code,internal_code,name,manufacturer_name,manufacture_country,manufacturer_item_description,unit_qty,quantity,unit_of_measure,weighted,qty_in_package,price,unit_of_measure_price,allow_discount,status,item_id
10124350,false,צלי כתף מס' 5 קפוא א,בלדי,,צלי כתף מס' 5 קפוא א,קילוגרמים,1.00,"ק""ג",true,,52.90,52.9000,true,1,115609
17008172,false,שריר הזרוע מוכשר,,,שריר הזרוע מוכשר,קילוגרמים,1.00,"ק""ג",true,,37.90,37.9000,true,1,216917
19237879,false,כבל הטענה 3 ב-1,,,כבל הטענה 3 ב-1,יחידה,0.00,יחידה,false,,24.90,0.0000,true,1,259618
19237898,false,כבל הטענה 3 מטר IPHO,,,כבל הטענה 3 מטר IPHO,יחידה,0.00,יחידה,false,,19.90,0.0000,true,1,263185
32123456,false,מטען,,,מטען,יחידה,0.00,יחידה,false,,27.90,0.0000,true,1,219272
32147230,false,"מיץ לימון משומר 200מ""ל(לימונית אקסטרא)",ג'נרל מילס סאן אדריא,CH,מיץ לימון משומר 200מ,יחידה,200.00,יחידה,false,,8.90,0.0445,true,1,116402
35489711,false,אוזניות,,,אוזניות,יחידה,0.00,יחידה,false,,19.90,0.0000,true,1,216958
35489714,false,אוזניות,,,אוזניות,יחידה,0.00,יחידה,false,,21.90,0.0000,true,1,219824
40052403,false,קיט קט 4 אצבעות שוקולד חלב,נסטלה Nestle,DE,קיט קט 4 אצבעות,גרמים,41.50,100 גרם,false,,3.70,0.0892,true,1,192266
40084107,false,ביצת שוקולד הפתעה קינדר,פרדי קונדטוריה אס פי,IT,ביצת קינדר,יחידה,0.00,יחידה,false,,5.90,0.0000,true,1,185764
40084725,false,סלייס עוגת ספוג במילוי קרם חלבי ק'נדר מילק 28 ג',פררו טורקיה צ'יקולטה,TR,קינדר מילק סלייס עוג,גרמים,28.00,100 גרם,false,,3.60,0.1286,true,1,218001
40099132,false,מסטיק הובה בובה Hubba Bubba בטעם תות,הובה בובה Hubba Bubba,DE,הובה בובה צ'אנק בטעם,יחידה,0.00,יחידה,false,,3.00,0.0000,true,1,139368
40099705,false,"מסטיק אורביט מנטה לל""ס 5יח'",ליימן מותגים,FR,מסטיק אורביט,גרמים,30.00,100 גרם,false,,2.00,0.0667,true,1,102010
40111216,false,באונטי חטיף קוקוס ושוקולד 57ג',"נארז ע""י : א.ג. גילר",NL,חטיף באונטי קוקוס,גרמים,57.00,100 גרם,false,,4.00,0.0702,false,1,98337
40345123,false,סמרטיז גליל סוכריות כפתורים 38 ג',נסטלה Nestle,DE,סמרטיס-נסטלה עדשים,גרמים,38.00,100 גרם,false,,3.70,0.0974,true,1,143272
42149996,false,בירה בקס בקבוק 275 מל,"איי, בי, אינבוו",DE,בירה בקס,יחידה,0.00,יחידה,false,,7.00,0.0000,true,1,189242
42154662,false,אורביט באריזת מעטפה ספירמינט מסטיק,ריגלי צרפת,FR,מסטיק אורביט בטעם ספ,גרמים,27.00,100 גרם,false,,5.70,0.2111,true,1,113024
42299363,false,"ניוואה - דאודורנט רול און לגבר פרש פאוור 50 מ""ל",ביירסדורף,DE,דאודורנט רול און ניו,מיליליטרים,50.00,"100 מ""ל",false,,16.90,0.3380,true,1,198840
50204830,false,אוטן פלוס תרסיס דוחה יתושים וחרקים,אוטן Autan,,קוטל חרקים אוטן תרסי,מיליליטרים,100.00,"100 מ""ל",false,,19.90,0.1990,true,1,107283
52010156,false,"אוזו 200 מ""ל",,,"אוזו 200 מ""ל",מיליליטרים,200.00,"100 מ""ל",false,,35.00,0.1750,true,1,218618
54051140,false,מעדן סויה טעם וניל אלפרו רביעיה * 125 ג',הנסיך- מפעל לייצור ט,BE,מעדן סויה וניל 1.9%,יחידה,0.00,יחידה,false,,17.50,0.0000,true,1,111756
54051157,false,מעדן סויה טעם שוקו אלפרו רביעיה 125 ג',קריות זול,BE,אלפרו מעדן סויה טעם,יחידה,0.00,יחידה,false,,17.50,0.0000,true,1,111764
59016441,false,"רקסונה - דאודורנט רול און לאישה פרוט ספין 50 מ""ל",רקסונה Rexona,GB,רקסונה דאודורנט רול,מיליליטרים,50.00,"100 מ""ל",false,,13.90,0.2780,true,1,213074
59039549,false,ווג פריזון מנטול חפיסה,Unknown,,ווג פריזון מנטה,יחידה,0.00,יחידה,false,,37.00,0.0000,false,1,128201
59068907,false,סיגריות פאל מאל כחול דמי סלימס,גלוברנס,,פאל מאל כחול דמי סלי,יחידה,0.00,יחידה,false,,25.00,0.0000,false,1,202613
59079774,false,"רקסונה - דאודורנט רול און לאישה אלוורה 50 מ""ל",רקסונה Rexona,GB,דאודורנט רקסונה רול-,מיליליטרים,50.00,"100 מ""ל",false,,13.90,0.2780,true,1,209545
59082637,false,"רקסונה - דאודורנט רולאון לגבר אקסטרא קול 50 מ""ל",יוניליוור פיליפינים,GB,דאודורנט רקסונה מן ר,מיליליטרים,50.00,"100 מ""ל",false,,13.90,0.2780,true,1,210656
59085645,false,דאב דאודורנט רול און בניחוח אסאי 50 מל,יוניליוור,GB,דאב דאודורנט רולאון,מיליליטרים,50.00,"100 מ""ל",false,,16.90,0.3380,false,1,219564
59455233,false,סיגריות ווג ליידי כח,Unknown,,ווג ליידי כחול,יחידה,0.00,יחידה,false,,37.00,0.0000,false,1,134358
72901073,false,מטען,,,מטען,יחידה,0.00,יחידה,false,,24.90,0.0000,true,1,216985
72901104,false,מטען,,,מטען,יחידה,0.00,יחידה,false,,24.90,0.0000,true,1,216986
72932104,false,מטען TYPE-C,,,מטען TYPE-C,יחידה,0.00,יחידה,false,,24.90,0.0000,true,1,261307
72940754,false,"מילקי מעדן וניל עם קצפת שטראוס 133 מ""ל","שטראוס גרופ בע""מ",IL,מילקי וניל 6.5%,מיליליטרים,170.00,"100 מ""ל",false,,2.80,0.0165,true,1,95477
72940761,false,"מילקי מעדן שוקולד עם קצפת שטראוס 133 מ""ל",מיוצר עי קונדיטוריית,IL,מילקי שוקו 7%,מיליליטרים,170.00,"100 מ""ל",false,,2.80,0.0165,true,1,95478
72940952,false,מעדן מילקי בטעם שוקולד עם אקסטרה קצפת,"שטראוס גרופ בע""מ",IL,מילקי פי 2 10%,מיליליטרים,170.00,"100 מ""ל",false,,3.70,0.0218,true,1,95479
72940976,false,סלט כרוב אדום אחלה 250 גרם,מיוצר עי קונדיטוריית,IL,כרוב אדום אחלה,גרמים,250.00,100 גרם,false,,7.60,0.0304,true,1,95480
72940983,false,סלט חומוס 250 גר אחל,אחלה - שטראוס,IL,חומוס אחלה 250,גרמים,250.00,100 גרם,false,,6.60,0.0264,true,1,95481
72941041,false,מעדן מילקי מיני בטעם שוקולד עם קצפת,"שטראוס גרופ בע""מ",IL,מילקי מיני שוקולד 7%,גרמים,70.00,100 גרם,false,,2.00,0.0286,true,1,95482
72945308,false,קוביות שמרים לאפיה שמרית 2*25 ג',"פאקא תעשיות בע""מ",IL,קוביות שמרים 50,גרמים,50.00,100 גרם,false,,3.70,0.0740,false,1,95483
72961209,false,**תנובה שמנת חמוצה 15% 200מל,תנובה מרכז שיתופי לש,IL,שמנית 200 גר תנובה,גרמים,200.00,100 גרם,false,,2.40,0.0120,false,1,134822
72961223,false,"גילה גדול 200 מ""ל",תנובה מרכז שיתופי לש,IL,גילה 3%,גרמים,206.00,100 גרם,false,,1.51,0.0073,false,1,121438
72961506,false,יוגורט עם תות 1.5% שומן 125 ג' פרילי,מיוצר עי קונדיטוריית,IL,פרילי תות 1.5%,מיליליטרים,125.00,"100 מ""ל",false,,3.60,0.0288,true,1,96858
72961520,false,"פרילי יוגורט עם אננס 1.5% תנובה 125 מ""ל",מיוצר עי קונדיטוריית,IL,פרילי אננס 1.5%,מיליליטרים,125.00,"100 מ""ל",false,,3.60,0.0288,true,1,96860
72961544,false,"באדי יוגורט בטעם תות שדה 3% תנובה 125 מ""ל",מחלבת אלון תבור,IL,"באדי תות 3% 125 מ""ל",מיליליטרים,125.00,"100 מ""ל",false,,3.00,0.0240,true,1,96861
72964132,false,פרילי טבע עם גרנולה 1.5% 200מל,מיוצר עי קונדיטוריית,IL,טבעגורט 1.9% 200 גרם,גרמים,200.00,100 גרם,false,,5.30,0.0265,true,1,96870
72964422,false,תנובה יוגורט פרחים 4.5% 200מל,מחלבת תנובה,IL,יוגורט תנובה 4.5%,גרמים,200.00,100 גרם,false,,2.90,0.0145,true,1,96871
72983997,false,קופסה גולף גולד ארוך בוקס,דובק,,סיגריות גולף גולד קו,יחידה,0.00,יחידה,false,,30.00,0.0000,false,1,101878
72984000,false,גולף סילבר 100 פ.ע חפיסה,דובק,,סיגריות גולף סילבר ק,יחידה,0.00,יחידה,false,,30.00,0.0000,false,1,101879
72986233,false,באדי מעדן וניל גביע 125גרם 2% בדצ,מחלבת אלון תבור,IL,באדי 2% מהדרין וניל,גרמים,125.00,100 גרם,false,,3.00,0.0240,true,1,96872
72986240,false,באדי מעדן שוקו גביע 125גרם 2% בדצ,מחלבת אלון תבור,IL,באדי 2% שוקולד,גרמים,125.00,100 גרם,false,,3.00,0.0240,true,1,96873
72986370,false,"גלידת בן & ג'ריס פיינטים וניל 500מ""ל",מוצרי איכות אמריקאים,IL,בן אנד ג'ריס גלידת ו,מיליליטרים,500.00,"100 מ""ל",false,,18.90,0.0378,false,1,102599
72986424,false,"גלידת בן & ג'ריס פיינטים קרם עוגיות 500מ""ל",מוצרי איכות אמריקאיי,IL,בן אנד ג'ריס לידת קר,מיליליטרים,500.00,"100 מ""ל",false,,18.90,0.0378,true,1,102600
72986448,false,"גלידת בן & ג'ריס פיינטים טופי קראנץ 500מ""ל",מוצרי איכות אמריקאיי,IL,בן אנד ג'ריס גלידת ט,מיליליטרים,500.00,"100 מ""ל",false,,18.90,0.0378,true,1,102601
72986455,false,"גלידה בן& ג'ריס ניו יורק סופר פאדג' צ'אנק 500 מ""ל",מוצרי איכות אמריקאיי,IL,בן אנד ג'ריס ניו יור,מיליליטרים,500.00,"100 מ""ל",false,,18.90,0.0378,true,1,102602
72986479,false,"גלידה שוקולד אגוז עם בננות בן וג'ירי 500 מ""ל",מוצרי איכות אמריקאיי,IL,בן וג'ריס צאנקי מנקי,מיליליטרים,500.00,"100 מ""ל",false,,18.90,0.0378,true,1,102603
72989425,false,"גלידת בן & ג'ריס פיינטים שוקולד בראוניז 500מ""ל",מוצרי איכות אמריקאיי,IL,גלידת בראוניס,יחידה,500.00,יחידה,false,,18.90,0.0378,true,1,115022
72991374,false,סיגריות טיים רד חפיס,דובק,,סיגריות טיים,יחידה,0.00,יחידה,false,,29.00,0.0000,false,1,101880
72991404,false,סיגריות אירופה חפיסה,דובק,,סיגריות אירופה,יחידה,0.00,יחידה,false,,29.00,0.0000,false,1,101883
72991497,false,קופסה נובלס ירוק כהה,קריות זול,,סיגריות נובלס,יחידה,0.00,יחידה,false,,29.00,0.0000,false,1,101890
72991886,false,"גלידת דולצ'ה בטעם ריבת חלב עם פאדג' בן וג'ירי 500 מ""ל",מוצרי איכות אמריקאיי,IL,בן וג'ריס ריבת חלב,מיליליטרים,500.00,"100 מ""ל",false,,18.90,0.0378,true,1,102604
72993637,false,מעדן חלב בטעם שוקולד 125 ג' דני,מחלבת אחיהוד,IL,דני שוקולד בודד 1.5%,מיליליטרים,125.00,"100 מ""ל",false,,2.60,0.0208,true,1,115215
72994061,false,חטיף פסק זמן GOOD גלילית לבן 40 גרם,שולן צ'יקולטה גידה ס,IL,פסק זמן טו גוד שוקול,גרמים,36.00,100 גרם,false,,5.00,0.1389,true,1,199089
76106071,false,"סיציליה- מיץ ליים משומר 200מ""ל",Sicilia סיציליה,CH,מיץ ליים משומר 200 מ,מיליליטרים,200.00,"100 מ""ל",false,,8.90,0.0445,true,1,210355
76136184,false,פאל מאל סופרסלימס כחול קופסה,Unknown,,פאל מאל סופרסלימס כח,יחידה,0.00,יחידה,false,,29.00,0.0000,false,1,95445
80001799,false,לואקר טורטינה שוקולד לבן,"כד בני דרום בע""מ",IT,טורטינה שוקולד לבן,גרמים,21.00,100 גרם,false,,3.90,0.1857,true,1,144273
80042556,false,POLPA עגבניות חתוכות דק 400 גרם MUTTI,"איי, בי, אינבוו",IT,MUTTI עגבניות חתוכות,יחידה,0.00,יחידה,false,,16.90,0.0000,true,1,147302
80042563,false,רסק עגבניות 700 ג' (צהוב) MUTTI,"איי, בי, אינבוו",IT,רסק עגבניות איטלקי M,גרמים,720.00,100 גרם,false,,11.90,0.0165,true,1,112562
80050025,false,סוכריות טיק טק בטעם תפוז,קריות זול,ZA,טיק טק תפוז,גרמים,16.00,100 גרם,false,,3.50,0.2188,false,1,102027
80050124,false,סוכריות טיק טק בטעם מנטה,קריות זול,ZA,טיק טק סוכריות,גרמים,16.00,100 גרם,false,,3.50,0.2188,false,1,102028
80050278,false,פררו רושר חטיף כדורים שלישיה 40ג',קריות זול,IT,חטיף רושר,יחידה,0.00,יחידה,false,,5.50,0.0000,true,1,102029
80052487,false,חטיף רפאלו שלישייה,רושר,PL,רפאלו חטיף,יחידה,0.00,יחידה,false,,3.60,0.0000,true,1,128052
80052760,false,קינדר בואנו Kinder Bueno עם חלב ואגוזי לוז,קריות זול,PL,חטיף קינדר בואנו 43,גרמים,43.00,100 גרם,false,,3.90,0.0907,true,1,102032
80052883,false,סוכריות מנטה חזק 16 ג' טיק טק,פררו,ZA,סוכריות טיק טק מנטה,יחידה,0.00,יחידה,false,,3.50,0.0000,true,1,217840
80136194,false,חטיפי הפי היפו Happy Hippo במילוי קרם חלבי ואגוזי לוז,קינדר Kinder,DE,הפי היפו וויט חמישיי,גרמים,103.50,100 גרם,false,,12.90,0.1246,true,1,200505
80176732,false,קינדר הפי היפו 28 יחידות,קריות זול,DE,הפי היפו,גרמים,35.00,100 גרם,false,,3.00,0.0857,true,1,118564
80176800,false,נוטלה ממרח שוקולד 750 גרם,פררו תעשיות איטליה ס,IT,ממרח נוטלה 750 גרם,גרמים,750.00,100 גרם,false,,25.90,0.0345,false,1,102033
80177173,false,ממרח אגוזי לוז עם קקאו,נוטלה Nutella,IT,ממרח נוטלה 350 גרם,גרמים,350.00,100 גרם,false,,13.90,0.0397,false,1,102034
80177609,false,אצבעות שוקולד קינדר Kinder ארבע יחידות,קריות זול,IT,אצבעות שוקולד קינדר,גרמים,50.00,100 גרם,false,,3.90,0.0780,false,1,102036
80177616,false,אצבעות שוקולד קינדר Kinder שמונה יחידות,קריות זול,IT,אצבעות שוקולד קינדר,גרמים,100.00,100 גרם,false,,7.90,0.0790,false,1,102037
80310167,false,קינדר שוקולד מקסי 126 גר,קינדר,,קינדר מקסי שישייה,יחידה,0.00,יחידה,false,,9.90,0.0000,true,1,209443
80310549,false,הפי היפו חטיף קינדר שוקולד לבן 20.5ג',קריות זול,DE,הפי היפו וויט בודד,גרמים,20.07,100 גרם,false,,3.00,0.1495,true,1,200506
80310891,false,ג'וי ביצת הפתעה קינדר 20 גרם,קריות זול,ZA,ביצת קינדר ג'וי,גרמים,20.00,100 גרם,false,,5.90,0.2950,true,1,102039
80761761,false,קינדר בואנו לבן בודד 39 גרם,ליימן שליסל,PL,חטיף קינדר בואנו לבן,גרמים,43.00,100 גרם,false,,3.90,0.0907,true,1,130275
80762362,false,מנטוס גומי לעיסה ללא סוכר בטעם מנטה-אקליפטוס,"אינסטנטה בע""מ",TR,מנטוס וויט אקליפטוס,גרמים,60.00,100 גרם,false,,9.90,0.1650,true,1,196319
80769545,false,מסטיק מנטוס פיור פרש בבקבוק בינוני בטעם לימון 60 ג',פרפטי ואן מלה הולנד,TR,מנטוס מסטיק בקבוק מע,גרמים,60.00,100 גרם,false,,9.90,0.1650,true,1,203286
80773429,false,מנטוס בקבוק מעוגל - מסטיק ללא סוכר בטעם תות 60 גרם,פרפטי ואן מלה הולנד,NL,מסטיק מנטוס תות,גרמים,60.00,100 גרם,false,,9.90,0.1650,true,1,201693
80773443,false,מנטוס בקבוק מעוגל - מסטיק ללא סוכר בטעם מנטה 60 גרם,פרפטי ואן מלה הולנד,NL,מנטוס מסטיק בקבוק מע,גרמים,60.00,100 גרם,false,,9.90,0.1650,true,1,197636
80776307,false,מסטיק מנטוס ביג בבקבוק מעוגל טעם פירות מנטה 90 ג',פרפטי ואן מלה הולנד,NL,מסטיק מנטוס ביג בקבו,גרמים,90.00,100 גרם,false,,15.90,0.1767,true,1,197751
80780595,false,מסטיק מנטוס ביג בבקבוק מעוגל טעם מנטה-עדינה 90 ג',פרפטי ואן מלה הולנד,TR,מסטיק מנטוס ביג בקבו,גרמים,90.00,100 גרם,false,,15.90,0.1767,true,1,197752
80790990,false,מסטיק מנטוס בבקבוק מעוגל בטעם פירות -מנטה 60 ג',פרפטי ואן מלה הולנד,NL,מנטוס מסטיק בקבוק מע,גרמים,60.00,100 גרם,false,,9.90,0.1650,true,1,197637
80794233,false,מסטיק מנטוס ביג בבקבוק מעוגל טעם מנטה 90 ג',פרפטי ואן מלה הולנד,NL,מסטיק מנטוס ביג בקבו,גרמים,90.00,100 גרם,false,,15.90,0.1767,true,1,197753
80831402,false,סוכריות מנטוס מנטה עדינה 30 יח' ללא סוכר CLEAN BREATH,פרפטי ואן מלה,NL,סוכריות מנטוס מנטה ע,גרמים,21.00,100 גרם,false,,5.90,0.2810,true,1,212035
80832560,false,סוכריות מנטוס פירות יער 21 ג' ללא סוכר CLEAN BREATH,פרפטי ואן מלה,TR,סוכריות מנטוס לריענו,גרמים,21.00,100 גרם,false,,5.90,0.2810,true,1,263027
80843184,false,מנטוס מסטיק פיור פרש בטעם ענבים 60גר,פרפטי ואן מלה הולנד,NL,מסטיק מנטוס ענבים בק,גרמים,60.00,100 גרם,false,,9.90,0.1650,true,1,219725
80854753,false,סוכריות מנטוס מנטה 30 יח' ללא סוכר CLEAN BREATH,פרפטי ואן מלה,TR,סוכריות מנטוס מנטה ל,גרמים,21.00,100 גרם,false,,5.90,0.2810,true,1,212036
80862130,false,"מנטוס מסטיק פיור פרש - אבטיח 28 גרם (14 יח') חת""ס",פרפטי ואן מלה ברדה,NL,מנטוס מסטיק פיור פרש,גרמים,28.00,100 גרם,false,,3.90,0.1393,true,1,216408
80864295,false,סוכריות פיור וויט טעם מנטה עדינה 60 ג' מנטוס,פרפטי ואן מלה הולנד,TR,מנטוס פיור וויט מנטה,גרמים,60.00,100 גרם,false,,9.90,0.1650,true,1,259586
80896081,false,מנטוס בקבוק מעוגל - מסטיק ללא סוכר בטעם אבטיח 60 גרם,פרפטי ואן מלה הולנד,NL,מסטיק מנטוס אבטיח,יחידה,0.00,יחידה,false,,9.90,0.0000,true,1,201632
80913467,false,מנטוס בקבוק מעוגל - מסטיק ללא סוכר בטעם מנטה,פרפטי ואן מלה הולנד,NL,מנטוס מסטיק בקבוק מע,גרמים,60.00,100 גרם,false,,9.90,0.1650,true,1,197638
80936459,false,שלישיית ביצי שוקולד(,,IT,שלישיית ביצי שוקולד,יחידה,0.00,יחידה,false,,12.90,0.0000,true,1,261452
80936848,false,סוכריות טיק טק תות שדה 24 יח',ליימן-שליסל,ZA,טיק טק תות שדה,יחידה,0.00,יחידה,false,,3.50,0.0000,false,1,147145
80945468,false,סוכריות פיור וויט טעם מנטה מתוקה 60 ג' מנטוס,פרפטי ואן מלה הולנד,TR,מנטוס פיור וויט מנטה,גרמים,60.00,100 גרם,false,,9.90,0.1650,true,1,259587
80954521,false,"מנטוס מסטיק פיור פרש - תות 28 גרם (14 יח') חת""ס",פרפטי ואן מלה ברדה,NL,מנטוס מסטיק פיור פרש,גרמים,28.00,100 גרם,false,,3.90,0.1393,true,1,216409
80974215,false,מסטיק מנטוס פיור פרש בבקבוק ביג בטעם תות 90ג',פרפטי ואן מלה הולנד,NL,מסטיק מנטוס ביג תות,יחידה,0.00,יחידה,false,,15.90,0.0000,true,1,204505
80979128,false,מנטוס מסטיק בקבוק מעוגל בטעם דובדבן,פרפטי ואן מלה הולנד,TR,מסטיק דובדבן בקבוק מ,גרמים,60.00,100 גרם,false,,9.90,0.1650,true,1,219726
80982470,false,מסטיק מנטוס פיור פרוסט בטעם מנטה חזק 60 גר',פרפטי ואן מלה ברדה,NL,מנטוס מסטיק פיור פרו,גרמים,60.00,100 גרם,false,,9.90,0.1650,true,1,217885
80986348,false,סוכריות פיור וויט טעם מנטה 60 ג' מנטוס,פרפטי ואן מלה הולנד,TR,מנטוס פיור וויט מנטה,גרמים,60.00,100 גרם,false,,9.90,0.1650,true,1,259588
80995128,false,מנטוס - מסטיק בטעם הדרים בתוספת ויטמינים 60 גרם,פרפטי ואן מלה הולנד,TR,מנטוס מסטיק בטעם הדר,גרמים,60.00,100 גרם,false,,9.90,0.1650,true,1,264315
87108019,false,סוכריות מנטוס מנטה ב,פרפטי ואן מלה,NL,מנטוס מנטה גליל,גרמים,37.50,100 גרם,false,,2.90,0.0773,true,1,211705
87108538,false,סוכריות בטעם תות מנטוס 37.5 גרם,הדקלאים אגודת שיתופי,NL,מנטוס תות,גרמים,37.50,100 גרם,false,,2.90,0.0773,true,1,113703
87108651,false,סוכריות בטעם מנטה מנטוס 4*37.5 גרם,הדקלאים אגודת שיתופי,NL,מנטוס מנטה רביעי,יחידה,0.00,יחידה,false,,10.90,0.0000,false,1,102047
87108712,false,סוכריות בטעם פירות מנטוס 4*37.5 גרם,פרפטי ואן מלה ברדה,NL,מנטוס פירות רביע,גרמים,150.00,100 גרם,false,,10.90,0.0727,true,1,102048
87311396,false,מנטוס ריינבאוו סוכריות לעיסה בטעמי פירות,פרפטי ואן מלה,NL,מנטוס ריינבואו בודד,גרמים,37.50,100 גרם,false,,2.90,0.0773,true,1,139193
87342802,false,"אקס דאודורנט רול און גולד 50 מ""ל",יוניליוור,GB,אקס רול און גולד 50,מיליליטרים,50.00,"100 מ""ל",false,,14.90,0.2980,true,1,211746
87354041,false,סוכריות מנטוס גליל בטעם דובדבן,פרפטי ואן מלה,NL,מנטוס גליל דובדבן,גרמים,37.50,100 גרם,false,,2.90,0.0773,true,1,218362
88888100,true,אינטרנט,,,אינטרנט,,0.00,,false,,0.00,0.0000,true,1,263882
90034107,false,"בירה שטיגל גולדברו 500 מ""ל",מבשלת שטיגל,AT,בירה שטיגל גולדברו,מיליליטרים,500.00,"100 מ""ל",false,,9.90,0.0198,true,1,193538
90162602,false,רד בול משקה אנרגיה פקדון 30 אג,רד בול ג'י.אם.בי. אץ,IL,רד בול משקה,יחידה,0.00,יחידה,false,,5.90,0.0000,true,1,98344
90162800,false,רד בול משקה אנרגיה ללא סוכר פקדון 30 אג,רד בול ג'י.אם.בי. אץ,AT,רד בול ללא סוכר,מיליליטרים,250.00,"100 מ""ל",false,,5.90,0.0236,true,1,190662
90446269,false,"משקה רד בול אבטיח מוגז פחית 250 מ""ל",ראון פרוכטסאפה,AT,רד בול אבטיח,מיליליטרים,250.00,"100 מ""ל",false,,5.90,0.0236,true,1,218760
90448867,false,"משקה אנרגיה רד בול ללא פחמימות 250 מ""ל",רד בול,AT,רד בול ללא פחמימות 2,מיליליטרים,250.00,"100 מ""ל",false,,5.90,0.0236,true,1,262294
90453427,false,"משקה אנרגיה רד בול פיטאיה 250 מ""ל",רד בול,AT,רד בול פיטאיה משקה א,מיליליטרים,250.00,"100 מ""ל",false,,5.90,0.0236,true,1,262295
96137130,false,"דאודורנט דאב רול און אגס ואלוורה 150 מ""ל",יוניליוור פיליפינים,GB,דאודורנט רול און דאב,מיליליטרים,50.00,"100 מ""ל",false,,16.90,0.3380,true,1,204303
96147610,false,"דאב - דאודורנט רול און לגבר אלומניום אפרסק 50 מ""ל",יוניליוור,GB,דאב רול און אפרסק 0%,מיליליטרים,50.00,"100 מ""ל",false,,14.90,0.2980,true,1,211995
4715020755,false,קישוטי עוגה פרינסס,,,קישוטי עוגה פרינסס,גרמים,75.00,100 גרם,false,,12.90,0.1720,true,1,121212
8421362134,false,בובת עיניים גדולות ק,,,בובת עיניים גדולות ק,יחידה,0.00,יחידה,false,,24.90,0.0000,true,1,207746
8421368433,false,בובת עיניים גדולות ג,,,בובת עיניים גדולות ג,יחידה,0.00,יחידה,false,,24.90,0.0000,true,1,207747
8421368457,false,בובת עיניים גדולות ק,,,בובת עיניים גדולות ק,יחידה,0.00,יחידה,false,,24.90,0.0000,true,1,207742
9073102314,false,"סורבט שרונס קוקוס 500 מ""ל",מוצרי איכות אמריקאיי,IL,סורבה שרונס קוקוס,יחידה,385.00,יחידה,false,,18.90,0.0491,true,1,147321
9800800056,false,חטיף שוקולד עם מקלות לחם אנד גו,נוטלה Nutella,DE,נוטלה GO,גרמים,52.00,100 גרם,false,,5.50,0.1058,true,1,194624
9915000039,false,פסטה מקמח תירס ב,,,פסטה מקמח תירס ב,יחידה,0.00,יחידה,false,,12.90,0.0000,true,1,195050
10214560646,false,שמן טיק,יעקובי,,שמן טיק,יחידה,0.00,יחידה,false,,44.90,0.0000,true,1,135051
10900145015,false,L דיימונד שקיות אשפה חזקות במיוחד 10 יח,דיימונד,ZA,שקיות אשפה חזרות במי,יחידה,0.00,יחידה,false,,16.90,0.0000,true,1,261743
10900678148,false,דיאמונד רדיד אלומיניום נון סטיק,דיימונד,CN,דיאמונד רדיד אלומיני,יחידה,0.00,יחידה,false,,15.90,0.0000,true,1,260745
11182170603,false,שעועית גדולה חמאה 43,הנובר פודס,US,שעועית חמאה,גרמים,439.00,100 גרם,false,,12.50,0.0285,true,1,193677
11182700916,false,קינג קול שעועית לבנה צפונית 439 גרם,הנובר פודס,US,שעועית לבנה צפונית,גרמים,439.00,100 גרם,false,,9.90,0.0226,true,1,135111
11182700954,false,קינג קול שעועית שחורה 439 גרם,הנובר פודס,,שעועית שחורה 439 גר',גרמים,454.00,100 גרם,false,,9.90,0.0218,true,1,127360
11210000094,false,"רוטב ""טבסקו"" על בסיס פלפל אדום 60 מ""ל",מקאילהייני אייבורי,US,TABASCO טבסקו רוטב פ,מיליליטרים,60.00,"100 מ""ל",false,,11.00,0.1833,true,1,98275
11210002500,false,"רוטב טבסקו בפאלו 150 מ""ל","ניצן מותגי מזון בע""מ",US,טבסקו באפלו 150מל,מיליליטרים,150.00,"100 מ""ל",false,,21.90,0.1460,true,1,141643
11210006508,false,רוטב פלפל הבנרו חריף טבסקו 60 מל,מקאילהייני Mc.Ilhenn,US,רוטב טבסקו הבאנר,יחידה,60.00,יחידה,false,,14.90,0.2483,true,1,111803
11210007253,false,"רוטב ""טבסקו"" על בסיס פלפל אדום ושום 60 מ""ל",מקאילהייני אייבורי,US,TABASCO רוטב טבסקו ש,מיליליטרים,60.00,"100 מ""ל",false,,11.00,0.1833,true,1,111054
11210009387,false,"רוטב פלפל ירוק טבסקו 60 מ""ל",מקאילהייני אייבורי,US,TABASCO רוטב טבסקו פ,יחידה,60.00,יחידה,false,,11.00,0.1833,true,1,100282
11210618503,false,"רוטב טבסקו על בסיס פלפל סקורפיון 60מ""ל",מק. אילהיני קו,,טבסקו פלפל סקורפיון,מיליליטרים,60.00,"100 מ""ל",false,,13.90,0.2317,true,1,212151
11210698055,false,רוטב טבסקו סרירציה 566 גרם,מקאילהייני קו,US,טבסקו סיראגה חריף 56,מיליליטרים,566.00,"100 מ""ל",false,,25.90,0.0458,true,1,199759
12300119139,false,ווינסטון כחול בוקס עשירייה,Unknown,,פקט וינסטון כחול בוק,יחידה,0.00,יחידה,false,,310.00,0.0000,false,1,110997
13409341155,false,רוטב ברביקיו דבש 510 גר סוויט בייבי רייס,סוויט בייבי רייז שיק,US,רוטב ברביקיו בטעם מע,גרמים,510.00,100 גרם,false,,21.90,0.0429,true,1,166214
13409351000,false,רוטב ברביקיו סוויט ב,סוויט בייבי רייז שיק,US,רוטב ברביקיו בטעם מע,גרמים,510.00,100 גרם,false,,21.90,0.0429,true,1,166215
13409515198,false,רוטב ברביקיו ציפוטלה 510 גרם,סוויט בייבי רייז שיק,US,רוטב ברביקיו דבש ופל,גרמים,510.00,100 גרם,false,,21.90,0.0429,true,1,196480
13409918104,false,רוטב ברביקיו אורגינל סוויט בייבי ריי 510 גר',סוויט בייבי רייז שיק,US,רוטב ברביקיו בטעם מע,גרמים,510.00,100 גרם,false,,21.90,0.0429,true,1,166216
13628609388,false,חומץ בלסמי מובחר 500מל,MONARI FEDERZONI,IT,חומץ בלסמי מובחר כשר,יחידה,500.00,יחידה,false,,25.90,0.0518,true,1,138643
16000185517,false,דגני בוקר פייבר וואן עתירי סובין FIBRE1,בטר אנד דיפרנט,US,פייבר וואן 555 גר,גרמים,555.00,100 גרם,false,,26.90,0.0485,false,1,260359
16000281684,false,חטיפי גרנולה קראנצ'י עם פקאן נייצ'ר ואלי 5*42 גרם,ליימן מותגים,US,שיבולת שועל פקאן 10x,גרמים,210.00,100 גרם,false,,19.00,0.0905,false,1,115882
16000423534,false,חטיפי גרנולה קראנצ'י עם שיבולת שועל ושוקולד מריר נייצ'ר ואלי 5*42 גרם,ג'נרל מילס סאן אדריא,ES,שיבולת שועל קינמון 1,גרמים,210.00,100 גרם,false,,19.00,0.0905,false,1,128878
16000548404,false,חטיפי גרנולה קראנצ'י עם שיבולת שועל ודבש נייצ'ר ואלי 5*42 גרם,ג'נרל מילס סאן אדריא,ES,שיבולת שועל בדבש ניי,גרמים,210.00,100 גרם,false,,19.00,0.0905,false,1,102057
16000548503,false,חטיפי גרנולה קראנצ'י עם מייפל וסוכר חום נייצ'ר ואלי 5*42 גרם,ג'נרל מילס סאן אדריא,ES,שיבולת שועל נייצ'ר ו,גרמים,210.00,100 גרם,false,,19.00,0.0905,false,1,102059
16000548602,false,חטיפי גרנולה קראנצ'י קינמון נייצ'ר ואלי 5*24 גרם,ג'נרל מילס סאן אדריא,ES,שיבולת שועל קינמון 1,גרמים,210.00,100 גרם,false,,19.00,0.0905,false,1,102061
16000548909,false,חטיפי גרנולה קראנצ'י במגוון טעמים נייצ'ר ואלי 5*42 גרם,ג'נרל מילס סאן אדריא,ES,שיבולת שועל חמאת בוט,גרמים,210.00,100 גרם,false,,19.00,0.0905,false,1,102063
16229909819,false,קרם קוקוס 1 ליטר AROY-D,תאי וורלד,,קרם קוקוס 1 ליטר,ליטרים,1.00,ליטר,false,,21.90,21.9000,true,1,206284
16229924263,false,קרם קוקוס 100% ארוי,ויט ורלד קומפני,,"קרם קוקוס 250 מ""ל",מיליליטרים,250.00,"100 מ""ל",false,,9.50,0.0380,true,1,200884
16500980322,false,צמר פלדה עם חומר פעיל אס או אס 10 יחידות,אסאואס,,כרית פלדה אס או א,יחידה,0.00,יחידה,false,,14.90,0.0000,true,1,94704
18000701223,false,"פילסברי, עוגה בטעם שוקולד, תערובת להכנת עוגה בטעם שוקולד. 500 גרם",הדקלאים אגודת שיתופי,IL,תערובת לעוגת שוק,גרמים,550.00,100 גרם,false,,17.90,0.0325,true,1,102066
18000703494,false,"פילסברי, עוגה בטעם וניל, תערובת להכנת עוגה בטעם וניל. 500 גרם.",הדקלאים אגודת שיתופי,IL,תערובת לעוגה וני,גרמים,500.00,100 גרם,false,,17.90,0.0358,true,1,102067
18000703517,false,"פילסברי, עוגה בטעם שוקולד וניל, תערובת להכנת עוגה בטעם וניל. 550 גרם.",הדקלאים אגודת שיתופי,IL,תערובת לעוגת שיש,גרמים,550.00,100 גרם,false,,17.90,0.0325,true,1,102068
18000766413,false,"פילסברי, עוגה בטעם שוקולד, תערובת להכנת עוגה בטעם שוקולד. 550 גרם.",הדקלאים אגודת שיתופי,IL,תערובת בראוניס,גרמים,550.00,100 גרם,false,,17.90,0.0325,true,1,102069
21200013393,false,"דבק דו צדדי רוחב 2.5 ס""מ",3m,,גליל דבק דו צדדי ספו,יחידה,0.00,יחידה,false,,29.90,0.0000,true,1,189938
21200513152,false,"שלישיית ספוגי קרצוף עדינים ""סקוטש ברייט""",M3,CA,ספוג קרצוף שלישיה,יחידה,0.00,יחידה,false,,15.90,0.0000,true,1,128223
21200572357,false,שלישיית ספוגי קרצוף לניקוי חזק (ירוקים),M3,CA,שלישיית ספוגי קרצוף,יחידה,0.00,יחידה,false,,15.90,0.0000,true,1,121189
22200956932,false,דאודורנט ספיד סטיק גל 24/7 כחול 85 גר,הנסיך- מפעל לייצור ט,US,ספיד סטיק כחול ג'ל,גרמים,51.00,100 גרם,false,,19.90,0.3902,true,1,96131
22224200837,false,וולבי ליקריץ שחור בסגנון אוסטרלי 114 גרם,קניס קנדי,,ליקריץ שחור אוסטרלי,גרמים,114.00,100 גרם,false,,11.90,0.1044,true,1,193852
24463061095,false,רוטב פלפל צ'ילי חריף לחיץ 435 ג' סריראצה,הוי פונג פודס,,סריראצ'ה רוטב פלפל צ,יחידה,482.00,יחידה,false,,27.90,0.0579,true,1,127016
25675120006,false,חמצוצים 4 צבעים טעמים טבעי 100 גרם,חמצוצים,NL,חמצוצים 4 טעמים טבעי,גרמים,100.00,100 גרם,false,,9.90,0.0990,true,1,135922
25675120020,false,סאוור סטיקס Sour Sticks בטעם אוכמניות,פשקס קנדי,NL,מקלות חמוצים 100גר,גרמים,100.00,100 גרם,false,,8.90,0.0890,true,1,104373
25675120044,false,פשקז חמצוצים בטעם תפוח 100 גרם,פשקז Paskesz,NL,מקלות חמוצים,גרמים,100.00,100 גרם,false,,8.90,0.0890,true,1,104375
25675120068,false,פשקז חמצוצים בטעם קולה 100 גרם,פשקז Paskesz,NL,מקלות חמוצים,גרמים,100.00,100 גרם,false,,8.90,0.0890,true,1,104376
25675121034,false,חמצוצים רחבים תות 115 גר,חמצוצים,NL,חמצוצים רחב תות,גרמים,115.00,100 גרם,false,,9.90,0.0861,true,1,124156
25675121041,false,סאוור בלטס Sour Belts בטעם אוכמניות,פשקז Paskesz,NL,חמצוצים רחב פטל,גרמים,115.00,100 גרם,false,,9.90,0.0861,true,1,124157
25675301108,false,מקלות חמוצים חמצוצים תות 50 גרם,פאסין,NL,מקלות חמוצים,גרמים,50.00,100 גרם,false,,4.90,0.0980,true,1,104378
25700005650,false,שקיות הקפאה גדולות- 14 יח' זיפלוק,אס.סי.גונסון ובניו,US,זיפלוק שקיות הקפאה ג,יחידה,0.00,יחידה,false,,13.90,0.0000,true,1,215154
25700005674,false,שקיות אחסון סליידר גדולות- 15 יח' זיפלוק,,US,זיפלוק שקיות אחסון ס,יחידה,0.00,יחידה,false,,16.90,0.0000,true,1,215155
25700005681,false,שקיות אחסון סליידר בינוניות -20 יח' זיפלוק,אס.סי גונוסון,US,זיפלוק שקיות אחסון ס,יחידה,0.00,יחידה,false,,16.90,0.0000,true,1,215156
25700005698,false,שקיות אחסון בינוניות- 24 יח' זיפלוק,אס.סי.גונסון ובניו,US,זיפלוק שקיות אחסון ב,יחידה,0.00,יחידה,false,,13.90,0.0000,true,1,215151
29424000687,false,גלילי וופל אגוז 100 גר' מנעמים,מנעמים,,גלילי וופל אגוז 100,גרמים,100.00,100 גרם,false,,4.00,0.0400,true,1,134969
29801025203,false,עוגיות חמאה קריספי - ב. באטרס 200 גר,HAMLET NV,,בלגיאן באטר וופלס,גרמים,200.00,100 גרם,false,,14.90,0.0745,true,1,123910
30000315958,false,קוואקר פרוטאין בננה אגוזים 366 גרם,קוואקר אוטס קומפני,US,קוואקר פרוטאין בננה,גרמים,366.00,100 גרם,false,,23.90,0.0653,true,1,207350
30000315989,false,קוואקר פרוטאין חמוציות ושקדים 372 גר,קוואקר אוטס קומפני,US,קוואקר פרוטאין חמוצי,גרמים,372.00,100 גרם,false,,23.90,0.0642,true,1,207351
31200001597,false,חמוציות אושן ספריי קליית גת בשקית 170 גרם,אושן ספריי,US,חמוציות מיובשות,גרמים,170.00,100 גרם,false,,11.50,0.0676,true,1,162680
33200140702,false,פרש אנד סופט דפים למייבש כביסה 100 יח' ניחוח מרענן,פרש אנד סופט Frash'n soft,US,דפים למייבש כביסה,יחידה,0.00,יחידה,false,,26.90,0.0000,true,1,127318
33200147701,false,פרש&סופט דפים למייבש בניחוח טרופי 100 יח,פרש אנד סופט Frash'n soft,US,דפים למייבש כביסה,יחידה,0.00,יחידה,false,,26.90,0.0000,true,1,94740
33617322616,false,קרקר ואזה 203-275 גרם מקמח שיפון,כלורוקס אוקלנד,SE,ואזה-פת פריכה קלה מק,גרמים,270.00,100 גרם,false,,16.90,0.0626,true,1,138632
33617340610,false,קרקר ואזה 203-275 גרם מקמח שיפון 275,כלורוקס אוקלנד,SE,ואזה מקמח שיפון,גרמים,275.00,100 גרם,false,,16.90,0.0615,true,1,137735
34000148301,false,הרשי נטיפי שוקולד מריר לאפייה 340 גר,ליימן מותגים,,הרשי נטיפי שוקולד מר,גרמים,340.00,100 גרם,false,,17.90,0.0526,true,1,197865
34000196173,false,הרשי טבלה XL בטעם שוקולד לבן עם שברי עוגיות 113 גרם,ליימן מותגים,US,הרשי קוקיס קרם טבלה,גרמים,113.00,100 גרם,false,,7.90,0.0699,true,1,188167
34000312177,false,הרשי סירופ בטעם שוקולד 680 גרם,ליימן מותגים,US,סירופ הרשי שוקולד,יחידה,680.00,יחידה,false,,17.90,0.0263,true,1,145554
34000442652,false,ריזס טבלה בטעם שוקולד ממולאת קרם בוטנים 120 גרם,ליימן מותגים,US,ריזס טבלה XL,גרמים,120.00,100 גרם,false,,7.90,0.0658,true,1,188168
34000446001,false,ריזס מיניאטורס- חטיף שוקולד במילוי חמאת בוטנים 150 גרם,ליימן מותגים,,ריזס מיניס עטופים,יחידה,0.00,יחידה,false,,9.40,0.0000,true,1,145469
34000470228,false,ריזס מיניס חטיף שוקולד במילוי חמאת בוטנים 70 גרם,הרשי,US,סוכריות ריזס מיני הר,גרמים,70.00,100 גרם,false,,5.90,0.0843,true,1,145224
34000470563,false,מארז שוקולד ריסז מיניס 215 גרם,ליימן מותגים,US,ריסז מיניס באריזה מש,גרמים,215.00,100 גרם,false,,17.90,0.0833,true,1,208350
34000544028,false,סוכריות ארוכות בטעם תות טוויזלרס Twizzlers,ליימן מותגים,US,לקריץ תות שדה,גרמים,198.00,100 גרם,false,,7.20,0.0364,true,1,94741
34000544431,false,ממתקי הרשיז טוויזלרס טעם דובדבן 172 גרם,ליימן מותגים,US,טוויזלרס דובדבן 172,גרמים,172.00,100 גרם,false,,7.90,0.0459,true,1,214044
34000996643,false,מארז שוקולד הרשי דרופס 215 גרם,ליימן מותגים,US,הרשי דרופס באריזה מש,גרמים,215.00,100 גרם,false,,17.90,0.0833,true,1,208351
36000516876,false,ממחטות נייר קלינקס לושן 3 שכבות 75 דף,חוגלה קימברלי,US,קלינקס לושן 75 3 שכב,יחידה,0.00,יחידה,false,,10.90,0.0000,true,1,210323
36000516890,false,ממחטות קלינקס לושן 3 שכבות 120 דף,קימברלי,US,קלינקס לושן 120 3 שכ,יחידה,0.00,יחידה,false,,15.90,0.0000,true,1,210345
37290016565,false,חסה משי,,,חסה משי,יחידה,0.00,יחידה,false,,11.50,0.0000,true,1,213718
37600207188,false,חמאת בוטנים סקיפי קלאסי 462 גרם,חברת המזון אלגוד,US,חמאת בוטנים סקיפי קל,גרמים,462.00,100 גרם,false,,18.90,0.0409,false,1,149286
37600207256,false,חמאת בוטנים סקיפי עם שברי בוטנים 462 גרם,חברת המזון אלגוד,US,סקיפי שברי בוטנים,גרמים,462.00,100 גרם,false,,18.90,0.0409,false,1,149287
37600297967,false,מטבל סלסה בחריפות עדינה ציי צי 439 גר,hormel foods,US,סלסה מטבל עגבניות בח,גרמים,439.00,100 גרם,false,,19.90,0.0453,true,1,264322
37977050059,false,מוצץ לתינוק ללא ביספנול 0-2 מאם 2 יחידות,General,,מוצצים 0-2 סיליקון ב,יחידה,0.00,יחידה,false,,34.90,0.0000,true,1,187771
38000138638,false,חטיף צ'יפס פרינגלס פיצה 158 גרם,פרינגלס מנופקצורינג,US,פרינגלס פיצה 158 גר,גרמים,158.00,100 גרם,false,,8.90,0.0563,false,1,196734
38000138720,false,חטיף צ'יפס פרינגלס ראנץ 158 גרם,פרינגלס מניופקצ'ורינ,US,פרינגלס ראנץ',גרמים,158.00,100 גרם,false,,8.90,0.0563,false,1,203171
38000183928,false,פרינגלס חרדל ודבש 158 גרם,פרינגלס מניופקצ'ורינ,US,פרינגלס דבש וחרדל 15,גרמים,158.00,100 גרם,false,,8.90,0.0563,false,1,217394
38000197840,false,פרינגלס גלי בטעם חריף מתוק 137 ג',פרינגלס מניופקצ'ורינ,US,פרינגלס גלי בטעם חרי,גרמים,137.00,100 גרם,false,,8.90,0.0650,false,1,215038
38000202278,false,חטיף צ'יפס גלי בטעם אורגינל מלוח,פרינגלס מניופקצ'ורינ,US,פרינגלס גלי בטעם אור,גרמים,130.00,100 גרם,false,,8.90,0.0685,false,1,215039
38000232152,false,פרינגלס חטיפי תפוח אדמה בטעם ברביקיו 158 גרם,פרינגלס מניופקצ'ורינ,US,פרינגלס ביג ברביקיו,גרמים,158.00,100 גרם,false,,8.90,0.0563,false,1,211099
38000232176,false,פרינגלס ביג שמנת בצל 158 גרם,פרינגלס מניופקצ'ורינ,US,פרינגלס ביג שמנת בצל,גרמים,158.00,100 גרם,false,,8.90,0.0563,false,1,211097
38000232183,false,פרינגלס ביג אורגינל 149 גרם,פרינגלס מניופקצ'ורינ,US,פרינגלס ביג אורגינל,גרמים,149.00,100 גרם,false,,8.90,0.0597,false,1,211098
38527591053,false,קואקר דגנים מרובעים שיבולת שועל וקינמון,BEVERAGES FOODS & SE,US,דגני בוקר קואקר מרוב,גרמים,453.00,100 גרם,false,,19.90,0.0439,false,1,136042
38527591060,false,דגני קוואקר מרובעים Quaker Squares עם סוכר חום,BEVERAGES FOODS & SE,US,דגני בוקר מרובעים 41,גרמים,412.00,100 גרם,false,,19.90,0.0483,false,1,136414
38900779238,false,מיץ אננס דול רביעיות 4*250 מל,דול פיליפינים אינק,,מיץ אננס רביעייה דול,ליטרים,1.00,ליטר,false,,15.90,15.9000,true,1,122413
39000008204,false,אורטגה תיבול לטאקו 3,בי אנד ג'י,,אורטגה תבלין לטאקו,גרמים,35.00,100 גרם,false,,9.90,0.2829,true,1,194628
39000010351,false,פלפל חלפיניו בצנצנת אורטגה 340 גרם,בי אנד ג'י,,אורטגה-פלפלים חריפים,גרמים,354.00,100 גרם,false,,16.90,0.0477,true,1,186961
40000512943,false,סוכריות אם אנד אמס M&M שוקולד חלב,M&M אם אנד אם,US,סוכריות אם אנד אם 30,גרמים,303.00,100 גרם,false,,19.90,0.0657,true,1,202509
40000513568,false,סוכריות אם אנד אמס M&M שוקולד חלב,M&M אם אנד אם,US,סוכריות אם אנד אם 15,גרמים,155.90,100 גרם,false,,11.90,0.0763,true,1,197842
40000513629,false,M&M's חמאת בוטנים אריזה גדולה 152 גרם,מארס,US,סוכריות אם אנד אם 14,גרמים,141.70,100 גרם,false,,11.90,0.0840,true,1,197844
40000514480,false,M&M אריזה קטנה's שוקולד אריזה קטנה 48 גרם,M&M אם אנד אם,US,סוכריות אם אנד אם 48,גרמים,48.00,100 גרם,false,,4.90,0.1021,true,1,195028
40000514510,false,M&M אריזה קטנה's בוטנים אריזה קטנה 49 גרם,M&M אם אנד אם,US,סוכריות אם אנד אם פי,גרמים,49.00,100 גרם,false,,4.90,0.1000,true,1,193866
41143028681,false,צימוקים בקופסא סאן מייד 400 גר',,US,צימוקים בקופסא,גרמים,400.00,100 גרם,false,,21.90,0.0547,true,1,213941
41143072004,false,תאנים מוזהבות 170 גר SUN MAID,,US,תאנים מוזהבות מיובשו,גרמים,170.00,100 גרם,false,,25.90,0.1524,true,1,213942
41143299081,false,שזיפים מגולענים סאן מייד 198 ג',,US,שזיפים מגולענים,גרמים,198.00,100 גרם,false,,17.90,0.0904,true,1,213947
41390000058,false,"רוטב טריאקי קיקומן 296 מ""ל",קיקומן פודז אינק,US,רוטב טריאקי,יחידה,296.00,יחידה,false,,13.90,0.0470,true,1,98354
41390001079,false,"רוטב סויה קיקומן מופחת נתרן 444 מ""ל",קיקומן פודז אינק,US,רוטב סויה דל נתרן 44,מיליליטרים,444.00,"100 מ""ל",false,,19.90,0.0448,true,1,150360
41390001451,false,רוטב סויה קיקומן 1.2 קילו,קיקומן פודז אינק,US,רוטב סויה קיקומן 1.2,ליטרים,1.20,ליטר,false,,39.90,33.2500,true,1,100545
41390010309,false,"רוטב טריאקי קיקומן 444 מ""ל",קיקומן פודז אינק,US,"רוטב טריאקי 444 מ""ל",מיליליטרים,444.00,"100 מ""ל",false,,19.90,0.0448,true,1,150419
41500007007,false,חרדל צהוב פרנצס קלאסי לחיץ 226 גרם,פרנצ'ס,US,חרדל פרנצ'ס טבעי,גרמים,226.00,100 גרם,false,,11.50,0.0509,true,1,112848
41740000806,false,"גולד בורשט 710 מ""ל Borscht",גולד פיור פוד,US,GOLDS בורשט,יחידה,710.00,יחידה,false,,19.90,0.0280,true,1,121373
42400108153,false,דגני בוקר צבעוניים בטעם פירות טוטי פרוטיס,פוסט ארצות הברית,US,דגני תותי פרוטי פוסט,גרמים,354.00,100 גרם,false,,21.90,0.0619,true,1,215943
44600002217,false,"נוזל לפתיחת סתימות 946 מ""ל",ליקוויד פלמר,,כלורקס משחרר סתי,יחידה,946.00,יחידה,false,,27.90,0.0295,true,1,94744
44600300580,false,כלורוקס קלין אפ פרש נוזל לניקוי רב תכלית,כלורוקס אוקלנד,US,מרסס קלין אפ פרש 946,מיליליטרים,946.00,"100 מ""ל",false,,25.90,0.0274,true,1,217659
46214372250,false,"עוגיות שטרודל פריכות תפו""ע וצימוקים",מרבה Merba,NL,עוגיות שטרודל פר,גרמים,225.00,100 גרם,false,,8.90,0.0396,true,1,111743
46214382259,false,עוגיות בראוניס שוקולד 225 ג',בנקטבקריי מרבה בי.וי,NL,עוגיות בראוניס,גרמים,225.00,100 גרם,false,,8.90,0.0396,true,1,107295
46214731552,false,עוגיות שוקולד ציפס מובחרות 225 ג',קריניציה ויטמינה אס,NL,עוגיות שוקולד צ'יפס,גרמים,225.00,100 גרם,false,,8.90,0.0396,true,1,107296
48256214758,false,מסיר כתמים קשים לכביסה לבנה וצבעונית,יעקבי- אסטוניש Astonish,GB,אסטוניש אבקת הפל,קילוגרמים,1.00,"ק""ג",false,,25.90,25.9000,true,1,103316
50000015474,false,מזון חתולים יבש מעדני הים 3.15 פאונד,פריסקיז,US,פריקסקיז פירות ים,קילוגרמים,1.40,"ק""ג",false,,37.90,27.0714,true,1,216933
50000084500,false,מזון יבש לחתול בטעם נתחי ברביקיו פריסקיז Friskies,נסטלה פורינה USA מק,US,פריסקיז מעדני השף,קילוגרמים,1.42,"ק""ג",false,,37.90,26.6901,true,1,93553
50000100347,false,"פריסקיז - מעדני החתול מועשר בחלב 1.40 ק""ג",נסטלה פורינה USA מק,US,פריסקיז מעדני החתול,קילוגרמים,1.40,"ק""ג",false,,37.90,27.0714,true,1,93554
50000170180,false,פריסקיז פריים פילה עוף ברוטב 156 גר,נסטלה פורינה USA קר,US,פריסקיז עוף ברוטב,גרמים,156.00,100 גרם,false,,6.20,0.0397,true,1,191033
50000225224,false,פריסקיז פריים פילה הודו ברוטב 156 גר',נסטלה פורינה USA קר,US,פריסקיז פריים פילה ה,גרמים,156.00,100 גרם,false,,6.20,0.0397,true,1,191034
50000237951,false,פריסקיז פארטי מיקס מיקס גריל קראנץ10*60גרם,פורינה,US,פריסקיז פארטי מיקס ג,גרמים,59.00,100 גרם,false,,11.50,0.1949,true,1,262768
50000238910,false,פריסקיז פארטי מיקס אוריגי'נל קראנץ10*60גרם,פורינה,US,פריסקיז פארטי מיקס א,גרמים,59.00,100 גרם,false,,11.50,0.1949,true,1,262767
50000429042,false,מזון חתולים כבד מעודן ועוף פנסי פיסט 85 גרם,נסטלה פורינה USA ג',US,פנסי פיסט כבד מעודן,גרמים,85.00,100 גרם,false,,6.00,0.0706,true,1,116085
50000429448,false,פנסי פיסט מוס סלומון 85 גרם,נסטלה פורינה USA סט,US,פנסי פיסט פטה מוס סל,גרמים,85.00,100 גרם,false,,5.50,0.0647,true,1,112468
50000429646,false,מזון חתולים לח דגים פנסי פיסט 85 גרם,נסטלה פורינה USA ג',US,פנסי פיסט דגי אוקיינ,גרמים,85.00,100 גרם,false,,6.00,0.0706,true,1,116086
50000445691,false,פריסקיז 156 גרם נתחי עוף וסלומון ברוטב,נסטלה פורינה USA קר,US,פרסקיז נתחי עוף וסלמ,גרמים,156.00,100 גרם,false,,6.20,0.0397,true,1,139171
50000578238,false,פריסקיז פרטי מיקס קר,פורינה,US,פריסקיז פארטי מיקס ק,גרמים,59.00,100 גרם,false,,11.50,0.1949,true,1,262771
51131978393,false,זוג שפורפרות סופר גלו גל 4 גר,Unknown,,זוג שפורפרות סופר גל,יחידה,0.00,יחידה,false,,15.90,0.0000,true,1,189944
51135807514,false,סופר גלו נוזלי 4 שפופרות,Unknown,,סופר גלו נוזלי,יחידה,0.00,יחידה,false,,17.90,0.0000,true,1,189945
51141917733,false,סופר גלו נוזלי 4 גר המשחרר טיפה אחת,3m,,סופר גלו נוזלי,יחידה,0.00,יחידה,false,,23.90,0.0000,true,1,189948
51500255162,false,"חמאת בוטנים לל""ג JIF אריזת 454ג'",ג'י.אס.קיי קונסיומר,US,חמאת בוטנים חלקה 454,גרמים,454.00,100 גרם,false,,18.90,0.0416,true,1,194583
52100002453,false,תערובת תיבול לסטייק 96 גר,מקורמיק,US,תערובת תיבול לסטייק,גרמים,96.00,100 גרם,false,,18.90,0.1969,true,1,203861
52100002460,false,תערובת תיבול לעוף ודג 77 גר,מקרומיק,US,תערובת תיבול לעוף וד,גרמים,77.00,100 גרם,false,,18.90,0.2455,true,1,203862
52100002477,false,אבקת תיבול לתבשילים בסגנון הודי 28 גר,מקורמיק,US,אבקת תיבול לתבשילים,גרמים,28.00,100 גרם,false,,16.90,0.6036,true,1,203863
52100004389,false,קנמון טחון מקורמיק 6,מקורמיק,US,קינמון טחון,גרמים,67.00,100 גרם,false,,21.90,0.3269,true,1,206306
52100004440,false,קינמון סוכר מקורמיק,מקורמיק,,תערובת סוכר קינמון,גרמים,102.00,100 גרם,false,,16.90,0.1657,true,1,203868
52100004488,false,פפריקה מקורמיק 60.1,מקרומיק,US,פפריקה,גרמים,60.00,100 גרם,false,,21.00,0.3500,true,1,203869
52100005966,false,שבבי שום מקורמיק 85,מקרומיק,US,גבישי שום,גרמים,85.00,100 גרם,false,,25.90,0.3047,true,1,203870
52100006260,false,אבקת שום מקורמיק 88.,מקרומיק,US,אבקת שום,גרמים,88.00,100 גרם,false,,25.90,0.2943,true,1,203871
52100006468,false,אבקת בצל מקורמיק 56.,,US,גבישי בצל,גרמים,56.00,100 גרם,false,,16.90,0.3018,true,1,203872
52100006512,false,כמון טחון מקורמיק 42,מקורמיק,US,כמון טחון,גרמים,42.00,100 גרם,false,,21.00,0.5000,true,1,203873
52100006765,false,תבלין פלפל אדום 42 גר,מקורמיק,US,תבלין פלפל אדום,גרמים,42.00,100 גרם,false,,16.90,0.4024,true,1,203874
52100006987,false,עלי דפנה מקורמיק 3.4,מקורמיק,US,עלי דפנה,גרמים,3.00,100 גרם,false,,16.90,5.6333,true,1,203875
52100030043,false,פלפל שחור טחון גס 42 גר,מקרומיק,US,פלפל שחור טחון גס,גרמים,42.00,100 גרם,false,,18.90,0.4500,true,1,203877
52100040806,false,תערובת שום בצל פלפל שחור ומלח ים 120 גר,מקורמיק,US,תערובת תיבול שום בצל,גרמים,120.00,100 גרם,false,,25.90,0.2158,true,1,206304
52100070643,false,תמצית שקדים מקורמיק,מקורמיק,US,תמצית בטעם שקדים,גרמים,29.00,100 גרם,false,,10.90,0.3759,true,1,203879
52100070780,false,"תמצית תפוז טהורה 29 מ""ל",מקורמיק,US,תמצית תפוז טהורה,מיליליטרים,29.00,"100 מ""ל",false,,15.90,0.5483,true,1,209628
52100070865,false,"תמצית וניל טהור מקורמיק 29 מ""ל",מקרומיק תבלינים,US,תמצית וניל טהורה,גרמים,28.00,100 גרם,false,,29.90,1.0679,false,1,98375
52100070995,false,תמצית וניל מקורמיק 2,מקורמיק,US,תמצית טעם וניל,גרמים,59.00,100 גרם,false,,10.90,0.1847,true,1,203880
52100071121,false,עלי בזיליקום מיובשים 24 גר,,US,עלי בזיליקום מיובשים,גרמים,35.00,100 גרם,false,,25.90,0.7400,true,1,203881
52100142593,false,תערובת תיבול להמבורגר 77 גר,מקרומיק תבלינים,US,תבלין גריל להמבורגר,גרמים,77.00,100 גרם,false,,18.90,0.2455,true,1,204204
55369901284,false,"רסק תפו""ע מנגו ואפרס",ליהי אורצרד אינק,,"רסק תפו""ע מנגו ואפרס",גרמים,452.00,100 גרם,false,,13.90,0.0308,true,1,150605
55369901673,false,אפלסנקס רביעיות רסק תפוחי עץ אפרסק ללא תוספת סוכר,ליייהי אורצ'רדס,,רסק תפוחים ואפרסק אפ,גרמים,452.00,100 גרם,false,,13.90,0.0308,true,1,111083
55369901703,false,"רסק אפל סנקס תפו""ע תות שדה לל""ס מארז 113X4ג'",ליייהי אורצ'רדס,,רסק אפלסנקס תפוח עץ,גרמים,452.00,100 גרם,false,,13.90,0.0308,true,1,111084
55369902342,false,אפלסנקס צנצנת רסק תפוחי עץ ממותק בסגנון ביתי 680 גרם עברית,לייהי אורצ'רדס,CA,רסק תפוח עץ בצנצנת 7,גרמים,709.00,100 גרם,false,,13.90,0.0196,true,1,111085
55369902557,false,אפלסנקס רביעיות רסק תפוחי עץ ממותק בסגנון ביתי עברית,ליייהי אורצ'רדס,CA,מחית תפוחי עץ בסגנון,גרמים,452.00,100 גרם,false,,13.90,0.0308,true,1,115951
55369902564,false,אפלסנקס רביעיות רסק תפוחי עץ ללא תוספת סוכר עברית,ליייהי אורצ'רדס,CA,"רסק תפו""ע אפלסנקס לל",גרמים,452.00,100 גרם,false,,13.90,0.0308,true,1,115002
55369903295,false,אפלסנקס צנצנת  רסק תפוחי עץ ללא תוספת סוכר 652 גרם עברית,לייהי אורצ'רדס,CA,"מחית תפו""ע לא ממותק",גרמים,652.00,100 גרם,false,,13.90,0.0213,true,1,189180
55500012046,false,כלורוקס קלין אפ מרסס נוזל לניקוי רב תכלי,כלורוקס אוקלנד,US,מרסס קלין אפ 946,מיליליטרים,946.00,"100 מ""ל",false,,25.90,0.0274,true,1,94760
58449185048,false,"טבעות דגנים ואורז מלא אורגני לל""ג 284 ג",ניישר פאט',US,צ'יטה צ'ומפס טבעות פ,גרמים,284.00,100 גרם,false,,23.90,0.0842,true,1,205107
58449602187,false,קורנפלקס דבש אורגני,,,קורן פלקס דבש או,גרמים,300.00,100 גרם,false,,23.50,0.0783,true,1,145963
58449771531,false,סאן רייס קראנצ' מייפ,,,סנרייז קרנצ'י מייפל,גרמים,300.00,100 גרם,false,,26.90,0.0897,true,1,138296
58449779032,false,דגני טבעות תירס ואורז מלא 325 גר WHOLE,נאטשר פאת פוד,,WHOLE O'S טבעות מלאו,גרמים,325.00,100 גרם,false,,23.50,0.0723,true,1,186906
58449860013,false,דגני אמאזון 325גר ללא גלוטן,נאטשר פאת פוד,,דגני אמאזון 400 גרם,גרמים,400.00,100 גרם,false,,23.90,0.0597,true,1,145964
58449860020,false,"דגני גורילה מאנצ'י לל""ג 284 גרם",נאטשר פאת פוד,,גורילה מאנצ' קור,גרמים,284.00,100 גרם,false,,23.90,0.0842,true,1,136970
58449860037,false,פצפוצי אורז מלא בטעם שוקולד קואלה קריספ,מולינו ניקולי s.p.a,US,קואלה קריספ פיצפ,גרמים,326.00,100 גרם,false,,23.90,0.0733,true,1,136971
58449870241,false,"כדורוני תירס עם קקאו לל""ג אורגני 284 גרם",נאטשר פאת פוד,US,דגני שוקו שימפס כדור,גרמים,284.00,100 גרם,false,,23.90,0.0842,true,1,212297
62558202381,false,"ארגני טהור 236 מ""ל {12 כשר} b סירופ מייפל",דיקסר קוויבק,CA,סירופ מייפל אמיתי או,מיליליטרים,236.00,"100 מ""ל",false,,27.90,0.1182,true,1,201360
64144090013,false,פאם תרסיס על בסיס שמן קנולה בטעם חמאה,קונאגרה פודס,US,שמן פאם חמאה,יחידה,0.00,יחידה,false,,18.00,0.0000,false,1,137828
64144090020,false,"ספריי שמן PAM בטעם שמן זית 141 מ""ל",קונאגרה פודס,US,שמן פאם שמן זית,יחידה,0.00,יחידה,false,,18.00,0.0000,false,1,137829
64144090051,false,"ספריי שמן PAM קנולה אורגינל 148 מ""ל",קונאגרה פודס,US,שמן פאם קנולה 148 גר,גרמים,148.00,100 גרם,false,,18.00,0.1216,false,1,150763
70177077563,false,תה ארל גריי 25 שקיות טוינינגס 50 גר,אר. טווינינגס אנד קו,PL,טוינינג- ארל גריי,גרמים,50.00,100 גרם,false,,16.90,0.3380,true,1,187643
70177077693,false,תה אנגליש ברקפסט 25 שקיות טוינינגס 50 גר,אר. טווינינגס אנד קו,PL,טוינינג- אינגליש ברק,גרמים,50.00,100 גרם,false,,16.90,0.3380,true,1,187647
70177078744,false,תה אינגליש ברקפסט נטול קפאין 25 שקיקי,טווינינגס Twinings,PL,תה טווינינג אינגליש,גרמים,50.00,100 גרם,false,,18.90,0.3780,true,1,190870
70177078775,false,תה ליידי גריי טוויני,טווינינגס Twinings,,טוינינג- ליידי גריי,גרמים,50.00,100 גרם,false,,16.90,0.3380,true,1,187648
70177084738,false,טווינינגס שחור רד פרוט 50 גרם,טווינינג,PL,תה שחור עם ארבע פירו,גרמים,50.00,100 גרם,false,,16.90,0.3380,true,1,260076
70177084769,false,תה טווינינג שחור ונילה 25 שקיות,טווינינג,PL,תה שחור ונילה 25 שקי,גרמים,50.00,100 גרם,false,,16.90,0.3380,true,1,260077
70177120948,false,טווינינגס שחור אפל & סינמון 50 גרם,טווינינג,PL,תה שחור עם תפוח וקינ,גרמים,50.00,100 גרם,false,,16.90,0.3380,true,1,260078
70177173159,false,תה ירוק עם לימון 25 שק TWININGS,אר. טווינינגס אנד קו,PL,תה טויני ירוק לימון,גרמים,50.00,100 גרם,false,,18.90,0.3780,true,1,192156
70177173166,false,תה יסמין ירוק 25 שקיקים TWININGS,טווינינגס Twinings,PL,תה טויני יסמין 25 שק,גרמים,50.00,100 גרם,false,,18.90,0.3780,true,1,192157
70177173203,false,תה ירוק עם מנטה 25 שק. טוינינגס,טווינינגס Twinings,GB,תה טויני ירוק מנטה 2,גרמים,50.00,100 גרם,false,,18.90,0.3780,true,1,192158
70177176914,false,תה טווינינג ארל גריי נטול קפאין 25 שקיקי,טווינינגס Twinings,,תה ארלגריי 25 שקיקים,גרמים,50.00,100 גרם,false,,18.90,0.3780,true,1,207244
70177177683,false,חליטה קמומיל האני 30 גרם טווינינג,טוינינג,PL,תה חליטת קמומיל,גרמים,30.00,100 גרם,false,,15.90,0.5300,true,1,203674
70177177737,false,חליטה פיור קמומיל 20 גרם טווינינג,טווינינגס Twinings,PL,תה חליטת קמומיל,גרמים,20.00,100 גרם,false,,15.90,0.7950,true,1,203675
70177177744,false,חליטה פיור פפרמינט 40 גרם טווינינג,טוינינג,PL,חליטת מנטה 20 שקיקים,גרמים,40.00,100 גרם,false,,15.90,0.3975,true,1,205351
70177273330,false,חליטת ורבנה 37.5 גרם טווינינג,טוינינג,PL,חליטת ורבנה טווינינג,גרמים,37.50,100 גרם,false,,15.90,0.4240,true,1,218906
70221011116,false,טובלרון - שוקולד חלב 100 גרם,טובלרון Toblerone,CH,טובלרון חלב,גרמים,100.00,100 גרם,false,,8.90,0.0890,true,1,98400
70450020873,false,שזיפים מגולענים סנסוויט 500 גרם,סנסוויט גרוורס קליפו,,סנסוויט- שזיפים מגול,גרמים,500.00,100 גרם,false,,23.90,0.0478,true,1,121459
70734053108,false,"חליטת תה ""קינמון ותפוח""- 20 שקיקים של 2.3 גרם",,,"חליטת תה ""קינמון ותפ",גרמים,46.00,100 גרם,false,,16.90,0.3674,true,1,138246
70734529382,false,חליטת תה צאי הודי 20 שקיקים של 3.05 גר,,,סלסטיאל תה צ'אי הודי,גרמים,61.00,100 גרם,false,,16.90,0.2770,true,1,200459
70970471254,false,מייק לייק - סוכריות ג'לי בינס קרטונית פירות ירוק 141 גרם,ג'אסט בורן,US,מייק לייק-סוכריות ג',גרמים,141.00,100 גרם,false,,9.90,0.0702,true,1,150652
70970471278,false,מייק לייק - סוכריות ג'לי בינס קרטונית פירות יער כחול 141 גרם,גאסט בורן,US,מייק לייק סוכריות ג',גרמים,141.00,100 גרם,false,,9.90,0.0702,true,1,147387
70970471285,false,מייק אנד אייק אדום ג'לי 141 גרם,גאסט בורן,US,מייק לייק אדום 170ג',גרמים,170.00,100 גרם,false,,9.90,0.0582,true,1,193335
70970471308,false,"סוכריות מייק אייק רד רייג'רס, 141 ג'",גאסט בורן,US,מייק לייק סגול 170ג',גרמים,170.00,100 גרם,false,,9.90,0.0582,true,1,194118
70970473562,false,מייק לייק - סוכריות ג'לי בינס קרטונית מגה מיקס 141 גרם,ג'אסט בורן,US,מייק לייק וכריות ג'ל,גרמים,141.00,100 גרם,false,,9.90,0.0702,true,1,198063
70970473609,false,סוכריות ג'לי מייק&נייק מגה מיקס חמוץ 141 גר',גאסט בורן,US,סוכריות ג'ל בטעם פיר,גרמים,141.00,100 גרם,false,,9.90,0.0702,true,1,214307
71570001667,false,גלי בלי סוכריות 20 טעמים 70 גרם,ג'לי בלי קינדי,TH,סוכריות גלי ביילי 20,גרמים,70.00,100 גרם,false,,11.90,0.1700,true,1,208046
71570004293,false,גלי בלי סוכריות פניניות 70 גרם,ג'לי בלי קנדי,,סוכריות גלי ביילי פנ,גרמים,70.00,100 גרם,false,,11.90,0.1700,true,1,208047
74261110334,false,רוטב סויה תמרי 1 ליטר,מנדרין סוי סוס,,רוטב סויה תמרי 1 ל',ליטרים,1.00,ליטר,false,,32.90,32.9000,true,1,100331
74680008519,false,וובר מיונז בופאלו לחיץ 311 גרם,ווברס,,מיונז בחריפות עדינה.,גרמים,311.00,100 גרם,false,,21.90,0.0704,true,1,192978
75039008013,false,מריה רוטב פסטה טבעי רגיל 680 גר',ג'יאובני פוד,US,רוטב פסטה מריה רגיל,גרמים,680.00,100 גרם,false,,14.90,0.0219,true,1,203928
76840001767,false,"גלידה בן &ג'ריס וניל עוגיות חמאת בוטנים 500 מ""ל",מוצרי איכות אמריקאים,IL,גלידת בן אנד ג'רי,גרמים,423.00,100 גרם,false,,18.90,0.0447,true,1,214562
76840001774,false,"גלידה עוגיות חלב עם חתיכות פאדג בן וג'ירי 500 מ""ל",מוצרי איכות אמריקאים,IL,גלידת שוקולד צ'יפס,גרמים,442.00,100 גרם,false,,18.90,0.0428,false,1,214406
76840002542,false,"גלידת בן & ג'ריס פיינט נטפליקס וצ'ילד 500מ""ל",מוצרי איכות אמריקאים,IL,גלידת בן אנד ג'רי,גרמים,424.00,100 גרם,false,,18.90,0.0446,true,1,213362
76840100156,false,"בן אנד גריס גלידת צרי גרסיה 500 מ""ל",מוצרי איכות אמריקאיי,IL,גלידה בן וג'רי,גרמים,420.00,100 גרם,false,,18.90,0.0450,true,1,150823
76840100583,false,"גלידת וניל עם בצק עוגיות בן וג'ירי 473 מ""ל",מוצרי איכות אמריקאיי,IL,בן אנד ג'ריס בצק עוג,גרמים,473.00,100 גרם,false,,18.90,0.0400,false,1,124488
76840400218,false,"גלידה בן&ג'ריס תות שדה ועוגת גבינה 500מ""ל",מוצרי איכות אמריקאיי,IL,בן אנד ג'ריס גלידת ת,מיליליטרים,500.00,"100 מ""ל",false,,18.90,0.0378,true,1,145765
76840620029,false,גלידת בן אנד ג'ריס בטעם תות שדה,מוצרי איכות אמריקאיי,IL,גלידה בן אנד ג'ריס,יחידה,420.00,יחידה,false,,18.90,0.0450,false,1,102610
77245110610,false,סוכריות מאסט ללא סוכר בטעם מנטה 80 ג'עלית,MIESZKO S.A - MS. JO,PL,סוכריות מאסט מנט,גרמים,80.00,100 גרם,false,,8.50,0.1063,false,1,98754
77975036976,false,מטבל עגבניות בחריפות עדינה סניידרס 439 ג',סניידרס Snyder's,US,מטבל סלסה בחריפות עד,גרמים,439.00,100 גרם,false,,16.50,0.0376,true,1,191819
77975088234,false,סניידרס שברי בגיילה בטעם חלפיניו 340 ג',ליימן מותגים,AR,סניידרס שברי בייגלה,גרמים,340.00,100 גרם,false,,15.90,0.0468,true,1,176578
77975091975,false,סניידרס סנדוויץ' בייגלה במילוי קרם בטעם פיצה,סניידרס,US,סניידרס סנדוויץ בייג,גרמים,226.80,100 גרם,false,,15.90,0.0701,true,1,209213
77975093085,false,"בייגלה מצופה כעכים בציפוי שוקולד חלב, 141 ג סניידרס",סניידרס Snyder's,US,חטיף בייגלה סניידרס,גרמים,141.00,100 גרם,false,,16.90,0.1199,true,1,263061
77975093108,false,"בייגלה מצופה כעכים בציפוי בטעם שוקולד לבן, 141 ג סניידרס",סניידרס Snyder's,US,חטיף בייגלה סניידרס,גרמים,141.00,100 גרם,false,,16.90,0.1199,true,1,263062
77975094624,false,"סניידרס סנדוויץ בייגלה במילוי חמאת בוטנים , 226 ג'",סניידרס Snyder's,US,סניידרס חמאת בוטנים,גרמים,280.00,100 גרם,false,,15.90,0.0568,true,1,214603
77975094631,false,סנדביץ בייגלה במילוי קרם בטעם צ'דר 226 גרם סניידרס,סניידרס Snyder's,US,סניידרס צ'דר סנדוויץ,גרמים,226.00,100 גרם,false,,15.90,0.0704,true,1,214542
77975094761,false,סניידרס חטיפים על בסיס קמח חיטה בטעם גבינת צ'דר,סניידרס Snyder's,US,סניידרס צ'דר 340 גר',גרמים,340.00,100 גרם,false,,15.90,0.0468,true,1,217931
77975094778,false,שברי בייגלה סניידרס בטעם דבש חרדל 340 גר,סניידרס Snyder's,US,סניידרס דבש וחרדל 34,גרמים,340.00,100 גרם,false,,15.90,0.0468,true,1,218584
77975095133,false,שברי בייגלה בטעם פיקנטי 318 ג' סניידרס,סניידרס Snyder's,US,סניידרס שברי בייגלה,גרמים,319.00,100 גרם,false,,15.90,0.0498,true,1,264485
77975095157,false,סניידרס שברי בייגלה וחלפיניו 340 גרם,סניידרס Snyder's,US,סניידרס שברי בייגלה,גרמים,318.00,100 גרם,false,,15.90,0.0500,true,1,263065
78300081111,false,פלייטקס ספורט עם מוליך סופר 18 יח,פלייטקס,US,פלייטקס טמפונים ספור,יחידה,0.00,יחידה,false,,25.00,0.0000,true,1,217379
78300081357,false,פלייטקס ספורט עם מוליך סופר פלוס 18 יח,פלייטקס,US,פלייטקס טמפונים ספור,יחידה,0.00,יחידה,false,,25.00,0.0000,true,1,217289
78300098379,false,פלייטקס טמפונים רגולר סימפלי גנטל גלייד 20י,פלייטקס מניפקטורינג,US,פלייטקס רגולר סימפלי,יחידה,0.00,יחידה,false,,25.00,0.0000,true,1,206443
78300098393,false,פלייטקס טמפונים סופר פלוס סימפלי גנטל גלייד,פלייטקס מניפקטורינג,US,פלייטקס טמפונים סופר,יחידה,0.00,יחידה,false,,25.00,0.0000,true,1,205587
80432402931,false,"וויסקי סקוטי, שיבאס ריגאל 12 שנה, 700 מ''ל",מזקקת האחים שיבאס,GB,"שיבאס 700 מ""ל",מיליליטרים,700.00,"100 מ""ל",false,,114.90,0.1641,false,1,199510
80480015305,false,בקרדי לבן 1 ליטר,,,בקרדי לבן 1 ליטר,ליטרים,1.00,ליטר,false,,110.00,110.0000,true,1,263449
80518439660,false,פרסים רמה 6,,,פרסים רמה 6,יחידה,0.00,יחידה,false,,15.70,0.0000,true,1,95330
87666052888,false,"רוטב סריראצ'ה עם לימון גראס 455 מ""ל",EXOTIC FOOD PCL,,רוטב סריראצ'ה עם לימ,מיליליטרים,455.00,"100 מ""ל",false,,22.90,0.0503,true,1,203966
89041081056,false,שמן סויה בתיבול צילי,Flavor full foods in,TW,שמן צ'ילי חריף,יחידה,185.00,יחידה,false,,14.90,0.0805,true,1,124985
89397344300,false,דיניקולה רוטב פסטה עגבניות ובזיל 737 גרם,ג'יאובני פוד אינק,US,רוטב פסטה עם עגבניות,גרמים,737.00,100 גרם,false,,16.90,0.0229,true,1,111105
89397344348,false,דיניקולה רוטב פסטה עם שום קלוי 737 גרם,ג'יאובני פוד אינק,US,רוטב פסטה עם שום צלו,גרמים,737.00,100 גרם,false,,16.90,0.0229,true,1,111107
89397344362,false,רוטב דיניקולה פסטה בטעם מרינדה 737 גרם,ג'יאובני פוד אינק,US,רוטב פסטה מרינרה קלא,יחידה,737.00,יחידה,false,,16.90,0.0229,true,1,122949
305210416383,false,"ואזלין קרם גוף לגבר נספג במהירות 600 מ""ל",וזלין Vaseline,US,וזלין קרם גוף לגבר 6,מיליליטרים,600.00,"100 מ""ל",false,,27.90,0.0465,true,1,200005
305213079004,false,"תחליב גוף להזנה עמוקה צהוב וזלין 600 מ""ל",וזלין Vaseline,US,וזלין תחליב גוף צהוב,מיליליטרים,600.00,"100 מ""ל",false,,27.90,0.0465,true,1,199699
413900010558,false,"רוטב סויה קיקומן מופחת נתרן 296 מ""ל",קיקומן פודז אינק,,רוטב סויה קיקומן 296,מיליליטרים,296.00,"100 מ""ל",false,,13.90,0.0470,true,1,98402
608614310463,false,אוכמניות יחידה,אראל תוצרת חקלאית בע,IL,אוכמניות טריות,גרמים,125.00,100 גרם,false,,9.90,0.0792,true,1,263789
608614310777,false,דומדמניות אדומות 125,,,דומדמניות אדומות 125,גרמים,125.00,100 גרם,false,,19.90,0.1592,true,1,264184
611745285685,false,אבוקדו בשל ארוז יחיד,משתנה,IL,אבוקדו זוגות,גרמים,500.00,100 גרם,false,,9.90,0.0198,true,1,199214
611745294014,false,חומץ תפוחים אורגני 1 ליטר,,,חומץ תפוחים 5%,ליטרים,1.00,ליטר,false,,24.90,24.9000,true,1,200375
613008742348,false,בקבוק אריזונה ג'נסינג ודבש 1 ליטר,נובה טרייד אל טי די,DE,אריזונה ג'נסינג ודבש,ליטרים,1.00,ליטר,false,,11.00,11.0000,true,1,214150
613008742409,false,בקבוק אריזונה אפרסק 1 ליטר,נובה טרייד אל טי די,DE,אריזונה אפרסק בקבוק,ליטרים,1.00,ליטר,false,,11.00,11.0000,true,1,214151
613008753290,false,"בקבוק אריזונה אפרסק 450 מ""ל",אריזונה Arizona,BG,"אריזונה אפרסק 450 מ""",מיליליטרים,450.00,"100 מ""ל",false,,7.50,0.0167,true,1,207261
613008753382,false,"בקבוק אריזונה אוכמניות 450 מ""ל",לני אנד לארי,BG,אריזונה אוכמניות 450,מיליליטרים,450.00,"100 מ""ל",false,,7.50,0.0167,true,1,207263
613008755461,false,בקבוק אריזונה אוכמניות 1 ליטר,נובה טרייד אל טי די,DE,אריזונה אוכמניות בקב,ליטרים,1.00,ליטר,false,,11.00,11.0000,true,1,214152
628154383659,false,דגני בוקר פרוטי פבלס 311 ג' POST,פוסט ארצות הברית,US,דגני פרוטי פבלס,גרמים,311.00,100 גרם,false,,21.90,0.0704,true,1,262165
639138513238,false,פילה הרינג מעושן צ'צ'יק 190 גרם,רוג'ין פיש,,פילה הרינג מעושן בשמ,גרמים,190.00,100 גרם,false,,13.00,0.0684,true,1,111804
639138527617,false,פילה הרינג ברוטב עגבניות 200 גר' (16),רוג'ין פיש,,פילה הרינג ברוטב עגב,גרמים,200.00,100 גרם,false,,13.00,0.0650,true,1,111805
639138527624,false,פילה דג הרינג ברוטב פפריקה 200 ג' (16),,,פילה דג הרינג בפפריק,גרמים,200.00,100 גרם,false,,13.00,0.0650,true,1,120511
639138717902,false,פילה מקרל מעושן בשמן צמחי,Rugen Fisch,,פילה הרינג מעושן בשמ,גרמים,190.00,100 גרם,false,,16.00,0.0842,true,1,142209
645173911038,false,קורנישון מלפפוןן מיני 720 גרם - תומר,קלמן אינדיה,IN,תומר-מלפפונים קורניש,גרמים,360.00,100 גרם,false,,9.90,0.0275,true,1,207266
645692555645,false,עוגיות סהרון פפושדו,פפשדו,,עוגיות סהרון פפושדו,גרמים,200.00,100 גרם,false,,5.90,0.0295,true,1,111423
651080647519,false,"פלאקרס ""פלוסר ""חוט דנטלי ירוק -מנטה","פלקרס רנור ארה""ב",US,פלאקרס חוט דנטלי,יחידה,0.00,יחידה,false,,11.90,0.0000,true,1,198983
675684915102,false,"סירופ אגבה אורגני טהור 236 מ""ל",יושלם,,סירופ אגבה אורגני טה,גרמים,330.00,100 גרם,false,,21.00,0.0636,true,1,140611
686412282984,false,נתחי טונה לבנה בשמן זית 220 גרם ORTIZ,אורטיז ORTIZ,ES,טונה לבנה בשמן זית 2,גרמים,220.00,100 גרם,false,,41.90,0.1905,true,1,213424
691535501010,false,חטיף חלבון עם שוקולד,,US,חטיף חלבון עם שוקולד,גרמים,50.00,100 גרם,false,,9.90,0.1980,true,1,210461
691535505018,false,חטיף חלבון נוגו וניל,,US,חטיף חלבון טעם וניל,גרמים,50.00,100 גרם,false,,9.90,0.1980,true,1,202984
691535507012,false,חטיף חלבון נוגו בננה,,US,חטיף שוקולד בננה 50,גרמים,50.00,100 גרם,false,,9.90,0.1980,true,1,205194
691535513013,false,חטיף חלבון נוגו ללא סוכר חמאת בוטנים,,US,חטיף חלבון חמאת בוטנ,גרמים,50.00,100 גרם,false,,11.90,0.2380,true,1,202985
691535514010,false,חטיף חלבון נוגו שוקו,,US,חטיף חלבון ללא סוכר,גרמים,50.00,100 גרם,false,,11.90,0.2380,true,1,263180
691535523012,false,חטיף חלבונים בטעם מו,,US,חטיף חלבונים בטעם מו,גרמים,50.00,100 גרם,false,,11.90,0.2380,true,1,209175
691535525016,false,חטיף חלבון שוקולד מנ,,,חטיף חלבון שוקולד מנ,גרמים,50.00,100 גרם,false,,11.90,0.2380,true,1,259863
691535527010,false,נוגו דארק חמאת בוטני,,,נוגו דארק חמאת בוטני,גרמים,50.00,100 גרם,false,,11.90,0.2380,true,1,259864
691535528017,false,חטיף חלבון נוגו קוקו,,US,חטיף חלבון קוקוס,גרמים,50.00,100 גרם,false,,11.90,0.2380,true,1,203276
691535529014,false,חטיף חלבון שוקולד בי,,US,חטיף חלבון שוקולד בי,גרמים,50.00,100 גרם,false,,11.90,0.2380,true,1,207646
693493010788,false,"נאצוס חטיף טורטיה ע""ב תירס ברביקיו 200 ג",או. קיי סניקס,DK,נאצ'וס חטיף טורטיה ת,גרמים,200.00,100 גרם,false,,13.90,0.0695,true,1,261959
693493034456,false,סרדין מרוקאי בשמן זי,אטלנטיק הום סרדינס א,MA,סרדינים בשמן זית,גרמים,90.00,100 גרם,false,,5.00,0.0556,true,1,212701
693493034470,false,מקרל פילה בשמן חמניות 125 גר,U.P.A,MA,פילה מקרל בשמן חמניו,גרמים,90.00,100 גרם,false,,6.60,0.0733,true,1,212703
693493034487,false,פילה סרדין בשמן זית 125גר,יוניון דה פחריס אפרי,MA,פילה סרדין בשמן זית,גרמים,90.00,100 גרם,false,,7.50,0.0833,true,1,212704
693493034500,false,פילה אנשובי בשמן חמניות 50 גר,פאטינה פוד,MA,פילה אנשובי 50 גר,גרמים,50.00,100 גרם,false,,6.40,0.1280,true,1,215158
693493034517,false,פילה אנשובי בשמן חמניות וצלפים 50 גר,פאטינה פוד,MA,אנשובי עם צלפים ויצמ,גרמים,30.00,100 גרם,false,,6.40,0.2133,true,1,262369
693493055413,false,עוגיות רנד גבינה אפויה 650 גר',,,עוגת גבינה אפויה 650,גרמים,650.00,100 גרם,false,,42.90,0.0660,true,1,262558
693493055420,false,עוגיות רנד גבינה אפויה ל.ס 650 גר',,,עוגת גבינה אפויה ללא,גרמים,650.00,100 גרם,false,,44.90,0.0691,true,1,262559
693493065351,false,מלפפון בייבי משק פר,Unknown,,מלפפון בייבי משק פר,יחידה,0.00,יחידה,false,,8.90,0.0000,true,1,211062
693493075350,false,עוגיות זיו מרטה 250ג,זיו,IL,עוגיות זיו מרטה,גרמים,250.00,100 גרם,false,,29.90,0.1196,true,1,264497
693493075459,false,עוגיות זיו אלפחורס ל,זיו,IL,עוגיות זיו אלפחורס ל,גרמים,320.00,100 גרם,false,,29.90,0.0934,true,1,263274
693493075510,false,עוגיות זיו שילגיות 2,זיו,IL,עוגיות זיו שילגיות,גרמים,250.00,100 גרם,false,,29.90,0.1196,true,1,263278
693493075527,false,עוגיות זיו נשנושיות,זיו,IL,עוגיות זיו נשנושיות,גרמים,220.00,100 גרם,false,,29.90,0.1359,true,1,263279
693493075541,false,עוגיות זיו דיקליות 2,זיו,IL,עוגיות זיו דיקליות,גרמים,250.00,100 גרם,false,,29.90,0.1196,true,1,263269
693493075640,false,עוגיות זיו בראוניז 3,זיו,IL,העוגיות של זיו,גרמים,300.00,100 גרם,false,,29.90,0.0997,true,1,259330
693493075695,false,עוגיות זיו אלפחורס 3,זיו,IL,עוגיות זיו אלפחורס,גרמים,320.00,100 גרם,false,,29.90,0.0934,true,1,263271
693493075701,false,עוגיות זיו פרחי ריבה,זיו,IL,עוגיות זיו פרחי ריבה,גרמים,270.00,100 גרם,false,,29.90,0.1107,true,1,263272
693493075725,false,עוגיות זיו שושנים 22,זיו,IL,עוגיות זיו שושנים,גרמים,270.00,100 גרם,false,,29.90,0.1107,true,1,263273
693493092500,false,פיתות שמשון מרובעות,,,פיתות שמשון מרובעות,גרמים,600.00,100 גרם,false,,9.90,0.0165,true,1,214769
693493092524,false,פיתות שמשון עגולות 5,,,פיתות שמשון עגולות 5,גרמים,550.00,100 גרם,false,,9.90,0.0180,true,1,214770
728229123590,false,טרה אורגינל חטיף על בסיס ירקות שורש בטעם טבעי 110 גרם,הונדורס צ'יפס יצור א,HN,טרה חטיף ציפס מירקות,גרמים,110.00,100 גרם,false,,15.90,0.1445,true,1,133999
728229123613,false,טרה חטיף על בסיס תפוח אדמה כחול בטעם טבעי 110 גרם,היין סלסטיאל גרופ,US,טרה חטיף ציפס מתפוח,גרמים,110.00,100 גרם,false,,15.90,0.1445,true,1,137760
728229123811,false,טרה חטיף על בסיס ירקות שורש בתיבול ים תיכוני 110 גרם,הונדורס צ'יפס יצור א,HN,טרה חטיף ציפס מירקות,גרמים,110.00,100 גרם,false,,15.90,0.1445,false,1,134762
728229124764,false,טרה חטיף על בסיס בטטה עם מלח ים 110 גרם,היין פיוצ'ור נטורל פ,US,טרה צ'יפס בטטה עם מל,גרמים,110.00,100 גרם,false,,15.90,0.1445,true,1,203942
728229124771,false,טרה חטיף על בסיס בטטה בטעם ברביקיו 110 גרם,היין פיוצ'ור נטורל פ,IN,טרה צ'יפס בטטה ברביק,גרמים,110.00,100 גרם,false,,15.90,0.1445,true,1,192497
728229130154,false,טרה חטיף על בסיס בטטה וסלק בטעם טבעי 110 גרם,הונדורס צ'יפס יצור א,HN,טרה חטיף ציפס מבטטה,גרמים,110.00,100 גרם,false,,15.90,0.1445,true,1,134000
728229130444,false,"חטיף על בסיס ירקות שורש עם בטטה, תפו""א כחול וסלק",היין סלסטיאל גרופ,US,טרה חטיף ציפס מירקות,גרמים,110.00,100 גרם,false,,15.90,0.1445,false,1,134763
734896879883,false,קלפי משחק,,,קלפי משחק,יחידה,0.00,יחידה,false,,16.90,0.0000,true,1,262740
734896880322,false,זירה עם 4 סביבונים מ,,,זירה עם 4 סביבונים מ,יחידה,0.00,יחידה,false,,49.90,0.0000,true,1,264368
734896880339,false,סביבון מאיר ומנגן בקופסא,General,CN,סביבון מאיר ומנגן,יחידה,0.00,יחידה,false,,19.90,0.0000,true,1,264369
734896880346,false,אקדח עם זוג סביבוני בליידס,General,CN,אקדח עם זוג סביבוני,יחידה,0.00,יחידה,false,,29.90,0.0000,true,1,264370
734896880735,false,בועות סבון מיקרופון,General,,בועות סבון מיקרופון,יחידה,0.00,יחידה,false,,12.90,0.0000,true,1,263212
748485150352,false,שמן קוקוס טהור אורגנ,,,שמן קוקוס טהור אורגנ,מיליליטרים,440.00,"100 מ""ל",false,,24.90,0.0566,true,1,261829
753182231761,false,"משקה אנרגיה BLU ללא תוספת סוכר 250 מ""ל",אקווה ויט,PL,משקה בלו דל קלוריות,מיליליטרים,250.00,"100 מ""ל",false,,3.90,0.0156,true,1,207379
761720051108,false,"קארו סירופ תירס בהיר 470 מ""ל",אי סי איץ,US,סירופ קארו בהיר,יחידה,453.00,יחידה,false,,28.90,0.0638,true,1,149280
761720988183,false,ארגו אבקת אפיה ללא אלומיניאום 340 גר,"י. כהן בע""מ",,אבקת אפייה ללא אלומי,מיליליטרים,340.00,"100 מ""ל",false,,21.90,0.0644,true,1,146715
768404001640,false,"גלידה בן&ג'ריס קפה משפחתית 500מ""ל",מוצרי איכות אמריקאיי,IL,בן וג'ריס גלידת קפה,מיליליטרים,500.00,"100 מ""ל",false,,18.90,0.0378,true,1,123341
769904000607,false,שקדי מרק ללא גלוטן 200 גר',גיי אפ פי ייצור מזון,IL,שקדי מרק,גרמים,200.00,100 גרם,false,,12.90,0.0645,true,1,146075
777915888299,false,"אקיטה רוטב סויה ללא גלוטן 450 מ""ל",אלימנטשן אקיטה,CA,אקיטה רוטב סויה,יחידה,290.00,יחידה,false,,16.90,0.0583,true,1,147943
786150000281,false,"שישייה בירה לף בראון בקבוק 330X6 מ""ל",לף Leffe,BE,שישיית בירה לף בראון,ליטרים,1.98,ליטר,false,,44.90,22.6768,false,1,262168
818570001606,false,"וטקינס פיור אלמונד 59 מ""ל","ג'יי אר ווסקינס בע""מ",US,תמצית שקדים,מיליליטרים,59.00,"100 מ""ל",false,,27.90,0.4729,true,1,199558
818570007066,false,"פיור וניל טהור 29 מ""ל ""ווטקינס""","ג'יי אר ווטקינס בע""מ",US,ווטקינס תמצית וניל ט,גרמים,29.00,100 גרם,false,,27.90,0.9621,true,1,198198
835811000167,false,נר נשמה בזכוכית לשבעה ימים,MULDER NATURAL FOODS,CN,נר נשמה שבועי בזכוכי,יחידה,0.00,יחידה,false,,10.90,0.0000,true,1,210606
835811000396,false,נייר אפיה לתבנית מוארכת - מארז 30 ניירות,הנג טונג,CN,נייר אפיה לתבנית מוא,יחידה,0.00,יחידה,false,,9.90,0.0000,true,1,211249
835811000426,false,מזלגות 50 יח` קרם עבה במיוחד,"גרנג יוניברס , הונג",TR,מזלגות 50 יח' קרם,יחידה,0.00,יחידה,false,,13.90,0.0000,true,1,206699
835811000518,false,תמצית וניל טהור הנמל,,IL,תמצית וניל טהורה,מיליליטרים,29.00,"100 מ""ל",false,,26.90,0.9276,true,1,264047
835811001119,false,מיני עדשים 200 גרם בצנצנת לעוגה,,,מיני עדשים 200 גר בצ,גרמים,200.00,100 גרם,false,,12.90,0.0645,true,1,212120
835811001133,false,קוקוס הנמל 400 גרם כ,,,קוקוס 400 גר',גרמים,400.00,100 גרם,false,,11.90,0.0298,true,1,211251
835811001140,false,שומשום הנמל 400 גרם,הנמל אריזות.,IL,שומשום 400 גר,גרמים,400.00,100 גרם,false,,9.90,0.0248,true,1,212121
835811001157,false,צלחות גדול מדקל עגול 10 יח,,,צלחות גדול מדקל 10 י,יחידה,0.00,יחידה,false,,13.90,0.0000,true,1,214028
835811001164,false,צלחות קטן מדקל עגול 10 יח,,,צלחות קטן מדקל 10 יח,יחידה,0.00,יחידה,false,,10.90,0.0000,true,1,214029
835811001188,false,צלחות ענק מדקל עגול 10 יח,,,צלחות ענק מדקל 10 יח,יחידה,0.00,יחידה,false,,14.90,0.0000,true,1,214034
835811001201,false,מגש אובלי בינוני מדקל 5 יח,,,מגש אובלי בינוני מדק,יחידה,0.00,יחידה,false,,16.90,0.0000,true,1,214035
835811001232,false,"נייר אפיה לתבנית עגולה 26 ס""מ - מארז 10 ניירות",האנג טונג,CN,נייר אפייה לתבנית עג,יחידה,0.00,יחידה,false,,10.90,0.0000,true,1,214036
835811001584,false,גביעי אחסון 12 יח` + מכסה 0.25 ליטר,,,גביעי איחסון 12 יח +,יחידה,0.00,יחידה,false,,6.90,0.0000,true,1,189777
835811001591,false,גביעי אחסון 8יח` + מכסה 0.5 ליטר,,,גביעי איחסון 8 יח +,יחידה,0.00,יחידה,false,,6.30,0.0000,true,1,189716
835811001614,false,44 כוסיות שמן זית לח,,,44 כוסיות שמן זית לח,יחידה,0.00,יחידה,false,,45.90,0.0000,true,1,215700
835811001652,false,כוס לשתיה קרה 330 סמק` 40 יח` )בירה(,ווינפאק סחר בעמ,CN,כוס לשתיה קרה 330 סמ,יחידה,0.00,יחידה,false,,9.50,0.0000,true,1,189758
835811001676,false,"תבנית אלומיניום גדולה 32*26 ס""מ - 9 יח'",הנמל,IL,מגש הכסף תבנית מלבן,יחידה,0.00,יחידה,false,,9.90,0.0000,true,1,215465
835811001775,false,זוג כף הגשה פלסטיק שקוף,,,זוג כף הגשה מפלסטיק,יחידה,0.00,יחידה,false,,2.40,0.0000,true,1,191500
835811001782,false,זוג מזלג הגשה מפלסטי,,,זוג מזלג הגשה מפלסטי,יחידה,0.00,יחידה,false,,2.40,0.0000,true,1,193623
835811001829,false,מגש מרובע חד פעמי שק,,,מגש מרובע שקוף,יחידה,0.00,יחידה,false,,11.90,0.0000,true,1,187810
835811001836,false,מגש ענק שקוף ונציה 2,הנמל,,מגש ענק שקוף ונציה 2,יחידה,0.00,יחידה,false,,12.90,0.0000,true,1,187447
835811001843,false,"מגש אינגליש קייק שקוף ונציה 37*17 ס""מ",הנמל,,מגש אינגליש קייק שקו,יחידה,0.00,יחידה,false,,5.50,0.0000,true,1,187811
835811001959,false,תבניות אלומיניום עבות במיוחד 41*30 רוסטר בינוני,הנמל,,תבנית אלומיניום עבה,יחידה,0.00,יחידה,false,,10.90,0.0000,true,1,149135
835811001966,false,"תבנית אלומ` עבה רוסטר 370X270X70 ס""מ 4 יח`",הנמל,,תבנית אלומיניום עבה,יחידה,0.00,יחידה,false,,10.90,0.0000,true,1,149136
835811001997,false,"תבנית אלומ` עבה לחלה 320X167X80 ס""מ 4 יח`",הנמל,,תבנית אלומיניום עבה,יחידה,0.00,יחידה,false,,10.90,0.0000,true,1,149139
835811002116,false,מגש כוכב חד פעמי 27,,,"מגש כוכב 27 ס""מ",יחידה,0.00,יחידה,false,,4.50,0.0000,true,1,195905
835811002390,false,"שיפודים יקיטורי מבמבוק 15 ס""מ 100 יח",,,"שיפודי במבוק 15 ס""מ",יחידה,0.00,יחידה,false,,7.90,0.0000,true,1,260315
835811002673,false,סירופ רוזטה הנמל 250,"פוליבה בע""ם",IL,סירופ רוזטה,100 מל,250.00,100 מל,false,,10.60,0.0424,true,1,260316
835811002734,false,מזרה קונפטי ארוך בצנ,,,מזרה קונפטי ארוך בצנ,גרמים,90.00,100 גרם,false,,5.50,0.0611,true,1,260314
835811002741,false,מזרה גמבו קונפטי ארו,,,גמבו קונפטי ארוך בצנ,גרמים,190.00,100 גרם,false,,9.50,0.0500,true,1,260312
835811003090,false,מזלגות הגשה שקוף 10 יח' הנמל,מיקרון מקינה,TR,מזלגות הגשה 10 יח' ש,יחידה,0.00,יחידה,false,,9.90,0.0000,true,1,261555
835811003366,false,קערות מדקל מרובעות 1,,,קערות מדקל מרובעות 1,יחידה,0.00,יחידה,false,,10.90,0.0000,true,1,261557
835811003427,false,"צלחות גדולות מקנה סוכר 1 ק""ג",,,צלחות גדול מקנה סוכר,יחידה,0.00,יחידה,false,,32.90,0.0000,true,1,261559
835811003441,false,תבניות פלסטיק מחולקות 3 תאים + מכסה 5 יח' הנמל,,,תבניות מחולקות 3 תאי,יחידה,0.00,יחידה,false,,8.50,0.0000,true,1,261540
835811003458,false,מזלגות אלגנט שקוף 50 יחי הנמל,,,מזלגות אלגנט שקוף 50,יחידה,0.00,יחידה,false,,7.50,0.0000,true,1,261547
835811003489,false,כפיות אלגנט שקוף 50 יח' הנמל,,,כפיות אלגנט שקוף 50,יחידה,0.00,יחידה,false,,7.50,0.0000,true,1,261549
835811003618,false,נרות ריחניים בריח תות 1 יח`,,,נרות ריחניים בריח תו,יחידה,0.00,יחידה,false,,7.90,0.0000,true,1,203766
835811003700,false,סודה לשתייה הנמל 250,"פוליבה בע""מ",IL,סודה לשתיה 250 גר',גרמים,250.00,100 גרם,false,,5.90,0.0236,true,1,212983
835811003816,false,"הנמל קופסת אחסון מרובעת מארז, 3 * 2 ליטר",נינגבו יונאן,CN,קופסת איחסון מלבן 2,יחידה,0.00,יחידה,false,,11.90,0.0000,true,1,203110
835811003823,false,"הנמל קופסת אחסון מרובעת מארז, 5 * 1 ליטר",נינגבו יונאן,CN,קופסת איחסון מלבן 1,יחידה,0.00,יחידה,false,,11.90,0.0000,true,1,202336
835811004059,false,צלחות מרובעות גדול מדקל 10 יח,,,צלחות מרובעות גדול מ,יחידה,0.00,יחידה,false,,13.90,0.0000,true,1,214032
835811004066,false,צלחות מרובעות קטנות מדקל 10 יח,,,צלחות מרובעות קטנות,יחידה,0.00,יחידה,false,,10.90,0.0000,true,1,214033
835811004073,false,צלחות מרובעות ענק מדקל 10 יח,,,צלחות מרובעות ענק מד,יחידה,0.00,יחידה,false,,14.90,0.0000,true,1,214037
835811004141,false,נרות ריחניים בריח ונ,,PL,נרות ריחניים בריח ונ,יחידה,0.00,יחידה,false,,7.90,0.0000,true,1,203768
835811004189,false,פרורי לחם מוזהבים בתוספת שומשום 800 גר',הנמל,IL,פרורי לחם מוזהבים 80,גרמים,800.00,100 גרם,false,,10.90,0.0136,true,1,212673
835811004226,false,מפת ניילון בגליל 45 מטר,,IL,מפת שולחן עבה בגליל,יחידה,0.00,יחידה,false,,29.90,0.0000,true,1,203305
835811004417,false,ריבת חלב הנמל 340 גר,,,ריבת חלב 340 גר,גרמים,340.00,100 גרם,false,,11.90,0.0350,true,1,204823
835811004424,false,חלב מרוכז 340 גר פוליבה,"פוליבה בע""מ",IL,חלב מרוכז 340 גר,גרמים,340.00,100 גרם,false,,11.90,0.0350,true,1,212122
835811004509,false,קערה פסים גדולה לסלט ענק 2500 מל` 1 יח`,הנג טונג,CN,קערת פסים ענק,יחידה,0.00,יחידה,false,,6.90,0.0000,true,1,204396
835811004516,false,"קערה פסים לסלט קטנה עגולה 950 מ""ל 1 יח`",הנג טונג,CN,קערת פסים עגולה קטנה,יחידה,0.00,יחידה,false,,4.40,0.0000,true,1,205165
835811004523,false,קשים מיוחדים לשייק 75 יח הנמל,,CN,קשים מיוחדים לשייק,יחידה,0.00,יחידה,false,,8.50,0.0000,true,1,211828
835811004691,false,עטרות אלו' לאפיה 100 יח' מס' 2 כסף/ זהב,הנג טון,CN,עטרות אלומניום לאפיה,יחידה,0.00,יחידה,false,,6.50,0.0000,true,1,147862
835811004707,false,פירורי לחם מוזהבים 440 ג' הנמל,ברמן שוקולד ועוגיות,IL,פרורי לחם מוזהב 440ג,יחידה,0.00,יחידה,false,,7.30,0.0000,true,1,130314
835811004790,false,"מגש הגשה עגול מחולק שקוף בינוני ח""פ הנמל",פולין חד פעמי סין,CN,מגש הגשה עגול מחולק,יחידה,0.00,יחידה,false,,8.00,0.0000,true,1,127121
835811005018,false,"כוס יהלום שקוף מ""ל ח""פ 50 יחי",הנמל,TR,כוסות קריסטל יהלום 5,יחידה,0.00,יחידה,false,,14.90,0.0000,true,1,124238
835811005049,false,נייר אפייה משובח וידידותי לסביבה מהדרין 38X42,"איטיליאן פוד, אס.פי.",IL,אפי 40 יח' מתכלה ירו,יחידה,0.00,יחידה,false,,10.90,0.0000,true,1,124784
835811005193,false,מגש עגול שקוף 14 אינץ',הנג טונג,CN,מגש עגול פסים 14,יחידה,0.00,יחידה,false,,9.50,0.0000,true,1,137190
835811005247,false,קערות מהודרות משובחות ואיכותיות,הנג טונג,CN,רביעיית קערות 16 אונ,יחידה,0.00,יחידה,false,,9.50,0.0000,true,1,138298
835811005322,false,"פחם דרום אמריקאי הנמל 2 ק""ג",הנמל,IT,פחם דרום אמריקאי 2 ק,קילוגרמים,2.00,"ק""ג",false,,14.90,7.4500,true,1,136677
835811005339,false,שקיות אוכל קרטון הנמל זוג*150 יח',,,זוג שקיות אוכל ארוז,יחידה,0.00,יחידה,false,,8.50,0.0000,true,1,169279
835811005407,false,כוסות קפה לדרך עם מכסה ענק הנמל 12יח',"צח ייבוא ושיווק בע""מ",IL,כוסות חד פעמי +מכסה,יחידה,0.00,יחידה,false,,13.90,0.0000,true,1,136051
835811005704,false,נייר עטיפה לכריכים 100 יח` 35X25,טופ פלסט 2002 בעמ,IL,נייר עטיפה לכריכים 1,יחידה,0.00,יחידה,false,,10.00,0.0000,true,1,126839
835811005728,false,עלים לעוגת קרמשניט 400 גרם,"רונית מאפים בע""מ",IL,עלים לקרם שניט,גרמים,400.00,100 גרם,false,,18.90,0.0472,true,1,141805
835811005803,false,שקיות אשפה עם ידיות 25 יח' X90-מרכז,תעשיות והשקעה אל רסא,IL,שקיות אשפה עם ידית 7,יחידה,0.00,יחידה,false,,13.90,0.0000,true,1,200181
835811005810,false,מגש הכסף תבנית מרובע קטן +מכסה 10 יח`,הנמל,IL,מגש הכסף תבנית אלומי,יחידה,0.00,יחידה,false,,9.90,0.0000,true,1,141806
835811005933,false,מגש הכסף תבנית אלומ` ענק 5 יח`,ווינפאק,,מגש הכסף תבנית אלומי,יחידה,0.00,יחידה,false,,9.90,0.0000,true,1,140128
835811005940,false,מגש הכסף תבנית אלומ` גדולה + מכסה 8 יח`,,IL,מגש הכסף-שמונה תבניו,יחידה,0.00,יחידה,false,,9.90,0.0000,true,1,139933
835811005957,false,מגש הכסף תבנית אלומ` 90 + מכסה 8 יח`,יבוא ושיווק: הנמל אר,IL,מגש הכסף תבנית אלומי,יחידה,0.00,יחידה,false,,9.90,0.0000,true,1,140129
835811005964,false,מגש הכסף תבנית אלומ` מאורך 20 יח`,ווינפאק,,מגש הכסף תבנית אלומי,יחידה,0.00,יחידה,false,,9.90,0.0000,true,1,140130
835811006053,false,הנמל קורנפלור 200 גר,ר.ס חברה ליבוא ויצור,IL,קורנפלור 200 גר,גרמים,200.00,100 גרם,false,,3.30,0.0165,true,1,188371
835811006213,false,קערות מתכלה מקנה סוכר טבעי 25 יח,"איטיליאן פוד, אס.פי.",IL,קערות למרק מקנה סוכר,יחידה,0.00,יחידה,false,,13.50,0.0000,true,1,137310
835811006220,false,צלחות ענקיות מתכלה מקנה סוכר טבעי 25 יח,הנמל,,צלחות ענק מקנה סוכר,יחידה,0.00,יחידה,false,,17.00,0.0000,true,1,137709
835811006237,false,צלחות קטנות מקנה סוכר טבעי 25 יח,הנמל,,צלחות קטנות מקנה סוכ,יחידה,0.00,יחידה,false,,9.40,0.0000,true,1,137710
835811006244,false,צלחות גדולות מקנה סוכר טבעי 25 יח,הנמל,,צלחות גדולות מקנה סו,יחידה,0.00,יחידה,false,,13.90,0.0000,true,1,137302
835811006435,false,מגש הכסף תבנית מלבן עמוק + מכסה 9 יח`,,IL,מגש הכסף תבנית מלבן,יחידה,0.00,יחידה,false,,9.90,0.0000,true,1,261560
835811006497,false,אבקת סוכר 500 גרם הנמל,ר.ס. חברה ליבוא ויצו,IL,אבקת סוכר 500 גר,גרמים,500.00,100 גרם,false,,6.50,0.0130,true,1,190423
835811006534,false,"כוסות קרטון לשתיה חמה 475 מ""ל",הנמל,CN,כוסות קרטון 50 יח 16,יחידה,0.00,יחידה,false,,26.90,0.0000,true,1,194460
835811006596,false,"ליפתן הגשה +6 מכסה, 12 יחידות",מיקרון מקינה,TR,ליפתניות הגשה + מיכס,יחידה,0.00,יחידה,false,,12.90,0.0000,true,1,144697
835811006695,false,"קוקטים לאפייה 20 יחידות ""הנמל""",הנמל,,קוקטים לאפיה 20 יח,יחידה,0.00,יחידה,false,,8.90,0.0000,true,1,144899
835811006701,false,עטרות לאפייה הנמל 24 יח',שוורצקוף& הנקל דיסלד,IL,קוקטים לאפייה 24 יח,יחידה,0.00,יחידה,false,,8.90,0.0000,true,1,144900
835811006763,false,הנמל תבניות אלומיניום לאפיה אישיות 20 יח,האנוי ואיוין אינטרנש,CN,תבניות אלומיניום לאפ,יחידה,0.00,יחידה,false,,6.90,0.0000,true,1,144427
835811006985,false,בורגול מרובע הנמל 50,הנמל,,בורגול 500 גר',גרמים,500.00,100 גרם,false,,4.50,0.0090,true,1,121818
835811007142,false,עדשים ירוקים הנמל 500 ג',הנמל,,עדשים ירוקים 500 גר',גרמים,500.00,100 גרם,false,,7.50,0.0150,true,1,108645
835811007166,false,כוסות חד פעמיות מקרטון עם מכסה פלסטיק,"צח ייבוא ושיווק בע""מ",IL,כוסות קרטון קפה טו ג,יחידה,0.00,יחידה,false,,12.90,0.0000,true,1,108647
835811007180,false,פופ קורן הנמל 500 גר,יבוא ושיווק: הנמל אר,IL,לקט פופקורן 500 גר,גרמים,500.00,100 גרם,false,,6.90,0.0138,true,1,108648
835811007197,false,עדשים אדומים הנמל 50,הנמל,,עדשים אדומים 500גר',גרמים,500.00,100 גרם,false,,7.50,0.0150,true,1,108649
835811007210,false,חומוס גרעינים 500 גר,יבוא ושיווק: הנמל אר,IL,גרגירי חומוס יבש 500,גרמים,500.00,100 גרם,false,,6.50,0.0130,true,1,108650
835811007227,false,"הנמל לקט חיטה בד""ץ 500ג'",יבוא ושיווק: הנמל אר,IL,חיטה 500 גר',גרמים,500.00,100 גרם,false,,4.50,0.0090,true,1,108651
835811007234,false,אפונה יבשה הנמל 500 ג',יבוא ושיווק: הנמל אר,IL,אפונה יבשה 500 גר',גרמים,500.00,100 גרם,false,,5.50,0.0110,true,1,108652
835811007241,false,לקט שעועית - חמין 500 גרם,הנמל,,לקט חמין 500 גר' מרו,גרמים,500.00,100 גרם,false,,7.90,0.0158,true,1,108653
835811007258,false,שעועית לבנה הנמל 500,נארז על ידי: הנמל אר,IL,שעועית 500גר',גרמים,500.00,100 גרם,false,,7.50,0.0150,true,1,108654
835811007357,false,צלחות סלטינות אובלי,הנמל,TR,סלטינות 25 יח,יחידה,0.00,יחידה,false,,5.90,0.0000,true,1,112579
835811007425,false,נרות חנוכה מיוחד 45 יח' pvc,הנמל,,נרות חנוכה,יחידה,0.00,יחידה,false,,5.90,0.0000,true,1,113308
835811007432,false,תבנית משפחתית מנייר מלבן גדול 3 יחידות הנמל,דוקארט,IL,תבנית משפחתית שלישי,יחידה,0.00,יחידה,false,,8.90,0.0000,true,1,108656
835811007494,false,גלטין טהור מדגים 2 יח` 14 X גר`,ג'ליס פיוניר,IL,ג'לטין טהור,גרמים,28.00,100 גרם,false,,10.50,0.3750,true,1,108658
835811007562,false,תבניות קרטון אינגליש קייק 6יח` ארוז 29X9X6,דוקרט תעשיית אריזות,IL,תבנית אינגליש קקיקס,יחידה,0.00,יחידה,false,,8.50,0.0000,true,1,108662
835811008132,false,כריות מתכת בגליל 6יח,שוורצקוף& הנקל דיסלד,CN,ספוגי מתכת שישיה,יחידה,0.00,יחידה,false,,10.90,0.0000,true,1,134984
835811008347,false,גפרור ארוך מאוד להבי,הנמל,SE,גפרור ענק-45 יח'.,יחידה,0.00,יחידה,false,,4.90,0.0000,true,1,117570
835811008699,false,כפות שקוף/קרם עבה במיוחד הנמל 50 יח,"גרנג יוניברס , הונג",TR,כפות 50 יח שקוף עבה,יחידה,0.00,יחידה,false,,13.90,0.0000,true,1,190369
835811008743,false,קינואה 500 גר' מרובע,הנמל,,קינואה 500 גר' מרובע,גרמים,500.00,100 גרם,false,,11.90,0.0238,true,1,121819
835811008767,false,גריסי פנינה מרובע הנ,הנמל,,גריסי פנינה 500 גר',גרמים,500.00,100 גרם,false,,4.90,0.0098,true,1,121820
835811008910,false,ליפתניות הגשה 8יח הנ,בי רייט,CN,ליפתניות הגשה 8יח הנ,יחידה,0.00,יחידה,false,,10.50,0.0000,true,1,136997
835811008927,false,כוס ויסקי הנמל 10 יח,בי רייט,CN,כוס ויסקי גבוהה 10 י,יחידה,0.00,יחידה,false,,11.90,0.0000,true,1,143752
835811008934,false,מזלגות 50 יח שקוף/קרם עבה במיוחד,"גרנג יוניברס , הונג",TR,מזלגות שקופים- 50 יח,יחידה,0.00,יחידה,false,,13.90,0.0000,true,1,116966
835811008941,false,סכינים 50 יח שקוף/קרם עבה במיוחד,"איטיליאן פוד, אס.פי.",TR,סכינים חד פעמי 50יח,יחידה,0.00,יחידה,false,,13.90,0.0000,true,1,117091
835811008958,false,כפיות 50 יח שקוף/קרם עבה במיוחד,"גרנג יוניברס , הונג",TR,כפיות חד פעמי 50יח,יחידה,0.00,יחידה,false,,13.90,0.0000,true,1,117092
835811008989,false,"כוסות משקה חם קרטון 355 מ""ל",הנמל,,כוסות קרטון 50 יח',יחידה,0.00,יחידה,false,,21.00,0.0000,true,1,128038
835811008996,false,"כוסות חד פעמי קרטון 295 מ""ל",הנמל,CN,כוסות קרטון 50 יח' מ,יחידה,0.00,יחידה,false,,15.90,0.0000,true,1,116140
835811009016,false,כוסות קרטון 50 יח 4 OZ,הנמל,CN,כוסות קרטון 50 יח' מ,יחידה,0.00,יחידה,false,,6.90,0.0000,true,1,116141
835811009023,false,"כוסות משקה חם קרטון 235 מ""ל",הנמל,,כוסות קרטון 8 /50 י,יחידה,0.00,יחידה,false,,12.90,0.0000,true,1,128061
835811009115,false,מגשית מלבנית שקופה 1,בי רייט,CN,מגשית מלבנית שקופה 1,יחידה,0.00,יחידה,false,,4.90,0.0000,true,1,117459
835811009139,false,"לפתניות מרובעות ח""פ הנמל 10 יח'",בי רייט,CN,ליפתניות מרובעות 10,יחידה,0.00,יחידה,false,,13.90,0.0000,true,1,116241
835811009191,false,"צלחות אלגנט בינוני ח""פ הנמל 18 יח'",בי רייט,CN,צלחות גדולות אלגנט 1,יחידה,0.00,יחידה,false,,43.90,0.0000,true,1,116467
835811009207,false,מרקיות עגול אלגנט בינוני הנמל 18 יח,הנמל,,קערות למרק אלגנט 18י,יחידה,0.00,יחידה,false,,31.90,0.0000,true,1,117460
835811009214,false,"צלחות אלגנט קטן ח""פ הנמלן 18 יח '",הנמל,,צלחות קטנות אלגנט 18,יחידה,0.00,יחידה,false,,29.90,0.0000,false,1,116468
835811009337,false,כוסות יין חד פעמי 1,הנמל,,כוס יין 12 יח',יחידה,0.00,יחידה,false,,12.90,0.0000,true,1,116143
835811009795,false,כוס מרובעת 20יח 10 OZ פס כסף זהב,בי רייט,CN,כוס מרובעת 20 יח' קר,יחידה,0.00,יחידה,false,,19.90,0.0000,true,1,116244
837038000371,false,פלפל 4 צבעים במטחנה,NATURAL HERBS & SPIC,,מטחנה פלפל 4 צבעים,גרמים,185.00,100 גרם,false,,45.90,0.2481,true,1,191483
837038000678,false,מלח ים גס במטחנה 415,NATURAL HERBS & SPIC,,N- מלח במטחנה,גרמים,415.00,100 גרם,false,,31.90,0.0769,true,1,148253
837038000692,false,N- פלפל שחור שלם במט,NATURAL HERBS & SPIC,,N- פלפל שחור שלם במט,גרמים,185.00,100 גרם,false,,42.90,0.2319,true,1,148254
839762000641,false,משקה איילנד מנגו נקטר 1 ל',"פאראגאלה,דה אג'יפשן",EG,משקה מנגו איילנד,ליטרים,1.00,ליטר,false,,11.90,11.9000,true,1,109907
839762000658,false,איילנד גויאבה המשקה של חופי סיני 1 ליטר,The Egyptian Co. for,EG,משקה גויאבה איילנד,ליטרים,1.00,ליטר,false,,11.90,11.9000,true,1,109908
839762002379,false,משקה נקטר מנגו איילנד 350מל,"פאראגאלה,דה אג'יפשן",EG,איילנד מנגו 350מל,מיליליטרים,350.00,"100 מ""ל",false,,5.50,0.0157,true,1,139166
841058005285,false,אדג גל גילוח מועשר בשיבולת שועל 198 גרם,אדג' ג'ל,,אדג' ג'ל אפור לעור ר,גרמים,198.00,100 גרם,false,,17.90,0.0904,true,1,213866
841058006633,false,"אדג' ג'יל גילוח מועשר בשיבולת שועל 198 מ""ל",אדג' ג'ל,US,אדג' ג'ל שחור נגד חת,גרמים,198.00,100 גרם,false,,17.90,0.0904,true,1,215041
850004207789,false,בשר מיטבולס 290 ג' ביונד מיט,תאי פרזידנט פוד פאבל,US,מיטבולס ביונד מיט 29,גרמים,290.00,100 גרם,false,,34.90,0.1203,false,1,217740
850006036028,false,מאפה חיטה מקלונים בטעם סלק בצל 400 ג' עבאדי,עבאדי,IL,מקלונים בטעם סלק בצל,גרמים,400.00,100 גרם,false,,17.90,0.0447,false,1,262555
851621000050,false,בירה חיטה בטעם הדרים 1664 בלאנק - שישייה,קרלסברג ספליי קומפאנ,PL,בירה בלנק חיטה הדרית,מיליליטרים,1980.00,"100 מ""ל",false,,45.90,0.0232,false,1,210682
852629004774,false,רביעיית נקניקיות ביונד מיט 400 גרם,תאי פרזידנט פוד פאבל,US,רביעיית נקנקיות ביונ,גרמים,100.00,100 גרם,false,,33.90,0.3390,false,1,217742
856591000055,false,עוגיות מזרחיות קריספי שרוף במיוחד,עבאדי,IL,עוגיות מזרחיות קריספ,גרמים,400.00,100 גרם,false,,17.90,0.0447,true,1,193115
856591000062,false,עוגיות מזרחיות עם מלח עבאדי 400 גרם,מאפיית יוסף ושמחה עב,IL,עוגיות מזרחיות עבדי,גרמים,400.00,100 גרם,false,,17.90,0.0447,false,1,97307
856591000109,false,עוגיות מזרחיות פריך במיוחד עבאדי 400 גרם,מאפיית יוסף ושמחה עב,IL,עוגיות מזרחיות פריך,גרמים,400.00,100 גרם,false,,17.90,0.0447,true,1,124403
856591000512,false,עוגיות מזרחיות מקלונים עם שומשום עבאדי 400 גרם,מאפיית יוסף ושמחה עב,IL,עוגיות מזרחיות מקלות,גרמים,400.00,100 גרם,false,,17.90,0.0447,false,1,124404
856591000949,false,"מאפה חיטה מלוח ""קטנטנים"" עבאדי 350 גרם",עבאדי,IL,קטנטנים של עבאדי 350,גרמים,350.00,100 גרם,false,,14.90,0.0426,true,1,219787
859605002052,false,חטיף צקי מאנקי עם בננה אורגני 60 גרם,השדה מוצרים טבעיים ו,IL,צ'יקי מאנקי עם בננה,גרמים,60.00,100 גרם,false,,6.50,0.1083,true,1,263331
884912117625,false,דגני שלווה מצופים בדבש Golden Crisp,הנסיך- מפעל לייצור ט,US,דגני גולדן קריספ,גרמים,418.00,100 גרם,false,,21.90,0.0524,true,1,205137
884912126115,false,גרייט גריינס דגני בוקר עם פירות יבשים פוסט 453 גרם,הנסיך- מפעל לייצור ט,US,דגני גרייט גריינס די,גרמים,453.00,100 גרם,false,,21.90,0.0483,true,1,124611
884912129512,false,דגני בוקר קוקו פבלס פלינסטון 311 גר,פוסט לקיוויל,US,דגני פוסט קקאו פלינט,גרמים,311.00,100 גרם,false,,21.90,0.0704,true,1,262801
884912342737,false,דגני בוקר פוסט וופל קריספ 326 גר',הנסיך- מפעל לייצור ט,US,דגני וופל קריספ פוסט,גרמים,326.00,100 גרם,false,,21.90,0.0672,true,1,211674
884912359155,false,האני באנצ' דגני בוקר עם דבש פוסט 411 גרם,פוסט ארצות הברית,US,דגני האני בנצ'ס רוסט,גרמים,340.00,100 גרם,false,,22.90,0.0674,true,1,262160
884912359162,false,האני באנצ' דגני בוקר עם שקדים פוסט 411 גרם,פוסט ארצות הברית,US,דגני האני בנצ'ס שקדי,גרמים,340.00,100 גרם,false,,22.90,0.0674,true,1,262161
884912359421,false,דגני בוקר האני באנצס פקאן ומייפל 340 ג' POST,פוסט ארצות הברית,US,דגני האני בנצ'ס מייפ,גרמים,340.00,100 גרם,false,,22.90,0.0674,true,1,262163
884912359483,false,דגני בוקר האני באנצס תות 312 ג' POST,פוסט ארצות הברית,US,דגני האני בנצ'ס תות,גרמים,311.00,100 גרם,false,,22.90,0.0736,true,1,262164
884912365200,false,דגני בוקר אוראו שחור ולבן 311 גרם,פוסט ארצות הברית,US,דגני בוקר אוראו 311,גרמים,311.00,100 גרם,false,,18.90,0.0608,true,1,263950
884912365217,false,דגני בוקר אוראו שחור ולבן 311 גרם,פוסט ארצות הברית,US,דגני בוקר אוראו,גרמים,311.00,100 גרם,false,,18.90,0.0608,true,1,217440
884912377142,false,דגני בוקר האני באנצס וניל 340 ג' POST,פוסט ארצות הברית,US,דגני האני באנצ'ס וני,גרמים,340.00,100 גרם,false,,22.90,0.0674,true,1,262140
893594002051,false,"חטיף פופקורן צ`יפס בטעם גבינת צ`דר, 28ג Medora snacks",PepsiCo inc. Frito lay Division,US,פופקורנס גבינת צ'דר,גרמים,28.00,100 גרם,false,,6.50,0.2321,true,1,263785
893594002068,false,"חטיף פופקורן צ`יפס עם מלח ים,28 ג HANTRONIX",PepsiCo inc. Frito lay Division,US,פופקורנס מלח ים,גרמים,28.00,100 גרם,false,,6.50,0.2321,true,1,263786
897581000365,false,מרשמלו טבעוני 283 גרם ללא גלוטן,גוד פוד פרודקטס S.p,IL,מרשמלו טבעוני,גרמים,283.00,100 גרם,false,,21.90,0.0774,true,1,206748
897581000372,false,מיני מרשמלו טבעוני 283 גרם,,IL,מיני מרשמלו טבעוני 2,גרמים,283.00,100 גרם,false,,21.90,0.0774,true,1,206749
1230000068314,false,בשר טחון מהצומח ביונד מיט 300 גרם,זנברגן וורלד פינסט מ,NL,בשר טחון ביונד מיט 3,גרמים,300.00,100 גרם,false,,31.90,0.1063,false,1,217741
1230000116022,false,ביונד בורגר Beyond Burger - מארז זוג,ביונד מיט קליפורניה,US,המבורגר ביונד מיט מא,גרמים,226.00,100 גרם,false,,28.90,0.1279,false,1,262589
3014260022839,false,אורל בי דליקייט וויט זוג 40 MEDIUM,פרוקטר אנד גמבל,IN,זוג מברשת אוראל בי נ,יחידה,0.00,יחידה,false,,19.90,0.0000,true,1,186742
3014260023089,false,אורל בי מברשת שיניים קלאסיק 40 מדיום 3יח,פרוקטר אנד גמבל,IN,מברשת שיניים שלישיה,יחידה,0.00,יחידה,false,,11.90,0.0000,true,1,188100
3014260048723,false,מברשת שיניים אורל בי,פרוקטר אנד גמבל,IN,מברשת שיניים אורל בי,יחידה,0.00,יחידה,false,,9.90,0.0000,true,1,190480
3014260095727,false,אורל בי קרוס אקשן קומפליט 7 40 זוג,דיפלומט,DE,זוג מברשות שיניים או,יחידה,0.00,יחידה,false,,39.90,0.0000,true,1,197441
3014260100636,false,מברשת שיניים אורל בי לילדים 0-2,דיפלומט,IE,מברשת שיניים אורל בי,יחידה,0.00,יחידה,false,,15.90,0.0000,true,1,261973
3014260100667,false,אורל בי מברשת שיניים ילדים 3-5 שנים,דיפלומט,IE,אורל בי מברשת שיניים,יחידה,0.00,יחידה,false,,15.90,0.0000,true,1,261969
3014260100698,false,אורל בי מברשת שיניים ילדים 6-12 שנים,פרוקטר אנד גמבל,IE,אורל בי מברשת גוניור,יחידה,0.00,יחידה,false,,15.90,0.0000,true,1,261968
3014260201753,false,סכיני גילוח ג'ילט בלו 2 להבים - מארז 5 יח',פרוקטר אנד גמבל,PL,סכינים בלו 2 חמי,יחידה,0.00,יחידה,false,,14.90,0.0000,true,1,106560
3014260214692,false,"ג'ל גילוח ג'ילט סירייס לעור רגיש 200 מ""ל",פרוקטר אנד גמבל,GB,ג'ל לגילוח רגיש,מיליליטרים,200.00,"100 מ""ל",false,,16.90,0.0845,true,1,106561
3014260228842,false,"קצף גילוח ג'ילט לעור רגיל 200 מ""ל",מולינו ניקולי s.p.a,GB,ג'ילט קצף גילוח רגיל,מיליליטרים,200.00,"100 מ""ל",false,,14.90,0.0745,true,1,121847
3014260240226,false,"ג'ילט קצף גילוח לעור רגיש, 200 מ""ל",מולינו ניקולי s.p.a,GB,ג'ילט קצף גילוח רגיש,מיליליטרים,200.00,"100 מ""ל",false,,14.90,0.0745,true,1,121922
3014260246693,false,סכיני גילוח חד פעמי ונוס סימפלי רביעייה,Unknown,,סכיני גילוח ונוס חד,יחידה,0.00,יחידה,false,,11.90,0.0000,true,1,187167
3014260262709,false,סכין גילוח ונוס לנשים 4 יחידות,ג'ילט ונוס Gillette Venus,DE,סכיני גילוח ונוס רבי,יחידה,0.00,יחידה,false,,44.90,0.0000,true,1,106573
3014260280772,false,אורל בי חוט דנטלי אסנשיאל מנטה שעווה 50מ',פרוקטר אנד גמבל,MX,חוט דנטלי מנטה עם שע,יחידה,0.00,יחידה,false,,16.90,0.0000,true,1,106582
3014260283254,false,סכיני גילוח חד פעמי בלו 2 פלוס *5,,,ג'ילט בלו 2 פלוס * 5,יחידה,0.00,יחידה,false,,11.90,0.0000,true,1,149993
3014260287030,false,סכיני גילוח חד פעמי חמישיה gullette,פרוקטר אנד גמבל,MD,ג'ילט 2 חמישיה.,יחידה,0.00,יחידה,false,,7.90,0.0000,false,1,106584
3014260289287,false,סכין גילוח גילט בלו 2 לנשים-חמישייה,פרוקטר אנד גמבל,RU,סכיני גילוח בלו 2 לנ,יחידה,0.00,יחידה,false,,14.90,0.0000,true,1,133895
3014260833848,false,מברשות שיניים אורל בי פרו אקספרט 35 זוג,,,זוג מברשת שיניים אור,יחידה,0.00,יחידה,false,,24.90,0.0000,true,1,213011
3045200760009,false,"דזיטול נוזל מחטא בגדים בכביסה 500 מ""ל",יעקובי,BE,דזיטול נוזל מחטא בגד,מיליליטרים,500.00,"100 מ""ל",false,,13.90,0.0278,true,1,203960
3045201106004,false,אידיאל מסיר כתמים-כחול,יעקובי,ES,אדיאל מסיר כתמים כחו,מיליליטרים,150.00,"100 מ""ל",false,,19.90,0.1327,true,1,137461
3045201107001,false,אידיאל מסיר כתמים לפני כביסה -כדור מסאג,אידיאל Ideal,ES,אידאל מסיר כתמים אדו,מיליליטרים,150.00,"100 מ""ל",false,,19.90,0.1327,true,1,137462
3045201108008,false,אידיאל מסיר כתמים לפני כביסה -כדור מבריש,אידיאל Ideal,ES,אדיאל מסיר כתמים צהו,מיליליטרים,150.00,"100 מ""ל",false,,19.90,0.1327,true,1,137463
3045206360609,false,"דזיטול נוזל מחטא בגדים בכביסה, 1 ליטר",רלוי,ES,דזיטול נוזל מחטא בגד,ליטרים,1.00,ליטר,false,,22.90,22.9000,true,1,219906
3046920010801,false,שוקולד מריר אקסלנס עם אגוזי לוז,לינדט ושפרונגלי אס.א,FR,לינדט אקסלנס הזלנט 1,גרמים,100.00,100 גרם,false,,15.00,0.1500,true,1,197581
3046920016377,false,לינדט שוקולד אקסלנס מריר 100% קקאו 50 גר,לינדט ושפרונגלי,DE,לינדט אקסלנס 100 גר',גרמים,100.00,100 גרם,false,,15.00,0.1500,true,1,214200
3046920027281,false,שוקולד מריר אקסלנס במילוי קרמל ומלח ים,לינדט ושפרונגלי,FR,שוקולד לינדט אקסלנס,גרמים,100.00,100 גרם,false,,15.00,0.1500,true,1,187080
3046920028004,false,לינדט שוקולד אקסלנס מריר 70% 100 גר,לינדט ושפרונגלי,FR,שוקולד לינדט מריר 70,גרמים,100.00,100 גרם,false,,15.00,0.1500,true,1,98414
3046920028363,false,לינדט אקסלנס 85% מוצקי קקאו 100 גרם,לינדט ושפרונגלי,FR,שוקולד לינדט אקסלנס,גרמים,100.00,100 גרם,false,,15.00,0.1500,true,1,98415
3046920028721,false,שוקולד מריר אקסלנס 99%,לינדט ושפרונגלי,FR,לינדט אקסלנס 99%,גרמים,50.00,100 גרם,false,,15.00,0.3000,true,1,195600
3046920028752,false,שוקולד לינדט אקסלנס מינט 100 גרם,לינדט ושפרונגלי,FR,לינדט אקסלנס מנטה 10,גרמים,100.00,100 גרם,false,,15.00,0.1500,true,1,113876
3046920029674,false,שוקולד לינדט אקסלנס סולט 100 גרם,לינדט ושפרונגלי,DE,לינדט אקסלנס עם שבבי,גרמים,100.00,100 גרם,false,,15.00,0.1500,true,1,123560
3046920029681,false,לינדט שוקולד אקסלנס מילד 85% קקאו 100 גר,לינדט,DE,לינדט אקסלנס מילד 10,גרמים,100.00,100 גרם,false,,15.00,0.1500,true,1,213982
3046920029759,false,לינדט אקסלנס 90% מוצקי קקאו 100 גרם,לינדט ושפרונגלי ג'י.,DE,שוקולד לינדט אקסלנס,גרמים,100.00,100 גרם,false,,15.00,0.1500,true,1,187081
3059940007768,false,"אירוויק ספריי בניחוח וניל ואורכידאה 240 מ""ל",איירוויק Air Wick,GB,אירוויק ספריי וניל,יחידה,240.00,יחידה,false,,9.90,0.0413,false,1,128595
3059943015104,false,"אירוויק מבשם אויר נטול גז בניחוח פריסיה ויסמין 345 מ""ל",איירוויק Air Wick,PL,אירוויק נטול גז פריס,מיליליטרים,345.00,"100 מ""ל",false,,14.90,0.0432,true,1,122775
3059943015128,false,מבשם אוויר נטול גז אקווה מיסט בניחוח לבנדר פראי ואוויר הרים,הדקלאים אגודת שיתופי,PL,אירוויק נטול גז לבנד,מיליליטרים,345.00,"100 מ""ל",false,,14.90,0.0432,true,1,122776
3059943016507,false,"אירוויק ספריי בניחוח לבנדר וקמומיל 240 מ""ל",איירוויק Air Wick,GB,אירוויק ספריי לבנדר,מיליליטרים,250.00,"100 מ""ל",false,,9.90,0.0396,false,1,128596
3059943016569,false,"אירוייק ספריי בניחוח פריסיה ויסמין 240 מ""ל",איירוויק Air Wick,GB,אירוויק ספריי פריסיה,מיליליטרים,250.00,"100 מ""ל",false,,9.90,0.0396,false,1,128593
3059944022415,false,רצועות שעווה מוכנות לשימוש מועשרת בתמציות ובניחוח ורדים,רקיט בנקיזר צרפת,FR,ויט רצועות שעווה להס,יחידה,0.00,יחידה,false,,19.90,0.0000,true,1,124228
3067140013113,false,אבקה להכנת משקה על בסיס עולש,LEROUX COFFEE SUB,FR,משקה ציקוריה בטעם קר,גרמים,100.00,100 גרם,false,,26.90,0.2690,true,1,96165
3067140243114,false,אבקה להכנת משקה על בסיס עולש בטעם קרמל,LEROUX COFFEE SUB,FR,אבקה לירוקס להכנת מש,גרמים,100.00,100 גרם,false,,26.90,0.2690,true,1,96167
3069538102027,false,רביעיית רכז עגבניות צ'יריו 70 גרם,,,רביעיית רכז עגבניות,גרמים,70.00,100 גרם,false,,8.90,0.1271,true,1,262282
3073781161663,false,גבינה מותכת 18.5% שומן לה וואש קירי,לה וואש קירי La Vache qui rit,FR,גבינה לוואש קירי 8 י,גרמים,128.00,100 גרם,false,,11.90,0.0930,true,1,219268
3073781161687,false,גבינה לה ושקרי 256 גרם כשר,פרומאג'רי בל דום סאם,FR,גבינה לוואש קירי 16,גרמים,256.00,100 גרם,false,,22.70,0.0887,true,1,219269
3073781162790,false,גבינה מותכת בייבי בל 120 גרם,מחלבות בל,FR,בייביבל ברשת,גרמים,120.00,100 גרם,false,,19.90,0.1658,true,1,262119
3073781177220,false,גבינת אדם בייבי בל ר,מחלבות בל,FR,גבינה בייבי בל רול,גרמים,102.00,100 גרם,false,,19.90,0.1951,true,1,263667
3142640618867,false,יין רוזה סטורי פרובנ,Unknown,,יין רוזה סטורי פרובנ,מיליליטרים,750.00,"100 מ""ל",false,,80.00,0.1067,true,1,220028
3161911229199,false,חמאה צרפתית רכה למריחה אל & ויר 250 גרם,אלל אה וויר,FR,חמאה רכה,גרמים,250.00,100 גרם,false,,21.00,0.0840,true,1,109115
3161911364531,false,"חמאת ""נורמנדי אלוויר",אלוויר,,חמאה נורמנדי אלוויר,גרמים,200.00,100 גרם,false,,15.90,0.0795,true,1,109116
3161911366429,false,חמאה צרפתית מלוחה רכה למריחה אלוויר 250 גר',ארזינא,FR,חמאה רכה מלוחה,גרמים,250.00,100 גרם,false,,21.00,0.0840,true,1,109117
3161911393210,false,אלוויר חמאת נורמנדי מלוחה 200 גרם,אלוויר,FR,חמאת נורמנדי מלוחה א,גרמים,200.00,100 גרם,false,,17.90,0.0895,true,1,261921
3178530402278,false,"עוגיות פצפוצי קרמל, 150 גרם",סן מישל St Michel,FR,עוגיות גאלט חמאה עם,גרמים,150.00,100 גרם,false,,16.90,0.1127,true,1,194950
3178530402353,false,מיני מדליינס סאן מישל 175 גרם,סאן מישל,FR,עוגיות מנדל רכות,גרמים,175.00,100 גרם,false,,10.60,0.0606,true,1,193453
3178530407938,false,"עוגות מיני מדליין עם שוקולד צ'יפס, 175 גרם",סאן מישל,FR,מיני מדליין עם פצפוצ,גרמים,175.00,100 גרם,false,,11.90,0.0680,true,1,194953
3178530409673,false,"עוגיות פלמיה קרמל, 100 גרם",סן מישל,FR,עוגיות פלמיה קרמל,גרמים,100.00,100 גרם,false,,15.90,0.1590,true,1,210129
3178530412703,false,"דונאט עם שוקולד, 180 גרם",סן מישל St Michel,FR,דונאט עם שוקולד,גרמים,180.00,100 גרם,false,,16.90,0.0939,true,1,210130
3178530417418,false,דונאט עם שוקולד ציפס 180 גרם,סן מישל St Michel,FR,דונאט עם שוקולד ציפס,גרמים,180.00,100 גרם,false,,16.90,0.0939,true,1,210132
3179730011024,false,פרייה מים מינרלים מבעבעים טבעיים,נסטלה ווטרס ספלאי,FR,פרייה 330 מים קטן,מיליליטרים,330.00,"100 מ""ל",false,,5.90,0.0179,true,1,206902
3228022910023,false,חמאת צרפתית פרזידנט 200 גרם,סוסייטה בארייר דה אי,FR,חמאה צרפתית,גרמים,200.00,100 גרם,false,,13.90,0.0695,true,1,109121
3254550033217,false,סנט מור גבינת ברי איסיני 220 גרם,אף.סי תבליני בגליל ב,FR,גבינת ברי איסני 220,גרמים,220.00,100 גרם,false,,29.90,0.1359,true,1,189176
3335121604934,false,חרדל דיג'ון חלק פלוטקין 370 גרם,קובינור,FR,חרדל חלק 370 גר',גרמים,370.00,100 גרם,false,,8.00,0.0216,true,1,122019
3335121614933,false,חרדל דיג'ון עם גרגירים שלמים 370 גרם,קובינור,,שאטל חרדל דיזון גרגי,גרמים,200.00,100 גרם,false,,10.00,0.0500,true,1,117584
3387390320244,false,פיטנס דגני בוקר מחיטה מלאה עם פירות נסטלה 375 גרם,נסטלה צרפת איטנקורט,FR,פיטנס דגנים עם פירות,גרמים,375.00,100 גרם,false,,21.90,0.0584,false,1,93560
3387390525960,false,קראנץ' דגני בוקר עם שוקולד חלב נסטלה 500 גרם,הנסיך- מפעל לייצור ט,FR,דגנים קראנץ' נסטלה 5,גרמים,500.00,100 גרם,false,,19.90,0.0398,false,1,118720
3387390730852,false,פיטנס דגנים מחיטה מלאה ואורז נסטלה 375 גרם,נסטלה צרפת איטנקורט,FR,פיטנס דגני בוקר 375,גרמים,375.00,100 גרם,false,,21.90,0.0584,false,1,93565
3523230025638,false,"גבינת עיזים בושה טבעי, 125 גרם",אוריאל,FR,גבינת בושה עיזים 125,גרמים,125.00,100 גרם,false,,22.90,0.1832,true,1,147195
3523230025652,false,"גבינת מיני בושה עם שום ועשי תיבול ועשבי, 125 גרם",אוריאל,FR,גבינת מיני בושה שום,גרמים,125.00,100 גרם,false,,22.90,0.1832,true,1,217269
3523230026826,false,"גבינת עיזים למריחה פירמידה, 140 גרם",אוריאל,FR,גבינת עיזים טבעי פיר,גרמים,140.00,100 גרם,false,,23.90,0.1707,true,1,196959
3523230026888,false,"גבינת עיזים שום ועשבי תיבול למריחה פירמידה, 140 גרם",סואניון SOIGNON,FR,גבינת עיזים עם שום פ,גרמים,140.00,100 גרם,false,,23.90,0.1707,true,1,196960
3523230038959,false,גבינת עיזים מיני בוש,אוריאל,FR,גבינת בושה מפוחם 125,גרמים,125.00,100 גרם,false,,22.90,0.1832,true,1,218790
3523230045827,false,סנט מור חלב עיזים 160 גר,אוריאל,FR,גבינת סנט מור 160 גר,גרמים,160.00,100 גרם,false,,25.90,0.1619,true,1,202456
3544760002449,false,"מלח ים אטלנטי 1 ק""ג+ AQUASEL 10%",,,"מלח אטלנטיק 1.1 ק""ג",קילוגרמים,1.10,"ק""ג",false,,18.50,16.8182,true,1,145003
3563490014898,false,ריין דיז'ון חרדל דיז'ון 265 גרם,ריין דיז'ון reine dijon,FR,חרדל דיזון לחיץ 255,גרמים,265.00,100 גרם,false,,11.90,0.0449,true,1,150788
3574660058857,false,גונסון בייבי שמן 500 מל חדש,גונסון אנד גונסון,IT,ג'ונסון בייבי שמן 50,מיליליטרים,500.00,"100 מ""ל",false,,29.90,0.0598,true,1,206875
3574660089547,false,טמפונים נורמל קלאסי אובה 32 יחידות,ג'ונסון אנד ג'ונסון,GR,אובה קלאסי נורמל 32י,יחידה,0.00,יחידה,false,,22.90,0.0000,true,1,111659
3574660333466,false,טמפונים מיני פרו קומפורט אובה 32 יחידות,הנסיך- מפעל לייצור ט,DE,או-בה פרוקומפורט מינ,יחידה,0.00,יחידה,false,,22.90,0.0000,true,1,138209
3574660514643,false,קרם לחות רב שימושי עשיר נוטרוגינה 300 מל,ניוטרוג'ינה Neutrogena,IT,נוטרג'ינה קרם לחות ע,מיליליטרים,300.00,"100 מ""ל",false,,26.90,0.0897,true,1,143302
3574660571769,false,ניוטרוגינה שפתון לחות SPF20,שסטוביץ,GR,ניוטרוג'ינה שפתון לח,יחידה,0.00,יחידה,false,,19.90,0.0000,true,1,209892
3574661003924,false,שטיפת פה טוטאל קר בטעם מנטה צלול,גונסון אנד גונסון,IT,ליסטרין שטיפת פה 500,מיליליטרים,500.00,"100 מ""ל",false,,16.90,0.0338,true,1,188744
3574661018201,false,תחליב גוף ניוטרוג'ינ,,,תחליב גוף ניוטרוג'ינ,מיליליטרים,400.00,"100 מ""ל",false,,34.90,0.0872,true,1,144067
3574661098937,false,נטרוגינה תחליב גוף-יבש סדרה נורווגית,ניוטרוג'ינה Neutrogena,GR,ניוטרוג'ינה תחליב גו,מיליליטרים,400.00,"100 מ""ל",false,,34.90,0.0872,true,1,204358
3574661114637,false,ליסטרין שטיפת פה קול מינט טעם מעודן 500,ג'ונסון אנד ג'ונסון,IT,"ליסטרין 500 מ""ל",מיליליטרים,500.00,"100 מ""ל",false,,16.90,0.0338,true,1,151294
3574661141022,false,וניה תחבושות הגייניות מקסי לילה 12 יח,CILAG GMBH INTERNATI,BE,וניה תחבושות הגייניו,יחידה,0.00,יחידה,false,,23.90,0.0000,true,1,188097
3574661200019,false,נוטרוגינה ת.גוף ויזבלי ריניו משאבה 400 מל,ניוטרוג'ינה Neutrogena,,נוטורג'ינה תחליב גוף,מיליליטרים,400.00,"100 מ""ל",false,,34.90,0.0872,true,1,191499
3574661363998,false,"מי פה ליסטרין תה ירוק 500 מ""ל",גונסון אנד גונסון,IT,"ליסטרין 500 מ""ל",מיליליטרים,500.00,"100 מ""ל",false,,16.90,0.0338,true,1,199819
3574661419435,false,תחבושת הגיינית וניה מקסי לילה 12 יח',Johnson Vania - BL,BE,וניה תחבושות הגייניו,יחידה,0.00,יחידה,false,,23.90,0.0000,true,1,263934
3574661425696,false,גונסונס בייבי תחליב לתינוק 500 מל,ג'ונסונס Johnson's,IT,גונסון בייבי תחליב,מיליליטרים,500.00,"100 מ""ל",false,,27.90,0.0558,true,1,206885
3574661485218,false,טמפונים נורמל אובה 32 יח' פרוקומפורט,Johnson Toilet-IT,FR,אובה פרוקונפורט נורמ,יחידה,0.00,יחידה,false,,22.90,0.0000,true,1,262743
3574661487328,false,קרפרי מגני תחתון אורגינל פלוס 56 יח',הדקלאים אגודת שיתופי,IT,קרפרי מגן תחתון 56 י,יחידה,0.00,יחידה,false,,15.90,0.0000,true,1,209117
3574661487618,false,קרפרי מגן תחתון מקסי לארג'' מבושם 48 יח'',ג'ויה מעבדות לקוסמטי,IT,קרפרי מגן תחתון מקסי,יחידה,0.00,יחידה,false,,15.90,0.0000,true,1,209844
3574661487625,false,מגני תחתון פלוס לארג' בניחוח עדין L,הדקלאים אגודת שיתופי,IT,קרפרי מגן תחתון מקסי,יחידה,0.00,יחידה,false,,15.90,0.0000,true,1,209421
3574661487632,false,מגני תחתון פלוס לארג' בניחוח עדין L,קרפרי Carefree,GR,קרפרי מגן תחתון לארג,יחידה,0.00,יחידה,false,,19.90,0.0000,true,1,209994
3574661491806,false,מי פה אדבנס וויט מנטה מסירה כתמים קשים,גונסון אנד גונסון,IT,"ליסטרין 500 מ""ל WHIT",מיליליטרים,500.00,"100 מ""ל",false,,16.90,0.0338,true,1,219531
3574661500355,false,קרפרי מגן תחתון מקסי לונג רגיל 40 יח',ג'ויה מעבדות לקוסמטי,IT,קרפרי מקסי לונגי רגי,יחידה,0.00,יחידה,false,,15.90,0.0000,true,1,208747
3574661501901,false,שטיפה אינטימית יומיומית מכיל תה ירוק ואלוורה,קרפרי Carefree,IT,קרפרי שטיפה אינטימית,מיליליטרים,200.00,"100 מ""ל",false,,16.90,0.0845,true,1,209435
3574661552576,false,קרפרי מגן תחתון רגיל טנגה לבן 56 יח חדש,הדקלאים אגודת שיתופי,GR,קרפרי מגן תחתון טנגה,יחידה,0.00,יחידה,false,,15.90,0.0000,true,1,212437
3574661552804,false,קרפרי מגן תחתון אלוורה 56 יח',הדקלאים אגודת שיתופי,IT,קרפרי מגן תחתון אלוו,יחידה,0.00,יחידה,false,,15.90,0.0000,true,1,214294
3574661552811,false,קרפרי מגן תחתון כותנה נטול ריח 56 יח,הדקלאים אגודת שיתופי,GR,קרפרי כותון אוורירי,יחידה,0.00,יחידה,false,,15.90,0.0000,true,1,213107
3574661554877,false,קרפרי מגן תחתון כותנה מבושם 56 יח,הנסיך- מפעל לייצור ט,GR,קרפרי כותון מבושם 56,יחידה,0.00,יחידה,false,,15.90,0.0000,true,1,212438
3574661610344,false,נטרוגינה קרם לחות עשיר ומרוכז לעור יבש ע,שסטוביץ,IT,ניוטרוגינה קרם לחות,מיליליטרים,300.00,"100 מ""ל",false,,26.90,0.0897,true,1,260947
3574661643359,false,ליסטרין נטורלס שטיפת פה אנאמל פרוטקט,גונסון אנד גונסון,IT,ליסטרין נטורלס שטיפת,מיליליטרים,500.00,"100 מ""ל",false,,16.90,0.0338,true,1,261889
3574661650029,false,ליסטרין שטיפת פה להגנה על החניכיים בטעם מעודן,גונסון אנד גונסון,IT,ליסטרין בטעם מעודן 5,מיליליטרים,500.00,"100 מ""ל",false,,16.90,0.0338,true,1,261891
3574669907682,false,גונסון בייבי טלק 500 גרם חדש,גונסון אנד גונסון,IT,ג'ונסון בייבי טלק 50,גרמים,500.00,100 גרם,false,,31.90,0.0638,true,1,207098
3574669907972,false,"גונסון בייבי שמפו טיפות של ברק 750 מ""ל",ג'ונסונס Johnson's,IT,ג'ונסון שמפו טיפות ש,מיליליטרים,750.00,"100 מ""ל",false,,24.90,0.0332,true,1,206874
3574669908443,false,ג'ונסון בייבי אל סבון וקצף אמבט 750 חדש,Johnson Toilet-IT,IT,גונסון בייבי אל סבון,מיליליטרים,750.00,"100 מ""ל",false,,21.90,0.0292,true,1,206913
3574669909181,false,גונסונס בייבי שמן אלוורה לתינוק 300 מל,ג'ונסונס Johnson's,IT,גונסון בייבי שמן אלו,מיליליטרים,300.00,"100 מ""ל",false,,21.90,0.0730,true,1,206888
3600521720219,false,קרם פנים לילה עם פעולה משולשת לכל סוגי העור,לוריאל Loreal,DE,קרם לחות ללילה,יחידה,50.00,יחידה,false,,45.90,0.9180,true,1,198744
3600522344032,false,לוריאל - אלביב מסכה טוטאל ריפר 300,לוריאל,,אלביב מסכה לשיער פגו,מיליליטרים,300.00,"100 מ""ל",false,,22.90,0.0763,true,1,147506
3600522368250,false,לוריאל - אקסלנס קרם 6.7 חום בהיר שוקולד,לוריאל,BE,צבע לשיער אקסלנס חום,יחידה,0.00,יחידה,false,,34.90,0.0000,true,1,211056
3600523193141,false,תרסיס לכיסוי שורשי השיער Magic Retouch שחור,לוריאל Loreal,BE,תרסיס לכיסוי שורשי ש,מיליליטרים,75.00,"100 מ""ל",false,,29.90,0.3987,true,1,218652
3600523337712,false,לוריאל - מג'יק ריטאצ' 6 חום מהגוני,לוריאל,BE,תרסיס לכיסוי שורשי ש,מיליליטרים,75.00,"100 מ""ל",false,,29.90,0.3987,true,1,218655
3600523642489,false,מסכת הזנה אינטנסיבית 6 שמנים לשיער יבש,לוריאל - אלביב Elvive,DE,אלביב מסכת שמנים,מיליליטרים,300.00,"100 מ""ל",false,,22.90,0.0763,true,1,207355
3600523651870,false,שמפו לחיזוק סיב השערה לכל סוגי השיער,לוריאל - אלביב Elvive,TR,שמפו ארגינין אלביב,מיליליטרים,550.00,"100 מ""ל",false,,14.90,0.0271,true,1,203204
3600523651887,false,"לוריאל - אלביב שמפו טוטאל ריפר 550 מ""ל",לוריאל - אלביב Elvive,TR,שמפו אלביב,מיליליטרים,550.00,"100 מ""ל",false,,14.90,0.0271,true,1,203557
3600523652228,false,"לוריאל - אלביב מרכך טוטאל ריפר 550 מ""ל",לוריאל - אלביב Elvive,TR,מרכך טוטאל ריפר אלבי,מיליליטרים,550.00,"100 מ""ל",false,,14.90,0.0271,true,1,203159
3600523652242,false,"לוריאל - אלביב שמפו קולור פרוטקט 550 מ""ל",לוריאל - אלביב Elvive,TR,שמפו קולור פרוטקט אל,מיליליטרים,550.00,"100 מ""ל",false,,14.90,0.0271,true,1,203160
3600523652259,false,"לוריאל - אלביב מרכך קולור פרוטקט 550 מ""ל",לוריאל,TR,מרכך קולור פרוטקט אל,מיליליטרים,550.00,"100 מ""ל",false,,14.90,0.0271,true,1,203161
3600523652280,false,"לוריאל אלביב שמפו מועשר ב 6 שמנים, 550 מ""ל",לוריאל - אלביב Elvive,TR,שמפו 6 שמנים אלביב,מיליליטרים,550.00,"100 מ""ל",false,,14.90,0.0271,true,1,203164
3600523652297,false,"מרכך לשיער אלביב זהב 6 שמנים , 550 מ""ל",לוריאל - אלביב Elvive,TR,מרכך 6 שמנים אלביב,מיליליטרים,550.00,"100 מ""ל",false,,14.90,0.0271,true,1,203153
3600523755806,false,"לוריאל - אלביב שמפו קוקוס 550 מ""ל",לוריאל,TR,שמפו אלביב קוקוס,מיליליטרים,550.00,"100 מ""ל",false,,14.90,0.0271,true,1,209984
3600523756322,false,"לוריאל - אלביב מרכך קוקוס 550 מ""ל",לוריאל,TR,אלביב מרכך קוקוס 550,מיליליטרים,550.00,"100 מ""ל",false,,14.90,0.0271,true,1,209985
3600523782567,false,"לוריאל - אלביב שמפו דרים לונג 500 מ""ל",לוריאל - אלביב Elvive,FR,שמפו אלביב דרים לונג,מיליליטרים,500.00,"100 מ""ל",false,,14.90,0.0298,true,1,207356
3600523782574,false,לוריאל - אלביב מסכה דרים לונג 300,לוריאל - אלביב Elvive,DE,אלביב מסכה לשיער,מיליליטרים,300.00,"100 מ""ל",false,,22.90,0.0763,true,1,207357
3600523782581,false,מרכך מתיר קשרים לשיער ארוך ופגום Dream Long,לוריאל - אלביב Elvive,FR,אלביב מרכך שיער 500,מיליליטרים,500.00,"100 מ""ל",false,,14.90,0.0298,true,1,207352
3600523816699,false,לוריאל - דרמו פעולה משולשת פרש ג'ל עברית,לוריאל Loreal,,קרם ג'ל פרש טריפל לו,מיליליטרים,50.00,"100 מ""ל",false,,47.90,0.9580,true,1,218014
3600523936700,false,לוריאל - דרמו משולשת נוטרישן לעור יבש עברית,לוריאל,,קרם לוריאל דרמו פעול,מיליליטרים,50.00,"100 מ""ל",false,,44.90,0.8980,true,1,218015
3600524051334,false,אלביב מרכך חומצה היאלורונית 400 מל,לוריאל,FR,מרכך אלביב היאלרונית,מיליליטרים,400.00,"100 מ""ל",false,,14.90,0.0373,true,1,263658
3600540928863,false,גרניה מיניראל רול און קליר אינויזיבל,לוריאל,,דאוד' רול גרנייה,מיליליטרים,50.00,"100 מ""ל",false,,10.90,0.2180,true,1,123889
3600541029323,false,גרנייה אסנשיאל מסיר איפור 2 ב- 1,SOPROCOS סופרוקוס,FR,מסיר איפור 2 ב- 1 גר,מיליליטרים,200.00,"100 מ""ל",false,,21.90,0.1095,true,1,198747
3600541253667,false,"גרנייה - דאודורנט ספריי לאישה אינביזיבל BWC (ורוד) 150 מ""ל","לוריאל ישראל בע""מ",FR,דאוד' ספריי גרנייה,מיליליטרים,150.00,"100 מ""ל",false,,10.90,0.0727,true,1,198758
3600541382930,false,גרנייה - מים מיסלרים לכל סוגי העור,גרנייה Garnier,PL,מים מיסלרים לכל סוג,מיליליטרים,400.00,"100 מ""ל",false,,29.90,0.0747,true,1,205164
3600541402270,false,"גרנייה - דאודורנט ספריי לאישה אינביזיבל BWC (ירוק) 150 מ""ל","לוריאל ישראל בע""מ",FR,דאוד' גרנייה ירוק לא,מיליליטרים,150.00,"100 מ""ל",false,,10.90,0.0727,true,1,199371
3600541928169,false,"גרנייה פיור פחם ג'ל ניקוי 150 מ""ל",לוריאל,PL,פיור אקטיב ג'ל ניקוי,מיליליטרים,200.00,"100 מ""ל",false,,33.90,0.1695,true,1,204853
3600541937475,false,גרניה פיור גרגרים מסיכה לעור מעורב עד שמן,לוריאל,PL,ג'ל לניקוי פנים גראנ,גרמים,150.00,100 גרם,false,,34.90,0.2327,true,1,203309
3600541952720,false,ג'ל גרגירים עם פחם פעיל לטיפול בראשים שחורים,גרנייה Garnier,PL,"ג'ל גרגרים 150 מ""ל",מיליליטרים,150.00,"100 מ""ל",false,,34.90,0.2327,true,1,203758
3600542216623,false,"גרנייה - דאודורנט רול און לאישה אקשן קונטרול רול 96 שעות 50 מ""ל",סופרוקוס,PL,רול און גרנייר,מיליליטרים,50.00,"100 מ""ל",false,,10.90,0.2180,true,1,217949
3600542216647,false,"גרנייה - דאודורנט ספריי לאישה 96 שעות אקשן קונטר 150 מ""ל",General,FR,דאודורנט ספריי 150 מ,מיליליטרים,150.00,"100 מ""ל",false,,10.90,0.0727,true,1,217888
3600542309974,false,"גרנייה - דאודורנט רול און לאישה מגנזיום 50 מ""ל",סופרוקוס,PL,רול און גרנייר,מיליליטרים,50.00,"100 מ""ל",false,,10.90,0.2180,true,1,217732
3600542310444,false,"גרנייה - דאודורנט ספריי לאישה מגנזיום 150 מ""ל",לוריאל,PL,דאודורנט ספריי מגנזי,מיליליטרים,150.00,"100 מ""ל",false,,10.90,0.0727,true,1,217792
3600542365710,false,גרנייה - פיור ג'ל ניקוי,General,,גרנייה פיור ג'ל לניק,100 מל,200.00,100 מל,false,,29.90,0.1495,true,1,218321
3600542385091,false,"גרנייה - דאודורנט רול און לאישה אקשן קונטרול 72 שעות 50 מ""ל",קוסמופול,PL,רול און גרנייר 60 מ,מיליליטרים,60.00,"100 מ""ל",false,,10.90,0.1817,true,1,218605
3600542385220,false,"גרנייה - דאודורנט רול און לאישה פרוטקשן 6 פלורל (סגול) 50 מ""ל",גרנייה Garnier,FR,רול און גרנייר,מיליליטרים,50.00,"100 מ""ל",false,,10.90,0.2180,true,1,217737
3600542385251,false,"גרנייה - דאודורנט רול און לאישה פרוטקשן 6 כותנה (ורוד) 50 מ""ל",גרנייה Garnier,FR,רול און גרנייר,מיליליטרים,50.00,"100 מ""ל",false,,10.90,0.2180,true,1,217734
3600542385275,false,"גרנייה - דאודורנט רול און לאישה פיור אקטיב 50 מ""ל",גרנייה Garnier,FR,רול און גרנייר,מיליליטרים,50.00,"100 מ""ל",false,,10.90,0.2180,true,1,217738
3600542397926,false,"גרנייה - דאודורנט ספריי לאישה פרוטקשן 6 כותנה (ורוד) 150 מ""ל",סופרוקוס,FR,דאודורנט ספריי פרוטק,מיליליטרים,150.00,"100 מ""ל",false,,10.90,0.0727,true,1,217887
3607340717635,false,אדידס גל רחצה לגבר אייס דייב 400 מל,קוטי ס.פ,ES,אדידס אייס דייב ג'ל,מיליליטרים,400.00,"100 מ""ל",false,,10.00,0.0250,true,1,202621
3607343817547,false,"אדידס - דאודורנט ספריי לגבר קליימקול 150 מ""ל",קולפ,PT,דאודורנט ספריי לגבר,מיליליטרים,150.00,"100 מ""ל",false,,14.90,0.0993,true,1,214128
3607345264356,false,"אדידס בודי ספריי לגבר דינמיק פולס, ללא אלומיניום, 150 מל",דנשר,,פיוז'ן-ספריי גוף דינ,מיליליטרים,0.00,"מ""ל",false,,19.90,0.0000,true,1,128956
3607345264912,false,"אדידס בודי ספריי לגבר אייס דייב, ללא אלומיניום, 150 מל",אגריפק אס איי לגרדה,ES,פיוז'ן-ספריי גוף איי,מיליליטרים,150.00,"100 מ""ל",false,,19.90,0.1327,true,1,133663
3607345265117,false,"אדידס - דאודורנט ספריי לגבר טים פורס 150 מ""ל",מיוצר עי קונדיטוריית,ES,פיוז'ן-ספריי גוף טים,מיליליטרים,0.00,"מ""ל",false,,19.90,0.0000,true,1,133009
3607347320449,false,"אדידס - ג'ל רחצה ספורט אנרג'י 400 מ""ל",קוטי ס.פ,ES,אדידס ספורט אנרגי ג',מיליליטרים,400.00,"100 מ""ל",false,,10.00,0.0250,true,1,202619
3607347415343,false,דאודורנט רול און איש,,PT,דאודורנט רול און איש,מיליליטרים,50.00,"100 מ""ל",false,,13.90,0.2780,true,1,203382
3608580071389,false,ממרח ערמונים 370 גרם BONNE MAMAN,בון מאמא,FR,ממרח ערמונים,יחידה,0.00,יחידה,false,,19.90,0.0000,true,1,259613
3608580075646,false,קונפיטורה בטעם שזיפים 370 גר BONNE MAMAN,בון מאמא,FR,קונפיטורה שזיפים,גרמים,370.00,100 גרם,false,,19.90,0.0538,true,1,259591
3608580730231,false,קונפיטורה בון ממאן תות שדה 370 גר',אף.סי תבליני בגליל ב,FR,קונפיטורה תות 370 גר,גרמים,370.00,100 גרם,false,,19.90,0.0538,true,1,189531
3608580730248,false,קונפיטורה דובדובן 370 ג' בוני מאמן,בון ממן,FR,קונפיטורה דבדבן 370,גרמים,370.00,100 גרם,false,,19.90,0.0538,true,1,189532
3608580730255,false,קונפיטורה בטעם משמש 370 גר BONNE MAMAN,בון ממן,FR,קונפיטורה משמש 370 ג,גרמים,370.00,100 גרם,false,,19.90,0.0538,true,1,189533
3614221653715,false,"אדידס קליימקול ג'ל רחצה, 400 מ""ל",קוטי ס.פ,ES,אדידס קליימקול ג'ל ר,מיליליטרים,400.00,"100 מ""ל",false,,10.00,0.0250,true,1,202620
3614224050986,false,"אדידס - דאודורנט ספריי לגבר אדיפאוור 72 שעות 150 מ""ל","ב.א מזון בע""מ",PT,דאודורנט אדידס ספריי,מיליליטרים,150.00,"100 מ""ל",false,,14.90,0.0993,true,1,215164
3661163970448,false,"אדידס דאודורנט ספריי מקס פרש לגברים 200 מ""ל",מיוצר עי קונדיטוריית,PT,דאו' ספריי לגבר A3דר,מיליליטרים,200.00,"100 מ""ל",false,,19.90,0.0995,true,1,124021
3661163990545,false,"אדידס דאודורנט ספריי לגברים אקשיין 200 מ""ל",מיוצר עי קונדיטוריית,PT,דאו' ספריי לגבר A3דר,מיליליטרים,200.00,"100 מ""ל",false,,19.90,0.0995,true,1,123603
3661163991580,false,"אדידס - דאודורנט ספריי לאישה קול אנד קר 6 ב-1 150 מ""ל",מיוצר עי קונדיטוריית,PT,דאו' ספריי לאישה A3ד,מיליליטרים,200.00,"100 מ""ל",false,,19.90,0.0995,true,1,124025
3665468301723,false,אירוויק באז מבשם ומנטרל ריחות בניחוח לילות לבנים 237 מ'ל,רקיט בנקיזר,PL,אירוויק מבשם אוויר ו,מיליליטרים,237.00,"100 מ""ל",false,,14.90,0.0629,true,1,263743
3700604200222,false,אריסה טוניסאית 350 גרם,,,אריסה טוניסאית 350 ג,גרמים,350.00,100 גרם,false,,21.90,0.0626,true,1,203277
3770000016796,false,"יין שבלי דומיין דה שאטיון כשל""פ 750 מ""ל",דומיין דה לה,FR,שאבלי דומיין דה שאטי,מיליליטרים,750.00,"100 מ""ל",false,,90.00,0.1200,true,1,211664
3800020403631,false,קיט קט וופל פריך עם קרם בוטנים (19%) בציפוי שוקולד חלב (61.8%),נסטלה בולגריה A.D.,BG,קיט קאט צ'אנקי חמאה,גרמים,42.00,100 גרם,false,,3.70,0.0881,true,1,144002
3800020423578,false,קיט קט שוקולד אצבעות צ'אנקי אדום 40ג',נסטלה Nestle,BG,נסטלה קיט קט צ'נקי א,גרמים,40.00,100 גרם,false,,3.70,0.0925,true,1,143275
3800020472569,false,קיט קט צ'אנקי קרמל 43.5ג,נסטלה,DE,קיט קט צ'אנקי קרמל,גרמים,43.50,100 גרם,false,,3.70,0.0851,true,1,263676
3800020472712,false,חטיף קיט קאט צאנקי פופקורן 42 ג',ליימן מותגים,BG,קיט קאט צ'אנקי פופקו,גרמים,42.00,100 גרם,false,,3.70,0.0881,true,1,219544
3800034954150,false,מארז 3 יחידות פריש דריי,,,מארז שלישיית מבשם,יחידה,0.00,יחידה,false,,10.00,0.0000,true,1,200536
3800034965798,false,פחתי ריח באריזת בליסטר,,,פחית מבשם אויר,יחידה,0.00,יחידה,false,,14.90,0.0000,true,1,200655
4000417019004,false,שוקולד חלב אגוזי לוז שלמים ריטר ספורט 100 גרם,ריטר ספורט Ritter sport,DE,שוקולד חלב ריטר ספור,גרמים,100.00,100 גרם,false,,9.90,0.0990,false,1,109822
4000417022004,false,ריטר ספורט שוקולד חלב מעולה עם צימוקים ואגוזי לוז 100 גרם,ריטר ספורט Ritter sport,DE,שוקולד חלב צימוקים ו,גרמים,100.00,100 גרם,false,,8.50,0.0850,false,1,109825
4000417023001,false,ריטר ספורט שוקולד חלב מעולה עם שקדים שלמים,ריטר ספורט Ritter sport,DE,שוקולד חלב עם שקדים,גרמים,100.00,100 גרם,false,,9.90,0.0990,false,1,109826
4000417025005,false,שוקולד מריר במילוי מרציפן ריטר ספורט 100 גרם,ריטר ספורט Ritter sport,DE,שוקולד ריטר ספורט עם,גרמים,100.00,100 גרם,false,,8.50,0.0850,false,1,109827
4000417101211,false,גלילי וופל עם קרם אגוזי לוז בציפוי שוקולד חלב,אמיצ'לי Amicelli,AT,אמיצ'לי גלילי וופל א,גרמים,150.00,100 גרם,false,,17.90,0.1193,true,1,260857
4000417211002,false,שוקולד חלב מעולה ממולא קרם קרמל מוקצף ושברי שקדים מומלחים,ריטר ספורט Ritter sport,DE,שוקולד ריטר מוס קרמל,גרמים,100.00,100 גרם,false,,8.50,0.0850,true,1,194158
4000417212009,false,ריטר ספורט שוקולד מריר מעולה עם שקדים קצוצים וקליפות תפוז מסוכרות,ריטר ספורט Ritter sport,DE,שוקולד ריטר מריר מעו,גרמים,100.00,100 גרם,false,,8.50,0.0850,true,1,205957
4000417222008,false,שוקולד ריטר ספורט חלב+שברי אגוזים 100 גרם חלב נוכרי,ריטר ספורט Ritter sport,DE,שוקולד ריטר חלב עם ש,גרמים,100.00,100 גרם,false,,8.50,0.0850,true,1,193079
4000417224002,false,"ריטר ספורט טבלת שוקולד מריר אגוזים, 100 גרם",ריטר ספורט Ritter sport,DE,ריטר שוקולד מריר עם,גרמים,100.00,100 גרם,false,,9.90,0.0990,false,1,133984
4000417294005,false,שוקולד ריטר מוס קקאו 100 גרם חלב נוכרי,ריטר ספורט Ritter sport,DE,ריטר מוס קקאו,גרמים,100.00,100 גרם,false,,8.50,0.0850,false,1,140677
4000417298003,false,שוקולד ריטר ספורט קוקוס 100 גרם חלב נוכרי,ריטר ספורט Ritter sport,DE,שוקולד ריטר חלב במיל,גרמים,100.00,100 גרם,false,,8.50,0.0850,false,1,143761
4000417450302,false,שוקולד חלב ומריר ריטר ספורט מונדיאל 183ג,ריטר,DE,מיני ריטר פאוצ' 183,גרמים,183.00,100 גרם,false,,19.90,0.1087,true,1,264314
4000417626417,false,שוקולד חלב חמוציות ממותקות ושברי אגוזי לוז,ריטר,,שוקולד ריטר חמוציות,גרמים,100.00,100 גרם,false,,8.50,0.0850,true,1,264390
4000417707000,false,שוקולד חלב מעולה עם שברי קשיו קלוי ומומלח,ריטר ספורט Ritter sport,DE,ריטר שוקולד חלב עם ש,גרמים,100.00,100 גרם,false,,9.90,0.0990,true,1,217927
4000417708007,false,"שוקולד ריטר ספורט מריר שקד, 100 גרם",ריטר ספורט Ritter sport,DE,ריטר שוקולד מריר עם,גרמים,100.00,100 גרם,false,,9.90,0.0990,true,1,217928
4000522009747,false,"בייגלה צ'יו מקלות תפו""א 80 גר'",טרופיקל דגיל תעשיות,HU,"בייגלה מקלות תפ""א",גרמים,85.00,100 גרם,false,,4.00,0.0471,true,1,218927
4000522061752,false,בייגלה צ'יו מקלות מלוחים 100 גרם,צ'יו Chio,HU,בייגלה צ'יו מקלות,גרמים,100.00,100 גרם,false,,4.00,0.0400,true,1,149430
4000539280726,false,שוקולד לינדט אקסלנס מילד 70% 100 גר,לינדט ושפרונגלי,DE,שוקולד לינדט מריר 70,גרמים,100.00,100 גרם,false,,15.00,0.1500,true,1,263234
4000539280740,false,לינדט אקסלנס 78% מוצקי קקאו 100 גרם,לינדט,FR,שוקולד לינדט 100 גר',גרמים,100.00,100 גרם,false,,15.00,0.1500,true,1,263432
4000869032569,false,"הפי מבשם ומטהר אויר ורוד מוצק יעקבי 150 מ""ל",יעקובי הפי,IT,הפי פרש ג'ל מוצק,יחידה,0.00,יחידה,false,,7.90,0.0000,true,1,103324
4001507161948,false,קווקר פתיתי שיבולת שועל דקה 500 גר,פורטין מולנברקה ג'ב,DE,שיבולת שועל דקה,גרמים,500.00,100 גרם,false,,6.00,0.0120,true,1,207304
4001507161955,false,קווקר פתיתי שיבולת שועל עבה 500 גר,פורטין מולנברקה ג'ב,DE,פתיתי שיבולת שועל עב,גרמים,500.00,100 גרם,false,,6.00,0.0120,true,1,207807
4001518003800,false,טורינוס מקלות פריכים עם פלפל ומלח 125 גר,גריסון,DE,טורינוס מקלות פריכים,גרמים,125.00,100 גרם,false,,13.90,0.1112,true,1,215945
4001518106112,false,טורינוס מקלות פריכים עם רוזמרין 125 גרם,גריסון,DE,טורינוס מקלות פריכים,גרמים,125.00,100 גרם,false,,13.90,0.1112,true,1,215946
4002448017684,false,"סיליט באנג ספריי ניקוי כללי מסיר אבנית 750 מ""ל",הדקלאים אגודת שיתופי,PL,סיליט באנג ספריי,מיליליטרים,750.00,"100 מ""ל",false,,14.90,0.0199,true,1,104405
4002448019480,false,"סיליט באנג מסיר שומנים רב שימושי 750 מ""ל",סיליט באנג Cillit Bang,PL,סיליט באנג מסיר שומנ,מיליליטרים,750.00,"100 מ""ל",false,,14.90,0.0199,false,1,104408
4002575016253,false,מרציפן מצופה שוקולד זנטיס 100 גרם,הדקלאים אגודת שיתופי,DE,מרציפן מצופה שוק,גרמים,100.00,100 גרם,false,,8.90,0.0890,true,1,102089
4002590000022,false,סוכריות קלפני פירות יער אוכמניות 150 ג',ליימן מותגים,DE,סוכריות קלפני,גרמים,150.00,100 גרם,false,,9.00,0.0600,true,1,102090
4002590000039,false,סוכריות בטעם פירות הדר קלפני 150 גרם,ליימן מותגים,,סוכריות קלפני,גרמים,150.00,100 גרם,false,,9.00,0.0600,true,1,102091
4002590000046,false,סוכריות בטעם מנטה מרענן קלפני 150 גרם,ליימן מותגים,DE,סוכריות קלפני,גרמים,150.00,100 גרם,false,,9.00,0.0600,true,1,102092
4002590000619,false,סוכריות קלפני בטעם ק,ליימן מותגים,,סוכריות בטעם קפה 150,גרמים,150.00,100 גרם,false,,9.00,0.0600,true,1,232834
4002590000626,false,סוכריות קלפני דובדבן,ליימן מותגים,,סוכריות קלפני דובדבן,גרמים,150.00,100 גרם,false,,9.00,0.0600,true,1,260894
4002590000633,false,קלפני סוכריות קשות בטעם פירות,ליימן מותגים,DE,סוכריות קלפני,גרמים,150.00,100 גרם,false,,9.00,0.0600,true,1,102094
4002590703541,false,קלפני סוכריות קשות בטעם תות,ליימן מותגים,DE,סוכריות קלפני תות 15,גרמים,150.00,100 גרם,false,,9.00,0.0600,true,1,185818
4002720004371,false,קפה אספרסו קלוי וטחון 250 גרם BELLA CREMA,Melitta Kaffee GmbH,DE,מליטה CREMA BELLAקפה,גרמים,250.00,100 גרם,false,,25.90,0.1036,true,1,137846
4002720005736,false,מליטה קפה לפילטר פרימיום 250 גרם,המאפיה של הרמן,DE,מליטה קפה PREMIUMלפי,גרמים,250.00,100 גרם,false,,21.00,0.0840,false,1,115654
4003754081000,false,מרציפן חטיף 100 גר CARSTENS ERASMI,Erasmi & Carstens Gm,DE,מרציפן חטיף 100 גרם,גרמים,100.00,100 גרם,false,,6.90,0.0690,true,1,201368
4004666042004,false,משמיד עובש עם מרסס מלרוד Mellerud,יעקובי,DE,משמיד עובש עם מר,מיליליטרים,500.00,"100 מ""ל",false,,29.90,0.0598,true,1,112849
4004666107819,false,"מלרוד - מרסס לניקוי וטיהור המזגן 500 מ""ל",פרח,DE,מלרוז לניקוי וטיהור,מיליליטרים,500.00,"100 מ""ל",false,,22.90,0.0458,true,1,207331
4004666111656,false,"ג'ל פעיל להשמדת עובש 250 מ""ל מרלוד",מלרוד,DE,מלרוד ג'ל פעיל להשמד,מיליליטרים,250.00,"100 מ""ל",false,,27.90,0.1116,true,1,260694
4004666111663,false,"מלרוד שפורפרת להלבנת מרווחים 90 מ""ל",מלרוד,DE,מלרוד שפורפרת להלבנת,מיליליטרים,90.00,"100 מ""ל",false,,24.90,0.2767,true,1,260693
4004752280129,false,פיג'לינג המקורי 750,,,פיג'לינג המקורי 750,מיליליטרים,750.00,"100 מ""ל",false,,74.90,0.0999,true,1,197620
4005808128273,false,ג'ל רחצה לגבר אנרג'י עם תמציות מנטה בניחוח ממריץ,טרופיקל דגיל תעשיות,DE,ניוואה ג'ל רחצה מנטה,מיליליטרים,500.00,"100 מ""ל",false,,14.90,0.0298,true,1,125071
4005808148837,false,ניוואה יאנג גל גרגירים לשימוש יום יומי,אלפא,,ניוואה ניקוי פנים לע,גרמים,100.00,100 גרם,false,,25.90,0.2590,true,1,208071
4005808170005,false,ניוואה קצף גילוח 200 מל,ניוואה Nivea,DE,קצף גילוח,מיליליטרים,250.00,"100 מ""ל",false,,22.90,0.0916,true,1,190184
4005808229390,false,ניוואה מן ג'ל רחצה לגבר קול 500מל,ניוואה Nivea,DE,"ג'ל רחצה לגבר 500 מ""",מיליליטרים,500.00,"100 מ""ל",false,,14.90,0.0298,true,1,133687
4005808293469,false,"ניוואה - דאודורנט ספריי לגבר יבש 150 מ""ל",BEIERSDORF MANUFACTU,DE,ניוואה דאודורנט ספרי,מיליליטרים,150.00,"100 מ""ל",false,,16.90,0.1127,true,1,259732
4005808366392,false,שפתון ליובש כחול קלאסי לבלו 48 גרם,טרופיקל דגיל תעשיות,DE,שפתון לבלו,יחידה,0.00,יחידה,false,,12.90,0.0000,true,1,194571
4005808368280,false,שפתון ליובש דובדבן לבלו 48 גרם,טרופיקל דגיל תעשיות,DE,שפתון לבלו,יחידה,0.00,יחידה,false,,13.90,0.0000,true,1,194572
4005808406029,false,"ניוואה - תחליב רחצה סופט 750 מ""ל",ביירסדורף,DE,"תחליב רחצה 750 מ""ל",מיליליטרים,750.00,"100 מ""ל",false,,14.90,0.0199,true,1,203702
4005808515554,false,ניוואה סופט קרם רב שימושי מרקם עדין 300מ,ניואה,,ניוואה סופט קרם לחות,מיליליטרים,300.00,"100 מ""ל",false,,34.90,0.1163,true,1,263302
4005808571246,false,ניוואה מסיר איפור לעיניים דאבל אפקט,אלפא,,מסיר איפור לעיניים 1,מיליליטרים,125.00,"100 מ""ל",false,,34.90,0.2792,true,1,191480
4005808588640,false,"ניוואה קרם גילוח לעור רגיש 100 מ""ל",ביירסדורף,DE,ניוואה-משחת גילוח עו,מיליליטרים,100.00,"100 מ""ל",false,,13.90,0.1390,true,1,165028
4005808698103,false,ניוואה תחליב גוף סמוד לעור יבש 500 מל,בטר אנד דיפרנט,DE,ניוואה תחליב גוף לעו,מיליליטרים,500.00,"100 מ""ל",false,,21.90,0.0438,true,1,215633
4005808702107,false,ניוואה תחליב גוף לעור יבש מאד 500 מל,בטר אנד דיפרנט,DE,ניוואה תחליב גוף לעו,מיליליטרים,500.00,"100 מ""ל",false,,21.90,0.0438,true,1,215634
4005808817306,false,ניוואה גל גילוח להרגשה קרירה 200מל,ניוואה Nivea,DE,ג'ל לגילוח,מיליליטרים,200.00,"100 מ""ל",false,,17.90,0.0895,true,1,147122
4005808817405,false,"ג'ל גילוח לעור רגיש ניוואה 200 מ""ל",פרוטרופיק סיה.,DE,ג'ל גילוח לעור רגיש,מיליליטרים,200.00,"100 מ""ל",false,,17.90,0.0895,true,1,136789
4005808817726,false,ניוואה קרם גילוח פרו,ניוואה Nivea,DE,ניואה משחת גילוח,גרמים,100.00,100 גרם,false,,12.90,0.1290,true,1,187949
4005808828838,false,"ניוואה - דאודורנט ספריי לגבר קול קיק 150 מ""ל",ניוואה Nivea,DE,ניוואה אקווה קול דאו,מיליליטרים,150.00,"100 מ""ל",false,,16.90,0.1127,true,1,103121
4005808837359,false,"ניוואה - דאודורנט רול און לאישה פרל אנד ביוטי 50 מ""ל",ביירסדורף AG,DE,ניוואה רול און,מיליליטרים,50.00,"100 מ""ל",false,,16.90,0.3380,true,1,113771
4005808850723,false,לבלו שפתון תות בליסטר,טרופיקל דגיל תעשיות,DE,שפתון לבלו תות בליסט,מיליליטרים,0.00,"מ""ל",false,,13.90,0.0000,true,1,124686
4005808850907,false,לבלו הידרו קר בליסטר 5.5מל,ביירסדורף,DE,שפתון לבלו קר,יחידה,0.00,יחידה,false,,13.90,0.0000,true,1,203041
4005808851515,false,שפתון לבלו גבר בליסט,אלפא,,שפתון לבלו גבר בליסט,מיליליטרים,0.00,"מ""ל",false,,14.90,0.0000,true,1,127192
4005808890507,false,קרם ניוואה סופט צנצנת 200 מל,ניוואה Nivea,IT,ניוואה סופט קרם 200ג,גרמים,250.00,100 גרם,false,,24.90,0.0996,true,1,125613
4005808890576,false,"קרם ידיים סופט ניוואה 75 מ""ל",ניוואה Nivea,DE,ניוואה סופט קרם לחות,מיליליטרים,100.00,"100 מ""ל",false,,14.90,0.1490,true,1,135041
4005900036476,false,"ניוואה - דאודורנט רול און לאישה בלק אנד וויט קליר 50 מ""ל",טרופיקל דגיל תעשיות,DE,דאודורנט ניוואה רול,מיליליטרים,0.00,"מ""ל",false,,16.90,0.0000,true,1,136795
4005900036506,false,"ניוואה - דאודורנט רול און לגבר שקוף בלק 50 מ""ל",טרופיקל דגיל תעשיות,DE,ניוואה רול און דאודו,מיליליטרים,0.00,"מ""ל",false,,16.90,0.0000,true,1,136797
4005900036568,false,ניוואה דאודורנט רולאון ספריי לאישה בלק אנד וויט 150 מ''ל,ביירסדורף AG,DE,דאודורנט ספריי ניווא,יחידה,0.00,יחידה,false,,16.90,0.0000,true,1,138571
4005900431776,false,לבלו שפתון וניל בליסטר,beiersdorf,DE,לבלו וניל בליסטר,יחידה,0.00,יחידה,false,,11.90,0.0000,true,1,213739
4005900488459,false,"ניוואה - דאודורנט רול און לאישה דריי פרש 50 מ""ל",ניואה,DE,דאודורנט ניוואה רול,מיליליטרים,50.00,"100 מ""ל",false,,16.90,0.3380,true,1,211725
4005900494900,false,"ניוואה - דאודורנט ספריי לגבר דריי פרש 150 מ""ל",ניואה,DE,ניוואה דאודורנט ספרי,מיליליטרים,150.00,"100 מ""ל",false,,16.90,0.1127,true,1,207137
4005900494924,false,"ניוואה - דאודורנט ספריי לאישה דריי פרש אישה 150 מ""ל",ביירסדורף,DE,דאודורנט ניוואה ספרי,מיליליטרים,150.00,"100 מ""ל",false,,16.90,0.1127,true,1,211738
4005900513045,false,"ניוואה - דאודורנט ספריי לגבר דיפ 150 מ""ל",ביירסדורף,DE,דאודורנט לגבר ניוואה,מיליליטרים,150.00,"100 מ""ל",false,,16.90,0.1127,true,1,206017
4005900513069,false,"ניוואה - דאודורנט רול און לגבר דיפ 50 מ""ל",ביירסדורף,DE,דאודורנט ניוואה רול,מיליליטרים,50.00,"100 מ""ל",false,,16.90,0.3380,true,1,204382
4005900542557,false,"ניוואה - דאודורנט רול און לאישה בלק אנד וויט 50 מ""ל",ניואה,DE,ניוואה דאודורנט רול,מיליליטרים,50.00,"100 מ""ל",false,,16.90,0.3380,true,1,218382
4005900547316,false,"ניוואה - דאודורנט ספריי לאישה שקוף בלק וווי 150 מ""ל",בטר אנד דיפרנט,DE,ניוואה דאודורנט ספרי,מיליליטרים,150.00,"100 מ""ל",false,,16.90,0.1127,true,1,213922
4005900555540,false,לבלו כחול אורגינל,,,שפתון לבלו,יחידה,0.00,יחידה,false,,9.90,0.0000,true,1,209735
4005900555915,false,"ניוואה - תחליב רחצה קוקוס וחוחובה 750 מ""ל",ביירסדורף AG,DE,ניוואה שמן אמבט קוקו,מיליליטרים,750.00,"100 מ""ל",false,,14.90,0.0199,true,1,213923
4005900639554,false,"ניוואה - דאודורנט רול און לאישה פרש נטורל לאישה ללא אלומיניום 50 מ""ל",ביירסדורף AG,DE,ניוואה דאודורנט רול,מיליליטרים,50.00,"100 מ""ל",false,,16.90,0.3380,true,1,260995
4005900648181,false,"ניוואה - תחליב רחצה אלוורה 750 מ""ל",ביירסדורף AG,DE,ניוואה תחליב רחצה אל,מיליליטרים,750.00,"100 מ""ל",false,,14.90,0.0199,true,1,219537
4005900683878,false,לבלו סקראב שפתון פילינג אלוורה בליסטר,ביירסדורף,DE,לבלו סקראב אלוורה,מיליליטרים,5.50,"100 מ""ל",false,,13.90,2.5273,true,1,215179
4005900730336,false,"ניוואה דאו רול און לגבר בלק אנד וויט אימפקט 50 מ""ל",ביירסדורף,DE,ניוואה דאודורנט רול,מיליליטרים,50.00,"100 מ""ל",false,,16.90,0.3380,true,1,263655
4005900816016,false,"ניוואה - דאודורנט ספריי לאישה פרש טבעי לאישה 150 מ""ל",טרופיקל דגיל תעשיות,DE,ניוואה דאוד' ספר,מיליליטרים,150.00,"100 מ""ל",false,,16.90,0.1127,true,1,103126
4005900816115,false,"ניוואה - דאודורנט רול און לאישה יבש 50 מ""ל",ניוואה Nivea,DE,רול און ניוואה,מיליליטרים,50.00,"100 מ""ל",false,,16.90,0.3380,true,1,103130
4005900823489,false,ניוואה היידרה סקין אפקט קרם לחות במרקם ג'ל ללילה,ניואה,PL,ניוואה היידרה קרם לח,מיליליטרים,50.00,"100 מ""ל",false,,49.90,0.9980,true,1,220006
4005900833723,false,"ניוואה - פאוור פרש ג'ל רחצה לגבר 500 מ""ל",ניואה,,ניוואה ג'ל רחצה לגבר,מיליליטרים,500.00,"100 מ""ל",false,,14.90,0.0298,true,1,259380
4005900835642,false,"ניקוי פילינג מסכה לפנים 3 ב 1 150 מ""ל ניוואה",ניואה,FR,ניוואה לפנים לעור נו,מיליליטרים,150.00,"100 מ""ל",false,,29.90,0.1993,true,1,261896
4005900845702,false,"ניוואה - דאודורנט רול און לגבר קול קיק פרש 50 מ""ל",ביירסדורף,DE,ניוואה דאודורנט רול,מיליליטרים,50.00,"100 מ""ל",false,,16.90,0.3380,true,1,219536
4005900845733,false,"דאודורנט ספריי קול קיק פרש לגבר ניוואה מן 150 מ""ל",ביירסדורף,DE,ניוואה דאודורנט ספרי,גרמים,150.00,100 גרם,false,,16.90,0.1127,true,1,219776
4005900874962,false,"ניוואה - דאודורנט רול און לגבר דיפ בלק 50 מ""ל",ביירסדורף AG,DE,ניוואה דאודורנט רול,מיליליטרים,50.00,"100 מ""ל",false,,16.90,0.3380,true,1,263634
4005900978950,false,לבלו - דובדבן שפתון לחות מטפח מהדורת נסיכות דיסני,ביירסדורף,DE,לבלו דיסני דובדבן בל,גרמים,4.80,100 גרם,false,,12.90,2.6875,true,1,264347
4005900978967,false,לבלו - וניל שפתון לחות מטפח מהדורת נסיכות דיסני,ביירסדורף,DE,לבלו דיסני וניל בליס,גרמים,4.80,100 גרם,false,,12.90,2.6875,true,1,264348
4006387085407,false,שלישיית פילטר מקסטרא סודהסטרים,בריטה Brita,,שלישיית פילטר מקס פל,יחידה,0.00,יחידה,false,,99.90,0.0000,false,1,202577
4007745058804,false,מיונז אורגני נטורפוד,אף.סי תבליני בגליל ב,DE,מיונז אמיתי אורגני,גרמים,340.00,100 גרם,false,,21.00,0.0618,true,1,193436
4007745058811,false,חרדל צרפתי חלק אורגני 200 גרם,נטורפוד,DE,חרדל צרפתי חלק 145 ג,גרמים,145.00,100 גרם,false,,13.90,0.0959,true,1,206930
4008102002867,false,גרגירים להכנת תה לימון מילפורד 400 גרם,ליימן מותגים,DE,תה גרגרים מילפורד לי,גרמים,400.00,100 גרם,false,,14.90,0.0373,true,1,102101
4008287051032,false,בירה קרומבאכר פילס 0.50 ליטר פחית,מנדלז סי.אר. פרודקשן,DE,קרומבאכר פילס פחית 5,מיליליטרים,500.00,"100 מ""ל",false,,9.90,0.0198,true,1,217954
4008287058161,false,בירה קרומבאכר פילס 4.8% שישיה 6 * 330 מל,מנדלז סי.אר. פרודקשן,DE,קרומבאכר פילס שישייה,מיליליטרים,1980.00,"100 מ""ל",false,,29.90,0.0151,true,1,217967
4008287762020,false,בירה קרומבאכר חיטה 0.50 ליטר בקבוק,קרומבכר בראורי,DE,בירה קרומבאכר בקבוק,מיליליטרים,500.00,"100 מ""ל",false,,9.90,0.0198,true,1,148957
4008287905786,false,בירה קרומבאכר חיטה 5.3% פחית 500 מל,מנדלז סי.אר. פרודקשן,DE,קרומבכר חיטה פחית 50,מיליליטרים,500.00,"100 מ""ל",false,,9.90,0.0198,true,1,217955
4008400290126,false,ק'נדר פינגווי עוגת ספוג במילוי חלבי מצופה שוקולד מריר 30 ג' OUD,פררו טורקיה צ'יקולטה,TR,קינדר פינגווי עוגת ס,גרמים,30.00,100 גרם,false,,3.90,0.1300,true,1,218000
4008400290423,false,עוגת ספוג במילוי חלבי מצופה שוקולד מריר ק'נדר פינגווי 120 ג',פררו טורקיה צ'יקולטה,TR,קינדר פינגווי עוגת ס,גרמים,120.00,100 גרם,false,,13.00,0.1083,false,1,218002
4008500006337,false,"אוטן פמילי קייר סטיק 50מ""ל",אוטן Autan,IT,אוטן פמילי קייר סטיק,מיליליטרים,50.00,"מ""ל",false,,19.90,0.3980,true,1,107344
4009300522935,false,תה ירוק לימונית ולואיזה פומפדור 20 יחידות,"איטיליאן פוד, אס.פי.",DE,פומפדור תה ירוק לימו,גרמים,30.00,100 גרם,false,,19.90,0.6633,true,1,117894
4009300522966,false,תה ירוק עם נענע פומפדור 20 יחידות,"איטיליאן פוד, אס.פי.",DE,פומפדור תה ירוק נענע,גרמים,36.00,100 גרם,false,,19.90,0.5528,true,1,117893
4009300524588,false,תה פומפדור חליטת צמחים פירות יער 20 יח',פומפדור Pompadour,DE,חליטת פומפדור פירות,גרמים,60.00,100 גרם,false,,15.90,0.2650,true,1,121772
4009300524625,false,תה צ'אי מסאלה פומפדור 20 יחידות,פומפדור Pompadour,DE,תה פומפדור צ'אי מסאל,גרמים,40.00,100 גרם,false,,13.90,0.3475,true,1,121773
4009300525011,false,פומפידור תה ירוק עם תפוז וג'ינגר 25 שקיקים,"איטיליאן פוד, אס.פי.",DE,תה פומפדור ירוק תפוז,יחידה,0.00,יחידה,false,,19.90,0.0000,true,1,134806
4009300525684,false,תה חליטת פומפדור לימון וגינגיר 20 יח,פומפדור Pompadour,DE,חליטת צמחים ג'ינג'ר,גרמים,35.00,100 גרם,false,,15.90,0.4543,true,1,139590
4009300526438,false,פומפדור תה ירוק קלאסי 30 גרם,"איטיליאן פוד, אס.פי.",DE,תה ירוק קלאסי פומפדו,יחידה,0.00,יחידה,false,,19.90,0.0000,true,1,149376
4009300527909,false,חליטת צמחים ג'ינג'ר כורכום ללא קפאין,פומפדור Pompadour,DE,פומפדור חליטת ג'ינג',יחידה,0.00,יחידה,false,,15.90,0.0000,true,1,201515
4009300528821,false,תה ירוק ג'ינג'ר קינמון פומפדור 30 ג',פומפדור Pompadour,DE,פומפדור תה ירוק ג'ינ,יחידה,0.00,יחידה,false,,19.90,0.0000,true,1,206971
4009300528845,false,"פומפדור תה ירוק עם לימונית דבש 30 מ""ל",פומפדור Pompadour,DE,פומפדור תה ירוק לימו,יחידה,0.00,יחידה,false,,19.90,0.0000,true,1,206972
4009300529514,false,תה חליטת פומפדור פירות אוכמניות 20 יח,TEEKANNE- POMPADOU,DE,פומפדור חליטת פירות,גרמים,50.00,100 גרם,false,,15.90,0.3180,true,1,262480
4009300529552,false,תה חליטת פומפדור פירות אפרסק 20 יח,TEEKANNE- POMPADOU,DE,פומפדור חליטת פירות,גרמים,50.00,100 גרם,false,,15.90,0.3180,true,1,262482
4009300529576,false,תה חליטת פומפדור פירות רימונים 20 יח,TEEKANNE- POMPADOU,DE,פומפדור חליטת פירות,גרמים,50.00,100 גרם,false,,15.90,0.3180,true,1,219778
4009300530183,false,תה חליטת פומפדור תפוז ספרדי 20 יח,TEEKANNE- POMPADOU,DE,פומפדור חליטת תפוז ס,גרמים,44.00,100 גרם,false,,15.90,0.3614,true,1,264190
4009300530206,false,תה חליטת פומפדור תפוח טורקי 20 יח,TEEKANNE- POMPADOU,DE,פומפדור חליטת תפוח ט,גרמים,50.00,100 גרם,false,,15.90,0.3180,true,1,264192
4009300530275,false,תה חליטת פומפדור מנטה מרוקאית 20 יח,TEEKANNE- POMPADOU,DE,פומפדור חליטת מנטה מ,גרמים,36.00,100 גרם,false,,15.90,0.4417,true,1,264191
4009300595120,false,חליטת צמחים בטעם ג'ינג'ר מנגו פומפדור 45 ג',TEEKANNE- POMPADOU,DE,פומפדור חליטת צמחים,יחידה,0.00,יחידה,false,,15.90,0.0000,true,1,214286
4009900013581,false,מסטיק אורביט ספרמינט סטיקס משפחתי-חמישיות,אורביט Orbit,DE,אורביט ספירמינט סקיק,גרמים,65.00,100 גרם,false,,9.90,0.1523,true,1,144372
4009900379564,false,מסטיק הובה בובה Hubba Bubba טייפ בטעם פירות,מרס ריגלי קונפקשונרי,,מסטיק הובה בובה פירו,גרמים,56.00,100 גרם,false,,6.50,0.1161,true,1,95283
4009900385824,false,מסטיק אורביט פפרמינט סטיקס משפחתי-חמישיות,אורביט Orbit,DE,מארז חמישיית אורביט,יחידה,0.00,יחידה,false,,9.90,0.0000,true,1,144741
4009900402965,false,אורביט וויט בטעם פירות בקבוקון 46מלבניות,ריגלי פולין,PL,אורביט בקבוקון בטעם,גרמים,64.00,100 גרם,false,,10.00,0.1563,true,1,140612
4009900403023,false,אורביט וויט בטעם מנטה בקבוקון 46 מלבניות,"ב.א מזון בע""מ",PL,אורביט בקבוקון בטעם,גרמים,64.00,100 גרם,false,,10.00,0.1563,true,1,140613
4009900420129,false,מסטיק אורביט פרופשנל פפרמינט בקבוקון 64 גר',מרס נדרלנד,PL,אורביט פרופשיונל פפר,גרמים,64.00,100 גרם,false,,10.00,0.1563,true,1,205401
4009900426121,false,מסטיק אורביט איירוויז בקבוקון אוכמניות 64ג',איירוויבס Airwaves,PL,מסטיק איירוויבז אוכמ,גרמים,64.00,100 גרם,false,,10.00,0.1563,true,1,195502
4009900455299,false,"סוכרית ג'לי אדומה 174 גרם ""סקיטלס""",ריגלי ממתקים,CZ,סוכריות סקיטלס פירות,גרמים,174.00,100 גרם,false,,8.90,0.0511,true,1,150197
4009900465304,false,סוכריות סקיטלס פירות חמוצים 174 גרם,ריגלי ממתקים,CZ,סוכריות סקיטלס פירות,גרמים,174.00,100 גרם,false,,8.90,0.0511,true,1,150198
4009900479998,false,אורביט וויט אוכמניות בקבוקון 46 מלבניות,ריגלי פולין,PL,מסטיק אורביט אוכמניו,גרמים,64.00,100 גרם,false,,10.00,0.1563,true,1,149934
4009900482417,false,מסטיק אורביט פירות מנטה בקבוקון באבל מינט 45יח,ריגלי פולין,PL,מסטיק אורביט באבל מי,יחידה,0.00,יחידה,false,,10.00,0.0000,true,1,143252
4009900483803,false,מסטיק איירובס מנטה אקליפטוס בקבוקון 60יח',איירוויבס Airwaves,GB,אירוובס מנטה אקליפטו,יחידה,0.00,יחידה,false,,12.80,0.0000,true,1,206815
4009900484060,false,מסטיק אורביט פרופשיונל בטעם מנטה ללא סוכר,אורביט Orbit,GB,אורביט בקבוק 60 יח',יחידה,0.00,יחידה,false,,12.80,0.0000,true,1,143986
4009900484091,false,מסטיק אורביט פרופשיונל בטעם מנטה ללא סוכר,אורביט Orbit,GB,אורביט באריזת בקבוק,יחידה,0.00,יחידה,false,,12.80,0.0000,true,1,145267
4009900484305,false,מסטיק אורביט פרופשיונל סוויטמינט ביגי לבן 60יח',אורביט Orbit,GB,אורביט בקבוק 60 יח',יחידה,0.00,יחידה,false,,12.80,0.0000,true,1,144111
4009900487283,false,אורביט ילדים קלאסי סט' משפחתי-חמישיות,אורביט Orbit,,מארז חמישיית אורביט,יחידה,0.00,יחידה,false,,9.90,0.0000,true,1,145560
4009900491044,false,מסטיק איירובס אוכמניות בקבוקון 60יח',איירוויבס Airwaves,GB,אירוובס בקבוק אוכמני,יחידה,0.00,יחידה,false,,12.80,0.0000,true,1,206816
4009900500166,false,סוכריות פירות אדום סקיטלס בקבוקון 125ג',ריגלי ממתקים,CZ,סוכריות סקיטלס בבקבו,גרמים,125.00,100 גרם,false,,8.90,0.0712,true,1,195986
4009900509770,false,אורביט באריזת בקבוק בטעם תות 60 יח',אורביט Orbit,GB,אורביט אריזת בקבוק 6,גרמים,84.00,100 גרם,false,,12.80,0.1524,true,1,192621
4009900521581,false,סוכריות אורביט מינטס מנטה בבקבוקון 77 גר,ריגלי פולין,PL,אורביט מינטס מנטה בק,גרמים,77.00,100 גרם,false,,10.00,0.1299,true,1,199411
4009900521611,false,סוכריות אורביט מינטס דובדבן מנטה בבקבוקון,מרס נדרלנד,PL,אורביט מינטס דובדבן,יחידה,0.00,יחידה,false,,10.00,0.0000,true,1,199262
4009900531122,false,"מסטיק בטעם מנטה ספירמינט, 64 ג' פרופשיונל אורפיט",מרס נדרלנד,PL,אורביט פרופשיונל ספי,גרמים,64.00,100 גרם,false,,10.00,0.1563,true,1,205402
4009900532327,false,סוכריות סקיטלס סמודיס בטעמי יוגורט ופירות,סקיטלס Skittles,CZ,סוכריות סקיטלס סמודי,גרמים,38.00,100 גרם,false,,3.00,0.0789,true,1,207370
4009900534611,false,מסטיק איירוויבז בקבוקון בטעם מלון ומנטה,ריגלי,PL,מסטיק איירוויבז בטעם,גרמים,64.00,100 גרם,false,,10.00,0.1563,true,1,212043
4009900535519,false,מסטיק אורביט רפרשרס ספירמינט ללא סוכר 15.6גר',אורביט,PL,אורביט רפרשרס ספירמי,גרמים,15.60,100 גרם,false,,3.90,0.2500,true,1,216870
4009900535540,false,מסטיק אורביט רפרשרס פפרמינט ללא סוכר 15.6גר',אורביט,PL,אורביט רפרשרס פפרמינ,גרמים,15.60,100 גרם,false,,3.90,0.2500,true,1,216871
4009900535823,false,מסטיק אורביט רפרשרס באבלמינט ללא סוכר 15.6גר',אורביט,PL,אורביט רפרשרס באבלמי,גרמים,15.60,100 גרם,false,,3.90,0.2500,true,1,216872
4009900536257,false,מסטיק אורביט רפרשרס ספירמינט בקבוקון ללא סוכר 67 גר',מרס ריגלי קונפקשונרי,PL,אורביט רפרשרס ספירמי,גרמים,67.00,100 גרם,false,,11.90,0.1776,true,1,216873
4009900536288,false,מסטיק אורביט רפרשרס פפרמינט בקבוקון ללא סוכר 67 גר',מרס ריגלי קונפקשונרי,PL,אורביט רפרשרס פפרמינ,גרמים,67.00,100 גרם,false,,11.90,0.1776,true,1,216874
4009900536486,false,מסטיק אורביט רפרשרס באבלמינט בקבוקון ללא סוכר 67 גר',מרס ריגלי קונפקשונרי,PL,אורביט רפרשרס באבלמי,גרמים,67.00,100 גרם,false,,11.90,0.1776,true,1,216875
4009900539401,false,מסטיק פייב באונס בטעם מנטה HP,Unknown,PL,פייב באונס בטעם מנטה,גרמים,14.40,100 גרם,false,,3.90,0.2708,true,1,261655
4009900539432,false,מסטיק פייב באונס בטעם אבטיח HP,Unknown,PL,פייב באונס בטעם אבטי,גרמים,14.40,100 גרם,false,,3.90,0.2708,true,1,261656
4009900539685,false,"מסטיק פייב באונס בטעם מנטה בקבוקון, 61.8 גרם",ריגלי בעמ רוסיה,PL,מסטיק פייב באונס בטע,גרמים,61.80,100 גרם,false,,11.90,0.1926,true,1,261653
4009900539746,false,"מסטיק פייב באונס בטעם אבטיח בקבוקון, 61.8 גרם",ריגלי בעמ רוסיה,PL,פייב באונס בטעם אבטי,גרמים,61.80,100 גרם,false,,11.90,0.1926,true,1,261654
4009900540551,false,מסטיק אורביט רפרשרס טרופיקל בקבוקון ללא סוכר,מרס פולין,PL,אורביט ריפרשרס טרופי,גרמים,67.00,100 גרם,false,,11.90,0.1776,true,1,261301
4011100001220,false,מרסי חטיפי מיני שקית 403ג',מרס הולנד בי.וי.,NL,מרס מיני 400 גר',גרמים,400.00,100 גרם,false,,21.90,0.0547,false,1,143679
4011100002227,false,מארז חטיפי מיני באונטי Bounty,מרס הולנד בי.וי.,NL,באונטי מיני 403 גרם,גרמים,403.00,100 גרם,false,,21.90,0.0543,false,1,147868
4011800290030,false,חטיף חלבון עם שוקולד חלב ללא תוספת סוכר,קורני,DE,קורני חטיף חלבון שוק,גרמים,50.00,100 גרם,false,,8.90,0.1780,true,1,262810
4011800290054,false,חטיף חלבון עם קוקוס ושוקולד חלב ללא תוספת סוכר,קורני,DE,קורני חטיף חלבון קוק,גרמים,50.00,100 גרם,false,,8.90,0.1780,true,1,262811
4011800528416,false,קורני חטיף דגנים עם בוטנים מתוק-מלוח*6,קורני Corny,DE,חטיפי קורני בייס שיש,גרמים,150.00,100 גרם,false,,11.90,0.0793,false,1,210341
4011800567613,false,קורני סנדוויץ שחור לבן 4 יחידות,מיוצר עי קונדיטוריית,DE,קורני סנדוויץ שחור ל,גרמים,120.00,100 גרם,false,,11.90,0.0992,false,1,148306
4011800568610,false,מארז רביעיית קורני בטעם קלאסי,שוורטאוור וורקה,DE,קורני סנדוויץ קלאסי,יחידה,0.00,יחידה,false,,11.90,0.0000,false,1,148162
4011800577810,false,קורני פרי (6) נוגט 120 גרם,Schwartauer,DE,חטיפי קורני פרי נוגט,גרמים,120.00,100 גרם,false,,11.90,0.0992,false,1,260916
4011800628512,false,חטיף קורני שוקולד חלב 6 יח 150 גר,מיוצר עי קונדיטוריית,DE,קורני עם שוקולד חלב,יחידה,0.00,יחידה,false,,11.90,0.0000,false,1,146788
4011800629519,false,"מארז חטיפי דגנים אגוזים ""קורני""",קורני Corny,DE,קורני עם אגוזים,יחידה,0.00,יחידה,false,,11.90,0.0000,false,1,147396
4011800630515,false,חטיף קורני שוקולד חלב ובננה 6 יח 150 גר,מיוצר עי קונדיטוריית,DE,קורני עם שוקולד חלב,גרמים,150.00,100 גרם,false,,11.90,0.0793,false,1,146530
4011800632519,false,"מארז חטיפי שוקולד חלב וקוקוס ""קורני""",מיוצר עי קונדיטוריית,DE,קורני עם שוקולד חלב,יחידה,0.00,יחידה,false,,11.90,0.0000,false,1,146789
4011800633516,false,קורני שוקולד מריר מעולה 58% קקאו 6*1,שוורטאוור וורקה,DE,קורני עם שוקולד מריר,גרמים,150.00,100 גרם,false,,11.90,0.0793,false,1,146531
4011800635510,false,חטיף קורני Corny Free עם אגוזי לוז ללא תוספת סוכר,קורני Corny,DE,קורני פרי עם אגוזים,יחידה,0.00,יחידה,false,,11.90,0.0000,false,1,147397
4011800636517,false,קורני פרי שוקולד חלב מעולה ללא סוכר 6*1,מיוצר עי קונדיטוריית,DE,קורני פרי עם שוקולד,גרמים,120.00,100 גרם,false,,11.90,0.0992,false,1,146885
4011800637514,false,חטיף קורני Corny Free עם שוקולד לבן ללא תוספת סוכר,קורני Corny,DE,קורני פרי עם שוקולד,גרמים,120.00,100 גרם,false,,11.90,0.0992,false,1,146886
4013227013391,false,משקה כהלי קרם אוטום כשר,קרם אוטום Autumn cream,NL,אוטום קרים-משקה כהלי,מיליליטרים,700.00,"100 מ""ל",false,,39.90,0.0570,true,1,148878
4014400900217,false,בונבונריית מרסי מבחר ממתקי שוקולד 400 גרם,קריניציה ויטמינה אס,DE,בונבונירה מרסי 400 ג,גרמים,400.00,100 גרם,false,,49.90,0.1247,false,1,102104
4014400901191,false,בונבונריית מרסי מבחר ממתקי שוקולד 250 גרם,ליימן מותגים,DE,בונבונירה מרסי 250 ג,גרמים,250.00,100 גרם,false,,24.90,0.0996,true,1,102107
4014400904277,false,סוכריות בטעם מנטה אייס פרש סטורק 425 גרם,תות ממתקי איכות,DE,סוכריות אייס פרש,גרמים,425.00,100 גרם,false,,17.90,0.0421,true,1,102109
4014400904307,false,סוכריות בטעם פירות קליפורניה סטורק 425 גרם,קריניציה ויטמינה אס,DE,סוכריות קליפורניה,גרמים,425.00,100 גרם,false,,17.90,0.0421,true,1,102110
4014400904376,false,סוכריות טופי בטעם שוקולד סטורק 325 גרם,קריניציה ויטמינה אס,DE,סוכריות שוקלדן,גרמים,325.00,100 גרם,false,,17.90,0.0551,true,1,102111
4014400904390,false,סוכריות טופי ממולא חלב סטורק 325 גרם,קריניציה ויטמינה אס,DE,סוכריות וולמילש,גרמים,325.00,100 גרם,false,,17.90,0.0551,true,1,102112
4014400907902,false,"וורטרס אורגינל סוכריות חמאה ללא סוכר בקופסה
42 גרם",תות ממתקי איכות,DE,סוכריות וורטר בקופסא,גרמים,42.00,100 גרם,false,,6.00,0.1429,true,1,124905
4014400909692,false,וורטרס אורגינל סוכריות חמאה ללא סוכר בטעם קפוצי'ינו בקופסה 42 גרם,קריניציה ויטמינה אס,DE,סוכריות וורטר בוקס ק,גרמים,42.00,100 גרם,false,,6.00,0.1429,true,1,136629
4014400910063,false,סוכריות חמאה וורטרס אורגינל 135 גרם,וורטר'ס אורגינל,DE,סוכריות וורטר שקית,גרמים,135.00,100 גרם,false,,8.70,0.0644,true,1,125242
4014400913910,false,וורטרס אורגינל סוכריות חמאה ממולאות קרם קרמל בשקית,תות ממתקי איכות,DE,סוכריות וורטר במילוי,יחידה,0.00,יחידה,false,,8.70,0.0000,true,1,149453
4014400914696,false,וורטרס אורגינל סוכריות ללא סוכר 80 גרם,ליימן מותגים,DE,סוכריות וורטר ללא תו,גרמים,80.00,100 גרם,false,,8.70,0.1087,true,1,127625
4014400914924,false,סוכריות וורטר אורגינל ללא סוכר קפה 80 ג',קריניציה ויטמינה אס,DE,סוכריות וורטר קפה לל,גרמים,80.00,100 גרם,false,,8.70,0.1087,true,1,127626
4014400920857,false,סוכריות וורטר Werther's בטעם שוקולד ללא סוכר,קריניציה ויטמינה אס,DE,וורטר סוכריות שוקולד,גרמים,70.00,100 גרם,false,,8.70,0.1243,true,1,186264
4014400923711,false,בונבוניירה שוקולד אגוזים טופיפי 125 גרם,ליימן מותגים,DE,טופיפי 125 גר',גרמים,125.00,100 גרם,false,,11.90,0.0952,true,1,195965
4014400925319,false,וורטרס אורגינל פופקורן קרמל 140 גרם,וורטרס Werther's,DE,וורטר פופקורן קרמל,גרמים,140.00,100 גרם,false,,12.90,0.0921,true,1,215307
4014400929010,false,וופל מיני קנופרס 200 גר 10 גר*20 יחידות,אוגוסט שטורק,DE,וופל מיני קנופרס,גרמים,200.00,100 גרם,false,,18.90,0.0945,true,1,262195
4014522180108,false,בודטה-סוכריות אורגני צמחים בטעם ג'ינגר 75ג,,DE,בודטה סוכריות אורגני,גרמים,75.00,100 גרם,false,,7.50,0.1000,true,1,210851
4014522180306,false,בודטה-סוכריות אורגני מנטול אקליפטוס 75ג',,DE,בודטה סוכריות אורגני,גרמים,75.00,100 גרם,false,,7.50,0.1000,true,1,210852
4015000031394,false,"ספטיל - משחה להסרת כתמים 200 מ""ל",קריות זול,IL,מסיר כתמים ספטיל 200,גרמים,200.00,100 גרם,false,,16.90,0.0845,false,1,110573
4015400564034,false,אולוויז מגן תחתון מגה פק לונג פלוס 58 יח',פרוקטר אנד גמבל,DE,מגן תחתון אולוויז לו,יחידה,0.00,יחידה,false,,16.90,0.0000,false,1,186589
4015400564454,false,מגני תחתון אולוויז לארג' עם ניחוח מגה פק,פרוקטר אנד גמבל,DE,מגן תחתון אולוויז לא,יחידה,0.00,יחידה,false,,16.90,0.0000,false,1,191596
4015400681670,false,תחבושות אולוויז לילה בטוח וליו פק 18 יח,פרוקטר אנד גמבל,HU,תחבושות אולוויז לילה,יחידה,0.00,יחידה,false,,16.90,0.0000,false,1,190699
4015400690313,false,טמפונים פרל רגולר טמפקס קומפאק 18 יח,פרוקטר אנד גמבל,HU,טמפקס קומפקט פרל רגו,יחידה,0.00,יחידה,false,,27.90,0.0000,true,1,194763
4015400690405,false,טמפונים פרל סופר טמפקס קומפאק 18 יח,פרוקטר אנד גמבל,HU,טמפקס קומפקט פרל סופ,יחידה,0.00,יחידה,false,,27.90,0.0000,true,1,194764
4015400690498,false,טמפונים פרל סופר פלוס טמפקס קומפאק 18 יח,פרוקטר אנד גמבל,HU,טמפקס קומפאקט פרל סו,יחידה,0.00,יחידה,false,,27.90,0.0000,true,1,194765
4015400715290,false,טמפקס קומפק סופר פלוס 22 יחידות,דיפלומט,HU,טמפקס קומפאק סופר פל,יחידה,0.00,יחידה,false,,24.90,0.0000,true,1,191198
4015400715320,false,טמפקס קומפאק רגולר 22 יחידות,דיפלומט,HU,טמפקס קומפאק רגולר 2,יחידה,0.00,יחידה,false,,24.90,0.0000,true,1,191199
4015400731719,false,תחבושות היגייניות אולוויז יום ולילה Day & Night,פרוקטר אנד גמבל,DE,תחבושות אולוויז וליו,יחידה,0.00,יחידה,false,,16.90,0.0000,false,1,193450
4015400746812,false,מגני תחתון אולוויז נורמל עם ניחוח מגה פק,פרוקטר אנד גמבל,DE,מגן תחתון אולוויז נו,יחידה,0.00,יחידה,false,,16.90,0.0000,false,1,194045
4015400755241,false,תחבושות היגייניות אולוויז אולטרה נורמל - 28 יח',פרוקטר אנד גמבל,DE,תחבושות אולוויז וליו,יחידה,0.00,יחידה,false,,16.90,0.0000,false,1,193840
4015400755487,false,תחבושות היגייניות אולוויז אולטרה לונג - 24 יח',פרוקטר אנד גמבל,DE,תחבושות אולוויז וליו,יחידה,0.00,יחידה,false,,16.90,0.0000,false,1,193841
4015400990512,false,"אריאל אבקת כביסה קולור 4 ק""ג",פרוקטר אנד גמבל,,אריאל קולור אבקה 4 ק,קילוגרמים,4.00,"ק""ג",false,,29.90,7.4750,false,1,210722
4015600762742,false,שמפו יומיומי למניעת קשקשים הנוסחה הקלאסית,פרוקטר אנד גמבל,RO,שמפו הד אנד שולדרס ק,מיליליטרים,500.00,"100 מ""ל",false,,16.90,0.0338,true,1,143607
4015600762780,false,שמפו וקונדישינר יומיומי למניעת קשקשים הנוסחה הקלאסית 2in1,פרוקטר אנד גמבל,RO,הד אנד שולדרס 2 ב 1,מיליליטרים,500.00,"100 מ""ל",false,,16.90,0.0338,true,1,143608
4015600762902,false,"שמפו האד אנד שולדרס מנטול 500 מ""ל",פרוקטר אנד גמבל,RO,שמפו הד אנד שולדרס מ,מיליליטרים,500.00,"100 מ""ל",false,,16.90,0.0338,true,1,143611
4015600762940,false,שמפו יומיומי למניעת קשקשים בניחוח תפוח,פרוקטר אנד גמבל,RO,שמפו הד אנד שולדרס ת,מיליליטרים,500.00,"100 מ""ל",false,,16.90,0.0338,true,1,143612
4015600763022,false,שמפו יומיומי למניעת קשקשים לשיער יבש/פגום לשיער רך כמשי,פרוקטר אנד גמבל,RO,שמפו הד אנד שולדרס מ,מיליליטרים,500.00,"100 מ""ל",false,,16.90,0.0338,true,1,143614
4015600766900,false,"שמפו ומרכ ך נגד קשקשים 500 מ""ל הד אנד שולדרס",פרוקטר אנד גמבל,RO,הד אנד שולדרס שמפו /,מיליליטרים,500.00,"100 מ""ל",false,,16.90,0.0338,true,1,147416
4015600807573,false,"ג'ילט - דאודורנט ג'ל לגבר כדוריות פאוור ראש 75 מ""ל",פרוקטר אנד גמבל,GB,דאוד' קליר ג'ל ג'ילט,מיליליטרים,75.00,"100 מ""ל",false,,18.90,0.2520,true,1,149120
4017100160110,false,בלזן גלילי וופל במילוי קרם בטעם שוקולד 75 גר',בלזן פולסקה,DE,גלילי וופל במילוי קר,גרמים,75.00,100 גרם,false,,8.50,0.1133,true,1,211702
4017100160417,false,בלזן גלילי וופל במילוי קרם בטעם וניל 75 גר',בלזן פולסקה,DE,גלילי וופל במילוי קר,גרמים,75.00,100 גרם,false,,8.50,0.1133,true,1,211706
4017100198151,false,בלזן היט ביסקוויט עם מלית קרם בטעם וניל (41%) 220 גרם,הדקלאים אגודת שיתופי,PL,עוגיות היט וניל 220,גרמים,220.00,100 גרם,false,,7.90,0.0359,false,1,187832
4017100210105,false,גלילי וופל בלזן וופלטן שוקו' מריר 100ג',הדקלאים אגודת שיתופי,DE,וופלטן גלילי וופל,גרמים,100.00,100 גרם,false,,11.90,0.1190,false,1,186825
4017100216800,false,בלזן וופל מיניס מצופה שוקולד חלב 100 גרם,ליימן שליסל,DE,וופל מגולגל מצופה שו,גרמים,100.00,100 גרם,false,,8.50,0.0850,true,1,146648
4017100219900,false,בלזן וופלטן וופל מגולגל מצופה שוקולד חלב 100 גרם,הדקלאים אגודת שיתופי,DE,וופלטן גליליות וופל,גרמים,100.00,100 גרם,false,,11.90,0.1190,false,1,98426
4017100364112,false,בלזן היט בסקוויט סנדביץ עם מלית קרם בטעם שוקולד קקאו (41%) 220 גרם,הדקלאים אגודת שיתופי,PL,עוגיות בלזן היט קקאו,גרמים,220.00,100 גרם,false,,7.90,0.0359,false,1,185826
4018722100157,false,פסטה פוזילי מקמח כוסמין מלא אורגני,האחים פלם הגפן,DE,אלד גולד פוזילי כוסמ,גרמים,250.00,100 גרם,false,,11.90,0.0476,true,1,206135
4018722102632,false,ספגטי כוסמין מלא אורגני 500 גרם,אלב גולד,DE,אלב גולד ספגטי כוסמי,גרמים,500.00,100 גרם,false,,15.90,0.0318,true,1,206136
4018722102656,false,ספגטי כוסמין אורגני 500 גרם,אלב גולד,DE,אלב גולד ספגטי כוסמי,גרמים,500.00,100 גרם,false,,15.90,0.0318,true,1,206137
4018722303459,false,אלב גולד - מקרוני כוסמין אורגני,אלב גולד,DE,מקרוני כוסמין אורגני,גרמים,250.00,100 גרם,false,,10.90,0.0436,true,1,206996
4018722343158,false,אלב גולד פוזילי כוסמין אורגני,אלב גולד,DE,פסטה פוזילי אורגנית,גרמים,500.00,100 גרם,false,,19.90,0.0398,true,1,214870
4022025001752,false,בלו נאן מבעבע כחול,,,בלו נאן מבעבע כחול,מיליליטרים,750.00,"100 מ""ל",false,,49.90,0.0665,true,1,204838
4022025001790,false,בלו נאן מבעבע גולד 2,היי סישל סוהן טראבן,DE,בלו נאן גולד 24K אדי,מיליליטרים,750.00,"100 מ""ל",false,,49.90,0.0665,true,1,203579
4022025002087,false,בלו נאן מבעבע רוזה 2,בלו נאן,DE,בלו נאן מבעבע רוזה 2,מיליליטרים,750.00,"100 מ""ל",false,,49.90,0.0665,true,1,214884
4022025262009,false,בלו נאן כשר גוורץ ריזלינג,לנגוט טראבן,,יין בלו נאן כשר,מיליליטרים,750.00,"100 מ""ל",false,,45.90,0.0612,true,1,196121
4022025290309,false,יין בלו נאן פינק רוז,בלו נאן,DE,בלו נאן פינק כשר,גרמים,750.00,100 גרם,false,,36.90,0.0492,true,1,205637
4022025773000,false,יין בלו נאן מוסקטו כ,בלו נאן,DE,בלו נאן מוסקטו כשר,מיליליטרים,750.00,"100 מ""ל",false,,45.90,0.0612,true,1,216704
4025700001962,false,מילקה טבלה 100 גר' לבן 1/22 (4248023),פי אר ג'יי אס סי מונ,UA,מילקה שוקולד לבן,גרמים,100.00,100 גרם,false,,5.90,0.0590,true,1,213742
4033100003493,false,ווינסטון כחול סופט סלימס עשירייה,Unknown,,פקט וינסטון סופר סלי,יחידה,0.00,יחידה,false,,310.00,0.0000,false,1,120948
4033100014499,false,סיגריות אל די כחול ח,Unknown,,LD כחול,יחידה,0.00,יחידה,false,,27.00,0.0000,false,1,125568
4033100014505,false,פאקט אל די כחול,Unknown,,LDפקט כחול,יחידה,0.00,יחידה,false,,262.00,0.0000,false,1,133363
4033100014529,false,סיגריות אל די סלים ח,Unknown,,סלימס LD,יחידה,0.00,יחידה,false,,25.00,0.0000,false,1,138163
4033100024252,false,וינסטון אקווה לייט קופסה,Unknown,,וינסטון קוד אקוה חפי,יחידה,0.00,יחידה,false,,30.00,0.0000,false,1,139993
4046719114306,false,שפורפרת דבק 3M רב שימושי 30 מל,3m,FR,שפורפורת דבק רב שימו,יחידה,0.00,יחידה,false,,14.90,0.0000,true,1,189949
4053700292455,false,ויט רצועות שעווה מוכנות להסרת שיער לעור רגיל 12 יחידות,רקיט בנקיזר צרפת,FR,ויט רצועות שעווה,יחידה,0.00,יחידה,false,,19.90,0.0000,true,1,120226
4056800649884,false,"וולה - פלקס ספריי לנפח ליומיים 250 מ""ל",דיפלומט,BE,וולה פלקס ספריי לנפח,מיליליטרים,250.00,"100 מ""ל",false,,28.90,0.1156,true,1,264408
4056800693061,false,וולהפלקס ג'ל חזק במיוחד 150 מל,פרוקטר אנד גמבל,FR,וולה פלקס ג'ל 150 מל,מיליליטרים,150.00,"100 מ""ל",false,,11.90,0.0793,true,1,202636
4062400521000,false,רום אולד פסקס 1 ל פי,,,רום אולד פסקס לבן,ליטרים,1.00,ליטר,false,,69.90,69.9000,true,1,262584
4064666232386,false,"וולה - פלקס ספריי לעיצוב אולטרה גמיש 250 מ""ל",דיפלומט,FR,וולה פלקס ספריי לעיצ,מיליליטרים,250.00,"100 מ""ל",false,,28.90,0.1156,true,1,264409
4064666232393,false,"וולה - פלקס ספריי לשיער צבוע 250 מ""ל",,FR,וולה פלקס ספריי לשיע,מיליליטרים,250.00,"100 מ""ל",false,,28.90,0.1156,true,1,264410
4066600601920,false,פאולנר ביתר חיטה מעוננת 500 מל,פאולנר Paulaner,DE,"פאולנר פחית 500 מ""ל",מיליליטרים,500.00,"100 מ""ל",false,,10.90,0.0218,true,1,211729
4066600999614,false,"בירה פאולנר, בירת חיטה מעוננת, בקבוק 500 מ""ל",מבשלת פאולנר,DE,"בירה פאולנר 500 מ""ל",מיליליטרים,500.00,"100 מ""ל",false,,11.00,0.0220,true,1,196635
4067700014849,false,ליקר ייגרמייסטר כשר,פארייפאבה אגרואינדוס,DE,ליקר ייגרמייסטר,מיליליטרים,700.00,"100 מ""ל",false,,89.90,0.1284,true,1,195447
4072700001188,false,"בירה פרנסיסקאנר כהה בקבוק 500 מ""ל",פרנסיסקאנר Franziskaner,DE,פרנסיסקאנר בירה כהה,יחידה,500.00,יחידה,false,,9.90,0.0198,true,1,142710
4072700003649,false,"פרנזיסקאנר בירה מעוננת 500 מ""ל","איי, בי, אינבוו",DE,פרנסיסקאנר בירה מעונ,יחידה,500.00,יחידה,false,,9.90,0.0198,true,1,138194
4084500065536,false,פנטן קרם לחות מוגברת לעיצוב שיער 300 מל,פרוקטר אנד גמבל,DE,פנטן קרם לחות לחות מ,מיליליטרים,300.00,"100 מ""ל",false,,21.90,0.0730,true,1,189368
4084500065598,false,"קרם לחות פנטן לתלתלים מושלמים 300 מ""ל",פרוקטר אנד גמבל,DE,פנטן קרם לחות לתלתלי,מיליליטרים,300.00,"100 מ""ל",false,,21.90,0.0730,true,1,189369
4084500088917,false,"פיירי נוזל כלים לימון 650 מ""ל",פרוקטר אנד גמבל,US,"פיירי לימון 650 מ""ל",מיליליטרים,650.00,"100 מ""ל",false,,9.90,0.0152,false,1,185925
4084500149526,false,טייד גל כביסה 2.48 ליטר אלפים רענן,פרוקטר אנד גמבל,FR,טייד ג'ל 2.48 ליטר,ליטרים,2.48,ליטר,false,,26.90,10.8468,true,1,147618
4084500178137,false,נוזל כביסה טייד 4 ליטר,פרוקטר אנד גמבל,FR,טייד ג'ל 4 ליטר,ליטרים,4.00,ליטר,false,,34.90,8.7250,true,1,147619
4084500853553,false,פיירי נוזל כלים קלאסי אורגינל 650 מל,פרוקטר אנד גמבל,US,פיירי אוריגינל 650 מ,מיליליטרים,650.00,"100 מ""ל",false,,9.90,0.0152,false,1,188990
4084500853836,false,"פיירי נוזל כלים ורדים ומשי 515 מ""ל",פרוקטר אנד גמבל,GB,פיירי ורדים ומשי 515,מיליליטרים,515.00,"100 מ""ל",false,,9.90,0.0192,false,1,188992
4084500853898,false,"פיירי נוזל כלים אלוורה ומלפפונים 515 מ""ל",פרוקטר אנד גמבל,GB,פיירי אלוורה ומלפפונ,מיליליטרים,515.00,"100 מ""ל",false,,9.90,0.0192,false,1,188993
4100130937163,false,בירה בקס שישייה 6*275 מל,"איי, בי, אינבוו",DE,שישיה בירה בקס,ליטרים,1.65,ליטר,false,,29.90,18.1212,true,1,188972
4100470106700,false,חומץ תפוחים אורגני 750 מל,נטורפוד,DE,נטורפוד- חומץ תפוחים,מיליליטרים,750.00,"100 מ""ל",false,,21.90,0.0292,true,1,190474
4105120623941,false,"בירה ויינשטפן בק' ח""פ 500 מ""ל",קרלסברג יבוא יצוא,DE,"בירה ויינשטפן 500 מ""",מיליליטרים,500.00,"100 מ""ל",false,,11.50,0.0230,false,1,199378
4105120624412,false,"בירה ויינשטפן ויטוס 500 מ""ל",קרלסברג יבוא יצוא,IL,בירה ויינשטפן ויטוס,מיליליטרים,500.00,"100 מ""ל",false,,11.50,0.0230,false,1,206773
4210201176688,false,אורל בי ראש חשמלי סנסיטיב 4 יחידות,פרוקטר אנד גמבל,DE,אורל בי ראש חשמלי סנ,יחידה,0.00,יחידה,false,,79.90,0.0000,true,1,261754
4210201360742,false,אורל בי ראש חשמלי פלקסי סופט 4 יחידות,פרוקטר אנד גמבל,DE,אורל בי ראש חשמלי 4,יחידה,0.00,יחידה,false,,79.90,0.0000,true,1,261824
4210201757771,false,אורל בי פלקסי סופט ראש מילוי חשמלי 4 יחי,פרוקטר אנד גמבל,IE,אורל בי ראש חשמלי 4,יחידה,0.00,יחידה,false,,79.90,0.0000,true,1,203347
4260334140049,false,שוקולד גנדויה טבעוני עם אגוזי לוז 65 גר,,,שוקולד ג'נדויה טבעונ,גרמים,65.00,100 גרם,false,,11.50,0.1769,true,1,197396
4260605630361,false,חטיף לחתול דורמאו של,,,חטיף לחתול דורמאו של,גרמים,14.00,100 גרם,false,,14.90,1.0643,true,1,261899
4600659010854,false,*מבצע* סטולי פרימיום,איי. אס. לטבייאס בלז,LV,וודקה סטוליצ'ניה 40%,יחידה,750.00,יחידה,false,,59.90,0.0799,false,1,113339
4603400000043,false,"וודקה רוסקיי סטנדרט 700 מ""ל",רוסקי סטנדרט וודקה,RU,"וודקה רוסקי 700 מ""ל",מיליליטרים,700.00,"100 מ""ל",false,,59.90,0.0856,false,1,145743
4603928000976,false,"וודקה בלוגה נובל 700 מ""ל+כוס",מרינסקי ליקרו ונבאנצ,RU,"בלוגה- וודקה 700 מ""ל",מיליליטרים,700.00,"100 מ""ל",false,,124.90,0.1784,true,1,192922
4605561010305,false,"חתיכות פילה הרינג עם שמיר בשמן 17.6 אונקיה, 500 גרם",,RU,פילה הרינג עם שמיר ב,גרמים,500.00,100 גרם,false,,24.90,0.0498,true,1,261483
4605561010343,false,"חתיכות פילה הרינג בשמן, 500 גרם",,RU,פילה הרינג בשמן חתיכ,גרמים,500.00,100 גרם,false,,24.90,0.0498,true,1,261484
4605561012613,false,פילה הרינג (קצוץ) בשמן 400 גר RS,,,פילה הרינג (קצוץ) בש,יחידה,0.00,יחידה,false,,15.90,0.0000,true,1,219048
4607002991358,false,מלפפונים מוחמצים 1.8 ל דאדיה וניה,,RU,מלפפונים מוחמצים 1.8,ליטרים,1.80,ליטר,false,,23.90,13.2778,true,1,202962
4607012351005,false,גרעיני חמניות מרטין ללא מלח 200 גרם,"נארז ע""י : א.ג. גילר",RU,גרעיני חמניות מרטין,גרמים,200.00,100 גרם,false,,12.90,0.0645,true,1,150627
4607012351999,false,גרעיני חמניות מרטין עם מלח 200 גרם,"נארז ע""י : א.ג. גילר",RU,גרעיני חמניות מרטין,גרמים,200.00,100 גרם,false,,12.90,0.0645,true,1,194050
4607012352002,false,גרעיני דלעת מרטין 100 גר,MARTIN,RU,גרעיני דלעת מרטין 10,גרמים,100.00,100 גרם,false,,12.90,0.1290,true,1,194856
4607012352804,false,בוטנים קלופים קלויים עם מלח מרטין 100 גר,,RU,בוטנים קלופים קלויים,גרמים,100.00,100 גרם,false,,7.90,0.0790,true,1,210568
4607012353429,false,200 תערובת פיצוחים מיקס מקס גר,,,תערובת פיצוחים מיקס,גרמים,240.00,100 גרם,false,,21.90,0.0912,true,1,259433
4607026530212,false,יורוסטנדרט כוסמת 900,אגרופרודקט,RU,כוסמת 900גר,גרמים,900.00,100 גרם,false,,11.90,0.0132,true,1,128866
4640018993343,false,פיניש קוואנטום קפסולות ג'ל למדיח כלים 30 יח',רקיט בנקיזר,PL,פיניש קוואנטום 30 יח,יחידה,0.00,יחידה,false,,39.90,0.0000,true,1,212506
4640018993350,false,פיניש קוואנטום קפסולות ג'ל למדיח כלים לימון 30 יח',רקיט בנקיזר,PL,פיניש קוואנטום 30 יח,יחידה,0.00,יחידה,false,,39.90,0.0000,true,1,212508
4640018993398,false,פיניש קוואנטום 60 יח' קפסולות ג'ל למדיח כלים,רקיט בנקיזר,PL,פיניש קוואנטום 60 יח,יחידה,0.00,יחידה,false,,59.90,0.0000,true,1,212507
4710068001692,false,"מאסטר קפה לאטה פחית 240מ""ל",תאיט מרקטינג אנד דיס,TW,מאסטר קפה לאטה,מיליליטרים,240.00,"100 מ""ל",false,,6.50,0.0271,true,1,149813
4710068001715,false,"מאסטר קפה טירמיסו 240 מ""ל",יוני פרזינדנט אנטרפר,TW,מאסטר קפה טירמיסו,מיליליטרים,240.00,"100 מ""ל",false,,6.50,0.0271,true,1,149065
4710068001739,false,"מאסטר קפה קולומביאני 240 מ""ל",יוני פרזינדנט אנטרפר,TW,מאסטר קפה קולומביאני,מיליליטרים,240.00,"100 מ""ל",false,,6.50,0.0271,true,1,149066
4710068002798,false,מאסטר קפה וונילה פחית 240 מל,מאיטה פוד אינדוסטריא,TW,מאסטר קפה וונילה,גרמים,240.00,100 גרם,false,,6.50,0.0271,true,1,207876
4740098098331,false,"קוקטייל בלו לגון אה לה קוק 330 מ""ל",אה לי קוק,EE,קוקטייל בלו לגון אה,מיליליטרים,330.00,"100 מ""ל",false,,9.90,0.0300,true,1,262800
4740098098355,false,"קוקטייל מוחיטו אה לה קוק 330 מ""ל",אה לי קוק,EE,קוקטייל מוחיטו אה לה,מיליליטרים,330.00,"100 מ""ל",false,,9.90,0.0300,true,1,262110
4740098098379,false,"קוקטייל מרגריטה אה לה קוק 330 מ""ל",אה לי קוק,EE,קוקטייל מרגריטה אה ל,מיליליטרים,330.00,"100 מ""ל",false,,9.90,0.0300,true,1,262111
4740098098393,false,"קוקטייל און דה ביץ אה לה קוק 330 מ""ל",אה לי קוק,EE,קוקטייל סק און דה בי,מיליליטרים,330.00,"100 מ""ל",false,,9.90,0.0300,true,1,262112
4750142002078,false,"בירה צסו יורמלה 500 מ""ל","""cesu alus""",LV,פחית בירה צ'סו יורמל,מיליליטרים,500.00,"100 מ""ל",false,,5.90,0.0118,true,1,263035
4750142002719,false,"בירה בירה לא מסוננת צסו יורמלה 500 מ""ל","""cesu alus""",LV,פחית בירה לא מסוננת,מיליליטרים,500.00,"100 מ""ל",false,,5.90,0.0118,true,1,263036
4750142005062,false,"בירה ברוזה לא מסוננת צסו 568 מ""ל","""cesu alus""",,פחית בירה ברוז'ה לא,מיליליטרים,568.00,"100 מ""ל",false,,9.00,0.0158,true,1,262586
4750142016518,false,בירה צסו לא מסוננת 5.4% 568 מל,צ'סו אלוס,LV,בירה צ'סו לא מסוננת,מיליליטרים,568.00,"100 מ""ל",false,,9.00,0.0158,true,1,148060
4750616006564,false,סרדינים על הגריל בשמן זית 190 גר,,LV,סרדינים על הגריל בשמ,גרמים,190.00,100 גרם,false,,11.90,0.0626,true,1,214821
4750616006571,false,סרדינים על הגריל בשמן זית עם צילי 190 ג,,LV,סרדינים על הגריל בשמ,גרמים,190.00,100 גרם,false,,11.90,0.0626,true,1,262550
4750616006588,false,סרדינים על הגריל עם לימון בשמן זית 190 ג,,LV,סרדינים על הגריל עם,גרמים,190.00,100 גרם,false,,11.90,0.0626,true,1,214822
4796012480133,false,קמח קוקוס 500 גר',,,קמח קוקוס 500 גר',גרמים,500.00,100 גרם,false,,21.90,0.0438,true,1,195020
4800888148957,false,רקסונה רולאון נשים ט,יוניליוור פיליפינים,,רקסונה רול און פאודר,מיליליטרים,50.00,"100 מ""ל",false,,13.90,0.2780,true,1,124486
4800888150080,false,"דאב - דאודורנט רול און לאישה פרש טאצ' מלפפונים 50 מ""ל",יוניליוור פיליפינים,PH,דאודורנט דאב רול און,מיליליטרים,50.00,"100 מ""ל",false,,16.90,0.3380,false,1,142240
4800888209429,false,רקסונה - דאודורנט סטיק לאישה כותנה נשים 50 גרם,רקסונה Rexona,PH,דאודורנט רקסונה סטיק,גרמים,50.00,100 גרם,false,,15.90,0.3180,true,1,213683
4800888214904,false,דאו' דאב סטיק קקאו לאשה 50 ג',יוניליוור,,דאב דאודורנט סטיק קק,גרמים,50.00,100 גרם,false,,16.90,0.3380,true,1,215922
4800888219510,false,דאב - דאודורנט סטיק לאישה פרש מלפפונים 50 גרם,יוניליוור פיליפינים,PH,דאב סטיק מלפפון,מיליליטרים,50.00,"100 מ""ל",false,,16.90,0.3380,true,1,219771
4800888219527,false,דאב - דאודורנט סטיק לאישה ללא סימן אינביזיבל 50 גרם,יוניליוור,PH,דאב סטיק אינביזיבל 5,מיליליטרים,50.00,"100 מ""ל",false,,16.90,0.3380,true,1,259264
4800888219534,false,דאב - דאודורנט סטיק לאישה אנטי פרספירמט 50 גרם,יוניליוור פיליפינים,PH,דאב דאודורנט סטיק או,מיליליטרים,50.00,"100 מ""ל",false,,16.90,0.3380,false,1,219450
4801234159856,false,גלייד מיני-ג'ל מפיץ ריח בניחוח מרכך כביסה 70 גרם,ג'ינסו ג'ונסון טונגד,ID,גלייד מיני ג'ל בניחו,גרמים,70.00,100 גרם,false,,8.50,0.1214,true,1,142693
4801234159863,false,גלייד מיני-ג'ל מפיץ ריח בניחוח חבצלות ופרחי בר 70 גרם,המאפיה של הרמן,ID,גלייד מיני ג'ל מבשם,גרמים,70.00,100 גרם,false,,8.50,0.1214,true,1,142968
4810168000998,false,פילה דג הרינג מלוח מצונן עם בצל בצנצנת חתיכות 260גרם,סנטה ברמור,BY,פילה דג הרינג מלוח מ,יחידה,0.00,יחידה,false,,17.90,0.0000,true,1,219040
4810168001056,false,פילה דג הרינג מלוח מצונן בצנצנת חתיכות 260גרם,סנטה ברמור,BY,פילה דג הרינג מלוח מ,יחידה,0.00,יחידה,false,,17.90,0.0000,true,1,219041
4810168024512,false,פילה דג הרינג מלוח מצונן עם תבלין בצנצנת חתיכות 260 גרם,סנטה ברמור,BY,פילה דג הרינג מלוח מ,יחידה,0.00,יחידה,false,,17.90,0.0000,true,1,219042
4810168057435,false,חתיכות פילה דג XXLהרינג מלוח בשמן מצונן 400 גר,,RU,חתיכות פילה הרינג 40,גרמים,400.00,100 גרם,false,,24.90,0.0622,true,1,261517
4810168057510,false,חתיכות פילה דג הרינג מתובל מלוח בשמן 400 גר,,,חתיכות פילה הרינג מת,גרמים,400.00,100 גרם,false,,24.90,0.0622,true,1,261516
4810168058975,false,חתיכות פילה דג הרינג סקנדינבי מלוח מצונן 260 גר,סנטה ברמור,BY,פילה הרינג סקנדינבי,גרמים,260.00,100 גרם,false,,17.90,0.0688,true,1,263441
4810168058982,false,חתיכות פילה דג הרינג סקנדינבי מלוח בשמן 400 גר,סנטה ברמור,BY,פילה הרינג סקנדינבי,גרמים,400.00,100 גרם,false,,25.90,0.0647,true,1,263442
4820163121437,false,וודקה חורטיצה פלטינו,U.D.C,UA,וודקה חורטיצה פלטינו,מיליליטרים,700.00,"100 מ""ל",false,,54.90,0.0784,false,1,212683
4820163121505,false,וודקה חורטיצה קלאסיק,,,וודקה חורטיצה קלאסיק,מיליליטרים,700.00,"100 מ""ל",false,,54.90,0.0784,false,1,212684
4820229031380,false,וודקה חורטיצה פרמיום,,,וודקה חורטיצה פרמיום,מיליליטרים,700.00,"100 מ""ל",false,,59.90,0.0856,false,1,212685
4840008018319,false,דובשניות עם שזיף 400 גרם פרנצלוטה,פרנזלוטה,,דובשניות פרנזלוטה עם,גרמים,400.00,100 גרם,false,,8.90,0.0223,true,1,211034
4840008018333,false,דובשניות טעם דבש 400 גרם פרנצלוטה,פרנזלוטה,,דובשניות פרנזלוטה בט,גרמים,400.00,100 גרם,false,,8.90,0.0223,true,1,211035
4840008019521,false,עוגיות בצק עלים לבבות דקל פרנצלוטה 350 ג,פרנזלוטה,,עוגיות אזניים מבצק ע,גרמים,350.00,100 גרם,false,,10.90,0.0311,true,1,214809
4840008040075,false,350 עוגיות אוזניים עם קינמון גר,FRANZELUTA,MD,עוגיות אזניים עם קינ,גרמים,350.00,100 גרם,false,,10.90,0.0311,true,1,219343
4860019001346,false,בורז'ומי מים מינרליים טבעיים 500מ'ל חדש,אי די אס בורגומי,,בורז'ומי מים מינירלי,יחידה,500.00,יחידה,false,,6.90,0.0138,true,1,133084
4860019001414,false,"בקבוק מים בוז'ורמי 750 מ""ל",אי.די.אס בורג'יומי,,בורז'ומי מים מינרליי,מיליליטרים,750.00,"100 מ""ל",false,,7.90,0.0105,true,1,147453
4891228430061,false,סכיני גילוח שיק אקזקטה 2 לנשים ורוד 10 יח',הנסיך- מפעל לייצור ט,CN,ס.ג שיק אקסטרא 2ורוד,יחידה,0.00,יחידה,false,,23.90,0.0000,true,1,96230
4891228430085,false,סכין גילוח שיק אקסטרים 3 כחול 4 יחידות,אנרג'יזר Energizer,CN,ס.ג שיק אקסטרים 3כחו,יחידה,0.00,יחידה,false,,16.90,0.0000,true,1,112413
4903001904192,false,"רוטב סויה יאמסה פרימיום 500 מ""ל",הדקלאים אגודת שיתופי,JP,רוטב סויה יאמסה פרימ,יחידה,500.00,יחידה,false,,17.90,0.0358,true,1,126834
4903001904208,false,רוטב סויה פרימיום יאמסה 1 ליטר,הדקלאים אגודת שיתופי,JP,רוטב סויה יאמסה פרימ,ליטרים,1.00,ליטר,false,,31.90,31.9000,true,1,126835
4903001930993,false,"רוטב טריאקי יאמאסה 500 מ""ל",ליימן מותגים,JP,"טריאקי יאמסה 500 מ""ל",מיליליטרים,500.00,"100 מ""ל",false,,17.90,0.0358,true,1,191036
4987176078711,false,מכשיר מאך 3 ג''ילט מ,,,מכשיר מאך 3 ג''ילט מ,יחידה,0.00,יחידה,false,,39.90,0.0000,true,1,264210
5000111041065,false,רוטב ווסטרשייר היינץ,תאי פרזידנט פוד פאבל,,היינץ רוטב וסטרשייר,מיליליטרים,150.00,"100 מ""ל",false,,11.90,0.0793,true,1,209987
5000111047364,false,רוטב ברביקיו דבש 465 גרם,היינץ,NL,רוטב ברבקיו דבש H.P,גרמים,465.00,100 גרם,false,,15.90,0.0342,true,1,198805
5000111047371,false,רוטב ברביקיו קלאסי 465 גרם,היינץ,,רוטב ברבקיו קלאסי H.,גרמים,465.00,100 גרם,false,,15.90,0.0342,true,1,198780
5000127163195,false,דגני בוקר קלוגס ספיישל קיי 500גרם,חברת קלוגס בריטניה,GB,דגני קלוגס ספיישל קי,גרמים,500.00,100 גרם,false,,23.90,0.0478,true,1,168492
5000127533196,false,קלוגס וורייטי שמינייה 191 גרם,חברת קלוגס בריטניה,GB,ווראיטי קלוגס,גרמים,191.00,100 גרם,false,,21.90,0.1147,true,1,205316
5000146048688,false,בראסו מטליות לניקוי כלי נחושת,רקיט בנקיזר,PT,בראסו מטליות לניקוי,גרמים,75.00,100 גרם,false,,19.90,0.2653,true,1,141187
5000146057710,false,ספריי רב שימושי לחלונות ומשטחים ווינדולין Windolene,רקיט בנקיזר,PL,וינדולין לחלונות,יחידה,750.00,יחידה,false,,8.90,0.0119,true,1,104417
5000146401568,false,וולייט דפים למניעת העברת צבע 10 דפים,ווליט Woolite,IT,ווליט דפים למכונת כב,יחידה,0.00,יחידה,false,,14.90,0.0000,true,1,104426
5000157143365,false,מתבל בטעם מיונז וקטשופ היינץ 425 ג',היינץ Heinz,PL,רוטב בטעם מיונז וקטש,גרמים,425.00,100 גרם,false,,14.90,0.0351,true,1,210998
5000159020312,false,מלטיזרס אריזה קטנה 37 גרם,מלטיזרס Maltesers,NL,כדורי שוקולד חלב מלט,גרמים,37.00,100 גרם,false,,5.00,0.1351,true,1,98442
5000159376655,false,סוכריות SKITTLES פירות קטן 38 גרם אדום,ריגלי ממתקים,NL,סקיטלט סוכריות ג'לי,גרמים,38.00,100 גרם,false,,3.00,0.0789,true,1,141293
5000159376792,false,סוכריות סקיטלס Skittles פירות חמוצים,ריגלי ממתקים,NL,סקיטלט סוכריות ג'לי,גרמים,38.00,100 גרם,false,,3.00,0.0789,true,1,141294
5000159407236,false,חטיף מרס שוקולד עם ק,מרס הולנד בי.וי.,NL,חטיף מרס שוקולד 51 ג,גרמים,51.00,100 גרם,false,,4.00,0.0784,false,1,117370
5000159442572,false,טוויקס חטיפי מיני שקית 403ג',מרס גי אם בי אייץ,NL,טויקס מיני 403 גר',גרמים,403.00,100 גרם,false,,21.90,0.0543,false,1,147842
5000159452540,false,סניקרס מארז חטיף 50 גרם חמישייה,סניקרס Snickers,NL,סניקרס מארז חמישייה,גרמים,250.00,100 גרם,false,,9.90,0.0396,true,1,213056
5000159452663,false,מרס מארז חטיף 45 גרם חמישייה,מרס Mars,NL,מאגדת מרס חמישייה,גרמים,225.00,100 גרם,false,,9.90,0.0440,true,1,218933
5000159461122,false,חטיף שוקולד סניקרס מקס קרמל 50 ג',"נארז ע""י : א.ג. גילר",NL,חטיף סניקרס 50 גר',גרמים,50.00,100 גרם,false,,4.00,0.0800,false,1,142534
5000159536400,false,טוויקס סטיקס 99 קלוריות 10 יחידות,מרס,IL,טוויקס סטיקס 99 קלור,גרמים,200.00,100 גרם,false,,15.90,0.0795,true,1,219282
5000159538626,false,טוויקס מארז חטיף 50 גרם חמישייה,טוויקס Twix,NL,מאגדת טוויקס חמישייה,גרמים,250.00,100 גרם,false,,9.90,0.0396,true,1,218931
5000159538640,false,באונטי מארז חטיף 57 גרם חמישייה,באונטי,NL,מאגדת באונטי חמישייה,גרמים,285.00,100 גרם,false,,9.90,0.0347,true,1,218932
5000168199245,false,שוקולד חלב מעולה בתוספת קרמל מלוח פיור גודייבה 90 ג',"אולקר מקבוצת פלאדיס,",TR,גודייבה שוקולד חלב ב,גרמים,90.00,100 גרם,false,,14.50,0.1611,true,1,219364
5000189974579,false,מארז מיני חטיפי קיט קט Kit Kat,ליימן מותגים,DE,קיט קט מיני 200 גר',גרמים,200.00,100 גרם,false,,13.90,0.0695,true,1,202480
5000204048742,false,"קיווי לבישום נעלי ספורט 100 מ""ל",קיווי,NL,קיווי לבישום נעלי ספ,מיליליטרים,100.00,"100 מ""ל",false,,17.90,0.1790,true,1,259385
5000204048803,false,"קיווי לניקוי נעלי ספורט 75 מ""ל",ג'ונסון אנד ג'ונסון,NL,קיווי לניקוי נעלי ספ,מיליליטרים,75.00,"100 מ""ל",false,,17.90,0.2387,true,1,259652
5000204114867,false,"גלייד אורסול בניחוח וניל 300 מ""ל",coster aerosol vail,TR,גלייד ארוסול בניחוח,מיליליטרים,300.00,"100 מ""ל",false,,10.00,0.0333,true,1,210858
5000204114898,false,גלייד ארוסול מבשם אוויר ניחוח מרכך כביסה,אס.סי גונוסון,NL,גלייד ארוסול בניחוח,מיליליטרים,300.00,"100 מ""ל",false,,10.00,0.0333,true,1,210864
5000204114928,false,"גלייד ארוסול בניחוח דובדבן 300 מ""ל",coster aerosol vail,TR,גלייד ארוסול בניחוח,מיליליטרים,300.00,"100 מ""ל",false,,10.00,0.0333,true,1,210859
5000204114959,false,"גלייד ארוסול בניחוח פריחה בלבן 300 מ""ל","אס.סי ג'ונסון,מידרכט",NL,גלייד ארוסול בניחוח,מיליליטרים,300.00,"100 מ""ל",false,,10.00,0.0333,true,1,210865
5000204114980,false,גלייד מטהר אוויר איר,coster aerosol vail,,גלייד ארוסול בניחוח,מיליליטרים,300.00,"100 מ""ל",false,,10.00,0.0333,true,1,210860
5000204115048,false,גלייד ארוסול מבשם אוויר בניחוח לבנדר,"אס.סי ג'ונסון,מידרכט",NL,גלייד ארוסול בניחוח,מיליליטרים,300.00,"100 מ""ל",false,,10.00,0.0333,true,1,210866
5000204120745,false,גלייד מוצק בניחוח לבנדר 150 גר',אס סי ג'ונסון,PL,גלייד מוצק בניחוח לב,גרמים,150.00,100 גרם,false,,10.00,0.0667,true,1,210356
5000204133509,false,שקיות אחסון גדולות- 19 יח' זיפלוק,אס.סי.גונסון ובניו,US,זיפלוק שקיות אחסון ג,יחידה,0.00,יחידה,false,,13.90,0.0000,true,1,215152
5000204151022,false,"פלדג' אירוסול לניקוי רהיטים לבנדר 250 מ""ל",פלדג',NL,פלדג' ארוסול לניקוי,מיליליטרים,250.00,"100 מ""ל",false,,15.90,0.0636,true,1,217585
5000204151053,false,"פלדג' אירוסול לניקוי רהיטים קלאסי 250 מ""ל",יורופרייטס,NL,פלדג' אירוסול לניקוי,מיליליטרים,250.00,"100 מ""ל",false,,15.90,0.0636,true,1,213085
5000204151084,false,"פלדג' אירוסול לניקוי כללי לימון 250 מ""ל",פלדג' Pledge,NL,פלדג' ארוסול לניקוי,מיליליטרים,250.00,"100 מ""ל",false,,15.90,0.0636,true,1,212811
5000204153729,false,מטהר אוויר גלייד מילוי אוטומטי לבנדר וניל,המאפיה של הרמן,TR,גלייד מילוי אוטומטי,מיליליטרים,269.00,"100 מ""ל",false,,14.90,0.0554,true,1,215454
5000204153842,false,מטהר אוויר גלייד מילוי אוטומטי וניל,המאפיה של הרמן,TR,גלייד מילוי אוטומטי,מיליליטרים,269.00,"100 מ""ל",false,,14.90,0.0554,true,1,213869
5000204153903,false,מטהר אוויר גלייד מילוי אוטומטי מרכך כביסה,קוסטר אירוסול ואלף ס,TR,גלייד מילוי אוטומטי,מיליליטרים,269.00,"100 מ""ל",false,,14.90,0.0554,true,1,213868
5000204155723,false,"גלייד מארז אוטומטי-בניחות מרכך כביסה 269 מ""ל",המאפיה של הרמן,TR,גלייד מארז אוטומטי מ,יחידה,0.00,יחידה,false,,39.90,0.0000,true,1,215411
5000204155815,false,"מארז גלייד אוטומטי וניל 269 מ""ל",גלייד,,גלייד מארז אוטומטי ו,יחידה,0.00,יחידה,false,,39.90,0.0000,true,1,215558
5000204167856,false,"גלייד מילוי אוטומטי פסטיבל קינמון 269 מ""",coster aerosol vail,TR,גלייד מילוי אוטומטי,מיליליטרים,269.00,"100 מ""ל",false,,14.90,0.0554,true,1,260732
5000204220933,false,"קוטל מעופפים אירוסול אקליפטוס 300 מ""ל רייד",SC Jonson,NL,רייד אירוסול קוטל מע,מיליליטרים,300.00,"100 מ""ל",false,,13.90,0.0463,true,1,261984
5000204225655,false,"מטהר אוויר גלייד מילוי אוטומטי מסיבת פטל 269 מ""ל",coster aerosol vail,TR,גלייד מילוי אוטומטי,מיליליטרים,269.00,"100 מ""ל",false,,14.90,0.0554,true,1,260071
5000204243031,false,"נוזל לאסלה ירח פורח 750 מ""ל דאק",טואלט דאק (ג'ונסון),NL,דאק נוזל ירח פורח 75,מיליליטרים,750.00,"100 מ""ל",false,,8.90,0.0119,true,1,261504
5000204254587,false,סבון מוצק לאסלהאפרסק על חלל 38.6 ג' דאק,דאופלור אס.פי.אי כונ,IT,דאק סבון מוצק לאסלה,גרמים,38.60,100 גרם,false,,9.90,0.2565,true,1,261979
5000204657883,false,קיווי משחת נעליים בקופסא חום 50 מל,ג' אל ראיה בוגור ג'א,ID,משחת נעליים קיווי חו,מיליליטרים,50.00,"100 מ""ל",false,,5.90,0.1180,true,1,140872
5000204657913,false,קיווי משחת נעליים בקופסא שחור 50 מל,ג' אל ראיה בוגור,ID,משחת נעליים קיווי שח,מיליליטרים,50.00,"100 מ""ל",false,,5.90,0.1180,true,1,141271
5000204658064,false,"קיווי אקספרס ספוג הברקה שחור 7מ""ל",המאפיה של הרמן,ID,קיווי אקספרס ספוג הב,יחידה,0.00,יחידה,false,,14.90,0.0000,true,1,141272
5000204658125,false,"קיווי נוזל נעליים קראון חום 75 מ""ל",אס' סי' ג'ונסון במה,ID,קיווי קראון חום 75 מ,מיליליטרים,75.00,"100 מ""ל",false,,14.90,0.1987,true,1,141252
5000204658187,false,"קיווי נוזל נעליים קראון שחור 75 מ""ל",אס' סי' ג'ונסון במה,ID,משחת נעליים קיווי שח,מיליליטרים,75.00,"100 מ""ל",false,,14.90,0.1987,true,1,141060
5000204659054,false,"קיווי קופסא שקוף 50 מ""ל",קיווי,,משחת נעליים קיווי שק,מיליליטרים,50.00,"100 מ""ל",false,,7.50,0.1500,true,1,141625
5000204660159,false,"קיווי אקספרס ספוג הברקה שקוף 6מ""ל",המאפיה של הרמן,ID,קיווי אקספרס ספוג הב,יחידה,0.00,יחידה,false,,14.90,0.0000,true,1,141273
5000204661392,false,"קיווי אקסטרא לארג' שחור(גדול) 100מ""ל",המאפיה של הרמן,ID,משחת נעליים אקסטרא ש,יחידה,0.00,יחידה,false,,8.90,0.0000,true,1,140873
5000204886566,false,"תרסיס מנקה, מזין ומגן על העץ עם שמן תפוז טבעי",Jonson ג'ונסון,US,פלדג' 473 ORANGE OIL,יחידה,475.00,יחידה,false,,32.90,0.0693,true,1,107374
5000207004981,false,קלין & קליר מי פנים לעור רגיש 200 מל,קלין אנד קליר Clean & clear,IT,מי פנים לניקוי עמוק,מיליליטרים,200.00,"100 מ""ל",false,,31.90,0.1595,true,1,138260
5000207007425,false,קלין & קליר תרחיץ גרגירים לניקוי 150,קלין אנד קליר Clean & clear,,קלין אנד קליר קרם ג',מיליליטרים,150.00,"100 מ""ל",false,,35.90,0.2393,true,1,127214
5000213000359,false,בירה גינס אקסטרא סטאוט,קרלסברג יבוא יצוא,,"בירה גינס 330 מ""ל בק",מיליליטרים,330.00,"100 מ""ל",false,,13.00,0.0394,true,1,185690
5000213014905,false,בירה גינס 440 מל פחית,פארייפאבה אגרואינדוס,IE,"בירה גינס פח 440 מ""ל",מיליליטרים,440.00,"100 מ""ל",false,,14.90,0.0339,true,1,149854
5000219120112,false,פאל מאל כחול ארוך סטרים פילטר עשירייה,Unknown,,פקט פאל מאל כחול ארו,יחידה,0.00,יחידה,false,,282.00,0.0000,false,1,188094
5000267014234,false,וויסקי ג'וני ווקר רד לייבל Red label,ג'וני ווקר Johnnie walker,,וויסקי גוני ווקר אדו,מיליליטרים,700.00,"100 מ""ל",false,,75.00,0.1071,true,1,213124
5000267024233,false,"וויסקי ג'וני בלאק לייבל עם פורר 700מ""ל",ג'וני ווקר Johnnie walker,,גו'ני ווקר שחור 700,מיליליטרים,700.00,"100 מ""ל",false,,110.00,0.1571,false,1,217209
5000289925440,false,גין גורדון בקבוק 700,אלכסנדר גורדון ושות',,"ג'ין גורדון 700 מ""ל",מיליליטרים,700.00,"100 מ""ל",false,,79.90,0.1141,true,1,149006
5000394137486,false,רביעיות סוללות אופטימום AA דורסל,פרוקטר אנד גמבל,BE,דורסל רביעיות AA אופ,יחידה,0.00,יחידה,false,,18.90,0.0000,true,1,259704
5000394141209,false,שישיות סוללות AAA פלוס פאוור דורסל,דורסל,BE,דורסל שישיות AAA פלו,יחידה,0.00,יחידה,false,,18.90,0.0000,true,1,259706
5000394141827,false,סוללת דורסל סי פלוס,פרוקטר אנד גמבל,US,סוללות דורסל C פלוס,יחידה,0.00,יחידה,false,,24.90,0.0000,true,1,262988
5000394142190,false,סוללת דורסל וי 9 פלו,פרוקטר אנד גמבל,CN,סוללות דורסל V9 פלוס,יחידה,0.00,יחידה,false,,24.90,0.0000,true,1,262991
5000394203884,false,סוללות דורסל ליתיום זוג,דורסל Duracell,,סוללות דורסל ליתיום,יחידה,0.00,יחידה,false,,17.90,0.0000,true,1,216717
5000394203907,false,סוללות דורסל ליתיום זוג,דורסל Duracell,,דורסל ליתיום,יחידה,0.00,יחידה,false,,17.90,0.0000,true,1,208515
5000394203921,false,זוג סוללות ליתיום 2032 דורסל,דורסל Duracell,CN,זוג סוללות דורסל לית,יחידה,0.00,יחידה,false,,17.90,0.0000,true,1,216718
5010038454831,false,"בקבוק בירה בלומון 330 מ""ל",בלו מון ברווינז קומפ,IL,"בירה בלומון 330 מ""ל",מיליליטרים,330.00,"100 מ""ל",false,,10.00,0.0303,true,1,209667
5010182996799,false,ג'ל אסלה מנטרל ריחות בניחוח פרחי בר ורודים,דאופלור אס.פי.אי איט,IT,דאק ג'ל אסלה פרחי בר,מיליליטרים,55.00,"100 מ""ל",false,,9.90,0.1800,false,1,107380
5010182996805,false,רייד מונע עש שמן עץ הארז,זובלה,IT,RAIDמונע עש שמן עץ ה,גרמים,2.00,100 גרם,false,,12.90,6.4500,true,1,107381
5010182997253,false,רייד תרסיס קוטל ג'וקים/תיקנים 300 מל,אס.סי.ג'ונסון מידרכט,NL,RAIDקוטל ג'וקים 400מ,מיליליטרים,400.00,"100 מ""ל",false,,13.90,0.0348,false,1,107384
5010182997338,false,דאק ג'ל לניקוי אסלות בניחוח רענן 55 מל,"איטיליאן פוד, אס.פי.",IT,ט.ד ג'ל אסלה ניחוח ר,גרמים,55.00,100 גרם,false,,10.90,0.1982,true,1,107385
5010182997680,false,"רייד ארוסול קוטל נמלים - 300 מ""ל",אס.סי.ג'ונסון מידרכט,NL,"RAIDקוטל נמלים 400מ""",מיליליטרים,400.00,"100 מ""ל",false,,13.90,0.0348,false,1,107387
5010182997918,false,דאק ג'ל לניקוי אסלות בניחוח ים 55 מל,"איטיליאן פוד, אס.פי.",IT,ט.ד ג'ל אסלה ניחוח י,גרמים,55.00,100 גרם,false,,10.90,0.1982,true,1,107389
5010182998847,false,דאק נוזל לניקוי אסלות בניחוח ים 750 מל,מיוצר עי קונדיטוריית,NL,טואלט דאק נוזל כחול,יחידה,750.00,יחידה,false,,8.90,0.0119,true,1,126713
5010182998861,false,דאק נוזל לניקוי אסלות בניחוח רענן 750 מל,מיוצר עי קונדיטוריית,NL,טואלט דאק נוזל ירוק,יחידה,750.00,יחידה,false,,8.90,0.0119,true,1,107394
5010314302863,false,"מקאלן דאבל קאסק 12 שנים 700 מ""ל (כשר)",אדרינגטון,GB,מקאלן דאבל קאסק 12 ש,מיליליטרים,700.00,"100 מ""ל",false,,265.00,0.3786,true,1,219277
5010327000046,false,וויסקי גרנט'ס סקוטי,"איי, בי, אינבוו",,וויסקי גרנט'ס,מיליליטרים,750.00,"100 מ""ל",false,,69.90,0.0932,false,1,111350
5010327325323,false,וויסקי גלנפידיך 18 שנה אנשנט רזרב 750,גרנט'ס (William Gran,,וויסקי גלנפידיך 18 ש,מיליליטרים,700.00,"100 מ""ל",false,,329.90,0.4713,true,1,263792
5010394984577,false,פדיגרי דנטאסטיקס כלב קטן 110 גרם (7 יח')BP29V,פדיגרי Pedigree,HU,פדיגרי דנטה סמול 110,גרמים,110.00,100 גרם,false,,10.90,0.0991,true,1,187924
5010677551281,false,"בקרדי בריזר לימון 275 מ""ל בקבוק",בקרדי בריזר Bacardi Breezer,BE,בקרדי בריזר לימו,יחידה,275.00,יחידה,false,,12.90,0.0469,false,1,109958
5010677551397,false,"בקרדי בריזר לימון ליים 275 מ""ל",בקרדי בריזר Bacardi Breezer,BE,בקרדי בריזר ליים,מיליליטרים,275.00,"100 מ""ל",false,,12.90,0.0469,false,1,186265
5010677552387,false,"בקרדי בריזר אננס 275 מ""ל בקבוק",בקרדי בריזר Bacardi Breezer,BE,בקרדי בריזר אננס,יחידה,275.00,יחידה,false,,12.90,0.0469,false,1,109959
5010677554398,false,"בקרדי בריזר אבטיח 275 מ""ל בקבוק",בקרדי בריזר Bacardi Breezer,BE,בקרדי בריזר אבטי,מיליליטרים,275.00,"100 מ""ל",false,,12.90,0.0469,false,1,109961
5010677714006,false,"גין בומבאי ספייר 700 מ""ל",ג'ון דיואר ובניו,ES,ג'ין בומביי ספייר,מיליליטרים,700.00,"100 מ""ל",false,,110.00,0.1571,true,1,189768
5010677850100,false,וודקה גריי גוס בקבוק,בקרדי מרטיני,FR,"גריי גוס 700 מ""ל",מיליליטרים,700.00,"100 מ""ל",false,,110.00,0.1571,true,1,208499
5011007003227,false,וויסקי גיימיסון 1 ליטר,אייריש דיסטלריז,,ג'יימסון וויסקי אירי,ליטרים,1.00,ליטר,false,,115.00,115.0000,false,1,128434
5011061104045,false,ממתק שערות סבתא מסטי,,,ממתק שערות סבתא מסטי,גרמים,15.00,100 גרם,false,,3.90,0.2600,true,1,263230
5011061104052,false,ממתק שערות סבתא תות,,,ממתק שערות סבתא תות,גרמים,15.00,100 גרם,false,,3.90,0.2600,true,1,263231
5011157630281,false,אורז לבן ארוך בסמטי טילדה Tilda,אלסקה/ טילדה,GB,אורז טילדה,קילוגרמים,1.00,"ק""ג",false,,24.90,24.9000,true,1,103947
5011157730271,false,אורז יסמין לבן ארוך טילדה,טילדה Tilda,,טילדה אורז יסמין,קילוגרמים,1.00,"100 ק""ג",false,,24.90,24.9000,true,1,259429
5011417552247,false,"אירוויק מבשם אויר נטול גז בניחוח פשתן ופרחי לילך 345 מ""ל",איירוויק Air Wick,PL,אירוויק נטול גז לילך,מיליליטרים,345.00,"100 מ""ל",false,,14.90,0.0432,true,1,122777
5011417554760,false,"אירוויק מבשם אויר נטול גז בניחוח ורדים וארכידאה 345 מ""ל",איירוויק Air Wick,PL,אקווה מיסט ורדים,מיליליטרים,345.00,"100 מ""ל",false,,14.90,0.0432,true,1,134725
5012251008631,false,BEAUTY FORMULAS מגבוני ניקוי לעור הפנים מועושרים בתמציות מלפפונים ולחות 30 יחידות,,,מגבונים לפנים תמצית,יחידה,0.00,יחידה,false,,12.90,0.0000,true,1,219890
5012251009423,false,BEAUTY FORMULAS מגבונים לניקוי עדין של עור הפנים בתוספת תמציות משמש 30 יחידות,,,מגבונים לניקוי פנים,יחידה,0.00,יחידה,false,,12.90,0.0000,true,1,219891
5012251012249,false,ביוטי פורמולה תרחיץ פנים פחם,,GB,תרחיץ פילינג לפנים ב,מיליליטרים,150.00,"100 מ""ל",false,,14.90,0.0993,true,1,207972
5012251012256,false,"BEAUTY FORMULASתרחיץ דטוקס לפנים בתוספת פחם פעיל 150מ""ל",,,תרחיץ לפנים בתוספת פ,מיליליטרים,150.00,"100 מ""ל",false,,14.90,0.0993,true,1,207973
5012251012522,false,מגבוני פנים פחם פעיל,,,מגבוני פנים עם פחם,יחידה,0.00,יחידה,false,,13.90,0.0000,true,1,207858
5012251013314,false,BEAUTY FORMULAS מגבוני פנים להסרה עדינה ויעילה של איפור על בסיס תמציות אבוקדו 25 יחידות,,,מגבונים לפנים תמצית,יחידה,0.00,יחידה,false,,12.90,0.0000,true,1,219893
5013387205826,false,פרואט-חטיף ללא גלוטן שוקולד 100 גרם,,GB,חטיף פריך בציפוי שוק,גרמים,100.00,100 גרם,false,,11.90,0.1190,true,1,211450
5013965953354,false,אורל בי 123 משחה 100 מל עם פלואוריד,פרוקטר אנד גמבל,DE,אוראל בי משחת שיניים,מיליליטרים,100.00,"100 מ""ל",false,,11.90,0.1190,true,1,203845
5014271002675,false,מעדן פרי תפוח וקינמון 284 גרם,סאנטדלפור,FR,סנדלפור תפוח קינמון,גרמים,284.00,100 גרם,false,,19.90,0.0701,false,1,206759
5014271002767,false,מעדן פרי מנגו פסיפלורה 284 גרם,סאנטדלפור,FR,ריבת סנדלפור מנגו ופ,גרמים,284.00,100 גרם,false,,19.90,0.0701,false,1,207974
5014271300429,false,"מעדן בטעם משמש לל""ס סאן דלפור 284 גרם",סנדלפור St.dalfour,FR,ריבת משמש סנדלפור 28,גרמים,284.00,100 גרם,false,,19.90,0.0701,false,1,109126
5014271310428,false,מעדן דובדבנים שחורים ללא תוספת סוכר 284 גרם,המאפיה של הרמן,FR,ריבת דובדבן סנדלפור,גרמים,284.00,100 גרם,false,,19.90,0.0701,false,1,109127
5014271330426,false,מעדן אוכמניות כחולות ללא תוספת סוכר 284 גרם,סנדלפור St.dalfour,FR,ריבת אוכמניות סנדלפו,גרמים,284.00,100 גרם,false,,19.90,0.0701,false,1,109128
5014271350424,false,מעדן ארבעה פירות ללא תוספת סוכר 284 גרם,המאפיה של הרמן,FR,ריבת פירות סנדלפור 2,גרמים,284.00,100 גרם,false,,19.90,0.0701,false,1,109129
5014271360423,false,"מעדן תפוזים לל""ס סאן דלפור 284 גרם",המאפיה של הרמן,FR,מעדן תפוז סנדלפור 28,גרמים,284.00,100 גרם,false,,19.90,0.0701,false,1,109130
5014271370422,false,מעדן אפרסקים ללא תוספת סוכר 284 גרם,סנדלפור St.dalfour,FR,ריבת אפרסק סנדלפור 2,גרמים,284.00,100 גרם,false,,19.90,0.0701,false,1,109131
5014271400426,false,"מעדן בטעם תות שדה לל""ס סאן דלפור 284 גרם",המאפיה של הרמן,FR,ריבת תות סנדלפור 284,גרמים,284.00,100 גרם,false,,19.90,0.0701,false,1,109134
5014271560427,false,מעדן תפוז וג'ינג'ר ללא סוכר סאן דלפור 284 גר,סנדלפור St.dalfour,FR,ריבת תפוז וג'ינג'ר ס,גרמים,284.00,100 גרם,false,,19.90,0.0701,false,1,109135
5014271795980,false,מעדן חמוציות ואוכמניות ללא תוספת סוכר 284 גרם,סנדלפור St.dalfour,FR,ריבת אוכמניות וחמוצי,גרמים,284.00,100 גרם,false,,19.90,0.0701,false,1,109142
5014379009972,false,בירה לאגר באדוויזר פחית 500 מל,באדווייזר Budweiser,GB,פחית בירה באדוויזר 5,מיליליטרים,500.00,"100 מ""ל",false,,9.90,0.0198,true,1,209743
5029053002408,false,קלינקס - נייר טואולט קליניקס לבן 9 גלילים,קימברלי קלארק ישראל,IL,נייר טואלט קלינקס פר,גרמים,1184.00,100 גרם,false,,32.90,0.0278,false,1,102840
5029053002439,false,קלינקס - נייר טואולט קליניקס צהוב 9 גלילים,חוגלה קימברלי,GB,נייר טואלט קלינק,גרמים,1184.00,100 גרם,false,,32.90,0.0278,false,1,102841
5029053032658,false,קלינקס ממחטות טישו שמינייה,חוגלה,IT,קלינקס ממחטות מארז ש,יחידה,0.00,יחידה,false,,8.90,0.0000,true,1,197632
5029053039725,false,ממחטות נייר קלינקס נטורל פרש קופסה 72 דף,קימברלי קלארק,IL,קלינקס נטורל פרש קופ,יחידה,0.00,יחידה,false,,9.90,0.0000,false,1,259841
5029053510811,false,תחבושות נורמל פלוס עם כנפיים קוטקס 28 יחידות,קימברלי קלארק,CZ,קוטקס אולטרא נור,יחידה,0.00,יחידה,false,,17.90,0.0000,false,1,102855
5029053510828,false,תחבושות סופר פלוס עם כנפיים קוטקס 22יחידות,קימברלי קלארק,CZ,קוטקס אולטרא סופ,יחידה,0.00,יחידה,false,,17.90,0.0000,false,1,102856
5029053523446,false,קוטקס - תחבושות אולטרה נייט + כנפיים 20 יח',קימברלי קלארק,CZ,קוטקס אולטרא ליי,יחידה,0.00,יחידה,false,,17.90,0.0000,false,1,102876
5029053527574,false,תחתוני ספיגה לתופעת הרטבת לילה 4-7 האגיס,KC צ'כיה,CZ,דריי נייטס 7-4 בנים,יחידה,0.00,יחידה,false,,33.90,0.0000,false,1,102879
5029053527598,false,תחתוני ספיגה בנים לתופעת הרטבת לילה 8-15 האגיס,KC צ'כיה,CZ,האגיס דריי נייטס 8-1,יחידה,0.00,יחידה,false,,33.90,0.0000,false,1,102881
5029053527604,false,תחתוני ספיגה לתופעת הרטבת לילה 8-15 האגיס,KC צ'כיה,CZ,האגיס דריי נייטס 8-1,יחידה,0.00,יחידה,false,,33.90,0.0000,false,1,102882
5029053534589,false,טמפונים מיני קוטקס 32 יחידות,קוטקס,CZ,טמפוני קוטקס מיני-שי,יחידה,0.00,יחידה,false,,22.90,0.0000,true,1,123720
5029053534596,false,קוטקס טמפוני נורמל ללא מוליך 32 יח,קוטקס,CZ,טמפוני קוטקס נורמל,יחידה,0.00,יחידה,false,,22.90,0.0000,true,1,123563
5029053534602,false,קוטקס טמפוני סופר ללא מוליך 32 יח,קוטקס,CZ,טמפוני קוטקס סופר-שי,יחידה,0.00,יחידה,false,,22.90,0.0000,true,1,123721
5029053535227,false,טמפון עם מוליך נורמל קוטקס 16 יחידות,קוטקס,CZ,טמפון קוטקס עם מוליך,יחידה,0.00,יחידה,false,,22.90,0.0000,true,1,128930
5029053574103,false,האגיס פול אפס תח.גמילה יום בנות 20 יחידו,KC צ'כיה,IL,פול אפס בנות יום 20,יחידה,0.00,יחידה,false,,41.90,0.0000,false,1,217958
5029053574141,false,האגיס פול אפס תח.גמילה לילה בנות 18 יחיד,חוגלה,IL,פול אפס בנות לילה 18,יחידה,0.00,יחידה,false,,41.90,0.0000,false,1,217960
5029053574158,false,האגיס פול אפס תח.גמילה לילה בנים 18 יחיד,KC צ'כיה,IL,פול אפס בנים לילה 18,יחידה,0.00,יחידה,false,,41.90,0.0000,false,1,217961
5029053578309,false,קופסת ממחטות אולטרה סופט 48 דף קלינקס,קימברלי קלארק,IL,קלינקס אולטרה סופט ק,יחידה,0.00,יחידה,false,,8.50,0.0000,false,1,259840
5029054220085,false,האגיס - מגבוני האגיס אקסטרה קר לא מבושם 56 יח' * 4,קימברלי,IL,רביעיית מגבוני רך נו,יחידה,0.00,יחידה,false,,26.90,0.0000,false,1,203339
5035766044772,false,סיידר תפוחים סטרונגבאו 330 בקבוק רביעייה,סטאסן ס.א,BE,סיידר תפוחים סטרונגב,יחידה,0.00,יחידה,false,,30.00,0.0000,false,1,149442
5035766060253,false,"בירה מרפיס, בירת סטאוט, פחית 500 מ""ל",מרפיס Murphys,IE,מרפיס סטאוט פחית,יחידה,500.00,יחידה,false,,12.50,0.0250,false,1,121641
5060045588128,false,"וויסקי גים בים לבן 700 מ""ל","איי, בי, אינבוו",US,וויסקי ג'מ בים לבן,מיליליטרים,700.00,"100 מ""ל",false,,79.90,0.1141,true,1,202262
5060255492185,false,"אברקלין עוצמה בניחוח מרענן 6 ק""ג",MARDEL,NL,אברקלין חול ירוק בני,קילוגרמים,6.00,"ק""ג",false,,54.90,9.1500,true,1,198865
5060326870829,false,חטיף סויה ותפוח אדמה בטעם מתוק מלוח 85 ג,,GB,חטיף סויה ותפוח אדמה,גרמים,85.00,100 גרם,false,,10.90,0.1282,true,1,260662
5060326870898,false,חטיף ציפס חלבון בטעם ברביקיו מתוק85 ג,,GB,חטיף צ'יפס חלבון בטע,גרמים,85.00,100 גרם,false,,10.90,0.1282,true,1,260625
5060326870911,false,חטיף ציפס חלבון בטעם מלח ופלפל85 ג,,GB,חטיף ציפס חלבון בטעם,גרמים,85.00,100 גרם,false,,10.90,0.1282,true,1,260858
5060412214124,false,חול אברקלין צהוב פיזור מופחת,אבר קלין Ever clean,NL,אברקלין חול לחתולים,קילוגרמים,6.00,"ק""ג",false,,54.90,9.1500,true,1,211594
5060517886486,false,"מונסטר משקה אנרגיה קלאסי 500 מ""ל",מונסטר אנרג'י Monster Energy,RU,משקה אנרגיה מונסטר ק,מיליליטרים,500.00,"100 מ""ל",false,,7.50,0.0150,false,1,210680
5060639128051,false,"משקה אנרגיה מונסטר אולטרה פחית 500 מ""ל",מונסטר אנרג'י לימטד,RS,משקה אנרגיה מונסטר פ,מיליליטרים,500.00,"100 מ""ל",false,,7.00,0.0140,true,1,214331
5060639129102,false,"משקה אנרגיה מונסטר אנרג'י מנגו 500 מ""ל",מונסטר אנרג'י Monster Energy,RS,משקה אנרגיה מונסטר פ,מיליליטרים,500.00,"100 מ""ל",false,,7.50,0.0150,true,1,216253
5060751218173,false,"משקה אנרגיה מונסטר Pipline punch פח 500 מ""ל",מונסטר אנרג'י לימטד,RS,משקה אנרגיה מונסטר 5,מיליליטרים,500.00,"100 מ""ל",false,,7.50,0.0150,true,1,262150
5060751219033,false,מונסטר אנרגי משקה אנרגיה אולטרה פרדייז,מונסטר אנרג'י לימטד,IE,משקה אנרגיה מונסטר 5,מיליליטרים,500.00,"100 מ""ל",false,,7.50,0.0150,true,1,262149
5087396103237,false,"חול קריסטל תפוח לחתול, 3.8 ליטר",חטיפים מן הטבע,,חול קריסטל יהלום חתו,קילוגרמים,3.80,"ק""ג",false,,34.90,9.1842,true,1,263183
5099873015506,false,ליקר סאות'רן קומפורט,,,ליקר סאות'רן קומפורט,מיליליטרים,700.00,"100 מ""ל",false,,90.00,0.1286,true,1,262560
5200133120476,false,גלילות וופלים ממולאים קרם אגוזים וקקאו 400 ג',יוניליוור גרמניה Gm,GR,גליליות וופלים ממולא,גרמים,400.00,100 גרם,false,,16.90,0.0422,true,1,202652
5200133120483,false,גליליות וופלים ממולא קרם וניל 400 גר,יוניליוור גרמניה Gm,GR,גליליות וניל 400 גר,גרמים,400.00,100 גרם,false,,16.90,0.0422,true,1,202656
5200133120506,false,גליליות וופלים קרם אגוזים וקקאו 150 גרם,קוארטט אס.אי,GR,גליליות וופל ממולאות,גרמים,150.00,100 גרם,false,,6.90,0.0460,false,1,204622
5201003110702,false,משקה אוזו 12 700 מל,קמפרי (יורו),,אוזו 12,מיליליטרים,750.00,"100 מ""ל",false,,79.90,0.1065,true,1,191844
5201004020338,false,קפריס רולס קלאסיק 400 גרם,פפדופולוס,GR,גלילי וופל במילוי קר,גרמים,400.00,100 גרם,false,,18.90,0.0472,true,1,208173
5201004021328,false,קפריס רולס גלילי וופל במילוי קרם אגוזי לוז וקקאו,אי. ג'יי פאפאדופולוס,GR,גלילי וופל במילוי אג,גרמים,115.00,100 גרם,false,,8.50,0.0739,true,1,208174
5201043004412,false,זיתי קלמטה שחורים 200 גר,,,זית קלמטה 370 גר',גרמים,370.00,100 גרם,false,,13.90,0.0376,true,1,203739
5201100872640,false,לוריאל - אקסלנס קרם 03בלונד אולטרה בהיר אפור,לוריאל Loreal,BE,צבע לשיער אקסלנס בלו,יחידה,0.00,יחידה,false,,34.90,0.0000,true,1,143482
5201178801054,false,"קרם רב שימושי ניוואה 250 מ""ל",טרופיקל דגיל תעשיות,DE,קרם ניוואה 250 ג,גרמים,250.00,100 גרם,false,,24.90,0.0996,true,1,103142
5201205111279,false,ספוג סופג ריח מקרר מיוחד,סדובסקי,,ספוג סופג ריח מקרר מ,יחידה,0.00,יחידה,false,,10.90,0.0000,true,1,98054
5201261201532,false,"מארז הייניקן פחית 500 מ""ל*4 יח'",טמפו,,"הייניקן פחית 500 מ""ל",ליטרים,2.00,ליטר,false,,36.90,18.4500,true,1,259532
5201347160326,false,גל לשמירה על חיי מכונת הכביסה קלגון 750מ,RECKITT BENCKISER It,IT,"קלגון ג'ל 750 מ""ל",מיליליטרים,750.00,"100 מ""ל",false,,29.90,0.0399,true,1,199114
5201347400545,false,רצועות שעווה מוכנות לשימוש לפנים ולאזורים רגישים,רקיט בנקיזר צרפת,FR,ויט ארומטיק שעווה לפ,מיליליטרים,0.00,"מ""ל",false,,19.90,0.0000,true,1,133172
5201940010011,false,זיתים שחורים טבעיים בפח 454 גרם,סיוארס אס.איי,GR,זית שחור טבעי במי מל,גרמים,454.00,100 גרם,false,,13.90,0.0306,true,1,105083
5201940010110,false,זיתים שחורים קלמטה וילי פוד 250 גרם,סיוארס אס.איי,GR,זית שחור קלמטה 454 ג,גרמים,454.00,100 גרם,false,,14.90,0.0328,true,1,105084
5202390014239,false,גבינה צהובה טבעונית עשבי תיבול ויאו לייף 200 ג',פרוטרופיק סיה.,GR,גבינה צהובה טבעונית,גרמים,200.00,100 גרם,false,,19.90,0.0995,true,1,202163
5202390015618,false,גבינה צהובה טבעונית אורגינל ויאו לייף 200 ג',אריביה אס.אי. 57022,GR,גבינה צהובה טבעונית,יחידה,0.00,יחידה,false,,19.90,0.0000,true,1,148983
5202390015885,false,ויולייפ צד'ר פרוסות 200 גר 200 גר,ביוט איילנד פודס בעמ,GR,ויולייפ צדר פרוסות,גרמים,200.00,100 גרם,false,,21.00,0.1050,true,1,263033
5202390016141,false,גבינה מוצרלה צהובה לפיצה טבעונית ויאו לייף 400 ג',פרוטרופיק סיה.,GR,מוצרלה טבעונית לפיצה,גרמים,400.00,100 גרם,false,,24.90,0.0622,true,1,188178
5202390016325,false,גבינה צהובה טבעונית בטעם מעושן ויאו לייף 200ג',"אריביה אס.אי., יוון",GR,צהובה טבעונית טעם מע,גרמים,200.00,100 גרם,false,,19.90,0.0995,true,1,191260
5202390019319,false,ויולייף מוצרלה טבעונית מגורדת 200 גרם,קראפט,,ויולייף מוצרלה טבעונ,גרמים,200.00,100 גרם,false,,19.90,0.0995,true,1,218007
5202390020407,false,פטה טבעונית גוש ויולייף 200 ג',ביוט איילנד פודס בעמ,GR,פטה טבעונית 200 גר',גרמים,200.00,100 גרם,false,,22.90,0.1145,true,1,205377
5202390021121,false,קרמי אוריגינל טבעוני ויולייף 150 גר,ביוט איילנד פודס בעמ,GR,קרם טבעוני אורגינל 1,גרמים,150.00,100 גרם,false,,16.90,0.1127,true,1,205379
5202413007019,false,ערק אוזו פלומארי 700,Plomari ouzo distill,GR,אוזו פלומרי,מיליליטרים,750.00,"100 מ""ל",false,,74.90,0.0999,true,1,197688
5208049002473,false,קנט ארוך קופסא בודדת,Unknown,,קנט ארוך לונג,יחידה,0.00,יחידה,false,,36.00,0.0000,false,1,210232
5391523057929,false,סימילאק גולד שלב 1 תרכובת מזון על בסיס חלב,אבוט מעבדות רפואיות,IE,סימילאק גולד 700 גר',גרמים,700.00,100 גרם,false,,69.90,0.0999,false,1,204037
5391523057936,false,סימילאק גולד שלב 2 תרכובת מזון על בסיס חלב,אבוט מעבדות רפואיות,IE,סימילאק גולד 700 גר',גרמים,700.00,100 גרם,false,,69.90,0.0999,false,1,204038
5391523057943,false,סימילאק גולד שלב 3 תרכובת מזון על בסיס חלב,אבוט מעבדות רפואיות,IE,סימילאק גולד 700 גר',גרמים,700.00,100 גרם,false,,69.90,0.0999,false,1,204039
5391523058070,false,סימילאק אדבנס פלוס 3 תרכובת מזון על בסיס חלב,טרופיקל דגיל תעשיות,IE,סימילאק אדבנס פלוס ש,גרמים,700.00,100 גרם,false,,64.90,0.0927,false,1,203483
5391523058087,false,סימילאק אדבנס פלוס 2 תרכובת מזון על בסיס חלב,טרופיקל דגיל תעשיות,IE,סימילאק אדבנס פלוס ש,גרמים,700.00,100 גרם,false,,64.90,0.0927,false,1,203484
5400265024349,false,המלט מאפה מבצק עלים מסוכר 250 גר,HAMLET NV,,עוגיות המלט 250 גר',גרמים,250.00,100 גרם,false,,10.90,0.0436,true,1,122989
5410103161518,false,קרם יום עם פעולה משולשת לעור רגיל ומעורב,"לוריאל ישראל בע""מ",DE,קרם פנים פעולה משולש,מיליליטרים,50.00,"100 מ""ל",false,,45.90,0.9180,true,1,198759
5410103161617,false,קרם יום עם פעולה משולשת Triple active לעור יבש ועדין,"לוריאל ישראל בע""מ",DE,קרם לחות פעולה משולש,מיליליטרים,50.00,"100 מ""ל",false,,45.90,0.9180,true,1,198760
5410126006087,false,עוגיות לוטוס ארוזות בתפזורת 700 גרם,לוטוס ביקרי נ.וי.,BE,עוגיות לוטוס 700 גר,גרמים,700.00,100 גרם,false,,25.90,0.0370,true,1,144891
5410126006360,false,לוטוס עוגיות סנדוויץ' במילוי לוטוס 150 גר',לוטוס ביקרי בלגיה נ.,BE,לוטוס עוגיות סנדוויץ,גרמים,150.00,100 גרם,false,,8.50,0.0567,true,1,259692
5410126006377,false,לוטוס עוגיות סנדוויץ' במילוי וניל 150 גר',לוטוס ביקרי בלגיה נ.,BE,לוטוס עוגיות סנדוויץ,גרמים,150.00,100 גרם,false,,8.50,0.0567,true,1,259755
5410126116953,false,ממרח לוטוס ביסקויט קרמל 400 גרם,לוטוס בייקרי בלגיה נ,BE,ממרח בטעם עוגיות לוט,גרמים,400.00,100 גרם,false,,19.90,0.0497,false,1,140448
5410126666038,false,לוטוס עוגיות קרמל 279 גרם,לוטוס ביקרי נ.וי,BE,לוטוס 279 גר ארוז 2,גרמים,279.00,100 גרם,false,,11.90,0.0427,true,1,204352
5410126716016,false,"עוגיות לוטוס ביסקויט קרמל בד""צ 250 גרם",לוטוס ביקרי בלגיה,BE,לוטוס 250 גר,גרמים,250.00,100 גרם,false,,10.90,0.0436,false,1,106809
5410126726947,false,ממרח לוטוס ביסקויט קרמל קראנץ' 380 גרם,לוטוס בייקרי בלגיה נ,BE,ממרח עוגיות לוטוס קר,גרמים,380.00,100 גרם,false,,19.90,0.0524,false,1,148281
5410173210055,false,רומבוטס קפה קלוי וטחון לפילטר 10 יח' 70 גרם,קופי רומבוטס,BE,קפה טחון וקלוי לפילט,גרמים,70.00,100 גרם,false,,19.90,0.2843,false,1,142573
5410228267515,false,"שישיית בירה לאגר באדוויזר 6*330 מ""ל",באדווייזר Budweiser,GB,בירה באדוויזר שישייה,מיליליטרים,1980.00,"100 מ""ל",false,,29.90,0.0151,true,1,209943
5410291021991,false,צ`וקטה ממרח אגוזי לוז עם קקאו 700 גר`,צ'וקטה Chocketa,BE,צ'וקטה ממרח אגוזי לו,גרמים,700.00,100 גרם,false,,19.90,0.0284,true,1,192955
5410291022011,false,ממרח אגוזי לוז עם קקאוי 350 ג' צ'וקטה,צ'וקטה Chocketa,BE,צ'וקטה ממרח אגוזי לו,גרמים,350.00,100 גרם,false,,10.90,0.0311,true,1,192956
5410291022738,false,צ'וקטה ממרח חלב ואגוזי לוז עם קקאוי 350ג',צ'וקטה Chocketa,BE,צ'וקטה ממרח דואו 350,גרמים,350.00,100 גרם,false,,10.90,0.0311,true,1,198156
5410291022752,false,ממרח אגוזי לוז עם קקאו 350 גרם ווסטהיים,צ'וקטה Chocketa,BE,צ'וקטה ממרח אגוזי לו,גרמים,350.00,100 גרם,false,,10.90,0.0311,true,1,198017
5410291022776,false,צוקטה ממרח אגוזי לוז וקקאו 700 גר,צ'וקטה Chocketa,BE,צ'וקטה ממרח אגוזי לו,גרמים,700.00,100 גרם,false,,19.90,0.0284,true,1,197241
5410316983693,false,"סמירנוף אייס בקבוק 275 מ""ל",סמירנוף אייס Smirnoff ice,IT,סמירנוף אייס,יחידה,275.00,יחידה,false,,10.90,0.0396,true,1,93082
5410769100081,false,"בירה לה שוף קטן 330 מ""ל בקבוק","איי, בי, אינבוו",BE,"בירה לה שוף 330 מ""ל",יחידה,0.00,יחידה,false,,12.90,0.0000,true,1,198993
5410769800097,false,"בירה לה צרי שוף 8% 330 מ""ל בקבוק",פארייפאבה אגרואינדוס,BE,בירה צ'רי שוף,מיליליטרים,330.00,"100 מ""ל",false,,12.90,0.0391,true,1,199066
5411188080268,false,"אלפרו סויה אורגני 1 ל מפוקח ע""י סקאל",הנסיך- מפעל לייצור ט,BE,אלפרו משקה סויה אורג,ליטרים,1.00,ליטר,false,,13.90,13.9000,true,1,148264
5411188081852,false,אלפרו משקה סויה בטעם וניל 1 ל',הנסיך- מפעל לייצור ט,BE,אלפרו חלב סויה וניל,ליטרים,1.00,ליטר,false,,13.90,13.9000,true,1,148798
5411188094173,false,רביעיה מעדן סויה טעם קרמל 125 ג' אלפרו,אלפרו,BE,אלפרו מעדן סויה קרמל,גרמים,500.00,100 גרם,false,,17.50,0.0350,true,1,197142
5411188096108,false,"שמנת לבישול ע""ב סויה 250 מ""ל אלפרו",אלפרו C.V.A,BE,אלפרו שמנת צמחית לבי,מיליליטרים,250.00,"100 מ""ל",false,,9.50,0.0380,true,1,121266
5411188106159,false,אלפרו סויה לייט מופחת שומן 1.2% 1 ליטר,הנסיך- מפעל לייצור ט,BE,אלפרו סויה לייט טבעי,ליטרים,1.00,ליטר,false,,13.90,13.9000,true,1,147951
5411188110835,false,אלפרו חלב סויה שקדים וניל 1ל',הנסיך- מפעל לייצור ט,BE,אלפרו חלב שקדים 1 לי,ליטרים,1.00,ליטר,false,,13.90,13.9000,true,1,142233
5411188112549,false,משקה קוקוס אלפרו 1 ליטר משקה אורז 1 ליטר,הנסיך- מפעל לייצור ט,BE,אלפרו משקה אורז 1 לי,ליטרים,1.00,100 ליטר,false,,13.90,13.9000,true,1,147948
5411188112709,false,"משקה קוקוס אלפרו 1 ליטר משקה שקדים לל""ס",הנסיך- מפעל לייצור ט,BE,אלפרו משקה שקדים ללא,ליטרים,1.00,ליטר,false,,13.90,13.9000,true,1,150109
5411188115366,false,משקה קוקוס אלפרו 1 ליטר משקה שיבולת שועל 1 ליטר,הנסיך- מפעל לייצור ט,BE,אלפרו משקה שיבולת שו,ליטרים,1.00,ליטר,false,,13.90,13.9000,true,1,147710
5411188115434,false,משקה אלפרו בריסטה סויה 1 ליטר,אלפרו Alpro,BE,אלפרו משקה בריסטה סו,ליטרים,1.00,ליטר,false,,13.90,13.9000,true,1,261239
5411188115472,false,אלפרו משקה סויה 1 ליטר,הנסיך- מפעל לייצור ט,BE,אלפרו משקה סויה 1 לי,ליטרים,1.00,ליטר,false,,13.90,13.9000,true,1,214051
5411188116905,false,אלפרו משקה סויה בטעם בננה 1 ליטר,אלפרו C.V.A,BE,אלפרו משקה סויה בטעם,ליטרים,1.00,ליטר,false,,13.90,13.9000,true,1,262207
5411188118732,false,אלפרו משקה קוקוס ושקדים 1 ליטר,הנסיך- מפעל לייצור ט,BE,אלפרו משקה קוקוס שקד,ליטרים,1.00,ליטר,false,,13.90,13.9000,true,1,190391
5411188120742,false,משקה קוקוס אלפרו 1 ליטר שקדים וניל 1 ל',הנסיך- מפעל לייצור ט,BE,אלפרו משקה שקדים בטע,ליטרים,1.00,ליטר,false,,13.90,13.9000,true,1,190392
5411188120957,false,"אלפרו תערובת לבישול על בסיס קוקוס 250 מ""ל",אלפרו Alpro,BE,אלפרו תערובת לבישול,מיליליטרים,250.00,"100 מ""ל",false,,9.90,0.0396,true,1,198678
5411188121923,false,"משקה סויה מועשר סידן אלפרו 3*250 מ""ל",הנסיך- מפעל לייצור ט,BE,אלפרו סויה סידן שלשו,מיליליטרים,0.00,"100 מ""ל",false,,13.90,0.0000,true,1,200867
5411188121978,false,"משקה סויה בטעם שוקולד 3 * 250 מ""ל אלפרו",אלפרו C.V.A,BE,אלפרו סויה סדן שלישי,מיליליטרים,750.00,"100 מ""ל",false,,13.90,0.0185,true,1,199668
5411188122586,false,"אלפרו משקה שקדים 250 מ""ל",הנסיך- מפעל לייצור ט,BE,משקה שקדים אלפרו 250,מיליליטרים,250.00,"100 מ""ל",false,,5.90,0.0236,true,1,197143
5411188122661,false,אלפרו משקה שקדים לא קלויים ללא תוספת סוכר 1 ל',אלפרו Alpro,,אלפרו משקה שקדים ללא,ליטרים,1.00,ליטר,false,,13.90,13.9000,true,1,197144
5411188124689,false,משקה שיבולת שועל ללא סוכר 1ל' אלפרו,אלפרו Alpro,BE,אלפרו משקה שיבולת שו,ליטרים,1.00,ליטר,false,,13.90,13.9000,true,1,214921
5411188124726,false,אלפרו משקה שיבולת שועל שקדים 1 ליטר,הדקלאים אגודת שיתופי,BE,אלפרו משקה שיבולת שו,ליטרים,1.00,100 ליטר,false,,13.90,13.9000,true,1,200140
5411188126195,false,אלפרו משקה שקדים אורגני 1ל מפוקח סקאל,אלפרו Alpro,BE,אלפרו משקה שקדים אור,ליטרים,1.00,ליטר,false,,13.90,13.9000,true,1,202999
5411188127697,false,אלפרו משקה בריסטה שיבולת שועל 1 ליטר,הנסיך- מפעל לייצור ט,BE,אלפרו בריסטה שיבולת,ליטרים,1.00,100 ליטר,false,,13.90,13.9000,true,1,214053
5411188129899,false,משקה אלפרו בריסטה שקדים 1 ליטר,הנסיך- מפעל לייצור ט,BE,אלפרו בריסטה שקדים 1,ליטרים,1.00,100 ליטר,false,,13.90,13.9000,true,1,214054
5411188133476,false,אלפרו משקה סויה שוקו+חלבון 250 גרם בית יוסף,אלפרו C.V.A,BE,אלפרו משקה סויה שוקו,מיליליטרים,250.00,"100 מ""ל",false,,6.90,0.0276,true,1,219634
5411188133490,false,אלפרו משקה סויה קפה קרמל+חלבון 250 גרם בית יוסף,אלפרו,BE,אלפרו משקה סויה קפה,מיליליטרים,250.00,"100 מ""ל",false,,6.90,0.0276,true,1,219635
5411188134985,false,אלפרו 3.5% NOT M*LK שיבולת שועל 1 ליטר בית יוסף,הנסיך- מפעל לייצור ט,BE,אלפרו 3.5% שומן שיבו,ליטרים,1.00,ליטר,false,,12.90,12.9000,true,1,219633
5411188135005,false,אלפרו 1.8% NOT M*LK שיבולת שועל 1 ליטר בית יוסף,הנסיך- מפעל לייצור ט,BE,אלפרו 1.8% שומן שיבו,ליטרים,1.00,ליטר,false,,12.90,12.9000,true,1,219632
5411188300328,false,אלפרו סויה שוקו 1 ליטר * 8 יחי,הנסיך- מפעל לייצור ט,BE,אלפרו סויה שוקו 1 ל,ליטרים,1.00,ליטר,false,,13.90,13.9000,true,1,149082
5411188513483,false,"אלפרו סויה לבישול 14% שומן 250 מ""ל",אלפרו C.V.A,BE,אלפרו סויה לבישול 14,מיליליטרים,250.00,"100 מ""ל",false,,9.50,0.0380,true,1,261241
5411188543398,false,אלפרו משקה סויה ללא סוכר 1 ליטר,הנסיך- מפעל לייצור ט,BE,אלפרו משקה סויה ללא,ליטרים,1.00,ליטר,false,,13.90,13.9000,true,1,214055
5411681038001,false,מרדסו בירה חזקה 10% 330מל,"איי, בי, אינבוו",BE,מרדסו בירה חזקה מאוד,יחידה,330.00,יחידה,false,,12.90,0.0391,true,1,191444
5411686700118,false,"בירה לינדמנס פרוטס 250 מ""ל",לפימנס,BE,בירת מתובלת בפירות,יחידה,250.00,יחידה,false,,9.90,0.0396,true,1,191420
5412514777746,false,תרמילי טאקו קונכיות,אן. וי סנק פוד,,קונכיות טאקו מתי,גרמים,125.00,100 גרם,false,,18.90,0.1512,true,1,134001
5412533001617,false,נוזל לניקוי כלים אלוורה ולימון 1 ליטר,השחר,BE,נוזל לניקוי כלים,ליטרים,1.00,ליטר,false,,15.90,15.9000,true,1,112950
5412533419665,false,"מרכך כביסה תפוח ושקדים 750 מ""ל",,,מרכך כביסה פריחת תפו,מיליליטרים,750.00,"100 מ""ל",false,,15.90,0.0212,true,1,212567
5412533419702,false,"מרכך כביסה ווניל וגרדניה 750 מ""ל",אקובר,BE,מרכך כביסה וניל 750,מיליליטרים,750.00,"100 מ""ל",false,,15.90,0.0212,true,1,211154
5412533420364,false,נוזל כביסה פורמולה מרוכזת 1 ליטר,אקובר,,נוזל כביסה אוניברסלי,ליטרים,1.00,ליטר,false,,39.90,39.9000,true,1,211909
5412533421514,false,נוזל ניקוי רצפות ומש,,,נוזל לניקוי רצפות 1,ליטרים,1.00,ליטר,false,,21.00,21.0000,true,1,260891
5413121356737,false,"שוקולד מריר ללא תוספת סוכר ""בלג'יאן"" 100 גרם",BCG,,בלג'יאן - שוקולד מרי,גרמים,100.00,100 גרם,false,,13.90,0.1390,true,1,135028
5413121356829,false,בלג'יאן-שוקולד חלב ללא סוכר 100 גר' 1/20 (7072),BCG,,בלגיאן-שוקולד חלב לל,גרמים,100.00,100 גרם,false,,13.90,0.1390,true,1,137909
5413149655522,false,"אבקת כביסה שושן צחור 1.25 ק""ג אריאל",פרוקטר אנד גמבל,TR,אריאל שושן צחור 1.25,קילוגרמים,1.25,"ק""ג",false,,14.90,11.9200,true,1,121474
5413149922907,false,"אבקת כביסה קולור וסטייל 5 ק""ג אריאל",אריאל Ariel,,אריאל קולור וסטייל 5,קילוגרמים,5.00,"ק""ג",false,,36.90,7.3800,false,1,123715
5413149922938,false,"אריאל אבקת כביסה שושן צחור, 5 ק""ג",פרוקטר אנד גמבל,TR,אריאל שושן צחור 5קג,קילוגרמים,5.00,"ק""ג",false,,36.90,7.3800,false,1,123716
5413548280189,false,קינדר שוקובון 16 יחידות,קינדר,BE,חטיפי קינדר שוקו בון,גרמים,125.00,100 גרם,false,,11.90,0.0952,true,1,102121
5601008200444,false,עוגיות גודיס טבעות מצופות שוקולד חלב מרבה 150 גרם,הנסיך- מפעל לייצור ט,PT,עוגיות טבעת מצופות ש,גרמים,150.00,100 גרם,false,,6.50,0.0433,true,1,135241
5601008200451,false,עוגיות גודיס טבעות מצופות שוקולד מריר מרבה 150 גרם,מרבה Merba,PT,עוגיות טבעת מצופות ש,גרמים,150.00,100 גרם,false,,6.50,0.0433,true,1,135242
5601008200468,false,עוגיות גודיס טבעות מצופות שוקולד לבו מרבה 150 גרם,קריניציה ויטמינה אס,PT,עוגיות טבעת מצופות ש,גרמים,150.00,100 גרם,false,,6.50,0.0433,true,1,135243
5601036205534,false,צבע לשיער אקסלנס קרם - 1 שחור,לוריאל Loreal,BE,אקסלנס צבע לשיער,יחידה,0.00,יחידה,false,,34.90,0.0000,true,1,136884
5601036205558,false,צבע לשיער אקסלנס קרם - 4 חום כהה,לוריאל Loreal,BE,צבע לשיער אקסלנס,יחידה,0.00,יחידה,false,,34.90,0.0000,true,1,136462
5601036205589,false,צבע לשיער אקסלנס קרם - 5 חום טבעי,לוריאל Loreal,BE,צבע לשיער אקסלנס,יחידה,0.00,יחידה,false,,34.90,0.0000,true,1,194713
5601036205596,false,צבע לשיער אקסלנס קרם - 5.3 חום זהוב,אלביב לוריאל,BE,צבע לשיער אקסלנס חום,יחידה,0.00,יחידה,false,,34.90,0.0000,true,1,137725
5601036205602,false,צבע לשיער אקסלנס קרם - 5.5 חום מהגוני,לוריאל Loreal,BE,צבע לשיער אקסלנס 5.5,יחידה,0.00,יחידה,false,,34.90,0.0000,true,1,138565
5601036205626,false,צבע לשיער אקסלנס קרם - 6 בלונד כהה,לוריאל Loreal,BE,צבע לשיער אקסלנס 6,יחידה,0.00,יחידה,false,,34.90,0.0000,true,1,138566
5601036205657,false,צבע לשיער אקסלנס קרם - 7 בלונד,לוריאל Loreal,BE,אקסלנס קרם צבע לשיער,יחידה,0.00,יחידה,false,,34.90,0.0000,true,1,179132
5601036205664,false,לוריאל - אקסלנס קרם 7.1 בלונד טבעי אפרפר,ליברמו,BE,צבע לשיער,יחידה,0.00,יחידה,false,,34.90,0.0000,true,1,203756
5601036205695,false,לוריאל - אקסלנס קרם 8.1 בלונד בהיר אפרפר,ליברמו,BE,צבע לשיער לוריאל,יחידה,0.00,יחידה,false,,34.90,0.0000,true,1,199381
5601045300022,false,משקה גוארנה אנטרטיקה פחית 355 מל,סומול וקומפל אס.איי,PT,גוארנה אנטרטיקה 330,יחידה,330.00,יחידה,false,,6.00,0.0182,true,1,123989
5601217129420,false,וולייט דפים למניעת העברת צבע 20 יחידות,רקיט בנקיזר,IT,ווליט 20 דפים למכונת,יחידה,0.00,יחידה,false,,19.90,0.0000,true,1,199322
5601864356767,false,סכין ירקות חלק,,,סכין ירקות חלק,יחידה,0.00,יחידה,false,,17.90,0.0000,true,1,188814
5603037413161,false,קרסוליות,,,קרסוליות,יחידה,0.00,יחידה,false,,8.90,0.0000,true,1,126962
5603037413208,false,גרבי עקב,,,גרבי עקב,יחידה,0.00,יחידה,false,,4.20,0.0000,true,1,127288
5603037413345,false,גרביונים,,,גרביונים,יחידה,0.00,יחידה,false,,13.90,0.0000,true,1,127430
5603037413352,false,גרביונים,,,גרביונים,יחידה,0.00,יחידה,false,,13.90,0.0000,true,1,127290
5603037413369,false,גרביונים,,,גרביונים,יחידה,0.00,יחידה,false,,13.90,0.0000,true,1,127431
5603037413376,false,גרביונים,,,גרביונים,יחידה,0.00,יחידה,false,,13.90,0.0000,true,1,136887
5603037413444,false,גרביונים מידה M,,,גרביונים מידה M,יחידה,0.00,יחידה,false,,13.90,0.0000,true,1,125513
5603037413451,false,גרביונים מידה L,,,גרביונים מידה L,יחידה,0.00,יחידה,false,,13.90,0.0000,true,1,125514
5603037413468,false,גרביונים מידה XL,,,גרביונים מידה XL,יחידה,0.00,יחידה,false,,13.90,0.0000,true,1,125515
5603037413475,false,גרביונים,,,גרביונים,יחידה,0.00,יחידה,false,,13.90,0.0000,true,1,127712
5603037413499,false,גרביונים,,,גרביונים,יחידה,0.00,יחידה,false,,13.90,0.0000,true,1,126910
5603037413567,false,גרביונים,,,גרביונים,יחידה,0.00,יחידה,false,,13.90,0.0000,true,1,126592
5603037413604,false,גרבי מכנס,,,גרבי מכנס,יחידה,0.00,יחידה,false,,13.90,0.0000,true,1,127904
5603037413611,false,גרביונים,,,גרביונים,יחידה,0.00,יחידה,false,,13.90,0.0000,true,1,127732
5604912415003,false,סרדינים בשמן זית פור,,,סרדינים בשמן זית פור,גרמים,125.00,100 גרם,false,,6.90,0.0552,true,1,203525
5604912415041,false,סרדינים בשמן חמניה פורטוס 125 גרם,קונסרבס פורטוגל נורט,PT,סרדינים בשמן חמניה פ,גרמים,125.00,100 גרם,false,,6.30,0.0504,true,1,203526
5604912415058,false,סרדינים פורטוס בשמן חמניות חריף 125 גרם,פורטוס Porthos,PT,סרדינים בשמן חמניה ח,גרמים,125.00,100 גרם,false,,6.30,0.0504,true,1,203527
5604912425040,false,מקרלים בשמן חמניה פורטוס 125 גרם,קונסרבס פורטוגל נורט,PT,מקרלים בשמן חמניות פ,גרמים,125.00,100 גרם,false,,5.90,0.0472,true,1,204028
5604912425057,false,מקרלים בשמן חמניה חריף פורטוס 125 גרם,קונסרבס פורטוגל נורט,PT,מקרלים בשמן חמניה חר,גרמים,125.00,100 גרם,false,,5.90,0.0472,true,1,204030
5701932026964,false,"הוטפופ גרעיני תירס להכנת פופקורן במיקרוגל בטעם טבעי, בתוספת מלח, 600 גרם",ליימן מותגים,US,פופקורן למיקרוגל,גרמים,600.00,100 גרם,false,,15.00,0.0250,true,1,102122
5701932026971,false,הוטפופ גרעיני תירס להכנת פופקורן במיקרוגל בטעם חמאה 600 גרם,ליימן מותגים,US,פופקורן חמאה 600,גרמים,600.00,100 גרם,false,,15.00,0.0250,true,1,102123
5701932026995,false,"הוטפופ גרעיני תירס להכנת פופקורן במיקרוגל בטעם טבעי מופחת שומן, 510 גרם",קריניציה ויטמינה אס,US,פופקורן הוטפופ,גרמים,510.00,100 גרם,false,,15.00,0.0294,false,1,102124
5705550300963,false,ביצי דג שיבוט 200 גרם יורו פוד,אמנדה סיפודס,DK,ביצי דג שיבוט 200 גר,גרמים,200.00,100 גרם,false,,8.90,0.0445,true,1,198797
5706516031358,false,פופקורן להכנה במיקרוגל בטעם טבעי מופחת שומן 5 שקיות,ליימן מותגים,US,הוטפופ 100קלוריות,גרמים,160.00,100 גרם,false,,15.00,0.0938,true,1,121966
5708209201611,false,"עלי טורטייה מקמח חיטה 20ס""מ 20יח' 340ג'",לייטון פודס-קנטינה,DK,טורטיה מקמח חיטה,גרמים,340.00,100 גרם,false,,16.90,0.0497,true,1,122334
5708209201628,false,טורטיה מקמח חיטה קוטר 25 סמ 370 גרם,,,טורטיה,גרמים,370.00,100 גרם,false,,19.90,0.0538,true,1,122452
5711953106583,false,גבינת שמנת בטעם טבעי 200 גרם ארלה,ארלה פודס אמבה,DK,ארלה גבינת שמנת טבעי,גרמים,200.00,100 גרם,false,,14.90,0.0745,true,1,209298
5711953106590,false,גבינת שמנת ארלה שמנת שום 200 גרם,ארלה פודס אמבה,DK,ארלה גבינת שמנת שום,גרמים,200.00,100 גרם,false,,14.90,0.0745,true,1,209299
5711953106606,false,גבינת שמנת עם תבלינים ועשבי תיבול 23.5%,ארלה פודס אמבה,DK,ארלה גבינת שמנת עשבי,גרמים,200.00,100 גרם,false,,14.90,0.0745,true,1,209300
5740900403215,false,ממרח מחמאת לורפק עם מלח 250 ג',לורפאק Lurpak,DK,ממרח מחמאת לורפק עם,גרמים,250.00,100 גרם,false,,16.90,0.0676,false,1,204248
5740900403222,false,ממרח לורפק חמאה עם מלח מופחת שומן 250 ג,לורפאק Lurpak,DK,ממרח מחמאת לורפק עם,גרמים,250.00,100 גרם,false,,16.90,0.0676,false,1,204249
5740900403239,false,ממרח לורפק ללא תוספת מלח 250 גר,לורפאק Lurpak,DK,ממרח מחמאת לורפק ללא,גרמים,250.00,100 גרם,false,,16.90,0.0676,false,1,204250
5740900403246,false,ממרח לורפק ללא תוספת מלח 500 גר,לורפאק Lurpak,DK,ממרח מחמאת לורפק ללא,גרמים,500.00,100 גרם,false,,26.90,0.0538,false,1,204251
5740900403253,false,ממרח מחמאת לורפק עם מלח 500 ג',לורפאק Lurpak,DK,ממרח מחמאת לורפק עם,גרמים,500.00,100 גרם,false,,26.90,0.0538,false,1,204252
5740900403260,false,ממרח מחמאת לורפק ללא מלח 27% פחות שומן,ארלה פודס אמבה,DK,ממרח לורפק ללא מלח 2,גרמים,250.00,100 גרם,false,,16.90,0.0676,false,1,204253
5740900403864,false,חמאה +מלח 200 גרם לורפק כשרות או קיי,ארלה פודס אמבה,DK,חמאה לורפק 200 גרם ע,גרמים,200.00,100 גרם,false,,11.50,0.0575,false,1,219596
5900017062419,false,"ניוואה - תחליב רחצה ורדים ושמן שקדים 750 מ""ל",ביירסדורף,DE,ניוואה קרם רחצה ורדי,גרמים,750.00,100 גרם,false,,14.90,0.0199,true,1,218498
5900020012814,false,דגנים תפוחים בטעם שוקולד נסקוויק נסטלה 500 גרם,מיוצר עי קונדיטוריית,PL,נסקוויק דגני בוקר בט,גרמים,500.00,100 גרם,false,,19.90,0.0398,false,1,122559
5900020020710,false,מארז חטיף דגנים קראנץ' בטעם שוקו וניל נסטלה,נסטלה פולין ברים,PL,קראנץ בר שוקו וניל 6,גרמים,150.00,100 גרם,false,,14.90,0.0993,false,1,144585
5900020020741,false,חטיפי דגנים נסקוויק בר שוקו שוקו 6*25 גר,נסטלה פולין ברים,PL,נסקוויק בר דגנים שוק,גרמים,150.00,100 גרם,false,,14.90,0.0993,false,1,144586
5900020024770,false,פיטנס - דליס חטיף דגנים שוקולד אגוז 22.50 גרם * 6,נסטלה פולין ברים,PL,חטיפי פיטנס בר דליס,גרמים,135.00,100 גרם,false,,14.90,0.1104,false,1,187203
5900020024817,false,פיטנס דליס Fitness Delice חטיף דגנים עם שוקולד לבן,נסטלה פולין ברים,PL,חטיפי פיטנס בר דליס,גרמים,135.00,100 גרם,false,,14.90,0.1104,false,1,187204
5900020025647,false,פיטנס דליס Fitness Delice חטיף דגנים עם שוקולד חלב,מיוצר עי קונדיטוריית,PL,חטיפי פיטנס בר דליס,גרמים,135.00,100 גרם,false,,14.90,0.1104,false,1,187206
5900020026552,false,דגני בוקר האני נאט צ'יריוס בטעם דבש ושקדים,נסטלה צרפת איטנקורט,FR,האני נאט ציריוס עידן,גרמים,625.00,100 גרם,false,,19.90,0.0318,false,1,192379
5900020031877,false,נסטלה האני ציריוס חטיף דגני בוקר שישייה,נסטלה פולין דגני בוק,PL,צ'ריוס האני נאט חטיף,גרמים,132.00,100 גרם,false,,14.90,0.1129,false,1,203293
5900020032454,false,מארז חטיף פיטנס עוגיות 8 X 23.5 גרם,נסטלה פולין ברים,PL,פיטנס ברים חטיף עוגי,גרמים,188.00,100 גרם,false,,14.90,0.0793,true,1,218270
5900020032539,false,מארז חטיף פיטנס שוקולד 8 X 23.5 גרם,נסטלה פולין ברים,PL,פיטנס בר חטיף שוקולד,גרמים,188.00,100 גרם,false,,14.90,0.0793,true,1,218271
5900020033314,false,חטיף דגני בוקר Lion בטעם קרמל ושוקולד על קרם חלב,נסטלה פולין דגני בוק,PL,ליון חטיף דגנים 6*25,גרמים,150.00,100 גרם,false,,14.90,0.0993,false,1,204429
5900020034991,false,דגני בוקר צדפים בטעם שוקולד 450 ג' קראנץ',סי. פי. פולין,IL,קראנץ צדפים בטעם שוק,גרמים,450.00,100 גרם,false,,19.90,0.0442,false,1,210137
5900020036407,false,דגני בוקר ליון Lion בטעם שוקולד וקרמל,נסטלה פולין דגני בוק,US,דגני בוקר שוקולד וקר,גרמים,480.00,100 גרם,false,,19.90,0.0415,false,1,212555
5900020037916,false,דגני בוקר שיבולת שועל צ'ריוס 375ג',ג'נרל מילס סאן אדריא,FR,צ'יריוס שיבולת שועל,גרמים,375.00,100 גרם,false,,16.90,0.0451,true,1,216083
5900020039132,false,דגני בוקר צ'יריוס משיבולת שועל בטעם תפוח עץ קינמון,סי. פי. פולין,IL,צ'יריוס שיבולת שועל,גרמים,320.00,100 גרם,false,,16.90,0.0528,true,1,218341
5900020041371,false,פיטנס חטיף שוקולד מריר ושקדים 23.50 גרם,נסטלה פולין ברים,PL,פיטנס חטיף שוקולד מר,גרמים,141.00,100 גרם,false,,14.90,0.1057,true,1,263677
5900353646755,false,שקית סליווקה שזיפים בשוקולד מריר 255 ג,,PL,שקית שזיפים בשוקלד מ,גרמים,255.00,100 גרם,false,,15.90,0.0624,true,1,219696
5900627026429,false,"סיליט באנג גיל לניקוי אסלות בתוספת אקונומיקה 750מ""ל",RB פולין,,סיליט באנג מנקה ומחט,מיליליטרים,750.00,"100 מ""ל",false,,9.90,0.0132,true,1,104449
5900627027020,false,"ויט קרם להסרת שיער בזמן מקלחת לעור רגיל 150 מ""ל",רקיט בנקיזר צרפת,FR,ויט ספא תמציות משי,מיליליטרים,150.00,"100 מ""ל",false,,24.90,0.1660,true,1,104451
5900627063233,false,פיניש ALL IN ONE MAX טבליות 50 יחידות,רקיט בנקיזר,IL,פיניש 50 טבליות AIO,יחידה,0.00,יחידה,false,,39.90,0.0000,true,1,193078
5900951283963,false,חטיף סניקרס עם חמאת בוטנים Creamy Peanut Butter,סנו מפעלי ברונוס.,PL,חטיף סניקרס,גרמים,36.50,100 גרם,false,,4.00,0.1096,false,1,260902
5900951284571,false,אוכל לכלבים פדיגרי ב,פדיגרי,US,פדיגרי פחית בקר 400,גרמים,400.00,100 גרם,false,,9.40,0.0235,true,1,216371
5901177155607,false,בונבוניירה שרי,,,בונבוניירה שרי,גרמים,126.00,100 גרם,false,,10.90,0.0865,true,1,214265
5901414200411,false,בלזן היט מיני ביסקוויט סנדוויץ' עם מילוי קרם בטעם שוקולד 130 גרם,ליימן שליסל,PL,עוגיות מיני היט,גרמים,130.00,100 גרם,false,,6.90,0.0531,true,1,98461
5901888020546,false,חטיף דגנים עם קינואה ומלח ים 70ג FREEYU,דנשר,PL,FREEYU חטיף דגנים עם,גרמים,70.00,100 גרם,false,,13.90,0.1986,true,1,263220
5901888020560,false,חטיף דגנים עם קינואה בטעם עשבי תיבול 70ג FREEYU,דנשר,PL,FREEYU חטיף דגנים עם,גרמים,70.00,100 גרם,false,,13.90,0.1986,true,1,263221
5902198160403,false,XL משקה אנרגיה מוגז ללא סוכר עד 10 קלוריות לפחית 250 מל,"טמפו משקאות בע""מ",IL,"XL ten פחית 250 מ""ל",מיליליטרים,250.00,"100 מ""ל",false,,4.50,0.0180,false,1,197621
5902658076305,false,גליל דבק דו צדדי ספוגי שקוף,,US,גליל דבק דו צדדי ספו,יחידה,0.00,יחידה,false,,25.90,0.0000,true,1,207816
5902658111976,false,זוג מתלים לאמבטיה בי,,,זוג מתלים לאמבטיה בי,יחידה,0.00,יחידה,false,,21.90,0.0000,true,1,203568
5903141006694,false,ווג פריזון מנטול עשירייה,Unknown,,פקט ווג פריזון מנטה,יחידה,0.00,יחידה,false,,362.00,0.0000,false,1,128202
5903141082766,false,פאל מאל כחול דמי סלימס עשיריה,Unknown,,פאל מאל כחול דמי סלי,יחידה,0.00,יחידה,false,,242.00,0.0000,false,1,202615
5904941750312,false,"משקה אנרגיה BLU מוחיטו בודד 250 מ""ל",אקו - ביט,PL,בלו מוחיטו 250 מל,מיליליטרים,250.00,"100 מ""ל",false,,3.90,0.0156,true,1,191484
5904941751302,false,"משקה אנרגיה בלו 250 מ""ל- בודד",אקו - ביט,PL,משקה אנרגיה BLU,מיליליטרים,250.00,"100 מ""ל",false,,3.90,0.0156,true,1,191485
5904941751524,false,"משקה אנרגיה BLU DAY אבטיח בודד 250 מ""ל",אקו - ביט,PL,בלו אבטיח 250 מל,מיליליטרים,250.00,"100 מ""ל",false,,3.90,0.0156,true,1,191486
5904941751715,false,"משקה אנרגיה בלו קרנברי 250 מ""ל -בודד",אקו - ביט,PL,משקה אנרגיה בלו חמוצ,מיליליטרים,250.00,"100 מ""ל",false,,3.90,0.0156,true,1,207381
5904941751913,false,משקה אנרגיה בלו פסיפלורה 250 מל,בלו,,משקה בלו פסיפלורה 25,מיליליטרים,250.00,"100 מ""ל",false,,3.90,0.0156,true,1,207383
5904941751920,false,בלו משקה אנרגיה דיי חצי מכמות הקלו250 מל,אקו - ביט,PL,משקה אנרגיה בלו,מיליליטרים,250.00,"100 מ""ל",false,,3.90,0.0156,true,1,191458
5904941751975,false,"בלו משקה אנרגיה דיי ענבים 250 מ""ל",אקוביט,PL,פחית בלו דיי ענבים,מיליליטרים,250.00,"100 מ""ל",false,,3.90,0.0156,true,1,214493
5904941752262,false,משקה אנרגיה בטעם לימון ליים ללא תוספת סוכר,אקווה ויט,PL,משקה בלו לימון סיקס,מיליליטרים,250.00,"100 מ""ל",false,,3.90,0.0156,true,1,214042
5906485301012,false,"משקה אנרגיה XL פחית 250 מ""ל","טמפו משקאות בע""מ",IL,משקה אנרגיה אקסל,מיליליטרים,250.00,"100 מ""ל",false,,4.50,0.0180,false,1,92940
5941021000639,false,טבלת שוקולד חלב אגוז היידי גראנדור 100 ג',היידי שוקולד בירונטי,,טבלת היידי גראנדור ח,גרמים,100.00,100 גרם,false,,8.90,0.0890,true,1,190760
5941021000899,false,טבלת שוקולד מריר אגוז היידי גראנדור 100 ג',היידי שוקולד בירונטי,,טבלת היידי גראנדור מ,גרמים,100.00,100 גרם,false,,8.90,0.0890,true,1,190761
5941021001254,false,טבלת שוקולד בטעם תפוז היידי גראנדור 80 ג',,,טבלת היידי גראנדור ת,גרמים,80.00,80 גרם,false,,8.50,0.1063,true,1,190763
5941021001261,false,טבלת שוקולד היידי גראנדור 75% 80 ג',היידי שוקולד בירונטי,RO,טבלת היידי גראנדור 7,גרמים,80.00,80 גרם,false,,8.50,0.1063,true,1,190764
5941021001674,false,טבלת שוקולד היידי גראנדור 80% 80 ג',היידי שוקולד בירונטי,,טבלת היידי גראנדור 8,גרמים,80.00,80 גרם,false,,8.50,0.1063,true,1,190855
5941021002190,false,טבלת שוקולד לבן אגוז היידי גראנדור 100 ג',היידי שוקולד בירונטי,,טבלת שוקולד היידי גר,גרמים,100.00,100 גרם,false,,8.90,0.0890,true,1,192906
5941021004309,false,"שוקולד היידי גראנדור פלורנטין, 100 ג'",היידי שוקולד בירונטי,RO,טבלת היידי גראנדור פ,גרמים,100.00,100 גרם,false,,8.90,0.0890,true,1,190765
5941021005023,false,בונבוניירה היידי בוק,,,היידי פרלין שוקולד ב,גרמים,120.00,100 גרם,false,,15.90,0.1325,true,1,208643
5941021005139,false,טבלת שוקולד חלב שקד היידי גראנדור 100 ג',,,טבלת היידי גראנדור ח,גרמים,100.00,100 גרם,false,,8.90,0.0890,true,1,190766
5941021007577,false,טבלת שוקולד פיסטוק היידי גראנדור 80 ג',היידי שוקולד בירונטי,RO,טבלת היידי גראנדור פ,גרמים,80.00,80 גרם,false,,8.50,0.1063,true,1,190768
5941021008673,false,טבלת שוקולד לבן שקד פיסטוק היידי גראנדור 100 ג',היידי שוקולד בירונטי,RO,טבלת שוקולד היידי גר,גרמים,100.00,100 גרם,false,,8.90,0.0890,true,1,192909
5941021011147,false,טבלת שוקולד פלורנטין מריר היידי גראנדור 100 ג',היידי שוקולד בירונטי,RO,טבלת שוקולד היידי גר,גרמים,100.00,100 גרם,false,,8.90,0.0890,true,1,192911
5941021014483,false,טבלת היידי גראנדור פלורנטין לבן 100 גר,,RO,טבלת היידי גראנדור פ,גרמים,100.00,100 גרם,false,,8.90,0.0890,true,1,201390
5948530002130,false,ווג סופרסלימס כחול עשירייה,Unknown,,פקט ווג ליידי כחול,יחידה,0.00,יחידה,false,,362.00,0.0000,false,1,134360
5948559002753,false,5 מטליות ניקוי בעלות ספיגה מקסימלית,3m,IT,מטלית ניקוי בעלת ספי,יחידה,0.00,יחידה,false,,15.90,0.0000,true,1,207817
5949152110838,false,"איירוויק מבשם אוויר ומנטרל ריחות - גשמים סגולים 237 מ""ל",רקיט בנקיזר,PL,איירוויק מבשם אוויר,מיליליטרים,237.00,"100 מ""ל",false,,14.90,0.0629,true,1,263745
5997010302017,false,מחית גולאש מתוקה 70,,HU,מחית לגולש 70 גרם,גרמים,70.00,100 גרם,false,,9.90,0.1414,true,1,259555
5997010302024,false,מחית לגולש חריפה 70,,HU,מחית לגולש חריפה 70,גרמים,70.00,100 גרם,false,,9.90,0.1414,true,1,259556
5997321770307,false,ויט רצועות שעווה מוכנות לעור רגיש 12 יחידות,רקיט בנקיזר צרפת,FR,ויט רצועות שעווה לעו,יחידה,0.00,יחידה,false,,19.90,0.0000,true,1,202907
5998749109113,false,פדיגרי דנטאסטיקס כלב לארג 270 גרם (7 יח') BP40S,פדיגרי Pedigree,HU,פדיגרי דנטה לארג' 27,גרמים,270.00,100 גרם,false,,18.90,0.0700,true,1,186955
5998749128909,false,ויסקס אנטיהייר בול 55 גרם,וויסקס,PL,ויסקס אנטיהייר 55 גר,גרמים,55.00,100 גרם,false,,10.90,0.1982,true,1,193385
5998749129746,false,"ויסקס אדולט ביף 1.4 ק""ג",ויסקס,,ויסקס אדולט ביף 1.4,קילוגרמים,1.40,"ק""ג",false,,46.90,33.5000,true,1,192676
5998749129784,false,"ויסקס אדולט ציקן 1.4 ק""ג",,,ויסקס אדולט צ'יקן 1.,קילוגרמים,1.40,"ק""ג",false,,46.90,33.5000,true,1,192596
5998749130209,false,אוכל לחתולים ויסקס א,ויסקס,,ויסקס אדולט צ'יקן 3.,קילוגרמים,3.80,"ק""ג",false,,89.90,23.6579,true,1,192900
5998749131688,false,פדיגרי טייסטי מיני גורים,,,פדיגרי טייסמי מיניס,גרמים,125.00,100 גרם,false,,18.90,0.1512,true,1,218608
5998749139547,false,פדיגרי מיני ג'מבון 4,,,פדיגרי מיני ג'מבון 4,יחידה,0.00,יחידה,false,,16.90,0.0000,true,1,261273
5998749139974,false,פדיגרי ג'אמבון לארג',,,פדיגרי ג'אמבון לארג',גרמים,180.00,100 גרם,false,,17.90,0.0994,true,1,261246
6001067017332,false,קולגייט מברשת שיניים מדיום 360 אופטיק ווייט,קולגייט,CN,מברשת שיניים קולגייט,יחידה,0.00,יחידה,false,,9.90,0.0000,true,1,201315
6001067017523,false,קולגייט מברשת שיניים ילדים ספידרמן-ברבי 5+,יבואן ומשווק: ש. שסט,CN,קולגייט מברשת ילדים,יחידה,0.00,יחידה,false,,9.90,0.0000,true,1,142235
6001067017530,false,קולגייט מברשת שיניים לילדים ספיידרמן,יבואן ומשווק: ש. שסט,CN,קולגייט מברשת ילדים,יחידה,0.00,יחידה,false,,9.90,0.0000,true,1,142236
6001067027324,false,קולגייט בארבי-באטמן מברשת חשמלית,קולגייט - פלמוליב,CN,קולגייט מברשת שיניים,יחידה,0.00,יחידה,false,,49.90,0.0000,true,1,209874
6006507004798,false,"CAPE HERBS מטחנה מלח ים אטלנטי 360ג""ר",cape herb and spices,ZA,מטחנה מלח ים אטלנטי,גרמים,360.00,100 גרם,false,,21.90,0.0608,true,1,259626
6008165274629,false,פאל מאל כחול ארוך סטרים פילטר חפיסה,יושלם,,פאל מאל כחול ארוך סט,יחידה,0.00,יחידה,false,,29.00,0.0000,false,1,188095
6009188004828,false,קיט קט צ'אנקי לבן 40ג,נסטלה,DE,קיט קט צ'אנקי לבן,גרמים,40.00,100 גרם,false,,3.70,0.0925,true,1,263675
6086142557408,false,שעועית הילדה אורגנית,,,שעועית ירוקה הילדה,גרמים,200.00,100 גרם,false,,14.90,0.0745,true,1,264527
6111049000051,false,סרדין חריף פיקנטי בשמן סויה 125 גרם,U.P.A,MA,סרדין מרוקאי חריף,גרמים,90.00,100 גרם,false,,4.30,0.0478,true,1,141663
6111049000150,false,סרדין בשמן צמחי ולימון 125גר,אטלנטיק הום סרדינס א,MA,סרדינים בשמן צמחי עם,גרמים,90.00,100 גרם,false,,5.00,0.0556,true,1,141664
6111049002055,false,סרדין מרוקאי בשמן קפ,אטלנטיק הום סרדינס א,MA,סרדין מרוקאי,גרמים,90.00,100 גרם,false,,4.00,0.0444,true,1,141665
6111094000259,false,קוסקוס דארי בינוני 500ג'18X,דארי Dari,MA,דארי קוסקוס בינוני 5,גרמים,500.00,100 גרם,false,,9.20,0.0184,true,1,146511
6111094000808,false,"קוסקוס דארי בינוני תומר 1 ק""ג + 10% תוספת",דרי קוספט,MA,קוסקוס דארי ביינוני,קילוגרמים,1.00,"ק""ג",false,,16.90,16.9000,true,1,199509
6118000240501,false,סרדינים מרוקאים בשמן סויה עם פלפל חריף - 125 גרם,דין שיווק,,סרדינים מרוקאים אגדי,גרמים,125.00,100 גרם,false,,3.90,0.0312,true,1,251472
6224009175062,false,תחתיות ארטישוק 3-7 1קג,O.K FRUIT,EG,"תחתיות ארטישוק 1 ק""ג",קילוגרמים,1.00,"ק""ג",false,,15.90,15.9000,true,1,217831
6253017300012,false,טחינה קראוון המקורית,אחדות ביחר לטחינה ח,IL,טחינה קראוון 450 גר',גרמים,450.00,100 גרם,false,,14.90,0.0331,true,1,117061
6253017300029,false,טחינה גולמית קרוואן,קרואן Karawan,,טחינה היונה 950 גר',גרמים,950.00,100 גרם,false,,29.90,0.0315,true,1,186451
6253017300272,false,טחינה מלאה קרואן יונ,,,טחינה מלאה קרואן יונ,גרמים,500.00,100 גרם,false,,13.90,0.0278,true,1,261948
6920354822193,false,משחת שיניים נטורל הדרים אקליפטוס קולגייט 90 ג',קולגייט פלמוליב,PL,קולגייט נטורל משחת ש,יחידה,0.00,יחידה,false,,29.90,0.0000,true,1,219221
6920354822223,false,משחת שיניים נטורל גינגר קוקוס קולגייט 90 ג',קולגייט פלמוליב,PL,קולגייט נטורל משחת ש,יחידה,0.00,יחידה,false,,29.90,0.0000,true,1,219222
6920354824395,false,קולגייט משחת שיניים נטורל פחם פעיל ומנטה,קולגייט פלמוליב,PL,קולגייט נטורל משחת ש,יחידה,0.00,יחידה,false,,29.90,0.0000,true,1,219223
6924977250401,false,גרביים לגבר,,,גרביים לגבר,יחידה,0.00,יחידה,false,,8.90,0.0000,true,1,150346
6924977258544,false,גרביי גברים שלישיה,,,גרביי גברים שלישיה,יחידה,0.00,יחידה,false,,14.50,0.0000,true,1,139382
6925621678558,false,ערכת חנוכה שמן מלכות נוזלי{ללא חזרות},מעגל הזמן,,ערכת מלכות חנוכה,יחידה,0.00,יחידה,false,,44.90,0.0000,true,1,215197
6937266700785,false,שיק אינטואישן סנסיטיב נשים סכיני גילוח*3,שסטוביץ,CN,שיק אינטואישן סנסטיב,יחידה,0.00,יחידה,false,,35.90,0.0000,true,1,206770
6937266703472,false,שיק היידרו 5 סילק סכינים רביעייה,שסטוביץ,CN,שיק היידרו נשים רביע,גרמים,100.00,100 גרם,false,,45.90,0.4590,true,1,210117
6951097115143,false,מאג חישוק בלינק 250,,,מאג בודד,יחידה,0.00,יחידה,false,,4.90,0.0000,true,1,264029
7038516140357,false,ג'ורדן מברשת טוטאל קלין סופט רביעייה,מיוצר במלזיה עבור ג',NO,ג'ורדן מברשת שיניים,יחידה,0.00,יחידה,false,,14.90,0.0000,true,1,146140
7120200609636,false,חבילת שיפוד במבוק,,,חבילת שיפוד במבוק,יחידה,0.00,יחידה,false,,3.90,0.0000,true,1,262016
7120210623042,false,סט 25 שיפודי במבוק,,,סט 25 שיפודי במבוק,יחידה,0.00,יחידה,false,,4.90,0.0000,true,1,262125
7271730901261,false,ווקי מאק ארוחת אטריות עם גבינה 156 גרם,ניו וורלד פסטה קומפנ,US,פסטה גבינה וואקי מאק,גרמים,156.00,100 גרם,false,,10.90,0.0699,true,1,141710
7280001388052,false,רשת צליה בינוני,,,רשת צליה בינוני,יחידה,0.00,יחידה,false,,17.90,0.0000,true,1,251585
7280138800212,false,מלקחיים להגשה,,,מלקחיים להגשה,יחידה,0.00,יחידה,false,,4.90,0.0000,true,1,262020
7280138803473,false,מברשת למנגל,,,מברשת למנגל,יחידה,0.00,יחידה,false,,30.00,0.0000,true,1,191385
7290000000001,false,עגבניות,,,עגבניות,קילוגרמים,1.00,"ק""ג",true,,8.90,8.9000,false,1,92924
7290000000002,false,לחם אחיד כהה 750 גרם,אנג'ל,IL,מלפפון,קילוגרמים,1.00,"ק""ג",true,,6.90,6.9000,false,1,104048
7290000000003,false,"תפו""א לבן ארוז",,,גזר,קילוגרמים,1.00,"ק""ג",true,,3.90,3.9000,true,1,104049
7290000000004,false,לחמניית אצבע עם נקני,,,חצילים,קילוגרמים,1.00,"ק""ג",true,,4.90,4.9000,true,1,104050
7290000000005,false,פלפל נהריה,,IL,פלפל נהריה,קילוגרמים,1.00,"ק""ג",true,,7.90,7.9000,true,1,103586
7290000000006,false,פלפל ירוק,,,פלפל ירוק,קילוגרמים,1.00,"ק""ג",true,,7.90,7.9000,true,1,104051
7290000000007,false,פלפל אדום,,,פלפל אדום,קילוגרמים,1.00,"ק""ג",true,,8.90,8.9000,true,1,103587
7290000000008,false,כרוב אדום,,,כרוב אדום,קילוגרמים,1.00,"ק""ג",true,,4.90,4.9000,true,1,99495
7290000000009,false,כרוב ירוק,,,כרוב ירוק,קילוגרמים,1.00,"ק""ג",true,,3.90,3.9000,true,1,104052
7290000000010,false,ארטיק קרח,,,כרובית,קילוגרמים,1.00,"ק""ג",true,,9.90,9.9000,true,1,104053
7290000000011,false,פלפל חריף,,,קישואים,קילוגרמים,1.00,"ק""ג",true,,7.90,7.9000,true,1,104054
7290000000012,false,פלפל אדום,,,סלק,קילוגרמים,1.00,"ק""ג",true,,5.90,5.9000,true,1,99496
7290000000013,false,פלפל ירוק,,,צנון,קילוגרמים,1.00,"ק""ג",true,,7.90,7.9000,true,1,104055
7290000000014,false,שעועית ירוקה,,,שעועית ירוקה,קילוגרמים,1.00,"ק""ג",true,,23.90,23.9000,true,1,104056
7290000000016,false,תפוחי אדמה לבן,,,תפוחי אדמה לבן,קילוגרמים,1.00,"ק""ג",true,,5.90,5.9000,true,1,104058
7290000000017,false,סלרי עלים,,,בצל יבש,קילוגרמים,1.00,"ק""ג",true,,4.90,4.9000,true,1,104059
7290000000018,false,שום יבש תפזורת,ירק הגליל,,שום יבש,קילוגרמים,1.00,"ק""ג",true,,19.90,19.9000,true,1,207477
7290000000019,false,חציל חממה,ריץ',,דלורית,קילוגרמים,1.00,"ק""ג",true,,6.90,6.9000,true,1,104061
7290000000021,false,פטרוזיליה,,,פלפל חריף,קילוגרמים,1.00,"ק""ג",true,,6.90,6.9000,true,1,104063
7290000000022,false,סלרי עלים,,,סלרי עלים,יחידה,0.00,יחידה,false,,4.90,0.0000,true,1,104064
7290000000023,false,כוסברה יח',,,אבוקדו,קילוגרמים,1.00,"ק""ג",true,,10.90,10.9000,true,1,104065
7290000000024,false,תירס מקולף,,,תירס מקולף,קילוגרמים,1.00,"ק""ג",true,,11.90,11.9000,true,1,104066
7290000000025,false,ענב שחור עם גרעינים,,,קישואים עגולים,קילוגרמים,1.00,"ק""ג",true,,11.90,11.9000,true,1,104067
7290000000026,false,חסה עגולה,,,אפרסמון,קילוגרמים,1.00,"ק""ג",true,,14.90,14.9000,true,1,104068
7290000000027,false,פומלה,,,דלעת,קילוגרמים,1.00,"ק""ג",true,,8.90,8.9000,true,1,104069
7290000000029,false,ענבים שחורים גדו,,,ענבים שחורים גדו,קילוגרמים,1.00,"ק""ג",true,,19.90,19.9000,true,1,104071
7290000000030,false,תפוח גרנד,,,ליצ'י,יחידה,0.00,יחידה,false,,11.90,0.0000,true,1,104072
7290000000031,false,תפוח זהוב,,,בצל ירוק,יחידה,0.00,יחידה,false,,5.90,0.0000,true,1,104073
7290000000032,false,בטטה ירושלמית,,,בטטה ירושלמית,קילוגרמים,1.00,"ק""ג",true,,16.90,16.9000,true,1,104074
7290000000033,false,תפוח אדמה גורמה,,,תפוח אדמה גורמה,קילוגרמים,1.00,"ק""ג",true,,7.90,7.9000,true,1,104075
7290000000034,false,חסה ערבית,,,חסה,יחידה,0.00,יחידה,false,,5.90,0.0000,true,1,104076
7290000000035,false,תוספת שתיה בקירור,,,חסה עגולה,יחידה,0.00,יחידה,false,,5.90,0.0000,true,1,104077
7290000000036,false,כרוב סיני,,,כרוב סיני,יחידה,0.00,יחידה,false,,7.90,0.0000,true,1,104078
7290000000038,false,ברוקולי מגש,,,ברוקולי מגש,יחידה,0.00,יחידה,false,,9.90,0.0000,true,1,99541
7290000000039,false,שתיה קרה 1.5 ליטר,,,אספרגוס,גרמים,800.00,100 גרם,false,,26.90,0.0336,true,1,99542
7290000000041,false,משלוח חינם (בקניה מע,,,בטטה,קילוגרמים,1.00,"ק""ג",true,,8.90,8.9000,true,1,104080
7290000000044,false,סופגניה מיני עם תוספ,,,אבוקדו הס,קילוגרמים,1.00,"ק""ג",true,,10.90,10.9000,true,1,143879
7290000000045,false,תפוח אדמה אדום,,,תפוח אדמה אדום,קילוגרמים,1.00,"ק""ג",true,,6.90,6.9000,true,1,104083
7290000000047,false,חבילת נענע טריה,,,חבילת נענע טריה,יחידה,0.00,יחידה,false,,4.90,0.0000,true,1,104085
7290000000048,false,נענע,,,תרד,יחידה,0.00,יחידה,false,,9.90,0.0000,true,1,99545
7290000000049,false,כרישה (לוף פראסה),,,כרישה (לוף פראסה),קילוגרמים,1.00,"ק""ג",true,,17.90,17.9000,true,1,104086
7290000000050,false,שרי תמר,,,צנונית,יחידה,0.00,יחידה,false,,5.90,0.0000,true,1,104087
7290000000051,false,פלפל צהוב,,,פלפל צהוב,קילוגרמים,1.00,"ק""ג",true,,8.90,8.9000,true,1,104088
7290000000052,false,עגבניות שרי,,,עגבניות שרי,קילוגרמים,1.00,"ק""ג",true,,23.90,23.9000,true,1,99546
7290000000053,false,שזיף אירופי,,,אגס תפוח,קילוגרמים,1.00,"ק""ג",true,,14.90,14.9000,true,1,104089
7290000000054,false,פלפל כתום,,,פלפל כתום,קילוגרמים,1.00,"ק""ג",true,,8.90,8.9000,true,1,104090
7290000000055,false,סלק עלים,,,סלק עלים,יחידה,0.00,יחידה,false,,4.90,0.0000,true,1,104091
7290000000058,false,נקטרינה,,,נקטרינה,קילוגרמים,1.00,"ק""ג",true,,9.90,9.9000,true,1,104094
7290000000059,false,שעועית ירוקה,,,ברוקולי משקל,יחידה,0.00,יחידה,false,,11.90,0.0000,true,1,104095
7290000000060,false,"מארז 5 פיתות ""סופר יודה""",,,תבלין טרי,יחידה,0.00,יחידה,false,,4.90,0.0000,true,1,99547
7290000000061,false,שעועית צהובה,,,אגסים חומים,קילוגרמים,1.00,"ק""ג",true,,13.90,13.9000,true,1,104096
7290000000062,false,"תפו""א אדום ארוז",,,בצל אדום,קילוגרמים,1.00,"ק""ג",true,,5.90,5.9000,true,1,99497
7290000000063,false,קלמנטינה,,,קולורבי,קילוגרמים,1.00,"ק""ג",true,,7.90,7.9000,true,1,104097
7290000000064,false,לימון,,,לימון,קילוגרמים,1.00,"ק""ג",true,,7.90,7.9000,true,1,104098
7290000000065,false,אשכולית אדומה,,,אשכולית אדומה,קילוגרמים,1.00,"ק""ג",true,,6.90,6.9000,true,1,104099
7290000000066,false,שזיף אדום,,,שזיף אדום,קילוגרמים,1.00,"ק""ג",true,,15.90,15.9000,true,1,104100
7290000000068,false,פטריות ערד/פורטובלו,Unknown,,רימון טרי,קילוגרמים,1.00,"ק""ג",true,,9.90,9.9000,true,1,104102
7290000000069,false,ענבים ירוקים,,,ענבים ירוקים,קילוגרמים,1.00,"ק""ג",true,,24.90,24.9000,true,1,104103
7290000000070,false,פלפל שושקה ירוק/ אדו,,,פלפל שושקה ירוק/ אדו,קילוגרמים,1.00,"ק""ג",true,,14.90,14.9000,true,1,104104
7290000000072,false,תפוח עץ סטרקינג(חרמו,,,תפוח עץ סטרקינג(חרמו,קילוגרמים,1.00,"ק""ג",true,,9.90,9.9000,true,1,104106
7290000000073,false,סברס,,,סברס,קילוגרמים,1.00,"ק""ג",true,,34.90,34.9000,true,1,104107
7290000000074,false,תפוח עץ יונתן,,,תפוח עץ יונתן,קילוגרמים,1.00,"ק""ג",true,,11.90,11.9000,true,1,104108
7290000000075,false,תפוח עץ זהוב,מרינה פטריות הגליל,,תפוח עץ זהוב,קילוגרמים,1.00,"ק""ג",true,,9.90,9.9000,true,1,104109
7290000000077,false,משלוח הסתדרות-שליח פ,,,תפוח עץ גרנד (סמית),קילוגרמים,1.00,"ק""ג",true,,9.90,9.9000,true,1,104111
7290000000078,false,משלוח הסתדרות-שליח ח,,,מלון,קילוגרמים,1.00,"ק""ג",true,,8.90,8.9000,false,1,99498
7290000000081,false,אגסים,,,אגסים,קילוגרמים,1.00,"ק""ג",true,,12.90,12.9000,true,1,104113
7290000000082,false,ברוקולי ארוז,,,שסק,קילוגרמים,1.00,"ק""ג",true,,22.90,22.9000,true,1,104114
7290000000084,false,קיוי,,,קיוי,קילוגרמים,1.00,"ק""ג",true,,17.90,17.9000,true,1,104116
7290000000085,false,ענבי טלי,,,שומר,קילוגרמים,1.00,"ק""ג",true,,6.90,6.9000,true,1,104117
7290000000086,false,תירס ארוז,,,ראש סלרי,יחידה,0.00,יחידה,false,,4.90,0.0000,true,1,104118
7290000000087,false,מנגולד-סלק עלים,,,אשכוליות,קילוגרמים,1.00,"ק""ג",true,,6.90,6.9000,true,1,104119
7290000000088,false,תפוזים,,,תפוזים,קילוגרמים,1.00,"ק""ג",true,,5.90,5.9000,true,1,104120
7290000000089,false,בננה,,,בננה,קילוגרמים,1.00,"ק""ג",true,,5.90,5.9000,true,1,104121
7290000000091,false,דמי משלוח - אתר אינטרנט,,,לפת,קילוגרמים,1.00,"ק""ג",true,,7.90,7.9000,true,1,104123
7290000000092,false,פומלה לבנה,,,פומלה לבנה,קילוגרמים,1.00,"ק""ג",true,,8.90,8.9000,true,1,104124
7290000000093,false,משלוח קו קופה טלפוני,,,ענבים שחורים קטן,קילוגרמים,1.00,"ק""ג",true,,19.90,19.9000,true,1,104125
7290000000095,false,ביסלי/מיקס ביסלי אסם,,,ענה תפוח עץ,קילוגרמים,1.00,"ק""ג",true,,9.90,9.9000,true,1,104127
7290000000096,false,משלוח תוספת ארגז אקס,,,מנגו,קילוגרמים,1.00,"ק""ג",true,,14.90,14.9000,true,1,104128
7290000000097,false,צנונית ארוזה 400 גרם,,,חבושים,קילוגרמים,1.00,"ק""ג",true,,14.90,14.9000,true,1,104129
7290000000098,false,קרמבולה,,,מנגו,קילוגרמים,1.00,"ק""ג",true,,14.90,14.9000,true,1,104130
7290000000099,false,שורש פטרוזיליה,,,שורש פטרוזיליה,יחידה,0.00,יחידה,false,,5.90,0.0000,true,1,104131
7290000000100,false,אבוקדו האס,,,ירק,יחידה,0.00,יחידה,false,,3.90,0.0000,true,1,104132
7290000000104,false,מאפינס-אוראו/נוטלה,ביכורי השקמה,,חבילת כוסברה טריה,יחידה,0.00,יחידה,false,,3.00,0.0000,true,1,138608
7290000000106,false,אנונה,ביכורי השקמה,,אנונה,קילוגרמים,1.00,"ק""ג",true,,16.90,16.9000,true,1,104135
7290000000107,false,קישוא ירוק,ביכורי השקמה,,גזר תפזורת,קילוגרמים,1.00,"ק""ג",true,,4.90,4.9000,true,1,104136
7290000000108,false,קישואים זוקיני,ביכורי השקמה,,קישואים זוקיני,קילוגרמים,1.00,"ק""ג",true,,11.90,11.9000,true,1,99549
7290000000109,false,כרוב לבן,ביכורי השקמה,,תותים,גרמים,500.00,100 גרם,false,,19.90,0.0398,true,1,99500
7290000000110,false,כרוב אדום,ביכורי השקמה,,קלמנטינה,קילוגרמים,1.00,"ק""ג",true,,5.90,5.9000,true,1,104137
7290000000112,false,ברוקומיני,ביכורי השקמה,,ארטישוק,קילוגרמים,1.00,"ק""ג",true,,19.90,19.9000,true,1,104138
7290000000113,false,שום טרי עלים,ביכורי השקמה,,שום טרי עלים,קילוגרמים,1.00,"ק""ג",true,,19.90,19.9000,true,1,104139
7290000000114,false,תפוח עץ סטרקינג (אדו,ביכורי השקמה,,פפיה טרי,קילוגרמים,1.00,"ק""ג",true,,17.90,17.9000,true,1,104140
7290000000115,false,תפוח עץ מוזהב,ביכורי השקמה,,סנדוויץ,יחידה,0.00,יחידה,false,,3.00,0.0000,false,1,133490
7290000000117,false,עגבניות שרי תמר,ביכורי השקמה,,עגבניות שרי תמר,קילוגרמים,1.00,"ק""ג",true,,23.90,23.9000,true,1,99550
7290000000118,false,גזר תפזורת,ביכורי השקמה,,פיג'ויה,קילוגרמים,1.00,"ק""ג",true,,29.90,29.9000,true,1,104141
7290000000122,false,תפוח עץ פינק בראשית,ביכורי השקמה,,תפוח עץ פינק בראשית,קילוגרמים,1.00,"ק""ג",true,,13.90,13.9000,true,1,104034
7290000000125,false,פטרוזיליה (בתפזורת),ביכורי השקמה,,ירק מהדרין,יחידה,0.00,יחידה,false,,4.90,0.0000,true,1,112785
7290000000126,false,כוסברה (בתפזורת),ביכורי השקמה,,תפוזים ברשת,קילוגרמים,1.00,"ק""ג",true,,3.90,3.9000,true,1,104142
7290000000127,false,"קמח אחיד שטיבל 25 ק""",אדמה,,ג'ינג'ר טרי במשקל,קילוגרמים,1.00,"ק""ג",true,,29.90,29.9000,true,1,99552
7290000000131,false,חבילת שמיר טרי,ביכורי השקמה,,חבילת שמיר טרי,יחידה,0.00,יחידה,false,,3.50,0.0000,true,1,138609
7290000000138,false,גויאבה,ביכורי השקמה,,גויאבה,קילוגרמים,1.00,"ק""ג",true,,12.90,12.9000,true,1,104144
7290000000140,false,ענבים גדולים,ביכורי השקמה,,ענבים גדולים,קילוגרמים,1.00,"ק""ג",true,,24.90,24.9000,true,1,134251
7290000000145,false,דלעת ערמונים,,,דלעת ערמונים,קילוגרמים,1.00,"ק""ג",true,,14.90,14.9000,true,1,116088
7290000000147,false,פטריות שמפיניון במשק,ביכורי השקמה,,פטריות שמפיניון במשק,קילוגרמים,1.00,"ק""ג",true,,34.90,34.9000,true,1,99561
7290000000149,false,תפוח עץ חרמון,ביכורי השקמה,,פומלה אדומה,קילוגרמים,1.00,"ק""ג",true,,7.90,7.9000,true,1,92926
7290000000155,false,פטריות חורש במשקל,ביכורי השקמה,,פטריות חורש במשקל,קילוגרמים,1.00,"ק""ג",true,,34.90,34.9000,true,1,103875
7290000000157,false,שום טרי עלים חתוך,ביכורי השקמה,,שום טרי עלים חתוך,קילוגרמים,1.00,"ק""ג",true,,19.90,19.9000,true,1,103877
7290000000159,false,פלפל צבעוני,,,שזיף מטלי,קילוגרמים,1.00,"ק""ג",true,,18.90,18.9000,true,1,130380
7290000000161,false,חציל בלאדי,ביכורי השקמה,,חציל בלאדי,קילוגרמים,1.00,"ק""ג",true,,7.90,7.9000,true,1,137872
7290000000163,false,פוטוס בקערה 20,ביכורי השקמה,,פוטוס בקערה 20,יחידה,0.00,יחידה,false,,32.90,0.0000,true,1,138594
7290000000164,false,קלתיאה עציץ 12,ביכורי השקמה,,קלתיאה עציץ 12,יחידה,0.00,יחידה,false,,39.90,0.0000,true,1,177855
7290000000165,false,מנגולד עלי סלק,אדמה,,אננס,יחידה,0.00,יחידה,false,,24.90,0.0000,true,1,99563
7290000000167,false,שרי מנומר/צהוב,ביכורי השקמה,,שרי מנומר/צהוב,קילוגרמים,1.00,"ק""ג",true,,23.90,23.9000,true,1,104147
7290000000169,false,תפוח אדמה לאפיה,ביכורי שדה דרום 2002,,עגבניות תמר,קילוגרמים,1.00,"ק""ג",true,,8.90,8.9000,false,1,104149
7290000000184,false,עגבניות מגי,ביכורי השקמה,,עגבניות מגי,קילוגרמים,1.00,"ק""ג",true,,17.90,17.9000,true,1,190673
7290000000189,false,תפוח עץ גלה רויאל,ביכורי השקמה,,תפוח עץ גלה רויאל,קילוגרמים,1.00,"ק""ג",true,,9.90,9.9000,true,1,104152
7290000000195,false,תמר צהוב,ביכורי השקמה,,תפוז דם,קילוגרמים,1.00,"ק""ג",true,,7.90,7.9000,true,1,189845
7290000000202,false,תבנית אובלית עבה,ישרקו שיווק מותגי מז,,תבנית אובלית עבה,יחידה,0.00,יחידה,false,,4.90,0.0000,true,1,128638
7290000000207,false,אפרסמון גדול,ישרקו שיווק מותגי מז,,אפרסמון גדול,קילוגרמים,1.00,"ק""ג",true,,14.90,14.9000,true,1,194154
7290000000218,false,שקית אריזה בקופות,,,שקית אריזה בקופות,יחידה,0.00,יחידה,false,,0.10,0.0000,false,1,194826
7290000000220,false,נקניקיות קיבוצניה,ישרקו שיווק מותגי מז,,שתיה קרה 5 1 ל'.,יחידה,0.00,יחידה,false,,11.00,0.0000,false,1,113021
7290000000221,false,נקניק קרוביאנקה,ישרקו שיווק מותגי מז,,מים קרים 5 1 ל'.,יחידה,0.00,יחידה,false,,5.50,0.0000,true,1,200212
7290000000222,false,וטצינה מוסקובסקיה,ישרקו שיווק מותגי מז,,מים קרים 2 1 ל'/,יחידה,0.00,יחידה,false,,4.00,0.0000,false,1,200213
7290000000294,false,סופגניה מיני בונזור,בונז'ור,,סופגניה מיני בונזור,יחידה,0.00,יחידה,false,,2.80,0.0000,true,1,118280
7290000000305,false,בייגלה,בונז'ור,,בייגלה,יחידה,0.00,יחידה,false,,5.00,0.0000,true,1,104194
7290000000310,false,עלי חסה רומית ארוז,בונז'ור,,סופגניה גדולה,גרמים,48.00,100 גרם,false,,3.90,0.0812,true,1,104195
7290000000314,false,לחם שחור,מאפיית דוידוביץ ובני,,לחם שחור,יחידה,0.00,יחידה,false,,6.96,0.0000,false,1,102501
7290000000315,false,לחמניה קטנה,ביכורי השקמה,,לחמניה קטנה,גרמים,75.00,100 גרם,false,,1.50,0.0200,false,1,99882
7290000000316,false,לחמניה גדולה,,,לחמניה גדולה,יחידה,0.00,יחידה,false,,2.70,0.0000,false,1,102502
7290000000318,false,שוקו קר/חם קטן,מאפיית דוידוביץ ובני,,חלה רגילה,יחידה,0.00,יחידה,false,,5.90,0.0000,false,1,102503
7290000000321,false,זר מיוחד גדול,,,זר מיוחד גדול,יחידה,0.00,יחידה,false,,60.00,0.0000,true,1,114688
7290000000326,false,בגט כפרי בונז'ור,בונז'ור,,בגט כפרי בונז'ור,יחידה,0.00,יחידה,false,,5.40,0.0000,true,1,104197
7290000000347,false,ג'בטה בונזו'ר.,בונז'ור,,ג'בטה בונזו'ר.,יחידה,0.00,יחידה,false,,3.60,0.0000,true,1,104202
7290000000350,false,סלט כבד קצוץ בשרי,,,סלט כבד קצוץ בשרי,קילוגרמים,1.00,"ק""ג",true,,99.90,99.9000,true,1,102659
7290000000407,false,דונאטס קטן צבעוני,"ולדמן ביח""ר לנקניק ו",,דונאטס קטן צבעוני,יחידה,0.00,יחידה,false,,5.90,0.0000,true,1,149853
7290000000411,false,שום יבש יבוא רמי לוי,אראל תוצרת חקלאית בע,IL,מארז שום רביעייה,יחידה,0.00,יחידה,false,,4.00,0.0000,true,1,144237
7290000000412,false,דונטס גדול צבעוני,"ולדמן ביח""ר לנקניק ו",,דונטס גדול צבעוני,יחידה,0.00,יחידה,false,,8.90,0.0000,true,1,209923
7290000000435,false,סלרי עלים יח',יד המלך,,חומוס ביתי,קילוגרמים,1.00,"ק""ג",true,,34.90,34.9000,true,1,101983
7290000000440,false,בק' ריק,,,בק ריק,יחידה,0.00,יחידה,false,,1.20,0.0000,false,1,93207
7290000000441,false,פקדון שישייה חוזר,"ולדמן ביח""ר לנקניק ו",,פקדון שישייה חוזר,יחידה,0.00,יחידה,false,,7.20,0.0000,false,1,196607
7290000000449,false,נקניק חי דליקטסניה,"ולדמן ביח""ר לנקניק ו",,ליטל-טוניה ק.20,יחידה,0.00,יחידה,false,,31.90,0.0000,true,1,192393
7290000000471,false,חבילת שיבה טרייה,"ולדמן ביח""ר לנקניק ו",,חבילת שיבה טרייה,יחידה,0.00,יחידה,false,,4.90,0.0000,true,1,210937
7290000000490,false,סאפה אלוורה,,,סאפה אלוורה,יחידה,0.00,יחידה,false,,7.50,0.0000,false,1,202605
7290000000511,false,גולן פרוס,מעדני מניה תעשיות בש,,זר פרחים,יחידה,0.00,יחידה,false,,50.00,0.0000,true,1,205282
7290000000513,false,אסאדו על האש,מעדני מניה תעשיות בש,,ספוג לפרחים,יחידה,0.00,יחידה,false,,6.90,0.0000,false,1,144175
7290000000552,false,תפוז טרי סחוט,מעדני מניה תעשיות בש,,זר פרחים,יחידה,0.00,יחידה,false,,70.00,0.0000,true,1,104032
7290000000555,false,זר כפרי,מעדני מניה תעשיות בש,,זר כפרי,יחידה,0.00,יחידה,false,,35.00,0.0000,true,1,136040
7290000000557,false,עצמות מעושנות,מעדני מניה תעשיות בש,,בוקט גדול,יחידה,0.00,יחידה,false,,50.00,0.0000,true,1,143200
7290000000558,false,כוסברה ארוז,מעדני מניה תעשיות בש,,סלט טורקי,קילוגרמים,1.00,"ק""ג",true,,56.90,56.9000,true,1,101988
7290000000573,false,נקניק קייבסקיה,מעדני מניה תעשיות בש,,זר פרחים,יחידה,0.00,יחידה,false,,30.00,0.0000,true,1,117986
7290000000590,false,זר פרחים גדול,מעדני מניה תעשיות בש,,זר פרחים גדול,יחידה,0.00,יחידה,false,,40.00,0.0000,true,1,122009
7290000000600,false,סלמי רוונה,קרלברג ייצור ושיווק,,דמי משלוח,יחידה,0.00,יחידה,false,,30.00,0.0000,false,1,102005
7290000000604,false,בקבוק סודה קטן קר,,,בקבוק סודה קטן קר,יחידה,0.00,יחידה,false,,5.00,0.0000,false,1,202541
7290000000608,false,פחית שתיה קרה,קוקה קולה,,פחית שתיה קרה,יחידה,0.00,יחידה,false,,7.00,0.0000,true,1,93067
7290000000609,false,בק' שתיה קרה 0.5ל,קוקה קולה,,בק' שתיה קרה 0.5ל,יחידה,0.00,יחידה,false,,9.00,0.0000,true,1,93068
7290000000611,false,פריזר סליבוצניה,נסטי,,XL / בלו קר,יחידה,0.00,יחידה,false,,5.00,0.0000,true,1,93069
7290000000640,false,הודו פרפר רגיל/פלפל/,קרלברג ייצור ושיווק,,סל פוליצר,יחידה,0.00,יחידה,false,,3.90,0.0000,false,1,115227
7290000000697,false,תיק יוטה פוליצר,,,תיק יוטה פוליצר,יחידה,0.00,יחידה,false,,13.90,0.0000,true,1,196813
7290000000700,false,הכנת הזמנה ללא משלוח,,,הכנת הזמנה ללא משלוח,יחידה,0.00,יחידה,false,,15.00,0.0000,false,1,117250
7290000000710,false,מגש משקה אקסל 24 יח',XL,,מגש משקה אקסל 24 יח',יחידה,0.00,יחידה,false,,84.90,0.0000,false,1,119840
7290000000734,false,ניצנית עציץ,משתנה,IL,ניצנית עציץ,יחידה,0.00,יחידה,false,,13.90,0.0000,true,1,141600
7290000000820,false,פסטרמה הודו גחלים טי,בונז'ור,,סופגניה גדולה,יחידה,0.00,יחידה,false,,3.90,0.0000,false,1,104203
7290000000842,false,באגט,בונז'ור,,באגט,יחידה,0.00,יחידה,false,,4.90,0.0000,true,1,104205
7290000000855,false,חצי בגט,בונז'ור,,חצי בגט,יחידה,0.00,יחידה,false,,3.00,0.0000,true,1,104206
7290000000910,false,תמרים פרימיום 3.5 ק,,,בוטנים עם קליפה,קילוגרמים,1.00,"ק""ג",true,,14.90,14.9000,true,1,92928
7290000000920,false,בוטנים גדולים במשקל,,,בוטנים גדולים במשקל,קילוגרמים,1.00,"ק""ג",true,,33.90,33.9000,true,1,108994
7290000001008,false,גביע 270 שקוף,,,גביע 270 שקוף,יחידה,0.00,יחידה,false,,0.50,0.0000,true,1,121883
7290000001009,false,גביע 500,,,גביע 500,יחידה,0.00,יחידה,false,,1.00,0.0000,true,1,100945
7290000001029,false,פלפל חריף אדום,ביכורי השקמה,,פסטה,קילוגרמים,1.00,"ק""ג",true,,39.00,39.0000,false,1,143587
7290000001042,false,מכסה מודפס,מעדני מניה תעשיות בש,,מכסה מודפס,יחידה,0.00,יחידה,false,,0.30,0.0000,true,1,100946
7290000001117,false,עציץ אנטוריום אדום ס,ביכורי השקמה,,עציץ אנטוריום אדום ס,יחידה,0.00,יחידה,false,,55.90,0.0000,true,1,211117
7290000001140,false,פריזר תה בייבי,מעדני מניה תעשיות בש,,מיכל 1 ליטר,יחידה,0.00,יחידה,false,,2.00,0.0000,true,1,144854
7290000001141,false,ממרח כבד עוף ביתי קט,מעדני מניה תעשיות בש,,מיכל 2 ליטר,יחידה,0.00,יחידה,false,,2.50,0.0000,true,1,144855
7290000001272,false,ירכיים עוף טרי תפזור,,,ירכיים עוף טרי תפזור,קילוגרמים,1.00,"ק""ג",true,,26.90,26.9000,false,1,97543
7290000001289,false,שוקיים עוף טרי,,,שוקיים עוף טרי,קילוגרמים,1.00,"ק""ג",true,,28.90,28.9000,false,1,97544
7290000001340,false,ספטיפילום עציץ 15,,,ספטיפילום עציץ 15,יחידה,0.00,יחידה,false,,41.90,0.0000,true,1,196283
7290000001388,false,חזה עוף גוש,,,חזה עוף גוש,קילוגרמים,1.00,"ק""ג",true,,31.90,31.9000,false,1,97546
7290000001395,false,ראש דג סלמון,,,ראש דג סלמון,קילוגרמים,1.00,"ק""ג",true,,15.00,15.0000,true,1,204725
7290000001470,false,קייזר כפול מחולק בוו,"ולדמן ביח""ר לנקניק ו",,סלמון טרי שלם,קילוגרמים,1.00,"ק""ג",true,,75.00,75.0000,false,1,120471
7290000001555,false,עוף ללא עצמות,,,עוף ללא עצמות,קילוגרמים,1.00,"ק""ג",true,,25.90,25.9000,false,1,97548
7290000001562,false,סלמון פילה טרי,מעדני מניה תעשיות בש,,סלמון פילה טרי,קילוגרמים,1.00,"ק""ג",true,,105.00,105.0000,false,1,197949
7290000001722,false,ג'ינג'ר דל סוכר תפזו,,,ג'ינג'ר דל סוכר תפזו,קילוגרמים,1.00,"ק""ג",true,,48.00,48.0000,true,1,150309
7290000001746,false,פומלית,,,פומלית,קילוגרמים,1.00,"ק""ג",true,,6.90,6.9000,true,1,104155
7290000001753,false,עוף טרי שלם,,,עוף טרי שלם,קילוגרמים,1.00,"ק""ג",true,,17.90,17.9000,false,1,142200
7290000001807,false,דג דניס טרי,,,דג דניס טרי,קילוגרמים,1.00,"ק""ג",true,,59.90,59.9000,false,1,93004
7290000001944,false,חמוציות ברכז חתוך,,,חמוציות ברכז חתוך,קילוגרמים,1.00,"ק""ג",true,,56.00,56.0000,true,1,122766
7290000001951,false,כנפיים עוף טריות נקי,,,כנפיים עוף טריות נקי,קילוגרמים,1.00,"ק""ג",true,,12.90,12.9000,false,1,135920
7290000002026,false,גבינה גאודה עם תבלין,Spomlek,,בייגלה בטעמים,יחידה,0.00,יחידה,false,,5.00,0.0000,true,1,120858
7290000002040,false,קוסקוס מבושל,,,קוסקוס מבושל,קילוגרמים,1.00,"ק""ג",true,,29.00,29.0000,false,1,142400
7290000002095,false,דונטס פרווה,,,דונטס פרווה,יחידה,0.00,יחידה,false,,5.50,0.0000,true,1,259731
7290000003016,false,כרוב / פלפל ממולא,מעדני בשר השוקת,,כרוב / פלפל ממולא,קילוגרמים,1.00,"ק""ג",true,,54.90,54.9000,false,1,142320
7290000003033,false,רקפת ע.12,,,רקפת ע.12,יחידה,0.00,יחידה,false,,19.90,0.0000,true,1,259647
7290000003047,false,"מוסקה / מפרום תפ""א מ",,,"מוסקה / מפרום תפ""א מ",קילוגרמים,1.00,"ק""ג",true,,74.90,74.9000,false,1,102675
7290000003054,false,א. כביסה / טיטולים,,,קציצות ירק,קילוגרמים,1.00,"ק""ג",true,,49.00,49.0000,false,1,102676
7290000003061,false,כרעיים/שוקיים בתנור/,איתנס ייצור עוגות,,כרעיים/שוקיים בתנור/,קילוגרמים,1.00,"ק""ג",true,,59.00,59.0000,false,1,133634
7290000003078,false,עוף מוקפץ בסגנון סינ,,,עוף מוקפץ בסגנון סינ,קילוגרמים,1.00,"ק""ג",true,,59.00,59.0000,false,1,142321
7290000003085,false,אורז עם ירקות,,,אורז עם ירקות,קילוגרמים,1.00,"ק""ג",true,,29.00,29.0000,false,1,142322
7290000003139,false,שוארמה עוף,,,שוארמה עוף,קילוגרמים,1.00,"ק""ג",true,,89.90,89.9000,false,1,133574
7290000003153,false,תפוח אדמה אפוי,,,תפוח אדמה אפוי,קילוגרמים,1.00,"ק""ג",true,,29.00,29.0000,false,1,142324
7290000003160,false,קציצות בקר/עוף,,,קציצות בקר/עוף,קילוגרמים,1.00,"ק""ג",true,,79.00,79.0000,false,1,102685
7290000003177,false,גבינה גאודה,מחלבת המושבה,,אורז מג'דרה,קילוגרמים,1.00,"ק""ג",true,,34.90,34.9000,false,1,142325
7290000003207,false,מעורב ירושלמי מוכן,,,מעורב ירושלמי מוכן,קילוגרמים,1.00,"ק""ג",true,,79.90,79.9000,false,1,261410
7290000003214,false,שרך בוסטן קערה 20,,,שרך בוסטן קערה 20,יחידה,0.00,יחידה,false,,34.90,0.0000,true,1,138583
7290000003221,false,"קרפלך תפו""א / בשר",,,"קרפלך תפו""א / בשר",קילוגרמים,1.00,"ק""ג",true,,59.00,59.0000,false,1,133575
7290000003245,false,תוספות ירקות,,,תוספות ירקות,קילוגרמים,1.00,"ק""ג",true,,54.90,54.9000,false,1,142331
7290000003252,false,דג סול/בקלה מטוגן,,,דג סול/בקלה מטוגן,קילוגרמים,1.00,"ק""ג",true,,69.00,69.0000,false,1,142332
7290000003276,false,פילה עוף בגריל,,,פילה עוף בגריל,קילוגרמים,1.00,"ק""ג",true,,79.90,79.9000,false,1,120714
7290000003290,false,תבשיל בקר,,,תבשיל בקר,קילוגרמים,1.00,"ק""ג",true,,89.00,89.0000,false,1,142333
7290000003313,false,דג מרוקאי נסיכת הניל,,,דג מרוקאי נסיכת הניל,קילוגרמים,1.00,"ק""ג",true,,79.90,79.9000,false,1,142334
7290000003320,false,קבב,,,קבב,קילוגרמים,1.00,"ק""ג",true,,89.00,89.0000,true,1,210347
7290000003344,false,סטייק פרגית בגריל,,,סטייק פרגית בגריל,קילוגרמים,1.00,"ק""ג",true,,99.00,99.0000,false,1,142364
7290000003351,false,פילה אמנון ענק,,,פילה אמנון ענק,קילוגרמים,1.00,"ק""ג",true,,35.00,35.0000,false,1,113716
7290000003399,false,גפילטע פיש,יד המלך,,גפילטע פיש,יחידה,0.00,יחידה,false,,14.90,0.0000,true,1,125334
7290000003504,false,כבד עם בצל מטוגן,,,כבד עם בצל מטוגן,קילוגרמים,1.00,"ק""ג",true,,59.90,59.9000,true,1,150104
7290000003528,false,סלט טונה לבן/ אדום,,,סלט טונה לבן/ אדום,קילוגרמים,1.00,"ק""ג",true,,84.90,84.9000,true,1,196696
7290000003535,false,סלט טבולה,יד המלך,,סלט טבולה,קילוגרמים,1.00,"ק""ג",true,,56.90,56.9000,true,1,141839
7290000003542,false,סלט ביצים,,,סלט ביצים,קילוגרמים,1.00,"ק""ג",true,,76.90,76.9000,true,1,196700
7290000003597,false,סלט חציל מיונז על הא,יד המלך,,סלט חציל מיונז על הא,קילוגרמים,1.00,"ק""ג",true,,56.90,56.9000,true,1,196699
7290000003603,false,סלט חציל סטייק,יד המלך,,סלט חציל סטייק,קילוגרמים,1.00,"ק""ג",true,,56.90,56.9000,true,1,196775
7290000003610,false,סלט חציל רומני,,,סלט חציל רומני,קילוגרמים,1.00,"ק""ג",true,,56.90,56.9000,true,1,196697
7290000003627,false,סלט חציל יווני,יד המלך,,סלט חציל יווני,קילוגרמים,1.00,"ק""ג",true,,56.90,56.9000,true,1,196704
7290000003641,false,סלט מטבוחה ביתי,יד המלך,,סלט מטבוחה ביתי,קילוגרמים,1.00,"ק""ג",true,,56.90,56.9000,true,1,196723
7290000003672,false,צלי בקר מוכן,,,צלי בקר מוכן,קילוגרמים,1.00,"ק""ג",true,,110.00,110.0000,false,1,142328
7290000003689,false,סלט קול סלו,יד המלך,,סלט קול סלו,קילוגרמים,1.00,"ק""ג",true,,39.90,39.9000,true,1,196877
7290000003696,false,שניצל מטוגן,,,שניצל מטוגן,קילוגרמים,1.00,"ק""ג",true,,75.00,75.0000,false,1,142335
7290000003702,false,"סלט תפ""א רוסי",,,"סלט תפ""א רוסי",קילוגרמים,1.00,"ק""ג",true,,56.90,56.9000,true,1,197053
7290000003764,false,טחינה לבנה,,,טחינה לבנה,קילוגרמים,1.00,"ק""ג",true,,34.90,34.9000,true,1,196806
7290000003788,false,סלט פטריות מקסיקני,יד המלך,,סלט פטריות מקסיקני,קילוגרמים,1.00,"ק""ג",true,,69.90,69.9000,true,1,197052
7290000003809,false,פטוניה מפלית קע.20,,,פטוניה מפלית קע.20,יחידה,0.00,יחידה,false,,29.90,0.0000,true,1,206686
7290000003825,false,סלט כרוב סיני,יד המלך,,סלט כרוב סיני,קילוגרמים,1.00,"ק""ג",true,,39.90,39.9000,true,1,196725
7290000003849,false,סלסה,יד המלך,,סלסה,קילוגרמים,1.00,"ק""ג",true,,56.90,56.9000,true,1,196726
7290000003900,false,סלט חציל טעם כבד,יד המלך,,סלט חציל טעם כבד,קילוגרמים,1.00,"ק""ג",true,,79.90,79.9000,true,1,197073
7290000003955,false,חציל סביח,,,חציל סביח,קילוגרמים,1.00,"ק""ג",true,,69.90,69.9000,true,1,196729
7290000003962,false,סלט מסאייר/ירקות סינ,,,סלט מסאייר/ירקות סינ,קילוגרמים,1.00,"ק""ג",true,,52.90,52.9000,true,1,196730
7290000004006,false,קאשקבל משולשים גד 26,,,סופגניה קטנה,יחידה,0.00,יחידה,false,,2.80,0.0000,true,1,108961
7290000004204,false,סיגר/פסטל/אגרול מוכן,,,סיגר/פסטל/אגרול מוכן,קילוגרמים,1.00,"ק""ג",true,,69.00,69.0000,false,1,143597
7290000004266,false,ירקות שטופים שדות בר,,,ירקות שטופים שדות בר,קילוגרמים,1.00,"ק""ג",true,,30.00,30.0000,true,1,126620
7290000004273,false,כרובית / ברוקולי בצי,,,כרובית / ברוקולי בצי,קילוגרמים,1.00,"ק""ג",true,,69.00,69.0000,false,1,190341
7290000004310,false,מנגו דל סוכר,יד המלך,,טחינה ירוקה,קילוגרמים,1.00,"ק""ג",true,,34.90,34.9000,true,1,196795
7290000004433,false,לברק טרי,,,לברק טרי,קילוגרמים,1.00,"ק""ג",true,,74.90,74.9000,true,1,189263
7290000004457,false,חלבה בטעמים,,,מרק עדשים,קילוגרמים,1.00,"ק""ג",true,,29.90,29.9000,true,1,142723
7290000004983,false,לאבנה גד 5% במשקל,,,אמנון ענק טרי,קילוגרמים,1.00,"ק""ג",true,,29.90,29.9000,false,1,189269
7290000005157,false,בגט אותנטיק בטעמים,,,בגט אותנטיק בטעמים,יחידה,0.00,יחידה,false,,8.90,0.0000,true,1,220684
7290000005211,false,סחלב פלנופסיס ע.12 ע,,,סחלב פלנופסיס ע.12 ע,יחידה,0.00,יחידה,false,,99.90,0.0000,true,1,216884
7290000005522,false,סלט חצילים,,,סלט חצילים,קילוגרמים,1.00,"ק""ג",true,,42.90,42.9000,true,1,196732
7290000005539,false,כרוב אדום,צבר,,כרוב אדום,קילוגרמים,1.00,"ק""ג",true,,39.90,39.9000,true,1,196727
7290000005546,false,סחוג אדום/ ירוק,יד המלך,,סחוג אדום/ ירוק,קילוגרמים,1.00,"ק""ג",true,,49.90,49.9000,true,1,196728
7290000005577,false,איקרה לבנה,,,איקרה לבנה,קילוגרמים,1.00,"ק""ג",true,,69.90,69.9000,true,1,97551
7290000005614,false,חומוס מעדניה צבר,צבר,,חומוס מעדניה צבר,קילוגרמים,1.00,"ק""ג",true,,19.90,19.9000,true,1,196809
7290000005652,false,קציצות ברוטב,,,קציצות ברוטב,קילוגרמים,1.00,"ק""ג",true,,79.00,79.0000,true,1,209418
7290000005676,false,זיתים שחורים במשקל,,,זיתים שחורים במשקל,קילוגרמים,1.00,"ק""ג",true,,49.90,49.9000,true,1,97474
7290000005683,false,זיתים ירוקים במשקל,,,זיתים ירוקים במשקל,קילוגרמים,1.00,"ק""ג",true,,49.90,49.9000,true,1,104033
7290000005706,false,זיתים שחורים טבעי במ,,,זיתים שחורים טבעי במ,קילוגרמים,1.00,"ק""ג",true,,49.90,49.9000,true,1,97475
7290000005713,false,זיתים סורים במשקל,,,זיתים סורים במשקל,קילוגרמים,1.00,"ק""ג",true,,49.90,49.9000,true,1,98307
7290000005737,false,לקרדה שלמה,,,לקרדה שלמה,קילוגרמים,1.00,"ק""ג",true,,79.90,79.9000,true,1,95377
7290000005782,false,חלבה רגיל,אחוה,,חלבה רגיל,קילוגרמים,1.00,"ק""ג",true,,39.90,39.9000,true,1,111411
7290000005805,false,חלבה פיסטוק שקדי,אחוה,,חלבה פיסטוק שקדי,קילוגרמים,1.00,"ק""ג",true,,49.90,49.9000,true,1,117937
7290000005812,false,חלבה נוגט ח. נוכרי,השחר העולה,,חלבה נוגט ח. נוכרי,קילוגרמים,1.00,"ק""ג",true,,39.90,39.9000,true,1,108619
7290000005829,false,פילה הרינג אמיתי,,,פילה הרינג אמיתי,יחידה,0.00,יחידה,false,,8.90,0.0000,true,1,95378
7290000005867,false,דג מטיאס,,,דג מטיאס,קילוגרמים,1.00,"ק""ג",true,,59.90,59.9000,true,1,97552
7290000005898,false,דג כבוש,,,דג כבוש,קילוגרמים,1.00,"ק""ג",true,,59.90,59.9000,true,1,97554
7290000006000,false,מאפים במישקל,,,מאפים במישקל,קילוגרמים,1.00,"ק""ג",true,,42.00,42.0000,true,1,194354
7290000006086,false,לחם מחמצת מאפיה,,,לחם מחמצת מאפיה,יחידה,0.00,יחידה,false,,17.90,0.0000,true,1,194350
7290000006093,false,לחמנית המבורגר,,,לחמנית המבורגר,יחידה,0.00,יחידה,false,,4.00,0.0000,true,1,194351
7290000006185,false,חלה מתוקה / רגילה,,,חלה מתוקה / רגילה,יחידה,0.00,יחידה,false,,12.90,0.0000,true,1,194353
7290000006246,false,בגט רגיל / כפרי,,,בגט רגיל / כפרי,יחידה,0.00,יחידה,false,,4.90,0.0000,true,1,196939
7290000006253,false,חצי בגט,,,חצי בגט,יחידה,0.00,יחידה,false,,3.50,0.0000,true,1,194359
7290000006406,false,סופגניה רגיל /דונטס,,,סופגניה רגיל /דונטס,יחידה,0.00,יחידה,false,,5.00,0.0000,true,1,194362
7290000006413,false,קוקוס צ'יפס קלוי,,,קוקוס צ'יפס קלוי,קילוגרמים,1.00,"ק""ג",true,,90.00,90.0000,true,1,210884
7290000006505,false,עוגיות עידית וסביון,,,עוגיות עידית וסביון,קילוגרמים,1.00,"ק""ג",true,,139.90,139.9000,true,1,119070
7290000006529,false,פיצה / מאפים פרימיום,,,פיצה / מאפים פרימיום,קילוגרמים,1.00,"ק""ג",true,,54.90,54.9000,true,1,194436
7290000006598,false,לחם מרוקאי / פוקאצ',,,לחם מרוקאי / פוקאצ',יחידה,0.00,יחידה,false,,14.90,0.0000,true,1,194707
7290000006820,false,מצית חד פעמי,,,מצית חד פעמי,יחידה,0.00,יחידה,false,,3.00,0.0000,false,1,101866
7290000006994,false,פקאן מסוכר,,,פקאן מסוכר,קילוגרמים,1.00,"ק""ג",true,,100.00,100.0000,true,1,125721
7290000007052,false,זיתים חרוזית במשקל,,,זיתים חרוזית במשקל,קילוגרמים,1.00,"ק""ג",true,,49.90,49.9000,true,1,100505
7290000007090,false,פלפל שיפקה במשקל,,,פלפל שיפקה במשקל,קילוגרמים,1.00,"ק""ג",true,,49.90,49.9000,true,1,96788
7290000007106,false,זיתים שחורים יבשים ב,,,זיתים שחורים יבשים ב,קילוגרמים,1.00,"ק""ג",true,,49.90,49.9000,true,1,97476
7290000007108,false,סנטה ענק מבוקע במשקל,,,סנטה ענק מבוקע במשקל,קילוגרמים,1.00,"ק""ג",true,,49.90,49.9000,true,1,113525
7290000007120,false,זיתים שחורים קלמטה ב,,,זיתים שחורים קלמטה ב,קילוגרמים,1.00,"ק""ג",true,,49.90,49.9000,true,1,103769
7290000007199,false,צימוק אוזבקי,,,צימוק אוזבקי,קילוגרמים,1.00,"ק""ג",true,,60.00,60.0000,true,1,215358
7290000007775,false,מצית.,,,מצית.,יחידה,0.00,יחידה,false,,2.00,0.0000,false,1,118781
7290000008004,false,לחמניה סוגים שונים,קונדיטוריית ברטה- הו,,עוגיות שמרים חלבי,קילוגרמים,1.00,"ק""ג",true,,44.90,44.9000,true,1,93016
7290000008011,false,קרנץ שוקולד חלבי,קונדיטוריית ברטה- הו,,קרנץ שוקולד חלבי,יחידה,0.00,יחידה,false,,36.90,0.0000,true,1,93017
7290000008035,false,פרסבורגר פרג חלבי,פילסברי,,פרסבורגר פרג חלבי,קילוגרמים,1.00,"ק""ג",true,,58.90,58.9000,true,1,93019
7290000008042,false,רולדה אגוז חלבי,קונדיטוריית ברטה- הו,,רולדה אגוז חלבי,קילוגרמים,1.00,"ק""ג",true,,64.90,64.9000,true,1,93020
7290000008059,false,"שטרודל תפו""ע/ גבינה",קונדיטוריית ברטה- הו,,"שטרודל תפו""ע/ גבינה",קילוגרמים,1.00,"ק""ג",true,,44.90,44.9000,true,1,93021
7290000008066,false,קפלך אגוז חלבי,קונדיטוריית ברטה- הו,,קפלך אגוז חלבי,קילוגרמים,1.00,"ק""ג",true,,71.90,71.9000,true,1,93022
7290000008080,false,מארז 4 לחמניות המבור,קונדיטוריית ברטה- הו,IL,פחזניות חלבי,קילוגרמים,1.00,"ק""ג",true,,66.90,66.9000,true,1,93023
7290000008103,false,לחמניה מרוקאית חמישי,,,לחמניה מרוקאית חמישי,גרמים,80.00,100 גרם,false,,10.00,0.1250,true,1,211216
7290000008127,false,פלטת גבינה חלבי,קונדיטוריית ברטה- הו,,פלטת גבינה חלבי,קילוגרמים,1.00,"ק""ג",true,,59.90,59.9000,true,1,93024
7290000008271,false,רולדה קצפת/גבינה חלב,קונדיטוריית ברטה- הו,,רולדה קצפת/גבינה חלב,קילוגרמים,1.00,"ק""ג",true,,64.90,64.9000,true,1,93030
7290000008301,false,פיסטוק מקולף,,,פיסטוק מקולף,קילוגרמים,1.00,"ק""ג",true,,130.00,130.0000,true,1,109002
7290000008454,false,וריזאה סטרים ע.14,,,וריזאה סטרים ע.14,יחידה,0.00,יחידה,false,,54.90,0.0000,true,1,264053
7290000008554,false,בגט אותנטיק לבן,,,בגט אותנטיק לבן,גרמים,240.00,100 גרם,false,,7.90,0.0329,true,1,261424
7290000008639,false,צלעות כבש טרי,,,צלעות כבש טרי,קילוגרמים,1.00,"ק""ג",true,,199.00,199.0000,false,1,110883
7290000008783,false,קובה מטוגן,,,קובה מטוגן,יחידה,0.00,יחידה,false,,7.90,0.0000,true,1,142433
7290000008844,false,קיגל,,,קיגל,יחידה,0.00,יחידה,false,,29.00,0.0000,true,1,149734
7290000008929,false,לשון ברוטב פטריות,,,לשון ברוטב פטריות,קילוגרמים,1.00,"ק""ג",true,,89.00,89.0000,false,1,142824
7290000008943,false,דניס שלם בתנור,,,דניס שלם בתנור,יחידה,0.00,יחידה,false,,39.90,0.0000,true,1,142840
7290000008998,false,פילה סלמון ברוטב לימ,,,פילה סלמון ברוטב לימ,קילוגרמים,1.00,"ק""ג",true,,150.00,150.0000,false,1,142654
7290000009032,false,אבטיח אישי,,,בננה ציפס,קילוגרמים,1.00,"ק""ג",true,,30.00,30.0000,true,1,100517
7290000009070,false,חמוציות שלמות מיובשו,,,חמוציות שלמות מיובשו,קילוגרמים,1.00,"ק""ג",true,,72.00,72.0000,true,1,115800
7290000009254,false,מישמש יבש,,,מישמש יבש,קילוגרמים,1.00,"ק""ג",true,,64.00,64.0000,true,1,100518
7290000009278,false,תפוחי עץ מיובש,,,תפוחי עץ מיובש,קילוגרמים,1.00,"ק""ג",true,,59.90,59.9000,true,1,100520
7290000009285,false,אגוז מלך ללא קליפה,,,אגוז מלך ללא קליפה,קילוגרמים,1.00,"ק""ג",true,,59.00,59.0000,true,1,100521
7290000009292,false,תאנים יבשות,,,תאנים יבשות,קילוגרמים,1.00,"ק""ג",true,,49.00,49.0000,true,1,100522
7290000009315,false,צימוקים,,,צימוקים,קילוגרמים,1.00,"ק""ג",true,,39.90,39.9000,true,1,100523
7290000009322,false,שזיפים יבשים,,,שזיפים יבשים,קילוגרמים,1.00,"ק""ג",true,,42.00,42.0000,true,1,100524
7290000009346,false,שקדים טבעיים,,,שקדים טבעיים,קילוגרמים,1.00,"ק""ג",true,,69.00,69.0000,true,1,100527
7290000009353,false,בשר טחון פרימיום חלק,,,אננס יבש מסוכר,קילוגרמים,1.00,"ק""ג",true,,45.00,45.0000,true,1,100528
7290000009360,false,שזיפים יבשים ללא גרע,,,שזיפים יבשים ללא גרע,קילוגרמים,1.00,"ק""ג",true,,48.00,48.0000,true,1,120890
7290000009384,false,תמרים מג'הול,,,תמרים מג'הול,קילוגרמים,1.00,"ק""ג",true,,49.90,49.9000,true,1,118542
7290000009407,false,סינטה פרימיום טרי,תנובה חלב,,שאריות גבינה,קילוגרמים,1.00,"ק""ג",true,,31.00,31.0000,false,1,112176
7290000009445,false,אסאדו מחפוד טרי,,,בונדוק מקולף,קילוגרמים,1.00,"ק""ג",true,,60.00,60.0000,true,1,100531
7290000009469,false,קוביות לגולש טרי,,,צנובר,קילוגרמים,1.00,"ק""ג",true,,199.00,199.0000,true,1,100532
7290000009513,false,כף בקר מחפוד טרי,,,פקאן ללא קליפה,קילוגרמים,1.00,"ק""ג",true,,110.00,110.0000,true,1,100534
7290000009518,false,פפרומיה מיקס ע.6,,,פפרומיה מיקס ע.6,יחידה,0.00,יחידה,false,,17.90,0.0000,true,1,210309
7290000009544,false,חמניות מקולפות,,,חמניות מקולפות,קילוגרמים,1.00,"ק""ג",true,,22.90,22.9000,true,1,109005
7290000009551,false,אגוזי קאשיו,,,אגוזי קאשיו,קילוגרמים,1.00,"ק""ג",true,,76.00,76.0000,true,1,100535
7290000009584,false,עציץ אכיווריה 9,,,עציץ אכיווריה 9,יחידה,0.00,יחידה,false,,19.90,0.0000,true,1,210025
7290000009629,false,צימוקים שחורים,,,צימוקים שחורים,קילוגרמים,1.00,"ק""ג",true,,30.00,30.0000,true,1,100536
7290000009636,false,שאריות פסטרמה,עוף טוב,,שאריות פסטרמה,קילוגרמים,1.00,"ק""ג",true,,20.00,20.0000,false,1,112174
7290000009711,false,מקדמיה,,,מקדמיה,קילוגרמים,1.00,"ק""ג",true,,150.00,150.0000,true,1,117100
7290000009985,false,קלנדיבה ע.6,,,קלנדיבה ע.6,יחידה,0.00,יחידה,false,,9.90,0.0000,true,1,260398
7290000010274,false,חזה עוף בגריל,,,חזה עוף בגריל,קילוגרמים,1.00,"ק""ג",true,,75.00,75.0000,false,1,146287
7290000010380,false,עלי גפן ממולאים,יד המלך,,עלי גפן ממולאים,קילוגרמים,1.00,"ק""ג",true,,52.90,52.9000,true,1,197058
7290000011004,false,שווארמה הודו+עוף טחו,Unknown,,שווארמה הודו+עוף טחו,קילוגרמים,1.00,"ק""ג",true,,59.90,59.9000,false,1,97556
7290000011219,false,עציץ אנטוריום 15,,,עציץ אנטוריום 15,יחידה,0.00,יחידה,false,,59.90,0.0000,true,1,140133
7290000013008,false,שווארמה נקבה +בקר טר,,,שווארמה נקבה +בקר טר,קילוגרמים,1.00,"ק""ג",true,,69.90,69.9000,false,1,97557
7290000014005,false,שווארמה נקבה +בקר קפ,,,שווארמה נקבה +בקר קפ,קילוגרמים,1.00,"ק""ג",true,,59.90,59.9000,false,1,97558
7290000014418,false,גוג'י ברי,,,גוג'י ברי,קילוגרמים,1.00,"ק""ג",true,,80.00,80.0000,true,1,148872
7290000015064,false,שוק מפורק+בקר טרי (ט,,,שוק מפורק+בקר טרי (ט,קילוגרמים,1.00,"ק""ג",true,,65.00,65.0000,false,1,97560
7290000015101,false,עצמות בקר סוכר,,,עצמות בקר סוכר,קילוגרמים,1.00,"ק""ג",true,,14.00,14.0000,true,1,97561
7290000015200,false,טחון הודו +בקר+עוף,,,טחון הודו +בקר+עוף,קילוגרמים,1.00,"ק""ג",true,,55.00,55.0000,false,1,97562
7290000015408,false,שוק מפורק+עוף (טחון),,,שוק מפורק+עוף (טחון),קילוגרמים,1.00,"ק""ג",true,,49.90,49.9000,false,1,97564
7290000015446,false,עוגת יום הולדת בן עמ,,,עוגת יום הולדת בן עמ,יחידה,0.00,יחידה,false,,159.00,0.0000,true,1,197367
7290000016009,false,בקר טרי +עוף טחון,,,בקר טרי +עוף טחון,קילוגרמים,1.00,"ק""ג",true,,60.00,60.0000,false,1,97565
7290000017006,false,שליש בגט כפרי מארז 6,,,שאריות בשר טרי,קילוגרמים,1.00,"ק""ג",true,,9.90,9.9000,false,1,97566
7290000019000,false,גרון עוף טרי,,,גרון עוף טרי,קילוגרמים,1.00,"ק""ג",true,,3.90,3.9000,false,1,197988
7290000019407,false,יקינטון ע.12,,,יקינטון ע.12,יחידה,0.00,יחידה,false,,27.90,0.0000,true,1,215992
7290000020426,false,עוף טוב מעדניה קורנב,,,מרק קוסקוס מוכן,קילוגרמים,1.00,"ק""ג",true,,29.00,29.0000,false,1,142402
7290000023007,false,"ברנדי שטוק 84 37 % 750 מ""ל","יקבי ברקן בע""ם",IL,שטוק 84,מיליליטרים,750.00,"100 מ""ל",false,,69.90,0.0932,false,1,109966
7290000023083,false,ערק אשקלון בקבוק 700,"יקבי ברקן בע""מ",IL,ערק אשקלון 40% - 700,מיליליטרים,700.00,"100 מ""ל",false,,52.90,0.0756,true,1,148756
7290000023809,false,"יין קלאסיק קברנה סובניון 750 מ""ל ברקן",יקבי ברקן שיווק והפצ,IL,קלאסיק קברנה סוביניו,מיליליטרים,750.00,"100 מ""ל",false,,24.90,0.0332,false,1,109995
7290000023816,false,"יין ברקן קלאסיק אמרלד ריזלינג 750מ""ל",יקבי ברקן שיווק והפצ,IL,יין קלאסיק ריזלי,יחידה,750.00,יחידה,false,,24.90,0.0332,false,1,109996
7290000023977,false,"יין ברקן קלאסיק מרלו 750 מ""ל",יקבי ברקן שיווק והפצ,IL,קלאסיק מרלו,מיליליטרים,750.00,"100 מ""ל",false,,24.90,0.0332,false,1,110000
7290000024202,false,"יין ברקן רזרב קברנה סובניון 750 מ""ל",ברקן שיווק והפצה בעמ,IL,יין קברנה סוביני,יחידה,750.00,יחידה,false,,34.90,0.0465,false,1,110004
7290000024264,false,"יין ברקן רזרב מרלו 750 מ""ל",כרמי צבי - אחים סגל,IL,ברקן רזרב מרלו,מיליליטרים,750.00,"100 מ""ל",false,,34.90,0.0465,false,1,110006
7290000025018,false,גרעיני דלעת מקול,,,גרעיני דלעת מקול,קילוגרמים,1.00,"ק""ג",true,,40.00,40.0000,true,1,122435
7290000028137,false,כבל הטענה 3 מטר Micr,,,כבל הטענה 3 מטר Micr,יחידה,0.00,יחידה,false,,24.90,0.0000,true,1,216976
7290000030411,false,רקפת ע.15.,,,רקפת ע.15.,יחידה,0.00,יחידה,false,,29.90,0.0000,true,1,209050
7290000032078,false,נודלס עם ירקות,,,נודלס עם ירקות,קילוגרמים,1.00,"ק""ג",true,,39.00,39.0000,false,1,260628
7290000032214,false,כרוב בייגין,,,כרוב בייגין,קילוגרמים,1.00,"ק""ג",true,,39.90,39.9000,true,1,196694
7290000035116,false,סלט גזר מרוקאי,יד המלך,,סלט גזר מרוקאי,קילוגרמים,1.00,"ק""ג",true,,39.90,39.9000,true,1,196693
7290000035802,false,סלט חציל טבעי,יד המלך,,סלט חציל טבעי,קילוגרמים,1.00,"ק""ג",true,,56.90,56.9000,true,1,197051
7290000036144,false,קונדיטור קורנפלור שק,קריות זול,IL,קורנפלור 200,גרמים,200.00,100 גרם,false,,3.50,0.0175,true,1,94781
7290000036151,false,קונדיטור קורנפלור 50,גלעם,IL,קורנפלור 500,גרמים,500.00,100 גרם,false,,6.90,0.0138,true,1,94782
7290000036588,false,פלפל מקולף ביתי,יד המלך,,פלפל מקולף ביתי,קילוגרמים,1.00,"ק""ג",true,,73.90,73.9000,true,1,196885
7290000039930,false,שיפודי פרגיות,,,שיפודי פרגיות,קילוגרמים,1.00,"ק""ג",true,,99.00,99.0000,false,1,207862
7290000040042,false,יופלה יוגורט תות %3 גביע 150 גרם,תנובה חלב,IL,יופלה תות שובב 3%,מיליליטרים,150.00,"100 מ""ל",false,,5.10,0.0340,false,1,96874
7290000040066,false,יופלה יוגורט דובדבן %3 גביע 150 גרם,תנובה מרכז שיתופי לש,IL,יופלה דובדבן פראי 3%,מיליליטרים,150.00,"100 מ""ל",false,,5.10,0.0340,true,1,96876
7290000040080,false,יופלה יוגורט אפרסק %3 גביע 150 גרם,תנובה חלב,IL,יופלה אפרסק מאוהב 3%,מיליליטרים,150.00,"100 מ""ל",false,,5.10,0.0340,true,1,96877
7290000040097,false,קוראסון פרנציז אקסטר,לה פרינה,IL,פרמזן מגורדת,קילוגרמים,1.00,"ק""ג",true,,109.90,109.9000,true,1,115265
7290000040301,false,תנובה עין גדי קממבר מחלב בקר 24% שומן,תנובה מרכז שיתופי לש,IL,עין גדי גבינת קממבר,גרמים,125.00,100 גרם,false,,19.90,0.1592,false,1,96879
7290000040400,false,מקלות קינמון,נווה תבלין,,מקלות קינמון,קילוגרמים,1.00,"ק""ג",true,,69.90,69.9000,true,1,135124
7290000040462,false,טוסטי גבינה בסגנון אמריקאי אדם 23% תנובה 200 גרם,תנובה מרכז שיתופי לש,IL,טוסטי עמק אמריקאי אד,גרמים,200.00,100 גרם,false,,19.30,0.0965,false,1,96882
7290000040974,false,חלב תנובה דל לקטוז 2% שומן 1 ליטר,תנובה מרכז שיתופי לש,IL,חלב דל לקטוז 2% - 1,ליטרים,1.00,ליטר,false,,6.70,6.7000,false,1,128337
7290000041445,false,קוטג תנובה גביע 250 גרם 5% בדצ,מיוצר עי קונדיטוריית,IL,קוט'ג מהדרין 5%,גרמים,250.00,100 גרם,false,,5.50,0.0220,false,1,96884
7290000041452,false,קוטג תנובה גביע 250 גרם 9% בדצ,תנובה מרכז שיתופי לש,IL,קוט'ג 9% מהדרין תנוב,גרמים,250.00,100 גרם,false,,5.50,0.0220,false,1,135685
7290000041858,false,"שמנת חמוצה 15% יטבתה 200 מ""ל מהדרין",שטראוס גרופ,IL,שמנת חמוצה יטבתה 15%,מיליליטרים,200.00,"100 מ""ל",false,,2.50,0.0125,true,1,95501
7290000041865,false,"לבן 4.5% שומן מהדרין ""יטבתה""",שטראוס גרופ,IL,לבן יטבתה 4.5%,מיליליטרים,200.00,"100 מ""ל",false,,2.10,0.0105,true,1,95502
7290000041872,false,"לבן 3% יטבתה 200מ""ל מהדרין",שטראוס גרופ,IL,לבן יטבתה 3%,מיליליטרים,200.00,"100 מ""ל",false,,2.10,0.0105,true,1,95503
7290000042008,false,חלב תנובה טרי 3% שקית 1 ל',"תנובה, מחלבת רחובות",IL,חלב תנובה בשקית 3%,ליטרים,1.00,ליטר,false,,5.43,5.4300,false,1,96886
7290000042015,false,חלב טרי 3% תנובה שקית 1ל' מהדרין,תנובה מרכז שיתופי לש,IL,חלב תנובה מהדרין 3%,ליטרים,1.00,ליטר,false,,5.43,5.4300,false,1,96887
7290000042404,false,חלב יוטבתה מועשר 3% שקית 1ל',שטראוס גרופ,IL,חלב מועשר 3% יטבתה,ליטרים,1.00,ליטר,false,,6.00,6.0000,false,1,122608
7290000042435,false,תנובה חלב טרי 1% שומן - מוצר בפיקוח,תנובה מרכז שיתופי לש,IL,חלב 1% בקרטון תנובה,ליטרים,1.00,ליטר,false,,5.86,5.8600,false,1,96895
7290000042442,false,"חלב תנובה טרי 3% ""תנובה"" - מוצר בפיקוח",תנובה חלב,IL,חלב טרי בקרטון 3% תנ,ליטרים,1.00,ליטר,false,,6.23,6.2300,false,1,96896
7290000042640,false,"חלב תנובה עמיד 3% קרטון 250 מ""ל",תנובה מרכז שיתופי לש,IL,חלב תנובה עמיד 3% 25,מיליליטרים,250.00,"100 מ""ל",false,,2.80,0.0112,true,1,96903
7290000042855,false,"שוקו בשקית 250 מ""ל ""יטבתה""",שטראוס גרופ,IL,שוקו יטבתה בשקית 2%,מיליליטרים,225.00,"100 מ""ל",false,,2.60,0.0116,true,1,95504
7290000043012,false,"שוקו עמיד 2% בקרטון 250 מ""ל תנובה",תנובה מרכז שיתופי לש,IL,שוקו עמיד 2% יחידה,מיליליטרים,250.00,"100 מ""ל",false,,4.90,0.0196,false,1,96906
7290000043111,false,תנובה חמאה 200 גרם - מוצר בפיקוח,"תנובה, מחלבת תל יוסף",IL,חמאה 82% 200 גרם,גרמים,200.00,100 גרם,false,,7.80,0.0390,false,1,96907
7290000043272,false,סלט סלק,יד המלך,,סלט סלק,קילוגרמים,1.00,"ק""ג",true,,39.90,39.9000,true,1,196891
7290000043432,false,לחמניות המבורגר 4יח,דין שיווק,IL,קישואים טעם כבד,קילוגרמים,1.00,"ק""ג",true,,79.90,79.9000,true,1,197074
7290000043814,false,השף הלבן שמנת להקצפה 38% שומן 250 מל - מוצר בפיקוח,תנובה מרכז שיתופי לש,IL,שמנת עמידה 38% השף ה,מיליליטרים,250.00,"100 מ""ל",false,,6.47,0.0259,false,1,96909
7290000043890,false,תנובה רויון לבן מחלב מפסוטר 1.5%,תנובה מרכז שיתופי לש,IL,ריוויון 1.5% - 1 ליט,ליטרים,1.00,ליטר,false,,11.90,11.9000,false,1,96911
7290000043944,false,כד יוגורט תנובה 4% שומן 1.5 ליטר,מיוצר עי קונדיטוריית,IL,יוגורט תנובה 4.5% -,ליטרים,1.50,ליטר,false,,17.50,11.6667,false,1,96912
7290000044644,false,דג אמנון גדול טרי,,,דג אמנון גדול טרי,קילוגרמים,1.00,"ק""ג",true,,29.90,29.9000,false,1,93010
7290000044651,false,סטייק סלמון טרי,,,סטייק סלמון טרי,קילוגרמים,1.00,"ק""ג",true,,92.00,92.0000,false,1,93011
7290000044712,false,יוגורט עם תות 1.5% שומן 500 ג' פרילי,מיוצר עי קונדיטוריית,IL,פרילי תות 1.5% 500 מ,מיליליטרים,500.00,"100 מ""ל",false,,11.20,0.0224,true,1,96918
7290000044880,false,באדי יוגורט תות 3% שומן 500 ג' תנובה,מיוצר עי קונדיטוריית,IL,"באדי תות 3% 500 מ""ל",מיליליטרים,500.00,"100 מ""ל",false,,9.60,0.0192,true,1,96919
7290000045573,false,גבינת מותכת משולשים 25% שומן 200 ג' נעמה,תנובה חלב,IL,גבינת נעמה 25%,גרמים,200.00,100 גרם,false,,15.50,0.0775,true,1,96920
7290000045580,false,"גבינת מותכת נעמה חורש 25%, 240 ג'",תנובה מרכז שיתופי לש,IL,גבינת חורש 25%,גרמים,240.00,100 גרם,false,,18.50,0.0771,true,1,96921
7290000045917,false,תנובה פרומעז גבינה מותכת מחלב עיזים 23% שומן,תנובה חלב,IL,גבינת עזים פרומעז 23,גרמים,200.00,100 גרם,false,,26.90,0.1345,true,1,96923
7290000046020,false,גלבוע גבינה שמנה במש,תנובה מרכז שיתופי לש,IL,גלבוע,קילוגרמים,1.00,"ק""ג",true,,42.58,42.5800,false,1,96834
7290000046327,false,גלבוע גבינה צהובה פרוסה 22% תנובה 200 גרם,תנובה מרכז שיתופי לש,IL,גבינת גלבוע 22% - 20,גרמים,200.00,100 גרם,false,,13.50,0.0675,false,1,96926
7290000046563,false,קולאז פרמזן חריץ במש,תנובה מרכז שיתופי לש,IL,פרמזן,קילוגרמים,1.00,"ק""ג",true,,114.90,114.9000,false,1,96837
7290000047027,false,קולאז קצקבל גלעד במש,תנובה מרכז שיתופי לש,IL,גלעד,קילוגרמים,1.00,"ק""ג",true,,125.90,125.9000,false,1,96840
7290000047485,false,גבינה בולגרית במשקל,תנובה מרכז שיתופי לש,IL,בולגרית 24% תנובה,קילוגרמים,1.00,"ק""ג",true,,59.90,59.9000,false,1,96843
7290000047546,false,השף הלבן כנען גבינה לבנה דלת נתרן 5% תנובה 500 גרם,תנובה מרכז שיתופי לש,IL,גבינת כנען 5% תנובה,גרמים,500.00,100 גרם,false,,24.90,0.0498,false,1,96928
7290000047942,false,**תנובה גבינה לבנה מהדרין 9% 250ג,תנובה מרכז שיתופי לש,IL,גבינה לבנה 9% מהדרין,גרמים,250.00,100 גרם,false,,5.00,0.0200,false,1,137057
7290000048185,false,גבינה לבנה 5% 250 גרם - מוצר בפיקוח,מיוצר עי קונדיטוריית,IL,גבינה לבנה 5% תנובה,גרמים,250.00,100 גרם,false,,4.98,0.0199,false,1,96934
7290000048192,false,גבינה לבנה 9% שומן 250 ג' תנובה,מחלבת אלון תבור,IL,גבינה לבנה תנובה 9%,גרמים,250.00,100 גרם,false,,5.00,0.0200,false,1,96935
7290000048413,false,פיראוס חמד גבינה מלוחה 16% שומן,תנובה מרכז שיתופי לש,IL,גבינת חמד 16% - 250,גרמים,250.00,100 גרם,false,,18.90,0.0756,false,1,96940
7290000048437,false,גבינה צפתית 5% 200 ג' פיראוס,פארייפאבה אגרואינדוס,IL,צפתית פיראוס 5%,גרמים,200.00,100 גרם,false,,15.90,0.0795,false,1,96941
7290000049458,false,גבינת פטה עיזים 16% גביע פיראוס 250 ג',תנובה מרכז שיתופי לש,IL,פטה עיזים,גרמים,250.00,100 גרם,false,,29.50,0.1180,false,1,96944
7290000050447,false,"יוגורט ביו בטעם תות YYY יופלה 500 מ""ל",מיוצר עי קונדיטוריית,IL,יופלה תות 3% - 500 מ,מיליליטרים,500.00,"100 מ""ל",false,,13.70,0.0274,true,1,119552
7290000050454,false,"יוגורט אפרסק 3% YYY יופלה 500 מ""ל",מיוצר עי קונדיטוריית,IL,יופלה אפרסק 3% - 500,מיליליטרים,500.00,"100 מ""ל",false,,13.70,0.0274,true,1,119553
7290000051307,false,"מארז הפסקת אוכל עם דגני עוגי ומשקה חלב עמיד בטעם וניל 150 מ""ל",תנובה מרכז שיתופי לש,IL,מארז הפסקת אוכל עוגי,מיליליטרים,150.00,"100 מ""ל",false,,9.30,0.0620,false,1,121190
7290000051352,false,חלב מלא בטעם של פעם 3.4% תנובה קרטון 1 ל',תנובה מרכז שיתופי לש,IL,חלב מלא של פעם חלב ת,ליטרים,1.00,ליטר,false,,7.90,7.9000,true,1,121035
7290000051376,false,יופלה דיאט אננס ספורטיבי 0% 150גר,תנובה מרכז שיתופי לש,IL,יופלה דיאט אננס ספור,מיליליטרים,150.00,"100 מ""ל",false,,5.10,0.0340,true,1,122123
7290000051710,false,פיראוס גבינת לאבנה אסלית על בסיס יוגורט תנובה 263 גרם,"תנובה, מחלבת אלון תב",IL,פיראוס לאבנה עם שמן,גרמים,263.00,100 גרם,false,,14.30,0.0544,false,1,122125
7290000052311,false,עמק פרוס בקופסא 200 גר 15% שומן,תנובה מרכז שיתופי לש,IL,עמק פרוס בקופסא 200,גרמים,200.00,100 גרם,false,,16.90,0.0845,false,1,124813
7290000052649,false,גבינת לאבנה 5% שומן 500 ג' פיראוס,תנובה מרכז שיתופי לש,IL,פיראוס לאבנה 5% 500,גרמים,500.00,100 גרם,false,,20.90,0.0418,false,1,123147
7290000052717,false,גבינת קוטג' שום שמיר 5% תנובה 250 גרם,מיוצר עי קונדיטוריית,IL,קוט'ג עם שום שמיר,גרמים,250.00,100 גרם,false,,6.30,0.0252,false,1,140907
7290000053219,false,גבינה טל העמק שמנה ק,תנובה מרכז שיתופי לש,IL,טל העמק,קילוגרמים,1.00,"ק""ג",true,,59.90,59.9000,false,1,194740
7290000055015,false,פיראוס גבינת פטה כבשים 5% תנובה 250 גרם,תנובה מרכז שיתופי לש,IL,פיראוס פטה כבשים 5%,גרמים,250.00,100 גרם,false,,28.50,0.1140,false,1,128711
7290000055329,false,"משקה בוקר יוגורט 1.5% בטעם תות מלון יופלה 250 מ""ל",תנובה מרכז שיתופי לש,IL,משקה יוגורט יופלה 1.,מיליליטרים,250.00,"100 מ""ל",false,,5.60,0.0224,true,1,133217
7290000055336,false,משקה יוגורט יופלה בטעם בננה אפרסק 250 גר,תנובה מרכז שיתופי לש,IL,משקה יוגורט יופלה 1.,מיליליטרים,250.00,"100 מ""ל",false,,5.60,0.0224,true,1,133218
7290000055343,false,משקה יוגורט יופלה פירות טרופיים 250 גרם,תנובה מרכז שיתופי לש,IL,משקה יוגורט יופלה בט,מיליליטרים,250.00,"100 מ""ל",false,,5.60,0.0224,true,1,133216
7290000055350,false,גבינה צהובה חריץ עמק 28% במשקל,תנובה מרכז שיתופי לש,IL,עמק מעדניה 28%,קילוגרמים,1.00,"ק""ג",true,,44.79,44.7900,false,1,190093
7290000055893,false,חמאה משמנת מפוסטרת 200גרם 82% כ.מהדרין - מוצר בפיקוח,תנובה מרכז שיתופי לש,IL,"חמאה 200 ג""ר מהדרין",גרמים,200.00,100 גרם,false,,7.80,0.0390,false,1,190359
7290000056081,false,מאגדת פרילי טבע 6 יח' * 200 ג',מיוצר עי קונדיטוריית,IL,מאגדת פרילי טבע 1.9%,מיליליטרים,1200.00,"100 מ""ל",false,,23.50,0.0196,true,1,133592
7290000056845,false,תנובה חלב טרי 3% שומן 1.5 ליטר - מוצר בפיקוח,פארייפאבה אגרואינדוס,IL,חלב תנובה 3% 1.5 ליט,ליטרים,1.50,ליטר,false,,9.34,6.2267,false,1,136472
7290000056883,false,יופלה מאגדת פרי 3% 8 יח' * 150 ג',תנובה מרכז שיתופי לש,IL,שמיניית יופלה פרי 3%,מיליליטרים,1200.00,"100 מ""ל",false,,31.90,0.0266,true,1,135009
7290000056890,false,דיאט יופלה שמינייה טעמים שונים,מיוצר עי קונדיטוריית,IL,שמיניית יופלה דיאט,מיליליטרים,1200.00,"100 מ""ל",false,,31.90,0.0266,true,1,135095
7290000056906,false,מאגדת לבן טבעי 1.5% שומן 8 יח' * 150 ג' יופלה,מחלבת אלון תבור,IL,מאגדת שמיניה יופלה 1,מיליליטרים,1200.00,"100 מ""ל",false,,18.40,0.0153,true,1,135065
7290000056951,false,"תנובה, השף הלבן, שמנת לבישול 15% שומן 500 מל",תנובה מרכז שיתופי לש,IL,שמנת לבישול 15% 500,מיליליטרים,500.00,"100 מ""ל",false,,17.40,0.0348,true,1,137013
7290000057088,false,עמק גבינה צהובה פרוסה דק דק 28% תנובה 200 גרם,תנובה מרכז שיתופי לש,IL,עמק דק 28% - 200 גרם,גרמים,200.00,100 גרם,false,,16.90,0.0845,false,1,136387
7290000057118,false,עמק סמי מעדנייה כשרות מהדרין,תנובה מרכז שיתופי לש,IL,גבינת עמק 28% - 400,גרמים,400.00,100 גרם,false,,23.90,0.0597,false,1,136006
7290000057132,false,יוגורט תנובה טבעי 1.5% גביע 200 גרם,מחלבת אלון תבור,IL,יוגורט תנובה 1.5%,מיליליטרים,200.00,"100 מ""ל",false,,3.10,0.0155,true,1,136360
7290000057149,false,יוגורט תנובה טבעי 3% גביע 200 גרם,מיוצר עי קונדיטוריית,IL,יוגורט תנובה 3% 200,מיליליטרים,200.00,"100 מ""ל",false,,3.10,0.0155,true,1,136361
7290000057552,false,יופלה דיאט עוגת גבינה ותות 0% גביע 150ג',תנובה חלב,IL,יופלה דיאט עוגת גבינ,מיליליטרים,150.00,"100 מ""ל",false,,5.10,0.0340,true,1,139905
7290000058030,false,"יופלה שטוזים משקה יוגורט תות 8 יח' * 100 מ""ל",מיוצר עי קונדיטוריית,IL,יופלה שטוזים משקה תו,מיליליטרים,800.00,"100 מ""ל",false,,21.50,0.0269,true,1,138112
7290000058047,false,**שף לבן שמנת מתוקה מהדרין 38% פקק 500מ,תנובה מרכז שיתופי לש,IL,שמנת מתוקה עמידה 500,מיליליטרים,500.00,"100 מ""ל",false,,12.94,0.0259,false,1,145060
7290000058580,false,קוקילידה וניל ועוגיות שוקולד נסטלה 83ג',נגה גלידות (גלידות נ,IL,קוקילידה נסטלה,יחידה,0.00,יחידה,false,,9.90,0.0000,true,1,100563
7290000060071,false,אוסם - חטיפי פריכונים מאורז מלא קלוי 80גר,"מיוצר ע""י PT, משווק",IL,חטיפי פריכונים בטעם,גרמים,80.00,100 גרם,false,,7.50,0.0938,false,1,93573
7290000060088,false,בייגלה מקלות מלוחים אסם 400 גרם,מיוצר עי קונדיטוריית,IL,בייגלה מקלות מלוחים,גרמים,400.00,100 גרם,false,,11.00,0.0275,true,1,93574
7290000060156,false,פסטה אסם אטריות ביצים דקות 200גר,"אסם תעשיות בע""מ",IL,אטריות ביצים 200 גר,גרמים,200.00,100 גרם,false,,7.60,0.0380,true,1,93576
7290000060163,false,פסטה אסם אטריות דקות 400גר,"אסם תעשיות בע""מ",IL,איטריות דקות 400 גר,גרמים,400.00,100 גרם,false,,7.60,0.0190,false,1,93577
7290000060200,false,פסטה אסם פתיתים אפויים קוסקוס 500גר,"אסם תעשיות בע""מ",IL,פתיתים אפויים קוסקוס,גרמים,500.00,100 גרם,false,,6.90,0.0138,false,1,93579
7290000060217,false,פסטה מקרוני מספר 7 אסם 500 גרם,קריות זול,IT,פסטה מקרוני 7 500 גר,גרמים,500.00,100 גרם,false,,5.90,0.0118,false,1,93580
7290000060248,false,פסטה אסם פתיתים תלתלים 500 גר',קריות זול,IT,פסטה תלתלים 500,גרמים,500.00,100 גרם,false,,5.90,0.0118,false,1,93581
7290000060316,false,פסטה פרפקטו ספגטי 500ג' אסם,אסם פרפקטו,IT,פרפקטו ספגטי 500 גר,גרמים,500.00,100 גרם,false,,7.70,0.0154,false,1,93585
7290000060330,false,פרפקטו פרפקטו ספיראלי גירף 500 גר,אסם פרפקטו,IT,פרפקטו ספירלי 500גר,גרמים,500.00,100 גרם,false,,7.70,0.0154,false,1,93587
7290000060385,false,פודינג וניל אינסטנט מארז רביעיה * 80 ג',"אסם תעשיות בע""מ",IL,פודינג אינסטנט טעם ו,גרמים,320.00,100 גרם,false,,19.50,0.0609,true,1,115945
7290000060408,false,פסטה אסם פתיתים אפויים טבעות 500 גר,"אסם תעשיות בע""מ",IL,פתיתים אפויים טבעות,גרמים,500.00,100 גרם,false,,6.90,0.0138,false,1,93589
7290000060415,false,"פסטה פרפקטו לאזניה 500 ג' ""אסם""",אסם פרפקטו,IT,פרפקטו לזאניה 500 גר,גרמים,500.00,100 גרם,false,,14.90,0.0298,false,1,93590
7290000060576,false,פתיתים אפויים כוכבים אסם 500 גרם,"אסם תעשיות בע""מ",IL,פתיתים אפויים כוכבים,גרמים,500.00,100 גרם,false,,6.90,0.0138,false,1,93596
7290000060781,false,פסטה אסם פתיתים מסולסלים 500גר,קריות זול,IT,פסטה מסולסלים 500,גרמים,500.00,100 גרם,false,,5.90,0.0118,false,1,93598
7290000060828,false,פסטה קרניים בינוניות אסם 500 גרם,קריות זול,IT,פסטה קרניים בינוניות,גרמים,500.00,100 גרם,false,,5.90,0.0118,false,1,93600
7290000060842,false,פסטה אסם פתיתים צדפים גדולים 500גר,קריות זול,IT,פסטה צדפים גדולים 50,גרמים,500.00,100 גרם,false,,5.90,0.0118,false,1,93602
7290000060880,false,פסטה מס' 8 ספגטי אסם 500ג',קריות זול,IT,פסטה ספגטי 500גר,גרמים,500.00,100 גרם,false,,5.90,0.0118,false,1,93604
7290000060903,false,פסטה אסם פתיתים אפויים אורז 500גר,"אסם תעשיות בע""מ",IL,פתיתים אפויים אורז 5,גרמים,500.00,100 גרם,false,,6.90,0.0138,false,1,93606
7290000060958,false,פסטה אסם אטריות בינוניות 400 גרם,"אסם תעשיות בע""מ",IL,איטריות בינוני 400גר,גרמים,400.00,100 גרם,false,,7.60,0.0190,false,1,93609
7290000060965,false,פסטה אסם אטריות רחבות 400גר,"אסם תעשיות בע""מ",IL,איטריות רחבות 400,גרמים,400.00,100 גרם,false,,7.60,0.0190,false,1,93610
7290000061061,false,קרקר חיטה עם בצל אסם,"אסם תעשיות בע""מ",IL,קרקר בצל אסם,גרמים,250.00,100 גרם,false,,10.40,0.0416,true,1,93615
7290000061085,false,"רוטב צילי מתוק 290 מ""ל-בקבוק","אסם תעשיות בע""מ",IL,רוטב צילי מתוק,יחידה,290.00,יחידה,false,,12.00,0.0414,false,1,93617
7290000061108,false,"רוטב טריאקי 290 מ""ל-בקבוק","אסם תעשיות בע""מ",IL,רוטב טריאקי אסם,יחידה,290.00,יחידה,false,,12.00,0.0414,false,1,93618
7290000061214,false,פתיתים אפויים קוסקוס עם בצל אסם 500 גרם,"אסם תעשיות בע""מ",IL,פתיתים קוסקוס עם בצל,גרמים,500.00,100 גרם,false,,7.50,0.0150,false,1,120388
7290000061245,false,עוגיות שוקוצ'יפס עם קרם שוקולד אסם 220 גרם,מיוצר עי קונדיטוריית,IL,עוגיות שוקוצ'יפס ממו,גרמים,220.00,100 גרם,false,,11.50,0.0523,true,1,93621
7290000061450,false,פתיתים אפויים קוסקוס 3 צבעים אסם 500 גרם,"אסם תעשיות בע""מ",IL,פתיתים קוסקוס 3 צבעי,גרמים,500.00,100 גרם,false,,6.90,0.0138,false,1,120390
7290000061764,false,קפה נמס מגורען רד מאג 200 גרם,נסטלה ספרד קפה,ES,קפה נמס רד מאג 200 ג,גרמים,200.00,100 גרם,false,,20.00,0.1000,false,1,93631
7290000062129,false,"אינסטנט פודינג בטעם וניל אסם 1 ק""ג","אסם תעשיות בע""מ",IL,פודינג אינסטנט וניל,יחידה,1.00,יחידה,false,,29.90,29.9000,true,1,117278
7290000062952,false,אוסם - מיני קרוטונים למרק ולסלט 250 גרם,עינת תעשיות מזון אגו,IL,מיני קרוטונים לסלט ו,גרמים,250.00,100 גרם,false,,15.00,0.0600,true,1,115862
7290000063102,false,אסם קמח עוגה תופח מאליו 350 גרם,"אסם תעשיות בע""מ",IL,קמח תופח 350,גרמים,350.00,100 גרם,false,,4.70,0.0134,true,1,93644
7290000063133,false,אסם שקדי מרק רכיבים טבעיים 24*100גרם,"אסם השקעות בע""מ",IL,שקדי מרק 100,גרמים,100.00,100 גרם,false,,5.00,0.0500,true,1,93645
7290000063140,false,שקדי מרק רכיבים טבעיים בשקית 400 ג' אסם,"אסם תעשיות בע""מ",IL,שקדי מרק 400,גרמים,400.00,100 גרם,false,,10.00,0.0250,false,1,93646
7290000063157,false,אסם קמח עוגה תופח מאליו 1 קג,"אסם תעשיות בע""מ",IL,קמח תופח 1קג,יחידה,1.00,יחידה,false,,9.70,9.7000,false,1,93647
7290000064758,false,קוסקוס בינוני אמיתי אסם 350 ג',"מיוצר ע""י קוד יצרן K",IL,קוסקוס אמיתי שקית 35,גרמים,350.00,100 גרם,false,,8.00,0.0229,false,1,93662
7290000064871,false,"אוסם - מנה חמה פירה תפו""א עם בצל 56 גרם","אסם תעשיות בע""מ",IL,"מנה חמה פירה תפו""א ו",גרמים,56.00,100 גרם,false,,6.70,0.1196,false,1,93663
7290000065090,false,מיני קרוטונים מתובלים למרק ולסלט אסם 400 גרם,עינת תעשיות מזון אגו,IL,מיני קרוטונים למרק 4,גרמים,400.00,100 גרם,false,,23.90,0.0597,true,1,93665
7290000065335,false,אוסם - מנה חמה פירה עם ירקות 55 גרם,"אסם תעשיות בע""מ",IL,"מנה חמה פירה תפו""א ע",גרמים,55.00,100 גרם,false,,6.70,0.1218,false,1,93666
7290000065557,false,אוסם - מנה חמה קוסקוס עם ירקות 84 גרם,"אסם תעשיות מזון בע""מ",IL,מנה חמה קוסקוס עם יר,גרמים,84.00,100 גרם,false,,6.70,0.0798,false,1,93668
7290000065977,false,אסם חטיפי פריכונים תירס שומשום 80 גרם,"מיוצר ע""י פרח, משווק",IL,חטיפי פריכונים תירס,גרמים,80.00,100 גרם,false,,7.50,0.0938,false,1,124081
7290000066141,false,ביסלי חטיף בטעם גריל אסם 70 גרם,"אסם תעשיות בע""מ",IL,ביסלי גריל 70גר,גרמים,70.00,100 גרם,false,,4.70,0.0671,false,1,93675
7290000066172,false,ביסלי חטיף בטעם פיצה אסם 70 גרם,"אסם תעשיות בע""מ",IL,ביסלי פיצה 70,גרמים,70.00,100 גרם,false,,4.70,0.0671,false,1,93678
7290000066189,false,ביסלי חטיף בטעם פלאפל אסם 200 גרם,"אסם תעשיות בע""מ",IL,ביסלי פלאפל 200,גרמים,200.00,100 גרם,false,,9.00,0.0450,false,1,93679
7290000066196,false,ביסלי חטיף בטעם גריל אסם 200 גרם,מיוצר עי קונדיטוריית,IL,ביסלי גריל 200גר,גרמים,200.00,100 גרם,false,,9.00,0.0450,false,1,93680
7290000066226,false,ביסלי חטיף בטעם פיצה אסם 200 גרם,מיוצר עי קונדיטוריית,IL,ביסלי פיצה 200,גרמים,200.00,100 גרם,false,,9.00,0.0450,false,1,93683
7290000066264,false,דובונים חטיף תפוחי אדמה אסם 40 גרם,"אסם תעשיות בע""מ",IL,דובונים חטיף,גרמים,40.00,100 גרם,false,,5.00,0.1250,false,1,93684
7290000066295,false,במבה מתוקה מחומרים טבעיים 30 גרם,מיוצר עי קונדיטוריית,IL,במבה תות 30גר,גרמים,30.00,100 גרם,false,,2.60,0.0867,false,1,93685
7290000066301,false,במבה קטן רגיל אסם,קריות זול,,במבה 25גר,גרמים,25.00,100 גרם,false,,2.40,0.0960,false,1,93686
7290000066318,false,במבה חטיף בוטנים אסם 80 גרם,"אסם תעשיות בע""מ",IL,במבה 80גר,גרמים,80.00,100 גרם,false,,5.00,0.0625,false,1,93687
7290000066332,false,אפרופו חטיף תירס אסם 50 גרם,מיוצר עי קונדיטוריית,IL,אפרופו 50 גר,גרמים,50.00,100 גרם,false,,5.20,0.1040,false,1,93688
7290000066349,false,אפרופו חטיף תירס אסם 100 גרם,מיוצר עי קונדיטוריית,IL,אפרופו 100גר,גרמים,100.00,100 גרם,false,,8.50,0.0850,false,1,93689
7290000066431,false,פופקו חטיף פופקורן בטעם חמאה ודבש אסם 80 גרם,מיוצר עי קונדיטוריית,IL,פופקו חמאה ודבש 80 ג,גרמים,80.00,100 גרם,false,,5.30,0.0662,false,1,93691
7290000066882,false,סלט צ'ימיצ'ורי,,,סלט צ'ימיצ'ורי,קילוגרמים,1.00,"ק""ג",true,,56.60,56.6000,true,1,207473
7290000067407,false,פרורית מתובלת בשקית 200 גרם,עינת תעשיות מזון אגו,IL,פירורית מתובלת 200גר,גרמים,200.00,100 גרם,false,,6.00,0.0300,true,1,93700
7290000067544,false,פירורית זהב פירורי לחם אסם 200 גרם,עינת תעשיות מזון אגו,IL,פירורית זהב 200גר,גרמים,200.00,100 גרם,false,,6.00,0.0300,true,1,93705
7290000067599,false,מנה חמה ספגטי ברוטב בולונז אסם 65 גרם,"אסם תעשיות בע""מ",IL,מנה חמה ספגטי בולונז,גרמים,65.00,100 גרם,false,,6.70,0.1031,false,1,93706
7290000067735,false,פרפקטו ניוקי בצקיות תפוחי אדמה 500 ג' אסם,גרנדי פסטי,IT,"ניוקי מתפו""א גנוצ'י",גרמים,500.00,100 גרם,false,,13.90,0.0278,true,1,93708
7290000068138,false,אינסטנט פודינג בטעם וניל אסם 80 גרם,מיוצר עי קונדיטוריית,IL,פודינג וניל,גרמים,80.00,100 גרם,false,,5.80,0.0725,false,1,93711
7290000068190,false,אסם ג'לי תות שדה צבעים טבעיים 90 גרם,מיוצר עי קונדיטוריית,IL,ג'ל תות,גרמים,85.00,100 גרם,false,,6.50,0.0765,true,1,93714
7290000068237,false,אבקה להכנת ג'לי בטעם פטל אסם 85 גרם,מיוצר עי קונדיטוריית,IL,ג'לי פטל,גרמים,85.00,100 גרם,false,,6.50,0.0765,true,1,93716
7290000068251,false,אבקה להכנת ג'לי בטעם אננס אסם 85 גרם,מיוצר עי קונדיטוריית,IL,ג'לי אננס,גרמים,85.00,100 גרם,false,,6.50,0.0765,true,1,93717
7290000068343,false,אוסם - פירכונים מאורז מלא 140 גרם,"מיוצר ע""י PT, משווק",IL,פריכונים מאורז מלא,גרמים,140.00,100 גרם,false,,7.20,0.0514,false,1,93721
7290000068701,false,אסם שקדי מרק רכיבים טבע.מיכל 400 גרם,"אסם תעשיות בע""מ",IL,שקדי מרק במיכל,גרמים,400.00,100 גרם,false,,15.90,0.0398,true,1,93727
7290000068787,false,במבה יום הולדת חטיף בוטנים אסם 25 גרם,מיוצר עי קונדיטוריית,IL,במבה יום הולדת,גרמים,25.00,100 גרם,false,,2.40,0.0960,true,1,93731
7290000069364,false,פריכונים מאורז מלא ללא תוספת סוכר אסם 140 גרם,"מיוצר ע""י PT, משווק",IL,פריכונים מאורז מלא ל,גרמים,140.00,100 גרם,false,,7.20,0.0514,true,1,93736
7290000070308,false,אבקת מרק עוף אמיתי בשרי אסם 400 גרם,"אסם תעשיות בע""מ",IL,מרק עוף 400,גרמים,400.00,100 גרם,false,,16.90,0.0422,false,1,93744
7290000070322,false,אבקת מרק פטריות רכיבים טבעיים אסם 400 גרם,"אסם תעשיות בע""מ",IL,מרק פטריות 400,גרמים,400.00,100 גרם,false,,19.90,0.0497,false,1,93746
7290000070353,false,אבקת מרק בצל רכיבים טבעיים אסם 400 גרם,"אסם תעשיות בע""מ",IL,מרק בצל 400,גרמים,400.00,100 גרם,false,,19.90,0.0497,false,1,93747
7290000070919,false,בייגלה אסם רשתות עם מלח 400 ג',מיוצר עי קונדיטוריית,IL,בייגלה רשתות מלח אסם,גרמים,400.00,100 גרם,false,,13.90,0.0348,true,1,127422
7290000071008,false,אוסם - בייגלה שטוחים מלח 60 גרם,"אסם תעשיות בע""מ",IL,בייגלה שטוחים מלח אס,גרמים,60.00,100 גרם,false,,3.10,0.0517,true,1,127293
7290000072067,false,במבה חטיף בוטנים במילוי קרם חלבה 60 גרם,מיוצר עי קונדיטוריית,IL,במבה קרם חלבה,גרמים,60.00,100 גרם,false,,5.30,0.0883,true,1,122667
7290000072241,false,"רוטב פיצה 290 מ""ל-בקבוק","אסם תעשיות בע""מ",IL,רוטב פיצה,גרמים,290.00,100 גרם,false,,12.00,0.0414,true,1,93771
7290000072333,false,בונז'ור לחמנית דגנים 120ג',בונז'ור,,לחמניית דגנים,גרמים,120.00,100 גרם,false,,3.00,0.0250,true,1,124728
7290000072623,false,קטשופ אסם בקבוק לחיץ 750 גרם,"אסם תעשיות בע""מ",IL,קטשופ 750 לחיץ,גרמים,750.00,100 גרם,false,,9.90,0.0132,false,1,93773
7290000072630,false,קטשופ אסם חריף 750 גרם-בקבוק,"אסם תעשיות בע""מ",IL,קטשופ חריף לחיץ 750ג,גרמים,750.00,100 גרם,false,,9.90,0.0132,false,1,93774
7290000072753,false,קפה נמס מגורען טסטרס צ'ויס 200 גרם-,נסטלה קוריאה - קפה,IL,קפה נמס טסטר'ס צ'ויס,גרמים,200.00,100 גרם,false,,29.90,0.1495,false,1,93779
7290000072760,false,נסקפה טייסטרס צויס 100 גר אוריגנל,נסטלה קוריאה - קפה,KR,קפה נמס טסטר'ס צ'ויס,גרמים,100.00,100 גרם,false,,25.90,0.2590,false,1,93780
7290000072777,false,קפה נמס מגורען נטול קפאין טסטרס צ'ויס 200 גרם,נסטלה קוריאה - קפה,IL,קפה נמס טסטר'ס צ'ויס,גרמים,200.00,100 גרם,false,,39.90,0.1995,false,1,93781
7290000072784,false,קפה טייסטר צויס נטול קופאין 100 גר',נסטלה קוריאה - קפה,KR,קפה נמס טייסטרס צויס,גרמים,100.00,100 גרם,false,,28.90,0.2890,false,1,93782
7290000072968,false,דגנים סיני מיניס מלחמת הכוכבים 500 גרם,נסטלה פולין דגני בוק,PL,דגני בוקר סיני מיניס,גרמים,500.00,100 גרם,false,,19.90,0.0398,false,1,93790
7290000073415,false,אוסם - מנה חמה פסטה ברוטב פיצה 61 גרם,"אסם תעשיות בע""מ",IL,מנה חמה פסטה ברוטב פ,גרמים,61.00,100 גרם,false,,6.70,0.1098,false,1,93799
7290000073699,false,סלט חומוס סלטי צבר 1,סלטי צבר,IL,חומוס חלק 150 גר,גרמים,150.00,100 גרם,false,,4.80,0.0320,true,1,141332
7290000073750,false,מנה חמה נודלס אטר+ירקות טעם עוף 70 גרם,טאי רזידנט,TH,מנה חמה נודלס אטריות,גרמים,70.00,100 גרם,false,,7.20,0.1029,false,1,93801
7290000073767,false,מנה חמה נודלס אטר.+ירקות טעם בקר 70 גרם,טאי רזידנט,TH,מנה חמה נודלס אטריות,גרמים,70.00,100 גרם,false,,7.20,0.1029,false,1,93802
7290000073774,false,מנה חמה נודלס אטר+ירקות טעם צילי 70 גרם,טאי רזידנט,TH,מנה חמה נודלס+איטריו,גרמים,70.00,100 גרם,false,,7.20,0.1029,false,1,93803
7290000074153,false,ביסקוויט פתי בר שוקולד אסם 500 גרם,מיוצר עי קונדיטוריית,IL,פתי בר שוקו 500,גרמים,500.00,100 גרם,false,,13.90,0.0278,false,1,93807
7290000074184,false,ביסקוויט פתי בר אסם 500 גרם,"אסם תעשיות בע""מ",IL,פתיבר וניל אסם 500 ג,גרמים,500.00,100 גרם,false,,12.00,0.0240,false,1,93809
7290000074245,false,אוסם - קרם קרקר אסם 250 גרם,"אסם תעשיות בע""מ",IL,קרם קרקר 250,גרמים,250.00,100 גרם,false,,8.50,0.0340,true,1,93810
7290000074252,false,קרקר שומשום אסם 250 גרם,"אסם תעשיות בע""מ",IL,קרקר שומשום 250,גרמים,250.00,100 גרם,false,,9.00,0.0360,true,1,93811
7290000074276,false,קרקר פיקנטי טבעון 250 ג' אסם,"אסם תעשיות בע""מ",IL,אסם קרקר קלאסי 250 ג,גרמים,250.00,100 גרם,false,,10.00,0.0400,true,1,93812
7290000074375,false,אוסם - קרקר זהב 150 גרם,"אסם תעשיות בע""מ",IL,קרקר זהב 150,גרמים,150.00,100 גרם,false,,7.00,0.0467,true,1,93817
7290000074481,false,לחמית אגוזים אסם 160 גרם,"אסם תעשיות בע""מ",IL,לחמית אגוזים,גרמים,160.00,100 גרם,false,,10.50,0.0656,false,1,135678
7290000074696,false,"קרם קרקר 1 ק""ג אוסם","אסם השקעות בע""מ",IL,קרם קרקר 1קג,יחידה,1.00,יחידה,false,,24.90,24.9000,false,1,93819
7290000074764,false,קרקר זהב אסם 900 גרם,אסם תעשיות,IL,"קרקר זהב 900 ג""ר",גרמים,900.00,100 גרם,false,,22.90,0.0254,true,1,93823
7290000075204,false,אוסם - לחמית חיטה מלאה 250 גרם,"אסם תעשיות בע""מ",IL,לחמית 250 גר,גרמים,250.00,100 גרם,false,,8.70,0.0348,true,1,93827
7290000075693,false,עוגת הבית שמרים בריוש שוקולד אסם 360 גרם,מיוצר עי קונדיטוריית,IL,עוגת שמרים בריוש שוק,גרמים,360.00,100 גרם,false,,18.00,0.0500,false,1,122228
7290000075778,false,עוגיות קוקיס שוקולד,בונז'ור,,קוקיס שוקולד צ'יפס,קילוגרמים,1.00,"ק""ג",true,,46.90,46.9000,true,1,187101
7290000076126,false,אוסם - בייגלה שמיניות קטנות 80 גרם,"אסם תעשיות בע""מ",IL,בייגלה שמיניות קטנות,גרמים,80.00,100 גרם,false,,3.10,0.0388,true,1,93830
7290000076133,false,בייגלה שמיניות עם מלח אסם 400 גרם,"אסם תעשיות בע""מ",IL,בייגלה שמיניות קטנות,גרמים,400.00,100 גרם,false,,11.00,0.0275,true,1,93831
7290000076645,false,טוסטעים פת קלויה חיטה מלאה אסם 100 גרם,ון דר מולן האלום,NL,אסם טוסטעים חיטה מלא,גרמים,100.00,100 גרם,false,,9.90,0.0990,true,1,123571
7290000077017,false,עוגיות קרמוגית במילוי קרם שוקולד אסם 200 גרם,מיוצר עי קונדיטוריית,IL,קרמוגית שוקו,גרמים,200.00,100 גרם,false,,11.50,0.0575,true,1,93843
7290000077253,false,אוסם - לחמית כפרית עם דגנים מלאים 190 גרם,"אסם תעשיות בע""מ",IL,לחמית כפרית 190 גר,גרמים,190.00,100 גרם,false,,10.50,0.0553,true,1,124444
7290000077925,false,אסם טוסטים צנימים עגולים חטה.מלא 125 גרם,ון דר מולן האלום,NL,טוסטעים צנימים מחיטה,גרמים,125.00,100 גרם,false,,9.70,0.0776,true,1,123880
7290000078014,false,שזיפים אמריקאים,,,חמוציות חתוכות,קילוגרמים,1.00,"ק""ג",true,,39.90,39.9000,true,1,100538
7290000078212,false,קרוטונים מתובלים למרק אסם 250 גרם,עינת תעשיות מזון אגו,IL,קרוטונים מתובלים 250,גרמים,250.00,100 גרם,false,,14.50,0.0580,true,1,93848
7290000078762,false,אוסם - חטיפי פריכונים מאורז מלא בטעם דבש 80גר,סנורייס בלגיום אן. ו,BE,פריכונים אורז מלא בט,גרמים,80.00,100 גרם,false,,7.50,0.0938,false,1,93850
7290000079233,false,קרם קרקר דיאטטי דל נתרן 250 גרם,"אסם תעשיות בע""מ",IL,קרם קרקר דל נתרן דיי,גרמים,250.00,100 גרם,false,,10.60,0.0424,true,1,93854
7290000080024,false,אסאדו חלק,,,אסאדו חלק,קילוגרמים,1.00,"ק""ג",true,,55.00,55.0000,false,1,207864
7290000080758,false,אוסם - טוסטעים פת קלוי 100 גרם,ון דר מולן האלום,NL,טוסטעים פת קלויה,גרמים,100.00,100 גרם,false,,9.90,0.0990,true,1,93867
7290000080765,false,טוסטעים פת קלויה עם שומשום אסם 100 גרם,ון דר מולן האלום,NL,טוסטעים פת קלויה שומ,גרמים,100.00,100 גרם,false,,9.90,0.0990,true,1,93868
7290000081663,false,בייגלה טבעות שומשום אסם 300 גרם,מיוצר עי קונדיטוריית,IL,בייגלה טבעות שומשום,גרמים,300.00,100 גרם,false,,11.00,0.0367,true,1,93872
7290000085166,false,פתי בר גטניו 400 גרן,"אחים גטניו בע""מ",,פתי בר גטניו 400 גר,גרמים,400.00,100 גרם,false,,7.50,0.0188,true,1,109007
7290000085173,false,פתי-בר שוקו גטניו 400 ג',,,פתיבר שוקו גטניו,גרמים,400.00,100 גרם,false,,7.50,0.0188,true,1,109008
7290000086477,false,בגט מחמצת צרפתי,,,בגט מחמצת צרפתי,יחידה,0.00,יחידה,false,,9.90,0.0000,true,1,197758
7290000089188,false,פומפידיתא יין אדום מ,אליעז בנימינה,IL,פומפדיתא יין מיוחד ל,ליטרים,1.00,ליטר,false,,16.90,16.9000,false,1,123195
7290000094540,false,אננס טבעי מיובש,,,אננס טבעי מיובש,קילוגרמים,1.00,"ק""ג",true,,88.00,88.0000,true,1,211409
7290000094922,false,קוקוס מיובש,,,קוקוס מיובש,קילוגרמים,1.00,"ק""ג",true,,80.00,80.0000,true,1,202566
7290000100029,false,פתיתי כרובית סנפרוסט 800 גר,"סנפרוסט בע""מ",IL,פתיתי כרובית סנפרוסט,גרמים,800.00,100 גרם,false,,18.90,0.0236,true,1,203090
7290000100036,false,פתיתי ברוקולי סנפרוס,"סנפרוסט בע""מ",IL,פתיתי ברוקולי 800 גר,גרמים,800.00,100 גרם,false,,18.90,0.0236,true,1,203091
7290000100142,false,תערובת להכנת שייק סמ,"איי, בי, אינבוו",IL,SMOOTHIE צהוב,גרמים,300.00,100 גרם,false,,14.90,0.0497,true,1,202442
7290000100296,false,תערובת להכנת Smoothie ורוד תות ובננה,"סנפרוסט בע""מ",IL,שייק תות סנפרוסט,גרמים,300.00,100 גרם,false,,14.90,0.0497,true,1,207465
7290000100302,false,פול ירוק קלוף סנפרוסט 600 גרם,"סנפרוסט בע""מ",IL,פול ירוק ללא קליפה ס,גרמים,600.00,100 גרם,false,,22.90,0.0382,true,1,206045
7290000100593,false,סנפרוסט פרוסות אנטיפסטי לתנור 600 גר',"סנפרוסט בע""מ",IL,אנטיפסטי לתנור 600 ג,גרמים,600.00,100 גרם,false,,21.00,0.0350,true,1,211726
7290000100609,false,קוביות אנטי פסטי להקפצה סנפורסט 600 ג',"סנפרוסט בע""מ",IL,אנטיפסטי להקפצה 600,גרמים,600.00,100 גרם,false,,21.00,0.0350,true,1,211727
7290000101132,false,לקט קטניות לחמין סנפרוסט 800 גר,"סנפרוסט בע""מ",IL,לקט קטניות לחמין,יחידה,0.00,יחידה,false,,19.90,0.0000,false,1,193938
7290000101927,false,אוכמניות כחולות מוקפאות סנפרוסט 300 גרם,"איי, בי, אינבוו",IL,אוכמניות כחולות מוקפ,גרמים,300.00,100 גרם,false,,14.90,0.0497,true,1,197509
7290000101934,false,מיקס פירות יער מוקפאות 300 ג' סנפרוסט,"איי, בי, אינבוו",IL,תערובת פירות יער קפו,גרמים,300.00,100 גרם,false,,14.90,0.0497,true,1,197510
7290000101941,false,אננס חתוך מוקפא סנפרוסט 300ג',"איי, בי, אינבוו",IL,אננס חתוך מוקפא 300,גרמים,300.00,100 גרם,false,,14.90,0.0497,true,1,197511
7290000101958,false,מנגו חתוך מוקפא סנפרוסט 300ג',"איי, בי, אינבוו",IL,מנגו חתוך מוקפא 300,גרמים,300.00,100 גרם,false,,14.90,0.0497,true,1,197512
7290000103365,false,מרק ירקות עשיר סנפרוסט 550 גרם,"איי, בי, אינבוו",IL,מרק ירקות סנפרוסט,גרמים,500.00,100 גרם,false,,14.90,0.0298,false,1,139561
7290000103433,false,"לקט ירקות לתנור 800 גרם ""סנפרוסט""","איי, בי, אינבוו",IL,ירקות לתנור סנפרוסט,יחידה,0.00,יחידה,false,,21.00,0.0000,false,1,193228
7290000103457,false,"מיני כרובית 600 גרם ""סנפרוסט""","סנפרוסט בע""מ",IL,מיני כרובית 600 גר',גרמים,600.00,100 גרם,false,,15.90,0.0265,false,1,191642
7290000103471,false,"מיני ברוקלי 600 גר' ""סנפרוסט""","סנפרוסט בע""מ",IL,מיני ברוקולי 600 גר',גרמים,600.00,100 גרם,false,,15.90,0.0265,true,1,191879
7290000103488,false,"ארטישוק ירושלמי 400 גרם ""סנפרוסט""","סנפרוסט בע""מ",IL,ארטישוק ירושלמי,יחידה,0.00,יחידה,false,,19.90,0.0000,false,1,193119
7290000103730,false,לקט להקפצה עם פסטה פוזילי סנפרוסט 800 גרם,"איי, בי, אינבוו",IL,לקט להקפצה עם פסטה ס,גרמים,800.00,100 גרם,false,,21.90,0.0274,false,1,122792
7290000103815,false,לקט להקפצה סגנון תאילנדי סנפרוסט 800 גרם,"סנפרוסט בע""מ",IL,לקט להקפצה בסגנון תא,גרמים,800.00,100 גרם,false,,21.90,0.0274,false,1,135566
7290000103822,false,ירקות שמלווים עוף סנפרוסט 800ג',"סנפרוסט בע""מ",IL,לקט לעוף 800 גר' סנפ,גרמים,800.00,100 גרם,false,,21.00,0.0263,false,1,134711
7290000103839,false,מרק כתום עשיר בירקות סנפרוסט 570 גרם,"סנפרוסט בע""מ",IL,מרק כתום סנפרוסט,גרמים,572.00,100 גרם,false,,14.90,0.0260,false,1,134654
7290000103846,false,מרק אפונה עשיר בירקות סנפרוסט 570 גרם,"סנפרוסט בע""מ",IL,מרק אפונה סנפרוסט,גרמים,572.00,100 גרם,false,,14.90,0.0260,false,1,134651
7290000103860,false,מרק עדשים עשיר בירקות סנפרוסט 570 גרם,"איי, בי, אינבוו",IL,מרק עדשים סנפרוסט,גרמים,572.00,100 גרם,false,,14.90,0.0260,false,1,134655
7290000103877,false,מרק שעועית עשיר בירקות סנפרוסט 640 גרם,"סנפרוסט בע""מ",IL,מרק שעועית סנפרוסט,גרמים,644.00,100 גרם,false,,14.90,0.0231,false,1,134653
7290000104072,false,עדשים ירוקות מבושלות מוקפאות 800 ג' סנפרוסט,"איי, בי, אינבוו",IL,עדשים ירוקות מבושלות,גרמים,800.00,100 גרם,false,,19.90,0.0249,false,1,127189
7290000104201,false,אפונה עדינה סנפרוסט 600 גרם,"איי, בי, אינבוו",IL,אפונה עדינה,גרמים,600.00,100 גרם,false,,17.90,0.0298,false,1,97666
7290000104218,false,סנפרוסט במיה 600 גרם,"איי, בי, אינבוו",IL,במיה סנפרוסט,גרמים,600.00,100 גרם,false,,16.90,0.0282,false,1,97667
7290000104225,false,בצל קצוץ סנפרוסט 600 גרם,"סנפרוסט בע""מ",IL,בצל קצוץ סנפרוסט,גרמים,600.00,100 גרם,false,,16.90,0.0282,false,1,97668
7290000104676,false,אפונה קפואה סנפרוסט 800 גרם,"איי, בי, אינבוו",IL,אפונה סנפרוסט 00,גרמים,800.00,100 גרם,false,,17.90,0.0224,false,1,97672
7290000104683,false,שעועית ירוקה שלמה סנפרוסט 800 גרם,"סנפרוסט בע""מ",IL,שעועית שלמה 800,גרמים,800.00,100 גרם,false,,19.90,0.0249,false,1,97673
7290000104690,false,תירס גרעינים 800 גרם סנפרוסט,"איי, בי, אינבוו",IL,תירס 800 סנפרוסט,גרמים,800.00,100 גרם,false,,16.90,0.0211,false,1,97674
7290000104706,false,גזר גמדי סנפרוסט 800 גרם,"סנפרוסט בע""מ",IL,גזר גמדי 800,גרמים,800.00,100 גרם,false,,17.90,0.0224,false,1,97675
7290000104713,false,פול ירוק סנפרוסט 800 גרם,"איי, בי, אינבוו",IL,פול ירוק 800,גרמים,800.00,100 גרם,false,,22.90,0.0286,false,1,97676
7290000104720,false,שעועית ירוקה חתוכה סנפרוסט 800 גרם,"סנפרוסט בע""מ",IL,שעועית ירוקה חתוכה,גרמים,800.00,100 גרם,false,,16.90,0.0211,false,1,97677
7290000104737,false,שעועית צהובה חתוכה סנפרוסט 800גר,"סנפרוסט בע""מ",IL,שעועית צהובה,גרמים,800.00,100 גרם,false,,16.90,0.0211,false,1,97678
7290000104744,false,כרובית סנפרוסט 800 גרם,"סנפרוסט בע""מ",IL,כרובית 800 גר,גרמים,800.00,100 גרם,false,,22.90,0.0286,false,1,97679
7290000104751,false,"כרוב ניצנים 800 גרם ""סנפרוסט""","איי, בי, אינבוו",IL,כרוב ניצנים סנפר,גרמים,800.00,100 גרם,false,,23.90,0.0299,false,1,97680
7290000104768,false,תרד עלים סנפרוסט 800 ג ',"איי, בי, אינבוו",IL,תרד עלים 800,גרמים,800.00,100 גרם,false,,22.90,0.0286,false,1,97681
7290000104775,false,תרד מדליונים סנפרוסט 800 גרם,"איי, בי, אינבוו",IL,תרד מדליון,גרמים,800.00,100 גרם,false,,23.90,0.0299,false,1,97682
7290000104799,false,שעועית לבנה מבושלת סנפרוסט 800 גרם,"איי, בי, אינבוו",IL,שעועית לבנה מבוש,גרמים,800.00,100 גרם,false,,17.90,0.0224,false,1,97683
7290000104805,false,גרגירי חומוס מבושלים סנפרוסט 800 גרם,"איי, בי, אינבוו",IL,חומוס מבושל סנפר,גרמים,800.00,100 גרם,false,,17.90,0.0224,false,1,97684
7290000104829,false,"קלחוני תירס סנפרוסט 1 ק""ג","איי, בי, אינבוו",IL,קלחוני תירס 1 קג,יחידה,1.00,יחידה,false,,19.90,19.9000,false,1,97686
7290000104836,false,שעועית עדינה שלמה 600 גר סנפרוסט,"סנפרוסט בע""מ",IL,שעועית עדינה שלמה 60,גרמים,600.00,100 גרם,false,,21.90,0.0365,false,1,97687
7290000104874,false,ירקות לקוסקוס של אמא סנפרוסט 800ג',"סנפרוסט בע""מ",IL,לקט לקוסקוס,גרמים,800.00,100 גרם,false,,21.00,0.0263,false,1,97689
7290000104881,false,לקט אפונה וגזר סנפרוסט 800 גרם,"איי, בי, אינבוו",IL,אפונה וגזר,גרמים,800.00,100 גרם,false,,15.90,0.0199,false,1,97690
7290000104904,false,לקט ירקות מעורבים סנפרוסט 800 גרם,"איי, בי, אינבוו",IL,לקט ירקות מעורבי,גרמים,800.00,100 גרם,false,,21.90,0.0274,false,1,97692
7290000104911,false,לקט נורמנדי סנפרוסט 800 גרם,"איי, בי, אינבוו",IL,לקט נורמנדי,גרמים,800.00,100 גרם,false,,21.00,0.0263,false,1,97693
7290000106175,false,"לקט כפרי סנפרוסט 2 ק""ג","סנפרוסט בע""מ",IL,לקט כפרית 2,יחידה,2.00,יחידה,false,,37.90,18.9500,false,1,97699
7290000106526,false,חגיגה ירוקה להקפצה סנפרוסט 800 גר,"איי, בי, אינבוו",IL,חגיגה ירוקה להקפצה,גרמים,800.00,100 גרם,false,,21.00,0.0263,true,1,208528
7290000107165,false,חטיף פולי סויה סנפרוסט 400 גרם,"איי, בי, אינבוו",IL,חטיף סויה אדממה,גרמים,400.00,100 גרם,false,,13.50,0.0338,false,1,97702
7290000107189,false,תחתיות ארטישוק סנפרוסט 400 גרם,"איי, בי, אינבוו",IL,ארטישוק תחתיות,גרמים,400.00,100 גרם,false,,19.90,0.0497,false,1,97703
7290000107295,false,תפרחות ברוקולי סנפרוסט 800 גרם,"איי, בי, אינבוו",IL,ברוקולי 800,גרמים,800.00,100 גרם,false,,22.90,0.0286,false,1,97709
7290000107615,false,ירקות ואננס להקפצה מנה אסייתית צבעונית ועשירה,"איי, בי, אינבוו",IL,מנה אסייתית צבעונית,גרמים,800.00,100 גרם,false,,21.00,0.0263,true,1,208530
7290000107622,false,פסטה וירקות א-לה איטליה סנפרוסט 800 ג',"איי, בי, אינבוו",IL,פסטה וירקות א-לה איט,גרמים,800.00,100 גרם,false,,21.00,0.0263,true,1,208531
7290000110844,false,"כיפלי בטעם גריל 70 גרם-בד""ץ",יוניליור ישראל מזון,IL,"כפלי גריל בד""ץ",גרמים,70.00,100 גרם,false,,6.00,0.0857,false,1,127438
7290000110851,false,"כיפלי בצל בד""צ תלמה 70 ג'",אתר שפע - Food,IL,כפלי בצל,גרמים,70.00,100 גרם,false,,6.00,0.0857,true,1,101130
7290000111063,false,מיונז אמיתי תלמה 250 ג',יוניליוור ישראל מזון,IL,מיונז אמיתי 250,גרמים,250.00,100 גרם,false,,7.20,0.0288,false,1,101131
7290000111117,false,בדין מרכך כביסה לבן 4 ליטר,יוניליור ישראל טיפוח,IL,בדין לבן 4 ליטר,ליטרים,4.00,ליטר,false,,19.90,4.9750,false,1,101132
7290000111186,false,מיונז תלמה 500 גרם-צנצנת,יוניליוור ישראל מזון,IL,מיונז 500,גרמים,500.00,100 גרם,false,,9.90,0.0198,false,1,101134
7290000111353,false,"מיונז אמיתי תלמה 1 ק""ג",יוניליוור ישראל מזון,IL,מיונז אמיתי 1קג,יחידה,1.00,יחידה,false,,17.60,17.6000,false,1,101137
7290000111360,false,חרדל תלמה 250 גרם-צנצנת,יוניליוור ישראל מזו,IL,חרדל 250,גרמים,250.00,100 גרם,false,,8.50,0.0340,true,1,101138
7290000111384,false,חרדל אמיתי בצנצנת 550 ג' תלמה,יוניליוור ישראל מזו,IL,חרדל אמיתי 550,גרמים,550.00,100 גרם,false,,12.90,0.0235,true,1,101140
7290000112220,false,טחינה גולמית שומשום טהור בארכה 500 גרם,רושדי תעשיות מזון בע,IL,טחינה גולמית 500,גרמים,500.00,100 גרם,false,,13.90,0.0278,false,1,107424
7290000112497,false,מרק עשיר עוף אטריות קנור 75 גרם - שקיות,יוניליוור ישראל מזון,IL,קנור עשיר עוף,גרמים,75.00,100 גרם,false,,10.90,0.1453,true,1,101166
7290000112503,false,מרק עשיר ירקות קנור 69 גרם - שקיות,יוניליוור ישראל מזון,IL,קנור עשיר ירקות,גרמים,61.00,100 גרם,false,,10.90,0.1787,true,1,101167
7290000112619,false,מרק עוף לתיבול והעשרה קנור 400 ג',יוניליוור ישראל מזון,IL,מרק עוף אמיתי,גרמים,400.00,100 גרם,false,,17.90,0.0447,false,1,101171
7290000113203,false,"כיפלי צ'יפס קטשופ בד""ץ 50 גרם",יוניליוור ישראל מזון,IL,כפלי קטשופ,גרמים,50.00,100 גרם,false,,5.20,0.1040,false,1,101186
7290000116204,false,"אבקת מרק דגש בטעם עוף 1ק""ג קנור",יוניליוור ישראל מזון,IL,מ.דגש 1קג,יחידה,1.00,יחידה,false,,15.90,15.9000,false,1,101230
7290000116884,false,רוטב ברביקיו 340 גרם קנור,יוניליוור ישראל מזון,IL,רוטב ברבקיו קנור,יחידה,200.00,יחידה,false,,12.90,0.0645,false,1,101233
7290000116921,false,רוטב צ'ילי מתוק 340 גרם קנור,יוניליוור ישראל מזון,IL,רוטב צ'ילי מתוק,גרמים,370.00,100 גרם,false,,12.90,0.0349,false,1,101234
7290000116945,false,"רוטב סויה קלאסי קנור 300 מ""ל",יוניליוור ישראל מזון,IL,רוטב סויה קנור,מיליליטרים,300.00,"100 מ""ל",false,,13.90,0.0463,false,1,101235
7290000117171,false,מרק טעם עוף דל קלוריות 48 גרם-קופסא,יוניליוור ישראל מזון,IL,מרק טעם עוף נמס 10 ק,גרמים,46.00,100 גרם,false,,8.20,0.1783,true,1,101239
7290000117720,false,קנור - נמס בכוס זוג פטריות 21.50 גרם * 2,יוניליוור ישראל מזון,IL,נ.בכוס פטריות,גרמים,43.00,100 גרם,false,,7.00,0.1628,true,1,101247
7290000118352,false,לטקס תפוחי אדמה קנור 2*85 גרם,יוניליוור ישראל מזון,IL,"לביבות תפו""א",גרמים,170.00,100 גרם,false,,14.90,0.0876,true,1,146214
7290000120836,false,"מיונז אמיתי 394 גרם ""הלמנס""",קונפקו אינק' די.בי.א,CA,מיונז הלמנס,גרמים,394.00,100 גרם,false,,10.90,0.0277,false,1,101276
7290000120874,false,מיונז הלמנס לייט מופחת קלוריות 424ג,"יונילוור ארה""ב - HPC",US,מיונז הלמנס דל,גרמים,424.00,100 גרם,false,,10.90,0.0257,false,1,101278
7290000121017,false,שומרון גבינה מותכת 7% 120 גרם,שלושת האופים,IL,גבינת שומרון7% 120 ג,גרמים,120.00,100 גרם,false,,11.90,0.0992,true,1,109147
7290000121031,false,החתול המחייך גבינה מותכת 14% מון בלאן 120 גרם,שלושת האופים,IL,גבינת חתול 14% 120 ג,גרמים,120.00,100 גרם,false,,10.60,0.0883,true,1,109148
7290000121079,false,גבינה מותכת למריחה עם שום שמיר 9% מון בלאן 120 גרם,שלושת האופים,IL,גבינה מון בלאן לייט,גרמים,120.00,100 גרם,false,,11.90,0.0992,true,1,109150
7290000121093,false,גבינה מותכת לייט בטעם שוויצרי 7% מון בלאן 120 גר',האי נאם סי או אל.טי.,IL,גבינה מון בלאן לייט,גרמים,120.00,100 גרם,false,,11.50,0.0958,true,1,109151
7290000121109,false,גבינה מותכת לייט עם זיתים 7% מון בלאן 120 גרם,האי נאם סי או אל.טי.,IL,גבינה מון בלאן לייט,גרמים,120.00,100 גרם,false,,11.90,0.0992,true,1,109152
7290000121147,false,גבינה מותכת לייט בטעם פיקנטי 7% מון בלאן 120 גרם,"שלושת האופים בע""מ",IL,גבינה מון בלאן לייט,גרמים,120.00,100 גרם,false,,11.90,0.0992,true,1,109153
7290000121154,false,גבינה מותכת לייט עם סלמון 7% מון בלאן 120 גרם,האי נאם סי או אל.טי.,IL,גבינה מון בלאן לייט,גרמים,120.00,100 גרם,false,,13.50,0.1125,true,1,109154
7290000121239,false,מיוקל 5% שומן ללא כולסטרול תלמה 500ג',יוניליוור ישראל מזון,IL,מיוקל 5 שומן%,גרמים,500.00,100 גרם,false,,13.50,0.0270,false,1,101282
7290000122830,false,"רוטב מקסיקני סצ'ואן קנור 300 מ""ל",מיוצר עי קונדיטוריית,IL,רוטב סצ'ואן 370מ''ל,יחידה,300.00,יחידה,false,,12.90,0.0430,true,1,101318
7290000125251,false,בדין שמפו לכביסה עדינה 2 ליטר,"זוהר דליה, קיבוץ דלי",IL,שמפו לכביסה עדינה,ליטרים,2.00,ליטר,false,,29.90,14.9500,true,1,101351
7290000129457,false,אבקת רוטב פטריות קנור 28 ג' שקית,יוניליוור ישראל מזון,IL,רוטב פטריות קנור,גרמים,28.00,100 גרם,false,,4.60,0.1643,true,1,101422
7290000129785,false,בדין מרכך כביסה 4 ליטר ירוק,אתר ליוור - HPC,IL,בדין ירוק 4 ליטר,ליטרים,4.00,ליטר,false,,19.90,4.9750,false,1,101435
7290000130125,false,מצות יצוא 400 גרם,,,מצות 400,גרמים,400.00,100 גרם,false,,14.90,0.0373,true,1,102744
7290000130606,false,קמח מצה רגיל 200 גר,מצות אביב,IL,קמח מצה 200 גר,גרמים,200.00,100 גרם,false,,3.00,0.0150,true,1,102747
7290000131122,false,"בצק עלים צרפתי שחף 1.5 ק""ג",יושלם,,בצק עלים צרפתי שחף 1,קילוגרמים,1.50,"ק""ג",false,,19.90,13.2667,true,1,93034
7290000133645,false,משחת שיניים בטעם מנטה אורביטול 3*145 גרם,טרופיקל דגיל קוסמטיק,IL,שלישיה אורביטול משחת,גרמים,435.00,100 גרם,false,,19.90,0.0457,true,1,117978
7290000134147,false,טעם וריח מוסקט טחון מיכל 40גר,"תבליני טעם וריח בע""מ",IL,מוסקט טחון 40 גרם,גרמים,40.00,100 גרם,false,,14.90,0.3725,true,1,103240
7290000134307,false,קינמון טחון 50 גרם טעם וריח,"תבליני טעם וריח בע""מ",IL,קינמון טחון בשקית 50,גרמים,50.00,100 גרם,false,,5.90,0.1180,true,1,103244
7290000134314,false,פיצה תערובת תיבול 120 גרם מיכל גדול,"תבליני טעם וריח בע""מ",IL,תיבול לפיצה,גרמים,120.00,100 גרם,false,,9.50,0.0792,true,1,103245
7290000134338,false,שום אבקה 90 גרם מיכל גדול,"תבליני טעם וריח בע""מ",IL,אבקת שום מיכל,גרמים,90.00,100 גרם,false,,9.50,0.1056,true,1,103247
7290000134352,false,קינמון טחון 90 גרם מיכל גדול,"תבליני טעם וריח בע""מ",IL,תבלין קינמון טחו,גרמים,90.00,100 גרם,false,,9.50,0.1056,true,1,103249
7290000134376,false,פפריקה בשמן 90 גרם טעם וריח,"תבליני טעם וריח בע""מ",IL,פפריקה מרוקאית מתוקה,גרמים,90.00,100 גרם,false,,9.50,0.1056,true,1,103250
7290000134550,false,טעם וריח עלי דפנה שק,"תבליני טעם וריח בע""מ",IL,עלי דפנה שק 20',גרמים,40.00,100 גרם,false,,5.90,0.1475,true,1,103255
7290000134666,false,רוזמרין 15 גר מיכל ק,תות ממתקי איכות,IL,רוזמרין מיכל קטן,גרמים,15.00,100 גרם,false,,5.50,0.3667,true,1,103256
7290000134673,false,תבלין זנגביל טעם ורי,"תבליני טעם וריח בע""מ",IL,זנגויל מיכל פלסטיק,גרמים,30.00,100 גרם,false,,5.50,0.1833,true,1,112419
7290000134680,false,תבלין קמיל שלם טעם ו,תות ממתקי איכות,IL,קימל שלם במיכל,גרמים,40.00,100 גרם,false,,5.50,0.1375,true,1,112181
7290000134758,false,תבלין תפוח אדמה טעם וריח,"תבליני טעם וריח בע""מ",IL,"תבלין לתפו""א",גרמים,100.00,100 גרם,false,,9.50,0.0950,true,1,103258
7290000134826,false,תבלין זעתר מעורב 100 גר',"תבליני טעם וריח בע""מ",IL,תבלין זעתר,גרמים,100.00,100 גרם,false,,9.50,0.0950,true,1,103261
7290000134833,false,תבלין כמון טחון 100 גר',"תבליני טעם וריח בע""מ",IL,תבלין כמון,גרמים,100.00,100 גרם,false,,9.50,0.0950,true,1,103262
7290000134840,false,תבלין כורכום טחון 100 גר',"תבליני טעם וריח בע""מ",IL,תבלין כורכום,גרמים,100.00,100 גרם,false,,9.50,0.0950,true,1,103263
7290000134857,false,פפריקה מתוקה 100 גרם טעם וריח,"תבליני טעם וריח בע""מ",IL,פפריקה מתוקה,גרמים,100.00,100 גרם,false,,9.50,0.0950,true,1,103264
7290000134864,false,פפריקה חרעפה 100 גרם מיכל גדול,"תבליני טעם וריח בע""מ",IL,תבלין פפריקה,גרמים,100.00,100 גרם,false,,9.50,0.0950,true,1,103265
7290000134871,false,פלפל שחור טחון 100 גרם טעם וריח,"תבליני טעם וריח בע""מ",IL,פלפל שחור טחון 100 ג,גרמים,100.00,100 גרם,false,,12.90,0.1290,true,1,103266
7290000134970,false,חוואיג' 100 גרם מיכל גדול,"תבליני טעם וריח בע""מ",IL,תבלין חוויא'ג,גרמים,100.00,100 גרם,false,,9.50,0.0950,true,1,103274
7290000134987,false,תבלין פלפל שחור גרוס 90 גר',"תבליני טעם וריח בע""מ",IL,פלפל שחור גרוס,גרמים,90.00,100 גרם,false,,12.90,0.1433,true,1,103275
7290000134994,false,טימין 20 גר מיכל קטן,"תבליני טעם וריח בע""מ",IL,טימין מיכל קטן,גרמים,20.00,גרם,false,,5.50,0.2750,true,1,103276
7290000135045,false,"XL TEN משקה אנרגיה פתוח ללא סוכר 250 מ""ל","טמפו משקאות בע""מ",IL,"פחית XL תפוח 250 מ""ל",מיליליטרים,250.00,"100 מ""ל",false,,4.50,0.0180,false,1,207241
7290000135052,false,"XL TEN משקה אנרגיה מנגו ללא סוכר 250 מ""ל","טמפו משקאות בע""מ",IL,"פחית XL מנגו 250 מ""ל",מיליליטרים,250.00,"100 מ""ל",false,,4.50,0.0180,false,1,207242
7290000135113,false,"משקה אנרגיה XL פחית ten נענע ליים 250 מ""ל",טמפו 7.5%,IL,משקה אנרגיה XL נענע,מיליליטרים,250.00,"100 מ""ל",false,,4.50,0.0180,false,1,210846
7290000135311,false,פפסי מקס ליים 1.5 ליטר בודד,"טמפו משקאות בע""מ",IL,פפסי מקס ליים 1.5 לי,ליטרים,1.50,ליטר,false,,6.90,4.6000,false,1,213620
7290000135465,false,"מי סודה 500 מ""ל - מארז 12 בקבוקים",טמפו 7.5%,IL,סודה טמפו 500 מל מאר,ליטרים,6.00,ליטר,false,,25.90,4.3167,true,1,217851
7290000135595,false,פפסי מקס בטעם דובדבן 1.5 ליטר,"איי, בי, אינבוו",IL,פפסי מקס דובדבן 1.5,ליטרים,1.50,ליטר,false,,6.90,4.6000,false,1,218409
7290000135625,false,"מארז בירה גולדסטאר פחיות 4* 500 מ""ל",טמפו,IL,רביעיית פחיות גולדסט,ליטרים,2.00,ליטר,false,,29.90,14.9500,true,1,219264
7290000135632,false,"רביעיית פחיות גולדסטאר לא מסונן 500 מ""ל",טמפו,IL,רביעיות פחיות גולדסט,ליטרים,2.00,ליטר,false,,32.90,16.4500,true,1,219263
7290000135663,false,"פפסי מקס דובדבן פחית צרה מארז שישייה 330 מ""ל",אלפא S.A,IL,פפסי מקס דובדבן פחית,ליטרים,1.98,ליטר,false,,18.90,9.5455,true,1,263464
7290000136141,false,משקה בטעם קולה 1.5ל' פפסי,פפסי Pepsi,IL,פפסי 1.5 ליטר,ליטרים,1.50,ליטר,false,,7.50,5.0000,false,1,260219
7290000136158,false,פפסי מקס משקה מוגז דל קלוריות בטעם קולה,פפסי Pepsi,IL,פפסי מקס 1.5 ליטר,ליטרים,1.50,ליטר,false,,6.90,4.6000,false,1,260220
7290000136165,false,טמפו מירינדה 1.5 ליטר,מירינדה Mirinda,IL,מירינדה 1.5 ליטר,ליטרים,1.50,ליטר,false,,7.50,5.0000,false,1,260217
7290000136172,false,סבן אפ בקבוק 1.5 ליט,סבן אפ 7up,IL,סבן אפ 1.5 ליטר,ליטרים,1.50,ליטר,false,,7.50,5.0000,false,1,260221
7290000136189,false,דיאט סבן אפ 1.5 ליטר FREE,סבן אפ 7up,IL,דיאט סבן אפ 1.5 ליטר,ליטרים,1.50,ליטר,false,,7.50,5.0000,false,1,260225
7290000136240,false,סודה 1.5 ליטר שישייה בודד,טמפו,IL,סודה 1.5 ליטר טמפו,ליטרים,1.50,ליטר,false,,3.30,2.2000,false,1,260213
7290000136257,false,פאנק טוניק גזוז בטעם פירות,טמפו 7.5%,IL,1.5ליטר טמפו rush&to,ליטרים,1.50,ליטר,false,,10.90,7.2667,false,1,260203
7290000136264,false,מי טוניק גזוז 1.5 ל' טמפו,טמפו 7.5%,IL,מי טוניק 1.5 ליטר,ליטרים,1.50,ליטר,false,,10.90,7.2667,false,1,260204
7290000136288,false,"סירופ בטעם תפוחים ג'ויסר סיידר הגליל 330 מ""ל",סיידר הגליל,IL,סירופ בטעם תפוחים סי,מיליליטרים,330.00,"100 מ""ל",false,,13.90,0.0421,true,1,263876
7290000136295,false,"סירופ בטעם פטל ג'ויסר סיידר הגליל 330 מ""ל",סיידר הגליל,IL,סירופ בטעם פטל סיידר,מיליליטרים,330.00,"100 מ""ל",false,,13.90,0.0421,true,1,263877
7290000136301,false,"סירופ בטעם ענבים ג'ויסר סיידר הגליל 330 מ""ל",סיידר הגליל,IL,סירופ בטעם ענבים סיי,מיליליטרים,330.00,"100 מ""ל",false,,13.90,0.0421,true,1,263878
7290000136431,false,משקה בטעם אפרסק צלול תריסר 1.5 ל' ג'אמפ,טמפו 7.5%,IL,ג'אמפ אפרסק צלול 1.5,ליטרים,1.50,ליטר,false,,7.90,5.2667,false,1,260207
7290000136455,false,משקה בטעם אשכוליות תריסר 1.5 ל' ג'אמפ,טמפו 7.5%,IL,ג'אמפ אשכוליות 1.5 ל,ליטרים,1.50,ליטר,false,,7.90,5.2667,false,1,260208
7290000136516,false,משקה בטעם מנגו פסיפלורה תריסר 1.5 ל' ג'אמפ,טמפו 7.5%,IL,ג'אמפ מנגו פסיפלורה,ליטרים,1.50,ליטר,false,,7.90,5.2667,false,1,260205
7290000136523,false,משקה בטעם ענבים תריסר 1.5 ל' ג'אמפ,טמפו 7.5%,IL,ג'אמפ ענבים 1.5 ליטר,ליטרים,1.50,ליטר,false,,7.90,5.2667,false,1,260210
7290000136561,false,משקה בטעם תות בננה תריסר 1.5 ל' ג'אמפ,טמפו 7.5%,IL,ג'אמפ תות בננה 1.5 ל,ליטרים,1.50,ליטר,false,,7.90,5.2667,false,1,260211
7290000136585,false,משקה בטעם תפוזים תריסר 1.5 ל' ג'אמפ,טמפו 7.5%,IL,ג'אמפ תפוזים 1.5 לי,ליטרים,1.50,ליטר,false,,7.90,5.2667,false,1,260206
7290000136608,false,משקה בטעם תפוח צלול תריסר 1.5 ל' ג'אמפ,טמפו 7.5%,IL,ג'אמפ תפוח צלול 1.5,ליטרים,1.50,ליטר,false,,7.90,5.2667,false,1,260212
7290000136646,false,בירה נשר מאלט ללא אלכוהול 1.5 ליטר,טמפו 7.5%,IL,נשר מאלט 1.5 ליטר,ליטרים,1.50,ליטר,false,,8.90,5.9333,false,1,260201
7290000136653,false,דיאט נשר מאלט ללא אלכוהול 1.5 ליטר,טמפו 7.5%,IL,דיאט נשר מאלט 1.5 לי,ליטרים,1.50,ליטר,false,,8.90,5.9333,false,1,260202
7290000136752,false,סבן אפ דיאט מארז שישייה 1.5 ל' FREE,"טמפו משקאות בע""מ",IL,דיאט סבן אפ 1.5 ליטר,ליטרים,9.00,ליטר,false,,37.90,4.2111,false,1,260228
7290000136769,false,מארז שישיה בטעם קולה 1.5 ל' פפסי,פפסי Pepsi,IL,פפסי 1.5 ליטר שישייה,ליטרים,9.00,ליטר,false,,43.90,4.8778,false,1,260236
7290000136776,false,שישיית פפסי מקס דל קלוריות 1.5 ליטר,פפסי Pepsi,IL,פפסי מקס 1.5 ליטר שי,ליטרים,9.00,ליטר,false,,37.90,4.2111,false,1,260237
7290000136790,false,מארז סודה שישייה 1.5 ל' טמפו,טמפו 7.5%,IL,סודה 1.5 ליטר שישייה,ליטרים,9.00,ליטר,false,,17.90,1.9889,false,1,260229
7290000136806,false,מארז סודה רביעייה לימון ליים 1.5 ל' טמפו,טמפו 7.5%,IL,סודה למון ליים 1.5 ל,ליטרים,4.00,ליטר,false,,11.90,2.9750,false,1,260230
7290000136813,false,סודה בטעם אננס מארז רביעייה 1.5 ל' טמפו,טמפו 7.5%,IL,סודה אננס 1.5 ליטר ר,ליטרים,4.00,ליטר,false,,11.90,2.9750,false,1,260231
7290000136820,false,סודה בטעם פירות יער מארז ריבעיה * 1.5 ל' טמפו,טמפו 7.5%,IL,סודה פירות יער 1.5 ל,ליטרים,4.00,ליטר,false,,11.90,2.9750,false,1,260232
7290000136844,false,מארז מים מזוככים אקווה נובה שישיית 2 ליטר,אקווה נובה Aqua Nova,IL,מי נובה 2 ליטר שישי,ליטרים,12.00,ליטר,false,,11.90,0.9917,false,1,260226
7290000136868,false,סאן בנדטו - מים מינרלים - מארז שישיית 1.5 ליטר,סאן בנדטו San Benedetto,IL,סן בנדטו 1.5 ליטר שי,ליטרים,9.00,ליטר,false,,17.90,1.9889,false,1,260227
7290000136875,false,מארז מים מינרלים מוגז 6* 1.5 ל' סאן בנדטו,סאן בנדטו San Benedetto,IL,סן בנדטו מוגז 1.5 לי,ליטרים,9.00,ליטר,false,,18.90,2.1000,false,1,260234
7290000137513,false,גלידונית גלידה וניל בציפוי שוקולד 60 יח' קרמיסימו,"גלידת שטראוס בע""מ, ר",IL,קרמיסימו גלידונית 60,גרמים,630.00,100 גרם,false,,49.90,0.0792,false,1,95952
7290000137643,false,שלגוני טעמקור בטעם שוקו וניל שטראוס 8*50 גרם,"גלידת שטראוס בע""מ, ר",IL,מאגדת טעמקור שוקו ונ,יח',8.00,יח',false,,39.90,4.9875,true,1,95953
7290000140056,false,עוף טחון,,,עוף טחון,קילוגרמים,1.00,"ק""ג",true,,39.90,39.9000,false,1,149115
7290000143187,false,"הוואי שמפו 2 ב 1 לגבר 700 מ""ל",שוורצקוף& הנקל דיסלד,IL,שמפו הוואי לגבר 700,מיליליטרים,700.00,"100 מ""ל",false,,8.90,0.0127,false,1,110622
7290000143200,false,"הוואי - מרכך לשיער יבש 700 מ""ל",שוורצקוף& הנקל דיסלד,IL,מרכך הוואי יבש 700 מ,מיליליטרים,700.00,"100 מ""ל",false,,8.90,0.0127,false,1,110624
7290000143217,false,"הוואי שמפו יבש מסולסל 700 מ""ל",שוורצקוף& הנקל דיסלד,IL,שמפו הוואי יבש 700 מ,מיליליטרים,700.00,"100 מ""ל",false,,8.90,0.0127,true,1,110625
7290000143255,false,"שמפו הוואי לשיער רגיל 700 מ""ל",שוורצקוף& הנקל דיסלד,IL,שמפו הוואי רגיל 700,מיליליטרים,700.00,"100 מ""ל",false,,8.90,0.0127,false,1,110627
7290000143279,false,"הוואי שמפו לשיער נגד קשקשים 700 מ""ל",שוורצקוף& הנקל דיסלד,IL,שמפו הוואי נגד קשקשי,מיליליטרים,700.00,"100 מ""ל",false,,8.90,0.0127,false,1,110629
7290000143286,false,"מרכך הוואי לשיער רגיל 700 מ""ל",טרופיקל דגיל קוסמטיק,IL,מרכך הוואי רגיל 700,מיליליטרים,700.00,"100 מ""ל",false,,8.90,0.0127,false,1,110630
7290000143293,false,"הוואי - מרכך ילדים מתיר קשרים 700 מ""ל",טרופיקל דגיל,IL,מרכך הוואי ילדים 700,מיליליטרים,700.00,"100 מ""ל",false,,8.90,0.0127,false,1,110631
7290000144160,false,"שמן זית כתית מעולה ארומתי עץ הזית 750 מ""ל","מרקאולאו, ספרד.אבסה,",IL,שמן זית בטעם מודגש 7,יחידה,750.00,יחידה,false,,29.90,0.0399,false,1,124530
7290000144467,false,שמן חמניות מועשר בנוגדי חמצון 1 ל' עץ הזית,"נארז ע""י : א.ג. גילר",GR,שמן חמניות בריאות,ליטרים,1.00,ליטר,false,,14.90,14.9000,false,1,110192
7290000144474,false,שמן עץ הזית קנולה 1 ליטר בריאות מהטבע,שמן תעשיות,EE,שמן קנולה בריאות,ליטרים,1.00,ליטר,false,,14.90,14.9000,false,1,110193
7290000146669,false,הוואי - סבון מוצק שמיים כחולים 100 גרם רביעייה,טרופיקל דגיל קוסמטיק,IL,רבעיה ס.מ.הוואי שמיי,גרמים,400.00,100 גרם,false,,12.90,0.0323,true,1,110666
7290000146676,false,הוואי - סבון מוצק לגבר 100 גרם רביעייה,טרופיקל דגיל קוסמטיק,IL,רבעיה ס.מ.הוואי לגבר,גרמים,400.00,100 גרם,false,,12.90,0.0323,true,1,110667
7290000146683,false,הוואי - סבון מוצק אפקט דאודורנט 100 גרם רביעייה,טרופיקל דגיל קוסמטיק,IL,רבעיה ס.מ.הוואי אפקט,גרמים,400.00,100 גרם,false,,12.90,0.0323,true,1,110668
7290000146928,false,"משחת שיניים לילדים בטעם ענבים טום וג'רי 50 מ""ל",טרופיקל דגיל קוסמטיק,IL,מ.שיניים טום וג'רי ע,מיליליטרים,50.00,"100 מ""ל",false,,6.90,0.1380,true,1,110676
7290000146997,false,משחת שיניים לילדים מסטיק טום וג'רי 50 מל,טרופיקל דגיל קוסמטיק,IL,מ.שיניים טום וג'רי מ,מיליליטרים,50.00,"100 מ""ל",false,,6.90,0.1380,true,1,110678
7290000148380,false,פיסטוקים קלויים קליית גת 200 גרם,"ג'י אנד ג'י בע""מ",IL,פיסטוק 200,גרמים,200.00,100 גרם,false,,21.00,0.1050,true,1,102130
7290000148489,false,"קליית גת גרעיני דלעת קלויים,200 גרם","ג'י אנד ג'י בע""מ",IL,גרעיני דלעת,גרמים,200.00,100 גרם,false,,8.50,0.0425,true,1,102131
7290000148618,false,קשיו מטוגן שקית קליית גת 200 גרם,"ג'י אנד ג'י בע""מ",IL,קאשיו 200,גרמים,200.00,100 גרם,false,,18.00,0.0900,true,1,102132
7290000148748,false,קליית גת גרעיני חמניה קלויים ומומלחים200,"ג'י אנד ג'י בע""מ",IL,גרעיני חמניה,גרמים,200.00,100 גרם,false,,6.00,0.0300,true,1,102134
7290000148939,false,שקדים קלויים 200 גרם קליית גת,"ג'י אנד ג'י בע""מ",IL,שקד קלוי 200 גר,גרמים,200.00,100 גרם,false,,18.00,0.0900,true,1,102136
7290000149615,false,נקה 7 סבון מוצק לתינוק רביעיה * 100 ג',גליל כימיקלים בעממשו,IL,נקה 7- לתינוק רביעיה,גרמים,400.00,100 גרם,false,,11.90,0.0298,true,1,107826
7290000149851,false,סבון לניקוי והסרת כתמים סינטבון 460 גרם,יבואן ומשווק: ש. שסט,IL,סינטבון-כפול,גרמים,460.00,100 גרם,false,,10.90,0.0237,true,1,107830
7290000149905,false,טקסטיל נוזל לכביסה עדינה נקה 1 ליטר,מיוצר עי קונדיטוריית,IL,טקסטיל שמפו-1 ליטר נ,ליטרים,1.00,ליטר,false,,14.90,14.9000,true,1,107832
7290000149943,false,"טקסטיל אבקת כביסה ביד נקה 1 ק""ג",קריות זול,IL,טקסטיל שמפו-שקית 1.0,קילוגרמים,1.00,"ק""ג",false,,14.90,14.9000,true,1,107834
7290000150277,false,פסטרמה חזה הודו ברבי,עיצובים 2020 (4.9),,חזה הודו ברביקיו,קילוגרמים,1.00,"ק""ג",true,,74.00,74.0000,false,1,93525
7290000150352,false,פסטרמה איטלקית במשקל,עיצובים 2020 (4.9),IL,פסטרמה איטלקית,קילוגרמים,1.00,"ק""ג",true,,74.00,74.0000,false,1,93527
7290000150369,false,פסטרמה מקסיקנית בתיב,עיצובים 2020 (4.9),IL,פסטרמה מקסיקנית,קילוגרמים,1.00,"ק""ג",true,,74.00,74.0000,false,1,93528
7290000150956,false,עוף טוב מקלוני קבנוס 160 גרם,מוצרי עוף טוב (2001),IL,מקלוני קבנוס עוף טוב,גרמים,160.00,100 גרם,false,,10.90,0.0681,true,1,128409
7290000151052,false,פסטרמה בדבש עוף-טוב,עיצובים 2020 (4.9),,פסטרמה בדבש,קילוגרמים,1.00,"ק""ג",true,,74.00,74.0000,false,1,93535
7290000151106,false,פסטרמה אמריקאית במשק,עיצובים 2020 (4.9),IL,פסטרמה אמריקאית,קילוגרמים,1.00,"ק""ג",true,,74.00,74.0000,false,1,93536
7290000151885,false,נקניק הודו יחידה עוף טוב 700ג',עוף טוב,IL,נקניק הודו 700 גר' ע,גרמים,700.00,100 גרם,false,,17.90,0.0256,true,1,152865
7290000152028,false,פסטרמה חזה הודו מעוש,עיצובים 2020 (4.9),,חזה הודו מעושן,קילוגרמים,1.00,"ק""ג",true,,74.00,74.0000,false,1,93539
7290000152943,false,מארז פסטרמה כפרית וסלמי כפרי עוף טוב 2*350 גרם,מולינו ניקולי s.p.a,IL,מארז סלמי + פסטרמה,גרמים,700.00,100 גרם,false,,24.90,0.0356,true,1,134045
7290000153445,false,קציצות בקר מתובלות 100% רכיבים טבעיים,מולינו ניקולי s.p.a,IL,עוף טוב קציצות בקר מ,גרמים,500.00,100 גרם,false,,28.90,0.0578,true,1,135377
7290000153469,false,קציצות עוף קלאסיות 100% רכיבים טבעיים,מוצרי עוף טוב (2001),IL,עוף טוב קציצות עוף ק,גרמים,600.00,100 גרם,false,,28.90,0.0482,true,1,135204
7290000155524,false,פסטרמה פולנית עוף טו,עיצובים 2020 (4.9),IL,פסטרמה פולנית עוף טו,קילוגרמים,1.00,"ק""ג",true,,74.00,74.0000,false,1,93541
7290000158105,false,שניצל עוף מיני דינוזאור ללא אנטיביוטיקה מ100% ר.טבעי,מוצרי עוף טוב (2001),IL,שניצל דינוזאור 100%,יחידה,0.00,יחידה,false,,33.90,0.0000,true,1,138776
7290000159010,false,שניצל עוף מיני דובונים ללא אנטיביוטיקה מ100% ר.טבעי,עיצובים 2020 (4.9),IL,שניצל מיני דובונים,גרמים,700.00,100 גרם,false,,33.90,0.0484,true,1,138746
7290000161358,false,תלמה מיונז אמיתי משמן קנולה 500 גרם,אתר חיפה ממרחים - Fo,IL,מיונז אמיתי משמן קנו,גרמים,500.00,100 גרם,false,,14.90,0.0298,false,1,101447
7290000168173,false,"ברנפלקס קרנצ'ים תלמה בד""ץ 375 גרם",יוניליור ישראל מזון,IL,דגני בוקר קראנצ'ים,גרמים,375.00,100 גרם,false,,19.90,0.0531,false,1,141996
7290000169538,false,"נמס בכוס עגבניות וקרוטונים מרק כשרות בד""ץ 62 ג' קנור",יוניליוור ישראל מזון,IL,נמס בכוס עגבניות וקר,גרמים,62.00,100 גרם,false,,7.00,0.1129,false,1,144235
7290000169798,false,"עוגי מופחת סוכר 20% פצפוצי שוקו' 500ג' בד""צ",יוניליוור שפע ישראל,IL,עוגי מופחת סוכר 500,גרמים,500.00,100 גרם,false,,19.90,0.0398,false,1,144999
7290000170053,false,שוקולד פרה חלב 100 ג' עלית,תופינית,IL,שוקולד חלב פרה 100 ג,גרמים,100.00,100 גרם,false,,6.00,0.0600,false,1,98768
7290000174723,false,שוקולית אבקה להכנת משקה שוקו 500 גרם,הנסיך- מפעל לייצור ט,IL,שוקולית 500 גרם,גרמים,500.00,100 גרם,false,,11.90,0.0238,false,1,98785
7290000176062,false,קפה עלית טורקי 100 גרם,שטראוס קפה בי.וי.,IL,קפה טורקי 100 גרם,גרמים,100.00,100 גרם,false,,8.90,0.0890,false,1,98792
7290000176079,false,קפה עלית טורקי עם הל 100 גרם,הנסיך- מפעל לייצור ט,IL,קפה עם הל 100 גרם,גרמים,100.00,100 גרם,false,,9.90,0.0990,true,1,98793
7290000176116,false,"קפה טורקי עלית וואקום 1 ק""ג",הנסיך- מפעל לייצור ט,IL,קפה טורקי אריזת ואקו,קילוגרמים,1.00,"ק""ג",false,,82.90,82.9000,false,1,98796
7290000176147,false,קפה לפילטר קלוי וטחון מוקה מספר 1 עלית 500 גרם,ELITE CAFE SP. ZO.O,PL,קפה מוקה מספר 1 500,גרמים,500.00,100 גרם,false,,54.00,0.1080,false,1,98797
7290000176413,false,קפה נמס אבקתי 50 ג' עלית,הנסיך- מפעל לייצור ט,IL,קפה נמס 50 גרם,גרמים,50.00,100 גרם,false,,9.50,0.1900,false,1,98799
7290000176420,false,קפה נמס אבקתי 200ג עלית,שטראוס קפה בי.וי,IL,קפה נמס עלית 200 גרם,גרמים,200.00,100 גרם,false,,19.90,0.0995,false,1,98800
7290000176468,false,קפה נמס נטול קפאין 50 ג' קפה האג,"איי, בי, אינבוו",IL,קפה נמס האג נטול קפא,גרמים,50.00,100 גרם,false,,11.50,0.2300,true,1,98801
7290000176475,false,האג קפה נמס נטול קפאין עלית 200 גרם,שטראוס גרופ,IL,קפה נמס האג נטול קפא,גרמים,200.00,100 גרם,false,,35.90,0.1795,false,1,98802
7290000178707,false,תפוצ'יפס בטעם טבעי 50 גרם,"שטראוס פריטו ליי בע""",IL,תפוצ'יפס 50,גרמים,50.00,100 גרם,false,,3.90,0.0780,false,1,99380
7290000178721,false,תפוצ'יפס בטעם טבעי 200 גרם,"שטראוס פריטו ליי בע""",IL,תפוצ'יפס 200,גרמים,200.00,100 גרם,false,,10.90,0.0545,false,1,99382
7290000183589,false,לחם מחמצת מאפה הבלקן,,,לחם מחמצת מאפה הבלקן,גרמים,600.00,100 גרם,false,,17.90,0.0298,true,1,192968
7290000185224,false,סילאן בקבוק לחיץ תמר כנרת 650 גר,תמר כנרת,IL,סילאן כנרת בקבוק לחי,גרמים,650.00,100 גרם,false,,14.90,0.0229,true,1,121730
7290000185293,false,סילאן טבעי תמר כנרת 350 גרם,"חצר כנרת מוצרי תמר אגש""ח",IL,סילן טבעי 350גר,גרמים,350.00,100 גרם,false,,12.90,0.0369,true,1,145557
7290000185330,false,סילאן טבעי תמר כנרת 900 גר,טעמי הגליל,IL,סילאן טבעי חצר כנרת,גרמים,900.00,100 גרם,false,,22.90,0.0254,true,1,136235
7290000185590,false,סילאן טבעי בבקבוק לחיץ 650 גרם,חצר כינרת מוצרי תמר,IL,סילאן טבעי בקבוק לחי,גרמים,650.00,100 גרם,false,,18.90,0.0291,true,1,217268
7290000186030,false,מגבוני האגיס תחליב דיספנסר רביעייה,חוגלה,IL,מארז מגבוני דיסני עם,יחידה,0.00,יחידה,false,,26.90,0.0000,false,1,196430
7290000186535,false,נייר טואלט טריו לבן 32 גלילים לילי,קימברלי קלארק ישראל,IL,לילי טריו 32 גלילים,יחידה,0.00,יחידה,false,,45.90,0.0000,false,1,149977
7290000187860,false,מגבוני טואלט לחים לילי דיספנסר 40יח',עלבד משואות יצחק בעמ,IL,מגבוני טואלט לחי,גרמים,59.00,100 גרם,false,,8.90,0.1508,false,1,102892
7290000187921,false,נייר טואלט לבן 32 גלילים לילי,קימברלי קלארק ישראל,IL,נייר טואלט לילי לבן,גרמים,1969.00,100 גרם,false,,38.90,0.0198,false,1,116399
7290000187938,false,לילי - נייר טואולט נייר טואלט פסטל 32 יח',קימברלי קלארק,IL,נייר טואלט לילי פסטל,יחידה,0.00,יחידה,false,,39.90,0.0000,false,1,116400
7290000187952,false,לילי טריפל קומפורט ורוד נ.טואלט 32 גלילי,קימברלי קלארק,IL,נייר טואלט לילי טריו,גרמים,1788.00,100 גרם,false,,45.90,0.0257,false,1,116376
7290000188270,false,ממחטות אף אולטרה סופט קלינקס 2*80 יחידות,חוגלה קימברלי,,זוג טישו עם לחות- קל,גרמים,390.00,100 גרם,false,,18.90,0.0485,false,1,102900
7290000188553,false,קוטקס - מגן תחתון סילק נורמל 60 יח',קימברלי קלארק,CN,מגן תחתון קוטקס נורמ,יחידה,0.00,יחידה,false,,17.90,0.0000,true,1,127853
7290000188591,false,קוטקס - מגן תחתון סילק יאנג 60 יח',קימברלי קלארק,CN,מגן תחתון קוטקס יאנג,יחידה,0.00,יחידה,false,,17.90,0.0000,true,1,127854
7290000189116,false,תבניות עגולות עבות במיוחד 5 יחידות ניקול,ניקול,CN,תבניות חד פעמי ניקול,יחידה,0.00,יחידה,false,,10.90,0.0000,true,1,182269
7290000189192,false,סופר מטלית מטליות נייר רב פעמיות ניקול 64 יחידות,קימברלי קולומביה,IL,מטלית חכמה יומית - נ,יחידה,0.00,יחידה,false,,18.90,0.0000,true,1,102903
7290000189239,false,זוג מטליות ניקול מבר,רסאלי,IL,זוג מטליות מבריקות,יחידה,0.00,יחידה,false,,12.90,0.0000,true,1,102906
7290000189260,false,תבניות מלבניות עבות 5 יחידות ניקול,ניקול,CN,תבניות מלבניות ניקול,יחידה,0.00,יחידה,false,,10.90,0.0000,true,1,182271
7290000189277,false,תבניות מלבניות עמוקות עבות 3יחידות ניקול,ניקול,CN,תבניות מלבניות גדולו,יחידה,0.00,יחידה,false,,10.90,0.0000,true,1,182272
7290000189482,false,תבניות אפיה מרובעות מקרטון ניקול 4 יחידות,"דוקארט בעמ, קיבוץ כפ",IL,תבנית אפיה מקרטון מר,יחידה,0.00,יחידה,false,,10.90,0.0000,true,1,123178
7290000189499,false,תבניות אפיה עגולות מקרטון ניקול 3 יחידות,"דוקארט בעמ, קיבוץ כפ",IL,תבנית אפייה מקרטון ע,יחידה,0.00,יחידה,false,,10.90,0.0000,true,1,123324
7290000189505,false,ניקול תבנית אפייה מקרטון אינגליש קייק ניקול 5 יחידות,"דוקארט בעמ, קיבוץ כפ",IL,תבנית אפיה מקרטון אי,יחידה,0.00,יחידה,false,,10.90,0.0000,true,1,123179
7290000189536,false,שקיות אשפהעם שרוך 65*52 ניקול 40 יחידות,אשפלסט,IL,אשפתון 40 יח',יחידה,0.00,יחידה,false,,19.90,0.0000,false,1,102907
7290000189550,false,שקיות אשפה מתכלות עם שרוך 78*90 ניקול 20 יחידות,קריות זול,IL,זוג שקיות אשפתון,יחידה,0.00,יחידה,false,,22.90,0.0000,false,1,102909
7290000189598,false,מטליות לחות חד פעמיות לניקוי כללי 50 יח' ניקול,עלבד משואות יצחק בעמ,IL,ניקול מטליות לחות,יחידה,0.00,יחידה,false,,10.90,0.0000,false,1,119367
7290000189659,false,מטליות לחות לרצפה ניקול 10 יח'-מרכז,עלבד משואות יצחק בעמ,IL,מטליות לחות רצפה ניק,יחידה,0.00,יחידה,false,,10.90,0.0000,false,1,122230
7290000189734,false,מטליות לחות לניקוי פרקט ניקול 10 יחידות,עלבד משואות יצחק בעמ,IL,מטליות לחות לפרקט,יחידה,0.00,יחידה,false,,10.90,0.0000,true,1,128925
7290000189871,false,שקיות אשפה עם שרוך 52*64 ניקול 55 יחידות,"אשפלסט תעשיות בע""מ",IL,אשפתון 60 שקיות מתכל,יחידה,0.00,יחידה,false,,22.90,0.0000,false,1,118081
7290000190068,false,מפיות לבנות ניקול 10,חוגלה קימברלי,IL,מפיות ניקול- 100 יח',יחידה,0.00,יחידה,false,,6.90,0.0000,false,1,102911
7290000190150,false,מפיות נייר תלת שכבתיות ניקול 20 יחידות,קריות זול,SI,מפיות מעוטרות ניקול-,גרמים,102.00,100 גרם,false,,6.90,0.0676,true,1,102913
7290000190198,false,מטליות לניקוי וחיטוי חדרי שירותים ואמבטיה,עלבד משואות יצחק בעמ,IL,מטלית לניקוי שירותים,יחידה,0.00,יחידה,false,,10.90,0.0000,false,1,145644
7290000190716,false,שקדים פרוסים,,,שקדים פרוסים,קילוגרמים,1.00,"ק""ג",true,,80.00,80.0000,true,1,100537
7290000191171,false,קלינקס קולקשן ניילון אריזת זוג,חוגלה,IL,קלינקס קולקשיין זוג,יחידה,0.00,יחידה,false,,8.90,0.0000,true,1,192647
7290000191225,false,האגיס חיתולים ליטל בייביס שלב 2 44 יחידו,קימברלי קלארק שיווק,IL,האגיס שלב 2,יחידה,0.00,יחידה,false,,37.90,0.0000,false,1,187271
7290000191539,false,ממחטות טישו לילי צבעוני חמישיה,חוגלה קימברלי,IL,מגבוני לילי צבעוני ח,גרמים,593.00,100 גרם,false,,13.90,0.0234,true,1,102926
7290000191546,false,ממחטות טישו צבעוני 2 שכבות לילי מארז 100X3יח',חוגלה קימברלי,IL,צבעוני שלישיה,גרמים,420.00,100 גרם,false,,10.90,0.0260,false,1,102927
7290000191652,false,קלינקס ממחטות טישו אולטרא סופט מארז 90X3יח',חוגלה קימברלי,IL,מארז קלינקס שלישיה,יחידה,0.00,יחידה,false,,11.90,0.0000,false,1,113007
7290000191966,false,לילי נטורל קר נייר טואלט לח 48 דפים,עלבד משואות יצחק בעמ,IL,נ.ט לילי לח סנסטיב,יחידה,0.00,יחידה,false,,8.90,0.0000,true,1,134156
7290000192581,false,מגבת נייר גליל כפול ניקול 12=6 גליל,חוגלה קימברלי,IL,שישיה נייר מגבת ניקו,יחידה,0.00,יחידה,false,,21.90,0.0000,false,1,197590
7290000193014,false,פדיות אינטרלוד מגיני יום לילי 50יח',חוגלה קימברלי,CZ,פדיות אינטרלוד,יחידה,0.00,יחידה,false,,10.60,0.0000,true,1,102930
7290000193083,false,נובה-לי תחבושות היגייניות לילי 28 יחידות,חוגלה קימברלי,CZ,נובה לי 28,יחידה,0.00,יחידה,false,,10.60,0.0000,true,1,114363
7290000193205,false,תחבושות לילה עם כנפיים לילי 20 יחידות,לילי נטורל,BE,לילי נטורל לילה,יחידה,0.00,יחידה,false,,12.90,0.0000,true,1,102934
7290000193472,false,מגן תחתון נטורל נורמל לילי 60 יחידות,חוגלה קימברלי,IL,פדיות לילי אינטר,יחידה,0.00,יחידה,false,,12.90,0.0000,true,1,102936
7290000193540,false,מגן תחתון ארוך נטורל לילי 52 יחידות,חוגלה קימברלי,IL,לילי אינטימייט ל,יחידה,0.00,יחידה,false,,12.90,0.0000,true,1,102937
7290000193618,false,לילי אינטימייט מגן תחתון נורמל 24 יח',קריות זול,,לילי אינטימייט ל,יחידה,0.00,יחידה,false,,12.90,0.0000,true,1,102939
7290000193649,false,תחבושות עם כנפיים נורמל פלוס לילי 24 יחידות,קריות זול,IL,זוג תחבושות לילי,יחידה,0.00,יחידה,false,,12.90,0.0000,true,1,102941
7290000193656,false,תחבושות עם כנפיים סופר פלוס לילי 24 יחידות,קריות זול,IL,זוג תחבושות לילי,יחידה,0.00,יחידה,false,,12.90,0.0000,true,1,102942
7290000193793,false,לילי תחבושות אינטימי נורמל אולט' 24 יח',לילי נטורל,BE,תחבושות אולטרה נ,יחידה,0.00,יחידה,false,,12.90,0.0000,false,1,102947
7290000194172,false,חטיפי ממתקים ללא סוכ,ממתקי השלום,IL,חטיפים ללא סוכר 250ג,גרמים,250.00,100 גרם,false,,12.90,0.0516,true,1,139881
7290000194288,false,משטח החתלה האגיס 10 יחידות,האגיס,BE,משטח החתלה האגיס,יחידה,0.00,יחידה,false,,23.90,0.0000,true,1,115431
7290000194837,false,ניקול - שקיות מזון + ידיות קשירה אקסטרה לארג' 200 יח',ניקול,IL,ניקול שקיות מזון XL,יחידה,0.00,יחידה,false,,11.90,0.0000,true,1,148522
7290000195032,false,שקמה מכנסון גזרתי סופר נייט L,General,IL,מכנסון סופג L אובר נ,יחידה,0.00,יחידה,false,,49.90,0.0000,false,1,209319
7290000195216,false,נייר אפייה בשקית ניקול 50 יחידות,ניקול,IL,נייר אפיה נישלף,יחידה,0.00,יחידה,false,,10.90,0.0000,false,1,148535
7290000195537,false,האגיס - מגבוני האגיס דיילי קר לא מבושם 64 יח' * 4,חוגלה קימברלי,IL,מגבונים האגיס,יחידה,0.00,יחידה,false,,19.90,0.0000,false,1,102993
7290000195773,false,האגיס - מגבוני האגיס סנסטיב קר לא מבושם 64 יח' * 4,חוגלה קימברלי,IL,האגיס נטורל מילוי רב,יחידה,0.00,יחידה,false,,19.90,0.0000,false,1,103000
7290000196039,false,"מפות שולחן איריס ח""פ ניקול 2 יח'",קריות זול,IL,זוג מפות ניקול,גרמים,250.00,100 גרם,false,,10.90,0.0436,true,1,103001
7290000196343,false,"מפת שולחן מהודרת לילי 180X120ס""מ",קריות זול,IL,מפת שולחן מהודרת,יחידה,0.00,יחידה,false,,10.90,0.0000,true,1,103005
7290000196763,false,ניקול שקיות לאשפה השקית החזקה 40 יח',"אשפלסט תעשיות בע""מ",IL,אשפתון ניקול השקית ה,יחידה,0.00,יחידה,false,,21.00,0.0000,true,1,133748
7290000197012,false,שקיות ריצ'רץ' אחסון למזון ניקול 15 יחידות,קריות זול,CN,שקיות ריץ רץ לאיחסון,יחידה,0.00,יחידה,false,,16.00,0.0000,true,1,103006
7290000197029,false,שקיות ריצ'רץ' רב תכליתיות ניקול 12 יחידות,קריות זול,IL,שקיות ריצ רצ לאיחסון,יחידה,0.00,יחידה,false,,16.00,0.0000,true,1,103007
7290000197081,false,ניקול ניילון נצמד 150 מטר+מתקן לחיתוך קל,ניקול,IL,ניילון נצמד- 150 מטר,יחידה,0.00,יחידה,false,,27.90,0.0000,true,1,103008
7290000197326,false,רדיד אלומניום ניקול זוגי 30X7.5מ',קריות זול,IL,זוג נייר כסף קטן- עו,יחידה,0.00,יחידה,false,,11.90,0.0000,false,1,103012
7290000197340,false,"רדיד אלומניום ארוך 45 ס""מ רוחב ניקול 7.5 מטר",קריות זול,IL,זוג רדיד אלומיניום א,יחידה,0.00,יחידה,false,,16.90,0.0000,true,1,103013
7290000197425,false,האגיס פרידום דריי שלב 3 54 יחידות,קימברלי קלארק ישראל,IL,האגיס פרידום דריי של,יחידה,0.00,יחידה,false,,41.90,0.0000,false,1,151244
7290000197432,false,שקיות אוכל סנדביצ'ון ניקול מארז 150X2יח',"אשפלסט תעשיות בע""מ",IL,סנדוויצון זוג- 300 י,יחידה,0.00,יחידה,false,,13.90,0.0000,true,1,103015
7290000197456,false,האגיס פרידום דריי שלב 4 44 יחידות,קימברלי קלארק ישראל,IL,האגיס פרידום שלב 4,יחידה,0.00,יחידה,false,,41.90,0.0000,false,1,151247
7290000197463,false,האגיס פרידום דריי שלב 4 + 40 יחידות,קימברלי קלארק ישראל,IL,האגיס פרידום דריי של,יחידה,0.00,יחידה,false,,41.90,0.0000,false,1,151248
7290000197548,false,האגיס פרידום דריי שלב 5 38 יחידות,קימברלי קלארק ישראל,IL,האגיס פרידום דריי של,יחידה,0.00,יחידה,false,,41.90,0.0000,false,1,151249
7290000197654,false,שקיות אשפה ענקיות נשלפות 75*90 ניקול 50 יחידות,"אשפלסט תעשיות בע""מ",IL,שקיות אשפה ניקול בגו,יחידה,0.00,יחידה,false,,22.90,0.0000,false,1,103023
7290000197678,false,האגיס פרידום דריי שלב 6 34 יחידות,קימברלי קלארק ישראל,IL,האגיס פרידום פלוס של,יחידה,0.00,יחידה,false,,41.90,0.0000,false,1,151250
7290000197753,false,ניילון נצמד אנטי בטקריאלי ניקול 30X2מ',קריות זול,CN,זוג ניילון נצמד,יחידה,0.00,יחידה,false,,11.90,0.0000,false,1,103027
7290000197876,false,תבניות אלומיניום קטנות עם מכסה ניקול 4 יחידות,פאלאס,CN,מגשית אלומיניום עם מ,יחידה,0.00,יחידה,false,,8.90,0.0000,true,1,103033
7290000197883,false,תבניות אלומיניום גדולות ניקול 5 יחידות,ארץ ייצור: סין,CN,מגשית אלומיניום גדול,יחידה,0.00,יחידה,false,,9.90,0.0000,true,1,103034
7290000197951,false,תבניות אלומיניום ענקיות ניקול 3 יחידות,פאלאס,IL,מגש אלומיניום ענק 3,יחידה,0.00,יחידה,false,,9.90,0.0000,true,1,103035
7290000197982,false,"רדיד אלומיניום עבה 45 ס""מ רוחב ניקול 2 יח' 7.5 מטר",ניקול,IL,זוג רדיד אלומיניום ע,יחידה,0.00,יחידה,false,,22.90,0.0000,true,1,103036
7290000197999,false,רדיד אלומיניום עבה ניקול זוגי 30X7.5מ',קריות זול,IL,זוג רדיד אלומיניום ע,יחידה,0.00,יחידה,false,,17.90,0.0000,true,1,103037
7290000199313,false,תחבושות עם כנפיים נורמל פלוס קוטקס 30 יחידות,קוטקס,IL,תחבושות קוטקס יאנג 2,יחידה,0.00,יחידה,false,,17.90,0.0000,true,1,103038
7290000201832,false,טיטולים פרימיום שלב 3 50 יחידות,חוגלה קימברלי,IL,טיטולים פרימיום שלב,יחידה,0.00,יחידה,false,,32.90,0.0000,false,1,185512
7290000201856,false,טיטולים פרימיום שלב4+ 38 יחידות .,חוגלה קימברלי,IL,טיטולים פרימיום שלב,יחידה,0.00,יחידה,false,,32.90,0.0000,false,1,185514
7290000201863,false,טיטולים פרימיום שלב 5 34 יחידות,חוגלה קימברלי,IL,טיטולים פרימיום שלב,יחידה,0.00,יחידה,false,,32.90,0.0000,false,1,185515
7290000201870,false,טיטולים פרימיום שלב 6 30 יחידות,חוגלה קימברלי,IL,טיטולים פרימיום שלב,יחידה,0.00,יחידה,false,,32.90,0.0000,false,1,185516
7290000201979,false,האגיס מגבונים ללא בישום רביעייה מהדורה,חוגלה קימברלי,IL,מגבוני האגיס רביעיה,יחידה,0.00,יחידה,false,,19.90,0.0000,false,1,188684
7290000204086,false,ניקול כרית קרצוף מארז שלישייה,חוגלה קימברלי,US,כרית קרצוף ניקול,יחידה,0.00,יחידה,false,,10.90,0.0000,false,1,103052
7290000204147,false,כריות יפניות עבות ניקול 4 יחידות,פלסטו פוליש (ברקן),IL,כרית יפנית רביעיה,יחידה,0.00,יחידה,false,,10.90,0.0000,false,1,103053
7290000204215,false,כריות יפניות ניקול 6 יחידות,פלסטו פוליש (ברקן),IL,כרית יפנית שישייה ני,יחידה,0.00,יחידה,false,,10.90,0.0000,false,1,103054
7290000204239,false,ניקול מטליות ריצפה רביעיה,עופרטקס,IL,מטליות רצפה רביע,יחידה,0.00,יחידה,false,,12.90,0.0000,true,1,103055
7290000204253,false,מטליות רב שימושיות לניקיון ניקול 9 יחידות,נועם אורים-קיבוץ אור,IL,מטליות ניקול תשי,יחידה,0.00,יחידה,false,,10.90,0.0000,false,1,103056
7290000204512,false,מטליות לחות לרצפה בניחוח לימון 10 יח' ניקול,עלבד משואות יצחק בעמ,IL,מטליות לחות לריצפה ב,יחידה,0.00,יחידה,false,,10.90,0.0000,true,1,195778
7290000204611,false,ספוגית הקסם ניקול 6 יחידות,קריות זול,US,ניקול ספוגית,יחידה,0.00,יחידה,false,,10.90,0.0000,false,1,103060
7290000205762,false,חיתולי האגיס אקסטרה קייר מידה 3 48 יח',חוגלה קימברלי,IL,האגיס אקסטרה קייר מי,יחידה,0.00,יחידה,false,,49.90,0.0000,false,1,189917
7290000205915,false,חיתולי האגיס אקסטרה קייר מידה 4 40יח,חוגלה קימברלי,IL,האגיס אקסטרה קייר מי,יחידה,0.00,יחידה,false,,49.90,0.0000,false,1,189918
7290000207063,false,רסק עגבניות פריכוז 28% 240 גרם יכין,היינץ צפון אמריקה מק,IL,פריכוז יכין 240 גר',גרמים,240.00,100 גרם,false,,5.50,0.0229,true,1,109593
7290000207162,false,רוטב עגבניות מרכיב טבעי 100 ג' יכין,"זנלכל בע""מ",IL,רוטב עגבניות יכין 10,גרמים,100.00,100 גרם,false,,2.50,0.0250,false,1,109595
7290000207438,false,עגבניות 2.5 A קוביות 850 גרם יכין,"זנלכל בע""מ",IL,קוביות עגבניות 800 ג,גרמים,800.00,100 גרם,false,,8.90,0.0111,true,1,120201
7290000208008,false,חריסה יכין A2 בית יוסף,"זנלכל בע""מ",IL,חריסה רסק פלפל חריף,גרמים,600.00,100 גרם,false,,8.90,0.0148,true,1,109597
7290000208022,false,עגבניות 2.5 A מרוסקות 850 גרם יכין,"זנלכל בע""מ",IL,עגבניות מרוסקות 800,גרמים,800.00,100 גרם,false,,8.90,0.0111,true,1,109598
7290000208077,false,אפונת גינה רגילה 550 גרם יכין,"זנלכל בע""מ",IL,אפונת גינה בינוני 55,גרמים,550.00,100 גרם,false,,8.50,0.0155,true,1,109600
7290000208114,false,"אפונה וגזר יכין A2 פ""ק בית יוסף","זנלכל בע""מ",IL,אפונה וגזר 550 גרם,גרמים,550.00,100 גרם,false,,8.50,0.0155,true,1,109603
7290000208138,false,סירופ דיאט בטעם ענבים יכין 1 ליטר,"זנלכל בע""מ",IL,סירופ דיאט ענבים,ליטרים,1.00,ליטר,false,,16.90,16.9000,true,1,109605
7290000208145,false,גרעיני תירס מתוק לייט 550 גרם יכין,"זנלכל בע""מ",IL,תירס לייט 550 גרם,גרמים,550.00,100 גרם,false,,8.90,0.0162,true,1,109606
7290000208176,false,"תפוח אדמה יכין A2 פ""מ בית יוסף","זנלכל בע""מ",IL,תפוחי אדמה יכין 550,גרמים,550.00,100 גרם,false,,8.90,0.0162,true,1,109607
7290000208213,false,שעועית לבנה אפויה A2 ברוטב עגבניות יכין 560ג',היינץ צפון אמריקה מק,IL,שעועית אפויה לבנה בר,גרמים,580.00,100 גרם,false,,8.50,0.0147,true,1,109609
7290000208220,false,"שעועית צ'לי יכין פ""ק A2 בית יוסף",היינץ צפון אמריקה מק,IL,שעועית צ'ילי מקסיקני,גרמים,550.00,100 גרם,false,,8.90,0.0162,true,1,109610
7290000208244,false,"בסיס לשקשוקה יכין A2 פ""ק בית יוסף","זנלכל בע""מ",IL,בסיס עגבניות לשקשוקה,גרמים,570.00,100 גרם,false,,8.90,0.0156,true,1,109611
7290000208251,false,שעועית ירוקה חתוכה יכין 550 גרם,"זנלכל בע""מ",IL,שעועית ירוקה חתוכה,גרמים,550.00,100 גרם,false,,8.90,0.0162,true,1,109612
7290000208268,false,שעועית צהובה 560 גר יכין,"זנלכל בע""מ",IL,שעועית צהובה חתוכה,גרמים,550.00,100 גרם,false,,8.90,0.0162,true,1,109613
7290000208312,false,גרעיני תירס מתוק בואקום יכין 400 גר',"זנלכל בע""מ",IL,תירס בואקום,גרמים,325.00,100 גרם,false,,6.50,0.0200,false,1,109614
7290000208329,false,גרעיני תירס מתוק 550 גרם יכין,"זנלכל בע""מ",IL,תירס מתוק 550 גרם,גרמים,550.00,100 גרם,false,,8.50,0.0155,false,1,109615
7290000208336,false,רסק יכין 240גר 22% יכין בית יוסף,"זנלכל בע""מ",IL,רוטב עגבניות 240 גר',גרמים,240.00,100 גרם,false,,4.50,0.0188,false,1,109616
7290000208343,false,עגבניות מרוסקות שום יכין A2.5 בית יוסף,היינץ צפון אמריקה מק,IL,עגבניות מרוסקות שום,יחידה,0.00,יחידה,false,,8.90,0.0000,true,1,146367
7290000208350,false,עגבניות מרוסקות בצל 850 גר יכין A 2.5,זנלכל,IL,עגבניות מרוסקות+בצל,גרמים,800.00,100 גרם,false,,8.90,0.0111,true,1,147946
7290000208367,false,עגבניות מרוסקות בתוספת בזיליקום 800 ג' יכין,זנלכל,IL,עגבניות מרוסקות בזיל,יחידה,0.00,יחידה,false,,8.90,0.0000,true,1,142160
7290000208404,false,A2 פול מצרי 550 גרם יכין,"זנלכל בע""מ",IL,פול מצרי 600 גרם,גרמים,600.00,100 גרם,false,,7.90,0.0132,true,1,109617
7290000208428,false,גרגרי חומוס שלם 550 גרם יכין,"זנלכל בע""מ",IL,חומוס גרעינים 550 גר,גרמים,550.00,100 גרם,false,,8.50,0.0155,true,1,109618
7290000208480,false,גרעיני תירס מתוק בטעם חמאה 550 גרם יכין,קריות זול,IL,תירס בטעם חמאה,גרמים,550.00,100 גרם,false,,8.90,0.0162,true,1,109622
7290000208534,false,גרעיני תירס מתוק לילדים 550 גרם יכין,"זנלכל בע""מ",IL,תירס קיד 550 גרם,גרמים,550.00,100 גרם,false,,8.90,0.0162,true,1,109624
7290000208855,false,רוטב לפסטה קלאסי 240 גרם יכין,"זנלכל בע""מ",IL,רוטב עגבניות לפסטה 2,גרמים,240.00,100 גרם,false,,4.90,0.0204,true,1,109628
7290000208930,false,עגבניות מרוסקות בתוספת שום 240 גרם יכין,"זנלכל בע""מ",IL,עגבניות מרוסקות עם ש,גרמים,260.00,100 גרם,false,,4.90,0.0188,true,1,109590
7290000208947,false,עגבניות מרוסקות 260 גרם יכין,היינץ צפון אמריקה מק,IL,עגבניות מרוסקות 260,גרמים,260.00,100 גרם,false,,4.90,0.0188,true,1,109591
7290000208978,false,פריכוז 100 גרם יכין בית יוסף,היינץ צפון אמריקה מק,IL,פריכוז 100 גר',גרמים,100.00,100 גרם,false,,2.90,0.0290,true,1,147947
7290000209012,false,חומץ 1ליטר יכין הדרים,"זנלכל בע""מ",IL,חומץ הדרים 5%,ליטרים,1.00,ליטר,false,,6.90,6.9000,true,1,109631
7290000209043,false,מיץ לימון לתיבול יכין 1 ליטר,היינץ צפון אמריקה מק,IL,רוטב לימון 1 ליטר יכ,ליטרים,1.00,ליטר,false,,6.90,6.9000,true,1,109632
7290000209173,false,חומצה אצטית למזון 5% יכין 1 ליטר,זנלכל,IL,חומץ סינטטי,ליטרים,1.00,ליטר,false,,4.90,4.9000,true,1,109636
7290000209371,false,תירס מתוק יכין 200 גרם מארז 3 יח',היינץ צפון אמריקה מק,IL,שלישיה תירס יכין 3*1,גרמים,420.00,100 גרם,false,,13.90,0.0331,false,1,186832
7290000209388,false,תירס מתוק לייט יכין 200 גרם מארז 3 יח',קסקמט,IL,שלישיות תירס לייט יכ,גרמים,165.00,100 גרם,false,,13.90,0.0842,true,1,190463
7290000209517,false,סירופ דיאט בטעם לימון יכין 1 ליטר,היינץ צפון אמריקה מק,IL,סירופ לימון דיאט,ליטרים,1.00,ליטר,false,,16.90,16.9000,true,1,109648
7290000209524,false,סירופ דיאט בטעם פטל יכין 1 ליטר,זנלכל,IL,סירופ פטל דיאט,ליטרים,1.00,ליטר,false,,16.90,16.9000,true,1,109649
7290000209531,false,סירופ דיאט בטעם אשכוליות יכין 1 ליטר,זנלכל,IL,סירופ אשכ. דיאט,ליטרים,1.00,ליטר,false,,16.90,16.9000,true,1,109650
7290000209555,false,סירופ דיאט בטעם תפוחים יכין 1 ליטר,זנלכל,IL,"סירופ ת""ע דיאט",ליטרים,1.00,ליטר,false,,16.90,16.9000,true,1,109651
7290000209579,false,סירופ דיאט בטעם אננס יכין 1 ליטר,"זנלכל בע""מ",IL,סירופ אננס דיאט,ליטרים,1.00,ליטר,false,,16.90,16.9000,true,1,109653
7290000209708,false,עגבניות מרוסקות עם בזיליקום יכין 240 גרם,היינץ צפון אמריקה מק,IL,עגבניות מרוסקות עם ב,גרמים,260.00,100 גרם,false,,4.90,0.0188,true,1,109592
7290000209722,false,רסק עגבניות 28% פריכוז 580 גרם יכין,"זנלכל בע""מ",IL,רסק עגבניות פריכוז,גרמים,580.00,100 גרם,false,,9.90,0.0171,true,1,109655
7290000209906,false,עגבניות מרוסקות בתוספת בצל 240 גרם יכין,זנלכל,IL,עגבניות מרוסקות עם ב,גרמים,260.00,100 גרם,false,,4.90,0.0188,true,1,119479
7290000209944,false,רוטב לעגבניות בסיס לשקשוקה 240 ג' יכין,"זנלכל בע""מ",IL,רוטב עגבניות לשקשוקה,גרמים,260.00,100 גרם,false,,4.90,0.0188,true,1,115937
7290000209951,false,רוטב עגבניות לפיצה 260 גרם יכין,"זנלכל בע""מ",IL,רוטב עגבניות לפיצה 2,גרמים,260.00,100 גרם,false,,4.90,0.0188,true,1,116721
7290000209968,false,רוטב עגבניות ללזניה יכין 240 גרם,"זנלכל בע""מ",IL,רוטב עגבניות ללזניה,גרמים,260.00,100 גרם,false,,4.90,0.0188,true,1,116722
7290000210469,false,עגבניות שלמות יכין A2.5 בית יוסף,זנלכל,IL,עגבניות שלמות מקולפו,גרמים,800.00,100 גרם,false,,8.90,0.0111,true,1,123988
7290000210896,false,רוטב לפסטה בולונז 240 גרם יכין,"זנלכל בע""מ",IL,רוטב בולונז לפסטה 24,גרמים,240.00,100 גרם,false,,4.90,0.0204,true,1,125020
7290000211138,false,סיימן גבינת עיזים הו,,,גבינת עיזים הולנדית,קילוגרמים,1.00,"ק""ג",true,,145.00,145.0000,true,1,150364
7290000211169,false,"אורז תאילנדי אחד אחד סוגת 1 ק""ג",האי נאם סי או אל.טי.,IL,אורז תאילנדי 1 קג,יחידה,1.00,יחידה,false,,6.90,6.9000,false,1,98617
7290000211312,false,סוגת אורז מלא פרסי אחד אחד 1 קג,האי נאם סי או אל.טי.,IL,אורז מלא,יחידה,1.00,יחידה,false,,9.90,9.9000,true,1,98619
7290000211374,false,"קמח מלא סוגת 1 ק""ג",טחנת קמח דגן-שטיבל,IL,קמח מלא 1קג,יחידה,1.00,יחידה,false,,6.90,6.9000,false,1,98620
7290000211381,false,"סוכר חום כהה בשקית סוגת 1 ק""ג","טונגט היולט שוגר בע""",ZA,סוכר חום,יחידה,1.00,יחידה,false,,14.90,14.9000,false,1,98621
7290000211442,false,"סוגת אורז פרסי קלאסי שקית 1 ק""ג",האי נאם סי או אל.טי.,IL,אורז פרסי,יחידה,1.00,יחידה,false,,9.90,9.9000,false,1,98623
7290000211503,false,סוכר לבן ארוז בשקית,"סוגת תעשיות בע""מ",IL,סוכר סוגת,יחידה,1.00,יחידה,false,,3.90,3.9000,false,1,98624
7290000211985,false,"סוגת אורז עגול ריזוטו 1 ק""ג","סוגת תעשיות בע""מ",IL,אורז עגול 1 קג,יחידה,1.00,יחידה,false,,12.90,12.9000,true,1,98628
7290000212173,false,וופל טעם שוקולד מנעמים 500 ג',קריות זול,,וופל מנעמים,גרמים,500.00,100 גרם,false,,8.90,0.0178,false,1,97317
7290000212401,false,וופל מצופית מנעמים 400ג',קריות זול,,מנעמים מצופית,גרמים,400.00,100 גרם,false,,8.90,0.0223,false,1,97318
7290000212975,false,"ופל שוקו מנעמים 1 ק""",מנעמים,,וופל 1 קג שוקולד,יחידה,1.00,יחידה,false,,16.90,16.9000,true,1,112326
7290000214115,false,מרק עוף צנצנת 400 גרם-ויטה,"פרי הגליל בע""""מ",IL,מרק עוף צנצ 400',גרמים,400.00,100 גרם,false,,10.90,0.0273,true,1,99602
7290000218502,false,שעועית לחמין א/2 פרי,"פרי הגליל בע""""מ",IL,חמין 2א,גרמים,568.00,100 גרם,false,,8.90,0.0157,true,1,99617
7290000230145,false,חלה מתוקה קלועה,בונז'ור,,חלה מתוקה קלועה,יחידה,0.00,יחידה,false,,12.90,0.0000,true,1,113087
7290000238029,false,"בצק עלים צרפתי מרודד מעדנות 1 ק""ג",מיוצר עי קונדיטוריית,IL,בצק עלים צרפתי מרודד,קילוגרמים,1.00,"ק""ג",false,,19.90,19.9000,false,1,97712
7290000238036,false,מלווח עגול מעדנות 700 ג',מיוצר עי קונדיטוריית,IL,מלווח,גרמים,700.00,100 גרם,false,,16.90,0.0241,false,1,97713
7290000238173,false,בורקס גבינה מעדנות 800 גרם,מיוצר עי קונדיטוריית,IL,בורקס גבינה,גרמים,800.00,100 גרם,false,,22.90,0.0286,false,1,97714
7290000238180,false,בורקס תפוחי אדמה מעדנות 800 גרם,מיוצר עי קונדיטוריית,IL,"בורקס תפו""א מעדנות",גרמים,800.00,100 גרם,false,,19.90,0.0249,false,1,97715
7290000240541,false,ריבועי בצק עלים מעדנות 800 גרם,מיוצר עי קונדיטוריית,IL,ריבועי בצק עלים,גרמים,800.00,100 גרם,false,,23.50,0.0294,false,1,97717
7290000244051,false,"סבון נוזלי הוואי מ.טרופי - שלישיה * 500 מ""ל",קריות זול,IL,שלשה ס.נוזלי הוואי מ,ליטרים,1.50,ליטר,false,,15.90,10.6000,true,1,110686
7290000244082,false,סבון נוזלי הוואי שמיים כחולים 500 מל שלש,קריות זול,IL,שלשה ס.נוזלי הוואי ש,ליטרים,1.50,ליטר,false,,15.90,10.6000,true,1,110688
7290000244143,false,"הוואי - קרם לאחר גילוח 120 מ""ל",טרופיקל דגיל קוסמטיק,IL,הוואי קרם לאחר גילוח,גרמים,120.00,100 גרם,false,,16.90,0.1408,true,1,110692
7290000244525,false,שפיץ צ'אך טרי,,,שפיץ צ'אך טרי,קילוגרמים,1.00,"ק""ג",true,,110.00,110.0000,false,1,217508
7290000244631,false,ענוגה גליצרין קרם ידיים 80 מל,טרופיקל דגיל,IL,קרם ענוגה גליצרין 80,מיליליטרים,100.00,"100 מ""ל",false,,10.90,0.1090,true,1,201547
7290000244761,false,קרם ידיים וולוטה 80 גרם,טרופיקל דגיל קוסמטיק,IL,קרם ולוטה 80 גר',מיליליטרים,100.00,"100 מ""ל",false,,7.90,0.0790,true,1,110699
7290000245072,false,סוד מרכך כביסה בייבי סנסטיב 4 ליטר,"הנקל סוד בע""מ",IL,מרכך הכביסה - סוד בי,ליטרים,4.00,ליטר,false,,18.90,4.7250,false,1,110704
7290000245157,false,סוד סופט מרכך כביסה סנסיישן 4 ליטר,"הנקל סוד בע""מ",IL,מרכך כביסה סוד לבן ס,ליטרים,4.00,ליטר,false,,18.90,4.7250,false,1,110711
7290000245270,false,"פרסיל אבקה לכביסה רגיל שקית 1.25 ק""ג","הנקל סוד בע""מ",IL,פרסיל Active Soda שק,קילוגרמים,1.25,"ק""ג",false,,15.90,12.7200,false,1,110715
7290000245287,false,"פרסיל אבקת כביסה 1.250 ק""ג קולור ויניגר","הנקל סוד בע""מ",IL,פרסיל קולור שקית 1.2,קילוגרמים,1.25,"ק""ג",false,,15.90,12.7200,false,1,110716
7290000245478,false,"סוד - אבקת כביסה לבגדי תינוקות 1.25 ק""ג","הנקל סוד בע""מ",IL,אבקת הכביסה - סוד לת,קילוגרמים,1.25,"ק""ג",false,,12.90,10.3200,true,1,110718
7290000245508,false,"אב.כביסה סוד פרפקט 1.25ק""ג-שקית כחולה","הנקל סוד בע""מ",IL,א.כ. סוד פרפקט שקית,קילוגרמים,1.25,"ק""ג",false,,12.90,10.3200,false,1,110720
7290000245515,false,"א.כ סוד קומפקט ביואקטיב פרפריום 1.25 ק""ג","הנקל סוד בע""מ",IL,א.כ. סוד פרפיום שקית,קילוגרמים,1.25,"ק""ג",false,,12.90,10.3200,false,1,110721
7290000245539,false,"קומפקט סוד 1.250 ק""ג קולור לכביסה צבעונית","הנקל סוד בע""מ",IL,א.כ. סוד קולור שקית,קילוגרמים,1.25,"ק""ג",false,,12.90,10.3200,false,1,110723
7290000245782,false,סוד סופט מרכך כביסה ורוד 4 ליטר,"הנקל סוד בע""מ",IL,מ.כביסה סוד ורוד 4 ל,ליטרים,4.00,ליטר,false,,18.90,4.7250,false,1,110735
7290000245799,false,סוד סופט מרכך כביסה כחול 4 ליטר,"הנקל סוד בע""מ",IL,מ.כביסה סוד כחול 4 ל,ליטרים,4.00,ליטר,false,,18.90,4.7250,false,1,110736
7290000253220,false,שוקולד צ'יפס חום אופנהיימר 260 גר',אופנהיימר,IL,שוקולד ציפס,גרמים,260.00,100 גרם,false,,11.90,0.0458,true,1,111180
7290000253251,false,שוקולד צ'יפס לבן אופנהיימר 250 גרם,אופנהיימר,IL,שוקולד צי'פס אופנהיי,גרמים,250.00,100 גרם,false,,11.90,0.0476,true,1,98473
7290000253374,false,מיני שוקולד צ'יפס - נטיפי שוקולד מריר,אופנהיימר,IL,מיני שוקולד צ'יפס 25,גרמים,250.00,100 גרם,false,,14.90,0.0596,true,1,218196
7290000253800,false,סוכריות לקישוט צבעוניות 90 גרם - צבעים טבעיים,אופנהיימר,IL,סוכריות לקישוט 90 גר,גרמים,90.00,100 גרם,false,,8.50,0.0944,true,1,203082
7290000254197,false,קפה לאספרסו זהב עלית 200 ג',קריות זול,IL,אספרסטו זהב 200 גרם,גרמים,200.00,100 גרם,false,,24.90,0.1245,true,1,98823
7290000262161,false,נייר טואלט לב אדום 40 גלילים מולט,מולט / שמורת טבע,IL,נייר טואלט מולט 40 ל,גרמים,3160.00,100 גרם,false,,36.90,0.0117,false,1,103068
7290000262413,false,חיתולי האגיס אקסטרה קייר מידה 5 34יח,חוגלה קימברלי,IL,האגיס אקסטרה קייר מי,יחידה,0.00,יחידה,false,,49.90,0.0000,false,1,189931
7290000263359,false,האגיס - פיור נטורל שלב 1 ניו בורן 40 יח',קימברלי קלארק שיווק,IL,האגיס שלב 1 כותנה או,יחידה,0.00,יחידה,false,,37.90,0.0000,false,1,124921
7290000267012,false,שקדים מולבנים שלמים,"דין שיווק וקלייה בע""",IL,שקד מולבן שלם 100 גר,גרמים,100.00,100 גרם,false,,8.90,0.0890,true,1,97324
7290000267029,false,שקדים מולבנים חצויים,"דין שיווק וקלייה בע""",IL,שקדים מולבנים חצויים,גרמים,100.00,100 גרם,false,,8.90,0.0890,true,1,111181
7290000267036,false,שקדים משובבים השף 100 ג',"דין שיווק וקלייה בע""",IL,שקדים משובבים 100 גר,גרמים,100.00,100 גרם,false,,8.90,0.0890,true,1,97325
7290000267043,false,שקדים מולבנים פרוסים,"דין שיווק וקלייה בע""",IL,שקדים מולבנים פרוסים,גרמים,100.00,100 גרם,false,,8.90,0.0890,true,1,111182
7290000267050,false,שקד מולבן טחון 100 גרם,"דין שיווק וקלייה בע""",IL,שקד טבעי טחון 100 גר,גרמים,100.00,100 גרם,false,,8.90,0.0890,true,1,111183
7290000267104,false,שקד מולבן גרוס/מרוסק 100 גרם,"דין שיווק וקלייה בע""",IL,שקד טבעי גרוס 100 גר,גרמים,100.00,100 גרם,false,,8.90,0.0890,true,1,97326
7290000267548,false,אגוזי מלך טחונים השף,"דין שיווק וקלייה בע""",IL,אגוזי מלך טחונים השף,גרמים,100.00,100 גרם,false,,8.90,0.0890,true,1,115553
7290000267555,false,בוטנים טבעיים גרוסים,"דין שיווק וקלייה בע""",,בוטנים טבעים טחונים,גרמים,100.00,100 גרם,false,,5.50,0.0550,true,1,115554
7290000267586,false,גרעייני חמניה קלופים 150 גר,"דין שיווק וקלייה בע""",US,גרעיני חמניה קלופים,גרמים,150.00,100 גרם,false,,6.50,0.0433,true,1,139062
7290000267678,false,גרעיני דלעת טבעי קלוף שקדיה 150 ג',"דין שיווק וקלייה בע""",US,גרעיני דלעת טבעי קלו,גרמים,150.00,100 גרם,false,,8.50,0.0567,true,1,128745
7290000272443,false,סירופ דיאט בטעם תפוזים עסיס 1 ליטר,בית-השיטה עסיס תעשיו,IL,סירופ דיאט תפוז,ליטרים,1.00,ליטר,false,,17.90,17.9000,false,1,93947
7290000272467,false,עסיס פטל דיאט סירופ 1 ליטר,בית-השיטה עסיס תעשיו,IL,סירופ דיאט פטל,ליטרים,1.00,ליטר,false,,17.90,17.9000,false,1,93948
7290000272696,false,עסיס מיץ לימון טבעי משומר 1 ל' אסם,בית-השיטה עסיס תעשיו,IL,מיץ לימון משומר 1ליט,ליטרים,1.00,ליטר,false,,9.90,9.9000,false,1,93950
7290000272726,false,חומץ רכיבים רכיבים טבעיים 5% עסיס 1 ליטר,בית השיטה עסיס תעשיו,IL,חומץ 5% אסם,ליטרים,1.00,ליטר,false,,6.90,6.9000,true,1,93952
7290000286228,false,"שישיית כריות יפניות ""סנו סושי""",סנו מפעלי ברונו בעמ,IL,סנו סושי שישיה,יחידה,0.00,יחידה,false,,11.50,0.0000,false,1,108161
7290000286297,false,"אנטי קאלק מסיר אבנית מקומקום סנו 700 מ""ל",סנו מפעלי ברונוס בעמ,IL,סנו מסיר אבן מקו,מיליליטרים,700.00,"100 מ""ל",false,,9.90,0.0141,true,1,108162
7290000286549,false,מטליות לניקוי כללי סנו סושי 9 יחידות,נועם אורים תעשיות בע,IL,מטלית לכל 9 בשקי,יחידה,0.00,יחידה,false,,11.90,0.0000,false,1,108169
7290000286594,false,אבקה לניקוי ריח לימון סנו 600 גרם,סנו מפעלי ברונוס בעמ,IL,סנואיקס לימון,גרמים,600.00,100 גרם,false,,9.90,0.0165,true,1,108171
7290000286761,false,ניילון נצמד סנו סושי פלסטיק מארז 30X2 מ',מיוצר עי קונדיטוריית,CN,זוג ניילון נצמד,יחידה,0.00,יחידה,false,,11.50,0.0000,false,1,108174
7290000286877,false,"רב מתכת מנקה מתכות סנו 300 מ""ל",סנו,IL,סנו רב מתכת,יחידה,300.00,יחידה,false,,22.90,0.0763,true,1,108175
7290000286907,false,"ספריי מסיר כתמים באירוסול ""סנו""",סנו מפעלי ברונוס בעמ,IL,סנו מסיר כתמים,מיליליטרים,170.00,"100 מ""ל",false,,24.90,0.1465,true,1,108177
7290000286921,false,"מסיר כתמים רסס כבס ""סנוקל""",סנו מפעלי ברונוס בעמ,IL,סנוקל רסס כבס,מיליליטרים,750.00,"100 מ""ל",false,,12.90,0.0172,false,1,108179
7290000286945,false,"נוזל+אקדח לניקוי רהיט ""סנו""","סנו מפעלי ברונוס בע""",IL,סנו רהיט,מיליליטרים,500.00,"100 מ""ל",false,,24.90,0.0498,true,1,108180
7290000287102,false,"ספריי שמפו לניקוי שטיחים סנו 600 מ""ל",מיוצר עי קונדיטוריית,IL,סנו שמפו שטיחים,מיליליטרים,600.00,"100 מ""ל",false,,21.90,0.0365,true,1,108182
7290000287195,false,"סנו רהיט ספריי עשיר בווקס להברקה 305 מ""ל",מיוצר עי קונדיטוריית,IL,סנו רהיט,מיליליטרים,300.00,"100 מ""ל",false,,13.90,0.0463,false,1,108184
7290000287409,false,"שלישיית סנובון תות לאסלה ""סנו""",סנו מפעלי ברונוס בעמ,IL,סנובון שלישיות,גרמים,165.00,100 גרם,false,,12.90,0.0782,true,1,108191
7290000287430,false,סנובון צבעוני לאסלה בריח לימון שלישייה,סנו מפעלי ברונו בעמ,IL,סנובון שלישיה צבעוני,גרמים,165.00,100 גרם,false,,12.90,0.0782,true,1,108192
7290000287485,false,"שלישיית סנובון לובר לאסלה ""סנו""",סנו מפעלי ברונו בעמ,IL,סנובון שלישיה לובר,גרמים,165.00,100 גרם,false,,12.90,0.0782,true,1,108193
7290000287492,false,"סנובון נוזל לניקוי אסלות בריח לימון סנו 750 מ""ל","איי, בי, אינבוו",IL,סנובון נוזלי,מיליליטרים,750.00,"100 מ""ל",false,,9.90,0.0132,true,1,108194
7290000287607,false,"אקוה בלו סבון לניאגרה סנו 150 מ""ל",קריות זול,IL,סנובלו אסלה,גרמים,150.00,100 גרם,false,,19.90,0.1327,true,1,108196
7290000287621,false,"אנטי קאלק נוזל לניקוי אסלות סנו 750 מ""ל",מיוצר עי קונדיטוריית,IL,סנו C.W עם זרבוב,מיליליטרים,750.00,"100 מ""ל",false,,12.90,0.0172,true,1,111982
7290000288017,false,אקונומיקה בריח לימון סנו ז'אוול 1 ליטר,"סנו מפעלי ברונוס בע""",IL,אקונומיקה סנו 1,ליטרים,1.00,ליטר,false,,8.50,8.5000,true,1,108203
7290000288024,false,סנו - ז'אוול אקונומיקה בריח לימון 4 ליטר,"סנו מפעלי ברונוס בע""",IL,סנו לימון אקונ,ליטרים,4.00,ליטר,false,,16.90,4.2250,false,1,108204
7290000288031,false,"אקונומיקה תו תקן 4 ליטר ""סנו""","סנו מפעלי ברונוס בע""",IL,אקונומיקה 4 ליטר,ליטרים,4.00,ליטר,false,,13.00,3.2500,true,1,141626
7290000288079,false,סנו - ז'אוול אקונומיקה לימון 2 ליטר,"סנו מפעלי ברונוס בע""",IL,סנו ג'בל 2 ליטר,ליטרים,2.00,ליטר,false,,9.90,4.9500,false,1,108206
7290000288109,false,"אבקת כביסה מקסימה אפקט ג''אוול 1.25 ק""ג סנו",סנו מפעלי ברונוס בעמ,IL,שקית סנו מקסימה,קילוגרמים,1.25,"ק""ג",false,,14.90,11.9200,false,1,108208
7290000288352,false,"סנו K-300 חרקים ונמלים 630מ""ל","סנו מפעלי ברונוס בע""",IL,סנו ק 300-,מיליליטרים,630.00,"100 מ""ל",false,,21.90,0.0348,false,1,108215
7290000288383,false,"סנו K-500 נמלים ותיקנים 630מ""ל",מיוצר עי קונדיטוריית,IL,ק 500 סנו-,מיליליטרים,400.00,"100 מ""ל",false,,21.90,0.0547,true,1,108216
7290000288390,false,"קוטל זבובים ויתושים K600 סנו 500 מ""ל","סנו מפעלי ברונוס בע""",IL,ק 600 סנו-,מיליליטרים,500.00,"100 מ""ל",false,,21.90,0.0438,true,1,108217
7290000288444,false,סנו די נוזלי נגד יתו,קוסמופארם,IL,סנו די נוזל+משאב,יחידה,50.00,יחידה,false,,21.90,0.4380,true,1,108220
7290000288529,false,"משחת כלים סאן לימון 3.5 ק""ג",סנו,IL,משחה לימון לכלים,קילוגרמים,3.50,"ק""ג",false,,29.90,8.5429,true,1,215979
7290000288642,false,מקסימה מרכך כביסה סנסיטיב בייבי סנו 4 ליטר,"סנו מפעלי ברונוס בע""",IL,מרכך סנו 4 ליטר,ליטרים,4.00,ליטר,false,,21.90,5.4750,false,1,108226
7290000288727,false,סנו מקסימה אבקת כביסה מאסק מילוי 1.25,קריות זול,IL,אבקת כביסה סנו,קילוגרמים,1.25,"ק""ג",false,,14.90,11.9200,false,1,108227
7290000288840,false,סנו - מים מזוקקים 2 ליטר,החברה הדרומית,IL,מים מזוקקים 2 לי,ליטרים,2.00,ליטר,false,,14.50,7.2500,true,1,108229
7290000289069,false,סנו - ז'אוול מרסס קצף ניקוי בתוספת אקונומיקה בריח לימון 1 ליטר,"סנו מפעלי ברונוס בע""",IL,סנו ג'בל ספריי,ליטרים,1.00,ליטר,false,,18.90,18.9000,false,1,108234
7290000289236,false,K3 נמלים פיתיון ג'ל - קוטל נמלים בבית ובחצר,"סנו מפעלי ברונוס בע""",IL,סנו K3 נמלים פתיון ג,גרמים,12.00,100 גרם,false,,49.90,4.1583,true,1,211455
7290000289380,false,"סנו - ז'אוול לניקוי אסלות לימון 750 מ""ל",סנו JAVEL,IL,סנו ג'בל CW לאסל,מיליליטרים,750.00,"100 מ""ל",false,,14.00,0.0187,true,1,111977
7290000289472,false,סנו סושי שקיות אשפה - 50 יחידות,מיוצר עי קונדיטוריית,IL,שקיות אשפה סושי טבע,יחידה,0.00,יחידה,false,,20.90,0.0000,true,1,108237
7290000289496,false,"סנו - ז'אוול ג'ל קרם לניקוי כללי לימון 750 מ""ל","סנו מפעלי ברונוס בע""",IL,סופר קרם ג'בל לימון,מיליליטרים,750.00,"100 מ""ל",false,,11.90,0.0159,false,1,138938
7290000289595,false,"אורביטול משחת שיניים לילדים בטעם תות שדה 145 מ""ל",טרופיקל דגיל תעשיות,IL,משחת שיניים אורביטול,גרמים,100.00,100 גרם,false,,9.90,0.0990,true,1,133259
7290000289748,false,"מסיר שומנים לתנורים פורטה פלוס סנו 750 מ""ל","סנו מפעלי ברונוס בע""",IL,סנו פורטה פלוס,מיליליטרים,750.00,"100 מ""ל",false,,13.90,0.0185,false,1,108244
7290000289885,false,"סנו פרש ענק אושן כחול 375 מ""ל",קריות זול,IL,סנו-פרש יבש,יחידה,375.00,יחידה,false,,13.50,0.0360,true,1,108245
7290000289892,false,"סנו פרש ענק מאונטן טורקיז 375 מ""ל",סנו fresh,IL,סנו פרש תרסיס,מיליליטרים,375.00,"100 מ""ל",false,,13.50,0.0360,true,1,108246
7290000289915,false,"סנו פרש ענק קוקו וניל צהוב 375 מ""ל",סנו fresh,IL,סנופרש ענק,מיליליטרים,375.00,"100 מ""ל",false,,13.50,0.0360,true,1,108247
7290000291857,false,פוליויקס נוזל רצפות בניחוח גולדן סאנרייז סנו 2 ליטר,סנו פוליויקס,IL,פוליוקס 2 ליטר,ליטרים,2.00,ליטר,false,,19.90,9.9500,false,1,108252
7290000291932,false,"סנובון נוזל לניקוי אסלה בניחוח לבנדר סנו 750 מ""ל","סנו מפעלי ברונוס בע""",IL,סנובון נוזלי,מיליליטרים,750.00,"100 מ""ל",false,,9.90,0.0132,true,1,108254
7290000291963,false,אקונומיקה סמיכה בריח לימון סנו ז'אוול 1 ליטר,סנו JAVEL,IL,סנו ג'בל 1 ליטר,ליטרים,1.00,ליטר,false,,8.50,8.5000,true,1,127707
7290000292007,false,K3 פיתיון ג'ל קוטל תיקנים (ג'וקים) בבית ובחצר,מיוצר עי קונדיטוריית,IL,סנו K3 פתיון ג'ל קוט,גרמים,10.00,100 גרם,false,,49.90,4.9900,true,1,205997
7290000292137,false,"נוזל לניקוי וטיפול מוצרי עור סנו 500 מ""ל",מיוצר עי קונדיטוריית,IL,סנו מנקה עור נוזל,מיליליטרים,500.00,"100 מ""ל",false,,29.90,0.0598,true,1,108255
7290000292311,false,פוליויקס נוזל רצפות בניחוח סחלבים סנו 2 ליטר,"סנו מפעלי ברונוס בע""",IL,סנו פוליוקס 2 ל',ליטרים,2.00,ליטר,false,,19.90,9.9500,false,1,108258
7290000292502,false,"k-800 קוטל נמלים 300מ""ל","סנו מפעלי ברונוס בע""",IL,תרסיס K-800,מיליליטרים,300.00,"100 מ""ל",false,,18.90,0.0630,true,1,202466
7290000292595,false,סופר פוליש מבריק רצפות 2לי,סנו,IL,סנו סופר פוליש,ליטרים,2.00,ליטר,false,,46.90,23.4500,true,1,108268
7290000292687,false,סנובון מוצק לניקוי אסלה קלאסיק כחול סנו 3 יחידות,מיוצר עי קונדיטוריית,IL,שלישיה סנובון כח,גרמים,165.00,100 גרם,false,,14.90,0.0903,false,1,108270
7290000292694,false,מגן קריסטל לרצפות סנו 2 ליטר,סנו,IL,מגן קריסטל 2 ליט,ליטרים,2.00,ליטר,false,,39.90,19.9500,true,1,108271
7290000292915,false,"תרסיס לניקוי כללי רסס ונגב סנו 750 מ""ל","סנו מפעלי ברונוס בע""",IL,סנו רסס ונגב+אקד,מיליליטרים,715.00,"100 מ""ל",false,,12.90,0.0180,false,1,108272
7290000292939,false,אקוה בלו לאסלה סנו 100 גרם,סנו,IL,סנו אקוה בלו,גרמים,180.00,100 גרם,false,,13.50,0.0750,true,1,108273
7290000293073,false,מקסימה מרכך כביסה ביו לבן סנו 4 ליטר,"סנו מפעלי ברונוס בע""",IL,מרכך סנו 4 ליטר,ליטרים,4.00,ליטר,false,,21.90,5.4750,false,1,108276
7290000293530,false,"מילוי למתקן סופג לחות ""סנופרש""",קריות זול,IL,סנו סופג לחות מי,גרמים,340.00,100 גרם,false,,15.90,0.0468,true,1,108279
7290000293561,false,"תרסיס להסרת כתמי עובש עם אקונומיקה סנו 750 מ""ל","סנו מפעלי ברונוס בע""",IL,סנו מסיר עובש,מיליליטרים,750.00,"100 מ""ל",false,,13.90,0.0185,false,1,108280
7290000293820,false,"קרמה מן שמפו וג'ל גל רחצה אקטיב בלוק 700מ""ל",גוד פוד פרודקטס S.p,IL,ג'ל רחצה אקטיב קרמה,מיליליטרים,700.00,"100 מ""ל",false,,17.90,0.0256,true,1,202521
7290000293943,false,"מרסס לבן מסיר אבנית 1 ליטר אנטי קאלק ""סנו""",מיוצר עי קונדיטוריית,IL,מרסס אנטי קאלק,ליטרים,1.00,ליטר,false,,19.90,19.9000,true,1,108282
7290000294391,false,נוזל לניקוי כללי בניחוח סחלבים סנו ג'ט 4 ליטר,סנו,IL,סופר אקטיב 4 ליט,ליטרים,4.00,ליטר,false,,21.90,5.4750,true,1,108283
7290000294414,false,סנו מוד מבשם אויר מרכז,סנומוד,IL,סנומוד תרסיס,מיליליטרים,150.00,"100 מ""ל",false,,12.90,0.0860,true,1,108284
7290000294575,false,סנו סושי רב מגבת 63 דפים בגליל,סנו סושי,IL,סנו רב מגבת (63 דפים,יחידה,0.00,יחידה,false,,12.90,0.0000,false,1,108288
7290000294780,false,אקונומיקה סמיכה בריח לימון סנו ז'אוול 4 ליטר,"סנו מפעלי ברונוס בע""",IL,סנו ז'אוול סמיכה 4 ל,ליטרים,4.00,ליטר,false,,16.90,4.2250,false,1,108291
7290000295121,false,מטליות זיגזג סנו סושי לניקוי רצפות 3יח',קריות זול,IL,מטלית זיגזג שלשי,יחידה,0.00,יחידה,false,,11.50,0.0000,false,1,108293
7290000295299,false,סנו סושי כריות הפלא רב תכלתיות רביעייה,סנו מפעלי ברונו בעמ,IL,סנו סושי אקטיב ר,יחידה,0.00,יחידה,false,,11.50,0.0000,false,1,108294
7290000295336,false,סנו מקסימה אבקת כביסה סנסטיב מילוי1.25,סנו מפעלי ברונוס בעמ,IL,סנו מקסימה שקית,קילוגרמים,1.25,"ק""ג",false,,14.90,11.9200,false,1,108296
7290000295343,false,"אבקת כביסה מקסימה ביו 1.25 ק""ג סנו",סנו מקסימה,IL,סנו מקסימה מילוי,קילוגרמים,1.25,"ק""ג",false,,14.90,11.9200,false,1,108297
7290000295367,false,"מקסימה אבקת כביסה אפקט ז'אוול סנו 2.5 ק""ג",סנו מקסימה,IL,סנו מקסימה 5 2 ק,קילוגרמים,2.50,"ק""ג",false,,25.90,10.3600,false,1,108298
7290000295404,false,סנו סושי שקיות אשפה כחולות 54*65 - 60 יחידות,מיוצר עי קונדיטוריית,IL,שקיות אשפה סושי רחבו,יחידה,0.00,יחידה,false,,24.90,0.0000,true,1,108299
7290000295503,false,סנו סושי שקיות אוכל מתכלות זוג *150 יח',"אשפלסט תעשיות בע""מ",CN,זוג שקיות סושי למזון,יחידה,0.00,יחידה,false,,14.90,0.0000,false,1,108301
7290000295541,false,רב מגבת ג'מבו סנו סושי 75 יחידות,מיוצר עי קונדיטוריית,IL,סנו רב מגבת ג'מבו (7,יחידה,0.00,יחידה,false,,18.90,0.0000,true,1,108303
7290000295558,false,"רדיד אלומיניום רוחב 30 ס""מ סנו סושי 2 יח' 7.5 מטר",מולינו ניקולי s.p.a,TR,זוג רדיד אלומיניום ק,יחידה,0.00,יחידה,false,,11.50,0.0000,false,1,108304
7290000295565,false,"רדיד אלומיניום רוחב 45 ס""מ סנו 2 יח' 7.5 מטר",בורסה פזרי,TR,זוג רדיד אלומיניום ג,יחידה,0.00,יחידה,false,,20.00,0.0000,false,1,116395
7290000295572,false,"נוזל לניקוי אסלה 00 סנו 2*750 מ""ל",מיוצר עי קונדיטוריית,IL,זוג מנקה אסלות,ליטרים,1.50,ליטר,false,,19.90,13.2667,true,1,108305
7290000295589,false,טלק בייבי כיף לתינוק,מייצר :אשבל בע''מ .,IL,בייבי כיף טלק במיכל,גרמים,200.00,100 גרם,false,,14.90,0.0745,true,1,108306
7290000295794,false,ספוגיות מתכת אל חלד לניקוי סנו 3 יחידות,סנו,,ספוגיות אל חלד זוג,יחידה,0.00,יחידה,false,,13.00,0.0000,true,1,118980
7290000295817,false,סנו סושי ניילון נצמד 300 מ',סנו,CN,ניילון נצמד סנו,יחידה,0.00,יחידה,false,,59.90,0.0000,false,1,108310
7290000295824,false,"רדיד אלומיניום 30 ס""מ רוחב סנו סושי 100 מטר",מולינו ניקולי s.p.a,IL,סנו סושי רדיד אלומני,יחידה,0.00,יחידה,false,,59.90,0.0000,false,1,108311
7290000300900,false,שניצל תירס מרכיבים טבעיים טבעול 750 גרם,עיצובים 2020 (4.8),IL,שניצל תירס טבעול,גרמים,750.00,100 גרם,false,,24.90,0.0332,false,1,93964
7290000302027,false,סיגריות טיים אדום פא,דובק,,טיים רגיל פקט,יחידה,0.00,יחידה,false,,280.00,0.0000,false,1,101920
7290000302041,false,פאקט טיים ארוך אדום,דובק,,טיים ארוך פקט,יחידה,0.00,יחידה,false,,280.00,0.0000,false,1,101921
7290000302126,false,אירופה פקט סיגריות,Unknown,,אירופה פקט סיגריות,יחידה,0.00,יחידה,false,,280.00,0.0000,false,1,101926
7290000302225,false,נובלס ורג'יניה פילטר,דובק,,נובלס פקט סיגריו,יחידה,0.00,יחידה,false,,280.00,0.0000,false,1,101929
7290000302881,false,גולף גולד 100 פ.ע עשירייה,Unknown,,סיגריות גולף גולד אר,יחידה,0.00,יחידה,false,,290.00,0.0000,false,1,101942
7290000303581,false,פול מצרי A-2 פרי הגליל 560ג',"פרי הגליל בע""""מ",IL,פול מצרי פרי הגליל 5,גרמים,560.00,100 גרם,false,,6.90,0.0123,false,1,99663
7290000303598,false,שעועית לבנה ברוטב עגבניות פרי הגליל 570 גרם,"פרי הגליל בע""""מ",IL,שעועית ברוטב 570 גרם,גרמים,570.00,100 גרם,false,,6.90,0.0121,false,1,99664
7290000303604,false,חומוס גרגירים A2 פרי גליל 550ג',"פרי הגליל בע""""מ",IL,חומוס שלם פרי הגליל,גרמים,550.00,100 גרם,false,,6.90,0.0125,false,1,99665
7290000304663,false,סלט טונה נון 160 גרם בדצ עדה חרדית,קריות זול,IL,סלט טונה פיקנטי 160,גרמים,160.00,100 גרם,false,,6.00,0.0375,true,1,106866
7290000305882,false,אס הרינג עם ירקות ברוטב עגבניות 120 גרם,"סטארקיסט פודור בע""מ",IL,אס ירקות עם דגים ברו,גרמים,120.00,100 גרם,false,,6.30,0.0525,true,1,106881
7290000307015,false,אפונת גינה בינונית פרי הגליל 550 גרם,"פרי הגליל בע""""מ",IL,אפונה פרי הגליל 550,גרמים,550.00,100 גרם,false,,6.90,0.0125,false,1,99667
7290000307046,false,אפונת גינה וגזר פרי הגליל 550 גרם,"פרי הגליל בע""""מ",IL,אפונה וגזר 550 גרם,גרמים,550.00,100 גרם,false,,6.90,0.0125,false,1,99668
7290000307220,false,גרעיני תירס מתוק בואקום פרי הגליל 285 גרם,"פרי הגליל בע""""מ",IL,תירס פרי הגליל 340 ג,גרמים,340.00,100 גרם,false,,5.50,0.0162,false,1,99669
7290000307237,false,גרעיני תירס מתוק פרי הגליל 550 גרם,"פרי הגליל בע""""מ",IL,תירס פרי הגליל 550 ג,גרמים,550.00,100 גרם,false,,6.90,0.0125,false,1,99670
7290000307343,false,שעועית ירוקה חתוכה A2 פרי גליל 550ג',"פרי הגליל בע""""מ",IL,שעועית ירוקה 550 גרם,גרמים,550.00,100 גרם,false,,6.90,0.0125,true,1,99676
7290000307800,false,פול ירוק מוקפא פרי גליל 800ג',"פרי הגליל בע""""מ",IL,פול פרי גליל,גרמים,800.00,100 גרם,false,,13.90,0.0174,true,1,99677
7290000307985,false,גרעיני תירס מתוק ללא למלח 325 גרם פרי הגליל,"פרי הגליל בע""""מ",IL,תירס ללא מלח,גרמים,325.00,100 גרם,false,,5.50,0.0169,false,1,99678
7290000311128,false,מן עוגיות בטעם חמאה 300 גרם*נ.ל.פ,תות ממתקי איכות,IL,מן עוגיות חמאה,גרמים,300.00,100 גרם,false,,7.90,0.0263,true,1,111436
7290000311203,false,"וופלים בטעם שוקולד ""מן"" 200 גרם",תות ממתקי איכות,IL,וופלים 200 גר שוקו,גרמים,200.00,100 גרם,false,,5.20,0.0260,false,1,117848
7290000311210,false,"וופלים בטעם לימון ""מן"" 200 גרם","רוקחמן בע""מ",IL,וופלים 200 גר לימון,גרמים,200.00,100 גרם,false,,5.20,0.0260,false,1,116106
7290000311227,false,"וופלים במילוי קרם קפה ""מן"" 200 גרם","רוקחמן בע""מ",IL,וופלים 200 גר קפה מן,גרמים,200.00,100 גרם,false,,5.20,0.0260,false,1,116107
7290000311234,false,מן וופלים וניל 200 גרם,"רוקחמן בע""מ",IL,ופל וניל 200 גר מן,גרמים,200.00,100 גרם,false,,5.20,0.0260,false,1,116108
7290000311258,false,מן וופל מצופה שוקולד 250 גרם,"רוקחמן בע""מ",IL,מן וופל מצופה 250 גר,גרמים,250.00,100 גרם,false,,7.50,0.0300,true,1,213090
7290000311272,false,מן-וופלים במילוי חלווה 180 ג,"רוקחמן בע""מ",IL,וופלים מן חלבה,גרמים,180.00,100 גרם,false,,5.20,0.0289,false,1,127132
7290000311364,false,מן וופלים שוקולד טייק 1 מן 10*21 גרם,מן עוגיות,,וופל מן מארז 10 יח',גרמים,210.00,100 גרם,false,,8.90,0.0424,true,1,207105
7290000311425,false,מאגדת מן וופל מצופה כחול -עשירה 24*10,תות ממתקי איכות,IL,וופל מצופה כחול 10יח,גרמים,200.00,100 גרם,false,,9.50,0.0475,true,1,114019
7290000311432,false,עוגיות גרנולה קינמון ללא תוספת סוכר 200ג,"רוקחמן בע""מ",IL,עוגיות מן גרנולה קינ,גרמים,200.00,100 גרם,false,,10.90,0.0545,true,1,261409
7290000311463,false,מן עוגיות חיטה מלאה חמאה ללא סוכר 200 גרם,"רוקחמן בע""מ",IL,מן עוגיות חמאה ללא ס,גרמים,200.00,100 גרם,false,,10.90,0.0545,true,1,219125
7290000311470,false,וופל מיני ללא סוכרבטעם שוקולד 200 גר',"רוקחמן בע""מ",IL,וופל מיני ללא תוספת,גרמים,200.00,100 גרם,false,,10.90,0.0545,true,1,262942
7290000311708,false,מן עוגיות מחיטה מלאה 300 גרם*נ.ל.פ,תות ממתקי איכות,IL,מן עוגיות חיטה מלאה,גרמים,300.00,100 גרם,false,,7.90,0.0263,true,1,111438
7290000311715,false,מן עוגיות כוכבים בטעם שוקולד 300 גרם*נ.ל.פ,תות ממתקי איכות,IL,מן עוגיות שוקולד,גרמים,300.00,100 גרם,false,,7.90,0.0263,true,1,111439
7290000311722,false,"עוגיות בטעם וניל עם כוכבים ""מן"" 300 גרם",תות ממתקי איכות,IL,עוגיות מן כוכבים,גרמים,300.00,100 גרם,false,,7.90,0.0263,true,1,111440
7290000311746,false,עוגיות טעם קרמל מן 300 גר,"רוקחמן בע""מ",IL,עוגיות מן קרמל 300 ג,גרמים,300.00,100 גרם,false,,7.90,0.0263,true,1,187952
7290000311845,false,מן עוגיות חיטה מלאה ללא תוספת סוכר 200 ג,"רוקחמן בע""מ",IL,עוגיות מן חיטה מלאה,גרמים,200.00,100 גרם,false,,10.90,0.0545,true,1,189797
7290000311869,false,מן-וופלים בטעם שוק ללא תוספת סוכר 180ג,תות ממתקי איכות,IL,וופל ללא סוכר 180 גר,גרמים,180.00,100 גרם,false,,8.90,0.0494,true,1,142319
7290000311876,false,מן-וופלים בטעם וניל ללא תוספת סוכר 180ג,"רוקחמן בע""מ",IL,וופל מן וניל ללא סוכ,גרמים,180.00,100 גרם,false,,8.90,0.0494,true,1,192134
7290000311883,false,מן עוגיות גרנולה ללא תוספת סוכר 200 גר,תות ממתקי איכות,IL,מן עוגיות גרנולה ללא,גרמים,200.00,100 גרם,false,,10.90,0.0545,true,1,148901
7290000311890,false,מן וופל לימון ללא סוכר 180 גר-חדש,"רוקחמן בע""מ",IL,וופל מן לימון ללא סו,גרמים,180.00,100 גרם,false,,8.90,0.0494,true,1,216674
7290000313160,false,זהבה ושלושת הדובים עוגיות בטעם שוקולד אסם 350 גרם,היינץ צפון אמריקה מק,IL,עוגיות זהבה 3 דובים,גרמים,250.00,100 גרם,false,,7.90,0.0316,true,1,93976
7290000313184,false,עוגיות חברים גן חיות וניל אסם 250 גר',הגביע מוצרי וופלים ב,IL,עוגיות גן חיות,גרמים,250.00,100 גרם,false,,7.90,0.0316,true,1,93977
7290000313290,false,אסם נודלס נודלס איטריות מסולסלות 200גר,תאי פרזידנט פוד בנגק,TH,נודלס א.מסולסלות 200,גרמים,200.00,100 גרם,false,,9.90,0.0495,true,1,93979
7290000315126,false,קנור ציר עוף משחתי 300 ג,יוניליוור ישראל מזון,IL,קנור ציר עוף,גרמים,300.00,100 גרם,false,,27.90,0.0930,true,1,101464
7290000315133,false,קנור ציר בקר משחתי 300ג,יוניליוור ישראל מזון,IL,קנור ציר בקר,גרמים,300.00,100 גרם,false,,27.90,0.0930,true,1,101465
7290000318103,false,פסטרמה ברביקיו במשקל,מעדני יחיעם,IL,פסטרמה ברביקיו,קילוגרמים,1.00,"ק""ג",true,,72.90,72.9000,false,1,99955
7290000318127,false,"נקניקיות ביס 380 גרם ""יחיעם""",מעדני יחיעם 1993,IL,נקניקיות ביס 380,גרמים,380.00,100 גרם,false,,11.90,0.0313,true,1,99982
7290000318189,false,פסטרמה ברביקיו על האש 300 גר' יחיעם,מעדני יחיעם,IL,פסטרמה ברביקיו על הא,גרמים,300.00,100 גרם,false,,25.90,0.0863,true,1,230321
7290000318288,false,פסטרמה חזה הודו בדבש,מעדני יחיעם,IL,חזה הודו בדבש יח,קילוגרמים,1.00,"ק""ג",true,,79.90,79.9000,false,1,99959
7290000318363,false,פסטרמה ברביקיו יחיעם,מעדני יחיעם,IL,פסטרמה ברביקיו לבגט,קילוגרמים,1.00,"ק""ג",true,,79.90,79.9000,false,1,197311
7290000318387,false,פסטרמה חזה הודו על ה,יחיעם,,פסטרמה הודו על האש,קילוגרמים,1.00,"ק""ג",true,,72.90,72.9000,false,1,128708
7290000318530,false,רוסטביף צלי בקר במשק,מעדני יחיעם,IL,רוסטביף יחיעם,קילוגרמים,1.00,"ק""ג",true,,149.90,149.9000,true,1,99961
7290000318677,false,נקניק סלמי סרוולט יחיעם 150 גרם,מעדני יחיעם 1993,IL,סרוולט 150גר יחיעם,גרמים,150.00,100 גרם,false,,25.90,0.1727,true,1,113819
7290000318806,false,סלמי סרוולט מעדנ.יחי,מעדני יחיעם,IL,סרוולד יחיעם,קילוגרמים,1.00,"ק""ג",true,,179.90,179.9000,true,1,99963
7290000318837,false,קורנדביףבקר מעדנ.יחי,מעדני יחיעם,IL,פסטרמה קורנביף י,קילוגרמים,1.00,"ק""ג",true,,139.90,139.9000,true,1,99964
7290000318929,false,סלמי צרפתי יחיעם מעד,מעדני יחיעם,IL,סלמי צרפתי,קילוגרמים,1.00,"ק""ג",true,,179.90,179.9000,true,1,99970
7290000318943,false,פסטרמה של פעם מעושן 1.5% יחיעם 200 גרם,תאי פרזידנט פוד פאבל,IL,פסטרמה של פעם 200 ג',גרמים,200.00,100 גרם,false,,21.90,0.1095,true,1,114690
7290000319124,false,סרוולד מאפ 250 ג' יחיעם,מעדני יחיעם 1993,IL,סרוולד יחיעם,גרמים,250.00,100 גרם,false,,37.90,0.1516,true,1,100006
7290000319131,false,נקניקיות עוף יחיעם 400 גרם,מעדני יחיעם 1993,IL,נקניקיות עוף 400,גרמים,400.00,100 גרם,false,,10.90,0.0273,true,1,100007
7290000319414,false,נקנקיות פרמיום בראטו,מעדני יחיעם,IL,נקניקיות פרימיום ברא,גרמים,280.00,100 גרם,false,,20.90,0.0746,true,1,230338
7290000319520,false,נקניק סלמי צרפתי יחיעם 100 גרם,מעדני יחיעם 1993,IL,סלמי צרפתי 100 גר,גרמים,100.00,100 גרם,false,,19.90,0.1990,true,1,100015
7290000319728,false,סלמי איטלקי מפולפל י,מעדני יחיעם,IL,איטלקי מפולפל יח,קילוגרמים,1.00,"ק""ג",true,,79.90,79.9000,false,1,99974
7290000319759,false,סלמי תה יחיעם מעדניה,מעדני יחיעם,IL,סלמי תה יחיעם,קילוגרמים,1.00,"ק""ג",true,,46.90,46.9000,false,1,148813
7290000319803,false,קבנוס קלאסי יחיעם 125 גרם,תאי פרזידנט פוד פאבל,IL,קבנוס קלאסי 125 גרם,גרמים,125.00,100 גרם,false,,13.90,0.1112,true,1,186857
7290000319834,false,קבנוס פפרוני קלאסי 125 גרם,תאי פרזידנט פוד פאבל,IL,קבנוס פפרוני קלאסי 1,גרמים,125.00,100 גרם,false,,13.90,0.1112,true,1,186741
7290000334325,false,ציפס למיקרו מארז שלישיה 125 ג' תפוגן,"תעשיות תפוגן בע""מ",IL,תפוגן מארז שלישיה צי,גרמים,380.00,100 גרם,false,,13.90,0.0366,false,1,93987
7290000334745,false,"אמריקאן צ'יפס תפוגן 1.5 ק""ג","תעשיות תפוגן בע""מ",IL,תפוגן אמריקן ציפס 1.,יחידה,1.50,יחידה,false,,24.90,16.6000,true,1,93997
7290000336282,false,"פריגת סיידר צלול 330 מ""ל בקבוק",טמפו משקאות בעמ,IL,סיידר צלול 330 מ,יחידה,330.00,יחידה,false,,7.30,0.0221,true,1,110040
7290000339191,false,אבקת הלבנה רן ללא כל,זוהר דליה - 3P Local,IL,רן להלבנה,גרמים,350.00,100 גרם,false,,22.00,0.0629,true,1,101489
7290000339566,false,בדין מרכך כביסה ורוד 4 ליטר,יוניליור ישראל טיפוח,IL,בדין 4 ליטר,ליטרים,4.00,ליטר,false,,19.90,4.9750,false,1,101490
7290000341071,false,בדין - מרכך כביסה בייבי לבן 2 ליטר,יוניליוור ישראל טיפו,IL,בייבי בדין 2 ליט,ליטרים,2.00,ליטר,false,,20.00,10.0000,true,1,101497
7290000342832,false,בדין מרכך כביסה 4 ליטר צהוב,אתר ליוור - HPC,IL,בדין 4 ליטר,ליטרים,4.00,ליטר,false,,19.90,4.9750,false,1,101501
7290000342856,false,בדין מרכך כביסה כחול 4 ליטר,יוניליור ישראל טיפוח,IL,בדין 4 ליטר,ליטרים,4.00,ליטר,false,,19.90,4.9750,false,1,101502
7290000345048,false,תה ויסוצקי 74 125 גרם,תה ויסוצקי,IL,תה 74 בתפזורת 125 ג,גרמים,125.00,100 גרם,false,,13.00,0.1040,true,1,97330
7290000345055,false,תה עלים ארל גריי ויסוצקי 100 גרם,מולינו ניקולי s.p.a,IL,תה עלים ארל גריי 10,גרמים,100.00,100 גרם,false,,14.50,0.1450,true,1,97331
7290000345116,false,תה ויסוצקי ירוק 125 גרם,תה ויסוצקי,IL,תה ירוק עלים,גרמים,125.00,100 גרם,false,,14.90,0.1192,true,1,97334
7290000345147,false,תה ארל גריי בפח 200 ג' ויסוצקי,מולינו ניקולי s.p.a,IL,תה עלים ארל גריי פחי,גרמים,200.00,100 גרם,false,,33.00,0.1650,false,1,97336
7290000345208,false,תה ויסוצקי קלאסיק מעודן 25X1.0יח',תה ויסוצקי,IL,ויסוצקי קלאסיק 25 שק,גרמים,25.00,100 גרם,false,,6.70,0.2680,true,1,97338
7290000345215,false,תה ויסוצקי קלאסיק 100/1 כחול מעודן,מולינו ניקולי s.p.a,IL,ויסוצקי קלאסיק 100 ש,גרמים,100.00,100 גרם,false,,15.90,0.1590,false,1,97339
7290000345260,false,תה קלאסיק מעטפות ויסוצקי 25 יחידות,מולינו ניקולי s.p.a,IL,ויסוצקי קלאסיק 25 שק,גרמים,37.50,100 גרם,false,,7.20,0.1920,true,1,97341
7290000345277,false,תה קלאסיק מעטפות ויסוצקי 50 יחידות,מולינו ניקולי s.p.a,IL,ויסוצקי קלאסיק 50 שק,גרמים,75.00,100 גרם,false,,13.50,0.1800,true,1,97342
7290000345284,false,תה ויסוצקי קלאסי אריזה ירוקה מרובעת (100 שקיקים),מולינו ניקולי s.p.a,IL,ויסוצקי קלאסיק 100 ש,גרמים,150.00,100 גרם,false,,16.90,0.1127,false,1,97343
7290000345291,false,תה ארל גריי ויסוצקי 25 יחידות,תה ויסוצקי,IL,ארל גריי 25 שקיקים,גרמים,37.50,100 גרם,false,,15.90,0.4240,false,1,97344
7290000345307,false,תה ארל גריי ויסוצקי 50 יחידות,מולינו ניקולי s.p.a,IL,תה ארל גריי 50 שקיק,גרמים,75.00,100 גרם,false,,28.90,0.3853,false,1,97345
7290000345536,false,תה נענע ויסוצקי 25 יחידות,מולינו ניקולי s.p.a,IL,תה נענע 25 שקיקים,גרמים,37.50,100 גרם,false,,17.90,0.4773,false,1,97349
7290000346021,false,הגן הקסום תה קמומיל ויסוצקי 50 יחידות,בית ויסוצקי,IL,תה חליטת קמומיל 50 ש,גרמים,75.00,100 גרם,false,,34.90,0.4653,true,1,97356
7290000346120,false,הגן הקסום תה קינמון ויסוצקי 25 יחידות,תה ויסוצקי,IL,תה קסם הקינמון 25 שק,גרמים,62.50,100 גרם,false,,18.90,0.3024,false,1,97359
7290000346137,false,הגן הקסום תה הילולי פירות ויסוצקי 25 יחידות,תה ויסוצקי,IL,תה חליטת הילולי פירו,גרמים,62.50,100 גרם,false,,18.90,0.3024,false,1,97360
7290000346144,false,הגן הקסום תה עינוגי התפוח ויסוצקי 25 יחידות,תה ויסוצקי,IL,תה חליטת עינוגי התפו,גרמים,75.00,100 גרם,false,,18.90,0.2520,false,1,97361
7290000346168,false,הגן הקסום חליטת שומר ויסוצקי 25 יחידות,תה ויסוצקי,IL,תה חליטת שומר 25 שקי,גרמים,37.50,100 גרם,false,,18.90,0.5040,false,1,97363
7290000346199,false,הגן הקסום פירות היער ויסוצקי 25 יחידות,תה ויסוצקי,IL,תה חליטת פירות יער 2,גרמים,67.50,100 גרם,false,,18.90,0.2800,false,1,97364
7290000346205,false,הגן הקסום תה קמומיל ויסוצקי 25 יחידות,תה ויסוצקי,IL,תה חליטת קמומיל 25 ש,גרמים,37.50,100 גרם,false,,18.90,0.5040,false,1,97365
7290000346212,false,הגן הקסום תה מנטה ויסוצקי 25 יחידות,תה ויסוצקי,IL,תה חליטת מנטה 25 שקי,גרמים,50.00,100 גרם,false,,18.90,0.3780,false,1,97366
7290000346229,false,הגן הקסום תה ורד הבר והיביסקוס ויסוצקי 25 יחידות,תה ויסוצקי,IL,תה חליטת ורד הבר והי,גרמים,75.00,100 גרם,false,,18.90,0.2520,false,1,97367
7290000346236,false,הגן הקסום תה לואיזה וורבנה ויסוצקי 25 יחידות,תה ויסוצקי,IL,תה חליטת לואיזה - וו,גרמים,50.00,100 גרם,false,,18.90,0.3780,false,1,97368
7290000346960,false,תה ויסוצקי נענע 1.7 גרם 50יח',בית ויסוצקי,IL,תה נענע 50 שקיקים,גרמים,75.00,100 גרם,false,,31.90,0.4253,true,1,97372
7290000347738,false,תה ירוק נענע ויסוצקי 25 יחידות,תה ויסוצקי,IL,תה ירוק נענע 25 שקיק,גרמים,37.50,100 גרם,false,,24.90,0.6640,false,1,97379
7290000347752,false,תה ירוק לימונית ולואיזה 25 שקיקים *1.5 ג'' ויסוצקי,תה ויסוצקי,IL,תה ירוק לימונית,גרמים,37.50,100 גרם,false,,24.90,0.6640,false,1,97381
7290000355382,false,עגבניות מרוסקות עם בזיל טל 800 גרם,"מילוז(1989)בע""""מ",IL,עגבניות מרוסקות עם ב,גרמים,800.00,100 גרם,false,,7.20,0.0090,false,1,109167
7290000355399,false,רוטב עגבניות תיבול עדין טל 800 גרם,"מילוז(1989)בע""""מ",IL,רוטב עגבניות לבי,גרמים,800.00,100 גרם,false,,7.90,0.0099,true,1,111625
7290000355405,false,עגבניות מרוסקות A2.5 ובצל טל וטרי 800 גר',"מילוז(1989)בע""""מ",IL,עגבניות מרוסקות עם ב,גרמים,800.00,100 גרם,false,,7.20,0.0090,false,1,109168
7290000355412,false,עגבניות מרוסקות A2.5 ושום טל וטרי 800 גר',"מילוז(1989)בע""""מ",IL,עגבניות מרוסקות עם ש,גרמים,800.00,100 גרם,false,,7.20,0.0090,false,1,109169
7290000355481,false,רסק עגבניות BX22 טומטו 600ג' A2,"מילוז(1989)בע""""מ",IL,רוטב עגבניות מרוכז מ,גרמים,600.00,100 גרם,false,,5.50,0.0092,true,1,121274
7290000355498,false,רוטב עגבניות A2 BX28 טומטו 580ג',"מילוז(1989)בע""""מ",IL,רוטב עגבניות,גרמים,600.00,100 גרם,false,,6.50,0.0108,true,1,122444
7290000355757,false,עגבניות מרוסקות טל וטרי 800 גרם,"מילוז(1989)בע""""מ",IL,עגבניות מרוסקות 800,גרמים,800.00,100 גרם,false,,7.20,0.0090,false,1,109173
7290000363011,false,סלמי קוניאק מובחר טירת צבי במשקל,הנסיך- מפעל לייצור ט,IL,קוניאק טירת צבי,קילוגרמים,1.00,"ק""ג",true,,84.90,84.9000,false,1,97571
7290000363462,false,סלמי מעושן איטלקי טי,טירת- צבי,IL,סלמי מעושן איטלק,קילוגרמים,1.00,"ק""ג",true,,84.90,84.9000,false,1,97573
7290000363486,false,נקניק תה טירת צבי מע,טירת- צבי,IL,נקניק תה טירת צב,קילוגרמים,1.00,"ק""ג",true,,56.90,56.9000,false,1,97574
7290000364261,false,"דקניקים, סלסולי פסטרמה כתף בקר מעושנת 120 גרם",הנסיך- מפעל לייצור ט,IL,סלסולי כתף בקר,גרמים,120.00,100 גרם,false,,15.90,0.1325,false,1,124212
7290000364285,false,דקניקים סלסולי פסטרמה הודו טירת צבי 120 גרם,הנסיך- מפעל לייצור ט,IL,סלסולי פסטרמה הודו,גרמים,120.00,100 גרם,false,,15.90,0.1325,false,1,124214
7290000364292,false,דקניקים סלסולי פסטרמה הודו על גחלים 1% טירת צבי 120 גרם,הנסיך- מפעל לייצור ט,IL,סלסולי פסטרמה הודו ע,גרמים,120.00,100 גרם,false,,15.90,0.1325,false,1,126907
7290000364803,false,נקניקיות בקר אמריקאיות טירת צבי 500 גרם,הנסיך- מפעל לייצור ט,IL,נקנקיות אמריקאיו,גרמים,500.00,100 גרם,false,,27.90,0.0558,true,1,97729
7290000364810,false,נקניקיות עגל 500 גרםטירת צבי,הנסיך- מפעל לייצור ט,IL,נקניקיות עגל 500 ג',גרמים,500.00,100 גרם,false,,27.90,0.0558,true,1,97730
7290000364858,false,"נקניקיות עוף טרי טירת צבי 1 ק""ג",הנסיך- מפעל לייצור ט,IL,נקנקיות עוף 1 קג,יחידה,1.00,יחידה,false,,26.90,26.9000,false,1,97731
7290000364872,false,נקניקיות עוף טירת צבי 400 גרם,טיב טירת צבי 2000,IL,נקנקיות עוף טירת,גרמים,400.00,100 גרם,false,,11.90,0.0298,true,1,97732
7290000365046,false,פסטרמה כתף בקר מעושן,טירת- צבי,IL,כתף בקר טירת צבי,קילוגרמים,1.00,"ק""ג",true,,109.90,109.9000,false,1,117602
7290000365398,false,חזה הודו בדבשטירת צבי,טירת- צבי,IL,פסטרמה דבש ט.צבי,קילוגרמים,1.00,"ק""ג",true,,84.90,84.9000,false,1,97578
7290000365749,false,פסטרמה חזה הודו מעוש,טירת צבי,IL,פסטרמה דל שומן,קילוגרמים,1.00,"ק""ג",true,,84.90,84.9000,false,1,117614
7290000365909,false,פסטרמה הודו מעושנתטירת צבי,טירת- צבי,IL,פסטרמה הודו מעושנת,קילוגרמים,1.00,"ק""ג",true,,84.90,84.9000,false,1,97581
7290000365954,false,פסטרמה הודו גחלים טי,טירת- צבי,IL,פסטרמה על גחלים,קילוגרמים,1.00,"ק""ג",true,,84.90,84.9000,false,1,97582
7290000367590,false,פסטרמה כפרית וסלמי פריזר כפרי טירת צבי 2*400 גרם,טיב טירת צבי 2000,IL,זוג פסטרמה טירת,גרמים,800.00,100 גרם,false,,29.90,0.0374,true,1,97743
7290000369037,false,קוביות בולגרית מתובלות 200 גר,גבינות אמיר ניצן בעמ,IL,סלט קוביות בולגרית 2,גרמים,200.00,100 גרם,false,,15.90,0.0795,true,1,211279
7290000369617,false,מעדן כדורי פטה בשמן מתובל ניצן 230 גרם,גבינות אמיר ניצן בעמ,IL,כדורי מעדן גבינה 150,גרמים,150.00,100 גרם,false,,19.90,0.1327,true,1,211221
7290000369709,false,חמאה עירונית בתוספת ריחן ושום טרי גבינות ניצן 100 גרם,גבינות אמיר ניצן בעמ,IL,ממרח חמאה 100 גרם,גרמים,100.00,100 גרם,false,,13.90,0.1390,true,1,102630
7290000377209,false,בוטנים מטוגנים קליית,"ג'י אנד ג'י בע""מ",IL,בוטנים 200,גרמים,200.00,100 גרם,false,,6.90,0.0345,true,1,102141
7290000377445,false,נש צאנס קלית גת 200 גר',"ג'י אנד ג'י בע""מ",IL,תערובת מנצ'ס,גרמים,200.00,100 גרם,false,,8.50,0.0425,true,1,102144
7290000377452,false,גרעיני אבטיח קלויים ומלוחים קלית גת 200,הדקלאים אגודת שיתופי,IL,גרעיני אבטיח 200ח,גרמים,200.00,100 גרם,false,,12.00,0.0600,true,1,102145
7290000391229,false,קוקטייל פיצה בונז'ור,בונז'ור,,קוקטייל פיצה בונז'ור,קילוגרמים,1.00,"ק""ג",true,,54.90,54.9000,true,1,147803
7290000408316,false,יוגורט דנונה דל לקטוז 200 גרם,מיוצר עי קונדיטוריית,IL,יוגורט דנונה טבעי 3%,מיליליטרים,200.00,"100 מ""ל",false,,3.50,0.0175,true,1,95509
7290000408354,false,יוגורט עם אורז מצופה שוקולד קקאו 175 ג' דנונה,"שטראוס בריאות בע""מ",IL,דנונה קראנצ' פצפוצים,מיליליטרים,175.00,"100 מ""ל",false,,4.60,0.0263,false,1,95510
7290000412139,false,נוזל רצפות בניחוח אורנים ריצפז 3 ליטר,סנו ריצפז,IL,ריצפז אורנים 3לי,ליטרים,3.00,ליטר,false,,13.90,4.6333,true,1,108312
7290000412481,false,נוזל לניקוי אסלות 00 סנו 1 ליטר,מיוצר עי קונדיטוריית,IL,מנקה אסלות 1ליטר,ליטרים,1.00,ליטר,false,,7.90,7.9000,false,1,108314
7290000412764,false,"פזטוקס קוטל חרקים סנו 630 מ""ל",קריות זול,,פזטוקס ארזול,מיליליטרים,630.00,"100 מ""ל",false,,18.90,0.0300,true,1,108315
7290000416021,false,ממרח בטעם שוקולד השחר חלבי 500,השחר העולה,IL,ממרח השחר 500 גרם,גרמים,500.00,100 גרם,false,,13.90,0.0278,false,1,108620
7290000416045,false,"ממרח בטעם שוקולד השחר 1 ק""ג",השחר העולה תעשייות מ,IL,"ממרח השחר 1 ק""ג",קילוגרמים,1.00,"ק""ג",false,,23.90,23.9000,false,1,108621
7290000416076,false,צימקאו שוקולד לבישול ואפיה 400 גרם,השחר העולה תעשייות מ,IL,שוקולד צימקאו,גרמים,400.00,100 גרם,false,,12.60,0.0315,true,1,108622
7290000416618,false,"ממרח שוקולד השחר פרווה בד""צ 400 גר'",השחר העולה תעשייות מ,IL,ממרח שוקולד השחר פרו,גרמים,400.00,100 גרם,false,,10.60,0.0265,true,1,108624
7290000416632,false,"ממרח בטעם שוקולד פרווה השחר 1 ק""ג",השחר העולה תעשית ממת,IL,ממרח השחר פרווה 1 ק,יחידה,1.00,יחידה,false,,23.90,23.9000,false,1,108625
7290000416809,false,ממרח חצי חצי נוגט אגוזים וקרם חלב השחר 350ג',השחר העולה תעשייות מ,IL,ממרח השחר חצי חצי,גרמים,350.00,100 גרם,false,,9.90,0.0283,false,1,200569
7290000416854,false,אבקת קקאו השחר העולה 150ג',השחר העולה תעשייות מ,IL,קקאו 150 גר,גרמים,150.00,100 גרם,false,,9.50,0.0633,true,1,108629
7290000416878,false,קקאו השחר 500 גרם,השחר העולה תעשייות מ,IL,אבקת קקאו 500 גר,גרמים,500.00,100 גרם,false,,21.90,0.0438,true,1,150018
7290000416922,false,השחר ממרח חלב 350 גרם,השחר העולה תעשייות מ,IL,ממרח חלב השחר,גרמים,350.00,100 גרם,false,,9.90,0.0283,false,1,200570
7290000419107,false,לנדוור כחול המקורי טחון טורקי 100גרם,קפה לנדוור בע''מ,IL,קפה טורקי קלוי כחול,גרמים,100.00,100 גרם,false,,7.90,0.0790,false,1,112199
7290000419114,false,קפה שחור לנדוור 200 גרם,קפה לנדוור,IL,קפה לנדוור כחול 200,גרמים,200.00,100 גרם,false,,14.90,0.0745,false,1,113054
7290000419893,false,קפה שחור טחון לבוקר לנדוור 100 גרם,מולינו ניקולי s.p.a,IL,קפה לנדוור שחור טחון,גרמים,100.00,100 גרם,false,,7.90,0.0790,false,1,116593
7290000419909,false,לנדוור לבוקר קפה טחון שחור טורקי 100 גרם,מולינו ניקולי s.p.a,IL,קפה לנדוור שחור בטעם,גרמים,100.00,100 גרם,false,,7.90,0.0790,false,1,116970
7290000420325,false,"פופסטאר פופקורן למקירוגל בטעם טבעי 5 שקיות,500 גרם",קריות זול,US,פופסטאר טבעי 5יח',גרמים,500.00,100 גרם,false,,12.90,0.0258,false,1,107431
7290000420332,false,פופסטאר פופקורן למיקרוגל בטעם חמאה 5 יחידות 500 גרם,קריות זול,US,פופסטאר חמאה 5יח',גרמים,500.00,100 גרם,false,,12.90,0.0258,false,1,107432
7290000420417,false,גלילונית שקיות אשפה 50*70 - 60 יח',"איטיליאן פוד, אס.פי.",IL,גלילונית 50X70 עם לש,יחידה,0.00,יחידה,false,,24.00,0.0000,false,1,107433
7290000430102,false,"שקיות קרח 2 ק""ג ""מר אייס""","אייס (קיובס) בע""מ -",IL,"שקיות קרח 2 ק""ג",יחידה,2.00,יחידה,false,,9.90,4.9500,true,1,108981
7290000432359,false,נר נשמה בכוס שבועי פ,פאלאס,CN,נר נשמה שבועי,יחידה,0.00,יחידה,false,,9.90,0.0000,true,1,100266
7290000432649,false,נרות שבת מס 6 180 גר,פאלאס,,נרות שבת 6,גרמים,180.00,100 גרם,false,,4.50,0.0250,true,1,192958
7290000432656,false,נרות שבת מס' 8,,,נרות שבת מס' 8,גרמים,180.00,100 גרם,false,,4.50,0.0250,true,1,192959
7290000432663,false,נרות שבת מס 10 180 ג,"פאלאס בע""מ",,נרות שבת מס' 10,גרמים,180.00,100 גרם,false,,4.50,0.0250,true,1,192960
7290000432670,false,נרות שבת מס' 12,,,נרות שבת מס' 12,גרמים,180.00,100 גרם,false,,4.50,0.0250,true,1,263692
7290000432687,false,נרות שבת מס' 16 ציון,"פאלאס בע""מ",,נרות שבת מס' 16,גרמים,180.00,100 גרם,false,,4.50,0.0250,true,1,263693
7290000442044,false,פמינה תחליב רחצה אינטימי חמוציות 220 מל,פמינה,IL,פמינה חמוציות,מיליליטרים,0.00,"מ""ל",false,,26.90,0.0000,true,1,134730
7290000442587,false,"קרם רב שימושי תוספת 33% גינקו 220 מ""ל.",כ.צ.ט,IL,קרם רב שימושי,מיליליטרים,220.00,"100 מ""ל",false,,19.90,0.0905,true,1,103143
7290000446523,false,חמאת בוטנים מתוקה 350ג' בי&די,בטר אנד דיפרנט,IL,חמאת בוטנים מתוקה,גרמים,350.00,100 גרם,false,,12.90,0.0369,true,1,210780
7290000446547,false,חמאת בוטנים טבעית ללא סוכר 350גר,"בטר אנד דיפרנט בע""מ",IL,חמאת בוטנים טבעית,גרמים,350.00,100 גרם,false,,12.90,0.0369,true,1,146760
7290000446554,false,"חמאת בוטנים טבעית 1 ק""ג בי&די",בטר אנד דיפרנט B&D,IL,חמאת בוטנים טבעית 1,קילוגרמים,1.00,"100 ק""ג",false,,27.90,27.9000,true,1,190074
7290000446714,false,שמן שומשום כבישה קרה,בטר אנד דיפרנט,IL,"שמן שומשום 500 מ""ל",מיליליטרים,500.00,"100 מ""ל",false,,38.90,0.0778,true,1,211156
7290000446745,false,חמאת שקדים 100% טבעי 350ג' בי&די,בטר אנד דיפרנט,IL,חמאת שקדים,גרמים,350.00,100 גרם,false,,42.90,0.1226,true,1,210806
7290000446776,false,פתיתי אורז תפוח קל ללא סוכר 500 גרם,בטר אנד דיפרנט,IL,פיצפוצי אורז מלא ללא,גרמים,450.00,100 גרם,false,,18.90,0.0420,true,1,185726
7290000449128,false,סיף פנטסטיק לימון ניקוי רב תכליתי 4ל',יוניליוור ישראל טיפו,IL,פנטסטיק 4 ליטר,ליטרים,4.00,ליטר,false,,19.90,4.9750,false,1,101505
7290000450209,false,פוסידון טונה בהירה בשמן 77 גרם,"מיוצר עי וליגר בעמ,",IL,טונה פוסידון בשמן 11,גרמים,110.00,100 גרם,false,,6.00,0.0545,true,1,109195
7290000450308,false,פוסידון טונה בהירה במי מלח 77 גרם,ויליגר בעמ עבור נטו,IL,טונה פוסידון במי,גרמים,108.00,100 גרם,false,,6.00,0.0556,true,1,109196
7290000453019,false,שמרים טריים לאפייה שקית שמרית 50 ג',"פאקא תעשיות בע""מ",IL,שמרית,גרמים,50.00,100 גרם,false,,4.60,0.0920,false,1,95512
7290000453125,false,שמרית שמרים טריים לאפיה +משפר אפיה 100ג,"פאקא תעשיות בע""מ",IL,שמרית+משפר אפיה,גרמים,100.00,100 גרם,false,,7.90,0.0790,true,1,95513
7290000453200,false,בלילה להכנת פנקייק עם רכיבים ביתיים,"פאקא תעשיות בע""מ",DE,בלילה מצוננת להכנת פ,מיליליטרים,750.00,"100 מ""ל",false,,21.90,0.0292,true,1,219883
7290000453309,false,בצק פיצה תמי ללא גלו,תמי,IL,בצק פיצה מצונן ללא ג,יחידה,0.00,יחידה,false,,19.90,0.0000,true,1,259240
7290000453316,false,בצק עלים מצונן ללא גלוטן,תמי,IL,בצק עלים מצונן ללא ג,יחידה,0.00,יחידה,false,,19.90,0.0000,true,1,259241
7290000453323,false,קמח תמי עמילן חיטה ללא גלוטן 500 גרם,תמי,IL,קמח תמי עמילן חיטה ל,גרמים,500.00,100 גרם,false,,18.90,0.0378,true,1,262364
7290000453330,false,תמי תערובת עוגת וניל ללא גלוטן 500גר,,IL,תמי תערובת לעוגת וני,גרמים,500.00,100 גרם,false,,18.90,0.0378,true,1,262733
7290000453385,false,שמרים יבשים פארא אינסטנט 500 גרם עלית,פאקא תעשיות בעמ,IL,שמרים יבשים פאקא,גרמים,500.00,100 גרם,false,,14.40,0.0288,true,1,190380
7290000453408,false,"בצק פיצה דק, מצונן ומוכן לאפייה - שמרית","פאקא תעשיות בע""מ",FR,בצק פיצה דק מצונן ומ,גרמים,415.00,100 גרם,false,,16.90,0.0407,true,1,208679
7290000453415,false,בצק עלים מצונן ומוכן לאפייה - שמרית,"פאקא תעשיות בע""מ",FR,בצק עלים מצונן ומוכן,גרמים,300.00,100 גרם,false,,15.90,0.0530,true,1,208680
7290000453422,false,בצק פילו מצונן ומוכן לאפייה שמרית,"פאקא תעשיות בע""מ",FR,בצק פילו מוכן לאפייה,גרמים,300.00,100 גרם,false,,15.90,0.0530,true,1,208681
7290000453484,false,בצק קדאיף לאפייה שמרית 350 גרם,"פאקא תעשיות בע""מ",GR,בצק קדאיף 350 גר שימ,גרמים,350.00,100 גרם,false,,15.90,0.0454,false,1,262608
7290000453781,false,שמרים יבשים שמרית 125 גרם,"פאקא תעשיות בע""מ",PT,שמרים יבשים,גרמים,125.00,100 גרם,false,,6.30,0.0504,true,1,204398
7290000453798,false,שמרית שמרים יבשים אקטיביים 500 גר',"גי' בי' רכיבים בע""מ",IL,שמרים אקטיבים 500 גר,גרמים,500.00,100 גרם,false,,14.90,0.0298,false,1,201849
7290000453866,false,נטורינה קוקוס לאפייה שמרית 200ג',גרונבאנג- גרונדנסק א,IL,נטורינה קוקוס שמרית,גרמים,200.00,100 גרם,false,,7.60,0.0380,false,1,199812
7290000453880,false,מרגרינה ללא מלח לאפיה ובישול שמרית 200גר,"פאקא תעשיות בע""מ",IL,מרגרינה ללא מלח לאפי,גרמים,200.00,100 גרם,false,,5.90,0.0295,false,1,191902
7290000461625,false,בייגלה שמיניות מלח בייגל בייגל 400 ג',בייגל את בייגל מזון,IL,בייגלה שמיניות גדולו,גרמים,400.00,100 גרם,false,,8.90,0.0223,true,1,101511
7290000461656,false,בייגלה אחד אחד 400 ג' מקלות,בייגל את בייגל מזון,IL,מקלות בייגל,גרמים,400.00,100 גרם,false,,8.90,0.0223,true,1,101513
7290000461700,false,בייגלה שמיניות גדולות מלוחות 400 גרם,בייגל את בייגל מזון,IL,בייגלה גדול גדול,גרמים,400.00,100 גרם,false,,13.90,0.0348,true,1,101514
7290000461724,false,בייגלה שמיניות גדולות שומשום בייגל בייגל,אתר בייגל - Food,IL,בייגלה שומשום 00,גרמים,400.00,100 גרם,false,,13.90,0.0348,true,1,101515
7290000461793,false,בייגלה ארוך ארוך סידרה ירוקה 200גר,בייגל את בייגל מזון,IL,מקלות מלוחים קטן,גרמים,150.00,100 גרם,false,,6.90,0.0460,false,1,101517
7290000462103,false,סחוג אדום חריף עדין (מכסה לבן) 150 גרם,קריניסה ויטמין אס אי,IL,סחוג זהבי,גרמים,150.00,100 גרם,false,,8.90,0.0593,true,1,95514
7290000462141,false,סחוג אדום תימני מקורי חריף מאוד זהבי 150 גרם,קריניסה ויטמין אס אי,IL,סחוג חריף מאוד זהבי,גרמים,150.00,100 גרם,false,,8.90,0.0593,true,1,120035
7290000462172,false,סחוג ירוק חריף מאוד מ.ירוק 150 גרם,קריניסה ויטמין אס אי,IL,סחוג,גרמים,150.00,100 גרם,false,,8.90,0.0593,true,1,95515
7290000462981,false,סחוג חריף אשש 150 גר,"זהבי הכרם בועז בע""מ-",IL,זחוק חריף אש 150 גר',גרמים,150.00,100 גרם,false,,8.90,0.0593,true,1,212979
7290000467153,false,מלך החומוס סמיר הגדול 400 גרם צבר,סלטי צבר,IL,חומוס סמיר הגדול,גרמים,400.00,100 גרם,false,,13.90,0.0348,true,1,147244
7290000467320,false,מלך החומוס אבו מרוואן 400 גרם,לחמנו,IL,חומוס אבו מרוואן 400,גרמים,400.00,100 גרם,false,,13.90,0.0348,true,1,147245
7290000469522,false,סחבה לריצפה אוני,,,סחבה לריצפה אוני,יחידה,0.00,יחידה,false,,8.50,0.0000,true,1,109693
7290000474076,false,"חלב קרטון 3%-1 ליטר ""טרה""-מוצר בפיקוח",קריות זול,IL,חלב טרה 3% בקרטון,ליטרים,1.00,ליטר,false,,6.23,6.2300,false,1,93116
7290000474090,false,"חלב בקרטון 1%- 1 ליטר בד""צ - מוצר בפיקוח",מילקו תעשיות בעמ,IL,חלב טרה הומוגני דל ש,ליטרים,1.00,ליטר,false,,5.86,5.8600,false,1,93117
7290000474373,false,"שמנת חמוצה 15% שומן 200 מ""ל טרה",קריות זול,IL,שמנת חמוצה 15%,גרמים,200.00,100 גרם,false,,2.40,0.0120,false,1,134698
7290000474502,false,גבינה לבנה טרה 5% מרכיבים טבעיים,קריות זול,IL,גבינה לבנה 250 גר' ט,גרמים,250.00,100 גרם,false,,4.98,0.0199,false,1,93127
7290000474540,false,טוב טעם גבינה לבנה 3% טרה 250 גרם,קריות זול,IL,גבינה טוב טעם 3% טרה,גרמים,250.00,100 גרם,false,,11.50,0.0460,false,1,93129
7290000480107,false,קוואקר שיבולת שועל פחית 500 גרם,וולקרס סנקס לימיטד,GB,קוואקר שיבולת שועל פ,גרמים,500.00,100 גרם,false,,11.90,0.0238,false,1,106894
7290000480442,false,קוואקר שיבולת שועל בשקית 500 גרם,פריטו ליי FRITO-LAY,IL,שיבולת שועל קוואקר ב,גרמים,500.00,100 גרם,false,,12.90,0.0258,false,1,106903
7290000481074,false,לחם משלושה קמחים מלאים 750 גר,דגנית עין בר,IL,לחם משלושה קמחים מלא,גרמים,750.00,100 גרם,false,,15.90,0.0212,true,1,262928
7290000481180,false,לחם מחמצת שאור דגנית,דגנית עין בר,,לחם מחמצת שאור דגנית,גרמים,550.00,100 גרם,false,,19.90,0.0362,true,1,264254
7290000481197,false,לחם מחמצת גרעינים וש,דגנית עין בר,,לחם מחמצת גרעינים וש,גרמים,550.00,100 גרם,false,,19.90,0.0362,true,1,264255
7290000481531,false,דגנית עין בר לחמניות אצבע מחיטה מלאה בשקית 750 ג',יוניליוור גרמניה Gm,IL,מארז 10 לחמניות אצבע,גרמים,750.00,100 גרם,false,,12.50,0.0167,false,1,150295
7290000481883,false,דגנית עין בר מארז לחמניות 10 יח'*75 ג',יוניליוור גרמניה Gm,IL,מארז לחמניות אצבע עש,גרמים,750.00,100 גרם,false,,11.00,0.0147,false,1,149416
7290000482071,false,שקיות צליה ואפיה קוקי 20 יחידות,קוקי,,שקיות קוקי,יחידה,0.00,יחידה,false,,19.90,0.0000,true,1,96273
7290000483139,false,מרציפן גולמי המרשלג 100 גרם,"המרשלג פרלינס בע""מ",IL,מרציפן גולמי חלה,גרמים,100.00,100 גרם,false,,8.90,0.0890,true,1,111191
7290000483412,false,קישוט לעוגה המרשלג ט,המרשלג,IL,קישוטים לעוגה,גרמים,60.00,100 גרם,false,,12.00,0.2000,true,1,111193
7290000483641,false,מרציפן חלה המרשלג 75 גרם,"המרשלג פרלינס בע""מ",IL,מרציפן חלה,גרמים,75.00,100 גרם,false,,7.90,0.1053,true,1,99803
7290000483887,false,חטיף מרציפן ללא תוספת סוכר המרשלג 75 גרם,קריות זול,IL,המרשלג מרציפן ללא תו,גרמים,75.00,100 גרם,false,,13.90,0.1853,true,1,121924
7290000483924,false,המרשלג בצק סוכר 600 גרם,המרשלג,IL,בצק סוכר,יחידה,600.00,יחידה,false,,17.90,0.0298,true,1,122045
7290000484747,false,עראק עלית 700 מל 40% כהל,יקב הגליל שווק בעמ,IL,עלית הארק,מיליליטרים,700.00,"100 מ""ל",false,,55.90,0.0799,false,1,193949
7290000490601,false,"שמיניית גלידל וניל ""פלדמן""",הגלידות של פלדמן,IL,מאגדת גלידל דיאט שלג,גרמים,400.00,100 גרם,false,,29.90,0.0747,true,1,109883
7290000490724,false,חטיפי גלידה עינוגים,גלידות פלדמן,,חטיפי גלידה עינוגים,גרמים,360.00,100 גרם,false,,32.90,0.0914,true,1,128807
7290000490762,false,"שמיניית גלידל שוקו ""פלדמן""",הגלידות של פלדמן,IL,מאגדת גלידל שלגוני ש,גרמים,400.00,100 גרם,false,,29.90,0.0747,true,1,109885
7290000493176,false,אסם אבקת רוטב צלי לבשר 22 ג',"אסם תעשיות בע""מ",IL,רוטב צלי באבקה,גרמים,22.00,100 גרם,false,,4.40,0.2000,true,1,94071
7290000493183,false,אבקת רוטב פטריות לבשר-30 גרם,"אסם תעשיות בע""מ",IL,רוטב פטריות באבקה,גרמים,30.00,100 גרם,false,,4.40,0.1467,true,1,94072
7290000497044,false,"לחם אקטיב 750 גרם ""ברמן""",מאפית י את א ברמן בע,IL,לחם ברמן אקטיב,גרמים,750.00,100 גרם,false,,15.90,0.0212,true,1,149358
7290000497228,false,לחמניה רגילה בשקית ברמן 6יח',מאפית י את א ברמן בע,IL,מארז 6 לחמניות ברמן,גרמים,450.00,100 גרם,false,,11.90,0.0264,true,1,100026
7290000497303,false,"שישיית לחמניות מקמח מלא ""ברמן""",מאפית י את א ברמן בע,IL,לחמניות מקמח מלא,גרמים,540.00,100 גרם,false,,11.90,0.0220,true,1,99884
7290000497426,false,לחם ברמן לענין פלוס 500 גרם,מאפית י את א ברמן בע,IL,ברמן קל לעניין,גרמים,750.00,100 גרם,false,,14.90,0.0199,true,1,100030
7290000497570,false,לחם דגנים פלוס ברמן 500 גרם,מאפית י את א ברמן בע,IL,לחם דגני קלות ברמן,גרמים,500.00,100 גרם,false,,15.90,0.0318,false,1,99890
7290000498034,false,לחם אי פרי קמח כוסמין מלא 750 גר',מאפית י את א ברמן בע,IL,לחם כוסמין E-FREE,גרמים,750.00,100 גרם,false,,16.90,0.0225,true,1,209385
7290000504025,false,ממתיק סוכרזית פטריה 300 טבליות,אף.סי תבליני בגליל ב,IL,פטריה 300טבל',גרמים,246.00,100 גרם,false,,8.50,0.0346,true,1,98828
7290000504049,false,ממתיק סוכרזית 1200 טבליות,אף.סי תבליני בגליל ב,IL,סוכרזית קנקן,גרמים,984.00,100 גרם,false,,24.50,0.0249,true,1,98830
7290000504278,false,סוכרזית - קלאסי פטנט 700 טבליות,אף.סי תבליני בגליל ב,IL,סוכרזית פטנט,גרמים,574.00,100 גרם,false,,17.90,0.0312,true,1,98833
7290000504360,false,פלצ'ה אזורה טלק ריח,אזורה,,פלצ'ה אזורה טלק ריח,גרמים,80.00,100 גרם,false,,7.90,0.0988,true,1,107436
7290000518121,false,ממתיק מתוק וקל 50 יחידות,קריות זול,IL,מתוק וקל 50יח,גרמים,50.00,100 גרם,false,,6.50,0.1300,true,1,111194
7290000518152,false,ממתיק זהב מתוק וקל 50 שקיות,קריות זול,IL,מתוק וקל זהב,גרמים,25.00,100 גרם,false,,6.90,0.2760,true,1,104801
7290000518169,false,ממתיק מתוק וקל 1000 טבליות,קריות זול,IL,מתוק וקל 1000 יח,גרמים,820.00,100 גרם,false,,10.90,0.0133,true,1,104802
7290000518176,false,ממתיק מתוק וקל 250 שקיות,מתוק וקל בעמ,IL,מתוק וקל 250,גרמים,250.00,100 גרם,false,,18.90,0.0756,true,1,104803
7290000518190,false,מתוק וקל סטיביה 100 שקיות,מתוק וקל,IL,מתוק וקל סטיביה 100,יחידה,0.00,יחידה,false,,26.90,0.0000,true,1,197687
7290000518220,false,ממתיק סוכרה דיאט 100 יחידות,פתח תקווה,IL,סוכרה דיאט 100 שקיות,יחידה,0.00,יחידה,false,,25.00,0.0000,true,1,197624
7290000518237,false,סוכרה דיאט אבקת 100 גרם,מתוק וקל בעמ,IL,סוכרה דיאט אבקה 100,גרמים,100.00,100 גרם,false,,23.90,0.2390,true,1,197357
7290000518251,false,ממתיק זהב מתוק וקל 100 יחידות,קריות זול,IL,מתוק וקל זהב 100,גרמים,100.00,100 גרם,false,,12.90,0.1290,true,1,104805
7290000518336,false,ממתק צמר גפן מתוק מסיבים תזונתיים,מתוק וקל בעמ,IL,צמר גפן מתוק,גרמים,10.00,100 גרם,false,,5.00,0.5000,true,1,219307
7290000518398,false,"סוכרה דיאט טיפות 150 מ""ל",פתח תקווה,IL,סוכרה דיאט טיפות,יחידה,0.00,יחידה,false,,26.90,0.0000,true,1,198243
7290000518879,false,סוכרה דיאט 250 שקיות אריזת חסכון,מתוק וקל בעמ,IL,סוכרה דיאט 250 שקיות,גרמים,200.00,100 גרם,false,,49.90,0.2495,true,1,147029
7290000521008,false,"של סגל אדום יבש , 750 מ""ל",כרמי צבי - אחים סגל,IL,של סגל אדום יבש,מיליליטרים,750.00,"100 מ""ל",false,,19.90,0.0265,false,1,110051
7290000521015,false,"יין סגל לבן יבש 750מ""ל","מיוצר ע""י כרמי צבי-",IL,סגל לבן יבש,מיליליטרים,750.00,"100 מ""ל",false,,19.90,0.0265,false,1,110052
7290000521022,false,"של סגל, יין לבן חצי יבש 750 מ""ל","מיוצר ע""י כרמי צבי-",IL,יין לבן חצי יבש,יחידה,750.00,יחידה,false,,19.90,0.0265,false,1,110053
7290000521411,false,יין מרום גליל סינגל מרלו 750 מל,כרמי צבי אחים סגל בע,IL,מרום גליל סינגל מרלו,מיליליטרים,750.00,"100 מ""ל",false,,24.90,0.0332,false,1,112206
7290000522111,false,חלב טרי אורגני 3% 1 ליטר,,,חלב טרי אורגני 3% רמ,ליטרים,1.00,ליטר,false,,12.90,12.9000,false,1,93136
7290000523125,false,מלח הארץ הים האדום 250 ג' עדין,חברת מלח הארץ אילת ב,IL,מלח ים 200 גר',גרמים,250.00,100 גרם,false,,5.50,0.0220,true,1,103205
7290000523224,false,מלח הארץ הים האדום 500 ג' עדין,חברת מלח הארץ אילת ב,IL,מלח ים 500 גר',גרמים,500.00,100 גרם,false,,7.90,0.0158,true,1,103206
7290000523514,false,מלח ים יבש מופחת נתרן מלח הארץ 250 גרם,חברת מלח הארץ אילת ב,IL,מלח ים מופחת נתרן,גרמים,250.00,100 גרם,false,,10.00,0.0400,true,1,103207
7290000523521,false,מלח ים מועשר ביוד מלח הארץ 250 גרם,חברת מלח הארץ אילת ב,IL,מלח מועשר ביוד,גרמים,250.00,100 גרם,false,,5.90,0.0236,true,1,98482
7290000523804,false,"מלח עדין צנצנת 1 ק""ג מלח הארץ",חברת מלח הארץ אילת ב,IL,מלח הארץ עדין 1קג,קילוגרמים,1.00,"ק""ג",false,,7.50,7.5000,true,1,120592
7290000523811,false,"צנצנת מלח גס 1 ק""ג מלח הארץ",חברת מלח הארץ אילת ב,IL,מלח הארץ גס 1קג,קילוגרמים,1.00,"ק""ג",false,,7.50,7.5000,true,1,120593
7290000525969,false,מיץ תפוזים סחוט רכיבים טבעיים פרימור 1 ליטר,"גניר (1992) בע""מ",IL,פרימור סחוט תפוזים 1,ליטרים,1.00,ליטר,false,,15.90,15.9000,false,1,95516
7290000530024,false,תה מעושן רחב זוגלובק,זוגלובק,IL,תה זוגלובק,קילוגרמים,1.00,"ק""ג",true,,49.90,49.9000,false,1,100703
7290000530048,false,נקניק סלמי פפרוני במ,זוגלובק,IL,סלמי פפרוני,קילוגרמים,1.00,"ק""ג",true,,46.90,46.9000,false,1,100704
7290000530062,false,נקניק מעושן איטלקי ז,זוגלובק,IL,מעושן איטלקי בלו,קילוגרמים,1.00,"ק""ג",true,,72.90,72.9000,true,1,100705
7290000530086,false,נקניק סלמי מעושן זוגלובק 600 גרם,נקניק נהריה כשר זוגל,IL,סלמי מעוש 7000ן,גרמים,610.00,100 גרם,false,,31.90,0.0523,true,1,100725
7290000530109,false,קבנוס זוגי בואקום זוגלובק 180ג',נקניק נהריה כשר זוגל,IL,זוג קבנוס בואקום,גרמים,360.00,100 גרם,false,,28.90,0.0803,true,1,114073
7290000530116,false,נקניק סלמי מעושן בשן 470 ג' זוגלובק,נקניק נהריה כשר זוגל,IL,נקניק בשן,גרמים,485.00,100 גרם,false,,25.90,0.0534,true,1,100726
7290000530178,false,נקניק קוניאק זוגלובק,זוגלובק,IL,נקניק קוניאק זוגלובק,קילוגרמים,1.00,"ק""ג",true,,79.90,79.9000,true,1,100707
7290000530260,false,נקניק מורטדלה זוגלוב,זוגלובק,IL,מרטדלה רחב,קילוגרמים,1.00,"ק""ג",true,,35.90,35.9000,true,1,100709
7290000530291,false,נקניק מבשר הודו קטן זוגלובק 750 גרם,נקניק נהריה כשר זוגל,IL,נקניק מבשר הודו,גרמים,800.00,100 גרם,false,,17.90,0.0224,true,1,107806
7290000530369,false,פסטרמה גולן הודו מעו,זוגלובק,IL,גולן-חזה מעושן,קילוגרמים,1.00,"ק""ג",true,,79.90,79.9000,false,1,100710
7290000530413,false,המבורגר זהב זוגלובק 400 גרם,נקניק נהריה כשר זוגל,IL,המבורגר זהב,גרמים,400.00,100 גרם,false,,19.90,0.0497,true,1,100729
7290000530444,false,כתף בקר מעושן זוגלוב,זוגלובק,IL,כתף בקר זוגלובק,קילוגרמים,1.00,"ק""ג",true,,109.90,109.9000,true,1,126951
7290000530598,false,נקניקיות עוף וינר זוגלובק 500 גרם,נקניק נהריה כשר זוגל,IL,נקנקיות,גרמים,500.00,100 גרם,false,,17.00,0.0340,true,1,100733
7290000530604,false,נקניקיות וינר חריפות גוליבר 500ג זוגלובק,נקניק נהריה כשר זוגל,IL,נקנקיות חריפות,גרמים,500.00,100 גרם,false,,16.50,0.0330,true,1,100734
7290000530703,false,פסטרמה חרמון כפרית ונקניק תה מעושן זוגלובק 2*400 גרם,נקניק נהריה כשר זוגל,IL,חרמון כפרית 400+תה 4,גרמים,800.00,100 גרם,false,,26.90,0.0336,true,1,124487
7290000531410,false,פסטרממיה בדבש טהור ב,זוגלובק,IL,פסטרממיה בדבש טה,קילוגרמים,1.00,"ק""ג",true,,79.90,79.9000,false,1,114945
7290000531601,false,סטייקבורגר זהב זוגלובק 400 גרם,נקניק נהריה כשר זוגל,IL,סטייקבורגר זהב,גרמים,400.00,100 גרם,false,,19.90,0.0497,true,1,100747
7290000531977,false,בורקס גבינה זוגלובק 800 גרם,נקניק נהריה כשר זוגל,IL,בורקס גבינה 800 גר',גרמים,800.00,100 גרם,false,,16.90,0.0211,false,1,100750
7290000532400,false,פסטרמה ברביקיו זוגלו,זוגלובק,IL,פסטרמה בר בי קיו זו,קילוגרמים,1.00,"ק""ג",true,,79.90,79.9000,false,1,100713
7290000532479,false,"נקנקיות חריפות 1 ק""ג זוגלובק",זוגלובק,,"נקניקיות חריפות 1 ק""",קילוגרמים,1.00,"ק""ג",false,,29.90,29.9000,true,1,207072
7290000532721,false,כתף בקר טורו מצופה פ,זוגלובק,IL,טורו זוגלובק,קילוגרמים,1.00,"ק""ג",true,,109.90,109.9000,false,1,100715
7290000533353,false,"בצק עלים מרודד זוגלובק 1 ק""ג",מאפיית אריאל וגידרון,IL,בצק עלים זוגלובק,קילוגרמים,1.00,"ק""ג",false,,19.90,19.9000,false,1,100763
7290000534718,false,פסטרמה חזה תבור זוגל,זוגלובק,IL,תבור-חזה הודו דל שומ,קילוגרמים,1.00,"ק""ג",true,,79.90,79.9000,false,1,112869
7290000535791,false,קורנדביף בסגנון ניו,,IL,חזה בקר ניו יורק זוג,קילוגרמים,1.00,"ק""ג",true,,109.90,109.9000,false,1,208978
7290000536743,false,"שניצל קריספי סטיקס תירס ""זוגלובק""",נקניק נהריה כשר זוגל,IL,קריספי סטיקס תירס,גרמים,500.00,100 גרם,false,,13.90,0.0278,true,1,149951
7290000537566,false,נקניקיות עוף טרי 400 ג' זוגלובק,נקניק נהריה כשר זוגל,IL,נקנקיות עוף טרי,גרמים,400.00,100 גרם,false,,15.90,0.0398,true,1,100799
7290000538105,false,נקניק סלמי סרוולד 200 ג' זוגלובק,נקניק נהריה כשר זוגל,,סרוולד 200 גר,גרמים,200.00,100 גרם,false,,31.90,0.1595,true,1,100805
7290000538709,false,נקניק סלמי תה מעושן זוגלובק 200 גרם,זוגלובק,IL,נקניק תה מעושן,גרמים,200.00,100 גרם,false,,12.50,0.0625,true,1,100812
7290000552118,false,נקניקיות מרגז טיבון ויל 400 גרם,טיבון ויל אחזקות בעמ,IL,נקניקיות מרגז,גרמים,400.00,100 גרם,false,,19.90,0.0497,true,1,109206
7290000552194,false,קישקע טיבון ויל 500 גרם,טיבון ויל אחזקות בעמ,IL,קישקע 500 גר' טיבון,גרמים,500.00,100 גרם,false,,12.90,0.0258,true,1,109208
7290000552569,false,סטייקבורגר בקר טיבון ויל 400 גרם,"טיבון ויל אחזקות בע""",IL,סטייקבורגר 400 גר',גרמים,400.00,100 גרם,false,,18.90,0.0472,false,1,109209
7290000552927,false,עוף טחון טיבון ויל 500 גרם,"טיבון ויל אחזקות בע""",IL,טחון עוף,גרמים,500.00,100 גרם,false,,13.90,0.0278,true,1,109212
7290000552934,false,בשר הודו טחון טיבון ויל 500 גרם,קריות זול,IL,טחון הודו 500 גר,גרמים,500.00,100 גרם,false,,13.90,0.0278,true,1,109213
7290000552989,false,בשר טחון טיבון ויל 500 גרם,"טיבון ויל אחזקות בע""",IL,בקר טחון עגל טיבון ו,גרמים,500.00,100 גרם,false,,25.90,0.0518,true,1,109214
7290000554006,false,גבינה קשקבלו משולשים,מחלבות גד,IL,גבינת קשקבל גד,קילוגרמים,1.00,"ק""ג",true,,120.20,120.2000,true,1,99806
7290000554402,false,מעדן חלב מלבי גד 160 גרם,"מיוצר ע""י קוד יצרן E",IL,מלבי 5% גד,גרמים,160.00,100 גרם,false,,5.40,0.0338,true,1,99810
7290000554457,false,גבינה צפתית 5% 350 גרם - רבנות,"מחלבות גד בע""מ",IL,צפתית גד 5%,גרמים,350.00,100 גרם,false,,21.00,0.0600,true,1,99811
7290000554471,false,נקניק מוצרלה 22 אחוז 180גרם גד מהדרין,"מחלבות גד בע""מ",IL,מוצרלה 22%,גרמים,180.00,100 גרם,false,,16.80,0.0933,true,1,99812
7290000554532,false,גבינה צפתית מעודנת במלח ים 5% 200 ג' גד,הנסיך- מפעל לייצור ט,IL,צפתית מעודנת 5% 200ג,גרמים,200.00,100 גרם,false,,14.20,0.0710,true,1,119403
7290000554600,false,מוצרלה מגורדת 22 אחוז 300גרם גד מהדרין,מחלבות גד בעמ,IL,מוצרלה מגורדת 22%,גרמים,300.00,100 גרם,false,,25.90,0.0863,true,1,99814
7290000554624,false,ירח מתוק מעדן חלב עם אורז 3% גד 150 גרם,"מיוצר ע""י קוד יצרן E",IL,ירח מתוק 3% גד,גרמים,150.00,100 גרם,false,,5.40,0.0360,true,1,99815
7290000554686,false,גבינת לאבנה בתוספת שמן זית וזעתר 5% גד 250 גרם,מחלבות גד בעמ,IL,לבנה 5% זעתר גד,גרמים,250.00,100 גרם,false,,13.90,0.0556,true,1,99816
7290000554754,false,גבינה מוצרלה כדורקטן,מחלבות גד,IL,מוצרלה במים קטן,קילוגרמים,1.00,"ק""ג",true,,89.70,89.7000,true,1,112189
7290000554792,false,גבינה בולגרית 5% במש,מחלבות גד,IL,בולגרית 5% גד מעודנת,קילוגרמים,1.00,"ק""ג",true,,56.00,56.0000,false,1,112190
7290000554815,false,מוצרלה נקניק טבעי גד,מחלבות גד,IL,מוצרלה גד,קילוגרמים,1.00,"ק""ג",true,,79.80,79.8000,false,1,99807
7290000554822,false,ריקוטה גבינה לבנה בסגנון איטלקי 5% גד 250 גרם,מחלבות גד בעמ,IL,ריקוטה אורדה 5% גד,גרמים,250.00,100 גרם,false,,14.20,0.0568,true,1,99820
7290000554839,false,מסקרפונה שמנת מתוקה קשה בסגנון איטלקי 40% גד 250 גרם,מחלבות גד בעמ,IL,מסקרפונה 40% גד,גרמים,250.00,100 גרם,false,,21.30,0.0852,true,1,99821
7290000554891,false,בולגרית מעודנת 16% ש,מחלבות גד,IL,בולגרית 16% גד,קילוגרמים,1.00,"ק""ג",true,,56.00,56.0000,false,1,115776
7290000554921,false,גבינת ריקוטה איטלקית,מחלבות גד,IL,ריקוטה גד 5%,קילוגרמים,1.00,"ק""ג",true,,55.90,55.9000,false,1,112192
7290000554969,false,גבינת שמנת טבעית גד,מחלבות גד,IL,גבינת שמנת טבעית גד,קילוגרמים,1.00,"ק""ג",true,,44.00,44.0000,true,1,115740
7290000554983,false,גבינה לאבנה גד במשקל,מחלבות גד,IL,לבנה במשקל,קילוגרמים,1.00,"ק""ג",true,,37.40,37.4000,true,1,112271
7290000554990,false,מוצרלה כדורים גדולים,מחלבות גד,IL,מוצרלה גד במים,קילוגרמים,1.00,"ק""ג",true,,89.70,89.7000,true,1,112194
7290000555501,false,פיקדון 30 אגורות,,,פיקדון בק ריק,יחידה,0.00,יחידה,false,,0.30,0.0000,false,1,92931
7290000555502,false,פיקדון שש בק',,,פיקדון שש בק',יחידה,0.00,יחידה,false,,1.80,0.0000,false,1,92942
7290000555503,false,פיקדון בירה קוזל,פריגת,,פיקדון ארבע בק',יחידה,0.00,יחידה,false,,1.20,0.0000,false,1,93070
7290000555507,false,פיקדון שתיים עשרה בק,,,פיקדון שתיים עשרה בק,יחידה,0.00,יחידה,false,,3.60,0.0000,false,1,199105
7290000555509,false,פיקדון 24 בק',,,פיקדון 24 בק',יחידה,0.00,יחידה,false,,7.20,0.0000,false,1,119858
7290000560533,false,אדג' ג'ל ירוק לעור רגיל 198גרם,אס.סי ג'ונסון ובניו,US,אדג' ג'ל ירוק לעור ר,גרמים,200.00,100 גרם,false,,17.90,0.0895,false,1,107445
7290000560540,false,אדג' ג'ל כתום לעור רגיש 198גרם,המאפיה של הרמן,US,אדג' ג'ל כתום לעור ר,גרמים,200.00,100 גרם,false,,17.90,0.0895,false,1,107446
7290000561097,false,תערובת פיצוחים מובחרת 150 גרם,,,תערובת פיצוחים מובחר,גרמים,150.00,100 גרם,false,,14.90,0.0993,true,1,203345
7290000561202,false,גרעינים חמניה 200 גרם פיצוחי חממה,,,גרעיני חמניה 200 גר,גרמים,200.00,100 גרם,false,,5.80,0.0290,true,1,114425
7290000561233,false,בוטנים קלויים 200 גרם פיצוחי חממה,,,בוטן קלוי 200 גרם,גרמים,200.00,100 גרם,false,,7.20,0.0360,true,1,117395
7290000561363,false,גרעיני אבטיח 200 גרם פיצוחי חממה,,,גרעיני אבטיח 200 גר,גרמים,200.00,100 גרם,false,,14.90,0.0745,true,1,117398
7290000571119,false,גאודה טבעי בית יצחק,תנובה מרכז שיתופי לש,IL,גאודה טבעי בית יצחק,קילוגרמים,1.00,"ק""ג",true,,103.20,103.2000,false,1,112279
7290000571188,false,גבינת גאודה תום עיזים במשקל,תנובה מרכז שיתופי לש,IL,גאודה תום עיזים בית,קילוגרמים,1.00,"ק""ג",true,,153.40,153.4000,false,1,112891
7290000571232,false,גבינת גאודה טבעית פרוס 30% המחלווה 150ג',גבינות משק אחים מאיר,IL,גבינת גאודה 30% בית,גרמים,150.00,100 גרם,false,,23.90,0.1593,true,1,120775
7290000571300,false,גבינה גאודה פרוס מעושנת המחלבה 150ג',גבינות משק אחים מאיר,IL,גאודה פרוס מעושנת,גרמים,150.00,100 גרם,false,,23.90,0.1593,true,1,137188
7290000571386,false,המחלבה יוגורמה יוגורט מחלב כבשים 5% 850 גרם,גבינות משק אחים מאיר,IL,יוגורט מחלב כבשים 5%,גרמים,850.00,100 גרם,false,,26.50,0.0312,true,1,96951
7290000571478,false,גבינת תום עיזים פרוס 200 גרם,גבינות משק אחים מאיר,IL,גבינת תום עיזים 30%,גרמים,150.00,100 גרם,false,,37.00,0.2467,true,1,123306
7290000572055,false,אחוה חלוה ללא סוכר עם סיבים ואגוזים 400 גרם,אחדות ביחר לטחינה חל,IL,חלוה לייט 400 גרם,גרמים,400.00,100 גרם,false,,13.50,0.0338,true,1,111443
7290000572208,false,חלוה בטעם וניל אחווה 100 גרם,שוורצקוף& הנקל דיסלד,IL,חלבה אחווה וניל 100,גרמים,100.00,100 גרם,false,,2.90,0.0290,false,1,111446
7290000572215,false,חלבה וניל מצופה אחווה 80ג',אחדות ביחר לטחינה חל,IL,חלבה אחוה מצופה 80 ג,גרמים,80.00,100 גרם,false,,2.90,0.0362,true,1,111447
7290000572222,false,חלבה וניל בבלוק אחווה 500ג',שוורצקוף& הנקל דיסלד,IL,חלבה וניל בלוק אחווה,גרמים,500.00,100 גרם,false,,11.50,0.0230,true,1,111448
7290000572529,false,חלוה עם פיסטוק אחווה 400 גרם,אחדות ביחר לטחינה חל,IL,חלבה פיסטוק אחווה 40,גרמים,400.00,100 גרם,false,,12.50,0.0313,true,1,111450
7290000572536,false,אחווה חלווה ווניל במגש 400 גר,אחדות ביחר לטחינה חל,IL,חלבה אחווה וניל 400,גרמים,400.00,100 גרם,false,,10.90,0.0273,true,1,111451
7290000572543,false,חלוה בטעם שוקו וניל אחווה 400 גרם,אחדות ביחר לטחינה חל,IL,חלבה אחווה שוקו וניל,גרמים,400.00,100 גרם,false,,10.90,0.0273,true,1,111452
7290000572628,false,חטיפי חלווה ללא סוכר בקופסא 250 גרם,שוורצקוף& הנקל דיסלד,IL,חלבה אחווה וניל ללא,גרמים,275.00,100 גרם,false,,13.90,0.0505,true,1,111453
7290000572673,false,אחווה חטיף חלווה ט.שונים 12*25גר,שוורצקוף& הנקל דיסלד,IL,חלבה אורגנית אחווה מ,גרמים,300.00,100 גרם,false,,13.90,0.0463,true,1,111455
7290000574035,false,לחם אחיד פרוס 750ג' דגנית עין בר,יוניליוור גרמניה Gm,IL,לחם שחור פרוס דגנית,גרמים,750.00,100 גרם,false,,6.50,0.0087,false,1,105294
7290000574066,false,לחם מלא פלוס שיפון 750 ג' דגנית עין בר,יוניליוור גרמניה Gm,IL,לחם מלא פלוס שיפון,גרמים,750.00,100 גרם,false,,15.90,0.0212,true,1,148055
7290000574141,false,לחם חיטה מלא 750ג' דגנית עין בר,דגנית עין בר תעשיות,IL,לחם חיטה מלא דגנית,גרמים,750.00,100 גרם,false,,12.90,0.0172,false,1,105299
7290000574165,false,חלה פרוסה מעודנת 500,מולינו ניקולי s.p.a,IL,חלה פרוסה,גרמים,500.00,100 גרם,false,,9.90,0.0198,true,1,105300
7290000574172,false,לחם קל מחיטה מלאה 750 ג' דגנית עין בר,יוניליוור גרמניה Gm,IL,לחם קל מחיטה מלאה,גרמים,750.00,100 גרם,false,,12.90,0.0172,false,1,120117
7290000574332,false,חלה קלה פרוסה דגנית,דגנית עין בר,IL,חלה קלה,גרמים,500.00,100 גרם,false,,17.90,0.0358,true,1,114626
7290000574455,false,לחם חיטה מלא פלוס כוסמין 750 ג' דגנית עין בר,דגנית עין בר,IL,לחם חיטה מלא כוסמין,גרמים,750.00,100 גרם,false,,13.90,0.0185,true,1,186682
7290000604022,false,ביצים גדולות L תנובה 12 יחידות,ביצי תנובה,,ביצים גדול L,יחידה,0.00,יחידה,false,,12.05,0.0000,false,1,116769
7290000604343,false,תמר דקל נור 400 גר,פרי וירק טמרה ושותפי,,תמרים 400גר',גרמים,400.00,100 גרם,false,,9.90,0.0248,true,1,112261
7290000630526,false,עוף טרי מפורק,תנובה בשר,,עוף טרי מפורק,קילוגרמים,1.00,"ק""ג",true,,19.90,19.9000,false,1,97587
7290000631059,false,כבד לצליה בלבד תפזור,,,כבד לצליה בלבד תפזור,קילוגרמים,1.00,"ק""ג",true,,16.90,16.9000,false,1,97589
7290000631257,false,לב לצליה בלבד,,,לב לצליה בלבד,קילוגרמים,1.00,"ק""ג",true,,25.90,25.9000,false,1,97590
7290000631356,false,טחול טרי,,,טחול טרי,קילוגרמים,1.00,"ק""ג",true,,69.90,69.9000,false,1,97591
7290000632278,false,שניצל עוף טרי,,,שניצל עוף טרי,קילוגרמים,1.00,"ק""ג",true,,39.90,39.9000,false,1,97592
7290000632452,false,כרעיים עוף טרי תפזור,,,כרעיים עוף טרי תפזור,קילוגרמים,1.00,"ק""ג",true,,26.90,26.9000,false,1,97594
7290000632629,false,שווארמה פרגיות,,,שווארמה פרגיות,קילוגרמים,1.00,"ק""ג",true,,64.90,64.9000,false,1,109657
7290000633855,false,כנפיים עוף טרי (ללא,,,כנפיים עוף טרי (ללא,קילוגרמים,1.00,"ק""ג",true,,9.90,9.9000,false,1,97597
7290000640945,false,פילה עוף טרי,,,פילה עוף טרי,קילוגרמים,1.00,"ק""ג",true,,31.90,31.9000,false,1,185841
7290000641751,false,חזה הודו טרי,,,חזה הודו טרי,קילוגרמים,1.00,"ק""ג",true,,32.90,32.9000,false,1,97605
7290000642840,false,שוק הודו טרי,,,שוק הודו טרי,קילוגרמים,1.00,"ק""ג",true,,29.90,29.9000,false,1,97607
7290000643243,false,שווארמה הודו נקבה טר,תנובה בשר,,טרי הודו שווארמה נקב,קילוגרמים,1.00,"ק""ג",true,,74.90,74.9000,false,1,97608
7290000643359,false,טרי שוק הודו מפורק ל,,,טרי שוק הודו מפורק ל,קילוגרמים,1.00,"ק""ג",true,,57.90,57.9000,false,1,97609
7290000643946,false,כנף הודו טרי,,,כנף הודו טרי,קילוגרמים,1.00,"ק""ג",true,,13.90,13.9000,false,1,109660
7290000644356,false,גרון הודו נ. טרי,,,גרון הודו טרי,קילוגרמים,1.00,"ק""ג",true,,31.90,31.9000,false,1,97611
7290000644783,false,"סלמון מנות קפוא ""תנובה""",דגי תנובה,NO,פילה סלמון מנות בואק,קילוגרמים,1.00,"ק""ג",true,,84.90,84.9000,true,1,125550
7290000652177,false,נתחי פילה נסיכת הנילוס קפוא,דגי תנובה,IL,נתחי פילה נסיכת הניל,קילוגרמים,1.00,"ק""ג",true,,59.90,59.9000,true,1,213449
7290000652894,false,תנובה סטייק טונה קפוא ארוז,דגי תנובה,,סטייק דג טונה 100% ת,קילוגרמים,1.00,"ק""ג",true,,39.90,39.9000,true,1,214810
7290000654546,false,פילה אמנון קפוא 100% דג,תנובה,IL,פילה אמנון 7-9 תנובה,קילוגרמים,1.00,"ק""ג",true,,32.90,32.9000,true,1,214525
7290000656434,false,לשון בקר תנובה,טיבון ויל,,לשון,קילוגרמים,1.00,"ק""ג",true,,39.90,39.9000,false,1,134368
7290000656861,false,צלי כתף מוכשר,טיבון ויל,,צלי כתף מוכשר,קילוגרמים,1.00,"ק""ג",true,,74.90,74.9000,false,1,169863
7290000656885,false,פילה מדומה מס' 6,,,פילה מדומה מס' 6,קילוגרמים,1.00,"ק""ג",true,,42.90,42.9000,false,1,200177
7290000656946,false,שריר מוכשר לחמין,,,שריר מוכשר לחמין,קילוגרמים,1.00,"ק""ג",true,,29.90,29.9000,false,1,195263
7290000657233,false,סטיק עין מיושן,,,סטיק עין מיושן,קילוגרמים,1.00,"ק""ג",true,,120.00,120.0000,false,1,201425
7290000658469,false,שריר מס' 8 צרכני מוכ,,,שריר מס' 8 צרכני מוכ,קילוגרמים,1.00,"ק""ג",true,,33.90,33.9000,false,1,201386
7290000659312,false,דגי תנובה פילה סלומון קפוא בוואקום,דגי תנובה,IL,פילה סלמון קפוא,קילוגרמים,1.00,"ק""ג",true,,72.90,72.9000,true,1,97615
7290000662817,false,סלמון מעושן 100 גרם נורבגי,דגי תנובה,צ'ילה (TDE),סלמון מעושן 100 גר',גרמים,100.00,100 גרם,false,,21.00,0.2100,true,1,217297
7290000663036,false,פילה אמנון קפוא ללא עור 100% דג תנובה,דגי תנובה,IL,פילה אמנון קפוא ללא,קילוגרמים,1.00,"ק""ג",true,,32.90,32.9000,true,1,217326
7290000663098,false,שווארמה ריב אנטריקות,תנובה בשר,IL,שווארמה ריב אנטריקוט,גרמים,300.00,100 גרם,false,,29.90,0.0997,true,1,217099
7290000663104,false,שווארמה פרגית להקפצה,תנובה בשר,IL,שווארמה פרגית להקפצה,גרמים,300.00,100 גרם,false,,29.90,0.0997,true,1,217100
7290000663135,false,קוביות סלמון 100% דג קפוא 300 גרם,commercial mares de,CL,קוביות סלומון להקפצה,גרמים,300.00,100 גרם,false,,29.90,0.0997,true,1,219532
7290000663166,false,דג פילה הייק דרום אפריקאי,דגי תנובה,,פילה הייק דרום אפריק,קילוגרמים,1.00,"ק""ג",true,,39.90,39.9000,true,1,220031
7290000684345,false,שלישיית פילטר בריטה קלאסיק,שלישיית פילטר בריטה,,שלישית פילטר ברי,יחידה,0.00,יחידה,false,,89.00,0.0000,false,1,98279
7290000688084,false,מים מינרליים פקק ספו,מופק ממקור בזלתי עדן,IL,מי עדן ספורט 5 0.,יחידה,500.00,יחידה,false,,2.70,0.0054,false,1,103455
7290000688374,false,"מי עדן בייבי 250 מ""ל מארז שישייה","מי עדן בע""מ",IL,מי עדן בייבי שישייה,ליטרים,1.98,ליטר,false,,13.90,7.0202,false,1,103458
7290000688381,false,שישיית מי עדן פקק ספורט 0.5 ליטר,"מי עדן בע""מ",IL,מי עדן שישייה 0.5 ל',ליטרים,3.00,ליטר,false,,12.90,4.3000,false,1,103459
7290000688466,false,מים מינרלים פקק ספור,מופק ממקור בזלתי עדן,IL,מי עדן ג'ים 750,יחידה,750.00,יחידה,false,,3.10,0.0041,true,1,103460
7290000688503,false,"מים מינרלים פקק ספורט מי עדן 6*750 מ""ל","מי עדן בע""מ",IL,מי עדן ספורט שישייה,ליטרים,4.50,ליטר,false,,14.90,3.3111,true,1,103463
7290000692135,false,ספיד סטיק דאו בסיסי ירוק א.פ פרש פאוור,קולגייט פלמוליב,TR,ספיד סטיק לגבר,גרמים,60.00,100 גרם,false,,19.90,0.3317,true,1,96276
7290000692203,false,נוזל לניקוי כללי ורצפות בניחוח לימון אג'קס 2 ליטר,הנסיך- מפעל לייצור ט,GR,אג'קס ירוק 2 ליטר,ליטרים,2.00,ליטר,false,,22.90,11.4500,false,1,96278
7290000692210,false,נוזל לניקוי כללי ורצפות בניחוח לבנדר אג'קס 2 ליטר,הנסיך- מפעל לייצור ט,GR,אג'קס סגול 2 ליטר,ליטרים,2.00,ליטר,false,,22.90,11.4500,false,1,96279
7290000692227,false,נוזל כלים פלמוליב צילינדר קלאסי 1 ליטר,יבואן ומשווק: ש. שסט,GR,פלמוליב לכלים 1ליטר,ליטרים,1.00,ליטר,false,,13.90,13.9000,false,1,96280
7290000692456,false,אג'קס חלונות זוג 750*2 מל ספריי ורפיל,הנסיך- מפעל לייצור ט,GR,אג'קס לחלונות זוג,ליטרים,1.50,ליטר,false,,24.90,16.6000,true,1,96284
7290000803067,false,"משחת שיניים לילדים גילאים 6-2 אלמקס 75 מ""ל",הנסיך- מפעל לייצור ט,PL,אלמקס משחת שיניים לי,גרמים,75.00,100 גרם,false,,15.90,0.2120,true,1,107467
7290000804484,false,אלמקס שטיפת פה דנטלית למניעת עששת 400מל,קריות זול,CH,אלמקס מי פה לשטיפה 4,מיליליטרים,400.00,"100 מ""ל",false,,27.90,0.0697,true,1,107471
7290000805368,false,בונזו גורים 3 קג' - אירוז חדש,אף.סי תבליני בגליל ב,FR,"בונזו גורים 3 ק""ג",קילוגרמים,3.00,"ק""ג",false,,47.90,15.9667,false,1,106907
7290000805597,false,"מזון לכלבים בונזו מזון כלבים סניור 3 ק""ג","ביופט בע""מ",IL,בונזו סניור,קילוגרמים,3.00,"ק""ג",false,,47.90,15.9667,false,1,106908
7290000805795,false,חול לחתולים יורו קיט,דולפין ספא,IL,חול חתולים,קילוגרמים,10.00,"ק""ג",false,,34.90,3.4900,true,1,106910
7290000805900,false,"מזון חתולים לה קט עוף 2.85 ק""ג","ביופט בע""מ",IL,"לה קט עוף 2.85 ק""ג",קילוגרמים,2.85,"ק""ג",false,,59.90,21.0175,false,1,106917
7290000805917,false,"מזון חתולים לה קט כבד 2.85 ק""ג","ביופט בע""מ",IL,"לה קט כבד 2.85 ק""ג",קילוגרמים,2.85,"ק""ג",false,,59.90,21.0175,true,1,106918
7290000805924,false,"מזון חתולים לה קט דגים 2.85 ק""ג","ביופט בע""מ",IL,"לה קט דגים 2.85 ק""ג",קילוגרמים,2.85,"ק""ג",false,,59.90,21.0175,false,1,106919
7290000830001,false,אגוזי ברזיל,,,אגוזי ברזיל,קילוגרמים,1.00,"ק""ג",true,,69.00,69.0000,true,1,100539
7290000841557,false,סטרילי לחיטוי ושטיפה פירות וירקות,,,סטרילי טבע-תרכיז לני,מיליליטרים,500.00,"100 מ""ל",false,,13.50,0.0270,true,1,142508
7290000907970,false,פסטרמה כפרית טירת צב,טירת- צבי,IL,פסטרמה כפרית טירת צב,קילוגרמים,1.00,"ק""ג",true,,53.90,53.9000,false,1,133081
7290001006603,false,פסטרמה רומנית עוף טו,,,פסטרמה רומנית עוף טו,קילוגרמים,1.00,"ק""ג",true,,74.00,74.0000,true,1,263706
7290001045169,false,פרימור סחוט תפוחי עץ צלול 1 ל',"גניר (1992) בע""מ",IL,פרימור מיץ תפוחים צל,ליטרים,1.00,ליטר,false,,15.90,15.9000,true,1,95519
7290001045657,false,פרימור מיץ תפוחים סחוט מקורר 400מל,פרימור,IL,"פרימור תפוחים 400 מ""",יחידה,400.00,יחידה,false,,8.70,0.0218,true,1,149039
7290001045688,false,"פרימור סחוט 400 מ""ל- תפוזים",פרימור,IL,פרימור תפוזים סחוט 4,מיליליטרים,400.00,"100 מ""ל",false,,8.70,0.0218,true,1,174020
7290001052044,false,קציצות בורגול וירקות,,,קציצות בורגול וירקות,גרמים,500.00,100 גרם,false,,24.90,0.0498,true,1,195218
7290001052051,false,קציצות עדשים וירקות,,,קציצות עדשים וירקות,גרמים,500.00,100 גרם,false,,24.90,0.0498,true,1,195219
7290001052068,false,קציצות קינואה וחמוצי,,,קציצות קינואה וחמוצי,גרמים,500.00,100 גרם,false,,24.90,0.0498,true,1,195220
7290001121023,false,פסטרמה של פעם יחיעם,מעדני יחיעם,IL,פסטרמה של פעם יחיעם,קילוגרמים,1.00,"ק""ג",true,,79.90,79.9000,false,1,99975
7290001121054,false,צמד חמד נקניק 700 ג' יחיעם,תאי פרזידנט פוד פאבל,IL,זוג פסטרמה יחיעם,גרמים,700.00,100 גרם,false,,24.90,0.0356,true,1,100021
7290001121092,false,פסטרמה עוף בגריל במש,מעדני יחיעם,IL,פסטרמה עוף בגריל,קילוגרמים,1.00,"ק""ג",true,,79.90,79.9000,false,1,99976
7290001121177,false,פסטרמה פרגיות על האש,יחיעם,,פסטרמה פרגיות על האש,קילוגרמים,1.00,"ק""ג",true,,79.90,79.9000,false,1,99978
7290001121238,false,נקניק קורנדביף 4% יחיעם 180 גרם,מעדני יחיעם 1993,IL,קורנד ביף 180 גר',גרמים,180.00,100 גרם,false,,25.90,0.1439,true,1,123244
7290001121672,false,פסטרמה מעודנת בפפריקה 300 ג' יחיעם,מעדני יחיעם 1993,IL,פסטרמה מעודנת בפפריק,גרמים,300.00,100 גרם,false,,22.90,0.0763,true,1,138213
7290001121849,false,פסטרמה הודו רכיבים טבעים 250 ג' יחיעם,מעדני יחיעם 1993,IL,פסטרמה 100% חומרים ט,גרמים,250.00,100 גרם,false,,25.90,0.1036,true,1,141704
7290001121863,false,סלמי איטלקי פיקנטי י,מעדני יחיעם,IL,סלמי איטלקי פיקנטי,קילוגרמים,1.00,"ק""ג",true,,79.90,79.9000,false,1,130271
7290001121931,false,קבנוס מקסיקני דק דק יחיעם 125 גרם,מעדני יחיעם 1993,,קבנוס מקסיקני דק דק,גרמים,125.00,100 גרם,false,,13.90,0.1112,true,1,138161
7290001123775,false,שווארמה אמיתית פרגיות טיבון ויל 500 גרם,"טיבול ויל אחזקות בע""",IL,שווארמה אמיתית פרגי,גרמים,500.00,100 גרם,false,,21.90,0.0438,true,1,109240
7290001123782,false,שווארמה אמיתית הודו טיבון ויל 500 גרם,קריות זול,IL,שווארמה הודו,גרמים,500.00,100 גרם,false,,21.90,0.0438,true,1,109241
7290001124536,false,ארוחת נודלס תירס מג'יק 70 גרם,טאט הוי פוד בעמ,SG,מגיק איטריות,גרמים,70.00,100 גרם,false,,5.00,0.0714,false,1,109242
7290001124611,false,שומן כבש טיבון ויל 200 גרם,טיבון ויל,IL,שומן כבש 200 גר,גרמים,200.00,100 גרם,false,,21.90,0.1095,true,1,109243
7290001133088,false,פילה אמנון 9-11,,,פילה אמנון 9-11,קילוגרמים,1.00,"ק""ג",true,,27.90,27.9000,false,1,207030
7290001133484,false,פילה סלמון נורבגי קפ,לאטי עזרא,NO,פילה סלמון נורבגי,קילוגרמים,1.00,"ק""ג",true,,79.90,79.9000,true,1,208671
7290001136287,false,"שמפו לשיער רגיל בבושם פרחים נקה 7 750 מ""ל","אמיליה קוסמטיקס בע""מ",IL,נקה 7-שמפו רגיל ירו,מיליליטרים,750.00,"100 מ""ל",false,,11.90,0.0159,true,1,107845
7290001136294,false,"שמפו לשיער יבש בבישום פרחים נקה 7 750 מ""ל","אמיליה קוסמטיקס בע""מ",IL,נקה 7-שמפו יבש אדו,מיליליטרים,750.00,"100 מ""ל",false,,11.90,0.0159,true,1,107846
7290001136362,false,נקה 7 תחליב רחצה אלוורה ארומה ירוק 1 ל',מיוצר בסין.יבוא ושיו,IL,נקה תחליב רחצה ירוק,ליטרים,1.00,ליטר,false,,13.90,13.9000,true,1,107852
7290001136683,false,"מרכך לשיער רגיל בבושם פרחים נקה 7 750 מ""ל","אמיליה קוסמטיקס בע""מ",IL,נקה 7-מייצב רגיל ירו,מיליליטרים,750.00,"100 מ""ל",false,,11.90,0.0159,true,1,107855
7290001136799,false,נקה 7 תחליב רחצה ארומה ורוד יסמין 1 ל',מיוצר בסין.יבוא ושיו,IL,נקה תחליב רחצה ורוד,ליטרים,1.00,ליטר,false,,13.90,13.9000,true,1,107858
7290001136973,false,נקה 7 תחליב רחצה ארומה קמומיל לבן 1 ל',טרופיקל דגיל תעשיות,IL,נקה תחליב רחצה לבן ק,ליטרים,1.00,ליטר,false,,13.90,13.9000,true,1,107863
7290001164273,false,אפקטבעי חגיגת גרנולה 500גרם,אפקט טבעי,,גרנולה חדשה,גרמים,500.00,100 גרם,false,,17.90,0.0358,true,1,208310
7290001164402,false,אפקטבעי ג'עלה בצנצנת 200 גרם,בטר אנד דיפרנט,IL,תערובת ג'עלה,גרמים,200.00,100 גרם,false,,12.90,0.0645,true,1,110831
7290001164419,false,גאלה תערובת אגוזים וגרעינים לסלט 600 גר,אפקט טבעי,,תערובת ג'עלה,גרמים,600.00,100 גרם,false,,28.90,0.0482,true,1,110832
7290001216040,false,טחינה גולמית שומשום טהור אל ארז 500 גרם,דולפין ספא,IL,טחינה אל ארז 0.5קג,יחידה,1.00,יחידה,false,,15.00,15.0000,true,1,115013
7290001216057,false,"טחינה גולמית אל ארז 1 ק""ג",טחינה אל ארז,IL,טחינה אל ארז 1קג,גרמים,500.00,100 גרם,false,,27.90,0.0558,true,1,115014
7290001216231,false,טחינה גולמית שומשום מלא אל ארז 500 גרם,דולפין ספא,IL,טחינה מלאה אל ארז,גרמים,500.00,100 גרם,false,,15.90,0.0318,true,1,118778
7290001230331,false,סיגריות כאמל בוקס חפ,Unknown,,כאמל בוקס,יחידה,0.00,יחידה,false,,30.00,0.0000,false,1,95427
7290001230739,false,כאמל קופסא בודדת כחו,Unknown,,כאמל כחול,יחידה,0.00,יחידה,false,,30.00,0.0000,false,1,95428
7290001231233,false,סיגריות וינסטון בוקס,Unknown,,וינסטון בוקס,יחידה,0.00,יחידה,false,,32.00,0.0000,false,1,110986
7290001231932,false,ווינסטון כחול בוקס חפיסה,Unknown,,וינסטון כחול בוקס,יחידה,0.00,יחידה,false,,32.00,0.0000,false,1,110987
7290001247068,false,קרטונית נקטר ספרינג תות בננה 1 ליטר,"יפאורה תבורי בע""מ",IL,ספרינג קרטונית תות ב,ליטרים,1.00,ליטר,false,,6.90,6.9000,false,1,103472
7290001247082,false,מיץ עגבניות רכיבים טבעיים ספרינג 1 ליטר,"יפאורה תבורי בע""מ",IL,ספרינג קרטונית עגבני,ליטרים,1.00,ליטר,false,,6.90,6.9000,false,1,103474
7290001247099,false,קרטונית נקטר ספרינג מנגו 1 ליטר,"יפאורה תבורי בע""מ",IL,ספרינג קרטונית מנגו,ליטרים,1.00,ליטר,false,,6.90,6.9000,false,1,103475
7290001247105,false,קרטונית נקטר ספרינג אפרסק 1 ליטר,"יפאורה תבורי בע""מ",IL,ספרינג קרטונית אפרסק,ליטרים,1.00,ליטר,false,,6.90,6.9000,false,1,103476
7290001247112,false,קרטונית נקטר ספרינג לימונענע 1 ליטר,"יפאורה תבורי בע""מ",IL,ספרינג קרטונית לימונ,ליטרים,1.00,ליטר,false,,6.90,6.9000,false,1,103477
7290001247129,false,נקטר ספרינג תפוזים קרטונית 1 ל',"יפאורה תבורי בע""מ",IL,ספרינג קרטונית תפוזי,ליטרים,1.00,ליטר,false,,6.90,6.9000,false,1,103478
7290001247143,false,קרטונית נקטר ספרינג תפוחים 1 ליטר,"יפאורה תבורי בע""מ",IL,ספרינג קרטונית תפוחי,ליטרים,1.00,ליטר,false,,6.90,6.9000,false,1,103480
7290001258019,false,קממברט עיזים בייבי,משק יעקבס,,קממברט עיזים בייבי,קילוגרמים,1.00,"ק""ג",true,,135.00,135.0000,true,1,190859
7290001258101,false,גבינת גאודה טבעית במ,מחלבת משק יעקובס,IL,גאודה טבעית יעקבס,קילוגרמים,1.00,"ק""ג",true,,95.00,95.0000,true,1,112770
7290001258378,false,גבינת חלומי שקיל,משק יעקבס,,גבינת חלומי,קילוגרמים,1.00,"ק""ג",true,,89.90,89.9000,true,1,137610
7290001258415,false,גבינת רוקפור משק יעקבס 180 גרם,גבינות משק יעקבס,IL,גבינת רוקפור 32%,גרמים,180.00,גרם,false,,26.90,0.1494,true,1,115767
7290001258446,false,"יעקבס יוגורט כבשים 5% 850 מ""ל",גבינות משק יעקבס,IL,יוגורט כבשים 5%,מיליליטרים,850.00,"100 מ""ל",false,,18.90,0.0222,true,1,122964
7290001258552,false,גבינה לאבנה בקר 250 גרם,בטר אנד דיפרנט,IL,גבינת לבנה בקר 250 ג,גרמים,250.00,100 גרם,false,,11.50,0.0460,true,1,207252
7290001258576,false,גבינת גאודה יעקבס 200 גרם,גבינות משק יעקבס,IL,גבינת גאודה 28%,גרמים,180.00,גרם,false,,23.90,0.1328,true,1,115766
7290001258620,false,גבינת מנצ'גו משק יעקבס 180 גרם,גבינות יעקבס,IL,גבינת מנצ'גו,יחידה,0.00,יחידה,false,,22.90,0.0000,true,1,202170
7290001258668,false,גבינת עז מה 5% יעקבס 250 גרם,גבינות משק יעקבס,IL,גבינת עז מה 5% 250 מ,מיליליטרים,250.00,"100 מ""ל",false,,16.90,0.0676,true,1,122063
7290001258682,false,"יוגורט עיזים באריזה 500 מ""ל",גבינות משק יעקבס,IL,יוגורט עיזים 3% 500,מיליליטרים,500.00,"100 מ""ל",false,,13.90,0.0278,true,1,118897
7290001258729,false,יעקבס לאבנה עיזים 250ג,גבינות משק יעקבס,IL,"לבנה עיזים 250 מ""ל",גרמים,250.00,100 גרם,false,,16.90,0.0676,true,1,121711
7290001258774,false,גבינת מוצרלה בייבי 150גרם,גבינות משק יעקבס,IL,גבינת מוצרלה 140 גר',גרמים,140.00,100 גרם,false,,11.50,0.0821,true,1,207280
7290001258798,false,פטה כבשים יעקבס 250 גר,בטר אנד דיפרנט,IL,גבינת פטה כבשים 250,גרמים,250.00,100 גרם,false,,29.90,0.1196,true,1,136466
7290001258804,false,גבינת קשקבל משק יעקבס 180 גרם,גבינות משק יעקבס,IL,גבינת קשקבל 180 גר',גרמים,180.00,100 גרם,false,,26.90,0.1494,true,1,136467
7290001258958,false,גבינת ומוצרלה מגורדת,גבינות משק יעקבס,IL,מוצרלה מגורדת 200 גר,גרמים,200.00,100 גרם,false,,21.90,0.1095,true,1,147053
7290001258972,false,גבינת חלומי בואקום 2,גבינות משק יעקבס,IL,גבינת חלומי 200 גר',גרמים,200.00,100 גרם,false,,21.90,0.1095,true,1,147054
7290001258989,false,גבינת קממברט בקרבייב,גבינות יעקבס,IL,קממברט בקר בייבי,קילוגרמים,1.00,"ק""ג",true,,110.00,110.0000,true,1,202057
7290001265642,false,שלישיית מעדני לה-קט פטה 3*400 גר',קריות זול,FR,לה קט שלישיה,קילוגרמים,1.20,"ק""ג",false,,19.90,16.5833,true,1,106937
7290001274576,false,גלידל וניל תות 0% שומן ללא סוכר,גלידות פלדמן,IL,גלידל תות וניל נטול,מיליליטרים,900.00,"100 מ""ל",false,,22.90,0.0254,true,1,109886
7290001274934,false,"שמיניית גלידל פרי לימון ""פלדמן""",הגלידות של פלדמן,IL,מאגדת גלידל דיאט קרח,גרמים,640.00,100 גרם,false,,24.90,0.0389,true,1,109890
7290001274941,false,"שמיניית גלידל פרי פטל ""פלדמן""",הגלידות של פלדמן,IL,מאגדת גלידל דיאט קרח,גרמים,640.00,100 גרם,false,,24.90,0.0389,true,1,109891
7290001305058,false,"פלמוליב - נטורלס תחליב רחצה חלב ודבש 500 מ""ל",הנסיך- מפעל לייצור ט,TR,פלמוליב סבון נוזלי ל,מיליליטרים,500.00,"100 מ""ל",false,,14.90,0.0298,false,1,96294
7290001305188,false,"נוזל לניקוי כלים בריח לימון פלמוליב 750 מ""ל",יבואן ומשווק: ש. שסט,GR,פלמוליב לכלים שקוף ל,מיליליטרים,750.00,"100 מ""ל",false,,9.90,0.0132,false,1,96298
7290001327180,false,שטראוס קרמיסימו וניל ציפ 1.33 ליטר,"גלידת שטראוס בע""מ, ר",IL,גלידה קרמיסימו וניל,ליטרים,1.33,ליטר,false,,24.90,18.7218,false,1,95957
7290001327791,false,גלידת קרמיסימו וניל עוגיות חלבי,"גלידת שטראוס בע""מ, ר",IL,קרמיסימו וניל עוגיות,ליטרים,1.33,ליטר,false,,24.90,18.7218,false,1,95962
7290001338407,false,ג'ל אלוורה להרגעת העור סקין גארד 200 מ''ל,אמיליה קוסמטיקס,IL,סקינגארד-ג'ל אלוורה,מיליליטרים,200.00,"100 מ""ל",false,,24.90,0.1245,true,1,119640
7290001343845,false,"גרנולה פירות 1 ק""ג - 845 - ורוד שקדיה",הנסיך- מפעל לייצור ט,IL,גרנולה תפוחי עץ קינמ,קילוגרמים,1.00,"ק""ג",false,,26.90,26.9000,true,1,110838
7290001343982,false,"גרנולה לייט 1 ק""ג",מפעלי דגן,,"גרנולה לייט 1 ק""ג",קילוגרמים,1.00,"ק""ג",false,,28.90,28.9000,true,1,110816
7290001361009,false,עוגת טורט קייבסקי,האי נאם סי או אל.טי.,IL,עוגת טורט קייבסק,גרמים,700.00,100 גרם,false,,76.90,0.1099,true,1,100854
7290001361016,false,עוגת גינגי שכבות בצק,GS עבור נטו מלינדה ס,IL,עוגת דבש גינג'ית,גרמים,600.00,100 גרם,false,,41.90,0.0698,true,1,100855
7290001361023,false,עוגת מולטית פס 600 ג,נטלי פלוס,,עוגה מולטית,גרמים,650.00,100 גרם,false,,41.90,0.0645,true,1,100856
7290001361054,false,אקלרים פטיסייר (600 ג'),אף.סי תבליני בגליל ב,IL,פחזניות,גרמים,600.00,100 גרם,false,,42.90,0.0715,true,1,100858
7290001361061,false,פחזניות בציפוי שוקולד 600 גרם,"נטלי פלוס בע""מ",IL,פחזניות שוקולד,יחידה,0.00,יחידה,false,,42.90,0.0000,true,1,136757
7290001361078,false,עוגה לילות קייב 900,נטלי פלוס,,עוגת קייב,גרמים,900.00,100 גרם,false,,98.90,0.1099,true,1,100859
7290001361085,false,עוגת נפוליאון פס 600,אף.סי תבליני בגליל ב,IL,עוגת נפוליאון,גרמים,600.00,100 גרם,false,,41.90,0.0698,true,1,100860
7290001361092,false,עוגת פיצוץ פס 400 גר,GS עבור נטו מלינדה ס,IL,עוגת פיצוץ,גרמים,500.00,100 גרם,false,,41.90,0.0838,true,1,100861
7290001361153,false,עוגת פיצוץ גדולה 1 ק,נטלי פלוס,,עוגת פיצוץ נטלי,יחידה,1.10,יחידה,false,,99.90,90.8182,true,1,100867
7290001361160,false,עוגה מיסטיקה אננס 750 גר,נטלי פלוס,,עוגת מיסטיקה נטלי,גרמים,600.00,100 גרם,false,,74.90,0.1248,true,1,161114
7290001361177,false,עוגת דובדבנים פס 650,נטלי פלוס,,עוגת דובדבן,גרמים,650.00,100 גרם,false,,48.90,0.0752,true,1,100868
7290001361207,false,עוגת פס אוכמניות 650,נטלי פלוס,,עוגת אוכמניות,גרמים,650.00,100 גרם,false,,48.90,0.0752,true,1,100870
7290001361269,false,פס קייבסקי ללא קמח 3,נטלי פלוס בעמ,IL,עוגת טורט קייב,גרמים,400.00,100 גרם,false,,41.90,0.1047,true,1,213638
7290001361276,false,כדורי שוקולד 400 גר',נטלי פלוס,,כדורי שוקולד,יחידה,0.00,יחידה,false,,28.90,0.0000,true,1,188128
7290001361436,false,פס שמנת סמנטיק 550 גרם,נטלי פלוס בעמ,IL,עוגת עטרת נטלי,גרמים,550.00,100 גרם,false,,41.90,0.0762,true,1,215677
7290001361450,false,עוגת מותק - ריבת חלב 650 ג',נטלי פלוס,,עוגת מותק ריבת חלב,גרמים,600.00,100 גרם,false,,74.90,0.1248,true,1,118780
7290001361580,false,פס היער השחור נטלי 550 גרם,"נטלי פלוס בע""מ",IL,פס היער השחור נטלי 5,גרמים,550.00,100 גרם,false,,41.90,0.0762,true,1,215675
7290001361733,false,פס אלפחורס נטלי 550 גרם,נטלי פלוס בעמ,IL,פס אלפחורס נטלי 550,גרמים,550.00,100 גרם,false,,41.90,0.0762,true,1,215676
7290001361894,false,פס טראפלס שוקולד 450 ג',נטלי פלוס,,פס טראפלס שוקולד,יחידה,0.00,יחידה,false,,34.90,0.0000,true,1,189552
7290001361924,false,פס גבינה פרורוים 500 גר,נטלי פלוס,,עוגת פס גבינה נטלי,גרמים,500.00,100 גרם,false,,34.90,0.0698,true,1,142000
7290001361931,false,פחזניות במילוי גבינה (350 ג'),האי נאם סי או אל.טי.,IL,פחזניות במילוי גבינה,גרמים,450.00,100 גרם,false,,36.90,0.0820,true,1,123819
7290001361979,false,פס גבינה פירורים ללא סוכר 450 ג',נטלי פלוס,,פס גבינה ללא תוספת ס,גרמים,500.00,100 גרם,false,,34.90,0.0698,true,1,141833
7290001385166,false,מארז סטייק שייטל עגל,,,מארז סטייק שייטל עגל,קילוגרמים,1.00,"ק""ג",true,,150.00,150.0000,true,1,219401
7290001407547,false,טחינה גולמית משומשום מלא פי 6 בארכה 500ג',רושדי תעשיות מזון בע,IL,טחינה 100% שומשום,גרמים,500.00,100 גרם,false,,16.90,0.0338,false,1,185476
7290001407752,false,טחינה גולמית עם פטרוזיליה בארכה 500 גרם,רושדי תעשיות מזון בע,,טחינה עם פטרוזליה,גרמים,500.00,100 גרם,false,,16.90,0.0338,false,1,107491
7290001407769,false,טחינה גולמית שומשום מלא בארכה 500 גרם,רושדי תעשיות מזון בע,IL,טחינה משומשום מלא,גרמים,500.00,100 גרם,false,,16.90,0.0338,false,1,107492
7290001407813,false,חלבה שאמית פיסטוק בקטנה בארכה 350ג',רושדי תעשיות מזון בע,IL,חלבה שאמית פיסטוק בא,גרמים,350.00,100 גרם,false,,15.90,0.0454,true,1,107495
7290001407820,false,חלווה שאמית וניל קלאסית בארכה 350ג',רושדי תעשיות מזון בע,IL,חלבה בארכה שאמית קלא,גרמים,350.00,100 גרם,false,,15.90,0.0454,true,1,107496
7290001407837,false,חלבה שאמית עם פולי קקאו בארכה 350 גרם,רושדי תעשיות מזון בע,IL,חלבה בארכה שאמית קקא,גרמים,350.00,100 גרם,false,,15.90,0.0454,true,1,107497
7290001407844,false,חלבה קלאסית בטעם וניל בארכה 350 גרם,רושדי תעשיות מזון בע,IL,חלבה קלאסית בטעם וני,גרמים,350.00,100 גרם,false,,14.90,0.0426,true,1,107498
7290001415863,false,חלת פילסברי מתוקה (חלת כדורים),פילסברי,,חלה מתוקה,יחידה,0.00,יחידה,false,,12.90,0.0000,true,1,206715
7290001419618,false,וופל בלגי עלמה שחור לבן וניל 200ג',"גילרו בע""מ",IL,גילרו ופל בלגי 200ג',גרמים,200.00,100 גרם,false,,3.20,0.0160,true,1,124545
7290001419779,false,"וופל קלאסי בטעם שוקולד ""עלמה"" 200 גרם","גילרו בע""מ",IL,וופל גילרו קלאסי 200,גרמים,200.00,100 גרם,false,,3.20,0.0160,true,1,117239
7290001419793,false,גביעי גלידה מגולגל עלמה גילרו 30 יח',"גילרו בע""מ",IL,גביעי גלידה מגולגלים,יחידה,0.00,יחידה,false,,11.50,0.0000,true,1,137159
7290001419892,false,"ופל קלאסי בטעם לימון ""עלמה"" 200 גרם","גילרו בע""מ",IL,וופל לימון 200 גר,גרמים,200.00,100 גרם,false,,3.20,0.0160,true,1,117240
7290001425619,false,קרם רב שימושי מעושרת,שוורץ,IL,קרם רב שימושי מעושרת,מיליליטרים,250.00,"100 מ""ל",false,,18.90,0.0756,true,1,139508
7290001427033,false,מיץ תפוחים רכיבים טב,"פריניב בע""מ",IL,מיץ תפוחים טבעי 1 לי,ליטרים,1.00,ליטר,false,,16.90,16.9000,true,1,113860
7290001427255,false,פריניב מיץ תפוח 1 ליטר פלסטיק,"פריניב בע""מ",IL,קשת-מיץ תפוחים טבעי,ליטרים,1.00,ליטר,false,,17.90,17.9000,true,1,194742
7290001427323,false,מיץ סלק ותפוח פט 1 ליטר חדש,,,קשת-מיץ סלק ותפוחים,ליטרים,1.00,ליטר,false,,21.90,21.9000,true,1,195792
7290001427453,false,מיצי קשת 1 ליטר - תפוחים פינק ליידי,פרי ניב,IL,מיץ תפוחים פינק לייד,ליטרים,1.00,ליטר,false,,19.90,19.9000,true,1,216450
7290001436790,false,נקנקיות מרגז מיני אקסטרה חריף ארוז בלדי 500 ג',יוליניבר,IL,בלדי- מרגז מיני חריף,גרמים,500.00,100 גרם,false,,25.90,0.0518,true,1,196372
7290001439012,false,כד אגרטל מתכת,,,כד אגרטל מתכת,יחידה,0.00,יחידה,false,,19.90,0.0000,true,1,252050
7290001439074,false,ספוג שלישיית כדורי רחצה מוסקו,יושלם,,כדורי ליפה בשקית,יחידה,0.00,יחידה,false,,10.00,0.0000,true,1,146447
7290001455418,false,סטייק טונה בוואקום א,היי וונג,VN,סטייק טונה בוואקום,קילוגרמים,1.00,"ק""ג",true,,37.90,37.9000,true,1,199865
7290001455456,false,"פילה נסיכת הנילוס פרוס בד""ץ.",,,פילה נסיכת הנילוס פר,קילוגרמים,1.00,"ק""ג",true,,57.90,57.9000,true,1,197728
7290001459935,false,"אפונה 800 גר' בד""ץ (ממותג)",,,אפונה 800 גר',גרמים,800.00,100 גרם,false,,9.90,0.0124,true,1,199250
7290001468159,false,ריבת חלב 330 גרם נאמן,מ.א.מ השלושה,,ריבת חלב נאמן 330 גר,גרמים,330.00,100 גרם,false,,11.90,0.0361,true,1,135150
7290001468753,false,קמח תפוחי אדמה 500 ג' נאמן,תבליני ביטון,IL,"קמח תפו""א",גרמים,500.00,100 גרם,false,,6.90,0.0138,true,1,113394
7290001468883,false,ריבה נאמן שזיף משמש,צור,,ריבה 820 גר',גרמים,820.00,100 גרם,false,,10.90,0.0133,true,1,150296
7290001482094,false,גבינה פרמז'נו משולשים ויליפוד 200ג',זנטי אס. אי לאלין,IT,פרמזנו וילי פוד 200ג,גרמים,200.00,100 גרם,false,,22.90,0.1145,true,1,140277
7290001482384,false,חתיכות אננס בסירופ קל וילי פוד 227 גרם,וילי פוד,VN,חתיכות אננס בסירופ ק,גרמים,227.00,100 גרם,false,,3.60,0.0159,true,1,105090
7290001482506,false,וילי פוד חומץ בלסמי בדץ 500מל,וילי פוד,IT,חומץ בלסמי 500,יחידה,500.00,יחידה,false,,19.90,0.0398,true,1,105093
7290001485019,false,גבינת שמנת 5% טעם טבעי 200 ג' טרה,קריות זול,IL,גבינת שמנת טבעי 5%,גרמים,200.00,100 גרם,false,,11.50,0.0575,true,1,93139
7290001491010,false,תה ירוק יסמין ויסוצקי 25 יחידות,תה ויסוצקי,IL,תה ירוק יסמין 25 שקי,גרמים,37.50,100 גרם,false,,24.90,0.6640,false,1,97382
7290001491096,false,תה ירוק בתוספת לימונית ולואיזה 50 שקיקים ויסוצקי,תה ויסוצקי,IL,תה ירוק לימונית 50 ש,גרמים,75.00,100 גרם,false,,45.90,0.6120,false,1,97383
7290001491812,false,תה ירוק פירות יער ופסיפלורה ויסוצקי 25 יחידות,תה ויסוצקי,IL,תה ירוק פירות יער ופ,גרמים,37.50,100 גרם,false,,24.90,0.6640,false,1,97389
7290001498897,false,מוסקו סט נרות ולהבונ,מוסקו,,פניני ריח,יחידה,0.00,יחידה,false,,14.90,0.0000,true,1,120805
7290001507063,false,פתי בר מקמח מלא אורגני 200ג,השדה מוצרים אורגניים,IL,פתי בר מקמח מלא אורג,גרמים,200.00,100 גרם,false,,8.40,0.0420,true,1,118791
7290001507070,false,פתיבר חרובים אורגני 200 גר,השדה מוצרים אורגניים,IL,פתי בר חרובים מקמח מ,גרמים,200.00,100 גרם,false,,8.40,0.0420,true,1,119066
7290001507339,false,פתיתי כוסמין אורגניים קוסקוס 400 גרם,השדה מוצרים טבעיים ו,,פתיתי כוסמין אורגניי,גרמים,400.00,100 גרם,false,,16.90,0.0422,true,1,198006
7290001507360,false,חטיף אובלטים אורגניים עם כוסמין 100 גר,השדה מוצרים טבעיים ו,IL,אובלטים כוסמין השדה,גרמים,100.00,100 גרם,false,,10.90,0.1090,true,1,194665
7290001515310,false,שש כריות קרצוף יפניות סקוטש ברייט,3m,,שש כריות קרצוף יפניו,יחידה,0.00,יחידה,false,,13.90,0.0000,true,1,187177
7290001515631,false,שלושה ספוגי קרצוף קשיחים ארוכים אדומים,שיוך למחסן 17,ES,ספוג קירצוף קשיח,יחידה,0.00,יחידה,false,,8.90,0.0000,true,1,110924
7290001552025,false,קוסקוס של אמא פרבורגר 800 גרם,פרבורגר רויאל,IL,קוסקוס של אמא 800 גר,גרמים,800.00,100 גרם,false,,15.90,0.0199,true,1,190177
7290001552049,false,קוסקוס מרוקאי קפוא 800 גר,מטעמי פאר,IL,קוסקוס מרוקאי צהוב,גרמים,800.00,100 גרם,false,,15.90,0.0199,true,1,139734
7290001566619,false,אגוז מוסקט שלם,,,אגוז מוסקט שלם,גרמים,60.00,100 גרם,false,,8.40,0.1400,true,1,195033
7290001566626,false,כוסברה שלם נווה תבלי,,,כוסברה שלם נווה תבלי,גרמים,80.00,100 גרם,false,,8.40,0.1050,true,1,197760
7290001567142,false,סלמי תה מפולפל יחיעם,מעדני יחיעם,IL,סלמי תה מפולפל יחיעם,קילוגרמים,1.00,"ק""ג",true,,46.90,46.9000,false,1,188285
7290001567555,false,פסטרמה מעודנת עם דבש 300 ג' יחיעם,מעדני יחיעם,IL,פסטרמה מעודנת עם דבש,גרמים,300.00,100 גרם,false,,22.90,0.0763,true,1,195769
7290001567708,false,נקנקיות וינר 400 ג' יחיעם,מעדני יחיעם,IL,נקניקיות וינר 400 גר,גרמים,400.00,100 גרם,false,,12.90,0.0323,true,1,191246
7290001567760,false,פסטרמה של פעם 300 ג' יחיעם,מעדני יחיעם,IL,פסטרמה של פעם 300 גר,גרמים,300.00,100 גרם,false,,25.90,0.0863,true,1,192581
7290001567807,false,"כתף בקר מעושן לח""מ 250 גרם ""יחיעם""",מעדני יחיעם,IL,כתף בקר מעושן 250 גר,גרמים,250.00,100 גרם,false,,25.90,0.1036,true,1,192624
7290001567814,false,סלמי מעושן בסגנון איטלקי 300 ג' יחיעם,מעדני יחיעם,IL,סלמי מעושן בסגנון אי,גרמים,300.00,100 גרם,false,,22.90,0.0763,true,1,192703
7290001591710,false,המבורגר אנגוס 600 ג' טיבון ויל,טיבון ויל,IL,המבורגר אנגוס,גרמים,600.00,100 גרם,false,,22.90,0.0382,true,1,260704
7290001591734,false,מרגז נקניקיה בסגנון מרוקאי 500 ג' טיבון ויל,טיבון ויל,IL,מרגז נקניקיה בסגנון,גרמים,500.00,100 גרם,false,,22.90,0.0458,true,1,260707
7290001594025,false,"קוקה קולה זכוכית 350 מ""ל",החברה המרכזית לייצור,IL,בק' קולה 350,יחידה,350.00,יחידה,false,,5.90,0.0169,true,1,93165
7290001594032,false,"דיאט קוקה-קולה קלאסי 350 מ""ל",החברה המרכזית לייצור,IL,דיאט קולה קלאסיק,יחידה,350.00,יחידה,false,,5.50,0.0157,true,1,93166
7290001594155,false,"קוקה-קולה בבקבוק אישי 500 מ""ל",החברה המרכזית לייצור,IL,קוקה קולה בקבוק 0.5,מיליליטרים,500.00,"100 מ""ל",false,,6.00,0.0120,false,1,93174
7290001594230,false,קינלי סודה בבקבוק זכוכית,החברה המרכזית לייצור,IL,קינלי סודה 250,יחידה,250.00,יחידה,false,,3.20,0.0128,false,1,93179
7290001594377,false,פריגת תפוזים 0.5 ליטר חייב בפקדון,מבשלות בירה בינלאומי,IL,פריגת תפוזים 5 0.,יחידה,500.00,יחידה,false,,5.90,0.0118,true,1,93180
7290001594384,false,פריגת אשכוליות 0.5 ליטר חייב בפקדון,מבשלות בירה בינלאומי,IL,פריגת אשכוליות 5,יחידה,500.00,יחידה,false,,5.90,0.0118,true,1,93181
7290001594391,false,"פריגת משקה קל ענבים בבקבוק אישי 500 מ""ל",מבשלות בירה בינלאומי,IL,פריגת ענבים 5 0.,יחידה,500.00,יחידה,false,,5.90,0.0118,true,1,93182
7290001594520,false,"טובורג בקבוק 330 מ""ל פקדון",מבשלות בירה בינלאומי,IL,טובורג רד 330 בק,יחידה,330.00,יחידה,false,,7.20,0.0218,true,1,93190
7290001594544,false,"בירה שחורה מאלטי בקבוק 330מ""ל",קרלסברג ישראל,,טובורג מאלט 330,יחידה,330.00,יחידה,false,,5.00,0.0152,true,1,93192
7290001594568,false,"קרלסברג פחית 500 מ""ל פקדון",מבשלות בירה בינלאומי,RO,קרלסברג בירה פחית 50,מיליליטרים,500.00,"100 מ""ל",false,,9.00,0.0180,true,1,93194
7290001594575,false,"בירה טובורג בפחית 500 מ""ל",מבשלות בירה בינלאומי,IL,"טובורג פחית 500 מ""ל",מיליליטרים,500.00,"100 מ""ל",false,,8.90,0.0178,true,1,93195
7290001594803,false,"שישיית בירה טובורג ירוק 330 מ""ל",קרלסברג ישראל,,טובורג גרין שישייה ב,ליטרים,1.98,ליטר,false,,43.90,22.1717,false,1,93200
7290001594810,false,"שישיית בירה מאלט בבקבוק 330X6 מ""ל",קרלסברג ישראל,,מאלטי שישיית בקבוק 3,ליטרים,1.98,ליטר,false,,29.40,14.8485,true,1,93201
7290001594858,false,"טובורג רד שישייה בקבוק 330 מ""ל",קרלסברג ישראל,IL,טובורג שישייה בקבוק,ליטרים,1.98,ליטר,false,,34.90,17.6263,false,1,93204
7290001594865,false,"קרלסברג בירה בקבוק 6* 330 מ""ל",קרלסברג ישראל,IL,קרלסברג שישייה בקבוק,ליטרים,1.98,ליטר,false,,34.90,17.6263,false,1,93205
7290001598276,false,"לחם 7 דגנים קל מקמח חיטה מלא ללא שמרים 1.1 ק""ג הברון",מאפיית יוסף ברון,IL,לחם קסטן מחמצת עם דג,גרמים,1100.00,100 גרם,false,,14.50,0.0132,true,1,215034
7290001598429,false,פרנה מרוקאית חמשת 4,מאפיית יוסף ברון בעמ,IL,פרנה מרוקאית 4 יח',גרמים,500.00,100 גרם,false,,9.90,0.0198,true,1,215642
7290001598528,false,לחם כוסמין 100% 450ג' הברון,מאפיית יוסף ברון בעמ,,"לחם כוסמין ""חמשת""",גרמים,500.00,100 גרם,false,,15.90,0.0318,true,1,196497
7290001598573,false,לחמניות כוסמין 5 יח 99 קלוריות,מאפיית יוסף ברון בעמ,,לחמניות כוסמין 100%,גרמים,315.00,100 גרם,false,,13.90,0.0441,true,1,262255
7290001598580,false,פיתות כוסמין 6יח 99 קלוריות,מאפיית יוסף ברון בעמ,,פיתות כוסמין חמישייה,גרמים,372.00,100 גרם,false,,15.90,0.0427,true,1,262254
7290001648643,false,מארז קפה טורקי כתר 100X3 גרם,רוני רג'ואן,IL,שלישייה קפה כתר 3x10,גרמים,300.00,100 גרם,false,,13.90,0.0463,false,1,95324
7290001670057,false,כפיות לבן 100 יחידות,הנמל אריזות ושיווק ב,IL,כפיות חד פעמי- 100 י,יחידה,0.00,יחידה,false,,11.50,0.0000,true,1,108672
7290001670064,false,סכינים חד פעמי לבן 100 יח',בי רייט,CN,סכינים חד פעמי- 100,יחידה,0.00,יחידה,false,,10.90,0.0000,true,1,108673
7290001670071,false,כפות חד פעמי לבן 100 יח',הנמל אריזות ושיווק ב,IL,כפות חד פעמי 100 יח',יחידה,0.00,יחידה,false,,10.90,0.0000,true,1,108674
7290001670224,false,מלית פרג פוליבה 400 גרם,"פוליבה בע""מ",IL,מלית פרג 400 גר,גרמים,400.00,100 גרם,false,,11.50,0.0288,true,1,108676
7290001670354,false,"מפת שולחן סופגת לבן 137X274 ס""מ במיוחד",הנמל,,מפת שולחן סופגת לבן,יחידה,0.00,יחידה,false,,9.50,0.0000,true,1,108677
7290001670385,false,מפיות אירוח 33X33 סמ לבן 100 יח',הנמל,,מפיות לאירוח 100,יחידה,0.00,יחידה,false,,4.50,0.0000,true,1,218744
7290001670408,false,נרות חימום בשקית 50 יח`,לחמנו,CN,נר חימום בשקית 0,יחידה,0.00,יחידה,false,,10.90,0.0000,true,1,188228
7290001670514,false,מלית אוכמניות - 400 גרם פוליבה,"פוליבה בע""מ",IL,מלית אוכמניות,גרמים,400.00,100 גרם,false,,12.90,0.0323,true,1,108682
7290001670521,false,"מלית תפו""ע וקינמון 4","פוליבה בע""מ",IL,מלית תפוחים 400,גרמים,400.00,100 גרם,false,,11.50,0.0288,true,1,108683
7290001670668,false,קרחונית שקיות להכנת קרח הנמל 12 יחידות,"איטיליאן פוד, אס.פי.",TR,קרחונית- 12 יח',יחידה,0.00,יחידה,false,,3.90,0.0000,true,1,108687
7290001670736,false,כפפות נילון שקוף 100 יחידות,יבוא ושיווק: הנמל אר,IL,כפפות ניילון,יחידה,0.00,יחידה,false,,5.20,0.0000,true,1,108689
7290001670842,false,מלית חלווה פוליבה 400 ג',"פוליבה בע""מ",IL,מלית חלבה,גרמים,400.00,100 גרם,false,,10.90,0.0273,true,1,108691
7290001670859,false,מלית דובדבנים פוליבה 400 ג',קריות זול,IL,מלית דבדבנים,גרמים,400.00,100 גרם,false,,12.90,0.0323,true,1,108692
7290001670873,false,"צלחות גדולות לבנות קשיח ח""פ הנמל 66יח'",הנמל אריזות ושיווק ב,IL,"צלחות 1 ק""ג",יחידה,0.00,יחידה,false,,35.90,0.0000,false,1,108694
7290001690147,false,מון בלאן טעם טוב גבינה מותכת6% 120 גרם,שלושת האופים,IL,גבינת טעם טוב מותכת,גרמים,120.00,100 גרם,false,,11.50,0.0958,true,1,261374
7290001696767,false,בוטן בקליפה קלוי 200 גרם פיצוחי חממה,,,בוטן קלוי בקליפה,גרמים,200.00,100 גרם,false,,6.50,0.0325,true,1,117407
7290001696989,false,גרעינים בלי מלח 200 גרם פיצוחי חממה,,,גרעיני חמניה ללא מלח,גרמים,200.00,100 גרם,false,,5.80,0.0290,true,1,142140
7290001709467,false,מהרג'ה - מטבעות פאני פורי,,IN,מהרג'ה מטבעות פאני פ,גרמים,200.00,100 גרם,false,,16.90,0.0845,true,1,262604
7290001710111,false,נקניקיות מרגז ארוז 500 גר,לאטי עזרא גלם ודגים,IL,נקניקיות מרגז 500 גר,גרמים,500.00,100 גרם,false,,22.90,0.0458,true,1,141586
7290001710135,false,סטייק עוף מעדני הטלה,מעדני הטלה,IL,סטייק עוף.,קילוגרמים,1.00,"ק""ג",true,,29.90,29.9000,true,1,211643
7290001710159,false,גולש עגל קפוא ארוז מ,לאטי עזרא גלם ודגים,,גולש עגל קפוא ארוז מ,קילוגרמים,1.00,"ק""ג",true,,42.90,42.9000,true,1,134108
7290001710579,false,שיפודי פרגיות מעדני,,,שיפודי פרגיות מעדני,קילוגרמים,1.00,"ק""ג",true,,75.90,75.9000,true,1,262089
7290001710784,false,נקניקיות צ'וריסוס מע,מעדני הטלה,,נקניקיות צ'וריסוס מע,גרמים,500.00,100 גרם,false,,22.90,0.0458,true,1,206819
7290001713105,false,עלמה נייר אפיה 42*37 50 יח',קומפלקס כימיקלים,IL,נייר אפייה 50 יח',יחידה,0.00,יחידה,false,,8.50,0.0000,true,1,259263
7290001713150,false,סנט מוריץ מתז אקונומיקה Bleach קצף לימון 1 ליטר,"קומפלקס כימיקלים בע""",IL,אקונומיקה קצף ניקוי,ליטרים,1.00,ליטר,false,,9.90,9.9000,true,1,207386
7290001713167,false,סנט מוריץ - מרסס קצף ניקוי 1 ליטר סניטרי אפור,"קומפלקס כימיקלים בע""",IL,קצף לניקוי כלים סניט,ליטרים,1.00,ליטר,false,,9.90,9.9000,true,1,207387
7290001713211,false,נוזל רצפות סופר מבושם מאסק 2.5 ליטר,ABC,TR,תכשיר מרוכז לניקוי ר,ליטרים,2.50,ליטר,false,,11.90,4.7600,true,1,216228
7290001713228,false,מנקה רצפות סופר מבושם כחול 2.5 ל',ABC,TR,תכשיר מרוכז לניקוי ר,ליטרים,2.50,ליטר,false,,11.90,4.7600,true,1,216229
7290001713242,false,עלמה שקיות אשפה 25 יחידות 75*90 עם ידית,אסיר פלסט,TR,שקיות אשפה עם ידיות,יחידה,0.00,יחידה,false,,11.50,0.0000,true,1,218170
7290001713341,false,נוזל רצפות שיש וגרניט 2 ליטר,,,תכשיר מרוכז לניקוי ש,ליטרים,2.00,ליטר,false,,13.90,6.9500,true,1,188197
7290001713464,false,עלמה שקיות אשפה 100 יחידות 52*65 עם שרוך,קומפלקס כימיקלים,IL,שקיות אשפה עלמה עם ש,יחידה,0.00,יחידה,false,,19.90,0.0000,true,1,137628
7290001713501,false,"רדיד אלומיניום עלמה עבה 45 ס""מ 50 מ' סנט מוריץ",קומפלקס כימיקלים,IL,רדיד אלומניום עבה במ,יחידה,0.00,יחידה,false,,34.90,0.0000,true,1,263417
7290001713648,false,מרכך כביסה פיור בייבי ורוד 1 ליטר,"קומפלקס כימיקלים בע""",TR,מרכך כביסה Baby מרוכ,ליטרים,1.00,ליטר,false,,10.90,10.9000,true,1,261813
7290001713662,false,מרכך כביסה pure בניחוח מלון רויאל 1 ל' סנט מוריץ,"קומפלקס כימיקלים בע""",TR,מרכך כביסה בניחוח מל,ליטרים,1.00,ליטר,false,,10.90,10.9000,true,1,219868
7290001713686,false,פיור מרכך כביסה מאסק,,,מרכך כביסה 1.5 ליטר,ליטרים,1.50,ליטר,false,,11.50,7.6667,true,1,213817
7290001713785,false,מרכך כביסה פיור בייבי כחול 1 ליטר,"קומפלקס כימיקלים בע""",TR,מרכך כביסה Baby מרוכ,ליטרים,1.00,ליטר,false,,10.90,10.9000,true,1,261814
7290001713815,false,PURE מרכך כביסה בניחוח מלון מפנק 1 ליטר,"קומפלקס כימיקלים בע""",TR,מרכך כביסה בניחוח מל,ליטרים,1.00,ליטר,false,,10.90,10.9000,true,1,219867
7290001713839,false,סנט מוריץ רב מגבת 700 גרם 250 דפים,,,גליל מגבת רב פעמי,גרמים,700.00,100 גרם,false,,15.90,0.0227,true,1,261816
7290001713860,false,PURE מרכך כביסה בניחוח מלון ספא 1 ליטר,"קומפלקס כימיקלים בע""",TR,מרכך כביסה בניחוח מל,ליטרים,1.00,ליטר,false,,10.90,10.9000,true,1,219869
7290001713884,false,עלמה מטליות מיקרופייבר שלישייה לרצפה,קומפלקס כימיקלים,CN,מטליות לריצפה מיקרופ,יחידה,0.00,יחידה,false,,13.90,0.0000,true,1,213917
7290001713891,false,עלמה מיקרופייבר חמישייה לניקוי חמישייה סנט מוריץ,קומפלקס כימיקלים,CN,מטליות מיקרופייבר חמ,יחידה,0.00,יחידה,false,,7.90,0.0000,true,1,205811
7290001713907,false,בלנקו ג'ל אקונומיקה סמיכה 4 ליטר,קומפלקס כימיקלים,IL,אקונומיקה BLANCO ג'ל,ליטרים,4.00,ליטר,false,,11.90,2.9750,true,1,213474
7290001713921,false,אקונומיקה bleach מבושמת 4 ל' סנט מוריץ,"קומפלקס כימיקלים בע""",IL,אקונומיקה מבושמת 4 ל,ליטרים,4.00,ליטר,false,,9.90,2.4750,true,1,217275
7290001713938,false,ניילון נצמד 150 מטר קומפלקס,קומפלקס כימיקלים,IL,ניילון נצמד 1.5 מטר,יחידה,0.00,יחידה,false,,15.90,0.0000,true,1,261964
7290001720943,false,בצק פילו 500 גר,אופרה,,בצק פילו 500 גר,גרמים,500.00,100 גרם,false,,19.90,0.0398,true,1,102792
7290001741399,false,מסנן לכיור פרפר,,,מסנן לכיור פרפר,יחידה,0.00,יחידה,false,,3.50,0.0000,true,1,197428
7290001780428,false,מאגדת גלידת לייט שוקולד נסטלה 6יח' 312ג',גלידות נסטלה (נגה גל,IL,מאגדת שלגונים לייט ש,גרמים,312.00,100 גרם,false,,26.90,0.0862,true,1,100601
7290001780800,false,קראנץ ליבת נוגט+אורז תפוח כלפ28*100ג,נסטלה גלידות,IL,קראנץ' ליבת נוגט,יחידה,0.00,יחידה,false,,9.90,0.0000,true,1,100616
7290001791356,false,"פרש מבשם אויר אוטומטי בניחוח לבנדר סנו 250 מ""ל",החברה הדרומית,IL,סנו פרש אוטומטיק ברי,גרמים,165.00,100 גרם,false,,14.90,0.0903,true,1,111985
7290001791363,false,"מטהר אויר בניחוח וניל קוקוס מילוי סנו 250 מ""ל",סנו מפעלי ברונוס בעמ,IL,סנו פרש אוטומטיק ברי,גרמים,165.00,100 גרם,false,,14.90,0.0903,true,1,111986
7290001791776,false,"סנו-די דוחה יתושים רול און עם אלוורה סנו 50 מ""ל",גוד פוד פרודקטס S.p,IL,סנו די רול און אלוור,יחידה,50.00,יחידה,false,,19.90,0.3980,true,1,108329
7290001805008,false,מארז 4 פיתות מקמח לב,מאפיית גילי,,פיתות גילי (אחלה) ק,גרמים,500.00,100 גרם,false,,10.00,0.0200,true,1,100554
7290001805039,false,רביעיית פיתות חיטה מ,מאפיית גילי,,פיתות גילי (אחלה) חי,גרמים,400.00,100 גרם,false,,10.90,0.0273,true,1,100553
7290001813454,false,חיוכים עוגיות שוקו עלית 900 גרם,אפיפית נצרת תעשיות ב,IL,עוגיות חיוכים 00,גרמים,900.00,100 גרם,false,,22.90,0.0254,true,1,98848
7290001813478,false,חיוכים עוגיות בטעם וניל עלית 900 גרם,אפיפית נצרת תעשיות ב,IL,עוגיות חיוכים ונ,גרמים,900.00,100 גרם,false,,22.90,0.0254,true,1,98849
7290001817728,false,צ'יטוס אפוי כאפה בטעם קטשופ 55 גרם,"שטראוס פריטו ליי בע""",IL,ציטוס כאפה 55 גר,גרמים,55.00,100 גרם,false,,3.40,0.0618,true,1,99389
7290001835340,false,פרמיו לבבות 100 גרם,,CN,פרמיו לבבות 100 גר',גרמים,100.00,100 גרם,false,,15.00,0.1500,true,1,262901
7290001835364,false,פרמיו חטיפי ברווז מובחרים,,CN,פרמיו חטיפי ברווז 10,גרמים,100.00,100 גרם,false,,15.00,0.1500,true,1,262902
7290001842850,false,רגליים פרוס קפוא,,,רגליים פרוס קפוא,קילוגרמים,1.00,"ק""ג",true,,39.90,39.9000,false,1,208885
7290001842959,false,מארז סטייק דק בשר עג,,,מארז סטייק דק בשר עג,קילוגרמים,1.00,"ק""ג",true,,150.00,150.0000,true,1,208876
7290001865439,false,פמילי אל סבון נוזלי בניחוח וניל 1 ליטר,אף.סי תבליני בגליל ב,IL,פמלי אל סבון ליטר ונ,ליטרים,1.00,ליטר,false,,11.90,11.9000,false,1,122865
7290001865453,false,פמילי לקשרי 1 ליטר לבנדר ארומטי+משאבה,מיוצר עי קונדיטוריית,IL,פמלי אל סבון ליטר לב,ליטרים,1.00,ליטר,false,,11.90,11.9000,false,1,122866
7290001865460,false,סבון נוזלי פמלי לקשרי זר פרחים לבנים 1 ל,אינטרקוסמא,IL,פמלי אל סבון ליטר לי,ליטרים,1.00,ליטר,false,,11.90,11.9000,false,1,122867
7290001881224,false,קוביות אננס מאמא מרי,מאמא מרי,IL,אננס חתוך לקוביות קפ,גרמים,300.00,100 גרם,false,,13.90,0.0463,true,1,199067
7290001881231,false,מנגו קפוא מאמא מרי 3,מאמא מרי,IL,מנגו חתוך קפוא 300 ג,גרמים,300.00,100 גרם,false,,13.90,0.0463,true,1,200483
7290001901656,false,היימיש פיש הדג המיוחד 7 קציצות 600 גרם,דג טעים בעמ,IL,געפילטע פיש צנצנת,גרמים,320.00,100 גרם,false,,15.90,0.0497,true,1,190815
7290001901670,false,גפילטע פיש גולד ללא סוכר 470 ג הדג המיוח,דג טעים בעמ,IL,גפילטעפיש 4 קציצות ל,גרמים,470.00,100 גרם,false,,19.90,0.0423,true,1,191811
7290001917527,false,פרש וואנס פדים להסרת איפור 80 יח' *3,קריות זול,IL,פדיות קוסמטיות **1X3,יחידה,0.00,יחידה,false,,19.90,0.0000,true,1,111783
7290001946015,false,אריסה מתוקה 250 גרם,תבליני ביטון מאיר,IL,אריסה של ביטון,גרמים,250.00,100 גרם,false,,11.90,0.0476,true,1,102750
7290001946046,false,עמבה ביטון,תבליני ביטון מאיר,IL,עמבה ביטון,גרמים,400.00,100 גרם,false,,11.90,0.0298,true,1,112916
7290001946077,false,אריסה חריפה 250 גרם,תבליני ביטון מאיר,IL,אריסה חריפה,יחידה,250.00,יחידה,false,,11.90,0.0476,true,1,122820
7290001946114,false,סחוג אדום 150 גר ביט,,IL,סחוג אדום 150 גר ביט,גרמים,150.00,100 גרם,false,,9.50,0.0633,true,1,147458
7290001946237,false,פלפל צ'ומה ביטון,תבליני ביטון מאיר,IL,פלפל צ'ומה ביטון,יחידה,0.00,יחידה,false,,11.90,0.0000,true,1,114084
7290001946299,false,סחוג ירוק תבליני ביט,תבליני ביטון מאיר,IL,סחוג ירוק תבליני ביט,יחידה,250.00,יחידה,false,,11.90,0.0476,true,1,125352
7290001946381,false,פפריקה מתוקה ביטון 3,,,פפריקה מתוקה ביטון 3,גרמים,300.00,100 גרם,false,,18.90,0.0630,true,1,145427
7290001946503,false,שום כתוש ביטון,תבליני ביטון מאיר,IL,שום כתוש ביטון,יחידה,0.00,יחידה,false,,11.90,0.0000,true,1,102731
7290001946725,false,לימון בלאדי ביטון,תבליני ביטון מאיר,IL,לימון בלאדי ביטון,יחידה,250.00,יחידה,false,,11.90,0.0476,true,1,124236
7290001946749,false,סחוג ירוק 150 גר ביט,,,סחוג ירוק 150 גר ביט,גרמים,150.00,100 גרם,false,,9.50,0.0633,true,1,147459
7290001973332,false,"קמיל בלו מגבונים לפנים סנסיטיב ד""ר פישר 60 יחידות","ד""ר פישר Dr fischer",IL,מגבונים לפנים קמ,יחידה,0.00,יחידה,false,,8.90,0.0000,true,1,100158
7290001975015,false,"טובורג מלא גרין חוזר 500 מ""ל",קרלסברג ישראל,,טובורג גרין בירה בקב,מיליליטרים,500.00,"100 מ""ל",false,,7.40,0.0148,false,1,93206
7290001990094,false,"סוכר חום כהה צנצנת קלאסי סוגת 1ק""ג",האי נאם סי או אל.טי.,IL,סוכר חום צנצנת,יחידה,1.00,יחידה,false,,14.90,14.9000,false,1,98630
7290001990148,false,"סוכר גולדן קלאסי בצנצנת 1 ק""ג סוגת",האי נאם סי או אל.טי.,IL,סוכר גולדן קלאסי,יחידה,1.00,יחידה,false,,11.90,11.9000,true,1,98632
7290001990261,false,"סוגת חומוס 1 ק""ג","סוגת תעשיות בע""מ",IL,חומוס 1 קג סוגת,יחידה,1.00,יחידה,false,,13.90,13.9000,true,1,116420
7290001990278,false,"שעועית לבנה סוגת 1 ק""ג","סוגת תעשיות בע""מ",IL,שעועית לבנה 1 קג,יחידה,1.00,יחידה,false,,19.90,19.9000,false,1,112321
7290001990377,false,שעועית בובס 500 גרם סוגת,סוגת תעשיות בעמ,IL,שעועית בובס 500,גרמים,500.00,100 גרם,false,,10.90,0.0218,true,1,98633
7290001990391,false,אפונה יבשה 1קג סוגת,"סוגת תעשיות בע""מ",IL,אפונה יבשה 1 קג,יחידה,1.00,יחידה,false,,12.90,12.9000,true,1,147573
7290001990407,false,"עדשים ירוקים 1 ק""ג סוגת","סוגת תעשיות בע""מ",IL,עדשים ירוקים 1 ק,קילוגרמים,1.00,"ק""ג",false,,13.90,13.9000,true,1,139373
7290001990414,false,"עדשים אדומים יבש סוגת 1 ק""ג","סוגת תעשיות בע""מ",IL,עדשים אדומים 1 ק,קילוגרמים,1.00,"ק""ג",false,,13.90,13.9000,true,1,139374
7290001990421,false,"פופקורן גרעינים סוגת 1 ק""ג","סוגת תעשיות בע""מ",IL,"פופקורן סוגת 1 ק""ג",קילוגרמים,1.00,"ק""ג",false,,9.90,9.9000,true,1,149052
7290002000136,false,מגע הדבש -שעווה להסרת שיער למיקרוגל 500 גרם,ש. שוורץ (באר שבע) ב,IL,מגע המשי הדבש ש.למיק,גרמים,500.00,100 גרם,false,,20.90,0.0418,true,1,103702
7290002000143,false,"חדש -פנג'ל ק.ידיים קלאסיק 80מ""ל",מיוצר עי קונדיטוריית,IL,חדש -פנג'ל ק.ידיים ק,מיליליטרים,100.00,"100 מ""ל",false,,8.00,0.0800,true,1,103703
7290002000266,false,מגע המשי התפוח שעווה למיקרו 500ג' -חדש,המאפיה של הרמן,IL,מגע המשי התפוח ש.למי,גרמים,500.00,100 גרם,false,,20.90,0.0418,true,1,103704
7290002001782,false,קרם לטיפוח כף הרגל פ,אינטרקוסמא,IL,חדש-פנג'ל פלוס קרם כ,גרמים,100.00,100 גרם,false,,16.90,0.1690,true,1,103706
7290002002857,false,ניירות להסרת שיער בשעווה 50 יחידות,"איטיליאן פוד, אס.פי.",FR,מגע המשי נייר הדבש 5,יחידה,0.00,יחידה,false,,24.90,0.0000,true,1,103714
7290002007029,false,קוקוס טחון 100 ג' הנמל,יבוא ושיווק: הנמל אר,IL,קוקוס 100,גרמים,100.00,100 גרם,false,,3.40,0.0340,false,1,108696
7290002007036,false,כוסמת 500 גרם,הנמל,,כוסמת 500,גרמים,500.00,100 גרם,false,,7.90,0.0158,true,1,108697
7290002007180,false,קמח תירס 500 ג' הנמל,הנמל אריזות ושיווק ב,IL,קמח תירס 500,גרמים,500.00,100 גרם,false,,4.60,0.0092,true,1,108711
7290002007234,false,אבקת סוכר הנמל 100 גרם,"מיוצר וארוז ע""י: ר.ס",IL,אבקת סוכר,גרמים,100.00,100 גרם,false,,1.90,0.0190,true,1,108715
7290002007241,false,סודה לשתיה 50 ג' הנמל,"מיוצר וארוז ע""י: BAS",IL,סודה 50 ג',גרמים,50.00,100 גרם,false,,1.70,0.0340,true,1,108716
7290002007357,false,שקיות צליה דליקטס מיקרוגל הנמל 10 יח',הנמל,IL,שקיות לצליה- 10 יח',יחידה,0.00,יחידה,false,,5.70,0.0000,true,1,108720
7290002007371,false,פירורי לחם הנמל 500 ג',הנמל,IL,פרורי לחם 500,גרמים,500.00,100 גרם,false,,5.50,0.0110,true,1,108722
7290002007487,false,צמר פלדה הנמל 100 גר,"איטיליאן פוד, אס.פי.",IL,צמר פלדה 100 גר',גרמים,100.00,גרם,false,,3.90,0.0390,true,1,136663
7290002007500,false,קיסמי שיניים במבוק בחבית 500 יח',הנמל אריזות ושיווק ב,CN,קסמים חבית 500,יחידה,0.00,יחידה,false,,3.80,0.0000,true,1,108728
7290002007623,false,כוסות ליין 50 יחידות,"איטיליאן פוד, אס.פי.",TR,כוסות ליין- 50 יח',יחידה,0.00,יחידה,false,,4.60,0.0000,true,1,108729
7290002007715,false,סיר אלומיניום ענק 1 יח' 5.3 ליטר,הנמל,,סיר אלומיניום ענק 5.,יחידה,0.00,יחידה,false,,14.50,0.0000,true,1,188832
7290002007746,false,"צבע מאכל כחול 55 מ""ל הנמל",הנמל אריזות ושיווק ב,IL,צבע מאכל כחול,יחידה,55.00,יחידה,false,,3.00,0.0545,true,1,108730
7290002007821,false,"צבע מאכל אדום 55 מ""ל",ממתקי עלה ייצור שיוו,IL,צבע מאכל אדום,מיליליטרים,55.00,"100 מ""ל",false,,3.00,0.0545,true,1,108731
7290002007852,false,"תמצית אפייה בטעמים שונים 55 מ""ל הנמל",ממתקי עלה יצור ושיוו,IL,תמצית וניל,יחידה,55.00,יחידה,false,,3.20,0.0582,true,1,108732
7290002007890,false,כוסות שתייה קרה 100 יח` 200 PP מל`,אריזות מדף - פלזית,IL,כוסות 100 יח',יחידה,0.00,יחידה,false,,8.90,0.0000,false,1,108735
7290002007975,false,"צלחות קטנות ח""פ הנמל 50 יח'",אריזות מדף - פלזית,IL,צלחות קטנות- 50 יח',יחידה,0.00,יחידה,false,,9.90,0.0000,true,1,108739
7290002007982,false,מזלגות חד פעמי 100 יח',הנמל אריזות ושיווק ב,IL,מזלגות 100 יח',יחידה,0.00,יחידה,false,,10.90,0.0000,true,1,108740
7290002007999,false,"צלחות גדולות ח""פ הנמל 50 יח'",אריזות מדף - פלזית,IL,צלחות גדול חד פעמי-,יחידה,0.00,יחידה,false,,14.90,0.0000,true,1,108741
7290002008057,false,"תמצית אפייה בטעם רום 55 מ""ל הנמל",ממתקי עלה יצור שיווק,IL,תמצית רום,יחידה,55.00,יחידה,false,,3.20,0.0582,true,1,108743
7290002008071,false,עטרות חום 2 מספר הנמל,הנמל אריזות ושיווק ב,IL,עטרות חום מס' 2- 130,יחידה,0.00,יחידה,false,,4.40,0.0000,true,1,108745
7290002008088,false,"צבע מאכל צהוב 55 מ""ל הנמל",הנמל אריזות ושיווק ב,IL,צבע מאכל צהוב,יחידה,55.00,יחידה,false,,3.00,0.0545,true,1,108746
7290002008149,false,מדליק פחם מוצק הנמל אריזת 40יח',מ.א.יצור ויבוא מטליו,IL,מדליק פחם-40 יח',יחידה,0.00,יחידה,false,,6.50,0.0000,true,1,108750
7290002008156,false,עטרות חום 5 מספר הנמל,קריות זול,IL,עטרות חום מס' 5- 130,יחידה,0.00,יחידה,false,,5.60,0.0000,true,1,108751
7290002008170,false,עטרות חום 3 מספר הנמל,הנמל,IL,עטרות חום מס' 3- 130,יחידה,0.00,יחידה,false,,4.80,0.0000,true,1,108753
7290002008187,false,קשים לשתיה מתקפלים 40 יח',"איטיליאן פוד, אס.פי.",CN,קשים מתקפלים- 40 יח',יחידה,0.00,יחידה,false,,1.80,0.0000,true,1,108754
7290002008224,false,סוכריות לקישוט צבעונית הנמל 100 ג',ממתקי עלה בעמ,IL,מזרה עגול צנצ',גרמים,60.00,100 גרם,false,,5.50,0.0917,true,1,108756
7290002008309,false,עטרות נייר חום לעוגה מס' 4 הנמל 130יח',הנמל אריזות ושיווק ב,IL,עטרות חום מס' 4- 130,יחידה,0.00,יחידה,false,,5.00,0.0000,true,1,108759
7290002008347,false,קורנפלור 500 גרם הנמל,קריות זול,,קורנפלור 500 גר',גרמים,500.00,100 גרם,false,,5.90,0.0118,true,1,136664
7290002008354,false,מפת מגן נילון לשולחן,"איטיליאן פוד, אס.פי.",IL,מפות שולחן בגליל- 8,גרמים,400.00,100 גרם,false,,9.90,0.0248,true,1,108760
7290002008460,false,עטרות חום 1.5 מספר הנמל,קריות זול,IL,עטרות חום מס' 1.5- 1,יחידה,0.00,יחידה,false,,4.00,0.0000,true,1,108766
7290002008491,false,סוכריות לקישוט שוקולד 100 ג' הנמל,ממתקי עלה יצור שיווק,IL,מזרה שוקולד צנצנ,גרמים,100.00,100 גרם,false,,5.50,0.0550,true,1,108768
7290002008507,false,נייר אפיה הנמל 50 יחידות,הנמל אריזות ושיווק ב,IL,נייר אפיה- 50 יח',יחידה,0.00,יחידה,false,,8.90,0.0000,true,1,108769
7290002008576,false,מפיון מפיות בדיספנסר,קריות זול,,מפיון קופסא 100יח הנ,יחידה,0.00,יחידה,false,,3.70,0.0000,true,1,138320
7290002008620,false,"צבע מאכל ירוק 55 מ""ל הנמל",ממתקי עלה יצור שיווק,IL,צבע מאכל ירוק,יחידה,55.00,יחידה,false,,3.00,0.0545,true,1,108773
7290002008651,false,קמח תפוחי אדמה הנמל 500 גרם,ר.ס. חברה ליבוא וייצ,IL,"קמח תפו""א 500גר",גרמים,500.00,100 גרם,false,,5.90,0.0118,true,1,108774
7290002008668,false,צמרוני ביוטי עגול קלירי 200 יח',הנמל,TR,צמרונים 200 יח',יחידה,0.00,יחידה,false,,3.90,0.0000,true,1,125774
7290002008743,false,סוכר וניל 10*10 ג' הנמל,"מיוצר וארוז ע""י: ר.ס",IL,סוכר וניל,גרמים,100.00,100 גרם,false,,2.40,0.0240,true,1,136112
7290002008750,false,אבקת אפיה הנמל מארז 10X10 ג',"מיוצר ע""י:ר.ס. חברה",IL,אבקת אפיה הנמל,גרמים,100.00,100 גרם,false,,2.40,0.0240,true,1,108776
7290002008774,false,שומשום הנמל 200 גרם,הנמל אריזות ושיווק ב,IL,שומשום 200,גרמים,200.00,100 גרם,false,,5.50,0.0275,true,1,108777
7290002008927,false,סוכריות לקישוט שוקו לבן 100 ג' הנמל,ממתקי עלה יצור שיווק,IL,סוכריות לעוגה שוקו ל,יחידה,0.00,יחידה,false,,5.50,0.0000,true,1,108779
7290002008989,false,קישקשים קשים לשתיה 225יח הנמל,הנמל אריזות ושיווק ב,CN,קישקשים 225יח,יחידה,0.00,יחידה,false,,9.50,0.0000,true,1,108780
7290002013037,false,פסטרמה פרגית זוגלובק,זוגלובק,IL,פסטרמה פרגיות על לבנ,קילוגרמים,1.00,"ק""ג",true,,79.90,79.9000,false,1,125299
7290002019114,false,רוטב עגבניות מרוכז מאד 28-30BX פריניר,פריניר,,פרי ניר רוטב עגבניות,גרמים,580.00,100 גרם,false,,6.50,0.0112,true,1,99523
7290002019787,false,רוטב עגבניות מרוכז מאוד 260 גרם פריניר,פריניר ( הדס 1987) ב,IL,רוטב עגבניות פרי ניר,גרמים,260.00,100 גרם,false,,3.50,0.0135,false,1,99528
7290002019794,false,רוטב עגבניות מרוכז מאוד 100 גרם פריניר,פריניר ( הדס 1987) ב,IL,רוטב עגבניות 100 גר,גרמים,100.00,100 גרם,false,,1.70,0.0170,false,1,99529
7290002022923,false,סוכריות על מקל בטעם תות כרמית 50 יחידות,כרמית תעשיות ממתקים,IL,לקקן כרמית 50 יח,גרמים,500.00,100 גרם,false,,14.90,0.0298,true,1,104465
7290002026341,false,צ'יפס אריסטו רגיל שקיות רשת,האי נאם סי או אל.טי.,CA,צ'יפס בטטה 500 גר',גרמים,500.00,100 גרם,false,,14.90,0.0298,true,1,189000
7290002026358,false,צ'יפס אריסטו זיג זג שקיות רשת,האי נאם סי או אל.טי.,CA,צ'יפס בטטה זיג זג 50,גרמים,500.00,100 גרם,false,,14.90,0.0298,true,1,189001
7290002026365,false,טבעות בצל אריסטו קראנץ 500 ג',היידי שוקולד בירונטי,IL,טבעות בצל 500 גר',גרמים,500.00,100 גרם,false,,10.90,0.0218,true,1,189002
7290002026983,false,"גלידת מוופוריה בטעם שוקולד עם בצק עוגיות 500 ""ל",מוצרי איכות אמריקאיי,IL,גלידת שוקולד בצק עוג,גרמים,500.00,100 גרם,false,,18.90,0.0378,false,1,207002
7290002037040,false,חלה קלה וודש 500 גרם,מאפית י את א ברמן בע,IL,חלה קלה,גרמים,500.00,100 גרם,false,,16.90,0.0338,true,1,99893
7290002037309,false,שמיניית לחמניות המבורגר,מאפית י את א ברמן בע,IL,לחמניות המבורגר,גרמים,400.00,100 גרם,false,,14.50,0.0363,true,1,99899
7290002037637,false,חליות מתוקות מארז 4יח',מאפית י את א ברמן בע,IL,לחמניות חליות וד,גרמים,400.00,100 גרם,false,,13.50,0.0338,true,1,99909
7290002040019,false,קוסקוס רגיל הנמל 350 גרם,"קוסקוס מזון בע""מ",IL,קוסקוס רגיל 350 גר ה,גרמים,350.00,100 גרם,false,,5.50,0.0157,false,1,108782
7290002040064,false,קוסקוס דק הנמל 350 גרם,טרופיקל דגיל תעשיות,IL,קוסקוס דק,גרמים,350.00,100 גרם,false,,5.50,0.0157,false,1,108787
7290002040071,false,קוסקוס עבה הנמל 350 גרם,"קוסקוס מזון בע""מ",IL,קוסקוס עבה,גרמים,350.00,100 גרם,false,,5.50,0.0157,false,1,108788
7290002040088,false,קוסקוס מלא הנמל 350 גרם,"קוסקוס מזון בע""מ",IL,קוסקוס מלא 350 גר',גרמים,350.00,100 גרם,false,,6.00,0.0171,true,1,108789
7290002041009,false,"חלאבילין אורגינל 10 מ""ל",General,,חלאבלין לבית השח,גרמים,12.00,100 גרם,false,,42.90,3.5750,true,1,103145
7290002043218,false,ציפס אורז חום מלא מלח אקסטרא 60 ג',מימונס אפיה,BG,צ'יפס אורז חום מלא מ,גרמים,60.00,100 גרם,false,,6.90,0.1150,true,1,216151
7290002043225,false,ציפס אורז חום מלא פפריקה אקסטרא 60 ג',מימונס אפיה,BG,צ'יפס אורז חום מלא פ,גרמים,60.00,100 גרם,false,,6.90,0.1150,true,1,216152
7290002043331,false,ציפס אורז חום מלא כוסמת אקסטרא 60 ג',,BG,צ'יפס אורז חום מלא כ,גרמים,60.00,100 גרם,false,,7.90,0.1317,true,1,216157
7290002043348,false,ציפס אורז חום מלא צי'ה וקינואה אקסטרא 60 ג',JS. A.F.P Co,BG,צ'יפס אורז חום מלא צ,גרמים,60.00,100 גרם,false,,7.90,0.1317,true,1,216158
7290002043379,false,אקסטרה ציפס פרוטאין עדשים שחורות 60 גר,,BG,צ'יפס אורז חום מלא ע,גרמים,60.00,100 גרם,false,,7.90,0.1317,true,1,216161
7290002043782,false,ציפס אורז חום מלא טקסס ברביקיו אקסטרא 60 ג',מימונס אפיה,BG,צ'יפס אורז חום מלא ט,גרמים,60.00,100 גרם,false,,6.90,0.1150,true,1,216140
7290002043812,false,פריכיות צ'יה וקינואה,נוהלס,BG,פרכיות אורז חום מלא,גרמים,24.00,100 גרם,false,,4.50,0.1875,true,1,216132
7290002050018,false,גרעיני אבטיח 170 גר',זארובי,,גרעיני אבטיח 170 גר',גרמים,170.00,100 גרם,false,,14.90,0.0876,true,1,187022
7290002050025,false,"פרורי לחם מוזהב 1 ק""ג",זארובי,,פירורי לחם זהוב 1 קג,קילוגרמים,1.00,"ק""ג",false,,10.90,10.9000,true,1,186773
7290002050032,false,תערובת אגוזים ופיצוח,זארובי,,תערובת אגוזים ופיצוח,גרמים,630.00,100 גרם,false,,57.90,0.0919,true,1,187923
7290002050407,false,פפריקה בשקית 500 ג',,,פפריקה מתוקה,גרמים,500.00,100 גרם,false,,14.90,0.0298,true,1,146006
7290002050803,false,סוכריות גומי זארובי,זארובי,,מארז סוכריות גומי 60,גרמים,600.00,100 גרם,false,,21.90,0.0365,true,1,216488
7290002050940,false,ג'עלה פרימיום זארובי,זארובי,,ג'עלה פרימיום זארובי,גרמים,500.00,100 גרם,false,,29.90,0.0598,true,1,263956
7290002050988,false,גרנולה פרימיום זארוב,זארובי,,גרנולה פרימיום זארוב,גרמים,450.00,100 גרם,false,,17.90,0.0398,true,1,263959
7290002053088,false,אטריות ביצים דקיקות מספר 8 אוריינט 200 גרם,פ.פ.ח טאביט,PL,איטריות ביצים דקיקות,גרמים,210.00,100 גרם,false,,8.70,0.0414,true,1,125441
7290002053101,false,אטריות ביצים בינוניות מספר 12 אוריינט 200 גרם,פ.פ.ח טאביט,PL,איטריות ביצים מס' 12,גרמים,200.00,100 גרם,false,,8.70,0.0435,true,1,109718
7290002053118,false,אטריות ביצים עבות מספר 14 אוריינט 200 גרם,האי נאם סי או אל.טי.,PL,איטריות ביצים מס' 14,גרמים,200.00,100 גרם,false,,8.70,0.0435,true,1,109719
7290002053354,false,אטריות נודלס סיני להקפצה אוריינט 300 גרם,טאביט ספ.ז.או.או,PL,איטריות נודלס סיני,גרמים,300.00,100 גרם,false,,13.90,0.0463,true,1,109724
7290002057017,false,זיתים נובו ענק A2 יבנה 330ג',שיוך למחסן 17,IL,זית נובו מבוקע 340 ג,גרמים,340.00,100 גרם,false,,9.90,0.0291,true,1,112851
7290002057031,false,זית יבנה מבוקע פיקנטיבשמן זית 340 גרם,קבוצת יבנה,IL,זיתים מבוקעים 340 גר,גרמים,340.00,100 גרם,false,,8.50,0.0250,true,1,103208
7290002057048,false,זית סורי מתובל בשמן קבוצת יבנה 560 גרם,קבוצת יבנה,IL,זית סורי מבוקע 340 ג,גרמים,340.00,100 גרם,false,,9.90,0.0291,true,1,103209
7290002057062,false,זיתים ירוקים בינוניים מנזלינו קבוצת יבנה,קבוצת יבנה,IL,זיתים מנזלינו בינוני,גרמים,540.00,100 גרם,false,,6.90,0.0128,true,1,139010
7290002057086,false,זית מנזלינו גדול יבנה 780 גרם,קבוצת יבנה,,זיתים מנזנילו גדולים,גרמים,650.00,100 גרם,false,,19.90,0.0306,true,1,112872
7290002057109,false,זיתים יבנה ירוקים גדולים מאוד שום מנזלינ,קבוצת יבנה,IL,זיתים מנזנילו גדולים,גרמים,340.00,100 גרם,false,,8.90,0.0262,true,1,112873
7290002057123,false,זיתים ירוקים מנזנילו קבוצת יבנה 560 גרם,קבוצת יבנה,IL,זיתים ירוקים נטולי ג,גרמים,275.00,100 גרם,false,,8.20,0.0298,true,1,103210
7290002057130,false,"זיתים חרוזית ירוק יבנה 1.25ק""ג",קבוצת יבנה,IL,זיתים ירוקים מנזנילו,גרמים,650.00,100 גרם,false,,21.00,0.0323,true,1,112852
7290002057161,false,זיתים מרינט גדול מאד A2 יבנה 540ג',קבוצת יבנה,IL,זית מרינד חתוך בחומץ,גרמים,275.00,100 גרם,false,,9.40,0.0342,true,1,112871
7290002057178,false,זיתים שחורים גדולים מנזלינו קבוצת יבנה 3,קבוצת יבנה,IL,זית שחור טבעי יבנה,גרמים,340.00,100 גרם,false,,9.40,0.0276,true,1,124724
7290002057185,false,טבעות זיתים ירוקים קבוצת יבנה 560 גרם,קבוצת יבנה,IL,טבעות זיתים ירוקים 2,גרמים,275.00,100 גרם,false,,8.20,0.0298,true,1,112853
7290002057321,false,"מלפפון במלח ‏25‏-‏21‏ יבנה 1.3 ק""ג",קבוצת יבנה,IL,מלפפון במלח 21-25 72,גרמים,725.00,100 גרם,false,,15.90,0.0219,true,1,112854
7290002057352,false,מלפפון יבנה במלח גדולים 7-9 320 גרם,קבוצת יבנה מוצרי מזו,IL,מלפפון במלח 7-9 320,גרמים,320.00,100 גרם,false,,6.20,0.0194,true,1,103211
7290002057369,false,מלפפונים במלח בינוני קבוצת יבנה 560 גרם,קבוצת יבנה,IL,מלפפונים במלח 12-10,גרמים,320.00,100 גרם,false,,7.20,0.0225,true,1,103212
7290002057376,false,מלפפון יבנה במלח קטנים 13-17 320 גרם,קבוצת יבנה,IL,מלפפון במלח 13-17 32,גרמים,320.00,100 גרם,false,,8.20,0.0256,false,1,103213
7290002057383,false,מלפפון יבנה במלח קטנים מאוד 18-25 320 גר יבנה,קבוצת יבנה,IL,מלפפון במלח 18-25 32,גרמים,320.00,100 גרם,false,,8.90,0.0278,true,1,103214
7290002057406,false,"מלפפון חומץ ‏36‏-‏30‏ ‏10‏-‏A‏ יבנה 3 ק""ג",קבוצת יבנה,,מלפפונים בחומץ - שימ,גרמים,560.00,100 גרם,false,,21.90,0.0391,true,1,112436
7290002057413,false,"מלפפון חומץ ‏20‏-‏15‏ 1.3 ק""ג יבנה",קבוצת יבנה,IL,מלפפון בחומץ 15-20 6,גרמים,675.00,100 גרם,false,,13.90,0.0206,true,1,112940
7290002057437,false,שיפקונית קבוצת יבנה,קבוצת יבנה,IL,ציפקונית יבנה,גרמים,225.00,100 גרם,false,,8.50,0.0378,true,1,259642
7290002057451,false,מלפפון בחומץ ‏9‏-‏7‏ %‏20‏ 560 ג' יבנה,אף.סי תבליני בגליל ב,IL,מלפפון בחומץ 7-9 290,גרמים,290.00,100 גרם,false,,6.20,0.0214,true,1,112941
7290002057468,false,מלפפונים בחומץ בינוני קבוצת יבנה 560 גרם,קבוצת יבנה,IL,מלפפון בחומץ 10-12 2,גרמים,290.00,100 גרם,false,,7.20,0.0248,true,1,112874
7290002057475,false,מלפפונים בחומץ קטן קבוצת יבנה 560 גרם,קבוצת יבנה,IL,מלפפון בחומץ 13-17 2,גרמים,290.00,100 גרם,false,,8.20,0.0283,true,1,112875
7290002057482,false,מלפפון יבנה בחומץ קטנים מאוד 18-25 290 ג,קבוצת יבנה,IL,מלפפון בחומץ 18-25 2,גרמים,290.00,100 גרם,false,,8.90,0.0307,true,1,112876
7290002057604,false,פלפל חריף שיפקה קבוצת יבנה 225 גרם.,קבוצת יבנה,IL,פלפל חריף שיפקה 225,גרמים,225.00,100 גרם,false,,5.90,0.0262,true,1,103215
7290002057611,false,שיפקה צנצנת יבנה 540 גר',קבוצת יבנה,,פלפל חריף צנצנת 325,גרמים,325.00,100 גרם,false,,7.50,0.0231,true,1,112822
7290002057703,false,חצילים במלח קבוצת יבנה 320 גרם,קבוצת יבנה,IL,חצילים במלח 320 גרם,גרמים,320.00,100 גרם,false,,6.50,0.0203,true,1,103216
7290002057734,false,זיתים חרוזית שחור A2 יבנה 540ג',קבוצת יבנה,IL,זיתים מושחרים נטולי,גרמים,275.00,100 גרם,false,,9.40,0.0342,true,1,112831
7290002057819,false,גמבה רצועות פלפל אדום A2 יבנה 300 גרם,קבוצת יבנה,IL,רצועות פלפל אדום 300,גרמים,300.00,100 גרם,false,,6.90,0.0230,true,1,111703
7290002057864,false,זיתים נובו ענק צנצנת יבנה 540 גר',קבוצת יבנה,,צנצנת זיתים,גרמים,560.00,100 גרם,false,,10.90,0.0195,true,1,112826
7290002057871,false,זית חרוזית צנצנת 540 ג' יבנה,קבוצת יבנה,,טבעות זיתים ירוקים ב,גרמים,340.00,100 גרם,false,,9.50,0.0279,true,1,112943
7290002057888,false,מרינט בחומץ יין (טבעי)צנצנת יבנה,קבוצת יבנה,,זיתים מרינד בחומץ יי,גרמים,340.00,100 גרם,false,,9.50,0.0279,true,1,112827
7290002065555,false,"לחמניות שישיה בשקית ""אנג'ל""",מאפיית שלמה א. אנג'ל,IL,שש לחמניות אנג'ל,גרמים,450.00,100 גרם,false,,10.90,0.0242,true,1,96761
7290002065616,false,לחם שיפון גרעינים פרוס אחדות 750 גרם,מאפיית שלמה א. אנג'ל,IL,לחם שיפון גרעינים,גרמים,750.00,100 גרם,false,,13.90,0.0185,true,1,121031
7290002075035,false,אובלטים מלוחים דקיקים ברט 500 גרם,שוקוטרייד בעמ,IL,אובלטים 500 גר,גרמים,500.00,100 גרם,false,,15.90,0.0318,true,1,111196
7290002077268,false,מיני קציצות דג לבישול 500 גרם קהילות,האי נאם סי או אל.טי.,IL,מיני קציצות דג לבישו,גרמים,500.00,100 גרם,false,,21.00,0.0420,true,1,135196
7290002079033,false,לחם דגנים לייט פרוס 500 גרם,מאפיית דוידוביץ ובני,IL,לחם דגנים לייט דוידו,גרמים,500.00,100 גרם,false,,13.50,0.0270,true,1,102511
7290002079316,false,חלה פרוסה רגילה 500,מאפית דוידוביץ ובניו,IL,חלה פרוסה,גרמים,500.00,100 גרם,false,,11.90,0.0238,true,1,102516
7290002079347,false,חלה קלה פרוסה 500 גר,מאפיית דוידוביץ ובני,IL,חלה קלה פרוסה,גרמים,500.00,100 גרם,false,,21.90,0.0438,true,1,102517
7290002079361,false,לחמניות המבורגר חתוך 6+2*60 ג',מאפיית דוידוביץ ובני,IL,לחמניות המבורגר,גרמים,400.00,100 גרם,false,,13.90,0.0348,true,1,102518
7290002079477,false,לחם אחיד פרוס דוידוב,מאפיית דוידוביץ ובני,IL,לחם אחיד פרוס דוידוב,גרמים,750.00,100 גרם,false,,6.90,0.0092,false,1,102520
7290002079613,false,דוידוביץ חלה קלועה מתוקה ארוזה 500 גרם,מאפיית דוידוביץ ובני,,חלה מתוקה דוידוביץ',גרמים,500.00,100 גרם,false,,10.90,0.0218,true,1,102524
7290002079927,false,לחם דגנים מלא דוידוב,מאפיית דוידוביץ ובני,IL,לחם דגנים מלא דוידוב,גרמים,750.00,100 גרם,false,,12.90,0.0172,true,1,123281
7290002079996,false,לחם אחיד קל פרוס 750 גרם,מאפיית דוידוביץ ובני,IL,לחם אחיד קל פרוס,גרמים,750.00,100 גרם,false,,11.90,0.0159,true,1,102529
7290002096009,false,עוגיות דובשנית חפץ 4,חפץ,,דובשניות חפץ 450 גר,גרמים,450.00,100 גרם,false,,10.90,0.0242,true,1,111471
7290002096498,false,עוגיות דובשנית חפץ 6,דובשנית,IL,"דובשניות חפץ 600 ג""ר",גרמים,600.00,100 גרם,false,,12.90,0.0215,true,1,135101
7290002107071,false,צוריאל פטה עיזים מעודנת גביע 16% 200ג,מחלבת משק צוריאל,IL,פטה עיזים מעודנת,גרמים,200.00,100 גרם,false,,24.90,0.1245,true,1,111525
7290002107316,false,טבורוג למעדיה צוריאל,מחלבת משק צוריאל,IL,טבורוג למעדיה צוריאל,קילוגרמים,1.00,"ק""ג",true,,43.90,43.9000,false,1,137972
7290002107385,false,גליל גבינת עיזים מה עז משק צוריאל 180 גרם,מחלבת משק צוריאל,IL,דליקטס עז 20% 180 גר,גרמים,180.00,100 גרם,false,,23.90,0.1328,true,1,117063
7290002107491,false,גבינה לבנה מחלב עיזים למריחה 5% משק צוריאל 250 גרם,מחלבת משק צוריאל,IL,גבינת עיזים 5%,גרמים,250.00,100 גרם,false,,14.90,0.0596,false,1,111534
7290002107798,false,גבינה בולגרית מעודנת 5% משק צוריאל 250 גרם,מחלבת משק צוריאל,IL,בולגרית מעודנת 5% מש,גרמים,250.00,100 גרם,false,,22.50,0.0900,true,1,111540
7290002107965,false,טבורוג גבינה לאפייה 5% צוריאל 500 ג',מחלבת משק צוריאל,IL,טבורוג 5% 500 גר,גרמים,500.00,100 גרם,false,,25.90,0.0518,true,1,115340
7290002109372,false,בורקס פילו אצבעות בולגרי 700 ג' שלושת האופים,שלושת האופים שגמור,IL,בורקס פילו אצבעות גב,גרמים,700.00,100 גרם,false,,19.90,0.0284,true,1,140731
7290002109488,false,קבב 100% אמיתי טיבון ויל 440 גרם,טיבון ויל,IL,קבב אמיתי 100% טיבון,גרמים,440.00,100 גרם,false,,19.90,0.0452,false,1,138475
7290002111825,false,גרעיני תירס מתוק 550 גרם פרי מבורך,פרי מבורך,IL,גרעיני תירס פרי מבור,גרמים,335.00,100 גרם,false,,8.50,0.0254,true,1,186833
7290002118398,false,צמרוני אוזניים בקופסא מרובעת 200 יח',עוזי אקספורט,TR,צמרוני אוזניים,יחידה,0.00,יחידה,false,,3.90,0.0000,true,1,137504
7290002129462,false,פיצה איטלקית דקה שלושת האופים מארז זוג 640 ג',,,מארז פיצה איטלקית דק,גרמים,640.00,100 גרם,false,,21.90,0.0342,true,1,196820
7290002129479,false,פיצה איטלקית דקה 320 ג' שלושת האופים,האי נאם סי או אל.טי.,IT,פיצה איטלקית דקה שלו,גרמים,320.00,100 גרם,false,,13.90,0.0434,false,1,196821
7290002130567,false,דבש טהור מפרחי בר בזכוכית 350 גרם,מכוורת יד מרדכי שטרא,IL,דבש יד מרדכי 350 גרם,גרמים,350.00,100 גרם,false,,16.90,0.0483,false,1,98868
7290002132011,false,עוגיות מזרחיות מלוחות עבאדי 400 גרם,מאפיית יוסף ושמחה עב,IL,מזרחיות עגול,גרמים,400.00,100 גרם,false,,17.90,0.0447,false,1,97390
7290002133094,false,גבינת ברינזה צאן במש,"מחלבת השומרון בע""מ",IL,ברינזה צאן,קילוגרמים,1.00,"ק""ג",true,,79.90,79.9000,false,1,100116
7290002133131,false,מחלבת שומרון ריקוטה,מחלבת השומרון,IL,גבינת אורדה בגביע 25,גרמים,250.00,100 גרם,false,,13.50,0.0540,true,1,141616
7290002133148,false,צפתית רכה שומרון במש,"מחלבת השומרון בע""מ",IL,צפתית שומרון טבעית/,קילוגרמים,1.00,"ק""ג",true,,55.90,55.9000,false,1,100117
7290002133162,false,גבינה בולגרית 5% גבינות השומרון 250 גרם,מחלבת השומרון,IL,בולגרית גביע 5%,גרמים,250.00,100 גרם,false,,19.90,0.0796,true,1,100123
7290002133247,false,לאבנה עם שמן זית וזעתר 5% גבינות השומרון 250 גרם,מחלבת השומרון,IL,לבנה זעתר 5% - 250 ג,גרמים,250.00,100 גרם,false,,13.50,0.0540,true,1,100125
7290002133506,false,יוגורט של פעם חלב עיזים 4% גבינות השומרון 400 גרם,מחלבת השומרון,IL,יוגורט של פעם עיזים,מיליליטרים,400.00,"100 מ""ל",false,,12.50,0.0313,true,1,119045
7290002133520,false,יוגורט של פעם 3% גבינות השומרון 400 גרם,מחלבת השומרון,IL,יוגורט של פעם 3%,גרמים,400.00,100 גרם,false,,9.90,0.0248,true,1,100126
7290002133537,false,יוגורט של פעם חלב עיזים 4% גבינות השומרון 180 גרם,מחלבת השומרון,IL,יוגורט של פעם 3% עיז,גרמים,180.00,100 גרם,false,,6.60,0.0367,true,1,119333
7290002133551,false,גבינת לאבנה עם שמן זית וזעתר 5% השומרון 500 גרם,מחלבת השומרון,IL,לאבנה 5% עם שמן זית,גרמים,500.00,100 גרם,false,,19.90,0.0398,true,1,214635
7290002133575,false,יוגורט של פעם חלב כבשים 5% גבינות השומרון 400 גרם,מחלבת השומרון,,יוגורט של פעם כבשים,מיליליטרים,400.00,"100 מ""ל",false,,12.50,0.0313,true,1,119046
7290002133612,false,"יוגורט יווני אותנטי 8% גבינות השומרון 180 מ""ל",מחלבת השומרון,IL,יוגורט יווני אותנטי,מיליליטרים,180.00,"100 מ""ל",false,,5.90,0.0328,true,1,119335
7290002133643,false,גבינת פטה צאן 22% גבינות השומרון 200 גרם,מחלבת השומרון,IL,פטה גביע 22%,גרמים,200.00,100 גרם,false,,23.00,0.1150,true,1,100128
7290002133858,false,גבינה בולגרית צאן 18% גבינות השומרון 250 גרם,מחלבת השומרון,IL,בולגרית צאן 18%,גרמים,250.00,100 גרם,false,,22.90,0.0916,true,1,100135
7290002133889,false,גבינה בולגרית מעודנת 5% 250 גרם,מחלבת השומרון,IL,בולגרית מעודנת 5%,גרמים,250.00,100 גרם,false,,19.90,0.0796,true,1,115576
7290002133940,false,יוגורט של פעם כבשים 4% גבינות השומרון 180 גרם,מחלבת השומרון,IL,יוגורט של פעם כבשים,מיליליטרים,180.00,"100 מ""ל",false,,6.60,0.0367,true,1,95081
7290002139898,false,מארז סטייק עם עצם,,,מארז סטיק עם עצם,קילוגרמים,1.00,"ק""ג",true,,165.90,165.9000,true,1,219432
7290002150077,false,פלאפל חמים וטעים 400,"חמים וטעים בע""מ",IL,פלאפל אמיתי 400 גר,גרמים,400.00,100 גרם,false,,15.50,0.0388,true,1,186339
7290002150718,false,קרפלך כיסוני בצק במי,"חמים וטעים בע""מ",IL,חמים וטעים-קרפלך תפו,גרמים,400.00,100 גרם,false,,15.50,0.0388,true,1,186302
7290002150732,false,קרפלך כיסוני בצק במי,"חמים וטעים בע""מ",IL,קרפלך בשר 400 גר,גרמים,400.00,100 גרם,false,,15.50,0.0388,true,1,150885
7290002150794,false,סיגרים במילוי בשר 40,"חמים וטעים בע""מ",IL,סיגרים בשר 400 גר,גרמים,400.00,100 גרם,false,,15.50,0.0388,true,1,150886
7290002150817,false,"סיגר תפו""א חמים וטעי","חמים וטעים בע""מ",IL,"סיגרים תפו""א 400",גרמים,400.00,100 גרם,false,,15.50,0.0388,true,1,150887
7290002150848,false,אגרול סיני חמים וטעי,"חמים וטעים בע""מ",IL,אגרול סיני 400 גר,גרמים,400.00,100 גרם,false,,15.50,0.0388,true,1,186003
7290002150862,false,קובה בורגול במילוי ב,"חמים וטעים בע""מ",IL,קובה בשר מטוגן 400 ג,גרמים,400.00,100 גרם,false,,15.50,0.0388,true,1,150888
7290002157953,false,מארז נתחי טונה בהירה בשמן קנולה - 4 יחידות,דיאמנט פוד פרודקט,IL,טונה קנולה 4*140 גר,גרמים,560.00,100 גרם,false,,18.90,0.0337,false,1,194126
7290002157960,false,טונה ויליגר 392 גרם במים רביעייה,ויליגר,IL,טונה במים 4*140 גר ו,גרמים,560.00,100 גרם,false,,18.90,0.0337,false,1,194127
7290002190141,false,ריבת חלב בצנצנת 450 גרם,Barhan gida sanayi v,IL,ריבת חלב 450 גר',גרמים,450.00,100 גרם,false,,12.90,0.0287,true,1,135259
7290002190516,false,"ריבת חלב גלעם-קומידה 500ג' 12X-כשל""פ",קריות זול,IL,ריבת חלב 500 גר,גרמים,500.00,100 גרם,false,,12.90,0.0258,true,1,94795
7290002195054,false,המבורגר בלדי 400 גרם ארוז,יוליניבר,IL,המבורגר בלדי 400 גר',גרמים,400.00,100 גרם,false,,11.90,0.0298,false,1,121694
7290002195078,false,קבב כבש בלדי קפוא 400 ג',בלדי,IL,קבב כבש בלדי,גרמים,400.00,100 גרם,false,,11.90,0.0298,false,1,133700
7290002195085,false,קבב מזרחי בלדי 400 ג'- 8 יח',יוליניבר,IL,קבב מזרחי בלדי 400 ג,גרמים,400.00,100 גרם,false,,11.90,0.0298,false,1,121600
7290002195092,false,קבב רומני 400 גרם ארוז,בלדי,IL,קבב רומני בלדי,יחידה,0.00,יחידה,false,,11.90,0.0000,false,1,133701
7290002196358,false,משק לין רוטב סילאן ע,משק דבורים לין,IL,רוטב סילאן על האש,גרמים,390.00,100 גרם,false,,21.90,0.0562,true,1,150747
7290002211044,false,"סולת חיטה 1 ק""ג טחנת רוט",,IL,סולת 1 קג,קילוגרמים,1.00,"ק""ג",false,,6.50,6.5000,false,1,103227
7290002211112,false,"קמח לבן 1 ק""ג כחול טחנת רוט",,IL,"קמח 1 ק""ג",קילוגרמים,1.00,"ק""ג",false,,4.40,4.4000,false,1,211510
7290002232995,false,ציפוי לשניצל פז 500 גרם דגש,פ.פ.ח. שאביט,IL,פירורי לחם ללא גלוטן,גרמים,600.00,100 גרם,false,,26.90,0.0448,true,1,203138
7290002239185,false,אפונת גינה קפואה פרי גליל 800 גרם,"פרי הגליל בע""""מ",IL,אפונה 800 פרי גל,גרמים,800.00,100 גרם,false,,9.90,0.0124,false,1,99679
7290002239215,false,אפונה וגזר 800 ג' פרי הגליל,"פרי הגליל בע""""מ",IL,אפונה וגזר 800,גרמים,800.00,100 גרם,false,,9.90,0.0124,true,1,99680
7290002239277,false,גזר גמדי 800 גרם פרי הגליל,"פרי הגליל בע""""מ",IL,גזר גמדי פרי גלי,גרמים,800.00,100 גרם,false,,9.90,0.0124,true,1,99681
7290002239307,false,שעועית צהובה 800 ג ' פרי הגליל,"פרי הגליל בע""""מ",IL,שעועית צהובה,גרמים,800.00,100 גרם,false,,9.90,0.0124,true,1,99682
7290002239338,false,שעועית ירוקה 800 ג' פרי הגליל,"פרי הגליל בע""""מ",IL,שעועית ירוקה פרי גלי,גרמים,800.00,100 גרם,false,,9.90,0.0124,true,1,99683
7290002239369,false,שעועית ירוקה שלמה 800 גרם פרי הגליל,"פרי הגליל בע""""מ",IL,שעועית שלמה 800,גרמים,800.00,100 גרם,false,,9.90,0.0124,true,1,99684
7290002239420,false,תירס גרעינים 800 ג ' פרי הגליל,"פרי הגליל בע""""מ",IL,תירס גרעינים 800,גרמים,800.00,100 גרם,false,,9.90,0.0124,true,1,99686
7290002250135,false,מלקחיים נירוסטה,,,מלקחיים נירוסטה,יחידה,0.00,יחידה,false,,7.00,0.0000,true,1,110340
7290002253006,false,שום כתוש בצנצנת 200 גר דורות,עיצובים 2020 (3.8),IL,שום כתוש טרי 200גר ד,גרמים,200.00,100 גרם,false,,19.90,0.0995,true,1,94088
7290002253013,false,ראשום שום כתוש דורות,דורות,IL,דורות ראשום 400 גר',גרמים,400.00,100 גרם,false,,26.90,0.0672,true,1,209549
7290002253105,false,מגשית קוביות שום טרי דורות 80 ג',עיצובים 2020 (3.8),IL,קוביות שום כתוש דורו,גרמים,80.00,100 גרם,false,,14.50,0.1813,false,1,94090
7290002253150,false,קוביות בזיליקום קצוץ דורות 70 גרם,עיצובים 2020 (3.8),IL,בזיליקום קפוא קצוץ ד,גרמים,70.00,100 גרם,false,,11.00,0.1571,true,1,94091
7290002253167,false,פטרוזיליה קצוצה דורות 70 גרם,עיצובים 2020 (3.8),IL,פטרוזליה קצוצה דורות,גרמים,70.00,100 גרם,false,,11.00,0.1571,true,1,94092
7290002253181,false,קוביות כוסברה קצוצה דורות 70 גרם,עיצובים 2020 (3.8),IL,כוסברה קצוצה דורות,גרמים,70.00,100 גרם,false,,11.00,0.1571,true,1,94094
7290002253198,false,ג'ינג'ר טרי כתוש במגשית 70 ג' דורות,עיצובים 2020 (3.8),IL,ג'ינג'ר טרי כתוש במג,גרמים,90.00,100 גרם,false,,12.00,0.1333,true,1,94095
7290002253235,false,דורות רוטב פסטו 160 גרם,עיצובים 2020 (3.8),IL,רוטב פסטו דורות,גרמים,160.00,100 גרם,false,,12.90,0.0806,true,1,186092
7290002253259,false,דורות רוטב עגבניות בזיליקום 160 גרם,עיצובים 2020 (3.8),IL,רוטב עגבניות בזיליקו,גרמים,160.00,100 גרם,false,,12.90,0.0806,true,1,186094
7290002253310,false,דורות שום צילי חריף קוביות תערובת 80 גר,עיצובים 2020 (3.8),IL,קוביות שום צילי חריף,גרמים,80.00,100 גרם,false,,14.50,0.1813,false,1,205013
7290002253495,false,דורות תבל לטחינה ביתית תערובת קוביות 70 גרם,עיצובים 2020 (3.8),IL,קוביות תבלין לטחינה,גרמים,70.00,100 גרם,false,,11.00,0.1571,true,1,205014
7290002259572,false,ספונטקס - כפפות זוג מס' 6,ספונטקס,MY,כפפות גומי,יחידה,0.00,יחידה,false,,7.50,0.0000,true,1,104810
7290002259640,false,דיימונד רדיד אלומיניום צר 30 ס''מ 7.5 מ'-,ריינולדס מוצרי צריכה,US,רדיד אלומיניום,יחידה,0.00,יחידה,false,,12.90,0.0000,true,1,104470
7290002259664,false,רדיד אלומיניום דיימונד גדול 60X0.60מ',ריינולדס מוצרי צריכה,US,רדיד אלומיניום דיימו,יחידה,0.00,יחידה,false,,49.90,0.0000,true,1,104472
7290002263661,false,מיץ לימון 250מל 100% אחוז טבעי,,IT,מיץ לימון 100% טבעי,מיליליטרים,250.00,"100 מ""ל",false,,7.50,0.0300,true,1,218349
7290002277248,false,גבינה מון בלאן זעתר 120 גר,שלושת האופים,IL,מון בלאן עם זעתר,גרמים,120.00,100 גרם,false,,11.50,0.0958,true,1,192455
7290002278528,false,כרית קרצוף לכלים שבת כלין 2 יח',מ.א ייצור ושיווק מטל,IL,כריות יפניות לשבת,יחידה,0.00,יחידה,false,,7.90,0.0000,true,1,204919
7290002281382,false,נתח סלמון נורווגי 100 % דלידג,דלידג,,נתחי פילה סלמון קפוא,קילוגרמים,1.00,"ק""ג",true,,89.90,89.9000,false,1,204649
7290002281436,false,סטייק דג טונה בהירה קפוא ללא עור,בין דין פישרי ויאטנם,IL,"סטייק טונה בהירה ע""ע",קילוגרמים,1.00,"ק""ג",true,,49.90,49.9000,true,1,207454
7290002281498,false,גבינה צהובה מגורדת על בסיס חלב 500 ג' ריץ,האי נאם סי או אל.טי.,PL,גבינת ר'יץ מגורדת 50,גרמים,500.00,100 גרם,false,,22.90,0.0458,false,1,208243
7290002291046,false,המבורגר מסעדות קצבייה 4 יח'-480 ג',יוליניבר,IL,המבורגר מסעדות קצביה,גרמים,480.00,100 גרם,false,,22.90,0.0477,true,1,135488
7290002300878,false,צ'דר אנגלי,,,צ'דר אנגלי,קילוגרמים,1.00,"ק""ג",true,,125.00,125.0000,true,1,192918
7290002300885,false,צ'דר אנגלי כתום,,,צ'דר אנגלי כתום,קילוגרמים,1.00,"ק""ג",true,,110.00,110.0000,true,1,149887
7290002304203,false,קונפיטורה ביתית תות לייט 600 גר,ענבי ציון,,קונפיטורה תות שדה לי,גרמים,600.00,100 גרם,false,,22.90,0.0382,true,1,97754
7290002304210,false,קונפיטורה ביתית משמש לייט 600 גר,ענבי ציון,,קונפיטורה משמש לייט,גרמים,600.00,100 גרם,false,,22.90,0.0382,true,1,118159
7290002304227,false,קונפיטורה ביתית דובדבן חמוציות לייט 600,ענבי ציון,,קונפיטורה דובדבן חמו,גרמים,600.00,100 גרם,false,,22.90,0.0382,true,1,97755
7290002304234,false,קונפיטורה ביתית אוכמניות לייט 600 גר,ענבי ציון,,קונפיטורה אוכמניות ל,גרמים,600.00,100 גרם,false,,22.90,0.0382,true,1,123227
7290002304241,false,קונפיטורה ביתית פירות יער לייט 600 גר,ענבי ציון,,קונפיטורה פירות יער,גרמים,600.00,100 גרם,false,,22.90,0.0382,true,1,97756
7290002304609,false,קונפיטורה ביתי ענבי ציון תות 600 גרם,ענבי ציון,IL,קונפיטורה תות שדה 60,גרמים,600.00,100 גרם,false,,17.90,0.0298,true,1,97759
7290002304616,false,קונפיטורה ביתית ענבי ציון משמש 600 גרם,ענבי ציון,IL,קונפיטורה משמש 600 ג,גרמים,600.00,100 גרם,false,,17.90,0.0298,false,1,97760
7290002304623,false,קונפיטורה ביתי ענבי ציון פירות יער 600 גר,ענבי ציון,IL,קונפיטורה פירות יער,גרמים,600.00,100 גרם,false,,17.90,0.0298,true,1,97761
7290002304630,false,קונפיטורה ביתי ענבי ציון דובדבן 600 גרם,ענבי ציון,IL,קונפיטורה דובדבן 600,גרמים,600.00,100 גרם,false,,17.90,0.0298,true,1,97762
7290002304654,false,קונפיטורה ביתי ענבי ציון שזיף 600 גרם,ענבי ציון,IL,קונפיטורה שזיף 600 ג,גרמים,600.00,100 גרם,false,,17.90,0.0298,false,1,97764
7290002304692,false,קונפיטורה ענבי ציון חמוציות ודובדבן 600,ענבי ציון,IL,קונפיטורה ענבי ציון,גרמים,600.00,100 גרם,false,,17.90,0.0298,true,1,197423
7290002317081,false,זיתים נטולי גלעין +20% 670ג A2 מטולה,שימורי מוטולה,IL,זיתים חרוזית מוטולה,יחידה,0.00,יחידה,false,,7.90,0.0000,false,1,142395
7290002317265,false,מלפפון 650ג במלח +20% 7-9 A2 מטולה,שימורי מוטולה,IL,מלפפון במלח 7-9 מוטו,גרמים,385.00,100 גרם,false,,5.00,0.0130,true,1,140719
7290002317852,false,מוטולה מלפפונים במלח,מוטולה,,מוטולה מלפפונים במלח,גרמים,900.00,100 גרם,false,,23.90,0.0266,true,1,138012
7290002327516,false,גחנון אפוי למיקרו או,אופרה,,ג'חנון אפוי 650 גר',גרמים,650.00,100 גרם,false,,15.90,0.0245,true,1,185799
7290002327608,false,קונכיות בצק אופרה,אופרה,,קונכיות בצק אופרה,גרמים,500.00,100 גרם,false,,18.90,0.0378,false,1,102795
7290002327615,false,ג'חנון 900 גר' אופרה,חסון את לוי,,ג'חנון 900 גר' אופרה,גרמים,900.00,100 גרם,false,,14.50,0.0161,true,1,102796
7290002327622,false,ג'חנון 650 גר אופרה,אופרה,,ג'חנון 650 גר אופרה,גרמים,650.00,100 גרם,false,,12.90,0.0198,false,1,102797
7290002327646,false,מלוואח אופרה 700 ג,אופרה,,מלווח אופרה,גרמים,700.00,100 גרם,false,,13.90,0.0199,false,1,102799
7290002327660,false,"בורקס תפו""א אופרה",חסון את לוי,,"בורקס תפו""א אופרה",גרמים,800.00,100 גרם,false,,14.50,0.0181,false,1,102800
7290002327677,false,בורקס גבינה אופרה,אופרה,,בורקס גבינה אופרה,גרמים,800.00,100 גרם,false,,18.90,0.0236,true,1,102801
7290002327684,false,בצק עלים 1 קג אופרה,אופרה,,בצק עלים 1 קג אופרה,קילוגרמים,1.00,"ק""ג",false,,15.90,15.9000,false,1,102802
7290002327691,false,אופרה בורקס מיני תפו,אופרה,,"מיני בורקס תפו""א",גרמים,800.00,100 גרם,false,,15.90,0.0199,false,1,102803
7290002327707,false,אופרה מיני בורקס גבי,אופרה,,מיני בורקס גבינה,גרמים,800.00,100 גרם,false,,18.90,0.0236,true,1,102804
7290002331025,false,"מים מינרלים נביעות ספורט 500 מ""ל פקדון",נביעות טבע הגליל בעמ,IL,נביעות 0.5 ליטר -,יחידה,500.00,יחידה,false,,2.60,0.0052,true,1,93218
7290002331094,false,"נביעות+ מים טעם ענבים 755מ""ל",נביעות טבע הגליל בעמ,IL,נביעות 75 0.,יחידה,755.00,יחידה,false,,3.00,0.0040,true,1,93219
7290002331124,false,נביעות+ מים מינרליים בטעם תפוח,נביעות טבע הגליל בעמ,IL,נביעות+ תפוח 0.5 ליט,יחידה,500.00,יחידה,false,,6.00,0.0120,false,1,93221
7290002331155,false,מים נביעות בטעם אפרסק 0.5 ליטר,נביעות טבע הגליל בעמ,IL,נביעות+ אפרסק 0.5 לי,יחידה,500.00,יחידה,false,,6.00,0.0120,false,1,93223
7290002331360,false,"נביעות מים מינרליים טו גו מארז 500X6מ""ל",קריות זול,IL,נביעות שישייה 0.5 ל',ליטרים,3.00,ליטר,false,,12.90,4.3000,false,1,93228
7290002331421,false,"מים אישי נביעות מארז שישייה* 755 מ""ל",קריות זול,IL,"נביעות שישיה 750 מ""ל",ליטרים,4.50,ליטר,false,,16.90,3.7556,false,1,93229
7290002331476,false,"נביעות בייבי מים מינרלים 250מ""ל",נביעות,,נביעות אישי בייבי,מיליליטרים,320.00,"100 מ""ל",false,,2.40,0.0075,true,1,147323
7290002331483,false,"שישיית נביעות אישי בייבי 320 מ""ל",נביעות טבע הגליל בעמ,IL,שישייה נביעות אישי ב,ליטרים,1.92,ליטר,false,,13.90,7.2396,true,1,145712
7290002331490,false,מים מינרליים נביעות 1 ליטר,נביעות טבע הגליל בעמ,IL,נביעות 1 ליטר,ליטרים,1.00,ליטר,false,,2.90,2.9000,false,1,147281
7290002331711,false,נביעות+מים מינרליים בטעם ענבים,נביעות טבע הגליל בעמ,IL,נביעות+ ענבים 0.5 לי,יחידה,500.00,יחידה,false,,6.00,0.0120,true,1,115062
7290002333098,false,חומוס גרגירים אורגני 500 גרם - הרדוף,אול אורגני,IL,חומוס 500 גרם,גרמים,500.00,100 גרם,false,,10.90,0.0218,true,1,195302
7290002333104,false,בורגול אורגני 500 גרם - הרדוף,אול אורגני,IL,בורגול 500 גרם,גרמים,500.00,100 גרם,false,,7.90,0.0158,true,1,104815
7290002333456,false,גריסי פנינה אורגני הרדוף 500 גרם,אול אורגני,IL,גריסי פנינה 500 גרם,גרמים,500.00,100 גרם,false,,9.50,0.0190,true,1,104820
7290002333463,false,שעועית מש אורגני הרדוף 500 גרם,אול אורגני,IL,שעועית מש אורגני 500,גרמים,500.00,100 גרם,false,,14.50,0.0290,true,1,111830
7290002333500,false,עדשים אדומות אורגני 500 גרם - הרדוף,אול אורגני,IL,עדשים אדומים 500 גרם,גרמים,500.00,100 גרם,false,,11.90,0.0238,true,1,104821
7290002333678,false,שומשום מלא אורגני הרדוף 300 גרם,אול אורגני,IL,שומשום 300גר',גרמים,500.00,100 גרם,false,,11.90,0.0238,true,1,104822
7290002333692,false,דוחן אורגני הרדוף 500 גרם,הרדוף,,דוחן 500 גרם,גרמים,500.00,100 גרם,false,,9.90,0.0198,true,1,104823
7290002333838,false,כוסמת אורגנית ירוקה 500 גרם - הרדוף,אול אורגני,IL,כוסמת 500 גרם,גרמים,500.00,100 גרם,false,,10.90,0.0218,true,1,104825
7290002333982,false,שעועית לבנה אורגנית 500 גר,אול אורגני,IL,שעועית לבנה 500גר',גרמים,500.00,100 גרם,false,,14.50,0.0290,true,1,104835
7290002333999,false,גרעיני חמניות קלופים אורגני הרדוף 300 גרם,אול אורגני,IL,גרעיני חמניות 300גר',גרמים,300.00,100 גרם,false,,11.90,0.0397,true,1,104836
7290002345015,false,סינטה דק דק אל גאוצ'ו 250ג' מינוט,"טיבון ויל אחזקות בע""",IL,סינטה דקדק 250 גר,גרמים,250.00,100 גרם,false,,15.90,0.0636,true,1,199948
7290002345022,false,אנטריקוט דק דק אל גאצ'ו 250ג' מינוט,"טיבון ויל אחזקות בע""",IL,אנטריקוט דקדק 250 גר,גרמים,250.00,100 גרם,false,,15.90,0.0636,true,1,199949
7290002345077,false,שניצל בקר מינוט אל גאוצ'ו קפוא 250 גר,טיבון ויל,IL,שניצל בקר דק דק,גרמים,250.00,100 גרם,false,,15.90,0.0636,true,1,202213
7290002345282,false,נתחי פילה סלמון קפוא דלידג,דלידג,,נתחי פילה סלמון קפוא,קילוגרמים,1.00,"ק""ג",true,,89.90,89.9000,false,1,200660
7290002345435,false,פילה דג מרלוזה ארגנטינאי,לואוס סולימנו,AR,פילה מרלוזה ארגנטינא,קילוגרמים,1.00,"ק""ג",true,,31.90,31.9000,true,1,201757
7290002348139,false,ארטישוק תחתיות 210 ג' ויליגר,האי נאם סי או אל.טי.,EG,תחתיות ארטישוק 400 ג,גרמים,400.00,100 גרם,false,,9.90,0.0248,true,1,127615
7290002348160,false,תירס גמדי שלם ויליגר 425 ג',גואנגדונג יוזהו פודס,IL,תירס צעיר שלם,גרמים,400.00,100 גרם,false,,6.50,0.0163,true,1,109270
7290002348306,false,'קוקטייל פירות ויליגר 850 ג,,,קוקטייל פירות 850 גר,גרמים,850.00,100 גרם,false,,8.90,0.0105,true,1,109276
7290002349341,false,כרית ניקוי מיקרופייבר גיטרה,,,כרית ניקוי מיקרופייב,יחידה,0.00,יחידה,false,,5.50,0.0000,true,1,260145
7290002353836,false,סרדינים רוברט בשמן זית 115 גרם,קונסרבס פורטוגל נורט,PT,סרדין רוברטס בשמן זי,גרמים,120.00,100 גרם,false,,7.50,0.0625,true,1,109282
7290002360124,false,חליטת צמחים ורד הבר והיביסקוס פומפדור 20 יחידות,TEEKANNE- POMPADOU,DE,תה צמחים פומפדור 20,גרמים,30.00,100 גרם,false,,15.90,0.5300,true,1,96306
7290002360155,false,חליטת תה פרחי שומר פומפדור 20 שקיקים,TEEKANNE- POMPADOU,DE,תה פומפדור שומר 20 ש,גרמים,40.00,100 גרם,false,,15.90,0.3975,true,1,96308
7290002360278,false,חליטת תה מנטה פומפדור 20 שקיקים,"איטיליאן פוד, אס.פי.",DE,תה פומפדור מינטה,גרמים,45.00,100 גרם,false,,15.90,0.3533,true,1,96312
7290002360285,false,תה פומפדור חליטת צמחים קמומיל 20 שק,TEEKANNE- POMPADOU,DE,חליטת תה קמומיל פומפ,גרמים,30.00,100 גרם,false,,15.90,0.5300,true,1,96313
7290002371526,false,"דקניקים, סלסולי פסטרמה שום וצי'לי פיקנטי 120 גרם",הנסיך- מפעל לייצור ט,IL,סלסולי פסטרמה שום וצ,גרמים,120.00,100 גרם,false,,15.90,0.1325,true,1,145275
7290002371533,false,דקניקים סלסולי פסטרמה בדבש 120 ג' טירת צבי,הנסיך- מפעל לייצור ט,IL,סילסולי פסטרמה ודבש,יחידה,0.00,יחידה,false,,15.90,0.0000,true,1,145276
7290002371571,false,פסטרמה פרגיות לבאגט במשקלטירת צבי,טירת- צבי,IL,פסטרמה פרגיות טירת צ,קילוגרמים,1.00,"ק""ג",true,,84.90,84.9000,false,1,121945
7290002374268,false,שמן חמניות מילומור 1 ליטר,שמן תעשיות,IL,שמן חמניות מילומ,ליטרים,1.00,ליטר,false,,10.90,10.9000,false,1,110208
7290002374312,false,"שמן קנולה מילומור 1 ל' עד""ח","נארז ע""י : א.ג. גילר",IL,שמן קנולה מילומו,ליטרים,1.00,ליטר,false,,10.90,10.9000,false,1,110209
7290002374640,false,שמן קנולה פלוס אומגה 3 1 ליטר עץ הזית,שמן תעשיות,IL,שמן קנולה פלוס אומגה,ליטרים,1.00,ליטר,false,,14.90,14.9000,false,1,150188
7290002395409,false,גבינה צהובה 28% נועם,החברה המרכזית,,גבינה צהובה נעם 28%,קילוגרמים,1.00,"ק""ג",true,,44.79,44.7900,false,1,142350
7290002395416,false,גבינה צהובה נעם 9%,החברה המרכזית,,גבינה צהובה נעם 9%,קילוגרמים,1.00,"ק""ג",true,,76.90,76.9000,false,1,142490
7290002395423,false,גבינה צהובה 22% נועם,החברה המרכזית,,גבינה צהובה נעם 22%,קילוגרמים,1.00,"ק""ג",true,,42.58,42.5800,false,1,142351
7290002407034,false,"זית סורי מבוקע ג""השא",ג'השאן,IL,זית סורי מבוקע 800 ג,גרמים,800.00,100 גרם,false,,18.90,0.0236,false,1,106984
7290002407102,false,זית סנטה גדול ג'השאן 800 ג',ג'השאן,IL,זית סנטה גדול 800 גר,גרמים,800.00,100 גרם,false,,18.90,0.0236,false,1,125599
7290002407348,false,"שמן זית כתית מעולה 750 מ""ל ג'השאן",משק משפחת ג'השאן,IL,שמן זית 750 ג'השאן,מיליליטרים,750.00,"100 מ""ל",false,,29.90,0.0399,false,1,106992
7290002407454,false,שמן זית כתית מעולה ס,,,שמן זית 750 זן סורי,מיליליטרים,750.00,"100 מ""ל",false,,36.90,0.0492,false,1,132891
7290002407461,false,שמן זית כתית מעולה ג,ג'השאן,,שמן זית 750 זן נבאלי,מיליליטרים,750.00,"100 מ""ל",false,,36.90,0.0492,true,1,128839
7290002410713,false,מעדני הטלה קישקע ממו,לאטי עזרא גלם ודגים,IL,קישקע ממולא 500 גר',גרמים,500.00,100 גרם,false,,10.90,0.0218,true,1,117988
7290002410874,false,רבעי פרגיות ממולאות,לאטי עזרא גלם ודגים,IL,רבעי פרגיות ממולא (מ,קילוגרמים,1.00,"ק""ג",true,,51.90,51.9000,true,1,116428
7290002439981,false,קלאסיקו קבב בקר אל גאוצ'ו,"טיבון ויל אחזקות בע""",IL,קלאסיקו קבב בקר וכבש,גרמים,400.00,100 גרם,false,,21.90,0.0547,true,1,188111
7290002439998,false,קלאסיקו קבב בקר וכבש,טיבון ויל - נטו,IL,קבב בקר וכבש קלאסיקו,גרמים,400.00,100 גרם,false,,21.90,0.0547,false,1,187828
7290002447146,false,מארז שניצל עגל טרי,,,מארז שניצל עגל טרי,קילוגרמים,1.00,"ק""ג",true,,95.00,95.0000,true,1,208877
7290002447214,false,מח עצם,,,מח עצם,קילוגרמים,1.00,"ק""ג",true,,37.90,37.9000,false,1,97620
7290002447405,false,בקר טחון,,,בקר טחון,קילוגרמים,1.00,"ק""ג",true,,65.00,65.0000,false,1,97622
7290002447412,false,כבד עגל טרי לצליה בל,,,כבד עגל טרי לצליה בל,קילוגרמים,1.00,"ק""ג",true,,34.90,34.9000,false,1,97623
7290002447429,false,חזה עגל טרי,,,חזה עגל טרי,קילוגרמים,1.00,"ק""ג",true,,49.90,49.9000,true,1,97624
7290002447436,false,כתף עגל טרי,,,כתף עגל טרי,קילוגרמים,1.00,"ק""ג",true,,75.00,75.0000,false,1,97625
7290002447443,false,צלי כתף עגל,,,צלי כתף עגל,קילוגרמים,1.00,"ק""ג",true,,89.90,89.9000,false,1,97626
7290002447450,false,פילה מדומה לקדירה,,,פילה מדומה לקדירה,קילוגרמים,1.00,"ק""ג",true,,79.90,79.9000,false,1,97627
7290002447467,false,אסדו עגל טרי,,,אסדו עגל טרי,קילוגרמים,1.00,"ק""ג",true,,55.00,55.0000,false,1,97628
7290002447474,false,צוואר עגל טרי.,,,צוואר עגל טרי.,קילוגרמים,1.00,"ק""ג",true,,74.90,74.9000,false,1,97629
7290002447481,false,צא'ך עגל טרי,אדום אדום,,צא'ך עגל טרי,קילוגרמים,1.00,"ק""ג",true,,74.90,74.9000,false,1,97630
7290002447498,false,ויסבראטן עגל טרי,אדום אדום,,ויסבראטן עגל טרי,קילוגרמים,1.00,"ק""ג",true,,74.90,74.9000,false,1,97631
7290002447511,false,זנב עגל טרי,אדום אדום,,זנב עגל טרי,קילוגרמים,1.00,"ק""ג",true,,69.90,69.9000,false,1,97633
7290002447528,false,אווזית לקדירה,אדום אדום,,אווזית לקדירה,קילוגרמים,1.00,"ק""ג",true,,74.90,74.9000,false,1,97634
7290002447542,false,אנטריקוט עגל טרי,אדום אדום,,אנטריקוט עגל טרי,קילוגרמים,1.00,"ק""ג",true,,159.00,159.0000,false,1,97636
7290002447559,false,סינטה עגל טרי,אדום אדום,,סינטה עגל טרי,קילוגרמים,1.00,"ק""ג",true,,129.00,129.0000,false,1,97637
7290002447566,false,אוסובוקו עגל טרי,,,אוסובוקו עגל טרי,קילוגרמים,1.00,"ק""ג",true,,55.00,55.0000,false,1,97638
7290002447573,false,שייטל עגל טרי,אדום אדום,,שייטל עגל טרי,קילוגרמים,1.00,"ק""ג",true,,99.00,99.0000,false,1,97639
7290002447597,false,שריר הזרוע,,,שריר הזרוע,קילוגרמים,1.00,"ק""ג",true,,75.00,75.0000,true,1,97641
7290002447887,false,צוואר עם עצם,,,צוואר עם עצם,קילוגרמים,1.00,"ק""ג",true,,49.90,49.9000,false,1,97643
7290002447894,false,סטייק עם עצם,,,סטייק עם עצם,קילוגרמים,1.00,"ק""ג",true,,99.00,99.0000,false,1,97644
7290002447924,false,בשר בקר טחון טרי,,,בשר בקר טחון טרי,קילוגרמים,1.00,"ק""ג",true,,65.00,65.0000,false,1,97645
7290002447979,false,בשר כף טרי,אדום אדום,,בשר כף טרי,קילוגרמים,1.00,"ק""ג",true,,74.90,74.9000,false,1,97646
7290002448723,false,PREMIO חטיף עוף לכלב 100ג-תכלת,רנדי,,חטיף עוף לכלבים,יחידה,0.00,יחידה,false,,22.90,0.0000,true,1,134013
7290002460060,false,קמח לבן 1קג מן,מן,,קמח לבן 1קג מן,יחידה,1.00,יחידה,false,,3.90,3.9000,false,1,103224
7290002461562,false,מיני מרגז מעדני הטלה,מעדני הטלה,IL,מיני מרגז מעדני הטלה,גרמים,500.00,100 גרם,false,,22.90,0.0458,true,1,146617
7290002472261,false,"עוגת מאפין תפו""ע גיד","גידרון תעשיות בע""מ",,"עוגת מאפין תפו""ע גיד",יחידה,0.00,יחידה,false,,18.90,0.0000,true,1,127613
7290002472841,false,עוגת סבתא שוקולד-גדר,"גידרון תעשיות בע""מ",,עוגת סבתא שוקולד,יחידה,850.00,יחידה,false,,23.90,0.0281,true,1,114784
7290002475101,false,גפילטע פיש ללא סוכר 4 מנו,"דג טעים (משווק ע""י א",IL,גפילט פיש ללא סו.,גרמים,575.00,100 גרם,false,,17.90,0.0311,true,1,123352
7290002475170,false,"גפילטע פיש 6 מנות""מיטל"" צ","דג טעים (משווק ע""י א",,קציצות דגים צנצנ,גרמים,670.00,100 גרם,false,,20.90,0.0312,true,1,99881
7290002478157,false,רבעי פרגיות ממולאות,מעדני הטלה,IL,רבעי פרגיות ממולאות,קילוגרמים,1.00,"ק""ג",true,,51.90,51.9000,true,1,208777
7290002485025,false,סלט חומוס מסעדות בית,"סלטי שמיר 2006 בע""מ",IL,חומוס מסעדות 500גר,גרמים,500.00,100 גרם,false,,12.90,0.0258,true,1,114354
7290002485049,false,סלט חומוס מסבחה ביתי,"סלטי שמיר 2006 בע""מ",IL,סלט חומוס מסבחה 500ג,גרמים,500.00,100 גרם,false,,12.90,0.0258,true,1,114350
7290002485063,false,סלט חומוס אבו גוש בי,"סלטי שמיר 2006 בע""מ",IL,חומוס אבו גוש 500גר,גרמים,500.00,100 גרם,false,,12.90,0.0258,true,1,114351
7290002488460,false,תמר מג'הול עסיסי 500 גר,,,תמר מג'הול סופר עסיס,גרמים,500.00,100 גרם,false,,24.90,0.0498,true,1,263461
7290002502012,false,בונז'ור לחמניה קלועה חיטה מלא יח',בונז'ור,,לחמניה קלועה חיטה מל,יחידה,100.00,יחידה,false,,2.50,0.0250,true,1,124040
7290002502036,false,בונז'ור לחמנית קשר 100ג',בונז'ור,,לחמניה קשר בונזור,יחידה,0.00,יחידה,false,,2.50,0.0000,true,1,112402
7290002502043,false,בונז'ור לחמניה כריך,בונז'ור,,לחמניה כריך,יחידה,0.00,יחידה,false,,3.00,0.0000,true,1,112547
7290002502067,false,בונג'ור חלה קלועה 560 גרם,בונז'ור,IL,חלה רגילה קלועה,יחידה,0.00,יחידה,false,,9.90,0.0000,true,1,112030
7290002502098,false,פרצל רגיל בונז'ור,בונז'ור,,פרצל רגיל בונז'ור,יחידה,0.00,יחידה,false,,5.00,0.0000,true,1,112049
7290002502203,false,בורקס גבינה במשקל,בונז'ור,IL,בורקס גבינה,קילוגרמים,1.00,"ק""ג",true,,42.00,42.0000,true,1,104222
7290002502241,false,קוקטייל פילס גבינה,בונז'ור,,קוקטייל פילס גבינה,קילוגרמים,1.00,"ק""ג",true,,49.90,49.9000,true,1,104224
7290002507277,false,קציצות דג דלידג 700 גרם,אף.סי תבליני בגליל ב,IL,קציצות דג 700 גר,גרמים,700.00,100 גרם,false,,24.90,0.0356,true,1,198883
7290002507284,false,שניצל דג מצופה דלידג 700 ג',האי נאם סי או אל.טי.,IL,שניצל דג 700 גר,גרמים,700.00,100 גרם,false,,22.90,0.0327,true,1,203070
7290002507604,false,פיצת השף מאיטליה 320 גר',האי נאם סי או אל.טי.,IT,פיצת השף מאיטליה 320,גרמים,320.00,100 גרם,false,,14.90,0.0466,true,1,197541
7290002511236,false,בולגרית מעודנת מושבה,"מחלבת המושבה בע""מ",IL,בולגרית מעודנת מושבה,קילוגרמים,1.00,"ק""ג",true,,51.90,51.9000,true,1,124125
7290002515333,false,"ד""ר פישר - קמיל בלו סנסיטיב אל סבון עדין לתינוק 500 מ""ל","ד""ר פישר Dr fischer",IL,קמיל פלוס 500,יחידה,500.00,יחידה,false,,17.90,0.0358,true,1,100159
7290002515371,false,"קמיל בלו אל סבון לתינוקות ד""ר פישר 1 ליטר",הדקלאים אגודת שיתופי,IL,קמיל בלו קלאסיק אל ס,ליטרים,1.00,ליטר,false,,26.90,26.9000,true,1,100160
7290002517269,false,"פלפל שחור שלם 350 גרם ""טעם וריח""",תות ממתקי איכות,IL,פלפל שחור שלם מיכל ק,גרמים,35.00,100 גרם,false,,9.50,0.2714,true,1,111647
7290002517276,false,תבלין פלפל אנגלי שלם 25ג',תות ממתקי איכות,IL,מיכל קטן פלפל אנגלי,גרמים,25.00,100 גרם,false,,5.50,0.2200,true,1,103282
7290002517283,false,תבלין פלפל שחור גרוס 40 גר' מיכל,תות ממתקי איכות,IL,פלפל שחור גרוס במיכל,גרמים,40.00,100 גרם,false,,9.50,0.2375,true,1,103283
7290002517290,false,תבלין קינמון טחון 40 גר' מיכל,"תבליני טעם וריח בע""מ",IL,קינמון טחון מיכל קטן,גרמים,40.00,100 גרם,false,,5.50,0.1375,true,1,103284
7290002517337,false,תבלין אורגנו עלים 20 גר',"תבליני טעם וריח בע""מ",IL,עשבי תיבול שקיות,גרמים,30.00,100 גרם,false,,5.90,0.1967,true,1,103285
7290002517375,false,תבלין בזיליקום 30 גר' שק',"תבליני טעם וריח בע""מ",IL,בזיליקום שקית 30 גר',גרמים,30.00,100 גרם,false,,5.90,0.1967,true,1,115613
7290002517566,false,"תערובת תיבול לדג 80 גרם ""טעם וריח""",תות ממתקי איכות,IL,תערובת תיבול לדג,גרמים,80.00,100 גרם,false,,9.00,0.1125,true,1,103294
7290002517573,false,תערובת תיבול לבשר- 80 גרם,תות ממתקי איכות,IL,תערובת תיבול לבשר,גרמים,80.00,100 גרם,false,,9.00,0.1125,true,1,103295
7290002517580,false,"תערובת תיבול לעוף 80 גרם ""טעם וריח""",תות ממתקי איכות,IL,תערובת תיבול לעוף,גרמים,80.00,100 גרם,false,,9.00,0.1125,true,1,103296
7290002517603,false,תבלין בזיליקום מיכל 10ג',"תבליני טעם וריח בע""מ",IL,בזיליקום מיכל קטן,גרמים,10.00,100 גרם,false,,5.50,0.5500,true,1,111782
7290002517634,false,כוזברה 30 גר מיכל קט,תות ממתקי איכות,IL,כוזברה במיכל,גרמים,30.00,100 גרם,false,,5.50,0.1833,true,1,113052
7290002517689,false,תבלין קרי 40 גרם מיכל קטן,תות ממתקי איכות,IL,אבקת קרי במיכל,גרמים,40.00,100 גרם,false,,5.50,0.1375,true,1,103302
7290002517726,false,תבלין מקלות קינמון 15ג',"תבליני טעם וריח בע""מ",IL,מקלות קינמון במיכל,גרמים,15.00,100 גרם,false,,5.50,0.3667,true,1,112583
7290002517733,false,תבלין קצח טעם וריח 4,תות ממתקי איכות,IL,קצח מיכל קטן,גרמים,40.00,100 גרם,false,,5.50,0.1375,true,1,103305
7290002517801,false,תבלין צ'ילי כתוש - חריף (פלפל קיינה) 30 ג',"תבליני טעם וריח בע""מ",IL,צ'ילי כתוש-חריף מיכל,גרמים,30.00,100 גרם,false,,5.50,0.1833,true,1,103308
7290002517818,false,הל טחון מיכל קטן,תבליני טעם וריח,,הל טחון מיכל קטן,גרמים,30.00,100 גרם,false,,10.90,0.3633,true,1,103309
7290002517825,false,"פלפל לבן טחון 40 גרם ""טעם וריח""","תבליני טעם וריח בע""מ",IL,פלפל לבן טחון במיכל,גרמים,40.00,100 גרם,false,,9.50,0.2375,true,1,113305
7290002517863,false,תבלין ציפורן טחון 80ג',"תבליני טעם וריח בע""מ",IL,ציפורן טחון,גרמים,40.00,100 גרם,false,,9.50,0.2375,true,1,112185
7290002519898,false,סטייק עם עצם עגלה,,,סטייק עם עצם עגלה,קילוגרמים,1.00,"ק""ג",true,,120.00,120.0000,false,1,263016
7290002542506,false,"בקבוק בירה קורונה 355 מ""ל",קריניציה ויטמינה אס,MX,קורונה בירה בקבוק 35,מיליליטרים,355.00,"100 מ""ל",false,,10.00,0.0282,true,1,125359
7290002542780,false,"שישייה בירה סטלה ארטואה בקבוק 330X6 מ""ל",סטלה,BE,שישיה בירה סטלה בק',מיליליטרים,1980.00,"100 מ""ל",false,,29.90,0.0151,false,1,259334
7290002542841,false,"שישייה בירה לף בלונד בקבוק 330X6 מ""ל",לף Leffe,BE,שישיית בירה לף בלונד,ליטרים,1.98,ליטר,false,,44.90,22.6768,false,1,260688
7290002542865,false,"שישייה בירה הוגרדן בקבוק 330X6 מ""ל",הוגרדן,BE,שישיית בירה הוגרדן,ליטרים,1.98,ליטר,false,,44.90,22.6768,false,1,260322
7290002543046,false,קלוגס פרוסטיס דגנים וסוכר 750ג',קלוג מנייופרטורינג א,ES,דגני קלוגס פרוסטיס 7,גרמים,750.00,100 גרם,false,,17.90,0.0239,false,1,96330
7290002543237,false,דגני בוקר קלוגס קורנפלקס 750 גרם,קלוגס קומפני אוף גרי,DE,קורנפלקס קלוגס 750 ג,גרמים,750.00,100 גרם,false,,13.90,0.0185,false,1,96338
7290002551003,false,סטארקיסט טונה בשמן בודד 160ג',סטאר קיסט,,טונה סטארקיסט בשמן 1,גרמים,160.00,100 גרם,false,,6.60,0.0412,false,1,106993
7290002551010,false,טונה סטארקיסט במים 160 גרם,"סטארקיסט פודור בע""מ",TR,טונה סטארקיסט במים 1,גרמים,160.00,100 גרם,false,,6.60,0.0412,false,1,106994
7290002596448,false,חזה בקר כבוש קורנדבי,מעדני הטלה,IL,חזה בקר כבוש מעדני ה,קילוגרמים,1.00,"ק""ג",true,,42.90,42.9000,true,1,206169
7290002603474,false,פיצה רוטב פטריות בטעם כמהין שגב 200 גר,סוילה אס.אר.אל,IT,פוקצ'ה פטריות כמהין,גרמים,200.00,100 גרם,false,,15.90,0.0795,true,1,201043
7290002603498,false,שגב פיצת השף מאיטליה אנטיפסטי,האי נאם סי או אל.טי.,IT,פוקצ'ה אנטיפסטי שף ש,גרמים,220.00,100 גרם,false,,15.90,0.0723,true,1,201045
7290002603634,false,"פיצה משולש תפזורת בד""צ 80ג'",שמגור בעמ,IL,פיצה משולש תפזורת,גרמים,80.00,100 גרם,false,,2.40,0.0300,false,1,201321
7290002618263,false,טבעות בצל שף הטבע,משק ויילר,IL,טבעות בצל 600 גר,גרמים,600.00,100 גרם,false,,15.90,0.0265,true,1,211309
7290002628064,false,טחון בקר בלדי קפוא 500 ג' /16 יח',יוליניבר,IL,טחון בקר בלדי קפוא 5,גרמים,500.00,100 גרם,false,,19.90,0.0398,true,1,95387
7290002628088,false,טחון הודו בלדי קפוא,בלדי,,טחון הודו בלדי,גרמים,500.00,100 גרם,false,,9.90,0.0198,true,1,134786
7290002628248,false,שוקיים עוף קפוא בלדי,בלדי,,שוקיים עוף קפוא בלדי,קילוגרמים,1.00,"ק""ג",true,,31.90,31.9000,true,1,135485
7290002628255,false,כרעיים עוף קפוא בלדי,בלדי,,כרעיים עוף קפוא בלדי,קילוגרמים,1.00,"ק""ג",true,,28.90,28.9000,false,1,135486
7290002628293,false,טחון עוף קפוא 500 גרם,בלדי,IL,טחון עוף בלדי 500 גר,גרמים,500.00,100 גרם,false,,9.90,0.0198,true,1,134787
7290002628453,false,פילה מדומה מס' 6 קפו,בלדי,,פילה מדומה מס' 6 קפו,קילוגרמים,1.00,"ק""ג",true,,49.90,49.9000,true,1,95389
7290002628484,false,כנפיים עוף קפוא בלדי,בלדי,,כנפיים עוף קפוא בלדי,קילוגרמים,1.00,"ק""ג",true,,13.90,13.9000,true,1,135487
7290002651116,false,גחנון חמסי ארוז 1 קג,מעדני הטלה,IL,ג'חנון חמסי,קילוגרמים,1.00,"ק""ג",false,,15.90,15.9000,true,1,134110
7290002651123,false,מלאווח חמסי ארוז 1 ק,חמסי,IL,מלווח חמסי,קילוגרמים,1.00,"ק""ג",false,,15.90,15.9000,true,1,134111
7290002654612,false,סחלב - חלב ישראל 500 גרם,,,תערובת להכנת סחלב,גרמים,400.00,100 גרם,false,,17.50,0.0438,true,1,98068
7290002654667,false,תערובת להכנת עוגת וניל כהאנס 560ג',י.כהן,,תערובת לעוגת וני,גרמים,560.00,100 גרם,false,,12.90,0.0230,true,1,98069
7290002654674,false,תערובת להכנת עוגת שוקולד כהאנס 560ג',י.כהן,,תערובת לעוגת שוק,גרמים,560.00,100 גרם,false,,12.90,0.0230,true,1,98070
7290002661153,false,"לחם דני קל ברמן 1 ק""",מאפית י את א ברמן בע,IL,לחם דני קל,יחידה,1.00,יחידה,false,,17.90,17.9000,true,1,121891
7290002674221,false,"אקווה פרש משחת שינים משאבה מנטה 100 מ""ל",גלקסו סמית קליין,GB,אקווה פרש משאבה,גרמים,100.00,100 גרם,false,,16.90,0.1690,true,1,104478
7290002680451,false,כבד פטם טרי ארוז,,,כבד פטם טרי ארוז,קילוגרמים,1.00,"ק""ג",true,,16.90,16.9000,true,1,204966
7290002688532,false,ירך הודו זכר,,,ירך הודו זכר,קילוגרמים,1.00,"ק""ג",true,,57.90,57.9000,false,1,112323
7290002692393,false,שמן קנולה מזוכך מועשר עץ הזית 1 ליטר,שמן תעשיות,IL,שמן קנולה ויטמין E,ליטרים,1.00,ליטר,false,,14.90,14.9000,false,1,110214
7290002692478,false,"שמן זית כתית מעולה קלאסי מעודן 750 מ""ל עץ הזית","מרקאולאו, ספרד.אבסה,",IT,שמן זית כתית מעולה 7,יחידה,750.00,יחידה,false,,29.90,0.0399,false,1,110219
7290002692768,false,"תרסיס קנולה מופחת קלוריות 200 מ""ל עץ הזית",טרנסומס פוד איי בי,IL,תרסיס שמן קנולה,יחידה,200.00,יחידה,false,,14.90,0.0745,false,1,119353
7290002692775,false,"תרסיס שמן קנולה בטעם חמאה 200 מ""ל עץ הזית",עץ הזית,IL,תרסיס שמן טעם חמאה,מיליליטרים,200.00,"100 מ""ל",false,,14.90,0.0745,false,1,205868
7290002692782,false,"תרסיס שמן זית עץ הזית כתית ללא גז 148מ""ל",י.ב טכנולוגיות אריזה,IL,תרסיס שמן זית,יחידה,200.00,יחידה,false,,14.90,0.0745,false,1,119355
7290002715375,false,קבב יווני טיבון ויל 400 גרם,טיבון ויל אחזקות בעמ,IL,קבב יווני 400,גרמים,400.00,100 גרם,false,,18.90,0.0472,false,1,109292
7290002715511,false,ארוחת נודלס בטעם בשר מג'יק 70 גרם,טאט הוי פוד בעמ,SG,מרק מג'יק,גרמים,70.00,100 גרם,false,,5.00,0.0714,false,1,109294
7290002715528,false,ארוחת נודלס בטעם ירקות מג'יק 70 גרם,טאט הוי פוד בעמ,SG,מרק מג'יק,גרמים,70.00,100 גרם,false,,5.00,0.0714,false,1,109295
7290002715580,false,ארוחת נודלס בטעם סיני חריף מג'יק 70 גרם,טאט הוי פוד בעמ,SG,מרק מגיק,גרמים,70.00,100 גרם,false,,5.00,0.0714,false,1,109297
7290002730262,false,"נוזל לניקוי כלים קלאסי פלמוליב 750 מ""ל",יבואן ומשווק: ש. שסט,GR,פלמוליב קריסטל,מיליליטרים,750.00,"100 מ""ל",false,,9.90,0.0132,false,1,96345
7290002730675,false,"קולגייט משחת שיניים אדומה משפחתי 100 מ""ל",קולגייט פלמוליב,PL,משחת שיניים קולגייט,מיליליטרים,100.00,"100 מ""ל",false,,10.90,0.1090,false,1,96353
7290002730811,false,"משחת שיניים ג'ל פסים מרעננים קולגייט 100 מ""ל",הנסיך- מפעל לייצור ט,PL,משחת שיניים קולגייט,מיליליטרים,100.00,"100 מ""ל",false,,11.90,0.1190,false,1,96355
7290002730903,false,פלמוליב סבון מוצק ורדים רביעייה * 125 ג',הנסיך- מפעל לייצור ט,TR,סבון פלמוליב מוצ,גרמים,500.00,100 גרם,false,,17.00,0.0340,true,1,96357
7290002730941,false,צמר גפן פרוס בלונס 100 גרם,הנסיך- מפעל לייצור ט,GR,בלונס צמר גפן,גרמים,100.00,100 גרם,false,,5.90,0.0590,true,1,96360
7290002730958,false,סבון מוצק בניחוח זיתים ואלוורה פלמוליב 4*100 גרם,הנסיך- מפעל לייצור ט,TR,סבון פלמוליב מוצ,גרמים,400.00,100 גרם,false,,17.00,0.0425,true,1,96361
7290002735007,false,"בצק עלים מרודד ינון 1 ק""ג",קפוא-זן,,בצק עלים ינון,יחידה,1.00,יחידה,false,,13.90,13.9000,true,1,121393
7290002735014,false,מלווח ארוז ינון 800 גר',ג'נרל מילס סאן אדריא,IL,מלווח ינון,גרמים,800.00,100 גרם,false,,13.90,0.0174,true,1,93041
7290002735021,false,ינון גחנון ארוז 750גר,ג'נרל מילס סאן אדריא,IL,ג'חנון ינון,גרמים,750.00,100 גרם,false,,13.90,0.0185,true,1,93042
7290002735113,false,בורקס גבינה ינון 800 גר,,,בורקס גבינה יינון,גרמים,800.00,100 גרם,false,,16.90,0.0211,true,1,122663
7290002735120,false,"בורקס תפו""א ינון 800 גר",,,"בורקס תפו""א ינון 800",גרמים,800.00,100 גרם,false,,13.90,0.0174,true,1,122664
7290002735205,false,בורקס פיצביס ינון 800 גר',,,בורקס פיצביס ינון,גרמים,800.00,100 גרם,false,,18.90,0.0236,true,1,196665
7290002735274,false,ג'חנון אפוי ינון 600 גרם,ג'נרל מילס סאן אדריא,IL,ג'חנון יינון אפוי 60,גרמים,600.00,100 גרם,false,,16.90,0.0282,true,1,93043
7290002735434,false,בורקס פטריות 800 גר,,,בורקס פטריות 800 גר,גרמים,800.00,100 גרם,false,,19.90,0.0249,true,1,197730
7290002735595,false,בצק פילאס ינון 600 גר',,,בצק פילאס יינון,גרמים,600.00,100 גרם,false,,18.90,0.0315,true,1,207808
7290002735908,false,"מיני בורקס תפו""א ינון",,,"מיני בורקס תפ""א 800",גרמים,800.00,100 גרם,false,,16.90,0.0211,true,1,194730
7290002735915,false,מיני בורקס גבינה ינון,,,מיני בורקס גבינה יינ,גרמים,800.00,100 גרם,false,,17.90,0.0224,true,1,194731
7290002752332,false,"סוכריות מנטוס פירות בגליל, 37.5 גרם",הדקלאים אגודת שיתופי,NL,מנטוס פירות,גרמים,37.50,100 גרם,false,,2.90,0.0773,true,1,102148
7290002752349,false,סוכריות מנטוס מנטה 40יח' בגליל 38ג',פרפטי ואן מלה,NL,מנטוס מנטה,גרמים,37.50,100 גרם,false,,2.90,0.0773,true,1,102149
7290002752493,false,רביעיה סוכריות מנטה 4* 16 ג' טיק טק,קריות זול,EC,טיק טק רביעיה,גרמים,64.00,100 גרם,false,,9.90,0.1547,true,1,102150
7290002753223,false,רביעייה סוכריות תפוז 4*16 ג' טיק טק,קריות זול,EC,טיק טק רביעיה,גרמים,64.00,100 גרם,false,,9.90,0.1547,true,1,102152
7290002753995,false,סוכריות עדשים לקישוט עוגה וורנר 6*25 גרם,היינץ צפון אמריקה מק,DE,קישוטי שוקולד,גרמים,150.00,100 גרם,false,,15.90,0.1060,true,1,102156
7290002757511,false,דלידג קציצות דג לבישול 750 גר קהילות,האי נאם סי או אל.טי.,IL,קציצות דג לבישול,גרמים,750.00,100 גרם,false,,31.90,0.0425,true,1,121640
7290002757528,false,"בורקס פילו תפו""א 700גרם לנדא",שלושת האופים שגמור,IL,שלושת האופים בורקס פ,גרמים,700.00,100 גרם,false,,19.90,0.0284,true,1,121708
7290002757535,false,בורקס פילו אצבעות גבינה 700 ג' שלושת האופים,שלושת האופים שגמור,IL,שלושת האופים בורקס פ,גרמים,700.00,100 גרם,false,,19.90,0.0284,true,1,121709
7290002757665,false,קבב מזרחי טיבון ויל 400 ג',טיבון ויל,IL,קבב מזרחי 400 גר'- 8,גרמים,400.00,100 גרם,false,,11.90,0.0298,true,1,121183
7290002757672,false,המבורגר מזרחי טיבון ויל 400ג',טיבון ויל,IL,המבורגר 400 גר'- 5 י,גרמים,400.00,100 גרם,false,,11.90,0.0298,true,1,121184
7290002768036,false,"מי פה תיאדנט ענק מונע עששת 150מ""ל",אמיליה קוסמטיקס,IL,תיאדנט מיפה ענק,מיליליטרים,150.00,"100 מ""ל",false,,17.90,0.1193,true,1,107891
7290002768043,false,"תיאדנט מי-פה ענק פלאוריד 150 מ""ל",טרופיקל דגיל תעשיות,IL,מי פה ענק+פלואור,מיליליטרים,150.00,"100 מ""ל",false,,17.90,0.1193,true,1,107892
7290002768159,false,"קצף אמבט בת אורן קרליין 500 מ""ל",פארק תעשיות עמק חפרמ,IL,בת אורן,מיליליטרים,500.00,"100 מ""ל",false,,15.90,0.0318,true,1,107894
7290002771104,false,קפה עם הל אל נחלה 500 גרם,מולינו ניקולי s.p.a,IL,קפה שחור אלנחלה 500,גרמים,500.00,100 גרם,false,,29.90,0.0598,false,1,125540
7290002771111,false,קפה עם הל אל נחלה 250 גרם,מולינו ניקולי s.p.a,IL,קפה שחור אלנחלה עם ה,גרמים,250.00,100 גרם,false,,14.90,0.0596,false,1,94687
7290002771128,false,קפה אלנח'לה בלי הל 250 ג',מולינו ניקולי s.p.a,IL,קפה שחור אלנחלה 250,גרמים,250.00,100 גרם,false,,14.90,0.0596,true,1,94688
7290002775010,false,מיני בורקס פילו גבינה שלושת האופים מהדרין 650 ג',שלושת האופים שגמור,IL,מיני בורקס פילו גבינ,גרמים,650.00,100 גרם,false,,19.90,0.0306,true,1,123439
7290002782131,false,"פנינה רוזנבלום - דאודורנט ספריי לאישה מס' 1 150 מ""ל",פנינה רוזנבלום,IL,דאוד'פנינה רוזנב,מיליליטרים,150.00,"100 מ""ל",false,,22.90,0.1527,true,1,107232
7290002782742,false,"פנינה רוזנבלום - דאודורנט ספריי לאישה מס' 2 150 מ""ל",פנינה רוזנבלום,IL,דאו'פנינה ספריי,מיליליטרים,150.00,"100 מ""ל",false,,15.90,0.1060,true,1,107235
7290002782759,false,"פנינה קרם גוף רוזנבלום 400 מ""ל",פנינה רוזנבלום,IL,קרם גוף פנינה,מיליליטרים,400.00,"100 מ""ל",false,,22.90,0.0572,true,1,107236
7290002787884,false,"בורקס מקלות פילו תפו""א 3.האופים 600 ג'",שגמור,IL,"מקלות פילו תפ""א",גרמים,700.00,100 גרם,false,,19.90,0.0284,true,1,187919
7290002787891,false,בורקס מקלות פילו תרד 3.האופים 600 ג',שגמור,IL,מקלות פילו תרד 600 ג,גרמים,600.00,100 גרם,false,,19.90,0.0332,true,1,187603
7290002793311,false,שירות והחלפה מילוי גז 60 סודהסטרים,סודה סטרים,IL,מילוי גז לבלון 60ליט,יחידה,0.00,יחידה,false,,56.90,0.0000,false,1,138454
7290002800361,false,המבורגר מסעדות בואקו,מעדני הטלה,IL,המבורגר מסעדות 500 ג,גרמים,500.00,100 גרם,false,,22.90,0.0458,true,1,134112
7290002808527,false,"חומץ תפוחים טבעי 5% אולד דאצ' 946 מ""ל",אולד דטש,US,חומץ תפוחים,ליטרים,1.00,ליטר,false,,13.90,13.9000,true,1,119862
7290002814016,false,"מסיר שומנים קר מתז סנט מוריץ 750מ""ל","קומפלקס כימיקלים בע""",IL,מסיר שומנים,מיליליטרים,750.00,"100 מ""ל",false,,14.90,0.0199,false,1,111395
7290002814023,false,"אסלונית לניקוי אסלות סנט מוריץ 800 מ""ל","קומפלקס כימיקלים בע""",IL,מבריק אסלות אסלונית,מיליליטרים,750.00,"100 מ""ל",false,,7.90,0.0105,true,1,186701
7290002814054,false,סנט מוריץ מתז אנטרטיק מתז 1 ליטר,"קומפלקס כימיקלים בע""",IL,אנטרטיק במתז 1 ליטר,ליטרים,1.00,ליטר,false,,9.90,9.9000,true,1,207388
7290002814061,false,"ניקוי חלונות סיליקון 750 מ""ל",,,סיליקון חלונות,מיליליטרים,750.00,"100 מ""ל",false,,11.00,0.0147,false,1,111396
7290002814078,false,סנט מוריץ נוזל לניקוי אמבט אנטרטיק 1ל',"קומפלקס כימיקלים בע""",IL,אנטרטיק אסלות,ליטרים,1.00,ליטר,false,,7.90,7.9000,true,1,111397
7290002814283,false,"מילוי מכשיר אוויר 250 מ""ל fashion imagination סנט מוריץ",סורה קוסמטיקס,TR,מטהר אוויר למכשיר או,מיליליטרים,250.00,"100 מ""ל",false,,9.90,0.0396,true,1,262457
7290002814290,false,BLANCO קצף אקונומיקה מרוכז 1 ליטר בניחוח לימון,קומפלקס כימיקלים,IL,קצף מרוכז אקונומיקה,ליטרים,1.00,ליטר,false,,9.90,9.9000,true,1,260473
7290002814405,false,שמפו לכלים לבנדר 1.6 ליטר,,,נוזל כלים 1.5 ליטר ל,ליטרים,1.50,ליטר,false,,9.90,6.6000,true,1,197994
7290002814412,false,סנט מוריץ נוזל כלים 1.6 ליטר לימון ליים 18%,קומפלקס כימיקלים,IL,נוזל כלים 1.5 ליטר ל,ליטרים,1.50,ליטר,false,,9.90,6.6000,true,1,197993
7290002814436,false,סנט מוריץ נוזל כלים 1.6 ליטר לימון 18%,קומפלקס כימיקלים,IL,נוזל כלים 1.5 ליטר ל,ליטרים,1.50,ליטר,false,,9.90,6.6000,true,1,197996
7290002814481,false,עלמה שקיות מזון בקופסא 150 יח' מארז שלישיה,קומפלקס כימיקלים,IL,עלמה שקיות מזון שליש,יחידה,0.00,יחידה,false,,9.90,0.0000,true,1,218171
7290002814498,false,"סנט מוריץ - מרסס חומץ לניקוי כללי 750 מ""ל",קומפלקס כימיקלים,TR,נוזל לניקוי כללי בתו,מיליליטרים,750.00,"100 מ""ל",false,,9.90,0.0132,true,1,214818
7290002814528,false,נוזל לניקוי האסלה סנט מוריץ 1 ליטר,"קומפלקס כימיקלים בע""",IL,סנט מוריץ לאסלה,ליטרים,1.00,ליטר,false,,7.00,7.0000,true,1,111404
7290002814542,false,סנט מוריץ שקיות אשפה 75*90 -25 יח',אסיר פלסט,TR,אשפתון סנט מוריץ 90*,יחידה,0.00,יחידה,false,,9.90,0.0000,true,1,213821
7290002814580,false,טורנדו גרגירים לפתיחת סתימות 200 גרם,"קומפלקס כימיקלים בע""",IL,טורנדו גרגירים לפתיח,גרמים,200.00,100 גרם,false,,12.90,0.0645,true,1,198174
7290002814597,false,סנט מוריץ טורנדו נוזל לפתיחת סתימות 1 לי,קומפלקס כימיקלים,IL,טורנדו נוזל לפתיחת ס,ליטרים,1.00,ליטר,false,,13.90,13.9000,true,1,195453
7290002814603,false,"סנט מוריץ - מרסס מסיר שומנים קר מבושם לימון 750 מ""ל","קומפלקס כימיקלים בע""",IL,מסיר שומנים מבושם 75,מיליליטרים,750.00,"100 מ""ל",false,,11.90,0.0159,false,1,199720
7290002814665,false,סנט מוריץ - מרסס מסיר עובש 1 ליטר,קומפלקס כימיקלים,IL,מסיר עובש 1 ליטר סנט,ליטרים,1.00,ליטר,false,,9.90,9.9000,true,1,219530
7290002814689,false,"נוזל כלים סנט מוריץ בניחוח לימון מארז 750X3מ""ל",סנט מוריץ,IL,נוזל כלים שלישי סנט,ליטרים,2.25,ליטר,false,,17.90,7.9556,true,1,125119
7290002814719,false,נוזל רצפות סנט מוריץ אסלות מאסק 4 ליטר,קומפלקס כימיקלים,IL,נוזל רצפות 4 ליטר מא,ליטרים,4.00,ליטר,false,,13.90,3.4750,true,1,116327
7290002814832,false,סבון אסלה סנט מוריץ כדוריות לוונדר 3 יח,"קומפלקס כימיקלים בע""",TR,כדוריות לאסלה לבנדר,יחידה,0.00,יחידה,false,,9.90,0.0000,true,1,210941
7290002814870,false,"סנט מוריץ - מרסס מסיר שומנים קר מבושם לוונדר\פרחים 750 מ""ל",קומפלקס כימיקלים,IL,מסיר שומנים בניחוח פ,מיליליטרים,750.00,"100 מ""ל",false,,11.90,0.0159,true,1,206155
7290002814887,false,מטליות רצפה לניקוי ובישום סנטמוריץ,,IL,מטליות לחות לניקוי ר,יחידה,0.00,יחידה,false,,9.90,0.0000,true,1,210004
7290002814894,false,קצף אקונומיקה סנט מוריץ לוונדר 1 ליטר,קומפלקס כימיקלים,IL,אקונומיקה קצף ניקוי,ליטרים,1.00,ליטר,false,,9.90,9.9000,true,1,213053
7290002814917,false,סנט מוריץ שמפו רצפות בניחוח לבנדר 4 ליטר,קומפלקס כימיקלים,IL,נוזל לניקוי רצפות 4,ליטרים,4.00,ליטר,false,,13.90,3.4750,true,1,149108
7290002814924,false,תכשיר ניקוי רב תכליתי מרוכז 4 ליטר,קומפלקס,,תכשיר ניקוי מרוכז 4,ליטרים,4.00,ליטר,false,,17.90,4.4750,true,1,116328
7290002814931,false,סנט מוריץ שמפו רצפות בניחוח פרחים 4 ליטר - מרכז,"קומפלקס כימיקלים בע""",IL,סנט מוריץ לרצפות,ליטרים,4.00,ליטר,false,,14.90,3.7250,true,1,111408
7290002814948,false,סנט מוריץ מגבוני דלי לרצפה 50 יחידות עם חור,קומפלקס כימיקלים,IL,מגבונים לריצפה 50 יח,יחידה,0.00,יחידה,false,,29.90,0.0000,true,1,263921
7290002814986,false,סנט מוריץ מגבונים לניקוי כללי בדלי 400 יחידות בריח לימון,קומפלקס כימיקלים,IL,מגבונים לניקוי כללי,יחידה,0.00,יחידה,false,,21.90,0.0000,true,1,263557
7290002824183,false,"גבינה לבנה סקי 500 גרם 5% ""שטראוס"" -מוצר בפיקוח",מיוצר עי קונדיטוריית,IL,גבינת סקי 5% 500 גרם,גרמים,500.00,100 גרם,false,,9.96,0.0199,false,1,95531
7290002824466,false,יוגורט דנונה ביו לבן 0% שומן 200 גרם,"שטראוס בריאות בע""מ",IL,דנונה טבעי 0%,מיליליטרים,200.00,"100 מ""ל",false,,3.50,0.0175,true,1,95532
7290002824640,false,"גבינת סקי 250 גרם 5% ""שטראוס"" -מוצר בפיקוח",מיוצר עי קונדיטוריית,IL,גבינה סקי 5%,גרמים,250.00,100 גרם,false,,4.98,0.0199,false,1,95534
7290002830184,false,פילה לברק קפוא במשקל.,יושלם,CN,פילה לברק 7-9,קילוגרמים,1.00,"ק""ג",true,,51.90,51.9000,true,1,142792
7290002830948,false,גבינת עיזים מותכת 30% מון בלאן 120 גרם,סלס קרית מלאכי ישראל,IL,מון בלאן עיזים 30% -,גרמים,120.00,100 גרם,false,,11.90,0.0992,true,1,127322
7290002842293,false,סרדין מינרבה חריף 120 גרם,יו.אס.איי וליו קו,,סרדינים בשמן חמניות,גרמים,120.00,100 גרם,false,,6.20,0.0517,true,1,111217
7290002842309,false,סרדין מינרבה בשמן 120 גרם,יו.אס.איי וליו קו,,סרדינים מינרבה בשמן,גרמים,82.00,100 גרם,false,,6.20,0.0756,true,1,111218
7290002842415,false,פילה אנשובי אמיתי 50 גרם,יו.אס.איי וליו קו,,פילה אנשובי,גרמים,56.00,100 גרם,false,,6.50,0.1161,true,1,111219
7290002842569,false,משקה קל חמוציות,,,משקה קל חמוציות,ליטרים,1.89,ליטר,false,,21.00,11.1111,true,1,125275
7290002842699,false,יולה מיץ שזיפים יבשים 946 מל,קליפסטאר קונפוריישן,US,מיץ שזיפים יולה ללא,מיליליטרים,946.00,"100 מ""ל",false,,19.90,0.0210,true,1,214556
7290002859512,false,חזה אווז ארוז - 12קג,Unknown,,חזה אווז קפוא,קילוגרמים,1.00,"ק""ג",true,,165.00,165.0000,false,1,150696
7290002868996,false,"קוטג' 5% שומן, רכיבים טבעיים, 250 גרם",קריות זול,IL,קוט'ג ביו 5% טרה,גרמים,250.00,100 גרם,false,,5.90,0.0236,false,1,93243
7290002871248,false,בירה טובורג רד בבקבוק חוזר,מבשלות בירה בינלאומי,IL,טובורג בירה בקבוק 50,מיליליטרים,500.00,"100 מ""ל",false,,7.60,0.0152,false,1,93244
7290002871361,false,"קרלסברג בירה בק.חוזר 500 מ""ל",מבשלות בירה בינלאומי,IL,קרלסברג בירה בקבוק 5,מיליליטרים,500.00,"100 מ""ל",false,,7.60,0.0152,false,1,93245
7290002879299,false,מלפפון מוחמצים בטעם חמוץ מתוק,דדוש דניאל,PL,מלפפונים כבושים,גרמים,860.00,100 גרם,false,,18.90,0.0220,true,1,114561
7290002879305,false,מלפפונים קטנים בחומץ,דדוש דניאל,PL,מלפפונים קטנים ב,גרמים,680.00,100 גרם,false,,19.90,0.0293,true,1,114562
7290002879411,false,מלפפונים פרוסים גריי,פרנצוסקה,PL,סלט מלפפונים חמוץ-מת,גרמים,370.00,100 גרם,false,,13.90,0.0376,true,1,151778
7290002879923,false,צלפים מיניאטורים בחו,,,צלפים מיניאטורים בחו,יחידה,60.00,יחידה,false,,13.90,0.2317,true,1,186005
7290002881209,false,רסק תפוחי עץ דיאט 700 ג' תומר,Geurts conservenfabr,,"רסק תפו""ע 720 גר'",גרמים,720.00,100 גרם,false,,10.90,0.0151,true,1,147914
7290002881216,false,רסק תפוחי עץ דיאט 708 גרם צנצנת,Geurts conservenfabr,,"רסק תפו""ע דיאט 720 ג",גרמים,720.00,100 גרם,false,,10.90,0.0151,true,1,147915
7290002881261,false,"ליצ'י שלם 565 גרם ""תומר""",גיבונג אינדסקיאלס,CN,ליצ'י שלם בסירופ קל,גרמים,230.00,100 גרם,false,,9.40,0.0409,true,1,193881
7290002881278,false,לפתן אפרסק חצאים תומ,אלבס אס.א.גריק,,אפרסק חצאים תומר,גרמים,470.00,100 גרם,false,,9.90,0.0211,true,1,263723
7290002881407,false,נודלס אטריות ביצים דק תומר 400ג',קריות זול,CN,תומר-אטריות ביצים דק,גרמים,400.00,100 גרם,false,,5.90,0.0148,true,1,151284
7290002881414,false,תומר-אטריות ביציםעבו,אופאל,CN,תומר-אטריות ביציםעבו,גרמים,400.00,100 גרם,false,,6.50,0.0163,true,1,157607
7290002881551,false,עלי גפן בשמן זית ממולא 400ג תומר,אסמה תורכיה,IL,תומר-עלי גפן ממולאים,גרמים,345.00,100 גרם,false,,7.50,0.0217,true,1,157608
7290002881865,false,פטריות שמפיניון חתוכות 400 ג' תומר,Prochamp B.V,,פטריות חתוכות תומר,גרמים,230.00,100 גרם,false,,4.90,0.0213,true,1,263975
7290002881933,false,סרדין מרוקאי במי מלח 125 גר' 25X,Union des pecheries,,סרדינים במי מלח תומר,גרמים,90.00,100 גרם,false,,3.90,0.0433,true,1,208334
7290002881940,false,סרדינים מרוקאי בשמן חמניות 125ג' תומר,Union des pecheries,,סרדינים בשמן חמניות,גרמים,125.00,100 גרם,false,,3.90,0.0312,true,1,208326
7290002881957,false,סרדינים מרוקאי חריף בשמן חמניות 125ג' תומר,Union des pecheries,,סרדינים בשמן חמניות,גרמים,90.00,100 גרם,false,,3.90,0.0433,true,1,207362
7290002881964,false,סרדינים מרוקאי ברוטב עגבניות 125ג' תומר,Union des pecheries,MA,סרדין מרוקאי ברוטב ע,גרמים,90.00,100 גרם,false,,3.90,0.0433,true,1,208335
7290002881988,false,סרדין מרוקאי בשמן ולימון 125 ג' תומר,תומר,IL,סרדין מרוקאי בשמן ול,גרמים,90.00,100 גרם,false,,3.90,0.0433,true,1,208327
7290002904694,false,"טיטניום דאודורנט ספריי לגברים 150 מ""ל","אמיליה קוסמטיקס בע""מ",IL,דאוד' טטניום,מיליליטרים,150.00,"100 מ""ל",false,,15.90,0.1060,true,1,107896
7290002909576,false,בשר בקר טחון לקציצות ולקבב 500 ג' 12 יח',יוליניבר,IL,בשר בקר טחון לקציצות,גרמים,500.00,100 גרם,false,,19.90,0.0398,true,1,188737
7290002909804,false,פילה בקלה (מרלוזה ) ללא עור ארגנטיני,אל מאריסקו,AR,פילה בקלה ללא עור,קילוגרמים,1.00,"ק""ג",true,,31.90,31.9000,true,1,194241
7290002909880,false,"פולי סויה - אדממה - 400 גרם (בד""ץ עדה חרדית)",ZHEJIANG,CN,פולי סויה אדממה 400,גרמים,400.00,100 גרם,false,,8.50,0.0213,true,1,194532
7290002909989,false,"שעועית ירוקה חתוכה 800 גר' בד""ץ (ממותג)",,,שעועית ירוקה חתוכה 8,גרמים,800.00,100 גרם,false,,9.90,0.0124,true,1,199257
7290002909996,false,שעועית צהובה שלמה בלדי 800 גר',,,שעועית צהובה שלמה 80,גרמים,800.00,100 גרם,false,,9.90,0.0124,true,1,199252
7290002911029,false,דבש החורש צנצנת 350,,,דבש 350גר,יחידה,0.00,יחידה,false,,16.90,0.0000,true,1,102495
7290002911043,false,צנצנת דבש החורש 1000,,,"דבש חורש 1 ק""ג",קילוגרמים,1.00,"ק""ג",false,,41.90,41.9000,true,1,102497
7290002919803,false,סרדין שלם ארוז,,,סרדין שלם ארוז,קילוגרמים,1.00,"ק""ג",true,,18.90,18.9000,true,1,263543
7290002921165,false,"הזלין ספריי לניקוי מוצרי עור 400 מ""ל",קריות זול,DE,הזלין חלב עור,מיליליטרים,400.00,"100 מ""ל",false,,34.90,0.0872,true,1,103335
7290002921233,false,"קרבונה ניקוי יבש לכתמים שומניים 200 מ""ל",מנדלז סי.אר. פרודקשן,ES,קרבונה כתמים,גרמים,200.00,100 גרם,false,,24.90,0.1245,true,1,103337
7290002921240,false,"קרבונה שמפוזר לניקוי שטיחים וריפוד יעקבי 650 מ""ל",קרבונה Carbona,MX,שמפוזר,מיליליטרים,650.00,"100 מ""ל",false,,28.90,0.0445,true,1,103338
7290002921332,false,סבון פלא אסטוניש מסיר כתמים 75גר,יעקובי אסטוניש,,סבון אסטוניש,גרמים,75.00,100 גרם,false,,15.90,0.2120,true,1,103339
7290002921349,false,לוקטייט סופר גלו 3 - זוגי,יעקובי סופר גלו,TR,סופר גלו,יחידה,0.00,יחידה,false,,13.90,0.0000,true,1,103340
7290002922117,false,מקלות קינמון וסוכר חום,אקלר,,עוגיות בראוניס אקלר,גרמים,400.00,100 גרם,false,,23.90,0.0597,true,1,109773
7290002925729,false,"גם וגם משחת שיניים כחול ומי פה בטעם פפרמינט 120 מ""ל","אמיליה קוסמטיקס בע""מ",IL,משחת שיניים גםגם,מיליליטרים,120.00,"100 מ""ל",false,,14.90,0.1242,true,1,107897
7290002925798,false,"גם וגם משחת שיניים ירוק מי פה לייט 120 מ""ל",אמיליה קוסמטיקס,IL,גם וגם ירוק,גרמים,120.00,100 גרם,false,,14.90,0.1242,true,1,107898
7290002929512,false,שלושת האופים פלאפל 5,האי נאם סי או אל.טי.,IL,כדורי פלאפל 500 גר,גרמים,500.00,100 גרם,false,,12.90,0.0258,true,1,186508
7290002929536,false,שלושת האופים קובה למ,האי נאם סי או אל.טי.,IL,קובה למרק 600 גר,גרמים,600.00,גרם,false,,12.90,0.0215,true,1,186510
7290002929642,false,טונה ויליגר 392 גרם בשמן רביעייה,דיאמנט פוד פרודקט קו,TH,טונה ויליגר בשמן 4*1,גרמים,560.00,100 גרם,false,,18.90,0.0337,false,1,149511
7290002946700,false,"מדליק פחמים נוזלי הנמל 200מ""ל","ויק ליין תעשיות בע""מ",IL,מצית פחם נוזלי,יחידה,0.00,יחידה,false,,11.90,0.0000,true,1,115630
7290002954187,false,"אורז יסמין 5 ק""ג שוקחה",בני ג'ורג' שוקחה חיפ,IN,אורז יסמין 5קג,קילוגרמים,5.00,"ק""ג",false,,42.90,8.5800,true,1,135144
7290002954200,false,"אורז יסמין 1 ק""ג שוקחה",בני ג'ורג' שוקחה חיפ,,אורז יסמין 1 קג,קילוגרמים,1.00,"ק""ג",false,,9.90,9.9000,true,1,187258
7290002954460,false,"Sunwhite אורז אוסטרלי עגול לסושי-1 ק""ג",בני ג'ורג' שוקחה חיפ,AU,אורז חצי עגול,יחידה,1.00,יחידה,false,,11.90,11.9000,true,1,111228
7290002970606,false,מזלג יוקרתי שקוף 50,,,מזלגות 100 יח',יחידה,0.00,יחידה,false,,4.50,0.0000,true,1,226281
7290002973218,false,מחלבנה פטה יווני 400ג,סולי מאזו,HU,פטה יווני מחלבנה 400,גרמים,400.00,100 גרם,false,,18.00,0.0450,true,1,119473
7290002987963,false,"סלט חומוס אחלה 1 ק""ג",מיוצר עי קונדיטוריית,IL,"חומוס אחלה 1 ק""ג",גרמים,1.00,גרם,false,,13.90,13.9000,false,1,95539
7290002994329,false,לחם אחיד פרוס אגמי,מאפיית אגמי,IL,לחם אחיד פרוס אגמי,גרמים,750.00,100 גרם,false,,6.90,0.0092,false,1,100441
7290002994619,false,לחם מקמח מלא קל,מאפיית אגמי,IL,לחם קל,גרמים,500.00,100 גרם,false,,13.90,0.0278,true,1,160365
7290002994794,false,חלה קלה ארוזה אגמי,מאפיית אגמי,,חלה קלה אגמי,גרמים,500.00,100 גרם,false,,13.90,0.0278,true,1,198988
7290003009183,false,"סירופ דיאט תפוחים פריגת 750 מ""ל",סירופ - גבעת חיים,IL,סירופ דיאט תפוחים 75,יחידה,750.00,יחידה,false,,22.90,0.0305,true,1,93258
7290003009312,false,בוטן קלוי קלית גת 200 ג',הדקלאים אגודת שיתופי,IL,בוטן קלוי 200 גר,גרמים,200.00,100 גרם,false,,6.90,0.0345,true,1,102157
7290003009329,false,בוטן אמריקאי קלית גת 200 ג',הדקלאים אגודת שיתופי,IL,בוטן אמריקאי 200,גרמים,200.00,100 גרם,false,,5.90,0.0295,true,1,102158
7290003009336,false,קבוקים קליית גת 200 גרם,הדקלאים אגודת שיתופי,IL,קבוקים גת 200 גר,גרמים,200.00,100 גרם,false,,5.90,0.0295,true,1,102159
7290003009596,false,"סירופ דיאט אשכוליות פריגת 750 מ""ל",סירופ - גבעת חיים,IL,סירופ דיאט אשכוליות,יחידה,750.00,יחידה,false,,22.90,0.0305,false,1,93268
7290003009640,false,מיץ תפוזים סחוט רכיבים טבעיים פריגת 1 ליטר,פריגת מצוננים,IL,פריגת סחוט תפוז 1 לי,ליטרים,1.00,ליטר,false,,16.00,16.0000,false,1,93273
7290003013128,false,פתיל צף מתומן כ-50 יחידות שלהבת,שלהבת,,פתיל צף,יחידה,0.00,יחידה,false,,3.50,0.0000,true,1,215210
7290003015627,false,"נוזל רצפות אפרסק 2 ליטר ""ריצפז פרש""","סנו מפעלי ברונוס בע""",IL,ריצפז פרש אפרסק 2ל',ליטרים,2.00,ליטר,false,,17.90,8.9500,false,1,108355
7290003015634,false,"נוזל רצפות פסיפלורה 2 ליטר ""ריצפז פרש""",קריות זול,IL,ריצפז פרש פסיפלורה 2,ליטרים,2.00,ליטר,false,,17.90,8.9500,false,1,108356
7290003015641,false,"נוזל רצפות יסמין 2 ליטר ""ריצפז פרש""",קריות זול,IL,ריצפז פרש יסמין 2 לי,ליטרים,2.00,ליטר,false,,17.90,8.9500,false,1,108357
7290003015672,false,סנו סופט מפיות צבעוניות חלקות 50 יחידות,סנו סופט,IL,סופט מפיות צבעונ,גרמים,194.00,100 גרם,false,,9.00,0.0464,true,1,139218
7290003015917,false,סנומט רולון דוחה יתוש אישי עם אלוורה 50מ,סנומט,,סנומט מגן רול און,יחידה,50.00,יחידה,false,,19.90,0.3980,true,1,108361
7290003023196,false,"משקה יטבתה מוקה שקית 225 מ""ל",שטראוס גרופ,IL,מוקה שקית 250,יחידה,225.00,יחידה,false,,2.60,0.0116,true,1,95541
7290003026029,false,"ד""ר פישר - קמיל בלו סנסיטיב שמפו אלדמע 500 מ""ל","ד""ר פישר Dr fischer",IL,קמיל בלו שמפו צהוב ס,יחידה,500.00,יחידה,false,,17.90,0.0358,true,1,100164
7290003026036,false,"ד""ר פישר - קמיל בלו סנסיטיב אל סבון עדין לתינוק 1 ליטר","ד""ר פישר Dr fischer",IL,קמיל בלו סנסיטיב ורו,ליטרים,1.00,ליטר,false,,29.90,29.9000,true,1,100165
7290003026197,false,קמיל בלו סנסיטיב שמן טיפולי לתינוק 500 מ,"ד""ר פישר Dr fischer",IL,קמיל פלוס שמן,גרמים,520.00,100 גרם,false,,24.90,0.0479,true,1,100166
7290003026234,false,"ד""ר פישר - קמיל בלו תחליב לתינוק 500 מ""ל",פישר מעבדות פרמצבטיו,IL,קמיל תחליב לתינוק הי,יחידה,500.00,יחידה,false,,29.90,0.0598,true,1,100168
7290003029181,false,משקה יטבתה שוקו' בקבוק 1ל מהדרין,שטראוס גרופ,IL,שוקו 2% - 1 ליטר,ליטרים,1.00,ליטר,false,,11.80,11.8000,false,1,95545
7290003029372,false,משקה חלב בטעם בננה יטבתה 1 ליטר,שטראוס גרופ,IL,משקה חלב בננה 2% - 1,ליטרים,1.00,ליטר,false,,11.80,11.8000,false,1,95550
7290003029389,false,"משקה חלב בננה פקק ספורט 250 מ""ל יוטבתה",שטראוס גרופ,IL,משקה חלב בננה 2%,מיליליטרים,250.00,"100 מ""ל",false,,5.20,0.0208,true,1,95551
7290003029433,false,"משקה יטבתה שוקו פקק 250 מ""ל מהדרין",שטראוס גרופ,IL,שוקו יטבתה בקבוק 2%,מיליליטרים,250.00,"100 מ""ל",false,,5.20,0.0208,true,1,95555
7290003029532,false,משקה מוקה יטבתה 1 ליטר מהדרין,שטראוס גרופ,IL,מוקה יטבתה 2% - 1 לי,ליטרים,1.00,ליטר,false,,11.80,11.8000,false,1,95558
7290003029617,false,יטבתה שמנת מנה אישית 15% 125מל,שטראוס גרופ,IL,שמנת מנה אישית 15%,מיליליטרים,125.00,"100 מ""ל",false,,1.90,0.0152,false,1,120762
7290003029792,false,"משקה יטבתה שוקו שקיות מהדרין מארז 225X8מ""ל",שטראוס גרופ,IL,שוקו מארז שמינייה 2%,ליטרים,1.80,ליטר,false,,19.90,11.0556,false,1,95566
7290003029815,false,חלב יוטבתה מועשר 3% בכד 2ל',שטראוס גרופ,IL,חלב יטבתה 3% - 2 ליט,ליטרים,2.00,ליטר,false,,15.20,7.6000,false,1,95568
7290003029884,false,"משקה יטבתה מוקה שקיות מארז 225X6מ""ל",שטראוס גרופ,IL,מארז שקיות מוקה,ליטרים,1.35,ליטר,false,,15.90,11.7778,true,1,95571
7290003029907,false,אייס קפה יטבתה 1 ליטר מהדרין,שטראוס גרופ,IL,קפה יטבתה 2% 1 ליטר,ליטרים,1.00,ליטר,false,,11.80,11.8000,false,1,95573
7290003054183,false,מסטמכר לחם שיפון מלא 500ג,מרום את קונפינו,DE,לחם שיפון מלא,גרמים,500.00,100 גרם,false,,12.90,0.0258,true,1,111235
7290003054190,false,מסטמכר לחם שיפון עם שלושה דגנים 500ג,מרום את קונפינו,DE,לחם שיפון,גרמים,500.00,100 גרם,false,,12.90,0.0258,true,1,111236
7290003054213,false,מסטמכר לחם שיפון כפרי 500ג,מרום את קונפינו,DE,לחם שיפון,גרמים,500.00,100 גרם,false,,12.90,0.0258,true,1,111238
7290003054220,false,מסטמכר לחם שיפון פומפרניקל 500ג,מסטמאכר ג'.אמ.בי.הי,DE,לחם שיפון פומפרנ,גרמים,500.00,100 גרם,false,,12.90,0.0258,true,1,111239
7290003054657,false,חרדל ריין דיז'ון אקסטרא פורטה 370 גרם,מרום את קונפינו,FR,חרדל דיזו'ן 350 גרם,גרמים,350.00,100 גרם,false,,10.90,0.0311,true,1,111242
7290003054725,false,חרדל אנגלי קולמנס 100 גרם,,,חרדל אנגלי,גרמים,100.00,100 גרם,false,,12.50,0.1250,true,1,111246
7290003069583,false,סטייק סלמון דלידג קפ,דלידג,IL,סטייק סלמון נורווגי,קילוגרמים,1.00,"ק""ג",true,,69.90,69.9000,true,1,135311
7290003069590,false,פילה סול ארוז קפוא 1,דאליאן גואופו אקאטיק,CN,סול ארוז,יחידה,1.00,יחידה,false,,37.90,37.9000,true,1,130217
7290003069682,false,בצק פילאס קפוא 500 גרם שלושת האופים,שלושת האופים שגמור,IL,בצק פילאס 500גר,גרמים,500.00,100 גרם,false,,18.90,0.0378,true,1,130315
7290003069705,false,"פיצה אישית גבינה דק 80 ג' תפזורת בד""צ",שלושת האופים,IL,"פיצה אישית גבינה בד""",גרמים,100.00,100 גרם,false,,2.40,0.0240,false,1,197535
7290003072200,false,פסטרמה בסגנון מקסיקנ,טירת צבי,,פסטרמה בסגנון מקסיקנ,קילוגרמים,1.00,"ק""ג",true,,84.90,84.9000,false,1,196259
7290003094585,false,קוויאר אדום גולד זכו,,,קוויאר אדום גולד 90,גרמים,90.00,100 גרם,false,,35.90,0.3989,true,1,214629
7290003102068,false,צימרוני אוזניים מעץ 100 יח',כוטון סופט,,צימרוני אוזניים מעץ,יחידה,0.00,יחידה,false,,1.50,0.0000,true,1,263561
7290003102136,false,צמר גפן COTTON SOFT רפואי 100 גר' 3102136,הדקלאים אגודת שיתופי,TR,צמר גפן 100 גר',גרמים,100.00,100 גרם,false,,4.50,0.0450,true,1,191268
7290003103287,false,גבינת פטינה ארלה,,,גבינת פטינה ארלה,קילוגרמים,1.00,"ק""ג",true,,37.00,37.0000,true,1,208164
7290003105809,false,גבינת בלוז כחולה במ,,,גבינת בלוז כחולה במ,קילוגרמים,1.00,"ק""ג",true,,89.90,89.9000,true,1,208165
7290003109265,false,עוגיות מרוקאיות 400,קונדיטורית יוסופוב י,,עוגיות מרוקאיות.,גרמים,500.00,100 גרם,false,,16.90,0.0338,true,1,109775
7290003121083,false,ארוחת נודלס בטעם בשר מג'יק 85 גרם,טאט הוי פוד בעמ,SG,מג'יק בשר שקית,גרמים,85.00,100 גרם,false,,2.70,0.0318,true,1,109307
7290003121090,false,ארוחת נודלס בטעם ירקות מג'יק 85 גרם,זנטי אס. אי לאלין,SG,מג'יק ירקות שקית,גרמים,85.00,100 גרם,false,,2.70,0.0318,false,1,109308
7290003121106,false,ארוחת נודלס בטעם עוף מג'יק 85 גרם,"טאט פוד הוי בע""מ",SG,מג'יק עוף שקית,גרמים,85.00,100 גרם,false,,2.70,0.0318,true,1,109309
7290003126712,false,יוגורט עיזים מחלב מלא 3.7% משק צוריאל 150 גרם,מחלבת משק צוריאל,IL,יוגורט עיזים מחלב מל,מיליליטרים,140.00,"100 מ""ל",false,,6.20,0.0443,true,1,118828
7290003126958,false,טופו גבינה גוש בואקום צוריאל 300 ג',א.י.ן תעשיות מזון בע,IL,טופו צוריאל 9%,גרמים,300.00,100 גרם,false,,12.00,0.0400,true,1,111568
7290003133123,false,לחם זהב עגול אוקראיני 750 ג',מאפיית דוידוביץ ובני,IL,לחם רוסי זהב עגול דו,גרמים,750.00,100 גרם,false,,12.90,0.0172,true,1,102533
7290003137343,false,שניצל הודו טרי,,,שניצל הודו טרי,קילוגרמים,1.00,"ק""ג",true,,34.90,34.9000,false,1,199007
7290003141159,false,יוגטה מרשמלו ממתק מוקצף בטעמי תות שדה ווניל 180 גרם,מוטקה החולב,IL,מרשמלו יוגטה,יחידה,0.00,יחידה,false,,8.50,0.0000,true,1,140527
7290003142361,false,הוטפופ מתוק/מלוח 5 שקיות 500 ג',הוט פופ,US,הוטפופ מתוק מלוח,גרמים,500.00,100 גרם,false,,15.00,0.0300,true,1,210195
7290003142422,false,גרעיני חמניה בשקית ללא מלח קליית גת 180 גרם,"ג'י אנד ג'י בע""מ",IL,גרעיני חמניה ללא מלח,גרמים,180.00,100 גרם,false,,6.00,0.0333,true,1,134724
7290003142477,false,ערמונים קלופים וקלויים 100 גרם,הדקלאים אגודת שיתופי,IL,ערמונים קלופים וקלוי,גרמים,100.00,100 גרם,false,,6.40,0.0640,true,1,139363
7290003143276,false,יוגטה מרשמלו ממתק מוקצף בטעם תות שדה 180 גרם,תות ממתקי איכות,IL,מרשמלו רול 180 גר' י,גרמים,180.00,100 גרם,false,,8.50,0.0472,true,1,144868
7290003144310,false,תערובת אגוזים וחמוציות קליית גת 150 גרם,ליימן מותגים,IL,תערובת אגוזים וחמוצי,גרמים,150.00,100 גרם,false,,16.50,0.1100,true,1,188769
7290003145751,false,"קליית גת אגוזי קלויים, 200 גרם",הדקלאים אגודת שיתופי,IL,קשיו קלוי 200 גר',גרמים,200.00,100 גרם,false,,18.00,0.0900,true,1,119757
7290003145782,false,צנובר רכיבים טבעיים קליית גת 100 גרם,הדקלאים אגודת שיתופי,IL,צנובר טבעי 100ג',גרמים,100.00,100 גרם,false,,23.90,0.2390,true,1,123262
7290003145959,false,פקאן טבעי 150 גרם קליית גת,ליימן מותגים,IL,פקאן טבעי 150גר גת,גרמים,150.00,100 גרם,false,,18.90,0.1260,true,1,136225
7290003185719,false,קבב רומני טיבון ויל 500 גרם,טיבון ויל אחזקות בעמ,IL,קבב רומני 400 גר,גרמים,500.00,100 גרם,false,,18.90,0.0378,false,1,109310
7290003185726,false,קבב מזרחי טיבון ויל 500 גרם,טיבון ויל אחזקות בעמ,IL,קבב מזרחי 500 גר',גרמים,500.00,100 גרם,false,,18.90,0.0378,false,1,109311
7290003187140,false,סינטה מוכשר ארגנטינה,אל גאוצו',,סינטה מוכשר ארגנטינה,קילוגרמים,1.00,"ק""ג",true,,110.00,110.0000,false,1,109081
7290003187843,false,עגל טחון טיבון ויל 500 גרם,מולינו ניקולי s.p.a,IL,בקר 100% טחון עגל טי,גרמים,500.00,100 גרם,false,,25.90,0.0518,true,1,109319
7290003189274,false,מעושנת בסיגנון גבינה,צי תעשיות מזון יבנה,IL,גבינה מעושנת,קילוגרמים,1.00,"ק""ג",true,,41.90,41.9000,true,1,109665
7290003208586,false,"וורמוט מרטיני לבן 750 מ""ל",מרטיני ורוסי,IT,מרטיני ביאנקו,מיליליטרים,750.00,"100 מ""ל",false,,44.90,0.0599,true,1,124873
7290003208609,false,"וורמוט מרטיני אדום מתוק 750 מ""ל",מרטיני ורוסי,IT,מרטיני רוסו,יחידה,750.00,יחידה,false,,44.90,0.0599,true,1,124874
7290003219100,false,ג'מבו ספריי תחזו,יעקובי,,ג'מבו ספריי תחזו,יחידה,0.00,יחידה,false,,19.90,0.0000,true,1,164416
7290003219766,false,טורבול סופג לחות יעקבי,יעקובי,,שלישית מילוי טור,ליטרים,1.02,ליטר,false,,34.90,34.2157,true,1,103344
7290003222070,false,פיתות מאפיית המכבים,מאפיית המכבים,IL,פיתות 13 יח',יחידה,0.00,יחידה,false,,11.90,0.0000,true,1,196496
7290003222094,false,מארז פיתות ביס עבודת,מאפיית טעמי הכפר,IL,פיתה ביס,יחידה,0.00,יחידה,false,,11.90,0.0000,true,1,193165
7290003222797,false,פיתות כוסמין המכבים,מאפיית המכבים,IL,פיתות מקמח כוסמין 10,גרמים,600.00,100 גרם,false,,13.50,0.0225,true,1,196972
7290003224036,false,אוכמניות כחולות גולוביקה,מאמא מרי,US,אוכמניות כחולות 300,גרמים,700.00,100 גרם,false,,16.90,0.0241,true,1,122287
7290003224128,false,"כיסונים תפו""א 800 ג' מאמא מרי",מאמא מרי,,"כיסונים תפו""א",גרמים,800.00,100 גרם,false,,17.90,0.0224,true,1,102461
7290003224135,false,כיסונים עם בשר 800 ג,מאמא מרי,,כיסונים בשר 800 גר,גרמים,800.00,100 גרם,false,,21.90,0.0274,true,1,213271
7290003224173,false,בלינצ'יס פטריות 7 יחידות,"מאמא מרי בע""מ",IL,בלינצ'ס פטריות,גרמים,700.00,100 גרם,false,,15.90,0.0227,true,1,141581
7290003224265,false,קרפלך כיסונים במילוי,מאמא מרי,IL,קרפלך במילוי בשר בקר,גרמים,800.00,100 גרם,false,,26.90,0.0336,true,1,216684
7290003224272,false,"כיסונים בשר מוסקובסקי מאמא מרי 1 ק""ג",מאמא מרי,,כיסוני בשר מוסקובסקי,קילוגרמים,1.00,"ק""ג",false,,29.90,29.9000,true,1,102465
7290003224340,false,"קלוקווא רוסי(סיבירי)300 ג""ר חמוציות",מאמא מרי,IL,חמוציות קפואות,גרמים,300.00,100 גרם,false,,17.90,0.0597,true,1,112333
7290003224456,false,"כיסונים בשר סיבירסקי מאמא מרי 1 ק""ג",מאמא מרי,,כיסוני בשר סיבירסקי,קילוגרמים,1.00,"ק""ג",false,,26.90,26.9000,true,1,102468
7290003224463,false,"כיסונים בשר - אוקראינסקי 1 ק""ג",מאמא מרי,,כיסוני בשר אוקראינסק,קילוגרמים,1.00,"ק""ג",false,,26.90,26.9000,true,1,102469
7290003224470,false,כיסונים בשר - קייבסקי 1 קג,מאמא מרי,IL,כיסונים בשר קייבסקי,קילוגרמים,1.00,"ק""ג",false,,26.90,26.9000,true,1,102470
7290003224500,false,צ'רניקה אוכמניות שחורות,מאמא מרי,,אוכמניות שחורות 300ג,גרמים,300.00,100 גרם,false,,17.90,0.0597,true,1,119107
7290003224654,false,מיקס פירות יער 380 גרם,מאמא מרי,IL,מיקס פירות יער קפוא,גרמים,300.00,100 גרם,false,,11.90,0.0397,true,1,102472
7290003224708,false,בלינצס בטעם גבינה מתוקה וצימוקים 400 גרם,מאמא מרי,IL,בלינצ'ס גבינה מאמא מ,גרמים,400.00,100 גרם,false,,19.90,0.0497,true,1,233412
7290003224746,false,פירות יער דמדמניות שחורות קפוא 300 גר,מאמא מרי,IL,דומדמניות שחורות 300,גרמים,300.00,100 גרם,false,,11.90,0.0397,true,1,102473
7290003224784,false,בלינצ'ס עם דובדבנים 7 יחידות,מאמא מרי,IL,בלינצ'ס עם דובדבנים,גרמים,700.00,100 גרם,false,,16.90,0.0241,true,1,123965
7290003224944,false,אוכמניות צהובות 300 גר,מאמא מרי,IL,אוכמניות צהובות,גרמים,300.00,100 גרם,false,,15.90,0.0530,true,1,190711
7290003229109,false,פסטרמה הודו בפפריקה טירת צבי 400 גרם,הנסיך- מפעל לייצור ט,IL,פסטרמה בפפריקה,גרמים,400.00,100 גרם,false,,31.90,0.0797,true,1,97814
7290003229116,false,פסטרמה הודו בדבש 3% טירת צבי 400 גרם,הנסיך- מפעל לייצור ט,IL,פסטרמה בדבש טירת,גרמים,400.00,100 גרם,false,,31.90,0.0797,true,1,97815
7290003229123,false,פסטרמה הודו על גחלים 2% טירת צבי 400 גרם,הנסיך- מפעל לייצור ט,IL,פסטרמה גחלים טיר,גרמים,400.00,100 גרם,false,,31.90,0.0797,true,1,97816
7290003229147,false,נקניק סלמי איטלקי מעושן טירת צבי 300 גרם,הנסיך- מפעל לייצור ט,IL,סלמי איטלקי 300,גרמים,300.00,100 גרם,false,,31.90,0.1063,true,1,97818
7290003229154,false,נקניק סלמי קוניאק טירת צבי 300 גרם,הנסיך- מפעל לייצור ט,IL,סלמי קוניאק 300,גרמים,300.00,100 גרם,false,,31.90,0.1063,true,1,97819
7290003229192,false,נקניק כתף בקר מעושן 2% טירת צבי 400 גרם,טיב טירת צבי 2000,IL,א.מ. כתף בקר מעושן 4,גרמים,400.00,100 גרם,false,,31.90,0.0797,true,1,97822
7290003229215,false,פסטרמה איטלקית 3.5% טירת צבי 360 גרם,טירת- צבי,IL,פסטרמה איטלקית 360 ג,גרמים,360.00,100 גרם,false,,31.90,0.0886,true,1,97824
7290003229222,false,סלמי תה משובח 300 גרטירת צבי,הנסיך- מפעל לייצור ט,IL,סלמי תה טירת צבי,גרמים,300.00,100 גרם,false,,23.90,0.0797,true,1,127383
7290003251018,false,"קרם ידיים/רגליים סיליקון טיובה 200 מ""ל",ש.שוורץ,,קרם ידיים/רגליים,מיליליטרים,200.00,"100 מ""ל",false,,14.90,0.0745,true,1,139509
7290003251087,false,שעווה טבעית לפנים שוורץ בגוש 100גר,שוורץ,IL,שעווה טבעית לפני,גרמים,100.00,100 גרם,false,,12.90,0.1290,true,1,196668
7290003251148,false,נייר שעווה 50 דפים,ש.שוורץ,IL,נייר שעווה 50 דפים,יחידה,0.00,יחידה,false,,21.90,0.0000,true,1,182248
7290003251506,false,קרם לחות לפנים,,,קרם לחות לפנים,מיליליטרים,50.00,"100 מ""ל",false,,49.90,0.9980,true,1,144860
7290003258284,false,"קרם גוף מס' 3 350 מ""ל פנינה רוזנבלום",פנינה רוזנבלום,IL,קרם גוף,מיליליטרים,400.00,"100 מ""ל",false,,31.90,0.0797,true,1,124457
7290003258291,false,"דאודורנט ספריי לנשים 150 מ""ל פנינה רוזנבלום",פנינה רוזנבלום,IL,דאוד' פנינה,גרמים,100.00,100 גרם,false,,15.90,0.1590,true,1,107237
7290003268252,false,לחם חיטה מלא לילדים 750 ג' דגנית עין בר,יוניליוור גרמניה Gm,IL,לחם חיטה מלא ללא גרע,גרמים,750.00,100 גרם,false,,13.90,0.0185,false,1,187390
7290003268429,false,לחם ירוק מקמח מלא 750 ג' דגנית עין בר,מולינו ניקולי s.p.a,IL,לחם ירוק מקמח מלא,גרמים,750.00,100 גרם,false,,14.90,0.0199,true,1,148139
7290003287055,false,שיפודי פרגיות בלדי ק,בלדי,IL,שיפודי פרגיות בלדי ק,גרמים,500.00,100 גרם,false,,42.90,0.0858,true,1,135215
7290003287215,false,גולש בקר קפוא ארוז 800 ג',בלדי,,גולש בקר קפוא ארוז-,גרמים,800.00,100 גרם,false,,34.90,0.0436,false,1,135108
7290003287253,false,נקנקיות מרגז בלאדי 500 ג',קרלו,IL,מרגז בלדי קצביה ארוז,גרמים,500.00,100 גרם,false,,26.90,0.0538,true,1,135949
7290003287260,false,נקניקיות צ'וריסוס ארוז קפוא בלדי 600 ג',בלדי,IL,צ'וריסוס קצביה בלדי,גרמים,600.00,100 גרם,false,,26.90,0.0448,false,1,136237
7290003287284,false,קבב ביתי קצביה ארוז 600 ג' - 8 יח',בלדי,IL,קבב ביתי קצביה ארוז,גרמים,600.00,100 גרם,false,,26.90,0.0448,false,1,135938
7290003287291,false,קבב טלה וצנובר קצביה ארוז 600 ג' - 8 יח',יוליניבר,IL,קבב טלה וצנובר בלדי,גרמים,600.00,100 גרם,false,,25.90,0.0432,false,1,136238
7290003287307,false,קבב רומני קצביה ארוז 600 ג' - 8 יח',בלדי,,קבב רומני קצביה 600,גרמים,600.00,100 גרם,false,,25.90,0.0432,false,1,136406
7290003287314,false,קבב על מקל קינמון קצביה ארוז 520 ג' - 8 יח',בלדי,,קבב על מקל קינמון קצ,גרמים,520.00,100 גרם,false,,25.90,0.0498,true,1,201712
7290003287956,false,בלדי פילה לברק יפני 5-7 בוואקום,בלדי פרטי,,פילה לברק 5-7 בוואקו,קילוגרמים,1.00,"ק""ג",true,,43.90,43.9000,true,1,148761
7290003318100,false,וופל בטעם שוקולד מנעמים 200 ג',מנעמים תעשיות מזון,IL,וופל שוקולד 200,גרמים,250.00,100 גרם,false,,3.50,0.0140,false,1,97393
7290003318131,false,ופל קלאסיק אגוז 200 גרם מנעמים,מנעמים תעשיות מזון,IL,ופל מנעמים אגוזים,גרמים,200.00,100 גרם,false,,3.50,0.0175,false,1,122368
7290003318155,false,וופל טעם לימון מנעמים 200 ג',מנעמים תעשיות מזון,IL,וופל לימון 200 גר,גרמים,250.00,100 גרם,false,,3.50,0.0140,false,1,97394
7290003319138,false,גפילטע פיש 6 קציצות הדג המיוחד 540 ג' PL,הדג המיוחד,IL,גפילטע פיש צנצנת,גרמים,330.00,100 גרם,false,,17.90,0.0542,true,1,98072
7290003321155,false,יוגורט בר עם פקאן מצופה שוקולד 183 ג' דנונה,"שטראוס בריאות בע""מ",IL,דנונה קראנצ' שבבי פק,מיליליטרים,175.00,"100 מ""ל",false,,4.60,0.0263,false,1,95575
7290003321292,false,גבינה לבנה 9% שומן 250 ג' שטראוס,מיוצר עי קונדיטוריית,IL,סקי 9%,גרמים,250.00,100 גרם,false,,4.75,0.0190,false,1,95576
7290003364008,false,מטקות חלולות בתיק PVC/ צעצועי דורון קב 8,צעצועי דורון,,צעצועי דורון,יחידה,0.00,יחידה,false,,49.90,0.0000,true,1,127594
7290003364107,false,צעצועים שונים 7,General,,צעצועי דורון,יחידה,0.00,יחידה,false,,39.90,0.0000,true,1,127596
7290003364343,false,צעצועים/אביזרי ים שו,צעצועי דורון,,משחק פעילות,יחידה,0.00,יחידה,false,,19.90,0.0000,true,1,127561
7290003364398,false,כלי תחבורה מיוחד,General,CN,ג'יפ מסילה זוהרת,יחידה,0.00,יחידה,false,,44.90,0.0000,true,1,206690
7290003364428,false,בובה מיוחדת קבוצה 8,צעצועי דורון,,בובה מיוחדת,יחידה,0.00,יחידה,false,,49.90,0.0000,true,1,127598
7290003364794,false,פרוות מבצע ש.,צעצועי דורון,,חיות פרווה,יחידה,0.00,יחידה,false,,26.90,0.0000,true,1,127569
7290003364978,false,בייבליידס בקופסה.,,CN,בייבליידס בקופסה.,יחידה,0.00,יחידה,false,,49.90,0.0000,true,1,260246
7290003387373,false,דאודורנט ספיד סטיק בסיסי קלאסי פרש ספורט לגבר,הנסיך- מפעל לייצור ט,US,ספיד סטיק סטיק,גרמים,70.00,100 גרם,false,,19.90,0.2843,true,1,96367
7290003387410,false,בלונס פדים להסרת איפור שלישייה,SEPTONA S.A.,GR,בלונס מסיר איפור שלש,יחידה,0.00,יחידה,false,,21.90,0.0000,true,1,122493
7290003400500,false,חטיף הרשי ריזס נאטרייגיס 47 גרם,ליימן מותגים,US,חטיף נאטרייג'ס קרמל,גרמים,47.00,100 גרם,false,,4.50,0.0957,true,1,145221
7290003401635,false,נטורל פורמולה לחות מעצבת לפתיחת תלתלים,מיוצר עי אמיליה קוסמ,IL,לחות לפתיחת תלתלים 4,מיליליטרים,400.00,"100 מ""ל",false,,25.90,0.0647,true,1,107904
7290003402809,false,חטיף הרשי ריזס שוקולד לבן 39 גר,ליימן מותגים,US,ריזס לבן 39 גר',גרמים,39.00,100 גרם,false,,4.50,0.1154,true,1,206672
7290003411054,false,שקיות צליה גדול דליקטס רוסטי הנמל 5יח`,סאדאת איסטנבול,TR,שקיות לצליה גדול- 5,יחידה,0.00,יחידה,false,,4.60,0.0000,true,1,108795
7290003411238,false,שמרים יבשים נמסים הנ,ברוגמאן גנט,BE,שמרים נמסים 500 גר,גרמים,500.00,100 גרם,false,,14.60,0.0292,true,1,108797
7290003411313,false,הנמל מפה מבד לא ארוג 180*120,שיווק: הנמל אריזות ו,IL,מפות חד פעמי,גרמים,100.00,100 גרם,false,,6.50,0.0650,false,1,121458
7290003411405,false,נר נשמה להבית 24 שעות,מיוצר בסין.יבוא ושיו,CN,נר נשמה 24 שעות בפח,יחידה,0.00,יחידה,false,,1.80,0.0000,true,1,196485
7290003411528,false,מלית קינמון פוליבה 450 גרם,"פוליבה בע""מ",IL,מלית קינמון,גרמים,450.00,100 גרם,false,,11.50,0.0256,true,1,108805
7290003411566,false,צמרוני אזניים עץ הנמ,שוורצקוף& הנקל דיסלד,CN,קיסמי אזניים 200 יח,יחידה,0.00,יחידה,false,,2.30,0.0000,true,1,197818
7290003411573,false,צלחות עמוקות לבן 30 יחידות,אריזות מדף - פלזית,IL,צלחות עמוקות- 30 יח',יחידה,0.00,יחידה,false,,16.90,0.0000,true,1,108807
7290003411689,false,ליפתניות לבן 25 יחידות,הנמל אריזות ושיווק ב,IL,צלחות ליפתן 25 יח',יחידה,0.00,יחידה,false,,4.80,0.0000,true,1,108808
7290003411696,false,"מרקיות לבן ח""פ הנמל 25 יח'",פלסטכים תורכיה,IL,סט מרקיות 25 יח,יחידה,0.00,יחידה,false,,8.90,0.0000,true,1,108809
7290003411702,false,חומוס ענק הנמל 500 ג,יבוא ושיווק: הנמל אר,IL,חומוס ענק,גרמים,500.00,100 גרם,false,,8.90,0.0178,true,1,108810
7290003411726,false,קיסמי שיניים מלחיה הנמל 300יח',הנמל אריזות ושיווק ב,IL,קיסמי שיניים הנמ,יחידה,0.00,יחידה,false,,3.50,0.0000,true,1,108811
7290003411849,false,גרנולה תמרים ושקדים 400 ג',הנמל/ שבולת בשדה,IL,גרנולה תמרים 400 גרם,גרמים,400.00,100 גרם,false,,11.40,0.0285,true,1,108815
7290003411948,false,צמר גפן הנמל 100 גרם,הנמל,TR,צמר גפן 100 גר הנמל,גרמים,100.00,100 גרם,false,,4.50,0.0450,true,1,142208
7290003411993,false,גפרורים הנמל 10 יחיד,"איטיליאן פוד, אס.פי.",SE,גפרורים,יחידה,0.00,יחידה,false,,2.60,0.0000,true,1,122957
7290003414406,false,הרשי ריזס נטיפי אפייה בוטנים 283 גר',ליימן מותגים,,ריזס נטיפים לאפייה,גרמים,283.00,100 גרם,false,,13.90,0.0491,true,1,186065
7290003423909,false,חטיף הרשי קוקיס קרם לבן 43 גרם,ליימן מותגים,US,חטיף קוקיז אנד קרים,יחידה,0.00,יחידה,false,,4.50,0.0000,true,1,145216
7290003427154,false,"שמן זית כתית מעולה טעם מעודן זיתא 750 מ""ל",זיתא – י.ט.ב תעשיות,IL,"שמן זית זיתא 750 מ""ל",יחידה,750.00,יחידה,false,,32.90,0.0439,false,1,97399
7290003434657,false,אשכולות אגוזי לוז חמוציות ואורז מלא בשוקולד מריר 120 גרם,הום מייד,IL,אשכולות אגוזי לוז חמ,גרמים,120.00,100 גרם,false,,12.90,0.1075,true,1,217890
7290003438006,false,ממרח אולביה פסטו וצנובר איטלקי 190ג',מיוצר עי קונדיטוריית,IL,ממרח פסטו,גרמים,190.00,100 גרם,false,,13.90,0.0732,true,1,104853
7290003438013,false,ממרח זיתים ירוקים אוליביה 190 גרם,קריות זול,IL,ממרח זיתים,גרמים,190.00,100 גרם,false,,13.90,0.0732,true,1,104854
7290003438020,false,ממרח עגבניות מיובשות אוליביה 190 גרם,מיוצר עי קונדיטוריית,IL,ממרח עגבניות,גרמים,190.00,100 גרם,false,,13.90,0.0732,true,1,104855
7290003438709,false,ממרח אולביה זיתים שחורים וירוקים 190 ג',גוד פוד פרודקטס S.p,IL,ממרח זיתים שחורים,גרמים,190.00,100 גרם,false,,13.90,0.0732,true,1,104859
7290003438853,false,אוליביה ממרח אריסה חריפה 185 גר ',אוליביה,IL,אריסה חריפה 185 גר',גרמים,185.00,100 גרם,false,,13.90,0.0751,true,1,186304
7290003438990,false,עיטורי עגבניות מיובשות וזיתים אוליביה 280 ג',אוליביה גורמה בעמ,IL,עיטורי עגבניות מיובש,גרמים,220.00,100 גרם,false,,19.90,0.0905,true,1,104862
7290003444009,false,חטיף הרשי ריזס שוקולד חלב 42 גר,ליימן מותגים,US,ריזס שוקולד חלב הרשי,גרמים,42.00,100 גרם,false,,4.50,0.1071,true,1,145223
7290003450602,false,חרדל אמיתי צהוב בקבוק לחיץ 255 גר,היינץ צפון אמריקה מקבוצת ה.י.היינץ,US,חרדל אמיתי היינץ,גרמים,255.00,100 גרם,false,,9.90,0.0388,true,1,107013
7290003457861,false,"סולרו בטעם פירות טרופיים ""שטראוס""","מיוצר ע""י גלידת שטרא",IL,קרטיב סולרו,יחידה,0.00,יחידה,false,,8.90,0.0000,true,1,154597
7290003457991,false,טילון קורנטו וניל עם וופל ואגוזי לוז מסוכרים,"גלידת שטראוס בע""מ, ר",IL,מאגדת קורנטו קלאסיק,יח',6.00,יח',false,,34.90,5.8167,true,1,95985
7290003470433,false,פרג 200 גרם סולימני,,,פרג 200 גר',גרמים,100.00,100 גרם,false,,7.90,0.0790,true,1,206047
7290003520572,false,מטריות חרובים שקית בודד (בשרוול 6 שקיות),תופינית,,מארז שש מטריות משוקו,גרמים,45.00,100 גרם,false,,15.90,0.3533,true,1,148516
7290003521074,false,"ד""ר פישר - סרקל מרכך שיער לילדים 1 ליטר",הדקלאים אגודת שיתופי,IL,מרכך סרקל,ליטרים,1.00,ליטר,false,,27.90,27.9000,true,1,100173
7290003521081,false,"סרקל שמפו אל דמע לילדים ד""ר פישר 1 ליטר","ד""ר פישר Dr fischer",IL,סרקל שמפו 1 ליטר,ליטרים,1.00,ליטר,false,,27.90,27.9000,true,1,100174
7290003521197,false,"ד""ר פישר - סרקל תרסיס מתיר קשרים 340 מ""ל",פישר מעבדות פרמצבטיו,IL,סרקל ספריי,מיליליטרים,340.00,"100 מ""ל",false,,26.90,0.0791,true,1,100176
7290003524297,false,אספרגוס שלם לבן בצנצ,צ'אמפהאוס טרידייג קו,CN,אספרגוס לבן שלם 330,גרמים,330.00,100 גרם,false,,9.90,0.0300,true,1,136247
7290003525461,false,סלט טונה פיקנטי ויליגר 160 גרם,ויליגר,,סלט טונה ויליגר פיקנ,גרמים,160.00,100 גרם,false,,5.20,0.0325,true,1,109339
7290003525478,false,סלט טונה ויליגר 160 גרם,"ויליגר, תעשיות בע""מ",IL,סלט טונה ויליגר 160,גרמים,160.00,100 גרם,false,,5.20,0.0325,false,1,109340
7290003525898,false,סלט טונה שלישיה * 180 ג' וילגיר,נטו מלינדה,,שלישיה סלט טונה וילי,גרמים,480.00,100 גרם,false,,14.90,0.0310,true,1,134866
7290003525904,false,סלט טונה פיקנטי ויליגר 3*160 גרם,ויליגר,,שלישיה סלט טונה וילי,גרמים,480.00,100 גרם,false,,14.90,0.0310,true,1,134867
7290003527380,false,דובדבנים חמוצים בסירופ,גולדסטארקפט,,דבדבן מתוק ללא חרצני,יחידה,680.00,יחידה,false,,8.90,0.0131,true,1,139393
7290003550753,false,טונה פוסידון בשמן רביעיה *108 ג',"מיוצר עי וליגר בעמ,",IL,רביעייה טונה פוסידון,גרמים,432.00,100 גרם,false,,21.00,0.0486,false,1,118357
7290003561032,false,בונז'ור בייגל רול דגנים 130ג',בונז'ור,,בייגל רול בונז'ור,גרמים,130.00,100 גרם,false,,3.50,0.0269,true,1,120778
7290003561193,false,בייבי חליות בונז'ור,בונז'ור,,בייבי חליות בונז'ור,גרמים,90.00,100 גרם,false,,2.50,0.0278,true,1,124041
7290003570164,false,מינוט שווארמה פרגית 300 גרם / 20 יחידות,"בלדי בע""מ",IL,מינוט שווארמה פרגית,גרמים,300.00,100 גרם,false,,29.90,0.0997,true,1,202345
7290003570171,false,מינוט שניצל 300 גרם / 20 יחידות,,,מינוט שניצל 300 גר',גרמים,300.00,100 גרם,false,,23.90,0.0797,true,1,202346
7290003570928,false,קבב בלדי קצביה ארוז קפוא 500ג',בלאדי,IL,קבב בלדי קצביה 500 ג,גרמים,500.00,100 גרם,false,,25.90,0.0518,true,1,201544
7290003571550,false,סטייק טונה אלבקור וואקום בדץ,,,סטייק טונה בוואקום ב,קילוגרמים,1.00,"ק""ג",true,,45.90,45.9000,true,1,200381
7290003578153,false,נתחי טונה בהירה בשמן וילי פוד 160 גר,גולדן פרייז קאנינג א,TH,נתחי טונה בהירה בשמן,גרמים,160.00,100 גרם,false,,6.50,0.0406,false,1,105099
7290003578160,false,נתחי טונה בהירה במי מלח וילי פוד 160 גר,טרופיקל,TH,טונה ויליפוד במי,גרמים,160.00,100 גרם,false,,6.50,0.0406,false,1,105100
7290003578313,false,דובדבנים חמוצים ללא חרצנים 680גר,דל מונטה היילס אס.אי,HR,דובדבן חמוץ ללא חרצנ,גרמים,680.00,100 גרם,false,,9.90,0.0146,true,1,105105
7290003598021,false,כבד אווז,,,כבד אווז,קילוגרמים,1.00,"ק""ג",true,,460.00,460.0000,false,1,202129
7290003598311,false,מינוט סטייק חלק ריאה 300 ג',בלדי,IL,מינוט סטייק 300 גר',יחידה,0.00,יחידה,false,,26.90,0.0000,true,1,199342
7290003598472,false,מנות פילה סלמון נורבגי.,לאטי עזרא,NO,פילה סלמון מנות נורב,קילוגרמים,1.00,"ק""ג",true,,84.90,84.9000,true,1,199211
7290003632367,false,פילה דג ברבוניה ארוז 400 גרם,ישראל פלדמן,VN,פילה ברבוניה בוואקום,יחידה,0.00,יחידה,false,,24.90,0.0000,true,1,214621
7290003643004,false,"סוגת אורז בסמטי קלאסי 1 ק""ג",האי נאם סי או אל.טי.,IL,אורז בסמטי קלאסי 1 ק,גרמים,1.00,גרם,false,,12.90,12.9000,false,1,98637
7290003643158,false,קורנפולר שקית 200 ג' סוגת,המאפיה של הרמן,IL,קורנפלור 200 גר,גרמים,200.00,100 גרם,false,,2.80,0.0140,true,1,134490
7290003643165,false,סוגת קורנפלור 500 גרם,"י. כהן בע""מ",IL,קורנפלור 500 גר,גרמים,500.00,100 גרם,false,,5.90,0.0118,true,1,132949
7290003643172,false,אבקת סוכר 100 גרם סוגת,א.ל ייצור ושיווק תבל,IL,אבקת סוכר 100 גר,גרמים,100.00,100 גרם,false,,2.20,0.0220,false,1,112777
7290003643325,false,קוסקוס בינוני 350 גרם סוגת,"אסיף תעשיות מזון בע""",IL,קוסקוס בינוני סוגת,גרמים,350.00,100 גרם,false,,4.90,0.0140,false,1,128865
7290003643387,false,"סוכר לבן בצנצנת 1 ק""ג סוגת",האי נאם סי או אל.טי.,IL,סוכר לבן צנצנת,יחידה,1.00,יחידה,false,,7.90,7.9000,false,1,98645
7290003643646,false,"סוכר דמררה קלאסי בצנצנת סוגת 1 ק""ג",האי נאם סי או אל.טי.,IL,סוכר דמררה צנצנת,גרמים,1.00,100 גרם,false,,11.90,11.9000,false,1,98647
7290003643684,false,אפונה יבשה סוגת 500 גר',האי נאם סי או אל.טי.,IL,אפונה יבשה 500,גרמים,500.00,100 גרם,false,,6.50,0.0130,true,1,98648
7290003643707,false,סוגת גריסים 500 גרם,"סוגת תעשיות בע""מ",IL,גריסים 500,גרמים,500.00,100 גרם,false,,4.90,0.0098,false,1,98649
7290003643714,false,חומוס גרגירים 500 גרם סוגת,האי נאם סי או אל.טי.,IL,חומוס 500 סוגת,גרמים,500.00,100 גרם,false,,7.90,0.0158,true,1,98650
7290003643738,false,סוגת חיטה 500 גרם,האי נאם סי או אל.טי.,IL,חיטה יבשה 500,גרמים,500.00,100 גרם,false,,4.90,0.0098,false,1,98651
7290003643745,false,סוגת כוסמת 500 גרם,האי נאם סי או אל.טי.,IL,כוסמת סוגת,גרמים,500.00,100 גרם,false,,7.90,0.0158,true,1,98652
7290003643752,false,עדשים ירוקים יבש סוגת 500 גר',האי נאם סי או אל.טי.,IL,עדשים ירוקים,גרמים,500.00,100 גרם,false,,7.90,0.0158,true,1,98653
7290003643769,false,עדשים אדומים יבש סוגת 500 גר',"סוגת תעשיות בע""מ",IL,עדשים אדומים,גרמים,500.00,100 גרם,false,,7.90,0.0158,true,1,98654
7290003643776,false,"פופקורן גרעינים סוגת 500 ג' כשל""פ",האי נאם סי או אל.טי.,IL,פופקורן 500 גר,גרמים,500.00,100 גרם,false,,4.90,0.0098,true,1,98655
7290003643783,false,קוקוס טחון סוגת 100,האי נאם סי או אל.טי.,IL,קוקוס 100 גר,גרמים,100.00,100 גרם,false,,4.20,0.0420,true,1,98656
7290003643806,false,שעועית לבנה יבשה סוגת 500 ג',האי נאם סי או אל.טי.,IL,שעועית לבנה 500,גרמים,500.00,100 גרם,false,,10.90,0.0218,true,1,98657
7290003643813,false,שעועית אדומה יבשה סוגת 500 גר',האי נאם סי או אל.טי.,IL,שעועית אדומה 500,גרמים,500.00,100 גרם,false,,10.90,0.0218,true,1,98658
7290003643820,false,חומוס ענק יבש סוגת 500 גרם,סוגת תעשיות בעמ,IL,חומוס ענק 500 סו,גרמים,500.00,100 גרם,false,,11.90,0.0238,true,1,98659
7290003648221,false,מקרל בשמן קנולה,,,מקרל בשמן קנולה,קילוגרמים,1.00,"ק""ג",true,,124.90,124.9000,true,1,112119
7290003703166,false,"בונז""ור ג'בטה בינוני 300ג",בונז'ור,,לחם ג'בטה 300גר,יחידה,300.00,יחידה,false,,6.00,0.0200,true,1,112039
7290003703234,false,באגט אוטנטיק לבן,בונז'ור,,באגט אוטנטיק לבן,יחידה,0.00,יחידה,false,,6.50,0.0000,true,1,113088
7290003703241,false,באגט אוטנטיק כפרי,בונז'ור,,באגט אוטנטיק כפרי,יחידה,0.00,יחידה,false,,6.00,0.0000,true,1,113089
7290003706013,false,שורש פטרוזיליה ארוז,ביכורי שדה דרום 2002,IL,שורש פטרוזיליה ארוז,יחידה,0.00,יחידה,false,,4.90,0.0000,true,1,200638
7290003713929,false,טרס פסוס סלסה פהיטה,"דוידוב סלמון בע""מ",IL,סלסה פהיטה 200 גר',גרמים,200.00,100 גרם,false,,16.90,0.0845,true,1,199284
7290003713936,false,רוטב חלפניו ליים 275,"דוידוב סלמון בע""מ",IL,רוטב חלפניו ליים 275,גרמים,275.00,100 גרם,false,,32.90,0.1196,true,1,144853
7290003713950,false,טרס פסוס סלסה מקסיקנ,"דוידוב סלמון בע""מ",IL,סלסה מקסיקנה 200,גרמים,200.00,100 גרם,false,,16.90,0.0845,true,1,199282
7290003715107,false,בוטנים קלופים 400 גר,זארובי,IL,בוטנים קלויים 00,גרמים,400.00,100 גרם,false,,11.00,0.0275,true,1,92951
7290003715299,false,מעורב מובחר זארובי 3,זארובי,,פיצוחים מעורב,גרמים,200.00,100 גרם,false,,19.90,0.0995,true,1,92960
7290003715329,false,בוטן קלוי בקליפה 350,,,בוטנים עם קליפה,גרמים,350.00,100 גרם,false,,10.90,0.0311,true,1,148417
7290003715411,false,צנובר סיני גדול 100,זארובי,IL,צנובר 100 גר,גרמים,100.00,100 גרם,false,,26.90,0.2690,true,1,92966
7290003715596,false,אגוזי מלך 300 גר,זארובי,IL,אגוזי מלך 300 גר,גרמים,300.00,100 גרם,false,,28.90,0.0963,true,1,119282
7290003715688,false,שקד מולבן גפרורים 10,זארובי,,שקד מולבן,גרמים,250.00,100 גרם,false,,9.90,0.0396,true,1,92975
7290003715695,false,גרעיני חמניות מקולפי,זארובי,,חמניות מקולפים,גרמים,100.00,100 גרם,false,,3.50,0.0350,true,1,111974
7290003715701,false,גרעיני דלעת קלוף 100,זארובי,,גרעיני דלעת קלוף,גרמים,100.00,100 גרם,false,,6.50,0.0650,true,1,113343
7290003715718,false,פיסטוק מקולף,זארובי,,פיסטוק מקולף,גרמים,100.00,100 גרם,false,,19.90,0.1990,true,1,147887
7290003715732,false,שקד גרוס 100 גרם,זארובי,,שקד גרוס 100 גר,גרמים,100.00,100 גרם,false,,9.90,0.0990,true,1,92976
7290003715749,false,אגוז מלך גרוס 100 גר,זארובי,,אגוזי מלך גרוסים,גרמים,100.00,100 גרם,false,,9.90,0.0990,true,1,92977
7290003715831,false,אגוזים טחונים 100גר',זארובי,,אגוזים טחונים 100גר',גרמים,100.00,100 גרם,false,,9.90,0.0990,true,1,92981
7290003715930,false,זארובי שומשום 100ג,זארובי,,שומשום 100 גר',גרמים,100.00,100 גרם,false,,3.50,0.0350,true,1,196309
7290003718627,false,"פול ירוק 400 ג' בית יוסף כשל""פ",,,פול ירוק 400 גר',גרמים,400.00,100 גרם,false,,8.90,0.0223,true,1,198673
7290003726141,false,טופו אמיתי כפרי בריא 300 גרם,ג'נרל מילס סאן אדריא,IL,טופו טבעי 300 גר,גרמים,300.00,100 גרם,false,,11.90,0.0397,true,1,99827
7290003726592,false,טופו מתובל בפסטו במרקם קלאסי,משק וואיילר,IL,טופו מתובל בפסטו -מש,גרמים,300.00,100 גרם,false,,11.90,0.0397,false,1,207119
7290003726615,false,"טופו ויילר 300 גרם ""שטראוס""",הדקלאים אגודת שיתופי,IL,טופו הבית במרקם קשה-,גרמים,300.00,100 גרם,false,,11.90,0.0397,true,1,207120
7290003726622,false,טופו פיקנטי 300 ג' משק ויילר,משק וואיילר,IL,טופו פיקנטי,גרמים,300.00,100 גרם,false,,12.90,0.0430,true,1,261085
7290003726684,false,טופו חומוס בטעם טבעי 300 ג' משק ויילר,הנסיך- מפעל לייצור ט,IL,טופו חומוס בטעם טבעי,גרמים,300.00,100 גרם,false,,12.90,0.0430,true,1,211296
7290003726745,false,קציצות טופו עם סלק משק ויילר 400 גר,משק ויילר,IL,קציצות טופו סלק,גרמים,400.00,100 גרם,false,,23.90,0.0597,true,1,260521
7290003726783,false,שניצל טופו עם תירס 420 גר,משק ויילר,IL,שניצל טופו עם תירס,גרמים,420.00,100 גרם,false,,26.90,0.0640,true,1,263225
7290003726790,false,שניצל טופו טעם פיקנטי 420 גר,משק ויילר,IL,שניצל טופו בטעם פיקנ,גרמים,420.00,100 גרם,false,,26.90,0.0640,true,1,263229
7290003726868,false,טופו חומוס בתוספת עגבניות מיובשות 300 ג' משק ויילר,משק וואיילר,IL,טופו חומוס בתוספת עג,גרמים,300.00,100 גרם,false,,12.90,0.0430,true,1,261153
7290003726875,false,טופו חומוס בתוספת פסטו וילר 300 גרם,משק וואיילר,IL,טופו חומוס בתוספת פס,גרמים,300.00,100 גרם,false,,12.90,0.0430,true,1,261152
7290003744428,false,אובלטים מלוחים דקיקי,,,אובלטים מלוחים דקיקי,גרמים,300.00,100 גרם,false,,10.90,0.0363,true,1,134784
7290003744831,false,אובלטים עם בצל 300 גר',,,אובלטים בצל ברט,גרמים,300.00,100 גרם,false,,10.90,0.0363,true,1,143797
7290003744855,false,אובלטים עם שומשום 300 גר,"ברט בע""מ",,אובלטים מלוחים,גרמים,300.00,100 גרם,false,,10.90,0.0363,true,1,143803
7290003779499,false,גינגר ארוז 200 גרם,"מרינה פטריות הגליל בע""מ",IL,גינג'ר טרי,גרמים,200.00,100 גרם,false,,8.90,0.0445,true,1,127137
7290003781065,false,מלפפונים בחומץ קטנים מאוד וילי פוד 370 גרם,וילי פוד,VN,מלפפון בסגנון צר,גרמים,680.00,100 גרם,false,,8.40,0.0124,true,1,105114
7290003781652,false,צלפים במי מלח וילי פוד 230 גרם,קריות זול,TR,צלפים 370 גרם,גרמים,370.00,100 גרם,false,,9.90,0.0268,true,1,105116
7290003781850,false,גבינת קשקבל פרוסות 200 גרם,וילי פוד,IL,גבינת קשקבל פרוסות,גרמים,200.00,100 גרם,false,,19.90,0.0995,true,1,218140
7290003804252,false,תיבולית נוסח הודי קנור 72 גרם,יוניליוור ישראל מזון,IL,תיבולית קנור הודי,גרמים,72.00,100 גרם,false,,10.00,0.1389,false,1,101586
7290003804320,false,תיבולית שום ופטרוזיליה קנור 72 גרם,יוניליוור ישראל מזון,IL,תיבולית שום ופטרוזיל,גרמים,72.00,100 גרם,false,,10.00,0.1389,false,1,101587
7290003804368,false,"תיבולית בזיליקום בד""ץ 72 ג' קנור",יוניליוור ישראל מזון,IL,תיבולית קנור בזי,גרמים,72.00,100 גרם,false,,10.00,0.1389,false,1,101590
7290003804382,false,"תיבולית פטריות בד""ץ 72 ג' קנור",יוניליוור ישראל מזון,IL,תיבולית פטריות,גרמים,72.00,100 גרם,false,,10.00,0.1389,false,1,101592
7290003805501,false,"פתית שוודי חסכוני בד""צ 300 גרם",יוניליוור ישראל מזון,IL,פתית שבדי חסכוני,גרמים,300.00,100 גרם,false,,18.50,0.0617,true,1,101614
7290003805587,false,"פתית חיטה מלאה בד""צ 250 גרם-קופסא",יוניליוור ישראל מזון,IL,פתית חיטה מלאה,גרמים,250.00,100 גרם,false,,18.50,0.0740,true,1,126913
7290003807178,false,"רוטב קנור סויה בסגנון סיני 300 מ""ל",אתר חיפה 778 - Food,IL,רוטב סויה בסגנון סינ,יחידה,300.00,יחידה,false,,12.90,0.0430,true,1,101644
7290003807482,false,קנור רוטב טריאקי מופחת נתרן 370 גרם,יוניליוור ישראל מזון,IL,רוטב טריאקי קנור,יחידה,300.00,יחידה,false,,12.90,0.0430,true,1,101655
7290003864478,false,סרדינים בשמן צמחי ויליפוד 110ג' פתח קל,גולדן פרייז קאנינג א,TH,סרדינים בשמן צמחי 11,גרמים,110.00,100 גרם,false,,4.90,0.0445,true,1,105124
7290003864485,false,סרדינים ברוטב עגבנ יות ויליפוד 110ג' פתח קל,גולדן פרייז קאנינג א,TH,סרדינים ברוטב עגבניו,גרמים,110.00,100 גרם,false,,4.90,0.0445,true,1,105125
7290003864492,false,סרדינים בשמן צמחי חריף פתח קל ויליפוד 110ג',גולדן פרייז קאנינג א,TH,סרדינים בשמן צמחי פי,גרמים,110.00,100 גרם,false,,4.90,0.0445,true,1,105126
7290003882922,false,עלי גפן ממולאים באורז וילי פוד 360 גרם,הזה פלאקספו פוד קו ב,CN,עלי גפן ממולאים 400,גרמים,400.00,100 גרם,false,,8.90,0.0223,true,1,105132
7290003893027,false,מרלוזה ארגנטינאי במש,פארגיפקו דל סאדסטה,AR,דג מרלוזה ארוז,קילוגרמים,1.00,"ק""ג",true,,36.90,36.9000,true,1,119923
7290003893843,false,פילה אמנון בלי עור,איינן צ'דקסין,CN,פילה אמנון בלי עור,קילוגרמים,1.00,"ק""ג",true,,26.90,26.9000,true,1,204471
7290003896141,false,חטיף ספרדי פיקנטי אלמנדוס 200 גרם,הדקלאים אגודת שיתופי,IL,פיצוחים אלפנדוס,גרמים,200.00,100 גרם,false,,8.90,0.0445,true,1,112541
7290003903771,false,קפה נמס קפוצ'ינו רגיל 200 ג',שטראס קפה בי.וי,IL,קפוצ'ינו פחית 200 גר,גרמים,200.00,100 גרם,false,,24.90,0.1245,true,1,98891
7290003903788,false,עלית קפוצינו טעם וניל פחית 200ג,שטראס קפה בי.וי,IL,קפוצ'ינו וניל 200 גר,גרמים,200.00,100 גרם,false,,24.90,0.1245,true,1,98892
7290003938049,false,הפי נוזל הברקה שויצרית,אורומרקטינג,DE,נוזל הברקה למדיח,מיליליטרים,500.00,"100 מ""ל",false,,21.90,0.0438,true,1,103347
7290003956012,false,פטאקי 16% שומרון,"מחלבת השומרון בע""מ",IL,גבינת פטאקי 16%,קילוגרמים,1.00,"ק""ג",true,,38.90,38.9000,false,1,143376
7290003976355,false,מרכך מרוכז לבנדר גרין קר 1 ליטר,,,מרכך מרוכז לבנדר 1 ל,ליטרים,1.00,ליטר,false,,10.90,10.9000,true,1,211319
7290003976409,false,מרכך מרוכז פרחים גרין קר 1 ליטר,,,מרכך מרוכז פרחים 1 ל,ליטרים,1.00,ליטר,false,,10.90,10.9000,true,1,211320
7290003989539,false,לורנצו רביולי במילוי גבינה,מיוצר עי קונדיטוריית,IL,רביולי גבינה,גרמים,400.00,100 גרם,false,,19.90,0.0497,true,1,95579
7290003989553,false,פסטה טורטליני גבינה ופטריות 400 גרם,מיוצר עי קונדיטוריית,IL,טורטליני פיטריות,גרמים,400.00,100 גרם,false,,19.90,0.0497,true,1,95580
7290004011284,false,ריצ בסיס להכנת קצפת 25% 212מל,ריצ' פרודקטס קורפריי,US,בסיס להכנת קצפת ריץ',מיליליטרים,212.00,"100 מ""ל",false,,7.50,0.0354,true,1,123113
7290004011338,false,"ספריי קצפת מתוקה מוכנה ריץ' 250 מ""ל",האי נאם סי או אל.טי.,IT,ריץ' קצפת מיכל 22.5%,גרמים,250.00,100 גרם,false,,10.90,0.0436,false,1,123839
7290004011345,false,"ספריי קצפת מתוקה מוכנה פרווה ריץ' 238 מ""ל",האי נאם סי או אל.טי.,IT,ר'יצ קצפת פרווה 250,גרמים,250.00,100 גרם,false,,10.90,0.0436,false,1,135117
7290004011796,false,קבבונים בקר קפוא אל גאוצ''ו 400ג',"טיבון ויל אחזקות בע""",IL,קבבונים אל גאוצ'ו 40,גרמים,400.00,100 גרם,false,,21.90,0.0547,false,1,125181
7290004011802,false,נקניקיות צ'וריסוס אל גאוצ'ו 400 גר',טיבון ויל אחזקות בעמ,IL,צוריסוס אל גאוצ'ו 40,גרמים,400.00,100 גרם,false,,21.90,0.0547,false,1,125182
7290004011819,false,המבורגר ריב אנטריקוט אל גאוצ'ו 360 גרם,האי נאם סי או אל.טי.,IL,המבורגר ריב אנטריקוט,גרמים,360.00,100 גרם,false,,21.90,0.0608,false,1,136976
7290004011826,false,מיני המבורגר ריב אנטריקוט,טיבון ויל אחזקות בעמ,IL,מיני המבורגר ריב אנט,גרמים,320.00,100 גרם,false,,21.90,0.0684,false,1,136977
7290004014407,false,סוכריות M&M בוטנים 46 ג',מרס נדרלנד,US,סוכריות אם אנד אם,גרמים,46.20,100 גרם,false,,4.90,0.1061,true,1,190023
7290004022309,false,אמ&אמס אריזה בינונית,מרס,US,סוכריות אם אנד אם 80,גרמים,80.00,100 גרם,false,,7.90,0.0988,true,1,197845
7290004030018,false,"פריניב מיץ לימון סחוט פרי לתיבול 500 מ""ל",הנסיך- מפעל לייצור ט,IL,פרי ניב מיץ לימון 10,ליטרים,0.50,ליטר,false,,6.90,13.8000,true,1,124637
7290004030100,false,מיץ תפוזים ולנסיה סחוט 1 ליטר100%,פרי ניב,IL,מיץ תפוזים סחוט וולנ,ליטרים,1.00,ליטר,false,,14.90,14.9000,true,1,210786
7290004030216,false,משקה בטעם חמוציות 1 ליטר פריניב,פריניב בעמ,IL,פרי ניב מיץ חמוציות,ליטרים,1.00,ליטר,false,,12.50,12.5000,true,1,136805
7290004030223,false,מיץ תפוחים סחוט רכיבים טבעיים 100% פרי ניב 1 ליטר,פריניב בעמ,IL,מיץ תפוחים סחוט 1 לי,ליטרים,1.00,ליטר,false,,17.90,17.9000,true,1,142223
7290004030445,false,מיץ תפוזים סחוט רכיבים טבעיים 1 ליטר פרי ניב,הנסיך- מפעל לייצור ט,IL,פרי ניב מיץ תפוזים 1,ליטרים,1.00,ליטר,false,,13.50,13.5000,true,1,118879
7290004030544,false,משקה בטעם לימונדה לואיזה ולימון 1 ליטר פריניב,פריניב בעמ,IL,פרי ניב לימונענע 1 ל,ליטרים,1.00,ליטר,false,,12.50,12.5000,true,1,120334
7290004030612,false,"מיץ תפוח, קיווי אגס ללא תוספת סוכר 1 ליטר פרי ניב",הנסיך- מפעל לייצור ט,IL,מיץ קיוי אגס תפוח 1,ליטרים,1.00,ליטר,false,,15.00,15.0000,true,1,147464
7290004030810,false,שייק 100% בננה פסיפלורה תפוז מופחת סוכר1,פריניב בעמ,IL,שייק בננה פסיפלורה ת,ליטרים,1.00,ליטר,false,,17.90,17.9000,true,1,196235
7290004030834,false,מיץ רימונים סחוט 100% רכיבים טבעיים פרי ניב 1 ליטר,פריניב בעמ,IL,מיץ רימונים 1 ליטר,ליטרים,1.00,ליטר,false,,23.90,23.9000,true,1,122939
7290004033705,false,הבורגריה – 6 לחמניות המבורגר בשקית,מאפית י את א ברמן בע,IL,הבורגריה 6 לחמניות ה,גרמים,600.00,100 גרם,false,,14.90,0.0248,true,1,219231
7290004033729,false,לחם עננים מקמח כוסמין עם פרוסות עבות,מאפית י את א ברמן בע,IL,לחם עננים מקמח כוסמי,גרמים,600.00,100 גרם,false,,16.90,0.0282,true,1,219233
7290004033736,false,"עננים לחם לבן בסגנון בריוש עם פרוסות עבות, 500 גרם",מאפית י את א ברמן בע,IL,לחם עננים בסגנון ברי,גרמים,500.00,100 גרם,false,,12.90,0.0258,true,1,260860
7290004043108,false,אמ&אמס אריזה בינונית,מרס,US,סוכריות אם אנד אם 89,גרמים,89.00,100 גרם,false,,7.90,0.0888,true,1,197841
7290004043205,false,אמ&אמס אריזה בינונית,מרס,US,סוכריות אם אנד אם 92,גרמים,92.00,100 גרם,false,,7.90,0.0859,true,1,197846
7290004046002,false,עוגיות הקסטר תמרים ו,אקסטר,,עוגיות הקסטר תמרים ו,יחידה,0.00,יחידה,false,,22.90,0.0000,true,1,123473
7290004061449,false,טופ שף שניצל אמרקאי 700 גר,ויטה,,שניצל אמרקאי 700 גר,גרמים,700.00,100 גרם,false,,13.90,0.0199,true,1,210730
7290004061463,false,שניצל עוף אמיתי שומש,,,שניצל עוף אמיתי שומש,גרמים,700.00,100 גרם,false,,28.90,0.0413,true,1,213123
7290004061487,false,טבעות עוף 700 גר,פרסקו,,טבעות עוף 700 גר,גרמים,700.00,100 גרם,false,,13.90,0.0199,true,1,212531
7290004063016,false,מלח שולחן -מוצר בפיקוח,האי נאם סי או אל.טי.,IL,מלח דק 1 קג,יחידה,1.00,יחידה,false,,1.90,1.9000,false,1,103219
7290004063092,false,"מלח הארץ מלח מדיח 2 ק""ג","מלח הארץ אילת בע""מ",,מלח למדיח 2קג,קילוגרמים,2.00,"ק""ג",false,,10.90,5.4500,false,1,128149
7290004063115,false,"מלח מטבח עבה להמלחת בשר ובישול 1 ק""ג 1ק""ג",האי נאם סי או אל.טי.,IL,מלח עבה 1 קג,יחידה,1.00,יחידה,false,,1.90,1.9000,false,1,103220
7290004064082,false,מטחנה מלח ים טבעי 250 גרם מלח הארץ,חברת מלח הארץ אילת ב,IL,מטחנה מלח ים טבעי,גרמים,250.00,100 גרם,false,,13.50,0.0540,true,1,192301
7290004064099,false,מטחנה מלח מהרי ההימלאיה 250 ג מלח הארץ,חברת מלח הארץ אילת ב,IL,מטחנה מלח מהרי ההימל,גרמים,250.00,100 גרם,false,,15.90,0.0636,true,1,192302
7290004064105,false,מטחנה מלח עשבי תיבול 250 גר מלח הארץ,חברת מלח הארץ אילת ב,IL,מטחנה מלח ים עשבי תי,גרמים,250.00,100 גרם,false,,15.90,0.0636,true,1,192303
7290004064174,false,"תבלין מלח ההימלאיה דק בצנצנת 1 ק""ג","מלח הארץ אילת בע""מ",IL,מלח הארץ הימלאיה דק,קילוגרמים,1.00,"ק""ג",false,,15.90,15.9000,true,1,200214
7290004064181,false,"תבלין מלח ההימלאיה גס בצנצנת 1 ק""ג",חברת מלח הארץ אילת ב,IL,מלח הארץ הימלאיה גס,קילוגרמים,1.00,"ק""ג",false,,15.90,15.9000,true,1,200215
7290004064198,false,מטחנת מלח ספייסי- אקסטרא תבלינים 115 ג',"מלח הארץ אילת בע""מ",IL,מטחנת מלח אקסטרא תבל,גרמים,115.00,100 גרם,false,,15.90,0.1383,true,1,204052
7290004064228,false,מלח במטחנה אקסטרא תבלינים שום ופלפל 125 גר',"מלח הארץ אילת בע""מ",IL,מטחנת מלח אקטרא תבלי,גרמים,125.00,100 גרם,false,,15.90,0.1272,true,1,204054
7290004064280,false,מלח מופחת נתרן בצנצנת מלח הארץ 600 גרם,חברת מלח הארץ אילת ב,IL,מלח מופחת נתרן בצנצנ,גרמים,600.00,100 גרם,false,,15.90,0.0265,true,1,208020
7290004064297,false,"מלח מועשר ביוד בצנצנת מלח הארץ 1 ק""ג","מלח הארץ אילת בע""מ",IL,מלח מועשר ביוד צנצנת,קילוגרמים,1.00,"ק""ג",false,,8.90,8.9000,true,1,207639
7290004064303,false,מלח אטלנטי בצנצנת מלח הארץ 800 גרם,"מלח הארץ אילת בע""מ",IL,מלח אטלנטי בצנצנת 80,גרמים,800.00,100 גרם,false,,18.90,0.0236,true,1,207640
7290004064358,false,"מלח דק זורם בקלות מלח הארץ קרטון 1 ק""ג","מלח הארץ אילת בע""מ",IL,מלח דק זורם בקלות 1,קילוגרמים,1.00,"ק""ג",false,,4.90,4.9000,true,1,210934
7290004064372,false,מטחנת מלח אקסטרא תבלינים איטלקי 105 גר,"מלח הארץ אילת בע""מ",IL,מטחנת מלח איטלקי,גרמים,105.00,100 גרם,false,,15.90,0.1514,true,1,213682
7290004064389,false,מלח הימלאיה דק מלחייה 250 גרם,"מלח הארץ אילת בע""מ",IL,מלח הימאליה דק מלחיה,גרמים,250.00,100 גרם,false,,10.00,0.0400,false,1,216043
7290004064501,false,מארז זוג מלחיות 500 גר,"מלח הארץ בע""מ",IL,מארז זוג מלחיות - מל,גרמים,500.00,100 גרם,false,,9.90,0.0198,true,1,262497
7290004068028,false,"יוגורט צזיקי לשתיה 3.5% 500 מ""ל רובין",מיוצר על ידי קוד יצר,IL,יוגורט ציזיקי לשתייה,מיליליטרים,500.00,"100 מ""ל",false,,9.10,0.0182,true,1,141732
7290004068035,false,"איירן יוגורט לשתייה 3% גד 500 מ""ל","מיוצר ע""י קוד יצרן M",IL,"יוגורט איירן 500 מ""ל",מיליליטרים,500.00,"100 מ""ל",false,,7.50,0.0150,true,1,141499
7290004068172,false,"יוגורט עיזים בדלי 5% 600 מ""ל רובין",קוד יצרן MKN,IL,יוגורט עיזים דלי 600,גרמים,600.00,100 גרם,false,,16.90,0.0282,true,1,145912
7290004068332,false,קממבר בקר משולש שקיל,מחלבות גד,IL,קממבר בקר משולשים,קילוגרמים,1.00,"ק""ג",true,,113.00,113.0000,true,1,146394
7290004068424,false,גבינה גאודה משולשים,מחלבות גד,IL,גאודה גלגל גד,קילוגרמים,1.00,"ק""ג",true,,111.50,111.5000,true,1,147119
7290004068585,false,גבינת גאודה עיזים במ,מחלבת אמלטי הולנד,NL,גאודה עיזים גלגל,קילוגרמים,1.00,"ק""ג",true,,122.90,122.9000,true,1,189775
7290004078225,false,"שטיפת פה קולגייט פלקס מינט ירוק 500מ""ל",קולגייט- פלמוליב,PL,פלקס מי פה,מיליליטרים,500.00,"100 מ""ל",false,,29.90,0.0598,false,1,96372
7290004078263,false,מקלות אוזניים פלסטיק 2* 200 יחידות,SEPTONA S.A,GR,בלונס מקלות אזניים ז,יחידה,0.00,יחידה,false,,10.90,0.0000,true,1,96374
7290004078270,false,נוזל לניקוי כלים בריח לימון פלמוליב 1 ליטר,יבואן ומשווק: ש. שסט,GR,פלמוליב לכלים לימון,ליטרים,1.00,ליטר,false,,13.90,13.9000,false,1,96375
7290004078942,false,ליידי ספיד סטיק - דאודורנט ג'ל לאישה 65 גרם,קולגייט פלמוליב,US,ספיד סטיק ג'ל,גרמים,63.00,100 גרם,false,,19.90,0.3159,true,1,96388
7290004091217,false,"גודרס להברקת כלי כסף 125מ""ל",אס סי גונסון פורטוגל,PT,גודרס להברקת כלי כסף,יחידה,144.00,יחידה,false,,21.90,0.1521,true,1,107558
7290004091248,false,וזלין פטרוליום אינטנסיב קאר ג'ל 106 גר',"יוניליוור ארה""ב, ג'ו",US,ווזלין מס 2,גרמים,106.00,100 גרם,false,,16.90,0.1594,true,1,101669
7290004091255,false,"ואזלין פטרוליום ג'ל 225מ""ל","יוניליוור ארה""ב, ג'ו",IL,ואזלין מס 3,גרמים,225.00,100 גרם,false,,22.90,0.1018,true,1,101670
7290004119133,false,כד יוגורט תנובה 6.5% שומן 1.5 ליטר,מיוצר עי קונדיטוריית,IL,יוגורט בכד 7% 1.5 לי,ליטרים,1.50,100 ליטר,false,,18.30,12.2000,true,1,96961
7290004119225,false,יופלה יוגורט אננס %3 גביע 150 גרם,תנובה מרכז שיתופי לש,IL,יופלה אננס ספונטני 3,מיליליטרים,150.00,"100 מ""ל",false,,5.10,0.0340,true,1,96962
7290004119928,false,קרלו מעדן וניל רביעיות גביע 125 1.5%,מחלבת אלון תבור,IL,קרלו וניל 1.5%,גרמים,125.00,100 גרם,false,,3.00,0.0240,true,1,96967
7290004119973,false,קרלו מעדן שוקו רביעיה גביע 125 1.5%,תנובה מרכז שיתופי לש,IL,מעדן קרלו 1.5%,גרמים,125.00,100 גרם,false,,3.00,0.0240,true,1,96968
7290004120061,false,קרלו שוניל מעדן 125 גרם,תנובה מרכז שיתופי לש,IL,קרלו מעדן שוניל 1.5%,גרמים,125.00,100 גרם,false,,3.00,0.0240,true,1,96969
7290004120108,false,יופלה דיאט יוגורט דובדבן %0 גביע 150גרם,תנובה מרכז שיתופי לש,IL,יופלה דבדבן 0%,מיליליטרים,150.00,"100 מ""ל",false,,5.10,0.0340,true,1,96971
7290004120566,false,פיראוס 24% גבינה בולגרית 250 גרם,תנובה חלב,IL,בולגרית פיראוס 24%,גרמים,250.00,100 גרם,false,,24.50,0.0980,false,1,96984
7290004120573,false,פיראוס 16% גבינה בולגרית 250 גרם,תנובה מרכז שיתופי לש,IL,בולגרית פיראוס 16%,גרמים,250.00,100 גרם,false,,24.50,0.0980,false,1,96985
7290004120634,false,גבינה פיראוס בולגרית 5% 250 גרם,תנובה מרכז שיתופי לש,IL,בולגרית פיראוס 5%,גרמים,250.00,100 גרם,false,,24.50,0.0980,false,1,96986
7290004120832,false,"חלב 2 ליטר 3% כד ""תנובה""- מוצר בפיקוח",תנובה מרכז שיתופי לש,IL,חלב כד 3% מהדרין,ליטרים,2.00,ליטר,false,,12.46,6.2300,false,1,96989
7290004121280,false,"שמנת חמוצה 9% חצי מנה תנובה 100 מ""ל",,,שמנת תנובה 9% חצי מנ,מיליליטרים,100.00,"100 מ""ל",false,,1.30,0.0130,false,1,203485
7290004121488,false,יופלה דיאט אפרסק 0% גביע 150 גרם,תנובה מרכז שיתופי לש,IL,יופלה אפרסק חטוב 0%,מיליליטרים,150.00,"100 מ""ל",false,,5.10,0.0340,true,1,96997
7290004121525,false,יופלה מאגדת פרי 4 תות 4 אפרסק 3% 8 יח'*150 ג',תנובה מרכז שיתופי לש,IL,מאגדת יופלה אפרסק+תו,מיליליטרים,1200.00,"100 מ""ל",false,,31.90,0.0266,true,1,96999
7290004121754,false,יוגורט עוגת גבינה ותות 3% שומן 150 ג' יופלה,תנובה חלב,IL,יופלה עוגת גבינה ותו,מיליליטרים,150.00,"100 מ""ל",false,,5.10,0.0340,true,1,97007
7290004121839,false,גבינת פטה כבשים 20% 250 ג' פיראוס,תנובה מרכז שיתופי לש,IL,פטה כבשים 20% פיראוס,גרמים,250.00,100 גרם,false,,28.50,0.1140,false,1,97008
7290004121853,false,גבינה בולגרית פיראוס 5% קוביות 200 גרם,תנובה מרכז שיתופי לש,IL,פיראוס קוביות בולגרי,גרמים,200.00,100 גרם,false,,21.90,0.1095,false,1,97009
7290004122119,false,פתיתי פרמזן 23% לפסטה השף הלבן 100 גרם,פ.פ.ח. שאביט,IL,פתיתי פרמזן לאפיה 23,גרמים,100.00,100 גרם,false,,12.60,0.1260,true,1,97012
7290004122195,false,"גבינת גוש חלב פרוס 28%, כשרות מהדרין, 200 ג'",תנובה חלב,IL,גוש חלב פרוס 28%,גרמים,200.00,100 גרם,false,,14.60,0.0730,false,1,97013
7290004122270,false,עמק קלאסית פרוסות גבינה חצי קשה 28% 200 גרם,תנובה מרכז שיתופי לש,IL,עמק פרוסות 28%,גרמים,200.00,100 גרם,false,,16.90,0.0845,false,1,97014
7290004122348,false,גבינת עמק לייט פרוס בקופסא 200 גרם,תנובה מרכז שיתופי לש,IL,עמק לייט 9%,גרמים,200.00,100 גרם,false,,17.90,0.0895,false,1,97016
7290004122676,false,גבינת חמד לייט 5% פיראוס 250 ג',"תנובה,מחלבת טנא נוגה",IL,גבינת חמד 5% גביע 25,גרמים,250.00,100 גרם,false,,18.90,0.0756,false,1,97020
7290004122683,false,עמק חטיף אצבעות גבינה חצי קשה 28% שומן,תנובה מרכז שיתופי לש,IL,אצבעות חטיף גבינת עמ,גרמים,172.00,100 גרם,false,,16.90,0.0983,false,1,97021
7290004124205,false,יופלה דיאט יוגורט תות %0 גביע 150 גרם,תנובה מרכז שיתופי לש,IL,יופלה תות קליל 0%,מיליליטרים,150.00,"100 מ""ל",false,,5.10,0.0340,true,1,97039
7290004124847,false,"קצפת צמחית השף הלבן 500 מ""ל תנובה",תנובה מרכז שיתופי לש,IL,קצפת צימחית השף הלבן,מיליליטרים,500.00,"100 מ""ל",false,,16.50,0.0330,true,1,97045
7290004125370,false,"שמנת חמוצה 9 % מופחתת שומן 200 מ""ל",תנובה מרכז שיתופי לש,IL,שמנת תנובה 9%,גרמים,200.00,100 גרם,false,,3.80,0.0190,true,1,97049
7290004125400,false,"אשל שלי מהדרין 200 מ""ל 4.5% ""תנובה""- מוצר בפיקוח",פארייפאבה אגרואינדוס,IL,שלי אשל 4.5%,מיליליטרים,200.00,"100 מ""ל",false,,1.69,0.0084,false,1,97050
7290004125417,false,"גיל 3% שלי 200 מ""ל ""תנובה"" -מוצר בפיקוח",תנובה מרכז שיתופי לש,IL,שלי גיל 3%,מיליליטרים,200.00,"100 מ""ל",false,,1.51,0.0076,false,1,97051
7290004125455,false,"שמנת חמוצה 200 מ""ל 15% ""תנובה"" -מוצר בפיקוח",תנובה מרכז שיתופי לש,IL,שמנת 15%,מיליליטרים,200.00,"100 מ""ל",false,,2.40,0.0120,false,1,97052
7290004125462,false,"שמנת אורגינל 15% מהדרין 500 מ""ל",תנובה מרכז שיתופי לש,IL,שמנת חמוצה 15%,יחידה,500.00,יחידה,false,,6.00,0.0120,false,1,97053
7290004125509,false,"שמנת 15% חצי מנה 100 מ""ל תנובה",תנובה מרכז שיתופי לש,IL,שמנת אורגינל 15%,מיליליטרים,100.00,"100 מ""ל",false,,1.70,0.0170,false,1,97055
7290004125578,false,משקה סויה מעושר בסידן תנובה 1ל',תנובה מרכז שיתופי לש,IL,משקה סויה מועשר 1.6%,ליטרים,1.00,ליטר,false,,9.90,9.9000,false,1,97057
7290004125585,false,משקה סויה וניל תנובה E אלטרנטיב,תנובה מרכז שיתופי לש,IL,משקה סויה וניל 1.45%,ליטרים,1.00,ליטר,false,,10.60,10.6000,false,1,97058
7290004125721,false,"השף הלבן שמנת עמידה לבישול 15% תנובה 250 מ""ל",תנובה מרכז שיתופי לש,IL,שמנת לבישול 15%,מיליליטרים,250.00,"100 מ""ל",false,,8.70,0.0348,true,1,97064
7290004125738,false,שמנת מתוקה להקצפה32% 250מל עמיד השף הלבן,תנובה מרכז שיתופי לש,IL,שמנת להקצפה 32%,מיליליטרים,250.00,"100 מ""ל",false,,6.90,0.0276,true,1,97065
7290004125776,false,גבינה צהובה עמק 28% 400 גרם בקופסא,תנובה חלב,IL,עמק פרוס 28% 400 גרם,גרמים,400.00,100 גרם,false,,31.00,0.0775,false,1,97067
7290004126674,false,טל העמק פרוסות גבינה חצי קשה לייט %9 200 גרם בקופסא,תנובה מרכז שיתופי לש,IL,טל העמק לייט 9%,גרמים,200.00,100 גרם,false,,19.90,0.0995,true,1,97077
7290004126759,false,יופלה דיאט פירות יער %0 גביע 150 גרם,תנובה חלב,IL,יופלה פירות יער 0%,מיליליטרים,150.00,"100 מ""ל",false,,5.10,0.0340,true,1,97081
7290004127077,false,קוטג תנובה 3% גביע 250 גרם מהדרין,מיוצר עי קונדיטוריית,IL,קוט'ג תנובה 3%,גרמים,250.00,100 גרם,false,,5.50,0.0220,false,1,97083
7290004127329,false,קוטג תנובה גביע 250 גרם %5 ו.מהדרין,מיוצר עי קונדיטוריית,IL,קוטג' תנובה 5% 250 ג,גרמים,250.00,100 גרם,false,,5.50,0.0220,false,1,97086
7290004127336,false,קוטג תנובה גביע 250 גרם %9 ו.מהדרין,מיוצר עי קונדיטוריית,IL,קוטג' תנובה 9% 250 ג,גרמים,250.00,100 גרם,false,,5.50,0.0220,false,1,97087
7290004127800,false,"גבינה לבנה 500 גרם 5% ""תנובה"" -מוצר בפיקוח",מיוצר עי קונדיטוריית,IL,גבינה לבנה 5% 500 גר,גרמים,500.00,100 גרם,false,,9.96,0.0199,false,1,97089
7290004127817,false,גבינה לבנה 9% שומן 500 ג' תנובה,מיוצר עי קונדיטוריית,IL,גבינה לבנה 9% 500 גר,גרמים,500.00,100 גרם,false,,10.00,0.0200,false,1,97090
7290004127862,false,"גבינה לבנה 750 גרם 5% ""תנובה"" - מוצר בפיקוח",תנובה מרכז שיתופי לש,IL,גבינה 5% 750,גרמים,750.00,100 גרם,false,,14.94,0.0199,false,1,97091
7290004127916,false,גבינה לבנה 0.5% שומן 500 ג' תנובה,תנובה מרכז שיתופי לש,IL,גבינה תנובה 0.5%,גרמים,500.00,100 גרם,false,,10.00,0.0200,false,1,97093
7290004128333,false,לאבנה על בסיס יוגורט %9 שומן 500 ג' פיראוס,תנובה חלב,IL,לבנה פיראוס 9% - 500,גרמים,500.00,100 גרם,false,,20.90,0.0418,false,1,97104
7290004128340,false,קרם גבינת שמנת %5 בטעם טבעי 200 ג' תנובה,תנובה חלב,IL,גבינת קרם 5% טבעית,גרמים,200.00,100 גרם,false,,11.90,0.0595,true,1,97105
7290004128364,false,קרם גבינת שמנת 5% עם זיתים ירוקים 200 ג' תנובה,"תנובה, מחלבת תל יוסף",IL,גבינת קרם 5% זית,גרמים,200.00,100 גרם,false,,11.90,0.0595,true,1,97106
7290004128432,false,פתיתים מיוחדים לפיצה על בסיס גבינה 500 ג',תנובה חלב,IL,פתיתים מיוחדים לפיצה,גרמים,500.00,100 גרם,false,,23.50,0.0470,false,1,115569
7290004129101,false,גבינת שמנת 25% בטעם טבעי 225 ג' נפוליאון,תנובה מרכז שיתופי לש,IL,נפוליאון טבעי 30%,גרמים,225.00,100 גרם,false,,13.90,0.0618,false,1,97117
7290004129156,false,גבינת שמנת25% עם שום שמיר 225 ג' נפוליאון,תנובה מרכז שיתופי לש,IL,נפוליאון שום שמיר 30,גרמים,225.00,100 גרם,false,,13.90,0.0618,false,1,97119
7290004129736,false,יופלה לבן מעודן 1.5% גביע 200 גרם,תנובה מרכז שיתופי לש,IL,יופלה במתיקות מעודנת,מיליליטרים,200.00,"100 מ""ל",false,,4.50,0.0225,true,1,97131
7290004129767,false,"3% 'יופלה לבן מארז שמינייה 1.2 ק""ג",מחלבת אלון תבור,IL,יופלה טבעי 3% שמיניה,מיליליטרים,1200.00,"100 מ""ל",false,,18.40,0.0153,true,1,97132
7290004130695,false,משקאות חלב תנובה אייס קפה בבקבוק 1ל,תנובה מרכז שיתופי לש,IL,אייס קפה 1ליטר,ליטרים,1.00,ליטר,false,,13.20,13.2000,true,1,115895
7290004130794,false,משקה סויה טבעי במתיקות מופחתת 1 ליטר,תנובה מרכז שיתופי לש,IL,משקה סויה מועשר 1.6%,ליטרים,1.00,ליטר,false,,10.60,10.6000,false,1,97139
7290004130916,false,יוגורט 3% פירות יער בשמנת 150 ג' יופלה,תנובה מרכז שיתופי לש,IL,יופלה פירות יער בשמנ,מיליליטרים,150.00,"100 מ""ל",false,,5.10,0.0340,false,1,97142
7290004131074,false,"חלב 1 ליטר 3% קרטון ""תנובה""- מוצר בפיקוח",תנובה מרכז שיתופי לש,IL,חלב 3% טרי בקרטון מה,ליטרים,1.00,ליטר,false,,6.23,6.2300,false,1,97147
7290004131432,false,יוגורט ביו 3% שומן 200 ג' יופלה,מיוצר עי קונדיטוריית,IL,יופלה טבעי 3%,מיליליטרים,200.00,"100 מ""ל",false,,4.00,0.0200,true,1,97151
7290004131456,false,יוגורט ביו 1.5% שומן 200 ג' יופלה,מיוצר עי קונדיטוריית,IL,יופלה טבעי 1.5%,מיליליטרים,200.00,"100 מ""ל",false,,4.00,0.0200,true,1,97152
7290004131531,false,משקאות חלב תנובה שוקו בקבוק 1ל,תנובה מרכז שיתופי לש,IL,שוקו בקבוק 1ליטר,ליטרים,1.00,ליטר,false,,13.20,13.2000,false,1,97155
7290004131814,false,גבינה צפתית 5% מעודנת 200 ג' פיראוס,פארייפאבה אגרואינדוס,IL,גבינת פיראוס צפתית מ,גרמים,200.00,100 גרם,false,,15.90,0.0795,false,1,97165
7290004131845,false,גבינת לאבנה 9% שומן 750 ג' פיראוס,תנובה מרכז שיתופי לש,IL,לאבנה פיראוס 9% 750,גרמים,750.00,100 גרם,false,,23.90,0.0319,false,1,139846
7290004132552,false,משקה סויה לייט בטעם טבעי טרי 1 ליטר,תנובה מרכז שיתופי לש,IL,דיאט סויה טבעי 1.8%,ליטרים,1.00,ליטר,false,,10.60,10.6000,false,1,97186
7290004132606,false,"קרלו מעדן חלב בטעם וניל 2% תנובה 8*100 מ""ל",תנובה מרכז שיתופי לש,IL,מאגדת מיני קרלו שמינ,יחידה,800.00,יחידה,false,,14.70,0.0184,true,1,113669
7290004132712,false,חטיף אצבעות גבינת מוצרלה 20% 172 ג' עמק,תנובה מרכז שיתופי לש,IL,אצבעות גבינת מוצרלה,גרמים,174.00,100 גרם,false,,16.90,0.0971,false,1,97194
7290004132903,false,גבינה לבנה 3% מהדרין תנובה 250 גרם,תנובה מרכז שיתופי לש,IL,"גבינה 3% בד""צ",גרמים,250.00,100 גרם,false,,5.00,0.0200,false,1,156487
7290004133511,false,יופלה מאגדת לבן 1.5% מעודן 8 יח' * 150 ג',מיוצר עי קונדיטוריית,IL,שמיניית יופלה במתיקו,מיליליטרים,1200.00,"100 מ""ל",false,,21.90,0.0182,true,1,97212
7290004134945,false,יוגורט מוקה 3% שומן 150 ג' יופלה,תנובה מרכז שיתופי לש,IL,יופלה מוקה 3%,מיליליטרים,150.00,"100 מ""ל",false,,5.10,0.0340,true,1,97247
7290004135058,false,מאגדת קרלו מיני 8*100 גרם שוקולד מהדרין,תנובה מרכז שיתופי לש,IL,מאגדת מיני קרלו שמינ,גרמים,800.00,100 גרם,false,,14.70,0.0184,true,1,113670
7290004135225,false,מעדן חלב דל קלוריות בטעם שוקולד 0.2שומ,תנובה מרכז שיתופי לש,IL,מעדן דיאט שוקולדה 0%,מיליליטרים,150.00,"100 מ""ל",false,,4.10,0.0273,true,1,97254
7290004135324,false,פיראוס בולגרית מעודנ,תנובה מרכז שיתופי לש,IL,בולגרית 5% מעודנת תנ,קילוגרמים,1.00,"ק""ג",true,,49.90,49.9000,false,1,96850
7290004135614,false,גבינה בולגרית מעודנת 5% 250 ג' פיראוס,תנובה חלב,IL,בולגרית מעודנת 5% תנ,גרמים,250.00,100 גרם,false,,23.90,0.0956,false,1,114039
7290004136291,false,צפתית 5% מעודנת תנוב,תנובה,IL,צפתית מעודנת,קילוגרמים,1.00,"ק""ג",true,,59.90,59.9000,true,1,120176
7290004136598,false,מארז הפסקת אוכל עם קורנפלקס ומשקה חלב עמיד בטעם וניל,פארייפאבה אגרואינדוס,IL,מארז הפסקת אוכל חלב,מיליליטרים,150.00,"100 מ""ל",false,,9.30,0.0620,false,1,112319
7290004136857,false,ג'לי תנובה פטל 125 גרם,תנובה מרכז שיתופי לש,IL,ג'לי פטל תנובה,גרמים,125.00,100 גרם,false,,2.40,0.0192,true,1,111833
7290004136864,false,מעדן ג'לי בטעם אננס עם חתיכות תנובה 125 גרם,תנובה חלב,IL,ג'לי אננס עם חתיכו א,גרמים,125.00,100 גרם,false,,2.80,0.0224,true,1,111834
7290004136871,false,מעדן ג'לי בטעם אפרסק עם חתיכות תנובה 125 גרם,תנובה מרכז שיתופי לש,IL,ג'לי אפרסק עם חתיכות,גרמים,125.00,100 גרם,false,,2.80,0.0224,true,1,111835
7290004137021,false,"שמנת לבישול 10% עמיד השף הלבן 250 מ""ל",תנובה מרכז שיתופי לש,IL,שמנת לבישול מופחת שו,מיליליטרים,250.00,"100 מ""ל",false,,8.70,0.0348,false,1,115520
7290004137311,false,עמק לייט משפחתית 9% 400ג-ועדת מהדרין,תנובה חלב,IL,עמק לייט 9% 400 גרם,גרמים,400.00,100 גרם,false,,31.90,0.0797,false,1,115102
7290004137809,false,פיראוס לאבנה 5% גביע 250 גרם,"תנובה, מחלבת אלון תב",IL,לאבנה 5% פיראוס,גרמים,250.00,100 גרם,false,,13.00,0.0520,false,1,115352
7290004146986,false,נקה 7 שמפו לשיער צבוע ומובהר 750 מל,אמיליה קוסמטיקס,IL,נקה 7-שמפו צבוע כתו,מיליליטרים,750.00,"100 מ""ל",false,,11.90,0.0159,true,1,107925
7290004146993,false,נקה 7 מרכך שיער צבוע ומובהר 750 מל,אמיליה קוסמטיקס,IL,נקה 7-מייצב צבוע כתו,מיליליטרים,750.00,"100 מ""ל",false,,11.90,0.0159,true,1,107926
7290004147020,false,גיישנית מקורית/יפאני,איסן,JP,ספוג יפני לרחצה,יחידה,0.00,יחידה,false,,22.90,0.0000,true,1,105244
7290004147051,false,קיסמי שיניים רפואיים 300יח',וולטרס,,קיסמי שיניים צנצ,יחידה,0.00,יחידה,false,,10.90,0.0000,true,1,105246
7290004147150,false,ליפות גב לרחצה + רצו,מיה טריידינג,CN,רצועות מסאז' לגב,יחידה,0.00,יחידה,false,,12.90,0.0000,true,1,105249
7290004147280,false,שקית כביסון,מיה טריידינג,CN,שקית כביסון,יחידה,750.00,יחידה,false,,9.90,0.0132,true,1,105254
7290004147327,false,מלבין כביסה 1 קג,,,מלבין כביסה 1 קג,מיליליטרים,1000.00,"100 מ""ל",false,,19.90,0.0199,true,1,105256
7290004147334,false,סוגרן שקיות מזון,מיה טריידינג,CN,סוגרן שקיות,יחידה,0.00,יחידה,false,,7.90,0.0000,true,1,114704
7290004165000,false,רסק תפוחי עץ בתוספת סוכר יכין 560גר,זנלכל,IL,"רסק תפו""ע עם סוכר",גרמים,560.00,100 גרם,false,,6.90,0.0123,true,1,137969
7290004199777,false,צימרוני אוז' פל' בכוס 300 יח',כוטון סופט,,צימרוני אוזניים בכוס,יחידה,0.00,יחידה,false,,7.50,0.0000,true,1,136639
7290004199821,false,אטבי כביסה סופר 24 יח',הוסטס,CN,אטבי כביסה,יחידה,0.00,יחידה,false,,5.90,0.0000,true,1,123549
7290004200336,false,שמחה שקית בלונים 10י,גמר,,בלונים,יחידה,0.00,יחידה,false,,10.90,0.0000,true,1,151031
7290004200930,false,זיקוק זוג 15 סמ בשקי,שמחה זה אנחנו,,זוג זיקוקין,יחידה,0.00,יחידה,false,,7.20,0.0000,true,1,95357
7290004218034,false,אוסובוקו קפוא,,,אוסובוקו קפוא,קילוגרמים,1.00,"ק""ג",true,,55.00,55.0000,false,1,126971
7290004219819,false,קומפלטה מלבין קפה הולנדי 200ג,פריזלנד פודס קיוויט,NL,מלבין קפה הולנדי,גרמים,200.00,100 גרם,false,,10.50,0.0525,true,1,105136
7290004219826,false,מלבין קפה הולנדי קומפלטה 400ג',פריזלנד פודס קיוויט,NL,מלבין קפה הולנדי,גרמים,400.00,100 גרם,false,,18.90,0.0472,true,1,105137
7290004221409,false,וובר רוטב חזרת 453 גרם בקבוק לחיץ,וובר ספרינגפילד,,רוטב חזרת SANDWICH P,גרמים,454.00,100 גרם,false,,19.90,0.0438,true,1,100393
7290004225278,false,סגנון דנאבלו שקיל,נטו מלינדה סיימן,,גבינת דנאבלו,קילוגרמים,1.00,"ק""ג",true,,74.90,74.9000,true,1,140689
7290004225285,false,גבינה בסגנון דנאבלו 100 ג',האי נאם סי או אל.טי.,DK,גבינת דנבלו 100 גר,גרמים,100.00,100 גרם,false,,11.90,0.1190,true,1,144715
7290004229740,false,גבינה בסגנון פטה 8 ק,מאמן,,גבינה בסגנון פטה 8 ק,קילוגרמים,1.00,"ק""ג",true,,32.90,32.9000,true,1,218996
7290004230081,false,קציצות עוף ברוטב עגבניות שגב 800 גרם,טיבון ויל,IL,קציצות עוף ברוטב עגב,גרמים,800.00,100 גרם,false,,22.90,0.0286,true,1,140996
7290004230104,false,קציצות בקר ברוטב עגבניות שגב,טיבון וייל החזקות,IL,קציצות בקר ברוטב עגב,גרמים,800.00,100 גרם,false,,22.90,0.0286,true,1,186423
7290004230333,false,"מקלות בורקס פילו תפו""א שגב 600 גר",שלושת האופים שגמור,IL,מקלות בורקס פילו שגב,גרמים,600.00,100 גרם,false,,21.00,0.0350,true,1,141825
7290004230357,false,שגב מקלות בורקס פילו גבינה ובטטה 600 גר,שלושת האופים שגמור,IL,מקלות בורקס פילו בטט,גרמים,600.00,100 גרם,false,,21.00,0.0350,true,1,141827
7290004230364,false,שגב מקלות בורקס פילו גבינה צרפתי 600 גר,שלושת האופים שגמור,IL,מקלות בורקס פילו גבי,גרמים,600.00,100 גרם,false,,21.00,0.0350,true,1,141828
7290004230371,false,מקלות בורקס פילו פיצה 600 גרם לנדא,שלושת האופים שגמור,IL,מקלות בורקס פילו פיצ,גרמים,600.00,100 גרם,false,,21.00,0.0350,true,1,144842
7290004256371,false,ריץ פרוס 400 ג' -צהובה פרוסה,מלקפול אלוורטוסקה,PL,גבינת ריץ פרוסה 400,גרמים,400.00,100 גרם,false,,17.90,0.0447,false,1,208257
7290004256753,false,עלי לסיגר מרוקאי לפסטיליה 450 גרם,סטאר סנקס,IL,עלי סיגר לפסטילייה,יחידה,0.00,יחידה,false,,13.90,0.0000,true,1,207212
7290004324605,false,גבינה מותכת למריחה בטעם רוקפור 7% מון בלאן 120 ג',האי נאם סי או אל.טי.,IL,מון בלאן רוקפור לייט,גרמים,120.00,100 גרם,false,,13.00,0.1083,true,1,109392
7290004324858,false,קבב כבש טיבון ויל 500 גרם,"טיבון ויל אחזקות בע""",IL,קבב כבש,גרמים,500.00,100 גרם,false,,18.90,0.0378,false,1,109394
7290004329990,false,שניצל עוף פרוס קפוא,בלדי,,שניצל עוף פרוס,קילוגרמים,1.00,"ק""ג",true,,42.90,42.9000,true,1,95394
7290004339005,false,שניצל טופו תירס קינואה וחלבון אפונה 450גרם טבע דלי,,IL,שניצל טופו תירס קינו,גרמים,450.00,100 גרם,false,,27.90,0.0620,true,1,262451
7290004339012,false,שניצל עם חלבון אפונה 450 גרם,,IL,שניצל אמיתי עם חלבון,גרמים,450.00,100 גרם,false,,27.90,0.0620,true,1,262452
7290004339173,false,המבורגר קינואה 400גרם טבע דלי,טבע דלי,IL,"בורגר מן הצומח ""טבע",גרמים,400.00,100 גרם,false,,24.90,0.0622,true,1,136351
7290004339777,false,סייטן טחון בולונז 350 גרם טבע דלי,טבע דלי,IL,SEITAN-סייטן בולונז,גרמים,350.00,100 גרם,false,,24.90,0.0711,true,1,189661
7290004339784,false,המבורגר ניו יורק על האש 400 גרם טבע דלי,טבע דלי,IL,טבע דלי-המבורגר מהצו,גרמים,400.00,100 גרם,false,,24.90,0.0622,true,1,147699
7290004339807,false,המבורגר הוט מקסיקן כוסמת מש מונבט אורז מלא וצ'יה 400גר טבע דלי,טבע דלי בעמ,IL,"המבורגר כוסמת ""טבע ד",גרמים,400.00,100 גרם,false,,24.90,0.0622,true,1,188260
7290004386825,false,שעועית בגודל ענק אפויה ברוטב עגבניות -מוכן לאכילה,וילי פוד,GR,שעועית ברוטב עגבניות,גרמים,420.00,100 גרם,false,,7.90,0.0188,true,1,212780
7290004464851,false,מידנייט U קרם גוף 400 משאבה,General,,קרם גוף מיד נייט,מיליליטרים,400.00,"100 מ""ל",false,,28.90,0.0722,true,1,97975
7290004492274,false,"בייגלה גל גל 400 גרם ""בייגל בייגל""",אתר בייגל - Food,IL,בייגלה טבעות מלוחות,גרמים,400.00,100 גרם,false,,8.90,0.0223,true,1,101677
7290004492762,false,נשנושים תירס ב.בייגל 325 ג',אתר בייגל - Food,IL,נשנושים תירס,גרמים,325.00,100 גרם,false,,13.50,0.0415,false,1,101693
7290004494049,false,פומה סוביניון בלאן-דלתון 750 מל,"איי, בי, אינבוו",IL,דלתון גליל סובניון ב,מיליליטרים,750.00,"100 מ""ל",false,,59.90,0.0799,true,1,115926
7290004494131,false,יין דלתון קברנה סוביניון גליל,"איי, בי, אינבוו",IL,דלתון גליל קברנה סוב,מיליליטרים,750.00,"100 מ""ל",false,,59.90,0.0799,true,1,102703
7290004494148,false,יין אדום מרלו גליל י,"איי, בי, אינבוו",IL,דלתון גליל מרלו,מיליליטרים,750.00,"100 מ""ל",false,,59.90,0.0799,false,1,102704
7290004494179,false,יין דלתון שרדונה 750 מל,"איי, בי, אינבוו",IL,יין דלתון שרדונה,מיליליטרים,750.00,"100 מ""ל",false,,59.90,0.0799,true,1,137046
7290004494315,false,יין כנען מוסקטו דלתון 750 מל,"יקב דלתון בע""מ",IL,מוסקטו דלתון,מיליליטרים,750.00,"100 מ""ל",false,,37.50,0.0500,true,1,119362
7290004494599,false,"יין עלמה קרימזון 750 מ""ל דלתון","יקב דלתון בע""מ",IL,עלמה אדום כהה,מיליליטרים,750.00,"100 מ""ל",false,,79.90,0.1065,true,1,117071
7290004494919,false,יין כנען קברנה שיראז 750 מל דלתון,"יקב דלתון בע""מ",IL,כנען קברנה שיראז,מיליליטרים,750.00,"100 מ""ל",false,,37.50,0.0500,true,1,195141
7290004502690,false,וודקה פינלנדיה 1 ליטר,,,פינלנדיה 1 ליטר,ליטרים,1.00,ליטר,false,,89.90,89.9000,true,1,200666
7290004517403,false,סלט איקרה לבנה / אדו,,,סלט איקרה לבנה / אדו,גרמים,250.00,100 גרם,false,,14.90,0.0596,true,1,195455
7290004517465,false,סלט איקרה ורודה 250,,,סלט איקרה ורודה,גרמים,250.00,100 גרם,false,,14.90,0.0596,true,1,199106
7290004518011,false,מקרל מעושן בוואקום,,,מקרל מעושן בוואקום,קילוגרמים,1.00,"ק""ג",true,,65.00,65.0000,true,1,209863
7290004518158,false,טונה מעושנת,,,טונה מעושנת,קילוגרמים,1.00,"ק""ג",true,,150.00,150.0000,true,1,207488
7290004518226,false,מקרוסקה בוואקום,,,מקרוסקה בוואקום,קילוגרמים,1.00,"ק""ג",true,,100.00,100.0000,true,1,209722
7290004518462,false,סלומון פרוס 100 גר',,,סלומון פרוס 100 גר',יחידה,0.00,יחידה,false,,24.90,0.0000,true,1,209862
7290004518561,false,סלמון מעושן פרוס 200,,,סלמון מעושן פרוס 200,גרמים,200.00,100 גרם,false,,49.90,0.2495,true,1,214154
7290004532048,false,גרעיני דלעת קלויים ומומלחים 200 גר',דין שיווק,,גרעיני דלעת ממולחים,גרמים,200.00,100 גרם,false,,11.50,0.0575,true,1,213889
7290004532062,false,הטיב גרעיני אבטיח 200ג,דין שיווק,,גרעין אבטיח קלוי,גרמים,200.00,100 גרם,false,,15.90,0.0795,true,1,213890
7290004532086,false,אגוז קשיו 200 גרם,g&g,,קשיו קלוי,גרמים,200.00,100 גרם,false,,18.90,0.0945,true,1,213873
7290004532093,false,הטיב בוטנים בקליפה 250ג,g&g,,בוטן בקליפה,גרמים,250.00,100 גרם,false,,9.90,0.0396,true,1,213878
7290004532123,false,הטיב פיסטוק חלבי 200ג,g&g,,פיסטוק קלוי,גרמים,200.00,100 גרם,false,,19.90,0.0995,true,1,213874
7290004532130,false,הטיב בוטן אמריקאי 200ג,"גיי אנג גי פקאנס בע""",IL,בוטן אמריקאי,גרמים,200.00,100 גרם,false,,5.50,0.0275,true,1,213879
7290004532147,false,הטיב קבוקים 200ג,"גיי אנג גי פקאנס בע""",IL,קבוקים ביג,גרמים,200.00,100 גרם,false,,4.90,0.0245,true,1,213880
7290004532161,false,אלמנדוס 200 גרם הטיב,יושלם,,אלמנדוס,גרמים,200.00,100 גרם,false,,6.90,0.0345,true,1,213891
7290004532574,false,גרעינים שחורים 200 גר',"גיי אנג גי פקאנס בע""",IL,גרעין חמנייה קלוי מל,גרמים,200.00,100 גרם,false,,5.50,0.0275,true,1,213893
7290004532581,false,בוטנים קלויים 200ג' הטיב,g&g,,בוטן קלוי מלוח,גרמים,200.00,100 גרם,false,,8.00,0.0400,true,1,213883
7290004536039,false,כפפות דלפין זוג ורוד מס8,ספונטקס,MY,כפפות דלפין,יחידה,0.00,יחידה,false,,7.50,0.0000,true,1,104864
7290004536046,false,ספונטקס - כפפות זוג מס' 9,ספונטקס,MY,כפפות דלפין,יחידה,0.00,יחידה,false,,7.50,0.0000,true,1,104865
7290004536053,false,7 כפפות דלפין 2 צבעים מס,גורי,,כפפות מס 7,יחידה,0.00,יחידה,false,,11.90,0.0000,true,1,104866
7290004536060,false,כפפות דלפין 2 צבע מס' 8 MAPA,גורי,,כפפות מס 8,יחידה,0.00,יחידה,false,,11.90,0.0000,true,1,104867
7290004536077,false,כפפות צבעוניות מספר,גורי,,כפפות גומי,יחידה,0.00,יחידה,false,,11.90,0.0000,true,1,104868
7290004554293,false,קרחון אסקימו שטראוס ענבים,שטראוס,IL,קרחון אסקימו ענב,יחידה,0.00,יחידה,false,,2.50,0.0000,true,1,95988
7290004554354,false,גלידת פנטזיה שוקו וניל 1 ל' שטראוס,"גלידת שטראוס בע""מ, ר",IL,גלידת פנטזיה וניל שו,יחידה,900.00,יחידה,false,,23.90,0.0266,true,1,95990
7290004554781,false,קרחון אסקימו שטראוס לימון,שטראוס גלידות,,קרחון אסקימו לימ,יחידה,0.00,יחידה,false,,2.50,0.0000,true,1,95994
7290004554798,false,"שלגון מטרה פטל,לימון וענבים","מיוצר ע"" גלידת שטראו",IL,שלגון מקס מטרה פ,יחידה,0.00,יחידה,false,,5.50,0.0000,true,1,95995
7290004554903,false,"גלידת פנטזיה שוקו וניל 900 מ""ל שטראוס","גלידת שטראוס בע""מ",IL,פנטזיה פרווה,יחידה,900.00,יחידה,false,,23.90,0.0266,true,1,95996
7290004584306,false,רבעיית גמדים בטעם תות בננה * 100 ג' שטראוס,מיוצר עי קונדיטוריית,IL,סופר גמדים תות בננה,גרמים,400.00,100 גרם,false,,11.10,0.0277,true,1,95584
7290004584351,false,גבינה לבנה סימפוניה עם תוספות 200 ג' חמישית 200,"שטראוס בריאות בע""מ",IL,סימפוניה 5%,גרמים,200.00,100 גרם,false,,11.20,0.0560,false,1,95585
7290004584528,false,יוגורט דנונה ביו לבן 1.7% שומן 200 גרם,מיוצר עי קונדיטוריית,IL,יוגורט דנונה ביו 1.7,מיליליטרים,200.00,"100 מ""ל",false,,3.50,0.0175,true,1,95586
7290004585907,false,דני ועדן וניל 1.5% 125ג' שטראוס,מיוצר עי קונדיטוריית,IL,דני וניל 1.5%,מיליליטרים,130.00,"100 מ""ל",false,,2.60,0.0200,true,1,95588
7290004603175,false,מלח הארץ מלחייה גס 500 גרם,תעשיות מלח לישראל,IL,מלח גס 500 גר',גרמים,500.00,100 גרם,false,,7.90,0.0158,true,1,145887
7290004639006,false,קוסקוס טוניסאי קפוא 800 גר,מטעמי פאר,IL,קוסקוס קפוא 800 גר',גרמים,800.00,100 גרם,false,,15.90,0.0199,true,1,100543
7290004658847,false,"תירוש כרמל מיץ ענבים אדום, 187 מ""ל",יקבי כרמל,IL,יין תירוש קטן,מיליליטרים,187.00,"100 מ""ל",false,,5.90,0.0316,true,1,205433
7290004658946,false,שרדונה פרייבט קולקשי,"כד בני דרום בע""מ",IL,יין שרדונה C.P,מיליליטרים,750.00,"100 מ""ל",false,,34.90,0.0465,false,1,194783
7290004658953,false,יין סוביניון בלאן פרייבט קולקשן יקבי כרמל,"כד בני דרום בע""מ",IL,סוביניון בלאן P.C,מיליליטרים,750.00,"100 מ""ל",false,,34.90,0.0465,false,1,103611
7290004658960,false,יין אמרלד ריזלינג פרייבט קולקשן יקבי כרמל,אגודת הכורמים הקואופ,IL,אמרלד ריזלינג PRIVAT,מיליליטרים,750.00,"100 מ""ל",false,,34.90,0.0465,false,1,103612
7290004685010,false,לחם 100% שיפון פלוס לחם הארץ 500 גר',מאפית י את א ברמן בע,IL,לחם הארץ,גרמים,500.00,100 גרם,false,,17.90,0.0358,true,1,138507
7290004685027,false,לחם חיטה מלאה פלוס לחם הארץ 500 גרם,מאפית י את א ברמן בע,IL,לחם חיטה מלאה קל,גרמים,500.00,100 גרם,false,,17.90,0.0358,true,1,138508
7290004685089,false,לחם הארץ לחם חמניות 500 גר',מאפית י את א ברמן בע,IL,לחם הארץ חמניות,גרמים,500.00,100 גרם,false,,17.90,0.0358,true,1,138548
7290004685126,false,לחם פומפרניקל לחם הארץ 750 גרם,מאפית י את א ברמן בע,IL,לחם 5 דגנים הארץ,גרמים,750.00,100 גרם,false,,17.90,0.0239,true,1,112574
7290004685157,false,לחם שיפון 100% 750 גרם לחם הארץ,מאפית י את א ברמן בע,IL,לחם הארץ שיפון 100%,גרמים,750.00,100 גרם,false,,17.90,0.0239,true,1,99921
7290004685195,false,לחם 10 דגנים לחם הארץ 750 גרם,מאפית י את א ברמן בע,IL,לחם 10 דגנים הארץ,גרמים,750.00,100 גרם,false,,17.90,0.0239,true,1,99923
7290004685201,false,לחם הארץ אגוזים 500 גרם,מאפית י את א ברמן בע,IL,לחם שיפון אגוזים,גרמים,500.00,100 גרם,false,,17.90,0.0358,true,1,99924
7290004685430,false,לחם הארץ כוסמין 100% 500 גרם,מאפית י את א ברמן בע,IL,לחם הארץ כוסמין 100%,גרמים,500.00,100 גרם,false,,17.90,0.0358,true,1,197189
7290004685447,false,לחמניות כוסמין 6 בשקית 450 גרם,מאפית י את א ברמן בע,IL,לחמניות כוסמין שישיי,גרמים,450.00,100 גרם,false,,13.90,0.0309,true,1,209386
7290004725600,false,גבינת חריץ סקנדינבית,תנובה חלב,IL,גבינה סקנדינבית,קילוגרמים,1.00,"ק""ג",true,,79.90,79.9000,false,1,194737
7290004731076,false,אל סבון נוזלי עם אלוורה כיף 1 ליטר,טרופיקל דגיל תעשיות,IL,אל סבון כיף 1 ליטר א,ליטרים,1.00,ליטר,false,,12.90,12.9000,true,1,138476
7290004731083,false,"סבון נוזלי לידיים ג'נסינג ""כיף""",טרופיקל דגיל תעשיות,IL,כיף ג'נסינג 1 ליטר,ליטרים,1.00,ליטר,false,,12.90,12.9000,true,1,138477
7290004731090,false,אלסבון כיף קמומיל 1 ליטר,קוסמופארם,IL,כיף קמומיל אל סבון 1,ליטרים,1.00,ליטר,false,,12.90,12.9000,true,1,143622
7290004731137,false,קרמה קרם ידיים לעור יבש,קוסמופארם,IL,קרם ידיים יבש קרמה,מיליליטרים,100.00,"100 מ""ל",false,,7.90,0.0790,true,1,108363
7290004731410,false,כריות קרצוף לניקוי כללי סנו סושי 3 יחידות,קריות זול,IL,סקוטש סושי ענק ירוק,יחידה,0.00,יחידה,false,,9.90,0.0000,true,1,108368
7290004731472,false,"אל סבון צבעוני כיף שלישיה* 500 מ""ל",טרופיקל דגיל תעשיות,IL,כיף סבון נוזלי שלישי,ליטרים,1.50,ליטר,false,,19.90,13.2667,true,1,108372
7290004731519,false,"מקסימה מרכך ומבשם כביסה למייבש סנסיטיב סנו 750 מ""ל",סנו מקסימה,IL,סנו מקסימה למייבש,מיליליטרים,750.00,"100 מ""ל",false,,19.90,0.0265,true,1,108374
7290004731557,false,"מקסימה תרסיס מרכך ומבשם כביסה במייבש מאסק סנו 750 מ""ל",סנו מקסימה,IL,סנו מקסימה למייבש,מיליליטרים,750.00,"100 מ""ל",false,,19.90,0.0265,true,1,108376
7290004731564,false,"סנו - מקסימה מרסס למייבש כביסה פריחה כחולה 750 מ""ל",סנו מקסימה,IL,סנו מקסימה ספריי למי,מיליליטרים,750.00,"100 מ""ל",false,,19.90,0.0265,true,1,198077
7290004737719,false,אספרגוס שלם מקולף ולבן וילי פוד 205 גרם,קריות זול,CN,אספרגוס שלם מקולף 33,גרמים,330.00,100 גרם,false,,9.90,0.0300,true,1,105141
7290004737900,false,"חלב מרוכז וממותק בתוספת שומן צמחי וילי פוד 397 מ""ל",יו.איי.בי מאריג'אמפו,LT,חלב מרוכז,גרמים,397.00,100 גרם,false,,9.90,0.0249,true,1,105143
7290004768294,false,פילה אמנון ללא עור קפוא 5-7 בלדי,בלאדי,CN,פילה אמנון 5-7 ללא ע,קילוגרמים,1.00,"ק""ג",true,,28.90,28.9000,false,1,208791
7290004769451,false,גבינת שמנת במשקל,,,גבינת שמנת במשקל,קילוגרמים,1.00,"ק""ג",true,,59.90,59.9000,true,1,200103
7290004798130,false,שבבי סבון טבעיים ליטופית 750 גרם,נאמן,,שבבי סבון,גרמים,750.00,100 גרם,false,,22.90,0.0305,true,1,103765
7290004829186,false,קולפן שוויצרי,,,קולפן שוויצרי,יחידה,0.00,יחידה,false,,16.90,0.0000,true,1,193639
7290004861025,false,גבינה בולגרית המושבה,"מחלבת המושבה בע""מ",IL,גבינה בולגרית המושבה,קילוגרמים,1.00,"ק""ג",true,,51.90,51.9000,true,1,113994
7290004861063,false,גבינת קש המושבה במשק,"מחלבת המושבה בע""מ",IL,גבינת קש המושבה במשק,קילוגרמים,1.00,"ק""ג",true,,54.90,54.9000,true,1,113830
7290004861285,false,גבינה טבורוג המושבה,"מחלבת המושבה בע""מ",IL,גבינה טבורוג המושבה,קילוגרמים,1.00,"ק""ג",true,,39.90,39.9000,true,1,113758
7290004872250,false,שלגון שרבט אבטיח נסטלה 108'ג,נגה גלידות (גלידות נ,IL,קרטיב אבטיח,יחידה,0.00,יחידה,false,,5.90,0.0000,true,1,100635
7290004952778,false,טופו מפולי סויה אורגני הרדוף 300 גר,כפר בריא בעמ,IL,טופו אורגני 8.5%,גרמים,300.00,100 גרם,false,,13.90,0.0463,true,1,97529
7290004955762,false,טחינה גולמית 450 גרם זארובי,זארובי,,טחינה 450 גר' זארובי,גרמים,450.00,100 גרם,false,,11.90,0.0264,true,1,215342
7290004955779,false,טחינה 900 גר' זארובי,זארובי,,טחינה 900 גר' זארובי,גרמים,900.00,100 גרם,false,,21.90,0.0243,true,1,215343
7290004977016,false,ממרח לימון סלטי משני,סלטי משני,,ממרח לימון 300 גר',גרמים,300.00,100 גרם,false,,11.90,0.0397,true,1,202001
7290004982355,false,גבינת צדר טריפל במשק,שבינגטון,GB,גבינת טריפל צ'דר,קילוגרמים,1.00,"ק""ג",true,,140.00,140.0000,true,1,191704
7290004982393,false,גבינה ברס בלו במשקל1,בנוגראן,FR,גבינת ברס בלו,קילוגרמים,1.00,"ק""ג",true,,185.00,185.0000,true,1,134227
7290005000508,false,קרם סיליקון לשיער סג,,,קרם סיליקון לשיער סג,מיליליטרים,500.00,"100 מ""ל",false,,24.90,0.0498,true,1,146169
7290005000645,false,סיליקון-קרם טלטלים,,,סיליקון-קרם טלטלים,מיליליטרים,500.00,"100 מ""ל",false,,28.90,0.0578,true,1,148565
7290005008184,false,"סבון נוזלי בניחוח חלב שקדים פלמוליב 500 מ""ל",הנסיך- מפעל לייצור ט,TR,פלמוליב סבון נוזלי ש,מיליליטרים,500.00,"100 מ""ל",false,,14.90,0.0298,false,1,96392
7290005008191,false,"סבון נוזלי ארומה בניחוח לבנדר פטצ'ולי וילנג ילנג פלמוליב 500 מ""ל",הנסיך- מפעל לייצור ט,TR,סבון נוזלי פלמוליב ס,מיליליטרים,500.00,"100 מ""ל",false,,14.90,0.0298,false,1,96393
7290005008436,false,מטליות אוניברסל רב שימושיות 9יח,,IL,מטליות אוניברסל תשיע,יחידה,0.00,יחידה,false,,12.90,0.0000,true,1,109695
7290005008481,false,ספיד סטיק - דאודורנט ג'ל לגבר ספורט 85 גרם,הנסיך- מפעל לייצור ט,US,ספיד סטיק ג'ל,גרמים,85.00,100 גרם,false,,19.90,0.2341,true,1,96398
7290005041129,false,מעדני הטלה קבב גמבו,לאטי עזרא גלם ודגים,IL,קבב ג'מבו מזרחי,קילוגרמים,1.00,"ק""ג",false,,45.90,45.9000,true,1,142497
7290005041167,false,מעדני הטלה קבב גמבו,מעדני הטלה,,קבב כבש ארוך,קילוגרמים,1.00,"ק""ג",false,,45.90,45.9000,true,1,142499
7290005041198,false,מעדני הטלה קבב ביתי,לאטי עזרא גלם ודגים,IL,"קבב ביתי 1 ק""ג",קילוגרמים,1.00,"ק""ג",false,,45.90,45.9000,true,1,142500
7290005068058,false,תירס קל מופחת קלוריות 550 ג' פרי הגליל,"פרי הגליל בע""""מ",IL,תירס קל 550 גרם,גרמים,550.00,100 גרם,false,,6.90,0.0125,false,1,99703
7290005068492,false,לקט ירקות מעורבים 700 גרם פרי-גליל,"פרי הגליל בע""""מ",IL,לקט ירקות מעורבים 70,גרמים,700.00,100 גרם,false,,9.90,0.0141,true,1,99705
7290005079290,false,צהובה נעם 15% מהדרין,טרה,IL,גבינה צהובה 15% נעם,קילוגרמים,1.00,"ק""ג",true,,68.90,68.9000,false,1,190798
7290005079344,false,מוצרלה נועם רכיבים ט,מחלבת משק צוריאל,IL,מוצרלה נעם,קילוגרמים,1.00,"ק""ג",true,,81.90,81.9000,false,1,200477
7290005084355,false,סנסודין משחת שיניים דואל קר פלואוריד 75,גלקסו סמית קליין,GB,סנסודין דואל קר,מיליליטרים,75.00,"100 מ""ל",false,,21.90,0.2920,true,1,104498
7290005084737,false,טפטפים - בייביסקין קרם החתלה ללא בושם 100 גרם,כ.צ.ט,IL,בייבי סקין משחה ללא,מיליליטרים,100.00,"100 מ""ל",false,,9.90,0.0990,true,1,208339
7290005084904,false,ג'ל אלוורה שואו,כצט,IL,ג'ל אלוורה שואו,יחידה,0.00,יחידה,false,,10.90,0.0000,true,1,177001
7290005111761,false,"מזון לכלבים בונזו מזון כלבים בשר 3 ק""ג","ביופט בע""מ",IL,"בונזו בשר 3 ק""ג",קילוגרמים,3.00,"ק""ג",false,,47.90,15.9667,false,1,107035
7290005113222,false,זיתים קוקטייל וגמבה יבנה 350ג',קבוצת יבנה,IL,מיקס זיתים 340 גרם ל,גרמים,340.00,100 גרם,false,,9.90,0.0291,true,1,115565
7290005169922,false,תה טיבטי קלאסי טבעי 90 שקיקים,סודות המזרח,,תה טיבטי בטעם קלאסי,גרמים,180.00,100 גרם,false,,42.90,0.2383,true,1,107586
7290005169946,false,תה טיבטי קלאסי לימון 90 שקיקים,סודות המזרח,,תה טיבטי בטעם לימון,גרמים,180.00,100 גרם,false,,42.90,0.2383,true,1,107588
7290005174513,false,סלט חצילים במיונז אחלה 500 גרם,מיוצר עי קונדיטוריית,IL,חציל קלוי שטראוס,גרמים,500.00,100 גרם,false,,15.00,0.0300,true,1,198019
7290005174551,false,סלט חומוס עם צנוברים 125 ג' אחלה,מיוצר עי קונדיטוריית,IL,סלט חומוס אחלה א,גרמים,125.00,100 גרם,false,,4.60,0.0368,true,1,95592
7290005174568,false,סלט חצילים במיונז אחלה 125 גרם,מיוצר עי קונדיטוריית,IL,סלט חצילים אישי,גרמים,125.00,100 גרם,false,,4.60,0.0368,true,1,95593
7290005174575,false,טחינה אחלה יום יום משובחת 125ג',מיוצר עי קונדיטוריית,IL,סלט טחינה אישי א,גרמים,125.00,100 גרם,false,,4.60,0.0368,true,1,95594
7290005175428,false,"קמח תירס לל""ג ריבארה 500 ג'",קריות זול,AR,קמח תירס אינסטנט,גרמים,500.00,100 גרם,false,,5.80,0.0116,true,1,105144
7290005175589,false,"קמח תירס ללא גלוטן וילי פוד 1 ק""ג",קריות זול,AR,קמח תירס 1 קג,יחידה,1.00,יחידה,false,,9.30,9.3000,true,1,105145
7290005197758,false,עוגיות חיוכים שוקו שוקו 150 גרם,אפיפית נצרת תעשיות ב,IL,חיוכים שוקו עלית,גרמים,150.00,100 גרם,false,,5.00,0.0333,true,1,98903
7290005199578,false,"קפה פלאטינום עלית נטול 200ג' כש""לפ",שטראוס גרופ,IL,קפה נמס פלטינום נטול,גרמים,200.00,100 גרם,false,,31.90,0.1595,false,1,98913
7290005199738,false,גומי מאסט בטעם פפרמינט ריח פה נעים פליפטופ 28 ג' עלית,"שטראוס גרופ בע""מ",IL,מסטיק מאסט בטעם פפרמ,גרמים,28.00,100 גרם,false,,4.40,0.1571,false,1,98915
7290005200786,false,תפוצ'יפס בטעם שמנת בצל עלית 50 גרם,"שטראוס פריטו ליי בע""",IL,תפוציפס 50,גרמים,50.00,100 גרם,false,,3.90,0.0780,true,1,99398
7290005201455,false,קפה נמס מגורען עלית 200 גרם,"אינסטנטה בע""מ",PL,קפה נמס מגורען ארומה,גרמים,200.00,100 גרם,false,,21.90,0.1095,false,1,98923
7290005201882,false,קפה טורקי קלוי וטחון,הנסיך- מפעל לייצור ט,IL,קפה טורקי 200,גרמים,200.00,100 גרם,false,,14.90,0.0745,false,1,98926
7290005230639,false,צלחות מרק אלגנט לבן-,פאלאס,IL,צלחות מרק אלגנט לבן-,יחידה,0.00,יחידה,false,,9.90,0.0000,true,1,122361
7290005230646,false,מגש אובלי אלגנט לבן-,,,מגש אובלי אלגנט לבן-,יחידה,0.00,יחידה,false,,24.90,0.0000,true,1,122362
7290005230714,false,צלחת ליפתנית אלגנט,,,צלחת ליפתנית אלגנט,יחידה,0.00,יחידה,false,,5.90,0.0000,true,1,124257
7290005270000,false,עלי סיגר מרוקאי 500,"חמים וטעים בע""מ",IL,עלי סיגר מרוקאי 500,גרמים,500.00,100 גרם,false,,14.90,0.0298,true,1,103103
7290005287206,false,טונה סטארקיסט רביעיות בשמן 492 גרם,"סטארקיסט פודור בע""מ",IL,רביעייה טונה בשמן 4x,גרמים,640.00,100 גרם,false,,24.90,0.0389,false,1,107069
7290005287251,false,טונה סטארקיסט במים רביעיות 4*160 גר,"סטארקיסט פודור בע""מ",IL,רביעייה טונה סטארקיס,גרמים,640.00,100 גרם,false,,24.90,0.0389,false,1,107071
7290005287510,false,טונה בשמן עם בפלפל חריף 160 ג' סטארקיסט,תאי יוניון גרופ,TH,טונה סטארקיסט בשמן פ,גרמים,160.00,100 גרם,false,,7.60,0.0475,true,1,142212
7290005287527,false,טונה סטארקיסט בשמן עם לימון 160 גר,"סטארקיסט פודור בע""מ",TH,טונה סטארקיסט בשמן ל,גרמים,160.00,100 גרם,false,,7.60,0.0475,true,1,142553
7290005287534,false,טונה סטארקיסט בשמן מעושן בית יוסף 112 גר,תאי יוניון גרופ,IL,טונה סטארקיסט בשמן ע,גרמים,160.00,100 גרם,false,,7.60,0.0475,true,1,142535
7290005287657,false,"ממרח טונה סטארקיסט בד""צ 160 גרם","סטארקיסט פודור בע""מ",IL,ממרח טונה סטאר קיסט,גרמים,160.00,100 גרם,false,,7.90,0.0494,true,1,116950
7290005296246,false,"פותח סתימות דריין אאוט 946 מ""ל יעקבי",יוליניבר,US,פותח סתימות,מיליליטרים,946.00,"100 מ""ל",false,,29.90,0.0316,true,1,103349
7290005296260,false,"אסטוניש ספריי רסס ונגב לניקוי כללי יעקבי 750 מ""ל",יעקובי אסטוניש,GB,אסטוניש רסס נגב,מיליליטרים,750.00,"100 מ""ל",false,,11.90,0.0159,true,1,103350
7290005296857,false,"פוליבוי ספריי מנקה ומבריק הכל יעקבי 300 מ""ל",דרמרס DRAMERS,PL,פוליבוי מרסס לכל הרה,מיליליטרים,300.00,"100 מ""ל",false,,14.90,0.0497,true,1,103356
7290005326387,false,עגבניות מיובשות בשמן זית אוליביה 270 גרם,קריות זול,IL,עגבניות מיובשות אולי,גרמים,280.00,100 גרם,false,,19.90,0.0711,true,1,104892
7290005326523,false,ממרח פסטו פטרוזיליה ונענע אוליביה 180 גר,אוליביה,IL,פסטו פטרוזליה ונענע,גרמים,180.00,100 גרם,false,,13.90,0.0772,true,1,186306
7290005326677,false,רוטב ברביקיו אוליביה 350 גר,,IL,רוטב ברביקיו 350 גר',גרמים,350.00,100 גרם,false,,13.90,0.0397,true,1,203269
7290005384851,false,וילי פוד מיץ לימון בדץ 200מל,קריות זול,IT,מיץ לימון משומר,מיליליטרים,200.00,"100 מ""ל",false,,4.90,0.0245,true,1,105152
7290005384899,false,פטינה ים תיכונית בסג,וילי פוד,NL,פטה יוונית,קילוגרמים,1.00,"ק""ג",true,,37.00,37.0000,true,1,105155
7290005423086,false,מטהר אוויר סנומוד פר,סנו מפעלי ברונוס בעמ,IL,מטהר אוויר סנו מוד,מיליליטרים,150.00,"100 מ""ל",false,,12.90,0.0860,true,1,200671
7290005423253,false,"סנו - מקסימה מרסס למייבש כביסה אולטרה פרש 750 מ""ל","סנו מפעלי ברונוס בע""",IL,מבשם למייבש כביסה,מיליליטרים,750.00,"100 מ""ל",false,,19.90,0.0265,true,1,108394
7290005423482,false,"קרם לניקוי כיריים קרמיים סנו 300 מ""ל",מיוצר עי קונדיטוריית,IL,קרם לניקוי כיריי,יחידה,300.00,יחידה,false,,19.90,0.0663,true,1,108399
7290005423499,false,"תרסיס לניקוי משטחי נירוסטה סנו 500 מ""ל",מיוצר עי קונדיטוריית,IL,סנו נירוסטה,מיליליטרים,500.00,"100 מ""ל",false,,19.90,0.0398,true,1,108400
7290005423635,false,ריצפז נוזל רצפות דוחה תיקנים סנו 2 ליטר,מיוצר עי קונדיטוריית,IL,ריצפז דוחה חרקים,ליטרים,2.00,ליטר,false,,21.90,10.9500,false,1,108404
7290005423734,false,מקסימה מרכך כביסה אולטרא פרש כחול סנו 4 ליטר,"סנו מפעלי ברונוס בע""",IL,מרכך סנו 4 ליטר,ליטרים,4.00,ליטר,false,,21.90,5.4750,false,1,108405
7290005423833,false,פוליויקס נוזל לניקוי פרקט סנו 2 ליטר,"סנו מפעלי ברונוס בע""",IL,פוליוקס פרקט,ליטרים,2.00,ליטר,false,,19.90,9.9500,true,1,108406
7290005423871,false,משחת שיניים עם פלואוריד אורביטול 3*145 גרם,טרופיקל דגיל קוסמטיק,IL,אורביטול שלישיה,גרמים,435.00,100 גרם,false,,19.90,0.0457,true,1,108407
7290005423918,false,סנו - מקסימה מרכך כביסה היפואלרגני אלוורה 4 ליטר,קריות זול,IL,מרכך כביסה סנו מקסימ,ליטרים,4.00,ליטר,false,,22.90,5.7250,false,1,108409
7290005424021,false,"סנופרש הום מנטרל ריחות רעים 350 מ""ל",סנו fresh,IL,ריפרש מנטרל ריחות,מיליליטרים,350.00,"100 מ""ל",false,,14.90,0.0426,true,1,263121
7290005424403,false,"אל סבון כיף אצות ים קטיפתי 1ליטר,",טרופיקל דגיל תעשיות,IL,כיף 1 ליטר אצות ים,ליטרים,1.00,ליטר,false,,12.90,12.9000,true,1,138478
7290005424700,false,לסדרה פורטה פלוס מצטרף מתז באריזת xl 1 ליטר,סנו,IL,סנו פורטה פלוס 1 ליט,ליטרים,1.00,ליטר,false,,18.90,18.9000,true,1,202769
7290005424755,false,מטליות ריצפז פלוס לחות לניקוי רצפות דוחה תיקנים 10 יח' סנו,סנו מפעלי ברונוס בעמ,IL,מטליות לחות לניקוי ר,יחידה,0.00,יחידה,false,,15.90,0.0000,true,1,202955
7290005424762,false,ריצפז פלוס ווקס נוזל להברקת רצפות דוחה תיקנים סנו 2 ליטר,"סנו מפעלי ברונוס בע""",IL,ריצפז ווקס דוחה,ליטרים,2.00,ליטר,false,,31.90,15.9500,true,1,108418
7290005424809,false,כריות קרצוף ענקיות לניקוי כללי סנו סושי 3 יחידות,קריות זול,IL,סקוטש סנו סושי,יחידה,0.00,יחידה,false,,9.90,0.0000,true,1,108421
7290005424847,false,"מפיות סופט לבנות לשולחן (150 יח') ""סנו""",מיוצר עי קונדיטוריית,TR,סנו סושי מפיות אירוח,יחידה,0.00,יחידה,false,,7.90,0.0000,true,1,108422
7290005424915,false,"סנומוד מבשם אויר בניחוח לבנדר פטצ'ולי סנו 150 מ""ל",סנו מפעלי בורונוס בע,IL,סנומוד תרסיס,מיליליטרים,150.00,"100 מ""ל",false,,12.90,0.0860,true,1,108425
7290005425110,false,"חיטוי משטחים 99.9% מתז מחטא ומשמיד 750 מ""ל","סנו מפעלי ברונוס בע""",IL,סנו חיטוי משטחים 99.,מיליליטרים,750.00,"100 מ""ל",false,,14.90,0.0199,true,1,206011
7290005425196,false,"מקסימה אבקת כביסה סנסיטיב סנו 2.5 ק""ג",מיוצר עי קונדיטוריית,IL,סנו מקסימה 5 2 ק,קילוגרמים,2.50,"ק""ג",false,,25.90,10.3600,false,1,108437
7290005425202,false,אבקת כביסה ביו מקסימה לכתמים קשים,"סנו מפעלי ברונוס בע""",IL,סנו מקסימה 5 2 ק,קילוגרמים,2.50,"ק""ג",false,,25.90,10.3600,false,1,108438
7290005425585,false,מטליות לחות לניקוי רהיטים סנו 20 יחידות,טרופיקל דגיל,IL,מטליות סנו רהיט,יחידה,0.00,יחידה,false,,13.90,0.0000,true,1,108440
7290005425646,false,קליר נוזל לניקוי חלונות רב תכליתי סנו 1 ליטר,"סנו מפעלי ברונוס בע""",IL,סנוקליר נוזל רב תכלי,ליטרים,1.00,ליטר,false,,11.90,11.9000,false,1,108441
7290005425714,false,"שמפו שטיחים סנו פלוס 600 מ""ל","איי, בי, אינבוו",IL,סנו שמפו שטיחים,מיליליטרים,600.00,"100 מ""ל",false,,23.90,0.0398,true,1,108444
7290005426186,false,סקוטש כריות קרצוף ענקיות סנו סושי 3 יחידות,קריות זול,IL,סקוטש ענק סושי,יחידה,0.00,יחידה,false,,20.00,0.0000,true,1,108454
7290005426193,false,ספוגית הפלא סנו סושי 6 יחידות,טרופיקל דגיל תעשיות,IL,ספוג פלא סנו סוש,יחידה,0.00,יחידה,false,,11.50,0.0000,false,1,108455
7290005426230,false,מטלית הפלא לרצפה מיקרופייבר סנו 1יח',סנו סושי,CN,סושי סחבה לריצפה,יחידה,0.00,יחידה,false,,11.90,0.0000,false,1,108457
7290005426384,false,"סנומוד מבשם אויר מיס מיליון סטטוס סנו 150 מ""ל",סנומוד,IL,סנומוד תרסיס,מיליליטרים,150.00,"100 מ""ל",false,,12.90,0.0860,true,1,108461
7290005426568,false,"קרמה - קרם לחות לשיער רגיל 400 מ""ל",טרופיקל דגיל תעשיות,IL,לחות לשיער קרמה,מיליליטרים,400.00,"100 מ""ל",false,,22.90,0.0572,true,1,108467
7290005426575,false,"קרמה לחות לשיער יבש ללא שטיפה 400 מ""ל",טרופיקל דגיל תעשיות,IL,לחות לשיער קרמה,מיליליטרים,400.00,"100 מ""ל",false,,22.90,0.0572,true,1,108468
7290005426803,false,מקסימה מרכך כביסה פצ'ולי לבנדר סגול סנו 4 ליטר,סנו מקסימה,IL,מרכך סנו מקסימה,ליטרים,4.00,ליטר,false,,21.90,5.4750,false,1,108477
7290005426865,false,אורביטול - משחת שיניים לילדים בטעם מסטיק 70 גרם,טרופיקל דגיל,IL,אורביטול ילדים מ,גרמים,50.00,100 גרם,false,,9.90,0.1980,true,1,127835
7290005427107,false,סנו - סושי מגבות נייר הפלא 6 יחידות,מיוצר עי קונדיטוריית,IL,סושי מגבות הפלא למטב,יחידה,0.00,יחידה,false,,11.90,0.0000,false,1,108492
7290005427725,false,"חמישיית מגבונים מבושם ""ליטופים""",טרופיקל דגיל קוסמטיק,IL,מגבונים ליטופים מארז,יחידה,0.00,יחידה,false,,18.90,0.0000,false,1,111995
7290005427848,false,מטליות ניקוי רב שימושיות בגליל סנו סושי 40 יחידות,קריות זול,IL,סנו מטליות בגליל ורו,יחידה,0.00,יחידה,false,,19.90,0.0000,true,1,108535
7290005427978,false,"תחליב רחצה לפנים קרמה 180 מ""ל",גוד פוד פרודקטס S.p,IL,תחליב פנים קרמה,מיליליטרים,180.00,"100 מ""ל",false,,14.90,0.0828,true,1,108544
7290005428845,false,מפיות סנו סופט 33*33 100 יחידות,"חי מוצרי נייר בע""מ",IL,סנו סופט מפיות 33*33,יחידה,0.00,יחידה,false,,8.90,0.0000,true,1,108559
7290005429279,false,סנו מקסימה קומפקט קומפקט אפקט גאוול 6 ק,סנו מקסימה,IL,סנו מקסימה אפקט ג'או,קילוגרמים,6.00,"ק""ג",false,,49.90,8.3167,false,1,108569
7290005429286,false,"אבקת כביסה מקסימה ביו 6 ק""ג סנו",סנו מקסימה,IL,סנו מקסימה ביו 6 קג,קילוגרמים,6.00,"ק""ג",false,,49.90,8.3167,false,1,108570
7290005430480,false,"מטליות פלא מייקרופייבר כחול ""סנוסושי""",קריות זול,CN,מטלית הפלא סנו,יחידה,0.00,יחידה,false,,7.50,0.0000,true,1,108571
7290005430602,false,"סנו אוקסיג'ן ספריי להסרת כתמים עם חמצן פעיל 750 מ""ל","סנו מפעלי ברונוס בע""",IL,מסיר כתמים סנו,מיליליטרים,750.00,"100 מ""ל",false,,19.90,0.0265,false,1,108574
7290005430671,false,פוליויקס נוזל לניקוי קרמיקה סנו 2 ליטר,סנו מפעלי ברונו בעמ,IL,פוליוקס קרמיקה,ליטרים,2.00,ליטר,false,,19.90,9.9500,false,1,108579
7290005430961,false,מקסימה שמפו נוזל לכביסה עדינה ביד סנו 1 ליטר,יושלם,,בד גארד נוזל 1 ל,ליטרים,1.00,ליטר,false,,17.50,17.5000,true,1,108583
7290005431159,false,עדן קינוחים תותים בקצפת לייט,עדן קינוחים,IL,תותים בקצפת לייט,גרמים,80.00,100 גרם,false,,6.90,0.0863,true,1,225800
7290005431883,false,עדן קינוחים מלבי חלבי,עדן קינוחים Eden,IL,מלבי חלבי 165 גר',גרמים,165.00,100 גרם,false,,6.90,0.0418,true,1,209824
7290005431906,false,מעדן קדאיף עדן קינוח,עדן קינוחים Eden,IL,קדאיף 82 גר',גרמים,82.00,100 גרם,false,,6.90,0.0841,true,1,209826
7290005431913,false,עדן קינוחים עוגת גבינה פירורים,עדן קינוחים Eden,IL,עוגת גבינה פירורים 9,גרמים,92.00,100 גרם,false,,6.90,0.0750,true,1,209827
7290005431920,false,עדן קינוחים עוגת גבינה פירורים לייט,עדן קינוחים Eden,IL,עוגת גבינה פירורים ל,גרמים,78.00,100 גרם,false,,6.90,0.0885,true,1,209828
7290005431937,false,עדן קינוחים טירמיסו,עדן קינוחים Eden,IL,טירמיסו 82 גר',גרמים,82.00,100 גרם,false,,6.90,0.0841,true,1,209829
7290005431968,false,עדן קינוחים מלבי שמנת,עדן קינוחים Eden,IL,מלבי שמנת,גרמים,150.00,100 גרם,false,,7.90,0.0527,true,1,213296
7290005477669,false,אל סבון נוזלי מועשר בלחות דרמפון 1 ליטר,"אמיליה קוסמטיקס בע""מ",IL,דרמפון מועשר לחו,ליטרים,1.00,ליטר,false,,15.90,15.9000,true,1,107931
7290005509445,false,עוגיות מיני קוקיס בטעם חמאה כרמית 600 גרם,כרמית תעשיות ממתקים,IL,מיני קוקיס בטעם חמאה,גרמים,600.00,100 גרם,false,,15.90,0.0265,true,1,104500
7290005559587,false,מאפה נקניקיה בבצק מעדנות 800ג',מיוצר עי קונדיטוריית,IL,מאפה נקניקיה בבצק,גרמים,800.00,100 גרם,false,,27.90,0.0349,false,1,97841
7290005559709,false,בורקס פיצה מעדנות 700 גרם,מיוצר עי קונדיטוריית,IL,בורקס פיצה,גרמים,700.00,100 גרם,false,,24.90,0.0356,false,1,97847
7290005559907,false,פיצה משפחתית גבינה מעדנות 500 גר,מיוצר עי קונדיטוריית,IL,פיצה משפחתית גבינה,גרמים,500.00,100 גרם,false,,19.90,0.0398,false,1,97851
7290005559914,false,פיצה משפחתית זיתים מעדנות 550 גרם,מיוצר עי קונדיטוריית,IL,פיצה משפחתית זיתים,גרמים,550.00,100 גרם,false,,19.90,0.0362,false,1,97852
7290005559990,false,בצק פילאס תורכי מעדנות 600 גרם,מיוצר עי קונדיטוריית,IL,בצק פילס תורכי,גרמים,600.00,100 גרם,false,,19.90,0.0332,false,1,97860
7290005569029,false,שיני שום קלופות,חקלאי,IL,שום קלוף 170 גר',גרמים,170.00,100 גרם,false,,8.90,0.0524,true,1,229976
7290005589027,false,לקקן תרנגול עשיריות,,,לקקן מוצץ / תרנגול 1,גרמים,90.00,100 גרם,false,,12.90,0.1433,true,1,216238
7290005589492,false,שלווה חיטה מלאה דבש 200 גרם דגן,מפעלי דגן,IL,חיטה מלאה תפוחה בציפ,גרמים,200.00,100 גרם,false,,6.50,0.0325,true,1,187737
7290005589744,false,דגן פיצפוצי אורז מלא,מפעלי דגן,,דגן פיצפוצי אורז מלא,גרמים,200.00,100 גרם,false,,8.50,0.0425,true,1,188251
7290005589768,false,דגן פיצפוצי אורז מלא,מפעלי דגן,,דגן פיצפוצי אורז מלא,גרמים,130.00,100 גרם,false,,6.50,0.0500,true,1,188252
7290005591761,false,דבש טהור מפרחי בר בלחיץ 400 ג' יד מרדכי,מכוורת יד מרדכי שטרא,IL,דבש יד מרדכי לחיץ טה,גרמים,400.00,100 גרם,false,,26.90,0.0672,false,1,98927
7290005605994,false,"פאנטה קלאסי בקבוק 350מ""ל",קוקה קולה,IL,פאנטה בקבוק 350,יחידה,350.00,יחידה,false,,5.90,0.0169,true,1,190226
7290005617379,false,יעה נצמד - ז.ס.,Moperia,IT,יעה,יחידה,0.00,יחידה,false,,6.20,0.0000,true,1,138762
7290005617423,false,מטאטא מגן+מקל,,,מטאטא מגן+מקל,יחידה,0.00,יחידה,false,,27.90,0.0000,true,1,146138
7290005617652,false,מטאטא שיער סוס - ז.ס,,,מטאטא שיער סוס+מקל,יחידה,0.00,יחידה,false,,43.90,0.0000,true,1,186097
7290005617690,false,מברשת שירותים,ideal houseware,CN,מברשת לשרותים,יחידה,0.00,יחידה,false,,5.40,0.0000,true,1,139297
7290005617768,false,פומפה עם מקל,,,פומפה עם מקל,יחידה,0.00,יחידה,false,,9.00,0.0000,true,1,140037
7290005617775,false,שרותון סט לניקוי שיר,,,שרותון סט לניקוי שיר,יחידה,0.00,יחידה,false,,13.00,0.0000,true,1,139848
7290005617850,false,מטאטא מרצדס זהב - ז.,Mascot,IT,מטאטא מרצדס,יחידה,0.00,יחידה,false,,30.00,0.0000,true,1,138765
7290005617898,false,חבל כביסה 20 מטר,,,חבל כביסה 20 מטר,יחידה,0.00,יחידה,false,,12.50,0.0000,true,1,141895
7290005617935,false,מברשת כלים ידית גומי,,,מברשת כלים ידית גומי,יחידה,0.00,יחידה,false,,10.90,0.0000,true,1,138767
7290005617980,false,מברשת ציפורניים,,,מברשת ציפורניים,יחידה,0.00,יחידה,false,,4.50,0.0000,true,1,138787
7290005651069,false,"מזון חתולים לה קט מיקס 2.85 ק""ג","ביופט בע""מ",IL,"לה קט מיקס 2.85 ק""ג",קילוגרמים,2.85,"ק""ג",false,,59.90,21.0175,false,1,107085
7290005651366,false,"מזון לכלבים בונזו מזון כלבים כבד 3 ק""ג","ביופט בע""מ",IL,"בונזו כבד 3 ק""ג",קילוגרמים,3.00,"ק""ג",false,,47.90,15.9667,false,1,107086
7290005651427,false,שלישיות מעדני בונזו לכלבים 400X3 גרם,קריות זול,FR,שלישיית מעדן בונזו מ,קילוגרמים,1.23,"ק""ג",false,,16.90,13.7398,true,1,107089
7290005658990,false,כעכים מלוחים שיבולת,,,כעכים מלוחים שיבולת,גרמים,300.00,100 גרם,false,,18.90,0.0630,true,1,263254
7290005684418,false,לחם כוסמין אורגני 700 גר,מאפיה מרחבית קרית שמונה,IL,לחם כוסמין אורגני,גרמים,600.00,100 גרם,false,,14.90,0.0248,true,1,134943
7290005684487,false,לחמניות כוסמין מקמח 6*70גר,המאפיה של הרמן,IL,לחמניות כוסמין שישיי,גרמים,420.00,100 גרם,false,,12.90,0.0307,true,1,203810
7290005684579,false,לחם מחמצת כוסמין 700 ג',מאפית ברמן,IL,לחם מחמצת כוסמין,גרמים,700.00,100 גרם,false,,14.90,0.0213,true,1,213087
7290005719677,false,סירופ בטעם שוקולד – 600 ג',,,סירופ בטעם שוקולד 60,גרמים,600.00,100 גרם,false,,13.90,0.0232,true,1,214982
7290005733109,false,מכונית שלט הגה צבעונ,General,CN,מכונית שלט הגה צבעונ,יחידה,0.00,יחידה,false,,64.90,0.0000,true,1,215749
7290005733666,false,מגבעות בד/משקפת/מטרי,צעצועי דורון,,טבעות בקופסת לב,יחידה,0.00,יחידה,false,,16.90,0.0000,true,1,127572
7290005733703,false,משחק הרכבה,צעצועי דורון,,משחק הרכבה,יחידה,0.00,יחידה,false,,16.90,0.0000,true,1,150280
7290005734014,false,בובה+ אביזרים,צעצועי דורון,,בובה+ אביזרים,יחידה,0.00,יחידה,false,,26.90,0.0000,true,1,127587
7290005734274,false,כלי רכב צעצועי דורון,צעצועי דורון,,כלי רכב צעצועי דורון,יחידה,0.00,יחידה,false,,26.90,0.0000,true,1,127588
7290005734663,false,מגוון סטים של כלים לחוף,צעצועי דורון,,סט כלים לים,יחידה,0.00,יחידה,false,,16.90,0.0000,true,1,127577
7290005735080,false,סביבון מאיר ומנגן שיר חנוכה בדיספליי,General,CN,סביבון מנגן,יחידה,0.00,יחידה,false,,12.90,0.0000,true,1,209924
7290005736063,false,משחקי יצירה בקופסא,צעצועי דורון,,משחקי קופסא,יחידה,0.00,יחידה,false,,16.90,0.0000,true,1,127580
7290005737060,false,סביבון מאיר ומנגן שיר חנוכה בלוח,General,CN,סביבון מנגן,יחידה,0.00,יחידה,false,,10.00,0.0000,true,1,199413
7290005737800,false,סביבון תות מאיר ומנגן מנגינת חנוכה בדיספליי,General,CN,סביבון בצורת תות,יחידה,0.00,יחידה,false,,15.90,0.0000,true,1,209925
7290005838002,false,מעדן גבינה ויוגורט בטעם וניל 88 ג' דניאלה,"שטראוס בריאות בע""מ",IL,דניאלה 5%,מיליליטרים,150.00,"100 מ""ל",false,,4.10,0.0273,true,1,95598
7290005838613,false,"סקי וניל בודד 125 גרם ""שטראוס""","שטראוס בריאות בע""מ",IL,סקי וניל 3%,גרמים,125.00,100 גרם,false,,3.70,0.0296,false,1,95601
7290005838972,false,גבינת יום יום 5% שטראוס 125ג',מיוצר עי קונדיטוריית,IL,סקי % 3 125 גר,גרמים,125.00,100 גרם,false,,3.10,0.0248,true,1,95602
7290005839078,false,"יוגורט דנונה ביו לבן 3% שומן 8*150 מ""ל",מיוצר עי קונדיטוריית,IL,דנונה ביו 3% שמיניה,ליטרים,1.20,ליטר,false,,16.80,14.0000,true,1,95603
7290005839108,false,גבינה לבנה סימפוניה עם תוספות 200 ג'+זיתים 5%,"שטראוס בריאות בע""מ",IL,סימפוניה זיתים 5%,גרמים,200.00,100 גרם,false,,11.20,0.0560,false,1,95604
7290005839313,false,"מילקי טופ מגולגלת שטראוס 170 מ""ל",מיוצר עי קונדיטוריית,IL,מילקי טופ 8%,מיליליטרים,130.00,"100 מ""ל",false,,4.60,0.0354,true,1,95605
7290005854613,false,שלגון אסקימו תותי פרוט 75 גר',גלידות שטראוס,IL,אסקימו תותי פרוט,יחידה,0.00,יחידה,false,,2.50,0.0000,true,1,96001
7290005869631,false,קרם לחות לפנים מועשר,שוורץ,IL,קרם לחות לפנים מועשר,מיליליטרים,50.00,"100 מ""ל",false,,49.90,0.9980,true,1,263004
7290005896415,false,"בירה איגל לאגר פרימיום 5% 500 מ""ל פחית","טמפו משקאות בע""מ",IL,בירה איגל פחית 500 מ,מיליליטרים,500.00,"100 מ""ל",false,,5.50,0.0110,true,1,198566
7290005896439,false,"בירה מכבי, בקבוק חוזר 500 מ''ל","טמפו משקאות בע""מ",IL,מכבי בירה בקבוק 500,מיליליטרים,500.00,"100 מ""ל",false,,6.20,0.0124,false,1,137138
7290005896453,false,"בירה מכבי 7.9%, בירה חזקה, בקבוק חוזר 500 מ''ל",פארייפאבה אגרואינדוס,IL,בירה מכבי חוזר 7.9%,מיליליטרים,500.00,"100 מ""ל",false,,6.70,0.0134,false,1,195633
7290005896460,false,"בירה איגל לאגר חזקה 7.8% 500 מ""ל פחית",טמפו,IL,איגל בירה חזקה פחית,מיליליטרים,500.00,"100 מ""ל",false,,5.90,0.0118,true,1,200892
7290005896620,false,סאן בנדטו - מוגז עדין - 1.5 ליטר,אקווה מינרלה סאן בנד,IT,מים סאן בנדטו מו,ליטרים,1.50,ליטר,false,,4.50,3.0000,true,1,110075
7290005896637,false,סאן בנדטו - מים מינרלים טבעיים מהאלפים 1.5 ליטר,אקווה מינרלה סאן בנד,IT,מים סאן בנדטו 1.5 לי,ליטרים,1.50,ליטר,false,,4.00,2.6667,true,1,110076
7290005902048,false,"רב-מג, מטאטא גומי מסדרת רב-מגב",דגש,,"מטאטא גומי ""רב מגב",יחידה,0.00,יחידה,false,,55.90,0.0000,true,1,115558
7290005930720,false,חמאת גוף מסק שיק ספא,,,חמאת גוף מסק שיק ספא,מיליליטרים,350.00,"100 מ""ל",false,,25.90,0.0740,true,1,121398
7290005938030,false,פסטו זעתר 220 גרם,נטו מלינדה,,פסטו זעתר,גרמים,220.00,100 גרם,false,,16.90,0.0768,true,1,143998
7290005938245,false,ממרח פסטו קלאסי פרסקו 220ג' מצונן,מיוצר עי פרסקו חצבה,IL,פסטו קלאסי 220 גר',גרמים,220.00,100 גרם,false,,16.90,0.0768,true,1,137042
7290005966033,false,"יין הר חרמון לבן 750 מ""ל",יקבי רמת הגולן,IL,הר חרמון לבן,מיליליטרים,750.00,"100 מ""ל",false,,29.90,0.0399,false,1,101003
7290005966088,false,"יין הר חרמון אדום עברית 750 מ""ל",יקבי רמת הגולן,IL,הר חרמון אדום,מיליליטרים,750.00,"100 מ""ל",false,,29.90,0.0399,false,1,101005
7290005966347,false,יין גמלא סובניון בלנק 750 מל,יקבי רמת הגולן,IL,גמלא השמורה סוביניון,מיליליטרים,750.00,"100 מ""ל",false,,49.90,0.0665,true,1,101007
7290005966422,false,יין ירדן שרדונה 2020 750 מל,יקבי רמת הגולן,,ירדן שרדונה,מיליליטרים,750.00,"100 מ""ל",false,,65.00,0.0867,true,1,101011
7290005992018,false,"יוגורט עיזים לשתיה 3% מחלבות גד 500 מ""ל","מיוצר ע""י קוד יצרן M",IL,יוגורט עיזים,יחידה,500.00,יחידה,false,,13.20,0.0264,true,1,99829
7290005992247,false,"גבינה חלומי גד ק""ג.",מחלבות גד,IL,חלומי גד,קילוגרמים,1.00,"ק""ג",true,,98.50,98.5000,true,1,202716
7290005992575,false,גבינה בולגרית למריחה 5% גד 250 גרם,מחלבות גד בעמ,IL,בולגרית למריחה 5%,גרמים,250.00,100 גרם,false,,16.50,0.0660,true,1,99835
7290005992735,false,לאבנה טבעית 5% 250 גר' - רבנות,הנסיך- מפעל לייצור ט,IL,לבנה 5% גד 250 גרם,גרמים,250.00,100 גרם,false,,11.20,0.0448,true,1,104293
7290005992858,false,גבינת פטה עיזים במשק,יושלם,IL,פטה עיזים גד 5%,קילוגרמים,1.00,"ק""ג",true,,112.00,112.0000,true,1,132990
7290005992872,false,גבינה צפתית 5% מעודנ,מחלבות גד,IL,צפתית 5% במים גד,קילוגרמים,1.00,"ק""ג",true,,59.80,59.8000,false,1,112273
7290005996009,false,סלמי גלילי מעושן 400 ג' יחיעם,יחיעם,,סלמי גליל מעושן 400,גרמים,400.00,100 גרם,false,,21.90,0.0547,true,1,206708
7290005996078,false,סרוולט בסגנון הונגרי 200 גר,מעדני יחיעם,IL,סרוולט הולגרי 125 גר,גרמים,125.00,100 גרם,false,,26.90,0.2152,true,1,211834
7290005996153,false,נקניקיות צרפתיות פרימיום 280 גרם,מעדני יחיעם,IL,נקניקיות צרפתיות פרמ,גרמים,280.00,100 גרם,false,,20.90,0.0746,true,1,210465
7290005996221,false,פסטרמה של פעם דק דק 120 גרם,מעדני יחיעם,IL,פסטרמה של פעם דק דק,גרמים,120.00,100 גרם,false,,11.90,0.0992,true,1,212699
7290005996238,false,פסטרמה בדבש דק דק 120 גרם,מעדני יחיעם,IL,פסטרמה בדבש דק דק 12,גרמים,120.00,100 גרם,false,,11.90,0.0992,true,1,212700
7290005996276,false,פסטרמה ברביקיו דק דק 120 גרם,מעדני יחיעם,IL,פסטרמה ברביקיו דק דק,גרמים,120.00,100 גרם,false,,11.90,0.0992,true,1,213036
7290005996740,false,סלמי פפרוני יחיעם 300 ג',מעדני יחיעם 1993,IL,סלמי פפרוני 300 גר',גרמים,300.00,100 גרם,false,,19.90,0.0663,true,1,218094
7290006154026,false,קמח כוסמין מלא 1 קג,,,קמח כוסמין מלא 1 קג,קילוגרמים,1.00,"ק""ג",false,,13.90,13.9000,true,1,190634
7290006185501,false,"פנינה רוזנבלום -אל סבון נוזלי ורוד,1 ליטר",פנינה רוזנבלום,IL,סבון נוזלי פנינה,ליטרים,1.00,ליטר,false,,8.90,8.9000,true,1,107258
7290006185518,false,"פנינה רוזנבלום -אל סבון נוזלי כחול,1 ליטר",פנינה רוזנבלום,IL,סבון נוזלי פנינה,ליטרים,1.00,ליטר,false,,8.90,8.9000,true,1,107259
7290006199027,false,מאגדת גלידל וניל מצופה סורבה תות שדה [8],הגלידות של פלדמן,IL,מאגדת גלידל דיאט שלג,גרמים,600.00,100 גרם,false,,29.90,0.0498,true,1,109892
7290006199218,false,"שמיניית גלידל אייס מוקה ""פלדמן""",הגלידות של פלדמן,IL,מאגדת גלידל דיאט שלג,גרמים,400.00,100 גרם,false,,29.90,0.0747,true,1,109893
7290006199942,false,"שמיניית גלידל פרי דובדבן ""פלדמן""",הגלידות של פלדמן,IL,מאגדת גלידל דיאט קרח,גרמים,640.00,100 גרם,false,,24.90,0.0389,true,1,114813
7290006210180,false,קרואסון ביס במשקל,בונז'ור,,קרואסונים,קילוגרמים,1.00,"ק""ג",true,,42.00,42.0000,true,1,112775
7290006210197,false,רוגלך בטעם שוקולד,בונז'ור,IL,רוגלאך,קילוגרמים,1.00,"ק""ג",true,,42.00,42.0000,true,1,104233
7290006210203,false,"בונז'ור בורקס תפו""א שקילה",בונז'ור,IL,"בורקס תפו""א",קילוגרמים,1.00,"ק""ג",true,,42.00,42.0000,true,1,104234
7290006210210,false,בורקיטס גבינה,בונז'ור,IL,בורקיטס,קילוגרמים,1.00,"ק""ג",true,,44.90,44.9000,true,1,104235
7290006210265,false,ריבועי פרג במשקל,בונז'ור,,ריבועי פרג במשקל,קילוגרמים,1.00,"ק""ג",true,,42.00,42.0000,true,1,104239
7290006210319,false,קרואסון ביס חמאה,בונז'ור,,קרואסון חמאה,קילוגרמים,1.00,"ק""ג",true,,42.00,42.0000,true,1,104241
7290006210340,false,בונז'ור ביס בטעם שוקולד שקילה,בונז'ור,,ביס שוקולד,קילוגרמים,1.00,"ק""ג",true,,42.00,42.0000,true,1,104242
7290006210418,false,בורקס טורקי,בונז'ור,,בורקס טורקי,קילוגרמים,1.00,"ק""ג",true,,44.90,44.9000,true,1,104244
7290006210449,false,בורקס פילס קשקבל במש,בונז'ור,,פילאס קשקבל,קילוגרמים,1.00,"ק""ג",true,,44.90,44.9000,true,1,104247
7290006210456,false,בורקס פילס פטריות במ,בונז'ור,,פילאס פטריות,קילוגרמים,1.00,"ק""ג",true,,44.90,44.9000,true,1,104248
7290006210494,false,אוזני פיל,בונז'ור,,אוזני פיל,קילוגרמים,1.00,"ק""ג",true,,44.90,44.9000,true,1,112599
7290006210531,false,קוקיס שוקולד,,,קוקיס שוקולד,קילוגרמים,1.00,"ק""ג",true,,59.90,59.9000,true,1,112047
7290006210685,false,בונז'ור פטיט פאן לבן 60 ג',בונז'ור,,מיני לחמניה בונז'ור,יחידה,49.00,יחידה,false,,1.10,0.0224,true,1,122993
7290006210791,false,בונז'ור לחמנוית המבורגר 100ג',בונז'ור,,לחמניית המבורגר בונז,יחידה,0.00,יחידה,false,,2.50,0.0000,true,1,114474
7290006210876,false,בונז'ור לחמנית אצבע יח',בונז'ור,,לחמניות אצבע בונז'ור,יחידה,0.00,יחידה,false,,1.50,0.0000,false,1,112048
7290006210890,false,בונז'ור חליות 60*150,בונז'ור,,חליות בונזור,גרמים,150.00,100 גרם,false,,3.50,0.0233,true,1,112548
7290006210913,false,בונז'ור לחם איטלקי 340ג',בונז'ור,,לחם איטלקי,יחידה,0.00,יחידה,false,,5.90,0.0000,true,1,112028
7290006229427,false,סן בנדטו - מים מינרלים - מארז שישיית 500 מל,קריות זול,IT,סאן בנדטו שישייה 0.5,ליטרים,3.00,ליטר,false,,12.90,4.3000,false,1,110083
7290006229588,false,בירה איגל לאגר פרימיום חזקה 6.3% 500 מל,"טמפו משקאות בע""מ",IL,בירה איגל פחית 500 מ,מיליליטרים,500.00,"100 מ""ל",false,,5.50,0.0110,true,1,198567
7290006235244,false,קמיל בלו משחת צמחי מרפא פסטה לתינוק 100 ג',"ד""ר פישר Dr fischer",IL,קמיל בלו צמחי מר,גרמים,100.00,100 גרם,false,,21.90,0.2190,true,1,144801
7290006241153,false,פקאן סיני 150 ג בשקית קליית גת,"ג'י אנד ג'י בע""מ",IL,פקאן סיני 150 גר,גרמים,200.00,100 גרם,false,,19.00,0.0950,true,1,102177
7290006241191,false,אגוזי מלך קליית גת 150 גר,הדקלאים אגודת שיתופי,US,אגוזי מלך 150 גר,גרמים,200.00,100 גרם,false,,16.50,0.0825,false,1,102178
7290006241214,false,שקדים טבעיים קליית ג,הדקלאים אגודת שיתופי,IL,שקד טבעי 200 גר,גרמים,200.00,100 גרם,false,,16.90,0.0845,true,1,102179
7290006241504,false,פריגת תפוזים קפוא 345 גרם,פריגת מצוננים,IL,תרכיז פריגת תפוזים,מיליליטרים,340.00,"100 מ""ל",false,,12.90,0.0379,true,1,93324
7290006241511,false,"משקה לימונענע מרוכז קפוא פריגת 280 מ""ל",היינץ צפון אמריקה מק,IL,תרכיז פריגת לימונענע,מיליליטרים,340.00,"100 מ""ל",false,,12.90,0.0379,true,1,93325
7290006241535,false,תרכיז פריגת קפוא מנג,היינץ צפון אמריקה מק,IL,תרכיז פריגת קפוא מנג,מיליליטרים,340.00,"100 מ""ל",false,,12.90,0.0379,true,1,93327
7290006241689,false,"משקה לימונים מרוכז קפוא פריגת 280 מ""ל",היינץ צפון אמריקה מק,IL,פריגת לימון קפוא,מיליליטרים,340.00,"100 מ""ל",false,,12.90,0.0379,true,1,93333
7290006251107,false,תה צ'אי מסאלה ויסוצקי 25 יחידות,מולינו ניקולי s.p.a,IL,צ'אי מסאלה 25 שקיקים,גרמים,50.00,100 גרם,false,,18.90,0.3780,true,1,97409
7290006251268,false,תה ירוק בטעם תפוח וקינמון ויסוצקי 25 יחידות,תה ויסוצקי,IL,תה ירוק תפוח וקינמון,גרמים,37.50,100 גרם,false,,24.90,0.6640,false,1,97410
7290006251275,false,תה ירוק סיני קלאסי ויסוצקי 25 יחידות,תה ויסוצקי,IL,תה ירוק סיני 25 שקיק,גרמים,37.50,100 גרם,false,,24.90,0.6640,false,1,97411
7290006251282,false,הגן הקסום תה חמוציות ויסוצקי 25 יחידות,תה ויסוצקי,IL,תה חליטת קרנברי 25 ש,גרמים,75.00,100 גרם,false,,18.90,0.2520,false,1,97412
7290006251343,false,הגן הקסום תה פסיפלורה ומנגו ויסוצקי 25 יחידות,תה ויסוצקי,IL,תה חליטת מנגו ופסיפל,גרמים,62.50,100 גרם,false,,18.90,0.3024,false,1,97414
7290006251374,false,תה ירוק לימונית וג'ינג'ר ויסוצקי 25 יחידות,תה ויסוצקי,IL,תה ירוק לימונית 25 ש,גרמים,25.00,100 גרם,false,,24.90,0.9960,false,1,97416
7290006251589,false,תה ירוק עם עלי נענע 50 שקיקים ויסוצקי,בית ויסוצקי,IL,תה ירוק נענע,גרמים,75.00,100 גרם,false,,45.90,0.6120,false,1,97417
7290006265500,false,פטריות שמפיניון ארוז מרינה,"מרינה פטריות הגליל בע""מ",IL,פטריות שמפניון בסלסל,גרמים,250.00,100 גרם,false,,8.90,0.0356,true,1,109868
7290006265548,false,נבטים סינים מרינה ארוז 360ג',"מרינה פטריות הגליל בע""מ",IL,נבטים סינים,גרמים,360.00,100 גרם,false,,5.90,0.0164,true,1,103891
7290006265890,false,נבטי גרעיני חמניה יח,"מרינה פטריות הגליל בע""מ",IL,נבטי חמניה מרינה,יחידה,0.00,יחידה,false,,8.90,0.0000,true,1,145762
7290006271174,false,ג'חנון לאפיה בתנור מעדנות 700 גרם,מיוצר עי קונדיטוריית,IL,ג'חנון מעדנות 700 גר,גרמים,700.00,100 גרם,false,,15.90,0.0227,false,1,97863
7290006271181,false,ג'חנון אפוי מעדנות 750 גרם,מיוצר עי קונדיטוריית,IL,ג'חנון אפוי 750 גר',גרמים,750.00,100 גרם,false,,22.90,0.0305,false,1,97864
7290006271648,false,מיני בורקס תפוחי אדמה מעדנות 800 גרם,"מעדנות בע""מ",IL,"מיני בורקס תפו""א",גרמים,800.00,100 גרם,false,,23.90,0.0299,false,1,97880
7290006271655,false,מיני בורקס גבינה מעדנות 800 גרם,מיוצר עי קונדיטוריית,IL,מיני בורקס גבינה,גרמים,800.00,100 גרם,false,,26.50,0.0331,false,1,97881
7290006272072,false,חטיפי פיצה בשקית מעדנות 650ג',"מעדנות בע""מ",IL,חטיפי פיצה,גרמים,650.00,100 גרם,false,,25.90,0.0398,false,1,97896
7290006272430,false,בצק עלים חמאה מעדנות 600 גרם,מיוצר עי קונדיטוריית,IL,בצק עלים חמאה,גרמים,600.00,100 גרם,false,,25.90,0.0432,false,1,116668
7290006306296,false,רביולי במילוי גבינה לילדים 400 ג' פסטה נונה,פסטנונה רמת דלטון מר,IL,רביולי גבינה לילדים,יחידה,400.00,יחידה,false,,24.00,0.0600,true,1,130240
7290006306302,false,רביולי במילוי גבינות פרמזן ריקוטה 400 ג' פסטה נונה,דורום תעשיות מזון ופ,IL,רביולי גבינה פרמזן,גרמים,400.00,100 גרם,false,,24.00,0.0600,true,1,99843
7290006306319,false,רביולי במילוי בטטה 400 ג' פסטה נונה,דורום תעשיות מזון ופ,IL,רביולי בטטה,גרמים,400.00,100 גרם,false,,24.00,0.0600,true,1,99844
7290006306326,false,רביולי במילוי פטריות וגבינת פרמזן פסטה נונה 400 ג',דורום תעשיות מזון ופ,IL,רביולי פטריות,גרמים,400.00,100 גרם,false,,24.00,0.0600,true,1,99845
7290006306333,false,רביולי תרד וריקוטה נ,דורום תעשיות מזון ופ,IL,רביולי תרד 400,גרמים,400.00,100 גרם,false,,24.00,0.0600,true,1,99846
7290006306357,false,רביולי במילוי גבינת עיזים 400 ג' פסטה נונה,דורום תעשיות מזון ופ,IL,רביולי גבינת עיזים,גרמים,400.00,100 גרם,false,,25.50,0.0638,false,1,99848
7290006322104,false,לחם ריחיים קל פרוס 500גר,מאפיית דוידוביץ ובני,IL,לחם ריחיים קל פרוס ד,גרמים,500.00,100 גרם,false,,9.50,0.0190,true,1,102544
7290006322111,false,לחמניות ריחיים שישיי,מאפיית דוידוביץ ובני,IL,לחמניות ריחיים,גרמים,400.00,100 גרם,false,,9.90,0.0248,true,1,102545
7290006322128,false,לחמניות קלות 6 יח בחבילה,מאפיית דוידוביץ ובני,IL,שש לחמניות קלות דויד,גרמים,400.00,100 גרם,false,,9.90,0.0248,true,1,102546
7290006322197,false,מארז לחמניות הבית כפ,מאפית דוידוביץ,IL,מארז לחמניות הבית כפ,גרמים,400.00,100 גרם,false,,12.90,0.0323,true,1,140447
7290006322487,false,לחם קוביות קמח מלא 750 ג',מאפיית דוידוביץ ובני,IL,לחם קוביות מקמח מלא,גרמים,750.00,100 גרם,false,,14.50,0.0193,false,1,102509
7290006322838,false,לחם מקמח מלא דוידובי,מאפיית דוידוביץ ובני,IL,לחם מקמח מלא דוידובי,מיליליטרים,750.00,"100 מ""ל",false,,10.90,0.0145,true,1,140080
7290006322968,false,לחם זיץ ברויט דוידוב,מאפיית דוידוביץ ובני,IL,לחם זיץ ברויט דוידוב,גרמים,1200.00,100 גרם,false,,16.90,0.0141,true,1,148629
7290006342645,false,טורטיה גדולה 840 גר' 12 יח,אלקטי קוראבייכיסיגיד,TR,טורטיה גדולה,יחידה,0.00,יחידה,false,,14.90,0.0000,true,1,148508
7290006374738,false,קונפיטורת יד מרדכי תות 340 גרם,אף.סי תבליני בגליל ב,IL,קונפיטורה תות יד מרד,גרמים,340.00,100 גרם,false,,13.50,0.0397,true,1,98948
7290006376091,false,סודה לשתיה פרימיום 50 גר',,,סודה לשתייה,גרמים,50.00,100 גרם,false,,2.20,0.0440,true,1,212190
7290006390745,false,לחמניית שבלול עם צימ,"גידרון תעשיות בע""מ",,לחמניית שבלול עם צימ,יחידה,0.00,יחידה,false,,3.20,0.0000,true,1,188196
7290006401373,false,ליגיניה סבון מרענן לשטיפה אינטימית,WHITEHALL ITALIA,IT,ליגיניה אקטיב,מיליליטרים,250.00,"100 מ""ל",false,,29.90,0.1196,true,1,96818
7290006439444,false,"אורז בסמתי ""גולד"" מוזהב 1 ק""ג שוקחה",צימאן לאל סאטיה-דלהי,IN,אורז בסמטי גולד שוקח,קילוגרמים,1.00,"ק""ג",false,,9.90,9.9000,true,1,186988
7290006439475,false,עדשים ירוקות שוקחה 1,סוגת תעשיות בעמ,,עדשים ירוקות גדולות,קילוגרמים,1.00,"ק""ג",false,,10.90,10.9000,true,1,206084
7290006439482,false,שעועית לבנה 1 קג שוק,סוגת תעשיות בעמ,,שעועית לבנה 1 קג שוק,קילוגרמים,1.00,"ק""ג",false,,10.90,10.9000,true,1,199422
7290006439499,false,גרעיני תירס פופקורן,סוגת תעשיות בעמ,,גרעיני תירס פופקורן,גרמים,1000.00,100 גרם,false,,9.90,0.0099,true,1,214197
7290006439536,false,חומוס יבש 1 קג שוקחה,סוגת תעשיות בעמ,,חומוס יבש 1 קג שוקחה,קילוגרמים,1.00,"ק""ג",false,,12.90,12.9000,true,1,199423
7290006439543,false,בורגול שוקחה עבה 1 ק,סוגת תעשיות בעמ,,בורגול עבה 1 קג שוקח,קילוגרמים,1.00,"ק""ג",false,,7.50,7.5000,true,1,198793
7290006439550,false,בורגול שוקחה דק 1 קג,סוגת תעשיות בעמ,,בורגול דק 1 קג,קילוגרמים,1.00,"ק""ג",false,,7.50,7.5000,true,1,200957
7290006439598,false,פריקה שוקחה 800 גרם,בני ג'ורג' שוקחה חיפ,IL,פריקה 800 ג',גרמים,800.00,100 גרם,false,,12.90,0.0161,true,1,214198
7290006439697,false,חיטה שוקחה 1 קג,סוגת תעשיות בעמ,,חיטה 1 קג שוקחה,קילוגרמים,1.00,"ק""ג",false,,7.50,7.5000,true,1,198794
7290006439703,false,אפונה ירוקה חצאים שו,סוגת תעשיות בעמ,,אפונה ירוקה חצאים 1,קילוגרמים,1.00,"ק""ג",false,,8.90,8.9000,true,1,261125
7290006439710,false,שעועית אדומה שוקחה 1,סוגת תעשיות בעמ,,שעועית אדומה 1קג שוק,קילוגרמים,1.00,"100 ק""ג",false,,14.90,14.9000,true,1,205136
7290006439765,false,כוסמת שוקחה 1 קג,סוגת תעשיות בעמ,,כוסמת 1 קג שוקחה,קילוגרמים,1.00,"ק""ג",false,,11.90,11.9000,true,1,198795
7290006449955,false,מלפפון בייבי מארז,"מרינה פטריות הגליל בע""מ",IL,מלפפון בייבי,גרמים,500.00,100 גרם,false,,8.90,0.0178,true,1,136956
7290006461100,false,אנטריקוט פרימיום מוכ,,,אנטריקוט פרימיום מוכ,קילוגרמים,1.00,"ק""ג",true,,199.90,199.9000,false,1,213670
7290006461155,false,פריים ריב פרוס מקוצב,,,פריים ריב פרוס מקוצב,קילוגרמים,1.00,"ק""ג",true,,159.90,159.9000,false,1,260475
7290006461605,false,אסאדו אנגוס מצונן מפ,קצביית פרימיום,IL,אסאדו אנגוס מצונן מפ,קילוגרמים,1.00,"ק""ג",true,,79.90,79.9000,false,1,215064
7290006461698,false,צלי כתף ארגנטינה אית,קצביית פרימיום,IL,צלי כתף לויתן,קילוגרמים,1.00,"ק""ג",true,,99.90,99.9000,false,1,213781
7290006461735,false,בריסקט אנגוס מצונן,,,בריסקט אנגוס מצונן,קילוגרמים,1.00,"ק""ג",true,,59.90,59.9000,false,1,215061
7290006461773,false,שריר מוזות מצונן בוו,,,שריר מוזות מצונן בוו,קילוגרמים,1.00,"ק""ג",true,,69.90,69.9000,false,1,215065
7290006461834,false,קרפציו אנגוס פידלוט,קצביית פרימיום,IL,קרפציו אנגוס,גרמים,100.00,100 גרם,false,,26.90,0.2690,false,1,213678
7290006492432,false,גבינת מוצרלה בייבי 18% גד 150 גרם,מחלבות גד בעמ,IL,מוצרלה בייבי 18%,גרמים,170.00,100 גרם,false,,14.50,0.0853,true,1,99855
7290006492616,false,גבינה בולגרית מעודנת פרוסות 5% גד 250 גרם,DSH עבור מחלבות גד ב,IL,פרוסות בולגרית מעודנ,גרמים,250.00,100 גרם,false,,26.70,0.1068,true,1,99857
7290006492630,false,גבינת פרומעז עיזים 22% גד 180 גרם,מחלבות גד בעמ,IL,גבינת גליל גד עזים 2,גרמים,180.00,100 גרם,false,,22.80,0.1267,true,1,99859
7290006492685,false,גבינת לאבנה עיזים 5% גד 250 גרם,מחלבות גד בעמ,IL,לבנה עיזים 3%,גרמים,250.00,100 גרם,false,,17.00,0.0680,true,1,137458
7290006492852,false,גבינת עיזים למריחה 5% שומן 250 ג' גד,קריות זול,IL,גבינת עיזים 5%,גרמים,250.00,100 גרם,false,,17.00,0.0680,true,1,99866
7290006492913,false,גבינת לאבנה ציזיקי 5% מחלבות גד 250 גרם,מחלבות גד בעמ,IL,לבנה צזיקי 250,גרמים,250.00,100 גרם,false,,12.80,0.0512,true,1,99872
7290006494917,false,טוסו וופל קלאסי במילוי שוקולד 200 גרם,"איטיליאן פוד, אס.פי.",IL,מרמולייט ופל בטעם שו,גרמים,180.00,100 גרם,false,,10.90,0.0606,true,1,107617
7290006494924,false,טוסו וופל קלאסי במילוי קרם לימון 200 גרם,"גילרו בע""מ",IL,מרמולייט ופל בטעם לי,גרמים,180.00,100 גרם,false,,10.90,0.0606,true,1,107618
7290006496799,false,אריתריטול טהור 800 ג,,,אריתריטול טהור 800 ג,גרמים,800.00,100 גרם,false,,45.90,0.0574,true,1,263589
7290006498052,false,דנונה ביו יוגורט טבעי מהדרין 3% 150 ג',שטראוס גרופ,IL,דנונה טבעי 3% מהדרין,יחידה,0.00,יחידה,false,,2.60,0.0000,true,1,150252
7290006511157,false,"פטריות שלמות ויליפוד 400 גרם בד""ץ",אוקצ'מפס אס.איי אויי,PL,פטריות שמפניון שלמות,גרמים,400.00,100 גרם,false,,7.50,0.0188,false,1,105161
7290006546319,false,"צי'פס סטייק פרי גליל 1.5ק""ג","פרי הגליל בע""""מ",IL,סטייק צי'פס,קילוגרמים,1.50,"ק""ג",false,,16.90,11.2667,true,1,99709
7290006546371,false,במיה 600 ג' פרי הגליל,"פרי הגליל בע""""מ",IL,במיה פרי גליל,גרמים,600.00,100 גרם,false,,13.90,0.0232,true,1,99711
7290006546388,false,תחתיות ארטישוק פרי הגליל 400 ג',"פרי הגליל בע""""מ",IL,תחתיות ארטישוק פרי ג,גרמים,400.00,100 גרם,false,,13.90,0.0348,true,1,112075
7290006546395,false,לקט העונה קפוא פרי הגליל 800ג',"פרי הגליל בע""""מ",IL,לקט ירקות פרי גל,גרמים,800.00,100 גרם,false,,9.90,0.0124,true,1,99712
7290006546517,false,צי'פס סטייק קפוא פרי הגליל 800 ג',"פרי הגליל בע""""מ",IL,סטייק ציפס 800 גרם,גרמים,800.00,100 גרם,false,,9.90,0.0124,true,1,113523
7290006546524,false,צי'פס מובחר קפוא פרי גליל 800 ג',"פרי הגליל בע""""מ",IL,ציפס מובחר 800 גר,גרמים,800.00,100 גרם,false,,9.90,0.0124,true,1,120157
7290006554017,false,עוגיות מרוקאיות 500 גרם ארקד,"ארקד מוצרי אפיה בע""מ",IL,עוגיות ארקד,גרמים,500.00,100 גרם,false,,18.90,0.0378,false,1,108982
7290006554024,false,עוגיות ביתיות תמרים,"ארקד מוצרי אפיה בע""מ",IL,עוגיות ביתיות תמ,גרמים,500.00,100 גרם,false,,18.90,0.0378,true,1,109779
7290006554031,false,עוגיות ביתיות אגוזים,"ארקד מוצרי אפיה בע""מ",IL,עוגיות ביתיות אג,גרמים,500.00,100 גרם,false,,18.90,0.0378,false,1,109780
7290006554048,false,עוגיות חיתוכיות בטעם,"ארקד מוצרי אפיה בע""מ",IL,עוגיות סנדביץ ריבה א,גרמים,270.00,100 גרם,false,,18.90,0.0700,true,1,133740
7290006554055,false,עוגיות חלבה ביתיות 3,"ארקד מוצרי אפיה בע""מ",IL,עוגיות חלבה ארקד 300,יחידה,0.00,יחידה,false,,18.90,0.0000,true,1,108983
7290006554062,false,עוגיות גרנולה ארקד 2,"ארקד מוצרי אפיה בע""מ",IL,עוגיות גרנולה ארקד 2,גרמים,250.00,100 גרם,false,,18.90,0.0756,true,1,135375
7290006554079,false,עוגיות גרנולה ללא תו,"ארקד מוצרי אפיה בע""מ",IL,עוגיות ארקד גרנולה ל,גרמים,250.00,100 גרם,false,,18.90,0.0756,true,1,138402
7290006554093,false,עוגיות סהרונים ביתיו,"ארקד מוצרי אפיה בע""מ",IL,עוגיות סהרונים ארקד,גרמים,300.00,100 גרם,false,,18.90,0.0630,false,1,108984
7290006554123,false,עוגיות פריכות עם שקד,"ארקד מוצרי אפיה בע""מ",IL,עוגיות שקדים ארקד,גרמים,250.00,100 גרם,false,,18.90,0.0756,true,1,133781
7290006554154,false,עוגיות מרנג נשיקות 1,"ארקד מוצרי אפיה בע""מ",,עוגיות מרנג נשיקות 1,גרמים,100.00,100 גרם,false,,18.90,0.1890,true,1,139155
7290006554161,false,עוגיות משקפיים קינמו,"ארקד מוצרי אפיה בע""מ",IL,עוגיות משקפיים 250 ג,גרמים,250.00,100 גרם,false,,18.90,0.0756,false,1,146526
7290006554246,false,עוגיות משקפיים עם סו,"ארקד מוצרי אפיה בע""מ",IL,עוגיות משקפיים 250 ג,גרמים,250.00,100 גרם,false,,18.90,0.0756,true,1,150660
7290006554307,false,עוגיות מרוקאית ללא ס,"ארקד מוצרי אפיה בע""מ",IL,עוגיות מרוקאיות ללא,גרמים,300.00,100 גרם,false,,18.90,0.0630,true,1,108985
7290006554314,false,עוגיות שקדים ללא סוכ,"ארקד מוצרי אפיה בע""מ",IL,עוגיות עם שקדים ללא,גרמים,250.00,100 גרם,false,,18.90,0.0756,true,1,150151
7290006554321,false,עוגיות אגוזי לוז ללא,"ארקד מוצרי אפיה בע""מ",IL,עוגיות עם אגוזי לוז,גרמים,250.00,100 גרם,false,,18.90,0.0756,true,1,150152
7290006554345,false,עוגיות תמרים ללא סוכ,"ארקד מוצרי אפיה בע""מ",IL,עוגיות במילוי ממרח ת,גרמים,250.00,100 גרם,false,,18.90,0.0756,false,1,198111
7290006554413,false,עוגיות מרוקאיות ארקד,"ארקד מוצרי אפיה בע""מ",IL,עוגיות מרוקאיות ארקד,יחידה,300.00,יחידה,false,,18.90,0.0630,false,1,120683
7290006554703,false,עוגיות כעכים מלוחים,יצרן 794,IL,כעכים מלוחים 400 גר',גרמים,400.00,100 גרם,false,,18.90,0.0472,false,1,190756
7290006554727,false,עוגיות מקלות מלוח קצ,יצרן 794,IL,מקלות מלוחים+קצח 400,גרמים,400.00,100 גרם,false,,18.90,0.0472,false,1,190758
7290006562906,false,פרמיו הודו וכבש לחתולים,פרמיו Premio,,סטיק הודו וכבש פרמיו,גרמים,15.00,100 גרם,false,,7.00,0.4667,true,1,263596
7290006567048,false,קוסקוס ישראלי מפתול אסם 350ג',"מיוצר ע""י קוד יצרן K",IL,פתיתי קוסקוס ישראלי,גרמים,350.00,100 גרם,false,,8.00,0.0229,false,1,94136
7290006618078,false,אסטוניש מרסס לניקוי המטבח 750 מל,יעקובי אסטוניש,GB,אסטוניש מרסס למטבח,מיליליטרים,750.00,"100 מ""ל",false,,11.90,0.0159,true,1,103365
7290006618085,false,"אסטוניש תרסיס ניקוי אמבטיה וכיורים יעקבי 750 מ""ל",יעקובי אסטוניש,GB,אסטוניש מרסס לאמבט,מיליליטרים,750.00,"100 מ""ל",false,,11.90,0.0159,true,1,103366
7290006618153,false,הפי לניקוי נירוסטה ב,שרווין ווליאמס,US,הפי לנירוסטה,מיליליטרים,600.00,"100 מ""ל",false,,22.90,0.0382,true,1,103372
7290006618610,false,הפי ספוגיות לניקוי כלים חלביים ובשריים יעקבי 6 יחידות,יעקובי,TR,ספוגיות לכלים חלבי ב,יחידה,0.00,יחידה,false,,8.90,0.0000,true,1,103377
7290006620033,false,גבינת ברי עיזים,,,גבינת ברי עיזים,קילוגרמים,1.00,"ק""ג",true,,139.90,139.9000,true,1,137576
7290006644817,false,רביעייה שרינק שוופס סודה 1.5 ל',יפאורה תבורי,IL,רביעיה סודה שוופס 1.,ליטרים,6.00,ליטר,false,,11.00,1.8333,false,1,103541
7290006651730,false,"ד""ר פישר - אלכוג'ל מגבונים לשמירת היגייניית הידיים 20 יח'","ד""ר פישר Dr fischer",IL,אלכוויפס לשמירת היגי,יחידה,0.00,יחידה,false,,14.90,0.0000,true,1,135772
7290006652027,false,במבה חטיף בוטנים אסם 20*15 גרם,מיוצר עי קונדיטוריית,IL,מארז 20 במבה,גרמים,300.00,100 גרם,false,,26.00,0.0867,false,1,94148
7290006653765,false,פסטה פרפקטו פטוציני 500 ג' אסם,אסם פרפקטו,IT,פסטה פרפקטו פטוצ'יני,גרמים,500.00,100 גרם,false,,7.70,0.0154,false,1,94166
7290006653819,false,פתיתי קוסקוס דק 350 גרם,"מיוצר ע""י קוד יצרן K",IL,קוסקוס דק אסם,גרמים,350.00,100 גרם,false,,8.00,0.0229,false,1,94171
7290006660602,false,מי קוקוס אורגני גרין קוקו קרטונית 1 ליטר,תות תעשיות מזון (201,PH,משקה מי קוקוס אורגני,ליטרים,1.00,ליטר,false,,18.90,18.9000,true,1,205232
7290006664037,false,גמדים דגנים ארוחת בוקר מארז 100X4ג',"שטראוס בריאות בע""מ",IL,גמדים ארוחת בוקר 5%,מיליליטרים,400.00,"100 מ""ל",false,,11.10,0.0277,true,1,95632
7290006664051,false,"אקטימל לבן מארז 100X14 מ""ל",מיוצר עי קונדיטוריית,IL,מארז אקטימל טבעי 1.6,ליטרים,1.40,ליטר,false,,29.90,21.3571,false,1,95633
7290006664310,false,גבינה לבנה 3% שומן 250 ג' שטראוס,מיוצר עי קונדיטוריית,IL,סקי 3% 250 גר,גרמים,250.00,100 גרם,false,,4.75,0.0190,false,1,95638
7290006664402,false,גבינה לבנה סקי 5% שומן 750 גרם,מיוצר עי קונדיטוריית,IL,גבינת סקי 5% 750 גר',גרמים,750.00,100 גרם,false,,14.94,0.0199,false,1,95641
7290006664532,false,יוגורט עם תות 3% שומן 150 ג' דנונה,מיוצר עי קונדיטוריית,IL,דנונה תות 1.5%,מיליליטרים,150.00,"100 מ""ל",false,,3.60,0.0240,false,1,95644
7290006664655,false,"אקטימל לבן טבעי מארז 100X8 מ""ל",מיוצר עי קונדיטוריית,IL,שמיניה אקטימל טבעי 1,מיליליטרים,800.00,"100 מ""ל",false,,21.10,0.0264,false,1,95648
7290006664693,false,יוגורט עם אפרסק 3% שומן 150 ג' דנונה,מיוצר עי קונדיטוריית,IL,דנונה אפרסק 3%,מיליליטרים,150.00,"100 מ""ל",false,,3.60,0.0240,false,1,95651
7290006664990,false,"יוגורט דנונה ביו לבן 1.7% שומן 8*150 מ""ל",מיוצר עי קונדיטוריית,IL,מארז יוגורט ביו 1.5%,ליטרים,1.20,ליטר,false,,16.80,14.0000,true,1,95657
7290006666307,false,חומוס אורגינל סלטי מ,סלטי משני,,חומוס אורגינל סלטי מ,גרמים,300.00,100 גרם,false,,12.00,0.0400,true,1,110869
7290006666314,false,סלט טחינה משומשום טהור,סלטי משני,,טחינה 300 גרם,גרמים,300.00,100 גרם,false,,12.00,0.0400,true,1,110870
7290006666437,false,סלט טורקי סלטי משני,סלטי משני,,טורקי 300 גרם,גרמים,300.00,100 גרם,false,,14.90,0.0497,true,1,113298
7290006666444,false,סלט עגבניות מטבוחה חריף,סלטי משני,,מטבוחה 300 גרם,גרמים,300.00,100 גרם,false,,18.90,0.0630,true,1,112438
7290006666468,false,סלט גזר חריף במיץ לימון,סלטי משני,,גזר חריף בלימון 300,גרמים,300.00,100 גרם,false,,18.90,0.0630,true,1,110874
7290006666529,false,סלט פלפלים מרוקאי חריף,סלטי משני,,פלפלים מרוקאי חריף מ,גרמים,300.00,100 גרם,false,,18.90,0.0630,true,1,110877
7290006677327,false,תה טיבטי פורטה פירות,סודות המזרח,IL,תה טיבטי טעם פירות פ,יחידה,0.00,יחידה,false,,42.90,0.0000,true,1,177849
7290006677334,false,תה טיבטי קלאסי פורטה,סודות המזרח,IL,תה טיבטי קלאסי פורטה,יחידה,0.00,יחידה,false,,42.90,0.0000,true,1,136637
7290006681003,false,גלידה תות לימון סורבה 1.33 ל' קרמיסימו,"גלידת שטראוס בע""מ, ר",IL,קרמיסימו סורבה תות ל,ליטרים,1.33,ליטר,false,,24.90,18.7218,false,1,96003
7290006681065,false,"קסטה שוקו וניל ""שטראוס""","מיוצר ע""י גלידת שטרא",IL,טעמקור ענק,גרמים,100.00,100 גרם,false,,7.50,0.0750,true,1,96005
7290006681553,false,קרמבו בטעם וניל שטראוס 8 יחידות,"גלידת שטראוס בע""מ",IL,קרמבו וניל שמיניה,יחידה,0.00,יחידה,false,,15.90,0.0000,true,1,96018
7290006681560,false,קרמבו בטעם מוקה שטראוס 8 יחידות,"גלידת שטראוס בע""מ",IL,קרמבו שמיניה,גרמים,200.00,100 גרם,false,,15.90,0.0795,true,1,96019
7290006681577,false,מאגדת קרחון אסקימו לימון דובדובן 10 יח' שטראוס,"מיוצר ע""י גלידת שטרא",IL,מאגדת קרחונים אסקימו,יח',10.00,יח',false,,17.90,1.7900,false,1,96020
7290006704269,false,חסה עגולה יח',"מרינה פטריות הגליל בע""מ",IL,חסה עגולה,יחידה,0.00,יחידה,false,,6.90,0.0000,true,1,194865
7290006704511,false,"תפו""א גמדי אדום למיקרו מרינה 750ג'","מרינה פטריות הגליל בע""מ",IL,"תפ""א למיקרוגל לבן גמ",יחידה,0.00,יחידה,false,,6.90,0.0000,true,1,103911
7290006704542,false,תרד לא שטוף יח ( ניוזילנדי ),"סנפרוסט בע""מ",IL,תרד,גרמים,300.00,100 גרם,false,,9.90,0.0330,true,1,103913
7290006704573,false,בצל ירוק א שער מגש,"מרינה פטריות הגליל בע""מ",IL,בצל ירוק,יחידה,0.00,יחידה,false,,4.90,0.0000,true,1,204977
7290006704801,false,מנגולד טרי עלים ארוז,"מרינה פטריות הגליל בע""מ",IL,מנגולד טרי עלים,יחידה,0.00,יחידה,false,,6.90,0.0000,true,1,204978
7290006707352,false,פטם חזה פרוס מצונן מגש טרי,עוף טוב,,חזה פטם פרוס טרי במג,קילוגרמים,1.00,"ק""ג",true,,36.90,36.9000,true,1,150793
7290006707369,false,כרעיים עוף ללא אנטיביוטיקה במגש ע.טוב,עוף טוב,,כרעיים פטם במגש טרי,קילוגרמים,1.00,"ק""ג",true,,28.90,28.9000,true,1,150795
7290006707376,false,פטם ירכיים מצונן מגש טרי,עוף טוב,,ירכיים פטם טרי במגש,קילוגרמים,1.00,"ק""ג",true,,28.90,28.9000,true,1,150796
7290006707383,false,פטם שוקיים מצונן מגש טרי,עוף טוב,IL,שוקיים ארוז טרי,קילוגרמים,1.00,"ק""ג",true,,29.90,29.9000,true,1,147692
7290006707390,false,שוארמה פרגית ארוז,עוף טוב,,פרגיות טרי במגש,קילוגרמים,1.00,"ק""ג",true,,66.90,66.9000,true,1,150797
7290006707420,false,עוף מצונן ארוז במגש,עוף טוב,,עוף מצונן ארוז במגש,קילוגרמים,1.00,"ק""ג",true,,21.90,21.9000,true,1,139890
7290006707437,false,פטם כנף מצונן טרי במגש,עוף טוב,,כנפיים עוף טרי במגש,קילוגרמים,1.00,"ק""ג",true,,9.90,9.9000,true,1,147110
7290006707444,false,קורקבן מצונן במגש טר,עוף טוב,,קורקבן מצונן במגש טר,קילוגרמים,1.00,"ק""ג",true,,9.90,9.9000,true,1,186310
7290006707451,false,לב עוף טרי במגש,עוף טוב,,לב עוף טרי במגש,קילוגרמים,1.00,"ק""ג",true,,25.90,25.9000,true,1,149857
7290006707468,false,כבד עוף טרי ארוז לצל,עוף טוב,,כבד עוף טרי ארוז,קילוגרמים,1.00,"ק""ג",true,,16.90,16.9000,true,1,148930
7290006707536,false,טחול מצונן ארוז במגש,עוף טוב,,טחול מצונן ארוז במגש,קילוגרמים,1.00,"ק""ג",true,,69.90,69.9000,true,1,186292
7290006707543,false,פילה פטם טרי במגש,עוף טוב,,פילה פטם טרי במגש,קילוגרמים,1.00,"ק""ג",true,,35.90,35.9000,true,1,150794
7290006708069,false,גרון הודו טרי ארוז עוף טוב,,,גרון הודו טרי-עוף טו,קילוגרמים,1.00,"ק""ג",true,,31.90,31.9000,false,1,188833
7290006708137,false,קוקטייל עוף מצונן,עוף טוב,,קוקטייל עוף מצונן,קילוגרמים,1.00,"ק""ג",true,,28.90,28.9000,true,1,185626
7290006708847,false,חזה עוף חצוי טרי ארוז,עוף טוב,,חזה חצוי טרי ארוז עו,קילוגרמים,1.00,"ק""ג",true,,35.90,35.9000,true,1,202598
7290006712981,false,"משחת שיניים לילדים בגילאי +6 קולגייט 50 מ""ל",הנסיך- מפעל לייצור ט,PL,משחת שינים קולגייט ס,מיליליטרים,50.00,"100 מ""ל",false,,10.90,0.2180,true,1,96430
7290006714305,false,מח בקר מוכשר מעדני ה,,,מח בקר מוכשר מעדני ה,קילוגרמים,1.00,"ק""ג",true,,140.00,140.0000,false,1,263983
7290006714428,false,רגל עגל פרוס מגש,לאטי עזרא גלם ודגים,IL,רגל עגל פרוס,קילוגרמים,1.00,"ק""ג",true,,39.90,39.9000,true,1,125686
7290006714824,false,עצמות עגל קפוא במגש.,מעדני הטלה,IL,עצמות עגל,קילוגרמים,1.00,"ק""ג",true,,25.90,25.9000,true,1,150209
7290006730084,false,פופסים פופלי אייס להקפאה 8יח',"קלית סיטבון בע""מ",IL,שלוק אייס פופ שמיניי,גרמים,800.00,100 גרם,false,,5.90,0.0074,true,1,211647
7290006730268,false,טרופית עם פקק 40 יח',קלית סיטבון בעמ,IL,טרופית עם פקק 40 יח',מיליליטרים,8000.00,"100 מ""ל",false,,49.90,0.0062,true,1,263528
7290006730350,false,טרופית עם פקק,,,טרופית עם פקק,מיליליטרים,200.00,"100 מ""ל",false,,1.50,0.0075,true,1,146128
7290006730947,false,צמר גפן מתוק דלי 80 גרם,,IL,צמר גפן מתוק בטעמים,גרמים,80.00,100 גרם,false,,9.90,0.1238,true,1,264150
7290006738615,false,קבב פרימיום זהב 100% בשר זוגלובק 400 ג',נקניק נהריה כשר זוגל,IL,קבב זהב 400 גר'- 8 י,גרמים,400.00,100 גרם,false,,19.90,0.0497,true,1,115279
7290006739124,false,בצק עלים פילאס 500ג' זוגלובק,זוגלובק,IL,בצק פילאס 500 גר',גרמים,500.00,100 גרם,false,,14.90,0.0298,true,1,147497
7290006739131,false,בצק גולמי פילו זוגלובק 500ג',מאפיית אריאל,IL,בצק פילו 500 גר',גרמים,500.00,100 גרם,false,,14.90,0.0298,true,1,147498
7290006739292,false,נקניק פסטרמה פרגיות ציפוי תירס,נקניק נהריה כשר זוגל,IL,פסטרמה תבור חזה הודו,גרמים,330.00,100 גרם,false,,25.90,0.0785,true,1,119696
7290006739346,false,נקניקיות פרגיות טרי 400 גרם זוגלובק,נקניק נהריה כשר זוגל,IL,נקנקיות פרגיות,גרמים,400.00,100 גרם,false,,16.90,0.0422,true,1,100823
7290006739407,false,שניצל תירס לייט זוגלובק 600 גרם,נקניק נהריה כשר זוגל,IL,שניצל תירס לייט,גרמים,630.00,100 גרם,false,,22.90,0.0363,true,1,126636
7290006739414,false,נקניק סלמי קוניאק זוגלובק 300 גרם,נקניק נהריה כשר זוגל,IL,סלמי קוניאק 300 גר',גרמים,300.00,100 גרם,false,,25.90,0.0863,false,1,119000
7290006739421,false,נקניק סלמי מעושן איטלקי זוגלובק 300 גרם,נקניק נהריה כשר זוגל,IL,סלמי מעושן איטלקי 30,גרמים,300.00,100 גרם,false,,25.90,0.0863,true,1,119007
7290006739445,false,שניצל תירס קלאסי 750 ג' זוגלובק,נקניק נהריה כשר זוגל,IL,שניצל תירס זוגלובק,גרמים,750.00,100 גרם,false,,22.90,0.0305,false,1,120151
7290006741363,false,בורקס תפוחי אדמה זוגלובק 800 גרם,מאפיית אריאל וגידרון,IL,"בורקס תפו""א זוגלובק",גרמים,800.00,100 גרם,false,,16.90,0.0211,false,1,122076
7290006741387,false,"מלאווח תימני זוגלובק 700 ג' בד""צ",נקניק נהריה כשר זוגל,IL,מלווח זוגלובק,גרמים,700.00,100 גרם,false,,16.90,0.0241,false,1,122075
7290006742162,false,המבורגר מזרחי זוגלובק 400 גרם,נקניק נהריה כשר זוגל,IL,המבורגר מזרחי 400 גר,גרמים,400.00,100 גרם,false,,19.90,0.0497,true,1,111838
7290006742179,false,קבב מזרחי 400 ג' זוגלובק,נקניק נהריה כשר זוגל,IL,קבב מזרחי 400 גר',גרמים,400.00,100 גרם,false,,19.90,0.0497,true,1,111839
7290006742278,false,פסטרמה הודו צלויה על לבנים 330 ג' זוגלובק,נקניק נהריה כשר זוגל,IL,פסטרממיה צלויה על לב,גרמים,330.00,100 גרם,false,,25.90,0.0785,true,1,121808
7290006742292,false,פסטרמה הודו בדבש 330 ג' זוגלובק,נקניק נהריה כשר זוגל,IL,פסטרממיה בדבש 330 גר,גרמים,330.00,100 גרם,false,,25.90,0.0785,true,1,121809
7290006742315,false,פסטרמה חזה הודו ברביקיו 2% זוגלובק 330 גרם,נקניק נהריה כשר זוגל,IL,חזה הודו ברביקיו 330,גרמים,330.00,100 גרם,false,,25.90,0.0785,true,1,121810
7290006754622,false,"פחם 5ק""ג",,,"פחם 5ק""ג",קילוגרמים,5.00,"ק""ג",false,,32.90,6.5800,true,1,218916
7290006764058,false,"נשר בירה לבנה נשר בקבוק חוזר 500 מ""ל","טמפו משקאות בע""מ",IL,נשר בירה לבנה בקבוק,מיליליטרים,500.00,"100 מ""ל",false,,4.90,0.0098,true,1,110088
7290006764065,false,בירה נשר מאלט ללא אלכוהול 500 מל,"טמפו משקאות בע""ם.",IL,בקבוק נשר מאלט חוזר,מיליליטרים,500.00,"100 מ""ל",false,,4.60,0.0092,false,1,110089
7290006764072,false,"גולדסטאר בירה בק חוזר 500 מ""ל","טמפו משקאות בע""מ",IL,גולדסטאר בירה בקבוק,מיליליטרים,500.00,"100 מ""ל",false,,6.70,0.0134,false,1,110090
7290006764096,false,"בירה איגל 500 מ""ל 3.8% בקבוק חוזר","טמפו משקאות בע""מ",IL,בירה איגל 3.8% חוזר,מיליליטרים,500.00,"100 מ""ל",false,,4.90,0.0098,false,1,194638
7290006764157,false,"בירה גולדסטאר Unfiltered, בירה לא מסוננת, בקבוק חוזר 500 מ""ל",פארייפאבה אגרואינדוס,IL,גולדסטאר לא מסונן חו,מיליליטרים,500.00,"100 מ""ל",false,,7.50,0.0150,true,1,203696
7290006764164,false,"בירה גולדסטאר לא מסונן בקבוק חוזר 500X6מ""ל",טמפו משקאות בע''מ,IL,גולדסטאר לא מסונן שי,ליטרים,3.00,ליטר,false,,43.90,14.6333,false,1,203117
7290006764478,false,"בירה נשר מאלט בקבוק זכוכית 330 מ""ל","טמפו משקאות בע""מ",IL,נשר מאלט בקבוק 330 מ,מיליליטרים,330.00,"100 מ""ל",false,,4.20,0.0127,true,1,110093
7290006764485,false,"בירה שחורה נשר מאלט שישייה ח""פ 330*6 מ''ל",קריות זול,IL,נשר מאלט שישייה בקבו,ליטרים,1.98,ליטר,false,,28.90,14.5960,false,1,110094
7290006775016,false,עוגה מבית טוב 450 גרם תפוז,אחדות ביחר לטחינה חל,IL,עוגת תפוז 450 גרם אח,גרמים,450.00,100 גרם,false,,9.90,0.0220,true,1,117030
7290006775023,false,"עוגה מבית טוב"" 450 גרם אנגלית",אחדות ביחר לטחינה חל,IL,עוגה אנגלית אחוה,גרמים,450.00,100 גרם,false,,9.90,0.0220,true,1,117031
7290006775030,false,"עוגה מבית טוב"" 450 גרם שוקו-ציפס",אחדות ביחר לטחינה חל,IL,עוגה שוקו ציפס 450 ג,גרמים,450.00,100 גרם,false,,9.90,0.0220,true,1,117032
7290006775047,false,"עוגה מבית טוב"" 450 גרם שוקולד",אחדות ביחר לטחינה חל,IL,עוגה שוקולד אחוה,גרמים,450.00,100 גרם,false,,9.90,0.0220,true,1,117033
7290006775054,false,עוגת שיש אחווה 450 ג' אחוה,אחדות ביחר לטחינה חל,IL,עוגת שיש אחוה,גרמים,450.00,100 גרם,false,,9.90,0.0220,true,1,117094
7290006775085,false,עוגת שמרים במילוי שוקולד 400גר,אחדות ביחר לטחינה חל,IL,עוגת שמרים שוקולדאחו,גרמים,400.00,100 גרם,false,,11.00,0.0275,true,1,117035
7290006775337,false,עוגת שמרים פרג 400 ג אחוה,אחדות ביחר לטחינה חל,IL,עוגת שמרים פרג 400 ג,גרמים,400.00,100 גרם,false,,11.00,0.0275,true,1,117036
7290006775344,false,עוגת שמרים קינמון ואגוזי מלך 400 גרם,אחדות ביחר לטחינה חל,IL,עוגת שמרים קינמון וא,גרמים,400.00,100 גרם,false,,11.00,0.0275,true,1,117037
7290006775764,false,"עוגת שוקוצ'יפס לל""ס אחדות 400 גר'",אחדות ביחר לטחינה חל,IL,עוגת שוקולד צ'יפס לל,גרמים,400.00,100 גרם,false,,11.50,0.0288,true,1,117096
7290006775795,false,"עוגת תפו""ע אחוה במילוי עדין 450'","אחדות ביח""ר לטחינה ח",IL,"עוגת תפ""ע אחווה",יחידה,450.00,יחידה,false,,11.50,0.0256,true,1,127440
7290006775894,false,אחדות עוגת שיש ללא תוספת סוכר 400 גרם,"אחדות ביח""ר לטחינה ח",IL,עוגת שיש ללא סוכר אח,יחידה,400.00,יחידה,false,,11.50,0.0288,true,1,128261
7290006784018,false,"מילוי מכשיר אוויר 250 מ""ל fashion blablabla סנט מוריץ",סורה קוסמטיקס,TR,מטהר אוויר למכשיר או,מיליליטרים,250.00,"100 מ""ל",false,,9.90,0.0396,true,1,262459
7290006784025,false,עלמה ספוג הפלא להסרת כתמים קשים,קומפלקס כימיקלים,IL,ספוגית בפלא,יחידה,0.00,יחידה,false,,7.90,0.0000,true,1,217391
7290006784032,false,עלמה כריות יפניות - ללא שריטות 6 יחידות,קומפלקס כימיקלים,IL,ספוגית לניקוי כלים,יחידה,0.00,יחידה,false,,7.50,0.0000,true,1,246700
7290006784063,false,pure nature מרכך כביסה ורוד 1 ליטר,"קומפלקס כימיקלים בע""",TR,מרכך כביסה כחול 1 לי,ליטרים,1.00,ליטר,false,,10.90,10.9000,true,1,262182
7290006784322,false,ספריי לניקוי והברקת משטחי נירוסטה סנט מו,סנט מוריץ,,מבריק נירוסטה סנט מו,מיליליטרים,400.00,"100 מ""ל",false,,17.00,0.0425,true,1,119286
7290006784339,false,"תרסיס לניקוי רהיט סנט מוריץ 300 מ""ל",קומפלקס כימיקלים,IL,תרסיס רהיט 300מל',מיליליטרים,300.00,"100 מ""ל",false,,11.90,0.0397,true,1,122331
7290006784346,false,"תרסיס לניקוי שטיחים סנט מוריץ 630 מ""ל",קומפלקס כימיקלים,IL,קצף לניקוי שטיחים,מיליליטרים,630.00,"100 מ""ל",false,,15.90,0.0252,true,1,122505
7290006784360,false,חלונית סנט מוריץ לניקוי חלונות 1 ליטר,"קומפלקס כימיקלים בע""",IL,חלונית 1ליטר סנט מור,ליטרים,1.00,ליטר,false,,8.50,8.5000,false,1,123114
7290006784377,false,מרכך כביסה פיור נייטשר כחול 1 ליטר,"קומפלקס כימיקלים בע""",TR,מרכך כביסה ורוד 1 לי,ליטרים,1.00,ליטר,false,,10.90,10.9000,true,1,262183
7290006784414,false,"PURE מבשם כביסה בניחוח מלון ספא 500 מ""ל",קומפלקס כימיקלים,TR,פרפקטו מבשם כביסה,יחידה,750.00,יחידה,false,,12.90,0.0172,true,1,125698
7290006784452,false,"PURE - מבשם כביסה מרסס בניחוח מלון רויאל 500 מ""ל",קומפלקס כימיקלים,TR,"מבשם כביסה 500 מ""ל",מיליליטרים,500.00,"100 מ""ל",false,,12.90,0.0258,true,1,259361
7290006784575,false,"מילוי מכשיר אוויר 250 מ""ל fashion loouy סנט מוריץ",סורה קוסמטיקס,TR,מטהר אוויר למכשיר או,מיליליטרים,250.00,"100 מ""ל",false,,9.90,0.0396,true,1,262460
7290006784582,false,"מילוי מכשיר אוויר 250 מ""ל fashion no.6 סנט מוריץ",סורה קוסמטיקס,TR,מטהר אוויר למכשיר או,מיליליטרים,250.00,"100 מ""ל",false,,9.90,0.0396,true,1,262463
7290006784599,false,"מילוי מכשיר אוויר 250 מ""ל fashion yoyo boss סנט מוריץ",סורה קוסמטיקס,TR,מטהר אוויר למכשיר או,מיליליטרים,250.00,"100 מ""ל",false,,9.90,0.0396,true,1,262467
7290006784643,false,"מילוי מכשיר אוויר 250 מ""ל fashion rose gold סנט מוריץ",סורה קוסמטיקס,TR,מטהר אוויר למכשיר או,מיליליטרים,250.00,"100 מ""ל",false,,9.90,0.0396,true,1,262462
7290006784865,false,סנט מוריץ לניקוי משטחי מטבחים מרוכז ועוצמתי 1ל',קומפלקס כימיקלים,IL,מטבחים 1 ליטר תכשיר,ליטרים,1.00,ליטר,false,,9.90,9.9000,true,1,210873
7290006785633,false,שקית 10 בלונים מיטלי,Unknown,,בלונים,יחידה,0.00,יחידה,false,,6.40,0.0000,true,1,151032
7290006788320,false,קרליין - מי פנים לעור יבש ללא אלכוהול,קרליין,,קרליין מי פנים לעור,מיליליטרים,200.00,"100 מ""ל",false,,29.90,0.1495,true,1,194485
7290006788405,false,"קרליין - נושם אקטיב דאודורנט רול און לאישה ברודו 75 מ""ל","אמיליה קוסמטיקס בע""מ",IL,רול און קרליין,גרמים,75.00,100 גרם,false,,12.90,0.1720,true,1,107963
7290006788412,false,"קרליין - נושם אקווה דאודורנט רול און לאישה כחול 75 מ""ל",אמיליה קוסמטיקס,IL,רול און קרליין,גרמים,50.00,100 גרם,false,,12.90,0.2580,true,1,107964
7290006788429,false,"קרליין - נושם סאן רייס דאודורנט רול און לאישה כתום 75 מ""ל","אמיליה קוסמטיקס בע""מ",IL,רול און קרליין,גרמים,75.00,100 גרם,false,,12.90,0.1720,true,1,107965
7290006788436,false,"קרליין - נושם פיור דאודורנט רול און לאישה ורוד 75 מ""ל",משווק: קוסמופארם בעמ,IL,רול און קרליין,גרמים,75.00,100 גרם,false,,12.90,0.1720,true,1,107966
7290006788443,false,"קרליין - נושם אוקסיג'ן דאודורנט רול און לאישה סגול 75 מ""ל","אמיליה קוסמטיקס בע""מ",IL,רול און קרליין,גרמים,75.00,100 גרם,false,,12.90,0.1720,true,1,107967
7290006788504,false,"קרליין - נושם אוקסיג'ן דאודורנט ספריי לאישה סגול 200 מ""ל",מיוצר עי : אמיליה קו,IL,דאודורנט קרליין,מיליליטרים,200.00,"100 מ""ל",false,,12.90,0.0645,true,1,107973
7290006788948,false,"קרליין דאודורנט תרסיס ספריי מיסט 175 מ""ל",קרליין,,דאודורנט מי,מיליליטרים,175.00,"100 מ""ל",false,,21.90,0.1251,true,1,108003
7290006789617,false,"קרם לחות לתלתול טבעי לשיער גלי עד מתולתל 10 קרליין 400 מ""ל",מיוצר עי : אמיליה קו,IL,קרם לחות 10,מיליליטרים,400.00,"100 מ""ל",false,,18.90,0.0472,true,1,108007
7290006789631,false,"קרליין קרם לחות לשיער רגיל 400 מ""ל","אמיליה קוסמטיקס בע""מ",IL,קרם לחות 10,מיליליטרים,400.00,"100 מ""ל",false,,18.90,0.0472,true,1,108009
7290006789648,false,"קרם לחות לשיער יבש 10 קרליין 400 מ""ל","אמיליה קוסמטיקס בע""מ",IL,קרם לחות 10,מיליליטרים,400.00,"100 מ""ל",false,,18.90,0.0472,true,1,108010
7290006805355,false,"פילסברי, כדורים בטעם שוקולד, תערובת להכנת כדורים בטעם שוקולד. 500 גרם.",הדקלאים אגודת שיתופי,IL,תערובת כדורי שוק,גרמים,500.00,100 גרם,false,,17.90,0.0358,true,1,102189
7290006805850,false,פילסברי פנקייק תערובת להכנת חביתיות,הדקלאים אגודת שיתופי,IL,תערובת להכנת פנקייקס,גרמים,500.00,100 גרם,false,,17.90,0.0358,true,1,102190
7290006809049,false,שמן השדה-שמן ארבקינה,,,שמן השדה-שמן ארבקינה,מיליליטרים,750.00,"100 מ""ל",false,,43.90,0.0585,true,1,148529
7290006809063,false,עץ השדה- שמן זית קור,,,עץ השדה- שמן זית קור,מיליליטרים,750.00,"100 מ""ל",false,,43.90,0.0585,true,1,148465
7290006809087,false,עץ השדה-שמן זית סורי,,,עץ השדה-שמן זית סורי,מיליליטרים,750.00,"100 מ""ל",false,,43.90,0.0585,true,1,150456
7290006809629,false,עץ השדה-ממרח אריסה,,,עץ השדה-ממרח אריסה,גרמים,230.00,100 גרם,false,,18.90,0.0822,true,1,141357
7290006809643,false,עץ השדה ממרח זית ירו,,,עץ השדה ממרח זית ירו,גרמים,230.00,100 גרם,false,,18.90,0.0822,true,1,139273
7290006809681,false,עץ השדה-צ'ימיצ'ורי,,,עץ השדה-צ'ימיצ'ורי,גרמים,230.00,100 גרם,false,,18.90,0.0822,true,1,137080
7290006809698,false,עץ השדה-ממרח לימון כ,,,עץ השדה-ממרח לימון כ,גרמים,230.00,100 גרם,false,,18.90,0.0822,true,1,137081
7290006809735,false,ממרח חציל קלוי,,,ממרח חציל קלוי,יחידה,0.00,יחידה,false,,18.90,0.0000,true,1,204128
7290006822192,false,נקטר דיאט חמוציות אושן ספריי פריגת 1 ליטר,מבשלות בירה בינלאומי,IL,מיץ חמוציות דיאט אוש,ליטרים,1.00,ליטר,false,,12.90,12.9000,false,1,93374
7290006866363,false,מיץ סחוט אשכולית אדומה פרימור 1 ליטר,"גניר (1992) בע""מ",IL,פרימור מיץ אשכולית א,ליטרים,1.00,ליטר,false,,15.90,15.9000,true,1,95663
7290006899088,false,סרמוני תה - 20 ירוק נענע מרוקאית - קופסת פירמידה,תה סרמוני בעמ,,תה סרמוני ירוק נענע,גרמים,40.00,100 גרם,false,,16.90,0.4225,true,1,195038
7290006899187,false,סרמוני תה - 20 לימונית לואיזה - קופסת פירמידה,תה סרמוני בעמ,,סרמוני תה לימונית ול,גרמים,30.00,100 גרם,false,,16.90,0.5633,true,1,195039
7290006899217,false,סרמוני תה - 20 אינגליש בראקפסט - קופסת פירמידה,תה סרמוני בעמ,IL,תה סרמוני אינגליש בר,גרמים,40.00,100 גרם,false,,16.90,0.4225,true,1,210003
7290006899224,false,תה סרמוני ירוק יסמין,תה סרמוני בעמ,IL,סרמוני תה ירוק יסמין,גרמים,40.00,100 גרם,false,,16.90,0.4225,true,1,260642
7290006899255,false,סרמוני תה - 20 ארל גריי - קופסת פירמידה,תה סרמוני בעמ,,תה סרמוני ארל גריי,גרמים,40.00,100 גרם,false,,16.90,0.4225,true,1,195040
7290006899262,false,סרמוני תה - 20 ג'ינג'ר אפרסק - קופסת פירמידה,תה סרמוני בעמ,IL,תה סרמוני ג'ינג'ר ו,גרמים,40.00,100 גרם,false,,16.90,0.4225,true,1,216262
7290006899293,false,סרמוני תה - 20 צ'אי הודי - קופסת פירמידה,תה סרמוני בעמ,IL,תה סרמוני צ'אי,גרמים,40.00,100 גרם,false,,16.90,0.4225,true,1,195041
7290006899354,false,סרמוני תה - 20 פרחי קמומיל - קופסת פירמידה,תה סרמוני בעמ,IL,תה סרמוני קמומיל,גרמים,21.00,100 גרם,false,,16.90,0.8048,true,1,195043
7290006899361,false,סרמוני תה - 20 פירות יער - קופסת פירמידה,תה סרמוני בעמ,IL,תה סרמוני פירות יער,גרמים,40.00,100 גרם,false,,16.90,0.4225,true,1,195044
7290006899705,false,תה סרמוני ירוק לימונ,תה סרמוני בעמ,IL,סרמוני תה ירוק לימונ,גרמים,44.00,100 גרם,false,,16.90,0.3841,true,1,216892
7290006983152,false,קרוטונים מתובלים למרק אסם 400 גרם,עינת תעשיות מזון אגו,IL,קרוטונים מתובלים למר,גרמים,400.00,100 גרם,false,,18.90,0.0472,true,1,94201
7290006983176,false,אוסם - לחמית שיפון 250 גרם,"אסם תעשיות בע""מ",IL,לחמית שיפון,גרמים,230.00,100 גרם,false,,8.70,0.0378,true,1,94202
7290006983206,false,תערובת להכנת פלפל קלי קלות 180 גרם,"אסם תעשיות בע""מ",IL,פלאפל בקלי קלות 180,גרמים,180.00,100 גרם,false,,9.70,0.0539,true,1,94203
7290006983527,false,עוגת הבית תפוחי עץ עם פירורים 400 ג' אסם,מיוצר עי קונדיטוריית,IL,עוגת הבית תפוחים עם,גרמים,400.00,100 גרם,false,,18.00,0.0450,false,1,94212
7290006983763,false,עוגת הבית שוקולד 400 גרם אסם.,מיוצר עי קונדיטוריית,IL,עוגת הבית שוקולד,גרמים,400.00,100 גרם,false,,13.90,0.0348,false,1,192667
7290006983770,false,עוגת הבית שיש אסם 400 גרם,מיוצר עי קונדיטוריית,IL,עוגת הבית שיש,גרמים,400.00,100 גרם,false,,13.90,0.0348,false,1,94214
7290006983787,false,עוגת הבית שוקולד צ'יפס אסם 400 גרם,מיוצר עי קונדיטוריית,IL,עוגת הבית שוקולד,גרמים,400.00,100 גרם,false,,13.90,0.0348,false,1,94215
7290006983794,false,עוגת הבית בטעם תפוז אסם 400 גרם,מיוצר עי קונדיטוריית,IL,עוגת הבית תפוז,גרמים,400.00,100 גרם,false,,13.90,0.0348,false,1,94216
7290006992161,false,מטרנה - דייסת קורנפלור פרוביוטי 200 גרם,מולינו ניקולי s.p.a,IL,דייסת מטרנה קונפלור,גרמים,200.00,100 גרם,false,,13.90,0.0695,false,1,107090
7290006992192,false,מטרנה דייסלה סולת 200 גרם,קריות זול,IL,דייסת סולת שקית 200,גרמים,200.00,100 גרם,false,,13.90,0.0695,false,1,107093
7290006992208,false,מטרנה דייסת 8 דגנים מעורבים 200 גרם,מטרנה תעשיות ש.מ,IL,דייסת דגנים 200,גרמים,200.00,100 גרם,false,,13.90,0.0695,false,1,107094
7290006992390,false,"מטרנה - דייסת וניל פרוביוטי כשל""פ 200 גרם",מולינו ניקולי s.p.a,IL,"דייסת וניל 200 בד""צ",גרמים,200.00,100 גרם,false,,13.90,0.0695,true,1,107098
7290006992864,false,"לה קט חתלתולים 2.85 ק""ג",united pet food,FR,לה קט עוף חתלתולים 2,קילוגרמים,2.85,"ק""ג",false,,59.90,21.0175,true,1,138413
7290008000796,false,"סופרמן משחת שיניים לילדים בטעם פירות כצט 50 מ""ל",כצט נוביס,IL,סופרמן מ.שיניים,מיליליטרים,50.00,"100 מ""ל",false,,10.90,0.2180,true,1,127131
7290008000826,false,"משחת שיניים לילדים בטעם פירות לגילאים 2-6 כצט 50 מ""ל",כצט נוביס,IL,משחת שיניים לילדים ב,מיליליטרים,50.00,"100 מ""ל",false,,10.90,0.2180,true,1,125576
7290008023542,false,נוזל לניקוי רצפות בניחוח יסמין סיף 4 ליטר,סיף פנטסטיק Cif Fantastic,IL,שמפו רצפות 4 ליט,ליטרים,4.00,ליטר,false,,19.90,4.9750,false,1,101733
7290008084956,false,בייבי פסטה משחה לתינוק,General,,בייבי פסטה משחה לתינ,גרמים,120.00,100 גרם,false,,15.90,0.1325,true,1,99508
7290008104050,false,"שטיפת אינטימית לקטופיל פמינה 220 מ""ל",כצט נוביס סעמ,IL,פמינה לרחיצה אינ,מיליליטרים,220.00,"100 מ""ל",false,,19.90,0.0905,true,1,103185
7290008116541,false,"שטיפת פה ליסטרין קול מינט 500 מ""ל",ג'ונסון אנד ג'ונסון,IT,"ליסטרין 500 מ""ל",מיליליטרים,500.00,"100 מ""ל",false,,16.90,0.0338,true,1,151295
7290008116565,false,ליסטרין שטיפת פה פרש 500 מל,ג'ונסון אנד ג'ונסון,IT,"ליסטרין 500 מ""ל",מיליליטרים,500.00,"100 מ""ל",false,,16.90,0.0338,true,1,151296
7290008154222,false,שניצלונים עוף טוב 700 גרם,מוצרי עוף טוב (2001),IL,עוף טוב שניצלונים 70,גרמים,700.00,100 גרם,false,,18.90,0.0270,false,1,94244
7290008166010,false,לקט מובחר תערובת 200 גר',"גיי אנג גי פקאנס בע""",IL,לקט מובחר תערובת,גרמים,200.00,100 גרם,false,,14.90,0.0745,true,1,213876
7290008166775,false,הטיב בוטן מטוגן 200ג,"גיי אנג גי פקאנס בע""",IL,בוטן מטוגן,גרמים,200.00,100 גרם,false,,6.50,0.0325,true,1,213884
7290008167246,false,מבשם בלו דרימס,,,מבשם בלו דרימס,מיליליטרים,750.00,"100 מ""ל",false,,32.90,0.0439,true,1,213158
7290008175173,false,חמאה מפינלנד ללא מלח 200 גרם ויליפוד,ואליו אל.טי.די,FI,חמאה ללא מלח 200 גר,גרמים,200.00,100 גרם,false,,10.90,0.0545,true,1,105171
7290008175210,false,גבינת פרמזן מגורדת 90ג' ויליפוד,זנטי אס.איי.,IT,גבינה פרמזן,גרמים,90.00,100 גרם,false,,15.90,0.1767,true,1,139641
7290008175692,false,וילי פוד נודלס אטר.ביצים להקפצה בדץ 400ג,פוגיאן לונגאי,CN,איטריות להקפצה,גרמים,400.00,100 גרם,false,,6.90,0.0173,true,1,105176
7290008175760,false,מנצגו חלב כבשים מעדניה שקיל,אלפסטור,ES,גבינת מנצ'גו,קילוגרמים,1.00,"ק""ג",true,,99.90,99.9000,true,1,143800
7290008175777,false,גבינת איברקו חלב ישר,יושלם,ES,איבריקו גבינה קשה וי,קילוגרמים,1.00,"ק""ג",true,,110.00,110.0000,true,1,143801
7290008175814,false,וילי פוד פטריות שמפיניון חתוך בדץ 400ג,"אוקצ'מפ אס, איי אויי",PL,פטריות שמפניון חתוכו,גרמים,400.00,100 גרם,false,,4.90,0.0123,false,1,105177
7290008190909,false,עוגיות מיני קוקיס שוקולד צ'יפס כרמית 600 גרם,כרמית תעשיות ממתקים,IL,עוגיות מיני קוקיס כר,גרמים,600.00,100 גרם,false,,15.90,0.0265,true,1,104533
7290008190985,false,כרמית לקקן גלידה 50יח,כרמית תעשיות ממתקים,IL,לקקן גלידה,גרמים,500.00,100 גרם,false,,14.90,0.0298,true,1,104536
7290008194266,false,מארזים מתוקים א.אטיא,ממתקי השלום,IL,חטיפים מתוקים 350גר,גרמים,350.00,100 גרם,false,,12.90,0.0369,true,1,139882
7290008194839,false,חטיפים מצופים אטיאס,ממתקי השלום,IL,קליפות הדרים 300 גר',גרמים,300.00,100 גרם,false,,12.90,0.0430,true,1,194242
7290008254250,false,שוק טלה חלק קורדרו,,,שוק טלה חלק קורדרו,קילוגרמים,1.00,"ק""ג",true,,109.90,109.9000,false,1,211495
7290008263481,false,הרדוף פסטה פנה מקמח לבן 500 גרם,פסטיפיסוי פליצ'טי,IT,פסטה פנה קמח לבן,גרמים,500.00,100 גרם,false,,9.90,0.0198,true,1,197869
7290008263597,false,קוואקר אורגני הרדוף 500 גרם,אול אורגני,GB,קוואקר אורגני הרדוף,גרמים,500.00,100 גרם,false,,9.90,0.0198,true,1,104905
7290008263641,false,קוואקר עדין אורגני 500 גרם - הרדוף,אול אורגני,IL,קוואקר עדין אורגני 5,גרמים,500.00,100 גרם,false,,9.90,0.0198,true,1,113423
7290008263719,false,טחינה הרדוף אורגני 4,הרדוף,IL,טחינה אורגנית,גרמים,400.00,100 גרם,false,,16.90,0.0422,true,1,104909
7290008263764,false,פסטה פוזילי טריקולור אורגנית 500 גר,פסטיפיסוי פליצ'טי,IT,פוסילי טריקולור,גרמים,500.00,100 גרם,false,,13.90,0.0278,true,1,194680
7290008263924,false,טחינה אורגנית מלאה 1 קג הרדוף,"אחדות ביח""ר לטחינה ח",IL,"טחינה אורגנית 1 ק""ג",קילוגרמים,1.00,"100 ק""ג",false,,35.90,35.9000,true,1,141413
7290008310086,false,בצק לאמפנדס מאפה של,מאפה של חייקה,IL,בצק לאמפנדס מאפה של,גרמים,700.00,100 גרם,false,,33.90,0.0484,true,1,112936
7290008318518,false,L.L ספרי דאודורנט 187 מל,General,,לאבליין דאודורנט,מיליליטרים,150.00,"100 מ""ל",false,,18.90,0.1260,true,1,103188
7290008318532,false,L.L קרם ידיים שורש 100 מל,,,קרם ידיים לאב לי,מיליליטרים,100.00,"100 מ""ל",false,,10.90,0.1090,true,1,97978
7290008328913,false,סילאן טבעי 100% 900 גרם יורו פוד,סאנאי וי טיקרט א.ס,,סילאן טבעי 900 גרם,גרמים,900.00,100 גרם,false,,19.90,0.0221,true,1,100541
7290008330107,false,בדין מרכך כביסה סגול 4 ליטר,יוניליור ישראל טיפוח,IL,בדין 4 ליטר מרען,ליטרים,4.00,ליטר,false,,19.90,4.9750,false,1,101736
7290008335515,false,אגרול סיני+רוטב 600ג,שלושת האופים,IL,אגרול סיני,גרמים,600.00,100 גרם,false,,12.90,0.0215,true,1,186512
7290008335546,false,"ורניקי תפו""א שלושת האופים 600 גר'",שלושת האופים,,"ורניקי תפו""א 600",גרמים,600.00,100 גרם,false,,12.90,0.0215,true,1,186514
7290008335553,false,קובה בשר וצנובר 600ג שלושת האופים,האי נאם סי או אל.טי.,IL,קובה בשר וצנובר,גרמים,600.00,100 גרם,false,,12.90,0.0215,true,1,186515
7290008335560,false,סיגרים בשר 600 פקנטי,האי נאם סי או אל.טי.,IL,סיגרים בשר,גרמים,600.00,100 גרם,false,,12.90,0.0215,true,1,186516
7290008335577,false,"פסטלים תפו""א 600ג של",האי נאם סי או אל.טי.,IL,"פסטל תפ""א",גרמים,600.00,100 גרם,false,,12.90,0.0215,true,1,186517
7290008335584,false,"סיגרים במילוי תפו""א",האי נאם סי או אל.טי.,IL,"סיגרים תפ""א",גרמים,600.00,100 גרם,false,,12.90,0.0215,true,1,186518
7290008340618,false,סלמון מעושן מצונן דלידג 100 ג',ויליגר תעשיות בעמ,IL,סלמון 100 גר,גרמים,100.00,100 גרם,false,,18.90,0.1890,true,1,170136
7290008343466,false,בצק פילו 500 גרם שלושת האופים,שלושת האופים שגמור,IL,בצק פילו 500 גר',גרמים,500.00,100 גרם,false,,18.90,0.0378,true,1,102808
7290008344258,false,המבורגר מזרחי טיבון ויל 400 גרם,"טיבון ויל אחזקות בע""",IL,המבורגר מזרחי,גרמים,400.00,100 גרם,false,,18.90,0.0472,false,1,109474
7290008344272,false,המבורגר 100% טיבון ויל 400 גרם,טיבון ויל אחזקות בעמ,IL,100% המבורגר 400 גר',גרמים,400.00,100 גרם,false,,18.90,0.0472,false,1,109476
7290008345576,false,סלט איקרה ביתית לבנה 300 גרם דלידג,כלורוקס אוקלנד,IL,איקרא ביתית,גרמים,300.00,100 גרם,false,,19.90,0.0663,true,1,109488
7290008345583,false,איקרה ביתית ורוד 300 גרם דלידג,כלורוקס אוקלנד,IL,איקרא ביתית ורוד,גרמים,300.00,100 גרם,false,,19.90,0.0663,true,1,109489
7290008347211,false,אצבעות דג מצופות דלידג 700 גרם,אף.סי תבליני בגליל ב,IL,אצבעות דג 700 גרם,גרמים,700.00,100 גרם,false,,22.90,0.0327,true,1,109508
7290008348270,false,צנצנת טחינה אתיופית,,,צנצנת טחינה אתיופית,גרמים,720.00,100 גרם,false,,27.90,0.0387,true,1,145088
7290008403238,false,גבינת ברי איסיני במש,איסיני סנט מור,FR,גבינת ברי איסיני,קילוגרמים,1.00,"ק""ג",true,,145.00,145.0000,true,1,190024
7290008409049,false,מיני שניצלונים בציפוי שומשום מאמא עוף 500 גרם,תנובה גליל שותפות מו,IL,מיני מיני שניצלונים,גרמים,500.00,100 גרם,false,,24.90,0.0498,false,1,140203
7290008409100,false,אצבעות שניצל בציפוי שומשום מאמא עוף 700 גרם,תנובה גליל שותפות מו,IL,אצבעות שניצל בציפוי,גרמים,700.00,100 גרם,false,,31.90,0.0456,false,1,97922
7290008409124,false,מאמא עוף קפוא שניצל ג'ונגל פריך 700 גרם,תנובה גליל שותפות מו,IL,שניצל ג'ונגל מאמא עו,גרמים,700.00,100 גרם,false,,31.90,0.0456,false,1,97924
7290008409216,false,מאמא עוף קפוא שניצל דק פריך 700 גרם,תנובה גליל,IL,שניצל דק פריך מאמא ע,גרמים,700.00,100 גרם,false,,37.90,0.0541,false,1,120307
7290008409223,false,שניצל דק דק מתובל מאמא עוף 700 גרם,תנובה גליל שותפות מו,IL,שניצל דק מתובל מאמא,גרמים,700.00,100 גרם,false,,37.90,0.0541,false,1,121259
7290008409315,false,מיני מיני דק שניצלונים בציפוי פריך מאמא עוף 500 ג',תנובה גליל,IL,מיני מיני דק שניצלונ,גרמים,500.00,100 גרם,false,,24.90,0.0498,false,1,140201
7290008409407,false,מאמא עוף שניצל דק ציפס 700 גרם,תנובה גליל שותפות מו,IL,שניצל דק צ'יפס,גרמים,700.00,100 גרם,false,,37.90,0.0541,false,1,126708
7290008409551,false,שניצל עוף אמיתי בציפוי מעודן 700 ג' מאמא עוף,תנובה גליל שותפות מו,IL,שניצל מעודן,גרמים,700.00,100 גרם,false,,37.90,0.0541,false,1,97943
7290008409582,false,שניצל עוף אמיתי בציפוי ביתי מאמא עוף 700 גרם,תנובה גליל שותפות מו,IL,שניצל אמיתי ביתי,גרמים,700.00,100 גרם,false,,37.90,0.0541,false,1,97946
7290008415071,false,צבר חומוס עם טחינה עגול 150 גרם,לחמנו,IL,חומוס עם טחינה 150 ג,גרמים,150.00,100 גרם,false,,4.80,0.0320,true,1,94265
7290008415514,false,צבר חומוס עם חריף עגול 150 גרם,לחמנו,IL,חומוס צבר חריף 150גר,גרמים,150.00,100 גרם,false,,4.80,0.0320,true,1,94270
7290008417006,false,פפריקה מתוקה עם שמן,נווה תבלין,,פפריקה מתוקה עם שמן,גרמים,100.00,100 גרם,false,,8.40,0.0840,true,1,100886
7290008417013,false,פפריקה מתוקה גרוסה,נווה תבלין,,פפריקה מתוקה גרוסה,גרמים,100.00,100 גרם,false,,8.40,0.0840,true,1,100887
7290008417020,false,פפריקה חריפה 110,נווה תבלין,,פפריקה חריפה,גרמים,100.00,100 גרם,false,,8.40,0.0840,true,1,100888
7290008417037,false,פלפל שחור טחון במיכל,נווה תבלין,,פלפל שחור טחון במיכל,גרמים,80.00,100 גרם,false,,8.40,0.1050,true,1,100889
7290008417044,false,פלפל שחור גרוס במיכל,נווה תבלין,,פלפל שחור גרוס במיכל,גרמים,80.00,100 גרם,false,,8.40,0.1050,true,1,100890
7290008417051,false,תבלין פלפל לבן,נווה תבלין,,תבלין פלפל לבן,גרמים,60.00,100 גרם,false,,8.40,0.1400,true,1,100891
7290008417068,false,כמון מזרחי מיכל פלסט,נווה תבלין,,כמון מזרחי מיכל פלסט,גרמים,110.00,100 גרם,false,,8.40,0.0764,true,1,100892
7290008417075,false,כורכום טחון מיכל פלס,נווה תבלין,,כורכום טחון מיכל פלס,גרמים,110.00,100 גרם,false,,8.40,0.0764,true,1,100893
7290008417082,false,חוואג' לקפה מיכל פלס,נווה תבלין,,חוואג' לקפה מיכל פלס,גרמים,110.00,100 גרם,false,,8.40,0.0764,true,1,100894
7290008417099,false,תבלין חווא'ג למרק,נווה תבלין,,תבלין חווא'ג למרק,גרמים,110.00,100 גרם,false,,8.40,0.0764,true,1,100895
7290008417105,false,קינמון טחון 110,נווה תבלין,,קינמון טחון,גרמים,120.00,100 גרם,false,,8.40,0.0700,true,1,100896
7290008417112,false,תבלין מלח לימון,נווה תבלין,,תבלין מלח לימון,גרמים,130.00,100 גרם,false,,8.40,0.0646,true,1,100897
7290008417129,false,עלי דפנה במיכל פלסטי,נווה תבלין,,עלי דפנה במיכל פלסטי,גרמים,35.00,100 גרם,false,,8.40,0.2400,true,1,100898
7290008417150,false,תבלין קארי טחון,נווה תבלין,,תבלין קארי טחון,גרמים,110.00,100 גרם,false,,8.40,0.0764,true,1,100900
7290008417198,false,תבלין בצל יבש,נווה תבלין,,תבלין בצל יבש,גרמים,120.00,100 גרם,false,,8.40,0.0700,true,1,100904
7290008417204,false,תבלין לשווארמה 110,נווה תבלין,,תבלין לשווארמה,גרמים,110.00,100 גרם,false,,8.40,0.0764,true,1,100905
7290008417228,false,תבלין על אש 110,נווה תבלין,,תבלין על האש,גרמים,110.00,100 גרם,false,,8.40,0.0764,true,1,100907
7290008417235,false,זנגויל טחון מיכל פלס,נווה תבלין,,זנגויל טחון מיכל פלס,גרמים,120.00,100 גרם,false,,8.40,0.0700,true,1,100908
7290008417259,false,תבלין לקציצות 110גרם,נווה תבלין,,תבלין לקציצות,גרמים,110.00,100 גרם,false,,8.40,0.0764,true,1,100910
7290008417266,false,זעתר עם שומשום מיכל,נווה תבלין,,זעתר עם שומשום מיכל,גרמים,110.00,100 גרם,false,,8.40,0.0764,true,1,100911
7290008417280,false,אגוז מוסקט טחון 60 ג,נווה תבלין,,אגוז מוסקט - שלם / ט,גרמים,60.00,100 גרם,false,,8.40,0.1400,true,1,100913
7290008417297,false,זעתר 400גר נווה התבל,,,זעתר 400גר נווה התבל,גרמים,400.00,100 גרם,false,,20.00,0.0500,true,1,185812
7290008417372,false,תבלין לגריל עוף 120,נווה תבלין,,תבלין גריל עוף,גרמים,110.00,100 גרם,false,,8.40,0.0764,true,1,100914
7290008417389,false,שום גבישי 110 גר,נווה התבלין,,שום גבישי,גרמים,110.00,100 גרם,false,,8.40,0.0764,true,1,100915
7290008417396,false,טימין קורנית 110,נווה תבלין,,תבלין טימין,גרמים,50.00,100 גרם,false,,8.40,0.1680,true,1,100916
7290008417433,false,תבלין לדג עם רוז,נווה תבלין,,תבלין לדג עם רוז,גרמים,120.00,100 גרם,false,,8.40,0.0700,true,1,100920
7290008417440,false,פלפל שחור שלם במיכל,נווה תבלין,,פלפל שחור שלם במיכל,גרמים,80.00,100 גרם,false,,8.40,0.1050,true,1,100921
7290008417457,false,תבלין רוזמרין,נווה תבלין,,תבלין רוזמרין,גרמים,60.00,100 גרם,false,,8.40,0.1400,true,1,100922
7290008417495,false,פלפל אנגלי שלם במיכל,נווה תבלין,,פלפל אנגלי שלם במיכל,גרמים,100.00,100 גרם,false,,8.40,0.0840,true,1,100924
7290008417518,false,תבלין למעורב ירו,נווה תבלין,,תבלין למעורב ירו,גרמים,110.00,100 גרם,false,,8.40,0.0764,true,1,100926
7290008417532,false,תבלין סומק,נווה תבלין,,תבלין סומק,גרמים,100.00,100 גרם,false,,8.40,0.0840,true,1,100928
7290008417549,false,תבלין לפיצה 120,נווה תבלין,,תבלין לפיצה,גרמים,120.00,100 גרם,false,,8.40,0.0700,true,1,100929
7290008417594,false,כורכום טחון 400 גר,נווה תבלין,,כורכום טחון 400 גר,גרמים,400.00,100 גרם,false,,20.00,0.0500,true,1,161148
7290008417600,false,פפריקה מתוקה 400 ג,נווה תבלין,,פפריקה מתוקה 400 ג,גרמים,400.00,100 גרם,false,,20.00,0.0500,true,1,138319
7290008417617,false,מלח לימון 600 גר,נווה תבלין,,מלח לימון 600 גר,גרמים,600.00,100 גרם,false,,20.00,0.0333,true,1,138625
7290008417624,false,פפריקה מתוקה 400 גר',נווה תבלין,,פפריקה מתוקה 400 גר',גרמים,400.00,100 גרם,false,,20.00,0.0500,true,1,100931
7290008417631,false,פפריקה מתוקה 110,נווה תבלין,,פפריקה מתוקה,גרמים,100.00,100 גרם,false,,8.40,0.0840,true,1,100932
7290008417648,false,צ'ילי מקסיקני 120,נווה תבלין,,צי'לי מקסיקני,גרמים,110.00,100 גרם,false,,8.40,0.0764,true,1,100933
7290008417655,false,מקלות קינמון במיכל פ,נווה תבלין,,מקלות קינמון במיכל פ,גרמים,110.00,100 גרם,false,,8.40,0.0764,true,1,100934
7290008417693,false,תבלין לדג עם שום,נווה תבלין,,תבלין לדג עם שום,גרמים,120.00,100 גרם,false,,8.40,0.0700,true,1,100884
7290008417723,false,תבלין קצח,נווה תבלין,,תבלין קצח,גרמים,90.00,100 גרם,false,,8.40,0.0933,true,1,100937
7290008417815,false,פפריקה מתוקה מעושנת,נווה תבלין,,פפריקה מתוקה מעושנת,גרמים,90.00,100 גרם,false,,8.40,0.0933,true,1,140330
7290008417822,false,תערובת תיבול טוסקנה,נווה תבלין,,תערובת תיבול טוסקנה,גרמים,100.00,100 גרם,false,,8.40,0.0840,true,1,140331
7290008417877,false,פילדלפיה תבלין,,,פילדלפיה תבלין,גרמים,100.00,100 גרם,false,,8.40,0.0840,true,1,150041
7290008417969,false,תבלין ציפורן- שלם/טח,נווה תבלין,,תבלין ציפורן- שלם/טח,גרמים,120.00,100 גרם,false,,8.40,0.0700,true,1,100943
7290008425155,false,"שמן זית 750 מ""ל",,,"שמן זית 750 מ""ל",מיליליטרים,750.00,"100 מ""ל",false,,59.90,0.0799,true,1,211307
7290008425445,false,מיץ אשכוליות 1 ליטר,,,מיץ אשכוליות 1 ליטר,ליטרים,1.00,ליטר,false,,24.90,24.9000,true,1,208302
7290008443616,false,"מרכך לשיער יבש אדום 750 מ""ל נקה 7","אמיליה קוסמטיקס בע""מ",IL,נקה 7-מייצב יבש אדו,מיליליטרים,750.00,"100 מ""ל",false,,11.90,0.0159,true,1,108064
7290008443630,false,"שמפו לשיער מתולתל נקה 7 750 מ""ל","אמיליה קוסמטיקס בע""מ",IL,נקה 7-שמפו מתולתל ס,מיליליטרים,750.00,"100 מ""ל",false,,11.90,0.0159,true,1,108066
7290008443647,false,"מרכך לשיער מתולתל סגול, 750 מ""ל נקה 7","אמיליה קוסמטיקס בע""מ",IL,נקה 7-מייצב מתולתל ס,מיליליטרים,750.00,"100 מ""ל",false,,11.90,0.0159,true,1,108067
7290008461047,false,"גבינה ברי לרוסטיק ק""",נטו מלינדה סיימן,,גבינת ברי לה רוס,קילוגרמים,1.00,"ק""ג",true,,160.00,160.0000,true,1,110542
7290008461221,false,סרדינים רוברט בשמן חמניות 115 גרם,"רמירז, מטוסינוס",PT,סרדין רוברט בשמן 115,גרמים,115.00,100 גרם,false,,6.90,0.0600,true,1,109524
7290008461283,false,גבינה טריפל צדר נני,דאוליי צ'סמייקרס,AO,צ'דר טריפל 200 גר,גרמים,200.00,100 גרם,false,,22.90,0.1145,true,1,196859
7290008462204,false,חרדל דיז'ון מקורי נטו מאי 380 גרם,יוניליבר צרפת,FR,חרדל דיזו'ן MAILLE,גרמים,380.00,100 גרם,false,,14.90,0.0392,true,1,109531
7290008464024,false,"בירה גולדסטאר Unfiltered, בירה לא מסוננת, פחית 500 מ""ל","טמפו משקאות בע""מ",IL,פחית גולדסטאר לא מסו,מיליליטרים,500.00,"100 מ""ל",false,,8.50,0.0170,true,1,146442
7290008464130,false,"בירה גולדסטאר Unfiltered, בירה לא מסוננת, מארז שישייה, בקבוק 330 מ""ל",טמפו,IL,גולדסטאר לא מסונן שי,ליטרים,1.98,ליטר,false,,32.90,16.6162,false,1,141580
7290008464222,false,"בירה מכבי 7.9%, בירה חזקה, פחית 500 מ""ל","טמפו משקאות בע""מ",IL,מכבי 7.9% פחית 500 מ,מיליליטרים,500.00,"100 מ""ל",false,,7.20,0.0144,true,1,187055
7290008464338,false,"בירה מכבי בקבוק ח""פ 330 מ""ל",בירה מכבי,IL,מכבי בק' 330,יחידה,330.00,יחידה,false,,6.50,0.0197,true,1,110104
7290008464345,false,"בירה גולדסטאר, בקבוק 330 מ''ל",פארייפאבה אגרואינדוס,IL,גולדסטאר בק' 330,יחידה,330.00,יחידה,false,,7.00,0.0212,true,1,110105
7290008464468,false,"בירה גולדסטאר, פחית 500 מ""ל",פארייפאבה אגרואינדוס,IL,גולדסטאר בירה פחית 5,מיליליטרים,500.00,"100 מ""ל",false,,7.90,0.0158,false,1,110110
7290008464475,false,"בירה מכבי, פחית 500 מ""ל","טמפו משקאות בע""מ",IL,מכבי בירה פחית 500 מ,מיליליטרים,500.00,"100 מ""ל",false,,6.90,0.0138,false,1,110111
7290008464505,false,סאן בנדטו בקבוק פלסטיק 500מל,פארייפאבה אגרואינדוס,IT,מים סאן בנדטו,מיליליטרים,500.00,"100 מ""ל",false,,2.50,0.0050,true,1,110113
7290008464604,false,"בירה היינקן, פחית 500 מ""ל",טמפו משקאות בע''מ,NL,הייניקן בירה פחית 50,מיליליטרים,500.00,"100 מ""ל",false,,9.50,0.0190,false,1,110116
7290008464611,false,"הסודה של טמפו, מי סודה בגיזוז חזק, 275 מל",טמפו משקאות בעמ,IL,"סודה 275 מ""ל בקבוק",מיליליטרים,275.00,"100 מ""ל",false,,3.00,0.0109,true,1,203290
7290008464673,false,"בירה גולדסטאר SLOWBREW פחית 10%, 500 מ""ל","טמפו משקאות בע""מ",IL,בירה גולדסטאר 10% SL,מיליליטרים,500.00,"100 מ""ל",false,,8.50,0.0170,true,1,205318
7290008464697,false,"בירה מכבי 7.9%, בירה חזקה, מארז שישייה, בקבוק 330 מ""ל",טמפו,IL,שישיית מכבי 7.9% אלכ,מיליליטרים,1980.00,"100 מ""ל",false,,32.90,0.0166,false,1,149992
7290008464703,false,"מארז שישה בקבוקי מכבי 330 מ""ל",בירה מכבי,IL,מכבי שישייה בקבוק 33,ליטרים,1.98,ליטר,false,,32.90,16.6162,false,1,110117
7290008464734,false,"בירה גולדסטאר SLOW BREW מארז 330X6מ""ל",טמפו משקאות בע''מ,IL,גולדסטאר SLOW BREW,ליטרים,1.98,ליטר,false,,34.90,17.6263,false,1,197040
7290008464741,false,"בירה גולדסטאר, מארז שישייה, בקבוק 330 מ''ל",קריות זול,IL,גולדסטאר שישייה בקבו,ליטרים,1.98,ליטר,false,,29.90,15.1010,false,1,110121
7290008464796,false,"בירה היינקן, מארז שישייה, בקבוק 330 מ''ל",קריות זול,IL,הייניקן שישייה בקבוק,ליטרים,1.98,ליטר,false,,32.90,16.6162,false,1,110125
7290008466318,false,מיני רוגלך ירושלמי ב,דין שיווק,IL,מיני רוגלך ירושלמי ב,גרמים,300.00,100 גרם,false,,21.00,0.0700,true,1,259891
7290008466677,false,עוגיות פרימיום ללא ס,דין שיווק,IL,עוגיות ללא סוכר,גרמים,300.00,100 גרם,false,,21.90,0.0730,true,1,263150
7290008466707,false,עוגיות פרימיום 200-250 גרם,דין שיווק,IL,עוגיות פרימיום 300 ג,גרמים,300.00,100 גרם,false,,21.90,0.0730,true,1,259890
7290008470766,false,שמינייה אורביט סטיקס בטעם פפרמינט,אורביט,FR,מארז שמינייה אורביט,יחידה,0.00,יחידה,false,,14.50,0.0000,true,1,143988
7290008473057,false,מגבונים קמיל בלו טו גו שקית 3*30 יח,"ד""ר פישר Dr fischer",IL,"מגבונים ד""ר פישר",יחידה,0.00,יחידה,false,,15.90,0.0000,true,1,100194
7290008482486,false,אבקת אינסטנט להכנת מלאבי פרווה 112ג' נאמן,י.כהן,,אבקת מלבי,גרמים,112.00,100 גרם,false,,7.50,0.0670,true,1,98082
7290008482530,false,תערובת להכנה קלה פנקייק 400 ג',י.כהן,IL,תערובת לפנקייק,גרמים,400.00,100 גרם,false,,12.90,0.0323,true,1,98083
7290008493413,false,פירורי לחם מאיר בייגל פירורי גריסיני 200 גרם,מאיר בייגל,IL,פירורי גריסיני 200 ג,גרמים,200.00,100 גרם,false,,6.50,0.0325,true,1,104928
7290008493710,false,פירורי לחם מאיר בייגל פרורי גריסני זהב 200 גרם,מאיר בייגל,IL,פירורי גריסיני זהב 2,גרמים,200.00,100 גרם,false,,6.50,0.0325,true,1,185238
7290008499088,false,אסאדו עם עצם מנות,,,אסאדו עם עצם מנות,קילוגרמים,1.00,"ק""ג",true,,79.90,79.9000,false,1,215067
7290008589987,false,נרות שבת מס' 16,,,נרות שבת מס' 16,יחידה,0.00,יחידה,false,,2.90,0.0000,true,1,263369
7290008590006,false,פיצה ריבועים גבינה 5,,,נרות שבת מס' 12,יחידה,0.00,יחידה,false,,2.90,0.0000,true,1,219059
7290008644112,false,סלט מטבוחה יום יום אחלה 125 ג',"שטראוס גרופ בע""מ",IL,מטבוחה יום יום,גרמים,125.00,100 גרם,false,,4.60,0.0368,true,1,95667
7290008644235,false,עלי בייבי שטראוס 120 גרם,שטראוס בריאות ירקות,IL,לקט עלי בייבי שטראוס,גרמים,120.00,100 גרם,false,,9.90,0.0825,true,1,95670
7290008644945,false,לקט לסלט המושבה שטראוס 450 גרם,שטראוס בריאות ירקות,IL,סלט המושבה שטראוס 45,גרמים,450.00,100 גרם,false,,11.90,0.0264,true,1,95678
7290008670135,false,רקנאטי גליל עליון סוביניון בלאן 750 מל,רקנאטי,,רקנאטי סובניון בלאן,מיליליטרים,750.00,"100 מ""ל",false,,49.90,0.0665,true,1,108842
7290008670159,false,"יין רקנאטי יסמין לבן 750 מ""ל","יקבי רקנאטי בע""מ",IL,יין רקנטי יסמין לבן,מיליליטרים,750.00,"100 מ""ל",false,,34.90,0.0465,true,1,108844
7290008670302,false,"יין רקנאטי רזרב קברנה סוביניון 750 מ""ל",רקנאטי,IL,רקנאטי רזרב קברנה סו,מיליליטרים,750.00,"100 מ""ל",false,,84.90,0.1132,true,1,108854
7290008670678,false,יין רקנאטי רזרב מרלו 750 מל,רקנאטי,IL,יין רקנאטי רזרב מרלו,מיליליטרים,750.00,"100 מ""ל",false,,84.90,0.1132,true,1,185219
7290008670913,false,רקנאטי גליל עליון קברנה סובניון 750 מל,רקנאטי,IL,רקנאטי גליל עליון קב,מיליליטרים,750.00,"100 מ""ל",false,,49.90,0.0665,true,1,202331
7290008670920,false,יין רקנאטי גליל עליון מרלו 750 מל,,,רקנאטי גליל עליון מר,מיליליטרים,750.00,"100 מ""ל",false,,49.90,0.0665,true,1,202332
7290008679428,false,כפפות הנדי לבית ולמטבח בינוני,קריות זול,TH,כפפות גומי,יחידה,0.00,יחידה,false,,8.00,0.0000,true,1,94859
7290008690713,false,נקטר חמוציות אושן ספריי פריגת 1 ליטר,מבשלות בירה בינלאומי,IL,חמוציות אושן ספריי פ,ליטרים,1.00,ליטר,false,,12.90,12.9000,true,1,93430
7290008693134,false,מעדן גבינה ויוגורט בטעם תות 5% שומן 88 ג' דניאלה,"שטראוס בריאות בע""מ",IL,דניאלה תות שדה 5%,מיליליטרים,150.00,"100 מ""ל",false,,4.10,0.0273,true,1,95703
7290008713900,false,לחם שיפון עגול פרוס אנג'ל 750 גרם,מאפיית אנג'ל אורנים,IL,לחם שיפון עגול 750 ג,גרמים,750.00,100 גרם,false,,13.90,0.0185,true,1,118305
7290008739016,false,נר פילר זהב 70*90,יושלם,,נר ריחני 3*5,יחידה,0.00,יחידה,false,,19.90,0.0000,true,1,186660
7290008739955,false,נרות שולחן/חמסה ריחנ,,,ברכת הבית,יחידה,0.00,יחידה,false,,12.00,0.0000,true,1,120807
7290008745239,false,תפוצ'יפס קראנצ' בטעם טבעי עלית 50 גרם,"שטראוס פריטו ליי בע""",IL,תפוציפס 50 גר,גרמים,50.00,100 גרם,false,,3.90,0.0780,true,1,99402
7290008747547,false,תפוצ'יפס קראנץ' בטעם טבעי עלית 200 גרם,"שטראוס פריטו ליי בע""",IL,תפוציפס טבעי,גרמים,200.00,100 גרם,false,,10.90,0.0545,false,1,99404
7290008750264,false,מסטיק מאסט LL פליפ.דובדבן מגדים 28 גר,"שטראוס גרופ בע""מ",IL,מסטיק מאסט בטעם דובד,גרמים,28.00,100 גרם,false,,4.40,0.1571,false,1,99038
7290008752244,false,תפוצ'יפס קראנץ' בטעם גריל עלית 50 גרם,"שטראוס פריטו ליי בע""",IL,תפוציפס גריל,גרמים,50.00,100 גרם,false,,3.90,0.0780,true,1,99414
7290008753111,false,תפוצ'יפס קראנץ' בטעם מקסיקני עלית 50 גרם,"שטראוס פריטו ליי בע""",IL,תפוציפס 50 גר,גרמים,50.00,100 גרם,false,,3.90,0.0780,true,1,99417
7290008753364,false,דוריטוס גריל עלית 55 ג',שטראוס פריטו ליי בע,IL,דוריטוס גריל,גרמים,55.00,100 גרם,false,,2.90,0.0527,true,1,99419
7290008753371,false,דוריטוס נאצו מקסיקני 55 גר,STRAUSS-ISRAEL,IL,דוריטוס נאצ'ו,גרמים,55.00,100 גרם,false,,2.90,0.0527,true,1,99420
7290008753388,false,דוריטוס טבעי עלית 55 ג',STRAUSS-ISRAEL,IL,דוריטוס טבעי,גרמים,55.00,100 גרם,false,,2.90,0.0527,true,1,99421
7290008754415,false,גומי מאסט בטעם ספירמינט עדין פליפטופ 28 ג' עלית,"שטראוס גרופ בע""מ",IL,מסטיק מאסט בטעם מנטה,גרמים,28.00,100 גרם,false,,4.40,0.1571,false,1,99069
7290008757034,false,"שוופס סודה זכוכית 250 מ""ל","יפאורה תבורי בע""מ",IL,סודה שוופס 250 מ,יחידה,250.00,יחידה,false,,3.20,0.0128,true,1,103547
7290008757980,false,קרטונית ספרינג נקטר רימונים 1 ליטר,"יפאורה תבורי בע""מ",IL,ספרינג רימונים קרטונ,ליטרים,1.00,ליטר,false,,6.90,6.9000,false,1,103560
7290008775816,false,ערגליות עוגיות במילוי שוקו אסם 300 גרם,מיוצר עי קונדיטוריית,IL,ערגליות שוקו 300,גרמים,300.00,100 גרם,false,,10.60,0.0353,false,1,94287
7290008775823,false,ערגליות במילוי תות אסם 300 גרם,מיוצר עי קונדיטוריית,IL,ערגליות תות שדה,גרמים,300.00,100 גרם,false,,10.60,0.0353,false,1,94288
7290008784542,false,ספוג רחצה קויוטה מסג,סודובסקי,IL,קויוטה מסג',יחידה,0.00,יחידה,false,,7.00,0.0000,true,1,127518
7290008784597,false,פלסטר עמיד במים 100,,,פלסטר עמיד במים 100,יחידה,0.00,יחידה,false,,9.90,0.0000,true,1,125706
7290008801089,false,"קברנה סוביניון אדום יבש 375 מ""ל",יקבי כרמל,IL,פ. קולקשיין קברנה סו,מיליליטרים,375.00,"100 מ""ל",false,,18.90,0.0504,true,1,208244
7290008801119,false,יין סוביניון בלאן סלקטד יקבי כרמל,אגודת הכורמים הקואופ,IL,סלקטד סוביניון בלאן,מיליליטרים,750.00,"100 מ""ל",false,,24.90,0.0332,false,1,103616
7290008801157,false,מרלו סלקטד כרמל מזרחי 750 מל,כרמל מזרחי,IL,סלקטד מרלו,מיליליטרים,750.00,"100 מ""ל",false,,24.90,0.0332,false,1,103618
7290008801522,false,יין קינג דויד קונקורד אדום מתוק 750 מל,אגודת הכורמים הקואופ,IL,קונקורד KING DAVID,מיליליטרים,750.00,"100 מ""ל",false,,19.90,0.0265,true,1,103629
7290008801546,false,יין מוסקט מתוק קינג דיוויד יקבי כרמל,אגודת הכורמים הקואופ,IL,מוסקט KING DAVID לבן,מיליליטרים,750.00,"100 מ""ל",false,,19.90,0.0265,true,1,103631
7290008801843,false,קברנה סוביניון אדום יבש 750 מל סלקטד,"כד בני דרום בע""מ",IL,סלקטד קברנה סוביניון,מיליליטרים,750.00,"100 מ""ל",false,,24.90,0.0332,false,1,103632
7290008801850,false,סלקטד אמרלד ריזלינג לבן חצי יבש 750 מל,אגודת הכורמים הקואופ,IL,סלקטד אמרלד ריזלינג,מיליליטרים,750.00,"100 מ""ל",false,,24.90,0.0332,true,1,103633
7290008802291,false,יין מרלו פרייבט קולקשן יקבי כרמל,אגודת הכורמים הקואופ,IL,מרלו PRIVATE COLLECT,מיליליטרים,750.00,"100 מ""ל",false,,34.90,0.0465,false,1,103636
7290008802529,false,"יין לבן חצי יבש וינו 750 מ""ל",כרמל מזרחי,IL,יין לבן וינו,מיליליטרים,750.00,"100 מ""ל",false,,19.90,0.0265,true,1,202795
7290008802895,false,יין קברנה סוביניון פרייבט קולקשן יקבי כרמל,אגודת הכורמים הקאופו,IL,קברנה סוביניון PRIVA,מיליליטרים,750.00,"100 מ""ל",false,,34.90,0.0465,false,1,103642
7290008804189,false,יין קברנה סוביניון גליל עליון סדרה אזורית יקבי כרמל,אגודת הכורמים הקואופ,IL,קברנה סוביניון גליל,מיליליטרים,750.00,"100 מ""ל",false,,50.00,0.0667,false,1,111920
7290008804332,false,שיראז אדום יבש פריווט קולקשיין 750מל,אגודת הכורמים הקואופ,IL,"שיראז 750 מ""ל .P.C",מיליליטרים,750.00,"100 מ""ל",false,,34.90,0.0465,false,1,103650
7290008804455,false,יין אזורית רוזה חצי יבש 750 מל,יקבי כרמל,,יין רוזה יבש 2016,מיליליטרים,750.00,"100 מ""ל",false,,50.00,0.0667,false,1,196039
7290008805049,false,סלקטד זינפנדל כרמל מזרחי 750 מל,"כד בני דרום בע""מ",IL,יין רוזה סלקטד,מיליליטרים,750.00,"100 מ""ל",false,,24.90,0.0332,false,1,103661
7290008805384,false,סלקטד מוסקטו לבן מבעבע 750 מל 2016,אגודת הכורמים הקואופ,IL,סלקטד מוסקטו לבן מבע,מיליליטרים,750.00,"100 מ""ל",false,,24.90,0.0332,false,1,103663
7290008806305,false,"שלגון פצפצים ""שטראוס""","מיוצר ע"" גלידת שטראו",IL,שלגון פצפצים,יחידה,0.00,יחידה,false,,6.50,0.0000,true,1,96045
7290008806961,false,גלידה שוקולד שבבי שוקולד פרה 1.33 ל' קרמיסימו,"גלידת שטראוס בע""מ, ר",IL,גלידה קרמיסימו שוקול,ליטרים,1.33,ליטר,false,,24.90,18.7218,false,1,96053
7290008806985,false,נישנושים גלידה שוקו וניל בציפוי שוקולד 60 יח' קרמיסימו,"גלידת שטראוס בע""מ",IL,קרמיסימו נשנושים 60,גרמים,630.00,100 גרם,false,,49.90,0.0792,false,1,96055
7290008807029,false,"יין טבע אמרלד ריזלינג 750 מ""ל",יקבי בינימינה,IL,בנימינה אמרלד ריזלינ,מיליליטרים,750.00,"100 מ""ל",false,,21.90,0.0292,false,1,108856
7290008807210,false,ליקר אפרסק 700 מל,אליעז בנימינה,,ליקר אפרסק,מיליליטרים,700.00,"100 מ""ל",false,,49.90,0.0713,true,1,108863
7290008807364,false,ליקר קרם דה קסיס יקב,אליעז בנימינה,IL,ליקר קרם דה קסיס,יחידה,700.00,יחידה,false,,49.90,0.0713,true,1,108871
7290008835091,false,צלי כתף מס' 5 מוכשר,,,צלי כתף מס' 5 מוכשר,קילוגרמים,1.00,"ק""ג",true,,74.90,74.9000,false,1,261826
7290008835299,false,פיקניה (שפיץ צ'אך),,,פיקניה (שפיץ צ'אך),קילוגרמים,1.00,"ק""ג",true,,105.00,105.0000,false,1,261721
7290008835336,false,בשר ראש מוכשר ארגנטי,,,בשר ראש מוכשר ארגנטי,קילוגרמים,1.00,"ק""ג",true,,69.90,69.9000,false,1,261827
7290008835770,false,לשון בקר חלק ארגנטינ,frigorifico alberdi,AR,לשון בקר חלק ארגנטינ,קילוגרמים,1.00,"ק""ג",true,,39.90,39.9000,false,1,261724
7290008835954,false,"פילה אמנון 5-7 וואקום בד""ץ.",היינאן קשינגטאי,CN,פילה אמנון 5-7 וואקו,קילוגרמים,1.00,"ק""ג",true,,21.90,21.9000,false,1,212547
7290008835992,false,פילה נסיכת הנילוס קפוא בלדי,,,פילה נסיכת הנילוס פר,קילוגרמים,1.00,"ק""ג",true,,57.90,57.9000,true,1,214768
7290008836395,false,"יין מסורת אדום מתוק 750 מ""ל",,,"יין מסורת 750 מ""ל",מיליליטרים,750.00,"100 מ""ל",false,,16.90,0.0225,true,1,264302
7290008836401,false,יין אדום מתוק ישן נושן אפרת 1 ליטר,יקב טפרברג 1870 בעמ,IL,יין ישן נושן 1 ליטר,ליטרים,1.00,ליטר,false,,16.90,16.9000,true,1,231111
7290008836494,false,יקבי אפרת תירוש טבעי אדום 1 ליטר,יקב טפרברג 1870 בעמ,IL,מיץ ענבים 1 ליטר,ליטרים,1.00,ליטר,false,,12.90,12.9000,true,1,141027
7290008841634,false,קשיו חריף מתוק 200 גרם זארובי,זארובי,,קשיו קלוי בטעם חריף,גרמים,200.00,100 גרם,false,,16.90,0.0845,true,1,259362
7290008841740,false,אגוז קשיו טבעי 100 ג,זארובי,,אגוז קשיו טבעי 100 ג,גרמים,100.00,100 גרם,false,,10.90,0.1090,true,1,194121
7290008841887,false,קשיו קלוי 180 גרם זארובי,זארובי,,קשיו קלוי 180 גר' קו,גרמים,180.00,100 גרם,false,,15.00,0.0833,true,1,259865
7290008846219,false,"שמן זית כתית מעולה חלוצה 750 מ""ל",האי נאם סי או אל.טי.,IL,שמן זית כתית מעולה ח,יחידה,750.00,יחידה,false,,39.90,0.0532,false,1,98539
7290008849470,false,פלפל צ'ומה חריף אוליביה 185 גרם,אוליביה גורמה בעמ,IL,ממרח פלפל צ'ומה,גרמים,185.00,100 גרם,false,,13.90,0.0751,true,1,104929
7290008849586,false,רוטב לעוף ריבת בצל אוליביה 310 גרם,קריות זול,IL,רוטב ריבת בצל לעוף,גרמים,310.00,100 גרם,false,,13.90,0.0448,true,1,104936
7290008849609,false,רוטב לעוף שום דבש אוליביה 330 גרם,אוליביה גורמה (1996),IL,רוטב שום ודבש לעוף,גרמים,330.00,100 גרם,false,,13.90,0.0421,true,1,104937
7290008849739,false,רוטב סויה אמיתי אוליביה 310 גרם,קריות זול,IL,רוטב סויה קלאסי אולי,יחידה,290.00,יחידה,false,,13.90,0.0479,true,1,104939
7290008849753,false,רוטב טריאקי אוליביה 300 גרם,מיוצר עי קונדיטוריית,IL,רוטב טריאקי עשיר אול,יחידה,300.00,יחידה,false,,13.90,0.0463,true,1,104940
7290008849777,false,רוטב צ'ילי מתוק אוליביה 345 גרם,קריות זול,IL,רוטב צילי מתוק,גרמים,350.00,100 גרם,false,,13.90,0.0397,true,1,104942
7290008881050,false,שמן זית קורינייקי פח,קיבוץ מגל,IL,שמן קורינייקי פח 2 ל,ליטרים,2.00,ליטר,false,,94.90,47.4500,true,1,212412
7290008881081,false,שמן פיקואל פח 2 ליטר,קיבוץ מגל,IL,שמן פיקואל פח 2 ליטר,ליטרים,2.00,ליטר,false,,94.90,47.4500,true,1,212413
7290008881203,false,שמן זית 2 ליטר מסיק,יושלם,,שמן זית פח 2 ליטר,ליטרים,2.00,ליטר,false,,94.90,47.4500,true,1,126608
7290008881227,false,"שמן הבית מסיק 750 מ""",עדן בריאות טבע מרקט,,"שמן הבית מסיק 750 מ""",יחידה,750.00,יחידה,false,,46.90,0.0625,true,1,120162
7290008881272,false,שמן זית פיקואל קיבוץ,מסיק קיבוץ מגל,IL,שמן זית פיקואל קיבוץ,מיליליטרים,750.00,"100 מ""ל",false,,46.90,0.0625,true,1,136063
7290008881296,false,שמן זית קורינייקי ק,מסיק קיבוץ מגל,IL,שמן זית קורינייקי ק,מיליליטרים,750.00,"100 מ""ל",false,,46.90,0.0625,true,1,120166
7290008909853,false,קוקה קולה זירו בקבוק 500מל,פארייפאבה אגרואינדוס,IL,קוקה קולה ZERO בקבו,מיליליטרים,500.00,"100 מ""ל",false,,6.00,0.0120,false,1,114442
7290008921022,false,יין תישבי פרנץ ריזלי,"יקבי הבארון בע""מ",,תשבי פרנץ' ריזלינג,מיליליטרים,750.00,"100 מ""ל",false,,29.90,0.0399,true,1,110178
7290008921121,false,יין תשבי סוביניון בל,יקבי הבארון – תשבי,IL,יין תישבי סוביניון ב,מיליליטרים,750.00,"100 מ""ל",false,,39.90,0.0532,true,1,205121
7290008921169,false,"קברנה אדום סוביניון ""תשבי""","יקבי הבארון בע""מ",,תשבי קברנה סוביניון,מיליליטרים,750.00,"100 מ""ל",false,,39.90,0.0532,true,1,110181
7290008921176,false,יין תשבי ויניארדס מר,"יקבי הבארון בע""מ",,יין תשבי מרלו,יחידה,750.00,יחידה,false,,39.90,0.0532,true,1,110182
7290008921190,false,"יין לבן אמרלד ריזלינג ""תשבי""",יקב תשבי,,תשבי אמרלד ריזלינג,מיליליטרים,750.00,"100 מ""ל",false,,29.90,0.0399,true,1,133707
7290008921275,false,"יין אדום שיראז ""תשבי""",יושלם,,תישבי שיראז 2008,יחידה,750.00,יחידה,false,,39.90,0.0532,true,1,124898
7290008921312,false,"קברנה סובניון 750 מ""ל תשבי אסטייט",יקבי הבארון – תשבי,,קברנה סוביניון א,יחידה,750.00,יחידה,false,,69.90,0.0932,true,1,110185
7290008921459,false,"יין תישבי שיראז 750 מ""ל",יקב תישבי יקבי הברון,,תשביאסטייט שיראז,יחידה,750.00,יחידה,false,,69.90,0.0932,true,1,197464
7290008921732,false,יין תשבי אסטייט רוזה,,,יין תשבי רוזה,מיליליטרים,750.00,"100 מ""ל",false,,39.90,0.0532,true,1,263360
7290008945172,false,גלילונית שקיות אשפה 52*65 40 יח',"אשפלסט תעשיות בע""מ",IL,גלילונית לפח מטבח 40,יחידה,0.00,יחידה,false,,15.90,0.0000,true,1,107641
7290008945202,false,גלילונית ש.אשפה ענק 50 90X75יח' 2020,"קילט ניהול פרוייקטים בע""מ",IL,גלילונית לאשפה משרדי,יחידה,0.00,יחידה,false,,14.90,0.0000,true,1,107642
7290008961585,false,כוסמת פוסולסקי דבור 800 גר,סנקי,IL,כוסמת 800 גר,גרמים,800.00,100 גרם,false,,12.90,0.0161,true,1,211939
7290008975551,false,תחליף חלב מהדרין שלב 3 מטרנה 700 גרם,מולינו ניקולי s.p.a,IL,מטרנה חיסכון שלב 3 7,גרמים,700.00,100 גרם,false,,60.00,0.0857,false,1,107128
7290008975780,false,"מזון לכלבים בונזו מזון כלבים גזע קטן 3 ק""ג","ביופט בע""מ",IL,בונזו בשר 3 קג,קילוגרמים,4.00,"ק""ג",false,,47.90,11.9750,false,1,107130
7290008989169,false,אורז תפוח בשקית 500 גר',בטר אנד דיפרנט,IL,פצפוצי אורז,גרמים,500.00,100 גרם,false,,18.90,0.0378,true,1,185141
7290008989473,false,ממרח חרובים טעם שוקו' 350ג' בי&די,"בטר אנד דיפרנט בע""מ",IL,ממרח חרובים בטעם שוק,גרמים,350.00,100 גרם,false,,12.90,0.0369,true,1,147041
7290008989671,false,ציפ.שניצל פריך ללא גלוטן שקית 200גר,בטר אנד דיפרנט,IL,ציפוי עדיף פריך גס ל,גרמים,250.00,100 גרם,false,,9.90,0.0396,true,1,197101
7290009397642,false,מאפין שוקו חמישיה גד,"גידרון תעשיות בע""מ",,מאפין שוקו חמישיה גד,יחידה,0.00,יחידה,false,,8.90,0.0000,true,1,198569
7290009397697,false,מאפין שוקולד ציפס- ח,"גידרון תעשיות בע""מ",,מאפין שוקו צ'יפס חמי,יחידה,0.00,יחידה,false,,8.90,0.0000,true,1,204480
7290010023141,false,הגן הקסום לימונענע ויסוצקי 25 יחידות,תה ויסוצקי,IL,תה חליטת לימון ונענע,גרמים,50.00,100 גרם,false,,18.90,0.3780,false,1,97425
7290010023943,false,חליטה מצמח הרויבוש Red tea בטעם קינמון ווניל,מולינו ניקולי s.p.a,IL,חליטת רויבוש קינמון,גרמים,50.00,100 גרם,false,,25.90,0.5180,true,1,97441
7290010032303,false,דבש פרחי הדר 500 גרם מכוורת צוקרמן,,,דבש 500 גר' פרחי הדר,גרמים,500.00,100 גרם,false,,25.90,0.0518,true,1,150391
7290010032310,false,דבש פרחי בר 500 גרם מכוורת צוקרמן,,,דבש 500 גר' פרחי בר,גרמים,500.00,100 גרם,false,,25.90,0.0518,true,1,150390
7290010032327,false,דבש אקליפטוס 500 גרם מכוורת צוקרמן,,,דבש 500 גר' אקליפטוס,גרמים,500.00,100 גרם,false,,25.90,0.0518,true,1,150392
7290010032341,false,דבש אשל 500 גרם מכוורת צוקרמן,,,דבש 500 גר' אשל,גרמים,500.00,100 גרם,false,,25.90,0.0518,true,1,150394
7290010032358,false,דבש דרדר 500 גרם מכוורת צוקרמן,,,דבש 500 גר' דרדר,גרמים,500.00,100 גרם,false,,25.90,0.0518,true,1,150395
7290010032365,false,דבש שיזף 500 גרם מכוורת צוקרמן,,,דבש 500 גר' שיזף,גרמים,500.00,100 גרם,false,,25.90,0.0518,true,1,188879
7290010032402,false,"דבש פרחי הדר 1 ק""ג מכוורת צוקרמן",,,"דבש 1 ק""ג פרחי הדר",קילוגרמים,1.00,"ק""ג",false,,49.90,49.9000,true,1,150398
7290010032419,false,"דבש פרחי בר 1 ק""ג מכוורת צוקרמן",,,"דבש 1 ק""ג פרחי בר",קילוגרמים,1.00,"ק""ג",false,,49.90,49.9000,true,1,150399
7290010032433,false,"דבש זעתר 1 ק""ג מכוורת צוקרמן",,,"דבש 1 ק""ג זעתר",קילוגרמים,1.00,"ק""ג",false,,49.90,49.9000,true,1,150401
7290010032440,false,"דבש אשל 1 ק""ג מכוורת צוקרמן",,,"דבש 1 ק""ג אשל",קילוגרמים,1.00,"ק""ג",false,,49.90,49.9000,true,1,150402
7290010065295,false,פרינוק - מחית תפוחי עץ ובננה 130 גרם,פרינוק,CZ,"מחית פרינוק תפו""ע+בנ",גרמים,130.00,100 גרם,false,,5.50,0.0423,true,1,94875
7290010065301,false,פרינוק - מחית סלט פירות 130 גרם,פרינוק,CZ,מחית פרינוק סלט פירו,גרמים,130.00,100 גרם,false,,5.50,0.0423,true,1,94876
7290010065318,false,פרינוק - ג'וניור תפוחי עץ 190 גרם,פרוטה פודווין איי.אס,CZ,פרינוק תפוחים,גרמים,190.00,100 גרם,false,,6.50,0.0342,true,1,166709
7290010065332,false,פרינוק - ג'וניור פתוחי עץ ובננה 190 גרם,פרוטה פודווין איי.אס,CZ,"פרינוק גוניור תפ""ע ב",גרמים,760.00,100 גרם,false,,6.50,0.0086,true,1,94879
7290010065349,false,פרינוק גרבר גוניור סלט פירות 190 גר',פרוטה פודווין איי.אס,CZ,פרינוק גו'ניור סלט פ,גרמים,190.00,100 גרם,false,,6.50,0.0342,true,1,94880
7290010065721,false,פרינוק - מחית לפתן פירות 130 גרם,פרינוק,CZ,פרינוק לפתן פירות,גרמים,130.00,100 גרם,false,,5.50,0.0423,true,1,112444
7290010066513,false,נתחי טונה בשמן צמחי רביעיה *158ג' פילטונה,תעשיות פילטונה,IL,פיל טונה רביעיה בשמן,גרמים,632.00,100 גרם,false,,22.90,0.0362,false,1,143515
7290010066575,false,נתחי טונה במים רביעיה *158ג' פילטונה,תעשיות פילטונה,IL,פיל טונה רביעיה במים,גרמים,632.00,100 גרם,false,,22.90,0.0362,false,1,143513
7290010066582,false,נתחי טונה בשמן קנולה רביעיה * 158 ג' פילטונה,תעשיות פילטונה,IL,פיל טונה רביעיה בשמן,גרמים,632.00,100 גרם,false,,22.90,0.0362,false,1,143516
7290010066599,false,רביעיית נתחי טונה בשמן זית פילטונה 158X4 גרם,תעשיות פילטונה,IL,פיל טונה רביעיה בשמן,גרמים,632.00,100 גרם,false,,27.90,0.0441,true,1,143517
7290010092031,false,נס קפה-עוגיות מרוקאי,,,נס קפה-עוגיות מרוקאי,גרמים,450.00,100 גרם,false,,16.90,0.0376,true,1,190153
7290010092093,false,עוגיות שחר,שחר המתוקה,,עוגיות שחר,יחידה,0.00,יחידה,false,,14.90,0.0000,false,1,139839
7290010092604,false,רול תמר וקינמון נס ב,,,רול תמר וקינמון נס ב,גרמים,500.00,100 גרם,false,,25.90,0.0518,true,1,263252
7290010116980,false,אבקת שוקולית שקית עלית 850 ג',הנסיך- מפעל לייצור ט,IL,שוקולית 850 גרם,גרמים,850.00,100 גרם,false,,16.90,0.0199,false,1,99101
7290010117857,false,דוריטוס חריף אש 55 ג' עלית,STRAUSS-ISRAEL,IL,דוריטוס חריף אש,גרמים,55.00,100 גרם,false,,2.90,0.0527,true,1,119404
7290010117970,false,סבבה בוטנים קלויים מצופים - אריזה אישית,"שטראוס פריטו ליי בע""",IL,בוטנים אמריקאים עלית,גרמים,50.00,100 גרם,false,,1.90,0.0380,true,1,176158
7290010119240,false,מארז תפוצ'יפס בטעם טבעי 12 יחידות,שטראוס פריטו ליי (מל,IL,תפוציפס טבעי 12יח מא,גרמים,216.00,100 גרם,false,,16.50,0.0764,true,1,99437
7290010119950,false,דוריטוס חמוץ חריף 55 גרם-סטריפ,שטראוס גרופ,,דוריטוס חמוץ מתוק,גרמים,55.00,100 גרם,false,,2.90,0.0527,true,1,99438
7290010124107,false,סטייקבורגר זהב 400 גר',בלדי,IL,סטייק בורגר 400 גר',גרמים,400.00,100 גרם,false,,17.90,0.0447,true,1,207290
7290010124190,false,שניצל בקר מלינסה 250 ג' אל מטאדור,בלדי,IL,שניצל בקר מליסה 250,גרמים,250.00,100 גרם,false,,11.90,0.0476,true,1,207291
7290010124213,false,סינטה בקר דק דק אל מטאדור 250 ג',בלאדי,IL,סינטה בקר דק דק 250,גרמים,250.00,100 גרם,false,,16.90,0.0676,true,1,207292
7290010124473,false,"אפונה עדינה 600 גר' בד""ץ",,,אפונה עדינה 600 גר',גרמים,600.00,100 גרם,false,,11.90,0.0198,true,1,215137
7290010124503,false,שומן כבש מעובד ארוז בלדי 200גר,בלדי,IL,שומן כבש בלדי 200 גר,גרמים,200.00,100 גרם,false,,12.90,0.0645,true,1,136398
7290010173044,false,"יין בר הרי גליל מרלו 750 מ""ל","כד בני דרום בע""מ",IL,הרי גליל מרלו,מיליליטרים,750.00,"100 מ""ל",false,,31.90,0.0425,false,1,101029
7290010173068,false,יין בר הרי גליל קברנה סוביניון 750 מל,"כד בני דרום בע""מ",IL,הרי גליל קברנה סובינ,מיליליטרים,750.00,"100 מ""ל",false,,31.90,0.0425,false,1,101031
7290010173174,false,"יין אלון 2019 750 מ""ל הרי גליל",יקבי רמת הגולן,IL,יין הרי גליל אלון 20,מיליליטרים,750.00,"100 מ""ל",false,,50.00,0.0667,false,1,151304
7290010173181,false,יין אלה הרי גליל 750 מל,יקבי רמת הגולן,IL,יין גליל אלה 2019,מיליליטרים,750.00,"100 מ""ל",false,,50.00,0.0667,false,1,181066
7290010173334,false,יין הרי גליל שיראז 750 מל,יקבי רמת הגולן,,הרי הגליל סירה,מיליליטרים,750.00,"100 מ""ל",false,,31.90,0.0425,false,1,111933
7290010182985,false,חלאבלין דאודורנט סטיק 72 שעות כחול,חלאבין,IL,דאודורנט לאבלין סטיק,מיליליטרים,50.00,"100 מ""ל",false,,23.90,0.4780,true,1,206857
7290010195268,false,פופקורן פופסטאר חמישייה מופחת שומן טבעי,פופ סטאר,US,פופסטאר מופחת שומן ט,גרמים,425.00,100 גרם,false,,12.90,0.0304,false,1,133241
7290010234769,false,"דאודורנט איזבלה ורוד 200 מ""ל פנינה רוזנבלום",פנינה רוזנבלום PR,IL,דאודורנט איזבלה ורוד,מיליליטרים,150.00,"100 מ""ל",false,,15.90,0.1060,true,1,107270
7290010237784,false,בירה שנדי בתוספת משקה לימון ליים - שישייה,מכבי שנדי,IL,מכבי שנדי שישייה בקב,יחידה,1.98,יחידה,false,,31.90,16.1111,false,1,110145
7290010237890,false,"בירה הייניקן בקבוק 500 מ""ל חוזר",טמפו משקאות בע''מ,IL,הייניקן בירה בקבוק 5,מיליליטרים,500.00,"100 מ""ל",false,,8.00,0.0160,true,1,110151
7290010259007,false,"עוגיות איטלקיות מובחרות ויליפוד 1 ק""ג",דן קייק,PT,עוגיות בישקוטים,גרמים,200.00,100 גרם,false,,5.90,0.0295,false,1,105179
7290010259359,false,וילי פוד נודלס אטר.ביצים להקפצה בדץ 200ג,פוג'יאן לונגהאי אנלי,CN,אטריות נודלס ביצים מ,גרמים,200.00,100 גרם,false,,4.40,0.0220,true,1,105188
7290010259366,false,וילי פוד נודלס אטר.ביצים מסולסל בדץ 200ג,פוג'יאן לונגהאי אנלי,CN,אטריות נודלס ביצים מ,גרמים,200.00,100 גרם,false,,4.40,0.0220,true,1,105189
7290010259830,false,מנת השף נודלס בסגנון סיני פיקנטי וילי פוד 70 גרם,נמצ'או(תאילנד) בעמ,TH,מנת השף מרק עם נודלס,גרמים,70.00,100 גרם,false,,4.90,0.0700,true,1,105192
7290010259847,false,מנת השף נודלס בטעם תירס וילי פוד 70 גרם,קריות זול,TH,מנת השף מרק עם נודלס,גרמים,70.00,100 גרם,false,,4.90,0.0700,true,1,105193
7290010259854,false,מרק עם נודלס טעם פטריות מנת השף 70 גר,נמצ'או(תאילנד) בעמ,TH,מנת השף מרק נודלס פט,גרמים,70.00,100 גרם,false,,4.90,0.0700,true,1,105194
7290010259861,false,מנת השף נודלס בטעם ירקות וילי פוד 70 גרם,קריות זול,TH,מנת השף מרק נודלס יר,גרמים,70.00,100 גרם,false,,4.90,0.0700,true,1,105195
7290010300075,false,שמרים נמסים בקופסא 33 גרם,ר.ס.,,שמרים נמסים,גרמים,33.00,100 גרם,false,,5.90,0.1788,true,1,118910
7290010300211,false,מפת דובדבן ניילון 24 מטר,אשפלסט,,מפת דובדבן ניילון 24,יחידה,0.00,יחידה,false,,16.90,0.0000,true,1,112018
7290010300488,false,קיסמים וחוט דנטלי דנטה קלין 40 יח',,,קיסם+חוט דנטלי 40 יח,יחידה,0.00,יחידה,false,,7.90,0.0000,true,1,186386
7290010300747,false,קיסמים דנטליים 200 יח',THAI FONG,CN,קיסמים דנטליים 200 י,יחידה,0.00,יחידה,false,,9.00,0.0000,true,1,112381
7290010300860,false,אציטון נאמן לאורך זמ,מעבדות קליאו,,אציטון 100 גר',מיליליטרים,100.00,"100 מ""ל",false,,3.20,0.0320,true,1,115680
7290010328093,false,ממרח חלווה אחווה 400 ג' מהדרין,אחדות בית חרושת לטחי,IL,ממרח חלבה אחוה 400 ג,גרמים,400.00,100 גרם,false,,11.90,0.0298,true,1,111491
7290010328178,false,חלבה מסולסלת שערות אחוה 250 ג',אחדות ביחר לטחינה חל,IL,חלבה אחוה מסולסלת 25,גרמים,250.00,100 גרם,false,,11.90,0.0476,true,1,115228
7290010328246,false,טחינה גולמית משומשום מלא אחווה 500 גרם,"אחדות ביח""ר לטחינה ח",IL,טחינה משומשום מלא אח,גרמים,500.00,100 גרם,false,,10.90,0.0218,false,1,117850
7290010328253,false,טחינה גולמית משומשום טבעי אחווה 500 גרם,"אחדות ביח""ר לטחינה ח",IL,טחינה שומשום טבעי אח,גרמים,500.00,100 גרם,false,,10.90,0.0218,false,1,115873
7290010328468,false,אחווה חטיפי מיני חלווה ב- 3 טעמים 18 יח,שוורצקוף& הנקל דיסלד,IL,חטיפי מיני חלבה,גרמים,216.00,100 גרם,false,,10.90,0.0505,true,1,142727
7290010328505,false,אחווה חטיפי מיני חלווה ללא סוכר 15 יח,אחדות ביחר לטחינה חל,IL,חטיפי מיני חלבה ללא,גרמים,150.00,100 גרם,false,,10.90,0.0727,true,1,145730
7290010328680,false,עוגה בטעם שוקולד עם שוקוצ'יפס מריר ולבן 450 גרם,אחדות ביחר לטחינה חל,IL,עוגה בטעם שוקולד עם,גרמים,450.00,100 גרם,false,,9.90,0.0220,true,1,182243
7290010328710,false,קיצפיות אחווה 180 גר,אחדות ביחר לטחינה חל,IL,קצפיות אחוה,גרמים,180.00,100 גרם,false,,9.90,0.0550,true,1,189160
7290010328727,false,ממרח טחינה עם שוקולד אחווה 400 גרם,אחדות ביחר לטחינה חל,IL,ממרח טחינה עם שוקולד,גרמים,400.00,100 גרם,false,,11.90,0.0298,true,1,190778
7290010328734,false,ממרח טחינה עם סילאן משומשום מלא,אחדות ביחר לטחינה חל,IL,ממרח טחינה עם סילאן,גרמים,400.00,100 גרם,false,,11.90,0.0298,true,1,192376
7290010328819,false,"ממרח טחינה עם שוקולד לל""ס 400 ג' אחדות!.",אחדות ביחר לטחינה חל,IL,ממרח טחינה שוקולד לל,גרמים,400.00,100 גרם,false,,11.90,0.0298,true,1,194809
7290010329854,false,מיני קוקיס עוגיות בטעם חמאה ללא סוכר כרמית 600 גרם,כרמית,,מיני קוקיס חמאה ללא,גרמים,700.00,100 גרם,false,,21.90,0.0313,true,1,114816
7290010382828,false,"קרם לחות קלילה לשיער יבש נטורל פורמולה, 400 מ""ל",אמיליה קוסמטיקס,IL,לחולחות קלילה יבש/פג,מיליליטרים,300.00,"100 מ""ל",false,,25.90,0.0863,true,1,124920
7290010471669,false,יוגורט תות עם קורנפלקס מצופה שוקולד ללא גלוטן 3.9%,"שטראוס בריאות בע""מ",IL,דנונה קראנצ יוגורט ת,גרמים,175.00,100 גרם,false,,4.60,0.0263,true,1,95720
7290010472307,false,מארז 8 יחידות משקה גמדים בטעם תות בננה,מיוצר עי קונדיטוריית,IL,גמדים לשתיה תות בננה,מיליליטרים,800.00,"100 מ""ל",false,,20.00,0.0250,true,1,95732
7290010472390,false,מארז 8 יחידות מעדן דני בטעם שוקולד 1.5%,מיוצר עי קונדיטוריית,IL,מארז דני שוקולד 1.5%,ליטרים,1.00,ליטר,false,,16.40,16.4000,false,1,95736
7290010535156,false,פלסטר 50'חי,,,פלסטר 50'חי,יחידה,0.00,יחידה,false,,8.50,0.0000,true,1,219895
7290010535361,false,מברשת רחצה לגב,,,מברשת רחצה לגב,יחידה,0.00,יחידה,false,,17.90,0.0000,true,1,113609
7290010535408,false,קופסא למברשות שיניים,מיה טריידינג,CN,מארז קופסאות למברשת,יחידה,0.00,יחידה,false,,9.90,0.0000,true,1,122595
7290010535767,false,כובע רחצה עבה משי,מיה טריידינג,CN,כובע רחצה,יחידה,0.00,יחידה,false,,7.00,0.0000,true,1,105271
7290010535910,false,סקוטץ קוצים 2 יח',,,סקוטץ קוצים 2 יח',יחידה,0.00,יחידה,false,,9.00,0.0000,true,1,117617
7290010546053,false,מנדל גרנולה בריאות קלויה ללא סוכר 400 גר,מנדל טי אמ סחר,IL,מנדל גרנולה-ללא סוכר,גרמים,400.00,100 גרם,false,,18.90,0.0472,true,1,142802
7290010546152,false,גרנולה קלויה בתוספת אגוזים ותמרים 400 ג',יוליניבר,IL,מנדל גרנולה-אגוזים ו,גרמים,400.00,100 גרם,false,,18.90,0.0472,true,1,142804
7290010546336,false,מנדל גרנולה בסילאן ללא תוספת סוכר 400 גר,מנדל,,גרנולה ודגנים ללא תו,גרמים,400.00,100 גרם,false,,18.90,0.0472,true,1,188316
7290010546558,false,גרנולה חלבה תמרים מנדל 400 גר,מנדל טי אמ סחר,IL,גרנולה חלבה תמרים 40,גרמים,400.00,100 גרם,false,,18.90,0.0472,true,1,200322
7290010546565,false,גרנולה שוקולד מנדל 400 גר,מנדל,,גרנולה שוקולד 400 גר,גרמים,400.00,100 גרם,false,,18.90,0.0472,true,1,200323
7290010548514,false,קוביות עשבי תיבול לבישול איטלקי דורות 70 גרם,עיצובים 2020 (3.8),IL,עשבי תיבול לבישול אי,גרמים,70.00,100 גרם,false,,11.00,0.1571,true,1,94335
7290010561414,false,עוגיות במילוי תמרים 300 גר ללא גלוטן,אשבל מזון פונקציונלי,IL,ברילי לחם קל אקסטרה,גרמים,500.00,100 גרם,false,,19.90,0.0398,true,1,215830
7290010561445,false,פיתות ללא גלוטן - 5 יח',אשבל מזון פונקציונלי,IL,ברילי פיתות,גרמים,420.00,100 גרם,false,,19.90,0.0474,true,1,215333
7290010561452,false,ברילי מאפה ביס EXTRA ויטמינים ומינרלים 360 ג',קרלו,IL,ברילי מאפה ביס אקסטר,גרמים,360.00,100 גרם,false,,16.90,0.0469,true,1,217191
7290010569052,false,"גלידה חלבי 5 טעמים פיסטוק, שוקו, וניל, קרמל,מוקה 2ל'","גלידת שטראוס בע""מ, ר",IL,גלידה פיסטוק מוקה ונ,ליטרים,2.00,ליטר,false,,26.90,13.4500,true,1,96061
7290010589135,false,גליליות ממולא קרם פט,וישם דברי מתיקה,IL,גליליות קרם,יחידה,0.00,יחידה,false,,29.90,0.0000,true,1,214106
7290010589159,false,עוגיות שקדים 250 גר',,,עוגיות שקדים 250 גר',גרמים,250.00,100 גרם,false,,24.90,0.0996,true,1,219810
7290010589227,false,כדורי שוקולד טעם שוק,וישם דברי מתיקה,IL,כדורי וופר שבבי וופר,גרמים,400.00,100 גרם,false,,29.90,0.0747,true,1,194511
7290010589326,false,עוגת וופל במילוי קרם,וישם דברי מתיקה,IL,עוגת וופל במילוי קרם,גרמים,270.00,100 גרם,false,,29.90,0.1107,true,1,260297
7290010589371,false,עוגת וופל במילוי קרם,וישם דברי מתיקה,IL,עוגת וופל במילוי קרם,גרמים,270.00,100 גרם,false,,29.90,0.1107,true,1,260295
7290010589388,false,עוגת וופל במילוי ריב,וישם דברי מתיקה,IL,עוגת וופל במילוי קרם,גרמים,270.00,100 גרם,false,,29.90,0.1107,true,1,260300
7290010627004,false,טחינה גולמית מסורתית ירושלים 500 ג',"בראשית ירושלים בע""מ",IL,טחינה ירושלים 500 גר,גרמים,500.00,100 גרם,false,,14.90,0.0298,true,1,192509
7290010627011,false,טחינה ירושלים בראשית,טחינה ירושלים,IL,"טחינה ירושלים 1 ק""ג",קילוגרמים,1.00,"ק""ג",false,,28.90,28.9000,true,1,193227
7290010627844,false,טחינה גולמית שומשום מלא ירושלים 500גרם,"בראשית ירושלים בע""מ",IL,טחינה ירושלים 500 מל,גרמים,500.00,100 גרם,false,,14.90,0.0298,true,1,193521
7290010632466,false,סט טיפוח לציפורניים,,,סט טיפוח לציפורנים,יחידה,0.00,יחידה,false,,27.90,0.0000,true,1,198028
7290010632572,false,נובי478-נשכן שרשרת חרוזים,מולינו ניקולי s.p.a,CN,נשכן שרשרת חרוזים,יחידה,0.00,יחידה,false,,31.90,0.0000,true,1,113241
7290010650002,false,פטריות יער תקוע ארוז,ביכורי שדה דרום 2002,IL,פטריות יער,גרמים,170.00,100 גרם,false,,12.90,0.0759,true,1,144013
7290010650019,false,אנדיב בלגי אמיתי חוות תקוע,מרינה פטריות הגליל,IL,אנדיב בלגי,גרמים,150.00,100 גרם,false,,13.90,0.0927,true,1,128336
7290010650033,false,בצלצלי שאלוט תקוע אר,חוות פטריות תקוע,IL,בצלצלי שאלוט 350 גר',גרמים,350.00,100 גרם,false,,14.90,0.0426,true,1,135903
7290010650040,false,פטריות שיטאקי חוות תקוע,ביכורי שדה דרום 2002,IL,פטריות שיטאקי טרי או,גרמים,100.00,100 גרם,false,,11.90,0.1190,true,1,144014
7290010650088,false,פטריות שמפיניון מיובשות 25 גרם,תקוע,IL,פטריות שמפיניון מיוב,גרמים,25.00,100 גרם,false,,8.40,0.3360,true,1,113867
7290010650101,false,עגבניות מיובשות חוות תקוע 100 גרם,חוות פטריות תקוע,IL,עגבניות מיובשות,גרמים,100.00,100 גרם,false,,8.40,0.0840,true,1,114044
7290010650194,false,זנגוויל תאילנדי תקוע,"פסח בא בע""מ",IL,זנגוויל ארוז מגשית,גרמים,250.00,100 גרם,false,,8.90,0.0356,true,1,144174
7290010650231,false,פטריות מאיטקי מיובשו,חוות פטריות תקוע,IL,פטריות מאי- טאקי יבש,גרמים,20.00,100 גרם,false,,9.40,0.4700,true,1,123211
7290010650255,false,לקט פטריות למרק חוות תקוע 25 גרם,תקוע,IL,לקט פטריות מיובשות ל,גרמים,25.00,100 גרם,false,,11.90,0.4760,true,1,123212
7290010650279,false,לקט פטריות לפסטה 25 גרם,חקלאי,IL,לקט פטריות מיובשות ל,גרמים,25.00,100 גרם,false,,11.90,0.4760,true,1,123213
7290010650286,false,בייבי ברוקולי חוות תקוע,,,בייבי ברוקולי,גרמים,350.00,100 גרם,false,,12.90,0.0369,true,1,190334
7290010650293,false,בצלצלי שאלוט מקולף ת,תקוע,,שאלוט קלוף ארוז,גרמים,250.00,100 גרם,false,,12.90,0.0516,true,1,144889
7290010650354,false,שורש כורכום טרי חוות תקוע 120 גרם,פסטה לנסי,IL,כורכום טרי,גרמים,120.00,100 גרם,false,,14.90,0.1242,true,1,144412
7290010650408,false,בצלצלי פנינה תקוע יח,פסטה לנסי,IL,בצלי פנינה 500 גר',גרמים,500.00,100 גרם,false,,14.90,0.0298,true,1,151694
7290010650415,false,עגבניות מיובשות 200 גרם תקוע,ירק הגליל,IL,עגבניות לחות מגשית,גרמים,200.00,100 גרם,false,,9.40,0.0470,true,1,144038
7290010650538,false,תירס סופר מתוק חוות תקוע,,,תירס סופר מתוק,גרמים,550.00,100 גרם,false,,18.90,0.0344,true,1,144042
7290010650576,false,פטריות שנוקי טרי ארו,"פנטה אמפאק בע""מ",IL,פטריות שינוקי,גרמים,150.00,100 גרם,false,,9.90,0.0660,true,1,144357
7290010650590,false,ריזוטו פטריות מיובשות,חוות פטריות תקוע,IL,ריזוטו פטריות,גרמים,275.00,100 גרם,false,,15.90,0.0578,true,1,144291
7290010650767,false,אנדיב אדום 220 גרם,פמילי,IL,אנדיב אדום ארוז,יחידה,0.00,יחידה,false,,19.90,0.0000,true,1,187916
7290010650798,false,תבשיל בורגול ופטריות,קרלו,IL,לקט בורגול ופטריות,גרמים,310.00,100 גרם,false,,13.90,0.0448,true,1,204433
7290010650804,false,תבשיל פתיתים ופטריות,,,לקט פתיתים ופטריות,גרמים,235.00,100 גרם,false,,13.90,0.0591,true,1,204434
7290010650828,false,פטריות שימג'י חוות תקוע 150 גרם,עינת תעשיות מזון אגו,IL,פטריות שימג'י לבן,יחידה,0.00,יחידה,false,,10.90,0.0000,true,1,203965
7290010650996,false,"פטריות שי מג'י חומות, 150 גרם חוות תקוע",שנגחאי פינק פוד קומפ,IL,פטריות שימג'י חום,גרמים,150.00,100 גרם,false,,10.90,0.0727,true,1,218482
7290010657254,false,סרדינים מרוקאי בשמן צמחי 125 ג',יוניון דה פחריס,MA,סרדין קזבלנקה בשמן ס,גרמים,125.00,100 גרם,false,,4.40,0.0352,true,1,122131
7290010657315,false,עלי גפן ממולאים 400 ג' סטאר פוד,,,עלי גפן ממולאים סטאר,גרמים,400.00,100 גרם,false,,9.40,0.0235,true,1,138889
7290010657490,false,סרדין קזבלנקה בשמן ח,יוניון דה פחריס,MA,סרדין קזבלנקה בשמן ח,גרמים,125.00,100 גרם,false,,4.90,0.0392,true,1,118703
7290010657506,false,סרדין קזבלנקה בשמן ז,יוניון דה פחריס,MA,סרדין קזבלנקה בשמן ז,גרמים,125.00,100 גרם,false,,5.60,0.0448,true,1,113348
7290010657551,false,סרדינים ברוטב עגבניו,יוניון דה פחריס,MA,סרדין קזבלנקה ברוטב,יחידה,0.00,יחידה,false,,4.40,0.0000,true,1,136070
7290010657568,false,סרדין קזבלנקה בשמן ס,יוניון דה פחריס,MA,סרדין קזבלנקה בשמן ס,גרמים,125.00,100 גרם,false,,4.90,0.0392,true,1,133308
7290010657681,false,פילה מקרל בשמן צמחי 125 ג קזבלנקה,יוניון דה פחריס,,פילה מקרל בשמן צמחי,גרמים,125.00,100 גרם,false,,7.90,0.0632,true,1,130258
7290010657698,false,פילה מקרל פלפל חריף 125 ג קזבלנקה,יוניון דה פחריס,,פילה מקרל עם פלפל חר,גרמים,125.00,100 גרם,false,,8.50,0.0680,true,1,137145
7290010657704,false,פילה מקרל בשמן זית 125 ג קזבלנקה,יוניון דה פחריס,,פילה מקרל בשמן זית,גרמים,125.00,100 גרם,false,,9.40,0.0752,true,1,133863
7290010657728,false,אמנדה סטר פוד כבד דג שיבוט 115גר,,,כבד דג שיבוט בשמן הד,גרמים,120.00,100 גרם,false,,11.90,0.0992,true,1,215833
7290010657902,false,בצלצלי פנינה סטאר פו,לוקסאפרס,ES,בצלצלי פנינה סטאר פו,גרמים,400.00,100 גרם,false,,9.90,0.0248,true,1,123370
7290010715336,false,להבונים בשקית 50 יח,,,נרונים בשקית 50 יח',יחידה,0.00,יחידה,false,,10.90,0.0000,true,1,115123
7290010718627,false,אל סבון נוזלי ירוק 1 ליטר פנינה רוזנבלום,פנינה רוזנבלום,IL,סבון נוזלי 1 ליטר יר,ליטרים,1.00,ליטר,false,,8.90,8.9000,true,1,138210
7290010718634,false,"פנינה רוזנבלום -אל סבון נוזלי לבן,1 ליטר",פנינה רוזנבלום,IL,סבון נוזלי 1 ליטר לב,ליטרים,1.00,ליטר,false,,8.90,8.9000,true,1,135502
7290010748518,false,"סרקל פורטה שמפו לילדים 750 מ""ל","ד""ר פישר Dr fischer",IL,סרקל פורטה שמפו 750,מיליליטרים,750.00,"100 מ""ל",false,,26.90,0.0359,true,1,148251
7290010748525,false,"סרקל פורטה מרכך לילדים 750 מ""ל","ד""ר פישר Dr fischer",IL,סרקל פורטה מרכך 750,מיליליטרים,750.00,"100 מ""ל",false,,26.90,0.0359,true,1,148252
7290010748853,false,"ד""ר פישר - אפקטיב קר קרם ידיים סנסיטיב 150 מ""ל","ד""ר פישר Dr fischer",IL,קרם ידיים וציפורניים,מיליליטרים,150.00,"100 מ""ל",false,,16.90,0.1127,true,1,126982
7290010748860,false,"ד""ר פישר - אפקטיב קר קרם ידיים אינטנסיב 150 מ""ל",פישר מעבדות פרמצבטיו,IL,קרם ידיים וציפורניים,מיליליטרים,150.00,"100 מ""ל",false,,16.90,0.1127,true,1,125404
7290010748877,false,קרם גוף אפקטיב קר לעור עדין סנסטי 700 מל,פישר מעבדות פרמצבטיו,IL,קרם גוף אפקטיב לעור,מיליליטרים,700.00,"100 מ""ל",false,,32.90,0.0470,true,1,124748
7290010748884,false,קרם גוף אינטנסיב Intensive לעור יבש במיוחד,פישר מעבדות פרמצבטיו,IL,ק.גוף אפקטיב קר יבש,מיליליטרים,700.00,"100 מ""ל",false,,32.90,0.0470,true,1,124749
7290010748891,false,קרם גוף מולטי ויטמין Multi vitamin לעור רגיל- יבש,פישר מעבדות פרמצבטיו,IL,ק.גוף אפקטיב קר רגיל,מיליליטרים,700.00,"100 מ""ל",false,,32.90,0.0470,true,1,124750
7290010757893,false,"בורקס תפו""א ללא גלוטן פרווה - מוקפא",מאפיית ישראל חיפה,IL,"בורקס תפ""א ללא גלוטן",גרמים,500.00,100 גרם,false,,19.90,0.0398,true,1,262419
7290010757916,false,אריאל ללא גלוטן- בורקס פיצה 500 גר,מאפיית ישראל חיפה,IL,בורקס פיצה ללא גלוטן,גרמים,500.00,100 גרם,false,,19.90,0.0398,true,1,262421
7290010757930,false,מלאווח ללא גלוטן פרווה - מוקפא,מאפיית ישראל חיפה,IL,מלאווח ללא גלוטן 500,גרמים,500.00,100 גרם,false,,19.90,0.0398,true,1,262423
7290010757961,false,אריאל ללא גלוטן- ג'חנון 500 גר,מאפיית ישראל חיפה,IL,ג'חנון ללא גלוטן 450,גרמים,450.00,100 גרם,false,,19.90,0.0442,true,1,262426
7290010766949,false,ממרח תחתיות ארטישוק 180ג' אוליביה,אוליביה,IL,ממרח תחתיות ארטישוק,גרמים,180.00,100 גרם,false,,13.90,0.0772,true,1,124703
7290010766956,false,ממרח פלפלים מתוקים אדומים אוליביה 180 גרם,אוליביה,IL,ממרח פלפלים קלויים א,גרמים,180.00,100 גרם,false,,13.90,0.0772,true,1,124704
7290010777013,false,צלחות פבלובה מרנג220,אקלר,IL,צלחת מרנג,גרמים,100.00,100 גרם,false,,28.90,0.2890,true,1,147762
7290010778058,false,פטוציני לבן/ טריקולו,פסטה דיאורו,IL,פסטה פטוצ'יני טריה,גרמים,500.00,100 גרם,false,,19.90,0.0398,true,1,140453
7290010778065,false,"ניוקי תפו""א פסטה טרי",פסטה דיאורו,IL,"ניוקי תפו""א פסטה טרי",גרמים,500.00,100 גרם,false,,19.90,0.0398,true,1,140454
7290010778126,false,"רוטב פסטו ""פסטה ד'יא",פסטה דיאורו,IL,"רוטב פסטו ""פסטה ד'יא",גרמים,220.00,100 גרם,false,,23.90,0.1086,true,1,140564
7290010778157,false,רביולי ריקוטה ותרד 5,פסטה דיאורו,IL,ריביולי ריקוטה תרד,גרמים,500.00,100 גרם,false,,31.90,0.0638,true,1,140456
7290010778171,false,רביולי בטטה 500גר,פסטה דיאורו,IL,ריביולי בטטה,גרמים,500.00,100 גרם,false,,31.90,0.0638,true,1,140458
7290010778188,false,רביולי 4 גבינות 500ג,פסטה דיאורו,IL,ריביולי 4 גבינות,גרמים,500.00,100 גרם,false,,31.90,0.0638,true,1,140459
7290010778201,false,רוטב לפסטה שמנת אלפר,פסטה דיאורו,IL,רוטב לפסטה שמנת אלפר,גרמים,240.00,100 גרם,false,,21.90,0.0912,true,1,140460
7290010778218,false,רוטב לפסטה שמנת ופטר,פסטה דיאורו,IL,רוטב לפסטה שמנת ופטר,גרמים,240.00,100 גרם,false,,21.90,0.0912,true,1,140461
7290010778225,false,רוטב לפסטה שמנת עגבנ,פסטה דיאורו,IL,רוטב לפסטה שמנת עגבנ,גרמים,240.00,100 גרם,false,,21.90,0.0912,true,1,140462
7290010778232,false,קיש בטעמים,,,קיש בטעמים,יחידה,0.00,יחידה,false,,41.90,0.0000,true,1,197835
7290010778256,false,ריביולי ריקוטה פרמזן,פסטה דיאורו,IL,ריביולי ריקוטה פרמזן,גרמים,500.00,100 גרם,false,,31.90,0.0638,true,1,140463
7290010778263,false,רביולי גבינות צאן 50,פסטה דיאורו,IL,ריביולי גבינות צאן,גרמים,500.00,100 גרם,false,,31.90,0.0638,true,1,140464
7290010778300,false,רביולי מוצרלה 500גר,פסטה דיאורו,IL,ריביולי מוצרלה,גרמים,500.00,100 גרם,false,,31.90,0.0638,true,1,140641
7290010778324,false,ניוקי בטטה פסטה טריה,פסטה דיאורו,IL,ניוקי בטטה פסטה טריה,גרמים,500.00,100 גרם,false,,19.90,0.0398,true,1,140465
7290010778485,false,רוטב לפסטה שמנת בטטה,פסטה דיאורו,IL,רוטב לפסטה שמנת בטטה,גרמים,240.00,100 גרם,false,,21.90,0.0912,true,1,140466
7290010778560,false,"ניוקי תפו""א ממולא גב",,,"ניוקי תפו""א ממולא גב",גרמים,500.00,100 גרם,false,,29.90,0.0598,true,1,197724
7290010791538,false,לה-קט דליקטס עוף גורמה 85 גר',מנדלז סי.אר. פרודקשן,TH,לה קט עוף גורמה 85 ג,גרמים,85.00,100 גרם,false,,5.50,0.0647,true,1,107163
7290010791545,false,לה-קט דליקטס פטה כבד עוף 85 ג',"הייקיו, תאילנד",TH,לה קט דליקטס פטה כבד,גרמים,85.00,100 גרם,false,,5.50,0.0647,true,1,107164
7290010791552,false,לה-קט דליקטס טונה ברוטב 85 גר',"הייקיו, תאילנד",TH,לה קט דליקטס טונה,גרמים,85.00,100 גרם,false,,5.50,0.0647,true,1,107165
7290010791576,false,לה-קט דליקטס דגי אוקינוס 85 גר',"הייקיו, תאילנד",TH,לה קט דליקטס דגי אוק,גרמים,85.00,100 גרם,false,,5.50,0.0647,true,1,112371
7290010791583,false,לה-קט דליקטס דגי אוקינוס וטונה 85 גר',מנדלז סי.אר. פרודקשן,TH,לה קט דליקטס דגי אוק,גרמים,85.00,100 גרם,false,,5.50,0.0647,true,1,107166
7290010791644,false,בונזו ג'וי מקלוני עןוף 90ג,בונזו,,בונזו גו'י מקלוני עו,גרמים,90.00,100 גרם,false,,17.00,0.1889,true,1,145144
7290010814244,false,שלשות שוקולד מריר 85 גרם*3 בלמינט *18 בקרטון,כרמית תעשיות ממתקים,IL,שוקולד מריר כרמית של,גרמים,300.00,100 גרם,false,,10.90,0.0363,true,1,135792
7290010814695,false,שוקולד מריר פרווה ללא תוספת סוכר כרמית 85 גרם,כרמית תעשיות ממתקים,IL,שוקולד מריר ללא תוספ,גרמים,85.00,100 גרם,false,,5.90,0.0694,true,1,121249
7290010814701,false,שוקולד חלב ללא תוספת סוכר וסטהיים,כרמית תעשיות ממתקים,IL,שוקולד חלב ללא תוספת,גרמים,85.00,100 גרם,false,,5.90,0.0694,true,1,121250
7290010838219,false,ממתיק על בסיס צמח הסטיביה - שקיות,תות ממתקי איכות,IL,מרמולייט סטיביה 100ש,יחידה,0.00,יחידה,false,,28.90,0.0000,true,1,137347
7290010838424,false,דאק נוזל לניקוי אסלות זוג בניחוח רענן 2*750 מל,"איטיליאן פוד, אס.פי.",NL,טואלט דאק * 750זוג *,ליטרים,1.50,ליטר,false,,17.90,11.9333,false,1,107717
7290010838431,false,דאק נוזל לניקוי אסלות זוג בניחוח ים 2*750 מל,מיוצר עי קונדיטוריית,NL,טואלט דאק * 750זוג *,ליטרים,1.50,ליטר,false,,17.90,11.9333,false,1,107718
7290010849505,false,יין למברוסקו די לואיג'י רוסו דולצ'ה,פארייפאבה אגרואינדוס,IT,למברוסקו די לואיג'י,מיליליטרים,750.00,"100 מ""ל",false,,24.90,0.0332,true,1,123299
7290010849512,false,יין למברוסקו די לואיג'ירוזטו אמבילה,פארייפאבה אגרואינדוס,IT,למברוסקו די לואיג'י,מיליליטרים,750.00,"100 מ""ל",false,,24.90,0.0332,true,1,136787
7290010849529,false,יין למברוסקו די לואיג'י ביאנקו,פארייפאבה אגרואינדוס,IT,למברוסקו די לואיג'י,מיליליטרים,750.00,"100 מ""ל",false,,24.90,0.0332,true,1,150471
7290010883042,false,סנובון עם אפקט הקצף הפעיל בריח רענן,סנו סנובון,IL,סנובון נוזלי תות,מיליליטרים,750.00,"100 מ""ל",false,,9.90,0.0132,true,1,108586
7290010883356,false,כפפות אלוורה רב שימושיות גדולות L סנו סושי,סנו סושי,CN,סנו סושי זוג כפפות א,יחידה,0.00,יחידה,false,,9.90,0.0000,true,1,113564
7290010883363,false,כפפות אלוורה רב שימושיות קטנות S סנו סושי,האי נאם סי או אל.טי.,CN,סנו סושי זוג כפפות א,יחידה,0.00,יחידה,false,,9.90,0.0000,true,1,113565
7290010883370,false,כפפות אלוורה רב שימושיות בינוניות M סנו סושי,האי נאם סי או אל.טי.,CN,סנו סושי זוג כפפות א,יחידה,0.00,יחידה,false,,9.90,0.0000,true,1,108589
7290010922017,false,"אננס קפוא 250 גרם בד""ץ עדה חרדית",,IL,אננס קפוא 250 גר',גרמים,250.00,100 גרם,false,,8.90,0.0356,true,1,263305
7290010922024,false,"פסיפלורה קפואה 250 גרם בד""ץ עדה חרדית",,,פסיפלורה קפואה 250 ג,גרמים,250.00,100 גרם,false,,8.90,0.0356,true,1,263306
7290010922055,false,"ליצ'י קפוא 250 גרם בד""ץ עדה חרדית",,IL,ליצ'י קפוא 250 גר',גרמים,250.00,100 גרם,false,,8.90,0.0356,true,1,263307
7290010922819,false,"מלון קפוא כשרות בד""ץ, 250 גרם",,IL,מלון קפוא 250 גר',גרמים,250.00,100 גרם,false,,8.90,0.0356,true,1,263308
7290010922864,false,גולש בקר קפוא ארוז 800 גרם אשפר,בלדי,IL,גולש בקר 800 גר',גרמים,800.00,100 גרם,false,,34.90,0.0436,true,1,260424
7290010945146,false,קוטג' 3% מועשר בסידן טרה 250 ג' מהדרין,קריות זול,IL,קוט'ג 3% מועשר טרה,גרמים,250.00,100 גרם,false,,5.90,0.0236,false,1,93469
7290010945306,false,"חלב קרטון 3% 2 ליטר בד""צ",קריות זול,IL,חלב 2 ליטר מהדרין,ליטרים,2.00,ליטר,false,,12.46,6.2300,false,1,93475
7290010945450,false,גבינה לבנה 3% 250 גר מועשר בסידן וויטמין,קריות זול,IL,גבינה לבנה 3% 250 גר,גרמים,250.00,100 גרם,false,,4.98,0.0199,false,1,93484
7290010945481,false,גבינה לבנה טרה 5% מרכיבים טבעיים,קריות זול,IL,גבינה לבנה 5% 500 גר,גרמים,500.00,100 גרם,false,,9.96,0.0199,false,1,93486
7290010970216,false,"חומץ בלסמי 500 מ""ל ""טעמים""",טעמים,IL,חומץ בלסמי איטלקי,מיליליטרים,500.00,"100 מ""ל",false,,19.90,0.0398,true,1,149023
7290010970230,false,חומץ טעמים פירות הד,יושלם,IL,חומץ פירות הדר,מיליליטרים,500.00,"100 מ""ל",false,,17.90,0.0358,true,1,185829
7290010970254,false,חומץ בן יין לבן מונט,יושלם,IL,חומץ בן יין לבן,מיליליטרים,500.00,"100 מ""ל",false,,12.90,0.0258,true,1,149025
7290010970261,false,טעמים-חומץ תפוחי עץ,יושלם,IL,טעמים-חומץ תפוחי עץ,מיליליטרים,500.00,"100 מ""ל",false,,12.90,0.0258,true,1,148794
7290010970650,false,קרם בלסמי חומץ מצומצם ממודנה איטליה 250,טעמים,,קרם מצומצם מחומץ בלס,מיליליטרים,250.00,"100 מ""ל",false,,29.90,0.1196,true,1,214370
7290010970704,false,ממרח זיתים ירוקים 180 גרם,טעמים,,ממרח זיתים ירוק איטל,גרמים,180.00,100 גרם,false,,13.90,0.0772,true,1,199451
7290010970711,false,פסטו בזיליקום א-לה ג'נובזה,טעמים,IL,ממרח פסטו איטלקי,גרמים,180.00,100 גרם,false,,13.90,0.0772,true,1,199452
7290010970728,false,ממרח עגבניות מיובשות 180 גרם,טעמים,,ממרח עגבניות מיובשות,גרמים,180.00,100 גרם,false,,13.90,0.0772,true,1,199453
7290010970735,false,ממרח ארטישוק איטלקי,טעמים,,ממרח ארטישוק איטלקי,גרמים,180.00,100 גרם,false,,13.90,0.0772,true,1,199454
7290010970742,false,ממרח פסטו פלפלים אמיתי 180 גרם,,,ממרח פלפלים איטלקי,גרמים,180.00,100 גרם,false,,13.90,0.0772,true,1,214041
7290011015862,false,"פריגת סירופ דיאט לימונענע 750 מ""ל",סירופ - גבעת חיים,IL,סירופ דיאט לימון נענ,יחידה,750.00,יחידה,false,,22.90,0.0305,true,1,122518
7290011015985,false,"סירופ בטעם דיאט אננס 750 מ""ל פריגת",סירופ - גבעת חיים,IL,סירופ דיאט אננס 750,מיליליטרים,750.00,"100 מ""ל",false,,22.90,0.0305,true,1,139045
7290011017866,false,קוקה קולה קלאסי בפחית,החברה המרכזית לייצור,IL,קוקה קולה פחית,מיליליטרים,330.00,"100 מ""ל",false,,4.90,0.0148,false,1,139247
7290011017873,false,"קוקה קולה זירו פחית 330 מ""ל",החברה המרכזית לייצור,IL,קוקה קולה זירו פחית,מיליליטרים,330.00,"100 מ""ל",false,,4.50,0.0136,true,1,141376
7290011017880,false,דיאט קוקה קולה פחית סליק 330מל,החברה המרכזית לייצור,IL,דיאט קולה פחית 330,מיליליטרים,330.00,"100 מ""ל",false,,4.50,0.0136,false,1,141885
7290011018184,false,פיוז טי תה קר בטעם אפרסק,מבשלות בירה בינלאומי,IL,FUZE tea אפרסק 0.5 ל,מיליליטרים,500.00,"100 מ""ל",false,,6.50,0.0130,true,1,138669
7290011018214,false,פיוז טי תה קר בטעם מנגו אננס,פארייפאבה אגרואינדוס,IL,FUZE tea מנגו אננס 0,מיליליטרים,500.00,"100 מ""ל",false,,6.50,0.0130,true,1,138672
7290011018368,false,ויינשטפן בירת חיטה לא מסוננת,"ויינשטפן, ת.ד 1155 פ",DE,שישיה בירה ויינשטפן,ליטרים,1.98,ליטר,false,,69.90,35.3030,false,1,141306
7290011018443,false,"פנטה אורנג פחית סליק 330 מ""ל",החברה המרכזית לייצור,IL,פאנטה אורנ'ג פחית,מיליליטרים,330.00,"100 מ""ל",false,,4.90,0.0148,true,1,141865
7290011018474,false,"סומרסבי סיידר תפוחים אלכוהולי, 330 מ""ל","קרלסברג קרואטיה , יב",HR,סומרסבי סיידר בק' 33,מיליליטרים,330.00,"100 מ""ל",false,,9.50,0.0288,true,1,187880
7290011018924,false,"מארז פחיות דיאט קוקה קולה שישייה 330 מ""ל",החברה המרכזית לייצור,IL,מארז שישיית פחיות די,ליטרים,1.98,ליטר,false,,21.90,11.0606,false,1,142312
7290011026066,false,"ד""ר פישר - סרקל שמפו + מרכך לילדים 1 ליטר","ד""ר פישר Dr fischer",IL,סרקל שמפו+מרכך 1 ליט,ליטרים,1.00,ליטר,false,,27.90,27.9000,true,1,116377
7290011026301,false,"ד""ר פישר - שמפו לשיער כסוף 400 מ""ל","ד""ר פישר Dr fischer",IL,"שמפו לשיער כסוף ד""ר",גרמים,400.00,100 גרם,false,,18.90,0.0472,true,1,192528
7290011026523,false,שמפו לתינוק לפני השינה Senstive עם לבנדר וקמומיל,"ד""ר פישר Dr fischer",IL,קמיל בלו סנסיטיב שמפ,מיליליטרים,500.00,"100 מ""ל",false,,19.90,0.0398,true,1,100233
7290011026530,false,אל סבון לתינוק קמיל בלו סנסטיב לפני השינה,פישר מעבדות פרמצבטיו,IL,אל סבון לתינוק לפני,מיליליטרים,500.00,"100 מ""ל",false,,19.90,0.0398,true,1,100234
7290011051358,false,"שוופס סודה לימון זכוכית 250 מ""ל",יפאורה תבורי בעמ,IL,סודה שוופס לימון 250,יחידה,250.00,יחידה,false,,3.20,0.0128,true,1,103570
7290011064020,false,בולגרית למריחה בטעמים 200 גר,גבינות אמיר ניצן בעמ,IL,בולגרית בעיר עם תוספ,גרמים,200.00,100 גרם,false,,13.90,0.0695,true,1,211196
7290011064075,false,מעדן לבנה מסבחה -אבו גוש 200 גרם,גבינות אמיר ניצן בעמ,IL,לאבנה אבו גוש 200 גר,גרמים,200.00,100 גרם,false,,13.90,0.0695,true,1,211223
7290011064099,false,טאפס פלפלוני שרי ממולאים במעדן גבינה,גבינות אמיר ניצן בעמ,IL,ניצן-טאפס שכונתי פלפ,גרמים,125.00,100 גרם,false,,21.90,0.1752,true,1,145058
7290011081492,false,גלידה בטעם שלושה שוקולדים 1.33ל' קרמיסימו,"גלידת שטראוס בע""מ, ר",IL,קרמיסימו שלושה שוקול,ליטרים,1.33,ליטר,false,,24.90,18.7218,false,1,96116
7290011081690,false,קרמיסימו פרווה שוקו ציפ+וניל ציפ 1.33ל,"גלידת שטראוס בע""מ, ר",IL,קרמיסימו פרווה שוקו,ליטרים,1.33,ליטר,false,,24.90,18.7218,false,1,114234
7290011113926,false,דאודורנט ספריי טיטניום בלאק Titanium Black,משווק: וסמופארם בעממ,IL,דאודורנט טיטניום שחו,מיליליטרים,200.00,"100 מ""ל",false,,15.90,0.0795,true,1,108121
7290011115159,false,סבון מוצק מועשר בקרם לחות ניחוח פרחים נקה 7 4*100 גרם,גליל כימיכלים,IL,נקה 7 לחות - סבון מו,גרמים,400.00,100 גרם,false,,11.90,0.0298,true,1,111794
7290011115166,false,נקה 7 ארומה סבון נוזלי לבנדר 1 ל',טרופיקל דגיל תעשיות,IL,נקה תחליב רחצה סגול,ליטרים,1.00,ליטר,false,,13.90,13.9000,true,1,108123
7290011115173,false,נקה 7 ארומה סבון נוזלי וניל 1 ל',טרופיקל דגיל תעשיות,IL,נקה תחליב רחצה וניל,ליטרים,1.00,ליטר,false,,13.90,13.9000,true,1,108124
7290011115203,false,אל סבון מוצק מבושם בניחוח עדין קלאסיק - מארז רביעיה,טרופיקל דגיל תעשיות,IL,נקה 7-סבון מוצק ורוד,גרמים,400.00,100 גרם,false,,11.90,0.0298,true,1,111797
7290011115241,false,אל סבון ארומטי מוצק ורוד ורד ויסמין - מארז רביעיה,"גליל כימיכלים בע""מ",IL,נקה 7 ארומה - סבון מ,גרמים,400.00,100 גרם,false,,11.90,0.0298,true,1,112439
7290011115258,false,אל סבון מוצק מבושם בניחוח עדין קלאסיק - מארז רביעיה,"גליל כימיכלים בע""מ",IL,נקה 7 סבון מוצק ירוק,גרמים,400.00,100 גרם,false,,11.90,0.0298,true,1,111795
7290011115265,false,מארז סבון מוצק ארומה אל סבון מועשר בשמנים ארומטיים,"גליל כימיכלים בע""מ",IL,נקה 7 ארומה - סבון מ,גרמים,400.00,100 גרם,false,,11.90,0.0298,true,1,111798
7290011115272,false,אל סבון מוצק מועשר בקרם לחות צמחים - מארז רביעיה,קוסמופארם בע''מ,IL,נקה 7 לחות - סבון מו,גרמים,400.00,100 גרם,false,,11.90,0.0298,true,1,112437
7290011115289,false,אל סבון מוצק מבושם בניחוח עדין קלאסיק - מארז רביעיה,"גליל כימיכלים בע""מ",IL,נקה 7- סבון מוצק ליל,גרמים,400.00,100 גרם,false,,11.90,0.0298,true,1,111796
7290011115296,false,אל סבון מוצק מועשר בקרם לחות לבנדר - מארז רביעיה,נקה 7,,נקה 7 לחות - סבון מו,גרמים,400.00,100 גרם,false,,11.90,0.0298,true,1,111799
7290011126209,false,הגן הקסום תה טעם תפוח וקינמון סיידר ויסוצקי 25 יח',תה ויסוצקי,IL,תה חליטת תפוח וקינמו,גרמים,55.00,100 גרם,false,,18.90,0.3436,false,1,97449
7290011126216,false,תה רויבוש קלאסי ויסוצקי 25 יחידות,תה ויסוצקי,IL,חליטת רויבוש קלאסית,גרמים,50.00,100 גרם,false,,25.90,0.5180,true,1,97450
7290011126452,false,הגן הקסום תה בטעם קמומיל ונענע ויסוצקי 25 יחידות,תה ויסוצקי,IL,תה חליטת קמומיל ונענ,גרמים,37.50,100 גרם,false,,18.90,0.5040,false,1,113583
7290011126469,false,הגן הקסום תה בטעם קמומיל ודבש ויסוצקי 25 יחידות,תה ויסוצקי,IL,תה חליטת קמומיל ודבש,גרמים,37.50,100 גרם,false,,18.90,0.5040,false,1,113584
7290011126490,false,תה רויאל גריי ויסוצק,תה ויסוצקי,,תה רויאל גריי 25 שקי,גרמים,42.50,100 גרם,false,,15.90,0.3741,true,1,113261
7290011126940,false,תה ירוק ויסוצקי בתוספת מרווה 25 שקיקים,ויסוצקי ירוק,IL,תה ירוק בתוספת מרווה,גרמים,37.50,100 גרם,false,,24.90,0.6640,false,1,118276
7290011126957,false,תה ירוק ויסוצקי ארל גריי 25 שקיקים,ויסוצקי ירוק,IL,תה ירוק ארל גריי 25,גרמים,37.50,100 גרם,false,,24.90,0.6640,false,1,118277
7290011131371,false,"מוזלי שקדים ואגוזים 1 ק""ג גרין",ויטליאה ניקולה דו,MK,מוזלי קרנצ'י שקדים ו,קילוגרמים,1.00,"ק""ג",false,,24.90,24.9000,true,1,114476
7290011131388,false,מיזלי 1 קג קרנצ תפוח&קינמ,ויטליאה ניקולה דו,MK,מוזלי קראנץ' גרין 1,קילוגרמים,1.00,"ק""ג",false,,24.90,24.9000,true,1,114477
7290011131395,false,"מוזלי בתוספת 30% פירות 1 ק""ג גרין",ויטליאה ניקולה דו,MK,מוזלי קרנצ'י 30% פיר,קילוגרמים,1.00,"ק""ג",false,,24.90,24.9000,true,1,114478
7290011131654,false,מוזלי קראנצ'י ביג מיקס עם פירות ואגוזים,ויטליה ניקולא דו,MK,"מיזלי 1 ק""ג ביג מיקס",קילוגרמים,1.00,"ק""ג",false,,24.90,24.9000,true,1,150095
7290011131968,false,"גרנולה בתוספת שקדים ואגוזים גרין 1 ק""ג",ויטליה ניקולא דו,MK,"גרנולה 1 ק""ג אגוזים.",גרמים,1.00,גרם,false,,24.90,24.9000,true,1,120873
7290011131975,false,גרנולה בתוספת פירות מיובשים ומסוכרים,ויטליאה ניקולה דו,MK,"גרנולה 1 ק""ג פירות.",גרמים,1.00,גרם,false,,24.90,24.9000,true,1,120874
7290011132507,false,סן בנדטו- מים מנרליים - מוגז עדין 500 מל,פארייפאבה אגרואינדוס,IT,סאן בנדטו מוגז 0.5ל,מיליליטרים,500.00,"100 מ""ל",false,,2.50,0.0050,true,1,134729
7290011132583,false,"מארז פפסי מקס 500 מ""ל*6 יח' בקבוק","טמפו משקאות בע""מ",IL,פפסי מקס שישייה 0.5,ליטרים,3.00,ליטר,false,,19.90,6.6333,false,1,218147
7290011133368,false,בירה שנדי בתוספת משקה תפוח - שישייה,מכבי שנדי,IL,שנדי תפוח שישיה 330,יחידה,1.98,יחידה,false,,31.90,16.1111,false,1,119869
7290011133375,false,"בירה שנדי, בירה בטעם אפרסק, מארז שישייה, בקבוק 330 מ''ל","טמפו משקאות בע""מ",IL,שנדי אפרסק שישיה 330,יחידה,1.98,יחידה,false,,31.90,16.1111,false,1,119874
7290011133634,false,"פפסי מקס פחית צרה מארז שישייה 330 מ""ל","טמפו משקאות בע""מ",IL,פפסי פחית צרה שישייה,ליטרים,1.98,ליטר,false,,18.90,9.5455,true,1,209351
7290011142001,false,לחם שיפון בורודינסקי,מאפיית דואט,,"לחם ""דואט""",יחידה,0.00,יחידה,false,,11.90,0.0000,true,1,197655
7290011142025,false,לחם שיפון אוקראינסקי 630 גר,מאפיית דואט,,"לחם שיפון כפרי ""דואט",יחידה,0.00,יחידה,false,,11.90,0.0000,true,1,197656
7290011142049,false,לחם ביתי עם סובין לל,מאפיית דואט,,לחם דגנים,יחידה,0.00,יחידה,false,,11.90,0.0000,true,1,197899
7290011142315,false,פרנה מאורך רביעיה 550 גר,מאפיית דואט,IL,פרנה,גרמים,500.00,100 גרם,false,,13.50,0.0270,true,1,194516
7290011142407,false,"לחם שבע דגנים 1100 ג""ר",מאפיית דואט,,לחם שבע דגנים דואט,גרמים,1100.00,100 גרם,false,,16.90,0.0154,true,1,197653
7290011142445,false,לחם כוסמין מאפית דו,אלון חברה ליצור שיוו,IL,לחם כוסמין מאפית דו,גרמים,620.00,100 גרם,false,,15.90,0.0256,true,1,204328
7290011142650,false,לחם שיפון עם אגוזים-,,IL,לחם שיפון עם אגוזים-,גרמים,900.00,100 גרם,false,,15.90,0.0177,true,1,198141
7290011148959,false,פלפל טינקרבל יח שמיטה,"מרינה פטריות הגליל בע""מ",IL,פלפל טינקרבל,יחידה,0.00,יחידה,false,,8.90,0.0000,true,1,138703
7290011153885,false,נייר אכיל ממותג דיסני,שמחה זה אנחנו,,נייר אכיל לעוגות,יחידה,0.00,יחידה,false,,18.40,0.0000,true,1,185157
7290011154035,false,"תרכיז תפוחים סחוט טעמי הגליל 500 מ""ל",טעמי הגליל,IL,תרכיז תפוחים סחוט טע,מיליליטרים,500.00,"100 מ""ל",false,,22.90,0.0458,true,1,211696
7290011154080,false,"תרכיז תפוחים צלול טעמי הגליל 500 מ""ל",טעמי הגליל,IL,תרכיז תפוחים צלול טע,מיליליטרים,500.00,"100 מ""ל",false,,22.90,0.0458,true,1,211697
7290011154882,false,"תרכיז תפוזים 500 מ""ל טעמי הגליל",טעמי הגליל,IL,תרכיז תפוזים טבעי 50,מיליליטרים,500.00,"100 מ""ל",false,,26.90,0.0538,true,1,260733
7290011154899,false,"תרכיז ענבים ותפוחים 500 מ""ל טעמי הגליל",טעמי הגליל,IL,תרכיז תפוחים וענבים,מיליליטרים,500.00,"100 מ""ל",false,,26.90,0.0538,true,1,260734
7290011174040,false,גזר ננסי 800 גרם פרי הגליל,פרי הגליל בעמ,IL,גזר ננסי פרי גליל,גרמים,800.00,100 גרם,false,,8.90,0.0111,true,1,99780
7290011174866,false,צ'יפס בטטה 700 גרם פרי הגליל,פרי הגליל,IL,צ'יפס בטטה 700גר פרי,גרמים,700.00,100 גרם,false,,14.90,0.0213,true,1,201375
7290011174897,false,אפונה עדינה פרי גליל 600 גר',"פרי הגליל בע""""מ",IL,אפונה עדינה 600 גר,גרמים,600.00,100 גרם,false,,13.90,0.0232,true,1,112078
7290011194215,false,מעדן גבינה ויוגורט בטעם בננה 5% שומן 88 ג' דניאלה,"שטראוס בריאות בע""מ",IL,דניאלה בננה 5%,מיליליטרים,150.00,"100 מ""ל",false,,4.10,0.0273,true,1,95802
7290011194246,false,קוטג' 5% עם סידן 250 ג' שטראוס,מיוצר עי קונדיטוריית,IL,קוטג' שטראוס 5%,גרמים,250.00,100 גרם,false,,6.00,0.0240,false,1,95804
7290011223021,false,רפידות הנקה על בסיס ג'ל באריזה אישית,קריפורט סחר בינלאומי,IL,פ.ו כריות הנקה אישיו,יחידה,0.00,יחידה,false,,17.00,0.0000,true,1,107738
7290011223038,false,בונומי עלים לקרמשניט שכבות אפויות מבצק עלים 300 גרם,בונומי ס.פ.א,IT,עלים לקרמשניט - בונו,גרמים,300.00,100 גרם,false,,16.00,0.0533,true,1,125449
7290011223045,false,בונומי בישקוטים 200 גרם,בונומי ס.פ.א,IT,בישקוטים בונומי 200ג,גרמים,200.00,100 גרם,false,,7.50,0.0375,true,1,125574
7290011223229,false,"טואלט דאק ג'ל לאסלה טיפות טל רעננות 55 מ""ל","איטיליאן פוד, אס.פי.",IT,ט.ד ג'ל אסלה טיפות ט,מיליליטרים,55.00,"100 מ""ל",false,,10.90,0.1982,true,1,107743
7290011223243,false,"טואלט דאק ג'ל לאסלה בניחוח לבנדר 55 מ""ל","איטיליאן פוד, אס.פי.",IT,ט.ד ג'ל אסלה ניחוח ל,מיליליטרים,55.00,"100 מ""ל",false,,10.90,0.1982,true,1,107745
7290011233068,false,עוגת אגוזים/הונגרי,,,עוגת אגוזים/הונגרי,יחידה,0.00,יחידה,false,,39.90,0.0000,true,1,203334
7290011233082,false,עוגת פרג ענת טרלובסקי 700ג',,,עוגה של ענת טרלובסקי,יחידה,0.00,יחידה,false,,39.90,0.0000,true,1,144838
7290011233099,false,עוגת נשיקולד ענת טרלובסקי 300 גרם,,,העוגיות של ענת,גרמים,330.00,100 גרם,false,,39.90,0.1209,true,1,144839
7290011249212,false,וופל עלמה בלגי לימון 200 גר' ללא סוכר,"גילרו בע""מ",IL,וופל גילרו 200 גר' ב,גרמים,200.00,100 גרם,false,,3.20,0.0160,true,1,137225
7290011249748,false,רולים גלילי ופל במילוי קרם שוקולד 100 ג' עלמה,"גילרו בע""מ",IL,רולים גלילי וופל בטע,גרמים,100.00,100 גרם,false,,3.50,0.0350,true,1,148683
7290011249755,false,רולים גלילי ופל במילוי קרם אגוזים 100 ג' עלמה,"גילרו בע""מ",IL,רולים אגוזים 100 גר',גרמים,100.00,100 גרם,false,,3.50,0.0350,true,1,149500
7290011303570,false,מעדן רימון דודה ברטה,,IL,מעדן ללא סוכר רימון,גרמים,284.00,100 גרם,false,,13.90,0.0489,true,1,260275
7290011303587,false,קונפיטורה ללא סוכר ת,,IL,קונפיטורה ללא סוכר ת,גרמים,284.00,100 גרם,false,,13.90,0.0489,true,1,261531
7290011312381,false,פטריות חורש למנגל 320 ג',"מרינה פטריות הגליל בע""מ",IL,סטייק פורטובלה,יחידה,0.00,יחידה,false,,14.90,0.0000,true,1,190496
7290011332983,false,מגבונים לניקוי אף מגבונאף קמיל בלו- מארז שלישייה,"ד""ר פישר Dr fischer",IL,"מגבונים לניקוי אף ד""",יחידה,0.00,יחידה,false,,24.90,0.0000,true,1,113073
7290011343002,false,שמן זית קורנייקי 750,,,שמן זית קורנייקי 750,מיליליטרים,750.00,"100 מ""ל",false,,45.90,0.0612,true,1,138651
7290011343019,false,שמן זית שמן הבית 750,,,שמן זית שמן הבית 750,מיליליטרים,750.00,"100 מ""ל",false,,45.90,0.0612,true,1,138653
7290011343033,false,שמן זית לצינו 750 מל,,,שמן זית לצ'ינו 750מל,מיליליטרים,750.00,"100 מ""ל",false,,45.90,0.0612,true,1,138652
7290011343064,false,"שמן זית סורי 750 מ""ל",,,ארץ גשום- שמן סורי,מיליליטרים,750.00,"100 מ""ל",false,,45.90,0.0612,true,1,201923
7290011343194,false,"שמן זית ארבקינה 750 מ""ל",,,"שמן זית 750 מ""ל",יחידה,0.00,יחידה,false,,45.90,0.0000,true,1,148696
7290011378028,false,חלבה קלאסית וניל ללא תוספת סוכר בארכה 350 גרם,רושדי תעשיות מזון בע,IL,חלבה בארכה שומשום לל,גרמים,350.00,100 גרם,false,,15.90,0.0454,true,1,113045
7290011378233,false,בארכה מאגדת חטיפי חלווה וניל ל.סוכר 120גר,רושדי תעשיות מזון בע,IL,מאגדת 6 חטיפי חלבה ל,גרמים,108.00,100 גרם,false,,11.90,0.1102,true,1,144112
7290011378257,false,חטיף חלבה בטעם וניל ללא תוספת סוכר בתוספת פיסטוק ופקאן,רושדי תעשיות מזון בע,IL,מאגדת 6 חטיפי חלבה ל,גרמים,108.00,100 גרם,false,,11.90,0.1102,true,1,144113
7290011378769,false,בארכה - חטיף בקטנה חלבה וניל 20 גרם * 6,רושדי תעשיות מזון בע,IL,מאגדת 6 יחידות חטיף,יחידה,0.00,יחידה,false,,11.90,0.0000,true,1,139539
7290011378776,false,חלבה חטיף פיסטוק בארכה בקטנה מארז 126ג',רושדי תעשיות מזון בע,IL,מאגדת 6 יחידות חטיף,יחידה,0.00,יחידה,false,,11.90,0.0000,true,1,139540
7290011379018,false,מארז משפחתי שמפיניון 500 ג' מרינה,מרינה פטריות הגליל,IL,מארז פטריות צמד חמד,גרמים,500.00,100 גרם,false,,15.90,0.0318,true,1,123705
7290011379025,false,"פלפל צ'ילי ""מרינה""","מרינה פטריות הגליל בע""מ",IL,"פלפל צ'ילי ""מרינה""",יחידה,0.00,יחידה,false,,5.90,0.0000,true,1,124366
7290011379926,false,סלרי עלים ארוז יח,"מרינה פטריות הגליל בע""מ",IL,סלרי עלים ארוז,יחידה,0.00,יחידה,false,,6.90,0.0000,true,1,207938
7290011417468,false,"שום קלוף 1 ק""ג",,,"שום קלוף 1 ק""ג",קילוגרמים,1.00,"ק""ג",false,,25.00,25.0000,true,1,264178
7290011424329,false,זרעים אכיניצאה,,,זרעים אכיניצאה,יחידה,0.00,יחידה,false,,5.90,0.0000,true,1,216287
7290011424336,false,זרעים בזיליקום,,,זרעים בזיליקום,יחידה,0.00,יחידה,false,,5.90,0.0000,true,1,216288
7290011424398,false,זרעים היביסקוס אדום,,,זרעים היביסקוס אדום,יחידה,0.00,יחידה,false,,5.90,0.0000,true,1,216293
7290011424411,false,זרעים חסה ירוקה,,,זרעים חסה ירוקה,יחידה,0.00,יחידה,false,,5.90,0.0000,true,1,216295
7290011424473,false,זרעים אורגניים-מיקס,,,זרעים מיקס חסות,יחידה,0.00,יחידה,false,,5.90,0.0000,true,1,216301
7290011424497,false,זרעים אורגניים-מיקס,,,זרעים מיקס ירוקים,יחידה,0.00,יחידה,false,,5.90,0.0000,true,1,216303
7290011424510,false,זרעים מלון,,,זרעים מלון,יחידה,0.00,יחידה,false,,5.90,0.0000,true,1,216305
7290011424527,false,זרעים מליסה,,,זרעים מליסה,יחידה,0.00,יחידה,false,,5.90,0.0000,true,1,216306
7290011424565,false,זרעים אורגניים-עלי ס,,,זרעים עלי סלק,יחידה,0.00,יחידה,false,,5.90,0.0000,true,1,216310
7290011424589,false,זרעים אורגניים-עגבני,,,זרעים עגבניה שרי,יחידה,0.00,יחידה,false,,5.90,0.0000,true,1,216312
7290011424619,false,זרעים אורגניים-פטרוז,,,זרעים פטרוזיליה,יחידה,0.00,יחידה,false,,5.90,0.0000,true,1,216315
7290011424626,false,זרעים פלפל מתוק,,,זרעים פלפל מתוק,יחידה,0.00,יחידה,false,,5.90,0.0000,true,1,216316
7290011424633,false,זרעים אורגניים-פלפל,,,זרעים פלפל חריף,יחידה,0.00,יחידה,false,,5.90,0.0000,true,1,216317
7290011424657,false,זרעים אורגניים-צנוני,,,זרעים צנונית,יחידה,0.00,יחידה,false,,5.90,0.0000,true,1,216319
7290011424671,false,זרעים רוקט,,,זרעים רוקט,יחידה,0.00,יחידה,false,,5.90,0.0000,true,1,216321
7290011424695,false,זרעים שמיר,,,זרעים שמיר,יחידה,0.00,יחידה,false,,5.90,0.0000,true,1,216323
7290011424732,false,זרעים אורגניים-תרד,,,זרעים תרד,יחידה,0.00,יחידה,false,,5.90,0.0000,true,1,216326
7290011424749,false,זרעים אורגניים-גזר,,,זרעים גזר,יחידה,0.00,יחידה,false,,5.90,0.0000,true,1,216327
7290011424770,false,זרעים אורגניים-כובע,,,זרעים כובע נזיר,יחידה,0.00,יחידה,false,,5.90,0.0000,true,1,216330
7290011424787,false,זרעים אורגניים-אפונה,,,זרעים אפונה ריחנית,יחידה,0.00,יחידה,false,,5.90,0.0000,true,1,216331
7290011424800,false,זרעים אורגניים-ציפור,,,זרעים ציפורני חתול,יחידה,0.00,יחידה,false,,5.90,0.0000,true,1,216333
7290011438142,false,"משקה יטבתה אייס קפה בבקבוק אישי 350 מ""ל",שטראוס גרופ,IL,משקה אייס קפה 2%,מיליליטרים,350.00,"100 מ""ל",false,,6.30,0.0180,true,1,95854
7290011447014,false,מטרנה דייסת סלט פירות 200 גרם,קריות זול,IL,דייסת סלט פירות,גרמים,200.00,100 גרם,false,,13.90,0.0695,true,1,107179
7290011447267,false,מטרנה פרימיום חלבי שלב 1 700 גרם חיסכון,מטרנה תעשיות ש.מ,IL,מטרנה חלבי שלב1,גרמים,700.00,100 גרם,false,,60.00,0.0857,false,1,114565
7290011447304,false,מטרנה פרימיום חלבי שלב 3 700 גרם חיסכון,מטרנה תעשיות ש.מ,IL,מטרנה שלב 3 חלבי 700,גרמים,700.00,100 גרם,false,,60.00,0.0857,false,1,114432
7290011447359,false,תרכובת מזון המשך לפעוטות מהדרין שלב 1,מולינו ניקולי s.p.a,IL,מטרנה מהדרין שלב1 70,גרמים,700.00,100 גרם,false,,60.00,0.0857,false,1,115260
7290011447373,false,תרכובת מזון המשך לפעוטות מהדרין שלב 2,מטרנה תעשיות ש.מ,IL,מטרנה מהדרין 700גר ש,גרמים,700.00,100 גרם,false,,60.00,0.0857,false,1,114958
7290011447748,false,"מזון לחתולים יבש עם דגי אוקיינוס וטונה סופר קט 3 ק""ג",קריות זול,IL,"סופר קט 3 ק""ג דגי או",יחידה,3.00,יחידה,false,,52.90,17.6333,true,1,114079
7290011447908,false,"מזון לחתולים מלא טעם עוף וכבד סופר קט 3 ק""ג",קריות זול,IL,"סופר קט 3 ק""ג עוף כב",יחידה,3.00,יחידה,false,,52.90,17.6333,true,1,114080
7290011459031,false,נופר כחול לבן 10אטבי כביסה,cossato,IT,נופר-אטבי כביסה,יחידה,0.00,יחידה,false,,5.90,0.0000,true,1,139336
7290011459086,false,מקל עץ אורן הולנדי 1.5 מ',Buscioni,IT,"מקל עץ 150 ס""מ מצופה",יחידה,0.00,יחידה,false,,6.90,0.0000,true,1,139358
7290011459093,false,מטאטא גב עץ,,,מטאטא גב עץ,יחידה,0.00,יחידה,false,,24.90,0.0000,true,1,139350
7290011459123,false,מברשת מגהץ סגורה מינ,Ningbo cleaning indu,CN,מברשת מגהץ סגורה מינ,יחידה,0.00,יחידה,false,,5.90,0.0000,true,1,138769
7290011459147,false,מברשת שולחן גב עץ,,,מברשת שולחן גב עץ,יחידה,0.00,יחידה,false,,10.00,0.0000,true,1,217755
7290011459208,false,מגב מתכת רחב 60 הברגה,,,מגב מתכת רחב 60 הברג,יחידה,0.00,יחידה,false,,24.90,0.0000,true,1,139303
7290011459307,false,מגב קליק 40 סמ פטנט,רפקו,IL,מגב פטנט,יחידה,0.00,יחידה,false,,23.90,0.0000,true,1,138789
7290011459314,false,מטאטא לקה - ז.ס.,Mascot,IT,מטאטה לקה,יחידה,0.00,יחידה,false,,19.90,0.0000,true,1,139305
7290011459376,false,סט שירותים מונו מפואר,,,סט שרותים מונו מפואר,יחידה,0.00,יחידה,false,,17.50,0.0000,true,1,138798
7290011459390,false,מברשת שטיחים,,,מברשת שטיחים,יחידה,0.00,יחידה,false,,8.90,0.0000,true,1,217756
7290011459406,false,מברשת ניקוי ספות,,,מברשת ניקוי ספות,יחידה,0.00,יחידה,false,,10.90,0.0000,true,1,217757
7290011459437,false,מברשת כלים,ideal houseware,CN,מברשת כלים,יחידה,0.00,יחידה,false,,5.90,0.0000,true,1,138771
7290011459512,false,מברשת שירותים כפולה,Ningbo cleaning indu,CN,מברשת שירותים כפולה,יחידה,0.00,יחידה,false,,11.50,0.0000,true,1,138791
7290011459529,false,מגב חלון 22 מפואר,Pierina,IT,מגב חלון 22 מפואר,יחידה,0.00,יחידה,false,,9.90,0.0000,true,1,138772
7290011459628,false,סט שירותים,,,סט שירותים,יחידה,0.00,יחידה,false,,17.50,0.0000,true,1,261010
7290011459666,false,יעה + מקל מתקפל,,,יעה + מקל מתקפל,יחידה,0.00,יחידה,false,,17.50,0.0000,true,1,139354
7290011459956,false,מקל מתכת 1.5 מטר נופר,Metalstick,IT,מקל מתכת 150,יחידה,0.00,יחידה,false,,7.90,0.0000,true,1,140343
7290011459994,false,ארומה מפיץ ריח ויסקי,שגב,IL,מפיץ ריח ארומה נופר,מיליליטרים,100.00,"100 מ""ל",false,,9.90,0.0990,true,1,210976
7290011461058,false,גומא - מקלות ריחניים,יושלם,,ארומה בוקה,יחידה,0.00,יחידה,false,,19.90,0.0000,true,1,120808
7290011473006,false,קינואה אורגני לבנה 500 גרם,ארוז ע' תבואות,BO,קינואה אורגנית 500 ג,גרמים,500.00,100 גרם,false,,14.90,0.0298,true,1,139340
7290011473051,false,קוואקר עבה אורגני 500 גרם,ארוז ע' תבואות,GB,קוואקר אורגני תבואות,גרמים,500.00,100 גרם,false,,10.00,0.0200,true,1,141190
7290011473068,false,אורז פרא מעורב אורגני 500 גרם,תבואות,IL,אורז פרא מעורב אורגנ,גרמים,500.00,100 גרם,false,,16.90,0.0338,true,1,140139
7290011473082,false,אורז בסמטי מלא אורגני 500 גר,תבואות,IN,תבואות-אורז בסמטי מל,גרמים,500.00,100 גרם,false,,11.90,0.0238,true,1,141945
7290011473099,false,אורז עגול מלא אורגני 500 גר,תבואות,IT,אורז עגול מלא אורגני,מיליליטרים,500.00,"100 מ""ל",false,,9.90,0.0198,true,1,141921
7290011473129,false,גרעיני חמניות קלוף אורגני 300 גרם,אורז ע'י,CN,תבואות חמניות קלופות,גרמים,300.00,100 גרם,false,,10.90,0.0363,true,1,149947
7290011473136,false,גרעיני דלעת קלוף אורגני 300 גרם,תבואות,,גרעיני דלעת קלופים 3,גרמים,300.00,100 גרם,false,,16.90,0.0563,true,1,142164
7290011473181,false,עדשים שחורים אורגני 500 גרם תבאות,ארוז ע' תבואות,CA,עדשים שחורות אורגני,יחידה,0.00,יחידה,false,,15.00,0.0000,true,1,139278
7290011473198,false,"עדשים חומים אורגני 500 גרם ""תבואות""",,,תבואות עדשים חומים א,גרמים,500.00,100 גרם,false,,11.90,0.0238,true,1,147864
7290011473204,false,עדשים ירוקים אורגני 500 גרם,ארוז ע' תבואות,TR,תבואות עדשים ירוקות,גרמים,500.00,100 גרם,false,,11.90,0.0238,true,1,142522
7290011473211,false,"עדשים אדומים אורגני 500 גרם ""תבואות""",אורז ע'י,CN,עדשים אדומות אורגניו,גרמים,500.00,100 גרם,false,,11.90,0.0238,true,1,142515
7290011473228,false,אפונה ירוקה אורגנית 500 גרם,תבואות,,אפונה ירוקה אורגנית,גרמים,500.00,100 גרם,false,,10.00,0.0200,true,1,182244
7290011473242,false,פשתן זרעים אורגני 500 גרם,ארוז ע' תבואות,US,תבואות-פשתן אורגני,גרמים,500.00,100 גרם,false,,10.50,0.0210,true,1,141946
7290011473259,false,פשתן טחון אורגני 350 גר,תבואות,CN,תבואות פשתן טחון אור,גרמים,350.00,100 גרם,false,,11.90,0.0340,true,1,144945
7290011473266,false,אמרנט אורגני 500 גר תבואות ללא גלוטן,תבואות,,אמרט אורגני 500 גר',גרמים,500.00,100 גרם,false,,13.90,0.0278,true,1,141711
7290011473273,false,בורגול אורגני תבואות,תבואות,TR,בורגול אורגני 500 גר,גרמים,500.00,100 גרם,false,,8.90,0.0178,true,1,141646
7290011473280,false,חומוס אורגני תבואות,ארוז ע' תבואות,IL,חומוס אורגני תבואות,גרמים,500.00,100 גרם,false,,10.90,0.0218,true,1,140531
7290011473297,false,גריסי פנינה אורגנים 500 גרם,אורז ע'י,IT,גריסי פנינה אורגניים,גרמים,500.00,100 גרם,false,,10.00,0.0200,true,1,142516
7290011473310,false,פולי אזוקי אורגני 500 גרם,תבואות,CN,פולי אזוקי 500 גר' ת,גרמים,500.00,100 גרם,false,,12.90,0.0258,true,1,142141
7290011473327,false,שעועית מש אורגנית 500 גרם,ארוז ע' תבואות,CN,שעועית מש 500 גר',גרמים,500.00,100 גרם,false,,13.50,0.0270,true,1,141647
7290011473334,false,שעועית לבנה אורגנית 500 גרם,ארוז ע' תבואות,CN,שעועית לבנה אורגנית,גרמים,500.00,100 גרם,false,,11.90,0.0238,true,1,142686
7290011473358,false,שעועית שחורה אורגנית 500 גרם,תבואות,US,תבואות שעועית שחורה,גרמים,500.00,100 גרם,false,,11.00,0.0220,true,1,149941
7290011473365,false,תבואות דוחן אורגני,תבואות,US,תבואות דוחן אורגני,גרמים,500.00,100 גרם,false,,10.00,0.0200,true,1,149276
7290011473396,false,חיטת כוסמין אורגנית 500 גרם תבואות,תבואות,,חיטת כוסמין אורגנית,גרמים,500.00,100 גרם,false,,10.90,0.0218,true,1,182287
7290011473402,false,"קמח כוסמין מלא אורגני 500 גרם ""תבואות""",תבואות מוצרי מזון או,IT,קמח כוסמין מלא אורגנ,גרמים,500.00,100 גרם,false,,11.90,0.0238,true,1,137098
7290011473433,false,תבואת בר כוסמת אורגנ,אורז ע'י,CN,כוסמת אורגנית 500 גר,גרמים,500.00,100 גרם,false,,9.90,0.0198,true,1,142517
7290011473457,false,שומשום שחו אורגני 400 גרם,,,שומשום שחור אורגני 4,גרמים,400.00,100 גרם,false,,13.90,0.0348,true,1,151792
7290011473464,false,סובין שיבולת שועל אורגנית,תבואות,,סובין שיבולת שועל או,גרמים,400.00,100 גרם,false,,12.90,0.0323,true,1,143220
7290011473471,false,אורז בסמטי לבן אורגני 500 גרם,תבואות,IN,אורז בסמטי לבן אורגנ,גרמים,500.00,100 גרם,false,,11.90,0.0238,true,1,149943
7290011473495,false,שמרי בירה-פתיתים טבעי 200 גר,תבואות,,פתיתי בירה טבעי 200,גרמים,200.00,100 גרם,false,,22.90,0.1145,true,1,141648
7290011473525,false,אורז בר שחור טבעי 40,תבואות,US,אורז בר שחור טבעי 40,גרמים,400.00,100 גרם,false,,31.90,0.0797,true,1,141497
7290011473549,false,קמח קינואה אורגני 500 גר תבואות,תבואות,,קמח קינואה אורגני 50,גרמים,500.00,100 גרם,false,,15.90,0.0318,true,1,197665
7290011473563,false,פולי קקאו שלמים אורגני 200 גרם,תבואות,,פולי קקאו שלמים אורג,גרמים,200.00,100 גרם,false,,21.90,0.1095,true,1,198562
7290011473570,false,קמח חומוס טבעי 500 גרם תבואות,תבואות מוצרי מזון או,IL,קמח חומוס טבעי 500 ג,גרמים,500.00,100 גרם,false,,12.90,0.0258,true,1,141451
7290011473648,false,"סוכר חום אורגני 1 ק""ג ""תבואות""",תבואות,BR,תבואות-סוכר דמררה או,קילוגרמים,1.00,"ק""ג",false,,10.90,10.9000,true,1,139651
7290011473655,false,סוכר קנים אורגני 1 קילו,ארוז ע' תבואות,BR,סוכר קנים אורגני 1קג,קילוגרמים,1.00,"ק""ג",false,,9.90,9.9000,true,1,139267
7290011473723,false,הימליה דק שקית 1 קילו תבואות,,,מלח הימליה דק,קילוגרמים,1.00,"ק""ג",false,,14.90,14.9000,true,1,192210
7290011473730,false,"אורז פרא מעורב טבעי 1 ק""ג תבואות",אינפוסה רובי,IL,תבואות-אורז פרא מעור,קילוגרמים,1.00,"ק""ג",false,,17.50,17.5000,true,1,150458
7290011473860,false,שמרי בירה-אבקה טבעי 250 גר,תבואות,FR,שמרי בירה אבקה 250 ג,גרמים,250.00,100 גרם,false,,22.90,0.0916,true,1,189379
7290011473891,false,עדשים צהובים אורגני 500 גרם,תבואות,TR,עדשים צהוב אורגני 50,גרמים,500.00,100 גרם,false,,11.90,0.0238,true,1,151231
7290011473907,false,סובין חיטה טבעי 200 גרם,תבואות,IL,סובין חיטה 200 גר',גרמים,200.00,100 גרם,false,,4.90,0.0245,true,1,140017
7290011473969,false,קינואה טריו אורגנית 500 גרם,תבואות,BO,תבואות קינואה טריו א,גרמים,500.00,100 גרם,false,,21.90,0.0438,true,1,150459
7290011474003,false,שמן קוקוס אורגני כתית 300 גר תבואות,אדמג'י לוקומנג'י,,שמן קוקוס כתית אורגנ,מיליליטרים,300.00,"100 מ""ל",false,,18.90,0.0630,true,1,192754
7290011474058,false,ספגטי כוסמין מלא אורגני 500 ג',תבואות,,ספגטי כוסמין אורגני,גרמים,500.00,100 גרם,false,,18.90,0.0378,true,1,149957
7290011474102,false,"תערובת קטניות למרק אורגני 500 גרם ""תבואות""",גולי בגמברו,IL,תערובת קטניות אורגני,גרמים,500.00,100 גרם,false,,14.90,0.0298,true,1,149948
7290011474133,false,תערובת למגדרה אורגנית 500 גרם,גולי סגמברו,US,מג'דרה אורגנית 500 ג,גרמים,500.00,100 גרם,false,,15.00,0.0300,true,1,142687
7290011474256,false,מלח הימליה גס שקית 1 קילו תבואות,תבואות,,הימליה מלח גס שקית 1,קילוגרמים,1.00,"100 ק""ג",false,,14.90,14.9000,true,1,198245
7290011474362,false,קמח עדשים אורגני 500 גרם תבואות,תבואות,TR,תבואות-קמח עדשים אור,גרמים,500.00,100 גרם,false,,12.90,0.0258,true,1,147935
7290011474386,false,קוואקר דק אורגני 500 גרם,תבואות,,קוואקר אורגני דק 500,גרמים,500.00,100 גרם,false,,10.00,0.0200,true,1,149946
7290011474683,false,מגידרה קינואה אורגנית 500 גרם תבואות,תבואות,IL,מג'דרה קינואה אורגני,גרמים,500.00,100 גרם,false,,19.90,0.0398,true,1,149956
7290011474713,false,שבבי סויה טבעי 200 גרם תבואות,ארוז ע' תבואות,IL,תבואות שבבי סויה,גרמים,200.00,100 גרם,false,,7.50,0.0375,true,1,148290
7290011474898,false,סוכר קוקוס אורגני 300 גרם תבואות,תבואות,,תבואות-סוכר קוקוס או,גרמים,300.00,100 גרם,false,,13.90,0.0463,true,1,149655
7290011482138,false,"מי זהר 250 מ""ל",,,"מי זהר 250 מ""ל",מיליליטרים,250.00,"100 מ""ל",false,,13.90,0.0556,true,1,145486
7290011482145,false,"מי ורדים 250 מ""ל",לבריאות,,"מי ורדים 250 מ""ל",מיליליטרים,250.00,"100 מ""ל",false,,13.90,0.0556,true,1,145351
7290011482244,false,"סירופ מלבי 250 מ""ל",,,"סירופ מלבי 250 מ""ל",מיליליטרים,250.00,"100 מ""ל",false,,15.00,0.0600,true,1,198197
7290011498092,false,מרציפן נטו 56% 200 גרם,"אלמנדוס בע""מ",IL,מרציפן נטו 200 גרם,גרמים,200.00,100 גרם,false,,21.90,0.1095,true,1,211088
7290011498108,false,מרציפן נטו 75 גרם,שקד תבור,,מרציפן נטו 75 גר,גרמים,75.00,100 גרם,false,,8.90,0.1187,true,1,145958
7290011498283,false,אגוזי אדמה חמאה בוטנים 700 גר,שקד תבור,,חמאת בוטנים טבעית 70,גרמים,700.00,100 גרם,false,,21.90,0.0313,true,1,211093
7290011498351,false,ממרח אילסר אגוזי לוז,שקד תבור,IL,חמאת אגוזי לוז,גרמים,200.00,100 גרם,false,,24.90,0.1245,true,1,192243
7290011498580,false,מרציפן אורגני 200 גר שקד תבור,,,כיכר מרציפן אורגני 2,גרמים,200.00,100 גרם,false,,26.90,0.1345,true,1,211091
7290011498740,false,ממרח שקד מלא כבישה ק,"אלמונדס בע""מ",IL,ממרח שקדים מלא 300 ג,גרמים,300.00,100 גרם,false,,29.90,0.0997,true,1,144870
7290011498870,false,מארז חטיפי תמר במילוי חמאת שקדים 150 גרם,"אלמנדוס בע""מ",IL,מארז חטיפי תמר במילו,גרמים,150.00,100 גרם,false,,14.90,0.0993,true,1,211110
7290011498887,false,מארז חטיפי תמר במילוי חמאת קוקוס 150 גרם,"אלמנדוס בע""מ",IL,מארז חטיפי תמר במילו,גרמים,150.00,100 גרם,false,,14.90,0.0993,true,1,211111
7290011498894,false,מארז חטיפי תמר במילוי חמאת בוטנים 150 גרם,שקד תבור,IL,מארז חטיפי תמר במילו,גרמים,150.00,100 גרם,false,,14.90,0.0993,true,1,211112
7290011498900,false,מארז חטיפי תמר במילוי חמ.שקדים בציפוי שוקולד 100% קקאו 150 גרם,"אלמנדוס בע""מ",IL,מארז חטיפי תמר במילו,גרמים,150.00,100 גרם,false,,16.90,0.1127,true,1,211128
7290011498917,false,מארז חטיפי תמר במילוי חמ.קוקוס בציפוי שוקולד 100% קקאו 150 גרם,שקד תבור,IL,מארז חטיפי תמר במיל,גרמים,150.00,100 גרם,false,,16.90,0.1127,true,1,211167
7290011498955,false,חמאת בוטנים שקד תבור,שקד תבור,IL,חמאת בוטנים טבעית,גרמים,300.00,100 גרם,false,,10.90,0.0363,true,1,192069
7290011498962,false,ממרח שקד לבן כבישה ק,שקד תבור,IL,ממרח שקד לבן 300 גר,גרמים,300.00,100 גרם,false,,29.90,0.0997,true,1,144871
7290011498979,false,שקד לבן בתוספת סיבים 300 גרם,שקד תבור,,ממרח שקד לבן מועשר,גרמים,300.00,100 גרם,false,,29.90,0.0997,true,1,193168
7290011498986,false,מארז חטיפי תמר במילוי חמאת קשיו בציפוי שוקולד 100% קקאו,שקד תבור,,מארז חטיפי תמר במילו,גרמים,150.00,100 גרם,false,,16.90,0.1127,true,1,192070
7290011498993,false,חמאת קשיו לבן 300 גרם,שקד תבור,,ממרח קשיו לבן,גרמים,300.00,100 גרם,false,,27.90,0.0930,true,1,192071
7290011499051,false,פטה כבשים מסורתית 20% בגביע 250 גרם - רובין,MKN עבור מחלבות גד ב,IL,פטה כבשים גביע גד 25,גרמים,250.00,100 גרם,false,,26.70,0.1068,true,1,104295
7290011499105,false,בולגרית מסורתית 5% 250 גרם -רבנות,ג'נרל מילס סאן אדריא,IL,בולגרית 5% 250גר,גרמים,250.00,100 גרם,false,,22.70,0.0908,true,1,99874
7290011499112,false,בולגרית מסורתית 16% 250 גרם - רבנות,"מיוצר ע""י dsh",IL,בולגרית 16% 250גר,גרמים,250.00,100 גרם,false,,23.20,0.0928,true,1,119871
7290011499129,false,גבינה בולגרית מעודנת קוביות קטנות 5% גד 200 גרם,קוד יצרן DSH,IL,קוביות בולגרית מעודנ,גרמים,200.00,100 גרם,false,,22.90,0.1145,true,1,112125
7290011499303,false,פטה עיזים מעודנת 5% בגביע 250 גרם - רבנות,ג'נרל מילס סאן אדריא,IL,בולגרית מעודנת עיזים,גרמים,250.00,100 גרם,false,,29.00,0.1160,true,1,115582
7290011499327,false,גבינה בולגרית מעודנת 5% 250 גרם - רבנות,מיוצר על ידי DSH עבו,IL,בולגרית מעודנת חלב ב,גרמים,250.00,100 גרם,false,,23.20,0.0928,true,1,115584
7290011499358,false,גבינת פטה עיזים 20% גד 200 גרם,מיוצר על ידי קוד יצר,IL,פטה עיזים 20% 200 גר,גרמים,200.00,100 גרם,false,,25.90,0.1295,true,1,116369
7290011499365,false,גד חלומי 24% 200 גרם רובין,"מחלבות גד בע""מ",IL,גבינת חלומי 24% 200,גרמים,200.00,100 גרם,false,,21.90,0.1095,true,1,116204
7290011499419,false,גבינה במרקם שמנת בטעם טבעי 5% ניו יורק,מחלבות גד,IL,גבינת קרם שמנת ניו י,גרמים,200.00,100 גרם,false,,12.00,0.0600,true,1,120085
7290011499525,false,גבינת לאבנה דרוזית 9% גד 500 גרם,מחלבות גד בעמ,IL,לאבנה 9% גד,גרמים,500.00,100 גרם,false,,19.50,0.0390,true,1,121231
7290011499624,false,שמנת 30% ניו יורק טבעי 200 גרם רבנות,מחלבות גד,IL,גבינת שמנת בטעם טבעי,גרמים,200.00,100 גרם,false,,13.20,0.0660,true,1,128059
7290011499846,false,גבינת ריקוטה פרסקה 9% גד 300 גרם,מחלבות גד בעמ,IL,ריקוטה פרסקה גד,גרמים,300.00,100 גרם,false,,17.90,0.0597,true,1,128296
7290011505141,false,מטלית הפלא לרצפות 2יח' ענק,יוניסן,,מטלית הפלא לרצפות 2,יחידה,0.00,יחידה,false,,21.90,0.0000,true,1,145941
7290011515683,false,טילונים אקסטרים וניל מאגדת 6יח',תות תעשיות מזון (201,IL,מאגדת טילון אקסטרים,גרמים,432.00,100 גרם,false,,32.00,0.0741,true,1,100693
7290011515911,false,שלגון לייט ריבת חלב מאגדת 6 יח',גלידות נסטלה (נגה גל,IL,מאגדת שלגון לייט ריב,גרמים,312.00,100 גרם,false,,26.90,0.0862,true,1,118888
7290011518561,false,"אקטימל תות משפחתי מארז 14X100מ""ל",מיוצר עי קונדיטוריית,IL,אקטימל תות 1.5% מארז,ליטרים,1.40,ליטר,false,,29.90,21.3571,false,1,95868
7290011524548,false,גרגירי חומוס 800 ג' פרי הגליל,"פרי הגליל בע""""מ",IL,גרגירי חומוס 800 גר',גרמים,800.00,100 גרם,false,,11.90,0.0149,true,1,125068
7290011524555,false,שעועית לבנה אפויה 800 ג' פרי הגליל,"פרי הגליל בע""""מ",IL,שעועית לבנה מבושלת 8,גרמים,800.00,100 גרם,false,,11.90,0.0149,true,1,125069
7290011524968,false,פולי סויה מוקפאים Green & Fresh,גרין אנד פרש Green & Fresh,IL,"פולי סויה 1 ק""ג פרי",קילוגרמים,1.00,"ק""ג",false,,14.50,14.5000,true,1,206774
7290011525316,false,"ד""ר פישר - קמיל בלו סנסיטיב תחליב לתינוק שיבולת 500 מ""ל","ד""ר פישר Dr fischer",IL,קמיל בלו תחליב סנסטי,יחידה,500.00,יחידה,false,,27.90,0.0558,true,1,135601
7290011525323,false,אל סבון טיפולי לתינוק קמיל בלו סנסטיב שיבולת שועל,"ד""ר פישר Dr fischer",IL,קמיל בלו סנסטיב,יחידה,500.00,יחידה,false,,19.90,0.0398,true,1,134297
7290011525712,false,"קמיל בלו אל סבון סנסיטיב לפני השינה ד""ר פישר 1 ליטר","ד""ר פישר Dr fischer",IL,קמיל בלו סנסיטיב אל,ליטרים,1.00,ליטר,false,,29.90,29.9000,true,1,125412
7290011525729,false,שמפו לתינוק קמיל בלו סנסטיב לפני השינה עם לבנדר וקמומיל,"ד""ר פישר Dr fischer",IL,קמיל בלו סנסיטיב לפנ,ליטרים,1.00,ליטר,false,,29.90,29.9000,true,1,125413
7290011530358,false,שייק איט 450 גרם friday מיקס פירות קפוא,"הבו-קדו בע""מ",IL,שייק איט כתום,גרמים,450.00,100 גרם,false,,29.90,0.0664,true,1,215742
7290011530471,false,"פולי סויה - אדממה 1 ק""ג בד""צ",,CN,"פולי סויה אדממה 1 ק""",קילוגרמים,1.00,"ק""ג",false,,16.90,16.9000,true,1,215136
7290011530488,false,שייק איט 450 גר saturday מיקס פירות קפוא,"הבו-קדו בע""מ",IL,שייק איט,גרמים,450.00,100 גרם,false,,29.90,0.0664,true,1,215828
7290011530525,false,מיקס פירות קפואים שייק איט צהוב - 3*150 ג',"הבו-קדו בע""מ",IL,שייק איט צהוב Tuesda,גרמים,150.00,100 גרם,false,,29.90,0.1993,true,1,212991
7290011530532,false,מיקס פירות קפואים שייק איט ירוק - 3*150 ג',"הבו-קדו בע""מ",IL,שייק איט ירוק monday,גרמים,150.00,100 גרם,false,,29.90,0.1993,true,1,212992
7290011530549,false,מיקס פירות קפואים שייק איט ורוד - 3*150 ג',"הבו-קדו בע""מ",IL,שייק איט ורוד Sunday,גרמים,150.00,100 גרם,false,,29.90,0.1993,true,1,212993
7290011530747,false,מיקס פירות קפואים שייק איט סגול - 3*150 ג',"הבו-קדו בע""מ",IL,שייק איט יום רביעי,גרמים,150.00,100 גרם,false,,29.90,0.1993,true,1,212995
7290011530945,false,קרפציו עגל 210 גרם קפוא,בלדי,IL,קרפציו עגל 210 גר' ב,גרמים,210.00,100 גרם,false,,36.90,0.1757,true,1,210332
7290011570507,false,"קמח נטול גלוטן כרגיל 1 ק""ג",אשבל -מזון פונקציונל,IL,קמח נטול גלוטן 450 ג,גרמים,450.00,100 גרם,false,,17.90,0.0398,true,1,148982
7290011570644,false,קמח כרגיל נטול גלוטן ללחם 500 גרם,אשבל מזון פונקציונאל,IL,קמח לחם כרגיל ללא גל,גרמים,500.00,100 גרם,false,,17.90,0.0358,true,1,186391
7290011570781,false,תערובת להכנת עוגה בטעם וניל ללא גלוטן,אשבל -מזון פונקציונל,IL,קמח כרגיל ללא גלוטן,גרמים,450.00,100 גרם,false,,17.90,0.0398,true,1,194236
7290011570798,false,תערובת להכנת עוגה בטעם שוקולד ללא גלוטן,אשבל -מזון פונקציונל,IL,קמח כרגיל ללא גלוטן,גרמים,450.00,100 גרם,false,,17.90,0.0398,true,1,194363
7290011570934,false,תערובת להכנת פנקייק ללא גלוטן 500 ג',אשבל מזון פונקציונאל,IL,תערובת להכנת פנקייק,גרמים,400.00,100 גרם,false,,17.90,0.0447,true,1,203005
7290011575007,false,"הפי מרסס שומר ברק למקלחון 750 מ""ל",יעקובי הפי,DE,הפי לאמבט ולמקלחון,מיליליטרים,750.00,"100 מ""ל",false,,19.90,0.0265,true,1,103394
7290011575526,false,מטלית מיקרופייבר לרצ,סי.פי.קנג,,מטלית מיקרופייבר לרצ,יחידה,500.00,יחידה,false,,13.90,0.0278,true,1,115760
7290011575755,false,סופר גלו ג'ל - לוקטייט,יעקבי- סופר גלו Super Glue,DE,סופר גלו ג'ל,יחידה,0.00,יחידה,false,,11.90,0.0000,true,1,198731
7290011587581,false,פילה אנשובי צנצנת תו,קומפניה אמריקנה,PE,אנשובי צנצנת תומר 10,גרמים,100.00,100 גרם,false,,11.50,0.1150,true,1,207950
7290011587703,false,עגבניות מיובשות פסטו חריף תומר 340ג',תומר,IL,תומר-עגבניות מיובשות,גרמים,340.00,100 גרם,false,,12.90,0.0379,true,1,197202
7290011587833,false,חצאי עגבניות מיובשות מתובלות בשמן חמניות ועשבי תיבול,Sunto gida sun ve ti,,עגבניות מיובשות בשמ,גרמים,8.45,100 גרם,false,,12.90,1.5266,true,1,212381
7290011598211,false,"סנו - אנטי קאלק מרסס ניקוי כללי 4 ב-1 700 מ""ל",מיוצר עי קונדיטוריית,IL,סנו אנטי קאלק 4 באחד,מיליליטרים,700.00,"100 מ""ל",false,,18.90,0.0270,false,1,108603
7290011598259,false,"פרש מטהר אוויר אוטומטי בניחוח מאסק סנו 250 מ""ל",סנו מפעלי ברונוס בעמ,IL,סנו פרש אוטומטיק ג'י,מיליליטרים,250.00,"100 מ""ל",false,,14.90,0.0596,true,1,115889
7290011598365,false,מטליות מקרופייבר מקצועיות 4 יח' סנו סושי,סנו סושי,IL,מטליות סנו סושי מיקר,יחידה,0.00,יחידה,false,,15.90,0.0000,true,1,108607
7290011598372,false,"מטלית מקצועית לריצפה פרופישיונל ""סנו סושי""",סנו מפעלי ברונוס.,CN,מטלית מיקרופייבר לרצ,יחידה,0.00,יחידה,false,,11.90,0.0000,true,1,108608
7290011598402,false,מקסימה מרכך כביסה ארומתרפי מאסק סנו 4 ליטר,סנו מקסימה,IL,מרכך סנו מקסימה 4 לי,ליטרים,4.00,ליטר,false,,21.90,5.4750,false,1,111657
7290011607180,false,"אבקת כביסה קולון 101 1.25 ק""ג",ריקט בנקיזר ( ניר אי,IL,קולון 101 1.25קג',יחידה,1.25,יחידה,false,,11.90,9.5200,false,1,104667
7290011615260,false,"טורטייה 20 ס""מ קוטר וילי פוד 540 גר",מוטלוקל גידה סאנאי ט,TR,טורטיה וילי פוד 540ג,גרמים,540.00,100 גרם,false,,9.90,0.0183,true,1,121781
7290011618025,false,בייבי ביס הוט קידס נגיסי אורז לתינוק,גואנז'ו יונג וואנט פ,CN,נגיסי אורז לתינוקות,גרמים,50.00,100 גרם,false,,13.90,0.2780,true,1,133488
7290011618124,false,נגיסי אורז לתינוקות בטעם ירקות,גואנז'ו יונג וואנט פ,CN,נגיסי אורז לתינוקות,גרמים,50.00,100 גרם,false,,13.90,0.2780,true,1,112981
7290011618131,false,"בייבי ביס חטיף אורז כשל""פ בטעם גזר",גואנז'ו יונג וואנט פ,CN,נגיסי אורז לתינוקות,גרמים,50.00,100 גרם,false,,13.90,0.2780,true,1,112982
7290011622305,false,כתמטמינים חטיף לתינוקות אצבעות בוטנים ותירס - רביעיה,הארט Heart,IL,מארז 4 כתמטמינים 20,גרמים,80.00,100 גרם,false,,12.90,0.1613,true,1,191396
7290011622442,false,טבעונים - חטיף טבעות דגנים מלאים בטעם טבעי 45 גרם,הארט Heart,IL,חטיף טבעות דגנים מלא,גרמים,45.00,100 גרם,false,,6.90,0.1533,true,1,139407
7290011622664,false,כתמטמינים - חטיף אצבעות טחינה אורז ותירס 45 גרם,אלס נוטרישן,IL,כתמטמינים טחינה 45 ג,גרמים,45.00,100 גרם,false,,6.90,0.1533,true,1,200324
7290011622756,false,ביסקוויטמינים פלוס בטעם שוקולד 150 גרם,אלס נוטרישן,IL,ביסקוויטמינים פלוס ש,גרמים,150.00,100 גרם,false,,15.90,0.1060,true,1,213054
7290011622763,false,ביסקוויטמינים פלוס בטעם וניל 150 גרם,מולינו ניקולי s.p.a,IL,ביסקוויטמינים פלוס ו,גרמים,150.00,100 גרם,false,,15.90,0.1060,true,1,211595
7290011622770,false,אצבעונים - פלוס בטעם וניל 130 גרם,,IL,אצבעונים פלוס,גרמים,130.00,100 גרם,false,,21.90,0.1685,true,1,213569
7290011668136,false,מסיכה לשיער מחליקה 1 ליטר פנינה רוזנבלום,פנינה רוזנבלום PR,IL,"מסיכה מחליקה 1 ק""ג",קילוגרמים,1.00,"ק""ג",false,,29.90,29.9000,true,1,118149
7290011668143,false,מסיכה משקמת ומטפחת לשיער צבוע ופגום,פנינה רוזנבלום PR,IL,"מסיכה משקמת 1 ק""ג",קילוגרמים,1.00,"ק""ג",false,,29.90,29.9000,true,1,118150
7290011668570,false,בריא מהטבע גרנולה פירות יבשים 450 גרם פנינה רוזנבלום,בריא מהטבע פנינה רוזנבלום,IL,גרנולה פירות יבשים 4,גרמים,450.00,100 גרם,false,,28.90,0.0642,true,1,138286
7290011668587,false,בריא מהטבע גרנולה בטעם עשיר 500 גרם פנינה רוזנבלום,בריא מהטבע פנינה רוזנבלום,IL,גרנולה טעם עשיר 500,גרמים,500.00,100 גרם,false,,28.90,0.0578,true,1,138287
7290011668594,false,בריא מהטבע תוספת בריאה לסלט 550 גרם פנינה רוזנבלום,בריא מהטבע פנינה רוזנבלום,IL,תוספת בריאה לסלט 550,גרמים,550.00,100 גרם,false,,39.90,0.0725,true,1,138288
7290011695224,false,"רוטב צ'ילי מתוק 700 מ""ל",BAAECO,,רוטב צ'ילי מתוק 700מ,מיליליטרים,700.00,"100 מ""ל",false,,9.90,0.0141,true,1,139276
7290011695545,false,אלפא אטבים איכותיים 55 יח`,ZHEJANG LONGQUAN,,אטבי כביסה,יחידה,0.00,יחידה,false,,9.90,0.0000,true,1,150276
7290011695620,false,סירופ מייפל טופ 700ג',מיטב תעשיות,,סירופ בטעם מייפל,גרמים,700.00,100 גרם,false,,10.90,0.0156,true,1,140061
7290011695637,false,סירופ שוקולד טופ 700 גר',מיטב תעשיות,IL,סירופ בטעם שוקולד,גרמים,700.00,100 גרם,false,,10.90,0.0156,true,1,140062
7290011695651,false,צנימים עגולים 300 גרם נאמן,S.P.A ניולט,IL,צנימים עגולים,גרמים,300.00,100 גרם,false,,10.90,0.0363,true,1,122170
7290011695958,false,"חומץ תפוחים נאמן 750 מ""ל",הילל תעשיות,,חומץ תפוחים 750מל,מיליליטרים,750.00,"100 מ""ל",false,,11.90,0.0159,true,1,139453
7290011717001,false,לחם בריאות ללא חומר,ג.א.ל שרותי ארוחות,,לחם בריאות,גרמים,650.00,100 גרם,false,,13.90,0.0214,true,1,113334
7290011723101,false,טחינה הר ברכה 1 ליטר,הר ברכה תעשיות,,טחינה הר ברכה 950 גר,גרמים,950.00,100 גרם,false,,34.90,0.0367,true,1,147355
7290011723200,false,טחינה הר ברכה 100% שומשום טהור 500 גר,טחינה הר ברכה בעמ,IL,טחינה הר ברכה 450 גר,גרמים,450.00,100 גרם,false,,17.90,0.0398,true,1,147356
7290011728007,false,נאצוס תירס טבעי טרז פזוס 180 גרם,,IL,נאצ'וס תירס 180 גר',גרמים,180.00,100 גרם,false,,18.90,0.1050,true,1,199346
7290011728298,false,חלפיניו ירוק פרוס עם בצל 195 גר,"דוידוב סלמון בע""מ",IL,חלפניו ירוק פרוס עם,גרמים,195.00,100 גרם,false,,24.90,0.1277,true,1,203684
7290011728724,false,סלסה עגבניות חרוכות 200 גרם,,IL,סלסה עגבניות חרוכות,גרמים,200.00,100 גרם,false,,18.90,0.0945,true,1,203686
7290011728915,false,קמח תירס מינסה ללג ו,טרס פזוס,IL,קמח תירס מינסה ללא ג,גרמים,400.00,100 גרם,false,,15.90,0.0398,true,1,207207
7290011743833,false,"משחת שיניים פרונאמל סנסודיין 75 מ""ל",גלקסו סמית קליין,GB,סנסודיין פרונאמל 75מ,מיליליטרים,75.00,"100 מ""ל",false,,25.90,0.3453,true,1,113580
7290011744885,false,"אקווה פרש משחת שיניים ילדים לשיני חלב 50 מ""ל",גלקסו סמית קליין,SK,אקוה פרש ילדים שני ח,מיליליטרים,50.00,"100 מ""ל",false,,15.90,0.3180,true,1,121374
7290011745707,false,משחת שיניים פרונמל Pro namel לילדים לגילאי 6-12,גלקסו סמית קליין,SK,סנסודיין פרונאמל ילד,מיליליטרים,50.00,"100 מ""ל",false,,15.90,0.3180,true,1,121056
7290011765071,false,ג'ל גילוח לעור רגיל לחות והגנה Moisture,טרופיקל דגיל תעשיות,TR,קרמה ג'ל גילוח כתום,מיליליטרים,200.00,"100 מ""ל",false,,10.90,0.0545,true,1,113431
7290011765088,false,ג'ל גילוח לעור רגיל מנטול Cool,טרופיקל דגיל תעשיות,TR,קרמה ג'ל גילוח כחול,מיליליטרים,200.00,"100 מ""ל",false,,12.90,0.0645,true,1,115310
7290011765095,false,קרמה מן גל גילוח אלוורה ירוק 200 מל,טרופיקל דגיל תעשיות,TR,קרמה ג'ל גילוח ירוק,מיליליטרים,200.00,"100 מ""ל",false,,12.90,0.0645,true,1,114388
7290011765118,false,קצף גילוח קרמה מן דליקט 200 מל,"אביאפ, איסטנבול, תור",TR,קרמה קצף גילוח ירוק,מיליליטרים,200.00,"100 מ""ל",false,,12.90,0.0645,true,1,113432
7290011765200,false,"סנו מדיק ג'ל לניקוי ידיים עם אולוורה 300 מ""ל",גוד פוד פרודקטס S.p,IL,ג'ל אלוורה לניקוי יד,מיליליטרים,300.00,"100 מ""ל",false,,15.90,0.0530,true,1,114112
7290011765217,false,"סנו מדיק ג'ל לניקוי ידיים אלוורה 100 מ""ל",גוד פוד פרודקטס S.p,IL,ג'ל לניקוי ידיים עם,מיליליטרים,100.00,"100 מ""ל",false,,10.00,0.1000,true,1,138068
7290011765392,false,"בוב ספוג שמפו לשיער לסירוק קל כיף 750 מ""ל",טרופיקל דגיל תעשיות,IL,שמפו כיף בוב ספוג 75,מיליליטרים,750.00,"100 מ""ל",false,,11.90,0.0159,true,1,108614
7290011765408,false,"בוב ספוג שמפו ומרכך לשיער לסירוק קל כיף 750 מ""ל",קוסמופארם בע''מ,IL,שמפו מרכך כיף בוב ספ,מיליליטרים,750.00,"100 מ""ל",false,,11.90,0.0159,true,1,108615
7290011765415,false,"כיף - בוב ספוג מרכך שיער 750 מ""ל",קוסמופארם,IL,מרכך כיף בוב ספוג 75,מיליליטרים,750.00,"100 מ""ל",false,,11.90,0.0159,true,1,112508
7290011765446,false,משחת שיניים לילדים בוב ספוג בטעם מיץ ענבים עם פלואוריד למניעת עששת,טרופיקל דגיל קוסמטיק,IL,משחת שיניים אורביטול,גרמים,50.00,100 גרם,false,,9.90,0.1980,false,1,108618
7290011765613,false,סנו מסיר עובש בניחות לימון מתז 1 ל',סנו,IL,סנו מסיר עובש בניחוח,ליטרים,1.00,ליטר,false,,17.90,17.9000,true,1,206009
7290011800840,false,רפי כהן סלט טחינה בלאדי צבר 400 גרם,רפי כהן / צבר,IL,טחינה לבנה רפי,גרמים,400.00,100 גרם,false,,15.90,0.0398,true,1,120999
7290011830007,false,סוכר קנים אורגני חום 1 קג,השדה מוצרים אורגניים,IN,"סוכר חום אורגני 1 ק""",קילוגרמים,1.00,"ק""ג",false,,11.90,11.9000,true,1,149495
7290011830168,false,פירורי לחם אורגני ק.כוסמין שקית 200 גרם,השדה מוצרים טבעיים ו,,פירורי לחם אורגניים,גרמים,200.00,100 גרם,false,,12.90,0.0645,true,1,194667
7290011830243,false,אטריות אורג. ללא גלוטן מאורז תאילנדי 250,דולפין ספא,CN,אטריות אורגניות מאור,גרמים,250.00,100 גרם,false,,14.90,0.0596,true,1,134486
7290011830267,false,אטריות אורגניות ללא גלוטן מאורז מלא 250,השדה מוצרים טבעיים ו,CN,אטריות אורגניות מאור,גרמים,250.00,100 גרם,false,,14.90,0.0596,true,1,134487
7290011830564,false,ביסקוויט פתי בר כוסמין אורגני,השדה מוצרים אורגניים,IL,פתיבר כוסמין אורגני,גרמים,200.00,100 גרם,false,,11.90,0.0595,true,1,194662
7290011830601,false,פינגווינים חטיף אורגני להקפאה בטעמים 400,דולפין ספא,IT,פינגווינים חטיף פרי,גרמים,400.00,100 גרם,false,,13.90,0.0348,true,1,166915
7290011830991,false,צ'יקי מאנקי חטיף בוטנים אורגני 60 גרם ללא גלוטן,השדה מוצרים טבעיים ו,,חטיף צ'קי מאנקי,גרמים,60.00,100 גרם,false,,6.50,0.1083,true,1,198007
7290011876388,false,קציצות עוף ובקר מאמא עוף 600 גרם,תנובה גליל שותפות מו,IL,קציצות בקר ועוף 600,גרמים,600.00,100 גרם,false,,28.90,0.0482,false,1,140131
7290011877088,false,"רדיד אלומיניום רוחב 30 ס""מ, 18 מיקרון - מארז זוג",בורסה פאזרי,TR,סנו סושי צמד רדידי א,יחידה,0.00,יחידה,false,,16.90,0.0000,true,1,137150
7290011877095,false,"רדיד אלומיניום רוחב 45 ס""מ סנו סושי 2*7.5 מטר",בורסה פאזרי,TR,זוג רדיד אלומיניום ס,יחידה,0.00,יחידה,false,,22.00,0.0000,true,1,137892
7290011877101,false,"סנומוד מטהר אוויר מאסק סנו 150 מ""ל",מיוצר עי קונדיטוריית,IL,סנו מוד,מיליליטרים,150.00,"100 מ""ל",false,,12.90,0.0860,true,1,115066
7290011877156,false,"מבשם אוויר, בגדים וארונות פרש בניחוח מאסק",מיוצר עי קונדיטוריית,IL,סנופרש ענק בניחוח מא,מיליליטרים,375.00,"100 מ""ל",false,,13.50,0.0360,true,1,117087
7290011877835,false,שקיות ואקום לאחסון XXL סנו סושי 2 יחידות,מיוצר עי קונדיטוריית,TR,סנו סושי אריזות ואקו,יחידה,0.00,יחידה,false,,23.90,0.0000,true,1,115267
7290011877842,false,שקיות ואקום לאחסון XXXL+L סנו סושי 2 יחידות,סנו סושי,,סנו סושי אריזות ואקו,יחידה,0.00,יחידה,false,,23.90,0.0000,true,1,115311
7290011877859,false,סנו אינסטלטור חדש פותח סתימות 200ג',מיוצר עי קונדיטוריית,IL,סנו אינסטלטור,מיליליטרים,200.00,"100 מ""ל",false,,13.90,0.0695,true,1,118537
7290011877866,false,"מקסימה אבקת כביסה בניחוח מאסק סנו 6 ק""ג","איי, בי, אינבוו",IL,"מקסימה 6 ק""ג מאסק",קילוגרמים,6.00,"ק""ג",false,,49.90,8.3167,false,1,116682
7290011878351,false,תמרים מגהול 400 גרם אורגני,,,תמרים מג'הול 400 גרם,גרמים,400.00,100 גרם,false,,27.90,0.0697,true,1,199884
7290011878368,false,תמרים זהידי 400 גרם,,,תמרים זהידי,גרמים,400.00,100 גרם,false,,15.90,0.0398,true,1,206904
7290011878375,false,תמרים דקל נור 400 גרם,,,תמרים דקל נור 400 גר,גרמים,400.00,100 גרם,false,,16.90,0.0422,true,1,197609
7290011887001,false,מבשם ומטהר אוויר בני,זהר דליה,IL,מבשם בניחוח פצ'ולי ו,מיליליטרים,750.00,"100 מ""ל",false,,32.90,0.0439,true,1,213144
7290011887100,false,גלון זהר G,,,גלון זהר G,ליטרים,5.00,ליטר,false,,152.00,30.4000,false,1,264601
7290011912642,false,ליסטרין שטיפת פה הגנה על השיניים והחניכי,ליסטרין Listerine,IT,"ליסטרין 500 מ""ל",מיליליטרים,500.00,"100 מ""ל",false,,16.90,0.0338,true,1,151297
7290011931162,false,סוכרלייט ממתיק נוזלי על בסיס סוכרלוז,אף.סי תבליני בגליל ב,IL,סוכרלייט נוזלי,יחידה,220.00,יחידה,false,,27.90,0.1268,true,1,114376
7290011947309,false,זיתים מצוננים סורי מבוקע ולימון כבוש זיתא 230 ג',זיתא – י.ט.ב תעשיות,IL,זית סורי מבוקע עם לי,גרמים,220.00,100 גרם,false,,12.90,0.0586,true,1,144268
7290011947316,false,זיתא זיתי קלמטה בשמן זית כתית מעולה 215ג,זיתא - י.ט.ב תעשיות,IL,זיתים קלמטה זיתא,יחידה,0.00,יחידה,false,,12.90,0.0000,true,1,150884
7290011947743,false,זיתים זיתא מיקס זית ירוק וזית קלמטה 215 גרם,זיתא - י.ט.ב תעשיות,IL,מיקס זית ירוק וזית ק,גרמים,215.00,100 גרם,false,,12.90,0.0600,true,1,210843
7290011947781,false,מיקס זית ירוק וזית קלמטה ללא גלעין עם שמן זית כתית מעולה,זיתא - י.ט.ב תעשיות,IL,מיקס זית ירוק וזית ק,גרמים,190.00,100 גרם,false,,12.90,0.0679,true,1,215664
7290011947798,false,זית קלמטה ללא גלעין עם שמן זית כתית מעולה,זיתא - י.ט.ב תעשיות,IL,זית קלמטה ללא גלעין,גרמים,190.00,100 גרם,false,,12.90,0.0679,true,1,215665
7290011947866,false,מיקס זיתים בפח 440 גרם,זיתא - י.ט.ב תעשיות,GR,מיקס זיתים זיתא בפח,גרמים,250.00,100 גרם,false,,19.90,0.0796,true,1,217173
7290011947873,false,זית קלמטה בפח זיתא 250 ג',זיתא - י.ט.ב תעשיות,GR,זיתים קלמטה בפח זיתא,גרמים,250.00,100 גרם,false,,19.90,0.0796,true,1,217174
7290011947903,false,מיקס זיתים יווני זיתא 215 ג',זיתא - י.ט.ב תעשיות,IL,מיקס זיתים יווני זית,גרמים,215.00,100 גרם,false,,12.90,0.0600,true,1,218197
7290011964344,false,שום גבישי 120 גרם מיכל גדול,"תבליני טעם וריח בע""מ",IL,שום גבישי מיכל גדול,גרמים,120.00,100 גרם,false,,9.50,0.0792,true,1,114881
7290011964542,false,תבלין פפריקה מתוקה 400ג',"תבליני טעם וריח בע""מ",IL,פפריקה מתוקה 400 גר,גרמים,400.00,100 גרם,false,,23.90,0.0597,true,1,115961
7290011964566,false,תערובת גריל לעוף 400,"תבליני טעם וריח בע""מ",IL,גריל עוף 400 גר' במי,גרמים,400.00,100 גרם,false,,23.90,0.0597,true,1,116890
7290011964573,false,פלפל שחור טחון 400 גרם,תבליני טעם וריח,,פלפל שחור טחון 400 ג,גרמים,400.00,100 גרם,false,,25.90,0.0647,true,1,212949
7290011964603,false,כורכום טחון 400 גר ב,"תבליני טעם וריח בע""מ",IL,כורכום טחון 400 גר',יחידה,0.00,יחידה,false,,23.90,0.0000,true,1,124808
7290011964627,false,תבלין פפריקה מתוקה בשמן 400ג',"תבליני טעם וריח בע""מ",IL,פפריקה מתוקה בשמן 40,גרמים,400.00,100 גרם,false,,23.90,0.0597,true,1,116230
7290011964658,false,"מלח לימון 170 גרם ""טעם וריח""","תבליני טעם וריח בע""מ",IL,מלח לימון מיכל פלסטי,גרמים,170.00,100 גרם,false,,9.50,0.0559,true,1,119439
7290011964689,false,על האש לא מונוסודיום 100 גרם 100 גרם מיכל גדול,"תבליני טעם וריח בע""מ",IL,תערובת תיבול על האש,גרמים,100.00,100 גרם,false,,9.50,0.0950,true,1,125372
7290011964702,false,שווארמה ללא מונסודיום 100 גרם מיכל גדול,"תבליני טעם וריח בע""מ",IL,תערובת תיבול לשווארמ,גרמים,100.00,100 גרם,false,,9.50,0.0950,true,1,125377
7290011971694,false,ספגטי טריקולור מסמולינת דורום אורגני 500,פסטיפיסוי פליצ'טי,IT,ספגטי טריקולור דורום,יחידה,0.00,יחידה,false,,13.90,0.0000,true,1,196098
7290011988104,false,ווקס לשיער,,,ווקס לשיער,יחידה,0.00,יחידה,false,,25.90,0.0000,true,1,205972
7290011996000,false,טעם אסיה אטריות עגבניות 454 ג',פוקולוקו,CN,איטריות עגבניות,גרמים,454.00,100 גרם,false,,8.50,0.0187,true,1,114574
7290011996017,false,טעם אסיה אטריות תרד 454 ג',xiaman vingsheny,CN,איטריות תרד,גרמים,454.00,100 גרם,false,,8.50,0.0187,true,1,114575
7290011996031,false,טעם אסיה אטריות בצים 454 ג',מזרח מערב,CN,איטריות ביצים,גרמים,454.00,100 גרם,false,,8.50,0.0187,true,1,114576
7290011996062,false,אורז לבן עגול מתאים להכנת סושי,טעמי אסיה Taste of Asia,ES,אורז לסושי 1 קג',יחידה,1.00,יחידה,false,,12.90,12.9000,true,1,116787
7290011996086,false,"רוטב צ''ילי חריף 700 מ""ל",טעמי אסיה Taste of Asia,TH,רוטב צ'ילי חריף 700,יחידה,700.00,יחידה,false,,10.90,0.0156,true,1,123505
7290011996109,false,"צ'ילי מתוק 700 גרם ""אסיה""",טעמי אסיה Taste of Asia,TH,רוטב צ'ילי מתוק 700,יחידה,700.00,יחידה,false,,9.90,0.0141,true,1,116661
7290011996123,false,אצות לסושי נורי גולד 10 יחידות,טעמי אסיה Taste of Asia,CN,אצות ים נורי גולד 10,גרמים,25.00,100 גרם,false,,10.90,0.4360,true,1,120819
7290011996130,false,אצות ים קלויות נורי לסושי - 10 דפים,טעמי אסיה Taste of Asia,CN,אצות ים נורי 10 דפים,גרמים,25.00,100 גרם,false,,10.90,0.4360,true,1,114546
7290011996178,false,"רוטב סויה בסגנון יפני 300 מ""ל",guangdong good taste,CN,רוטב סויה בסגנון יפנ,יחידה,280.00,יחידה,false,,9.90,0.0354,true,1,123060
7290011996185,false,"חומץ אורז לסושי 250 מ""ל ""אסיה""",טעמי אסיה Taste of Asia,CN,חומץ אורז לבן לסושי,יחידה,250.00,יחידה,false,,7.90,0.0316,true,1,115742
7290011996222,false,מי אגוז קוקוס דל 400 גרם,טעמי אסיה Taste of Asia,TH,נוזל אגוזי קוקוס 400,גרמים,400.00,100 גרם,false,,5.90,0.0148,true,1,117362
7290011996277,false,מחצלת עגולה לגלגול סושי,טעמי אסיה Taste of Asia,CN,מחצלת עגולה לסושי,יחידה,0.00,יחידה,false,,5.90,0.0000,true,1,123372
7290011996284,false,"כלי לאידוי סטימר במבוק ""8",טעמי אסיה Taste of Asia,CN,"סטימר 8""",יחידה,0.00,יחידה,false,,21.90,0.0000,true,1,139794
7290011996291,false,כלי לאידוי קוטר 10,טעמי אסיה Taste of Asia,CN,"סטימר 10""",יחידה,0.00,יחידה,false,,28.90,0.0000,true,1,134561
7290011996482,false,צ'ופסטיקס חד פעמי 20 זוגות במארז,,,מקלות לסושי,יחידה,0.00,יחידה,false,,4.90,0.0000,true,1,130286
7290011996499,false,אטריות אורז דקות טעם וריח 400ג',fujian longhai,CN,מקלוני אורז דקים,גרמים,400.00,100 גרם,false,,7.90,0.0198,true,1,116669
7290011996512,false,"טעם אסיה טעם אסיה אטריות אורז 3מ""מ 400ג'",טעמי אסיה Taste of Asia,TH,"מקלוני אורז 3 מ""מ 40",גרמים,400.00,100 גרם,false,,8.90,0.0223,true,1,117887
7290011996529,false,אטריות אורז 5 מ''מ טעם אסיה 400 גרם,טעמי אסיה Taste of Asia,TH,"מקלוני אורז 5 מ""מ 40",גרמים,400.00,100 גרם,false,,8.90,0.0223,true,1,117888
7290011996567,false,רוטב סאטה אסיה 240 ג,קיי.אר.אס.ספייסי פוד,TH,רוטב סאטה 240ג',גרמים,240.00,100 גרם,false,,13.90,0.0579,true,1,122587
7290011996581,false,"רוטב חמוץ מתוק 300 מ""ל ""אסיה""",טעמי אסיה Taste of Asia,TH,רוטב חמוץ מתוק 300 מ,יחידה,300.00,יחידה,false,,9.90,0.0330,true,1,116788
7290011996604,false,"רוטב פאד תאי 300 גרם ""אסיה""",טעמי אסיה Taste of Asia,TH,"רוטב פאד תאי 300 מ""ל",גרמים,366.00,100 גרם,false,,13.90,0.0380,true,1,116789
7290011996642,false,טעם אסיה שומשום שחור קלוי 100גר,טעמי אסיה Taste of Asia,CN,שומשום שחור קלוי,גרמים,100.00,100 גרם,false,,11.90,0.1190,true,1,122104
7290011996703,false,טעם אסיה אצות וקאמה 100גר,טעמי אסיה Taste of Asia,,אצות וואקאמה מיובשות,גרמים,100.00,100 גרם,false,,18.90,0.1890,true,1,138503
7290011996741,false,"חומץ אורז לסושי כשר 500 מ""ל",טעמי אסיה Taste of Asia,,חומץ אורז לסושי 500,יחידה,500.00,יחידה,false,,11.00,0.0220,true,1,121546
7290011996758,false,מזרח מערב קמח טמפורה כשר 500ג',טעמי אסיה Taste of Asia,CN,קמח טמפורה,גרמים,500.00,100 גרם,false,,9.90,0.0198,true,1,125563
7290011996765,false,"אבקה ווסאבי 70 גרם ""אסיה""",טעמי אסיה Taste of Asia,CN,משחת וואסבי,גרמים,43.00,100 גרם,false,,9.00,0.2093,true,1,121685
7290011996789,false,פנקו פירורי לחם בסגנון יפני,טעמי אסיה Taste of Asia,CN,פנקו יפני,גרמים,200.00,100 גרם,false,,7.90,0.0395,true,1,120821
7290011996802,false,אבקת ווסאבי 70ג' טעמי אסיה,טעמי אסיה Taste of Asia,CN,אבקת ווסבי 70 ג',גרמים,70.00,100 גרם,false,,14.90,0.2129,true,1,120822
7290011996819,false,"מקלוני אטריות שעועית 250 גרם ""אסיה""",טעמי אסיה Taste of Asia,CN,איטריות שעועית בסגנו,גרמים,250.00,100 גרם,false,,3.90,0.0156,true,1,120075
7290011996888,false,"רוטב- טריאקי 300 מ""ל",קיי.אר.אס.ספייסי פוד,TH,רוטב טריאקי 300ג',גרמים,365.00,100 גרם,false,,9.90,0.0271,true,1,120077
7290012001994,false,חרדל דיז'ון גרעינים 350 ג' ריין דיזון,ריין דיז'ון reine dijon,FR,חרדל דיג'ון גרעינים,גרמים,350.00,100 גרם,false,,11.90,0.0340,true,1,124123
7290012019258,false,מחית תפוחי עץ רביעיה 4 * 113 ג' תומר,Cherry growers inc,IL,תומר-מחית תפוחי עץ,גרמים,452.00,100 גרם,false,,9.90,0.0219,true,1,147916
7290012019265,false,"מחית תפו""ע ללא תוספת סוכר 4*113גר",Cherry growers inc,US,"רסק תפו""ע פלסטיק דיא",גרמים,452.00,100 גרם,false,,9.90,0.0219,true,1,147917
7290012019272,false,"רסק תפו""ע וקינמון תומר מארז113X4ג'",Cherry growers inc,IL,"רסק תפו""ע+קינמון פלס",גרמים,452.00,100 גרם,false,,9.90,0.0219,true,1,147918
7290012022203,false,פריכיות קליליות חיטה,דילייט 2005,IL,קליליות חיטה מלאה,גרמים,100.00,100 גרם,false,,13.50,0.1350,true,1,137981
7290012022227,false,קליליות חיטה טעם טבעי,דילייט 2005,IL,קליליות חיטה,גרמים,60.00,100 גרם,false,,11.50,0.1917,true,1,137979
7290012022272,false,פריכיות קליליות קידס,דילייט 2005,IL,קליליות קידס 30 גר,גרמים,30.00,100 גרם,false,,10.70,0.3567,true,1,186790
7290012046193,false,ספוגי קרצוף קשיחים ירוקים קצרים 9יח,M3,ES,סקוטש ברייט תשעה ספו,יחידה,0.00,יחידה,false,,13.90,0.0000,true,1,261806
7290012052200,false,גרנולה אגוזים זרעים ופירותי 800 גרם,רפאלס,IL,גרנולה רפאל זרעים,יחידה,800.00,יחידה,false,,27.90,0.0349,true,1,135721
7290012052224,false,גרנולה רפאל - חלבה תמרים ושקדים,רפאלס,IL,רפאל-חלבה תמרים ושקד,יחידה,800.00,יחידה,false,,27.90,0.0349,true,1,140472
7290012052231,false,גרנולה חמוציות אוכמניות וקשיו 800 גרם,רפאלס,,גרנולה רפאל חמוציות,יחידה,800.00,יחידה,false,,27.90,0.0349,true,1,135723
7290012052323,false,מוזלי עם פירות יבשים ושקדים ללא תוספת סוכר,רפאלס,IL,מוזלי תענוג מיקס לא,קילוגרמים,1.00,"10 ק""ג",false,,22.90,22.9000,true,1,205113
7290012052330,false,גרנולה תענוג חלבה ותמרים 1 ק''ג,רפאלס,IL,"גרנולה תענוג 1 ק""ג",קילוגרמים,1.00,"ק""ג",false,,22.90,22.9000,true,1,205114
7290012052347,false,גרנולה תענוג - ללא תוספת סוכר צימוקים ושקדים,רפאלס,IL,גרנולה תענוג ללא תוס,קילוגרמים,1.00,"ק""ג",false,,22.90,22.9000,true,1,205115
7290012052385,false,מוזלי עם חמוציות ושקדים ללא תוספת סוכר,רפאלס,IL,גרנולה רפאל שקדים ופ,גרמים,800.00,100 גרם,false,,27.90,0.0349,true,1,140474
7290012052460,false,צ'וקולומומו - מיקס זרעים לסלט - אורגינל,רפאלס,IL,תערובת לסלט צוקולומו,גרמים,250.00,100 גרם,false,,15.90,0.0636,true,1,140475
7290012052477,false,צ'וקולומומו - מיקס זרעים לסלט - עשבי תיבול,רפאלס,IL,תערובת תיבול לסלט צו,גרמים,250.00,100 גרם,false,,15.90,0.0636,true,1,140476
7290012071690,false,אלכוויפס מגבונים לניקוי וחיטוי משטחים,"ד""ר פישר Dr fischer",IL,מגבונים לניקוי וחיטו,יחידה,0.00,יחידה,false,,12.90,0.0000,true,1,203963
7290012116032,false,כיף פיות מרכך לסירוק קל 750 מל,טרופיקל דגיל תעשיות,IL,פיות מרכך שיער 750מל,מיליליטרים,750.00,"100 מ""ל",false,,11.90,0.0159,true,1,125485
7290012116063,false,"כיף אל סבון פיות בתמציות קמומיל 750 מ""ל",טרופיקל דגיל תעשיות,IL,פיות אל סבון קמומיל,גרמים,750.00,100 גרם,false,,11.90,0.0159,true,1,125486
7290012116261,false,סנו מדיק ג'ל לניקוי ידיים אלוורה 500 מל,גוד פוד פרודקטס S.p,IL,ג'ל ניקוי ידיים 500,מיליליטרים,500.00,"100 מ""ל",false,,15.90,0.0318,true,1,211492
7290012116360,false,פוליויקס נוזל לניקוי רצפות גרניט פורצלן סנו 2 ליטר,"מפעלי סנו ברונוס בע""",IL,פוליוקס פורצלן סנו 2,ליטרים,2.00,ליטר,false,,19.90,9.9500,false,1,116101
7290012116537,false,"מקסימה אבקת כביסה בניחוח מאסק סנו 2.5 ק""ג",טרופיקל דגיל תעשיות,IL,סנו מקסימה אבקת כביס,קילוגרמים,2.50,"ק""ג",false,,25.90,10.3600,false,1,118708
7290012116551,false,אנטי קאלק נוזל לניקוי כללי סנו 2 ליטר,מיוצר עי קונדיטוריית,IL,אנטי קלאק 2 ליטר 4-ב,ליטרים,2.00,ליטר,false,,19.90,9.9500,true,1,119452
7290012116681,false,דאודורנט ג'ל אנטיפרספירנט אקטיב בלוק Calm,קוסמופארם בעמ,IL,דאודורנט ג'ל קרמ מן,מיליליטרים,75.00,"100 מ""ל",false,,14.90,0.1987,true,1,121136
7290012116735,false,סנו סופט גמבו נייר טואלט 24 גל 900מ קומפ,סנו מפעלי ברונוס בעמ,IL,נייר טואלט סופט ג'מב,גרמים,4300.00,100 גרם,false,,47.90,0.0111,false,1,118532
7290012117039,false,נוזל לניקוי אמבטיה 00 סנו 1 ליטר,סנו,IL,סנו 00 לאמבטיה 1 ליט,ליטרים,1.00,ליטר,false,,7.90,7.9000,false,1,119453
7290012117091,false,אבקת -כביסה סנו מקסימה סנסיטיב 6 קג,סנו מקסימה,IL,"סנו מקסימה 6 ק""ג סנס",קילוגרמים,6.00,"ק""ג",false,,49.90,8.3167,false,1,120956
7290012117275,false,"קליר שקית מילוי לניקוי חלונות סנו 750 מ""ל",טרופיקל דגיל תעשיות,IL,סנו קליר מילוי 750 מ,מיליליטרים,750.00,"100 מ""ל",false,,7.90,0.0105,true,1,122048
7290012117350,false,סנו ריצפז פרש 2 ליטר לילך לבנדר,"סנו מפעלי ברונוס בע""",IL,ריצפז פרש לילך 2ל,ליטרים,2.00,ליטר,false,,17.90,8.9500,false,1,119733
7290012117411,false,"שמפו וג'ל רחצה רויבוס 700 מ""ל ""קרמה""",החברה הדרומית,IL,קרמה מן ג'ל רחצה במב,מיליליטרים,700.00,"100 מ""ל",false,,17.90,0.0256,true,1,120302
7290012117435,false,"קרמה - שמפו וג'ל רחצה 2 ב-1 אלוורה 700 מ""ל",טרופיקל דגיל תעשיות,IL,קרמה מן ג'ל רחצה אלו,מיליליטרים,700.00,"100 מ""ל",false,,17.90,0.0256,true,1,122373
7290012117534,false,סנו - מקסימה מרכך כביסה מרוכז קול 1 ליטר,"סנו מפעלי ברונוס בע""",IL,מרכך מרוכז קול 1ל,ליטרים,1.00,ליטר,false,,16.90,16.9000,true,1,122610
7290012117541,false,מקסימה מרכך כביסה מרוכז צהוב סנו 1 ליטר,החברה הדרומית,IL,מרכך מרוכז סנו זן 1ל,ליטרים,1.00,ליטר,false,,16.90,16.9000,true,1,122611
7290012117558,false,מקסימה מרכך כביסה מרוכז ורוד בניחוח מאסק סנו 1 ליטר,"סנו מפעלי ברונוס בע""",IL,מרכך סנו מרוכז פי4 מ,ליטרים,1.00,ליטר,false,,16.90,16.9000,false,1,122786
7290012117565,false,כפפות סנו סושי לטקס S אריזת 100יח',סנו סושי,IL,כפפות סושי S לטקס,יחידה,0.00,יחידה,false,,29.90,0.0000,true,1,123992
7290012117589,false,כפפות סנו סושי לטקס L אריזת 100יח',סנו סושי,TH,סושי 100כפפות לטקס L,יחידה,0.00,יחידה,false,,29.90,0.0000,true,1,122612
7290012117732,false,מקסימה מרכך כביסה ארומתרפי קול סנו 4 ליטר,"סנו מפעלי ברונוס בע""",IL,מרכך סנו 4ל COOL,ליטרים,4.00,ליטר,false,,21.90,5.4750,false,1,122312
7290012117916,false,אינסטלטור נוזל לפתיחת סתימות סנו 1 ליטר,"סנו מפעלי ברונוס בע""",IL,סנו אינסטלטור נוזלי,ליטרים,1.00,ליטר,false,,24.90,24.9000,true,1,122231
7290012139482,false,בג עצם לחוצה מעושנת בציפוי עוף 3 מקט ח,PINGYANG LELE PET PR,CN,חטיף בונזו ג'וי-עצם,גרמים,160.00,100 גרם,false,,21.90,0.1369,true,1,127781
7290012139499,false,בג עצם לחוצה מעושנת בציפוי עוף 5 מקט ח,בונזו,,עצם בציפוי פירורי עו,גרמים,165.00,100 גרם,false,,21.90,0.1327,true,1,126779
7290012139567,false,בונזו ג'וי ביסקוויט עוף 122 גרם,בונזו,,בונזו ביסקוויט עוף,גרמים,90.00,100 גרם,false,,17.00,0.1889,true,1,126557
7290012151538,false,אקונומיקה 4ליטר פולי,,,אקונומיקה 4ליטר פולי,ליטרים,4.00,ליטר,false,,10.90,2.7250,true,1,118329
7290012159411,false,לבבות דקל חתוך לינה 400 גרם,יושלם,IL,לבבות דקל חתוך,גרמים,220.00,100 גרם,false,,7.90,0.0359,true,1,128467
7290012173103,false,סוכריות לקריץ 150 גר,זארובי,,סוכריות לקריץ 150 גר,גרמים,150.00,100 גרם,false,,6.00,0.0400,true,1,124029
7290012173189,false,אגוז פקאן טבעי 150 גרם זארובי,זארובי,,אגוז פקאן,יחידה,150.00,יחידה,false,,18.90,0.1260,true,1,128739
7290012173271,false,זארובי-שקד טבעי 350ג,,IL,זארובי-שקד טבעי 350ג,גרמים,350.00,100 גרם,false,,28.90,0.0826,true,1,148569
7290012173301,false,זארובי-פיסטוק קלוי 3,זארובי,,זארובי-פיסטוק קלוי 3,גרמים,300.00,100 גרם,false,,28.90,0.0963,true,1,149085
7290012173325,false,בוטנים קלופים קופסא,זארובי,,בוטנים קלופים 350 גר,גרמים,350.00,100 גרם,false,,15.50,0.0443,true,1,149109
7290012173493,false,תערובת אגוזים בקופסא 300 גרם,זארובי,IL,תערובת אגוזים ושקדים,גרמים,300.00,100 גרם,false,,26.90,0.0897,true,1,261499
7290012173615,false,פקאן סיני 150 גר',זארובי,IL,פקאן סיני 150 גר',גרמים,150.00,100 גרם,false,,18.90,0.1260,false,1,137104
7290012173820,false,זארובי-פיסטוק קלוי,,IL,זארובי-פיסטוק קלוי,גרמים,150.00,100 גרם,false,,14.90,0.0993,true,1,146132
7290012173837,false,אגוז קשיו קלוי 170 ג,,IL,זארובי-קשיו קלוי,גרמים,170.00,100 גרם,false,,14.90,0.0876,true,1,146133
7290012173844,false,שקד קלוי 170 גרם זארובי,זארובי,,זארובי-שקד קלוי,גרמים,170.00,100 גרם,false,,14.90,0.0876,true,1,146134
7290012173882,false,גרענים שחורים זארובי 150ג',זארובי,IL,זארובי-גרעינים שחורי,גרמים,350.00,100 גרם,false,,10.90,0.0311,true,1,149086
7290012173905,false,פיצוחים מעורב פרימיו,,,פיצוחים מעורב פרימיו,גרמים,350.00,100 גרם,false,,27.90,0.0797,true,1,151914
7290012192104,false,חלאבלין רול און 72 שעות כחול,חלאבין Halvin,,דאודורנט רול און חלא,מיליליטרים,60.00,"100 מ""ל",false,,23.90,0.3983,true,1,193452
7290012192357,false,בלאק בול דאודורנט רו,,,בלאק בול דאודורנט רו,יחידה,0.00,יחידה,false,,16.90,0.0000,true,1,157546
7290012193125,false,ממתיק על בסיס סוכרלוז - טבליות,מיוצר עי קונדיטוריית,IL,מרמולייט סוכרלוז 150,גרמים,123.00,100 גרם,false,,26.90,0.2187,true,1,116987
7290012193163,false,סבון נוזלי פמלי לקשרי פריחת הדובדבן 1 ל,אף.סי תבליני בגליל ב,IL,פמלי אל סבון ליטר פר,ליטרים,1.00,ליטר,false,,11.90,11.9000,true,1,136392
7290012226014,false,נקניקיות וינר זוגלובק 800 גרם,נקניק נהריה כשר זוגל,IL,נקניקיות וינר 800 גר,גרמים,800.00,100 גרם,false,,22.90,0.0286,true,1,123568
7290012226021,false,נקניק סלמי מעושן פראג זוגלובק 400 גרם,נקניק נהריה כשר זוגל,IL,סלמי מעושן פראג 400ג,גרמים,400.00,100 גרם,false,,21.50,0.0538,true,1,122659
7290012226076,false,חרמון הודו ועוף 200 ג' זוגלובק,זוגלובק,IL,פסטרמה חרמון 200 גר',גרמים,200.00,100 גרם,false,,14.00,0.0700,true,1,133206
7290012226120,false,"קבנוס 135 גרם ""זוגלובק""",נקניק נהריה כשר זוגל,IL,קבנוס 135 גר',גרמים,135.00,100 גרם,false,,10.00,0.0741,true,1,125604
7290012226342,false,נקניקיה טבעונית למחבת או לתנור עשירה בחלבון,זוגלו'ס Zoglos,IL,נקניקיה טבעונית,גרמים,460.00,100 גרם,false,,24.90,0.0541,true,1,201805
7290012226922,false,קבנוס בטעם שום זוגלובק 135 גרם,נקניק נהריה כשר זוגל,IL,קבנוס עם שום,גרמים,135.00,100 גרם,false,,10.00,0.0741,true,1,128195
7290012226939,false,קבנוס עם צ'ילי חריף זוגלובק 135 גרם,נקניק נהריה כשר זוגל,IL,קבנוס עם צ'ילי חריף,גרמים,135.00,100 גרם,false,,10.00,0.0741,true,1,128196
7290012226991,false,"נקניקיות עוף באריזת ג''מבו 1.5 ק""ג זוגלובק",נקניק נהריה כשר זוגל,IL,נקניקיות ג'מבו,קילוגרמים,1.50,"ק""ג",false,,28.90,19.2667,true,1,257528
7290012227172,false,חרמן הודו בדבש וברביקיו זוג במארז 600 ג' זוגלובק,נקניק נהריה כשר זוגל,IL,מארז זוג פסטרמה זוגל,גרמים,600.00,100 גרם,false,,26.90,0.0448,true,1,138058
7290012227325,false,סלמי דק דק מעושן איטלקי 120 ג' זוגלובק,זוגלובק,IL,סלמי מעושן דק דק 120,גרמים,120.00,100 גרם,false,,13.90,0.1158,true,1,200932
7290012227400,false,נקניקיות עוף זוגלובק 800 גרם,נקניק נהריה כשר זוגל,IL,נקניקיות עוף 800 גר',גרמים,800.00,100 גרם,false,,22.90,0.0286,true,1,142479
7290012227653,false,חרמון הודו ועוף ואקום,זוגלובק,,חרמון הודו ועוף ואקו,גרמים,400.00,100 גרם,false,,19.90,0.0497,true,1,208979
7290012227912,false,קבנוס עודן 135 ג' זוגלובק,זוגלובק,IL,קבנוס מעודן 135 גר',גרמים,135.00,100 גרם,false,,10.00,0.0741,true,1,198022
7290012227974,false,פסטרמה הודו בדבש טהור דק דק דק,זוגלובק,IL,פסטרמה בדבש 120 גר',גרמים,120.00,100 גרם,false,,13.90,0.1158,true,1,200933
7290012227981,false,פסטרמה דק דק ברביקיו 120 ג' זוגלובק,זוגלובק,IL,פסטרמה ברביקיו 120 ג,גרמים,120.00,100 גרם,false,,13.90,0.1158,true,1,200934
7290012227998,false,פסטרמה דק דק חזה בקר 120 ג' זוגלובק,זוגלובק,IL,חזה בקר 120 גר' דק ד,גרמים,120.00,100 גרם,false,,13.90,0.1158,true,1,200935
7290012228261,false,נקנקיות קנקרס הודו ועוף ריינהולד'ס זוגלובק 300 ג',זוגלובק,IL,נקניקיות בוקוורסט הו,גרמים,300.00,100 גרם,false,,19.90,0.0663,true,1,196763
7290012228278,false,נקנקיות בוקוורסט עוף ובקר ריינהולד'ס 310 ג' זוגלובק,זוגלובק,IL,נקניקיות בוקוורסט הו,גרמים,310.00,100 גרם,false,,19.90,0.0642,true,1,196764
7290012228704,false,הספרדיה – נקניקיית עוף ובקר חריפות ריינהולד'ס,זוגלובק,IL,נקניקיות סוסג' ספרדי,גרמים,310.00,100 גרם,false,,18.90,0.0610,true,1,205161
7290012245275,false,"גולד ציפס בטטה קריספי 1 ק""ג",אגריסטו,BE,גולד צ'יפס בטטה קריס,קילוגרמים,1.00,"ק""ג",false,,28.90,28.9000,true,1,217779
7290012245312,false,"צ'יפס אמריקאי 1.5 ק""ג גולד שארית",יוליניבר,BE,צ'יפס גולד אמריקאי 1,גרמים,1500.00,100 גרם,false,,19.90,0.0133,true,1,205544
7290012245329,false,"צ'יפס קלאסי 1.5 ק""ג גולד שארית",יוליניבר,IL,צ'יפס גולד קלאסי 1.5,גרמים,1500.00,100 גרם,false,,19.90,0.0133,true,1,205545
7290012245336,false,"גולד צ'יפס סטייק 1.5 ק""ג גולד שארית",אגריסטו,IL,צ'יפס גולד סטייק 1.5,גרמים,1500.00,100 גרם,false,,19.90,0.0133,true,1,205546
7290012309939,false,חלבה מסולסלת דין שיווק 500 ג',אף.סי תבליני בגליל ב,IL,חלבה מסולסלת 500 גר,גרמים,500.00,100 גרם,false,,14.90,0.0298,true,1,148211
7290012313073,false,מיקס זיתים מגולענים 560 ג' יבנה,קבוצת יבנה,IL,מיקס חרוזית יבנה,גרמים,275.00,100 גרם,false,,10.90,0.0396,true,1,260927
7290012313141,false,מלפפון פרוס במלח A2 ק.יבנה 540ג',אף.סי תבליני בגליל ב,IL,פרוסות מלפפונים במלח,גרמים,320.00,100 גרם,false,,5.90,0.0184,true,1,142956
7290012313240,false,יבנה זיתים מיקס ירוק וקלמטה 560 גר',קבוצת יבנה,,מיקס זיתים וקלמטה יב,גרמים,340.00,100 גרם,false,,10.90,0.0321,true,1,214514
7290012313400,false,זיתים סורי מבוקעים 215 ג' יבנה,קבוצת יבנה,IL,זית סורי מבוקע יבנה,גרמים,215.00,100 גרם,false,,11.90,0.0553,true,1,263978
7290012313424,false,זיתים קלמטה שלם 215 ג' יבנה,קבוצת יבנה,IL,זית קלמטה שלם 215 גר,גרמים,215.00,100 גרם,false,,11.90,0.0553,true,1,264359
7290012313431,false,זיתים מרוקאיים יבשים 215 ג' יבנה,קבוצת יבנה,IL,זית מרוקאי יבש 215 ג,גרמים,215.00,100 גרם,false,,11.90,0.0553,true,1,264360
7290012313448,false,זית מעדנייה מתובל 300 גר יבנה,קבוצת יבנה,IL,זית מעדניה מתובל יבנ,גרמים,215.00,100 גרם,false,,11.90,0.0553,true,1,263979
7290012313547,false,זית קלמטה חומץ יין י,קבוצת יבנה,,זית קלמטה יבנה,גרמים,340.00,100 גרם,false,,9.40,0.0276,true,1,187950
7290012352010,false,קרם לחות מזינה עם שמן ארגן מרוקאי לשיער יבש מאוד ופגום,נטורל פורמולה Natural Formula,IL,קרם לחות + שמן לשיער,מיליליטרים,400.00,"100 מ""ל",false,,25.90,0.0647,true,1,123038
7290012352027,false,קרם לחות מזינה עם שמן אגוז ברזילאי לשיער צבוע ופגום,נטורל פורמולה Natural Formula,IL,קרם לחות + שמן לשיער,מיליליטרים,400.00,"100 מ""ל",false,,25.90,0.0647,true,1,123039
7290012352034,false,"נטורל - קרם לחות עם שמן אגוז מקדמיה לשיער מתולתל 400 מ""ל",נטורל פורמולה Natural Formula,IL,קרם לחות + שמן לשיער,מיליליטרים,400.00,"100 מ""ל",false,,25.90,0.0647,true,1,123266
7290012367700,false,קרם גוף אינטנסיב רליף Intensive relief לעור יבש ומגורה,"ד""ר פישר Dr fischer",IL,קרם גוף אפקטיב 700 מ,מיליליטרים,700.00,"100 מ""ל",false,,32.90,0.0470,true,1,125451
7290012367717,false,קרם ידיים וציפורניים Intensive relief לעור יבש ומגורה,פישר מעבדות פרמצבטיו,IL,קרם ידיים אפקטיב 150,גרמים,100.00,100 גרם,false,,16.90,0.1690,true,1,141420
7290012404955,false,נקטר חמוציות ספרינג קולקשן 1.25 ליטר,"יפאורה תבורי בע""מ",IL,ספרינג Collection נק,ליטרים,1.25,ליטר,false,,12.90,10.3200,true,1,126831
7290012404993,false,נקטר דיאט חמוציות ספרינג קולקשן 1.25 ליטר,"יפאורה תבורי בע""מ",IL,נקטר דיאט חמוציות ספ,ליטרים,1.25,ליטר,false,,12.90,10.3200,true,1,126833
7290012413636,false,תה ירוק צאי מסאלה 25 שקיקים 1.5 גרם,ויסוצקי ירוק,IL,תה ירוק צ'אי מסאלה 2,גרמים,37.50,100 גרם,false,,24.90,0.6640,false,1,134586
7290012413643,false,תה ירוק קמומיל 25 שקיקים ויסוצקי,ויסוצקי ירוק,IL,תה ירוק קמומיל,גרמים,37.50,100 גרם,false,,24.90,0.6640,false,1,139552
7290012470479,false,אסלונית כיסוי מגן לאסלה,מיה טריידינג,CN,מושבית לאסלות,יחידה,0.00,יחידה,false,,7.50,0.0000,true,1,122059
7290012470486,false,כובע רחצה ניילון 4 י,,,כובע אמבטיה שקוף,יחידה,0.00,יחידה,false,,5.90,0.0000,true,1,122812
7290012470493,false,כובע רחצה 2 שכבות ענ,מיה טריידינג,CN,כובע רחצה 2 שכבות,יחידה,0.00,יחידה,false,,12.90,0.0000,true,1,122813
7290012470981,false,כביסון לחזיות,מיה טריידינג,CN,כביסון לחזיות,יחידה,0.00,יחידה,false,,9.90,0.0000,true,1,147283
7290012475108,false,משקה משעורה נמס אורגני גרין פילד 75 גרם,גרין פילד,EG,משקה שעורה נמס אורגנ,גרמים,75.00,100 גרם,false,,14.90,0.1987,true,1,141951
7290012475306,false,מיץ תפוזים אורגני גרין פילד 1 ליטר,,TR,גרין פילד מיץ תפוזים,ליטרים,1.00,1000ליטר,false,,19.00,19.0000,true,1,259657
7290012522581,false,טבעול שניצל תירס ללא גלוטן טבעול 664 גרם,עיצובים 2020 (4.8),IL,שניצל תירס ללא גלוטן,גרמים,664.00,100 גרם,false,,24.90,0.0375,false,1,135924
7290012561313,false,דורות בצל מטוגן 400 גרם,עיצובים 2020 (3.8),IL,בצל מטוגן דורות 400,גרמים,400.00,100 גרם,false,,21.00,0.0525,true,1,210303
7290012561337,false,כורכום טרי כתוש קפוא דורות 70 גר,גוד פוד פרודקטס S.p,IL,כורכום טרי כתוש דורו,גרמים,70.00,100 גרם,false,,12.00,0.1714,true,1,208175
7290012561405,false,דורות בצל חצי מטוגן 180 גרם,עיצובים 2020 (3.8),IL,בצל חצי מטוגן דורות,גרמים,180.00,100 גרם,false,,11.50,0.0639,true,1,121742
7290012576591,false,"יין רזרב גוורצטרמינר 750 מ""ל שביעית",יקבי ברקן שיווק והפצ,IL,רזרב גוורטצטרמינר,מיליליטרים,750.00,"100 מ""ל",false,,34.90,0.0465,false,1,148899
7290012588242,false,"מים מינרלים מיי וואטר כדורגל מארז 500X6מ""ל",נרה קריטיס אס איי בא,GR,מים מינרלים כדורגל 5,מיליליטרים,3000.00,"100 מ""ל",false,,13.90,0.0046,false,1,201652
7290012594014,false,לחם שיפון פרוס 650 ג,מאפיית רפאל,,לחם שיפון כפרי,גרמים,650.00,100 גרם,false,,14.90,0.0229,true,1,144209
7290012594038,false,לחם ביאנקו 500 גר,מאפיית רפאל,IL,לחם פרנץ טוסט,גרמים,500.00,100 גרם,false,,10.90,0.0218,true,1,259970
7290012642678,false,אננס בכוסות פלסטיק 4*113 ג' תומר,תומר,,אננס רביעיות בסירופ,גרמים,452.00,100 גרם,false,,10.90,0.0241,true,1,263724
7290012642852,false,פלפל אדום קלוי על האש עם שום 540 תומר,,IL,תומר-פלפל אדום קלוי,גרמים,330.00,100 גרם,false,,9.90,0.0300,true,1,207194
7290012642876,false,פלפלונים מעורב צבעוני בחומץ חריף6X,יושלם,,תומר-פלפלונים מעורבי,גרמים,290.00,100 גרם,false,,9.90,0.0341,true,1,186246
7290012642883,false,פלפלים קטנים צהובים חריפים כבושים שלמים,Satko ltd,IL,פלפלונים צהובים כבוש,גרמים,290.00,100 גרם,false,,9.90,0.0341,true,1,193882
7290012645020,false,"יוגורט עיזים טבעי 500 גרם ""חלב הארץ""",חלב הארץ,IL,יוגורט עיזים טבעי 5,מיליליטרים,500.00,"100 מ""ל",false,,11.90,0.0238,true,1,194570
7290012645051,false,יוגורט עיזים בגביע 350 גרם,חלב הארץ,IL,יוגורט עיזים 350 גר,גרמים,350.00,100 גרם,false,,11.50,0.0329,true,1,212118
7290012645075,false,יוגורט כבשים יווני גביע 350 גרם חלב הארץ,חלב הארץ,IL,יוגורט כבשים יווני 3,גרמים,350.00,100 גרם,false,,11.50,0.0329,true,1,218053
7290012645112,false,"יוגורט עיזים בדלי 750 גרם ""חלב הארץ""",מחלבות סוסיא,IL,יוגורט עיזים בדלי -,גרמים,750.00,100 גרם,false,,18.90,0.0252,true,1,194449
7290012645129,false,"יוגורט כבשים בדלי 750 גרם ""חלב הארץ""",מחלבות סוסיא,IL,יוגורט כבשים בדלי -ח,גרמים,750.00,100 גרם,false,,18.90,0.0252,true,1,194450
7290012645181,false,לאבנה עיזים 5% חלב הארץ 200 גרם,חלב הארץ,IL,לאבנה עיזים 5%,גרמים,200.00,100 גרם,false,,12.90,0.0645,true,1,230178
7290012645297,false,"יוגורט עיזים בטעם טבעי 150 גרם ""חלב הארץ""",מחלבות סוסיא,IL,יוגורט מחלב עיזים,גרמים,150.00,100 גרם,false,,5.30,0.0353,true,1,194479
7290012645389,false,יוגורט עיזים טבעי חלב הארץ 1 ל',מחלבות סוסיא,IL,יוגורט עיזים טבעי 1,ליטרים,1.00,ליטר,false,,21.90,21.9000,true,1,194492
7290012665059,false,קובה למרק חמים וטעים,"חמים וטעים בע""מ",IL,קובה למרק 400 גר,גרמים,400.00,100 גרם,false,,15.50,0.0388,true,1,150889
7290012668296,false,מעדן תות שדה דודה בר,,IL,אנט ברטה- מעדן תות,גרמים,284.00,100 גרם,false,,13.90,0.0489,true,1,193373
7290012668302,false,מעדן מנדרינה תפוז דו,,IL,ברטה- מעדן מנדרינה ת,גרמים,284.00,100 גרם,false,,13.90,0.0489,true,1,202702
7290012668319,false,מעדן דומדומניות שחור,,IL,אנט ברטה- מעדן דומדו,גרמים,284.00,100 גרם,false,,13.90,0.0489,true,1,198967
7290012668456,false,מעדן דובדבן דודה ברט,,IL,אנט ברטה- מעדן דובדב,גרמים,284.00,100 גרם,false,,13.90,0.0489,true,1,193375
7290012668616,false,אנט ברטה- מעדן פירות,,IL,אנט ברטה- מעדן פירות,גרמים,284.00,100 גרם,false,,13.90,0.0489,true,1,193376
7290012668630,false,מעדן משמש דודה ברטה,,IL,אנט ברטה- מעדן משמש,גרמים,284.00,100 גרם,false,,13.90,0.0489,true,1,193377
7290012692000,false,דר פישר אלכוגל לידיים 500 מל אפרסק,פישר תעשיות,IL,"אלכוג'ל אפרסק 500 מ""",מיליליטרים,500.00,"100 מ""ל",false,,19.90,0.0398,true,1,192404
7290012692741,false,סרקל אקטיב משמיד כינ,מדי פישר,,סרקל אקטיב משמיד כינ,מיליליטרים,100.00,"100 מ""ל",false,,59.90,0.5990,true,1,202375
7290012697081,false,סוכרזית מהטבע סטיוויה 100 טבליות,"סוכרזית בע""מ",IL,סוכרזית מהטבע סטיווי,גרמים,100.00,100 גרם,false,,30.90,0.3090,true,1,135937
7290012697388,false,סוכרזית מצמח הסטיוויה כפית לכפית 100 גר,סוכרזית Sucrazit,IL,סוכרזית סטיוויה כפית,גרמים,100.00,100 גרם,false,,33.90,0.3390,true,1,137332
7290012724817,false,נענע יח בשקית,"מרינה פטריות הגליל בע""מ",IL,נענע בשקית,יחידה,0.00,יחידה,false,,3.90,0.0000,true,1,204979
7290012724824,false,שמיר יח בשקית,"מרינה פטריות הגליל בע""מ",IL,שמיר בשקית,יחידה,0.00,יחידה,false,,3.90,0.0000,true,1,204980
7290012724831,false,כוסברה יח בשקית,"מרינה פטריות הגליל בע""מ",IL,כוסברה בשקית,יחידה,0.00,יחידה,false,,3.90,0.0000,true,1,204981
7290012724848,false,פטרוזיליה יח בשקית,"מרינה פטריות הגליל בע""מ",IL,פטרוזליה בשקית,יחידה,0.00,יחידה,false,,3.90,0.0000,true,1,204982
7290012759017,false,חטיף אישי קשיו שקד פיסטוק 50 גר' - ממה,ממה חטיפי אנרגיה,,ממה-חטיף אנרגיה קשיו,גרמים,50.00,100 גרם,false,,7.50,0.1500,true,1,186327
7290012759659,false,משפחתית בראוניז תמר שוקולד קוקוס ואגוז מלך 240 גר' - ממה,ממה חטיפי אנרגיה,IL,עוגת בראוניז תמר שוק,גרמים,240.00,100 גרם,false,,24.90,0.1037,true,1,206599
7290012759673,false,משפחתית בראוניז חמאת בוטנים קשיו וגוג'י ברי 240 גר' - ממה,ממה חטיפי אנרגיה,IL,עוגיות בראוניז חמאת,גרמים,240.00,100 גרם,false,,24.90,0.1037,true,1,205965
7290012759727,false,חטיף בראוניז תמר שוקולד פקאן ופולי קקאו 40 גר' - ממה,ממה חטיפי אנרגיה,IL,חטיף בראוניז 50 גר',גרמים,50.00,100 גרם,false,,7.90,0.1580,true,1,207650
7290012803055,false,סוכרלוז מרמולייט- 100שקיות אישיות,תות ממתקי איכות,IL,מרמולייט סוכרלוז 100,גרמים,100.00,100 גרם,false,,22.90,0.2290,true,1,120183
7290012803215,false,וופל בלגי בטעם שוקולד ללא תוספת סוכר,בטר אנד דיפרנט,IL,טוסו ופל בלגי בטעם ש,גרמים,200.00,100 גרם,false,,10.90,0.0545,true,1,136834
7290012803222,false,טוסו ופל בסגנון בלגי בטעם לימון ללא תוספת סוכר 200 גרם,בטר אנד דיפרנט,IL,טוסו ופל בלגי בטעם ל,גרמים,200.00,100 גרם,false,,10.90,0.0545,true,1,136835
7290012803314,false,ממתיק על בסיס סוכרלוז - טבליות,מיוצר עי קונדיטוריית,IL,מרמולייט סוכרלוז 300,גרמים,246.00,100 גרם,false,,34.90,0.1419,true,1,122293
7290012803321,false,מרמולייט סוכרלוז 200 שקיות אישיות,מרמולייט,IL,מרמולייט סוכרלוז 200,גרמים,200.00,100 גרם,false,,36.90,0.1845,true,1,122294
7290012803451,false,טוסו שוקולד מריר 62% מוצקי קקאו ללא תוספת סוכר 100 גרם,טוסו tusso,TR,טוסו שוקולד מריר מעו,גרמים,100.00,100 גרם,false,,12.90,0.1290,true,1,145005
7290012803765,false,טוסו שוקולד מריר ללא תוספת סוכר 100 גרם,אלטינמארקה גידה סאן,TR,טוסו שוקולד מריר 100,גרמים,100.00,100 גרם,false,,12.90,0.1290,true,1,136891
7290012803772,false,טוסו שוקולד חלב ללא תוספת סוכר 100 גרם,אלטינמארקה גידה סאן,TR,טוסו שוקולד חלב 100ג,גרמים,100.00,100 גרם,false,,12.90,0.1290,true,1,136893
7290012803789,false,טוסו שוקולד מריר עם אגוזים ללא תוספת סוכר 100 גרם,האי נאם סי או אל.טי.,TR,טוסו שוקולד מריר עם,גרמים,100.00,100 גרם,false,,12.90,0.1290,true,1,136894
7290012803796,false,טוסו שוקולד חלב עם אגוזים ללא תוספת סוכר 100 גר',אלטינמארקה גידה סאן,TR,טוסו שוקולד חלב עם א,גרמים,100.00,100 גרם,false,,12.90,0.1290,true,1,136895
7290012823237,false,"תחליב רחצה קרמה בריזת ים 700 מ""ל",החברה הדרומית,IL,תחליב רחצה קרמה בריז,מיליליטרים,700.00,"100 מ""ל",false,,17.90,0.0256,true,1,214468
7290012823251,false,כיף אל סבון יסמין לבנדר 1 ליטר משאבה,החברה הדרומית,IL,סבון נוזלי 1 ליטר כי,ליטרים,1.00,ליטר,false,,12.90,12.9000,true,1,142317
7290012823374,false,אנטי קאלק מטליות לחות לניקוי כללי סנו 50 יחידות,מיוצר עי קונדיטוריית,IL,מגבונים אנטי קאלק,יחידה,0.00,יחידה,false,,12.90,0.0000,true,1,124755
7290012823381,false,מקסימה מרכך כביסה מרוכז סנסטיב בייבי סנו 1 ליטר,"סנו מפעלי ברונוס בע""",IL,מרכך מרוכז סנסיטיב 1,ליטרים,1.00,ליטר,false,,16.90,16.9000,true,1,124027
7290012823398,false,מטליות חד פעמיות לניקוי הרצפה בניחוח מרכך כביסה 10יח' סנו,סנו מפעלי ברונו בעמ,IL,ריצפז מטליות לחות לנ,יחידה,0.00,יחידה,false,,12.90,0.0000,true,1,199225
7290012823404,false,מטהר אוויר פרש אוטומטיק יסמין וסנדלווד,סנו פרש Fresh,,פרש אוטומטיק יסמין,יחידה,250.00,יחידה,false,,14.90,0.0596,true,1,127417
7290012823428,false,מגבוני בייבי כיף ללא בישום תה ירוק 4*72 יח',סנו,,מגבונים רביעיות לא מ,יחידה,0.00,יחידה,false,,18.90,0.0000,false,1,123959
7290012823541,false,ריצפז פרש מטליות לחות לרצפה בניחוח לבנדר 10 יחידות,"סנו מפעלי ברונוס בע""",IL,מטליות ריצפז פרש,יחידה,0.00,יחידה,false,,12.90,0.0000,true,1,123349
7290012823558,false,סנו סושי מטליות לחות לריצפה ענק 10 יח,סנו מפעלי ברונוס בעמ,IL,מטליות לחות לריצפה ס,יחידה,0.00,יחידה,false,,11.90,0.0000,false,1,124342
7290012823565,false,פוליויקס מטליות ענק לחות לפרקט סנו 10 יחידות,דינאמיק תעשיות,IL,מטלית פוליוקס פרקט,יחידה,0.00,יחידה,false,,14.90,0.0000,true,1,125488
7290012823589,false,ריצפז פרש בניחוח לימון מרענן,סנו פרש Fresh,IL,ריצפז לימון 2 ליטר,ליטרים,2.00,ליטר,false,,17.90,8.9500,false,1,128182
7290012823602,false,נייר טואלט סופט סילק לבן 32 גלילים סנו,טרופיקל דגיל תעשיות,IL,נייר טואלט סופט סילק,גרמים,1950.00,100 גרם,false,,32.90,0.0169,false,1,128265
7290012823657,false,"סנו קל רסס וכבס מילוי 750 מ""ל",סנו קל,IL,מילוי רסס כבס 750מל,מיליליטרים,750.00,"100 מ""ל",false,,9.90,0.0132,true,1,125489
7290012823787,false,"סנו רסס ונגב שקית מילוי 750 מ""ל",סנו,IL,רסס ונגב מילוי 750מל,מיליליטרים,750.00,"100 מ""ל",false,,7.90,0.0105,true,1,126514
7290012823923,false,"מקסימה מרכך כביסה מרוכז פרפיום גולדן סנרייז סנו 750 מ""ל",סנו מפעלי ברונוס בעמ,IL,מרכך כביסה מרוכז פרפ,מיליליטרים,750.00,"100 מ""ל",false,,16.90,0.0225,true,1,125690
7290012838026,false,עוגיות עדי עוגיות מל,,,עוגיות עדי עוגיות מל,גרמים,350.00,100 גרם,false,,16.90,0.0483,true,1,192533
7290012868115,false,"מהודר קמח כוסמין מלא 1 ק""ג",מהודר,,מהודר- קמח כוסמין מל,גרמים,1000.00,100 גרם,false,,17.90,0.0179,true,1,209227
7290012868122,false,"מהודר קמח לבן מנופה 1 ק""ג",מהודר,,מהודר- קמח לבן מנופה,גרמים,1000.00,100 גרם,false,,5.90,0.0059,true,1,209224
7290012868689,false,קמח כוסמין לבן - מהו,,,קמח כוסמין לבן - מהו,גרמים,1000.00,100 גרם,false,,19.90,0.0199,true,1,215126
7290012871054,false,שלווה חיטה מלאה דבש 200 גרם דגן,מפעלי דגן,,דגן-חיטה מלאה תפוחה,גרמים,220.00,100 גרם,false,,6.50,0.0295,true,1,189562
7290012871061,false,חטיף תירס פופ מתוק ד,מפעלי דגן,IL,דגן תירס פופ מתוק 15,גרמים,150.00,100 גרם,false,,6.50,0.0433,true,1,188870
7290012871382,false,דגן שלווה מלאה תפוחה,מפעלי דגן,,דגן שלווה מלאה תפוחה,גרמים,150.00,100 גרם,false,,6.90,0.0460,true,1,208196
7290012871429,false,פצפוצי כוסמת קלוי בת,מפעלי דגן,,פצפוצי כוסמת קלוי בת,גרמים,200.00,100 גרם,false,,9.90,0.0495,true,1,208347
7290012871436,false,דגנים מלאים 5 תפוחים,מפעלי דגן,IL,דגן 5 דגנים מלאים דב,גרמים,220.00,100 גרם,false,,8.90,0.0405,true,1,188871
7290012879067,false,אציטון 1 ליטר,,,אציטון 1 ליטר,ליטרים,1.00,ליטר,false,,24.90,24.9000,true,1,189854
7290012884986,false,תפוגן ציפס לתנור עד 4% שומן 1.5 קג,"תעשיות תפוגן בע""מ",IL,צ'יפס לתנור 4% שומן,קילוגרמים,1.50,"ק""ג",false,,24.90,16.6000,true,1,142549
7290012901355,false,דודלס ארוחת אטריות עם גבינה 206 גרם,האי נאם סי או אל.טי.,US,פסטה גבינה לבן,גרמים,206.00,100 גרם,false,,10.90,0.0529,true,1,150912
7290012911156,false,"רוטב טריאקי שומשום 300 מ""ל ""אסיה""",קיי.אר.אס.ספייסי פוד,TH,רוטב טריאקי שומשום,יחידה,300.00,יחידה,false,,11.00,0.0367,true,1,124840
7290012911170,false,מיסו כהה-מחית פולי סויה,טעמי אסיה Taste of Asia,,מיסו כהה,גרמים,500.00,100 גרם,false,,10.90,0.0218,true,1,134278
7290012911224,false,יין אורז סאקה,ningbo yimin,CN,"סאקה 750 מ""ל",יחידה,750.00,יחידה,false,,19.90,0.0265,true,1,125603
7290012911293,false,דפי אורז ללא גלוטן 300 ג',טעמי אסיה Taste of Asia,VN,דפי אורז 300גר,גרמים,300.00,100 גרם,false,,11.90,0.0397,true,1,124067
7290012911415,false,"ממרח קארי ירוק 400 גרם ""אסיה""",קיי אר אס ספייסי פוד,TH,ממרח קארי ירוק 400גר,גרמים,400.00,100 גרם,false,,17.90,0.0447,true,1,134479
7290012911422,false,"ממרח קארי אדום 400 גרם ""אסיה""",טעמי אסיה Taste of Asia,TH,ממרח קארי אדום 400גר,גרמים,400.00,100 גרם,false,,17.90,0.0447,true,1,134480
7290012911439,false,"קארי ממרח צהוב 400 גרם ""אסיה""",טעמי אסיה Taste of Asia,TH,ממרח קארי צהוב 400גר,גרמים,400.00,100 גרם,false,,17.90,0.0447,true,1,134481
7290012911477,false,"קרם קוקוס 400 גרם ""אסיה""",אסיאטיק אגרו אינדסטר,TH,"קרם קוקוס 400 מ""ל",יחידה,400.00,יחידה,false,,7.90,0.0198,true,1,133015
7290012911583,false,רצועות דלעת כבושה-קנפיו,טעמי אסיה Taste of Asia,CN,קנפיו רצועות דלעת כב,גרמים,100.00,100 גרם,false,,8.90,0.0890,true,1,134288
7290012911613,false,רצועות צנון יפני כבו,מזרח ומערב,,רצועות צנון יפני כבו,גרמים,100.00,100 גרם,false,,8.90,0.0890,true,1,193886
7290012911644,false,רוטב סריראצ'ה- רוטב צ'ילי חריף,טעמי אסיה Taste of Asia,,סריראג'ה-צ'ילי חריף,גרמים,435.00,100 גרם,false,,23.90,0.0549,true,1,135381
7290012911675,false,"פיטריות שטאקה 85 גרם ""אסיה""",טעמי אסיה Taste of Asia,IL,פטריות שטאקה 85 גר',גרמים,85.00,100 גרם,false,,17.90,0.2106,true,1,135952
7290012911729,false,"ג'ינג'ר ורוד לסושי 250 גרם ""אסיה""",טעמי אסיה Taste of Asia,CN,ג'נג'ר ורוד לסושי 25,גרמים,250.00,100 גרם,false,,7.90,0.0316,true,1,139322
7290012911804,false,"שמן שומשום כשר 150 מ""ל",גואנגדונג גוד טייסט,SG,"שמן שומשום 150מ""ל",יחידה,150.00,יחידה,false,,13.90,0.0927,true,1,127524
7290012911866,false,"דפי אורז מרוב עים 22 ס""מ 300 גרם",טעמי אסיה Taste of Asia,VN,"דפי אורז 22*22 ס""מ",גרמים,300.00,100 גרם,false,,11.90,0.0397,true,1,147457
7290012911934,false,שבבי אורז 227 גרם כש,lhian thai rice verm,TH,שבבי אורז,גרמים,227.00,100 גרם,false,,7.90,0.0348,true,1,140648
7290012911941,false,רוטב צ'ילי מתוק ללא תוספת סוכר,טעמי אסיה Taste of Asia,TH,רוטב צ'ילי מתוק 700מ,מיליליטרים,700.00,"100 מ""ל",false,,14.00,0.0200,true,1,141086
7290012911965,false,ג'ינג'ר לסושי ללא צבע כשר 250ג',טעמי אסיה Taste of Asia,CN,ג'ינג'ר לסושי ללא צב,גרמים,150.00,100 גרם,false,,7.90,0.0527,true,1,142367
7290012921025,false,"בקבוק בירה מלכה בהירה 330 מ""ל","בירה מלכה בע""מ",IL,בירה מלכה,מיליליטרים,330.00,"100 מ""ל",false,,13.90,0.0421,true,1,150263
7290012921032,false,"בקבוק בירה מלכה אדמונית 330 מ""ל","איי, בי, אינבוו",IL,מלכה אדמונית בירה,מיליליטרים,330.00,"100 מ""ל",false,,13.90,0.0421,true,1,150264
7290012921056,false,"בקבוק בירה מלכה חיטה 330 מ""ל",מבשלת בירה ישראלית,IL,בירה מלכה חיטה,מיליליטרים,330.00,"100 מ""ל",false,,13.90,0.0421,true,1,150265
7290012921063,false,בירה מלכה הינדי בבקבוק,"בירה מלכה בע""מ",IL,בירה מלכה הינדי,יחידה,0.00,יחידה,false,,13.90,0.0000,true,1,150748
7290012931925,false,2 כריות מתכת(כסף+זהב,מ.א ייצור ושיווק מטל,CN,זוג ננסים כסף+זהב,יחידה,0.00,יחידה,false,,4.90,0.0000,true,1,185197
7290012938405,false,"רדיד אלומיניום עבה במיוחד לבישול,אפייה והקפאה.",ריינולדס,US,רדיד אלומיניום עבה ב,יחידה,0.00,יחידה,false,,21.90,0.0000,true,1,123980
7290012938580,false,"סנסודיין משחת שיניים להלבנה עדינה 75 מ""ל",גלקסוסמית'קליין קונס,GB,סנסודיין הלבנה עדינה,מיליליטרים,75.00,"100 מ""ל",false,,21.90,0.2920,true,1,133544
7290012938597,false,"סנסודיין משחת שיניים רפיד רליף 75 מ""ל","סמיתקליין ביצ'ם בע""מ",SK,סנסודיין רפיד רליף,גרמים,75.00,100 גרם,false,,25.90,0.3453,true,1,128245
7290012938740,false,"משחת שיניים פרש מינט מנטה 75מ""ל סנסודיין",גלקסו סמית קליין,GB,"סנסודיין מנטה 75 מ""ל",מיליליטרים,75.00,"100 מ""ל",false,,21.90,0.2920,true,1,138422
7290012938924,false,אקוהפרש מי פה ללא אלכוהול 500 מל,מולינו ניקולי s.p.a,GB,אקווה פרש מי פה 500,מיליליטרים,500.00,"100 מ""ל",false,,19.90,0.0398,true,1,139246
7290012962493,false,"אטב איטלקי מחוזק 36 יחידות ""הוסטס""",הוסטס,,אטב איטלקי מחוזק,יחידה,0.00,יחידה,false,,10.90,0.0000,true,1,150690
7290012962806,false,נשכן סיליקון רך טולי,,,נשכן סיליקון רך טולי,יחידה,0.00,יחידה,false,,10.90,0.0000,true,1,191002
7290012982873,false,פילה אמנון 7-9 קפוא.,ג.עופר,CN,פילה אמנון 7-9,קילוגרמים,1.00,"ק""ג",true,,24.90,24.9000,false,1,150061
7290012983153,false,סילאן טבעי בקבוק לחיץ תמר כנרת 400 גר,מנדלז סי.אר. פרודקשן,IL,סילאן טבעי לחיץ 400,גרמים,400.00,100 גרם,false,,15.90,0.0398,true,1,147084
7290012983160,false,סילאן בקבוק לחיץ 400 גרם,"חצר כנרת מוצרי תמר אגש""ח",IL,סילאן לחיץ 400 גרם,גרמים,400.00,100 גרם,false,,11.50,0.0288,true,1,187491
7290012996610,false,הפי טבליות לניקוי אסלה יעקבי 16 יחידות,ג'נרל מילס סאן אדריא,DE,טבליות אסלה יעקבי,גרמים,400.00,100 גרם,false,,12.90,0.0323,true,1,127618
7290012996672,false,סבון אסלה + בושם ל24 שעות ביום הפי,יוליניבר,IT,סבון אסלה+בושם,יחידה,80.00,יחידה,false,,9.90,0.1238,true,1,128392
7290012996702,false,הפי ג'ל דוחה עש ומבשם לארון הבגדים,יעקבי - הפי Hepi,IT,שקיות בד רחניות לבגד,יחידה,0.00,יחידה,false,,10.90,0.0000,true,1,128269
7290013027399,false,לחם קמח מלא קל בתוספת שיפון 750 ג' אנג'ל,מאפיית שלמה א. אנג'ל,IL,לחם אנג'ל 100 בתוספת,גרמים,750.00,100 גרם,false,,15.90,0.0212,true,1,127471
7290013038234,false,מים אקווה נובה שישיי,"טמפו משקאות בע""מ",IL,אקווה נובה שישייה 2,ליטרים,12.00,ליטר,false,,9.90,0.8250,false,1,123294
7290013083661,false,"מטרנה אקסטרה קר שלב 1 חסכון 700 גרם תמ""ל",מטרנה תעשיות ש.מ,IL,מטרנה אקסטרה קר שלב,גרמים,700.00,100 גרם,false,,59.90,0.0856,false,1,125080
7290013083678,false,תחליף חלב אקסטרה קר שלב 2 מטרנה 700 גרם,מולינו ניקולי s.p.a,IL,מטרנה אקסטרה קר שלב,גרמים,700.00,100 גרם,false,,59.90,0.0856,false,1,125081
7290013083685,false,תחליף חלב אקסטרה קר שלב 3 מטרנה 700 גרם,מטרנה תעשיות ש.מ,IL,מטרנה אקסטרה קר שלב,גרמים,700.00,100 גרם,false,,59.90,0.0856,false,1,125082
7290013083999,false,חול יורוקיטי קריסטלי 3.8 ל',קינדאו,CN,חול חתולים קריסטלי י,יחידה,3.80,יחידה,false,,32.90,8.6579,true,1,127727
7290013117212,false,בורקס פילו במילוי גבינה מעדנות 600 גר,מיוצר עי קונדיטוריית,IL,בורקס פילו מילוי גבי,גרמים,600.00,100 גרם,false,,19.90,0.0332,false,1,122933
7290013117229,false,"בורקס פילו במילוי תפו""א מעדנות 600 גר",מיוצר עי קונדיטוריית,IL,"בורקס פילו מילוי תפ""",גרמים,600.00,100 גרם,false,,19.90,0.0332,false,1,122934
7290013117236,false,בורקס פילו פיצה מעדנות 600 גרם,מיוצר עי קונדיטוריית,IL,בורקס פילו פיצה מעדנ,גרמים,600.00,100 גרם,false,,19.90,0.0332,false,1,122935
7290013117243,false,בורקס פילו בולגרית מעדנות 600 גרם,מיוצר עי קונדיטוריית,IL,בורקס פילו בולגרית מ,גרמים,600.00,100 גרם,false,,19.90,0.0332,false,1,122936
7290013117410,false,בצק פריך מרודד למאפים מתוקים 900 ג' מעדנות,מיוצר עי קונדיטוריית,IL,בצק פריך מתוק מעדנות,גרמים,900.00,100 גרם,false,,21.90,0.0243,false,1,128114
7290013117427,false,בצק פריך מרודד למאפים מלוחים מעדנות 2*450 גרם,מיוצר עי קונדיטוריית,IL,בצק פריך מלוח מעדנות,גרמים,900.00,100 גרם,false,,19.90,0.0221,false,1,128115
7290013117526,false,בצק שמרים מרודד למאפים מתוקים מעדנות 900 גרם,"מעדנות בע""מ",IL,בצק שמרים למאפים מתו,גרמים,900.00,100 גרם,false,,19.90,0.0221,false,1,132899
7290013121028,false,לחם לבן ללא גלוטן 500 גר קפוא,אביב קונדיטוריה מעול,IL,לחם לבן ללא גלוטן גר,יחידה,0.00,יחידה,false,,17.90,0.0000,true,1,141930
7290013121035,false,לחם פשתן ללא גלוטן 500 גר קפוא,אביב קונדיטוריה מעול,IL,גרין ליין-לחם פשתן,גרמים,500.00,100 גרם,false,,19.90,0.0398,true,1,141931
7290013121042,false,לחם איטלקי ללא גלוטן 500 גר קפוא,אביב קונדיטוריה מעול,IL,גרין לייט-לחם איטלקי,גרמים,500.00,100 גרם,false,,19.90,0.0398,true,1,144139
7290013121103,false,רביעיית שליש בגט ללא גלוטן 400 גר,אביב קונדיטוריה מעול,IL,רביעיית שליש בגט ללא,יחידה,0.00,יחידה,false,,17.90,0.0000,true,1,141932
7290013121110,false,רביעיית לחמניות בורגר 350 גרם ללא גלוטן,אביב קונדיטוריה מעול,IL,גרין לייט-לחמניות בו,גרמים,350.00,100 גרם,false,,15.90,0.0454,true,1,144140
7290013121127,false,לחמניות מיני ללא גלוטן 420 גר קפוא,אביב קונדיטוריה מעול,IL,לחמניות מיני ללא גלו,יחידה,0.00,יחידה,false,,17.90,0.0000,true,1,141933
7290013121134,false,בייגל ללא גלוטן 430 גר קפוא,אביב קונדיטוריה מעול,IL,גרין ליין-בייגל אמרי,יחידה,0.00,יחידה,false,,19.90,0.0000,true,1,150004
7290013121158,false,רביעיית לחמניות סנדביץ 460 גרם ללא גלוטן,אביב קונדיטוריה מעול,IL,גרין ליין-לחמניות רב,גרמים,460.00,100 גרם,false,,17.90,0.0389,true,1,141934
7290013121165,false,שישיית לחמניות ללא גלוטן 460 גר קפוא,אביב קונדיטוריה מעול,IL,שישיות לחמניות נקניק,יחידה,0.00,יחידה,false,,17.90,0.0000,true,1,141935
7290013121189,false,רביעיית שליש לחמניות כפריות,,,לחמניות כפריות רביעי,גרמים,400.00,100 גרם,false,,24.90,0.0622,true,1,264291
7290013121226,false,בסיס לפיצה ללא גלוטן,אביב קונדיטוריה מעול,,גרין ליין-בסיס פיצה,יחידה,0.00,יחידה,false,,14.90,0.0000,true,1,146294
7290013121691,false,שלישיית לאפות ללא גלוטן 240 גר,"גרין לייט פוד בע""מ",IL,שלישיית לאפות גרין ל,יחידה,0.00,יחידה,false,,15.90,0.0000,true,1,205320
7290013121752,false,לחם לבן ביתי ללא גלוטן 700 גר קפוא,אביב קונדיטוריה מעול,IL,לחם לבן ביתי ללא גלו,גרמים,500.00,100 גרם,false,,21.90,0.0438,true,1,147105
7290013121769,false,רביעיית שליש באגט ללא תוספת סוכר וללא גלוטן,אביב קונדיטוריה מעול,IL,גרין ליין-לחמניות רב,גרמים,400.00,100 גרם,false,,17.90,0.0447,true,1,150770
7290013121776,false,לחם כפרי ללא תוספת סוכר וללא גלוטן,אביב קונדיטוריה מעול,IL,לחם כפרי ללא גלוטן ג,יחידה,0.00,יחידה,false,,21.90,0.0000,true,1,141938
7290013144171,false,"תערובת עוגת שוקולד 560 גרם ""מיימונס""",מיוצר עי קונדיטוריית,IL,תערובת עוגת שוקולד,יחידה,0.00,יחידה,false,,17.50,0.0000,true,1,199577
7290013144195,false,מיימונס תערובת כדורי שוקולד 500 גרם.,מיוצר עי קונדיטוריית,IL,תערובת כדורי שוקולד,יחידה,0.00,יחידה,false,,17.50,0.0000,true,1,199578
7290013144232,false,מיימונס פודינג בטעם וניל 80 גרם,מיוצר עי קונדיטוריית,IL,פודינג וניל 80 גר',גרמים,80.00,100 גרם,false,,5.60,0.0700,true,1,199579
7290013144249,false,מיימונס פודינג שוקולד 95 גרם,א.ל ייצור ושיווק תבל,IL,פודינג שוקולד 95 גר',גרמים,95.00,100 גרם,false,,5.60,0.0589,true,1,199580
7290013144263,false,תערובת להכנת מלבי 11,א.ל ייצור תבלינים בע,IL,אבקת מאלבי,גרמים,112.00,100 גרם,false,,10.60,0.0946,true,1,199603
7290013144270,false,תערובת להכנת קרם פטיסייר מיימונס 100 גרם,מיוצר עי קונדיטוריית,IL,קרם פטיסייר 100 גר',גרמים,100.00,100 גרם,false,,10.60,0.1060,true,1,199581
7290013144317,false,מימונס ג'וני גלילית וופל למילוי 18 יחידות,הגביע מוצרי וופלים ב,IL,ג'וני גלילית וופל למ,יחידה,0.00,יחידה,false,,21.90,0.0000,true,1,199587
7290013144393,false,"תמצית בטעם וניל מימונס 50 מ""ל",מיוצר עי קונדיטוריית,IL,תמצית אפיה בטעם וניל,מיליליטרים,50.00,"100 מ""ל",false,,4.90,0.0980,true,1,199589
7290013144409,false,"תמצית בטעם רום מימונס 50 מ""ל",מיוצר עי קונדיטוריית,IL,תמצית אפיה בטעם רום,מיליליטרים,50.00,"100 מ""ל",false,,4.90,0.0980,true,1,199590
7290013144416,false,"תמצית בטעם שקדים מימונס 50 מ""ל",מיוצר עי קונדיטוריית,IL,תמצית אפיה בטעם שקדי,מיליליטרים,50.00,"100 מ""ל",false,,4.90,0.0980,true,1,199591
7290013144447,false,"תמצית בטעם תפוז מימונס 50 מ""ל",מימונס אפייה,IL,תמצית בטעם תפוז 50 ג,גרמים,50.00,100 גרם,false,,8.90,0.1780,true,1,201176
7290013144508,false,"תמצית בטעם ורדים מיימונס 50 מ""ל",מיוצר עי קונדיטוריית,IL,תמצית אפיה בטעם ורדי,מיליליטרים,50.00,"100 מ""ל",false,,8.90,0.1780,true,1,199833
7290013144614,false,"מיימונס סירופ מייפל אמיתי 100% מקנדה 236 מ""ל",הנסיך- מפעל לייצור ט,CA,סירופ מייפל אמיתי 10,יחידה,0.00,יחידה,false,,29.90,0.0000,true,1,199596
7290013144751,false,מימונס סירופ בטעם מייפל 500 מל,מימונס אפייה,IL,סירופ בטעם מייפל 500,גרמים,500.00,100 גרם,false,,13.90,0.0278,true,1,199597
7290013144805,false,אבקת אייס קפה דיאט 320 גרם מימונס,מימונס אפייה,IL,אייס קפה דיאט 245 גר,גרמים,245.00,100 גרם,false,,19.90,0.0812,true,1,263158
7290013144911,false,מימונס מיקס שוקולד צ'יפס מריר וחלב 250 גרם,מימונס אפייה,IL,מיקס שוקולד צ'יפס מר,גרמים,250.00,100 גרם,false,,14.90,0.0596,true,1,263268
7290013145031,false,אגוזי לוז מסוכרים מיימונס 100 גרם,מיוצר עי קונדיטוריית,IL,אגוזי לוז מסוכרים 10,גרמים,100.00,100 גרם,false,,14.90,0.1490,true,1,200681
7290013145109,false,מיימונס שקד מולבן טחון 100 גרם,מימונס אפייה,IL,שקד מולבן טחון,יחידה,0.00,יחידה,false,,13.90,0.0000,true,1,199606
7290013145116,false,מיימונס שקד מולבן מקלות 100 גרם.,מימונס אפייה,IL,שקד מולבן מקלות,יחידה,0.00,יחידה,false,,13.90,0.0000,true,1,199607
7290013145123,false,מיימונס שקד מולבן פרוס 100 גרם,מימונס אפייה,IL,שקד מולבן פרוס 100 ג,גרמים,100.00,100 גרם,false,,13.90,0.1390,true,1,200190
7290013145277,false,עלים לקרמשניט 300 גר מימונס,מימונס אפייה,IL,עלים לקרמשניט 300 גר,גרמים,300.00,100 גרם,false,,16.90,0.0563,true,1,199851
7290013145529,false,סוכריות צבעוניות לקישוט מיימונס 90 גרם,א.ל ייצור ושיווק תבל,IL,סוכריות צבעוניות לעו,גרמים,90.00,100 גרם,false,,5.90,0.0656,true,1,199853
7290013145567,false,מיימונס מיני מיני עדשים 90 גרם.,מיוצר עי קונדיטוריית,IL,סוכריות מיני מיני עד,גרמים,90.00,100 גרם,false,,10.90,0.1211,true,1,199968
7290013145628,false,מימונס סוכריות צבעוניות לקישוט 200 גרם,א.ל ייצור ושיווק תבל,IL,סוכריות צבעוניות לקי,גרמים,200.00,100 גרם,false,,8.90,0.0445,true,1,199610
7290013145710,false,מיימונס דובדבנים מסוכרים 100 גרם,מיוצר עי קונדיטוריית,IL,דובדבנים מסוכרים,יחידה,0.00,יחידה,false,,8.90,0.0000,true,1,199611
7290013145833,false,פודינג שוקולד אמיתי מימונס 95 ג',א.ל ייצור ושיווק תבל,IL,פודינג שוקולד בלגי 9,גרמים,95.00,100 גרם,false,,5.60,0.0589,true,1,206840
7290013145840,false,סוכר וניל מיימונס 10 יחידות,מיוצר עי קונדיטוריית,IL,סוכר וניל 10 יח' בצל,יחידה,0.00,יחידה,false,,2.50,0.0000,true,1,199612
7290013145857,false,אבקת אפיה מיימונס 10 יחידות,מימונס אפייה,IL,אבקת אפיה 10 יח' בצל,יחידה,0.00,יחידה,false,,2.50,0.0000,true,1,199613
7290013145918,false,אבקת סוכר מיימונס 100 גרם,א.ל. ייצור ושיווק תב,IL,אבקת סוכר 100 גר',גרמים,100.00,100 גרם,false,,1.90,0.0190,true,1,199969
7290013145949,false,אבקת סוכר באריזת פטנט 250גר,מיוצר עי קונדיטוריית,IL,אבקת סוכר בפלסטיק,גרמים,250.00,100 גרם,false,,15.90,0.0636,true,1,199615
7290013145956,false,שמרים יבשים בוואקום מיימונס 500 גרם,הנסיך- מפעל לייצור ט,CN,שמרים יבשים בוואקום,גרמים,500.00,100 גרם,false,,14.90,0.0298,true,1,199616
7290013145963,false,שמרים יבשים בוואקום מיימונס 125 גרם,מימונס אפייה,CN,שמרים יבשים 125 גר',גרמים,125.00,100 גרם,false,,5.90,0.0472,true,1,201182
7290013145970,false,קורנפלור מימונס בשקית 200 ג',א.ל ייצור ושיווק תבל,IL,קורנפלור בשקית 200 ג,גרמים,200.00,100 גרם,false,,3.90,0.0195,true,1,199942
7290013146014,false,מלית אוכמניות 70% פרי מיימונס 400 גרם,אינטרגטה,IL,מלית אוכמניות 70% פר,גרמים,400.00,100 גרם,false,,14.90,0.0373,true,1,206842
7290013146199,false,מלית קרם נוגט 350 גרם מימונס,הנסיך- מפעל לייצור ט,IL,קרם נוגט 350 גר',גרמים,350.00,100 גרם,false,,14.90,0.0426,true,1,206771
7290013146274,false,מארז תחתיות מרנג 8 יחידות 100 גרם,סטולורגן - פארק תעשי,IL,מארז 8 יח' תחתיות מר,גרמים,100.00,100 גרם,false,,17.90,0.1790,true,1,209552
7290013146403,false,סירופ בטעם קרמל מלוח מימונס 500 גרם,מימונס אפייה,IL,מימונס סירופ בטעם קר,גרמים,500.00,100 גרם,false,,15.90,0.0318,true,1,208700
7290013146656,false,כוכבים תכלת ירוק לבן לקישוט 60 גרם,"מימונס אפיה בע""מ",IL,כוכבים תכלת ירוק לבן,גרמים,60.00,100 גרם,false,,11.90,0.1983,true,1,212483
7290013146663,false,סוכריות קונפטי לקישוט מימונס 55 ג',"מימונס אפיה בע""מ",IL,אטריות צבעוניות לקיש,גרמים,55.00,100 גרם,false,,11.90,0.2164,true,1,212484
7290013146670,false,סוכריות לב סגול ורוד לבן לקישוט 60 גרם,"מימונס אפיה בע""מ",IL,סוכריות לב סגול ורוד,גרמים,60.00,100 גרם,false,,11.90,0.1983,true,1,212485
7290013146724,false,אבקת אייס קפה 350 גרם מימונס,מימונס אפייה,IL,אייס קפה 350 גר' מימ,גרמים,350.00,100 גרם,false,,16.90,0.0483,true,1,260167
7290013146816,false,אבקת סוכר מימונס 500 ג',א.ל ייצור ושיווק תבל,IL,אבקת סוכר שקית 500 ג,גרמים,500.00,100 גרם,false,,6.90,0.0138,true,1,207467
7290013151322,false,סרדין קזבלנקה במי מ,יוניון דה פחריס,MA,סרדינים במי מלח,גרמים,125.00,100 גרם,false,,4.90,0.0392,true,1,145217
7290013151636,false,פילה סרדין בשמן זית,יוניון דה פחריס,,פילה סרדין בשמן זית,גרמים,90.00,100 גרם,false,,9.90,0.1100,true,1,193026
7290013153395,false,פריגת סחוט טרי רימונים 1ליטר,פריגת מצוננים,IL,פריגת סחוט רימון 1 ל,ליטרים,1.00,ליטר,false,,23.90,23.9000,true,1,187980
7290013153418,false,פריגת סחוט לימונענע 1 ליטר,פריגת מצוננים,IL,פריגת סחוט לימונענע,ליטרים,1.00,ליטר,false,,16.00,16.0000,true,1,189499
7290013153579,false,משקה בטעם אפרסק מרוכז קפוא,פריגת מצוננים,IL,פריגת אפרסק קפוא 350,גרמים,350.00,100 גרם,false,,12.90,0.0369,true,1,197536
7290013153593,false,מיץ תפוזים מתקתק 1 ליטר,"גת גבעת חיים,",IL,מיץ תפוזים מתקתק 1 ל,ליטרים,1.00,ליטר,false,,12.50,12.5000,false,1,197981
7290013156020,false,עוגיות מלוחות,,,עוגיות רייף,גרמים,300.00,100 גרם,false,,16.90,0.0563,true,1,199855
7290013181015,false,"צלחות עגולות עלי דקל קוטר 25 ס""מ",תבניכל,,צלחות עגולות גדולות,יחידה,0.00,יחידה,false,,12.90,0.0000,true,1,136328
7290013181060,false,צלחת עגולה קטנה,,,צלחת עגולה קטנה,יחידה,0.00,יחידה,false,,7.90,0.0000,true,1,205189
7290013181084,false,צלחת חד פעמית לב אקולוגי מתכלה מעלה דקל,,,צלחת לב עלי דקל 10 י,יחידה,0.00,יחידה,false,,15.90,0.0000,true,1,204728
7290013181152,false,צלחת ריבועית בינונית,,,צלחת מרובעת בינונית,יחידה,0.00,יחידה,false,,10.90,0.0000,true,1,137889
7290013181206,false,"צלחות מרובעות עלי דקל 25*25 ס""מ",תבניכל,,צלחת מרובעת גדולה,יחידה,0.00,יחידה,false,,12.90,0.0000,true,1,136334
7290013181213,false,"צלחות מרובעות עלי דקל 15*15 ס""מ",תבניכל,,צלחת מרובעת קטנה,יחידה,0.00,יחידה,false,,7.90,0.0000,true,1,136335
7290013181244,false,מזלגות מעץ לבנה 20 ס,,,מזלגות מעץ לבנה 20 ס,יחידה,0.00,יחידה,false,,9.90,0.0000,true,1,147797
7290013181251,false,כפות מעץ מתכלה - מארז 25 יח',תבניכל,,"כפות מעץ לבנה 20 ס""מ",יחידה,0.00,יחידה,false,,9.90,0.0000,true,1,147798
7290013181268,false,סכינים מעץ מתכלה - מארז 25 יח',תבניכל,,סכינים מעץ,יחידה,0.00,יחידה,false,,9.90,0.0000,true,1,148157
7290013181367,false,צלחת חד פעמית מלבנית אקולוגי מתכלה 10 יח,,,צלחת מלבנית גדולה 24,יחידה,0.00,יחידה,false,,17.90,0.0000,true,1,198351
7290013181442,false,קערת הגשה עמוקה עלי,,,קערת הגשה עמוקה עלי,יחידה,0.00,יחידה,false,,11.90,0.0000,true,1,204581
7290013185006,false,לחם בריאות משהו משהו,,,לחם בריאות משהו משהו,גרמים,700.00,100 גרם,false,,13.90,0.0199,true,1,213807
7290013185914,false,לחם בריאות מחמצת כוסמין קל,מאפיית רפאל,IL,לחם בריאות מחמצת כוס,גרמים,600.00,100 גרם,false,,16.90,0.0282,true,1,259969
7290013237897,false,טסקיו דאודורנט סטיק לגבר,חלאבין Halvin,IL,דאודורנט סטיק טסקיו,מיליליטרים,50.00,"100 מ""ל",false,,17.90,0.3580,true,1,145007
7290013267665,false,מאגדת מיני סולרו פירות טרופי 6 יח' 354 ג',"מיוצר ע""י גלידת שטרא",IL,מאגדת מיני סולרו פיר,גרמים,354.00,100 גרם,false,,25.90,0.0732,true,1,135944
7290013268020,false,מקסימה מרכך כביסה מרוכז בניחוח אולטרא פרש סנו 1 ליטר,"סנו מפעלי ברונוס בע""",IL,מרכך מרוכז א. פרש 1ל,ליטרים,1.00,ליטר,false,,16.90,16.9000,true,1,124365
7290013268037,false,מקסימה מרכך כביסה מרוכז בניחוח לבנדר פצ'ולי סנו 1 ליטר,"איי, בי, אינבוו",IL,מרכך כביסה מרוכז פצ',ליטרים,1.00,ליטר,false,,16.90,16.9000,true,1,124179
7290013268242,false,תרכיז ריחני לניקוי רצפות בריח מלון מפנק ריצפז פרש,"סנו מפעלו ברונוס בע""",IL,ריצפז פרש הום מלון מ,ליטרים,2.00,ליטר,false,,21.90,10.9500,false,1,210162
7290013268372,false,פוליויקס נוזל לניקוי פרקט סנו 2 ליטר,סנו פוליויקס,IL,פוליווקס פרקט בתוספת,ליטרים,2.00,ליטר,false,,19.90,9.9500,true,1,213822
7290013268570,false,דאודורנט ספריי אנטיפרספירנט אקטיב בלוק Calm,אמיליה קוסמטיקס,IL,דאודורנט ספריי קרמה,מיליליטרים,200.00,"100 מ""ל",false,,14.90,0.0745,true,1,135516
7290013268884,false,"נוזל רצפות מאסק 2 ליטר ""ריצפז פרש""",מיוצר עי קונדיטוריית,IL,ריצפז פרש מאסק 2 ל',ליטרים,2.00,ליטר,false,,17.90,8.9500,false,1,126712
7290013268891,false,אוקסיג'ן ג'ל ללא אקונומיקה עם חמצן פעיל סנו 3 ליטר,"סנו מפעלי ברונוס בע""",IL,ג'ל אוקסיג'ן 3 ליטר,ליטרים,3.00,ליטר,false,,29.90,9.9667,true,1,134788
7290013268914,false,סנו מקסימה ג'ל כביסה סמארט 3 ל',סנו מקסימה,IL,ג'ל כביסה 3 ליטר סמא,ליטרים,3.00,ליטר,false,,31.90,10.6333,true,1,199645
7290013268983,false,מרכך כביסה סופר מרוכז בבישום עוצמתי סנו מקסימה 1 ל',"סנו מפעלי ברונוס בע""",IL,מרכך מרוכז 1 ליטר JO,ליטרים,1.00,ליטר,false,,16.90,16.9000,false,1,219363
7290013268990,false,סנו - מקסימה מרכך כביסה מרוכז ביו 1 ליטר,"סנו מפעלי ברונוס בע""",IL,מרכך מרוכז מקסימה 1,ליטרים,1.00,ליטר,false,,16.90,16.9000,true,1,128186
7290013269003,false,מרכך כביסה סופר מרוכז בייבי לתינוקות ולעור רגיש,"סנו מפעלי ברונוס בע""",IL,מרכך מרוכז מקסימה בי,ליטרים,1.00,ליטר,false,,18.90,18.9000,true,1,128187
7290013269096,false,מטליות לחות לטיפול במוצרי עור,מיוצר עי קונדיטוריית,IL,מטליות לניקוי עור,יחידה,0.00,יחידה,false,,14.90,0.0000,true,1,144189
7290013269263,false,ג'ל כביסה מרוכז מקסימה בבישום קריסטל נואר,סנו מפעלי ברונוס בעמ,IL,ג'ל כביסה קריסטל 3 ל,ליטרים,3.00,ליטר,false,,31.90,10.6333,true,1,134891
7290013269287,false,סנו - מקסימה ג'ל כביסה מרוכז מאסק 3 ליטר,"סנו מפעלי ברונוס בע""",IL,ג'ל כביסה מאסק 3 ליט,ליטרים,3.00,ליטר,false,,31.90,10.6333,true,1,136119
7290013269300,false,ניילון נצמד + לשימוש במיקרוגל,"מיוצר בהונג קונג, סי",CN,ניילון נצמד 150 מטר,יחידה,0.00,יחידה,false,,24.90,0.0000,true,1,141628
7290013269621,false,ריצפז פרש לניקוי רצפות בניחוח מלון בוטיק,מיוצר עי קונדיטוריית,IL,ריצפז פרש הום בניחוח,ליטרים,2.00,ליטר,false,,21.90,10.9500,false,1,204463
7290013269638,false,ספוג הפלא אקסטרה Extra- מארז 6 יח',החברה הדרומית,IL,ספוג הפלא EXTRA,יחידה,0.00,יחידה,false,,12.90,0.0000,true,1,141630
7290013269645,false,ריצפז פרש מטליות לחות לריצפה בניחוח מאסק 10 יחידות,סנו מפעלי ברונוס בעמ,IL,מטליות רצפז פרש,יחידה,0.00,יחידה,false,,12.90,0.0000,true,1,142979
7290013269652,false,פוליויקס נוזל לניקוי רצפות גרניט פורצלן סנו 2 ליטר,סנו פוליויקס,IL,פוליווקס פורצלן מסק,ליטרים,2.00,ליטר,false,,19.90,9.9500,true,1,137579
7290013269669,false,ריצפז בניחוח פנטזיה לניקוי הרצפה,"סנו מפעלי ברונוס בע""",IL,ריצפז פנטזיה 3 ליטר,ליטרים,3.00,ליטר,false,,12.90,4.3000,true,1,137580
7290013269690,false,סנובון ג'ל לניקוי האסלה בניחוח לימון,Nicolas polandמשווק,PL,ג'ל אסלה סנובון לימו,מיליליטרים,55.00,"100 מ""ל",false,,7.90,0.1436,true,1,137107
7290013269706,false,"סנובון ג'ל לאסלה אוקיאנוס נתלה 55מ""ל",סנו סנובון,PL,ג'ל אסלה סנובון,מיליליטרים,55.00,"100 מ""ל",false,,7.90,0.1436,true,1,137108
7290013269751,false,מטליות לחותריצפז פרש לניקוי ריצפה בניחות מלון בוטיק 10 יח' סנו,טרופיקל דגיל תעשיות,IL,ריצפז מטליות לחות לנ,יחידה,0.00,יחידה,false,,12.90,0.0000,true,1,204946
7290013269850,false,סנו - סושי נייר אפיה אקולוגי 50 יח',מולינו ניקולי s.p.a,IL,סושי נייר אפיה 50 יח,יחידה,0.00,יחידה,false,,14.90,0.0000,true,1,133082
7290013269867,false,סנו סושי זוג מפות אירוח צבעים שונים,מיוצר עי קונדיטוריית,IL,סושי זוג מפות אירוח,יחידה,0.00,יחידה,false,,9.90,0.0000,true,1,134477
7290013269911,false,"סנו K-333 קוטל חרקים ללא ריח 750מ""ל","סנו מפעלי ברונוס בע""",IL,333 K,מיליליטרים,750.00,"100 מ""ל",false,,29.90,0.0399,true,1,136994
7290013276124,false,"בקבוק בירה נגב אמבר אייל 330 מ""ל","איי, בי, אינבוו",IL,נגב אמבר אייל בירה,מיליליטרים,330.00,"100 מ""ל",false,,13.90,0.0421,true,1,189310
7290013284310,false,רוטב פסטה לילדים 240 גרם פריניר,פריניר ( הדס 1987) ב,IL,רוטב פסטה לילדים,גרמים,240.00,100 גרם,false,,4.60,0.0192,true,1,150269
7290013310262,false,נובי 5380 כפית ארוכה 4 יח' בטוחה ורגישה לחום,,,כפיות ארוכות נובי רב,יחידה,0.00,יחידה,false,,28.90,0.0000,true,1,133834
7290013310507,false,מברשת עם פטנט לבקבוק ופיטמה טוליפס פרמיום,F.E.CO.LTD,CN,מברשת עם פטנט לבקבוק,יחידה,0.00,יחידה,false,,9.90,0.0000,true,1,136922
7290013358356,false,מאסטר שף פירורי לחם מוזהבים 320 גרם,מנה י.א בעמ,IL,מנה פירורי לחם מוזהב,גרמים,350.00,100 גרם,false,,6.90,0.0197,true,1,137689
7290013358363,false,מאסטר שף פרורי לחם פנקו עבים בסגנון יפני 300 גר,קריניציה ויטמינה אס,IL,פירורי לחם פנקו מוזה,גרמים,300.00,100 גרם,false,,9.90,0.0330,true,1,137690
7290013358370,false,מאסטר שף פירורי לחם יפני פנקו שום 300 גרם,"מיוצר ע""י מנה י.א בע",IL,פרורי לחם פנקו בטעם,גרמים,300.00,100 גרם,false,,9.90,0.0330,true,1,137691
7290013358417,false,מאסטר שף אסייאתי רוטב טריאקי 300 מל כשלפ,קריניציה ויטמינה אס,TH,רוטב טריאקי מנה,מיליליטרים,300.00,"100 מ""ל",false,,9.90,0.0330,true,1,186433
7290013358431,false,מאסטר שף קרוטונים לסלט עגבניות ובזיליקום,עינת תעשיות מזון אגו,IL,מנה קרוטונים לסלט בת,גרמים,200.00,100 גרם,false,,12.90,0.0645,true,1,143860
7290013358462,false,"מיני קרוטונים למרק בתיבול שום, בצל ופטרוזיליה","עינת תעשיות מזון, אג",IL,מיני קרוטונים למרק ש,גרמים,350.00,100 גרם,false,,18.90,0.0540,true,1,143863
7290013358486,false,מאסטר שף פירורים מוזהבים ללא צורך בביצה 300 ג,"מיוצר ע""י מנה י.א בע",IL,פירורי לחם מנה ללא ב,גרמים,300.00,100 גרם,false,,7.90,0.0263,true,1,149350
7290013358493,false,מנה אסייאתי קרם קוקוס פחית 400 מל מ.שף,תאי קוקונט פבליק קומ,TH,קרם קוקוס פחית מאסטר,מיליליטרים,400.00,"100 מ""ל",false,,8.90,0.0223,true,1,186425
7290013358509,false,"מיקסלט גרעינים, קטניות ואגוזים",בטר אנד דיפרנט,IL,מנה מיקס סלט 200גר,גרמים,200.00,100 גרם,false,,14.90,0.0745,true,1,148140
7290013358516,false,"מיקסלט חמוציות, גרעינים, קטניות ואגוזים",המאפיה של הרמן,IL,מנה מיקסלט עם חמוציו,גרמים,200.00,100 גרם,false,,14.90,0.0745,true,1,148141
7290013358523,false,מאסטר שף שבבי בצל מטוגן 150 גרם,קריניציה ויטמינה אס,NL,שבבי בצל מנה,גרמים,150.00,100 גרם,false,,12.90,0.0860,true,1,148987
7290013358530,false,מאסטר שף אסייאתי רוטב צ'ילי מתוק 700 מל כשלפ,קריניציה ויטמינה אס,TH,רוטב צ'ילי מתוק מנה,מיליליטרים,700.00,"100 מ""ל",false,,12.90,0.0184,true,1,186324
7290013358547,false,מאסטר שף אסייאתי רוטב צ'ילי חריף 700 מל,קי.אר.אס. ספייסי פוד,TH,רוטב צ'ילי חריף מנה,מיליליטרים,700.00,"100 מ""ל",false,,12.90,0.0184,true,1,186426
7290013358578,false,מנה אסייאתי אטריות אורז רחבות 400 ג מ.שף,ליינג טונג רייס פלוו,TH,איטריות אורז רחבות מ,גרמים,400.00,100 גרם,false,,7.90,0.0198,true,1,186427
7290013358585,false,מנה אסייאתי נודלס ביצים להקפצה 400 מ.שף,הנסיך- מפעל לייצור ט,CN,נודלס ביצים להקפצה מ,גרמים,400.00,100 גרם,false,,7.90,0.0198,true,1,186837
7290013361981,false,צ'יפס קפוא חתוך פרי הגליל,"פרי הגליל בע""""מ",IL,"צ'יפס 2 ק""ג פרי גליל",קילוגרמים,2.00,"ק""ג",false,,21.90,10.9500,true,1,147693
7290013366047,false,כרובית פיורטי (כרובית+ברוקולי),כרמלים,IL,כרובית פיורטי 500 גר,גרמים,500.00,100 גרם,false,,21.90,0.0438,true,1,210374
7290013366085,false,תירס סופר סוויט ארוז,כרמל יבולים,IL,תירס מקולף מתוק במיו,יחידה,0.00,יחידה,false,,19.90,0.0000,true,1,187691
7290013366108,false,אספרגוס ירוק כרמלים,כרמל יבולים,IL,אספרגוס 400 גר' כרמל,גרמים,400.00,100 גרם,false,,32.90,0.0822,true,1,204825
7290013366153,false,ברוקומיני 300 גרם,,,ברוקומיני 300 גר',גרמים,300.00,100 גרם,false,,22.90,0.0763,true,1,213112
7290013366221,false,נבטי חמנייה כרמל יבו,שחף שיווק,IL,נבטי חמניה,יחידה,0.00,יחידה,false,,9.50,0.0000,true,1,127667
7290013366252,false,נבטוטים קטניות מונבט,כרמלים,IL,נבטוטי קטניות כרמל י,יחידה,0.00,יחידה,false,,8.90,0.0000,true,1,127670
7290013366306,false,נבטי בזיל כרמלים 30,כרמלים,IL,נבטי בזיל,יחידה,0.00,יחידה,false,,9.90,0.0000,true,1,139027
7290013366634,false,כרמל יבולים חסה סלנו,שמיניית מעדן חלב שוק,IL,חסה SALANOVA,יחידה,0.00,יחידה,false,,12.90,0.0000,true,1,127647
7290013366641,false,רוקולה כרמלים 160 גר,מרינה פטריות הגליל,IL,רוקלה כרמל יבולים,יחידה,0.00,יחידה,false,,12.90,0.0000,true,1,127685
7290013366658,false,חסה סלנובה עלים חתוך,מרינה פטריות הגליל,IL,עלי חסה סלנובה,יחידה,0.00,יחידה,false,,12.90,0.0000,true,1,127697
7290013366665,false,חסה גמביט קראנצ'ית ב,,,חסה גמביט,יחידה,0.00,יחידה,false,,12.90,0.0000,true,1,258713
7290013366719,false,פאק צ'וי כרמל יבולם,חקלאי,IL,פאק צ'וי כרמל יבולם,יחידה,0.00,יחידה,false,,12.90,0.0000,true,1,149965
7290013366726,false,קייל כרמלים 160 גר,"שניב תעשיות נייר בע""",IL,עלי קייל,גרמים,260.00,100 גרם,false,,13.50,0.0519,true,1,146110
7290013366986,false,ביצי חופש 18 יח' L,,,ביצי חופש 18 יח' L,יחידה,0.00,יחידה,false,,26.90,0.0000,false,1,264203
7290013381088,false,עמבה הודית נאמן 500 גר',נאמן,IL,עמבה הודית,גרמים,500.00,100 גרם,false,,9.40,0.0188,true,1,212387
7290013381576,false,רוזטה תרכיז שקדים 1 ליטר,הילל תעשיות,IL,תרכיז שקדים רוזטה 1,ליטרים,1.00,ליטר,false,,19.90,19.9000,true,1,137968
7290013381675,false,"סירופ למלבי נאמן 750מ""ל",הילל תעשיות,IL,סירופ מלבי 750 מל,מיליליטרים,750.00,"100 מ""ל",false,,17.90,0.0239,true,1,143528
7290013381897,false,טורטיות מקמח חיטה 320 ג',GRAFER,IL,טורטיות מקמח חיטה 8י,יחידה,0.00,יחידה,false,,9.50,0.0000,true,1,157760
7290013389114,false,ניוקי תפוח אדמה 500 ג' לה פסטה,לה פסטה La' Pasta,,"לה פסטה ניוקי תפו""א",גרמים,500.00,100 גרם,false,,6.90,0.0138,true,1,190337
7290013389138,false,"ניוקי 500 ג' ""לה פסטה"" שלושה צבעים 500 גר' 12X",לה פסטה La' Pasta,,ניוקי שלושה צבעים,גרמים,500.00,100 גרם,false,,6.90,0.0138,true,1,151181
7290013389145,false,"ניוקי 500 ג' ""לה פסטה"" מיני 500 גר' 12X",לה פסטה La' Pasta,,לה פסטה ניוקי מיני,גרמים,500.00,100 גרם,false,,6.90,0.0138,true,1,191809
7290013412966,false,טולי רביעיית מגבונים לחים,DPL,IL,מגבונים רביעייה טולי,יחידה,0.00,יחידה,false,,10.00,0.0000,true,1,141280
7290013430083,false,"בירה אלכסנדר בלונד בקבוק 330 מ""ל",מנדלז סי.אר. פרודקשן,IL,אלכסנדר-BLOND בירה,מיליליטרים,330.00,"100 מ""ל",false,,12.90,0.0391,true,1,136226
7290013430090,false,בירה אלכסנדר אמברה AMBREE בירה ישראלית,מנדלז סי.אר. פרודקשן,IL,אלכסנדר-AMBREE בירה,מיליליטרים,330.00,"100 מ""ל",false,,12.90,0.0391,true,1,136227
7290013430250,false,"בירה אלכסנדר חיטה ישראלית 330 מ""ל",יקבי כרמל,IL,בירה אלכסנדר חיטה יש,מיליליטרים,330.00,"100 מ""ל",false,,12.90,0.0391,true,1,201800
7290013430304,false,בירה אלכסנדר גרין GREEN בירה ישראלית,מנדלז סי.אר. פרודקשן,IL,בירה אלכסנדר גרין,מיליליטרים,330.00,"100 מ""ל",false,,12.90,0.0391,true,1,137063
7290013440648,false,מאגדת שלגוני אבטיח נסטלה 108X5ג',גלידות נסטלה (נגה גל,IL,מאגדת קרחוני אבטיח 5,גרמים,540.00,100 גרם,false,,22.90,0.0424,true,1,135962
7290013442062,false,יוגורט עדין קטיפתי 6,מוטק'ה החולב,,יוגורט עדין קטיפתי,מיליליטרים,650.00,"100 מ""ל",false,,21.00,0.0323,false,1,126765
7290013442246,false,לבנה 9% מוטקה החולב,מוטק'ה החולב,IL,לבנה 9% מוטקה החולב,גרמים,280.00,100 גרם,false,,17.90,0.0639,false,1,262170
7290013442253,false,צפתית 16% מוטקה חולב,מוטק'ה החולב,IL,צפתית 16% מוטקה חולב,גרמים,250.00,100 גרם,false,,22.90,0.0916,false,1,262171
7290013442260,false,גבינה צפתית קצח כבשי,מוטק'ה החולב,IL,צפתית קצח 16% מוטקה,גרמים,250.00,100 גרם,false,,22.90,0.0916,false,1,262172
7290013442277,false,גבינה בסגנון פטה יוו,מוטק'ה החולב,IL,פטה 26% מוטקה החולב,גרמים,250.00,100 גרם,false,,31.90,0.1276,false,1,262173
7290013442284,false,גבינת ברי כבשים 140ג,מוטק'ה החולב,IL,ברי 22% מוטקה החולב,גרמים,140.00,100 גרם,false,,25.90,0.1850,true,1,262174
7290013442291,false,גבינת קממבר כבשים 14,מוטק'ה החולב,IL,קממבר 22% מוטקה החול,גרמים,140.00,100 גרם,false,,25.90,0.1850,false,1,262175
7290013442307,false,גבינת קממבר פקאן כבש,מוטק'ה החולב,IL,קממבר פקאן 23% מוטקה,גרמים,140.00,100 גרם,false,,25.90,0.1850,false,1,262176
7290013442314,false,גבינת סנט מור כבשים,מוטק'ה החולב,IL,סנט מור 22% מוטקה הח,גרמים,150.00,100 גרם,false,,28.90,0.1927,false,1,262177
7290013442321,false,גבינת כבשה צהובה בסגנון גאודה 150 גר,מוטק'ה החולב,IL,כבשה צהובה 27% מוטקה,גרמים,150.00,100 גרם,false,,25.90,0.1727,false,1,262178
7290013442338,false,גבינת כבשה חרדלית 150 גר,מוטק'ה החולב,IL,כבשה חרדלתי 27% מוטק,גרמים,150.00,100 גרם,false,,25.90,0.1727,false,1,262179
7290013442345,false,גבינה ארוטן כמהין עובש כמהין 150 גר,מוטק'ה החולב,IL,ארוטן כמהין 23% מוטק,גרמים,150.00,100 גרם,false,,29.90,0.1993,false,1,262180
7290013444547,false,מגבת פנים ג'אקרד,,,מגבת פנים ג'אקרד,יחידה,0.00,יחידה,false,,24.90,0.0000,true,1,189363
7290013444905,false,מגבת ענק,,,מגבת ענק,יחידה,0.00,יחידה,false,,59.90,0.0000,true,1,190292
7290013453068,false,עוגיות כוסמין ופירות יער ללא ת.ס 240 גר,האי נאם סי או אל.טי.,IL,עוגיות כוסמין ופירות,גרמים,240.00,100 גרם,false,,22.90,0.0954,true,1,149895
7290013453075,false,"דני וגלית עוגיות שיבולת שועל, טחינה וסילאן",דני וגלית בעמ,IL,עוגיות שיבולת שועל ט,גרמים,270.00,100 גרם,false,,22.90,0.0848,true,1,209616
7290013453082,false,עוגיות כוסמין שוקולדצ'יפס 230 גרם,,,עוגיות גרנולה ושוקול,גרמים,230.00,100 גרם,false,,22.90,0.0996,true,1,138363
7290013453105,false,דני וגלית עוגיות לתה מקמח מלא,,,"עוגיות לתה -""דני וגל",גרמים,240.00,100 גרם,false,,19.90,0.0829,true,1,138375
7290013453112,false,ריבועי כוסמין ללא ת.סוכר 250 גר,,,עוגיות ריבועי גרנולה,גרמים,250.00,100 גרם,false,,22.90,0.0916,true,1,138364
7290013453150,false,עוגיות קוקוס ואגוזי,האי נאם סי או אל.טי.,IL,עוגיות כוסמין קוקוס,גרמים,230.00,100 גרם,false,,22.90,0.0996,true,1,142006
7290013453235,false,עוגיות טחינה וכוסמין,דני וגלית בעמ,IL,עוגיות טחינה וכוסמין,גרמים,230.00,100 גרם,false,,22.90,0.0996,true,1,209317
7290013453259,false,עוגיות חטיפי חמאת קו,האי נאם סי או אל.טי.,IL,עוגיות חטיפי חמאת קו,גרמים,230.00,100 גרם,false,,22.90,0.0996,true,1,149003
7290013453617,false,ביסקוטי שקדים וקוקוס 200 גרם,האי נאם סי או אל.טי.,IL,עוגיות ביסקוטי שקדים,גרמים,200.00,100 גרם,false,,24.90,0.1245,true,1,214491
7290013453624,false,עוגיות שוקולדצ'יפס מקמח אורז וקמח שקדים מלא,דני וגלית,,עוגיות שוקולד צ'יפס,יחידה,0.00,יחידה,false,,24.90,0.0000,true,1,206578
7290013453631,false,דני וגלית עוגיות חמאת בוטנים שוקולדצ'יפס מפצפוצי אורז מלא 230 גרם,האי נאם סי או אל.טי.,IL,עוגיות כדורי חמאת בו,יחידה,0.00,יחידה,false,,24.90,0.0000,true,1,206579
7290013453648,false,דני וגלית עוגיות פירות יער מקמח שקדים וקמח אורז מלא 230 גרם,דני וגלית,,עוגיות פירות יער ללא,יחידה,0.00,יחידה,false,,24.90,0.0000,true,1,206580
7290013453655,false,עוגיות קוקוס ולוז מקמח שקדים וקמח אורז מלא,האי נאם סי או אל.טי.,IL,עוגיות קוקוס לוז מקמ,יחידה,0.00,יחידה,false,,24.90,0.0000,true,1,206582
7290013453679,false,עוגיות אוכמניות ותפוז מקמח שקדים 230 גרם,,,עוגיות אוכמניות וגרי,גרמים,230.00,100 גרם,false,,24.90,0.1083,true,1,259416
7290013472199,false,ערמונים קלופים וקלויים 105 גרם,בייג'גג פוינונג,CN,ערמונים קלופים וקלוי,גרמים,105.00,100 גרם,false,,5.50,0.0524,true,1,134019
7290013472908,false,בולגריה קוביות במי מלח,וילי פוד,GR,בולגרית קוביות 400 ג,גרמים,400.00,100 גרם,false,,23.90,0.0597,true,1,139659
7290013504159,false,מגב חלון מקצועי,,,מגב חלון מקצועי,יחידה,0.00,יחידה,false,,31.90,0.0000,true,1,141640
7290013520067,false,מארז לחמניות 10 יחיד,מאפיית אגמי,IL,מארז 10 לחמניות אצבע,גרמים,750.00,100 גרם,false,,12.90,0.0172,true,1,194312
7290013520111,false,מארז לחמניות המבורגר,מאפיית אגמי,IL,לחמניות המבורגר שישי,גרמים,600.00,100 גרם,false,,14.90,0.0248,true,1,195555
7290013520463,false,לחם בריאות ושובע כוס,מאפיית אגמי,,לחם כוסמין אגמי,גרמים,600.00,100 גרם,false,,16.60,0.0277,true,1,191585
7290013520500,false,לחמניה ביס כוסמין מלא 8יח,מאפיית אגמי,IL,לחמניות ביס כוסמין,גרמים,400.00,100 גרם,false,,16.60,0.0415,true,1,198054
7290013521101,false,פסטה כוסמין אורגנית תרד 350 גרם,השדה מוצרים אורגניים,HU,פטוצ'יני כוסמין תרד,גרמים,350.00,100 גרם,false,,18.90,0.0540,true,1,194673
7290013521187,false,ספגטי עדשים אדומות אורגני 250 גרם ללא גלוטן,השדה מוצרים טבעיים ו,IT,ספגטי עדשים אדומות א,גרמים,250.00,100 גרם,false,,12.90,0.0516,true,1,210671
7290013521309,false,מיונז אורגני השדה 33,השדה מוצרים טבעיים ו,NL,מיונז אורגני,גרמים,330.00,100 גרם,false,,20.90,0.0633,true,1,149015
7290013521316,false,ממרח אורגני בטעם מיונז ללא ביצים 230 גר,השדה מוצרים אורגניים,NL,ממרח אורגני בטעם מיו,גרמים,230.00,100 גרם,false,,16.00,0.0696,true,1,194675
7290013521347,false,חרדל דיג'ון אורגני 200גרם,השדה מוצרים אורגניים,,חרדל דיז'ון אורגני,גרמים,200.00,100 גרם,false,,13.90,0.0695,true,1,194678
7290013521354,false,חרדל דיזון אורגני עם גרגירים 200 גר,השדה מוצרים טבעיים ו,,חרדל דיז'ון אורגני ע,גרמים,200.00,100 גרם,false,,13.90,0.0695,true,1,194679
7290013521408,false,אבקת מרק ירקות אורגנית 200 גרם,השדה מוצרים אורגניים,NL,אבקת מרק ירקות אורגנ,גרמים,200.00,100 גרם,false,,21.90,0.1095,true,1,149103
7290013521415,false,אבקת מרק אורגנית בטעם עוף 200 גרם,השדה מוצרים אורגניים,NL,אבקת מרק טעם עוף אור,גרמים,200.00,100 גרם,false,,21.90,0.1095,true,1,149104
7290013521491,false,קטשופ אורגני 567 גרם ללא גלוטן,שוורצקוף& הנקל דיסלד,US,קטשופ אורגני,גרמים,567.00,100 גרם,false,,16.90,0.0298,true,1,194676
7290013521897,false,גליליות מקמח כוסמין מלא קרם חרובים 100 ג,השדה מוצרים טבעיים ו,IL,גליליות כוסמין 100 ג,גרמים,100.00,100 גרם,false,,14.90,0.1490,true,1,206279
7290013521965,false,עוגיות אורגניות מקמח כוסמין מלא 180 גרם,השדה מוצרים טבעיים ו,IL,עוגיות חצי ירח אורגנ,גרמים,180.00,100 גרם,false,,15.90,0.0883,true,1,205440
7290013531117,false,רוטב פסטה לילדים 240 גרם יכין,"זנלכל בע""מ",IL,רוטב פסטה לילדים יכי,גרמים,260.00,100 גרם,false,,4.90,0.0188,true,1,133616
7290013531346,false,סירופ דיאט בטעם לימונענע יכין 1 ליטר,זנלכל,IL,סירופ דיאט לימונענע,ליטרים,1.00,ליטר,false,,16.90,16.9000,true,1,137936
7290013531490,false,שעועית לבנה אפויה יכין,זנלכל,IL,פול מתובל יכין 580 ג,גרמים,580.00,100 גרם,false,,8.50,0.0147,true,1,148552
7290013531582,false,מארז זיתים ירוקים מגולענים יכין 200 גרם,קרלו,IL,שלישיית זיתים מגולענ,יחידה,0.00,יחידה,false,,12.90,0.0000,true,1,206016
7290013531612,false,רוטב לפסטה נפוליטנה יכין 240 גרם,זנלכל,IL,רוטב נפוליטנה 240 גר,גרמים,240.00,100 גרם,false,,4.90,0.0204,true,1,189288
7290013531629,false,רוטב לפסטה פומודורו 240 גרם יכין,היינץ צפון אמריקה מק,IL,פומודורו 240 גר' יכי,גרמים,240.00,100 גרם,false,,4.90,0.0204,true,1,189470
7290013531759,false,שעועית לבנה במים יכין 550 גרם,"זנלכל בע""מ",IL,שעועית לבנה מבושלת ב,גרמים,330.00,100 גרם,false,,8.90,0.0270,true,1,186430
7290013539519,false,סטייל מסיכה ארגן מרוקאי 500 מל,גורי,IL,מסכת הזנה ארגן מרוקא,מיליליטרים,500.00,"100 מ""ל",false,,34.90,0.0698,true,1,188983
7290013558930,false,צמד פטריות שמפיניון,אראל תוצרת חקלאית בע,IL,פטריות צמד לבן,יחידה,0.00,יחידה,false,,15.90,0.0000,true,1,261418
7290013579232,false,אוכמניות כחולות קפואות בלדי 250 גרם,,IL,אוכמניות כחולות קפוא,גרמים,250.00,100 גרם,false,,8.90,0.0356,true,1,218546
7290013579492,false,"פיטאיה קפואה 250 גרם בד""ץ עדה חרדית",,IL,פיטאיה קפואה 250 גר',גרמים,250.00,100 גרם,false,,8.90,0.0356,true,1,263303
7290013579508,false,"קוקוס קפוא 250 גרם בד""ץ עדה חרדית",,IL,קוקוס קפוא 250 גר',גרמים,250.00,100 גרם,false,,8.90,0.0356,true,1,263304
7290013580009,false,המבורגר זהב 400 ג' 12 יח',בלדי,IL,המבורגר זהב 400 גר',גרמים,400.00,100 גרם,false,,17.90,0.0447,true,1,207420
7290013581648,false,מינוט סטייק אל מטאד,בלדי,IL,מינוט סטייק 250 גר',גרמים,250.00,100 גרם,false,,15.90,0.0636,true,1,261299
7290013585233,false,"ספרייט זירו פחית סליק 330 מ""ל",גוד פוד פרודקטס S.p,IL,ספרייט זירו פחית 330,מיליליטרים,330.00,"100 מ""ל",false,,4.50,0.0136,true,1,186477
7290013585257,false,ספרייט זירו בבקבוק אישי,החברה המרכזית לייצור,IL,ספרייט ZERO 0.5 ליטר,מיליליטרים,500.00,"100 מ""ל",false,,6.00,0.0120,false,1,186388
7290013585387,false,קוקה קולה זירו בקבוק,פארייפאבה אגרואינדוס,IL,קוקה קולה זירו 1 ליט,ליטרים,1.00,ליטר,false,,6.50,6.5000,false,1,185582
7290013585394,false,קוקה קולה 1ליטר בודד,פארייפאבה אגרואינדוס,IL,קוקה קולה 1 ליטר,ליטרים,1.00,ליטר,false,,6.90,6.9000,false,1,185583
7290013585967,false,מארז ספרייט זירו 6 * 330 פח Fridge- pack,קוקה קולה ישראל,IL,מארז ספרייט זירו פחי,ליטרים,1.98,ליטר,false,,21.90,11.0606,false,1,191438
7290013608260,false,פרימור מיץ רימונים 100% סחוט טרי 1ל',"גניר (1992) בע""מ",IL,מיץ רימונים פרימור 1,ליטרים,1.00,ליטר,false,,22.90,22.9000,true,1,147993
7290013608864,false,פרימור משקה פירות הדר 1 ליטר בתוספת ויטמין C,"גניר (1992) בע""מ",IL,משקה פירות הדר בתוספ,ליטרים,1.00,ליטר,false,,15.90,15.9000,false,1,214062
7290013650153,false,"תמצית וניל טהורה 50 מ""ל",Global Gourmet Produ,US,תמצית וניל טהורה,מיליליטרים,50.00,"100 מ""ל",false,,51.90,1.0380,true,1,204653
7290013650313,false,"שמן שומשום 250 מ""ל",,US,"שמן שומשום 250 מ""ל",מיליליטרים,250.00,"100 מ""ל",false,,28.90,0.1156,true,1,202972
7290013650375,false,"שמן קיק 250 מ""ל",,,"שמן קיק 250 מ""ל",מיליליטרים,250.00,"100 מ""ל",false,,25.90,0.1036,true,1,151714
7290013650481,false,"שמן פשתן 250 מ""ל",,US,"שמן פשתן 250 מ""ל",מיליליטרים,250.00,"100 מ""ל",false,,26.90,0.1076,true,1,140538
7290013650504,false,"שמן קצח 250 מ""ל",,,"שמן קצח 250 מ""ל",מיליליטרים,250.00,"100 מ""ל",false,,66.90,0.2676,true,1,146761
7290013650542,false,פתיתי סויה 75%חלבון 300 גרם,סולבר חצור,,פתיתי סויה,גרמים,300.00,100 גרם,false,,12.90,0.0430,true,1,144923
7290013650559,false,גולש סויה 75%חלבון 300 גר,"העידן האורגני בע""מ",,גולש סויה,גרמים,200.00,100 גרם,false,,11.50,0.0575,true,1,144924
7290013650719,false,חמאת אגוז לוז 300 גר,יושלם,,ממרח אגוזי לוז,גרמים,450.00,100 גרם,false,,36.90,0.0820,true,1,144914
7290013652157,false,"ד""ר פישר - נטורל קר מגבונים להסרת איפור לעור רגיל יבש 30 יח' * 3","ד""ר פישר Dr fischer",IL,מגבונים להסרת איפור,יחידה,0.00,יחידה,false,,24.90,0.0000,true,1,139344
7290013652164,false,"ד""ר פישר - נטורל קר מגבונים להסרת איפור לעור רגיש 30 יח' * 3","ד""ר פישר Dr fischer",IL,מגבונים להסרת איפור,יחידה,0.00,יחידה,false,,24.90,0.0000,true,1,139345
7290013652171,false,"ד""ר פישר - נטורל קר מגבונים להסרת איפור לעור שמן מעורב 30 יח' * 3","ד""ר פישר Dr fischer",IL,מגבונים להסרת איפור,יחידה,0.00,יחידה,false,,24.90,0.0000,true,1,139346
7290013659439,false,עציץ בונסאי עלים,,,עציץ בונסאי עלים,יחידה,0.00,יחידה,false,,50.00,0.0000,true,1,197064
7290013675545,false,שניצל כלי תחבורה מאמא עוף 700 ג',תנובה גליל,IL,שניצל כלי תחבורה,גרמים,700.00,100 גרם,false,,31.90,0.0456,true,1,202359
7290013675965,false,רצועוף בטעם בצל מאמא עוף 500 גרם,תנובה גליל,IL,רצועוף בטעם טבעות בצ,גרמים,500.00,100 גרם,false,,24.90,0.0498,true,1,215994
7290013702036,false,"שוופס ווטר 500 מ""ל- אפרסק",יפאורה תבורי בעמ,IL,שוופס מים אפרסק 0.5,מיליליטרים,500.00,"100 מ""ל",false,,5.50,0.0110,true,1,187360
7290013702883,false,"שוופס מוגז פינק למונייד 500 מ""ל",יפאורה,,שוופס מוגז פינק למונ,מיליליטרים,500.00,"100 מ""ל",false,,4.90,0.0098,true,1,187361
7290013713025,false,"בירה ג'מס פילס בקבוק 330 מ""ל","אביר הבר בע""מ",IL,בירה ג'מס פילס,מיליליטרים,330.00,"100 מ""ל",false,,12.90,0.0391,true,1,205644
7290013713094,false,"בירה ג'יימס בלייזר בראון 330 מ""ל",יקבי כרמל,IL,בירה IPA ג'מס,מיליליטרים,330.00,"100 מ""ל",false,,12.90,0.0391,true,1,205650
7290013760548,false,פירורי תיבול שניצל ג,,,פירורי תיבול שניצל ג,גרמים,400.00,100 גרם,false,,11.90,0.0298,true,1,193002
7290013760555,false,פירורי תיבול שניצל ק,,,פירורי תיבול שניצל ק,גרמים,400.00,100 גרם,false,,11.90,0.0298,true,1,193003
7290013760562,false,פירורי תיבול שניצל ש,,,פירורי תיבול שניצל ש,גרמים,400.00,100 גרם,false,,11.90,0.0298,true,1,193004
7290013760999,false,פרורי לחם מוזהבים 40,,,פרורי לחם מוזהבים 40,גרמים,400.00,100 גרם,false,,9.90,0.0248,true,1,196126
7290013771131,false,שומרון לאבנה עיזים 5,מיוצר עי קונדיטוריית,IL,לבנה עיזים 5%,גרמים,250.00,100 גרם,false,,18.00,0.0720,true,1,135271
7290013771216,false,פטאקי 16% גבינות השומרון,מיוצר עי קונדיטוריית,IL,גבינת פטאקי 250 גר',גרמים,250.00,100 גרם,false,,14.90,0.0596,true,1,144079
7290013771384,false,יוגורט יווני השומרון,מיוצר עי קונדיטוריית,IL,יוגורט יווני 400 גר',גרמים,400.00,100 גרם,false,,10.90,0.0273,true,1,194859
7290013771391,false,גבינה צפתית מעודנת 5,מחלבת השומרון,IL,צפתית 5% מעודנת גבינ,גרמים,200.00,100 גרם,false,,13.50,0.0675,true,1,197826
7290013787392,false,רביולי גבינות קלאסי 330 גרם ריקו בית יוסף,יוניליוור גרמניה Gm,IL,רביולי גבינות קלאסי,גרמים,330.00,100 גרם,false,,25.90,0.0785,true,1,212323
7290013787408,false,רביולי בטטה 330 גרם ריקו בית יוסף,יוניליוור גרמניה Gm,IL,רביולי בטטה 330 גר',גרמים,330.00,100 גרם,false,,25.90,0.0785,true,1,212324
7290013787415,false,רביולי ריקוטה תרד פסטה ריקו 330 גרם,יוניליוור גרמניה Gm,IL,רביולי ריקוטה תרד 33,גרמים,330.00,100 גרם,false,,25.90,0.0785,true,1,212325
7290013787422,false,רביולי פלין פטריות - כמהין 330 גרם ריקו בית יוסף,פסטה ריקו,IL,פלין פטריות בטעם כמה,גרמים,330.00,100 גרם,false,,27.90,0.0845,true,1,212326
7290013816245,false,שוקולד 60% קקאו עם קפה - הולי קקאו,"הולי קקאו שוקולד בע""",IL,שוקולד מריר 60% קקאו,גרמים,100.00,100 גרם,false,,18.90,0.1890,true,1,211599
7290013827111,false,קישוט מתוק מבצק סוכר,,,קישוט מתוק מבצק סוכר,יחידה,0.00,יחידה,false,,13.90,0.0000,true,1,188317
7290013847119,false,טונה סטארקיסט בשמן קנולה רביעיות בישול י,סטארקיסט,IL,סטארקיס רביעיית טונה,גרמים,640.00,100 גרם,false,,24.90,0.0389,false,1,143025
7290013847386,false,סטארקיסט נתחי טונה בהירה במים ושמן קנולה בטעם טבעי 140 גרם,סטארקיסט Starkist,IL,סטאר קיסט 4% שומן בט,גרמים,140.00,100 גרם,false,,7.60,0.0543,true,1,204937
7290013847393,false,סטארקיסט לייט נתחי טונה בהירה במים ושמן קנולה עם עשבי תיבול 140 גרם,"סטארקיסט פודור בע""מ",IL,סטאר קיסט טונה עם עש,גרמים,140.00,100 גרם,false,,7.60,0.0543,true,1,204938
7290013847454,false,טונה סטארקיסט שמן קנולה רביעיות 4*160 גר,"סטארקיסט פודור בע""מ",IL,סטארקיסט רביעיית טונ,גרמים,640.00,100 גרם,false,,24.90,0.0389,false,1,196571
7290013847553,false,נתחי טונה בהירה במים דל נתרן - מארז רביעיה,"סטארקיסט פודור בע""מ",TH,טונה סטאר קיסט במים,גרמים,640.00,100 גרם,false,,24.90,0.0389,false,1,190114
7290013847812,false,נתחי טונה בהירה בשמן זית כתית מעולה Yellowfin,סטארקיסט Starkist,IL,טונה סטאר קיסט בשמן,גרמים,140.00,100 גרם,false,,8.90,0.0636,false,1,203429
7290013847867,false,מארז זוג טונה בשמן סויה 140 ג' סטארקיסט,טונה ויטנאם קו. אל.ט,IL,זוג טונה סטאר קיסט ב,גרמים,280.00,100 גרם,false,,10.90,0.0389,false,1,264421
7290013847980,false,"טונה סטארקיסט שפע 425גר בד""ץ**מבצע**",תאי יוניון,TH,טונה סטאר קיסט שפע 4,גרמים,300.00,100 גרם,false,,17.90,0.0597,false,1,208814
7290013848017,false,תרסיס ניקוי והברקת נירוסטה,"סנו מפעלי ברונוס בע""",IL,"סנו נירוסטה 500 מ""ל",מיליליטרים,500.00,"100 מ""ל",false,,19.90,0.0398,true,1,203296
7290013848055,false,קרמה מן קרם גוף בניחוח גברי 400 מ' ל,החברה הדרומית,IL,קרמה מן קרם גוף בניח,מיליליטרים,400.00,"100 מ""ל",false,,23.90,0.0597,true,1,194556
7290013848345,false,מארז מטליות לחיטוי וניקוי יסודי אנטיבקטריאלי 99.9%,סנו מפעלי ברונוס בעמ,IL,מטליות לחות לניקוי ש,יחידה,0.00,יחידה,false,,21.90,0.0000,true,1,206037
7290013848581,false,סנו סושי מגבות נייר בגליל ענק.,סנו,IL,סנו סושי-מגבת נייר 6,יחידה,0.00,יחידה,false,,11.90,0.0000,false,1,139040
7290013848611,false,רדיד אלומיניום עבה וחזק 61 מטר,סנו סושי,IL,רדידי אלומיניום 61 מ,יחידה,0.00,יחידה,false,,39.90,0.0000,true,1,140170
7290013848734,false,מכשיר אוטומטי לבישום אוויר בתוספת מילוי SOFT BALANCE,סנו פרש Fresh,,סנו פרש מכשיר אוטומט,מיליליטרים,250.00,"100 מ""ל",false,,39.90,0.1596,true,1,199226
7290013848758,false,מקסימה גל כביסה מרוכז בייבי 3ליטר סנסטיב,"סנו מפעלי ברונוס בע""",IL,ג'ל כביסה בייבי 3 לי,ליטרים,3.00,ליטר,false,,34.90,11.6333,true,1,144588
7290013863515,false,חלאבילין סטיק לאישה 60 מל,,,דאודורנט חלאבילין סט,מיליליטרים,60.00,"100 מ""ל",false,,17.90,0.2983,true,1,206859
7290013883148,false,הפי ג'ל סופג ריחות במקרר,יעקבי - הפי Hepi,IT,הפי סופג ריחות במקרר,גרמים,40.00,100 גרם,false,,13.90,0.3475,true,1,135006
7290013883407,false,דזיטול מחטא ומשמיד חיידקים-מרסס,יעקבי - דזיטול Desytol,ES,דזיטול מחטא ומשמיד ח,מיליליטרים,750.00,"100 מ""ל",false,,12.90,0.0172,true,1,137465
7290013903327,false,טופו 500גרם ליב טבעי,אין תעשיות,IL,טופו טבעי 500 גר',גרמים,500.00,100 גרם,false,,15.90,0.0318,true,1,205617
7290013903815,false,קציצות בטטה טבעוני 400 גרם,,IL,קציצות בטטה,גרמים,400.00,100 גרם,false,,25.90,0.0647,true,1,218343
7290013906052,false,נקניקיות פרגיות טירת צבי 300 גר',הנסיך- מפעל לייצור ט,IL,נקניקיות פרגיות 300,גרמים,300.00,100 גרם,false,,11.90,0.0397,true,1,137011
7290013906205,false,פסטרמה עם שום וצילי טירת צבי 400 ג',הנסיך- מפעל לייצור ט,IL,פסטרמה שום וצ'ילי 40,גרמים,400.00,100 גרם,false,,31.90,0.0797,true,1,142177
7290013906212,false,"נקנקיות וינר טירת 1 ק""ג טירת צבי",הנסיך- מפעל לייצור ט,IL,"נקניקיות וינר 1 ק""ג",קילוגרמים,1.00,"ק""ג",false,,26.90,26.9000,true,1,143413
7290013906694,false,נקניקיות שקית קילו וחצי טירת צבי,הנסיך- מפעל לייצור ט,IL,"נקניקיות 1.5 ק""ג טיר",קילוגרמים,1.50,"ק""ג",false,,37.90,25.2667,true,1,261098
7290013927002,false,עוגיות דיקליות בטעם שוקו אחווה 400 ג',,IL,אחוה דקליות שוקולד 4,גרמים,400.00,100 גרם,false,,9.90,0.0248,true,1,133699
7290013927019,false,עוגיות דיקליות קינמון אחווה 400 ג',אחוה,,אחוה עוגיות דקליות ק,גרמים,400.00,100 גרם,false,,9.90,0.0248,true,1,134007
7290013927026,false,עוגיות דקליות וניל אחווה 400 ג',אחוה,,אחווה עוגיות דקליות,גרמים,400.00,100 גרם,false,,9.90,0.0248,true,1,134003
7290013927033,false,עוגיות מעמול במילוי תמרים ואגוזים אחווה 600 ג',אחוה,IL,אחוה מעמול במילוי תמ,גרמים,600.00,100 גרם,false,,10.90,0.0182,true,1,134004
7290013927040,false,אחדות עוגיות ממולאות שוקולד במגש 600,אחוה,IL,עוגיות ממולאות שוקו,גרמים,600.00,100 גרם,false,,10.90,0.0182,true,1,134198
7290013927057,false,א. עוגיות שוקולד צ'יפס במגש 400 גר',אחוה,IL,אחוה עוגיות שוקוצ'יפ,גרמים,400.00,100 גרם,false,,9.90,0.0248,true,1,213985
7290013927064,false,א. עוגיות גרנולה עם פירות יער 400 ג'-אחווה,אחוה,,אחוה עוגיות גרנולה ו,גרמים,400.00,100 גרם,false,,9.90,0.0248,true,1,134009
7290013927101,false,אחווה עוגה תפוחים ללא תוספת סוכר 450גר,אחדות ביחר לטחינה חל,IL,עוגת תפוחים ללא תוספ,גרמים,450.00,100 גרם,false,,12.90,0.0287,true,1,137474
7290013927156,false,אחוה בטעם פירות יער ללא תוספת סוכר 450 גרם.,אחדות ביחר לטחינה חל,IL,עוגה בטעם פירות יער,גרמים,450.00,100 גרם,false,,12.90,0.0287,true,1,137475
7290013927637,false,חלוה ללא תוספת סוכר אחווה 400 גרם,אחדות ביחר לטחינה חל,IL,חלוה ללא תוספת סוכר,גרמים,400.00,100 גרם,false,,13.90,0.0348,true,1,205431
7290013927644,false,עוגיות כתר בטעם תות במגש 400 גר' אחווה,אחוה,IL,עוגיות כתר בטעם תות,גרמים,400.00,100 גרם,false,,9.90,0.0248,true,1,206853
7290013937001,false,מאגדת שישיית ארטיקים,,,מארז 6 ארטיק מיני טע,גרמים,180.00,100 גרם,false,,22.90,0.1272,true,1,187099
7290013937049,false,מאגדת שישיית ארטיקים,,,מיני ארטיק פירות שיש,יחידה,0.00,יחידה,false,,22.90,0.0000,true,1,136764
7290013937056,false,שלגוני פריז שישיות לימון נענע נעורב,שיבניס בעמ,,מיני ארטיק פירות שיש,יחידה,0.00,יחידה,false,,22.90,0.0000,true,1,136765
7290013937063,false,שישייה ארטיקים קוקוס,,,שישייה ארטיקים קוקוס,גרמים,180.00,100 גרם,false,,22.90,0.1272,true,1,141476
7290013937070,false,מאגדת שישיית ארטיקים,,,ארטיקים טיבעיים,יחידה,0.00,יחידה,false,,22.90,0.0000,true,1,141372
7290013937124,false,שלגון פריז טבעי קוקו,פריז,IL,שלגון קוקוס,יחידה,0.00,יחידה,false,,8.00,0.0000,true,1,143322
7290013986795,false,גנסיס מי פנים לעור יבש-יבש במיוחד 200 מל,"ד""ר פישר",,ג'נסיס מי פנים לעור,מיליליטרים,200.00,"100 מ""ל",false,,19.90,0.0995,true,1,210611
7290013994042,false,זירעי פשתן אורגניים 300גר,אול אורגני,IL,זרעי פשתן אורגניים 3,גרמים,300.00,100 גרם,false,,8.90,0.0297,true,1,189375
7290013994066,false,ספלטפלקס אורגני פתיתי כוסמין 375 גר,הרדוף,,ספלטפלקס כוסמין אורג,גרמים,375.00,100 גרם,false,,21.90,0.0584,true,1,195162
7290013994295,false,קינואה אדומה אורגנית 500 גר,הרדוף,,קינואה אדומה אורגנית,גרמים,500.00,100 גרם,false,,21.00,0.0420,true,1,195060
7290013994318,false,קינואה מעורבת - טריקולור אורגנית 500 גרם הרדוף,אול אורגני,IL,קינואה טריקולור אורג,גרמים,500.00,100 גרם,false,,18.90,0.0378,true,1,195062
7290013994554,false,אורז בסמטי לבן 500 אורגני גרם - הרדוף,הרדוף,,אורז בסמטי לבן 500 ג,גרמים,500.00,100 גרם,false,,13.00,0.0260,false,1,194747
7290013994585,false,גרעיני דלעת קלופים אורגניים 300 גרם הרדוף,אול אורגני,IL,גרעיני דלעת קלופים א,יחידה,0.00,יחידה,false,,16.90,0.0000,true,1,196898
7290013994653,false,קינואה רויאל אורגני 500 גרם - הרדוף,אול אורגני,IL,קינואה רויאל אורגנית,גרמים,500.00,100 גרם,false,,16.90,0.0338,true,1,195303
7290013994677,false,עדשים שחורות אורגני 500 גרם הרדוף,אול אורגני,IL,עדשים שחורות אורגני,גרמים,500.00,100 גרם,false,,14.90,0.0298,true,1,186313
7290013994684,false,אפונה ירוקה חצויה אורגנית 500 גר,אול אורגני,IL,אפונה ירוקה אורגנית,גרמים,500.00,100 גרם,false,,10.90,0.0218,true,1,186309
7290013994820,false,הרדוף שומשום שחור אורגני 300 גרם,הרדוף,,שומשום שחור אורגני 3,גרמים,300.00,100 גרם,false,,14.90,0.0497,true,1,262984
7290013994943,false,קוסקוס אורגני אורגני,הרדוף,,קוסקוס אורגני הרדוף,גרמים,350.00,100 גרם,false,,8.90,0.0254,true,1,201755
7290014002135,false,תה ויסוצקי ירוק מיקס 5 טעמים 25 יח',תה ויסוצקי,IL,תה ירוק מיקס ויסוצקי,יחידה,0.00,יחידה,false,,24.90,0.0000,false,1,138676
7290014002173,false,תה ירוק תפוז מנדרין 25 שקיקים ויסוצקי,תה ויסוצקי,IL,תה ירוק תפוז מנדרין,גרמים,37.50,100 גרם,false,,24.90,0.6640,false,1,139554
7290014002197,false,חליטת קמומיל ולימונית ויסוצקי 25 יחידות,תה ויסוצקי,IL,חליטת קמומיל ולימוני,יחידה,0.00,יחידה,false,,18.90,0.0000,false,1,139893
7290014002203,false,חליטת לימונית ולואיזה ויסוצקי 25 יחידות,תה ויסוצקי,IL,חליטת לימונית ולואיז,יחידה,0.00,יחידה,false,,18.90,0.0000,false,1,139894
7290014002579,false,ויסוצקי תה ירוק וניל 37.5 גר,ויסוצקי ירוק,IL,תה ירוק וניל ויסוצקי,יחידה,0.00,יחידה,false,,24.90,0.0000,false,1,143690
7290014002944,false,גן קסום חליטת פירות וצמחים חמדת שקד 25 שקיקים,תה ויסוצקי,IL,תה חליטת פירות וצמחי,גרמים,57.50,100 גרם,false,,18.90,0.3287,false,1,150028
7290014002982,false,תה ירוק לימונית לואיזה בתוספת עלי סטיביה 25 שקיקים,ויסוצקי ירוק,IL,תה ירוק סטיביה,יחידה,0.00,יחידה,false,,24.90,0.0000,false,1,146614
7290014012066,false,פירורי תיבול שניצל מ,,,פירורי תיבול שניצל מ,גרמים,400.00,100 גרם,false,,11.90,0.0298,true,1,193005
7290014012288,false,פירורי תיבול שניצל י,,,פירורי תיבול שניצל י,גרמים,400.00,100 גרם,false,,11.90,0.0298,true,1,193006
7290014017269,false,דגנים במילוי קרם נוגט ללא גלוטן 375 גרם,נטו מלינדה-בשר,IL,דגני בוקר במילוי נוג,גרמים,375.00,100 גרם,false,,15.90,0.0424,true,1,210050
7290014017276,false,דגנים במילוי קרם שוק,נטו מלינדה-בשר,IL,דגני בוקר במילוי שוק,גרמים,375.00,100 גרם,false,,15.90,0.0424,true,1,210051
7290014021501,false,פרי FREE חטיף בננה קראנצ'י 27 גרם,,,חטיף פרי בננה קראנצ',גרמים,20.00,100 גרם,false,,7.90,0.3950,true,1,219255
7290014021518,false,פרי FREE חטיף אננס קראנצ'י 27 גרם,,,חטיף פרי אננס קראנצ',גרמים,20.00,100 גרם,false,,7.90,0.3950,true,1,202738
7290014021525,false,פרי FREE חטיף ליצ'י קראנצ'י 27 גרם,,,חטיף פרי ליצ'י קראנצ,גרמים,20.00,100 גרם,false,,7.90,0.3950,true,1,202739
7290014021532,false,פרי FREE חטיף אגס קראנצ'י 27 גרם,,,חטיף פרי אגס קראנצ'י,גרמים,20.00,100 גרם,false,,7.90,0.3950,true,1,202740
7290014021549,false,פרי FREE חטיף תפוח קראנצ'י 27 גרם,,,חטיף פרי תפוח קראנצ',גרמים,20.00,100 גרם,false,,7.90,0.3950,true,1,219256
7290014021648,false,פרי FREE חטיף משמש קראנצ'י 27 גרם,,,חטיף פרי משמש קראנצ',גרמים,20.00,100 גרם,false,,7.90,0.3950,true,1,262679
7290014021716,false,פרי FREE חטיף מנגו קראנצ'י 27 גרם,,,חטיף פרי מנגו קראנצ',גרמים,20.00,100 גרם,false,,7.90,0.3950,true,1,219257
7290014021778,false,מבוקשים- מארז 5 קשים בטעם שוקולד,,,5 קשים בטעם שוקולד,גרמים,30.00,100 גרם,false,,4.90,0.1633,true,1,219248
7290014021785,false,מבוקשים- מארז 5 קשים בטעם תות,,,5 קשים בטעם תות,גרמים,30.00,100 גרם,false,,4.90,0.1633,true,1,219249
7290014021792,false,מבוקשים- מארז 5 קשים בטעם בננה,,,5 קשים בטעם בננה,גרמים,30.00,100 גרם,false,,4.90,0.1633,true,1,219250
7290014021815,false,מארז 5 קשים בטעם אייס קפה 30 גרם,,,5 קשים בטעם אייס קפה,יחידה,0.00,יחידה,false,,4.90,0.0000,true,1,259431
7290014046016,false,פסטרמה של פעם דל שומן 2% רכיבים טבעיים,מעדני יחיעם,IL,פסטרמה של פעם 250 גר,גרמים,250.00,100 גרם,false,,25.90,0.1036,true,1,146255
7290014046030,false,"מוס כבד עוף 140 גרם ""יחיעם""",מעדני יחיעם 1993,IL,מוס כבד עוף יחיעם,גרמים,140.00,100 גרם,false,,14.90,0.1064,true,1,186010
7290014046436,false,נשנושי קבנוס 125 ג' יחיעם,מעדני יחיעם 1993,IL,נישנושי קבנוס 125 גר,גרמים,125.00,100 גרם,false,,12.90,0.1032,true,1,142519
7290014046474,false,"נקניקיות עוף 1.5 ק""ג יחיעם",מעדני יחיעם,IL,"נקניקיות עוף 1.5 ק""ג",קילוגרמים,1.50,"ק""ג",false,,26.90,17.9333,true,1,195087
7290014046580,false,"פסטרמה מעודנת על האש 300 גרם ""יחיעם""",מעדני יחיעם 1993,IL,פסטרמה מעודנת על גחל,גרמים,300.00,100 גרם,false,,22.90,0.0763,true,1,149773
7290014046757,false,סלמי תה מעדני יחיעם,מעדני יחיעם,IL,סלמי תה 300 גר' יחיע,גרמים,300.00,100 גרם,false,,22.90,0.0763,true,1,197999
7290014059078,false,"אקווה פרש מי פה אקסטרים 500 מ""ל",גלקסו סמית קליין,GB,מי פה אקווה פרש אקסט,מיליליטרים,500.00,"100 מ""ל",false,,19.90,0.0398,true,1,139754
7290014059085,false,"משחת שיניים סנסודיין 75 מ""ל פרימיום לשיקום והגנה","סמית קליין ביצ'ם בע""",GB,סנסודיין משחה לשיקום,מיליליטרים,75.00,"100 מ""ל",false,,25.90,0.3453,true,1,137944
7290014059436,false,"משחת שיניים סנסודיין 75 מ""ל פרימיום לשיקום והגנה מלבינה 75 מ""ל","סמית קליין ביצ'ם בע""",GB,משחת שיניים סנסודיין,מיליליטרים,75.00,"100 מ""ל",false,,25.90,0.3453,true,1,186315
7290014066359,false,לנדוור-קפסולות אספרסו בלנסד(06) - 10יח'12X יח,האחים פלם הגפן,IL,לנדוור קפסולות אספרס,גרמים,50.00,100 גרם,false,,15.90,0.3180,true,1,211656
7290014066373,false,לנדוור-קפסולות אספרסו קלאסיק(09) - 10יח'12X יח,קפה לנדוור,IL,לנדוור קפסולות אספרס,גרמים,50.00,100 גרם,false,,15.90,0.3180,true,1,211658
7290014066380,false,לנדוור-קפסולות אספרסו סופרימו(10) - 10יח'12X יח,קפה לנדוור,IL,לנדוור קפסולות אספרס,גרמים,50.00,100 גרם,false,,15.90,0.3180,true,1,211659
7290014066441,false,לנדוור-קפסולות אספרסו נטול קפאין(07) - 10יח'12X יח,קפה לנדוור,IL,לנדוור- קפסולות אספר,גרמים,50.00,100 גרם,false,,15.90,0.3180,true,1,211703
7290014066526,false,לנדוור-קפסולות אספרסו תערובת הבית(11) - 10יח'12X יח,קפה לנדוור,IL,לנדוור קפסולות אספרס,גרמים,50.00,100 גרם,false,,15.90,0.3180,true,1,211660
7290014066533,false,לנדוור-קפסולות אספרסו קלייה כפולה(12) - 10יח'12X יח,קפה לנדוור,IL,לנדוור קפסולות אספרס,גרמים,50.00,100 גרם,false,,15.90,0.3180,true,1,211661
7290014079014,false,לבבות קיסר ארוז נספק,"מרינה פטריות הגליל בע""מ",IL,לבבות קיסר עלים,גרמים,300.00,100 גרם,false,,9.90,0.0330,true,1,134617
7290014079076,false,נבטי אלפלפא מרינה,"מרינה פטריות הגליל בע""מ",IL,נבטי אלפלפא מרינה,יחידה,0.00,יחידה,false,,5.90,0.0000,true,1,140577
7290014079328,false,פרסה כרישה ארוזה מרי,"מרינה פטריות הגליל בע""מ",IL,פרסה כרישה ארוזה מרי,יחידה,0.00,יחידה,false,,9.90,0.0000,true,1,204972
7290014079847,false,פטריות בייבי בלה צמד מרינה,"מרינה פטריות הגליל בע""מ",IL,פטריות פורטובלה בייב,גרמים,500.00,100 גרם,false,,15.90,0.0318,true,1,197909
7290014079854,false,לבבות חסה ארץ הגליל מרינה,"מרינה פטריות הגליל בע""מ",IL,לבבות חסה ארץ הגליל,יחידה,0.00,יחידה,false,,10.90,0.0000,true,1,198216
7290014083479,false,גבינת גאודה פרוסה 29% וילי פוד 150 גרם,ג.וילי פוד אינטרנשיו,IL,גאודה 150 גר,גרמים,150.00,100 גרם,false,,11.50,0.0767,true,1,140112
7290014083806,false,עוגיות בטעם חמאה 350 גרם בפח,וילי פוד,PT,עוגיות בטעם חמאה בפח,גרמים,350.00,100 גרם,false,,10.00,0.0286,true,1,140228
7290014083813,false,וילי פוד מריגה שפרוטים מעושנים בשמן 190ג,הנסיך- מפעל לייצור ט,LV,שפרוטים מעושנים בשמן,גרמים,190.00,100 גרם,false,,8.50,0.0447,true,1,140281
7290014094260,false,שיני שום קלוף קמעונאי,"מרינה פטריות הגליל בע""מ",IL,שום קלוף,גרמים,170.00,100 גרם,false,,10.90,0.0641,true,1,151710
7290014094505,false,אורז בסמתי טהור אהרוני 1 ק''ג,האי נאם סי או אל.טי.,IN,"אורז בסמטי 1 ק""ג אהר",קילוגרמים,1.00,"ק""ג",false,,9.90,9.9000,true,1,144847
7290014095861,false,שיבולת שועל דקה 500 גרם קוואקר,"דין שיווק וקלייה בע""",IL,שיבולת שועל דקה 500,גרמים,500.00,100 גרם,false,,5.00,0.0100,true,1,177793
7290014095960,false,שיבולת שועל עבה 500 גרם קוואקר,"דין שיווק וקלייה בע""",IL,שיבולת שועל עבה 500,גרמים,500.00,100 גרם,false,,5.00,0.0100,true,1,148225
7290014110014,false,מקלוני דבאייל מיוש,,,מקלוני דבאייל מיוש,גרמים,230.00,100 גרם,false,,14.90,0.0648,true,1,261326
7290014126428,false,מרמולייט סטיביה ממתיק 150 טבליות,מיוצר עי קונדיטוריית,CN,סוכרלוז סטיביה טבליו,גרמים,9.00,100 גרם,false,,26.90,2.9889,true,1,150284
7290014204560,false,"פנינהרוזנבלום- סבון נוזלי לידיים שלישיה,3*500 מ""ל",פנינה רוזנבלום,IL,סבון נוזלי שלישייה,מיליליטרים,1500.00,"100 מ""ל",false,,10.90,0.0073,true,1,151969
7290014204638,false,"מרכך קרטין לאחר החלקה 750 מ""ל פנינה רוזנבלום",פנינה רוזנבלום PR,IL,מרכך לאחר החלקה 750,מיליליטרים,750.00,"100 מ""ל",false,,27.90,0.0372,true,1,193378
7290014204645,false,"שמפו קרטין לאחר החלקה 750 מ""ל פנינה רוזנבלום",פנינה רוזנבלום PR,IL,שמפו לאחר החלקה 750,מיליליטרים,750.00,"100 מ""ל",false,,27.90,0.0372,true,1,194304
7290014204683,false,"פנינה רוזנבלום- סבון נוזלי משאבה סגול,1 ליטר",פנינה רוזנבלום,IL,סבון משאבה סגול 1 לי,ליטרים,1.00,ליטר,false,,9.90,9.9000,true,1,185667
7290014204690,false,"פנינה רוזנבלום- סבון נוזלי משאבה ורוד,1 ליטר",פנינה רוזנבלום,IL,סבון משאבה ורוד 1 לי,ליטרים,1.00,ליטר,false,,9.90,9.9000,true,1,150975
7290014204706,false,סבון משאבה קורל 1 ליטר פנינה רוזנבלום,פנינה רוזנבלום,IL,סבון משאבה קורל 1 לי,ליטרים,1.00,ליטר,false,,9.90,9.9000,true,1,185668
7290014217003,false,"פפריקה מעושנת 90 גרם ""טעם וריח""","תבליני טעם וריח בע""מ",IL,פפריקה מעושנת 90 גר,גרמים,90.00,100 גרם,false,,9.50,0.1056,true,1,136992
7290014217010,false,תבלין תיבול דגים מיכל 90גר,"תבליני טעם וריח בע""מ",IL,מיכל תיבול לדגים,גרמים,90.00,100 גרם,false,,11.00,0.1222,true,1,138425
7290014217027,false,תבלין טי בול לעוף 120 גר',"תבליני טעם וריח בע""מ",IL,מיכל תיבול לעוף 120,גרמים,120.00,100 גרם,false,,11.00,0.0917,true,1,138426
7290014217065,false,"מיכל אורגנו 30 גרם ""תבלין וריח""","תבליני טעם וריח בע""מ",IL,אורגנו מיכל גדול 30,גרמים,30.00,100 גרם,false,,9.50,0.3167,true,1,136993
7290014217119,false,צ'יפס תערובת 100 גרם מיכל גדול,"תבליני טעם וריח בע""מ",IL,מיכל תערות לצ'יפס,גרמים,100.00,100 גרם,false,,9.50,0.0950,true,1,149633
7290014217140,false,"מיכל ראס אל חנות 100 גר' ""טעם וריח""","תבליני טעם וריח בע""מ",IL,מיכל ראס אל חנות,גרמים,100.00,100 גרם,false,,9.50,0.0950,true,1,149636
7290014217157,false,"מיכל טוסקנה תיבול 120 גר ""טעם וריח""","תבליני טעם וריח בע""מ",IL,מיכל תערובת תיבול טו,גרמים,120.00,100 גרם,false,,9.50,0.0792,true,1,149637
7290014217164,false,תבלין פטרוזיליה מיכל גדול 20 ג',"תבליני טעם וריח בע""מ",IL,מיכל פטרוזיליה,גרמים,20.00,100 גרם,false,,9.50,0.4750,true,1,149638
7290014217171,false,תערובת תיבול תיבול גריל דג מיכל 100ג',"תבליני טעם וריח בע""מ",IL,מיכל תערובת תיבול גר,גרמים,100.00,100 גרם,false,,9.50,0.0950,true,1,149639
7290014217201,false,"תערובת תיבול סומק 45 גרם ""טעם וריח""","תבליני טעם וריח בע""מ",IL,תערובת תיבול סומק,גרמים,45.00,100 גרם,false,,5.50,0.1222,true,1,189004
7290014217225,false,תבלין גריל עוף מיכל 120גר,"תבליני טעם וריח בע""מ",IL,מיכל גריל עוף 120 גר,גרמים,120.00,100 גרם,false,,9.50,0.0792,true,1,146547
7290014217263,false,"תערובת לתיבול פרגיות ""טעם וריח""","תבליני טעם וריח בע""מ",IL,תערובת תיבול לפרגיות,גרמים,100.00,100 גרם,false,,9.50,0.0950,true,1,191207
7290014217348,false,"מיכל צ'ילי כתוש 70 גר' ""טעם וריח""","תבליני טעם וריח בע""מ",IL,מיכל צ'ילי כתוש 70 ג,גרמים,70.00,100 גרם,false,,9.50,0.1357,true,1,146550
7290014217355,false,"קרי אבקה 100 גרם ""טעם וריח""","תבליני טעם וריח בע""מ",IL,מיכל אבקת קרי 100 גר,גרמים,100.00,100 גרם,false,,9.50,0.0950,true,1,146551
7290014217362,false,תבלין תיבול לקציצות מיכל 100 ג',"תבליני טעם וריח בע""מ",IL,מיכל תיבול לקציצות 1,גרמים,100.00,100 גרם,false,,9.50,0.0950,true,1,146552
7290014217379,false,תבלין למרינדה קלאסית 80 גרם טעם וריח,תבליני טעם וריח,IL,מרינדה קלאסית לעוף ט,גרמים,80.00,100 גרם,false,,10.90,0.1363,true,1,217863
7290014217386,false,מרינדת צ'ילי חריף 80 גרם טעם וריח,תבליני טעם וריח,IL,מרינדת צ'ילי חריף טע,גרמים,80.00,100 גרם,false,,10.90,0.1363,true,1,217864
7290014217393,false,אבקת צ'ילי חריף 30 גרם מיכל קטן,"תבליני טעם וריח בע""מ",IL,אבקת צ'ילי חריף 30 ג,גרמים,30.00,100 גרם,false,,5.50,0.1833,true,1,219309
7290014217478,false,תערובת עשבי תיבול איטלקי ים תיכוני 30ג',"תבליני טעם וריח בע""מ",IL,תערובת עשבי תיבול אי,גרמים,30.00,100 גרם,false,,9.50,0.3167,true,1,192048
7290014217485,false,מיכל תיבול קייגו'ן 100 גרם,"תבליני טעם וריח בע""מ",IL,תערובת תיבול קייגו'ן,גרמים,100.00,100 גרם,false,,9.50,0.0950,true,1,194066
7290014217492,false,מיכל תיבול פילדלפיה 100 גרם,"תבליני טעם וריח בע""מ",IL,תערובת תיבול פילדלפי,גרמים,100.00,100 גרם,false,,9.50,0.0950,true,1,194067
7290014217515,false,תבלין ציפוי ללחם מלוח טעם וריח 90 ג',"תבליני טעם וריח בע""מ",IL,תערובת תבלינים לציפו,גרמים,90.00,100 גרם,false,,9.90,0.1100,true,1,202715
7290014217522,false,תערובת ללחם שום טעם וריח 100 ג',"תבליני טעם וריח בע""מ",IL,תערובת תיבול ללחם שו,גרמים,100.00,100 גרם,false,,9.90,0.0990,true,1,202712
7290014217911,false,תבלין פלפל אדום מתוק בשקית 150 גר,טייפונג פודס,CN,פלפל מתוק שלם 150 גר,גרמים,150.00,100 גרם,false,,13.90,0.0927,true,1,205850
7290014218321,false,בורקס אישי גבינה מעדנות 4* 150 גרם,מיוצר עי קונדיטוריית,IL,בורקס יפו גבינה,גרמים,600.00,100 גרם,false,,18.50,0.0308,true,1,190213
7290014218338,false,בורקס יפו במילוי תפוחי אדמה,מיוצר עי קונדיטוריית,IL,"בורקס יפו תפו""א",יחידה,0.00,יחידה,false,,15.90,0.0000,true,1,190214
7290014218536,false,בצק עלים מרודד מופחת שומן מעדנות 1 קג,תנובה מעדנות,IL,בצק עלים מופחת שומן,יחידה,0.00,יחידה,false,,21.90,0.0000,true,1,195380
7290014218932,false,חטיפי פיצה בתוספת זיתים 710 ג' מעדנות,מיוצר עי קונדיטוריית,IL,חטיפי פיצה זיתים מעד,גרמים,710.00,100 גרם,false,,26.90,0.0379,true,1,207395
7290014220317,false,סט בקבוקים לטיול,,,סט בקבוקים לטיול,יחידה,0.00,יחידה,false,,8.90,0.0000,true,1,141481
7290014220522,false,שקיות לזילוף 20 יח 3,,,שקיות לזילוף 20 יח 3,יחידה,0.00,יחידה,false,,11.90,0.0000,true,1,150899
7290014241589,false,הטיב מיקס אגוזים 150גרם,דין שיווק,IL,מיקס אגוזים טבעי וחמ,גרמים,150.00,100 גרם,false,,13.00,0.0867,true,1,213894
7290014241619,false,הטיב בוטן קרנץ ישראלי 200 גר,דין שיווק,,בוטן קראנץ ישראלי,גרמים,200.00,100 גרם,false,,7.90,0.0395,true,1,213885
7290014241787,false,גרעינים שחור ללא מלח 200 גר,,,גרעין שחור ללא מלח,גרמים,200.00,100 גרם,false,,5.50,0.0275,true,1,213896
7290014256637,false,"יין מבעבע מוסקטו באזז יקבי כרמל 750 מ""ל",יקבי כרמל Carmel Winery,IL,יין מוסקטו BUZZ,מיליליטרים,750.00,"100 מ""ל",false,,23.90,0.0319,false,1,182223
7290014258716,false,תרכובת מזון צמחי על בסיס חלבון סויה מגיל לידה,מטרנה תעשיות ש.מ,IL,מטרנה צמחית 700 גר,גרמים,700.00,100 גרם,false,,55.90,0.0799,false,1,186063
7290014258730,false,תרכובת מזון צמחי לתינוקות מגיל 12 חודשים ואילך,מטרנה,IL,מטרנה צמחי מגיל שנה,גרמים,700.00,100 גרם,false,,69.90,0.0999,false,1,150809
7290014298200,false,בקבוק טריטן 3 צמידים,,,בקבוק ספורט / ילדים,יחידה,0.00,יחידה,false,,30.00,0.0000,true,1,188188
7290014298217,false,בקבוק שתיה קטן 350 מ,,,בקבוק ילדים טריטן,יחידה,0.00,יחידה,false,,25.00,0.0000,true,1,218913
7290014298989,false,"בקבוק צמידים טריטן 750 מ""ל MOSCO",,CN,בקבוק טריטן צמידים י,יחידה,0.00,יחידה,false,,40.00,0.0000,true,1,200502
7290014298996,false,בקבוק תרמי 500 מ''ל מוסקו,,,בקבוק שומר קור,יחידה,0.00,יחידה,false,,60.00,0.0000,true,1,188189
7290014318090,false,מיני ניוקי ללא גלוטן 500 גרם,VINCI,IT,מיני ניוקי ללא גלוטן,גרמים,500.00,100 גרם,false,,15.90,0.0318,true,1,198918
7290014318243,false,פולנטה איטלקית עדינה בווקום 1 קג,,,קמח תירס פולנטה עדינ,קילוגרמים,1.00,"ק""ג",false,,10.90,10.9000,true,1,195131
7290014318250,false,"פולנטה איטלקית קלאסית 1 ק""ג",,,קמח תירס פולנטה מקור,קילוגרמים,1.00,"ק""ג",false,,10.90,10.9000,true,1,195132
7290014318274,false,"שמן כמהין שחור כשר 250 מ""ל",,,שמן כמהין שחור 250 מ,מיליליטרים,250.00,"100 מ""ל",false,,66.90,0.2676,true,1,198934
7290014318311,false,מארז שלישיית עגבניות חתוכות דק במיץ עגבניות Rosso,,,עגבניות תמר פולפה של,גרמים,1200.00,100 גרם,false,,14.90,0.0124,true,1,199898
7290014318458,false,מחית עגבניות חתוכות דק Rustica,איטליקה Italica,,עגבניות חתוכות דק 68,גרמים,680.00,100 גרם,false,,11.90,0.0175,true,1,199534
7290014318670,false,רוטב רימונים אורגני,,AZ,"רכז רימונים 250 מ""ל",מיליליטרים,250.00,"100 מ""ל",false,,25.90,0.1036,true,1,203671
7290014318861,false,"קרם קוקוס אורגני 17.5% שומן 250 מ""ל",,LK,קרם קוקוס אורגני,מיליליטרים,250.00,"100 מ""ל",false,,9.90,0.0396,true,1,217977
7290014321007,false,שמן קוקוס אורגני 350 מל,כפרי בריא,,שמן קוקוס,גרמים,350.00,100 גרם,false,,28.90,0.0826,true,1,190674
7290014338968,false,מיני פנקייק הולנדי ט,טימפוד,,מיני פנקייק בייתי,גרמים,500.00,100 גרם,false,,29.90,0.0598,true,1,218351
7290014338975,false,קרפ הולנדי בייתי,טימפוד,,קרפ הולנדי בייתי,גרמים,600.00,100 גרם,false,,22.90,0.0382,true,1,218352
7290014343429,false,פס גבינת שמנת ותותים,,,פס גבינת שמנת ותותים,יחידה,0.00,יחידה,false,,59.90,0.0000,true,1,214828
7290014343450,false,פס מוס גבינה פירורים,נטלי,,פס מוס גבינה פירורים,יחידה,0.00,יחידה,false,,59.90,0.0000,true,1,214831
7290014343535,false,פס מוס סופה,,,פס מוס סופה,יחידה,0.00,יחידה,false,,59.90,0.0000,true,1,214840
7290014343559,false,עוגת פס רפאלה בן עמי,נטלי,,פס מוס רפאלה,יחידה,0.00,יחידה,false,,59.90,0.0000,true,1,214835
7290014343566,false,פס מוס מרקיז שוקולד,"נטלי פלוס בע""מ",IL,פס מוס מרקיז שוקולד,יחידה,0.00,יחידה,false,,54.90,0.0000,true,1,214841
7290014343573,false,עוגת פס פררה בן עמי,נטלי,,פס מוס פררה,יחידה,0.00,יחידה,false,,59.90,0.0000,true,1,214836
7290014343580,false,עוגת פס אלפחורס בן ע,נטלי,,פס מוס אלפחורס,יחידה,0.00,יחידה,false,,59.90,0.0000,true,1,214837
7290014343634,false,פס מוס קונקורד פרווה,נטלי פלוס בעמ,IL,פס מוס קונקורד פרווה,יחידה,0.00,יחידה,false,,54.90,0.0000,true,1,214842
7290014343641,false,עוגת פס מוס אוראו ב,נטלי,,פס מוס אוראו,יחידה,0.00,יחידה,false,,59.90,0.0000,true,1,214838
7290014343856,false,אינגליש קייק בראוניס,"נטלי פלוס בע""מ",IL,אינגליש קייק בראוניס,יחידה,0.00,יחידה,false,,39.90,0.0000,true,1,214853
7290014397163,false,"מטהר אוויר פרש הום פריחת השקד, ורד אנגלי וכותנה",החברה הדרומית,IL,סנו פרש מיכל מילוי,יחידה,0.00,יחידה,false,,14.90,0.0000,true,1,200467
7290014397170,false,"פרש מיכל מילוי אוטומטיק סופט בלאנס 250 מ""ל סנו",מיוצר עי קונדיטוריית,IL,סנו פרש מילוי,יחידה,0.00,יחידה,false,,14.90,0.0000,true,1,200409
7290014397286,false,מקסימה מרכך כביסה מרוכז חלב ודבש סנו 1 ליטר,סנו מקסימה,IL,מרכך מרוכז חלב ודבש,ליטרים,1.00,ליטר,false,,16.90,16.9000,true,1,141817
7290014397453,false,סנו אוקסיגן גל מסיר כתמים כביסה לבנה 3 ל,סנו אוקסיג'ן,IL,אוקסיג'ן כביסה לבנה,ליטרים,3.00,ליטר,false,,29.90,9.9667,true,1,141819
7290014397491,false,"מבשם אויר סנו פרש הום בניחוח וניל קוקוס 350 מ""ל",סנו פרש Fresh,IL,מטהר אוויר לבית וניל,מיליליטרים,350.00,"100 מ""ל",false,,12.90,0.0369,true,1,140702
7290014397507,false,מבשם אויר סנו פרש הום בניחוח מאסק מעודן 350 מ''ל,מיוצר עי קונדיטוריית,IL,מבשם אוויר לבית פריח,מיליליטרים,350.00,"100 מ""ל",false,,12.90,0.0369,true,1,140703
7290014397514,false,"מבשם אויר סנו פרש הום בניחוח כותנה מלטפת 350 מ""ל","סנו מפעלי ברונוס בע""",IL,מטהר אוויר לבית כותנ,מיליליטרים,350.00,"100 מ""ל",false,,12.90,0.0369,true,1,140704
7290014397538,false,"מבשם אויר סנו פרש הום בניחוח אביב 350 מ""ל",סנו מפעלי ברונוס בעמ,IL,מטהר אוויר לבית בוקר,מיליליטרים,350.00,"100 מ""ל",false,,12.90,0.0369,true,1,140706
7290014397675,false,סנו מקסימה מרכך כביסה חלב ודבש 4 ליטר,סנו מקסימה,IL,מרכך כביסה מקסימה 4,ליטרים,4.00,ליטר,false,,21.90,5.4750,false,1,143066
7290014397705,false,נוזל רצפות פוליווקס פרקט מרענן סנו 2ל',סנו פוליויקס,IL,פוליווקס פרקט 2 ליטר,ליטרים,2.00,ליטר,false,,19.90,9.9500,true,1,144195
7290014397767,false,סנו ריצפז פרש הום 2 ליטר בניחוח כותנה-מרכז,"סנו מפעלי ברונוס בע""",IL,רצפז פרש הום 2 ליטר,ליטרים,2.00,ליטר,false,,21.90,10.9500,false,1,143311
7290014397774,false,רצפז פרש הום טבע רענן 2 ל',סנו פרש Fresh,IL,רצפז פרש הום 2 ליטר,ליטרים,2.00,ליטר,false,,21.90,10.9500,false,1,143312
7290014397781,false,סנו ריצפז פרש הום 2 ליטר בניחוח סבון,סנו פרש Fresh,IL,רצפז פרש הום 2 ליטר,ליטרים,2.00,ליטר,false,,21.90,10.9500,false,1,143313
7290014397835,false,סנו - מט דוחה יתושים נוזלי מכשיר + מילוי 45 לילות,זובאלה,IT,סנומט סמארט 45 לילות,יחידה,0.00,יחידה,false,,29.90,0.0000,true,1,151506
7290014397873,false,מרכך כביסה בבישום עוצמתי ג'נטל בריז,סנו מקסימה,IL,מרכך כביסה סנו מקסימ,ליטרים,4.00,ליטר,false,,21.90,5.4750,false,1,209751
7290014426061,false,משחת שיניים הלו קיטי בטעם ענבים לגיל 2-6,כצט נוביס,IL,משחת שיניים הלו קיטי,מיליליטרים,50.00,"100 מ""ל",false,,10.90,0.2180,true,1,139450
7290014426597,false,משחת שיניים ילדיים קיטי שחור 50 גרם,יושלם,IL,משחת שיניים הלו קיטי,יחידה,0.00,יחידה,false,,10.90,0.0000,true,1,185314
7290014435704,false,סלמון מעושן 100גר' שמיר,שבעת הימים - שמיר,IL,שמיר-סלמון מעושן 100,גרמים,100.00,100 גרם,false,,18.90,0.1890,true,1,257168
7290014435803,false,מטיאס הולנדי (פרובנציאל) עם בצל בשמן 180 גרם,שבעת הימים - שמיר,IL,מטיאס הולנדי עם בצל,גרמים,180.00,100 גרם,false,,18.90,0.1050,true,1,146135
7290014435810,false,הרינג כבוש ובצל במרינת חמוץ מתוק שמיר 180 ג',שבעת הימים - שמיר,IL,הרינג כבוש עם בצל במ,גרמים,180.00,100 גרם,false,,18.90,0.1050,true,1,146148
7290014435827,false,פילה מקרל מעושן בשמן ויטהול 180 גר,"סלטי שמיר 2006 בע""מ",IL,פילה מקרל מעושן בשמן,גרמים,180.00,100 גרם,false,,24.90,0.1383,true,1,146136
7290014435834,false,מקרל מעושן פרוס בשמן 180 גרם,שבעת הימים - שמיר,IL,מקרל מעושן בשמן,גרמים,180.00,100 גרם,false,,24.90,0.1383,true,1,146137
7290014435841,false,פילה מטיאס הולנדי בשמן שמיר 180ג',סלטי שמיר 2006 בעמ,IL,פילה מטיאס הולנדי בש,גרמים,180.00,100 גרם,false,,18.90,0.1050,true,1,146149
7290014435872,false,סלט הרינג ומיונז שמיר 250ג',שבעת הימים - שמיר,IL,סלט הרינג עם מיונז,גרמים,180.00,100 גרם,false,,18.90,0.1050,true,1,146151
7290014435889,false,סלט מטיאס עם מיונז 180 גרם,שבעת הימים - שמיר,IL,סלט מטיאס עם מיונז,גרמים,180.00,100 גרם,false,,18.90,0.1050,true,1,146152
7290014435896,false,סלט סלומון עם מיונז 180 גר',שבעת הימים - שמיר,IL,סלט סלמון עם מיונז,גרמים,180.00,100 גרם,false,,19.90,0.1106,true,1,146153
7290014454149,false,לאב ליין וויט דאודורנט רול און,חלאבין Halvin,,דאודורנט רול און,מיליליטרים,80.00,"100 מ""ל",false,,16.90,0.2112,true,1,143152
7290014455245,false,גבינת גרנה פדנו משולש 29% 200 גרם בית יוסף,מחלבת סוציאלה מנטובה,IT,גבינת גרנה פדנו משול,גרמים,200.00,100 גרם,false,,24.90,0.1245,true,1,189320
7290014455252,false,גבינה קשה מגורדת גרנה פדנו 29% שומן,מחלבות גד שיווק 1992,IT,גבינת גרנה פדנו מגור,גרמים,100.00,100 גרם,false,,11.80,0.1180,true,1,189321
7290014455320,false,גבינה כדורי מוצרלה פרסקה גד 100ג',מוצרלה פרסקה 2 ב 15,IL,מוצרלה פרסקה כדור -,גרמים,100.00,100 גרם,false,,9.20,0.0920,true,1,185648
7290014455467,false,ירח מתוק מעדן חלב 2% ושיבולת שועל גד 150ג',מחלבות גד,IL,מעדן שיבולת שועל וחל,גרמים,150.00,100 גרם,false,,5.40,0.0360,true,1,189984
7290014455627,false,יוגורט עיזים דובדבן אמרנה 125 גר,מיוצר עי קוד יצרן MK,IL,יוגורט עיזים עם דבדב,גרמים,125.00,100 גרם,false,,5.60,0.0448,true,1,193828
7290014459137,false,"תפוגן סטייק צ'יפס 1.5 ק""ג אסם","תעשיות תפוגן בע""מ",IL,סטייק צ'יפס 1.5 קג,קילוגרמים,1.50,"ק""ג",false,,25.90,17.2667,true,1,144626
7290014459373,false,"צ'יפס קראנצ'י לתנור קפוא תפוגן 1.5ק""ג",עיצובים 2020 (4.5),IL,תפוגן צ'יפס קראנצ'י,קילוגרמים,1.50,"ק""ג",false,,24.90,16.6000,true,1,189882
7290014459472,false,"צ'יפס קפוא תפוגן 2 ק""ג כשל""פ","תעשיות תפוגן בע""מ",IL,צ'יפס קלאסי תפוגן 2,קילוגרמים,2.00,"ק""ג",false,,29.90,14.9500,true,1,194648
7290014466128,false,"יין הר חרמון אינדיגו 750 מ""ל",מיוצר וממולא על ידי,IL,הר חרמון אינדיגו 201,מיליליטרים,750.00,"100 מ""ל",false,,29.90,0.0399,false,1,140235
7290014466463,false,"יין הר חרמון מסקטו עברית 750 מ""ל","כד בני דרום בע""מ",IL,ירדן הר חרמון מוסקטו,מיליליטרים,750.00,"100 מ""ל",false,,29.90,0.0399,false,1,144709
7290014466609,false,יין מרלו גמלא 2020 750 מל,יקבי רמת הגולן,IL,יין גמלא מרלו 2012,מיליליטרים,750.00,"100 מ""ל",false,,50.00,0.0667,true,1,192756
7290014466890,false,"יין גמלא השמורה קברנה מרלו 2020 750 מ""ל",יקבי רמת הגולן,,יין גמלא השמורה קברנ,מיליליטרים,750.00,"100 מ""ל",false,,49.90,0.0665,true,1,219072
7290014471429,false,"מוזלי עם פירות 1 ק""ג - 429 סגול שקדיה","דין שיווק וקלייה בע""",IL,מיזלי פירות שקדיה 1,קילוגרמים,1.00,"ק""ג",false,,18.90,18.9000,true,1,143952
7290014471436,false,"מיזלי צימוקים תפוח קינמון וגרעיני חמניה שקדיה 1ק""ג","דין שיווק וקלייה בע""",IL,מיזלי צימוקים תפוח ק,קילוגרמים,1.00,"ק""ג",false,,19.90,19.9000,true,1,143953
7290014471443,false,"גרנולה צימוקים אגוזים ושקדים1 ק""ג חדש - 443 כתום שקדיה (כתום)","דין שיווק וקלייה בע""",IL,גרנולה צימוקים ואגוז,קילוגרמים,1.00,"ק""ג",false,,19.90,19.9000,true,1,144611
7290014472990,false,ממרח 100% שקדים שקדיה 300 ג',דין שיווק,IL,ממרח שקדים 100%,גרמים,300.00,100 גרם,false,,27.90,0.0930,true,1,147049
7290014501232,false,יין בר הרי גליל לבן 750 מל,יקבי רמת הגולן,,הר גליל לבן 2017,מיליליטרים,750.00,"100 מ""ל",false,,31.90,0.0425,true,1,202333
7290014501522,false,יין הרי גליל מירון 2017 750 מל,יקבי רמת הגולן,,יין הרי גליל מירון 2,מיליליטרים,750.00,"100 מ""ל",false,,80.00,0.1067,true,1,213246
7290014503137,false,"יין כנען אדום דלתון 750 מ""ל","איי, בי, אינבוו",IL,יובלים דלתון אדום,מיליליטרים,750.00,"100 מ""ל",false,,37.50,0.0500,true,1,194967
7290014503144,false,יין כנען לבן דלתון 750 מל,"איי, בי, אינבוו",IL,יין יבולים דלתון לבן,מיליליטרים,750.00,"100 מ""ל",false,,37.50,0.0500,true,1,195781
7290014525023,false,חטיף בריאות יוגורט במילוי פירות יער 182ג,סלים דליס Slim Delis,ES,חטיף בריאות במילוי,יחידה,0.00,יחידה,false,,10.90,0.0000,true,1,138691
7290014525177,false,חטיף סלים פרוט Slim fruit בטעם יוגורט ופירות יער,סלים דליס Slim Delis,ES,חטיף דגנים יוגורט ופ,יחידה,0.00,יחידה,false,,10.90,0.0000,true,1,145041
7290014525290,false,חטיף מרבה סלים דליס קריספי תות 125 גר,סלים דליס Slim Delis,NL,מרבה סלים דליס קריספ,גרמים,125.00,100 גרם,false,,10.90,0.0872,true,1,191567
7290014525306,false,חטיף מרבה סלים דליס קריספי אוכמניות 125,סלים דליס Slim Delis,NL,מרבה סלים דליס קריספ,גרמים,125.00,100 גרם,false,,10.90,0.0872,true,1,191568
7290014525313,false,חטיף מרבה סלים דליס קריספי שוקולד 125 ג,סלים דליס Slim Delis,NL,סלים דליס קריספי שוק,גרמים,125.00,100 גרם,false,,10.90,0.0872,true,1,192199
7290014525665,false,מרבה על חלל עוגיות קקאו וסוכריות שוק חלב 140 יח',"מרבה בע""מ",NL,מרבה על חלל עוגיות ק,גרמים,140.00,100 גרם,false,,9.90,0.0707,true,1,217950
7290014525672,false,מרבה על חלל עוגיות עם סוכריות שוקולד 140 יח',"מרבה בע""מ",NL,מרבה על חלל עוגיות ע,גרמים,140.00,100 גרם,false,,9.90,0.0707,true,1,217951
7290014562387,false,משקה גרגירים קמומיל בטר& דיפרנט 200ג',סילקו אם איי ספולקה,,תה נמס בטעם קמומיל,יחידה,0.00,יחידה,false,,18.90,0.0000,true,1,210824
7290014562394,false,משקה גרגירים שומר בטר& דיפרנט 200ג',סילקו אם איי ספולקה,,תה נמס בטעם שומר,יחידה,0.00,יחידה,false,,18.90,0.0000,true,1,210825
7290014562684,false,פריכיות אורז מרובעות דקות 130 גרם,,,פריכיות אורז מרובעות,גרמים,130.00,100 גרם,false,,5.90,0.0454,true,1,211979
7290014562783,false,תרכיז רימונים ללא סו,,,תרכיז רימונים ללא סו,מיליליטרים,250.00,"100 מ""ל",false,,29.90,0.1196,true,1,210829
7290014562981,false,אבקת קקאו 21% שומן 4,,,אבקת קקאו 21% שומן 4,גרמים,400.00,100 גרם,false,,17.90,0.0447,true,1,213472
7290014603028,false,שלגון סולרו שרבט תות-חלבי,"מיוצר ע""י גלידת שטרא",IL,שלגון סולרו וניל ותו,גרמים,76.00,100 גרם,false,,8.90,0.1171,true,1,140619
7290014648081,false,סכיני גילוח חד פעמי לה בלה עשירייה,,,סכיני גילוח לה בלה ע,יחידה,0.00,יחידה,false,,9.90,0.0000,true,1,186299
7290014648098,false,סכיני גילוח חד פעמי לה בלה חמישיה,,,סכיני גילוח לה בלה ח,יחידה,0.00,יחידה,false,,9.90,0.0000,true,1,186300
7290014648142,false,אלכוהול LA BELLE 70% מל 100,,,אלכוהול 70%,מיליליטרים,100.00,"100 מ""ל",false,,7.50,0.0750,true,1,201549
7290014648166,false,קרם חמצן 9%,,,קרם חמצן 9%,יחידה,0.00,יחידה,false,,3.90,0.0000,true,1,214826
7290014648197,false,קרטין אבקת הבהרה 10 גרם,,,אבקת הבהרה לשיער,גרמים,10.00,100 גרם,false,,7.50,0.7500,true,1,208213
7290014648357,false,PHARMA AID פלסטרים ב,,,פלסטרים 100'חי,יחידה,0.00,יחידה,false,,10.90,0.0000,true,1,215239
7290014648364,false,פלסטרים פארמה איד 40 יח,,,פלסטרים 40 יח,יחידה,0.00,יחידה,false,,8.90,0.0000,true,1,203759
7290014648371,false,פלסטרים פארמה איד שקופים 40 יח,,,פלסטר שקוף 40 יח,יחידה,0.00,יחידה,false,,8.90,0.0000,true,1,204569
7290014648845,false,ספוג רחצה חום LA BEL,,,ספוג רחצה,יחידה,0.00,יחידה,false,,12.90,0.0000,true,1,207859
7290014648906,false,מסיר לק מהציפורניים,אקטיב,IL,מסיר לק מהציפורניים,מיליליטרים,100.00,"100 מ""ל",false,,4.90,0.0490,true,1,206685
7290014649002,false,רצועות רחצה לגב,,,רצועות רחצה לגב,יחידה,0.00,יחידה,false,,12.90,0.0000,true,1,207857
7290014692299,false,גבינת ברי 125 ג' קסטיאלו ויליפוד,יורו צ'יז Euro Cheese,DK,CASTELLO-גבינת ברי,גרמים,125.00,100 גרם,false,,20.00,0.1600,true,1,143441
7290014692305,false,גבינת קממבר 125ג' CASTELLO ויליפוד,הנסיך- מפעל לייצור ט,DK,CASTELLO-גבינת קממבר,גרמים,125.00,100 גרם,false,,20.00,0.1600,true,1,143434
7290014692817,false,גבינת מוצרלה מגורדת 200 ג' EURO CHEESE ויליפוד,הנסיך- מפעל לייצור ט,IL,מוצרלה מגורדת 200 גר,גרמים,200.00,100 גרם,false,,14.50,0.0725,true,1,149594
7290014725348,false,"סוכרזית קלאסי 100 שקיות כש""לפ",סוכרזית Sucrazit,IL,סוכרזית קלאסי 100 שק,גרמים,130.00,100 גרם,false,,14.90,0.1146,true,1,149868
7290014748613,false,דג טוב מקלוני דגים בציפוי ציפס 600גר,עיצובים 2020 (4.9),IL,מקלוני דגים בציפוי ד,גרמים,600.00,100 גרם,false,,29.90,0.0498,true,1,203606
7290014748651,false,דג טוב פילה אמנון מצופה נתח שלם 360 גרם,מוצרי עוף טוב (2001),IL,דג טוב פילה אמנון מצ,גרמים,360.00,100 גרם,false,,32.90,0.0914,true,1,203607
7290014748675,false,"קציצות דגים 600 גרם ""דג טוב""",עיצובים 2020 (4.9),IL,קציצות דגים דג טוב,גרמים,600.00,100 גרם,false,,29.90,0.0498,true,1,203608
7290014748958,false,דג טוב פופקורן מיני אמנון ציפס נ.שלם 400גר,מולינו ניקולי s.p.a,IL,דג טוב מיני אמנון צי,גרמים,400.00,100 גרם,false,,34.90,0.0872,true,1,205455
7290014749078,false,מקלוני קבנוס עוף טוב 200 גרם,עיצובים 2020 (4.9),IL,מקלוני קבנוס 200 גר,גרמים,200.00,100 גרם,false,,14.90,0.0745,true,1,208152
7290014749245,false,ספיישל רצועות שניצל שומשום עוף טוב 600 גרם,מוצרי עוף טוב (2001),IL,עוף טוב צונגו רצועות,גרמים,600.00,100 גרם,false,,34.90,0.0582,true,1,210274
7290014749764,false,עוף טוב שניצל עוף ביתי עדין כזה 700 גרם,מוצרי עוף טוב (2001),IL,עוף טוב שניצל עוף בי,גרמים,700.00,100 גרם,false,,41.90,0.0599,true,1,211968
7290014749788,false,רצועות שניצל בציפוי צ'יפס צ'ונגו 600 ג' עוף טוב,מוצרי עוף טוב (2001),IL,עוף טוב צונגו רצועות,גרמים,600.00,100 גרם,false,,34.90,0.0582,true,1,211953
7290014749849,false,שניצל דק ענק קריספי שומשום עוף טוב 720 גר',מולינו ניקולי s.p.a,IL,עוף טוב שניצל דק ענק,גרמים,720.00,100 גרם,false,,37.90,0.0526,true,1,218178
7290014749863,false,עוף טוב שניצל דק ענק קריספי צ'יפס 720 גרם,מוצרי עוף טוב (2001),IL,עוף טוב שניצל דק ענק,גרמים,720.00,100 גרם,false,,37.90,0.0526,true,1,218069
7290014749887,false,עוף טוב שניצל דקענק קריספ קלאסי 720 גרם,מולינו ניקולי s.p.a,IL,עוף טוב שניצל דק ענק,גרמים,720.00,100 גרם,false,,37.90,0.0526,true,1,218179
7290014758100,false,מאגדת יוגורט ביו 3% שומן 8 יח' *150ג' תנובה,מיוצר עי קונדיטוריית,IL,מאגדת יוגורט ביו 3%,גרמים,1200.00,100 גרם,false,,16.50,0.0138,true,1,141024
7290014758117,false,מאגדת יוגורט ביו 1.5% שומן 8 יח' *150 ג' תנובה,מיוצר עי קונדיטוריית,IL,מאגדת יוגורט ביו שמי,גרמים,1200.00,100 גרם,false,,16.50,0.0138,true,1,141025
7290014758162,false,חלב עיזים מלא 3.6% קרטון 1 ל' תנובה,תנובה מרכז שיתופי לש,IL,חלב עיזים מלא 3.6%,ליטרים,1.00,ליטר,false,,16.00,16.0000,true,1,143050
7290014758681,false,קוטג תנובה 1% גביע 250 גרם,מיוצר עי קונדיטוריית,IL,קוט'ג 1% תנובה,גרמים,250.00,100 גרם,false,,5.50,0.0220,false,1,141286
7290014759084,false,גבינת שמנת 16% בטעם טבעי 225 ג' נפוליאון,תנובה מרכז שיתופי לש,IL,נפוליאון טבעי 16%,גרמים,225.00,100 גרם,false,,13.90,0.0618,false,1,144669
7290014759534,false,גבינה בולגרית למריחה טבעי 5% 200 ג' פיראוס,"תנובה, מחלבת תל יוסף",IL,בולגרית למריחה טבעי,גרמים,200.00,100 גרם,false,,14.90,0.0745,true,1,145635
7290014759909,false,פטה עיזים 5% פיראוס גביע 250 גרם,"תנובה, מחלבת טנא נוג",IL,פטה עיזים 5%,גרמים,250.00,100 גרם,false,,29.50,0.1180,false,1,146594
7290014759978,false,"גבינת קצקבל פלח גלעד 27%, 200 ג'",תנובה חלב,IL,גבינת גלעד קשקבל,גרמים,200.00,100 גרם,false,,26.90,0.1345,false,1,145452
7290014759985,false,"גבינת פרמזן גבע 23% פלח, 200 ג'",תנובה חלב,IL,גבינת פרמזן 200 גר,גרמים,200.00,100 גרם,false,,24.90,0.1245,false,1,145453
7290014759992,false,גבינת רוקפור גליל פלח 140 ג' תנובה,"תנובה, מחלבת תל יוסף",IL,גבינת רוקפור 140 גר,גרמים,140.00,100 גרם,false,,19.90,0.1421,true,1,145454
7290014760134,false,מעדן סויה בטעם וניל אלטרנטיב,תנובה Alternative,IL,מעדן סויה וניל 1.5%,גרמים,125.00,100 גרם,false,,4.10,0.0328,true,1,201116
7290014760141,false,משקה שקדים תנובה E אלטרנטיב,תנובה Alternative,IL,משקה שקדים טרי 1 ליט,ליטרים,1.00,ליטר,false,,12.60,12.6000,true,1,186677
7290014760448,false,גבינה צהובה גלבוע 400 גרם 22% שומן תנובה,מחלבת בית יצחק,IL,גלבוע 400 גר 22%,גרמים,400.00,100 גרם,false,,24.50,0.0613,false,1,147960
7290014760912,false,פרוסות גבינה 28% שומן 400 ג' גוש חלב,תנובה מרכז שיתופי לש,IL,גוש חלב מהדרין 400 ג,גרמים,400.00,100 גרם,false,,25.90,0.0647,false,1,147961
7290014761049,false,"תנובה שמנת חמוצה 15% בד""צ 100מל",,,שמנית תנובה 15%,מיליליטרים,100.00,"100 מ""ל",false,,1.70,0.0170,false,1,259335
7290014761056,false,מעדן שוקולד חלב מעולה 123 ג' יולו,מיוצר עי קונדיטוריית,IL,מעדן שוקולד חלב YOLO,גרמים,123.00,100 גרם,false,,4.60,0.0374,false,1,150430
7290014761063,false,מעדן שוקולד מריר מעולה 123 ג' יולו,מיוצר עי קונדיטוריית,IL,מעדן שוקולד מריר YOL,גרמים,123.00,100 גרם,false,,4.60,0.0374,false,1,150431
7290014761070,false,מעדן שוקולד לבן מעולה 123 ג' יולו,מיוצר עי קונדיטוריית,IL,מעדן שוקולד לבן מעול,גרמים,123.00,100 גרם,false,,4.60,0.0374,false,1,150432
7290014761193,false,יוגורט עם פירות יער 1.5% שומן 125 ג' פרילי,תנובה מרכז שיתופי לש,IL,פרילי פירות יער 125,גרמים,125.00,100 גרם,false,,3.60,0.0288,true,1,150909
7290014761414,false,יולו מעדן שכבות שוקולד חלב ולבן 123 גר,מיוצר עי קונדיטוריית,IL,מעדן שכבות שןקולד חל,גרמים,123.00,100 גרם,false,,4.60,0.0374,true,1,186322
7290014761612,false,YOLO מעדן שכבות שוקולד מריר ולבן מעולה,מיוצר עי קונדיטוריית,IL,יולו שכבות שוקולד מר,גרמים,120.00,100 גרם,false,,4.60,0.0383,false,1,186323
7290014761698,false,"גבינה צהובה עמק פרוס 28% 600 גרם בד""צ",תנובה מרכז שיתופי לש,IL,עמק משפחתי 600 גר,גרמים,600.00,100 גרם,false,,32.90,0.0548,false,1,205154
7290014762756,false,נפוליאון גבינת שמנת עם בצל 16% שומן,תנובה חלב,IL,נפוליאון בצל 16%,גרמים,225.00,100 גרם,false,,13.90,0.0618,false,1,190185
7290014762800,false,מעדן סויה שוקולד גביע 125 גרם אלטרנטיב,תנובה מרכז שיתופי לש,IL,גביע מעדן סויה בטעם,גרמים,125.00,100 גרם,false,,4.10,0.0328,true,1,198601
7290014762831,false,גבינת שמנת חלפיניו 24% שומן 225 ג' נפוליאון,תנובה מרכז שיתופי לש,IL,נפוליאון חלפיניו,גרמים,225.00,100 גרם,false,,13.90,0.0618,false,1,191691
7290014762848,false,גבינה צהובה מגורדת 22% שומן 500 ג' פתיתי גלבוע,גלבוע - תנובה,IL,פתיתי גלבוע 500 גר,גרמים,500.00,100 גרם,false,,32.90,0.0658,false,1,200415
7290014762909,false,"פתיתי גבנ""צ מוצרלה 200 גרם ""השף הלבן""","תנובה, מחלבת תל יוסף",IL,פתיתי מוצרלה,גרמים,200.00,100 גרם,false,,17.90,0.0895,false,1,191641
7290014763098,false,קרם גבינת שמנת 5% עם פלפל שום ובצל 200 ג' תנובה,תנובה,IL,קרם גבינת שמנת בניחו,גרמים,200.00,100 גרם,false,,11.90,0.0595,true,1,191617
7290014763272,false,יוגורט סויה BIO לשתיה תות ובננה אלטרנטיב,תות תעשיות מזון (201,IL,משקה סויה ביו עם תות,מיליליטרים,250.00,"100 מ""ל",false,,5.80,0.0232,true,1,192660
7290014763395,false,גבינה צהובה עמק פרוס 28% 600 גרם מהדרין,תנובה מרכז שיתופי לש,IL,עמק סמי 600 גר,גרמים,600.00,100 גרם,false,,32.90,0.0548,false,1,194911
7290014763418,false,"כד יוגרט תנובה 4% שומן 1.5 ליטר, מהדרין",תנובה מרכז שיתופי לש,IL,יוגורט 1.5 ליטר תנו,ליטרים,1.50,ליטר,false,,17.50,11.6667,true,1,193544
7290014785007,false,"טפיוקה גרגרים קטנים ""אסיה""",יושלם,,פניני טפיוקה קטן,גרמים,400.00,100 גרם,false,,8.90,0.0223,true,1,141607
7290014785052,false,"רוטב פטריות צמחוני 500 מ""ל",טעמי אסיה Taste of Asia,TH,רוטב פטריות צמחוני ל,מיליליטרים,500.00,"100 מ""ל",false,,11.90,0.0238,true,1,149844
7290014785069,false,רוטב מירין מתוק לבישול,טעמי אסיה Taste of Asia,CN,"חומץ מירין 250 מ""ל",מיליליטרים,250.00,"100 מ""ל",false,,11.90,0.0476,true,1,149163
7290014785076,false,"קרם קוקוס ללא תוספות חומר משמר 400 מ""ל",טעמי אסיה Taste of Asia,TH,קרם קוקוס ללא חומר מ,מיליליטרים,400.00,"100 מ""ל",false,,8.90,0.0223,true,1,145682
7290014785113,false,"רוטב טריאקי גדול 500 מ""ל",טעמי אסיה Taste of Asia,TH,"רוטב טריאקי 500 מ""ל",מיליליטרים,500.00,"100 מ""ל",false,,11.90,0.0238,true,1,194421
7290014785441,false,אטריות ביצים מקצועי 450 גרם,,,אטריות ביצים מקצועי,גרמים,450.00,100 גרם,false,,7.90,0.0176,true,1,198479
7290014785458,false,למון גראס ולימונית מ,,,למון גראס מיובש,גרמים,50.00,100 גרם,false,,8.90,0.1780,true,1,262107
7290014785465,false,שורש גלנגל מיובש 100,,,שורש גלנגל מיובש,גרמים,100.00,100 גרם,false,,11.90,0.1190,true,1,262108
7290014785472,false,עלי קפיר ליים מיובשי,,,עלי קפיר ליים מיובשי,גרמים,10.00,100 גרם,false,,5.90,0.5900,true,1,262104
7290014785564,false,אטריות אודון מוכנות 200 ג',קינגדאן פרימה פודס ק,CN,אטריות מוכנות אודון,גרמים,200.00,100 גרם,false,,2.90,0.0145,true,1,207538
7290014785571,false,"אטריות מוכנות מתאים להקפצה, מרקים ומנות קרות",טעמי אסיה Taste of Asia,,אטריות מוכנות להקפצה,גרמים,200.00,100 גרם,false,,2.90,0.0145,true,1,207539
7290014785588,false,אטריות ראמן מוכנות 180 ג',קינגדאן פרימה פודס ק,CN,אטריות מוכנות ראמן,גרמים,180.00,100 גרם,false,,2.90,0.0161,true,1,207540
7290014785915,false,ממרח קארי מאסאמן 400,,,ממרח קארי מאסאמן,גרמים,400.00,100 גרם,false,,18.90,0.0472,true,1,215741
7290014785922,false,מחית טום יאם 400 גר',,,מחית טום יאם 400 גר',גרמים,400.00,100 גרם,false,,18.90,0.0472,true,1,213640
7290014785984,false,רוטב סויה ללא גלוטן,טעמי אסיה Taste of Asia,,רוטב סויה ללא גלוטן,מיליליטרים,150.00,"100 מ""ל",false,,6.90,0.0460,true,1,204436
7290014785991,false,"רוטב סויה ללא גלוטן 500 מ""ל",טעמי אסיה Taste of Asia,,רוטב סויה ללא גלוטן,מיליליטרים,500.00,"100 מ""ל",false,,12.90,0.0258,true,1,202655
7290014789913,false,עוגיות אוראו קרם בטעם וניל מארז 176 גרם,מונדלייז,ES,מארז שלישיית עוגיות,גרמים,528.00,100 גרם,false,,21.90,0.0415,true,1,144707
7290014791091,false,"שוויפס לימונייד 500 מ""ל",יפאורה,IL,שוופס לימונייד 500 מ,מיליליטרים,500.00,"100 מ""ל",false,,4.90,0.0098,true,1,164673
7290014791626,false,שוופס סודה נענע ליים 250 מל זכוכית,יפאורה תבורי בעמ,IL,שוופס סודה נענע ליים,מיליליטרים,250.00,"100 מ""ל",false,,3.20,0.0128,true,1,204034
7290014791848,false,FRUIT WATER טעם אננס 0.5 ליטר,יפאורה תבורי בעמ,IL,מים פרוט אננס 0.5 לי,מיליליטרים,500.00,"100 מ""ל",false,,5.50,0.0110,true,1,203380
7290014791862,false,"שוופס פרוט ווטר אפרסק 500מ""ל",יפאורה תבורי בעמ,IL,מים פרוט אפרסק 0.5 ל,מיליליטרים,500.00,"100 מ""ל",false,,5.50,0.0110,true,1,205376
7290014803565,false,צנימים עגולים עם חיטה מלאה 300 גרם,NEWLAT,,צנימים עם חיטה מלאה,גרמים,300.00,100 גרם,false,,11.90,0.0397,true,1,149552
7290014855434,false,מגבונים בייביסיטר פרפורמנס מבושם רביעיה,בייביסיטר Babysitter,IL,מגבונים בייביסיטר רב,יחידה,0.00,יחידה,false,,14.90,0.0000,true,1,187921
7290014855458,false,מגבוני בייביסיטר פרפורמנס ללא בישום מארז 72X4יח',בייביסיטר Babysitter,IL,מגבונים בייביסיטר רב,יחידה,0.00,יחידה,false,,14.90,0.0000,true,1,187922
7290014890145,false,גבינת שמנת בטעם טבעי 25%,גבינות משק יעקבס,IL,גבינת שמנת טבעית,גרמים,225.00,100 גרם,false,,12.90,0.0573,true,1,198801
7290014890152,false,גבינת שמנת עם זיתים ירוקים 25%,גבינות משק יעקבס,IL,גבינת שמנת זיתים 225,גרמים,225.00,100 גרם,false,,12.90,0.0573,true,1,199354
7290014890169,false,גבינת שמנת שום שמיר 25%,גבינות משק יעקבס,IL,גבינת שמנת שום שמיר,גרמים,225.00,100 גרם,false,,12.90,0.0573,true,1,199355
7290014890176,false,גבינת ריקוטה בסגנון,מחלבת משק יעקובס,IL,ריקוטה 250 גר' יעקבס,גרמים,250.00,100 גרם,false,,11.90,0.0476,false,1,208188
7290014890190,false,גבינת מוצרלה כדור 100 גר,מחלבת משק יעקובס,IL,מוצרלה כדור יעקבס 10,גרמים,100.00,100 גרם,false,,10.00,0.1000,false,1,209052
7290014890206,false,קרם פרש 250גרם יעקוב,מחלבת משק יעקובס,IL,קרם פרש 250 גר' יעקב,גרמים,250.00,100 גרם,false,,13.90,0.0556,true,1,207221
7290014890237,false,גבינת קממברט יעקבס 125 גרם,גבינות משק יעקבס,IL,קממברט 125 גר',גרמים,125.00,100 גרם,false,,17.90,0.1432,true,1,196855
7290014890572,false,"יוגורט עיזים משק יעקבס 850 מ""ל",גבינות יעקבס,IL,יוגורט עיזים יעקבס,מיליליטרים,850.00,"100 מ""ל",false,,22.90,0.0269,false,1,261235
7290014890589,false,"יוגורט יווני משק יעקבס 850 מ""ל",גבינות יעקבס,IL,יוגורט יווני יעקבס,מיליליטרים,850.00,"100 מ""ל",false,,19.90,0.0234,false,1,261236
7290014890596,false,גבינת ברי עיזים בייב,גבינות יעקבס,IL,ברי עיזים בייבי יעקב,גרמים,125.00,100 גרם,false,,21.00,0.1680,true,1,261231
7290014890602,false,קממבר בקר אגוזים משק יעקבס 125 גרם,גבינות יעקבס,IL,קממבר בקר אגוזים יע,גרמים,125.00,100 גרם,false,,17.90,0.1432,false,1,261232
7290014890619,false,ברי עיזים כמהין משק יעקבס 125 גרם,גבינות משק יעקבס,IL,ברי עיזים כמהין ביי,גרמים,125.00,100 גרם,false,,27.50,0.2200,true,1,261233
7290014901247,false,"שמפו קרטין לאחר החלקה ועיצוב בחום סטייל 750 מ""ל",א.ל. ארמן ייצור תמרו,IL,סטייל שמפו קרטין לאח,מיליליטרים,750.00,"100 מ""ל",false,,26.90,0.0359,true,1,147448
7290014901254,false,"מרכך קרטין לאחר החלקה ועיצוב בחום סטייל 750 מ""ל",א.ל ארמן ייצור תמרוק,IL,סטייל מרכך קרטין לאח,מיליליטרים,750.00,"100 מ""ל",false,,26.90,0.0359,true,1,147449
7290014901261,false,"מסכה קרטין לאחר החלקה ועיצוב בחום סטייל 500 מ""ל",א.ל ארמן ייצור תמרוק,IL,סטייל מסכת קרטין לאח,מיליליטרים,500.00,"100 מ""ל",false,,34.90,0.0698,true,1,147450
7290014901308,false,משחת שיניים לשיניים רגישות Complete protection,"סמית קליין ביצ'ם בע""",GB,סנסודיין הגנה מלאה,מיליליטרים,75.00,"100 מ""ל",false,,25.90,0.3453,true,1,149105
7290014901315,false,סנסודיין משחה הגנה מלאה אקסטרה פרש 75 מל,"סמית קליין ביצ'ם בע""",GB,סנסודיין הגנה מלאה פ,מיליליטרים,75.00,"100 מ""ל",false,,25.90,0.3453,true,1,149106
7290014905207,false,"הג'ל הכחול לניקוי האסלה יעקבי 750 מ""ל",איי פי אס,TR,"W.C אסלות 750 מ""ל",מיליליטרים,750.00,"100 מ""ל",false,,9.90,0.0132,true,1,145052
7290014905337,false,מגבת מיקופייבר לכל,יעקובי,,מגבת מיקופייבר לכל,יחידה,0.00,יחידה,false,,4.90,0.0000,true,1,146860
7290014905344,false,"הפי תרסיס קצף לניקוי שטיחים יעקביי 623 מ""ל",שרווין ויליאמס,US,הפי קצף לשטיחים,מיליליטרים,623.00,"100 מ""ל",false,,19.90,0.0319,true,1,146093
7290014905498,false,הפי מטליות דו צדדיות בגליל 20 מטליות,ג'נרל מילס סאן אדריא,TR,הפי גם וגם מטלית דו,יחידה,0.00,יחידה,false,,12.90,0.0000,true,1,147500
7290014905689,false,"נוזל כלים הפי מרוכז 24% תפוח 750 מ""ל",יעקובי הפי,IL,"הפי כלים 750 מ""ל ירו",מיליליטרים,750.00,"100 מ""ל",false,,7.90,0.0105,true,1,149680
7290014905696,false,"נוזל כלים הפי מרוכז 24% לימון 750 מ""ל",יעקובי הפי,IL,"הפי כלים 750 מ""ל צהו",מיליליטרים,750.00,"100 מ""ל",false,,7.90,0.0105,true,1,149681
7290014905733,false,"הפי פרפקט לניקוי שמשות 750 מ""ל",יעקובי הפי,TR,"הפי לחלונות 750 מ""ל",מיליליטרים,750.00,"100 מ""ל",false,,7.90,0.0105,true,1,149682
7290014905962,false,סבון אסלה הפי בושם 5טיפות ורוד לבנדר נתלה,רלווי,IT,סבון אסלה 5 טיפות בו,יחידה,0.00,יחידה,false,,7.90,0.0000,true,1,185180
7290014907386,false,אצבעות אנטריקוט חלק,,,אצבעות אנטריקוט חלק,קילוגרמים,1.00,"ק""ג",true,,59.90,59.9000,true,1,219170
7290014910386,false,"קורנישונים במלח 690 גרם ""לינה""",יוניקורן פיקלס,,קורנישון במלח 690 גר,גרמים,690.00,100 גרם,false,,9.90,0.0143,true,1,197926
7290014910515,false,שימורי דגים שפרוטים מעושנים בשמן צמחי 250 גרם,,,שימורי דגים שפרוטים,גרמים,250.00,100 גרם,false,,11.90,0.0476,true,1,199507
7290014940901,false,לחם פשוט מלא 750 ג' אנג'ל,מאפית אנגל,IL,לחם פשוט מלא אנג'ל,מיליליטרים,750.00,"100 מ""ל",false,,13.90,0.0185,true,1,185843
7290014945029,false,גליל מפת אלבד 25 מטר,,,גליל מפה 25 מטר,יחידה,0.00,יחידה,false,,29.90,0.0000,true,1,187488
7290014945203,false,שטיחון מיקרופייבר מפ,GUANGDONG,CN,שטיחון מיקרופייבר מפ,יחידה,0.00,יחידה,false,,35.90,0.0000,true,1,188885
7290014945579,false,גליל מפה עם ראנר 16,,,גליל מפה 16 מטר,יחידה,0.00,יחידה,false,,34.90,0.0000,true,1,187490
7290014945746,false,אטבי כביסה מודפסים 9,,,אטבים מודפסים,יחידה,0.00,יחידה,false,,5.90,0.0000,true,1,188886
7290014945807,false,קיסמי שיניים דנטלים 200 יחידות,,,קיסמי שיניים דנטלים,יחידה,0.00,יחידה,false,,8.90,0.0000,true,1,191634
7290014947047,false,פריכיות כוסמת עם מלח 175 גרם,זן בר המכללה לטבעונו,IL,זן-בר- פריכיות כוסמת,גרמים,160.00,100 גרם,false,,9.90,0.0619,true,1,186374
7290014949768,false,אוטן אפטר בייט 25 מ''ל,המאפיה של הרמן,IT,"אוטן אפטר בייט 25 מ""",מיליליטרים,25.00,"100 מ""ל",false,,26.90,1.0760,true,1,146534
7290014962538,false,משחת שיניים ג'וניור מנטה מעודן לגילאי 6+,כצט CTS,IL,משחת שיניים טפטפים,מיליליטרים,50.00,"100 מ""ל",false,,11.50,0.2300,true,1,208343
7290014974562,false,גביעי גלידה רגיל טילון עלמה גילרו 24 יח',"א.ג גילרו בע""מ",IL,גביעים לגלידה גילרו,גרמים,120.00,100 גרם,false,,6.90,0.0575,true,1,197451
7290014974593,false,גביעי גלידריה ללא גלוטן 12 יחי',כרמית תעשיות ממתקים,IL,גביעי גלידה ללא גלוט,גרמים,132.00,100 גרם,false,,13.50,0.1023,true,1,197874
7290014974647,false,גילרו בצק סוכר אדום,,,גילרו בצק סוכר אדום,גרמים,150.00,100 גרם,false,,5.90,0.0393,true,1,202669
7290014974715,false,גילרו בצק סוכר ורוד,,,גילרו בצק סוכר ורוד,גרמים,150.00,100 גרם,false,,5.90,0.0393,true,1,202671
7290014974746,false,גילרו בצק סוכר לבן,גילרו,,גילרו בצק סוכר לבן,גרמים,150.00,100 גרם,false,,5.90,0.0393,true,1,202660
7290015025942,false,"פנג'ל ק. ידיים קלאסי עם שמן שקדים 80מ""ל",מיוצר עי קונדיטוריית,IL,פנג'ל קרם ידיים עם ש,מיליליטרים,80.00,"100 מ""ל",false,,8.00,0.1000,true,1,189265
7290015039246,false,נתחי טונה בשמן צמחי רביעיה * 160 ג' וילי פוד,וילי פוד,TH,רביעיה טונה ויליפוד,גרמים,640.00,100 גרם,false,,19.90,0.0311,false,1,148617
7290015039253,false,וילי פוד עלי גפן במי מלח 620 גר,קוראהן פזלרמה וי דיס,TR,עלי גפן במי מלח,גרמים,620.00,100 גרם,false,,10.60,0.0171,true,1,147865
7290015039338,false,נתחי טונה במי מלח רביעיה * 160 ג' וילי פוד,וילי פוד,IL,רביעיה טונה במים ויל,גרמים,640.00,100 גרם,false,,19.90,0.0311,false,1,148622
7290015039482,false,גבינת אדם פלח 230גרם 24%שומן - הולנד,וויקה פארמס אל.טי.די,NL,גבינת אדם 235 גר,גרמים,235.00,100 גרם,false,,21.90,0.0932,true,1,186277
7290015127066,false,תמר בהרי אורגני נאות סמדר 400 גרם,,,תמר ברהי אורגני,גרמים,400.00,100 גרם,false,,19.90,0.0497,true,1,201047
7290015129121,false,סקיני פסטה נודלס 270 גרם,הוויזאי וואנגייה פוד,CN,סקיני פסטה נודלס,גרמים,270.00,100 גרם,false,,10.90,0.0404,true,1,149317
7290015129145,false,אטריות קונג'אק בתוספת טפיוקה בצורת ספגטי,הוויזאי וואנגייה פוד,CN,סקיני פסטה ספגטי,גרמים,270.00,100 גרם,false,,10.90,0.0404,true,1,149239
7290015129220,false,איטריות קונגאק ללא גלוטן 270 גרם skinny,אף.סי תבליני בגליל ב,CN,סקיני פסטה בצורת קוס,גרמים,270.00,100 גרם,false,,10.90,0.0404,true,1,185727
7290015129251,false,איטריות קונגאק ללא גלוטן 270 גרם skinny,אף.סי תבליני בגליל ב,CN,סקיני פסטה בצורת פטו,יחידה,270.00,יחידה,false,,10.90,0.0404,true,1,187383
7290015129657,false,סקיני פסטה פנה אורגנ,סקיני פסטה,CN,סקיני פסטה פנה,גרמים,270.00,100 גרם,false,,10.90,0.0404,true,1,262366
7290015129749,false,סקיני פסטה שיבולת שועל נודלס 270 גרם,הוויזאי וואנגייה,CN,אברמסון סקיני פסטה נ,גרמים,200.00,100 גרם,false,,10.90,0.0545,true,1,205657
7290015139250,false,"כרמית שוקולד מריר עם פצפוצי אורז לל""ס",כרמית תעשיות ממתקים,IL,שוקולד מריר עם פצפוצ,גרמים,85.00,100 גרם,false,,5.90,0.0694,true,1,187568
7290015139267,false,שוקולד מריר עם שקדים ללא תוספת סוכר וסטהיים,כרמית תעשיות ממתקים,IL,כרמית שוקולד מריר עם,גרמים,85.00,100 גרם,false,,5.90,0.0694,true,1,187106
7290015139526,false,וופל בציפוי ומילוי שוקו ללא גלוטן,כרמית תעשיות ממתקים,IL,חופשי ופל בציפוי ומי,גרמים,125.00,100 גרם,false,,9.90,0.0792,true,1,189884
7290015139533,false,וופל לימון ללא ציפוי 200 ג' -חופשי-ללא גלוטן,כרמית תעשיות ממתקים,IL,חופשי ופל לימון כרמי,גרמים,200.00,100 גרם,false,,9.90,0.0495,true,1,189631
7290015139571,false,חופשי ופל בארים בציפוי שוקולד 25 גר,כרמית תעשיות ממתקים,IL,חופשי ופל מצופה ללא,גרמים,125.00,100 גרם,false,,9.90,0.0792,true,1,189635
7290015150088,false,מחית עגבניות גראנד איטליה 700 גרם,שוורצקוף& הנקל דיסלד,IT,מיץ עגבניות 700 גרם,גרמים,700.00,100 גרם,false,,12.90,0.0184,true,1,185294
7290015150118,false,עגבניות חתוכות דק בלה איטליה 3*400 ג',אמיליאנה קונסרב ס.פ.,IL,עגבניות חתוכות דק של,גרמים,1200.00,100 גרם,false,,13.90,0.0116,true,1,185295
7290015150361,false,תה ירוק נענע סטיביה 25 שקיקים ויסוצקי,ויסוצקי ירוק,IL,תה ירוק נענע סטיביה,גרמים,37.50,100 גרם,false,,24.90,0.6640,false,1,185816
7290015150729,false,תה ירקוק סקיני גריני 25 שקיקים,תה ויסוצקי,IL,תה ירוק מיקס 3 טעמים,גרמים,37.50,100 גרם,false,,24.90,0.6640,false,1,191100
7290015150903,false,תה ירוק גן קסום קינמון ודבש 25 שק*1.5 גר,ויסוצקי ירוק,IL,תה ירוק קינמון ודבש,יחידה,0.00,יחידה,false,,24.90,0.0000,false,1,193386
7290015155021,false,פרמיו חטיף דנטלי לכלב ננסי 110גרם,רונדו,DE,פרמיו לכלב דנטל מיני,גרמים,110.00,100 גרם,false,,10.00,0.0909,true,1,200637
7290015155274,false,פרמיו כריות ביוטי לחתול 60ג,פרמיו Premio,AT,כריות עור ופרווה פרמ,גרמים,60.00,100 גרם,false,,10.00,0.1667,true,1,263598
7290015155427,false,פרמיו עוף וכבד לחתול,פרמיו Premio,AU,פרמיו עוף וכבד 15 גר,גרמים,15.00,100 גרם,false,,7.00,0.4667,true,1,262891
7290015155434,false,פרמיו סלמון ופורל 15 ג',,AU,פרמיו סלומון ופורל 1,גרמים,15.00,100 גרם,false,,7.00,0.4667,true,1,262892
7290015155557,false,פרמיו מקלוני ברווז מובחרים 100ג,,CN,פרמיו רצועות סושי בר,גרמים,100.00,100 גרם,false,,15.00,0.1500,true,1,262905
7290015155830,false,מחית תפוחי עץ ובננה חטיפטף ללא תוספת סוכר,פרוטה פודווין איי.אס,CZ,מחית תפוחי עץ ובננה,גרמים,120.00,100 גרם,false,,5.90,0.0492,true,1,198490
7290015155847,false,מחית סלט פירות חטיפטף ללא תוספת סוכר,פרוטה פודיווין איי.א,CZ,מחית סלט פירות פרינו,גרמים,120.00,100 גרם,false,,5.90,0.0492,true,1,198491
7290015155878,false,חטיף אורז אפוי לתינוקות טבעי חטיפטף 28גר,,TH,חטיפטף חטיף אורז אפו,גרמים,28.00,100 גרם,false,,8.50,0.3036,true,1,263516
7290015155885,false,חטיפטף - חטיף אורז אפוי בטעם אוכמניות 28 גרם,,,חטיפטף בטעם אוכמניות,גרמים,28.00,100 גרם,false,,8.50,0.3036,true,1,217170
7290015155892,false,חטיף אורז אפוי לתינוקות בננה חטיפטף 28גר,,TH,חטיפטף בטעם בננה 28,גרמים,28.00,100 גרם,false,,8.50,0.3036,true,1,217171
7290015156776,false,מחית פירות טרופיים חטיפטף ללא תוספת סוכר,פרוטה פודווין איי.אס,CZ,מחית פירות טרופיים פ,גרמים,120.00,100 גרם,false,,5.90,0.0492,true,1,203283
7290015156790,false,מחית לפתן פירות חטיפטף ללא תוספת סוכר,פרוטה פודווין איי.אס,CZ,מחית לפתן פירות פרינ,גרמים,120.00,100 גרם,false,,5.90,0.0492,true,1,203284
7290015161138,false,אבקת מרק טבעוני בטעם,,,אבקת מרק טבעוני בטעם,גרמים,200.00,100 גרם,false,,27.90,0.1395,true,1,215872
7290015161145,false,קוואקר כוסמין מלא עבה 400 גרם נוטרה זן,נוטרה זן NutraZen,DK,קוואקר כוסמין מלא עב,גרמים,400.00,100 גרם,false,,21.90,0.0547,true,1,217010
7290015161152,false,גרנולה מפתיתי כוסמין בתוספת פירות ואגוזים,נוטרה זן NutraZen,IL,גרנולה כוסמין פירות,גרמים,300.00,100 גרם,false,,27.90,0.0930,true,1,215218
7290015161176,false,"שמן קוקוס אורגני לא מזוכך 330 מ""ל",נוטרה זן NutraZen,,שמן קוקוס אורגני,100 מל,330.00,100 מל,false,,19.90,0.0603,true,1,215328
7290015161244,false,"קרם קוקוס 17% אורגני ללא גלוטן 400 מ""ל נוטרה זן","אינסטנטה בע""מ",LK,קרם קוקוס אורגני 17%,מיליליטרים,400.00,"100 מ""ל",false,,9.90,0.0248,true,1,215831
7290015161299,false,רוטב לפסטה בסיס לבול,,,רוטב לפסטה בסיס לבול,גרמים,340.00,100 גרם,false,,16.90,0.0497,true,1,215290
7290015161336,false,"רוטב סויה תמרי אורגני ללא גלוטן 250 מ""ל",חברת גואנגזהו סיטי ר,CN,רוטב סויה תמרי אורגנ,מיליליטרים,250.00,"100 מ""ל",false,,20.90,0.0836,true,1,215330
7290015161534,false,קוואקר שיבולת שועל עבה ללא גלוטן - 400 גרם,נוטרה זן NutraZen,FI,קוואקר עבה ללא גלוטן,גרמים,400.00,100 גרם,false,,21.90,0.0547,true,1,215301
7290015161541,false,קוואקר שיבולת שועל אינסטנט ללא גלוטן - 400 גרם,נוטרה זן NutraZen,DK,קוואקר דק ללא גלוטן,גרמים,400.00,100 גרם,false,,21.90,0.0547,true,1,215302
7290015161558,false,קמח שיבולת שועל מלאה אורגני ללא גלוטן,נוטרה זן NutraZen,DK,קמח שיבולת שועל מלאה,גרמים,500.00,100 גרם,false,,26.90,0.0538,true,1,215220
7290015161565,false,גרנולה נוטרה זן 29% פירות ללא גלוטן 300 גרם,נוטרה זן NutraZen,IL,גרנולה 28% פירות ללא,גרמים,300.00,100 גרם,false,,23.90,0.0797,true,1,215303
7290015161589,false,פת פריכה אורגנית ללא גלוטן ירקות גינה 100 גרם,אקסטרודו בצ'יצה,CZ,פת פריכה אורגנית ללא,גרמים,100.00,100 גרם,false,,13.90,0.1390,true,1,215829
7290015161848,false,פת פריכה אורגנית ללא גלוטן - כוסמת וקינואה 100 גרם,אקסטרודו בצ'יצה,CZ,פת פריכה אורגנית ללא,גרמים,100.00,100 גרם,false,,13.90,0.1390,true,1,215305
7290015161862,false,פת פריכה אורגנית ללא גלוטן - ערמונים 100 גרם,אקסטרודו בצ'יצה,CZ,פת פריכה אורגנית ללא,גרמים,100.00,100 גרם,false,,13.90,0.1390,true,1,215306
7290015161879,false,פת פריכה אורגנית PRO ללא גלוטן עדשים אדומות וחומות 100 ג',נוטרה זן NutraZen,CZ,פת פריכה אורגנית פרו,גרמים,100.00,100 גרם,false,,13.90,0.1390,true,1,217312
7290015161923,false,קרם קוקוס 22% אורגני ללא גלוטן נוטרה זן,"אינסטנטה בע""מ",LK,קרם קוקוס אורגני נוט,יחידה,0.00,יחידה,false,,12.90,0.0000,true,1,215221
7290015161930,false,"פסטPRO קסרצ'ה פתיתים אורגניים, ללא גלוטן",נוטרה זן NutraZen,IT,פסטה פרו עדשים צהובו,גרמים,250.00,100 גרם,false,,16.90,0.0676,true,1,215291
7290015161978,false,פסטPRO עדשים אדומות חומוס ופשתן GF אורגנית 250 ג,נוטרה זן NutraZen,IT,פסטה פרו עדשים אדומו,גרמים,250.00,100 גרם,false,,16.90,0.0676,true,1,215292
7290015161992,false,"פסטPRO קסרצ'ה פתיתים אורגניים, ללא גלוטן",נוטרה זן NutraZen,IT,פסטה עדשים אדומות וד,גרמים,250.00,100 גרם,false,,16.90,0.0676,true,1,215317
7290015172011,false,דים סאם גיוזה עוף 300 גרם,דים סאם,,דים סאם גיוזה עוף,גרמים,300.00,100 גרם,false,,29.90,0.0997,true,1,189667
7290015172028,false,דים סאם גיוזה בטטה 300 גרם,דים סאם מטבח מרכזי כ,,דים סאם גיוזה בטטה,גרמים,300.00,100 גרם,false,,29.90,0.0997,true,1,189668
7290015172073,false,דים סאם גיוזה פטריות 300 גרם,דים סאם מטבח מרכזי כ,,דים סאם גיוזה פטריות,גרמים,300.00,100 גרם,false,,29.90,0.0997,true,1,189670
7290015172097,false,דים סאם גיוזה בקר 300 גרם,דים סאם מטבח מרכזי כ,IL,דים סאם גיוזה בקר,גרמים,300.00,100 גרם,false,,29.90,0.0997,true,1,189671
7290015172219,false,גיוזה עוף פטריות ופקאן,דים סאם,,דים סאם -גיוזה עוף פ,גרמים,300.00,100 גרם,false,,29.90,0.0997,true,1,219875
7290015172264,false,"מארז 8 לחמניות באן כפפה ""דים דאם""",דים סאם,,לחמניות באן מאודות,גרמים,400.00,100 גרם,false,,31.90,0.0797,true,1,261245
7290015178273,false,רוטב מרינדה לעוף בגריל אוליביה 270 גר,אוליביה,IL,רוטב מרינדה על האש א,גרמים,320.00,100 גרם,false,,13.90,0.0434,true,1,263748
7290015282000,false,איקרא אדומה SEVEN SEAS 200 גרם,שבעת הימים - שמיר,IL,איקרה אדומה 200 גר',גרמים,200.00,100 גרם,false,,12.90,0.0645,true,1,212960
7290015282024,false,איקרא לבנה SEVEN SEAS 200 גרם,שבעת הימים - שמיר,IL,איקרה לבנה 200 גר',גרמים,200.00,100 גרם,false,,12.90,0.0645,true,1,212961
7290015282581,false,חומוס שמיר אבו גוש עם חריף 200 גר',"סלטי שמיר 2006 בע""מ",IL,חומוס אבו גוש עם חרי,גרמים,200.00,100 גרם,false,,9.90,0.0495,true,1,260325
7290015282598,false,חומוס שמיר מסעדות 200 גר',"סלטי שמיר 2006 בע""מ",IL,חומוס מסעדות 200 גרם,גרמים,200.00,100 גרם,false,,9.90,0.0495,true,1,260326
7290015282604,false,טחינה שמיר מיוחדת גורמה 200ג',"סלטי שמיר 2006 בע""מ",IL,טחינה מיוחדת 200 גרם,גרמים,200.00,100 גרם,false,,9.90,0.0495,true,1,260328
7290015282628,false,חציל שמיר בטעם כבד 200 גר',"סלטי שמיר 2006 בע""מ",IL,חציל בטעם כבד 200 גר,גרמים,200.00,100 גרם,false,,11.90,0.0595,true,1,260336
7290015282635,false,חומוס שמיר מסבחה 200 גר',"סלטי שמיר 2006 בע""מ",IL,חומוס מסבחה 200 גרם,גרמים,200.00,100 גרם,false,,9.90,0.0495,true,1,260327
7290015282642,false,חומוס שמיר אבו גוש 200 גר',"סלטי שמיר 2006 בע""מ",IL,חומוס אבו גוש 200 גר,גרמים,200.00,100 גרם,false,,9.90,0.0495,true,1,260329
7290015282666,false,סלט טונה עם ירקות 200 גר,"סלטי שמיר 2006 בע""מ",IL,סלט טונה עם ירקות 20,גרמים,200.00,100 גרם,false,,16.90,0.0845,true,1,260346
7290015282673,false,חציל שמיר במיונז ביתי 200 גורמה גר',"סלטי שמיר 2006 בע""מ",IL,חציל במיונז ביתי 200,גרמים,200.00,100 גרם,false,,9.90,0.0495,true,1,260324
7290015282680,false,קישוא בטעם כבד שמיר 200 גר',"סלטי שמיר 2006 בע""מ",IL,סלט קישוא בטעם כבד 2,גרמים,200.00,100 גרם,false,,11.90,0.0595,true,1,260342
7290015282697,false,כרוב אדום שמיר גורמה 200גר,"סלטי שמיר 2006 בע""מ",IL,כרוב אדום 200 גרם,גרמים,200.00,100 גרם,false,,11.90,0.0595,true,1,260343
7290015282741,false,חציל תאילנדי אסלי שמיר 200 ג',"סלטי שמיר 2006 בע""מ",IL,חציל תאילנדי 200 גרם,גרמים,200.00,100 גרם,false,,11.90,0.0595,true,1,260334
7290015284011,false,מרכך לכל סוגי השיער ירקות ירוקים ECOLOVE,א.ל. ארמן,IL,מרכך משפחתי מתיר קשר,מיליליטרים,500.00,"100 מ""ל",false,,32.90,0.0658,true,1,148308
7290015284028,false,סבון גוף ירקות ירוקים 500 מל ECOLOVE,א.ל. ארמן,IL,סבון גוף משפחתי,מיליליטרים,500.00,"100 מ""ל",false,,32.90,0.0658,true,1,148309
7290015284042,false,שמפו לשיער רגיל/שמן ירקות אדומים ECOLOVE,א.ל. ארמן,IL,שמפו לשיער רגיל ושמן,מיליליטרים,500.00,"100 מ""ל",false,,32.90,0.0658,true,1,148311
7290015284059,false,מרכך לשיער רגיל/שמן ירקות אדומים ECOLOVE,א.ל. ארמן,IL,מרכך לשיער רגיל ושמן,מיליליטרים,500.00,"100 מ""ל",false,,32.90,0.0658,true,1,148312
7290015284066,false,סבון גוף ירקות אדומים 500 מל ECOLOVE,א.ל. ארמן,IL,סבון גוף,מיליליטרים,500.00,"100 מ""ל",false,,32.90,0.0658,true,1,148313
7290015284073,false,סבון ידיים ירקות אדומים 500 מל ECOLOVE,א.ל. ארמן,IL,סבון ידיים,מיליליטרים,500.00,"100 מ""ל",false,,25.90,0.0518,true,1,148314
7290015284080,false,שמפו לשיער רגיל/יבש ירקות כתומים ECOLOVE,א.ל. ארמן,IL,שמפו לשיער רגיל ויבש,מיליליטרים,500.00,"100 מ""ל",false,,32.90,0.0658,true,1,148315
7290015284097,false,מרכך לשיער רגיל/יבש ירקות כתומים ECOLOVE,א.ל. ארמן,IL,מרכך לשיער רגיל ויבש,מיליליטרים,500.00,"100 מ""ל",false,,32.90,0.0658,true,1,148316
7290015284103,false,סבון גוף ירקות כתומים 500 מל ECOLOVE,א.ל. ארמן,,סבון גוף,מיליליטרים,500.00,"100 מ""ל",false,,32.90,0.0658,true,1,148317
7290015284127,false,קרם לחות לשיער רגיל-יבש ירקות כתומים,,,קרם לחות ועיצוב לשיע,יחידה,0.00,יחידה,false,,42.90,0.0000,true,1,186243
7290015284202,false,ECOLOVE שמפו לשיער צבוע ויבש מאוד 500 מל,א.ל. ארמן,IL,שמפו לשיער ecolove,מיליליטרים,500.00,"100 מ""ל",false,,32.90,0.0658,true,1,190294
7290015284219,false,ECOLOVE מרכך לשיער צבוע ויבש מאוד 500 מל,א.ל. ארמן,,מרכך שיער ecolove,מיליליטרים,500.00,"100 מ""ל",false,,32.90,0.0658,true,1,190295
7290015284226,false,ס.גוף אקולאב 500מל ס,א.ל. ארמן,,סבון גוף ecolove,מיליליטרים,500.00,"100 מ""ל",false,,32.90,0.0658,true,1,190296
7290015284233,false,ECOLOVE סבון ידיים לעור יבש 500 מל,א.ל. ארמן,,סבון ידיים פירות סגו,מיליליטרים,500.00,"100 מ""ל",false,,25.90,0.0518,true,1,192242
7290015284240,false,ECOLOVE מסיכה לשיער צבוע ויבש מאוד 350 מ,א.ל. ארמן,,מסיכה לשיער צבוע ויב,מיליליטרים,350.00,"100 מ""ל",false,,36.90,0.1054,true,1,190900
7290015284417,false,"קרם גוף eco love לעור יבש 150 מ""ל",א.ל. ארמן,IL,קרם גוף לעור יבש 150,מיליליטרים,150.00,"100 מ""ל",false,,35.90,0.2393,true,1,199947
7290015284431,false,קרם ידיים אקולאב 100,,IL,קרם ידיים ecoLove לה,מיליליטרים,100.00,"100 מ""ל",false,,18.90,0.1890,true,1,261985
7290015284448,false,קרם גוף ecoLove להזנ,,,קרם גוף ecoLove להזנ,מיליליטרים,150.00,"100 מ""ל",false,,35.90,0.2393,true,1,261988
7290015284646,false,ס.גוף אקולאב 500מל ס,א.ל. ארמן,,סבון גוף ecoLove להז,מיליליטרים,500.00,"100 מ""ל",false,,32.90,0.0658,true,1,261986
7290015284653,false,סבון ידיים אקולאב 50,א.ל. ארמן,,סבון ידיים ecoLove ל,מיליליטרים,500.00,"100 מ""ל",false,,25.90,0.0518,true,1,261987
7290015284660,false,שמפו אקולאב לשיער לא,א.ל. ארמן,,שמפו לאחר החלקה ללא,מיליליטרים,500.00,"100 מ""ל",false,,36.90,0.0738,true,1,196943
7290015284677,false,מרכך שיער שעבר החלקה ללא מלח אקולאב 500מ,א.ל. ארמן,,מרכך לאחר החלקה ללא,מיליליטרים,500.00,"100 מ""ל",false,,36.90,0.0738,true,1,196944
7290015284684,false,מסכת שיער שעבר החלקה ללא מלח אקולאב 350מ,א.ל. ארמן,IL,מסיכת שיער לאחר החלק,מיליליטרים,350.00,"100 מ""ל",false,,49.90,0.1426,true,1,196945
7290015306744,false,קמח חומוס 500 גרם,העידן האורגני,IL,קמח חומוס 500 גר',גרמים,500.00,100 גרם,false,,15.90,0.0318,true,1,198715
7290015306751,false,קמח עדשים אדומות 500 גרם,העידן האורגני,IL,קמח עדשים אדומות 500,גרמים,500.00,100 גרם,false,,14.90,0.0298,true,1,198661
7290015324007,false,תבלין פלפל שחור גרוס 80 ג',"תבליני טעם וריח בע""מ",IL,פלפל שחור גרוס 80 גר,גרמים,80.00,100 גרם,false,,9.50,0.1188,true,1,146553
7290015324014,false,"פלפל שחור טחון בשקית 80 גרם ""טעם וריח""","תבליני טעם וריח בע""מ",IL,פלפל שחור טחון 80 גר,גרמים,80.00,100 גרם,false,,9.50,0.1188,true,1,146554
7290015324038,false,פפריקה מתוקה בשמן 100 גרם טעם וריח,"תבליני טעם וריח בע""מ",IL,פפריקה בשמן 80 גר שק,גרמים,80.00,100 גרם,false,,5.90,0.0738,true,1,146555
7290015324045,false,תבלין פפריקה חריפה 80 גר' שק',"תבליני טעם וריח בע""מ",IL,פפריקה חריפה שקית 80,גרמים,80.00,100 גרם,false,,5.90,0.0738,true,1,146556
7290015324052,false,תבלין פפריקה מתוקה 80 ג',"תבליני טעם וריח בע""מ",IL,פפריקה מתוקה שקית 80,גרמים,80.00,100 גרם,false,,5.90,0.0738,true,1,146557
7290015324069,false,תערובת תיבול גריל עוף,"תבליני טעם וריח בע""מ",IL,גריל עוף שקית 80 גר,גרמים,80.00,100 גרם,false,,5.90,0.0738,true,1,146558
7290015324076,false,טעם וריח זעתר שקית 8,"תבליני טעם וריח בע""מ",IL,זעתר שקית 80 גר,גרמים,80.00,100 גרם,false,,5.90,0.0738,true,1,146559
7290015324083,false,טעם וריח מלח לימון ש,"תבליני טעם וריח בע""מ",IL,מלח לימון שקית 80 גר,גרמים,80.00,100 גרם,false,,5.90,0.0738,true,1,146560
7290015324090,false,תבלין כמון טחון 80 ג',"תבליני טעם וריח בע""מ",IL,כמון שקית 80 גר,גרמים,80.00,100 גרם,false,,5.90,0.0738,true,1,146561
7290015324106,false,תבלין כורכום טחון 80 גר',"תבליני טעם וריח בע""מ",IL,כורכום שקית 80 גר,גרמים,80.00,100 גרם,false,,5.90,0.0738,true,1,146562
7290015324113,false,טעם וריח בהרט שקית 8,"תבליני טעם וריח בע""מ",IL,בהרט שקית 80 גר,גרמים,80.00,100 גרם,false,,5.90,0.0738,true,1,146563
7290015324120,false,טעם וריח שום גבישי ב,"תבליני טעם וריח בע""מ",IL,שום גבישי שקית 80 גר,גרמים,80.00,100 גרם,false,,5.90,0.0738,true,1,146564
7290015324151,false,שק 80 גרם חוויאג למרק,"תבליני טעם וריח בע""מ",IL,חוויאג למרק 80 גר שק,גרמים,80.00,100 גרם,false,,5.90,0.0738,true,1,146565
7290015324168,false,שק 80 גרם על האש ללא מונוסטדיום,"תבליני טעם וריח בע""מ",IL,תבלין על האש שקית 80,גרמים,80.00,100 גרם,false,,5.90,0.0738,true,1,146566
7290015324175,false,תבלין שווארמה תיבול 80 גר' שק',"תבליני טעם וריח בע""מ",IL,תבלין לשווארמה 80 גר,גרמים,80.00,100 גרם,false,,5.90,0.0738,true,1,146567
7290015324281,false,"בצל מטוגן שקית 200 גרם""טעם וריח""",תות תעשיות מזון (201,NL,בצל מטוגן שקית 200,גרמים,200.00,100 גרם,false,,9.50,0.0475,true,1,196505
7290015324427,false,סודה לשתיה טעם וריח 80 גר',"תבליני טעם וריח בע""מ",IL,סודה לשתיה שקית 80 ג,גרמים,80.00,100 גרם,false,,3.90,0.0487,true,1,199417
7290015324519,false,תערובת לפיצה שקית 80 גרם,"תבליני טעם וריח בע""מ",IL,תערובת לפיצה שקית 80,גרמים,80.00,100 גרם,false,,5.90,0.0738,true,1,208419
7290015324526,false,תערובת תיבול לפרגיות 80 גרם,"תבליני טעם וריח בע""מ",IL,תערובת תיבול לפרגיות,גרמים,80.00,100 גרם,false,,5.90,0.0738,true,1,208420
7290015324533,false,רוזמרין מיכל גדול 55 גרם,"תבליני טעם וריח בע""מ",IL,רוזמרין מיכל גדול 5,גרמים,55.00,100 גרם,false,,9.50,0.1727,true,1,208421
7290015324540,false,טימין מיכל גדול 30 גרם,"תבליני טעם וריח בע""מ",IL,טימין מיכל גדול 30 ג,גרמים,30.00,100 גרם,false,,9.50,0.3167,true,1,208422
7290015324557,false,בהרט לבישול מיכל גדול 80 גרם,"תבליני טעם וריח בע""מ",IL,בהרט לבישול מיכל גדו,גרמים,80.00,100 גרם,false,,9.50,0.1188,true,1,208423
7290015324564,false,בכוסברה טחונה מיכל גדול 70 גרם,"תבליני טעם וריח בע""מ",IL,כוסברה טחונה מיכל גד,גרמים,70.00,100 גרם,false,,9.50,0.1357,true,1,208424
7290015324571,false,פפריקה מתוקה בשמן בסגנון מרוקאי 400 גרם,"תבליני טעם וריח בע""מ",IL,פפריקה מתוקה בשמן בס,גרמים,400.00,100 גרם,false,,18.90,0.0472,true,1,210307
7290015324588,false,פלפל לבן טחון 100 גר,"תבליני טעם וריח בע""מ",IL,פלפל לבן טחון 100 גר,גרמים,100.00,100 גרם,false,,12.90,0.1290,true,1,217836
7290015324595,false,פלפל שחור גרוס 400 גרם,,,פלפל שחור גרוס 400 ג,גרמים,400.00,100 גרם,false,,25.90,0.0647,true,1,212955
7290015324656,false,זעפרן ספרדי יחידה0.5,"תבליני טעם וריח בע""מ",ES,תבלין זעפרן 0.5 גרם,גרמים,0.50,100 גרם,false,,19.90,39.8000,true,1,214807
7290015324663,false,צ'ילי גרוס חריף אש 70 גרם,"תבליני טעם וריח בע""מ",IL,צ'ילי גרוס חריף במיכ,גרמים,70.00,100 גרם,false,,9.50,0.1357,true,1,216447
7290015324670,false,מטחנת פלפל שחור שלם 50 ג' טעם וריח,קייפ הרב אנד ספייס,ZA,מטחנת פלפל שחור שלם,גרמים,50.00,100 גרם,false,,12.90,0.2580,true,1,261356
7290015324687,false,מטחנת לקט פלפל 50 ג' טעם וריח,קייפ הרב אנד ספייס,ZA,מטחנת לקט פלפל,גרמים,50.00,100 גרם,false,,12.90,0.2580,true,1,261357
7290015324694,false,מטחנת מלח ים 100 ג' טעם וריח,קייפ הרב אנד ספייס,ZA,מטחנת מלח ים,גרמים,100.00,100 גרם,false,,12.90,0.1290,true,1,261358
7290015324700,false,מטחנת מלח הימלאיה 10,קייפ הרב אנד ספייס,ZA,מטחנת מלח הימלאיה,גרמים,100.00,100 גרם,false,,12.90,0.1290,true,1,261359
7290015324724,false,מחית צ`ילי חריף `טעם וריח' 230 גרם,ליני קאטייאמה פודסטא,CN,מחית צ'ילי חריף טעם,גרמים,230.00,100 גרם,false,,13.90,0.0604,true,1,261361
7290015324748,false,"מחית שום וג`ינגר `טעם וריח', 210 גרם",ליני קאטייאמה פודסטא,CN,מחית שום ג'נג'ר טעם,גרמים,210.00,100 גרם,false,,13.90,0.0662,true,1,261363
7290015332255,false,מבשם בניחוח משב קליל,,,מבשם בניחוח משב קליל,מיליליטרים,750.00,"100 מ""ל",false,,32.90,0.0439,true,1,213149
7290015340021,false,טחינה אתיופית מלאה 7,,,טחינה אתיופית מלאה 7,גרמים,720.00,100 גרם,false,,29.90,0.0415,true,1,147141
7290015340199,false,ארץ- רכז רימונים 250,,IL,ארץ- רכז רימונים 250,מיליליטרים,250.00,"100 מ""ל",false,,16.90,0.0676,true,1,195019
7290015340236,false,ממרח שקד ללא סוכר 30,יושלם,,ממרח שקד ללא סוכר 30,גרמים,300.00,100 גרם,false,,31.90,0.1063,true,1,149598
7290015340281,false,קמח שקדים ללא גלוטן 500 גרם,"העידן האורגני בע""מ",,קמח שקדים ללא גלוטן,גרמים,400.00,100 גרם,false,,26.90,0.0672,true,1,149848
7290015340427,false,ממרח חרובים ללא סוכר,העידן האורגני,,ממרח חרובים ללא סוכר,יחידה,0.00,יחידה,false,,21.90,0.0000,true,1,187842
7290015340434,false,"שמן אבוקדו 500 מ""ל",,,"שמן אבוקדו 500 מ""ל",מיליליטרים,500.00,"100 מ""ל",false,,49.90,0.0998,true,1,188153
7290015340656,false,חמאת פיסטוק 250ג'- ה,פון בק,IL,חמאת פיסטוק 250ג'- ה,גרמים,250.00,100 גרם,false,,59.90,0.2396,true,1,195462
7290015354899,false,חרדל דיז'ון מעודן 350 גרם,ריין דיז'ון reine dijon,FR,חרדל דיז'ון מעודן 35,גרמים,350.00,100 גרם,false,,11.90,0.0340,true,1,203348
7290015366663,false,"משחת שיניים מנטה עדין אקווה פרש 100 מ""ל",גלקסוסמיתקליין,SK,משחת שיניים אקווה פר,מיליליטרים,100.00,"100 מ""ל",false,,6.90,0.0690,true,1,190599
7290015366670,false,משחת שיניים הגנה משולשת מנטה מרענן,גלקסוסמיתקליין,SK,משחת שיניים אקווה פר,מיליליטרים,100.00,"100 מ""ל",false,,6.90,0.0690,false,1,190600
7290015375696,false,פרורי לחם עם שומשום,,,פרורי לחם עם שומשום,גרמים,400.00,100 גרם,false,,11.90,0.0298,true,1,200526
7290015395045,false,קינואה 400 גרם חתם סופר,"שקדיה גבע תעשיות בע""",IL,קינואה 400 גרם שקדיה,גרמים,400.00,100 גרם,false,,9.90,0.0248,true,1,185285
7290015424738,false,שואו - ג'ל אלוורה 170 גרם,כצט,IL,שואו ג'ל אלוורה 170,גרמים,170.00,100 גרם,false,,23.90,0.1406,true,1,195656
7290015424882,false,פמינה מגבונים אינטימיים 20 יח TO GO,פמינה,IL,פמינה TO GO מגבונים,יחידה,0.00,יחידה,false,,13.90,0.0000,true,1,192852
7290015470094,false,טוסו שוקולד מריר תפוז ללא סוכר 100גרם,ALTINMARKA,TR,טוסו שוקולד מריר תפו,גרמים,100.00,100 גרם,false,,12.90,0.1290,true,1,192745
7290015531009,false,לחם הבית לחם בריאות,,,לחם הבית לחם בריאות,יחידה,0.00,יחידה,false,,17.50,0.0000,true,1,149524
7290015531016,false,לחם דגנים,,,לחם דגנים,יחידה,0.00,יחידה,false,,17.50,0.0000,true,1,149525
7290015531023,false,לחם כפרי עם גרעיני ח,,,לחם כפרי עם גרעיני ח,יחידה,0.00,יחידה,false,,17.50,0.0000,true,1,149526
7290015531047,false,לחם שיפון זיתים שום,,,לחם שיפון זיתים שום,יחידה,0.00,יחידה,false,,17.50,0.0000,true,1,149528
7290015531061,false,לחם שיפון עם אגוזי מ,,,לחם שיפון עם אגוזי מ,יחידה,0.00,יחידה,false,,20.00,0.0000,true,1,149530
7290015531078,false,לחם שיפון שומשום,,,לחם שיפון שומשום,יחידה,0.00,יחידה,false,,17.50,0.0000,true,1,149531
7290015531108,false,לחם כוסמין מלא פריסט,,,לחם כוסמין מלא פריסט,יחידה,0.00,יחידה,false,,20.00,0.0000,true,1,149533
7290015531238,false,לחם חיטה מלאה עם אגו,,,לחם חיטה מלאה עם אגו,יחידה,0.00,יחידה,false,,20.00,0.0000,true,1,149537
7290015531405,false,חלה עם צימוקים 540 ג,,IL,חלת שבת אגדת לחם,יחידה,0.00,יחידה,false,,17.50,0.0000,true,1,149540
7290015531412,false,חלת שבת עם קמח מלא,,IL,חלת שבת עם קמח מלא,יחידה,0.00,יחידה,false,,17.50,0.0000,true,1,149541
7290015596398,false,"אלכוג'ל 100 מ""ל קיווי לימון","ד""ר פישר Dr fischer",IL,אלכוג'ל קווי לימון 1,מיליליטרים,100.00,"100 מ""ל",false,,9.90,0.0990,true,1,211322
7290015597326,false,מאגדת קרחוני אייס לייט 3 טעמים 260 גר,"גלידת שטראוס בע""מ, ר",IL,מאגדת שלגונים אסקימו,יחידה,0.00,יחידה,false,,25.90,0.0000,true,1,190075
7290015599023,false,פרוסות צהובה טבעונית בטעם קלאסי,וגה מוצרים טבעוניים VEGA,GR,צהובה טבעונית בטעם ק,גרמים,200.00,100 גרם,false,,21.90,0.1095,true,1,195821
7290015599054,false,פרוסות צהובה טבעונית בטעם גבינת צ'דר,וגה מוצרים טבעוניים VEGA,GR,צהובה טבעונית בטעם צ,גרמים,200.00,100 גרם,false,,21.90,0.1095,true,1,195820
7290015599061,false,פרוסות צהובה טבעונית בטעם מוצרלה,וגה מוצרים טבעוניים VEGA,GR,גבינה צהובה טבעונית,גרמים,200.00,100 גרם,false,,21.90,0.1095,true,1,195765
7290015599078,false,פרוסות צהובה טבעונית בתוספת עשבי תיבול,וגה מוצרים טבעוניים VEGA,,צהובה טבעונית עם עשב,גרמים,200.00,100 גרם,false,,21.90,0.1095,true,1,195822
7290015599191,false,גבינת שמנת טבעונית בסגנון קלאסי 170 גרם,ביוטי איילנד פודס בע,,ממרח טבעוני בטעם גב,יחידה,0.00,יחידה,false,,16.90,0.0000,true,1,195342
7290015599504,false,ממרח בטעם חמאה אורגני 225 גרם,גוד פוד פרודקטס S.p,DK,ממרח בטעם חמאה אורגנ,גרמים,225.00,100 גרם,false,,16.90,0.0751,true,1,203344
7290015634076,false,יין עמק האלה שרדונה 2014 750 מל,עמק האלה,IL,יין אסטייט שרדונה עמ,מיליליטרים,750.00,"100 מ""ל",false,,64.90,0.0865,true,1,197928
7290015634151,false,"עמק האלה קברנה סוביניון 2012 750 מ""ל",עמק האלה,IL,עמק האלה קברנה סובינ,מיליליטרים,750.00,"100 מ""ל",false,,69.90,0.0932,true,1,197832
7290015634168,false,יין עמק האלה מרלו 2013 750 מל,,,עמק האלה מרלו 2013,מיליליטרים,750.00,"100 מ""ל",false,,69.90,0.0932,true,1,197833
7290015634175,false,עמק האלה אוור רד ק.סוביניון 2015 750 מל,,IL,עמק האלה קברנה 2015,מיליליטרים,750.00,"100 מ""ל",false,,36.90,0.0492,true,1,195027
7290015652261,false,בוטנים קלויים 300 גרם ששון הקולה,"דין שיווק וקלייה בע""",IL,בוטנים קלויים ששון ה,גרמים,300.00,100 גרם,false,,10.00,0.0333,true,1,186550
7290015652278,false,תערובת פיצוחים 250 גרם ששון הקולה,"דין שיווק וקלייה בע""",IL,תערובת פיצוחים ששון,גרמים,250.00,100 גרם,false,,20.00,0.0800,true,1,187743
7290015652292,false,קבוקים עם שומשום 400 גרם ששון הקלה,"דין שיווק וקלייה בע""",IL,קבוקים 400 גרם,גרמים,400.00,100 גרם,false,,10.00,0.0250,true,1,187965
7290015652322,false,בוטנים אמריקאיים מצופים 400 גר ששון הקלה,"דין שיווק וקלייה בע""",IL,בוטן אמריקאי 400 גר',גרמים,400.00,100 גרם,false,,10.00,0.0250,true,1,187966
7290015663014,false,פלפל אנגלי טחון,,,פלפל אנגלי טחון,גרמים,100.00,100 גרם,false,,8.40,0.0840,true,1,200729
7290015663021,false,תבלין ראס אל חנות,נווה תבלין,,תבלין ראס אל חנות,גרמים,100.00,100 גרם,false,,8.40,0.0840,true,1,150202
7290015663052,false,מרק כפרי ביתי 400 גרם JEREMY GOURMET,נווה התבלין,IL,מרק בריאות ביתי 400,גרמים,400.00,100 גרם,false,,19.90,0.0497,true,1,150012
7290015670470,false,סהרוני שקד חמאה 240 גרם,קונדיטוריה מרסי,IL,עוגיות סהרוני שקד חמ,גרמים,240.00,100 גרם,false,,27.90,0.1162,true,1,202096
7290015670494,false,עוגיות לימון שקד פרוס,קונדיטוריה מרסי,IL,מרקסי- עוגיות שקד פר,יחידה,0.00,יחידה,false,,27.90,0.0000,true,1,201996
7290015673181,false,המבורגר קליפורניה קלאסי עם ברוקולי טבע,טבע דלי,IL,המבורגר קליפורניה קל,גרמים,400.00,100 גרם,false,,24.90,0.0622,true,1,205397
7290015673198,false,המבורגר טקסס עם פטריות טבע דלי 400 גרם,טבע דלי בעמ,IL,המבורגר טקסס עם פטרי,גרמים,400.00,100 גרם,false,,24.90,0.0622,true,1,191649
7290015673587,false,קריספי טופו-נגיסי טופו ברוטב אסייתי,טבע דלי,IL,קריספי טופו אסייתי 3,גרמים,350.00,100 גרם,false,,25.90,0.0740,true,1,205400
7290015695800,false,נבטי ברוקולי אורגני,הנבטים של אודי,IL,נבטי ברוקולי,גרמים,120.00,100 גרם,false,,11.90,0.0992,true,1,188357
7290015695817,false,נבטי קייל אורגני,הנבטים של אודי,IL,נבטי קייל,גרמים,120.00,100 גרם,false,,11.90,0.0992,true,1,188358
7290015695855,false,נבטי חמניה אורגני,הנבטים של אודי,IL,נבטי חמניה,גרמים,100.00,100 גרם,false,,10.90,0.1090,true,1,188362
7290015695886,false,מיקס נבטים אורגני,הנבטים של אודי,,מיקס נבטים,גרמים,200.00,100 גרם,false,,11.90,0.0595,true,1,188365
7290015695893,false,מיקס נבטוטים אורגני,,,מיקס נבטוטים,גרמים,120.00,100 גרם,false,,10.90,0.0908,true,1,188368
7290015695916,false,מיקס נבטים ענק אורגני,הנבטים של אודי,IL,מיקס נבטים ענק,גרמים,200.00,100 גרם,false,,19.90,0.0995,true,1,188732
7290015695923,false,נבטים סינים אורגנים,מושב אחיטוב,IL,נבטים סיניים,יחידה,0.00,יחידה,false,,9.90,0.0000,true,1,192357
7290015699730,false,סבון דה מארסיי יעקבי 1.5 ליטר *חדש-,יעקובי הפי,BE,סבון רצפות דה מרסיי,ליטרים,1.50,ליטר,false,,11.90,7.9333,true,1,191179
7290015733120,false,מטרנה גולד שלב 1 תרכובת מזון על בסיס חלבי,מטרנה,IL,מטרנה גולד שלב 1 700,גרמים,700.00,100 גרם,false,,75.90,0.1084,false,1,202341
7290015733182,false,מטרנה גולד שלב 1 400 גרם,מטרנה,IL,מטרנה גולד שלב 1 400,גרמים,400.00,100 גרם,false,,41.90,0.1047,false,1,202344
7290015733441,false,מטרנה דייסת גם וגם דגנים פרו 300 גר',מטרנה תעשיות ש.מ,IL,מטרנה דייסת גם וגם ד,גרמים,300.00,100 גרם,false,,24.00,0.0800,false,1,210267
7290015733465,false,דייסת מטרנה גם וגם קרנפלור פרו 300 גרם,מטרנה,IL,מטרנה דייסת גם וגם ק,גרמים,300.00,100 גרם,false,,24.00,0.0800,false,1,210268
7290015733939,false,"תרכובת מזון A.R על בסיס חלבי בתוספת עמילן תפו""א ותירס",מטרנה,IL,"מטרנה א.ר בד""ץ 700 ג",גרמים,700.00,100 גרם,false,,84.90,0.1213,false,1,216636
7290015753227,false,מגב קליק (פטנט) 50,,,מגב קליק 50+מקל,יחידה,0.00,יחידה,false,,28.90,0.0000,true,1,194052
7290015753234,false,מגב קליק+מקל מתכת,Ningbo cleaning indu,CN,מגב קליק 60+מקל,יחידה,0.00,יחידה,false,,32.90,0.0000,true,1,194140
7290015753241,false,יעה גומי מולחם+מברשת,,,יעה גומי+מברשת,יחידה,0.00,יחידה,false,,10.00,0.0000,true,1,188982
7290015759007,false,נר נשמה 24 שעות פח כ,,,נר נשמה 24 שעות בפח,יחידה,0.00,יחידה,false,,1.80,0.0000,true,1,264109
7290015775632,false,חמאת בוטנים הטיב 35,g&g,IL,חמאת בוטנים,גרמים,350.00,100 גרם,false,,13.90,0.0397,true,1,213898
7290015781008,false,יין אדום יבש מרלו וי,יקב טפרברג 1870 בעמ,IL,יין מרלו VISION טפרב,מיליליטרים,750.00,"100 מ""ל",false,,39.90,0.0532,true,1,186896
7290015781015,false,"יין ויז'ן מלבק 750 מ""ל",יקב טפרברג 1870 בעמ,IL,יין מלבק VISION טפרב,מיליליטרים,750.00,"100 מ""ל",false,,39.90,0.0532,true,1,186897
7290015781046,false,"יין לבן חצי יבש ויזון 750 מ""ל",יקב טפרברג 1870 בעמ,IL,יין לבן חצי יבש VISI,מיליליטרים,750.00,"100 מ""ל",false,,39.90,0.0532,true,1,186898
7290015781053,false,"יין ויז'ן לבן יבש 750 מ""ל",יקב טפרברג 1870 בעמ,IL,יין לבן יבש VISION ט,מיליליטרים,750.00,"100 מ""ל",false,,39.90,0.0532,true,1,186899
7290015781091,false,"יין ויז'ן קברנה סובניון 750 מ""ל",יקב טפרברג 1870 בעמ,IL,יין קברנה סוביניון V,מיליליטרים,750.00,"100 מ""ל",false,,39.90,0.0532,true,1,186900
7290015781114,false,"יין אימפרשן מרלו 750 מ""ל",יקב טפרברג 1870 בעמ,IL,יין מרלו אימפריישן ט,מיליליטרים,750.00,"100 מ""ל",false,,49.90,0.0665,true,1,186807
7290015781121,false,"קברנה סוביניון אימפרשיאון 750 מ""ל-מרכז",יקב טפרברג 1870 בעמ,IL,יין קברנה סוביניון א,מיליליטרים,750.00,"100 מ""ל",false,,49.90,0.0665,true,1,186808
7290015781138,false,"שרדונה אימפרשיאון 750 מ""ל",יקב טפרברג 1870,IL,יין שרדונה אימפריישן,מיליליטרים,750.00,"100 מ""ל",false,,49.90,0.0665,true,1,186809
7290015781152,false,"רוזה אימפרשיאון 750 מ""ל",יקב טפרברג 1870,IL,יין רוזה אימפריישן ט,מיליליטרים,750.00,"100 מ""ל",false,,49.90,0.0665,true,1,186810
7290015781169,false,"יין קברנה סוביניון - חצי יבש אימפרשן 750מ""ל",יקב טפרברג 1870 בעמ,IL,יין קברנה סוביניון ח,מיליליטרים,750.00,"100 מ""ל",false,,49.90,0.0665,true,1,186811
7290015781206,false,יין אינספירה בלאנד א,טפרברג,,יין אינספייר גראנש,מיליליטרים,750.00,"100 מ""ל",false,,54.90,0.0732,true,1,189785
7290015781282,false,"יין גוורצטמינר אימפרשן 750מ""ל",יקב טפרברג 1870,IL,יין גוורצטמינר אימפר,מיליליטרים,750.00,"100 מ""ל",false,,49.90,0.0665,true,1,186812
7290015781299,false,יין שיראז אדום טפמבר,יקב טפרברג 1870 בעמ,IL,יין שיראז VISION טפר,מיליליטרים,750.00,"100 מ""ל",false,,39.90,0.0532,true,1,186901
7290015781305,false,"יין אימפרשן סירה 750 מ""ל",יקב טפרברג 1870 בעמ,IL,יין סירה אימפריישן ט,מיליליטרים,750.00,"100 מ""ל",false,,49.90,0.0665,true,1,186813
7290015781657,false,"יין אלגרו למברוסקו רוזה, 750 מ""ל",יקב טפרברג 1870 בעמ,IL,אלגרו למברוסקו רוזה,מיליליטרים,750.00,"100 מ""ל",false,,29.90,0.0399,true,1,200929
7290015781664,false,יין אלגרו למבורסקו ל,יקב טפרברג 1870 בעמ,IL,אלגרו למברוסקו לבן,מיליליטרים,750.00,"100 מ""ל",false,,29.90,0.0399,true,1,200930
7290015790000,false,גרגירי רימונים בקופס,חקלאי,IL,גרעיני רימון,גרמים,250.00,100 גרם,false,,14.90,0.0596,true,1,187231
7290015804400,false,עגבניות מרוסקות טל 260 ג',טל וטרי,IL,עגבניות מרוסקות 250,גרמים,250.00,100 גרם,false,,3.20,0.0128,false,1,190464
7290015804417,false,עגבניות מרוסקות מתובלות עם שום,טל,,עגבניות מרוסקות עם ש,גרמים,250.00,100 גרם,false,,3.20,0.0128,false,1,190465
7290015804424,false,עגבניות מרוסקות ובזיליקום ועשבי תיבול טל 260 ג',טל,,עגבניות מרוסקות בזיל,גרמים,250.00,100 גרם,false,,3.20,0.0128,false,1,190466
7290015804486,false,עגבניות מרוסקות בטעם שקשוקה טל 260 ג',טל וטרי,IL,עגבניות מרוסקות בטעם,גרמים,250.00,100 גרם,false,,3.20,0.0128,false,1,190467
7290015809214,false,דגש תערובת להכנת פלאפל 180 גר,,,דגש פלאפל ללא גלוטן,גרמים,180.00,100 גרם,false,,10.90,0.0606,true,1,262131
7290015814058,false,שריר חלק 88,,,שריר חלק 88,קילוגרמים,1.00,"ק""ג",true,,34.90,34.9000,true,1,264340
7290015821483,false,נרות חנוכה ילדים 44יח',,,נרות חנוכה,יחידה,0.00,יחידה,false,,3.50,0.0000,true,1,259896
7290015839006,false,שטרודל במילוי תפוחים,נתי שטרודל וינאי בעמ,IL,שטרודל וינאי במילוי,גרמים,560.00,100 גרם,false,,26.90,0.0480,true,1,209481
7290015839013,false,פרסבורג גבינה נתי קפ,נתי שטרודל וינאי בעמ,IL,שטרודל וינאי במילוי,גרמים,560.00,100 גרם,false,,26.90,0.0480,true,1,209482
7290015839020,false,שטרודל וינאי במילוי,נתי שטרודל וינאי בעמ,IL,שטרודל וינאי במילוי,גרמים,500.00,100 גרם,false,,26.90,0.0538,true,1,209480
7290015839051,false,שטרודל תפוחים ללא תו,נתי שטרודל וינאי בעמ,IL,שטרודל תפוחים ללא סו,גרמים,500.00,100 גרם,false,,26.90,0.0538,true,1,218565
7290015839068,false,שטרודל פרג ללא תוספת,נתי שטרודל וינאי בעמ,IL,עוגת פרג נתי שטרודל,גרמים,500.00,100 גרם,false,,26.90,0.0538,true,1,215856
7290015839075,false,שטרודל גבינה קפוא לל,נתי שטרודל וינאי בעמ,IL,שטרודל גבינה ללא תוס,גרמים,500.00,100 גרם,false,,26.90,0.0538,true,1,219308
7290015848978,false,"ד""ר פישר - אולטרסול קרם פנים 75 מ""ל 30SPF",פישר מעבדות פרמצבטיו,IL,אולטרסול קרם פנים 30,יחידה,0.00,יחידה,false,,29.90,0.0000,true,1,191470
7290015858106,false,"ממרח פסטו ביתי 180 גרם ""עללחם""",מדשא תעשיות מזון בעמ,IL,פסטו ביתי מצונן,גרמים,180.00,100 גרם,false,,15.90,0.0883,true,1,198388
7290015858113,false,"ממרח עגבניות מיובשות 180 גרם ""טריטרי""",מדשא תעשיות מזון בעמ,IL,ממרח עגבניות מיובשות,גרמים,180.00,100 גרם,false,,15.90,0.0883,true,1,198389
7290015858144,false,ממרח ארטישוק עללחם 180 גרם,מדשא תעשיות מזון בעמ,IL,ממרח ארטישוק מצונן,גרמים,180.00,100 גרם,false,,15.90,0.0883,true,1,198392
7290015858151,false,ממרח שום 180 גרם עללחם בית יוסף,מדשא תעשיות מזון בעמ,IL,ממרח שום מצונן,גרמים,180.00,100 גרם,false,,15.90,0.0883,true,1,198393
7290015858175,false,ממרח פלפלים קלויים עללחם 180 גרם,מדשא תעשיות מזון בעמ,IL,ממרח פלפלים קלויים מ,גרמים,180.00,100 גרם,false,,15.90,0.0883,true,1,198395
7290015858212,false,ממרח לימון כבוש עללחם 180 גרם,מדשא תעשיות מזון בעמ,IL,ממרח לימון כבוש מצונ,גרמים,180.00,100 גרם,false,,15.90,0.0883,true,1,198397
7290015858229,false,"טפנד זיתי קלמטה 180 גרם ""עללחם""",מדשא תעשיות מזון בעמ,IL,טפנד זיתי קלמטה מצונ,גרמים,180.00,100 גרם,false,,15.90,0.0883,true,1,198398
7290015858243,false,ממרח צימיצורי עללחם 180 גרם,מדשא תעשיות מזון בעמ,IL,צ'ימיצ'ורי מצונן,גרמים,180.00,100 גרם,false,,15.90,0.0883,true,1,198399
7290015858328,false,עללחם ממרח איולי פסטו 295 גרם,מדשא תעשיות מזון בעמ,IL,איולי פסטו,גרמים,295.00,100 גרם,false,,15.90,0.0539,true,1,264270
7290015858427,false,שלישיית ממרחים שמאפשרת לגוון עללחם 240 גרם,מדשא תעשיות מזון,IL,מארז עללחם,גרמים,240.00,100 גרם,false,,21.90,0.0912,true,1,263089
7290015858434,false,שום כתוש עללחם 250 גרם,מדשא תעשיות מזון בעמ,IL,שום כתוש 250 גר על ה,גרמים,250.00,100 גרם,false,,14.50,0.0580,true,1,208641
7290015858441,false,עללחם ממרח איולי פלפלים 295 גרם,מדשא תעשיות מזון בעמ,IL,איולי פלפלים,גרמים,295.00,100 גרם,false,,15.90,0.0539,true,1,264268
7290015858687,false,עללחם ממרח איולי שום 295 גרם,מדשא תעשיות מזון בעמ,IL,איולי שום,גרמים,295.00,100 גרם,false,,15.90,0.0539,true,1,264269
7290015859004,false,בכור עירית,,,עירית,יחידה,0.00,יחידה,false,,5.50,0.0000,true,1,188908
7290015859028,false,תרד ניו זילנדי בקופס,חקלאי,IL,תרד ניו זילנד,יחידה,0.00,יחידה,false,,11.90,0.0000,true,1,188897
7290015859042,false,בכור לבבות קיסר,חקלאי,IL,לבבות קיסר,יחידה,0.00,יחידה,false,,11.90,0.0000,true,1,188899
7290015859059,false,עלי רומית,,,עלי רומית,יחידה,0.00,יחידה,false,,9.90,0.0000,true,1,188900
7290015859066,false,אורגנו,,,אורגנו,יחידה,0.00,יחידה,false,,5.50,0.0000,true,1,188909
7290015859073,false,רוזמרין בכור,חקלאי,IL,רוזמרין,יחידה,0.00,יחידה,false,,5.50,0.0000,true,1,188910
7290015859080,false,קורנית- טימין,חקלאי,IL,קורנית,יחידה,0.00,יחידה,false,,5.50,0.0000,true,1,188911
7290015859110,false,סורל/חמציץ,,,סורל/חמציץ,יחידה,0.00,יחידה,false,,10.90,0.0000,true,1,188914
7290015859202,false,בכור בזיליקום,עטרה,,בזיליקום,יחידה,0.00,יחידה,false,,5.50,0.0000,true,1,188918
7290015859219,false,בכור בזיליקום סלסלה,,,בזיליקום,יחידה,0.00,יחידה,false,,10.90,0.0000,true,1,188919
7290015859233,false,בכור קייל ירוק,,,קייל ירוק,יחידה,0.00,יחידה,false,,10.90,0.0000,true,1,188920
7290015859240,false,בכור קייל שחור,,,קייל שחור,יחידה,0.00,יחידה,false,,10.90,0.0000,true,1,188921
7290015859257,false,תרד תורכי,,,תרד תורכי,יחידה,0.00,יחידה,false,,9.90,0.0000,true,1,188905
7290015859271,false,עלי רוקט,,,עלי רוקט,יחידה,0.00,יחידה,false,,9.90,0.0000,true,1,188922
7290015859288,false,בכור עלי בייבי,,,עלי בייבי,יחידה,0.00,יחידה,false,,9.90,0.0000,true,1,188923
7290015859301,false,מכור חסה מסולסלת\משי,,,חסה מסולסלת/משי,יחידה,0.00,יחידה,false,,10.90,0.0000,true,1,188906
7290015859325,false,בכור פקצ'וי,,,פקצ'וי,יחידה,0.00,יחידה,false,,12.90,0.0000,true,1,189478
7290015859455,false,נבטי אלפלפא,,,נבטי אלפלפא,יחידה,0.00,יחידה,false,,6.90,0.0000,true,1,193259
7290015859462,false,נבטי חמניה,,,נבטי חמניה,יחידה,0.00,יחידה,false,,8.90,0.0000,true,1,193102
7290015859479,false,נבטים סיניים,חקלאי,IL,נבטים סיניים,יחידה,0.00,יחידה,false,,6.90,0.0000,true,1,193103
7290015859493,false,חסה באטר קראנץ 300 ג,,,חסה באטר קראנץ 300 ג,גרמים,300.00,100 גרם,false,,9.90,0.0330,true,1,195942
7290015859509,false,בכור סלנובה מהדרין,חקלאי,IL,חסה סלנובה,יחידה,0.00,יחידה,false,,10.90,0.0000,true,1,195496
7290015859806,false,חסה לאליק,,,חסה לאליק,יחידה,0.00,יחידה,false,,10.90,0.0000,true,1,217633
7290015859905,false,נבטי עדשים,,,נבטי עדשים,יחידה,0.00,יחידה,false,,8.90,0.0000,true,1,216082
7290015859936,false,עדשים שחורות,,,עדשים שחורות,יחידה,0.00,יחידה,false,,9.90,0.0000,true,1,216078
7290015859950,false,חומוס מונבט,,,חומוס מונבט,יחידה,0.00,יחידה,false,,9.90,0.0000,true,1,216080
7290015859967,false,אפונה למרק,,,אפונה למרק,יחידה,0.00,יחידה,false,,9.90,0.0000,true,1,216081
7290015888103,false,גריסי פנינה 1 קג שוק,סוגת תעשיות בעמ,,גריסי פנינה 1 קג שוק,קילוגרמים,1.00,"ק""ג",false,,7.50,7.5000,true,1,198799
7290015888110,false,קינואה לבנה שוקחה 1,,,קינואה 1 קג שוקחה,קילוגרמים,1.00,"ק""ג",false,,18.90,18.9000,true,1,198796
7290015888301,false,שמן חמניות שוקחה 3 ל,אל אל סי פרייקלוטניא,FR,שמן חמניות שוקחה 3 ל,ליטרים,3.00,ליטר,false,,34.90,11.6333,true,1,218503
7290015888356,false,סרדינים שוקחה בשמן צ,,,סרדינים שוקחה בשמן צ,גרמים,125.00,100 גרם,false,,3.30,0.0264,true,1,261126
7290015951227,false,"יין גמלא השמורה סירה 2021 750 מ""ל",יקבי רמת הגולן,IL,יין גמלא סירה 2017,100 מל,750.00,100 מל,false,,59.90,0.0799,true,1,214146
7290015951616,false,"יין סנגובזה גמלא 2019 750 מ""ל",יקבי רמת הגולן,,גמלא סנג'ובזה 2015,מיליליטרים,750.00,"100 מ""ל",false,,54.90,0.0732,true,1,199641
7290015951869,false,יקבי רמת הגולן הר חר,מיוצר וממולא על ידי,IL,הר חרמון רוזה עברית,מיליליטרים,750.00,"100 מ""ל",false,,29.90,0.0399,true,1,202327
7290015951890,false,"יין הר חרמון קברנה עברית 750 מ""ל","כד בני דרום בע""מ",IL,יין הר חרמון קברנה ס,מיליליטרים,750.00,"100 מ""ל",false,,29.90,0.0399,true,1,202606
7290015968140,false,אטב אחיזה רחבה בעיצוב איטלקי הוסטס 36 יח,H.J.E,CN,אטבי כביסה,יחידה,0.00,יחידה,false,,12.90,0.0000,true,1,196715
7290015983006,false,שדות בר חסה רומית,חקלאי,IL,חסה רומית שדות בר,קילוגרמים,1.00,"ק""ג",true,,30.00,30.0000,true,1,185498
7290015983082,false,ירק שטוף שדות בר,חקלאי,IL,ירק שטוף שדות בר,קילוגרמים,1.00,"ק""ג",true,,30.00,30.0000,true,1,187174
7290015983129,false,שדות בר פלפלונים,חקלאי,IL,פלפל סווויט בייט,קילוגרמים,1.00,"ק""ג",true,,30.00,30.0000,true,1,204333
7290015996754,false,סוכרזית סטיוויה 300 טבליות,אף.סי תבליני בגליל ב,IL,סוכרזית סטיוויה 300,גרמים,124.00,100 גרם,false,,34.90,0.2815,true,1,199424
7290015996983,false,סוכרזית סוכרלוז 0 קלוריות 130 גר,ביסקול בעn,IL,סוכרלוז ממתיק 100 שק,גרמים,100.00,100 גרם,false,,27.90,0.2790,true,1,202306
7290016006025,false,שוופס סודה 0.50 ליטר בקבוק,יפאורה תבורי בעמ,IL,שוופס סודה 0.5 ליטר,מיליליטרים,500.00,"100 מ""ל",false,,3.00,0.0060,true,1,192599
7290016006148,false,"שוופס מוגז עדין ענבים בקבוק 500מ""ל",שוופס,,שוופס מוגז 0.5 ליטר,מיליליטרים,500.00,"100 מ""ל",false,,4.90,0.0098,true,1,192489
7290016006292,false,נקטר מנגו בננה מלון קרטונית 1 ל' ספרינג,"יפאורה תבורי בע""מ",IL,ספרינג מנגו בננה מלו,ליטרים,1.00,ליטר,false,,6.90,6.9000,false,1,191431
7290016006322,false,מים מינרליים מי עדן,מופק ממקור בזלתי עדן,IL,מי עדן 1 ליטר בקבוק,ליטרים,1.00,ליטר,false,,2.90,2.9000,false,1,207641
7290016006339,false,מים מינרלים - מארז רביעייה,מופק ממקור בזלתי עדן,IL,רביעייה מי עדן 1 ליט,ליטרים,4.00,ליטר,false,,10.00,2.5000,false,1,192095
7290016006346,false,שישיית שרינק 500 מל שוופס סודה,יפאורה תבורי בעמ,IL,שישייה סודה שוופס 0.,ליטרים,3.00,ליטר,false,,14.90,4.9667,true,1,190727
7290016034141,false,מאפינס קטן 50 יח' תבניכל,,,מאפינס קטנים לאפייה,יחידה,0.00,יחידה,false,,6.90,0.0000,true,1,264468
7290016034158,false,מאפינס גדול 50 יח' תבניכל,,,מאפינס גדולים לאפייה,יחידה,0.00,יחידה,false,,7.90,0.0000,true,1,264469
7290016077759,false,היינץ רוטב ברביקיו קלאסי 480 גרם,היינץ Heinz,NL,רוטב ברבקיו קלאסי הי,גרמים,480.00,100 גרם,false,,15.90,0.0331,true,1,199419
7290016077766,false,"שעועית אפויה ""היינץ"" 453 גרם",הייבורי קנקו,CA,שעועית אפויה היינץ,גרמים,228.00,100 גרם,false,,8.90,0.0390,true,1,200268
7290016080551,false,מתבל עגבניות אורגני 580 גרם היינץ,ה.י. היינץ,,מתבל עגבניות אורגני,גרמים,580.00,100 גרם,false,,16.90,0.0291,true,1,194732
7290016087116,false,פריניר רוטב מרוקאי 240 ג,,,רוטב עגבניות מתובל ל,גרמים,240.00,100 גרם,false,,4.60,0.0192,true,1,198014
7290016087147,false,רוטב עגבניות לפיצה מרגריטה 240 ג' פריניר,פריניר,IL,רוטב עגבניות מתובל ל,גרמים,240.00,100 גרם,false,,4.60,0.0192,true,1,198016
7290016087208,false,עגבניות מרוסקות מרוכזות ובזיליקום 230 גרם פריניר,פריניר,,פרי ניר מרוסקות בזיל,גרמים,230.00,100 גרם,false,,4.20,0.0183,true,1,199272
7290016087239,false,רוטב עגבניות מרוכז לשקשוקה פיקנט 230 ג' פריניר,פריניר,,רוטב עגבניות מרוכז ל,גרמים,230.00,100 גרם,false,,4.60,0.0200,true,1,199691
7290016094008,false,אולטרסול קרם פנים 50 75 מל,פישר מעבדות פרמצבטיו,IL,אולטרסול קרם פנים 50,יחידה,0.00,יחידה,false,,29.90,0.0000,true,1,191472
7290016096491,false,נתחי טונה בהירה בשמן צמחי שלישיה *80ג' פילטונה,תעשיות פילטונה,IL,שלישיית פיל טונה בשמ,גרמים,168.00,100 גרם,false,,10.90,0.0649,true,1,198790
7290016096507,false,שלישיית טונה קנולה פ,תעשיות פילטונה,IL,שלישיית טונה קנולה פ,גרמים,168.00,100 גרם,false,,10.90,0.0649,true,1,198791
7290016096675,false,שלישיה פיל טונה בשמן,,,שלישיה פיל טונה בשמן,גרמים,168.00,100 גרם,false,,12.90,0.0768,false,1,207341
7290016096811,false,רביעיית ממרח טונה פילטונה 160 גר'*4,תעשיות פילטונה,IL,ממרח טונה רביעיה פיל,גרמים,640.00,100 גרם,false,,19.90,0.0311,false,1,214471
7290016114300,false,נייר טואלט לילי לבן דאבל 16 גל=32 גל,חוגלה קימברלי,IL,נייר טואלט לילי לבן,יחידה,0.00,יחידה,false,,37.90,0.0000,false,1,193872
7290016132168,false,סל כביסה,,,סל כביסה,יחידה,0.00,יחידה,false,,34.90,0.0000,true,1,213391
7290016132359,false,סל נייר משרדי לבן,,,סל נייר משרדי לבן,יחידה,0.00,יחידה,false,,7.90,0.0000,true,1,260967
7290016135541,false,פסטה ביצים 3 צבעים פוזילי 400 גר אוריינט,פ.פ.ח טאביט,PL,פסטה ביצים 3 צבעים פ,גרמים,400.00,100 גרם,false,,13.90,0.0348,true,1,193768
7290016135558,false,אטריות ביצים 3 צבעים חנוקי תמרים,פ.פ.ה טאביט,,פסטה ביצים 3 צבעים ח,גרמים,400.00,100 גרם,false,,10.90,0.0273,true,1,193769
7290016136111,false,תערובת להכנת מאפים ללא גלוטן 500 G FREE,אשבל -מזון פונקציונל,IL,תערובת להכנת מאפים ל,גרמים,500.00,100 גרם,false,,19.90,0.0398,true,1,192263
7290016136142,false,תערובת להכנת פנקייק ללא גלוטן 400 גר,"אשבל -מזון פונקציונלי בע""מ",IL,תערובת להכנת פנקייק,גרמים,400.00,100 גרם,false,,19.90,0.0497,true,1,192152
7290016136722,false,פתיתים פנה ללא גלוטן 340 גרם גי פרי,אורגרן הלס אנד ניצר,AU,פתיתים פנה ללא גלוטן,גרמים,340.00,100 גרם,false,,10.90,0.0321,true,1,205768
7290016136739,false,GFREE פתיתי פוזילי על בסיס קמח תירס וקמח,מאלינו אנדנני,IT,פסטה פוזילי ללא גלוט,גרמים,340.00,100 גרם,false,,10.90,0.0321,true,1,199830
7290016144024,false,"קמח כוסמין מלא נפלאות 100% 1 ק""ג","קמח מלכים בע""מ",IL,קמח נפלאות כוסמין מל,קילוגרמים,1.00,"ק""ג",false,,14.90,14.9000,true,1,215867
7290016144031,false,"נפלאות קמח חיטה לבן מנופה 1 ק""ג",קמח מלכים,IL,קמח חיטה לבן מנופה 1,קילוגרמים,1.00,"ק""ג",false,,6.90,6.9000,true,1,216605
7290016144048,false,"קמח כוסמין לבן נפלאות 1 ק""ג","קמח מלכים בע""מ",IL,קמח נפלאות כוסמין לב,קילוגרמים,1.00,"ק""ג",false,,14.90,14.9000,true,1,215868
7290016144116,false,"קמח תופח נפלאות, 1 ק""ג",קמח מלכים,IL,קמח חיטה תופח נפלאות,קילוגרמים,1.00,"ק""ג",false,,8.90,8.9000,true,1,261402
7290016146004,false,קמח שקד מולבן 300 גרם,שקד תבור,IL,קמח שקד מולבן 300 גר,גרמים,300.00,100 גרם,false,,24.90,0.0830,true,1,194652
7290016146141,false,"סירופ מייפל טהור אורגני 250 מ""ל",אלמנדוס,IL,סירופ מייפל אורגני,מיליליטרים,250.00,"100 מ""ל",false,,23.90,0.0956,true,1,198258
7290016146189,false,חמאת מקדמיה 100% 200 גרם,שקד תבור,IL,חמאת מקדמיה 100% 195,גרמים,195.00,100 גרם,false,,34.90,0.1790,true,1,211094
7290016146301,false,שמן בוטנים שקד תבור,שקד תבור,,"שמן בוטנים 250 מ""ל",מיליליטרים,250.00,"100 מ""ל",false,,14.90,0.0596,true,1,213551
7290016146400,false,שוקולד תבור 60% 100 גרם,לובקה,IL,שוקולד תבור 60% 100,גרמים,100.00,100 גרם,false,,15.90,0.1590,true,1,211102
7290016146455,false,שוקולד מריר תבור 100% 100 גרם BIO,לובקה,IL,שוקולד תבור 100% 100,גרמים,100.00,100 גרם,false,,15.90,0.1590,true,1,211106
7290016146462,false,שוקולד מריר תבור 88% BIO 100 גרם,לובקה,IL,שוקולד תבור 88% 100,גרמים,100.00,100 גרם,false,,15.90,0.1590,true,1,211107
7290016146929,false,געלה ביתית בצנצנת 50,שקד תבור,IL,ג'עלה ביתי צנצנת 500,גרמים,500.00,100 גרם,false,,21.90,0.0438,true,1,211122
7290016150865,false,תערובת מיזלי גרין בנ,וויטליה,MK,"מיזלי בננה ותמר 1 ק""",קילוגרמים,1.00,"ק""ג",false,,24.90,24.9000,true,1,262952
7290016188592,false,"יין למברוסקו אדום חצי יבש 750 מ""ל!","כד בני דרום בע""מ",IT,למברוסקו ג'קובזי אדו,מיליליטרים,750.00,"100 מ""ל",false,,24.90,0.0332,true,1,194430
7290016197488,false,מטליות מיקרופייבר למשטחים ניקול 3יח',סטון טכנולגי,CN,מטליות לשיש מיקרו פי,יחידה,0.00,יחידה,false,,10.90,0.0000,true,1,190587
7290016197495,false,ניקול זוג מטליות הקסם מיקרופייבר לרצפה,חוגלה קימברלי,CN,זוג מטליות מיקרופייב,יחידה,0.00,יחידה,false,,16.90,0.0000,true,1,190588
7290016197600,false,דיפנד - תחבושת לנשים נורמל 12 יח',חוגלה קימברלי,VN,תחבושת דיפנד לנשים נ,יחידה,0.00,יחידה,false,,19.90,0.0000,true,1,192747
7290016197617,false,דיפנד - תחבושות לנשים אקסטרה 10 יח',חוגלה קימברלי,VN,תחבושת דיפנד לנשים א,יחידה,0.00,יחידה,false,,19.90,0.0000,true,1,192728
7290016197624,false,דיפנד - תחבושת לנשים סופר 8 יח',חוגלה קימברלי,VN,תחבושות דיפנד לנשים,יחידה,0.00,יחידה,false,,19.90,0.0000,true,1,192748
7290016197839,false,ניקול השקית החזקה 20 יח' XL,"אשפלסט תעשיות בע""מ",IL,השקית החזקה 20 יח XL,יחידה,0.00,יחידה,false,,21.90,0.0000,true,1,190589
7290016197877,false,ניקול שקיות לפחי מטבח קטנים 60 יח' M,"אשפלסט תעשיות בע""מ",IL,שקית ניקול לפח מטבח,יחידה,0.00,יחידה,false,,21.00,0.0000,true,1,191188
7290016217742,false,חציל על אש בטחינה 200 גר,"סלטי שמיר 2006 בע""מ",IL,חציל בטחינה 200 גרם,גרמים,200.00,100 גרם,false,,9.90,0.0495,true,1,260331
7290016217759,false,חצילים בסגנון מרוקאי,"סלטי שמיר 2006 בע""מ",IL,חציל מרוקאי 200 גרם,גרמים,200.00,100 גרם,false,,11.90,0.0595,true,1,260340
7290016233995,false,שימורי אנשובי עם שמן זית 45 ג' תומר,Inversiones prisco s,IL,פילה דג אנשובי בשמן,גרמים,26.00,100 גרם,false,,6.40,0.2462,true,1,207364
7290016245929,false,לחם טחינה עשיר בחלבון 450 ג' ביכורים,מאפית ביכורים,IL,לחם טחינה עשיר חלבון,גרמים,450.00,100 גרם,false,,25.90,0.0576,true,1,261030
7290016246025,false,בארכה מיקס פינוקיות חלווה ללא סוכר 10*20ג,רושדי תעשיות מזון בע,IL,בארכה פינוקיות חלבה,גרמים,200.00,100 גרם,false,,12.90,0.0645,true,1,190539
7290016246445,false,בארכה טחינה גולמית מעודנת שומשום מלא 310 גם,רושדי תעשיות מזון בע,IL,בארכה טחינה גולמית מ,גרמים,310.00,100 גרם,false,,12.90,0.0416,true,1,204255
7290016246452,false,בארכה טחינה גולמית מעודנת שום לימון 310 גרם,רושדי תעשיות מזון בע,IL,בארכה טחינה גולמית מ,גרמים,310.00,100 גרם,false,,12.90,0.0416,true,1,204256
7290016248074,false,יין מסע ישראלי אדום ויתקין 750 מל,"ישראל-יקב ויתקין בע""",,יין מסע ישראלי אדום,מיליליטרים,750.00,"100 מ""ל",false,,69.90,0.0932,true,1,193904
7290016276756,false,מעדן 4 פירות 100% רכיבי פרי 284 גר' ללא תוספת סוכר,שקדיה,IL,מעדן 4 פירות 100% רכ,גרמים,284.00,100 גרם,false,,10.00,0.0352,true,1,193351
7290016276763,false,מעדן שזיף 100% רכיבי פרי ללא סוכר שקדיה 284 ג',לינוי סיטי,CN,מעדן שזיף 100% רכיבי,גרמים,284.00,100 גרם,false,,10.00,0.0352,true,1,193352
7290016276787,false,מעדן אננס 100% רכיבי פרי ללא סוכר שקדיה 284 ג',שקדיה,IL,מעדן אננס ללא סוכר ש,גרמים,284.00,100 גרם,false,,10.00,0.0352,true,1,196773
7290016276794,false,מעדן פירות ללא סוכר שקדיה 284 ג',שקדיה,IL,מעדן תפוז 100% רכיבי,גרמים,284.00,100 גרם,false,,10.00,0.0352,true,1,193354
7290016276800,false,מעדן תפוח עץ 100% רכיבי פרי ללא סוכר שקדיה 284 ג',שקדיה,IL,"מעדן תפ""ע ללא סוכר",גרמים,284.00,100 גרם,false,,10.00,0.0352,true,1,196774
7290016299663,false,"שמן קיק בכבישה קרה ארגניה 100 מ""ל",,IL,"שמן קיק 100 מ""ל",מיליליטרים,100.00,"100 מ""ל",false,,17.90,0.1790,true,1,263689
7290016304404,false,לחם קוביות 100% כוסמין 600 גרם,מאפיית דוידוביץ ובני,IL,לחם קוביות 100% כוסמ,גרמים,600.00,100 גרם,false,,12.90,0.0215,true,1,202062
7290016304596,false,לחמניות לסנדביץ 75 גרם,מאפית דוידוביץ ובניו,IL,מארז 10 לחמניות לסנד,גרמים,750.00,100 גרם,false,,12.90,0.0172,true,1,213093
7290016319187,false,טוסו עוגיות סנדוויץ שוקו במילוי קרם שוקולד *זוג* 300 גרם,בטר אנד דיפרנט,IL,טוסו עוגיות סנדוויץ',גרמים,300.00,100 גרם,false,,17.90,0.0597,true,1,211929
7290016319194,false,טוסו עוגיות סנדוויץ שוקו במילוי קרם וניל *זוג* 300 גרם,אפיפית,IL,טוסו עוגיות סנדוויץ',גרמים,300.00,100 גרם,false,,17.90,0.0597,true,1,211930
7290016319200,false,טוסו עוגיות סנדוויץ' אוראו במילוי קרם וניל *זוג* 300 גרם,אפיפית,IL,טוסו עוגיות סנדוויץ',גרמים,300.00,100 גרם,false,,17.90,0.0597,true,1,211931
7290016319309,false,סבון נוזלי מאסק קלאסי+משאבה פמלי 1 ל,הנסיך- מפעל לייצור ט,IL,פמלי אל סבון 1 ליטר,ליטרים,1.00,ליטר,false,,11.90,11.9000,false,1,194015
7290016320343,false,"דאק נוזל ג'ל לניקוי מתקדם בניחות לבנדר זוג * 750 מ""ל",טואלט דאק (ג'ונסון),NL,"דאק ג'ל נוזל 750 מ""ל",מיליליטרים,1500.00,"100 מ""ל",false,,17.90,0.0119,true,1,199701
7290016321531,false,רצועות שעווה לגוף מגע הדבש אלוורה 12+3יח,שוורצקוף& הנקל דיסלד,IL,מגע הדבש רצועות שעוו,יחידה,0.00,יחידה,false,,19.90,0.0000,true,1,212837
7290016321548,false,רצועות שעווה לגוף מגע הדבש קמומיל 12+3יח,ש.שוורץ,ES,מגע הדבש רצועות שעוו,יחידה,0.00,יחידה,false,,19.90,0.0000,true,1,212838
7290016321555,false,רצועות שעווה לביקיני ולב.שחי מ.הדבש 16+4,ש.שוורץ,ES,מגע הדבש רצועות שעוו,יחידה,0.00,יחידה,false,,31.90,0.0000,true,1,212839
7290016321661,false,פרש וואנס SENSITIVE מגבונים ללא בישום רביעייה 72 יחידות,עלבד משואות יצחק,IL,מגבונים פרש וואנס לל,יחידה,0.00,יחידה,false,,15.90,0.0000,false,1,207594
7290016321678,false,מגבונים לחים בניחוח מרענן עם תמציות קמומיל ואלוורה,עלבד משואות יצחק,IL,מגבונים פרש וואנס עם,יחידה,0.00,יחידה,false,,15.90,0.0000,false,1,207595
7290016321777,false,מגע הדבש רצועות שעווה לפנים אלוורה 20 יח,שוורצקוף& הנקל דיסלד,IL,מגע הדבש רצועות שעוו,יחידה,0.00,יחידה,false,,19.90,0.0000,true,1,212841
7290016321883,false,פרשוואנס נייר טואלט מתכלה לילדים -מארז שלישייה,עלבד משואות יצחק בעמ,IL,פרש וואנס נייר טואלט,יחידה,0.00,יחידה,false,,12.90,0.0000,true,1,206444
7290016321890,false,פרשוואנס נייר טואלט מתכלה למבוגרים -מארז שלישייה,עלבד משואות יצחק בעמ,IL,פרש וואנס נייר טואלט,יחידה,0.00,יחידה,false,,12.90,0.0000,true,1,206445
7290016329278,false,קמיל בלו מגבונים מילוי 64 יח רביעייה,"ד""ר פישר Dr fischer",IL,מגבונים לחים קמיל רב,יחידה,0.00,יחידה,false,,19.90,0.0000,false,1,198720
7290016329674,false,קמיל בלו קרם פנים לתינוק לעור יבש במיוחד,"ד""ר פישר Dr fischer",IL,קמיל בלו סנסיטיב קרם,מיליליטרים,75.00,"100 מ""ל",false,,22.90,0.3053,true,1,197932
7290016370225,false,תחתיות ארטישוק 430 גר',קונסריוסאלגוזס,,תחתיות ארטישוק יבנה,גרמים,220.00,100 גרם,false,,8.50,0.0386,true,1,263980
7290016370270,false,זית קלמטה מגולען 560 ג' -יבנה,קבוצת יבנה,,חרוזית קלמטה יבנה,גרמים,275.00,100 גרם,false,,12.90,0.0469,true,1,261963
7290016370300,false,זית קלמטה שלם צנצנת יבנה,קוזט אס.איי.פיין פוצ,GR,קלמטה עם גלעין צינצנ,גרמים,320.00,100 גרם,false,,14.90,0.0466,true,1,216039
7290016370317,false,זית קלמטה ללא גלעין 560 גרם צנצנת יבנה,קוזט אס.איי.פיין פוצ,GR,קלמטה ללא גלעין צינצ,גרמים,300.00,100 גרם,false,,14.90,0.0497,true,1,216040
7290016370959,false,חציל קלוי פירה בצנצנת ‏580‏ ג' יבנה,תאי פרזידנט פוד פאבל,GR,חציל קלוי על האש צנצ,גרמים,530.00,100 גרם,false,,10.00,0.0189,true,1,194537
7290016370973,false,פלפל אדום קלוי על האש קבוצת יבנה 540 גרם,קוזט אס.איי.פיין פוד,GR,פלפל אדום קלוי על הא,גרמים,390.00,100 גרם,false,,10.00,0.0256,true,1,194540
7290016372373,false,רסק עגבניות ללא תוספת סוכר ומלח - מארז זוג,גרנד איטליה Grand Italia,IT,רסק עגבניות זוגות בל,גרמים,280.00,100 גרם,false,,7.90,0.0282,true,1,199358
7290016372397,false,"תה ויסוצקי ירוק תפוז,ג'ינגר וכורכום 25 יח'",ויסוצקי ירוק,IL,תה ירוק תפוז ג'נג'ר,יחידה,0.00,יחידה,false,,24.90,0.0000,false,1,199299
7290016372489,false,חליטת פירות וצמחים ג'ינג'ר ולימון - אפקט הג'ינג'ר,תה ויסוצקי,IL,חליטת ג'ינג'ר לימון,גרמים,40.00,100 גרם,false,,18.90,0.4725,true,1,199305
7290016372496,false,חליטת פירות וצמחים בטעם ג'ינג'ר ודבש -אפקט הג'ינג'ר,תה ויסוצקי,IL,חליטת ג'ינג'ר דבש,גרמים,40.00,100 גרם,false,,18.90,0.4725,true,1,199306
7290016387254,false,משטח לייבוש כלים דו,מ.א ייצור ושיווק מטל,CN,משטח לייבוש כלים דו,יחידה,0.00,יחידה,false,,9.90,0.0000,true,1,195943
7290016387339,false,מטליות מיקרופייבר ג'מבו לרצפה זוג,,CN,2 מטליות מיקרופייבר,יחידה,0.00,יחידה,false,,15.90,0.0000,true,1,195946
7290016387841,false,אטבי כביסה איכותים צבעונים 50 יחי',GUANGDONG,CN,אטבי כביסה איכותיים,יחידה,0.00,יחידה,false,,10.90,0.0000,true,1,204577
7290016387926,false,מפה נצמדת עם גומי היקפי 75*180,מ.א ייצור ושיווק מטל,CN,מפה נצמדת עם גומי,יחידה,0.00,יחידה,false,,16.90,0.0000,true,1,260986
7290016408294,false,"מרשמלו ורוד לבן וסטהיים 150 ג', 26 בקרטון",מנדלז סי.אר. פרודקשן,IL,מרשמלו כרמית 150 גרם,גרמים,150.00,100 גרם,false,,4.90,0.0327,true,1,196389
7290016408423,false,חטיף קרקר עם זיתים שחורים ושום 130 גר,תות תעשיות מזון (201,LT,חטיף קרקר עם זיתים ש,גרמים,130.00,100 גרם,false,,5.90,0.0454,true,1,194229
7290016408447,false,חטיף קרקר עגבניות ובזיליקום 130 גר,דנוויטה ג'יי. אס. סי,LT,חטיף קרקר עם עגבניות,גרמים,130.00,100 גרם,false,,5.90,0.0454,true,1,194231
7290016429992,false,"ד""ר פישר - אלכוג'ל במארז סיליקון עם דמות 30 מ""ל",פישר תעשיות,IL,"אלכוג'ל 30 מ""ל בסילי",מיליליטרים,30.00,"100 מ""ל",false,,14.90,0.4967,true,1,197559
7290016437591,false,קוטקס - תחתונים סופגים לנשים לאחר לידה מדיום 8 יח',חוגלה,KR,קוטקס תחתונים סופגים,יחידה,0.00,יחידה,false,,33.90,0.0000,false,1,200667
7290016437607,false,קוטקס - תחתונים סופגים לנשים לאחר לידה לארג' 8 יח',חוגלה,KR,קוטקס תחתונים סופגים,יחידה,0.00,יחידה,false,,33.90,0.0000,false,1,200668
7290016437614,false,"תחתוני חיתולים פרידום דריי מידה 3 6-11 ק""ג",האגיס Huggies,IL,האגיס פנטס מידה 3,יחידה,0.00,יחידה,false,,44.90,0.0000,false,1,196578
7290016437645,false,האגיס פרידום דריי פנטס מידה 5 32 יחידות,קימברלי קלארק צ'כיה,CZ,האגיס פנטס מידה 5,יחידה,0.00,יחידה,false,,44.90,0.0000,false,1,196580
7290016437652,false,האגיס פרידום דריי פנטס מידה 6 26 יחידות,קימברלי קלארק צ'כיה,CZ,האגיס פנטס מידה 6,יחידה,0.00,יחידה,false,,44.90,0.0000,false,1,196581
7290016439021,false,סילאן טבעי בצנצנת 900 גרם משק צור,,,סילאן טבעי משק צור,גרמים,900.00,100 גרם,false,,14.90,0.0166,true,1,261087
7290016439120,false,סילאן טבעי לחיץ משק,,,סילאן טבעי לחיץ משק,גרמים,350.00,100 גרם,false,,10.90,0.0311,true,1,261089
7290016439601,false,ממרח תמרים 450 גר צור עין יהב,,,מחית תמרים משק צור 4,גרמים,450.00,100 גרם,false,,4.90,0.0109,true,1,263981
7290016440652,false,תערובת פרוסות ירקות חמוצים,,,תערובת ירקות חמוצים,יחידה,0.00,יחידה,false,,18.90,0.0000,true,1,212875
7290016440669,false,עגבניות כבושות,,,עגבניות כבושות,גרמים,500.00,100 גרם,false,,19.90,0.0398,true,1,212872
7290016440881,false,תערובת ירקות חמוצים בטעם טבעי,,,תערובת ירקות חמוצים,יחידה,0.00,יחידה,false,,18.90,0.0000,true,1,212873
7290016475067,false,מארז 4 לאפות במלאכת יד,מאפיית המכבים,IL,לאפות רביעייה,יחידה,0.00,יחידה,false,,11.90,0.0000,true,1,193166
7290016496208,false,פתיל צף מוכן עגול [30],,,פתיל צף מוכן,יחידה,0.00,יחידה,false,,4.90,0.0000,true,1,215201
7290016509304,false,מנקה אסלה סוד 4 כדוריות נתלה לבנדר נתלה 50גר',הנקל סוד,IL,סוד סבון אסלה 4 כדור,יחידה,0.00,יחידה,false,,8.90,0.0000,true,1,198116
7290016509342,false,סוד מארז טריו כדוריות לאסלה כחול אקטיבי אקונומיקה,הנקל סוד,RS,סוד כדוריות לאסלה של,גרמים,150.00,100 גרם,false,,19.90,0.1327,true,1,209729
7290016509786,false,פרסיל גל לכביסה לבנה וצבעונית-ירוק 2.5 ל,פרסיל Persil,IL,פרסיל ג'ל 2.5 ליטר י,ליטרים,2.50,ליטר,false,,34.90,13.9600,true,1,202727
7290016509793,false,ג'ל לכביסה לבנה וצבעונית אריזת XL,פרסיל Persil,IL,פרסיל ג'ל 4 ליטר ירו,ליטרים,4.00,ליטר,false,,44.90,11.2250,true,1,202728
7290016509809,false,ג'ל מרוכז לכביסה קולור 2.5 ל' פרסיל,פרסיל Persil,IL,פרסיל ג'ל 2.5 ליטר ק,ליטרים,2.50,ליטר,false,,34.90,13.9600,true,1,202729
7290016509816,false,ג'ל לכביסה צבעונית אריזת XL,פרסיל Persil,IL,פרסיל ג'ל 4 ליטר קול,ליטרים,4.00,ליטר,false,,44.90,11.2250,true,1,202730
7290016509847,false,פרסיל ג'ל לכביסה כהה בלאק 2.5 ליטר,פרסיל Persil,IL,פרסיל ג'ל 2.5 ליטר ב,ליטרים,2.50,ליטר,false,,34.90,13.9600,true,1,205411
7290016510225,false,"תחליב רחצה הוואי יוגורט וניל ודבש 700 מ""ל",תאי פרזידנט פוד פאבל,IL,הוואי תחליב רחצה וני,מיליליטרים,700.00,"100 מ""ל",false,,8.90,0.0127,false,1,202850
7290016510232,false,"תחליב רחצה הוואי יוגורט קוקוס 700 מ""ל",תאי פרזידנט פוד פאבל,IL,הוואי תחליב רחצה יוג,מיליליטרים,700.00,"100 מ""ל",false,,8.90,0.0127,false,1,202851
7290016510263,false,הוואי תחליב רחצה רגעים יוקרתיים 700 מל,טרופיקל דגיל,IL,הוואי תחליב רחצה 700,מיליליטרים,700.00,"100 מ""ל",false,,8.90,0.0127,false,1,202853
7290016510287,false,"תחליב רחצה הוואי דבש אירוס זהוב 700 מ""ל",תאי פרזידנט פוד פאבל,IL,הוואי תחליב רחצה קרם,מיליליטרים,700.00,"100 מ""ל",false,,8.90,0.0127,false,1,202855
7290016510317,false,"הוואי תחליב רחצה לגבר פול פורס 700 מ""ל-מרכז",טרופיקל דגיל,IL,הוואי ג'ל רחצה 700 מ,מיליליטרים,700.00,"100 מ""ל",false,,8.90,0.0127,false,1,202938
7290016510430,false,"תחליב רחצה הוואי שמני הזנה מגנוליה 700 מ""ל",טרופיקל דגיל,IL,הוואי תחליב רחצה עם,מיליליטרים,700.00,"100 מ""ל",false,,8.90,0.0127,false,1,202858
7290016510768,false,"הוואי תחליב רחצה יוגורט ואוכמניות 700 מ""ל",טרופיקל דגיל,IL,תחליב רחצה הוואי יוג,מיליליטרים,700.00,"100 מ""ל",false,,8.90,0.0127,false,1,205572
7290016510898,false,"שמפו+מרכך הוואי פריחת הדובדבן 700 מ""ל",שוורצקוף& הנקל דיסלד,IL,שמפו הוואי תמצית דוב,מיליליטרים,700.00,"100 מ""ל",false,,8.90,0.0127,false,1,206780
7290016510904,false,"הוואי מרכך פריחת הדובדבן 700 מ""ל",שוורצקוף& הנקל דיסלד,IL,מרכך הוואי תמצית דוב,מיליליטרים,700.00,"100 מ""ל",false,,8.90,0.0127,false,1,206782
7290016537000,false,במיה הודית משק צ'רי,,,במיה הודית,יחידה,0.00,יחידה,false,,23.90,0.0000,true,1,203679
7290016537017,false,תרד גוליבר,,,תרד גוליבר,יחידה,0.00,יחידה,false,,14.90,0.0000,true,1,212205
7290016537031,false,אפונת שלג משק צ'ירי,,,אפונת שלג כפרי חן,יחידה,0.00,יחידה,false,,23.90,0.0000,true,1,204334
7290016564006,false,מבריק הפלא ספוג להסרת כתמים ושומנים 3 יח,,,מבריקל הפלא,יחידה,0.00,יחידה,false,,9.90,0.0000,true,1,196317
7290016564235,false,זוג מטליות מייקרופייבר לרצפה מבריקל,,,מבריקל הפלא מארז זוג,יחידה,0.00,יחידה,false,,19.90,0.0000,true,1,205952
7290016564266,false,כיסוי הפלא 30 יח מבריקל,מבריקל,IL,כיסוי הפלא מבריקל,יחידה,0.00,יחידה,false,,9.90,0.0000,true,1,208367
7290016564273,false,מבריקל הפלא מטלית מי,,,מבריקל הפלא מטלית מי,יחידה,0.00,יחידה,false,,16.90,0.0000,true,1,206570
7290016564402,false,מטליות מיקרופייבר לנ,,,מבריקל הפלא מטליות מ,יחידה,0.00,יחידה,false,,9.90,0.0000,true,1,261325
7290016565010,false,חסה מיני רומית,,,חסה מיני רומית,יחידה,0.00,יחידה,false,,11.50,0.0000,true,1,214792
7290016565027,false,בזיליקום,,,בזיליקום,יחידה,0.00,יחידה,false,,7.50,0.0000,true,1,213710
7290016565126,false,חסה משי אדומה,,,חסה משי אדומה,יחידה,0.00,יחידה,false,,11.50,0.0000,true,1,213990
7290016565133,false,מלפפון בייבי 400 גרם,,,מלפפון בייבי 400 גרם,גרמים,400.00,100 גרם,false,,9.50,0.0238,true,1,215484
7290016565164,false,מיקס ירוקים,,,מיקס ירוקים,יחידה,0.00,יחידה,false,,11.90,0.0000,true,1,213991
7290016565201,false,פלפל בייבי,,,פלפל בייבי,גרמים,300.00,100 גרם,false,,8.90,0.0297,true,1,262981
7290016565348,false,לימון ליים 400 גרם,,,לימון ליים 400 גרם,גרמים,400.00,100 גרם,false,,7.50,0.0188,true,1,260681
7290016565362,false,חסה ליטל ג'ים,,,חסה ליטל ג'ים,יחידה,0.00,יחידה,false,,11.50,0.0000,true,1,260682
7290016565379,false,מיקס עלי חסה,,,מיקס עלי חסה,יחידה,0.00,יחידה,false,,11.50,0.0000,true,1,262982
7290016565416,false,חסה לליק,,,חסה לליק,יחידה,0.00,יחידה,false,,11.50,0.0000,true,1,261758
7290016565478,false,חסה סלנובה הידרופוני,,,חסה סלנובה הידרופוני,יחידה,0.00,יחידה,false,,11.50,0.0000,true,1,263916
7290016566123,false,עציצים דקורטיביים,,,עציץ לופס זהב,יחידה,0.00,יחידה,false,,39.90,0.0000,true,1,218274
7290016566178,false,בקבוק שתיה אישי 500,,,"בקבוק טריטן 600 מ""ל",יחידה,0.00,יחידה,false,,30.00,0.0000,true,1,200503
7290016566185,false,בקבוק פתיחה לחיצה,,CN,בקבוק פתיחה לחיצה,יחידה,0.00,יחידה,false,,35.00,0.0000,true,1,261906
7290016566284,false,"כוס נשיאה תרמית דאבל 500 מ""ל",,,כוס תרמית שומרת קור,יחידה,0.00,יחידה,false,,60.00,0.0000,true,1,260351
7290016566468,false,בקבוק תרמי 800 מ''ל מוסקו,,,בקבוק טרמי,יחידה,0.00,יחידה,false,,79.90,0.0000,true,1,218914
7290016584004,false,חטיפוני גזר 130 גרם,"מרינה פטריות הגליל בע""מ",IL,חטיפוני גזר 130 גר',גרמים,130.00,100 גרם,false,,5.90,0.0454,true,1,194640
7290016584011,false,חטיפוני גזר 350 גרם גיזרונים,"מרינה פטריות הגליל בע""מ",IL,חטיפוני גזר 350 גר',גרמים,350.00,100 גרם,false,,11.90,0.0340,true,1,194619
7290016584219,false,שעועית שלמה ירוקה וטריה 400 גרם,מרינה,IL,שעועית ירוקה שלמה טר,גרמים,410.00,100 גרם,false,,14.90,0.0363,true,1,213610
7290016607772,false,"יין רוזה גליל דלתון 750 מ""ל","איי, בי, אינבוו",IL,יין גליל רוזה דלתון,מיליליטרים,750.00,"100 מ""ל",false,,59.90,0.0799,true,1,214440
7290016621341,false,אל סבון היגייני לניקוי יסודי קמיל Clean & Moisture,"ד""ר פישר Dr fischer",IL,אל סבון נוזלי ללחות,ליטרים,1.00,ליטר,false,,15.90,15.9000,false,1,197562
7290016621358,false,"ד""ר פישר - קמיל אל סבון ניקיון והזנה ורוד 1 ליטר","ד""ר פישר Dr fischer",IL,אל סבון נוזלי להזנה,ליטרים,1.00,ליטר,false,,15.90,15.9000,false,1,197563
7290016621365,false,אל סבון היגייני לניקוי יסודי קמיל Clean & Moisture,"ד""ר פישר Dr fischer",IL,אל סבון נוזלי לרעננו,ליטרים,1.00,ליטר,false,,15.90,15.9000,false,1,197564
7290016621952,false,קמיל בלו סנסיטיב קרם פנים לתינוק SPF30,"ד""ר פישר Dr fischer",IL,קמיל בלו סנסיטיב קרם,מיליליטרים,75.00,"100 מ""ל",false,,27.90,0.3720,true,1,197872
7290016634877,false,זרעים כרובית,,,זרעים כרובית,יחידה,0.00,יחידה,false,,5.90,0.0000,true,1,260137
7290016634884,false,זרעים ארטישוק,,,זרעים ארטישוק,יחידה,0.00,יחידה,false,,5.90,0.0000,true,1,260138
7290016634907,false,זרעים אורגניים-מיקס,,,זרעים מיקס צנונית,יחידה,0.00,יחידה,false,,5.90,0.0000,true,1,260125
7290016634914,false,זרעים מיקס שרי,,,זרעים מיקס שרי,יחידה,0.00,יחידה,false,,5.90,0.0000,true,1,260140
7290016646078,false,טחינה אתיופית טבעונית היילה 700 גרם,,אתיופיה,היילה טחינה אתיופית,גרמים,700.00,100 גרם,false,,23.90,0.0341,true,1,217993
7290016646177,false,היילה טחינה אתיופית,,,היילה טחינה אתיופית,גרמים,350.00,100 גרם,false,,16.90,0.0483,true,1,263296
7290016651362,false,קיסמי שיניים עם חוט,,,קיסמי שיניים עם חוט,יחידה,0.00,יחידה,false,,11.90,0.0000,true,1,198164
7290016657012,false,סיכה סט פפיון,,,סיכה סט פפיון,יחידה,0.00,יחידה,false,,6.90,0.0000,true,1,197489
7290016667417,false,שקיות איזבל 10 יח' 7,,,שקיות איזבל 10 יח' 7,יחידה,0.00,יחידה,false,,6.90,0.0000,true,1,205267
7290016667431,false,"טורטיה ענק 30 ס""מ 540 גרם",SINNACK,DE,טורטיות ענק,יחידה,0.00,יחידה,false,,11.90,0.0000,true,1,205268
7290016667660,false,"טורטיה בתוספת קמח תירס 20 ס""מ 8 יחי",,,טורטיות בתוספת קמח ת,גרמים,320.00,100 גרם,false,,9.90,0.0309,true,1,212725
7290016667714,false,נייר פרגמנט לעטיפת מזון,,,אריזון נייר פרגמנט ל,יחידה,0.00,יחידה,false,,9.90,0.0000,true,1,213412
7290016667929,false,תבניות מאפין קאפקייק מספר 7,,,תבניות מאפינס קאפקיי,יחידה,0.00,יחידה,false,,8.50,0.0000,true,1,219836
7290016682182,false,פריניב שייק תמר בננה מופחת סוכר 1 ליטר,פריניב בעמ,IL,שייק תמר בננה מופחת,ליטרים,0.00,ליטר,false,,14.90,0.0000,true,1,196412
7290016682199,false,פריניב שייק תות בננה מופחת סוכר 1 ליטר,פריניב בעמ,IL,שייק תות בננה מופחת,ליטרים,1.00,ליטר,false,,14.90,14.9000,true,1,196620
7290016682243,false,פריניב מיץ אשכולית אדומה סחוט 1 ליטר,פריניב,IL,מיץ אשכולית אדומה 1,ליטרים,1.00,ליטר,false,,14.90,14.9000,true,1,204079
7290016682250,false,מיץ תפוז גזר פרי ניב 1 ליטר,פרי ניב,IL,מיץ תפוגזר 1 ליטר פר,ליטרים,1.00,ליטר,false,,16.90,16.9000,true,1,263536
7290016682335,false,מיץ תפוזים פרי ניב 2 ליטר -,פרי ניב,IL,מיץ תפוזים סחוט 2 לי,ליטרים,2.00,ליטר,false,,22.00,11.0000,true,1,259817
7290016682342,false,מיץ תפוזים וולנסיה פרי ניב 2 ליטר-,פרי ניב,IL,מיץ תפוזים ולנסיה 2,ליטרים,2.00,ליטר,false,,25.90,12.9500,true,1,259818
7290016682359,false,מיץ תפוזים שמוטי פרי ניב 2 ליטר-,פרי ניב,IL,מיץ תפוזים שמוטי 2 ל,ליטרים,2.00,ליטר,false,,25.90,12.9500,true,1,259819
7290016682366,false,מיץ תפוח צלול פרי ניב 2 ליטר-,פריניב,IL,מיץ תפוח צלול 2 ליטר,ליטרים,2.00,ליטר,false,,19.90,9.9500,true,1,259820
7290016682373,false,משקה קל לימונדה בלאדי 2 ליטר פריניב,פריניב,IL,מיץ לימונדה בלדי 2 ל,ליטרים,2.00,ליטר,false,,19.90,9.9500,true,1,259821
7290016682380,false,מיץ טבעי לימונדה ולואיזה פרי ניב 2 ליטר-,פרי ניב,IL,מיץ לימונדה לואיזה 2,ליטרים,2.00,ליטר,false,,19.90,9.9500,true,1,259822
7290016682397,false,מיץ חמוציות פרי ניב 2 ליטר-,פרי ניב,IL,מיץ חמוציות 2 ליטר,ליטרים,2.00,ליטר,false,,19.90,9.9500,true,1,259823
7290016717235,false,יין קונקורד אדום ממותק קינג דיוויד - בקבוק אישי,יקבי כרמל Carmel Winery,IL,קינג דיויד קונקורד 1,מיליליטרים,187.00,"100 מ""ל",false,,5.50,0.0294,true,1,205443
7290016717631,false,יין מוסקטו בעל חוזק אלכוהול נמוך פרייבט קולקשן,אגודת הכורמים הקואופ,IL,מוסקטו פרייבט קולקשן,מיליליטרים,750.00,"100 מ""ל",false,,34.90,0.0465,false,1,201659
7290016717754,false,"יין ישן נושן יקבי כרמל 750 מ""ל ^^^",אגודת הכורמים הקואופ,IL,יין ישן נושן,מיליליטרים,750.00,"100 מ""ל",false,,17.90,0.0239,true,1,202803
7290016823004,false,בזיליקום יח freshlid,"מרינה פטריות הגליל בע""מ",IL,בזיליקום,יחידה,0.00,יחידה,false,,5.90,0.0000,true,1,196780
7290016823028,false,עירית יח freshlid,"מרינה פטריות הגליל בע""מ",IL,עירית,יחידה,0.00,יחידה,false,,5.90,0.0000,true,1,196782
7290016823042,false,אורגנו יח freshlid,מרינה,IL,אורגנו,יחידה,0.00,יחידה,false,,5.90,0.0000,true,1,196784
7290016823059,false,טימין קורנית ארוז יח,"מרינה פטריות הגליל בע""מ",IL,טימין,יחידה,0.00,יחידה,false,,4.90,0.0000,true,1,196785
7290016823066,false,רוזמרין יח freshlid,"מרינה פטריות הגליל בע""מ",IL,רוזמרין,יחידה,0.00,יחידה,false,,4.90,0.0000,true,1,196786
7290016823073,false,מרווה יח freshlid,"מרינה פטריות הגליל בע""מ",IL,מרווה,יחידה,0.00,יחידה,false,,5.90,0.0000,true,1,196787
7290016823257,false,חסה סלנובה מהדרין יח,"מרינה פטריות הגליל בע""מ",IL,חסה סלנובה מרינה,יחידה,0.00,יחידה,false,,11.90,0.0000,true,1,203697
7290016823349,false,סלק מקולף בוואקום לי,"מרינה פטריות הגליל בע""מ",IL,סלק בוואקום,יחידה,0.00,יחידה,false,,6.90,0.0000,true,1,204976
7290016823523,false,צנונית יח 500 גרם שמיטה,"מרינה פטריות הגליל בע""מ",IL,צנונית 500 גר' מרינה,גרמים,500.00,100 גרם,false,,5.90,0.0118,true,1,199909
7290016865943,false,אטריות ביצים פטוציני אוריינט 400 גרם,פ.פ.ח טאביט,PL,איטריות ביצים פטוצ'י,גרמים,400.00,100 גרם,false,,13.90,0.0348,true,1,198888
7290016866445,false,תערובת גי פרי קמח תפוח 500 גרם,אשבל -מזון פונקציונל,IL,תערובת קמח תופח 500,גרמים,500.00,100 גרם,false,,19.90,0.0398,true,1,198356
7290016866643,false,פרודונטקס מ.שיניים אקסטרה פרש 75 מל,פרודונטקס Parodontax,SK,משחת שיניים פרדונטקס,מיליליטרים,75.00,"100 מ""ל",false,,30.90,0.4120,true,1,203132
7290016866650,false,"פרודונטקס - משחת שיניים אוריג'ינל 75 מ""ל",פרודונטקס Parodontax,SK,משחת שיניים פרודונטק,מיליליטרים,75.00,"100 מ""ל",false,,30.90,0.4120,true,1,203133
7290016866667,false,"פרודונטקס - משחת שיניים ללא פלאוריד 75 מ""ל",פרודונטקס Parodontax,SK,משחת שיניים פרדונטקס,מיליליטרים,75.00,"100 מ""ל",false,,30.90,0.4120,true,1,203267
7290016866674,false,"פרודונטקס - משחת שיניים מלבינה 75 מ""ל",פרודונטקס Parodontax,SK,משחת שיניים פרודונטק,מיליליטרים,75.00,"100 מ""ל",false,,30.90,0.4120,true,1,203134
7290016866704,false,"סטייל שמפו לאחר החלקה מועשר בויטמין אי, 750 מ""ל",סטייל Style,IL,סטייל שמפו קרטין E,מיליליטרים,750.00,"100 מ""ל",false,,26.90,0.0359,true,1,199920
7290016866711,false,"סטייל מרכך לשיער קרטין פלוס לאחר החלקה, 750 מ""ל",סטייל Style,IL,סטייל מרכך קרטין E,מיליליטרים,750.00,"100 מ""ל",false,,26.90,0.0359,true,1,199921
7290016866728,false,סטייל מסכה קרטין E 500 מל לשיקום שיער יב,סטייל Style,IL,סטייל מסכה קרטין E,מיליליטרים,500.00,"100 מ""ל",false,,39.90,0.0798,true,1,199922
7290016866735,false,סטייל קרם לחות קרטין E 400 מל לשיקום שיע,א.ל. ארמן,IL,סטייל קרם לחות קרטין,מיליליטרים,400.00,"100 מ""ל",false,,39.90,0.0997,true,1,199923
7290016866902,false,זוג סבון ידיים סטייל 1 לי,,,סבון ידיים זוג משאבה,ליטרים,1.00,ליטר,false,,9.90,9.9000,true,1,259727
7290016883176,false,"מוזלי פתיתי שיבולת שועל עם שוקולד מריר ושבבי קוקוס 1 ק""ג","דין שיווק וקלייה בע""",MK,מוזלי עם שוקולד מריר,קילוגרמים,1.00,"ק""ג",false,,19.90,19.9000,true,1,200818
7290016912609,false,"סרקל מסיכת הזנה לשיער ילדים 200 מ""ל","ד""ר פישר Dr fischer",IL,סרקל מסכת הזנה לשיער,מיליליטרים,200.00,"100 מ""ל",false,,26.90,0.1345,true,1,199308
7290016967074,false,לחם חיטה מלאה עם גרעינים ודגנים,מאפיית שלמה א. אנג'ל,IL,לחם אנג'ל חיטה מלאה,מיליליטרים,750.00,"100 מ""ל",false,,14.90,0.0199,true,1,195714
7290016967456,false,לחם צרפתי מחמצת 100% כוסמין 600 ג' אנג'ל,מאפיית שלמה א.אנג'ל,IL,לחם מחמצת כוסמין אנג,גרמים,600.00,100 גרם,false,,15.90,0.0265,true,1,198560
7290016988017,false,קרקר כוסמין מלא עם ק,,,קרקר כוסמין מלא עם ק,גרמים,150.00,100 גרם,false,,23.90,0.1593,true,1,197955
7290016988024,false,קרקר כוסמין מלא עם ק,,,קרקר כוסמין מלא עם ק,גרמים,150.00,100 גרם,false,,23.90,0.1593,true,1,198294
7290016988048,false,קרקר עירית,,,קרקר עירית,גרמים,150.00,100 גרם,false,,23.90,0.1593,true,1,198658
7290016988062,false,קרקר ללא קמח חיטה,,,קרקר ללא קמח חיטה,גרמים,150.00,100 גרם,false,,26.90,0.1793,true,1,197956
7290016988079,false,קרקר טף ושיבולת שועל,,,קרקר טף ושיבולת שועל,גרמים,150.00,100 גרם,false,,26.90,0.1793,true,1,197957
7290016988109,false,קרקר כורכום,,,קרקר כורכום,גרמים,150.00,100 גרם,false,,26.90,0.1793,true,1,195667
7290016988116,false,קרקר עדשים כתומות 15,,,קרקר עדשים כתומות 15,גרמים,150.00,100 גרם,false,,26.90,0.1793,true,1,208147
7290016988635,false,קרקר כוסמת ירוקה וטף,,,קרקר כוסמת ירוקה וטף,גרמים,150.00,100 גרם,false,,26.90,0.1793,true,1,260501
7290016995251,false,מלחיה הימליה דק תבוא,תבואות,PK,מלחייה הימליה דק 250,גרמים,250.00,100 גרם,false,,10.90,0.0436,true,1,212821
7290016995480,false,ניוקי כוסמין מלא אורגני 500 גרם,תבואות,IL,פסטה ניוקי מקמח כוסמ,גרמים,500.00,100 גרם,false,,18.90,0.0378,true,1,216551
7290016995695,false,ציה לבנה אורגנית 300 גרם,תבואות,AR,זרעי צ'יה לבנה אורגנ,גרמים,300.00,100 גרם,false,,17.90,0.0597,true,1,206607
7290016995701,false,מחית בננה תפוח אורגני 100 גרם,תבואות,,מחית בננה תפוח אורגנ,גרמים,100.00,100 גרם,false,,4.90,0.0490,true,1,210457
7290016995985,false,אבקת פסיליום אורגני 300 גרם,תבואות,,אבקת פסיליום אורגני,גרמים,300.00,100 גרם,false,,32.90,0.1097,true,1,216546
7290017000909,false,"יין קסטל פטיט 2020 750 מ""ל",יקב קסטל,,פטיט קסטל 2020,מיליליטרים,750.00,"100 מ""ל",false,,130.00,0.1733,true,1,261693
7290017008721,false,צלעות צרכני מס' 2,,,צלעות צרכני מס' 2,קילוגרמים,1.00,"ק""ג",true,,42.90,42.9000,false,1,216847
7290017023212,false,"שוויפס מוגז פירות תפוח מארז רביעייה* 330 מ""ל",יפאורה תבורי,IL,רביעיית פחיות שוופס,מיליליטרים,1320.00,"100 מ""ל",false,,12.50,0.0095,true,1,201672
7290017023229,false,רביעיית פחיות שוופס מוגז פירות תות ליים 330 מל.,יפאורה תבורי,IL,רביעיית פחיות שוופס,מיליליטרים,1320.00,"100 מ""ל",false,,12.50,0.0095,true,1,201673
7290017023236,false,רביעיית פחיות שוופס מוגז פירות ענבים 330 מל.,יפאורה תבורי,IL,רביעיית פחיות שוופס,מיליליטרים,1320.00,"100 מ""ל",false,,12.50,0.0095,true,1,201674
7290017023663,false,"שוופס מיץ פירות לימונייד פחית מארז 330X4מ""ל",יפאורה תבורי,IL,רביעיית פחיות שוופס,מיליליטרים,1320.00,"100 מ""ל",false,,12.50,0.0095,true,1,203233
7290017023816,false,"ספרינג  פירות טרופיים 250 מ""ל רביעייה",יפאורה תבורי,IL,רביעיית ספרינג 250 מ,ליטרים,1.00,ליטר,false,,12.00,12.0000,false,1,207020
7290017023823,false,"רביעיית ספרינג תות בננה 250 מ""ל",יפאורה תבורי,IL,רביעיית ספרינג 250 מ,ליטרים,1.00,ליטר,false,,12.00,12.0000,false,1,207021
7290017023854,false,מי סודה בקבוקים אישיים - מארז 4 יח',יפאורה תבורי בעמ,IL,"שוופס סודה 250 מ""ל ר",ליטרים,1.00,ליטר,false,,10.90,10.9000,true,1,205427
7290017023861,false,סודה בטעם לימון בקבוקים אישיים - מארז 4 יח',יפאורה תבורי בעמ,IL,שוופס סודה לימון 250,ליטרים,1.00,ליטר,false,,10.90,10.9000,true,1,205428
7290017023878,false,סודה בטעם נענע ליים בקבוקים אישיים - מארז 4 יח',יפאורה תבורי בעמ,IL,שוופס סודה נענע ליים,ליטרים,1.00,ליטר,false,,10.90,10.9000,true,1,205429
7290017031194,false,פתיתים על בסיס קמח אפונה בצורת פנה ללא גלוטן 250 ג',"אנדיריאני בע""מ",IT,פתיתים על בסיס קמח א,גרמים,250.00,100 גרם,false,,11.90,0.0476,true,1,206373
7290017031323,false,"אטריות ביצים פפרדלה 400 מ""ל",פ.פ.ה טאביט,,אטריות ביצים פפרדלה,גרמים,400.00,100 גרם,false,,14.90,0.0373,true,1,207999
7290017031477,false,"סנסודיין משחת שיניים רפיד רליף להלבנה 75 מ""ל","סמיתקליין ביצ'ם בע""מ",GB,משחת שיניים סנסודיין,מיליליטרים,75.00,"100 מ""ל",false,,25.90,0.3453,true,1,207418
7290017031705,false,"סנסודיין - משחת שיניים קלין&פרש 75 מ""ל",גלקסוס סמית קליין,SK,משחת שיניים סנסודיין,מיליליטרים,75.00,"100 מ""ל",false,,21.90,0.2920,true,1,205319
7290017031859,false,"פרודונטקס - משחת שיניים אולטרא קלין 75 מ""ל",סמיתקליין ביצ'ם בעמ,SK,משחת שיניים פרדונטקס,מיליליטרים,75.00,"100 מ""ל",false,,30.90,0.4120,true,1,205438
7290017065007,false,פרוסות גבינה מוצרלה חצי קשה 22% שומן 200 ג' גד,מחלבות גד בעמ,IL,מוצרלה פרוסה גד,גרמים,200.00,100 גרם,false,,17.50,0.0875,true,1,196661
7290017065137,false,ריקוטה למריחה 5% טבעית 200 גרם - רובין,האי נאם סי או אל.טי.,IL,ריקוטה למריחה 5% עם,גרמים,200.00,100 גרם,false,,9.70,0.0485,true,1,200556
7290017065144,false,גבינת ריקוטה למריחה 5% בזיליקום 200ג' גד,האי נאם סי או אל.טי.,IL,ריקוטה למריחה 5% עם,גרמים,200.00,100 גרם,false,,9.70,0.0485,true,1,200563
7290017065175,false,גבינה חצי קשה במעטפת סידן 36% שומן,הנסיך- מפעל לייצור ט,ES,גבינת מנצג'ו פרוסה ג,גרמים,150.00,100 גרם,false,,20.50,0.1367,true,1,201865
7290017065212,false,גבינת קרם מסקרפונה מחלבות גד 250 גר,מיוצר עי קוד יצרן ED,IL,קרם מסקרפונה גד,גרמים,250.00,100 גרם,false,,19.10,0.0764,false,1,201869
7290017065236,false,גבינה בולגרית מעודנת 24% גד 250 גרם,הנסיך- מפעל לייצור ט,IL,בולגרית מעודנת 24% ג,גרמים,250.00,100 גרם,false,,23.20,0.0928,true,1,201870
7290017065311,false,פרוסות גבינה מוצרלה מעושנת 200 ג',מחלבות גד בעמ,IL,פרוסות מוצרלה מעושנת,גרמים,200.00,100 גרם,false,,18.50,0.0925,true,1,201868
7290017065380,false,"גרנה פדנו שבבים ""גד"" 100 גרם",מחלבות גד,IT,גבינת גרנה פדנו שבבי,גרמים,100.00,100 גרם,false,,13.90,0.1390,true,1,206261
7290017065434,false,פרוסות גבינה גאודה הולנדית חצי קשה 200 גרם בית יוסף,מחלבות גד בעמ,NL,פרוסות גאודה בקר גד,גרמים,200.00,100 גרם,false,,21.00,0.1050,true,1,206588
7290017065441,false,פרוסות גבינת גאודה עיזים 30%,מחלבות גד,NL,פרוסות גאודה עיזים ג,גרמים,200.00,100 גרם,false,,31.90,0.1595,true,1,206589
7290017065526,false,קוואטרו פורמאג'י 4 גבינות מגוררות 26%,מחלבות גד בעמ,IL,קוואטרו פורמאג'י,גרמים,300.00,100 גרם,false,,27.90,0.0930,true,1,206595
7290017065588,false,יוגורט יווני 10% שומן 600 ג' גד,"מיוצר ע""י קוד יצרן M",IL,יוגורט יווני,גרמים,600.00,100 גרם,false,,16.50,0.0275,true,1,211762
7290017065618,false,גבינת פקורינו פרוס גד 150 ג',הנסיך- מפעל לייצור ט,ES,פקורינו פרוס,גרמים,150.00,100 גרם,false,,21.00,0.1400,true,1,211763
7290017065663,false,גבינת פטה עיזים מעודנת 16% גד 200 גרם,ג'נרל מילס סאן אדריא,IL,פטה עיזים מעודנת 16%,גרמים,250.00,100 גרם,false,,29.90,0.1196,true,1,214590
7290017065731,false,גבינת שמנת 30% ניו יורק +כמהין 200 גרם רבנות,פ.פ.ח. שאביט,IL,גבינת שמנת ניו יורק,גרמים,200.00,100 גרם,false,,13.20,0.0660,true,1,217780
7290017065786,false,"גבינת צ`דר מחלבות גד , 210 גרם",מחלבות גד,IL,גבינת צ'דר מחלבת גד,גרמים,210.00,100 גרם,false,,19.90,0.0948,true,1,260356
7290017065861,false,רוטב פקורינו ופלפל שחור קאצ'יו אה פפה 200 ג' גד,מחלבות גד,IL,רוטב קאצי'ו אה פפה,גרמים,200.00,100 גרם,false,,14.90,0.0745,true,1,262186
7290017065878,false,מק אנד צ'יז רוטב לפסטה 200 גרם גד,מחלבות גד,IL,רוטב מק אנד צ'יז גד,גרמים,200.00,100 גרם,false,,14.90,0.0745,true,1,262188
7290017086088,false,כדורי שעועית קציצות טבעוני 400 גרם,,IL,כדורי שעועית אדומה ב,גרמים,400.00,100 גרם,false,,22.90,0.0572,true,1,216945
7290017088051,false,בייביסיטר - חיתולי סטנדרט מידה 3 - 52 יח',בייביסיטר Babysitter,IL,בייביסיטר מידה 3,יחידה,0.00,יחידה,false,,29.90,0.0000,false,1,205621
7290017088068,false,בייביסיטר - חיתולי סטנדרט מידה 4 - 42 יח',בייביסיטר Babysitter,IL,בייביסיטר סטנדרט מיד,יחידה,0.00,יחידה,false,,29.90,0.0000,false,1,204042
7290017088075,false,בייביסיטר - חיתולי סטנדרט מידה 4+ - 40 יח',בייביסיטר Babysitter,IL,בייבי סיטר 4+,יחידה,0.00,יחידה,false,,29.90,0.0000,false,1,205073
7290017088082,false,בייביסיטר - חיתולי סטנדרט מידה 5 - 36 יח',בייביסיטר Babysitter,IL,בייביסיטר סטנדרט מיד,יחידה,0.00,יחידה,false,,29.90,0.0000,false,1,204043
7290017088099,false,בייביסיטר - חיתולי סטנדרט מידה 6 - 30 יח',בייביסיטר Babysitter,IL,בייביסיטר סטנדרט מיד,יחידה,0.00,יחידה,false,,29.90,0.0000,false,1,204044
7290017088327,false,מגבונים אקסטרא סופט 64יח ללא בישום רביעי,ניאופארם,IL,מגבון בייביסיטר ללא,יחידה,0.00,יחידה,false,,14.90,0.0000,true,1,213861
7290017105048,false,שלישייה שימורי טבעות זיתים יכין 200 גר,יכין,IL,זיתים ירוקים טבעות י,גרמים,225.00,100 גרם,false,,12.90,0.0573,true,1,212856
7290017105062,false,גרגירי חומוס שלם יכין הקטניה הטובה 200 ג,היינץ צפון אמריקה מק,IL,חומוס OZ6 יכין,גרמים,105.00,100 גרם,false,,3.90,0.0371,true,1,202912
7290017105079,false,שעועית לבנה ברוטב עגבניות יכין הקטניה הט,היינץ צפון אמריקה מק,IL,שעועית לבנה ברוטב עג,גרמים,128.00,100 גרם,false,,3.90,0.0305,true,1,202657
7290017105123,false,שימורי פול יכין הקטניה הטובה 200 גר,היינץ צפון אמריקה מק,IL,פול מצרי יכין,יחידה,0.00,יחידה,false,,3.90,0.0000,true,1,204278
7290017105369,false,סירופ דיאט בטעם תה אפרסק יכין 1ליטר,זנלכל,IL,סירופ תה אפרסק דיאט,ליטרים,1.00,ליטר,false,,16.90,16.9000,true,1,207274
7290017105468,false,מארז שלישייה אפונה קטנה יכין 3*200 גר,קשקמט קונסרב הונגריה,IL,שלישיית אפונה יכין,גרמים,600.00,100 גרם,false,,13.90,0.0232,true,1,210453
7290017105550,false,רביעיית רסק עגבניות 100% יכין 4X100 גרם,היינץ צפון אמריקה מק,IL,רסק עגבניות 100 גר',גרמים,400.00,100 גרם,false,,11.90,0.0298,true,1,209663
7290017105895,false,גרגרי חומוס להכנת חומוס משובח יכין 560 ג,זנלכל,IL,גרגירי חומוס להכנת ח,גרמים,560.00,100 גרם,false,,8.90,0.0159,true,1,214023
7290017106069,false,"קוביות סלק יכין, 550 גרם",היינץ צפון אמריקה מק,IL,קוביות סלק יכין,גרמים,290.00,100 גרם,false,,8.90,0.0307,true,1,206440
7290017121048,false,"פלפל צ'ומה 250 גרם ""עללחם""",מדשא תעשיות מזון בעמ,IL,פלפל צ'ומה על הלחם,גרמים,250.00,100 גרם,false,,13.90,0.0556,true,1,206962
7290017121086,false,"אריסה ביתית מתוקה עללחם, 250 גרם",מדשא תעשיות מזון בעמ,IL,אריסה ביתית מתוקה 25,גרמים,250.00,100 גרם,false,,13.90,0.0556,true,1,261084
7290017121093,false,"אריסה חריפה 250 גרם ""עללחם""",מדשא תעשיות מזון בעמ,IL,אריסה חריפה על הלחם,גרמים,250.00,100 גרם,false,,13.90,0.0556,true,1,206963
7290017129532,false,לקקן תות10 יח' 90 גר' כרמית!,שוגבי,,לקקן תות 90 גרם כרמי,יחידה,0.00,יחידה,false,,4.90,0.0000,true,1,204392
7290017129549,false,לקקן גלידה 10 יח' 90 גר' כרמית!,,,לקקן גלידה 90 גרם כר,יחידה,0.00,יחידה,false,,4.90,0.0000,true,1,204393
7290017129617,false,לקקן קולה לימונדה 50 יח' כרמית!,שוגבי,,לקקן קולה לימונה 50,יחידה,0.00,יחידה,false,,14.90,0.0000,true,1,203362
7290017129624,false,כרמית לקקן ענבים תפוח 450 גרם,שוגבי,,לקקן ענבים תפוח 50 י,יחידה,0.00,יחידה,false,,14.90,0.0000,true,1,203363
7290017129754,false,"שוקולד מריר מעולה 70% מוצקי קקאו 100 גר בד""ץ",כרמית תעשיות ממתקים,IL,שוקולד פרימיום 70% כ,גרמים,100.00,100 גרם,false,,7.90,0.0790,true,1,203096
7290017129761,false,"שוקולד פרימיום 70% בטעם תפוז בד""ץ 100 גר'",כרמית תעשיות ממתקים,IL,שוקולד פרימיום 70% ב,גרמים,100.00,100 גרם,false,,7.90,0.0790,true,1,203097
7290017129778,false,"שוקולד פרימיום 70% בטעם קפה בד""ץ 100 גר'",כרמית תעשיות ממתקים,IL,שוקולד פרימיום 70% ב,גרמים,100.00,100 גרם,false,,7.90,0.0790,true,1,203098
7290017129839,false,"שוקולד פרימיום 70% בטעם פטל בד""ץ 100 גר'.",כרמית תעשיות ממתקים,IL,שוקולד פרימיום 70% ב,גרמים,100.00,100 גרם,false,,7.90,0.0790,true,1,203099
7290017129877,false,מיקס לקקנים שטוחים פירות 40*7.5 גר' * 24 בקר',דורקן סקרלמה סאן. וי,TR,מיקס לקקנים שטוחים כ,גרמים,300.00,100 גרם,false,,9.90,0.0330,true,1,203652
7290017129884,false,חמישיות שוקולד מריר 44% 85 גר*5*12 בקרטון,כרמית,IL,חמישיות שוקולד מריר,גרמים,425.00,100 גרם,false,,15.90,0.0374,true,1,203396
7290017129983,false,אגו שוקו צ'יפס לבן 250גרם 16Xשקיות,"כד בני דרום בע""מ",IL,שוקו ציפס לבן פרווה,גרמים,250.00,100 גרם,false,,11.90,0.0476,true,1,204741
7290017142005,false,"שמן קוקוס אורגני כתית 320 מ""ל עץ הזית",אקספלונקה,LK,שמן קוקוס אורגני 320,מיליליטרים,320.00,"100 מ""ל",false,,25.90,0.0809,true,1,197828
7290017142012,false,שמן קוקוס אורגני כתית 500 מל עץ הזית,עץ הזית,,שמן קוקוס אורגני 500,מיליליטרים,500.00,"100 מ""ל",false,,36.90,0.0738,true,1,197829
7290017142111,false,פתיתי טונה בשמן זית טו גו עץ הזית 85 גרם,"יוניקורד ח.צ בע""מ",TH,פתיתי טונה בהירה בשמ,גרמים,85.00,100 גרם,false,,9.90,0.1165,false,1,202490
7290017142128,false,"שמן זית כתית מעולה קלאסי עץ הזית 750 מ""ל",שמן תעשיות,IL,"שמן זית 750 מ""ל קלאס",מיליליטרים,750.00,"100 מ""ל",false,,29.90,0.0399,false,1,201428
7290017142159,false,מארז נתחי טונה בהירה בשמן זית 3*80 ג' עץ הזית,הנסיך- מפעל לייצור ט,TH,נתחי טונה בהירה בשמן,גרמים,168.00,100 גרם,false,,22.90,0.1363,false,1,202491
7290017142166,false,פילה טונה פרוס עם שמן זית עץ הזית 120 גר,"יוניקורד ח.צ בע""מ",TH,פילה טונה פרוס עם שמ,גרמים,120.00,100 גרם,false,,14.90,0.1242,true,1,206830
7290017142180,false,פילה טונה בשמן זית בטעם לימון עם פלפל שחור 120 ג',"יוניקורד ח.צ בע""מ",TH,פילה טונה פרוס עם שמ,גרמים,120.00,100 גרם,false,,14.90,0.1242,true,1,206831
7290017142203,false,פילה טונה בשמן זית בטעם מעושן עץ המוצר 120 ג',"יוניקורד ח.צ בע""מ",TH,פילה טונה פרוס עם שמ,גרמים,120.00,100 גרם,false,,14.90,0.1242,true,1,206832
7290017142234,false,"פתיתי טונה בהירה בשמן זית מעושן ""עץ הזית""","יוניקורד ח.צ בע""מ",TH,טונה TO GO מעושן 85,גרמים,85.00,100 גרם,false,,9.90,0.1165,false,1,208789
7290017142289,false,"תרסיס שמן חמניות לל""ת גז עץ הזית 200מ""ל",שמן תעשיות,IL,תרסיס שמן חמניות מזו,מיליליטרים,200.00,"100 מ""ל",false,,14.90,0.0745,false,1,205876
7290017142340,false,שמן זרעי ענבים מזוכך 1 לי עץ הזית,עץ השדה,TH,שמן זרעי ענבים מזוכך,ליטרים,1.00,ליטר,false,,24.90,24.9000,true,1,210371
7290017142388,false,שמן חמניות אומגה 3 פלוס 1 ליטר עץ הזית,שמן תעשיות,IL,שמן חמניות פלוס אומג,ליטרים,1.00,ליטר,false,,14.90,14.9000,false,1,208235
7290017142395,false,עץ הזית ארוחה טונה עם פסטה בשמן זית,עץ הזית,TH,LUNCH TO GO פסטה עם,גרמים,160.00,100 גרם,false,,13.90,0.0869,true,1,210795
7290017142401,false,עץ הזית ארוחה טונה עם קינואה לבנה ואדומה טו גו,ג'נרל מילס סאן אדריא,TH,טונה עם קינואה לבנה,גרמים,160.00,100 גרם,false,,13.90,0.0869,true,1,214813
7290017142418,false,טונה עם אורז ועדשים בשמן זית 160 גר,יוניקורד ח.צ בעמ,TH,אורז עם עדשים וטונה,גרמים,160.00,100 גרם,false,,13.90,0.0869,true,1,210796
7290017142456,false,מארז נתחי טונה בהירה בשמן זית 2 * 160 ג' עץ הזית,עץ הזית,TH,נתחי טונה בהירה בשמן,גרמים,224.00,100 גרם,false,,19.90,0.0888,true,1,210951
7290017142487,false,"טונה עם בורגול וגרגירי חומוס to go ""עץ הזית""",עץ הזית,TH,טונה בורגול וחומוס ע,גרמים,160.00,100 גרם,false,,13.90,0.0869,true,1,218061
7290017189192,false,"אדממה פולי סויה 1 ק""ג",משק ויילר,CN,אדממה פולי סויה 1 קג,קילוגרמים,1.00,"ק""ג",false,,14.90,14.9000,true,1,212887
7290017189246,false,מיני פנקייק הולנדי א,,ES,מיני פנקייק 500 גר,גרמים,500.00,100 גרם,false,,22.90,0.0458,true,1,206953
7290017189413,false,טבעות בצל שלמות בציפוי טמפורה,משק ויילר,ES,טבעות בצל 600 גר קפו,גרמים,600.00,100 גרם,false,,14.90,0.0248,true,1,217248
7290017232218,false,לחם קלאסי מופחת פחמימות איטסיין 430 גרם,,,לחם מופחת פחמימות,גרמים,430.00,100 גרם,false,,24.90,0.0579,true,1,259310
7290017232225,false,לחם גלילי מופחת פחמימות איטסיין 450 גרם,,,לחם איטסיין גלילי,גרמים,450.00,100 גרם,false,,24.90,0.0553,true,1,262306
7290017247007,false,מלפפון בייבי,חקלאי,IL,מלפפון בייבי,יחידה,0.00,יחידה,false,,8.90,0.0000,true,1,197854
7290017247014,false,פלפלונים,חקלאי,IL,פלפלונים,יחידה,0.00,יחידה,false,,8.90,0.0000,true,1,197855
7290017266046,false,וופל חטיף קראנצ' שוקולד בשקית 30 יח',"גילרו בע""מ",IL,ופל קראנצ' 30 יח עלמ,גרמים,600.00,100 גרם,false,,14.50,0.0242,true,1,201089
7290017266053,false,"וופל עלמה לל""ס במילוי קרם טעם לימון 175 גר",גילרו,IL,וופל לימון בלגי ללא,גרמים,200.00,100 גרם,false,,6.70,0.0335,true,1,200732
7290017266060,false,וופל קראנצ`מילוי קרם בטעם שוקולד 175 גר,גילרו,,וופל שוקולד בלגי ללא,גרמים,175.00,100 גרם,false,,6.70,0.0383,true,1,201171
7290017266312,false,וופל מילוי קרם בטעם שוקולד 150 גרם,גילרו,,וופל עלמה במילוי קרם,גרמים,150.00,100 גרם,false,,2.90,0.0193,true,1,213222
7290017266725,false,מארז וופל במילוי קרם בטעם שוקולד 12 גרם*40 יח',"גילרו בע""מ",IL,מארז 40 יח' וופל קרא,גרמים,480.00,100 גרם,false,,14.50,0.0302,true,1,214609
7290017275086,false,עוגיות כתר בטעם תות ללא תוספת סוכר במגש 350 גר' אחווה,אחוה,,עוגיות אחוה בטעם תות,גרמים,350.00,100 גרם,false,,9.90,0.0283,true,1,215823
7290017275413,false,מיני קצפיות בטעם וניל אחוה 140 גרם,אחדות ביחר לטחינה חל,IL,מיני קצפיות וניל 140,יחידה,0.00,יחידה,false,,8.90,0.0000,true,1,261417
7290017275420,false,מיני קצפיות בטעם תות אחוה 140 גרם,אחדות ביחר לטחינה חל,IL,מיני קצפיות בטעם תות,גרמים,140.00,100 גרם,false,,9.90,0.0707,true,1,261369
7290017275444,false,מיני קצפיות בטעם ענבים אחוה 140 גרם,אחדות ביחר לטחינה חל,IL,מיני קצפיות ענבים 14,גרמים,140.00,100 גרם,false,,9.90,0.0707,true,1,262680
7290017275741,false,חלווה עם אגוזי לוז במגש 400 גר אחווה,אחוה,IL,חלוה עם אגוזי לוז אח,גרמים,400.00,100 גרם,false,,12.90,0.0323,true,1,264084
7290017296159,false,גרנולה תפוח וקינמון 400 גרם,פנינה רוזנבלום,IL,גרנולה תפוח קינמון 4,גרמים,400.00,100 גרם,false,,28.90,0.0722,true,1,213196
7290017297149,false,גרגירי חומוס להכנת חומוס ביתי 550 גרם,"פרי הגליל בע""""מ",IL,גרגירי חומוס להכנת ח,גרמים,290.00,100 גרם,false,,6.50,0.0224,true,1,215566
7290017297187,false,לקט ירקות להקפצה 800 גרם פרי הגליל,ויטה פרי גליל,IL,לקט ירקות להקפצה 800,גרמים,800.00,100 גרם,false,,15.90,0.0199,true,1,215564
7290017297194,false,לקט לקט ירקות לתנור פרי הגליל 800 ג',ויטה פרי גליל,IL,לקט ירקות לתנור 800,גרמים,800.00,100 גרם,false,,15.90,0.0199,true,1,215565
7290017297200,false,לקט ירקות לצד העוף פרי הגליל 800 ג',ויטה פרי גליל,IL,לקט כפרי תוספת לעוף,גרמים,800.00,100 גרם,false,,15.90,0.0199,true,1,215755
7290017297217,false,עדשים ירוקות מושרות מבושלות ומקפאות פרי הגליל 800 ג',פרי הגליל,,עדשים ירוקות מושרות,גרמים,800.00,100 גרם,false,,12.90,0.0161,true,1,216378
7290017297224,false,"שעועית אדומה מושרית, מבושלת ומוקפאת",פרי הגליל,,שעועית אדומה מבושלת,גרמים,800.00,100 גרם,false,,11.50,0.0144,true,1,216130
7290017297323,false,רוטב עגבניות מרוכז 100 גר' 22 BX טל וטרי,"מילוז(1989)בע""""מ",IL,רוטב עגבניות מרוכז 1,גרמים,100.00,100 גרם,false,,1.70,0.0170,false,1,220002
7290017297330,false,"טל רוטב עגבניות מרוכז, 240 גרם",טל וטרי,IL,רוטב עגבניות 240 גר',גרמים,240.00,100 גרם,false,,3.20,0.0133,false,1,264258
7290017297620,false,רסק עגבניות 570 גרם-טל A2 B*28,"מילוז(1989)בע""""מ",,רוטב עגבניות מרוכז ט,גרמים,570.00,100 גרם,false,,5.50,0.0096,true,1,260617
7290017297637,false,רכז עגבניות A2 BX28 טל וטרי 580 גר',"מילוז(1989)בע""""מ",,רוטב עגבניות A2 טל ו,גרמים,580.00,100 גרם,false,,6.50,0.0112,true,1,260468
7290017297644,false,ברוקולי קפוא גרין אנד פרש 800 גר',גרין אנד פרש Green & Fresh,IL,ברוקולי green & fres,גרמים,800.00,100 גרם,false,,14.90,0.0186,true,1,260469
7290017297743,false,צ'יפס אמריקאי 800 ג' פרי הגליל,"פרי הגליל בע""""מ",,צ'יפס אמריקאי 800 גר,גרמים,800.00,100 גרם,false,,9.90,0.0124,true,1,260973
7290017304885,false,לחם שיפון מחיטה מלאה ללא תוספת סוכר 750 ג' אנג'ל,מאפית אנגל,IL,לחם אנג'ל שיפון וחיט,גרמים,750.00,100 גרם,false,,12.90,0.0172,true,1,207998
7290017313009,false,פיתות אופרה עשירייה,,,פיתות אופרה עשירייה,יחידה,0.00,יחידה,false,,14.90,0.0000,true,1,198869
7290017313030,false,פיתות חיטה מלאה חמיש,,,פיתות חיטה מלאה חמיש,יחידה,0.00,יחידה,false,,11.90,0.0000,true,1,216021
7290017325361,false,מיקס בורגול וקינואה,לה בונטה,IL,מיקס בורגול וקינואה,גרמים,250.00,100 גרם,false,,12.90,0.0516,true,1,212092
7290017325385,false,100% חמאה אורגנית 200 גרם - אדמה,,NL,חמאה אורגנית 200 גר',גרמים,200.00,100 גרם,false,,14.90,0.0745,true,1,218538
7290017325453,false,משקה שקדים אורגני 1 ליטר הרדוף – ללא תוספת סוכר ללא גלוטן,ליקואטס,ES,משקה שקדים אורגני 1,ליטרים,1.00,ליטר,false,,14.50,14.5000,true,1,211669
7290017325477,false,רסק עגבניות 100 גר אורגני - הרדוף,פריניר (הדס 1987) בע,IL,רסק עגבניות אורגני 1,גרמים,100.00,100 גרם,false,,3.40,0.0340,true,1,216460
7290017325613,false,משקה שיבולת שועל אורגני 1 ליטר הרדוף,סוי מג'יק,ES,משקה שיבולת שועל אור,ליטרים,1.00,ליטר,false,,11.90,11.9000,true,1,213516
7290017325620,false,משקה אורז בתוספת שקדים אורגנים 1 ליטר הר,ליקואטס,ES,משקה אורז ושקדים אור,ליטרים,1.00,ליטר,false,,11.90,11.9000,true,1,213517
7290017325804,false,קוואקר עדין אורגני 500 גרם הרדוף ללא גלוטן,אול אורגני,IL,קוואקר עדין אורגני 5,גרמים,500.00,100 גרם,false,,15.90,0.0318,true,1,262954
7290017325859,false,"דפי אורז מלא לל""ג אורגני הרדוף 200 גרם","בטר אנד דיפרנט בע""מ",VN,דפי אורז מלא אורגני,גרמים,200.00,100 גרם,false,,16.90,0.0845,true,1,262328
7290017325897,false,"משקה סויה במתיקות מעודנת לל""ג אורגני 1 ל",ליקואטס,ES,משקה סויה במתיקות מע,ליטרים,1.00,ליטר,false,,10.90,10.9000,true,1,262516
7290017325934,false,טחינה מלאה אורגני 450 גרם,הרדוף,IL,טחינה מלאה אורגנית ה,גרמים,450.00,100 גרם,false,,16.90,0.0376,true,1,261862
7290017440248,false,סרקל מרכך לילדים לשיער מתולתל 1 ליטר,"ד""ר פישר Dr fischer",IL,סרקל מרכך מתולתל 1 ל,ליטרים,1.00,ליטר,false,,27.90,27.9000,true,1,204403
7290017440286,false,"ד""ר פישר - קידס מרכך ויטמינים 750 מ""ל","ד""ר פישר Dr fischer",IL,"מרכך קידס 750 מ""ל",מיליליטרים,750.00,"100 מ""ל",false,,15.90,0.0212,true,1,208007
7290017440309,false,"ד""ר פישר - קידס שמפו ויטמינים 750 מ""ל","ד""ר פישר Dr fischer",IL,"שמפו קידס 750 מ""ל",מיליליטרים,750.00,"100 מ""ל",false,,15.90,0.0212,true,1,208008
7290017440699,false,ד.פישר בלונד מרכך לשיער בהיר 400 מל,מדי פישר,IL,"מרכך בלונד 400 מ""ל ד",מיליליטרים,400.00,"100 מ""ל",false,,28.90,0.0722,true,1,210480
7290017440965,false,אל סבון היגייני לניקוי יסודי ולהזנת העור clean & nourish,"ד""ר פישר Dr fischer",IL,קמיל אל סבון נוזלי 1,ליטרים,1.00,ליטר,false,,15.90,15.9000,false,1,206767
7290017457574,false,כדוריות סבון נתלה לאסלה בניחוח פרחים - 3 יח',הנקל סוד,RS,סוד כדוריות לאסלה של,גרמים,150.00,100 גרם,false,,19.90,0.1327,true,1,209730
7290017457581,false,"סוד מרכך כביסה מרוכז קוקוס 900 מ""ל",הנקל סוד,IL,סוד מרכך מרוכז 900 מ,מיליליטרים,900.00,"100 מ""ל",false,,11.90,0.0132,true,1,208605
7290017457598,false,"מרכך כביסה סוד מרוכז סאמר בלוסום 900 מ""ל",הנקל סוד,IL,סוד מרכך כביסה 900 מ,מיליליטרים,900.00,"100 מ""ל",false,,11.90,0.0132,true,1,208606
7290017457611,false,גל כביסה סוד טוטאל ירוק 2.5 ליטר,הנקל סוד,IL,סוד ג'ל ירוק 2.5 ליט,ליטרים,2.50,ליטר,false,,23.90,9.5600,true,1,213214
7290017457628,false,גל כביסה סוד טוטאל כחול 2.5 ליטר,הנקל סוד,IL,סוד ג'ל כחול 2.5 ליט,ליטרים,2.50,ליטר,false,,23.90,9.5600,true,1,213215
7290017457727,false,"סוד - מרכך כביסה מרוכז פרש סקיי 900 מ""ל",הנקל סוד,IL,סוד מרכך מרוכז כחול,מיליליטרים,900.00,"100 מ""ל",false,,11.90,0.0132,true,1,207257
7290017457734,false,"סוד - מרכך כביסה מרוכז ווילד רוז 900 מ""ל",הנקל סוד,IL,סוד מרכך מרוכז ורוד,מיליליטרים,900.00,"100 מ""ל",false,,11.90,0.0132,true,1,207258
7290017457871,false,סוד ג'ל כביסה ירוק טוטאל 4 ליטר,הנקל סוד,IL,סוד ג'ל לכביסה ירוק,ליטרים,4.00,ליטר,false,,32.90,8.2250,true,1,213340
7290017457888,false,סוד ג'ל כביסה כחול טוטאל 4 ליטר,הנקל סוד,IL,סוד ג'ל לכביסה כחול,ליטרים,4.00,ליטר,false,,32.90,8.2250,true,1,213341
7290017457932,false,סוד מרכך כביסה מרוכז פרש קונטרול כחול,הנקל סוד,IL,סוד מרכך מרוכז 900 מ,מיליליטרים,900.00,"100 מ""ל",false,,11.90,0.0132,true,1,216381
7290017471341,false,אלכוהול 70%,,,אלכוהול 70%,מיליליטרים,200.00,"100 מ""ל",false,,16.90,0.0845,true,1,218071
7290017477299,false,תערובת געלה שקדיה 20,דין שיווק,IL,ג'עלה 200 גרם,גרמים,200.00,100 גרם,false,,8.90,0.0445,true,1,203360
7290017477305,false,זרעי ציה 250 גר שקדי,דין שיווק,IL,זרעי צ'יה 250 גרם שק,גרמים,250.00,100 גרם,false,,8.90,0.0356,true,1,203358
7290017477350,false,תערובת לסלט ירוק 200 גרם,דין שיווק,IL,תערובת לסלט ירוק 200,גרמים,200.00,100 גרם,false,,8.90,0.0445,true,1,203361
7290017513393,false,תה ירוק ספירולינה וצמחים ירוקים 25 שקי,תה ויסוצקי,IL,תה ירוק סופר גרין 25,גרמים,37.50,100 גרם,false,,24.90,0.6640,false,1,209356
7290017513409,false,תה ירוק SUPER GREEN 87 גרםבטעם אוכמניות ואסאי,תה ויסוצקי,IL,תה ירוק סופר פרפל 25,גרמים,37.50,100 גרם,false,,24.90,0.6640,false,1,209357
7290017513485,false,מחית עגבניות רוסטיקה בלה איטליה 680 ג',היצרן: ס.פ. פודנצנו,IT,מחית עגבניות רוסטיקה,גרמים,680.00,100 גרם,false,,12.90,0.0190,true,1,209936
7290017513775,false,פליפז-בייגלה מצופה שוקולד חלב 140 גרם,שוורצקוף& הנקל דיסלד,TR,פליפז בייגלה מצופה ש,גרמים,140.00,100 גרם,false,,8.90,0.0636,true,1,210868
7290017513782,false,פליפז-בייגלה מצופה שוקולד מריר 140 גרם,שוורצקוף& הנקל דיסלד,TR,פליפז בייגלה מצופה ש,גרמים,140.00,100 גרם,false,,8.90,0.0636,true,1,210869
7290017513829,false,תה ירוק לימונית ג'ינג'ר 25 שקיקים בתוספת ויטמין Cּּ+D,ויסוצקי ירוק,IL,תה ירוק לימונית ג'ינ,גרמים,37.50,100 גרם,false,,24.90,0.6640,false,1,215057
7290017513850,false,תה ירוק נענע 25 שקיקים בתוספת ויטמינים Cּּ+D,ויסוצקי ירוק,IL,תה ירוק נענע בתוספת,גרמים,37.50,100 גרם,false,,24.90,0.6640,false,1,214788
7290017516424,false,שוקלד + פנגיאה שוקולד קוקוס ואגוזי לוז 300 גרם,ש.ר רגע בטבע,IL,שוקולד פנגיאה שוקולד,גרמים,300.00,100 גרם,false,,32.90,0.1097,true,1,216437
7290017516431,false,שוקולד+ פנגיאה שוקולד קוקוס שקדים וקפה 300 גרם,ש.ר רגע בטבע,IL,שוקולד פנגיאה שוקולד,גרמים,300.00,100 גרם,false,,32.90,0.1097,true,1,216438
7290017516448,false,שוקלד פנגיאה שוקולד קוקוס תמריםשקדים וחרוב 300 גרם,פנגיאה,IL,שוקולד פנגיאה שוקולד,גרמים,300.00,100 גרם,false,,32.90,0.1097,true,1,216439
7290017516561,false,שלשיית חטיפי חלבון פנגיאה אגוזי לוז 3*60 גרם,ש.ר רגע בטבע,IL,מארז שלישייה חטיפי ח,גרמים,180.00,100 גרם,false,,27.90,0.1550,true,1,219275
7290017516578,false,שלשיית חטיפי חלבון פנגיאה שוקלד 3*60 גרם,ש.ר רגע בטבע,IL,מארז שלישייה חטיפי ח,גרמים,180.00,100 גרם,false,,27.90,0.1550,true,1,219276
7290017521176,false,פח ראטן פדל 11 ליטר,,,פח ראטן פדל 11 ליטר,יחידה,0.00,יחידה,false,,49.90,0.0000,true,1,205757
7290017521558,false,מטאטא סיליקון,,,מטאטא סיליקון,יחידה,0.00,יחידה,false,,69.90,0.0000,true,1,212629
7290017529004,false,בירה שבט אייסמן 330,,,בירה שבט אייסמן 330,מיליליטרים,330.00,"100 מ""ל",false,,13.50,0.0409,true,1,213088
7290017529011,false,בירה שבט ווי לאדי 33,,,בירה שבט ווי לאדי 33,מיליליטרים,330.00,"100 מ""ל",false,,13.50,0.0409,true,1,213089
7290017529233,false,"בירה שבט 330 מ""ל HOP",,,"בירה שבט 330 מ""ל HOP",מיליליטרים,330.00,"100 מ""ל",false,,13.50,0.0409,true,1,262677
7290017529240,false,"בירה שבט 330 מ""ל RED",,,"בירה שבט 330 מ""ל RED",מיליליטרים,330.00,"100 מ""ל",false,,13.50,0.0409,true,1,262745
7290017529301,false,"בירה שבט 330 מ""ל",,,"בירה שבט 330 מ""ל",מיליליטרים,330.00,"100 מ""ל",false,,13.50,0.0409,true,1,262675
7290017589565,false,"ברקן, גוורצטרמינר לבן חצי יבש 750 מל",יקבי ברקן שיווק והפצ,IL,יין קלאסיק גוורצטרמי,מיליליטרים,750.00,"100 מ""ל",false,,24.90,0.0332,false,1,211504
7290017589633,false,"רזרב גולד אדישיין קברנה סוביניון 750 מ""ל",יקבי ברקן Barkan,IL,יין רזרב קברנה GOLD,מיליליטרים,750.00,"100 מ""ל",false,,34.90,0.0465,false,1,205872
7290017599229,false,ממתיק סוכרלוז 200 טבליות סוכרזית,"סוכרזית בע""מ",IL,סוכרזית סוכרלוז 200,גרמים,17.00,100 גרם,false,,22.90,1.3471,true,1,259858
7290017599236,false,סוכריות סטיוויה 200 טבליות,סנו מפעלי ברונוס.,IL,סוכרזית סטיוויה 200,גרמים,17.00,100 גרם,false,,24.90,1.4647,true,1,259859
7290017599267,false,סוכרלוז 120 שקיות ממתיק שולחני,סוכרזית Sucrazit,IL,סוכרזית סוכרלוז 120,גרמים,120.00,100 גרם,false,,26.90,0.2242,true,1,263429
7290017604282,false,"טחינה עכו 1 ק""ג",,,"טחינה עכו 1 ק""ג",גרמים,1000.00,100 גרם,false,,25.90,0.0259,true,1,261974
7290017615882,false,פילה טונה פרוס בוואק,,,פילה טונה פרוס בוואק,קילוגרמים,1.00,"ק""ג",true,,39.90,39.9000,true,1,209921
7290017617046,false,נתחי טונה בשמן זית כתית מעולה רביעיה * 140 ג',סטארקיסט,TR,רביעיה טונה סטאר קיס,גרמים,560.00,100 גרם,false,,26.90,0.0480,false,1,210634
7290017617084,false,סטארקיסט מיקס טוגו טונה עם שעועית 185 גרם,דרדנל אוננטאס גידה,TR,סטארקיסט מיקס טונה ט,גרמים,185.00,100 גרם,false,,12.50,0.0676,true,1,216711
7290017617107,false,סטארקיסט מיקס טוגו טונה עם 4 דגנים 185 גרם,"איטיליאן פוד, אס.פי.",TR,סטארקיסט מיקס טונה ע,גרמים,185.00,100 גרם,false,,12.50,0.0676,true,1,216839
7290017617138,false,טונה בשמן קנולה דל נתרן סטארקיסט 4*160 ג',"סטארקיסט פודור בע""מ",TH,טונה סטאר קיסט דל נת,גרמים,640.00,100 גרם,false,,24.90,0.0389,false,1,216708
7290017617268,false,טונה מעושנת בשמן סטארקיסט 120 גר',,,טונה סטאר קיסט מעושנ,גרמים,120.00,100 גרם,false,,15.90,0.1325,true,1,260482
7290017617411,false,מיקס סלמון עם אורז מלא וירקות 160 ג' סטארקיסט,גראאל אס איי,PL,סטארקיסט מיקס סלמון,גרמים,160.00,100 גרם,false,,13.90,0.0869,true,1,262273
7290017617435,false,מיקס סלמון עם עדשים קינואה וירק 160 ג' סטארקיסט,גראאל אס איי,PL,סטארקיסט מיקס סלמון,גרמים,160.00,100 גרם,false,,13.90,0.0869,true,1,262275
7290017641096,false,"שוקולד פרימיום 70% לל""ס 100גרם בדצ *12יח*2 בדיס",כרמית תעשיות ממתקים,IL,שוקולד פרימיום 70% ל,גרמים,100.00,100 גרם,false,,8.50,0.0850,true,1,205631
7290017641102,false,שוקולד פרימיום 70% ללא סוכר בטעם תפוז 100 גרם,כרמית תעשיות ממתקים,IL,שוקולד פרימיום 70% ל,גרמים,100.00,100 גרם,false,,8.50,0.0850,true,1,205632
7290017641119,false,שוקולד פרימיום 85% כשלפ בדצ 100גר,כרמית תעשיות ממתקים,IL,שוקולד מריר פרימיום,גרמים,100.00,100 גרם,false,,7.90,0.0790,true,1,205475
7290017641188,false,קרקר עם שיפון מלא וסלק 130 גר,דנוויטה ג'יי. אס. סי,LT,קרקר עם שיפון מלא וס,גרמים,130.00,100 גרם,false,,5.90,0.0454,true,1,206726
7290017641379,false,חמישיות שוקולד חלב בדצ 85 ג*5 בלמינט*12 בקרט בדצ,כרמית,IL,חמישית שוקולד חלב כר,גרמים,425.00,100 גרם,false,,15.90,0.0374,true,1,262312
7290017641690,false,אגו שלשות כשלפ בדצ חלב אגוזים 85ג*3יח*18בקר,,,אגו שלשות שוקולד חלב,גרמים,255.00,100 גרם,false,,10.90,0.0427,true,1,211356
7290017641720,false,שוקולד מריר שברי אגוז כשלפ בדצ 100 גר,כרמית תעשיות ממתקים,IL,שוקולד 70% שברי שקד,גרמים,100.00,100 גרם,false,,7.90,0.0790,true,1,211358
7290017641737,false,"שוקולד 70% שברי אגוז 100 גר' כשל""פ. בד""ץ",כרמית תעשיות ממתקים,IL,שוקולד 70% שברי אגוז,גרמים,100.00,100 גרם,false,,7.90,0.0790,true,1,211359
7290017641744,false,"חטיפי קרח גדולים בטעמי פטל, לימון, ענבים ואננס",HIQ FOOD PRODUCTS,IL,שלוקים איגלו סטיקס,יחידה,0.00,יחידה,false,,5.90,0.0000,true,1,211360
7290017641997,false,"שוקולד פרימיום 70% לל""ס שברי אגוז לוז 100 גר' וסטהיים",כרמית,IL,"שוקולד אגו 70% לל""ס",גרמים,100.00,100 גרם,false,,8.50,0.0850,true,1,217259
7290017647425,false,יין גמלא קברנה סוביניון 2019 750 מל,יקבי רמת הגולן,IL,גמלא קברנה סוביניון,מיליליטרים,750.00,"100 מ""ל",false,,59.90,0.0799,true,1,214171
7290017647548,false,"רמת הגולן ירדן מרלו, 750 מ""ל י יקב רמת הגולן",יקבי רמת הגולן,IL,יין ירדן מרלו 2018,מיליליטרים,750.00,"100 מ""ל",false,,85.00,0.1133,true,1,260518
7290017647791,false,"יין ירדן קברנה סוביניון 2019 750 מ""ל",יקבי רמת הגולן,,ירדן קברנה סוביניון,מיליליטרים,750.00,"100 מ""ל",false,,120.00,0.1600,true,1,263210
7290017675015,false,טחינת היונה המקורית,,IL,טחינת היונה המקורית,גרמים,450.00,100 גרם,false,,13.90,0.0309,true,1,215225
7290017677804,false,"רוטב סויה קיקומן ללא חומרים משמרים 444 מ""ל",קיקומן פודז אינק,US,רוטב סויה קיקומן 444,מיליליטרים,444.00,"100 מ""ל",false,,19.90,0.0448,true,1,208353
7290017696393,false,בורגר פטריות מן הצומח 520 גר,מרינה פטריות,IL,בורגר פטריות מן הצומ,גרמים,520.00,100 גרם,false,,34.90,0.0671,true,1,212990
7290017712192,false,פרמיו נתחי פילה עוף ועשבי תיבול 100 גר,פרמיו Premio,FR,פרמיו נתחי פילה עוף,גרמים,100.00,100 גרם,false,,4.00,0.0400,true,1,263610
7290017712208,false,פרמיו נתחי פילה עוף וברווז 100 גר,סאטורן,FR,פרמיו נתחי פילה ברוו,גרמים,100.00,100 גרם,false,,4.00,0.0400,true,1,263611
7290017712222,false,פרמיודגי ים ברוטב 100 גר,,FR,פרמיו דגי ים קיטן 10,גרמים,100.00,100 גרם,false,,4.00,0.0400,true,1,262896
7290017712239,false,פרמיו עם עוף במרקם פטה 150 גר,פרמיו Premio,FR,פרמיו פטה עוף לכלב 1,גרמים,150.00,100 גרם,false,,4.00,0.0267,true,1,262908
7290017712260,false,פרמיו פטה סלמון לכלב 150ג',פרמיו Premio,FR,פרמיו פטה סלמון לכלב,גרמים,150.00,100 גרם,false,,4.00,0.0267,true,1,262909
7290017712277,false,פרמיו עם כבש במרקם פטה 100 גר,פרמיו Premio,FR,פרמיו פטה כבש לכלב 1,גרמים,150.00,100 גרם,false,,4.00,0.0267,true,1,262910
7290017712628,false,סלמון לחתול פאוץ 85 ג הורייזן,,,הורייזן סלמון לחתול,גרמים,85.00,100 גרם,false,,5.00,0.0588,true,1,263608
7290017712765,false,פרימו סלמון ופורל לחתול,פרמיו Premio,FR,פרמיו סלמון ופורל לח,גרמים,100.00,100 גרם,false,,4.00,0.0400,true,1,263612
7290017712772,false,פרמיו ברק וכבד לחתול,פרמיו Premio,FR,פרמיו בקר וכבד 100 ג,גרמים,100.00,100 גרם,false,,4.00,0.0400,true,1,262899
7290017712789,false,פרמיו סטירליז עוף 100ג',,FR,פרמיו סטירליז עוף 10,גרמים,100.00,100 גרם,false,,4.00,0.0400,true,1,262900
7290017712864,false,פרמיו מקלות סלמון לכלב,פרמיו Premio,CN,פרמיו מקלות סלמון 10,גרמים,100.00,100 גרם,false,,15.00,0.1500,true,1,262907
7290017712949,false,פרמיו כריות סטרילייז לחתול,פרמיו Premio,AT,כריות סטרילייז פרמיו,גרמים,60.00,100 גרם,false,,10.00,0.1667,true,1,263599
7290017724027,false,עוגיות אלפא חורס אקל,"אקלר בע""מ",IL,עוגיות אלפחורס,גרמים,300.00,100 גרם,false,,23.90,0.0797,true,1,260540
7290017724034,false,עוגיות סנדוויץ ריבה,אקלר,IL,עוגיות סנביץ ריבה,גרמים,250.00,100 גרם,false,,23.90,0.0956,true,1,260549
7290017724119,false,עוגיות אקלר אוזניים,אקלר,IL,עוגיות אוזניים,גרמים,200.00,100 גרם,false,,23.90,0.1195,true,1,260560
7290017724126,false,עוגיות טחינה אקלר 25,אקלר,IL,עוגיות טחינה,גרמים,250.00,100 גרם,false,,23.90,0.0956,true,1,260553
7290017724140,false,עוגיות שושנים אקלר 2,אקלר,IL,עוגיות שושנים,גרמים,200.00,100 גרם,false,,23.90,0.1195,true,1,260554
7290017724157,false,אקלר תפע ללא סוכר 200 גרם,אקלר,IL,"עוגיות תפו""ע ללא סוכ",גרמים,200.00,100 גרם,false,,23.90,0.1195,true,1,260531
7290017724218,false,עוגיות מעדן תמר אגוז,אקלר,IL,עוגיות תמר אגוז ללא,גרמים,250.00,100 גרם,false,,23.90,0.0956,true,1,260535
7290017724256,false,עוגיות שומשומיות ללא,אקלר,IL,עוגיות שומשומיות ללא,גרמים,200.00,100 גרם,false,,23.90,0.1195,true,1,260536
7290017724263,false,עוגיות בטהובן ללא תו,אקלר,IL,עוגיות בטהובן ללא סו,גרמים,300.00,100 גרם,false,,23.90,0.0797,true,1,260537
7290017724294,false,אקלר גרנולה ללא סוכר 200 גרם,,,עוגיות גרנולה צ'יפס,גרמים,200.00,100 גרם,false,,21.90,0.1095,true,1,260541
7290017724300,false,עוגיות גרנולה אקלר 2,,,עוגיות גרנולה,גרמים,200.00,100 גרם,false,,23.90,0.1195,true,1,260566
7290017724782,false,עוגיות חמאה שקדים לל,,,עוגיות חמאה שקדים לל,גרמים,200.00,100 גרם,false,,21.90,0.1095,true,1,260548
7290017746128,false,מארז 10 פיתות ביס לבן,מאפיית דוידוביץ ובני,IL,מארז 10 יח' פיתות בי,גרמים,500.00,100 גרם,false,,8.40,0.0168,true,1,214867
7290017746135,false,מארז 10 פיתות ביס כוסמין,מאפיית דוידוביץ ובני,IL,מיני פיתות כוסמין 10,גרמים,500.00,100 גרם,false,,13.50,0.0270,true,1,214931
7290017746746,false,מארז לחמניות הבית עם,מאפיית דוידוביץ ובני,,מארז לחמניות הבית עם,גרמים,480.00,100 גרם,false,,11.50,0.0240,true,1,264384
7290017786001,false,פירות קפואים תות 500 גרם frozenature,,,תות שדה מוקפא,גרמים,500.00,100 גרם,false,,21.90,0.0438,true,1,207225
7290017786018,false,פירות קפואים מנגו 500 גרם frozenature,,,מנגו חתוך מוקפא,גרמים,500.00,100 גרם,false,,21.90,0.0438,true,1,207226
7290017786025,false,פירות קפואים תמר 500 גרם frozenature,,,תמר לח מוקפא,גרמים,500.00,100 גרם,false,,14.50,0.0290,true,1,207223
7290017786032,false,פירות קפואים אננס 500 גרם frozenature,,,אננס חתוך מוקפא,גרמים,500.00,100 גרם,false,,21.90,0.0438,true,1,207227
7290017786049,false,פירות קפואים אוכמניות 500 גרם frozenature,,,אוכמניות כחולות מוקפ,גרמים,500.00,100 גרם,false,,23.90,0.0478,true,1,207228
7290017786056,false,פירות קפואים פ.יער 500 גרם frozenature,,,פירות יער מוקפאים,גרמים,500.00,100 גרם,false,,21.90,0.0438,true,1,207224
7290017786063,false,מחית אסאי קפואה,,,מחית אסאי קפואה,גרמים,200.00,100 גרם,false,,18.90,0.0945,true,1,217945
7290017786094,false,פירות קפואים פסיפלורה 500 גרם frozenature,,,קוביות פסיפלורה מוקפ,גרמים,500.00,100 גרם,false,,23.90,0.0478,true,1,217944
7290017791142,false,קרקר כוסמין מלא - פת במלח,"מאפיית פת במלח בע""מ",IL,קרקר כוסמין מלא פת ב,גרמים,225.00,100 גרם,false,,21.90,0.0973,true,1,208843
7290017791203,false,קרקר כוסמין מלא - סלק - פת במלח,"מאפיית פת במלח בע""מ",IL,קרקר כוסמין מלא סלק,גרמים,225.00,100 גרם,false,,21.90,0.0973,true,1,214712
7290017812052,false,יין שיראז-קברנה סוביניון אקסלנס יקבי כרמל,יקבי כרמל Carmel Winery,IL,אקסלנס שיראז-קברנה ס,מיליליטרים,750.00,"100 מ""ל",false,,24.90,0.0332,true,1,204742
7290017812571,false,"מיץ ענבים תירוש 1 ליטר ""יקבי כרמל""",יקבי כרמל Carmel Winery,IL,מיץ ענבים תירוש אדום,ליטרים,1.00,ליטר,false,,19.90,19.9000,false,1,211325
7290017812588,false,יין תירוש לבן 100%ה טבעי 1 ליטר,יקבי כרמל Carmel Winery,IL,תירוש לבן 1 ל' 100%,מיליליטרים,1000.00,"100 מ""ל",false,,19.90,0.0199,true,1,211766
7290017812656,false,תירוש מבעבע מיץ ענבים מבעבע אדום,מנדלז סי.אר. פרודקשן,IL,תירוש אדום מבעבע 750,מיליליטרים,750.00,"100 מ""ל",false,,19.90,0.0265,true,1,216734
7290017812663,false,"כרמל תירוש לבן מבעבע 750 מ""ל",מנדלז סי.אר. פרודקשן,IL,תירוש לבן מבעבע 750,מיליליטרים,750.00,"100 מ""ל",false,,19.90,0.0265,true,1,216735
7290017816012,false,קרם קרקר כוסמין מקור הכוסמין 250 גר,,IL,קרם קרקר כוסמין 250,גרמים,250.00,100 גרם,false,,18.90,0.0756,true,1,207994
7290017816111,false,פתי בר מקמח כוסמין 220 גרם,אפיפית הדר,IL,פתי בר כוסמין 220 גר,גרמים,220.00,100 גרם,false,,13.90,0.0632,true,1,213415
7290017816128,false,קרקר מקור הכוסמין 22,,,קרקר כוסמין,יחידה,0.00,יחידה,false,,18.90,0.0000,true,1,214929
7290017816135,false,פריכיות כוסמין מקור הכוסמין 90 גר,זן-בר,IL,פריכיות כוסמין 90 גר,גרמים,90.00,100 גרם,false,,10.90,0.1211,true,1,213684
7290017871363,false,פמילי יהלום- פמלי סבון ידיים מועשר בשמן מקדמיה לניקוי וטיפוח עור הידיים,המאפיה של הרמן,TR,פמלי יהלום סבון ידיי,מיליליטרים,500.00,"100 מ""ל",false,,10.00,0.0200,true,1,211915
7290017871370,false,פמילי יהלום- סבון ידיים מועשר בשמן אבוקדו לניקוי וטיפוח עור הידיים,המאפיה של הרמן,TR,פמלי יהלום סבון ידיי,מיליליטרים,500.00,"100 מ""ל",false,,10.00,0.0200,true,1,211916
7290017871950,false,פרשוואנס נייר טואלט לח מתכלה בניחוח לוונדר מארז שלישייה,פרש-וואנס,IL,פרש וואנס נייר טואלט,יחידה,0.00,יחידה,false,,12.90,0.0000,true,1,216558
7290017871967,false,טוסו אבקת ג'לי טעם אננס 30גרם,אשבל מזון פונקציונאל,IL,ג'לי בטעם אננס 25 גר,גרמים,25.00,100 גרם,false,,11.90,0.4760,true,1,213190
7290017871974,false,טוסו אבקת ג'לי טעם תות 30גרם,אשבל מזון פונקציונאל,IL,ג'לי בטעם תות שדה 25,גרמים,25.00,100 גרם,false,,11.90,0.4760,true,1,213191
7290017871981,false,טוסו אבקת ג'לי טעם משמש 30גרם,אשבל מזון פונקציונאל,IL,ג'לי בטעם משמש 25 גר,גרמים,25.00,100 גרם,false,,11.90,0.4760,true,1,213192
7290017871998,false,טוסו פודינג אינסטנט בטעם וניל 30גרם,אשבל מזון פונקציונאל,IL,פודינג אינסטנט בטעם,גרמים,30.00,100 גרם,false,,9.90,0.3300,true,1,213193
7290017872056,false,פמלי אל סבון 3*1 הסדרה הלבנה-מעורב 500 גרם*3,אברנסל קוסמטיקס,TR,פמלי אל סבון סדרה לב,מיליליטרים,1500.00,"100 מ""ל",false,,15.00,0.0100,true,1,213567
7290017872063,false,פמלי אל סבון 3*1 ארומטרפי-מעורב 500 גרם*3,אברנסל קוסמטיקס,TR,פמלי אל סבון ארומתרפ,מיליליטרים,1500.00,"100 מ""ל",false,,15.00,0.0100,true,1,213568
7290017872162,false,טוסו - עוגיות אגוזי לוז ללא סוכר 200 גרם,היינץ צפון אמריקה מק,IL,טוסו עוגיות אגוזי לו,גרמים,200.00,100 גרם,false,,18.90,0.0945,true,1,212333
7290017872179,false,טוסו - עוגיות טחינה ללא סוכר 200 גרם,היינץ צפון אמריקה מק,IL,טוסו עוגיות טחינה 20,גרמים,200.00,100 גרם,false,,18.90,0.0945,true,1,213337
7290017872186,false,טוסו - עוגיות פקאן ללא סוכר 200 גרם,היינץ צפון אמריקה מק,IL,טוסו עוגיות פקאן 200,גרמים,200.00,100 גרם,false,,18.90,0.0945,true,1,213468
7290017872193,false,טוסו עוגיות שקדים וקינמון ללא סוכר 200 גרם,היינץ צפון אמריקה מק,IL,טוסו עוגיות שקדים וק,גרמים,200.00,100 גרם,false,,18.90,0.0945,true,1,212334
7290017872650,false,"פמלי יהלום-סבון ידיים 500מ""ל עם שמן לבנדר",המאפיה של הרמן,TR,פמלי יהלום סבון ידיי,מיליליטרים,500.00,"100 מ""ל",false,,10.00,0.0200,true,1,214129
7290017872667,false,"סבון ידיים פמלי יהלום שמן קמומיל 500 מ""ל",המאפיה של הרמן,TR,פמלי יהלום סבון ידיי,מיליליטרים,500.00,"100 מ""ל",false,,10.00,0.0200,true,1,214130
7290017872872,false,בייביביס חטיפי דגנים אפויים לתינוקות בטעם גזר וסלק,טאטא גלובל בוורג'ס,IL,בייביביס חטיפי דגנים,גרמים,40.00,100 גרם,false,,14.50,0.3625,true,1,260811
7290017872889,false,מארז שקיות אשפה אקס לארג גלילונית 2*22 יח',גלילונית,,גלילונית שקיות אשפה,יחידה,0.00,יחידה,false,,21.90,0.0000,true,1,259653
7290017872896,false,שקיות אשפה לארג גליל,גלילונית,,גלילונית שקיות אשפה,יחידה,0.00,יחידה,false,,21.90,0.0000,true,1,260072
7290017872933,false,מגע הדבש רצועות שעווה לגוף 12+3 מגבוני ש,ש.שוורץ,,רצועות שעווה טבעיות,יחידה,0.00,יחידה,false,,19.90,0.0000,true,1,219083
7290017872940,false,מגע הדבש רצועות שעווה לפנים 20+5 מגבוני,ש.שוורץ,,רצועות שעווה טבעיות,יחידה,0.00,יחידה,false,,19.90,0.0000,true,1,219084
7290017873008,false,גלילונית הקפאה זוג 275 יחידות,"אשפלסט תעשיות בע""מ",IL,גלילונית שקיות להקפא,יחידה,0.00,יחידה,false,,14.90,0.0000,true,1,259872
7290017873398,false,"תחליב גוף ויטליטי לכל סוגי העור 400 מ""ל פנג'ל",דנלוג,IL,פנג'ל תחליב גוף ויטל,מיליליטרים,400.00,"100 מ""ל",false,,26.90,0.0672,true,1,264530
7290017888019,false,"משקה תפוח רימון סלק גינגיר פרות &ווג 350 מ""ל",מיוצר עי קונדיטוריית,IL,FRUIT&VEG תפוח רימון,גרמים,350.00,100 גרם,false,,6.90,0.0197,true,1,206837
7290017888026,false,"משקה אננס תפוח גזר פרות & ווג 350 מ""ל",פרוט אנד וג' Fruit & Veg,IL,FRUITַ&VEG אננס תפוח,מיליליטרים,350.00,"100 מ""ל",false,,6.90,0.0197,true,1,206838
7290017888033,false,"משקה בננה מלון נענע פרות &ווג 350 מ""ל",פרוט אנד וג' Fruit & Veg,IL,FRUIT&VEG בננה מלון,מיליליטרים,350.00,"100 מ""ל",false,,6.90,0.0197,true,1,206839
7290017888095,false,"רביעיית פחיות שוופס מוגז עדין פירות יער 330 מ""ל.",יפאורה תבורי,IL,רביעיית פחיות שוופס,מיליליטרים,1320.00,"100 מ""ל",false,,11.90,0.0090,false,1,207423
7290017888101,false,"שוויפס מוגז עדין אפרסק מארז רביעייה* 330 מ""ל",יפאורה תבורי,IL,רביעיית פחיות שוופס,מיליליטרים,1320.00,"100 מ""ל",false,,11.90,0.0090,false,1,207424
7290017888408,false,תפוזינה ואוו לימון נ,"יפאורה תבורי בע""מ",,תפוזינה Wow לימון ונ,ליטרים,1.50,ליטר,false,,6.50,4.3333,false,1,208005
7290017888644,false,"משקה אננס בננה כורכום פרות & ווג 350 מ""ל",פרוט אנד וג' Fruit & Veg,IL,FRUITַַ&VEG כורכום א,מיליליטרים,350.00,"100 מ""ל",false,,6.90,0.0197,true,1,212752
7290017888729,false,שוופס סודה בקבוק 1 ל',"יפאורה תבורי בע""מ",IL,שוופס סודה 1 ליטר,ליטרים,1.00,ליטר,false,,3.90,3.9000,false,1,212753
7290017888972,false,בקבוק מי עדן פקק ספורט 1 ליטר,מופק ממקור בזלתי עדן,IL,מי עדן פקק ספורט 1,ליטרים,1.00,ליטר,false,,3.50,3.5000,true,1,213233
7290017894089,false,קמח שיבולת שועל דגש 400 גרם,אף. סי תבליני הגליל,IL,דגש קמח שיבולת שועל,גרמים,500.00,100 גרם,false,,19.90,0.0398,true,1,215768
7290017894102,false,פנה אורז תירס דגש 400 גרם,אנדריאני,IT,פסטה פנה אורז תירס ל,גרמים,400.00,100 גרם,false,,8.90,0.0223,true,1,215166
7290017894119,false,פוזילי אורז תירס דגש 400 גרם,אנדריאני,IT,פסטה פוזילי אורז תיר,גרמים,400.00,100 גרם,false,,8.50,0.0213,true,1,215167
7290017894126,false,פוזילי טריקולור דגש 400 גרם,אנדריאני,IL,פסטה פוזילי טריקולור,גרמים,400.00,100 גרם,false,,8.50,0.0213,true,1,215168
7290017894171,false,"קרם קוקוס אורגני גרין קוקו 250 מ""ל",גרין קוקו,LK,גרין קוקו קרם קוקוס,מיליליטרים,250.00,"100 מ""ל",false,,8.90,0.0356,true,1,263003
7290017894201,false,סודה לשתייה ללא אלומיניום דגש 500 גרם,,IL,דגש סודה לשתיה ללא א,גרמים,500.00,100 גרם,false,,15.90,0.0318,true,1,262132
7290017894256,false,"פריכיות מאורז מלא לל""ג דגש 230 גרם",דגש,IL,דגש פריכיות מאורז מל,גרמים,230.00,100 גרם,false,,11.90,0.0517,true,1,262133
7290017894270,false,אבקת אפייה ללא אלומיניום דגש 500 גרם,,IL,דגש אבקת אפייה ללא א,גרמים,500.00,100 גרם,false,,15.90,0.0318,true,1,262134
7290017907208,false,תערובת קמח רב תכליתי לנמנעים מגלוטן,מנדלז סי.אר. פרודקשן,IL,קמח תמי רב תכליתי לל,גרמים,500.00,100 גרם,false,,18.90,0.0378,true,1,217192
7290017907215,false,קמח תמי למאפי שמרים ללא גלוטן 500 גרם,פוראטוס ישראל,IL,קמח תמי למאפי שמרים,גרמים,500.00,100 גרם,false,,18.90,0.0378,true,1,217193
7290017907222,false,תערובת קמח תופח לנמנעים מגלוטן,פוראטוס ישראל,IL,קמח תמי תופח ללא גלו,גרמים,500.00,100 גרם,false,,18.90,0.0378,true,1,217194
7290017907246,false,סולת מאורז לנמנעים מגלוטן,פוראטוס ישראל,IL,תמי סולת ללא גלוטן,גרמים,300.00,100 גרם,false,,15.90,0.0530,true,1,217577
7290017907253,false,פתיתים מאורז לנמנעים מגלוטן,פוראטוס ישראל,IL,תמי פתיתים ללא גלוטן,גרמים,300.00,100 גרם,false,,15.90,0.0530,true,1,217313
7290017917283,false,"מגבוני קמיל בלו ד""ר פישר ללא בישום רביעי",פישר תעשיות,IL,רביעיית מגבוני קמיל,יחידה,0.00,יחידה,false,,19.90,0.0000,true,1,210481
7290017917382,false,אל סבון היגייני לניקוי יסודי ולהרגע העור clean & calm,"ד""ר פישר Dr fischer",IL,אל סבון נוזלי להרגעת,ליטרים,1.00,ליטר,false,,15.90,15.9000,true,1,208189
7290017917450,false,קמיל בלו סנסיטיב אל סבון ושמפו לתינוק קמומיל ואלוורה,"ד""ר פישר Dr fischer",IL,קמיל בלו סנסיטיב אל,ליטרים,1.00,ליטר,false,,29.90,29.9000,true,1,208205
7290017917467,false,קמיל בלו סנסטי בשיבולת שועל אל סבון טיפולי לתינוק,"ד""ר פישר Dr fischer",IL,קמיל בלו אל סבון שיב,ליטרים,1.00,ליטר,false,,29.90,29.9000,true,1,208204
7290017917542,false,"ד""ר פישר שמפו בלונד ללא תוספת מלחים 400 מ""ל",מדי פישר,IL,שמפו בלונד ללא תוספת,מיליליטרים,400.00,"100 מ""ל",false,,36.90,0.0922,true,1,210482
7290017917566,false,ד.פישר סילבר שמפו לשיער כסוף ללא מלח,מדי פישר,IL,שמפו סילבר ללא מלחים,מיליליטרים,400.00,"100 מ""ל",false,,36.90,0.0922,true,1,210484
7290017918723,false,סלק מבושל בוואקום 500 גר',אראל תוצרת חקלאית בע,IL,סלק אדום בואקום,גרמים,500.00,100 גרם,false,,5.90,0.0118,true,1,215468
7290017928036,false,מאיר בייגל מקלות גריסיני שומשום 175 גרם,מאיר את בייגל,IL,מקלות גריסיני שומשום,גרמים,175.00,100 גרם,false,,10.90,0.0623,true,1,210058
7290017928043,false,מאיר בייגל גריסיני קראנץ' מלח 175 ג',מאיר את בייגל,IL,גריסיני קראנץ' מלח 1,גרמים,175.00,100 גרם,false,,10.90,0.0623,true,1,210059
7290017928098,false,מאיר בייגל שטוחלה מלח 330 גר',מאיר את בייגל,IL,שטוחל'ה עם מלח 330 ג,גרמים,330.00,100 גרם,false,,10.90,0.0330,true,1,260355
7290017928128,false,בייגלה מקלות מלח מאי,מאיר בייגל,,בייגלה מקלות מלח 400,גרמים,400.00,100 גרם,false,,10.90,0.0273,true,1,264139
7290017928210,false,מאיר בייגל בייגלה גדול שומשום 300 גר',מאיר את בייגל,IL,בייגלה גדול שומשום מ,גרמים,250.00,100 גרם,false,,10.90,0.0436,true,1,210060
7290017928227,false,"בייגלה שטוח'לה פינוקים שומשום, קצח, שום ובצל",מאיר את בייגל,IL,שטוחלה פינוקים מאיר,גרמים,300.00,100 גרם,false,,10.90,0.0363,true,1,210053
7290017928432,false,מאיר בייגל מקלות גריסיני קראנץ פרג 175גר,מאיר את בייגל,IL,גריסיני קראנץ' פרג 1,גרמים,175.00,100 גרם,false,,10.90,0.0623,true,1,210062
7290017928463,false,מאיר בייגל -סמאש-שבורים בטעם דבש חרדל ובצל 300 גרם,מאיר בייגל,BG,סמאש שברי בייגלה בטע,גרמים,300.00,100 גרם,false,,13.90,0.0463,true,1,216642
7290017928609,false,בייגלה טבעות עם שומשום 300גרם- .חדש,מאיר את בייגל,IL,טבעות שומשום מאיר בי,גרמים,300.00,100 גרם,false,,10.90,0.0363,true,1,210064
7290017928616,false,מאיר בייגל שטוחהלה שומשום 300 גר',מאיר את בייגל,IL,שטוחלה שומשום מאיר ב,גרמים,300.00,100 גרם,false,,10.90,0.0363,true,1,210055
7290017928661,false,מאיר בייגל -סמאש-שבורים בטעם צ'דר 300 גרם,מאיר בייגל,BG,סמאש שברי בייגלה בטע,גרמים,300.00,100 גרם,false,,13.90,0.0463,true,1,216643
7290017928685,false,בייגלה שמיניות עם מלח 400גרם -חדש,מאיר את בייגל,IL,בייגלה שמיניות עם מל,גרמים,400.00,100 גרם,false,,10.90,0.0273,true,1,261365
7290017928746,false,מאיר בייגל פירורי בייגלה 200 גרם,מאיר בייגל,IL,פירורי בייגלה 200 גר,גרמים,200.00,100 גרם,false,,6.90,0.0345,true,1,261505
7290017928807,false,בייגלה אצבעות עם שומשום 300גרם - חדש,מאיר את בייגל,IL,אצבעות שומשום מאיר ב,גרמים,300.00,100 גרם,false,,10.90,0.0363,true,1,210067
7290017928821,false,מאיר בייגל מקלות גריסיני קלאסי 200 גרם,מאיר את בייגל,IL,מקלות גריסיני קלאסי,גרמים,200.00,100 גרם,false,,10.90,0.0545,true,1,210068
7290017932231,false,"סירופ מייפל טהור גאלה 250 מ""ל",,,מייפל אמיתי טהור גאל,מיליליטרים,250.00,"100 מ""ל",false,,23.90,0.0956,true,1,261407
7290017946368,false,סוד סבון 4 כדוריות לאסלה אוקיינוס 3*50 ג,הנקל סוד,RS,סוד מארז כדוריות שלי,גרמים,150.00,100 גרם,false,,19.90,0.1327,true,1,215418
7290017946979,false,פרסיל גל לכביסה דיפ קלין מנטרל ריחות 2.4,פרסיל Persil,IL,פרסיל ג'ל לכביסה מנט,ליטרים,2.40,ליטר,false,,34.90,14.5417,true,1,216817
7290017947105,false,לחם בסגנון אמריקה 500 גרם,מאפיית שלמה א. אנג'ל,IL,לחם בסגנון אמריקה אנ,גרמים,500.00,100 גרם,false,,13.50,0.0270,true,1,211036
7290017947464,false,מארז 8 פיתות מקמח כוסמין מלא 400ג',"איטיליאן פוד, אס.פי.",IL,פיתות כוסמין 8 יח' א,גרמים,400.00,100 גרם,false,,12.90,0.0323,true,1,214454
7290017947495,false,לחמניות כוסמין 450 ג' אנג'ל,"איטיליאן פוד, אס.פי.",IL,לחמניות כוסמין שישיי,גרמים,450.00,100 גרם,false,,14.90,0.0331,true,1,215185
7290017947891,false,לחם כוסמין וחיטה מלאה 750 ג' אנג'ל,מאפיית שלמה א. אנג'ל,IL,לחם אנג'ל כוסמין וחי,גרמים,750.00,100 גרם,false,,12.90,0.0172,true,1,210981
7290017947921,false,לחמניות המבורגר בסגנון אמריקאי מארז 6 יח',מאפיית שלמה א. אנג'ל,IL,שש לחמניות המבורגר א,גרמים,450.00,100 גרם,false,,12.50,0.0278,true,1,211183
7290017947938,false,מיני לחמניות המבורגר בסגנון אמריקה 400 ג' אנג'ל,מאפיית שלמה א. אנג'ל,IL,לחמניות המבורגר 8 יח,גרמים,400.00,100 גרם,false,,13.90,0.0348,true,1,214457
7290017962146,false,עוגיות כוסמין קוקוס קינמון טבעוני 230 גר,,,עוגיות כוסמין קוקוס,גרמים,230.00,100 גרם,false,,22.90,0.0996,true,1,261285
7290017962160,false,עוגיות כוסמין אוכמניות וניל טבעוני 230 ג,,,עוגיות כוסמין אוכמני,גרמים,230.00,100 גרם,false,,22.90,0.0996,true,1,261286
7290017993775,false,מקלות וניל 2 יח',,,מקלות וניל 2 יח',יחידה,0.00,יחידה,false,,24.90,0.0000,true,1,217847
7290018043189,false,פראוד - חטיף חלבון בטעם קשיו קרמל 60 גרם,מרס נדרלנד,NL,חטיף חלבון בטעם קשיו,גרמים,60.00,100 גרם,false,,11.90,0.1983,true,1,259724
7290018043295,false,חטיף חלבון בטעם ונילה קראנץ',הרת'סייד פוד סולושיי,NL,חטיף חלבון בטעם וניל,גרמים,60.00,100 גרם,false,,11.90,0.1983,true,1,259726
7290018043844,false,חטיף חלבון בוטנים קרמל קראנץ 60 ג' פראוד,פראוד PROUD,NL,פראוד חטיף חלבון בוט,גרמים,60.00,100 גרם,false,,11.90,0.1983,true,1,262613
7290018045084,false,דגנים במילוי קרם בטעם בראוניז 480 ג' BON & BON,monday,DE,דגנים בון בון במילוי,גרמים,480.00,100 גרם,false,,21.90,0.0456,true,1,260799
7290018045497,false,בון בון דגנים במילוי קרם שוקולד 480 גרם,monday,DE,דגנים בון בון במילוי,גרמים,480.00,100 גרם,false,,21.90,0.0456,true,1,260800
7290018045695,false,דגנים במילוי קרם קרמל מלוח 480 ג' BON & BON,monday,DE,דגנים בון בון במילוי,גרמים,480.00,100 גרם,false,,21.90,0.0456,true,1,260801
7290018045893,false,בון בון דגנים במילוי קרם נוגט 480 גרם,monday,DE,דגנים בון בון במילוי,גרמים,480.00,100 גרם,false,,21.90,0.0456,true,1,260798
7290018050064,false,חמאת שקד מולבן 300 גר',,,חמאת שקד מולבן,גרמים,300.00,100 גרם,false,,27.90,0.0930,true,1,213899
7290018071243,false,כפפות פלסטיק שחורות איזי טאצ S 100 יח,איזי טאצ,CN,כפפות פלסטיק שחורות,יחידה,0.00,יחידה,false,,10.00,0.0000,true,1,216903
7290018091029,false,מקלות פילו תפוחי אדמה מעדנות 450 ג',תנובה מעדנות,IL,"מקלות פילו תפו""א מעד",גרמים,450.00,100 גרם,false,,17.90,0.0398,true,1,213616
7290018091074,false,בצק עוגיות שוקולד ציפס מעדנות 300 גרם,תנובה מעדנות,IL,בצק עוגיות שוקולד צ',גרמים,300.00,100 גרם,false,,16.90,0.0563,true,1,263457
7290018091234,false,פיצה מקסיקנית מעדנות 260 ג',תנובה מעדנות,IL,פיצה מקסיקנית מעדנות,גרמים,270.00,100 גרם,false,,14.90,0.0552,false,1,214742
7290018091272,false,בצק עוגיות קקאו טריפל שוקולד ציפס מעדנו,תנובה מעדנות,IL,בצק עוגיות קקאו טריפ,גרמים,300.00,100 גרם,false,,16.90,0.0563,true,1,263458
7290018091470,false,גלילת ביסקווטים בטעם שוקולד מעדנות 300 ג,תנובה מעדנות,IL,גלילת ביסקוויטים בטע,גרמים,300.00,100 גרם,false,,16.90,0.0563,true,1,263459
7290018091616,false,מקלות פילו גבינה מעדנות 450 ג',מיוצר עי קונדיטוריית,IL,מקלות פילו גבינה מעד,גרמים,450.00,100 גרם,false,,17.90,0.0398,true,1,213618
7290018091661,false,פיצה ירקות שוק מעדנות 330 גרם,"מעדנות בע""מ",IL,פיצה ירקות שוק 380 ג,גרמים,380.00,100 גרם,false,,18.90,0.0497,true,1,260075
7290018091821,false,פיצה נפוליטנה עם 100% מוצרלה,תנובה מעדנות,IL,פיצה נפוליטנה מעדנות,גרמים,210.00,100 גרם,false,,14.90,0.0710,false,1,214743
7290018091876,false,"מאפה פילו גבינה, 320 גרם מעדנות","מעדנות בע""מ",IL,מאפה פילו גבינה,גרמים,320.00,100 גרם,false,,19.90,0.0622,true,1,262418
7290018098486,false,פיצה טבעונית משפחתית מרגריטה 350 גרם MILK FREE,נטורל קייקס,IL,פיצה משפחתית מרגריטה,גרמים,350.00,100 גרם,false,,21.90,0.0626,true,1,262563
7290018098592,false,שווארמה טבעוניות ביף,כל טוב,IL,שווארמה 300 גר' BEEF,גרמים,300.00,100 גרם,false,,21.90,0.0730,true,1,262661
7290018131251,false,אקסטרים מטבע שוקולד לבן וליבת קרם עוגיות 115ג',גלידות נסטלה (נגה גל,IL,טילון אקסטרים מטבע ש,גרמים,128.00,100 גרם,false,,10.00,0.0781,true,1,212003
7290018131534,false,מאגדת מיני בייטס מילקה 201 גרם,שוורצקוף& הנקל דיסלד,PL,מאגדת מיני בייטס מיל,גרמים,250.00,100 גרם,false,,18.90,0.0756,true,1,214366
7290018131558,false,מאגדת מיני בייטס אוראו 201 גרם,שוורצקוף& הנקל דיסלד,PL,מאגדת שלגונים מיני ב,גרמים,240.00,100 גרם,false,,18.90,0.0787,true,1,214557
7290018131640,false,קראנץ בלונד עם ליבת נוגט בוטנים 100 גרם,גלידות נסטלה (נגה גל,IL,שלגון קראנץ בלונד,גרמים,100.00,100 גרם,false,,9.90,0.0990,true,1,217538
7290018131831,false,נסטלה מאגדת שלגון מילקה וניל חדש8 4*66ג,שוורצקוף& הנקל דיסלד,PL,מאגדת שלגונים מילקה,גרמים,284.00,100 גרם,false,,31.90,0.1123,true,1,216909
7290018131855,false,אקסטרים טילון בראוניז מאגדת 6 יח 432 גרם,גלידות נסטלה (נגה גל,IL,מאגדת אקסטרים בראוני,גרמים,432.00,100 גרם,false,,32.00,0.0741,true,1,217031
7290018131879,false,אקסטרים טילון ריבת חלב מאגדת 6 יח 432 גר,גלידות נסטלה (נגה גל,IL,מאגדת אקסטרים ריבת ח,גרמים,432.00,100 גרם,false,,32.00,0.0741,true,1,217032
7290018131954,false,לה פרוטה מאגדת תות שוקולד כלפ8 5*72ג,נסטלה גלידות,IL,מאגדת שלגונים לה פרו,גרמים,350.00,100 גרם,false,,27.90,0.0797,true,1,216911
7290018131978,false,טילון נסטלה אוראו 68.5 גרם,פרונרי פולין,PL,טילון אוראו,גרמים,68.50,100 גרם,false,,6.50,0.0949,true,1,217544
7290018132388,false,מטרנה גולד בדץ שלב 2 700 גרם,מטרנה,IL,מטרנה גולד שלב 2 700,גרמים,700.00,100 גרם,false,,75.90,0.1084,false,1,263244
7290018156087,false,"ד""ר פישר - סרקל אקטיב שמפו 450 מ""ל",פישר תעשיות,IL,סרקל אקטיב שמפו דר',מיליליטרים,450.00,"100 מ""ל",false,,31.90,0.0709,true,1,214489
7290018156094,false,"ד""ר פישר סרקל אקטיב מרכך 450 מ""ל",פישר תעשיות,IL,סרקל אקטיב מרכך דר',מיליליטרים,450.00,"100 מ""ל",false,,31.90,0.0709,true,1,214490
7290018156124,false,"אל סבון קמיל צבעוני ד""ר פישר שלישיה* 500 מ""ל",פישר תעשיות,IL,אל סבון קמיל שלישייה,מיליליטרים,1500.00,"100 מ""ל",false,,18.90,0.0126,true,1,210610
7290018165447,false,"יין רזרב GOLD EDITION מרלו 750 מ""ל",יקבי ברקן שיווק והפצ,IL,רזרב גולד מרלו 750 מ,מיליליטרים,750.00,"100 מ""ל",false,,34.90,0.0465,false,1,216477
7290018192023,false,מקלות סלרי ארוז יח',"מרינה פטריות הגליל בע""מ",IL,מקלות סלרי,יחידה,0.00,יחידה,false,,6.90,0.0000,true,1,209490
7290018192658,false,מארז זוג פטריות פורטובלה ושמפיניון מרינה,"מרינה פטריות הגליל בע""מ",IL,צמד חמד שמפניון מרינ,יחידה,0.00,יחידה,false,,15.90,0.0000,true,1,213935
7290018198056,false,תפוגן קוביות תפוחי אדמה 9*1.5קג,עיצובים 2020 (4.5),,תפוגן קוביות תפוחי א,קילוגרמים,1.50,"ק""ג",false,,25.90,17.2667,true,1,212470
7290018198148,false,"תפוגן קריספי צ'יפס קלאסי 1.25 ק""ג",עיצובים 2020 (4.5),IL,תפוגן קריספי צ'יפס ק,קילוגרמים,1.25,"ק""ג",false,,25.90,20.7200,true,1,217911
7290018198209,false,תפוגן צ'יפס בטטה קראנץ 500 גרם,"תעשיות תפוגן בע""מ",IL,תפוגן צ'יפס בטטה קרא,גרמים,500.00,100 גרם,false,,19.90,0.0398,true,1,215776
7290018198254,false,"תפוגן קריספי צ'יפס פוטטוס 1.25 ק""ג",עיצובים 2020 (4.5),IL,תפוגן קריספי צ'יפס פ,קילוגרמים,1.25,"ק""ג",false,,25.90,20.7200,true,1,217912
7290018213100,false,שייני מגבונים לניקוי,,IL,דלי מגבונים לניקוי כ,יחידה,0.00,יחידה,false,,19.90,0.0000,true,1,213194
7290018213155,false,גליל מפה מהודרת 15 מ,,,גליל מפה מהודרת 15 מ,יחידה,0.00,יחידה,false,,34.90,0.0000,true,1,219117
7290018213469,false,גליל מפה מהודרת 15 מ,,,גליל מפה מהודרת 15 מ,יחידה,0.00,יחידה,false,,34.90,0.0000,true,1,219118
7290018219317,false,קשיו גדול קלוי 350 ג,זארובי,,קאשיו קלוי גדול,גרמים,350.00,100 גרם,false,,29.90,0.0854,true,1,214173
7290018219331,false,פיסטוק קלוי 150 גרם זארובי,זארובי,,פיסטוק קלוי 150 גר',גרמים,150.00,100 גרם,false,,10.00,0.0667,true,1,259866
7290018219553,false,מארז חגיגי סוכריות גומי 900 ג' זארובי,זארובי,,בונבוניירה גומי 900,גרמים,900.00,100 גרם,false,,34.90,0.0388,true,1,261092
7290018219584,false,ערמונים אורגניים קלויים קלופים 100 ג' זארובי,זארובי,IL,ערמונים אורגניים קלו,גרמים,100.00,100 גרם,false,,5.00,0.0500,false,1,261498
7290018219607,false,גרעיני דלעת 200 גר',זארובי,,גרעיני דלעת 200 גר',גרמים,200.00,100 גרם,false,,10.90,0.0545,true,1,212627
7290018219829,false,"פולי קפה 1 ק""ג finzi",,,"פולי קפה 1 ק""ג finzi",קילוגרמים,1.00,"ק""ג",false,,49.90,49.9000,true,1,218945
7290018228586,false,מפיץ ריח באמצעות מקל,,,מפיץ ריח באמצעות מקל,יחידה,0.00,יחידה,false,,29.90,0.0000,true,1,261825
7290018236086,false,נקניקיות עוף במליחות,,,נקניקיות עוף במליחות,קילוגרמים,1.00,"ק""ג",false,,31.90,31.9000,true,1,212732
7290018236635,false,עוף טוב צ'ונגו פופקורן מצופה 600 גרם,מוצרי עוף טוב (2001),IL,עוף טוב צונג'ו פופקו,גרמים,600.00,100 גרם,false,,34.90,0.0582,true,1,215956
7290018236659,false,עוף טוב צונגו פופקורן ציפ מתובל 600 גרם,מולינו ניקולי s.p.a,IL,עוף טוב צו'נגו פופקו,גרמים,600.00,100 גרם,false,,34.90,0.0582,true,1,215957
7290018237281,false,עוף טוב נקניק סלמי ירדן 550 גר',עוף טוב,IL,סלמי ירדן 550 גר,גרמים,550.00,100 גרם,false,,24.90,0.0453,true,1,219286
7290018237373,false,עוף טוב פסטרמה צרובה על הגריל נתח שלם 8*300 גרם,"עוף טוב (שאן) בע""מ",IL,עוף טוב פסטרמה צרובה,גרמים,300.00,100 גרם,false,,26.90,0.0897,true,1,219004
7290018237397,false,עוף טוב פסטרמה מקורמלת נתח שלם 8*300 גרם,מולינו ניקולי s.p.a,IL,עוף טוב פסטרמה מקורמ,גרמים,300.00,100 גרם,false,,26.90,0.0897,true,1,219005
7290018237410,false,עוף טוב פסטרמה במעשנה נתח שלם 8*300 גרם,מולינו ניקולי s.p.a,IL,עוף טוב פסטרמה במעשנ,גרמים,300.00,100 גרם,false,,26.90,0.0897,true,1,219006
7290018237489,false,עוף טוב דק דק פסטרמה ברביקיו 220 גר',"עוף טוב (שאן) בע""מ",IL,עוף טוב דק דק פסטרמה,גרמים,220.00,100 גרם,false,,21.00,0.0955,true,1,260657
7290018237496,false,עוף טוב דק דק פסטרמה דבש 220 גר',"עוף טוב (שאן) בע""מ",IL,עוף טוב דק דק פסטרמה,גרמים,220.00,100 גרם,false,,21.00,0.0955,true,1,260658
7290018237502,false,עוף טוב כתף בקר דק-דק 200 גרם,"עוף טוב (שאן) בע""מ",IL,עוף טוב דק דק כתף בק,גרמים,200.00,100 גרם,false,,19.90,0.0995,true,1,260656
7290018237922,false,עוף טוב שניצלונים ציפוי צ'יפס 700 גרם,עיצובים 2020 (4.9),IL,שניצלונים בציפוי צ'י,גרמים,700.00,100 גרם,false,,18.90,0.0270,true,1,262148
7290018237939,false,שניצלונים ציפוי שומשום עוף טוב 700 גרם,עיצובים 2020 (4.9),IL,שניצלונים בציפוי שומ,גרמים,700.00,100 גרם,false,,18.90,0.0270,true,1,262147
7290018237960,false,עוף טוב כתף בקר עסיסי 265 גר',עיצובים 2020 (4.9),IL,עוף טוב כתף בקר עסיס,גרמים,265.00,100 גרם,false,,24.90,0.0940,true,1,263042
7290018237984,false,עוף טוב סלמי פפרוני פיקנטי מפולפל 320גרם,עיצובים 2020 (4.9),IL,עוף טוב סלמי פפרוני,גרמים,320.00,100 גרם,false,,24.90,0.0778,true,1,263038
7290018245378,false,קישקע ביתי (מעיים קלוגן),,,קישקה ביתי אסלי,קילוגרמים,1.00,"ק""ג",true,,49.90,49.9000,true,1,214998
7290018245385,false,מסרן ביתי מעיים ממול,,,מסרן ביתי מעיים ממול,קילוגרמים,1.00,"ק""ג",true,,56.90,56.9000,true,1,215004
7290018249086,false,סוויטאנגו ממרח בטעם חלווה פיסטוקחום,,,ממרח בטעם חלווה פיסט,גרמים,350.00,100 גרם,false,,34.90,0.0997,true,1,264040
7290018249123,false,אינסטנט פודינג סוויטאנגו בטעם וניל,מתבל תעשיות מזון,IL,אינסטנט פודינג וניל,גרמים,50.00,100 גרם,false,,12.50,0.2500,true,1,214516
7290018249154,false,ממרח קקאו עם אגוזי לוז 350 גר,"אחדות ביח""ר לטחינה ח",,ממרח קקאו עם אגוזי ס,גרמים,350.00,100 גרם,false,,31.90,0.0911,true,1,262835
7290018249222,false,סוויטנגו אבקת ממתיק 100 גרם,מתבל תעשיות מזון,IL,אבקת ממתיק 100 גר' ס,גרמים,100.00,100 גרם,false,,18.90,0.1890,true,1,213459
7290018249352,false,אינסטנט פודינג קרמל סוויטאנגו 55 גר,,,אינסטנט פודינג בטעם,גרמים,55.00,100 גרם,false,,14.90,0.2709,true,1,261345
7290018249444,false,אבקת ממתיק סוכר שוקו סוויטאנגו 400 גר,מתבל תעשיות מזון,EG,סוויטאנגו שוקו 400 ג,גרמים,400.00,100 גרם,false,,37.90,0.0947,true,1,219918
7290018249550,false,אינסטנט פודינג שוקולד סוויטאנגו 55 גר,מתבל תעשיות מזון,IL,אינסטנט פודינג בטעם,גרמים,55.00,100 גרם,false,,12.50,0.2273,true,1,215824
7290018249802,false,ממתיק סוויטאנגו צנצנת 280 גרם,סוויטאנגו Sweetango,IL,סווינטגו ממתיק 280 ג,גרמים,280.00,100 גרם,false,,28.90,0.1032,true,1,213161
7290018249994,false,סוויטאנגו תחליף סוכר ממתיק 700 גר',מתבל תעשיות מזון,IL,ממתיק סווינאנגו 700,גרמים,700.00,100 גרם,false,,56.90,0.0813,true,1,212361
7290018294000,false,"יין מתוק ק.דיויד רוזה 750 מ""ל",כרמל מזרחי,IL,קינג דיוויד רוזה 750,מיליליטרים,750.00,"100 מ""ל",false,,19.90,0.0265,true,1,218286
7290018294352,false,"ארק יקבי כרמל 700 מ""",יקבי כרמל Carmel Winery,IL,"ערק כרמל 700 מ""ל",מיליליטרים,700.00,"100 מ""ל",false,,49.90,0.0713,true,1,260664
7290018294369,false,"מיץ ענבים תירוש כרמל 700 מ""ל",יקבי כרמל Carmel Winery,,"תירוש אדום 700 מ""ל",מיליליטרים,700.00,"100 מ""ל",false,,13.90,0.0199,true,1,263661
7290018294895,false,"יין מונלייט מוסקטו ורוד מבעבע 750 מ""ל",יקבי כרמל Carmel Winery,IL,יין כרמל MOONLIGHT ל,מיליליטרים,750.00,"100 מ""ל",false,,34.90,0.0465,true,1,262828
7290018294918,false,מונלייט מוסקטו רוזה מתוק מבעבע 750מל,יקבי כרמל Carmel Winery,IL,יין כרמל MOONLIGHT מ,מיליליטרים,750.00,"100 מ""ל",false,,34.90,0.0465,true,1,262830
7290018296042,false,לחם טוסט אמריקה אגמי,מאפיית אגמי,IL,לחם טוסט אמריקה אגמי,גרמים,500.00,100 גרם,false,,12.50,0.0250,true,1,219822
7290018296202,false,לחם אחיד פלוס כוסמין,מאפיית אגמי,IL,לחם אחיד פלוס כוסמין,גרמים,650.00,100 גרם,false,,13.90,0.0214,true,1,210380
7290018296257,false,לחם בריאות ושובע שיבולת שועל 550 גר,מאפיית אגמי,IL,לחם בריאות ושובע שיב,גרמים,550.00,100 גרם,false,,16.60,0.0302,true,1,219636
7290018296448,false,לחם בריוש 500 גרם,מאפיית אגמי,IL,לחם בריוש אגמי,גרמים,500.00,100 גרם,false,,13.90,0.0278,true,1,260987
7290018296455,false,לחם דגנים קל מרובע חלי ממן 750גר,מאפיית אגמי,IL,לחם דגנים קל מרובע ח,גרמים,750.00,100 גרם,false,,16.90,0.0225,true,1,262511
7290018296608,false,לחם בריאות ושובע 9 דגנים קל,מאפיית אגמי,IL,לחם בריאות ושובע 9 ד,גרמים,600.00,100 גרם,false,,13.90,0.0232,true,1,210382
7290018296615,false,פיתה ביס כוסמין מלא 10יח,"מאפיית אגמי בע""מ",IL,פיתה ביס כוסמין מלא,גרמים,450.00,100 גרם,false,,16.60,0.0369,true,1,210383
7290018296646,false,חלת כוסמין תחתית קרט,מאפיית אגמי,IL,חלת כוסמין אגמי,גרמים,400.00,100 גרם,false,,17.50,0.0438,true,1,215127
7290018296653,false,לחם אחיד פלוס כוסמין מרובע 700גר,מאפיית אגמי,IL,לחם אחיד פלוס כוסמין,גרמים,700.00,100 גרם,false,,16.90,0.0241,true,1,262512
7290018296806,false,לחם בריאות ושובע מועשר בסיבים,מאפיית אגמי,IL,לחם בריאות ושובע מוע,גרמים,600.00,100 גרם,false,,13.90,0.0232,true,1,210378
7290018296813,false,פיתה ביס קלה 10 יח 4,"מאפיית אגמי בע""מ",,פיתה קלה ביס 10 יח',גרמים,450.00,100 גרם,false,,13.90,0.0309,true,1,210384
7290018309018,false,מקרון בוטיק מארז 6 י,אולה לה,IL,עוגיות מקרון חלבי,גרמים,96.00,100 גרם,false,,25.90,0.2698,true,1,218747
7290018309209,false,עוגיות מקרון פרווה,,,עוגיות מקרון פרווה,גרמים,96.00,100 גרם,false,,25.90,0.2698,true,1,218575
7290018333006,false,"שוקולד פרימיום 70% לל""ס שברי שקדים 100 גר'",,IL,"שוקולד אגו 70% לל""ס",גרמים,100.00,100 גרם,false,,8.50,0.0850,true,1,217260
7290018333020,false,שלוקים-משקה קל בטעם ענבים קש 200 מל*40 יח,כרמית,IL,שלוקים בטעם ענבים עם,ליטרים,8.00,ליטר,false,,32.90,4.1125,true,1,215774
7290018333945,false,חטיף אגוזים רפאלס שקד ווניל בדצ 150 גר *12יח,כרמית תעשיות ממתקים,IL,חטיף אגוזים רפאלס שק,גרמים,150.00,100 גרם,false,,14.90,0.0993,true,1,218688
7290018333952,false,חטיף אגוזים רפאלס וחמוציות בדצ 150 גר *12יח,כרמית תעשיות ממתקים,IL,חטיף אגוזים וחמוציות,גרמים,150.00,100 גרם,false,,14.90,0.0993,true,1,218689
7290018333969,false,חטיף גרנולה רפאלס שקדים וטחינה בדצ 150 גר *12יח,כרמית תעשיות ממתקים,IL,חטיף גרנולה שקדים וט,גרמים,150.00,100 גרם,false,,14.90,0.0993,true,1,218690
7290018333976,false,חטיף גרנולה רפאלס קשיו וקוקוס בדצ 150 גר *12יח,כרמית תעשיות ממתקים,IL,חטיף גרנולה קשיו וקו,גרמים,150.00,100 גרם,false,,14.90,0.0993,true,1,218691
7290018338070,false,חיטת פריקי תבואות 5,תבואות,IL,חיטת פריקי 500 גר' ת,גרמים,500.00,100 גרם,false,,12.90,0.0258,true,1,215431
7290018338100,false,טחינה אורגנית משומשו,תבואות,,טחינה אורגנית משומשו,גרמים,500.00,100 גרם,false,,15.90,0.0318,true,1,216547
7290018338117,false,טחינה מלאה אורגנית 500 גרם,תבואות,,טחינה אורגנית משומשו,גרמים,500.00,100 גרם,false,,15.90,0.0318,true,1,216548
7290018338551,false,פסטה פנה מקמח כוסמין,פוד סרויס,IT,פסטה פנה מקמח כוסמין,גרמים,500.00,100 גרם,false,,14.90,0.0298,true,1,261533
7290018338605,false,אטריות עדשים כתומות,,,אטריות עדשים כתומות,גרמים,250.00,100 גרם,false,,14.90,0.0596,true,1,259513
7290018338629,false,פנה חומוס וכרכום אור,,,פנה חומוס וכורכום או,גרמים,250.00,100 גרם,false,,14.90,0.0596,true,1,259515
7290018338636,false,פסטה פוסילי כוסמת או,,,פוסילי כוסמת אורגני,גרמים,250.00,100 גרם,false,,14.90,0.0596,true,1,259512
7290018338704,false,פוסילי דורום מלא אורגני 500 גרם,תבואות,,פוסילי מקמח דורום או,גרמים,500.00,100 גרם,false,,8.40,0.0168,true,1,261298
7290018338988,false,מחית תפוח אננס קוקוס אורגני 100 גרם,תבואות,IT,מחית תפוח אננס קרם ק,גרמים,100.00,100 גרם,false,,4.90,0.0490,true,1,264330
7290018339091,false,ריקו אניולוטי ראגו 100% חיטת דורום,פסטה ריקו Pasta Ricco,IL,אניולוטי ראגו מכסה א,גרמים,300.00,100 גרם,false,,31.90,0.1063,true,1,261115
7290018343296,false,דר פישר אלכוגל H לידיים 100 מל,מדי פישר,IL,"אלכוג'ל 100 מ""ל",מיליליטרים,100.00,"100 מ""ל",false,,9.90,0.0990,true,1,219335
7290018343319,false,"ד""ר פישר שמפו לשיער מתולתל -400 מ""ל PERFECT CURLS",מדי פישר,IL,שמפו לשיער מתולתל דר,מיליליטרים,400.00,"100 מ""ל",false,,24.90,0.0622,true,1,216555
7290018343326,false,"ד""ר פישר מרכך לשיער מתולתל -400 מ""ל PERFECT CURLS",מדי פישר,IL,מרכך לשיער מתולתל דר,מיליליטרים,400.00,"100 מ""ל",false,,28.90,0.0722,true,1,216556
7290018343340,false,"ד""ר פישר - שמפו משקם לאחר החלקה ללא תוספת מלח 400 מ""ל",מדי פישר,IL,שמפו משקם לאחר החלקה,מיליליטרים,400.00,"100 מ""ל",false,,36.90,0.0922,true,1,216580
7290018343364,false,"ד""ר פישר - מסכת הזנה משקמת לאחר החלקה ללא תוספת מלח 300 מ""ל",מדי פישר,IL,מסכת הזנה לאחר החלקה,מיליליטרים,300.00,"100 מ""ל",false,,36.90,0.1230,true,1,216557
7290018343517,false,מגבוני אלכוג'ל פרמה וויפס לניקוי משטחים פישר 60 יח',פישר תעשיות,IL,אלכוג'ל פרמה ויפס מג,יחידה,0.00,יחידה,false,,18.90,0.0000,true,1,214351
7290018359334,false,רכז עגבניות טבעי פריכוז שף יכין 580 גרם,זנלכל,IL,פריכוז שף רסק עגבניו,גרמים,580.00,100 גרם,false,,10.90,0.0188,true,1,215408
7290018359457,false,קראנצ' בננה טבעי יכין 19 גר',יכין,TR,קראנץ בננה טבעי יכין,גרמים,19.00,100 גרם,false,,5.90,0.3105,true,1,259299
7290018359464,false,חטיף קראנצ'י תירס טבעי יכין,יכין,IL,קראנץ תירס טבעי יכין,גרמים,27.00,100 גרם,false,,5.90,0.2185,true,1,259300
7290018359471,false,חטיף קראנצ'י תפוחים טבעי יכין,יכין,IL,קראנץ תפוח טבעי יכין,גרמים,18.00,100 גרם,false,,5.90,0.3278,true,1,259301
7290018359488,false,חטיף קראנצ'י דובדבן טבעי יכין,יכין,IL,קראנץ דובדבן טבעי יכ,גרמים,21.00,100 גרם,false,,5.90,0.2810,true,1,259331
7290018359495,false,תירס מהשדה בלי תוספת סוכר יכין 550 גרם,היינץ צפון אמריקה מק,IL,תירס מהשדה ללא תוספת,גרמים,335.00,100 גרם,false,,8.90,0.0266,true,1,214824
7290018359518,false,תירס מהשדה בלי תוספת סוכר יכין מארז 200X3 גר',היינץ צפון אמריקה מק,IL,שלישיית תירס מהשדה ל,גרמים,600.00,100 גרם,false,,13.90,0.0232,true,1,215819
7290018359655,false,מארז פטריות חתוכות יכין 200X3 גרם,יכין,,פטריות חתוכות שלישיי,גרמים,345.00,100 גרם,false,,10.90,0.0316,true,1,262799
7290018359679,false,שעועית לימה הקיסרית יכין 550 גר,קריות זול,IL,שעועית לימה ענקית במ,גרמים,305.00,100 גרם,false,,8.90,0.0292,true,1,260926
7290018359686,false,יכין חומוס גדול 550 גר A2,היינץ צפון אמריקה מק,IL,חומוס ענק יכין,גרמים,290.00,100 גרם,false,,8.50,0.0293,true,1,219752
7290018359716,false,רוטב עגבניות פיצה טוסקנה 240 גרם יכין,"זנלכל בע""מ",IL,רוטב פיצה טוקסנה 240,גרמים,240.00,100 גרם,false,,4.90,0.0204,true,1,217560
7290018359853,false,עדשים שחורות יכין 400 גרם,"זנלכל בע""מ",IL,עדשים שחורות יכין,גרמים,265.00,100 גרם,false,,6.90,0.0260,true,1,219753
7290018359860,false,רסק עגבניות ליקופן טבעי יכין 200 גר*2,זנלכל,IL,רסק עגבניות ליקופן 1,גרמים,400.00,100 גרם,false,,14.90,0.0373,true,1,260871
7290018359877,false,רסק עגבניות טבעי מארז שלישייה,יכין,IL,רסק עגבניות טבעי 100,גרמים,600.00,100 גרם,false,,14.90,0.0248,true,1,260872
7290018359884,false,פולפה ליקופן טבעית יכין 400 גר*2,זנלכל,IL,פולפה ליקופן טבעית 1,גרמים,800.00,100 גרם,false,,16.90,0.0211,true,1,260873
7290018359938,false,"רוטב עגבניות לשקשוקה יכין, 400 גרם",זנלכל,IL,רוטב עגבניות לשקשוקה,גרמים,400.00,100 גרם,false,,11.90,0.0298,true,1,262746
7290018359945,false,יכין חאריפה רוטב פיקנטי מפלפלים וירקות 400גר,זנלכל,IL,חאריפה רוטב פיקנטי מ,גרמים,400.00,100 גרם,false,,11.90,0.0298,true,1,262708
7290018359952,false,רוטב עגבניות לפסטה יכין 400 גרם,זנלכל,IL,רוטב עגבניות לפסטה י,גרמים,400.00,100 גרם,false,,11.90,0.0298,true,1,262709
7290018359969,false,רוטב עגבניות לפיצה יכין 400 גרם,זנלכל,IL,רוטב עגבניות לפיצה י,גרמים,400.00,100 גרם,false,,11.90,0.0298,true,1,262706
7290018371213,false,מחית (סקוויז) תפוח עץ ואפרסק אורגניים 100 גרם,השדה מוצרים טבעיים ו,ES,מחית תפוחי עץ ואפרסק,גרמים,100.00,100 גרם,false,,4.40,0.0440,true,1,215654
7290018371466,false,וופל קמח מלא חרובים אורגני 200 גרם,השדה מוצרים טבעיים ו,IL,וופל קמח מלא חרובים,גרמים,200.00,100 גרם,false,,11.90,0.0595,true,1,261584
7290018371503,false,וופל קמח כוסמין אגוזים אורגני 200 גרם,השדה מוצרים טבעיים ו,IL,וופל קמח כוסמין אגוז,גרמים,200.00,100 גרם,false,,14.50,0.0725,true,1,259472
7290018371510,false,וופל קמח כוסמין לימון אורגני 200 גרם,השדה מוצרים טבעיים ו,IL,ופל קמח כוסמין לימון,גרמים,200.00,100 גרם,false,,14.50,0.0725,true,1,259473
7290018394021,false,ח.תקוע פטריות מלך היער,חוות פטריות תקוע,IL,פטריות מלך היער,יחידה,0.00,יחידה,false,,13.90,0.0000,true,1,218384
7290018394069,false,ביציי שליו חוות תקוע,,,ביצי שליו 12 יח',יחידה,0.00,יחידה,false,,16.90,0.0000,true,1,217769
7290018394076,false,שום שחור תקוע 60 גרם,,,שום פנינה שחור 60 גר,גרמים,60.00,100 גרם,false,,13.90,0.2317,true,1,261031
7290018394083,false,שופ פנינה חוות תקוע 200 גרם,חקלאי,IL,שום פנינה 250 גר' חו,גרמים,250.00,100 גרם,false,,12.90,0.0516,true,1,219439
7290018394113,false,דואט פטריות שי-מג'י חוות תקוע,,IL,דואט פטריות שי-מג'י,גרמים,300.00,100 גרם,false,,21.50,0.0717,true,1,262747
7290018394144,false,בצלצלי איזי שאלוט חוות תקוע,,,איזי שאלוט,גרמים,350.00,100 גרם,false,,9.50,0.0271,true,1,262334
7290018394151,false,מיקס פטריות אקזוטי חוות תקוע,"פנטה אמפאק בע""מ",IL,מיקס פטריות אקזוטי,גרמים,400.00,100 גרם,false,,24.90,0.0622,true,1,262335
7290018400036,false,חגיגת טעמים כתומים סנפרוסט 800 גרם,"סנפרוסט בע""מ",IL,חגיגית טעמים כתומים,גרמים,800.00,100 גרם,false,,21.00,0.0263,true,1,218557
7290018400456,false,סמודיז עם פיטאיה סנפרוסט 300 גר,סנפרוסט,,פטאיה סנפרוסט 300 גר,גרמים,300.00,100 גרם,false,,14.90,0.0497,true,1,261434
7290018400609,false,פיאסטה מקסיקנית סנפרוסט 800 גרם,"סנפרוסט בע""מ",IL,לקט פיאסטה מקסיקנית,גרמים,800.00,100 גרם,false,,21.00,0.0263,true,1,215396
7290018400661,false,לקט פאייה בסגנון ספרדי סנפרוסט 800 ג',"סנפרוסט בע""מ",IL,לקט פאייה בסגנון ספר,גרמים,800.00,100 גרם,false,,21.00,0.0263,true,1,219747
7290018400807,false,טברנה יוונית סנפרוסט 800 גרם,"סנפרוסט בע""מ",IL,לקט טברנה יוונית סנפ,גרמים,800.00,100 גרם,false,,21.00,0.0263,true,1,215397
7290018423028,false,יערת דבש 500 גר',,,יערת דבש 500 גר',גרמים,500.00,100 גרם,false,,36.90,0.0738,true,1,215825
7290018440070,false,תרכיז עגבניות בשפורפרת 28BX בלה איטליה 200 ג',בלה איטליה Bella Italia,IT,תרכיז עגבניות בשפורפ,יחידה,0.00,יחידה,false,,8.90,0.0000,true,1,215698
7290018440193,false,פליפז בייגלה בציפוי קרם בטעם חמאת בוטנים 140 גרם,שוורצקוף& הנקל דיסלד,TR,פליפז בייגלה בציפוי,גרמים,140.00,100 גרם,false,,8.90,0.0636,true,1,216997
7290018440209,false,פליפז בייגלה בציפוי פאדג' לבן 140 גרם,שוורצקוף& הנקל דיסלד,TR,פליפז בייגלה בציפוי,גרמים,140.00,100 גרם,false,,8.90,0.0636,true,1,216998
7290018440223,false,תה צ'אי מאסלה סדרת חווית צ'אי,תה ויסוצקי,IL,צ'אי מסאלה,גרמים,50.00,100 גרם,false,,19.90,0.3980,true,1,259762
7290018440230,false,תה צ'אי ורדים סדרת חווית צ'אי,תה ויסוצקי,IL,צ'אי ורדים,גרמים,50.00,100 גרם,false,,19.90,0.3980,true,1,259764
7290018440247,false,תה צ'אי שקדים סדרת חווית צ'אי,תה ויסוצקי,IL,צ'אי שקדים,גרמים,50.00,100 גרם,false,,19.90,0.3980,true,1,259763
7290018440254,false,תה צ'אי קרמל מלוח סדרת חווית צ'אי,תה ויסוצקי,IL,צ'אי קרמל מלוח,גרמים,50.00,100 גרם,false,,19.90,0.3980,true,1,259765
7290018440384,false,תה ירוק מאטה לימון נענע ויסוצקי 25 יחידות,תה ויסוצקי,IL,תה ירוק מאטה לימון נ,גרמים,37.50,100 גרם,false,,24.90,0.6640,false,1,259746
7290018440391,false,תה ירוק מאטה נענע גוארנה ויסוצקי 25 יחידות,תה ויסוצקי,IL,תה ירוק מאטה נענע גו,גרמים,37.50,100 גרם,false,,24.90,0.6640,false,1,259748
7290018440407,false,תה ירוק מאטה קקאו לוז ויסוצקי 25 יחידות,תה ויסוצקי,IL,תה ירוק מאטה קקאו לו,גרמים,37.50,100 גרם,false,,24.90,0.6640,false,1,259744
7290018440438,false,טונה קאלוו איזי פליפ בשמן 65 גר*3,קאלבו קונסרבס ס.ל.ו,ES,טונה EASY ELIP בשמן,גרמים,195.00,100 גרם,false,,25.90,0.1328,true,1,262787
7290018440445,false,טונה קאלוו בשמן זית 160 גר,קאלבו קונסרבס ס.ל.ו,ES,טונה בשמן זית 160 גר,גרמים,160.00,100 גרם,false,,15.90,0.0994,true,1,262789
7290018440476,false,פליפז בייגלה מצופה בקרם עוגת גבינה ותותים 140 גרם,אולקר מקבוצת פלאדיס,TR,בייגלה מצופה בקרם עו,גרמים,140.00,100 גרם,false,,8.90,0.0636,true,1,259568
7290018440483,false,פליפז בייגלה מצופה בקרמל מלוח ושוקולד 140 גרם,שוורצקוף& הנקל דיסלד,TR,בייגלה מצופה בקרמל מ,גרמים,140.00,100 גרם,false,,8.90,0.0636,true,1,259569
7290018440490,false,סלט טונה קאלוו עם קוסקוס 150 גר,קאלבו קונסרבס ס.ל.ו,ES,סלט טונה עם קוסקוס 1,גרמים,150.00,100 גרם,false,,13.90,0.0927,true,1,262790
7290018440513,false,סלט קליפורנייה קאלוו עם טונה 150 גר,קאלבו קונסרבס ס.ל.ו,ES,סלט קליפורניה עם טונ,גרמים,150.00,100 גרם,false,,13.90,0.0927,true,1,262788
7290018440520,false,סלט טונה קאלוו מקסיקני 150 גר,קאלבו קונסרבס ס.ל.ו,ES,סלט טונה מקסיקני 150,גרמים,150.00,100 גרם,false,,13.90,0.0927,true,1,262791
7290018440896,false,הגן הקסום חליטה ג'ינגר כורכום ויסוצקי 25 יח,תה ויסוצקי,IL,חליטת ג'ינג'ר וכורכו,גרמים,50.00,100 גרם,false,,18.90,0.3780,false,1,261054
7290018441626,false,גלידת פיינטים מנטה עוגיות 430 ג' בן וג'ירי,מוצרי איכות אמריקאיי,IL,בן אנד ג'ריס גלידת מ,מיליליטרים,500.00,"100 מ""ל",false,,18.90,0.0378,true,1,260964
7290018468302,false,נקניקיה טבעונית בסגנון מרגז טירת צבי 400 ג,טירת צבי,IL,נקניקיה צמחית בסגנון,גרמים,400.00,100 גרם,false,,32.90,0.0822,true,1,262330
7290018468319,false,נקניקיה טבעונית בסגנון צוריסוס טירת צבי 400 גרם,טירת צבי,IL,נקניקיה צמחית בסגנון,גרמים,400.00,100 גרם,false,,32.90,0.0822,true,1,262331
7290018468425,false,נקניק טבעוני בטעם פקנטי 100 גרם טירת צבי,טיב טירת צבי 2000,IL,נקניק טבעוני בטעם פי,גרמים,100.00,100 גרם,false,,14.90,0.1490,true,1,264086
7290018468432,false,נקניק טבעוני בטעם מעושן 100 גרם טירת צבי,טיב טירת צבי 2000,IL,נקניק טבעוני בטעם מע,גרמים,100.00,100 גרם,false,,14.90,0.1490,true,1,264087
7290018471029,false,"סודה בטעם לימון - מארז 6 בקבוקים 500 מ""ל",יפאורה תבורי בעמ,IL,שישייה סודה שוופס לי,ליטרים,3.00,ליטר,false,,14.90,4.9667,true,1,215267
7290018471128,false,"ספרינג שייק אננס מנגו פסיפלורה זכוכית 330 מ""ל","יפאורה תבורי בע""מ",IL,ספרינג שייק אננס מנג,מיליליטרים,330.00,"100 מ""ל",false,,6.50,0.0197,true,1,219346
7290018471142,false,"ספרינג שייק בננה אננס קוקוס פירות יער זכוכית 330 מ""ל","יפאורה תבורי בע""מ",IL,ספרינג שייק בננה אננ,מיליליטרים,330.00,"100 מ""ל",false,,6.50,0.0197,true,1,219349
7290018471180,false,משקה פרוט& ווג' אננס תפוח גזר 1 ליטר,מיוצר עי קונדיטוריית,IL,פרוט & ווג' אננס תפו,ליטרים,1.00,ליטר,false,,11.90,11.9000,true,1,217924
7290018471210,false,קרטונית נקטר ספרינג תפוח סברס 1 ליטר,"יפאורה תבורי בע""מ",IL,ספרינג קרטונית אגס ת,ליטרים,1.00,ליטר,false,,6.90,6.9000,false,1,217930
7290018471395,false,משקה פרוט& ווג' תפוח רימון ג'ינג'ר 1 ליטר,פרוט אנד וג' Fruit & Veg,IL,פרוט & ווג' תפוח רימ,ליטרים,1.00,ליטר,false,,11.90,11.9000,true,1,217923
7290018471401,false,משקה פרוט& ווג' אננס בננה כורכום 1 ליטר,מיוצר עי קונדיטוריית,IL,פרוט & ווג' אננס בננ,ליטרים,1.00,ליטר,false,,11.90,11.9000,true,1,217926
7290018471449,false,קרטונית ספרינג שייק בננה תמר תפוז 1 ליטר,"יפאורה תבורי בע""מ",IL,ספרינג שייק בננה תמר,ליטרים,1.00,ליטר,false,,9.90,9.9000,true,1,219340
7290018471470,false,תפוזינה נקטר תפוז פסיפלורה קרטונית 1 ליטר,"יפאורה תבורי בע""מ",IL,תפוזינה נקטר תפוז פס,ליטרים,1.00,ליטר,false,,6.90,6.9000,false,1,218248
7290018471487,false,תפוזינה נקטר תפוז אננס קרטונית 1 ליטר,"יפאורה תבורי בע""מ",IL,תפוזינה נקטר תפוז אנ,ליטרים,1.00,ליטר,false,,6.90,6.9000,false,1,218246
7290018471494,false,תפוזינה משקה תפוז גזר קרטונית 1 ליטר,"יפאורה תבורי בע""מ",IL,תפוזינה משקה תפוז גז,ליטרים,1.00,ליטר,false,,6.90,6.9000,false,1,218249
7290018471548,false,"רביעיית ספרינג ענבים 250 מ""ל",יפאורה תבורי,IL,"ספרינג ענבים 250 מ""ל",ליטרים,1.00,ליטר,false,,12.00,12.0000,false,1,217582
7290018471616,false,שוופס אינדיאן טוניק 1 ליטר,"יפאורה תבורי בע""מ",IL,שוופס טוניק קלאסי 1,ליטרים,1.00,ליטר,false,,9.00,9.0000,false,1,218711
7290018471623,false,שוופס טוניק אשכוליות ליצ'י 1 ליטר,"יפאורה תבורי בע""מ",IL,שוופס טוניק אשכוליות,ליטרים,1.00,ליטר,false,,9.00,9.0000,false,1,218712
7290018471630,false,שוופס טוניק מלפפון ליים 1 ליטר,"יפאורה תבורי בע""מ",IL,שוופס טוניק מלפפון ל,ליטרים,1.00,ליטר,false,,9.00,9.0000,false,1,218713
7290018471692,false,ספרינג שייק בננה אננס קוקוס פירות יער קרטונית 1 ליטר,"יפאורה תבורי בע""מ",IL,ספרינג שייק בננה אגס,ליטרים,1.00,ליטר,false,,9.90,9.9000,true,1,219342
7290018471906,false,שוופס מוגז פירות לימונדה ורודה 1.5 ליטר פיקדון,"יפאורה תבורי בע""מ",IL,שוופס מוגז פירות לימ,ליטרים,1.50,ליטר,false,,8.90,5.9333,false,1,260101
7290018471913,false,משקה מוגז פירות תפוחים שוופס 1.5 ליטר,"יפאורה תבורי בע""מ",IL,שוופס מוגז פירות תפו,ליטרים,1.50,ליטר,false,,8.90,5.9333,false,1,260102
7290018471920,false,שוופס מוגז פירות ענבים 1.5 ליטר פיקדון,"יפאורה תבורי בע""מ",IL,שוופס מוגז פירות ענב,ליטרים,1.50,ליטר,false,,8.90,5.9333,false,1,260103
7290018471937,false,שוופס מוגז פירות תות ליים 1.5 ליטר פיקדון,"יפאורה תבורי בע""מ",IL,שוופס מוגז פירות תות,ליטרים,1.50,ליטר,false,,8.90,5.9333,false,1,260104
7290018471944,false,שוופס מוגז פירות לימונייד 1.5 ליטר פיקדון,"יפאורה תבורי בע""מ",IL,שוופס מוגז פירות לימ,ליטרים,1.50,ליטר,false,,8.90,5.9333,false,1,260105
7290018471951,false,שוופס מוגז פירות אשכולית אדומה 1.5 ליטר פיקדון,"יפאורה תבורי בע""מ",IL,שוופס מוגז פירות אשכ,ליטרים,1.50,ליטר,false,,8.90,5.9333,false,1,260106
7290018493144,false,"ד""ר פישר אל סבון נוזלי לידיים קמיל ש ארגן 1 ל'",פישר תעשיות,IL,קמיל אל סבון מועשר ב,ליטרים,1.00,ליטר,false,,15.90,15.9000,true,1,216585
7290018493403,false,"ד""ר פישר - קידס קצף אמבט ויטמינים 750 מ""ל","ד""ר פישר",,קידס קצף אמבט ויטמינ,מיליליטרים,750.00,"100 מ""ל",false,,15.90,0.0212,true,1,218935
7290018493700,false,"סבון ידיים ויטמינים לילדים כחול 500 מ""ל ד""ר פישר",מדי פישר,IL,קידס אל סבון ויטמיני,מיליליטרים,500.00,"100 מ""ל",false,,12.90,0.0258,true,1,259269
7290018493724,false,קידס אל סבון ויטמינים ליידים- ירוק מלון,מדי פישר,IL,קידס אל סבון ויטמיני,מיליליטרים,500.00,"100 מ""ל",false,,12.90,0.0258,true,1,260496
7290018493915,false,"ד""ר פישר - שמן גוף לתינוק מעושר בשמן שקדים 200 מ""ל",מדי פישר,IL,שמן גוף לתינוק מועשר,מיליליטרים,200.00,"100 מ""ל",false,,17.90,0.0895,true,1,261320
7290018493977,false,אל סבון קמיל בלו בתמצית שיבולת שועל 1 ל,מדי פישר,IL,קמיל קלין קלאם אל סב,יחידה,0.00,יחידה,false,,15.90,0.0000,true,1,219639
7290018500231,false,"לחם וויקאנד אנג`ל, 750 גרם",מאפיית אנג'ל,IL,לחם וויקאנד אנג'ל,גרמים,750.00,100 גרם,false,,17.90,0.0239,true,1,262382
7290018500361,false,"לחם שחור פרוס 900 גרם ""אנג'ל"" -מוצר בפיקוח",מאפיית שלמה א. אנג'ל,IL,לחם אחיד פרוס אנג'ל,גרמים,900.00,100 גרם,false,,8.53,0.0095,false,1,262831
7290018516041,false,פרמיו דליקט עוף לחתול,פרמיו Premio,CN,פרמיו דליקט עוף 56 ג,גרמים,56.00,100 גרם,false,,10.00,0.1786,true,1,262903
7290018516324,false,פאוץ תפוח ושבולת שועל 120 ג' פירונק,פרוטה פודווין איי.אס,CZ,מחית תפוח ושיבולת שו,גרמים,120.00,100 גרם,false,,5.90,0.0492,true,1,219898
7290018516348,false,מחית פרינוק פאוץ' שיבולת שועל סלט פירות 120 גרם,פרוטה פודווין איי.אס,CZ,סלט פירות ושיבולת שו,גרמים,120.00,100 גרם,false,,5.90,0.0492,true,1,219900
7290018516362,false,מחיט תפוח עץ בננה ושבולות שועל 190 ג' פרינוק גוניור,פרוטה פודווין איי.אס,CZ,"ג'וניור תפו""ע בננה ו",גרמים,190.00,100 גרם,false,,6.50,0.0342,true,1,260937
7290018516379,false,מחיט סלט פירות ושבולות שועל 190 ג' פרינוק גוניור,פרוטה פודווין איי.אס,CZ,ג'וניור סלט פירות וש,גרמים,190.00,100 גרם,false,,6.50,0.0342,true,1,260938
7290018516393,false,פרמיו סופרים מיקס לחתול,פרמיו Premio,DE,פרמיו סופרים מיקס 3,קילוגרמים,3.00,"ק""ג",false,,59.90,19.9667,true,1,262887
7290018516447,false,פסטה מקרוני עם גבינה,,,גוסטו מקרוני עם גבינ,גרמים,206.00,100 גרם,false,,12.90,0.0626,true,1,264105
7290018516591,false,הורייזן מחית בשר עוף 90 גרם,סאטורן,DE,מחית בשר עוף הורייזן,גרמים,90.00,100 גרם,false,,10.00,0.1111,true,1,263620
7290018516607,false,הורייזן מחית בשר טונה 90 גרם,סאטורן,DE,מחית בשר טונה הורייז,גרמים,90.00,100 גרם,false,,10.00,0.1111,true,1,263621
7290018516614,false,הורייזן מחית בשר סלמון 90 גרם,סאטורן,DE,מחית בשר סלמון הוריי,גרמים,90.00,100 גרם,false,,10.00,0.1111,true,1,263622
7290018516621,false,הורייזן מחית בשר דג זהבון לחתלתול 90 גרם,סאטורן,DE,מחית בשר דג זהבון הו,גרמים,90.00,100 גרם,false,,10.00,0.1111,true,1,263623
7290018516768,false,פרמיו פטה עוף לחתלתו,,,פרמיו עוף לחתלתול במ,גרמים,400.00,100 גרם,false,,5.90,0.0148,true,1,263625
7290018516799,false,פטה עוף וכבד לחתול בוגר פרמיו 400 ג,,,פרמיו פטה עוף וכבד ל,גרמים,400.00,100 גרם,false,,5.90,0.0148,true,1,263627
7290018516805,false,פרמיו פטה עוף לחתול,,,פרמיו פטה עוף לחתול,גרמים,400.00,100 גרם,false,,5.90,0.0148,true,1,263628
7290018516836,false,פרמיו סטרילייז סלמון,,,פרמיו סטרילייז סלמון,גרמים,400.00,100 גרם,false,,5.90,0.0148,true,1,263629
7290018517024,false,בסיס לפיצה בנוסח איטלקי 4 יח',,,בסיס לפיצה בנוסח איט,גרמים,440.00,100 גרם,false,,10.90,0.0248,true,1,216644
7290018517031,false,"'טורטיות בתוספת קמח כוסמין 20 ס""מ 8 יח",,TR,טורטיות בתוספת קמח כ,גרמים,360.00,100 גרם,false,,10.90,0.0303,true,1,218587
7290018517147,false,פופקורן למיקרוגל בטעם טבעי 300 ג',RAMSEY,,פופקורן למיקרו טבעי,גרמים,300.00,100 גרם,false,,8.90,0.0297,true,1,218897
7290018517154,false,פופקורן למיקרוגל חמאה 300 גרם,RAMSEY,,פופקורן למיקרו חמאה,גרמים,300.00,100 גרם,false,,8.90,0.0297,true,1,219773
7290018517260,false,זרעי פשתן 100% טבעי הנמל 400 ג',,,זרעי פשתן 300 גר' 10,גרמים,300.00,100 גרם,false,,10.90,0.0363,true,1,261272
7290018540329,false,שקית פיתה פיתה בלדי 800 ג' אנג'ל,מאפיית שלמה א. אנג'ל,IL,פיתות אנג'ל 8 יח',גרמים,880.00,100 גרם,false,,11.50,0.0131,true,1,217089
7290018540817,false,לחם מחמצת כוסמין ארטיזנל 500 גרם,מאפיית אורנים,IL,ארטיזנל לחם מחמצת כו,גרמים,500.00,100 גרם,false,,14.90,0.0298,true,1,260307
7290018540824,false,לחם מחמצת כפרי ארטיזנל 500 גרם,מאפיית אורנים,IL,ארטיזנל לחם מחמצת כפ,גרמים,500.00,100 גרם,false,,14.90,0.0298,true,1,260308
7290018540831,false,לחם מחמצת חיטה מלאה וגרעינים 500 ג' ארטיזנל,מאפיית אורנים,IL,ארטיזנל לחם מחמצת חי,גרמים,500.00,100 גרם,false,,14.90,0.0298,true,1,260309
7290018564622,false,שף הטבע תיבוליות שום,בני דרום,IL,שום כתוש טבליות 80 ג,גרמים,80.00,100 גרם,false,,9.90,0.1238,true,1,259994
7290018652015,false,נסטלה שלגון סופרולר 75 גרם,פרונרי איברייה,PL,שלגון סופרולר,גרמים,75.00,100 גרם,false,,7.50,0.1000,true,1,217545
7290018652039,false,לה קרמריה קרמל מלוח ונוגט בדצ 1.4 ליטר,גלידות נסטלה,IL,לה קרמריה קרמל מלוח,ליטרים,1.40,ליטר,false,,22.90,16.3571,true,1,217034
7290018652213,false,מאגדת חטיפי גלידה קראנץ בר 41X6 גרם,פרונרי איטליה,IT,נסטלה מאגדת קראנץ בר,גרמים,246.00,100 גרם,false,,22.90,0.0931,true,1,261143
7290018652671,false,"לה קרמריה שוקולד וניל 1.4 ליטר [תו אי""ל]",גלידות נסטלה,IL,לה קרמריה שוקו וניל,ליטרים,1.40,ליטר,false,,22.90,16.3571,false,1,261215
7290018652770,false,אקסטרים ביגלה מתוק מלוח 115 ג' נסטלה,גלידות נסטלה,IL,אקסטרים ביגלה מתוק מ,גרמים,115.00,100 גרם,false,,10.00,0.0870,true,1,261224
7290018652886,false,"מאגדת מצופים שוקו בננה חת""ס- 8 יחידות",גלידות נסטלה,IL,מאגדת שלגונים מצופים,גרמים,476.00,100 גרם,false,,26.90,0.0565,true,1,263456
7290018652909,false,מאגדת מאגנום קפה שוקולד ופקאן 5 *43 ג' נסטלה,גלידות נסטלה,IL,מאגדת אספרסו שוקולד,גרמים,225.00,100 גרם,false,,27.90,0.1240,true,1,261145
7290018652923,false,מאגדת תות עוגת גבינה שוקולד 5 *43 ג' נסטלה,גלידות נסטלה,IL,מאגדת תות עוגת גבינה,גרמים,225.00,100 גרם,false,,27.90,0.1240,true,1,261146
7290018654385,false,מארז וופל בלגי 10יח,,,וופל בלגי עשירייה,גרמים,400.00,100 גרם,false,,22.90,0.0572,true,1,216474
7290018654477,false,מקלות צורוס אורגינל,,,צו'רוס אורגינל ביתי,גרמים,300.00,100 גרם,false,,16.90,0.0563,true,1,216890
7290018677001,false,"לחם אורז וגרעיני חמניות לל""ג 375 גרם",,CZ,לחם אורז עם גרעיני ח,גרמים,375.00,100 גרם,false,,19.90,0.0531,true,1,260121
7290018677049,false,לחם שיפון מלא פומפרניקל אורגני 500 גרם,,CZ,לחם מחמצת שיפון מלא,גרמים,500.00,100 גרם,false,,19.90,0.0398,true,1,261335
7290018677056,false,קוואקר דק אורגני 500 גרם,,DK,קוואקר אורגני דק נוט,גרמים,500.00,100 גרם,false,,10.90,0.0218,true,1,218862
7290018677063,false,קוואקר עבה אורגני 500 גרם,,DK,קוואקר אורגני עבה נו,גרמים,500.00,100 גרם,false,,10.90,0.0218,true,1,218863
7290018677070,false,"קרם קוקוס אורגני 330 מ""ל",בראנץ' אוף בן טרה אי,LK,קרם קוקוס אורגני נוט,מיליליטרים,330.00,"100 מ""ל",false,,11.50,0.0348,true,1,218864
7290018677087,false,"קרם קוקוס לל""ג אורגני נוטרה זן 1 ליטר",,LK,קרם קוקוס אורגני ללא,ליטרים,1.00,1000ליטר,false,,22.90,22.9000,true,1,261337
7290018677117,false,סובין שיבולת שועל או,,,סובין שיבולת שועל או,גרמים,400.00,100 גרם,false,,22.50,0.0563,true,1,218865
7290018677131,false,גרנולה קראנצ'י אגוזים ושקדים ללא גלוטן וללא תוספת סוכר נוטרה זן-300 גרם,נוטרה זון,CZ,גרנולה קראנצי אגוזים,גרמים,300.00,100 גרם,false,,23.90,0.0797,true,1,260513
7290018677155,false,"תערובת קמחים רב תכליתי לל""ג 500 גרם",נוטרה זון,IT,תערובת קמחים רב תכלי,גרמים,500.00,100 גרם,false,,22.90,0.0458,true,1,219273
7290018677162,false,"תערובת קמחים רב תכליתי לל""ג 500 גרם",נוטרה זון,IT,תערובת רב תכליתית לל,גרמים,500.00,100 גרם,false,,20.90,0.0418,true,1,219274
7290018677179,false,"מחית עגבניות לל""ג אורגני 695 גרם",,IL,מחית עגבניות אורגני,גרמים,695.00,100 גרם,false,,13.90,0.0200,true,1,260515
7290018677209,false,סירופ מייפל אורגני 250 מל,,,סירופ מייפל אורגני נ,מיליליטרים,250.00,"100 מ""ל",false,,23.90,0.0956,true,1,261338
7290018677216,false,"פנה כוסמת לל""ג אורגני 250 גרם",,IT,פסטה כוסמת פנה אורגנ,גרמים,250.00,100 גרם,false,,15.90,0.0636,true,1,261664
7290018684238,false,קמח אורז 500 גר',,,קמח אורז 500 גר',גרמים,500.00,100 גרם,false,,12.00,0.0240,true,1,262350
7290018703083,false,פראוד חטיף חלבון דאבל שוקולד 60 גרם קראנץ,פראוד PROUD,NL,פראוד חטיף חלבון דאב,גרמים,60.00,100 גרם,false,,11.90,0.1983,true,1,262556
7290018703229,false,חטיף חלבון שוקולד אגוזים פראוד 60 גרם,פראוד,,פראוד - חטיף חלבון ט,גרמים,60.00,100 גרם,false,,11.90,0.1983,true,1,262289
7290018703243,false,חטיף חלבון קרמל קראנצ פראוד 60 גרם,פראוד,,פראוד - חטיף חלבון ט,גרמים,60.00,100 גרם,false,,11.90,0.1983,true,1,262290
7290018703311,false,פראוד - חטיף חלבון קרם עוגיות קראנצ' 60ג,v.s.i,NL,חטיף חלבון בטעם קרם,גרמים,60.00,100 גרם,false,,11.90,0.1983,true,1,262549
7290018703496,false,פראוד - חטיף חלבון בטעם בננה טופי 60 גרם,פראוד PROUD,,פראוד חטיף חלבון בננ,גרמים,60.00,100 גרם,false,,11.90,0.1983,true,1,262557
7290018708118,false,בארכה חלבה וניל פיסטוק ללא סוכר 350 ג,,,בארכה חלבה וניל פיסט,גרמים,350.00,100 גרם,false,,15.90,0.0454,true,1,260432
7290018708125,false,בארכה חלבה מסולסלת וניל 250 גרם,בארכה,IL,חלבה בארכה מסולסלת ו,גרמים,250.00,100 גרם,false,,15.90,0.0636,true,1,260828
7290018724071,false,קקאו אורגני נטורלה 100 גרם,לוקס פרודקטס,IL,קקאו אורגני נטורלה,גרמים,100.00,100 גרם,false,,16.50,0.1650,true,1,219456
7290018724521,false,פריכיות כוסמת עם שקד,,,פריכיות כוסמת עם שקד,גרמים,145.00,100 גרם,false,,11.90,0.0821,true,1,261339
7290018724552,false,קמח שקדים ללא גלוטן 250 גרם,השקד אומנות ומסחר,IL,קמח שקדים ללא גלוטן,גרמים,250.00,100 גרם,false,,22.90,0.0916,true,1,259655
7290018724606,false,סודה לשתייה לא אלומיניום 350 גרם,,IL,סודה לשתיה ללא אלומי,גרמים,350.00,100 גרם,false,,12.90,0.0369,true,1,219216
7290018724682,false,גרנולה עשירה נטורלה ממתיק סוויטאנגו 300ג,,,גרנולה עשירה ממותק ס,גרמים,300.00,100 גרם,false,,24.90,0.0830,true,1,263499
7290018724699,false,גרנולה שקדים גרעינים,,,גרנולה גרעינים ושקדי,גרמים,300.00,100 גרם,false,,24.90,0.0830,true,1,263500
7290018724705,false,ג'עלה תערובת לסלט נט,,,ג'עלה נטורלה,גרמים,350.00,100 גרם,false,,22.90,0.0654,true,1,264143
7290018724804,false,"זרעי צ'יה ""נטורלה"" 230 גרם",,IL,זרעי צ'יה נטורלה,גרמים,230.00,100 גרם,false,,12.90,0.0561,true,1,215871
7290018724897,false,פירורי לחם ללא גלוטן 300 גרם אביב ירוק,,IL,פירורי מאפה ללא גלוט,גרמים,300.00,100 גרם,false,,15.90,0.0530,true,1,217258
7290018792841,false,אבקת קקאו טבעי גאנה 150 גר,אברמוביץ עזר קקאו וש,IL,אבקת קקאו טבעי 150 ג,גרמים,150.00,100 גרם,false,,10.90,0.0727,true,1,262783
7290018792858,false,אבקת קקאו טבעי 500 גרם,,GH,אבקת קקאו טבעי 500 ג,גרמים,500.00,100 גרם,false,,24.90,0.0498,true,1,262784
7290018795842,false,שיני שום קלופות 500ג מרינה,מרינה,IL,שיני שום קלופות 500,גרמים,500.00,100 גרם,false,,18.90,0.0378,true,1,263265
7290018835005,false,אקסטרה ציפס אורז חום מלח פלפל ושמן זית,,BG,אקסטרה צ'יפס אורז חו,גרמים,60.00,100 גרם,false,,6.90,0.1150,true,1,262405
7290018874004,false,"יין יראון יקב הרי הגליל 2019 750 מ""ל",יקבי רמת הגולן,,יין יראון 2019,מיליליטרים,750.00,"100 מ""ל",false,,109.90,0.1465,true,1,262672
7290018878170,false,אגו שוקולד מריר 60% מוצקי קקאו 2*100גר,כרמית תעשיות ממתקים,IL,זוג שוקולד מריר אגו,גרמים,200.00,100 גרם,false,,9.90,0.0495,true,1,262821
7290018878224,false,כרמית מיני קוקיס בטעם שוקולד 600 גרם,Carmit,IL,מיני קוקיס בטעם שוקו,גרמים,600.00,100 גרם,false,,15.90,0.0265,true,1,263969
7290018878231,false,"מיני קוקיס לל""ס בטעם שוקולד 600 גרם",Carmit,,"מיני קוקיס לל""ס בטעם",גרמים,600.00,100 גרם,false,,21.90,0.0365,true,1,263968
7290018879658,false,שוקולד צ'יפס מריר 45% 250ג'*16בקרט,כרמית,IL,שוקולד צ'יפס מריר 45,גרמים,250.00,100 גרם,false,,9.90,0.0396,true,1,260844
7290018879856,false,טופי שטוח בטעמי ענבים ופטל 400 גרם כרמית,,,טופי שטוח ענבים ופטל,גרמים,400.00,100 גרם,false,,9.90,0.0248,true,1,260935
7290018889305,false,עוגה קריסטלית לב רד וולוט חלבי 225 ג' נטלי,,,קינוח לב אדום נטלי,יחידה,0.00,יחידה,false,,19.90,0.0000,true,1,262629
7290018889404,false,עוגת פס רד וולוט חלבי נטלי 550 גרם,,,פס עוגת רד וולווט נט,יחידה,0.00,יחידה,false,,43.90,0.0000,true,1,262631
7290018889435,false,פס מוס טירמיסו,,,פס מוס טירמיסו,יחידה,0.00,יחידה,false,,59.90,0.0000,true,1,264543
7290018889473,false,עוגה קריסטלית לב מוס גבינה מצופה פררו רושה 170ג' נטלי,,,קינוח מוס גבינה נטלי,יחידה,0.00,יחידה,false,,19.90,0.0000,true,1,262630
7290018893005,false,"חטיפי בייגלה אפוי בטעם חרדל ודבש, 160 גרם",צ'וקטה Chocketa,RO,צ'וקטה בייגלה בטעם ח,גרמים,200.00,100 גרם,false,,6.90,0.0345,true,1,259539
7290018893036,false,עוגיות סנדוויץ' בטעם שוקולד ממולאות קרם בטעם וניל,צ'וקטה Chocketa,ES,צ'וקטה ביסקויט שוקול,גרמים,176.00,100 גרם,false,,6.90,0.0392,true,1,260519
7290018893081,false,עוגות מגולגלות במילוי קרם חלבי וציפוי בטעם שוקולד,צ'וקטה Chocketa,IL,צ'וקטה עוגות אישיות,גרמים,222.00,100 גרם,false,,8.90,0.0401,true,1,260187
7290018893098,false,צ'וקטה ביסקוויט מצופה שוקולד חלב 100 גרם,דיסטרופר אוליבייר,ES,צ'וקטה עוגיות מצופות,גרמים,100.00,100 גרם,false,,6.90,0.0690,true,1,260945
7290018893104,false,צ'וקטה ביסקוויט מצופה שוקולד מריר 100 גרם,דיסטרופר אוליבייר,ES,צ'וקטה עוגיות מצופות,גרמים,100.00,100 גרם,false,,6.90,0.0690,true,1,260946
7290018893111,false,צ'וקטה שוקולד מריר בלגי 70% 100 גרם משולש K,צ'וקטה Chocketa,BE,צ'וקטה שוקולד מריר ב,גרמים,100.00,100 גרם,false,,7.90,0.0790,true,1,260804
7290018893128,false,צ'וקטה שוקולד חלב בלגי 34% 100 גרם,צ'וקטה Chocketa,BE,צ'וקטה שוקולד חלב בל,גרמים,100.00,100 גרם,false,,7.90,0.0790,true,1,260805
7290018893135,false,מקלות אפויים בתוספת מלח Salty,צ'וקטה Chocketa,US,צ'וקטה גריסיני מלח,גרמים,120.00,100 גרם,false,,7.90,0.0658,true,1,262960
7290018893258,false,צ'וקטה עוגות אישיות במילוי קרם קרמל ובציפוי בטעם שוקולד 300 גרם,פרדי קונדיטוריה אס.פ,IT,צ'וקטה עוגות אישיות,גרמים,300.00,100 גרם,false,,11.90,0.0397,true,1,219663
7290018893289,false,צ'וקטה עוגות מגולגלות בטעם קקאו במילוי קרם קקאו וציפוי בטעם שוקולד 6 יח' 222 גרם,צ'וקטה Chocketa,IT,צ'וקטה עוגות אישיות,גרמים,222.00,100 גרם,false,,8.90,0.0401,true,1,259898
7290018893296,false,עוגיות חמאה מצופות שוקולד בעיטורי שוקולד לבן 100 ג',דיסטרופר אוליבייר,RO,צ'וקטה עוגיות חמאה מ,גרמים,100.00,100 גרם,false,,9.90,0.0990,true,1,261318
7290018893319,false,צ'וקטה שוקולד מריר בלגי 85% 100 גרם,צ'וקטה Chocketa,BE,צ'וקטה שוקולד מריר ב,גרמים,100.00,100 גרם,false,,7.90,0.0790,true,1,260835
7290018893340,false,מקלות אפויים בתוספת שומשום Salty,צ'וקטה Chocketa,US,צ'וקטה גריסיני שומשו,גרמים,120.00,100 גרם,false,,7.90,0.0658,true,1,262962
7290018893456,false,צ'וקטה עוגות אישיות במילוי קרם ובציפוי בטעם שוקולד 300 גרם,פרדי קונדיטוריה אס.פ,IT,צ'וקטה עוגות אישיות,גרמים,300.00,100 גרם,false,,11.90,0.0397,true,1,219662
7290018893487,false,צוקטה עוגות אישיות בטעם קוקוס-350 גרם,פרדי קונדטוריה אס פי,IT,צ'וקטה עוגות אישיות,גרמים,350.00,100 גרם,false,,11.90,0.0340,true,1,259742
7290018893494,false,עלי וופל דקים בטעם חמאה ציוקטה 100 גר,דיסטרופר אוליבייר,NL,צ'וקטה עלי וופל חמאה,גרמים,100.00,100 גרם,false,,9.90,0.0990,true,1,260412
7290018893531,false,קרקרים מלוחים סלטי צ,סטרופוופל,PT,צ'וקטה קרקרים מלוחים,גרמים,500.00,100 גרם,false,,12.90,0.0258,true,1,263930
7290018893661,false,עוגות אישיות במילוי קרם קקאו ציפוי בטעם שוקולד מריר,פרדי קונדיטוריה אס פ,IT,צ'וקטה עוגות אישיות,גרמים,240.00,100 גרם,false,,10.90,0.0454,true,1,219664
7290018893692,false,צוקטה שוקולד חלב מעולה 280 גרם,צ'וקטה Chocketa,FR,צ'וקטה שוקולד חלב,גרמים,280.00,100 גרם,false,,12.90,0.0461,true,1,259261
7290018893708,false,עוגיות סנדוויץ' במילוי קרם בטעם שוקולד,צ'וקטה Chocketa,ES,צ'וקטה עוגיות סנדווי,גרמים,250.00,100 גרם,false,,6.90,0.0276,true,1,260930
7290018893715,false,צוקטה בייגלה שטוח מצופה שוקולד חלב 80 גר,צ'וקטה Chocketa,RO,צ'וקטה בייגלה מצופה,גרמים,80.00,100 גרם,false,,6.90,0.0863,true,1,260803
7290018893746,false,צוקטה בייגלה עגבניות ועשבי תיבול 180 גרם,SC ALKA TRADING CO S,RO,צ'וקטה בייגלה עגבניו,גרמים,180.00,100 גרם,false,,6.90,0.0383,true,1,263312
7290018893753,false,צוקטה וופל חמאה בטעם לימון 100 גרם,שסטוביץ,BE,צ'וקטה וופל חמאה בטע,גרמים,100.00,100 גרם,false,,9.90,0.0990,true,1,263263
7290018893807,false,צוקטה בטעם שוקולד מריר 60% 3 יח' 300 גרם,צ'וקטה Chocketa,ES,שוקולד צ'וקטה מריר 6,גרמים,300.00,100 גרם,false,,10.90,0.0363,true,1,259740
7290018893814,false,צ'וקטה חמישיית שוקולד מריר 48%,הדקלאים אגודת שיתופי,ES,שוקולד מריר 48% חמיש,גרמים,500.00,100 גרם,false,,15.90,0.0318,true,1,259548
7290018893906,false,עוגיות סנדוויץ' במילוי קרם בטעם וניל,צ'וקטה Chocketa,ES,צ'וקטה עוגיות סנדויץ,גרמים,250.00,100 גרם,false,,6.90,0.0276,true,1,260931
7290018893920,false,לוקיטוס סוכריות ג'לי בטעמי פירות 700גר,צ'וקטה Chocketa,GR,לוקיטוס סוכריות ג'לי,גרמים,700.00,100 גרם,false,,18.90,0.0270,true,1,263927
7290018893937,false,לוקיטוס סוכריות ג'לי 300 גר,לאבדס,GR,לוקיטוס סוכריות ג'לי,גרמים,300.00,100 גרם,false,,9.90,0.0330,true,1,263928
7290018893951,false,צ'וקטה וופל חמאה קינמון 100 גרם,,BE,צ'וקטה וופל חמאה בטע,גרמים,100.00,100 גרם,false,,9.90,0.0990,true,1,263532
7290018894002,false,קוביות וופל במילוי קרם קקאו - חלבי,בלקוני Balconi,IT,בלקוני וופל קוביות ק,גרמים,250.00,100 גרם,false,,10.90,0.0436,true,1,261319
7290018894019,false,עוגות אישיות במילוי קרם חלבי ובציפוי קרם קקאו,בלקוני Balconi,IT,בלקוני עוגות אישיות,גרמים,350.00,100 גרם,false,,13.90,0.0397,true,1,261105
7290018894217,false,עוגות אישיות במילוי קרם קקאו ובציפוי קרם קקאו,בלקוני Balconi,IT,בלקוני עוגות אישיות,גרמים,350.00,100 גרם,false,,13.90,0.0397,true,1,261103
7290018894248,false,צ'וקטה - שוקולד חלב שלישייה 3 * 100 גרם,צ'וקטה Chocketa,FR,צ'וקטה שוקולד חלב 1/,גרמים,300.00,100 גרם,false,,12.90,0.0430,true,1,263931
7290018894606,false,בלקוני וופל קקאו 175 גרם חלבי OU,בלקוני Balconi,IT,בלקוני וופל קקאו,גרמים,175.00,100 גרם,false,,7.90,0.0451,true,1,261107
7290018894804,false,וופלים במילוי קרם אגוזי לוז - חלבי,בלקוני Balconi,IT,בלקוני וופל אגוזי לו,גרמים,175.00,100 גרם,false,,7.90,0.0451,true,1,261108
7290018921067,false,"ד""ר פישר - אפקטיב קר תחליב רחצה שמן שקדים 700 מ""ל","ד""ר פישר Dr fischer",IL,אפקטיב קר תחליב רחצה,מיליליטרים,700.00,"100 מ""ל",false,,16.90,0.0241,true,1,260914
7290018921203,false,"קמיל בלו קרם החתלה קמומיל 120 ג' ד""ר פישר",פישר תעשיות,IL,קמיל בלו קרם החתלה ק,גרמים,120.00,100 גרם,false,,18.90,0.1575,true,1,263419
7290018921449,false,קמיל בלו מגבונים תפרחת חיתולים רביעייה,פישר תעשיות,IL,רביעיית מגבוני קמיל,יחידה,0.00,יחידה,false,,24.90,0.0000,true,1,260273
7290018921456,false,"ד""ר פישר - אפקטיב קר תחליב רחצה שמן כותנה 700 מ""ל","ד""ר פישר Dr fischer",IL,אפקטיב קר תחליב רחצה,מיליליטרים,700.00,"100 מ""ל",false,,16.90,0.0241,true,1,260911
7290018921609,false,"ד""ר פישר - קמיל בלו קרם החתלה קלנדולה 120 גרם",פישר תעשיות,IL,קמיל בלו קרם החתלה ק,גרמים,120.00,100 גרם,false,,21.90,0.1825,true,1,263420
7290018921654,false,"ד""ר פישר - אפקטיב קר תחליב רחצה תמצית לוונדר 700 מ""ל","ד""ר פישר Dr fischer",IL,אפקטיב קר תחליב רחצה,מיליליטרים,700.00,"100 מ""ל",false,,16.90,0.0241,true,1,260912
7290018921753,false,"אל סבון לתחושת רעננות לבנדר קמיל ד""ר פישר 1 ל""",פישר תעשיות,IL,אל סבון מועשר בתמציו,ליטרים,1.00,ליטר,false,,15.90,15.9000,true,1,260640
7290018921807,false,"קמיל בלו משחת החתלה צמחי מרפא 120 ג' ד""ר פישר",פישר תעשיות,IL,קמיל בלו משחת החתלה,גרמים,120.00,100 גרם,false,,19.90,0.1658,true,1,263421
7290018921852,false,"תחליב רחצה מועשר בשמן ארגן 700 מ""ל אפקטיב קר","ד""ר פישר Dr fischer",IL,אפקטיב קר תחליב רחצה,מיליליטרים,700.00,"100 מ""ל",false,,16.90,0.0241,true,1,260913
7290018925065,false,מיץ פרימור תפוזים סחוט 2 ליטר-,"גניר (1992) בע""מ",IL,מיץ תפוזים סחוט פרימ,ליטרים,2.00,ליטר,false,,26.90,13.4500,false,1,260428
7290018925072,false,משקה קל לימונים ונענע 2 ל פרימור,"גניר (1992) בע""מ",IL,משקה קל לימונים ונענ,ליטרים,2.00,ליטר,false,,27.90,13.9500,false,1,260429
7290018925089,false,"מיץ פרימור תפו""ע צלול סחוט 2 ליטר-","גניר (1992) בע""מ",IL,מיץ תפוחים צלול 100%,ליטרים,2.00,ליטר,false,,26.90,13.4500,false,1,260430
7290018925409,false,"מיץ לימון ואננס 400 מ""ל פרימור",קריות זול,IL,מיץ לימון ואננס 400,מיליליטרים,400.00,"100 מ""ל",false,,8.70,0.0218,true,1,263319
7290018949016,false,"גרופר משקה קל מוגז אורגני תפוחחה 330 מ""",,IL,גרופר משקה קל מוגז א,מיליליטרים,330.00,"100 מ""ל",false,,7.90,0.0239,true,1,260192
7290018949023,false,"גרופר משקה קל מוגז אורגני לימוננ 330 מ""ל",,IL,גרופר משקה קל מוגז א,מיליליטרים,330.00,"100 מ""ל",false,,7.90,0.0239,true,1,260193
7290018978092,false,פליקס דגנים מצופים ש,,,פליקס דגנים מצופים ש,גרמים,65.00,100 גרם,false,,8.50,0.1308,true,1,261437
7290018978122,false,פליקס קורנפלקס מיני,,,פליקס קורנפלקס מיני,גרמים,65.00,100 גרם,false,,8.50,0.1308,true,1,261438
7290018978139,false,פליקס קורנפלקס מיני,,,פליקס קורנפלקס מיני,גרמים,65.00,100 גרם,false,,8.50,0.1308,true,1,261439
7290018978238,false,פליקס דגנים מצופים ש,,,פליקס דגנים מצופים ש,גרמים,65.00,100 גרם,false,,8.50,0.1308,true,1,261440
7290018989005,false,שלישיית פולפה עגבניות טבעי יכין 400X3 גרם,זנלכל,IL,פולפה טבעית שלישייה,גרמים,1200.00,100 גרם,false,,16.90,0.0141,true,1,260874
7290018989081,false,יכין חומוס הבית להכנת חומוס טרי 410 גי,זנלכל,IL,חומוס הבית להכנת חומ,גרמים,250.00,100 גרם,false,,6.90,0.0276,true,1,262927
7290018989128,false,סירופ בטעם ענבים יכין 1 ליטר,זנלכל,IL,סירופ בטעם פטל ענבים,ליטרים,1.00,ליטר,false,,18.90,18.9000,true,1,262919
7290018989135,false,סירופ בטעם פטל יכין 1 ליטר,זנלכל,IL,סירופ בטעם פטל יכין,ליטרים,1.00,ליטר,false,,18.90,18.9000,true,1,262920
7290019015185,false,"דפיוזר בוהו 200 מ""ל",,,מפיץ ריח,מיליליטרים,200.00,"100 מ""ל",false,,49.90,0.2495,true,1,261686
7290019015772,false,"בקבוק טריטן 750 מ""ל",,,בקבוק מים פלסטיק,יחידה,0.00,יחידה,false,,39.90,0.0000,true,1,263298
7290019035220,false,תערובת פירות יער קפוא 600ג' פילד גוד,קונגלדוס אקיואטוריאנ,RS,מיקס פירות יער אוכמנ,גרמים,600.00,100 גרם,false,,24.90,0.0415,true,1,263173
7290019035244,false,מיקס פירות בננה פסיפ,קונגלדוס אקיואטוריאנ,RS,מיקס פירות פסיפלורה,גרמים,600.00,100 גרם,false,,24.90,0.0415,true,1,263174
7290019035329,false,מיקס פירות תות קפוא 600 ג' פילד גוד,קונגלדוס אקיואטוריאנ,RS,מיקס פירות תות מלון,גרמים,600.00,100 גרם,false,,24.90,0.0415,true,1,263176
7290019041795,false,שקד קלוי מלוח על הדר,,,שקד קלוי מלוח על הדר,גרמים,70.00,100 גרם,false,,7.90,0.1129,true,1,262840
7290019041818,false,פיסטוק קלוי מלוח 70 גר',,,פיסטוק קלוי מלוח על,גרמים,70.00,100 גרם,false,,7.90,0.1129,true,1,262838
7290019041825,false,לקט פיצוחים 70 גר' ע,,,לקט פיצוחים 70 גר' ע,גרמים,70.00,100 גרם,false,,7.90,0.1129,true,1,262836
7290019056027,false,שוופס מוגז פירות תפוחים ללא סוכר 1.5 ליטר פיקדון,"יפאורה תבורי בע""מ",IL,שוופס מוגז פירות תפו,ליטרים,1.50,ליטר,false,,8.90,5.9333,false,1,260107
7290019056034,false,שוופס מוגז פירות אננס ללא סוכר 1.5 ליטר פיקדון,"יפאורה תבורי בע""מ",IL,שוופס מוגז פירות אננ,ליטרים,1.50,ליטר,false,,8.90,5.9333,false,1,260108
7290019056041,false,שוופס מוגז פירות לימונייד ללא סוכר 1.5 ליטר פיקדון,"יפאורה תבורי בע""מ",IL,שוופס מוגז פירות לימ,ליטרים,1.50,ליטר,false,,8.90,5.9333,false,1,260109
7290019056058,false,שוופס מוגז עדין תפוח ליים 1.5 ליטר פיקדון,"יפאורה תבורי בע""מ",IL,שוופס מוגז עדין תפוח,ליטרים,1.50,ליטר,false,,8.90,5.9333,false,1,260095
7290019056065,false,שוופס מוגז עדין פירות יער 1.5 ליטר פיקדון,"יפאורה תבורי בע""מ",IL,שוופס מוגז עדין פירו,ליטרים,1.50,ליטר,false,,8.90,5.9333,false,1,260096
7290019056072,false,שוופס מוגז עדין אננס 1.5 ליטר פיקדון,מיוצר עי קונדיטוריית,IL,שוופס מוגז עדין אננס,ליטרים,1.50,ליטר,false,,8.90,5.9333,false,1,260097
7290019056089,false,שוופס מוגז עדין ענבי ריזלינג 1.5 ליטר פיקדון,"יפאורה תבורי בע""מ",IL,שוופס מוגז עדין ענבי,ליטרים,1.50,ליטר,false,,8.90,5.9333,false,1,260098
7290019056096,false,שוופס מוגז עדין אפרסק 1.5 ליטר פיקדון,"יפאורה תבורי בע""מ",IL,שוופס מוגז עדין אפרס,ליטרים,1.50,ליטר,false,,8.90,5.9333,false,1,260099
7290019056119,false,שוופס סודה 1.5 ליטר פיקדון,"יפאורה תבורי בע""מ",IL,שוופס סודה 1.5 ל',ליטרים,1.50,ליטר,false,,3.90,2.6000,false,1,260085
7290019056126,false,שוופס סודה לימון 1.5 ליטר בק' בודד פיקדון,"יפאורה תבורי בע""מ",IL,שוופס סודה לימון 1.5,ליטרים,1.50,ליטר,false,,3.90,2.6000,false,1,260088
7290019056133,false,שוופס סודה נענע ליים 1.5 ליטר בק' בודד,"יפאורה תבורי בע""מ",IL,שוופס סודה נענע ליים,ליטרים,1.50,ליטר,false,,3.90,2.6000,false,1,260089
7290019056164,false,שוופס סודה 1.5 ליטר רביעייה פיקדון,"יפאורה תבורי בע""מ",IL,שוופס סודה 1.5 ל' רב,ליטרים,6.00,ליטר,false,,12.50,2.0833,false,1,260086
7290019056171,false,שוופס סודה לימון 1.5 ליטר רביעייה פיקדון,"יפאורה תבורי בע""מ",IL,שוופס סודה לימון 1.5,ליטרים,6.00,ליטר,false,,12.50,2.0833,false,1,260087
7290019056188,false,שוופס סודה נענע ליים 1.5 ליטר רביעייה פיקדון,"יפאורה תבורי בע""מ",IL,שוופס סודה נענע ליים,ליטרים,6.00,ליטר,false,,12.50,2.0833,false,1,260090
7290019056201,false,שוופס סודה פירות יער 1.5 ליטר רביעייה פיקדון,"יפאורה תבורי בע""מ",IL,שוופס סודה פירות יער,ליטרים,6.00,ליטר,false,,12.50,2.0833,false,1,260094
7290019056232,false,משקה מוגז בטעם ליים מוחיטו 1.5 ל' שוופס,"יפאורה תבורי בע""מ",IL,שוופס ליים מוחיטו 1.,ליטרים,1.50,ליטר,false,,8.90,5.9333,false,1,260100
7290019056249,false,שוופס מים בטעמים ענבים 1.5 ליטר פיקדון,מיוצר עי קונדיטוריית,IL,שוופס מים בטעמים ענב,ליטרים,1.50,ליטר,false,,7.50,5.0000,false,1,260080
7290019056256,false,שוופס מים בטעמים תפוחים 1.5 ליטר פיקדון,מיוצר עי קונדיטוריית,IL,שוופס מים בטעמים תפו,ליטרים,1.50,ליטר,false,,7.50,5.0000,false,1,260081
7290019056263,false,שוופס מים בטעמים אפרסק 1.5 ליטר פיקדון,מיוצר עי קונדיטוריית,IL,שוופס מים בטעמים אפר,ליטרים,1.50,ליטר,false,,7.50,5.0000,false,1,260082
7290019056270,false,שוופס מים בטעמים פירות יער 1.5 ליטר פיקדון,"יפאורה תבורי בע""מ",IL,שוופס מים בטעמים פיר,ליטרים,1.50,ליטר,false,,7.50,5.0000,false,1,260083
7290019056287,false,שוופס מים בטעמים אפרסק ללא סוכר 1.5 ליטר פיקדון,"יפאורה תבורי בע""מ",IL,שוופס מים בטעמים אפר,ליטרים,1.50,ליטר,false,,7.50,5.0000,false,1,260084
7290019056294,false,שוופס ג'ינג'ר אייל 1.5 ליטר פיקדון,"יפאורה תבורי בע""מ",IL,שוופס ג'ינג'ר אייל 1,ליטרים,1.50,ליטר,false,,12.50,8.3333,false,1,259996
7290019056300,false,משקה בטעם ביטר לימון 1.5 ל' שוויפס,"יפאורה תבורי בע""מ",IL,שוופס ביטר למון 1.5,ליטרים,1.50,ליטר,false,,12.50,8.3333,false,1,259997
7290019056317,false,שוופס ראשן 1.5 ליטר פיקדון,"יפאורה תבורי בע""מ",IL,שוופס ראשן 1.5 ל',ליטרים,1.50,ליטר,false,,12.50,8.3333,false,1,259998
7290019056324,false,שוופס טוניק 1.5 ליטר פיקדון,"יפאורה תבורי בע""מ",IL,שוופס טוניק 1.5 ל',ליטרים,1.50,ליטר,false,,12.50,8.3333,false,1,259999
7290019056331,false,שוופס טוניק ללא סוכר 1.5 ליטר פיקדון,מיוצר עי קונדיטוריית,IL,שוופס טוניק ללא סוכר,ליטרים,1.50,ליטר,false,,12.50,8.3333,false,1,260000
7290019056355,false,תפוזינה לימונדה MIX לימונענע 1.5 ליטר,"יפאורה תבורי בע""מ",IL,תפוזינה לימונענע 1.5,ליטרים,1.50,ליטר,false,,8.90,5.9333,false,1,260001
7290019056362,false,תפוזינה ענבים 1.5 ליטר פיקדון,"יפאורה תבורי בע""מ",IL,תפוזינה ענבים 1.5 ל',ליטרים,1.50,ליטר,false,,8.90,5.9333,false,1,260002
7290019056379,false,תפוזינה תפוזים 1.5 ליטר פיקדון,"יפאורה תבורי בע""מ",IL,תפוזינה תפוזים 1.5 ל,ליטרים,1.50,ליטר,false,,8.90,5.9333,false,1,260003
7290019056386,false,פתוזינה אשכולית 1.5 ליטר פיקדון,"יפאורה תבורי בע""מ",IL,תפוזינה אשכוליות 1.5,ליטרים,1.50,ליטר,false,,8.90,5.9333,false,1,260004
7290019056393,false,תפוזינה תות בננה 1.5 ליטר פיקדון,"יפאורה תבורי בע""מ",IL,תפוזינה תות בננה 1.5,ליטרים,1.50,ליטר,false,,8.90,5.9333,false,1,260005
7290019056409,false,תפוזינה מנגו 1.5 ליטר פיקדון,"יפאורה תבורי בע""מ",IL,תפוזינה מנגו 1.5 ל',ליטרים,1.50,ליטר,false,,8.90,5.9333,false,1,260006
7290019056416,false,מיץ בטעם לימונדה ורודה 1.5 ל' תפוזינה,"יפאורה תבורי בע""מ",IL,תפוזינה לימונדה ורוד,ליטרים,1.50,ליטר,false,,8.90,5.9333,false,1,260007
7290019056423,false,מיץ בטעם תפוח רענן 1.5ל' תפוזינה,"יפאורה תבורי בע""מ",IL,תפוזינה תפוחים 1.5 ל,ליטרים,1.50,ליטר,false,,8.90,5.9333,false,1,260008
7290019056430,false,תפוזינה תפוזים לייט 1.5 ליטר פיקדון,"יפאורה תבורי בע""מ",IL,תפוזינה תפוזים לייט,ליטרים,1.50,ליטר,false,,8.90,5.9333,false,1,260009
7290019056447,false,תפוזינה אשכוליות לייט 1.5 ליטר פיקדון,"יפאורה תבורי בע""מ",IL,תפוזינה אשכוליות ליי,ליטרים,1.50,ליטר,false,,8.90,5.9333,false,1,260010
7290019056454,false,משקה מוגז בטעם קולה 1.5 ל' אר סי,יפאורה תבורי,IL,אר סי 1.5 ל' בק' בוד,ליטרים,1.50,ליטר,false,,7.20,4.8000,false,1,260012
7290019056461,false,מארז משקה בטעם קולה שישייה * 1.5 ל' אר.סי,"יפאורה תבורי בע""מ",IL,אר סי 1.5 ל' שישייה,ליטרים,9.00,ליטר,false,,39.90,4.4333,false,1,260011
7290019056478,false,ספרינג טי קר אפרסק 1.5ליטר פיקדון,"יפאורה תבורי בע""מ",IL,ספרינג תה אפרסק 1.5,ליטרים,1.50,ליטר,false,,7.00,4.6667,false,1,260026
7290019056485,false,ספריג תה ירוק לימון לואיזה 1.5 ליטר פיקדון,"יפאורה תבורי בע""מ",IL,ספרינג תה תה ירוק לי,ליטרים,1.50,ליטר,false,,7.00,4.6667,false,1,260027
7290019056492,false,ספרינג תה מנגו אפרסק 1.5 ליטר פיקדון,"יפאורה תבורי בע""מ",IL,ספרינג תה מנגו אפרסק,ליטרים,1.50,ליטר,false,,7.00,4.6667,false,1,260028
7290019056508,false,פרוט ווטר ענבים 1.5 ליטר פיקדון,"יפאורה תבורי בע""מ",IL,פרוט ווטר ענבים 1.5,ליטרים,1.50,ליטר,false,,8.90,5.9333,false,1,260045
7290019056515,false,פרוט ווטר אננס 1.5 ליטר פיקדון,"יפאורה תבורי בע""מ",IL,פרוט ווטר אננס 1.5 ל,ליטרים,1.50,ליטר,false,,8.90,5.9333,false,1,260046
7290019056522,false,פרוט ווטר תות 1.5 ליטר פיקדון,"יפאורה תבורי בע""מ",IL,פרוט ווטר תות 1.5 ל',ליטרים,1.50,ליטר,false,,8.90,5.9333,false,1,260047
7290019056539,false,פרוט ווטר אפרסק 1.5 ליטר פיקדון,"יפאורה תבורי בע""מ",IL,פרוט ווטר אפרסק 1.5,ליטרים,1.50,ליטר,false,,8.90,5.9333,false,1,260048
7290019056546,false,פרוט ווטר אבטיח 1.5 ליטר פיקדון,"יפאורה תבורי בע""מ",IL,פרוט ווטר אבטיח 1.5,ליטרים,1.50,ליטר,false,,8.90,5.9333,false,1,260049
7290019056553,false,עין גדי מים מינרלים 2 ליטר*6 יח',עין גדי מים מינרליים,IL,עין גדי 2 ל' שישיות,ליטרים,12.00,ליטר,false,,13.80,1.1500,false,1,260623
7290019056560,false,עין גדי 2 ליטר בק' בודד פיקדון,יפאורה תבורי,IL,עין גדי 2 ל' בק' בוד,ליטרים,2.00,ליטר,false,,3.80,1.9000,false,1,260112
7290019056577,false,משקה קל מנגו ספרינג 1.5 ליטר,"יפאורה תבורי בע""מ",IL,ספרינג מנגו 1.5 ל',ליטרים,1.50,ליטר,false,,8.90,5.9333,false,1,260030
7290019056584,false,משקה קל תפוזים ספרינג 1.5 ליטר,"יפאורה תבורי בע""מ",IL,ספרינג תפוזים 1.5 ל',ליטרים,1.50,ליטר,false,,8.90,5.9333,false,1,260031
7290019056591,false,משקה קל ענבים ספרינג 1.5 ליטר,"יפאורה תבורי בע""מ",IL,ספרינג ענבים 1.5 ל',ליטרים,1.50,ליטר,false,,8.90,5.9333,false,1,260032
7290019056607,false,משקה קל תפוחים ספרינג 1.5 ליטר,"יפאורה תבורי בע""מ",IL,ספרינג תפוחים 1.5 ל',ליטרים,1.50,ליטר,false,,8.90,5.9333,false,1,260033
7290019056614,false,משקה קל אפרסק ספרינג 1.5 ליטר,"יפאורה תבורי בע""מ",IL,ספרינג אפרסק 1.5 ל',ליטרים,1.50,ליטר,false,,8.90,5.9333,false,1,260034
7290019056621,false,משקה קל פירות טרופיים ספרינג 1.5 ליטר,"יפאורה תבורי בע""מ",IL,ספרינג פירות טרופיים,ליטרים,1.50,ליטר,false,,8.90,5.9333,false,1,260035
7290019056638,false,משקה קל תות בננה ספרינג 1.5 ליטר,"יפאורה תבורי בע""מ",IL,ספרינג תות בננה 1.5,ליטרים,1.50,ליטר,false,,8.90,5.9333,false,1,260036
7290019056645,false,משקה קל אגס תפוח סברס ספרינג 1.5 ליטר,"יפאורה תבורי בע""מ",IL,ספרינג אגס תפוח סברס,ליטרים,1.50,ליטר,false,,8.90,5.9333,false,1,260037
7290019056652,false,משקה קל אננס בננה ספרינג 1.5 ליטר,"יפאורה תבורי בע""מ",IL,ספרינג אננס בננה 1.5,ליטרים,1.50,ליטר,false,,8.90,5.9333,false,1,260038
7290019056669,false,משקה קל תפוחים דיאט ספרינג 1.5 ליטר,"יפאורה תבורי בע""מ",IL,ספרינג תפוחים דיאט 1,ליטרים,1.50,ליטר,false,,8.90,5.9333,false,1,260039
7290019056676,false,משקה קל אשכולית אננס דיאט ספרינג 1.5 ליטר,"יפאורה תבורי בע""מ",IL,ספרינג אשכוליות אננס,ליטרים,1.50,ליטר,false,,8.90,5.9333,false,1,260040
7290019056720,false,קריסטל מיץ ענבים 2 ליטר פיקדון,יפאורה תבורי,IL,קריסטל מיץ ענבים 2 ל,ליטרים,2.00,ליטר,false,,7.50,3.7500,false,1,260013
7290019056737,false,קריסטל מיץ אשכוליטרות 2 ליטר,יפאורה תבורי,IL,קריסטל מיץ אשכוליות,ליטרים,2.00,ליטר,false,,7.50,3.7500,false,1,260014
7290019056744,false,קריסטל מיץ תפוזים 2 ליטר פיקדון,יפאורה תבורי,IL,קריסטל מיץ תפוזים 2,ליטרים,2.00,ליטר,false,,7.50,3.7500,false,1,260015
7290019056751,false,קריסטל מיץ אשכוליות דיאט 2 ליטר פיקדון,יפאורה תבורי,IL,קריסטל מיץ אשכוליות,ליטרים,2.00,ליטר,false,,7.50,3.7500,false,1,260016
7290019056768,false,קריסטל מיץ מנגו 2 ליטר פיקדון,יפאורה תבורי,IL,קריסטל מיץ מנגו 2 ל',ליטרים,2.00,ליטר,false,,7.50,3.7500,false,1,260017
7290019056775,false,קריסטל מוגז ענבים 2 ליטר פיקדון,יפאורה תבורי,IL,קריסטל מוגז ענבים 2,ליטרים,2.00,ליטר,false,,7.50,3.7500,false,1,260018
7290019056805,false,קריסטל מוגז תפוחים 2 ליטר פיקדון,יפאורה תבורי,IL,קריסטל מוגז תפוחים 2,ליטרים,2.00,ליטר,false,,7.50,3.7500,false,1,260021
7290019056812,false,קריסטל מוגז מנטה 2 ליטר פיקדון,יפאורה תבורי,IL,קריסטל מוגז מנטה 2 ל,ליטרים,2.00,ליטר,false,,7.50,3.7500,false,1,260022
7290019056829,false,קריסטל מוגז תפוזים 2 ליטר פיקדון,קריות זול,,קריסטל מוגז תפוזים 2,ליטרים,2.00,ליטר,false,,7.50,3.7500,false,1,260023
7290019056836,false,קריסטל מוגז תות 2 ליטר פיקדון,יפאורה תבורי,IL,קריסטל מוגז תות 2 ל',ליטרים,2.00,ליטר,false,,7.50,3.7500,false,1,260024
7290019056843,false,קריסטל מוגז קולה 2 ליטר פיקדון,קריות זול,IL,קריסטל מוגז קולה 2 ל,ליטרים,2.00,ליטר,false,,7.50,3.7500,false,1,260025
7290019056959,false,מי עדן 1.5 ליטר בק' בודד פיקדון,מופק ממקור בזלתי עדן,IL,מי עדן 1.5 ל' בק' בו,ליטרים,1.50,ליטר,false,,3.60,2.4000,false,1,260111
7290019056973,false,שישיית מי עדן 1.5 ליטר משפחתי,מופק ממקור בזלתי עדן,IL,מי עדן 1.5 ל' שישייה,ליטרים,9.00,ליטר,false,,13.90,1.5444,false,1,260110
7290019068006,false,המבורגר אנגוס 880 גר,קצביית פרימיום,IL,המבורגר אנגוס 880 גר,גרמים,880.00,100 גרם,false,,69.90,0.0794,true,1,219577
7290019068013,false,קבב רומני ביתי 12 יח,קצביית פרימיום,IL,קבב רומני ביתי 12 יח,גרמים,840.00,100 גרם,false,,65.90,0.0785,true,1,219578
7290019068020,false,צ'וריסוס עגל טלה 12,,,צ'וריסוס עגל טלה 12,גרמים,900.00,100 גרם,false,,75.90,0.0843,true,1,219579
7290019068037,false,המבוגר אנגוס 100קפוא,קצביית פרימיום,IL,המבורגר אנגוס 600 גר,גרמים,600.00,100 גרם,false,,48.90,0.0815,true,1,219580
7290019068044,false,קציצות עירקיות 800 ג,,,קציצות עירקיות 800 ג,גרמים,800.00,100 גרם,false,,62.90,0.0786,true,1,219581
7290019068082,false,קבב קינמון 600 גרם ק,,IL,קבב קינמון 600 גר',גרמים,600.00,100 גרם,false,,71.90,0.1198,true,1,219585
7290019068099,false,קציצות עגל טלה 800 ג,,IL,קציצות עגל טלה 800 ג,גרמים,800.00,100 גרם,false,,62.90,0.0786,true,1,219586
7290019068105,false,צוריסוס עגל 900 גרם,,IL,צ'וריסיס עגל 900 גר',גרמים,900.00,100 גרם,false,,75.90,0.0843,true,1,219587
7290019068129,false,קבב עגל טלה 650 גרם,,IL,קבב עגל טלה 650 גר',גרמים,650.00,100 גרם,false,,51.90,0.0798,true,1,219589
7290019074090,false,"ד""ר פישר - קמיל בלו אקסטרה סופט אל סבון לתינוק 500 מ""ל",פישר תעשיות,IL,קמיל בלו אקסטרה סופט,מיליליטרים,500.00,"100 מ""ל",false,,22.90,0.0458,true,1,263737
7290019074298,false,"ד""ר פישר - קמיל בלו אקסטרה סופט שמפו לתינוק 500 מ""ל",פישר תעשיות,IL,קמיל בלו אקסטרה סופט,מיליליטרים,500.00,"100 מ""ל",false,,22.90,0.0458,true,1,263738
7290019074755,false,"תחליב רחצה שמן שקדים משאבה 700 מ""ל ד""ר פישר",פישר מעבדות פרמצבטיו,IL,אפקטיב קר תחליב רחצה,מיליליטרים,700.00,"100 מ""ל",false,,16.90,0.0241,true,1,262688
7290019074762,false,אפקטיב קר ת. רחצה מועשר בשמן כותנה 450 מ,"ד""ר פישר",IL,אפקטיב קר תחליב רחצה,מיליליטרים,450.00,"100 מ""ל",false,,14.90,0.0331,true,1,263153
7290019074885,false,"ד""ר פישר - קמיל בלו אקסטרה סופט קרם גוף לתינוק 500 מ""ל",פישר תעשיות,IL,קמיל בלו אקסטרה סופט,מיליליטרים,500.00,"100 מ""ל",false,,29.90,0.0598,true,1,263741
7290019075103,false,קמיל בלו אקסטרה סופט שמפו לתינוק 1 ליטר,פישר תעשיות,IL,קמיל בלו אקסטרה סופט,ליטרים,1.00,ליטר,false,,32.90,32.9000,true,1,263742
7290019075400,false,אפקטיב קר תחליב רחצה לגוף - שיבולת שועל,פישר מעבדות פרמצבטיו,IL,אפקטיב קר תחליב רחצה,מיליליטרים,700.00,"100 מ""ל",false,,16.90,0.0241,true,1,264102
7290019075608,false,אפקטיב קר תחליב רחצה לגוף - תה ירוק ויטמ,פישר מעבדות פרמצבטיו,IL,אפקטיב קר תחליב רחצה,מיליליטרים,700.00,"100 מ""ל",false,,16.90,0.0241,true,1,264103
7290019153023,false,אר.סי. קולה ללא סוכר 1.5 ל' מארז רביעייה,יפאורה תבורי,IL,RC ללא סוכר 1.5 ליטר,ליטרים,6.00,ליטר,false,,24.90,4.1500,false,1,261347
7290019153078,false,"שוופס ביטר למון לייט, 1.5 ליטר פקדון","יפאורה תבורי בע""מ",IL,שוופס ביטר למון לייט,ליטרים,1.50,ליטר,false,,12.50,8.3333,false,1,261308
7290019153085,false,שוופס מוגז ליים מוחיטו ללא סוכר 1.5 ליטר-,"יפאורה תבורי בע""מ",IL,שוופס מוחיטו ללא סוכ,ליטרים,1.50,ליטר,false,,8.90,5.9333,false,1,261211
7290019153252,false,שוופס סודה תפוח 1.5 ליטר רביעייה פיקדון,"יפאורה תבורי בע""מ",IL,שוופס סודה תפוח 1.5,ליטרים,6.00,ליטר,false,,12.50,2.0833,false,1,262384
7290019153269,false,שוופס סודה אננס 1.5 ליטר רביעייה פיקדון,"יפאורה תבורי בע""מ",IL,שוופס סודה אננס 1.5,ליטרים,6.00,ליטר,false,,12.50,2.0833,false,1,262385
7290019153290,false,שוופס סודה תפוח 1.5 ליטר בק' בודד פיקדון,יפאורה תבורי,IL,שוופס סודה תפוח 1.5,ליטרים,1.50,ליטר,false,,3.90,2.6000,false,1,262387
7290019153313,false,"משקהתפוח חמוציות אוכמניות 350 מ""ל פרות & ווג",יפאורה תבורי בעמ,IL,FRUITַ&VEG תפוח חמוצ,מיליליטרים,350.00,"100 מ""ל",false,,6.90,0.0197,true,1,262805
7290019153344,false,מיץ בטעם סנגרייה 1.5 ל' תפוזינה,"יפאורה תבורי בע""מ",IL,תפוזינה סנגרייה 1.5,ליטרים,1.50,ליטר,false,,8.90,5.9333,false,1,262542
7290019153351,false,מיץ בטעם פינק אוזו 1.5 ל' תפוזינה,"יפאורה תבורי בע""מ",IL,תפוזינה פינק אוזו 1.,ליטרים,1.50,ליטר,false,,8.90,5.9333,false,1,262543
7290019153375,false,מיץ בטעם מוחיטו 1.5 ל' תפוזינה,"יפאורה תבורי בע""מ",IL,תפוזינה מוחיטו 1.5 ל,ליטרים,1.50,ליטר,false,,8.90,5.9333,false,1,262544
7290019153535,false,"רביעייה שוופס מוגז פירות למונייד ללא סוכר 330 ש""ח",יפאורה תבורי,IL,שוופס מוגז פירות למו,מיליליטרים,1320.00,"100 מ""ל",false,,12.50,0.0095,true,1,263233
7290019153566,false,משקה קל רימון אוכמניות דובדבן ספרינג 1.5 ליטר,יפאורה תבורי,IL,ספרינג רימון אוכמניו,ליטרים,1.50,ליטר,false,,8.90,5.9333,false,1,263699
7290019167020,false,עוגת גבינה עם פירות יער לייט 80 ג' קינוחי עדן,תנובה,IL,קינוח עוגת גבינה עם,גרמים,82.00,100 גרם,false,,6.60,0.0805,true,1,264242
7290019167037,false,קינוח עדן תותים בקצפת 82 גרם,תנובה,IL,תותים בקצפת עדן קינו,גרמים,82.00,100 גרם,false,,6.60,0.0805,true,1,264243
7290019167044,false,קצפת עם קרם בייגלה מתוק מלוח 82 ג' עדן,תנובה,IL,קצפת עם קרם בייגלה מ,גרמים,82.00,100 גרם,false,,6.60,0.0805,true,1,264244
7290019204008,false,עוף טוב פסטרמה ארבעה פלפלים 350גרם,עיצובים 2020 (4.9),IL,עוף טוב פסטרמה ארבעה,גרמים,350.00,100 גרם,false,,24.90,0.0711,true,1,263039
7290019204206,false,עוף טוב פסטרמה בסגנון רומני 320גרם,עיצובים 2020 (4.9),IL,עוף טוב פסטרמה בסגנו,גרמים,320.00,100 גרם,false,,24.90,0.0778,true,1,263041
7290019204305,false,חזה הודו פסטרמה ברביקיו 350 גר',עיצובים 2020 (4.9),IL,עוף טוב פסטרמה ברביק,גרמים,350.00,100 גרם,false,,24.90,0.0711,true,1,263037
7290019204404,false,קורנביף נתח שלם 220 ג' עוף טוב,עיצובים 2020 (4.9),IL,עוף טוב קורנביף נתח,גרמים,220.00,100 גרם,false,,24.90,0.1132,true,1,262508
7290019232155,false,"חליטת ""לילה טוב"" קמומיל לבנדר ו25 שקיקים ויסוצקי",תה ויסוצקי,IL,חליטת לילה טוב קמומי,גרמים,37.50,100 גרם,false,,24.90,0.6640,true,1,264326
7290019232162,false,"חליטת ""לילה טוב"" קמומיל מליסה 25 שקיקים ויסוצקי",תה ויסוצקי,IL,חליטת לילה טוב קמומי,גרמים,37.50,100 גרם,false,,24.90,0.6640,true,1,264327
7290019232179,false,חליטת לילה טוב נענע 25 שקיקים ויסוצקי,תה ויסוצקי,IL,תה ירוק נענע+ויטמיני,גרמים,37.50,100 גרם,false,,24.90,0.6640,true,1,264323
7290019232186,false,תה ירוק לימונית לואיזהSTAY WELL 25 שקיקים ויסוצקי,תה ויסוצקי,IL,תה ירוק לימונית ולוא,גרמים,37.50,100 גרם,false,,24.90,0.6640,true,1,264324
7290019232193,false,תה ירוק לימונית ג'ינג'ר STAY WELL שקיקים 25 ויסוצקי,תה ויסוצקי,IL,תה ירוק לימונית וג'י,גרמים,37.50,100 גרם,false,,24.90,0.6640,true,1,264325
7290019232353,false,תה ירוק סיני 50 שקיקים ויסוצקי,תה ויסוצקי,IL,תה ירוק סיני 50 שקיק,גרמים,75.00,100 גרם,false,,45.90,0.6120,false,1,263872
7290019232834,false,בייגלה מצופה קרם עוגיות ושוקולד 140 גרם פליפז - רבנות,אולקר מקבוצת פלאדיס,TR,FLIPZ בייגלה מצופה ק,גרמים,140.00,100 גרם,false,,8.90,0.0636,true,1,262620
7290019233008,false,רוטב עגבניות עם קוביות ארטישוק ושמן זית 420ג ויסוצקי,דליציה דורה אס.אר.אל,IT,רוטב שקשוקה ארטישוק,גרמים,420.00,100 גרם,false,,13.90,0.0331,true,1,262779
7290019233015,false,רוטב שקשוקה תבשיל ירקות עם שמן זית כתית מעולה 420ג זיתא,זיתא,IT,רוטב שקשוקה ירוקה זי,גרמים,420.00,100 גרם,false,,13.90,0.0331,true,1,262780
7290019233022,false,שקשוקה חצילים- רוטב עגבניות עם קוביות חצילים צלויים,דליציה דורה אס.אר.אל,IT,רוטב שקשוקה חצילים ז,גרמים,420.00,100 גרם,false,,13.90,0.0331,true,1,262781
7290019233039,false,שקשוקה קלאסית- רוטב עגבניות עם קוביות פלפלים צלויים,דליציה דורה אס.אר.אל,IT,רוטב שקשוקה קלאסית ז,מיליליטרים,420.00,"100 מ""ל",false,,13.90,0.0331,true,1,262782
7290019233046,false,זית קלמטה בלונד עם שמן זית כתית מעולה,זיתא - י.ט.ב תעשיות,IL,זית קלמטה בלונדי זית,גרמים,215.00,100 גרם,false,,12.90,0.0600,true,1,261155
7290019274001,false,ג'ל כביסה בייבי 3 לי,,,ג'ל כביסה בייבי 3 לי,ליטרים,3.00,ליטר,false,,23.90,7.9667,true,1,261927
7290019297161,false,טורטיות ראפ מקמח תירס 540 ג' 12 יח',דין שיווק,TR,טורטיות ראפ מקמח תיר,גרמים,540.00,100 גרם,false,,9.90,0.0183,true,1,177798
7290019297383,false,מעדן משמש ללא סוכר שקדיה 284 ג',לינוי סיטי,CN,מעדן משמש שקדיה,גרמים,284.00,100 גרם,false,,10.00,0.0352,true,1,186551
7290019297406,false,מעדן דובדובן ללא סוכר שקדיה 284 ג',לינוי סיטי,CN,מעדן דובדבן שקדיה,גרמים,284.00,100 גרם,false,,10.00,0.0352,true,1,188851
7290019297420,false,מעדן תות שדה 100% רכיבי פרי 284 גר' ללא תוספת סוכר,לינוי סיטי,CN,מעדן תות שדה שקדיה,גרמים,284.00,100 גרם,false,,10.00,0.0352,true,1,186552
7290019297437,false,מעדן אוכמניות ללא סוכר שקדיה 284 ג',לינוי סיטי,CN,מעדן אוכמניות כחולות,גרמים,284.00,100 גרם,false,,10.00,0.0352,true,1,186553
7290019302315,false,"ייו buzz אבטיח מלון 750 מ""ל",יקבי כרמל,IL,יין מבעבע באז אבטיח,מיליליטרים,750.00,"100 מ""ל",false,,23.90,0.0319,true,1,262797
7290019462095,false,סלרי חתוך לאכילה בקופסא,מרינה,,סלרי חתוך מרינה,יחידה,0.00,יחידה,false,,11.90,0.0000,true,1,264465
7290055090801,false,כרמית שוקולד לבן ללא תוספת סוכר 85 גרם,כרמית תעשיות ממתקים,IL,כרמית שוקולד לבן ללא,גרמים,85.00,100 גרם,false,,5.90,0.0694,true,1,142203
7290100231128,false,לחם מרוקאי בונזור,בונז'ור,,לחם מרוקאי בונזור,יחידה,0.00,יחידה,false,,11.90,0.0000,true,1,113311
7290100235324,false,בונז'ור עוגת בריוש גבינה 500ג',בונז'ור,IL,עוגת בריוש גבינה בונ,גרמים,550.00,100 גרם,false,,25.90,0.0471,true,1,120039
7290100235553,false,בונז'ור עוגת בריוש תפוח עם אגוזים 550 ג',בונז'ור,IL,עוגת בריוש תפוחים עם,יחידה,550.00,יחידה,false,,25.90,0.0471,true,1,121247
7290100240137,false,"תרסיס למייבש כביסה כחול 500 מ""ל בדין","זוהר דליה, קיבוץ דלי",IL,תרסיס בדין למייבש כח,מיליליטרים,500.00,"100 מ""ל",false,,19.00,0.0380,true,1,113048
7290100240144,false,"תרסיס למייבש כביסה ורוד 500 מ""ל בדין","זוהר דליה, קיבוץ דלי",IL,תרסיס בדין למייבש,מיליליטרים,500.00,"100 מ""ל",false,,19.00,0.0380,true,1,113049
7290100240632,false,קרקר פתית 200-300ג' 6 דגנים 250 גרם,יוניליוור ישראל מזון,IL,פתית שישה דגנים 250,גרמים,250.00,100 גרם,false,,18.50,0.0740,true,1,126999
7290100243084,false,מיונז אמיתי הלמנס 789 ג',קונפקו אינק אי.די.בי,IL,מיונז אמיתי הלמנס 78,גרמים,789.00,100 גרם,false,,26.50,0.0336,false,1,120659
7290100243671,false,מרכך כביסה מרכך כביסה בדין אקסטרה 1 ל',יוניליוור סנאיי וי ט,TR,בדין אקסטרא כחול 960,מיליליטרים,960.00,"100 מ""ל",false,,14.90,0.0155,false,1,119157
7290100245231,false,נמס בכוס מרק בטעם עוף עם אטריות ושקדי מרק-2 שקיות,יוניליוור ישראל מזון,IL,נמס בכוס ועוד טעם עו,גרמים,50.00,100 גרם,false,,7.00,0.1400,true,1,121774
7290100249598,false,"רוטב לבישול שום ודבש קנור 320ג' בד""צ",יוניליוור ישראל מזון,IL,רוטב שום ודבש קנור 3,גרמים,310.00,100 גרם,false,,14.90,0.0481,true,1,127409
7290100249659,false,קנור רוטב לעוף צ'ילי ושום 310 גרם-,יוניליוור ישראל מזון,IL,רוטב לעוף צ'ילי שום,גרמים,310.00,100 גרם,false,,14.90,0.0481,true,1,127449
7290100341803,false,חטיף לכלבים בונזו עו,ביופט,IL,חטיף בונזו רצועות עו,גרמים,20.00,100 גרם,false,,4.90,0.2450,true,1,186071
7290100412343,false,קוויק מגבונים לניקוי כללי בניחוח לימון 50 יח',די.פי.אל,IL,מגבונים קוויק לניקוי,יחידה,0.00,יחידה,false,,7.90,0.0000,true,1,201861
7290100412435,false,קוויק מגבונים לניקוי כללי בניחוח פרחי בר 50 יח',די.פי.אל,IL,קוויק מגבונים לניקוי,יחידה,0.00,יחידה,false,,7.90,0.0000,true,1,208073
7290100412459,false,מטליות לחות לניקוי וחיטוי אמבטיה ושירותים לבנדר,די.פי.אל,IL,מגבונים קוויק לניקוי,יחידה,0.00,יחידה,false,,7.90,0.0000,true,1,201862
7290100412770,false,"ד""ר עור - תחליב רחצה קלאסי בניחוח מאסק 700 מ""ל","אמיליה קוסמטיקס בע""מ",IL,תחליב רחצה קלאסי מאס,מיליליטרים,700.00,"100 מ""ל",false,,14.90,0.0213,true,1,202060
7290100412787,false,"ד""ר עור - תחליב רחצה קלאסי בניחוח פריחת הכותנה 700 מ""ל","אמיליה קוסמטיקס בע""מ",IL,תחליב רחצה קלאסי כות,מיליליטרים,700.00,"100 מ""ל",false,,14.90,0.0213,true,1,208869
7290100412800,false,"תחליב רחצה לעור יבש וילד פלאור דר עור 700 מ""ל","אמיליה קוסמטיקס בע""מ",IL,תחליב רחצה לעור יבש,מיליליטרים,700.00,"100 מ""ל",false,,14.90,0.0213,true,1,202061
7290100653463,false,"פלמוליב - ארומה ג'ל רחצה מסאז' 500 מ""ל",קולגייט פלמוליב,IT,פלמוליב ספא מסג',מיליליטרים,500.00,"100 מ""ל",false,,14.90,0.0298,true,1,96502
7290100653586,false,"דאודורנט ג'ל פרש פיוזן 24/7 ליידי ספיד סטיק 65 מ""ל",ליידי ספיד סטיק Lady Speed Stick,US,ליידי ספיד סטיק 24/7,גרמים,50.00,100 גרם,false,,19.90,0.3980,true,1,96507
7290100658338,false,"נוזל לניקוי כלים אוקסי פלוס פלמוליב 750 מ""ל",הנסיך- מפעל לייצור ט,GR,פלמוליב אוקסי,מיליליטרים,750.00,"100 מ""ל",false,,9.90,0.0132,false,1,96534
7290100659090,false,פרי חטיפים ללא גלוטן ותוספת סוכר מארז 5 תמרים וקינמון,טבעית מוצרים מן הטבע,IL,חטיף דגנים תמרים וקי,גרמים,100.00,100 גרם,false,,16.50,0.1650,true,1,96546
7290100680650,false,מנה חמה נודלס-אטריות ירקות טעם תאילנדי אסם 76 ג',THAI PRESIDENT FOODS,TH,מנה חמה נודלס איטריו,גרמים,76.00,100 גרם,false,,7.20,0.0947,false,1,94366
7290100680667,false,מנה חמה נודלס-אטריות+ירקות טעם סצ'ואן,THAI PRESIDENT FOODS,TH,מנה חמה נודלס סצ'ואן,גרמים,76.00,100 גרם,false,,7.20,0.0947,false,1,94367
7290100680711,false,פירורית זהב אסם זהב 350ג',עינת תעשיות מזון אגו,IL,פירורית זהב 350גר',גרמים,350.00,100 גרם,false,,8.80,0.0251,false,1,94369
7290100680728,false,פירורית רגילה שקית 350 גרם,מיוצר עי קונדיטוריית,IL,פירורית 350גר',גרמים,350.00,100 גרם,false,,7.00,0.0200,true,1,94370
7290100681015,false,אינסטנט פודינג בטעם ריבת חלב אסם 84 גרם,מיוצר עי קונדיטוריית,IL,אינסטנט פודינג ריבת,גרמים,84.00,100 גרם,false,,5.80,0.0690,false,1,94378
7290100681138,false,מארז אפרופו חטיף תירס 3 יחידות,"אסם תעשיות בע""מ",IL,מארז אפרופו שלישיה,גרמים,150.00,100 גרם,false,,12.50,0.0833,false,1,94381
7290100681503,false,עסיס סירופ לימונענע דיאטטי 1 ליטר,בית-השיטה עסיס תעשיו,IL,עסיס סירופ לימונענע,ליטרים,1.00,ליטר,false,,17.90,17.9000,false,1,94393
7290100681510,false,סירופ דיאט בטעם אשכולית אדומה עסיס 1 ליטר,בית-השיטה עסיס תעשיו,IL,עסיס סירופ אשכולית א,ליטרים,1.00,ליטר,false,,17.90,17.9000,false,1,94394
7290100683880,false,תבשילים משפחתיים פירה 260 גרם,"אסם השקעות בע""מ",IL,פירה אסם,גרמים,260.00,100 גרם,false,,14.50,0.0558,true,1,94475
7290100684139,false,פסטה מיני מקרוני אסם 500 גרם,פסטה זארה,IT,מיני מקרוני אסם,גרמים,500.00,100 גרם,false,,5.90,0.0118,false,1,94481
7290100684764,false,במבה יום הולדת על סרט אסם 25 ג',"אסם תעשיות בע""מ",IL,במבה יום הולדת 25 גר,גרמים,25.00,100 גרם,false,,2.40,0.0960,true,1,111852
7290100685068,false,אינסטנט פודינג בטעם וניל עם פצפוצי שוקולד אסם 110 גרם,"אסם תעשיות בע""מ",IL,פודינג וניל עם פצםוצ,גרמים,110.00,100 גרם,false,,7.00,0.0636,false,1,94504
7290100685136,false,"אבקת מרק בטעם עוף אסם 1 ק""ג","אסם תעשיות בע""מ",IL,אבקת מרק טעם עוף 1קג,קילוגרמים,1.00,"ק""ג",false,,12.90,12.9000,false,1,94506
7290100685334,false,אבקת מרק עוף אמיתי בשרי רכיבים טבעיים אסם 400 גרם,"אסם תעשיות בע""מ",IL,אבקת מרק עוף רכיבים,גרמים,400.00,100 גרם,false,,19.90,0.0497,false,1,94517
7290100685341,false,אבקת מרק טעם עוף זך רכיבים טבעיים אסם 400 גרם,"אסם תעשיות בע""מ",IL,אבקת מרק טעם עוף זך,גרמים,400.00,100 גרם,false,,16.90,0.0422,false,1,94518
7290100685563,false,פירורית זהב אסם מארז 200X2ג',קריות זול,IL,מארז פירורית זהב אסם,גרמים,400.00,100 גרם,false,,8.90,0.0223,true,1,208184
7290100685600,false,פירורית זהב אסם זהב חיטה מלאה 200ג',עינת תעשיות מזון אגו,IL,פירורית זהב חיטה מלא,גרמים,200.00,100 גרם,false,,7.00,0.0350,true,1,94536
7290100686164,false,מארז מולטיפק ביסלי ברביקיו 6 יח 35 גר יח,מיוצר עי קונדיטוריית,IL,מארז ביסלי ברביקיו,גרמים,210.00,100 גרם,false,,14.00,0.0667,false,1,94557
7290100686171,false,מארז מולטיפק ביסלי גריל 6 יח 35 גר ליח,"אסם תעשיות בע""מ",IL,מארז ביסלי גריל,גרמים,210.00,100 גרם,false,,14.00,0.0667,false,1,94558
7290100687109,false,במבה במילוי קרם נוגט 60ג' אסם,"אסם תעשיות בע""מ",IL,במבה במילוי קרם נוגט,גרמים,60.00,100 גרם,false,,5.30,0.0883,true,1,115288
7290100688618,false,גביעי גלידה ממותקים בטעם שוקו 24 יח',"גילרו בע""מ",IL,גביעי גלידה טעם שוקו,יחידה,0.00,יחידה,false,,15.50,0.0000,true,1,94617
7290100689301,false,אבקת מרק בטעם עוף זך עדיף אסם 400 גרם,"אסם השקעות בע""מ",IL,אבקת מרק טעם עוף זך-,גרמים,400.00,100 גרם,false,,13.90,0.0348,false,1,113292
7290100700006,false,"סוגת חיטה 1 ק""ג","סוגת תעשיות בע""מ",IL,חיטה 1קג סוגת,יחידה,1.00,יחידה,false,,7.90,7.9000,true,1,120513
7290100700020,false,סוגת גריסי פנינה 500 גרם,האי נאם סי או אל.טי.,IL,גריסי פנינה,גרמים,200.00,100 גרם,false,,4.90,0.0245,true,1,98660
7290100700068,false,סוגת שעועית צבעונית 500גרם,"סוגת תעשיות בע""מ",IL,שעועית צבעונית,גרמים,500.00,100 גרם,false,,7.90,0.0158,true,1,112054
7290100700075,false,סוגת פירורי לחם מוזהבים 200 גרם,"סוגת תעשיות בע""מ",IL,פרורי לחם מוזהבים 20,גרמים,200.00,100 גרם,false,,4.00,0.0200,false,1,126641
7290100700242,false,"סוגת אורז מלא עגול 1 ק""ג","סוגת תעשיות בע""מ",IL,אורז מלא עגול 1 קג,יחידה,1.00,יחידה,false,,12.90,12.9000,true,1,98667
7290100700273,false,קינואה לבנה 500 ג סו,האי נאם סי או אל.טי.,IL,קינואה 500 גר סוגת,גרמים,500.00,100 גרם,false,,12.90,0.0258,true,1,98668
7290100700310,false,"סוגת כוסמת סוגת 1ק""ג","סוגת תעשיות בע""מ",IL,כוסמת 1קג סוגת,יחידה,1.00,יחידה,false,,13.90,13.9000,true,1,134232
7290100700327,false,"גריסי פנינה סוגת 1 ק""ג","סוגת תעשיות בע""מ",IL,גריסי פנינה 1 קג,קילוגרמים,1.00,"ק""ג",false,,7.90,7.9000,true,1,149976
7290100700334,false,קינואה לבנה 1 קג סוג,"סוגת תעשיות בע""מ",IL,קינואה לבנה 1 קג סוג,קילוגרמים,1.00,"ק""ג",false,,21.90,21.9000,true,1,200346
7290100700365,false,"שעועית אדומה 1 ק""ג סוגת",סוגת תעשיות בעמ,,שעועית אדומה 1 קג סו,קילוגרמים,1.00,"ק""ג",false,,21.90,21.9000,true,1,187909
7290100700372,false,"סוגת אורז בסמטי מלא 1 ק""ג",האי נאם סי או אל.טי.,IL,אורז בסמטי מלא 1קג',קילוגרמים,1.00,"ק""ג",false,,13.90,13.9000,false,1,98671
7290100700389,false,"אורז אדום 1 ק""ג ""סוגת""",סוגת תעשיות בעמ,IL,אורז אדום סוגת,קילוגרמים,1.00,"ק""ג",false,,13.90,13.9000,true,1,98672
7290100700396,false,"סוגת אורז יסמין קלאסי 1 ק""ג",האי נאם סי או אל.טי.,IL,אורז יסמין קלאסי 1קג,יחידה,1.00,יחידה,false,,11.90,11.9000,false,1,98673
7290100700402,false,"סוגת חומוס ענק 1 ק""ג",סוגת תעשיות בעמ,IL,חומוס ענק 1קג סוגת,קילוגרמים,1.00,"ק""ג",false,,19.90,19.9000,true,1,150038
7290100700419,false,"סוגת בורגול 1 ק""ג","סוגת תעשיות בע""מ",IL,בורגול 1קג סוגת,יחידה,1.00,יחידה,false,,7.90,7.9000,true,1,147574
7290100700563,false,"סוגת אורז מיקס קלאסי 1 ק""ג",סוגת תעשיות בעמ,IL,אורז מיקס קלאסי,יחידה,1.00,יחידה,false,,10.90,10.9000,true,1,113544
7290100700587,false,"בורגול ""סוגת"" 500 גרם",האי נאם סי או אל.טי.,IL,בורגול סוגת 500גר,גרמים,500.00,100 גרם,false,,4.90,0.0098,false,1,123955
7290100701126,false,סוגת שעועית מש סוגת 500 גרם,סוגת תעשיות בעמ,IL,שעועית מש 500גר סוגת,יחידה,500.00,יחידה,false,,10.90,0.0218,true,1,125587
7290100701140,false,"אורז ריזוטו ארבוריו 1 ק""ג ""סוגת""","סוגת תעשיות בע""מ",IL,אורז ריזוטו ארבוריו,יחידה,1.00,יחידה,false,,13.90,13.9000,true,1,122712
7290100701157,false,אורז להכנת סושי סוגת,סוגת תעשיות בעמ,IL,אורז סושי 1קג סוגת,יחידה,1.00,יחידה,false,,12.90,12.9000,true,1,122713
7290100701300,false,סוגת קינואה אדומה 500גרם,סוגת,,קינואה אדומה סוגת,גרמים,500.00,100 גרם,false,,12.90,0.0258,true,1,193924
7290100701331,false,קמח רב תכליתי שטיבל קמח חיטה לבן בהיר,"שטיבל בע""מ - טחנות ק",IL,"קמח רב תכליתי 1 ק""ג",קילוגרמים,1.00,"ק""ג",false,,6.90,6.9000,false,1,134977
7290100701348,false,"קמח שיפון מלא 1 ק""ג סוגת",שטיבל טחנות קמח,IL,"קמח שיפון מלא 1 ק""ג",קילוגרמים,1.00,"ק""ג",false,,6.90,6.9000,false,1,134970
7290100701393,false,קמח חיטה לבן 1 קג סו,"שטיבל בע""מ",IL,קמח חיטה לבן 1 קג,קילוגרמים,1.00,"ק""ג",false,,3.00,3.0000,false,1,186101
7290100701409,false,קמח תירס סוגת 500 גר,מולינו פילה ספא,IL,קמח תירס 500 גר סוגת,גרמים,500.00,100 גרם,false,,6.20,0.0124,false,1,146049
7290100701454,false,סוגת גרישה סוגת 500 גרם,"סוגת תעשיות בע""מ",IL,גרישה 500גר סוגת,גרמים,500.00,100 גרם,false,,4.90,0.0098,false,1,125745
7290100701577,false,קמח לחם קמח חיטה לבן שטיבל,שטיבל טחנות קמח,IL,"קמח לחם 1 ק""ג סוגת",קילוגרמים,1.00,"ק""ג",false,,6.90,6.9000,false,1,134973
7290100701874,false,"קמח כוסמין 1 ק""ג סוגת",טחנות קמח שטיבל באר,IL,קמח כוסמין 1 קג - סו,קילוגרמים,1.00,"ק""ג",false,,15.90,15.9000,false,1,142783
7290100701881,false,קמח פיצה ופוקצ'ה- קמח חיטה לבן בהיר שטיבל,"שטיבל בע""מ - טחנת קמ",IL,קמח פיצה ופוקצ'ה סוג,קילוגרמים,1.00,"ק""ג",false,,6.90,6.9000,false,1,134976
7290100701898,false,קמח סוגת לפסטה 1 קג,שטיבל טחנות קמח,IL,קמח לפסטה -סוגת,קילוגרמים,1.00,"ק""ג",false,,12.90,12.9000,true,1,142784
7290100702260,false,סוגת קוסקוס דק 350 גרם,"אסיף תעשיות מזון בע""",IL,קוסקוס דק סוגת,גרמים,350.00,100 גרם,false,,4.90,0.0140,false,1,139608
7290100702277,false,סוגת קוסקוס עבה 350 גרם,"אסיף תעשיות מזון בע""",IL,קוסקוס עבה סוגת,גרמים,350.00,100 גרם,false,,4.90,0.0140,false,1,139609
7290100702314,false,שעועית שחורה 500 גרם סוגת,סוגת תעשיות בעמ,IL,שעועית שחורה 500 גר,גרמים,500.00,100 גרם,false,,7.90,0.0158,true,1,140660
7290100702383,false,קמח תופח מס' 13 סוגת,שטיבל טחנות קמח,IL,קמח תופח מס' 13 סוגת,קילוגרמים,1.00,"ק""ג",false,,6.90,6.9000,false,1,140232
7290100702604,false,קמח פולנטה להכנה מהירה 500 ג',מולינו פילה,IT,פולנטה 500 גר סוגת,גרמים,500.00,100 גרם,false,,10.60,0.0212,true,1,214751
7290100702611,false,פתיתים אפויים אורז סוגת 500 גרם,"אסיף תעשיות מזון בע""",IL,פתיתים אפויים אורז -,גרמים,500.00,100 גרם,false,,5.90,0.0118,false,1,142696
7290100702628,false,פתיתים אפויים קוסקוס סוגת 500 גרם,"אסיף תעשיות מזון בע""",IL,פתיתים אפויים קוסקוס,גרמים,500.00,100 גרם,false,,5.90,0.0118,false,1,142697
7290100702635,false,פתיתים אפויים כוכבים סוגת 500 ג',"אסיף תעשיות מזון בע""",IL,פתיתים אפויים כוכבים,גרמים,500.00,100 גרם,false,,5.90,0.0118,false,1,142698
7290100702642,false,פתיתים אפויים טבעת 500 ג' סוגת,"אסיף תעשיות מזון בע""",IL,פתיתים אפויים טבעות,גרמים,500.00,100 גרם,false,,5.90,0.0118,false,1,142699
7290100702666,false,פתיתים אפויים עם בצל 400 ג' סוגת,"אסיף תעשיות מזון בע""",IL,פתיתים אפויים עם בצל,גרמים,500.00,100 גרם,false,,5.90,0.0118,false,1,186493
7290100702673,false,פתיתים אפויים 3 צבעים 400 גר גרם סוגת,"אסיף תעשיות מזון בע""",IL,פתיתים אפויים 3 צבעי,גרמים,500.00,100 גרם,false,,5.90,0.0118,false,1,186805
7290100702741,false,"סוכר חום בהיר בצנצנת 1 ק""ג סוגת",סוגת תעשיות בעמ,IL,סוכר חום בהיר צנצנת,קילוגרמים,1.00,"ק""ג",false,,11.90,11.9000,true,1,146782
7290100702987,false,שיבולת שועל פתיתים סוגת 500 גרם,סוגת תעשיות,,שיבולת שועל 500 גר,גרמים,500.00,100 גרם,false,,4.90,0.0098,true,1,190398
7290100702994,false,סוגת סוכר דמררה קלאסי בשקית 500 גרם,"סוגת תעשיות בע""מ",IL,סוכר דמררה 500 גר,גרמים,500.00,100 גרם,false,,5.90,0.0118,true,1,188272
7290100703007,false,"עדשים שחורות בלוגה 500 גרם ""סוגת""",האי נאם סי או אל.טי.,IL,עדשים שחורים בלוגה 5,גרמים,500.00,100 גרם,false,,7.90,0.0158,true,1,187910
7290100703434,false,בורגול חום סוגת 500 ג',"סוגת תעשיות בע""מ",IL,בורגול חום סוגת,גרמים,500.00,100 גרם,false,,4.90,0.0098,false,1,192917
7290100703458,false,כוסמת לא קלוי 500 ג' סוגת,סוגת תעשיות בעמ,IL,כוסמת לא קלוי,גרמים,500.00,100 גרם,false,,7.90,0.0158,true,1,195079
7290100703489,false,פירורי לחם לבנים סוגת 500 ג',,,פירורי לחם לבנים 500,גרמים,500.00,100 גרם,false,,6.90,0.0138,true,1,195183
7290100703496,false,פירורי לחם מוזהבים 500 ג' סוגת,,,פירורי לחם מוזהבים 5,גרמים,500.00,100 גרם,false,,6.90,0.0138,true,1,195153
7290100703533,false,קמח קסם תערובת קמח עם שמרים,"שטיבל בע""מ",IL,קמח קסם סוגת 1 קג,קילוגרמים,1.00,"ק""ג",false,,8.50,8.5000,true,1,195713
7290100703564,false,"פתיתי שיבולת שועל עבה 500 גרם ""סוגת""",,,שיבולת שועל עבה 500,גרמים,500.00,100 גרם,false,,4.90,0.0098,true,1,194906
7290100703625,false,קמח חיטה לבן ללא צורך בניפוי,"שטיבל בע""מ",IL,קמח לבן ללא ניפוי סו,קילוגרמים,1.00,"ק""ג",false,,7.90,7.9000,true,1,197271
7290100703632,false,קמח חיטה מלא ללא צורך בניפוי,"שטיבל בע""מ",IL,קמח מלא ללא ניפוי,קילוגרמים,1.00,"ק""ג",false,,7.90,7.9000,true,1,197274
7290100703670,false,"קמח כוסמין ללא ניפוי 1 ק""ג סוגת","שטיבל בע""מ",IL,קמח כוסמין מלא ללא נ,קילוגרמים,1.00,"ק""ג",false,,15.90,15.9000,true,1,197277
7290100703687,false,"קמח חלה ללא ניפוי 1 ק""ג סוגת","שטיבל בע""מ",IL,קמח חלה ללא ניפוי 1,קילוגרמים,1.00,"ק""ג",false,,7.90,7.9000,true,1,197316
7290100703861,false,"קמח תערובת קסם לחלה 1 ק""ג ""סוגת""","שטיבל בע""מ",IL,קמח קסם לחלה - סוגת,קילוגרמים,1.00,"ק""ג",false,,8.50,8.5000,true,1,199123
7290100703908,false,סוכר דמררה סוגת בשקי,סוגת תעשיות בעמ,IL,סוכר דמררה 1 קג,קילוגרמים,1.00,"ק""ג",false,,11.90,11.9000,true,1,198889
7290100703915,false,פופקורן להכנה במיקרוגל בטעם חמאה - מארז 6 שקיות,סוגת,IL,מארז פופקורן למיקרוג,גרמים,540.00,100 גרם,false,,10.90,0.0202,true,1,201629
7290100703922,false,פופקורן להכנה במיקרוגל בטעם טבעי - מארז 6 שקיות,סוגת,IL,מארז פופקורן למיקרוג,גרמים,540.00,100 גרם,false,,10.90,0.0202,true,1,201630
7290100703953,false,קוקוס לבן סוגת 500 ג,סוגת תעשיות בעמ,,קוקוס 500 גר סוגת,גרמים,500.00,100 גרם,false,,10.90,0.0218,true,1,200271
7290100703960,false,שומשום סוגת 500 גרם,סוגת תעשיות בעמ,,שומשום 500 גר סוגת,גרמים,500.00,100 גרם,false,,10.90,0.0218,true,1,200272
7290100704141,false,סודה לשתייה 100 ג' סוגת,א.ל. ייצור ושיווק תב,IL,סודה לשתיה 100 גר סו,גרמים,100.00,100 גרם,false,,2.50,0.0250,true,1,204951
7290100704264,false,סוגת עדשים שחורות בל,"סוגת תעשיות בע""מ",IL,עדשים שחורות בלוגה 1,קילוגרמים,1.00,"ק""ג",false,,13.90,13.9000,true,1,207940
7290100704493,false,קמח שמרים פיצה ללא צורך בניפוי 1 קג,"שטיבל בע""מ - טחנת קמ",IL,קמח שמרים פיצה 1 קג,קילוגרמים,1.00,"ק""ג",false,,8.50,8.5000,true,1,215883
7290100704516,false,סוגת חומוס מיני 500 גר,"שטיבל בע""מ",IL,חומוס מיני 500 גר,גרמים,500.00,100 גרם,false,,6.50,0.0130,true,1,217113
7290100704530,false,סוגת קמח כוסמין לבן ללא צורך בניפוי 1 קג,טחנות קמח שטיבל באר,IL,קמח כוסמין לבן ללא נ,קילוגרמים,1.00,"ק""ג",false,,16.90,16.9000,true,1,217417
7290100704578,false,קמח כוסמין לבן תופח 1 קג,טחנת קמח דגן-שטיבל,IL,קמח כוסמין לבן 1 קג,קילוגרמים,1.00,"ק""ג",false,,14.90,14.9000,true,1,217418
7290100704608,false,שעועית לבנה עדינה סוגת 500 גר',"שטיבל בע""מ",IL,שעועית לבנה עדינה 50,גרמים,500.00,100 גרם,false,,7.50,0.0150,true,1,217114
7290100704615,false,סוגת סוכר לבן דק דק צנצנת 500 גר,סוגת תעשיות בעמ,IL,סוכר לבן דק דק צנצנת,גרמים,500.00,100 גרם,false,,7.90,0.0158,false,1,220030
7290100704622,false,סוגת סוכר דמררה דק דק צנצנת 500 גר,סוגת תעשיות בעמ,IL,סוכר דמררה דק דק בצנ,גרמים,500.00,100 גרם,false,,7.90,0.0158,false,1,220029
7290100704660,false,"קינואה מיקס סוגת, 500 גרם","סוגת תעשיות בע""מ",IL,קינואה מיקס 500 גר,גרמים,500.00,100 גרם,false,,12.90,0.0258,true,1,217832
7290100704707,false,אורז מיקס סוגת 500 ג,סוגת,IL,אורז מיקס 500 גר - ס,גרמים,500.00,100 גרם,false,,9.90,0.0198,true,1,264346
7290100858592,false,אבקת קקאו עלית שקית 150 ג',הנסיך- מפעל לייצור ט,IL,קקאו עלית 150 גר,גרמים,150.00,100 גרם,false,,10.50,0.0700,true,1,99335
7290100858608,false,אבקת קקאו עלית שקית 500 ג',שטראוס גרופ,IL,קקאו עלית 500 גר,גרמים,500.00,100 גרם,false,,26.90,0.0538,true,1,99336
7290100921401,false,"שמפו הוואי מועשר בקרטין 700מ""ל",טרופיקל דגיל,IL,שמפו הוואי קרטין מחז,מיליליטרים,700.00,"100 מ""ל",false,,8.90,0.0127,false,1,147456
7290100921418,false,"הוואי - מרכך קרטין מחזק 700 מ""ל",טרופיקל דגיל קוסמטיק,IL,הוואי מרכך שיער קרטי,מיליליטרים,700.00,"100 מ""ל",false,,8.90,0.0127,false,1,147177
7290100921760,false,שמפו הוואי 700 ספורט לגבר,טרופיקל דגיל,IL,הוואי שמפו ספורט לשי,מיליליטרים,700.00,"100 מ""ל",false,,8.90,0.0127,false,1,147178
7290100922613,false,מרכך הוואי משקם לשיע,,,מרכך הוואי משקם לשיע,מיליליטרים,700.00,"100 מ""ל",false,,8.90,0.0127,false,1,190150
7290100922637,false,"סבון נוזלי מ.קוקוס הוואי שלישיה * 500 מ""ל",הנקל סוד,,שלישיה אל סבון הוואי,ליטרים,1.50,ליטר,false,,15.90,10.6000,true,1,191774
7290100922651,false,הוואי - סבון מוצק מי קוקוס 100 גרם רביעייה,טרופיקל דגיל קוסמטיק,IL,הוואי סבון מוצק רביע,גרמים,400.00,100 גרם,false,,12.90,0.0323,true,1,197721
7290100924464,false,כדוריות סבון נתלה לאסלה עם אקונומיקה - 3 יח',הנקל סוד,HU,סוד מארז כדוריות שלי,יחידה,0.00,יחידה,false,,19.90,0.0000,true,1,210495
7290100924631,false,מרכך כביסה מרוכז לבגדי תינוקות ובעלי עור רגיש,"הנקל סוד בע""מ",IL,מרכך כביסה מרוכז סוד,מיליליטרים,900.00,"100 מ""ל",false,,11.90,0.0132,true,1,189755
7290100925676,false,קולור קאצר 20 דפים לוכדי צבע למכונת כביס,הנקל סוד,IE,קולור קאצ'ר 20 דפים,יחידה,0.00,יחידה,false,,21.90,0.0000,true,1,192766
7290100926109,false,סוד לבן חלומי 4 ל מרכך כביסה,הנקל סוד,IL,מרכך כביסה סוד צהוב,ליטרים,4.00,ליטר,false,,18.90,4.7250,false,1,117680
7290100928516,false,סוד - ג'ל לכביסה ביד 1 ליטר,"הנקל סוד בע""מ",IL,סוד ג'ל שמפו לכביסה,ליטרים,1.00,ליטר,false,,13.90,13.9000,true,1,137466
7290101110811,false,מאגדת גלידל וניל מצופה סורבה פסיפלורה[8],הגלידות של פלדמן,IL,מאגדת גלידל דיאט שלג,גרמים,600.00,100 גרם,false,,29.90,0.0498,true,1,115960
7290101111368,false,חטיפי גלידה עינוגים,גלידות פלדמן,,חטיפי גלידה עינוגים,גרמים,600.00,100 גרם,false,,32.90,0.0548,true,1,130228
7290101112228,false,"שמיניית גלידל פרי אננס ""פלדמן""",הגלידות של פלדמן,IL,מאגדת שלגונים גלידל,גרמים,640.00,100 גרם,false,,24.90,0.0389,true,1,150804
7290101112921,false,"גלידל פרי פירות טרופים לל""ס 8 יחידות",הגלידות של פלדמן,IL,גלידל פרי פירות טרופ,גרמים,640.00,100 גרם,false,,24.90,0.0389,true,1,202052
7290101113157,false,מאגדת גלידל חלבי וניל עוגיות 6 יח 312 גר,הגלידות של פלדמן,IL,גלידל שישייה וניל עו,גרמים,312.00,100 גרם,false,,27.90,0.0894,true,1,207349
7290101113430,false,מאגדת גלידל שוקולד עם סירופ 6 יח',הגלידות של פלדמן,IL,גלידל שוקולד עם ריפל,גרמים,312.00,100 גרם,false,,27.90,0.0894,true,1,218928
7290101113447,false,עשירייה גלידל מיני קסטה בטעמי שוקו ווניל 270 ג' פלדמן,הגלידות של פלדמן,IL,גלידל מיני סנדוויץ ב,גרמים,270.00,100 גרם,false,,29.90,0.1107,true,1,259832
7290101113454,false,מאגדת גלידל יוגורט אפרסק 8 יח 480 גרם,הגלידות של פלדמן,IL,גלידל יוגורט אפרסק 8,גרמים,480.00,100 גרם,false,,35.90,0.0748,true,1,213987
7290101419037,false,כלנית נירוסטה קפיץ,,,כלנית נירוסטה קפיץ,יחידה,0.00,יחידה,false,,39.90,0.0000,true,1,198093
7290101453871,false,נר מספר - 0,סודי,CN,נר מספר 0,יחידה,0.00,יחידה,false,,3.90,0.0000,true,1,151046
7290101453888,false,נר מספר - 1,סודי,CN,נר מספר 1,יחידה,0.00,יחידה,false,,3.90,0.0000,true,1,151034
7290101453895,false,נר מספר - 2,סודי,CN,נר מספר 2,יחידה,0.00,יחידה,false,,3.90,0.0000,true,1,151047
7290101453901,false,נר מספר - 3,סודי,CN,נר מספר 3,יחידה,0.00,יחידה,false,,3.90,0.0000,true,1,151035
7290101453918,false,נר מספר - 4,סודי,CN,נר מספר 4,יחידה,0.00,יחידה,false,,3.90,0.0000,true,1,151036
7290101453925,false,נר מספר - 5,סודי,CN,נר מספר- 5,יחידה,0.00,יחידה,false,,3.90,0.0000,true,1,151135
7290101453932,false,נר מספר - 6,סודי,CN,נר מספר 6,יחידה,0.00,יחידה,false,,3.90,0.0000,true,1,151037
7290101453949,false,נר מספר - 7,סודי,CN,נר מספר 7,יחידה,0.00,יחידה,false,,3.90,0.0000,true,1,151038
7290101453956,false,נר מספר - 8,סודי,CN,נר מספר 8,יחידה,0.00,יחידה,false,,3.90,0.0000,true,1,151039
7290101453963,false,נר מספר - 9,סודי,CN,נר מספר 9,יחידה,0.00,יחידה,false,,3.90,0.0000,true,1,151040
7290101455387,false,ביצת הפתעה עם ממתק,,,ביצת הפתעה עם ממתק,יחידה,0.00,יחידה,false,,8.00,0.0000,true,1,194822
7290101486688,false,חטיף דגנים עם שוקולד ללא גלוטן וסוכר פרי 5*20 גרם,טבעית מוצרים מן הטבע,IL,פרי חטיפי דגנים עם ש,גרמים,90.00,100 גרם,false,,16.50,0.1833,true,1,111722
7290101488248,false,"ליידי ספיד סטיק - דאודורנט רול און לאישה ורוד פרש פיושן 50 מ""ל",ליידי ספיד סטיק Lady Speed Stick,IT,ליידי ספיד סטיק רול,מיליליטרים,50.00,"100 מ""ל",false,,14.90,0.2980,true,1,116005
7290101488286,false,"ליידי ספיד סטיק - דאודורנט ספריי לאישה 24/7 פרש פיוזן ורוד 150 מ""ל",ליידי ספיד סטיק Lady Speed Stick,RU,ליידי 24/7 ספריי ורו,מיליליטרים,150.00,"100 מ""ל",false,,14.90,0.0993,true,1,120427
7290101488316,false,ליידי ספיד סטיק - דאודורנט סטיק לאישה ללא סימן ורוד סטיק 65 גרם,ליידי ספיד סטיק Lady Speed Stick,US,ליידי ספיד סטיק ללא,גרמים,50.00,100 גרם,false,,19.90,0.3980,true,1,115588
7290101501138,false,כרובית ארוזה יחידה,אראל תוצרת חקלאית בע,IL,כרובית ארוזה,יחידה,0.00,יחידה,false,,9.90,0.0000,true,1,263300
7290101501374,false,דלעת ארוזה,,,דלעת ארוזה,קילוגרמים,1.00,"ק""ג",true,,8.90,8.9000,true,1,261046
7290101503507,false,מיני בטטה למיקרו נוף,חקלאי,IL,מיני בטטה למיקרו נוף,קילוגרמים,1.30,"ק""ג",false,,12.90,9.9231,true,1,208461
7290101551027,false,קפסולות קפה אספרסו חזק במיוחד 14 עלית 10 יח',הנסיך- מפעל לייצור ט,IL,קפסולות 14 למכונת נס,גרמים,50.00,100 גרם,false,,16.90,0.3380,true,1,205208
7290101551263,false,סילאן טבעי ללא תוספת סוכר,מכוורת יד מרדכי,IL,סילאן טבעי יד מרדכי,גרמים,700.00,100 גרם,false,,22.90,0.0327,true,1,203974
7290101551300,false,סילאן טבעי ללא תוספת סוכר בקבוק לחיץ,מכוורת יד מרדכי,IL,סילאן טבעי לחיץ 380,גרמים,380.00,100 גרם,false,,14.90,0.0392,true,1,203975
7290101551539,false,יוגורט PRO בטעם אפרסק 0% 20 גרם חלבון בגביע,דנונה - שטראוס,IL,דנונה פרו 20 אפרסק,גרמים,200.00,100 גרם,false,,5.90,0.0295,false,1,204226
7290101551584,false,תפוצ'יפס קידס מארז 10 יח' * 20 ג',"שטראוס פריטו ליי בע""",IL,מארז תפוצ'יפס קידס 9,גרמים,180.00,100 גרם,false,,13.90,0.0772,false,1,204500
7290101551638,false,חטיף צ'יטוס כאפה בטעם קטשופ - מארז 10 יח',"שטראוס פריטו ליי בע""",IL,מארז צ'יטוס כאפה 9 י,גרמים,180.00,100 גרם,false,,12.90,0.0717,false,1,204503
7290101582359,false,יין המושבה שרדונה 750 מל,בנימינה Binyamina,,יין המושבה שרדונה,מיליליטרים,750.00,"100 מ""ל",false,,27.90,0.0372,true,1,202505
7290101582373,false,ייו רוזה גרנאש המושבה,יקבי בינימינה,IL,יין המושבה גראנש בלא,מיליליטרים,750.00,"100 מ""ל",false,,27.90,0.0372,true,1,202503
7290101582380,false,יין בנימינה המושבה גוורצטרמינר 2017,,,יין המושבה גוורצטרמי,מיליליטרים,750.00,"100 מ""ל",false,,27.90,0.0372,true,1,202506
7290101582403,false,יין שיראז המושבה בינ,בנימינה Binyamina,,יין המושבה שיראז,מיליליטרים,750.00,"100 מ""ל",false,,27.90,0.0372,true,1,202504
7290101828792,false,כפפות נטריל כחולות ללא אבקה S,,,כפפות ניטריל ללא אבק,יחידה,0.00,יחידה,false,,19.90,0.0000,true,1,260361
7290101828808,false,כפפות ניטריל ללא אבק,,,כפפות ניטריל ללא אבק,יחידה,0.00,יחידה,false,,19.90,0.0000,true,1,260363
7290101828815,false,כפפות נטריל כחולות ללא אבקה L,,,כפפות ניטריל ללא אבק,יחידה,0.00,יחידה,false,,19.90,0.0000,true,1,260362
7290101828822,false,כפפות ניטריל ללא אבק,,,כפפות ניטריל ללא אבק,יחידה,0.00,יחידה,false,,19.90,0.0000,true,1,260364
7290101863410,false,"סיליט באנג ספריי ניקוי עוצמתי מכיל אקונומיקה 750 מ""ל",סיליט באנג Cillit Bang,PL,סיליט באנג ספריי אקו,מיליליטרים,750.00,"100 מ""ל",false,,14.90,0.0199,false,1,118926
7290101864127,false,"ספריי להסרת כתמים 750 מ""ל וניש קליה",קליה וניש Kalia Vanish,IL,קליה אוקסי ספריי,יחידה,750.00,יחידה,false,,16.90,0.0225,true,1,137801
7290101865261,false,"פיניש נוזל הברקה למדיח 800 מ""ל",רקיט בנקיזר,PL,פיניש נוזל הברקה 800,מיליליטרים,800.00,"100 מ""ל",false,,19.90,0.0249,true,1,125626
7290101866633,false,וניש קליה גל להסרת כתמים 3 ליטר אוקסיפרש,קליה וניש Kalia Vanish,IL,קליה וניש ג'ל 3 ליטר,ליטרים,3.00,ליטר,false,,29.90,9.9667,false,1,133758
7290101866787,false,וניש קליה נוזל מסיר כתמים לכביסה לבנה 3 ליטר,קליה וניש Kalia Vanish,IL,קליה 3 ליטר,ליטרים,3.00,ליטר,false,,29.90,9.9667,false,1,135401
7290101868460,false,"קולון 101 אבקת כביסה 8 ק""ג",רקיט בנקיזר,IL,"קולון 8 ק""ג 101 אבקת",קילוגרמים,8.00,"ק""ג",false,,49.90,6.2375,true,1,143994
7290101868958,false,פיניש נוזל הברקה למדיח בניחוח לימון,רקיט בנקיזר,PL,פיניש נוזל הברקה לימ,מיליליטרים,800.00,"100 מ""ל",false,,19.90,0.0249,true,1,149729
7290101869702,false,"ג 'ל פיניש AIO MAX מרוכז למדיח 600מ""ל",פיניש רקיט בנקיזר,PL,פיניש ג'ל רגיל 600 מ,מיליליטרים,600.00,"100 מ""ל",false,,34.90,0.0582,true,1,186501
7290101869719,false,ג'ל מרוכז למדיח פיניש all in one max בניחוח לימון,פיניש רקיט בנקיזר,PL,"פיניש ג'ל 600 מ""ל לי",מיליליטרים,600.00,"100 מ""ל",false,,34.90,0.0582,true,1,186489
7290101869726,false,פיניש ג'ל למדיח כלים 1 ליטר ALL IN 1,רקיט בנקיזר,PL,פיניש ג'ל 1 ליטר,ליטרים,1.00,ליטר,false,,39.90,39.9000,true,1,186319
7290101869733,false,פיניש ג'ל למדיח כלים בניחוח לימון 1 ליטר ALL IN 1,רקיט בנקיזר,PL,פיניש ג'ל לימון 1 לי,ליטרים,1.00,ליטר,false,,39.90,39.9000,true,1,186320
7290101869740,false,פרשמטיק קומפליט חטאים,רקיט בנקיזר,HU,אירוויק מבשם אויר מכ,יחידה,0.00,יחידה,false,,44.90,0.0000,true,1,186460
7290101869771,false,א.ויק מילוי מ.אויר אוטומטי חטאים מתוקים,רקיט בנקיזר,HU,אירוויק מילוי מבשם א,יחידה,0.00,יחידה,false,,14.90,0.0000,true,1,186461
7290101869788,false,"אירוויק ספריי אוטומטי מילוי בניחוח אואזיס 250 מ""ל*",איירוויק Air Wick,HU,מילוי מבשם אויר אטומ,מיליליטרים,250.00,"100 מ""ל",false,,14.90,0.0596,true,1,186042
7290101869795,false,"מטהר אוויר אירוויק ספריי מילוי חלום ליל קיץ 250 מ""ל",איירוויק Air Wick,HU,מילוי מבשם אויר אטומ,מיליליטרים,250.00,"100 מ""ל",false,,14.90,0.0596,true,1,186043
7290101869801,false,"אירוויק מכשיר חשמלי+מילוי בניחוח אואזיס 19 מ""ל",רקיט בנקיזר,HU,מבשם אויר חשמלי מכשי,מיליליטרים,19.00,"100 מ""ל",false,,29.90,1.5737,true,1,186044
7290101869818,false,"אירוויק מכשיר חשמלי+מילוי בניחוח חלום ליל קיץ 19 מ""ל",איירוויק Air Wick,HU,מבשם אוויר חשמלי מכש,מיליליטרים,19.00,"100 מ""ל",false,,29.90,1.5737,true,1,186045
7290101869825,false,"אירוויק מילוי למכשיר חשמלי בניחוח אואזיס 19 מ""ל",איירוויק Air Wick,HU,מילוי מבשם אויר חשמל,מיליליטרים,19.00,"100 מ""ל",false,,14.90,0.7842,true,1,186046
7290101869832,false,"אירוויק מילוי למכשיר חשמלי חלום ליל קיץ 19 מ""ל",איירוויק Air Wick,HU,מילוי מבשם אויר חשמל,מיליליטרים,19.00,"100 מ""ל",false,,14.90,0.7842,true,1,186047
7290101869917,false,"אירוויק פרשמטיק מילוי היער הקסום 250 מ""ל*",איירוויק Air Wick,GB,מילוי מבשם אויר אטומ,מיליליטרים,250.00,"100 מ""ל",false,,14.90,0.0596,true,1,186050
7290101869924,false,מילוי מבשם אויר חשמלי מסתור אקזוטי בודד,רקיט בנקיזר,PL,אירוויק מילוי מבשם א,יחידה,0.00,יחידה,false,,14.90,0.0000,true,1,186462
7290101869962,false,"אירוויק מקלות ריחניים בניחוח חלום ליל קיץ 30 מ""ל",איירוויק Air Wick,HU,מקלות ריחניים חלום ל,מיליליטרים,30.00,"100 מ""ל",false,,14.90,0.4967,true,1,186052
7290101869979,false,"אירוויק מקלות ריחניים בניחוח אואזיס 30 מ""ל",איירוויק Air Wick,HU,מקלות ריחניים אואזיס,מיליליטרים,30.00,"100 מ""ל",false,,14.90,0.4967,true,1,186053
7290101980919,false,שלישיית ביצי שוקולד פיניאס ופרב ***לא פעיל***,זאיני,,שלישיית ביצי הפתעה,גרמים,60.00,100 גרם,false,,12.90,0.2150,true,1,114188
7290101985365,false,בקבוק אלומיניום גדול,,,בקבוק גדול ממותג,יחידה,0.00,יחידה,false,,28.90,0.0000,true,1,148333
7290101985433,false,הפתעות לימי הולדת,NOVELTY,,הפתעות לילדים,יחידה,0.00,יחידה,false,,6.40,0.0000,true,1,185158
7290101999676,false,נרות מטה כוכבים מכונ,,,נרות מטה כוכבים מכונ,יחידה,0.00,יחידה,false,,6.40,0.0000,true,1,151020
7290101999713,false,נרות מטה לבבות - הלו קיטי(1X24),סודי,,נרות מטה לבבות הלו ק,יחידה,0.00,יחידה,false,,6.40,0.0000,true,1,151022
7290101999737,false,נרות מטה לבבות - מיני(1X24),סודי,,נרות מטה לבבות מיני,יחידה,0.00,יחידה,false,,6.40,0.0000,true,1,151024
7290102003778,false,נרות ג'מבו מאויירים,,,נרות ג'מבו מאויירים,יחידה,0.00,יחידה,false,,6.40,0.0000,true,1,189837
7290102003815,false,נרות גמבו מאויירים ה,סודי,,נרות ג'מבו מאויירים,יחידה,0.00,יחידה,false,,6.40,0.0000,true,1,151028
7290102003822,false,נר גמבו מאויירים מיק,סודי,,נרות ג'מבו מאויירים,יחידה,0.00,יחידה,false,,6.40,0.0000,true,1,151293
7290102006441,false,זר יום הולדת לראש עם פרחים-לבן,שמחה זה אנחנו,CN,זר יום הולדת לראש עם,יחידה,0.00,יחידה,false,,13.80,0.0000,true,1,151017
7290102030330,false,תפוצ'יפס קראנצ' בטעם מקסיקני 200 גרם,"שטראוס פריטו ליי בע""",IL,תפוצ'יפס קראנצ' מקסי,גרמים,200.00,100 גרם,false,,10.90,0.0545,false,1,99484
7290102031276,false,מארז 8 יחידות אקטימל משקה יוגורט בטעם תות בננה,מיוצר עי קונדיטוריית,IL,אקטימל תות 1.5% שמינ,מיליליטרים,800.00,"100 מ""ל",false,,21.10,0.0264,true,1,95938
7290102032334,false,אבקה להכנת משקה קפה בטעם וניל,STRAUSS-ISRAEL,IL,קפה נמס בטעם וניל 20,גרמים,200.00,100 גרם,false,,23.90,0.1195,false,1,114103
7290102035151,false,דנונה אקטיביה 1.5% ב,שטראוס דנונה,IL,אקטיביה 1.5% טבעי,גרמים,150.00,100 גרם,false,,3.80,0.0253,true,1,137666
7290102062195,false,"משחת שיניים לילדים לגילאי 6-12 אלמקס 75 מ""ל",יבואן ומשווק: ש. שסט,PE,אלמקס משחת שיניים ג',מיליליטרים,75.00,"100 מ""ל",false,,15.90,0.2120,true,1,121689
7290102300815,false,"גבינת צ'דר אנגלית כתומה פרוס, 200 גרם",שבינגטון,GB,גבינת צ'דר כתום פרוס,גרמים,200.00,100 גרם,false,,26.90,0.1345,true,1,215476
7290102300822,false,גבינה צ'דר אנגלית כתומה 200 ג',דאולי צ'יסמייקרס,GB,גבינת צ'דר אנגלי כתו,גרמים,200.00,100 גרם,false,,22.90,0.1145,true,1,194011
7290102300860,false,"גבינת צ'דר אנגלית לבן, 200 גרם",דאוליי צ'יסמייקרס,GB,גבינת צ'דר אנגלי,גרמים,200.00,100 גרם,false,,22.90,0.1145,true,1,194012
7290102302819,false,גושי טונה בהירה בשמן זית בצורת פילה 120 גרם,רמירז אנד קה פילהאוס,PT,גושי טונה בהירה בשמן,גרמים,120.00,100 גרם,false,,14.90,0.1242,true,1,213154
7290102302864,false,גבינה הולנדית עם פסטו ירוק 34%,הנרי ויליך Henri Willig,NL,גאודה פסטו ירוק,גרמים,200.00,100 גרם,false,,34.90,0.1745,true,1,212012
7290102302888,false,גבינת גאודה כמון 200 גרם,מיוצר עי קונדיטוריית,NL,גאודה כמון 200 גר,גרמים,200.00,100 גרם,false,,29.90,0.1495,true,1,210654
7290102303878,false,אלוויר חמאת נורמנדי 200 גרם,אלוויר,FR,חמאת אלוויר נורמדי,גרמים,200.00,100 גרם,false,,17.90,0.0895,true,1,219429
7290102390427,false,יוגורט ביו עם קציפת תות 3% שומן 150 ג' מולר,מולר Muller,IL,יוגורט תות 3% מולר 1,מיליליטרים,150.00,"100 מ""ל",false,,5.30,0.0353,true,1,114267
7290102390465,false,יוגורט ביו עם קציפת אפרסק ופסיפלורה 3% שומן 150 ג' מולר,מולר Muller,IL,יוגורט אפרסק ופסיפלו,מיליליטרים,150.00,"100 מ""ל",false,,5.30,0.0353,false,1,114269
7290102390489,false,יוגורט ביו עם קציפת לימון 3% שומן 150 ג' מולר,מולר Muller,IL,יוגורט לימון 3% - 15,מיליליטרים,150.00,"100 מ""ל",false,,5.30,0.0353,true,1,114270
7290102391844,false,יוגורט ביו עם קציפת פירות יער3% שומן 150 ג' מולר,מולר Muller,IL,יוגורט מולר פרופ פיר,מיליליטרים,150.00,"100 מ""ל",false,,5.30,0.0353,true,1,117427
7290102392049,false,גבינה לאפיה תבור ללא תוספת מלח 5% משק צוריאל 500 גרם,מחלבת משק צוריאל,IL,תבור גבינה לאפיה 5%,גרמים,500.00,100 גרם,false,,25.90,0.0518,true,1,119546
7290102392094,false,חלב עיזים מלא 3.7% משק צוריאל 1 ליטר,מילקו תעשיות בעמ,IL,חלב עיזים בקרטון 3.7,ליטרים,1.00,ליטר,false,,16.50,16.5000,true,1,119414
7290102392728,false,"יוגורט ביו ביאנקו 2.8% מולר 200 מ""ל","טרה, פארק תעשיות בע""",IL,מולר ביאנקו נטורל 2.,יחידה,200.00,יחידה,false,,3.90,0.0195,true,1,122217
7290102393039,false,"יוגורט ביו קרמי מיקס פצפוצי שוקולד 7.6% מולר 170 מ""ל",קריות זול,IL,מולר מיקס יוגורט עם,גרמים,170.00,100 גרם,false,,6.20,0.0365,false,1,123455
7290102393060,false,"יוגורט ביו קרמי מיקס גלילי ופל ואגוזים 5.9% מולר 170 מ""ל",קריות זול,IL,מולר מיקס יוגורט עם,גרמים,170.00,100 גרם,false,,6.20,0.0365,true,1,123456
7290102393169,false,"יוגורט סימפלי פרוט בטעם תות 3% מולר 150 מ""ל",מולר Muller,IL,מולר סימפלי פרויט תו,מיליליטרים,150.00,"100 מ""ל",false,,5.30,0.0353,false,1,126901
7290102393176,false,סימפלי פרוט יוגורט אפרסק 3% שומן 150 ג' מולר,מילקו תעשיות בעמ,IL,מולר סימפלי פרויט אפ,מיליליטרים,150.00,"100 מ""ל",false,,5.30,0.0353,false,1,126902
7290102393190,false,"יוגורט סימפלי פרוט בטעם פירות יער 3% מולר 150 מ""ל",מילקו תעשיות בעמ,IL,מולר סימפלי פרויט פי,מיליליטרים,150.00,"100 מ""ל",false,,5.30,0.0353,false,1,126904
7290102393268,false,"גבינה לבנה 5% שומן, רכיבים טבעיים 750 גרם",טרה,IL,גבינה לבנה 750 גר' ט,גרמים,750.00,100 גרם,false,,14.94,0.0199,false,1,123724
7290102393299,false,יוגורט עיזים לשתייה 3% שומן 500 ג' צוריאל,מיוצר עי קוד יצרן HG,IL,יוגורט עיזים לשתיה 3,גרמים,500.00,100 גרם,false,,12.90,0.0258,true,1,124917
7290102393718,false,גבינת חלומי מחלב בקר 28% משק צוריאל 200 גרם,מחלבת משק צוריאל,IL,גבינת חלומי בקר 200,גרמים,200.00,100 גרם,false,,21.90,0.1095,true,1,126502
7290102393848,false,"יוגורט עיזים בטעם תות משק צוריאל 150 מ""ל",מחלבת משק צוריאל,IL,יוגורט עיזים תות 2.5,גרמים,140.00,100 גרם,false,,6.20,0.0443,true,1,128645
7290102393855,false,"יוגורט עיזים בטעם אפרסק משק צוריאל 150 מ""ל",מחלבת משק צוריאל,IL,יוגורט עיזים אפרסק 2,גרמים,140.00,100 גרם,false,,6.20,0.0443,true,1,128607
7290102393947,false,סימפלי פרוט יוגורט בטעם קיווי 3% שומן 150 ג' מולר,מילקו תעשיות בעמ,IL,מולר סימפלי פרוט קיו,מיליליטרים,150.00,"100 מ""ל",false,,5.30,0.0353,false,1,133150
7290102394081,false,"יוגורט ביו קרמי מיקס קורנפלקס מצופה שוקולד מולר 170 מ""ל",מילקו תעשייה בעמ,IL,מולר מיקס יוגורט קרמ,גרמים,170.00,100 גרם,false,,6.20,0.0365,false,1,133192
7290102394258,false,גליל גבינת עיזים מה עז 9% משק צוריאל 180 גרם,מחלבת משק צוריאל,IL,עז מה 180 גר' 9%,גרמים,180.00,100 גרם,false,,23.90,0.1328,true,1,133814
7290102394463,false,נעם גבינה צהובה פרוסה ואקום 28% טרה 500 גרם,Unknown,IL,גבינה צהובה 28% וואק,גרמים,500.00,100 גרם,false,,29.90,0.0598,true,1,142494
7290102394821,false,נעם גבינה צהובה פרוסה 28% טרה 200 גרם,מילקו תעשיות בעמ,IL,גבינה צהובה טרה דק ד,גרמים,200.00,100 גרם,false,,16.90,0.0845,false,1,136597
7290102394845,false,נעם גבינה צהובה לייט פרוסה דק דק 9% טרה 200 גרם,מילקו תעשיות בעמ,IL,גבינה צהובה לייט דק,גרמים,200.00,100 גרם,false,,17.50,0.0875,false,1,136611
7290102395217,false,מאגדת שמיניה מולר במתיקות מעודנת 1.2% 8*150 ג',מולר Muller,IL,מאגדת יוגורט מולר שמ,גרמים,1200.00,100 גרם,false,,21.00,0.0175,true,1,140514
7290102395224,false,מארז 8 גביעים יוגורט ביו בטעם טבעי 1.7%,מולר Muller,IL,מאגדת מולר לבן ביו 1,גרמים,1200.00,100 גרם,false,,18.50,0.0154,false,1,140449
7290102395231,false,מולר נטורל 2.8% ביאנקו מאגדת 8 יח' * 150 ג',מולר Muller,IL,מאגדת יוגורט מולר בי,גרמים,1200.00,100 גרם,false,,18.50,0.0154,false,1,140222
7290102395262,false,מארז 8 גביעים יוגורט בטעם תות שדה ואפרסק 3% Simply Fruit,מולר Muller,IL,מאגדת מולר תות אפרסק,גרמים,1200.00,100 גרם,false,,31.90,0.0266,true,1,142734
7290102395378,false,נעם גבינה צהובה פרוסה ואקום 28% טרה 360 גרם,טרה,IL,גבינה צהובה נעם 28%,גרמים,360.00,100 גרם,false,,21.50,0.0597,true,1,142432
7290102395439,false,מארז 8 גביעים יוגורט בטעם פירות יער וקיווי 3% Simply Fruit,מילקו תעשיות בעמ,IL,מאגדת שמינייה סימפלי,יחידה,0.00,יחידה,false,,31.90,0.0000,true,1,143808
7290102395446,false,מעדן חלב בטעם וניל עם קצפת 123 ג' טרה,Unknown,IL,מוו מעדן וניל קצפת,גרמים,123.00,100 גרם,false,,2.90,0.0236,true,1,140625
7290102395477,false,מעדן חלב בטעם שוקולד עם קצפת 123 ג' טרה,Unknown,IL,מו מעדן שוקולד קצפת,גרמים,123.00,100 גרם,false,,2.90,0.0236,true,1,140442
7290102395521,false,"שמנת לבישול 15% שומן 500 מ""ל טרה",מילקו תעשיות בעמ,IL,שמנת לבישול 15% + פק,מיליליטרים,500.00,"100 מ""ל",false,,16.90,0.0338,true,1,147069
7290102396399,false,מארז 8 יחידות מעדן חלב בטעם שוקולד 1.5%,Unknown,IL,מאגדת שמינייה מעדן ש,גרמים,800.00,100 גרם,false,,13.90,0.0174,true,1,148625
7290102396405,false,מארז 8 יחידות מעדן חלב בטעם וניל 1.5%,Unknown,IL,מאגדת שמינייה מעדן ו,גרמים,800.00,100 גרם,false,,13.90,0.0174,true,1,148626
7290102396436,false,"מעדן מוו שוקולד 1.5% 125 גרם בד""צ",טרה,IL,מעדן מוו שוקולד,גרמים,125.00,100 גרם,false,,2.90,0.0232,true,1,148168
7290102396443,false,"מעדן מוו וניל 1.5% 125 גרם בד""צ",טרה,IL,מעדן מוו וניל,גרמים,125.00,100 גרם,false,,2.90,0.0232,true,1,148136
7290102396580,false,מעדן שוקולד ומוס שוקולד 123 ג' טרה,טרה,IL,מעדן מוו שוקולד ומוס,גרמים,123.00,100 גרם,false,,2.90,0.0236,true,1,148627
7290102396597,false,מעדן חלב מוו עם מוס שוקולד וניל,טרה,IL,מעדן מוו וניל ומוס ש,גרמים,123.00,100 גרם,false,,2.90,0.0236,true,1,148628
7290102396665,false,נעם גבינה צהובה דק דק 15% טרה 200 גרם,מילקו תעשיות בעמ,IL,גבינה צהובה נעם דק ד,גרמים,200.00,100 גרם,false,,16.90,0.0845,true,1,190310
7290102396719,false,יוגורט ביו עם תות שדה 0% Simply Fruit,מולר Muller,IL,יוגורט סימפלי תות 0%,גרמים,150.00,100 גרם,false,,5.30,0.0353,false,1,150204
7290102396726,false,מולר סימפלי פרוט אפרסק 0% 150 גרם,מולר,IL,יוגורט סימפלי אפרסק,גרמים,150.00,100 גרם,false,,5.00,0.0333,false,1,150205
7290102396740,false,מארז 8 גביעים יוגורט בטעם תות שדה ואפרסק 0% Simply Fruit,מילקו תעשיות בעמ,IL,מאגדת שמינייה מולר ס,גרמים,1200.00,100 גרם,false,,31.90,0.0266,true,1,150207
7290102397075,false,יוגורט בקרטון 4% שומן 1.5ל' טרה,טרה,IL,יוגורט 4% בקרטון 1.5,ליטרים,1.50,ליטר,false,,14.50,9.6667,true,1,186398
7290102397204,false,נעם גבינה צהובה דק דק 22% טרה 200 גרם,מילקו תעשיות בעמ,IL,גבינה צהובה נעם דק ד,גרמים,200.00,100 גרם,false,,16.90,0.0845,true,1,188105
7290102397334,false,גבינה בולגרית 5% צוריאל גליל 250ג',מחלבת משק צוריאל,IL,בולגרית 5% צוריאל,גרמים,250.00,100 גרם,false,,22.50,0.0900,true,1,190376
7290102397464,false,יוגורט ביו בתוספת גרעינים אגוזים וחמוציות 170 ג' מולר,מולר Muller,IL,יוגורט מולר נטורל+גר,גרמים,170.00,100 גרם,false,,6.20,0.0365,true,1,196672
7290102397600,false,מיקס יוגורט בתוספת שקדים ובוטנים מקורמלים 170 ג' מולר,מילקו תעשייה בעמ,IL,מולר מיקס בתוספת שקד,גרמים,170.00,100 גרם,false,,6.20,0.0365,true,1,192845
7290102397617,false,יוגורט ביו קרמי עם כדורים מצופים שוקולד חום לבן,מולר Muller,IL,מולר מיקס בתוספת קלי,גרמים,170.00,100 גרם,false,,6.20,0.0365,true,1,192846
7290102397730,false,פרוסות גבינה אמנטל חצי קשה 30% שומן 200 ג' נעם,Unknown,IL,נעם אמנטל 100% רכיבי,גרמים,200.00,100 גרם,false,,17.50,0.0875,true,1,197747
7290102397747,false,פרוסות גבינת מוצרלה נעם מחלב בקר 22%,טרה,IL,מוצרלה 200 גר' נעם,גרמים,200.00,100 גרם,false,,18.90,0.0945,true,1,200461
7290102397891,false,גבינת מותכת 18% צוריאל 100ג',משק צוריאל,IL,גבינה מותכת 18% משק,גרמים,100.00,100 גרם,false,,7.30,0.0730,true,1,196671
7290102398065,false,חלב טרה בקרטון 2 ליטר מהדרין 3% - מוצר בפיקוח,Unknown,IL,חלב בקרטון 3% טרה 2,ליטרים,2.00,ליטר,false,,12.46,6.2300,false,1,198734
7290102398072,false,"חלב קרטון 3%-1 ליטר "" טרה"" -מוצר פיקוח",Unknown,IL,חלב טרה 3% בקרטון 1,ליטרים,1.00,ליטר,false,,6.23,6.2300,false,1,198254
7290102398331,false,חלב דל לקטוז 2% מועשר בויטמין D,טרה,IL,חלב מועשר דל לקטוז 1,ליטרים,1.00,ליטר,false,,7.80,7.8000,false,1,200530
7290102398553,false,שוקו טרה בבקבוק 1.5 ליטר,מילקו תעשיות בעמ,IL,שוקו 1.5 ליטר טרה,ליטרים,1.50,ליטר,false,,16.90,11.2667,true,1,211470
7290102398560,false,שוקו מעושר בבקבוק 1ל' טרה,מילקו תעשיות בעמ,IL,שוקו טרה מועשר בקבוק,ליטרים,1.00,ליטר,false,,12.50,12.5000,true,1,203989
7290102398577,false,משקה חלב בטעם שוקו 2% בבקבוק אישי,מילקו תעשיות בעמ,IL,שוקו טרה מועשר בקבוק,מיליליטרים,250.00,"100 מ""ל",false,,5.50,0.0220,true,1,203990
7290102398614,false,משקה חלב בטעם בננה 1 ליטר טרה,מילקו תעשיות בעמ,IL,משקה חלב בטעם בננה 1,ליטרים,1.00,ליטר,false,,12.50,12.5000,true,1,204321
7290102398638,false,משקה חלב בטעם מוקה 1 ליטר טרה,מילקו תעשיות בעמ,IL,משקה חלב בטעם מוקה 1,ליטרים,1.00,ליטר,false,,12.50,12.5000,true,1,204322
7290102398669,false,משקה חלב עם קפה אייס קפוצ'ינו 1.5%,מילקו תעשיות בעמ,IL,אייס קפוצ'ינו 1 ליטר,ליטרים,1.00,ליטר,false,,12.50,12.5000,true,1,213294
7290102398782,false,משקה סויה קלאסי משק צוריאל 1 ליטר,מחלבת משק צוריאל,IT,משקה סויה קלאסי 1 לי,ליטרים,1.00,ליטר,false,,11.90,11.9000,true,1,210287
7290102398799,false,משקה סויה במתיקות מופחתת 1 ליטר משק צוריאל,מחלבת משק צוריאל,IT,משקה סויה במתיקות מע,ליטרים,1.00,ליטר,false,,11.90,11.9000,true,1,210154
7290102398805,false,משקה סויה בטעם וניל משק צוריאל 1 ליטר,מחלבת משק צוריאל,IT,משקה סויה בטעם וניל,ליטרים,1.00,ליטר,false,,11.90,11.9000,true,1,210005
7290102398836,false,משקה שקדים קלאסי משק צוריאל 1 ליטר,מחלבת משק צוריאל,IT,משקה שקדים קלאסי משק,ליטרים,1.00,ליטר,false,,13.50,13.5000,true,1,209931
7290102399048,false,פרוסות גבינת קשקבל נעם 200 ג' טרה,מילקו,IL,גבינת קשקבל נעם פתיח,גרמים,200.00,100 גרם,false,,22.90,0.1145,true,1,206898
7290102399635,false,"מולר פרופ יוגורט ביו עם קציפת קוקוס ואננס 150 מ""ל",מולר Muller,IL,יוגורט Bio עם קציפת,גרמים,150.00,100 גרם,false,,5.30,0.0353,true,1,213290
7290102399772,false,ממרח חמאת מולר ושמן לפתית במליחות עדינה,Molkerei Weihensteph,DE,ממרח חמאה במליחות עד,גרמים,250.00,100 גרם,false,,18.90,0.0756,true,1,213289
7290102399789,false,ממרח חמאת מולר ושמן לפתית ללא תוספת מלח,Molkerei Weihensteph,DE,ממרח חמאה ללא מלח 25,גרמים,250.00,100 גרם,false,,18.90,0.0756,true,1,213286
7290102399796,false,מעדן יוגורט לבן מועשר בחלבון 200 ג' מולר אקטיב,מולר Muller,IL,מולר אקטיב יוגורט 25,גרמים,200.00,100 גרם,false,,5.80,0.0290,true,1,212999
7290102399802,false,יוגורט עם תות מולר אקטיב מועשר בחלבון 200 גר',מולר Muller,IL,מולר אקטיב יוגורט תו,גרמים,200.00,100 גרם,false,,6.20,0.0310,true,1,213000
7290102399819,false,יוגורט עם פירות יער מולר אקטיב מועשר בחלבון 200 גר',מולר Muller,IL,מולר אקטיב יוגורט פי,גרמים,200.00,100 גרם,false,,6.20,0.0310,true,1,213001
7290102399857,false,"יוגורט אקטיב עם תות 0% , 20 גרם חלבון בגביע",מולר Muller,IL,מולר אקטיב לייט עם ת,גרמים,200.00,100 גרם,false,,6.20,0.0310,true,1,213549
7290102444731,false,"מחצלת קוקוס 40/75 ס""מ",,,"מחצלת קוקוס 40/75 ס""",יחידה,0.00,יחידה,false,,44.90,0.0000,true,1,214613
7290102453719,false,קנקן תה זכוכית,,,קנקן תה זכוכית,יחידה,0.00,יחידה,false,,19.90,0.0000,true,1,216473
7290102840243,false,אבקה להכנת פלאן קרמל 112 גרם,י.כהן,,פלאן קרמל,יחידה,0.00,יחידה,false,,7.90,0.0000,true,1,115990
7290102841127,false,תערובת להכנת עוגת פרג נאמן 600ג',י.כהן,,אבקה להכנת עוגת פרג,גרמים,600.00,100 גרם,false,,14.00,0.0233,true,1,121051
7290102842360,false,תערובת להכנת סופלה בטעם שוקולד בלגי,י.כהן Kahan's,,תערובת להכנת סופלה ש,יחידה,0.00,יחידה,false,,14.50,0.0000,true,1,134873
7290102844265,false,תערובת להכנת בליל טמפורה 500ג',י.כהן,,תערובת להכנת בלילה ט,גרמים,500.00,100 גרם,false,,9.90,0.0198,true,1,191805
7290103120658,false,דאודורנט סטיק ג'ל לגבר Cool Night 24/7,הנסיך- מפעל לייצור ט,US,ספיד סטיק 24/7 ג'ל ש,גרמים,85.00,100 גרם,false,,19.90,0.2341,true,1,118646
7290103121600,false,"ספיד סטיק - דאודורנט ספריי לגבר 24/7 קול פיוזן 150 מ""ל",קולגייט פלמוליב,RU,ספיד סטיק 24/7 ספריי,מיליליטרים,165.00,"100 מ""ל",false,,14.90,0.0903,true,1,120791
7290103124601,false,"תחליב רחצה נוזל חלב ודבש משאבה 750מ""ל פלמוליב",הנסיך- מפעל לייצור ט,TR,פלמוליב סבון נוזלי ח,מיליליטרים,750.00,"100 מ""ל",false,,19.90,0.0265,true,1,133870
7290103126797,false,משחת שיניים סנסיטיב פרו רליף Sensitive Pro - Reliefe,הנסיך- מפעל לייצור ט,BR,קולגייט סנסטיב פרו ר,מיליליטרים,75.00,"100 מ""ל",false,,19.90,0.2653,false,1,127802
7290103128739,false,בלונס צימרוני אוזניים לתינוק 50 יח',הנסיך- מפעל לייצור ט,GR,בלונס מקלות אזניים ל,יחידה,0.00,יחידה,false,,5.90,0.0000,true,1,137137
7290103129408,false,ליידי ספיד סטיק - דאודורנט סטיק לאישה פרש אסנס פריחת הפרדס 65 גרם,ליידי ספיד סטיק Lady Speed Stick,US,ליידי ספיד סטיק פריח,גרמים,65.00,100 גרם,false,,19.90,0.3062,true,1,140491
7290103129637,false,בלונס פדים אובליים להסרת איפור 40 יחידות,הנסיך- מפעל לייצור ט,GR,פדים קוסמטיים להסרת,יחידה,0.00,יחידה,false,,7.90,0.0000,true,1,139600
7290103151508,false,מיכלי אחסון 1 ליטר 5,סנטר פלסט,IL,מיכל איחסון 1 ליטר 5,יחידה,0.00,יחידה,false,,9.90,0.0000,true,1,200630
7290103151515,false,מיכלי אחסון 2 ליטר 4,סנטר פלסט,IL,מיכל איחסון 2 ליטר 4,יחידה,0.00,יחידה,false,,9.90,0.0000,true,1,200631
7290103151522,false,מיכל איחסון 3 ליטר,,,מיכל איחסון 3 ליטר,יחידה,0.00,יחידה,false,,9.90,0.0000,true,1,201605
7290103151539,false,מיכל איחסון 4 ליטר 2,,,מיכל איחסון 4 ליטר 2,יחידה,0.00,יחידה,false,,9.90,0.0000,true,1,200886
7290103400194,false,"כרוב לבן 400 גר בד""צ ירקות שטראוס","טרופיקל דגיל בע""מ אז",IL,כרוב לבן שטראוס 400ג,גרמים,400.00,100 גרם,false,,8.90,0.0223,true,1,124253
7290103400231,false,"גזר 400 גר בד""צ ירקות שטראוס",תות תעשיות מזון (201,IL,"גזר שטראוס 400ג' בד""",גרמים,400.00,100 גרם,false,,8.90,0.0223,true,1,124254
7290103400255,false,"סלט קולסלאו 400 גרם בד""צ ירקות שטראוס","טרופיקל דגיל בע""מ אז",IL,סלט קולסלאו 400ג' בד,גרמים,400.00,100 גרם,false,,8.90,0.0223,true,1,124255
7290103401429,false,קפה קצב ברזילאי אוריגינס 200 גר,הנסיך- מפעל לייצור ט,IL,קפה נמס קצב ברזילאי,גרמים,200.00,100 גרם,false,,24.90,0.1245,false,1,120634
7290103404758,false,סלט כרוב אדום אחלה 120 גרם,מיוצר עי קונדיטוריית,IL,סלט כרוב 120 גר,גרמים,120.00,100 גרם,false,,5.00,0.0417,true,1,119483
7290103408206,false,עלי חסה ערבית שטופים שטראוס 250 גרם,שטראוס בריאות ירקות,IL,עלי חסה בקופסא שטראו,גרמים,250.00,100 גרם,false,,9.90,0.0396,true,1,121446
7290103681173,false,"יין תבור הר קברנה סוביניון 750 מ""ל",מיוצר על ידי יקב תבו,IL,הר TABOR קברנה סובני,מיליליטרים,750.00,"100 מ""ל",false,,29.90,0.0399,true,1,206296
7290103681180,false,"יין הר מרלו מיתוג תנשמת 750 מ""ל",מיוצר על ידי יקב תבו,IL,"הר TABOR מרלו 750 מ""",מיליליטרים,750.00,"100 מ""ל",false,,29.90,0.0399,true,1,206297
7290103681197,false,"יין הר שיראז מיתוג תנשמת 750 מ""ל",מיוצר על ידי יקב תבו,IL,הר TABOR שיראז 750 מ,מיליליטרים,750.00,"100 מ""ל",false,,29.90,0.0399,true,1,206298
7290103681227,false,"יין הר גוורצטרמינר מיתוג תנשמת 750 מ""ל",מיוצר על ידי יקב תבו,IL,הר TABOR גיוורצטרמינ,מיליליטרים,750.00,"100 מ""ל",false,,29.90,0.0399,true,1,206299
7290103681234,false,"יין הר רוזה מיתוג תנשמת 750 מ""ל",תבור,IL,"הר TABOR רוזה 750 מ""",מיליליטרים,750.00,"100 מ""ל",false,,29.90,0.0399,true,1,206300
7290103681241,false,"יין הר מוסקטו מיתוג תנשמת 750 מ""ל",תבור TABOR,IL,יין תבור הר מוסקטו,מיליליטרים,750.00,"100 מ""ל",false,,29.90,0.0399,true,1,206661
7290103681623,false,"יין הר מוסקטו רוזה 750 מ""ל",יקבי תבור,IL,"מוסקטו רוזה 750 מ""ל",מיליליטרים,750.00,"100 מ""ל",false,,29.90,0.0399,true,1,212291
7290104061417,false,סלט חומוס עם טחינה אחלה 400 גרם,"שטראוס גרופ בע""מ",IL,חומוס טחינה אחלה 400,גרמים,400.00,100 גרם,false,,10.50,0.0263,true,1,122051
7290104061424,false,סלט חומוס עם זעתר אחלה 400 גרם,מיוצר עי קונדיטוריית,IL,חומוס אחלה זעתר 400,גרמים,400.00,100 גרם,false,,10.50,0.0263,true,1,122049
7290104061431,false,סלט חומוס עם צנובר אחלה 400 גרם,"שטראוס גרופ בע""מ",IL,חומוס אחלה צנובר 400,גרמים,400.00,100 גרם,false,,10.50,0.0263,true,1,122052
7290104061448,false,סלט חומוס עם חריף אחלה 400 גרם,מיוצר עי קונדיטוריית,IL,חומוס אחלה חריף 400,גרמים,400.00,100 גרם,false,,10.50,0.0263,true,1,122050
7290104062599,false,מארז 8 יחידות מעדן גמדים בטעמי תות ובננה,שטראוס דנונה,IL,מארז סופר גמדים תות,גרמים,800.00,100 גרם,false,,18.90,0.0236,true,1,122257
7290104065187,false,אבקה להכנת משקה קפה בטעם מוקה,STRAUSS-ISRAEL,IL,קפה נמס בטעם מוקה 20,גרמים,200.00,100 גרם,false,,23.90,0.1195,false,1,124096
7290104065934,false,עלי רוקט שטראוס 150 גרם,שטראוס בריאות ירקות,IL,עלי רוקט שטראוס 150,גרמים,150.00,100 גרם,false,,9.90,0.0660,true,1,123544
7290104067679,false,סלט טחינה אחלה 400גר,מיוצר עי קונדיטוריית,IL,טחינה אחלה 400 גר,גרמים,400.00,100 גרם,false,,10.90,0.0273,true,1,144602
7290104067693,false,אחלה חומוס עם חריף 150 גרם,מיוצר עי קונדיטוריית,IL,חומוס 150 גר עם חריף,גרמים,150.00,100 גרם,false,,5.50,0.0367,true,1,145195
7290104068539,false,מאסט פליפטופ מלון ואבטיח ללא גרעינים,"שטראוס גרופ בע""מ",IL,מסטיק מאסט בטעם מלון,גרמים,28.00,100 גרם,false,,4.40,0.1571,true,1,124440
7290104068546,false,גומי מאסט בטעם לימון קולה ללא סוכר 28 ג' עלית,"שטראוס גרופ בע""מ",IL,מסטיק מאסט קולה ולימ,גרמים,28.00,100 גרם,false,,4.40,0.1571,true,1,125509
7290104500572,false,אפרופו חטיף תירס איטליאנו אסם 50 גרם,מיוצר עי קונדיטוריית,IL,אפרופו איטליאנו 50 ג,גרמים,50.00,100 גרם,false,,5.20,0.1040,false,1,128810
7290104501661,false,אינסטנט פודינג בטעם וניל צרפתי אסם 80 גרם,מיוצר עי קונדיטוריית,IL,פודינג טעם וניל צרפת,גרמים,80.00,100 גרם,false,,5.80,0.0725,false,1,126812
7290104508189,false,אסם 24 גביעי גלידה ממותקים 95 גרם,בטר אנד דיפרנט,IL,גביעי גלידה ממותקים,יחידה,0.00,יחידה,false,,12.50,0.0000,true,1,133566
7290104508202,false,גביעי גלידה אמריקאים 24 יח' אסם 120 ג',"גילרו בע""מ",IL,גביעי גלידה אמריקאים,יחידה,0.00,יחידה,false,,12.50,0.0000,true,1,133012
7290104508943,false,במבה חטיף בוטנים אסם 200 גרם,"אסם תעשיות בע""מ",IL,במבה קלאסי 200גר אסם,גרמים,200.00,100 גרם,false,,9.70,0.0485,false,1,135281
7290104509247,false,בונז'ור-עוגת קראנץ' שוקולד עשיר 650 גר',בונז'ור,IL,עוגת קראנץ' שוקולד ב,גרמים,650.00,100 גרם,false,,21.90,0.0337,true,1,133812
7290104509353,false,בונז'ור עוגת בריוש פרג 550 ג',בונז'ור,IL,עוגת בריוש פרג בונז',גרמים,550.00,100 גרם,false,,25.90,0.0471,true,1,133927
7290104570162,false,תמרים ללא חרצנים תמר כבוש 500 גרם,תמר העמקים בית שאן,IL,תמרים כבושים 500גר,גרמים,500.00,100 גרם,false,,9.90,0.0198,true,1,141851
7290104570292,false,"תמר מג'הול 1קג בד""ץ-אדום",,,תמר מג'הול 1 קג,קילוגרמים,1.00,"ק""ג",false,,19.90,19.9000,true,1,262381
7290104570629,false,ממרח גביע ירוק 450 ג' ירדן,"תמר העמקים בע""מ",,ממרח תמרים 450 גר,גרמים,450.00,100 גרם,false,,4.90,0.0109,false,1,189475
7290104721533,false,רצועות פלפלים קלויים אחלה 400 ג',מיוצר עי קונדיטוריית,IL,פלפלים קלויים אחלה,גרמים,400.00,100 גרם,false,,15.00,0.0375,true,1,127433
7290104721953,false,לקט מסולסלים ירקות שטראוס 350 גרם,תות תעשיות מזון (201,IL,לקט מסולסלים שטראוס,גרמים,350.00,100 גרם,false,,12.90,0.0369,true,1,125332
7290104722530,false,תפוצ'יפס בטעם שמנת בצל עלית 200 גרם,"שטראוס פריטו ליי בע""",IL,תפוצ'יפס שמנת בצל 20,גרמים,200.00,100 גרם,false,,10.90,0.0545,true,1,125523
7290104726262,false,מארז 4 יחידות דני לשתייה בטעם שוקולד + קשים,מיוצר עי קונדיטוריית,IL,מארז רביעיה דני לשתי,יחידה,500.00,יחידה,false,,11.00,0.0220,true,1,127896
7290104726712,false,מארז 8 יחידות מעדן מילקי בטעם שוקולד עם קצפת,"שטראוס גרופ בע""מ",IL,מארז מילקי שמיניה,גרמים,1064.00,100 גרם,false,,21.20,0.0199,false,1,135390
7290104728310,false,"שמנת מתוקה עמידה 38% שומן ""יטבתה"" -מוצר בפיקוח",שטראוס גרופ,IL,שמנת מתוקה עמידה 38%,מיליליטרים,250.00,"100 מ""ל",false,,6.47,0.0259,false,1,130309
7290104729003,false,"יד מרדכי - שמן זית כתית מעולה 2 קלאסי 750 מ""ל",מכוורת יד מרדכי שטרא,IL,שמן זית יד מרדכי,מיליליטרים,750.00,"100 מ""ל",false,,32.90,0.0439,false,1,128480
7290104851223,false,צלחות מרק אלגנט קרם-,פאלאס,IL,צלחות מרק אלגנט קרם-,יחידה,0.00,יחידה,false,,9.90,0.0000,true,1,133839
7290104851612,false,ליפתניות חד פעמי 25י,,,ליפתנית קרם אלגנט,יחידה,0.00,יחידה,false,,5.90,0.0000,true,1,138966
7290104852176,false,נר נשמה בפחית 26 שעות,פאלאס,CN,נר נשמה,יחידה,0.00,יחידה,false,,1.90,0.0000,true,1,141374
7290104852473,false,נרות שבת 20יח 140 גר,פאלאס תעשיות נטו (20,IL,נר שבת 20,יחידה,0.00,יחידה,false,,2.90,0.0000,true,1,140816
7290104852794,false,תבנית אלומיניום לאוב,פאלאס,IL,תבניות פאלאס 13 יח',יחידה,0.00,יחידה,false,,7.90,0.0000,true,1,198068
7290104859410,false,צלחות גדולות חד פעמי,פאלאס תעשיות נטו (20,CN,"צלחות 1 ק""ג 60 יח'",יחידה,0.00,יחידה,false,,35.90,0.0000,true,1,201491
7290104859786,false,תבנית אלומיניום בינו,,,תבנית אלומיניום בינו,יחידה,0.00,יחידה,false,,7.90,0.0000,true,1,203126
7290104859793,false,תבנית אלומיניום ענקי,,,תבנית אלומיניום ענקי,יחידה,0.00,יחידה,false,,7.90,0.0000,true,1,203127
7290104859809,false,תבנית אלומיניום ארוכ,,,תבנית אלומיניום ארוכ,יחידה,0.00,יחידה,false,,7.90,0.0000,true,1,203194
7290104859816,false,תבנית אלומיניום מלבן,,,תבנית אלומיניום בינו,יחידה,0.00,יחידה,false,,7.90,0.0000,true,1,203128
7290104859823,false,תבנית אלומיניום עמוק,,,תבנית אלומיניום עמוק,יחידה,0.00,יחידה,false,,7.90,0.0000,true,1,203195
7290104859830,false,תבנית אלומיניום עגול,,,תבנית אלומיניום עגול,יחידה,0.00,יחידה,false,,7.90,0.0000,true,1,203781
7290104960970,false,דאודורנט ספריי טיטניום מטאל Titanium Metal,אמיליה קוסמטיקס בעמ,IL,טיטניום דאודורנט ספר,מיליליטרים,0.00,"מ""ל",false,,15.90,0.0000,true,1,134320
7290104961885,false,מרכך קרטין טהור לשיער שעבר החלקה או עיצוב בחום,נטורל פורמולה Natural Formula,IL,מרכך קרטין טהור 400,מיליליטרים,400.00,"100 מ""ל",false,,30.00,0.0750,true,1,140342
7290104961892,false,מסכת קרטין טהור לשיער שעבר החלקה או עיצוב בחום,נטורל פורמולה Natural Formula,IL,מסכה לשיער קרטין,יחידה,0.00,יחידה,false,,39.90,0.0000,true,1,140528
7290104961908,false,נ.פורמולה קרטין אינטנס סרום לשיער 145 מל,נטורל פורמולה Natural Formula,IL,סרום לשיער קרטין,יחידה,0.00,יחידה,false,,49.90,0.0000,true,1,140823
7290104962509,false,נ.פורמולה קרם הגנה קרטין אינטנס,נטורל פורמולה Natural Formula,IL,קרם קרטין טהור,מיליליטרים,145.00,"100 מ""ל",false,,31.90,0.2200,true,1,195674
7290104962585,false,דאודורנט רול און נושם +אינביזיבל ללא סימנים לבנים,קרליין Careline,IL,דאודורנט נושם רול או,מיליליטרים,75.00,"100 מ""ל",false,,12.90,0.1720,true,1,197141
7290104962684,false,"קרליין - נושם דאודורנט רול און לאישה ללא אלומיניום 75 מ""ל",אמיליה קוסמטיקס,IL,דאודורנט נושם רול או,יחידה,0.00,יחידה,false,,12.90,0.0000,true,1,182216
7290104962844,false,"שמפו אמפולה לטיפול אינטנסיבי לשיער יבש, צבוע ופגום",נטורל פורמולה Natural Formula,IL,שמפו אמפולה אינטנס נ,יחידה,0.00,יחידה,false,,29.90,0.0000,true,1,186744
7290104962851,false,"מרכך אמפולה לטיפול אינטנסיבי לשיער יבש, צבוע ופגום",נטורל פורמולה Natural Formula,IL,מרכך אמפולה אינטנס נ,יחידה,0.00,יחידה,false,,29.90,0.0000,true,1,186745
7290104962868,false,"מסכת אמפולה לטיפול אינטנסיבי לשיער יבש, צבוע ופגום",נטורל פורמולה Natural Formula,IL,מסיכת אמפולה אינטנס,יחידה,0.00,יחידה,false,,39.90,0.0000,true,1,186746
7290104962875,false,"סרום אמפולה לטיפול אינטנסיבי לשיער יבש, צבוע ופגום",נטורל פורמולה Natural Formula,IL,סרום אמפולה אינטנס נ,יחידה,0.00,יחידה,false,,49.90,0.0000,true,1,186747
7290104963001,false,סופטקר מגבונים לחים רביעייה בניחוח עדין,החברה הדרומית,IL,מגבונים סופטקר מבושם,יחידה,0.00,יחידה,false,,18.90,0.0000,true,1,191625
7290104963018,false,סופטקר מגבונים לחים רביעייה ללא בישום,החברה הדרומית,IL,מגבונים סופקטר ללא ב,יחידה,0.00,יחידה,false,,18.90,0.0000,true,1,191626
7290104963216,false,סופטקר - אל סבון עדין לתינוק לעור רגיש 1 ליטר,קוסמופארם בע''מ,IL,סופטקר אל סבון עדין,ליטרים,1.00,ליטר,false,,17.90,17.9000,true,1,192516
7290104963223,false,סופטקר - אל סבון עדין לתינוק לעור רגיש 1 ליטר,החברה הדרומית,IL,סופטקר אלסבון קלאסי,ליטרים,1.00,ליטר,false,,17.90,17.9000,true,1,192517
7290104963650,false,סופטקר - שמפו אל דמע 1 ליטר,סופטקר Softcare,IL,סופטקר שמפו אלדמע 1,ליטרים,1.00,ליטר,false,,17.90,17.9000,true,1,192518
7290104963667,false,אלסבון ושמפו אל דמע 2 ב1 סופטקר 1 ליטר,קוסמופארם בע''מ,IL,סופטקר 2-ב-1 אלסבון,ליטרים,1.00,ליטר,false,,17.90,17.9000,true,1,192519
7290105360250,false,קפסולות 09 עשיר וארומטי למכונת נספרסו עלית 10יח',הנסיך- מפעל לייצור ט,IL,קפסולות מקיאטו למכונ,גרמים,50.00,100 גרם,false,,16.90,0.3380,false,1,140673
7290105360328,false,קפסולות אספרסו חזק למכונות נספרסו 10 יח',הנסיך- מפעל לייצור ט,IL,אספרסו חזק קפסולות,גרמים,50.00,100 גרם,false,,16.90,0.3380,false,1,140729
7290105360335,false,קפסולות אספרסו למכונות נספרסו 50 גר,הנסיך- מפעל לייצור ט,IL,קפסולות אספרסו,גרמים,50.00,100 גרם,false,,16.90,0.3380,false,1,140261
7290105360878,false,תפוציפס טבעי 50 גרם מארז רביעייה,"שטראוס פריטו ליי בע""",IL,מארז תפוצ'יפס רביעיי,גרמים,200.00,100 גרם,false,,11.50,0.0575,true,1,149343
7290105362339,false,"שמנת לבישול 15% 250 מ""ל יטבתה מהדרין",שטראוס גרופ,IL,שמנת לבישול 15%,מיליליטרים,250.00,"100 מ""ל",false,,8.10,0.0324,true,1,137040
7290105363602,false,מקלות כיף כף קלאסי עלית 40 גרם,"איי, בי, אינבוו",TR,כיף כף מקלות,גרמים,40.00,100 גרם,false,,5.20,0.1300,true,1,139948
7290105364289,false,מקלות כיף כף פצפוצים עלית 40 גרם,"איי, בי, אינבוו",TR,כיף כף מקלות פצפוצים,גרמים,40.00,100 גרם,false,,5.20,0.1300,true,1,139917
7290105364302,false,"עלית חטיף שוקולד כיף כף מקלות אגוזים, 40 גרם","איי, בי, אינבוו",TR,כיף כף מקלות אגוזים,גרמים,42.00,100 גרם,false,,5.20,0.1238,true,1,139918
7290105364678,false,"אקטיביה משקה יוגורט בטעם אפרסק שטראוס 250 מ""ל",מיוצר עי קונדיטוריית,IL,משקה אקטיביה אפרסק,מיליליטרים,250.00,"100 מ""ל",false,,4.90,0.0196,true,1,133981
7290105366023,false,סלט חצילים בטעם כבד אחלה 400 גרם,מיוצר עי קונדיטוריית,IL,"חציל בטעם כבד 400 ג""",גרמים,400.00,100 גרם,false,,15.00,0.0375,true,1,134321
7290105366993,false,סימפוניה גבינת שמנת פלפל שיפקה 5% שטראוס 200 גרם,"שטראוס בריאות בע""מ",IL,גבינת סימפוניה עם פל,גרמים,200.00,100 גרם,false,,11.20,0.0560,false,1,144991
7290105368225,false,חומוס עם פלפל שיפקה אחלה 400 ג',מיוצר עי קונדיטוריית,IL,חומוס אחלה עם פלפל ש,גרמים,400.00,100 גרם,false,,10.50,0.0263,true,1,138189
7290105368331,false,מעדן מילקי בטעם תות עם קצפת,מחלבת אחיהוד,IL,מילקי תות 8%,גרמים,133.00,100 גרם,false,,2.80,0.0211,true,1,137873
7290105368904,false,"שמנת מתוקה להקצפה 32% שומן 250 מ""ל יוטבתה",שטראוס גרופ,IL,שמנת עמידה לקצפת 32%,מיליליטרים,250.00,"100 מ""ל",false,,7.30,0.0292,false,1,141613
7290105368928,false,"שמנת 9% שומן 200 מ""ל יוטבתה",שטראוס גרופ,IL,שמנת 9% יטבתה,מיליליטרים,200.00,"100 מ""ל",false,,3.10,0.0155,true,1,137072
7290105369130,false,סימפוניה גבינת שמנת בצל ירוק 5% שטראוס 200 גרם,"שטראוס בריאות בע""מ",IL,סימפוניה בצל ירוק 5%,גרמים,200.00,100 גרם,false,,11.20,0.0560,false,1,140744
7290105430489,false,ליידי ספיד סטיק 24/7 רול און סטיין גארד,הנסיך- מפעל לייצור ט,IT,ספיד סטיק סטיינגארד,מיליליטרים,50.00,"100 מ""ל",false,,14.90,0.2980,true,1,142112
7290105430496,false,ליידי ספיד סטיק סטיינגארד ספריי,קולגייט פלמוליב,RU,ספיד סטיק סטיינגארד,יחידה,0.00,יחידה,false,,14.90,0.0000,true,1,142113
7290105431516,false,מארז חטיף פריי תמרים ובוטנים ללא גלוטן ותוספת סוכר 125 גרם,טבעית מוצרים מן הטבע,IL,פרי חטיפי תמרים בוטנ,יחידה,0.00,יחידה,false,,16.50,0.0000,true,1,142181
7290105431868,false,"פלמוליב ספא קוקוס גרגרים נוזלי 500 מ""ל",הנסיך- מפעל לייצור ט,TR,פלמוליב ספא קוקוס גר,מיליליטרים,500.00,"100 מ""ל",false,,14.90,0.0298,true,1,144757
7290105433985,false,ליידי ספיד סטיק פרש אסנס פריחת הדובדבן סטיק 65 גר,ליידי ספיד סטיק Lady Speed Stick,US,ליידי ספיד סטיק אסנס,יחידה,0.00,יחידה,false,,19.90,0.0000,true,1,147383
7290105434029,false,"ספיד סטיק - דאודורנט ספריי לגבר נוטרו פאואר 150 מ""ל",הנסיך- מפעל לייצור ט,RU,ספיד סטיק נוטרו ספרי,מיליליטרים,165.00,"100 מ""ל",false,,14.90,0.0903,true,1,150594
7290105434050,false,ספיד סטיק - דאודורנט סטיק לגבר XL ירוק רגיולר 85 גרם,ספיד סטיק Speed Stick,US,ספיד סטיק ירוק רגולר,יחידה,0.00,יחידה,false,,19.90,0.0000,true,1,187869
7290105434067,false,ספיד סטיק - דאודורנט סטיק לגבר XL אושן סרף 85 גרם,קולגייט פלמוליב,US,ספיד סטיק כחול אושיי,יחידה,0.00,יחידה,false,,19.90,0.0000,true,1,187870
7290105436382,false,חטיף פרי תמרים קשיו ללא תוספת סוכר וגלוטן 5 יח,טבעית מוצרים מן הטבע,IL,חטיף פרי תמרים ואגוז,גרמים,125.00,100 גרם,false,,16.50,0.1320,true,1,149090
7290105438539,false,קוקי נייר אפייה 40 יח',קוקי,IL,קוקי נייר אפייה 40יח,יחידה,0.00,יחידה,false,,9.90,0.0000,true,1,151308
7290105438546,false,קוקי נייר אפייה פרימיום 40 יח',קוקי,IL,קוקי נייר אפיה אקולו,יחידה,0.00,יחידה,false,,9.90,0.0000,true,1,182182
7290105439499,false,מאסטר שף מאסטר שף מיונז 480 גר כשלפ,רמיה סי.וי. הולנד,NL,מיונז מאסטר שף,גרמים,481.00,100 גרם,false,,10.90,0.0227,true,1,190580
7290105439505,false,מאסטר שף קרם בטעם מיונז לייט 479 גר כשלפ,רמיה סי.וי. הולנד,NL,מנה מאסטר שף קרם בטע,גרמים,479.00,100 גרם,false,,11.90,0.0248,true,1,195135
7290105439581,false,מנה מאסטר שף חרדל דיזיון צרפתי 370 גר,סאס קווינור,FR,חרדל דיז'ון מאסטר שף,גרמים,370.00,100 גרם,false,,10.90,0.0295,true,1,190874
7290105473950,false,חול חתולים מתגבש יור,יורוקיטי,TR,חול מתגבש יורוקיטי 5,קילוגרמים,5.00,"ק""ג",false,,39.90,7.9800,true,1,148051
7290105474049,false,מעדן מוס לה קט עוף 1,"ביופט בע""מ",IL,לה קט מוס עוף 155 גר,גרמים,155.00,100 גרם,false,,5.90,0.0381,true,1,149517
7290105474056,false,לה קט מוס סלמון 155 גר',לה קט,,לה קט מוס סלמון 155,גרמים,155.00,100 גרם,false,,5.90,0.0381,true,1,149518
7290105474063,false,מעדן מוס לה קט כבד 1,HIQ FOOD PRODUCTS,FR,לה קט מוס כבד 155 גר,גרמים,155.00,100 גרם,false,,5.90,0.0381,true,1,149519
7290105474070,false,לה קט מוס טונה 155 גר',לה קט,,לה קט מוס טונה 155 ג,גרמים,155.00,100 גרם,false,,5.90,0.0381,true,1,148948
7290105474124,false,"מזון לכלבים בונזו מזון כלבים בשר 12 ק""ג מחולק","ביופט בע""מ",IL,"בונזו 12 קג כשל""פ",קילוגרמים,12.00,"ק""ג",false,,129.90,10.8250,false,1,146231
7290105474179,false,מארז מען לה קט פטה מולטיפק 100 גר 4 יח,LA NORMANDISE SA,FR,לה קט מעדן פטה מולטי,גרמים,400.00,100 גרם,false,,15.90,0.0398,true,1,149991
7290105475787,false,לה קט מארז שימורי שלישיה *400 ג',FIDELE SAS,FR,לה קט שלישיה,קילוגרמים,1.20,"ק""ג",false,,19.90,16.5833,true,1,196994
7290105479679,false,מזון כלבים בונזו בקר,בונזו,FR,בונזו בקר וכבד 12 קג,קילוגרמים,12.00,"ק""ג",false,,129.90,10.8250,false,1,203846
7290105500151,false,וודקה פינלנדיה בקבוק,"אלטיה קורפ, הלסינקי,",FI,וודקה פינלנדיה 700מל,מיליליטרים,700.00,"100 מ""ל",false,,59.90,0.0856,false,1,140083
7290105500953,false,"וויסקי ג'ק דניאלס דבש 700 מ""ל",ג'ק דניאל'ס,BE,ג'ק דניאלס דבש 700 מ,מיליליטרים,700.00,"100 מ""ל",false,,99.90,0.1427,true,1,189761
7290105615770,false,שלישיית גרביים,,,שלישיית גרביים,יחידה,0.00,יחידה,false,,12.90,0.0000,true,1,199404
7290105619440,false,גרביי ספורט נשים,,,גרביי ספורט נשים,יחידה,0.00,יחידה,false,,12.90,0.0000,true,1,204372
7290105691224,false,אסם חטיפי פריכונים טורטייה שום בצל 60 גרם,"מיוצר ע""י PT, משווק",IL,חטיפי פריכונים טורטי,גרמים,60.00,100 גרם,false,,7.70,0.1283,false,1,135576
7290105691248,false,אסם חטיפי פריכונים טורטייה תירס 60 גרם,"מיוצר ע""י PT, משווק",IL,חטיפי טורטיות,גרמים,60.00,100 גרם,false,,7.70,0.1283,false,1,135482
7290105691712,false,אסם עוגיות הפסקת קפה דגנים מלאים 230 גרם,היינץ צפון אמריקה מק,IL,עוגיות הפסקת קפה חיט,גרמים,230.00,100 גרם,false,,10.90,0.0474,true,1,137426
7290105691934,false,קמח שמרים אסם 1 קילו,תאי פרזידנט פוד פאבל,IL,קמח שמרים אסם 1 קג,קילוגרמים,1.00,"ק""ג",false,,10.90,10.9000,false,1,139216
7290105693341,false,מארז עשיריית במבה אסם 25*10 גרם,"אסם תעשיות בע""מ",IL,במבה אסם מאגדת 25*10,גרמים,250.00,100 גרם,false,,14.90,0.0596,false,1,145783
7290105693457,false,עוגת הבית דמקה שוקו וניל אסם 320 גרם,מיוצר עי קונדיטוריית,IL,עוגת הבית דמקה שוקו,גרמים,320.00,100 גרם,false,,13.90,0.0434,false,1,137429
7290105693952,false,פירורית זהב אסם זהב שומשום 200 ג',מיוצר עי קונדיטוריית,IL,פירורית זהב שומשום,גרמים,200.00,100 גרם,false,,6.00,0.0300,true,1,137789
7290105694614,false,פסטה ספגטי מהיר הכנה 500ג' אסם,פסטה זארה,IT,ספגטי מהיר הכנה אסם,גרמים,500.00,100 גרם,false,,7.60,0.0152,false,1,138389
7290105694928,false,אבקת מרק בצל רכיבים טבעיים אסם 220 גרם,"אסם תעשיות בע""מ",IL,אבקת מרק בצל רכיבים,גרמים,220.00,100 גרם,false,,16.00,0.0727,true,1,139264
7290105695024,false,פתיתים אפויים אורז עם אטריות אסם 500 גרם,"אסם תעשיות בע""מ",IL,פתיתים אפויים אורז ע,גרמים,500.00,100 גרם,false,,7.50,0.0150,false,1,140196
7290105695321,false,עוגת הבית בראוניס פאדג' אסם 380 גרם,מיוצר עי קונדיטוריית,IL,עוגת בראוניס פאדג' א,גרמים,380.00,100 גרם,false,,18.00,0.0474,false,1,140034
7290105962331,false,סחוג אדום תימני חריף מאוד זהבי 220 גרם,אף.סי תבליני בגליל ב,IL,סחוג חריף מאוד זהבי,גרמים,220.00,100 גרם,false,,12.50,0.0568,true,1,137408
7290105962980,false,כרוב אדום במיונז 400 ג' אחלה,מיוצר עי קונדיטוריית,IL,כרוב אדום 400 גר אחל,גרמים,400.00,100 גרם,false,,10.90,0.0273,true,1,137953
7290105962997,false,חצילים אחלה במיונז 400 גר',"שטראוס גרופ בע""מ",IL,חציל מיונז אחלה 400,גרמים,400.00,100 גרם,false,,10.90,0.0273,true,1,137954
7290105963000,false,סלט מטבוחה 400 ג' אחלה,מיוצר עי קונדיטוריית,IL,מטבוחה אחלה 400 גר,גרמים,400.00,100 גרם,false,,10.90,0.0273,true,1,137992
7290105964564,false,סלט חומוס אחלה 400גר,מיוצר עי קונדיטוריית,IL,חומוס אחלה 400 ג',גרמים,400.00,100 גרם,false,,7.90,0.0198,true,1,139138
7290105965738,false,יוגורט לשתיה בטעם תות בננה267 ג' דנונה,מיוצר עי קונדיטוריית,IL,דנונה לשתיה תות בננה,גרמים,267.00,100 גרם,false,,4.80,0.0180,true,1,146599
7290105966469,false,"חומץ בלסמי יד מרדכי 250 מ""ל",אצטייה ג'וזפה קרמוני,IT,"חומץ בלסמי 250 מ""ל",מיליליטרים,250.00,"100 מ""ל",false,,15.90,0.0636,true,1,141163
7290105968654,false,רביולי בטטה פרווה פסטה נונה 400 ג',מיוצר עי קונדיטוריית,IL,רביולי בטטה פרווה 40,גרמים,400.00,100 גרם,false,,19.90,0.0497,true,1,139452
7290105968777,false,פריכיות 5 דגנים עם תחתית שוקולד מריר 70 גרם,"טחנת האבן תעשיות בע""",IL,פרכיות אנרג'י תחתית,גרמים,70.00,100 גרם,false,,7.90,0.1129,true,1,142001
7290106520066,false,רבע לשבע במילוי קרם אגוזים ובציפוי שוקולד חלב,הגביע מוצרי וופלים ב,IL,רבע לשבע גלילי וופל,גרמים,160.00,100 גרם,false,,12.00,0.0750,false,1,139919
7290106520288,false,יוגורט פרו חלבון עם תות 2.4% שומן 150 ג' דנונה,"שטראוס בריאות בע""מ",IL,דנונה פרו תות,גרמים,150.00,100 גרם,false,,4.50,0.0300,true,1,190370
7290106520905,false,סלט טורקי טעמי השוק,שטראוס גרופ,IL,סלט טורקי אחלה 400ג',גרמים,400.00,100 גרם,false,,15.00,0.0375,true,1,141062
7290106520912,false,"שמנת לבישול 9% 250 מ""ל יטבתה",שטראוס גרופ,IL,שמנת לבישול 9%,גרמים,258.00,100 גרם,false,,8.10,0.0314,false,1,142255
7290106521049,false,אחלה טעמי השוק קוביות סלק 400 גר,מיוצר עי קונדיטוריית,IL,קוביות סלק אחלה 400,גרמים,400.00,100 גרם,false,,15.00,0.0375,true,1,144282
7290106524439,false,"תפוצ'יפס פופס 60 גרם ""עלית""","שטראוס פריטו ליי בע""",IL,תפוצ'יפס פופס 60 גר',גרמים,60.00,100 גרם,false,,3.90,0.0650,false,1,200619
7290106525320,false,אבקת שוקולית לאפייה קופסא 500ג' עלית,הנסיך- מפעל לייצור ט,IL,שוקולית לאפיה 500 גר,גרמים,500.00,100 גרם,false,,17.50,0.0350,false,1,149405
7290106525368,false,גלילי וופל רבע לשבע אין סייד אוט 125 גר,הגביע מוצרי וופלים ב,IL,רבע לשבע אין סייד אא,גרמים,125.00,100 גרם,false,,12.00,0.0960,true,1,144673
7290106525399,false,קפסולות 06 ברזיל למכונות נספרסו עלית 10יח',הנסיך- מפעל לייצור ט,IL,קפסולות קפה למכונת נ,גרמים,50.00,100 גרם,false,,16.90,0.3380,false,1,192431
7290106525405,false,קפסולות למכונת נספרסו נטול קפאין,שטראוס קפה בי.וי,IL,קפסולות קפה נטול למכ,גרמים,50.00,100 גרם,false,,16.90,0.3380,false,1,148567
7290106526822,false,פריכיות אורז חום מלא תחתית שוקולד חלב 80 גרם,"טחנת האבן תעשיות בע""",IL,פריכיות עם תחתית שוק,גרמים,80.00,100 גרם,false,,7.90,0.0988,true,1,146090
7290106528628,false,"דוריטוס טבעי 185 גרם ""עלית""","שטראוס פריטו ליי בע""",IL,דוריטוס 185 גר' DiPP,גרמים,185.00,100 גרם,false,,7.50,0.0405,true,1,192182
7290106528949,false,לקט ערוגות 450 גרם שטראוס,שטראוס בריאות ירקות,IL,לקט ערוגות 450 גר,גרמים,450.00,100 גרם,false,,11.90,0.0264,true,1,147676
7290106571921,false,עוגיות פיטנס עוגיות חמוציות 180 גר',מיוצר עי קונדיטוריית,IL,עוגיות פיטנס חמוציות,גרמים,180.00,100 גרם,false,,11.50,0.0639,true,1,147583
7290106572027,false,אוסם - לחמית חמישה דגנים 190 גרם,"אסם תעשיות בע""מ",IL,לחמית חמישה דגנים,גרמים,190.00,100 גרם,false,,8.70,0.0458,true,1,140267
7290106572065,false,חטיפי פריכונים טורטיה חמוץ מתוק 60 גרם,"מיוצר ע""י PT, משווק",IL,חטיפי טורטיה חמוץ מת,גרמים,60.00,100 גרם,false,,7.70,0.1283,false,1,140280
7290106572959,false,אפרופו מארז 5 יח' *25 ג' אסם,"אסם תעשיות בע""מ",IL,מארז אפרופו 5*25,גרמים,125.00,100 גרם,false,,12.50,0.1000,false,1,142162
7290106573024,false,סירופ דיאט אננס 1 ליטר עסיס,בית השיטה עסיס תעשיו,IL,סירופ עסיס דיאט אננס,ליטרים,1.00,ליטר,false,,17.90,17.9000,false,1,185917
7290106573314,false,חטיף קריספי בטעם כפרי 150 ג' אסם,מיוצר עי קונדיטוריית,IL,קריספי טאפאס כפרי,גרמים,150.00,100 גרם,false,,11.70,0.0780,true,1,145110
7290106573598,false,צבר חומוס לבנוני 400 גרם,סלטי צבר,IL,חומוס לבנוני 400 גר,גרמים,400.00,100 גרם,false,,12.00,0.0300,true,1,142440
7290106573628,false,צבר חומוס עם טחינה 400 גרם,לחמנו,IL,חומוס עם טחינה 400 ג,גרמים,400.00,100 גרם,false,,12.00,0.0300,true,1,142441
7290106574120,false,גומי גם קרחון שרבט עם סוכריות 90 גרם,גלידות נסטלה (נגה גל,IL,שלגון גומי גם,גרמים,90.00,100 גרם,false,,5.90,0.0656,true,1,147209
7290106574953,false,בייגלה שטוחים כעכים שטוחים עם שומשום,מיוצר עי קונדיטוריית,IL,בייגלה שטוחים שומשום,גרמים,300.00,100 גרם,false,,11.90,0.0397,true,1,143995
7290106574977,false,בייגלה שטוחים כעכים שטוחים עם מלח,מיוצר עי קונדיטוריית,IL,בייגלה שטוחים עם מלח,גרמים,300.00,100 גרם,false,,11.90,0.0397,true,1,143996
7290106575011,false,פתיתים אפויים קוסקוס מחיטה מלאה אסם 400 גרם,מיוצר עי קונדיטוריית,IL,פתיתים אפויים קוסקוס,גרמים,400.00,100 גרם,false,,6.90,0.0173,false,1,144161
7290106575257,false,עוגת הבית סופלה בטעם שוקולד 340 ג' אסם,מיוצר עי קונדיטוריית,IL,עוגת סופלה שוקולד,גרמים,340.00,100 גרם,false,,13.90,0.0409,false,1,144961
7290106575332,false,פתיתים אפויים פלוס בורגול 400 ג' אסם,"מיוצר ע""י קוד יצרן K",IL,פתיתים אפויים פלוס ב,גרמים,400.00,100 גרם,false,,7.50,0.0188,false,1,144163
7290106575431,false,עוגת הבית סופלה בטעם שוקוניל 340 ג' אסם,מיוצר עי קונדיטוריית,IL,עוגת סופלה בטעם שוקו,גרמים,340.00,100 גרם,false,,13.90,0.0409,false,1,144962
7290106576223,false,"אפרופו שוקולד 40 גרם ""אסם""",מיוצר עי קונדיטוריית,IL,אפרופו מצופה שוקולד,גרמים,40.00,100 גרם,false,,4.90,0.1225,false,1,194232
7290106576513,false,סלט חומוס צבר 400 גר,סלטי צבר,IL,חומוס 400 גר צבר,גרמים,400.00,100 גרם,false,,9.90,0.0248,true,1,146277
7290106576537,false,חומוס מסעדות צבר 700 גרם,סלטי צבר,IL,חומוס מסעדות 700 ג',גרמים,700.00,100 גרם,false,,10.90,0.0156,false,1,144364
7290106576810,false,גלידה לה קרמריה ריבת חלב 1.4 ל' נסטלה,לה קרמריה- נסטלה,IL,לה קרמריה ריבת חלב 1,ליטרים,1.40,ליטר,false,,22.90,16.3571,false,1,146063
7290106576834,false,גלידה לה קרמריה פונטש בננה1.4 ל' נסטלה,תות תעשיות מזון (201,IL,לה קרמריה פונטש בננה,ליטרים,1.40,ליטר,false,,22.90,16.3571,false,1,146064
7290106576858,false,גלידה לה קרמריה תותים בשמנת 1.4 ל' נסטלה,לה קרמריה- נסטלה,IL,לה קרמריה תותים בשמנ,ליטרים,1.40,ליטר,false,,22.90,16.3571,false,1,146065
7290106576919,false,גלידה קרמריה סורבה תות לימון 1.4 ליטר,לה קרמריה- נסטלה,IL,לה קרמריה סורבה תות,ליטרים,1.40,ליטר,false,,22.90,16.3571,false,1,146067
7290106576995,false,גלידה סורבה לה קרמריה תות מנגו לייט 1.4 ל' נסטלה,לה קרמריה- נסטלה,IL,לה קרמריה לייט סורבה,ליטרים,1.40,ליטר,false,,22.90,16.3571,false,1,146071
7290106577039,false,גלידה לה קרמריה שוקו וניל פליק 1.4 ל' נסטלה,תות תעשיות מזון (201,IL,לה קרמריה שוקו וניל,ליטרים,1.40,ליטר,false,,22.90,16.3571,false,1,146072
7290106577282,false,טחינה אמיתית מרובע 400 ג' צבר,סלטי צבר,IL,טחינה צבר 400 גר,גרמים,400.00,100 גרם,false,,11.90,0.0298,true,1,144826
7290106577541,false,צבר כרוב אדום מרובע 400גרם,סלטי צבר,IL,כרוב אדום צבר 400 גר,גרמים,400.00,100 גרם,false,,11.90,0.0298,true,1,144832
7290106578692,false,אוסם - במבה ביסלי מיקס 80 גרם,פרו מן יו פתרונות אר,IL,ביסלי -במבה מיקס 80,יחידה,0.00,יחידה,false,,4.90,0.0000,false,1,147567
7290106578821,false,הבית עוגת שמרים קלאסית בטעם שוקולד 350גר.,מיוצר עי קונדיטוריית,IL,עוגת שמרים שוקולד קל,גרמים,350.00,100 גרם,false,,18.00,0.0514,false,1,146758
7290106652996,false,כיף כף מקלות קוקוס חלבי 40 גר',סולן בעבור שטראוס,TR,כיף כף מקלות קוקוס,גרמים,40.00,100 גרם,false,,5.20,0.1300,true,1,249561
7290106653504,false,סבבה בוטנים אמריקאים ברביקיו 50 גרם,"שטראוס פריטו ליי בע""",IL,בוטנים ברביקיו 50 גר,גרמים,50.00,100 גרם,false,,1.90,0.0380,true,1,182280
7290106653689,false,לקט לסלט אסיאתי 350 גר שטראוס,"שטראוס מזון טרי בע""מ",IL,לקט אסיאתי 350 גר,גרמים,350.00,100 גרם,false,,10.90,0.0311,true,1,196568
7290106654099,false,מילקי CAKE עוגות אישיות במילוי קרם חלב,אירו קייקס אס פי איי,IT,מארז מילקי CAKE שמינ,גרמים,272.00,100 גרם,false,,19.90,0.0732,true,1,190343
7290106663091,false,"לאבנה 9 % עם שמן זית 500 גר' ""שטראוס""",הדקלאים אגודת שיתופי,IL,לאבנה טבעי 9% שטראוס,גרמים,500.00,100 גרם,false,,17.90,0.0358,true,1,189419
7290106663121,false,"עוגה אישית במילוי קרם חלב ""מילקי קייק"" שטראוס",בובארד איטליה אס.פי.,IT,מילקי Cake,גרמים,34.00,100 גרם,false,,3.00,0.0882,true,1,187406
7290106663183,false,צ'יטוס חטיף טעם גבינה 65ג,שטראוס גרופ,IL,צ'יטוס גבינה 65 גר',גרמים,65.00,100 גרם,false,,3.50,0.0538,true,1,197358
7290106663558,false,"רוטב טריאקי ורימון יד מרדכי 280מ""ל",אף.סי תבליני בגליל ב,IL,רוטב טריאקי,מיליליטרים,320.00,"100 מ""ל",false,,13.90,0.0434,true,1,187008
7290106664067,false,לאבנה עם שמן זית וזעתר 10% שטראוס 400 ג',הדקלאים אגודת שיתופי,IL,לאבנה עם שמן זית וזע,גרמים,400.00,100 גרם,false,,14.50,0.0363,true,1,189560
7290106664555,false,"רוטב שמנת עם עגבניות 9% שומן 250 מ""ל יוטבתה",שטראוס גרופ,IL,רוטב שמנת עגבניות 9%,גרמים,250.00,100 גרם,false,,10.50,0.0420,true,1,189162
7290106664562,false,רוטב שמנת עם פטריות 9% שומן 258 ג' יוטבתה,שטראוס גרופ,IL,רוטב שמנת פטריות 9%,גרמים,250.00,100 גרם,false,,10.50,0.0420,true,1,185613
7290106667266,false,"דוריטוס חמוץ חריף 185 גרם ""עלית""",שטראוס פריטו ליי (מל,IL,דוריטוס חמוץ חריף 18,גרמים,185.00,100 גרם,false,,7.50,0.0405,true,1,192184
7290106668577,false,"מיץ לימון טבעי 250 מ""ל ""יד מרדכי""",האי נאם סי או אל.טי.,IT,מיץ לימון טבעי 250 מ,מיליליטרים,250.00,"100 מ""ל",false,,8.50,0.0340,true,1,187268
7290106668713,false,יוגורט עם פירות יער 3% שומן 150 ג' דנונה,מיוצר עי קונדיטוריית,IL,דנונה פירות יער 3%,גרמים,150.00,100 גרם,false,,3.60,0.0240,true,1,187483
7290106669857,false,קפסולות 06 אספרסו בטעם וניל עלית 10יח',הנסיך- מפעל לייצור ט,IL,קפסולות קפה עלית בטע,גרמים,50.00,100 גרם,false,,16.90,0.3380,false,1,197163
7290106721807,false,אחלה סלט חציל פיקנטי מהדרין 400ג,מיוצר עי קונדיטוריית,IL,חציל פיקנטי אחלה 400,גרמים,400.00,100 גרם,false,,10.90,0.0273,true,1,190891
7290106721913,false,מסטיק מאסט MUST ללא סוכר בטעם מנטה מרעננת,"שטראוס גרופ בע""מ",IL,מאסט צנצנת פפרמינט צ,גרמים,66.00,100 גרם,false,,9.90,0.1500,true,1,187000
7290106721920,false,צנצנת מסטיק מאסט בטעם ספירמינט עדין 66 ג' עלית,"שטראוס גרופ בע""מ.",IL,מאסט צנצנת ספירמנט צ,גרמים,66.00,100 גרם,false,,9.90,0.1500,true,1,187001
7290106723689,false,עלי תרד בייבי שטראוס 200 גרם,שטראוס בריאות ירקות,IL,עלי תרד בייבי - שטרא,גרמים,200.00,100 גרם,false,,10.90,0.0545,true,1,150150
7290106725867,false,"סירופ מייפל טבעי 189 מ""ל ""יד מרדכי""",קוסלסי פוד,CA,סירופ מייפל טבעי 189,מיליליטרים,189.00,"100 מ""ל",false,,33.90,0.1794,true,1,189522
7290106726178,false,יוגורט PRO עם פירות יער 2.4% 10 גרם חלבון בגביע,מיוצר עי קונדיטוריית,IL,דנונה פרו פירות יער,גרמים,150.00,100 גרם,false,,4.50,0.0300,true,1,189424
7290106727984,false,"כיף כף פצפצים בגביע 135 גרם ""עלית""",שולן צ'יקולטה גידה ס,TR,כיף כף פצפצים בגביע,גרמים,135.00,100 גרם,false,,10.90,0.0807,true,1,193626
7290106729650,false,יוגורט עם תות מאגדת 8 יח' * 150ג' דנונה,דנונה - שטראוס,IL,מארז דנונה שמיניה תו,גרמים,1200.00,100 גרם,false,,23.90,0.0199,true,1,191553
7290106770577,false,גרוסליין - בלגה ממרח חלבה 350 גרם,"אלמונדס בע""מ",IL,ממרח חלבה 350 גרם,גרמים,350.00,100 גרם,false,,11.90,0.0340,true,1,215751
7290106772472,false,"ממרח BELGA פרווה בד""צ 350 גרם צנצנת","אלמנדוס בע""מ",IL,ממרח BELGA,גרמים,350.00,100 גרם,false,,11.90,0.0340,true,1,211129
7290106774254,false,סוכריות עדשים צבעוני,"אלמונדס בע""מ",IL,סוכריות עדשים צבעוני,גרמים,250.00,100 גרם,false,,18.90,0.0756,true,1,212916
7290106775053,false,מחית נוגט פרווה אלמנדוס,"אלמנדוס בע""מ",IL,מחית נוגט פרווה,גרמים,400.00,100 גרם,false,,24.90,0.0622,true,1,212927
7290107280013,false,"חמישיית מגבונים ל.מבושם ""ליטופים""",טרופיקל דגיל קוסמטיק,IL,מגבונים ליטופים חמיש,יחידה,0.00,יחידה,false,,18.90,0.0000,false,1,144146
7290107280020,false,מטליות לחות סנו סושי לניקוי כללי שלישיה *50 יח',טרופיקל דגיל- תעשיות,IL,מטליות לחות שלישייה,יחידה,0.00,יחידה,false,,19.90,0.0000,false,1,143452
7290107280099,false,שלישיית מגבוני טואלט לחים נשטפים סנו סופט,טרופיקל דגיל- תעשיות,IL,מגבונים נשטפים באסלה,יחידה,0.00,יחידה,false,,15.90,0.0000,true,1,149158
7290107280341,false,ריצפז מטליות לחות לניקוי הרצפה בניחוח מלון מפנק,"סנו מפעלי ברונוס סע""",IL,ריצפז מטליות לחות לנ,יחידה,0.00,יחידה,false,,12.90,0.0000,true,1,210630
7290107280389,false,"סנו - ג'ט מרסס לניקוי בחדר האמבטיה 750 מ""ל","איי, בי, אינבוו",IL,"סנו ג'ט לאמבט 750 מ""",מיליליטרים,750.00,"100 מ""ל",false,,12.90,0.0172,false,1,145077
7290107280396,false,"סנו - ג'ט מרסס לניקוי יסודי במטבח 750 מ""ל","סנו מפעלי ברונוס בע""",IL,"סנו ג'ט למטבח 750 מ""",מיליליטרים,750.00,"100 מ""ל",false,,12.90,0.0172,false,1,145078
7290107280563,false,אוקסיג'ן ג'ל לכביסה בייבי 3ל',"איי, בי, אינבוו",IL,סנו אוקסיג'ן בייבי 3,ליטרים,3.00,ליטר,false,,31.90,10.6333,true,1,150054
7290107280570,false,סנו - מקסימה ג'ל כביסה מרוכז לכביסה צבעונית 3 ליטר,מיוצר עי קונדיטוריית,IL,ג'ל כביסה מקסימה מיק,ליטרים,3.00,ליטר,false,,31.90,10.6333,true,1,150815
7290107280587,false,סנובון סבון לאסלה דאבל אקשן בריח פרחים ורודים,סנו סנובון,,סנובון דאבל אקשן שלי,גרמים,165.00,100 גרם,false,,11.90,0.0721,true,1,189472
7290107280600,false,טבליות למדיח סנו ספארק 100 טבליות במארז,גרופה אינקו,PL,ספארק 100 טבליות למד,יחידה,0.00,יחידה,false,,49.90,0.0000,true,1,201469
7290107280662,false,"סנו מקסימה בייבי אבקת לכביסה 1.25 ק""ג",סנו מקסימה,IL,"סנו מקסימה 1.25 ק""ג",קילוגרמים,1.25,"ק""ג",false,,14.90,11.9200,true,1,182294
7290107280709,false,"סנו ספארק נוזל הברקה למדיח 700 מ""ל","סנו מפעלי ברונוס בע""",IL,סנו ספארק נוזל הברקה,מיליליטרים,900.00,"100 מ""ל",false,,14.90,0.0166,true,1,186438
7290107280716,false,מלח למדיח להגנה מפני אבנית סנו ספארק Spark,סנו ספארק,IL,סנו ספארק מלח למדיח,קילוגרמים,2.00,"ק""ג",false,,12.90,6.4500,true,1,186439
7290107280761,false,נוזל לניקוי כלים בניחוח לימון רענן סנו ספארק Spark,מיוצר עי קונדיטוריית,IL,סנו ספארק נוזל כלים,ליטרים,1.00,ליטר,false,,11.90,11.9000,true,1,182286
7290107280822,false,סנו ריצפז פרש הום 2 ליטר בניחוח ספא,סנו פרש Fresh,IL,ריצפז פרש הום ספא מר,ליטרים,2.00,ליטר,false,,21.90,10.9500,false,1,187148
7290107602846,false,מטריה מיני חלקה,,,מטריה מיני חלקה,יחידה,0.00,יחידה,false,,11.90,0.0000,true,1,189417
7290107645584,false,אבקת מרק עוף אמיתי רכיבים טבעיים 400 גרם - רבנות,יוניליוור ישראל מזון,IL,קנור מרק עוף אמיתי ר,גרמים,400.00,100 גרם,false,,19.90,0.0497,false,1,209733
7290107645591,false,אבקת מרק בטעם עוף 100% רכיבים טבעיים 400 גרם,יוניליוור ישראל מזון,IL,קנור מרק טעם עוף רכי,גרמים,400.00,100 גרם,false,,14.90,0.0373,false,1,203461
7290107646062,false,אבקת מרק בצל רכיבים טבעיים קנור 400 ג',יוניליוור ישראל מזון,IL,מרק קנור בצל רכיבים,גרמים,400.00,100 גרם,false,,19.90,0.0497,false,1,204032
7290107646147,false,חטיף דגנים שוגי קורנפלקס שישייה * 26 ג',יוניליוור ישראל מזון,IL,חטיפי שוגי קורנפלקס,גרמים,156.00,100 גרם,false,,12.90,0.0827,false,1,199400
7290107646154,false,חטיף דגנים קוקומן פצפוצים טעם שוקו שישיה* 21 ג',יוניליוור ישראל מזון,IL,חטיפי קוקומן פצפוצים,גרמים,126.00,100 גרם,false,,12.90,0.1024,false,1,199401
7290107646383,false,סיף מטליות לחות לניקוי רצפות בניחוח לימו,עלבד משואות יצחק בעמ,IL,סיף מטליות לחות לניק,יחידה,0.00,יחידה,false,,12.90,0.0000,true,1,198009
7290107646826,false,שוגי חטיף פתיתי תירס קלויים בטעם שוקולד,יוניליוור ישראל מזון,IL,מאגדת חטיפי שוגי שוק,גרמים,138.00,100 גרם,false,,12.90,0.0935,false,1,201816
7290107646895,false,קנור - רוטב פסטה נפוליטנה 415 גרם חתם סופר,קונסורזיו קאסאלאסקו,IL,קנור רוטב לפסטה נפול,גרמים,415.00,100 גרם,false,,13.90,0.0335,true,1,199630
7290107646918,false,רוטב עגבניות ופלפלים לשקשוקה 415 ג' קנור,קונסורזיו קאסאלאסקו,IL,קנור רוטב שקשוקה 415,גרמים,415.00,100 גרם,false,,13.90,0.0335,true,1,199632
7290107646925,false,ברנפלקס אקסטרה פייבר 410 גרם,יוניליוור ישראל מזון,IL,ברנפלקס אקסטרה פייבר,גרמים,410.00,100 גרם,false,,21.90,0.0534,false,1,199945
7290107646963,false,"מיונז תלמה טעם ספייסי 273 גר בד""ץ",תלמה,IL,תלמה ספייסי מיו 250,גרמים,250.00,100 גרם,false,,8.90,0.0356,true,1,262939
7290107647359,false,דומסטוס סבון אסלה 5 הפועלות בניחות אוקיינוס 3 יח' * 55 ג',יוניליוור פולין,PL,דומסטוס סבון אסלה או,גרמים,165.00,100 גרם,false,,14.90,0.0903,true,1,201083
7290107647366,false,דומסטוס סבון אסלה 5 הפועלות בניחות ליים 3 יח' * 55 ג',יוניליוור פולין,PL,דומסטוס סבון אסלה לי,גרמים,165.00,100 גרם,false,,14.90,0.0903,true,1,201084
7290107647656,false,מאגדת מיני סולרו קוקוס אננס 245 ג',"מיוצר ע""י גלידת שטרא",IL,מאגדת מיני סולרו קוק,גרמים,245.00,100 גרם,false,,25.90,0.1057,true,1,205551
7290107647731,false,קוקומן חום לבן בטעם שוקולד ווניל,אתר שפע - Food,IL,קוקומן חום לבן 375 ג,גרמים,375.00,100 גרם,false,,19.90,0.0531,false,1,199693
7290107647816,false,"דגני ברנפלקס ללא תוספת סוכר 500 גרם בד""צ",יוניליוור ישראל מזון,IL,ברנפלקס ללא תוספת סו,גרמים,500.00,100 גרם,false,,19.90,0.0398,false,1,200111
7290107647823,false,"ברנפלקס פתיתי חיטה מלאה וסובין 500 גרם ""תלמה""",יוניליוור ישראל מזון,IL,"ברנפלקס בד""צ 500 גר'",גרמים,500.00,100 גרם,false,,19.90,0.0398,false,1,200112
7290107647854,false,"שוגי מופחת סוכר תלמה 500 ג' בד""צ",יוניליוור ישראל מזון,IL,שוגי 500 גר',גרמים,500.00,100 גרם,false,,19.90,0.0398,false,1,199475
7290107648974,false,קנור רוטב לפסטה עגבניות עם בזיליקום,יוניליוור,IL,קנור רוטב לפסטה בזיל,גרמים,415.00,100 גרם,false,,13.90,0.0335,true,1,204588
7290107648981,false,רוטב עגבניות קלאסי פומודורו 415 ג' קנור,מיוצר עי קונסורזייו,IL,קנור רוטב פומודורו ל,גרמים,415.00,100 גרם,false,,13.90,0.0335,true,1,201737
7290107649100,false,בייגלה טבעות שומשום 300 גר',בייגל את בייגל מזון,IL,טבעות שומשום 300 גר',גרמים,300.00,100 גרם,false,,8.90,0.0297,true,1,204807
7290107649728,false,גלידה פרווה שוקולד ופרורי עוגיות שטראוס,"גלידת שטראוס בע""מ, ר",IL,גלידה משפחתית 2 ליטר,גרמים,1204.00,100 גרם,false,,26.90,0.0223,true,1,206234
7290107649780,false,שלגון שוקובו שוקו 85,"מיוצר ע""י גלידת שטרא",IL,שוקובו שוקו,גרמים,85.00,100 גרם,false,,8.90,0.1047,true,1,206245
7290107649858,false,טילון מגנוםלבן -גלידת שמנת,"מיוצר ע""י גלידת שטרא",IL,טילון מגנום לבן,גרמים,100.00,100 גרם,false,,11.00,0.1100,true,1,207230
7290107870047,false,"טילון אקסטרים מטבע ענק בראוניז, 115 ג'",תות תעשיות מזון (201,IL,אקסטרים ענק בראוניז,גרמים,115.00,100 גרם,false,,10.00,0.0870,true,1,151113
7290107871297,false,אוסם - מיני פריכונים עשבי תיבול 25 גרם,"מיוצר ע""י PT, משווק",IL,פריכונים מיני עשבי ת,גרמים,25.00,100 גרם,false,,4.20,0.1680,false,1,185495
7290107871600,false,בונז'ור חלה קלועה מקמח 560*15,בונז'ור,,חלה קלועה מקמח חיטה,גרמים,560.00,100 גרם,false,,11.90,0.0213,true,1,148586
7290107871990,false,"פסטה צינורות 500 גרם ""אסם""",פסטה זארה,IT,פסטה צינורות 500 גר,גרמים,500.00,100 גרם,false,,5.90,0.0118,false,1,149055
7290107874427,false,אוסם - מיני פריכונים זעתר 25 גרם,פרח תעשיות מזון,IL,פריכונים מיני זעתר 2,גרמים,25.00,100 גרם,false,,4.20,0.1680,false,1,185589
7290107874441,false,פריכונים מיני בצל מקורמל 25 גרם אסם,"מיוצר ע""י PT, משווק",IL,פריכונים מיני בצל מק,גרמים,25.00,100 גרם,false,,4.20,0.1680,false,1,185496
7290107874502,false,ביסלי גריל קדמ. מארז אחיד 10 4*55 גרם,מיוצר עי קונדיטוריית,IL,מארז ביסלי גריל,גרמים,220.00,100 גרם,false,,11.90,0.0541,false,1,192680
7290107875271,false,ביסלי ברביקיו קדמ. מארז אחיד10 4*55 גרם,"אסם תעשיות בע""מ",IL,מארז ביסלי ברבקיו,גרמים,220.00,100 גרם,false,,11.90,0.0541,false,1,192803
7290107875400,false,גלידה לה קרמריה פיסטוק מוקה 1.4 ל' נסטלה,לה קרמריה- נסטלה,IL,לה קרמריה מוקה פיסטו,ליטרים,1.40,ליטר,false,,22.90,16.3571,false,1,150658
7290107875820,false,קרוטונים אפויים בתיבול ביתי אוסם 180 ג',עינת תעשיות מזון,IL,קרוטונים אפויים בתיב,גרמים,180.00,100 גרם,false,,11.90,0.0661,true,1,185459
7290107877619,false,מארז במבה במילוי קרם נוגט 5*30ג' אסם,"אסם תעשיות בע""מ",IL,מארז במבה נוגט 5*30,גרמים,150.00,100 גרם,false,,13.50,0.0900,true,1,196318
7290107879132,false,פריכיות פיטנס מיני פריכיות שוקולד חלב 22 ג',כרמית,IL,פיטנס מיני פריכיות,גרמים,22.00,100 גרם,false,,4.90,0.2227,true,1,195427
7290107879521,false,קרחון לה פרוטה שרבט תות מאגדת 5יח',המאפיה של הרמן,IL,מאגדת שלגונים לה פרו,גרמים,350.00,100 גרם,false,,23.90,0.0683,true,1,191386
7290107879569,false,קרחון לה פרוטה שרבט מנגו מאגדת 5יח',המאפיה של הרמן,IL,מאגדת שלגונים לה פרו,גרמים,350.00,100 גרם,false,,23.90,0.0683,true,1,191387
7290107879699,false,שלגון לה פרוטה מנגו נסטלה 70ג',המאפיה של הרמן,IL,שלגון לה פרוטה מנגו,גרמים,70.00,100 גרם,false,,5.50,0.0786,true,1,191392
7290107879712,false,שלגון לה פרוטה פירות אדומים 70 גרם,נסטלה גלידות,IL,שלגון לה פרוטה פירות,גרמים,70.00,100 גרם,false,,5.50,0.0786,true,1,191393
7290107930321,false,קונפיטורת יד מרדכי דובדובן 340 גרם,"בית אל מזון בע""מ",IL,קונפיטורה דבדבן יד מ,גרמים,340.00,100 גרם,false,,13.50,0.0397,true,1,188827
7290107931397,false,כיף כף פצפוצים במילוי שוקולד 40 גרם,שולן צ'יקולטה גידה ס,TR,כיף כף פיצפצים,גרמים,40.00,100 גרם,false,,5.20,0.1300,true,1,191868
7290107932080,false,חלב מועשר יוטבתה בבקבוק 3% 1 ליטר,מחלבת יטבתה,IL,חלב בקבוק 3% מועשר,ליטרים,1.00,ליטר,false,,7.50,7.5000,false,1,189397
7290107932134,false,חלב מועשר יוטבתה בבקבוק 1% 1 ליטר,מחלבת יטבתה,IL,חלב בקבוק 1% מועשר,ליטרים,1.00,ליטר,false,,7.50,7.5000,false,1,189399
7290107933155,false,הירק של מוטקה סלנובה,שטראוס בריאות ירקות,IL,לקט סלנובה 200 גר,גרמים,200.00,100 גרם,false,,12.90,0.0645,true,1,190504
7290107933193,false,שטראוס סלק מבושל בוו,לס לגוסודה סנצונוניו,ES,סלק מבושל 500 גר שטר,גרמים,500.00,100 גרם,false,,7.90,0.0158,true,1,190084
7290107934473,false,מארז 8 יח' אקטיביה יוגורט קרמי 1.5% שומן,דנונה - שטראוס,IL,אקטיביה שמיניה 1.5%,גרמים,1200.00,100 גרם,false,,19.90,0.0166,true,1,188934
7290107936309,false,דנונה יוגורט 7% יווני לבן 130 ג',"שטראוס בריאות בע""מ",IL,דנונה יווני לבן 7%,גרמים,130.00,100 גרם,false,,3.40,0.0262,true,1,194797
7290107936460,false,מארז 8 יח' דנכול משקה יוגורט בטעם מעודן,מיוצר עי קונדיטוריית,IL,מארז שמיניה דנכול,גרמים,800.00,100 גרם,false,,29.30,0.0366,true,1,191561
7290107936958,false,עד חצות ביסקוויט אצבעות שוקולד 125 גרם,הדקלאים אגודת שיתופי,FR,עד חצות אצבעות,גרמים,125.00,100 גרם,false,,10.90,0.0872,true,1,199827
7290107936965,false,עיגולים עד חצות עם שוקולד חלב 225 גר,ביסקווטרי עוגיות סנט,FR,עד חצות עיגולים,גרמים,225.00,100 גרם,false,,13.90,0.0618,true,1,199828
7290107937542,false,משקה יוגורט אקטיביה עם תות 1.2% שומן,מיוצר עי קונדיטוריית,IL,משקה אקטיביה תות,גרמים,265.00,100 גרם,false,,4.90,0.0185,true,1,192473
7290107937627,false,מסטיק מאסט Must קוביות ללא סוכר בטעם מנטה עדינה,אסקום קונפקשיין,IL,מסטיק מאסט קוביות ספ,גרמים,58.00,100 גרם,false,,9.90,0.1707,true,1,194779
7290107937634,false,צנצנית מסטיק מאסט קוביות פפירמינט 58 ג' עלית,אסקום קונפקשיין,IL,מסטיק מאסט קוביות צנ,גרמים,58.00,100 גרם,false,,9.90,0.1707,true,1,194780
7290107937856,false,קפסולות 11חזק למכונות נספרסו עלית 10יח',הנסיך- מפעל לייצור ט,IL,קפסולות קפה למכונות,גרמים,50.00,100 גרם,false,,16.90,0.3380,false,1,194389
7290107938396,false,"אקטימל משקה פרוביוטי תות 100X8 מ""ל",מיוצר עי קונדיטוריית,IL,אקטימל תות שמיניה,גרמים,864.00,100 גרם,false,,21.10,0.0244,true,1,193238
7290107939027,false,גזר דק דק 250 גרם שטראוס,שטראוס בריאות ירקות,IL,גזר חתוך דק דק 250 ג,גרמים,250.00,100 גרם,false,,6.90,0.0276,true,1,194895
7290107940030,false,"חומוס אחלה מופחת שומן 650 גרם ""אחלה""",שטראוס גרופ,IL,חומוס אחלה 650 גר,גרמים,650.00,100 גרם,false,,8.90,0.0137,false,1,202324
7290107940467,false,אקטיביה יוגורט 1.5% שומן 200 ג' דנונה,מיוצר עי קונדיטוריית,IL,אקטיביה 200 גר 1.5%,גרמים,200.00,100 גרם,false,,3.80,0.0190,true,1,193247
7290107941259,false,"עדשים ירוקות מבושלות 475 גרם ""טעם הטבע",הורקסה לס לגונס דה ס,ES,עדשים ירוקות מבושלות,גרמים,475.00,100 גרם,false,,11.90,0.0251,true,1,195652
7290107941266,false,שעועית אדומה מבושלת 475 גר שטראוס,הורקסה לס לגונס דה ס,ES,שעועית אדומה מבושלת,גרמים,475.00,100 גרם,false,,13.90,0.0293,true,1,195653
7290107943192,false,"שמנת חמוצה מהערבה 27% שומן 200 מ""ל יטבתה",מחלבת יטבתה,IL,שמנת חמוצה מהערבה 27,גרמים,390.00,100 גרם,false,,4.00,0.0103,false,1,199826
7290107943369,false,קוואקר שיבולת שועל ללא גלוטן 511 גרם,היידי שוקולד בירונטי,US,קוואקר שיבולת שועל ל,גרמים,511.00,100 גרם,false,,17.90,0.0350,true,1,199203
7290107944243,false,אפיפיות בטעם שוקולד 200 גרם כשר לפסח,"שטראוס גרופ בע""מ",IL,אפיפית עלית 200 גר,גרמים,200.00,100 גרם,false,,7.90,0.0395,true,1,199071
7290107944472,false,סימפוניה גבינה במרקם שמנת 5% שום שמיר,"שטראוס בריאות בע""מ",IL,סימפוניה שום שמיר 5%,גרמים,200.00,100 גרם,false,,11.20,0.0560,true,1,195315
7290107950190,false,מעדן חלב דל קלוריות בטעם שוקולד מריר 0.5% שומן,מיוצר עי קונדיטוריית,IL,מעדן שטראוס דיאט שוק,גרמים,130.00,100 גרם,false,,3.30,0.0254,true,1,194820
7290107950206,false,מעדן שטראוס דיאט 0% שוקולד 130ג',מיוצר עי קונדיטוריית,IL,מעדן שטראוס דיאט שוק,גרמים,130.00,100 גרם,false,,3.30,0.0254,true,1,194821
7290107951104,false,בפלות ופלים ארוכים בטעם שוקולד,"א.ג. גילרו בע""מ",IL,בפלות שוקולד 200 גר,גרמים,200.00,100 גרם,false,,4.30,0.0215,true,1,195297
7290107951111,false,בפלות ופלים ארוכים בטעם לימון,"א.ג. גילרו בע""מ",IL,בפלות לימון 200 גר,גרמים,200.00,100 גרם,false,,4.30,0.0215,true,1,195298
7290107951715,false,צנצנת מסטיק מאסט קוביות בטעם ענבים 58 ג' עלית,אסקום קונפקשיין,IL,צנצנת מסטיק מאסט קוב,גרמים,58.00,100 גרם,false,,9.90,0.1707,true,1,196585
7290107953559,false,קפה טורקי עלית לדרך שקיות 24X7ג',הנסיך- מפעל לייצור ט,IL,מארז קפה טורקי לדרך,גרמים,168.00,100 גרם,false,,19.90,0.1185,false,1,196028
7290107954709,false,"קונפיטורת פירות יער ""יד מרדכי"" 340 גר'",יד מרדכי,,קונפיטורה פירות יער,גרמים,340.00,100 גרם,false,,13.50,0.0397,true,1,197950
7290107954976,false,משקה חלב PRO עם קפה 1.5% 25 גרם חלבון בבקבוק,מחלבת יטבתה,DE,משקה יטבתה פרו קפה 3,מיליליטרים,350.00,"100 מ""ל",false,,6.30,0.0180,true,1,198332
7290107956543,false,דבש טהור מפרחי בר 900 ג' יד מרדכי,STRAUSS-ISRAEL,,דבש יד מרדכי 900 גר,גרמים,900.00,100 גרם,false,,39.90,0.0443,false,1,202804
7290107956642,false,"תרסיס שמן זית 150 מ""ל ""יד מרדכי""",פארייפאבה אגרואינדוס,ES,"תרסיס שמן זית 150 מ""",מיליליטרים,150.00,"100 מ""ל",false,,17.90,0.1193,true,1,201545
7290107956895,false,קפסולות 07 אספרסו בטעם קרמל עלית 10יח',שטראוס גרופ,IL,קפסולות אספרסו בטעם,גרמים,50.00,100 גרם,false,,16.90,0.3380,true,1,201836
7290107956901,false,קפסולות בטעם אגוזים למכונות נספרסו 50 גר,שטראוס גרופ,IL,קפסולות אספרסו בטעם,גרמים,150.00,100 גרם,false,,16.90,0.1127,true,1,200100
7290107956925,false,קפסולות 13 אוגנדה למכונת נספרסו עלית 10יח',שטראוס קפה בי.וי,IL,קפסולות קפה אוגנדה 1,גרמים,50.00,100 גרם,false,,16.90,0.3380,false,1,204217
7290107956932,false,קפסולות אספרסו אידונזיה למכונות 50 גר,שטראוס קפה בי.וי,IL,קפסולות קפה עלית אינ,גרמים,100.00,100 גרם,false,,16.90,0.1690,false,1,199690
7290107957069,false,"מסטיק ע""למה ""בטעם אוכניות 66 גרם צנצנת ""עלית""","שטראוס גרופ בע""מ",IL,צנצנת מסטיק עלמה אוכ,גרמים,66.00,100 גרם,false,,9.90,0.1500,true,1,199685
7290107957076,false,"מסטיק ""עלמה"" בטעם ספירמנט 66 גרם צנצנת ""עלית""","שטראוס גרופ בע""מ",IL,צנצנת מסטיק עלמה בטע,גרמים,66.00,100 גרם,false,,9.90,0.1500,true,1,199686
7290107957229,false,שוקולד צ'יפס מריר מעולה לאפיה עלית 250 ג',"פוליבה בע""מ",IL,נטיפי שוקולד צ'יפס מ,גרמים,250.00,100 גרם,false,,11.90,0.0476,true,1,201776
7290107957991,false,מילקי CAKE מיניס קרם חלב בציפוי שוקולד חלב שקית 16X9ג',בובארד איטליה אס.פי.,IT,מילקי קייק מיניס,גרמים,144.00,100 גרם,false,,13.90,0.0965,true,1,203486
7290107958035,false,יוגורט במתיקות מעודנת 2% ללא תוספת סוכר- מארז 8 יח,דנונה - שטראוס,IL,מארז דנונה מתיקות מע,גרמים,960.00,100 גרם,false,,18.50,0.0193,true,1,200026
7290107971522,false,חטיף בוטנים ושקדים עם שוקולד מריר ופיסטוק,אמקו סאם מילס ספול.,CZ,פרי חטיף בוטנים ושקד,גרמים,140.00,100 גרם,false,,16.50,0.1179,true,1,192480
7290107971539,false,חטיף בוטנים וקשיו עם שוקולד מריר ללא גלוטן,אמקו סאם מילס ספול.,CZ,פרי חטיף בוטנים וקשי,גרמים,140.00,100 גרם,false,,16.50,0.1179,true,1,192448
7290107973014,false,"סבון ידיים חלב ודבש 330 מ""ל ""פלמוליב""",הנסיך- מפעל לייצור ט,TR,פלמוליב סבון ידיים ח,מיליליטרים,300.00,"100 מ""ל",false,,10.90,0.0363,true,1,193149
7290107973311,false,קולגייט מברשת שיניים 360 פחם זהב זוג,הנסיך- מפעל לייצור ט,CN,זוג מברשות קולגייט 3,יחידה,0.00,יחידה,false,,24.90,0.0000,true,1,192343
7290107973861,false,מאסטר שף עגבניות קצוצות דק שלישיה 400ג*3 כשלפ,קונסרזיו קאסאלאסקו ד,IT,עגבניות קצוצות שלישי,גרמים,1200.00,100 גרם,false,,15.90,0.0133,true,1,193830
7290107974066,false,"עלי טורטיה קמח מלא 20ס""מ 8יח' מאסטר שף 320ג'",אלקאטי קורביישיסי גי,ES,עלי טורטיה קמח מלא 2,גרמים,320.00,100 גרם,false,,9.90,0.0309,true,1,192799
7290107974073,false,מנה עלי טורטיה קמח לבן מ.שף 20 סמ 320 גר,אלקאטי קורביישיסי גי,ES,עלי טורטיה קמח לבן 2,גרמים,320.00,100 גרם,false,,9.90,0.0309,true,1,192800
7290107974080,false,מנה עלי טורטיה קמח לבן מ.שף 25 סמ 840 גר,הדקלאים אגודת שיתופי,TR,עלי טורטיה קמח לבן 2,גרמים,840.00,100 גרם,false,,16.90,0.0201,true,1,192801
7290107974301,false,ליידי ספיד סטיק - דאודורנט ג'ל לאישה אלוורה 45 גרם,ליידי ספיד סטיק Lady Speed Stick,US,ליידי ספיד סטיק אלוו,יחידה,0.00,יחידה,false,,19.90,0.0000,true,1,197613
7290107974646,false,מרידול נשימה רעננה שטיפת פה 400 מל,הנסיך- מפעל לייצור ט,PL,מי פה מרידול נשימה ר,מיליליטרים,400.00,"100 מ""ל",false,,29.90,0.0747,true,1,194401
7290107974806,false,"אורז בסמטי 1 ק""ג מאסטר שף",דווה סינג שיהם סינג,IN,אורז בסמטי מנה 1 קג,קילוגרמים,1.00,"100 ק""ג",false,,11.90,11.9000,true,1,196473
7290107974813,false,"אורז יסמין 1 ק""ג מאסטר שף",מאסטר שף,,אורז יסמין 1 קג מנה,קילוגרמים,1.00,"ק""ג",false,,10.90,10.9000,true,1,195903
7290107974820,false,מנה מאסטר שף ממרח מתובל ספייסי 248 גר,מאסטר שף,NL,ממרח מתובל ספייסי,גרמים,250.00,100 גרם,false,,7.90,0.0316,true,1,195136
7290107974837,false,מנה מאסטר שף ממרח מתובל שום 246 גר,מאסטר שף,NL,ממרח מתובל שום מנה,גרמים,250.00,100 גרם,false,,7.90,0.0316,true,1,195137
7290107975292,false,ליידי ספיד סטיק - דאודורנט סטיק נערות ורוד 65 גרם,ליידי ספיד סטיק Lady Speed Stick,US,ליידי ספיד סטיק נערו,יחידה,0.00,יחידה,false,,19.90,0.0000,true,1,198863
7290107975360,false,ליידי ספיד סטיק פיור פרשנס ג'ל נשים 65ג',ליידי ספיד סטיק Lady Speed Stick,US,ליידי ספיד סטיק ג'ל,יחידה,0.00,יחידה,false,,19.90,0.0000,true,1,198003
7290107975544,false,"קולגייט משחת שיניים סמיילס ברבי לגילאי 6 50מ""ל",קולגייט פלמוליב,PL,קולגייט סמיילס ברבי,מיליליטרים,50.00,"100 מ""ל",false,,10.90,0.2180,true,1,197346
7290107976428,false,קולגייט פלאקס קול מי,Colgate - Brazil,PL,קולגייט פלאקס קול מי,מיליליטרים,250.00,"100 מ""ל",false,,13.90,0.0556,true,1,259649
7290107976848,false,פלמוליב סבון מוצק קמומיל רביעייה 360 ג,קולגייט פלמוליב,TR,פלמוליב סבון מוצק קמ,גרמים,360.00,100 גרם,false,,17.00,0.0472,true,1,201934
7290107976916,false,"סבון ידיים חלב זיתים 300 מ""ל ""פלמוליב""",פלמוליב Palmolive,IT,פלמוליב סבון ידיים ח,מיליליטרים,30.00,"100 מ""ל",false,,10.90,0.3633,true,1,198496
7290107977456,false,"פלמוליב - ג'ל רחצה ושמפו ספורט לגבר 750 מ""ל",קולגייט פלמוליב,TR,פלמוליב לגבר ג'ל רחצ,מיליליטרים,750.00,"100 מ""ל",false,,19.90,0.0265,true,1,209451
7290107977753,false,"משחת שיניים פרודונט אקספרט מרידול , 75 מ""ל",קולגייט פלמוליב,PL,מרידול משחת שיניים פ,מיליליטרים,75.00,"100 מ""ל",false,,24.90,0.3320,true,1,199859
7290107978101,false,מש.שיניים קולגייט א.וויט אקסטרה פאוור 75,קולגייט-פלמוליב,PL,קולגייט אופטיק וייט,מיליליטרים,75.00,"100 מ""ל",false,,25.90,0.3453,true,1,201933
7290107978323,false,מאסטר שף איטריות דקיקות 400 גר,הדקלאים אגודת שיתופי,PL,איטריות דקיקות מאסטר,גרמים,400.00,100 גרם,false,,5.90,0.0148,true,1,198250
7290107978330,false,מאסטר שף איטריות דקות 400 גרם,הדקלאים אגודת שיתופי,PL,איטריות דקות מאסטר ש,גרמים,400.00,100 גרם,false,,5.90,0.0148,true,1,198251
7290107978347,false,מאסטר שף איטריות בינוניות 400 גר,הדקלאים אגודת שיתופי,PL,איטריות בינוניות מאס,גרמים,400.00,100 גרם,false,,5.90,0.0148,true,1,198252
7290107978460,false,חטיף חיטה בטעם פלאפל,קראנצ'וס,IL,קראנצוס פלאפל 70 גרם,יחידה,0.00,יחידה,false,,3.90,0.0000,true,1,199097
7290107979191,false,"תבנית אלומיניום עם נייר אפייה ענק 2 ""קוקי""",HAI PLASTIC,CN,תבנית אלומיניום קוקי,יחידה,0.00,יחידה,false,,9.90,0.0000,true,1,198717
7290108070309,false,שקית בלונים פסטל מעורב צבעים-100 יח,,,שקית 100 בלונים,יחידה,0.00,יחידה,false,,20.00,0.0000,true,1,192239
7290108070316,false,שקית 50בלונים פסטל מעורב,,,בלונים איכותיים 50'ח,יחידה,0.00,יחידה,false,,10.90,0.0000,true,1,194170
7290108074888,false,נרות ג'מבו,,,נרות ג'מבו,יחידה,0.00,יחידה,false,,6.40,0.0000,true,1,192330
7290108074895,false,נרות ג'מבו כוכבים פר,,,נרות ג'מבו כוכבים פר,יחידה,0.00,יחידה,false,,6.40,0.0000,true,1,192773
7290108079357,false,מארז בלונים על מקל לניפוח עצמי HAPPY BIRTHDAY - כסף,,,מארז בלונים על מקל ל,יחידה,0.00,יחידה,false,,20.00,0.0000,true,1,199564
7290108201284,false,איירוויק מקלות ריחניים בניחוח לבנדר מתוק,איירוויק Air Wick,HU,אירוויק מקלות לבנדר,מיליליטרים,30.00,"100 מ""ל",false,,14.90,0.4967,true,1,196896
7290108201802,false,"ספריי דטול לחיטוי בניחוח כביסה 400 מ""ל",רקיט בנקיזר,US,דטול ספריי חיטוי בני,יחידה,0.00,יחידה,false,,17.90,0.0000,true,1,204094
7290108350128,false,סנו סושי שקיות אשפה חזקות במיוחד 40 יח',מיוצר עי קונדיטוריית,IL,סנו סושי 40 שקיות אש,יחידה,0.00,יחידה,false,,24.90,0.0000,true,1,151840
7290108350142,false,סנו סושי שקיות רב שימושיות 270 יחידות 25*35 ס''מ,אשפלסט תעשיות,IL,סנו סושי שקיות רב שי,יחידה,0.00,יחידה,false,,13.90,0.0000,true,1,151841
7290108350203,false,כריות קרצוף אקסטרה חזקות עם ספוג מקציף - 6 יח',סנו סושי,IT,סקוטש+ספוג EXTRA,יחידה,0.00,יחידה,false,,10.00,0.0000,true,1,192855
7290108350500,false,סנובון מוצק דאבל אקשן בניחוח תפוז שלישייה,סנו סנובון,,סנובון מוצק דאבל אקש,יחידה,0.00,יחידה,false,,11.90,0.0000,true,1,189544
7290108350524,false,ארון פרש בניחוח לוונדר סנו,"סנו מפעלי ברונוס בע""",IL,ארון פרש בניחוח לבנד,יחידה,0.00,יחידה,false,,22.90,0.0000,true,1,194416
7290108350531,false,סנו ספארק נוזל כלים בניחוח קלאסי עם משאבה 1 ל',מיוצר עי קונדיטוריית,IL,נוזל לכלים ספארק משא,ליטרים,1.00,ליטר,false,,11.90,11.9000,true,1,187091
7290108350548,false,סנו ספארק נוזל כלים בניחוח לבנדר עם משאבה 1 ל',מיוצר עי קונדיטוריית,IL,נוזל כלים ספארק משאב,ליטרים,1.00,ליטר,false,,11.90,11.9000,true,1,187092
7290108350555,false,נוזל כלים סנו ספארק Spark היפואלרגני פריחת השקד,סנו ספארק,IL,נוזל כלים ספארק משאב,ליטרים,1.00,ליטר,false,,11.90,11.9000,true,1,187093
7290108350586,false,נוזל לניקוי כלים סנו ספארק Spark בניחוח לימון רענן,סנו ספארק,IL,סנו ספארק נוזל כלים,ליטרים,1.50,ליטר,false,,14.90,9.9333,true,1,188826
7290108350616,false,סנו - מקסימה מרכך כביסה מרוכז פריחה כחולה 1 ליטר,"סנו מפעלי ברונוס בע""",IL,מרכך מרוכז מקסימה 1,ליטרים,1.00,ליטר,false,,16.90,16.9000,true,1,193038
7290108350623,false,מרכך כביסה סופר מרוכז סופט סילק מקסימה 1 ל' סנו,"סנו מפעלי ברונוס בע""",IL,מרכך מרוכז מקסימה 1,ליטרים,1.00,ליטר,false,,16.90,16.9000,true,1,193039
7290108350647,false,"כיף פיות קרם מתיר קשרים 350 מ""ל-מרכז",החברה הדרומית,IL,קרם להתרת קשרים כיף,מיליליטרים,350.00,"100 מ""ל",false,,23.90,0.0683,true,1,191209
7290108350654,false,"כיף פיות תרסיס להתרת קשרים 350 מ""ל",קוסמופארם בע''מ,IL,תרסיס להתרת קשרים כי,מיליליטרים,350.00,"100 מ""ל",false,,21.00,0.0600,true,1,191210
7290108350685,false,"מנקה למדיח כלים סנו ספארק 250 מ""ל",סנו,IL,ספארק מנקה למדיח 250,מיליליטרים,250.00,"100 מ""ל",false,,12.90,0.0516,true,1,201098
7290108350708,false,ק.מעצב ומתיר קשרים לבנים כיף בוב ספוג350,כיף,,קרם מעצב ומתיר קשרים,מיליליטרים,350.00,"100 מ""ל",false,,23.90,0.0683,true,1,197557
7290108350715,false,"סנו פורטה FREE נוזל מרוכז להסרת שומנים 750 מ""ל",סנו,IL,סנו פורטה free,מיליליטרים,750.00,"100 מ""ל",false,,13.90,0.0185,false,1,195166
7290108350722,false,אורביטול גוניור משחת שיניים בוב ספוג 70ג,טרופיקל דגיל קוסמטיק,IL,משחת שיניים אורביטול,גרמים,70.00,100 גרם,false,,9.90,0.1414,true,1,216456
7290108351118,false,"קוטל מעופפים 750 מ""ל K4000",סנו מפעלי ברונוס בעמ,IL,קוטל מעופפים K400,מיליליטרים,750.00,"100 מ""ל",false,,29.90,0.0399,true,1,193524
7290108351156,false,סנו - ג'ט לניקוי כללי ורצפות בתוספת חומץ 1.5 ליטר,"סנו מפעלי ברונוס בע""",IL,סנו ג'ל לניקוי כללי,ליטרים,1.50,ליטר,false,,13.90,9.2667,true,1,195902
7290108351514,false,מרכך כביסה בבישום עוצמתי פריחה כחולה,סנו מקסימה,IL,מרכך כביסה פריחה כחו,ליטרים,4.00,ליטר,false,,21.90,5.4750,false,1,195598
7290108351552,false,"סנו - ג'ט לניקוי כללי בתוספת חומץ בניחוח לבנדר 750 מ""ל","סנו מפעלי ברונוס בע""",IL,סנו ג'ט פלוס לניקוי,מיליליטרים,750.00,"100 מ""ל",false,,12.90,0.0172,true,1,200410
7290108351569,false,מבשם ומרכך למייבש כביסה Baby לתינוקות ולעור רגיש,"סנו מפעלי ברונוס בע""",IL,מקסימה למייבש בייבי,מיליליטרים,750.00,"100 מ""ל",false,,19.90,0.0265,true,1,198169
7290108351583,false,"סנו - ג'ט פלוס חומץ ג'ל לניקוי אסלות לבנדר 750 מ""ל",טרופיקל דגיל תעשיות,IL,סנו ג'ט לניקוי אסלות,מיליליטרים,750.00,"100 מ""ל",false,,11.90,0.0159,true,1,202517
7290108351590,false,"סנופרש הום בלו בלוסון בניחוח מרכך כביסה 350 מ""ל",סנו פרש Fresh,IL,סנו פרש מבשם לבית נט,מיליליטרים,350.00,"100 מ""ל",false,,12.90,0.0369,true,1,198078
7290108351606,false,מטהר אוויר בלו בלוסום סנו פרש הום 350 מל,סנו fresh,IL,סנו פרש הום מבשם לבי,מיליליטרים,350.00,"100 מ""ל",false,,12.90,0.0369,true,1,198168
7290108351613,false,סנו ריצפז פרש הום 2 ליטר בניחוח מלון חלומי,"סנו מפעלי ברונוס בע""",IL,ריצפז פרש הום מלון 2,ליטרים,2.00,ליטר,false,,21.90,10.9500,false,1,197554
7290108351699,false,סנו - ג'ט מטליות לחות לניקוי כללי בתוספת חומץ לבנדר שלישיה,סנו מפעלי ברונוס על,IL,מגבונים ג'ט+חומץ מאר,יחידה,0.00,יחידה,false,,19.90,0.0000,true,1,203500
7290108351705,false,פניני בישום fresh linen גר 275,value smart prodacts,IL,פניני בישום לכביסה F,גרמים,275.00,100 גרם,false,,29.90,0.1087,true,1,209267
7290108351712,false,פניני בישום לכביסה 275 ג' מקסימה,value smart prodacts,IL,פניני בישום לכביסה L,גרמים,275.00,100 גרם,false,,29.90,0.1087,true,1,209268
7290108351729,false,נ.לניקוי אסלות סנו גרין פאוור אקולוגי750,מיוצר עי קונדיטוריית,IL,נוזל לניקוי אסלות אק,מיליליטרים,750.00,"100 מ""ל",false,,12.90,0.0172,true,1,212059
7290108351736,false,"סנו נוזל לניקוי חלונות אקולוגי 750 מ""ל GREEN POWER",סנו,IL,נוזל לניקוי חלונות א,מיליליטרים,750.00,"100 מ""ל",false,,12.90,0.0172,true,1,212060
7290108351743,false,"סנו נוזל לניקוי כללי אקולוגי 750 מ""ל GREEN POWER",סנו,IL,נוזל לניקוי כללי אקו,מיליליטרים,750.00,"100 מ""ל",false,,14.90,0.0199,true,1,212056
7290108351750,false,נ.לניקוי רצפות סנו גרין פאוור אקולוגי 2ל,סנו,IL,נוזל לניקוי רצפות אק,ליטרים,2.00,ליטר,false,,17.90,8.9500,true,1,212057
7290108351781,false,ג'ל לניקוי אסלות + חומץ ומלח לימון בריח הדרים,"סנו מפעלי ברונוס בע""",IL,סנו ג'ט לניקוי אסלות,מיליליטרים,750.00,"100 מ""ל",false,,11.90,0.0159,true,1,204755
7290108351804,false,סנו - מקסימה מרכך כביסה מרוכז ג'נטל בריז 1 ליטר,מיוצר עי קונדיטוריית,IL,מרכך כביסה מקסימה סו,ליטרים,1.00,ליטר,false,,16.90,16.9000,false,1,208463
7290108351811,false,מקסימה מרכך כביסה סופר מרוכז פלור טאצ' 1 ליטר,מיוצר עי קונדיטוריית,IL,מרכך כביסה מקסימה סו,ליטרים,1.00,ליטר,false,,16.90,16.9000,false,1,208464
7290108351835,false,מרכך כביסה בבישום עוצמתי פלורל טאצ',מיוצר עי קונדיטוריית,IL,מרכך כביסה סנו מקסימ,ליטרים,4.00,ליטר,false,,21.90,5.4750,false,1,209752
7290108351910,false,סנו ספארק טבליות למדיח 30 יח',גרופה אינקו,PL,טבליות למדיח ספארק 3,יחידה,0.00,יחידה,false,,21.90,0.0000,true,1,205511
7290108351927,false,סנו ספארק טבליות למדיח 70 יח',סנו,IL,טבליות למדיח ספארק 7,יחידה,0.00,יחידה,false,,39.90,0.0000,true,1,205512
7290108351958,false,סנובון סבון אסלה מוצק RINGS בניחוח אוקיינוס שלישיה,סנו מפעלי ברונוס בעמ,IL,סבון אסלה מוצק RINGS,יחידה,0.00,יחידה,false,,14.90,0.0000,true,1,208051
7290108351996,false,"חיטוי בייבי 99.9% לחיטוי וניקוי בסביבת תינוקות 750 מ""ל",החברה הדרומית,IL,מתז בייבי לחיטוי וני,מיליליטרים,750.00,"100 מ""ל",false,,14.90,0.0199,true,1,207107
7290108352009,false,סנו ספארק קפסולות למדיח כלים 50 יח',טרופיקל דגיל תעשיות,PL,סנו ספארק קפסולות למ,יחידה,0.00,יחידה,false,,39.90,0.0000,true,1,212054
7290108352016,false,סבון מוצק סנובון DESIGN מרכך שלישייה,סנו,IL,סבון מוצק DESIGN שלי,יחידה,0.00,יחידה,false,,14.90,0.0000,true,1,218964
7290108352023,false,שלישייה סנובון מוצק,סנו,,סבון מוצק DESIGN שלי,יחידה,0.00,יחידה,false,,14.90,0.0000,true,1,215805
7290108352078,false,"שטיפת פה protective salt אורביטול 500 מ""ל",טרופיקל דגיל תעשיות,IL,אורביטול מי פה מלח 5,מיליליטרים,500.00,"100 מ""ל",false,,24.90,0.0498,true,1,213729
7290108352139,false,ג'ל כביסה גרין פוויר אקולוגי 3 ל' סנו,סנו מפעלי ברונוס בעמ,IL,ג'ל כביסה אקולוגי סנ,ליטרים,3.00,ליטר,false,,32.90,10.9667,true,1,212058
7290108352146,false,"סנובון נוזלי בניחוח מגנוליה ונרולי 750 מ""ל",סנו מפעלי ברונוס בעמ,IL,סנובון נוזלי בניחוח,מיליליטרים,750.00,"100 מ""ל",false,,11.90,0.0159,true,1,212738
7290108352153,false,גל ניקוי אסלות סנובון לוטוס וסחלב 750 מל,מיוצר עי קונדיטוריית,IL,סנובון נוזלי בניחוח,מיליליטרים,750.00,"100 מ""ל",false,,11.90,0.0159,true,1,212739
7290108352207,false,מקסימה קפסולות לכביסה פלורל 40 יחידות,טרופיקל דגיל תעשיות,IL,קפסולות לכביסה 40 יח,יחידה,0.00,יחידה,false,,31.90,0.0000,true,1,212733
7290108352214,false,סנו - מקסימה קפסולות כביסה בניחוח בריזה מרעננת 40 יח',טרופיקל דגיל תעשיות,IL,קפסולות לכביסה 40 יח,יחידה,0.00,יחידה,false,,31.90,0.0000,true,1,212734
7290108352221,false,סנופרש הום מבשם נוזלי בניחוח מלון מפנק,סנו מפעלי ברונוס בעמ,IL,סנו פרש הום מלון מפנ,מיליליטרים,350.00,"100 מ""ל",false,,12.90,0.0369,true,1,213357
7290108352252,false,נוזל לניקוי כלים מתאים לניקוי ירקות ופירות סנו ספארק,"סנו מפעלי ברונוס בע""",IL,ספארק נוזל כלים משאב,ליטרים,1.00,ליטר,false,,11.90,11.9000,true,1,213823
7290108352269,false,סנו מטליות לחיטוי ולניקוי בדלי 400 יחידו,החברה הדרומית,IL,מטליות לחיטוי וניקוי,יחידה,0.00,יחידה,false,,29.90,0.0000,false,1,212710
7290108352276,false,מטליות לחיטוי ולניקוי רצפות 70*40 + פתח למגב,"סנו מפעלי ברונס בע""מ",IL,סנו מטליות לניקוי רצ,יחידה,0.00,יחידה,false,,15.90,0.0000,true,1,212184
7290108352283,false,סנו 99.9% נוזל לחיטוי וניקוי רצפות 2 ליט,"סנו מפעלי ברונוס בע""",IL,נוזל לחיטוי רצפות 2,ליטרים,2.00,ליטר,false,,19.90,9.9500,true,1,212196
7290108352290,false,שלישיית מטליות לחיטוי ולניקוי יסודי לחדר האמבטיה סדרת 99.9%,מיוצר עי קונדיטוריית,IL,מטליות לחות שלישייה,יחידה,0.00,יחידה,false,,21.90,0.0000,true,1,214874
7290108352320,false,"מבשם אויר סנו פרש הום בניחוח כותנה מלטפת 350 מ""ל",מיוצר עי קונדיטוריית,IL,סנו פרש הום מלון בוט,מיליליטרים,350.00,"100 מ""ל",false,,12.90,0.0369,true,1,213358
7290108352337,false,"סנו - פרש מילוי למטהר אוויר מלון מפנק 250 מ""ל",מיוצר עי קונדיטוריית,IL,סנו פרש הום אוטומטיק,מיליליטרים,250.00,"100 מ""ל",false,,14.90,0.0596,true,1,213465
7290108352368,false,תוסף לחיטוי כביסה 99.9% סנו מקסימה 3 ל',סנו,IL,תוסף לחיטוי כביסה 3,ליטרים,3.00,ליטר,false,,29.90,9.9667,true,1,219177
7290108352429,false,מטהר אוויר סנו פרש הום נוזלי כחול ארומטי,סנו מפעלי ברונוס בעמ,IL,פרש הום מבשם אוויר א,מיליליטרים,300.00,"100 מ""ל",false,,12.90,0.0430,true,1,214142
7290108352450,false,ריצפז פרש הום בניחוח מרכך כביסה בלו בלוסום,סנו מפעלי ברונוס בעמ,IL,ריצפז פרש הום בניחוח,ליטרים,2.00,ליטר,false,,21.90,10.9500,false,1,215803
7290108352481,false,"סנומוד מטהר אוויר נרסיסו סנו 150 מ""ל","סנו מפעלי ברונוס בע""",IL,סנומוד נרסיסוס,מיליליטרים,150.00,"100 מ""ל",false,,12.90,0.0860,true,1,218739
7290108352498,false,מכשיר אוטומטי מעוצב ואלגנטי עם מילוי מלון בוטיק סנו פרש,"יצרן מכשיר: זובלה,",IL,סנו פרש מכשיר+מילוי,יחידה,0.00,יחידה,false,,44.90,0.0000,true,1,219830
7290108352511,false,"ניקוי וחיטוי מכונת הכביסה מקסימה 500 מ""ל","איי, בי, אינבוו",IL,מקסימה לניקוי וחיטוי,מיליליטרים,500.00,"100 מ""ל",false,,12.90,0.0258,true,1,217753
7290108352528,false,"מתז לחיטוי וניקוי חדר האמבטיה 99.9% 750 מ""ל","איי, בי, אינבוו",IL,תרסיס לחיטוי וניקוי,מיליליטרים,750.00,"100 מ""ל",false,,14.90,0.0199,true,1,218067
7290108352535,false,סנו - מקסימה דפי בישום לחים למייבש הכביסה בניחוח מרכך כביסה,סנו מקסימה,IL,מקסימה דפי בישום לחי,יחידה,0.00,יחידה,false,,12.90,0.0000,true,1,259363
7290108352573,false,מרכך כביסה מקסימה בבישום עוצמתי 4 ל' סנו,סנו,IL,מרכך כביסה סנו מקסימ,ליטרים,4.00,ליטר,false,,21.90,5.4750,false,1,262368
7290108352641,false,סנו סושי מטלית הפלא לניקוי כללי במארז שלישייה,סנו מפעלי ברונוס.,IL,סנו סושי מטלית הפלא,יחידה,0.00,יחידה,false,,14.90,0.0000,true,1,198033
7290108352672,false,מטלית הפלא לריצפה סנו סושי זוג,סנו מפעלי ברונוס.,CN,סנו סושי מטליות הפלא,יחידה,0.00,יחידה,false,,19.90,0.0000,true,1,198060
7290108352696,false,"סנו סושי- ניילון נצמד+ רחב במיוחד 45 ס""מ",סנו סושי,IL,"ניילון נצמד 45 ס""מ ס",יחידה,0.00,יחידה,false,,28.90,0.0000,true,1,203987
7290108352788,false,סנו סושי שקיות זיפר לאוכל L 20 יחידות,פיין ונטג,IL,סושי שקיות זיפר 20 י,יחידה,0.00,יחידה,false,,12.90,0.0000,true,1,205815
7290108352795,false,שקיות סנו סושי M זיפר 50 יח,סנו סושי,IL,סושי שקיות זיפר 50 י,יחידה,0.00,יחידה,false,,12.90,0.0000,true,1,205816
7290108352801,false,"שקיות אשפה S לפחים קטנים 56*45 ס""מ בניחוח עדין","סנו מפעלי ברונוס בע""",IL,שקיות אשפה לפח קטן,יחידה,0.00,יחידה,false,,19.90,0.0000,true,1,202340
7290108352818,false,מטלית במבוק לניקוי דוחה ריחות רעים,טרופיקל דגיל תעשיות,CN,סנו מטלית במבוק לניק,יחידה,0.00,יחידה,false,,7.90,0.0000,true,1,205278
7290108352825,false,ספוג הפלא נירוסטה סנו סושי 3יח',s.k.a.t ltdסנו מפעלי,IL,סושי ספוג הפלא לניקו,יחידה,0.00,יחידה,false,,10.00,0.0000,true,1,203061
7290108352849,false,שלישיית מטליות הפלא לניקוי כללי דקור סנו סושי,טרופיקל דגיל תעשיות,IL,מטלית הפלא לניקוי כל,יחידה,0.00,יחידה,false,,14.90,0.0000,true,1,215129
7290108352863,false,סנו סושי שקיות צלייה 20יח' מידה L,מיוצר עי קונדיטוריית,IL,סנו סושי 20 שקיות צל,יחידה,0.00,יחידה,false,,7.90,0.0000,true,1,204089
7290108352870,false,סנו סושי שקיות צלייה 10יח' מידה XL,מיוצר עי קונדיטוריית,IL,סנו סושי 10 שקיות צל,יחידה,0.00,יחידה,false,,7.90,0.0000,true,1,204090
7290108352900,false,"סנו סושי מגבות נייר בגליל כפול, 6 יחידות",סנו מפעלי ברונוס בעמ,IL,מגבות הפלא גליל כפול,יחידה,0.00,יחידה,false,,22.90,0.0000,true,1,207827
7290108352917,false,כפפות ניטריל כחולות 80 יח' S סנו סושי,סנו סושי,,סנו סושי 80 כפפות ני,יחידה,0.00,יחידה,false,,24.90,0.0000,true,1,206193
7290108352924,false,כפפות ניטריל כחולות 80 יח' M סנו סושי,סנו סושי,,סנו סושי 80 כפפות ני,יחידה,0.00,יחידה,false,,24.90,0.0000,true,1,206200
7290108352931,false,כפפות ניטריל כחולות 80 יח' L סנו סושי,סנו סושי,,סנו סושי 80 כפפות ני,יחידה,0.00,יחידה,false,,24.90,0.0000,true,1,206201
7290108353006,false,סנו סושי - שקיות אוכל נקשרות 250 יחידות XL,מיוצר עי קונדיטוריית,IL,שקיות אוכל סנו,יחידה,0.00,יחידה,false,,12.90,0.0000,true,1,207434
7290108353044,false,תב.אפייה מנייר סנו סושי מאפינס גדול 24 י,מיוצר עי קונדיטוריית,CN,סנו סושי 24 תבניות א,יחידה,0.00,יחידה,false,,12.90,0.0000,true,1,208609
7290108353068,false,ספוג הפלא נירוסטה עם סיבי קירצוף סנו סושי 2 יח',מיוצר עי קונדיטוריית,IL,סנו סושי כרית קרצוף,יחידה,0.00,יחידה,false,,10.00,0.0000,true,1,208496
7290108353099,false,ממחטות אף במארז ניילון סנו סופט 5 יח' * 100 דף,טרופיקל דגיל תעשיות,IL,סנו soft ממחטות אף ב,יחידה,0.00,יחידה,false,,13.90,0.0000,true,1,208608
7290108353334,false,"שמפו למניעת קשקשים עם שמן עץ התה ואסאי 700 מ""ל כיף",קוסמופארם בעמ,IL,כיף שמפו למניעת קשקש,מיליליטרים,700.00,"100 מ""ל",false,,10.90,0.0156,true,1,209950
7290108353341,false,"מרכך למניעת קשקשים עם שמן עץ התה ואסאי 700 מ""ל כיף",קוסמופארם בעמ,IL,כיף מרכך למניעת קשקש,מיליליטרים,700.00,"100 מ""ל",false,,10.90,0.0156,true,1,209951
7290108353389,false,"אורביטול - מי פה ג'וניור לגילאי 8+ 250 מ""ל",החברה הדרומית,IL,אורביטול מי פה ג'וני,מיליליטרים,250.00,"100 מ""ל",false,,11.90,0.0476,true,1,261962
7290108353471,false,סנובון מוצק דיזיין בניחוח ספא,החברה הדרומית,IL,סנובון DESIGN בניחוח,יחידה,0.00,יחידה,false,,6.90,0.0000,true,1,209167
7290108353488,false,סנו - סנובון מעוצב בניחוח סחלב פראי,מיוצר עי קונדיטוריית,IL,סנובון DESIGN בניחוח,יחידה,0.00,יחידה,false,,6.90,0.0000,true,1,209168
7290108353549,false,נייר אפייה סנו סושי 100 יח,"טופ פלסט 2002 בע""מ",IL,נייר אפייה 100 יח' ס,יחידה,0.00,יחידה,false,,19.90,0.0000,true,1,210362
7290108353563,false,צלחות מקנה סוכר טבעי סנו סושי - 10'' *25,הנסיך- מפעל לייצור ט,IL,צלחות ענקיות מקנה סו,יחידה,0.00,יחידה,false,,21.90,0.0000,true,1,212705
7290108353570,false,סנו סושי צלחות קטנות 25 יח',סנו,IL,צלחות קטנות מקנה סוכ,יחידה,0.00,יחידה,false,,10.90,0.0000,true,1,212706
7290108353587,false,"קעריות מעוטרות מקנה סוכר בקוטר 15 ס""מ","שנדונג , סין",IL,קעריות מקנה סוכר טבע,יחידה,0.00,יחידה,false,,14.90,0.0000,true,1,212707
7290108353594,false,סנו סושי צלחות אובליות 25 יח',סנו סושי,IL,צלוחיות מקנה סוכר טב,יחידה,0.00,יחידה,false,,10.90,0.0000,true,1,212708
7290108353648,false,סנו סושי - שקיות אוכל מנייר 70 יחידות,"אשפלסט תעשיות בע""מ",TR,שקיות אוכל מנייר 70,יחידה,0.00,יחידה,false,,10.90,0.0000,true,1,214552
7290108353662,false,"סנו סושי מפת שולחן מוטבעת 120*270 ס""מ",סנו סושי,IL,סנו סושי מפת שולחן מ,יחידה,0.00,יחידה,false,,8.50,0.0000,true,1,261847
7290108353686,false,מטלית חלומית לריצפה מיקרופייבר,נינגבו סנבנג,CN,סנו סושי מטלית חלומי,יחידה,0.00,יחידה,false,,11.90,0.0000,true,1,215806
7290108353693,false,"צלחות מעוטרות מקנה סוכר בקוטר 19 ס""מ",סנו סושי,IL,צלחות גדולות מקנה סו,יחידה,0.00,יחידה,false,,14.90,0.0000,true,1,212709
7290108353761,false,"תחליב רחצה זן, בניחוח קשמיר 600 מ""ל קרימה",החברה הדרומית,IL,קרמה תחליב רחצה זן ב,מיליליטרים,600.00,"100 מ""ל",false,,17.90,0.0298,true,1,263114
7290108353983,false,"קרמה - קרם גוף קרמה קלאסי 500 מ""ל",טרופיקל דגיל תעשיות,IL,קרם גוף קרמה קלאסי 5,מיליליטרים,500.00,"100 מ""ל",false,,23.90,0.0478,true,1,214875
7290108354003,false,"תחליב רחצה קרמה ג'ינג'ר ולמון גראס 700 מ""ל",קרמה Crema,IL,תחליב רחצה קרמה ג'ינ,מיליליטרים,700.00,"100 מ""ל",false,,17.90,0.0256,true,1,213827
7290108354157,false,קרליין - נושם מגבוני דיאורדורנט סאן רייס כתום,החברה הדרומית,IL,מגבוני דאודורנט כתום,יחידה,0.00,יחידה,false,,11.50,0.0000,true,1,213825
7290108354164,false,"כיף שלישיית אל סבון מועשר בשמנים 500X3 מ""ל",טרופיקל דגיל תעשיות,IL,אל סבון קטיפתי מעושר,מיליליטרים,1500.00,"100 מ""ל",false,,21.90,0.0146,true,1,215921
7290108354270,false,מרכך כביסה מרוכז בבישום עוצמתי 1 ל' סנו מקסימה,מיוצר עי קונדיטוריית,IL,מרכך מרוכז 1 ליטר CA,ליטרים,1.00,ליטר,false,,16.90,16.9000,false,1,260240
7290108354485,false,"קרליין - מרכך 10 שמן ארגן 700 מ""ל",החברה הדרומית,IL,קרליין מרכך 10 שמן א,מיליליטרים,700.00,"100 מ""ל",false,,12.90,0.0184,true,1,261649
7290108354492,false,"קרליין - שמפו 10 שמן ארגן 700 מ""ל",החברה הדרומית,IL,קרליין שמפו 10 שמן א,מיליליטרים,700.00,"100 מ""ל",false,,12.90,0.0184,true,1,261650
7290108354607,false,"שמפו בניחוח מי קקטוס ושמן באבאסו 750 מ""ל נקה 7","אמיליה קוסמטיקס בע""מ",IL,שמפו ביו נקה 7,מיליליטרים,750.00,"100 מ""ל",false,,11.90,0.0159,true,1,262755
7290108354614,false,"מרכך בניחוח מי קקטוס ושמן באבאסו 750 מ""ל נקה 7","אמיליה קוסמטיקס בע""מ",IL,מרכך ביו נקה 7,מיליליטרים,750.00,"100 מ""ל",false,,11.90,0.0159,true,1,262756
7290108354706,false,"קרמה - תחליב רחצה מאסק 500 מ""ל",החברה הדרומית,IL,תחליב רחצה קרמה מאסק,מיליליטרים,500.00,"100 מ""ל",false,,12.90,0.0258,true,1,259735
7290108354713,false,"קרמה - תחליב רחצה קלאסי 500 מ""ל",קוסמופארם,IL,תחליב רחצה קרמה קלאס,מיליליטרים,500.00,"100 מ""ל",false,,12.90,0.0258,true,1,259736
7290108354751,false,"סנו - ג'ט מרסס לניקוי כללי בתוספת אבקת סודה 750 מ""ל","סנו מפעלי ברונוס בע""",IL,"ג'ט חומץ+סודה 750 מ""",מיליליטרים,750.00,"100 מ""ל",false,,12.90,0.0172,true,1,204990
7290108354768,false,"קרמה קרם גוף דבש 500 מ""ל",מיוצר בסין.יבוא ושיו,IL,קרם גוף בניחוח דבש ק,מיליליטרים,500.00,"100 מ""ל",false,,23.90,0.0478,true,1,260241
7290108355154,false,"שמפו שמני הזנה נקה 7 750 מ""ל","אמיליה קוסמטיקס בע""מ",IL,"נקה 7 שמפו 750 מ""ל",מיליליטרים,750.00,"100 מ""ל",false,,11.90,0.0159,true,1,202690
7290108355161,false,"מרכך שיער שמני הזנה 750 מ""ל נקה 7","אמיליה קוסמטיקס בע""מ",IL,"נקה 7 מרכך 750 מ""ל",מיליליטרים,750.00,"100 מ""ל",false,,11.90,0.0159,true,1,202691
7290108355178,false,"קרמה - קרם ידיים חמאת שיאה וקוקוי 100 מ""ל",החברה הדרומית,IL,קרם ידיים קרמה 100 מ,מיליליטרים,100.00,"100 מ""ל",false,,9.90,0.0990,true,1,214550
7290108355192,false,"נטורל מרכך קרטין אינטנס למניעת קשקשים 400 מ""ל",נטורל פורמולה Natural Formula,IL,מרכך קרטין אינטנס למ,מיליליטרים,400.00,"100 מ""ל",false,,29.90,0.0747,true,1,200673
7290108355208,false,"שמפו קרטין אינטנס למניעת קשקשים נטורל 400 מ""ל",נטורל פורמולה Natural Formula,IL,שמפו קרטין אינטנס למ,מיליליטרים,400.00,"100 מ""ל",false,,29.90,0.0747,true,1,200674
7290108355253,false,"נקה 7 - ג'ל רחצה אקסטרה פרש לגבר 750 מ""ל","אמיליה קוסמטיקס בע""מ",IL,ג'ל רחצה לגבר נקה 7,מיליליטרים,750.00,"100 מ""ל",false,,11.90,0.0159,true,1,204091
7290108355277,false,"נקה 7 - שמפו ומרכך לגבר 2 ב-1 750 מ""ל","אמיליה קוסמטיקס בע""מ",IL,שמפו ומרכך 2-ב-1 נקה,מיליליטרים,750.00,"100 מ""ל",false,,11.90,0.0159,true,1,204093
7290108355307,false,"נקה 7 - שמפו סירוק קל רוזמרין 750 מ""ל",גוד פוד פרודקטס S.p,IL,שמפו לסירוק קל נקה,מיליליטרים,750.00,"100 מ""ל",false,,12.90,0.0172,true,1,207432
7290108355314,false,מרכך לסירוק קל בתוספת רוזמרין,גוד פוד פרודקטס S.p,IL,מרכך לסירוק קל נקה,מיליליטרים,750.00,"100 מ""ל",false,,12.90,0.0172,true,1,207433
7290108355543,false,"קרמה - דאודורנט ספריי לאישה נרולי מגנוליה 150 מ""ל",החברה הדרומית,IL,דאודורנט ספריי קרמה,מיליליטרים,150.00,"100 מ""ל",false,,12.90,0.0860,true,1,219819
7290108356090,false,קרמה תרחיץ גל לשטיפה אינטימית 220 מל,החברה הדרומית,IL,תרחיץ ג'ל לשטיפה אינ,מיליליטרים,220.00,"100 מ""ל",false,,21.00,0.0955,true,1,219016
7290108356106,false,כיף תחליב רחצה חלב שקדים 700 מל,החברה הדרומית,IL,כיף תחליב רחצה שקד 7,מיליליטרים,700.00,"100 מ""ל",false,,11.90,0.0170,true,1,204732
7290108356113,false,"כיף תחליב רחצה דבש 700 מ""ל-מרכז",קוסמופארם בעמ,IL,כיף תחליב רחצה דבש 7,מיליליטרים,700.00,"100 מ""ל",false,,11.90,0.0170,true,1,204733
7290108356120,false,"תחליב רחצה כיף קוקוס וניל 700 מ""ל",קוסמופארם,IL,כיף תחליב רחצה קוקוס,מיליליטרים,700.00,"100 מ""ל",false,,11.90,0.0170,true,1,204734
7290108356137,false,"כיף - תחליב רחצה לבנדר 700 מ""ל",קוסמופארם,IL,כיף תחליב רחצה לבנדר,מיליליטרים,700.00,"100 מ""ל",false,,11.90,0.0170,true,1,204735
7290108356151,false,"תחליב רחצה כיף מאסק יסמין 700 מ""ל",גוד פוד פרודקטס S.p,IL,כיף תחליב רחצה מאסק,מיליליטרים,700.00,"100 מ""ל",false,,11.90,0.0170,true,1,204736
7290108356168,false,"כיף - תחליב רחצה אוקיינוס 700 מ""ל",גוד פוד פרודקטס S.p,IL,כיף תחליב רחצה אוקיי,מיליליטרים,700.00,"100 מ""ל",false,,11.90,0.0170,true,1,204737
7290108356175,false,כיף אל סבון אבטיח ומנטה 1 ליטר משאבה,טרופיקל דגיל תעשיות,IL,כיף אל סבון אבטיח ומ,ליטרים,1.00,ליטר,false,,12.90,12.9000,true,1,214203
7290108356229,false,ג'ל גילוח לכל סוגי העור מועשר בפחם פעיל,טרופיקל דגיל תעשיות,TR,קרמה ג'ל גילוח,מיליליטרים,200.00,"100 מ""ל",false,,12.90,0.0645,true,1,213162
7290108356298,false,"כיף - מוס רחצה בניחוח קרם עוגיות 150 מ""ל",החברה הדרומית,IL,מוס רחצה בניחוח קרם,מיליליטרים,200.00,"100 מ""ל",false,,12.90,0.0645,true,1,259469
7290108356489,false,"כיף - תחליב רחצה אפרסק וחמאת מורומורו 700 מ""ל",החברה הדרומית,IL,כיף תחליב רחצה אפרסק,מיליליטרים,700.00,"100 מ""ל",false,,11.90,0.0170,true,1,262159
7290108356519,false,קרליין שמפו 10למניעת קשקשים 700מל,החברה הדרומית,IL,קרליין שמפו לשיער רג,מיליליטרים,700.00,"100 מ""ל",false,,12.90,0.0184,true,1,260998
7290108356526,false,"קרליין - שמפו 10 לשיער יבש 700 מ""ל",החברה הדרומית,IL,קרליין שמפו לשיער יב,מיליליטרים,700.00,"100 מ""ל",false,,12.90,0.0184,true,1,260999
7290108356533,false,קרוליין 10 שמפו לשיער מתולתל 700 מל,החברה הדרומית,IL,קרליין שמפו לשיער מת,מיליליטרים,700.00,"100 מ""ל",false,,12.90,0.0184,true,1,261000
7290108356540,false,קרוליין 10 שמפו לשיער צבוע 700 מל,החברה הדרומית,IL,קרליין שמפו לשיער צב,מיליליטרים,700.00,"100 מ""ל",false,,12.90,0.0184,true,1,261001
7290108356564,false,"קרליין - מרכך 10 לשיער רגיל 700 מ""ל",החברה הדרומית,IL,קרליין מרכך לשיער רג,מיליליטרים,700.00,"100 מ""ל",false,,12.90,0.0184,true,1,261003
7290108356571,false,"קרליין - מרכך 10 לשיער יבש 700 מ""ל",החברה הדרומית,IL,קרליין מרכך לשיער יב,מיליליטרים,700.00,"100 מ""ל",false,,12.90,0.0184,true,1,261004
7290108356588,false,קרוליין 10 מרכך לשיער מתולתל 700 מל,החברה הדרומית,IL,קרליין מרכך לשיער מת,מיליליטרים,700.00,"100 מ""ל",false,,12.90,0.0184,true,1,261005
7290108356595,false,"קרליין מרכך 10 לשיער צבוע 700 מ""ל",החברה הדרומית,IL,קרליין מרכך לשיער צב,מיליליטרים,700.00,"100 מ""ל",false,,12.90,0.0184,true,1,261006
7290108356816,false,"סבון בוטני גרניום ופטצ'ולי לניקוי וטיפוח הידיים, טבעוני 1 ל' כיף",סנו,IL,כיף סבון בוטני גרניו,ליטרים,1.00,ליטר,false,,14.90,14.9000,true,1,263427
7290108356854,false,מגבוני בייבי כיף בניוח עדין מארז חמישייה,החברה הדרומית,IL,מגבונים בייבי כיף חמ,יחידה,0.00,יחידה,false,,19.90,0.0000,true,1,216485
7290108356861,false,מגבוני בייבי כיף ללא בישום מארז חמישייה,החברה הדרומית,IL,מגבוני בייבי כיף חמי,יחידה,0.00,יחידה,false,,19.90,0.0000,true,1,216486
7290108357004,false,כיף שמפו ורד ושמן קוקוי לרכות וברק,טרופיקל דגיל תעשיות,IL,כיף שמפו ורד ושמן קו,מיליליטרים,700.00,"100 מ""ל",false,,10.90,0.0156,true,1,210628
7290108357028,false,"תחליב רחצה כיף ורד ושמן קוקוי 700 מ""ל",קוסמופארם בעמ,IL,כיף תחליב רחצה ורד ו,מיליליטרים,700.00,"100 מ""ל",false,,11.90,0.0170,true,1,210632
7290108357042,false,"קרליין - נושם ביו דאודורנט רול און 75 מ""ל Citrus Blossoms לאישה",החברה הדרומית,IL,קרליין נושם BIO דאוד,מיליליטרים,75.00,"100 מ""ל",false,,12.90,0.1720,true,1,261646
7290108357059,false,"קרליין - נושם ביו דאודורנט רול און 75 מ""ל Secret Garden לאישה",החברה הדרומית,IL,קרליין נושם BIO דאוד,מיליליטרים,75.00,"100 מ""ל",false,,12.90,0.1720,true,1,261647
7290108357073,false,"קרליין - נושם ביו דאודורנט ספריי 150 מ""ל Blossoms Citrus לאישה",החברה הדרומית,IL,קרליין נושם BIO דאוד,מיליליטרים,150.00,"100 מ""ל",false,,12.90,0.0860,true,1,262722
7290108357080,false,"קרליין - נושם ביו דאודורנט ספריי 150 מ""ל Secret Garden לאישה",החברה הדרומית,IL,קרליין נושם BIO דאוד,מיליליטרים,150.00,"100 מ""ל",false,,12.90,0.0860,true,1,262723
7290108357097,false,"קרליין - נושם ביו דאודורנט ספריי 150 מ""ל Velvet Rose לאישה",החברה הדרומית,IL,קרליין נושם BIO דאוד,מיליליטרים,150.00,"100 מ""ל",false,,12.90,0.0860,true,1,262724
7290108357110,false,"קרליין - נושם ביו דאודורנט רול און 75 מ""ל Valvet Rose לאישה",החברה הדרומית,IL,קרליין נושם BIO דאוד,מיליליטרים,75.00,"100 מ""ל",false,,12.90,0.1720,true,1,261648
7290108357189,false,"מבשם ומרכך למייבש הכביסה מקסימה פלורל 750 מ""ל סנו","סנו מפעלי ברונוס בע""",IL,מקסימה למייבש פלורל,מיליליטרים,750.00,"100 מ""ל",false,,19.90,0.0265,true,1,211157
7290108357196,false,"ג'ט פלוס לניקוי כללי בתוספת תמצית עץ התה 750 מ""ל סנו",מיוצר עי קונדיטוריית,IL,מתז JET לניקוי וחיטו,מיליליטרים,750.00,"100 מ""ל",false,,12.90,0.0172,true,1,219171
7290108357202,false,סנוקליר לניקוי בניחוח בלו בלוסום 1 ליטר,"סנו מפעלי ברונוס בע""",IL,סנו קליר 1 ליטר,ליטרים,1.00,ליטר,false,,11.90,11.9000,true,1,217208
7290108357233,false,סנוקליר מטליות לחות לניקוי והברקה 50יח,סנו קליר,IL,סנו קליר מטליות לחות,יחידה,0.00,יחידה,false,,10.90,0.0000,true,1,261651
7290108357240,false,"אוקסיג'ן פאוור תוסף להסרת כתמים קשים 1.4 ק""ג",החברה הדרומית,IL,אוקסיג'ן POWER לכביס,קילוגרמים,1.40,"ק""ג",false,,29.90,21.3571,true,1,261207
7290108357257,false,סנו - פרש מכשיר אוטומטי לבישום אוויר בתוספת מילוי אולטרא פרש,החברה הדרומית,IL,מכשיר אוטומטי מעוצב,יחידה,0.00,יחידה,false,,44.90,0.0000,true,1,262754
7290108357264,false,"פרש אוטומטי מילוי בניחוח מרכך הכביסה אולטרה 375 מ""ל סנו",החברה הדרומית,IL,סנו פרש אוטומטי מילו,מיליליטרים,250.00,"100 מ""ל",false,,14.90,0.0596,true,1,262650
7290108357271,false,סנובון ג'ל לניקוי אסלות עם חמצן פעיל לניקוי עוצמתי,סנו סנובון,IL,סנובון נוזלי אוקסי 7,מיליליטרים,750.00,"100 מ""ל",false,,11.90,0.0159,true,1,262297
7290108357295,false,"סנו - אוקסיג'ן פאוור מרסס להסרת כתמים 750 מ""ל",החברה הדרומית,IL,סנו אוקסיג'ן POWER ל,מיליליטרים,750.00,"100 מ""ל",false,,19.90,0.0265,true,1,263120
7290108357394,false,"תחליב רחצה קרמה חלב ודבש 700 מ""ל",החברה הדרומית,IL,תחליב רחצה קרמה חלב,מיליליטרים,700.00,"100 מ""ל",false,,17.90,0.0256,true,1,259260
7290108357400,false,"תחליב רחצה קרמה לבנדר ואקליפטוס 700 מ""ל",החברה הדרומית,IL,תחליב רחצה קרמה לבנד,מיליליטרים,700.00,"100 מ""ל",false,,17.90,0.0256,true,1,213831
7290108357424,false,"קרם גוף קרמה נרולי ומגנוליה 500 מ""ל",החברה הדרומית,IL,קרם גוף קרמה נרולי ו,מיליליטרים,500.00,"100 מ""ל",false,,23.90,0.0478,true,1,214418
7290108357448,false,"קרמה - קרם גוף קרמה לבנדר ואקליפטוס 500 מ""ל",קוסמופארם בע''מ,IL,קרם גוף קרמה לבנדר ו,מיליליטרים,500.00,"100 מ""ל",false,,23.90,0.0478,true,1,214419
7290108357516,false,"קרמה - סבון ידיים וניל ופלפל ורוד 500 מ""ל",קרמה,IL,סבון ידיים קרמה וניל,מיליליטרים,500.00,"100 מ""ל",false,,14.90,0.0298,true,1,259250
7290108357653,false,סנובון מוצק אוקיינוס בבבלס לאסלה,סנו סנובון,IL,סנובון Bubbles שלישי,יחידה,0.00,יחידה,false,,14.90,0.0000,true,1,264333
7290108357660,false,סנובון שלישיה בניחוח לבנדר,סנו סנובון,IL,סנובון Bubbles שלישי,יחידה,0.00,יחידה,false,,14.90,0.0000,true,1,264334
7290108357707,false,"כיף שמפו לשיער רגיל- תפוח זרעי צ'יה 700 מ""ל",גוד פוד פרודקטס S.p,IL,כיף שמפו רגיל תפוח ז,מיליליטרים,700.00,"100 מ""ל",false,,10.90,0.0156,true,1,205986
7290108357745,false,"כיף שמפו ומרכך 700 מ""ל 2ב-1 תאנה ומנטה",גוד פוד פרודקטס S.p,IL,כיף שמפו + מרכך תאנה,מיליליטרים,700.00,"100 מ""ל",false,,10.90,0.0156,true,1,205990
7290108357769,false,"מרכך לשיער רגיל תפוח וזרעי צ'יה 700 מ""ל כיף",גוד פוד פרודקטס S.p,IL,כיף מרכך רגיל תפוח ז,מיליליטרים,700.00,"100 מ""ל",false,,10.90,0.0156,true,1,205981
7290108357776,false,"כיף מרכך לשיער יבש -רימונים ושמן ארגן 700 מ""ל",גוד פוד פרודקטס S.p,IL,כיף מרכך יבש רימונים,מיליליטרים,700.00,"100 מ""ל",false,,10.90,0.0156,true,1,205991
7290108357837,false,שקית מילוי אל סבון בניחוח אצות ים 1 ל' כיף,החברה הדרומית,IL,כיף אל סבון שקית מיל,ליטרים,1.00,ליטר,false,,8.90,8.9000,true,1,261961
7290108357844,false,שקית מילוי אל סבון בניחוח גינסנג 1 ל' כיף,סנו,IL,כיף אל סבון שקית מיל,ליטרים,1.00,ליטר,false,,8.90,8.9000,true,1,262130
7290108357851,false,"כיף - ג'ל רחצה אליקסיר אוילס מועשר בשמן קוקוס 700 מ""ל","קוסמופארם בע""מ",IL,כיף ג'ל רחצה מועשר ב,מיליליטרים,700.00,"100 מ""ל",false,,11.90,0.0170,true,1,260887
7290108357868,false,"כיף - ג'ל רחצה אליקסיר אויל מועשר בשמן מקדמיה 700 מ""ל",החברה הדרומית,IL,כיף ג'ל רחצה מועשר ב,מיליליטרים,700.00,"100 מ""ל",false,,11.90,0.0170,true,1,260888
7290108357875,false,"כיף - שמפו לחות מוגברת עם אפרסק וחמאת מורומורו 700 מ""ל",החברה הדרומית,IL,כיף שמפו לחות מוגברת,מיליליטרים,700.00,"100 מ""ל",false,,10.90,0.0156,true,1,262157
7290108357882,false,"כיף - מרכך לחות מוגברת עם אפרסק וחמאת מורומורו 700 מ""ל",החברה הדרומית,IL,כיף מרכך לחות מוגברת,מיליליטרים,700.00,"100 מ""ל",false,,10.90,0.0156,true,1,262158
7290108358070,false,"תחליב רחצה קרמה קלאסי 700 מ""ל",גוד פוד פרודקטס S.p,IL,תחליב רחצה קרמה קלאס,מיליליטרים,700.00,"100 מ""ל",false,,17.90,0.0256,true,1,214548
7290108358094,false,"קרמה - תחליב רחצה חמאת שיאה וקוקוי 500 מ""ל",החברה הדרומית,IL,תחליב רחצה קרמה שיאה,מיליליטרים,500.00,"100 מ""ל",false,,12.90,0.0258,true,1,259737
7290108358100,false,"פרש הום מקלות ריחניים לבית בניחוח בייבי 100 מ""ל",סנו fresh,IL,סנו פרש הום מקלות רי,מיליליטרים,100.00,"100 מ""ל",false,,19.90,0.1990,true,1,261252
7290108358124,false,דפי בישום לחים למייבש הכביסה בניחוח מרכך כביסה 20 יח' מקסימה,סנו,IL,מקסימה דפי בישום לחי,יחידה,0.00,יחידה,false,,12.90,0.0000,true,1,264089
7290108359008,false,סושי שקיות זיפר עם סליידר 15 יח לארג',החברה הדרומית,CN,סנו סושי שקיות זיפר,יחידה,0.00,יחידה,false,,14.90,0.0000,true,1,260638
7290108359039,false,שקיות אשפה עם ידיות סנו סושי לפחים 30 יחידות,סנאט גרופ,IL,סנו סושי שקית אשפה ע,יחידה,0.00,יחידה,false,,19.90,0.0000,true,1,217647
7290108359060,false,סנו סושי כריות הפלא רב תכלתיות *4 לשבת,סנו סושי,IL,כריות ניקוי לשבת רבי,יחידה,0.00,יחידה,false,,11.50,0.0000,true,1,259467
7290108359084,false,סושי כיסוי ניילון עם גומי מדיום 30יח,סנו סושי,IL,כיסוי ניילון עם גומי,יחידה,0.00,יחידה,false,,10.90,0.0000,true,1,263998
7290108359091,false,כיסוי ניילון עם גומי 30 יח' L סנו סושי,סנו סושי,IL,כיסוי ניילון+גומי L,יחידה,0.00,יחידה,false,,10.90,0.0000,true,1,263999
7290108359121,false,סנו סושי שקיות אשפה חזקות במיוחד 100 יח' L,סנו סושי,,שקיות אשפה חזקות 100,יחידה,0.00,יחידה,false,,59.90,0.0000,true,1,261208
7290108359176,false,סופט ממחטות אף צמד בשקית לושן 3 שכבות,סנו סופט,IL,ממחטות אף 3 שכבות בת,יחידה,0.00,יחידה,false,,12.90,0.0000,true,1,264420
7290108359183,false,שקית אשפה חזקות 70*50 60 יח' סנו סושי,סנו סושי,IL,סנו סושי 60 שקיות אש,יחידה,0.00,יחידה,false,,24.90,0.0000,true,1,264000
7290108359190,false,סנו סושי מגבות נייר בגליל כפול פי 3,סנו סושי,IL,סנו סושי מגבות הפלא,יחידה,0.00,יחידה,false,,24.90,0.0000,false,1,264576
7290108359831,false,"כיף - בייבי כיף שמן 500 מ""ל","מיוצר ומשווק ע""י קוס",IL,שמן גוף בייבי כיף,מיליליטרים,500.00,"100 מ""ל",false,,22.90,0.0458,true,1,204459
7290108359879,false,"אלסבון בייבי כיף+משאבה 750 מ""ל",קוסמופארם בעמ,IL,אל סבון בייבי כיף 75,מיליליטרים,750.00,"100 מ""ל",false,,15.90,0.0212,true,1,204460
7290108359893,false,"תחליב רחצה בייבי כיף+משאבה 750 מ""ל",גוד פוד פרודקטס S.p,IL,תחליב רחצה בייבי כיף,מיליליטרים,750.00,"100 מ""ל",false,,15.90,0.0212,true,1,204461
7290108359985,false,סנו - ז'אוול מרסס קצף לניקוי וחינו בניחוח פריחה לבנה 1 ליטר,סנו ז'אוול Javel,IL,ז'אוול קצף ניקוי בתו,ליטרים,1.00,ליטר,false,,18.90,18.9000,true,1,261377
7290108500264,false,נתחי טונה בהירה בשמן וילי פוד 95 גר,אליאנס סלקט פודס,TH,נתחי טונה בהירה בשמן,גרמים,95.00,100 גרם,false,,3.40,0.0358,true,1,196052
7290108500677,false,כבד דג שיבוט בשמן דג וילי פוד 115 גרם,"איטיליאן פוד, אס.פי.",IS,כבד דג שיבוט מעושן,גרמים,115.00,100 גרם,false,,9.90,0.0861,true,1,196053
7290108501346,false,"גבינת גאודה מגורדת 500 גרם ""וילי פוד""",Euro יורו מחלבות אירופה,DE,גאודה מגורדת 500 גר,גרמים,500.00,100 גרם,false,,24.90,0.0498,true,1,199541
7290108501360,false,גבינת צ'דר בשלה MATURED ORANGE,Wyke Farms,,גבינת צ'דר בשלה 200,גרמים,200.00,100 גרם,false,,18.90,0.0945,true,1,201519
7290108501490,false,גבינה מוצרלה פרוסות ו.פוד 150ג',ליטא,DE,גבינת מוצרלה חצי קשה,גרמים,150.00,100 גרם,false,,14.50,0.0967,true,1,201125
7290108501827,false,קדאיף שערות בצק 450 גרם,הנסיך- מפעל לייצור ט,TW,קדאיף שערות בצק,גרמים,450.00,100 גרם,false,,19.90,0.0442,true,1,202377
7290108501964,false,חטיף אגוזים וצימוקים הפי נאטס מארז 35X4ג',ואמראליס,GR,חטיף בוטנים צימוקים,גרמים,140.00,100 גרם,false,,9.90,0.0707,true,1,203088
7290108501971,false,חטיף בוטנים ומשמש הפי נאטס מארז 35X4ג',ואמראליס,GR,חטיף בוטנים ומשמש,גרמים,140.00,100 גרם,false,,9.90,0.0707,true,1,203092
7290108501988,false,חטיף שקדים וחמוציות הפי נוטס מארז 35X4ג',ואמראליס,GR,חטיף שקדים וחמוציות,גרמים,140.00,100 גרם,false,,9.90,0.0707,true,1,203089
7290108502329,false,רביעית טונה בשמן זית וילי פוד 4*160 גר,גולדן פרייז,TH,טונה ויליפוד בשמן זי,גרמים,640.00,100 גרם,false,,27.90,0.0436,true,1,203934
7290108502589,false,גבינת שמנת שום 200גרם - EURO CHEESE,אטלסר&אלפרי קאסורק,DE,גבינת שמנת שום,גרמים,200.00,100 גרם,false,,12.90,0.0645,true,1,204298
7290108502725,false,גבינת גאודה פרוסות 400 גר`וילי פוד,Euro יורו מחלבות אירופה,DE,גבינת גאודה פרוסות 4,גרמים,400.00,100 גרם,false,,19.90,0.0497,true,1,203898
7290108502862,false,מלפפונים כבושים במלח 18-25 קטנים מאוד 600 גר,זיתור סאן גירה סני ו,TR,מלפפונים כבושים במלח,גרמים,600.00,100 גרם,false,,9.50,0.0158,true,1,205015
7290108503043,false,תפוחונים חטיף פלחים מיובשים מארז 22X4ג',ינטאי זונגקאן פוד קו,CN,מארז חטיף תפוחונים,גרמים,88.00,100 גרם,false,,14.90,0.1693,true,1,205532
7290108503159,false,גבינה כחולה עם עובש 100 גרם 31% שומן,קסוס אל פסטור,ES,גבינת דנבלו,גרמים,100.00,100 גרם,false,,13.90,0.1390,true,1,204424
7290108504187,false,פרוסות גבינה בטעם צ'דר לכריכים וטוסטים 800 ג',,,פרוסות גבינה בטעם צ',גרמים,800.00,100 גרם,false,,34.90,0.0436,true,1,208114
7290108504279,false,קשקבל \איבריקו\ מנצ'גו צ'אנק 150 גרם,ג.וילי פוד אינטרנשיו,ES,קשקבל צ'אנק 150 גר,גרמים,150.00,100 גרם,false,,19.90,0.1327,true,1,208115
7290108504293,false,גבינה מנצ'גו צ'אנק 150 גר',ג.וילי פוד אינטרנשיו,ES,מנצ'גו צ'אנק 150 גר,גרמים,150.00,100 גרם,false,,19.90,0.1327,true,1,208117
7290108504385,false,גבינת שמנת עם פלפל חלפיניו 21% שומן,Euro יורו מחלבות אירופה,DE,גבינת שמנת עם חלפיני,גרמים,200.00,100 גרם,false,,12.90,0.0645,true,1,217946
7290108504699,false,נתחי טונה בשמן קנולה רביעיה * 160 ג' וילי פוד,גולדן פרייז,TH,רביעיה נתחי טונה בשמ,גרמים,640.00,100 גרם,false,,19.90,0.0311,false,1,209662
7290108505375,false,צהובה פרוסה גולדן 400 גרם,,,צהובה פרוסות 400 גר',גרמים,400.00,100 גרם,false,,15.90,0.0398,false,1,211473
7290108505719,false,גבינת מוצרלה מגורדת 25% שומן 200 גרם,יורו צ'יז Euro Cheese,TR,גבינת מוצרלה מגורדת,גרמים,200.00,100 גרם,false,,13.90,0.0695,true,1,212711
7290108505726,false,אצבעות-גבינה חצי קשה 25% שומן 200 גרם,סאסו פטוראגס קומטויס,TR,אצבעות גבינה חצי קשה,גרמים,200.00,100 גרם,false,,13.90,0.0695,true,1,212712
7290108505733,false,צמות-גבינה חצי קשה 25% שומן 200 גרם,אונטד גידה,TR,צמות גבינה חצי קשה 2,גרמים,200.00,100 גרם,false,,13.90,0.0695,true,1,212713
7290108505740,false,גבינת קשקבל חצי קשה 25% שומן 200 גרם,Euro יורו מחלבות אירופה,TR,גבינת קשקבל חצי קשה,גרמים,200.00,100 גרם,false,,13.90,0.0695,true,1,212714
7290108506488,false,סופלה שוקולד קפוא 200 גרם,ארמה גרופ,TR,סופלה שוקולד קפוא 20,גרמים,200.00,100 גרם,false,,8.90,0.0445,true,1,212063
7290108506495,false,"כנאפה מאפה בצק ""שערות"" קדאיף וגבינה",ארמה גרופ,TR,כנאפה קפוא,גרמים,192.50,100 גרם,false,,8.90,0.0462,true,1,212064
7290108506501,false,אצבעות בצק פילו ממולאות גבינה 500 ג' ויליפוד,סיהאן גידה,TR,אצבעות בצק פילו ממול,גרמים,500.00,100 גרם,false,,15.90,0.0318,true,1,261395
7290108506518,false,אצבעות בצק פילו ממולאות גבינה ותרד 500 ג' ויליפוד,סיהאן גידה,TR,אצבעות בצק פילו ממול,גרמים,500.00,100 גרם,false,,15.90,0.0318,true,1,261396
7290108506648,false,רביולי דלעת פסטה איט,ארמנדו,IT,רביולי דלעת פסטה איט,גרמים,250.00,100 גרם,false,,11.90,0.0476,true,1,212587
7290108506662,false,רביולי פטריות פסטה א,ארמנדו,IT,רביולי פטריות פסטה א,גרמים,250.00,100 גרם,false,,11.90,0.0476,true,1,212589
7290108506679,false,רביולי חצילים ומוצרלה 250 גרם,ארמנדו,IT,רביולי חצילים ומוצרל,גרמים,250.00,100 גרם,false,,11.90,0.0476,true,1,212590
7290108506709,false,גבינת פרמג'יאנו רג'יאנו 150 גר' רבנות,וילי פוד,IT,גבינת פרמג'אנו רג'יא,גרמים,150.00,100 גרם,false,,17.90,0.1193,true,1,212418
7290108506969,false,"מאפה בורקס מים תורכי -גבינה 300 מ""ל",וילי פוד,TR,מאפה בורקס מים תורכי,גרמים,300.00,100 גרם,false,,14.90,0.0497,true,1,212480
7290108507010,false,מאפה בורקס מים תורכי תרד וגבינה 300 גרם,וילי פוד,TR,מאפה בורקס מים תורכי,גרמים,300.00,100 גרם,false,,14.90,0.0497,true,1,213606
7290108507065,false,גבינת פרמג'יאנו רג'יאנו מגורדת 100 גרם,זנאתי,IT,גבינת פרמג'יאנו רג'י,גרמים,100.00,100 גרם,false,,12.50,0.1250,true,1,217197
7290108507072,false,שבבי גבינת גרנה פדנו 100 גרם,זנאתי,IT,שבבי גבינת גרנה פדנו,גרמים,100.00,100 גרם,false,,10.90,0.1090,true,1,217196
7290108507188,false,כנאפה קפוא אריזה משפחתית 657.5 גרם,ארמה גרופ,TR,כנאפה אריזה משפחתית,גרמים,657.50,100 גרם,false,,27.90,0.0424,true,1,214494
7290108508048,false,גולדן פרוסות צהובות,,,גולדן פרוסות צהובות,קילוגרמים,1.00,"ק""ג",false,,29.90,29.9000,false,1,216124
7290108508451,false,"משקה יוגורט טבעי 3.2% שומן יורו 200 מ""ל",Euro יורו מחלבות אירופה,TR,משקה יוגורט טבעי 200,מיליליטרים,200.00,"100 מ""ל",false,,4.90,0.0245,true,1,217343
7290108508499,false,"איירן משקה יוגורט בסגנון טורקי יורו 293 מ""ל",Euro יורו מחלבות אירופה,TR,איירן משקה יוגורט בס,מיליליטרים,293.00,"100 מ""ל",false,,4.90,0.0167,true,1,217347
7290108508574,false,פסטה ברוטב עגבניות פיקנטי ארביאטה 250 ג'-מוכנה לאכילה,וילי פוד,,פסטה ברוטב עגבניות פ,גרמים,250.00,100 גרם,false,,6.90,0.0276,true,1,218130
7290108508581,false,פסטה ברוטב עגבניות נאפוליטנה 250 ג'-מוכנה לאכילה,,,פסטה ברוטב עגבניות נ,גרמים,250.00,100 גרם,false,,6.90,0.0276,true,1,218131
7290108508765,false,קונכיות פתיתים ויליפ,וילי פוד,TR,קונכיות פתיתים וילי,גרמים,400.00,100 גרם,false,,5.90,0.0148,true,1,218157
7290108508772,false,קונכיות פתיתים עם תרד 400 גרם,וילי פוד,TR,קונכיות פתיתים עם ת,גרמים,400.00,100 גרם,false,,5.90,0.0148,true,1,218158
7290108508963,false,גבינת קשקבל מגורדת חצי קשה 200 גר,Euro יורו מחלבות אירופה,TR,גבינת קשקבל מגורדת ח,גרמים,200.00,100 גרם,false,,13.90,0.0695,true,1,218135
7290108509069,false,מאפה פילו יווני מסורתי ממולא ירקות ירוקים,וילי פוד,GR,מאפה פילו ממולא ירקו,גרמים,400.00,100 גרם,false,,21.90,0.0547,true,1,218138
7290108509113,false,"גבינה בולגרית מעודנת 18% שומן 250 גרם חת""ס פ""ת",Euro יורו מחלבות אירופה,TR,גבינה בולגרית מעודנת,גרמים,250.00,100 גרם,false,,11.90,0.0476,true,1,218976
7290108509144,false,מארז שלישיית עגבניות מרוסקות POLPA,וילי פוד,IT,שלישית עגבניות מרוס,גרמים,1200.00,100 גרם,false,,12.90,0.0108,true,1,218949
7290108509168,false,קוביות עגבניות במיץ עגבניות - מארז שלישיה,וילי פוד,IT,שלישית עגבניות קוביו,גרמים,1200.00,100 גרם,false,,12.90,0.0108,true,1,218951
7290108509182,false,גבינת פטה 17% שומן יורו 250 ג',סוטאש,TR,גבינה פטה 17% שומן,גרמים,250.00,100 גרם,false,,12.90,0.0516,true,1,218979
7290108509199,false,גבינת פטה 17% שומן יורו 500 ג',קוליוס,TR,גבינה פטה 17% שומן 5,גרמים,500.00,100 גרם,false,,22.90,0.0458,true,1,218980
7290108509250,false,"אנטיפסטי ארטישוק+עגבניות מיובשות וצלפים בשמן חמניות 380 מ""ל",קוסרבה בונטו,IT,אנטיפסטי ארטישוק צנצ,גרמים,310.00,100 גרם,false,,22.90,0.0739,true,1,218134
7290108509267,false,ארוחת פסטה עם רוטב גבינה 206 גרם,הנסיך- מפעל לייצור ט,UA,ארוחת פסטה עם רוטב ג,גרמים,206.00,100 גרם,false,,9.90,0.0481,true,1,218136
7290108509397,false,עלי בצק פילו [משולשים] 360 גרם,ארמה גרופ,TR,עלי בצק פילו משולשים,גרמים,360.00,100 גרם,false,,9.90,0.0275,true,1,218143
7290108509571,false,גבינה מלוחה עם צילי ופפריקה 24% שומן 153,,GR,גבינה מלוחה עם צ'ילי,גרמים,153.00,100 גרם,false,,14.90,0.0974,true,1,264337
7290108509588,false,גבינה מלוחה עם עשבי תיבול 24% שומן 153 ג,,GR,גבינה מלוחה עם עשבי,גרמים,153.00,100 גרם,false,,14.90,0.0974,true,1,264336
7290108509595,false,גבינה מלוחה עם עגבניות מיובשות וריחן 24%,,GR,גבינה מלוחה עם עגבני,גרמים,153.00,100 גרם,false,,14.90,0.0974,true,1,264338
7290108509731,false,איירן משקה יוגורט בסגנון טורקי 2.3% שומן 1ל' יורו,אקר סוט גידה,TR,משקה איירן 1 ליטר,ליטרים,1.00,ליטר,false,,14.90,14.9000,true,1,260399
7290108509755,false,גבינה חלומי 250 גרם 23% שומן,,קפריסין,גבינת חלומי 250 גר',גרמים,250.00,100 גרם,false,,24.90,0.0996,true,1,264339
7290108509816,false,גבינת בייבי מוצרלה 22 שומן 22% 200 גרם,אונטד גידה,TR,גבינת בייבי מוצרלה 2,גרמים,200.00,100 גרם,false,,13.90,0.0695,true,1,218981
7290108896947,false,מטריה מיני אוטומט,,,מטריה מיני אוטומט,יחידה,0.00,יחידה,false,,39.90,0.0000,true,1,194622
7290109351025,false,מלך החומוס חומוסטחינה 40% טחינה גולמית,לחמנו,IL,צבר חומוסטחינה 400 ג,גרמים,400.00,100 גרם,false,,13.90,0.0348,true,1,189847
7290109351957,false,פריכיות פיטנס מיני גדולות שוקולד חלב 100ג',סנורייס בלגיום אן. ו,BE,פיטנס פריכיות גדולות,גרמים,100.00,100 גרם,false,,7.90,0.0790,true,1,194972
7290109351971,false,פריכיות דגנים פיטנס מצופות שוקולד חלב,פרח תעשיות,IL,פיטנס בר פריכיות שוק,גרמים,84.00,100 גרם,false,,12.90,0.1536,true,1,193299
7290109352916,false,פריכיות דגנים פיטנס מצופות שוקולד לבן,פרח תעשיות,IL,פיטנס בר פריכיות מצו,גרמים,84.00,100 גרם,false,,12.90,0.1536,true,1,193300
7290109354057,false,קרחון לה פרוטה שרבט אננס תפוז מאגדת 5 יח',תות תעשיות מזון (201,IL,מאגדת שלגונים לה פרו,גרמים,350.00,100 גרם,false,,23.90,0.0683,true,1,192850
7290109354101,false,"לחמית ללא גלוטן 200 גר' ""אסם""","אסם תעשיות בע""מ",IL,לחמית ללא גלוטן 200,גרמים,200.00,100 גרם,false,,10.50,0.0525,true,1,198034
7290109354972,false,אוסם - פתי בר וניל חלבי ללא גלוטן 200 גרם,מיוצר עי קונדיטוריית,IL,פתיבר ללא גלוטן אסם,גרמים,200.00,100 גרם,false,,9.90,0.0495,true,1,194104
7290109354996,false,פתי בר ללא גלוטן שוקו 200 גרם אסם,מיוצר עי קונדיטוריית,IL,פתיבר ללא גלוטן בטעם,גרמים,200.00,100 גרם,false,,9.90,0.0495,true,1,194221
7290109355504,false,שלגון וניל במילוי נוגט קראנץ 100 גרם,נטו מלינדה-בשר,IL,קראנץ וניל ליבת נוגט,יחידה,0.00,יחידה,false,,9.90,0.0000,true,1,195575
7290109358260,false,"נקניקיות עם חלבון 600 גר' ""טבעול""",עיצובים 2020 (4.8),IL,טבעול נקנקיות עם חלב,גרמים,600.00,100 גרם,false,,29.90,0.0498,true,1,198058
7290109358284,false,"שניצל תירס עם חלבון 664 גר' ""טבעול""",עיצובים 2020 (4.8),IL,שניצל תירס טבעול עם,גרמים,664.00,100 גרם,false,,28.90,0.0435,false,1,198057
7290109358482,false,עוגיות קרמוגית במילוי קרם בטעם חלבה,היינץ צפון אמריקה מק,IL,קרמוגית במילוי חלווה,גרמים,200.00,100 גרם,false,,11.50,0.0575,true,1,205259
7290109358765,false,דגני בוקר קראנץ' רולס נוגט 450 גרם,"אסם תעשיות בע""מ",IL,קראנץ' רולס 450 גר,גרמים,450.00,100 גרם,false,,19.90,0.0442,false,1,197252
7290109580043,false,"שניצל תירס קלאסי זוגלובק 1.75 ק""ג",זוגלובק,IL,"שניצל תירס 1.75 ק""ג",קילוגרמים,1.75,"ק""ג",false,,49.90,28.5143,true,1,215286
7290109580050,false,נקניקיות צ'וריסוס וונדרס 0% בשר טבעוני ללא גלוטן,זוגלובק וונדרס Wonders,IL,נקניקיות צ'וריסוס 22,גרמים,226.00,100 גרם,false,,29.90,0.1323,true,1,261585
7290109580067,false,"טחון וונדרס 0% בשר , טבעוני",זוגלובק וונדרס Wonders,IL,טחון 340 גר' WONDERS,גרמים,340.00,100 גרם,false,,29.90,0.0879,true,1,261586
7290109580098,false,קבנוס בטעם סרירצ'ה 135 ג' זוגלובק,זוגלובק,IL,קבנוס בטעם סרירצ'ה 1,גרמים,135.00,100 גרם,false,,10.00,0.0741,true,1,261830
7290109580104,false,זוגלובק פרימיום רוסטביף 150 גרם,זוגלובק,IL,רוסטביף 150 גר' פרמי,גרמים,150.00,100 גרם,false,,25.90,0.1727,true,1,259344
7290109580111,false,"צלעות אסאדו מעושנות פרימיום, 120 גרם",זוגלובק,IL,צלעות אסאדו מעושנת פ,גרמים,120.00,100 גרם,false,,25.90,0.2158,true,1,261411
7290109580135,false,קורנדביף פרימיום 180 גרם זוגלובק,זוגלובק,IL,קורנביף 180 גר' פרימ,גרמים,180.00,100 גרם,false,,25.90,0.1439,true,1,218776
7290109580159,false,זוגלובק פרימיום פסטרמה בנוסח טוסקנה 200,זוגלובק,IL,פסטרמה בנוסח טוקסנה,גרמים,180.00,100 גרם,false,,25.90,0.1439,true,1,259347
7290109580166,false,סרוולד קלאסי פרימיום 150 גרם זוגלובק,זוגלובק,IL,סרוולד קלאסי 150 גר',גרמים,150.00,100 גרם,false,,25.90,0.1727,true,1,259346
7290109580210,false,נקנקיות ריינהולד'ס הצרפתיה זוגלובק 300 ג',זוגלובק,IL,נקניקיות ריינהולד'ס,גרמים,300.00,100 גרם,false,,19.90,0.0663,true,1,260974
7290109580227,false,נקניקיות עוף ובקר בסגנון ברלינאי קאריוורסט,זוגלובק,IL,נקניקיות ריינהולד'ס,גרמים,300.00,100 גרם,false,,19.90,0.0663,true,1,260975
7290109580241,false,נאגטס מן הצומח זוגלובק 500 גרם,זוגלובק טבע,IL,נאגטס מן הצומח 500 ג,גרמים,500.00,100 גרם,false,,22.90,0.0458,true,1,262912
7290109580319,false,"בורגר וונדרס 0% בשר , טבעוני",זוגלובק וונדרס Wonders,IL,בורגר 280 גר' WONDER,גרמים,280.00,100 גרם,false,,29.90,0.1068,true,1,261588
7290109580432,false,פסטרמה חזה הודו מעושן 120 גר' זוגלובק,זוגלובק,IL,פסטרמה חזה הודו מעוש,גרמים,120.00,100 גרם,false,,13.90,0.1158,true,1,263106
7290109580449,false,סלמי בטעם כמהין פרימיום 180 ג' זוגלובק,זוגלובק,IL,סלמי בטעם כמהין פרימ,גרמים,180.00,100 גרם,false,,25.90,0.1439,true,1,263283
7290109920061,false,ספריי מסיר מדבקות שומן וחומרים נדבקים,ריינבו,CN,ספריי מסיר מדבקות יע,מיליליטרים,450.00,"100 מ""ל",false,,27.90,0.0620,true,1,261036
7290109920146,false,"דורגול מסיר אבנית מקומקומים 750 מ""ל",יעקובי דורגול,,דורגול מסיר אבנית מק,מיליליטרים,750.00,"100 מ""ל",false,,19.90,0.0265,true,1,194300
7290109920153,false,"מלבין לכביסה לבנה לובן צח, 790 גרם יעקבי",יעקובי,US,לובן צח לכביסה לבנה,גרמים,790.00,100 גרם,false,,25.90,0.0328,true,1,196092
7290109920221,false,"ספריי שימון ותחזוקה ג'מבו 235 מ""ל",ריינבואו,CN,ספריי שימון ג'מבו יע,מיליליטרים,235.00,"100 מ""ל",false,,10.00,0.0426,true,1,196904
7290109920313,false,"אסטוניש מרסס לניקוי חלונות 750 מ""ל",יעקבי- אסטוניש Astonish,GB,אסטוניש מרסס מבריק ח,מיליליטרים,750.00,"100 מ""ל",false,,11.90,0.0159,true,1,200239
7290109920320,false,"אסטוניש ספריי משמיד עובש 750מ""ל",יעקובי אסטוניש,GB,אסטוניש מרסס משמיד ע,מיליליטרים,750.00,"100 מ""ל",false,,11.90,0.0159,true,1,200240
7290109920580,false,"מרסס עם אקונומיקה אסטוניש 750 מ""ל",יעקובי אסטוניש,GB,אסטוניש מרסס אקונומי,מיליליטרים,750.00,"100 מ""ל",false,,11.90,0.0159,true,1,200241
7290109920603,false,"אסטוניש קרם לניקוי המטבח 500 מ""ל",יעקבי- אסטוניש Astonish,IL,אסטוניש קרם לניקוי ה,מיליליטרים,500.00,"100 מ""ל",false,,12.90,0.0258,true,1,201770
7290109920627,false,"אסטוניש קרם ואקונומיקה לניקוי אמבטיות 500 מ""ל",יעקובי אסטוניש,GB,אסטוניש קרם אמבט עם,מיליליטרים,500.00,"100 מ""ל",false,,9.90,0.0198,true,1,201135
7290109920658,false,"אסטוניש - מרסס אנטי בקטריאלי למטבח 750 מ""ל",יעקובי אסטוניש,GB,אסטוניש מרסס אנטי בק,מיליליטרים,750.00,"100 מ""ל",false,,11.90,0.0159,true,1,200243
7290109920665,false,"אסטוניש - מרסס מסיר אוכל שרוף במטבח 750 מ""ל",יעקבי- אסטוניש Astonish,GB,אסטוניש מרסס מסיר או,מיליליטרים,750.00,"100 מ""ל",false,,11.90,0.0159,true,1,200244
7290109920795,false,אסטוניש נוזל לניקוי כללי לבנדר 1 ליטר,יעקובי אסטוניש,,אסטוניש רב תכליתי לב,ליטרים,1.00,ליטר,false,,9.90,9.9000,true,1,201136
7290109920825,false,צמד-דורגול אספרסו + דורגול מקציף חלב מתנה,יעקובי דורגול,CH,דורגול אספרסו,מיליליטרים,500.00,"100 מ""ל",false,,26.90,0.0538,true,1,205022
7290109920832,false,"נ.ניקוי דורגול לניקוי מקציף חלב 500 מ""ל",יעקובי דורגול,CH,דורגול לניקוי מקציף,מיליליטרים,500.00,"100 מ""ל",false,,24.90,0.0498,true,1,205025
7290109920849,false,"אסטוניש - מרסס לניקוי כללי בניחוח תפוז 750 מ""ל",יעקבי- אסטוניש Astonish,GB,אסטוניש מרסס תפוז לנ,מיליליטרים,750.00,"100 מ""ל",false,,11.90,0.0159,true,1,200245
7290109920917,false,"ג'ל הפי לניקוי האסלה עם כלור 750 מ""ל",וונדפוט,,הפי לניקוי האסלה עם,מיליליטרים,750.00,"100 מ""ל",false,,9.90,0.0132,true,1,203201
7290109921303,false,טורבול סופג לחות 2 מגשיות,יעקובי,SE,טורבול סופג לחות יעק,גרמים,200.00,100 גרם,false,,26.90,0.1345,true,1,205174
7290109921334,false,אידאל דפי כביסה 15 יח' יעקבי,יעקובי,ES,אדיאל פרוטקט מונע הע,יחידה,0.00,יחידה,false,,17.90,0.0000,true,1,205753
7290109921372,false,אסטוניש משחה לניקוי תנורים וגריל+ספוג 250 גר',יעקובי אסטוניש,GB,משחת אסטוניש+ספוג לנ,גרמים,250.00,100 גרם,false,,17.90,0.0716,true,1,207008
7290109921389,false,נוזל מקצועי לניקוי רצפות השיפוצניק יעקבי,יעקובי,TR,השיפוצניק שטיפת רצפו,מיליליטרים,900.00,"100 מ""ל",false,,19.90,0.0221,true,1,207009
7290109921488,false,"דורגול לניקוי וחיטוי מכונת הכביסה 500 מ""ל",יעקובי דורגול,CH,דורגול למכונת כביסה,מיליליטרים,500.00,"100 מ""ל",false,,27.90,0.0558,true,1,208792
7290109921563,false,יעקבי רצפות שיש 1.25 ליטר,וונדפוט,BE,יעקובי רצפות שיש 1.2,ליטרים,1.25,ליטר,false,,15.90,12.7200,true,1,209209
7290109921570,false,יעקבי רצפות לניקוי פרקט 1.25 ליטר,וונדפוט,BE,יעקובי לניקוי פרקט 1,ליטרים,1.25,ליטר,false,,15.90,12.7200,true,1,209210
7290109921587,false,רצפות גרניט פורצלן ייבוש מהיר ללא סימנים,וונדפוט,BE,יעקובי רצפות גרניט פ,ליטרים,1.25,ליטר,false,,15.90,12.7200,true,1,209211
7290109921686,false,מטליות לחות פוליבוי לניקוי רהיטים 24 יח',יעקובי,DE,פוליבוי 24 מטליות לח,יחידה,0.00,יחידה,false,,11.90,0.0000,true,1,211367
7290109921723,false,"דורגול ג'ל לאסלה 750 מ""ל",יעקובי דורגול,,דורגול ג'ל לאסלה 750,מיליליטרים,750.00,"100 מ""ל",false,,17.90,0.0239,true,1,217775
7290109921853,false,אסטוניש המשחה המקורית לניקוי עם עוצמה,יעקבי- אסטוניש Astonish,GB,אסטוניש משחת פרימיום,גרמים,150.00,100 גרם,false,,17.90,0.1193,true,1,215150
7290109921952,false,גל כביסה סופר אקלור ירוק 2.5 ליטר,וונדפוט,IL,ג'ל כביסה מרוכז לכבי,ליטרים,2.50,ליטר,false,,28.90,11.5600,true,1,217272
7290109921969,false,גל כביסה צבע סופרו כחול 2.5 ליטר,וונדפוט,IL,ג'ל כביסה מרוכז לכבי,ליטרים,2.50,ליטר,false,,28.90,11.5600,true,1,217273
7290109921976,false,גל כביסה תינוק סופר לבן 2.5 ליטר,וונדפוט,IL,ג'ל כביסה מרוכז לתינ,ליטרים,2.50,ליטר,false,,28.90,11.5600,true,1,217274
7290109922843,false,האקונומיקה המובילה באירופה נוסחה ייחודית מרוכז 2 ל,,BE,אקונומיקה 2 ליטר יעק,ליטרים,2.00,ליטר,false,,9.90,4.9500,true,1,262041
7290109922881,false,"דורגול מרסס למטבח 600 מ""ל",יעקובי דורגול,IL,דורגול מרסס למטבח 60,מיליליטרים,600.00,"100 מ""ל",false,,19.90,0.0332,true,1,262129
7290109922911,false,דזיטול חיטוי נעליים מפטריות חיידקים וריחות 150מל,מרקה,ES,דזיטול ספריי לחיטוי,מיליליטרים,150.00,"100 מ""ל",false,,17.90,0.1193,true,1,260695
7290109923024,false,"אסטוניש - מרסס פרמיום ארומטיק למטבח 750 מ""ל",יעקובי אסטוניש,GB,אסטוניש מרסס פרימיום,מיליליטרים,750.00,"100 מ""ל",false,,13.90,0.0185,true,1,261506
7290109923031,false,"מרסס פרמיום ארומטיק למקלחון 750 מ""ל אסטוניש",יעקובי אסטוניש,GB,אסטוניש מרסס פרימיום,מיליליטרים,750.00,"100 מ""ל",false,,13.90,0.0185,true,1,261507
7290109923048,false,"אסטוניש - מרסס פרמיום ארומטיק לכל הבית 750 מ""ל",יעקובי אסטוניש,GB,אסטוניש מרסס פרימיום,מיליליטרים,750.00,"100 מ""ל",false,,13.90,0.0185,true,1,261508
7290109923079,false,דזיטול נוזל מרוכז לחיטוי כללי ולרצפות 2 ליטר,מרקה,ES,דזיטול נוזל מרוכז לח,ליטרים,2.00,ליטר,false,,19.90,9.9500,true,1,262669
7290109923093,false,"אסטוניש - קרם כיריים הלוגן ומיקרו 500 מ""ל",יעקובי אסטוניש,IL,אסטוניש קרם כיריים ה,מיליליטרים,500.00,"100 מ""ל",false,,13.90,0.0278,true,1,262662
7290109923109,false,סבון אסלה 5 צדפות +אקונומיקה 2 יח',יעקובי,IL,סבון אסלה 5 צדפות+אק,יחידה,0.00,יחידה,false,,12.90,0.0000,true,1,262663
7290109923147,false,אסטוניש מהדורה פרימיום פלא של אקונומיקה,יעקבי- אסטוניש Astonish,GB,אסטוניש פלא של אקונו,מיליליטרים,750.00,"100 מ""ל",false,,13.90,0.0185,true,1,262670
7290110000066,false,דבש מגובש פרחי דרדר,,,דבש מגובש פרחי דרדר,גרמים,500.00,100 גרם,false,,27.90,0.0558,true,1,211466
7290110000301,false,דבש מגובש פרחי אבוקד,,,דבש מגובש פרחי אבוקד,גרמים,500.00,100 גרם,false,,27.90,0.0558,true,1,210802
7290110000424,false,"שיבולת שועל 1 ק""ג",,,"שיבולת שועל 1 ק""ג",קילוגרמים,1.00,"ק""ג",false,,7.50,7.5000,true,1,212261
7290110000431,false,שיבולת שועל אינסטנט,,,שיבולת שועל אינסטנט,קילוגרמים,1.00,"100 ק""ג",false,,7.50,7.5000,true,1,213086
7290110000493,false,חמאת בוטנים טבעית קראנצ'י 350 גר',"בטר אנד דיפרנט בע""מ",IL,חמאת בוטנים טבעית קר,גרמים,350.00,100 גרם,false,,12.90,0.0369,true,1,210821
7290110000646,false,דבש דבורים אורגני 50,,,דבש דבורים אורגני 50,גרמים,500.00,100 גרם,false,,32.90,0.0658,true,1,210803
7290110001445,false,איטריות דקות מקמח כוסמין מלא 200 גר'.,גיי אפ פי ייצור מזון,IL,איטריות דקות מקמח כו,גרמים,200.00,100 גרם,false,,8.90,0.0445,true,1,215526
7290110001780,false,ממרח בוטנים בתוספת ס,,,ממרח בוטנים בתוספת ס,גרמים,350.00,100 גרם,false,,14.90,0.0426,true,1,260921
7290110001858,false,"חומץ תפוחים עם חומץ 6% חומציות 250 מ""ל",,,חומץ תפוחים 6%,מיליליטרים,250.00,"100 מ""ל",false,,8.50,0.0340,true,1,217884
7290110002176,false,דבש לחיץ מפרחי דרדר,,,דבש לחיץ מפרחי דרדר,גרמים,250.00,100 גרם,false,,16.90,0.0676,true,1,263192
7290110002183,false,דבש לחיץ מפרחי בר 40,,,דבש לחיץ מפרחי בר 40,גרמים,400.00,100 גרם,false,,21.00,0.0525,true,1,261935
7290110058869,false,מארז שלישיית ביצי שוקולד סמי הכבאי,שמחה זה אנחנו,IT,שלישיית ביצי שוקולד,יחידה,0.00,יחידה,false,,12.90,0.0000,true,1,208289
7290110110277,false,"סומרסבי סיידר תפוחים אלכוהולי 4*300 מ""ל","קרלסברג קרואטיה , יב",IL,סומרסבי רביעייה סייד,מיליליטרים,1320.00,"100 מ""ל",false,,35.90,0.0272,true,1,202817
7290110110369,false,שישיית בירה קרלסברג LUMA בקבוק 330 מל,מבשלות בירה בינלאומי,IL,שישיה קרלסברג לומה ל,מיליליטרים,1980.00,"100 מ""ל",false,,37.90,0.0191,false,1,213520
7290110110451,false,פריגת צלול ענבים 0.5 ליטר,פריגת,IL,פריגת צלול בטעם ענבי,מיליליטרים,500.00,"100 מ""ל",false,,5.50,0.0110,true,1,202645
7290110110475,false,"פריגת צלול אננס מ""ל 500 מ""ל",מבשלות בירה בינלאומי,IL,פריגת צלול אננס 500,מיליליטרים,500.00,"100 מ""ל",false,,5.50,0.0110,true,1,202647
7290110110574,false,"קוקה קולה זירו לימון פחית 330 מ""ל",החברה המרכזית לייצור,IL,קוקה קולה זירו לימון,מיליליטרים,330.00,"100 מ""ל",false,,4.50,0.0136,true,1,203168
7290110110635,false,ספרייט 0.5 ליים חייב פקדון,החברה המרכזית לייצור,IL,"ספרייט ליים 500 מ""ל",מיליליטרים,500.00,"100 מ""ל",false,,6.00,0.0120,false,1,201960
7290110110659,false,"ספרייט לימון ליים פחית 330מ""ל",החברה המרכזית לייצור,IL,ספרייט ליים פחית 330,מיליליטרים,330.00,"100 מ""ל",false,,4.90,0.0148,true,1,201961
7290110110703,false,מארז ספרייט שישייה פחיות FRIDGE PACK,קוקה קולה ישראל,IL,מארז ספרייט ליים פחי,ליטרים,1.98,ליטר,false,,22.00,11.1111,false,1,201958
7290110111557,false,"משקה ספורט איזוטוני בטעם פירות 500 מ""ל פאוורייד",פאווראייד POWERADE,IT,משקה ספורט איזוטוני,מיליליטרים,500.00,"100 מ""ל",false,,9.50,0.0190,true,1,205040
7290110111809,false,"מארז פחיות פאנטה אורנג' שישייה 330 מ""ל",החברה המרכזית לייצור,IL,מארז פאנטה פחיות שיש,ליטרים,1980.00,100 ליטר,false,,22.00,0.0111,false,1,206865
7290110113261,false,נקטר אושן ספריי 19 קלוריות חמוציות 1 ליטר,קריות זול,IL,חמוציות אושן ספריי 1,ליטרים,1.00,ליטר,false,,12.90,12.9000,false,1,219984
7290110113377,false,מארז רביעיות קוקה קולה 1 ליטר,קוקה קולה,IL,מארז רביעיה קוקה קול,ליטרים,4.00,ליטר,false,,27.00,6.7500,false,1,263140
7290110113384,false,קוקה קולה זירו מארז רביעיה 1X4 ליטר,קוקה קולה,IL,מארז רביעיה קולה זיר,ליטרים,4.00,ליטר,false,,25.90,6.4750,false,1,263141
7290110113476,false,בירה קרלסברג ללא אלכוהול - שישייה,קרלסברג רומניהיבואן:,IL,שישיה קרלסברג 0% אלכ,מיליליטרים,1980.00,"100 מ""ל",false,,31.90,0.0161,false,1,211269
7290110113490,false,"פיוז טי אפרסק 19 קלוריות 500 מ""ל",מבשלות בירה בינלאומי,IL,פיוז תה 0.5 ליטר אפר,מיליליטרים,500.00,"100 מ""ל",false,,6.50,0.0130,true,1,213329
7290110113605,false,בירה שקמה אי פי איי,מבשלות בירה בינלאומי,IL,"בירה שקמה בק' 330 מ""",מיליליטרים,330.00,"100 מ""ל",false,,12.90,0.0391,true,1,262151
7290110113636,false,"בירה שקמה מרצן לאגר בק 330 מ""ל",מבשלות בירה בינלאומי,IL,בירה שקמה מרצ'ן לאגר,מיליליטרים,330.00,"100 מ""ל",false,,12.90,0.0391,true,1,262153
7290110113926,false,פאנטה ZERO אורנג 0.5 חייב פקדון,החברה המרכזית לייצור,IL,פאנטה זירו אורנג' 50,מיליליטרים,500.00,"100 מ""ל",false,,6.00,0.0120,false,1,215753
7290110114787,false,נביעות+ מים מינרליים בטעם תפוח 1.5 ליטר,נביעות טבע הגליל בעמ,IL,נביעות + תפוח 1.5 לי,ליטרים,1.50,ליטר,false,,8.90,5.9333,false,1,259783
7290110114794,false,נביעות+ מים מינרליים בטעם אפרסק 1.5 ליטר,"נביעות טבע הגליל בע""",IL,נביעות + אפרסק 1.5 ל,ליטרים,1.50,ליטר,false,,8.90,5.9333,false,1,259784
7290110114800,false,נביעות+ מים מינרליים בטעם ענבים 1.5 ליטר,פארייפאבה אגרואינדוס,IL,נביעות + ענבים 1.5 ל,ליטרים,1.50,ליטר,false,,8.90,5.9333,false,1,259785
7290110114855,false,"נביעות מים מינרליים, שישיה 6 * 1.5 ליטר פקדון",נביעות טבע הגליל בעמ,IL,שישיה נביעות 1.5 ליט,ליטרים,9.00,ליטר,false,,12.90,1.4333,false,1,259790
7290110114886,false,פריגת סחוט טרי קלמנטינה 2 ליטר,פריגת מצוננים,IL,סחוט קלמנטינה 2 ליטר,ליטרים,2.00,ליטר,false,,29.90,14.9500,false,1,260488
7290110114893,false,פריגת סחוט טרי תפוז 2 ליטר,היינץ צפון אמריקה מק,IL,סחוט תפוז 2 ליטר פרי,ליטרים,2.00,ליטר,false,,29.90,14.9500,false,1,260489
7290110114909,false,"100% מיץ תפוחים צלול עשוי מרכז, 2 ליטר",היינץ צפון אמריקה מק,IL,סחוט תפוח צלול 2 ליט,ליטרים,2.00,ליטר,false,,29.90,14.9500,false,1,260490
7290110114916,false,פריגת סחוט לימון נענע 2 ליטר,פריגת מצוננים,IL,סחוט לימונענע 2 ליטר,ליטרים,2.00,ליטר,false,,29.90,14.9500,false,1,260491
7290110114954,false,מיץ תפוזים מתקתקים 100% 2 ל' פריגת,פריגת מצוננים,IL,תפוזים מתקתק 100% 2,ליטרים,2.00,ליטר,false,,22.90,11.4500,false,1,260493
7290110114961,false,משקה קל תפוזים פריגת 1.5 ליטר,מבשלות בירה בינלאומי,IL,פריגת תפוז 1.5 ליטר,ליטרים,1.50,ליטר,false,,9.00,6.0000,false,1,259792
7290110114985,false,משקה קל אשכולית פריגת 1.5 ליטר,מבשלות בירה בינלאומי,IL,פריגת אשכולית 1.5 לי,ליטרים,1.50,ליטר,false,,9.00,6.0000,false,1,259794
7290110114992,false,משקה קל לייט אשכולית פריגת 1.5 ליטר,מבשלות בירה בינלאומי,IL,פריגת Light אשכולית,ליטרים,1.50,ליטר,false,,8.60,5.7333,false,1,259795
7290110115005,false,משקה קל ענבים פריגת 1.5 ליטר,מבשלות בירה בינלאומי,IL,פריגת ענבים 1.5 ליטר,ליטרים,1.50,ליטר,false,,9.00,6.0000,false,1,259796
7290110115029,false,"פריגת משק""ל תפוח 1.5 ליטר פיקדון",מבשלות בירה בינלאומי,IL,"פריגת משק""ל תפוח 1.5",ליטרים,1.50,ליטר,false,,9.00,6.0000,false,1,259798
7290110115036,false,פריגת מנגו 1.5 ליטר פיקדון,מבשלות בירה בינלאומי,IL,פריגת מנגו 1.5 ליטר,ליטרים,1.50,ליטר,false,,9.00,6.0000,false,1,259799
7290110115043,false,פריגת לימונענע 1.5 ליטר פיקדון,מבשלות בירה בינלאומי,IL,פריגת לימונענע 1.5 ל,ליטרים,1.50,ליטר,false,,9.00,6.0000,false,1,259800
7290110115050,false,פריגת מיקס תות בננה 1.5 ליטר פיקדון,מבשלות בירה בינלאומי,IL,פריגת מיקס תות בננה,ליטרים,1.50,ליטר,false,,9.00,6.0000,false,1,259801
7290110115081,false,פריגת צלול ענבים 1.5 ליטר פיקדון,מבשלות בירה לישראל ב,IL,פריגת צלול ענבים 1.5,ליטרים,1.50,ליטר,false,,8.60,5.7333,false,1,259804
7290110115104,false,פריגת צלול אפרסק 1.5 ליטר פיקדון,מבשלות בירה בינלאומי,IL,פריגת צלול אפרסק 1.5,ליטרים,1.50,ליטר,false,,8.60,5.7333,false,1,259806
7290110115111,false,פריגת צלול אננס 1.5 ליטר פיקדון,מבשלות בירה לישראל ב,IL,פריגת צלול אננס 1.5,ליטרים,1.50,ליטר,false,,8.60,5.7333,false,1,259807
7290110115128,false,פריגת צלול בטעם לימונענע 1.5 ליטר פיקדון,מבשלות בירה לישראל ב,IL,פריגת צלול בטעם לימו,ליטרים,1.50,ליטר,false,,8.60,5.7333,false,1,259808
7290110115203,false,קוקה קולה 1.5 ליטר פיקדון,קוקה קולה Coca Cola,IL,קוקה קולה 1.5 ליטר פ,ליטרים,1.50,ליטר,false,,8.90,5.9333,false,1,259941
7290110115210,false,דיאט קוקה קולה 1.5 ליטר פיקדון,קוקה קולה Coca Cola,IL,דיאט קוקה קולה 1.5 ל,ליטרים,1.50,ליטר,false,,8.50,5.6667,false,1,259942
7290110115227,false,קוקה-קולה זירו בקבוק 1.5 ליטר,קוקה קולה Coca Cola,IL,קולה זירו 1.5 ליטר פ,ליטרים,1.50,ליטר,false,,8.50,5.6667,false,1,259943
7290110115234,false,קוקה-קולה זירו נטול בקבוק 1.5 ליטר,החברה המרכזית לייצור,IL,קולה זירו נטול 1.5 ל,ליטרים,1.50,ליטר,false,,8.50,5.6667,false,1,259944
7290110115241,false,קוקה-קולה זירו לימון בקבוק 1.5 ליטר,החברה המרכזית לייצור,IL,קולה זירו לימון 1.5,ליטרים,1.50,ליטר,false,,8.50,5.6667,false,1,259945
7290110115258,false,קוקה-קולה זירו מנגו בקבוק 1.5 ליטר,החברה המרכזית לייצור,IL,קולה זירו מנגו 1.5 ל,ליטרים,1.50,ליטר,false,,8.50,5.6667,false,1,259946
7290110115265,false,ספרייט לימון ליים 1.5 ליטר-,החברה המרכזית לייצור,IL,ספרייט 1.5 ליטר LIM,ליטרים,1.50,ליטר,false,,8.90,5.9333,false,1,259956
7290110115272,false,ZERO ספרייט 1.5 ליטר פיקדון,החברה המרכזית לייצור,IL,ZERO ספרייט 1.5 ליטר,ליטרים,1.50,ליטר,false,,8.50,5.6667,false,1,259957
7290110115289,false,ספרייט 19 קל' לימון-נענע 1.5 ליטר פיקדון,החברה המרכזית לייצור,IL,ספרייט 19 קל' לימון-,ליטרים,1.50,ליטר,false,,8.50,5.6667,false,1,259958
7290110115302,false,משקה מוגז אורנג' זירו פאנטה 1.5 ליטר,החברה המרכזית לייצור,IL,פאנטה ZERO אורנג' 1.,ליטרים,1.50,ליטר,false,,8.50,5.6667,false,1,259960
7290110115319,false,פאנטה אקזוטיק 1.5 ליטר פיקדון,החברה המרכזית לייצור,IL,פאנטה אקזוטיק 1.5 לי,ליטרים,1.50,ליטר,false,,8.90,5.9333,false,1,259961
7290110115333,false,פאנטה תות 1.5 ליטר פיקדון,החברה המרכזית לייצור,IL,פאנטה תות 1.5 ליטר פ,ליטרים,1.50,ליטר,false,,8.90,5.9333,false,1,259963
7290110115340,false,פאנטה ענבים 1.5 ליטר פיקדון,קוקה קולה,IL,פאנטה ענבים 1.5 ליט,ליטרים,1.50,ליטר,false,,8.90,5.9333,false,1,259964
7290110115357,false,קינלי סודה 1.5 ליטר פיקדון,קריות זול,IL,קינלי סודה 1.5 ליטר,ליטרים,1.50,ליטר,false,,4.20,2.8000,false,1,259971
7290110115364,false,שישייה קוקה קולה 1.5 ליטר פיקדון,החברה המרכזית לייצור,IL,קוקה קולה שישיות 1.5,ליטרים,9.00,ליטר,false,,51.00,5.6667,false,1,259947
7290110115371,false,דיאט קוקה קולה שישיות 1.5 ליטר פיקדון,החברה המרכזית לייצור,IL,דיאט קוקה קולה שישיו,ליטרים,9.00,ליטר,false,,47.80,5.3111,false,1,259948
7290110115388,false,ספרייט ליים שישיות 1.5 ליטר פיקדון,החברה המרכזית לייצור,IL,ספרייט LIME שישיות 1,ליטרים,9.00,ליטר,false,,51.00,5.6667,false,1,259966
7290110115395,false,ZERO ספרייט שישיות 1.5 ליטר פיקדון,החברה המרכזית לייצור,IL,ZERO ספרייט שישיות 1,ליטרים,9.00,ליטר,false,,47.80,5.3111,false,1,259967
7290110115401,false,קינלי סודה שישייה 1.5 ליטר פיקדון,החברה המרכזית לייצור,IL,קינלי סודה שישייה 1.,ליטרים,9.00,ליטר,false,,15.70,1.7444,false,1,259972
7290110115418,false,מארז שישייה קוקה קולה זירו 1.5 ל',החברה המרכזית לייצור,IL,קולה זירו שישיות 1.5,ליטרים,9.00,ליטר,false,,47.80,5.3111,false,1,259949
7290110115425,false,FUZE TEA גרין לימונענע -נענע 1.5 ליטר פיקדון,מבשלות בירה בינלאומי,IL,FUZE tea גרין לימון-,ליטרים,1.50,ליטר,false,,8.90,5.9333,false,1,259973
7290110115449,false,אייס תה בטעם מנגו אננס 1.5ל' FUZE TEA,מבשלות בירה בינלאומי,IL,FUZE tea מנגו אננס 1,ליטרים,1.50,ליטר,false,,9.50,6.3333,false,1,259975
7290110115456,false,"תה קר בטעם אפרסק 19 קלוריות ב- 100 מ""ל",מבשלות בירה בינלאומי,IL,FUZE tea אפרסק 19 קל,ליטרים,1.50,ליטר,false,,8.90,5.9333,false,1,259976
7290110115463,false,פיוז טי אפרסק 1.5 ליטר פיקדון,מבשלות בירה בינלאומי,IL,FUZE tea אפרסק 1.5 ל,ליטרים,1.50,ליטר,false,,9.50,6.3333,false,1,259977
7290110115494,false,תה קר בטעם ענבים פיוז טי 1.5 ליטר,מבשלות בירה בינלאומי,IL,FUZE tea ענבים 1.5 ל,ליטרים,1.50,ליטר,false,,9.50,6.3333,false,1,259980
7290110115531,false,משקה מוגז תפוח זירו פאנטה 1.5 ליטר,החברה המרכזית לייצור,IL,פאנטה ZERO תפוח 1.5,ליטרים,1.50,ליטר,false,,8.50,5.6667,false,1,259965
7290110115586,false,פריגת תפוזים 40% פחות סוכר 1.5 ליטר פיקדון,מבשלות בירה בינלאומי,IL,פריגת תפוזים 40% פחו,ליטרים,1.50,ליטר,false,,8.60,5.7333,true,1,259809
7290110115593,false,פריגת אשכוליות 40% פחות סוכר 1.5 ליטר פיקדון,מבשלות בירה בינלאומי,IL,פריגת אשכוליות 40% פ,ליטרים,1.50,ליטר,false,,8.60,5.7333,true,1,259810
7290110115616,false,FUZE tea zero גרין אננס 1.5 ליטר פיקדון,מבשלות בירה בינלאומי,IL,פיוז טי זירו גרין אנ,ליטרים,1.50,ליטר,false,,8.90,5.9333,false,1,260612
7290110115623,false,משקה פיוז טי זירו ZERO בטעם אפרסק,מבשלות בירה בינלאומי,IL,פיוז טי זירו אפרסק 1,מיליליטרים,1.50,"מ""ל",false,,8.90,5.9333,false,1,260613
7290110115777,false,מים מינרליים נביעות 1.5 ל,נביעות,,בק' נביעות 1.5 ליטר,ליטרים,1.50,ליטר,false,,3.60,2.4000,false,1,260685
7290110115845,false,קוקה קולה 1.5 ליטר פיקדון,"אינסטנטה בע""מ",IL,קוקה קולה רגיל 1.5 ל,ליטרים,1.50,ליטר,false,,8.90,5.9333,false,1,260711
7290110115869,false,קוקה קולה זירו 1.5 ליטר פיקדון,תות תעשיות מזון (201,IL,קולה זירו 1.5 ליטר פ,ליטרים,1.50,ליטר,false,,8.50,5.6667,false,1,260663
7290110116064,false,פאנטה ZERO פירות ירוק 1.5 ליטר פיקדון,החברה המרכזית לייצור,IL,פאנטה זירו פירות ירו,ליטרים,1.50,ליטר,false,,8.50,5.6667,false,1,262592
7290110116125,false,סירופ בטעם פטל 750 מל פריגת,סירופ - גבעת חיים,IL,סירופ בטעם פטל,מיליליטרים,750.00,"100 מ""ל",false,,22.90,0.0305,true,1,263138
7290110116132,false,סירופ בטעם לימון 750 מל פריגת,סירופ - גבעת חיים,IL,סירופ בטעם לימון,מיליליטרים,750.00,"100 מ""ל",false,,22.90,0.0305,true,1,263137
7290110116149,false,סירופ בטעם ענבים 750 מל פריגת,סירופ - גבעת חיים,IL,סירופ בטעם ענבים 750,מיליליטרים,750.00,"100 מ""ל",false,,22.90,0.0305,true,1,263135
7290110116194,false,נביעות+ סדרת 0 קלוריות לימון-ליים 1.5 לי,"נביעות טבע הגליל בע""",IL,נביעות+ לימון-ליים 1,ליטרים,1.50,ליטר,false,,9.50,6.3333,false,1,263129
7290110116200,false,מים 0 קלוריות בטעם לימון-ליים 0.5 ל נביעות,"נביעות טבע הגליל בע""",TW,נביעות+ לימון-ליים 0,מיליליטרים,500.00,"100 מ""ל",false,,6.00,0.0120,true,1,263132
7290110116217,false,נביעות+ סדרת 0 קלוריות אשכוליות 1.5 ליטר,"נביעות טבע הגליל בע""",IL,נביעות+ אשכוליות 1.5,ליטרים,1.50,ליטר,false,,9.50,6.3333,false,1,263128
7290110116224,false,נביעות 0 קלוריות בטעם אשכולית 0.5 ליטר,"נביעות טבע הגליל בע""",TW,נביעות+ אשכוליות 0.5,מיליליטרים,500.00,"100 מ""ל",false,,6.00,0.0120,true,1,263130
7290110116385,false,קוקה קולה זירו מרשמלו פחית 330 מל,החברה המרכזית למשקאו,IL,פחית קולה זירו אבטיח,מיליליטרים,330.00,"100 מ""ל",false,,4.50,0.0136,false,1,263397
7290110116392,false,סירופ בטעם תפוזים 750 מל פריגת,סירופ - גבעת חיים,IL,סירופ בטעם תפוזים,מיליליטרים,750.00,"100 מ""ל",false,,22.90,0.0305,true,1,263139
7290110116484,false,פריגת סחוט מיקס תות בננה 1ליטר,פריגת מצוננים,IL,פריגת מיקס תות בננה,ליטרים,1.00,ליטר,false,,16.00,16.0000,true,1,264478
7290110116491,false,פריגת סחוט מיקס אפרסק משמש 1ליטר,פריגת מצוננים,IL,פריגת מיקס אפרסק משמ,ליטרים,1.00,ליטר,false,,16.00,16.0000,true,1,264479
7290110116507,false,פריגת סחוט מיקס אננס בננה אגס 1ליטר,פריגת מצוננים,IL,פריגת מיקס אננס בננה,ליטרים,1.00,ליטר,false,,16.00,16.0000,true,1,264480
7290110116552,false,ספרייט לימון היט 1.5 ליטר LIME פיקדון,החברה המרכזית לייצור,IL,ספרייט למון היט 1.5,ליטרים,1.50,ליטר,false,,8.90,5.9333,false,1,264180
7290110116569,false,"ספרייט זירו ZERO בק LEMON HIT, 1.5 ליטר",החברה המרכזית לייצור,IL,זירו ספרייט למון היט,ליטרים,1.50,ליטר,false,,8.50,5.6667,false,1,264179
7290110116576,false,"ספרייט זירו למון היט 500 מ""ל",החברה המרכזית לייצור,IL,ספרייט זירו לימון הי,מיליליטרים,500.00,"100 מ""ל",false,,6.00,0.0120,false,1,264181
7290110320591,false,פיראוס בולגרית מעודנת 16% 250 גר,תנובה חלב,IL,בולגרית 16% פיראוס ב,גרמים,250.00,100 גרם,false,,23.90,0.0956,true,1,197315
7290110320683,false,משקה יופלה 360 בטעם תות אריזת שמיניה,מיוצר עי קונדיטוריית,IL,משקה יופלה תות שמיני,גרמים,856.00,100 גרם,false,,17.90,0.0209,true,1,199240
7290110320850,false,פתיתים גבינה חצי קשה מגורדת 28% שומן,תנובה מרכז שיתופי לש,IL,פתיתי עמק 200 גר,גרמים,200.00,100 גרם,false,,15.90,0.0795,false,1,199849
7290110320867,false,פתיתים גבינה חצי קשה מגורדת 28% שומן,תנובה מרכז שיתופי לש,IL,פתיתי עמק לאפיה 28%,גרמים,500.00,100 גרם,false,,36.90,0.0738,false,1,199629
7290110320935,false,גבינת מוצרלה תנובה 150ג' פרוסות,תנובה מרכז שיתופי לש,IL,פרוסות מוצרלה 150 גר,גרמים,150.00,100 גרם,false,,16.90,0.1127,true,1,199628
7290110321031,false,מעדן חלב GO יוגורט מועשר בחלבון טבעי 200 ג' יופלה,"תנובה, מחלבת אלון תב",IL,יופלה GO,גרמים,200.00,100 גרם,false,,5.80,0.0290,true,1,199172
7290110321277,false,"קוטג' בקטנה 100 גרם, 5% שומן מהדרין",פארייפאבה אגרואינדוס,IL,קוט'ג בקטנה 5% מהדרי,גרמים,100.00,100 גרם,false,,2.60,0.0260,false,1,200108
7290110321284,false,"קוטג' בקטנה 100 גרם, 9% שומן מהדרין",פארייפאבה אגרואינדוס,IL,קוט'ג בקטנה 9% מהדרי,גרמים,100.00,100 גרם,false,,2.60,0.0260,false,1,200109
7290110321604,false,קוביות פיראוס בולגרית מעודנת 5% 200 גרם - רבנות,תנובה חלב,IL,קוביית בולגרית מעודנ,גרמים,230.00,100 גרם,false,,21.90,0.0952,true,1,202805
7290110321680,false,יוגורט GO בטעם תות 20 גרם חלבון בגביע,מיוצר עי קונדיטוריית,IL,יופלה גו בטעמי פירות,גרמים,200.00,100 גרם,false,,6.20,0.0310,true,1,200723
7290110321697,false,יוגורט GO בטעם אפרסק 20 גרם חלבון בגביע,מיוצר עי קונדיטוריית,IL,יופלה גו אפרסק,גרמים,200.00,100 גרם,false,,6.20,0.0310,true,1,200724
7290110321703,false,יוגורט עם פירות יער בתוספת חלבוני חלב 2% שומן,מיוצר עי קונדיטוריית,IL,יופלה גו פירות יער,גרמים,200.00,100 גרם,false,,6.20,0.0310,true,1,202445
7290110322014,false,טופו בטעם טבעי תנובה ALTERNATIVE,שוורצקוף& הנקל דיסלד,IL,טופו טבעי 300 גר,גרמים,300.00,100 גרם,false,,12.90,0.0430,true,1,202574
7290110322021,false,טופו עם בזיליקום תנובה ALTERNATIVE,שוורצקוף& הנקל דיסלד,IL,טופו בזיליקום 300 גר,גרמים,300.00,100 גרם,false,,12.90,0.0430,true,1,202599
7290110322038,false,טופו פיקנטי תנובה ALTERNATIVE,שוורצקוף& הנקל דיסלד,IL,טופו פיקנטי 300 גר,גרמים,300.00,100 גרם,false,,12.90,0.0430,true,1,202575
7290110322946,false,יופלה טיוב יוגורט במרקם חלק בטעם תות בננה כשרות רבנות 348 ג',תנובה חלב,IL,יופלה טיוב תות בננה,גרמים,348.00,100 גרם,false,,12.60,0.0362,false,1,204598
7290110323073,false,"משקה יוגורט יופלה גו תות פטל 250 מ""ל - רבנות",מיוצר עי קונדיטוריית,IL,משקה יוגורט יופלה תו,מיליליטרים,250.00,"100 מ""ל",false,,6.70,0.0268,true,1,204325
7290110323301,false,טל העמק בסגנון אמנטל 32% שומן 200 גרם,פ.פ.ח. שאביט,IL,גבינת טל העמק 32% שו,גרמים,200.00,100 גרם,false,,19.90,0.0995,true,1,205837
7290110323585,false,יופלה יוגורט עם דובדבן מופחת קלוריות 200 ג' GO,יופלה Yoplait,IL,יוגורט עם דבדבן מופח,גרמים,200.00,100 גרם,false,,6.20,0.0310,true,1,204899
7290110323592,false,יופלה יוגורט עם אפרסק מופחת קלוריות 200 ג' GO,יופלה Yoplait,IL,יוגורט עם אפרסק מופח,גרמים,200.00,100 גרם,false,,6.20,0.0310,true,1,204900
7290110323714,false,משקה קוקוס שקדים תנובה E אלטרנטיב,מיוצר עי קונדיטוריית,IL,משקה קוקוס שקדים 1 ל,מיליליטרים,1000.00,"100 מ""ל",false,,12.60,0.0126,true,1,205474
7290110324353,false,יוגורט GO לייט בטעם אננס 20 גרם חלבון בגביע,מיוצר עי קונדיטוריית,IL,יופלה GO לייט אננס,מיליליטרים,200.00,"100 מ""ל",false,,6.20,0.0310,true,1,207484
7290110324551,false,יופלה טיוב יוגורט במרקם חלק תות כשרות מהדרין,תנובה חלב,IL,יופלה טיוב תות,גרמים,348.00,100 גרם,false,,12.60,0.0362,false,1,206338
7290110324711,false,"ממרח סויה בסגנון גבינה טעם טבעי בד""צ",מיוצר עי קונדיטוריית,IL,ממרח סויה 9% בטעם טב,גרמים,250.00,100 גרם,false,,8.90,0.0356,true,1,207526
7290110324728,false,ממרח סויה עם שום שמיר 9% שומן אלטרנטיב,מיוצר עי קונדיטוריית,IL,ממרח סויה 9% עם שום,גרמים,250.00,100 גרם,false,,8.90,0.0356,true,1,207527
7290110324841,false,מעדן שקדים עם שוקולד מריר אלטרנטיב,מיוצר עי קונדיטוריית,IL,מעדן שקדים עם שוקולד,גרמים,125.00,100 גרם,false,,4.40,0.0352,false,1,209575
7290110324858,false,מעדן שקדים בטעם אגוזי לוז אלטרנטיב,מיוצר עי קונדיטוריית,IL,מעדן שקדים בטעם אגוז,גרמים,125.00,100 גרם,false,,4.40,0.0352,true,1,209578
7290110324872,false,גבינה צהובה גלבוע 5% שומן 200 גרם,גלבוע - תנובה,IL,גבינת גלבוע 200ר,גרמים,200.00,100 גרם,false,,18.90,0.0945,false,1,209871
7290110324926,false,משקה סויה ללא תוספת סוכר E אלטרנטיב,תנובה מרכז שיתופי לש,IL,משקה סויה ללא תוספת,מיליליטרים,1000.00,"100 מ""ל",false,,10.60,0.0106,false,1,209835
7290110325084,false,מאגדת שמינייה מיני קרלו שוניל 8*100גרם,תנובה חלב,IL,מאגדת שמינייה מיני ק,גרמים,800.00,100 גרם,false,,14.70,0.0184,true,1,208650
7290110325114,false,"משקה יוגורט יופלה גו לייט תות בננה 250 מ""ל - רבנות",מיוצר עי קונדיטוריית,IL,משקה יוגורט גו לייט,גרמים,250.00,100 גרם,false,,6.70,0.0268,true,1,208225
7290110325121,false,משקה יוגורט יופלה גו לייט מנגו אננס,"תנובה בע""מ",IL,משקה יוגורט גו לייט,גרמים,250.00,100 גרם,false,,6.70,0.0268,true,1,208226
7290110325305,false,מעדן סויה GO מועשר בחלבון במתיקות מעודנת,מיוצר עי קונדיטוריית,IL,מעדן סויה גו 20 גרם,גרמים,200.00,100 גרם,false,,6.10,0.0305,true,1,209566
7290110325312,false,מעדן סויה GO מועשר בחלבון בטעם תות,"תנובה בע""מ",IL,מעדן סויה גו 20 גרם,גרמים,200.00,100 גרם,false,,6.10,0.0305,true,1,209567
7290110325510,false,יופלה טיוב יוגורט במרקם חלק בטעם וניל-יוניקור,"תנובה בע""מ",IL,יופלה טיוב וניל,גרמים,348.00,100 גרם,false,,12.60,0.0362,false,1,210032
7290110325619,false,משקה שיבולת שועל תנובה E אלטרנטיב,מיוצר עי קונדיטוריית,IL,משקה שיבולת שועל 1 ל,ליטרים,1.00,ליטר,false,,12.60,12.6000,true,1,210527
7290110325701,false,פיראוס צזיקי יווני 9% שומן על בסיס יוגורט,גוד פוד פרודקטס S.p,IL,פיראוס צזיקי יווני 9,גרמים,250.00,100 גרם,false,,12.90,0.0516,true,1,211025
7290110325879,false,פתיתי גאודה 200 ג' תנובה,תנובה- השף הלבן,IL,פתיתי גאודה 200 גר',גרמים,200.00,100 גרם,false,,17.90,0.0895,true,1,212105
7290110325893,false,משקה חלב GO מועשר בחלבון בטעם אייס קפה,מיוצר עי קונדיטוריית,IL,תנובה GO אייס קפה 34,מיליליטרים,340.00,"100 מ""ל",false,,8.00,0.0235,true,1,210526
7290110326210,false,יופלה עם פצפוצי שוקולד 167 גרם,מיוצר עי קונדיטוריית,IL,יופלה און טופ פצפוצי,גרמים,157.00,100 גרם,false,,5.10,0.0325,true,1,212106
7290110326227,false,יוגורט און טופ קורנפלקס 157 ג' יופלה,מיוצר עי קונדיטוריית,IL,יופלה און טופ קורנפל,גרמים,157.00,100 גרם,false,,5.10,0.0325,true,1,212107
7290110326234,false,יוגורט און טופ כוכבים 157 ג' יופלה,מיוצר עי קונדיטוריית,IL,יופלה און טופ כוכבים,גרמים,157.00,100 גרם,false,,5.10,0.0325,true,1,212108
7290110326241,false,1.5 % יופלה לבן עם גרנולה 170 גרם,מיוצר עי קונדיטוריית,IL,יופלה און טופ גרנולה,גרמים,157.00,100 גרם,false,,5.10,0.0325,true,1,212109
7290110326906,false,חלב טרי נטול לקטוז 3% 1 ליטר,מיוצר עי קונדיטוריית,IL,חלב נטול לקטוז 3% שו,ליטרים,1.00,ליטר,false,,7.20,7.2000,false,1,214934
7290110327033,false,משקה סויה תנובה גו מועשר בחלבון במתיקות מופחתת,מיוצר עי קונדיטוריית,IL,משקה סויה תנובה גו מ,מיליליטרים,1000.00,"100 מ""ל",false,,12.60,0.0126,true,1,214313
7290110327514,false,משקה שיבולת שועל בטעם אגוזי לוז 1 ליטר אלטרנטיב,תנובה מרכז שיתופי לש,IL,משקה שיבולת שועל בטע,ליטרים,1.00,ליטר,false,,12.60,12.6000,true,1,260311
7290110327545,false,יופלה און טופ בטעם תות בתוספת פצפוצים מצופים שוקולד 157 גרם,מיוצר עי קונדיטוריית,IL,יופלה און טופ בטעם ת,גרמים,150.00,100 גרם,false,,4.90,0.0327,true,1,215392
7290110327798,false,חטיף חלבון GO - שוקולד 60 ג' חלב נוכרי - רבנות,"בלמונט קונפקציות בע""",US,חטיף חלבון GO בטעם ש,גרמים,60.00,100 גרם,false,,11.90,0.1983,true,1,219314
7290110327804,false,חטיף חלבון GO - עוגיות 60 ג' חלב נוכרי - רבנות,"בלמונט קונפקציות בע""",US,חטיף חלבון GO בצק עו,יחידה,0.00,יחידה,false,,11.90,0.0000,true,1,259486
7290110327811,false,חטיף חלבון GO - קוקוס 60 ג' חלב נוכרי - רבנות,"בלמונט קונפקציות בע""",US,חטיף חלבון GO בטעם ק,גרמים,60.00,100 גרם,false,,11.90,0.1983,true,1,219316
7290110327828,false,חטיף חלבון GO - חמאת בוטנים 60 ג' חלב נוכרי - רבנות,"בלמונט קונפקציות בע""",US,חטיף חלבון GO בטעם ח,גרמים,60.00,100 גרם,false,,11.90,0.1983,true,1,219315
7290110328016,false,משקה סויה מועשר בחלבון בטעם אגוזי לוז 250 גרם,תנובה מרכז שיתופי לש,IL,משקה סויה מועשר בחלב,גרמים,250.00,100 גרם,false,,6.30,0.0252,true,1,216628
7290110328474,false,גבינת פרמג'יאנו רג'יאנו 30% מחלב בקר,מנדלז סי.אר. פרודקשן,IT,פלח פרמג'אנו רג'יאנו,גרמים,150.00,100 גרם,false,,29.90,0.1993,true,1,217680
7290110328481,false,פתיתי פרמג'יאנו רג'יאנו מחלב בקר 30%,ברטינלי גיאני א.,IT,פתיתי פרמג'אנו רג'יא,גרמים,100.00,100 גרם,false,,15.90,0.1590,true,1,217681
7290110328504,false,טריו - מיקס גבינות מוצרלה סקנדינבית וגאודה 300 גרם,מיוצר עי קונדיטוריית,IL,מיקס גבינות מוצרלה ס,גרמים,300.00,100 גרם,false,,26.50,0.0883,true,1,217666
7290110328610,false,משקה אורז ושקדים בריסטה אלטרנטיב 1 ליטר,תנובה Alternative,IL,משקה אורז ושקדים ברי,ליטרים,1000.00,ליטר,false,,11.90,0.0119,true,1,262699
7290110328627,false,יוגורט יופלה GO במרקם סמיך בטעם בננה קרמל 0%,מיוצר עי קונדיטוריית,IL,יוגורט גו סמיך 0% בנ,גרמים,200.00,100 גרם,false,,6.20,0.0310,true,1,218648
7290110328764,false,יוגורט יופלה GO במרקם סמיך עם תות 0%,מיוצר עי קונדיטוריית,IL,יוגורט גו סמיך 0% תו,גרמים,200.00,100 גרם,false,,6.20,0.0310,true,1,218647
7290110328771,false,יוגורט יופלה GO במרקם סמיך עם פירות יער 0%,מיוצר עי קונדיטוריית,IL,יוגורט גו סמיך 0% פי,גרמים,200.00,100 גרם,false,,6.20,0.0310,true,1,218650
7290110328788,false,יוגורט יופלה GO במרקם סמיך בטעם אפרסק 0%,תנובה מרכז שיתופי לש,IL,יוגורט גו סמיך 0% אפ,גרמים,200.00,100 גרם,false,,6.20,0.0310,true,1,218649
7290110328887,false,"חלב תנובה בקבוק 3%, כשרות מהדרין, 1 ליטר",תנובה מרכז שיתופי לש,IL,חלב תנובה 3% מהדרין,ליטרים,1.00,ליטר,false,,6.23,6.2300,false,1,260876
7290110328955,false,קוביות גבינת עזים בשמן מתובל פיראוס 350 גרם,דודוני תעשיית החלב ה,GR,קוביות גבינת עזים בש,גרמים,350.00,100 גרם,false,,26.50,0.0757,true,1,261605
7290110329136,false,מעדן חלב מעושר בחלבון בטעם שוקולד 120 ג' GO,תנובה מרכז שיתופי לש,IL,מעדן חלב גו בטעם שוק,גרמים,120.00,100 גרם,false,,4.90,0.0408,true,1,260197
7290110329143,false,מעדן חלב מעושר בחלבון בטעם וניל גביע 120 ג' GO,תנובה מרכז שיתופי לש,IL,מעדן חלב גו בטעם וני,גרמים,120.00,100 גרם,false,,4.90,0.0408,true,1,260190
7290110329266,false,יוגורט תנובה מחלב עיזים מלא תנובה 140 ג',קריות זול,IL,יוגורט מחלב עיזים מל,גרמים,140.00,100 גרם,false,,6.20,0.0443,true,1,219552
7290110329273,false,יוגורט תנובה מחלב עיזים מלא 750 גרם,תנובה,IL,יוגורט מחלב עיזים מל,גרמים,750.00,100 גרם,false,,21.00,0.0280,true,1,219551
7290110329303,false,פרוסות בטעם צהובה קלאסית אלטרנטיב 200 גר,תנובה Alternative,IL,פרוסות גבינה בטעם צה,גרמים,200.00,100 גרם,false,,21.90,0.1095,false,1,260526
7290110329686,false,"משקה חלב גו בטעם עוגיות 340 מ""ל",מיוצר עי קונדיטוריית,IL,משקה חלב GO בטעם עוג,מיליליטרים,340.00,"100 מ""ל",false,,8.00,0.0235,true,1,260059
7290110329723,false,משקה קפה קר בטעם לאטה 230 ג' תנובה,תנובה מרכז שיתופי לש,IL,משקה קפה קר בטעם לאט,מיליליטרים,230.00,"100 מ""ל",false,,6.90,0.0300,true,1,262428
7290110329730,false,"משקה חלב עם שוקולד וקפה בסגנון לאטה 2.7%  230 מ""ל תנובה",תנובה מרכז שיתופי לש,IL,משקה חלב עם שוקולד ו,מיליליטרים,230.00,"100 מ""ל",false,,6.90,0.0300,true,1,262429
7290110329792,false,יוגורט סויה BIO Alternative אפרסק 150 ג' תנובה,מיוצר עי קונדיטוריית,IL,סויה ביו אפרסק Alter,גרמים,150.00,100 גרם,false,,4.60,0.0307,true,1,260669
7290110329808,false,יוגורט סויה BIO Alternative תות 150 ג' תנובה,מיוצר עי קונדיטוריית,IL,סויה ביו תות Alterna,גרמים,150.00,100 גרם,false,,4.60,0.0307,true,1,260666
7290110329815,false,סויה BIO מתיקות מעודנת גביע 150 גרם אלטרנטיב,מיוצר עי קונדיטוריית,IL,סויה ביו מתיקות מעוד,גרמים,150.00,100 גרם,false,,4.60,0.0307,true,1,260667
7290110329822,false,יוגורט סויה BIO Alternative פירות יער 150 ג' תנובה,מיוצר עי קונדיטוריית,IL,סויה ביו פירות יער A,גרמים,150.00,100 גרם,false,,4.60,0.0307,true,1,260668
7290110329846,false,יוגורט סויה BIO Alternative בטעם טבעי 150 ג' תנובה,מיוצר עי קונדיטוריית,IL,סויה ביו טבעי Alter,גרמים,150.00,100 גרם,false,,4.60,0.0307,true,1,260670
7290110329914,false,מאגדת משקה שיבולת שועל ושקדים 100 גרם*6 יח' ביו אלטרנטיב,תנובה מרכז שיתופי לש,IL,מאגדת משקה שיבולת שו,גרמים,600.00,100 גרם,false,,18.90,0.0315,true,1,262715
7290110422035,false,"מראה מטקה 12 ס""מ",,,"מראה מטקה 12 ס""מ",יחידה,0.00,יחידה,false,,14.90,0.0000,true,1,197493
7290110424053,false,מטריה ילדים,,,מטריה ילדים,יחידה,0.00,יחידה,false,,19.90,0.0000,true,1,198977
7290110427016,false,מוצרי אופנה כללי,,,מוצרי אופנה כללי,יחידה,0.00,יחידה,false,,6.90,0.0000,true,1,217327
7290110427054,false,מוצרי אופנה כללי,,,מוצרי אופנה כללי,יחידה,0.00,יחידה,false,,9.90,0.0000,true,1,217331
7290110427078,false,מוצרי אופנה כללי,,,מוצרי אופנה כללי,יחידה,0.00,יחידה,false,,14.90,0.0000,true,1,217333
7290110427092,false,מוצרי אופנה כללי,,,מוצרי אופנה כללי,יחידה,0.00,יחידה,false,,19.90,0.0000,true,1,217335
7290110427108,false,מוצרי אופנה כללי,,,מוצרי אופנה כללי,יחידה,0.00,יחידה,false,,19.90,0.0000,true,1,217336
7290110427115,false,מוצרי אופנה כללי,,,מוצרי אופנה כללי,יחידה,0.00,יחידה,false,,24.90,0.0000,true,1,217337
7290110427160,false,מטריה,,,מטריה,יחידה,0.00,יחידה,false,,29.90,0.0000,true,1,264095
7290110427177,false,מטריה,,,מטריה,יחידה,0.00,יחידה,false,,39.90,0.0000,true,1,264096
7290110427184,false,מטריה,,,מטריה,יחידה,0.00,יחידה,false,,44.90,0.0000,true,1,264097
7290110427191,false,מטריה,,,מטריה,יחידה,0.00,יחידה,false,,49.90,0.0000,true,1,264098
7290110427269,false,מוצרי אופנה כללי,,,מוצרי אופנה כללי,יחידה,0.00,יחידה,false,,29.90,0.0000,true,1,217340
7290110550219,false,מטבעות שוקולד לבן לאפיה 400 גרם עלית,"פוליבה בע""מ",IL,מטבעות שוקולד לבן לא,גרמים,400.00,100 גרם,false,,31.90,0.0797,true,1,263523
7290110550226,false,מטבעות שוקולד מריר לאפיה 400 גרם עלית,"פוליבה בע""מ",IL,מטבעות שוקולד מריר ל,גרמים,400.00,100 גרם,false,,31.90,0.0797,true,1,263522
7290110550363,false,"פריכיות משולשות תירס, אורז שיבולת שועל, קינואה",אנרג'י Energy - שטראוס,IL,פריכיות משולשות קינו,גרמים,65.00,100 גרם,false,,10.60,0.1631,true,1,261148
7290110550370,false,פריכיות משולשות קינואה ופלפל שחור 65 גרם,שטראוס גרופ,IL,משולשות קינואה ופלפל,גרמים,65.00,100 גרם,false,,10.60,0.1631,true,1,263680
7290110550394,false,PERFECT BITE שוקולד חלב במילוי קרם ושברי אגוזי לוז 234 גרם,"שטראוס גרופ בע""מ",IL,מארז חטיפים ממולאים,גרמים,234.00,100 גרם,false,,19.90,0.0850,false,1,259856
7290110552121,false,יוגורט 5% בתוספת סידן וויטמין D היוגורט הראשון שלי,תנובה מרכז שיתופי לש,IL,היוגורט הראשון שלי 1,גרמים,100.00,100 גרם,false,,2.20,0.0220,true,1,262250
7290110552220,false,יוגורט PRO בטעם תות 0% סוכר לבן 20 גרם חלבון בגביע,"שטראוס בריאות בע""מ",IL,דנונה פרו תות ללא סו,גרמים,200.00,100 גרם,false,,5.90,0.0295,true,1,260767
7290110552237,false,יוגורט פרו בטעם אפרסק מנגו ללא סוכר 200 ג' דנונה,"שטראוס בריאות בע""מ",IL,דנונה פרו אפרסק מנגו,גרמים,200.00,100 גרם,false,,5.90,0.0295,true,1,260768
7290110552817,false,צנצנת מסטיק - גלידה לימון 58 גרם וועסטהיים,שטראוס גרופ,IL,מסטיק בטעם גלידה לימ,גרמים,58.00,100 גרם,false,,9.90,0.1707,true,1,263067
7290110553029,false,"אנרג'י קריספס-פריכיות חומוס, עדשים ואפונה עם קייל וסלק","פרח תעשיו מזון בע""מ",IL,פריכיות חלבון קייל,גרמים,60.00,100 גרם,false,,10.60,0.1767,true,1,261149
7290110553104,false,נסקפה קפוצ'ינו סטיק קלאסי 130 ג' עלית,שטראוס,IL,קפוצ'ינו סטיק קלאסי,גרמים,130.00,100 גרם,false,,15.90,0.1223,false,1,264260
7290110553173,false,אנרגי פריכיות אורז בטעם קרמל 50 גרם,סאנורייס בלגיום,IL,אנרגי פריכיות בטעם ק,גרמים,40.00,100 גרם,false,,6.50,0.1625,true,1,263681
7290110553180,false,אנרגי פריכיות אורז בטעם תפוח קינמון 50 ג,סאנורייס בלגיום,IL,אנרגי פריכיות בטעם ת,גרמים,40.00,100 גרם,false,,6.50,0.1625,true,1,263682
7290110553210,false,בוטנים הוט באפלו ווינגס סבבה עלית 50 גר,STRAUSS-ISRAEL,IL,בוטנים בופאלו 50 גר',גרמים,50.00,100 גרם,false,,1.90,0.0380,true,1,263177
7290110554125,false,"נודלס סצ'ואן חריף""דלישס"" שטראוס",אוכל ביתי ניר עציון,IL,נודלס סצ'ואן חריף דל,גרמים,350.00,100 גרם,false,,23.90,0.0683,true,1,259518
7290110554422,false,פומודורו רוטב עגבניות ופלפלים לשקשוקה 350 גרם,אמיליאנה קונסרב ס.פ.,IT,רוטב עגבניות ופלפלים,גרמים,350.00,100 גרם,false,,11.90,0.0340,true,1,261168
7290110554460,false,ציטוס קראנץ צ'דר חלפיניו 65 ג' עלית,עלית,,צ'יטוס צ'דר חלפיניו,גרמים,65.00,100 גרם,false,,3.50,0.0538,true,1,263148
7290110554545,false,קפסולת אספרסו לאפוגטו טעם קוקוס 50 ג' עלית,שטראוס גרופ,IL,קפסולות אספרסו לאפוג,גרמים,50.00,100 גרם,false,,16.90,0.3380,false,1,262689
7290110554583,false,מארז חטיפי צ'יטוס פאפס בטעם גבינה - 10 יחידות,שטראוס פריטו ליי (מל,IL,צ'יטוס פאפס גבינה 10,גרמים,200.00,100 גרם,false,,12.90,0.0645,true,1,260861
7290110554699,false,"קפה עולה קפסולות אספרסו קלייה איטית וכהה מאוד, 10 * 50 ג'",שטראוס קפה בי.וי.,IL,קפסולות קפה בתי קליה,גרמים,50.00,100 גרם,false,,18.90,0.3780,true,1,263683
7290110554705,false,קפסולות נספרסו לקפה יוניקו סדרת בתי הקלייה 10יח,שטראוס קפה בי.וי.,IL,קפסולות קפה בתי קליה,גרמים,50.00,100 גרם,false,,18.90,0.3780,true,1,263684
7290110554712,false,"קפסולות קפה אספרסו קלייה איטית ובהירה, 10 * 50 ג'",שטראוס קפה בי.וי,IL,קפסולות קפה בתי קליה,גרמים,50.00,100 גרם,false,,18.90,0.3780,true,1,263685
7290110554729,false,קפסולות עלית אספרסו 04 תואמות למכונות NESPRESSO,שטראוס קפה בי.וי,IL,קפסולות קפה למכונת נ,גרמים,55.00,100 גרם,false,,16.90,0.3073,false,1,261665
7290110554798,false,פולי אספרסו עשירים וארומטיים עוצמה 08 250 ג' עלית,שטראוס קפה בי.וי,IL,פולי אספרסו עשירים ו,גרמים,250.00,100 גרם,false,,21.90,0.0876,false,1,261523
7290110555078,false,לאבנה עם שמן זית ועשבי תיבול 250 גרם,"מחלבות בר בכפר בע""מ",IL,לאבנה עם שמן זית ועש,גרמים,250.00,100 גרם,false,,10.90,0.0436,true,1,262245
7290110555092,false,לאבנה עם שמן זית וצ'ילי חריף 250 גר',"מחלבות בר בכפר בע""מ",IL,לאבנה עם שמן זית וצ',גרמים,250.00,100 גרם,false,,10.90,0.0436,true,1,262246
7290110555306,false,רבע לשבע טבעוני סינמון באן 25ג' עלית,הגביע מוצרי וופלים ב,IL,רבע לשבע טבעוני סינמ,גרמים,125.00,100 גרם,false,,12.00,0.0960,false,1,262693
7290110555603,false,ספלנדיד אבקה להכנת משקה בטעם שוקולטה,"ג'אלוסיס י. בע""מ",GR,אבקה להכנת משקה בטעם,גרמים,360.00,100 גרם,false,,21.90,0.0608,true,1,264263
7290110555665,false,קקאו דל שומן עלית בקופסא 220 גרם,גיאלוסיס,GR,קקאו דל שומן בקופסא,גרמים,220.00,100 גרם,false,,18.90,0.0859,true,1,264262
7290110556242,false,"שוקולד מריר פרווה 100 גר' בד""ץ תוצרת חוץ","שטראוס גרופ בע""מ.",IL,שוקולד מריר פרווה על,גרמים,100.00,100 גרם,false,,6.00,0.0600,false,1,263694
7290110557027,false,חומוס עשיר 50% טחינה גולמית 400 ג' אחלה,מיוצר עי קונדיטוריית,IL,חומוס עשיר ב-50% טחי,גרמים,400.00,100 גרם,false,,12.90,0.0323,true,1,260462
7290110557102,false,מעדן חלב עם שוקולד מועשר בחלבון 150 ג' שטראוס,מיוצר עי קונדיטוריית,IL,מעדן חלב עם שוקולד מ,גרמים,150.00,100 גרם,false,,4.90,0.0327,true,1,259333
7290110557133,false,מעדן הגולן וניל 125 ג' שטראוס,מיוצר עי קונדיטוריית,IL,מעדן הגולן וניל,גרמים,125.00,100 גרם,false,,2.80,0.0224,false,1,259777
7290110557317,false,יוגורט בתוספת סידן וויטמין ד עם שיבולת שועל 100 ג' דנונה,תנובה מרכז שיתופי לש,IL,היוגורט הראשון שלי ש,גרמים,100.00,100 גרם,false,,2.20,0.0220,true,1,262251
7290110557478,false,חומוס גלילי במרקם מעודן 600 גרם,שטראוס גרופ,IL,חומוס גלילי,גרמים,600.00,100 גרם,false,,12.90,0.0215,true,1,261512
7290110558130,false,יוגורט אקטיביה שיבולת שועל ודבש 150 גרם,שטראוס,IL,אקטיביה עם שיבולת שו,גרמים,150.00,100 גרם,false,,4.60,0.0307,true,1,262695
7290110558154,false,דנונה לייט אנד פרי עוגת תפוחים 150ג דנונה,"שטראוס בריאות בע""מ",IL,דנונה לייט אנד פרי ע,גרמים,150.00,100 גרם,false,,4.60,0.0307,true,1,263350
7290110558222,false,"וואו יוגורט עם שכבה בטעם בנופי פאי 5.4%, 150ג דנונה","שטראוס בריאות בע""מ",IL,דנונה WOW בנופי,גרמים,150.00,100 גרם,false,,4.50,0.0300,true,1,263345
7290110558239,false,"וואו יוגורט עם שכבה בטעם קראק פאי 5.4%, 150 ג דנונה","שטראוס בריאות בע""מ",IL,דנונה WOW קראק פאי,גרמים,150.00,100 גרם,false,,4.50,0.0300,true,1,263346
7290110558253,false,דנונה שייק נונה ריפרש בננה אננס וצ'יה,"שטראוס בריאות בע""מ",IL,דנונה ריפרש בננה אננ,גרמים,250.00,100 גרם,false,,5.50,0.0220,true,1,262703
7290110558284,false,יוגורט ביו מולטי 200 ג' דנונה,"שטראוס בריאות בע""מ",IL,דנונה ביו מולטי 200,גרמים,200.00,100 גרם,false,,3.90,0.0195,false,1,263074
7290110558307,false,יוגורט דנונה PRO עם שיבולת שועל במתיקות מעודנת,"שטראוס בריאות בע""מ",IL,דנונה פרו 20 גרם חלב,גרמים,200.00,100 גרם,false,,6.20,0.0310,false,1,262219
7290110558314,false,דנונה פרו 20 גרם חלבון ללא סוכר פיסטוק 200 גרם,"שטראוס בריאות בע""מ",IL,דנונה פרו 20 גר' ללא,גרמים,200.00,100 גרם,false,,5.90,0.0295,false,1,263348
7290110558338,false,דנונה פרו 25 ג' חלבון 200 ג' שטראוס,"שטראוס בריאות בע""מ",IL,דנונה פרו 25 גרם חל,גרמים,200.00,100 גרם,false,,6.20,0.0310,true,1,262220
7290110558666,false,מעדן גבינה בטעם תפוח 88 ג' דניאלה,"שטראוס בריאות בע""מ",IL,דניאלה בטעם תפוח,גרמים,88.00,100 גרם,false,,4.10,0.0466,true,1,264285
7290110559007,false,"שועועית חומה טעם הטבע קופסה, 380 גרם",קונסרב איטליה,IT,שעועית חומה טעם הטבע,גרמים,380.00,100 גרם,false,,6.50,0.0171,true,1,263366
7290110559014,false,שעועית שחורה מבושלת טעם הטבע 380 גרם,קונסרב איטליה,IT,שעועית שחורה טעם הטב,גרמים,380.00,100 גרם,false,,6.50,0.0171,true,1,263367
7290110559748,false,ריל - מאגדת שקדים קוקוס ושוקולד מריר 35 גרם * 3,קונסרב איטליה,GR,מאגדת ריל שקדים קוקו,גרמים,105.00,100 גרם,false,,14.90,0.1419,true,1,263109
7290110559755,false,"מאגדת אנרג'י ריל בוטנים,פיסטוק וחמוציות 115 גרם",קונסרב איטליה,GR,מאגדת ריל בוטנים פיס,גרמים,105.00,100 גרם,false,,14.90,0.1419,true,1,263107
7290110559762,false,"מאגדת אנרג'י ריל אגוזים,תמרים,קוקוס 115 גרם",קונסרב איטליה,GR,מאגדת ריל אגוזים תמר,גרמים,105.00,100 גרם,false,,14.90,0.1419,true,1,263108
7290110559939,false,נתחי סויה בסגנון שווארמה ומגדרה דלישס,אוכל ביתי ניר עציון,IL,נתחי סויה בסגנון שוו,גרמים,350.00,100 גרם,false,,23.90,0.0683,true,1,262191
7290110560300,false,"הפריכיות הטעימות חומוס, עדשים שחורות, קינואה ופלפל שחור",אנרג'י Energy - שטראוס,IL,פריכיות משולשות פלפל,גרמים,30.00,100 גרם,false,,5.50,0.1833,true,1,204904
7290110560317,false,"הפריכיות הטעימות חומוס, עדשים שחורות, קינואה ומלח ים","פרח תעשיו מזון בע""מ",IL,פריכיות משולשות מלח,גרמים,30.00,100 גרם,false,,5.50,0.1833,true,1,204905
7290110560324,false,"הפריכיות הטעימות תפו""א, אורז, אפונה ומלח ים","פרח תעשיו מזון בע""מ",IL,פריכיות משולשות אפונ,גרמים,30.00,100 גרם,false,,5.50,0.1833,true,1,204906
7290110561352,false,דנונה יוגורט ביו פרוביוטי 3% דל לקטוז 150ג',"שטראוס בריאות בע""מ",IL,דנונה דל לקטוז,גרמים,200.00,100 גרם,false,,3.50,0.0175,true,1,202378
7290110561604,false,מארז 8 יחידות מעדן גמדים בטעם תות בננה,שטראוס גרופ,IL,שמיניה גמדים תות בננ,גרמים,800.00,100 גרם,false,,18.90,0.0236,true,1,201272
7290110563431,false,"משקה קפה קר בסגנון קלאסי 230 מ""ל 1.6% יוטבתה",האי נאם סי או אל.טי.,AT,משקה קפה קר בסגנון ק,מיליליטרים,230.00,"100 מ""ל",false,,7.50,0.0326,true,1,205743
7290110563448,false,"משקה קפה קר בסגנון מעודן 230 מ""ל 1.6% יוטבתה",האי נאם סי או אל.טי.,AT,משקה קפה קר בסגנון מ,מיליליטרים,230.00,"100 מ""ל",false,,7.50,0.0326,true,1,205744
7290110563462,false,חלב בבקבוק נטול לקטוז 2% יטבתה 1 ל',מחלבת יטבתה,IL,חלב נטול לקטוז 2%,ליטרים,1.00,ליטר,false,,8.00,8.0000,false,1,206281
7290110564339,false,חומוס אחלה הסידרה המובחר 30% טחינה 400 גר',מיוצר עי קונדיטוריית,IL,חומוס אחלה עשיר 30%,גרמים,400.00,100 גרם,false,,12.90,0.0323,true,1,201196
7290110564360,false,חומוס אחלה הסידרה המובחר 40% טחינה 400 גר',מיוצר עי קונדיטוריית,IL,חומוס אחלה שיר 40% ט,גרמים,400.00,100 גרם,false,,12.90,0.0323,true,1,201197
7290110564414,false,חומוס אחלה הסידרה המובחר 30% טחינה 600 גר',מיוצר עי קונדיטוריית,IL,חומוס אחלה עשיר 30%,גרמים,600.00,100 גרם,false,,14.90,0.0248,true,1,201200
7290110564742,false,"משקה קפה קר בסגנון חזק 230 מ""ל 1.2% יוטבתה",האי נאם סי או אל.טי.,AT,משקה קפה קר בסגנון ח,מיליליטרים,230.00,"100 מ""ל",false,,7.50,0.0326,true,1,205745
7290110564919,false,דנונה מעודן ללא סוכר החזרות 150 גר,מיוצר עי קונדיטוריית,IL,דנונה מתיקות מעודנת,גרמים,150.00,100 גרם,false,,3.60,0.0240,false,1,210539
7290110565435,false,"לימבו ג'לי פטל 125 גרם חלבי ""שטראוס""",שטראוס גרופ,IL,לימבו פטל חלבי,גרמים,125.00,100 גרם,false,,2.00,0.0160,true,1,200642
7290110565527,false,יוגורט PRO פרו 1.5% 20 גרם חלבון בגביע,"שטראוס בריאות בע""מ",IL,דנונה פרו 20 גר חלב,גרמים,200.00,100 גרם,false,,5.90,0.0295,false,1,200022
7290110565572,false,מנות אישיות קפה טורקי לדרך עם הל,שטראוס קפה בי.וי,IL,מארז טורקי לדרך עם ה,גרמים,168.00,100 גרם,false,,19.90,0.1185,false,1,208090
7290110566623,false,קפסולות קולומביה עלית 08 למכונת נספרסו מארז 5X10ג',שטראוס קפה בי.וי,IL,קפסולות קפה קולומביה,גרמים,50.00,100 גרם,false,,16.90,0.3380,false,1,203174
7290110566975,false,דנונה פרו יוגורט 0% תות עשיר בחלבון 200ג',"שטראוס בריאות בע""מ",IL,דנונה פרו תות 20 גר,גרמים,200.00,100 גרם,false,,5.90,0.0295,false,1,201888
7290110567057,false,צנצנת מסטיק מאסט קוביות מנטה חזקה 66 ג' עלית,שטראוס גרופ,DE,בוקסי מנטה אקליפטוס,גרמים,64.00,100 גרם,false,,9.90,0.1547,true,1,204620
7290110568238,false,"קצפת צמחית 21% שומן 250 מ""ל יוטבתה",מחלבת יטבתה,IL,קצפת צמחית יטבתה,גרמים,250.00,100 גרם,false,,7.90,0.0316,false,1,203228
7290110568276,false,משקה וניל פרו Pro מועשר בחלבון 1.5%,שטראוס גרופ,IL,משקה יטבתה פרו וניל,גרמים,350.00,100 גרם,false,,6.30,0.0180,true,1,202840
7290110570224,false,משקה קפה קר בטעם עוגיות 230ג' יוטבתה,אנסטל מילק kg,AT,משקה קפה קר בטעם עוג,מיליליטרים,230.00,"100 מ""ל",false,,7.50,0.0326,true,1,263351
7290110570569,false,"פולי אספרסו עשירים וארומטיים עוצמה 08 1 ק""ג עלית",,,פולי אספרסו עשירים ו,קילוגרמים,1.00,"ק""ג",false,,76.90,76.9000,false,1,261524
7290110571184,false,עדשים חומות 380 גר שטראוס טעם הטבע,קונסרב איטליה,IT,עדשים חומות טעם הטבע,גרמים,380.00,100 גרם,false,,6.50,0.0171,true,1,263368
7290110571382,false,מעדן חלב בטעם וניל מעושר בחלבון 150 ג' שטראוס,"שטראוס בריאות בע""מ",IL,מעדן חלב בטעם וניל מ,גרמים,150.00,100 גרם,false,,4.90,0.0327,true,1,261480
7290110571405,false,עלית - מיני פינוקיות בגביע פסק זמן 180 גרם,הגביע,IL,מיני פינוקיות בגביע,גרמים,180.00,100 גרם,false,,11.50,0.0639,true,1,264249
7290110571412,false,מיני פינוקיות - פאדג' שוקולד בגביע 180 גרם,הגביע,IL,מיני פינוקיות בגביע,גרמים,180.00,100 גרם,false,,11.50,0.0639,true,1,264259
7290110571474,false,רבע לשבע טבעוני פופקורן 125 ג' עלית,הגביע מוצרי וופלים ב,IL,רבע לשבע טבעוני פופק,גרמים,125.00,100 גרם,false,,12.00,0.0960,false,1,263092
7290110572129,false,כיף כף מקלות שוקולד לבן 40 ג' עלית,סולן בעבור שטראוס,TR,כיף כף מקלות שוקולד,גרמים,40.00,100 גרם,false,,5.20,0.1300,true,1,264251
7290110572884,false,"קפסולות קפה מספר 20 למכונת אספרס אספרסו, 50 גרם",שטראוס קפה בי.וי.,IL,קפסולות קפה חזק ועוצ,גרמים,50.00,100 גרם,false,,16.90,0.3380,false,1,264252
7290110572969,false,כיף כף פצפצים עקרם לבן 40ג' עלית,שולן צ'יקולטה גידה ס,TR,כיף כף פצפצים קרם לב,גרמים,40.00,100 גרם,false,,5.20,0.1300,true,1,263364
7290110572976,false,כיף כף פצפצים בגביע במילוי קרם בטעם שוקולד לבן,שולן צ'יקולטה גידה ס,TR,כיף כף פצפצים קרם לב,גרמים,135.00,100 גרם,false,,10.90,0.0807,true,1,263365
7290110574413,false,פופקורן בטעם טעמי עלית 70 גרם,סראנו בעבור שטראוס,קפריסין,פופקורן בטעם טעמי,גרמים,70.00,100 גרם,false,,6.90,0.0986,false,1,264264
7290110574420,false,פופקורן בטעם פסק זמן עלית 70 גרם,סראנו בעבור שטראוס,קפריסין,פופקורן בטעם פסק זמן,גרמים,70.00,100 גרם,false,,6.90,0.0986,false,1,264265
7290110576318,false,מאגדת שלישיית שוקולד אגוז לבן 300 ג' עלית,סמואה,FR,מארז שלישיית אגוז לב,גרמים,300.00,100 גרם,false,,24.90,0.0830,false,1,263668
7290110576356,false,"שוקולד ספלנדיד מריר 64% - חלבי , מפולי קקאו מפרו",קימ'ס גריפלנן,BE,ספלנדיד שוקולד מריר,גרמים,100.00,100 גרם,false,,8.50,0.0850,true,1,263122
7290110576363,false,"שוקולד ספלנדיד מריר 80% חלבי ,פולי קקאו מאוגנדה",קימ'ס גריפלנן,BE,ספלנדיד שוקולד מריר,גרמים,100.00,100 גרם,false,,8.50,0.0850,true,1,263123
7290110576370,false,מארז שלישייה שוקולד מריר חלבי עם אגוזי לוז,שטראוס,IL,מארז שלישיית אגוז מר,גרמים,300.00,100 גרם,false,,24.90,0.0830,false,1,263669
7290110576387,false,מאגדת שלישיית שוקולד אגוז חלב 300 ג' עלית,שטראוס,FR,מארז שלישיית אגוז חל,גרמים,300.00,100 גרם,false,,24.90,0.0830,false,1,263670
7290110576752,false,טבלאות שוקולד ספלנדיד מריר 70% 100 ג' עלית,קימ'ס גריפלנן,BE,ספלנדיד מריר 70%,גרמים,100.00,100 גרם,false,,10.90,0.1090,true,1,264256
7290110576776,false,טבלאות שוקולד ספלנדיד מריר 85% 100 ג' עלית,קימ'ס גריפלנן,BE,ספלנדיד מריר 85%,גרמים,100.00,100 גרם,false,,10.90,0.1090,true,1,264257
7290110576790,false,סקי בטעם מוקה 125 ג' שטראוס,מגנום- שטראוס,IL,סקי בטעם מוקה,גרמים,125.00,100 גרם,false,,3.70,0.0296,false,1,264282
7290110576868,false,רבעיית גמדים סלט פירוט * 100 ג' שטראוס,שטראוס גרופ,IL,גמדים רביעיית סלט פי,מיליליטרים,400.00,"100 מ""ל",false,,11.10,0.0277,true,1,264287
7290110577230,false,משקה חלב פיסטוק 1ליטר יטבתה בקבוק,שטראוס גרופ,IL,משקה חלב בטעם פיסטוק,ליטרים,1.00,ליטר,false,,11.80,11.8000,false,1,264279
7290110577247,false,"יטבתה משקה חלב-פיסטוק בבקבוק 350 מ""ל",שטראוס גרופ,IL,משקה חלב בטעם פיסטוק,מיליליטרים,350.00,"100 מ""ל",false,,6.30,0.0180,true,1,264278
7290111091520,false,"ד""ר עור תחליב רחצה אנטי אייג'ינג","אמיליה קוסמטיקס בע""מ",IL,תחליב רחצה קלאסי קוק,מיליליטרים,700.00,"100 מ""ל",false,,14.90,0.0213,true,1,206603
7290111096921,false,קוויק מגבונים לניקוי כללי בתוספת חומץ ומלח לימון 50 יח',די.פי.אל,IL,קוויק מגבונים לניקוי,יחידה,0.00,יחידה,false,,7.90,0.0000,true,1,259589
7290111097546,false,מגבונים ניקוי כללי למשטחים בניחוח מרכך כביסה 50 יח' קוויק,די.פי.אל,IL,מגבונים קוויק לניקוי,יחידה,0.00,יחידה,false,,7.90,0.0000,true,1,263023
7290111097836,false,מגבונים דוחה אבק למשטחים בניחוח מרכך כביסה 50 יח' קוויק,די.פי.אל,IL,מגבוני קוויק דוחה אב,יחידה,0.00,יחידה,false,,7.90,0.0000,true,1,262142
7290111285318,false,צלחת במבוק 23 סמ מיקי מאוס,שמחה זה אנחנו,CN,צלחת במבוק מיקי מאוס,יחידה,0.00,יחידה,false,,12.90,0.0000,true,1,207663
7290111285325,false,צלחת במבוק 23 סמ מיני מאוס,שמחה זה אנחנו,CN,צלחת במבוק מיני מאוס,יחידה,0.00,יחידה,false,,12.90,0.0000,true,1,207658
7290111285349,false,צלחת במבוק 23 מפרץ ההרפתקאות בנים,שמחה זה אנחנו,CN,צלחת במבוק מפרץ ההרפ,יחידה,0.00,יחידה,false,,12.90,0.0000,true,1,207664
7290111285356,false,צלחת במבוק 23 סמ סמי הכבאי,שמחה זה אנחנו,CN,צלחת במבוק סמי הכבאי,יחידה,0.00,יחידה,false,,12.90,0.0000,true,1,207665
7290111285363,false,צלחת במבוק 23 מיניונים,,,צלחת במבוק מיניונים,יחידה,0.00,יחידה,false,,12.90,0.0000,true,1,207660
7290111285400,false,קערה במבוק מיקי מאוס,שמחה זה אנחנו,CN,קערה במבוק מיקי מאוס,יחידה,0.00,יחידה,false,,8.90,0.0000,true,1,207673
7290111285424,false,קערה במבוק הלו קיטי,,,קערה במבוק הלו קיטי,יחידה,0.00,יחידה,false,,8.90,0.0000,true,1,207672
7290111285448,false,קערה במבוק סמי הכבאי,שמחה זה אנחנו,CN,קערה במבוק סמי הכבאי,יחידה,0.00,יחידה,false,,8.90,0.0000,true,1,207681
7290111285455,false,קערה במבוק מיניונים,,,קערה במבוק מיניונים,יחידה,0.00,יחידה,false,,8.90,0.0000,true,1,207675
7290111285530,false,כוס במבוק סמי הכבאי,שמחה זה אנחנו,CN,כוס במבוק סמי הכבאי,יחידה,0.00,יחידה,false,,7.90,0.0000,true,1,207690
7290111285547,false,כוס במבוק מיניונים,,,כוס במבוק מיניונים,יחידה,0.00,יחידה,false,,7.90,0.0000,true,1,207691
7290111340109,false,דיפנד - מגן תחתון לנשים אקטיב 22 יח',חוגלה קימברלי,IL,דיפנד מגן תחתון,יחידה,0.00,יחידה,false,,19.90,0.0000,true,1,210855
7290111340178,false,מטליות לחות ניקול לניקוי כללי בניחוח מרכך כביסה 50 יח',על בד,IL,מטליות ניקוי כללי בר,יחידה,0.00,יחידה,false,,10.90,0.0000,false,1,198385
7290111340185,false,מטליות לחות ניקול לניקוי רצפות בניחוח מרכך 10 יח',על בד,IL,מטליות לחות לריצפה נ,יחידה,0.00,יחידה,false,,10.90,0.0000,false,1,198386
7290111340956,false,ניקול מטליות לחות לרצפה בניחוח פריחה לבנה,על בד,IL,מטליות לחות לניקוי ר,יחידה,0.00,יחידה,false,,10.90,0.0000,false,1,201152
7290111341359,false,רדיד אלומיניום+סכין חיתוך ניקול 60 מטר,חוגלה,IL,רדיד אלומיניום 60 מט,יחידה,0.00,יחידה,false,,39.90,0.0000,false,1,203252
7290111341366,false,מפיות אירוח 1 שכבתי 30*30 150 יח' לבן,חוגלה קימברלי,IL,מפיות אירוח חד שכבתי,יחידה,0.00,יחידה,false,,8.50,0.0000,true,1,203333
7290111341434,false,תחבושות דיפנד נורמל אקטיב לנשים 12 יח,חוגלה קימברלי,IL,תחבושות דיפנד נורמל,יחידה,0.00,יחידה,false,,19.90,0.0000,true,1,205405
7290111341496,false,תחבושות דיפנד מיני אקטיב לנשים 14 יח,חוגלה קימברלי,IL,תחבושות לבריחת שתן,יחידה,0.00,יחידה,false,,19.90,0.0000,true,1,205353
7290111341526,false,תחבושות קוטקס אקטיב נורמל דואו 24 יחידות,קימברלי קלארק צ'כיה,CZ,תחבושות קוטקס אקטיב,יחידה,0.00,יחידה,false,,19.90,0.0000,true,1,207609
7290111341557,false,קוטקס אקטיב טמפונים ללא מוליך סופר 32יח,קימברלי קלארק צ'כיה,CZ,טמפונים קוטקס אקטיב,יחידה,0.00,יחידה,false,,22.90,0.0000,true,1,207612
7290111341816,false,נייר אפייה בגליל עם סיכון חיתוך,אופל,IL,נייר אפיה עם מתקן לח,יחידה,0.00,יחידה,false,,21.90,0.0000,false,1,206018
7290111341984,false,לילי - מגבוני נייר טואלט לח פיור רביעייה,קימברלי,IL,מארז רביעיה לילי לח,יחידה,0.00,יחידה,false,,21.90,0.0000,true,1,208645
7290111341991,false,מגבוני טואלט לח סופרים לילי 48 יח',חוגלה,IL,לילי ספא בודד 48 יח,יחידה,0.00,יחידה,false,,8.90,0.0000,true,1,209122
7290111342004,false,נייר טואלט לח לילי קידס 56 דפים,חוגלה,IL,לילי לח מגבונים בודד,יחידה,0.00,יחידה,false,,8.90,0.0000,true,1,207459
7290111342042,false,ניקול כריות יפניות אנטיבקטריאלי 4 יחידות,פלסטו פוליש,IL,כריות יפניות אנטיבקט,יחידה,0.00,יחידה,false,,10.90,0.0000,true,1,210965
7290111342059,false,מט.לחות ניקול לחיט משטחים אנטיבקטריאלי50,חוגלה,IL,מטליות לחות אנטיבקטר,יחידה,0.00,יחידה,false,,10.90,0.0000,true,1,210996
7290111342073,false,ניקול - מטליות מיקרופייבר למשטחים אנטיבקטר,חוגלה,IL,מיקרופייבר מטלית אנט,יחידה,0.00,יחידה,false,,12.90,0.0000,true,1,211300
7290111342189,false,מפיות אירוח צבעוני 150 יחי' ניקול,חוגלה קימברלי,SI,מפיות אירוח צבעוני,יחידה,0.00,יחידה,false,,8.50,0.0000,true,1,210337
7290111342523,false,מפיות אירוח לשימוש יומיומי ניקול 100 יח,חוגלה קימברלי,IL,מפיות אירוח ניקול,יחידה,0.00,יחידה,false,,6.90,0.0000,true,1,210605
7290111342738,false,לילי - מגבוני נייר טואלט לח קידס רביעייה,חוגלה,IL,לילי לח קידס מארז רב,יחידה,0.00,יחידה,false,,21.90,0.0000,true,1,210779
7290111343117,false,"קלינקס לושן סופט פק זוגות 140 דף ""חדש""",קימברלי קלארק,IL,קלינקס לושן אריזת ני,יחידה,0.00,יחידה,false,,13.90,0.0000,false,1,215134
7290111343797,false,מטליות לחות לניקוי חלונות 48 יח' ניקול,חוגלה קימברלי,IL,מטליות לחות לניקוי ח,יחידה,0.00,יחידה,false,,10.90,0.0000,false,1,214303
7290111343841,false,ניקול ספוגית הקסם נירוסטה 3 יחידות,חוגלה,IL,ספוגית הקסם נירוסטה,יחידה,0.00,יחידה,false,,11.50,0.0000,true,1,214589
7290111344145,false,מטילות מיקרופייבר אנטיבקטריאליות לרצפה 2 יחי',UFO,CN,מטלית ריצפה אנטיבקטר,יחידה,0.00,יחידה,false,,21.90,0.0000,true,1,214363
7290111344206,false,האגיס נטורל קר מגבונים לחים בבישום עדין רביעייה,חוגלה קימברלי,IL,מגבוני האגיס נטורל ק,יחידה,0.00,יחידה,false,,19.90,0.0000,false,1,260051
7290111344459,false,קוטוקס תחבושות נייט אקסטרא לונג 20 יח',חוגלה,CN,תחבושות נייט אקסטרא,יחידה,0.00,יחידה,false,,17.90,0.0000,true,1,218035
7290111344503,false,חיתולי האגיס אקסטרה קייר מידה +4 36 יח',חוגלה קימברלי,IL,האגיס אקסטרא קייר 4,יחידה,0.00,יחידה,false,,49.90,0.0000,false,1,218059
7290111344510,false,נייר אפייה ניקול בשקית 100 יח,אופל,IL,ניירות אפיה נשלפים א,יחידה,0.00,יחידה,false,,23.90,0.0000,true,1,217572
7290111344527,false,ניקול שקיות אשפה XXL לפחים ענקיים 20 יחי,אשפלסט,IL,שקיות אשפה לפח ענק X,יחידה,0.00,יחידה,false,,24.90,0.0000,true,1,216579
7290111344572,false,ניקול שקיות אשפה עם ידיות 25 יח',סנאט,IL,שקיות אשפה עם ידיות,יחידה,0.00,יחידה,false,,19.90,0.0000,true,1,260629
7290111344626,false,מגבות מטבח אנטיבקריאליות,,IL,מגבות מטבח אנטיבקטרי,יחידה,0.00,יחידה,false,,19.90,0.0000,true,1,263455
7290111344633,false,משטח ייבוש כלים אנטיבקטריאלי,,IL,משטח ייבוש כלים אנטי,יחידה,0.00,יחידה,false,,19.90,0.0000,true,1,263453
7290111344701,false,זוג סנדוויצ'ון שקיות אוכל M מניונים 250 יח',חוגלה קימברלי,IL,ניקול סנדוויצ'ון מהד,יחידה,0.00,יחידה,false,,14.90,0.0000,false,1,263454
7290111344824,false,מגן תחתון קוטקס אקסטרא אנטיבקטריאלי לארג',חוגלה,CN,מגן תחתון קוטקס אנטי,יחידה,0.00,יחידה,false,,17.90,0.0000,true,1,260632
7290111344831,false,קוטקס - מגיני יום אקסטרא פרוטקט נורמל ביג 60 יח',חוגלה קימברלי,CN,מגן תחתון קוטקס אקסט,יחידה,0.00,יחידה,false,,17.90,0.0000,true,1,260630
7290111344855,false,קוטקס - מגיני יום אקסטרא פרוטקט לארג' ביג 52 יח',חוגלה קימברלי,CN,מגן תחתון קוטקס אקסט,יחידה,0.00,יחידה,false,,17.90,0.0000,true,1,260631
7290111344879,false,קוטקס מגיני תחתון 2IN1 מחזור+שתן 44 יחיד,חוגלה,CN,מגן תחתון קוטקס 2 ב-,יחידה,0.00,יחידה,false,,17.90,0.0000,true,1,260633
7290111344916,false,ניקול כריות יפניות אנטיבקטריאליות 6 יח,חוגלה קימברלי,IL,ניקול כריות יפניות א,יחידה,0.00,יחידה,false,,10.90,0.0000,true,1,218032
7290111344930,false,מטליות לחות לרצפה בניחוח מרכך כביסה 10 יח' ניקול,עלבד,IL,ניקול מטליות לחות לר,יחידה,0.00,יחידה,false,,10.90,0.0000,true,1,260524
7290111344978,false,רדיד אלומיניום ניקול עבה 60 מטר,"אופל בע""מ",IL,ניקול רדיד אלומיניום,יחידה,0.00,יחידה,false,,39.90,0.0000,true,1,218033
7290111345043,false,ניקול מטליות מיקרופייבר דו צדדיות למשטח,סדובסקי,IL,מטליות מיקרופייבר למ,יחידה,0.00,יחידה,false,,13.90,0.0000,true,1,260508
7290111345050,false,כריות מיקרופייבר ניקול לניקוי עדין,,IL,כריות ניקול מיקרופיי,יחידה,0.00,יחידה,false,,10.90,0.0000,true,1,260509
7290111345722,false,ניקול שקיות לשמירה על הטריות 5 יח',,CN,שקיות ניקול לשמירת ה,יחידה,0.00,יחידה,false,,14.90,0.0000,false,1,263353
7290111345753,false,תחבושות נטורל דואו נורמל 24 יח' קוטקס,קריות זול,CZ,תחבושות קוטקס נטורל,יחידה,0.00,יחידה,false,,17.90,0.0000,true,1,261261
7290111345777,false,תחבושת קוטקס כותנה לילה 16 יח' קוטקס,קריות זול,CZ,תחבושות קוטקס נטורל,יחידה,0.00,יחידה,false,,17.90,0.0000,true,1,261263
7290111345814,false,נייר טואלט לילי נטורל קר 30 גלילים מהדורה,קימברלי קלארק,IL,נייר טואלט לילי נטור,יחידה,0.00,יחידה,false,,36.90,0.0000,false,1,260790
7290111345982,false,ניקול דפי ספוגיות הקסם 10 יח,חוגלה קימברלי,IL,דפי ספוגית הקסם ניק,יחידה,0.00,יחידה,false,,10.90,0.0000,false,1,261593
7290111346125,false,מארז שלישייה מגבוני דיילי קר ללא בישום *56 יח' האגיס,קימברלי,IL,מגבוני האגיס 1/3 ללא,יחידה,0.00,יחידה,false,,15.90,0.0000,false,1,263947
7290111346293,false,מגבות ניקול שישייה מהדורה חגיגית,קימברלי קלארק,IL,שישיה נייר מגבת ניקו,יחידה,0.00,יחידה,false,,10.90,0.0000,false,1,262446
7290111346347,false,מגבוני אף אוריגינל סופט חמישיה קלינקס,חוגלה קימברלי,IL,טישו קלינקס אורגינל,יחידה,0.00,יחידה,false,,15.90,0.0000,false,1,263293
7290111346453,false,ניקול כריות קרצוף עם סיבי נירוסטה,,,ניקול כרית קירצוף ני,יחידה,0.00,יחידה,false,,10.90,0.0000,false,1,264137
7290111350030,false,רסק תפוחי עץ טבעי בצנצנת 670 גרם קלית גת,"ג'י אנד ג'י בע""מ",IL,רסק תפוחי עץ טבעי קל,גרמים,670.00,100 גרם,false,,10.90,0.0163,true,1,195567
7290111350719,false,חטיף נאצוס הוטפופ בסגנון מסעדות 322 גר,ליימן מותגים,US,נאצ'וס הוטפופ בסגנון,גרמים,322.00,100 גרם,false,,15.90,0.0494,true,1,206720
7290111350726,false,חטיף נאצוס הוטפופ בסגנון מקסיקני 322 גר,ליימן מותגים,US,נאצ'וס בסגנון מקסיקנ,גרמים,322.00,100 גרם,false,,15.90,0.0494,true,1,206721
7290111350740,false,הוט פופ קידס טבעי+מלח 500 ג' +5 גביעים,ליימן מותגים,US,פופקורן הוטפופ אריזת,גרמים,500.00,100 גרם,false,,15.00,0.0300,true,1,205001
7290111351280,false,תערובת אגוזים קלויים ללא מלח 150 גרם,קליית גת,IL,תערובת אגוזים קלויים,גרמים,150.00,100 גרם,false,,16.50,0.1100,true,1,205375
7290111352140,false,חמוציות מיובשות ברכז תפוחים קליית גת 150,קליית גת,IL,חמוציות מיובשות ברכז,גרמים,150.00,100 גרם,false,,11.50,0.0767,true,1,210080
7290111352935,false,יוגטה סוכריות טופי ממולאות 600 גרם 3 טעמים,תות ממתקי איכות,TR,יוגטה סוכריות טופי מ,גרמים,600.00,100 גרם,false,,14.90,0.0248,true,1,213814
7290111352942,false,יוגטה סוכריות טופי ללא גלוטן 850 ג',יוגטה yogueta,,יוגטה סוכריות טופי 8,גרמים,850.00,100 גרם,false,,19.90,0.0234,true,1,259501
7290111352959,false,גומי יוגטה מקלותי חמוצים טעם פירות 80 גר,יוגטה yogueta,TR,מקלות חמוצים סוכריות,גרמים,80.00,100 גרם,false,,8.00,0.1000,true,1,216091
7290111352966,false,יוגטה סוכריות ממולאות בטעם פירות 250 גרם ללא ג'לטין,ליימן שליסל,TR,יוגטה סוכריות ממולאו,גרמים,250.00,100 גרם,false,,7.90,0.0316,true,1,213962
7290111352973,false,יוגוטה קוביות חמוצות ממולאות בטעם פירות,יוגטה yogueta,TR,קוביות חמוצות 220 גר,גרמים,220.00,100 גרם,false,,7.90,0.0359,true,1,215645
7290111353093,false,יוגטה סוכריות טופי בטעם פירות בצורת מקלות 600 ג',יוגטה,,סוכריות טופי בטעמי פ,גרמים,600.00,100 גרם,false,,14.90,0.0248,true,1,217150
7290111353123,false,"גומי נחש מסוכר 200 גר' וסטהיים (כש""לפ בית יוסף)",טופגם תעשיות ממתקים,IL,סוכריות גומי נחשים מ,גרמים,200.00,100 גרם,false,,9.90,0.0495,true,1,215737
7290111353246,false,סוכריות גומי יין 800 גרם יוגטה,טופגם תעשיות ממתקים,TR,סוכריות גומי יין 800,גרמים,800.00,100 גרם,false,,20.00,0.0250,true,1,215801
7290111353680,false,גרעיני חמנייה קלויים,קליית גת,,גרעיני חמנייה 350 גר,גרמים,350.00,100 גרם,false,,11.50,0.0329,true,1,217324
7290111354236,false,"טורטייה מרקדו קמח חיטה 25 ס""מ",,,"טורטייה גודל 25 ס""מ",גרמים,420.00,100 גרם,false,,9.90,0.0236,true,1,263063
7290111354243,false,"טורטייה מרקדו קמח חיטה 30 ס""מ 540 גר",,,"טורטייה 30 ס""מ מקמח",גרמים,540.00,100 גרם,false,,10.90,0.0202,true,1,263064
7290111563492,false,סלטי צבר מטבוחה חריפה מרובע 6*400גרם,סלטי צבר,IL,סלטי צבר מטבוחה חרי,גרמים,400.00,100 גרם,false,,11.90,0.0298,true,1,202019
7290111564239,false,מאגדת מיני קראנץ וניל 5 יח' נסטלה,גלידות נסטלה (נגה גל,IL,מאגדת שלגונים מיני ק,גרמים,275.00,100 גרם,false,,27.50,0.1000,true,1,200853
7290111564277,false,פריכיות דקות ונימוחות 3 דגנים פיטנס Fitness,פרח תעשיות,IL,פיטנס פריכיות 3 דגני,גרמים,120.00,100 גרם,false,,10.90,0.0908,true,1,198666
7290111564291,false,פריכיות דקות ונימוחות 3 דגנים וקינואה פיטנס Fitness,פרח תעשיות,IL,פיטנס פריכיות דקות ע,גרמים,120.00,100 גרם,false,,10.90,0.0908,true,1,198667
7290111564727,false,עוגיות אסם קרמוגית וקרם אגוזים אסם 200ג',מיוצר עי קונדיטוריית,IL,קרמוגית במילוי אגוזי,גרמים,200.00,100 גרם,false,,11.50,0.0575,true,1,200471
7290111564765,false,בייגל בונז'ור,,,בייגל בונז'ור,גרמים,160.00,100 גרם,false,,5.00,0.0313,true,1,199229
7290111564956,false,"ביסלי במבה מיקס 200 גרם ""אסם""",פרו מן יו פתרונות אר,IL,חטיף ביסלי במבה 200,גרמים,200.00,100 גרם,false,,9.70,0.0485,false,1,202064
7290111565038,false,"לה קרמריה וניל קוקילידה בד""צ 1.4 ל'",לה קרמריה- נסטלה,IL,גלידת קרמריה וניל קו,יחידה,0.00,יחידה,false,,22.90,0.0000,false,1,202206
7290111565502,false,ארטיק אוראו וניל ועוגיות סנדוויץ נסטלה 80 ג',ג'נרל מילס סאן אדריא,IT,שלגון אוראו,גרמים,80.00,100 גרם,false,,9.90,0.1238,true,1,200878
7290111566103,false,טבעול פלאפל מרכיבים ביתיים בלבד 590 גרם,עיצובים 2020 (4.8),IL,טבעול פלאפל מרכיבים,גרמים,590.00,100 גרם,false,,31.00,0.0525,true,1,201340
7290111566127,false,מאגדת אוראו מיני סנדוויץ' 6 יח' נסטלה,ג'נרל מילס סאן אדריא,IT,מאגדת שלגונים אוראו,גרמים,198.00,100 גרם,false,,21.90,0.1106,true,1,200879
7290111566240,false,שניצל דק מן הצומח בטעם צ'ילי חריף 700 גרם,עיצובים 2020 (4.8),IL,שניצל דק בטעם צ'ילי,גרמים,564.00,100 גרם,false,,31.00,0.0550,true,1,201352
7290111566271,false,טבעול חטיפי תירס 657גרם,עיצובים 2020 (4.8),IL,טבעול חטיפי תירס 657,גרמים,657.00,100 גרם,false,,28.90,0.0440,false,1,200866
7290111566318,false,שניצל דק מן הצומח בטעם ביתי 700 גרם,עיצובים 2020 (4.8),IL,טבעול שניצל דק מהצומ,גרמים,564.00,100 גרם,false,,31.00,0.0550,true,1,201494
7290111566332,false,"נקניקיות וינר מן הצומח 680 גרם ""טבעול""",עיצובים 2020 (4.8),IL,טבעול נקנקיות וינר צ,גרמים,680.00,100 גרם,false,,31.00,0.0456,true,1,200774
7290111566417,false,טבעול טחון מן הצומח משופר 400 גרם,עיצובים 2020 (4.8),IL,טבעול טחון צמחוני,גרמים,500.00,100 גרם,false,,29.90,0.0598,false,1,201710
7290111566547,false,טבעול חזה בגריל צמחוני 99 קלוריות 560ג',עיצובים 2020 (4.8),IL,חזה בגריל צמחוני טבע,גרמים,560.00,100 גרם,false,,31.00,0.0554,true,1,201067
7290111566561,false,"שניצל ברוקולי 99 קלוריות 560 גר' ""טבעול""",עיצובים 2020 (4.8),IL,טבעול שניצל ברוקולי,גרמים,560.00,100 גרם,false,,31.00,0.0554,true,1,201068
7290111566585,false,"שניצל צמחוני 99 קלוריות 650 גר' ""טבעול""",עיצובים 2020 (4.8),IL,טבעול שניצל צמחוני 9,גרמים,650.00,100 גרם,false,,31.00,0.0477,true,1,201069
7290111566660,false,טבעול קציצות עדשים כתומות 525 גרם,עיצובים 2020 (4.8),IL,טבעול קציצות עדשים כ,גרמים,530.00,100 גרם,false,,31.00,0.0585,true,1,201963
7290111566691,false,"שניצל תרד 99 קלוריות 560 גרם ""טבעול""",עיצובים 2020 (4.8),IL,טבעול שניצל תרד 99 ק,גרמים,560.00,100 גרם,false,,31.00,0.0554,true,1,201070
7290111566714,false,טבעול המבורגר צמחוני 99 קלוריות 600 גר',עיצובים 2020 (4.8),IL,טבעול המבורגר צמחוני,גרמים,600.00,100 גרם,false,,31.00,0.0517,true,1,201071
7290111566752,false,טבעול שניצל תירס 99 קלוריות 693 גר',עיצובים 2020 (4.8),IL,טבעול שניצל תירס 99,גרמים,693.00,100 גרם,false,,31.00,0.0447,true,1,201072
7290111566776,false,"נקניקיות קוקטייל מן הצומח 680 גרם ""טבעול""",עיצובים 2020 (4.8),IL,טבעול נקנקיות קוקטיי,גרמים,680.00,100 גרם,false,,31.00,0.0456,true,1,200775
7290111568206,false,ביסלי פארטי מיקס 150 ג' אסם,פרו מן יו פתרונות אר,IL,ביסלי פארטי מיקס,גרמים,150.00,100 גרם,false,,9.00,0.0600,false,1,202483
7290111568251,false,אטריות נודלס להקפצה אסם אסייתי 350 גר',תאי פרזידנטפוד,TH,נודלס אטריות להקפצה,גרמים,350.00,100 גרם,false,,9.90,0.0283,true,1,202564
7290111568275,false,אטריות נודלס אורז רחבות אסם אסייתי 300גרם,תאי פרזידנט,TH,נודלס אטריות אורז רח,גרמים,300.00,100 גרם,false,,9.90,0.0330,true,1,202565
7290111568299,false,אטריות נודלס עם תרד אסם אסייתי 300 גר',זארה,IT,נודלס איטריות עם תרד,גרמים,300.00,100 גרם,false,,9.90,0.0330,true,1,203139
7290111568466,false,רוטב אסייתי למוקפץ הסדרה האסייתית,"אסם תעשיות בע""מ",IL,רוטב אסייתי למוקפץ 2,מיליליטרים,290.00,"100 מ""ל",false,,13.90,0.0479,true,1,202640
7290111568961,false,אסם בייגלה טבעות מלח 400 גרם,אסם,IL,בייגלה טבעות מלח אסם,גרמים,400.00,100 גרם,false,,11.00,0.0275,true,1,203010
7290111663093,false,מפיות,,,מפיות,יחידה,0.00,יחידה,false,,4.50,0.0000,true,1,263835
7290111666230,false,"מגש עגול 30 ס""מ-דקל-",,,מגש עגול,יחידה,0.00,יחידה,false,,9.90,0.0000,true,1,217933
7290111666551,false,צלחת גדולה גלקסי לבן,,,צלחת גדולה גלקסי לבן,יחידה,0.00,יחידה,false,,16.90,0.0000,true,1,217493
7290111873607,false,כוס במבוק כח פי ג'יי,,,כוס במבוק כח פי ג'יי,יחידה,0.00,יחידה,false,,7.90,0.0000,true,1,207693
7290111873621,false,צלחת במבוק 23 כח פי גיי,,,צלחת במבוק כח פי גיי,יחידה,0.00,יחידה,false,,12.90,0.0000,true,1,207661
7290111930898,false,חטיף פוף כוכבים גריל אמריקאי 40 גרם,פוף POOF,IL,פוף כוכבים גריל אמרי,יחידה,0.00,יחידה,false,,3.90,0.0000,true,1,200001
7290111930904,false,חטיף פוף כוכבים בצל 40 גרם,פוף POOF,IL,פוף כוכבים 40 גרם,יחידה,0.00,יחידה,false,,3.90,0.0000,true,1,199999
7290111930911,false,חטיף פוף לבבות קלאסי 40 גרם,פוף POOF,IL,פוף לבבות קלאסי 40 ג,יחידה,0.00,יחידה,false,,3.90,0.0000,true,1,200000
7290111930928,false,חטיף פוף לבבות גריל 40 גרם,פוף POOF,IL,פוף כוכבים גריל 40 ג,יחידה,0.00,יחידה,false,,3.90,0.0000,true,1,200002
7290111930935,false,חטיף פוף טבעות קלאסי 40 גרם,פוף POOF,IL,פוף טבעות קלאסי 40 ג,יחידה,0.00,יחידה,false,,3.90,0.0000,true,1,200003
7290111931338,false,סבון רחצה פלמוליב לומינוס מועשר בשמנים טבעיים,קולגייט פלמוליב,TR,פלמוליב סבון לומינוס,מיליליטרים,500.00,"100 מ""ל",false,,14.90,0.0298,true,1,202328
7290111932502,false,"משחת שיניים קולגייט אופטיק וייט אקספרט וויט 75 מ""ל",קולגייט Colgate,MX,קולגייט משחת אופטיק,מיליליטרים,75.00,"100 מ""ל",false,,25.90,0.3453,true,1,203946
7290111933462,false,"רוטב צ'ילי מתוק מאסטר שף 300 מ""ל",סיטי פוד,TH,רוטב צ'ילי מתוק מאסט,מיליליטרים,300.00,"100 מ""ל",false,,7.90,0.0263,true,1,201965
7290111933554,false,עגבניות איטלקיות קוביות - מארז שלישיה,קונסוריזיו קאסאלסקו,IT,מאסטר שף עגבניות קוב,קילוגרמים,1.20,"ק""ג",false,,15.90,13.2500,true,1,204279
7290111933561,false,מאסטר שף תערובת ציפוי נגטס 250 גרם,טסט וסנט קו.לטד,TH,תערובת ציפוי נאגטס,גרמים,250.00,100 גרם,false,,7.90,0.0316,true,1,208025
7290111933998,false,תבנית קוקי אינגליש עם נייר אפייה 4 יח,קוקי,CN,קוקי תבנית אינגליש ק,יחידה,0.00,יחידה,false,,9.90,0.0000,true,1,206763
7290111934049,false,קוקי רדיד אלומניום כ,,CN,קוקי רדיד אלומיניום,יחידה,0.00,יחידה,false,,15.90,0.0000,true,1,210886
7290111934827,false,"סבון ידיים פלמוליב היגיינה 300 מ""ל",פלמוליב Palmolive,TR,פלמוליב סבון ידיים ה,מיליליטרים,300.00,"100 מ""ל",false,,10.90,0.0363,true,1,206809
7290111935527,false,"מ. שיניים קולגייט טוטל קלין מיניט -זוג כשל""פ2*100 גרם",קיטים,PL,קולגייט טוטל קלין מי,מיליליטרים,200.00,"100 מ""ל",false,,28.90,0.1445,true,1,206086
7290111935800,false,דאו ליידי ספיד סטיק דרמה ויטמין אי 45 גר,ליידי ספיד סטיק Lady Speed Stick,US,ליידי ספיד סטיק דרמה,יחידה,0.00,יחידה,false,,19.90,0.0000,true,1,207482
7290111935961,false,מאסטר שף מחית עגבניות 690 גרם,פראנו אנריקו ופיגלי,IT,מאסטר שף מחית עגבניו,גרמים,690.00,100 גרם,false,,11.90,0.0172,true,1,207202
7290111936203,false,"ליידי ספיד סטיק דרמה ספריי ויטמין אי 150 מ""ל",ליידי ספיד סטיק Lady Speed Stick,RU,ליידי ספיד סטיק דרמה,יחידה,0.00,יחידה,false,,14.90,0.0000,true,1,207483
7290111936296,false,"פלמוליב סבון נוזלי בניחוח סנסיישן מסאז' ,750 מ""ל",קולגייט פלמוליב,TR,פלמוליב ארומה סנסייש,מיליליטרים,750.00,"100 מ""ל",false,,19.90,0.0265,true,1,206980
7290111937231,false,פרי מארז חטיפים 5 יחידות תמרים וקוקוס כשלפ,טבעית מוצרים מן הטבע,IL,חטיפי פרי תמרים וקוק,גרמים,125.00,100 גרם,false,,16.50,0.1320,true,1,205909
7290111937248,false,פרי מארז חטיפים 5 יחידות תמרים קשיו ונגיעות לוז כשלפ,הדקלאים אגודת שיתופי,IL,חטיפי פרי תמרים קשיו,גרמים,125.00,100 גרם,false,,16.50,0.1320,true,1,205908
7290111937712,false,רדיד אלומיניום קוקי עטוף בנייר אפייה,קוקי,CN,קוקי רדיד אלומיניום,יחידה,0.00,יחידה,false,,10.90,0.0000,true,1,210782
7290111938481,false,"רוטב סויה בהירה מאסטר שף 300 מ""ל",מאסטר שף,TH,מאסטר שף רוטב סויה ב,מיליליטרים,300.00,"100 מ""ל",false,,8.90,0.0297,true,1,211922
7290111938498,false,"מנה אסייאתי רוטב סויה בהירה 700 מ""ל מ.שף",קי.אר.אס. ספייסי פוד,TH,מאסטר שף רוטב סויה ב,מיליליטרים,700.00,"100 מ""ל",false,,12.90,0.0184,true,1,210962
7290111939174,false,קוקי ניילון נצמד עם גומי מידה לארג,קוקי,CN,קוקי ניילון נצמד עם,יחידה,0.00,יחידה,false,,9.90,0.0000,true,1,210889
7290111939181,false,קוקי כיסוי ניילון עם גומי מיקס מידות,שסטוביץ,CN,קוקי ניילון נצמד עם,יחידה,0.00,יחידה,false,,9.90,0.0000,true,1,210890
7290112000057,false,גל כביסה קרטין גולד וולייט 3 ליטר,רקיט בנקיזר,,וולייט ג'ל גולד 3 לי,ליטרים,3.00,ליטר,false,,19.90,6.6333,true,1,200218
7290112000132,false,מפזר אדים אוטומטי + מילוי בניחוח לבנדר ופריחת השקד,איירוויק Air Wick,HU,אירוויק מפיץ אדים קו,מיליליטרים,20.00,"100 מ""ל",false,,44.90,2.2450,true,1,202752
7290112000156,false,"איירוויק מילוי מפיץ אדים אוטמטי לבנדר 20 מ""ל",איירוויק Air Wick,HU,אירוויק מילוי מפיץ א,מיליליטרים,20.00,"100 מ""ל",false,,19.90,0.9950,true,1,202754
7290112000163,false,מילוי למפזר אדים בניחוח יסמין ואדמונית,איירוויק Air Wick,HU,אירוויק מילוי מפיץ א,מיליליטרים,20.00,"100 מ""ל",false,,19.90,0.9950,true,1,202755
7290112000286,false,"גל לניקוי אסלות סיליט באנג לימון 750 מ""ל",סיליט באנג Cillit Bang,PL,סיליט ג'ל אסלות לימו,מיליליטרים,750.00,"100 מ""ל",false,,9.90,0.0132,true,1,200633
7290112000293,false,"גל לניקוי אסלות סיליט באנג מרענן 750 מ""ל",סיליט באנג Cillit Bang,PL,סיליט ג'ל אסלות פרש,מיליליטרים,750.00,"100 מ""ל",false,,9.90,0.0132,true,1,200634
7290112000385,false,מנקה ומחטא עוצמתי למטבח ללא אקונומיקה,רקיט בנקיזר,PL,דטול תרסיס למטבח 750,יחידה,0.00,יחידה,false,,14.90,0.0000,true,1,204097
7290112000392,false,מנקה ומחטא עוצמתי לחדר האמבטיה ללא אקונומיקה,רקיט בנקיזר,PL,דטול תרסיס לאמבטיה 7,יחידה,0.00,יחידה,false,,14.90,0.0000,true,1,204098
7290112000408,false,מנקה ומחטא עוצמתי לניקוי כללי בניחוח לימון,רקיט בנקיזר,US,דטול תרסיס לניקוי כל,מיליליטרים,750.00,"100 מ""ל",false,,14.90,0.0199,true,1,204099
7290112000736,false,פיניש טבליות aio 80 יח אריזת חסכון,רקיט בנקיזר,IL,פיניש 80 טבליות,יחידה,0.00,יחידה,false,,59.90,0.0000,true,1,202867
7290112000798,false,"דיטול תרסיסי חיטוי וניקוי אנטי בקטריאלי 750 מ""ל",רקיט בנקיזר,US,דטול תרסיס חיטוי וני,יחידה,0.00,יחידה,false,,14.90,0.0000,true,1,204100
7290112000828,false,דטול - מגבונים חיטוי וניקוי אנטי בקטריאלי 60 יח',רקיט בנקיזר,PL,דטול מגבונים חיטוי ו,יחידה,0.00,יחידה,false,,14.90,0.0000,true,1,204101
7290112000842,false,דטול מגבונים לניקוי כללי בניחות לימון 60 יח',רקיט בנקיזר,US,דטול מגבונים לניקוי,יחידה,0.00,יחידה,false,,14.90,0.0000,true,1,204102
7290112000873,false,מטליות לחות לחדר האמבטיה מנקה ומחטא עוצמתי,רקיט בנקיזר,US,דטול מגבונים לאמבטיה,יחידה,0.00,יחידה,false,,14.90,0.0000,true,1,204103
7290112000880,false,מטליות לחות למטבח מנקה ומחטא עוצמתי,רקיט בנקיזר,PL,דטול מגבונים למטבח 6,יחידה,0.00,יחידה,false,,14.90,0.0000,true,1,204104
7290112001023,false,"אירוויק ספרי אוטמטי מילוי תענוגות האביב 250 מ""ל",איירוויק Air Wick,HU,אירוויק מילוי אוטומט,יחידה,0.00,יחידה,false,,14.90,0.0000,true,1,204527
7290112001030,false,"אירוויק ספרי אוטמטי מילוי פריחת הדובדבן 250 מ""ל",איירוויק Air Wick,HU,איירוויק מילוי אוטומ,יחידה,0.00,יחידה,false,,14.90,0.0000,true,1,204469
7290112001221,false,מנקה מכונת כביסה בניחוח נקי ורענן,רקיט בנקיזר,PT,קולון מנקה מכונת כבי,מיליליטרים,250.00,"100 מ""ל",false,,19.90,0.0796,true,1,204771
7290112001238,false,"מנקה מכונת כביסה קולון לימון 250 מ""ל",רקיט בנקיזר,ES,קולון מנקה מכונת כבי,מיליליטרים,250.00,"100 מ""ל",false,,19.90,0.0796,true,1,204772
7290112001436,false,"פיניש מנקה מדיח כלים בניחוח לימון 250 מ""ל",רקיט בנקיזר,PL,פיניש מנקה מדיח בניח,יחידה,0.00,יחידה,false,,14.90,0.0000,true,1,210574
7290112001870,false,"סיליט באנג ספריי ניקוי אמבטיה 750 מ""ל",רקיט בנקיזר,PL,סיליט טריגר אמבטיה,מיליליטרים,750.00,"100 מ""ל",false,,14.90,0.0199,true,1,209721
7290112001900,false,פיניש ג'ל למדיח אקולוגי 1 ליטר,RECKITT BENCKISER PR,PL,פיניש ג'ל 1 ליטר אקו,ליטרים,1.00,ליטר,false,,39.90,39.9000,true,1,209381
7290112002044,false,טבליות פיניש מנקה מדיח 3 יח,רקיט בנקיזר,PL,פיניש טבליות לניקוי,גרמים,51.00,100 גרם,false,,14.90,0.2922,true,1,209383
7290112002099,false,קולון גל כביסה מרוכז 2.5 ליטר קלאסי,רקיט בנקיזר,IL,קולון ג'ל כביסה 2.5,ליטרים,2.50,ליטר,false,,24.90,9.9600,true,1,209263
7290112002105,false,קולון גל כביסה מרוכז 2.5 ליטר ניחוח לילך,רקיט בנקיזר,IL,קולון ג'ל כביסה מרוכ,ליטרים,2.50,ליטר,false,,24.90,9.9600,true,1,209264
7290112002112,false,ג'ל כביסה מרוכז קולון 101 בניחוח ורדים,רקיט בנקיזר,IL,קולון ג'ל כביסה 2.5,ליטרים,2.50,ליטר,false,,24.90,9.9600,true,1,209265
7290112002129,false,ג'ל כביסה מרוכז קולון 101 בניחוח פריחה מרענן,רקיט בנקיזר,IL,קולון ג'ל כביסה 2.5,ליטרים,2.50,ליטר,false,,24.90,9.9600,true,1,209266
7290112002136,false,ג'ל כביסה מרוכז קולון 101 קלאסי,רקיט בנקיזר,IL,קולון ג'ל כביסה 4 לי,ליטרים,4.00,ליטר,false,,34.90,8.7250,true,1,209260
7290112002143,false,ג'ל כביסה מרוכז קולון 101 בניחוח לילך,רקיט בנקיזר,IL,קולון ג'ל כביסה 4 לי,ליטרים,4.00,ליטר,false,,34.90,8.7250,true,1,209261
7290112002167,false,ג'ל כביסה מרוכז קולון 101 בניחוח פריחה מרענן,רקיט בנקיזר,IL,קולון ג'ל כביסה 4 לי,ליטרים,4.00,ליטר,false,,34.90,8.7250,true,1,209262
7290112002990,false,"סיליט ספריי אבקת סודה להסרת שומנים 750 מ""ל",רקיט בנקיזר,PL,מרסס סיליט באנג מסיר,מיליליטרים,750.00,"100 מ""ל",false,,16.90,0.0225,true,1,213519
7290112003096,false,קולון מבשם כביסה טבעי רענן (ירוק),רקיט בנקיזר,ES,קולון מבשם בדים טבעי,מיליליטרים,300.00,"100 מ""ל",false,,13.90,0.0463,true,1,215651
7290112003140,false,"אירוויק ספרי אוטמטי מילוי מנגו מרענן 250 מ""ל",RECKITT BENCKISER UK,GB,אירוויק פרשמטיק מילו,מיליליטרים,250.00,"100 מ""ל",false,,14.90,0.0596,true,1,212846
7290112003188,false,קולון קפסולות גל לכביסה 60 יחידות,רקיט בנקיזר,IT,קולון קפסולות 60 יח',יחידה,0.00,יחידה,false,,49.90,0.0000,true,1,215055
7290112003232,false,אבקת כביסה בניחוח לבנדר קולון 5 ק''ג,זוהר דליה,,קולון אבקת כביסה לבנ,קילוגרמים,5.00,"ק""ג",false,,39.90,7.9800,true,1,213725
7290112003959,false,וניש מסיר כתמים אבקה לכביסה צבעונית 470 גרם,רקיט בנקיזר,IT,וניש מסיר כתמים אבקה,גרמים,470.00,100 גרם,false,,16.90,0.0360,true,1,219854
7290112004031,false,ג'ל מסיר כתמים לכביסה צבעונית וניש אוקסי אקשן,קליה וניש Kalia Vanish,,"וניש גולד ג'ל 940 מ""",מיליליטרים,940.00,"100 מ""ל",false,,19.90,0.0212,true,1,260403
7290112004192,false,פיניש טבליות אקולוגי,רקיט בנקיזר,PL,פיניש טבליות למדיח א,יחידה,0.00,יחידה,false,,54.90,0.0000,true,1,259702
7290112004314,false,"דטול - תרסיס חיטוי וניקוי בניחוח לימון רימונים 750 מ""ל",רקיט בנקיזר,PL,דטול תרסיס מנקה ומחט,מיליליטרים,750.00,"100 מ""ל",false,,14.90,0.0199,true,1,219851
7290112004321,false,מגבונים לניקוי כללי בניחוח רימונים וליים 60 יח' דטול,רקיט בנקיזר,PL,דטול מטליות לחות לני,יחידה,0.00,יחידה,false,,14.90,0.0000,true,1,219852
7290112004413,false,ניש ספריי להסרת כתמים מבגדים לבנים 750 מ,רקיט בנקיזר,PL,וניש ספריי הסרת כתמי,מיליליטרים,750.00,"100 מ""ל",false,,16.90,0.0225,true,1,262272
7290112004611,false,"וניש קליה ג'ל מרוכז לטיפול נקודתי בכתמים 200 מ""ל",רקיט בנקיזר,PT,ווניש פאואר ג'ל 200,מיליליטרים,200.00,"100 מ""ל",false,,16.90,0.0845,true,1,261268
7290112004772,false,אירוויק מילוי מבשם חשמלי כביסה באוויר,RECKITT BENCKISER HU,HU,מילוי מבשם אוויר חשמ,יחידה,0.00,יחידה,false,,14.90,0.0000,true,1,263381
7290112004963,false,"פיניש אולטימייט קפסולות לניקוי כלים במדיח, 25 יחידות",רקיט בנקיזר,PL,פיניש אולטימייט 25 ט,יחידה,0.00,יחידה,false,,39.90,0.0000,true,1,263562
7290112004970,false,פיניש קפסולות אולטימיט למדיח 50 יח',רקיט בנקיזר,IL,פיניש אולטימייט 50 י,יחידה,0.00,יחידה,false,,54.90,0.0000,true,1,263524
7290112004994,false,איירוויק מילוי אוטומטי יסמין מבשם אויר אטומטי,RB בריטניה,IL,איירוויק מילוי אוטומ,מיליליטרים,250.00,"100 מ""ל",false,,14.90,0.0596,true,1,262759
7290112005045,false,וניש מסיר כתמים אבקה לכביסה לבנה 480 גרם,רקיט בנקיזר,IT,וניש אבקה לכביסה לבנ,גרמים,480.00,100 גרם,false,,16.90,0.0352,true,1,263256
7290112005052,false,וניש תוסף כביסה רב תכליתי לבגדים לבנים,קליה וניש Kalia Vanish,IT,וניש אבקה לכביסה לבנ,גרמים,1500.00,100 גרם,false,,39.90,0.0266,true,1,263179
7290112005076,false,וניש תוסף כביסה רב תכליתי צבעוני 480 גרם,רקיט בנקיזר,IT,וניש אבקה לכביסה צבע,גרמים,480.00,100 גרם,false,,16.90,0.0352,true,1,263257
7290112005083,false,וניש תוסף כביסה רב תכליתי לכביסה צבעונית,קליה וניש Kalia Vanish,IT,וניש אבקה לכביסה צבע,גרמים,1500.00,100 גרם,false,,39.90,0.0266,true,1,263255
7290112005168,false,טבליות למדיח פיניש קוואנטום לימון 60 יח,רקיט בנקיזר,PL,פיניש קוואנטום לימון,יחידה,0.00,יחידה,false,,59.90,0.0000,true,1,263382
7290112192509,false,פירורי לחם ללא גלוטן 250 גר GFREE,אשבל מזון פונקציונלי,IL,פרורי לחם 250 גר' GF,גרמים,250.00,100 גרם,false,,18.90,0.0756,true,1,206230
7290112192561,false,משחת שיניים whitening עם פלואוריד להגנה מלאה,ג'י.אס.קיי קונסיומר,IE,פרדונטקס משחה הגנה מ,מיליליטרים,75.00,"100 מ""ל",false,,34.90,0.4653,true,1,209487
7290112192578,false,משחת שיניים פרודונטקס אקסטרה פרש הגנה מלאה,ג'י.אס.קיי קונסיומר,IE,פרדונטקס משחת שיניים,מיליליטרים,75.00,"100 מ""ל",false,,34.90,0.4653,true,1,209488
7290112192875,false,"סנסודיין - משחת שיניים רגישות וחניכיים 75 מ""ל",סנסודיין Sensodyne,GB,משחת שיניים סנסודיין,יחידה,0.00,יחידה,false,,34.90,0.0000,true,1,210549
7290112192882,false,"סנסודיין - משחת שיניים רגישות וחניכיים מלבינה 75 מ""ל",ג'י.אס.קיי קונסיומר,GB,משחת שיניים סנסודיין,יחידה,0.00,יחידה,false,,34.90,0.0000,true,1,210550
7290112193315,false,"סטייל - מתולתלות קרם לחות להורדת פריז 400 מ""ל",א.ל ארמן,IL,סטייל קרם לחות מתולת,מיליליטרים,400.00,"100 מ""ל",false,,29.90,0.0747,true,1,213574
7290112193582,false,תערובת להכנת עוגה שוקולד 500 גר G FREE,,IL,תערובת לעוגת שוקולד,גרמים,500.00,100 גרם,false,,22.90,0.0458,true,1,215970
7290112195227,false,אטריות ביצים דקיקות 500 גר,אוריינט,,אוריינט אטריות ביצים,גרמים,500.00,100 גרם,false,,13.90,0.0278,true,1,218058
7290112196767,false,עוגיות סנדוויץ כוסמי,,,עוגיות סנדוויץ כוסמי,גרמים,300.00,100 גרם,false,,14.90,0.0497,true,1,260506
7290112196774,false,ביסקוויט כוסמין חצי מצופה 175 גרם,,,ביסקוויט מקמח כוסמין,גרמים,175.00,100 גרם,false,,11.90,0.0680,true,1,260504
7290112196804,false,קמח כוסמין 80% מנופה 1קג,,,קמח כוסמין 80% מנופה,קילוגרמים,1.00,"ק""ג",false,,16.90,16.9000,true,1,219535
7290112196996,false,שלישיית סבון ידיים אדום סטייל,,,סבון ידיים אדום 500,מיליליטרים,1500.00,"100 מ""ל",false,,12.90,0.0086,true,1,261267
7290112197047,false,בארון - כדורי אנרגיה בטעם בראוני אגוזים 100 גרם,,,כדורי אנרגיה בטעם בר,גרמים,100.00,100 גרם,false,,19.90,0.1990,true,1,262522
7290112197054,false,בארון - כדורי אנרגיה עם תמרים קשיו חמוציות ואסאי 100 גרם,,,כדורי אנרגיה עם תמרי,גרמים,100.00,100 גרם,false,,19.90,0.1990,true,1,262524
7290112197177,false,דגני בוקר במילוי קרם בטעם נוגט ללא גלוטן 375 ג' G FREE,נטורל קייקס,IL,דגני בוקר במילוי קרם,גרמים,375.00,100 גרם,false,,21.90,0.0584,true,1,263519
7290112197207,false,מיני כריות בציפוי שוקולד חלב 70 גר,נטורל קייקס,IL,מיני כריות בציפוי שו,גרמים,65.00,100 גרם,false,,8.50,0.1308,true,1,264125
7290112197221,false,מיני כריות שוקולד לבן 65 גר G FREE,נטורל קייקס,IL,מיני כריות בציפוי שו,גרמים,65.00,100 גרם,false,,8.50,0.1308,true,1,263515
7290112330352,false,"יוגורט PRO בטעם וניל 0% , 20 גרם חלבון בגביע","שטראוס בריאות בע""מ",IL,דנונה פרו 20 גר וניל,גרמים,200.00,100 גרם,false,,5.90,0.0295,false,1,207116
7290112330390,false,יוגורט PRO בטעם פירות יער 0% 20 גרם חלבון בגביע,"שטראוס בריאות בע""מ",IL,דנונה פרו 20 גר פירו,גרמים,200.00,100 גרם,false,,5.90,0.0295,false,1,207121
7290112330420,false,דנונה פרו לבן 2.9% שומן 150 ג',מיוצר עי קונדיטוריית,IL,דנונה פרו לבן 2.9% ש,גרמים,150.00,100 גרם,false,,4.50,0.0300,true,1,205702
7290112332585,false,"פריכיות תפו""א, אורז בתיבול סלק ומלח חי 30 גר'","פרח תעשיו מזון בע""מ",IL,"פריכיות תפו""א אורז ב",גרמים,30.00,100 גרם,false,,5.50,0.1833,true,1,207317
7290112332691,false,פינוקיות עוגיות קרם פסק זמן אגוזים 200 גרם,הגביע מוצרי ופלים בע,IL,עוגיית קרם פסק זמן א,גרמים,200.00,100 גרם,false,,11.50,0.0575,true,1,208087
7290112332875,false,מסטיק מאסט קוביות בטעם מנטה עדינה 86 ג' עלית,שטראוס עלית,DE,מאסט קוביות מנטה עדי,גרמים,86.00,100 גרם,false,,14.90,0.1733,true,1,207154
7290112332899,false,עלית - צנצנת בזוקה פופים קלאסי 58 גרם,רוג'ר אנד רוג'ר,IL,בזוקה פופים קלאסי,גרמים,58.00,100 גרם,false,,9.90,0.1707,true,1,207320
7290112335111,false,מסטיק מאסט קוביות בזוקה ללא גלוטן 86 גר,שטראוס עלית,DE,מאסט קוביות בטעם בזו,גרמים,86.00,100 גרם,false,,14.90,0.1733,true,1,207155
7290112335487,false,פריכיות הטעימות קצח ודגנים אנרגי 135 גר,אנרג'י Energy - שטראוס,IL,הפריכיות הטעימות קצח,גרמים,135.00,100 גרם,false,,12.90,0.0956,true,1,207149
7290112335494,false,הפריכיות הטעימות תפוחי אדמה בטעם פוטטוס,"פרח תעשיות מזון בע""מ",IL,הפריכיות הטעימות פוט,גרמים,135.00,100 גרם,false,,12.90,0.0956,true,1,207150
7290112335500,false,"פרכיות אנרג'י חומוס,אורז,עדשים שחורות וקינואה 135 גרם",אנרג'י Energy - שטראוס,IL,הפריכיות הטעימות חלב,גרמים,135.00,100 גרם,false,,12.90,0.0956,true,1,207151
7290112336613,false,עד חצות עוגיות סנדוויץ במילוי שוקולד חלב,שטראוס גרופ,FR,עד חצות סנדוויץ,גרמים,135.00,100 גרם,false,,10.90,0.0807,true,1,210211
7290112336637,false,סוכריות מאסט Must ללא סוכר יוגורט תות ואוכניות,שטראוס גרופ,PL,סוכריות יוגורט תות א,גרמים,80.00,100 גרם,false,,8.50,0.1063,false,1,209077
7290112336644,false,סוכריות מאסט ללא סוכר לימון 80 ג' עלית,שטראוס גרופ,PL,סוכריות לימון ללא סו,גרמים,80.00,100 גרם,false,,8.50,0.1063,false,1,209078
7290112336651,false,סוכריות מאסט ללא סוכר ריבת חלב 80 ג' עלית,שטראוס גרופ,PL,סוכריות ריבת חלב ללא,גרמים,80.00,100 גרם,false,,8.50,0.1063,false,1,209079
7290112336712,false,יוגורט PRO לבן 0% 21 גרם חלבון בגביע,"שטראוס בריאות בע""מ",IL,דנונה פרו 21 0%,גרמים,200.00,100 גרם,false,,5.90,0.0295,false,1,206156
7290112337474,false,סוכריות מאסט ללא סוכר פטל לימון 80 ג' עלית,שטראוס גרופ,PL,סוכריות פטל לימון לל,גרמים,80.00,100 גרם,false,,8.50,0.1063,false,1,209080
7290112337481,false,סוכריות מאסט ללא סוכר קפצ''ינו 80 ג' עלית,שטראוס גרופ,PL,סוכריות קפוצ'ינו ללא,גרמים,80.00,100 גרם,false,,8.50,0.1063,false,1,209081
7290112338877,false,מעדן גבינה בטעם תות 3% 125ג' סקי,"שטראוס בריאות בע""מ",IL,סקי תות,גרמים,125.00,100 גרם,false,,3.70,0.0296,false,1,205190
7290112339362,false,דנונה לייט אנד פריי בטעם קפוצ'ינו 150 גרם,דנונה - שטראוס,IL,דנונה לייט אנד פריי,גרמים,150.00,100 גרם,false,,4.60,0.0307,true,1,209580
7290112339867,false,גמדים לדרך גבינה לבנה עם מחית תות,שטראוס,IL,גמדים סקוויז בודד תו,גרמים,100.00,100 גרם,false,,5.70,0.0570,true,1,205735
7290112339874,false,גמדים לדרך גבינה לבנה עם מחיות תות ובננה,שטראוס,IL,גמדים סקוויז בודד תו,גרמים,100.00,100 גרם,false,,5.70,0.0570,true,1,205736
7290112340122,false,פריכיות טעימות 3 דגנים אנרגי 135 גר,אנרג'י Energy - שטראוס,IL,הפריכיות הטעימות 3 ד,גרמים,135.00,100 גרם,false,,12.90,0.0956,true,1,207153
7290112340245,false,צנצנת מסטיק מאסט בטעם דובדבן 66 ג' עלית,"שטראוס גרופ בע""מ",IL,צנצנת מאסט בטעם דובד,גרמים,66.00,100 גרם,false,,9.90,0.1500,true,1,206623
7290112340276,false,פינוקיות עוגיות קרם קפה 200 גרם,הגביע מוצרי ופלים בע,IL,עוגיות קרם קפה נמס,גרמים,200.00,100 גרם,false,,11.50,0.0575,true,1,208093
7290112340900,false,קפה טורקי האג נטול קפאין 200 גרם,הנסיך- מפעל לייצור ט,IL,קפה טורקי האג,גרמים,200.00,100 גרם,false,,25.90,0.1295,true,1,214333
7290112341556,false,אקטיביה עם צ'יה ותות 150 ג' דנונה,דנונה - שטראוס,IL,אקטיביה עם צ'יה ותות,גרמים,150.00,100 גרם,false,,4.60,0.0307,true,1,209297
7290112341679,false,דנונה אקטיביה 3% שומן 200 גרם,מיוצר עי קונדיטוריית,IL,אקטיביה 3%,גרמים,200.00,100 גרם,false,,3.80,0.0190,true,1,209059
7290112341686,false,מארז אקטיביה שמיניה 3% 150 גר*8,מיוצר עי קונדיטוריית,IL,מארז אקטיביה 3%,גרמים,1200.00,100 גרם,false,,19.90,0.0166,true,1,209060
7290112342102,false,סימפוניה גבינה במרקם שמנת בצל מקורמל 5%,"שטראוס בריאות בע""מ",IL,סימפוניה בצל מקורמל,גרמים,200.00,100 גרם,false,,11.20,0.0560,true,1,210538
7290112342515,false,דוריטוס צ'יזי טוויסט 55 גרם,STRAUSS-ISRAEL,IL,דוריטוס צ'יזי טוויסט,גרמים,55.00,100 גרם,false,,2.90,0.0527,true,1,210561
7290112343260,false,"יטבתה רוטב שמנת קלאסי 9% שומן 260 מ""ל",שטראוס גרופ,IL,רוטב שמנת קלאסי 260,גרמים,260.00,100 גרם,false,,10.50,0.0404,true,1,210229
7290112343420,false,"משקה חלב עם דגנים מלאים ובננה פרו יטבתה 350מ""ל",מחלבת יטבתה,IL,יטבתה פרו ארוחת בוקר,מיליליטרים,350.00,"100 מ""ל",false,,7.40,0.0211,true,1,210226
7290112343499,false,חטיף צ'יטוס פאפס אפוי בטעם גבינה,"שטראוס פריטו ליי בע""",IL,צ'יטוס 55 גר' puffs,גרמים,55.00,100 גרם,false,,3.40,0.0618,true,1,259534
7290112343512,false,ציטוס 160 גרם 9 יחידות puffs,"שטראוס פריטו ליי בע""",IL,צ'יטוס 160 גר' puffs,גרמים,160.00,100 גרם,false,,7.90,0.0494,true,1,259535
7290112344564,false,רביולי גבינה קלאסי שטראוס 400 ג',מיוצר עי קונדיטוריית,IL,רביולי גבינה 400 גר',גרמים,400.00,100 גרם,false,,19.90,0.0497,true,1,209332
7290112344724,false,מעדן בטעם שוקולד בלונדי 170 ג' מילקי,מיוצר עי קונדיטוריית,IL,מילקי בטעם שוקולד בל,גרמים,133.00,100 גרם,false,,3.30,0.0248,true,1,210217
7290112344755,false,מילקי שוקולד 26% פחות סוכר 135 גרם,מיוצר עי קונדיטוריית,IL,מילקי מופחת סוכר,גרמים,135.00,100 גרם,false,,2.80,0.0207,false,1,215996
7290112344786,false,קפה פלטינום קלאסיק 200 ג' עלית,הנסיך- מפעל לייצור ט,IL,פלטינום קלאסיק 200 ג,גרמים,200.00,100 גרם,false,,24.90,0.1245,false,1,211217
7290112344953,false,סימפוניה חציל קלוי גבינה במקרם שמנת 5%,"שטראוס בריאות בע""מ",IL,סימפוניה חציל קלוי,גרמים,200.00,100 גרם,false,,11.20,0.0560,true,1,216921
7290112344991,false,דנונה לייט אנד פריי בטעם תות 150 ג',שטראוס,IL,דנונה לייט אנד פריי,גרמים,150.00,100 גרם,false,,4.60,0.0307,true,1,209582
7290112346360,false,בפלות אחת אחת ופל בטעם שוקולד מצופה שוקולד,הגביע מוצרי וופלים ב,GR,בפלות אחת אחת בציפוי,גרמים,180.00,100 גרם,false,,13.90,0.0772,true,1,211266
7290112346506,false,דנונה לייט אנד פריי בטעם אפרסק 150 גר',שטראוס,IL,דנונה לייט אנד פריי,גרמים,150.00,100 גרם,false,,4.60,0.0307,true,1,209583
7290112346537,false,עוגיות פינוקיות בטעם טורטית 200 ג' עלית,הגביע מוצרי ופלים בע,IL,פינוקיות בטעם טורטית,גרמים,200.00,100 גרם,false,,11.50,0.0575,true,1,210215
7290112346629,false,דנונה בר יוגורט+קורנפלקס מצופה שוקולד חלב ולבן 172 גרם,דנונה - שטראוס,IL,דנונה קראנצ עם קורנפ,גרמים,172.00,100 גרם,false,,4.60,0.0267,false,1,212972
7290112346773,false,יוגורט בטעם וניל 0% לייט אנד פרי 10 גרם חלבון בגביע,מיוצר עי קונדיטוריית,IL,דנונה לייט אנד פריי,גרמים,150.00,100 גרם,false,,4.60,0.0307,true,1,216650
7290112346797,false,יוגורט אקטיביה שיבולת שועל ושזיף 150 גרם,מיוצר עי קונדיטוריית,IL,אקטיביה שיבולת שועל,גרמים,150.00,100 גרם,false,,4.60,0.0307,true,1,212026
7290112346827,false,אקטימל ויטמין c פטל שמינייה 864 גרם,שטראוס גרופ,IL,אקטימל ויטמין סי פטל,גרמים,864.00,100 גרם,false,,21.10,0.0244,false,1,215385
7290112347008,false,גמדים לדרך גבינה לבנה עם מחית תות ושיבולת שועל,מיוצר עי קונדיטוריית,IL,גמדים ארוחת בוקר תות,גרמים,100.00,100 גרם,false,,5.70,0.0570,true,1,210220
7290112347473,false,דנונה לייט אנד פריי תות ואפרסק מאגדת 8 יח' * 150 ג',מיוצר עי קונדיטוריית,IL,מארז לייט אנד פריי ת,גרמים,1200.00,100 גרם,false,,27.50,0.0229,true,1,209584
7290112348142,false,שעועית לבנה 380 גר' בקופסה טעם הטבע,שטראוס טעם הטבע,IT,שעועית לבנה טעם הטבע,גרמים,230.00,100 גרם,false,,6.50,0.0283,true,1,212659
7290112348616,false,עלית - קפה נמס אגוזי לוז 100 גרם,,IL,קפה נמס אגוזי לוז,גרמים,100.00,100 גרם,false,,15.90,0.1590,false,1,214917
7290112348999,false,פריכיות טעימות תירס דקות 135 גרם,פרח תעשיות,IL,פריכיות טעימות תירס,גרמים,135.00,100 גרם,false,,12.90,0.0956,true,1,216008
7290112349316,false,מסטיק בזוקה פופים ממולא בטעם תות ללא סוכר,רוג'ר אנד רוג'ר,DE,בזוקה בטעם תות,גרמים,86.00,100 גרם,false,,14.90,0.1733,true,1,212020
7290112349606,false,מעדן גבינה ויוגורט תות בננה 88 ג' דניאלה,"שטראוס בריאות בע""מ",IL,דניאלה תות בננה,גרמים,88.00,100 גרם,false,,4.10,0.0466,true,1,260763
7290112349699,false,פסאטה מחית עגבניות חלקה 350 גר' יד מרדכי,אמיליאנה קונסרב סוסי,IT,פסאטה מחית עגבניות ח,גרמים,350.00,100 גרם,false,,7.90,0.0226,true,1,210622
7290112349705,false,פומודורו רוטב עגבניות קלאסי לפסטה 350 גר' יד מרדכי,אמיליאנה קונסרב סוסי,IT,פומודורו רוטב עגבניו,גרמים,350.00,100 גרם,false,,11.90,0.0340,true,1,210623
7290112349736,false,בזיליקום רוטב עגבניות לפסטה 350 גר' יד מרדכי,אמיליאנה קונסרב סוסי,IT,בזיליקום רוטב עגבניו,גרמים,350.00,100 גרם,false,,11.90,0.0340,true,1,210624
7290112349743,false,ארביאטה רוטב עגבניות פיקנטי לפסטה 350 ג' יד מרדכי,אמיליאנה קונסרב ס.פ.,IT,ארביאטה רוטב עגבניות,גרמים,350.00,100 גרם,false,,11.90,0.0340,true,1,210625
7290112349750,false,פיצה רוטב עגבניות לפיצה 350 גר' יד מרדכי,אמיליאנה קונסרב ס.פ.,IT,רוטב עגבניות לפיצה,גרמים,350.00,100 גרם,false,,11.90,0.0340,true,1,210626
7290112349897,false,מסטיק מאסט Must קוביות בטעם מנטה ללא סוכר,רוג'ר אנד רוג'ר,DE,מאסט קוביות מנטה,גרמים,86.00,100 גרם,false,,14.90,0.1733,true,1,212115
7290112350275,false,קפסולות לונגו למכונות נספרסו 55 גר,שטראוס קפה בי.וי,IL,קפסולות LUNGO למכונת,גרמים,55.00,100 גרם,false,,16.90,0.3073,false,1,211282
7290112350312,false,קפסולות 15 קפה יותר למכונות נספרסו עלית 10יח',הנסיך- מפעל לייצור ט,IL,קפסולות 15 למכונות נ,גרמים,50.00,100 גרם,false,,16.90,0.3380,false,1,214048
7290112350589,false,ציקו אבקה להכנת משקה ציקוריה 65 גר,שטראוס קפה בי.וי,IL,אבקת צ'יקו 65 גר,גרמים,65.00,100 גרם,false,,11.50,0.1769,false,1,214477
7290112351067,false,סילאן טבעי 100% תמר מג'הול ללא תוספת סוכר,יד מרדכי,IL,סילאן טבעי לחיץ 630,גרמים,630.00,100 גרם,false,,25.90,0.0411,true,1,212116
7290112351258,false,עוגיית קקאו פינוקיות שחור לבן 200 גר,הגביע מוצרי ופלים,IL,פינוקיות שחור לבן,גרמים,200.00,100 גרם,false,,11.50,0.0575,true,1,214046
7290112351463,false,שלישיית סוכריות מאסט FRESH פטל לימון 45 ג' עלית,עלית,,סוכריות FRESH פטל לי,גרמים,45.00,100 גרם,false,,9.50,0.2111,true,1,213125
7290112351470,false,סוכריות ללא סוכר בטעם תות רימון מאסט פרש,עלית,,סוכריות FRESH בטעם ר,גרמים,45.00,100 גרם,false,,9.50,0.2111,true,1,213126
7290112351524,false,עלי סלנובה 200 גר' שטראוס,שטראוס בריאות ירקות,IL,עלי סלנובה 200 גר ש,גרמים,200.00,100 גרם,false,,10.90,0.0545,true,1,214025
7290112353412,false,"פריכיות תפו""א, אורז, תירס, אפונה ירוקה, סלק, מלח ים","פרח תעשיו מזון בע""מ",IL,פריכיות משולשות-תפוא,גרמים,30.00,100 גרם,false,,5.50,0.1833,true,1,214047
7290112353887,false,"משקה קפה קר בטעם אגוזים יטבתה 230 מ""ל",האי נאם סי או אל.טי.,AT,משקה קפה קר בטעם אגו,מיליליטרים,230.00,"100 מ""ל",false,,7.50,0.0326,true,1,213522
7290112354174,false,"פסטה רוזה 280 ג""ר ""דלישס"" שטראוס","טרופיקל דגיל בע""מ אז",IT,פסטה רוזה דלישס,גרמים,280.00,100 גרם,false,,19.90,0.0711,true,1,259712
7290112354204,false,"ספגטי עגבניות 280 גר' ""דלישס"" שטראוס",גסטרונומיה פרוסט אס.,IT,ספגטי עגבניות דלישס,גרמים,280.00,100 גרם,false,,19.90,0.0711,true,1,259714
7290112354211,false,"פיצה מרגריטה""דלישס"" שטראוס",סקרלינפיצה אס.אר.אל,IT,פיצה מרגריטה דלישס,גרמים,400.00,100 גרם,false,,22.90,0.0572,true,1,259523
7290112354228,false,"פיצה מרגריטה עם זיתים ""דלישס"" שטראוס",סקרלינפיצה אס.אר.אל,IT,פיצה מרגריטה עם זיתי,גרמים,400.00,100 גרם,false,,22.90,0.0572,true,1,259524
7290112354235,false,ברקטה פיצה - 2 יחידות במארז,סקרלינפיצה אס.אר.אל,IT,ברקטה פיצה,גרמים,300.00,100 גרם,false,,22.90,0.0763,true,1,259525
7290112354242,false,"קונוס פיצה ""דלישס"" שטראוס",,IL,קונוס פיצה דלישס,גרמים,280.00,100 גרם,false,,22.90,0.0818,true,1,259526
7290112354945,false,חטיף תפוצ'יפס WAVY בטעם טבעי,שטראוס פריטו ליי בע”,IL,תפוצ'יפס בטעם טבעי 5,גרמים,50.00,100 גרם,false,,3.90,0.0780,false,1,264342
7290112354952,false,חטיף תפוצ'יפס WAVY בטעם פפריקה,שטראוס פריטו ליי בע”,IL,תפוצ'יפס בטעם פפריקה,גרמים,50.00,100 גרם,false,,3.90,0.0780,false,1,264341
7290112354969,false,תפוצ'יפס בטעם טבעי 200 גרם היתר מכירה,שטראוס פריטו ליי בע”,IL,תפוצ'יפס טבעי 200 גר,גרמים,200.00,100 גרם,false,,10.90,0.0545,false,1,264343
7290112355027,false,דנונה פרו 20 גרם חלבון קרמל מלוח 200 גרם,"שטראוס בריאות בע""מ",IL,דנונה פרו 20 גר קרמל,גרמים,200.00,100 גרם,false,,5.90,0.0295,false,1,215998
7290112355102,false,גמדים סקוויז 100 גרם פאוץ סלט פירות 100 גרם,"שטראוס בריאות בע""מ",IL,גמדים פאו'ץ סלט פירו,גרמים,100.00,100 גרם,false,,5.70,0.0570,true,1,216692
7290112355393,false,"יטבתה רוטב שמנת+בטטה 9% שומן 250 מ""ל",שטראוס גרופ,IL,רוטב שמנת עם בטטה,מיליליטרים,257.00,"100 מ""ל",false,,10.50,0.0409,true,1,264280
7290112355812,false,מילקי טופ קורנפלקס 141 ג' שטראוס,"שטראוס גרופ בע""מ",IL,מילקי טופ קורנפלקס,גרמים,141.00,100 גרם,false,,4.60,0.0326,true,1,262697
7290112357045,false,עגבניות איטלקיות מרוסקות 390 גר' בקופסה טעם הטבע,שטראוס טעם הטבע,IT,עגבניות איטלקיות מרו,גרמים,390.00,100 גרם,false,,6.50,0.0167,true,1,212663
7290112357069,false,מחית עגבניות איטלקיות בקופסה 500 גר' טעם הטבע,שטראוס טעם הטבע,IT,מחית עגבניות איטלקיו,גרמים,500.00,100 גרם,false,,6.90,0.0138,true,1,212664
7290112357076,false,קוביות עגבניות איטלקיות 390 גר' בקופסה טעם הטבע,קונסרב איטליה,IT,קוביות עגבניות איטלק,גרמים,390.00,100 גרם,false,,6.50,0.0167,true,1,214049
7290112357083,false,טעם הטבע אפונה ירוקה 380 גרם קופסה,הדקלאים אגודת שיתופי,IT,אפונת גינה טעם הטבע,גרמים,250.00,100 גרם,false,,6.50,0.0260,true,1,212660
7290112357106,false,שעועית אדומה 380 גר' בקופסה טעם הטבע,שטראוס טעם הטבע,IT,שעועית אדומה טעם הטב,גרמים,230.00,100 גרם,false,,6.50,0.0283,true,1,212665
7290112357113,false,גרגרי חומוס בקופסה 380 גר' טעם הטבע,שטראוס טעם הטבע,IT,גרגרי חומוס טעם הטבע,גרמים,230.00,100 גרם,false,,6.50,0.0283,true,1,212661
7290112357175,false,קפסולות בוסט למכונות נספרסו 50 גר,שטראוס קפה בי.וי,IL,קפסולות BOOST למכונת,גרמים,50.00,100 גרם,false,,16.90,0.3380,false,1,211283
7290112357892,false,סוכריות FRESH מנטה שלישיה 3*15 גר',הליקון גידה,TR,סוכריות FRESH מנטה,גרמים,45.00,100 גרם,false,,9.50,0.2111,true,1,213127
7290112358004,false,פסק זמן קראנצ' עלית 32 גרם,שולן צ'יקולטה גידה ס,IL,פסק זמן קראנץ',גרמים,32.00,100 גרם,false,,5.00,0.1563,false,1,215386
7290112358127,false,דנונה פרו חלבון+מגנזיום- וניל ועוגיות 200 גרם,מיוצר עי קונדיטוריית,IL,דנונה פרו עם מגנזיום,גרמים,200.00,100 גרם,false,,6.20,0.0310,false,1,215470
7290112358219,false,יד מרדכי רוטב צ'ילי מתוק 300 גרם,אף.סי תבליני בגליל ב,IL,רוטב צ'ילי מתוק 300,גרמים,300.00,100 גרם,false,,13.90,0.0463,true,1,213532
7290112358233,false,יד מרדכי רוטב צילי חריף 300גרם,"בית אל מזון בע""מ",IL,רוטב צילי חריף,גרמים,300.00,100 גרם,false,,13.90,0.0463,true,1,214050
7290112358240,false,רוטב גריל יד מרדכי 300 גרם,"בית אל מזון בע""מ",IL,רוטב גריל,גרמים,300.00,100 גרם,false,,13.90,0.0463,true,1,212455
7290112358257,false,רוטב לעוף עם שזיפים יד מרדכי 300 גרם,יד מרדכי,IL,רוטב לעוף עם שזיפים,גרמים,300.00,100 גרם,false,,13.90,0.0463,true,1,212456
7290112358431,false,עד חצות דאבל ביסקוויט עם שוקולד חלב -8 אריזות אישיות,הדקלאים אגודת שיתופי,IL,עד חצות דאבל 200 גרם,גרמים,200.00,100 גרם,false,,13.90,0.0695,false,1,218009
7290112358554,false,מארז קפה נמס מנות אישיות לדרך 50.4 גר,שטראוס רומניה,RO,מארז נמס לדרך,גרמים,50.00,100 גרם,false,,11.50,0.2300,false,1,214073
7290112358561,false,קפה נמס פלטינום קלאסי 47 ג' עלית,שטראוס גרופ,IL,קפה פלטינום קלאסיק,גרמים,47.00,100 גרם,false,,6.90,0.1468,true,1,260463
7290112359353,false,קפה טורקי קלוי וטחון אלדין,STRAUSS-ISRAEL,IL,קפה טורקי אלדין 200,גרמים,200.00,100 גרם,false,,18.90,0.0945,false,1,263069
7290112359902,false,"קפה פלטינום ברזיל עלית, 47 גרם",אינסטנטה,PL,קפה פלטינום ברזיל 47,גרמים,47.00,100 גרם,false,,6.90,0.1468,true,1,260723
7290112486455,false,צלחות חד פעמי אלגנט,,,צלחת קטנה אלגנט 20 י,יחידה,0.00,יחידה,false,,7.90,0.0000,true,1,263547
7290112486462,false,צלחות חד פעמי אלגנט,,,צלחת גדולה אלגנט 20,יחידה,0.00,יחידה,false,,12.90,0.0000,true,1,263546
7290112486479,false,צלחות חד פעמי אלגנט,,,צלחת ענק אלגנט 20 יח,יחידה,0.00,יחידה,false,,19.90,0.0000,true,1,263642
7290112486493,false,צלחת ליפתן אלגנט קרם,,,צלחת ליפתן אלגנט קרם,יחידה,0.00,יחידה,false,,4.50,0.0000,true,1,264501
7290112486509,false,קעריות חד פעמי אובלי,,,קערית אובלית אלגנט,יחידה,0.00,יחידה,false,,6.50,0.0000,true,1,264134
7290112490209,false,נמס בכוס מרק עגבניות עם קרוטונים רכיבים טבעיים,אתר חיפה אבקות - Foo,IL,נמס בכוס עגבניות קרו,גרמים,56.00,100 גרם,false,,7.00,0.1250,true,1,203616
7290112490216,false,נמס בכוס מרק עוף עם קרוטונים רכיבים טבעיים,אתר חיפה אבקות - Foo,IL,נמס בכוס טעם עוף קרט,גרמים,48.00,100 גרם,false,,7.00,0.1458,true,1,203617
7290112490230,false,קנור מרק נמס בכוס אפונה רכיבים טבעיים,אתר חיפה אבקות - Foo,IL,נמס בכוס אפונה רכיבי,גרמים,50.00,100 גרם,false,,7.00,0.1400,true,1,203618
7290112490599,false,חרדל צרפתי עם גרגירים 350 גר'-הלמנס,הלמנס hellmann's,FR,חרדל צרפתי עם גרגירי,גרמים,350.00,100 גרם,false,,13.90,0.0397,true,1,203640
7290112490650,false,קונפיטורה תות שדה 340 גרם-צנצנת,קונפיטורות לה-ארדניי,IL,קונפיטורת תות שדה 77,גרמים,340.00,100 גרם,false,,14.40,0.0424,true,1,203719
7290112490667,false,קונפיטורה משמש778 50% פרי 340 גר',אתר חיפה 778 - Food,IL,קונפיטורת משמשים 778,גרמים,340.00,100 גרם,false,,14.40,0.0424,true,1,203720
7290112490674,false,קונפיטורה דובדבנים 778 50% פרי 340 גר-,אתר חיפה 778 - Food,IL,קונפיטורת דובדבנים,גרמים,340.00,100 גרם,false,,14.40,0.0424,true,1,203721
7290112490698,false,קונפיטורה תות שדה לייט 300 גרם-צנצנת,אתר חיפה 778 - Food,IL,קונפיטורת תות לייט 7,גרמים,260.00,100 גרם,false,,15.90,0.0612,true,1,205250
7290112490728,false,מרק עשיר ירקות עם בורגול רכיבים טבעיים 95 ג' קנור,יוניליוור ישראל מזון,IL,מרק היום ירקות בורגו,גרמים,95.00,100 גרם,false,,12.90,0.1358,true,1,204450
7290112490735,false,מרק עשיר עגבניות פסטה ר.טבעי קנור 105ג',יוניליוור,IL,מרק היום עגבניות ופס,גרמים,105.00,100 גרם,false,,12.90,0.1229,true,1,204413
7290112490742,false,מרק עשיר פטריות עם גריסים רכיבים טבעיים 104 ג' קנור,יוניליוור,IL,מרק עשיר פטריות גריס,גרמים,104.00,100 גרם,false,,12.90,0.1240,true,1,204106
7290112490759,false,מרק עשיר עוף עם אטריות רכיבים טבעיים 74 ג' קנור,יוניליוור,IL,מרק היום עוף אטריות,גרמים,74.00,100 גרם,false,,12.90,0.1743,true,1,204414
7290112490896,false,"קנור רוטב צ'ילי חריף 370 מ""ל PAL",אתר חיפה 778,IL,רוטב צ'ילי חריף קנור,גרמים,370.00,100 גרם,false,,12.90,0.0349,true,1,204893
7290112491558,false,מאגדת שישייה שוקולד מריר פרווה,אתר צפת טבלאות ותעשי,IL,מאגדת שוקולד שישייה,גרמים,600.00,100 גרם,false,,21.90,0.0365,true,1,206269
7290112491695,false,קונפיטורה משמש לייט 50%778פרי 260 גר',778,IL,קונפיטורה משמש לייט,גרמים,260.00,100 גרם,false,,15.90,0.0612,true,1,218451
7290112491701,false,ברנפלקס בטעם וניל מעודן 20% חלבון Extra Protein,יוניליוור ישראל מזון,IL,ברנפלקס אקסטרה פייבר,גרמים,375.00,100 גרם,false,,21.90,0.0584,false,1,206628
7290112491770,false,בייגלה דקים דקים מלח ב.בייגל 300 גר',בייגל את בייגל מזון,IL,בייגלה דקים דקים מלח,גרמים,300.00,100 גרם,false,,8.90,0.0297,true,1,205368
7290112491787,false,בייגלה דקים דקים שומשום קלאסי 300 גרם,בייגל בייגל BB,IL,בייגלה דקים דקים שומ,גרמים,300.00,100 גרם,false,,8.90,0.0297,true,1,205369
7290112491794,false,בייגלה דקים דקים בטעם שמנת בצל 300 גרם,בייגל בייגל BB,IL,בייגלה דקים דקים שמנ,גרמים,300.00,100 גרם,false,,8.90,0.0297,true,1,205370
7290112492449,false,פינוק שמפו שיער רגיל 700 מל-חדש,יוניליוור ישראל טיפו,IL,פינוק שמפו לשיער רגי,מיליליטרים,700.00,"100 מ""ל",false,,11.90,0.0170,false,1,212302
7290112492456,false,"שמפו פינוק לשיער יבש/פגום 700 מ""ל",יוניליוור ישראל טיפו,IL,פינוק שמפו שיער יבש,מיליליטרים,700.00,"100 מ""ל",false,,11.90,0.0170,false,1,212304
7290112492463,false,"שמפו ומרכך פינוק 2 ב1 לשיער רגיל 700 מ""ל",יוניליוור ישראל טיפו,IL,שמפו פינוק 2-ב-1 רגי,מיליליטרים,700.00,"100 מ""ל",false,,11.90,0.0170,false,1,213008
7290112492470,false,פינוק 2ב-1 שמפו ומרכך לשיער יבש ופגום,אתר ליוור - HPC,IL,פינוק 2-ב-1 יבש 700,מיליליטרים,700.00,"100 מ""ל",false,,11.90,0.0170,false,1,216535
7290112492487,false,פינוק שמפו לשיער עם שמן מרוקאי 700 מל,יוניליוור ישראל טיפו,IL,פינוק שמפו שמן מרוקא,מיליליטרים,700.00,"100 מ""ל",false,,11.90,0.0170,false,1,212104
7290112492500,false,פינוק שמפו לשיער עם שמן קוקוס 700 מל,"יוניליור ישראל, טיפו",IL,שמפו פינוק שמן קוקוס,מיליליטרים,700.00,"100 מ""ל",false,,11.90,0.0170,false,1,212318
7290112492531,false,פינוק מרכך שיער רגיל 700 מל-חדש,אתר ליוור - HPC,IL,פינוק מרכך לשיער רגי,מיליליטרים,700.00,"100 מ""ל",false,,11.90,0.0170,false,1,209978
7290112492548,false,"מרכך פינוק עם שמן חוחובה 700 מ""ל",אתר ליוור - HPC,IL,פינוק מרכך לשיער יבש,מיליליטרים,700.00,"100 מ""ל",false,,11.90,0.0170,false,1,209979
7290112492593,false,תחליב רחצה פינוק בניחוח פינוק קלאסי 700,אתר ליוור - HPC,IL,פינוק תחליב רחצה קלא,מיליליטרים,700.00,"100 מ""ל",false,,11.90,0.0170,false,1,209972
7290112492609,false,"תחליב רחצה פינוק 700 מ""ל לבנדר ווניל",אתר ליוור - HPC,IL,פינוק תחליב רחצה לבנ,מיליליטרים,700.00,"100 מ""ל",false,,11.90,0.0170,false,1,209973
7290112492647,false,"פינוק לגבר 3 ב1 שמפו ג'ל רחצה וסבון פנים 700 מ""ל",אתר ליוור - HPC,IL,פינוק לגבר 3-ב-1 ספו,מיליליטרים,700.00,"100 מ""ל",false,,11.90,0.0170,false,1,217104
7290112492678,false,פינוק שמפו לשיער רגיל אריזת נסיעות 100 מ,יוניליוור ישראל טיפו,IL,פינוק שמפו רגיל שפרפ,מיליליטרים,100.00,"100 מ""ל",false,,5.00,0.0500,true,1,217504
7290112492685,false,פינוק מרכך לשיער רגיל אריזת נסיעות 100 מ,יוניליוור ישראל טיפו,IL,פינוק מרכך רגיל 100,מיליליטרים,100.00,"100 מ""ל",false,,5.00,0.0500,true,1,215420
7290112492692,false,פינוק תחליב רחצה קלאסי אריזת נסיעות 100,יוניליוור ישראל טיפו,IL,פינוק תחליב רחצה רגי,מיליליטרים,100.00,"100 מ""ל",false,,5.00,0.0500,true,1,213983
7290112492715,false,"פינוק שמפו ללא דמעות לסירוק קל לילדים 700 מ""ל",אתר ליוור - HPC,IL,פינוק שמפו ללא דמעות,מיליליטרים,700.00,"100 מ""ל",false,,12.90,0.0184,true,1,213210
7290112492722,false,"2ב-1 שמפו ומרכך פינוק אל דמע לסירוק קל לילדים 700 מ""ל",אתר ליוור - HPC,IL,פינוק שמפו ומרכך 2-ב,מיליליטרים,700.00,"100 מ""ל",false,,12.90,0.0184,true,1,213211
7290112492746,false,"פינוק מרכך ללא דמעות לסירוק קל לילדים 700 מ""ל",אתר ליוור - HPC,IL,פינוק מרכך לסירוק קל,מיליליטרים,700.00,"100 מ""ל",false,,12.90,0.0184,true,1,213212
7290112492753,false,"פינוק לילדים אל סבון לרחצה 700 מ""ל",אתר ליוור - HPC,IL,פינוק אל סבון לילדים,מיליליטרים,700.00,"100 מ""ל",false,,12.90,0.0184,true,1,213622
7290112492821,false,"מטליות לחות לניקוי כללי בניחוח מאסק ""סיף""",עלבד משואות יצחק בעמ,IL,סיף מגבוני ניקוי כלל,יחידה,0.00,יחידה,false,,10.90,0.0000,true,1,206213
7290112492838,false,סיף מגבוני מטליות לחות לניקוי כללי בניחוח מרכך כביסה 50 יח',עלבד משואות יצחק בעמ,IL,סיף מגבוני ניקוי 50,יחידה,0.00,יחידה,false,,10.90,0.0000,true,1,206214
7290112492982,false,"אבקת מרק פטריות כשל""פ 100% רכיבים טבעיים 400 גרם",יוניליוור ישראל מזון,IL,קנור מרק פטריות רכיב,גרמים,400.00,100 גרם,false,,19.90,0.0497,false,1,209946
7290112492999,false,קנור מרק עוף אמיתי 400 גרם פרווה,יוניליוור ישראל מזון,IL,מרק טעם עוף קנור 400,גרמים,400.00,100 גרם,false,,13.90,0.0348,false,1,209947
7290112493064,false,"רוטב שזיפים להקפצה, לבישול ולאפיה",אתר חיפה 778 - Food,IL,קנור רוטב שזיפים 320,גרמים,320.00,100 גרם,false,,14.90,0.0466,true,1,209944
7290112493088,false,נמס בכוס עדשים מרק רכיבים טבעיים קנור 54 ג',אתר חיפה אבקות - Foo,IL,קנור מרק נמס בכוס עד,גרמים,54.00,100 גרם,false,,7.00,0.1296,false,1,208741
7290112493095,false,נמס בכוס מרק עגבניות חריף רכיבים טבעיים קנור 48 ג',אתר חיפה אבקות - Foo,IL,קנור מרק נמס בכוס עג,גרמים,85.00,100 גרם,false,,7.00,0.0824,false,1,208373
7290112493293,false,קנור - נמס ירקות וקרוטונים ר.טבעי 44 גרם,אתר חיפה אבקות - Foo,IL,קנור מרק נמס בכוס יר,גרמים,0.00,100 גרם,false,,7.00,0.0000,false,1,208374
7290112493316,false,מרק אפונה רכיבים טבעיים 117 ג' קנור,יוניליוור,IL,מרק היום אפונה 100%,גרמים,117.00,100 גרם,false,,12.90,0.1103,true,1,208740
7290112493927,false,גלידה בטעם ריבת חלב 1.33ל' קרמיסימו,"גלידת שטראוס בע""מ, ר",IL,גלידה קרמיסימו ריבת,ליטרים,1.33,ליטר,false,,24.90,18.7218,false,1,209988
7290112493934,false,גלידה וניל צרפתי 1.33ל' קרמיסימו,"גלידת שטראוס בע""מ, ר",IL,גלידה קרמיסימו וניל,ליטרים,1.33,ליטר,false,,24.90,18.7218,false,1,209989
7290112493965,false,קרמיסימו חלבית בטעם מסטיק וניל 665 גר,"גלידת שטראוס בע""מ, ר",IL,גלידה קרמיסימו מסטיג,ליטרים,1.33,ליטר,false,,24.90,18.7218,false,1,209990
7290112494016,false,מיונז מופחת שומן תלמה 500 גר',יוניליוור,IL,מיונז מופחת שומן 500,גרמים,500.00,100 גרם,false,,10.90,0.0218,false,1,208126
7290112494153,false,תיבולית ניחוח צלי קנור 72 גרם,יוניליוור ישראל מזון,IL,קנור תיבולית בניחוח,גרמים,72.00,100 גרם,false,,10.00,0.1389,true,1,210697
7290112494221,false,קליק - ביסקויט תפזורת 65 גרם,יוניליוור ישראל מזון,IL,קליק ביסקויט,גרמים,65.00,100 גרם,false,,7.00,0.1077,false,1,209647
7290112494238,false,קליק - כדורים חלב תפזורת 65 גרם,יוניליוור ישראל מזון,IL,קליק כדורים 65 גר',גרמים,65.00,100 גרם,false,,7.00,0.1077,false,1,209648
7290112494276,false,קליק כריות בתפזורת כשר לפסח,יוניליוור ישראל מזון,IL,קליק כריות,גרמים,65.00,100 גרם,false,,7.00,0.1077,false,1,209650
7290112494283,false,קליק - מעורב חום לבן תפזורת 65 גרם,יוניליוור ישראל מזון,IL,קליק חום לבן,גרמים,65.00,100 גרם,false,,7.00,0.1077,false,1,209651
7290112494313,false,קליק - קורנפלקס תפזורת 65 גרם,יוניליוור ישראל מזון,IL,קליק קורנפלקס,גרמים,65.00,100 גרם,false,,7.00,0.1077,false,1,209653
7290112494344,false,קורנפלקס כספי אלופים תלמה850 גר',יוניליוור שפע ישראל,IL,קורנפלקס אלופים 850,גרמים,850.00,100 גרם,false,,18.90,0.0222,false,1,211505
7290112494351,false,תלמה קורנפלקס של אלופים 850 גרם,יוניליוור שפע ישראל,IL,קורנפלקס אלופים 850,גרמים,850.00,100 גרם,false,,18.90,0.0222,false,1,211728
7290112494382,false,פירה בטעם ביתי 260 גרם-קופסא,יוניליוור ישראל מזון,IL,קנור פירה ביתי 260 ג,גרמים,260.00,100 גרם,false,,13.90,0.0535,true,1,210187
7290112494610,false,קנור רוטב עגבניות פיקנטי לדג 415 גרם,קונסורזיו קאסאלאסקו,IT,קנור רוטב פיקנטי לדג,גרמים,415.00,100 גרם,false,,13.90,0.0335,true,1,210101
7290112494795,false,"ג'ל לכביסה לבנה וצבעונית בניחוח בדין כחול 2.5 ק""ג","זוהר דליה, קיבוץ דלי",IL,בדין ג'ל לכביסה כחול,ליטרים,2.50,ליטר,false,,29.90,11.9600,true,1,209767
7290112494801,false,"ג'ל לכביסה לבנה וצבעונית בניחוח בדין ורוד 2.5 ק""ג",אתר ליוור - HPC,IL,בדין ג'ל לכביסה וורו,ליטרים,2.50,ליטר,false,,29.90,11.9600,true,1,209768
7290112494825,false,תרחיץ פנים לעור רגיש מכיל 25% קרם לחות,אתר ליוור - HPC,IL,דאב תרחיץ פנים לעור,מיליליטרים,180.00,"100 מ""ל",false,,12.90,0.0717,true,1,215705
7290112494832,false,תרחיץ פנים לכל סוגי העור מכיל 25% קרם לחות,אתר ליוור - HPC,IL,דאב תרחיץ פנים לעור,מיליליטרים,180.00,"100 מ""ל",false,,12.90,0.0717,true,1,214877
7290112495006,false,כריות נוגט 686 גרם - קופסא,יוניליוור שפע ישראל,IL,כריות נוגט תלמה 686,גרמים,686.00,100 גרם,false,,26.90,0.0392,false,1,209635
7290112495037,false,דגני בוקר בטעם שוקולד כדורים 375 ג' קוקומן,יוניליוור שפע ישראל,IL,קוקומן כדורים תלמה ב,גרמים,375.00,100 גרם,false,,19.90,0.0531,false,1,209750
7290112495044,false,ציפי (פצפוצים) גריין בדצ 500גר,יוניליור שפע ישראל ב,IL,קוקומן פצפוצים תלמה,גרמים,375.00,100 גרם,false,,19.90,0.0531,false,1,209749
7290112495105,false,נשנושים שמנת בצל 260 גרם -נ.ל.פ,בייגל את בייגל מזון,IL,נשנושים שמנת בצל,גרמים,260.00,100 גרם,false,,13.50,0.0519,false,1,209643
7290112495112,false,נשנושים זעתר ב.בייגל 260ג',בייגל את בייגל מזון,IL,נשנושים זעתר,גרמים,260.00,100 גרם,false,,13.50,0.0519,false,1,209644
7290112495143,false,נשנושים קוקטייל מלוח 300ג' ב.בייגל,בייגל את בייגל מזון,IL,נשנושי קרקר קוקטייל,גרמים,300.00,100 גרם,false,,14.90,0.0497,true,1,209638
7290112495150,false,נשנושים קרקר עגול מלוח 300 גרם נ.ל.פ,בייגל את בייגל מזון,IL,נשנושי קרקר עיגולים,גרמים,300.00,100 גרם,false,,14.90,0.0497,true,1,209639
7290112495167,false,נשנושי קרקר שומשום בייגל בייגל 350 גרם,בייגל את בייגל מזון,IL,נשנושי קרקר משולשי ש,גרמים,300.00,100 גרם,false,,14.90,0.0497,true,1,209640
7290112495174,false,נשנושים קוקטייל שומשום 300ג' ב.בייגל,בייגל את בייגל מזון,IL,נשנושי קרקר קוקטייל,גרמים,300.00,100 גרם,false,,14.90,0.0497,true,1,209641
7290112495228,false,קורנפלקס נגיעות דבש תלמה 448 גרם,יוניליוור שפע ישראל,IL,קורנפלקס דבש 448 גר',גרמים,448.00,100 גרם,false,,19.90,0.0444,false,1,209637
7290112495280,false,ריבועי ברנפלקס קינמון 400 גרם,אתר שפע - Food,IL,ברנפלקס ריבועי קינמו,גרמים,400.00,100 גרם,false,,19.90,0.0497,false,1,211438
7290112495433,false,דגני דליפקאן תוספת אגוזי פקאן ושקדים 400 גר,יוניליור שפע ישראל ב,IL,דליפקאן 400 גר' תלמה,גרמים,400.00,100 גרם,false,,19.90,0.0497,false,1,208736
7290112495556,false,מארז שלישיית חטיפי קליק ממולא בנוגט,יוניליוור,IL,קליק שלישיית ברים נו,גרמים,105.00,100 גרם,false,,14.90,0.1419,true,1,213009
7290112495594,false,בייגלה שמיניות גדולותללא תוספת מלח 400 גרם,אתר בייגל - Food,IL,בייגלה שמיניות גדולו,גרמים,400.00,100 גרם,false,,13.90,0.0348,true,1,209945
7290112495662,false,קרקר חיטה מלאה ופשתן בייגל בייגל 300 גרם,"מיוצר ע""י קוד יצרן A",IL,קרקר חיטה מלאה עם פש,גרמים,300.00,100 גרם,false,,9.90,0.0330,true,1,213070
7290112495686,false,קרקר שומשום בייגל בייגל 220 גרם,בייגל בייגל BB,IL,קרקר שומשום 220 גר',גרמים,220.00,100 גרם,false,,9.90,0.0450,true,1,212309
7290112495747,false,רוטב צ''ילי מתוק כ 70% פחות סוכר 340 ג' קנור,יוניליוור ישראל מזון,IL,רוטב צ'ילי מופחת סוכ,גרמים,340.00,100 גרם,false,,12.90,0.0379,true,1,211442
7290112495754,false,"רטבי הלמנס לסלט 300 מ""ל אלף האיים",יוניליוור ישראל מזון,IL,הלמנס לסלט אלף האיים,גרמים,305.00,100 גרם,false,,12.90,0.0423,false,1,211440
7290112495761,false,"הלמנס רוטב לחיץ אלף האיים לייט 290 מ""ל",יוניליוור ישראל מזון,IL,רוטב אלף האיים לייט,גרמים,305.00,100 גרם,false,,12.90,0.0423,true,1,210984
7290112495785,false,רוטב לסלט שום הלמנס 300ג,יוניליוור ישראל מזון,IL,רוטב שום לסלט הלמנס,גרמים,300.00,100 גרם,false,,12.90,0.0430,true,1,210985
7290112495815,false,רוטב סלט חרדל דבש לייט הלמנס 305ג',יוניליוור ישראל מזון,IL,הלמנס רוטב סלט חרדל,גרמים,305.00,100 גרם,false,,12.90,0.0423,true,1,211991
7290112495822,false,כריות BLAK שוקולד וניל 686 גר',יוניליוור שפע ישראל,IL,כריות בלאק 686 גר',גרמים,686.00,100 גרם,false,,24.90,0.0363,false,1,209948
7290112495938,false,קרקר 6 דגנים בייגל בייגל 250 גרם,"מיוצר ע""י קוד יצרן A",IL,קרקר משפחתי 6 דגנים,גרמים,250.00,100 גרם,false,,9.90,0.0396,true,1,212103
7290112496027,false,סירופ שוקולד 580 גרם-בקבוק,יוניליוור ישראל מזון,IL,אפיכל סירופ שוקולד 5,גרמים,580.00,100 גרם,false,,12.90,0.0222,true,1,211551
7290112496034,false,סירופ מייפל אפיכל 580 גרם,יוניליוור ישראל מזון,IL,סירופ מייפל 580 גר',גרמים,580.00,100 גרם,false,,12.90,0.0222,true,1,212298
7290112496218,false,קנור רוטב טריאקי הפחתה של מעל 50% סוכר ונתרן 310 ג',אתר חיפה 778 - Food,IL,רוטב טריאקי מופחת נת,גרמים,340.00,100 גרם,false,,12.90,0.0379,true,1,211986
7290112496287,false,פתית - צ'יפס בטטה בטעם טבעי 21 גרם,JLM גלובל פודס37 דרך,GB,פתית צ'יפס בטטה בטעם,גרמים,21.00,100 גרם,false,,4.90,0.2333,true,1,213400
7290112496430,false,קנור נמס בכוס אקסטרה עגבניות+איטריות 37 גרם - רבנות,יוניליוור ישראל מזון,IL,נמס בכוס אקסטרה עגבנ,גרמים,37.00,100 גרם,false,,4.50,0.1216,false,1,261212
7290112496447,false,נמס בכוס אקסטרה טעם עוף עם המון אטריות 27ג',יוניליוור ישראל מזון,IL,נמס בכוס אקסטרה טעם,גרמים,27.00,100 גרם,false,,4.50,0.1667,false,1,261214
7290112496461,false,נמס בכוס אקסטרה מרק ירקות עם המון אטריות,יוניליוור ישראל מזון,IL,נמס בכוס אקסטרה ירקו,גרמים,32.00,100 גרם,false,,4.50,0.1406,false,1,261213
7290112497000,false,פנטסטיק תרכיז ניקוי רב תכליתי בניחוח לימון,"זוהר דליה, קיבוץ דלי",IL,סיף ניקוי כללי לימון,ליטרים,1.00,ליטר,false,,10.90,10.9000,true,1,212653
7290112497031,false,רוטב עגבניות לקציצות קנור 415 גרם,יוניליוור,IT,רוטב עגבניות לקציצות,גרמים,415.00,100 גרם,false,,13.90,0.0335,true,1,218542
7290112497123,false,סחלב תערובת להכנת מעדן בטעם סחלב 112גרם,יוניליוור ישראל מזון,IL,סחלב קנור 112 גר',גרמים,112.00,100 גרם,false,,13.50,0.1205,true,1,215911
7290112497499,false,קליק טבלת שוקולד לבן עוגיות 85 גרם,אתר צפת טבלאות ותעשי,IL,קליק שוקולד לבן עם ע,גרמים,85.00,100 גרם,false,,7.00,0.0824,false,1,219051
7290112497505,false,וזלין תחליב גוף בתוספת אלוורה 600 מל,וזלין Vaseline,US,וזלין תחליב גוף אלוו,מיליליטרים,600.00,"100 מ""ל",false,,27.90,0.0465,true,1,213402
7290112497536,false,פינוק ג'ל לניקוי ידי,,,פינוק ג'ל לניקוי ידי,מיליליטרים,250.00,"100 מ""ל",false,,17.90,0.0716,true,1,213626
7290112497727,false,פינוק בייבי אל סבון אל דמע לתינוקות 700,יוניליוור,IL,פינוק אל סבון לתינוק,מיליליטרים,700.00,"100 מ""ל",false,,14.90,0.0213,true,1,263408
7290112497864,false,אבקת מרק בטעם עוף רכיבים טבעיים 33% פחות נתרן 400 גרם,יוניליוור,IL,מרק עוף רכיביים טבעי,גרמים,400.00,100 גרם,false,,19.90,0.0497,true,1,216534
7290112497994,false,"גרנולה תלמה פרוטאין בתוספת חלבון ואגוזים, 300 גרם",חטיפי העמק,IL,גרנולה פרוטאין בתוספ,גרמים,300.00,100 גרם,false,,14.90,0.0497,true,1,218079
7290112498007,false,גרנולה פרוטאין בתוספת חלבון שקדים וחמוציות תלמה 300 ג',חטיפי העמק,IL,גרנולה פרוטאין בתוספ,גרמים,300.00,100 גרם,false,,14.90,0.0497,true,1,218075
7290112498052,false,מאגדת פתית צ'יפס בטטה 21 גרם*4 יח',JLM גלובל פודס37 דרך,IL,מאגדת פתית צ'יפס עם,גרמים,84.00,100 גרם,false,,15.90,0.1893,true,1,218541
7290112498090,false,מרכך בתוספת שמן חוחבה 700 מ''ל פינוק,אתר ליוור - HPC,IL,פינוק מרכך שמן חוחוב,מיליליטרים,700.00,"100 מ""ל",false,,11.90,0.0170,false,1,215521
7290112498106,false,פינוק תחליב רחצה 700 בתוספת שמן חוחובה,יוניליוור,IL,פינוק תחליב רחצה שמן,מיליליטרים,700.00,"100 מ""ל",false,,11.90,0.0170,false,1,215519
7290112498267,false,פינוק אל סבון לידיים בניחוח פינוק קלאסי,קוסטר אירוסול ולף סנ,TR,פינוק סבון ידיים נוז,מיליליטרים,950.00,"100 מ""ל",false,,13.90,0.0146,true,1,219062
7290112498274,false,פינוק אלסבון לידיים לבנדר וניל 1ליטר+משא,יוניליוור ישראל טיפו,TR,פינוק סבון ידיים נוז,מיליליטרים,950.00,"100 מ""ל",false,,13.90,0.0146,true,1,219063
7290112498281,false,"אל סבון לידיים בתוספת שמן קוקוס פינוק 950 מ""ל",יוניליוור ישראל טיפו,TR,פינוק סבון ידיים נוז,מיליליטרים,950.00,"100 מ""ל",false,,13.90,0.0146,true,1,219064
7290112498298,false,"אל סבון ליידים בתוספת שמן מרוקאי פינוק 950 מ""ל",קוסטר אירוסול ולף סנ,TR,פינוק סבון ידיים נוז,מיליליטרים,950.00,"100 מ""ל",false,,13.90,0.0146,true,1,219065
7290112498434,false,רוטב קנור גריל אסיית,אתר חיפה 778,,רוטב גריל אסייתי קנו,גרמים,370.00,100 גרם,false,,12.90,0.0349,false,1,217995
7290112498441,false,"קנור רוטב אסיאתי למוקפץ 300 מ""ל בד""ץ",אתר חיפה 778 - Food,IL,רוטב אסייתי למוקפץ ק,גרמים,370.00,100 גרם,false,,12.90,0.0349,false,1,217994
7290112498526,false,"פתית צ'יפס עם בטטה סגולה בטעם שמנת ובצל, 22 גרם",JLM גלובל פודס37 דרך,GB,פתית צ'יפס עם בטטה ס,גרמים,22.00,100 גרם,false,,4.90,0.2227,true,1,219054
7290112498748,false,מיני סולרו וניל תות שדה 350 גרם,"מיוצר ע""י גלידת שטרא",IL,מאגדת שלגונים מיני ס,גרמים,350.00,100 גרם,false,,25.90,0.0740,true,1,216787
7290112498885,false,מאגדת גודי'ז תותים ושוקולד לבן 235 גרם,מנדלז סי.אר. פרודקשן,IL,מאגדת גודי'ס תותים ו,גרמים,235.00,100 גרם,false,,25.90,0.1102,true,1,217023
7290112498915,false,מאגדת מיני מגנום שקדים מובחרים 250 ג',"מיוצר ע""י גלידת שטרא",IL,מאגדת מיני מגנום שקד,גרמים,250.00,100 גרם,false,,27.90,0.1116,true,1,218700
7290112498922,false,מאגדת מיני מגנום שוקולד לבן 250 ג',"מיוצר ע""י גלידת שטרא",IL,מאגדת מיני מגנום שוק,גרמים,250.00,100 גרם,false,,27.90,0.1116,true,1,218699
7290112498939,false,שלגון בומבה בטעם וניל 80 גרם,"מיוצר ע""י גלידת שטרא",IL,בומבה,גרמים,84.00,100 גרם,false,,8.90,0.1060,true,1,217026
7290112499097,false,מאגדת מיני מגנום מריר Intense Dark! 240 גרם,"מיוצר ע""י גלידת שטרא",IL,מיני מגנום מריר מאגד,גרמים,240.00,100 גרם,false,,27.90,0.1162,true,1,261136
7290112499110,false,טילון קליק בטעם שוקולד 72 ג' שטראוס,שטראוס גרופ גלידות,IL,טילון קליק שוקולד,גרמים,72.00,100 גרם,false,,6.90,0.0958,true,1,263155
7290112499127,false,שלגון גלידה שוקולד לבן ותות 77 גרם,"מיוצר ע""י גלידת שטרא",IL,מגנום שוקולד לבן תות,גרמים,77.00,100 גרם,false,,11.00,0.1429,true,1,261137
7290112499189,false,"גלידת קרמיסימו חד קרן וניל תות, 1.33 ליטר","גלידת שטראוס בע""מ, ר",IL,קרמיסימו חד קרן 1.33,ליטרים,1.33,ליטר,false,,22.90,17.2180,false,1,263147
7290112499196,false,גלידה בטעם החלב של הקורנפלקס 1.33 ל' קרמיסימו,"גלידת שטראוס בע""מ, ר",IL,קרמיסימו חלב קורנפלק,ליטרים,1.33,ליטר,false,,22.90,17.2180,false,1,263112
7290112499219,false,מאגדת מיני גודיז פיסטוק ושוקולד 235 ג' שטראוס,"גלידת שטראוס בע""מ, ר",IL,מאגדת שלגונים גודיס,גרמים,235.00,100 גרם,false,,25.90,0.1102,true,1,262448
7290112499226,false,גלידונית קרמיסימו פיסטוק בננה 630 גרם,שטראוס גרופ גלידות,IL,גלידונית בננה פיסטוק,גרמים,630.00,100 גרם,false,,49.90,0.0792,false,1,264357
7290112499257,false,שלגון שוקובו שטראוס,שטראוס גרופ גלידות,IL,שלגון שוקובו שטראוס,גרמים,85.00,100 גרם,false,,9.00,0.1059,true,1,264471
7290112499448,false,"מרכך פינוק בתוספת שמן מרוקאי 700 מ""ל",יוניליוור ישראל טיפו,IL,פינוק מרכך שיער שמן,מיליליטרים,700.00,"100 מ""ל",false,,11.90,0.0170,false,1,218633
7290112499462,false,פינוק תחליב רחצה 700 בתוספת שמן קוקוס,יוניליוור ישראל טיפו,IL,פינוק תחליב רחצה שמן,מיליליטרים,700.00,"100 מ""ל",false,,11.90,0.0170,false,1,218694
7290112499479,false,"פינוק - שמפו בתוספת קרטין 700 מ""ל",אתר ליוור - HPC,IL,פינוק שמפו קרטין 700,מיליליטרים,700.00,"100 מ""ל",false,,11.90,0.0170,false,1,217105
7290112499486,false,"פינוק - מרכך בתוספת קרטין 700 מ""ל",יוניליוור,IL,פינוק מרכך קרטין 700,מיליליטרים,700.00,"100 מ""ל",false,,11.90,0.0170,false,1,217106
7290112499493,false,"רקסונה - דאודורנט ספריי לאישה אלוורה 150 מ""ל",יונילוור ארגנטינה -,RU,דאודורנט רקסונה ספרי,מיליליטרים,150.00,"100 מ""ל",false,,14.90,0.0993,true,1,262156
7290112499509,false,"רקסונה - דאודורנט ספריי לאישה בניחוח אפרסק ולמון גראס 150 מ""ל",קוסטר - תורכיה,RU,רקסונה דאודורנט אפרס,מיליליטרים,150.00,"100 מ""ל",false,,14.90,0.0993,true,1,263989
7290112499523,false,"רקסונה - דאודורנט ספריי לגבר אקטיב 150 מ""ל",יוניליוור,RU,רקסונה מן ספריי אקטי,מיליליטרים,150.00,"100 מ""ל",false,,14.90,0.0993,true,1,261904
7290112499622,false,"גלידת בטעמי שוקו עוגיות, וניל צ'יפ","גלידת שטראוס בע""מ",IL,גלידה משפחתית שוקו ו,ליטרים,2.00,ליטר,false,,26.90,13.4500,true,1,211063
7290112499639,false,טילון סופר מגנום וניל צ'יפ ושוקולד 110 ג',"מיוצר ע""י גלידת שטרא",IL,טילון סופר מגנום וני,גרמים,110.00,100 גרם,false,,11.00,0.1000,true,1,210396
7290112499646,false,"מעדן קפוא בטעם וניל עם וופל 108 גרם ""קורנטו""","מיוצר ע""י גלידת שטרא",IL,קורנטו סופר פקאן.,גרמים,108.00,100 גרם,false,,11.00,0.1019,true,1,211633
7290112499677,false,מגנום וניל בציפוי שוקולד לבן,"מיוצר ע""י גלידת שטרא",IL,שלגון מגנום שוקולד ל,גרמים,85.00,100 גרם,false,,11.00,0.1294,true,1,210397
7290112499776,false,גלידת שמנת מופחתת שומן וקלוריות בטעם שוקולד לבן 240 גרם,"גלידת שטראוס בע""מ, ר",IL,מאגדת גודיז,גרמים,297.00,100 גרם,false,,25.90,0.0872,true,1,211631
7290112499837,false,"שלגון בטעם שוקולד עם נוגט ""מגנום""","מיוצר ע""י גלידת שטרא",IL,מגנום דואט שוקולד עם,גרמים,90.00,100 גרם,false,,11.00,0.1222,true,1,210398
7290112499844,false,מאגדת מיני מגנום דואט שוקולד עם נוגט 5 יח' שטראוס,"מיוצר ע""י גלידת שטרא",IL,מאגדת מיני מגנום דוא,גרמים,310.00,100 גרם,false,,27.90,0.0900,true,1,210395
7290112499929,false,מגנום שוקולד אימפלס פסח 120מל,"מיוצר ע""י גלידת שטרא",IL,שלגון מגנום שוקולד,גרמים,85.00,100 גרם,false,,11.00,0.1294,true,1,210389
7290112499936,false,מגנום שקדים אימפלס פסח 125מל,"מיוצר ע""י גלידת שטרא",IL,מגנום שקדים,גרמים,85.00,100 גרם,false,,11.00,0.1294,true,1,210390
7290112499943,false,מיני מאגדת מיני מגנום טעמים שונים וניל+שוקו,"מיוצר ע""י גלידת שטרא",IL,מאגדת מיני מגנום קלא,גרמים,250.00,100 גרם,false,,27.90,0.1116,true,1,210401
7290112705426,false,צלחת במבוק 23 חד-קרן,,,צלחת במבוק חד-קרן,יחידה,0.00,יחידה,false,,12.90,0.0000,true,1,207662
7290112705440,false,צלחת במבוק 23 סמ נסיכות,שמחה זה אנחנו,CN,צלחת במבוק נסיכות,יחידה,0.00,יחידה,false,,12.90,0.0000,true,1,207667
7290112705457,false,קערה במבוק חד - קרן,,,קערה במבוק חד-קרן,יחידה,0.00,יחידה,false,,8.90,0.0000,true,1,207678
7290112705471,false,קערה במבוק נסיכות,שמחה זה אנחנו,CN,קערה במבוק נסיכות,יחידה,0.00,יחידה,false,,8.90,0.0000,true,1,207683
7290112705488,false,כוס במבוק חד -קרן,,,כוס במבוק חד-קרן,יחידה,0.00,יחידה,false,,7.90,0.0000,true,1,207694
7290112705532,false,צלחת במבוק פנדה ורוד,,,צלחת במבוק פנדה ורוד,יחידה,0.00,יחידה,false,,12.90,0.0000,true,1,207671
7290112938671,false,שלישיית גרביים,,,שלישיית גרביים,יחידה,0.00,יחידה,false,,12.90,0.0000,true,1,212030
7290112938688,false,שלישיית גרביים,,,שלישיית גרביים,יחידה,0.00,יחידה,false,,12.90,0.0000,true,1,260958
7290112938701,false,גרביים,,,גרביים,יחידה,0.00,יחידה,false,,12.90,0.0000,true,1,211891
7290112938725,false,גרביי גברים עקב,,,גרביי גברים עקב,יחידה,0.00,יחידה,false,,12.90,0.0000,true,1,211502
7290112960566,false,בונזור לחם מחמצת שאור קנוי 12*480גר,בונז'ור,,לחם מחמצת שאור בונז',גרמים,480.00,100 גרם,false,,17.90,0.0373,true,1,204292
7290112960856,false,גלידה בשומן צמחי בטעם ריבת חלב ומטבע שוקולד,שוורצקוף& הנקל דיסלד,IL,טילון ריבת חלב נסטלה,גרמים,115.00,100 גרם,false,,10.00,0.0870,true,1,206764
7290112961266,false,בייגלה כפיות פיזור איטלקי 300 גרם אסם,"אסם תעשיות בע""מ",IL,אסם בייגלה כפיות פיז,גרמים,300.00,100 גרם,false,,11.90,0.0397,true,1,206618
7290112961327,false,בייגלה כפיות פיזור כפרי 300 גרם אסם,"אסם תעשיות בע""מ",IL,אסם בייגלה כפיות פיז,גרמים,300.00,100 גרם,false,,11.90,0.0397,true,1,206619
7290112961372,false,פיטנס חטיפי פריכיות דקות קינמון 60 גרם,"פרח תעשיות מזון בע""מ",IL,פיטנס חטיפי פריכיות,גרמים,60.00,100 גרם,false,,8.50,0.1417,true,1,205635
7290112961440,false,פיטנס חטיפי פריכיות שוקולד מריר 84 גרם,פרח תעשיות,IL,פיטנס בר פריכיות שוק,גרמים,84.00,100 גרם,false,,12.90,0.1536,true,1,211385
7290112961464,false,פיטנס חטיפי פריכיות דגנים וחומוס מתובלות,"פרח תעשיות מזון בע""מ",IL,חטיפי פריכיות פיטנס,גרמים,60.00,100 גרם,false,,8.50,0.1417,true,1,205636
7290112962003,false,שלגון קראנץ וניל עוגיות 90 גרם,שוורצקוף& הנקל דיסלד,IL,קראנץ וניל עוגיות,גרמים,94.00,100 גרם,false,,9.90,0.1053,true,1,205524
7290112962287,false,טבעול שווארמה טבעונית 6*450 גרם,מיוצר עי קונדיטוריית,IL,טבעול שווארמה טבעוני,גרמים,450.00,100 גרם,false,,31.00,0.0689,true,1,210578
7290112962737,false,טבעול שניצל מן הצומח עם חלבון 664 גרם,עיצובים 2020 (4.8),IL,שניצל טבעול מהצומח ע,גרמים,664.00,100 גרם,false,,28.90,0.0435,true,1,205012
7290112962881,false,לחמניית ג'בטה בונז'ו,,,לחמניית ג'בטה בונז'ו,גרמים,80.00,100 גרם,false,,2.60,0.0325,true,1,205446
7290112963321,false,גרטיפי בייגלה שטוח הכל ללא גלוטן 300 גר,מיוצר עי קונדיטוריית,IL,בייגלה גרפיטי שטוח ל,גרמים,300.00,100 גרם,false,,12.90,0.0430,true,1,212371
7290112963727,false,בונז'ור עוגת קראנץ' קינמון 650 גרם,בונז'ור,,עוגת קראנץ קינמון בו,גרמים,650.00,100 גרם,false,,21.90,0.0337,true,1,205959
7290112963918,false,פיטנס חטיפי קרקר דק רוזמרין 140 גרם,נסטלה Nestle,IL,פיטנס קרקר דק רוזמרי,גרמים,140.00,100 גרם,false,,11.90,0.0850,true,1,207523
7290112964144,false,דוגלי חטיפי לבבות,,,דוגלי חטיפי לבבות,גרמים,200.00,100 גרם,false,,16.90,0.0845,true,1,208317
7290112964410,false,אסם רוטב אלף האיים חדש לסלט 290 גרם,"אסם תעשיות בע""מ",IL,רוטב אלף האיים לסלט,מיליליטרים,290.00,"100 מ""ל",false,,12.00,0.0414,false,1,207501
7290112964434,false,אסם רוטב קיסר חדש לסלט 295 גרם,"אסם תעשיות בע""מ",IL,רוטב קיסר לסלט אסם 2,מיליליטרים,295.00,"100 מ""ל",false,,12.00,0.0407,true,1,207502
7290112964458,false,רוטב ויניגרט חדש לסלט 295 גרם אסם,"אסם תעשיות בע""מ",IL,רוטב ויניגרט לסלט אס,מיליליטרים,295.00,"100 מ""ל",false,,12.00,0.0407,false,1,207504
7290112964472,false,אסם רוטב שום חדש לסלט 290 גרם,"אסם תעשיות בע""מ",IL,רוטב שום לסלט אסם 29,מיליליטרים,290.00,"100 מ""ל",false,,12.00,0.0414,true,1,207503
7290112964502,false,אסם רוטב אלף האיים לסלט 600 גרם,"אסם תעשיות בע""מ",IL,רוטב אלף האיים לסלט,מיליליטרים,600.00,"100 מ""ל",false,,18.50,0.0308,true,1,207509
7290112964564,false,"רוטב אלף האיים לייט לסלט 290 מ""ל אסם","אסם תעשיות בע""מ",IL,רוטב אלף האיים לייט,מיליליטרים,295.00,"100 מ""ל",false,,12.00,0.0407,false,1,207505
7290112964601,false,רוטב בנוסח סצ'ואן הסדרה האסייתית,"אסם תעשיות בע""מ",IL,רוטב בנוסח סצו'אן 29,מיליליטרים,290.00,"100 מ""ל",false,,13.90,0.0479,true,1,207369
7290112964625,false,אסם רוטב שום לייט חדש לסלט 310 גרם,"אסם תעשיות בע""מ",IL,רוטב שום לייט לסלט א,מיליליטרים,310.00,"100 מ""ל",false,,12.00,0.0387,false,1,207506
7290112964724,false,המבורגר צמחוני עם המון חלבון 580 גר,מיוצר עי קונדיטוריית,IL,המבורגר טבעוני טבעול,גרמים,580.00,100 גרם,false,,31.00,0.0534,true,1,208248
7290112965103,false,תבשיל קוסקוס עם ירקות 146 גרם אסם,אסם,IL,קוסקוס עם ירקות אסם,גרמים,146.00,100 גרם,false,,10.90,0.0747,true,1,210181
7290112965141,false,תבשיל פתיתים אפויים עם ירקות 130 גרם,"אסם תעשיות בע""מ",IL,פתיתים אפויים עם ירק,גרמים,130.00,100 גרם,false,,10.90,0.0838,false,1,210182
7290112965165,false,מרק נמס בטעם פטריות זוג * 24 ג' אסם,"אסם תעשיות בע""מ",IL,זוג מרק נמס פטריות א,גרמים,34.00,100 גרם,false,,5.90,0.1735,true,1,208355
7290112965240,false,אוסם - מרק נמס עגבניות זוג 30 גרם * 2,"אסם תעשיות בע""מ",IL,זוג מרק נמס עגבניות,גרמים,44.00,100 גרם,false,,5.90,0.1341,true,1,208357
7290112965264,false,אסם זוג מרק נמס אפונה בדצ 14*30גרם,"אסם תעשיות בע""מ",IL,זוג מרק נמס אפונה אס,גרמים,30.00,100 גרם,false,,5.90,0.1967,true,1,208358
7290112965288,false,אסם זוג מרק נמס ירקות בדצ10*30גרם,"אסם תעשיות בע""מ",IL,זוג מרק נמס ירקות אס,גרמים,30.00,100 גרם,false,,5.90,0.1967,true,1,208359
7290112965301,false,זוג מרק נמס בטעם עוף עם שקדי מרק רגע חם,"אסם תעשיות בע""מ",IL,זוג מרק נמס טעם עוף,גרמים,38.00,100 גרם,false,,5.90,0.1553,true,1,208368
7290112965325,false,תבשיל אורז ספרדי אוסם 140 גרם,"אסם תעשיות בע""מ",IL,אורז ספרדי אסם,גרמים,140.00,100 גרם,false,,10.90,0.0779,false,1,210180
7290112965363,false,טבעול קציצות קינואה וברוקולי 525 גרם,מיוצר עי קונדיטוריית,IL,קציצת קינואה וברוקול,גרמים,525.00,100 גרם,false,,31.00,0.0590,false,1,209890
7290112965585,false,פסטה פרפקטו קסרצ'ה 500 גרם,אסם פרפקטו Perfecto,IT,פסטה קסרצה פרפקטו,גרמים,500.00,100 גרם,false,,7.70,0.0154,false,1,207823
7290112965660,false,פיטנס - חטיף מולטיגריין מלח פלפל 25 גרם,מיוצר עי קונדיטוריית,IL,פיטנס חטיף מולטיגריי,גרמים,25.00,100 גרם,false,,4.90,0.1960,true,1,215337
7290112965684,false,פיטנס - חטיף מולטיגריין עשבי תיבול 25 גרם,מיוצר עי קונדיטוריית,IL,פיטנס חטיף מולטיגריי,גרמים,25.00,100 גרם,false,,4.90,0.1960,true,1,215338
7290112965707,false,פיטנס - חטיף מולטיגריין צילי מעודן 25 גרם,"אסם השקעות בע""מ",IL,פיטנס חטיף מולטיגריי,גרמים,25.00,100 גרם,false,,4.90,0.1960,true,1,215339
7290112965745,false,אוסם - ביסלי פריסטייל בצל מעושן 60 גרם,"אסם תעשיות בע""מ",IL,ביסלי פריסטייל בצל מ,גרמים,60.00,100 גרם,false,,4.70,0.0783,true,1,218490
7290112965783,false,אוסם - ביסלי פריסטייל על האש 60 גרם,"אסם תעשיות בע""מ",IL,ביסלי פריסטייל על הא,גרמים,60.00,100 גרם,false,,4.70,0.0783,true,1,218491
7290112965806,false,אוסם - ביסלי פריסטייל חמוץ חריף 60 גרם,"אסם תעשיות בע""מ",IL,ביסלי פריסטייל חמוץ,גרמים,60.00,100 גרם,false,,4.70,0.0783,true,1,218492
7290112965868,false,קרם קרקר במליחות מעודנת 250 גרם אסם,"אסם תעשיות בע""מ",IL,קרם קרקר במליחות מעו,גרמים,250.00,100 גרם,false,,8.50,0.0340,true,1,210140
7290112965905,false,אסם בייגלה שמיניות במליחות מעודנת 400 גרם,מיוצר עי קונדיטוריית,IL,בייגלה אסם שמיניות ב,גרמים,400.00,100 גרם,false,,11.00,0.0275,true,1,210202
7290112965943,false,טבעול נאגטס ירקות ירוקים 6*500גרם,טבעול תעשיות מזון בע,IL,טבעול נאגטס ירקות יר,גרמים,500.00,100 גרם,false,,31.00,0.0620,true,1,212465
7290112965967,false,טבעול נאגטס ירקות כתומים 6*500גרם,טבעול תעשיות מזון בע,IL,טבעול נאגטס ירקות כת,גרמים,500.00,100 גרם,false,,31.00,0.0620,true,1,212466
7290112965981,false,טבעול גורמה ארוחת דגנים 450 גרם,טבעול (מקבוצת אסם הש,IL,טבעול גורמה ארוחת דג,גרמים,450.00,100 גרם,false,,33.90,0.0753,true,1,261315
7290112966025,false,בייגלה אוסם כפיות כפרי טוגו 60 גר',"אסם תעשיות בע""מ",IL,בייגלה אסם כפיות כפר,גרמים,60.00,100 גרם,false,,3.10,0.0517,true,1,210203
7290112966094,false,הבית עוגת תפוז מופחתת סוכר 400 גרם,מיוצר עי קונדיטוריית,IL,עוגת הבית תפוז מופחת,גרמים,400.00,100 גרם,false,,13.90,0.0348,false,1,210142
7290112966247,false,לחמית כוסמין 200 ג' אסם,"אסם תעשיות בע""מ",IL,לחמית כוסמין 200 גרם,גרמים,200.00,100 גרם,false,,10.50,0.0525,false,1,211951
7290112966728,false,צבר טחינה בלאדי פלפלים חריפים 350 גרם,שוורצקוף& הנקל דיסלד,IL,טחינה בלאדי פלפלים ח,גרמים,350.00,100 גרם,false,,15.90,0.0454,true,1,209309
7290112966766,false,צבר טחינה בלאדי חציל עגבניות ושום 350 גרם,שוורצקוף& הנקל דיסלד,IL,טחינה בלאדי חציל עגב,גרמים,350.00,100 גרם,false,,15.90,0.0454,true,1,209986
7290112966780,false,צבר טחינה בלאדי עם חציל קלוי 350 גרם,שוורצקוף& הנקל דיסלד,IL,טחינה בלאדי עם חציל,גרמים,350.00,100 גרם,false,,15.90,0.0454,true,1,209311
7290112966803,false,אסם פודינג אינסטנט שוקולד 95 גרם,"אסם תעשיות בע""מ",IL,אינסטנט פודינג שוקול,גרמים,88.00,100 גרם,false,,5.80,0.0659,false,1,210183
7290112966841,false,אינסטנט פודינג בטעם שוקולד מריר 95 גרם,מיוצר עי קונדיטוריית,IL,פודינג בטעם שוקולד מ,גרמים,90.00,100 גרם,false,,5.80,0.0644,false,1,210184
7290112967114,false,פיטנס חטיפי פריכיות קטניות ופלפל 60 גרם,"פרח תעשיות מזון בע""מ",IL,פיטנס חטיפי פריכיות,גרמים,60.00,100 גרם,false,,8.50,0.1417,true,1,211386
7290112967138,false,בייגלה שמיניות ללא גלוטן 250 גרם אסם,מיוצר עי קונדיטוריית,IL,בייגלה אסם שמיניות ל,גרמים,250.00,100 גרם,false,,13.50,0.0540,true,1,210205
7290112967299,false,אסם מרק ירקות ייעודי,,,מרק ירקות 50 גר,גרמים,50.00,100 גרם,false,,4.60,0.0920,true,1,212477
7290112967381,false,פיטנס חטיפי פריכיות קטניות ומלח ים 60 גר',"פרח תעשיות מזון בע""מ",IL,פיטנס חטיפי פריכיות,גרמים,60.00,100 גרם,false,,8.50,0.1417,true,1,211387
7290112967510,false,בונזור בייבי חליות 90 ג',בונז'ור,IL,בייבי חליות בונז'ור,גרמים,90.00,100 גרם,false,,2.50,0.0278,true,1,210024
7290112967572,false,"אסם רוטב ברביקיו 290 מ""ל אסם",Unknown,IL,רוטב ברביקיו אסם 290,מיליליטרים,290.00,"100 מ""ל",false,,12.00,0.0414,true,1,210178
7290112967800,false,אסם בישולים מיקס בצלים 9*200גרם,"אסם תעשיות בע""מ",IL,אסם בישולים מיקס בצל,גרמים,200.00,100 גרם,false,,18.90,0.0945,true,1,210586
7290112967824,false,בישולים מיקס קלאסי אוסם 200 גרם,"אסם תעשיות בע""מ",IL,אסם בישולים מיקס קלא,גרמים,200.00,100 גרם,false,,18.90,0.0945,true,1,210587
7290112967848,false,אסם ג'לי תות שדה מופחת סוכר 90 גרם,מיוצר עי קונדיטוריית,IL,ג'לי תות שדה מופחת ס,גרמים,90.00,100 גרם,false,,6.50,0.0722,true,1,210185
7290112968203,false,צבר סלט טחינה בלאדי 6*250גרם,שוורצקוף& הנקל דיסלד,IL,סלט טחינה בלאדי צבר,גרמים,250.00,100 גרם,false,,10.90,0.0436,true,1,211276
7290112968340,false,צבר חומוס גרוס גס גס 400 גרם,שוורצקוף& הנקל דיסלד,IL,חומוס גרוס גס גס צבר,גרמים,400.00,100 גרם,false,,13.90,0.0348,true,1,210596
7290112968449,false,סלט טחינה כרוב אדום 250 גרם,שוורצקוף& הנקל דיסלד,IL,סלט כרוב אדום צבר 25,גרמים,250.00,100 גרם,false,,10.90,0.0436,true,1,211277
7290112968524,false,צבר סלט חומוס גרגירים רכים 6*250גרם,שוורצקוף& הנקל דיסלד,IL,סלט חומוס סמיר צבר 2,גרמים,250.00,100 גרם,false,,10.90,0.0436,true,1,211278
7290112968807,false,פיטנס - קרקר דק סלק 140 גרם,מפעל אסם יקנעם,IL,פיטנס קרקר דק סלק,גרמים,140.00,100 גרם,false,,11.90,0.0850,true,1,216057
7290112968821,false,פיטנס - קרקר דק בטטה 140 גרם,מפעל אסם יקנעם,IL,פיטנס קרקר דק בטטה,גרמים,140.00,100 גרם,false,,11.90,0.0850,true,1,216060
7290112969002,false,אסם פודינג אינסטנט פיסטוק 80 גרם,מיוצר עי קונדיטוריית,IL,פודינג פיסטוק אסם,גרמים,80.00,100 גרם,false,,5.80,0.0725,false,1,211944
7290112969286,false,אסם בישולים רוטב חרדל ודבש 330 גרם,"אסם תעשיות בע""מ",IL,אסם בישולים רוטב חרד,גרמים,330.00,100 גרם,false,,15.90,0.0482,true,1,215729
7290112969903,false,טבעול נאגטס ירקות לבנים 6*500גרם,טבעול תעשיות מזון בע,IL,טבעול נאגטס ירקות לב,גרמים,500.00,100 גרם,false,,31.00,0.0620,true,1,212467
7290113190771,false,חלבה מסולסלת שוקו וניל שקדיה 300 גר,חיאל עמר שומרון,IL,חלבה תלתלים בטעם שוק,גרמים,300.00,100 גרם,false,,13.90,0.0463,true,1,263203
7290113192300,false,זיתים מושחרים חרוזית 275 גרם בית השיטה,בית השיטה,IL,זיתים חרוזית מושחר 2,גרמים,275.00,100 גרם,false,,9.90,0.0360,true,1,210402
7290113192317,false,טבעות זיתים מושחרים 280 גרם בית השיטה,בית השיטה,IL,טבעות זיתים מושחרים,גרמים,280.00,100 גרם,false,,10.90,0.0389,true,1,210403
7290113192324,false,זיתים ירוקים ושלמים בינוניים 340 גרם,בית השיטה,IL,זיתים ירוקים מנזנילו,גרמים,340.00,100 גרם,false,,8.90,0.0262,true,1,210404
7290113192331,false,בית השיטה זיתים ירוקים גדולים 340 גרם*,בית השיטה,IL,זיתים ירוקים גדולים,גרמים,340.00,100 גרם,false,,9.90,0.0291,true,1,210405
7290113192348,false,בית השיטה זיתים ירוקים גדול מאודבטעם שום,בית השיטה,IL,זיתים ירוקים 17-19 ב,גרמים,340.00,100 גרם,false,,9.90,0.0291,true,1,210407
7290113192355,false,חרוזית זיתים ירוקים ללא גלעין 275 ג' בית השיטה,בית השיטה,IL,זיתים ירוקים חרוזית,גרמים,275.00,100 גרם,false,,9.90,0.0360,false,1,210408
7290113192362,false,זיתים ירוקים טבעות A2 בית השיטה 280 גרם,בית השיטה,IL,זיתים ירוקים טבעות 2,גרמים,280.00,100 גרם,false,,10.90,0.0389,true,1,210409
7290113192379,false,בית השיטה זיתים ירוקים מבוקעים א2 340גר',בית השיטה,IL,זיתים ירוקים מבוקעים,גרמים,340.00,100 גרם,false,,9.90,0.0291,true,1,210420
7290113192386,false,בית השיטה זיתים ירוקים סורי מבוקע 340גרם,בית השיטה,IL,זיתים סורי מבוקע 340,גרמים,340.00,100 גרם,false,,10.90,0.0321,true,1,210421
7290113192393,false,בית השיטה קוקטייל זיתים א2 336 גרם,בית השיטה,IL,קוקטייל זיתים 336 גר,גרמים,336.00,100 גרם,false,,11.90,0.0354,true,1,210422
7290113192478,false,בית השיטה מלפפונים במלח בינוני 10-12 320 גרם,בית השיטה,IL,מלפפון במלח 10-12 32,גרמים,320.00,100 גרם,false,,7.90,0.0247,false,1,210430
7290113192485,false,בית השיטה מלפפונים בחומץ בינוני 10-12 290 גרם,בית השיטה,IL,מלפפון בחומץ 10-12 2,גרמים,290.00,100 גרם,false,,7.90,0.0272,true,1,210431
7290113192492,false,בית השיטה מלפפונים בחומץ קטנים 1317 290 גרם,בית השיטה,IL,מלפפון בחומץ 13-17 2,גרמים,290.00,100 גרם,false,,10.90,0.0376,false,1,210432
7290113192508,false,בית השיטה מלפפונים במלח קטן 1317 320 גרם,בית השיטה,IL,מלפפון במלח 13-17 ב,גרמים,320.00,100 גרם,false,,10.90,0.0341,false,1,210433
7290113192515,false,בית השיטה מלפפונים במלח קטן מאוד 1825 320 גרם,בית השיטה,IL,מלפפון במלח 18-25 32,גרמים,320.00,100 גרם,false,,12.90,0.0403,true,1,210438
7290113192522,false,בית השיטה מלפפונים בחומץ קטן מאוד 1825 290 גרם,בית השיטה,IL,מלפפון בחומץ 18-25 2,גרמים,290.00,100 גרם,false,,12.90,0.0445,true,1,210439
7290113192539,false,בית השיטה מלפפונים במלח גדול 79 320 גרם,בית השיטה,IL,מלפפון במלח 7-9 320,גרמים,320.00,100 גרם,false,,6.50,0.0203,false,1,210440
7290113192546,false,"מלפפונים בחומץ רכיבים טבעיים 7-9 ""בית השיטה""",בית השיטה,IL,מלפפון בחומץ 7-9 290,גרמים,290.00,100 גרם,false,,6.50,0.0224,false,1,210441
7290113192553,false,בית השיטה מלפפונים במלח 13-17 בלדי 320 גר',בית השיטה,IL,מלפפון במלח בלדי 13-,גרמים,320.00,100 גרם,false,,10.90,0.0341,true,1,210442
7290113192560,false,בית השיטה פלפל שיפקה חריף כבוש 230 גרם,בית השיטה,IL,פלפל שיפקה 230 גרם,גרמים,230.00,100 גרם,false,,6.90,0.0300,true,1,210443
7290113192577,false,בית השיטה כרוב כבוש חתוך 430 גרם,בית השיטה,IL,כרוב כבוש 430 גרם,גרמים,430.00,100 גרם,false,,7.90,0.0184,false,1,210444
7290113192881,false,"טורטיה חיטה מופחת קלוריות, קוטר 20 ס""מ - 6 יח'",דין שיווק,TR,טורטיה חיטה מופחת קל,גרמים,270.00,100 גרם,false,,9.90,0.0367,true,1,260598
7290113192997,false,בית השיטה זית מרוקאי 340 גרם*,בית השיטה,IL,בית השיטה זיתים מרוק,גרמים,340.00,100 גרם,false,,12.90,0.0379,false,1,211373
7290113193000,false,בית השיטה פלפל שיפקונית 230 גרם*,שוורצקוף& הנקל דיסלד,IL,פלפל שיפקונית בית הש,גרמים,230.00,100 גרם,false,,11.90,0.0517,true,1,211377
7290113193017,false,בית השיטה חרוזית קוקטייל זיתים 275 גרם,"אסם תעשיות בע""מ",IL,קוקטייל זיתים בית הש,גרמים,275.00,100 גרם,false,,12.90,0.0469,false,1,211374
7290113193031,false,חרוזית קלמטה - זיתים שחורים ללא גלעין קלמטה,שוורצקוף& הנקל דיסלד,IL,חרוזית קלמטה בית השי,גרמים,275.00,100 גרם,false,,12.90,0.0469,false,1,211371
7290113193321,false,"שמן זית כתית מעולה בית השיטה 750 מ""ל",בית השיטה,IL,שמן זית כתית מעולה 7,מיליליטרים,750.00,"100 מ""ל",false,,29.90,0.0399,false,1,211882
7290113193369,false,בית השיטה תרסיס שמן קנולה מזוכך 150 מל,פוד אירוסולס ספיין,ES,תרסיס שמן קנולה בית,מיליליטרים,150.00,"100 מ""ל",false,,13.90,0.0927,true,1,216859
7290113193406,false,"קוקטייל טבעות זיתים - זיתים ירוקים, שחורים מרינד",בית השיטה,IL,טבעות קוקטייל זיתים,גרמים,280.00,100 גרם,false,,12.90,0.0461,false,1,211864
7290113193888,false,חצילים מוחמצים 320 גרם בית השיטה,שוורצקוף& הנקל דיסלד,IL,בית השיטה חצילים מוח,גרמים,320.00,100 גרם,false,,11.90,0.0372,true,1,216084
7290113194090,false,בית השיטה טבעות זיתים קלמטה 280 גרם,בית השיטה,IL,טבעות זיתים קלמטה בי,גרמים,280.00,100 גרם,false,,12.90,0.0461,false,1,215076
7290113194298,false,בית השיטה רצועות סלק חמוץ 215 גרם,שוורצקוף& הנקל דיסלד,IL,בית השיטה רצועות סלק,גרמים,215.00,100 גרם,false,,8.90,0.0414,true,1,216407
7290113194649,false,בית השיטה מלפפונים במלח קוביות 320 גרם,בית-השיטה עסיס תעשיו,IL,מלפפונים במלח קוביות,גרמים,320.00,100 גרם,false,,9.90,0.0309,false,1,215475
7290113195042,false,מלפפון חמוץ במלח כבישה ביתית בית השיטה 750 גר',שוורצקוף& הנקל דיסלד,IL,בית השיטה מלפפון במל,גרמים,750.00,100 גרם,false,,26.90,0.0359,true,1,216425
7290113195356,false,שמן קנולה מזוכך זית השיטה 1 ליטר,בית השיטה,IL,שמן קנולה בית השיטה,ליטרים,1.00,ליטר,false,,12.90,12.9000,false,1,218703
7290113195363,false,שמן חמניות מזוכך זית השיטה 1 ליטר,בית השיטה,IL,שמן חמניות בית השיטה,ליטרים,1.00,ליטר,false,,13.90,13.9000,true,1,218708
7290113196759,false,בית השיטה ירקות מעורבים צנ.פלסטיק 6*750 גרם,בית השיטה עסיס תעשיו,IL,בית השיטה ירקות מעור,גרמים,750.00,100 גרם,false,,26.90,0.0359,true,1,219124
7290113196780,false,ב.ה. זיתים ירוקים מבוקעים באלדי 900 גר',בית השיטה עסיס תעשיו,IL,זיתים ירוקים מבוקעים,גרמים,900.00,100 גרם,false,,22.90,0.0254,true,1,260957
7290113197800,false,בית השיטה פלפל קלוי 400 גרם,,,פלפל קלוי בית השיטה,גרמים,400.00,100 גרם,false,,11.90,0.0298,true,1,262495
7290113197817,false,בית השיטה חציל קלוי 670 גרם,בית השיטה,,חציל קלוי בית השיטה,גרמים,670.00,100 גרם,false,,11.90,0.0178,true,1,262496
7290113197824,false,בית השיטה לבבות דקל 220 דקל,,,בית השיטה לבבות דקל,גרמים,220.00,100 גרם,false,,9.90,0.0450,true,1,263783
7290113197855,false,בית השיטה תירס גמדי 230 גר,,,בית השיטה תירס גמדי,גרמים,230.00,100 גרם,false,,9.90,0.0430,true,1,263784
7290113197923,false,בית השיטה טונה בשמן קנולה *4,בית השיטה עסיס תעשיו,IL,בית השיטה טונה בשמן,גרמים,392.00,100 גרם,false,,24.90,0.0635,false,1,263869
7290113199323,false,מיני טורטיה מקמח תירס,א. אקסולר גידה,TR,מיני טורטיה 150 ג',גרמים,150.00,100 גרם,false,,4.90,0.0327,true,1,263204
7290113199767,false,ממרח שקדים 300 גרם השקדיה,פפאיינס,TW,ממרח 100% שקדים,גרמים,300.00,100 גרם,false,,26.90,0.0897,true,1,262653
7290113199781,false,ממרח אגוזים ובוטנים 100% 200 גרם,פפאיינס,TW,ממרח 100% אגוזים ובו,גרמים,200.00,100 גרם,false,,14.90,0.0745,true,1,262654
7290113199880,false,טורטיה בתוספת קמח כוסמין ושיבולת שועל 360 ג' שקדיה,מוטלוקל,IL,טורטיה בתוספת קמח כו,מיליליטרים,360.00,"100 מ""ל",false,,9.90,0.0275,true,1,263970
7290113300125,false,בונזו מקלות בקר 50 ג,"ביופט- מזון לבע""ח",CN,בונזו מקלות בקר,גרמים,50.00,100 גרם,false,,8.90,0.1780,true,1,214485
7290113300149,false,חטיף מקלות כבש בונזו 50 ג',"ביופט- מזון לבע""ח",CN,בונזו מקלות כבש,גרמים,50.00,100 גרם,false,,8.90,0.1780,true,1,214486
7290113300156,false,חטיף מקלות עוף בונזו 50 ג',"ביופט- מזון לבע""ח",CN,בונזו מקלות עוף,גרמים,50.00,100 גרם,false,,8.90,0.1780,true,1,214487
7290113300194,false,פאוצ' להקט עוף ברוטב 85 גר',"ביופט- מזון לבע""ח",FR,לה קט נתחוני עוף ברו,גרמים,85.00,100 גרם,false,,4.90,0.0576,true,1,214480
7290113300224,false,פאוצ' לה קט סלמון ברוטב 85 ג',"ביופט- מזון לבע""ח",CZ,לה קט נתחוני סלמון ב,גרמים,85.00,100 גרם,false,,4.90,0.0576,true,1,214481
7290113300231,false,פאוצ' לה קט בקר ג'לי 85 ג',"ביופט- מזון לבע""ח",CZ,לה קט נתחוני בקר בג',גרמים,85.00,100 גרם,false,,4.50,0.0529,true,1,214482
7290113300262,false,פאוצ' לה קט טונה ג'לי 85 ג',"ביופט- מזון לבע""ח",CZ,לה קט נתחונים עם טונ,גרמים,85.00,100 גרם,false,,4.90,0.0576,true,1,214483
7290113560055,false,פרודונטקס מי פה טיפול יומי לחניכיים 500,פרודונטקס Parodontax,GB,פרדונטקס מי פה 500 מ,מיליליטרים,500.00,"100 מ""ל",false,,29.90,0.0598,true,1,214131
7290113560062,false,"סנסודיין - משחת שיניים להלבנה עדינה משאבה 100 מ""ל",סנסודיין Sensodyne,GB,סנסודיין משאבה 185 מ,מיליליטרים,185.00,"100 מ""ל",false,,24.90,0.1346,true,1,213325
7290113560109,false,פרודונטקס מ.שיניים בטעם צמחי 75 מל,פרודונטקס Parodontax,SK,פרדונטקס בטעם צמחי 7,מיליליטרים,75.00,"100 מ""ל",false,,30.90,0.4120,true,1,216387
7290114310215,false,"שמנת מתוקה 38% רמת הגולן 250 מ""ל ווסטהיים - מוצר בפיקוח",מילקו תעשיות בעמ,IL,"שמנת מתוקה 250 מ""ל 3",מיליליטרים,250.00,"100 מ""ל",false,,6.47,0.0259,true,1,212613
7290114310222,false,חלב 1.5 ליטר 3% מועשר בסידן וויטמין D.,מילקו תעשיות בעמ,IL,חלב מועשר בסידן וויט,ליטרים,1.50,ליטר,false,,11.90,7.9333,true,1,213323
7290114310239,false,חלב טרה נטול לקטוז מועשר בוויטמין D 2% 1.5 ל',מילקו תעשיות בעמ,IL,חלב 2% דל לקטוז 1.5,ליטרים,1.50,ליטר,false,,11.90,7.9333,true,1,213317
7290114310246,false,125 גרנה פדנו צ'אנק גרם משק צוריאל,מחלבת משק צוריאל,IL,גרנה פדנו צ'אנק 125,גרמים,125.00,100 גרם,false,,18.50,0.1480,true,1,216424
7290114310253,false,גרנה פדנו מגורדת גרם משק 100 צוריאל,מחלבת משק צוריאל,IL,גרנה פדנו מגורדת 100,גרמים,100.00,100 גרם,false,,11.90,0.1190,true,1,217437
7290114310338,false,"צפתית מעודנת 5% ""משק צוריאל"" 2250 גרם",מחלבת משק צוריאל,IL,צפתית 5% מעודנת 225,גרמים,225.00,100 גרם,false,,17.50,0.0778,true,1,216881
7290114310345,false,מעדן יוגורט - תות 1.5% 125 גרם,טרה,IL,מעדן יוגורט בטעם תות,גרמים,125.00,100 גרם,false,,2.90,0.0232,true,1,215756
7290114310536,false,יוגורט לייט מעושר בחלבון בטעם וניל מולר 200 ג',מולר Muller,IL,יוגורט לייט מועשר 25,גרמים,200.00,100 גרם,false,,6.20,0.0310,true,1,217438
7290114310550,false,פטה עיזים מעודנת בגביע 5% 200 ג',מחלבת משק צוריאל,IL,פטה עיזים מעודנת 5%,גרמים,200.00,100 גרם,false,,23.90,0.1195,true,1,217813
7290114310567,false,לאבנה עיזים 5% שומן 200 גרם,מחלבת משק צוריאל,IL,לאבנה עיזים 5% צוריא,גרמים,200.00,100 גרם,false,,14.90,0.0745,true,1,219654
7290114310574,false,גבינת קרם שמנת עיזים 5% 200 גרם צוריאל,מחלבת משק צוריאל,IL,גבינת קרם שמנת עיזים,גרמים,200.00,100 גרם,false,,14.50,0.0725,true,1,218045
7290114310611,false,"משקה חלב בננה בבקבוק פקק ספורט טרה 250 מ""ל",Unknown,IL,משקה חלב בטעם בננה 2,מיליליטרים,250.00,"100 מ""ל",false,,5.50,0.0220,true,1,218182
7290114310628,false,משקה חלב וניל ועוגיות בקבוק 1 ליטר,מילקו תעשיות בעמ,IL,משקה חלב וניל עוגיות,ליטרים,1.00,ליטר,false,,12.50,12.5000,true,1,218640
7290114310673,false,גבינת לאבנה 9% 250 גרם,Unknown,IL,לאבנה 9% טרה 250 גר',גרמים,250.00,100 גרם,false,,12.50,0.0500,true,1,217827
7290114310895,false,"סימפלי פרוט יוגורט עם מנגו תות, שמיניה 8 * 150 גרם",מולר Muller,IL,מאגדת שמינייה סימפלי,גרמים,1200.00,100 גרם,false,,31.90,0.0266,true,1,260265
7290114310963,false,יוגורט מחלב עיזים מלא כ3.8% שומן מועשר 500 גר',מחלבת משק צוריאל,IL,יוגורט עיזים בדלי 3.,גרמים,500.00,100 גרם,false,,14.50,0.0290,true,1,261887
7290114311014,false,"משקה חלב אייס קפוצינו יטבתה 250 מ""ל פקק",Unknown,IL,משקה חלב אייס קפוצ'י,מיליליטרים,250.00,"100 מ""ל",false,,5.50,0.0220,true,1,262375
7290114311021,false,"משקה חלב וניל עוגיות טרה 250 מ""ל פקק ספו",Unknown,IL,משקה חלב וניל עוגיות,מיליליטרים,250.00,"100 מ""ל",false,,5.50,0.0220,true,1,262376
7290114311038,false,שמנת מתוקה עמידה 32% 250מל בקבוק,מילקו,IL,שמנת מתוקה 32% בבקבו,מיליליטרים,250.00,"100 מ""ל",false,,6.90,0.0276,true,1,262322
7290114311069,false,יוגורט לבן מועשר בחלבון 0% שומן 200 גרם muller active,מולר Muller,IL,מולר אקטיב 25 גר' חל,גרמים,200.00,100 גרם,false,,5.80,0.0290,true,1,261635
7290114311076,false,"חמאת מולר צהובה עם שום, 200 גרם",מולר Muller,IL,חמאת מולר צהובה עם ש,גרמים,200.00,100 גרם,false,,11.90,0.0595,true,1,262370
7290114311298,false,יוגורט מולר פרופ בטעם תות בננה מלון 150,מולר Muller,IL,יוגורט מולר קציפת תו,גרמים,150.00,100 גרם,false,,5.30,0.0353,true,1,263439
7290114311304,false,יוגורט קציפת מנגו פסיפלורה בננה 150 ג' מולר,מולר Muller,IL,יוגורט מולר פרופ קצי,גרמים,150.00,100 גרם,false,,5.30,0.0353,true,1,263440
7290114311328,false,חלב נטול לקטוז מועשר בוויטמין די 1 ליטר 2%,ג'י.אר.אמ.גרופו אלימ,IL,חלב נטול לקטוז מועשר,ליטרים,1.00,ליטר,false,,7.80,7.8000,false,1,263356
7290114311359,false,יוגורט עם קציפת מנגו 3% שומן פרופ 150 ג' מולר,מולר Muller,IL,יוגורט מולר קציפת מנ,גרמים,150.00,100 גרם,false,,5.30,0.0353,true,1,263438
7290114311434,false,מולר אקטיב יוגורט בטעם קרמל מלוח 200 גרם,מילקו,IL,מולר אקטיב בטעם קרמל,גרמים,200.00,100 גרם,false,,6.20,0.0310,true,1,264525
7290114311441,false,"מולר אקטיב בטעם עוגיות חמאה 0% שומן, 200 גרם",מילקו,IL,מולר אקטיב בטעם עוגי,גרמים,200.00,100 גרם,false,,6.20,0.0310,true,1,264526
7290114311458,false,קרטון חלב 3% מועשר ויטמין די 1ליטר,Unknown,IL,חלב 3% מועשר 1 ליטר,ליטרים,1.00,ליטר,false,,7.50,7.5000,false,1,263949
7290114311502,false,"משקה חלב בקבוק בטעם סחלב, 1 ליטר",מילקו תעשיות בעמ,IL,משקה חלב בטעם סחלב 1,ליטרים,1.00,ליטר,false,,12.50,12.5000,true,1,264594
7290114320191,false,מאמא קיו קרמאמה שום,,IL,מאמא קיו קרמאמה שום,גרמים,240.00,100 גרם,false,,15.90,0.0663,true,1,262931
7290114320207,false,מאמא קיו קרמאמה זיתי,,IL,מאמא קיו קרמאמה זיתי,גרמים,240.00,100 גרם,false,,15.90,0.0663,true,1,262932
7290114320214,false,מאמא קיו קרמאמה מעוש,,IL,מאמא קיו קרמאמה מעוש,גרמים,240.00,100 גרם,false,,15.90,0.0663,true,1,262933
7290114320238,false,מה מה גליל מסויה ושק,,IL,מאמא קיו מה מה טבעי,גרמים,160.00,100 גרם,false,,15.90,0.0994,true,1,262934
7290114320245,false,מאמא קיו גליל בטעם ט,,IL,מאמא קיו גליל בטעם ט,גרמים,160.00,100 גרם,false,,15.90,0.0994,true,1,262935
7290114600927,false,מאסטר שף עלי טורטייה חיטה מלאה 320 גרם,אלקאטי קורביישיסי גי,ES,מאסטר שף עלי טורטיה,גרמים,320.00,100 גרם,false,,9.90,0.0309,true,1,215590
7290114600941,false,מאסטר שף מיונז הולנדי לחיץ 435 גרם,קפה לנדוור,NL,מאסטר שף מיונז לחיץ,מיליליטרים,435.00,"100 מ""ל",false,,12.90,0.0297,true,1,214027
7290114600989,false,"רוטב אלף האיים מאסטר שף 250 מ""ל",קפה לנדוור,NL,מאסטר שף רוטב אלף הא,מיליליטרים,257.00,"100 מ""ל",false,,9.90,0.0385,true,1,214819
7290114600996,false,"רוטב שום מאסטר שף 250 מ""ל",קפה לנדוור,NL,מאסטר שף רוטב שום,מיליליטרים,256.00,"100 מ""ל",false,,9.90,0.0387,true,1,214820
7290114603508,false,"רוטב להקצפה מאסטר שף 300 מ""ל",סיטי פוד,TH,מאסטר שף רוטב להקפצה,מיליליטרים,300.00,"100 מ""ל",false,,7.90,0.0263,true,1,215554
7290114603515,false,מאסטר שף רוטב קארי אדום 340 גרם,תאי סופרים,TH,מאסטר שף רוטב קארי א,גרמים,340.00,100 גרם,false,,14.90,0.0438,true,1,216777
7290114603522,false,מאסטר שף רוטב קארי ירוק 340 גרם,תאי סופרים,TH,מאסטר שף רוטב קארי י,גרמים,340.00,100 גרם,false,,14.90,0.0438,true,1,216778
7290114603539,false,קרוטונים למרק שום בצל מאסטר שף 350 גרם,מאסטר שף,IL,מאסטר שף קרוטונים למ,גרמים,350.00,100 גרם,false,,18.90,0.0540,true,1,215278
7290114603768,false,"מארז אג'קס כלורון נוזל לניקוי אסלות 750 מ""ל*2 יח'",cp,FR,"אג'קס שירותים 750 מ""",מיליליטרים,1500.00,"100 מ""ל",false,,24.90,0.0166,true,1,213751
7290114604840,false,"דפי אורז מאסטר שף קוטר 16 ס""מ 400 גרם",מאסטר שף,,מאסטר שף דפי אורז 16,גרמים,400.00,100 גרם,false,,12.90,0.0323,true,1,216835
7290114604857,false,"דפי אורז מאסטר שף קוטר 22 ס""מ 400 גרם",מאסטר שף,VN,מאסטר שף דפי אורז 22,גרמים,400.00,100 גרם,false,,12.90,0.0323,true,1,216672
7290114604864,false,מאסטר שף קוסקוס דק 350 גרם,דוידוביץ,IL,מאסטר שף קוסקוס דק 3,גרמים,350.00,100 גרם,false,,5.90,0.0169,true,1,215965
7290114604871,false,מאסטר שף קוסקוס בינוני 350 גרם,דוידוביץ,IL,מאסטר שף קוסקוס בינו,גרמים,350.00,100 גרם,false,,5.90,0.0169,true,1,215966
7290114604895,false,ממרח ספייסי לחיץ מאסטר שף 446 גרם,מאסטר שף,NL,מאסטר שף ממרח ספייסי,גרמים,446.00,100 גרם,false,,12.90,0.0289,true,1,218755
7290114604901,false,ממרח שום לחיץ מאסטר שף 444 גרם,מאסטר שף,NL,מאסטר שף ממרח שום לח,גרמים,444.00,100 גרם,false,,12.90,0.0291,true,1,218754
7290114604932,false,מאסטר שף רוטב ברביקיו ודבש 524 גר,רמיה סי.וי. הולנד,NL,מאסטר שף רוטב ברביקי,גרמים,520.00,100 גרם,false,,12.90,0.0248,true,1,218395
7290114604949,false,מאסטר שף רוטב ברביקיו 524 גרם,רמיה סי.וי. הולנד,NL,מאסטר שף רוטב ברביקי,גרמים,524.00,100 גרם,false,,12.90,0.0246,true,1,218394
7290114606530,false,רוטב בטעם מיונז וקטשופ מאסטר שף 515 גרם,מאסטר שף,NL,מאסטר שף רוטב בטעם מ,גרמים,515.00,100 גרם,false,,12.90,0.0250,true,1,218810
7290114606547,false,מיונז פטריות כמהין לחיץ מאסטר שף 242 גרם,מאסטר שף,NL,מיונז עם פטריות כמהי,גרמים,242.00,100 גרם,false,,12.90,0.0533,true,1,218925
7290114606554,false,מיונז מופחת קלוריות בקבוק לחיץ,מאסטר שף,NL,מאסטר שף ממרח ספייסי,גרמים,470.00,100 גרם,false,,12.90,0.0274,true,1,218809
7290114606561,false,מאסטר שף אטריות אורז דקות ורמיצ'לי 400 ג,ליינג טונג רייס פלוו,TH,מאסטר שף איטריות אור,גרמים,400.00,100 גרם,false,,7.90,0.0198,true,1,259897
7290114606578,false,שקדי מרק מאסטר שף 400 גרם,שסטוביץ,IL,שקדי מרק מאסטר שף,גרמים,400.00,100 גרם,false,,9.90,0.0248,true,1,259266
7290114606592,false,רוטב סויה מסורתית 46% פולי סויה מאסטר שף 620 ג',קריניציה ויטמינה אס,TH,סויה מסורתית מאסטר ש,מיליליטרים,620.00,"100 מ""ל",false,,15.90,0.0256,true,1,259549
7290114606608,false,רוטב סויה מסורתי מאסטר שף 620 גר,קריניציה ויטמינה אס,TH,סויה דל נתרן מאסטר ש,מיליליטרים,620.00,"100 מ""ל",false,,15.90,0.0256,true,1,259550
7290114607391,false,"קולגייט משחת לילדים ברבי 2-5 שנים, 75 מ""ל",קולגייט פלמוליב,PL,קולגייט משחת ילדים ב,מיליליטרים,75.00,"100 מ""ל",false,,15.90,0.2120,true,1,219526
7290114608169,false,פרי גרנולה קפה וקקאו עם אגוזים 300 גר',"אפקטבעי בע""מ",IL,פרי גרנולה קפה וקקאו,גרמים,300.00,100 גרם,false,,13.90,0.0463,true,1,260416
7290114608633,false,"דפי אצה מאסטר שף, 25 גרם",מאסטר שף,,מאסטר שף דפי אצה,גרמים,25.00,100 גרם,false,,12.90,0.5160,true,1,261077
7290114608664,false,סילאן לחיץ מאסטר שף 680 גרם,,AE,מאסטר שף סילאן לחיץ,גרמים,680.00,100 גרם,false,,20.90,0.0307,true,1,219990
7290114608671,false,סילאן לחיץ מאסטר שף 470 גרם,מאסטר שף,AE,מאסטר שף סילאן לחיץ,גרמים,470.00,100 גרם,false,,14.90,0.0317,true,1,219991
7290114657297,false,מיני פופ סוכריה על מקל עם כדור 8גר LOL,Unknown,CN,מיני פופ סוכריה על מ,גרמים,8.00,100 גרם,false,,6.90,0.8625,true,1,216020
7290114659949,false,מסכה כירורגית חד פעמית מארז 50 יח',,,מסכה לפנים 50 יח' חד,יחידה,0.00,יחידה,false,,10.00,0.0000,true,1,213646
7290114750813,false,דאו גילט קליר גל Cool Wave מארז זוג לגברלגבר,פרוקטר אנד גמבל,GB,דאודורנט קליר ג'ל C,יחידה,0.00,יחידה,false,,28.90,0.0000,false,1,213841
7290114750820,false,גילט קליר דאורדורנט גל ארטיק אייס 2יח,פרוקטר אנד גמבל,GB,דאודורנט קליר ג'ל A,יחידה,0.00,יחידה,false,,28.90,0.0000,true,1,213842
7290115071498,false,מטבעות שוקולד ברשת פי גיי 31 גר,Unknown,NL,מטבעות שוקולד ברשת כ,גרמים,31.00,100 גרם,false,,3.90,0.1258,true,1,216764
7290115071504,false,6 מטבעות שוקולד באריזת רשת 31 גר סמי הכב,שמחה זה אנחנו,NL,מטבעות שוקולד ברשת ס,גרמים,31.00,100 גרם,false,,3.90,0.1258,true,1,216765
7290115071535,false,מטבעות שוקולד ברשת מפרץ הרפתקאות 31 גר,,NL,מטבעות שוקולד ברשת מ,גרמים,31.00,100 גרם,false,,3.90,0.1258,true,1,216768
7290115074314,false,בקבוק שתיה 900 מל פלסטיק ציפוי גומי ושרוך- ורוד,,,"בקבוק שתיה 900 מ""ל צ",יחידה,0.00,יחידה,false,,29.90,0.0000,true,1,259309
7290115075182,false,6 מטבעות שוקולד באריזת רשת 31 גר חד קרן,שמחה זה אנחנו,NL,מטבעות שוקולד ברשת ח,גרמים,31.00,100 גרם,false,,3.90,0.1258,true,1,216758
7290115077131,false,מסכות ילדים צבעוני מעורב 40 יח',מ.פאנג,CN,מסכה לפנים חד פעמי ל,יחידה,0.00,יחידה,false,,10.00,0.0000,true,1,214668
7290115079371,false,בקבוק נירוסטה דופן כ,,,בקבוק נירוסטה דופן כ,יחידה,0.00,יחידה,false,,39.00,0.0000,true,1,259847
7290115079395,false,בקבוק נירוסטה דופן כ,,,בקבוק נירוסטה דופן כ,יחידה,0.00,יחידה,false,,39.00,0.0000,true,1,259850
7290115120714,false,חטיף באדי סנאק עוף מיובשים 80 ג',,,חטיף באדי סנאק עוף,גרמים,80.00,100 גרם,false,,12.90,0.1613,true,1,218609
7290115120752,false,חטיף באדי סנאק צ'יקן דאמבל 80 ג',,,חטיף באדי סנאק צ'יקן,גרמים,80.00,100 גרם,false,,12.90,0.1613,true,1,218610
7290115120769,false,חטיף באדי סנאק מקלות בשר 80 ג',,,חטיף באדי סנאק מקלות,גרמים,80.00,100 גרם,false,,12.90,0.1613,true,1,218611
7290115120790,false,חטיף באדי סנאק נתחי ברווז 80 ג',,,חטיף לכלב באדי סנאק,גרמים,80.00,100 גרם,false,,12.90,0.1613,true,1,218853
7290115120813,false,חטיף באדי סנאק נתחי סלומון 80 ג',,,חטיף באדי סנאק נתחי,גרמים,80.00,100 גרם,false,,12.90,0.1613,true,1,218854
7290115120844,false,חטיף לכלב באדי סנאק,,,חטיף לכלב באדי סנאק,גרמים,80.00,100 גרם,false,,12.90,0.1613,true,1,218855
7290115120967,false,"חבל נשיכה דנטלי לכלב 25 ס""מ",,,חבל נשיכה דנטלי לכלב,יחידה,0.00,יחידה,false,,12.90,0.0000,true,1,259660
7290115190007,false,מרלבורו אדום בוקס פא,פיליפ מוריס,,פקט מרלבורו רד PP,יחידה,0.00,יחידה,false,,333.00,0.0000,false,1,214991
7290115190014,false,סיגריות מרלבורו רד קצר בוקס,פיליפ מוריס,,מרלבורו רד PP חפיסה,יחידה,0.00,יחידה,false,,34.00,0.0000,false,1,214956
7290115190038,false,סיגריות מרלבורו רד קצר סופט,פיליפ מוריס,,מרלבורו רד סופט PP ח,יחידה,0.00,יחידה,false,,32.00,0.0000,false,1,214957
7290115190076,false,סיגריות מרלבורו גולד ארוך 100 בוקס,פיליפ מוריס,,מרלבורו גולד 100 PP,יחידה,0.00,יחידה,false,,34.00,0.0000,false,1,215725
7290115190083,false,מרלבורו גולד קצר פאקט,פיליפ מוריס,,פקט מרלבורו גולד PP,יחידה,0.00,יחידה,false,,333.00,0.0000,false,1,214989
7290115190090,false,סיגריות מרלבורו גולד קצר בוקס,פיליפ מוריס,,מרלבורו גולד PP חפיס,יחידה,0.00,יחידה,false,,34.00,0.0000,false,1,214953
7290115190120,false,מרלבורו גולד פיין טאצ' פאקט,פיליפ מוריס,,פקט מרלבורו פיין טאץ,יחידה,0.00,יחידה,false,,292.00,0.0000,false,1,214992
7290115190137,false,מלבורו פיין טאצ 7.1 חפיסה,פיליפ מוריס,,מרלבורו פיין טאץ' P,יחידה,0.00,יחידה,false,,30.00,0.0000,false,1,214958
7290115190151,false,מלבורו גולד טאצ 7.1 חפיסה,פיליפ מוריס,,מרלבורו טאץ' PP חפיס,יחידה,0.00,יחידה,false,,30.00,0.0000,false,1,214959
7290115190175,false,פרלמנט סופר סלימס קופסא,פיליפ מוריס,,פרלמנט סופר סלימס PP,יחידה,0.00,יחידה,false,,39.00,0.0000,false,1,214944
7290115190182,false,פרלמנט נייט 100 PP קרטוש,פיליפ מוריס,,פקט פרלמנט נייט 100P,יחידה,0.00,יחידה,false,,382.00,0.0000,false,1,216495
7290115190199,false,סיגריות פרלמנט (חפיס,פיליפ מוריס,,פרלמנט נייט 100PP,יחידה,0.00,יחידה,false,,39.00,0.0000,false,1,216496
7290115190205,false,פרלמ נט בלו 100 PP קרטוש,פיליפ מוריס,,פקט פרלמנט בלו 100 P,יחידה,0.00,יחידה,false,,382.00,0.0000,false,1,214976
7290115190212,false,פרלמנט ארוך בלו RCB קופסא,פיליפ מוריס,,פרלמנט בלו 100 PP חפ,יחידה,0.00,יחידה,false,,39.00,0.0000,false,1,214946
7290115190229,false,סיגריות פרלמנט בלוPP,פיליפ מוריס,,פקט פרלמנט בלו PP,יחידה,0.00,יחידה,false,,382.00,0.0000,false,1,214977
7290115190236,false,סיגריות פרלמנט קצר בלו,פיליפ מוריס,,פרלמנט בלו PP חפיסה,יחידה,0.00,יחידה,false,,39.00,0.0000,false,1,214947
7290115190250,false,סיגריות פרלמנט נייטP,פיליפ מוריס,,פרלמנט נייט PP חפיסה,יחידה,0.00,יחידה,false,,39.00,0.0000,false,1,214948
7290115190267,false,סיגריות פרלמנט סילבר,פיליפ מוריס,,פקט פרלמנט סילבר PP,יחידה,0.00,יחידה,false,,382.00,0.0000,false,1,214979
7290115190274,false,סיגריות פרלמנט סילבר,פיליפ מוריס,,פרלמנט סילבר PP חפיס,יחידה,0.00,יחידה,false,,39.00,0.0000,false,1,214949
7290115190328,false,ל.מ. בלו לייבל ארוך פאקט,פיליפ מוריס,,פקט ל.מ בלו 100 PP,יחידה,0.00,יחידה,false,,292.00,0.0000,false,1,216497
7290115190335,false,ל.מ.בלו לייבל ארוך בוקס חפיסה,פיליפ מוריס,,ל.מ בלו 100 PP,יחידה,0.00,יחידה,false,,30.00,0.0000,false,1,216502
7290115190342,false,אל אם כחול קצר לייבל,פיליפ מוריס,,פקט ל.מ. בלו PP,יחידה,0.00,יחידה,false,,292.00,0.0000,false,1,214963
7290115190359,false,L&M בלו לייבל קצר-חפיסה,פיליפ מוריס,,ל.מ. בלו PP חפיסה,יחידה,0.00,יחידה,false,,30.00,0.0000,false,1,214935
7290115190373,false,סיגריות ל.מ. קפסולהP,פיליפ מוריס,,ל.מ. קפסולה PP חפיסה,יחידה,0.00,יחידה,false,,30.00,0.0000,false,1,214939
7290115190397,false,סיגריות LM רד לייבל קצר,פיליפ מוריס,,ל.מ. רד PP חפיסה,יחידה,0.00,יחידה,false,,30.00,0.0000,false,1,214936
7290115190427,false,אל אם וייב סלימס פאק,פיליפ מוריס,IL,פקט ל.מ. וייב PP,יחידה,0.00,יחידה,false,,292.00,0.0000,false,1,214967
7290115190434,false,סיגריות LM לייט וייב סלימס,פיליפ מוריס,IL,ל.מ. וייב PP חפיסה,יחידה,0.00,יחידה,false,,30.00,0.0000,false,1,214937
7290115190441,false,סיגריות נקסט אדג פקט,פיליפ מוריס,,פקט נקסט אדג',יחידה,0.00,יחידה,false,,252.00,0.0000,false,1,215906
7290115190458,false,סיגריות נקסט אדג בוד,פיליפ מוריס,,נקסט אדג' חפיסה,יחידה,0.00,יחידה,false,,26.00,0.0000,false,1,215907
7290115190472,false,סיגריות נקסט פיין אדג',פיליפ מוריס,,נקסט פיין אדג' חפיסה,יחידה,0.00,יחידה,false,,26.00,0.0000,false,1,216405
7290115190489,false,סיגריות נקסט פיין 10,פיליפ מוריס,IL,פקט נקסט פיין 100,יחידה,0.00,יחידה,false,,282.00,0.0000,false,1,216506
7290115190496,false,סיגריות נקסט פיין 10,פיליפ מוריס,IL,נקסט פיין 100,יחידה,0.00,יחידה,false,,29.00,0.0000,false,1,216507
7290115190502,false,נקסט פיין קצר פאקט 1,פיליפ מוריס,,פקט נקסט פיין PP,יחידה,0.00,יחידה,false,,282.00,0.0000,false,1,214968
7290115190519,false,סיגריות נקסט פיין חפ,פיליפ מוריס,,נקסט פיין PP חפיסה,יחידה,0.00,יחידה,false,,29.00,0.0000,false,1,214941
7290115190571,false,סיגריות נקסט לילךPP,פיליפ מוריס,,נקסט לילך PP חפיסה,יחידה,0.00,יחידה,false,,29.00,0.0000,false,1,214942
7290115190588,false,נקסט אוריגינל PP קרטוש,פיליפ מוריס,,פקט נקסט אוריג'ינל P,יחידה,0.00,יחידה,false,,282.00,0.0000,false,1,214971
7290115190595,false,סיגריות נקסט אוריגינ,פיליפ מוריס,,נקסט אוריג'ינל PP חפ,יחידה,0.00,יחידה,false,,29.00,0.0000,false,1,214943
7290115200003,false,אסם פתי בר פינוקים ניל 220 גרם,תאי פרזידנט פוד פאבל,PL,פתיבר פינוקי וניל אס,גרמים,220.00,100 גרם,false,,10.90,0.0495,true,1,214123
7290115200027,false,אסם פתי בר פינוקים שוקו 220 גרם,קריות זול,PL,פתיבר פינוקי שוקו אס,גרמים,220.00,100 גרם,false,,10.90,0.0495,true,1,214124
7290115200676,false,עוגיות קרמוגית במילוי קרם בטעם קרמל מלוח,היינץ צפון אמריקה מק,IL,אסם קרמוגית קרמל מלו,גרמים,200.00,100 גרם,false,,11.50,0.0575,true,1,215157
7290115200713,false,במבה קלאסי מארז אחיד 8 50*5 ג',אסם,IL,מארז במבה,גרמים,250.00,100 גרם,false,,12.90,0.0516,true,1,213804
7290115200881,false,בייגלה אסם שטוחים שומשום במליחות מעודנת 300 גר,"אסם תעשיות בע""מ",IL,בייגלה שטוחים שומשום,גרמים,300.00,100 גרם,false,,11.90,0.0397,true,1,216386
7290115201031,false,אסם פתי בר דובי שוקולד 175 גרם,טרופיקל דגיל תעשיות,PL,פתיבר דובי שוקולד,גרמים,175.00,100 גרם,false,,10.90,0.0623,true,1,217749
7290115201451,false,טבעול גורמה לביבות בטטה קארי 455 גרם,טבעול (מקבוצת אסם הש,IL,טבעול גורמה לביבות ב,גרמים,455.00,100 גרם,false,,33.90,0.0745,true,1,261561
7290115201475,false,טבעול גורמה לביבות כרישה 434 גרם,טבעול (מקבוצת אסם הש,IL,טבעול גורמה לביבות כ,גרמים,434.00,100 גרם,false,,33.90,0.0781,true,1,261562
7290115201536,false,טבעול גורמה לביבות כרובית ותפוא 442 גרם,עיצובים 2020 (4.8),IL,טבעול גורמה לביבות כ,גרמים,442.00,100 גרם,false,,33.90,0.0767,true,1,261563
7290115201703,false,ביסלי בטעם ברביקיו 200 ג' אסם,מיוצר עי קונדיטוריית,IL,ביסלי ברביקיו 200 גר,גרמים,200.00,100 גרם,false,,9.00,0.0450,false,1,215147
7290115201741,false,ביסלי בטעם בצל אסם 70 גרם,"אסם תעשיות בע""מ",IL,ביסלי בצל 70 גרם,גרמים,70.00,100 גרם,false,,4.70,0.0671,false,1,215149
7290115202212,false,טבעול גורמה לביבות סלק 434 גרם,עיצובים 2020 (4.8),IL,טבעול גורמה לביבות ס,גרמים,434.00,100 גרם,false,,33.90,0.0781,true,1,261564
7290115202236,false,טבעול טופו קראנצים 470 גרם,עיצובים 2020 (4.8),IL,טבעול טופו קראנצ'ים,גרמים,470.00,100 גרם,false,,31.00,0.0660,false,1,219430
7290115202304,false,אסם נודלס אטריות אורז מרובעות 230 גרם,תאי פרזידנט פוד פאבל,TH,נודלס איטריות אורז מ,גרמים,230.00,100 גרם,false,,9.90,0.0430,true,1,217098
7290115202434,false,צבר סלט חומוס עם זעתר 375 גרם,ג'נרל מילס סאן אדריא,IL,צבר חומוס זעתר,גרמים,375.00,100 גרם,false,,12.00,0.0320,true,1,216930
7290115202786,false,מנה חמה פאוצ נדלס.אטר.טעם בקר 70 גרם,Unknown,IL,מנה חמה פאוצ' בקר,גרמים,70.00,100 גרם,false,,4.40,0.0629,true,1,217919
7290115202816,false,מנה חמה פאוץ נודלס אטריות טעם עוף 70 גרם,Unknown,IL,מנה חמה פאוצ' עוף,גרמים,70.00,100 גרם,false,,4.40,0.0629,true,1,217920
7290115202847,false,מנה חמה פאוצ' נדלס ספייסי אסם 70 ג',Unknown,IL,מנה חמה פאוצ' נודלס,גרמים,70.00,100 גרם,false,,4.40,0.0629,true,1,217921
7290115202939,false,מנה חמה רייס נודלס עוף פטריות אסם 50 גרם,מיוצר עי קונדיטוריית,TH,מנה חמה רייס נודלס ע,גרמים,50.00,100 גרם,false,,8.50,0.1700,true,1,260118
7290115202953,false,אוסם - מנה חמה רייס נודלס קארי צהוב 55 גרם,מיוצר עי קונדיטוריית,TH,מנה חמה רייס נודלס ק,גרמים,55.00,100 גרם,false,,8.50,0.1545,true,1,260119
7290115202977,false,אוסם - מנה חמה רייס נודלס רוטב סויה סיני 55 גרם,מיוצר עי קונדיטוריית,TH,מנה חמה רייס נודלס ר,גרמים,55.00,100 גרם,false,,8.50,0.1545,true,1,260120
7290115203134,false,פופקו פופקורן במבה אסם 80 גרם,"אסם תעשיות בע""מ",IL,פופקו פופקורן במבה,גרמים,80.00,100 גרם,false,,5.30,0.0662,false,1,218493
7290115203172,false,במבה PRO מכיל 18 גרם חלבון בשקית,"אסם תעשיות בע""מ",IL,במבה פרו 80 גר',גרמים,80.00,100 גרם,false,,5.00,0.0625,false,1,263093
7290115203486,false,אסם פירורית בטעם ביסלי גריל 200 גרם,עינת תעשיות מזון אגו,IL,פירורית בטעם ביסלי ג,גרמים,200.00,100 גרם,false,,6.00,0.0300,false,1,218499
7290115203806,false,"רוטב בסיס לבישול אסם 290 מ""ל","אסם תעשיות בע""מ",IL,רוטב בסיס לבישול אסם,מיליליטרים,290.00,"100 מ""ל",false,,13.90,0.0479,true,1,259339
7290115204018,false,מנה חמה איטלקי פסטה בסגנון אלפרדו 60 ג' אסם,"אסם תעשיות בע""מ",IL,מנה חמה איטלקי פסטה,גרמים,60.00,100 גרם,false,,6.70,0.1117,false,1,218769
7290115204056,false,אסם קטשופ מופחת סוכר כלפ 690 גרם,"אסם תעשיות בע""מ",IL,קטשופ אסם מופחת סוכר,גרמים,690.00,100 גרם,false,,9.90,0.0143,false,1,218893
7290115204131,false,צבר סחוג ירוק 6*190גרם חדש,צבר,IL,צבר סחוג ירוק,גרמים,190.00,100 גרם,false,,12.90,0.0679,true,1,260851
7290115204155,false,צבר סחוג אדום 6*190גרם חדש,צבר,IL,צבר סחוג אדום,גרמים,190.00,100 גרם,false,,12.90,0.0679,true,1,260852
7290115204186,false,פסטו המעדינה של צבר,צבר,IL,צבר פסטו,גרמים,190.00,100 גרם,false,,16.90,0.0889,true,1,260717
7290115204247,false,ממרח עגבניות מיובשות 190 ג' צבר,צבר,IL,צבר עגבניות מיובשות,גרמים,190.00,100 גרם,false,,16.90,0.0889,true,1,260718
7290115204261,false,אריסה חריפה המעדנייה,צבר,IL,צבר אריסה,גרמים,190.00,100 גרם,false,,12.90,0.0679,true,1,260884
7290115205022,false,אוסם - שקדי מרק מקלונים 350 גרם,"אסם תעשיות בע""מ",IL,שקדי מרק מקלונים אסם,גרמים,350.00,100 גרם,false,,10.00,0.0286,false,1,259352
7290115205176,false,פיטנס - קרקר דק כפרי פיטנס 140 גרם,נסטלה Nestle,IL,פיטנס קרקר דק כפרי,גרמים,140.00,100 גרם,false,,11.90,0.0850,true,1,259768
7290115205251,false,פיטנס בר פריכיות קרמל מלוח 84 גרם,פרח תעשיות,IL,פיטנס בר פריכיות קרמ,גרמים,84.00,100 גרם,false,,12.90,0.1536,true,1,263671
7290115205312,false,קרקר פיטנס דק עם זיתי קלמטה ועשבי תיבול,"אסם השקעות בע""מ",IL,פיטנס קרקר זיתים,גרמים,140.00,100 גרם,false,,11.90,0.0850,true,1,262338
7290115205527,false,פיטנס חטיף מולטגריין עם עדשים 24*25גרם,פיטנס,IL,פיטנס חטיף מולטגריין,גרמים,25.00,100 גרם,false,,4.90,0.1960,true,1,262488
7290115205541,false,חטיף פיטנס מולטיגריין עם חומוס 25 גרם,"אסם השקעות בע""מ",IL,פיטנס חטיף מולטיגריי,גרמים,25.00,100 גרם,false,,4.90,0.1960,true,1,262489
7290115205633,false,טבעול סנסשיונל/גורמה נקנקיות 350 גר',עיצובים 2020 (4.8),IL,טבעול סנסשיונל נקנקי,גרמים,350.00,100 גרם,false,,33.90,0.0969,true,1,261314
7290115205695,false,אסם בונזור בצק מצונן לפיצה 460 גרם,נסטלה סוויס (שוויץ),IL,בצק מצונן לפיצה בונז,גרמים,460.00,100 גרם,false,,17.90,0.0389,true,1,261032
7290115205718,false,אסם בונזור בצק מצונן עלים 230 גרם,נסטלה סוויס (שוויץ),IL,בצק מצונן עלים בונז',גרמים,230.00,100 גרם,false,,13.90,0.0604,true,1,261033
7290115206135,false,"טבעול גורמה ארוחת קינואה, 450 גרם",טבעול (מקבוצת אסם הש,IL,טבעול גורמה ארוחת קי,גרמים,450.00,100 גרם,false,,33.90,0.0753,true,1,261317
7290115206531,false,אסם קרמוגית במילוי קרם בייגלה 12*200 גרם,אסם-נסטלה,IL,קרמוגית קרם בייגלה,גרמים,200.00,100 גרם,false,,11.50,0.0575,true,1,259545
7290115207163,false,פרפקטו ניוקי בזיליקום ושום 500 ג' אסם,איטלניוקי,IT,פרפקטו ניוקי בזיליקו,גרמים,500.00,100 גרם,false,,14.90,0.0298,true,1,260878
7290115207484,false,צבר סלט חציל על האש היתר 360 גרם,ג'נרל מילס סאן אדריא,IL,צבר חציל על האש,גרמים,400.00,100 גרם,false,,15.90,0.0398,true,1,260721
7290115207507,false,"סלט טורקי 330 גרם ""צבר""",ג'נרל מילס סאן אדריא,IL,צבר סלט טורקי,גרמים,360.00,100 גרם,false,,15.90,0.0442,true,1,260720
7290115207620,false,"רוטב בסגנון סויה קלאסי 290 מ""ל אסם","אסם תעשיות בע""מ",IL,רוטב בסגנון סויה קלא,מיליליטרים,290.00,"100 מ""ל",false,,13.90,0.0479,true,1,262146
7290115207682,false,"אסם רוטב בסגנון סויה סיני 290 מ""ל","אסם תעשיות בע""מ",IL,רוטב סויה בסגנון סינ,מיליליטרים,290.00,"100 מ""ל",false,,12.00,0.0414,true,1,262144
7290115207798,false,טבעול המבורגר חריף טבעוני 420 גרם,עיצובים 2020 (4.8),IL,טבעול בורגר חריף טבע,גרמים,420.00,100 גרם,false,,31.00,0.0738,true,1,262344
7290115207880,false,סירופ ויטמינציק פטל 2 ליטר,בית השיטה,,ויטמינצ'יק פטל 2 ליט,ליטרים,2.00,ליטר,false,,39.90,19.9500,false,1,260903
7290115207903,false,סירופ ויטמינציק תפוח 2 ליטר,בית השיטה,,ויטמינצ'יק תפוח 2 לי,ליטרים,2.00,ליטר,false,,39.90,19.9500,false,1,260904
7290115207941,false,ויטמינצ'יק תרכיז אננס 1 ליטר,בית-השיטה עסיס תעשיו,IL,ויטמינצ'יק אננס 1 לי,ליטרים,1.00,ליטר,false,,21.90,21.9000,false,1,260897
7290115207965,false,ויטמינצ'יק תרכיז מנגו אפרסק 1 ליטר,בית-השיטה עסיס תעשיו,IL,ויטמינצ'יק מנגו אפרס,ליטרים,1.00,ליטר,false,,21.90,21.9000,false,1,260899
7290115207989,false,ויטמינצ'יק תרכיז לימון 1 ליטר,בית-השיטה עסיס תעשיו,IL,ויטמינצ'יק לימון 1 ל,ליטרים,1.00,ליטר,false,,21.90,21.9000,false,1,261012
7290115208009,false,ויטמינצ'יק תרכיז ענבים 1 ליטר,בית-השיטה עסיס תעשיו,IL,ויטמינצ'יק ענבים 1 ל,ליטרים,1.00,ליטר,false,,21.90,21.9000,false,1,260906
7290115208023,false,סירופ ויטמינציק ענבים 2 ליטר,,,ויטמינצ'יק ענבים 2 ל,ליטרים,2.00,ליטר,false,,39.90,19.9500,false,1,260907
7290115208047,false,ויטמינצ'יק תרכיז פטל 1 ליטר,בית-השיטה עסיס תעשיו,IL,ויטמינצ'יק פטל 1 ליט,ליטרים,1.00,ליטר,false,,21.90,21.9000,false,1,260898
7290115208061,false,ויטמינצ'יק תרכיז תפוח 1 ליטר,בית השיטה עסיס תעשיו,IL,ויטמינצ'יק תפוח 1 לי,ליטרים,1.00,ליטר,false,,21.90,21.9000,false,1,260900
7290115208320,false,אפרופו חטיף בטעם ביסלי בצל 50 גרם,"אסם תעשיות בע""מ",IL,אפרופו בטעם ביסלי בצ,גרמים,50.00,100 גרם,false,,5.20,0.1040,false,1,264299
7290115208344,false,בייגלה כפיות שמנת בצל אסם 300 גרם,אסם,IL,בייגלה כפיות שמנת בצ,גרמים,300.00,100 גרם,false,,11.90,0.0397,false,1,263241
7290115208597,false,קרמוגית מיניס קרמל מלוח אסם 200 גרם,"אסם השקעות בע""מ",IL,אסם קרמוגית מיניס קר,גרמים,200.00,100 גרם,false,,11.50,0.0575,true,1,263098
7290115208801,false,לחמית דבש ואגוזים אסם 190 גרם,Unknown,IL,לחמית דבש ואגוזים,גרמים,200.00,100 גרם,false,,10.50,0.0525,true,1,263240
7290115208849,false,"מנה חמה פסטה מוקרמת ט.עוף בד""צ 55גר","אסם תעשיות בע""מ",IL,מנה חמה פירה עם בטטה,גרמים,51.00,100 גרם,false,,6.70,0.1314,false,1,264293
7290115209198,false,במבה אוורירית אסם 80 גרם,"אסם תעשיות בע""מ",IL,במבה אוורירית 80 גר,גרמים,80.00,100 גרם,false,,5.00,0.0625,false,1,262485
7290115209235,false,ביסקוויט פתי בר קפה אסם 500 גרם,"אסם תעשיות בע""מ",IL,אסם פתי בר קפה,גרמים,500.00,100 גרם,false,,13.90,0.0278,false,1,263674
7290115209358,false,במבה במילוי בראוניז אסם 60 גרם,"אסם תעשיות בע""מ",IL,במבה במילוי בראוניז,גרמים,60.00,100 גרם,false,,5.30,0.0883,true,1,264296
7290115209372,false,במבה במילוי בראוניז 150ג' אסם,"אסם תעשיות בע""מ",IL,במבה במילוי בראוניז,גרמים,150.00,100 גרם,false,,9.60,0.0640,false,1,264297
7290115250503,false,קרקר כוסמין שום ועשבי תיבול שקית 225 גרם,"מאפיית פת במלח בע""מ",IL,קרקר כוסמין שום ועשב,גרמים,225.00,100 גרם,false,,21.90,0.0973,true,1,264114
7290115250527,false,קרקר חומוס פתפותים 2,"מאפיית פת במלח בע""מ",IL,קרקר חומוס פת במלח,גרמים,225.00,100 גרם,false,,21.90,0.0973,true,1,264130
7290115251227,false,קרקר חומוס מתובל פתפ,"מאפיית פת במלח בע""מ",IL,קרקר חומוס מתובל פת,גרמים,225.00,100 גרם,false,,21.90,0.0973,true,1,264115
7290115252521,false,פאי אגוזי לוז פתפותי,,,פאי אגוזי לוז פתפותי,מיליליטרים,400.00,"100 מ""ל",false,,44.90,0.1122,true,1,264112
7290115252538,false,פאי אגוזי מלך ומייפל,,,פאי אגוזי מלך ומייפל,גרמים,400.00,100 גרם,false,,44.90,0.1122,true,1,264113
7290115252552,false,פאי אגוזים טבעוני פ,פתפותים,IL,פאי אגוזים טבעוני פ,גרמים,400.00,100 גרם,false,,44.90,0.1122,true,1,218385
7290115252798,false,עוגיות כוסמין חמאה פ,,,עוגיות כוסמין חמאה פ,גרמים,200.00,100 גרם,false,,18.90,0.0945,true,1,264043
7290115258998,false,מרציפן קלאסי בעבודת יד,,,מרציפן קלאסי fenster,גרמים,40.00,100 גרם,false,,9.90,0.2475,true,1,216196
7290115259001,false,מרציפן פיסטוק בעבודת יד,,,מרציפן פיסטוק fenste,גרמים,40.00,100 גרם,false,,9.90,0.2475,true,1,216432
7290115259018,false,מרציפן דובדבן בעבודת יד,,,מרציפן דובדבן אמרנה,גרמים,40.00,100 גרם,false,,9.90,0.2475,true,1,216197
7290115259025,false,מרציפן אספרסו בעבודת יד,,,מרציפן אספרסו fenste,גרמים,40.00,100 גרם,false,,9.90,0.2475,true,1,216198
7290115259032,false,מרציפן ורדים בעבודת יד,,,מרציפן ורדים fenster,גרמים,40.00,100 גרם,false,,9.90,0.2475,true,1,217095
7290115259100,false,מרציפן לימון סיציליאני בעבודת יד,,,מרציפן לימון סיציליא,גרמים,40.00,100 גרם,false,,9.90,0.2475,true,1,216891
7290115259117,false,מרציפן אוכמניות בעבודת יד,,,מרציפן אוכמניות fens,גרמים,40.00,100 גרם,false,,9.90,0.2475,true,1,216199
7290115259124,false,מרציפן עוגת גבינה וק,,,מרציפן עוגת גבינה וק,גרמים,40.00,100 גרם,false,,9.90,0.2475,true,1,216200
7290115259407,false,מרציפן קלאסי בציפוי,,,מרציפן קלאסי בציפוי,גרמים,40.00,100 גרם,false,,9.90,0.2475,true,1,264045
7290115259414,false,מרציפן פיסטוק בציפוי,,,מרציפן פיסטוק בציפוי,גרמים,40.00,100 גרם,false,,9.90,0.2475,true,1,264044
7290115259438,false,מרציפן אספרסו בציפוי,,,מרציפן אספרסו בציפוי,גרמים,40.00,100 גרם,false,,9.90,0.2475,true,1,264152
7290115480009,false,"מרכך כביסה מרוכז פרש קונטרול ירוק 900 מ""ל סוד",הנקל סוד,IL,סוד מרכך מרוכז ירוק,מיליליטרים,900.00,"100 מ""ל",false,,11.90,0.0132,true,1,260393
7290115670677,false,גרנולה פירות טרופיים אנרגי 400 גרם,Unknown,CZ,גרנולה אנרג'י פירות,גרמים,400.00,100 גרם,false,,14.90,0.0373,true,1,218085
7290115670684,false,גרנולה שיבולת שועל עם אגוזי לוז,אנרג'י Energy - שטראוס,CZ,גרנולה אנרג'י אגוזים,גרמים,400.00,100 גרם,false,,14.90,0.0373,true,1,218086
7290115670707,false,גרנולה שיבולת שועל עם שוקולד ואגוזי לוז,אנרג'י Energy - שטראוס,CZ,גרנולה אנרג'י שוקול,גרמים,400.00,100 גרם,false,,14.90,0.0373,true,1,218087
7290115671155,false,שלישיית סוכריות FRESH ענבים 45 ג' בזוקה,הליקון גידה,TR,שלישיית סוכריות פרש,גרמים,45.00,100 גרם,false,,9.50,0.2111,true,1,260779
7290115671223,false,מסטיק מאסט פאן בצנצנת אבטיח מנגו,אסקום קונפקשיין,DE,מאסט פאן אבטיח מנגו,גרמים,58.00,100 גרם,false,,9.90,0.1707,true,1,260777
7290115671308,false,מסטיק מאסט פאן בצנצנת תות דובדבן,אסקום קונפשטיין,DE,מאסט פאן תות דובדבן,גרמים,58.00,100 גרם,false,,9.90,0.1707,true,1,260778
7290115671339,false,מיני פינוקיות בראוניז בייגל בוטן עלית 180 ג' עלית,הגביע מוצרי ופלים בע,IL,מיני פינוקיות בראוני,גרמים,180.00,100 גרם,false,,11.50,0.0639,true,1,219570
7290115671346,false,מיני פינוקיות טופי קרמל מלוח 180 ג' עלית,הגביע מוצרי ופלים בע,IL,מיני פינוקיות טופי ק,גרמים,180.00,100 גרם,false,,11.50,0.0639,true,1,219571
7290115671421,false,פולי אספרסו עשירים וארומטיים עוצמה 10 250 ג' עלית,שטראוס קפה בי.וי,IL,פולי אספרסו עשירים ו,גרמים,250.00,100 גרם,false,,21.90,0.0876,false,1,261522
7290115675696,false,דגני בוקר קראנצ'ים שיבולת שועל עם אגוזים ושקדים,גלידות שטראוס,IL,קוואקר Cruesli אגוזי,גרמים,375.00,100 גרם,false,,19.90,0.0531,true,1,219601
7290115675702,false,דגני בוקר קראנצ'ים שיבולת שועל עם פירות מיובשים,גלידות שטראוס,IL,קוואקר Cruesli פירות,גרמים,375.00,100 גרם,false,,19.90,0.0531,true,1,219602
7290115675986,false,יוגורט עם אגוזי לוז ושקדים בקרמל מלוח 4.5%,"שטראוס בריאות בע""מ",IL,דנונה קראנצ אגוזים מ,גרמים,173.00,100 גרם,false,,4.60,0.0266,false,1,216691
7290115676037,false,דנונה ריפרש יוגורט עם תות ודומדמניות 1.6% שומן,מיוצר עי קונדיטוריית,IL,דנונה ריפרש תות דומד,גרמים,250.00,100 גרם,false,,5.50,0.0220,true,1,218598
7290115676051,false,"אקטיביה משקה+שיבולת שועל במתיקות מעודנת 250 מ""ל",מיוצר עי קונדיטוריית,IL,משקה אקטיביה עם שיבו,גרמים,265.00,100 גרם,false,,4.90,0.0185,true,1,259776
7290115676082,false,משקה דנונה פרו 20 יוגורט תות 255 ג' רבנות,"שטראוס בריאות בע""מ.",IL,משקה דנונה פרו תות,גרמים,255.00,100 גרם,false,,6.90,0.0271,true,1,218601
7290115676099,false,משקה דנונה פרו 20 יוגורט וניל 255 ג' רבנות,"שטראוס בריאות בע""מ.",IL,משקה דנונה פרו וניל,גרמים,255.00,100 גרם,false,,6.90,0.0271,true,1,218602
7290115677140,false,תפוצ'יפס בטעם פפריקה 200 גרם היתר מכירה,שטראוס פריטו ליי בע”,IL,תפוצ'יפס בטעם פפריקה,גרמים,200.00,100 גרם,false,,10.90,0.0545,false,1,264344
7290115677362,false,"נודלס טריאקי ""דלישס"" שטראוס","טרופיקל דגיל בע""מ אז",IL,נודלס טריאקי דלישס,גרמים,350.00,100 גרם,false,,23.90,0.0683,true,1,259519
7290115677409,false,אורז קארי צהוב עם ירקות ברוטב קארי וקרם קוקוס,אוכל ביתי ניר עציון,IL,אורז קארי צהוב דלישס,גרמים,350.00,100 גרם,false,,23.90,0.0683,true,1,259521
7290115677423,false,אורז ירוק קארי חריף חריף דלישס 350 גרם,"טרופיקל דגיל בע""מ אז",IL,אורז קארי ירוק חריף,גרמים,350.00,100 גרם,false,,23.90,0.0683,true,1,259522
7290115677676,false,חומוס הסדרה המובחרת בתוספת חריף 400 גרם,שטראוס גרופ,IL,חומוס בתוספת חריף הס,גרמים,400.00,100 גרם,false,,12.90,0.0323,true,1,216656
7290115677966,false,ממרח אבוקדו 200 ג' שטראוס,ג'י. אר. סימפלוט,MX,ממרח אבוקדו 200 גרם,גרמים,200.00,100 גרם,false,,13.90,0.0695,true,1,259560
7290115678222,false,מארז 8 גביעים יוגורט Greek בסגנון יווני 6.5% שומן,דנונה - שטראוס,IL,יוגורט יווני מארז שמ,קילוגרמים,1.04,"ק""ג",false,,23.90,22.9808,true,1,218600
7290115678376,false,מעדן הגולן שוקולד 125 גרם,מיוצר עי קונדיטוריית,IL,מעדן הגולן שוקולד,גרמים,125.00,100 גרם,false,,2.80,0.0224,false,1,219642
7290115678383,false,מעדן הגולן שוקולד מריר 125 גרם,מיוצר עי קונדיטוריית,IL,מעדן הגולן מריר,גרמים,125.00,100 גרם,false,,2.80,0.0224,false,1,219643
7290115678598,false,חסה אייסברג שטראוס טעם הטבע,שטראוס גרופ,IL,חסה אייסברג חיתוך גס,גרמים,300.00,100 גרם,false,,9.90,0.0330,true,1,259953
7290115678635,false,נשנושי גבינה -גבינת שמנת 16%+כעכים שטוחים עם מלח,"מחלבת טבע עז בע""מ",IL,נשנושי גבינה 16% עם,גרמים,67.00,100 גרם,false,,10.00,0.1493,false,1,263075
7290115678642,false,נשנושי גבינה 16% עם חטיף אפוי עם זיתים 67 ג' שטראוס,"מחלבת טבע עז בע""מ",IL,נשנושי גבינה 16% עם,גרמים,67.00,100 גרם,false,,10.00,0.1493,false,1,263076
7290115678888,false,שוקולית טופי קרמל 500 ג' עלית,שטראוס גרופ,IL,שוקולית טופי קרמל,גרמים,500.00,100 גרם,false,,15.90,0.0318,false,1,262208
7290115678970,false,מארז סוכריות FRESH בטעם בזוקה עלית 3*15 ג',הליקון גידה,TR,סוכריות FRESH בטעם ב,גרמים,45.00,100 גרם,false,,9.50,0.2111,true,1,219647
7290115679519,false,שייק פירות ורוד דליש,סיבהפרוסט,BE,דלישס שייק פירות ורו,גרמים,300.00,100 גרם,false,,21.00,0.0700,true,1,264316
7290115679731,false,שייק פירות ירוק דליש,סיבהפרוסט,BE,דלישס שייק פירות ירו,גרמים,300.00,100 גרם,false,,21.00,0.0700,true,1,264317
7290115679878,false,פיצה מבצק עם סלק דלישס 320 גרם,גסטרונומיה פרוסט אס.,IT,פיצה מבצק סלק,גרמים,320.00,100 גרם,false,,19.90,0.0622,true,1,261258
7290115679885,false,פיצה מבצק עם כרובית עם רוטב עגבניות ומוצרלה,גסטרונומיה פרוסט אס.,IT,פיצה מבצק כרובית,גרמים,320.00,100 גרם,false,,19.90,0.0622,true,1,261257
7290115679915,false,פיצה מבצק עם דלעת עם רוטב עגבניות ומוצרלה,אליסה פוד אס.אר.אל,IL,פיצה מבצק דלעת,גרמים,320.00,100 גרם,false,,19.90,0.0622,true,1,261259
7290115679960,false,ציטוס פופקורן בטעם טבעי 60 ג 24 יח,"שטראוס פריטו ליי בע""",IL,צ'יטוס פופקורן טבעי,גרמים,60.00,100 גרם,false,,3.70,0.0617,true,1,259536
7290115730784,false,תבניות טוסט אובן עם,,,תבניות טוסט אובן עם,יחידה,0.00,יחידה,false,,10.90,0.0000,true,1,218736
7290115730937,false,כוס מעוטר צבעוני 300,,,כוס מעוטר 40 יח',יחידה,0.00,יחידה,false,,12.90,0.0000,true,1,262234
7290115730968,false,כוסות שתיה יוקרתיות,,,כוסות שתיה יוקרתיות,יחידה,0.00,יחידה,false,,16.90,0.0000,true,1,217224
7290115732658,false,צלחות עלים דקל בנוני,,,צלחות עלים דקל בנוני,יחידה,0.00,יחידה,false,,6.90,0.0000,true,1,217045
7290115733129,false,קופסית עוגה אינגליש,,,קופסית עוגה אינגליש,יחידה,0.00,יחידה,false,,7.90,0.0000,true,1,259460
7290115733136,false,קופסת עוגה תבנית גדו,,,קופסת עוגה תבנית גדו,יחידה,0.00,יחידה,false,,11.00,0.0000,true,1,259461
7290115733419,false,קינוחי השף בוטיק כוכ,,,קינוחי השף בוטיק כוכ,יחידה,0.00,יחידה,false,,14.90,0.0000,true,1,259929
7290115733846,false,מגש גלים קטן כסף נצנ,,,מגש גלים קטן כסף נצנ,יחידה,0.00,יחידה,false,,5.90,0.0000,true,1,219929
7290115733921,false,תבנית אינגליש נמוך+מ,,,תבנית אינגליש נמוך+מ,יחידה,0.00,יחידה,false,,12.90,0.0000,true,1,262638
7290115733945,false,תבניות לזניה מהודרת,,,תבניות לזניה מהודרת,יחידה,0.00,יחידה,false,,12.50,0.0000,true,1,259921
7290115733990,false,זהב שחור-גביע עגול ע,,,גביע עגול עמוק + מכס,יחידה,0.00,יחידה,false,,12.50,0.0000,true,1,259926
7290115736977,false,משטח לייבוש כלים תבנ,,,משטח לייבוש כלים תבנ,יחידה,0.00,יחידה,false,,9.90,0.0000,true,1,261667
7290115738209,false,כוס יהלום,,,כוס יהלום,יחידה,0.00,יחידה,false,,9.90,0.0000,true,1,262535
7290115738933,false,ארגונית לאחסון,,,ארגונית לאחסון,יחידה,0.00,יחידה,false,,6.90,0.0000,true,1,263841
7290115738964,false,ארגונית לאחסון עם יד,,,ארגונית לאחסון עם יד,יחידה,0.00,יחידה,false,,8.90,0.0000,true,1,263842
7290116130743,false,אשכולות שוקולד חלב ע,,,אשכולות שוקולד חלב ע,גרמים,120.00,100 גרם,false,,12.90,0.1075,true,1,264173
7290116130842,false,חטיפי שוקולד חלב שקד,,,חטיפי שוקולד חלב שקד,גרמים,120.00,100 גרם,false,,12.90,0.1075,true,1,264174
7290116242361,false,מיני פופ סוכריה על מקל עם כדור 8 גר' מיניונים,שמחה זה אנחנו,,מיני פופ סוכריה על מ,יחידה,0.00,יחידה,false,,6.90,0.0000,true,1,261468
7290116242378,false,מיני פופ סוכריה על מקל וכדור 8 גרם-סמי ה,שמחה זה אנחנו,CN,מיני פופ סוכריה על מ,יחידה,0.00,יחידה,false,,6.90,0.0000,true,1,261469
7290116242408,false,מיני פופ סוכריה על מקל עם כדור 8 גר' ריינבוקורן,Unknown,,מיני פופ סוכריה על מ,יחידה,0.00,יחידה,false,,6.90,0.0000,true,1,261471
7290116244037,false,חד קרן אצבעות שוקולד חלב 84 גרם,,NL,אצבעות שוקולד חלב חד,גרמים,84.00,100 גרם,false,,7.90,0.0940,true,1,261444
7290116244044,false,מיניונים אצבעות שוקולד חלב 84 גרם,,NL,אצבעות שוקולד חלב מי,גרמים,84.00,100 גרם,false,,7.90,0.0940,true,1,261447
7290116244051,false,אצבעות שוקולד חלב 84 גרם LOL,,NL,אצבעות שוקולד חלב LO,גרמים,84.00,100 גרם,false,,7.90,0.0940,true,1,261445
7290116244068,false,אצבעות שוקולד חלב 84 גר'-כוח פי גיי,,NL,אצבעות שוקולד חלב כו,גרמים,84.00,100 גרם,false,,7.90,0.0940,true,1,261448
7290116244075,false,סמי הכבאי אצבעות שוקולד חלב 84 גרם,,NL,אצבעות שוקולד חלב סמ,גרמים,84.00,100 גרם,false,,7.90,0.0940,true,1,261450
7290116244082,false,מפרץ הרפתקאות אצבעות שוקולד חלב 84 גרם,,NL,אצבעות שוקולד חלב מפ,גרמים,84.00,100 גרם,false,,7.90,0.0940,true,1,261451
7290116530062,false,הלמנס רוטב ויניגרט לסלט 295 גרם,אתר חיפה ממרחים - Fo,IL,הלמנס לסלט ויניגרט 2,גרמים,295.00,100 גרם,false,,12.90,0.0437,true,1,219502
7290116530116,false,קליק שלישיית ברים שוקולד נוגט לבן 105 גרם,יוניליוור,IL,קליק שלישיית ברים שו,גרמים,105.00,100 גרם,false,,14.90,0.1419,true,1,219050
7290116530185,false,"קורנפלקס דלישקד קרמל מלוח 400 גרם בד""ץ",יוניליוור שפע ישראל,IL,דלישקד 400 גר' תלמה,גרמים,400.00,100 גרם,false,,19.90,0.0497,false,1,259608
7290116530239,false,אקס דאו סטיק לגבר בלאק 7 גרם,יוניליוור,US,אקס בלאק סטיק,גרמים,77.00,100 גרם,false,,15.90,0.2065,false,1,218628
7290116530260,false,שוגי קקאו  תלמה 400 ג',יוניליוור שפע ישראל,IL,שוגי קקאו 400 גר',גרמים,400.00,100 גרם,false,,19.90,0.0497,false,1,219563
7290116530482,false,תלמה מארז קורנפלקס אלופים 30 גרם*5 יחידו,פרו מן-יו פתרנות ארי,IL,מאגדת קורנפלקס אלופי,גרמים,150.00,100 גרם,false,,11.90,0.0793,false,1,259609
7290116530871,false,מיקס נשנושים 240 ג' בייגל בייגל,בייגל בייגל BB,IL,נשנושים מיקס 240 גר',גרמים,240.00,100 גרם,false,,13.50,0.0563,true,1,218767
7290116530888,false,ג'ל לכביסה לבנה וצבעונית פינוק כחול בדין 2.5 ל',"זוהר דליה, קיבוץ דלי",IL,בדין ג'ל לכביסה פינו,ליטרים,2.50,ליטר,false,,29.90,11.9600,true,1,219449
7290116530895,false,"תרסיס ריחני למייבש כביסה פינוק כחול בדין 500 מ""ל","זוהר דליה, קיבוץ דלי",TR,בדין תרסיס למייבש פי,מיליליטרים,500.00,"100 מ""ל",false,,19.00,0.0380,true,1,219442
7290116531090,false,דג-דג חטיף אפוי במליחות מעודנת 250 גרם,בייגל את בייגל מזון,IL,דגדג במליחות מעודנת,גרמים,250.00,100 גרם,false,,11.50,0.0460,true,1,260837
7290116531243,false,"שמפו ומרכך 2ב-1 למניעת קשקשים 700 מ""ל פינוק",אתר ליוור - HPC,IL,פינוק שמפו 2-ב-1 קשק,מיליליטרים,700.00,"100 מ""ל",false,,11.90,0.0170,false,1,264131
7290116531496,false,קינמונים דגנים פריכים מצופים 375 גרם,נאוג'אזיס נווזיס UAB,LT,קינמונים 375 גר',גרמים,375.00,100 גרם,false,,19.90,0.0531,false,1,262390
7290116531656,false,"מרכך פינוק לשיער בניחוח תפוח 700 מ""ל",יוניליוור ישראל טיפו,IL,פינוק מרכך תפוח 700,מיליליטרים,700.00,"100 מ""ל",false,,11.90,0.0170,false,1,259833
7290116531762,false,בדין דפי מרכך למייבש כביסה ורוד 40 יחיד,"קלינטסט - 3p ארה""ב",US,בדין דפים למייבש ורו,יחידה,0.00,יחידה,false,,18.90,0.0000,true,1,262300
7290116531779,false,בדין דפי מרכך למייבש כביסה כחול 40 יחיד,"קלינטסט - 3p ארה""ב",US,בדין דפי מרכך כחול 4,יחידה,0.00,יחידה,false,,18.90,0.0000,true,1,262515
7290116531793,false,הלמנס רוטב לסלט קיסר 295 גרם,יוניליוור ישראל מזון,IL,הלמנס רוטב לסלט קיסר,גרמים,295.00,100 גרם,false,,12.90,0.0437,true,1,260480
7290116531830,false,דגני בוקר קינמון 686 ג' כריות,יוניליוור שפע ישראל,IL,כריות קינמון 686 גר',גרמים,686.00,100 גרם,false,,24.90,0.0363,false,1,260789
7290116531885,false,"מיונז הלמנס טיבעוני בד""ץ 500 גר",יוניליוור ישראל מזון,IL,הלמנס ממרח טבעוני 50,גרמים,500.00,100 גרם,false,,13.90,0.0278,true,1,263056
7290116531939,false,גלידונית קרמיסימו תות שטראוס 630 גרם,"גלידת שטראוס בע""מ, ר",IL,גלידונית תות שדה,מיליליטרים,955.00,"100 מ""ל",false,,49.90,0.0523,false,1,262303
7290116532011,false,קליק חטיף שוקולד נוגט וחלב 35 גרם,אזור התעשייה רמת גבר,IL,קליק חטיף נוגט,גרמים,35.00,100 גרם,false,,5.00,0.1429,false,1,261482
7290116532219,false,קורנפלקס תות 448 גרם תלמה רבנות,אתר שפע - Food,IL,קורנפלקס תות 448 תלמ,גרמים,500.00,100 גרם,false,,19.90,0.0398,false,1,262657
7290116532240,false,קליק טבלה שוקולד חלב פצפוצי דגנים ועוגי 85 גרם רבנות,אתר צפת טבלאות ותעשי,IL,קליק טבלה שוקולד חלב,גרמים,85.00,100 גרם,false,,7.00,0.0824,false,1,262681
7290116532264,false,מאגדת גודיז פרי אפרסק יוגורט בציפוי 300 ג' שטראוס,"גלידת שטראוס בע""מ, ר",IL,מאגדת גודיז פרי אפרס,גרמים,300.00,100 גרם,false,,25.90,0.0863,true,1,262612
7290116532387,false,"אל סבון ידיים נוזלי חמאת שיאה 950 מ""ל פינוק",אתר ליוור - HPC,TR,פינוק סבון ידיים חמא,מיליליטרים,950.00,"100 מ""ל",false,,13.90,0.0146,true,1,262388
7290116532400,false,בייגל בייגל בייגלה מקלות עם מלח 235ג,בייגל בייגל,IL,בייגלה עם מלח אחד אח,גרמים,255.00,100 גרם,false,,6.50,0.0255,true,1,264132
7290116532462,false,גלידת שמנת קליק בטעמי שוקולד בננה 384 ג' שטראוס,"גלידת שטראוס בע""מ, ר",IL,גלידת שמנת פיינט קלי,מיליליטרים,520.00,"100 מ""ל",false,,19.90,0.0383,true,1,262136
7290116532479,false,קליק גלידת שמנת בטעמי שוקולד לבן עוגיות 384 ג' שטראוס,"גלידת שטראוס בע""מ, ר",IL,גלידת שמנת פיינט קלי,מיליליטרים,520.00,"100 מ""ל",false,,19.90,0.0383,true,1,262135
7290116532486,false,גלידת שמנת קליק בטעמי וניל קרמל מלוח 384 ג' שטראוס,"גלידת שטראוס בע""מ, ר",IL,גלידת שמנת פיינט קלי,מיליליטרים,520.00,"100 מ""ל",false,,19.90,0.0383,true,1,262137
7290116532615,false,פינוק שמפו לשיער בתוספת גוגי ברי 700 מל,אתר ליוור - HPC,IL,פינוק שמפו גוג'י ברי,מיליליטרים,700.00,"100 מ""ל",false,,11.90,0.0170,false,1,263055
7290116532622,false,פינוק מרכך לשיער בתוספת גוגי ברי 700 מל,אתר ליוור - HPC,IL,פינוק מרכך גוג'י ברי,מיליליטרים,700.00,"100 מ""ל",false,,11.90,0.0170,false,1,263054
7290116532738,false,רוטב לסלט הלמנס איטלקי בז' ואורגנו 305 ג,אתר חיפה ממרחים - Fo,IL,הלמנס רוטב לסלט איטל,גרמים,295.00,100 גרם,false,,12.90,0.0437,true,1,264161
7290116532875,false,פינוק בייבי אל סבון לתינוקות 970 מל-משאבה,יוניליוור,IL,פינוק סבון נוזלי ביי,מיליליטרים,900.00,"100 מ""ל",false,,19.90,0.0221,true,1,263409
7290116532882,false,נישנושים איירביס בצל 155 גרם,אתר בייגל - Food,IL,נשנושים איירביס בצל,גרמים,155.00,100 גרם,false,,13.50,0.0871,false,1,264157
7290116532899,false,נישנושים איירביס פלאפל 155 גרם,אתר בייגל - Food,IL,נשנושים איירביס פלאפ,גרמים,155.00,100 גרם,false,,13.50,0.0871,false,1,264158
7290116532905,false,נישנושים איירביס ברביקיו 155 גרם,אתר בייגל - Food,IL,נשנושים איירביס ברבי,גרמים,155.00,100 גרם,false,,13.50,0.0871,false,1,264159
7290116533063,false,דגני בוקר שוגי קרטיב ענבים 400 גרם,אתר שפע - Food,IL,שוגי בטעם קרטיב ענבי,גרמים,400.00,100 גרם,false,,19.90,0.0497,false,1,263162
7290116533094,false,"פינוק שמפו שיער בניחוח ורדים לבנים 700 מ""ל",יוניליוור,IL,פינוק שמפו בניחוח ור,מיליליטרים,700.00,"100 מ""ל",false,,11.90,0.0170,false,1,263923
7290116533100,false,"פינוק מרכך שיער בניחוח ורדים לבנים 700 מ""ל",אתר ליוור - HPC,IL,פינוק מרכך שיער ניחו,מיליליטרים,700.00,"100 מ""ל",false,,11.90,0.0170,false,1,263922
7290116930015,false,חטיף חלבון GO קרמל ח.בוטנים קריספי 20 גרם חלבון,בלמונט קונפקציות,US,חטיף חלבון GO קרמל ח,יחידה,0.00,יחידה,false,,11.90,0.0000,true,1,263167
7290116930282,false,ארוחה בקטנה לאבנה עם קרקרים 150ג' תנובה,תנובה חלב,IL,ארוחה בקטנה לאבנה עם,גרמים,150.00,100 גרם,false,,7.60,0.0507,true,1,263142
7290116930435,false,יופלה גו במרקם סמיך עם דובדבן 0% 200מל,תנובה מרכז שיתופי לש,IL,יוגורט גו סמיך 0% דו,גרמים,200.00,100 גרם,false,,6.20,0.0310,true,1,262361
7290116930442,false,"משקה SHAKE בננה מנגו תפוז גזר וצ'יה 230 מ""ל יופלה",יופלה Yoplait,IL,יופלה SHAKE בננה מנג,מיליליטרים,230.00,"100 מ""ל",false,,7.90,0.0343,false,1,262710
7290116930459,false,"יופלה שייק מנגו בננה אננס וקוקוס 230 מ""ל",קבוצת המזון אקטשלאר,IL,יופלה SHAKE בננה אננ,מיליליטרים,230.00,"100 מ""ל",false,,7.90,0.0343,false,1,262713
7290116930466,false,"משקה SHAKE בננה מנגן פסיפלורה והל 230 מ""ל יופלה",קבוצת המזון אקטשלאר,IL,יופלה SHAKE מנגו בננ,מיליליטרים,230.00,"100 מ""ל",false,,7.90,0.0343,false,1,262714
7290116930480,false,"משקה SHAKE בננה קיווי תפוח 230 מ""ל יופלה",קבוצת המזון אקטשלאר,IL,יופלה SHAKE בננה קיו,מיליליטרים,230.00,"100 מ""ל",false,,7.90,0.0343,false,1,262712
7290116930626,false,ארוחה בקטנה ציזיקי עם קרקרים 150ג' תנובה,תנובה חלב,IL,ארוחה בקטנה צזיקי עם,גרמים,150.00,100 גרם,false,,7.60,0.0507,true,1,263143
7290116930657,false,משקה חלב גו בטעם בננה תמר עם ש. שועל 340,תנובה מרכז שיתופי לש,IL,משקה גו בטעם בננה תמ,מיליליטרים,340.00,"100 מ""ל",false,,8.00,0.0235,true,1,264564
7290116930701,false,מעדן חלב GO מועשר בחלבון בטעם קרמל מלוח,תנובה מרכז שיתופי לש,IL,מעדן חלב גו בטעם קרמ,גרמים,120.00,100 גרם,false,,4.70,0.0392,true,1,262711
7290116930718,false,מעדן תנובה דיאט בטעם שוקולד וקרמל מלוח 0% 150ג' תנובה,"תנובה בע""מ",IL,מעדן דיאט שוקולד קרמ,גרמים,150.00,100 גרם,false,,4.10,0.0273,false,1,263103
7290116930725,false,סויה BIO קוקוס גביע 150 גרם אלטרנטיב,תנובה חלב,IL,סויה ביו קוקוס,גרמים,150.00,100 גרם,false,,4.40,0.0293,true,1,263144
7290116930954,false,יוגורט טעם פאי תפוחים 3% 150 ג' יופלה,"תנובה בע""מ",IL,יופלה פאי תפוחים 3%,גרמים,150.00,100 גרם,false,,5.10,0.0340,true,1,264508
7290116931074,false,פרוסות טל העמק 32% שומן 300 גרם,"תנובה בע""מ",IL,פרוסות טל העמק 32% 3,גרמים,300.00,100 גרם,false,,25.90,0.0863,false,1,263730
7290116931081,false,מעדן סויה - טופי קרמל 125 גרם אלטרנטיב,תנובה מרכז שיתופי לש,IL,מעדן סויה בטעם טופי,גרמים,125.00,100 גרם,false,,3.90,0.0312,true,1,263145
7290116931104,false,יופלה גו במרקם סמיך עם אננס 0% שומן 200ג',תנובה חלב,IL,יופלה גו במרקם סמיך,גרמים,200.00,100 גרם,false,,5.80,0.0290,true,1,263146
7290117260234,false,"קפה טורקי אמיתי מטורקיה, שלישיה 3 * 100 גרם",נאון סאנאי,TR,קפה טורקי אמיתי מטור,גרמים,300.00,100 גרם,false,,12.90,0.0430,false,1,260757
7290117260944,false,מיני גריסיני עם שמן זית ללא גלוטן 125 גרם ויליפוד,מודיאה אס.אר.אל,IT,מיני גריסיני עם שמן,גרמים,125.00,100 גרם,false,,9.90,0.0792,true,1,261387
7290117261088,false,בוראטה גבינת מוצרלה רכה 125ג' 18%שומן,קסריה להפואנטה,ES,בוראטה ג.מוצרלה רכה,גרמים,125.00,100 גרם,false,,19.90,0.1592,true,1,264189
7290117261354,false,גבינת ריקוטה 200 גרם 5%שומן מחלבת אירופה,באלבן גידה סנאי,TR,גבינה ריקוטה 200גר 5,גרמים,200.00,100 גרם,false,,9.90,0.0495,true,1,263803
7290117261378,false,גבינת קשקבל לייט 250 גרם 8% שומן מחלבת א,סאסו פטוראגס קומטויס,TR,גבינת קשקבל לייט 250,גרמים,250.00,100 גרם,false,,15.50,0.0620,true,1,263805
7290117261385,false,גבינת פטה לייט 500 גרם 8% שומן מחלבת איר,באלבן גידה סנאי,TR,גבינה פטה לייט 500גר,גרמים,500.00,100 גרם,false,,19.90,0.0398,true,1,263865
7290117261415,false,יוגורט פרוביוטי 2.7% שומן 125 גרם,Euro יורו מחלבות אירופה,TR,יוגורט פרוביוטי 2.7%,גרמים,125.00,100 גרם,false,,2.90,0.0232,true,1,264245
7290117261439,false,EURO יוגורט פרוביוטי עם פירות יער 2% 125 גרם,Euro יורו מחלבות אירופה,TR,יוגורט פרוביוטי עם פ,גרמים,125.00,100 גרם,false,,2.90,0.0232,true,1,264247
7290117261446,false,יוגורט פרוביוטי עם אפרסק ומשמש 2.7% שומן,Euro יורו מחלבות אירופה,TR,יוגורט פרוביוטי עם א,גרמים,125.00,100 גרם,false,,2.90,0.0232,true,1,264248
7290117261521,false,סלמון אטלנטי בשמן קנולה וילי פוד 120 גר,קריות זול,LV,סלמון אטלנטי בשמן קנ,גרמים,120.00,100 גרם,false,,8.50,0.0708,true,1,263856
7290117261552,false,סלמון אטלנטי ברוטב עגבניות 120 גרם,קריות זול,LV,סלמון אטלנטי ברוטב ע,גרמים,120.00,100 גרם,false,,8.50,0.0708,true,1,264392
7290117261606,false,פרוסות צהובה בטעם טבעי טבעוני 140 גרם,קוליוס,GR,פרוסות צהובה טבעונית,גרמים,140.00,100 גרם,false,,13.90,0.0993,true,1,263807
7290117261613,false,מגורדת טבעונית בטעם טבעי 200 גרם,קוליוס,GR,מגורדת טבעונית טבעי2,גרמים,200.00,100 גרם,false,,14.90,0.0745,true,1,263867
7290117261668,false,לבנה בסגנון יווני טבעוני 200 גרם,קוליוס,GR,לבנה טבעוני בסגנון י,גרמים,200.00,100 גרם,false,,13.90,0.0695,true,1,263811
7290117261675,false,מגורדת טבעונית בטעם צ'דר 200 גרם,קוליוס,GR,מגורדת טבעונית צ'דר2,גרמים,200.00,100 גרם,false,,14.90,0.0745,true,1,263868
7290117261774,false,כדורי גבינת בייבי מוצרלה 150ג' 14%שומן,קסריה להפואנטה,ES,כדורי גבינה בייבי מו,גרמים,150.00,100 גרם,false,,14.90,0.0993,true,1,263802
7290117261934,false,בסיסים לחצ'פורי ומאפים מוקפאים 460 גרם ויליפוד,,GR,בסיסים לחצ'פורי מוקפ,גרמים,460.00,100 גרם,false,,13.90,0.0302,true,1,264393
7290117261989,false,גבינת מנורי רכה מחלב צאן 43% שומן 170 גרם,קוליוס,GR,גבינת מנורי רכה מחלב,גרמים,170.00,100 גרם,false,,15.90,0.0935,true,1,263806
7290117262153,false,מיני מאפה פילו במילוי גבינת חלומי 450 גר,אייווניקי,GR,מיני מאפה פילו במילו,גרמים,153.00,100 גרם,false,,23.90,0.1562,true,1,264394
7290117262221,false,"משקה יוגורט פרוביוטי עם אננס 200מ""ל 2.3%שומן יורו",Euro יורו מחלבות אירופה,TR,משקה יוגורט פרוביוטי,מיליליטרים,200.00,"100 מ""ל",false,,4.90,0.0245,true,1,263422
7290117262238,false,"משקה יוגורט פרוביוטי עם תות שדה 200מ""ל 2.3%שומן יורו",Euro יורו מחלבות אירופה,TR,משקה יוגורט פרוביוטי,מיליליטרים,200.00,"100 מ""ל",false,,4.90,0.0245,true,1,263423
7290117262245,false,"משקה יוגורט פרוביוטי עם אפרסק ומשמש 200מ""ל 2.3%שומן יורו",Euro יורו מחלבות אירופה,TR,משקה יוגורט פרוביטי,מיליליטרים,200.00,"100 מ""ל",false,,4.90,0.0245,true,1,263424
7290117380154,false,"מאסטר שף רוטב אסיאתי עם סויה 260 מ""ל",רמייה,NL,מאסטר שף רוטב אסייתי,גרמים,264.00,100 גרם,false,,9.90,0.0375,true,1,262468
7290117380413,false,"מארז זוג טריגר שירותים 2*500 מ""ל אגקס",,,אג'קס מארז זוג טריגר,יחידה,0.00,יחידה,false,,28.90,0.0000,true,1,259489
7290117380857,false,"מרבה סלים דליס פייבר עוגות אישיות בטעם לימון, 120 גרם",שסטוביץ,NL,סלים דליס פייבר-עוגו,גרמים,120.00,100 גרם,false,,10.90,0.0908,true,1,263078
7290117380864,false,עוגות בראוניס אישיות בטעם שוקולד 120 ג' סלים דליס פייבר,הלמה הלום,NL,מרבה סלים דליס פייבר,גרמים,120.00,100 גרם,false,,10.90,0.0908,true,1,262731
7290117380871,false,עוגות אישיות בטעם אוכמניות 120 ג' סלים דליס פייבר,הלמה הלום,NL,מרבה סלים דליס פייבר,גרמים,120.00,100 גרם,false,,10.90,0.0908,true,1,262732
7290117380888,false,עוגיות סנדוויץ' עם 45% שוקולד חלב בלגי,,NL,מרבה טייק אווי- עוגי,גרמים,140.00,100 גרם,false,,8.90,0.0636,true,1,263007
7290117381182,false,"רוטב סריראצה מאסטר שף 360 מ""ל",,TH,רוטב סרירציה מאסטר ש,מיליליטרים,360.00,"100 מ""ל",false,,14.90,0.0414,true,1,264169
7290117382318,false,סלים דליס - חטיף חלבון מצופה שוקולד מריר 60 גרם,"י. מרבה ישראל בע""מ",IT,סלים דליס חטיף חלבון,גרמים,60.00,100 גרם,false,,11.90,0.1983,true,1,263413
7290117382325,false,סלים דליס - פרו 33 חטיף חלבון מצופה שוקולד חלב 60 גרם,"י. מרבה ישראל בע""מ",IT,סלים דליס חטיף חלבון,גרמים,60.00,100 גרם,false,,11.90,0.1983,true,1,263414
7290117382332,false,סלים דליס - חטיף חלבון מצופה שוקולד בטעם עוגיות 60 גרם,"י. מרבה ישראל בע""מ",IT,סלים דליס חטיף חלבון,גרמים,60.00,100 גרם,false,,11.90,0.1983,true,1,263415
7290117383728,false,"מארז זוג תחליב רחצה לומינוס  אבוקדו 750 מ""ל פלמוליב",קולגייט פלמוליב,TR,פלמוליב לומינוס אבוק,ליטרים,1.50,100 ליטר,false,,30.00,20.0000,true,1,264312
7290117383735,false,"מארז זוג תחליב רחצה חימר ורדים *750 מ""ל פלמוליב",קולגייט פלמוליב,TR,פלמוליב חימר ורדים 7,ליטרים,1.50,ליטר,false,,30.00,20.0000,true,1,264309
7290117383742,false,"מארז זוג ג'ל רחצה לגבר 750 מ""ל פלמוליב",קולגייט פלמוליב,TR,פלמוליב גבר מרענן 75,מיליליטרים,1.50,"מ""ל",false,,30.00,20.0000,true,1,264310
7290117383780,false,מארז זוג סבון גוף ארומה מסאז' גרגירי פילינג,קולגייט פלמוליב,TR,פלמוליב ארומה מסאז',ליטרים,1.50,ליטר,false,,30.00,20.0000,true,1,264311
7290117901205,false,טורטיה דגנים בתוספת שומשום ופשתן 520 ג שקדיה,מוטלוקל,TR,טורטיה דגנים בתוספת,גרמים,420.00,100 גרם,false,,9.90,0.0236,true,1,263971
7290118420071,false,במבה ביסלי ברביקיו מיקס 80ג' אסם,"אסם תעשיות בע""מ",IL,במבה ביסלי ברבקיו מי,גרמים,80.00,100 גרם,false,,4.90,0.0613,false,1,264298
7290118420378,false,פתיבר פינוקים בטעם תותים בשמנת - חלבי,קריות זול,IL,אסם פתי בר פינוקים ת,גרמים,220.00,100 גרם,false,,10.90,0.0495,true,1,264295
7290118420477,false,בייגלה שטוחים טעם ביסלי בצל אסם 300 גרם,"אסם תעשיות בע""מ",IL,אסם בייגלה שטוחים בט,גרמים,300.00,100 גרם,false,,11.90,0.0397,true,1,264300
7290118420514,false,אינסטנט פודינג בטעם נוגט אסם 75 גרם,"אסם תעשיות בע""מ",IL,אסם אינסטנט פודינג נ,גרמים,75.00,100 גרם,false,,5.80,0.0773,false,1,264294
7290118430452,false,מאג זכוכית דגם פריז,,,מאג זכוכית דגם פריז,יחידה,0.00,יחידה,false,,5.90,0.0000,true,1,263919
7290118430476,false,מאג זכוכית דגם אמסטר,,,מאג זכוכית דגם אמסטר,יחידה,0.00,יחידה,false,,7.90,0.0000,true,1,263920
7291044048841,false,כבל מאריך 4 3X1.5 מטר,,,כבל מאריך 4 3*1.5,יחידה,0.00,יחידה,false,,34.00,0.0000,true,1,140307
7291044048896,false,כבל מאריך יונדאי 3 מ',,,כבל מאריך 5 3*1.5,יחידה,0.00,יחידה,false,,39.00,0.0000,true,1,140309
7291044050066,false,נורה אקו ספירל,,,נורה אקו ספירל,יחידה,0.00,יחידה,false,,29.90,0.0000,true,1,144193
7291044050073,false,נורה אקו T2 ספירל WW,,,נורה אקו ספירל,יחידה,0.00,יחידה,false,,29.90,0.0000,true,1,144200
7291044066357,false,רב שקע 3 עד 1 מטר,,,רב שקע 3 עד 1 מטר,יחידה,0.00,יחידה,false,,16.90,0.0000,true,1,188963
7291044066364,false,רב שקע 4 עד 1 מטר,,IL,רב שקע 4 עד 1 מטר,יחידה,0.00,יחידה,false,,18.90,0.0000,true,1,188964
7291044066371,false,רב שקע 5 + כבל עד 1מ,,IL,רב שקע 5 עד 1 מטר,יחידה,0.00,יחידה,false,,21.00,0.0000,true,1,188965
7291044069754,false,מפצל חשמל סמיקום 1 ל-3 תפזורת,,,מפצל חשמל 1 ל-3,יחידה,0.00,יחידה,false,,7.90,0.0000,true,1,188966
7291044069761,false,מפצל חשמל 1 ל-2 סמיקום D11:D30 תפזורת,סמיקום Semicom,,מפצל חשמל 1 ל 2,יחידה,0.00,יחידה,false,,7.50,0.0000,true,1,188967
7291044081268,false,זוג נורות לד DL 10W E27 A60 SAFETY,,IL,זוג נורות לד 10 וואט,יחידה,0.00,יחידה,false,,12.90,0.0000,true,1,199650
7291044081312,false,זוג נורות לד 12 וואט,,IL,זוג נורות לד 12 וואט,יחידה,0.00,יחידה,false,,13.90,0.0000,true,1,199653
7291044094336,false,מנורות זוג 26W ספירל יונדאי,,IL,זוג נורות לד 27 15 ו,יחידה,0.00,יחידה,false,,16.90,0.0000,true,1,208415
7291044094343,false,זוג נורות לד WW 15W E27 A60 SAFETY,,IL,זוג נורות לד 27 15 ו,יחידה,0.00,יחידה,false,,16.90,0.0000,true,1,208416
7294034321078,false,חטיף דאמבל עוף לכלב,,,חטיף דאמבל עוף לכלב,גרמים,80.00,100 גרם,false,,11.00,0.1375,true,1,261196
7294034321122,false,חטיף לכלב קלציום עוף,,,חטיף לכלב קלציום עוף,גרמים,80.00,100 גרם,false,,11.00,0.1375,true,1,264307
7294034321207,false,חטיף דאמבל סושי עוף,,,חטיף דאמבל סושי עוף,גרמים,80.00,100 גרם,false,,11.00,0.1375,true,1,261890
7294034321221,false,חטיף דאמבל מקלות עוף,,,חטיף דאמבל מקלות עוף,גרמים,80.00,100 גרם,false,,11.00,0.1375,true,1,261198
7294034326677,false,חטיף לכלב מקלות ברוו,,,חטיף לכלב מקלות ברוו,גרמים,80.00,100 גרם,false,,11.00,0.1375,true,1,264308
7294034347795,false,חטיף דאמבל מיני סנדו,,,חטיף דאמבל מיני סנדו,גרמים,80.00,100 גרם,false,,11.00,0.1375,true,1,261200
7296021003790,false,מתקן לספוג כלים פלסט,נעמן,,מתקן לספוג כלים פלסט,יחידה,0.00,יחידה,false,,15.90,0.0000,true,1,157851
7296021003806,false,דיספנסר לסבון כלים עם מחזיק ספוג,נעמן,,מחזיק ספוג כלים+סבונ,יחידה,0.00,יחידה,false,,24.90,0.0000,true,1,144926
7296021040023,false,ספטולה פרפקטו,נעמן,,לקקן פרפקטו,יחידה,0.00,יחידה,false,,16.90,0.0000,true,1,195679
7296021040030,false,מברשת סיליקון 286 פר,,,מברשת סיליקון,יחידה,0.00,יחידה,false,,14.90,0.0000,true,1,145516
7296021040047,false,מקצפת ביצים פרפקטו,,,מטרפה בדיספליי,יחידה,0.00,יחידה,false,,16.90,0.0000,true,1,207444
7296021046889,false,מאג ידית אליפסה זכוכ,,,מאג ידית אליפסה זכוכ,יחידה,0.00,יחידה,false,,4.90,0.0000,true,1,158132
7296021101823,false,מחבת קרפ/פנקייק 24 ס,,,מחבת קרפ/פנקייק 24 ס,יחידה,0.00,יחידה,false,,79.90,0.0000,true,1,197079
7296021116322,false,"ספל טרמי נעמן 0.4 מ""ל",נעמן,,ספל טרמי נעמן,יחידה,0.00,יחידה,false,,14.90,0.0000,true,1,148650
7296021117305,false,פורס ביצים כפול,,,פורס ביצים כפול,יחידה,0.00,יחידה,false,,26.90,0.0000,true,1,196162
7296021120350,false,"קערת מרק 20ס""מ fine",,,"קערת מרק 20 ס""מ",יחידה,0.00,יחידה,false,,13.90,0.0000,true,1,263577
7296021121517,false,"תבנית פאי גבוהה 24.5*5 ס""מ Patisserie",נעמן,,תבנית פאי גבוהה תחתי,יחידה,0.00,יחידה,false,,36.90,0.0000,true,1,185712
7296021121524,false,"תבנית פאי 14*2.5 ס""מ Patisserie",נעמן,,תבנית פאי תבנית מתפ,יחידה,0.00,יחידה,false,,16.90,0.0000,true,1,192123
7296021129940,false,צנצנות מלח ופלפל זכו,ade,CN,צנצנות מלח ופלפל זכו,יחידה,0.00,יחידה,false,,6.90,0.0000,true,1,190558
7296021130687,false,סט 2 כוסות לאטה 330 מל זכוכית כפולה,נעמן,,סט כוסות לאטה,יחידה,0.00,יחידה,false,,44.90,0.0000,true,1,213774
7296021131394,false,סכין מולטי משוננת מ,,,"סכין מולטי 14 ס""מ",יחידה,0.00,יחידה,false,,15.90,0.0000,true,1,189977
7296021133541,false,מצקת נירוסטה ידית שח,KIS CHINA,CN,מצקת נירוסטה,יחידה,0.00,יחידה,false,,21.90,0.0000,true,1,190831
7296021133565,false,תרווד מחורץ ידית שחו,KIS CHINA,CN,תרווד מחורץ ידית שחו,יחידה,0.00,יחידה,false,,15.90,0.0000,true,1,191748
7296021133596,false,כף בישול ידית שחורה,KIS CHINA,CN,כף בישול ידית שחורה,יחידה,0.00,יחידה,false,,15.90,0.0000,true,1,194529
7296021133602,false,מועך תפוחי אדמה ידית שחורה,KIS CHINA,CN,"מועך תפ""א ידית שחורה",יחידה,0.00,יחידה,false,,15.90,0.0000,true,1,193471
7296021133619,false,כף הגשה קטנה ידית שח,,,כף הגשה קטנה ידית שח,יחידה,0.00,יחידה,false,,15.90,0.0000,true,1,191749
7296021133626,false,כף מסננת קטנה ידית ש,,,כף מסננת קטנה ידית ש,יחידה,0.00,יחידה,false,,15.90,0.0000,true,1,191750
7296021133633,false,כף פריזיאן ידית שחור,KIS CHINA,CN,כף פריזיאן ידית שחור,יחידה,0.00,יחידה,false,,9.90,0.0000,true,1,193472
7296021133640,false,גלגלת פיצה ידית שחור,KIS CHINA,CN,גלגלת פיצה גדולה ידי,יחידה,0.00,יחידה,false,,14.90,0.0000,true,1,199745
7296021133657,false,גלגלת לפיצה ובצק ידי,,,גלגלת דו ראשית לפיצה,יחידה,0.00,יחידה,false,,12.90,0.0000,true,1,204654
7296021133664,false,קולפן Y ידית שחורה נ,KIS CHINA,CN,קולפן Y ידית שחורה,יחידה,0.00,יחידה,false,,9.90,0.0000,true,1,191751
7296021133688,false,תפוחון ידית שחורה נע,,,תפוחון ידית שחורה נע,יחידה,0.00,יחידה,false,,9.90,0.0000,true,1,193473
7296021133718,false,מטרפה ידית שחורה נעמ,KIS CHINA,CN,מטרפה ידית שחורה,יחידה,0.00,יחידה,false,,10.90,0.0000,true,1,199748
7296021136030,false,קולפן Y נירוסטה קולפ,,,קולפן Y,יחידה,0.00,יחידה,false,,18.90,0.0000,true,1,194831
7296021136573,false,תרווד עץ שטוח ידית ס,,,תרווד עץ שטוח ידית ס,יחידה,0.00,יחידה,false,,15.90,0.0000,true,1,193528
7296021136580,false,כף עץ שטוח ידית סילי,,,כף עץ עם ידית סיליקו,יחידה,0.00,יחידה,false,,18.90,0.0000,true,1,193529
7296021136757,false,"תבנית קפיץ 24 ס""מ",,,"תבנית קפיץ 24 ס""מ",יחידה,0.00,יחידה,false,,42.90,0.0000,true,1,214407
7296021136771,false,"תבנית קפיץ 28 ס""מ",,,"תבנית קפיץ 28 ס""מ",יחידה,0.00,יחידה,false,,44.90,0.0000,true,1,214408
7296021136832,false,"תבנית לפיצה 35X2 ס""מ",,,תבנית לפיצה,יחידה,0.00,יחידה,false,,24.90,0.0000,true,1,213581
7296021137846,false,קולפן Y נירוסטה,,,קולפן נירוסטה,יחידה,0.00,יחידה,false,,15.90,0.0000,true,1,214405
7296021137860,false,קולפן רחב חותך לרצועות כרוב,נעמן,,חותך רצועות כרוב,יחידה,0.00,יחידה,false,,16.90,0.0000,true,1,198443
7296021141850,false,פורס ביצים יחיד,,,פורס ביצים יחיד,יחידה,0.00,יחידה,false,,13.90,0.0000,true,1,195889
7296021146435,false,"תבנית קפיץ 26 ס""מ לא",,,תבנית לאפיה קפיץ 26,יחידה,0.00,יחידה,false,,35.90,0.0000,true,1,197408
7296021146497,false,תבנית לאפיה מלבן 4*2,,,תבנית לאפייה מלבן,יחידה,0.00,יחידה,false,,23.90,0.0000,true,1,205627
7296021146572,false,תבנית לאפיה לפיצה 3*,,,תבנית לאפיה לפיצה,יחידה,0.00,יחידה,false,,24.90,0.0000,true,1,197087
7296021148446,false,כף גלידה דיספלי 24 י,,,כף גלידה,יחידה,0.00,יחידה,false,,6.90,0.0000,true,1,206383
7296021152221,false,סוחט לימון ידני פלסט,,,סוחט לימון ידני פלסט,יחידה,0.00,יחידה,false,,8.90,0.0000,true,1,198010
7296021156403,false,מרית סיליקון patiss,,,מרית סיליקון,יחידה,0.00,יחידה,false,,22.90,0.0000,true,1,218721
7296021156441,false,מברשת סיליקון patis,,,מברשת סיליקון,יחידה,0.00,יחידה,false,,22.90,0.0000,true,1,200749
7296021156526,false,קופסת אחסון זכוכית 4,,,קופסת אחסון זכוכית 4,יחידה,0.00,יחידה,false,,64.90,0.0000,true,1,205774
7296021157301,false,סט חותכני עוגיות,,,סט חותכני עוגיות,יחידה,0.00,יחידה,false,,26.90,0.0000,true,1,218682
7296021159886,false,סט שישיית סכינים לחי,,,סכין ירקות,יחידה,0.00,יחידה,false,,11.90,0.0000,true,1,203455
7296021160875,false,מספריים למטבח עם מגנ,,,מספריים למטבח עם מגנ,יחידה,0.00,יחידה,false,,19.90,0.0000,true,1,204631
7296021161520,false,קופסה מלבן זכוכית,,,קופסה מלבן זכוכית,יחידה,0.00,יחידה,false,,13.90,0.0000,true,1,205794
7296021161544,false,קופסאת אחסון זכוכית,,,קופסה מלבן זכוכית,יחידה,0.00,יחידה,false,,32.90,0.0000,true,1,201483
7296021161551,false,קופסאת אחסון זכוכית,,,קופסה מלבן זכוכית,יחידה,0.00,יחידה,false,,45.90,0.0000,true,1,201484
7296021161568,false,קופסאת אחסון זכוכית,,,קופסה מלבן זכוכית,יחידה,0.00,יחידה,false,,15.90,0.0000,true,1,201486
7296021161599,false,קופסאת אחסון זכוכית,,,קופסה מלבן זכוכית,יחידה,0.00,יחידה,false,,44.90,0.0000,true,1,201487
7296021161605,false,קופסאת אחסון זכוכית,,,קופסה ריבוע זכוכית,יחידה,0.00,יחידה,false,,18.90,0.0000,true,1,201488
7296021161612,false,קופסאת אחסון זכוכית,,,קופסה ריבוע זכוכית,יחידה,0.00,יחידה,false,,26.90,0.0000,true,1,201485
7296021161629,false,קופסא ריבוע זכוכית,,,קופסא ריבוע זכוכית,יחידה,0.00,יחידה,false,,35.90,0.0000,true,1,202056
7296021169946,false,מלקחיים NYLON 3 צבעי,,,מלקחיים,יחידה,0.00,יחידה,false,,11.90,0.0000,true,1,206390
7296021170652,false,פותחן שימוריםפרפר ST,,,פותחן שימורים,יחידה,0.00,יחידה,false,,7.90,0.0000,true,1,207838
7296021170669,false,פותחן יין /חולץ פפקי,,,פותחן יין /חולץ פפקי,יחידה,0.00,יחידה,false,,25.90,0.0000,true,1,206073
7296021170676,false,פותחן שימורים פרפר י,KIS CHINA,CN,פותחן שימורים פרפר י,יחידה,0.00,יחידה,false,,34.90,0.0000,true,1,208910
7296021170713,false,כותש שום איכותי ZINK,,,כותש שום,יחידה,0.00,יחידה,false,,31.90,0.0000,true,1,205775
7296021170751,false,- מגרדת 4 צדדים 23.5,,,מגרדת 4 צדדים,יחידה,0.00,יחידה,false,,19.90,0.0000,true,1,219627
7296021170799,false,סוחט הדרים בינוני,,,מסחטת לימון,יחידה,0.00,יחידה,false,,31.90,0.0000,true,1,205777
7296021170805,false,סוחט הדרים ידני גדול,נעמן,,מסחטת הדרים,יחידה,0.00,יחידה,false,,39.90,0.0000,true,1,205776
7296021170836,false,מערוך עץ 30*50 אביז,,,מערוך 30*50,יחידה,0.00,יחידה,false,,34.90,0.0000,true,1,207174
7296021170867,false,פטיש שניצל,,,פטיש שניצל,יחידה,0.00,יחידה,false,,22.90,0.0000,true,1,213777
7296021170997,false,מכסה טיגון מונע התזת,נעמן,,מכסה טיגון מונע התזת,יחידה,0.00,יחידה,false,,15.90,0.0000,true,1,207448
7296021171246,false,"קערה משולשת 18 ס""מ",,,"קערה משולשת 18 ס""מ",יחידה,0.00,יחידה,false,,13.90,0.0000,true,1,219969
7296021187636,false,"כוסות מידה 250,125,80,60 מ""ל",נעמן,,כוסות מדידה,יחידה,0.00,יחידה,false,,12.90,0.0000,true,1,212277
7296021191824,false,"מחבת יציקה 28 ס""מ שח",,,"מחבת יציקה 28 ס""מ",יחידה,0.00,יחידה,false,,89.90,0.0000,true,1,218224
7296021191831,false,"מחבת יציקה 30 ס""מ שח",,,"מחבת יציקה 30 ס""מ",יחידה,0.00,יחידה,false,,94.90,0.0000,true,1,218225
7296021191855,false,מחבת יציקה גריל 28 ס,,,מחבת גריל יציקה 28 ס,יחידה,0.00,יחידה,false,,99.90,0.0000,true,1,208915
7296021228483,false,קערת אחסון עגולה פלס,,,קערת אחסון עגולה,יחידה,0.00,יחידה,false,,24.90,0.0000,true,1,212516
7296021228490,false,קערת אחסון עגולה 7.,,,קערת אחסון עגולה,יחידה,0.00,יחידה,false,,21.90,0.0000,true,1,214087
7296021228506,false,קערת אחסון עגולה,,,קערת אחסון עגולה,יחידה,0.00,יחידה,false,,16.90,0.0000,true,1,214088
7296021228513,false,קערת אחסון עגולה 5.6,,,קערת אחסון עגולה,יחידה,0.00,יחידה,false,,9.90,0.0000,true,1,214089
7296021230257,false,תבנית קוגלהוף 31.8 ס,,,תבנית קוגלהוף,יחידה,0.00,יחידה,false,,49.90,0.0000,true,1,214383
7296021230295,false,תבנית מאפינס 12 שקעי,,,תבנית מאפינס 12 שקעי,יחידה,0.00,יחידה,false,,49.90,0.0000,true,1,214389
7296021230325,false,תבנית עגולה 30 סמ PA,,,"תבנית עגולה 30 ס""מ",יחידה,0.00,יחידה,false,,29.90,0.0000,true,1,214392
7296021230356,false,תבנית אינגליש**14*3,,,תבנית אינגליש,יחידה,0.00,יחידה,false,,26.90,0.0000,true,1,214393
7296021230448,false,תפוחון - פורס תפוחים,,,פורס תפוחים,יחידה,0.00,יחידה,false,,14.90,0.0000,true,1,219615
7296021232220,false,צנצנת 2 ליטר,,,צנצנת 2 ליטר,יחידה,0.00,יחידה,false,,29.90,0.0000,true,1,214395
7296021232237,false,CANDY צנצנת 1.6 ליטר,,,צנצנת 1.6 ליטר,יחידה,0.00,יחידה,false,,27.90,0.0000,true,1,214396
7296021232244,false,CANDY צנצנת 1.2 ליטר,,,צנצנת 1.2 ליטר,יחידה,0.00,יחידה,false,,24.90,0.0000,true,1,214397
7296021232251,false,צנצנת נעמן.,נעמן,,"צנצנת 750 מ""ל",יחידה,0.00,יחידה,false,,22.90,0.0000,true,1,216560
7296021255366,false,"סט מאג 250 מ""ל",,,"סט מאג 250 מ""ל",יחידה,0.00,יחידה,false,,39.90,0.0000,true,1,259874
7296021256158,false,מרחן זווית 15 סמ נעמ,,,מרחן זווית 15 סמ נעמ,יחידה,0.00,יחידה,false,,9.90,0.0000,true,1,259602
7296021256745,false,הופכן סיליקון אפור 2,,,הופכן סיליקון אפור 2,יחידה,0.00,יחידה,false,,19.90,0.0000,true,1,219972
7296021256776,false,כף לבישול סיליקון אפ,,,כף לבישול סיליקון,יחידה,0.00,יחידה,false,,19.90,0.0000,true,1,218686
7296021262593,false,כפפת נקיון עם מברשת,,,כפפת נקיון עם מברשת,יחידה,0.00,יחידה,false,,15.90,0.0000,true,1,263579
7296021262661,false,"קערת הגשה 22.5 ס""מ",,,"קערת הגשה 22.5 ס""מ",יחידה,0.00,יחידה,false,,17.90,0.0000,true,1,263580
7296021263057,false,תבנית מלבנית עם ידיו,,,תבנית מלבנית עם ידיו,יחידה,0.00,יחידה,false,,17.90,0.0000,true,1,263581
7296021263415,false,תבנית אפייה מלבנית ע,,,תבנית אפייה מלבנית ע,יחידה,0.00,יחידה,false,,49.90,0.0000,true,1,218726
7296021263446,false,תבנית אפייה מרובעת ע,,,תבנית אפייה מרובעת ע,יחידה,0.00,יחידה,false,,36.90,0.0000,true,1,218727
7296021263453,false,תבנית אפייה אינגליש,,,תבנית אפייה אינגליש,יחידה,0.00,יחידה,false,,39.90,0.0000,true,1,219617
7296021263460,false,תבנית אפייה לחם 24.5,,,תבנית אפייה לחם,יחידה,0.00,יחידה,false,,32.90,0.0000,true,1,219618
7296021263644,false,תבנית זכוכית מלבנית,,,תבנית זכוכית מלבנית,יחידה,0.00,יחידה,false,,39.90,0.0000,true,1,261872
7296021265099,false,מארז 2 קורצנים לעוגי,,,מארז 2 קורצנים לעוגי,יחידה,0.00,יחידה,false,,13.90,0.0000,true,1,264375
7296021265105,false,סט קורצני עוגיות בצו,,,מארז 2 קורצנים לעוגי,יחידה,0.00,יחידה,false,,13.90,0.0000,true,1,264376
7296021265952,false,"מחבת 24 ס""מ",,,"מחבת 24 ס""מ",יחידה,0.00,יחידה,false,,44.90,0.0000,true,1,263769
7296021265976,false,"מחבת 28 ס""מ",,,"מחבת 28 ס""מ",יחידה,0.00,יחידה,false,,59.90,0.0000,true,1,263771
7296021265990,false,"סיר 20 ס""מ 3 ליטר",,,"סיר 20 ס""מ 3 ליטר",יחידה,0.00,יחידה,false,,54.90,0.0000,true,1,263773
7296021266676,false,"מסננת ידית עץ 8 ס""מ פרפקטו",נעמן,,"מסננת 8 ס""מ",יחידה,0.00,יחידה,false,,12.90,0.0000,true,1,219620
7296021266690,false,מסננת ידית עץ פרפקטו,,,"מסננת 15 ס""מ",יחידה,0.00,יחידה,false,,21.90,0.0000,true,1,219622
7296021266706,false,"מסננת ידית עץ 20 ס""מ",,,"מסננת 20 ס""מ",יחידה,0.00,יחידה,false,,24.90,0.0000,true,1,219623
7296021266713,false,מסננת ידית עץ פרפקטו,,,"מסננת 22 ס""מ",יחידה,0.00,יחידה,false,,26.90,0.0000,true,1,219624
7296021266744,false,קולפן נירוסטה פרפקטו,,,קולפן נירוסטה פרפקטו,יחידה,0.00,יחידה,false,,7.90,0.0000,true,1,261024
7296021266836,false,סט כף ותרווד עץ פרפק,,,כף ותרווד עץ,יחידה,0.00,יחידה,false,,10.90,0.0000,true,1,262642
7296021267055,false,סיר 1.8 ליטר,,,סיר 1.8 ליטר,יחידה,0.00,יחידה,false,,54.90,0.0000,true,1,263776
7296021268328,false,פרייבט שף מארז מגבות,,,מארז מגבות מטבח 40/6,יחידה,0.00,יחידה,false,,24.90,0.0000,true,1,261025
7296021268335,false,פרייבט שף - מארז מגב,,,מארז מגבות מטבח 40/6,יחידה,0.00,יחידה,false,,24.90,0.0000,true,1,261026
7296021268403,false,קנקן תה 1 ליטר,,,קנקן תה 1 ליטר,יחידה,0.00,יחידה,false,,49.90,0.0000,true,1,219973
7296021271458,false,קרש חיתוך,,,קרש חיתוך,יחידה,0.00,יחידה,false,,26.90,0.0000,true,1,263848
7296021271564,false,מאג 385 מל 4 עיצובים,,,מאג פורצלן,יחידה,0.00,יחידה,false,,11.90,0.0000,true,1,261875
7296021271892,false,רשת צלייה וסינון שמן,,,רשת צליה וסינון שמן,יחידה,0.00,יחידה,false,,69.90,0.0000,true,1,261856
7296021276637,false,כפית שחור סט שישייה,,,סט 6 כפיות שחור,יחידה,0.00,יחידה,false,,21.90,0.0000,true,1,263582
7296021280405,false,"מלחייה מרובעת 130 מ""",,,"מלחייה מרובעת 130 מ""",יחידה,0.00,יחידה,false,,11.90,0.0000,true,1,263583
7296021280412,false,"מלחייה עגולה 78 מ""ל",,,"מלחייה עגולה 78 מ""ל",יחידה,0.00,יחידה,false,,9.90,0.0000,true,1,263584
7296021280733,false,תרמוס 500 מל אפור GL,,,"תרמוס 500 מ""ל אפור",יחידה,0.00,יחידה,false,,29.90,0.0000,true,1,263200
7296021280740,false,תרמוס 1 ליטר שחור,,,תרמוס 1 ליטר שחור,יחידה,0.00,יחידה,false,,39.90,0.0000,true,1,263201
7296021282621,false,"מסננת נירוסטה 24 ס""מ",,,מסננת נירוסטה,יחידה,0.00,יחידה,false,,25.90,0.0000,true,1,193732
7296021285509,false,"מאג עיצובים 345 מ""ל",,,"מאג עיצובים 345 מ""ל",יחידה,0.00,יחידה,false,,12.90,0.0000,true,1,264037
7296021285530,false,מאג עיצובים,,,מאג עיצובים,יחידה,0.00,יחידה,false,,12.90,0.0000,true,1,264378
7296021393891,false,תרווד מיני נירוסטה,,,תרווד מיני נירוסטה,יחידה,0.00,יחידה,false,,10.90,0.0000,true,1,227783
7296021409554,false,מועך שום אלומיניום,,,מועך שום אלומיניום,יחידה,0.00,יחידה,false,,14.90,0.0000,true,1,145492
7296021417023,false,סט סכינים,,,סט סכינים,יחידה,0.00,יחידה,false,,19.90,0.0000,true,1,145521
7296021417054,false,סט 6 כפיות דגם סתיו,נעמן,,סט כפיות פרפקטו,יחידה,0.00,יחידה,false,,17.90,0.0000,true,1,134405
7296021417061,false,סט מזלגות לעוגה,,,סט מזלגות לעוגה,יחידה,0.00,יחידה,false,,15.90,0.0000,true,1,145509
7296021417085,false,סט 3 כפיות ארוכות דגם סתיו,נעמן,,כפית לימונדה שלישיה,יחידה,0.00,יחידה,false,,17.90,0.0000,true,1,145493
7296021602115,false,מלקחיים נירוסטה,,,מלקחיים נירוסטה,יחידה,0.00,יחידה,false,,7.90,0.0000,true,1,141766
7296021615559,false,כף לסלט מיני נירוסטה,,,כף מיני נירוסטה,יחידה,0.00,יחידה,false,,10.90,0.0000,true,1,228009
7296021615566,false,כף מחורצת מיני נירוס,,,כף מחורצת מיני נירוס,יחידה,0.00,יחידה,false,,10.90,0.0000,true,1,228010
7296021615597,false,מצקת מיני נירוסטה,,,מצקת מיני נירוסטה,יחידה,0.00,יחידה,false,,10.90,0.0000,true,1,228012
7296021625015,false,כפות סתיו שישיה,,,סט כפות שישיה,יחידה,0.00,יחידה,false,,28.90,0.0000,true,1,145510
7296021625022,false,סט 6 מזלגות דגם סתיו,נעמן,,סט מזלגות שישיה,יחידה,0.00,יחידה,false,,28.90,0.0000,true,1,145511
7296021645235,false,כלי לאביזרים לשימוש,נעמן,,כלי לאביזרים לשימוש,יחידה,0.00,יחידה,false,,16.90,0.0000,true,1,158641
7296021655739,false,"נפת קמח עם ידית קפיצית 9.6 ס""מ",נעמן,,נפה לקמח נירוסטה,יחידה,0.00,יחידה,false,,29.90,0.0000,true,1,158711
7296021669507,false,מזרק לעוגה+אביזרים patisserie,נעמן,,מזרק לעוגה + אביזרים,יחידה,0.00,יחידה,false,,21.90,0.0000,true,1,143857
7296049016024,false,קרש סטייק במבוק לקיט,,,קרש סטייק במבוק לקיט,יחידה,0.00,יחידה,false,,69.90,0.0000,true,1,262977
7296049224405,false,שרותון מרובע ראטן לב,,,שרותון מרובע ראטן לב,יחידה,0.00,יחידה,false,,34.90,0.0000,true,1,214573
7296049225648,false,כף מסננת שחור לקיטשן,,CN,כף מסננת שחור לקיטשן,יחידה,0.00,יחידה,false,,18.90,0.0000,true,1,262979
7296049258820,false,דן מסחטה,,,מסחטה,יחידה,0.00,יחידה,false,,8.90,0.0000,true,1,262602
7296049259117,false,"דן סט 3 קופסאות מהודרות 1000 סמ""ק",,,סט 3 קופסאות מהודרות,יחידה,0.00,יחידה,false,,12.90,0.0000,true,1,262600
7296049259124,false,"דן סט 3 קופסאות מהודרות 1200 סמ""ק",,,סט 3 קופסאות מהודרות,יחידה,0.00,יחידה,false,,14.90,0.0000,true,1,262601
7296051099015,false,מצת אלקטרונית לגז בצבעים,,,מצית לגז,יחידה,0.00,יחידה,false,,6.90,0.0000,true,1,212726
7296051103514,false,מצת מלבני מטלי בדיספ,,,מצת מלבני מטלי בדיספ,יחידה,0.00,יחידה,false,,9.90,0.0000,true,1,264388
7296058000373,false,פריכיות דקות אורז מלא פרח 100גר,פרח תעשיות,IL,פריכיות אורז מלא,גרמים,100.00,100 גרם,false,,6.20,0.0620,true,1,144572
7296058000526,false,פרח פרכיות כוסמת 130 גרם,פרח תעשיות,IL,פרכיות פרח כוסמת 130,גרמים,130.00,100 גרם,false,,7.90,0.0608,true,1,149648
7296058110010,false,"פריכיות אורז פרח כשל""פ 110 גר'",פרח תעשיות,IL,פריכיות אורז פרח,גרמים,110.00,100 גרם,false,,4.90,0.0445,true,1,217286
7296058110041,false,פריכיות תירס ואורז פרח 110 גר',,,פריכיות אורז מלא ותי,גרמים,110.00,100 גרם,false,,4.90,0.0445,true,1,264149
7296073431862,false,עוגת מאפין שוקו וניל,,,עוגת מאפין שוקו וניל,גרמים,550.00,100 גרם,false,,18.90,0.0344,true,1,218039
7296073431879,false,עוגת מאפין שוקו צ'יפ,,,עוגת מאפין שוקו צ'יפ,גרמים,550.00,100 גרם,false,,18.90,0.0344,true,1,218040
7296073431886,false,עוגת מאפין בטעם שוקו,,,עוגת מאפין בטעם שוקו,גרמים,550.00,100 גרם,false,,18.90,0.0344,true,1,218041
7296073431893,false,עוגת מאפין אגוזים,,,עוגת מאפין אגוזים,גרמים,550.00,100 גרם,false,,18.90,0.0344,true,1,218042
7296073431909,false,עוגת מאפין תפוח עץ,,,עוגת מאפין תפוח עץ,גרמים,550.00,100 גרם,false,,18.90,0.0344,true,1,218043
7296073431916,false,עוגת מאפין בטעם תפוז,,,עוגת מאפין בטעם תפוז,גרמים,550.00,100 גרם,false,,18.90,0.0344,true,1,218044
7296082000066,false,ביצה פלוס L תריסר,,,ביצה פלוס L תריסר,יחידה,0.00,יחידה,false,,22.50,0.0000,true,1,190400
7296082000080,false,ביצי חופש תריסר,המכון למיון ושיווק ב,IL,ביצי חופש תריסר,יחידה,0.00,יחידה,false,,22.90,0.0000,true,1,135804
7296082000134,false,ביצים רגילות לארג' 1,המכון למיון ושיווק ב,IL,ביצים גדול L,יחידה,0.00,יחידה,false,,12.05,0.0000,false,1,116761
7296082000141,false,ביצים רגילות מדיום 1,המכון למיון ושיווק ב,IL,ביצים בינוני M,יחידה,0.00,יחידה,false,,11.15,0.0000,false,1,121485
7296082000165,false,ביצים אורגניות תריסר,המכון למיון ושיווק ב,IL,ביצים אורגניות תריסר,יחידה,0.00,יחידה,false,,22.90,0.0000,true,1,135805
7296082000172,false,ביצה פלוס אומגה M 30,,,ביצה פלוס 30 יח' M,יחידה,0.00,יחידה,false,,34.90,0.0000,false,1,190429
7296082000189,false,ביצה פלוס אומגה L 30,,,ביצה פלוס 30 יח' L,יחידה,0.00,יחידה,false,,37.90,0.0000,true,1,190532
7296089001752,false,בדיקת קורונה 5 יח' ORIENT/ECOTEST,,,בדיקת אנטיגן מהירה 5,יחידה,0.00,יחידה,false,,39.90,0.0000,false,1,261122
7296089001790,false,בדיקת אנטיגן מהירה 5,,,בדיקת אנטיגן מהירה 5,יחידה,0.00,יחידה,false,,39.90,0.0000,true,1,263091
7296179006247,false,לק עמיד שיק 495,,,לק עמיד 495,מיליליטרים,17.00,"מ""ל",false,,11.90,0.7000,true,1,186184
7296179006285,false,לק עמיד 308,,,לק עמיד 308,מיליליטרים,17.00,"מ""ל",false,,11.90,0.7000,true,1,186186
7296179007398,false,מסיר לק אלוורה ירוק,,,מסיר לק אלוורה,מיליליטרים,100.00,"100 מ""ל",false,,13.90,0.1390,true,1,109934
7296179007411,false,מסיר לק ללא אצטון ורוד,,,מסיר לק ללא אציטון,מיליליטרים,100.00,"100 מ""ל",false,,13.90,0.1390,true,1,109935
7296179007916,false,קרם גוף חלב וניל,,,קרם גוף חלב וניל,מיליליטרים,0.00,"מ""ל",false,,21.90,0.0000,true,1,114007
7296179008012,false,לק עמיד 463,,,לק עמיד 463,מיליליטרים,17.00,"מ""ל",false,,11.90,0.7000,true,1,186191
7296179008043,false,לק עמיד 485,,,לק עמיד 485,מיליליטרים,17.00,"מ""ל",false,,11.90,0.7000,true,1,186194
7296179008333,false,לק עמיד שיק 506,,,לק עמיד 506,מיליליטרים,17.00,"מ""ל",false,,11.90,0.7000,true,1,186200
7296179010046,false,לק עמיד 005,,,לק עמיד 005,מיליליטרים,17.00,"מ""ל",false,,11.90,0.7000,true,1,186110
7296179010312,false,לק עמיד 032,,,לק עמיד 032,מיליליטרים,17.00,"מ""ל",false,,11.90,0.7000,true,1,186118
7296179010930,false,לק עמיד 094,,,לק עמיד 094,מיליליטרים,17.00,"מ""ל",false,,11.90,0.7000,true,1,186144
7296179011142,false,לק עמיד 237,,,לק עמיד 237,מיליליטרים,17.00,"מ""ל",false,,11.90,0.7000,true,1,186146
7296179011180,false,לק עמיד 258,,,לק עמיד 258,מיליליטרים,17.00,"מ""ל",false,,11.90,0.7000,true,1,186147
7296179011210,false,לק עמיד 238,,,לק עמיד 238,מיליליטרים,17.00,"מ""ל",false,,11.90,0.7000,true,1,186149
7296179011234,false,לק עמיד 279,,,לק עמיד 279,מיליליטרים,17.00,"מ""ל",false,,11.90,0.7000,true,1,186208
7296179011333,false,לק עמיד 102,,,לק עמיד 102,מיליליטרים,17.00,"מ""ל",false,,11.90,0.7000,true,1,186151
7296179011654,false,לק עמיד 223,,,לק עמיד 223,מיליליטרים,17.00,"מ""ל",false,,11.90,0.7000,true,1,186159
7296179011685,false,לק עמיד 245,,,לק עמיד 245,מיליליטרים,17.00,"מ""ל",false,,11.90,0.7000,true,1,186160
7296179011715,false,לק עמיד 214,,,לק עמיד 214,מיליליטרים,17.00,"מ""ל",false,,11.90,0.7000,true,1,186161
7296179011722,false,לק עמיד 215,,,לק עמיד 215,מיליליטרים,17.00,"מ""ל",false,,11.90,0.7000,true,1,186162
7296179011777,false,לק עמיד 268,,,לק עמיד 268,מיליליטרים,17.00,"מ""ל",false,,11.90,0.7000,true,1,186211
7296179011791,false,מחזק ציפורניים סגול,,,מחזק ציפורניים סגול,מיליליטרים,0.00,"מ""ל",false,,25.90,0.0000,true,1,127304
7296179011968,false,לק עמיד 284,,,לק עמיד 284,מיליליטרים,17.00,"מ""ל",false,,11.90,0.7000,true,1,186212
7296179012064,false,לק עמיד 251,,,לק עמיד 251,מיליליטרים,17.00,"מ""ל",false,,11.90,0.7000,true,1,186166
7296179012095,false,לק עמיד 275,,,לק עמיד 275,מיליליטרים,17.00,"מ""ל",false,,11.90,0.7000,true,1,186220
7296179012149,false,לק עמיד 301,,,לק עמיד 301,מיליליטרים,17.00,"מ""ל",false,,11.90,0.7000,true,1,186224
7296179012194,false,לק עמיד 054,,,לק עמיד 054,מיליליטרים,17.00,"מ""ל",false,,11.90,0.7000,true,1,186168
7296179012248,false,לק עמיד 435,,,לק עמיד 435,מיליליטרים,17.00,"מ""ל",false,,11.90,0.7000,true,1,186229
7296179012699,false,לק עמיד 420,,,לק עמיד 420,מיליליטרים,17.00,"מ""ל",false,,11.90,0.7000,true,1,186234
7296179014778,false,לק עמיד שיק 115,,,לק עמיד 115,מיליליטרים,17.00,"מ""ל",false,,11.90,0.7000,true,1,186171
7296179014969,false,לק עמיד 255,,,לק עמיד 255,מיליליטרים,17.00,"מ""ל",false,,11.90,0.7000,true,1,186172
7296179020007,false,חמאת גוף לבנדר שיק,,,חמאת גוף לבנדר שיק,מיליליטרים,0.00,"מ""ל",false,,25.90,0.0000,true,1,113313
7296179021004,false,לק עמיד 413,,,לק עמיד 413,מיליליטרים,17.00,"מ""ל",false,,11.90,0.7000,true,1,186240
7296179021042,false,לק עמיד 111,,,לק עמיד 111,מיליליטרים,17.00,"100 מ""ל",false,,11.90,0.7000,true,1,186175
7296179021769,false,מידנייט WHITE דאודורנט ספריי 187 מל,חלאבין,IL,דאודורנט ספריי,מיליליטרים,150.00,"100 מ""ל",false,,18.90,0.1260,true,1,200432
7296179022759,false,"חמאת גוף 350 מ""ל שיק",,,חמאת גוף SWEET CHIC,מיליליטרים,350.00,"100 מ""ל",false,,25.90,0.0740,true,1,190395
7296179022766,false,"חמאת גוף 350 מ""ל שיק",,,חמאת גוף PURE CHIC,מיליליטרים,350.00,"100 מ""ל",false,,25.90,0.0740,true,1,190396
7296179024593,false,מסיר לק לבן קוקוס,,,"מסיק לק לבן 100 מ""ל",מיליליטרים,100.00,"100 מ""ל",false,,9.90,0.0990,true,1,201847
7296179029642,false,מידנייט WILD דאודורנט רול און 80 מל,חלאבין,IL,דאודורנט רול און mid,מיליליטרים,80.00,"100 מ""ל",false,,16.90,0.2112,true,1,207493
7296179029659,false,מידנייט WILD קרם גוף 275 מל,חלאבין,IL,קרם גוף mid night,מיליליטרים,275.00,"100 מ""ל",false,,28.90,0.1051,true,1,207494
7297028139635,false,גוזיות נשים סנטוני עם כיווצים ופס רחב למטה,,,גוזיה,יחידה,0.00,יחידה,false,,25.90,0.0000,true,1,205789
7297028148262,false,גרביים.,,,גרביים.,יחידה,0.00,יחידה,false,,12.90,0.0000,true,1,213613
7297028160622,false,גרבי נשים במבוק (3) שחור/לבן,,,גרביים,יחידה,0.00,יחידה,false,,15.90,0.0000,true,1,210832
7297028165689,false,טייץ נשים,,,טייץ נשים,יחידה,0.00,יחידה,false,,39.90,0.0000,true,1,217882
7297028178146,false,קרסוליות ספורט שלישי,,,קרסוליות ספורט שלישי,יחידה,0.00,יחידה,false,,15.90,0.0000,true,1,262989
7297028183102,false,גוזיה,,,גוזיה,יחידה,0.00,יחידה,false,,25.90,0.0000,true,1,262992
7297028184222,false,תחתון נשים,,,תחתון נשים,יחידה,0.00,יחידה,false,,15.90,0.0000,true,1,261727
7297028184246,false,תחתון נשים,,,תחתון נשים,יחידה,0.00,יחידה,false,,15.90,0.0000,true,1,261726
7297028185755,false,שלישיית גרבי במבוק,,,שלישיית גרבי במבוק,יחידה,0.00,יחידה,false,,17.90,0.0000,true,1,262764
7297028185885,false,קרסוליות נשים,,,קרסוליות נשים,יחידה,0.00,יחידה,false,,15.90,0.0000,true,1,263725
7297028190469,false,קרסוליות נשים שלישיי,,,קרסוליות נשים שלישיי,יחידה,0.00,יחידה,false,,15.90,0.0000,true,1,263217
7297028190476,false,קרסוליות שלישייה,,,קרסוליות שלישייה,יחידה,0.00,יחידה,false,,15.90,0.0000,true,1,263218
7297028192623,false,גוזיה,,,גוזיה,יחידה,0.00,יחידה,false,,25.90,0.0000,true,1,264366
7297028193064,false,גרבי שניל מחממות שלי,,,גרבי שניל מחממות שלי,יחידה,0.00,יחידה,false,,19.90,0.0000,true,1,264367
7297028193491,false,תחתון נשים,,,תחתון נשים,יחידה,0.00,יחידה,false,,15.90,0.0000,true,1,264193
7297307070307,false,שלישית מגבות מטבח,,,שלישית מגבות מטבח,יחידה,0.00,יחידה,false,,24.90,0.0000,true,1,185449
7297391112976,false,גרבי חילות,,,גרבי חילות,יחידה,0.00,יחידה,false,,7.50,0.0000,true,1,198752
7297478003982,false,עקביות,,,עקביות,יחידה,0.00,יחידה,false,,12.90,0.0000,true,1,213650
7297478008857,false,שלישיית גרבי נשים לח,,,שלישיית גרביי פרווה,יחידה,0.00,יחידה,false,,19.90,0.0000,true,1,149824
7297488097995,false,גרנולה דבש ללא גלוטן 250 גרם דגש,תות תעשיות מזון (201,IL,דגש גרנולה דבש 250 ג,גרמים,250.00,100 גרם,false,,14.90,0.0596,true,1,206989
7297488098015,false,גרנולה קרנץ' עם שוקולד צ'יפס מריר ללא גלוטן 250 גרם דגש,תות תעשיות מזון (201,IL,דגש גרנולה קרנצ'י שו,גרמים,250.00,100 גרם,false,,14.90,0.0596,true,1,206323
7297488098152,false,דגש קמח חומוס ללא גל,אף.סי תבליני בגליל ב,IL,דגש קמח חומוס,גרמים,500.00,100 גרם,false,,15.90,0.0318,true,1,206124
7297488098169,false,דגש קמח תירס ללא גלו,"תבליני העליון בע""מ",IL,דגש קמח תירס 500 גר',גרמים,500.00,100 גרם,false,,9.90,0.0198,true,1,206984
7297488098183,false,קמח אורז לבן ללא גלו,"תבליני העליון בע""מ",IL,דגש קמח אורז 500 גר',גרמים,500.00,100 גרם,false,,9.90,0.0198,true,1,206985
7297488098299,false,קמח טפיוקה ללא גלוטן,אף סי תבליני הגליל ב,IL,קמח טפיוקה דגש 500 ג,גרמים,500.00,100 גרם,false,,8.90,0.0178,true,1,204514
7297488098305,false,קמח שקדים ללא גלוטן,תות תעשיות מזון (201,IL,קמח שקדים דגש 250 גר,גרמים,250.00,100 גרם,false,,25.90,0.1036,true,1,204541
7297488199620,false,פצפוצי אורז מלא תפוח ללא גלוטן,דגש- דוכן גן שמואל,FR,פצפוצי אורז מלא ללא,גרמים,450.00,100 גרם,false,,21.00,0.0467,true,1,205599
7297488199682,false,קמח כוסמת ללא גלוטן,תות תעשיות מזון (201,IL,דגש קמח כוסמת 500 גר,גרמים,500.00,100 גרם,false,,14.90,0.0298,true,1,206994
7297488199781,false,דגש קניידל מיקס 130 גרם,"חיים טובים מזון בע""מ",FR,קניידלך דגש,גרמים,130.00,100 גרם,false,,17.90,0.1377,true,1,206321
7312040017683,false,"אבסולוט וודקה, 700 מ''ל","איי, בי, אינבוו",SE,"וודקה אבסולוט 700 מ""",מיליליטרים,700.00,"100 מ""ל",false,,59.90,0.0856,false,1,142383
7321011040308,false,דוני 20 מפיות תלת שכבתי חלקות,דוני,SE,מפיות דוני 20 יח',יחידה,0.00,יחידה,false,,7.00,0.0000,true,1,128793
7321011040629,false,דוני 20מפיות תלת שכבתי צבעים שונים,דוני,SE,מפיות ניר תלת שכבתי,יחידה,0.00,יחידה,false,,7.00,0.0000,true,1,110926
7321011404070,false,דוני 20מפיות מעוטרות תלת שכבתי צבעים,דוני,SE,מפיות ניר תלת שכבתי,יחידה,0.00,יחידה,false,,10.90,0.0000,true,1,115114
7321011504589,false,דוני 20 מפיות קוקטיי,,,דוני 20 מפיות קוקטיי,יחידה,0.00,יחידה,false,,6.00,0.0000,true,1,172517
7350022390386,false,קקאו הולנדי ואן האוטן 125 גרם,וואן האוטן,,קקאו ואן הוטן,גרמים,125.00,100 גרם,false,,13.50,0.1080,true,1,137269
7394376615825,false,"אוטלי משקה שיבולת שועל בתוספת סידן וויטמינים , 1 ל'",טרנסומס פוד,SE,אוטלי משקה שיבולת שו,מיליליטרים,1000.00,"100 מ""ל",false,,13.90,0.0139,true,1,213553
7394376616778,false,אוטלי משקה שיבולת שועל להקצפה בריסטה 1 ליטר,טרנסומס פוד,SE,אוטלי משקה שיבולת שו,מיליליטרים,1000.00,"100 מ""ל",false,,15.90,0.0159,true,1,213555
7394376620294,false,משקה אוטלי שיבולת שועל וניל 1ליטר,איי אם פי אס איי תעש,NL,משקה שיבולת שועל בטע,ליטרים,1000.00,ליטר,false,,15.90,0.0159,true,1,263895
7501013122039,false,ג'ומקס מיץ מנגו קרטונית ליטר תריסר,חומקס קומר קומרסאליז,MX,ג'ומקס נקטר מנגו קרט,ליטרים,1.00,ליטר,false,,8.90,8.9000,true,1,209611
7501013122053,false,ג'ומקס מיץ אפרסק קרטונית ליטר תריסר,חומקס קומר קומרסאליז,MX,ג'ומקס נקטר אפרסק קר,ליטרים,1.00,ליטר,false,,8.90,8.9000,true,1,209609
7501013122114,false,"נקטר משקה אננס בקרטונית ג'ומקס, 1 ל'",חומקס קומר קומרסאליז,MX,ג'ומקס אננס קרטונית,ליטרים,1.00,ליטר,false,,8.90,8.9000,true,1,209610
7501013122190,false,ג'ומקס מיץ תפוחים קרטונית ליטר תריסר,חומקס קומר קומרסאליז,MX,ג'ומקס תפוחים קרטוני,ליטרים,1.00,ליטר,false,,8.90,8.9000,true,1,209612
7501013138184,false,משקה יוניקו פרסקו חמוציות קרטונית 1 ליטר,חומקס קומר קומרסאליז,MX,נקטר חמוציות יוניקו,ליטרים,1.00,ליטר,false,,10.90,10.9000,false,1,209739
7501049936945,false,"בירה סול שישייה בקבוק 330 מ""ל",היינקן,NL,בירה סול שישייה 330,מיליליטרים,1980.00,"100 מ""ל",false,,32.90,0.0166,false,1,212642
7501064191398,false,שישיית בירה קורונה אקסטרא *355 מל,קריניציה ויטמינה אס,MX,שישיית בירה קורונה -,ליטרים,2.13,ליטר,false,,34.90,16.3850,false,1,207069
7503012779306,false,סירופ אגבה כחולה 100% 330 גרם נטורפוד,נוטריגבאס דה מקסיקו,MX,סירופ אגבה 330מל,מיליליטרים,330.00,"100 מ""ל",false,,17.90,0.0542,true,1,135667
7503012779405,false,סירופ אגבה כחולה – נטורפוד (גדול),נוטריאגבס דה מקסיקו,MX,סירופ אגבה כחולה אור,גרמים,660.00,100 גרם,false,,29.90,0.0453,true,1,189539
7509546061672,false,דאודורנט סטיק אקסטרים אינטנס,קולגייט פלמוליב,US,ספיד סטיק אקסטרים סט,גרמים,50.00,100 גרם,false,,19.90,0.3980,true,1,263534
7509546063515,false,ליידי ספיד סטיק -סטיק פרו 5 ספריי 150 מל,קולגייט פלמוליב,MX,ליידי ספיד סטיק פרו,מיליליטרים,150.00,"100 מ""ל",false,,14.90,0.0993,true,1,263782
7509546663135,false,קולגייט משחת שיניים זירו פפרמינט 98 מל,CP-Poland swidnica,PL,קולגייט זירו משחת שי,מיליליטרים,98.00,"100 מ""ל",false,,29.90,0.3051,true,1,216035
7509546666846,false,"קולגייט טוטאל משחת שיניים פחם 75 מ""ל",קולגייט פלמוליב,PL,קולגייט טוטאל משחת ש,מיליליטרים,75.00,"100 מ""ל",false,,19.90,0.2653,true,1,218500
7509546678702,false,קולגייט משחת שיניים טוטל אנטי טרטר 100 מ,קולגייט-פלמוליב,PL,קולגייט משחת שיניים,מיליליטרים,100.00,"100 מ""ל",false,,16.90,0.1690,true,1,263341
7610008059073,false,טבלת שוקולד רגוסה קלאסי עם שקדים 100 גר,RAGUSA,CH,טבלת רגוסה קלאסי,גרמים,100.00,100 גרם,false,,14.90,0.1490,true,1,215253
7610008059080,false,טבלת שוקולד רגוסה מריר עם שקדים 100 גר,RAGUSA,CH,טבלת רגוסה מריר,גרמים,100.00,100 גרם,false,,14.90,0.1490,true,1,215254
7610008059103,false,טבלת שוקולד טורינו חלב 100 גר,קמיל בלוך,CH,שוקולד טורינו 100 גר,גרמים,100.00,100 גרם,false,,14.90,0.1490,true,1,215602
7610023050215,false,פמיליה קראנץ' איקס תערובת דגנים פריכים בתוספת צימוקים ואגוזי לוז 500 גרם,פמיליה familia,CH,"מיזלי ""קראנצ איקס 50",גרמים,500.00,100 גרם,false,,25.90,0.0518,true,1,111291
7610100034084,false,שפורפרת מיונז טומי 265 גרם,נסטלה שוויץ ס.א,CH,מיונז טומי 265 גר',גרמים,265.00,100 גרם,false,,12.90,0.0487,true,1,196765
7610113000175,false,"רום בקרדי מוחיטו 700 מ""ל",בקרדי מרטיני,DE,בקרדי מוחיטו,מיליליטרים,700.00,"100 מ""ל",false,,74.90,0.1070,true,1,202596
7610113011652,false,בריזר - משקה כוהלי מוגז בטעם תפוח,בקרדי בריזר Bacardi Breezer,BE,בקרדי בריזר מוגז בטע,מיליליטרים,275.00,"100 מ""ל",false,,12.90,0.0469,false,1,213238
7610211130903,false,סוכרזית הרמזית 800+2,מרום את קונפינו,CH,הרמזית 800 יח,גרמים,11.80,100 גרם,false,,29.90,2.5339,true,1,261028
7610243004463,false,"דורגול - מרסס להסרת אבנית במקלחון 600 מ""ל",יעקבי- דורגול Durgol,CH,דורגול מרסס,מיליליטרים,500.00,"100 מ""ל",false,,21.90,0.0438,true,1,119509
7610400010481,false,לינדט אקסלנס שוקולד חלב 100 גרם,לינדט ושפרונגלי קילש,CH,שוקולד חלב לינדט 100,גרמים,100.00,100 גרם,false,,15.00,0.1500,true,1,98546
7610400014632,false,שוקולד לינדור בודד וואיט 100 ג',לינדט Lindt,CH,שוקולד לינדט לבן,גרמים,100.00,100 גרם,false,,15.00,0.1500,true,1,121297
7610400014649,false,לינדור קוביות במילוי קרם שוקולד חלב 100 גרם,לינדט ושפרונגלי קילש,CH,שוקולד לינדט במילוי,גרמים,100.00,100 גרם,false,,15.00,0.1500,true,1,98550
7610400068369,false,שוקולד חלב במילוי קרם אגוזים,לינדט ושפרונגלי,CH,שוקולד לינדור אגוזים,גרמים,100.00,100 גרם,false,,15.00,0.1500,true,1,121298
7610400068505,false,לינדט לינדור בונבוניירה שוקולד חלב 200 גרם,לינדט ושפרונגלי קילש,CH,לינדור בונבונירה חלב,גרמים,200.00,100 גרם,false,,29.90,0.1495,false,1,120556
7610400068529,false,לינדט לינדור בונבוניירה כדורי שוקולד מטעמים 200 גרם,לינדט ושפרונגלי קילש,CH,לינדור בונבו' אסורטד,גרמים,200.00,100 גרם,false,,29.90,0.1495,false,1,98554
7610400070577,false,לינדט אקסלנס שוקולד צ'ילי 100 גרם,לינדט Lindt,CH,שוקולד לינדט אקסלנס,גרמים,100.00,100 גרם,false,,15.00,0.1500,true,1,150633
7610400074155,false,לינדט לינדור קוביות במילוי קרם שוקולד 60% מוצקי קקאו 100 גרם,לינדט ושפרונגלי קילש,CH,שוקולד לינדור 60% קק,גרמים,100.00,100 גרם,false,,15.00,0.1500,true,1,121299
7610400075770,false,לינדט לה גרנד שוקולד מריר אגוז 150 גרם,לינדט ושפרונגלי,CH,לינדט מריר אגוזים 15,גרמים,150.00,100 גרם,false,,23.90,0.1593,true,1,125409
7610400075787,false,לינדט לה גרנד שוקולד חלב אגוז 150 גרם,"לינדט ושפרונגלי, קיל",CH,שוקולד חלב עם אגוזים,גרמים,150.00,100 גרם,false,,23.90,0.1593,true,1,125410
7610400075794,false,לינדט לה גרנד שוקולד לבן ושקדים 150 גרם,לינדט ושפרונגלי,CH,לינדט לגרנד לבן שקד,גרמים,150.00,100 גרם,false,,23.90,0.1593,true,1,125411
7610400085946,false,לינדט לגרנד דארק אלמונד סולט 150 גרם,לינדט,,שוקולד לינדט לגרנד ס,גרמים,150.00,100 גרם,false,,23.90,0.1593,true,1,209483
7610400086202,false,שוקולד מריר לה גרנד עם אוכמניות וחמוציות,לינדט Lindt,,שוקולד לינדט לגרנד 1,גרמים,150.00,100 גרם,false,,23.90,0.1593,true,1,201550
7610400091060,false,שוקולד מריר לינדט אקסלנס בתוספת תפוז ושקדים,לינדט ושפרונגלי קילש,CH,שוקולד לינדט אקסלנס,גרמים,100.00,100 גרם,false,,15.00,0.1500,true,1,212597
7613030979647,false,דגני בוקר טריקס פירות עולם היורה 480 ג',ג'נרל מילס סאן אדריא,IL,טריקס 480 גר,גרמים,480.00,100 גרם,false,,19.90,0.0415,false,1,202362
7613031608850,false,פיטנס דגנים מחיטה מלאה ואורז נסטלה 625 גרם,נסטלה צרפת איטנקורט,FR,פיטנס דגנים 625 גרם,גרמים,625.00,100 גרם,false,,24.90,0.0398,false,1,113212
7613032045753,false,פיטנס - דגני בוקר שוקולד 375 גרם,נסטלה צרפת איטנקורט,FR,דגנים פיטנס שוקולד 3,גרמים,375.00,100 גרם,false,,21.90,0.0584,false,1,116084
7613033548192,false,פיטנס - דגני בוקר שוקולד מריר 375 גרם,נסטלה צרפת איטנקורט,FR,פיטנס דגנים עם שוקול,גרמים,375.00,100 גרם,false,,21.90,0.0584,false,1,134648
7613034146502,false,מזון לכלבים קטנים בטעם עוף פורינה ONE,פורינה Purina,US,פורינה ONE מיני אקטי,קילוגרמים,1.50,"ק""ג",false,,49.90,33.2667,true,1,209270
7613034146656,false,מזון לכלבים קטנים בטעם בקר פורינה ONE,פורינה Purina,US,פורינה ONE מיני בוגר,קילוגרמים,1.50,"ק""ג",false,,49.90,33.2667,true,1,209282
7613035027022,false,מזון לכלבים קטנים גורים פורינה ONE,פורינה Purina,IT,פורינה ONE כלב מיני,גרמים,800.00,100 גרם,false,,29.90,0.0374,true,1,209273
7613035379794,false,דנטלייף חטיף דנטלי לכלבים מגזע בינוני - 4 יחידות,פורינה Purina,US,דנטלייף גזע בינוני,גרמים,115.00,100 גרם,false,,13.90,0.1209,true,1,259529
7613035379817,false,דנטלייף חטיף דנטלי לכלבים מגזע קטן - 4 יחידות,פורינה Purina,US,דנטלייף גזע קטן,גרמים,115.00,100 גרם,false,,14.90,0.1296,true,1,259527
7613035622623,false,פיטנס - גרנולה שקדים ודבש 300 גרם,שוורצקוף& הנקל דיסלד,LT,פיטנס גרנולה דבש,גרמים,300.00,100 גרם,false,,15.90,0.0530,true,1,192054
7613035635845,false,פיטנס גרנולה שוקולד 14*300 גרם,שוורצקוף& הנקל דיסלד,LT,פיטנס גרנולה שוקולד,גרמים,300.00,100 גרם,false,,15.90,0.0530,true,1,191885
7613035758834,false,פיטנס גרנולה חמוציות 300 דגרם,שוורצקוף& הנקל דיסלד,LT,פיטנס גרנולה חמוציות,גרמים,300.00,100 גרם,false,,15.90,0.0530,true,1,194022
7613035807778,false,פרפקטו רוטב עגבניות לבולונז 400 ג' אסם,אסם פרפקטו Perfecto,ES,פרפקטו רוטב עגבניות,גרמים,400.00,100 גרם,false,,9.60,0.0240,true,1,193992
7613035809109,false,פרפקטו רוטב עגבניות ובזיליקום 400 ג'אסם,אסם פרפקטו Perfecto,ES,פרפקטו רוטב עגבניות,גרמים,400.00,100 גרם,false,,9.60,0.0240,true,1,193993
7613035809123,false,פרפקטו רוטב עגבניות עם פלפלים 400 ג' אסם,אסם פרפקטו Perfecto,ES,פרפקטו רוטב עגבניות,גרמים,400.00,100 גרם,false,,9.60,0.0240,true,1,193994
7613035809857,false,פרפקטו רוטב עגבניות לפסטה ולבישול 400 ג' אסם,אסם פרפקטו Perfecto,ES,פרפקטו רוטב עגבניות,גרמים,400.00,100 גרם,false,,9.60,0.0240,true,1,193995
7613036105576,false,דוגלי עוף לכלבים בוגרים,נסטלה פורינה באק הונ,HU,דוגלי בוגר עוף 3 קג,קילוגרמים,3.00,"ק""ג",false,,48.90,16.3000,false,1,199030
7613036105606,false,דוגלי בקר לכלבים בוגרים,נסטלה פורינה באק הונ,HU,דוגלי בוגר בקר,קילוגרמים,3.00,"ק""ג",false,,48.90,16.3000,false,1,199031
7613036105651,false,"דוגלי בקר לכלבים בוגרים 12 ק""ג",נסטלה פורינה באק הונ,HU,דוגלי בוגר בקר 12 קג,קילוגרמים,12.00,"ק""ג",false,,129.90,10.8250,false,1,199076
7613036120395,false,"פורינה ONE כלב מידמקסי בקר 2.5 ק""ג",פורינה ONE,IT,"פורינה ONE מזון בע""ח",קילוגרמים,2.50,"ק""ג",false,,79.90,31.9600,true,1,209284
7613036251389,false,"דוגלי בקר לכלבים פעילים 12 ק""ג",נסטלה פורינה באק הונ,,דוגלי אקטיב 12 קג,קילוגרמים,12.00,"ק""ג",false,,139.90,11.6583,false,1,201577
7613036288026,false,מזון כלבים דוגלי גור,נסטלה פורינה באק הונ,HU,דוגלי גורים 3 קג,קילוגרמים,3.00,"ק""ג",false,,54.90,18.3000,true,1,201358
7613036520492,false,פרפקטו רוטב עגבניות לפסטה 400 גרם,אסם פרפקטו Perfecto,ES,פרפקטו רוטב עגבניות,גרמים,400.00,100 גרם,false,,9.60,0.0240,true,1,201823
7613036576734,false,קרטיב חמשושים חדש נסטלה 60 גר,פרונרי איבריה ס.ל,ES,חמשושים נסטלה,גרמים,60.00,100 גרם,false,,7.50,0.1250,true,1,204033
7613036710879,false,מארז מיני חטיפי קיט קט צ'אנקי Kit Kat Chanky,ליימן מותגים,DE,קיט קט צ'אנקי מיני,גרמים,194.00,100 גרם,false,,13.90,0.0716,true,1,204811
7613036725286,false,דנטלייף חטיף דנטלי לחתול בטעם סלמון,פורינה Purina,US,דנטלייף חתול סלמון,גרמים,40.00,100 גרם,false,,9.90,0.2475,true,1,259530
7613036737623,false,דגני בוקר קראנץ מקס,"אסם תעשיות בע""מ",IL,קראנץ מקס נסטלה,גרמים,410.00,100 גרם,false,,19.90,0.0485,false,1,203956
7613036867870,false,נסקפה דולצה גוסטו אספרסו בריסטה קפסולות 112 ג',נסטלה אנגליה,GB,קפסולות קפה דולצה גו,גרמים,112.00,100 גרם,false,,26.90,0.2402,true,1,205453
7613036880534,false,גרבר מחית ירקות מעורבים מטרנה 190 גר',נסטלה פולסקה אס.איי,PL,גרבר מחית מרק ירקות,גרמים,190.00,100 גרם,false,,6.80,0.0358,true,1,209536
7613037012200,false,גרבר מחית תפוח גזר ומנגו 90 גרם פאוץ,נסטלה פולסקה אס.איי,PL,גרבר מחית תפוח מנגו,גרמים,90.00,100 גרם,false,,5.90,0.0656,true,1,210607
7613037204797,false,סטארבקס - פולי קפה בלונד אספרסו 450 גרם,Unknown,PT,סטארבקס פולי קפה בלו,גרמים,450.00,100 גרם,false,,45.90,0.1020,false,1,217833
7613037204889,false,סטארבקס - פולי קפה אספרסו 450 גרם,סטארבקס,PT,סטארבקס פולי קפה אספ,גרמים,450.00,100 גרם,false,,45.90,0.1020,false,1,217834
7613037686906,false,פיטנס - דגני בוקר שקדים ודבש 355 גרם,נסטלה צרפת איטנקורט,FR,פיטנס שקדים ודבש 355,גרמים,355.00,100 גרם,false,,21.90,0.0617,false,1,209540
7613037687132,false,דגני בוקר פיטנס שקדים ודבש 585 גר,נסטלה צרפת איטנקורט,FR,פיטנס שקדים ודבש 585,גרמים,585.00,100 גרם,false,,24.90,0.0426,false,1,209541
7613037811629,false,דגני בוקר קורנפלקס גו פרי 500 גר',שוורצקוף& הנקל דיסלד,IL,גו פרי קורנפלקס,גרמים,500.00,100 גרם,false,,13.50,0.0270,false,1,211384
7613038268262,false,דגני בוקר צ'יריוס דבש ושקדים במתיקות מעודנת,נסטלה פולין דגני בוק,FR,האני נאט ציריוס מופח,גרמים,410.00,100 גרם,false,,19.90,0.0485,true,1,211037
7613038451954,false,דגני בוקר שוקולד מופחת סוכר 410 ג' קראנץ',נסטלה צרפת איטנקורט,FR,דגני קראנץ שוקולד מו,גרמים,410.00,100 גרם,false,,19.90,0.0485,false,1,211205
7613039547632,false,גרבר מחית תפוח בננה ותות 90 גרם פאוץ,שוורצקוף& הנקל דיסלד,ES,גרבר מחית תפוח בננה,גרמים,90.00,100 גרם,false,,5.90,0.0656,true,1,214256
7613039547731,false,גרבר מחית תפוח עץ ומשמש 90 גרם פאוץ,כלורוקס אוקלנד,ES,גרבר מחית תפוח משמש,גרמים,90.00,100 גרם,false,,5.90,0.0656,true,1,214257
7613039547922,false,גרבר מחית אגס תפוח ובננה 90 גרם פאוץ,נסטלה ספרד,ES,גרבר מחית תפוח בננה,גרמים,90.00,100 גרם,false,,5.90,0.0656,true,1,214258
7613039770450,false,טבעול סנסשיונל בורגר צמחוני 226 גרם,ג'נרל מילס סאן אדריא,IL,טבעול בורגר צמחוני,גרמים,226.00,100 גרם,false,,33.90,0.1500,false,1,214526
7613039771174,false,טבעול סנסשיונל מינס טחון צמחוני 400 גרם,ג'נרל מילס סאן אדריא,IL,טבעול טחון צמחוני,גרמים,400.00,100 גרם,false,,33.90,0.0847,true,1,214527
7613039879382,false,גרבר - מחית תפוחי עץ 190 גרם,נסטלה פולסקה אס.איי,PL,"גרבר מחית תפ""ע 190 ג",גרמים,190.00,100 גרם,false,,6.80,0.0358,true,1,216618
7613039881521,false,גרבר - מחית מנגו 190 גרם,נסטלה פולסקה אס.איי,PL,גרבר מחית מנגו 190 ג,גרמים,190.00,100 גרם,false,,6.80,0.0358,true,1,216504
7613039994528,false,גרבר חטיף דגנים בננה,,,גרבר חטיף דגנים בננה,גרמים,35.00,100 גרם,false,,11.50,0.3286,true,1,213485
7613287121783,false,סמארטיס מיני 16*187 גרם,נסטלה Nestle,DE,סמארטיס מיני,גרמים,187.00,100 גרם,false,,13.90,0.0743,true,1,218484
7613287155832,false,גרבר מחית תפוחי עץ 90 גרם פאוץ,נסטלה פולסקה אס.איי,ES,גרבר מחית תפוח פאוץ,גרמים,90.00,100 גרם,false,,5.90,0.0656,false,1,217739
7613287155863,false,מטרנה מחית אגס פאוץ' 90 גר',נסטלה פולסקה אס.איי,ES,גרבר מחית אגס פאו'ץ,גרמים,90.00,100 גרם,false,,5.90,0.0656,true,1,217350
7613287155894,false,"גרבר מחית אפרסק פאוץ כשל""פ 90 גרם",נסטלה פולסקה אס.איי,ES,גרבר מחית אפרסק פאוץ,גרמים,90.00,100 גרם,false,,5.90,0.0656,true,1,217351
7613287155924,false,מטרנה מחית תפוח וגזר פאוץ' 90 גר',נסטלה פולסקה אס.איי,ES,גרבר מחית תפוח גזר פ,גרמים,90.00,100 גרם,false,,5.90,0.0656,true,1,217352
7613287162281,false,קפסולות קפה אספרסו גרנדה אינטנסו דולצ'ה גוסטו 144 ג',נסטלה אנגליה,GB,נסקפה דולצה גוסטו גר,גרמים,144.00,100 גרם,false,,26.90,0.1868,true,1,219428
7613287181411,false,ויטמינציק מחית סלט פירות 110 גרם,"טרופיקל דגיל בע""מ אז",ES,ויטמינצ'יק מחית סלט,גרמים,110.00,100 גרם,false,,5.50,0.0500,true,1,219734
7613287182326,false,ויטמינציק מחית בננה תפוח 110 גרם,"נסטלה ספרד ס.א, מפעל",ES,ויטמינצ'יק מחית בננה,גרמים,110.00,100 גרם,false,,5.50,0.0500,true,1,219730
7613287182357,false,מחית אגס תפוח ופירות יער ויטמינצ'יק 110 ג',נסטלה,ES,ויטמינצ'יק מחית אגס,גרמים,110.00,100 גרם,false,,5.50,0.0500,true,1,219731
7613287182425,false,ויטמינציק מחית תפוח בננה ותות 110 גרם,"טרופיקל דגיל בע""מ אז",ES,ויטמינצ'יק מחית תפו,גרמים,110.00,100 גרם,false,,5.50,0.0500,true,1,219732
7613287182456,false,ויטמינציק מחית אגס בננה תפוח 110 גרם,"נסטלה ספרד ס.א, מפעל",ES,ויטמינצ'יק מחית אגס,גרמים,110.00,100 גרם,false,,5.50,0.0500,true,1,219729
7613287186928,false,סטארבקס קפסולות קפה ברקפסט רוסט 10יח,נסטלה שוויץ - קפה,CH,סטארבקס קפסולות ברקפ,יחידה,0.00,יחידה,false,,21.90,0.0000,true,1,219356
7613287302373,false,סטארבקס קפסולות איטליאן סטייל רוסט 56 גרם,נסטלה שוויץ - קפה,PT,קפסולות סטארבקס סטיי,גרמים,56.00,100 גרם,false,,21.90,0.3911,true,1,216932
7613287325808,false,אוסם - דיפ אנד ספרד מטבל איולי שום 295 גרם,נסטלה פולין,PL,רוטב איולי שום אסם,גרמים,295.00,100 גרם,false,,14.90,0.0505,true,1,259367
7613287325822,false,אוסם - דיפ אנד ספרד מטבל מיקס 295 גרם,נסטלה,PL,רוטב מיקס לחיץ אוסם,גרמים,295.00,100 גרם,false,,14.90,0.0505,true,1,259368
7613287325853,false,אוסם - דיפ אנד ספרד מטבל איולי ספייסי 295 גרם,נסטלה פולין,PL,רוטב ספייסי איולי לח,גרמים,295.00,100 גרם,false,,14.90,0.0505,true,1,259369
7613287325952,false,אוסם - דיפ אנד ספרד מטבל ברבקיו 345 גרם,דפטונה פולין,PL,רוטב ברביקיו לחיץ או,גרמים,345.00,100 גרם,false,,14.90,0.0432,true,1,259370
7613287325983,false,אוסם - דיפ אנד ספרד מטבל סלסה 335 גרם,דפטונה פולין,PL,רוטב סלסה לחיץ אוסם,גרמים,335.00,100 גרם,false,,14.90,0.0445,true,1,259371
7613287394323,false,אסם מולטי צ'יריוס 14*600 גרם 2021,נסטלה פולין דגני בוק,GB,דגני צ'ריוס מולטי 60,גרמים,600.00,100 גרם,false,,19.90,0.0332,false,1,218745
7613287476494,false,אוסם - דיפ אנד ספרד מיונז בסגנון צרפתי 280 גרם,נסטלה פולין,PL,רוטב מיונז לחיץ אוסם,גרמים,280.00,100 גרם,false,,14.90,0.0532,true,1,259372
7613287476678,false,דגני בוקר סינימיניס צ'ורוס נסטלה 360 ג',נסטלה אוונקה,PT,סינימיניס צו'רוס,גרמים,360.00,100 גרם,false,,19.90,0.0553,false,1,259287
7613287821348,false,נתחוני עוף טבעוני סנסשיונל טבעול 350 ג',ג'נרל מילס סאן אדריא,CZ,טבעול נתחוני עוף טבע,גרמים,350.00,100 גרם,false,,33.90,0.0969,true,1,260494
7613287855640,false,סטארבקס קפסולות קפה גוואטמלה 10 יחידות,נסטלה שוויץ - קפה,CH,קפסולות סטארבקס גווא,גרמים,55.00,100 גרם,false,,21.90,0.3982,true,1,263239
7622010001858,false,עוגיות אוראו ממולאות קרם וניל 176 גרם.,פי אר ג'יי אס אי מנד,CZ,עוגיות אוראו ממולאות,גרמים,176.00,100 גרם,false,,8.90,0.0506,false,1,195134
7622201050757,false,שוקולד מילקה טבלת חלב עם קרמל 100 ג',מילקה Milka,DE,שוקולד מילקה קרמל 10,גרמים,100.00,100 גרם,false,,5.90,0.0590,false,1,118321
7622201120931,false,שוקולד מילקה אוראו לבן 100 גרם,מונדלז אוקראינה,UA,מילקה אוראו לבן 100,גרמים,100.00,100 גרם,false,,5.90,0.0590,true,1,261632
7622201137052,false,אוראו מיני קוקיס - עוגיות שוקולד צ'יפס ותחתית מצופה שוקולד חלב,מונדלז אספנה גלטאס פ,ES,מילקה מיני קוקיז,גרמים,110.00,100 גרם,false,,8.50,0.0773,true,1,217439
7622201139278,false,גבינת שמנת 27% שומן 150 ג' פילדלפיה,מיודלז אספניה פרודוק,ES,גבינת פילדלפיה 150 ג,גרמים,150.00,100 גרם,false,,13.90,0.0927,true,1,211411
7622201401900,false,עוגיות מילקה סנסיישן אוראו 156 גרם,מונדלז פולסקה פרודקש,PL,עוגיות מילקה סנסיין,גרמים,156.00,100 גרם,false,,12.90,0.0827,true,1,214913
7622201502515,false,עוגיות מילקה קוקי לופ שוקולד צ'יפס,גיורי קייקס קייאפטי,HU,עוגיות מילקה קוקי לו,גרמים,132.00,100 גרם,false,,12.90,0.0977,true,1,259541
7622201521493,false,גבינת פילדלפיה שום ועשבי תיבול 150 גרם,מיודלז אספניה פרודוק,ES,פילדלפיה שום ועשבי ת,גרמים,150.00,100 גרם,false,,13.90,0.0927,true,1,263160
7622201798154,false,גבינת שמנת לייט מופחתת שומן 13% שומן,מיודלז אספניה פרודוק,ES,גבינת פילדלפיה לייט,גרמים,150.00,100 גרם,false,,13.90,0.0927,true,1,220078
7622201801809,false,מילקה שוקולד חלב עם אגוזים 100 גרם חדש,מנדלז דויצ'לנד סנקס,DE,מילקה שוקולד חלב עם,גרמים,100.00,100 גרם,false,,5.90,0.0590,true,1,219746
7622201802363,false,מילקה טבלת שוקולד חלב וצימוקים ואגוזים 100ג',מנדלז דויצ'לנד סנקס,PL,מילקה שוקולד חלב צימ,גרמים,100.00,100 גרם,false,,5.90,0.0590,true,1,219745
7622201802394,false,שוקולד מילקה חלב מסרונים 100 גרם,מנדלז דויצ'לנד סנקס,PL,מילקה שוקולד חלב 100,גרמים,100.00,100 גרם,false,,5.90,0.0590,false,1,259694
7622201808631,false,אוראו מיני עוגיות ממולאות קרם וניל 67גרם,פי.טי. מונדלז אינדונ,ID,אוראו מיני כוסות בטע,גרמים,67.00,100 גרם,false,,6.90,0.1030,true,1,219756
7622201813390,false,עוגיות מילקה וואפל במילוי קרם קקאו 150 ג,מונדליז סי.אר. ביסקו,CZ,מילקה וופל במילוי קר,גרמים,150.00,100 גרם,false,,12.90,0.0860,true,1,218160
7622210078131,false,מילקה שוקולד חלב במילוי קרם שמנת 100 ג',מנדלז דויצ'לנד סנקס,PL,שוקולד מילקה חלב שבר,גרמים,100.00,100 גרם,false,,5.90,0.0590,true,1,197635
7622210137234,false,עוגיות אוראו עם דאבל קרים וניל 170 גר,מונדלייז,ES,אוראו דאבל,גרמים,170.00,100 גרם,false,,7.90,0.0465,true,1,193382
7622210163899,false,שוקולד חלב במילוי סוכריות עדשים,מונדלז דויצ'לנד סנקס,DE,שוקולד מילקה חלב עם,גרמים,100.00,100 גרם,false,,5.90,0.0590,false,1,202637
7622210453327,false,עוגיות שוקוצ'יפס במילוי שוקולד סנסיישן,מנדלז פולסקה פרודקשן,PL,עוגיות מילקה סנסיישן,גרמים,156.00,100 גרם,false,,12.90,0.0827,true,1,199958
7622210635105,false,"עוגיות אוראו תות, 154 גרם",מונדלז אספנה גאלטס פ,ES,אוראו תות,גרמים,154.00,100 גרם,false,,6.40,0.0416,true,1,213012
7622210637994,false,מיני עוגיות אוראו קראנצ'י בייטס אורגינל,מונדלז אספניה ג'לאטס,ES,אוראו ביס קראנצ'י או,גרמים,110.00,100 גרם,false,,8.50,0.0773,true,1,214997
7622210638021,false,מיני עוגיות אוראו קראנצ'י בייטס מצופים,מונדלז אספניה ג'לאטס,ES,אוראו ביס קראנצ'י בצ,גרמים,110.00,100 גרם,false,,8.50,0.0773,true,1,215014
7622210664150,false,"עוגיות אוראו וניל, 396 גרם",מונדלייז,CZ,עוגיות אוראו וניל 39,גרמים,396.00,100 גרם,false,,14.90,0.0376,true,1,262785
7622210826053,false,שוקולד מילקה אוראו סנדוויץ 92 גר',גיאורי קאקסז קייאףטי,PL,שוקולד מילקה אוראו ס,גרמים,92.00,100 גרם,false,,5.90,0.0641,true,1,215107
7622210835338,false,אוראו עוגיות ממולאות טעם בראוניז 176 גרם,מנדלז אספנה גאלטס פר,ES,אוראו בראוניז,גרמים,176.00,100 גרם,false,,7.90,0.0449,true,1,214911
7622300270506,false,מילקה גריינס - עוגיות שיבולת שועל מצופות שוקולד 168 ג',מונדלז פולסקה פרודקש,PL,עוגיות מילקה שוקו גר,גרמים,168.00,100 גרם,false,,12.90,0.0768,true,1,133789
7622300315283,false,אוראו עוגיות ממולאות קרם וניל 154 גרם,"מונדלז CR פרודקשיין,",UA,אוראו וניל 154 גר,גרמים,154.00,100 גרם,false,,6.40,0.0416,true,1,219806
7622300441715,false,עוגיות מילקה ביסקוויט ממולא קרם חלב מצופה למחצה בשוקולד חלב 150 גר',מוביל בעל מוניטין,CZ,עוגיות מילקה שוקו מי,גרמים,182.00,100 גרם,false,,12.90,0.0709,true,1,194940
7622300489427,false,עוגיות אוראו בציפוי בטעם שוקולד לבן 246 גרם,מנדלז אספנה גאלטס פר,ES,עוגיות אוראו בציפוי,גרמים,246.00,100 גרם,false,,16.90,0.0687,false,1,201697
7622300489434,false,"עוגיות אוראו פאדג' בציפוי שוקולד חלב, 246 גרם",מנדלז אספנה גאלטס פר,ES,עוגיות אוראו בציפוי,יחידה,0.00,יחידה,false,,16.90,0.0000,false,1,201698
7622300495046,false,מילקה שוקולד חלב עם אקסטרה קקאו 100 גרם,מנדלז דויצ'לנד סנקס,DE,שוקולד מילקה אקסטרא,גרמים,100.00,100 גרם,false,,5.90,0.0590,false,1,140243
7622300503079,false,"מילקה, עוגיות ביסקוויט מצופות שוקולד - 200 גרם",מונדלז פולסקה פרודקש,PL,ביסקוויט מצופה שוקול,גרמים,200.00,100 גרם,false,,12.90,0.0645,true,1,133790
7622300617820,false,מילקה שוקולד חלב במילוי קרם חלב ווניל ושבבי עוגיות אוראו 100 גרם,מנדלז דויצ'לנד סנקס,DE,שוקולד מילקה אוראו 1,גרמים,100.00,100 גרם,false,,5.90,0.0590,false,1,140244
7622300761363,false,עוגיות מיני אוראו במילוי קרם בטעם שוקולד בכוס,פי.טי. מונדלז אינדונ,ID,אוראו מיני כוסות שוק,גרמים,67.00,100 גרם,false,,6.90,0.1030,true,1,207830
7630311507016,false,סטארבקס קפסולות קפה סאני דיי 10יח,נסטלה שוויץ - קפה,CH,קפסולות סטארבקס סאני,גרמים,57.00,100 גרם,false,,21.90,0.3842,true,1,261485
7630477891592,false,סטארבקס קפסולות קפה האוס בלנד 10 יחידות,נסטלה שוויץ - קפה,CH,קפסולות סטארבקס האוס,גרמים,57.00,100 גרם,false,,21.90,0.3842,true,1,214108
7630477891615,false,סטארבקס קפסולות קפה סומטרה 10 יחידות,נסטלה שוויץ - קפה,CH,קפסולות סטארבקס סומט,גרמים,55.00,100 גרם,false,,21.90,0.3982,true,1,214110
7630477891639,false,סטארבקס קפסולות קפה ורונה 10 יחידות,נסטלה שוויץ - קפה,CH,קפסולות סטארבקס ורונ,גרמים,55.00,100 גרם,false,,21.90,0.3982,true,1,214111
7630477891653,false,סטארבקס קפסולות קפה אספרסו נטול 10 יחידו,נסטלה שוויץ - קפה,CH,קפסולות סטארבקס אספר,גרמים,57.00,100 גרם,false,,21.90,0.3842,true,1,214112
7630477891677,false,סטארבקס קפסולות קפה פייק פלייס 10 יחידות,נסטלה שוויץ - קפה,CH,קפסולות סטארבקס פייק,גרמים,53.00,100 גרם,false,,21.90,0.4132,true,1,214113
7630477891691,false,סטארבקס קפסולות קפה קולמביה 10 יחידות,נסטלה שוויץ - קפה,CH,קפסולות סטארבקס קולו,גרמים,57.00,100 גרם,false,,21.90,0.3842,true,1,214114
7630477891714,false,סטארבקס קפסולות קפה אספרסו 10 יחידות,נסטלה שוויץ - קפה,CH,קפסולות סטארבקס אספר,גרמים,57.00,100 גרם,false,,21.90,0.3842,true,1,214116
7630477891738,false,סטארבקס קפסולות קפה אספרסו בלונד 10 יחיד,נסטלה שוויץ - קפה,CH,קפסולות סטארבקס אספר,גרמים,53.00,100 גרם,false,,21.90,0.4132,true,1,214115
7638900426663,false,סוללת אדוונס פורמולה,אנרג'ייזר,US,סוללות 9V ANERGIZER,יחידה,0.00,יחידה,false,,25.90,0.0000,true,1,210358
7640103867013,false,שערות סבתא תות 15 גר',אסאבא פוד,ID,שערות סבתא תות,גרמים,15.00,100 גרם,false,,3.90,0.2600,true,1,215452
7702018069347,false,סכיני גילוח חד פעמיים לנשים Blue 2,פרוקטר אנד גמבל,PL,בלו 2 לנשים 10+5,יחידה,0.00,יחידה,false,,29.90,0.0000,true,1,185325
7702018321520,false,דאודורנט סטיק לגבר Pro G Arctic ice,תות ממתקי איכות,US,דאודורנט סטיק מתקדם,יחידה,0.00,יחידה,false,,22.90,0.0000,true,1,144428
7702018321582,false,דאודורנט סטיק לגבר Pro G Cool Wave,פרוקטר אנד גמבל,US,ג'ילט דאודורנט סטיק,יחידה,0.00,יחידה,false,,22.90,0.0000,true,1,142657
7702018400935,false,מכשיר גילוח ונוס סוו,,,מכשיר גילוח ונוס סוו,יחידה,0.00,יחידה,false,,36.90,0.0000,true,1,202229
7702018404476,false,קצף גילוח סירייס הגנה גילט 250 מל,פרוקטר אנד גמבל,PL,קצף גילוח סירייס 250,מיליליטרים,250.00,"100 מ""ל",false,,16.90,0.0676,true,1,196324
7702018405145,false,גילט סירייס גל גילוח להגנה גבוהה,ג'ילט Gillette,GB,ג'ילט סירייס ג'ל גיל,מיליליטרים,200.00,"100 מ""ל",false,,16.90,0.0845,true,1,216634
7702018457762,false,"ג'ל גילוח ג'ילט סירייס תחושה קרירה, 200 מ""ל",פרוקטר & גמבל,GB,גילט גל גילוח סירייס,גרמים,100.00,100 גרם,false,,13.90,0.1390,true,1,212890
7702018462032,false,סכיני גילוח גילט מאך 3 רביעייה,פרוקטור אנד גמבל,DE,ג'ילט מאך 3 רביעיה,יחידה,0.00,יחידה,false,,29.90,0.0000,false,1,209875
7702018465675,false,ונוס סימפלי ונוס 4 סכינים חד פעמיים אישה,פרוקטר אנד גמבל,PL,ג'ילט רביעיית חד פעמ,יחידה,0.00,יחידה,false,,22.90,0.0000,true,1,214541
7702018469802,false,ג'ילט - ונוס סווירל ידית ו3 סכינים 5 להבים,פרוקטר אנד גמבל,PL,ג'ילט מארז ונוס סווי,יחידה,0.00,יחידה,false,,49.90,0.0000,false,1,263435
7702018471423,false,גילט פיוזן סטארט סכיני גילוח 4יח,פרןקטר אנד גמבל ברלי,PL,ג'ילט פיוז'ן רביעיה,יחידה,0.00,יחידה,false,,34.90,0.0000,false,1,209876
7702018489619,false,גילט בלו 3 סכין גילוח חד פעמי לגבר 3 יח,פרוקטר אנד גמבל,PL,ג'ילט סכיני גילוח חד,יחידה,0.00,יחידה,false,,16.90,0.0000,true,1,213784
7702018539468,false,גילט ונוס תות- ידית ושלושה סכינים 5להבים מארז,פרוקטר אנד גמבל,PL,ג'ילט מארז ונוס תות,יחידה,0.00,יחידה,false,,49.90,0.0000,false,1,219253
7702018866984,false,גילט פיוזן ידני סכיני גילוח 4 יחידות,תות ממתקי איכות,PL,סכיני גילוח פיוז'ן 4,יחידה,0.00,יחידה,false,,44.90,0.0000,true,1,143773
7702018877591,false,סכיני גילוח רביעייה,,,סכיני גילוח ג'ילט רב,יחידה,0.00,יחידה,false,,65.90,0.0000,true,1,210386
7702018955527,false,סכיני גילוח ונוס רבי,פרוקטר אנד גמבל,,סכיני גילוח ונוס רבי,יחידה,0.00,יחידה,false,,59.90,0.0000,true,1,121163
7702018978106,false,"ג'ילט - דאודורנט ג'ל לגבר ארטיק אייס 70 מ""ל",פרוקטר אנד גמבל,PL,דאודורנט קליר ג'ל,מיליליטרים,70.00,"100 מ""ל",false,,15.90,0.2271,true,1,120225
7702018978120,false,"ג'ילט - דאודורנט ג'ל לגבר קול וייב 70 מ""ל",פרוקטר אנד גמבל,PL,ג'לט קליר ג'ל דאודור,מיליליטרים,70.00,"100 מ""ל",false,,15.90,0.2271,true,1,120029
7702018980819,false,"גילט ג'ל גילוח 200 מ""ל- רגיש",,,ג'ל גילוח ג'ילט סירי,מיליליטרים,200.00,"100 מ""ל",false,,13.90,0.0695,true,1,216635
7702018980833,false,"ג'ילט ג'ל גילוח סירייס מועשר בלחות - 200 מ""ל",פרוקטר אנד גמבל,GB,ג'ל גילוח סירייס מוע,מיליליטרים,200.00,"100 מ""ל",false,,16.90,0.0845,true,1,194784
7702018980864,false,קצף גילוח סירייס רגיש גילט 250 מל,פרוקטר & גמבל,,קצף גילוח סירייס רגי,מיליליטרים,250.00,"100 מ""ל",false,,16.90,0.0676,true,1,196325
7702024074625,false,פיטנס - חטיפי קרקר חיטה מלאה 234 גרם,קומסטיבלס לה רוזה אס,CO,פיטנס חטיפי קרקר חיט,גרמים,234.00,100 גרם,false,,11.90,0.0509,true,1,203712
7702024258322,false,"חטיפי קרקר עם חיטה מלאה, צ'יה וזרעי פשתן פיטנס",נסטלה Nestle,CO,פיטנס חטיפי קרקר צ'י,גרמים,234.00,100 גרם,false,,11.90,0.0509,true,1,214063
7702174066631,false,לקקן יוגטה פין פופ במילוי מסטיק 170 גר,הדקלאים אגודת שיתופי,EC,פין פופ לקקנים,גרמים,180.00,100 גרם,false,,9.90,0.0550,true,1,121815
7702174068826,false,יוגטה מבחר סוכריות לקקן קשות ממולאות טופי בטעמי יוגורט ופירות 204 גרם,הדקלאים אגודת שיתופי,EC,לקקן יוגטה פירות 12,יחידה,0.00,יחידה,false,,9.90,0.0000,true,1,139581
7702174068833,false,יוגטה סוכריות קשות על מקל ממולאות טופי בטעמי גלידת פירות 12 יח' 204 גרם,הדקלאים אגודת שיתופי,EC,לקקן יוגטה גלידה 12,יחידה,0.00,יחידה,false,,9.90,0.0000,true,1,138723
7702174070201,false,יוגטה לקקן בטעם מסטיק ממולא טופי בטעם תות 12 יח' 204 גרם,הדקלאים אגודת שיתופי,EC,יוגטה מג'יק לקקנים,גרמים,216.00,100 גרם,false,,9.90,0.0458,true,1,140759
7702174073783,false,סוכריות על מקל בטעם קולה במילוי גומי לעיסה,הדקלאים אגודת שיתופי,CO,לקקן פין פופ קולה,גרמים,180.00,100 גרם,false,,9.90,0.0550,true,1,188859
7702174073844,false,לקקן יוגטה פין פופ פירות 48 יח 672 גרם,הדקלאים אגודת שיתופי,CO,לקקן פין פופ פירות 4,גרמים,672.00,100 גרם,false,,19.90,0.0296,true,1,188860
7791875005353,false,ריבת חלב הוואנה דוצה דה לצה 450 גרם,פרימיום ברנד,ES,ריבת חלב הוואנה 450,גרמים,450.00,100 גרם,false,,17.90,0.0398,true,1,260840
7792860006218,false,סוכריות לקקנים בייבי דול Baby Doll לריטר,גוד פוד פרודקטס S.p,AR,בייבי דול לקקן,גרמים,24.00,100 גרם,false,,2.20,0.0917,true,1,98570
7798304600011,false,אוכמניות טריות,Unknown,,אוכמניות טריות,יחידה,0.00,יחידה,false,,9.90,0.0000,true,1,214424
7891024124826,false,קולגייט משחת אופטיק ספרקלינג וייט 75מל,הנסיך- מפעל לייצור ט,BR,קולגייט אופטיק וייט,מיליליטרים,75.00,"100 מ""ל",false,,16.90,0.2253,true,1,140450
7891024179482,false,"שטיפת פה קולגייט אופטיק וייט 500מ""ל",יבואן ומשווק: ש. שסט,PL,קולגייט שטיפת פה אופ,מיליליטרים,500.00,"100 מ""ל",false,,29.90,0.0598,true,1,140487
7891155070283,false,תבנית מלבנית 3.5 ליט,,,תבנית מלבנית 3.5 ליט,יחידה,0.00,יחידה,false,,37.90,0.0000,true,1,217401
7891155070306,false,תבנית מלבנית 5 ליטר,,,תבנית מלבנית 5 ליטר,יחידה,0.00,יחידה,false,,39.90,0.0000,true,1,217402
7891155076148,false,תבנית זכוכית אובלית,,,תבנית זכוכית אובלית,יחידה,0.00,יחידה,false,,19.90,0.0000,true,1,217373
7891155076155,false,תבנית זכוכית אובלית,,,תבנית זכוכית אובלית,יחידה,0.00,יחידה,false,,21.90,0.0000,true,1,217374
8000040000802,false,משקה קמפרי 1000 מל פ,קמפרי (יורו),,קמפרי 1 ליטר,ליטרים,1.00,ליטר,false,,89.90,89.9000,true,1,119098
8000070003774,false,קפסולות אספרסו לוואצה אינטנסו 13 16 יח,לואיג'י לוואצה,IT,לוואצה קפסולות אינטנ,גרמים,120.00,100 גרם,false,,29.90,0.2492,true,1,263756
8000070003798,false,קפסולות אספרסו לוואצה דליסיוזו 8 16 יח,לואיג'י לוואצה,IT,לוואצה קפסולות דליסי,גרמים,120.00,100 גרם,false,,29.90,0.2492,true,1,263757
8000070003811,false,קפסולות אספרסו לוואצה פסיונלה 11 16 יח,לואיג'י לוואצה,IT,לוואצה קפסולות פסיונ,גרמים,120.00,100 גרם,false,,29.90,0.2492,true,1,263753
8000070011878,false,לוואצה חוזק 3 דה קפינטו נטול קופאין 250 גר,לווצה טורינו,IT,קפה לוואצה נטול קפאי,גרמים,250.00,100 גרם,false,,39.90,0.1596,false,1,194119
8000070012783,false,קפה לוואצה קלוי וטחון חוזק 5 אורו 250 גר,לווצה טורינו,IT,קפה לוואצה אורו 250,גרמים,250.00,100 גרם,false,,34.90,0.1396,false,1,99375
8000070029996,false,קפה לוואצה קלוי וטחון אורו שחור 250 גר,לווצה טורינו,IT,לוואצה אורו שחור 250,גרמים,250.00,100 גרם,false,,34.90,0.1396,false,1,263267
8000070032835,false,קפה לוואצה קלוי וטחון חוזק 10 מטינו 250 גר,לווצה טורינו,IT,"לוואצה ""מטינו"" קפה ק",גרמים,250.00,100 גרם,false,,25.90,0.1036,true,1,111301
8000070035980,false,קפה לוואצה קלוי וטחון חוזק 5 רוסה 250 גר,לווצה טורינו,IT,קפה לוואצה רוסה אדום,גרמים,250.00,100 גרם,false,,28.90,0.1156,false,1,133309
8000070038868,false,קפה לוואצה קלוי וטחון חוזק 8 קלאסיקו 250 גר,לווצה טורינו,IT,לוואצה קרמה גוסטו,גרמים,250.00,100 גרם,false,,27.90,0.1116,false,1,141850
8000070053472,false,קפסולות קרמה גוסטו קלאסיקו חוזק 12 57 ג' לוואצה,לואיג'י לוואצה,IT,קפסולות לוואצה אלומי,גרמים,55.00,100 גרם,false,,19.90,0.3618,false,1,264273
8000070053526,false,קפסולות קפה אספרסו רוסה דרגת חוזק 10,לווצה טורינו,IT,קפסולות לוואצה אלומי,גרמים,55.00,100 גרם,false,,19.90,0.3618,false,1,264276
8000070055254,false,קפסולות קרמה גוסטו פורטה חוזק 13 55 ג' לוואצה,לואיג'י לוואצה,IT,קפסולות לוואצה אלומי,גרמים,55.00,100 גרם,false,,19.90,0.3618,false,1,264274
8000070081154,false,קפסולות קפה אספרסו לג'רו 4 10 יחידות,לווצה טורינו,IT,לוואצה לג'רו,גרמים,55.00,100 גרם,false,,16.90,0.3073,true,1,203637
8000091200954,false,טורטיה ללא גלוטן 180 גרם,,IT,טורטיה ללא גלוטן 60*,גרמים,180.00,100 גרם,false,,17.90,0.0994,true,1,209508
8000113003402,false,"קמח תירס בוואקום 1 ק""ג",מולינו ניקולי אס.פי.,IT,קמח תירס 1 קג,קילוגרמים,1.00,"ק""ג",false,,15.90,15.9000,true,1,111303
8000215204219,false,משקה אורז אורגני ללא סוכר 1ל,בטר אנד דיפרנט,IT,חלב אורז אורגני 1 לי,ליטרים,1.00,ליטר,false,,12.90,12.9000,false,1,140792
8000215204240,false,משקה שקדים ואורז - אורגני 1 ליטר,בטר אנד דיפרנט,IT,VITARIZ-חלב אורז שקד,ליטרים,1.00,ליטר,false,,12.90,12.9000,false,1,137908
8000215204264,false,ויטריז - משקה אורז אישי אישי 200 גר,בטר אנד דיפרנט,IT,"חלב אורז אישי 200 מ""",מיליליטרים,200.00,"100 מ""ל",false,,3.80,0.0190,true,1,194311
8000215204271,false,ויטריז - משקה שקדים ואורז אישי 200 גר,"נטורפוד בע""מ",IT,ויטריז- חלב אורז שקד,מיליליטרים,200.00,"100 מ""ל",false,,3.90,0.0195,true,1,149589
8000215204370,false,ויטריז לבישול תחל. שמנת צמחי אורגני 200,ויטריז,IT,VITARIZ- תחליף שמנת,מיליליטרים,200.00,"100 מ""ל",false,,5.90,0.0295,true,1,185780
8000215204394,false,"משקה אורז אורגני אגוז לוז ""נטורפוד""",בטר אנד דיפרנט,US,ויטריז-משקה אורז עם,ליטרים,1.00,ליטר,false,,14.90,14.9000,true,1,143712
8000215204554,false,משקה אורז קוקוס אורגני 1 ליטר ויטריז,אלינור,,חלב אורז עם קוקוס או,ליטרים,1.00,ליטר,false,,12.90,12.9000,false,1,194310
8000215204561,false,ויטסי משקה שקדים אורגני 1 ליטר,בטר אנד דיפרנט,IT,משקה שקדים אורגני vi,מיליליטרים,1000.00,"100 מ""ל",false,,14.90,0.0149,true,1,206114
8000215204653,false,ויטסי משקה סויה 1 ליטר,בטר אנד דיפרנט,IT,משקה סויה 1 ליטר,ליטרים,1.00,ליטר,false,,10.90,10.9000,true,1,210516
8000215204677,false,ויטריז - משקה שיבולת שועל בריסטה אורגני,בטר אנד דיפרנט,IT,VITARIZ משקה שיבולת,ליטרים,1.00,ליטר,false,,12.90,12.9000,false,1,260983
8000215204714,false,משקה שיבולת שועל אורגני 1 ליטר PRIMAVENA,בטר אנד דיפרנט,IT,משקה שיבולת שועל אור,ליטרים,1.00,ליטר,false,,12.90,12.9000,false,1,135668
8000215204745,false,משקה ש.שועל וניל אורגני 1 ליטר PRIMAVENA,אלינור,IT,משקה שיבולת שועל וני,ליטרים,1.00,ליטר,false,,12.90,12.9000,false,1,263060
8000320010026,false,עגבניות תמר מקולפות CIRIO 400 גר,צ'יריו,IT,עגבניות תמר מקולפות,גרמים,400.00,100 גרם,false,,6.20,0.0155,true,1,138349
8000320010088,false,"רוטב עגבניות במרקם גס 680 מ""ל MUTTI",קונסרב,IT,צ'יריו רסק עגבניות,גרמים,816.00,100 גרם,false,,10.90,0.0134,true,1,135043
8000320010095,false,"רוטב עגבניות במרקם עדין 700 מ""ל MUTTI",קונסרב,IT,פסאטה צ'יריו במרקם ע,מיליליטרים,700.00,"100 מ""ל",false,,10.90,0.0156,true,1,262276
8000320353659,false,שפורפרת רכז עגבניות צ'ירו 130 גרם,,,שפורפרת רכז עגבניות,גרמים,130.00,100 גרם,false,,7.50,0.0577,true,1,262288
8000320387975,false,צ'יריו עגבניות שרי ש,,,צ'יריו עגבניות שרי ש,יחידה,260.00,יחידה,false,,11.90,0.0458,true,1,187341
8000320414855,false,צ'ריו עגבניות מרוסקות לפניסימה 400 גרם,,,צ'יריו-עגבניות חתוכו,גרמים,400.00,100 גרם,false,,14.90,0.0373,true,1,149313
8000380000388,false,טורטינה לואקר 90 גרם מארז מהודר,ליימן מותגים,,טורטינה מיני מארז,גרמים,90.00,100 גרם,false,,14.90,0.1656,true,1,198344
8000380003723,false,וופל אגוזים בציפוי שוקולד לואקר 100 גרם,קריניציה ויטמינה אס,IT,עוגיות פטיסרי אגוזים,גרמים,100.00,100 גרם,false,,11.90,0.1190,true,1,102223
8000380003754,false,עוגיות וופל קפה קפוצ'ינו 100 גרם לואקר,"כד בני דרום בע""מ",IT,עוגיות פטיסרי,גרמים,100.00,100 גרם,false,,11.90,0.1190,true,1,197585
8000380003761,false,וופל גרנד פטיסרי שוקולד וקוקוס לואקר 100 גרם,קריניציה ויטמינה אס,IT,עוגיות פטיסרי קוקוס,גרמים,100.00,100 גרם,false,,11.90,0.1190,true,1,102225
8000380004669,false,וופל לואקר סנדוויץ קוביות ושוקולד 200ג',"א. לואקר, קונפקט ג'י",AT,וופל קקאו 200 גר',גרמים,200.00,100 גרם,false,,12.00,0.0600,false,1,121014
8000380004676,false,קוביות וופל סנדוויץ Sandwich עם וניל וחלב,"א. לואקר, קונפקט ג'י",AT,וופל וניל 200 גר,גרמים,200.00,100 גרם,false,,12.00,0.0600,false,1,102227
8000380004881,false,וופל קוארדטיני לואקר קוביות טרמיסו 220ג',קריניציה ויטמינה אס,IT,וופל קוארדטיני,גרמים,220.00,100 גרם,false,,13.90,0.0632,true,1,102229
8000380004911,false,קוביות וופל קואדרטיני Quadratini קרם אגוזים,קריניציה ויטמינה אס,AT,וופל קוארדטיני,גרמים,250.00,100 גרם,false,,13.90,0.0556,true,1,102230
8000380004966,false,וופל קוארדטיני לואקר קוביות שוקולד 250ג',קריניציה ויטמינה אס,AT,וופל קוארדטיני,גרמים,250.00,100 גרם,false,,13.90,0.0556,true,1,102231
8000380005598,false,מארז וופל שוקולד טורטינה Tortina שוקולד מריר,ליימן מותגים,IT,טורטינה שישיה מריר,גרמים,125.00,100 גרם,false,,16.00,0.1280,true,1,123820
8000380007219,false,וופל בטעם אגוזים לואקר 175 גרם,ליימן מותגים,AT,לואקר אגוז 175,גרמים,175.00,100 גרם,false,,10.90,0.0623,true,1,102232
8000380007257,false,וופל בטעם אגוזים לואקר 200 גרם,קריניציה ויטמינה אס,IT,וופל גרדנה 200 ג,גרמים,200.00,100 גרם,false,,13.90,0.0695,true,1,102234
8000380007264,false,וופל בטעם קקאו לואקר 175 גרם,קריניציה ויטמינה אס,AT,לואקר קקאו 175,גרמים,175.00,100 גרם,false,,10.90,0.0623,true,1,102235
8000380007271,false,וופל במילוי קרם חלב לואקר 175 גרם,ליימן מותגים,AT,וופל לואקר 175,גרמים,175.00,100 גרם,false,,10.90,0.0623,true,1,102236
8000380106028,false,טורטינה לואקר וופל שוקולד ואגוזים שישיה 125ג',קריניציה ויטמינה אס,IT,טורטינה 125 גר,גרמים,125.00,100 גרם,false,,16.00,0.1280,true,1,147487
8000380144044,false,גרדנה וופל מצופה שוקולד חלב לואקר 200 גרם,"א. לואקר , AG/SpA, ו",IT,וופל גרדנה שוקולד 20,גרמים,200.00,100 גרם,false,,13.90,0.0695,true,1,113436
8000380148035,false,וופל אגוזי לוג שוקולד מריר גראן פטיסרי Gran Pasticceria,קריניציה ויטמינה אס,IT,גרנד פטיסרי מריר אגו,גרמים,100.00,100 גרם,false,,11.90,0.1190,false,1,191768
8000380152728,false,מארז חטיפי אצבעות גרנדה שוקולד 125 גרם,"אינסטנטה בע""מ",IT,חטיפי אצבעות שוקולד,גרמים,125.00,100 גרם,false,,14.00,0.1120,true,1,137966
8000380153534,false,מארז וופל שוקולד טורטינה Tortina שוקולד לבן,ליימן מותגים,IT,טורטינה שישיות לבן,גרמים,125.00,100 גרם,false,,16.00,0.1280,true,1,142978
8000380156573,false,לואקר בונבוניירה ורד הדולמיטים 150 גרם,קריניציה ויטמינה אס,IT,דולומיטים 150 גר',גרמים,150.00,100 גרם,false,,25.90,0.1727,true,1,149843
8000380157440,false,שוקולד חלב עם וופל במילוי קרם אגוזי לוז,"אינסטנטה בע""מ",IT,שוקולד חלב ממולא קרם,גרמים,85.00,100 גרם,false,,6.90,0.0812,true,1,194298
8000380157570,false,וופלים לואקר קלאסיק אגוז 262.5 גר,ליימן מותגים,AT,וופל לואקר אגוז 262.,גרמים,262.50,100 גרם,false,,10.00,0.0381,true,1,194932
8000380157587,false,וופלים לואקר קלאסיק קקאו 262.5 גר,ליימן מותגים,AT,וופל לואקר קרם קקאו,גרמים,262.50,100 גרם,false,,10.00,0.0381,true,1,198345
8000380180721,false,לואקר וופל קקאו במילוי קרם חלבי 175 גר,קריניציה ויטמינה אס,AT,לואקר שוקו חלב 175 ג,גרמים,175.00,100 גרם,false,,10.90,0.0623,true,1,191110
8000380180745,false,קוביות וופל קואדרטיני קקאו במילוי קר חלב,"א. לואקר, קונפקט ג'י",AT,וופל קואדרטיני 250 ג,גרמים,250.00,100 גרם,false,,13.90,0.0556,true,1,191111
8000380180837,false,וופל שוקולד לבן וקוקוס גראן פטיסרי Gran Pasticceria,"אינסטנטה בע""מ",IT,גרנד פטיסרי לבן 100,גרמים,100.00,100 גרם,false,,11.90,0.1190,true,1,193764
8000380181032,false,"לואקר גרדנה חטיפי אצבעות אגוזים ושוקולד לבן, 125 גרם","אינסטנטה בע""מ",IT,וופל גרדנה לבן 125 ג,גרמים,125.00,100 גרם,false,,14.00,0.1120,true,1,193765
8000380185337,false,לואקר מיניס מארז עפר,לואקר,,לואקר מיניס מארז עיפ,גרמים,100.00,100 גרם,false,,13.90,0.1390,true,1,261435
8000380192151,false,טורטינה טריפל שוקולד מריר 125 גר לואקר,ליימן מותגים,IT,טורטינה טריפל שישייה,גרמים,125.00,100 גרם,false,,16.00,0.1280,true,1,210196
8000380192199,false,וופל לואקר דאבל שוקולד 175 גרם,ליימן מותגים,AT,וופל לואקר 175 גר' ד,גרמים,175.00,100 גרם,false,,10.90,0.0623,true,1,206863
8000380192243,false,וופלים לואקר מקסי בטעם אגוז 200 גר',לואקר Loacker,IT,לואקר מקסי אגוז 200,גרמים,200.00,100 גרם,false,,12.50,0.0625,true,1,218402
8000380192250,false,וופלים לואקר מקסי בטעם שוקולד 200 גר',לואקר Loacker,IT,לואקר מקסי שוקולד 20,גרמים,200.00,100 גרם,false,,12.50,0.0625,true,1,218403
8000380192588,false,קואדרטיני בטעם קקאו במילוי קרם קקאו,קריניציה ויטמינה אס,AT,לואקר קואדרטיני דאבל,גרמים,250.00,100 גרם,false,,13.90,0.0556,true,1,206864
8000380198221,false,וופלים לואקר מקסי דאבל שוקולד 200 גר',לואקר Loacker,AT,מקסי דאבל שוקולד 200,גרמים,200.00,100 גרם,false,,12.50,0.0625,true,1,219754
8000380201396,false,שוקולד חלב ממולא קרם קרמל ועלי וופל פריכ,ליימן מותגים,IT,טורטינה קרמל שישייה,גרמים,126.00,100 גרם,false,,16.00,0.1270,true,1,217929
8000380205400,false,קוביות וופל קואדרטיני בטעם חמאת בוטנים,ליימן מותגים,AT,לואקר קואדרטיני חמאת,גרמים,250.00,100 גרם,false,,13.90,0.0556,true,1,262807
8000380205523,false,וופל לואקר קלאסיק חמאת בוטנים 175 גר,ליימן מותגים,AT,לואקר וופל קלאסיק חמ,גרמים,175.00,100 גרם,false,,10.90,0.0623,true,1,262808
8000380206896,false,וופל לואקר גרדנה חמאת בוטנים 200 גר,ליימן מותגים,IT,גרדנה חמאת בוטנים לו,גרמים,200.00,100 גרם,false,,13.90,0.0695,true,1,262964
8000380207183,false,שוקולד לואקר טורטינה חמאת בוטנים 126 גר,ליימן מותגים,IT,טורטינה חמאת בוטנים,גרמים,126.00,100 גרם,false,,16.00,0.1270,true,1,262963
8000500009673,false,בונבוניירת פררו רושה 300 גרם,קריות זול,IT,בונבוניירה רושר 300ג,גרמים,300.00,100 גרם,false,,45.90,0.1530,true,1,102239
8000500023624,false,חטיפי הפי היפו Happy Hippo במילוי קרם חלב וקקאו,קינדר Kinder,IT,חטיף קינדר הפי היפו,גרמים,100.00,100 גרם,false,,12.90,0.1290,true,1,114172
8000500023976,false,בונבוניירת רפאלו פררו 150 גרם,קריות זול,PL,בונבונירה רפאלו 150,גרמים,150.00,100 גרם,false,,16.90,0.1127,true,1,102240
8000500026731,false,שוקולד ביצי הפתעה קינדר שלישייה,קריות זול,IT,ביצי קינדר שלישייה,גרמים,60.00,100 גרם,false,,16.50,0.2750,false,1,186971
8000500028124,false,קינדר גוי ביצת הפתעה מארז שלישיה,ליימן שליסל,ZA,שלישיה קינדר ג'וי 3x,גרמים,60.00,100 גרם,false,,16.50,0.2750,false,1,233178
8000500029350,false,מארז וופל מצופה 3יח' *43 גרם קינדר בואנו,קינדר Kinder,PL,שלישיה שוקולד קינדר,גרמים,129.00,100 גרם,false,,10.90,0.0845,true,1,102242
8000500032237,false,בונבוניירה פררו רושר 375 גר,פררו רושר,IT,בונבונירה רושר 375 ג,גרמים,375.00,100 גרם,false,,45.90,0.1224,true,1,102243
8000500037874,false,בונבוניירת פררו רושה 200 גרם,קריות זול,IT,בונבונירה רושר 200 ג,גרמים,200.00,100 גרם,false,,25.90,0.1295,false,1,102246
8000500071083,false,אצבעות שוקולד קינדר Kinder שש עשרה יחידות,קינדר Kinder,IT,שוקולד קינדר 200 גר',גרמים,200.00,100 גרם,false,,12.90,0.0645,false,1,102247
8000500121436,false,מארז קינדר בואנו Kinder Bueno לבן שלוש יחידות,קינדר Kinder,PL,שלישיה קינדר בואנו ל,גרמים,129.00,100 גרם,false,,10.90,0.0845,true,1,128913
8000500126325,false,ביצי שוקולד הפתעה קינדר ג'וי ורוד בנות שלישיה,קריות זול,ZA,קינדר ג'וי ורוד שליש,יחידה,0.00,יחידה,false,,16.50,0.0000,true,1,147851
8000500127728,false,סלייס עוגת ספוג במילוי קרם חלבי ק'נדר מילק 112 ג',קינדר Kinder,TR,קינדר מילק סלייס עוג,גרמים,112.00,100 גרם,false,,11.90,0.1063,true,1,218004
8000500167656,false,קינדר שוקולד עם דגנים סיריאל 94 ג',פררו,IT,קינדר סיריאל מארז רב,גרמים,94.00,100 גרם,false,,8.50,0.0904,true,1,209444
8000500172810,false,סוכריות בטעם תות שדה מנטה- מארז רביעייה,טיק טק Tic Tac,EC,סוכריות טיק טק תות ר,גרמים,49.00,100 גרם,false,,9.90,0.2020,true,1,147212
8000500227848,false,נוטלה - בי רדי אצבעות ביסקוויט במילוי שוקולד 6 יח' * 22 גרם,פררו,IT,וופל מלוח נוטלה מארז,גרמים,132.00,100 גרם,false,,11.90,0.0902,true,1,204862
8000500249352,false,קינדר בואנו מיני מיקס שקית 205 ג',קדבורי,PL,בואנו מיני מיקס,גרמים,205.00,100 גרם,false,,18.90,0.0922,true,1,201561
8000500256213,false,קינדר שוקולד מיני בשקית.,קדבורי,IT,קינדר שוקולד מיני,גרמים,120.00,100 גרם,false,,10.90,0.0908,true,1,261302
8000500267103,false,קינדר דליס עוגת ספוג קקאו במילוי חלבי*10,קינדר Kinder,IT,קינדר דליס עשירייה,גרמים,390.00,100 גרם,false,,19.90,0.0510,true,1,203715
8000500269169,false,קינדר קארדס Kinder Cards - חמישייה,קריות זול,IT,קינדר קארדס חמישייה,גרמים,128.00,100 גרם,false,,12.90,0.1008,true,1,263460
8000500328750,false,כדור וופל פריך מצופה שוקולד פררו רושר 141 ג',פררו,DE,בונבוניירה פררו רונד,גרמים,141.00,100 גרם,false,,24.90,0.1766,true,1,217774
8000500353738,false,רביעיה סוכריות בטעם מנטה חזק 4 * 16 ג' טחק טק,פררו,ZA,סוכריות טיק טק רביעי,גרמים,64.00,100 גרם,false,,9.90,0.1547,true,1,215281
8000500386941,false,"ממרח קקאו עם אגוזי לוז, 900 גרם",קדבורי,IT,ממרח נוטלה 900 גר',גרמים,900.00,100 גרם,false,,27.90,0.0310,false,1,262252
8001003100218,false,סוכריות יוגטה ג'לי פירות 800 גר',תות ממתקי איכות,IT,יוגטה ג'לי פירות 800,גרמים,800.00,100 גרם,false,,20.00,0.0250,true,1,163005
8001003202028,false,יוגטה סוכריות גלי בטעם מנטה 80גר,יוגטה,IT,יוגטה ג'לי בטעם מנטה,גרמים,80.00,100 גרם,false,,4.50,0.0563,true,1,262345
8001003202035,false,יוגטה סוכריות ג'לי בטעם פירות 80 ג',יוגטה,IT,יוגטה ג'לי בטעם פירו,גרמים,80.00,100 גרם,false,,4.50,0.0563,true,1,262346
8001090016003,false,טבליות למדיח פיירי 84 יחידות,פרוקטר אנד גמבל,FR,טבליות פיירי 84 יח ל,גרמים,1182.00,100 גרם,false,,49.90,0.0422,false,1,195885
8001090111685,false,תחתונים אולוויז דיסקריט מידה L לבריחת שתן,אולוויז Always,DE,אולוויז דיסקרט תחתונ,יחידה,0.00,יחידה,false,,34.90,0.0000,false,1,204060
8001090111715,false,תחתונים אולוויז דיסקריט מידה M לבריחת שתן,אולוויז Always,DE,אולוויז דיסקריט תחתו,יחידה,0.00,יחידה,false,,34.90,0.0000,false,1,204061
8001090222428,false,"הרבל אסנסס - שמפו חלב קוקוס 400 מ""ל",הרבל אסנס Herbal Essences,FR,הרבל אסנסס שמפו חלב,מיליליטרים,400.00,"100 מ""ל",false,,17.90,0.0447,true,1,208176
8001090222541,false,"שמפו הרבל אסנסס תות שדה ומנטה 400 מ""ל",הרבל אסנס Herbal Essences,FR,הרבל אסנסס שמפו תות,מיליליטרים,400.00,"100 מ""ל",false,,17.90,0.0447,true,1,208178
8001090222572,false,"מרכך הרבל אסנסס תות שדה ומנטה 400 מ""ל",הרבל אסנס Herbal Essences,FR,הרבל אסנסס מרכך תות,מיליליטרים,400.00,"100 מ""ל",false,,17.90,0.0447,true,1,208179
8001090222725,false,"הרבל אסנסס - שמפו שמן מורינגה 400 מ""ל",הרבל אסנס Herbal Essences,FR,הרבל אסנסס שמפו שמן,מיליליטרים,400.00,"100 מ""ל",false,,17.90,0.0447,true,1,208180
8001090222756,false,"הרבל אסנס מרכך תות שמן מורינגה 400 מ""ל",הרבל אסנס Herbal Essences,FR,הרבל אסנסס מרכך שמן,יחידה,0.00,יחידה,false,,17.90,0.0000,true,1,208181
8001090222848,false,"הרבל אסנסס - שמפו שיקום שמן ארגן 400 מ""ל",הרבל אסנס Herbal Essences,FR,הרבל אסנסס שמפו שיקו,מיליליטרים,400.00,"100 מ""ל",false,,17.90,0.0447,true,1,208182
8001090222879,false,"הרבל אסנסס - מרכך שיקום שמן ארגן 400 מ""ל",הרבל אסנס Herbal Essences,FR,הרבל אסנסס מרכך שיקו,מיליליטרים,400.00,"100 מ""ל",false,,17.90,0.0447,true,1,208183
8001090290830,false,"משחת שיניים אורל בי 3D white פנינה בוהקת 75 מ""ל",פרוקטר אנד גמבל,DE,אורל בי משחת שיניים3,100 מל,75.00,100 מל,false,,19.90,0.2653,true,1,219559
8001090290939,false,"משחת שיניים אורל בי 3D white לבן בוהק 500 מ""ל",פרוקטר אנד גמבל,DE,אורל בי משחת שיניים3,100 מל,75.00,100 מל,false,,19.90,0.2653,true,1,219560
8001090336408,false,חיתולים בייבי דריי מידה 3 38 יח' פמפרס,פרוקטר אנד גמבל,DE,פמפרס בייבי דריי מיד,יחידה,0.00,יחידה,false,,31.90,0.0000,false,1,210110
8001090336491,false,פמפרס בייבי דריי חיתולים מידה +4 31 יח,פרוקטר אנד גמבל,DE,פמפרס בייבי דריי מיד,יחידה,0.00,יחידה,false,,31.90,0.0000,false,1,210112
8001090336521,false,פמפרס בייבי דריי חיתולים מידה 5 30 יח,פרוקטר אנד גמבל,DE,פמפרס בייבי דריי מיד,יחידה,0.00,יחידה,false,,31.90,0.0000,false,1,210113
8001090364104,false,"משחת שיניים אורל בי G&E אורגינל 75 מ""ל",פרוקטר אנד גמבל,DE,משחת שיניים אורל בי,100 מל,75.00,100 מל,false,,15.90,0.2120,true,1,219555
8001090375186,false,"פנטן מרכך מרוכז לצבע מלא חיים 200 מ""ל",פרוקטר אנד גמבל,FR,פנטן מרכך הקסם 200 מ,מיליליטרים,200.00,"100 מ""ל",false,,18.90,0.0945,true,1,200657
8001090375230,false,"מרכך מרוכז 200 מ""ל לחות מוגברת ""פנטן""",פרוקטר אנד גמבל,FR,פנטן מרכך הקסם 200 מ,מיליליטרים,200.00,"100 מ""ל",false,,18.90,0.0945,true,1,200658
8001090375285,false,"פנטן מרכך מרוכז 200 מ""ל למגע רך כשמי",פרוקטר אנד גמבל,FR,פנטן מרכך הקסם 200 מ,מיליליטרים,200.00,"100 מ""ל",false,,18.90,0.0945,true,1,200659
8001090377487,false,מסכה לשיער פנטן לחות מוגברת 300 מל,פרוקטר אנד גמבל,RO,מסכה אינטנסיבית לשיע,מיליליטרים,300.00,"100 מ""ל",false,,33.90,0.1130,true,1,205489
8001090379337,false,פמפרס פרימיום קר חיתולים שלב 3 40 יח VP,פרוקטר אנד גמבל,PL,חיתולי פמפרס פרימיום,יחידה,0.00,יחידה,false,,31.90,0.0000,false,1,260981
8001090379368,false,פמפרס פרימיום קר חיתולים שלב 4 34 יח VP,פרוקטר אנד גמבל,PL,חיתולי פמפרס פרימיום,יחידה,0.00,יחידה,false,,31.90,0.0000,false,1,260976
8001090379399,false,פמפרס פרימיום קר חיתולים שלב 5 30 יח VP,פרוקטר אנד גמבל,PL,חיתולי פמפרס פרימיום,יחידה,0.00,יחידה,false,,31.90,0.0000,false,1,260977
8001090458322,false,פיירי ורדים משי 1.015 מלי,פרוקטר & גמבל,GB,פיירי 1.015 ליטר ורד,ליטרים,1.01,ליטר,false,,13.90,13.7624,false,1,198755
8001090458353,false,סבון כלים פעולה אנטי-בקטריאלית אקליפטוס,פרוקטר אנד גמבל,US,פיירי אנטי בקטריאלי,מיליליטרים,515.00,"100 מ""ל",false,,9.90,0.0192,false,1,197857
8001090493637,false,"הד אנד שולדרס שמפו אולטרא טוטאל קר 450 מ""ל",פרוקטר אנד גמבל,RO,הד אנד שולדרס שמפו ט,מיליליטרים,450.00,"100 מ""ל",false,,16.90,0.0376,true,1,198903
8001090580122,false,"הד אנד שולדרס שמפו סופרים משקם 400 מ""ל",פרוקטר אנד גמבל,FR,שמפו שולדרס משקם 400,מיליליטרים,400.00,"100 מ""ל",false,,16.90,0.0422,true,1,206105
8001090645487,false,"שמפו הרבל אסנסס גינגר 400 מ""ל",הרבל אסנס Herbal Essences,FR,הרבל אסנסס שמפו ג'ינ,מיליליטרים,400.00,"100 מ""ל",false,,17.90,0.0447,true,1,218331
8001090645517,false,"מרכך הרבל אסנסס גינגר 400 מ""ל",הרבל אסנס Herbal Essences,FR,הרבל אסנסס מרכך ג'ינ,מיליליטרים,400.00,"100 מ""ל",false,,17.90,0.0447,true,1,218330
8001090678614,false,"שמפו סופרים לחות הד אנד שולדרס 400 מ""ל",פרוקטר אנד גמבל,FR,שמפו שולדרס לחות 400,מיליליטרים,400.00,"100 מ""ל",false,,16.90,0.0422,true,1,206106
8001090721099,false,טבליות ג'ל לכביסה 3 ב-1 בניחוח אביב הרים,פרוקטר אנד גמבל,FR,אריאל קפסולות לכביסה,יחידה,0.00,יחידה,false,,29.90,0.0000,true,1,203724
8001090721129,false,אריאל קפסולות גל לכביסה 3ב1 קולור 27 יח,פרוקטר אנד גמבל,FR,אריאל קפסולות לכביסה,יחידה,0.00,יחידה,false,,29.90,0.0000,true,1,203725
8001090737809,false,מגן תחתון אולוויז סינגל טנגה 36 יחידות,פרוקטר אנד גמבל,ES,מגן תחתון אולוויז סי,יחידה,0.00,יחידה,false,,16.90,0.0000,false,1,203350
8001090745903,false,אבקת כביסה טייד פרש אלפיין 4 קג,פרוקטר אנד גמבל,TR,טייד אלפיין פרש 4 קג,קילוגרמים,4.00,"ק""ג",false,,29.90,7.4750,false,1,210773
8001090748607,false,לנור מרכך כביסה מרוכז מיסתרי 1 ל',,SA,לנור מרכך מרוכז 1 לי,ליטרים,1.00,ליטר,false,,27.90,27.9000,true,1,208291
8001090802385,false,קפסולות גל לכביסה טייד בניחוח לנור 26 יח,פרוקטר אנד גמבל,FR,טייד קפסולות ג'ל 26,גרמים,100.00,100 גרם,false,,26.90,0.2690,false,1,213802
8001090810120,false,פנטן קונדישנר מרוקאי,פרוקטר אנד גמבל,RO,פנטן קונדישנר מרוקאי,מיליליטרים,500.00,"100 מ""ל",false,,14.90,0.0298,false,1,203858
8001090810403,false,שמפו למגע רך כמשי פנ,פנטן שמפן/מרכך 500 מ,RO,פנטן שמפו למגע רך כמ,מיליליטרים,500.00,"100 מ""ל",false,,14.90,0.0298,false,1,203851
8001090832450,false,"שמפו פנטן הנוסחה הקלאסית 660 מ""ל",פרוקטר אנד גמבל,RO,פנטן שמפו נוסחה קלאס,מיליליטרים,660.00,"100 מ""ל",false,,17.90,0.0271,false,1,215611
8001090832535,false,"שמפו פנטן שמן מרוקאי משקם 660 מ""ל",פרוקטר אנד גמבל,RO,פנטן שמפו שמן מרוקאי,מיליליטרים,660.00,"100 מ""ל",false,,17.90,0.0271,false,1,215613
8001090832573,false,"שמפו פנטן לחות מוגברת 660 מ""ל",פרוקטר אנד גמבל,RO,פנטן שמפו לחות מוגבר,מיליליטרים,660.00,"100 מ""ל",false,,17.90,0.0271,false,1,215614
8001090832610,false,"שמפו פנטן למגע רך כמשי 660 מ""ל",פרוקטר אנד גמבל,RO,פנטן שמפו למגע רך כמ,מיליליטרים,660.00,"100 מ""ל",false,,17.90,0.0271,false,1,215615
8001090832696,false,"פנטן שמפו לתלתלים מושלמים 660 מ""ל",פרוקטר אנד גמבל,RO,פנטן שמפו לתלתלים מו,מיליליטרים,660.00,"100 מ""ל",false,,17.90,0.0271,false,1,215617
8001090832771,false,"פנטן שמפו להזנת קרטין 660 מ""ל",פרוקטר אנד גמבל,RO,פנטן שמפו הזנת קרטין,מיליליטרים,660.00,"100 מ""ל",false,,17.90,0.0271,false,1,215619
8001090832818,false,מרכך פנטן הנוסחה הקלאסית לשיער רגיל ומעורב,פרוקטר אנד גמבל,RO,פנטן קונדישנר נוסחה,מיליליטרים,660.00,"100 מ""ל",false,,17.90,0.0271,false,1,215621
8001090832856,false,"פנטן 660 מ""ל קונדישינר מרוקאי משקם",פרוקטר אנד גמבל,RO,פנטן קונדישנר מרוקאי,מיליליטרים,660.00,"100 מ""ל",false,,17.90,0.0271,false,1,215622
8001090832894,false,מרכך לשיער חלש ופגום לחות מוגברת,פרוקטר אנד גמבל,RO,פנטן קונדישנר לחות מ,מיליליטרים,660.00,"100 מ""ל",false,,17.90,0.0271,false,1,215623
8001090832931,false,"פנטן 660 מ""ל קונדישינר למגע רך כמשי",פרוקטר אנד גמבל,RO,פנטן קונדישנר למגע ר,מיליליטרים,660.00,"100 מ""ל",false,,17.90,0.0271,false,1,215624
8001090832979,false,"פנטן 660 מ""ל קונדישינר לתלתלים מושלמים",פנטן שמפו ומרכך ב 17,RO,פנטן מרכך לתלתלים מו,מיליליטרים,660.00,"100 מ""ל",false,,17.90,0.0271,false,1,215625
8001090833051,false,"פנטן 660 מ""ל קונדישינר הזנת קרטין",פנטן שמפו ומרכך ב 17,RO,פנטן מרכך הזנת קרטין,מיליליטרים,660.00,"100 מ""ל",false,,17.90,0.0271,false,1,215627
8001090833136,false,אריאל ג'ל כביסה בייבי 2.255 ליטר,פרוקטר אנד גמבל,FR,אריאל ג'ל בייבי 2.25,ליטרים,2.26,ליטר,false,,27.90,12.3451,false,1,205028
8001090833167,false,גל כביסה אריאל בניחוח הרים 2.365 ליטר,פרוקטור אנד גמבל,FR,אריאל ג'ל כביסה 2.36,ליטרים,2.37,ליטר,false,,27.90,11.7722,false,1,205029
8001090833198,false,אריאל נוזל כביסה 2.47 ליטר ניחוח מרענן,פרוקטור אנד גמבל,FR,אריאל ג'ל כביסה 2.36,ליטרים,2.37,ליטר,false,,27.90,11.7722,false,1,205030
8001090833228,false,אריאל ג'ל כביסה קולור 2.365 ליטר,פרוקטר אנד גמבל,FR,אריאל ג'ל כביסה 2.36,ליטרים,2.37,ליטר,false,,27.90,11.7722,false,1,205031
8001090833259,false,גל כביסה אריאל בניחוח הרים 3.740 ליטר,פרוקטר אנד גמבל,FR,אריאל ג'ל כביסה 3.74,ליטרים,3.74,ליטר,false,,42.90,11.4706,false,1,205027
8001090861795,false,"פנטן שמפו סופר פוד 660 מ""ל",דיפלומט,RO,פנטן שמפו סופר פוד,מיליליטרים,660.00,"100 מ""ל",false,,17.90,0.0271,false,1,215620
8001090886385,false,לנור כדוריות הבושם בניחוח רענן 140 גרם,פרוקטר אנד גמבל,US,לנור כדוריות הבושם ר,גרמים,140.00,100 גרם,false,,18.90,0.1350,true,1,214778
8001090886460,false,לנור כדוריות הריח בניחוח אביבי 140 גרם,פרוקטר אנד גמבל,US,לנור כדוריות בושם בנ,גרמים,140.00,100 גרם,false,,18.90,0.1350,true,1,209010
8001090891273,false,לנור כדוריות בושם בניחוח סחלב 210 גרם,פרוקטר אנד גמבל,US,לנור כדוריות הבושם ס,גרמים,210.00,100 גרם,false,,27.90,0.1329,true,1,214779
8001090899194,false,תחבושות אולוויז פלטינום נורמל 24 יח',פרוקטר אנד גמבל,DE,תחבושות אולוויז פלטי,יחידה,0.00,יחידה,false,,16.90,0.0000,true,1,209877
8001090899224,false,תחבושות אולוויז פלטינום לונג 20 יח',פרוקטר אנד גמבל,DE,תחבושות אולוויז פלטי,יחידה,0.00,יחידה,false,,16.90,0.0000,true,1,209878
8001090988881,false,מרכך פנטן קונדישנר למגע רך כמשי 500 מל,פרוקטר אנד גמבל,,פנטן קונדישנר למגע ר,מיליליטרים,500.00,"100 מ""ל",false,,14.90,0.0298,false,1,203855
8001090988928,false,פנטן קונדישנר לשיקום,פרוקטר אנד גמבל,,פנטן קונדישנר לשיקום,מיליליטרים,500.00,"100 מ""ל",false,,14.90,0.0298,false,1,203856
8001090992338,false,פיירי טבליות למדיח פלטינום פלוס 50 יחידו,פרוקטר אנד גמבל,BE,פיירי קפסולות למדיח,יחידה,0.00,יחידה,false,,49.90,0.0000,true,1,212594
8001160001786,false,"משקה אנרגיה גטורייד ספורט כחול 500מ""ל",סאן בנדטו אס פי איי,IT,גטורייד ספורט כחול,מיליליטרים,590.00,"100 מ""ל",false,,9.50,0.0161,true,1,140058
8001160001892,false,"משקה אנרגיה גטורייד ספורט תפוז אדום 500מ""ל",פארייפאבה אגרואינדוס,IT,גטורייד-ספורט תפוז א,מיליליטרים,500.00,"100 מ""ל",false,,9.50,0.0190,true,1,140798
8001250009999,false,ניוקי דה ציקו תפוא 5,דה צ'אקו DE CECCO,,דה צ'קו ניוקי תפוחי,גרמים,500.00,100 גרם,false,,8.90,0.0178,true,1,135551
8001250861764,false,קמח מחיטת דורום דה צ,דה צקו,IT,קמח חיטת דורום 1,יחידה,0.00,יחידה,false,,15.90,0.0000,true,1,140138
8001440118944,false,CIRIO מארז שלישיית עגבניות חתוכות דק,דיפלומט,IT,שלישיית עגבניות פולפ,גרמים,400.00,100 גרם,false,,14.90,0.0373,true,1,262277
8001440120756,false,עגבניות בחתיכות עם ב,,,צ'ריו עגבניות עם בזי,יחידה,400.00,יחידה,false,,8.90,0.0223,true,1,149314
8001440124167,false,"רוטב פומודורו לפסטה צ'ריו 446 מ""ל CIRIO",,,רוטב פומודורו לפסטה,מיליליטרים,446.00,"100 מ""ל",false,,11.90,0.0267,true,1,262279
8001440124181,false,"רוטב עגבניות בזיליקום לפסטה צ'ריו 446 מ""ל CIRIO",,,רוטב עגבניות בזיליקו,מיליליטרים,446.00,"100 מ""ל",false,,11.90,0.0267,true,1,262280
8001585001040,false,עוגה בלקוני מיקס מקס,קריות זול,,עוגה בלקוני מיקס מקס,גרמים,250.00,100 גרם,false,,13.90,0.0556,true,1,140761
8001585001071,false,עוגה אישית 10יח מיקס,BALCONI,,מיקס מילק עוגת ספוג,גרמים,350.00,100 גרם,false,,13.90,0.0397,true,1,140762
8001620011935,false,"סן בנדטו- מים מינרלים מוגז - מארז שישיית 500 מ""ל",אקווה מינרלה סאן בנד,IT,סאן בנדטו מוגז שישיי,ליטרים,3.00,ליטר,false,,12.90,4.3000,false,1,133942
8001620015629,false,"משקה פירות בטעם תפוז ותפוז אדום 400 מ""ל פרוטה",אקווה מינרלה סאן בנד,IT,סן בנדטו משקה פירות,מיליליטרים,400.00,"100 מ""ל",false,,6.50,0.0163,true,1,260738
8001620015636,false,"משקה פירות פרוטה-מיקס פירות 400 מ""ל סאן בנדטו",אקווה מינרלה סאן בנד,IT,סאן בנדטו מיקס פירות,מיליליטרים,400.00,"100 מ""ל",false,,6.50,0.0163,true,1,218064
8001620017449,false,"סן בנדטו ספורט, מים מינרלים טבעיים 500 מל",סן בנדטו,,סאן בנדטו פלסטיק 500,מיליליטרים,500.00,"100 מ""ל",false,,3.00,0.0060,true,1,201334
8001620017456,false,"סן בנדטו ספורט, מים מינרלים טבעיים 500 מ""ל שישייה",סאן בנדטו San Benedetto,,סאן בנדטו פקק ספורט,ליטרים,3.00,ליטר,false,,13.90,4.6333,true,1,201327
8001620018248,false,"מים מינרלים 750 מ""ל סאן בנדטו-פקק ספורט",סאן בנדטו San Benedetto,,סאן בנדטו פקק ספורט,מיליליטרים,750.00,"100 מ""ל",false,,3.90,0.0052,true,1,207075
8001620018408,false,"משקה פירות בטעם מנגו תפוח 400 מ""ל פרוטה",אקווה מינרלה סאן בנד,IT,סן בנדטו משקה פירות,מיליליטרים,400.00,"100 מ""ל",false,,6.50,0.0163,true,1,260739
8001620019160,false,"סן בנדטו אפרסק 400 מ""ל 12 יח'",אקווה מינרלה סאן בנד,IT,מים סן בנדטו אפרסק 4,מיליליטרים,400.00,"100 מ""ל",false,,5.90,0.0147,true,1,263892
8001620019177,false,"סן בנדטו ענבים 400 מ""ל 12 יח'",אקווה מינרלה סאן בנד,IT,מים סן בנדטו ענבים 4,מיליליטרים,400.00,"100 מ""ל",false,,5.90,0.0147,true,1,263893
8001841006710,false,לנור כדוריות הריח בניחוח רענן 210 גרם,פרוקטר אנד גמבל,US,לנור כדוריות הבושם ר,גרמים,210.00,100 גרם,false,,27.90,0.1329,true,1,214780
8001841006833,false,לנור כדוריות הבושם בניחוח אביבי 210 ג',פרוקטר אנד גמבל,,לנור כדוריות הבושם א,גרמים,210.00,100 גרם,false,,27.90,0.1329,true,1,214781
8001841041421,false,מגבונים ללא בישום אריזה בודדת 80 יח' פמפרס,פרוקטר & גמבל,DE,פמפרס מגבונים בניחוח,יחידה,0.00,יחידה,false,,5.90,0.0000,true,1,264452
8001841053684,false,תחבושות אולוויז עבה לונג פלוס 12 יחידות,פרוקטר אנד גמבל,HU,תחבושות אולוויז עבה,יחידה,0.00,יחידה,false,,11.90,0.0000,true,1,219366
8001841053806,false,תחבושות היגייניות אולוויז מקסי עבה לילה,פרוקטר & גמבל,HU,תחבושות אולוויז עבה,יחידה,0.00,יחידה,false,,11.90,0.0000,true,1,219361
8001841062624,false,פמפרס מגבונים לחים ללא בישום רביעייה,פרוקטר אנד גמבל.,DE,מגבוני פמפרס ללא ביש,יחידה,0.00,יחידה,false,,15.90,0.0000,true,1,215629
8001841077949,false,מארז מגבוני פמפרס בניחוח מרענן - רביעייה,פרוקטר אנד גמבל,DE,פמפרס מגבונים פרש,יחידה,0.00,יחידה,false,,15.90,0.0000,false,1,208640
8001841104799,false,פמפרס פרימיום קר חיתולים שלב 2 46 יח VP,פרוקטר אנד גמבל,PL,חיתולי פמפרס פרימיום,יחידה,0.00,יחידה,false,,31.90,0.0000,false,1,260979
8001841105093,false,פמפרס פרימיום קר חיתולים שלב 6 26 יח VP,פרוקטר אנד גמבל,PL,חיתולי פמפרס פרימיום,יחידה,0.00,יחידה,false,,31.90,0.0000,false,1,260980
8001841137179,false,קונדישינר הד&שולדרס הנוסחה הקלאסית 275מל,פרוקטר אנד גמבל,RO,הד אנד שולדרס קונדיש,מיליליטרים,275.00,"100 מ""ל",false,,14.90,0.0542,true,1,209656
8001841137216,false,"קונדישנר למגע רך כמשי הד אנד שולדרס 275 מ""ל",פרוקטר אנד גמבל,RO,הד אנד שולדרס קונדיש,מיליליטרים,275.00,"100 מ""ל",false,,14.90,0.0542,true,1,209657
8001841198347,false,גילט דאודורנט ספריי CW 150 מל,פרוקטר אנד גמבל,GB,"דאוד' ג'ילט 150 מ""ל",מיליליטרים,150.00,"100 מ""ל",false,,15.90,0.1060,true,1,210898
8001841272757,false,אורל-בי משחת שיניים להלבנה פחם- לניקוי עמוק,פרוקטר אנד גמבל,DE,אורל בי משחת שיניים,מיליליטרים,75.00,"100 מ""ל",false,,19.90,0.2653,true,1,260486
8001841500799,false,"הרבל אסנסס - שמפו ללא סולפטים אלוורה ומנגו 380 מ""ל",הרבל אסנס Herbal Essences,FR,הרבל אסנס שמפו ללא ס,מיליליטרים,380.00,"100 מ""ל",false,,17.90,0.0471,true,1,216098
8001841500942,false,"הרבל אסנסס - שמפו ללא סולפטים אלוורה ובמבוק 380 מ""ל",הרבל אסנס Herbal Essences,FR,הרבל אסנס שמפו ללא ס,מיליליטרים,380.00,"100 מ""ל",false,,17.90,0.0471,true,1,216099
8001841502601,false,"הרבל אסנסס - מרכך ללא סולפטים אלוורה ובמבוק 275 מ""ל",הרבל אסנס Herbal Essences,FR,הרבל אסנס מרכך ללא ס,מיליליטרים,275.00,"100 מ""ל",false,,17.90,0.0651,true,1,216101
8001841566771,false,לנור כדוריות בושם בניחוח יסמין 210 גרם,פרוקטר אנד גמבל,US,לנור כדוריות הבושם ב,גרמים,210.00,100 גרם,false,,27.90,0.1329,true,1,214782
8001841625188,false,סבון כלים פלטינום לימון X3 פעולות להסרת שומנים,פרוקטר אנד גמבל,GB,פיירי פלטיניום לימון,מיליליטרים,515.00,"100 מ""ל",false,,9.90,0.0192,false,1,213019
8001841625287,false,סבון כלים פלטינום לימון X3 פעולות להסרת שומנים,פרוקטר אנד גמבל,GB,פיירי לימון 1.015 לי,ליטרים,1.01,ליטר,false,,13.90,13.7624,true,1,212481
8001841625461,false,סבון כלים פלטינום X3 פעולות להסרת שומנים,פרוקטר אנד גמבל,GB,פיירי פלטיניום 515 מ,מיליליטרים,515.00,"100 מ""ל",false,,9.90,0.0192,false,1,213020
8001841625508,false,סבון כלים פלטינום X3 פעולות להסרת שומנים,פרוקטר אנד גמבל,GB,פיירי פלטיניום אורגי,מיליליטרים,1015.00,"100 מ""ל",false,,13.90,0.0137,true,1,212634
8001841660530,false,קרם לחות מינרלס במבוק + חלבון משקם לשיער ארוך,פנטן Pantene,FR,פנטן מיראקלס קרם לחו,מיליליטרים,270.00,"100 מ""ל",false,,17.90,0.0663,true,1,218803
8001841669465,false,אריאל קפסולות לכביסה ג'ל 24 יח' בניחוח לנור,פרוקטר אנד גמבל,FR,אריאל קפסולות 24 יח,יחידה,0.00,יחידה,false,,29.90,0.0000,false,1,217427
8001841669519,false,אריאל קפסולות גל לכביסה 3ב1 רגיל 55 יח,פרוקטר אנד גמבל,FR,אריאל קפסולות כביסה,גרמים,1386.00,100 גרם,false,,54.90,0.0396,false,1,213913
8001841715957,false,"הד&שולדרס - ג'ל רחצה ושמפו ניקוי אינטנסיבי 360 מ""ל","נארז ע""י : א.ג. גילר",FR,הד אנד שולדרס ג'ל רח,מיליליטרים,360.00,"100 מ""ל",false,,18.90,0.0525,true,1,219074
8001841716312,false,הד אנד שולדרס ג'ל רחצה ושמפו ספורט 360מל,"פרוקטר אנד גמבל, צרפ",FR,הד אנד שולדרס ג'ל רח,מיליליטרים,360.00,"100 מ""ל",false,,18.90,0.0525,true,1,219075
8001841716596,false,"הד אנד שולדרס ג'ל רחצה ושמפו מרענן 360 מ""ל","נארז ע""י : א.ג. גילר",FR,הד אנד שולדרס ג'ל רח,מיליליטרים,360.00,"100 מ""ל",false,,18.90,0.0525,true,1,219077
8001841941929,false,אולוויז לילה בטוח אקסטרה 16יח תחבושות ול,פרוקטר אנד גמבל,DE,תחבושות אולוויז וליו,יחידה,0.00,יחידה,false,,16.90,0.0000,false,1,218807
8001841943961,false,לנור כדוריות בושם בניחוח אוקיינוס 210 גר,פרוקטר אנד גמבל,US,לנור כדוריות הבושם א,גרמים,210.00,100 גרם,false,,27.90,0.1329,true,1,214783
8001940000015,false,וילדה מטלית חלונות,,,מטלית וילדה לחלון,יחידה,0.00,יחידה,false,,13.90,0.0000,true,1,261767
8001940000213,false,וילדה מטלית ספוג 3 י,,,מטליות וילדה 3 יח',יחידה,0.00,יחידה,false,,13.90,0.0000,true,1,261770
8002066001399,false,אטריות ביצים טלייאטלה ללא גלוטן 250גר,,IT,אטריות ביצים ללא גלו,גרמים,250.00,100 גרם,false,,18.90,0.0756,true,1,217413
8002066001412,false,אטריות ביצים טליאוליני ללא גלוטן 250גר,,IT,אטריות ביצים ללא גלו,גרמים,250.00,100 גרם,false,,18.90,0.0756,true,1,217415
8002230000012,false,מארז משקה קוקטייל אפ,אלכוהול (איי.בי.בי),,אפרול -משקה אפרטיף,ליטרים,1.00,ליטר,false,,90.00,90.0000,true,1,197572
8002270015656,false,מים מינרליים טבעיים מוגזים סן פלגרינו 750 מל זכוכית,סן פלגרינו ס.פ.א לוק,IT,מים סאן פלגרינו,מיליליטרים,750.00,"100 מ""ל",false,,8.90,0.0119,true,1,113485
8002270166594,false,"שישיית מים ""סאן פלגרינו"" 250*6 מ""ל",טמפו,,שישייה סאן פלגרינו,ליטרים,1.50,ליטר,false,,29.90,19.9333,true,1,194504
8002270256790,false,אסנזה משקה מוגז בטעם תפוז דם ופטל שחור,סן פלגרינו San Pellegrino,,סן פלגרינו אסנזה תפו,מיליליטרים,3000.00,"100 מ""ל",false,,29.90,0.0100,true,1,262203
8002270866524,false,סן פלגרינו מים מינרליים טבעיים מוגזים,סן פלגרינו San Pellegrino,IT,סאן פלגרינו 1 ליטר,ליטרים,1.00,ליטר,false,,8.90,8.9000,true,1,141605
8002450201008,false,ורדי רספברי ספרקלטיני,איטליה בוסקה,IT,ורדי רסברי,מיליליטרים,750.00,"100 מ""ל",false,,22.90,0.0305,true,1,121763
8002450202005,false,ורדי ספרקלטיני אסאי Verdi acai Sparkletini,איטליה בוסקה,IT,ורדי ספרקלטיני אסאי,מיליליטרים,750.00,"100 מ""ל",false,,22.90,0.0305,true,1,140949
8002450204009,false,ורדי ספרקלטיני אפרסק,"איי, בי, אינבוו",IT,ספרקלטיני ורדי אפרס,מיליליטרים,750.00,"100 מ""ל",false,,22.90,0.0305,true,1,121764
8002450205006,false,משקה כהלי מוגז ורדי,איטליה בוסקה,IT,ורדי תות שדה,מיליליטרים,750.00,"100 מ""ל",false,,22.90,0.0305,true,1,196573
8002450208007,false,ורדי גרין אפל ספרקלטיני,איטליה בוסקה,IT,ורדי גרין אפל כשר,מיליליטרים,750.00,"100 מ""ל",false,,22.90,0.0305,true,1,140950
8002520022052,false,"מטרפה נירוסטה 30 ס""מ",,,"מטרפה נירוסטה 30 ס""מ",יחידה,0.00,יחידה,false,,28.90,0.0000,true,1,215917
8002522514036,false,מועך שום אלומיניום,,,מועך שום אלומיניום,יחידה,0.00,יחידה,false,,13.90,0.0000,true,1,212505
8002530147028,false,קפסולות מאורו צנטופר,,IT,קפסולות מאורו,יחידה,0.00,יחידה,false,,15.90,0.0000,false,1,263958
8002530155122,false,קפסולות מאורו פרמיום,,IT,קפה מאורו פרימיום קפ,גרמים,55.00,100 גרם,false,,15.90,0.2891,false,1,186840
8002530155221,false,קפה מאורו דלוקס קפסו,,IT,קפה מאורו דלוקס קפסו,גרמים,55.00,100 גרם,false,,15.90,0.2891,true,1,186841
8002910043476,false,ויט רצועות שעווה מוכנות לקו הביקיני 12 יחידות,רקיט בנקיזר צרפת,,ויט רצועות שעווה לבי,יחידה,0.00,יחידה,false,,19.90,0.0000,true,1,201839
8002960103199,false,CA70W 'רוטב פומודורינה בצנצנת 370 ג MENU,מנורה,IT,רוטב פומודורינה בצנצ,גרמים,370.00,100 גרם,false,,12.90,0.0349,true,1,262474
8003340091280,false,לינדט לינדור בונבוניירה 60% מוצקי קקאו 200 גרם,לינדט ושפרונגלי קילש,IT,בונבונירת לינדור 60%,גרמים,200.00,100 גרם,false,,29.90,0.1495,false,1,124877
8003653003000,false,מברשת לניקוי כלים,טונקיטה,IT,מברשת ניקוי כלים,יחידה,0.00,יחידה,false,,7.90,0.0000,true,1,214195
8003653005400,false,יעה נצמד,טונקיטה,IT,יעה נצמד,יחידה,0.00,יחידה,false,,6.90,0.0000,true,1,214193
8003653006407,false,מברשת לניקוי בקבוקים,טונקיטה,IT,מברשת לניקוי בקבוקים,יחידה,0.00,יחידה,false,,8.90,0.0000,true,1,214196
8003653033588,false,מטאטא פנימי/חיצוני יוניברסל,טונקיטה,IT,מטאטא פנימי/חיצוני,יחידה,0.00,יחידה,false,,27.90,0.0000,true,1,189932
8003653033601,false,מטאטא פעולה כפולה לש,טונקיטה,IT,מטאטא בעל פעולה כפול,יחידה,0.00,יחידה,false,,24.90,0.0000,true,1,189954
8003753158556,false,אילי קפסולות אספרסו קלאסיקו 10 יח' 57 גרם,ג'ייקובס דאו אגרבטס,FR,אילי קפסולות אספרסו,גרמים,57.00,100 גרם,false,,22.90,0.4018,true,1,218874
8003753158587,false,אילי illy קפסולות אספרסו פורטה 10 יחיד,ג'ייקובס דאו אגרבטס,FR,אילי קפסולות אספרסו,גרמים,57.00,100 גרם,false,,22.90,0.4018,true,1,218876
8003753158617,false,אילי קפסולות אספרסו לונגו קלאסיקו 10 יח' 57 גרם,ג'ייקובס דאו אגרבטס,FR,אילי קפסולות אספרסו,גרמים,57.00,100 גרם,false,,22.90,0.4018,true,1,218877
8003753158648,false,אילי illy קפסולות אספרסו אינטנסו 10 יחיד,ג'ייקובס דאו אגרבטס,FR,אילי קפסולות אספרסו,גרמים,57.00,100 גרם,false,,22.90,0.4018,true,1,218875
8003866116023,false,קפה זהב 100% ארביקה1,DIEMME CAFFE,IT,קפה זהב 100% ארביקה,קילוגרמים,1.00,"ק""ג",false,,110.00,110.0000,false,1,219498
8004030022010,false,ירקות גינה עם טונה ריו מרה אינסלטיסימי 160 ג',"בולטון אלימנטרי בע""מ",IT,ריו מארה אינסלטיסימי,גרמים,160.00,100 גרם,false,,15.90,0.0994,false,1,182278
8004030026018,false,"מקסיקני עם טונה ריו מרה אינסלטיסימי, 160 ג'","בולטון אלימנטרי בע""מ",IT,ריו מארה אינסלטיסימי,גרמים,160.00,100 גרם,false,,15.90,0.0994,false,1,182279
8004030044005,false,נתחי טונה בהירה בשמן זית ריו מרה 112גרם,"בולטון אלימנטרי בע""מ",IT,טונה ריו בשמן זית 16,גרמים,160.00,100 גרם,false,,17.90,0.1119,false,1,96631
8004030102033,false,טונה בשמן זית עם מיץ לימון ופלפל שחור - מארז 3 יח',בולטון אלימנטרי,IT,ריו מרה טונה בשמן זי,גרמים,240.00,100 גרם,false,,26.90,0.1121,true,1,205610
8004030103399,false,ריו מרה טונה בשמן זית רביעיות 4*56גרם,BOLTON GROUP- RIO,IT,טונה ריו בשמן זית 80,גרמים,320.00,100 גרם,false,,29.90,0.0934,true,1,214565
8004030177000,false,טונה בשמן זית וצ'ילי ריו מרה מארז 80X3 גר',ריו מארה Rio Mare,IT,ריו מרה טונה בשמן זי,גרמים,240.00,100 גרם,false,,26.90,0.1121,true,1,202474
8004030180000,false,ריו מרה טונה בשמן זית כתית מעולה 3*80גר,בולטון אלימנטרי,IT,ריו מרה טונה בשמן זי,גרמים,240.00,100 גרם,false,,28.90,0.1204,true,1,262959
8004030344938,false,ריו מרה טונה בשמן זית 80 גרם*שלישייה,"בולטון אלימנטרי בע""מ",IT,ריו מרה טונה בשמן של,גרמים,240.00,100 גרם,false,,26.90,0.1121,true,1,149922
8004030845046,false,טונה עם ירקות בתוספת עם אורז ריו מרה אינסלטיסימי 160 ג',בולטון אלימנטרי,IT,ריו מארה אינטלטיסימי,גרמים,160.00,100 גרם,false,,15.90,0.0994,true,1,206808
8004030860001,false,ירקות עם קוקוס וטונה ריו מרה אינסלטיסימי 160 ג',"בולטון אלימנטרי בע""מ",IT,סלט טונה עם קוסקוס ר,גרמים,160.00,100 גרם,false,,15.90,0.0994,false,1,195270
8005110000416,false,מארז זוג עגבניות חתו,,,מארז זוג עגבניות חתו,גרמים,600.00,100 גרם,false,,12.50,0.0208,true,1,264451
8005110001413,false,מארז זוג רסק עגבניות 140 ג' MUTTI,"איי, בי, אינבוו",IT,מארז זוג רסק עגבניות,גרמים,280.00,100 גרם,false,,10.90,0.0389,true,1,210031
8005110001772,false,רוטב עגבניות לפסטה מ,,,רוטב עגבניות לפסטה מ,גרמים,400.00,100 גרם,false,,11.90,0.0298,true,1,264455
8005110002243,false,רכז עגבניות Doppio Concentr בשפופרת 185 ג' MUTTI,"איי, בי, אינבוו",IT,רכז עגבניות בשפורפרת,גרמים,185.00,100 גרם,false,,7.50,0.0405,true,1,214443
8005110002533,false,רוטב עגבניות לפסטה מ,,,רוטב עגבניות לפסטה מ,גרמים,400.00,100 גרם,false,,11.90,0.0298,true,1,264456
8005110002557,false,רוטב עגבניות לפסטה מ,,,רוטב עגבניות לפסטה מ,גרמים,400.00,100 גרם,false,,11.90,0.0298,true,1,264457
8005110060007,false,עגבניות מקולפות 400 גרם MUTTI,,,עגבניות מקולפות,גרמים,400.00,100 גרם,false,,7.50,0.0188,true,1,137173
8005110060106,false,מארז זוג עגבניות מקולפות 400*2 גרם MUTTI,"איי, בי, אינבוו",IT,מארז זוג עגבניות מקו,גרמים,800.00,100 גרם,false,,14.90,0.0186,true,1,192681
8005110170300,false,עגבניות מרוסקות חתוכות מוטי MUTTI שלישיה *400,מוטי Mutti,IT,עגבניות חתוכות במארז,קילוגרמים,1.20,"ק""ג",false,,16.90,14.0833,false,1,135552
8005110171215,false,עגבניות חתוכות 690 POLPAPEZZI ג' (כחול) MUTTI,"איי, בי, אינבוו",IT,רסק עגבניות קצוצות,גרמים,690.00,100 גרם,false,,13.90,0.0201,true,1,112563
8005110191015,false,רסק עגבניות ובזיליקום 700 ג' (ירוק) MUTTI,"איי, בי, אינבוו",IT,רסק עגבניות MUTTI,גרמים,700.00,100 גרם,false,,13.50,0.0193,true,1,188106
8005110200014,false,רסק עגבניות 210 ג' CONCENTRATO MUTTI,"איי, בי, אינבוו",IT,רכז עגבניות איטלקיות,יחידה,0.00,יחידה,false,,7.00,0.0000,true,1,139914
8005110550508,false,עגבניות שרי 400 גרם MUTTI,,,MUTTI עגבניות שרי 40,גרמים,400.00,100 גרם,false,,8.90,0.0223,true,1,135553
8005110551253,false,רוטב לפיצה להכנת פיצה איטלקית קלאסית,"איי, בי, אינבוו",IT,רוטב עגבניות לפיצה 4,גרמים,400.00,100 גרם,false,,8.50,0.0213,true,1,212140
8005200256587,false,נסטי - תה קר בטעם אפרסק 1.5 ליטר,מפעל סאנפלגרינו S.P.,IT,נסטי אפרסק 1.5 ליטר,ליטרים,1.50,ליטר,false,,8.90,5.9333,false,1,260222
8005200286584,false,תה קר בטעם מנגו אננס נסטי 1.5 ליטר,מפעל סאנפלגרינו S.P.,IL,נסטי מנגו אננס 1.5 ל,ליטרים,1.50,ליטר,false,,8.90,5.9333,false,1,260223
8005200316588,false,תה קר דיאט בטעם אפרסק נסטי 1.5 ליטר,מפעל סאנפלגרינו s.p.,IL,נסטי דיאט אפרסק 1.5,ליטרים,1.50,ליטר,false,,7.90,5.2667,false,1,260224
8005803010357,false,גריסיני קלאסי - מקלות אפויים עם שמן זית ומלח,"אינסטנטה בע""מ",IT,גריסיני קלאסי 125 גר,גרמים,125.00,100 גרם,false,,6.90,0.0552,true,1,195438
8005803010371,false,"גריסיני רוזמרין - מקלות אפויים עם שמן זית, מלח ורוזמרין","אינסטנטה בע""מ",IT,גריסיני רוזמרין 125,גרמים,125.00,100 גרם,false,,6.90,0.0552,true,1,195439
8005803010586,false,"מקלות אפויים עם שמן זית, מלח, עגבניות ואורגנו, 125 גרם, אמור די פאן","הוסטה איטליה, ס.ר.ל.",IT,גריסיני פיצה 125 גר',גרמים,125.00,100 גרם,false,,6.90,0.0552,true,1,195440
8005803010661,false,"מקלות אפויים עם שמן זית, מלח, ושומשום, 125 גרם, אמור די פאן","הוסטה איטליה, ס.ר.ל.",IT,גריסיני שומשום 125 ג,גרמים,125.00,100 גרם,false,,6.90,0.0552,true,1,195441
8006540009512,false,"מרכך כביסה מרוכז בייבי לנור 900 מ""ל",פרוקטר אנד גמבל,FR,לנור מרכך כביסה בייב,מיליליטרים,897.00,"100 מ""ל",false,,14.90,0.0166,true,1,218334
8006540027011,false,לנור מרכך מרוכז בניחוח אמטיסט 897 מל,פרוקטר אנד גמבל,FR,לנור מרכך כביסה בניח,מיליליטרים,897.00,"100 מ""ל",false,,14.90,0.0166,true,1,218335
8006540091906,false,לנור כדוריות הבושם בניחוח אריאל 140 גרם,פרוקטר אנד גמבל,US,לנור כדוריות הבושם ב,גרמים,140.00,100 גרם,false,,18.90,0.1350,true,1,259551
8006540091937,false,לנור כדוריות הבושם בניחוח אריאל 210 גרם,פרוקטר אנד גמבל,US,לנור כדוריות הבושם ב,גרמים,210.00,100 גרם,false,,27.90,0.1329,true,1,259552
8006540110317,false,שמפו מינרלס ביוטין + במבוק לשיער חזק וארוך,פרוקטר אנד גמבל,RO,פנטן מיראקלס שמפו ב,מיליליטרים,400.00,"100 מ""ל",false,,17.90,0.0447,true,1,218805
8006540112793,false,"מרכך כביסה מרוכז בניחוח יסמין לנור 900 מ""ל",פרוקטר אנד גמבל,FR,לנור מרכך מרוכז בניח,מיליליטרים,900.00,"100 מ""ל",false,,14.90,0.0166,true,1,218337
8006540112823,false,"לנור מרכך כביסה מרוכז בניחוח האוקיינוס 900 מ""ל",פרוקטר אנד גמבל,FR,לנור מרכך מרוכז בניח,מיליליטרים,900.00,"100 מ""ל",false,,14.90,0.0166,true,1,218333
8006540112854,false,"מרכך כביסה מרוכז בניחוח סחלב לנור 900 מ""ל",פרוקטר אנד גמבל,FR,לנור מרכך מרוכז בניח,מיליליטרים,900.00,"100 מ""ל",false,,14.90,0.0166,true,1,218338
8006540163986,false,קפסולות לכביסה אריאל 35 יח,פרוקטר אנד גמבל,FR,אריאל קפסולות 35 יח,יחידה,0.00,יחידה,false,,39.90,0.0000,true,1,218339
8006540383087,false,פיירי טבליות פלטינום פלוס ניקוי עמוק 42,פרוקטר אנד גמבל,BE,פיירי טבליות פלטינום,יחידה,0.00,יחידה,false,,49.90,0.0000,true,1,262987
8006540404850,false,דיסקריט תחבושות לבריחת שתן לונג 10 יח,פרוקטר & גמבל,DE,תחבושות אולוויז לברי,יחידה,0.00,יחידה,false,,19.90,0.0000,false,1,263396
8006540404898,false,אולוויז דיסקריט לבריחת שתן לונג פלוס 8יח,פרוקטר & גמבל,DE,תחבושות אולוויז לברי,יחידה,0.00,יחידה,false,,19.90,0.0000,false,1,263393
8006540405031,false,דיסקריט תחבושות לבריחת שתן סמול פלוס 16,פרוקטר & גמבל,DE,תחבושות אולוויז בריח,יחידה,0.00,יחידה,false,,19.90,0.0000,false,1,263395
8006540425930,false,אריאל קפסולות לכביסה ג'ל 24 יח' לכתמים קשים,פרוקטר אנד גמבל,FR,אריאל קפסולות 24 יח,יחידה,0.00,יחידה,false,,29.90,0.0000,false,1,260483
8006540463550,false,פיירי טבליות למדיח פלטינום 63 יחידות,פרוקטר אנד גמבל,BE,פיירי טבליות למדיח פ,יחידה,0.00,יחידה,false,,49.90,0.0000,false,1,262985
8006540495186,false,לנור מרכך כביסה מרוכז רגיש בייבי 900 מל,פרוקטר אנד גמבל,FR,לנור מרכך כביסה 900,מיליליטרים,900.00,"100 מ""ל",false,,14.90,0.0166,true,1,262775
8006540495216,false,"לנור מרכך כביסה מרוכז בניחוח אמאטיסט 900 מ""ל",פרוקטר אנד גמבל,FR,לנור מרכך כביסה 900,מיליליטרים,900.00,"100 מ""ל",false,,14.90,0.0166,true,1,262776
8006540495247,false,"לנור מרכך כביסה מרוכז ורוד""פרח בר"" 900 מ""ל",פרוקטר אנד גמבל,FR,לנור מרכך כביסה 900,מיליליטרים,900.00,"100 מ""ל",false,,14.90,0.0166,true,1,262774
8006540566701,false,אריאל ג'ל כביסה להסרת כתמים קשים 1.925 ליטר,פרוקטר אנד גמבל,IT,אריאל ג'ל כתמים קשים,ליטרים,1.92,ליטר,false,,27.90,14.5312,false,1,263891
8007150901623,false,שמן זרעי ענבים 1 ליטר 1/2 ליטר במארז כשר,,,שמן זרעי ענבים 1.5 ל,ליטרים,1.50,ליטר,false,,49.90,33.2667,true,1,200209
8007178120310,false,חומץ בלסמי ד'מודנה Giacobazzi,פטורייה ג'יאקובאזי ס,IT,חומץ בלסמי,יחידה,500.00,יחידה,false,,21.90,0.0438,true,1,107208
8007178223547,false,קרם מצומצם עם חומץ בלסמי ממודנה,פארייפאבה אגרואינדוס,IT,קרם בלסמי מצומצם 250,מיליליטרים,250.00,"100 מ""ל",false,,23.90,0.0956,true,1,185579
8007178510685,false,"רוטב לתיבול בסגנון מ""ל 250 בלסמי לבן",זקובזי,IT,רוטב לתיבול בסגנון ב,מיליליטרים,250.00,"100 מ""ל",false,,16.90,0.0676,true,1,203457
8007270999012,false,שמן גרעיני ענבים 1 ליטר,קוסטה דיאורו,IT,שמן זרעי ענבים 1 ליט,ליטרים,1.00,ליטר,false,,34.90,34.9000,true,1,200670
8008245004861,false,ממרח חלב עם אגוזי לוז 300ג M?venpick,יבואן ומשווק: ש. שסט,IT,ממרח אגוזי לוז עם ח,גרמים,300.00,100 גרם,false,,12.90,0.0430,true,1,215016
8008660210021,false,מעדן ריבה מנץ אנד גאססר דובדבן 300 גר,שוורצקוף& הנקל דיסלד,IT,ריבת מעדן דובדבן,גרמים,300.00,100 גרם,false,,15.90,0.0530,true,1,192662
8008660210038,false,מעדן ריבה מנץ אנד גאססר תות שדה 300 גר,קריניציה ויטמינה אס,IT,ריבת מעדן תות שדה,גרמים,300.00,100 גרם,false,,15.90,0.0530,true,1,192663
8008660210045,false,מעדן ריבה מנץ אנד גאססר פירות יער 300 גר,שוורצקוף& הנקל דיסלד,IT,ריבת מעדן פירות יער,גרמים,300.00,100 גרם,false,,15.90,0.0530,true,1,192664
8008698004548,false,ביסקוויטים בציפוי קרם ללא גלוטן 150 גר,"ד""ר שר ס.ר.ל",IT,ביסקוויט ללא גלוטן מ,גרמים,150.00,100 גרם,false,,18.90,0.1260,true,1,194278
8008698005231,false,עוגיות סנדוויץ בטעם שוקולד ממולאות קרם חלב ללא גלוט,שר Schar,IT,עוגיות שוקולד במילוי,גרמים,165.00,100 גרם,false,,19.90,0.1206,true,1,262416
8008698008157,false,שר עוגיות שוקולד במילוי קרם שמנת ללא גלוטן 100 גר',דר שר ס.ר.ל פוסטל,IT,עוגיות בטעם שוקולד ב,גרמים,100.00,100 גרם,false,,11.90,0.1190,true,1,194254
8008698054109,false,מילוי גריס - ממרח אגוזי לוז עם קקאו בתוספות מקלות 52 גרם,"ד""ר שר ס.ר.ל",IT,ממרח אגוזי לוז בתוספ,גרמים,52.00,100 גרם,false,,11.90,0.2288,true,1,211640
8008857200057,false,פסטה רג'ייה ספגטי שטוח,רגיה,IT,פסטה רג'ייה ספגטי שט,גרמים,500.00,100 גרם,false,,4.90,0.0098,true,1,215502
8008857200194,false,פסטה רג'ייה ספגטי 500 גר',רגיה,IT,פסטה רג'ייה ספגטי 50,גרמים,500.00,100 גרם,false,,4.90,0.0098,true,1,215503
8008857200200,false,פסטה רג'ייה ספגטי דק 500 גר',,IT,פסטה רג'ייה ספגטי דק,גרמים,500.00,100 גרם,false,,4.90,0.0098,true,1,215504
8008857300238,false,פסטה רג'ייה גליל 500 גר',רגיה,IT,פסטה רג'ייה גליל 500,גרמים,500.00,100 גרם,false,,4.90,0.0098,true,1,215506
8008857300344,false,פסטה רג'ייה צינור 500 גר',רגיה,IT,פסטה רג'ייה צינור 50,גרמים,500.00,100 גרם,false,,4.90,0.0098,true,1,215507
8008857300481,false,פסטה רג'ייה בורג 500 גר',רגיה,IT,פסטה רג'ייה בורג 500,גרמים,500.00,100 גרם,false,,4.90,0.0098,true,1,215509
8008857300580,false,פסטה רג'ייה סהרון 500 גר',,IT,פסטה רג'ייה סהרון 50,גרמים,500.00,100 גרם,false,,4.90,0.0098,true,1,215511
8008857300603,false,פסטה רג'ייה קונכיה 500 גר',,IT,פסטה רג'ייה קונכיה 5,גרמים,500.00,100 גרם,false,,4.90,0.0098,true,1,215512
8008857300627,false,פסטה רג'ייה צדף 500 גר',,,פסטה רג'ייה צדף 500,גרמים,500.00,100 גרם,false,,4.90,0.0098,true,1,215513
8008857300634,false,פסטה רג'ייה תלתל 500 גר',רגיה,IT,פסטה רג'ייה תלתל 500,גרמים,500.00,100 גרם,false,,4.90,0.0098,true,1,215514
8008857300641,false,פסטה רג'ייה כובע 500 גר',רגיה,IT,פסטה רג'ייה כובע 50,גרמים,500.00,100 גרם,false,,4.90,0.0098,true,1,215515
8008857300771,false,פסטה רג'ייה אט' מרק 500 גר',,,פסטה רג'ייה אטריות מ,גרמים,500.00,100 גרם,false,,4.90,0.0098,true,1,215517
8008990000750,false,מברשת לניקוי אסלות,טונקיטה,IT,מברשת לניקוי אסלות,יחידה,0.00,יחידה,false,,7.90,0.0000,true,1,189955
8008990002167,false,יעה עם מקל מתכת ארוך טונקיטה,טונקיטה,IT,יעה עם מקל מתכת ארוך,יחידה,0.00,יחידה,false,,18.90,0.0000,true,1,189957
8008990061508,false,tonkitaTK615 מטאטא פנימי rapida+מקל,טונקיטה,IT,מטאטא פנימי,יחידה,0.00,יחידה,false,,27.90,0.0000,true,1,189936
8009915000251,false,ספגטי לה וניצאן ללא גלוטן 250 ג',LE VENEZIANE,IT,ספגטי לה וניצאן 250,גרמים,250.00,100 גרם,false,,12.90,0.0516,true,1,211451
8009915000282,false,פסטה פטוציני ללא גלוטן 250 גרם,,,פסטה מקמח תירס מסולס,גרמים,250.00,100 גרם,false,,12.90,0.0516,true,1,147341
8009915000367,false,פסטה אנליני ללא גלוט,,,פסטה אנליני ללא גלוט,גרמים,250.00,100 גרם,false,,12.90,0.0516,true,1,200592
8009915001340,false,פסטה אליקה ללא גלוטן 250 גרם,לה וואניציאני La Venezian,,פסטה אליקה ללא גלטן,גרמים,250.00,100 גרם,false,,12.90,0.0516,true,1,133427
8009915004150,false,ביסקוויט קמח תירס עם שוקולד ואגוזים 250 גרם,מולינו דה פירו,IT,ביסקוויט מקמח תירס ש,גרמים,250.00,100 גרם,false,,16.90,0.0676,true,1,204517
8009915008905,false,מיני גריסיני ללא גלוטן עם שמן זית250 גרם,מולינו דה פירו,IT,מיני גריסיני ללא גלו,גרמים,250.00,100 גרם,false,,15.90,0.0636,true,1,199238
8009915008912,false,מיני גריסיני ללא גלוטן עם זרעי צ'יה ושומשום 250 גרם,מולינו דה פירו,,מיני גריסיני ללא גלו,גרמים,250.00,100 גרם,false,,15.90,0.0636,true,1,199376
8009915008950,false,מיני גריסיני ל.גלוטן עם רוזמרין 250 גרם,מולינו דה פירו,,מיני גריסיני ללא גלו,גרמים,250.00,100 גרם,false,,15.90,0.0636,true,1,199377
8013399145278,false,דיאטורל סוכריות סטיביה ליקוריץ רך 70 גרם,קלואטה איטליה,IT,סוכריות דיטורל ליקור,גרמים,70.00,100 גרם,false,,10.00,0.1429,true,1,145432
8013399145315,false,סוכריות סטיביה דיטרול תות 70 גרם,קלואטה איטליה,IT,סוכריות דיטורל ג'לי,גרמים,70.00,100 גרם,false,,10.00,0.1429,true,1,145433
8014601011565,false,קמח קונדיטוריה קאפוט,קאפוטו,IT,קמח קונדיטוריה,קילוגרמים,1.00,"ק""ג",false,,11.90,11.9000,true,1,216110
8014601012456,false,קמח נובולה קאפוטו 1,קאפוטו,IT,קמח נובולה,קילוגרמים,1.00,"ק""ג",false,,15.90,15.9000,true,1,216111
8014601026354,false,"קמח ""00"" איטלקי לפיצה שף אדום 1 ק""ג",קאפוטו,IT,קמח פיצה שף (אדום),קילוגרמים,1.00,"ק""ג",false,,13.90,13.9000,true,1,215980
8014601028747,false,קמח 00 איטלקי כחול 1 קג CAPUTO,קאפוטו,IT,קמח אקסטרה לכל מטרה,קילוגרמים,1.00,"ק""ג",false,,11.50,11.5000,true,1,216112
8014601651969,false,קמח ללא גלוטן קאפוטו,קאפוטו,IT,קמח ללא גלוטן,קילוגרמים,1.00,"ק""ג",false,,49.90,49.9000,true,1,216113
8014601999870,false,סמולינה קאפוטו בטחינ,קאפוטו,IT,קמח סמולינה בטחינה כ,קילוגרמים,1.00,"ק""ג",false,,13.90,13.9000,true,1,215981
8015912503114,false,מעדן פטה לכלב עם בקר,,,מעדן פטה לכלב עם בקר,גרמים,150.00,100 גרם,false,,7.00,0.0467,true,1,264092
8015912504708,false,מעדן פטה לגורי חתולי,,,מעדן פטה לגורי חתולי,גרמים,100.00,100 גרם,false,,6.00,0.0600,true,1,262946
8015912504715,false,מעדן פטה לחתול עוף,,,מעדן פטה לחתול עוף,גרמים,100.00,100 גרם,false,,6.00,0.0600,true,1,262947
8015912504722,false,מעדן פטה לחתול בקר,,,מעדן פטה לחתול בקר,גרמים,100.00,100 גרם,false,,6.00,0.0600,true,1,261187
8015912504739,false,מעדן פטה לחתול טונה,,,מעדן פטה לחתול טונה,גרמים,100.00,100 גרם,false,,6.00,0.0600,true,1,261195
8015912506047,false,פטה טונה לחתול 85 גר,,,פטה טונה לחתול 85 גר,גרמים,85.00,100 גרם,false,,6.00,0.0706,true,1,262948
8015912506085,false,פטה ארנב לחתול 85 גר,,,פטה ארנב לחתול 85 גר,גרמים,85.00,100 גרם,false,,6.00,0.0706,true,1,262949
8016867000246,false,כותוני מגן תחתון 100,,,כותוני מגן תחתון 100,יחידה,0.00,יחידה,false,,18.90,0.0000,true,1,218149
8016867002646,false,מגן תחתון אורגניק ארוך במיוחד 20 יח,CORMAN,IT,מגן תחתון ארוך במיוח,יחידה,0.00,יחידה,false,,21.90,0.0000,true,1,148319
8016867007399,false,טמפון קומפקט סופר פל,,,טמפון קומפקט סופר פל,יחידה,0.00,יחידה,false,,36.90,0.0000,true,1,213757
8016867008945,false,מגן תחתון 24 אורגניק באריזת תפזורת,corman,IT,מגן תחתון 24 באריזת,יחידה,0.00,יחידה,false,,21.90,0.0000,true,1,148320
8016867008969,false,טמפונים עם מוליך סופר אורגניק,COTTON HITEC,DE,טמפונים עם מוליך סופ,יחידה,0.00,יחידה,false,,31.90,0.0000,true,1,148322
8016867008976,false,טמפונים עם מוליך רגולר אורגניק,COTTON HITEC,DE,טמפונים עם מוליך רגו,יחידה,0.00,יחידה,false,,31.90,0.0000,true,1,148323
8016867009508,false,כותוני תחבושת דקה עם,,,כותוני תחבושת דקה עם,יחידה,0.00,יחידה,false,,23.90,0.0000,true,1,218151
8016867009515,false,כותוני תחבושת דקה עם,,,כותוני תחבושת דקה עם,יחידה,0.00,יחידה,false,,23.90,0.0000,true,1,218152
8016867009911,false,טמפונים ללא מוליך סופר אורגניק,ontex,DE,טמפונים ללא מוליך סו,יחידה,0.00,יחידה,false,,28.90,0.0000,true,1,148326
8016867009928,false,טמפונים ללא מוליך רגולר אורגניק,ontex,DE,טמפונים ללא מוליך רג,יחידה,0.00,יחידה,false,,28.90,0.0000,true,1,148327
8016867009935,false,תחבושות דקות 03 לזרימה מוגברת אורגניק,corman,IT,תחבושות דקות לזרימה,יחידה,0.00,יחידה,false,,29.90,0.0000,true,1,148328
8016867009942,false,תחבושות דקות 02 לזרימה רגילה אורגניק,corman,IT,תחבושות דקות לזרימה,יחידה,0.00,יחידה,false,,29.90,0.0000,true,1,148329
8016867009959,false,מגן תחתון באריזה אישית אורגניק,CORMAN,,מגן תחתון 24 יח',יחידה,0.00,יחידה,false,,25.90,0.0000,true,1,185213
8016867012584,false,תחבושת עבה עם כנפיים,CORMAN,,תחבושת עבה עם כנפיים,יחידה,0.00,יחידה,false,,36.90,0.0000,true,1,214960
8017938005764,false,מיץ תפוחים אורגני 100% 1 ליטר נטורפוד,לוצ'ה מריה,IT,נטור פוד-מיץ תפוחים,ליטרים,1.00,ליטר,false,,19.90,19.9000,true,1,204361
8019428000013,false,משקה אורז אורגני 1 ליטר,the bridge,IT,משקה אורז אורגני 1 ל,ליטרים,1.00,ליטר,false,,10.90,10.9000,true,1,199899
8019428000099,false,משקה אורז אורגני בתוספת שקדים 1 ליטר,the bridge,IT,חלב אורז אורגני ושקד,ליטרים,1.00,ליטר,false,,11.90,11.9000,true,1,199900
8019428000105,false,משקה שיבולת שועל אורגני 1 ליטר,,,משקה שיבולת שועל 1 ל,ליטרים,1.00,ליטר,false,,11.90,11.9000,true,1,198919
8019428004158,false,"משקה קפה בכוס אורגני, 220 מ""ל",,,משקה קפה אורגני בכוס,מיליליטרים,220.00,"100 מ""ל",false,,7.50,0.0341,true,1,262571
8019428005018,false,"שמנת אורגנית לבישול על בסיס אורז 240 מ""ל",,,תחליף שמנת לבישול על,מיליליטרים,200.00,"100 מ""ל",false,,6.50,0.0325,true,1,204408
8019428005025,false,תחליף שמנת עב קוקוס 200 גרם,,IT,תחליף שמנת על בסיס ק,מיליליטרים,200.00,"100 מ""ל",false,,6.50,0.0325,true,1,216856
8019428005032,false,תחליף שמנת עב סויה אורגני 200 גרם,,IT,תחליף שמנת על בסיס ס,מיליליטרים,200.00,"100 מ""ל",false,,6.50,0.0325,true,1,216857
8019428007005,false,משקה סויה אורגני 1 ליטר,the bridge,IT,משקה סויה אורגני 1 ל,ליטרים,1.00,ליטר,false,,10.90,10.9000,true,1,198920
8019428009085,false,מעדן אורז אורגני שוק,The Bridge S.R.L,IT,מעדן אורז אורגני שוק,גרמים,260.00,100 גרם,false,,9.90,0.0381,true,1,261737
8019428009108,false,מעדן שיבולת שועל וני,דה ברידג' ס.ר.ל,IT,מעדן שיבולת שועל אור,גרמים,260.00,100 גרם,false,,9.90,0.0381,true,1,262921
8019428009122,false,מעדן שיבולת שועל שוק,דה ברידג' ס.ר.ל,IT,מעדן שיבולת שועל אור,גרמים,260.00,100 גרם,false,,9.90,0.0381,true,1,262922
8021423011499,false,רבעי ארטישוק על הגריל בשמן חמניות 510 ג' (12),אהלרומנה,,רבעי ארטישוק על הגרי,גרמים,310.00,100 גרם,false,,32.90,0.1061,true,1,195045
8022470213393,false,דרגיה שקד מריר 500 גר PRISCO MAX,ITALIANA CONFETTI-PR,IT,דרג'ה שקד מריר 500גר,גרמים,500.00,100 גרם,false,,26.90,0.0538,true,1,140765
8022470213409,false,דרגיה שקד לבן 500 גר PRISCO MAX,ITALIANA CONFETTI-PR,,דרג'ה שקד לבן 500גר,גרמים,500.00,100 גרם,false,,26.90,0.0538,true,1,205229
8022470213416,false,דרגיה לוז חלב 500 גר PRISCO MAX,ITALIANA CONFETTI-PR,,MAX דרג'ה לוז בשוקול,גרמים,500.00,100 גרם,false,,26.90,0.0538,true,1,140956
8022470213423,false,דרגיה לוז מריר 500 גר PRISCO MAX,ITALIANA CONFETTI-PR,,דרג'ה אגוזי לוז בשוק,גרמים,500.00,100 גרם,false,,26.90,0.0538,true,1,140767
8022470213478,false,דרגיה דובדובן לבן 500 גר PRISCO MAX,,IT,דרג'ה דובדבן בשוקולד,גרמים,500.00,100 גרם,false,,26.90,0.0538,true,1,140768
8022470213485,false,דרגיה דובדובן מריר 500 ג PRISCO MAX,ITALIANA CONFETTI-PR,IT,דרג'ה דובדבן בשוקולד,גרמים,500.00,100 גרם,false,,26.90,0.0538,true,1,140769
8022470213515,false,דרגיה צימוקים מריר 500 גר PRISCO MAX,ITALIANA CONFETTI-PR,IT,דרג'ה צימוק מריר 500,גרמים,500.00,100 גרם,false,,21.90,0.0438,true,1,140771
8022470213522,false,דרגיה צימוקים לבן 500 גר PRISCO MAX,,,דר'גה צימוקים לבן,גרמים,500.00,100 גרם,false,,21.90,0.0438,true,1,203771
8022470213539,false,דרג'ה בוטנים חלב 500,,,דרג'ה בוטנים חלב 500,גרמים,500.00,100 גרם,false,,21.90,0.0438,true,1,196226
8022470217773,false,דרגיה שקדים שיש 500 גר PRISCO MAX,ITALIANA CONFETTI-PR,,דרג'ה שקד לבן 500גר,גרמים,500.00,100 גרם,false,,26.90,0.0538,true,1,176925
8022470217780,false,דרגיה פריסקו לוז שיש,ITALIANA CONFETTI-PR,,דרג'ה לוז שיש,גרמים,500.00,100 גרם,false,,26.90,0.0538,true,1,149499
8022470221336,false,שקדים בשוקולד מריר ו,,,שקדים בשוקולד מריר ו,גרמים,500.00,100 גרם,false,,26.90,0.0538,true,1,196999
8022470222630,false,דרג'ה פולי קפה מריר,ITALIANA CONFETTI,IT,דרג'ה פולי קפה מריר,גרמים,500.00,100 גרם,false,,26.90,0.0538,true,1,199810
8022470226362,false,דרזה מקסטרים קשיו חל,ITALIANA CONFETTI-PR,IT,דרג'ה קשיו בשוקולד ח,גרמים,500.00,100 גרם,false,,26.90,0.0538,true,1,199811
8022470226379,false,דרגיה קשיו מריר 500 גר PRISCO MAX,ITALIANA CONFETTI-PR,IT,דרג'ה קשיו בשוקולד מ,גרמים,500.00,100 גרם,false,,26.90,0.0538,true,1,199804
8022470226416,false,דרזה מקסטרים וופל חל,ITALIANA CONFETTI-PR,,דרג'ה וופל בשוקולד ח,גרמים,500.00,100 גרם,false,,26.90,0.0538,true,1,199806
8023492000091,false,סטיק שוקולד גינדויה חלב עם אגוז 150 DG 3,די.גי 3 דולצאריה ס.ר,IT,סטיק שוקולד חלב עם א,גרמים,150.00,100 גרם,false,,10.90,0.0727,true,1,201364
8023492000237,false,סטיק נוגט טורונה שקד,די.גי 3 דולצאריה ס.ר,IT,סטיק נוגט טורונה עם,גרמים,150.00,100 גרם,false,,11.90,0.0793,true,1,217138
8023492000336,false,סטיק שוקולד מריר עם אגוזים 150 גר DG 3,די.גי 3 דולצאריה ס.ר,IT,סטיק שוקולד מריר עם,גרמים,150.00,100 גרם,false,,10.90,0.0727,true,1,201365
8023678161363,false,משקה שבלת שועל טבעי אורגני 1ל' ISOLA,איזולה ביו Isola Bio,IT,חלב שיבולת שועל,ליטרים,1.00,ליטר,false,,12.50,12.5000,true,1,163179
8023678161387,false,משקה סויה אורגני 1 ליטר ISOLA,איזולה ביו Isola Bio,,משקה סויה אורגני 1 ל,ליטרים,1.00,ליטר,false,,9.90,9.9000,true,1,186407
8023678162476,false,משקה אורז ושקד אורגני 1 ליטר isola,,,משקה אורז שקד אורגני,ליטרים,1.00,ליטר,false,,11.90,11.9000,true,1,186409
8023678164517,false,משקה שקדים ללא סוכר טבעי אורגני 1ליטר ISOLA,איזולה ביו Isola Bio,IT,משקה שקדים ללא סוכר,ליטרים,1.00,ליטר,false,,15.90,15.9000,true,1,208699
8023678728290,false,משקה איזולה סויה בריסטה 1 ליטר,,IT,משקה סויה בריסטה אור,ליטרים,1.00,ליטר,false,,9.90,9.9000,true,1,262718
8024985002783,false,סמוזי נטורה נובה גזר ודלעת 100 גרם,נטורה נובה,,סמוצ'י תפוח גזר ודלע,גרמים,100.00,100 גרם,false,,5.00,0.0500,true,1,201010
8024985002912,false,סמוזי אגס בטטה 100 גר נטורה נובה,נטורה נובה,IT,סמוצ'י תפוח אגס בטטה,גרמים,100.00,100 גרם,false,,5.00,0.0500,true,1,203952
8024985002943,false,סמוזי נטורה נובה תפוח אננס קוקוס 100 גרם,נטורה נובה,IT,סמוזי אננס קוקוס אור,גרמים,100.00,100 גרם,false,,5.00,0.0500,true,1,209044
8024985002950,false,נטורה נובה-סמוזי שזיף אורגני 100 גרם,נטורה נובה,IT,סמוזי שזיף אורגני 10,גרמים,100.00,100 גרם,false,,5.00,0.0500,true,1,208611
8024985002967,false,סמוזי נטורה נובה בננה תרד 100 גרם,נטורה נובה,IT,סמוזי בננה תרד אורגנ,גרמים,100.00,100 גרם,false,,5.00,0.0500,true,1,209045
8024985003988,false,סמוזי תפוח בננה 100 גר נטורה נובה,נטורה נובה,IT,מחית תפוחים ובננה 10,גרמים,100.00,100 גרם,false,,5.00,0.0500,true,1,188280
8024985005234,false,סמוזי נטורה נובה סמוצי תפוח מנגו 100 גרם,נטורה נובה,IT,סמוצ'י אפרסק ומנגו א,גרמים,100.00,100 גרם,false,,5.00,0.0500,true,1,195470
8024985005296,false,סמוזי אגס בננה תפוח וקינואה אורגני,נטורה נובה,IT,סמוצ'י אגס בננה תפוח,גרמים,120.00,100 גרם,false,,6.20,0.0517,true,1,198825
8024985005302,false,סמוזי תפוח רימון פטל אוכמנויות ואסאי אורגני,נטורה נובה,IT,סמוצ'י תפוח רימון פט,גרמים,120.00,100 גרם,false,,6.20,0.0517,true,1,198826
8024985008037,false,סמוזי נטורה נובה סמוצי תפוח 100 גרם,"נטורפוד בע""מ",IT,סמוצ'י תפוחים אורגני,גרמים,100.00,100 גרם,false,,5.00,0.0500,true,1,149497
8024985008044,false,נטורה משקה סמודי אגסים אורגני 100 גר,"נטורפוד בע""מ",IT,מחית אגסים אורגני 10,גרמים,100.00,100 גרם,false,,5.00,0.0500,true,1,149683
8024985008051,false,נטורה סמודי פירות אדומים אורגניים 100מל,"נטורפוד בע""מ",IT,סמוצ'י פירות אדומים,גרמים,100.00,100 גרם,false,,5.00,0.0500,true,1,149498
8024985011204,false,נטורה נובה-סמוזי תפוח תות בננה 100 גרם,נטורה נובה,IL,נטורה נובה סמוזי תפו,גרמים,100.00,100 גרם,false,,5.00,0.0500,true,1,219017
8028048270577,false,פולי קפה סאן ג'וסטו,,,פולי קפה סאן ג'וסטו,גרמים,500.00,100 גרם,false,,49.90,0.0998,true,1,263374
8028048270584,false,פולי קפה סאן ג'וסטו,,,פולי קפה סאן ג'וסטו,גרמים,500.00,100 גרם,false,,54.90,0.1098,true,1,263249
8032793342458,false,עגבניות מרוסקות דק ומסוננות בבקבוק 700 ג',קונסוריזיו דל פרומוד,AU,עגבניות מרוסקות דק ו,מיליליטרים,700.00,"100 מ""ל",false,,11.90,0.0170,true,1,195190
8032793344292,false,עגבניות חתוכות דק בבקבוק 700ג,קונסוריזיו דל פרומוד,IT,עגבניות חתוכות דק בב,מיליליטרים,700.00,"100 מ""ל",false,,11.90,0.0170,true,1,215135
8032793344520,false,תרכיז עגבניות רסק עגבניות מרוכז מאוד,קונסוריזיו דל פרומוד,IT,רסק עגבניות מרוכז מא,גרמים,200.00,100 גרם,false,,9.40,0.0470,true,1,214691
8032804430853,false,"טליאטלה אורז מלא לל""ג אורגני פליסיה 250",פליסיה,IT,פליסיה טליאטלה אורז,גרמים,250.00,100 גרם,false,,14.90,0.0596,true,1,264107
8032804430976,false,פליסיה - ריגטוני שיבולת שועל ללא גלוטן 340 גרם,מולינו אנדריאני,IT,פליסיה ריגטוני שיבול,גרמים,340.00,100 גרם,false,,14.90,0.0438,true,1,211068
8032817240319,false,אגרומנטה רוטב עגבניות שרי,מנורה,IT,רוטב עגבניות שרי 330,גרמים,330.00,100 גרם,false,,11.90,0.0361,true,1,199919
8032880800243,false,פיקניק הפתעה - אגוזי לוז ומקלות אפויים,"הוסטה איטליה, ס.ר.ל.",IT,פיקניק הפתעה 50 גרם,גרמים,50.00,100 גרם,false,,6.40,0.1280,true,1,128941
8033020445973,false,"PIVETTI קמח 00 לכל מטרה 1 ק""ג",פיווטי Pivetti,IT,"קמח 1 ק""ג רב תכליתי",קילוגרמים,1.00,"ק""ג",false,,8.00,8.0000,true,1,206755
8033087771374,false,ניוקי תפוח אדמה 500,צ'יאמה אלמינטרי,,"ניוקי תפ""א 500 גר",גרמים,500.00,100 גרם,false,,8.90,0.0178,true,1,195467
8033087771381,false,ניוקי ללא גלוטן לה ניוקריה 500 גרם,,,ניוקי ללא גלוטן 500,גרמים,500.00,100 גרם,false,,14.90,0.0298,true,1,148232
8034023209272,false,ארטישוק א-לה רומנה בשמן חמניות 510 ג' (12),אהלרומנה,,"ארטישוק ""אל-לה רומנה",גרמים,510.00,100 גרם,false,,32.90,0.0645,true,1,195046
8076800195019,false,ברילה - צ.א ספגטי מס1 קפליני 500 גרם,ברילה גי.אי.אר פרטלי,IT,ספגטי מס'1 קפליני.,גרמים,500.00,100 גרם,false,,6.90,0.0138,false,1,96641
8076800195033,false,ברילה - צ.א ספגטיני מס3 חדש 500 גרם,ברילה גי.אי.אר פרטלי,IT,ברילה ספגטיני.,גרמים,500.00,100 גרם,false,,6.90,0.0138,false,1,96642
8076800195057,false,ברילה - צ.א ספגטי מס5 חדש 500 גרם,ברילה גי.אי.אר פרטלי,IT,ספגטיני ברילה 5.,גרמים,500.00,100 גרם,false,,6.90,0.0138,false,1,96643
8076800195132,false,ברילה - צ.א בבטה מס13 500 גרם,ברילה גי.אי.אר פרטלי,IT,ברילה איטריות בבטה מ,גרמים,500.00,100 גרם,false,,6.90,0.0138,false,1,96644
8076800315097,false,פסטה מקרוני בוקטיני מספר 9 ברילה 500 גרם,ברילה גי.אי.אר פרטלי,IT,ברילה בוקטיני מס' 9,גרמים,500.00,100 גרם,false,,6.90,0.0138,false,1,96645
8076802085738,false,ברילה - צ.ק פנה רגטה חדש 500 גרם,ברילה גי.אי.אר פרטלי,IT,ברילה פנה רגטה מס' 7,גרמים,500.00,100 גרם,false,,6.90,0.0138,false,1,96648
8076802085837,false,ברילה - צ.ק טורטליוני מס83 500 גרם,הנסיך- מפעל לייצור ט,IT,ברילה טורטליוני מס',גרמים,500.00,100 גרם,false,,6.90,0.0138,false,1,96649
8076802085936,false,ברילה פסטה צ.ק. קונצילה ריגטה חדש,ברילה גי.אי.אר פרטלי,IT,ברילה קונציליאה ריגא,גרמים,500.00,100 גרם,false,,6.90,0.0138,false,1,145045
8076802085981,false,ברילה - צ.ק פוזילי חדש 500 גרם,ברילה גי.אי.אר פרטלי,IT,פוסילי ברילה 98.,גרמים,500.00,100 גרם,false,,6.90,0.0138,false,1,96653
8076808050440,false,פסטה מקרוני מספר 44 ברילה 500 גרם,ברילה Barilla,IT,ברילה פליני מס' 44.,גרמים,500.00,100 גרם,false,,6.90,0.0138,false,1,96655
8076808060654,false,פסטה פרפלה מספר 65 ברילה 500 גרם,ברילה גי.אי.אר פרטלי,IT,ברילה פרפלה.,גרמים,500.00,100 גרם,false,,6.90,0.0138,false,1,96656
8076808070882,false,קנלוני מספר 88 ברילה 250 גרם,פאסטיפיקו ריגו אס.אר,IT,קנלוני ברילה,גרמים,500.00,100 גרם,false,,13.90,0.0278,true,1,96657
8076808150072,false,ברילה - צ.א ספגטוני מס7 חדש 500 גרם,ברילה גי.אי.אר פרטלי,IT,ברילה ספגטי מס' 7.,גרמים,500.00,100 גרם,false,,6.90,0.0138,false,1,96658
8076809501415,false,ברילה קנלוני/פנה 500 ג' מצה פנה טרקולור 500 גרם,ברילה Barilla,IT,פסטה פנה טריקולור,גרמים,500.00,100 גרם,false,,13.90,0.0278,true,1,96659
8076809512268,false,פסטה גירנדולה טורסדס מספר 34 ברילה 500 גרם,ברילה גי.אי.אר פרטלי,IT,ברילה גירנדולה מס' 3,גרמים,500.00,100 גרם,false,,6.90,0.0138,false,1,96661
8076809513395,false,ברילה פומודורו רוטב עגבניות קלאסי 400 גר,ברילה גי.אי.אר פרטלי,IT,ברילה רוטב פומודורו,גרמים,400.00,100 גרם,false,,13.90,0.0348,true,1,96663
8076809513654,false,בסיס רוטב עגבניות לבולונז ברילה 400 גרם,ברילה גי.אי.אר פרטלי,IT,רוטב ברילה בסיס לבול,גרמים,400.00,100 גרם,false,,13.90,0.0348,true,1,96664
8076809513692,false,רוטב עגבניות נפולטנה בתוספת ירקות,ברילה גי.אי.אר פרטלי,IT,ברילה רוטב נפוליטנה,גרמים,400.00,100 גרם,false,,13.90,0.0348,true,1,96665
8076809513739,false,ברילה רוטב עגבניות עם בזיליקום 400 גרם,ברילה גי.אי.אר פרטלי,IT,רוטב בזיליקום ברילה,גרמים,400.00,100 גרם,false,,13.90,0.0348,true,1,96667
8076809514774,false,ברילה איטריות ביצים פפרדלה 250ג',ברילה גי.אי.אר פרטלי,IT,ברילה איטריות פפרדל,גרמים,250.00,100 גרם,false,,17.90,0.0716,true,1,96668
8076809523714,false,"פסטה ברילה טליאטלה, 500 ג'","ש. שסטוביץ בע""מ",IT,ברילה טליאטלה 500 גר,גרמים,500.00,100 גרם,false,,25.90,0.0518,true,1,96679
8076809523738,false,פסטה ברילה לזניה 500ג',ברילה גי.אי.אר פרטלי,IT,לזניה ברילה,גרמים,500.00,100 גרם,false,,19.90,0.0398,true,1,96680
8076809529419,false,ספגטי מחיטה מלאה מס' 5 500 ג' ברילה,ברילה גי. אי. אר פרט,IT,ספגטי ברילה מחיטה מל,גרמים,500.00,100 גרם,false,,13.90,0.0278,true,1,96683
8076809529433,false,פסטה פנה ריגטה חיטה מלאה ברילה 500 גרם,"ש. שסטוביץ בע""מ",IT,ברילה פנה רגטה מחיטה,גרמים,500.00,100 גרם,false,,13.90,0.0278,true,1,96684
8076809545457,false,ברילה אטריות ללא גלוטן 400 ג' צינורות 400 ג',ברילה ג'.אי.אר פרטלי,IT,ברילה ללא גלוטן צינו,גרמים,400.00,100 גרם,false,,14.90,0.0373,true,1,189027
8076809545464,false,ברילה פסטה ללא גלוטן צורת ספירלי 400 גר,מולינו אנדריאני אס.א,IT,ברילה ללא גלוטן ספיר,גרמים,400.00,100 גרם,false,,14.90,0.0373,true,1,189028
8076809547956,false,ברילה - צ.ק קיפרי 500 גרם,ברילה ג'.אי.אר פרטלי,IT,ברילה צ.ק קיפרי 500,גרמים,500.00,100 גרם,false,,6.90,0.0138,true,1,212005
8076809578998,false,ברילה - צ.ק. סטלינה 500 גרם,ברילה Barilla,IT,פסטה ברילה סטלינה,גרמים,500.00,100 גרם,false,,6.90,0.0138,true,1,218363
8076809580496,false,פסטה פפירי 450 ג' ברילה,ברילה,IT,פסטה פפירי ברילה,גרמים,450.00,100 גרם,false,,12.90,0.0287,true,1,259336
8121300206946,false,ממתיק סיטיביה טרוביה 80 שקיות אישיות,הרתסייד פוד,US,טרוביה סטיביה ממתיק,גרמים,80.00,100 גרם,false,,29.90,0.3737,true,1,210551
8121300207004,false,טרוביה - סטיביה ממתיק בצנצנת 270 גרם,קספרס פאקאגעהג,US,טרוביה סטיביה ממתיק,גרמים,270.00,100 גרם,false,,35.90,0.1330,true,1,210552
8121300209466,false,תחליף סוכר חום טרוביה 320 גר,טרוביה Truvia,US,טרוביה תחליף סוכר חו,גרמים,320.00,100 גרם,false,,35.90,0.1122,true,1,264129
8358110076302,false,כוסות לחיים 40 יחידות,"איטיליאן פוד, אס.פי.",CN,"כוסות ליין ח""פ 40 יח",יחידה,0.00,יחידה,false,,6.50,0.0000,true,1,125183
8410001109978,false,ספוגי קרצוף ללכלוך קשה זוג,3m,ES,זוג ספוגי קרצוף ללכל,יחידה,0.00,יחידה,false,,10.90,0.0000,true,1,215541
8410001134833,false,זוג ספוגי ניקוי ללא שריטות שמזון אינו נלכד בתוכו,3m,US,זוג ספוגי ניקוי ללא,יחידה,0.00,יחידה,false,,12.90,0.0000,true,1,219705
8410001134864,false,זוג ספוגים לניקוי קשה שמזון אינו נלכד בתוכו,3m,US,זוג ספוגים לניקוי קש,יחידה,0.00,יחידה,false,,12.90,0.0000,true,1,219706
8410001134918,false,זוג ספוגים עם ידית אחיזה ללא שריטות שמזון אינו נלכד בתוכו,3m,US,זוג ספוגים עם ידית א,יחידה,0.00,יחידה,false,,12.90,0.0000,true,1,219709
8410001135304,false,סקוטש ברייט כרית ניקוי לכיריים מזכוכית,3m,US,סקוטש ברייט כרית ניק,יחידה,0.00,יחידה,false,,15.90,0.0000,true,1,219707
8410076600622,false,חטיפי גרנולה קראנצ'י עם שוקולד מריר נייצ'ר ואלי 210 גרם,ג'נרל מילס סאן אדריא,ES,נייטשר ואלי חמישייה,גרמים,210.00,100 גרם,false,,19.00,0.0905,true,1,140773
8410076610379,false,"חטיף בוטנים, חלבון סויה ושוקולד מריר עם ציפוי בטעם שוקולד",סריילטו ספיין פודס,ES,נייטשר ואלי פרוטאין,גרמים,160.00,100 גרם,false,,22.90,0.1431,true,1,192436
8410076610386,false,נייטשר ואלי פרוטאין בוטנים עם ציפוי בטעם קרמל מלוח 160 ג',סריילטו ספיין פודס,ES,חטיף נייטשר ואלי פרו,גרמים,160.00,100 גרם,false,,22.90,0.1431,true,1,192437
8410076610492,false,חטיף שיבולת שועל מלאה ובוטנים בציפוי עם חמאת בוטנים,יבואן ומשווק: ש. שסט,ES,נייטשר ואלי צ'ואי בו,גרמים,150.00,100 גרם,false,,19.00,0.1267,true,1,194837
8410076621009,false,עוגות אישיות בטעם קרמל עם חתיכות בטעם קרמל מלוח,"גלאטס סירו בע""מ",PT,חטיף פייבר 1 בטעם קר,גרמים,120.00,100 גרם,false,,14.90,0.1242,true,1,215897
8410076621047,false,עוגות אישיות בטעם שוקולד עם חתיכות בטעם שוקולד,"גלאטס סירו בע""מ",ES,חטיפי פייבר 1 בראוני,גרמים,120.00,100 גרם,false,,14.90,0.1242,true,1,215802
8410104039134,false,"פיניש מנקה ומחדש מדיח 250 מ""ל",הדקלאים אגודת שיתופי,PL,פיניש מנקה ומחדש,מיליליטרים,250.00,"100 מ""ל",false,,14.90,0.0596,true,1,104694
8410104045111,false,"פיניש מלח למדיח כלים 2ק""ג",רקיט בנקיזר,IL,פיניש מלח למדיח,קילוגרמים,2.00,"ק""ג",false,,14.90,7.4500,true,1,212094
8410104437268,false,פיניש דאו ציטרופרש מנטה,רקיט בנקיזר,HU,פיניש ציטרו פרש,גרמים,27.00,100 גרם,false,,14.90,0.5519,true,1,135314
8410128768324,false,ויוה סוי משקה שקדים קרטונית ליטר,קלידאד פסקואל,ES,ויוה סוי שקדים קרטונ,ליטרים,1.00,ליטר,false,,12.90,12.9000,true,1,211596
8410128768355,false,ויוה סוי סויה קלאסי קרטונית ליטר,קלידאד פסקואל,ES,ויוה סוי סויה קרטוני,ליטרים,1.00,ליטר,false,,11.90,11.9000,true,1,211597
8410179100043,false,שמן זית בורחס מעולה7,PONTU BORGES ACEITES,ES,שמן זית בורחס מעולה7,יחידה,750.00,יחידה,false,,37.90,0.0505,true,1,111310
8410342003508,false,"טוראס- ממרח שוקולד ללת""ס 200 גרם",,ES,ממרח אגוזי לוז עם קק,גרמים,200.00,100 גרם,false,,17.90,0.0895,true,1,216385
8410342004789,false,טוראס-שוקולד מריר 72% ללא סוכר 100 גרם,,,טוראס שוקולד מריר 72,גרמים,100.00,100 גרם,false,,15.90,0.1590,true,1,217075
8410342004796,false,שוקולד מריר 85% ללא סוכר טוראס 100ג',צ'יקולטס טוארס,ES,טוראס שוקולד מריר 85,גרמים,100.00,100 גרם,false,,14.90,0.1490,true,1,210711
8410342004994,false,"שוקולד מריר שבבי קקאו חמוציות ללת""ס 125",צ'יקולטס טוארס,ES,טוראס שוקולד מריר שב,גרמים,125.00,100 גרם,false,,14.90,0.1192,true,1,210850
8410342005595,false,"טוראס-שוקולד חלב ללת""ס 75 גרם",,ES,טוראס שוקולד חלב ללא,גרמים,75.00,100 גרם,false,,8.50,0.1133,true,1,217074
8410342005625,false,"טוראס-שוקולד חלב אגוז ללת""ס 75 גרם",,ES,טוראס שוקולד חלב עם,גרמים,75.00,100 גרם,false,,8.50,0.1133,true,1,210713
8410342006318,false,טוראס שוקולד מריר קפה ללא סוכר 75 גרם,,ES,טוראס שוקולד מריר קפ,גרמים,75.00,100 גרם,false,,8.50,0.1133,true,1,213094
8410342006585,false,"טוראס-שוקולד מריר 72% ללת""ס 75ג 1/12 (530)",,,טוראס שוקולד מריר 72,גרמים,75.00,100 גרם,false,,8.50,0.1133,true,1,214005
8410376009392,false,ביסקויט מחיטה מלאה ללא תוספת סוכר גולון 170 גרם,גאלטס גלון סא,ES,ביסקוויט מחיטה מלאה,גרמים,170.00,100 גרם,false,,9.90,0.0582,true,1,123034
8410376009408,false,גולון-דורדה ביסקוויט זהב ללא סוכר 330 גר'1/15,GULLON,,גולון דורדה ביסקוויט,גרמים,330.00,100 גרם,false,,17.90,0.0542,true,1,122977
8410376010701,false,"ביסקוויט ללת""ס גולון גלטה מריה 400 גר",תות תעשיות מזון (201,ES,גולון ביסקוויט מרי ל,גרמים,400.00,100 גרם,false,,17.90,0.0447,true,1,122979
8410376029079,false,גולון רונדיטוס ביסקויט ללא תוספת סוכר 186 גר,GULLON,,ביסקוויט ללא סוכר מצ,יחידה,186.00,יחידה,false,,16.90,0.0909,true,1,137557
8410376037784,false,גולון ביסקויט סנדויץ שוקו ללא סוכר 250ג,תות תעשיות מזון (201,ES,גולון ביסקויט שוקו ל,גרמים,250.00,100 גרם,false,,13.50,0.0540,true,1,141877
8410376042481,false,גולון ביסקווט קרם יוגורט ללא תוספת סוכר 220 גרם,גלטס גולון,,גולון ביסקוויט קרם י,גרמים,220.00,100 גרם,false,,15.90,0.0723,true,1,185336
8410376044393,false,עוגיות סנדוויץ וניל ללא תוספת סוכר 210,GULLON,,גולון עוגיות סנדוויץ,גרמים,210.00,100 גרם,false,,18.90,0.0900,true,1,189582
8410376044959,false,גולון דיבוס שרקיז ללא גלוטן ולקטוז 250גר,דן נקסט,ES,גולון דיבוס בסקויט ל,גרמים,250.00,100 גרם,false,,18.90,0.0756,true,1,191488
8410376045024,false,גולון דיאגסטיב ביסקויט ללא גלוטן ולקטוז 150גר,GULLON,,ביסקוויט ללא גלוטן,גרמים,150.00,100 גרם,false,,13.50,0.0900,true,1,192154
8410376047509,false,גולון טוסטדה ללא סוכר 400 גרם,גלטס גולון,ES,גולון ביסקויט ללא סו,גרמים,400.00,100 גרם,false,,15.90,0.0398,true,1,195230
8410376052633,false,גולון-עוגיות שוקוצ'יפס ללא תוספת סוכר 150 ג 1/12,VIRGINIAS INDUSTRIAS,ES,גולון עוגיות שוקולד,גרמים,150.00,100 גרם,false,,12.90,0.0860,true,1,213021
8410376057270,false,גולון-ביסקוויט ללא סוכר עם ש.מריר 150 גר' 1/12,גולון,ES,גולון ביסקוויט ללא ס,גרמים,150.00,100 גרם,false,,17.90,0.1193,true,1,212379
8410376059380,false,גולון וופל וניל ללא תוספת סוכר 180 גרם,GULLON,ES,גולון וופל וניל ללא,גרמים,180.00,100 גרם,false,,15.90,0.0883,true,1,216478
8410376059397,false,גולון וופל שוקולד ללא תוספת סוכר 180 גרם,GULLON,ES,גולון וופל שוקולד לל,גרמים,200.00,100 גרם,false,,15.90,0.0795,true,1,217637
8410655000423,false,"מארז בירה סאן מיגל 4*330 מ""ל",,,בירה סאן מיגל רביעיי,ליטרים,1.32,ליטר,false,,24.90,18.8636,false,1,185490
8410721443680,false,מלח ים מרקדו טייסט 425ג',,,מלח ים מטחנה 425 גר',גרמים,425.00,100 גרם,false,,21.90,0.0515,true,1,212880
8411277063049,false,קווה כשרה גאום סרה ב,ג'אום סרה,,קווה ג'אום סרה ברוט,מיליליטרים,750.00,"100 מ""ל",false,,29.90,0.0399,true,1,127311
8411277350118,false,"קאווה ג'ום סרה חצי יבש 750 מ""ל",ג'אום סרה,,קווה ג'אום סרה חצי י,יחידה,0.00,יחידה,false,,29.90,0.0000,true,1,127312
8412168002529,false,מחייה 13 משקה כוהלי בטעם לימונים,דיסטילריאס לה הורטנה,ES,מחייה 13% לימונים,מיליליטרים,700.00,"100 מ""ל",false,,49.90,0.0713,true,1,201330
8412497567126,false,צלחת פולי מלחמת הכוכ,סטור,,צלחת פולי דגם מלחמת,יחידה,0.00,יחידה,false,,8.90,0.0000,true,1,192423
8414926410584,false,"צלחת רב פעמי 22 ס""מ",,,"צלחת רב פעמי 22 ס""מ",יחידה,0.00,יחידה,false,,8.90,0.0000,true,1,264580
8414926416685,false,"קערה רב פעמית 540 מ""",,,"קערה רב פעמית 540 מ""",יחידה,0.00,יחידה,false,,7.90,0.0000,true,1,264583
8414926518921,false,"כוס רב פעמית 250 מ""ל",,,"כוס רב פעמית 250 מ""ל",יחידה,0.00,יחידה,false,,4.40,0.0000,true,1,264585
8420708012822,false,"גבינת קשקבל ספרדי, 200 גרם",מיוצר עי קונדיטוריית,ES,גבינת קשקבל בשלה,גרמים,200.00,100 גרם,false,,22.90,0.1145,true,1,219490
8420822130600,false,"ספריי סופר מסיר שומנים 750מ""ל יעקבי",קה לורדה,ES,סופר מסיר שומנים 750,מיליליטרים,750.00,"100 מ""ל",false,,14.90,0.0199,true,1,260842
8420822130624,false,"ספריי סופר מסיר כתמים 750מ""ל יעקבי",קה לורדה,ES,סופר מסיר כתמים 750,מיליליטרים,750.00,"100 מ""ל",false,,17.90,0.0239,true,1,260841
8423207206488,false,סלים דליס חטיף דגנים מצופה שוקולד חלב מרבה 6*20 גרם,אף.סי תבליני בגליל ב,ES,חטיף דגנים מלאים מצו,יחידה,0.00,יחידה,false,,10.90,0.0000,true,1,138692
8423207206495,false,סלים דליס חטיף דגנים מצופה שוקולד מריר מרבה 6*20 גרם,אף.סי תבליני בגליל ב,ES,חטיף דגנים מלאים מצו,יחידה,0.00,יחידה,false,,10.90,0.0000,true,1,138693
8423207206501,false,סלים דליס חטיף דגנים עם שוקולד חלב מרבה 6*13 גרם,סלים דליס Slim Delis,ES,מרבה סלים דליס חצי מ,יחידה,0.00,יחידה,false,,10.90,0.0000,true,1,138694
8423207207362,false,חטיף דגנים סלים דליס שוקולד לבן 120 גר,ביסנצ'ורי אס.אל.יו,ES,חטיף דגנים שוקולד לב,יחידה,0.00,יחידה,false,,10.90,0.0000,true,1,145046
8423207208260,false,מרבה סלים דליס 125 ג' ללא גלוטן שוקולד חלב,ביסנצ'ורי אס.אל.יו,ES,סלים דליס שוקולד חלב,יחידה,0.00,יחידה,false,,10.90,0.0000,true,1,187803
8423207208680,false,מרבה חטיפי סלים דליס לילדים שוקולד חלב,ביסנצ'ורי אס.אל.יו,ES,סלים דליס לילדים עם,יחידה,0.00,יחידה,false,,10.90,0.0000,true,1,189653
8423207208697,false,מרבה סלים דליס לילדים עם שוקולד לבן חדש,ביסנצ'ורי אס.אל.יו,ES,סלים דליס לילדים עם,יחידה,0.00,יחידה,false,,10.90,0.0000,true,1,189654
8423207208703,false,מרבה חטיפי סלים דליס לילדים שוקולד מריר,ביסנצ'ורי אס.אל.יו,ES,סלים דליס לילדים עם,יחידה,0.00,יחידה,false,,10.90,0.0000,true,1,189655
8423207208871,false,פרכיות תירס בטעם טבעי סלים דליס 130ג',סלים דליס Slim Delis,ES,פרכיות תירס בטעם טבע,גרמים,130.00,100 גרם,false,,8.90,0.0685,true,1,193912
8423207208888,false,פריכיות תירס בטעם עגבניות ועשבי תיבול סלים דליס 123 ג',סלים דליס Slim Delis,ES,פריכיות תירס בטעם עג,גרמים,123.50,100 גרם,false,,8.90,0.0721,true,1,193770
8423207208895,false,פריכיות תירס בטעם זיתים ועירית סלים דליס 123 ג',סלים דליס Slim Delis,ES,פריכיות תירס בטעם זי,גרמים,123.50,100 גרם,false,,8.90,0.0721,true,1,193771
8423207209748,false,חטיף דגנים מלאים שוקולד מריר נגיעות תפוז,ביסנצ'ורי אס.אל.יו,ES,סלים דליס שוקולד מרי,יחידה,0.00,יחידה,false,,10.90,0.0000,true,1,199960
8423207209885,false,מרבה חטיפי סלים דליס מהדורה מיוחדת שוקולד חלב,סלים דליס Slim Delis,ES,מרבה סלים דליס מהדור,גרמים,125.00,100 גרם,false,,10.90,0.0872,true,1,200704
8423207210287,false,מרבה סלים דליס שוקולד לבן בטעם יוגורט 120 ג',סלים דליס Slim Delis,ES,מרבה סלים דליס שוקול,גרמים,120.00,100 גרם,false,,10.90,0.0908,true,1,204025
8423207210928,false,חטיף דגנים מצופה שוקולד חלב ואגוזי לוז - 5 במארז,נוטרישן אנד סנטה קוב,ES,סלים דליס טופינג אגו,גרמים,90.00,100 גרם,false,,10.90,0.1211,true,1,213832
8423207210942,false,חטיף דגנים מצופה שוקולד לבן ופירות יער,נוטרישן אנד סנטה קוב,ES,סלים דליס טופינג פיר,גרמים,90.00,100 גרם,false,,10.90,0.1211,true,1,213834
8423207210966,false,חטיף רב דגנים מצופה שוקולד לבן קוקוס ולימון,נוטרישן אנד סנטה קוב,ES,סלים דליס טופינג קוק,גרמים,90.00,100 גרם,false,,10.90,0.1211,true,1,213833
8423207210980,false,סלים דליס טופינג קליפת תפוז 90 גרם,נוטרישן אנד סנטה קוב,ES,סלים דליס טופינג קלי,גרמים,90.00,100 גרם,false,,10.90,0.1211,true,1,213863
8423371000202,false,מיקס בוטנים מלוחים SALYSOL,Unknown,ES,חטיף בוטנים עם מלח,גרמים,150.00,100 גרם,false,,8.90,0.0593,true,1,213316
8423371002725,false,סאליסול- קוקטייל מיקס 100 גרם,גלוברנדס,ES,חטיף בוטנים ואגוזים,גרמים,100.00,100 גרם,false,,8.90,0.0890,true,1,213037
8423371005085,false,"מיקס פיקנטי בפחית ""סאליוס"" 100 גרם",גלוברנדס,ES,חטיף בוטנים ואגוזים,גרמים,100.00,100 גרם,false,,8.90,0.0890,true,1,214536
8423371007089,false,סאליסול- בוטנים מלוחים בדבש 150 גרם,גלוברנדס,ES,חטיף בוטנים עם דבש ו,גרמים,150.00,100 גרם,false,,8.90,0.0593,true,1,213039
8424842050016,false,צ'יפס בטעם כמהין 125 גרם RUBIO,RUBIO,ES,צ'יפס בטעם כמהין,גרמים,130.00,100 גרם,false,,12.90,0.0992,true,1,217876
8424842050030,false,צ'יפס עם מלח הימלאי 125 גרם RUBIO,RUBIO,ES,צ'יפס עם מלח הימלאי,גרמים,125.00,100 גרם,false,,12.90,0.1032,true,1,217874
8424842050085,false,צ'יפס בטעם חרדל ודבש 125 גרם RUBIO,RUBIO,ES,צ'יפס בטעם חרדל ודבש,גרמים,125.00,100 גרם,false,,12.90,0.1032,true,1,217875
8424842201340,false,צ'יפס מסורתי פרימיום 130 גרם,,ES,צ'יפס מסורתי פרימיום,גרמים,130.00,100 גרם,false,,12.90,0.0992,true,1,217877
8425206000081,false,ריבת חלב מרדל 450 גרם,כלורוקס אוקלנד,ES,ריבת חלב 450 גר',גרמים,450.00,100 גרם,false,,21.90,0.0487,true,1,148478
8435495805106,false,"ביומט אבקת כביסה בניחוח רענן 5ק""ג",ליימן מותגים,DE,"ביומטפרש 5 ק""ג",קילוגרמים,5.00,"100 ק""ג",false,,29.90,5.9800,true,1,200343
8435495805168,false,"תינוקלין לכביסה לעור רגיש אולימפיק 1.25ק""ג",מולינו ניקולי s.p.a,PL,"תינוקלין 1.25 ק""ג",קילוגרמים,1.25,"ק""ג",false,,24.90,19.9200,true,1,202279
8435495805199,false,"תינוקלין אבקת כביסה 3 ק""ג",מולינו ניקולי s.p.a,TR,"תינוקלין 3 ק""ג",קילוגרמים,3.00,"ק""ג",false,,43.90,14.6333,true,1,202527
8435495807605,false,תינוקלין מרכך כביסה היפואלרגני מרוכז 1 ליטר,מולינו ניקולי s.p.a,TR,תינוקלין מרכך כביסה,ליטרים,1.00,ליטר,false,,17.90,17.9000,false,1,205056
8435495807636,false,ג'ל כביסה היפואלרגני 2 ל' תינוקלין,פרוקטר אנד גמבל,PL,תינוקלין ג'ל כביסה 2,ליטרים,2.00,ליטר,false,,29.90,14.9500,true,1,206050
8435495819363,false,תינוקלין - מרכך כביסה פרש & ג'נטל 1 ליטר,פרוקטר אנד גמבל,TR,תינוקלין מרכך כביסה,ליטרים,1.00,ליטר,false,,17.90,17.9000,true,1,259572
8436575292205,false,ארטיק חמשושים מאגדת 15*12 גר',שוורצקוף& הנקל דיסלד,IL,מאגדת חמושושים,גרמים,220.00,100 גרם,false,,19.50,0.0886,true,1,207187
8437011503060,false,עלי טורטייה 360 גר',,,עלי טורטייה 360 גר',גרמים,360.00,100 גרם,false,,10.90,0.0303,true,1,188862
8445290341587,false,פנסי פיסט פטה דג לבן ועוף 85גר,נסטלה פורינה USA ג',US,פנסי פיסט פטה דג לבן,גרמים,85.00,100 גרם,false,,6.00,0.0706,true,1,264223
8445290341617,false,פנסי פיסט פטה עוף וסלמון 85גר,נסטלה פורינה USA סט,US,פנסי פיסט פטה עוף וס,גרמים,85.00,100 גרם,false,,6.00,0.0706,true,1,263678
8445290341655,false,פנסי פיסט פטה עוף 85ג,נסטלה פורינה USA ג',US,פנסי פיסט פטה עוף,גרמים,85.00,100 גרם,false,,6.00,0.0706,true,1,264224
8445290427120,false,דגני פיטנס Fitness שוקולד מריר ובננה,נסטלה צרפת איטנקורט,FR,פיטנס שוקולד מריר וב,גרמים,330.00,100 גרם,false,,21.90,0.0664,false,1,263452
8606018615827,false,גלידת וניל עם שברי עוגיות אוראו 480 גרם,פרונרי סרביה,IL,גלידת וניל עם שברי ע,גרמים,480.00,100 גרם,false,,17.90,0.0373,true,1,261217
8606018615841,false,גלידה וניל עם ליבת שוקולד חלב מעולה 480 גרם,פרונרי סרביה,IL,גלידת וניל עם ליבת ש,גרמים,480.00,100 גרם,false,,17.90,0.0373,true,1,261218
8606018615865,false,פיינט מילקה קרמל ליבת שוקולד 480 גרם,פרונרי סרביה,IL,גלידת קרמל,גרמים,480.00,100 גרם,false,,17.90,0.0373,true,1,261219
8682930565280,false,פטקוין אוכל לחתול 1.,,,פטקוין אוכל לחתול 1.,קילוגרמים,1.50,"ק""ג",false,,34.90,23.2667,true,1,264093
8683130008355,false,מיונז עם שום הלמנס לחיץ 400 גרם,יוניליוור ישראל שיוו,TR,מיונז הלמנס שום לחיץ,גרמים,400.00,100 גרם,false,,12.90,0.0323,true,1,259830
8683130008935,false,"הלמנס קטשיונז 425 גר{הרב רלב""ג}",יוניליוור ישראל שיוו,TR,הלמנס קטשיונז 425 גר,גרמים,425.00,100 גרם,false,,12.90,0.0304,true,1,260836
8683130012666,false,מגנום דאבל לבן עוגיות 200 גרם,"מיוצר ע""י יונילוור ס",TR,שלגון מגנום דאבל לבן,גרמים,74.00,100 גרם,false,,11.00,0.1486,true,1,262302
8683130025581,false,"בדין - מרכך כביסה אקסטרא ענבר 960 מ""ל",יונילוור - תורכיה,TR,בדין אקסטרה ענבר 960,מיליליטרים,960.00,"100 מ""ל",false,,14.90,0.0155,false,1,263165
8683323063024,false,יוגטה שטיחים בטעם תותי פרוטי 220 גרם,ליימן מותגים,TR,יוגטה שטיחים תותי פר,גרמים,220.00,100 גרם,false,,10.90,0.0495,true,1,195604
8690504081913,false,מקוויטיס טינס מצופה שוקולד חלב 150 גרם,שוורצקוף& הנקל דיסלד,TR,מיקוויטיס ביסקוויטים,גרמים,150.00,100 גרם,false,,10.00,0.0667,true,1,202277
8690504081920,false,מקוויטיס טינס מצופה שוקולד מריר 150 גרם,שוורצקוף& הנקל דיסלד,TR,טינס מצופה שוקולד מר,גרמים,150.00,100 גרם,false,,10.00,0.0667,true,1,202446
8690504081937,false,מקוויטיס טינס שוקולד חלב וקפוצינו 150 גר,שוורצקוף& הנקל דיסלד,TR,מיקוויטיס ביסקוויטים,גרמים,150.00,100 גרם,false,,10.00,0.0667,true,1,202278
8690504153740,false,שוקולד מריר במילוי קרם בטעם שוקולד מריר,ביסקוט ביסקווי סילבר,TR,שוקולד מריר עם גאנש,גרמים,86.00,100 גרם,false,,13.90,0.1616,true,1,203178
8690504153849,false,שוקולד חלב במילוי קרם בטעם פרלין אגוזים,"אולקר מקבוצת פלאדיס,",TR,שוקולד חלב קרם אגוזי,גרמים,83.00,100 גרם,false,,13.90,0.1675,true,1,203179
8690504156543,false,טבלת שוקלד חלב ממולא בקרם גנאש שוקולד חלב 88 גר',ביסקוט ביסקווי סילבר,TR,גודייבה שוקולד חלב מ,גרמים,88.00,100 גרם,false,,13.90,0.1580,true,1,215421
8690526009278,false,אי טי אי - חטיף קרמל מצופה שוקולד וחלב כדורוני דגנים 126 גרם,eti gida sanayi,TR,חטיף קרמל מצופה שוקו,גרמים,126.00,100 גרם,false,,9.90,0.0786,true,1,212241
8690526009308,false,אי טי אי - חטיף קוקוס מצופה שוקולד חלב וכדורוני דגנים 126 גרם,גורי,TR,חטיף קוקוס מצופה שוק,גרמים,126.00,100 גרם,false,,9.90,0.0786,true,1,212244
8690526009353,false,אי טי אי - מיני חטיף בוטנים נוגט קרמל מצופה שוקולד חלב 140 גרם,eti gida sanayi,TR,מיני חטיף בוטנים נוג,גרמים,140.00,100 גרם,false,,9.90,0.0707,true,1,212245
8690526016207,false,אי טי אי - מיני עוגה מצופה במילוי קרמל 144 גרם,,,מיני עוגה מצופה במיל,גרמים,144.00,100 גרם,false,,9.90,0.0688,true,1,260948
8690637007705,false,מסטיגם וניל מסטיק על מקל ללא סוכר,"מיוצר ע""י יוניליוור",TR,מסטיגם,גרמים,80.00,100 גרם,false,,6.50,0.0813,true,1,205556
8690637073373,false,תה ארל גריי בטעם ברגמוט ליפטון 25 שקיקים,יונילוור - תורכיה,TR,תה ארל גריי סרוויס 2,גרמים,50.00,100 גרם,false,,8.00,0.1600,true,1,117571
8690637073434,false,תה ליפטון ארל גריי 100 שקיקים,ליפטון Lipton,,תה ארל גריי ליפטון 1,גרמים,200.00,100 גרם,false,,27.90,0.1395,true,1,117568
8690637073595,false,חליטת ורד הבר ליפטון,יונילוור - תורכיה,,חליטת ורד הבר 20 שקי,גרמים,50.00,100 גרם,false,,12.50,0.2500,true,1,118543
8690637503856,false,ממרח הלמנס כ- 40% פחות שומן לעומת מיונז,"בסטפוד - 3P ארה""ב Fo",TR,ממרח הלמנס לחיץ 355,גרמים,355.00,100 גרם,false,,12.90,0.0363,false,1,215950
8690637505607,false,מרכך כביסה מרוכז בדין אקסטרה בניחוח פינוק כחול,יוניליוור סנאיי וי ט,TR,בדין אקסטרה פינוק קל,מיליליטרים,960.00,"100 מ""ל",false,,14.90,0.0155,false,1,219443
8690637555084,false,מרכך כביסה בדין אקסטרא פריחת תפוז 960 מל,יוניליוור סנאיי וי ט,TR,בדין אקסטרא לבן 960מ,מיליליטרים,960.00,"100 מ""ל",false,,14.90,0.0155,false,1,122737
8690637688195,false,ליפטון תה ירוק מעטפות קלאסי 30 ג',יונילוור - תורכיה,TR,תה ירוק קלאסי ליפטון,יחידה,0.00,יחידה,false,,14.90,0.0000,true,1,148474
8690637704277,false,"שמפו ומרכך לשיער רגיל 600 מ""ל דאב",יונילוור - תורכיה,TR,דאב שמפו יום יומי 2-,מיליליטרים,600.00,"100 מ""ל",false,,15.90,0.0265,false,1,150584
8690637704291,false,שמפו לשיקום אינטנסיבי לשיער פגום,יוניליוור טורקיה. אז,TR,"דאב שמפו משקם 600 מ""",מיליליטרים,600.00,"100 מ""ל",false,,15.90,0.0265,false,1,150585
8690637704390,false,"מרכך לשיער רגיל 600 מ""ל דאב",יוניליוור טורקיה. אז,TR,דאב מרכך יום יומי 60,מיליליטרים,600.00,"100 מ""ל",false,,15.90,0.0265,false,1,150742
8690637704413,false,מרכך לשיקום אינטנסיבי לשיער פגום,יוניליוור טורקיה. אז,TR,"דאב מרכך משקם 600 מ""",מיליליטרים,600.00,"100 מ""ל",false,,15.90,0.0265,false,1,150750
8690637704437,false,שמפו עם שמני הזנה לטיפוח לשיער יבש,יוניליוור טורקיה. אז,TR,דאב שמפו שמני הזנה 6,מיליליטרים,600.00,"100 מ""ל",false,,15.90,0.0265,false,1,150587
8690637704451,false,מרכך עם שמני הזנה לטיפוח לשיער יבש,יוניליוור טורקיה. אז,TR,דאב מרכך שמני הזנה 6,מיליליטרים,600.00,"100 מ""ל",false,,15.90,0.0265,false,1,150751
8690637799594,false,תה ירוק ליפטון נענע בסגנון מרוקאי 20יח',בסן בסין סנאיי וי טי,TR,תה ירוק נענע בסגנון,גרמים,36.00,100 גרם,false,,14.90,0.4139,true,1,193892
8690637835643,false,"תה ירוק לימונית ולאויזה 30 גרם ""ליפטון""",יונילוור - תורכיה,TR,תה ירוק לואיזה ולימו,גרמים,30.00,100 גרם,false,,14.90,0.4967,true,1,198777
8690637840258,false,"בדין אקסטרה יקינטון 960 מ""ל",בדין,,בדין אקסטרא יקינטון,מיליליטרים,960.00,"100 מ""ל",false,,14.90,0.0155,false,1,201826
8690637842382,false,מגנום דאבל פרי יער שטראוס 82 גר,"מיוצר ע""י יונילוור ס",TR,מגנום דאבל פרי יער,יחידה,0.00,יחידה,false,,11.00,0.0000,true,1,201585
8690637842399,false,מאגדת מגנום מיני דאבל פרי יער שוקולד 6 יח' נסטלה,יוניליוור סנאי וי סי,TR,מאגדת מיני מגנום דאב,יחידה,0.00,יחידה,false,,32.90,0.0000,true,1,201586
8690637858734,false,ג'ל לניקוי כללי בתוספת אקונומיקה בניחוח לימון,סיף פנטסטיק Cif Fantastic,IL,סיף ג'ל אקונומיקה לי,מיליליטרים,750.00,"100 מ""ל",false,,10.90,0.0145,true,1,203504
8690637866654,false,תה ירוק קלאסי ליפטון 50 שקיקים 75ג',ליפטון,TR,ליפטון תה ירוק קלאסי,יחידה,0.00,יחידה,false,,25.90,0.0000,true,1,204267
8690637866753,false,"בדין מרכך כביסה מרוכז אקסטרה סגול 960 מ""ל",יונילוור - תורכיה,TR,בדין אקסטרא סגול 960,מיליליטרים,960.00,"100 מ""ל",false,,14.90,0.0155,false,1,203736
8690637871047,false,דאב שמפו בתוספת שמן קוקוס וכורכום 600 מל,יונילוור - תורכיה,TR,דאב שמפו קוקוס 600 מ,מיליליטרים,600.00,"100 מ""ל",false,,15.90,0.0265,true,1,204309
8690637871061,false,"דאב שמפו שמן אבוקדו ותמצית קלנדולה 600 מ""ל",יונילוור - תורכיה,TR,דאב שמפו עם שמן אבוק,מיליליטרים,600.00,"100 מ""ל",false,,15.90,0.0265,true,1,204310
8690637871108,false,הלמנ'ס ממרח חרדל 250 גרם,יוניליוור,TR,הלמנס חרדל 250 גר',גרמים,250.00,100 גרם,false,,12.90,0.0516,true,1,208383
8690637871245,false,הלמנס מיונז אמיתי 395 גר' בקבוק לחיץ.,"בסטפוד - 3P ארה""ב Fo",TR,הלמנס מיונז אמיתי לח,גרמים,395.00,100 גרם,false,,12.90,0.0327,true,1,207425
8690637890666,false,מאגדת מגנום מיני דאבל פיסטוק 6 יח' שטראוס,יוניליוור סנאיי וי ט,TR,מגנום דאבל פיסטוק מא,גרמים,282.00,100 גרם,false,,32.90,0.1167,true,1,206236
8690637916991,false,מרכך דאב עם שמן אבוקדו ותמצית קלנדולה600,יונילוור - תורכיה,TR,דאב מרכך אבוקדו 600,מיליליטרים,600.00,"100 מ""ל",false,,15.90,0.0265,false,1,208014
8690637935701,false,"מרכך כביסה אקסטרה פריחת הדובדבן ושקדים 960 מ""ל בדין",יוניליוור סנאיי וי ט,TR,בדין אקסטרה דובדבן ו,מיליליטרים,960.00,"100 מ""ל",false,,14.90,0.0155,false,1,211168
8690637946301,false,"בדין - מרכך כביסה אקסטרא בייביי כחול 960 מ""ל",יוניליוור סנאיי וי ט,TR,בדין אקסטרא בייבי כח,מיליליטרים,960.00,"100 מ""ל",false,,14.90,0.0155,false,1,211838
8690637946318,false,מרכך כביסה אקסטרה בייבי היפואלרגני בריח טלק,יוניליוור סנאיי וי ט,IL,בדין אקסטרה בייבי צה,מיליליטרים,960.00,"100 מ""ל",false,,14.90,0.0155,false,1,213975
8690637971310,false,"מרכך כביסה אקסטרה בניחוח יערת הדבש 960 מ""ל בדין",יוניליוור סנאיי וי ט,TR,בדין אקסטרא יערת הדב,מיליליטרים,960.00,"100 מ""ל",false,,14.90,0.0155,false,1,215706
8690637976995,false,"בדין - מרכך כביסה אקסטרא ורוד סחלבים פראי 960 מ""ל",יוניליוור סנאיי וי ט,TR,בדין אקסטרה ורוד 960,מיליליטרים,960.00,"100 מ""ל",false,,14.90,0.0155,false,1,215889
8690637987298,false,"ספריי לניקוי כללי ללא אקונומיקה 750 מ""ל",יוניליוור,TR,דומסטוס ספריי אלוורה,מיליליטרים,450.00,"100 מ""ל",false,,12.90,0.0287,true,1,217109
8690637987441,false,"מרכך כביסה אקסטרה פרח הכותנה ווניל 960 מ""ל בדין",יוניליוור סנאיי וי ט,TR,בדין אקסטרה כותנה ונ,מיליליטרים,960.00,"100 מ""ל",false,,14.90,0.0155,false,1,217037
8690637989612,false,שלגון שמנת בטעם וניל עם ריפל בטעם שוקולד 246 גרם,יונילוור סנאיי וי טי,TR,מגנום מיני דאבל דולצ,גרמים,246.00,100 גרם,false,,32.90,0.1337,true,1,217027
8690637989629,false,מגנום דאבל דולצ'ה גולד בטעם וניל עם ריפל בטעם שוקולד 246 גרם,יונילוור סנאיי וי טי,TR,מגנום דאבל דולצ'ה גו,גרמים,63.00,100 גרם,false,,11.00,0.1746,true,1,217028
8690637997914,false,גלידת מגנום וניל שקדים בכוס אישית 76 גרם,יונילוור סנאיי וי טי,TR,מגנום גלידת שמנת וני,גרמים,76.00,100 גרם,false,,8.90,0.1171,true,1,219784
8690637997921,false,גלידת שמנת וניל קלאסיק בכוס אישית 63 גרם,יונילוור סנאיי וי טי,TR,מגנום גלידת שמנת וני,גרמים,81.00,100 גרם,false,,8.90,0.1099,true,1,219785
8690766156367,false,שוקולד חלב גודייבה מעולה 90 גר,"אולקר מקבוצת פלאדיס,",TR,שוקולד חלב מעולה גוד,גרמים,90.00,100 גרם,false,,14.50,0.1611,true,1,213758
8690766156374,false,שוקולד גודייבה מריר 72% מוצרי קקאו 90 גר,"אולקר מקבוצת פלאדיס,",TR,שוקולד מריר 72% גודי,גרמים,90.00,100 גרם,false,,14.50,0.1611,true,1,213062
8690766156381,false,גודייבה שוקולד מריר 90% מוצקי קקאו 90 גרם,"אולקר מקבוצת פלאדיס,",TR,שוקולד מריר מעולה 90,גרמים,90.00,100 גרם,false,,14.50,0.1611,true,1,211839
8690766156398,false,"שוקולד חלב מעולה בתוספת שברי שקדים קלויים,דבש ומלח 90 גרם","אולקר מקבוצת פלאדיס,",TR,שוקולד חלב מעולה בתו,גרמים,90.00,100 גרם,false,,14.50,0.1611,true,1,213057
8690766156404,false,שוקולד מריר מעולה גודייבה תפוז אדום 90 גרם,גודייבה,TR,שוקולד מריר מעולה בט,גרמים,90.00,100 גרם,false,,14.50,0.1611,true,1,211840
8690766156411,false,שוקולד מריר מעולה בטעם פלפל ורוד עם חתיכות תות מסוכר 90 גרם,"אולקר מקבוצת פלאדיס,",TR,שוקולד גודייבה מריר,גרמים,90.00,100 גרם,false,,14.50,0.1611,true,1,211985
8690777203012,false,פלפלים ירוקים כבושים לא חריפים וילי פוד 600 גרם,יוליניבר,TR,SERA פלפלים ירוקים כ,גרמים,600.00,100 גרם,false,,10.90,0.0182,true,1,118827
8690777204071,false,פלפלים כבושים חריפים סרה 320 גרם,יוליניבר,TR,SERA פלפלים חריפים כ,גרמים,640.00,100 גרם,false,,10.90,0.0170,true,1,118648
8690777206051,false,חצילים קלויים על האש סארה 650 גר',קוראהן פזלרמה וי דיס,TR,SERA חציל קלוי על הא,גרמים,650.00,100 גרם,false,,10.90,0.0168,true,1,117079
8690777221405,false,פלפל אדום קלויים על האש 650 גרם SERA,קוראהן פזלרמה וי דיס,TR,SERA פלפל אדום קלוי,גרמים,650.00,100 גרם,false,,10.90,0.0168,true,1,118649
8690784516440,false,דאק נוזל לניקוי מתקדם בניחוח לבנדה בודד 750מל,טואלט דאק (ג'ונסון),NL,דאק ג'ל נוזל לבנדר 7,מיליליטרים,750.00,"100 מ""ל",false,,8.90,0.0119,true,1,210735
8690784611442,false,סבון מוצק לניקוי אסלה בניחוח הדרים בתוספת אקונומיקה,דאופלור אס פי אי כונ,PL,דאק סבון אקטיבי עם א,יחידה,0.00,יחידה,false,,9.90,0.0000,true,1,217656
8690784614665,false,סבון דאק לניקוי אסלה בניחוח ים נתלה,דאופלור אס.פי.אי כונ,PL,דאק סבון ניקוי אסלה,גרמים,38.60,100 גרם,false,,9.90,0.2565,true,1,203374
8690784614771,false,סבון מוצק לניקוי אסלה בניחוח רענן,דאופלור אס.פי.אי כונ,IT,דאק סבון ניקוי אסלה,גרמים,38.60,100 גרם,false,,9.90,0.2565,true,1,203375
8690784616775,false,סבון מוצק לאסלה דאק אקווה בלו 4 ב-1 80 ג,טואלט דאק (ג'ונסון),RS,דאק אקווה בלו,יחידה,0.00,יחידה,false,,9.90,0.0000,true,1,205159
8690784711777,false,דאק סבון אקטיבי בתוספת אקונומיקה מקציפה בניחוח ים,דאופלור אס.פי.אי כונ,IT,דאק סבון אקטיבי לניק,יחידה,0.00,יחידה,false,,9.90,0.0000,true,1,207952
8691451018335,false,"דבק בעט סופר גלו גל לוקטייט, כשרות עטרה, 4 גרם",יעקובי,IE,לוקטייט סופר גלו עט,גרמים,4.00,100 גרם,false,,22.90,5.7250,true,1,211368
8692952157165,false,"VEGA-מאג 300 מ""ל",,,מאג,יחידה,0.00,יחידה,false,,5.90,0.0000,true,1,215012
8693323085100,false,גומי יוגטה שטיחים חמוצים טעם פירות 100 ג,יוגטה yogueta,TR,יוגטה שטיחים חמוצים,גרמים,100.00,100 גרם,false,,8.00,0.0800,true,1,204809
8693323099107,false,מרשמלו לבבות בטעם תות ווניל,ליימן שליסל,TR,יוגטה מרשמלו לבבות 1,גרמים,150.00,100 גרם,false,,8.50,0.0567,true,1,199931
8693357092518,false,שישיית כוסות מים שופ,,,סט כוסות מים שישיה,יחידה,0.00,יחידה,false,,11.90,0.0000,true,1,145513
8693357111752,false,כוס מים\ויסקי סט (6),,,כוס מים-ויסקי,יחידה,0.00,יחידה,false,,39.90,0.0000,true,1,228426
8693495037853,false,מברשת שיניים סלים סופט קולגייט 2 יחידות,הנסיך- מפעל לייצור ט,CN,קולגייט מברשת סלים ס,יחידה,0.00,יחידה,false,,24.90,0.0000,true,1,142108
8693495041461,false,קולגייט זוג מברשות שיניים סלים סופט פחם,הנסיך- מפעל לייצור ט,CN,קולגייט מברשת סלים ס,יחידה,0.00,יחידה,false,,24.90,0.0000,true,1,147655
8693495050333,false,"פלמוליב סבון נוזלי לגבר לימון ירוק 500 מ""ל",פלמוליב Palmolive,TR,פלמוליב סבון נוזלי ל,מיליליטרים,500.00,"100 מ""ל",false,,14.90,0.0298,true,1,198001
8693495051002,false,קולגייט מברשת שיניים מיניונים 6+ לילדים,קולגייט Colgate,CN,קולגייט מברשת שיניים,יחידה,0.00,יחידה,false,,9.90,0.0000,true,1,198347
8693495051255,false,מברשת שיניים סלים סופט זהב קולגייט זוג,קולגייט - פלמוליב,CN,קולגייט מברשות שיניי,יחידה,0.00,יחידה,false,,29.90,0.0000,true,1,199034
8693495052177,false,פלמוליב ס.נוזלי זיתים 750 מל משאבה,קולגייט פלמוליב,TR,פלמוליב זיתים 750 מ',מיליליטרים,750.00,"100 מ""ל",false,,19.90,0.0265,true,1,200699
8693495052931,false,זוג מברשות שיניים אדוונסט 360 לניקוי כל חלל הפה,קולגייט פלמוליב,CN,קולגייט זוג מברשות 3,יחידה,0.00,יחידה,false,,29.90,0.0000,true,1,207576
8693495054034,false,פלמוליב ס.נוזלי לומינוס אבוקדו 750 משאבה,שסטוביץ,TR,פלמוליב ג'ל רחצה לומ,מיליליטרים,750.00,"100 מ""ל",false,,19.90,0.0265,true,1,260186
8693495054058,false,סבון נוזלי פלמוליב לומינוס עם תמציות שמן מקדמיה,קולגייט פלמוליב,TR,פלמוליב סבון לומינוס,מיליליטרים,750.00,"100 מ""ל",false,,19.90,0.0265,true,1,260829
8697040108982,false,אסותא סבון נוזלי לש.אינטמ,,TR,אסותא שטיפה אינטימית,מיליליטרים,400.00,"100 מ""ל",false,,15.90,0.0398,true,1,200687
8697040109323,false,אסותא סבון מוצק להיגיינה,אטש סונמז כימיה,TR,סבון מוצק אסותא 100,גרמים,100.00,100 גרם,false,,5.90,0.0590,true,1,201073
8697418280333,false,שערות קדאיף מיובשות 500 גרם,פרינסיס און וה אונלו,TR,LAVALIA-שערות קדאיף,גרמים,500.00,100 גרם,false,,18.90,0.0378,true,1,182273
8697431460064,false,קונפיטורה משמש 70% פרי פרופה 454 גר',פרוטנגו Fruitango,,קונפיטורה משמש,גרמים,450.00,100 גרם,false,,12.00,0.0267,true,1,144699
8697431460378,false,קונפיטורה70% שזיף 450 ג' FRUPPA,פרוטנגו Fruitango,,קונפיטורה שזיפים,גרמים,450.00,100 גרם,false,,12.00,0.0267,true,1,144182
8697431921701,false,קונפיטורה תות שדה 70% פרי פרופה 454 גר',פרוטנגו Fruitango,,פרופה-קונפיטורה תות,גרמים,450.00,100 גרם,false,,12.00,0.0267,true,1,149185
8697431921718,false,קונפיטורה דובדבן חמוץ 70% פרי פרופה 454 גר',פרוטנגו Fruitango,,פרופה-קונפיטורה דובד,גרמים,450.00,100 גרם,false,,12.00,0.0267,true,1,149186
8697431925143,false,קונפיטורה 70% פירות יער 450 ג' FRUPPA,פרוטנגו Fruitango,,קונפיטור 70% פרי-פיר,גרמים,450.00,100 גרם,false,,12.00,0.0267,true,1,149772
8697530910743,false,סיגריות פאל מאל כחול קצר מטאליק,Unknown,,פאל מאל כחול קצר מטא,יחידה,0.00,יחידה,false,,29.00,0.0000,false,1,114129
8697530910750,false,סיגריות פאל מאל כחול ארוך האוס,Unknown,,פאל מאל כחול ארוך מט,יחידה,0.00,יחידה,false,,29.00,0.0000,false,1,113875
8697530910941,false,פאל מאל כחול קצר האוס עשירייה,Unknown,,פקט פאל מאל כחול קצר,יחידה,0.00,יחידה,false,,282.00,0.0000,false,1,114130
8697530910958,false,פאל מאל כחול ארוך האוס עשירייה,Unknown,,פקט פאל מאל כחול ארו,יחידה,0.00,יחידה,false,,282.00,0.0000,false,1,113874
8697530911313,false,קנט קצר פאקט 10*20יח,Unknown,,פקט קנט קצר,יחידה,0.00,יחידה,false,,352.00,0.0000,false,1,115921
8697659233631,false,"אל סבון נוזלי טום וג'רי 430 מ""ל",,,אל סבון נוזלי טום וג,מיליליטרים,430.00,"100 מ""ל",false,,9.90,0.0230,true,1,262096
8697659234133,false,"דיסני שמפו ספיידרמן 600מ""ל",,,דיסני שמפו ספיידרמן,מיליליטרים,600.00,"100 מ""ל",false,,11.90,0.0198,true,1,212161
8697659234218,false,"דיסני שמפו פרוזן 600מ""ל",,,דיסני שמפו פרוזן 600,מיליליטרים,600.00,"100 מ""ל",false,,11.90,0.0198,true,1,212167
8697659234249,false,"דיסני שמפו מיני מאוס 600מ""ל",,,דיסני שמפו מיני מאוס,מיליליטרים,600.00,"100 מ""ל",false,,11.90,0.0198,true,1,212168
8697659244842,false,"שמפו סופרמן 600 מ""ל",,,"שמפו סופרמן 600 מ""ל",מיליליטרים,600.00,"100 מ""ל",false,,11.90,0.0198,true,1,262095
8697659244866,false,"אל סבון נוזלי דיסני וונדר וומן 400 מ""ל",,TR,אל סבון נוזלי וונדר,מיליליטרים,430.00,"100 מ""ל",false,,9.90,0.0230,true,1,262098
8697826469092,false,טורטיה קטנה 12 יחידות 540 גרם,דין שיווק,TR,טורטיה קטנה,יחידה,0.00,יחידה,false,,9.90,0.0000,true,1,148515
8699245856941,false,חול קטס וויט טבעי,,,חול קטס וויט טבעי,קילוגרמים,6.00,"ק""ג",false,,44.90,7.4833,true,1,261248
8710447224311,false,מרכך בוטניק בתוספת שמן קוקוס ואלוורה,יוניליוור פולין,PL,טרזמה מרכך בוטניק 40,מיליליטרים,400.00,"100 מ""ל",false,,17.90,0.0447,true,1,205738
8710447320662,false,דאודורנט ספריי בניחוח אפרסק ולימון ללא אלומיניום,"פרמול איטליה, קומון",GB,דאב ספריי אפרסק ללא,מיליליטרים,150.00,"100 מ""ל",false,,16.90,0.1127,true,1,211993
8710502139017,false,עוגיות טריפל שוקולד צ'יפס מרבה 180 גרם,בנקטבקריי מרבה בי.וי,NL,עוגיות טריפל שוקולד,גרמים,180.00,100 גרם,false,,8.90,0.0494,true,1,126981
8710502194801,false,"עוגיות שוקלד ציפס רכה פירות יער ""מרבה"" 175 גרם",בנקטבקריי מרבה בי.וי,NL,מרבה עוגיות שוקולד צ,יחידה,0.00,יחידה,false,,8.90,0.0000,true,1,193268
8710502285509,false,מרבה - עוגיות לימון ושוקולד צ'יפס במרקם רך 175 גרם,בנקטבקריי מרבה בי.וי,NL,מרבה עוגיות לימון וש,גרמים,175.00,100 גרם,false,,8.90,0.0509,true,1,259358
8710502405204,false,עוגיות שוקולד צ'יפס עם קרם שוקולד מרבה 175 גרם,קריניציה ויטמינה אס,NL,עוגיות שוקולד צ'יפס,יחידה,0.00,יחידה,false,,8.90,0.0000,true,1,137065
8710502470028,false,עוגיות שוקולד צ'יפס ממולאות בקרם נוגט,קריניציה ויטמינה אס,NL,עוגיות נוגטלי שוקולד,גרמים,160.00,100 גרם,false,,8.90,0.0556,true,1,126776
8710552274614,false,שמפו קצף לנ.שטיחים וניש קליה גולד 600 מל,קליה וניש Kalia Vanish,GB,וניש גולד לשטיחים,מיליליטרים,600.00,"100 מ""ל",false,,24.90,0.0415,true,1,203612
8710800027573,false,סוכריות מיני בטעם פירות מנטוס 178 גרם,פרפטי ואן מלה,NL,מיני מנטוס,גרמים,178.00,100 גרם,false,,12.50,0.0702,true,1,102253
8710800961310,false,סוכריות בטעם תות מנטוס 4*375 גרם,פרפטי ואן מלה ברדה,NL,מנטוס רביעיה,גרמים,150.00,100 גרם,false,,10.90,0.0727,false,1,102254
8710847860829,false,"רקסונה - דאודורנט רול און לאישה כותנה 50 מ""ל",רקסונה Rexona,GB,דאודורנט רקסונה רול-,מיליליטרים,50.00,"100 מ""ל",false,,13.90,0.2780,true,1,209855
8710847908446,false,אקס דאודורנט ספריי בלאק לגבר 150 מל,ארנסט. רחוב קומבינצק,GB,אקס ספריי אנטיפרספיר,מיליליטרים,150.00,"100 מ""ל",false,,14.90,0.0993,true,1,210265
8710847942679,false,טרזמה שמפו לשיער יבש בתוספת שמן המפ,יוניליוור,PL,טרזמה שמפו שמן המפ 4,מיליליטרים,400.00,"100 מ""ל",false,,17.90,0.0447,true,1,259258
8710847942693,false,טרזמה מרכך לשיער יבש שמן המפ 400 מל,יוניליוור,PL,טרזמה מרכך שמן המפ 4,מיליליטרים,400.00,"100 מ""ל",false,,17.90,0.0447,true,1,259259
8710847973970,false,"תחליב רחצה דאב אלוורה מי עץ שדר, 750 מ""ל",יוניליוור גרמניה (בו,DE,דאב תחליב רחצה אלוור,מיליליטרים,750.00,"100 מ""ל",false,,17.90,0.0239,false,1,216372
8710860115173,false,שימורים לחתול מיקי ס,,,שימורים לחתול מיקי ס,גרמים,400.00,100 גרם,false,,4.50,0.0113,true,1,261175
8710860115197,false,שימורים לגור כלב רוק,,,שימורים לגור כלב רוק,גרמים,410.00,100 גרם,false,,4.50,0.0110,true,1,261181
8710862055439,false,שימורים לחתול מיקי ב,,,שימורים לחתול מיקי ב,גרמים,400.00,100 גרם,false,,4.50,0.0113,true,1,261176
8710862055446,false,שימורים לחתול מיקי ע,,,שימורים לחתול מיקי ע,גרמים,400.00,100 גרם,false,,4.50,0.0113,true,1,261177
8710862055453,false,שימורים לחתול מיקי ד,,,שימורים לחתול מיקי ד,גרמים,400.00,100 גרם,false,,4.50,0.0113,true,1,261178
8710862055460,false,שימורים לחתול מיקי ב,,,שימורים לחתול מיקי ב,גרמים,400.00,100 גרם,false,,4.50,0.0113,true,1,261179
8710862055477,false,שימורים לחתול מיקי ל,,,שימורים לחתול מיקי ל,גרמים,400.00,100 גרם,false,,4.50,0.0113,true,1,261180
8710862055484,false,שימורים לכלב מקס בקר,,,שימורים לכלב מקס בקר,גרמים,400.00,100 גרם,false,,4.50,0.0113,true,1,264306
8710862055491,false,שימורים לכלב מקס עוף,,,שימורים לכלב מקס עוף,גרמים,400.00,100 גרם,false,,4.50,0.0113,true,1,264090
8710862057488,false,שימורים לכלב מקס לבב,,,שימורים לכלב מקס לבב,גרמים,400.00,100 גרם,false,,4.50,0.0113,true,1,264091
8710908326691,false,"תחליב רחצה אדמונית 750 מ""ל ""דאב""",יוניליוור גרמניה (בו,DE,תחליב רחצה דאב אדמונ,מיליליטרים,750.00,"100 מ""ל",false,,17.90,0.0239,false,1,192593
8711000362570,false,לור קפסולות קפה אספרסו 9 פורזה 52ג',גיקובס דאו אגברטס צר,FR,קפסולות קפה לור 9,גרמים,52.00,100 גרם,false,,16.90,0.3250,true,1,204064
8711000362617,false,לור קפסולות קפה אספרסו לונגו פרופונדו 8,יוניליוור גרמניה Gm,FR,קפסולות קפה לור 8,גרמים,52.00,100 גרם,false,,16.90,0.3250,true,1,204065
8711000362631,false,לור קפסולות קפה אספרסו 12 אוניקס 52ג',יוניליוור גרמניה Gm,FR,קפסולות קפה לור 12,גרמים,52.00,100 גרם,false,,16.90,0.3250,true,1,204066
8711000362655,false,לור קפסולות קפה אספרסו אור אבס 52ג,דיפלומט,FR,לור קפסולות אספרסו א,יחידה,0.00,יחידה,false,,16.90,0.0000,true,1,214026
8711000362679,false,לור קפסולות קפה אספרסו קולומביה 8,קריניציה ויטמינה אס,FR,קפסולות קפה לור קולו,גרמים,52.00,100 גרם,false,,16.90,0.3250,true,1,208157
8711000362747,false,לור קפסולות קפה אספרסו ריסטרטו 11,גיקובס דאו אגברטס צר,FR,קפסולות קפה לור 11,גרמים,52.00,100 גרם,false,,16.90,0.3250,true,1,204067
8711000371176,false,קפסולות קפה אספרסו קלאסיקו 10*52 ג' ג'ייקובס,קריניציה ויטמינה אס,FR,ג'ייקובס קפסולות קפה,גרמים,52.00,100 גרם,false,,14.90,0.2865,true,1,204940
8711000371183,false,קפסולות קפה אספרסו אינטנסו 10*52 ג' ג'ייקובס,קריניציה ויטמינה אס,FR,ג'ייקובס קפסולות קפה,גרמים,52.00,100 גרם,false,,14.90,0.2865,true,1,204941
8711000371206,false,קפסולות קפה אספרסו ריסטרטו 10*52 ג' ג'ייקובס,קריניציה ויטמינה אס,FR,ג'ייקובס קפסולות קפה,גרמים,52.00,100 גרם,false,,14.90,0.2865,true,1,204942
8711000371244,false,"ג'ייקובס קפסולות אספרסו (8) 10 יח', 52ג' לונגו",ג'ייקובס Jacobs,FR,ג'ייקובס קפסולות אספ,גרמים,52.00,100 גרם,false,,14.90,0.2865,true,1,213959
8711000397466,false,לור קפסולות קפה אספרסו ריסטרטו נטול קפאין,קריניציה ויטמינה אס,FR,קפסולות קפה לור נטו,גרמים,52.00,100 גרם,false,,16.90,0.3250,true,1,261373
8711000431108,false,לור קפסולות קפה אספרסו הודו 10,"ג'ייקובס דאו אגרבטס,",FR,קפסולות קפה לור הודו,גרמים,52.00,100 גרם,false,,16.90,0.3250,true,1,208159
8711000471296,false,לור קפסולות קפה אספרסו אולטימו 13,דיפלומט,FR,לור קפסולות אספרסו א,גרמים,52.00,100 גרם,false,,16.90,0.3250,true,1,213789
8711000472040,false,קפסולות קפה אספרסו סלקשיין גייקובס 52 גר,ג'ייקובס Jacobs,FR,ג'יקובס קפסולות בית,גרמים,52.00,100 גרם,false,,14.90,0.2865,true,1,219673
8711000495933,false,ג'ייקובס בריסטה קפסולות קלייה כהה 10,JDE,FR,ג'ייקובס בריסטה קפסו,יחידה,0.00,יחידה,false,,18.90,0.0000,true,1,263870
8711000497050,false,קפסולות גייקובס בריס,JDE,FR,ג'ייקובס בריסטה קפסו,יחידה,0.00,יחידה,false,,18.90,0.0000,true,1,263871
8711200443789,false,"חרדל גרגרים בבקבוק לחיץ 235 מ""ל",מיילי,FR,חרדל גרגרים 235 גר ל,גרמים,235.00,100 גרם,false,,14.90,0.0634,true,1,206829
8711281013345,false,חרדל הולנדי מקורי גרגירים 335 גרם,מוסטאד מולן דה האוסמ,,חרדל הולנדי גרגרים,גרמים,335.00,100 גרם,false,,10.90,0.0325,true,1,199339
8711327475618,false,מגנום פיינט וניל קלאסיק 440X8מל,"מפעל גלידות בווספרם,",HU,גלידת מגנום וניל קלא,גרמים,260.00,100 גרם,false,,21.90,0.0842,true,1,216095
8711327475663,false,מגנום פיינט וניל שוקולד לבן 260 גרם,"מפעל גלידות בווספרם,",HU,גלידת מגנום וניל שוק,גרמים,260.00,100 גרם,false,,21.90,0.0842,true,1,216094
8711327475717,false,מגנום פיינט וניל שקדים 260 גרם,"מפעל גלידות בווספרם,",HU,גלידת מגנום וניל שקד,גרמים,260.00,100 גרם,false,,21.90,0.0842,true,1,216096
8711351010182,false,גלידה סורבה פסיפלורה,יעקב בן יקר ובניו.,,גלידה רפאלו סורבה פס,מיליליטרים,750.00,"100 מ""ל",false,,21.90,0.0292,true,1,104306
8711351010199,false,גלידה רפאלו סורבה פי,יעקב בן יקר ובניו.,,גלידה רפאלו סורבה פי,מיליליטרים,750.00,"100 מ""ל",false,,21.90,0.0292,true,1,104307
8711351010205,false,"גלידה סורבה תות 750 מ""ל",,,גלידה רפאלו סורבה תו,מיליליטרים,750.00,"100 מ""ל",false,,21.90,0.0292,true,1,104308
8711700665834,false,סבון מוצק Beauty cream bar בניחוח מלפפון ותה ירוק - מארז שישיה,יוניליוור גרמניה (בו,DE,סבון דאב מוצק שישייה,גרמים,0.00,גרם,false,,17.90,0.0000,true,1,137780
8712000051099,false,"בירה היינקן 0.0 , ללא אלכוהול מארז שישייה",פארייפאבה אגרואינדוס,NL,הייניקן 0% שישייה 33,מיליליטרים,1980.00,"100 מ""ל",false,,32.00,0.0162,false,1,205021
8712100441639,false,חומץ בלסמי ממודנה 50,,,חומץ בלסמי ממודנה,מיליליטרים,500.00,"100 מ""ל",false,,33.90,0.0678,true,1,263690
8712100739231,false,תה פיגי 40שקיקים פרמ,,GB,PG תה שחור פירמידה,גרמים,116.00,100 גרם,false,,17.90,0.1543,true,1,189903
8712400802499,false,תרכובת מזון המשך לפעוטות על בסיס חלב שלב 1,נוטרישיה קאלק ב. ו.,NL,נוטרילון 1- 800גר,גרמים,800.00,100 גרם,false,,64.90,0.0811,false,1,135453
8712400802512,false,תרכובת מזון המשך לפעוטות על בסיס חלב שלב 2,נוטרישיה קאלק ב. ו.,NL,נוטרילון 2- 800גר,גרמים,800.00,100 גרם,false,,64.90,0.0811,false,1,135455
8712400802536,false,תרכובת מזון המשך לפעוטות על בסיס חלב שלב 3,נוטרישיה קאלק ב. ו.,NL,נוטרילון 3- 800גר,גרמים,800.00,100 גרם,false,,64.90,0.0811,false,1,135457
8712561594608,false,"דאב תחליב רחיצה להזנה עמוקה 750 מ""ל",יוניליוור גרמניה (בו,DE,תחליב רחצה דאב 750,מיליליטרים,750.00,"100 מ""ל",false,,17.90,0.0239,false,1,186818
8712561611411,false,תחליב רחצה מזין בניחוח מלפפון ותה ירוק,יוניליוור גרמניה (בו,DE,תחליב רחצה דאב 750 מ,מיליליטרים,750.00,"100 מ""ל",false,,17.90,0.0239,false,1,187024
8712561626286,false,"תחליב רחצה דאב זוהר כמשי, 750 מ""ל",יוניליוור גרמניה (בו,DE,תחליב רחצה דאב 750 מ,מיליליטרים,750.00,"100 מ""ל",false,,17.90,0.0239,false,1,187473
8712561631570,false,"תחליב רחצה דאב חלב קוקוס 750 מ""ל",יוניליוור גרמניה (בו,DE,תחליב רחצה דאב 750 מ,מיליליטרים,750.00,"100 מ""ל",false,,17.90,0.0239,false,1,187098
8712561646024,false,דאב תחליב רחצה קרם פיסטוק ומגנוליה 750 מ,יוניליוור גרמניה (בו,DE,דאב תחליב רחצה פיסטו,מיליליטרים,750.00,"100 מ""ל",false,,17.90,0.0239,false,1,262658
8714100730003,false,"דאב ת.ר מיסלרי לעור רגיל או יבש 240 מ""ל",אתר ליוור - HPC,RU,דאב מים מיסלרים מזינ,מיליליטרים,240.00,"100 מ""ל",false,,23.90,0.0996,true,1,210657
8714443620030,false,מרק ירקות אורגני 200 גרם,תות תעשיות מזון (201,NL,נטורפוד-מרק ירקות או,גרמים,200.00,100 גרם,false,,27.90,0.1395,true,1,145146
8714599410530,false,גייקובס קרונינג שקית רפיל 200 גרם,מונדליז,UA,ג'קובס שקית 200 גר,גרמים,200.00,100 גרם,false,,19.90,0.0995,false,1,200629
8714599412336,false,קפה נמס בריסטה אמריקנו קלוי וטחון 160 ג' ג'ייקובס,ג'ייקובס דאו אגברטס,RU,ג'ייקובס בריסטה אמרי,גרמים,160.00,100 גרם,false,,22.90,0.1431,false,1,219681
8714599513781,false,גייקובס גולד קפה נמס מיובש בהקפאה 200גרם,אל.אל. סי ג''יקובס ד,RU,קפה נמס ג'יקובס גולד,גרמים,200.00,100 גרם,false,,24.90,0.1245,false,1,190514
8714599513835,false,גי'קובס קרונונג נייט אנד דיי - נטול קופיאין,ג'ייקובס Jacobs,DE,ג'יקובס נטול קופאין,גרמים,200.00,100 גרם,false,,32.90,0.1645,false,1,193267
8714599513866,false,קפה נמס מיובש בהקפאה ג'ייקובס קרונונג 200 גרם,אל.אל.סי גייקובס דאו,DE,ג'קובס קרוננג מיובש,גרמים,200.00,100 גרם,false,,24.90,0.1245,false,1,190909
8714789218465,false,מברשת שיניים 360 סופט קולגייט 2 יחידות,הנסיך- מפעל לייצור ט,CN,זוג קולגייט 360 סופט,יחידה,0.00,יחידה,false,,24.90,0.0000,true,1,96712
8714789303925,false,מברשת שיניים 360 סנסטיב רכה במיוחד קולגייט 2 יחידות,קולגייט- פלמוליב,CH,מברשת שיניים קולגייט,יחידה,0.00,יחידה,false,,24.90,0.0000,true,1,116922
8714789402918,false,נוזל לניקוי כללי ורצפות בניחוח פרחי בר אג'קס 1.5 ליטר,הנסיך- מפעל לייצור ט,GR,אג'קס חגיגת פרחים 1.,ליטרים,1.50,ליטר,false,,19.90,13.2667,true,1,118045
8714789402932,false,נוזל לניקוי כללי ורצפות בניחוח ורדי בוקר אג'קס 1.5 ליטר,הנסיך- מפעל לייצור ט,GR,אג'קס חגיגת פרחים ור,ליטרים,1.50,ליטר,false,,19.90,13.2667,true,1,118061
8714789402970,false,נוזל לניקוי כללי ורצפות בניחוח פרחי אביב אגק'ס 1.5 ליטר,הנסיך- מפעל לייצור ט,GR,אג'קס חגיגת פרחים 1.,ליטרים,1.50,ליטר,false,,19.90,13.2667,true,1,118047
8714789450315,false,פלמוליב נוזל כלים לימון 1.5 ליטר,הנסיך- מפעל לייצור ט,GR,פלמוליב שקוף לכלים 1,ליטרים,1.50,ליטר,false,,15.90,10.6000,false,1,151110
8714789529561,false,"משחת שיניים סנסטיב פרו ריליף להלבנה קולגייט 75 מ""ל",קולגייט פלמוליב,BR,קולגייט סנסטיב פרו ר,מיליליטרים,75.00,"100 מ""ל",false,,19.90,0.2653,false,1,134315
8714789797786,false,"פלמוליב נוזל לניקוי כלים גריז בלסטר 750 מ""ל",יבואן ומשווק: ש. שסט,GR,פלמוליב כלים שקוף 4,מיליליטרים,750.00,"100 מ""ל",false,,9.90,0.0132,false,1,139473
8714789831275,false,מברשת שיניים 360 אופטיק ווייט קולגייט 2 יחידות,קולגייט פלמוליב,CN,קולגייט מברשת 360 או,יחידה,0.00,יחידה,false,,24.90,0.0000,true,1,140488
8714789834467,false,פלמוליב נוזל לניקוי כלים קלאסי 1.5 ליטר,פלמוליב Palmolive,GR,פלמוליב כלים קלאסי 1,ליטרים,1.50,ליטר,false,,15.90,10.6000,true,1,142239
8714789930848,false,"משחת שיניים אופטיק וייט הלבנה מיידית קולגייט 75 מ""ל",הנסיך- מפעל לייצור ט,PL,קולגייט משחת אופטיק,מיליליטרים,75.00,"100 מ""ל",false,,16.90,0.2253,true,1,147949
8714789966403,false,ליידי ספיד סטיק פרו 5 ג'ל 65 גר',קולגייט פלמוליב,US,ליידי ספיד סטיק פרו,גרמים,65.00,100 גרם,false,,19.90,0.3062,true,1,219527
8715035110502,false,רוטב קיקומן סויה 500,קיקומן,NL,רוטב סויה קיקומן 500,מיליליטרים,500.00,"100 מ""ל",false,,19.90,0.0398,true,1,215108
8715035520301,false,פונזו רוטב יפני מסורתי מבוסס על רוטב סויה ולימון,קיקומן פודז יורופ בי,NL,קיקומן רוטב יפני מסו,מיליליטרים,250.00,"100 מ""ל",false,,18.90,0.0756,true,1,207293
8715300238306,false,פריקו חמאה ללא מלח 200 גרם,פריזלנד קמפינה,IL,חמאה הולנדית ללא מלח,גרמים,200.00,100 גרם,false,,12.90,0.0645,true,1,263412
8715700110141,false,מיונז קרמי היינץ צנצנת 460ג',ה.י.היינץ הולדינג בי,NL,מיונז היינץ 460 גר,גרמים,460.00,100 גרם,false,,9.90,0.0215,false,1,200269
8715700110158,false,היינץ ממרח במרקם קרמי צנצנת 490 גרם,ה.י.היינץ הולדינג בי,NL,מיונז לייט צנצנת הי,גרמים,490.00,100 גרם,false,,9.90,0.0202,false,1,200270
8715700115641,false,ממרח מיונז לחיץ לייט במרקם קרמי 420 ג' היינץ,ה.י. היינץ,NL,ממרח היינץ 420 גר,גרמים,420.00,100 גרם,false,,14.90,0.0355,true,1,199219
8715700117805,false,"קטשופ היינץ מתבל עגבניות ללא תוספת סוכר ומלח 425 מ""ל",ה.י היינץ הולדינג בי,NL,קטשופ היינץ ללא תוספ,מיליליטרים,400.00,"100 מ""ל",false,,9.90,0.0248,false,1,211825
8715700118925,false,קטשופ היינץ חריף 460 גרם,ה.י. היינץ,NL,קטשופ היינץ חריף,גרמים,460.00,100 גרם,false,,11.90,0.0259,true,1,264406
8715700120874,false,מתבל עגבניות היינץ בתוספת שום,ה.י. היינץ,NL,קטשופ היינץ שום,גרמים,460.00,100 גרם,false,,9.90,0.0215,false,1,259312
8715700419732,false,מתבל עגבניות היינץ 700 גרם,ה.י. היינץ,NL,קטשופ היינץ 700 גר,גרמים,700.00,100 גרם,false,,9.90,0.0141,false,1,147719
8715700422473,false,היינץ ממרח לחיץ ללא חומרים משמרים 395 גרם,ה.י. היינץ,NL,ממרח היינץ 395 גר,גרמים,395.00,100 גרם,false,,14.90,0.0377,true,1,195138
8715700423906,false,היינץ מתבל עגבניות מופחת סוכר ומלח 50/50 550 גרם,היינץ צפון אמריקה מק,NL,מתבל עגבניות היינץ,גרמים,555.00,100 גרם,false,,9.90,0.0178,true,1,201226
8717163628355,false,טרזמה מרכך להחלקה וצביעה 400 מל,יוניליוור,PL,טרזמה מרכך להחלקה וצ,מיליליטרים,400.00,"100 מ""ל",false,,19.90,0.0497,true,1,213077
8717163628812,false,מסכה טרזמה ללא סולפטים להחלקה ולצביעה300,יוניליוור,PL,טרזמה מסכה להחלקה וצ,מיליליטרים,300.00,"100 מ""ל",false,,26.90,0.0897,true,1,213076
8717163647196,false,"דאו אקס ספריי גוף לנשים אנרכי 150 מ""ל",יוניליוור,GB,אקס ספריי גוף אנרכי,מיליליטרים,150.00,"100 מ""ל",false,,11.90,0.0793,false,1,207624
8717163647202,false,אקס דאודורנט בודי ספריי אנרכי,יוניליוור,GB,אקס דאודורנט ספריי ג,מיליליטרים,150.00,"100 מ""ל",false,,11.90,0.0793,false,1,209008
8717163647226,false,"דאו אקס ספריי גוף לגבר בלאק 150 מ""ל",ארנסט. רחוב קומבינצק,GB,דאודורנט אקס ספריי ג,מיליליטרים,150.00,"100 מ""ל",false,,11.90,0.0793,false,1,207777
8717163647233,false,"דאו אקס ספריי גוף לגבר בלאק נייט 150 מ""ל",ארנסט. רחוב קומבינצק,GB,אקס בלק נייט פרש,מיליליטרים,150.00,"100 מ""ל",false,,11.90,0.0793,false,1,207812
8717163647240,false,"אקס דאודורנט ספריי גוף לגבר שוקולד 150 מ""ל",יוניליוור גרמניה (בו,GB,דאודורנט אקס ספריי ג,מיליליטרים,150.00,"100 מ""ל",false,,11.90,0.0793,false,1,207625
8717163647257,false,"דאו אקס ספריי גוף לגבר גולד 150 מ""ל",יוניליוור,GB,אקס דאודורנט ספריי ג,מיליליטרים,150.00,"100 מ""ל",false,,11.90,0.0793,false,1,208999
8717163647264,false,"דאו אקס ספרי גוף לגבר אייס ציל 150 מ""ל",יוניליוור HPC,GB,אקס דאודורנט ספריי ג,מיליליטרים,150.00,"100 מ""ל",false,,11.90,0.0793,false,1,206762
8717163647301,false,אקס דאודורנט ספריי גולד לגבר 150 מל,יוניליוור,GB,אקס ספריי אנטי פרספי,מיליליטרים,150.00,"100 מ""ל",false,,14.90,0.0993,false,1,210242
8717163655825,false,"רקסונה דאו' ספריי לנשים בניחוח כותנה, 150 מ""ל",קוסטר - תורכיה,GB,דאודורנט רקסונה ספרי,מיליליטרים,150.00,"100 מ""ל",false,,14.90,0.0993,true,1,209544
8717163663493,false,"רקסונה - דאודורנט ספריי לגבר קובלט דריי 150 מ""ל",יוניליוור HPC,GB,דאודורנט רקסונה ספרי,מיליליטרים,150.00,"100 מ""ל",false,,14.90,0.0993,true,1,209548
8717644390566,false,סבון מוצר רביעיה תמצית מלפפון ותה ירוק,יוניליוור גרמניה (מנ,DE,סבון דאב מוצק ירוק ר,גרמים,400.00,100 גרם,false,,13.90,0.0348,false,1,117384
8717677336593,false,טוניס שוקולד חלב 180 גרם רבנות - נוכרי,טוניס/שוקולונלי,NL,טוניס שוקולד חלב,גרמים,180.00,100 גרם,false,,18.90,0.1050,true,1,261014
8717677336616,false,טוניס שוקולד מריר+שקדים ומלח 180 גרם רבנות - נוכרי,טוניס/שוקולונלי,NL,טוניס שוקולד מריר עם,גרמים,180.00,100 גרם,false,,18.90,0.1050,true,1,261015
8717677336630,false,טוניס שוקולונלי שוקולד חלב שקדים ודבש180,טוניס/שוקולונלי,NL,טוניס שוקולד חלב עם,גרמים,180.00,100 גרם,false,,18.90,0.1050,true,1,261016
8717677336654,false,טוניס - שוקולד חלב מעולה עם שברי קרמל מלוח,טוניס/שוקולונלי,NL,טוניס שוקולד חלב עם,גרמים,180.00,100 גרם,false,,18.90,0.1050,true,1,263542
8717677336661,false,טוניס שוקולד מריר מעולה 70% 180 גרם רבנות - נוכרי,טוניס/שוקולונלי,NL,טוניס שוקולד מריר מע,גרמים,180.00,100 גרם,false,,18.90,0.1050,true,1,261017
8717677338436,false,טוניס שוקולד חלב+אגוזי לוז 180 גרם רבנות - נוכרי,טוניס/שוקולונלי,NL,טוניס שוקולד חלב עם,גרמים,180.00,100 גרם,false,,18.90,0.1050,true,1,261018
8718114734484,false,מיונז מאילי 320 גר צ,בונגראן,FR,מיונז דיילי 320גר,גרמים,320.00,100 גרם,false,,12.90,0.0403,true,1,185678
8718692610828,false,שלישיית בקבוקים צבעוניים כתום/ירוק/כחול,סודהסטרים sodastream,IL,שלישיית בקבוקי סודה,יחידה,0.00,יחידה,false,,59.90,0.0000,true,1,147094
8718951030169,false,משחת שיניים Sensifoam לשיניים רגישות ולהלבנה,קולגייט Colgate,PL,קולגייט סנסטיב+ הלבנ,מיליליטרים,75.00,"100 מ""ל",false,,14.90,0.1987,true,1,214038
8718951030206,false,"קולגייט סנסיטיב מולטי פרוטקשן משחת שיניים 75 מ""ל",קולגייט-פלמוליב,PL,קולגייט סנסיטיב מולט,מיליליטרים,75.00,"100 מ""ל",false,,14.90,0.1987,true,1,212052
8718951044913,false,מרידול משחת שיניים להלבנה 75 מל,קולגייט פלמוליב,PL,מרידול משחת שיניים ה,מיליליטרים,75.00,"100 מ""ל",false,,21.90,0.2920,true,1,187013
8718951048669,false,אג'קס ספריי לניקוי חלונות בניחוח חגיגת הפרחים,Colgate - Greece,,אג'קס ספריי לניקוי ח,100 מל,750.00,100 מל,false,,14.90,0.0199,true,1,261415
8718951079205,false,"קולגייט סנסיטיב פרו רליף רפיר אנד פריוונט 75 מ""ל",קולגייט Colgate,PL,קולגייט סנסיטיב פרו,מיליליטרים,75.00,"100 מ""ל",false,,19.90,0.2653,true,1,199967
8718951159808,false,מברשות שיניים 360 מדיום- מארז שלישייה,קולגייט פלמוליב,CN,מברשות קולגייט שלישי,יחידה,0.00,יחידה,false,,29.90,0.0000,true,1,198348
8718951160897,false,ספריי אקונומיקה עוצמת ה7 טריגר אגקס 500מ,קולגייט פלמוליב,GR,אג'קס עוצמת ה7 טריגר,מיליליטרים,500.00,"100 מ""ל",false,,14.90,0.0298,true,1,198105
8718951166288,false,"משחת שיניים קולגייט מקס וייט 125 מ""ל",הנסיך- מפעל לייצור ט,PL,קולגייט משחת מקס ויי,מיליליטרים,125.00,"100 מ""ל",false,,15.90,0.1272,true,1,204560
8718951166561,false,משחת שיניים לרעננות מוגברת max fresh cooling crystals,הנסיך- מפעל לייצור ט,PL,קולגייט משחת מקס פרש,מיליליטרים,125.00,"100 מ""ל",false,,15.90,0.1272,true,1,204561
8718951167094,false,נוזל כלים פלמוליב צילינדר תפוז וליים 1 ל,יבואן ומשווק: ש. שסט,GR,פלמוליב צילינדר תפוז,ליטרים,1.00,ליטר,false,,13.90,13.9000,false,1,200433
8718951170445,false,"קולגייט סמיילס משחת שיניים ילדים גילאי 2-5 50 מ""ל",קולגייט פלמוליב,PL,קולגייט סמיילס משחת,מיליליטרים,50.00,"100 מ""ל",false,,10.90,0.2180,true,1,202998
8718951175280,false,"קולגייט משחת שיניים טוטל פרו ויזבל עם קציף 75 מ""ל",קולגייט Colgate,PL,קולגייט טוטאל פרו וי,יחידה,0.00,יחידה,false,,16.90,0.0000,true,1,207577
8718951175631,false,מש.שיניים קולגייט טוטל פרו גאם אקשן 75מל,קולגייט Colgate,PL,קולגייט טוטאל פרו גא,מיליליטרים,75.00,"100 מ""ל",false,,16.90,0.2253,true,1,205536
8718951187115,false,זוג מברשות שיניים אלמקס לילדים גילאי 3-6,GABA TRISA SWIZ,CN,אלמקס מברשת שיניים י,יחידה,0.00,יחידה,false,,24.90,0.0000,true,1,203386
8718951187122,false,זוג מברשות שיניים אלמקס לילדים גילאי 0-3,GABA TRISA SWIZ,CN,אלמקס מברשת שיניים י,יחידה,0.00,יחידה,false,,24.90,0.0000,true,1,203387
8718951222779,false,"מרידול פור משחה לשיניים וחניכיים בריאות 75 מ""ל",קולגייט פלמוליב,PL,מרידול פור משחת שיני,מיליליטרים,75.00,"100 מ""ל",false,,24.90,0.3320,true,1,209873
8718951236790,false,"קולגייט טוטאל משחת שיניים קלין מינט לפה בריא 100 מ""ל",קולגייט Colgate,PL,קולגייט טוטל קלין מי,מיליליטרים,100.00,"100 מ""ל",false,,16.90,0.1690,true,1,205541
8718951236806,false,"קולגייט טוטאל הלבנה להסרת כתמים מהשן 100 מ""ל",קולגייט Colgate,PL,קולגייט טוטל הלבנה מ,מיליליטרים,100.00,"100 מ""ל",false,,16.90,0.1690,true,1,205539
8718951236813,false,"קולגייט טוטאל משחת שיניים ניקוי מתקדם לפה בריא יותר 100 מ""ל",קולגייט Colgate,PL,קולגייט טוטאל אדוונס,מיליליטרים,100.00,"100 מ""ל",false,,16.90,0.1690,true,1,208485
8718951240742,false,"קולגייט טוטאל משחת שיניים פסים מרעננים 100 מ""ל",קולגייט Colgate,PL,קולגייט טוטל פסים מר,מיליליטרים,100.00,"100 מ""ל",false,,16.90,0.1690,true,1,205540
8718951247871,false,"מרסס אגקס טריגר לשירותים 500 מ""ל",CP UK,GR,אג'קס טריגר לשירותים,מיליליטרים,500.00,"100 מ""ל",false,,14.90,0.0298,true,1,210948
8718951264618,false,"קולגייט אופטיק וייט פחם צ'רקול משחת שיניים, 75 מ""ל",קולגייט-פלמוליב,PL,קולגייט אופטיק וייט,מיליליטרים,75.00,"100 מ""ל",false,,25.90,0.3453,true,1,211854
8718951265103,false,מברשת שיניים קולגייט אולטרה סופט זוג,קולגייט פלמוליב,CN,קולגייט מברשת אולטרה,יחידה,0.00,יחידה,false,,29.90,0.0000,true,1,208247
8718951286733,false,מ שיניים קולגייט אופטיק וייט לסטינג 75מל,קולגייט Colgate,PL,קולגייט אופטיק וויט,מיליליטרים,75.00,"100 מ""ל",false,,25.90,0.3453,true,1,259267
8718951289833,false,פלמוליב סבון מוצק רביעייה לומינוס 360 ג,קולגייט פלמוליב,TR,פלמוליב סבון מוצק לו,גרמים,360.00,100 גרם,false,,17.00,0.0472,true,1,210159
8718951297234,false,"ג'ל רחצה קוזי מוד פלמוליב 500 מ""ל",CP - Turkey+60,IT,פלמוליב ג'ל רחצה קוז,מיליליטרים,500.00,"100 מ""ל",false,,14.90,0.0298,true,1,219312
8718951313927,false,"פלמוליב סבון לידיים בחימר טונוס, 300 מ""ל",פלמוליב Palmolive,TR,פלמוליב סבון ידיים ח,מיליליטרים,300.00,"100 מ""ל",false,,10.90,0.0363,true,1,214595
8718951314009,false,"סבון נוזלי פלמוליב פטל שחור 750 מ""ל",שסטוביץ,TR,פלמוליב נטורלס תחליב,מיליליטרים,750.00,"100 מ""ל",false,,19.90,0.0265,true,1,261074
8718951314023,false,פלמוליב נטורלס תחליב רחצה אפרסק 750 מל,שסטוביץ,TR,פלמוליב נטורלס תחליב,מיליליטרים,750.00,"100 מ""ל",false,,19.90,0.0265,true,1,262671
8718951315303,false,משחת שיניים קולגייט הגנה מקסימלית - מארז זוג,קולגייט-פלמוליב,PL,קולגייט אדומה ביטיוב,מיליליטרים,200.00,"100 מ""ל",false,,19.90,0.0995,true,1,212986
8718951320093,false,זוג מברשות 360 אדוונס וויט שיניים קולגייט,קולגייט-פלמוליב,CN,קולגייט זוג מברשות 3,יחידה,0.00,יחידה,false,,29.90,0.0000,true,1,213103
8718951333048,false,"פלמוליב סבון לידיים למטבח, 300 מ""ל",הנסיך- מפעל לייצור ט,IT,פלמוליב סבון ידיים ל,מיליליטרים,300.00,"100 מ""ל",false,,10.90,0.0363,true,1,217112
8718951338395,false,מרסס אגקס טריגר פיור הום סמבוק שחור 500,קולגייט פלמוליב,GR,אג'קס טריגר פיור הום,מיליליטרים,500.00,"100 מ""ל",false,,14.90,0.0298,true,1,215031
8718951345119,false,נוזל לניקוי רצפות וכללי היביסקוס 2 ליטר,הנסיך- מפעל לייצור ט,GR,אג'קס ניקוי כללי היב,ליטרים,2.00,ליטר,false,,22.90,11.4500,true,1,215939
8718951354807,false,נוזל רצפות אגקס חגיגת הפרחים יסמין 1.5 ל,Colgate - Greece,GR,אג'קס חגיגת הפרחים י,מיליליטרים,1500.00,"100 מ""ל",false,,19.90,0.0133,true,1,215033
8718951370135,false,"סבון נוזלי ארומה סנסיישן גלואו 750 מ""ל פלמוליב",קולגייט פלמוליב,TR,פלמוליב ארומה סנסייש,מיליליטרים,750.00,"100 מ""ל",false,,19.90,0.0265,true,1,213533
8718951377998,false,קולגייט סופט פואם זוג מברשות שיניים לניק,קולגייט פלמוליב,CN,קולגייט מברשת סופטנס,יחידה,0.00,יחידה,false,,29.90,0.0000,true,1,215460
8718951381292,false,"משחת שיניים מקס דיטוקס פואם קולגייט 125 מ""ל",קולגייט Colgate,PL,קולגייט משחת מקס דיט,מיליליטרים,125.00,"100 מ""ל",false,,15.90,0.1272,true,1,216543
8718951382664,false,"פלמוליב ג'ל רחצה חימר טונוס 750 מ""ל",קולגייט פלמוליב,TR,פלמוליב ג'ל רחצה חימ,מיליליטרים,750.00,"100 מ""ל",false,,19.90,0.0265,true,1,214597
8718951382718,false,"פלמוליב ג'ל רחצה חימר התחדשות 750 מ""ל",קולגייט פלמוליב,TR,פלמוליב ג'ל רחצה חימ,מיליליטרים,750.00,"100 מ""ל",false,,19.90,0.0265,true,1,214598
8718951382787,false,"משחת שיניים אופטיק וויט חימר ומינרלים 75 מ""ל קולגייט",קולגייט Colgate,PL,קולגייט אופטיק וויט,מיליליטרים,75.00,"100 מ""ל",false,,25.90,0.3453,true,1,260794
8718951385290,false,נוזל לניקוי כללי ורצפות אג'קס 2 ליטר,קולגייט פלמוליב,GR,אג'קס ניקוי כללי עוצ,ליטרים,2.00,ליטר,false,,22.90,11.4500,true,1,216779
8718951391253,false,אגקס אנטי בקטריאלי רעננות הניקיון 1.5 ל,Colgate - Greece,GR,אג'קס אנטי בקטריאלי,מיליליטרים,500.00,"100 מ""ל",false,,21.90,0.0438,true,1,217116
8718951391284,false,נוזל אנטיבקטריאלי לניקוי כללי ורצפות רעננות הים,Colgate - Greece,GR,אג'קס אנטי בקטריאלי,ליטרים,1.50,ליטר,false,,21.90,14.6000,true,1,217253
8718951412378,false,משחת שיניים לחניכיים רגישות ולנשימה רעננה,קולגייט פלמוליב,PL,מרידול משחת שיניים נ,מיליליטרים,75.00,"100 מ""ל",false,,24.90,0.3320,true,1,262957
8718951428492,false,"פלמוליב סבון רחצה לגבר 4ב1 מועשר בפחם 750 מ""ל",שסטוביץ,TR,פלמוליב סבון רחצה לג,מיליליטרים,750.00,"100 מ""ל",false,,19.90,0.0265,true,1,261093
8718951428522,false,"פלמוליב סבון רחצה לגבר 4 ב-1 המפ 750 מ""ל",שסטוביץ,TR,פלמוליב סבון רחצה לג,מיליליטרים,750.00,"100 מ""ל",false,,19.90,0.0265,true,1,259902
8718951431614,false,"סבון רחצה סו פירם מינרלים 750 מ""ל פלמוליב",קולגייט פלמוליב,TR,פלמוליב סבון רחצה סו,מיליליטרים,750.00,"100 מ""ל",false,,19.90,0.0265,true,1,259262
8718951433120,false,קולגייט טוטאל משחת שיניים לילדים לגילאי,קולגייט פלמוליב,PL,קולגייט טואל ג'וניור,מיליליטרים,50.00,"100 מ""ל",false,,15.90,0.3180,true,1,263313
8718951446588,false,"סבון נוזלי מומנטס סחלב ופטל 500 מ""ל פלמוליב",שסטוביץ,TR,פלמוליב סבון גוף מומ,100 מל,500.00,100 מל,false,,14.90,0.0298,true,1,262106
8718951466371,false,"משחת שיניים מרידול 75 מ""ל",CP-Poland swidnica,PL,מרידול משחת שיניים,מיליליטרים,75.00,"100 מ""ל",false,,19.90,0.2653,true,1,263818
8718951470323,false,קולגייט סופט פואם פחם זוג מברשות שיניים,קולגייט פלמוליב,CN,קולגייט זוג מברשות ס,יחידה,0.00,יחידה,false,,29.90,0.0000,true,1,262956
8718951470538,false,קולגייט משחת שיניים מקס פרש ביטיוב 125*2 כשלפ,קולגייט פלמוליב,PL,קולגייט משחת שיניים,יחידה,0.00,יחידה,false,,29.90,0.0000,true,1,261433
8718951477384,false,"קולגייט משחת שיניים טוטאל ג'ל מתקדם פיור 75 מ""ל",קולגייט פלמוליב,PL,משחת שיניים קולגייט,מיליליטרים,75.00,"100 מ""ל",false,,19.90,0.2653,true,1,260933
8718951509627,false,"משחת שיניים אופטיק וויט לאוהבי קפה 75 מ""ל קולגייט",קולגייט פלמוליב,PL,קולגייט אופטיק וויט,מיליליטרים,75.00,"100 מ""ל",false,,25.90,0.3453,true,1,262139
8719128117232,false,"סירופ פפסי 440 מ""ל סודהסטרים",סודה סטרים,IL,סירופ פפסי סודה סטרי,מיליליטרים,440.00,"100 מ""ל",false,,21.90,0.0498,true,1,218188
8719128118734,false,סודה סטרים - מילוי מיכל גז CQC עד 60 ליטר,,,מילוי מיכל גז CQC עד,יחידה,0.00,יחידה,false,,56.90,0.0000,false,1,263977
8719200997998,false,מרגרינה למריחה בישול וטיגון 200 ג' בלו בנד,אתר חיפה מרגרינה - F,IL,בלובנד עם מלח 200 גר,גרמים,200.00,100 גרם,false,,4.50,0.0225,false,1,209901
8719200998001,false,מרגרינה לאפיה ובישול בלי מלח 200 ג' בלו בנד,מיוצר עי קונדיטוריית,IL,בלובנד בלי מלח 200 ג,גרמים,200.00,100 גרם,false,,4.50,0.0225,false,1,209902
8719200998018,false,מחמאה מרגרינה בטעם חמאה 200 ג' בלו בנד,פארייפאבה אגרואינדוס,IL,מחמאה ב.בנד 200 גרם,גרמים,200.00,100 גרם,false,,4.60,0.0230,false,1,209928
8719200998032,false,"מרגרינה מזולה גלורי טעם חמאה 250גר 8 יחידות - כשל""פ",פארייפאבה אגרואינדוס,IL,מזולה גלורי טעם חמאה,גרמים,250.00,100 גרם,false,,9.90,0.0396,false,1,209917
8719200998049,false,"מרגרינה מזולה גלורי רגיל 250גר 8 יחידות -כשל""פ",פארייפאבה אגרואינדוס,IL,מזולה גלורי רגיל 250,גרמים,250.00,100 גרם,false,,9.50,0.0380,false,1,209918
8719200998100,false,מרגרינה מזולה לאפיה טעם חמאה 200גר - 40 יח',פארייפאבה אגרואינדוס,IL,מזולה לאפיה בטעם חמא,גרמים,200.00,100 גרם,false,,6.50,0.0325,false,1,209927
8720100012445,false,וופל טוסט בלגי 6 יח 250 גרם בקרסלנד,דה בנקט גרופ,NL,בקרסלנד-וופל טוסט בל,גרמים,250.00,100 גרם,false,,9.90,0.0396,false,1,113834
8720181045912,false,"אקס דאודורנט ספריי גוף אפריקה 150 מ""ל",יוניליוור,GB,אקס דאודורנט ספריי א,מיליליטרים,150.00,"100 מ""ל",false,,11.90,0.0793,true,1,214883
8720181046605,false,דאב - דאודורנט ספריי לאישה אורגינל כחול 150מל,יונילוור ארגנטינה -,GB,דאב דאודורנט ספריי א,מיליליטרים,150.00,"100 מ""ל",false,,16.90,0.1127,true,1,215861
8720181046612,false,"דאב - דאודורנט רול און לאישה אורגינל 50 מ""ל",יוניליוור HPC,GB,דאב דאודורנט רולאון,מיליליטרים,50.00,"100 מ""ל",false,,16.90,0.3380,true,1,219066
8720181074745,false,דאב דאו ספריי בניחוח אסאי 150 מל,יוניליוור,GB,דאב דאודורנט ספריי א,מיליליטרים,150.00,"100 מ""ל",false,,14.90,0.0993,false,1,219565
8720181090202,false,"תחליב רחצה דאב עם שמן זית, 750 מ""ל",יוניליוור גרמניה (בו,DE,דאב תחליב רחצה שמן ז,מיליליטרים,750.00,"100 מ""ל",false,,17.90,0.0239,false,1,217941
8720181090219,false,תחליב רחצה רימונים ותמצית פרח היביסקוס,יוניליוור,DE,דאב תחליב רחצה רימונ,גרמים,750.00,100 גרם,false,,17.90,0.0239,false,1,218982
8720182256362,false,שישיית סבון מוצק דאב קלאסי 540 גר',יוניליוור,DE,דאב סבון מוצק קלאסי,גרמים,540.00,100 גרם,false,,17.90,0.0331,true,1,264532
8721200060107,false,בקרסלנד-סטרופ וופל הולנדי 250 גרם,דה בנקט גרופ,NL,וופל הולנדי עם קרמל,גרמים,260.00,100 גרם,false,,10.90,0.0419,true,1,116391
8722700197508,false,גלייז חומץ בלסמי 250,,,גלייז חומץ בלסמי,מיליליטרים,250.00,"100 מ""ל",false,,31.90,0.1276,true,1,263691
8723400756552,false,מארז סוכריות מנטוס Mentos ריינבואו,פרפטי ואן מלה ברדה,NL,מנטוס ריינבואו רביעי,יחידה,0.00,יחידה,false,,10.90,0.0000,true,1,139186
8723400793922,false,מנטוס גליל בטעם דובדבן אריזת רביעיה 150 ג',פרפטי ואן מלה ברדה,NL,מנטוס רביעיות דובדבן,גרמים,150.00,100 גרם,false,,10.90,0.0727,true,1,218380
8801055706440,false,מנות אישיות קפה נמס טייסטרס צ'ויס Taster's Choice,נסטלה קוריאה - קפה,KR,טייסטר צ'ויס טו גו 2,גרמים,36.00,100 גרם,false,,11.50,0.3194,true,1,123517
8801055707966,false,קפה טייסטר צו'יס נס קפה בריסטה 180ג',נסטלה קוריאה - קפה,KR,טסטר צו'יס בריסטה 18,גרמים,180.00,100 גרם,false,,31.90,0.1772,false,1,192458
8801055708772,false,מארז טייסטרס צ'ויס 200 גרם+50 גר' מתנה,נסטלה קוריאה - קפה,IL,מארז טסטר צו'יס 20,גרמים,250.00,100 גרם,false,,29.90,0.1196,false,1,203308
8801055709427,false,נס קפה טייסטרס צ'ויס אלטה ריקה 100גרם,נסטלה קוריאה - קפה,KR,קפה נמס טסטר צוייס א,גרמים,100.00,100 גרם,false,,24.90,0.2490,false,1,219491
8801055709434,false,קפה נמס טייסטר צ'ויס קולומביה 100 גר',נסטלה קוריאה - קפה,KR,קפה נמס טסטר צוייס ק,גרמים,100.00,100 גרם,false,,24.90,0.2490,false,1,219492
8801055709458,false,אבקה להכנת משקה קפה בטעם קפוצ'ינו קרמל,נסטלה קוריאה - קפה,IL,נסקפה קפוצ'ינו בטעם,גרמים,170.00,100 גרם,false,,19.00,0.1118,true,1,261116
8801055709465,false,אבקה להכנת משקה קפה בטעם קפוצ'ינו וניל,נסטלה קוריאה - קפה,DE,נסקפה קפוצ'ינו בטעם,גרמים,185.00,100 גרם,false,,19.00,0.1027,true,1,261117
8801055709472,false,נסטלה - נסקפה קפוצ'ינו קלאסי 12.50 גרם * 10,נסטלה קוריאה - קפה,DE,נסקפה קפוצ'ינו קלאסי,גרמים,125.00,100 גרם,false,,19.00,0.1520,true,1,261118
8801055709489,false,אבקה להכנת משקה קפה בטעם קפוצ'ינו אגוזים,נסטלה קוריאה - קפה,IL,נסקפה קפוצ'ינו בטעם,גרמים,180.00,100 גרם,false,,19.00,0.1056,true,1,261119
8801055709526,false,אבקה להכנת משקה קפה בטעם קפוצ'ינו שוקולד לבן,נסטלה קוריאה - קפה,IL,נס קפה קפוצ'ינו שוקו,גרמים,180.00,100 גרם,false,,19.00,0.1056,true,1,262824
8802241131664,false,חטיף אצות קלויות עם מלח ים Laverland Crunch,טעמי אסיה Taste of Asia,KR,חטיף אצות ים קלויות,גרמים,40.50,100 גרם,false,,22.90,0.5654,true,1,198483
8802241131671,false,חטיף אצות בטעם ווסאבי 4.5/9gr,"מאן-גון פוד בע""מ",KR,חטיף אצות בטעם ווסאב,יחידה,0.00,יחידה,false,,23.90,0.0000,true,1,209888
8850122201111,false,שבבי שעועית דאבל דרג,,TH,שבבי שעועית דאבל דרג,גרמים,190.00,100 גרם,false,,14.90,0.0784,true,1,263031
8850161167089,false,קוקו וואי משקה קוקוס 1 ליטר,קוקו וואי Cocoway,TH,חלב קוקוס קוקו וואי,ליטרים,1.00,ליטר,false,,15.90,15.9000,true,1,207645
8850372000380,false,מקלוני שעועית תאילנדים 10 יח',סיטינאן,,מקלוני שעועית,יחידה,400.00,יחידה,false,,18.90,0.0472,true,1,143507
8850372000472,false,מקלוני שעועית תאילנד,טעמי אסיה Taste of Asia,TH,מקלוני שעועית,גרמים,200.00,100 גרם,false,,8.90,0.0445,true,1,112664
8850389103111,false,סאפי משקה אלוורה בטעם ענבים 300מל,פארייפאבה אגרואינדוס,TH,משקה סאפה אלוורה ענב,מיליליטרים,300.00,"100 מ""ל",false,,7.00,0.0233,true,1,111672
8850389103128,false,"משקה קל סאפה בטעם תפוח 300 מ""ל",פארייפאבה אגרואינדוס,TH,משקה סאפה אלוורה תפו,מיליליטרים,300.00,"100 מ""ל",false,,7.00,0.0233,true,1,111673
8850389103159,false,"משקה ליצ'י עם חתיכות גלי קוקוס 320 מ""ל מוגו מוגו",סאפה פובליק קומפני ל,TH,מוגו מוגו ליצ'י עם ח,מיליליטרים,320.00,"100 מ""ל",false,,6.90,0.0216,true,1,261169
8850389104637,false,"משקה קל סאפה אלוורה אפרסק 300 מ""ל",פארייפאבה אגרואינדוס,TH,סאפה אלוורה אפרסק,מיליליטרים,300.00,"100 מ""ל",false,,7.00,0.0233,true,1,123993
8850389105825,false,סאפה משקה אלוורה בטעם ענבים,סאפה פובליק קומפני ל,TH,סאפה אלוורה ענבים 1,ליטרים,1.00,ליטר,false,,12.90,12.9000,true,1,127506
8850389105832,false,סאפה משקה אלוורה בטעם תפוח עם קוביות אלוורה 1 ליטר,פארייפאבה אגרואינדוס,TH,סאפה אלוורה תפוח 1 ל,ליטרים,1.00,ליטר,false,,12.90,12.9000,true,1,127507
8850389105849,false,סאפה משקה אלוורה מופחת קלוריות בטעם אפרסק 1 ליטר,סאפה פובליק קומפני ל,TH,סאפה אלוורה אפרסק 1,ליטרים,1.00,ליטר,false,,12.90,12.9000,true,1,127508
8850389111352,false,"משקה מלון עם חתיכות גלי קוקוס 320 מ""ל מוגו מוגו",סאפה פובליק קומפני ל,TH,מוגו מוגו מלון עם חת,מיליליטרים,320.00,"100 מ""ל",false,,6.90,0.0216,true,1,261170
8850389115312,false,"סאפה אלוורה מלון בקבוק 300 מ""ל",סאפה פובליק קומפני ל,TH,סאפה אלוורה מלון,מיליליטרים,300.00,"100 מ""ל",false,,7.00,0.0233,true,1,201927
8850389115336,false,סאפה משקה אלוורה בטעם מלון,סאפה פובליק קומפני ל,TH,סאפה מלון בקבוק ליטר,ליטרים,1.00,ליטר,false,,12.50,12.5000,true,1,201788
8850632604259,false,"יוגטה, חיספוסים, ממתק חמוץ בצורת מקלות בטעם תות שדה,50 גרם",ג'נרל קנדי בעמ,TH,יוגטה מקלות תות,גרמים,50.00,100 גרם,false,,4.50,0.0900,true,1,123004
8850632604266,false,"יוגטה, ממתק חמוץ בצורת מקלות בטעם קולה, 50 גרם",ג'נרל קנדי בעמ,TH,יוגטה מקלות קולה,גרמים,50.00,100 גרם,false,,4.50,0.0900,true,1,122948
8850632604372,false,"יוגטה, חיספוסים בצורת שטיח בטעם תות שדה 50 גרם",ג'נרל קנדי בעמ,TH,יוגטה שטיח תות,גרמים,50.00,100 גרם,false,,4.50,0.0900,true,1,122952
8850632604402,false,יוגטה חיספוסים בטעם מעורב תות שדה אבטיח ענבים בננה 50 גרם,"ג'נרל קנדי בע""מ",TH,יוגטה טעם מעורב בצור,גרמים,50.00,100 גרם,false,,4.50,0.0900,true,1,123050
8850854002239,false,רוטב סויה מתוק 700 מ,,,רוטב סויה מתוק 700 מ,מיליליטרים,700.00,"100 מ""ל",false,,14.90,0.0213,true,1,214559
8851613101385,false,"חלב קוקוס ארוי-די קרטון 500מ""ל",תאי אגרי פוד פובליק,TH,"חלב קוקוס 500 מ""ל",מיליליטרים,500.00,"100 מ""ל",false,,12.90,0.0258,true,1,139517
8851613101392,false,נוזלי אגוז קוקוס 1ליטר,רנדי,,חלב קוקוס 1 ליטר,ליטרים,1.00,ליטר,false,,19.90,19.9000,true,1,211291
8852633119039,false,"רוטב דגים 300 מ""ל-כשר",טעמי אסיה Taste of Asia,,"רוטב דגים 300 מ""ל",מיליליטרים,300.00,"100 מ""ל",false,,8.90,0.0297,true,1,191581
8853662056661,false,"רוטב סריראצ''ה מיו 455 מ""ל",EXOTIC FOOD PCL,,רוטב סריראצ'ה מיו 45,מיליליטרים,455.00,"100 מ""ל",false,,22.90,0.0503,true,1,203967
8858744800033,false,מחית קארי פאנאנג 50,,,מחית קארי פאנאנאג,גרמים,50.00,100 גרם,false,,4.90,0.0980,true,1,149505
8858744800057,false,מחית טום-יאם 30 גרם,קנוקוואן פוד פרודקטס,,מחית טום יאם,גרמים,30.00,100 גרם,false,,5.00,0.1667,true,1,148758
8858744800064,false,מחית קארי אדום 50 גרם כשר,קנוקוואן פוד פרודקטס,TH,מחית קארי אדום,גרמים,50.00,100 גרם,false,,5.00,0.1000,true,1,149506
8858744800088,false,מחית קארי מאסמן 50 גרם כשר,קנוקוואן פוד פרודקטס,,מחית קארי מאסאמאן,גרמים,50.00,100 גרם,false,,5.00,0.1000,true,1,160573
8858744800149,false,תערובת חמשת התבלינים,קנוקוואן פוד פרודקטס,,תערובת חמשת התבלינים,גרמים,50.00,100 גרם,false,,6.50,0.1300,true,1,148759
8886303210504,false,"קרם קוקוס 24% 500 מ""ל ""קארה""",ג'ומא,ID,"קרם קוקוס 500 מ""ל 24",מיליליטרים,500.00,"100 מ""ל",false,,13.90,0.0278,true,1,201096
8888021200256,false,סוללות אנרג'יזר MAX AA שמינייה,יצרן: אנרג'ייזר סינג,US,סוללות ENERGIZER 1X8,יחידה,0.00,יחידה,false,,27.90,0.0000,false,1,107801
8888021200720,false,סוללות אנרג'יזר MAX AAA שמינייה,יצרן: אנרג'ייזר סינג,US,סוללות ENERGIZER 1X8,יחידה,0.00,יחידה,false,,27.90,0.0000,false,1,107802
8901537024014,false,"אורז בסמטי מובחר 1 ק""ג - דוואט) יורה דיעה",הנסיך- מפעל לייצור ט,IN,אורז בסמטי מובחר 1 ק,קילוגרמים,1.00,"ק""ג",false,,11.90,11.9000,false,1,118368
8901537076679,false,"אורז בסמטי חום מלא 1 ק""ג דאוואט",האי נאם סי או אל.טי.,IN,אורז בסמטי חום מלא D,קילוגרמים,1.00,"ק""ג",false,,11.90,11.9000,true,1,202231
9000100798709,false,"דאודורנט פה רול און כוח המשיכה 50 מ""ל",שוורצקופף והנקל,DE,פה רול און לגבר,מיליליטרים,50.00,"100 מ""ל",false,,10.00,0.2000,true,1,147167
9000101329322,false,סבון אסלה בניחוח מתחלף תפוח נופר 50 ג' ברף,הנקל סוד,RS,סבון אסלה ברף בניחוח,גרמים,50.00,100 גרם,false,,9.90,0.1980,true,1,259504
9000101329742,false,סבון אסלה בניחוח מתחלף אפרסק תפוח 50 ג' ברף,הנקל סוד,RS,סבון אסלה ברף בנחוח,גרמים,50.00,100 גרם,false,,9.90,0.1980,true,1,259505
9000101417050,false,סבון אסלה ברף דלקס מונפלאוור 50 גרם,גורי,RS,כדוריות סוד לאסלה מו,גרמים,50.00,100 גרם,false,,9.90,0.1980,true,1,212192
9000101417081,false,סבון אסלה ברף דלקס מגנוליה 50 גרם,גורי,RS,כדוריות סוד לאסלה מג,גרמים,50.00,100 גרם,false,,9.90,0.1980,true,1,212193
9000101520965,false,"סבון אסלה בניחוח מתחלף לוטוס עדין במבוק, 3 יחידות",ברף Bref,RS,ברף בניחוח מתחלף לוט,יחידה,0.00,יחידה,false,,19.90,0.0000,true,1,262445
9000101521436,false,סבון אסלה בניחוח מתחלף לוטוס במבוק 50 ג' ברף,הנקל סוד,RS,סבון אסלה בניחוח מתח,גרמים,50.00,100 גרם,false,,9.90,0.1980,true,1,259506
9000101537550,false,פרסיל קאפסולות לכביסה לבנה וצבעונית 52 יח',הנקל סוד,HU,פרסיל פוואר קאפס יונ,יחידה,0.00,יחידה,false,,59.90,0.0000,true,1,262314
9000101537581,false,פרסיל קאפסולות לכביסה צבעונית 52 יחידו,הנקל סוד,IL,פרסיל פוואר קאפס קול,יחידה,0.00,יחידה,false,,59.90,0.0000,true,1,262315
9001616202155,false,מוצץ לתינוק אולטי סיליקון ללא ביספנול 16+ מאם,מאם Mam,AT,מוצצים סיליקון 16+ ב,יחידה,0.00,יחידה,false,,34.90,0.0000,true,1,188758
9001616202360,false,זוג מוצצי סיליקון זוהר בחושך 6+ חודשים Original Night,מאם Mam,AT,מוצצים זוהרים 6+ בני,יחידה,0.00,יחידה,false,,34.90,0.0000,true,1,187774
9001616202988,false,מאם מוצצים סיליקון 6+ אייר כחול,מאם Mam,,מוצצים איר 6+ בנים,יחידה,0.00,יחידה,false,,34.90,0.0000,true,1,195591
9001616661099,false,"בקבוק לתינוק 270 מ""ל 2+ חודשים Easy Active",מאם Mam,AT,בקבוק תינוק 270 בנים,יחידה,0.00,יחידה,false,,34.90,0.0000,true,1,187779
9001616680991,false,"בקבוק לתינוק אנטי קוליק מאמ 260 מ""ל",מאם Mam,AT,בקבוק אנטי קוליק 260,יחידה,0.00,יחידה,false,,34.90,0.0000,true,1,204678
9001616681363,false,"בקבוק לתינוק אנטי קוליק מאמ 260 מ""ל",General,AT,בקבוק אנטי קוליק 260,יחידה,0.00,יחידה,false,,34.90,0.0000,true,1,204679
9001616702686,false,זוג מוצצים סיליקון אי לאב מאמי מאמ 0-6 ורוד,אלפא,AT,מוצצים איי לאב ממי 0,יחידה,0.00,יחידה,false,,34.90,0.0000,true,1,204666
9001616702716,false,זוג מוצצים סיליקון זוהרים בלילה מאמ +6 ורוד,General,AT,מוצצים זוהרים 6+ בנו,יחידה,0.00,יחידה,false,,34.90,0.0000,true,1,204669
9001616702853,false,מאם מוצצים סיליקון 6+ אייר ורוד,General,,מוצצים איר 6+ בנות,יחידה,0.00,יחידה,false,,34.90,0.0000,true,1,204683
9001616702877,false,זוג מוצצים סיליקון מאמ +16 ורוד,General,AT,מוצצים סיליקון 16+ ב,יחידה,0.00,יחידה,false,,34.90,0.0000,true,1,204684
9001616703027,false,בקבוק האכלה לתינוק מ,General,,"בקבוק תינוק 330 מ""ל",יחידה,0.00,יחידה,false,,34.90,0.0000,true,1,204659
9002490100490,false,"משקה אנרגיה רד בול מארז רביעייה*250 מ""ל",רד בול Red Bull,IL,רד בול מארז רביעייה,ליטרים,1.00,ליטר,false,,23.90,23.9000,true,1,217246
9002859042799,false,גונץ - מוצרט כדורים בשקית 300 גר,GUNZ WARENHANDELS,,מוצרט-שוקולד ממולא ב,יחידה,297.00,יחידה,false,,32.90,0.1108,true,1,187428
9002859054099,false,מוצרט-שוקולד ממולא 300ג',GUNZ WARENHANDELS,,מוצרט-שוקולד ממולא,גרמים,297.00,100 גרם,false,,32.90,0.1108,true,1,148739
9002859055553,false,בוגי-סוכריות בפחית בטעםי פירות 200 גר,GUNZ WARENHANDELS,,WOOGIE-סוכרית פירות,גרמים,200.00,100 גרם,false,,8.90,0.0445,true,1,145826
9002859055560,false,בוגי-סוכריות בפחית בטעם דובדובן 200 גרם,GUNZ WARENHANDELS,,ווגי-סוכריות דובדבן,גרמים,200.00,100 גרם,false,,8.90,0.0445,true,1,146971
9002859058172,false,בונבוניירה בננה ציפוי שוקולד מריר 300 גר,GUNZ WARENHANDELS,AT,בננות בציפוי שוקולד,גרמים,300.00,100 גרם,false,,15.90,0.0530,true,1,136265
9002859064104,false,בוגי-סוכ'בפחית בטעם מנטה 200 גרם 1/12(86105),GUNZ WARENHANDELS,,WOOGIE-סוכרית מנטה ב,גרמים,200.00,100 גרם,false,,8.90,0.0445,true,1,145827
9002859064708,false,בוגי - סוכריותפירות בצנצנת 300 גר,,,בוגי סוכריות פירות ב,גרמים,300.00,100 גרם,false,,17.90,0.0597,true,1,143282
9002859066894,false,גונץ - חטיף מרציפן מצופה שוקולד 100 גרם,Gunz,,מרציפן מצופה שוקולד,גרמים,100.00,100 גרם,false,,8.00,0.0800,true,1,150638
9002859067143,false,גונץ בונבונירה אצבעות שוקולד מעורב 200 ג',,,גונץ בונבונירה אצבעו,גרמים,200.00,100 גרם,false,,11.90,0.0595,true,1,187657
9002859090530,false,גונץ בוגי סוכריות בפחית בטעם תפוז 200 גר,Gunz,,סוכריות בפח תפוז,גרמים,200.00,100 גרם,false,,8.90,0.0445,true,1,192051
9002975393812,false,סוכריות גילי הריבו האפי צירי 70 גרם,,AT,סוכריות הריבו האפי צ,גרמים,70.00,100 גרם,false,,6.90,0.0986,true,1,217823
9002975393829,false,סוכריות גילי הריבו פיציס 70 גרם,,AT,סוכריות הריבו פיצ'ס,גרמים,70.00,100 גרם,false,,6.90,0.0986,true,1,217825
9002975393836,false,סוכריות גילי הריבו האפי קולה 70 גרם,"האריבו , ג'י.אם.בי.א",AT,סוכריות הריבו האפי ק,גרמים,70.00,100 גרם,false,,6.90,0.0986,true,1,217824
9002975393843,false,סוכריות גילי הריבו גולדברס 70 גרם,"האריבו , ג'י.אם.בי.א",AT,סוכריות הריבו גולדבר,גרמים,70.00,100 גרם,false,,6.90,0.0986,true,1,217822
9002975393850,false,סוכריות גילי הריבו וורמס 70 גרם,"האריבו , ג'י.אם.בי.א",AT,סוכריות הריבו וורמס,גרמים,70.00,100 גרם,false,,6.90,0.0986,true,1,217826
9003402660088,false,"בירה שטיגל גולדבראו 500 מ""ל פחית",שטיגל,AT,בירה שטיגל גולדבראו,מיליליטרים,500.00,"100 מ""ל",false,,8.90,0.0178,true,1,208425
9003974446462,false,נייר צילום 80 A4 גרם,,,נייר A4,יחידה,0.00,יחידה,false,,24.90,0.0000,true,1,263168
9005835312718,false,"קלרו פירמידה מלח למדיח כלים 1 ק""ג CLARO",יעקובי,AT,קלרו פירמידה מלח אקו,קילוגרמים,1.00,"ק""ג",false,,9.90,9.9000,true,1,209192
9005835312732,false,"קלרו נוזל הברקה למדיח כלים 500 מ""ל CLARO",יעקובי,AT,קלרו נוזל הברקה למדי,מיליליטרים,500.00,"100 מ""ל",false,,9.90,0.0198,true,1,209193
9005835312756,false,"קלרו ניקוי יסודי למדיח כלים 250 מ""ל CLARO",יעקובי,AT,קלרו נוזל לניקוי יסו,מיליליטרים,250.00,"100 מ""ל",false,,9.90,0.0396,true,1,209208
9005835313661,false,טבליות ניקוי וחיטוי למדיח99.9% קלרו 30 יח',רלוי,AT,קלרו טבליות ניקוי וח,יחידה,0.00,יחידה,false,,29.90,0.0000,true,1,219769
9023800331410,false,צבעים 12 יח',,,צבעים 12 יח',יחידה,0.00,יחידה,false,,21.90,0.0000,true,1,203148
9044400826861,false,סוכריות פז בטעם בננה אגס אסיאתי 68 גר,פז פרודקשיין יורו,AT,סוכריות פז מילוי בננ,גרמים,68.00,100 גרם,false,,8.90,0.1309,true,1,215942
9044400851672,false,סוכריות פז סוגים שונים + 3 מילויים,פז פרודקשיין יורו,HU,סוכריות פז בטעם פירו,גרמים,25.50,100 גרם,false,,12.00,0.4706,true,1,262166
9120025834723,false,חטיף אוראו מצונן 120 גרם רבנות,בובארד איטליה אס.פי.,IT,חטיף אוראו 120 גר מצ,גרמים,120.00,100 גרם,false,,13.90,0.1158,true,1,263795
9120025839896,false,חטיף מילקה מצונן 128 גרם,בובארד איטליה אס.פי.,IT,מארז חטיף מילקה,גרמים,128.00,100 גרם,false,,13.90,0.1086,true,1,263886
9310072028743,false,טים טם ביסקוויט במילוי שוקולד 200 גרם,"ארנוטס ביסקוויטס בע""",AU,טים טם אוריגינל 200,גרמים,200.00,100 גרם,false,,19.90,0.0995,true,1,191255
9310072028750,false,טים טם Tim Tam וופל שוקולד ציפוי כפול,"ארנוטס ביסקוויטס בע""",AU,טים טם דאבל 200 גר',גרמים,200.00,100 גרם,false,,19.90,0.0995,true,1,191106
9310088007015,false,דיפנד תחבושות אוברנייט בלילה,חוגלה קימברלי,VN,תחבושות פויז,יחידה,0.00,יחידה,false,,19.90,0.0000,false,1,141841
9312931720300,false,שיק אינטואישן נשים סכיני גילוח שלישייה,שסטוביץ,CN,שיק אינטואישן נשים ס,גרמים,84.00,100 גרם,false,,34.90,0.4155,true,1,202500
9322969000015,false,פריכיות תירס בטעם אורגינל ריל פודס 150 ג',אף.סי תבליני בגליל ב,AU,פריכיות תירס - 150ג',גרמים,150.00,100 גרם,false,,14.90,0.0993,true,1,137848
9322969000022,false,"ריל פוד פריכיות תירס עם סויה וזרעי פשתן, ללא גלוטן 150 גרם",אף.סי תבליני בגליל ב,AU,פריכיות תירס - 150ג',גרמים,150.00,100 גרם,false,,14.90,0.0993,true,1,137849
9322969000039,false,פריכיות תירס 150 גרם עם 5 סוגי דגנים,,AU,פרכיות תירס עם ד,גרמים,150.00,100 גרם,false,,14.90,0.0993,true,1,203730
9322969000046,false,פריכיות תירס שומשום אורגני ריל פודס 150 ג',אף.סי תבליני בגליל ב,AU,פריכיות תירס אורגניו,גרמים,150.00,100 גרם,false,,13.90,0.0927,true,1,137850
9322969000053,false,פריכיות אורז מלא ריל פוד 150 גר,סנו מפעלי ברונוס.,IT,פריכיות אורז חום,גרמים,150.00,100 גרם,false,,14.90,0.0993,true,1,261534
9421018071508,false,מאד האוס סובניון בלא,קוואליטי ווין,NZ,מאד האוס סובניון בלא,מיליליטרים,750.00,"100 מ""ל",false,,50.00,0.0667,true,1,208649
9720188050109,false,ממרח על בסיס סויה בסגנון גבינה טופוטי 225 גרם,טופוטי ברנדס אינק.ג',IL,ממרח טופו טבעי 27%,גרמים,225.00,100 גרם,false,,19.90,0.0884,true,1,111569
9720188060108,false,ממרח על בסיס סויה בסגון שמנת טופוטי 340 גרם,טופוטי ברנדס אינק.ג',IL,ממרח טופו טבעי,גרמים,340.00,100 גרם,false,,19.90,0.0585,true,1,111573
9771565025005,false,עיתון מעריב סוף השבוע,,,סופהשבוע,יחידה,0.00,יחידה,false,,10.00,0.0000,false,1,140040
9771565038319,false,עיתון ידיעות אחרונות,,,עיתון ידיעות אחרונות,יחידה,0.00,יחידה,false,,7.00,0.0000,false,1,103406
9771565038326,false,עיתון ידיעות אחרונות,,,ידיעות יום ב,יחידה,0.00,יחידה,false,,7.00,0.0000,false,1,103407
9771565038333,false,עיתון ידיעות אחרונות,,,ידיעות יום ג,יחידה,0.00,יחידה,false,,7.00,0.0000,false,1,103408
9771565038340,false,עיתון ידיעות אחרונות,,,עיתון ידיעות אחר,יחידה,0.00,יחידה,false,,7.00,0.0000,false,1,103409
9771565038357,false,עיתון ידיעות אחרונות,,,ידיעות יום ה,יחידה,0.00,יחידה,false,,7.00,0.0000,false,1,103410
9771565039125,false,עיתון לאישה יום ב,ידיעות אחרונות,,"""לאשה""",יחידה,0.00,יחידה,false,,21.90,0.0000,false,1,103412
9771565051066,false,עיתון ידיעות אחרונות,ידיעות אחרונות,,"ידיעות אחרונות סופ""ש",יחידה,0.00,יחידה,false,,20.00,0.0000,false,1,103424
9771565192431,false,עיתון מנטה יום ג`,,,מגזין מנטה,יחידה,0.00,יחידה,false,,28.00,0.0000,false,1,103434
9771565290007,false,עיתון הארץ יום שישי,,,עיתון הארץ שישי,יחידה,0.00,יחידה,false,,33.00,0.0000,false,1,104001
