code,internal_code,name,manufacturer_name,manufacture_country,manufacturer_item_description,unit_qty,quantity,unit_of_measure,weighted,qty_in_package,price,unit_of_measure_price,allow_discount,status,item_id
10320850,false,גבינת עמק 28% שומן פ,,,גבינת עמק 28% שומן פ,גרמים,200.00,100 גרם,false,,15.90,0.0795,true,1,5149
10321680,false,יוגורט 2.9% תות גו 2,,,יוגורט 2.9% תות גו 2,גרמים,200.00,100 גרם,false,,5.50,0.0275,true,1,5150
10321697,false,יוגורט 2.9% אפרסק גו,,,יוגורט 2.9% אפרסק גו,גרמים,200.00,100 גרם,false,,5.70,0.0285,true,1,5151
10322014,false,טופו טבעי 300 גרם,,,טופו טבעי 300 גרם,גרמים,300.00,100 גרם,false,,12.50,0.0417,true,1,5152
10322021,false,טופו בזיליקום 300 גר,,,טופו בזיליקום 300 גר,גרמים,300.00,100 גרם,false,,12.50,0.0417,true,1,5153
10322946,false,יוגורט תות ובננה סמו,,,יוגורט תות ובננה סמו,מיליליטרים,348.00,"100 מ""ל",false,,11.90,0.0342,true,1,5155
10323073,false,משקה יוגורט 1% 20 גר,,,משקה יוגורט 1% 20 גר,מיליליטרים,250.00,"100 מ""ל",false,,6.30,0.0252,true,1,5157
10323585,false,יוגורט לייט 0.5% מוע,,,יוגורט לייט 0.5% מוע,גרמים,200.00,100 גרם,false,,5.70,0.0285,true,1,5161
10323592,false,יוגורט לייט 0.5% מוע,,,יוגורט לייט 0.5% מוע,גרמים,200.00,100 גרם,false,,5.70,0.0285,true,1,5162
10323714,false,משקה קוקוס שקדים תנו,,,משקה קוקוס שקדים תנו,מיליליטרים,1000.00,"100 מ""ל",false,,12.90,0.0129,true,1,5163
10324551,false,יוגורט טיוב תות סמוט,,,יוגורט טיוב תות סמוט,מיליליטרים,348.00,"100 מ""ל",false,,11.90,0.0342,true,1,5166
10326227,false,יופלה און טופ קורנפל,,,יופלה און טופ קורנפל,גרמים,157.00,100 גרם,false,,5.00,0.0318,true,1,5173
10326241,false,יופלה און טופ גרנולה,,,יופלה און טופ גרנולה,גרמים,157.00,100 גרם,false,,5.00,0.0318,true,1,5174
11179345,false,כוסות שתיה קרה 100 י,כוסות שתיה קרה 4 ב 1,,כוסות שתיה קרה 100 י,יחידה,100.00,יחידה,false,,7.90,0.0790,true,1,10160
14759978,false,קצקבל גלעד 27% פלח 2,Unknown,,קצקבל גלעד 27% פלח 2,גרמים,200.00,100 גרם,false,,25.90,0.1295,true,1,5175
14759992,false,פלח רוקפור גליל 27%,Unknown,,פלח רוקפור גליל 27%,גרמים,140.00,100 גרם,false,,18.90,0.1350,true,1,5176
32147230,false,"מיץ לימון משומר 200מ""ל(לימונית אקסטרא)",ג'נרל מילס סאן אדריא,,מיץ לימון סיציליה 20,מיליליטרים,200.00,"100 מ""ל",false,,6.90,0.0345,true,1,4546
40052403,false,קיט קט 4 אצבעות שוקולד חלב,נסטלה Nestle,,קיט קט 4 אצבעות 41.5,גרמים,41.00,100 גרם,false,,4.50,0.1098,true,1,1170
40084107,false,ביצת שוקולד הפתעה קינדר,פרדי קונדטוריה אס פי,,קינדר ביצת הפתעה 20,גרמים,20.00,100 גרם,false,,5.90,0.2950,true,1,9952
41001356,false,"בירה בקס פחית 500 מ""ל",יבואן ומשווק: ש. שסט,,"בקס פחית 500 מ""ל",מיליליטרים,500.00,"100 מ""ל",false,,9.90,0.0198,true,1,5759
42061939,false,"בירה בקס בקבוק 500 מ""ל בקבוק","איי, בי, אינבוו",,בירה בקס בקבוק 500 מ,מיליליטרים,500.00,"100 מ""ל",false,,9.90,0.0198,true,1,5760
72940754,false,"מילקי מעדן וניל עם קצפת שטראוס 133 מ""ל","שטראוס גרופ בע""\מ",,מילקי מעדן וניל עם ק,גרמים,133.00,100 גרם,false,,2.90,0.0218,true,1,1
72940761,false,"מילקי מעדן שוקולד עם קצפת שטראוס 133 מ""ל",מיוצר עי קונדיטוריית,,"מילקי שוקולד 170 מ""ל",מיליליטרים,170.00,"100 מ""ל",false,,2.90,0.0171,true,1,2
72940952,false,מעדן מילקי בטעם שוקולד עם אקסטרה קצפת,"שטראוס גרופ בע""\מ",,מילקי אקסטרה קצפת 17,מיליליטרים,170.00,"100 מ""ל",false,,3.90,0.0229,true,1,3
72941041,false,מעדן מילקי מיני בטעם שוקולד עם קצפת,"שטראוס גרופ בע""\מ",,מיני מילקי בטעם שוקו,גרמים,71.00,100 גרם,false,,2.00,0.0282,true,1,6
72961223,false,"גילה 3% תנובה 200 מ""ל",תנובה מרכז שיתופי לש,,"גיל 3% 200 מ""ל",מיליליטרים,200.00,"100 מ""ל",false,,1.51,0.0076,true,1,5179
72961506,false,יוגורט עם תות 1.5% שומן 125 ג' פרילי,מיוצר עי קונדיטוריית,,פרילי תות 1.5% 125 מ,מיליליטרים,125.00,"100 מ""ל",false,,3.50,0.0280,true,1,21045
72961520,false,"פרילי יוגורט עם אננס 1.5% תנובה 125 מ""ל",מיוצר עי קונדיטוריית,,פרילי אננס 1.5% 125,מיליליטרים,125.00,"100 מ""ל",false,,3.50,0.0280,true,1,21047
72961544,false,"באדי יוגורט בטעם תות שדה 3% תנובה 125 מ""ל",מחלבת אלון תבור,,באדי יוגרט תות גביע,מיליליטרים,125.00,"100 מ""ל",false,,3.00,0.0240,true,1,5180
72964132,false,פרילי טבע יוגורט עם גרנולה 200 גרם,מיוצר עי קונדיטוריית,,פרילי טבע 200 גרם תנ,מיליליטרים,200.00,"100 מ""ל",false,,5.00,0.0250,true,1,5183
72964422,false,יוגורט פרחים 4.5% שומן 200 גרם,מחלבת תנובה,,יוגורט לבן 4.5% תנוב,גרמים,200.00,100 גרם,false,,2.90,0.0145,true,1,5184
72986370,false,"גלידת בן & ג'ריס פיינטים וניל 500מ""ל",מוצרי איכות אמריקאיים,,גלידה וניל בן & ג'רי,מיליליטרים,500.00,"100 מ""ל",false,,23.90,0.0478,true,1,11880
72986424,false,"גלידת בן & ג'ריס פיינטים קרם עוגיות 500מ""ל",מוצרי איכות אמריקאיים בע,,גלידה קרם עוגיות בן,מיליליטרים,500.00,"100 מ""ל",false,,23.90,0.0478,true,1,11881
72986448,false,"גלידת בן & ג'ריס פיינטים טופי קראנץ 500מ""ל",מוצרי איכות אמריקאיים בע,,גלידת וניל וטופי בן,מיליליטרים,473.00,"100 מ""ל",false,,23.90,0.0505,true,1,11882
72986455,false,"גלידה ניו יורק סופר פאדג' צ'אנק בן אנד ג'ריס 500 מ""ל",מוצרי איכות אמריקאיים בע,,גלידת שוקולד ניו יור,מיליליטרים,500.00,"100 מ""ל",false,,23.90,0.0478,true,1,11883
72986479,false,"גלידה שוקולד אגוז עם בננות בן וג'ירי 500 מ""ל",מוצרי איכות אמריקאיים בע,,גלידה צ'נקי מונקי בן,מיליליטרים,500.00,"100 מ""ל",false,,23.90,0.0478,true,1,11884
72989425,false,"גלידת בן & ג'ריס פיינטים שוקולד בראוניז 500מ""ל",מוצרי איכות אמריקאיים בע,,גלידת שוקולד עם חתיכ,מיליליטרים,500.00,"100 מ""ל",false,,23.90,0.0478,true,1,11886
72991886,false,"גלידת דולצ'ה בטעם ריבת חלב עם פאדג' בן וג'ירי 500 מ""ל",מוצרי איכות אמריקאיים בע,,גלידה עם ריבת חלב ופ,מיליליטרים,500.00,"100 מ""ל",false,,23.90,0.0478,true,1,11887
72993637,false,מעדן חלב בטעם שוקולד 125 ג' דני,"שטראוס גרופ בע""\מ",,דני מעדן חלב בטעם שו,גרמים,125.00,100 גרם,false,,2.70,0.0216,true,1,10
72994061,false,חטיף פסק זמן GOOD גלילית לבן 40 גרם,שולן צ'\יקולטה גידה סאן.,,פסק זמן 2 גוד עלית 3,גרמים,36.00,100 גרם,false,,4.90,0.1361,true,1,23258
80001461,false,חטיף גרנדה שוקולד 38 גרם,"א. לואקר קונפקט בע""מ",,חטיף גרדנה שוקולד 38,גרמים,38.00,100 גרם,false,,4.90,0.1289,true,1,7422
80001485,false,חטיף גרדנה קוקוס 38 גרם,קריניציה ויטמינה אס,,וופל גרדנה קוקוס 38,גרמים,38.00,100 גרם,false,,4.90,0.1289,true,1,7423
80001799,false,לואקר טורטינה שוקולד לבן,"כד בני דרום בע""מ",,וופל טורטינה לבן 21,גרמים,21.00,100 גרם,false,,4.90,0.2333,true,1,7426
80042556,false,POLPA עגבניות חתוכות דק 400 גרם MUTTI,"איי, בי, אינבוו",,עגבניות מרוסקות מוטי,גרמים,400.00,100 גרם,false,,8.70,0.0217,true,1,9289
80050124,false,סוכריות טיק טק מנטה 16 גרם,פררו - אלבה,,סוכריות טיק טק מנטה,גרמים,16.00,100 גרם,false,,3.00,0.1875,true,1,9955
80052760,false,קינדר בואנו Kinder Bueno עם חלב ואגוזי לוז,פררו - אלבה,,קינדר בואנו חלב 43 ג,גרמים,43.00,100 גרם,false,,3.90,0.0907,true,1,9961
80136194,false,חטיפי הפי היפו Happy Hippo במילוי קרם חלבי ואגוזי לוז,קינדר Kinder,,קינדר הפי היפו אגוז,גרמים,103.50,100 גרם,false,,12.50,0.1208,true,1,9963
80176800,false,נוטלה ממרח שוקולד 750 גרם,פררו תעשיות איטליה ס,,ממרח אגוזי לוז עם קק,גרמים,750.00,100 גרם,false,,25.90,0.0345,true,1,9965
80177173,false,ממרח שוקולד נוטלה 350 גרם,פררו - אלבה,,ממרח אגוזי לוז עם קק,גרמים,350.00,100 גרם,false,,14.90,0.0426,true,1,9966
80177180,false,שוקולד קינדר קאונטרי 23.5 גרם,ליימן שליסל,,שוקולד קינדר עם דגני,גרמים,23.50,100 גרם,false,,2.60,0.1106,true,1,9967
80177609,false,אצבעות שוקולד קינדר Kinder ארבע יחידות,פררו - אלבה,,אצבעות שוקולד במילוי,גרמים,50.00,100 גרם,false,,3.90,0.0780,true,1,9968
80177616,false,אצבעות שוקולד קינדר Kinder שמונה יחידות,פררו - אלבה,,קינדר 100 גרם 10 יחי,גרמים,100.00,100 גרם,false,,6.90,0.0690,true,1,9969
80273592,false,פלפל ארבע עונות 30 גר ארומה דה טוסקנה,דרוגיה ואלימנטרי אס.אר.א,,פלפל 4 עונות מטחנה 3,גרמים,35.00,100 גרם,false,,13.50,0.3857,true,1,7791
80273660,false,שום במטחנה 50 גר ארומה דה טוסקנה,דרוגיה ואלימנטרי אס.אר.א,,שום במטחנה 50 גרם,גרמים,50.00,100 גרם,false,,14.90,0.2980,true,1,7793
80273677,false,צילי במטחנה 20 גר ארומה דה טוסקנה,דרוגיה ואלימנטרי אס.אר.א,,צ'ילי במטחנה 20 גרם,גרמים,20.00,100 גרם,false,,14.90,0.7450,true,1,7794
80310167,false,קינדר מקסי מאגדת שישיה,קינדר,,קינדר מקסי שישייה 12,גרמים,126.00,100 גרם,false,,9.90,0.0786,true,1,9970
80310549,false,הפי היפו חטיף קינדר שוקולד לבן 20.5ג',קריות זול,,קינדר הפי היפו אגוזי,גרמים,20.50,100 גרם,false,,2.90,0.1415,true,1,9971
80310891,false,ג'וי ביצת הפתעה קינדר 20 גרם,קריות זול,,קינדר גוי בודד 20 גר,גרמים,20.00,100 גרם,false,,5.90,0.2950,true,1,22858
80762362,false,מנטוס גומי לעיסה ללא סוכר בטעם מנטה-אקליפטוס,"אינסטנטה בע""מ",,מסטיק מנטוס וויט מנט,גרמים,60.00,100 גרם,false,,9.90,0.1650,true,1,7428
80768258,false,ביצת הפתעה קינדר גוי לבנות 20 גרם,פררו - אלבה,,ביצת קינדר ג'וי ורוד,גרמים,20.00,100 גרם,false,,5.90,0.2950,true,1,9973
80773429,false,מנטוס בקבוק מעוגל - מסטיק ללא סוכר בטעם תות 60 גרם,"פרפטי ואן מלה ג'\ידה,סאן",,מסטיק מנטוס בקבוק מע,גרמים,60.00,100 גרם,false,,9.90,0.1650,true,1,7431
80773443,false,מנטוס בקבוק מעוגל - מסטיק ללא סוכר בטעם מנטה 60 גרם,"פרפטי ואן מלה ג'\ידה,סאן",,גומי לעיסה בטעם מנטה,גרמים,60.00,100 גרם,false,,9.90,0.1650,true,1,7432
80790990,false,מסטיק מנטוס בבקבוק מעוגל בטעם פירות -מנטה 60 ג',"פרפטי ואן מלה ג'\ידה,סאן",,מסטיק מנטוס מעוגל 60,גרמים,60.00,100 גרם,false,,9.90,0.1650,true,1,7433
80896081,false,מנטוס בקבוק מעוגל - מסטיק ללא סוכר בטעם אבטיח 60 גרם,"פרפטי ואן מלה ג'\ידה,סאן",,מסטיק מנטוס בקבוק מע,גרמים,60.00,100 גרם,false,,9.90,0.1650,true,1,7439
80913467,false,מנטוס בקבוק מעוגל - מסטיק ללא סוכר בטעם מנטה,פרפטי ואן מלה הולנד,,מסטיק מנטוס מנטה מעו,גרמים,60.00,100 גרם,false,,9.90,0.1650,true,1,7440
80982470,false,מנטוס מסטיק פיור פרוסט בטעם מנטה חזקה 60 ג',פרפטי ואן מלה ברדה,,מנטוס מסטיק פיור פרו,גרמים,60.00,100 גרם,false,,9.90,0.1650,true,1,7446
87108019,false,סוכריות מנטוס מנטה37.5גר,פרפטי ואן מלה,,סוכריות בגליל בטעם מ,גרמים,37.50,100 גרם,false,,3.50,0.0933,true,1,7447
87108538,false,סוכריות בטעם תות מנטוס 37.5 גרם,הדקלאים אגודת שיתופי,,סוכריות בגליל בטעם ת,גרמים,37.00,100 גרם,false,,3.50,0.0946,true,1,7448
87311396,false,מנטוס ריינבאוו סוכריות לעיסה בטעמי פירות,פרפטי ואן מלה ברדה,,סוכריות מנטוס ריינבו,גרמים,37.50,100 גרם,false,,3.50,0.0933,true,1,7450
88888000,true,Temp SuperDept,,,Temp SuperDept,,0.00,,false,,0.00,0.0000,true,1,16926
88888001,true,אוכל,,,אוכל,,0.00,,false,,0.00,0.0000,true,1,16927
88888002,true,שתיה,,,שתיה,,0.00,,false,,0.00,0.0000,true,1,26545
88888003,true,אימפולס,,,אימפולס,,0.00,,false,,0.00,0.0000,true,1,26546
88888004,true,תוספות לקפה,,,תוספות לקפה,,0.00,,false,,0.00,0.0000,true,1,16928
88888005,true,חומרי גלם,,,חומרי גלם,,0.00,,false,,0.00,0.0000,true,1,16929
88888006,true,פירות וירקות,,,פירות וירקות,,0.00,,false,,0.00,0.0000,true,1,26547
88888008,true,ללא מעמ,,,ללא מעמ,,0.00,,false,,0.00,0.0000,true,1,16930
88888009,true,ניר פוד,,,ניר פוד,,0.00,,false,,0.00,0.0000,true,1,26548
88888010,true,אלכוהול,,,אלכוהול,,0.00,,false,,0.00,0.0000,true,1,26549
88888014,true,נון פוד,,,נון פוד,,0.00,,false,,0.00,0.0000,true,1,26550
88888016,true,תפעול,,,תפעול,,0.00,,false,,0.00,0.0000,true,1,26551
88888018,true,שוויצריה הקטנה,,,שוויצריה הקטנה,,0.00,,false,,0.00,0.0000,true,1,16931
88888100,true,"מפעל-ללא מע""מ",,,"מפעל-ללא מע""מ",,0.00,,false,,0.00,0.0000,true,1,26552
88888102,true,גלידות ושלגונים,,,גלידות ושלגונים,,0.00,,false,,0.00,0.0000,true,1,16932
88888119,true,מאפים,,,מאפים,,0.00,,false,,0.00,0.0000,true,1,26553
88888124,true,משקאות לא אלכוהוליים,,,משקאות לא אלכוהוליים,,0.00,,false,,0.00,0.0000,true,1,26554
88888144,true,קינוחים,,,קינוחים,,0.00,,false,,0.00,0.0000,true,1,26555
88888156,true,פירות וירקות לסחיטה,,,פירות וירקות לסחיטה,,0.00,,false,,0.00,0.0000,true,1,16933
88888158,true,מוצרי מכולת,,,מוצרי מכולת,,0.00,,false,,0.00,0.0000,true,1,16934
88888159,true,משקאות,,,משקאות,,0.00,,false,,0.00,0.0000,true,1,16935
88888160,true,מצוננים,,,מצוננים,,0.00,,false,,0.00,0.0000,true,1,16936
88888161,true,קפואים,,,קפואים,,0.00,,false,,0.00,0.0000,true,1,16937
88888162,true,ירקות ופירות טריים,,,ירקות ופירות טריים,,0.00,,false,,0.00,0.0000,true,1,16938
88888164,true,מוצרים לבית,,,מוצרים לבית,,0.00,,false,,0.00,0.0000,true,1,22991
88888165,true,י שירות/ עזר לסניפים,,,י שירות/ עזר לסניפים,,0.00,,false,,0.00,0.0000,true,1,16939
88888166,true,ארוחות מבושלות,,,ארוחות מבושלות,,0.00,,false,,0.00,0.0000,true,1,16940
88888167,true,אריזות לזכיינים,,,אריזות לזכיינים,,0.00,,false,,0.00,0.0000,true,1,26556
88888168,true,זיכויים,,,זיכויים,,0.00,,false,,0.00,0.0000,true,1,16941
88888169,true,אבזרי עזר וייצור,,,אבזרי עזר וייצור,,0.00,,false,,0.00,0.0000,true,1,16942
88888170,true,מזון טרי,,,מזון טרי,,0.00,,false,,0.00,0.0000,true,1,16943
88888171,true,משקאות קרון,,,משקאות קרון,,0.00,,false,,0.00,0.0000,true,1,16944
88888172,true,ירקות ופירות מעמ,,,ירקות ופירות מעמ,,0.00,,false,,0.00,0.0000,true,1,16945
88888173,true,ל-חומרי גלם ואביזרים,,,ל-חומרי גלם ואביזרים,,0.00,,false,,0.00,0.0000,true,1,26557
88888174,true,מפעל-תוצרת גמורה,,,מפעל-תוצרת גמורה,,0.00,,false,,0.00,0.0000,true,1,16946
88888175,true,סיגריות,,,סיגריות,,0.00,,false,,0.00,0.0000,true,1,16947
88888176,true,מאפה טרי פרדס,,,מאפה טרי,,0.00,,false,,0.00,0.0000,true,1,16948
88888177,true,קצבייה פרדס,,,קצבייה,,0.00,,false,,0.00,0.0000,true,1,16949
88888178,true,ואביזרים (ללא מלאי),,,ואביזרים (ללא מלאי),,0.00,,false,,0.00,0.0000,true,1,26558
88888179,true,פירות יבשים ללא מעמ,,,פירות יבשים ללא מעמ,,0.00,,false,,0.00,0.0000,true,1,16950
88888999,true,,,,,,0.00,,false,,0.00,0.0000,true,1,16951
90087998,false,"מיץ לימון טבעי 250 מ""ל",Rauch fruchtsafte gm,,מיץ לימון תומר 250 מ,מיליליטרים,250.00,"100 מ""ל",false,,4.90,0.0196,true,1,20030
90162602,false,רד בול משקה אנרגיה פקדון 30 אג,רד בול ג'י.אם.בי. אץ,,משקה אנרגיה רד בול 2,מיליליטרים,250.00,"100 מ""ל",false,,6.90,0.0276,true,1,2545
4023288518,false,אוכמניות יחידה,,,אוכמניות יחידה,גרמים,125.00,100 גרם,false,,19.90,0.1592,true,1,23095
8112100298,false,"שמן שומשום טהור מזרח ומערב 185 מ""ל",Flavor full foods in,,שמן שומשום טהור 185,מיליליטרים,500.00,"100 מ""ל",false,,14.90,0.0298,true,1,5976
9800800056,false,חטיף שוקולד עם מקלות לחם אנד גו,פררו - אלבה,,נוטלה טו גו 52 גרם,גרמים,52.00,100 גרם,false,,5.00,0.0962,true,1,9977
11182700916,false,קינג קול שעועית לבנה צפונית 439 גרם,הנובר פודס,,שעועית לבנה קינג קול,גרמים,439.00,100 גרם,false,,9.90,0.0226,true,1,17183
11182700954,false,קינג קול שעועית שחורה 439 גרם,האנאובר פודס קורפורשיין,,קינג קול שעועית שחור,גרמים,439.00,100 גרם,false,,9.90,0.0226,true,1,17788
16000185517,false,דגני בוקר פייבר וואן עתירי סובין FIBRE1,בטר אנד דיפרנט,,פייבר וואן 555 גרם,גרמים,555.00,100 גרם,false,,28.90,0.0521,true,1,18917
16229924263,false,"ארוי-די קרם קוקוס 250 מ""ל",תאי אגרי פוד פובליק קו'\,,"קרם קוקוס 250 מ""ל",גרמים,250.00,100 גרם,false,,9.90,0.0396,true,1,22105
25675950016,false,פשקס אודלס טופי גרגי,,,פשקס אודלס טופי גרגי,יחידה,1.00,יחידה,false,,1.50,1.5000,true,1,17495
25675950054,false,פשקס אודלס קטן דובדבן,,,"אודלס 16 ג ""דובדבן",יחידה,1.00,יחידה,false,,1.50,1.5000,true,1,17496
31200001597,false,חמוציות אושן ספריי קליית גת בשקית 170 גרם,ליימן מותגים,,חמוציות אושן ספריי 1,גרמים,170.00,100 גרם,false,,10.90,0.0641,true,1,7463
31290140237,false,שוקולד חלב שוקולד גודייבה פינגרס,"אולקר מקבוצת פלאדיס, ציק",,אצבעות שוקולד חלב גו,גרמים,90.00,100 גרם,false,,15.90,0.1767,true,1,914
33383220291,false,אוכמניות טריות יחידה,S.A NICEBLUE,,אוכמניות יחידה,גרמים,125.00,100 גרם,false,,19.90,0.1592,true,1,18311
36000516890,false,קלינקס לושן שלוש שכבות 120 יחידות,חוגלה קימברלי,,טישו קלינקס 120 3 שכ,יחידה,120.00,יחידה,false,,17.90,0.1492,true,1,3091
37600207188,false,חמאת בוטנים סקיפי קלאסי 462 גרם,חברת המזון אלגוד,,חמאת בוטנים קלאסית ס,גרמים,462.00,100 גרם,false,,18.90,0.0409,true,1,2547
37600207256,false,חמאת בוטנים סקיפי עם שברי בוטנים 462 גרם,חברת המזון אלגוד,,חמאת בוטנים סקיפי עם,גרמים,462.00,100 גרם,false,,18.90,0.0409,true,1,2548
38000138638,false,חטיף צ'יפס פרינגלס פיצה 158 גרם,פרינגלס מנופקצ'ורינג קונ,,פרינגלס בטעם פיצה 15,גרמים,158.00,100 גרם,false,,8.90,0.0563,true,1,2551
38000138720,false,חטיף צ'יפס פרינגלס ראנץ 158 גרם,פרינגלס מנופקצ'ורינג קונ,,פרינגלס ראנץ 158 גרם,גרמים,158.00,100 גרם,false,,8.90,0.0563,true,1,2552
38000183690,false,חטיף צ'יפס פרינגלס מידי ברביקיו 71 גרם,פרינגלס מנופקצ'ורינג,,פרינגלס ברביקיו 71 ג,גרמים,71.00,100 גרם,false,,5.90,0.0831,true,1,2554
38000183928,false,פרינגלס דבש וחרדל 158 גרם,פרינגלס מניופקצ'ורינ,,פרינגלס חרדל ודבש 15,גרמים,158.00,100 גרם,false,,8.90,0.0563,true,1,18443
38000202278,false,חטיף צ'יפס גלי בטעם אורגינל מלוח,פרינגלס מניופקצ'ורינ,,פרינגלס wavy אורגינל,גרמים,137.00,100 גרם,false,,8.90,0.0650,true,1,18445
38000232169,false,פרינגלס מידי אורגינל 67 גרם.,פרינגלס מנופקצ'ורינג קונ,,פרינגלס אורגינל 67 ג,גרמים,67.00,100 גרם,false,,5.90,0.0881,true,1,2557
38000232176,false,פרינגלס ביג שמנת בצל 158 גרם,פרינגלס מנופקצ'ורינג קונ,,פרינגלס שמנת בצל 161,גרמים,158.00,100 גרם,false,,8.90,0.0563,true,1,2558
38000232183,false,פרינגלס ביג אורגינל 149 גרם,פרינגלס מנופקצ'ורינג קונ,,פרינגלס אורגינל 149,גרמים,149.00,100 גרם,false,,8.90,0.0597,true,1,2559
38000845253,false,חטיף צ'יפס פרינגלס מידי שמנת בצל 71 גרם,פרינגלס מנופקצ'ורינג קונ,,פרינגלס שמנת בצל 71,גרמים,71.00,100 גרם,false,,5.90,0.0831,true,1,2561
38527591060,false,דגני קוואקר מרובעים Quaker Squares עם סוכר חום,קוואקר אוטס קומפני,,קוואקר ריבועים סוכר,גרמים,411.00,100 גרם,false,,19.90,0.0484,true,1,507
40232885518,false,אוכמניות יחידה,אראל תוצרת חקלאית בע,,אוכמניות יחידה,גרמים,125.00,100 גרם,false,,19.90,0.1592,true,1,22875
41152282012,false,רוביקיסט רוטב חמוציות שלם בפחית 397 גרם,קלמנט פאפס,,רוטב חמוציות שלמות ר,גרמים,397.00,100 גרם,false,,12.90,0.0325,true,1,17186
41390001079,false,"רוטב סויה קיקומן מופחת נתרן 444 מ""ל",קיקומן פודז אינק,,רוטב סויה דל נתרן קי,מיליליטרים,444.00,"100 מ""ל",false,,20.90,0.0471,true,1,2563
46214382259,false,עוגיות בראוניס שוקולד 225 ג',בנקטבקריי מרבה בי.וי,,עוגיות בראוניס מרבה,גרמים,200.00,100 גרם,false,,8.90,0.0445,true,1,8924
46214731552,false,עוגיות שוקולד צ'יפס 37% גודיס 225 גרם,קריניציה ויטמינה אס,,עוגיות שוקולד צ'יפס,גרמים,225.00,100 גרם,false,,8.90,0.0396,true,1,8925
55369902557,false,אפלסנקס רביעיות רסק תפוחי עץ ממותק בסגנון ביתי עברית,ליהי אורצ'דאניק,,רסק תפוחים רביעייה 1,גרמים,452.00,100 גרם,false,,15.90,0.0352,true,1,17211
55369902564,false,אפלסנקס רביעיות רסק תפוחי עץ ללא תוספת סוכר עברית,ליהי אורצ'דאניק,,רסק תפוחים ללא סוכר,גרמים,452.00,100 גרם,false,,15.90,0.0352,true,1,17212
64144090013,false,פאם תרסיס על בסיס שמן קנולה בטעם חמאה,קונאגרה פודס,,תרסיס שמן קנולה בטעם,גרמים,148.00,100 גרם,false,,17.90,0.1209,true,1,7466
70177077563,false,תה ארל גריי 25 שקיות טוינינגס 50 גר,אר. טווינינגס אנד קומפני,,תה ארל גריי 25 יח' 5,גרמים,50.00,100 גרם,false,,17.90,0.3580,true,1,18478
70221011116,false,טובלרון - שוקולד חלב 100 גרם,טובלרון Toblerone,,טובלרון 100 גרם,גרמים,100.00,100 גרם,false,,11.90,0.1190,true,1,19627
72600062306,false,חטיף הר פודס בטעם גבינה 198 גרם,הר פודס,,הרס חטיף בוטנים עם ג,גרמים,198.00,100 גרם,false,,23.90,0.1207,true,1,17217
72600062313,false,הר חטיף גבינה בפאלו גבינה כחולה 198 גרם,הר פודס,,הרס חטיף בוטנים עם ג,גרמים,198.00,100 גרם,false,,23.90,0.1207,true,1,17218
76840100156,false,"בן אנד גריס גלידת צרי גרסיה 500 מ""ל",מוצרי איכות אמריקאיים בע,,גלידה צ'רי גרסיה בן&,100 0,500.00,100 0,false,,23.90,0.0478,true,1,11894
76840100583,false,גלידה וניל +בצק עוגיות ושוקולד צי'פס 473ג,מוצרי איכות אמריקאיים בע,,גלידת וניל עם בצק עו,מיליליטרים,473.00,"100 מ""ל",false,,23.90,0.0505,true,1,11895
76840400218,false,"גלידה בן&ג'ריס תות שדה ועוגת גבינה 500מ""ל",מוצרי איכות אמריקאיים בע,,גלידה בטעם עוגת גבינ,מיליליטרים,473.00,"100 מ""ל",false,,23.90,0.0505,true,1,11901
77245110610,false,סוכריות מאסט ללא סוכר בטעם מנטה 80 ג'עלית,MIESZKO S.A - MS. JO,,"סוכריות לל""ס מאסט מנ",גרמים,80.00,100 גרם,false,,7.90,0.0988,true,1,11198
77975094631,false,סניידרס סנדוויץ' בייגלה במילוי קרם בטעם צ'דר 226 גרם,סניידרס Snyder's,,סניידרס סנדביץ קרם צ,גרמים,266.00,100 גרם,false,,16.90,0.0635,true,1,7474
77975094761,false,סניידרס חטיפים על בסיס קמח חיטה בטעם גבינת צ'דר,סניידרס אוף האנובר,,סניידרס בטעם צ'דר 34,גרמים,340.00,100 גרם,false,,16.90,0.0497,true,1,7475
77975094778,false,סניידרס שברי בייגלה בטעם דבש חרדל ובצל,סניידרס אוף האנובר,,סניידרס דבש וחרדל 34,גרמים,340.00,100 גרם,false,,14.90,0.0438,true,1,7476
77975095157,false,סניידרס שברי בייגלה בטעם חלפיניו 318 גרם,ליימן מותגים,,סניידרס- שברי בייגלה,גרמים,318.00,100 גרם,false,,16.90,0.0531,true,1,20802
97643051445,false,שוקולד רוזמרי מוקה שויצרי 100 גרם,שמרלינג,,"כשלפ בד""צ רוזמרי קפו",גרמים,100.00,100 גרם,false,,16.90,0.1690,true,1,17504
608614310456,false,אוכמניות ארוז 125 גר,אראל תוצרת חקלאית בע,,אוכמניות יחידה,גרמים,125.00,100 גרם,false,,19.90,0.1592,true,1,23096
608614310463,false,אוכמניות טריות,אראל תוצרת חקלאית בע,,אוכמניות יחידה,גרמים,125.00,100 גרם,false,,19.90,0.1592,true,1,23139
608614331475,false,כרובית ארוזה ביכורי,חקלאי,,כרובית,יחידה,1.00,יחידה,false,,9.90,9.9000,true,1,854
613008720209,false,"אריזונה משקה בטעם אבטיח פחית 680 מ""ל",אריזונה,,משקה אריזונה אבטיח 6,מיליליטרים,680.00,"100 מ""ל",false,,12.20,0.0179,true,1,17203
613008753290,false,"אריזונה אפרסק בקבוק 450 מ""ל",לני אנד לארי,,אריזונה אפרסק בקבוק,מיליליטרים,450.00,"100 מ""ל",false,,8.20,0.0182,true,1,4750
613008753320,false,"אריזונה ג'ינסנג ודבש בקבוק 450 מ""ל.",לני אנד לארי,,אריזונה ג'ינסנג ודבש,מיליליטרים,450.00,"100 מ""ל",false,,8.20,0.0182,true,1,4751
613008753351,false,"בקבוק אריזונה רימונים 450 מ""ל",לני אנד לארי,,אריזונה רימונים בקבו,מיליליטרים,450.00,"100 מ""ל",false,,8.20,0.0182,true,1,4752
613008753382,false,"בקבוק אריזונה אוכמניות 450 מ""ל",לני אנד לארי,,אריזונה אוכמניות בקב,מיליליטרים,450.00,"100 מ""ל",false,,8.20,0.0182,true,1,4753
628154383659,false,דגני בוקר פרוטי פבלס פוסט 311 גרם,פוסט ארצות הברית,,פרוטי פבלס פוסט 340,גרמים,311.00,100 גרם,false,,21.90,0.0704,true,1,20628
681131129855,false,"שלוס בירה בלגית 5% פחית 500 מ""ל",מבשלת מרטנס,,בירה בלגית שלוס 5% פ,מיליליטרים,500.00,"100 מ""ל",false,,7.20,0.0144,true,1,2693
693493151405,false,קפה טורקי רביעייה 400 ג רמי לוי,,,קפה טורקי 4*100 גרם,גרמים,400.00,100 גרם,false,,17.90,0.0447,true,1,18047
693493158657,false,תפוח אדמה גורמה דוד,חקלאי,,תפוח אדמה גורמה דוד,קילוגרמים,1.00,"ק""ג",true,,6.90,6.9000,true,1,22964
693493182607,false,קפסולות קולומביה פרמיום רמי לוי,,,קפסולות תואם נספרסו,גרמים,55.00,100 גרם,false,,10.90,0.1982,true,1,21959
693493182621,false,קפסולות אורו פרמיום רמי לוי,,,קפסולות תואם נספרסו,גרמים,55.00,100 גרם,false,,10.90,0.1982,true,1,22411
728229123590,false,טרה אורגינל חטיף על בסיס ירקות שורש בטעם טבעי 110 גרם,הונדורס צ'יפס יצור א,,טרה ירקות שורש בטעם,גרמים,110.00,100 גרם,false,,14.90,0.1355,true,1,4550
728229123811,false,טרה חטיף על בסיס ירקות שורש בתיבול ים תיכוני 110 גרם,הונדורס צ'יפס יצור א,,טרה ירקות ים תיכוני,גרמים,110.00,100 גרם,false,,14.90,0.1355,true,1,19382
728229124764,false,טרה חטיף על בסיס בטטה עם מלח ים 110 גרם,היין פיוצ'ור נטורל פ,,טרה ציפס בטטה מלח ים,גרמים,110.00,100 גרם,false,,14.90,0.1355,true,1,19383
728229124771,false,טרה חטיף על בסיס בטטה בטעם ברביקיו 110 גרם,היין פיוצ'ור נטורל פ,,טרה בטטה בטעם ברביקי,גרמים,110.00,100 גרם,false,,14.90,0.1355,true,1,4551
728229130154,false,טרה חטיף על בסיס בטטה וסלק בטעם טבעי 110 גרם,הונדורס צ'יפס יצור א,,טרה בטטה וסלק 110 גר,גרמים,110.00,100 גרם,false,,14.90,0.1355,true,1,4552
728229130444,false,"חטיף על בסיס ירקות שורש עם בטטה, תפו""א כחול וסלק",היין סלסטיאל גרופ,,טרה ירק תפוא כחול סל,גרמים,110.00,100 גרם,false,,14.90,0.1355,true,1,19385
768404001640,false,"גלידה בן&ג'ריס קפה משפחתית 500מ""ל",מוצרי איכות אמריקאיים בע,,"בן אנד ג""ריז קפה",100 0,500.00,100 0,false,,23.90,0.0478,true,1,11908
769904000997,false,שקדי מרק ללא גלוטן200גרם,דגש- דוכן גן שמואל,,דגש - שקדי מרק ללא ג,גרמים,200.00,100 גרם,false,,14.90,0.0745,true,1,14508
839762002379,false,משקה נקטר מנגו איילנד 350מל,פארייפאבה אגרואינדוס,,"איילנד מנגו 350 מ""ל",מיליליטרים,350.00,"100 מ""ל",false,,8.20,0.0234,true,1,4760
839762002386,false,"איילנד גויאבה בקבוק 350 מ""ל",פארייפאבה אגרואינדוס,,"איילנד גויאבה 350 מ""",מיליליטרים,350.00,"100 מ""ל",false,,6.50,0.0186,true,1,4761
856591000062,false,עוגיות מזרחיות עם מלח עבאדי 400 גרם,מאפיית יוסף ושמחה עבאדי,,עוגיות מזרחיות מלח ע,גרמים,400.00,100 גרם,false,,19.90,0.0497,true,1,922
856591000109,false,עבאדי עוגיות מזרחיות פריך במיוחד 400 גרם,מאפיית יוסף ושמחה עבאדי,,עוגיות מזרחיות פריך,גרמים,400.00,100 גרם,false,,19.90,0.0497,true,1,923
856591000512,false,עוגיות מזרחיות מקלונים עם שומשום עבאדי 400 גרם,מאפיית יוסף ושמחה עבאדי,,עוגיות מזרחיות מקלות,גרמים,400.00,100 גרם,false,,19.90,0.0497,true,1,926
856591000918,false,מארז שמיניית חטיף טבעי עבאדי,עבאדי,,מארז חטיף טבעי עבאדי,גרמים,320.00,100 גרם,false,,19.90,0.0622,true,1,934
856591000949,false,"מאפה חיטה מלוח ""קטנטנים"" עבאדי 350 גרם",עבאדי,,מאפה חיטה מלוח 350 ג,גרמים,350.00,100 גרם,false,,19.90,0.0569,true,1,936
856591000970,false,מאפה חיטה עבאדי מקלונים בטעם חריף 400 גר,עבאדי,,מאפה חיטה מקלונים בט,גרמים,400.00,100 גרם,false,,19.90,0.0497,true,1,20842
859547004329,false,ספוג ניקוי צבעוני סקראב דדי Scrub Daddy,סקארקיסט,,ספוג ניקוי בצבעים סק,גרמים,34.00,100 גרם,false,,18.90,0.5559,true,1,20247
884912117625,false,דגני שלווה מצופים בדבש Golden Crisp,הנסיך- מפעל לייצור ט,,דגני בוקר גולדן קריס,גרמים,418.00,100 גרם,false,,21.50,0.0514,true,1,8809
884912126115,false,גרייט גריינס דגני בוקר עם פירות יבשים פוסט 453 גרם,הנסיך- מפעל לייצור ט,,דגני גרייט גריינס דט,גרמים,453.00,100 גרם,false,,24.90,0.0550,true,1,8810
884912342737,false,דגני בוקר קריספי וופל פוסט 326 גרם.,הנסיך- מפעל לייצור ט,,דגני בוקר וופל קריספ,גרמים,326.00,100 גרם,false,,21.50,0.0660,true,1,8815
884912359155,false,דגני בוקר האני באנצ'ס האני רוסטד פוסט 340 גרם,פוסט ארצות הברית,,האני באנצסרוסטד פוסט,גרמים,340.00,100 גרם,false,,22.90,0.0674,true,1,20629
884912359162,false,האני באנצ' דגני בוקר עם שקדים פוסט 411 גרם,פוסט ארצות הברית,,האני באנצס שקדים פוס,גרמים,340.00,100 גרם,false,,22.90,0.0674,true,1,20630
884912365200,false,דגני בוקר אוראו שחור ולבן 311 גרם,פוסט ארצות הברית,,דגני בוקר אוראו פוסט,גרמים,311.00,100 גרם,false,,22.90,0.0736,true,1,22992
3014260289287,false,סכין גילוח גילט בלו 2 לנשים-חמישייה,דיפלומט מפיצים (1968) בעמ,,חמישיית סכיני בלו 2,יחידה,5.00,יחידה,false,,15.90,3.1800,true,1,11667
3046920028004,false,לינדט שוקולד אקסלנס מריר 70% 100 גר,לינדט ושפרונגלי קילשברג,,שוקולד לינדט אקסלנס,גרמים,100.00,100 גרם,false,,14.90,0.1490,true,1,6411
3046920028363,false,לינדט אקסלנס 85% מוצקי קקאו 100 גרם,לינדט ושפרונגלי קילשברג,,שוקולד לינדט אקסלנס,גרמים,100.00,100 גרם,false,,14.90,0.1490,true,1,6412
3046920028752,false,שוקולד לינדט אקסלנס מינט 100 גרם,לינדט ושפרונגלי קילשברג,,שוקולד לינדט אקסלנס,גרמים,100.00,100 גרם,false,,14.90,0.1490,true,1,6414
3068320055008,false,מים מינרלים אוויאן 500 מל,קריניציה ויטמינה אס,,מים מינרליים אויאן 5,מיליליטרים,500.00,"100 מ""ל",false,,7.90,0.0158,true,1,22387
3073781162790,false,גבינה מותכת בייבי בל 120 גרם,א. סיימן סחר בעמ,,בייבי בל אדם 120 גר',גרמים,120.00,100 גרם,false,,19.90,0.1658,true,1,20997
3179732348913,false,פרייה מים מינרליים טבעיים מבעבעים 1 ליטר פלסטיק,נסטלה ווטרס ספלאי,,פרייה מים מינרליים,מיליליטרים,6000.00,"100 מ""ל",false,,9.90,0.0017,true,1,22825
3228022910023,false,חמאה צרפתית פריזידאן פרזידנט (200 גרם),סוסייטה בארייר דה אי,,חמאה צרפתית פריזידאן,גרמים,200.00,100 גרם,false,,15.90,0.0795,true,1,3425
3387390525960,false,קראנץ' דגני בוקר עם שוקולד חלב נסטלה 500 גרם,קבוצת אוסם סחר שותפות מוגבלת,,דגני בוקר פריכים עם,גרמים,500.00,100 גרם,false,,22.90,0.0458,true,1,1189
3387390730852,false,פיטנס דגנים מחיטה מלאה ואורז נסטלה 375 גרם,קבוצת אוסם סחר-שות.מוגבלת,,דגני בוקר פיטנס נסטל,גרמים,375.00,100 גרם,false,,19.90,0.0531,true,1,1190
3523230026888,false,"גבינת עיזים שום ועשבי תיבול למריחה פירמידה, 140 גרם",א. סיימן סחר בעמ,,פירמידה עיזים 140 גר,גרמים,140.00,100 גרם,false,,24.90,0.1779,true,1,3430
3574660089547,false,טמפונים נורמל קלאסי אובה 32 יחידות,ג'\ונסון אנד ג'\ונסון,,טמפונים ללא מוליך או,יחידה,32.00,יחידה,false,,24.90,0.7781,true,1,8927
3574660240030,false,או-בה פרוקומפורט 32 יח נורמל,פארמה דיל (פ.א.ב.) שיווק והפצה,,או בה פרו קומפורט נו,יחידה,32.00,יחידה,false,,19.90,0.6219,true,1,5829
3574660389128,false,ליסטרין שטיפת פה קול מינט טעם מעודן 500,איינשטיין צור-יבוא-יצוא וסחר ב,,"ליסטרין 500 מ""ל COOL",מיליליטרים,500.00,"100 מ""ל",false,,19.90,0.0398,true,1,9686
3574660389142,false,"ליסטרין מי פה ירוק פרש בורסט 500 מ""ל",,,"ליסטרין 500 מ""ל FRES",מיליליטרים,500.00,"100 מ""ל",false,,19.90,0.0398,true,1,9687
3574669909204,false,גונסונס בייבי שמן לתינוק 300 מל,ג'ונסונס Johnson's,,גונסון בייבי שמן 300,מיליליטרים,300.00,"100 מ""ל",false,,21.90,0.0730,true,1,8939
3607343817547,false,"אדידס - דאודורנט ספריי לגבר קליימקול 150 מ""ל",דנשר (1963) בעמ,,דאודורנט ספריי לגבר,מיליליטרים,150.00,"100 מ""ל",false,,13.90,0.0927,true,1,4555
3614224050986,false,"אדידס - דאודורנט ספריי לגבר אדיפאוור 72 שעות 150 מ""ל","ב.א מזון בע""מ",,דאודורנט ספריי לגבר,מיליליטרים,150.00,"100 מ""ל",false,,13.90,0.0927,true,1,4556
3800020423578,false,חטיף שוקולד חלב צאנקי 40 ג' קיט קט,קבוצת אוסם סחר שותפות מוגבלת,,קיט קט צ'אנקי חלב 40,גרמים,40.00,100 גרם,false,,4.50,0.1125,true,1,1193
3800163830011,false,זיתים שחורים שלמים בשמן 600 גרם נאמן,נאמן לאורך זמן בעמ,,זיתים שחורים שלמים ב,גרמים,600.00,100 גרם,false,,24.90,0.0415,true,1,22841
4000415004408,false,שוגטן שוקולד קקאו מריר אגוזים 100 גר,לודוויג שוקולד,,שוגטן מריר אגוזים 10,גרמים,100.00,100 גרם,false,,5.90,0.0590,true,1,19674
4000415730109,false,שוקולד שוגטן מריר עם אגוזים קצוצים 100גר,לודוויג שוקולד,,שוגטן מריר אגוזים קצ,גרמים,100.00,100 גרם,false,,5.90,0.0590,true,1,20410
4000415749606,false,שוקולד שוגטן יום הולדת 100 גרם,לודוויג שוקולד,,שוגטן יום הולדת 100,גרמים,100.00,100 גרם,false,,5.90,0.0590,true,1,21267
4000415851705,false,שוקולד נוגט טבעי שוגטן 100 גרם,"לודוויג שוקולד בע""\מ",,שוגטן נוגט 100 גרם,גרמים,100.00,100 גרם,false,,5.90,0.0590,true,1,19680
4000415856601,false,שוקולד לבן טבעי שגוטן 100 גרם,"לודוויג שוקולד בע""\מ",,שוגטן לבן 100 גרם,גרמים,100.00,100 גרם,false,,5.90,0.0590,true,1,19681
4000417022004,false,ריטר ספורט שוקולד חלב מעולה עם צימוקים ואגוזי לוז 100 גרם,ריטר ספורט Ritter sport,,שוקולד חלב עם צימוקי,גרמים,100.00,100 גרם,false,,8.90,0.0890,true,1,7483
4000417026002,false,שוקולד ריטר ספורט פרלין 100 גרם חלב נוכרי,ריטר ספורט Ritter sport,,שוקולד פרלין ריטר ספ,גרמים,100.00,100 גרם,false,,8.90,0.0890,true,1,7485
4000417101211,false,גלילי וופל עם קרם אגוזי לוז בציפוי שוקולד חלב,ליימן שליסל בע`מ,,וופל אמיצ'לי 150 גרם,גרמים,150.00,100 גרם,false,,18.90,0.1260,true,1,18207
4000417211002,false,שוקולד חלב מעולה ממולא קרם קרמל מוקצף ושברי שקדים מומלחים,ריטר ספורט Ritter sport,,שוקולד ריטר מוס קרמל,גרמים,100.00,100 גרם,false,,10.90,0.1090,true,1,7486
4000417212009,false,ריטר ספורט שוקולד מריר מעולה עם שקדים קצוצים וקליפות תפוז מסוכרות,ריטר ספורט Ritter sport,,שוקולד מריר עם תפוז,גרמים,100.00,100 גרם,false,,8.90,0.0890,true,1,7487
4000417298003,false,שוקולד ריטר ספורט קוקוס 100 גרם חלב נוכרי,ריטר ספורט Ritter sport,,שוקולד קוקוס ריטר ספ,גרמים,100.00,100 גרם,false,,8.90,0.0890,true,1,7493
4000522061752,false,בייגלה צ'יו מקלות מלוחים 100 גרם,ר.ב. מוצרי דגנים בעמ,,בייגלה צ'יו מקלות 10,גרמים,100.00,100 גרם,false,,3.90,0.0390,true,1,8818
4000539280726,false,שוקולד לינדט אקסלנס מילד 70% 100 גר`,משה סידס ובנו בעמ,,שוקולד לינדט אקס'מיל,גרמים,100.00,100 גרם,false,,14.90,0.1490,true,1,21745
4001432773230,false,יין בלו ווין מוסקטו כשר 1 ליטר מאר,היכל היין שקד גולן בעמ,,בלו ווין מוסקטו 1 לי,מיליליטרים,1000.00,"100 מ""ל",false,,49.90,0.0499,true,1,22797
4001518003800,false,טורינוס מקלות פריכים עם פלפל ומלח 125 גרם,ר.ב. מוצרי דגנים בעמ,,גריסיני מקלות פריכים,גרמים,125.00,100 גרם,false,,17.90,0.1432,true,1,8819
4002448017684,false,"סיליט באנג ספריי ניקוי כללי מסיר אבנית 750 מ""ל",רקיט בנקיזר (ניר איסט) בעמ,,ספריי לניקוי כללי סי,מיליליטרים,750.00,"100 מ""ל",false,,14.90,0.0199,true,1,16776
4005500534600,false,טבלת שוקולד קראנץ' ל,,,שוקולד קראנץ לבן 10,,1.00,יח,false,,11.90,11.9000,true,1,22917
4006387085407,false,שלישיית פילטר מקסטרא סודהסטרים,סודה סטרים ישראל בעמ,,שלישיית פילטר MAXTRA,יחידה,3.00,יחידה,false,,129.00,43.0000,true,1,16507
4006387097370,false,קנקן סטייל+פילטר מקסטרא סודהסטרים,בריטה,,קנקן בריטה סטייל כחו,יחידה,1.00,יחידה,false,,159.00,159.0000,true,1,16509
4008287058161,false,בירה קרומבאכר פילס 4.8% שישיה 6 * 330 מל,אגודת הכורמים -כרמל מזרחי,,בירה קרומבאכר פילס 3,יחידה,6.00,יחידה,false,,37.90,6.3167,true,1,11966
4008287762020,false,בירה קרומבאכר חיטה 0.50 ליטר בקבוק,אגודת הכורמים -כרמל מזרחי,,בירה קרומבאכר חיטה 5,מיליליטרים,500.00,"100 מ""ל",false,,10.90,0.0218,true,1,11967
4008287905786,false,בירה קרומבאכר חיטה 5.3% פחית 500 מל,אגודת הכורמים -כרמל מזרחי,,בירה קרומבכר חיטה 50,מיליליטרים,500.00,"100 מ""ל",false,,10.90,0.0218,true,1,11968
4009900385824,false,מסטיק אורביט פפרמינט סטיקס משפחתי-חמישיות,"מרס ריגלי ישראל בע""מ",,אורביט פפרמינט סטיקס,גרמים,65.00,100 גרם,false,,9.90,0.1523,true,1,15182
4009900402965,false,אורביט וויט בטעם פירות בקבוקון 46מלבניות,"מרס ריגלי ישראל בע""מ",,וייט פירות בקבוקון ד,גרמים,64.00,100 גרם,false,,9.90,0.1547,true,1,15184
4009900455299,false,"סוכרית ג'לי אדומה 174 גרם ""סקיטלס""","מרס ריגלי ישראל בע""מ",,סקיטלס - פירות 174 ג,גרמים,174.00,100 גרם,false,,9.90,0.0569,true,1,15191
4009900479998,false,אורביט וויט אוכמניות בקבוקון 46 מלבניות,"מרס ריגלי ישראל בע""מ",,אוכמניות בקבוקון דאב,גרמים,64.00,100 גרם,false,,9.90,0.1547,true,1,15195
4009900484091,false,מסטיק אורביט פרופשיונל בטעם מנטה ללא סוכר,"מרס ריגלי ישראל בע""מ",,אורביט ספירמינט בקבו,גרמים,84.00,100 גרם,false,,12.90,0.1536,true,1,15198
4009900534611,false,מסטיק איירוויבז בקבוקון בטעם מלון ומנטה,מרס ריגלי ישראל בעמ,,איירוויבז בטעם מלון,גרמים,64.00,100 גרם,false,,9.90,0.1547,true,1,15214
4009900535823,false,מסטיק אורביט רפרשרס באבלמינט ללא סוכר 15.6גר',"מרס ריגלי ישראל בע""מ",,אורביט רפרשרס באבלמי,גרמים,15.60,100 גרם,false,,3.90,0.2500,true,1,15219
4009900536257,false,מסטיק אורביט רפרשרס ספירמינט בקבוקון ללא סוכר 67 גר',מרס ריגלי קונפקשונרי,,אורביט רפרשרס ספירמי,גרמים,67.00,100 גרם,false,,11.90,0.1776,true,1,15220
4009900536486,false,מסטיק אורביט רפרשרס באבלמינט בקבוקון ללא סוכר 67 גר',מרס ריגלי קונפקשונרי,,אורביט רפרשרס באבלמי,גרמים,67.00,100 גרם,false,,11.90,0.1776,true,1,15222
4011800628512,false,חטיף קורני שוקולד חלב 6 יח 150 גר,מיוצר עי קונדיטוריית,,קורני בייס שוקו 150,גרמים,150.00,100 גרם,false,,10.90,0.0727,true,1,4557
4011800630515,false,חטיף קורני שוקולד חלב ובננה 6 יח 150 גר,מיוצר עי קונדיטוריית,,קורני בייס שוק בננה,גרמים,150.00,100 גרם,false,,10.90,0.0727,true,1,4558
4011800633516,false,קורני בציפוי שוקולד מריר מעולה 6*23,משה סידס ובנו בעמ,,קורני בייס דרק שוק 1,גרמים,138.00,100 גרם,false,,10.90,0.0790,true,1,4559
4014400901191,false,בונבונריית מרסי מבחר ממתקי שוקולד 250 גרם,ליימן שליסל בע`מ,,בונבוניירת שוקולד חל,גרמים,250.00,100 גרם,false,,26.90,0.1076,true,1,7496
4014400914696,false,וורטרס אורגינל סוכריות ללא סוכר 80 גרם,ליימן שליסל בע`מ,,סוכריות חמאה ללא סוכ,גרמים,80.00,100 גרם,false,,8.90,0.1113,true,1,7504
4014400914924,false,"סוכריות בטעם קפה וורטר אורגינל לל""ס 80 גרם",קריניציה ויטמינה אס,,סוכריות ללא סוכר קפה,גרמים,80.00,100 גרם,false,,9.50,0.1188,true,1,7505
4015400564454,false,מגני תחתון אולוויז לארג' עם ניחוח מגה פק,דיפלומט מפיצים (1986) בע`מ,,מגן תחתון אולוויז מג,גרמים,234.00,100 גרם,false,,19.90,0.0850,true,1,11669
4015400731719,false,תחבושות היגייניות אולוויז יום ולילה Day & Night,דיפלומט מפיצים (1986) בע`מ,,תחבושות אולוויז וליו,גרמים,126.00,100 גרם,false,,19.90,0.1579,true,1,11674
4015400755241,false,תחבושות היגייניות אולוויז אולטרה נורמל - 28 יח',דיפלומט מפיצים (1986) בע`מ,,תחבושות אולוויז וליו,גרמים,136.00,100 גרם,false,,19.90,0.1463,true,1,11676
4015400755487,false,תחבושות היגייניות אולוויז אולטרה לונג - 24 יח',דיפלומט מפיצים (1986) בע`מ,,תחבושות אולוויז וליו,גרמים,132.00,100 גרם,false,,19.90,0.1508,true,1,11677
4015400990482,false,אבקת כביסה אריאל קולור 3 ק`ג,דיפלומט מפיצים (1986) בע`מ,,אבקת כביסה אריאל קול,גרמים,3000.00,100 גרם,false,,34.90,0.0116,true,1,11678
4015600762902,false,"האד אנד שולדרס שמפו מנטול 500 מ""ל",דיפלומט מפיצים (1986) בע`מ,,שמפו יומיומי מנטול ה,מיליליטרים,500.00,"100 מ""ל",false,,19.90,0.0398,true,1,11681
4017100160110,false,בלזן גלילי וופל במילוי קרם בטעם שוקולד 75 גר',ליימן שליסל,,בלזן ופל קרמי שוקולד,גרמים,75.00,100 גרם,false,,9.90,0.1320,true,1,7510
4017100210105,false,וופל מגולגל מצופה שוקולד מריר בלזן 100 גרם,הדקלאים אגודת שיתופי,,וופלטן גלילי ופל עם,גרמים,100.00,100 גרם,false,,11.90,0.1190,true,1,7513
4017100219900,false,בלזן וופלטן וופל מגולגל מצופה שוקולד חלב 100 גרם,הדקלאים אגודת שיתופי,,גליליות וופל חצי מצו,גרמים,100.00,100 גרם,false,,11.90,0.1190,true,1,7517
4018722102632,false,ספגטי כוסמין מלא אורגני 500 גרם,נטורפוד בעמ,,אלב גולד - ספגטי כוס,גרמים,500.00,100 גרם,false,,15.90,0.0318,true,1,14510
4022025261002,false,"בלו ווין גוורצטרמינר כשר 750 מ""ל",היכל היין שקד גולן בעמ,,יין בלו ווין גוורצטר,מיליליטרים,750.00,"100 מ""ל",false,,49.90,0.0665,true,1,15624
4023800531648,false,בונבוניירה מוצרט 200 גר CARSTENS,Erasmi & Carstens Gm,,בונ' מוצרט 200 ג' CA,גרמים,200.00,100 גרם,false,,19.90,0.0995,true,1,22153
4025700001962,false,מילקה טבלה 100 גר' לבן 1/22 (4248023),דיפלומט מפיצים (1968) בעמ**,,שוקולד לבן מילקה 100,גרמים,100.00,100 גרם,false,,6.90,0.0690,true,1,2566
4066600999614,false,"בירה פאולנר, בירת חיטה מעוננת, בקבוק 500 מ""ל",טמפו משקאות בע`מ,,"פאולנר בקבוק 500 מ""ל",מיליליטרים,500.00,"100 מ""ל",false,,11.20,0.0224,true,1,4764
4067600001123,false,פילה הרינג מעושן בשמן לארסן 190 גר,,,פילה הרינג מעושן לרס,גרמים,190.00,100 גרם,false,,11.90,0.0626,true,1,21485
4072700001775,false,בירה פרנסיסקאנר בהירה מעוננת בפחית,הכרם - משקאות חריפים בעמ,,פרנסיסקאנר מעוננת פח,מיליליטרים,500.00,"100 מ""ל",false,,11.20,0.0224,true,1,5764
4084500088917,false,נוזל לניקוי כלים לימון פיירי (650 מל),דיפלומט מפיצים (1986) בע`מ,,"פיירי לימון 650 מ""ל",מיליליטרים,650.00,"100 מ""ל",false,,10.90,0.0168,true,1,11687
4084500149526,false,טייד גל כביסה 2.48 ליטר אלפים רענן,דיפלומט מפיצים (1986) בע`מ,,נוזל כביסה לבנה טייד,מיליליטרים,2480.00,"100 מ""ל",false,,26.90,0.0108,true,1,11688
4084500853553,false,פיירי נוזל כלים קלאסי אורגינל 650 מל,דיפלומט מפיצים (1986) בע`מ,,נוזל לניקוי כלים אור,מיליליטרים,650.00,"100 מ""ל",false,,10.90,0.0168,true,1,11689
4100470106700,false,חומץ תפוחים אורגני-נטורפוד.,נטורפוד בעמ,,"חומץ תפוחים 750 מ""ל",מיליליטרים,750.00,"100 מ""ל",false,,21.90,0.0292,true,1,14512
4600659010854,false,וודקה סטוליצ`יניה (700 מל),הכרם -משקאות חריפים בע`מ,,"סטולי פרימיום 700 מ""",מיליליטרים,700.00,"100 מ""ל",false,,59.90,0.0856,true,1,5768
4603400000043,false,וודקה רוסקי יורוסטנדרט (700 מל),רוסקי סטנדרט וודקה,,וודקה רוסקי סטנדרט 7,מיליליטרים,700.00,"100 מ""ל",false,,64.90,0.0927,true,1,10979
4605561011975,false,חתיכות פילה דג הרינג בשמן מצונן 150 גרם,דילר בי.אם.די. פורמולה בעמ,,חתיכות פילה הרינג בש,גרמים,150.00,100 גרם,false,,7.90,0.0527,true,1,20746
4710068001692,false,מאסטר קפה בטעם לאטה בפחית 240מ`ל,תאיט מרקטינג אנד דיסטריב,,מאסטר קפה לאטה,מיליליטרים,240.00,"100 מ""ל",false,,7.20,0.0300,true,1,4765
4710068001739,false,מאסטר קפה בטעם קולומביאני בפחית 240מ`ל,יוני פרזינדנט אנטרפר,,קפה קולומביאני קלאסי,מיליליטרים,240.00,"100 מ""ל",false,,7.20,0.0300,true,1,4767
4710068002798,false,מאסטר קפה בטעם וניל בפחית 240מ`ל,מאיטה פוד אינדוסטריאל קו,,קפה קר בפחית בטעם ונ,מיליליטרים,240.00,"100 מ""ל",false,,7.20,0.0300,true,1,4768
4710068003313,false,מאסטר קפה אמריקאנו בפחית 240מ`ל,מאיטה פוד אינדוסטריא,,קפה קר בפחית אמריקנו,מיליליטרים,240.00,"100 מ""ל",false,,7.20,0.0300,true,1,4769
4751007739917,false,נתחי דג סלמון במיץ טבעי תומר 185 גרם,,,סלמון במיץ טבעי 185,גרמים,185.00,100 גרם,false,,7.90,0.0427,true,1,21490
4770179107447,false,טב' שוק' מריר חמוציו,,,טב' שוק' מריר חמוציו,גרמים,220.00,100 גרם,false,,14.90,0.0677,true,1,22155
4770179125076,false,שוקולד פרגלה מריר עם,PERGALE,,"שוק ""טב ""שוקולד מריר",גרמים,100.00,100 גרם,false,,5.50,0.0550,true,1,15389
4770179125144,false,שוקולד פרגלה מריר עם,PERGALE,,שוקולד מריר עם קרם ק,גרמים,100.00,100 גרם,false,,5.50,0.0550,true,1,15391
4770179998090,false,בונבוניירה רוזס שוקו,BARILLA G.E.R.,,בונבוניירה רוזס שוקו,גרמים,348.00,100 גרם,false,,24.90,0.0716,true,1,20200
4770179998366,false,בונבוניירה פרליני שו,,,בונבוניירה פרליני שו,גרמים,113.00,100 גרם,false,,10.90,0.0965,true,1,15393
4770577201204,false,"סלק מבושל בוואקום 1 ק""ג",,,סלק אדום מקולף 1 קיל,יחידה,1.00,יחידה,false,,9.90,9.9000,true,1,859
4796019790013,false,שמן קוקוס כבישה קרה אורגני גרין קוקו 300,נטורפוד בעמ,,שמן קוקוס כבישה קרה,מיליליטרים,300.00,"100 מ""ל",false,,19.90,0.0663,true,1,14518
4796019790037,false,שמן קוקוס אורגני כבישה קרה גרין קוקו 1 ל,נטורפוד בעמ,,שמן קוקוס אורגני כבי,גרמים,1000.00,100 גרם,false,,49.90,0.0499,true,1,14519
4810168000011,false,פילה דג הרינג מלוח מצונן 250 גרם,דילר בי.אם.די. פורמולה בעמ,,פילה דג הרינג מלוח מ,גרמים,250.00,100 גרם,false,,13.90,0.0556,true,1,18618
4810168000998,false,פילה דג הרינג מלוח מצונן עם בצל בצנצנת חתיכות 260גרם,דילר בי.אם.די. פורמולה בעמ,,פילה הרינג מלוח עם ב,גרמים,260.00,100 גרם,false,,18.90,0.0727,true,1,18620
4810168018795,false,חתיכות פילה דג הרינג מלוח מצונן 200גרם,דילר בי.אם.די. פורמולה בעמ,,חתיכות פילה דג הרינג,גרמים,200.00,100 גרם,false,,13.90,0.0695,true,1,18622
4810168019051,false,חתיכות פילה דג הרינג מלוח מצונן עם תבלין 200גרם,דילר בי.אם.די. פורמולה בעמ,,חתיכות פילה דג הרינג,גרמים,200.00,100 גרם,false,,13.90,0.0695,true,1,18623
4810168024512,false,פילה דג הרינג מלוח מצונן עם תבלין בצנצנת חתיכות 260 גרם,דילר בי.אם.די. פורמולה בעמ,,פילה הרינג מלוח עם ת,גרמים,260.00,100 גרם,false,,18.90,0.0727,true,1,18624
4810168045562,false,פילה סלמון מעושן פ.קפוא 100ג מוכן לאכילה,דילר בי.אמ.די פורמולה בעמ,,פילה דג סלמון מעושן,גרמים,100.00,100 גרם,false,,19.90,0.1990,true,1,18625
4810168049928,false,"בלינצ'ס במילוי תפו""א ופטריות מוקפאים 420 גרם",דילר בי.אמ.די פורמולה בעמ,,"בלינצ'ס במילוי תפו""א",גרמים,420.00,100 גרם,false,,13.90,0.0331,true,1,18629
4810168055165,false,לביבות גבינת טבורוג מוקפאות 450 גרם,דילר בי.אמ.די פורמולה בעמ,,לביבות גבינת טבורוג,גרמים,450.00,100 גרם,false,,18.90,0.0420,true,1,18636
4810168058982,false,חתיכות פילה דג הרינג סקנדינבי מלוח בשמן 400 גר,דילר בי.אם.די. פורמולה בעמ,,חתיכות פילה דג הרינג,גרמים,400.00,100 גרם,false,,28.90,0.0722,true,1,22027
4820217240114,false,חמאה 82.5% פרמה 200 גר,דילר בי.אם.די. פורמולה בעמ,,חמאה גר 200 FERMA 82,גרמים,200.00,100 גרם,false,,9.90,0.0495,true,1,22569
4823077613203,false,שוקולד רושן מריר + פונדוק שלם 90 גר רושן,דילר בי.אמ.די.אינטרנשויונל בעמ,,שוקולד רושן מריר עם,גרמים,90.00,100 גרם,false,,8.50,0.0944,true,1,18537
4823077613630,false,חטיף שוקולד רושן ממולה קרם בורלה 43 גרם,דילר בי.אמ.די.אינטרנשויונל בעמ,,חטיף שוקולד רושן ממו,גרמים,43.00,100 גרם,false,,3.50,0.0814,true,1,18538
4823077614675,false,48230776ביסקוויט לקפה רושן בטעם חלב 18,דילר בי.אמ.די.אינטרנשויונל בעמ,,ביסקוויט לקפה רושן ב,גרמים,185.00,100 גרם,false,,3.90,0.0211,true,1,20808
4823077614699,false,ביסקוויט לקפה רושן בטעם חמאה וניל 185 גרם,דילר בי.אמ.די.אינטרנשויונל בעמ,,ביסקוויט לקפה רושן ב,גרמים,185.00,100 גרם,false,,3.90,0.0211,true,1,20809
4823077614767,false,שוקולד רושן חלב נוגט בטעם אגוזי לוז 90 גרם,דילר בי.אמ.די.אינטרנשויונל בעמ,,שוקולד רושן חלב נוגט,גרמים,90.00,100 גרם,false,,4.90,0.0544,true,1,18539
4823077614804,false,שוקולד רושן חלב נוגט בטעם אוכמניות כחולות 90 גרם,דילר בי.אמ.די.אינטרנשויונל בעמ,,שוקולד רושן חלב נוגט,גרמים,90.00,100 גרם,false,,4.90,0.0544,true,1,18540
4823077617041,false,חטיף שוקולד רושן ממולה קרם קרמל 43 גרם,דילר בי.אמ.די.אינטרנשויונל בעמ,,חטיף שוקולד רושן ממו,גרמים,43.00,100 גרם,false,,3.50,0.0814,true,1,18542
4823077618161,false,גליליות ופל רושן קונפטו חלב 140 גרם,דילר בי.אמ.די.אינטרנשויונל בעמ,,גליליות רושן קונאפטו,גרמים,140.00,100 גרם,false,,6.90,0.0493,true,1,19625
4823077621635,false,חטיף שוקולד רושן בטעם חלב 72 גרם,דילר בי.אמ.די.אינטרנשויונל בעמ,,וופל רושן בטעם חלב 7,גרמים,72.00,100 גרם,false,,3.50,0.0486,true,1,18544
4823077621642,false,חטיף שוקולד רושן בטעם שוקולד 72 גר,דילר בי.אמ.די.אינטרנשויונל בעמ,,וופל רושן בטעם שוקול,גרמים,72.00,100 גרם,false,,3.50,0.0486,true,1,18545
4823077621659,false,חטיף שוקולד רושן בטעם אגוז 72 גר,דילר בי.אמ.די.אינטרנשויונל בעמ,,וופל רושן בטעם אגוז,גרמים,72.00,100 גרם,false,,3.50,0.0486,true,1,18546
4823077625589,false,וופל וואפרס חלב רושן 216 גר,דילר בי.אמ.די.אינטרנשויונל בעמ,,וופל רושן בטעם חלב 2,גרמים,216.00,100 גרם,false,,6.90,0.0319,true,1,18558
4823077625602,false,וופל וואפרס שוקולד רושן 216 גר,דילר בי.אמ.די.אינטרנשויונל בעמ,,וופל רושן בטעם שוקול,גרמים,216.00,100 גרם,false,,6.90,0.0319,true,1,18559
4823077625626,false,וופל וואפרס אגוז רושן 216 גר,דילר בי.אמ.די.אינטרנשויונל בעמ,,וופל רושן בטעם אגוז,גרמים,216.00,100 גרם,false,,6.90,0.0319,true,1,18560
4823077625879,false,בונבוניירה רושן קומפלימנט 145 גרם,דילר בי.אמ.די.אינטרנשיונל בעמ,,בונבוניירה רושן 145,גרמים,145.00,100 גרם,false,,19.90,0.1372,true,1,18561
4823077626203,false,שוקולד רושן אורירי מריר 80 גרם,דילר בי.אמ.די.אינטרנשויונל בעמ,,שוקולד רושן אורירי מ,גרמים,80.00,100 גרם,false,,6.90,0.0863,true,1,18562
4823077626227,false,שוקולד רושן אורירי חלב 80 גרם,דילר בי.אמ.די.אינטרנשויונל בעמ,,שוקולד רושן אורירי ח,גרמים,80.00,100 גרם,false,,6.90,0.0863,true,1,18563
4823077626241,false,שוקולד רושן אורירי לבן קרמל 80 גרם,דילר בי.אמ.די.אינטרנשויונל בעמ,,שוקולד רושן אורירי ל,גרמים,80.00,100 גרם,false,,6.90,0.0863,true,1,18564
4823077626364,false,שוקולד רושן אורירי לבן 80 גרם,דילר בי.אמ.די.אינטרנשויונל בעמ,,שוקולד אורירי לבן רו,גרמים,80.00,100 גרם,false,,6.90,0.0863,true,1,19038
4823077629136,false,שוקולד רושן חלב lacmuי 90 גרם,דילר בי.אמ.די.אינטרנשויונל בעמ,,שוקולדרושן חלב 90 גר,גרמים,90.00,100 גרם,false,,6.90,0.0767,true,1,21603
4823077630422,false,"סנדוויץ' קרקר חלב וניל רושן 235 גרם "" 2 CRACK """,דילר בי.אמ.די.אינטרנשויונל בעמ,,סנדוויץ' קרקר חלב ונ,גרמים,235.00,100 גרם,false,,9.90,0.0421,true,1,22561
4823077630439,false,"סנדוויץ' קרקר שוקולד רושן 235 גרם "" 2 CRACK """,דילר בי.אמ.די.אינטרנשויונל בעמ,,סנדוויץ' קרקר שוקולד,גרמים,235.00,100 גרם,false,,9.90,0.0421,true,1,18569
4823077630996,false,"סנדוויץ' קרקר קקאו-אגוז רושן 235 גרם "" 2 CRACK """,דילר בי.אמ.די.אינטרנשויונל בעמ,,סנדוויץ' קרקר קקאו-א,גרמים,235.00,100 גרם,false,,9.90,0.0421,true,1,18575
4823077631467,false,קרקר עם מלח ים רושן 168 גר HI DAY,דילר בי.אמ.די.אינטרנשויונל בעמ,,קרקר עם מלח ים רושן,גרמים,168.00,100 גרם,false,,5.50,0.0327,true,1,18576
4823077631474,false,קרקר קלאסי רושן 168 גר HI DAY,דילר בי.אמ.די.אינטרנשויונל בעמ,,קרקר קלאסי רושן 168,גרמים,168.00,100 גרם,false,,5.50,0.0327,true,1,18577
4823077631863,false,גליליות ופל רושן קונפטו וניל 140 גרם,דילר בי.אמ.די.אינטרנשויונל בעמ,,גליליות רושן קונאפטו,גרמים,140.00,100 גרם,false,,6.90,0.0493,true,1,18579
4823077632259,false,חטיף שוקולד רושן עם בוטנים 43 גרם,דילר בי.אמ.די.אינטרנשויונל בעמ,,חטיף שוקולד רושן עם,גרמים,38.00,100 גרם,false,,3.50,0.0921,true,1,18582
4823077632570,false,שוקולד רושן BRUT מריר 85 גרם,דילר בי.אמ.די.אינטרנשויונל בעמ,,שוקולד רושן מריר 85,גרמים,85.00,100 גרם,false,,6.90,0.0812,true,1,18587
4823077632587,false,שוקולד רושן חלב עם שקד שלם 90 גר` LACMI,דילר בי.אמ.די.אינטרנשויונל בעמ,,שוקולד רושן חלב עם ש,גרמים,90.00,100 גרם,false,,8.50,0.0944,true,1,18588
4823077632594,false,שוקולד רושן חלב עם אגוז שלם 90 גר` LACMI,דילר בי.אמ.די.אינטרנשויונל בעמ,,שוקולד רושן חלב עם א,גרמים,90.00,100 גרם,false,,8.50,0.0944,true,1,18589
4823077633034,false,"גליליות וופל רושן ""קונאפטו"" קקאו 140 ג",דילר בי.אמ.די.אינטרנשויונל בעמ,,גליליות רושן קונאפטו,גרמים,140.00,100 גרם,false,,6.90,0.0493,true,1,18592
4823077633058,false,"גליליות וופל רושן ""קונאפטו"" אגוז 140 ג",דילר בי.אמ.די.אינטרנשויונל בעמ,,גליליות רושן קונאפטו,גרמים,140.00,100 גרם,false,,6.90,0.0493,true,1,18593
4823077633317,false,עוגיות שוקוצ'יפס LOVITA שוקולד עם חתיכות שוקולד 150 גרם,דילר בי.אמ.די.אינטרנשויונל בעמ,,עוגיות לביטה שוקולד,גרמים,150.00,100 גרם,false,,6.90,0.0460,true,1,18594
4823077633324,false,עוגיות שוקוצ'יפס LOVITA עם חתיכות שוקולד 150 גרם,דילר בי.אמ.די.אינטרנשויונל בעמ,,עוגיות שוקוצ'יפס לבי,גרמים,150.00,100 גרם,false,,6.90,0.0460,true,1,18595
4823077633331,false,עוגיות שוקוצ'יפס LOVITA בטעם תפוז 150 גרם,דילר בי.אמ.די.אינטרנשויונל בעמ,,עוגיות רושן לוביטה ב,גרמים,150.00,100 גרם,false,,6.90,0.0460,true,1,20811
4823077633348,false,עוגיות שוקוצ'יפס LOVITA עם חתיכות בוטנים 150 גרם,דילר בי.אמ.די.אינטרנשויונל בעמ,,עוגיות רושן לביטה עם,גרמים,15.00,100 גרם,false,,6.90,0.4600,true,1,18596
4823077633508,false,חטיף שוקולד רושן במילוי קרם קקאו מצופה 34 גרם,דילר בי.אמ.די.אינטרנשויונל בעמ,,חטיף וופל במילוי קרם,גרמים,34.00,100 גרם,false,,3.50,0.1029,true,1,21605
4823077633515,false,חטיף שוקולד רושן במילוי קרם חלבי מצופה 34 גרם,דילר בי.אמ.די.אינטרנשויונל בעמ,,חטיף וופל במילוי קרם,גרמים,34.00,100 גרם,false,,3.50,0.1029,true,1,21606
4823077634178,false,עוגיות רושן LOVITA במילוי תפוח קינמון 168 גרם,דילר בי.אמ.די.אינטרנשויונל בעמ,,עוגיות לביטה עם מילו,גרמים,168.00,100 גרם,false,,6.90,0.0411,true,1,18602
4823077634192,false,עוגיות רושן LOVITA במילוי דובדבן וניל 168 גרם,דילר בי.אמ.די.אינטרנשויונל בעמ,,עוגיות לביטה עם מילו,גרמים,168.00,100 גרם,false,,6.90,0.0411,true,1,18603
4823077634222,false,עוגיות Lovita ממולאות ג'לי תפוז מצופות צימקאו,דילר בי.אמ.די.אינטרנשויונל בעמ,,עוגיות לביטה תפוז 13,גרמים,135.00,100 גרם,false,,6.90,0.0511,true,1,18604
4823077634246,false,עוגיות Lovita ממולאות ג'לי פטל מצופות צימקאו,דילר בי.אמ.די.אינטרנשויונל בעמ,,עוגיות לביטה פטל 135,גרמים,135.00,100 גרם,false,,6.90,0.0511,true,1,18605
4823077634277,false,עוגיות Lovita ממולאות ג'לי תות שדה מצופות צימקאו,דילר בי.אמ.די.אינטרנשויונל בעמ,,עוגיות תות שדה לוביט,גרמים,135.00,100 גרם,false,,6.90,0.0511,true,1,20812
4823077634369,false,שוקולד רושן חלב אוורירי ופצפוצי אורז 85 גר LACMI CRISP,דילר בי.אמ.די.אינטרנשויונל בעמ,,שוקולד רושן חלב אוור,גרמים,85.00,100 גרם,false,,6.90,0.0812,true,1,21608
4823077634376,false,שוקולד רושן חלב אוורירי קרם אגוזים 85 גר LACMI NUT,דילר בי.אמ.די.אינטרנשויונל בעמ,,שוקולד רושן חלב אוור,גרמים,85.00,100 גרם,false,,6.90,0.0812,true,1,21609
4823077634741,false,עוגיות רושן LOVITA במילוי תות שדה 168 גרם,דילר בי.אמ.די.אינטרנשויונל בעמ,,עוגיות עם מילוי תות,גרמים,168.00,100 גרם,false,,6.90,0.0411,true,1,20813
4823077635489,false,חטיף וופל רושן קרם קקאו JOHNY KROCKERי 350 גרם,דילר בי.אמ.די.אינטרנשויונל בעמ,,וופל רושן קרם קקאו ג,גרמים,350.00,100 גרם,false,,17.90,0.0511,true,1,19310
4823077635533,false,חטיף וופל רושן קרם חלב JOHNY KROCKERי 350 גרם,דילר בי.אמ.די.אינטרנשויונל בעמ,,וופל רושן קרם חלב גו,גרמים,350.00,100 גרם,false,,17.90,0.0511,true,1,19311
4823077636004,false,עוגיות Lovita ממולאות ג'לי דובדבן מצופות צימקאו,דילר בי.אמ.די.אינטרנשויונל בעמ,,עוגיות קקאו דובדבן ל,גרמים,135.00,100 גרם,false,,6.90,0.0511,true,1,20816
4823077636172,false,וופל רושן בטעם לימון 216 גרם,דילר בי.אמ.די.אינטרנשויונל בעמ,,וופל רושן בטעם לימון,גרמים,216.00,100 גרם,false,,5.90,0.0273,true,1,21090
4823077636547,false,סוכריות ממולאות בטעם פירות בים בום 468 גרם,דילר בי.אמ.די.אינטרנשויונל בעמ,,סוכריות ממולאות בטעם,גרמים,468.00,100 גרם,false,,12.90,0.0276,true,1,20971
4823077636578,false,סוכריות טופי כוס חלב מילקי ספלאש 325 גרם,דילר בי.אמ.די.אינטרנשויונל בעמ,,סוכריות טופי כוס חלב,גרמים,325.00,100 גרם,false,,12.90,0.0397,true,1,20974
4823077636592,false,רושן סוכריות ג'לי קרייזי פצ'ולקה 378 גרם,דילר בי.אמ.די.אינטרנשויונל בעמ,,סוכריות ג'לי רושן 37,גרמים,378.00,100 גרם,false,,12.90,0.0341,true,1,20976
4860009000014,false,מיץ רימונים 100% סחוט ללא תוספת סוכר,תומר ייבוא ושיווק מוצרי מזון [,,מיץ רימונים גרוזיני,מיליליטרים,1000.00,"100 מ""ל",false,,18.90,0.0189,true,1,20043
5000157143365,false,מתבל בטעם מיונז וקטשופ היינץ 425 גרם,דיפלומט מפיצים (1968) בעמ**,,רוטב טעם מיונז וקטשו,מיליליטרים,425.00,"100 מ""ל",false,,15.90,0.0374,true,1,2568
5010029221084,false,דגני וויטביקס פרוטאין קראנץ' בטעם מקורי,טרופיקל דגיל תעשיות,,דגני בוקר קראנץ' עם,גרמים,450.00,100 גרם,false,,26.90,0.0598,true,1,8824
5010038454831,false,"בקבוק בירה בלומון 330 מ""ל",הכרם - משקאות חריפים בעמ,,בקבוק בירה בלומון 33,מיליליטרים,330.00,"100 מ""ל",false,,12.90,0.0391,true,1,5774
5010123703585,false,ליסטרין קולמינט 500 מל-יבוא מקביל,גונסון אנד גונסון,,ליסטרין קולמינט 500,מיליליטרים,500.00,"100 מ""ל",false,,19.90,0.0398,true,1,9701
5010182997338,false,דאק ג'ל לניקוי אסלות בניחוח רענן 55 מל,"איטיליאן פוד, אס.פי.",,ג'ל לאסלה ירוק בניחו,גרמים,55.00,100 גרם,false,,9.90,0.1800,true,1,4566
5010182997918,false,דאק ג'ל לניקוי אסלות בניחוח ים 55 מל,"איטיליאן פוד, אס.פי.",,ג'ל לאסלה בניחוח ים,מיליליטרים,55.00,"100 מ""ל",false,,9.90,0.1800,true,1,4568
5010677552387,false,"בקרדי בריזר אננס 275 מ""ל בקבוק",בקרדי בריזר Bacardi Breezer,,משקה אלכוהולי 4% אננ,מיליליטרים,275.00,"100 מ""ל",false,,14.70,0.0535,true,1,4773
5010677554398,false,בריזר אבטיח בבקבוק בקרדי (275 מל),בקרדי בריזר Bacardi Breezer,,משקה אלכוהולי 4% אבט,מיליליטרים,275.00,"100 מ""ל",false,,14.70,0.0535,true,1,4774
5011157630281,false,אורז בסמטי המשאלי טילדה (1 קג),ש. שסטוביץ בע`מ,,אורז בסמטי טילדה 1 ק,גרמים,1000.00,100 גרם,false,,22.90,0.0229,true,1,8950
5014271350424,false,מעדן ארבעה פירות ללא תוספת סוכר 284 גרם,סאן דלפור - שמבור,,מעדן 4 פירות 284 גרם,גרמים,284.00,100 גרם,false,,19.90,0.0701,true,1,3434
5014271400426,false,"מעדן בטעם תות שדה לל""ס סאן דלפור 284 גרם",נטו מלינדה סחר בעמ,,מעדן סאנט דלפור תות,גרמים,284.00,100 גרם,false,,19.90,0.0701,true,1,3437
5014271560427,false,מעדן תפוז וג'ינג'ר ללא סוכר סאן דלפור 284 גר,סאן דלפור - שמבור,,מעדן סאנט דלפור תפוז,גרמים,284.00,100 גרם,false,,19.90,0.0701,true,1,3438
5018357006755,false,תערובת דגנים 50% פירות ואגוזים 540 גרם,דורסט סיריאלס,,דורסט סיריאלס - היי,גרמים,540.00,100 גרם,false,,26.70,0.0494,true,1,14521
5018357007653,false,מוזלי תערובת דגנים ופירות Simply Fruity,דורסט סיריאלס Dorset Cereals,,דורסט סיריאלס - סימפ,גרמים,620.00,100 גרם,false,,20.90,0.0337,true,1,14524
5018357011896,false,דורסט סיריאלס-גרנולה דבש 550 גרם,דורסט סיריאליס,,דורסט סיריאלס - גרנו,גרמים,550.00,100 גרם,false,,29.90,0.0544,true,1,14526
5029053510828,false,תחבושות סופר פלוס עם כנפיים קוטקס 22יחידות,קימברלי קלארק ישראל שיווק בעמ,,תחבושות קוטקס סופר 2,יחידה,28.00,יחידה,false,,18.90,0.6750,true,1,3097
5035766044673,false,"סטרונגבואו גולד, סיידר תפוחים אלכוהולי, בקבוק 330 מ''ל",האי נאם סי או אל.טי.,,סיידר תפוחים סטרונגב,מיליליטרים,330.00,"100 מ""ל",false,,8.80,0.0267,true,1,4777
5035766060253,false,"בירה מרפיס, בירת סטאוט, פחית 500 מ""ל",טמפו משקאות בע`מ,,בירה מרפיס פחית סטאו,מיליליטרים,500.00,"100 מ""ל",false,,12.90,0.0258,true,1,4780
5053827213998,false,דגני בוקר קלוגס ספיישל קיי 375 גר,,,קלוגס ספיישל קיי 375,גרמים,375.00,100 גרם,false,,21.90,0.0584,true,1,23259
5060517886486,false,"משקה אנרגיה מונסטר אנרג'י בפחית 500 מ""ל",החברה המרכזית להפצת משקאות בעמ,,משקה אנרגיה מונסטר א,מיליליטרים,500.00,"100 מ""ל",false,,7.50,0.0150,true,1,8160
5060517886516,false,"משקה אנרגיה מונסטר אנרג'י זירו בפחית 500 מ""ל",החברה המרכזית להפצת משקאות בעמ,,משקה אנרגיה זירו מונ,מיליליטרים,500.00,"100 מ""ל",false,,8.20,0.0164,true,1,8161
5060751218173,false,"משקה אנרגיה מונסטר אנרג'י piplin punch בפחית 500 מ""ל",החברה המרכזית להפצת משקאות בעמ,,משקה אנרגיה מונסטר 5,מיליליטרים,500.00,"100 מ""ל",false,,7.50,0.0150,true,1,20894
5060751219033,false,"משקה אנרגיה מונסטר אנרג'י זירו paradise בפחית 500 מ""ל",החברה המרכזית להפצת משקאות בעמ,,משקה אנרגיה מונסטר 5,מיליליטרים,500.00,"100 מ""ל",false,,7.50,0.0150,true,1,20895
5200133120292,false,גולדן ברייק גליליות וופל אגוזים ושוקולד ללא תוספת סוכר 135 גרם,גולדן ברייק,,גליליות וופל ללא תוס,גרמים,135.00,100 גרם,false,,6.90,0.0511,true,1,2574
5200133120582,false,גולדן ברייק גליליות וופל במילוי קרם עם שוקולד מריר 150 גרם,דיפלומט מפיצים (1968) בע`מ,,גליליות וופל במילוי,גרמים,150.00,100 גרם,false,,6.90,0.0460,true,1,2576
5201004020338,false,גליליות קפריס קרם אגוזים שוקולד 400 גר,משה סידס ובנו בעמ,,קפריס רולס קלאסיק 40,גרמים,400.00,100 גרם,false,,19.90,0.0497,true,1,18497
5201205111279,false,ספוג סופג ריח מקרר מיוחד,סדובסקי,,ספוג סופג ריח למקרר,יחידה,1.00,יחידה,false,,11.90,11.9000,true,1,22648
5201246002215,false,"בירה פילס היילס ויליפוד 500 מ""ל",ג. וילי-פוד אינטרנשיונל בע`מ,,בירה פילס היילס 500,מיליליטרים,500.00,"100 מ""ל",false,,6.20,0.0124,true,1,2786
5201340003385,false,TRATA טונה מעושנת שמן סויה 160 גרם,נורט אגיאוסי קנריס,,טונה מעושנת שמן סויה,גרמים,160.00,100 גרם,false,,15.90,0.0994,true,1,22429
5202175001546,false,חטיף נאצוס בטעם ברביקיו 225גרם,מזרח ומערב יבוא ושיווק,,נאצ'וס בטעם ברביקיו,גרמים,225.00,100 גרם,false,,10.90,0.0484,true,1,5985
5202175002451,false,"טורטיה 25 ס""מ 4 יחידות",אל סבור מקסיקן פוד,,"טורטיה 25 ס""מ",יחידה,4.00,יחידה,false,,8.90,2.2250,true,1,5986
5202175002581,false,עלי טורטיה 200 גר' 5 יח'.,S Foods Mexican Sabor El,,"טורטיה 20 ס""מ",יחידה,5.00,יחידה,false,,8.90,1.7800,true,1,5987
5202287008020,false,צלחות חד פעמיות גדולות,לפיד,,צלחות חד פעמיות גדול,יחידה,50.00,יחידה,false,,12.90,0.2580,true,1,10162
5410076933129,false,אריאל אבקת כביסה שושן צחור 3 קג,דיפלומט מפיצים (1986) בע`מ,,אבקת כביסה אריאל שוש,קילוגרמים,3.00,"ק""ג",false,,34.90,11.6333,true,1,11690
5410126006087,false,ביסקויט ביסקפה לוטוס בטעם קרמל 700גר`ב,דיפלומט מפיצים (1968) בעמ**,,עוגיות לוטוס 700 גרם,גרמים,700.00,100 גרם,false,,26.90,0.0384,true,1,2584
5410126116953,false,ממרח ביסקוויט קרמל לוטוס (400 גרם),דיפלומט מפיצים (1968) בעמ**,,לוטוס ממרח ביסקוויט,גרמים,400.00,100 גרם,false,,23.90,0.0597,true,1,2588
5410126666038,false,"ביסקוויט קרמל לוטוס 279 גרם בד""צ",דיפלומט מפיצים (1968) בעמ**,,ביסקוויט בטעם קרמל ל,גרמים,279.00,100 גרם,false,,12.90,0.0462,true,1,2589
5410769100081,false,"בירה לה שוף קטן 330 מ""ל בקבוק",הכרם משקאות חריפים בעמ,,"בקבוק לה שוף 330 מ""ל",מיליליטרים,330.00,"100 מ""ל",false,,15.90,0.0482,true,1,5780
5410769800097,false,"בירה לה צרי שוף 8% 330 מ""ל בקבוק",הכרם - משקאות חריפים בעמ,,בקבוק צ'רי שוף 330 מ,מיליליטרים,330.00,"100 מ""ל",false,,15.90,0.0482,true,1,5782
5411188080268,false,משקה סויה אלפרו אורגני אלפרו (1 ליטר),הנסיך- מפעל לייצור ט,,אלפרו משקה סויה אורג,מיליליטרים,1000.00,"100 מ""ל",false,,13.90,0.0139,true,1,11199
5411188081852,false,אלפרו משקה סויה בטעם וניל 1 ליטר,הנסיך- מפעל לייצור ט,,אלפרו משקה סויה וניל,מיליליטרים,1000.00,"100 מ""ל",false,,13.90,0.0139,true,1,11200
5411188110835,false,אלפרו חלב סויה שקדים וניל 1ל',הנסיך- מפעל לייצור ט,,אלפרו משקה שקדים 1 ל,מיליליטרים,1000.00,"100 מ""ל",false,,13.90,0.0139,true,1,11204
5411188112549,false,משקה קוקוס אלפרו 1 ליטר משקה אורז 1 ליטר,הנסיך- מפעל לייצור ט,,אלפרו משקה אורז 1 לי,מיליליטרים,1000.00,"100 מ""ל",false,,13.90,0.0139,true,1,11206
5411188112709,false,"משקה קוקוס אלפרו 1 ליטר משקה שקדים לל""ס",הנסיך- מפעל לייצור ט,,אלפרו משקה שקדים ללס,מיליליטרים,1000.00,"100 מ""ל",false,,13.90,0.0139,true,1,11207
5411188115366,false,משקה קוקוס אלפרו 1 ליטר משקה שיבולת שועל 1 ליטר,הנסיך- מפעל לייצור ט,,אלפרו משקה שיבולת שו,מיליליטרים,1000.00,"100 מ""ל",false,,13.90,0.0139,true,1,11208
5411188115472,false,משקה סויה 1 ליטר אלפרו,הנסיך- מפעל לייצור ט,,אלפרו משקה סויה 1 לי,מיליליטרים,1000.00,"100 מ""ל",false,,13.90,0.0139,true,1,11209
5411188118732,false,משקה קוקוס ושקדים אלפרו (1 ליטר),הנסיך- מפעל לייצור ט,,אלפרו משקה שקדים קוק,מיליליטרים,1000.00,"100 מ""ל",false,,13.90,0.0139,true,1,11211
5411188120742,false,משקה קוקוס אלפרו 1 ליטר שקדים וניל 1 ל',הנסיך- מפעל לייצור ט,,אלפרו משקה שקדים וני,מיליליטרים,1000.00,"100 מ""ל",false,,13.90,0.0139,true,1,11212
5411188121923,false,"משקה סויה מועשר סידן אלפרו 3*250 מ""ל",הנסיך- מפעל לייצור ט,,אלפרו משקה סויה 3*25,מיליליטרים,750.00,"100 מ""ל",false,,14.90,0.0199,true,1,11214
5411188121978,false,אלפרו משקה סויה עמיד מועשר בסידן 3*250,"שטראוס גרופ בע""מ",,אלפרו משקה סויה שוקו,מיליליטרים,750.00,"100 מ""ל",false,,14.90,0.0199,true,1,11215
5411188122661,false,אלפרו משקה שקדים לא קלויים ללא תוספת סוכר 1 ל',הנסיך- מפעל לייצור ט,,אלפרו משקה שקד לא קל,מיליליטרים,1000.00,"100 מ""ל",false,,13.90,0.0139,true,1,11216
5411188124689,false,משקה אלפרו שיבולת שועל ללא סוכר 1 ליטר,שטראוס גרופ בע`מ,,אלפרו משקה שיבולת שו,מיליליטרים,1000.00,"100 מ""ל",false,,13.90,0.0139,true,1,11217
5411188124726,false,משקה שיבולת שועל שקדים 1 ליטר אלפרו,הדקלאים אגודת שיתופי,,אלפרו משקה ש.שועל שק,גרמים,1000.00,100 גרם,false,,13.90,0.0139,true,1,11218
5411188126195,false,אלפרו משקה שקדים אורגני 1ל מפוקח סקאל,שטראוס גרופ בע`מ,,אלפרו משקה שקדים אור,מיליליטרים,1000.00,"100 מ""ל",false,,13.90,0.0139,true,1,11219
5411188134985,false,אלפרו 3.5% NOT M*LK שיבולת שועל 1 ליטר בית יוסף,שטראוס גרופ בעמ/מצונן,,אלפרו שיבולת שועל 3.,מיליליטרים,1000.00,"100 מ""ל",false,,13.90,0.0139,true,1,16965
5411188135005,false,אלפרו 1.8% NOT M*LK שיבולת שועל 1 ליטר בית יוסף,שטראוס גרופ בעמ/מצונן,,אלפרו שיבולת שועל 1.,מיליליטרים,1000.00,"100 מ""ל",false,,13.90,0.0139,true,1,16966
5411188300328,false,אלפרו משקה סויה עמיד בטעם שוקו 1 ליטר,הנסיך- מפעל לייצור ט,,אלפרו משקה סויה שוקו,מיליליטרים,1000.00,"100 מ""ל",false,,13.90,0.0139,true,1,11222
5411188543398,false,אלפרו משקה סויה 1 ליטר ללא סוכר,הנסיך- מפעל לייצור ט,,"אלפרו משקה סויה לל""ס",מיליליטרים,1000.00,"100 מ""ל",false,,13.90,0.0139,true,1,11224
5411681014005,false,"בירה דובל בקבוק 330 מ""ל",הכרם משקאות חריפים בעמ,,"בקבוק דובל 330 מ""ל",מיליליטרים,330.00,"100 מ""ל",false,,15.90,0.0482,true,1,5783
5411681038001,false,"מרדסו מעורפלת מאוד330מ""ל",הכרם - משקאות חריפים בעמ,,בקבוק מרדסו 10 טריפל,מיליליטרים,330.00,"100 מ""ל",false,,15.90,0.0482,true,1,5784
5412956213482,false,שוקולד חלב קאשט אורגני שברי קרמל ומלח100,KIMS,,קאשט אורגני טב' שוקו,גרמים,55.00,100 גרם,false,,11.90,0.2164,true,1,20944
5412956214519,false,שוקולד מריר עם תפוז ושקדים 100 גרם,Kim's Chocolates NV,,טבלת שוקולד מריר בלג,גרמים,100.00,100 גרם,false,,9.90,0.0990,true,1,15422
5412956214533,false,שוקולד מריר עם לימון ופלפל שחור 100 גרם,Kim's Chocolates NV,,טבלת שוקולד מריר בלג,גרמים,100.00,100 גרם,false,,9.90,0.0990,true,1,15424
5412956214632,false,שוקולד 90% מריר קאשט,Kim's Chocolates NV,,טב' שוקולד מריר 90%,גרמים,60.00,100 גרם,false,,8.90,0.1483,true,1,20949
5412956214670,false,שוקולד מריר 70% קקאו 100 גרם,Kim's Chocolates NV,,טב' שוקולד מריר 70%,גרמים,90.00,100 גרם,false,,8.90,0.0989,true,1,15427
5413202810042,false,בונ' פרלינים בלגיים,,,בונ' פרלינים בלגיים,גרמים,100.00,100 גרם,false,,19.90,0.1990,true,1,15444
5566774569198,false,קולפן פטנט 3 מצבים,ד.ג.ש ייבוא ושיווק בעמ,,קולפן פטנט 3 מצבים,יחידה,1.00,יחידה,false,,19.90,19.9000,true,1,12482
5566774570590,false,סט 2 משטחי במבוק 20*15 + 30.5*22.5,,,סט 2 משטחי במבוק,יחידה,1.00,יחידה,false,,34.90,34.9000,true,1,12592
5566774570682,false,מחבת משובחת לפנקייק,ד.ג.ש ייבוא ושיווק בעמ,,מחבת לפנקייק +מקל,יחידה,1.00,יחידה,false,,54.90,54.9000,true,1,12601
5566774570798,false,רבעיית מברשות שיניים סיבי זהב ופחם רמי לוי,,,רבעיית מברשות שיניים,יחידה,1.00,יחידה,false,,10.90,10.9000,true,1,12609
5566774570903,false,כדורי ספוג עדינים שלישייה רמילוי,,,כדורי ספוג עדינים של,יחידה,3.00,יחידה,false,,9.90,3.3000,true,1,23087
5566774572457,false,יעה מוט מתקפל איטלקי,,,יעה מוט מתקפל,יחידה,1.00,יחידה,false,,14.90,14.9000,true,1,21935
5601008200444,false,עוגיות גודיס טבעות מצופות שוקולד חלב מרבה 150 גרם,הנסיך- מפעל לייצור ט,,עוגיות גודיס טבעות מ,גרמים,150.00,100 גרם,false,,6.90,0.0460,true,1,8961
5701932026964,false,"הוטפופ גרעיני תירס להכנת פופקורן במיקרוגל בטעם טבעי, בתוספת מלח, 600 גרם",ליימן שליסל בע`מ,,פופקורן למיקרוגל בתו,גרמים,600.00,100 גרם,false,,16.90,0.0282,true,1,7531
5701932026971,false,הוטפופ גרעיני תירס להכנת פופקורן במיקרוגל בטעם חמאה 600 גרם,ליימן שליסל בע`מ,,פופקורן למיקרוגל בטע,גרמים,600.00,100 גרם,false,,16.90,0.0282,true,1,7532
5701932026995,false,"הוטפופ גרעיני תירס להכנת פופקורן במיקרוגל בטעם טבעי מופחת שומן, 510 גרם",קריניציה ויטמינה אס,,פופקורן בטעם טבעי הו,גרמים,510.00,100 גרם,false,,15.90,0.0312,true,1,7533
5711953106583,false,גבינת שמנת בטעם טבעי 200 גרם ארלה,שטראוס גרופ בעמ/מצונן,,גבינת שמנת 24.5% בטע,גרמים,200.00,100 גרם,false,,15.90,0.0795,true,1,11
5711953106590,false,גבינת שמנת ארלה שמנת שום 200 גרם,שטראוס גרופ בעמ/מצונן,,גבינת שמנת 24% שומן,גרמים,200.00,100 גרם,false,,15.90,0.0795,true,1,12
5711953106606,false,גבינת שמנת עם תבלינים ועשבי תיבול 23.5%,שטראוס גרופ בעמ/מצונן,,גבינת שמנת 23.5% עם,גרמים,200.00,100 גרם,false,,15.90,0.0795,true,1,13
5740900403215,false,ממרח חמאה דנית לורפק עם מלח 250 גרם,שטראוס גרופ בעמ/מצונן,,ממרח לורפק עם מלח 25,גרמים,250.00,100 גרם,false,,16.90,0.0676,true,1,14
5740900403222,false,ממרח לורפק חמאה עם מלח מופחת שומן 250 ג,שטראוס גרופ בעמ/מצונן,,ממרח לורפק עם מלח מו,גרמים,250.00,100 גרם,false,,16.90,0.0676,true,1,15
5740900403239,false,ממרח חמאה דנית לורפק ללא מלח 250 גרם,שטראוס גרופ בעמ/מצונן,,ממרח לורפק בלי מלח 2,גרמים,250.00,100 גרם,false,,16.90,0.0676,true,1,16
5740900403253,false,ממרח מחמאת לורפק עם מלח 500 ג',שטראוס גרופ בעמ/מצונן,,ממרח לורפק עם מלח 50,גרמים,500.00,100 גרם,false,,28.90,0.0578,true,1,18
5740900403260,false,ממרח מחמאת לורפק ללא מלח 27% פחות שומן,שטראוס גרופ בעמ/מצונן,,ממרח לורפק ללא מלח מ,גרמים,250.00,100 גרם,false,,16.90,0.0676,true,1,19
5740900403284,false,חמאה ללא מלח 200 גרם לורפק כשרות או קיי,שטראוס גרופ בעמ/מצונן,,חמאה ללא מלח לורפק 2,גרמים,200.00,100 גרם,false,,11.90,0.0595,true,1,20
5740900403864,false,חמאה +מלח 200 גרם לורפק כשרות או קיי,שטראוס גרופ בעמ/מצונן,,חמאה עם מלח לורפק 20,גרמים,200.00,100 גרם,false,,11.90,0.0595,true,1,16967
5900020012814,false,דגנים תפוחים בטעם שוקולד נסקוויק נסטלה 500 גרם,קבוצת אוסם סחר שותפות מוגבלת,,דגני בוקר תפוחים בטע,גרמים,500.00,100 גרם,false,,23.90,0.0478,true,1,1198
5900020015181,false,חטיף דגנים שוקולד 6* 23.5 ג' פיטנס,מיוצר עי קונדיטוריית,,פיטנס חטיף דגנים שוק,גרמים,23.50,100 גרם,false,,3.90,0.1660,true,1,21947
5900020018892,false,חטיף בטעם קרם עוגיות 6*23.5 ג' פיטנס,לוביץ',,פיטנס חטיף דגנים קרם,גרמים,23.50,100 גרם,false,,3.90,0.1660,true,1,21948
5900020024770,false,פיטנס - דליס חטיף דגנים שוקולד אגוז 22.50 גרם * 6,קבוצת אוסם סחר שותפות מוגבלת,,חטיף דגנים בטעם אגוז,גרמים,135.00,100 גרם,false,,14.90,0.1104,true,1,1207
5900020024817,false,פיטנס דליס Fitness Delice חטיף דגנים עם שוקולד לבן,קבוצת אוסם סחר שותפות מוגבלת,,פיטנס בר דליס שוקולד,גרמים,135.00,100 גרם,false,,15.90,0.1178,true,1,1208
5900020026552,false,דגני בוקר האני נאט צ'יריוס בטעם דבש ושקדים,קבוצת אוסם סחר שותפות מוגבלת,,צ'ריוס האני נאט פרוו,גרמים,625.00,100 גרם,false,,23.90,0.0382,true,1,1212
5900020032454,false,מארז חטיף פיטנס עוגיות 8 X 23.5 גרם,קבוצת אוסם סחר שותפות מוגבלת,,חטיף דגני בוקר עם עו,גרמים,138.00,100 גרם,false,,14.90,0.1080,true,1,1217
5900020033314,false,חטיף דגני בוקר Lion בטעם קרמל ושוקולד על קרם חלב,קבוצת אוסם סחר שותפות מוגבלת,,חטיף דגני בוקר בטעמי,גרמים,150.00,100 גרם,false,,14.90,0.0993,true,1,1219
5900020034021,false,פיטנס חטיף דגנים שוקו בננה נסטלה (23.5x6,קבוצת אוסם סחר שותפות מוגבלת,,חטיף דגני בוקר עם שו,גרמים,135.00,100 גרם,false,,14.90,0.1104,true,1,1221
5900020036407,false,ליון דגני בוקר שוקולד וקרמל נסטלה 480 גרם,קבוצת אוסם סחר שותפות מוגבלת,,דגני בוקר ליון בטעם,גרמים,480.00,100 גרם,false,,23.90,0.0498,true,1,1224
5900020037916,false,דגני בוקר שיבולת שועל צ'ריוס 375ג',קבוצת אוסם סחר שותפות מוגבלת,,צ'ריוס שיבולת שועל 3,גרמים,375.00,100 גרם,false,,15.90,0.0424,true,1,1225
5900189500580,false,בונבוניירה דלפינה 48,,,בונבוניירה דלפינה 48,גרמים,480.00,100 גרם,false,,32.90,0.0685,true,1,15614
5900352000770,false,ממתק ג`לי דובדבן מצופה שוקולד 190 גרם,יעד ממתקים בעמ,,גלרטקה דובדבן 190 גר,גרמים,190.00,100 גרם,false,,8.90,0.0468,true,1,19691
5900352004044,false,עוגיות יזיקי קוקוס 140 גרם,יעד ממתקים בעמ,,עוגיות יזיקי קוקוס 1,גרמים,140.00,100 גרם,false,,6.90,0.0493,true,1,19697
5900352004457,false,עוגיות יזיקי קפה 140 גרם,יעד ממתקים בעמ,,עוגיות יזיקי קפה 140,גרמים,140.00,100 גרם,false,,6.90,0.0493,true,1,19698
5900352008509,false,עוגיות יזיקי אדווקט 140 גרם,יעד ממתקים בעמ,,עוגיות יזיקי אדווקט,גרמים,140.00,100 גרם,false,,6.90,0.0493,true,1,19699
5900352011356,false,עוגיות מריר יזיקי שרי 140 גרם,יעד ממתקים בעמ,,עוגיות יזיקי מריר שר,גרמים,140.00,100 גרם,false,,6.90,0.0493,true,1,19701
5900353612965,false,בונ לב פח שרי 185 ג MIESZKO CHERRISSIM,MIESZKO,,בונבוניירת לב פח שרי,גרמים,185.00,100 גרם,false,,36.90,0.1995,true,1,18292
5900627063233,false,טבליות למדיח הכל ב-1 פיניש מקס 50 יחידות,רקיט בנקיזר (ניר איסט) בעמ,,טבליות למדיח כלים פי,יחידה,50.00,יחידה,false,,39.90,0.7980,true,1,16785
5901177152613,false,בונבוניירת שוקולד צד,,,בונבוניירת שוקולד צד,גרמים,45.00,100 גרם,false,,6.90,0.1533,true,1,15460
5901177155874,false,בונ' סוסון ים VOBRO,,,בונ' סוסון ים VOBRO,גרמים,190.00,100 גרם,false,,20.90,0.1100,true,1,15466
5901177155959,false,בונבוניירה שרי טראפז 210 גר VOBRO,VOBRO,,בונ' שרי טראפז 210 ג,גרמים,210.00,100 גרם,false,,21.90,0.1043,true,1,22195
5901414200411,false,בלזן היט מיני ביסקוויט סנדוויץ' עם מילוי קרם בטעם שוקולד 130 גרם,ליימן שליסל בע`מ,,עוגיות היט מיני קרם,גרמים,130.00,100 גרם,false,,6.90,0.0531,true,1,7535
5901669485649,false,ברון שוקולד מריר 80% 100 גרם,,,שוקולד דק מריר 80% ב,גרמים,100.00,100 גרם,false,,8.90,0.0890,true,1,22812
5901669486196,false,שוקולד חלב עם בוטנים וצימוקים ברון 300 גרם,טעמן שווק מזון בעמ,,שוקולד חלב עם בוטנים,גרמים,300.00,100 גרם,false,,13.90,0.0463,true,1,2695
5901677007611,false,שוקולד חלב 300 גר ברון,טעמן שווק מזון בעמ,,שוקולד חלב ברון 300,גרמים,300.00,100 גרם,false,,13.90,0.0463,true,1,2703
5902198160403,false,XL משקה אנרגיה מוגז ללא סוכר עד 10 קלוריות לפחית 250 מל,"טמפו משקאות בע""\מ",,"אקסל 250 TEN מ""ל",מיליליטרים,250.00,"100 מ""ל",false,,4.80,0.0192,true,1,4782
5902581683793,false,שוקולד חלב ממולא קרמל ברון 100 גרם,,,שוקולד חלב ממולא קרמ,גרמים,100.00,100 גרם,false,,5.50,0.0550,true,1,2714
5902581689344,false,ברון שוקולד מריר 70% עם קפה 100 גרם,,,שוקולד דק מריר קפה 7,גרמים,100.00,100 גרם,false,,8.90,0.0890,true,1,22814
5906485301012,false,משקה אנרגיה XL מוגז פחית 250 מל,"טמפו משקאות בע""מ",,משקה אנרגיה אקסל 250,מיליליטרים,250.00,"100 מ""ל",false,,4.80,0.0192,true,1,4783
5996496000721,false,בונבוניירה רושן דובדבן ליקר שרי 192 גרם,דילר בי.אמ.די.אינטרנשויונל בעמ,,בונבוניירה 192 גרם C,גרמים,192.00,100 גרם,false,,24.90,0.1297,true,1,18609
5996496002855,false,בונבוניירה רושן 108 גר CHERRY QUEEN,בונבון טטי ק.פ.ט,,בונבוניירה שרי קווין,גרמים,108.00,100 גרם,false,,15.90,0.1472,true,1,19823
5998710131877,false,בונבונטי חטיף דובדבן בשוקולד 36 גרם,דילר בי.אמ.די.אינטרנשיונל בעמ,,ממתק שוקולד 36 גרם C,גרמים,36.00,100 גרם,false,,4.50,0.1250,true,1,18610
5998710184965,false,בונבוניירה שרי קווין רושן לב 125 גר,,,בונבוניירה לב שרי קו,גרמים,125.00,100 גרם,false,,23.90,0.1912,true,1,19824
6111094000198,false,קוסקוס דארי בינוני 350 גרם,דארי קוספאט אס. איי. או,,קוסקוס דק דארי 350 ג,גרמים,350.00,100 גרם,false,,6.90,0.0197,true,1,18466
6111094000228,false,"קוסקוס דארי דק תומר 1 ק""ג",תומר ייבוא ושיווק מוצרי מזון [,,קוסקוס דק דארי 1 קיל,גרמים,1000.00,100 גרם,false,,17.90,0.0179,true,1,21477
6111094000242,false,תומר קוסקוס דארי דק 500גר,תומר ייבוא ושיווק מוצרי מזון [,,קוסקוס דק להכנה מהיר,גרמים,500.00,100 גרם,false,,9.90,0.0198,true,1,20044
6253507370600,false,כוסות נייר שתיה חמה,כוסות שתייה חמה 3 ב,,כוסות נייר שתיה חמה,יחידה,50.00,יחידה,false,,11.90,0.2380,true,1,10164
6807452794426,false,שיני שום קלופות 170,,,שיני שום קלופות 170,גרמים,170.00,100 גרם,false,,8.90,0.0524,true,1,862
6902176502491,false,סלק אדום מקולף מבושל 500 גרם לירון,ביג פוד כחול לבן בעמ*שיק 30 יו,,סלק מבושל בוואקום,גרמים,500.00,100 גרם,false,,5.90,0.0118,true,1,23132
6902176502507,false,סלק אדום בוואקום 500 גרם,ביג פוד כחול לבן בעמ*שיק 30 יו,,סלק מבושל בוואקום,גרמים,500.00,100 גרם,false,,5.90,0.0118,true,1,23133
6910191800287,false,אצות נורי בלו 10 דף (ננגטונג),מזרח ומערב יבוא ושיווק,,אצות נורי בלו 10 דף,יחידה,10.00,יחידה,false,,11.90,1.1900,true,1,5988
6921211113324,false,"צ""ופה צ""ופ סוכריה על",,,"צ""ופה צ""ופ סוכריה על",יחידה,1.00,יחידה,false,,1.00,1.0000,true,1,6819
6921211113355,false,"צ""ופה צ""ופ סוכריה על",,,"צ""ופה צ""ופ סוכריה על",יחידה,1.00,יחידה,false,,1.00,1.0000,true,1,6820
6922276100083,false,מחית וואסבי -חזרת 43 גרם (דליאן),מזרח ומערב יבוא ושיווק,,מחית וואסבי -חזרת 43,גרמים,43.00,100 גרם,false,,8.90,0.2070,true,1,5990
6923634954607,false,סטיקס אבקת סוכריות טעם ת,,,סיסי סטיקס תות 13 גר,גרמים,13.00,100 גרם,false,,1.50,0.1154,true,1,17544
6923634954638,false,סטיקס אבקת סוכריות טעם פ,,,סוכריות סטיקס בטעם פ,גרמים,13.00,100 גרם,false,,1.50,0.1154,true,1,17546
6926832407074,false,בראל חטיף אורז יפני 100גרם,קסימן די ברייט,,חטיף אורז יפני 100 ג,גרמים,100.00,100 גרם,false,,7.90,0.0790,true,1,23229
6930548976243,false,מארז שום הלפרין,אראל תוצרת חקלאית בע,,שום ארוז יבוא,מארז,1.00,מארז,false,,7.90,7.9000,true,1,863
6934932049728,false,אוכמניות יחידה,ביכורי השדה צפון 1994 ג.ד. בעמ,,אוכמניות יחידה,גרמים,125.00,100 גרם,false,,19.90,0.1592,true,1,22874
6936613888667,false,שום ארוז יבוא,ביכורי השדה צפון 1994 ג.ד. בעמ,,שום ארוז יבוא,יחידה,1.00,יחידה,false,,7.90,7.9000,true,1,20862
6936745600783,false,"חומץ אורז מזרח מערב 500 מ""ל",מזרח ומערב יבוא ושיווק,,"חומץ אורז 500 מ""ל",מיליליטרים,500.00,"100 מ""ל",false,,15.90,0.0318,true,1,5993
6974640730167,false,פטריות שיטאקה 100 גר (כ) (Zhejiang),מזרח ומערב יבוא ושיווק,,פטריות שיטאקה 100 גר,גרמים,100.00,100 גרם,false,,13.90,0.1390,true,1,21322
7271730901261,false,ווקי מאק ארוחת אטריות עם גבינה 156 גרם,ניו וורלד פסטה קומפנ,,ארוחת פסטה עם גבינה,גרמים,156.00,100 גרם,false,,12.90,0.0827,true,1,17181
7290000000035,false,תוספת שתיה בקירור,,,תוספת שתיה בקירור,יחידה,0.00,יחידה,false,,1.00,0.0000,true,1,17081
7290000000042,false,קישואים חממה,,,משלוח רגיל,יחידה,0.00,יחידה,false,,25.00,0.0000,true,1,10697
7290000000044,false,סופגניה מיני עם תוספ,,,סופגניה מיני עם תוספ,יחידה,1.00,יחידה,false,,4.90,4.9000,true,1,18384
7290000000103,false,דבדבן טרי,ביכורי השקמה,,תירס חם,יחידה,1.00,יחידה,false,,10.00,10.0000,true,1,19312
7290000000300,false,תפוח אדמה אדום ארוז,ביכורי השקמה,,קפוצ'ינו הפוך,יחידה,0.00,יחידה,false,,6.00,0.0000,true,1,10708
7290000000301,false,אספרסו קצר,,,אספרסו קצר,יחידה,0.00,יחידה,false,,6.00,0.0000,true,1,10709
7290000000303,false,אספרסו כפול,,,אספרסו כפול,יחידה,0.00,יחידה,false,,8.00,0.0000,true,1,10711
7290000000307,false,קישואים זוקיני ירוק,ביכורי השקמה,,אמריקנו קטן,יחידה,0.00,יחידה,false,,6.00,0.0000,true,1,10715
7290000000309,false,קפה קר,,,קפה קר,יחידה,0.00,יחידה,false,,6.00,0.0000,true,1,10716
7290000000318,false,שוקו קר/חם קטן,מאפיית דוידוביץ ובני,,שוקו קר/חם קטן,יחידה,0.00,יחידה,false,,8.00,0.0000,true,1,10722
7290000000319,false,קפוצינו נטול,,,קפוצינו נטול,יחידה,0.00,יחידה,false,,6.00,0.0000,true,1,10723
7290000000336,false,מיני מאפה ביסקוטי,"בכורי השדה צפון1994 ג.ד. בע""מ",,מיני מאפה ביסקוטי,יחידה,1.00,יחידה,false,,3.00,3.0000,true,1,23106
7290000000351,false,אייס קפה קטן,,,אייס קפה קטן,יחידה,1.00,יחידה,false,,10.00,10.0000,true,1,10731
7290000000353,false,אייס וניל קטן,,,אייס וניל קטן,יחידה,1.00,יחידה,false,,10.00,10.0000,true,1,10732
7290000000374,false,"פטריות שמפיניון בד""ץ (רביבים)",ביכורי השדה צפון 1994 ג.ד. בעמ,,פטריות שמפיניון א.א.,יחידה,1.00,יחידה,false,,9.90,9.9000,true,1,14798
7290000000411,false,שום יבש יבוא רמי לוי,אראל תוצרת חקלאית בע,,שום ארוז יבוא,מארז,1.00,מארז,false,,7.90,7.9000,true,1,864
7290000000472,false,קפוצ'ינו פלוס,"ולדמן ביח""ר לנקניק ו",,קפוצ'ינו פלוס,יחידה,0.00,יחידה,false,,9.00,0.0000,true,1,10742
7290000000567,false,נקניק קרקובסקיה,מעדני מניה תעשיות בש,,שוקו קר/חם גדול,יחידה,0.00,יחידה,false,,11.00,0.0000,true,1,10751
7290000000634,false,שקית גופיה סופרקופיק,,,שקית גופיה סופרקופיק,יחידה,1.00,יחידה,false,,0.10,0.1000,true,1,16622
7290000000695,false,אספרגוס רמי לוי,ביכורי השדה צפון 1994 ג.ד. בעמ,,אספרגוס יחידה,יחידה,1.00,יחידה,false,,29.90,29.9000,true,1,14803
7290000000835,false,"משקל 35 ש""ח לק""ג",,,"משקל 35 ש""ח לק""ג",קילוגרמים,1.00,"ק""ג",true,,35.00,35.0000,true,1,17767
7290000000839,false,"משקל 39 ש""ח לק""ג",,,"משקל 39 ש""ח לק""ג",קילוגרמים,1.00,"ק""ג",true,,39.00,39.0000,true,1,22496
7290000000869,false,"משקל 69 ש""ח לק""ג",,,"משקל 69 ש""ח לק""ג",קילוגרמים,1.00,"ק""ג",true,,69.00,69.0000,true,1,17768
7290000000960,false,"פקדון רביעיה 1.2 ש""ח",,,"פקדון רביעיה 1.2 ש""ח",יחידה,0.00,יחידה,false,,1.20,0.0000,true,1,2250
7290000000961,false,"פקדון שישיה 1.8 ש""ח",,,"פקדון שישיה 1.8 ש""ח",יחידה,0.00,יחידה,false,,1.80,0.0000,true,1,2199
7290000000998,false,פקדון,,,פקדון,יחידה,0.00,יחידה,false,,0.30,0.0000,true,1,47
7290000001104,false,פטריות חורש מיני ארוז 200 ג',"בכורי השדה צפון1994 ג.ד. בע""מ",,פטריות פורטבלה ארוז,יחידה,1.00,יחידה,false,,10.90,10.9000,true,1,14808
7290000002004,false,דניש קומבי וויט פטה,Ceko,,סוכריות על מקל,יחידה,0.00,יחידה,false,,1.50,0.0000,true,1,17402
7290000003345,false,נביעות מים מינרלים ש,,,נביעות מים מינרלים ש,מיליליטרים,1500.00,"100 מ""ל",false,,5.00,0.0033,true,1,8155
7290000004444,false,שקיות גופיה 20 מקרו,,,חצי בגט כפרי,יחידה,1.00,יחידה,false,,3.90,3.9000,true,1,14325
7290000007206,false,טונה סטארקיסט בשמן ב,,,טונה סטארקיסט בשמן ב,גרמים,160.00,100 גרם,false,,7.20,0.0450,true,1,2542
7290000009001,false,בננה,5 יחידות,,בננה,קילוגרמים,1.00,"ק""ג",true,,8.70,8.7000,true,1,646
7290000009002,false,לחם בטעמים אגדת לחם,5 יחידות,,עגבניה,קילוגרמים,1.00,"ק""ג",true,,7.70,7.7000,true,1,647
7290000009003,false,מלפפון ירוק,6 יחידות,,מלפפון ירוק,קילוגרמים,1.00,"ק""ג",true,,7.70,7.7000,true,1,648
7290000009004,false,לימון,,,לימון,קילוגרמים,1.00,"ק""ג",true,,8.70,8.7000,true,1,649
7290000009005,false,אבוקדו,,,אבוקדו,קילוגרמים,1.00,"ק""ג",true,,10.70,10.7000,true,1,650
7290000009007,false,תפוח עץ ירוק סמיט,4 יחידות,,תפוח עץ ירוק סמיט,קילוגרמים,1.00,"ק""ג",true,,10.90,10.9000,true,1,651
7290000009008,false,תפוח עץ אדום חרמון,4 יחידות,,תפוח עץ אדום חרמון,קילוגרמים,1.00,"ק""ג",true,,9.90,9.9000,true,1,652
7290000009010,false,פלפל אדום,5 יחידות,,פלפל אדום,קילוגרמים,1.00,"ק""ג",true,,10.70,10.7000,true,1,653
7290000009011,false,קלמנטינה,,,קלמנטינה,קילוגרמים,1.00,"ק""ג",true,,6.90,6.9000,true,1,654
7290000009012,false,אפרסמון,,,אפרסמון,קילוגרמים,1.00,"ק""ג",true,,12.90,12.9000,true,1,18065
7290000009013,false,תפוזים,3 יחידות,,תפוזים,קילוגרמים,1.00,"ק""ג",true,,5.90,5.9000,true,1,655
7290000009014,false,תפוח פינק ליידי,,,תפוח פינק ליידי,קילוגרמים,1.00,"ק""ג",true,,17.90,17.9000,true,1,656
7290000009015,false,בצל יבש לבן,4 יחידות,,בצל יבש לבן,קילוגרמים,1.00,"ק""ג",true,,4.70,4.7000,true,1,657
7290000009016,false,בטטה,,,בטטה,קילוגרמים,1.00,"ק""ג",true,,7.70,7.7000,true,1,658
7290000009017,false,אגס ירוק,5 יחידות,,אגס ירוק,קילוגרמים,1.00,"ק""ג",true,,8.70,8.7000,true,1,659
7290000009018,false,תפוח עץ מוזהב,4 יחידות,,תפוח עץ מוזהב,קילוגרמים,1.00,"ק""ג",true,,9.90,9.9000,true,1,660
7290000009019,false,פלפל צהוב,5 יחידות,,פלפל צהוב,קילוגרמים,1.00,"ק""ג",true,,10.70,10.7000,true,1,661
7290000009020,false,שזיף אדום,,,שזיף אדום,קילוגרמים,1.00,"ק""ג",true,,16.70,16.7000,true,1,662
7290000009021,false,בצל אדום,4 יחידות,,בצל אדום,קילוגרמים,1.00,"ק""ג",true,,6.70,6.7000,true,1,663
7290000009022,false,רימון,,,רימון,קילוגרמים,1.00,"ק""ג",true,,8.70,8.7000,true,1,17226
7290000009023,false,אננס,,,אננס,יחידה,1.00,יחידה,false,,29.90,29.9000,true,1,664
7290000009024,false,חציל,3 יחידות,,חציל,קילוגרמים,1.00,"ק""ג",true,,7.90,7.9000,true,1,665
7290000009025,false,פיתה ל.גלוטן 70יח,1 יחידה,,כרוב לבן שלם,קילוגרמים,1.00,"ק""ג",true,,5.70,5.7000,true,1,666
7290000009026,false,אשכולית אדומה,,,אשכולית אדומה,קילוגרמים,1.00,"ק""ג",true,,7.70,7.7000,true,1,667
7290000009027,false,קיווי,,,קיווי,קילוגרמים,1.00,"ק""ג",true,,12.90,12.9000,true,1,668
7290000009028,false,פיטיה אדום,,,פיטיה אדום,קילוגרמים,1.00,"ק""ג",true,,19.90,19.9000,true,1,17158
7290000009029,false,מלון,,,מלון,קילוגרמים,1.00,"ק""ג",true,,6.90,6.9000,true,1,669
7290000009030,false,פומלה,,,פומלה,קילוגרמים,1.00,"ק""ג",true,,8.90,8.9000,true,1,670
7290000009031,false,פלפל ירוק,5 יחידות,,פלפל ירוק,קילוגרמים,1.00,"ק""ג",true,,9.70,9.7000,true,1,671
7290000009032,false,אבטיח אישי,,,אבטיח אישי,קילוגרמים,1.00,"ק""ג",true,,5.90,5.9000,true,1,672
7290000009033,false,כרוב אדום שלם,,,כרוב אדום שלם,קילוגרמים,1.00,"ק""ג",true,,5.70,5.7000,true,1,673
7290000009034,false,קולורבי,,,קולורבי,קילוגרמים,1.00,"ק""ג",true,,8.90,8.9000,true,1,674
7290000009036,false,דלורית,,,דלורית,קילוגרמים,1.00,"ק""ג",true,,6.90,6.9000,true,1,676
7290000009037,false,זוקיני ירוק,,,זוקיני ירוק,קילוגרמים,1.00,"ק""ג",true,,9.70,9.7000,true,1,677
7290000009039,false,פומלית,,,פומלית,קילוגרמים,1.00,"ק""ג",true,,6.70,6.7000,true,1,678
7290000009040,false,שומר,,,שומר,קילוגרמים,1.00,"ק""ג",true,,8.90,8.9000,true,1,679
7290000009043,false,גויאבה,,,גויאבה,קילוגרמים,1.00,"ק""ג",true,,14.90,14.9000,true,1,681
7290000009045,false,משמש,,,משמש,קילוגרמים,1.00,"ק""ג",true,,19.90,19.9000,true,1,682
7290000009046,false,קישוא,5 יחידות,,קישוא,קילוגרמים,1.00,"ק""ג",true,,8.90,8.9000,true,1,683
7290000009051,false,"תפו""א לבן תפזורת",3 יחידות,,"תפו""א לבן תפזורת",קילוגרמים,1.00,"ק""ג",true,,4.90,4.9000,true,1,684
7290000009052,false,"תפו""א אדום תפזורת",3 יחידות,,"תפו""א אדום תפזורת",קילוגרמים,1.00,"ק""ג",true,,5.90,5.9000,true,1,685
7290000009053,false,"תפו""ע לוליפופ",,,"תפו""ע לוליפופ",קילוגרמים,1.00,"ק""ג",true,,15.90,15.9000,true,1,686
7290000009054,false,פלפל חריף,,,פלפל חריף,קילוגרמים,1.00,"ק""ג",true,,10.90,10.9000,true,1,687
7290000009056,false,גבינה מגורדת במש,תנובה חלב,,סלק אדום תפזורת,קילוגרמים,1.00,"ק""ג",true,,4.90,4.9000,true,1,688
7290000009057,false,"שרי ק""ג",,,"שרי ק""ג",קילוגרמים,1.00,"ק""ג",true,,16.90,16.9000,true,1,689
7290000009058,false,"חציל בלאדי ק""ג",,,"חציל בלאדי ק""ג",קילוגרמים,1.00,"ק""ג",true,,9.90,9.9000,true,1,690
7290000009061,false,גזר ארוז,,,גזר ארוז,קילוגרמים,1.00,"ק""ג",true,,4.90,4.9000,true,1,692
7290000009063,false,כרובית,,,כרובית,יחידה,1.00,יחידה,false,,9.90,9.9000,true,1,693
7290000009066,false,צנון,,,צנון,קילוגרמים,1.00,"ק""ג",true,,6.90,6.9000,true,1,695
7290000009067,false,לפת,,,לפת,קילוגרמים,1.00,"ק""ג",true,,6.90,6.9000,true,1,696
7290000009068,false,שום בתפזורת,,,שום בתפזורת,קילוגרמים,1.00,"ק""ג",true,,22.90,22.9000,true,1,697
7290000009071,false,נקטרינה,,,נקטרינה,קילוגרמים,1.00,"ק""ג",true,,8.70,8.7000,true,1,700
7290000009072,false,אבטיח,,,אבטיח,קילוגרמים,1.00,"ק""ג",true,,5.90,5.9000,true,1,701
7290000009074,false,ענב אדום,,,ענב אדום,קילוגרמים,1.00,"ק""ג",true,,24.90,24.9000,true,1,703
7290000009075,false,תירס מתוק,,,תירס מתוק,קילוגרמים,1.00,"ק""ג",true,,8.70,8.7000,true,1,704
7290000009076,false,שום לח,,,שום לח,קילוגרמים,1.00,"ק""ג",true,,19.90,19.9000,true,1,705
7290000009077,false,סברס,,,סברס,קילוגרמים,1.00,"ק""ג",true,,14.90,14.9000,true,1,706
7290000009078,false,פפאיה,,,פפאיה,קילוגרמים,1.00,"ק""ג",true,,17.90,17.9000,true,1,707
7290000009080,false,ענב ירוק שקיל,,,ענב ירוק שקיל,קילוגרמים,1.00,"ק""ג",true,,24.90,24.9000,true,1,709
7290000009081,false,פטרוזיליה,,,פטרוזיליה,יחידה,1.00,יחידה,false,,3.90,3.9000,true,1,14775
7290000009088,false,תאנים,,,תאנים,קילוגרמים,1.00,"ק""ג",true,,19.90,19.9000,true,1,713
7290000009096,false,ענבים שחורים,,,ענבים שחורים,קילוגרמים,1.00,"ק""ג",true,,19.90,19.9000,true,1,717
7290000009097,false,אגס נאשי,,,אגס נאשי,קילוגרמים,1.00,"ק""ג",true,,14.90,14.9000,true,1,718
7290000009104,false,תפוח עץ גלה,4 יחידות,,תפוח עץ גלה,קילוגרמים,1.00,"ק""ג",true,,9.90,9.9000,true,1,720
7290000009109,false,קוקוס,,,קוקוס,יחידה,1.00,יחידה,false,,6.90,6.9000,true,1,18902
7290000009110,false,אנונה,,,אנונה,קילוגרמים,1.00,"ק""ג",true,,19.90,19.9000,true,1,18067
7290000009112,false,סוכריית פז,Unknown,,תפוז ברשת,קילוגרמים,1.00,"ק""ג",true,,4.90,4.9000,true,1,725
7290000009114,false,אשכולית צהובה,,,אשכולית צהובה,קילוגרמים,1.00,"ק""ג",true,,4.90,4.9000,true,1,726
7290000009115,false,"תפו""א לבן ארוז",,,"תפו""א לבן ארוז",קילוגרמים,1.00,"ק""ג",true,,5.90,5.9000,true,1,727
7290000009116,false,פלפל כתום,5 יחידות,,פלפל כתום,קילוגרמים,1.00,"ק""ג",true,,10.70,10.7000,true,1,728
7290000009124,false,שום ארוז יבוא,,,שום ארוז יבוא,יחידה,1.00,יחידה,false,,7.90,7.9000,true,1,730
7290000009127,false,אפונה,,,אפונה,קילוגרמים,1.00,"ק""ג",true,,19.90,19.9000,true,1,20891
7290000009133,false,מלון ספרדי,,,מלון ספרדי,קילוגרמים,1.00,"ק""ג",true,,7.90,7.9000,true,1,734
7290000009136,false,בצל שאלוט,,,בצל שאלוט,קילוגרמים,1.00,"ק""ג",false,,11.90,11.9000,true,1,736
7290000009140,false,"תפו""ע ברשת",,,"תפו""ע ברשת",קילוגרמים,1.00,"ק""ג",true,,4.90,4.9000,true,1,737
7290000009143,false,אפרסמון קרמבו,,,אפרסמון קרמבו,קילוגרמים,1.00,"ק""ג",true,,12.90,12.9000,true,1,23200
7290000009146,false,פומלית אדומה,,,פומלית אדומה,קילוגרמים,1.00,"ק""ג",true,,6.90,6.9000,true,1,740
7290000009150,false,תפוח אדמה גורמה דוד,,,תפוח אדמה גורמה דוד,קילוגרמים,1.00,"ק""ג",true,,6.90,6.9000,true,1,744
7290000009152,false,שזיף מטלי,,,שזיף מטלי,קילוגרמים,1.00,"ק""ג",true,,19.90,19.9000,true,1,745
7290000009163,false,אוכמניות יחידה,,,אוכמניות יחידה,גרמים,125.00,100 גרם,false,,19.90,0.1592,true,1,22504
7290000009164,false,גזר תפזורת,,,גזר תפזורת,קילוגרמים,1.00,"ק""ג",true,,6.90,6.9000,true,1,26658
7290000023083,false,ערק אשקלון בקבוק 700,טמפו משקאות בע`מ,,ערק אשקלון בקבוק 700,מיליליטרים,700.00,"100 מ""ל",false,,50.90,0.0727,true,1,4786
7290000023809,false,קלאסיק קברנה סובניון יקבי ברקן (750 מל),יקבי ברקן שיווק והפצה בע,,יין אדום קלאסיק קברנ,מיליליטרים,750.00,"100 מ""ל",false,,32.90,0.0439,true,1,4787
7290000023816,false,קלאסיק אמרלד ריזלינג יקבי ברקן (750 מל),יקבי ברקן שיווק והפצה בע,,יין לבן חצי יבש קלאס,מיליליטרים,750.00,"100 מ""ל",false,,32.90,0.0439,true,1,4788
7290000024455,false,"יין מתוק לקידוש 187 מ""ל","כרמי צבי-אחים סגל בע""\מ",,יין מתוק לקידוש גליה,מיליליטרים,187.00,"100 מ""ל",false,,6.00,0.0321,true,1,4796
7290000024523,false,"תירוש של סגל ,מיץ ענבים , 1 ליטר",כרמי צבי - האחים סגל,,מיץ ענבים טבעי תירוש,מיליליטרים,1000.00,"100 מ""ל",false,,15.90,0.0159,true,1,4797
7290000024530,false,יין אדום מתוק קידוש של סגל 750 מל,"כרמי צבי - אחים סגל בע""\",,יין גליה מתוק ברקן 7,מיליליטרים,750.00,"100 מ""ל",false,,15.20,0.0203,true,1,4798
7290000030056,false,מסטיק/סוכריה זום בוד,,,מסטיק/סוכריה זום בוד,יחידה,1.00,יחידה,false,,2.00,2.0000,true,1,17769
7290000040042,false,יוגורט יופלה תות 3% שומן 150 גרם,"תנובה בע""מ ***",,יופלה יוגורט תות %3,גרמים,150.00,100 גרם,false,,5.00,0.0333,true,1,5187
7290000040066,false,יוגורט יופלה דובדבן 3% שומן 150 גרם,תנובה מרכז שיתופי לש,,יופלה יוגורט דובדבן,מיליליטרים,150.00,"100 מ""ל",false,,5.00,0.0333,true,1,5188
7290000040080,false,יוגורט יופלה אפרסק 3% שומן 150 גרם,"תנובה בע""מ ***",,יופלה יוגורט אפרסק %,מיליליטרים,150.00,"100 מ""ל",false,,5.00,0.0333,true,1,5189
7290000040301,false,תנובה עין גדי קממבר מחלב בקר 24% שומן,תנובה מרכז שיתופי לש,,גבינת קממבר בקר 24%,גרמים,125.00,100 גרם,false,,17.80,0.1424,true,1,5190
7290000040318,false,גבינת עדי ברי 24% קולאז` (125 גרם)קולקש,תנובה מרכז שיתופי לש,,גבינת עדי ברי 24% תנ,גרמים,125.00,100 גרם,false,,18.90,0.1512,true,1,5191
7290000040974,false,חלב 2% דל לקטוז בקרטון תנובה (1 ליטר),תנובה מרכז שיתופי לש,,חלב בקרטון דל לקטוז,מיליליטרים,1000.00,"100 מ""ל",false,,6.90,0.0069,true,1,5073
7290000040974,false,חלב 2% דל לקטוז בקרטון תנובה (1 ליטר),תנובה מרכז שיתופי לש,,חלב בקרטון דל לקטוז,מיליליטרים,1000.00,"100 מ""ל",false,,6.90,0.0069,true,1,5192
7290000041445,false,קוטג תנובה גביע 250 גרם 5% בדצ,מיוצר עי קונדיטוריית,,גבינת קוטג' 5% תנובה,גרמים,250.00,100 גרם,false,,5.70,0.0228,true,1,5074
7290000041445,false,קוטג תנובה גביע 250 גרם 5% בדצ,מיוצר עי קונדיטוריית,,גבינת קוטג' 5% תנובה,גרמים,250.00,100 גרם,false,,5.70,0.0228,true,1,5193
7290000041452,false,גבינת קוטג`9% מהדרין תנובה (250 גרם),תנובה מרכז שיתופי לש,,"גבינת קוטג' 9% בד""ץ",גרמים,250.00,100 גרם,false,,5.70,0.0228,true,1,5194
7290000041858,false,"שמנת חמוצה 15% מועשרת יטבתה 200 מ""ל",שטראוס גרופ בעמ/מצונן,,שמנת חמוצה מועשרת 15,מיליליטרים,200.00,"100 מ""ל",false,,2.40,0.0120,true,1,21
7290000042435,false,חלב דל שומן 1% בקרטון תנובה (1 ליטר)פיק,תנובה מרכז שיתופי לש,,חלב בקרטון תנובה 1%,מיליליטרים,1000.00,"100 מ""ל",false,,5.86,0.0059,true,1,5198
7290000042855,false,"שוקו בשקית 250 מ""ל ""יטבתה""",שטראוס גרופ בעמ/מצונן,,שוקו בשקית יטבתה 225,מיליליטרים,225.00,"100 מ""ל",false,,2.50,0.0111,true,1,26
7290000043814,false,השף הלבן שמנת להקצפה 38% שומן 250 מל - מוצר בפיקוח,תנובה מרכז שיתופי לש,,השף הלבן שמנת עמידה,מיליליטרים,250.00,"100 מ""ל",false,,6.47,0.0259,true,1,5203
7290000043890,false,תנובה רויון לבן מחלב מפסוטר 1.5%,תנובה מרכז שיתופי לש,,רויון 1.5% תנובה 1 ל,מיליליטרים,1000.00,"100 מ""ל",false,,11.30,0.0113,true,1,5204
7290000043944,false,כד יוגורט תנובה 4% שומן 1.5 ליטר,מיוצר עי קונדיטוריית,,יוגורט תנובה כד 1.5,מיליליטרים,1500.00,"100 מ""ל",false,,16.30,0.0109,true,1,5205
7290000044712,false,יוגורט עם תות 1.5% שומן 500 ג' פרילי,מיוצר עי קונדיטוריית,,"פרילי תות 500 מ""ל 1.",מיליליטרים,500.00,"100 מ""ל",false,,10.30,0.0206,true,1,5080
7290000044880,false,יוגורט בטעם תות שדה 3% באדי (500 גרם),מיוצר עי קונדיטוריית,,"באדי תות 500 מ""ל 3%",מיליליטרים,500.00,"100 מ""ל",false,,8.90,0.0178,true,1,5081
7290000045573,false,גבינת מותכת משולשים 25% שומן 200 ג' נעמה,"תנובה בע""מ ***",,גבינה מותכת נעמה 25%,גרמים,200.00,100 גרם,false,,14.90,0.0745,true,1,5208
7290000045580,false,גבינה מותכת נעמה חורש תנובה 240 גרם,תנובה מרכז שיתופי לש,,גבינה מותכת 25% נעמה,גרמים,240.00,100 גרם,false,,17.40,0.0725,true,1,5209
7290000045917,false,תנובה פרומעז גבינה מותכת מחלב עיזים 23% שומן,תנובה בעמ ***,,פרומעז גבינת עזים גל,גרמים,200.00,100 גרם,false,,25.50,0.1275,true,1,5210
7290000046327,false,גלבוע גבינה צהובה פרוסה 22% תנובה 200 גרם,תנובה מרכז שיתופי לש,,גבינה צהובה פרוסה 22,גרמים,200.00,100 גרם,false,,12.90,0.0645,true,1,5083
7290000046327,false,גלבוע גבינה צהובה פרוסה 22% תנובה 200 גרם,תנובה מרכז שיתופי לש,,גבינה צהובה פרוסה 22,גרמים,200.00,100 גרם,false,,12.90,0.0645,true,1,5211
7290000047546,false,השף הלבן כנען גבינה לבנה דלת נתרן 5% תנובה 500 גרם,תנובה מרכז שיתופי לש,,גבינת כנען 5% תנובה,גרמים,500.00,100 גרם,false,,23.90,0.0478,true,1,5212
7290000047621,false,גבינה לבנה רכה 5% תנובה 250ג' מהדרין,תנובה מרכז שיתופי לש,,גבינה לבנה 5% מהדרין,גרמים,250.00,100 גרם,false,,4.98,0.0199,true,1,5213
7290000047942,false,**תנובה גבינה לבנה מהדרין 9% 250ג,תנובה מרכז שיתופי לש,,גבינה לבנה 9% 250 גר,גרמים,250.00,100 גרם,false,,4.98,0.0199,true,1,5088
7290000048185,false,גבינה לבנה 5% תנובה 250 גרם מהדרין,מיוצר עי קונדיטוריית,,גבינה לבנה 5% תנובה,גרמים,250.00,100 גרם,false,,4.98,0.0199,true,1,5214
7290000048192,false,גבינה לבנה 9% תנובה 250 גרם מהדרין,מחלבת אלון תבור,,גבינה לבנה 9% תנובה,גרמים,250.00,100 גרם,false,,4.98,0.0199,true,1,5215
7290000048413,false,גבינה חמד (25016% גרם)פיראוס תנובה,תנובה מרכז שיתופי לש,,גבינת מלוחה חמד 16%,גרמים,250.00,100 גרם,false,,18.30,0.0732,true,1,5216
7290000048437,false,גבינת צפתית (2005% גרם)פיראוס תנובה,פארייפאבה אגרואינדוס,,גבינה צפתית 5% פיראו,גרמים,200.00,100 גרם,false,,14.90,0.0745,true,1,5217
7290000050447,false,"יוגורט ביו בטעם תות YYY יופלה 500 מ""ל",מיוצר עי קונדיטוריית,,יוגורט ביו 3% בטעם ת,מיליליטרים,500.00,"100 מ""ל",false,,12.70,0.0254,true,1,5091
7290000050447,false,"יוגורט ביו בטעם תות YYY יופלה 500 מ""ל",מיוצר עי קונדיטוריית,,יוגורט ביו 3% בטעם ת,מיליליטרים,500.00,"100 מ""ל",false,,12.70,0.0254,true,1,5219
7290000050454,false,יוגורט ביו 3% אפרסק יופלה (500 גרם),מיוצר עי קונדיטוריית,,יופלה YYY אפרסק 3%,יחידה,0.00,יחידה,false,,12.70,0.0000,true,1,5092
7290000051376,false,יוגורט יופלה דיאט אננס 0% שומן 150 גרם,תנובה מרכז שיתופי לש,,יופלה דיאט אננס גביע,מיליליטרים,150.00,"100 מ""ל",false,,5.00,0.0333,true,1,5223
7290000052311,false,גבינה צהובה עמק לייט 15% שומן 200 גרם,תנובה מרכז שיתופי לש,,גבינה צהובה פרוסה 15,גרמים,200.00,100 גרם,false,,15.90,0.0795,true,1,5095
7290000052311,false,גבינה צהובה עמק לייט 15% שומן 200 גרם,תנובה מרכז שיתופי לש,,גבינה צהובה פרוסה 15,גרמים,200.00,100 גרם,false,,15.90,0.0795,true,1,5226
7290000055015,false,פיראוס גבינת פטה כבשים 5% תנובה 250 גרם,תנובה מחלבת טנא נוגה,,פיראוס פטה כבשים 5%,גרמים,250.00,100 גרם,false,,26.50,0.1060,true,1,5098
7290000055336,false,"משקה יוגורט 1.5% בטעם בננה אפרסק יופלה 250 מ""ל",תנובה מרכז שיתופי לש,,יופלה משקה יוגורט בנ,גרמים,250.00,100 גרם,false,,5.40,0.0216,true,1,5231
7290000055343,false,משקה יוגורט יופלה פירות טרופיים 250 גרם,תנובה מרכז שיתופי לש,,יופלה משקה יוגורט טר,גרמים,250.00,100 גרם,false,,5.40,0.0216,true,1,5232
7290000055553,false,חלה מתוקה בונז'ור,,,חלה מתוקה בונז'ור,יח',1.00,יח',false,,12.90,12.9000,true,1,23167
7290000055893,false,חמאה משמנת מפוסטרת 200גרם 82% כ.מהדרין - מוצר בפיקוח,תנובה מרכז שיתופי לש,,חמאה מהדרין תנובה 20,גרמים,200.00,100 גרם,false,,7.80,0.0390,true,1,5233
7290000056845,false,תנובה חלב טרי 3% שומן 1.5 ליטר - מוצר בפיקוח,פארייפאבה אגרואינדוס,,חלב טרי 3% בקרטון תנ,מיליליטרים,1500.00,"100 מ""ל",false,,9.34,0.0062,true,1,5236
7290000056906,false,מאגדת לבן טבעי 1.5% שומן 8 יח' * 150 ג' יופלה,מחלבת אלון תבור,,יוגורט לבן 1.5% יופל,מיליליטרים,1200.00,"100 מ""ל",false,,17.30,0.0144,true,1,5238
7290000056951,false,"תנובה, השף הלבן, שמנת לבישול 15% שומן 500 מל",תנובה מרכז שיתופי לש,,שמנת לבישול 15% 500,מיליליטרים,500.00,"100 מ""ל",false,,15.90,0.0318,true,1,5239
7290000057088,false,עמק גבינה צהובה פרוסה דק דק 28% תנובה 200 גרם,תנובה מרכז שיתופי לש,,עמק פרוס דק דק 28% 2,גרמים,200.00,100 גרם,false,,15.90,0.0795,true,1,5241
7290000057118,false,גבינה צהובה עמק 28% שומן ואקום 400 גרם,תנובה מרכז שיתופי לש,,גבינת עמק קלאסית פרו,גרמים,400.00,100 גרם,false,,20.90,0.0522,true,1,5242
7290000057132,false,יוגורט תנובה טבעי 1.5% גביע 200 גרם,מחלבת אלון תבור,,יוגורט ביו תנובה טבע,גרמים,200.00,100 גרם,false,,3.20,0.0160,true,1,5243
7290000057149,false,יוגורט תנובה טבעי 3% גביע 200 גרם,מיוצר עי קונדיטוריית,,יוגורט טבעי ביו 3% ת,גרמים,200.00,100 גרם,false,,3.20,0.0160,true,1,5244
7290000057552,false,יופלה דיאט עוגת גבינה ותות 0% גביע 150ג',תנובה - חלב,,יופלה דיאט עוגת גבינ,מיליליטרים,150.00,"100 מ""ל",false,,5.00,0.0333,true,1,5246
7290000058047,false,שמנת להקצפה 38% 500מל מהדרין עמיד השף הלבן,תנובה מרכז שיתופי לש,,שמנת להקצפה 38% שומן,מיליליטרים,500.00,"100 מ""ל",false,,12.94,0.0259,true,1,5248
7290000060088,false,בייגלה מקלות עם מלח אסם (400 גרם),קבוצת אוסם סחר שותפות מוגבלת,,בייגלה אסם מקלות מלו,גרמים,375.00,100 גרם,false,,9.90,0.0264,true,1,1230
7290000060163,false,פסטה אסם אטריות דקות 400גר,קבוצת אוסם סחר שותפות מוגבלת,,אטריות דקות אסם 400,גרמים,401.00,100 גרם,false,,6.90,0.0172,true,1,1232
7290000060200,false,פסטה אסם פתיתים אפויים קוסקוס 500גר,קבוצת אוסם סחר שותפות מוגבלת,,פתיתים אפויים קוסקוס,גרמים,500.00,100 גרם,false,,6.90,0.0138,true,1,1233
7290000060217,false,פסטה מקרוני מספר 7 אסם (500 גרם),קבוצת אוסם סחר שותפות מוגבלת,,פסטה מקרוני מספר 7 א,גרמים,500.00,100 גרם,false,,5.90,0.0118,true,1,1234
7290000060248,false,פסטה אסם פתיתים תלתלים 500 גר',קבוצת אוסם סחר שותפות מוגבלת,,פסטה תלתלים פרומנטי,גרמים,500.00,100 גרם,false,,5.90,0.0118,true,1,1235
7290000060408,false,פסטה אסם פתיתים אפויים טבעות 500 גר,קבוצת אוסם סחר שותפות מוגבלת,,פתיתים אפויים טבעות,גרמים,500.00,100 גרם,false,,6.90,0.0138,true,1,1239
7290000060460,false,מרק מנה חמה בטעם עוף,,,מרק מנה חמה בטעם עוף,גרמים,67.00,100 גרם,false,,5.50,0.0821,true,1,1241
7290000060576,false,פתיתים אפויים כוכבים אסם (500 גרם),קבוצת אוסם סחר שותפות מוגבלת,,פתיתים אפויים כוכבים,גרמים,500.00,100 גרם,false,,6.90,0.0138,true,1,1244
7290000060828,false,פסטה קרניים בינוניות אסם (500 גרם),קבוצת אוסם סחר שותפות מוגבלת,,פסטה פרומנטי קרניים,גרמים,500.00,100 גרם,false,,5.90,0.0118,true,1,1246
7290000060842,false,פסטה אסם פתיתים צדפים גדולים 500גר,קבוצת אוסם סחר שותפות מוגבלת,,פסטה צדפים אסם 500 ג,גרמים,500.00,100 גרם,false,,5.90,0.0118,true,1,1247
7290000060859,false,פסטה אסם פתיתים צדפים קטנים 500גר,קבוצת אוסם סחר-שות.מוגבלת,,"פסטה צדפים קטנים בד""",גרמים,500.00,100 גרם,false,,5.90,0.0118,true,1,1248
7290000060880,false,פסטה ספגטי מספר 8 אסם 500 גרם,קבוצת אוסם סחר שותפות מוגבלת,,פסטה ספגטי מספר 8 אס,גרמים,500.00,100 גרם,false,,5.90,0.0118,true,1,1249
7290000060903,false,פסטה אסם פתיתים אפויים אורז 500גר,קבוצת אוסם סחר שותפות מוגבלת,,פתיתים אפויים אורז א,גרמים,500.00,100 גרם,false,,6.90,0.0138,true,1,1250
7290000060958,false,אטריות מובחרות בינוניות אסם (400 גרם),קבוצת אוסם סחר שותפות מוגבלת,,אטריות בינוניות אסם,גרמים,402.00,100 גרם,false,,6.90,0.0172,true,1,1252
7290000060965,false,פסטה אסם אטריות רחבות 400גר,קבוצת אוסם סחר שותפות מוגבלת,,אטריות רחבות אסם 400,גרמים,403.00,100 גרם,false,,6.90,0.0171,true,1,1253
7290000060972,false,פסטה אסם אטריות דקיקות 400 גרם,קבוצת אוסם סחר-שות.מוגבלת,,אטריות דקיקות אסם 40,גרמים,400.00,100 גרם,false,,6.90,0.0173,true,1,1254
7290000061061,false,קרקר חיטה עם בצל אסם,קבוצת אוסם סחר שותפות מוגבלת,,קרקר חיטה עם בצל אסם,גרמים,250.00,100 גרם,false,,10.90,0.0436,true,1,1255
7290000061108,false,"רוטב טריאקי 290 מ""ל-בקבוק",קבוצת אוסם סחר שותפות מוגבלת,,רוטב טריאקי אסם 360,מיליליטרים,294.00,"100 מ""ל",false,,10.90,0.0371,true,1,1257
7290000061214,false,פתיתים אפויים קוסקוס עם בצל אסם 500 גרם,קבוצת אסם סחר שות. מוגבלת,,פתיתים אפויים קוסקוס,גרמים,500.00,100 גרם,false,,6.90,0.0138,true,1,1258
7290000061245,false,עוגיות שוקוצ'יפס במילוי שוקולד אסם 220 גרם,קבוצת אוסם סחר-שות.מוגבלת,,עוגיות שוקוצ'יפס עם,גרמים,220.00,100 גרם,false,,10.90,0.0495,true,1,1259
7290000061450,false,פתיתים אפויים קוסקוס 3 צבעים אסם 500 גרם,קבוצת אסם סחר שות. מוגבלת,,פתיתים אפויים קוסקוס,גרמים,500.00,100 גרם,false,,6.90,0.0138,true,1,1261
7290000061764,false,קפה נמס מגורען רד מאג 200 גרם,קבוצת אוסם סחר שותפות מוגבלת,,קפה נמס מגורען רד מא,גרמים,200.00,100 גרם,false,,21.90,0.1095,true,1,1262
7290000062952,false,אוסם - מיני קרוטונים למרק ולסלט 250 גרם,קבוצת אוסם סחר שותפות מוגבלת,,מיני קרוטונים מתובלי,גרמים,250.00,100 גרם,false,,14.90,0.0596,true,1,1265
7290000063102,false,קמח עוגה תופח מאליו אסם 350 גרם,קבוצת אוסם סחר שותפות מוגבלת,,אסם קמח עוגה תופח מא,גרמים,350.00,100 גרם,false,,4.90,0.0140,true,1,1267
7290000063133,false,אסם שקדי מרק רכיבים טבעיים 24*100גרם,קבוצת אוסם סחר שותפות מוגבלת,,אסם שקדי מרק רכיבים,גרמים,100.00,100 גרם,false,,5.90,0.0590,true,1,1268
7290000063157,false,"קמח עוגה תופח מאליו אסם 1 ק""ג",קבוצת אוסם סחר שותפות מוגבלת,,קמח תופח מאליו אסם 1,גרמים,1000.00,100 גרם,false,,8.90,0.0089,true,1,1270
7290000063294,false,סירופ ויטמינצ'יק ענבים2ל,בית השיטה עסיס תעשיו,,סירופ בטעם ענבים ויט,מיליליטרים,2000.00,"100 מ""ל",false,,22.90,0.0114,true,1,1271
7290000063300,false,סירופ ויטמינצ'יק פטל 2ל',בית-השיטה עסיס תעשיות מז,,סירופ בטעם פטל ויטמי,יחידה,0.00,יחידה,false,,22.90,0.0000,true,1,1272
7290000064871,false,"אוסם - מנה חמה פירה תפו""א עם בצל 56 גרם",קבוצת אוסם סחר שותפות מוגבלת,,"מנה חמה פירה תפו""א ו",גרמים,56.00,100 גרם,false,,5.90,0.1054,true,1,1275
7290000065267,false,דגנים קראנץ' רולס נו,אסם,,דגנים קראנץ' רולס נו,גרמים,450.00,100 גרם,false,,21.90,0.0487,true,1,1277
7290000065540,false,אוסם - מנה חמה פסטה מוקרמת בטעם עוף 55 גרם,קבוצת אוסם סחר שותפות מוגבלת,,מנה חמה פסטה מוקרמת,גרמים,55.00,100 גרם,false,,5.90,0.1073,true,1,1279
7290000065557,false,אוסם - מנה חמה קוסקוס עם ירקות 84 גרם,קבוצת אוסם סחר שותפות מוגבלת,,מנה חמה קוסקוס וירקו,גרמים,84.00,100 גרם,false,,5.90,0.0702,true,1,1280
7290000065977,false,אסם חטיפי פריכונים תירס שומשום 80 גרם,קבוצת אוסם סחר שותפות מוגבלת,,חטיפי פריכונים תירס,גרמים,80.00,100 גרם,false,,8.20,0.1025,true,1,1284
7290000066189,false,ביסלי חטיף בטעם פלאפל אסם (200 גרם),קבוצת אוסם סחר שותפות מוגבלת,,ביסלי פלאפל 200 גרם,גרמים,200.00,100 גרם,false,,7.90,0.0395,true,1,1290
7290000066196,false,ביסלי חטיף בטעם גריל אסם (200 גרם),קבוצת אוסם סחר שותפות מוגבלת,,ביסלי גריל 200 גרם,גרמים,200.00,100 גרם,false,,7.90,0.0395,true,1,1291
7290000066295,false,אסם במבה תות מחומרים טבעיים 30גר,קבוצת אוסם סחר שותפות מוגבלת,,במבה מתוקה בטעם תות,גרמים,30.00,100 גרם,false,,2.90,0.0967,true,1,1296
7290000066332,false,אפרופו חטיף תירס אסם (50 גרם),קבוצת אוסם סחר שותפות מוגבלת,,אפרופו 50 גרם,גרמים,50.00,100 גרם,false,,4.90,0.0980,true,1,1298
7290000066349,false,אפרופו חטיף תירס אסם (100 גרם),קבוצת אוסם סחר-שות.מוגבלת,,אפרופו 100 גרם,גרמים,100.00,100 גרם,false,,8.90,0.0890,true,1,1299
7290000066431,false,פופקו חטיף פופקורן בטעם חמאה ודבש אסם 80 גרם,קבוצת אוסם סחר שותפות מוגבלת,,פופקו חמאה ודבש 80 ג,גרמים,80.00,100 גרם,false,,5.40,0.0675,true,1,1300
7290000067544,false,פירורית זהב פירורי לחם אסם 200 גרם,קבוצת אוסם סחר שותפות מוגבלת,,אסם פירורית פירורי ל,גרמים,200.00,100 גרם,false,,6.40,0.0320,true,1,1307
7290000067599,false,מנה חמה ספגטי ברוטב בולונז אסם 65 גרם,קבוצת אוסם סחר שותפות מוגבלת,,מנה חמה ספגטי בולונז,גרמים,65.00,100 גרם,false,,5.90,0.0908,true,1,1310
7290000067629,false,מנה חמה פירה ופטריות,,,מנה חמה פירה ופטריות,גרמים,47.00,100 גרם,false,,4.90,0.1043,true,1,1311
7290000068138,false,אינסטנט פודינג בטעם וניל אסם 80 גרם,קבוצת אוסם סחר שותפות מוגבלת,,פודינג אינסטנט בטעם,גרמים,80.00,100 גרם,false,,5.50,0.0688,true,1,1314
7290000068787,false,במבה יום הולדת חטיף בוטנים אסם 25 גרם,קבוצת אוסם סחר שותפות מוגבלת,,במבה יום הולדת 25 גר,גרמים,25.00,100 גרם,false,,2.50,0.1000,true,1,1325
7290000069364,false,פריכונים מאורז מלא ללא תוספת סוכר אסם 140 גרם,קבוצת אוסם סחר שותפות מוגבלת,,אסם פריכונים עגול או,גרמים,140.00,100 גרם,false,,7.90,0.0564,true,1,1328
7290000069609,false,חטיפי קרקר בטעם זעתר אסם (300 גרם),קבוצת אסם סחר שות. מוגבלת,,חטיפי קרקר זעתר אסם,גרמים,300.00,100 גרם,false,,11.90,0.0397,true,1,1329
7290000069715,false,אוסם - חטיפי קרקר מלוח 300 גרם,קבוצת אסם סחר שות. מוגבלת,,חטיפי קרקר מלוח אסם,גרמים,300.00,100 גרם,false,,11.90,0.0397,true,1,1331
7290000070308,false,אבקת מרק עוף אמיתי בשרי אסם 400 גרם,קבוצת אוסם סחר שותפות מוגבלת,,אסם מרק עוף אמיתי 40,גרמים,400.00,100 גרם,false,,18.70,0.0467,true,1,1334
7290000070322,false,אבקת מרק פטריות רכיבים טבעיים אסם 400 גרם,קבוצת אוסם סחר שותפות מוגבלת,,מרק פטריות רכיבים טב,גרמים,400.00,100 גרם,false,,26.90,0.0672,true,1,1335
7290000070919,false,בייגלה רשתות עם מלח אסם (400 גרם),קבוצת אוסם סחר שותפות מוגבלת,,בייגלה רשתות כעכים ח,גרמים,400.00,100 גרם,false,,12.90,0.0323,true,1,1338
7290000071008,false,בייגלה שטוחים טבעות עם מלח אסם (60 גרם),קבוצת אוסם סחר שותפות מוגבלת,,בייגלה כעכים שטוחים,גרמים,60.00,100 גרם,false,,3.10,0.0517,true,1,1339
7290000071459,false,מרק נמס טעם עוף אסם,,,מרק נמס טעם עוף אסם,גרמים,42.00,100 גרם,false,,5.90,0.1405,true,1,1340
7290000072227,false,רוטב סויה בסגנון סיני אסם (290 מל),קבוצת אוסם סחר-שות.מוגבלת,,רוטב סויה בסגנון סינ,מיליליטרים,293.00,"100 מ""ל",false,,10.90,0.0372,true,1,1343
7290000072241,false,"רוטב פיצה 290 מ""ל-בקבוק",קבוצת אוסם סחר שותפות מוגבלת,,רוטב לפיצה 320 גרם,מיליליטרים,290.00,"100 מ""ל",false,,10.90,0.0376,true,1,1344
7290000072623,false,קטשופ אסם בקבוק לחיץ 750 גרם,קבוצת אוסם סחר שותפות מוגבלת,,קטשופ אסם בקבוק לחיץ,גרמים,750.00,100 גרם,false,,10.90,0.0145,true,1,1346
7290000072753,false,קפה נמס מגורען טסטרס צ'ויס 200 גרם-,קבוצת אוסם סחר שותפות מוגבלת,,קפה נמס מיובש בהקפאה,גרמים,200.00,100 גרם,false,,29.90,0.1495,true,1,1348
7290000072784,false,קפה טייסטר צויס נטול קופאין 100 גר',קבוצת אוסם סחר שותפות מוגבלת,,קפה נמס נטול קפאין מ,יחידה,0.00,יחידה,false,,24.90,0.0000,true,1,1351
7290000072968,false,דגני בוקר סיני מיניס חיטה מלאה וקינמון נסטלה 500 גרם,קבוצת אוסם סחר-שות.מוגבלת,,סיני מיניס 500 גרם,גרמים,500.00,100 גרם,false,,23.90,0.0478,true,1,1352
7290000073125,false,מנה חמה פסטה ברוטב עגבניות אסם (62 גרם),קבוצת אוסם סחר שותפות מוגבלת,,מנה חמה פסטה עם עגב.,גרמים,62.00,100 גרם,false,,5.90,0.0952,true,1,1353
7290000073415,false,אוסם - מנה חמה פסטה ברוטב פיצה 61 גרם,קבוצת אוסם סחר שותפות מוגבלת,,מנה חמה פסטה ברוטב פ,גרמים,61.00,100 גרם,false,,5.90,0.0967,true,1,1354
7290000073699,false,סלט חומוס צבר 150 גרם,קבוצת אוסם סחר שותפות מוגבלת,,סלט חומוס סלטי צבר 1,גרמים,150.00,100 גרם,false,,5.50,0.0367,true,1,1355
7290000073767,false,מנה חמה נודלס אטר.+ירקות טעם בקר 70 גרם,קבוצת אוסם סחר שותפות מוגבלת,,מנה חמה נודלס אטר.+י,גרמים,70.00,100 גרם,false,,5.90,0.0843,true,1,1357
7290000073774,false,מנה חמה נודלס אטר+ירקות טעם צילי 70 גרם,קבוצת אוסם סחר שותפות מוגבלת,,מנה חמה ירקות בטעם פ,גרמים,70.00,100 גרם,false,,5.90,0.0843,true,1,1358
7290000074184,false,ביסקוויט פתי בר אסם (500 גרם),קבוצת אוסם סחר שותפות מוגבלת,,פתי בר קלאסי אסם 500,גרמים,500.00,100 גרם,false,,10.90,0.0218,true,1,1360
7290000074245,false,אוסם - קרם קרקר אסם 250 גרם,קבוצת אוסם סחר שותפות מוגבלת,,אסם קרם קרקר 250 גרם,גרמים,250.00,100 גרם,false,,9.90,0.0396,true,1,1361
7290000074252,false,אסם קרקר שומשום 250 גרם,קבוצת אוסם סחר שותפות מוגבלת,,אסם קרקר שומשום 250,גרמים,250.00,100 גרם,false,,9.90,0.0396,true,1,1362
7290000074276,false,קרקר פיקנטי טבעון 250 ג' אסם,קבוצת אוסם סחר שותפות מוגבלת,,קרקר פיקנטי אסם 250,גרמים,250.00,100 גרם,false,,9.90,0.0396,true,1,1363
7290000074375,false,אוסם - קרקר זהב 150 גרם,קבוצת אוסם סחר שותפות מוגבלת,,אסם קרקר זהב 150 גרם,גרמים,150.00,100 גרם,false,,7.90,0.0527,true,1,1365
7290000074481,false,קרקר לחמית אגוזים אסם (160 גרם),קבוצת אסם סחר שות. מוגבלת,,לחמית קרקר מקמח חיטה,גרמים,160.00,100 גרם,false,,9.90,0.0619,true,1,1366
7290000074764,false,קרקר הזהב אסם 900 גרם,קבוצת אוסם סחר שותפות מוגבלת,,אסם קרקר זהב 900 גרם,גרמים,900.00,100 גרם,false,,22.90,0.0254,true,1,1370
7290000075204,false,קרקר לחמית חיטה מלאה אסם (250 גרם),קבוצת אוסם סחר שותפות מוגבלת,,לחמית קרקר מקמח חיטה,גרמים,250.00,100 גרם,false,,9.50,0.0380,true,1,1373
7290000076126,false,אוסם - בייגלה שמיניות קטנות 80 גרם,קבוצת אוסם סחר שותפות מוגבלת,,אסם בייגלה שמיניות ק,גרמים,80.00,100 גרם,false,,3.10,0.0388,true,1,1375
7290000076133,false,בייגלה שמיניות קטנות עם מלח אסם 400 גרם,קבוצת אוסם סחר שותפות מוגבלת,,בייגלה אסם שמיניה קט,גרמים,400.00,100 גרם,false,,9.90,0.0248,true,1,1376
7290000076645,false,טוסטעים פת קלויה חיטה מלאה אסם 100 גרם,קבוצת אסם סחר שות. מוגבלת,,אסם טוסטעים חיטה מלא,גרמים,100.00,100 גרם,false,,10.90,0.1090,true,1,1377
7290000077017,false,עוגיות קרמוגית במילוי קרם שוקולד אסם 200 גרם,קבוצת אוסם סחר שותפות מוגבלת,,אסם קרמוגית במילוי ש,גרמים,200.00,100 גרם,false,,10.90,0.0545,true,1,1378
7290000077253,false,אוסם - לחמית כפרית עם דגנים מלאים 190 גרם,קבוצת אסם סחר שות. מוגבלת,,לחמית כפרית 190 גרם,גרמים,190.00,100 גרם,false,,9.90,0.0521,true,1,1379
7290000078762,false,אוסם - חטיפי פריכונים מאורז מלא בטעם דבש 80גר,קבוצת אוסם סחר-שות.מוגבלת,,חטיפי פריכונים אורז,גרמים,80.00,100 גרם,false,,8.20,0.1025,true,1,1381
7290000079233,false,קרם קרקר דיאטטי דל נתרן 250 גרם,קבוצת אוסם סחר שותפות מוגבלת,,אסם קרם קרקר דל נתרן,גרמים,250.00,100 גרם,false,,10.90,0.0436,true,1,1382
7290000080758,false,פת קלויה טוסטעים אסם (100 גרם),קבוצת אוסם סחר שותפות מוגבלת,,אסם טוסטעים 100 גרם,גרמים,100.00,100 גרם,false,,10.90,0.1090,true,1,1384
7290000080765,false,פת קלויה טוסטעים עם שומשום אסם (100 גרם),קבוצת אוסם סחר שותפות מוגבלת,,אסם טוסטעים עם שומשו,גרמים,100.00,100 גרם,false,,10.90,0.1090,true,1,1385
7290000081663,false,"בייגלה טבעות שומשום אסם 300 גרם בד""ץ",קבוצת אוסם סחר שותפות מוגבלת,,אסם בייגלה טבעות שומ,גרמים,300.00,100 גרם,false,,9.90,0.0330,true,1,1386
7290000085180,false,גטניו פתי בר וניל 470 גרם,"אחים גטניו בע""מ",,גטניו פתי בר 470 גרם,גרמים,470.00,100 גרם,false,,10.90,0.0232,true,1,7810
7290000090016,false,בננה,5 יחידות,,בננה,קילוגרמים,1.00,"ק""ג",true,,8.70,8.7000,true,1,749
7290000090023,false,עגבניה,5 יחידות,,עגבניה,קילוגרמים,1.00,"ק""ג",true,,7.70,7.7000,true,1,750
7290000090030,false,מלפפון ירוק,6 יחידות,,מלפפון ירוק,קילוגרמים,1.00,"ק""ג",true,,7.70,7.7000,true,1,751
7290000090047,false,לימון,,,לימון,קילוגרמים,1.00,"ק""ג",true,,8.70,8.7000,true,1,752
7290000090054,false,ממרח חמאה דנית,,,אבוקדו,קילוגרמים,1.00,"ק""ג",true,,10.70,10.7000,true,1,753
7290000090078,false,תפוח עץ ירוק סמיט,4 יחידות,,תפוח עץ ירוק סמיט,קילוגרמים,1.00,"ק""ג",true,,10.90,10.9000,true,1,754
7290000090085,false,תפוח עץ אדום חרמון,4 יחידות,,תפוח עץ אדום חרמון,קילוגרמים,1.00,"ק""ג",true,,9.90,9.9000,true,1,755
7290000090108,false,פלפל אדום,5 יחידות,,פלפל אדום,קילוגרמים,1.00,"ק""ג",true,,10.70,10.7000,true,1,756
7290000090115,false,קלמנטינה,,,קלמנטינה,קילוגרמים,1.00,"ק""ג",true,,6.90,6.9000,true,1,757
7290000090122,false,אפרסמון,,,אפרסמון,קילוגרמים,1.00,"ק""ג",true,,12.90,12.9000,true,1,18066
7290000090139,false,תפוזים,3 יחידות,,תפוזים,קילוגרמים,1.00,"ק""ג",true,,5.90,5.9000,true,1,758
7290000090146,false,תפוח פינק ליידי,,,תפוח פינק ליידי,קילוגרמים,1.00,"ק""ג",true,,17.90,17.9000,true,1,759
7290000090153,false,בצל יבש לבן,4 יחידות,,בצל יבש לבן,קילוגרמים,1.00,"ק""ג",true,,4.70,4.7000,true,1,760
7290000090160,false,בטטה,,,בטטה,קילוגרמים,1.00,"ק""ג",true,,7.70,7.7000,true,1,761
7290000090177,false,אגס ירוק,5 יחידות,,אגס ירוק,קילוגרמים,1.00,"ק""ג",true,,8.70,8.7000,true,1,762
7290000090184,false,תפוח עץ מוזהב,4 יחידות,,תפוח עץ מוזהב,קילוגרמים,1.00,"ק""ג",true,,9.90,9.9000,true,1,763
7290000090191,false,פלפל צהוב,5 יחידות,,פלפל צהוב,קילוגרמים,1.00,"ק""ג",true,,10.70,10.7000,true,1,764
7290000090207,false,שזיף אדום,,,שזיף אדום,קילוגרמים,1.00,"ק""ג",true,,16.70,16.7000,true,1,765
7290000090214,false,בצל אדום,4 יחידות,,בצל אדום,קילוגרמים,1.00,"ק""ג",true,,6.70,6.7000,true,1,766
7290000090221,false,רימון,,,רימון,קילוגרמים,1.00,"ק""ג",true,,8.70,8.7000,true,1,17227
7290000090238,false,אננס,,,אננס,יחידה,1.00,יחידה,false,,29.90,29.9000,true,1,767
7290000090245,false,חציל,3 יחידות,,חציל,קילוגרמים,1.00,"ק""ג",true,,7.90,7.9000,true,1,768
7290000090252,false,כרוב לבן שלם,1 יחידה,,כרוב לבן שלם,קילוגרמים,1.00,"ק""ג",true,,5.70,5.7000,true,1,769
7290000090269,false,אשכולית אדומה,,,אשכולית אדומה,קילוגרמים,1.00,"ק""ג",true,,7.70,7.7000,true,1,770
7290000090276,false,קיווי,,,קיווי,קילוגרמים,1.00,"ק""ג",true,,12.90,12.9000,true,1,771
7290000090283,false,פיטיה אדום,,,פיטיה אדום,קילוגרמים,1.00,"ק""ג",true,,19.90,19.9000,true,1,17160
7290000090290,false,מלון,,,מלון,קילוגרמים,1.00,"ק""ג",true,,6.90,6.9000,true,1,772
7290000090306,false,פומלה,,,פומלה,קילוגרמים,1.00,"ק""ג",true,,8.90,8.9000,true,1,773
7290000090313,false,פלפל ירוק,5 יחידות,,פלפל ירוק,קילוגרמים,1.00,"ק""ג",true,,9.70,9.7000,true,1,774
7290000090320,false,אבטיח אישי,,,אבטיח אישי,קילוגרמים,1.00,"ק""ג",true,,5.90,5.9000,true,1,775
7290000090337,false,כרוב אדום שלם,,,כרוב אדום שלם,קילוגרמים,1.00,"ק""ג",true,,5.70,5.7000,true,1,776
7290000090344,false,קולורבי,,,קולורבי,קילוגרמים,1.00,"ק""ג",true,,8.90,8.9000,true,1,777
7290000090368,false,דלורית,,,דלורית,קילוגרמים,1.00,"ק""ג",true,,6.90,6.9000,true,1,779
7290000090375,false,זוקיני ירוק,,,זוקיני ירוק,קילוגרמים,1.00,"ק""ג",true,,9.70,9.7000,true,1,780
7290000090399,false,פומלית,,,פומלית,קילוגרמים,1.00,"ק""ג",true,,6.70,6.7000,true,1,781
7290000090405,false,שומר,,,שומר,קילוגרמים,1.00,"ק""ג",true,,8.90,8.9000,true,1,782
7290000090436,false,גויאבה,,,גויאבה,קילוגרמים,1.00,"ק""ג",true,,14.90,14.9000,true,1,784
7290000090450,false,משמש,,,משמש,קילוגרמים,1.00,"ק""ג",true,,19.90,19.9000,true,1,785
7290000090467,false,קישוא,5 יחידות,,קישוא,קילוגרמים,1.00,"ק""ג",true,,8.90,8.9000,true,1,786
7290000090481,false,"תפו""ע לוליפופ",,,"תפו""ע לוליפופ",קילוגרמים,1.00,"ק""ג",true,,15.90,15.9000,true,1,18819
7290000090511,false,"תפו""א לבן תפזורת",3 יחידות,,"תפו""א לבן תפזורת",קילוגרמים,1.00,"ק""ג",true,,4.90,4.9000,true,1,787
7290000090528,false,"תפו""א אדום תפזורת",3 יחידות,,"תפו""א אדום תפזורת",קילוגרמים,1.00,"ק""ג",true,,5.90,5.9000,true,1,788
7290000090535,false,"תפו""ע לוליפופ",,,"תפו""ע לוליפופ",קילוגרמים,1.00,"ק""ג",true,,15.90,15.9000,true,1,789
7290000090542,false,פלפל חריף,,,פלפל חריף,קילוגרמים,1.00,"ק""ג",true,,10.90,10.9000,true,1,790
7290000090566,false,סלק אדום תפזורת,5 יחידות,,סלק אדום תפזורת,קילוגרמים,1.00,"ק""ג",true,,4.90,4.9000,true,1,791
7290000090573,false,"שרי ק""ג",,,"שרי ק""ג",קילוגרמים,1.00,"ק""ג",true,,16.90,16.9000,true,1,792
7290000090580,false,תירס ברביקיו במשקל,,,"חציל בלאדי ק""ג",קילוגרמים,1.00,"ק""ג",true,,9.90,9.9000,true,1,793
7290000090610,false,גזר ארוז,,,גזר ארוז,קילוגרמים,1.00,"ק""ג",true,,4.90,4.9000,true,1,795
7290000090634,false,כרובית,,,כרובית,יחידה,1.00,יחידה,false,,9.90,9.9000,true,1,796
7290000090665,false,צנון,,,צנון,קילוגרמים,1.00,"ק""ג",true,,6.90,6.9000,true,1,798
7290000090672,false,לפת,,,לפת,קילוגרמים,1.00,"ק""ג",true,,6.90,6.9000,true,1,799
7290000090689,false,שום בתפזורת,,,שום בתפזורת,קילוגרמים,1.00,"ק""ג",true,,22.90,22.9000,true,1,800
7290000090719,false,בראוניז שוקולד,,,נקטרינה,קילוגרמים,1.00,"ק""ג",true,,8.70,8.7000,true,1,803
7290000090726,false,אבטיח,,,אבטיח,קילוגרמים,1.00,"ק""ג",true,,5.90,5.9000,true,1,804
7290000090740,false,ענב אדום,,,ענב אדום,קילוגרמים,1.00,"ק""ג",true,,24.90,24.9000,true,1,806
7290000090757,false,תירס מתוק,,,תירס מתוק,קילוגרמים,1.00,"ק""ג",true,,8.70,8.7000,true,1,807
7290000090764,false,שום לח,,,שום לח,קילוגרמים,1.00,"ק""ג",true,,19.90,19.9000,true,1,808
7290000090771,false,סברס,,,סברס,קילוגרמים,1.00,"ק""ג",true,,14.90,14.9000,true,1,809
7290000090788,false,פפאיה,,,פפאיה,קילוגרמים,1.00,"ק""ג",true,,17.90,17.9000,true,1,810
7290000090801,false,ענב ירוק שקיל,,,ענב ירוק שקיל,קילוגרמים,1.00,"ק""ג",true,,24.90,24.9000,true,1,812
7290000090887,false,תאנים,,,תאנים,קילוגרמים,1.00,"ק""ג",true,,19.90,19.9000,true,1,816
7290000090962,false,לימון פרסי טחון במשק,,,ענבים שחורים,קילוגרמים,1.00,"ק""ג",true,,19.90,19.9000,true,1,820
7290000090979,false,אגס נאשי,,,אגס נאשי,קילוגרמים,1.00,"ק""ג",true,,14.90,14.9000,true,1,821
7290000091044,false,תפוח עץ גלה,4 יחידות,,תפוח עץ גלה,קילוגרמים,1.00,"ק""ג",true,,9.90,9.9000,true,1,823
7290000091099,false,קוקוס,,,קוקוס,יחידה,1.00,יחידה,false,,6.90,6.9000,true,1,18903
7290000091105,false,אנונה,,,אנונה,קילוגרמים,1.00,"ק""ג",true,,19.90,19.9000,true,1,18070
7290000091129,false,תפוז ברשת,,,תפוז ברשת,קילוגרמים,1.00,"ק""ג",true,,4.90,4.9000,true,1,828
7290000091143,false,אשכולית צהובה,,,אשכולית צהובה,קילוגרמים,1.00,"ק""ג",true,,4.90,4.9000,true,1,829
7290000091150,false,"תפו""א לבן ארוז",,,"תפו""א לבן ארוז",קילוגרמים,1.00,"ק""ג",true,,5.90,5.9000,true,1,830
7290000091167,false,פלפל כתום,5 יחידות,,פלפל כתום,קילוגרמים,1.00,"ק""ג",true,,10.70,10.7000,true,1,831
7290000091242,false,שום ארוז יבוא,,,שום ארוז יבוא,מארז,1.00,מארז,false,,7.90,7.9000,true,1,833
7290000091273,false,אפונה,,,אפונה,קילוגרמים,1.00,"ק""ג",true,,19.90,19.9000,true,1,20892
7290000091334,false,מלון ספרדי,,,מלון ספרדי,קילוגרמים,1.00,"ק""ג",true,,7.90,7.9000,true,1,837
7290000091365,false,בצל שאלוט,,,בצל שאלוט,קילוגרמים,1.00,"ק""ג",false,,11.90,11.9000,true,1,839
7290000091402,false,"תפו""ע ברשת",,,"תפו""ע ברשת",קילוגרמים,1.00,"ק""ג",true,,4.90,4.9000,true,1,840
7290000091433,false,אפרסמון קרמבו,,,אפרסמון קרמבו,קילוגרמים,1.00,"ק""ג",true,,12.90,12.9000,true,1,23201
7290000091464,false,פומלית אדומה,,,פומלית אדומה,קילוגרמים,1.00,"ק""ג",true,,6.90,6.9000,true,1,843
7290000091501,false,תפוח אדמה גורמה דוד,,,תפוח אדמה גורמה דוד,קילוגרמים,1.00,"ק""ג",true,,6.90,6.9000,true,1,847
7290000091525,false,שזיף מטלי,,,שזיף מטלי,קילוגרמים,1.00,"ק""ג",true,,19.90,19.9000,true,1,848
7290000100128,false,פירות קפואים תות 300 גר`סנפרוסט,תנובה ענף ב.ע.ד,,תות שדה 100% פרי סנפ,גרמים,300.00,100 גרם,false,,17.90,0.0597,true,1,5601
7290000100296,false,תערובת להכנת Smoothie ורוד תות ובננה,תנובה ענף ב.ע.ד,,תערובת של תות ובננה,גרמים,300.00,100 גרם,false,,17.90,0.0597,true,1,5604
7290000101927,false,אוכמניות כחולות מוקפאות סנפרוסט 300 גרם,תנובה ענף ב.ע.ד,,אוכמניות כחולות מוקפ,גרמים,300.00,100 גרם,false,,17.90,0.0597,true,1,5607
7290000101941,false,אננס חתוך מוקפא סנפרוסט (300 גרם),תנובה ענף ב.ע.ד,,אננס חתוך 100% פרי ט,גרמים,300.00,100 גרם,false,,17.90,0.0597,true,1,5609
7290000101958,false,מנגו חתוך מוקפא סנפרוסט (300 גרם),תנובה ענף ב.ע.ד,,מנגו חתוך 100% פרי ט,גרמים,300.00,100 גרם,false,,14.90,0.0497,true,1,5610
7290000103471,false,מיני ברוקולי סנפרוסט 600 גרם,תנובה ענף ב.ע.ד,,מיני ברוקולי 600 גרם,גרמים,600.00,100 גרם,false,,17.90,0.0298,true,1,5613
7290000103815,false,לקט להקפצה בסגנון תאילנדי סנפרוסט 800 גרם,תנובה מרכז שיתופי לשיווק תוצרת,,לקט להקפצה סגנון תאי,גרמים,800.00,100 גרם,false,,23.90,0.0299,true,1,5617
7290000103822,false,ירקות שמלווים עוף סנפרוסט 800ג',תנובה מרכז שיתופי לשיווק תוצרת,,לקט לעוף פרווה סנפרו,גרמים,800.00,100 גרם,false,,22.90,0.0286,true,1,5618
7290000104201,false,אפונה עדינה מוקפאת סנפרוסט (600 גרם),"איי, בי, אינבוו",,אפונה עדינה סנפרוסט,גרמים,600.00,100 גרם,false,,17.90,0.0298,true,1,5624
7290000104676,false,אפונה קפואה סנפרוסט 800 גרם,תנובה מרכז שיתופי לשיווק תוצרת,,אפונת גינה סנפרוסט 8,גרמים,800.00,100 גרם,false,,17.90,0.0224,true,1,5627
7290000104683,false,שעועית ירוקה שלמה סנפרוסט (800 גרם),תנובה מרכז שיתופי לשיווק תוצרת,,שעועית ירוקה שלמה סנ,גרמים,800.00,100 גרם,false,,19.90,0.0249,true,1,5628
7290000104690,false,גרעיני תירס מוקפאים סנפרוסט (800 גרם),תנובה מרכז שיתופי לשיווק תוצרת,,גרעיני תירס 800 גרם,גרמים,800.00,100 גרם,false,,17.70,0.0221,true,1,5629
7290000104713,false,פול ירוק קפוא סנפורסט 800 גרם,תנובה מרכז שיתופי לשיווק תוצרת,,תרד סנפרוסט 800 גרם,גרמים,800.00,100 גרם,false,,23.90,0.0299,true,1,5631
7290000104720,false,שעועית ירוקה חתוכה סנפרוסט (800 גרם),תנובה מרכז שיתופי לשיווק תוצרת,,שעועית ירוקה חתוכה ס,גרמים,800.00,100 גרם,false,,18.70,0.0234,true,1,5632
7290000104737,false,שעועית צהובה חתוכה סנפרוסט 800 גרם,תנובה מרכז שיתופי לשיווק תוצרת,,שעועית צהובה חתוכה ס,גרמים,800.00,100 גרם,false,,18.90,0.0236,true,1,5633
7290000104744,false,כרובית מוקפאת סנפרוסט (800 גרם),תנובה מרכז שיתופי לשיווק תוצרת,,כרובית 800 גרם סנפרו,גרמים,800.00,100 גרם,false,,24.90,0.0311,true,1,5634
7290000104768,false,עלי תרד סנפרוסט (800 גרם),תנובה מרכז שיתופי לשיווק תוצרת,,עלי תרד סנפרוסט 800,גרמים,800.00,100 גרם,false,,24.90,0.0311,true,1,5636
7290000104799,false,שעועית לבנה מבושלת סנפרוסט (800 גרם),תנובה מרכז שיתופי לשיווק תוצרת,,שעועית לבנה מבושלת ס,גרמים,800.00,100 גרם,false,,19.90,0.0249,true,1,5638
7290000104805,false,גרגירי חומוס מבושלים סנפרוסט 800 גרם,תנובה מרכז שיתופי לשיווק תוצרת,,גרגרי חומוס מבושל סנ,גרמים,800.00,100 גרם,false,,19.90,0.0249,true,1,5569
7290000104805,false,גרגירי חומוס מבושלים סנפרוסט 800 גרם,תנובה מרכז שיתופי לשיווק תוצרת,,גרגרי חומוס מבושל סנ,גרמים,800.00,100 גרם,false,,19.90,0.0249,true,1,5639
7290000104829,false,קלחי תירס חתוכים סנפרוסט 1 קילו,תנובה מרכז שיתופי לשיווק תוצרת,,קלחוני תירס סנפרוסט,גרמים,1000.00,100 גרם,false,,19.90,0.0199,true,1,5640
7290000104836,false,שעועית ירוקה עדינה שלמה סנפרוסט 600 גרם,תנובה מרכז שיתופי לשיווק תוצרת,,שעועית עדינה שלמה סנ,גרמים,600.00,100 גרם,false,,21.90,0.0365,true,1,5641
7290000104911,false,לקט נורמנדי מוקפא סנפרוסט (800 גרם),תנובה מרכז שיתופי לשיווק תוצרת,,לקט נורמנדי סנפרוסט,גרמים,800.00,100 גרם,false,,22.90,0.0286,true,1,5643
7290000107165,false,חטיף סויה אדממה סנפרוסט (400 גרם),תנובה מרכז שיתופי לשיווק תוצרת,,פולי סויה אדממה סנפר,גרמים,400.00,100 גרם,false,,14.90,0.0373,true,1,5645
7290000107189,false,תחתיות ארטישוק סנפרוסט (400 גרם),תנובה מרכז שיתופי לשיווק תוצרת,,תחתיות ארטישוק סנפרו,גרמים,800.00,100 גרם,false,,23.90,0.0299,true,1,5646
7290000107295,false,תפרחות ברוקולי סנפרוסט 800 גרם,תנובה מרכז שיתופי לשיווק תוצרת,,תפרחות ברוקולי סנפרו,גרמים,800.00,100 גרם,false,,24.90,0.0311,true,1,5647
7290000110035,false,מרגר.בלובנד לבישול 200גר,אתר חיפה מרגרינה,,מרגרינה למריחה בישול,גרמים,200.00,100 גרם,false,,4.50,0.0225,true,1,3870
7290000110073,false,מרגרינה בטעם חמאה 200גר,אתר חיפה מרגרינה,,מרגרינה מחמאה בלובנד,גרמים,200.00,100 גרם,false,,4.50,0.0225,true,1,3872
7290000111063,false,מיונז אמיתי תלמה (250 גרם),"יוניליוור ישראל שיווק בע""מ",,מיונז אמיתי תלמה 250,גרמים,250.00,100 גרם,false,,6.90,0.0276,true,1,3875
7290000111186,false,"מיונז אמיתי תלמה 500 גרם בד""צ","יוניליוור ישראל שיווק בע""מ",,מיונז אמיתי תלמה 500,גרמים,500.00,100 גרם,false,,9.90,0.0198,true,1,3877
7290000112220,false,טחינה גולמית שומשום טהור בארכה 500 גרם,קבוצת אוסם סחר שותפות מוגבלת,,טחינה גולמית 100% בא,גרמים,500.00,100 גרם,false,,13.90,0.0278,true,1,1387
7290000112619,false,אבקת מרק עוף אמיתי קנור 400 ג' כשלפ,יוניליוור ישראל שיווק בע`מ,,קנור מרק עוף אמיתי 4,גרמים,400.00,100 גרם,false,,19.90,0.0497,true,1,3883
7290000116884,false,"קנור רוטב ברביקיו 300 מ""ל כשלפ",יוניליוור ישראל שיווק בע`מ,,רוטב ברביקיו פרווה ק,גרמים,350.00,100 גרם,false,,10.90,0.0311,true,1,3888
7290000116921,false,"קנור רוטב צילי מתוק 300 מ""ל כשלפ","יוניליוור ישראל שיווק בע""מ",,רוטב צ'ילי מתוק פרוו,מיליליטרים,300.00,"100 מ""ל",false,,10.90,0.0363,true,1,3889
7290000116945,false,"רוטב סויה קלאסי קנור בד""צ 350 גרם",יוניליוור ישראל שיווק בע`מ,,רוטב סויה קלאסי פרוו,גרמים,350.00,100 גרם,false,,10.90,0.0311,true,1,3890
7290000117720,false,נמס בכוס פטריות קנור 21.5 גרם מארז זוגי,"יוניליוור ישראל שיווק בע""מ",,נמס בכוס מרק פטריות,גרמים,41.00,100 גרם,false,,6.90,0.1683,true,1,3892
7290000118277,false,כופתאות מצה להכנת מהירה 65 ג' קנור,"יוניליוור ישראל שיווק בע""מ",,קניידלך כופתאות מצה,גרמים,130.00,100 גרם,false,,10.90,0.0838,true,1,3893
7290000118307,false,סחלב 2שקיות * 56ג בקופסא,יוניליוור ישראל שיווק בע`מ,,תערובת להכנת מעדן בט,גרמים,112.00,100 גרם,false,,12.90,0.1152,true,1,3894
7290000120874,false,מיונז הלמנס לייט מופחת קלוריות 424ג,יוניליוור ישראל שיווק בעמ,,מיונז הלמנס מופחת קל,גרמים,424.00,100 גרם,false,,10.90,0.0257,true,1,3897
7290000121031,false,החתול המחייך גבינה מותכת 14% מון בלאן 120 גרם,נטו מילנדה סחר בעמ*,,גבינה מותכת למריחה ה,גרמים,120.00,100 גרם,false,,10.60,0.0883,true,1,3440
7290000121093,false,גבינה מותכת לייט בטעם שוויצרי 7% מון בלאן 120 גר',האי נאם סי או אל.טי.,,מון בלאן שויצרית 120,גרמים,120.00,100 גרם,false,,11.40,0.0950,true,1,3443
7290000129457,false,אבקת רוטב פטריות קנור 28 ג' שקית,יוניליוור ישראל שיווק בע`מ,,קנור רוטב פטריות באב,גרמים,28.00,100 גרם,false,,3.90,0.1393,true,1,3910
7290000135052,false,"XL TEN משקה אנרגיה מנגו ללא סוכר 250 מ""ל","טמפו משקאות בע""\מ",,משקה אנרגיה מוגז בטע,מיליליטרים,250.00,"100 מ""ל",false,,4.80,0.0192,true,1,4801
7290000135113,false,"משקה אנרגיה XL פחית ten נענע ליים 250 מ""ל","טמפו משקאות בע""\מ",,פחית XL TEN נענע-ליי,מיליליטרים,250.00,"100 מ""ל",false,,4.80,0.0192,true,1,4802
7290000135151,false,"טמפו סודה למון ליים בקבוק 250 מ""ל",טמפו משקאות בעמ,,סודה נגיעות למון ליי,מיליליטרים,275.00,"100 מ""ל",false,,3.50,0.0127,true,1,4803
7290000135168,false,"פפסי מקס ליים פחית צרה מארז שישייה 330 מ""ל","טמפו משקאות בע""מ",,שישיית פחיות פפסי מק,מיליליטרים,1980.00,"100 מ""ל",false,,20.90,0.0106,true,1,4804
7290000135311,false,פפסי מקס ליים 1.5 ליטר בודד,"טמפו משקאות בע""\מ",,פפסי מקס בטעם ליים 1,מיליליטרים,1500.00,"100 מ""ל",false,,7.80,0.0052,true,1,4806
7290000135342,false,"מי סודה טמפו בקבוק 500 מ""ל","טמפו משקאות בע""\מ",,סודה 500,מיליליטרים,500.00,"100 מ""ל",false,,3.20,0.0064,true,1,20025
7290000135595,false,פפסי מקס בטעם דובדבן 1.5 ללא סוכר,"טמפו משקאות בע""\מ",,פפסי מקס דובדבן 1.5,מיליליטרים,1500.00,"100 מ""ל",false,,7.80,0.0052,true,1,4810
7290000135625,false,"רביעיית פחיות בירה גולדסטאר 500 מ""ל",טמפו משקאות בעמ,,רביעית פחיות גולדסטא,מיליליטרים,2000.00,"100 מ""ל",false,,33.60,0.0168,true,1,18175
7290000136141,false,פפסי קולה 1.5 ליטר פיקדון,"טמפו משקאות בע""\מ",,פפסי משקה קולה מוגז,מיליליטרים,1500.00,"100 מ""ל",false,,7.80,0.0052,true,1,18769
7290000136158,false,פפסי מקס משקה מוגז דל קלוריות בטעם קולה,"טמפו משקאות בע""\מ",,פפסי מקס 1.5 ליטר,מיליליטרים,1500.00,"100 מ""ל",false,,7.80,0.0052,true,1,18770
7290000136165,false,מירינדה אורנג` 1.5 ליטר פיקדון,"טמפו משקאות בע""\מ",,מירנדה 1.5 ליטר,מיליליטרים,1500.00,"100 מ""ל",false,,7.80,0.0052,true,1,18771
7290000136172,false,משקה 7UP בקבוק 1.5 ליטר פיקדון,"טמפו משקאות בע""\מ",,סבן אפ 1.5 ליטר,מיליליטרים,1500.00,"100 מ""ל",false,,7.80,0.0052,true,1,18772
7290000136189,false,משקה דיאט 7UP בקבוק 1.5 ליטר פיקדון,"טמפו משקאות בע""\ם.",,דיאט סבן אפ 1.5 ליטר,מיליליטרים,1500.00,"100 מ""ל",false,,7.20,0.0048,true,1,18773
7290000136240,false,סודה 1.5 ליטר שישייה בודד,"טמפו משקאות בע""\מ",,מי סודה טמפו 1.5 ליט,מיליליטרים,1500.00,"100 מ""ל",false,,3.80,0.0025,true,1,18774
7290000136288,false,"סירופ בטעם תפוחים ג'ויסר סיידר הגליל 330 מ""ל","טמפו משקאות בע""\מ",,סירופ בטעם תפוחים סי,מיליליטרים,330.00,"100 מ""ל",false,,16.90,0.0512,true,1,21171
7290000136295,false,"סירופ בטעם פטל ג'ויסר סיידר הגליל 330 מ""ל","טמפו משקאות בע""\מ",,סירופ בטעם פטל סיידר,מיליליטרים,330.00,"100 מ""ל",false,,16.90,0.0512,true,1,21172
7290000136301,false,"סירופ בטעם ענבים ג'ויסר סיידר הגליל 330 מ""ל","טמפו משקאות בע""\מ",,סירופ בטעם ענבים סיי,מיליליטרים,330.00,"100 מ""ל",false,,16.90,0.0512,true,1,21173
7290000136486,false,ג'אמפ משקה קל דיאט אשכוליות 1.5 ליטר,"טמפו משקאות בע""\ם.",,ג'אמפ דיאט אשכולית 1,מיליליטרים,1500.00,"100 מ""ל",false,,7.50,0.0050,true,1,18778
7290000136523,false,ג`אמפ משקה קל ענבים 1.5 ליטר פיקדון,"טמפו משקאות בע""\ם.",,ג'אמפ ענבים 1.5 ליטר,מיליליטרים,1500.00,"100 מ""ל",false,,7.50,0.0050,true,1,18780
7290000136561,false,משקה בטעם תות בננה תריסר 1.5 ל' ג'אמפ,"טמפו משקאות בע""\מ",,ג'אמפ תות בננה 1.5 ל,מיליליטרים,1500.00,"100 מ""ל",false,,7.50,0.0050,true,1,18781
7290000136608,false,משקה בטעם תפוח צלול תריסר 1.5 ל' ג'אמפ,"טמפו משקאות בע""\ם.",,ג'אמפ תפוחים 1.5 ליט,מיליליטרים,1500.00,"100 מ""ל",false,,7.50,0.0050,true,1,18783
7290000136646,false,בירה נשר מאלט ללא אלכוהול 1.5 ליטר,"טמפו משקאות בע""\מ",,בירה שחורה נשר מאלט,מיליליטרים,1500.00,"100 מ""ל",false,,9.20,0.0061,true,1,19055
7290000136653,false,בירה שחורה נשר מאלט דיאט בקבוק 1.5ל`,"טמפו משקאות בע""\מ",,בירה נשר מאלט דיאט 1,מיליליטרים,1500.00,"100 מ""ל",false,,9.20,0.0061,true,1,18784
7290000136660,false,סודה טמפו ליטר וחצי,טמפו,,מי סודה טמפו 1.5 ליט,מיליליטרים,1500.00,"100 מ""ל",false,,3.80,0.0025,true,1,19459
7290000136677,false,פפסי קולה פיקדון 1.5 ליטר,טמפו,,פפסי משקה קולה מוגז,מיליליטרים,1500.00,"100 מ""ל",false,,7.80,0.0052,true,1,19460
7290000136684,false,פפסי מקס משקה מוגז דל קלוריות בטעם קולה,טמפו משקאות בע`מ,,פפסי מקס 1.5 ליטר,מיליליטרים,1500.00,"100 מ""ל",false,,7.80,0.0052,true,1,19461
7290000136707,false,טמפו מירינדה 1.5 ליטר,טמפו,,מירנדה 1.5 ליטר,מיליליטרים,1500.00,"100 מ""ל",false,,7.80,0.0052,true,1,19462
7290000136776,false,שישיית פפסי מקס דל קלוריות 1.5 ליטר,טמפו משקאות בע`מ,,שישיית פפסי מקס 1.5,מיליליטרים,9000.00,"100 מ""ל",false,,40.50,0.0045,true,1,18788
7290000136790,false,טמפו מי סודה 6*1.5 ליטר פיקדון,"טמפו משקאות בע""\מ",,מי סודה במארז טמפו 6,מיליליטרים,9000.00,"100 מ""ל",false,,17.70,0.0020,true,1,18790
7290000136844,false,מארז מים מזוככים אקווה נובה שישיית 2 ליטר,"טמפו משקאות בע""\מ",,שישיית אקווה נובה 2,מיליליטרים,1200.00,"100 מ""ל",false,,13.70,0.0114,true,1,18791
7290000136851,false,סבן אפ פיקדון 1.5 ליטר,טמפו משקאות בע`מ,,סבן אפ 1.5 ליטר,מיליליטרים,1500.00,"100 מ""ל",false,,7.80,0.0052,true,1,19463
7290000136868,false,סאן בנדטו - מים מינרלים - מארז שישיית 1.5 ליטר,אקווה מינרלה סאן בנדטו ב,,מים מינרלים סאן בנדט,ליטרים,9.00,ליטר,false,,20.40,2.2667,true,1,19288
7290000136875,false,שישיית מים מינרליים מוגזים סן בנדטו 1.5 ליטר,סאן בנדטו San Benedetto,,מים סן בנדטו מוגז 1.,מיליליטרים,9000.00,"100 מ""ל",false,,21.40,0.0024,true,1,18792
7290000136936,false,דיאט סבן אפ 1.5 ליטר-,טמפו,,דיאט סבן אפ 1.5 ליטר,מיליליטרים,1500.00,"100 מ""ל",false,,7.20,0.0048,true,1,19464
7290000137513,false,גלידונית גלידה וניל בציפוי שוקולד 60 יח' קרמיסימו,"גלידת שטראוס בע""\מ, רחוב",,קרמיסימו גלידונית ונ,יחידה,60.00,יחידה,false,,43.90,0.7317,true,1,11747
7290000137643,false,שלגוני טעמקור בטעם שוקו וניל שטראוס 8*50 גרם,"גלידת שטראוס בע""\מ, רחוב",,מאגדת טעמקור שוקו ונ,יחידה,8.00,יחידה,false,,33.90,4.2375,true,1,11748
7290000139227,false,דגן לבן משפחתי 150 גר' אשבול,מ.ד אטיאס סוכנויות מזון בע`מ,,דגן תירס תפוח מתוק 1,גרמים,150.00,100 גרם,false,,8.90,0.0593,true,1,17571
7290000144474,false,שמן עץ הזית קנולה 1 ליטר בריאות מהטבע,סוגת תעשיות בעמ,,שמן קנולה בריאות עץ,מיליליטרים,1000.00,"100 מ""ל",false,,15.90,0.0159,true,1,7812
7290000150956,false,עוף טוב מקלוני קבנוס 160 גרם,קבוצת אסם סחר שות. מוגבלת,,מקלוני קבנוס 160 גרם,גרמים,160.00,100 גרם,false,,11.90,0.0744,true,1,1388
7290000158211,false,שניצל עוף דקיק ענקיסטי 7,"מוצרי עוף טוב (2001) בע""",,שניצל עוף דק ענק 100,גרמים,700.00,100 גרם,false,,34.90,0.0499,true,1,1393
7290000158235,false,שניצל עוף דקיק צ'יפס שמח,"מוצרי עוף טוב (2001) בע""",,שניצל עוף דקיק בציפו,גרמים,700.00,100 גרם,false,,34.90,0.0499,true,1,1394
7290000160771,false,"כריות וניל בד""צ 750 גרם",יוניליוור ישראל מזון בע\,,דגני בוקר כריות במיל,גרמים,750.00,100 גרם,false,,24.90,0.0332,true,1,3912
7290000162386,false,"רוטב ""הלמנס"" רוטב שו","יוניליוור ישראל מזון בע""",,רוטב שום לסלט הלמנס,גרמים,300.00,100 גרם,false,,10.40,0.0347,true,1,3919
7290000163024,false,רוטב חרדל דבש לייט305גרם,יוניליוור,,רוטב לסלט חרדל דבש ל,גרמים,305.00,100 גרם,false,,10.40,0.0341,true,1,3920
7290000164632,false,בדין אקסטרה בייבי 960 מל,יונילוור - תורכיה,,מרכך כביסה מרוכז בדי,מיליליטרים,960.00,"100 מ""ל",false,,15.60,0.0162,true,1,3921
7290000167503,false,רוטב לסלט שום לייט300ג,"יוניליוור ישראל מזון בע""",,רוטב לסלט שום לייט ה,גרמים,300.00,100 גרם,false,,10.40,0.0347,true,1,3927
7290000169798,false,"עוגי מופחת סוכר 20% פצפוצי שוקו' 500ג' בד""צ",יוניליוור ישראל שיווק בע`מ,,עוגי תלמה 500 גרם,גרמים,500.00,100 גרם,false,,19.90,0.0398,true,1,3933
7290000174723,false,שוקולית אבקה להכנת משקה שוקו 500 גרם,הנסיך- מפעל לייצור ט,,שוקולית קופסא עלית 5,גרמים,500.00,100 גרם,false,,11.90,0.0238,true,1,11231
7290000176147,false,קפה לפילטר קלוי וטחון מוקה מספר 1 עלית 500 גרם,"שטראוס גרופ בע""מ",,קפה לפילטר 500 גרם,גרמים,500.00,100 גרם,false,,49.90,0.0998,true,1,11234
7290000176420,false,קפה נמס פחית עלית 200 גרם,פיקסל אם.גי.אם בעמ,,קפה נמס עלית 200 גרם,גרמים,200.00,100 גרם,false,,19.90,0.0995,true,1,11235
7290000176468,false,קפה נמס נטול קפאין 50 ג' קפה האג,"שטראוס גרופ בע""מ",,קפה נמס נטול האג עלי,גרמים,50.00,100 גרם,false,,10.90,0.2180,true,1,11236
7290000178707,false,חטיף צ`יפס בטעם טבעי תפוצ`יפס (50 גרם),"שטראוס פריטו ליי בע""\מ )",,תפוציפס טבעי 50 גרם,גרמים,50.00,100 גרם,false,,4.00,0.0800,true,1,510
7290000178721,false,חטיף צ`יפס בטעם טבעי תפוצ`יפס (200 גרם),"שטראוס פריטו ליי בע""\מ )",,תפוציפס 200 גרם,גרמים,200.00,100 גרם,false,,10.90,0.0545,true,1,511
7290000189550,false,"שקיות אשפה ענקיות עם שרוך 78 * 90 ס""מ ניקול 2 * 10 יחידות",קימברלי קלארק ישראל שיווק בעמ,,שקיות אשפה מתכלות עם,יחידה,20.00,יחידה,false,,24.90,1.2450,true,1,3082
7290000189550,false,"שקיות אשפה ענקיות עם שרוך 78 * 90 ס""מ ניקול 2 * 10 יחידות",קימברלי קלארק ישראל שיווק בעמ,,שקיות אשפה מתכלות עם,יחידה,20.00,יחידה,false,,24.90,1.2450,true,1,3117
7290000189659,false,מטליות לחות לרצפה ניקול 10 יח'-מרכז,קימברלי קלארק ישראל שיווק בעמ,,מטליות לחות לרצפה ני,יחידה,10.00,יחידה,false,,11.90,1.1900,true,1,3083
7290000189659,false,מטליות לחות לרצפה ניקול 10 יח'-מרכז,קימברלי קלארק ישראל שיווק בעמ,,מטליות לחות לרצפה ני,יחידה,10.00,יחידה,false,,11.90,1.1900,true,1,3119
7290000189734,false,מטליות לחות לניקוי פרקט ניקול 10 יחידות,קימברלי קלארק ישראל שיווק בעמ,,מטליות לחות לניקוי פ,יחידה,10.00,יחידה,false,,14.90,1.4900,true,1,3120
7290000204086,false,ניקול כרית קרצוף מארז שלישייה,קימברלי קלארק ישראל שיווק בעמ,,סקוטש ניקול,יחידה,3.00,יחידה,false,,10.90,3.6333,true,1,3087
7290000204215,false,שישיית כרית יפנית ניקול 6 יחידות,קימברלי קלארק ישראל שיווק בעמ,,כריות יפניות ניקול 6,יחידה,6.00,יחידה,false,,11.90,1.9833,true,1,3156
7290000204611,false,שישיית ספוגית הקסם ניקול 6 יחידות,קימברלי קלארק ישראל שיווק בעמ,,ספוגית הקסם ניקול 6,יחידה,6.00,יחידה,false,,10.90,1.8167,true,1,3159
7290000207162,false,רוטב עגבניות מרכיב טבעי 100 ג' יכין,זנלכול יכין,,רוטב עגבניות יכין 22,גרמים,100.00,100 גרם,false,,2.50,0.0250,true,1,7814
7290000208114,false,"אפונה וגזר יכין A2 פ""ק בית יוסף",זנלכול יכין,,אפונה וגזר יכין 550,גרמים,335.00,100 גרם,false,,8.50,0.0254,true,1,7816
7290000208213,false,שעועית לבנה אפויה A2 ברוטב עגבניות יכין 560ג',היינץ צפון אמריקה מק,,שעועית לבנה רוטב עגב,גרמים,355.00,100 גרם,false,,8.90,0.0251,true,1,7818
7290000208312,false,גרעיני תירס מתוק בואקום יכין 400 גר',"זנלכל בע""\מ",,גרעיני תירס מתוק יכי,גרמים,245.00,100 גרם,false,,6.90,0.0282,true,1,7819
7290000208329,false,גרעיני תירס מתוק יכין (550 גרם),זנלכול יכין,,גרעיני תירס מתוק יכי,גרמים,335.00,100 גרם,false,,8.50,0.0254,true,1,7820
7290000208336,false,רסק יכין 240גר 22% יכין בית יוסף,"זנלכל בע""\מ",,יכין רוטב עגבניות 26,גרמים,260.00,100 גרם,false,,4.50,0.0173,true,1,7821
7290000208428,false,גרגרי חומוס שלם 550 גרם יכין,היינץ צפון אמריקה מק,,חומוס שלם יכין 550 ג,גרמים,550.00,100 גרם,false,,8.90,0.0162,true,1,7822
7290000208893,false,גרעיני תירס מתוק לייט 400 גרם יכין,היינץ צפון אמריקה מק,,גרעיני תירס לייט יכי,גרמים,246.00,100 גרם,false,,6.90,0.0280,true,1,7823
7290000208947,false,עגבניות מרוסקות יכין (240 גרם),היינץ צפון אמריקה מק,,עגבניות מרוסקות יכין,גרמים,260.00,100 גרם,false,,6.50,0.0250,true,1,7824
7290000209012,false,חומץ 1ליטר יכין הדרים,"זנלכל בע""\מ",,חומץ 5% יכין 1 ליטר,מיליליטרים,1000.00,"100 מ""ל",false,,5.90,0.0059,true,1,7826
7290000209043,false,מיץ לימון משומר לתיבול יכין (1 ליטר),היינץ צפון אמריקה מק,,מיץ לימון משומר יכין,מיליליטרים,1000.00,"100 מ""ל",false,,6.90,0.0069,true,1,7827
7290000209371,false,מארז גרעיני תירס מתוק יכין (200x3 גרם),היינץ צפון אמריקה מק,,גרעיני תירס מתוק יכי,גרמים,420.00,100 גרם,false,,14.90,0.0355,true,1,7828
7290000209388,false,תירס מתוק לייט יכין 200 גרם מארז 3 יח',זנלכול יכין,,תירס לייט יכין 3 * 1,גרמים,369.00,100 גרם,false,,14.90,0.0404,true,1,7829
7290000209722,false,רוטב עגבניות 28% יכין (580 גרם)פריכוז,"זנלכל בע""\מ",,רוטב עגבניות פריכוז,גרמים,580.00,100 גרם,false,,10.90,0.0188,true,1,7832
7290000211169,false,"אורז תאילנדי אחד אחד סוגת 1 ק""ג",האי נאם סי או אל.טי.,,אורז תאילנדי סוגת 1,גרמים,1000.00,100 גרם,false,,6.90,0.0069,true,1,7835
7290000211312,false,סוגת אורז מלא פרסי אחד אחד 1 קג,האי נאם סי או אל.טי.,,אורז מלא ארוך סוגת 1,גרמים,1000.00,100 גרם,false,,8.90,0.0089,true,1,7836
7290000211442,false,אורז בסגנון פרסי קלאסי סוגת (1 קג),האי נאם סי או אל.טי.,,אורז פרסי קלאסי סוגת,גרמים,1000.00,100 גרם,false,,10.90,0.0109,true,1,7837
7290000211503,false,סוכר לבן ארוז בשקית,"סוגת תעשיות בע""\מ",,"סוכר לבן נייר 1 ק""ג",גרמים,1000.00,100 גרם,false,,4.50,0.0045,true,1,7838
7290000211985,false,אורז עגול ריזוטו אחד אחד 1 קג,"סוגת תעשיות בע""\מ",,אורז לבן עגול סוגת 1,גרמים,1000.00,100 גרם,false,,9.90,0.0099,true,1,7840
7290000226545,false,"עוגת טורט היער השחור קפולסקי 1 ק""ג",קפולסקי שיווק וקמעונ,,עוגת טורט היער השחור,יחידה,1000.00,יחידה,false,,64.90,0.0649,true,1,17791
7290000226569,false,עוגת טורט קצפת שוקולד קפולסקי (1 קג),תופינים מקבוצת קפולסקי,,עוגת טורט קצפת שוקול,קילוגרמים,1.00,"ק""ג",false,,64.90,64.9000,true,1,17793
7290000226576,false,"עוגת טורט מצופה שוקולד קפולסקי 1 ק""ג",תופינים מקבוצת קפולסקי,,עוגת טורט מצופה שוקו,יחידה,1000.00,יחידה,false,,64.90,0.0649,true,1,17794
7290000238036,false,מלאווח מעדנות 6 יח`700 גרם קפוא,תנובה מרכז שיתופי לשיווק תוצרת,,מלאווח מעדנות 700 גר,גרמים,700.00,100 גרם,false,,16.90,0.0241,true,1,5649
7290000238173,false,.בורקס במילוי גבינה 800 גרם מעדנות,מיוצר עי קונדיטוריית,,בורקס גבינה מעדנות 8,גרמים,800.00,100 גרם,false,,19.90,0.0249,true,1,5650
7290000238180,false,בורקס במילוי תפוא 800 גרם מעדנות,מיוצר עי קונדיטוריית,,בורקס תפוחי אדמה מעד,גרמים,800.00,100 גרם,false,,18.90,0.0236,true,1,5651
7290000244761,false,"קרם ידיים ולווטה 100 מ""ל",טרופיקל דגיל קוסמטיק,,ולוטה קרם ידיים 100,מיליליטרים,100.00,"100 מ""ל",false,,8.90,0.0890,true,1,9553
7290000245287,false,"פרסיל אבקת כביסה 1.250 ק""ג קולור ויניגר",גורי שיווק בעמ,,פרסיל אבקת כביסה 1.2,גרמים,1250.00,100 גרם,false,,15.90,0.0127,true,1,3244
7290000245379,false,משחת כלים אמה לימון,,,משחת כלים אמה לימון,גרמים,500.00,100 גרם,false,,6.90,0.0138,true,1,12252
7290000245478,false,"סוד - אבקת כביסה לבגדי תינוקות 1.25 ק""ג",גורי שיווק בעמ,,אבקת כביסה בייבי סוד,גרמים,1250.00,100 גרם,false,,12.90,0.0103,true,1,3246
7290000253220,false,שוקולדצ`יפס לאפייה 260 גר`אופנהיימר,תה ויסוצקי (ישראל) בעמ,,שוקולד צ'יפס חום 260,גרמים,260.00,100 גרם,false,,11.90,0.0458,true,1,956
7290000253244,false,מרציפן נקי אופנהיימר 86 גר,אחים מזרחי,,מרציפן 86 גרם,גרמים,86.00,100 גרם,false,,8.90,0.1035,true,1,957
7290000253251,false,נטיפי שוקולד צ`יפס לבן לאפיה 250 גרם,תה ויסוצקי (ישראל) בעמ,,שוקולד צ'יפס לבן 250,גרמים,250.00,100 גרם,false,,11.90,0.0476,true,1,958
7290000253374,false,מיני שוקולד צ`יפס 66% מוצקי קקאו אופנהיי,תה ויסוצקי (ישראל) בעמ,,מיני שוקולד צ'יפס או,גרמים,250.00,100 גרם,false,,14.90,0.0596,true,1,959
7290000261018,false,חזה עוף ארוז קפוא חת,,,חזה עוף ארוז קפוא חת,קילוגרמים,1.00,"ק""ג",true,,23.90,23.9000,true,1,13758
7290000261019,false,כנפיים עוף ארוז קפוא,,,כנפיים עוף ארוז קפוא,קילוגרמים,1.00,"ק""ג",true,,7.90,7.9000,true,1,13759
7290000261020,false,שוקיים עוף ארוז קפוא,,,שוקיים עוף ארוז קפוא,קילוגרמים,1.00,"ק""ג",true,,23.90,23.9000,true,1,13760
7290000261022,false,פרגיות עוף ארוז קפוא,,,פרגיות עוף ארוז קפוא,קילוגרמים,1.00,"ק""ג",true,,49.90,49.9000,true,1,13762
7290000261023,false,שניצל עוף פרוס ארוז,,,שניצל עוף פרוס ארוז,קילוגרמים,1.00,"ק""ג",true,,26.90,26.9000,true,1,13763
7290000261025,false,כבד עוף ארוז קפוא חת,,,כבד עוף ארוז קפוא חת,קילוגרמים,1.00,"ק""ג",true,,9.90,9.9000,true,1,13765
7290000261026,false,לבבות עוף ארוז קפוא,,,לבבות עוף ארוז קפוא,קילוגרמים,1.00,"ק""ג",true,,24.90,24.9000,true,1,13766
7290000261039,false,עוף טרי ארוז חתם סופ,,,עוף טרי ארוז חתם סופ,קילוגרמים,1.00,"ק""ג",true,,21.90,21.9000,true,1,13768
7290000261040,false,חזה טרי ארוז חתם סופ,,,חזה טרי ארוז חתם סופ,קילוגרמים,1.00,"ק""ג",true,,31.90,31.9000,true,1,13769
7290000261041,false,כרעיים טרי ארוז חתם,,,כרעיים טרי ארוז חתם,קילוגרמים,1.00,"ק""ג",true,,24.90,24.9000,true,1,13770
7290000261042,false,כנפיים טרי ארוז חתם,,,כנפיים טרי ארוז חתם,קילוגרמים,1.00,"ק""ג",true,,14.90,14.9000,true,1,13771
7290000261043,false,ירכיים טרי ארוז חתם,,,ירכיים טרי ארוז חתם,קילוגרמים,1.00,"ק""ג",true,,29.90,29.9000,true,1,13772
7290000261044,false,שוקיים טרי ארוז חתם,,,שוקיים טרי ארוז חתם,קילוגרמים,1.00,"ק""ג",true,,34.90,34.9000,true,1,13773
7290000261045,false,פרגיות טרי ארוז חתם,,,פרגיות טרי ארוז חתם,קילוגרמים,1.00,"ק""ג",true,,69.90,69.9000,true,1,13774
7290000261048,false,שניצל עוף פרוס טרי א,,,שניצל עוף פרוס טרי א,קילוגרמים,1.00,"ק""ג",true,,34.90,34.9000,true,1,13777
7290000272696,false,מיץ לימון טבעי משומר 1 ליטר עסיס כלפ,קבוצת אוסם סחר שותפות מוגבלת,,מיץ לימון משומר מרכז,מיליליטרים,1000.00,"100 מ""ל",false,,9.90,0.0099,true,1,1398
7290000272726,false,חומץ רכיבים רכיבים טבעיים 5% עסיס 1 ליטר,קבוצת אוסם סחר שותפות מוגבלת,,חומץ טבעי 5% עסיס 1,מיליליטרים,1000.00,"100 מ""ל",false,,6.90,0.0069,true,1,1399
7290000275901,false,חומוסטחינה צנובר צבר400ג,סלטי אסם 2 ב 25,,סלט חומוסטחינה וצנוב,גרמים,400.00,100 גרם,false,,12.90,0.0323,true,1,1401
7290000281382,false,נתחי פילה דג סלמון ק,,,מעדניה - נתחי פילה ס,קילוגרמים,1.00,"ק""ג",true,,89.90,89.9000,true,1,18033
7290000284316,false,קוקה -קולה בקבוק 1.5 ליטר,החברה המרכזית לייצור משקאות,,קוקה קולה 1.5 ליטר,מיליליטרים,1500.00,"100 מ""ל",false,,9.00,0.0060,true,1,8168
7290000284347,false,סודה קינלי (1.5 ליטר),החברה המרכזית להפצת משקאות בעמ,,קינלי סודה 1.5 ליטר,מיליליטרים,1500.00,"100 מ""ל",false,,4.00,0.0027,true,1,8169
7290000284361,false,קולה דיאט בקבוק 1.5 ל',החברה המרכזית לייצור משקאות,,דיאט קוקה קולה 1.5 ל,מיליליטרים,1500.00,"100 מ""ל",false,,8.80,0.0059,true,1,8170
7290000287102,false,סנו שטיחים קצף לניקוי שטיחים 600 סמק,החברה הדרומית לשיווק בעמ,,"שמפו שטיחים 600 מ""ל",מיליליטרים,600.00,"100 מ""ל",false,,20.90,0.0348,true,1,4312
7290000287195,false,"סנו רהיט ספריי עשיר בווקס להברקה 305 מ""ל",החברה הדרומית לשיווק בעמ,,סנו רהיט אירוסול 300,מיליליטרים,300.00,"100 מ""ל",false,,13.90,0.0463,true,1,4313
7290000287621,false,"אנטי קאלק נוזל לניקוי אסלות סנו 750 מ""ל",החברה הדרומית לשיווק בעמ,,מנקה אסלות wc אנטי ק,מיליליטרים,700.00,"100 מ""ל",false,,11.90,0.0170,true,1,4317
7290000288017,false,אקונומיקה בריח לימון סנו ז'אוול 1 ליטר,החברה הדרומית לשיווק בעמ,,סנו זאוול אוקונומיקה,מיליליטרים,1000.00,"100 מ""ל",false,,8.90,0.0089,true,1,4304
7290000288017,false,אקונומיקה בריח לימון סנו ז'אוול 1 ליטר,החברה הדרומית לשיווק בעמ,,סנו זאוול אוקונומיקה,מיליליטרים,1000.00,"100 מ""ל",false,,8.90,0.0089,true,1,4318
7290000288048,false,ז`אוול מרסס לניקוי כללי לבנדר סנו (1 ליט,החברה הדרומית לשיווק בעמ,,מרסס לבנדר JAVEL 1 ל,מיליליטרים,750.00,"100 מ""ל",false,,18.90,0.0252,true,1,4320
7290000288079,false,סנו - ז'אוול אקונומיקה לימון 2 ליטר,החברה הדרומית לשיווק בעמ,,אקונומיקה לימון סנו,מיליליטרים,2000.00,"100 מ""ל",false,,11.90,0.0060,true,1,4305
7290000288079,false,סנו - ז'אוול אקונומיקה לימון 2 ליטר,החברה הדרומית לשיווק בעמ,,אקונומיקה לימון סנו,מיליליטרים,2000.00,"100 מ""ל",false,,11.90,0.0060,true,1,4321
7290000288109,false,"אבקת כביסה מקסימה אפקט ג''אוול 1.25 ק""ג סנו",החברה הדרומית לשיווק בעמ,,אבקת כביסה סנו מקסימ,גרמים,1250.00,100 גרם,false,,14.90,0.0119,true,1,4322
7290000288352,false,"קוטל חרקים וזוחלים K-300 סנו 630 מ""ל",החברה הדרומית לשיווק בעמ,,קוטל חרקים קיי - 300,מיליליטרים,630.00,"100 מ""ל",false,,21.90,0.0348,true,1,4306
7290000288352,false,"קוטל חרקים וזוחלים K-300 סנו 630 מ""ל",החברה הדרומית לשיווק בעמ,,קוטל חרקים קיי - 300,מיליליטרים,630.00,"100 מ""ל",false,,21.90,0.0348,true,1,4323
7290000288383,false,"קוטל נמלים ותיקנים K-500 סנו 400 מ""ל",החברה הדרומית לשיווק בעמ,,קוטל נמלים ותיקנים ק,מיליליטרים,400.00,"100 מ""ל",false,,22.90,0.0572,true,1,4324
7290000289069,false,סנו - ז'אוול מרסס קצף ניקוי בתוספת אקונומיקה בריח לימון 1 ליטר,החברה הדרומית לשיווק בעמ,,מרסס לימון JAVEL 1 ל,מיליליטרים,1000.00,"100 מ""ל",false,,18.90,0.0189,true,1,4328
7290000289380,false,ז`אוול מונטבלאן ג`ל לאסלות סנו (750 מל),החברה הדרומית לשיווק בעמ,,ג'ל לימון לאסלות זאו,מיליליטרים,750.00,"100 מ""ל",false,,11.90,0.0159,true,1,4330
7290000289748,false,"מסיר שומנים לתנורים פורטה פלוס סנו 750 מ""ל",החברה הדרומית לשיווק בעמ,,מסיר שומנים פורטה פל,מיליליטרים,750.00,"100 מ""ל",false,,14.90,0.0199,true,1,4332
7290000291956,false,סנו אקונומיקה מונבלאן 1 ל,החברה הדרומית לשיווק בעמ,,סנו זאוול אוקונומיקה,מיליליטרים,1000.00,"100 מ""ל",false,,8.90,0.0089,true,1,4333
7290000292687,false,סנובון מוצק לניקוי אסלה קלאסיק כחול סנו 3 יחידות,החברה הדרומית לשיווק בעמ,,סנובון כחול לניקוי ה,גרמים,165.00,100 גרם,false,,16.90,0.1024,true,1,4337
7290000292915,false,רסס ונגב לניקוי כללי תרסיס סנו (750 מל),החברה הדרומית לשיווק בעמ,,רסס ונגב לניקוי וחיט,מיליליטרים,750.00,"100 מ""ל",false,,14.90,0.0199,true,1,4338
7290000293073,false,מקסימה מרכך כביסה ביו לבן סנו 4 ליטר,החברה הדרומית לשיווק בעמ,,מרכך כביסה ביו לבן ס,מיליליטרים,4000.00,"100 מ""ל",false,,21.90,0.0055,true,1,4339
7290000293943,false,"מרסס לבן מסיר אבנית 1 ליטר אנטי קאלק ""סנו""",החברה הדרומית לשיווק בעמ,,אנטי קאלק מרסס 1 ליט,מיליליטרים,1000.00,"100 מ""ל",false,,17.90,0.0179,true,1,4342
7290000295336,false,סנו מקסימה אבקת כביסה סנסטיב מילוי1.25,החברה הדרומית לשיווק בעמ,,מקסימה אבקת כביסה 1.,גרמים,1250.00,100 גרם,false,,14.90,0.0119,true,1,4345
7290000295343,false,"אבקת כביסה מקסימה ביו 1.25 ק""ג סנו",החברה הדרומית לשיווק בעמ,,מקסימה אבקת כביסה 1.,גרמים,1250.00,100 גרם,false,,14.90,0.0119,true,1,4346
7290000295367,false,"מקסימה אבקת כביסה אפקט ז'אוול סנו 2.5 ק""ג",החברה הדרומית לשיווק בעמ,,מקסימה אבקת כביסה זא,גרמים,2500.00,100 גרם,false,,25.90,0.0104,true,1,4347
7290000295558,false,"רדיד אלומיניום רוחב 30 ס""מ סנו סושי 2 יח' 7.5 מטר",החברה הדרומית לשיווק בעמ,,צמד רדיד אלומיניום,יחידה,2.00,יחידה,false,,10.90,5.4500,true,1,4350
7290000300900,false,שניצל תירס מרכיבים טבעיים טבעול 750 גרם,קבוצת אוסם סחר שותפות מוגבלת,,שניצל תירס הסדרה הקל,גרמים,750.00,100 גרם,false,,27.90,0.0372,true,1,1402
7290000311128,false,עוגיות מובחרות בטעם חמאה מן (300 גרם),רוקחמן בעמ מפעל לייצור ופלים ו,,עוגיות בטעם חמאה פרו,גרמים,300.00,100 גרם,false,,7.90,0.0263,true,1,7842
7290000311180,false,ופל ופליתעשיריות מן 250 גרם מארז 10 יחידות,ח.כהן סוכנות מזון ומשקאות בע,,וופל מן עוגיות 250 ג,יחידה,20.00,יחידה,false,,8.50,0.4250,true,1,7843
7290000311203,false,"וופלים בטעם שוקולד ""מן"" 200 גרם",רוקחמן בעמ מפעל לייצור ופלים ו,,וופלים בטעם שוקולד מ,גרמים,200.00,100 גרם,false,,5.50,0.0275,true,1,7844
7290000311210,false,"וופלים בטעם לימון ""מן"" 200 גרם",רוקחמן בעמ מפעל לייצור ופלים ו,,ופל לימון מן 200 גרם,גרמים,200.00,100 גרם,false,,5.50,0.0275,true,1,7845
7290000311425,false,ופל מצופה עשיריות מן 220 גרם מארז 10 יחידות,רוקחמן בעמ מפעל לייצור ופלים ו,,ופל מצופה אישי מן 10,גרמים,220.00,100 גרם,false,,8.90,0.0405,true,1,7849
7290000311432,false,עוגיות גרנולה קינמון ללא תוספת סוכר 200ג,"רוקחמן בע""מ",,עוגיות גרנולה קינמון,גרמים,200.00,100 גרם,false,,11.90,0.0595,true,1,22830
7290000311463,false,מן עוגיות חיטה מלאה חמאה ללא סוכר 200 גרם,"רוקחמן בע""מ",,עוגיות חיטה מלאה חמא,גרמים,200.00,100 גרם,false,,11.90,0.0595,true,1,22831
7290000311470,false,מיני ופלים בטעם שוקולד ללא סוכר מן 200 גרם,"רוקחמן בע""מ",,מיני וופלים בטעם שוק,גרמים,200.00,100 גרם,false,,12.90,0.0645,true,1,22023
7290000311500,false,וופלים מן שוקו ללא כולסטרול 500 גרם,רוקחמן בעמ מפעל לייצור ופלים ו,,ופלים שוקולד מן 500,גרמים,500.00,100 גרם,false,,9.90,0.0198,true,1,7850
7290000311708,false,מן עוגיות מחיטה מלאה 300 גרם*נ.ל.פ,רוקחמן בעמ מפעל לייצור ופלים ו,,עוגיות חיטה מלאה מן,גרמים,300.00,100 גרם,false,,7.90,0.0263,true,1,7851
7290000311715,false,מן עוגיות כוכבים בטעם שוקולד 300 גרם*נ.ל.פ,רוקחמן בעמ מפעל לייצור ופלים ו,,עוגיות כוכבים בטעם ש,גרמים,300.00,100 גרם,false,,7.90,0.0263,true,1,7852
7290000311883,false,עוגיות גרנולה ללא תוספת סוכר מן 200 גרם,רוקחמן בעמ מפעל לייצור ופלים ו,,עוגיות גרנולה ללא תו,גרמים,200.00,100 גרם,false,,11.90,0.0595,true,1,22872
7290000311890,false,מן וופל לימון ללא סוכר 180 גר-חדש,"רוקחמן בע""מ",,וופלים בטעם לימון לל,גרמים,180.00,100 גרם,false,,9.90,0.0550,true,1,22832
7290000313474,false,חומוסטחינה+פלפל חריף400ג,סלטי אסם 2 ב 25,,סלט חומוסטחינה עם פל,גרמים,400.00,100 גרם,false,,12.90,0.0323,true,1,1408
7290000318127,false,נקניקיות ביס יחיעם (380 גרם),מעדני יחיעם (1993) בעמ,,נקניקיות ביס ללא גלו,גרמים,380.00,100 גרם,false,,11.90,0.0313,true,1,9313
7290000318479,false,נקניק פרושוטו בקר יחיעם 100 גרם,מעדני יחיעם ( 1993 ) בע`מ,,פרושטו בקר 5% 28% לל,גרמים,100.00,100 גרם,false,,25.90,0.2590,true,1,9314
7290000318677,false,נקניק סלמי סרוולט יחיעם 150 גרם,מעדני יחיעם (1993) בעמ,,סלמי סרוולט בפריסה ד,גרמים,150.00,100 גרם,false,,24.90,0.1660,true,1,9315
7290000318943,false,פסטרמה של פעם מעושן 1.5% יחיעם 200 גרם,מעדני יחיעם ( 1993 ) בע`מ,,פסטרמה של פעם יחיעם,גרמים,200.00,100 גרם,false,,23.90,0.1195,true,1,9316
7290000319063,false,כתף בקר מפולפל יחיעם 150 גרם,מעדני יחיעם (1993) בעמ,,כתף בקר מעושן בציפוי,גרמים,150.00,100 גרם,false,,24.90,0.1660,true,1,9317
7290000319131,false,נקניקיות עוף יחיעם 400 גרם,מעדני יחיעם (1993) בעמ,,נקניקיות עוף ללא גלו,גרמים,400.00,100 גרם,false,,11.90,0.0298,true,1,9318
7290000319520,false,נקניק סלמי צרפתי יחיעם 100 גרם,מעדני יחיעם (1993) בעמ,,סלמי בסגנון צרפתי 25,גרמים,100.00,100 גרם,false,,19.90,0.1990,true,1,9319
7290000327051,false,שישיית סודה בטעם אננס 500 מל בקבוק,"טמפו משקאות בע""\מ",,סודה בטעם אננס שישיי,מיליליטרים,3000.00,"100 מ""ל",false,,16.70,0.0056,true,1,19291
7290000334684,false,תפוגן טבעות בצל לתנור 700 גרם,קבוצת אוסם סחר שותפות מוגבלת,,טבעות בצל תפוגן 700,גרמים,700.00,100 גרם,false,,17.90,0.0256,true,1,1411
7290000334745,false,"ציפס אמריקאי דקדק תפוגן 1.5 ק""ג",קבוצת אוסם סחר שותפות מוגבלת,,צ'יפס אמריקאי תפוגן,גרמים,1500.00,100 גרם,false,,24.90,0.0166,true,1,1412
7290000341071,false,בדין - מרכך כביסה בייבי לבן 2 ליטר,"יוניליוור ישראל שיווק בע""מ",,מרכך כביסה בייבי בדי,מיליליטרים,2000.00,"100 מ""ל",false,,16.90,0.0084,true,1,3938
7290000345208,false,תה כחול קלאסיק ויסוצקי 25 יחידות,תה ויסוצקי (ישראל) בעמ,,תה קלאסיק מעודן ויסו,יחידה,25.00,יחידה,false,,7.40,0.2960,true,1,963
7290000345260,false,תה קלאסיק מעטפות ויסוצקי 25 יחידות,תה ויסוצקי (ישראל) בעמ,,1.5/25 במעטפה,יחידה,25.00,יחידה,false,,7.90,0.3160,true,1,964
7290000345277,false,תה קלאסיק מעטפות ויסוצקי 50 יחידות,תה ויסוצקי (ישראל)בעמ,,תה קלאסיק מעטפות ויס,יחידה,50.00,יחידה,false,,12.90,0.2580,true,1,965
7290000345284,false,תה ויסוצקי קלאסי אריזה ירוקה מרובעת (100 שקיקים),תה ויסוצקי (ישראל) בעמ,,תה קלאסי טעם עשיר וי,יחידה,100.00,יחידה,false,,16.90,0.1690,true,1,966
7290000345291,false,תה ארל גרי 1.5/ 25 שקיקים ויסוצקי,תה ויסוצקי (ישראל) בעמ,,תה ארל גריי ויסוצקי,יחידה,25.00,יחידה,false,,15.90,0.6360,true,1,967
7290000346120,false,חליטת קינמון הגן הקסום ויסוצקי 25 יחידות,תה ויסוצקי (ישראל) בעמ,,חליטת קסם הקינמון הג,יחידה,25.00,יחידה,false,,17.90,0.7160,true,1,970
7290000346137,false,חליטת הילולי פירות הגן הקסום ויסוצקי 25 יחידות,תה ויסוצקי (ישראל) בעמ,,חליטת הילולי פירות ה,יחידה,25.00,יחידה,false,,17.90,0.7160,true,1,971
7290000346199,false,חליטת פירות יער הגן הקסום ויסוצקי 25 יחידות,תה ויסוצקי (ישראל) בעמ,,חליטת פירות וצמחים פ,יחידה,25.00,יחידה,false,,17.90,0.7160,true,1,973
7290000346205,false,חליטת קמומיל הגן הקסום ויסוצקי 25 יחידות,תה ויסוצקי (ישראל) בעמ,,חליטת גן קסום קמומיל,יחידה,25.00,יחידה,false,,17.90,0.7160,true,1,974
7290000346212,false,חליטת מנטה הגן הקסום ויסוצקי 25 יחידות,תה ויסוצקי (ישראל) בעמ,,חליטת מנטה הגן הקסום,יחידה,25.00,יחידה,false,,17.90,0.7160,true,1,975
7290000347738,false,תה ירוק בתוספת עלי נענע 25 שקיקים,תה ויסוצקי (ישראל) בעמ,,תה ירוק נענע ויסוצקי,יחידה,25.00,יחידה,false,,24.90,0.9960,true,1,977
7290000347752,false,תה ירוק לימונית ולואיזה 25 שקיקים *1.5 ג'' ויסוצקי,תה ויסוצקי (ישראל) בעמ,,תה ירוק לימונית ולוא,יחידה,25.00,יחידה,false,,24.90,0.9960,true,1,978
7290000363363,false,קבנוס נקניק מעושן יבש 160 גרם,תנובה מרכז שיתופי לשיווק תוצרת,,קבנוס מיוחד טירת צבי,גרמים,160.00,100 גרם,false,,14.90,0.0931,true,1,5653
7290000363899,false,נקניקיות פיקנטיות טירת צבי 400 גרם,תנובה ענף ב.ע.ד,,נקניקיות הודו פיקנטי,גרמים,400.00,100 גרם,false,,13.90,0.0348,true,1,5654
7290000364261,false,"דקניקים, סלסולי פסטרמה כתף בקר מעושנת 120 גרם",תנובה מרכז שיתופי לשיווק תוצרת,,דקניקים פסטרמה כתף ב,גרמים,120.00,100 גרם,false,,14.90,0.1242,true,1,5657
7290000364292,false,דקניקים סלסולי פסטרמה הודו על גחלים 1% טירת צבי 120 גרם,תנובה מרכז שיתופי לשיווק תוצרת,,דקניקים פסטרמה הודו,גרמים,120.00,100 גרם,false,,14.90,0.1242,true,1,5660
7290000364810,false,נקניקיות עגל 500 גרםטירת צבי,הנסיך- מפעל לייצור ט,,נקניקיות עגל 500 גרם,גרמים,500.00,100 גרם,false,,28.90,0.0578,true,1,5574
7290000364858,false,"נקניקיות עוף טרי טירת צבי 1 ק""ג",הנסיך- מפעל לייצור ט,,"נקנ' עוף טרי 1 ק""ג",קילוגרמים,1.00,"ק""ג",false,,23.90,23.9000,true,1,5575
7290000364872,false,נקניקיות עוף טירת צבי (400 גרם),טיב טירת צבי 2000,,נקניקיות עוף 400 גרם,גרמים,400.00,100 גרם,false,,11.90,0.0298,true,1,5576
7290000367590,false,פסטרמה כפרית וסלמי פריזר כפרי טירת צבי 2*400 גרם,תנובה מרכז שיתופי לשיווק תוצרת,,פסטרמה כפרית וסלמי פ,גרמים,800.00,100 גרם,false,,29.90,0.0374,true,1,5663
7290000369037,false,סלט קוביות בולגרית גבינות ניצן 200 גרם,גבינות אמיר ניצן בעמ,,סלט קוביות בולגרית 2,גרמים,200.00,100 גרם,false,,13.90,0.0695,true,1,16107
7290000369365,false,מעדן גבינה בולגרית עם חציל 9% ניצן 200 גרם,גבינות אמיר ניצן בעמ,,מעדן גבינה בולגרית ע,גרמים,200.00,100 גרם,false,,13.90,0.0695,true,1,16108
7290000369617,false,מעדן כדורי פטה בשמן מתובל ניצן 230 גרם,גבינות אמיר ניצן בעמ,,מעדן כדורי פטה בשמן,גרמים,230.00,100 גרם,false,,16.90,0.0735,true,1,16109
7290000369709,false,חמאה עירונית בתוספת ריחן ושום טרי גבינות ניצן 100 גרם,גבינות אמיר ניצן בעמ,,חמאה עירונית בתוספת,גרמים,100.00,100 גרם,false,,12.90,0.1290,true,1,16110
7290000379258,false,"חלה מתוקה קונדטוריה ארוזה ""אנג'ל""",מאפיית שלמה א. אנג'\ל בע,,חלה קונדיטוריה ארוזה,גרמים,500.00,100 גרם,false,,13.80,0.0276,true,1,1127
7290000408316,false,יוגורט דנונה דל לקטוז 200 גרם,שטראוס גרופ בעמ/מצונן,,יוגורט דנונה ביו 3%,גרמים,200.00,100 גרם,false,,3.70,0.0185,true,1,28
7290000408354,false,יוגורט עם אורז מצופה שוקולד קקאו 175 ג' דנונה,שטראוס גרופ בעמ/מצונן,,דנונה בר פצפוצים 173,גרמים,173.00,100 גרם,false,,4.60,0.0266,true,1,29
7290000412481,false,נוזל לניקוי אסלות 00 סנו (1 ליטר),החברה הדרומית לשיווק בעמ,,"סנו מנקה אסלות ""00""",מיליליטרים,1000.00,"100 מ""ל",false,,8.90,0.0089,true,1,4307
7290000412481,false,נוזל לניקוי אסלות 00 סנו (1 ליטר),החברה הדרומית לשיווק בעמ,,"סנו מנקה אסלות ""00""",מיליליטרים,1000.00,"100 מ""ל",false,,8.90,0.0089,true,1,4352
7290000416021,false,ממרח בטעם שוקולד השחר העולה (500 גרם),השחר העולה תעשית ממתקים בעמ,,ממרח שוקולד השחר 500,גרמים,500.00,100 גרם,false,,13.90,0.0278,true,1,7857
7290000416618,false,"ממרח שוקולד פרווה השחר 400 גרם כשל""פ",השחר העולה תעשית ממתקים בעמ,,שוקולד השחר פרווה 40,גרמים,400.00,100 גרם,false,,12.90,0.0323,true,1,7859
7290000419107,false,לנדוור קפה מקורי לבוקר טחון טורקי 100 גרם,קפה לנדוור בע''מ,,קפה שחור לנדוור המקו,גרמים,100.00,100 גרם,false,,8.90,0.0890,true,1,8964
7290000419909,false,לנדוור קפה שחור לבוקר טחון טורקי 100 גרם,מולינו ניקולי s.p.a,,קפה שחור בטעם אספרסו,גרמים,100.00,100 גרם,false,,7.90,0.0790,true,1,8965
7290000420332,false,פופסטאר פופקורן למיקרוגל בטעם חמאה 5 יחידות 500 גרם,"דנשר (1963) בע,מ",,פופקורן חמאה למיקרוג,יחידה,5.00,יחידה,false,,13.90,2.7800,true,1,4572
7290000449111,false,סיף פנטסטיק לניקוי כ,יוניליוור ישראל טיפו,,סיף פנטסטיק לניקוי כ,מיליליטרים,1000.00,"100 מ""ל",false,,10.40,0.0104,true,1,3940
7290000450209,false,נתחי טונה בהירה בשמן פוסידון (108 גרם),"מיוצר עי וליגר בעמ,",,טונה פוסידון 108 גרם,גרמים,108.00,100 גרם,false,,5.90,0.0546,true,1,3312
7290000450308,false,פוסידון טונה בהירה במי מלח 77 גרם,ויליגר בעמ עבור נטו,,נתחי טונה בהירה במי,גרמים,108.00,100 גרם,false,,5.90,0.0546,true,1,3447
7290000453019,false,שמרים טריים לאפייה שקית שמרית 50 ג',שטראוס גרופ בעמ/מצונן,,שימרית שמרים טריים ב,גרמים,50.00,100 גרם,false,,4.50,0.0900,true,1,30
7290000453408,false,בצק פיצה דק מצונן ומוכן לאפייה שמרית 415 גרם,שטראוס גרופ בעמ/מצונן,,בצק פיצה דק מצונן ומ,גרמים,415.00,100 גרם,false,,15.90,0.0383,true,1,32
7290000453798,false,שמרים יבשים אקטיביים שימרית 500 ג',"גי' בי' רכיבים בע""מ",,שמרים יבשים אקטיבים,גרמים,500.00,100 גרם,false,,14.90,0.0298,true,1,11243
7290000461625,false,בייגלה שמיניות מלח בייגל בייגל 400 ג',יוניליוור ישראל שיווק בע`מ,,בייגלה שמיניות חטיף,גרמים,400.00,100 גרם,false,,10.40,0.0260,true,1,3942
7290000461656,false,בייגלה מקלות מלוחים בייגל בייגל 400 גרם,"יוניליוור ישראל שיווק בע""מ",,בייגלה מקלות חטיף אפ,גרמים,400.00,100 גרם,false,,9.90,0.0248,true,1,3943
7290000461861,false,דג דג חטיף מלוח 400 גרם,בייגל את בייגל מזון 198),,חטיפי קוקטייל דג דג,גרמים,400.00,100 גרם,false,,13.30,0.0333,true,1,3946
7290000462103,false,סחוג תימני אדום חריף עדין זהבי הכרם 150 גרם,שטראוס גרופ בעמ/מצונן,,זחוק תימני אדום חריף,גרמים,150.00,100 גרם,false,,7.90,0.0527,true,1,37
7290000462141,false,סחוג אדום תימני מקורי חריף מאוד זהבי 150 גרם,שטראוס גרופ בעמ/מצונן,,זחוק תימני אדום חריף,גרמים,150.00,100 גרם,false,,7.90,0.0527,true,1,38
7290000462172,false,סחוג זחוק ירוק תימני חריף זהבי (150 גרם),שטראוס גרופ בעמ/מצונן,,זחוק תימני ירוק חריף,גרמים,150.00,100 גרם,false,,7.90,0.0527,true,1,41
7290000462202,false,זחוק חלפיניו מעושן 1,,,זחוק חלפיניו מעושן 1,גרמים,150.00,100 גרם,false,,8.90,0.0593,true,1,42
7290000462448,false,זחוק חריף בטעם לימונ,זהבי הכרם,,זחוק חריף בטעם לימונ,גרמים,150.00,100 גרם,false,,8.90,0.0593,true,1,44
7290000463698,false,סלט קרם סלק 220 גרם,צבר,,צבר קרם סלק,גרמים,220.00,100 גרם,false,,9.90,0.0450,true,1,1422
7290000464459,false,קוקטייל זיתים בית הש,בית השיטה,,קוקטייל זיתים בית הש,גרמים,540.00,100 גרם,false,,9.90,0.0183,true,1,1424
7290000465289,false,זיתים ירוקים מבוקעים,בית השיטה,,ב.הש.זיתים ירוקים מב,גרמים,340.00,100 גרם,false,,10.90,0.0321,true,1,1426
7290000467320,false,מלך החומוס אבו מרוואן 400 גרם,קבוצת אוסם סחר שותפות מוגבלת,,סלט חומוס אבו מרוואן,גרמים,400.00,100 גרם,false,,13.90,0.0348,true,1,1436
7290000467511,false,ביסלי חטיף ברביקיו אסם 55 ג',"אסם השקעות בע""מ",,ביסלי ברביקיו 55 גרם,גרמים,55.00,100 גרם,false,,3.90,0.0709,true,1,1437
7290000467887,false,ביסלי בטעם פיצה 55 גרם אסם,"אסם השקעות בע""מ",,ביסלי פיצה 55 גרם,גרמים,55.00,100 גרם,false,,3.90,0.0709,true,1,1438
7290000468747,false,ביסלי חטיף גריל אסם 55 ג',"אסם השקעות בע""מ",,ביסלי גריל 55 גרם,גרמים,55.00,100 גרם,false,,3.90,0.0709,true,1,1441
7290000468877,false,ביסלי בטעם בצל 55 גרם אסם,"אסם השקעות בע""מ",,ביסלי בצל 55 גרם,גרמים,55.00,100 גרם,false,,3.90,0.0709,true,1,1442
7290000474090,false,"חלב בקרטון 1%- 1 ליטר בד""צ - מוצר בפיקוח",*החברה המרכזית להפצת משקאותבעמ,,חלב בקרטון 1% - 1 לי,מיליליטרים,1000.00,"100 מ""ל",false,,5.86,0.0059,true,1,8331
7290000474373,false,"שמנת חמוצה 15% שומן 200 מ""ל טרה",החברה המרכזית טלהפצת משקאות בע,,שמנת חמוצה לבישול וא,מיליליטרים,200.00,"100 מ""ל",false,,2.40,0.0120,true,1,8332
7290000474502,false,גבינה לבנה טרה 5% מרכיבים טבעיים,*החברה המרכזית להפצת משקאותבעמ,,גבינה לבנה 5% טרה 25,גרמים,250.00,100 גרם,false,,4.98,0.0199,true,1,8334
7290000474540,false,גבינה טוב טעם 3% טרה 250ג' מהדרין,החברה המרכזית טלהפצת משקאות בע,,גבינה לבנה חצי קשה 3,גרמים,250.00,100 גרם,false,,11.70,0.0468,true,1,8335
7290000480107,false,קוואקר שיבולת שועל פחית 500 גרם,שטראוס פריטו ליי בעמ,,שיבולת שועל הולנדי ק,גרמים,500.00,100 גרם,false,,13.90,0.0278,true,1,512
7290000480332,false,גד גבינת גאודה בקר מ,,,גאודה בקר משולש,קילוגרמים,1.00,"ק""ג",true,,110.00,110.0000,true,1,20125
7290000480349,false,גד גאודה עיזים משולש,,,גאודה עיזים משולש,קילוגרמים,1.00,"ק""ג",true,,110.00,110.0000,true,1,20123
7290000480442,false,קוואקר שיבולת שועל בשקית 500 גרם,שטראוס פריטו ליי בע`מ,,קוואקר שיבולת שועל ש,גרמים,500.00,100 גרם,false,,12.80,0.0256,true,1,513
7290000493183,false,אבקת רוטב פטריות לבשר-30 גרם,קבוצת אוסם סחר שותפות מוגבלת,,אסם אבקת רוטב פטריות,גרמים,30.00,100 גרם,false,,4.00,0.1333,true,1,1444
7290000494944,false,קפה נמס אבקתי 50 גרם,,,קפה נמס אבקתי 50 גרם,גרמים,50.00,100 גרם,false,,5.00,0.1000,true,1,2753
7290000504025,false,ממתיק סוכרזית פטרייה עלית 300 גרם,אף.סי תבליני בגליל ב,,סוכרזית קלאסי פטרייה,יחידה,300.00,יחידה,false,,8.90,0.0297,true,1,11244
7290000504278,false,ממתיק סוכרזית אריזת פטנט 700 טבליות,אף.סי תבליני בגליל ב,,סוכרזית קלאסי פטנט 7,יחידה,700.00,יחידה,false,,14.90,0.0213,true,1,11245
7290000521008,false,יין אדום יבש של סגל (750 מל),"כרמי צבי - אחים סגל בע""\",,יין אדום יבש יקבי סג,מיליליטרים,750.00,"100 מ""ל",false,,21.90,0.0292,true,1,4833
7290000521015,false,יין לבן יבש של סגל (750 מל),פארייפאבה אגרואינדוס,,יין לבן יבש יקבי סגל,מיליליטרים,750.00,"100 מ""ל",false,,21.90,0.0292,true,1,4834
7290000521022,false,יין לבן חצי יבש של סגל (750 מל),פארייפאבה אגרואינדוס,,יין לבן חצי יבש יקבי,מיליליטרים,750.00,"100 מ""ל",false,,21.90,0.0292,true,1,4835
7290000523125,false,מלח הארץ הים האדום 250 ג' עדין,"חברת מלח הארץ אילת בע""\מ",,מלח ים יבש מלח הארץ,גרמים,250.00,100 גרם,false,,5.90,0.0236,true,1,7785
7290000523125,false,מלח הארץ הים האדום 250 ג' עדין,"חברת מלח הארץ אילת בע""\מ",,מלח ים יבש מלח הארץ,גרמים,250.00,100 גרם,false,,5.90,0.0236,true,1,7862
7290000523224,false,מלח הארץ הים האדום 500 ג' עדין,"חברת מלח הארץ אילת בע""\מ",,מלח ים דק מלח הארץ 5,גרמים,500.00,100 גרם,false,,7.90,0.0158,true,1,7863
7290000523514,false,מלח ים יבש מופחת נתרן מלח הארץ (250 גרם),"חברת מלח הארץ אילת בע""\מ",,מלח הארץ 50% מכמות ה,גרמים,250.00,100 גרם,false,,10.50,0.0420,true,1,7864
7290000523521,false,מלח ים מלח הארץ 250 גרם מועשר ביוד,חברת מלח הארץ אילת ב,,מלח הארץ מועשר ביוד,גרמים,250.00,100 גרם,false,,6.90,0.0276,true,1,7865
7290000525969,false,מיץ תפוזים סחוט רכיבים טבעיים פרימור 1 ליטר,שטראוס גרופ בעמ/מצונן,,מיץ תפוזים סחוט פרי,מיליליטרים,1000.00,"100 מ""ל",false,,16.20,0.0162,true,1,46
7290000530086,false,נקניק סלמי מעושן 7000 זוגלובק (600 גרם),נקניק נהריה כשר זוגל,,סלמי מעושן 7000 600,גרמים,600.00,100 גרם,false,,29.90,0.0498,true,1,9850
7290000530413,false,המבורגר זהב זוגלובק 400 גרם,נקניק נהריה כשר זוגל,,המבורגר זהב 400 גרם,גרמים,400.00,100 גרם,false,,19.90,0.0497,true,1,9852
7290000530598,false,נקניקיות עוף וינר זוגלובק 500 גרם,נקניק נהריה כשר זוגל,,נקניקיות וינר 500 גר,גרמים,500.00,100 גרם,false,,15.80,0.0316,true,1,9854
7290000530703,false,פסטרמה חרמון כפרית ונקניק תה מעושן זוגלובק 2*400 גרם,נקניק נהריה כשר זוגל,,תה מעושן 400 גרם + פ,גרמים,800.00,100 גרם,false,,29.90,0.0374,true,1,9856
7290000536743,false,שניצלונים קריספי ט. תירס 500 גר' זוגלובק,נקניק נהריה כשר זוגל,,קריספי סטיקס תירס 50,גרמים,500.00,100 גרם,false,,17.90,0.0358,true,1,9861
7290000537566,false,נקניקיות עוף טרי 400 ג' זוגלובק,נקניק נהריה כשר זוגל,,נקניקיות עוף זוגלובק,גרמים,400.00,100 גרם,false,,12.90,0.0323,true,1,9863
7290000538709,false,נקניק סלמי תה מעושן זוגלובק 200 גרם,נקניק זוגלובק נהריה,,תה מעושן זוגלובק 200,גרמים,200.00,100 גרם,false,,14.90,0.0745,true,1,9866
7290000552569,false,סטייקבורגר בקר טיבון ויל 400 גרם,"טיבון ויל אחזקות בע""\מ",,סטייק בורגר 400 גרם,גרמים,400.00,100 גרם,false,,19.90,0.0497,true,1,3456
7290000552934,false,בשר הודו קפוא טחון טיבון ויל (500 גרם),"טיבון ויל אחזקות בע""\מ",,בשר הודו טחון טיבון,גרמים,500.00,100 גרם,false,,13.90,0.0278,true,1,3458
7290000552989,false,בשר טחון טיבון ויל 500 גרם,"טיבון ויל אחזקות בע""\מ",,בשר טחון טיבון ויל 5,גרמים,500.00,100 גרם,false,,27.90,0.0558,true,1,3459
7290000554402,false,מעדן חלב מלבי גד (160 גרם),מחלבות גד שיווק 1992 בעמ,,מעדן חלב מלבי גד 160,גרמים,160.00,100 גרם,false,,5.50,0.0344,true,1,8515
7290000554471,false,נקניק מוצרלה 22 אחוז 180גרם גד מהדרין,מחלבות גד שיווק 1992 בעמ,,גבינת מוצרלה 22% גד,גרמים,180.00,100 גרם,false,,17.90,0.0994,true,1,8517
7290000554532,false,גבינה צפתית מעודנת במלח ים 5% 200 ג' גד,מחלבות גד שיווק 1992 בעמ,,צפתית מעודנת 5% מחלב,גרמים,200.00,100 גרם,false,,14.60,0.0730,true,1,8518
7290000554624,false,ירח מתוק מעדן חלב עם אורז 3% גד 150 גרם,מחלבות גד שיווק 1992 בעמ,,מעדן ירח מתוק 3% 150,גרמים,150.00,100 גרם,false,,5.90,0.0393,true,1,8520
7290000554686,false,גבינת לאבנה בתוספת שמן זית וזעתר 5% גד 250 גרם,מחלבות גד שיווק 1992 בעמ,,גבינת לאבנה בשמן זית,גרמים,250.00,100 גרם,false,,15.00,0.0600,true,1,8521
7290000554822,false,ריקוטה גבינה לבנה בסגנון איטלקי 5% גד 250 גרם,מחלבות גד שיווק 1992 בעמ,,ריקוטה 5% 250 גרם,גרמים,250.00,100 גרם,false,,14.90,0.0596,true,1,8522
7290000554839,false,מסקרפונה שמנת מתוקה קשה בסגנון איטלקי 40% גד 250 גרם,מחלבות גד שיווק 1992 בעמ,,גבינת מסקרפונה 40% ג,גרמים,250.00,100 גרם,false,,19.90,0.0796,true,1,8523
7290000571386,false,המחלבה יוגורמה יוגורט מחלב כבשים 5% 850 גרם,גבינות משק אחים מאיר בית,,יוגורט כבשים 850 גרם,גרמים,850.00,100 גרם,false,,24.90,0.0293,true,1,5253
7290000572208,false,חלוה בטעם וניל אחווה 100 גרם,שוורצקוף& הנקל דיסלד,,חלווה אחווה 100 גרם,גרמים,100.00,100 גרם,false,,2.90,0.0290,true,1,7867
7290000572536,false,אחווה חלווה ווניל במגש 400 גר,אחדות ביתחרושת לטחינה חלבה,,חלוה מגש וניל 400 גר,גרמים,400.00,100 גרם,false,,12.90,0.0323,true,1,7871
7290000599861,false,"מגב פלסטיק 40 ס""מ + הברגה",מ.א.ייצור ויבוא מטליות בעמ,,מגב 40 פלסטיק,יחידה,1.00,יחידה,false,,11.90,11.9000,true,1,22862
7290000604022,false,ביצים גדולות L תנובה 12 יחידות,ביצי תנובה,,12 ביצים L גדול,יחידה,12.00,יחידה,false,,12.05,1.0042,true,1,5740
7290000604022,false,ביצים גדולות L תנובה 12 יחידות,ביצי תנובה,,12 ביצים L גדול,יחידה,12.00,יחידה,false,,12.05,1.0042,true,1,5747
7290000644783,false,נתחי פילה סלמון קפוא קג,תנובה קפואים,,מנות סלמון בואקום,קילוגרמים,1.00,"ק""ג",true,,84.90,84.9000,true,1,5585
7290000654355,false,שקית גופיה רמי לוי ב,,,שקית גופיה רמי לוי ב,קילוגרמים,1.00,"ק""ג",false,,0.10,0.1000,true,1,16623
7290000654546,false,פילה אמנון 7-9 100% דג תנובה,תנובה,,פילה אמנון קפוא 7-9,קילוגרמים,1.00,"ק""ג",true,,36.90,36.9000,true,1,21190
7290000655376,false,פילה דניס קפוא בוואקום 100% דג תנובה,תנובה קפואים,,פילה דניס קפוא דגי ת,קילוגרמים,1.00,"ק""ג",true,,94.90,94.9000,true,1,21191
7290000663135,false,קוביות סלומון קפוא 100% דג 300 גרם תנובה,תנובה מרכז שיתופי לשיווק תוצרת,,קוביות סלמון קפוא דג,גרמים,300.00,100 גרם,false,,29.90,0.0997,true,1,21193
7290000688381,false,מים מינרלים פקק ספורט מי עדן (500x6 מל),יפאורה שותפות מוגבלת לשיווק,,מים מינרליים פקק ספו,מיליליטרים,3000.00,"100 מ""ל",false,,16.70,0.0056,true,1,2198
7290000688732,false,שישיית מי עדן 1.5 ליטר משפחתי,"מופק ממקור בזלתי עדן ,1",,מים מינרליים מי עדן,מיליליטרים,9000.00,"100 מ""ל",false,,14.70,0.0016,true,1,2201
7290000692227,false,נוזל כלים פלמוליב צילינדר קלאסי 1 ליטר,יבואן ומשווק: ש. שסט,,נוזל לניקוי כלים 18%,מיליליטרים,1000.00,"100 מ""ל",false,,14.50,0.0145,true,1,8970
7290000805795,false,חול לחתולים יורו קיט,דיפלומט מפיצים (1968) בעמ**,,חול חתולים 10 קג,קילוגרמים,10.00,"ק""ג",false,,34.90,3.4900,true,1,2591
7290000961804,false,דלעת חתוכה,"בכורי השדה צפון1994 ג.ד. בע""מ",,דלעת חתוכה,קילוגרמים,1.00,"ק""ג",true,,9.80,9.8000,true,1,14817
7290000995410,false,נבטים סיניים נבטי העמק,"בכורי השדה צפון1994 ג.ד. בע""מ",,נבטים סיניים נבטי הע,יחידה,1.00,יחידה,false,,6.90,6.9000,true,1,14818
7290001045169,false,מיץ תפוחי עץ צלול פרימור 1 ליטר,שטראוס גרופ בעמ/מצונן,,מיץ תפוחי עץ צלול 1,מיליליטרים,1000.00,"100 מ""ל",false,,16.20,0.0162,true,1,48
7290001045688,false,"מיץ תפוזים סחוט פרימור 400 מ""ל",שטראוס גרופ בעמ/מצונן,,משקה תפוזים פרימור 4,מיליליטרים,400.00,"100 מ""ל",false,,10.20,0.0255,true,1,53
7290001121238,false,קורנדביף 4% שומן יחיעם (180 גרם).,מעדני יחיעם ( 1993 ) בע`מ,,קורנד ביף 180גר',גרמים,180.00,100 גרם,false,,24.90,0.1383,true,1,9321
7290001123775,false,שווארמה אמיתית פרגיות טיבון ויל 500 גרם,"טיבול ויל אחזקות בע""",,שווארמה פרגיות 500 ג,גרמים,500.00,100 גרם,false,,24.90,0.0498,true,1,3462
7290001123782,false,שווארמה אמיתית הודו טיבון ויל (500 גרם),נטו מלינדה סחר בע`מ,,שווארמה הודו 500 גרם,גרמים,500.00,100 גרם,false,,29.90,0.0598,true,1,3463
7290001136683,false,"מרכך לשיער רגיל בבושם פרחים נקה 7 750 מ""ל",החברה הדרומית לשיווק בעמ,,מרכך לשיער רגיל ירוק,מיליליטרים,750.00,"100 מ""ל",false,,11.90,0.0159,true,1,4354
7290001179291,false,צלחת 9' קרם (25 יח'),,,צלחת 9' קרם (25 יח'),יחידה,25.00,יחידה,false,,12.90,0.5160,true,1,10166
7290001216040,false,טחינה גולמית שומשום טהור אל ארז 500 גרם,אגס ירוק מסחר ושירותים,,טחינה אל ארז שומשום,גרמים,500.00,100 גרם,false,,16.90,0.0338,true,1,7877
7290001216231,false,טחינה גולמית שומשום מלא אל ארז 500 גרם,אגס ירוק מסחר ושירותים,,טחינה אל ארז שומשום,גרמים,500.00,100 גרם,false,,17.20,0.0344,true,1,7878
7290001245835,false,נוזל רצפות אורנים 4 ליטר טאצ,סאסאטק אגשח בעמ,,נוזל רצפות אורנים טא,מיליליטרים,4000.00,"100 מ""ל",false,,14.90,0.0037,true,1,22044
7290001246009,false,ג'ל לכביסה אדום 3לי רמילוי,,,ג'ל לכביסה אדום 3 לי,מיליליטרים,3000.00,"100 מ""ל",false,,22.90,0.0076,true,1,2508
7290001246016,false,ג'ל לכביסה ירוק 3לי רמילוי,,,ג'ל לכביסה ירוק 3 לי,מיליליטרים,3000.00,"100 מ""ל",false,,22.90,0.0076,true,1,2509
7290001246023,false,ג'ל לכביסה כחול 3לי רמילוי,,,ג'ל לכביסה כחול 3 לי,מיליליטרים,3000.00,"100 מ""ל",false,,22.90,0.0076,true,1,2510
7290001246085,false,נוזל לניקוי חלונות 1 ליטר טאצ,סאסאטק אגשח בעמ,,מרסס ניקוי חלונות 1,מיליליטרים,1000.00,"100 מ""ל",false,,7.90,0.0079,true,1,22045
7290001246122,false,"תרסיס ניקוי כללי+ אקונומיקה 750 מ""ל טאצ",סאסאטק אגשח בעמ,,תרסיס ניקוי כללי 750,מיליליטרים,750.00,"100 מ""ל",false,,11.90,0.0159,true,1,2513
7290001246337,false,"ג'ל אסלות אורנים טאצ' 750 מ""ל",,,ג'ל אסלות אורנים 750,מיליליטרים,750.00,"100 מ""ל",false,,10.90,0.0145,true,1,2515
7290001246757,false,נוזל רצפות מלון בוטיק טאצ' 2 ליטר,סאסאטק אגשח בעמ,,נוזל רצפות מלון בוטי,מיליליטרים,2000.00,"100 מ""ל",false,,18.90,0.0094,true,1,22047
7290001246764,false,נוזל רצפות 2 ליטר ספא מפנק טא`צ,סאסאטק אגשח בעמ,,נוזל רצפות ספא טאצ 2,מיליליטרים,2000.00,"100 מ""ל",false,,18.90,0.0094,true,1,22048
7290001246801,false,נוזל רצפות פרקט טאצ' 2 ליטר,סאסאטק אגשח בעמ,,נוזל רצפות פרקט טאצ,מיליליטרים,2000.00,"100 מ""ל",false,,18.90,0.0094,true,1,22049
7290001247082,false,מיץ עגבניות רכיבים טבעיים ספרינג 1 ליטר,יפאורה שותפות מובגלת לשיווק,,ספרינג קרטוניות עגבנ,מיליליטרים,1000.00,"100 מ""ל",false,,6.50,0.0065,true,1,2203
7290001247099,false,קרטונית נקטר ספרינג מנגו 1 ליטר,יפאורה שותפות מובגלת לשיווק,,קרטוניות ספרינג מנגו,מיליליטרים,1000.00,"100 מ""ל",false,,6.80,0.0068,true,1,2204
7290001247112,false,קרטונית נקטר ספרינג לימונענע 1 ליטר,יפאורה שותפות מובגלת לשיווק,,ספרינג קרטוניות לימו,מיליליטרים,1000.00,"100 מ""ל",false,,6.80,0.0068,true,1,2205
7290001247129,false,נקטר ספרינג תפוזים קרטונית 1 ל',יפאורה שותפות מובגלת לשיווק,,ספרינג קרטוניות תפוז,מיליליטרים,1000.00,"100 מ""ל",false,,6.80,0.0068,true,1,2206
7290001247143,false,קרטונית נקטר ספרינג תפוחים 1 ליטר,יפאורה שותפות מובגלת לשיווק,,נקטר תפוחים בקרטון ס,מיליליטרים,1000.00,"100 מ""ל",false,,6.80,0.0068,true,1,2207
7290001258415,false,רוקפור באריזת ווקום יעקובס 180 גרם,גבינות משק יעקבס,,רוקפור ואקום 180גרם,גרמים,180.00,100 גרם,false,,23.90,0.1328,true,1,11125
7290001258446,false,"יעקבס יוגורט כבשים 5% 850 מ""ל",גבינות משק יעקבס,,יעקבס יוגורט כבשים 5,מיליליטרים,850.00,"100 מ""ל",false,,19.50,0.0229,true,1,11126
7290001258552,false,גבינה לאבנה בקר 250 גרם,בטר אנד דיפרנט,,לאבנה בקר 250 גרם,גרמים,250.00,100 גרם,false,,10.90,0.0436,true,1,11127
7290001258576,false,גאודה ואקום יעקובס 200 גרם,גבינות משק יעקבס,,גבינת גאודה יעקבס 20,גרמים,200.00,100 גרם,false,,19.70,0.0985,true,1,11128
7290001258668,false,גבינת עז מה 5% יעקבס 250 גרם,גבינות משק יעקבס,,גבינת עז מה 5% יעקבס,גרמים,250.00,100 גרם,false,,14.90,0.0596,true,1,11130
7290001258682,false,"יוגורט עיזים באריזה 500 מ""ל",גבינות משק יעקבס,,יעקבס יוגורט עיזים 3,מיליליטרים,500.00,"100 מ""ל",false,,13.30,0.0266,true,1,11131
7290001258729,false,לאבנה עיזים יעקובס 250 גרם,גבינות משק יעקבס,,יעקבס לאבנה עיזים 25,גרמים,250.00,100 גרם,false,,13.90,0.0556,true,1,11132
7290001258804,false,קשקבל גבינה חצי קשה יעקבס 180 גרם,גבינות משק יעקבס,,קשקבל ואקום 180 גרם,גרמים,180.00,100 גרם,false,,21.70,0.1206,true,1,11134
7290001258958,false,מוצרלה מגורדת יעקבס 200 גרם,גבינות משק יעקבס,,מוצרלה מגורדת 200 גר,גרמים,200.00,100 גרם,false,,22.50,0.1125,true,1,11135
7290001258972,false,גבינת חלומי בואקום 2,גבינות משק יעקבס,,חלומי ואקום 200 גרם,גרמים,200.00,100 גרם,false,,17.90,0.0895,true,1,11136
7290001274293,false,סנקור XL ארוך 70 גרם,פלקו בעמ חברה ישראלית,,סנקור ארוך XL,גרמים,70.00,100 גרם,false,,5.90,0.0843,true,1,21354
7290001302194,false,ביסלי בטעם פלאפל 55 גרם אסם,"אסם השקעות בע""מ",,ביסלי פלאפל אסם 55 ג,גרמים,55.00,100 גרם,false,,3.90,0.0709,true,1,1447
7290001302279,false,אוסם - במבה קלאסי 60 גרם,מיוצר עי קונדיטוריית,,במבה קלאסי 60 גרם,גרמים,60.00,100 גרם,false,,4.30,0.0717,true,1,1448
7290001305188,false,"נוזל לניקוי כלים בריח לימון פלמוליב 750 מ""ל",יבואן ומשווק: ש. שסט,,נוזל לניקוי כלים 18%,מיליליטרים,750.00,"100 מ""ל",false,,11.90,0.0159,true,1,8975
7290001327227,false,קרמיסימו ריבת חלב 1.33ל',"גלידת שטראוס בע""\מ",,גלידת ריבת חלב חלבי,מיליליטרים,1330.00,"100 מ""ל",false,,18.90,0.0142,true,1,11751
7290001327357,false,גל.קרמיסימו וניל 1.33ל',"גלידת שטראוס בע""\מ",,גלידה חלבית בטעם וני,מיליליטרים,1330.00,"100 מ""ל",false,,18.90,0.0142,true,1,11752
7290001327838,false,מאגדת מיני מגנום פולטיפק,שטראוס,,מיני מגנום וניל ושוק,יחידה,5.00,יחידה,false,,22.90,4.5800,true,1,11754
7290001343845,false,תערובת מיזלי עם פירות מיובשים 1 קג,דין שיווק וקליה 2021 בעמ,,"גרנולה פירות 1ק""ג",קילוגרמים,1.00,"ק""ג",false,,19.90,19.9000,true,1,12099
7290001385074,false,אסאדו טרי א.א.מגש קג,תנובה,,אסאדו עגל טרי,קילוגרמים,1.00,"ק""ג",true,,49.00,49.0000,true,1,20970
7290001385074,false,אסאדו טרי א.א.מגש קג,תנובה,,אסאדו עגל טרי,קילוגרמים,1.00,"ק""ג",true,,49.00,49.0000,true,1,15277
7290001385159,false,קוביות לגולש עגל טרי,,,קוביות לגולש עגל טרי,קילוגרמים,1.00,"ק""ג",true,,60.00,60.0000,true,1,15278
7290001407547,false,טחינה גולמית משומשום מלא פי 6 בארכה 500ג',קבוצת אוסם סחר שותפות מוגבלת,,בארכה טחינה שומשום מ,גרמים,500.00,100 גרם,false,,14.90,0.0298,true,1,1452
7290001407813,false,חלבה שאמית פיסטוק בקטנה בארכה 350ג',קבוצת אוסם סחר-שות.מוגבלת,,בארכה חלבה שאמית עם,גרמים,350.00,100 גרם,false,,14.90,0.0426,true,1,1455
7290001407844,false,חלבה קלאסית בטעם וניל בארכה 350 גרם,קבוצת אוסם סחר שותפות מוגבלת,,בארכה חלבה קלאסית בט,גרמים,350.00,100 גרם,false,,14.90,0.0426,true,1,1458
7290001419618,false,וופל בלגי עלמה שחור לבן וניל 200ג',מ.ד אטיאס סוכנויות מזון בע`מ,,ופלים בסגנון בלגי בט,גרמים,200.00,100 גרם,false,,3.50,0.0175,true,1,7879
7290001419779,false,"וופל קלאסי בטעם שוקולד ""עלמה"" 200 גרם",רזיט שיווק בעמ,,ופלים בטעם שוקולד על,גרמים,200.00,100 גרם,false,,3.50,0.0175,true,1,7880
7290001419892,false,"ופל קלאסי בטעם לימון ""עלמה"" 200 גרם",רזיט שיווק בעמ,,ופלים קלאסיים בטעם ל,גרמים,200.00,100 גרם,false,,3.50,0.0175,true,1,7882
7290001461105,false,לחם מחמצת לבן (ברקוד,פילסברי,,לחם מחמצת לבן,יחידה,1.00,יחידה,false,,17.90,17.9000,true,1,14331
7290001461457,false,בגט רוסטיק עם קמח מל,פילסברי,,בגט רוסטיק עם קמח מל,יחידה,1.00,יחידה,false,,8.50,8.5000,true,1,14333
7290001461563,false,עוגיות שוקולד-צ'יפס,,,עוגיות שוקולד-צ'יפס,קילוגרמים,1.00,"ק""ג",true,,59.00,59.0000,true,1,14334
7290001461860,false,עשריית פיתות פילסברי,פילסברי,,פיתה קריצה (עשיריות),יחידה,1.00,יחידה,false,,14.90,14.9000,true,1,14335
7290001468326,false,"מיץ לימון טבעי 500 מ""ל",ITAL LEMON,,מיץ לימון טבעי 500 מ,מיליליטרים,500.00,"100 מ""ל",false,,11.90,0.0238,true,1,22657
7290001468708,false,קורנפלור 500 גרם,ר.ס.,,קורנפלור 500 גרם,גרמים,500.00,100 גרם,false,,6.90,0.0138,true,1,22663
7290001468883,false,ממרח פרי בטעם ריבה 8,נאמן לאורך זמן בעמ,,ריבה נאמן שזיף משמש,גרמים,820.00,100 גרם,false,,13.90,0.0170,true,1,22666
7290001482094,false,גבינה פרמז'נו משולשים ויליפוד 200ג',ג.וילי-פוד אינטרנשיונל **גבינו,,פרמז'נו 200 גרם,גרמים,200.00,100 גרם,false,,19.90,0.0995,true,1,2791
7290001482506,false,וילי פוד חומץ בלסמי בדץ 500מל,ג. וילי-פוד אינטרנשיונל בע`מ,,חומץ בלסמי ממודנה וי,מיליליטרים,500.00,"100 מ""ל",false,,16.90,0.0338,true,1,2794
7290001485019,false,גבינת קרם שמנת טבעי 5% טרה 200 גרם,*החברה המרכזית להפצת משקאותבעמ,,גבינת קרם שמנת 5% טב,גרמים,200.00,100 גרם,false,,11.50,0.0575,true,1,8337
7290001594155,false,"קוקה-קולה בבקבוק אישי 500 מ""ל",החברה המרכזית להפצת משקאות בעמ,,"קוקה קולה 500 מ""ל",מיליליטרים,500.00,"100 מ""ל",false,,6.50,0.0130,true,1,8176
7290001594568,false,בירה בפחית קרלסברג (500 מל),החברה המרכזית להפצת משקאות בעמ,,בירה קרלסברג פחית 50,מיליליטרים,500.00,"100 מ""ל",false,,8.90,0.0178,true,1,8185
7290001594858,false,מארז שישייה בירה טובורג רד (330x6 מל),החברה המרכזית להפצת משקאות בעמ,,טובורג רד שישיה 330,מיליליטרים,1980.00,"100 מ""ל",false,,39.90,0.0202,true,1,8187
7290001594865,false,"שישייה בירה קרלסברג בקבוק 330 מ""ל",החברה המרכזית להפצת משקאות בעמ,,"קרלסברג שישיה 330 מ""",מיליליטרים,1980.00,"100 מ""ל",false,,41.70,0.0211,true,1,8188
7290001598085,false,לחם משפחתי עם דגנים מקמח מלא,מאפיית יוסף ברון,,לחם קסטן משפחתי חיטה,גרמים,1000.00,100 גרם,false,,16.90,0.0169,true,1,19715
7290001598115,false,לחם בריאות מקמח מלא 700 גר,מאפיית יוסף ברון,,לחם חיטה מלאה 700 גר,גרמים,700.00,100 גרם,false,,12.90,0.0184,true,1,19716
7290001598122,false,לחם מיוחד - צהוב מקמח שיפון וקמח מלא,קונדיטוריית ברון,,לחם מיוחד שיפון עם ח,גרמים,700.00,100 גרם,false,,12.90,0.0184,true,1,19717
7290001598191,false,לחם קל שיפון מלא מהדרין 700גר,מאפיית יוסף ברון בעמ,,לחם שיפון קל ברון 55,גרמים,550.00,100 גרם,false,,12.90,0.0235,true,1,19718
7290001598276,false,"לחם 7 דגנים קל מקמח חיטה מלא ללא שמרים 1.1 ק""ג הברון",מאפיית יוסף ברון,,לחם קסטן מחמצת עם דג,גרמים,1000.00,100 גרם,false,,16.90,0.0169,true,1,19719
7290001598429,false,פרנה מרוקאית חמשת 4,מאפיית יוסף ברון בעמ,,לחם פרנה ברון 520 גר,גרמים,520.00,100 גרם,false,,12.90,0.0248,true,1,19720
7290001598580,false,פיתות כוסמין 6יח 99 קלוריות,מאפיית יוסף ברון בעמ,,פיתות כוסמין חמשת מי,גרמים,372.00,100 גרם,false,,16.90,0.0454,true,1,19725
7290001598597,false,פיתה כוסמין 99 קלוריות,,,פיתה 99 קלוריות חמשת,גרמים,300.00,100 גרם,false,,15.90,0.0530,true,1,19726
7290001598856,false,פיתות כוסמין ביס חמש,,,פיתות כוסמין ביס חמש,גרמים,400.00,100 גרם,false,,15.90,0.0398,true,1,19727
7290001648643,false,מארז קפה טורקי כתר 100X3 גרם,רוני רג'ואן ושות,,קפה כתר 3 * 100 גרם,יחידה,0.00,יחידה,false,,12.80,0.0000,true,1,2755
7290001789735,false,סט 3 קופסאות מלבניות,,,סט 3 קופסאות מלבניות,יחידה,3.00,יחידה,false,,10.90,3.6333,true,1,23039
7290001791349,false,אקונומיקה פיסגה ריחנית סנו (4 ליטר),החברה הדרומית לשיווק בעמ,,אקונומיקה ריחנית פיס,מיליליטרים,4000.00,"100 מ""ל",false,,11.90,0.0030,true,1,4355
7290001791776,false,"סנו-די דוחה יתושים רול און עם אלוורה סנו 50 מ""ל",החב. הדרומית לשיווק,,סנו די רול און פלוס,מיליליטרים,50.00,"100 מ""ל",false,,19.90,0.3980,true,1,4308
7290001791776,false,"סנו-די דוחה יתושים רול און עם אלוורה סנו 50 מ""ל",החב. הדרומית לשיווק,,סנו די רול און פלוס,מיליליטרים,50.00,"100 מ""ל",false,,19.90,0.3980,true,1,4356
7290001817377,false,צ`יטוס איקס עיגול בטעם פיצה 60 גרם,"שטראוס פריטו ליי בע""\מ )",,ציטוס איקס עיגול 60,גרמים,60.00,100 גרם,false,,3.50,0.0583,true,1,514
7290001842959,false,סטייק סינטה דק טרי קג,,,סטייק דקה,קילוגרמים,1.00,"ק""ג",true,,120.00,120.0000,true,1,15279
7290001985311,false,מאגדת מיני מגנום לבן+שקד,שטראוס,,מיני מגנום לבן ומיני,יחידה,5.00,יחידה,false,,22.90,4.5800,true,1,11756
7290001990148,false,"סוכר גולדן קלאסי בצנצנת 1 ק""ג סוגת",האי נאם סי או אל.טי.,,סוכר גולדן קלאסי בצנ,קילוגרמים,1.00,"ק""ג",false,,12.90,12.9000,true,1,7883
7290002019787,false,רוטב עגבניות מרוכז מאוד 260 גרם פריניר,ח.כהן סוכנות מזון ומשקאות בע,,פריניר רוטב עגבניות,גרמים,260.00,100 גרם,false,,3.90,0.0150,true,1,7886
7290002019794,false,רוטב עגבניות מרוכז מאוד 100 גרם פריניר,ח.כהן סוכנות מזון ומשקאות בע,,רסק עגבניות פריניר 1,גרמים,100.00,100 גרם,false,,1.90,0.0190,true,1,7887
7290002043072,false,אקסטרה פריכיות אורז חום מלא בציפוי שוקולד חלב 70 גרם,א.ל.ייצור ושיווק תבלינים בעמ,,פריכוני אורז חום מלא,גרמים,70.00,100 גרם,false,,9.20,0.1314,true,1,8710
7290002043096,false,אקסטרה פריכוני אורז בציפוי שוקולד לבן בלגי,א.ל.ייצור ושיווק תבלינים בעמ,,פריכוני אורז חום מלא,גרמים,70.00,100 גרם,false,,9.20,0.1314,true,1,8711
7290002043188,false,אקסטרה צ'יפס אורז חום מלא צ'ילי חריף 60 גרם,א.ל ייצור ושיווק תבלינים בעמ,,ציפס אורז חום מלא צי,גרמים,60.00,100 גרם,false,,7.20,0.1200,true,1,8714
7290002043225,false,אקסטרה צ'יפס אורז חום מלא פפריקה 60 גרם,א.ל.ייצור ושיווק תבלינים בעמ,,ציפס אורז חום מלא פפ,גרמים,60.00,100 גרם,false,,7.20,0.1200,true,1,8716
7290002043782,false,אקסטרה צ'יפס אורז חום מלא טקסס ברביקיו 60 גרם,א.ל.ייצור ושיווק תבלינים בעמ,,ציפס אורז חום מלא טק,גרמים,60.00,100 גרם,false,,7.20,0.1200,true,1,8720
7290002057017,false,זיתים ירוקים נובו קבוצת יבנה (540 גרם),קבוצת יבנה מוצרי מזון אגודה שי,,זיתים נובו ענק יבנה,גרמים,540.00,100 גרם,false,,9.90,0.0183,true,1,7888
7290002057031,false,זיתים מבוקעים פיקנטי קבוצת יבנה 340 גרם,"קבוצת יבנה מוצרי מזון בע""מ",,זיתים מבוקעים פיקנטי,גרמים,560.00,100 גרם,false,,8.90,0.0159,true,1,7889
7290002057048,false,זית סורי מתובל בשמן קבוצת יבנה 560 גרם,"קבוצת יבנה מוצרי מזון בע""מ",,זית סורי מבוקע 540 ג,גרמים,540.00,100 גרם,false,,10.90,0.0202,true,1,7890
7290002057055,false,זית סורי שלם בטעם שום יבנה 340 גרם,קבוצת יבנה מוצרי מזון בעמ,,זית סורי ירוק יבנה 5,גרמים,540.00,100 גרם,false,,10.90,0.0202,true,1,7891
7290002057123,false,זיתים ירוקים מנזנילו קבוצת יבנה 560 גרם,קבוצת יבנה מוצרי מזון אגודה שי,,זית חרוזית ירוק 275,גרמים,275.00,100 גרם,false,,9.50,0.0345,true,1,7892
7290002057185,false,טבעות זיתים ירוקים קבוצת יבנה 560 גרם,קבוצת יבנה מוצרי מזון אגודה שי,,טבעות זיתים ירוקים ‏,גרמים,275.00,100 גרם,false,,9.90,0.0360,true,1,7894
7290002057369,false,מלפפונים במלח ‏12‏-‏10‏ קבוצת יבנה 320 גרם,"קבוצת יבנה מוצרי מזון בע""מ",,מלפפון קטן במלח 540,גרמים,540.00,100 גרם,false,,7.90,0.0146,true,1,7898
7290002057376,false,מלפפונים במלח ‏17‏-‏13‏ קבוצת יבנה 320 גרם,"קבוצת יבנה מוצרי מזון בע""מ",,מלפפון קטן במלח 540,גרמים,540.00,100 גרם,false,,9.90,0.0183,true,1,7899
7290002057383,false,מלפפון יבנה במלח קטנים מאוד 18-25 320 גר יבנה,"קבוצת יבנה מוצרי מזון בע""מ",,מלפפון קטן במלח 18-2,גרמים,540.00,100 גרם,false,,12.90,0.0239,true,1,7900
7290002057468,false,מלפפון יבנה בחומץ בינוניים 10-12 290 גרם,"קבוצת יבנה מוצרי מזון בע""מ",,מלפפון בחומץ 10-12 י,גרמים,290.00,100 גרם,false,,7.90,0.0272,true,1,7903
7290002057475,false,מלפפונים בחומץ ‏17‏-‏13 קבוצת יבנה 290 גרם,קבוצת יבנה מוצרי מזון אגודה שי,,מלפפון קטן בחומץ 13-,גרמים,560.00,100 גרם,false,,9.90,0.0177,true,1,7904
7290002057628,false,זיתים מושחרים טבעות קבוצת יבנה (540 גרם),קבוצת יבנה מוצרי מזון אגודה שי,,זיתים מושחרים טבעות,גרמים,540.00,100 גרם,false,,9.90,0.0183,true,1,7907
7290002057734,false,זיתים חרוזית מושחר קבוצת יבנה 275 גרם,קבוצת יבנה מוצרי מזון בעמ,,זיתים מושחרים ללא גל,גרמים,540.00,100 גרם,false,,8.90,0.0165,true,1,7909
7290002057819,false,גמבה רצועות פלפל אדום A2 יבנה 300 גרם,קבוצת יבנה מוצרי מזון בעמ,,רצועות פלפל אדום 540,יחידה,540.00,יחידה,false,,6.90,0.0128,true,1,7910
7290002065555,false,שישיית לחמנייה הכי רכה בהפסקה אנג'ל 450 גרם,מאפיית שלמה א. אנג'\ל בע,,הלחמניה - לחמניות רכ,יחידה,6.00,יחידה,false,,11.90,1.9833,true,1,1124
7290002065555,false,שישיית לחמנייה הכי רכה בהפסקה אנג'ל 450 גרם,מאפיית שלמה א. אנג'\ל בע,,הלחמניה - לחמניות רכ,יחידה,6.00,יחידה,false,,11.90,1.9833,true,1,1128
7290002065616,false,לחם שיפון גרעינים פרוס אחדות (750 גרם),מאפיית שלמה א. אנג'\ל בע,,לחם שיפון גרעינים פר,גרמים,750.00,100 גרם,false,,12.90,0.0172,true,1,1129
7290002077268,false,מיני קציצות דג לבישול 500 גרם קהילות,האי נאם סי או אל.טי.,,קציצות דג מיני 500 ג,גרמים,500.00,100 גרם,false,,21.90,0.0438,true,1,19174
7290002079033,false,לחם דגנים לייט פרוס 500 גרם,מאפיית דוידוביץ ובניו בע,,לחם דגנים לייט 500 ג,גרמים,500.00,100 גרם,false,,12.90,0.0258,true,1,14693
7290002079217,false,מחמצת עם אגוזים שיפון 650 ג',מאפיית דוידוביץ ובני,,מחמצת עם אגוזים שיפו,גרמים,650.00,100 גרם,false,,13.90,0.0214,true,1,14695
7290002079361,false,לחמניות המבורגר חתוך 6+2*60 ג',מאפיית דוידוביץ ובני,,מארז המבורגר 2+6 יחי,יחידה,8.00,יחידה,false,,18.90,2.3625,true,1,14698
7290002079477,false,לחם אחיד פרוס דוידוב,מאפיית דוידוביץ ובניו בע,,לחם אחיד פרוס 750 גר,גרמים,750.00,100 גרם,false,,6.90,0.0092,true,1,14690
7290002079477,false,לחם אחיד פרוס דוידוב,מאפיית דוידוביץ ובניו בע,,לחם אחיד פרוס 750 גר,גרמים,750.00,100 גרם,false,,6.90,0.0092,true,1,14700
7290002079996,false,לחם אחיד קל פרוס 750 גרם,מאפיית דוידוביץ ובני,,לחם אחיד קל פרוס 750,גרמים,750.00,100 גרם,false,,11.90,0.0159,true,1,14704
7290002105190,false,פילה מדומה 6 בקר קפוא מחפוד,עוף ירושלים,,פילה מדומה קפוא מחפו,קילוגרמים,1.00,"ק""ג",true,,59.90,59.9000,true,1,14024
7290002105220,false,שריר הזרוע 8 צרכני בקר קפוא מחפוד,,,שריר הזרוע 8 צרכני ב,קילוגרמים,1.00,"ק""ג",true,,59.90,59.9000,true,1,14025
7290002107071,false,גבינת פטה עיזים מעודנת 16% משק צוריאל 200 גרם,החברה המרכזית טלהפצת משקאות בע,,פטה עיזים מעודנת 16%,גרמים,200.00,100 גרם,false,,23.70,0.1185,true,1,8341
7290002107491,false,גבינה לבנה מחלב עיזים למריחה 5% משק צוריאל 250 גרם,*החברה המרכזית להפצת משקאותבעמ,,גבינת עיזים למריחה 5,גרמים,250.00,100 גרם,false,,15.90,0.0636,true,1,8343
7290002128205,false,נרות לא נוטפים 45יח-מנורה,,,נרות חנוכה לוקס 45 י,יחידה,45.00,יחידה,false,,6.90,0.1533,true,1,7911
7290002130567,false,דבש דבורים טהור פרחי בר יד מרדכי 350 גרם,מכוורת יד מרדכי שטראוס ב,,דבש טהור יד מרדכי 35,גרמים,350.00,100 גרם,false,,18.90,0.0540,true,1,11250
7290002130581,false,דבש טהור מפרחי בר יד מרדכי (1 קג),מכוורת יד מרדכי שטראוס ב,,"דבש טהור 1 ק""ג",גרמים,1000.00,100 גרם,false,,42.90,0.0429,true,1,11252
7290002157953,false,מארז נתחי טונה בהירה בשמן קנולה - 4 יחידות,נטו מלינדה סחר בע`מ,,טונה ויליגר שמן קנול,גרמים,560.00,100 גרם,false,,19.90,0.0355,true,1,3472
7290002157960,false,טונה ויליגר רביעייה 140 גר במי מלח,נטו מילנדה סחר בעמ*,,רביעיית טונה במים 56,גרמים,560.00,100 גרם,false,,19.90,0.0355,true,1,20556
7290002190141,false,ריבת חלב 450 גר`גלעם קומידה,תומר יבוא ושיווק מוצרי מזון (1,,ריבת חלב 7% חלבי קונ,גרמים,450.00,100 גרם,false,,13.90,0.0309,true,1,20047
7290002200642,false,מסטיקס מג'יק סטיק (ס,מ.מסטיקס,,מסטיקס מג'יק סטיק (ס,גרמים,25.00,100 גרם,false,,3.50,0.1400,true,1,17576
7290002253105,false,שום במגשית 20 שיניים כתושות קפוא 80,קבוצת אוסם סחר-שות.מוגבלת,,דורות קוביות שום טרי,גרמים,80.00,100 גרם,false,,11.90,0.1488,true,1,1461
7290002263562,false,מיץ לימון משומר( 200 מל)תבליני מימון,א.ל.ייצור ושיווק תבלינים בעמ,,"מיץ לימון 200 מ""ל 10",מיליליטרים,200.00,"100 מ""ל",false,,6.70,0.0335,true,1,8723
7290002281382,false,נתחי סלמון נורווגי דלידג קפוא,נטו מלינדה סחר בע`מ,,מעדניה - נתחי פילה ס,קילוגרמים,1.00,"ק""ג",true,,89.90,89.9000,true,1,18034
7290002281382,false,נתחי סלמון נורווגי דלידג קפוא,נטו מלינדה סחר בע`מ,,מעדניה - נתחי פילה ס,קילוגרמים,1.00,"ק""ג",true,,89.90,89.9000,true,1,3476
7290002281436,false,סטייק דג טונה בהירה קפוא ללא עור,בין דין פישרי ויאטנם,,סטייק טונה בהירה,קילוגרמים,1.00,"ק""ג",true,,54.90,54.9000,true,1,3348
7290002327042,false,"בורקס תפו""א 800 גר' שלושת האופים קהילות",נטו מלינדה סחר בע`מ,,בורקס תפוחי אדמה שלו,גרמים,800.00,100 גרם,false,,19.90,0.0249,true,1,3506
7290002327059,false,"בצק עלים 1 ק""ג שלושת האופים קהילות",נטו מלינדה סחר בע`מ,,בצק עלים מרודד שלושת,גרמים,1000.00,100 גרם,false,,21.90,0.0219,true,1,3507
7290002331018,false,"נביעות מים עם פקק ספורט 500מ""ל",החברה המרכזית להפצת משקאות בעמ,,מים מינרלים נביעות 5,מיליליטרים,500.00,"100 מ""ל",false,,3.90,0.0078,true,1,8189
7290002331025,false,"מים מינרלים נביעות ספורט 500 מ""ל פקדון",החברה המרכזית להפצת משקאות בעמ,,נביעות TO GO 500,מיליליטרים,500.00,"100 מ""ל",false,,3.90,0.0078,true,1,8190
7290002331162,false,נביעות מים מינרלים 1.5ל',החברה המרכזית להפצת משקאות בעמ,,מים מינרליים נביעות,מיליליטרים,1500.00,"100 מ""ל",false,,4.20,0.0028,true,1,8194
7290002331322,false,שישיית מים נביעות 1.5 ליטר,נביעות טבע הגליל בעמ,,מים מינרילים נביעות,ליטרים,9.00,ליטר,false,,11.90,1.3222,true,1,8196
7290002331490,false,מים מינרלים נביעות (1 ליטר),החברה המרכזית להפצת משקאות בעמ,,נביעות 1 ליטר,מיליליטרים,1000.00,"100 מ""ל",false,,3.60,0.0036,true,1,8200
7290002342038,false,מיקרופייבר לניקוי והברקת זכוכיות,,,מיקרופייבר זכוכית JU,יחידה,1.00,יחידה,false,,8.50,8.5000,true,1,9710
7290002345015,false,סינטה דק דק אל גאוצ'ו 250ג' מינוט,"טיבון ויל אחזקות בע""\מ",,סינטה דקדק 250 גרם,גרמים,250.00,100 גרם,false,,27.90,0.1116,true,1,22997
7290002345152,false,לימון כבוש 250 גרם רמי לוי,,,סלט לימון כבוש 250 ג,גרמים,250.00,100 גרם,false,,12.90,0.0516,true,1,12355
7290002345275,false,פילה דג סלמון מעושן 100 גר,,,סלמון מעושן 100 גרם,גרמים,100.00,100 גרם,false,,19.90,0.1990,true,1,12359
7290002345282,false,נתחי פילה סלמון קפוא דלידג,נטו מלינדה סחר בע`מ,,נתחי סלמון דלידג,קילוגרמים,1.00,"ק""ג",true,,89.90,89.9000,true,1,3517
7290002345435,false,פילה מרלוזה ארגנטינאיתקפ,דלידג - נטו,,פילה מרלוזה ארגנטינא,קילוגרמים,1.00,"ק""ג",true,,27.90,27.9000,true,1,3351
7290002349044,false,ספוג הקסם שלישייה-רמ,,,ספוג הקסם שלישייה-רמ,יחידה,3.00,יחידה,false,,8.90,2.9667,true,1,12291
7290002349228,false,ספוג פלא עם שכבה ירוקה רמי לוי,,,ספוג פלא עם שכבה ירו,יחידה,1.00,יחידה,false,,8.90,8.9000,true,1,12292
7290002353836,false,סרדינים רוברט בשמן זית 115 גרם,קונסרבס פורטוגל נורטה,,סרדינים רוברט בשמן ז,גרמים,120.00,100 גרם,false,,8.90,0.0742,true,1,3518
7290002360285,false,חליטת צמחים פומפדור קמומיל 20 יחידות,ש. שסטוביץ בע`מ,,חליטת צמחים קמומיל פ,גרמים,30.00,100 גרם,false,,15.90,0.5300,true,1,8978
7290002371526,false,דקניקים סלסולי פסטרמה שום וצילי פיקנטי טירת צבי 120 גרם,תנובה מרכז שיתופי לשיווק תוצרת,,סלסולי פסטרמה שום וצ,גרמים,120.00,100 גרם,false,,14.90,0.1242,true,1,5668
7290002381808,false,נר נשמה שלהבת 24 שעות,,,נר נשמה 24 שעות,יחידה,1.00,יחידה,false,,1.90,1.9000,true,1,26659
7290002404583,false,יין קברנה סדרת היוצר בראשית*,יקבי ארזה ת.ר.ז. בעמ,,יין בראשית קברנה 750,מיליליטרים,750.00,"100 מ""ל",false,,39.90,0.0532,true,1,19582
7290002447085,false,רצועות שווארמה טרי א.א ק,תנובה,,רצועות שווארמה עגל ט,קילוגרמים,1.00,"ק""ג",true,,69.00,69.0000,true,1,15280
7290002447146,false,שניצל עגל א.אדום טריארוז,תנובה,,שניצל עגל טרי,קילוגרמים,1.00,"ק""ג",true,,84.90,84.9000,true,1,15281
7290002488057,false,"תמר מגהול פרימיום 2 ק""",,,תמר מגהול פרימיום 2,קילוגרמים,2.00,"ק""ג",false,,44.90,22.4500,true,1,868
7290002507604,false,פיצה שגב השף מאיטליה 350 גרם,האי נאם סי או אל.טי.,,פיצת השף שגב 320 גרם,גרמים,320.00,100 גרם,false,,16.90,0.0528,true,1,3530
7290002542780,false,"שישייה בירה סטלה ארטואה בקבוק 330X6 מ""ל","אינבב, ברוורייפליין",,סטלה ארטואה שישיה -3,מיליליטרים,1980.00,"100 מ""ל",false,,37.90,0.0191,true,1,21429
7290002543046,false,דגני בוקר קלוגס פרוסטיס 750 גרם,דיפלומט מפיצים (1968) בעמ**,,קלוגס פרוסטיס 750 גר,גרמים,750.00,100 גרם,false,,17.90,0.0239,true,1,2595
7290002570963,false,בגט רוסטיק,,,בגט רוסטיק,יחידה,1.00,יחידה,false,,8.50,8.5000,true,1,14338
7290002603498,false,פיצת השף מאיטליה CHEF שגב אנטיפסטי 220,האי נאם סי או אל.טי.,,פיצה אפויה עם אנטיפס,גרמים,220.00,100 גרם,false,,16.90,0.0768,true,1,3536
7290002603801,false,קובה למרק 600 גר רמי לוי,,,קובה למרק 600 גרםרמי,גרמים,600.00,100 גרם,false,,11.90,0.0198,true,1,12366
7290002603887,false,קובה מטוגן 600 גר רמי לוי,,,קובה בשר 600 גרם רמי,גרמים,600.00,100 גרם,false,,11.90,0.0198,true,1,12374
7290002603948,false,"מאפה פסטל תפו""א 600 גר רמי לוי",,,פסטל תפוא 600 גרם רמ,גרמים,600.00,100 גרם,false,,11.90,0.0198,true,1,12380
7290002603962,false,"מאפה סיגר תפו""א 600 גר רמי לוי",,,סיגרים תפוא 600 גרם,גרמים,600.00,100 גרם,false,,11.90,0.0198,true,1,12382
7290002603986,false,פיצה מרגריטה זוג 640 גרם רמי לוי,,,פיצה מרגריטה רמי לוי,גרמים,640.00,100 גרם,false,,20.90,0.0327,true,1,21166
7290002603993,false,פיצה מרגריטה זיתים 340 גר רמי לוי,,,פיצה מרגריטה זית רמי,גרמים,340.00,100 גרם,false,,12.90,0.0379,true,1,21167
7290002608127,false,בייגל רומני פילסברי,ג נרל מילס ישראל בעמ,,בייגל רומני,יחידה,1.00,יחידה,false,,4.90,4.9000,true,1,14340
7290002608202,false,לחם כוסמין מלא בחוש,פילסברי,,לחם כוסמין מלא בחוש,יחידה,1.00,יחידה,false,,17.90,17.9000,true,1,14341
7290002608370,false,לחמניית בגט (רבע בגט,,,לחמניית בגט ( רבע בג,יחידה,1.00,יחידה,false,,2.00,2.0000,true,1,14343
7290002608509,false,לחם מחמצת זיתי קלמנט,,,לחם מחמצת זיתי קלמטה,יחידה,1.00,יחידה,false,,17.90,17.9000,true,1,14345
7290002610182,false,חזה עוף קפוא ארוז חתם סופר,,,חזה עוף ארוז קפוא חת,קילוגרמים,1.00,"ק""ג",true,,23.90,23.9000,true,1,14129
7290002610199,false,כנפיים עוף קפוא ארוז חתם סופר,,,כנפיים עוף ארוז קפוא,קילוגרמים,1.00,"ק""ג",true,,7.90,7.9000,true,1,14130
7290002610205,false,שוקיים עוף ארוז קפוא חתם סופר,,,שוקיים עוף ארוז קפוא,קילוגרמים,1.00,"ק""ג",true,,23.90,23.9000,true,1,14131
7290002610229,false,פרגיות עוף קפוא ארוז חתם סופר,,,פרגיות עוף ארוז קפוא,קילוגרמים,1.00,"ק""ג",true,,49.90,49.9000,true,1,14133
7290002610236,false,שניצל עוף פרוס ארוז קפוא חתם סופר,,,שניצל עוף פרוס ארוז,קילוגרמים,1.00,"ק""ג",true,,26.90,26.9000,true,1,14134
7290002610250,false,כבד עוף קפוא ארוז חתם סופר,,,כבד עוף ארוז קפוא חת,קילוגרמים,1.00,"ק""ג",true,,9.90,9.9000,true,1,14136
7290002610267,false,לבבות עוף קפוא ארוז חתם סופר,,,לבבות עוף ארוז קפוא,קילוגרמים,1.00,"ק""ג",true,,24.90,24.9000,true,1,14137
7290002610397,false,עוף שלם טרי ארוז חתם סופר,,,עוף טרי ארוז חתם סופ,קילוגרמים,1.00,"ק""ג",true,,21.90,21.9000,true,1,14139
7290002610403,false,חזה עוף טרי ארוז חתם סופר,,,חזה טרי ארוז חתם סופ,קילוגרמים,1.00,"ק""ג",true,,31.90,31.9000,true,1,14140
7290002610410,false,כרעיים עוף טרי ארוז חתם סופר,,,כרעיים טרי ארוז חתם,קילוגרמים,1.00,"ק""ג",true,,24.90,24.9000,true,1,14141
7290002610427,false,כנפיים עוף טרי ארוז חתם סופר,,,כנפיים טרי ארוז חתם,קילוגרמים,1.00,"ק""ג",true,,14.90,14.9000,true,1,14142
7290002610434,false,ירכיים עוף טרי ארוז חתם סופר,,,ירכיים טרי ארוז חתם,קילוגרמים,1.00,"ק""ג",true,,29.90,29.9000,true,1,14143
7290002610441,false,שוקיים עוף טרי ארוז חתם סופר,,,שוקיים טרי ארוז חתם,קילוגרמים,1.00,"ק""ג",true,,34.90,34.9000,true,1,14144
7290002610458,false,פרגיות עוף טרי ארוז חתם סופר,,,פרגיות טרי ארוז חתם,קילוגרמים,1.00,"ק""ג",true,,69.90,69.9000,true,1,14145
7290002610489,false,שניצל עוף טרי ארוז חתם סופר,,,שניצל עוף פרוס טרי א,קילוגרמים,1.00,"ק""ג",true,,34.90,34.9000,true,1,14148
7290002627135,false,פיצה איטלקית ד.גבינה 340 ג,,,פיצה אקסטרא גבינה רמ,גרמים,340.00,100 גרם,false,,12.90,0.0379,true,1,21168
7290002627210,false,גפילטע פיש קציצות מדגי קרפיון וכסיף בצנצנת 560 גרם,האי נאם סי או אל.טי.,,גפילטעפיש בצנצנת 560,מיליליטרים,560.00,"100 מ""ל",false,,13.90,0.0248,true,1,3540
7290002663805,false,משקה שוופס מי טוניק,יפאורה שותפות מובגלת לשיווק,,שוופס טוניק 1.5 ליטר,מיליליטרים,1500.00,"100 מ""ל",false,,10.20,0.0068,true,1,2211
7290002710004,false,ביצים אורגניות מן הטבע 12 יחידות,מן הטבע בארותיים,,ביצים אורגניות מן הט,יחידה,12.00,יחידה,false,,22.90,1.9083,true,1,17234
7290002710110,false,מן הטבע ביצי חופש 12יח.,מן הטבע בארותיים,,ביצי חופש מן הטבע 12,יחידה,12.00,יחידה,false,,16.90,1.4083,true,1,17235
7290002730262,false,נוזל לניקוי כלים קלאסי פלמוליב (750 מל),יבואן ומשווק: ש. שסט,,נוזל כלים 18% קלאסי,מיליליטרים,750.00,"100 מ""ל",false,,11.90,0.0159,true,1,8979
7290002730521,false,צימרוני אוזניים בלונס בקופסא 200 יח',ש. שסטוביץ בע`מ,,בלונס מקלות אוזניים,יחידה,200.00,יחידה,false,,5.90,0.0295,true,1,8981
7290002730538,false,פדיות להסרת איפור בלונס 80 יחידות,הנסיך- מפעל לייצור ט,,בלונס מסיר איפור 80,יחידה,80.00,יחידה,false,,8.90,0.1113,true,1,8982
7290002730675,false,"קולגייט משחת שיניים אדומה משפחתי 100 מ""ל",קולגייט-פלמוליב,,קולגייט משחה אדומה מ,מיליליטרים,100.00,"100 מ""ל",false,,10.90,0.1090,true,1,8983
7290002730941,false,כדורי צמר גפן בלונס 100 יחידות,הנסיך- מפעל לייצור ט,,בלונס צמר גפן 100 גר,גרמים,100.00,100 גרם,false,,6.50,0.0650,true,1,8986
7290002735809,false,בצק עלים רמי לוי 1קג,ינון,,רמי לוי בצק עלים 1 ק,גרמים,1000.00,100 גרם,false,,12.90,0.0129,true,1,8586
7290002735823,false,מלווח רמי לוי 700 גרם,ינון,,מלווח רמי לוי 700 גר,גרמים,700.00,100 גרם,false,,12.90,0.0184,true,1,8588
7290002735847,false,בורקס גבינה רמי לוי 800 גרם,ינון,,רמי לוי בורקס גבינה,גרמים,800.00,100 גרם,false,,13.90,0.0174,true,1,8590
7290002735854,false,גחנון אפוי רמי לוי 600 גרם,ינון,,רמי לוי ג'חנון אפוי,גרמים,600.00,100 גרם,false,,12.90,0.0215,true,1,8591
7290002750130,false,חליות פילסברי מארז 80ג',ג נרל מילס ישראל בעמ ~~~,,חליות,יחידה,1.00,יחידה,false,,3.00,3.0000,true,1,14352
7290002750154,false,לחמניה יאמיס שישייה אפיה מקומית,ג נרל מילס ישראל בעמ ~~~,,לחמניות יאמיס (שישיה,יחידה,6.00,יחידה,false,,14.90,2.4833,true,1,14353
7290002750178,false,ג'בטה 180 כפרית,פילסברי,,ג'בטה כפרית,יחידה,1.00,יחידה,false,,4.90,4.9000,true,1,14354
7290002750338,false,לחם רוסטיק עגבניות מ,פילסברי,,לחם רוסטיק עגבניות מ,יחידה,1.00,יחידה,false,,17.90,17.9000,true,1,14357
7290002750406,false,סופגניה עם ריבה פילסברי 95 גרם,פילסברי,,סופגנייה עם ריבה פיל,יחידה,1.00,יחידה,false,,4.90,4.9000,true,1,14359
7290002750710,false,סופגניה מיני עם ריבה פילסברי 40 גרם,פילסברי,,מיני סופגנייה עם ריב,יחידה,1.00,יחידה,false,,3.00,3.0000,true,1,14361
7290002750925,false,חצי בגט כפרי / שמיני,,,חצי בגט כפרי,יחידה,1.00,יחידה,false,,3.90,3.9000,true,1,14364
7290002750963,false,באגט רוסטיק פילסברי,פילסברי,,בגט רוסטיק,יחידה,1.00,יחידה,false,,8.50,8.5000,true,1,22498
7290002750987,false,חלה פילסברי קלועה מתוקה 550ג',ג`נרל מילס ישראל בעמ,,חלה קלועה מתוקה,יחידה,1.00,יחידה,false,,12.90,12.9000,true,1,14365
7290002752332,false,"סוכריות מנטוס פירות בגליל, 37.5 גרם",הדקלאים אגודת שיתופי,,סוכריות בגליל בטעם פ,גרמים,37.50,100 גרם,false,,3.50,0.0933,true,1,7538
7290002752349,false,סוכריות מנטוס מנטה 40יח' בגליל 38ג',ליימן שליסל בעמ,,סוכריות בגליל בטעם מ,גרמים,37.50,100 גרם,false,,3.50,0.0933,true,1,7539
7290002753223,false,רביעייה סוכריות תפוז 4*16 ג' טיק טק,פרימיום-חברה לדברי מתיקה ולמסח,,טיק טק תפוז 4 רביעיי,יחידה,4.00,יחידה,false,,9.90,2.4750,true,1,9986
7290002757139,false,מלוואח 700 גר' שלושת האופים קהילות,נטו מלינדה סחר בע`מ,,שלושת האופים מלאווח,גרמים,700.00,100 גרם,false,,15.90,0.0227,true,1,3546
7290002757535,false,בורקס פילו אצבעות גבינה שלושת האופים 700 גרם,שלושת האופים שגמור,,בורקס פילו אצבעות גב,גרמים,700.00,100 גרם,false,,21.90,0.0313,true,1,3549
7290002757665,false,קבב מזרחי טיבון ויל 400 ג',נטו מלינדה סחר בעמ,,קבב מזרחי טיבון ויל,גרמים,400.00,100 גרם,false,,10.90,0.0273,true,1,3551
7290002793304,false,מיכל בלון גז +מילוי באריזה 60 סודהסטרים,סודה סטרים,,מיכל גז סודה סטרים ב,יחידה,1.00,יחידה,false,,110.00,110.0000,true,1,16513
7290002793311,false,שירות והחלפה מילוי גז 60 סודהסטרים,א.א צ יקו שיווק והפצה,,שירות והחלפה מילוי ג,יחידה,1.00,יחידה,false,,55.90,55.9000,true,1,16514
7290002824183,false,"גבינה לבנה סקי 500 גרם 5% ""שטראוס"" -מוצר בפיקוח",שטראוס גרופ בעמ/מצונן,,גבינה לבנה סקי 5% 50,גרמים,500.00,100 גרם,false,,9.95,0.0199,true,1,55
7290002824466,false,יוגורט דנונה ביו לבן 0% שומן 200 גרם,שטראוס גרופ בעמ/מצונן,,דנונה ביו 0% 200 גרם,גרמים,200.00,100 גרם,false,,3.70,0.0185,true,1,56
7290002824640,false,"גבינת סקי 250 גרם 5% ""שטראוס"" -מוצר בפיקוח",שטראוס גרופ בעמ/מצונן,,גבינה לבנה סקי 5% שט,גרמים,250.00,100 גרם,false,,4.98,0.0199,true,1,57
7290002825722,false,כרוב אדום במיונז אחלה (500 גרם),שטראוס גרופ בעמ/מצונן,,כרוב סגול במיונז 500,גרמים,575.00,100 גרם,false,,13.80,0.0240,true,1,58
7290002868996,false,"קוטג' 5% שומן, רכיבים טבעיים, 250 גרם",*החברה המרכזית להפצת משקאותבעמ,,גבינת קוטג' מועשר 5%,גרמים,250.00,100 גרם,false,,5.50,0.0220,true,1,8346
7290002881018,false,מעדן תות שדה סאן מורנו 284 גרם,קריות זול,,קונפ' סן מורנו תות ש,גרמים,284.00,100 גרם,false,,10.90,0.0384,true,1,20049
7290002881094,false,מעדן פטל 100% פרי ללא תוספת סוכר 284 גרם,קריות זול,,מעדן פרי 4 פירות 284,גרמים,284.00,100 גרם,false,,14.90,0.0525,true,1,22433
7290002881216,false,רסק תפוחי עץ לא ממותק תומר 700 גרם,תומר ייבוא ושיווק מוצרי מזון [,,רסק תפוחי עץ לא ממות,גרמים,720.00,100 גרם,false,,10.90,0.0151,true,1,20052
7290002881230,false,חתיכות אננס בסירופ קל תומר 850 גרם,תומר יבוא ושיווק מוצרי מזון (1,,חתיכות אננס בסירופ ק,יחידה,0.00,יחידה,false,,10.90,0.0000,true,1,22312
7290002881261,false,"ליצ'י שלם 565 גרם ""תומר""",גיבונג אינדסקיאלס,,ליצ'י שלמים בסירופ ק,יחידה,0.00,יחידה,false,,10.90,0.0000,true,1,22314
7290002881278,false,ליפתן חצאי אפרסקים ת,אלבס אס.א.גריק,,ליפתן חצאי אפרסקים ת,גרמים,820.00,100 גרם,false,,11.90,0.0145,true,1,20053
7290002881612,false,לפתן דובדבנים חמוצים ללא חרצן תומר 720 ג',תומר יבוא ושיווק מוצרי מזון (1,,לפתן דובדבנים חמוצים,גרמים,680.00,100 גרם,false,,10.90,0.0160,true,1,20056
7290002881803,false,שמן קנולה מזוכך 1 ליטר,,,שמן קנולה 1 ליטר תומ,מיליליטרים,1000.00,"100 מ""ל",false,,10.90,0.0109,true,1,2341
7290002881919,false,פיטריות שמפניון שלמות קטנות תומר 400 גרם,גיבונג אינדסקיאלס,,פטריות שלמות 400 גרם,גרמים,400.00,100 גרם,false,,6.90,0.0173,true,1,22436
7290002881940,false,סרדינים מרוקאי בשמן חמניות 125ג' תומר,תומר ייבוא ושיווק מוצרי מזון [,,שימורי סרדין מרוקאי,גרמים,125.00,100 גרם,false,,5.90,0.0472,true,1,2343
7290002909569,false,ברבוניה פילה 400 גרם ארוז - הדייג,דולפין ספא,,פילה ברבוניה מנוקדת,גרמים,400.00,100 גרם,false,,21.90,0.0547,true,1,3822
7290002921349,false,דבק סופר גלו לוקטיט אריזה זוגית יעקובי,יעקב יעקבי ובניו בע`מ,,לוקטייט סופר גלו 3 -,גרמים,4.00,100 גרם,false,,13.90,3.4750,true,1,19087
7290002929642,false,נתחי טונה בהירה בשמן ויליגר (140x4 גרם),דיאמנט פוד פרודקט קו,,טונה ויליגר שמן 4*14,גרמים,560.00,100 גרם,false,,19.90,0.0355,true,1,3559
7290002971009,false,"קמח חיטה לבן בהיר שטיבל 1 ק""ג",תומר יבוא ושיווק מוצרי מזון (1,,"קמח לבן שטיבל 1 ק""ג",קילוגרמים,1.00,"ק""ג",false,,4.90,4.9000,true,1,21491
7290002986652,false,גטניו פתי בר שוקו 470 גרם,"אחים גטניו בע""מ",,גטניו פתי בר שוקו 47,גרמים,470.00,100 גרם,false,,10.90,0.0232,true,1,7922
7290002994527,false,לחם בריאות ושובע 9 ד,,,לחם בריאות ושובע 9 ד,יחידה,1.00,יחידה,false,,12.60,12.6000,true,1,9326
7290002994992,false,לחם בריאות ושובע מאפ,,,לחם בריאות ושובע מאפ,יחידה,1.00,יחידה,false,,12.60,12.6000,true,1,9327
7290003001064,false,מעדניה - פילה אמנון,,,מעדניה - פילה אמנון,קילוגרמים,1.00,"ק""ג",true,,30.90,30.9000,true,1,3562
7290003009596,false,סירופ דיאט אשכוליות 750 מל פיקדון,החברה המרכזית להפצת משקאות בעמ,,סירופ דיאט אשכוליות,מיליליטרים,750.00,"100 מ""ל",false,,24.20,0.0323,true,1,8208
7290003029181,false,משקה יטבתה שוקו' בקבוק 1ל מהדרין,שטראוס גרופ בעמ/מצונן,,שוקו בבקבוק 2% יטבתה,מיליליטרים,1000.00,"100 מ""ל",false,,11.90,0.0119,true,1,61
7290003029372,false,יטבתה משקה בטעם בננה %3 בקבוק 1 ליטר,שטראוס גרופ בעמ/מצונן,,משקה חלב בננה 2% בקב,מיליליטרים,1000.00,"100 מ""ל",false,,11.90,0.0119,true,1,62
7290003029389,false,"משקה חלב בננה פקק ספורט 250 מ""ל יוטבתה",שטראוס גרופ בעמ/מצונן,,משקה חלב בננה 2% פקק,מיליליטרים,250.00,"100 מ""ל",false,,5.50,0.0220,true,1,63
7290003029433,false,"משקה יטבתה שוקו פקק 250 מ""ל מהדרין",שטראוס גרופ בעמ/מצונן,,שוקו יטבתה 2% פקק יט,גרמים,250.00,100 גרם,false,,5.50,0.0220,true,1,64
7290003029532,false,מוקה בבקבוק יטבתה 1 ליטר מהדרין,שטראוס גרופ בעמ/מצונן,,משקה מוקה יטבתה 1 לי,מיליליטרים,1000.00,"100 מ""ל",false,,11.90,0.0119,true,1,65
7290003029815,false,חלב מועשר 3% בכד יטבתה 2 ליטר,שטראוס גרופ בעמ/מצונן,,כד 2 ליטר חלב 3%- מה,מיליליטרים,2000.00,"100 מ""ל",false,,14.90,0.0075,true,1,67
7290003029907,false,משקה חלב אייס קפה 2% יטבתה (1 ליטר,שטראוס גרופ בעמ/מצונן,,אייס קפה 1 ליטר,מיליליטרים,1000.00,"100 מ""ל",false,,11.90,0.0119,true,1,69
7290003054657,false,חרדל ריין דיז'ון אקסטרה פורטה 370 גרם,דיפלומט מפיצים (1968) בעמ**,,חרדל דיזון אקסטרא פו,גרמים,370.00,100 גרם,false,,11.90,0.0322,true,1,2597
7290003060009,false,"קמח חיטה לבן בהיר טחנות ישראליות 1 ק""ג",טחנות ישראליות,,קמח חיטה לבן בהיר 1,גרמים,1000.00,100 גרם,false,,4.50,0.0045,true,1,7923
7290003060023,false,"סולת חיטה 1 ק""ג מטחנות ישראליות",טחנות ישראליות,,"סולת חיטה 1 ק""ג",גרמים,1000.00,100 גרם,false,,5.90,0.0059,true,1,7924
7290003119165,false,דיאט קוקה קולה שישיי,החברה המרכזית לייצור משקאות,,דיאט קוקה קולה שישיי,ליטרים,9.00,ליטר,false,,44.90,4.9889,true,1,8211
7290003126712,false,יוגורט עיזים מחלב מלא 3.7% משק צוריאל 150 גרם,*החברה המרכזית להפצת משקאותבעמ,,יוגורט עיזים טבעי 15,גרמים,150.00,100 גרם,false,,6.70,0.0447,true,1,8348
7290003126958,false,טופו גבינה גוש בואקום צוריאל 300 ג',*החברה המרכזית להפצת משקאותבעמ,,טופו גולמי 300 גרם,גרמים,300.00,100 גרם,false,,12.90,0.0430,true,1,8349
7290003133123,false,לחם זהב עגול אוקראיני 750 ג',מאפיית דוידוביץ ובני,,לחם זהב עגול אוקראינ,גרמים,750.00,100 גרם,false,,12.90,0.0172,true,1,14706
7290003133505,false,לחם שיפונטו דוידוביץ,מאפיית דוידוביץ ובני,,לחם שיפונטו 750 גרם,גרמים,750.00,100 גרם,false,,11.90,0.0159,true,1,14707
7290003143146,false,ממרח תמרים קליית גת (450 גרם),הדקלאים אגודת שיתופי,,ממרח תמרים קלית גת 4,גרמים,450.00,100 גרם,false,,5.90,0.0131,true,1,7543
7290003144044,false,שוקולד מריר חלבי 70%,,,שוקולד מריר חלבי 70%,גרמים,100.00,100 גרם,false,,7.20,0.0720,true,1,7547
7290003144686,false,סוכריות טופי ממולאות600ג,סאדאט,,סוכריות טופי ממולאות,גרמים,600.00,100 גרם,false,,8.90,0.0148,true,1,7553
7290003144907,false,סוכריות ממולאות 250 גרם,סאדאט,,סוכריות ממולאות בטעם,גרמים,250.00,100 גרם,false,,6.20,0.0248,true,1,7556
7290003144921,false,עוגת צ'וקטה שכבות קקאו וליקר ומשמש 400ג',בלקוני,,עוגת שכבות מילוי קרם,גרמים,400.00,100 גרם,false,,10.00,0.0250,true,1,7557
7290003144945,false,עוגה צ'וקטה אישיות קקאו וק.קוקוס 35X10ג',אס.פי.אס,,עוגות אישיות בציפוי,גרמים,350.00,100 גרם,false,,11.90,0.0340,true,1,7559
7290003220410,false,"קרקר עם שומשום ""מעדני המלך"" 110 גרם",מגדנית הדר,,קרקר שומשום מעדני מל,גרמים,110.00,100 גרם,false,,3.20,0.0291,true,1,18270
7290003220533,false,"רוטב צ'ילי מתוק ווק 700 מ""ל",תאי פרידה אינדסטרי ב,,רוטב צ'ילי מתוק 700,מיליליטרים,700.00,"100 מ""ל",false,,12.90,0.0184,true,1,7931
7290003220588,false,"רוטה צ'ילי מתוק ללא סוכר 700 מ""ל WOK",תאי פרידה אינדסטרי ב,,רוטב צי'לי מתוק ללא,מיליליטרים,700.00,"100 מ""ל",false,,14.90,0.0213,true,1,7932
7290003220649,false,"שמן שומשום 100% טהור 150 מ""ל",הו צ'קינג הינג אוי פ,,ווק שמן שומשום 100%,מיליליטרים,150.00,"100 מ""ל",false,,14.50,0.0967,true,1,7934
7290003220731,false,רוטב צי'לי מתוק כתום700מ,תאי פרידה אינדסטרי,,רוטב צ'ילי מתוק 700,מיליליטרים,700.00,"100 מ""ל",false,,12.90,0.0184,true,1,7936
7290003220779,false,"ווק אטריות אורז עובי 3 מ""מ 400 גרם",אסיאן סופירה פודס חב,,ווק אטריות אורז עובי,גרמים,400.00,100 גרם,false,,9.90,0.0248,true,1,7937
7290003220786,false,"אטריות אורז ללא גלוטן 5 מ""מ 400 ג' WOK",אסיאן סופירה פודס חב,,ווק אטריות אורז עובי,גרמים,400.00,100 גרם,false,,9.90,0.0248,true,1,7938
7290003220939,false,אטריות אורז דקיקות ללא גלוטן 400 ג' WOK,אסיאן סופירה פודס חב,,ווק אטריות אורז דקיק,גרמים,400.00,100 גרם,false,,9.90,0.0248,true,1,7940
7290003222513,false,פיתות אסלי מאפיית המ,,,פיתות אסלי מאפיית המ,יחידה,5.00,יחידה,false,,5.00,1.0000,true,1,14708
7290003229123,false,פסטרמה הודו על גחלים 2% טירת צבי 400 גרם,תנובה מרכז שיתופי לשיווק תוצרת,,פסטרמה הודו על גחלים,גרמים,400.00,100 גרם,false,,25.90,0.0647,true,1,5673
7290003229192,false,נקניק כתף בקר מעושן 2% טירת צבי 400 גרם,תנובה מרכז שיתופי לשיווק תוצרת,,נקניק כתף בקר מעושן,גרמים,400.00,100 גרם,false,,34.90,0.0872,true,1,5675
7290003229208,false,פסטרמה ספרדית 2% טירת צבי 360 גרם,תנובה מרכז שיתופי לשיווק תוצרת,,פסטרמה ספרדית 2% טיר,גרמים,360.00,100 גרם,false,,25.90,0.0719,true,1,5676
7290003268030,false,חלה ת מגש דגנית 500,דגנית עין בר ~~~,,חלה ת מגש דגנית 500,גרמים,500.00,100 גרם,false,,5.17,0.0103,true,1,16910
7290003318155,false,וופל טעם לימון מנעמים 200 ג',ח.כהן סוכנות מזון ומשקאות בע,,מנעמים לימון 200 ג',יחידה,0.00,יחידה,false,,2.55,0.0000,true,1,982
7290003321155,false,יוגורט בר עם פקאן מצופה שוקולד 183 ג' דנונה,שטראוס גרופ בעמ/מצונן,,דנונה בר פקאן 183 גר,גרמים,183.00,100 גרם,false,,4.60,0.0251,true,1,70
7290003387205,false,ספיד סטיק - דאודורנט סטיק לגבר רגולר,הנסיך- מפעל לייצור ט,,ספיד סטיק בסיסי ירוק,גרמים,63.00,100 גרם,false,,22.90,0.3635,true,1,8994
7290003423909,false,חטיף קוקיס אנד קרים לבן 43 גרם,ליימן מותגים,,הרשי חטיף שוקולד לבן,גרמים,45.00,100 גרם,false,,5.00,0.1111,true,1,7418
7290003427154,false,"שמן זית כתית מעולה טעם מעודן זיתא 750 מ""ל",תה ויסוצקי (ישראל) בעמ,,שמן זית זייתא כתית מ,מיליליטרים,750.00,"100 מ""ל",false,,32.90,0.0439,true,1,983
7290003438020,false,אוליביה ממרח עגבניות מיובשות (190 גרם),תה ויסוצקי (ישראל) בעמ,,ממרח עגבניות מיובשות,גרמים,190.00,100 גרם,false,,13.90,0.0732,true,1,17814
7290003450602,false,חרדל אמיתי צהוב בקבוק לחיץ 255 גר,היינץ צפון אמריקה מקבוצת ה.י.היינץ,,חרדל צהוב בבקבוק לחי,גרמים,255.00,100 גרם,false,,8.90,0.0349,true,1,20546
7290003457861,false,"סולרו בטעם פירות טרופיים ""שטראוס""","מיוצר ע""\י גלידת שטראוס",,סולרו קלאסיק חלבי -,יחידה,1.00,יחידה,false,,8.50,8.5000,true,1,11757
7290003457922,false,"שלגון בטעם שוקולד ""מגנום""",שטראוס גלידות,,שלגון מגנום שוקולד א,יחידה,1.00,יחידה,false,,11.00,11.0000,true,1,11758
7290003457946,false,שלגון מגנום בציפוי ש,שטראוס גלידות,,שלגון מגנום בציפוי ש,יחידה,1.00,יחידה,false,,11.00,11.0000,true,1,11759
7290003457953,false,שלגון מגנום שמנת בטע,שטראוס גלידות,,שלגון מגנום שמנת בטע,יחידה,1.00,יחידה,false,,11.00,11.0000,true,1,11760
7290003514007,false,מנה שקדי מרק מנה 400 גרם,ש.שסטוביץ בעמ,,שקדי מרק 400 גרם,גרמים,400.00,100 גרם,false,,9.90,0.0248,true,1,8995
7290003525478,false,סלט טונה ויליגר 160 גרם,נטו מילנדה סחר בעמ*,,שימורי סלט טונה וילי,גרמים,160.00,100 גרם,false,,5.90,0.0369,true,1,20557
7290003550753,false,נתחי טונה בהירה בשמן פוסידון (108x4 גרם),"מיוצר עי וליגר בעמ,",,נתחי טונה בהירה בשמן,גרמים,432.00,100 גרם,false,,20.90,0.0484,true,1,3576
7290003569021,false,כרובית ארוזה יח' רמי לוי,,,כרובית,יחידה,1.00,יחידה,false,,9.90,9.9000,true,1,873
7290003578061,false,לבבות דקל שלמים וילי פוד (400 גרם),ג.וילי-פוד אינטרנשיונל בעמ,,לבבות דקל שלמים וילי,גרמים,400.00,100 גרם,false,,13.90,0.0348,true,1,2795
7290003578108,false,חתיכות אננס בסירופ קל וילי פוד (850 גרם),ג.וילי פוד אינטרנשיונל בעמ,,אננס חתוך 850 גרם,גרמים,850.00,100 גרם,false,,8.90,0.0105,true,1,2796
7290003578177,false,תירס צעיר שלם וילי פוד (410 גרם),ג.וילי-פוד אינטרנשיונל בעמ,,תירס גמדי 410 גרם,גרמים,410.00,100 גרם,false,,6.90,0.0168,true,1,2799
7290003578313,false,דובדבנים ללא חרצנים ויליפוד 680 גרם,ג. וילי-פוד אינטרנשיונל בע`מ,,דובדבנים חמוצים ללא,גרמים,680.00,100 גרם,false,,9.90,0.0146,true,1,2802
7290003578672,false,ויליפוד שמן חמניות 1 ליטר{בית יוסף},וילי פוד,,שמן חמניות מזוכך ויל,מיליליטרים,1000.00,"100 מ""ל",false,,13.90,0.0139,true,1,2803
7290003643004,false,אורז בסמטי קלאסי סוגת (1 קג),האי נאם סי או אל.טי.,,אורז בסמטי קלאסי סוג,גרמים,1000.00,100 גרם,false,,13.90,0.0139,true,1,7944
7290003643387,false,"סוכר אריזת פלסטיק 1 ק""ג סוגת",האי נאם סי או אל.טי.,,סוכר לבן בצנצנת סוגת,גרמים,1000.00,100 גרם,false,,7.90,0.0079,true,1,7945
7290003643646,false,"סוכר דמררה קלאסי בצנצנת סוגת 1 ק""ג",האי נאם סי או אל.טי.,,סוכר דמררה בצנצנת סו,גרמים,1000.00,100 גרם,false,,12.90,0.0129,true,1,7946
7290003643684,false,אפונה יבשה סוגת 500 גר',האי נאם סי או אל.טי.,,אפונה ירוקה יבשה סוג,גרמים,500.00,100 גרם,false,,6.50,0.0130,true,1,7947
7290003643707,false,גריסים סוגת (500 גרם),"סוגת תעשיות בע""מ",,גריסים סוגת 500 גרם,גרמים,500.00,100 גרם,false,,5.90,0.0118,true,1,7948
7290003643714,false,חומוס גרגירים 500 גרם סוגת,האי נאם סי או אל.טי.,,חומוס יבש סוגת 500 ג,גרמים,500.00,100 גרם,false,,7.90,0.0158,true,1,7949
7290003643738,false,חיטה סוגת (500 גרם),האי נאם סי או אל.טי.,,חיטה סוגת 500 גרם,גרמים,500.00,100 גרם,false,,5.90,0.0118,true,1,7950
7290003643745,false,כוסמת סוגת (500 גרם),האי נאם סי או אל.טי.,,כוסמת סוגת 500 גרם,גרמים,500.00,100 גרם,false,,7.90,0.0158,true,1,7951
7290003643752,false,עדשים ירוקים יבש סוגת 500 גר',האי נאם סי או אל.טי.,,עדשים ירוקות סוגת 50,גרמים,500.00,100 גרם,false,,7.90,0.0158,true,1,7952
7290003643769,false,עדשים אדומים יבש סוגת 500 גר',"סוגת תעשיות בע""\מ",,עדשים אדומות סוגת 50,גרמים,500.00,100 גרם,false,,7.90,0.0158,true,1,7953
7290003643776,false,"פופקורן גרעינים סוגת 500 ג' כשל""פ",האי נאם סי או אל.טי.,,פופקורן סוגת 500 גרם,גרמים,500.00,100 גרם,false,,5.90,0.0118,true,1,7954
7290003643806,false,שעועית לבנה יבשה סוגת (500 גרם),האי נאם סי או אל.טי.,,שעועית לבנה יבשה סוג,גרמים,500.00,100 גרם,false,,11.90,0.0238,true,1,7956
7290003643813,false,שעועית אדומה יבשה סוגת 500 גר',האי נאם סי או אל.טי.,,שעועית אדומה סוגת 50,גרמים,500.00,100 גרם,false,,10.90,0.0218,true,1,7957
7290003726592,false,טופו מתובל בפסטו במרקם קלאסי,שטראוס גרופ בעמ/מצונן,,טופו ויילר 300 גרם ב,גרמים,300.00,100 גרם,false,,10.90,0.0363,true,1,72
7290003726615,false,"טופו ויילר 300 גרם ""שטראוס""",שטראוס גרופ בעמ/מצונן,,טופו ויילר 300 גרם,גרמים,300.00,100 גרם,false,,10.90,0.0363,true,1,73
7290003804252,false,תיבוליות לאורז בנוסח הודי קנור 80גרם,יוניליוור ישראל שיווק בע`מ,,תיבולית הודי קנור 72,גרמים,72.00,100 גרם,false,,8.90,0.1236,true,1,3948
7290003804368,false,תיבוליות בזיליקום קנור (8 יח`- 72 גרם),"יוניליוור ישראל שיווק בע""מ",,תיבולית בזיליקום קנו,גרמים,72.00,100 גרם,false,,8.90,0.1236,true,1,3950
7290003807178,false,"רוטב קנור סויה בסגנון סיני 300 מ""ל","יוניליוור ישראל שיווק בע""מ",,רוטב סויה בסגנון סינ,מיליליטרים,300.00,"100 מ""ל",false,,10.90,0.0363,true,1,3958
7290003864485,false,סרדינים ברוטב עגבנ יות ויליפוד 110ג' פתח קל,ג. וילי-פוד אינטרנשיונל בע`מ,,סרדין ברוטב עגבניות,גרמים,110.00,100 גרם,false,,5.90,0.0536,true,1,2807
7290003864492,false,סרדין בשמן צמחי חריף פתח קל ויליפוד 110 גרם,ג. וילי-פוד אינטרנשיונל בע`מ,,סרדין בשמן צמחי חריף,גרמים,110.00,100 גרם,false,,5.90,0.0536,true,1,2808
7290003882922,false,עלי גפן ממולאים באורז וילי פוד 360 גרם,ג. וילי-פוד אינטרנשיונל בע`מ,,עלי גפן ממולא 400 גר,גרמים,400.00,100 גרם,false,,9.50,0.0238,true,1,2809
7290003976607,false,אקונומיקה סמיכה לבנדר 4 ליטר עם פקק ביטח,סאסאטק אגשח בעמ,,ג'ל אקונומיקה סמיכה,מיליליטרים,4000.00,"100 מ""ל",false,,13.90,0.0035,true,1,22050
7290003989096,false,סלט חצילים פיקנטי אחלה 500 גרם,שטראוס גרופ בעמ/מצונן,,חציל פיקנטי 500,גרמים,575.00,100 גרם,false,,15.90,0.0277,true,1,76
7290003989539,false,רביולי עם גבינה שטראוס (400 גרם),שטראוס גרופ בעמ/מצונן,,רביולי גבינה 400 גרם,גרמים,400.00,100 גרם,false,,19.80,0.0495,true,1,77
7290003989553,false,פסטה טורטליני גבינה ופטריות 400 גרם,שטראוס גרופ בעמ/מצונן,,טרטוליני פטריות 400,גרמים,400.00,100 גרם,false,,19.80,0.0495,true,1,78
7290004011796,false,קבבונים בקר קפוא אל גאוצ''ו 400ג',"טיבון ויל אחזקות בע""",,קבבונים המבורגר טיבו,גרמים,400.00,100 גרם,false,,22.90,0.0572,true,1,3586
7290004011826,false,מיני המבורגר ריב אנטריקוט אל גאוצ`ו 360,טיבון ויל אחזקות בעמ,,מיני המבורגר ריב אנט,גרמים,320.00,100 גרם,false,,22.90,0.0716,true,1,3589
7290004026448,false,בורקיטס בולגרית פילס,,,מאפיה - בורקיטס בולג,קילוגרמים,1.00,"ק""ג",true,,49.00,49.0000,true,1,14367
7290004030216,false,משקה בטעם חמוציות 1 ליטר פריניב,הנסיך- מפעל לייצור ט,,נקטר חמוציות 1 ליטר,מיליליטרים,1000.00,"100 מ""ל",false,,13.90,0.0139,true,1,5259
7290004063016,false,מלח שולחן מעולה סלית (1 קג)פיקוח,האי נאם סי או אל.טי.,,"מלח שולחן דק 1 ק""ג",גרמים,1000.00,100 גרם,false,,1.90,0.0019,true,1,7787
7290004063016,false,מלח שולחן מעולה סלית (1 קג)פיקוח,האי נאם סי או אל.טי.,,"מלח שולחן דק 1 ק""ג",גרמים,1000.00,100 גרם,false,,1.90,0.0019,true,1,7958
7290004063115,false,"מלח מטבח עבה להמלחת בשר ובישול 1 ק""ג 1ק""ג",האי נאם סי או אל.טי.,,"מלח עבה 1 ק""ג",גרמים,1000.00,100 גרם,false,,1.90,0.0019,true,1,7788
7290004068011,false,יוגורט כבשים בדלי 5% שומן 600 ג' גד,מחלבות גד שיווק 1992 בעמ,,יוגורט כבשים בדלי 5%,גרמים,600.00,100 גרם,false,,16.90,0.0282,true,1,8525
7290004068028,false,"יוגורט צזיקי לשתיה 3.5% 500 מ""ל רובין",מחלבות גד שיווק 1992 בעמ,,משקה ציזיקי גד 500 מ,מיליליטרים,500.00,"100 מ""ל",false,,9.90,0.0198,true,1,8526
7290004068035,false,"איירן יוגורט לשתייה 3% גד 500 מ""ל",מחלבות גד שיווק 1992 בעמ,,יוגורט איירן 3% 500,מיליליטרים,500.00,"100 מ""ל",false,,8.50,0.0170,true,1,8527
7290004078270,false,נוזל לניקוי כלים בריח לימון פלמוליב 1 ליטר,יבואן ומשווק: ש. שסט,,נוזל לניקוי כלים 18%,מיליליטרים,1000.00,"100 מ""ל",false,,14.50,0.0145,true,1,8999
7290004078690,false,"אגקס נוזל לניקוי אסלות מרענן 750 מ""ל",הנסיך- מפעל לייצור ט,,ג'ל עם אקונומיקה בני,מיליליטרים,750.00,"100 מ""ל",false,,15.90,0.0212,true,1,9000
7290004120108,false,יוגורט יופלה דיאט דובדבן 0% שומן 150גרם,תנובה מרכז שיתופי לש,,יופלה דיאט יוגורט דו,גרמים,150.00,100 גרם,false,,5.00,0.0333,true,1,5263
7290004120566,false,גבינה בולגרית (25024% גרם)פיראוס תנובה,"תנובה בע""מ ***",,גבינה בולגרית 24% פי,גרמים,250.00,100 גרם,false,,22.90,0.0916,true,1,5266
7290004120573,false,גבינה בולגרית (25016% גרם)פיראוס תנובה,תנובה מרכז שיתופי לש,,פיראוס בולגרית גביע,גרמים,250.00,100 גרם,false,,22.90,0.0916,true,1,5267
7290004120634,false,גבינה בולגרית (2505% גרם)פיראוס תנובה,תנובה מרכז שיתופי לש,,גבינה בולגרית 5% פיר,גרמים,250.00,100 גרם,false,,22.90,0.0916,true,1,5268
7290004121754,false,יוגורט ביו עוגת גבינה ותות 3% יופלה 150 גרם,תנובה בעמ ***,,יופלה יוגורט עוגת גב,גרמים,150.00,100 גרם,false,,5.50,0.0367,true,1,19306
7290004122119,false,פתיתי פרמזן לפסטה 23% השף הלבן 100 גרם,"תנובה בע""מ ***",,פתיתי פרמזן מגורדת 2,גרמים,100.00,100 גרם,false,,12.10,0.1210,true,1,5123
7290004122119,false,פתיתי פרמזן לפסטה 23% השף הלבן 100 גרם,"תנובה בע""מ ***",,פתיתי פרמזן מגורדת 2,גרמים,100.00,100 גרם,false,,12.10,0.1210,true,1,5273
7290004122195,false,גוש חלב גבינה צהובה פרוסה 28% תנובה 200 גרם,"תנובה בע""מ ***",,גוש חלב פרוס 200 גרם,גרמים,200.00,100 גרם,false,,13.80,0.0690,true,1,5274
7290004122270,false,עמק קלאסית פרוסות גבינה חצי קשה 28% 200 גרם,תנובה מרכז שיתופי לש,,גבינה עמק פרוס 28% ב,גרמים,200.00,100 גרם,false,,15.90,0.0795,true,1,5275
7290004122348,false,גבינה צהובה מופחתת שומן 9% עמק (200 גרם),תנובה מרכז שיתופי לש,,עמק לייט פרוס 9% 200,גרמים,200.00,100 גרם,false,,16.60,0.0830,true,1,5276
7290004122676,false,גבינה חמד לייט (2505% גרם)פיראוס תנובה,תנובה מרכז שיתופי לש,,פיראוס חמד 5% גביע 2,גרמים,250.00,100 גרם,false,,18.50,0.0740,true,1,5277
7290004122683,false,עמק חטיף אצבעות גבינה חצי קשה 28% שומן,תנובה מרכז שיתופי לש,,עמק אצבעות גבינה 28%,גרמים,172.00,100 גרם,false,,16.40,0.0953,true,1,5278
7290004124205,false,יופלה דיאט יוגורט תות %0 גביע 150 גרם,תנובה מרכז שיתופי לש,,יופלה דיאט יוגורט תו,גרמים,150.00,100 גרם,false,,5.00,0.0333,true,1,5281
7290004125370,false,"שמנת חמוצה 9% מופחתת שומן תנובה 200 מ""ל מהדרין",תנובה מרכז שיתופי לש,,שמנת חמוצה 9% תנובה,גרמים,200.00,100 גרם,false,,3.70,0.0185,true,1,5284
7290004125400,false,"אשל שלי מהדרין 200 מ""ל 4.5% ""תנובה""- מוצר בפיקוח",פארייפאבה אגרואינדוס,,שלי אשל 4.5% תנובה 2,מיליליטרים,200.00,"100 מ""ל",false,,1.69,0.0084,true,1,5285
7290004125417,false,"גיל 3% שלי 200 מ""ל ""תנובה"" -מוצר בפיקוח",תנובה מרכז שיתופי לש,,שלי גיל 3% תנובה 200,מיליליטרים,200.00,"100 מ""ל",false,,1.51,0.0076,true,1,5286
7290004125455,false,"שמנת חמוצה 200 מ""ל 15% ""תנובה"" -מוצר בפיקוח",תנובה מרכז שיתופי לש,,שמנת אורגינל 15% תנו,מיליליטרים,200.00,"100 מ""ל",false,,2.40,0.0120,true,1,5287
7290004125509,false,"שמנת חמוצה 15% מועשרת תנובה 100 מ""ל",תנובה מרכז שיתופי לש,,שמנת חמוצה 15% תנובה,מיליליטרים,100.00,"100 מ""ל",false,,1.70,0.0170,true,1,5288
7290004125578,false,משקה סויה מועשר בסידן 1 ל`תנובה,תנובה מרכז שיתופי לש,,משקה סויה מועשר בסיד,מיליליטרים,1000.00,"100 מ""ל",false,,10.90,0.0109,true,1,5289
7290004125585,false,משקה סויה בטעם וניל תנובה 1 ליטר,תנובה מרכז שיתופי לש,,משקה סויה בטעם וניל,מיליליטרים,1000.00,"100 מ""ל",false,,10.90,0.0109,true,1,5290
7290004125721,false,"השף הלבן שמנת עמידה לבישול 15% תנובה 250 מ""ל",תנובה מרכז שיתופי לש,,שמנת לבישול 15% השף,מיליליטרים,250.00,"100 מ""ל",false,,8.10,0.0324,true,1,5292
7290004125738,false,שמנת מתוקה להקצפה32% 250מל עמיד השף הלבן,תנובה מרכז שיתופי לש,,שמנת מתוקה להקצפה 32,מיליליטרים,250.00,"100 מ""ל",false,,6.20,0.0248,true,1,5293
7290004125776,false,גבינה צהובה קלאסית 28% עמק (400 גרם),"תנובה בע""מ ***",,עמק גבינה צהובה פרוס,גרמים,400.00,100 גרם,false,,27.80,0.0695,true,1,5294
7290004126674,false,טל העמק פרוסות גבינה חצי קשה לייט %9 200 גרם בקופסא,תנובה מרכז שיתופי לש,,טל העמק פרוס 9% 200,גרמים,200.00,100 גרם,false,,18.80,0.0940,true,1,5296
7290004126872,false,משקאות חלב תנובה שוקו בקבוק 250מל,תנובה - חלב,,שוקו תנובה בבקבוק 25,מיליליטרים,250.00,"100 מ""ל",false,,5.70,0.0228,true,1,5126
7290004126872,false,משקאות חלב תנובה שוקו בקבוק 250מל,תנובה - חלב,,שוקו תנובה בבקבוק 25,מיליליטרים,250.00,"100 מ""ל",false,,5.70,0.0228,true,1,5298
7290004127077,false,קוטג תנובה 3% גביע 250 גרם מהדרין,מיוצר עי קונדיטוריית,,גבינת קוטג' 3% תנובה,גרמים,250.00,100 גרם,false,,5.70,0.0228,true,1,5299
7290004127329,false,קוטג תנובה גביע 250 גרם %5 ו.מהדרין,מיוצר עי קונדיטוריית,,גבינת קוטג' 5% תנובה,גרמים,250.00,100 גרם,false,,5.70,0.0228,true,1,5127
7290004127336,false,קוטג תנובה גביע 250 גרם %9 ו.מהדרין,מיוצר עי קונדיטוריית,,גבינת קוטג' 9% תנובה,גרמים,250.00,100 גרם,false,,5.70,0.0228,true,1,5300
7290004127800,false,"גבינה לבנה 500 גרם 5% ""תנובה"" -מוצר בפיקוח",מיוצר עי קונדיטוריית,,גבינה לבנה תנובה 5%,גרמים,500.00,100 גרם,false,,9.95,0.0199,true,1,5301
7290004127817,false,גבינה לבנה 9% שומן 500 ג' תנובה,מיוצר עי קונדיטוריית,,גבינה לבנה תנובה 9%,גרמים,500.00,100 גרם,false,,9.95,0.0199,true,1,5302
7290004128432,false,פתיתים מיוחדים לפיצה על בסיס גבינה 500 ג',תנובה - חלב,,פתיתי לפיצה 500 גרם,גרמים,500.00,100 גרם,false,,22.90,0.0458,true,1,5304
7290004129156,false,גבינת שמנת25% עם שום שמיר 225 ג' נפוליאון,תנובה מרכז שיתופי לש,,נפוליאון שום שמיר 22,גרמים,225.00,100 גרם,false,,13.90,0.0618,true,1,5130
7290004129767,false,"3% 'יופלה לבן מארז שמינייה 1.2 ק""ג",תנובה מרכז שיתופי לש,,יוגורט לבן 3% יופלה,מיליליטרים,1200.00,"100 מ""ל",false,,17.30,0.0144,true,1,5308
7290004130794,false,משקה סויה במתיקות מופחתת תנובה (1 ליטר),תנובה מרכז שיתופי לש,,משקה סויה טבעי במתיק,מיליליטרים,1000.00,"100 מ""ל",false,,9.90,0.0099,true,1,5310
7290004131074,false,"חלב 1 ליטר 3% קרטון ""תנובה""- מוצר בפיקוח",תנובה מרכז שיתופי לש,,חלב קרטון 3% תנובה 1,מיליליטרים,1000.00,"100 מ""ל",false,,6.23,0.0062,true,1,5312
7290004131432,false,יוגורט יופלה לבן ביו 3% 200 גרם,מיוצר עי קונדיטוריית,,יופלה לבן 3% גביע 20,גרמים,200.00,100 גרם,false,,4.00,0.0200,true,1,5315
7290004131456,false,יוגורט ביו 1.5% שומן 200 ג' יופלה,מיוצר עי קונדיטוריית,,יופלה לבן 1.5% גביע,גרמים,200.00,100 גרם,false,,4.00,0.0200,true,1,5316
7290004131814,false,גבינת צפתית מעודנת (2005% גרם)פיראוס ת,פארייפאבה אגרואינדוס,,צפתית מעודנת,קילוגרמים,1.00,"ק""ג",false,,14.60,14.6000,true,1,5135
7290004132552,false,משקה סויה בטעם טבעי לייט תנובה 1 ליטר,תנובה מרכז שיתופי לש,,משקה סויה לייט בטעם,מיליליטרים,1000.00,"100 מ""ל",false,,10.90,0.0109,true,1,5319
7290004132712,false,חטיף אצבעות גבינת מוצרלה 20% 172 ג' עמק,תנובה מרכז שיתופי לש,,עמק אצבעות מוצרלה תנ,גרמים,174.00,100 גרם,false,,16.40,0.0943,true,1,5320
7290004133511,false,יופלה מאגדת לבן 1.5% מעודן 8 יח' * 150 ג',מיוצר עי קונדיטוריית,,מאגדת לבן 1.5% מעודן,מיליליטרים,1200.00,"100 מ""ל",false,,20.70,0.0172,true,1,5140
7290004134945,false,יוגורט ביו 3% בטעם מוקה יופלה (150 גרם),תנובה מרכז שיתופי לש,,יופלה מוקה 3% 150 גר,גרמים,150.00,100 גרם,false,,5.00,0.0333,true,1,23230
7290004135225,false,מעדן חלב דל קלוריות בטעם שוקולד 0.2שומ,תנובה מרכז שיתופי לש,,מעדן דיאט 0% שוקולד,מיליליטרים,150.00,"100 מ""ל",false,,4.00,0.0267,true,1,5328
7290004135614,false,גבינה בולגרית מעודנת 5% פיראוס 250 גרם,"תנובה בע""מ ***",,גבינה בולגרית מעודנת,גרמים,250.00,100 גרם,false,,21.90,0.0876,true,1,5330
7290004136154,false,"משקה חלב אייס קפה תנובה בבקבוק 340 מ""ל",גוד פוד פרודקטס S.p,,משקה אייס קפה תנובה,מיליליטרים,340.00,"100 מ""ל",false,,6.70,0.0197,true,1,5331
7290004136598,false,מארז הפסקת אוכל עם קורנפלקס ומשקה חלב עמיד בטעם וניל,פארייפאבה אגרואינדוס,,מארז הפסקת אוכל חלב,גרמים,150.00,100 גרם,false,,9.50,0.0633,true,1,5144
7290004136598,false,מארז הפסקת אוכל עם קורנפלקס ומשקה חלב עמיד בטעם וניל,פארייפאבה אגרואינדוס,,מארז הפסקת אוכל חלב,גרמים,150.00,100 גרם,false,,9.50,0.0633,true,1,5334
7290004136857,false,מעדן ג`לי בטעם פטל תנובה (125 גרם),תנובה מרכז שיתופי לש,,ג'לי בטעם פטל 125,גרמים,125.00,100 גרם,false,,2.60,0.0208,true,1,5335
7290004136864,false,מעדן ג'לי בטעם אננס עם חתיכות תנובה 125 גרם,תנובה בעמ ***,,ג'לי אננס עם חתיכות,גרמים,125.00,100 גרם,false,,2.80,0.0224,true,1,5336
7290004136871,false,מעדן ג'לי בטעם אפרסק עם חתיכות תנובה 125 גרם,תנובה מרכז שיתופי לש,,ג'לי אפרסק עם חתיכות,גרמים,125.00,100 גרם,false,,2.80,0.0224,true,1,5337
7290004137021,false,"שמנת עמידה לבישול מופחת שומן 10% השף הלבן 250 מ""ל",תנובה מרכז שיתופי לש,,שמנת עמידה לבישול 10,מיליליטרים,250.00,"100 מ""ל",false,,8.00,0.0320,true,1,5145
7290004137311,false,גבינה צהובה מופחתת שומן 9% עמק (400 גרם),"תנובה בע""מ ***",,עמק לייט משפחתי 9% 4,גרמים,400.00,100 גרם,false,,29.90,0.0747,true,1,5146
7290004137809,false,לאבנה אסלית 5% גביע (250 גרם)פיראוס תנו,"תנובה, מחלבת אלון תב",,פיראוס לאבנה 5% גביע,גרמים,250.00,100 גרם,false,,12.50,0.0500,true,1,5338
7290004228804,false,עלי בצק לסיגרים ואגרול שלושת האופים (450,נטו מילנדה סחר בעמ*,,עלי סיגר שלושת האופי,גרמים,450.00,100 גרם,false,,13.90,0.0309,true,1,19847
7290004323882,false,טחון הודו אדום מתובל,"טיבון ויל אחזקות בע""\מ",,הודו אדום טחון 500 ג,גרמים,500.00,100 גרם,false,,14.90,0.0298,true,1,3616
7290004324605,false,גבינה מותכת למריחה בטעם רוקפור 7% מון בלאן 120 ג',נטו מילנדה סחר בעמ*,,מון בלאן רוקפור 120,גרמים,120.00,100 גרם,false,,11.40,0.0950,true,1,3618
7290004480332,false,גבינת גאודה30%משולש משקל,מחלבות גד,,גאודה בקר משולש,קילוגרמים,1.00,"ק""ג",true,,110.00,110.0000,true,1,20126
7290004480349,false,"משולש גבינת גאודה עיזים ""גד""",מחלבת אמלטי הולנד,,גאודה עיזים משולש,קילוגרמים,1.00,"ק""ג",true,,110.00,110.0000,true,1,20124
7290004492342,false,נישנושים קוקטייל מלח350ג,גוצ'מולר,,נשנושי קרקר קוקטייל,גרמים,350.00,100 גרם,false,,13.30,0.0380,true,1,3963
7290004492762,false,"נשנושים תירס אפוי טעם טבעי בייגל בייגל 325 גרם בד""צ",יוניליוור ישראל שיווק בע`מ,,נשנושים בטעם תירס 32,גרמים,325.00,100 גרם,false,,12.90,0.0397,true,1,3965
7290004492793,false,נישנושים 6 דגנים 325 גרם,גוצ'מולר,,נשנושי קרקר משושה 6,גרמים,325.00,100 גרם,false,,12.60,0.0388,true,1,3966
7290004492823,false,נישנושים שומשום 350 גרם,בייגל את בייגל מזון 198),,נשנושי קרקר משולשי ש,גרמים,350.00,100 גרם,false,,13.20,0.0377,true,1,3967
7290004494148,false,"דלתון גליל מרלו 750 מ""ל",הכרם - משקאות חריפים בעמ,,יין אדום מרלו גליל י,מיליליטרים,750.00,"100 מ""ל",false,,59.90,0.0799,true,1,5786
7290004494377,false,יין אדום יבש שיראז יקב דלתון (750 מל),לפ החברה הסקוטית למסחר ושיווק,,יין אדום יבש שיראז ג,מיליליטרים,750.00,"100 מ""ל",false,,59.90,0.0799,true,1,5787
7290004494919,false,יין כנען קברנה שיראז 750 מל דלתון,הכרם - משקאות חריפים בעמ,,יין אדום כנען קברנה,מיליליטרים,750.00,"100 מ""ל",false,,41.90,0.0559,true,1,5788
7290004554422,false,טילון קורנטו פקאנים,שטראוס,,טילון קורנטו פקאנים,יחידה,1.00,יחידה,false,,11.00,11.0000,true,1,11764
7290004584351,false,גבינה לבנה סימפוניה עם תוספות 200 ג' חמישית 200,שטראוס גרופ בעמ/מצונן,,גבינה במרקם שמנת סימ,גרמים,200.00,100 גרם,false,,11.00,0.0550,true,1,80
7290004584528,false,יוגורט דנונה ביו לבן 1.7% שומן 200 גרם,שטראוס גרופ בעמ/מצונן,,דנונה ביו 1.7% 200 ג,גרמים,200.00,100 גרם,false,,3.70,0.0185,true,1,81
7290004585907,false,דני ועדן וניל 1.5% 125ג' שטראוס,שטראוס גרופ בעמ/מצונן,,דני מעדן חלב בטעם ונ,גרמים,125.00,100 גרם,false,,2.70,0.0216,true,1,82
7290004603175,false,מלח הים האדום גס מלח הארץ (500 גרם),"חברת מלח הארץ אילת בע""\מ",,מלח הים האדום 500 גר,גרמים,500.00,100 גרם,false,,7.90,0.0158,true,1,7965
7290004652401,false,ג'חנון ללא מרגרינה שגב 650 גר' לנדא,נטו מלינדה סחר בע`מ,,ג'חנון ללא מרגרינה ש,גרמים,650.00,100 גרם,false,,19.90,0.0306,true,1,17776
7290004658847,false,"תירוש כרמל מיץ ענבים אדום, 187 מ""ל",אגודת הכורמים בעמ,,"תירוש 187 מ""ל",מיליליטרים,187.00,"100 מ""ל",false,,6.90,0.0369,true,1,11971
7290004658953,false,יין סוביניון בלאן פרייבט קולקשן יקבי כרמל,"כד בני דרום בע""מ",,יין סוביניון בלאן 75,מיליליטרים,750.00,"100 מ""ל",false,,39.90,0.0532,true,1,11973
7290004731472,false,"אל סבון צבעוני כיף שלישיה* 500 מ""ל",החברה הדרומית לשיווק בעמ,,אל סבון צבעוני כיף 3,מיליליטרים,1500.00,"100 מ""ל",false,,19.90,0.0133,true,1,4363
7290004731564,false,"מקסימה מבשם ומרכך למייבש הכביסה בלו בלוסום 750 מ""ל",החברה הדרומית לשיווק בעמ,,מקסימה למייבש בלו בו,מיליליטרים,750.00,"100 מ""ל",false,,16.30,0.0217,true,1,4364
7290004737719,false,אספרגוס שלם מקולף בצנצנת ויליפוד 330 גרם,ג.וילי-פוד אינטרנשיונל בעמ,,אספרגוס שלם מקולף בצ,גרמים,330.00,100 גרם,false,,9.90,0.0300,true,1,2814
7290004737900,false,חלב כחוש מרוכז וממותק בתוספת שמן צמחי ויליפוד 397 גרם,ג. וילי-פוד אינטרנשיונל בע`מ,,חלב מרוכז ממותק 397,גרמים,397.00,100 גרם,false,,10.90,0.0275,true,1,2815
7290004914691,false,מפיץ ריח סנרייז,,,מפיץ יוקרתי,יחידה,1.00,יחידה,false,,17.90,17.9000,true,1,21772
7290004923099,false,שישיית מים עין גדי 2 ליטר,עין גדי מיים מינרלים,,מים מינרלים עין גדי,ליטרים,12.00,ליטר,false,,11.90,0.9917,true,1,2216
7290005008184,false,"סבון נוזלי בניחוח חלב שקדים פלמוליב 500 מ""ל",הנסיך- מפעל לייצור ט,,תחליב רחצה מועשר בשק,מיליליטרים,500.00,"100 מ""ל",false,,17.90,0.0358,true,1,9002
7290005113123,false,"חרוזית שחור A2יבנה בד""ץ 600ג'",קבוצת יבנה,,זיתים מושחרים נטולי,גרמים,540.00,100 גרם,false,,11.90,0.0220,true,1,7966
7290005113901,false,זיתים מרינט גדול 600 יבנה,קבוצת יבנה,,זיתים חתוכים מרינד ב,גרמים,540.00,100 גרם,false,,8.90,0.0165,true,1,7969
7290005174513,false,חציל על האש במיונז אחלה 400 גרם+225גר,שטראוס גרופ בעמ/מצונן,,חצילים במיונז 500 ג,גרמים,500.00,100 גרם,false,,15.90,0.0318,true,1,83
7290005174551,false,סלט חומוס עם צנוברים 125 ג' אחלה,שטראוס גרופ בעמ/מצונן,,סלט חומוס יום יום אח,גרמים,125.00,100 גרם,false,,4.90,0.0392,true,1,84
7290005174568,false,אחלה יום יום חצילים במיונז 125 גרם,שטראוס גרופ בעמ/מצונן,,סלט חצילים במיונז יו,גרמים,125.00,100 גרם,false,,4.90,0.0392,true,1,85
7290005174575,false,טחינה אחלה יום יום משובחת 125ג',שטראוס גרופ בעמ/מצונן,,סלט טחינה יום יום אח,גרמים,125.00,100 גרם,false,,4.90,0.0392,true,1,86
7290005197758,false,"עוגיות חיוכים שוקולד עלית 150 גרם בד""צ",אפיפית נצרת תעשיות ב,,חיוכים שוקו 150 גרם,גרמים,150.00,100 גרם,false,,4.90,0.0327,true,1,11257
7290005200786,false,תפוצ'יפס בטעם שמנת בצל עלית 50 גרם,"שטראוס פריטו ליי בע""\מ )",,תפוציפס שמנת ובצל 50,גרמים,50.00,100 גרם,false,,4.00,0.0800,true,1,519
7290005287206,false,רביעיית טונה בשמן סטארקיסט 160 גרם,דיפלומט מפיצים (1968) בעמ**,,טונה סטארקיסט בשמן 4,גרמים,640.00,100 גרם,false,,24.90,0.0389,true,1,2599
7290005287251,false,רביעיית טונה במים סטארקיסט 160 גרם,דיפלומט מפיצים (1968) בעמ**,,נתחי טונה סטארקיסט ב,גרמים,640.00,100 גרם,false,,24.90,0.0389,true,1,2600
7290005326585,false,ממרח אוליביה פסטו בזיליקום 180 ג',"אוליביה גורמה בע""מ",,פסטו בזיליקום אוליבי,גרמים,180.00,100 גרם,false,,12.90,0.0717,true,1,5339
7290005384837,false,"מיץ לימונים מלימונים טריים 500 מ""ל",דריבדוס סיטרוס,,מיץ לימון ויליפוד 50,מיליליטרים,500.00,"100 מ""ל",false,,8.90,0.0178,true,1,19017
7290005384851,false,וילי פוד מיץ לימון בדץ 200מל,קריות זול,,מיץ לימון משומר וילי,מיליליטרים,200.00,"100 מ""ל",false,,4.90,0.0245,true,1,19018
7290005423383,false,מטהר אוויר סנומוד גל,סנומוד,,מבשם אוויר נטול גז ג,מיליליטרים,150.00,"100 מ""ל",false,,10.90,0.0727,true,1,4369
7290005423635,false,ריצפז נוזל רצפות דוחה תיקנים סנו 2 ליטר,החברה הדרומית לשיווק בעמ,,סנו ריצפז דוחה חרקים,מיליליטרים,2000.00,"100 מ""ל",false,,21.90,0.0109,true,1,4371
7290005424991,false,סנו פרש אוטומטיק בהתזה קצובה ניחוח בייבי פאודר,החברה הדרומית לשיווק בעמ,,מילוי פרש אוטומטיק ב,מיליליטרים,350.00,"100 מ""ל",false,,12.90,0.0369,true,1,4376
7290005425196,false,"מקסימה אבקת כביסה סנסיטיב סנו 2.5 ק""ג",החברה הדרומית לשיווק בעמ,,סנו מקסימה סנסטיב 2.,קילוגרמים,2.50,"ק""ג",false,,25.90,10.3600,true,1,4379
7290005425646,false,קליר נוזל לניקוי חלונות רב תכליתי סנו 1 ליטר,החברה הדרומית לשיווק בעמ,,ספריי רב תכליתי לניק,מיליליטרים,1000.00,"100 מ""ל",false,,12.90,0.0129,true,1,4380
7290005426568,false,"קרמה - קרם לחות לשיער רגיל 400 מ""ל",החברה הדרומית לשיווק בעמ,,קרם לחות לשיער רגיל,מיליליטרים,400.00,"100 מ""ל",false,,19.90,0.0497,true,1,4381
7290005430602,false,"סנו אוקסיג'ן ספריי להסרת כתמים עם חמצן פעיל 750 מ""ל",החברה הדרומית לשיווק בעמ,,אוקסיג'ן מרסס מסיר כ,מיליליטרים,750.00,"100 מ""ל",false,,19.90,0.0265,true,1,4387
7290005431906,false,מארז קדאיף 82 גר`עדן קינוחים,עדן קינוחים Eden,,מעדן קדאיף עדן קינוח,גרמים,82.00,100 גרם,false,,6.90,0.0841,true,1,18756
7290005431913,false,עוגת גבינה פירורים עדן קינוחים 92 גרם,עדן קינוחים Eden,,עוגת גבינה פירורים ע,גרמים,92.00,100 גרם,false,,6.90,0.0750,true,1,18757
7290005431968,false,מלבי שמנת עדן קינוחים 150 גרם,עדן קינוחים Eden,,מלבי שמנת עדן קינוחי,גרמים,150.00,100 גרם,false,,6.90,0.0460,true,1,18759
7290005437212,false,טעמן שמן זית כ.מעולה ספרדי בדץ 750מל.,טעמן שיווק מזון בעמ,,שמן זית כתית מעולה ט,מיליליטרים,750.00,"100 מ""ל",false,,29.90,0.0399,true,1,2718
7290005437540,false,"פטריות שמפיניון חתוכות בד""צ טעמן 290 גרם",טעמן שווק מזון בעמ,,פטריות חתוכות טעמן 2,גרמים,290.00,100 גרם,false,,4.50,0.0155,true,1,20982
7290005437632,false,שמן קנולה 1 ליטר טעמן,,,שמן קנולה טעמן 1 ליט,מיליליטרים,1000.00,"100 מ""ל",false,,10.90,0.0109,true,1,2720
7290005437755,false,פסטה בילאגיו צינורות 500 גרם טעמן,מוצרי יסוד - טעמן,,פסטה בילאגיו צינורות,גרמים,500.00,100 גרם,false,,4.90,0.0098,true,1,19355
7290005437762,false,פסטה בילאג'יו ספירלה 500גר' טעמן,מוצרי יסוד - טעמן,,פסטה בילאג'יו ספירלה,גרמים,500.00,100 גרם,false,,4.90,0.0098,true,1,19356
7290005437939,false,פסטה ספגטיני מס' 10 500 גר' טעמן,מוצרי יסוד - טעמן,,פסטה בילאג'יו ספגטינ,גרמים,500.00,100 גרם,false,,4.90,0.0098,true,1,19357
7290005559587,false,מאפה נקניקיה בבצק מעדנות 800ג',תנובה מרכז שיתופי לשיווק תוצרת,,מאפה נקניקיות בבצק מ,גרמים,800.00,100 גרם,false,,26.90,0.0336,true,1,5677
7290005559907,false,פיצה משפחתית 100% גבינה מעדנות 500 גרם,תנובה מרכז שיתופי לשיווק תוצרת,,פיצה משפחתית 100% גב,גרמים,500.00,100 גרם,false,,23.90,0.0478,true,1,5679
7290005559914,false,פיצה משפחתית עם 100% גבינה בתוספת זיתים מעדנות 550 גרם,תנובה מרכז שיתופי לשיווק תוצרת,,פיצה משפחתית זיתים מ,גרמים,550.00,100 גרם,false,,23.90,0.0435,true,1,5680
7290005559990,false,בצק עלים פילאס תורכי 600 גרם קפוא,תנובה מרכז שיתופי לשיווק תוצרת,,בצק פילאס תורכי מעדנ,גרמים,600.00,100 גרם,false,,22.90,0.0382,true,1,5681
7290005591761,false,דבש טהור מפרחי בר בלחיץ 400 ג' יד מרדכי,מכוורת יד מרדכי שטרא,,דבש טהור לחיץ 400 גר,גרמים,400.00,100 גרם,false,,21.90,0.0547,true,1,11262
7290005610127,false,תפוח אדמה גורמה דוד משה,אראל תוצרת חקלאית בע,,תפוח אדמה גורמה דוד,קילוגרמים,1.00,"ק""ג",true,,6.90,6.9000,true,1,877
7290005678387,false,ענב אוטום רויאל -שחור,מושב לכיש,,ענב אדום,קילוגרמים,1.00,"ק""ג",true,,24.90,24.9000,true,1,17874
7290005678745,false,ענב אדום,,,ענב אדום,קילוגרמים,1.00,"ק""ג",true,,24.90,24.9000,true,1,17995
7290005686405,false,בננה ציפס 200 גרם ששון הקולה,דין שיווק וקליה 2021 בעמ,,בננה צ`יפס 200 גרם ש,גרמים,200.00,100 גרם,false,,6.90,0.0345,true,1,20776
7290005719158,false,בייגל סימיט טורקי 15,פילסברי,,בייגל סימיט,יחידה,1.00,יחידה,false,,4.90,4.9000,true,1,14374
7290005719318,false,רבעיית המבורגר פרמיום,ג`נרל מילס ישראל בעמ,,לחמניית המבורגר פרמי,יחידה,1.00,יחידה,false,,13.90,13.9000,true,1,14378
7290005719905,false,בומבומולונה ביס ריבה,פילסברי,,בומבומולונה ביס ריבה,יחידה,1.00,יחידה,false,,2.90,2.9000,true,1,14382
7290005719943,false,בומבולונה לב עם שוקו,פילסברי,,בומבולונה שוקולד,יחידה,1.00,יחידה,false,,2.90,2.9000,true,1,14385
7290005719950,false,בומבולונה לב קלאסי,,,בומבולונה לב קלאסי,יחידה,1.00,יחידה,false,,2.90,2.9000,true,1,14386
7290005838002,false,מעדן גבינה ויוגורט בטעם וניל 88 ג' דניאלה,שטראוס גרופ בעמ/מצונן,,דניאלה וניל 150 גרם,גרמים,150.00,100 גרם,false,,4.10,0.0273,true,1,88
7290005839078,false,שמיניית יוגורט לבן 3% ביו דנונה 150 גרם,שטראוס גרופ בעמ/מצונן,,מארז 8 חסכון - ביו 3,גרמים,1200.00,100 גרם,false,,15.90,0.0133,true,1,91
7290005839108,false,גבינה לבנה סימפוניה עם תוספות 200 ג'+זיתים 5%,שטראוס גרופ בעמ/מצונן,,גבינה במרקם שמנת 5%,גרמים,200.00,100 גרם,false,,11.00,0.0550,true,1,92
7290005839313,false,מילקי Top עם שוקולדה מגולגלת 140 גרם,שטראוס גרופ בעמ/מצונן,,מילקי טופ מגולגלת 17,מיליליטרים,170.00,"100 מ""ל",false,,4.90,0.0288,true,1,93
7290005854835,false,טילון מגנום וניל ציפ,גלידות שטראוס בעמ,,מגנום טילון וניל צ'י,יחידה,1.00,יחידה,false,,11.00,11.0000,true,1,11770
7290005896620,false,סאן בנדטו - מוגז עדין - 1.5 ליטר,אקווה מינרלה סאן בנד,,מים סן בנדטו מוגז 1.,מיליליטרים,1500.00,"100 מ""ל",false,,3.90,0.0026,true,1,22217
7290005896637,false,סאן בנדטו - מים מינרלים טבעיים מהאלפים 1.5 ליטר,אקווה מינרלה סאן בנדטו ב,,מים מינרליים טבעיים,מיליליטרים,9000.00,"100 מ""ל",false,,4.80,0.0005,true,1,22218
7290005938245,false,ממרח פסטו קלאסי פרסקו 220ג' מצונן,מיוצר עי פרסקו חצבה,,פסטו קלאסי 220 גרם,גרמים,220.00,100 גרם,false,,18.90,0.0859,true,1,3636
7290005951039,false,כרובית ארוזה,מלא הסל פירות וירקות בעמ-לא פע,,כרובית,יחידה,1.00,יחידה,false,,9.90,9.9000,true,1,878
7290005966088,false,"יין הר חרמון אדום עברית 750 מ""ל",היכל היין שקד גולן בעמ,,יין אדום יבש הר חרמו,מיליליטרים,750.00,"100 מ""ל",false,,31.90,0.0425,true,1,15628
7290005992018,false,"יוגורט עיזים לשתיה 3% מחלבות גד 500 מ""ל",מחלבות גד שיווק 1992 בעמ,,יוגורט לשתייה מחלב ע,מיליליטרים,500.00,"100 מ""ל",false,,12.20,0.0244,true,1,8529
7290005992575,false,גבינה בולגרית למריחה 5% גד (250 גרם),מחלבות גד שיווק 1992 בעמ,,גבינה בולגרית למריחה,גרמים,250.00,100 גרם,false,,15.90,0.0636,true,1,8531
7290005992735,false,לאבנה טבעית 5% 250 גר' - רבנות,מחלבות גד שיווק 1992 בעמ,,גבינת לאבנה טבעית 5%,גרמים,250.00,100 גרם,false,,11.90,0.0476,true,1,8532
7290006229427,false,סן בנדטו - מים מינרלים - מארז שישיית 500 מל,טמפו משקאות בע`מ,,שישיית מים סאן בנדטו,מיליליטרים,3000.00,"100 מ""ל",false,,12.90,0.0043,true,1,4747
7290006229427,false,סן בנדטו - מים מינרלים - מארז שישיית 500 מל,טמפו משקאות בע`מ,,שישיית מים סאן בנדטו,מיליליטרים,3000.00,"100 מ""ל",false,,12.90,0.0043,true,1,4852
7290006251275,false,תה ירוק סיני קלאסי ויסוצקי 25 יחידות,תה ויסוצקי (ישראל) בעמ,,תה ירוק סיני,יחידה,25.00,יחידה,false,,24.90,0.9960,true,1,997
7290006256089,false,"יין אדום קברנה סוביניון גאטו נגרו 750 מ""ל",היכל היין שקד גולן בעמ,,יין גאטו נגרו קברנה,מיליליטרים,750.00,"100 מ""ל",false,,40.20,0.0536,true,1,20445
7290006256775,false,"יין גאטו נגרו מלבק 750 מ""ל",היכל היין שקד גולן בעמ,,יין גאטו נגרו מלבק 7,מיליליטרים,750.00,"100 מ""ל",false,,40.20,0.0536,true,1,20446
7290006272072,false,חטיפי פיצה גבינה מעדנות 650 גרם,תנובה קפואים,,חטיפי פיצה 24 יחידות,גרמים,650.00,100 גרם,false,,32.90,0.0506,true,1,5685
7290006272430,false,בצק עלים חמאה חלבי מעדנות (600 גרם),מיוצר עי קונדיטוריית,,בצק עלים חמאה מעדנות,גרמים,600.00,100 גרם,false,,27.90,0.0465,true,1,5686
7290006273239,false,עוגת שמרים שוקולד 380גרם,לחמי,,לחמי עוגת שמרים שוקו,יחידה,1.00,יחידה,false,,16.90,16.9000,true,1,999
7290006273246,false,עוגת שמרים קינמון 380גרם,לחמי,,שמרים קינמון 380 גרם,גרמים,380.00,100 גרם,false,,16.90,0.0445,true,1,1000
7290006322104,false,לחם ריחיים קל פרוס 500גר,מאפיית דוידוביץ ובניו בע,,לחם ריחיים קל פרוס 5,גרמים,500.00,100 גרם,false,,12.90,0.0258,true,1,14710
7290006322111,false,לחמניות ריחיים 80*6 גרם,מאפיית דוידוביץ ובניו בע,,לחמניות רחיים קלות 7,גרמים,450.00,100 גרם,false,,12.90,0.0287,true,1,14711
7290006322128,false,לחמניות קלות 6 יח בחבילה,מאפיית דוידוביץ ובניו בע,,לחמניות קלות 75 גרם,גרמים,450.00,100 גרם,false,,8.90,0.0198,true,1,14712
7290006322166,false,לחמניות רגילות 6יח75X'גר,מאפיית דוידוביץ ובניו בע,,לחמניות רגילות 6*75,יחידה,6.00,יחידה,false,,9.90,1.6500,true,1,14713
7290006322678,false,לחמניות מאפיית דוידו,,,לחמניות מאפיית דוידו,גרמים,750.00,100 גרם,false,,10.90,0.0145,true,1,14719
7290006322838,false,לחם מקמח מלא דוידובי,מאפיית דוידוביץ ובניו בע,,לחם קמח מלא 100% מאפ,גרמים,750.00,100 גרם,false,,12.90,0.0172,true,1,14720
7290006322968,false,לחם זיץ ברויט דוידוב,מאפיית דוידוביץ ובני,,לחם זיץ ברויט 1.2 ק',גרמים,1200.00,100 גרם,false,,14.90,0.0124,true,1,14721
7290006342072,false,גרעין לבן ששון הקולה 200 גרם,דין שיווק וקליה 2021 בעמ,,גרעין לבן 200 גרם,גרמים,200.00,100 גרם,false,,8.90,0.0445,true,1,12103
7290006342089,false,גרעין שחור 200 גרם ששון הקולה,"דין שיווק וקלייה בע""",,גרעין שחור 200 גרם,גרמים,200.00,100 גרם,false,,5.90,0.0295,true,1,20778
7290006342447,false,גרעיני אבטיח ששון הקולה 200 גרם,דין שיווק וקליה 2021 בעמ,,גרעין אבטיח 200 גרם,גרמים,200.00,100 גרם,false,,12.90,0.0645,true,1,12104
7290006342515,false,מנצ'ס ששון הקולה 200 גרם,"דין שיווק וקלייה בע""",,מנצס 200 שקית,גרמים,200.00,100 גרם,false,,7.90,0.0395,true,1,20779
7290006342560,false,בוטן אמריקאי 200 גרם ששון הקולה,דין שיווק וקליה 2021 בעמ,,בוטן אמריקאי 200 גרם,גרמים,200.00,100 גרם,false,,6.90,0.0345,true,1,12106
7290006342645,false,טורטיה גדולה שקדיה 840 גרם 12 יחידות,דין שיווק וקליה 2021 בעמ,,טורטיה גדולה 840 גרם,גרמים,840.00,100 גרם,false,,16.90,0.0201,true,1,12107
7290006374738,false,קונפיטורה תות יד מרדכי בטעם תות,אף.סי תבליני בגליל ב,,קונפיטורת תות 340 גר,גרמים,340.00,100 גרם,false,,13.90,0.0409,true,1,11264
7290006492432,false,גבינה מוצרלה בייבי 18% גד (150 גרם),מחלבות גד שיווק 1992 בעמ,,בייבי מוצרלה 18% 150,גרמים,150.00,100 גרם,false,,14.90,0.0993,true,1,8533
7290006492630,false,גבינת פרומעז עיזים 22% גד 180 גרם,מחלבות גד שיווק 1992 בעמ,,גבינת גליל עיזים 22%,גרמים,180.00,100 גרם,false,,22.50,0.1250,true,1,8535
7290006492685,false,גבינת לאבנה עיזים 5% גד (250 גרם),מחלבות גד שיווק 1992 בעמ,,גבינת לאבנה עיזים 5%,גרמים,250.00,100 גרם,false,,16.40,0.0656,true,1,8536
7290006492852,false,גבינת עיזים למריחה 5% 250 גרם רובין,מחלבות גד שיווק 1992 בעמ,,גבינת עזים למריחה 5%,גרמים,250.00,100 גרם,false,,17.90,0.0716,true,1,8537
7290006492913,false,גבינת לאבנה ציזיקי 5% מחלבות גד 250 גרם,מחלבות גד שיווק 1992 בעמ,,גבינת לאבנה ציזיקי 5,גרמים,250.00,100 גרם,false,,12.90,0.0516,true,1,8538
7290006511751,false,פטריות שמפניון חתוך ויליפוד 290X3 ג' בד”צ,ג.וילי-פוד אינטרנשיונל בעמ,,שלישית פטריות חתוך ו,יחידה,3.00,יחידה,false,,11.90,3.9667,true,1,2820
7290006651389,false,"אל סבון קידס ד""ר פישר750",פישר מעבדות פרמצבטיות,,"אל סבון קידס ד""ר פיש",מיליליטרים,750.00,"100 מ""ל",false,,17.90,0.0239,true,1,12037
7290006653819,false,קוסקוס אמיתי דק בשקית 350 גרם,קבוצת אוסם סחר שותפות מוגבלת,,אסם קוסקוס דק 350 גר,גרמים,350.00,100 גרם,false,,7.90,0.0226,true,1,1496
7290006660596,false,קמח עדשים אדומות ללא גלוטן דגש 500 גרם,אף.סי תבליני בגליל ב,,דגש קמח עדשים אדומות,גרמים,500.00,100 גרם,false,,16.90,0.0338,true,1,14529
7290006664051,false,"אקטימל לבן 1.51 ק""ג מארז 14 יחידות",שטראוס גרופ בעמ/מצונן,,"אקטימל לבן 14*100 מ""",מיליליטרים,1400.00,"100 מ""ל",false,,29.90,0.0214,true,1,96
7290006664402,false,גבינה לבנה סקי 5% שומן 750 גרם,שטראוס גרופ בעמ/מצונן,,גבינה לבנה סקי % 5 7,גרמים,750.00,100 גרם,false,,14.90,0.0199,true,1,98
7290006664655,false,דנונה Actimel יוגורט טבעי 8*100 מ``ל,שטראוס גרופ בעמ/מצונן,,"אקטימל לבן 8*100 מ""ל",מיליליטרים,800.00,"100 מ""ל",false,,20.90,0.0261,true,1,100
7290006664990,false,"יוגורט דנונה ביו לבן 1.7% שומן 8*150 מ""ל",שטראוס גרופ בעמ/מצונן,,מארז 8 חסכון - ביו 1,גרמים,1200.00,100 גרם,false,,15.90,0.0133,true,1,102
7290006681065,false,"קסטה שוקו וניל ""שטראוס""","מיוצר ע""\י גלידת שטראוס",,טעמקור XL,יחידה,1.00,יחידה,false,,7.90,7.9000,true,1,11772
7290006681553,false,קרמבו בטעם וניל שטראוס 8 יחידות,"גלידות שטראוס בע""מ",,קרמבו שטראוס וניל 8*,יחידה,8.00,יחידה,false,,16.90,2.1125,true,1,11773
7290006732668,false,עוגת שושנים טריפל שוק380,לחמי,,שמרים טריפל שוקולד,יחידה,1.00,יחידה,false,,16.90,16.9000,true,1,1002
7290006739292,false,נקניק פסטרמה פרגיות ציפוי תירס,נקניק נהריה כשר זוגל,,פסטרמה תבור 330 גר',גרמים,330.00,100 גרם,false,,25.90,0.0785,true,1,9871
7290006739414,false,נקניק סלמי קוניאק זוגלובק 300 גרם,נקניק נהריה כשר זוגל,,סלמי קוניאק 300 גרם,גרמים,300.00,100 גרם,false,,25.90,0.0863,true,1,9874
7290006739421,false,נקניק סלמי מעושן איטלקי זוגלובק 300 גרם,נקניק נהריה כשר זוגל,,נקניק סלמי מעושן איט,גרמים,300.00,100 גרם,false,,25.90,0.0863,true,1,9849
7290006739421,false,נקניק סלמי מעושן איטלקי זוגלובק 300 גרם,נקניק נהריה כשר זוגל,,נקניק סלמי מעושן איט,גרמים,300.00,100 גרם,false,,25.90,0.0863,true,1,9875
7290006739445,false,שניצל תירס קלאסי 750 ג' זוגלובק,נקניק נהריה כשר זוגל,,שניצל תירס קלאסי 750,גרמים,750.00,100 גרם,false,,22.90,0.0305,true,1,9876
7290006739544,false,כתף בקר 3% שומן זוגלובק (300 גרם),נקניק זוגלובק נהריה,,כתף בקר 300 גרם,גרמים,300.00,100 גרם,false,,29.90,0.0997,true,1,9877
7290006742278,false,פסטרמה הודו צלויה על לבנים 330 ג' זוגלובק,נקניק נהריה כשר זוגל,,פסטרמה צלויה על לבני,גרמים,330.00,100 גרם,false,,25.90,0.0785,true,1,9884
7290006742292,false,פסטרמה הודו בדבש 330 ג' זוגלובק,נקניק נהריה כשר זוגל,,פסטרמה בדבש 330 גרם,גרמים,330.00,100 גרם,false,,25.90,0.0785,true,1,9885
7290006742315,false,פסטרמה חזה הודו ברביקיו 2% זוגלובק 330 גרם,נקניק נהריה כשר זוגל,,פסטרמה חזה הודו ברבי,גרמים,330.00,100 גרם,false,,25.90,0.0785,true,1,9887
7290006765000,false,טורטיה מקמח מלא שקדיה 540 גרם,דין שיווק וקליה 2021 בעמ,,טורטיה מקמח מלא 540,גרמים,540.00,100 גרם,false,,9.90,0.0183,true,1,12108
7290006775016,false,עוגת תפוז אחוה (450 גרם)אחוה,אחדות ביתחרושת לטחינה חלבה,,עוגת תפוז 450 גרם אח,גרמים,450.00,100 גרם,false,,10.90,0.0242,true,1,7972
7290006775023,false,עוגה אנגלית אחוה (450 גרם)אחוה,אחדות ביתחרושת לטחינה חלבה,,עוגה אנגלית 450 גרם,גרמים,450.00,100 גרם,false,,10.90,0.0242,true,1,7973
7290006775047,false,עוגת שוקולד אחוה (450 גרם)אחוה,אחדות ביתחרושת לטחינה חלבה,,עוגת שוקולד 450 גרם,גרמים,450.00,100 גרם,false,,10.90,0.0242,true,1,7975
7290006775054,false,עוגת שיש אחוה (450 גרם)אחוה,אחדות ביתחרושת לטחינה חלבה,,עוגת שיש 450 גרם אחו,גרמים,450.00,100 גרם,false,,10.90,0.0242,true,1,7976
7290006775078,false,עוגת דבש תשרי אחוה 400 גרם,אחדות בעמ,,עוגת דבש אחוה 400 גר,גרמים,400.00,100 גרם,false,,9.90,0.0248,true,1,22921
7290006775078,false,עוגת דבש תשרי אחוה 400 גרם,אחדות בעמ,,עוגת דבש 400 גרם,גרמים,400.00,100 גרם,false,,9.90,0.0248,true,1,22981
7290006775337,false,עוגת שמרים במילוי פרג אחווה,אחדות ביחר לטחינה חל,,עוגת שמרים פרג 400 ג,גרמים,400.00,100 גרם,false,,10.90,0.0273,true,1,7978
7290006804051,false,בורקס גבינה פילסברי,פילסברי,,מאפיה - בורקס גבינה,קילוגרמים,1.00,"ק""ג",true,,42.00,42.0000,true,1,14388
7290006804068,false,"מאפיה - בורקס תפו""א",פילסברי,,"מאפיה - בורקס תפו""א",קילוגרמים,1.00,"ק""ג",true,,42.00,42.0000,true,1,14389
7290006804082,false,קרואסון ביס שוקולד פ,פילסברי,,מאפיה - ביס שוקולד,קילוגרמים,1.00,"ק""ג",true,,42.00,42.0000,true,1,14390
7290006804099,false,גביניות פילסברי חלבי,פילסברי,,מאפיה - גביניות (חלב,קילוגרמים,1.00,"ק""ג",true,,42.00,42.0000,true,1,14391
7290006804136,false,קרואסון פילסברי פרוו,פילסברי,,מאפיה - קרואסון פרוו,קילוגרמים,1.00,"ק""ג",true,,49.00,49.0000,true,1,14393
7290006804143,false,רוגלעך פילסברי,פילסברי,,מאפיה - רוגלעך,קילוגרמים,1.00,"ק""ג",true,,42.00,42.0000,true,1,14394
7290006804457,false,בורקס תורכי פיצה-חלב,פילסברי,,בורקס תורכי פיצה (חל,קילוגרמים,1.00,"ק""ג",true,,42.00,42.0000,true,1,14397
7290006805362,false,חצי באגט מאפית,פילסברי,,חצי בגט לבן,יחידה,1.00,יחידה,false,,3.90,3.9000,true,1,14401
7290006806499,false,לחמנייה דגנים וגרעינ,,,לחמנייה דגנים וגרעינ,יחידה,1.00,יחידה,false,,4.90,4.9000,true,1,14409
7290006806963,false,חלה מתוקה קלועה אפויה(אפיה מקומית),ג נרל מילס ישראל בעמ ~~~,,חלה מתוקה קלועה,יחידה,1.00,יחידה,false,,12.90,12.9000,true,1,14410
7290006822192,false,נקטר דיאט חמוציות אושן ספריי פריגת 1 ליטר,החברה המרכזית להפצת משקאות בעמ,,פריגת דיאט חמוציות 1,מיליליטרים,1000.00,"100 מ""ל",false,,11.90,0.0119,true,1,8220
7290006866363,false,מיץ סחוט אשכוליות אדומות פרימור 1 ליטר,שטראוס גרופ בעמ/מצונן,,מיץ אשכוליות אדומות,מיליליטרים,1000.00,"100 מ""ל",false,,16.20,0.0162,true,1,103
7290006869449,false,"לבן 3% שומן 150 מ""ל",טרה,,"לבן 3% טרה 150 מ""ל",מיליליטרים,150.00,"100 מ""ל",false,,1.10,0.0073,true,1,8353
7290006983176,false,קרקר לחמית שיפון אסם (230 גרם),קבוצת אוסם סחר שותפות מוגבלת,,לחמית שיפון 230 גרם,גרמים,230.00,100 גרם,false,,9.50,0.0413,true,1,1498
7290006983770,false,עוגת הבית שיש אסם (400 גרם),קבוצת אוסם סחר שותפות מוגבלת,,עוגת הבית בטעם שוקול,גרמים,400.00,100 גרם,false,,11.90,0.0298,true,1,1501
7290006983787,false,עוגת הבית שוקולד צ'יפס אסם 400 גרם,קבוצת אוסם סחר שותפות מוגבלת,,עוגת הבית שיש אסם 40,גרמים,400.00,100 גרם,false,,11.90,0.0298,true,1,1502
7290006992390,false,"מטרנה - דייסת וניל פרוביוטי כשל""פ 200 גרם",קבוצת אוסם סחר שותפות מוגבלת,,מטרנה דייסת וניל פרו,גרמים,200.00,100 גרם,false,,13.90,0.0695,true,1,1509
7290007065007,false,מוצרלה פרוסות 22% 20,,,מוצרלה פרוסות 22% 20,גרמים,200.00,100 גרם,false,,17.70,0.0885,true,1,8514
7290007933925,false,נסטלה נרדס סוכריות ב,,,נסטלה נרדס סוכריות ב,גרמים,46.70,100 גרם,false,,5.90,0.1263,true,1,17487
7290008021043,false,שמפו פינוק שיער רגיל700מ,יוניליוור ישראל טיפוח אי,,שמפו לשיער רגיל פינו,גרמים,700.00,100 גרם,false,,11.90,0.0170,true,1,3969
7290008021111,false,מרכך לשיער יבש פינוק (700 מל),יוניליוור ישראל שיווק בעמ,,מרכך לשיער יבש פינוק,מיליליטרים,700.00,"100 מ""ל",false,,11.90,0.0170,true,1,3971
7290008021135,false,שמפו פינוק 2ב1- רגיל700מ,יוניליוור ישראל טיפוח אי,,שמפו ומרכך לשיער רגי,גרמים,700.00,100 גרם,false,,11.90,0.0170,true,1,3972
7290008104050,false,"פמינה - שטיפה אינטימית קלאסית 220 מ""ל",גורי ע.ע.ע. בע`מ,,תחליב רחצה אינטימי ק,מיליליטרים,220.00,"100 מ""ל",false,,22.90,0.1041,true,1,3201
7290008175173,false,חמאה מפינלנד ללא מלח 200 גרם ויליפוד,ג.וילי-פוד אינטרנשיונל **גבינו,,חמאה מפינלנד 200 גרם,גרמים,200.00,100 גרם,false,,11.90,0.0595,true,1,2821
7290008175814,false,וילי פוד פטריות שמפיניון חתוך בדץ 400ג,ג.וילי פוד אינטרנשיונל בעמ,,פטריות חתוכות 400 גר,גרמים,400.00,100 גרם,false,,5.50,0.0138,true,1,2823
7290008330381,false,בדין דפים למייבש כביסה ורוד 40 יחידות,יוניליוור ישראל שיווק בע`מ,,בדין דפים למייבש כבי,יחידה,40.00,יחידה,false,,17.90,0.4475,true,1,3973
7290008330398,false,בדין דפים למייבש כביסה כחול 40 יחידות,יוניליוור ישראל שיווק בע`מ,,בדין דפים למייבש כבי,יחידה,40.00,יחידה,false,,18.90,0.4725,true,1,3974
7290008343466,false,בצק פילו שלושת האופים (500 גרם),שלושת האופים שגמור,,בצק פילו שלושת האופי,גרמים,500.00,100 גרם,false,,21.90,0.0438,true,1,3640
7290008343503,false,גחנון אפוי 650 גר' שלושת האופים קהילות,נטו מלינדה סחר בע`מ,,ג'חנון אפוי שלושת הא,גרמים,650.00,100 גרם,false,,19.90,0.0306,true,1,3641
7290008344272,false,המבורגר 100% טיבון ויל 400 גרם,טיבון ויל אחזקות בעמ,,המבורגר 100% 400 גרם,גרמים,400.00,100 גרם,false,,19.90,0.0497,true,1,3649
7290008345156,false,פילה מקרוסקה דלידג ב,נטו מלינדה סיימן,,פילה מקרוסקה דלידג 2,קילוגרמים,1.00,"ק""ג",true,,117.90,117.9000,true,1,17064
7290008345170,false,מקרל חצאים מעושן דלי,נטו מלינדה סחר בע`מ,,מקרל חצאים דלידג 2.5,קילוגרמים,1.00,"ק""ג",true,,104.90,104.9000,true,1,17065
7290008345576,false,סלט איקרה ביתית לבנה 300 גרם דלידג,נטו מלינדה סחר בע`מ,,איקרה ביתית לבנה 300,גרמים,300.00,100 גרם,false,,20.90,0.0697,true,1,3652
7290008345583,false,סלט איקרה ביתית ורודה דלידג (300 גרם),נטו מלינדה סחר בע`מ,,איקרה ביתית ורוד 300,גרמים,300.00,100 גרם,false,,20.90,0.0697,true,1,3653
7290008347211,false,אצבעות דג מצופות דלידג (700 גרם),אף.סי תבליני בגליל ב,,אצבעות דג מצופות דלי,גרמים,700.00,100 גרם,false,,22.90,0.0327,true,1,3409
7290008409100,false,אצבעות שניצל בציפוי שומשום מאמא עוף 700 גרם,תנובה גליל שותפות מוגבלת,,אצבעות שניצל בציפוי,גרמים,700.00,100 גרם,false,,34.90,0.0499,true,1,5687
7290008409124,false,מאמא עוף קפוא שניצל ג'ונגל פריך 700 גרם,תנובה מרכז שיתופי לשיווק תוצרת,,שניצל ג'ונגל פריך 70,גרמים,700.00,100 גרם,false,,34.90,0.0499,true,1,5688
7290008409216,false,מאמא עוף קפוא שניצל דק פריך 700 גרם,תנובה מרכז שיתופי לשיווק תוצרת,,שניצל דק דק פריך מאמ,גרמים,700.00,100 גרם,false,,39.90,0.0570,true,1,5689
7290008409407,false,שניצל דק דק צ`יפס מאמא עוף (700 גרם),תנובה גליל שותפות מוגבלת,,מאמא עוף שניצל דק צי,גרמים,700.00,100 גרם,false,,39.90,0.0570,true,1,5692
7290008409551,false,שניצל עוף אמיתי בציפוי מעודן 700 ג' מאמא עוף,תנובה מרכז שיתופי לשיווק תוצרת,,שניצל עוף בציפוי מעו,גרמים,700.00,100 גרם,false,,39.90,0.0570,true,1,5696
7290008415071,false,צבר חומוס עם טחינה עגול 150 גרם,קבוצת אוסם סחר שותפות מוגבלת,,צבר חומוס עם טחינה 1,גרמים,150.00,100 גרם,false,,4.90,0.0327,true,1,1511
7290008415514,false,צבר חומוס עם חריף עגול 150 גרם,קבוצת אוסם סחר שותפות מוגבלת,,צבר חומוס עם חריף 15,גרמים,150.00,100 גרם,false,,4.90,0.0327,true,1,1512
7290008454209,false,עוגת שמרים עם פרג 450גרם,לחמי,,שמרים פרג 380 גרם,גרמים,380.00,100 גרם,false,,16.90,0.0445,true,1,1003
7290008462204,false,חרדל דיז'ון מקורי נטו מאי 380 גרם,א. סיימן סחר בעמ,,חרדל דז'ון מקורי 380,גרמים,380.00,100 גרם,false,,14.90,0.0392,true,1,3659
7290008462259,false,חרדל דיז'ון גרגירים מיילי 380 גרם,א. סיימן סחר בעמ,,חרדל דז'ון גרגירים 3,גרמים,380.00,100 גרם,false,,16.90,0.0445,true,1,3660
7290008464024,false,"בירה גולדסטאר Unfiltered, בירה לא מסוננת, פחית 500 מ""ל","טמפו משקאות בע""מ",,גולדסטאר לא מסונן פח,מיליליטרים,500.00,"100 מ""ל",false,,8.90,0.0178,true,1,4864
7290008464208,false,"בירה מכבי 7.9%, בירה חזקה, בקבוק 330 מ''ל",פארייפאבה אגרואינדוס,,"מכבי 7.9% 330 מ""ל",מיליליטרים,330.00,"100 מ""ל",false,,6.90,0.0209,true,1,4867
7290008464345,false,"בירה גולדסטאר, בקבוק 330 מ''ל",פארייפאבה אגרואינדוס,,"גולדסטאר 330 מ""ל",מיליליטרים,330.00,"100 מ""ל",false,,7.20,0.0218,true,1,4872
7290008464406,false,פפסי מקס – משקה מוגז דל קלוריות פחיות 300 מל' שישייה,"טמפו משקאות בע""מ",,"פפסי מקס פחית 330 מ""",מיליליטרים,330.00,"100 מ""ל",false,,3.90,0.0118,true,1,21430
7290008464468,false,בירה בפחית גולדסטאר (500 מל),פארייפאבה אגרואינדוס,,"גולדסטאר פחית 500 מ""",מיליליטרים,500.00,"100 מ""ל",false,,8.40,0.0168,true,1,4873
7290008464505,false,סאן בנדטו מים מינרלים להחזרה 0.5 ל`,אקווה מינרלה סאן בנדטו ב,,מים סאן בנדטו 500 מל,מיליליטרים,500.00,"100 מ""ל",false,,3.00,0.0060,true,1,4874
7290008464604,false,"בירה הייניקן פחית 500 מ""ל",טמפו משקאות בע''מ,,"בירה הייניקן 500 מ""ל",מיליליטרים,500.00,"100 מ""ל",false,,11.90,0.0238,true,1,4748
7290008464604,false,"בירה הייניקן פחית 500 מ""ל",טמפו משקאות בע''מ,,"בירה הייניקן 500 מ""ל",מיליליטרים,500.00,"100 מ""ל",false,,11.90,0.0238,true,1,4875
7290008464611,false,"הסודה של טמפו, מי סודה בגיזוז חזק, 275 מל",טמפו משקאות בעמ,,"סודה 275 מ""ל",מיליליטרים,275.00,"100 מ""ל",false,,3.50,0.0127,true,1,4876
7290008464741,false,"בירה גולדסטאר, מארז שישייה, בקבוק 330 מ''ל","טמפו משקאות בע""\מ",,בירה גולד סטאר שישיי,מיליליטרים,1980.00,"100 מ""ל",false,,38.40,0.0194,true,1,4879
7290008464796,false,"בירה היינקן, מארז שישייה, בקבוק 330 מ''ל",טמפו משקאות בע''מ,,מארז שישייה הייניקן,מיליליטרים,1980.00,"100 מ""ל",false,,38.40,0.0194,true,1,4880
7290008464987,false,שישיית מי סודה טמפו 1.5 ליטר,"טמפו משקאות בע""מ",,מי סודה במארז טמפו 6,מיליליטרים,1980.00,"100 מ""ל",false,,15.90,0.0080,true,1,4882
7290008493390,false,גריסיני קלאסי מאיר ב,חטיפים מלוחים 2 ב-16,,גריסיני קלאסי מאיר ב,גרמים,200.00,100 גרם,false,,8.70,0.0435,true,1,2605
7290008493406,false,גריסיני שומשום 175 גרם,מאיר את ביגל,,"גריסיני שומשום בד""צ",גרמים,175.00,100 גרם,false,,8.70,0.0497,true,1,2606
7290008493413,false,פירורי לחם מאיר בייגל פירורי גריסיני 200 גרם,"דנשר (1963) בע,מ",,פירורי גריסיני מאיר,גרמים,200.00,100 גרם,false,,6.20,0.0310,true,1,4583
7290008493499,false,בייגלה שטוחל'ה מלח350גרם,מאיר את ביגל,,שטוח'לה חטיף בייגלה,גרמים,350.00,100 גרם,false,,9.90,0.0283,true,1,2607
7290008493505,false,בייגלה שטוחל'ה שומשום300,מאיר את ביגל,,שטוח'לה חטיף בייגלה,גרמים,300.00,100 גרם,false,,9.90,0.0330,true,1,2608
7290008493710,false,פירורי לחם מאיר בייגל פרורי גריסני זהב 200 גרם,"דנשר (1963) בע,מ",,פירורי גריסיני זהב מ,גרמים,200.00,100 גרם,false,,6.20,0.0310,true,1,4585
7290008500135,false,עוגת שמרים עם מלית קינמון פרווה,אסול אוכל איכותי בעמ,,עוגת שמרים קינמון,יחידה,1.00,יחידה,false,,27.90,27.9000,true,1,14412
7290008500142,false,עוגת שמרים פרימיום ת,ג`נרל מילס ישראל בעמ,,"עוגת שמרים תפו""ע",יחידה,1.00,יחידה,false,,27.90,27.9000,true,1,14413
7290008500166,false,עוגת שמרים טעם פרג 5,ב- פילסברי (ג'נל מיל,,קרנץ פרג,יחידה,1.00,יחידה,false,,27.90,27.9000,true,1,14415
7290008535212,false,תפוגן טוגן זיג זג 800 גרם,"תעשיות תפוגן בע""מ",,צ'יפס זיגזג טוגן 800,יחידה,0.00,יחידה,false,,11.90,0.0000,true,1,1514
7290008644112,false,אחלה יום יום סלט מטבוחה יום יום 125 גרם,שטראוס גרופ בעמ/מצונן,,סלט מטבוחה אחלה 125,גרמים,125.00,100 גרם,false,,4.90,0.0392,true,1,104
7290008645935,false,אחלה חומוס לניגוב 750 גרם,שטראוס גרופ בעמ/מצונן,,חומוס אחלה 750 גרם,גרמים,750.00,100 גרם,false,,10.90,0.0145,true,1,105
7290008690713,false,נקטר חמוציות אושן ספריי פריגת (1 ליטר),החברה המרכזית להפצת משקאות בעמ,,נקטר חמוציות 1 ליטר,ליטרים,1.00,ליטר,false,,12.20,12.2000,true,1,8223
7290008693134,false,מעדן גבינה ויוגורט בטעם תות 5% שומן 88 ג' דניאלה,שטראוס גרופ בעמ/מצונן,,"דניאלה תות 150 מ""ל",גרמים,150.00,100 גרם,false,,4.10,0.0273,true,1,106
7290008713900,false,לחם שיפון עגול פרוס אחדות (750 גרם),מאפיית אנג'\ל אורנים מאפ,,לחם שיפון עגול פרוס,גרמים,750.00,100 גרם,false,,12.90,0.0172,true,1,1136
7290008745239,false,תפוצ'יפס קראנצ' בטעם טבעי עלית 50 גרם,"שטראוס פריטו ליי בע""\מ )",,תפוציפס קראנצ' טבעי,גרמים,50.00,100 גרם,false,,4.00,0.0800,true,1,520
7290008750264,false,"מסטיק מאסט ציקלס דובדבן 28 גרם לל""ס מגדים",שטראוס גרופ בע`מ,,מאסט דובדבן מגדים 28,גרמים,28.00,100 גרם,false,,4.50,0.1607,true,1,11270
7290008752244,false,תפוצ'יפס קראנץ' בטעם גריל עלית 50 גרם,"שטראוס פריטו ליי בע""\מ )",,תפוציפס קראנצ' גריל,גרמים,50.00,100 גרם,false,,4.00,0.0800,true,1,522
7290008753111,false,תפוצ'יפס קראנץ' בטעם מקסיקני עלית 50 גרם,"שטראוס פריטו ליי בע""\מ )",,תפוציפס קראנצ מקסיקנ,גרמים,50.00,100 גרם,false,,4.00,0.0800,true,1,524
7290008753364,false,דוריטוס גריל עלית 55 ג',"שטראוס פריטו ליי בע""מ",,דוריטוס גריל 55 גרם,גרמים,55.00,100 גרם,false,,3.50,0.0636,true,1,525
7290008753371,false,דוריטוס 55 גר`נאצ`ו מקסיקני,שטראוס פריטו ליי בעמ,,דוריטוס נאצ'ו 55 גרם,גרמים,55.00,100 גרם,false,,3.30,0.0600,true,1,526
7290008753388,false,דוריטוס טבעי עלית 55 ג',שטראוס פריטו ליי בעמ,,דוריטוס טבעי 55 גר,גרמים,55.00,100 גרם,false,,3.50,0.0636,true,1,527
7290008754415,false,גומי מאסט בטעם ספירמינט עדין פליפטופ 28 ג' עלית,שטראוס גרופ בע`מ,,מאסט ספירמינט מגדים,גרמים,28.00,100 גרם,false,,4.50,0.1607,true,1,11276
7290008757980,false,קרטונית ספרינג נקטר רימונים 1 ליטר,יפאורה שותפות מוגבלת לשיווק,,ספרינג קרטוניות רימו,יחידה,1000.00,יחידה,false,,6.80,0.0068,true,1,2222
7290008775816,false,ערגליות עוגיות במילוי שוקולד אסם 300 גרם,קבוצת אוסם סחר שותפות מוגבלת,,ערגליות שוקולד שקית,גרמים,300.00,100 גרם,false,,9.90,0.0330,true,1,1515
7290008775823,false,ערגליות עוגיות תות שדה אסם 300 גרם,קבוצת אוסם סחר שותפות מוגבלת,,ערגליות אסם 300 גרם,גרמים,300.00,100 גרם,false,,9.90,0.0330,true,1,1516
7290008801010,false,"יין קברנה סוביניון מרלו פרייוט קולקשן 750 מ""ל",אגודת הכורמים -כרמל מזרחי,,יין קברנה מרלו פרייב,מיליליטרים,750.00,"100 מ""ל",false,,39.90,0.0532,true,1,11974
7290008801157,false,"יין מרלו סלקטד כרמל כרמל 750 מ""ל",אגודת הכורמים -כרמל מזרחי,,יין אדום מרלו סלקטד,מיליליטרים,750.00,"100 מ""ל",false,,29.90,0.0399,true,1,11977
7290008801522,false,יין קינג דויד קונקורד אדום מתוק 750 מל,אגודת הכורמים הקואופרטיב,,יין אדום מתוק קונקור,מיליליטרים,750.00,"100 מ""ל",false,,21.90,0.0292,true,1,11979
7290008801843,false,סלקטד קברנה סובניון יקבי כרמל (750 מל),אגודת הכורמים בעמ,,יין אדום יבש קברנה ס,מיליליטרים,750.00,"100 מ""ל",false,,29.90,0.0399,true,1,11981
7290008801850,false,סלקטד אמרלד ריזלינג לבן חצי יבש 750 מל,אגודת הכורמים הקואופרטיב,,יין לבן חצי יבש אמרל,מיליליטרים,750.00,"100 מ""ל",false,,29.90,0.0399,true,1,11982
7290008802291,false,יין מרלו פרייבט קולקשן יקבי כרמל,אגודת הכורמים הקואופרטיב,,יין מרלו פרייבט קולק,מיליליטרים,750.00,"100 מ""ל",false,,39.90,0.0532,true,1,11983
7290008802512,false,"יין וינו אדום ""כרמל מזרחי""",אגודת הכורמים בעמ,,יין אדום יבש וינו 75,מיליליטרים,750.00,"100 מ""ל",false,,22.20,0.0296,true,1,11984
7290008802529,false,"יין לבן חצי יבש וינו 750 מ""ל",אגודת הכורמים בעמ,,יין לבן חצי יבש וינו,מיליליטרים,750.00,"100 מ""ל",false,,22.20,0.0296,true,1,11985
7290008802895,false,יין קברנה סוביניון פרייבט קולקשן יקבי כרמל,אגודת הכורמים הקאופורטיב,,יין אדום יבש קברנה ס,מיליליטרים,750.00,"100 מ""ל",false,,39.90,0.0532,true,1,11986
7290008804745,false,אזורית גוורצטרמינר יין לבן חצי יבש 750 מ,אגודת הכורמים הקואופרטיב,,יין לבן חצי יבש סדרה,מיליליטרים,750.00,"100 מ""ל",false,,60.20,0.0803,true,1,11987
7290008806985,false,נישנושים גלידה שוקו וניל בציפוי שוקולד 60 יח' קרמיסימו,"גלידת שטראוס בע""\מ, רחוב",,קרמיסימו נשנושים שוק,יחידה,60.00,יחידה,false,,43.90,0.7317,true,1,11780
7290008846219,false,"שמן זית כתית מעולה חלוצה 750 מ""ל",האי נאם סי או אל.טי.,,"שמן זית גרם 750 מ""ל",מיליליטרים,750.00,"100 מ""ל",false,,39.90,0.0532,true,1,3662
7290008849661,false,אוליביה ממרח עגבניות מיובשות פיקנטי 180 גרם,טרופיקל דגיל תעשיות,,ממרח עגבניות מיובשות,גרמים,180.00,100 גרם,false,,12.90,0.0717,true,1,5341
7290008849838,false,טפנד זיתים אוליביה 190 גר',"אוליביה גורמה בע""מ",,טפנד זיתים אוליביה 1,גרמים,180.00,100 גרם,false,,12.90,0.0717,true,1,5343
7290008849845,false,ממרח אוליביה אריסה פיקנטי 180 ג',"אוליביה גרומה בע""מ",,אריסה פיקנטית אוליבי,גרמים,185.00,100 גרם,false,,12.90,0.0697,true,1,5344
7290008899055,false,אוזניים מתוקות פילסב,פילסברי,,מאפיה - אוזני פילסבר,קילוגרמים,1.00,"ק""ג",true,,49.00,49.0000,true,1,14434
7290008899321,false,חלה קלועה רגילה פילסברי,פילסברי,,חלה קלועה רגילה,יחידה,1.00,יחידה,false,,12.90,12.9000,true,1,14436
7290008899345,false,לחמניית שמינייה פילס,פילסברי,,לחמניית שמינייה קלוע,יחידה,1.00,יחידה,false,,4.90,4.9000,true,1,14437
7290008899505,false,בגט לבן פילסברי 250,ג`נרל מילס ישראל בעמ,,בגט לבן פילסברי 250,יחידה,1.00,יחידה,false,,4.90,4.9000,true,1,14438
7290008899642,false,בורקס תורכי פטריות פ,פילסברי,,בורקס תורכי פטריות,קילוגרמים,1.00,"ק""ג",true,,49.00,49.0000,true,1,14439
7290008899727,false,עוגיות קוקיס חלבי,פילסברי,,קוקיס אגוז (חלבי),קילוגרמים,1.00,"ק""ג",true,,59.00,59.0000,true,1,14440
7290008899734,false,קוקיס שוקולד לבן שקיל,ג נרל מילס ישראל בעמ,,קוקיס שוקולד לבן (חל,קילוגרמים,1.00,"ק""ג",true,,59.00,59.0000,true,1,14441
7290008899758,false,קוקיס שוקולד חלב (חל,פילסברי,,קוקיס שוקולד חלב (חל,קילוגרמים,1.00,"ק""ג",true,,59.00,59.0000,true,1,14442
7290008909853,false,"קוקה קולה זירו בקבוק 500 מ""ל.",החברה המרכזית להפצת משקאות בעמ,,קולה ZERO בקבוק 500,מיליליטרים,500.00,"100 מ""ל",false,,6.50,0.0130,true,1,8229
7290008909860,false,קוקה קולה זירו בקבוק 1.5ל,החברה המרכזית לייצור משקאות,,קוקה קולה זירו בקבוק,מיליליטרים,1500.00,"100 מ""ל",false,,8.80,0.0059,true,1,8230
7290010002023,false,כורכום הודי טחון תבליני מימון 100 גרם,א.ל. ייצור ושיווק תבלינים בע`מ,,כורכום טחון במיכל תב,גרמים,100.00,100 גרם,false,,11.90,0.1190,true,1,8728
7290010002030,false,תבלין כמון טחון תבליני מימון 100 גרם,א.ל. ייצור ושיווק תבלינים בע`מ,,כמון טחון במיכל תבלי,גרמים,100.00,100 גרם,false,,11.90,0.1190,true,1,8729
7290010002047,false,תבלין מלח לימון תבליני מימון 200 גרם,א.ל ייצור ושיווק תבלינים בעמ,,מלח לימון במיכל תבלי,גרמים,200.00,100 גרם,false,,10.90,0.0545,true,1,8730
7290010002078,false,פלפל שחור טחון תבליני מימון (100 גרם),א.ל. ייצור ושיווק תבלינים בע`מ,,פלפל שחור טחון במיכל,גרמים,100.00,100 גרם,false,,15.50,0.1550,true,1,8732
7290010002092,false,תבלין פלפל שחור גרוס דק תבליני מימון 90,א.ל. ייצור ושיווק תבלינים בע`מ,,פלפל שחור גרוס דק במ,גרמים,90.00,100 גרם,false,,15.50,0.1722,true,1,8733
7290010002108,false,תבלין פלפל שחור גרוס גס תבליני מימון 90,א.ל. ייצור ושיווק תבלינים בע`מ,,פלפל שחור גרוס גס במ,גרמים,90.00,100 גרם,false,,15.50,0.1722,true,1,8734
7290010002122,false,פפריקה הונגרית מתוקה תבליני מימון 100 גרם,א.ל. ייצור ושיווק תבלינים בע`מ,,פפריקה הונגרית מתוקה,גרמים,100.00,100 גרם,false,,11.90,0.1190,true,1,8735
7290010002139,false,פפריקה הונגרית חריפה תבליני מימון 100 גרם,א.ל. ייצור ושיווק תבלינים בע`מ,,פפריקה הונגרית חריפה,גרמים,100.00,100 גרם,false,,11.90,0.1190,true,1,8736
7290010002146,false,פפריקה מרוקאית מתוקה תבליני מימון 100 גרם,א.ל. ייצור ושיווק תבלינים בע`מ,,פפריקה מרוקאית מתוקה,גרמים,100.00,100 גרם,false,,11.90,0.1190,true,1,8737
7290010002153,false,פפריקה מרוקאית חריפה תבליני מימון 100 גרם,א.ל. ייצור ושיווק תבלינים בע`מ,,פפריקה מרוקאית חריפה,גרמים,100.00,100 גרם,false,,11.90,0.1190,true,1,8738
7290010002191,false,תבלין מקלות קינמון תבליני מימון 50 גרם,א.ל. ייצור ושיווק תבלינים בע`מ,,מקלות קינמון במיכל ת,גרמים,50.00,100 גרם,false,,15.50,0.3100,true,1,8740
7290010002207,false,תבלין קינמון טחון תבליני מימון 100 גרם,א.ל. ייצור ושיווק תבלינים בע`מ,,קינמון טחון במיכל תב,גרמים,100.00,100 גרם,false,,9.90,0.0990,true,1,8741
7290010002283,false,תבלין על האש תבליני מימון 100 גרם,א.ל. ייצור ושיווק תבלינים בע`מ,,תיבול על האש במיכל ת,גרמים,100.00,100 גרם,false,,11.90,0.1190,true,1,8745
7290010002306,false,תיבול לקציצות תבליני מימון 100 גרם,א.ל. ייצור ושיווק תבלינים בע`מ,,תיבול לקציצות במיכל,גרמים,100.00,100 גרם,false,,11.90,0.1190,true,1,8746
7290010002320,false,תבלין לגריל עוף תבליני מימון (100 גרם),א.ל. ייצור ושיווק תבלינים בע`מ,,תיבול לגריל עוף במיכ,גרמים,100.00,100 גרם,false,,11.90,0.1190,true,1,8748
7290010002344,false,תבלין לדג תבליני מימון 100 גרם.,א.ל ייצור ושיווק תבלינים בעמ,,תיבול לדג 100 גרם צנ,גרמים,100.00,100 גרם,false,,11.90,0.1190,true,1,20540
7290010002351,false,זעתר ושומשום בלדי תבליני מימון (100 גרם),א.ל. ייצור ושיווק תבלינים בע`מ,,זעתר עם שומשום במיכל,גרמים,100.00,100 גרם,false,,11.90,0.1190,true,1,8749
7290010002368,false,תערובת חווויג' תבליני מימון 100 גרם,א.ל. ייצור ושיווק תבלינים בע`מ,,תערובת חוויאג' למרק,גרמים,100.00,100 גרם,false,,11.90,0.1190,true,1,8750
7290010002375,false,תבלין מדראס קארי תבליני מימון (100 גרם),א.ל. ייצור ושיווק תבלינים בע`מ,,תערובת קארי במיכל תב,גרמים,100.00,100 גרם,false,,11.90,0.1190,true,1,8751
7290010002382,false,תבלין אורגנו תבליני מימון 40 גרם,א.ל. ייצור ושיווק תבלינים בע`מ,,אורגנו במיכל תבליני,גרמים,40.00,100 גרם,false,,9.90,0.2475,true,1,8752
7290010002399,false,תבלין בזיליקום תבליני מימון 40 גרם,א.ל. ייצור ושיווק תבלינים בע`מ,,בזיליקום יבש במיכל ת,גרמים,40.00,100 גרם,false,,9.90,0.2475,true,1,8753
7290010002405,false,תבלין טימין הררי תבליני מימון 40 גרם,א.ל. ייצור ושיווק תבלינים בע`מ,,טימין במיכל תבליני מ,גרמים,40.00,100 גרם,false,,9.90,0.2475,true,1,8754
7290010002443,false,תבלין רוזמרין תבליני מימון 40 גרם,א.ל. ייצור ושיווק תבלינים בע`מ,,רוזמרין במיכל תבליני,גרמים,40.00,100 גרם,false,,9.90,0.2475,true,1,8755
7290010002498,false,תבלין שום גבישי תבליני מימון 120 גרם,א.ל. ייצור ושיווק תבלינים בע`מ,,שום גבישי במיכל תבלי,גרמים,120.00,100 גרם,false,,15.50,0.1292,true,1,8757
7290010002696,false,אקסטרה צ'יפס אורז חום מלא שמנת בצל 60 גרם,א.ל ייצור ושיווק תבלינים בעמ,,אקסטרה צ'יפס אורז חו,גרמים,60.00,100 גרם,false,,7.20,0.1200,true,1,17869
7290010002726,false,תבלין לפרגיות תבליני מימון 100 גרם.,א.ל. ייצור ושיווק תבלינים בע`מ,,תיבול לפרגיות במיכל,גרמים,100.00,100 גרם,false,,11.90,0.1190,true,1,8758
7290010003693,false,פפריקה מתוקה בשקית תבליני מימון 80 גרם,א.ל. ייצור ושיווק תבלינים בע`מ,,פפריקה מתוקה בשקית ת,גרמים,80.00,100 גרם,false,,6.30,0.0787,true,1,8764
7290010003709,false,פלפל שחור טחון בשקית תבליני מימון 50 גרם,א.ל. ייצור ושיווק תבלינים בע`מ,,פלפל שחור טחון בשקית,גרמים,50.00,100 גרם,false,,7.90,0.1580,true,1,8765
7290010003754,false,כמון טחון בשקית תבליני תבליני מימון 50 גרם,א.ל. ייצור ושיווק תבלינים בע`מ,,כמון טחון בשקית מימו,גרמים,50.00,100 גרם,false,,6.30,0.1260,true,1,8766
7290010003761,false,כורכום טחון בשקית תבליני מימון 80 גרם,א.ל. ייצור ושיווק תבלינים בע`מ,,כורכום טחון בשקית תב,גרמים,80.00,100 גרם,false,,6.30,0.0787,true,1,8767
7290010003792,false,מלח לימון בשקית תבליני מימון 100 גרם,א.ל. ייצור ושיווק תבלינים בע`מ,,מלח לימון בשקית תבלי,גרמים,100.00,100 גרם,false,,6.30,0.0630,true,1,8770
7290010018086,false,גולש אמיתי גודפוד 40,,,גולש אמיתי גודפוד 40,גרמים,400.00,100 גרם,false,,17.90,0.0447,true,1,10988
7290010117857,false,דוריטוס חטיף חריף אש 55 ג',שטראוס פריטו ליי בעמ,,דוריטוס חריף אש 55 ג,גרמים,55.00,100 גרם,false,,3.50,0.0636,true,1,528
7290010117970,false,סבבה בוטנים קלויים מצופים - אריזה אישית,"שטראוס פריטו ליי בע""מ",,בוטנים אמריקאים 50 ג,גרמים,50.00,100 גרם,false,,2.90,0.0580,true,1,529
7290010119950,false,חטיף דוריטוס בטעם חמוץ חריף 55 גרם,שטראוס פריטו ליי בע`מ,,דוריטוס חמוץ חריף 55,גרמים,55.00,100 גרם,false,,3.50,0.0636,true,1,530
7290010129065,false,עוג.מקלות עלים צרפתי600ג,דולצ'ה ויטה,,עוגיות מקלות עלים צר,גרמים,600.00,100 גרם,false,,16.90,0.0282,true,1,8834
7290010129126,false,דובשניות עוגיות דבש,דולצ'ה ויטה,,דובשניות עוגיות דבש,גרמים,600.00,100 גרם,false,,12.90,0.0215,true,1,8835
7290010129645,false,רייף מרוקאיות ע. יד 350ג,קונדטוריית אנגל,,עוגיות מרוקאיות לתה,גרמים,350.00,100 גרם,false,,14.90,0.0426,true,1,8847
7290010129799,false,עוגיות פריכות מילוי שוקו,קונדטוריית אנגל,,עוגיות פריכות במילוי,גרמים,400.00,100 גרם,false,,19.90,0.0497,true,1,8852
7290010129812,false,עוגיות כתר ריבה בטעם,,,עוגיות כתר ריבה בטעם,גרמים,400.00,100 גרם,false,,19.90,0.0497,true,1,8853
7290010129829,false,נטיפי שוק.קוקוס מצופה400,קונדטוריית אנגל,,עוגיות נטיפי בטעם שו,גרמים,400.00,100 גרם,false,,19.90,0.0497,true,1,8854
7290010129959,false,עוגיות שמרים 400 גרם דולצה ויטה,שיבולים יצור ושיווק מוצרי מאפה,,עוגיות שמרים רוגלך 4,גרמים,400.00,100 גרם,false,,11.90,0.0298,true,1,8856
7290010129973,false,עוגיות מובחרות אנג'ל,,,עוגיות מובחרות אנג'ל,גרמים,400.00,100 גרם,false,,19.90,0.0497,true,1,8857
7290010129997,false,עוגיות קוקוס אפוי במ,,,עוגיות קוקוס אפוי במ,גרמים,400.00,100 גרם,false,,19.90,0.0497,true,1,8858
7290010154029,false,אריסה מתוקה תבליני ביטון יוחאי (250 גרם),תבליני ביטון יוחאי,,אריסה מתוקה 250 גרם,גרמים,250.00,100 גרם,false,,13.90,0.0556,true,1,3664
7290010154036,false,עמבה תבליני ביטון יוחאי (250 גרם),נטו מילנדה סחר בעמ*,,עמבה ביטון 250 גרם,גרמים,250.00,100 גרם,false,,13.90,0.0556,true,1,3665
7290010154265,false,פלפל צ`ומה תבליני ביטון יוחאי (250 גרם),תבליני יוחאי ביטון,,פלפל צ'ומה 250 גרם,גרמים,250.00,100 גרם,false,,12.90,0.0516,true,1,3666
7290010154425,false,סחוג ירוק תבליני ביטון 130 גרם,תבליני ביטון יוחאי,,סחוג ירוק 130 גרם,גרמים,130.00,100 גרם,false,,8.90,0.0685,true,1,3668
7290010154685,false,סלט שום כתוש 250 ג' ביטון יוחאי,תבליני ביטון יוחאי,,סלט שום כתוש 250 גרם,גרמים,250.00,100 גרם,false,,13.90,0.0556,true,1,3671
7290010237548,false,"פפסי מקס דל קלוריות 500 מ""ל בקבוק",טמפו משקאות בע`מ,,"פפסי מקס 500 מ""ל",מיליליטרים,500.00,"100 מ""ל",false,,4.50,0.0090,true,1,4885
7290010237685,false,"הייניקן בירה צואר ארוך 330מ""ל",טמפו משקאות בע''מ,,בירה הייניקן 330מל צ,מיליליטרים,330.00,"100 מ""ל",false,,8.20,0.0248,true,1,20954
7290010259007,false,"עוגיות איטלקיות מובחרות ויליפוד 1 ק""ג",ג.וילי פוד אינטרנשיונל בעמ,,עוגיות בישקוטים וילי,גרמים,200.00,100 גרם,false,,8.90,0.0445,true,1,2824
7290010259359,false,וילי פוד נודלס אטר.ביצים להקפצה בדץ 200ג,ג.וילי פוד אינטרנשיונל בעמ,,אטריות רחבות נודלס ו,גרמים,200.00,100 גרם,false,,4.90,0.0245,true,1,2825
7290010259366,false,וילי פוד נודלס אטר.ביצים מסולסל בדץ 200ג,ג. וילי-פוד אינטרנשיונל בע`מ,,אטריות מסולסלות נודל,גרמים,200.00,100 גרם,false,,4.90,0.0245,true,1,2826
7290010259830,false,מנת השף נודלס בסגנון סיני פיקנטי וילי פוד 70 גרם,ג. וילי-פוד אינטרנשיונל בע`מ,,נודלס בסגנון סיני פי,גרמים,70.00,100 גרם,false,,5.50,0.0786,true,1,2828
7290010259977,false,שמן קנולה מזוכך ויליפוד 1 ליטר,ג.וילי-פוד אינטרנשיונל ***שמן,,שמן קנולה 1 ליטר,מיליליטרים,1000.00,"100 מ""ל",false,,10.90,0.0109,true,1,2832
7290010259991,false,צנימים מיוחדים בטעם טבעי 250 ג',ג. וילי-פוד אינטרנשיונל בע`מ,,צנימים ויליפוד 250 ג,גרמים,250.00,100 גרם,false,,8.90,0.0356,true,1,2833
7290010300501,false,"סוכר חום דמררה נאמן 1 ק""ג",נאמן לאורך זמן בעמ,,סוכר חום בשקית השף א,גרמים,1000.00,100 גרם,false,,13.00,0.0130,true,1,22681
7290010300518,false,"קוואקר שבולת שועל, 500 גרם ""נאמן""",נאמן לאורך זמן בעמ,,שבולת שועל מהיר הכנה,גרמים,500.00,100 גרם,false,,8.90,0.0178,true,1,22682
7290010300587,false,שומשום 200 גרם נאמן,ר.ס.,,שומשום 200 גרם נאמן,גרמים,200.00,100 גרם,false,,8.90,0.0445,true,1,22684
7290010328246,false,טחינה גולמית משומשום מלא אחווה 500 גרם,אחדות ביתחרושת לטחינה חלבה,,טחינה גולמית משומשום,גרמים,500.00,100 גרם,false,,12.90,0.0258,true,1,7982
7290010328253,false,טחינה גולמית משומשום טבעי אחווה 500 גרם,אחדות ביתחרושת לטחינה חלבה,,טחינה גולמית אחוה 50,גרמים,500.00,100 גרם,false,,12.90,0.0258,true,1,7983
7290010328468,false,מארז מיני חלווה אחוה בטעמים 18 יחידות 216 גרם,אחדות ביחר לטחינה חל,,מיני חלווה חטיפי חלו,יחידה,18.00,יחידה,false,,11.90,0.6611,true,1,7985
7290010328505,false,"מארז מיני חלווה 15 יחידות לל""ס אחוה 150 גרם",אחדות ביחר לטחינה חל,,חטיפי מיני חלווה ללא,יחידה,15.00,יחידה,false,,11.90,0.7933,true,1,7986
7290010328727,false,ממרח טחינה עם שוקולד אחווה 400 גרם,אחדות ביחר לטחינה חל,,ממרח טחינה עם שוקולד,גרמים,400.00,100 גרם,false,,12.90,0.0323,true,1,7987
7290010328734,false,ממרח טחינה עם סילאן משומשום מלא,אחדות ביחר לטחינה חל,,ממרח שומשום מלא עם ס,גרמים,400.00,100 גרם,false,,12.90,0.0323,true,1,7988
7290010429554,false,"שמן זית כתית מעולה יד מרדכי 2 קלאסי, 750 מ""ל",מכוורת יד מרדכי שטראוס ב,,שמן זית כתית מעולה ק,מיליליטרים,750.00,"100 מ""ל",false,,33.90,0.0452,true,1,11287
7290010471669,false,יוגורט תות עם קורנפלקס מצופה שוקולד ללא גלוטן 3.9%,שטראוס גרופ בעמ/מצונן,,דנונה בר תות קורנפלק,גרמים,175.00,100 גרם,false,,4.30,0.0246,true,1,107
7290010513703,false,4079400330129צ`ופסטיקס צפצפה 20 יח,מזרח ומערב יבוא ושיווק,,צ'ופסטיקס צפצפה - 20,יחידה,20.00,יחידה,false,,6.90,0.3450,true,1,5995
7290010513727,false,פנקו פרורי לחם 200 גרם (קינגדאו),מזרח ומערב יבוא ושיווק,,פנקו פירורי לחם 200,גרמים,200.00,100 גרם,false,,7.90,0.0395,true,1,5996
7290010627004,false,טחינה גולמית מסורתית ירושלים 500 ג',תה ויסוצקי (ישראל) בעמ,,טחינה ירושלים 500 גר,גרמים,500.00,100 גרם,false,,15.90,0.0318,true,1,1010
7290010650019,false,אנדיב בלגי אמיתי חוות תקוע,חוות פטריות תקוע בעמ*קונסיגנצי,,אנדיב / עולש חוות תק,יחידה,1.00,יחידה,false,,11.00,11.0000,true,1,14821
7290010672851,false,מאפין חמישיות שוקו שוקו,פילסברי,,מאפין חמישיות שוקו-ש,יחידה,5.00,יחידה,false,,12.90,2.5800,true,1,21098
7290010672868,false,מאפין חמישיות וניל שוקו-צ'יפס,ג נרל מילס ישראל בעמ,,מאפין חמישיות וניל ש,יחידה,5.00,יחידה,false,,12.90,2.5800,true,1,21581
7290010814701,false,שוקולד חלב ללא תוספת סוכר וסטהיים,"כרמית תעשיות ממתקים בע""\",,שוקולד חלב ללא תוספת,גרמים,85.00,100 גרם,false,,5.90,0.0694,true,1,2374
7290010883356,false,כפפות אלוורה רב שימושיות גדולות L סנו סושי,החברה הדרומית לשיווק בעמ,,כפפות אלוורה L,יחידה,1.00,יחידה,false,,10.90,10.9000,true,1,4397
7290010883370,false,כפפות אלוורה רב שימושיות בינוניות M סנו סושי,החברה הדרומית לשיווק בעמ,,כפפות אלוורה M,יחידה,1.00,יחידה,false,,10.90,10.9000,true,1,4399
7290010931330,false,סלט מטבוחה אחלה 500 גרם,שטראוס גרופ בעמ/מצונן,,מטבוחה 500,גרמים,575.00,100 גרם,false,,13.80,0.0240,true,1,111
7290010945146,false,קוטג' 3% מועשר בסידן טרה 250 ג' מהדרין,*החברה המרכזית להפצת משקאותבעמ,,גבינת קוטג' מועשרת 3,גרמים,250.00,100 גרם,false,,5.50,0.0220,true,1,8354
7290010945306,false,חלב טרה קרטון 2 ליטר מהדרין*%*3,החברה המרכזית טלהפצת משקאות בע,,חלב טרי בקרטון 3% בד,מיליליטרים,2000.00,"100 מ""ל",false,,12.46,0.0062,true,1,8355
7290010945450,false,גבינה לבנה 3% 250 גר מועשר בסידן וויטמין,*החברה המרכזית להפצת משקאותבעמ,,גבינה לבנה 3% טרה 25,גרמים,250.00,100 גרם,false,,4.98,0.0199,true,1,8356
7290010945481,false,גבינה לבנה טרה 5% מרכיבים טבעיים,החברה המרכזית טלהפצת משקאות בע,,גבינה לבנה 5% טרה 50,גרמים,500.00,100 גרם,false,,9.95,0.0199,true,1,8357
7290010984879,false,שום כתוש בצנצנת 200ג רמילוי,,,שום כתוש קפוא בצנצנת,גרמים,200.00,100 גרם,false,,11.90,0.0595,true,1,8596
7290010984886,false,בזיליקום מגשית 70ג רמילוי,,,בזיליקום קצוץ קפוא ב,גרמים,70.00,100 גרם,false,,8.90,0.1271,true,1,8597
7290010984893,false,פטרוזיליה מגשית 70ג רמילוי,,,פטרוזיליה קצוצה קפוא,גרמים,70.00,100 גרם,false,,8.90,0.1271,true,1,8598
7290010984909,false,כוסברה מגשית 70ג רמילוי,,,כוסברה קצוצה רמי לוי,גרמים,70.00,100 גרם,false,,8.90,0.1271,true,1,8599
7290010984923,false,שום כתוש מגשית 80ג רמילוי,,,שום כתוש קפוא במגשית,גרמים,80.00,100 גרם,false,,7.90,0.0988,true,1,8601
7290011015862,false,סירופ דיאט 750 מל בטעם לימונענע פריגת,החברה המרכזית להפצת משקאות בעמ,,סירופ דיאט לימונענע,מיליליטרים,750.00,"100 מ""ל",false,,24.20,0.0323,true,1,8232
7290011017866,false,פחית קולה סליק קוקה-קולה (330 מל),החברה המרכזית להפצת משקאות בעמ,,סליק קוקה קולה 330 מ,מיליליטרים,330.00,"100 מ""ל",false,,6.20,0.0188,true,1,8234
7290011017873,false,פחית זירו סליק קוקה-קולה (330 מל),החברה המרכזית להפצת משקאות בעמ,,סליק קולה ZERO 330 מ,מיליליטרים,330.00,"100 מ""ל",false,,6.20,0.0188,true,1,8235
7290011017880,false,פחית דיאט קולה סליק קוקה-קולה (330 מל),החברה המרכזית להפצת משקאות בעמ,,"סליק דק""ק 330 מ""ל מב",מיליליטרים,330.00,"100 מ""ל",false,,6.20,0.0188,true,1,8236
7290011018184,false,תה קר בטעם אפרסק פיוז-טי (500 מל),החברה המרכזית להפצת משקאות בעמ,,FUZE tea אפרסק 0.5 ל,מיליליטרים,500.00,"100 מ""ל",false,,8.40,0.0168,true,1,8237
7290011018443,false,משקה מוגז אורנג` פאנטה (330 מל),החברה המרכזית להפצת משקאות בעמ,,סליק פאנטה אורנג' 33,מיליליטרים,330.00,"100 מ""ל",false,,6.20,0.0188,true,1,8244
7290011018832,false,"קוקה קולה פרידגפק סליק 330 מ""ל שישייה",החברה המרכזית להפצת משקאות בעמ,,שישית פחיות קוקה קול,מיליליטרים,1980.00,"100 מ""ל",false,,26.70,0.0135,true,1,8247
7290011018924,false,"מארז פחיות דיאט קוקה קולה שישייה 330 מ""ל",החברה המרכזית להפצת משקאות בעמ,,שישיית פחיות דיאט קו,מיליליטרים,1980.00,"100 מ""ל",false,,25.70,0.0130,true,1,8250
7290011043049,false,כוסות נייר שתיה חמה,כוסות שתייה חמה 3 ב,,כוסות נייר שתיה חמה,יחידה,50.00,יחידה,false,,11.90,0.2380,true,1,10177
7290011051396,false,שוופס אפרסק מוגז 1.5ליטר,יפאורה שותפות מובגלת לשיווק,,שוופס מוגז עדין אפרס,מיליליטרים,1500.00,"100 מ""ל",false,,6.70,0.0045,true,1,2225
7290011051433,false,"שוופס מוגז עדין בטעם אפרסק 500 מ""ל",יפאורה - שותפות מוגבלת לשיווק,,שוופס מוגז עדין 0.5,מיליליטרים,500.00,"100 מ""ל",false,,5.50,0.0110,true,1,23054
7290011064020,false,בולגרית בעיר מעדן גבינה למריחה 200 גרם,גבינות עמיר ניצן בעמ,,ניצן בולגרית למריחה,גרמים,200.00,100 גרם,false,,13.90,0.0695,true,1,16111
7290011064075,false,מעדן לבנה מסבחה -אבו גוש 200 גרם,גבינות עמיר ניצן בעמ,,ניצן אבו גוש מעדן לא,גרמים,200.00,100 גרם,false,,13.90,0.0695,true,1,16112
7290011064099,false,ירקות או פרות ממולאים במעדן גבינה ניצן 125 גרם,גבינות אמיר ניצן בעמ,,טאפס שכונתי 125 גרם,גרמים,125.00,100 גרם,false,,19.90,0.1592,true,1,16113
7290011126452,false,הגן הקסום תה בטעם קמומיל ונענע ויסוצקי 25 יחידות,תה ויסוצקי (ישראל) בעמ,,חליטת קמומיל ונענע ה,יחידה,25.00,יחידה,false,,17.90,0.7160,true,1,1016
7290011126469,false,חליטת צמחים וקמומיל הגן הקסום ויסוצקי 25 יחידות,תה ויסוצקי (ישראל) בעמ,,חליטת קמומיל ודבש הג,יחידה,25.00,יחידה,false,,17.90,0.7160,true,1,1017
7290011126957,false,תה ירוק ארל גריי ויסוצקי 25 יחידות,תה ויסוצקי (ישראל) בעמ,,תה ירוק ארל גריי ויס,יחידה,25.00,יחידה,false,,24.90,0.9960,true,1,1018
7290011131371,false,מוזלי קראנצ`י שקדים ואגוזים גרין (1 קג),ויטליאה ניקולה דו,,מיזל קראנצ' אלמונד 1,גרמים,1000.00,100 גרם,false,,25.90,0.0259,true,1,18500
7290011131395,false,מוזלי קראנצ`י 30% פירות גרין (1 קג),ויטליאה ניקולה דו,,מיזל קראנצ'30%פירות,גרמים,1000.00,100 גרם,false,,25.90,0.0259,true,1,18501
7290011133375,false,בירה שנדי בתוספת משקה אפרסק - שישייה,"טמפו משקאות בע""מ",,שישיית מכבי שנדי אפר,מיליליטרים,1980.00,"100 מ""ל",false,,31.90,0.0161,true,1,4900
7290011133498,false,"מכבי שנדי תפוח בקבוק בודד 330 מ""ל","טמפו משקאות בע""מ",,"שנדי תפוח 330 מ""ל",מיליליטרים,330.00,"100 מ""ל",false,,6.00,0.0182,true,1,4901
7290011148591,false,שיני שום שלוף 500 גר,עטרה,,כרובית,יחידה,1.00,יחידה,false,,9.90,9.9000,true,1,18035
7290011194215,false,מעדן גבינה ויוגורט בטעם בננה 5% שומן 88 ג' דניאלה,שטראוס גרופ בעמ/מצונן,,דניאלה בננה 150 גרם,גרמים,150.00,100 גרם,false,,4.10,0.0273,true,1,112
7290011194246,false,קוטג 5% 250 גרם עם סידן שטראוס,שטראוס גרופ בעמ/מצונן,,גבינת קוטג 5% שטראוס,גרמים,250.00,100 גרם,false,,5.90,0.0236,true,1,113
7290011249212,false,וופל עלמה בלגי לימון 200 גר' ללא סוכר,ח.כהן סוכנות מזון ומשקאות בע,,ופלים בטעם לימון עלמ,גרמים,200.00,100 גרם,false,,3.50,0.0175,true,1,7990
7290011249748,false,רולים גלילי ופל במילוי קרם שוקולד 100 ג' עלמה,ח.כהן סוכנות מזון ומשקאות בע,,רולים שוקו 100 גרם,גרמים,100.00,100 גרם,false,,3.90,0.0390,true,1,7991
7290011249755,false,רולים גלילי ופל במילוי קרם אגוזים 100 ג' עלמה,ח.כהן סוכנות מזון ומשקאות בע,,רולים אגוז 100 גרם,גרמים,100.00,100 גרם,false,,3.90,0.0390,true,1,7992
7290011276485,false,חסה עגולה רמי לוי,ביכורי השדה צפון 1994 ג.ד. בעמ,,חסה עגולה רמי לוי,יחידה,1.00,יחידה,false,,6.90,6.9000,true,1,14845
7290011378028,false,חלבה קלאסית וניל ללא תוספת סוכר בארכה 350 גרם,קבוצת אסם סחר שות. מוגבלת,,חלבה וניל ללא סוכר 3,גרמים,350.00,100 גרם,false,,14.90,0.0426,true,1,1517
7290011378783,false,חטיף חלבה שוקו וניל18*7ג,רושדי תעשיות מזון,,חלווה בקטנה חטיף חלו,גרמים,126.00,100 גרם,false,,11.90,0.0944,true,1,1525
7290011407506,false,מגבונים לניקוי כללי,א.ש.כ,,מגבונים לניקוי כללי,יחידה,400.00,יחידה,false,,19.90,0.0497,true,1,9723
7290011432751,false,שקית גופיה רמי לוי ב,,,שקית גופיה רמי לוי ב,קילוגרמים,1.00,"ק""ג",false,,0.10,0.1000,true,1,16624
7290011432775,false,שקית גופיה סופרקופיק,,,שקית גופיה סופרקופיק,יחידה,1.00,יחידה,false,,0.10,0.1000,true,1,16625
7290011438142,false,"משקה יטבתה אייס קפה בבקבוק אישי 350 מ""ל",שטראוס גרופ בעמ/מצונן,,אייס קפה 2% יטבתה 35,מיליליטרים,350.00,"100 מ""ל",false,,6.20,0.0177,true,1,115
7290011488062,false,בצלצלי שאלוט תיבולי הכפר,ביכורי השדה צפון 1994 ג.ד. בעמ,,בצל שאלוט,קילוגרמים,1.00,"ק""ג",false,,11.90,11.9000,true,1,26570
7290011499051,false,פטה כבשים מסורתית 20% בגביע 250 גרם - רובין,מחלבות גד שיווק 1992 בעמ,,גבינת פטה כבשים 20%,גרמים,250.00,100 גרם,false,,26.50,0.1060,true,1,8539
7290011499105,false,בולגרית מסורתית 5% 250 גרם -רבנות,מחלבות גד שיווק 1992 בעמ,,בולגרית מסורתית 5% 2,גרמים,250.00,100 גרם,false,,22.90,0.0916,true,1,8540
7290011499112,false,בולגרית מסורתית 16% 250 גרם - רבנות,מחלבות גד שיווק 1992 בעמ,,גבינה בולגרית 16% 25,גרמים,250.00,100 גרם,false,,23.50,0.0940,true,1,8541
7290011499129,false,גבינה בולגרית מעודנת קוביות קטנות 5% גד 200 גרם,מחלבות גד שיווק 1992 בעמ,,קוביות גבינה בולגרית,גרמים,200.00,100 גרם,false,,22.90,0.1145,true,1,8542
7290011499303,false,פטה עיזים מעודנת 5% בגביע 250 גרם - רבנות,מחלבות גד שיווק 1992 בעמ,,גבינת פטה עיזים מעוד,גרמים,250.00,100 גרם,false,,30.90,0.1236,true,1,8544
7290011499327,false,גבינה בולגרית מעודנת 5% 250 גרם - רבנות,מחלבות גד שיווק 1992 בעמ,,‏בולגרית מעודנת 5% 2,גרמים,250.00,100 גרם,false,,22.90,0.0916,true,1,8545
7290011499419,false,גבינה במרקם שמנת בטעם טבעי 5% ניו יורק,מחלבות גד שיווק 1992 בעמ,,גבינה במרקם שמנת ניו,גרמים,200.00,100 גרם,false,,11.90,0.0595,true,1,8550
7290011499525,false,גבינת לאבנה דרוזית 9% גד 500 גרם,מחלבות גד שיווק 1992 בעמ,,גבינת לאבנה דרוזית 9,גרמים,500.00,100 גרם,false,,19.90,0.0398,true,1,8551
7290011499624,false,שמנת 30% ניו יורק טבעי 200 גרם רבנות,מחלבות גד שיווק 1992 בעמ,,גבינת שמנת ניו יורק,גרמים,200.00,100 גרם,false,,12.90,0.0645,true,1,8552
7290011518561,false,"אקטימל תות 1.51 ק""ג מארז 14 יחידות",שטראוס גרופ בעמ/מצונן,,"אקטימל תות 14*100 מ""",מיליליטרים,1400.00,"100 מ""ל",false,,29.90,0.0214,true,1,119
7290011537371,false,פסטה קונכיות 500 גרם טעמן,מוצרי יסוד - טעמן,,פסטה בילאג'יו קונכיו,גרמים,500.00,100 גרם,false,,4.90,0.0098,true,1,19359
7290011570507,false,קמח נטול גלוטן-כרגיל קונדיטור,תומר ייבוא ושיווק מוצרי מזון [,,קמח נטול גלוטן כרגיל,גרמים,450.00,100 גרם,false,,17.90,0.0398,true,1,20062
7290011570644,false,קמח רב תכליתי ללא גלוטן אשבל 450 גרם,תומר יבוא ושיווק מוצרי מזון (1,,קמח כרגיל ללחם אשבל,גרמים,500.00,100 גרם,false,,17.90,0.0358,true,1,20063
7290011587055,false,שמן זית כתית מעולה ת,,,שמן זית כתית מעולה ת,מיליליטרים,750.00,"100 מ""ל",false,,29.90,0.0399,true,1,20013
7290011587079,false,חרדל דיז'ון גרגירים 370 ג' PICCATA,תומר ייבוא ושיווק מוצרי מזון [,,חרדל דיז'ון גרגירים,גרמים,370.00,100 גרם,false,,7.90,0.0214,true,1,2345
7290011587123,false,קרם קוקוס תומר 400 מ,Thai coconut co ltd,,קרם אגוזי קוקוס 400,מיליליטרים,400.00,"100 מ""ל",false,,10.00,0.0250,true,1,20064
7290011587598,false,פילה אנשובי בשמן תומר (45 גרם),תומר ייבוא ושיווק מוצרי מזון [,,אנשובי תומר 45 גרם,גרמים,45.00,100 גרם,false,,6.90,0.1533,true,1,2348
7290011598211,false,"סנו - אנטי קאלק מרסס ניקוי כללי 4 ב-1 700 מ""ל",החברה הדרומית לשיווק בעמ,,אנטי קאלק מרסס 4 ב-,מיליליטרים,750.00,"100 מ""ל",false,,17.90,0.0239,true,1,4401
7290011598259,false,"פרש מטהר אוויר אוטומטי בניחוח מאסק סנו 250 מ""ל",החברה הדרומית לשיווק בעמ,,מילוי פרש אוטומטיק מ,מיליליטרים,350.00,"100 מ""ל",false,,14.90,0.0426,true,1,4402
7290011695408,false,נאמן ציפוי מתובל לשניצל 350גר,עבדו,,ציפוי מתובל לשניצל ה,גרמים,350.00,100 גרם,false,,13.90,0.0397,true,1,22695
7290011695651,false,צנימים עגולים 300 גרם נאמן,נאמן לאורך זמן בעמ,,צנימים עגולים 300 גר,גרמים,300.00,100 גרם,false,,12.90,0.0430,true,1,22700
7290011695712,false,חמאת בוטנים עם שברי 510 ג' NEEMAN,SUPER NUTRI,,חמאת בוטנים קרמי אדו,גרמים,510.00,100 גרם,false,,12.90,0.0253,true,1,22701
7290011723200,false,טחינה הר ברכה 100% שומשום טהור 500 גר,טחינה הר ברכה בעמ,,טחינה הר ברכה 500 גר,גרמים,500.00,100 גרם,false,,18.90,0.0378,true,1,19133
7290011778354,false,ביצים חופשיות 20 יחידות,ביצים מן הטבע,,ביצים חופשיות מן הטב,יחידה,20.00,יחידה,false,,29.90,1.4950,true,1,17243
7290011800826,false,חציל בטחינה רפי כהן 400ג,סלטי צבר 2 ב 22,,חציל בטחינה רפי כהן,גרמים,400.00,100 גרם,false,,14.90,0.0373,true,1,1533
7290011800864,false,חציל בשמן זית רפי כהן400,סלטי צבר 2 ב 22,,חציל בשמן זית רפי כה,גרמים,400.00,100 גרם,false,,14.90,0.0373,true,1,1535
7290011877859,false,סנו אינסטלטור חדש פותח סתימות 200ג',החברה הדרומית לשיווק בעמ,,אינסטלטור פותח סתימו,מיליליטרים,200.00,"100 מ""ל",false,,16.90,0.0845,true,1,4413
7290011923068,false,הצהובה הקלאסית פרוס תחליף שומן צמחי 200גר,,,פרוסות הצהובה הקלאסי,גרמים,200.00,100 גרם,false,,18.90,0.0945,true,1,22604
7290011923105,false,"פרוסות גבינה בסגנון צ'דר 200 גרם ""ליב""",,,פרוסות בסגנון צ'דר ל,גרמים,200.00,100 גרם,false,,18.90,0.0945,true,1,22606
7290011923112,false,גבינת גוש בסגנון פטה יוונית טבעוני 200 ג,,,גוש בסגנון פטה יווני,גרמים,200.00,100 גרם,false,,18.90,0.0945,true,1,22607
7290011923273,false,טופו אורגני ליב (300 גרם),ל.י.ב. (לחיות יותר בטבע) בעמ,,טופו אורגני ליב 300,גרמים,300.00,100 גרם,false,,11.90,0.0397,true,1,22608
7290011923303,false,טופו טבעי ליב (300 גרם),ל.י.ב. (לחיות יותר בטבע) בעמ,,טופו טבעי ליב 300 גר,גרמים,300.00,100 גרם,false,,10.90,0.0363,true,1,22609
7290011947309,false,זיתים מצוננים סורי מבוקע ולימון כבוש זיתא 230 ג',תה ויסוצקי (ישראל) בעמ,,זית סורי מבוקע עם לי,גרמים,230.00,100 גרם,false,,13.90,0.0604,true,1,1020
7290011947316,false,זיתא זיתי קלמטה בשמן זית כתית מעולה 215ג,תה ויסוצקי (ישראל) בעמ,,זיתי קלמטה 215 גרם ז,גרמים,215.00,100 גרם,false,,13.90,0.0647,true,1,1021
7290011947521,false,"שמן זית כתית מעולה 750 מ""ל טעם מודגש זיתא",תה ויסוצקי (ישראל) בעמ,,שמן זית כתית מעולה ט,מיליליטרים,750.00,"100 מ""ל",false,,32.90,0.0439,true,1,1022
7290011947781,false,מיקס זית ירוק וזית קלמטה ללא גלעין עם שמן זית כתית מעולה,תה ויסוצקי (ישראל) בעמ,,מיקס זית ירוק וזית ק,גרמים,190.00,100 גרם,false,,13.90,0.0732,true,1,1027
7290011947798,false,זית קלמטה ללא גלעין עם שמן זית כתית מעולה,תה ויסוצקי (ישראל) בעמ,,זית קלמטה ללא גלעין,גרמים,190.00,100 גרם,false,,13.90,0.0732,true,1,1028
7290011947866,false,זיתא מיקס זיתים בפח 250 גרם,תה ויסוצקי (ישראל) בעמ,,מיקס זיתים בפח זיתא,גרמים,440.00,100 גרם,false,,19.90,0.0452,true,1,1033
7290011947903,false,מיקס זיתים יווני זיתא 215 גרם,תה ויסוצקי (ישראל) בעמ,,מיקס זיתים יווני זית,גרמים,215.00,100 גרם,false,,13.90,0.0647,true,1,1035
7290011977627,false,סרדינים בשמן צמחי טעים 125 גרם,טעמן שווק מזון בעמ,,סרדינים בשמן צמחי טע,גרמים,125.00,100 גרם,false,,4.10,0.0328,true,1,2736
7290011977634,false,סרדינים בשמן קנולה עם פלפל חריף טעים 125 גרם,טעמן שווק מזון בעמ,,סרדינים בשמן סויה עם,גרמים,125.00,100 גרם,false,,4.10,0.0328,true,1,2737
7290011977924,false,"פסטה קרניים 100% חיטת דורום בד""ץ טעמן 500 גרם",מוצרי יסוד - טעמן,,פסטה בילאג'יו קרניים,גרמים,500.00,100 גרם,false,,4.90,0.0098,true,1,19360
7290012019258,false,מחית תפוחי עץ רביעיה 4 * 113 ג' תומר,תומר ייבוא ושיווק מוצרי מזון [,,מחית תפוחי עץ 4 * 11,גרמים,452.00,100 גרם,false,,11.00,0.0243,true,1,20076
7290012019265,false,"מחית תפו""ע ללא תוספת סוכר 4*113גר",תומר ייבוא ושיווק מוצרי מזון [,,מחית תפוחי עץ ללא תו,גרמים,452.00,100 גרם,false,,11.00,0.0243,true,1,20077
7290012019401,false,מיץ דובדבן 100% 1 ליטר תוצרת גרוזיה,תומר יבוא ושיווק מוצרי מזון (1,,מיץ דובדבן חמוץ 1 לי,מיליליטרים,1000.00,"100 מ""ל",false,,18.90,0.0189,true,1,21479
7290012022203,false,פריכיות חיטה מלאה 60 גרם,דילייט 2005 בע`מ,,קליליות פרכיות חיטה,גרמים,100.00,100 גרם,false,,13.90,0.1390,true,1,16919
7290012022227,false,פריכיות חיטה טבעי 60 גרם,דילייט 2005 בע`מ,,קליליות פרכיות בטעם,גרמים,70.00,100 גרם,false,,11.90,0.1700,true,1,16920
7290012022272,false,פריכיות קליליות קידס,דילייט 2005 בעמ,,קליליות קידס פרכיות,גרמים,30.00,100 גרם,false,,10.90,0.3633,true,1,16921
7290012025822,false,שמיר סלק אסלי 400 גרם,"סלטי שמיר 2006 בע""מ",,סלק אסלי 400 גרם,גרמים,400.00,100 גרם,false,,10.90,0.0273,true,1,18972
7290012025839,false,מטבוחה אסלי שמיר 400 גרם,"סלטי שמיר 2006 בע""מ",,מטבוחה אסלי 400 גרם,גרמים,400.00,100 גרם,false,,11.90,0.0298,true,1,18973
7290012116537,false,"מקסימה אבקת כביסה בניחוח מאסק סנו 2.5 ק""ג",החברה הדרומית לשיווק בעמ,,מקסימה אבקת כביסה מא,גרמים,2500.00,100 גרם,false,,23.90,0.0096,true,1,4415
7290012117558,false,מקסימה מרכך כביסה מרוכז ורוד בניחוח מאסק סנו 1 ליטר,החברה הדרומית לשיווק בעמ,,מרכך מרוכז מאסק 1 לי,מיליליטרים,1000.00,"100 מ""ל",false,,17.90,0.0179,true,1,4421
7290012117626,false,שטיפת פה דנטלית לילדים בטעם ענבים בוב ספוג,קוסמופארם בע'\'\מ,,מי פה ילדים בוב ספוג,מיליליטרים,250.00,"100 מ""ל",false,,10.90,0.0436,true,1,4425
7290012193125,false,ממתיק על בסיס סוכרלוז - טבליות,"קיפל טבליות וממתיקים בע""מ",,סוכרלוז 150 טבליות,יחידה,150.00,יחידה,false,,26.90,0.1793,true,1,4593
7290012226120,false,קבנוס זוגלובק (45x3 גרם),נקניק נהריה כשר זוגל,,קבנוס זוגלובק 135 גר,גרמים,135.00,100 גרם,false,,10.90,0.0807,true,1,9891
7290012226939,false,קבנוס עם צ'ילי חריף זוגלובק 135 גרם,נקניק נהריה כשר זוגל,,קבנוס עם צ'ילי חריף,גרמים,135.00,100 גרם,false,,10.90,0.0807,true,1,9897
7290012227172,false,חרמן הודו בדבש וברביקיו זוג במארז 600 ג' זוגלובק,נקניק נהריה כשר זוגל,,זוג פסטרמות במארז חר,גרמים,600.00,100 גרם,false,,26.60,0.0443,true,1,9900
7290012227325,false,סלמי דק דק מעושן איטלקי 120 ג' זוגלובק,זוגלובק שיווק בעמ,,סלמי מעושן דק דק 120,גרמים,120.00,100 גרם,false,,14.70,0.1225,true,1,9902
7290012227974,false,פסטרמה הודו בדבש טהור דק דק דק,זוגלובק שיווק בעמ,,פסטרמה בדבש 120 גרם,גרמים,120.00,100 גרם,false,,14.70,0.1225,true,1,9906
7290012227981,false,פסטרמה דק דק ברביקיו 120 ג' זוגלובק,זוגלובק שיווק בעמ,,פסטרמה ברביקיו 120 ג,גרמים,120.00,100 גרם,false,,14.70,0.1225,true,1,9907
7290012227998,false,פסטרמה דק דק חזה בקר 120 ג' זוגלובק,זוגלובק שיווק בעמ,,חזה בקר 120 גרם,גרמים,120.00,100 גרם,false,,14.70,0.1225,true,1,9908
7290012228261,false,נקנקיות קנקרס הודו ועוף ריינהולד'ס זוגלובק 300 ג',זוגלובק שיווק בעמ,,נקניקיות הודו פרמיום,גרמים,300.00,100 גרם,false,,21.90,0.0730,true,1,9913
7290012228971,false,סלמי תה פפרוני 180 גר`זוגלובק,זוגלובק שיווק בעמ,,סלמי תה פפרוני 180 ג,גרמים,180.00,100 גרם,false,,14.90,0.0828,true,1,9934
7290012245923,false,"פוטטוס (פלחי תפו""א)",,,"פוטטוס (פלחי תפו""א)",גרמים,1000.00,100 גרם,false,,13.90,0.0139,true,1,8613
7290012295836,false,חסה לליק,ביכורי השדה צפון 1994 ג.ד. בעמ,,חסה לליק,גרמים,200.00,100 גרם,false,,10.90,0.0545,true,1,14869
7290012295973,false,עלי רוקולה פרמיום 100ג שמיטה,ביכורי השדה צפון 1994 ג.ד. בעמ,,רוקט רמי לוי,יחידה,1.00,יחידה,false,,9.90,9.9000,true,1,14870
7290012309878,false,חלבה עם פיסטוקים 500 גר`ששון הקולה,דין שיווק וקליה 2021 בעמ,,חלבה עם פיסטוק 500 ג,גרמים,500.00,100 גרם,false,,13.90,0.0278,true,1,12110
7290012309939,false,חלווה מסולסלת בקופסא ששון הקולה 500 גרם,דין שיווק וקליה 2021 בעמ,,חלבה מסולסלת 500 גרם,גרמים,500.00,100 גרם,false,,15.90,0.0318,true,1,12112
7290012313141,false,מלפפונים פרוסות במלח קבוצת יבנה 330 גרם,קבוצת יבנה מוצרי מזון אגודה שי,,פרוסות מלפפונים במלח,גרמים,540.00,100 גרם,false,,6.90,0.0128,true,1,7997
7290012404955,false,נקטר חמוציות ספרינג קולקשן (1.25 ליטר),יפאורה - שותפות מוגבלת לשיווק,,ספרינג Collection נק,מיליליטרים,1250.00,"100 מ""ל",false,,13.20,0.0106,true,1,2232
7290012526602,false,כוסות שתיה קרה 100 י,כוסות שתיה קרה 4 ב 1,,כוסות שתיה קרה 100 י,יחידה,100.00,יחידה,false,,7.90,0.0790,true,1,10178
7290012576591,false,רזרב גוורצטרמינר 750 מל יקבי ברקן,יקבי ברקן שיווק והפצה בע,,יין לבן חצי יבש רזרב,מיליליטרים,750.00,"100 מ""ל",false,,50.20,0.0669,true,1,4908
7290012576607,false,"יין קברנה סוביניון פרמייר מלבק אדום ברקן 750 מ""ל","ברקן שיווק והפצה בע""",,יין אדום קברנה סובני,מיליליטרים,750.00,"100 מ""ל",false,,24.20,0.0323,true,1,4909
7290012576614,false,יין Premieur לבן חצי יבש אמרלד ריזלינג קולומברד,יקבי ברקן שיווק והפצה בע,,יין לבן ריזלינג פרמי,מיליליטרים,750.00,"100 מ""ל",false,,24.20,0.0323,true,1,4910
7290012588242,false,"מים מינרלים מיי וואטר כדורגל מארז 500X6מ""ל",נרה קריטיס אס איי באריפט,,מים מינרליים שישייה,יחידה,6.00,יחידה,false,,11.90,1.9833,true,1,4911
7290012642678,false,אננס בכוסות פלס. רביעיות 113 גר,FOODS HUIZIANG JIANGSU,,ליפתן בכוס בטעם אננס,גרמים,113.00,100 גרם,false,,11.90,0.1053,true,1,20079
7290012642685,false,אפרסק פירות בכוסות פלסטיק 4*113ג' תומר,תומר,,ליפתן בכוס בטעם אפרס,גרמים,113.00,100 גרם,false,,11.90,0.1053,true,1,20080
7290012642852,false,פלפל אדום על האש תומר 330 גרם,סאטקו,,פלפל אדום על האש 540,מיליליטרים,540.00,"100 מ""ל",false,,13.00,0.0241,true,1,20082
7290012645112,false,יוגורט עיזים 2.8% בדלי חלב הארץ 750 גרם,שטראוס גרופ בעמ/מצונן,,"יוגורט עיזים 750 מ""ל",מיליליטרים,750.00,"100 מ""ל",false,,19.90,0.0265,true,1,123
7290012645129,false,יוגורט כבשים 5% בדלי חלב הארץ 750 גרם,שטראוס גרופ בעמ/מצונן,,"יוגורט כבשים 750 מ""ל",מיליליטרים,750.00,"100 מ""ל",false,,19.90,0.0265,true,1,124
7290012645280,false,יוגורט כבשים בסגנון יוני 5% חלב הארץ 150 גרם,שטראוס גרופ בעמ/מצונן,,יוגורט כבשים בסגנון,גרמים,150.00,100 גרם,false,,5.80,0.0387,true,1,125
7290012645297,false,יוגורט עיזים ביו 2.8% טעם טבעי חלב הארץ 150 גרם,שטראוס גרופ בעמ/מצונן,,יוגורט עיזים בטעם טב,גרמים,150.00,100 גרם,false,,5.80,0.0387,true,1,126
7290012803765,false,טוסו שוקולד מריר ללא תוספת סוכר 100 גרם,אלטינמארקה גידה סאן,,טוסו שוקולד מריר ללא,גרמים,10.00,100 גרם,false,,9.90,0.9900,true,1,4599
7290012823381,false,מקסימה מרכך כביסה מרוכז סנסטיב בייבי סנו 1 ליטר,החברה הדרומית לשיווק בעמ,,מקסימה מרכך מרוכז 1,מיליליטרים,1000.00,"100 מ""ל",false,,17.90,0.0179,true,1,4427
7290012823398,false,מטליות חד פעמיות לניקוי הרצפה בניחוח מרכך כביסה 10יח' סנו,החברה הדרומית לשיווק בעמ,,מטליות לחות לרצפה בנ,יחידה,1.00,יחידה,false,,12.90,12.9000,true,1,4428
7290012901959,false,ארוחת אטריות עם גבינה מסולסלים 156 גרם,מור-ים מרקטינג בעמ,,ארוחת פסטה עם רוטב ג,גרמים,156.00,100 גרם,false,,12.90,0.0827,true,1,17209
7290012921025,false,"בקבוק בירה מלכה בהירה 330 מ""ל",הכרם - משקאות חריפים בעמ,,בקבוק בירה מלכה בהיר,מיליליטרים,330.00,"100 מ""ל",false,,14.30,0.0433,true,1,5793
7290012921032,false,"בקבוק בירה מלכה אדמונית 330 מ""ל",הכרם - משקאות חריפים בעמ,,בקבוק בירה מלכה אדמו,מיליליטרים,330.00,"100 מ""ל",false,,14.30,0.0433,true,1,5794
7290012936944,false,אגוז מוסקט טחון תבליני מימון (40 גרם),א.ל. ייצור ושיווק תבלינים בע`מ,,אגוז מוסקט טחון במיכ,גרמים,40.00,100 גרם,false,,14.90,0.3725,true,1,8783
7290012983153,false,סילאן טבעי בקבוק לחיץ תמר כנרת 400 גר,תה ויסוצקי (ישראל)בעמ,,סילאן טבעי בקבוק לחי,גרמים,400.00,100 גרם,false,,16.90,0.0422,true,1,1039
7290012983160,false,סילאן לחיץ 400גר חתם סופר,"חצר כנרת מוצרי תמר אגש""ח",,סילאן בקבוק לחיץ תמר,גרמים,400.00,100 גרם,false,,11.90,0.0298,true,1,1040
7290012983276,false,סילאן תמרים כנרת 900 ג',תה ויסוצקי (ישראל) בעמ,,סילאן תמר כנרת 900 ג,גרמים,900.00,100 גרם,false,,12.90,0.0143,true,1,1041
7290013027399,false,לחם קמח מלא קל בתוספת שיפון 750 ג' אנג'ל,מאפיית שלמה א. אנג'\ל בע,,לחם קל פרוס 100% קמח,גרמים,750.00,100 גרם,false,,13.90,0.0185,true,1,1137
7290013038432,false,מים אקווה נובה בקבוק יחיד,אקווה נובה Aqua Nova,,מים מזוככים אקווה נו,מיליליטרים,2000.00,"100 מ""ל",false,,3.90,0.0019,true,1,4915
7290013083685,false,תחליף חלב מטרנה אקסטרה קר שלב 3 חסכון 700 גרם,קבוצת אוסם סחר-שות.מוגבלת,,מטרנה אקסטרה קר שלב,גרמים,700.00,100 גרם,false,,59.90,0.0856,true,1,1543
7290013117212,false,בורקס פילו במילוי גבינה 600 גר`מעדנות,תנובה מרכז שיתופי לשיווק תוצרת,,בורקס פילו גבינה מעד,גרמים,600.00,100 גרם,false,,19.90,0.0332,true,1,5703
7290013117229,false,"בורקס פילו במילוי תפו""א מעדנות 600 גר",תנובה מרכז שיתופי לשיווק תוצרת,,בורקס פילו תפוחי אדמ,גרמים,600.00,100 גרם,false,,19.90,0.0332,true,1,5704
7290013117243,false,בורקס פילו בולגרית מעדנות 600 גרם,תנובה מרכז שיתופי לשיווק תוצרת,,בורקס פילו בולגרית מ,גרמים,600.00,100 גרם,false,,19.90,0.0332,true,1,5706
7290013117526,false,בצק שמרים מרודד למאפים מתוקים מעדנות 900 גרם,תנובה מרכז שיתופי לשיווק תוצרת,,בצק שמרים מרודד למאפ,גרמים,900.00,100 גרם,false,,22.90,0.0254,true,1,5709
7290013144157,false,תערובת להכנת סחלב 130גרם,א.ל. ייצור ושיווק תבלינים בע`מ,,מיימונס סחלב 130 גרם,גרמים,130.00,100 גרם,false,,9.90,0.0762,true,1,9746
7290013144195,false,מיימונס תערובת כדורי שוקולד 500 גרם.,א.ל.ייצור ושיווק תבלינים בעמ,,תערובת כדורי שוקולד,גרמים,500.00,100 גרם,false,,17.50,0.0350,true,1,9749
7290013144201,false,תערובת להכנת פנקייק מימונס (400 גרם),א.ל.ייצור ושיווק תבלינים בעמ,,תערובת פנקייק 400 גר,גרמים,400.00,100 גרם,false,,17.50,0.0438,true,1,9750
7290013144232,false,מיימונס פודינג בטעם וניל 80 גרם,א.ל. ייצור ושיווק תבלינים בע`מ,,פודינג וניל 80 גרם,גרמים,85.00,100 גרם,false,,5.00,0.0588,true,1,9753
7290013144393,false,תמצית אפיה בטעם וניל מימונס (50 מל),א.ל. ייצור ושיווק תבלינים בע`מ,,מימונס תמצית בטעם ונ,גרמים,50.00,100 גרם,false,,4.90,0.0980,true,1,9760
7290013144416,false,"תמצית בטעם שקדים מימונס 50 מ""ל",א.ל. ייצור ושיווק תבלינים בע`מ,,מימונס תמצית בטעם שק,גרמים,50.00,100 גרם,false,,5.20,0.1040,true,1,9762
7290013144614,false,"מיימונס סירופ מייפל אמיתי 100% מקנדה 236 מ""ל",א.ל.ייצור ושיווק תבלינים בעמ,,מימונס סירופ מייפל א,מיליליטרים,236.00,"100 מ""ל",false,,29.90,0.1267,true,1,9768
7290013144768,false,סירופ בטעם שוקולד מימונס 500 גרם,א.ל. ייצור ושיווק תבלינים בע`מ,,סירופ בטעם שוקולד 50,מיליליטרים,500.00,"100 מ""ל",false,,13.90,0.0278,true,1,9770
7290013144980,false,תרסיס שמן קנולה מימונס 170 גרם,א.ל. ייצור ושיווק תבלינים בע`מ,,מימונס תרסיס שמן קנו,גרמים,170.00,100 גרם,false,,15.90,0.0935,true,1,9771
7290013145031,false,אגוזי לוז מסוכרים מיימונס 100 גרם,א.ל. ייצור ושיווק תבלינים בע`מ,,ברס- אגוזי לוז מסוכר,גרמים,100.00,100 גרם,false,,13.90,0.1390,true,1,9775
7290013145048,false,צנוברים מימונס (100 גרם),א.ל.ייצור ושיווק תבלינים בעמ,,"צנוברים כשל""פ 100 גר",גרמים,100.00,100 גרם,false,,26.90,0.2690,true,1,9776
7290013145123,false,מיימונס שקד מולבן פרוס 100 גרם,א.ל. ייצור ושיווק תבלינים בע`מ,,שקד מולבן פרוס 100 ג,גרמים,100.00,100 גרם,false,,13.50,0.1350,true,1,9783
7290013145178,false,קוקוס לבן טחון מימונס (100 גרם),א.ל. ייצור ושיווק תבלינים בע`מ,,מימונס קוקוס טחון לב,גרמים,100.00,100 גרם,false,,5.00,0.0500,true,1,9785
7290013145437,false,שוקולד מריר מעולה ציפס מימונס 250 ג',א.ל. ייצור ושיווק תבלינים בע`מ,,מימונס שוקולד ציפס 4,גרמים,250.00,100 גרם,false,,14.90,0.0596,true,1,9789
7290013145451,false,קקאו 150 גר`שקית מימונס,א.ל. ייצור ושיווק תבלינים בע`מ,,אבקת קקאו 150 גרם שק,גרמים,150.00,100 גרם,false,,9.50,0.0633,true,1,9790
7290013145529,false,סוכריות צבעוניות לקישוט מיימונס 90 גרם,א.ל. ייצור ושיווק תבלינים בע`מ,,סוכריות צבעוניות לקי,גרמים,90.00,100 גרם,false,,6.50,0.0722,true,1,9791
7290013145536,false,סוכריות לקישוט בטעם שוקולד מיימונס 85 גרם,א.ל. ייצור ושיווק תבלינים בע`מ,,סוכריות שוקולד לקישו,גרמים,85.00,100 גרם,false,,4.80,0.0565,true,1,9792
7290013145628,false,מימונס סוכריות צבעוניות לקישוט 200 גרם,א.ל. ייצור ושיווק תבלינים בע`מ,,מימונס סוכריות צבעונ,גרמים,200.00,100 גרם,false,,9.90,0.0495,true,1,9796
7290013145840,false,סוכר וניל מימונס 10יח בצלופן,א.ל. ייצור ושיווק תבלינים בע`מ,,סוכר וניל 10 יח' בצל,גרמים,100.00,100 גרם,false,,2.50,0.0250,true,1,9801
7290013145857,false,אבקת אפיה מימונס 10יח בצלופן,א.ל. ייצור ושיווק תבלינים בע`מ,,אבקת אפיה 10 יח' בצל,גרמים,100.00,100 גרם,false,,2.50,0.0250,true,1,9802
7290013145918,false,אבקת סוכר מיימונס 100 גרם,א.ל. ייצור ושיווק תבלינים בע`מ,,מימונס אבקת סוכר 100,גרמים,100.00,100 גרם,false,,2.00,0.0200,true,1,9805
7290013145963,false,שמרים יבשים בוואקום מיימונס 125 גרם,א.ל. ייצור ושיווק תבלינים בע`מ,,מימונס שמרים יבשים ב,גרמים,125.00,100 גרם,false,,5.90,0.0472,true,1,9808
7290013146014,false,מלית אוכמניות 70% פרי מיימונס 400 גרם,א.ל.יצור ושיווקתבלינים בעמ,,מלית אוכמניות לדברי,גרמים,400.00,100 גרם,false,,16.90,0.0422,true,1,9811
7290013146304,false,קורנפלור 500 גרם מימונס.,א.ל.ייצור ושיווק תבלינים בעמ,,מימונס קורנפלור 500,גרמים,500.00,100 גרם,false,,7.50,0.0150,true,1,9821
7290013146755,false,קצפת צמחי 24% 500 גרם מימונס,קפוא-זן תעשיות מזון בעמ - תפוג,,קצפת מעולה %24 שומן,מיליליטרים,500.00,"100 מ""ל",false,,13.90,0.0278,true,1,8615
7290013146762,false,מימונס קצפת מעולה 24% מעודנת 200מל,קפוא-זן תעשיות מזון בעמ - תפוג,,קצפת מעולה %24 שומן,מיליליטרים,200.00,"100 מ""ל",false,,6.90,0.0345,true,1,8616
7290013146854,false,קוקוס לבן טחון מימונס 400 ג',א.ל. ייצור ושיווק תבלינים בע`מ,,קוקוס לבן טחון 400 ג,גרמים,400.00,100 גרם,false,,14.90,0.0373,true,1,9842
7290013146861,false,נייר אפייה 20 מטר בגליל מימונס,א.ל.יצור ושיווקתבלינים בעמ,,מימונס- נייר אפייה 2,יחידה,1.00,יחידה,false,,19.90,19.9000,true,1,9843
7290013267665,false,סולרו מיני קלאסי - פירות טרופיים (חלבי),"מיוצר ע""\י גלידת שטראוס",,מאגדת סולרו מיני קלא,יחידה,5.00,יחידה,false,,23.90,4.7800,true,1,11785
7290013267726,false,מגנום דאבל שוקולד עם נוגט,גלידות שטראוס בעמ,,שלגון מגנום דאבל שוק,יחידה,1.00,יחידה,false,,11.00,11.0000,true,1,11786
7290013268242,false,תרכיז ריחני לניקוי רצפות בריח מלון מפנק ריצפז פרש,החברה הדרומית לשיווק בעמ,,ריצפז פרש הום מלון מ,מיליליטרים,2000.00,"100 מ""ל",false,,21.90,0.0109,true,1,4433
7290013268884,false,"נוזל רצפות מאסק 2 ליטר ""ריצפז פרש""",החברה הדרומית לשיווק בעמ,,ריצפז פרש מאסק 2 ליט,מיליליטרים,2000.00,"100 מ""ל",false,,18.90,0.0094,true,1,4435
7290013269621,false,ריצפז פרש לניקוי רצפות בניחוח מלון בוטיק,החברה הדרומית לשיווק בעמ,,ריצפז הום פרש - מלון,מיליליטרים,2000.00,"100 מ""ל",false,,19.90,0.0099,true,1,4442
7290013269751,false,מטליות לחותריצפז פרש לניקוי ריצפה בניחות מלון בוטיק 10 יח' סנו,החברה הדרומית לשיווק בעמ,,מטליות לחות לריצפה ה,יחידה,1.00,יחידה,false,,12.90,12.9000,true,1,4444
7290013269867,false,סנו סושי זוג מפות אירוח צבעים שונים,החברה הדרומית לשיווק בעמ,,סנו סושי זוג מפות חד,יחידה,2.00,יחידה,false,,10.90,5.4500,true,1,4445
7290013284662,false,רוטב פיצה פיתה לילדים 240 ג' פריניר,ח.כהן סוכנות מזון ומשקאות בע,,רוטב פיצה פיתה פריני,גרמים,240.00,100 גרם,false,,5.50,0.0229,true,1,8000
7290013302236,false,פסטה בילאג'יו פרפלה 500 גרם טעמן,מוצרי יסוד - טעמן,,פסטה בילאג'יו פרפלה,גרמים,500.00,100 גרם,false,,4.90,0.0098,true,1,19361
7290013302243,false,פסטה בילאג'יו מסולסלת 500גרם טעמן,מוצרי יסוד - טעמן,,פסטה בילאג'יו מסולסל,גרמים,500.00,100 גרם,false,,4.90,0.0098,true,1,19362
7290013358356,false,פירורי לחם מוזהבים מאסטר שף (320גרם),ש. שסטוביץ בע`מ,,פירורי לחם מוזהבים מ,גרמים,320.00,100 גרם,false,,7.80,0.0244,true,1,9004
7290013358363,false,מאסטר שף פרורי לחם פנקו עבים בסגנון יפני 300 גר,קריניציה ויטמינה אס,,פירורי לחם בסגנון יפ,גרמים,300.00,100 גרם,false,,11.90,0.0397,true,1,9005
7290013358417,false,מאסטר שף אסייאתי רוטב טריאקי 300 מל כשלפ,קריניציה ויטמינה אס,,רוטב טריאקי מאסטר שף,מיליליטרים,300.00,"100 מ""ל",false,,10.90,0.0363,true,1,9006
7290013381088,false,עמבה הודית אורגינלית 500,נאמן לאורך זמן בעמ,,עמבה הודית 500 גרם,גרמים,500.00,100 גרם,false,,9.90,0.0198,true,1,22705
7290013381538,false,פירורי לחם נאמן 800,,,פירורי לחם נאמן 800,גרמים,800.00,100 גרם,false,,10.90,0.0136,true,1,22709
7290013381576,false,"רוזטה תרכיז שקדים 1 ליטר בד""צ",נאמן לאורך זמן בעמ,,רוזטה תרכיז שקדים נא,מיליליטרים,1000.00,"100 מ""ל",false,,25.00,0.0250,true,1,22815
7290013381675,false,"סירופ למלבי נאמן 750מ""ל",נאמן לאורך זמן בעמ,,"סירופ מלבי 750 מ""ל",מיליליטרים,750.00,"100 מ""ל",false,,20.00,0.0267,true,1,22816
7290013389114,false,ניוקי תפוח אדמה לה פסטה 500 גרם,לה פסטה La' Pasta,,"לה פסטה ניוקי תפו""""א",גרמים,500.00,100 גרם,false,,9.00,0.0180,true,1,2352
7290013389138,false,"ניוקי 500 ג' ""לה פסטה"" שלושה צבעים 500 גר' 12X",תומר ייבוא ושיווק מוצרי מזון [,,לה פסטה ניוקי 3 צבעי,גרמים,500.00,100 גרם,false,,9.00,0.0180,true,1,20084
7290013430083,false,"בירה אלכסנדר בלונד בקבוק 330 מ""ל",מנדלז סי.אר. פרודקשן,,בירה אלכסנדר בלונד 3,מיליליטרים,330.00,"100 מ""ל",false,,12.90,0.0391,true,1,11992
7290013472199,false,ערמונים קלופים וקלויים 105 גרם,ג.וילי פוד אינטרנשיונל בעמ,,ערמונים קלופים וקלוי,גרמים,100.00,100 גרם,false,,5.90,0.0590,true,1,2837
7290013472892,false,בולגריה קוביות במי מלח - מרכיבי חלב ושומן צמחי,ג.וילי-פוד אינטרנשיונל **גבינו,,הבולגריה בקוביות 200,גרמים,200.00,100 גרם,false,,10.90,0.0545,true,1,2839
7290013492005,false,תפוח אדמה אדום למיקרו 600 ג',ביכורי השדה צפון 1994 ג.ד. בעמ,,"תפו""א למיקרו",יחידה,1.00,יחידה,false,,7.90,7.9000,true,1,14886
7290013520135,false,לחם קל בריאות ושובע,,,לחם קל בריאות ושובע,יחידה,1.00,יחידה,false,,12.60,12.6000,true,1,9329
7290013542526,false,כוסות נייר שתיה חמה,כוסות שתייה חמה 3 ב,,כוסות נייר שתיה חמה,יחידה,50.00,יחידה,false,,11.90,0.2380,true,1,10187
7290013585387,false,בקבוק זירו קוקה-קולה (1 ליטר),החברה המרכזית להפצת משקאות בעמ,,קוקה קולה זירו בקבוק,מיליליטרים,1000.00,"100 מ""ל",false,,6.90,0.0069,true,1,8262
7290013585394,false,בקבוק קוקה-קולה (1 ליטר),החברה המרכזית להפצת משקאות בעמ,,קוקה קולה בקבוק 1 לי,מיליליטרים,1000.00,"100 מ""ל",false,,7.50,0.0075,true,1,8263
7290013585967,false,מארז ספרייט זירו Fridge Pack פחית 6*33,החברה המרכזית להפצת משקאות בעמ,,שישיית פחיות ספרייט,מיליליטרים,1980.00,"100 מ""ל",false,,25.70,0.0130,true,1,8266
7290013608260,false,מיץ רימונים 100%מיץ סחוט טרי מצונן 1ליט,שטראוס גרופ בעמ/מצונן,,מיץ רימונים 100% סחו,מיליליטרים,1000.00,"100 מ""ל",false,,22.90,0.0229,true,1,130
7290013702883,false,"שוופס מוגז פירות לימונדה ורודה 500 מ""ל",יפאורה - שותפות מוגבלת לשיווק,,שוופס מ. פירות פינק,מיליליטרים,500.00,"100 מ""ל",false,,5.50,0.0110,true,1,2239
7290013787378,false,רביולי ארטישוק ריקוטה 400ג רמילוי,,,רביולי ארטישוק ריקוט,גרמים,400.00,100 גרם,false,,22.90,0.0572,true,1,8619
7290013787385,false,רביולי סלק ריקוטה 400ג רמילוי,,,רביולי סלק וריקוטה 4,גרמים,400.00,100 גרם,false,,22.90,0.0572,true,1,8620
7290013787422,false,רביולי פלין פטריות - כמהין 330 גרם ריקו בית יוסף,דודו איטליאן פרודקטס בע\,,רביולי פלין פטריות ב,גרמים,330.00,100 גרם,false,,27.90,0.0845,true,1,5346
7290013787736,false,רביולי במילוי גבינה 400 רמילוי,,,רביולי במילוי גבינה,גרמים,400.00,100 גרם,false,,21.90,0.0547,true,1,8621
7290013787743,false,רביולי במילוי בטטה 400 רמילוי,,,רביולי במילוי בטטה 4,גרמים,400.00,100 גרם,false,,21.90,0.0547,true,1,8622
7290013843050,false,כוסות שתיה קרה 100 י,כוסות שתיה קרה 4 ב 1,,כוסות שתיה קרה 100 י,יחידה,100.00,יחידה,false,,7.90,0.0790,true,1,10188
7290013843968,false,כוסות חד פעמי שתיה חמה,ח.כהן סוכנות מזון ומשקאות בע,,כוסות נייר שתיה חמה,יחידה,50.00,יחידה,false,,11.90,0.2380,true,1,10189
7290013847102,false,נתחי טונה בהירה בשמן - מארז שלישיה,דיפלומט מפיצים (1968) בעמ**,,נתחי טונה בשמן סטארק,גרמים,240.00,100 גרם,false,,13.90,0.0579,true,1,2611
7290013847645,false,סטארקיסט טונה בשמן זית 80 גר' שלישיות,סטארקיסט Starkist,,טונה בהירה בשמן זית,גרמים,240.00,100 גרם,false,,17.90,0.0746,true,1,2612
7290013847867,false,מארז זוגות טונה בשמן סויה 140 ג' סטארקיסט,דיפלומט מפיצים (1968) בעמ**,,טונה בהירה בשמן קנול,גרמים,280.00,100 גרם,false,,12.90,0.0461,true,1,18952
7290013848758,false,מקסימה גל כביסה מרוכז בייבי 3ליטר סנסטיב,החברה הדרומית לשיווק בעמ,,ג'ל כביסה מרוכז בייב,מיליליטרים,3000.00,"100 מ""ל",false,,34.90,0.0116,true,1,4447
7290013849205,false,כוס קר שקוף קלאסי מצוין - 100 יחידות,כוסות שתיה קרה 4 ב 1,,כוסות שתיה קרה 100 י,יחידה,100.00,יחידה,false,,7.90,0.0790,true,1,10190
7290013903549,false,טופו במרקם רך טבעי ליב 300 גר,ג'נרל מילס סאן אדריא,,טופו רך טבעי ליב 30,גרמים,300.00,100 גרם,false,,9.90,0.0330,true,1,22612
7290013906052,false,נקניקיות פרגיות טירת צבי 300 גרם,תנובה מרכז שיתופי לשיווק תוצרת,,נקניקיות פרגיות 300,גרמים,300.00,100 גרם,false,,12.90,0.0430,true,1,5711
7290013906441,false,קבנוס טירת צבי 120 גרם,תנובה מרכז שיתופי לשיווק תוצרת,,קבנוס 120 גרם טירת צ,גרמים,120.00,100 גרם,false,,11.90,0.0992,true,1,5715
7290013906489,false,חטיפי מיני קבנוס טירת צבי 120 גרם,תנובה מרכז שיתופי לשיווק תוצרת,,חטיפי קבנוס 120 גרם,גרמים,120.00,100 גרם,false,,11.90,0.0992,true,1,5716
7290013906519,false,פרושוטו בקר טירת צבי 100 גרם,תנובה מרכז שיתופי לשיווק תוצרת,,פרושוטו בקר 100 גרם,גרמים,100.00,100 גרם,false,,28.90,0.2890,true,1,5718
7290014002197,false,חליטת קמומיל ולימונית הגן הקסום ויסוצקי 25 יחידות,תה ויסוצקי (ישראל) בעמ,,חליטת קמומיל ולימוני,יחידה,25.00,יחידה,false,,17.90,0.7160,true,1,1044
7290014002203,false,חליטת לימונית ולואיזה הגן הקסום ויסוצקי 25 יחידות,תה ויסוצקי (ישראל) בעמ,,חליטת לימונית לואיזה,יחידה,25.00,יחידה,false,,17.90,0.7160,true,1,1045
7290014002470,false,תה ויסוצקי קלאסיק - מארז 75 שקיקים,תה ויסוצקי (ישראל) בעמ,,תה קלאסיק 75 יחידות,יחידה,75.00,יחידה,false,,13.90,0.1853,true,1,17816
7290014002944,false,גן קסום חליטת פירות וצמחים חמדת שקד 25 שקיקים,תה ויסוצקי (ישראל) בעמ,,חליטת חמדת השקד הגן,יחידה,25.00,יחידה,false,,17.50,0.7000,true,1,1047
7290014066380,false,לנדוור-קפסולות אספרסו סופרימו(10) - 10יח'12X יח,ש.שסטוביץ בעמ,,קפסולות קפה תואמות נ,יחידה,10.00,יחידה,false,,15.90,1.5900,true,1,9012
7290014066526,false,לנדוור-קפסולות אספרסו תערובת הבית(11) - 10יח'12X יח,ש.שסטוביץ בעמ,,קפסולות קפה תואמות נ,יחידה,10.00,יחידה,false,,15.90,1.5900,true,1,9013
7290014083165,false,ניוקי ויליפוד 500 גרם,ג. וילי-פוד אינטרנשיונל בע`מ,,ניוקי 500 גרם,גרמים,500.00,100 גרם,false,,7.90,0.0158,true,1,2841
7290014083479,false,גבינה פרוסה גאודה 27% שומן EURO CHEESE ויליפוד 150 גרם,ג.וילי פוד אינטרנשיונל בעמ,,גבינת גאודה פרוסות 2,גרמים,150.00,100 גרם,false,,9.90,0.0660,true,1,2843
7290014083806,false,עוגיות בטעם חמאה 350 גרם בפח,ג. וילי-פוד אינטרנשיונל בע`מ,,עוגיות בטעם חמאה 350,גרמים,350.00,100 גרם,false,,11.90,0.0340,true,1,2846
7290014083813,false,וילי פוד מריגה שפרוטים מעושנים בשמן 190ג,ג. וילי-פוד אינטרנשיונל בע`מ,,שפרוטים מעושנים בשמן,גרמים,190.00,100 גרם,false,,8.90,0.0468,true,1,2847
7290014089006,false,זר פרחים גדול,משתלת ברגר בעמ,,זר פרחים גדול,יחידה,1.00,יחידה,false,,28.90,28.9000,true,1,16546
7290014089037,false,נענע בעציץ יחידה,משתלת ברגר בעמ,,נענע בעציץ,יחידה,1.00,יחידה,false,,8.90,8.9000,true,1,16547
7290014089129,false,רקפת בעציץ יחידה,משתלת ברגר בעמ,,רקפת בעציץ,יחידה,1.00,יחידה,false,,19.90,19.9000,true,1,16555
7290014089143,false,בזיליקום בעציץ יחידה,משתלת ברגר בעמ,,בזיליקום בעציץ,יחידה,1.00,יחידה,false,,8.90,8.9000,true,1,16557
7290014089358,false,טגטס בעציץ יחידה,פרח הארץ,,טגטס בעציץ,יחידה,1.00,יחידה,false,,8.90,8.9000,true,1,16568
7290014089570,false,אמנון ותמר בעציץ יחידה,משתלת ברגר בעמ,,אמנון ותמר בעציץ,יחידה,1.00,יחידה,false,,8.90,8.9000,true,1,16585
7290014094352,false,אגוז מלך טבעי ששון הקולה (200 גרם),דין שיווק וקליה 2021 בעמ,,אגוזים קלופים 200 גר,גרמים,200.00,100 גרם,false,,15.90,0.0795,true,1,20782
7290014094376,false,שזיפים ללא גלעין בקופסא ששון הקולה 330 גרם,דין שיווק וקליה 2021 בעמ,,שזיפים ללא גלעין 330,גרמים,330.00,100 גרם,false,,24.90,0.0755,true,1,20784
7290014094390,false,חמוציות מסוכרות ששון הקולה 250 גר`,דין שיווק וקליה 2021 בעמ,,חמוציות 330 גר' קופס,גרמים,330.00,100 גרם,false,,13.90,0.0421,true,1,20786
7290014094406,false,צימוק לבן בקופסא ששון הקולה 330 גרם,דין שיווק וקליה 2021 בעמ,,צימוק לבן 330 גר' -,גרמים,330.00,100 גרם,false,,17.90,0.0542,true,1,20787
7290014094857,false,פקאן סיני מסוכר 150 גרם ששון הקולה,דין שיווק וקליה 2021 בעמ,,פקאן סיני מסוכר 150,גרמים,150.00,100 גרם,false,,19.90,0.1327,true,1,12117
7290014094864,false,פיסטוק קלוי 170 גר עם קליפה ששון הקולה,דין שיווק וקליה 2021 בעמ,,פיסטוק קלוי 170 גר',גרמים,170.00,100 גרם,false,,19.90,0.1171,true,1,12118
7290014094895,false,אגוזים קלופים בשקית ששון הקולה 150 גרם,דין שיווק וקליה 2021 בעמ,,אגוזים קלופים בשקית,גרמים,150.00,100 גרם,false,,11.90,0.0793,true,1,12119
7290014138971,false,ערכת לפידונים מוצק 44 יח',,,לפידונים מוצק קופסא,יחידה,44.00,יחידה,false,,56.90,1.2932,true,1,8006
7290014174344,false,מיני דונאטס לוטוס,,,מיני דונאטס לוטוס,יחידה,1.00,יחידה,false,,6.00,6.0000,true,1,7754
7290014218536,false,בצק עלים מרודד מופחת שומן מעדנות 1 קג,תנובה ענף ב.ע.ד,,בצק עלים מופחת שומן,גרמים,1000.00,100 גרם,false,,21.90,0.0219,true,1,5729
7290014218932,false,חטיפי פיצה בתוספ זיתים בשקית מעדנות 710 גרם,מיוצר עי קונדיטוריית,,חטיפי פיצה בתוספת זי,גרמים,710.00,100 גרם,false,,32.90,0.0463,true,1,5732
7290014369290,false,שלגון קרמל מלוח בציפ,,,שלגון קרמל מלוח בציפ,יחידה,1.00,יחידה,false,,10.00,10.0000,true,1,16485
7290014369306,false,שלגון תות שדה מרכיבי,איתלק,,שלגון תות שדה מרכיבי,יחידה,1.00,יחידה,false,,10.00,10.0000,true,1,16486
7290014369313,false,שלגון לימון מרכיבים,איתלק,,שלגון לימון מרכיבים,יחידה,1.00,יחידה,false,,10.00,10.0000,true,1,16487
7290014369320,false,שלגון סורבה קוקוס 66 גרם,איתלק,,שלגון סורבה קוקוס מר,יחידה,1.00,יחידה,false,,10.00,10.0000,true,1,16488
7290014369337,false,שלגון מנגו טרופי 70 גרם,איתלק,,שלגון מנגו טרופי מרכ,יחידה,1.00,יחידה,false,,10.00,10.0000,true,1,16489
7290014369351,false,מנגו אננס ופסיפלורה טבעיים,איתלק,,שלגון מנגו אננס ופסי,יחידה,1.00,יחידה,false,,10.00,10.0000,true,1,16490
7290014369382,false,פיסטוק טבעי מובחר בציפוי שוקולד מריר,איתלק,,שלגון פיסטוק מרכיבים,יחידה,1.00,יחידה,false,,10.00,10.0000,true,1,16491
7290014369399,false,שלגון חלבה מרכיבים ט,איתלק,,שלגון חלבה מרכיבים ט,יחידה,1.00,יחידה,false,,10.00,10.0000,true,1,16492
7290014369412,false,שוקולד בלגי בציפוי שוקולד מריר,איתלק,,שלגון שוקולד בלגי מר,יחידה,1.00,יחידה,false,,10.00,10.0000,true,1,16493
7290014369429,false,שלגון בטעם קפה ברזיל,איתלק,,שלגון בטעם קפה ברזיל,יחידה,1.00,יחידה,false,,10.00,10.0000,true,1,16494
7290014369436,false,שלגון חמאת בוטנים מר,איתלק,,שלגון חמאת בוטנים מר,יחידה,1.00,יחידה,false,,10.00,10.0000,true,1,16495
7290014369443,false,שלגון יוגורט דובדבן,איתלק,,שלגון יוגורט דובדבן,יחידה,1.00,יחידה,false,,10.00,10.0000,true,1,16496
7290014369450,false,"קוקוס ואננסטבעיים ""מוג'ו""",איתלק,,שלגון קוקוס ואננס מר,יחידה,1.00,יחידה,false,,10.00,10.0000,true,1,16497
7290014369467,false,שלגון מלון מרכיבים ט,איתלק,,שלגון מלון מרכיבים ט,יחידה,1.00,יחידה,false,,10.00,10.0000,true,1,16498
7290014369474,false,שלגון תות ובננה מרכי,איתלק,,שלגון תות ובננה מרכי,יחידה,1.00,יחידה,false,,10.00,10.0000,true,1,16499
7290014369481,false,שלגון קרם תות בציפוי,איתלק,,שלגון קרם תות טבעי ב,יחידה,1.00,יחידה,false,,10.00,10.0000,true,1,16500
7290014369498,false,שלגון יוגורט ופטל טב,איתלק,,שלגון יוגורט ופטל בצ,יחידה,1.00,יחידה,false,,10.00,10.0000,true,1,16501
7290014369504,false,שלגון קרם קוקוס בציפ,פיקסל,,שלגון קרם קוקוס בציפ,יחידה,1.00,יחידה,false,,10.00,10.0000,true,1,16502
7290014369511,false,שלגון יוגורט סילאן ט,איתלק,,שלגון יוגורט וסילאן,יחידה,1.00,יחידה,false,,10.00,10.0000,true,1,16503
7290014369528,false,שלגון אגוז לוז טבעי מובחר בציפוי שוקולד מריר,איתלק,,שלגון אגוז לוז בציפו,יחידה,1.00,יחידה,false,,10.00,10.0000,true,1,16504
7290014397170,false,"פרש מיכל מילוי אוטומטיק סופט בלאנס 250 מ""ל סנו",החברה הדרומית לשיווק בעמ,,מילוי פרש ונילה ולבנ,מיליליטרים,250.00,"100 מ""ל",false,,13.90,0.0556,true,1,4450
7290014397507,false,מבשם אויר סנו פרש הום בניחוח מאסק מעודן 350 מ''ל,מיוצר עי קונדיטוריית,,מבשם לבית בניחוח מאס,מיליליטרים,350.00,"100 מ""ל",false,,11.90,0.0340,true,1,4451
7290014397835,false,סנו - מט דוחה יתושים נוזלי מכשיר + מילוי 45 לילות,החברה הדרומית לשיווק בעמ,,סנומט SMART מכשיר+מי,יחידה,1.00,יחידה,false,,39.90,39.9000,true,1,4453
7290014435803,false,מטיאס הולנדי (פרובנציאל) עם בצל בשמן 180 גרם,שבעת הימים - שמיר,,מטיאס הולנדי 200 גרם,גרמים,200.00,100 גרם,false,,19.90,0.0995,true,1,18975
7290014435889,false,סלט מטיאס עם מיונז שמיר 200 גרם,שבעת הימים - שמיר,,סלט מטיאס עם מיונז 1,גרמים,180.00,100 גרם,false,,19.90,0.1106,true,1,18981
7290014455245,false,גבינה גרנה פדנו משולש גד 200 גר',מחלבות גד שיווק 1992 בעמ,,גבינת גרנה פדנו קשה,גרמים,200.00,100 גרם,false,,25.90,0.1295,true,1,8556
7290014455252,false,גבינת גרנה פדנו מגורדת 29% גד (100 גרם),מחלבות גד שיווק 1992 בעמ,,פרמז'ן גרנה פדנו מגו,גרמים,100.00,100 גרם,false,,12.40,0.1240,true,1,8557
7290014455320,false,גבינה כדורי מוצרלה פרסקה גד 100ג',מחלבות גד שיווק 1992 בעמ,,מוצרלה פרסקה 100 גרם,גרמים,100.00,100 גרם,false,,9.80,0.0980,true,1,8558
7290014455467,false,ירח מתוק מעדן חלב 2% ושיבולת שועל גד 150ג',מחלבות גד שיווק 1992 בעמ,,מעדן שיבולת שועל וחל,גרמים,150.00,100 גרם,false,,5.90,0.0393,true,1,8559
7290014459007,false,צ'יפס קוביות תפוחי א,"תעשיות תפוגן בע""\מ",,צ'יפס קוביות תפוחי א,יחידה,0.00,יחידה,false,,15.90,0.0000,true,1,1547
7290014459137,false,"תפוגן סטייק צ'יפס 1.5 ק""ג אסם",קבוצת אוסם סחר שותפות מוגבלת,,צ'יפס סלייס 4% שומן,יחידה,0.00,יחידה,false,,24.90,0.0000,true,1,1548
7290014459205,false,"צ'יפס טוגן סטייק תפוגן 1.8 ק""ג",תפוגן,,סטייק צ'יפס טוגן 1.8,יחידה,0.00,יחידה,false,,24.90,0.0000,true,1,1549
7290014459373,false,"צ'יפס קראנצ'י לתנור קפוא תפוגן 1.5ק""ג",קבוצת אוסם סחר שותפות מוגבלת,,צ'יפס קראנצ'י קפוא ל,יחידה,0.00,יחידה,false,,25.90,0.0000,true,1,1551
7290014471412,false,"מוזלי בוטנים אגוזים ושקדים 1 ק""ג - 412 ירוק שקדיה",דין שיווק וקליה 2021 בעמ,,מוזלי בוטנים אגוזים,גרמים,1000.00,100 גרם,false,,19.90,0.0199,true,1,12123
7290014471429,false,"מוזלי עם פירות 1 ק""ג - 429 סגול שקדיה",דין שיווק וקליה 2021 בעמ,,"מוזלי עם פירות 1ק""ג",גרמים,1000.00,100 גרם,false,,19.90,0.0199,true,1,12124
7290014472136,false,גרעין שחור קלוי ששון הקולה (150 גרם),דין שיווק וקליה 2021 בעמ,,גרעין שחור קלוי 150,גרמים,150.00,100 גרם,false,,4.90,0.0327,true,1,23137
7290014472228,false,תאנים ששון הקולה (330 גרם),דין שיווק וקליה 2021 בעמ,,תאנים 330 גרם קופסא,גרמים,330.00,100 גרם,false,,19.90,0.0603,true,1,20795
7290014472235,false,פקאן סיני מסוכר ששון הקולה (200 גרם),דין שיווק וקליה 2021 בעמ,,פקאן סיני 200 - קופס,גרמים,200.00,100 גרם,false,,24.90,0.1245,true,1,20796
7290014472990,false,ממרח 100% שקדים שקדיה (300 גרם),דין שיווק וקליה 2021 בעמ,,ממרח 100% שקדים שקדי,גרמים,300.00,100 גרם,false,,33.90,0.1130,true,1,12128
7290014503137,false,יין אדום יבש יובלים יקב דלתון (750 מל),הכרם - משקאות חריפים בעמ,,יין אדום יבש כנען יק,מיליליטרים,750.00,"100 מ""ל",false,,41.90,0.0559,true,1,5796
7290014534674,false,"פסטה ""לה פסטה"" 400 ג' פרפר 400 ג'",תומר ייבוא ושיווק מוצרי מזון [,,פסטה פארפלה חיטה דור,גרמים,400.00,100 גרם,false,,4.50,0.0113,true,1,20165
7290014534681,false,"פסטה ""לה פסטה"" 400 ג' בורג 400 ג'",תומר ייבוא ושיווק מוצרי מזון [,,פסטה פוסילי 100% חיט,גרמים,400.00,100 גרם,false,,4.50,0.0113,true,1,2357
7290014534698,false,"פסטה ""לה פסטה"" 400 ג' תלתל 400 ג'",תומר ייבוא ושיווק מוצרי מזון [,,פסטה תלתל חיטה דורום,גרמים,400.00,100 גרם,false,,4.50,0.0113,true,1,20089
7290014534704,false,"פסטה ""לה פסטה"" 400 ג' אטריות מרק 400 ג'",תומר ייבוא ושיווק מוצרי מזון [,,אטריות מרק ורמיצ'לי,גרמים,400.00,100 גרם,false,,4.50,0.0113,true,1,20090
7290014603028,false,שלגון סולרו שרבט תות-חלבי,"מיוצר ע""י גלידת שטרא",,סולרו תות יחידתי,יחידה,1.00,יחידה,false,,8.50,8.5000,true,1,11787
7290014603073,false,מאגדת מיני מגנום דאבל גר,שטראוס,,מיני שלגון וניל בציפ,יחידה,5.00,יחידה,false,,22.90,4.5800,true,1,11788
7290014603813,false,שטראוס קרמסימו מסטיגם 1.33 ליטר,גלידות שטראוס בעמ,,גלידה חלבית בטעמי מס,יחידה,0.00,יחידה,false,,18.90,0.0000,true,1,11791
7290014648845,false,ספוג רחצה חום LA BEL,,,ספוג רחצה חום LA BEL,יחידה,1.00,יחידה,false,,13.90,13.9000,true,1,5897
7290014673052,false,תערובת תיבול לתפוחי אדמה מימון 120 גרם,א.ל. ייצור ושיווק תבלינים בע`מ,,תערובת תיבול לתפוחי,גרמים,120.00,100 גרם,false,,11.90,0.0992,true,1,18284
7290014673137,false,תערובת תיבול לפיצה מימון 100 גרם,א.ל.יצור ושיווקתבלינים בעמ,,תערובת תיבול לפיצה 1,גרמים,100.00,100 גרם,false,,11.90,0.1190,true,1,18286
7290014673434,false,פלפל שחור גרוס דק שקית תבליני מימון 80גרם,א.ל.ייצור ושיווק תבלינים בעמ,,פלפל שחור גרוס דק בש,גרמים,80.00,100 גרם,false,,8.90,0.1113,true,1,8792
7290014692299,false,גבינת ברי EURO CHEESE ויליפוד 125 גרם,ג.וילי-פוד אינטרנשיונל **גבינו,,גבינת ברי עם עובש לב,גרמים,125.00,100 גרם,false,,19.90,0.1592,true,1,2849
7290014692305,false,גבינת קממבר EURO CHEESE ויליפוד 125 גרם,ג.וילי-פוד אינטרנשיונל **גבינו,,גבינת קממבר בשלה עם,גרמים,125.00,100 גרם,false,,19.90,0.1592,true,1,2850
7290014692541,false,פתיתים מגורדת וילי פוד (500 גרם)GOLDEN,ג.וילי-פוד אינטרנשיונל **גבינו,,אמה מגורדת 500 גרם E,גרמים,500.00,100 גרם,false,,22.90,0.0458,true,1,2853
7290014692565,false,גרעיני תירס מתוק וילי פוד (320 גרם),ג.וילי-פוד אינטרנשיונל בעמ,,גרעיני תירס מתוק ויל,גרמים,320.00,100 גרם,false,,5.90,0.0184,true,1,2854
7290014692749,false,"שמן זית כתית מעולה ויליפוד 750 מ""ל",ג. וילי-פוד אינטרנשיונל בע`מ,,שמן זית כתית מעולה ו,גרמים,750.00,100 גרם,false,,32.90,0.0439,true,1,20635
7290014692817,false,גבינת מוצרלה מגורדתEURO CHEESE ויליפוד 200 גרם,ג.וילי-פוד אינטרנשיונל **גבינו,,מוצרלה מגורדת חצי קש,גרמים,200.00,100 גרם,false,,14.80,0.0740,true,1,2856
7290014704077,false,אבקה למשקה בטעם שוקו,,,אבקה למשקה בטעם שוקו,גרמים,250.00,100 גרם,false,,5.00,0.0200,true,1,2756
7290014704084,false,קפה טורקי קלוי וטחון,,,קפה טורקי קלוי וטחון,גרמים,100.00,100 גרם,false,,5.50,0.0550,true,1,2757
7290014704121,false,קקאו בשקית רמי לוי 150 גרם,רמי לוי,,"אבקת קקאו בשקית בד""ץ",גרמים,150.00,100 גרם,false,,5.20,0.0347,true,1,2759
7290014749764,false,עוף טוב שניצל עוף ביתי עדין כזה 700 גרם,קבוצת אוסם סחר שותפות מוגבלת,,שניצל עוף ביתי עדין,גרמים,700.00,100 גרם,false,,44.90,0.0641,true,1,1570
7290014749887,false,שניצל דק ענק קריספי קלאסי עוף טוב 720 גרם,קבוצת אוסם סחר שותפות מוגבלת,,שניצל דק ענק קריספי,גרמים,720.00,100 גרם,false,,34.90,0.0485,true,1,1576
7290014758117,false,מאגדת יוגורט ביו 1.5% שומן 8 יח' *150 ג' תנובה,מיוצר עי קונדיטוריית,,יוגורט ביו 1.5% תנוב,יחידה,8.00,יחידה,false,,16.90,2.1125,true,1,5350
7290014758162,false,חלב עיזים מלא 3.6% שומן תנובה (1 ליטר),תנובה מרכז שיתופי לש,,חלב עיזים מלא 3.6% ת,מיליליטרים,1000.00,"100 מ""ל",false,,14.90,0.0149,true,1,5351
7290014758681,false,גבינת קוטג`1% בגביע תנובה (250 גרם),מיוצר עי קונדיטוריית,,קוטג 1% תנובה 250 גר,גרמים,250.00,100 גרם,false,,5.70,0.0228,true,1,5354
7290014759084,false,גבינת שמנת נפוליאון 16% מופחת שומן תנובה 225 גרם,תנובה מרכז שיתופי לש,,נפוליאון גבינת שמנת,גרמים,225.00,100 גרם,false,,13.90,0.0618,true,1,5355
7290014759534,false,גבינה בולגרית למריחה טבעי 5% 200 ג' פיראוס,"תנובה, מחלבת תל יוסף",,גבינה בולגרית למריחה,גרמים,200.00,100 גרם,false,,13.90,0.0695,true,1,5356
7290014759909,false,פטה עיזים 5% 250 גר`גביע פיראוס תנובה,"תנובה, מחלבת טנא נוג",,פטה עיזים 5% פיראוס,גרמים,250.00,100 גרם,false,,27.90,0.1116,true,1,5357
7290014759978,false,קצ`קאבל פלח גלעד 200 גר`קולקשיין תנובה,תנובה בעמ ***,,קצקבל גלעד 27% פלח 2,גרמים,200.00,100 גרם,false,,25.90,0.1295,true,1,5358
7290014759985,false,פרמזן פלח גבע 23% 200 גר`קולקשיין תנובה,תנובה - חלב,,פלח פרמזן גבע 23% 20,גרמים,200.00,100 גרם,false,,23.90,0.1195,true,1,5359
7290014759992,false,פלח רוקפור גליל 26% 140 גר`קולקשיין תנו,"תנובה, מחלבת תל יוסף",,פלח רוקפור גליל 27%,גרמים,140.00,100 גרם,false,,18.90,0.1350,true,1,5360
7290014760134,false,"מעדן סויה בטעם וניל תנובה 125 מ""ל",תנובה Alternative,,מאגדת מעדן סויה וניל,גרמים,250.00,100 גרם,false,,4.20,0.0168,true,1,5364
7290014760141,false,משקה שקדים טרי תנובה (1 ליטר),"תנובה בע""מ ***",,משקה שקדים טרי 1 ליט,מיליליטרים,1000.00,"100 מ""ל",false,,12.90,0.0129,true,1,5365
7290014761056,false,מעדן שוקולד חלב יולו תנובה 123 גרם,מיוצר עי קונדיטוריית,,מעדן חלב עם שוקולד ח,גרמים,123.00,100 גרם,false,,4.70,0.0382,true,1,5366
7290014761063,false,מעדן שוקולד מריר יולו תנובה 123 גרם,מיוצר עי קונדיטוריית,,מעדן חלב עם שוקולד מ,גרמים,123.00,100 גרם,false,,4.70,0.0382,true,1,5367
7290014761070,false,מעדן שוקולד לבן יולו תנובה 123 גרם,מיוצר עי קונדיטוריית,,מעדן חלב עם שוקולד ל,גרמים,123.00,100 גרם,false,,4.70,0.0382,true,1,5368
7290014761193,false,יוגורט עם פירות יער 1.5% שומן 125 ג' פרילי,תנובה מרכז שיתופי לש,,פרילי פירות יער 1.5%,מיליליטרים,125.00,"100 מ""ל",false,,3.50,0.0280,true,1,21048
7290014761407,false,מעדן חלב עם שוקולד ח,,,מעדן חלב עם שוקולד ח,גרמים,0.00,100 גרם,false,,4.20,0.0000,true,1,5371
7290014761612,false,מעדן שכבות שוקולד מריר ולבן יולו 122 גרם,מיוצר עי קונדיטוריית,,מעדן שכבות שוקולד לב,גרמים,123.00,100 גרם,false,,4.70,0.0382,true,1,5373
7290014762756,false,גבינת שמנת נפוליאון 16% עם בצל תנובה 225 גרם,תנובה - חלב,,נפוליאון גבינת שמנת,גרמים,225.00,100 גרם,false,,13.90,0.0618,true,1,5375
7290014762800,false,מעדן סויה שוקולד גביע 125 גרם אלטרנטיב,תנובה מרכז שיתופי לש,,מעדן סויה שוקולד גבי,גרמים,125.00,100 גרם,false,,4.20,0.0336,true,1,5379
7290014762909,false,פתיתי מוצרלה השף הלבן 10% תוספת מתנה,"תנובה, מחלבת תל יוסף",,מוצרלה פתיתים 20% שו,גרמים,200.00,100 גרם,false,,15.90,0.0795,true,1,5381
7290014763272,false,יוגורט סויה BIO לשתיה תות ובננה אלטרנטיב,תות תעשיות מזון (201,,יוגורט סויה לשתיה תו,מיליליטרים,250.00,"100 מ""ל",false,,5.80,0.0232,true,1,5382
7290014763623,false,יולו שוק.חלב+אייריש123גר,תנובה,,מעדן שוקולד חלב בנגי,גרמים,123.00,100 גרם,false,,4.20,0.0341,true,1,5386
7290014791091,false,"שוופס מוגז פירות לימונייד 500 מ""ל",יפאורה - שותפות מוגבלת לשיווק,,שוופס מ. פירות למוני,מיליליטרים,500.00,"100 מ""ל",false,,5.50,0.0110,true,1,2240
7290014791336,false,מי מינרלים בודד ליטר,יפאורה שותפות מוגבלת לשיווק,,מים מינרלים מי עדן פ,מיליליטרים,500.00,"100 מ""ל",false,,3.90,0.0078,true,1,2241
7290014791725,false,"שוופס מוגז פירות תפוחים 500 מ""ל",יפאורה - שותפות מוגבלת לשיווק,,שוופס מוגז תפוחים 50,מיליליטרים,500.00,"100 מ""ל",false,,5.50,0.0110,true,1,23056
7290014803565,false,צנימים עגולים עם חיטה מלאה 300 גרם,נאמן לאורך זמן בעמ,,צנימים עגולים עם קמח,גרמים,300.00,100 גרם,false,,13.90,0.0463,true,1,22722
7290014803961,false,ספוג מסאג`+ חוט צבעוני,נאמן לאורך זמן בעמ,,ספוג מסאג' +חוט -צבע,יחידה,1.00,יחידה,false,,7.90,7.9000,true,1,22726
7290014821064,false,כבל סנכרון אלומניום גלקסי 2 מטר,ארטוס,,כבל 2 מטר מיקרו USB,יחידה,1.00,יחידה,false,,29.90,29.9000,true,1,19911
7290014821347,false,אוזניות מיקרופות איכ,ארטוס,,אוזניות PURE-METAL,יחידה,1.00,יחידה,false,,49.90,49.9000,true,1,19913
7290014821569,false,כבל סנכרון אלומניום אייפון 6 2 מטר,ארטוס,,כבל 2 מטר אייפון,יחידה,1.00,יחידה,false,,29.90,29.9000,true,1,19914
7290014860155,false,"מחצלת במבו שטוחה 24*24 ס""מ",מזרח ומערב יבוא ושיווק,,מחצלת במבו שטוחה 24X,יחידה,1.00,יחידה,false,,7.90,7.9000,true,1,5999
7290014890145,false,גבינת שמנת טבעי 225 גרם יעקובס,גבינות משק יעקבס,,גבינת שמנת טבעית 225,גרמים,225.00,100 גרם,false,,10.90,0.0484,true,1,11137
7290014890152,false,גבינת שמנת זיתים 225 גרם יעקובס,גבינות משק יעקבס,,גבינת שמנת זיתים 225,גרמים,225.00,100 גרם,false,,10.90,0.0484,true,1,11138
7290014890169,false,גבינת שמנת שום שמיר 225 גרם יעקובס,גבינות משק יעקבס,,שמנת שום שמיר 225 גר,גרמים,225.00,100 גרם,false,,10.90,0.0484,true,1,11139
7290014890176,false,ריקוטה סגנון איטלק5% 250,מחלבת משק יעקובס,,ריקוטה 250 גרם,גרמים,250.00,100 גרם,false,,10.90,0.0436,true,1,11140
7290014890206,false,קרם פרש 250גרם יעקוב,גבינות משק יעקבס,,קרם פרש 250 גרם,גרמים,250.00,100 גרם,false,,14.90,0.0596,true,1,11141
7290014890237,false,גבינת קממברט יעקבס 125 גרם,גבינות משק יעקבס,,גבינת קממבר בייבי 12,גרמים,125.00,100 גרם,false,,14.70,0.1176,true,1,11143
7290014910515,false,שימורי דגים שפרוטים מעושנים בשמן צמחי 250 גרם,יורוסטנדרט בעמ,,שפרוטים מעושנים ריגה,גרמים,440.00,100 גרם,false,,11.90,0.0270,true,1,11004
7290014918009,false,דלי שטיפה+פיה,פלנרו,,דלי איכותי,יחידה,1.00,יחידה,false,,17.90,17.9000,true,1,12779
7290014940901,false,לחם פשוט מלא לילדים פרוס אנג`ל (750 גרם),מאפיית שלמה א. אנג'\ל בע,,לחם פשוט מלא 750 גרם,גרמים,750.00,100 גרם,false,,13.90,0.0185,true,1,1138
7290015014182,false,לבבות קיסר בנספק רמי לוי,ביכורי השדה צפון 1994 ג.ד. בעמ,,לבבות קיסר בשקית רמי,יחידה,1.00,יחידה,false,,9.90,9.9000,true,1,14891
7290015014274,false,צנונית ארוזה שמיטה,ביכורי השדה צפון 1994 ג.ד. בעמ,,צנוניות רמי לוי 500,גרמים,500.00,100 גרם,false,,5.90,0.0118,true,1,14893
7290015014427,false,אורגנו רמי לוי,ביכורי השדה צפון 1994 ג.ד. בעמ,,אורגנו,יחידה,1.00,יחידה,false,,5.90,5.9000,true,1,14894
7290015014458,false,מרווה רמי לוי,ביכורי השדה צפון 1994 ג.ד. בעמ,,מרווה,יחידה,1.00,יחידה,false,,5.90,5.9000,true,1,14895
7290015014465,false,רוזמרין (בוסתן),ביכורי השדה צפון 1994 ג.ד. בעמ,,רוזמרין,יחידה,1.00,יחידה,false,,5.90,5.9000,true,1,14896
7290015014472,false,קורנית(בוסתן),ביכורי השדה צפון 1994 ג.ד. בעמ,,טימין תקומה,יחידה,1.00,יחידה,false,,5.90,5.9000,true,1,14897
7290015039246,false,נתחי טונה בשמן צמחי רביעיה * 160 ג' וילי פוד,ג.וילי פוד אינטרנשיונל בעמ,,נתחי טונה בהירה בשמן,גרמים,640.00,100 גרם,false,,21.90,0.0342,true,1,2857
7290015039338,false,נתחי טונה במי מלח רביעיה * 160 ג' וילי פוד,ג.וילי-פוד אינטרנשיונל בעמ,,נתחי טונה במי מלח וי,גרמים,640.00,100 גרם,false,,21.90,0.0342,true,1,2859
7290015129121,false,אטריות גל קונג`אק נודלס ללא גלוטן סקיני,הוויזאי וואנגייה פוד,,סקיני פסטה נודלס 270,גרמים,270.00,100 גרם,false,,10.90,0.0404,true,1,14533
7290015129220,false,איטריות גל קונג`אק בצורת קוסקוס סקיני פס,אף.סי תבליני בגליל ב,,סקיני פסטה קוסקוס 27,גרמים,270.00,100 גרם,false,,10.90,0.0404,true,1,14535
7290015129749,false,סקיני פסטה שיבולת שועל נודלס 270 גרם,הוויזאי וואנגייה,,סקיני פסטה שיבולת שו,גרמים,270.00,100 גרם,false,,10.90,0.0404,true,1,14537
7290015129763,false,סקיני פסטה שיבולת שועל פתיתים 270 גרם,הוויזאי וואנגייה,,סקיני פסטה שיבולת שו,גרמים,270.00,100 גרם,false,,10.90,0.0404,true,1,14539
7290015139465,false,כרמית מיקסים בייגלה מצופה שוקולד חלב,כרמית תעשיות ממתקים בעמ,,אגו מיקס בייגלה מצופ,גרמים,55.00,100 גרם,false,,3.90,0.0709,true,1,2393
7290015139519,false,אגו מיקס קוביות וופל 55 גר',כרמית תעשיות ממתקים בעמ,,אגו מיקס קוביות וופל,גרמים,55.00,100 גרם,false,,3.90,0.0709,true,1,2394
7290015150088,false,מחית עגבניות קלה גרנד איטליה 700 גרם,תה ויסוצקי (ישראל) בעמ,,מחית עגבניות קלה גרא,גרמים,700.00,100 גרם,false,,12.30,0.0176,true,1,1050
7290015150118,false,שלישיית עגבניות חתוכות דק גרנד איטליה 400 גרם,תה ויסוצקי (ישראל) בעמ,,עגבניות חתוכות דק 3*,גרמים,1200.00,100 גרם,false,,16.80,0.0140,true,1,1051
7290015150200,false,עגבניות חתוכות דק גרנד איטליה ויסוצקי,תה ויסוצקי (ישראל)בעמ,,עגבניות חתוכות דק 40,גרמים,400.00,100 גרם,false,,7.90,0.0198,true,1,22055
7290015164856,false,רוטב קארי אדומה 400 גרם SUREE כשר,מזרח ומערב יבוא ושיווק,,מחית קארי אדומה 400,גרמים,400.00,100 גרם,false,,19.90,0.0497,true,1,6002
7290015178174,false,ממרח אוליביה - פסטו בטעם פרמז'ן 180 גרם,יוניליוור גרמניה Gm,,פסטו בטעם פרמז'ן אול,גרמים,180.00,100 גרם,false,,11.90,0.0661,true,1,5391
7290015193559,false,מעדני המלך אובלטים מלוחים 300 גרם,אם החיטה,,אובלטים מלוחים מעדני,גרמים,300.00,100 גרם,false,,9.90,0.0330,true,1,18275
7290015193566,false,מעדני המלך אובלטים שומשום 300 גרם,אם החיטה,,אובלטים שומשום מעדני,גרמים,300.00,100 גרם,false,,9.90,0.0330,true,1,18276
7290015193573,false,"ווק אטריות אורז עובי 2 מ""מ 400 גרם",אסיאן סופירה פודס חב,,ווק אטריות אורז עובי,גרמים,400.00,100 גרם,false,,9.90,0.0248,true,1,8012
7290015193634,false,אובלטים דקיקים קימל מעדני המלך 300 גר',אם החיטה,,אובלטים קימל מעדני מ,גרמים,300.00,100 גרם,false,,9.90,0.0330,true,1,18277
7290015193832,false,קרקר עם שומשום ארומה 300 גרם,רזיט שיווק בעמ,,ארומה קרקר שומשום 30,גרמים,300.00,100 גרם,false,,7.50,0.0250,true,1,8017
7290015223898,false,"אסותא ג'ל אלכוהול 500 מ""ל",,,אסותא ג'ל אלכוהול 50,גרמים,500.00,100 גרם,false,,14.90,0.0298,true,1,12262
7290015282000,false,איקרא אדומה SEVEN SEAS 200 גרם,שבעת הימים - שמיר,,איקרה אדומה 200 גרם,גרמים,200.00,100 גרם,false,,13.90,0.0695,true,1,18983
7290015282024,false,איקרא לבנה SEVEN SEAS 200 גרם,"סלטי שמיר 2006 בע""מ",,איקרה לבנה 200 גרם,גרמים,200.00,100 גרם,false,,13.90,0.0695,true,1,18985
7290015282581,false,חומוס אבו גוש עם חריף שמיר 200 גרם,"סלטי שמיר 2006 בע""מ",,חומוס אבו גוש עם חרי,גרמים,200.00,100 גרם,false,,10.90,0.0545,true,1,18986
7290015282598,false,חומוס מסעדות גורמה שמיר 200 גרם,"סלטי שמיר 2006 בע""מ",,חומוס מסעדות 200 גרם,גרמים,200.00,100 גרם,false,,10.90,0.0545,true,1,18987
7290015282628,false,חציל בטעם כבד גורמה שמיר 200 גרם,"סלטי שמיר 2006 בע""מ",,חציל בטעם כבד 200 גר,גרמים,200.00,100 גרם,false,,11.90,0.0595,true,1,18989
7290015282673,false,חציל במיונז ביתי גורמה שמיר 200 גרם,"סלטי שמיר 2006 בע""מ",,חציל במיונז ביתי 200,גרמים,200.00,100 גרם,false,,10.90,0.0545,true,1,18990
7290015282697,false,כרוב אדום שמיר גורמה 200גר,"סלטי שמיר 2006 בע""מ",,כרוב אדום 200 גרם,גרמים,200.00,100 גרם,false,,11.90,0.0595,true,1,18991
7290015282741,false,חציל תאילנדי אסלי שמיר 200 ג',"סלטי שמיר 2006 בע""מ",,חציל תאילנדי 200 גרם,גרמים,200.00,100 גרם,false,,11.90,0.0595,true,1,18992
7290015320054,false,עוגיות בטעם חמאה יעד 340 גרם,יעד ממתקים בעמ,,עוגיות בטעם חמאה 340,גרמים,340.00,100 גרם,false,,12.90,0.0379,true,1,19711
7290015320481,false,שוקולד מריר 60% קקאו שגוטן 100 גרם,יעד ממתקים בעמ,,שוקולד מריר 60% 100,גרמים,100.00,100 גרם,false,,4.90,0.0490,true,1,19712
7290015339933,false,טעמן ריבת חלב 340 גרם,טעמן שיווק מזון בעמ,,ריבת חלב טעמן 340 גר,גרמים,340.00,100 גרם,false,,15.90,0.0468,true,1,2741
7290015348089,false,"למברוסקו אדום ביאנקו 750 מ""ל ""אמיליאנו""",טמפו משקאות בעמ,,יין לבן מבעבע חצי יב,יחידה,0.00,יחידה,false,,27.90,0.0000,true,1,4917
7290015348096,false,"למברוסקו רוזה 750 מ""ל ""אמיליאנו""",טמפו משקאות בעמ,,למברוסקו אמיליאנו רו,מיליליטרים,750.00,"100 מ""ל",false,,25.90,0.0345,true,1,4918
7290015366663,false,"משחת שיניים מנטה עדין אקווה פרש 100 מ""ל",גלקסוסמיתקליין,,משחת שיניים א.פרש עד,מיליליטרים,100.00,"100 מ""ל",false,,7.90,0.0790,true,1,22090
7290015366670,false,משחת שיניים בטעם מנטה אקוהפרש (100 מל),גלקסוסמיתקליין,,משחת שיניים בטעם מנט,גרמים,100.00,100 גרם,false,,7.50,0.0750,true,1,3211
7290015395960,false,בוטן רביולי בציפוי בטעם מלוח מתוק 200 ג' ENJOY,דין שיווק וקליה 2021 בעמ,,בוטן רביולי 150 גרם-,גרמים,150.00,100 גרם,false,,15.90,0.1060,true,1,12131
7290015437646,false,לה פסטה מיחת עגבניות 680 גרם,רגיה,,לה פסטה מחית עגבניות,מיליליטרים,690.00,"100 מ""ל",false,,9.90,0.0143,true,1,20009
7290015530798,false,צמד לחמניות המבורגר,,,צמד לחמניות המבורגר,גרמים,120.00,100 גרם,false,,5.00,0.0417,true,1,14727
7290015530835,false,רביעיית לחמניות אצבע,,,רביעיית לחמניות אצבע,גרמים,300.00,100 גרם,false,,5.00,0.0167,true,1,14730
7290015530910,false,חלה חצי מתוקה 350 גר,,,חלה חצי מתוקה 350 גר,גרמים,350.00,100 גרם,false,,5.90,0.0169,true,1,14733
7290015597210,false,מאגדת טילון קורנטו פרווה טבעוני-וויגן פרנדלי,"גלידת שטראוס בע""\מ, רחוב",,מאגדת קורנטו וניל פר,יחידה,6.00,יחידה,false,,33.90,5.6500,true,1,11792
7290015597937,false,קורנטו קלאסיק וניל עם צימוקים,"מיוצר ע""\י גלידת שטראוס",,קורנטו קלאסיק וניל,יחידה,1.00,יחידה,false,,6.90,6.9000,true,1,11796
7290015603188,false,אטריות ביצים 454ג' (כ) (fu),פוגיאן לונגהי אנלידה אינ,,איטריות ביצים 454 גר,גרמים,454.00,100 גרם,false,,10.90,0.0240,true,1,6003
7290015603195,false,איטריות בתוספת תרד 454 גרם,פוגיאן לונגהי אנלידה אינ,,אטריות תרד 454 גרם,גרמים,454.00,100 גרם,false,,10.90,0.0240,true,1,6004
7290015603232,false,איטריות בתוספת דלעת 454 גרם,מזרח ומערב יבוא ושיווק,,איטריות עם דלעת 454,גרמים,454.00,100 גרם,false,,10.90,0.0240,true,1,6008
7290015603522,false,"נוזל אגוזי קוקוס 5%-7% 400 מ""ל",מזרח ומערב יבוא ושיווק,,נוזל אגוזי קוקוס 5-7,מיליליטרים,400.00,"100 מ""ל",false,,6.90,0.0173,true,1,6009
7290015603560,false,"שימורי קרם קוקוס 20-22% 400 מ""ל (ASIATIC)(כ)",אסיאטיק אגרו אינדוסטרי,,קרם קוקוס 20% - 22%,מיליליטרים,400.00,"100 מ""ל",false,,9.90,0.0248,true,1,6010
7290015603584,false,ג'ינגר לבן כבוש ללא מונוסודיום 160 גרם (כ),מזרח ומערב יבוא ושיווק,,ג'ינגר לבן כבוש ללא,גרמים,160.00,100 גרם,false,,7.90,0.0494,true,1,6011
7290015603591,false,גינגר ורוד כבוש ללא מונוסודיום 160 גרם,מזרח ומערב יבוא ושיווק,,ג'ינג'ר ורוד כבוש לל,גרמים,160.00,100 גרם,false,,7.90,0.0494,true,1,6012
7290015644297,false,שישיית לחמניות פשוט מלא אנג'ל 450 גרם,מאפיית שלמה א. אנג'\ל בע,,לחמניות פשוט מלא אנג,יחידה,6.00,יחידה,false,,11.10,1.8500,true,1,1139
7290015652070,false,קשוי קלוי בשקית ששון הקולה 150 גרם,דין שיווק וקליה 2021 בעמ,,קשיו קלוי 150 גרם שק,גרמים,150.00,100 גרם,false,,12.90,0.0860,true,1,12132
7290015652087,false,תערובת פיצוחים בשקית ששון הקולה 150 גרם,דין שיווק וקליה 2021 בעמ,,תערובת פיצוחים 150 ג,גרמים,150.00,100 גרם,false,,12.90,0.0860,true,1,12133
7290015673587,false,קריספי טופו -נגיסי טופו אסייתי טבע דלי 350 גרם,טבע דלי,,קריספי טופו אסייתי 3,גרמים,350.00,100 גרם,false,,25.90,0.0740,true,1,22614
7290015673594,false,קריספי טופו ברוטב בטנים אמריקאי טבע דלי 350 גרם,טבע דלי,,קריספי טופו בוטנים ק,גרמים,350.00,100 גרם,false,,25.90,0.0740,true,1,22615
7290015681117,false,חטיפי עוף רמי לוי 60,רמי לוי,,חטיפי עוף רמי לוי 60,גרמים,600.00,100 גרם,false,,24.90,0.0415,true,1,8629
7290015681131,false,שניצלוני גן חיות רמי לוי 600 גרם,רמי לוי,,שניצלוני גן חיות רמי,גרמים,600.00,100 גרם,false,,24.90,0.0415,true,1,8630
7290015681148,false,נגיסי תירס רמי לוי 750 גרם,רמי לוי,,נגיסי תירס רמי לוי 7,גרמים,750.00,100 גרם,false,,19.90,0.0265,true,1,8631
7290015681155,false,כוכבי תירס רמי לוי 600 גרם,רמי לוי,,כוכבי תירס רמי לוי 6,גרמים,600.00,100 גרם,false,,19.90,0.0332,true,1,8632
7290015681162,false,שניצל תירס רמי לוי 750 גרם,רמי לוי,,שניצל תירס רמי לוי 7,גרמים,750.00,100 גרם,false,,19.90,0.0265,true,1,8633
7290015681186,false,שניצל עוף אמיתי עם שומשום רמי לוי 700 גרם,רמי לוי,,שניצל עוף אמיתי בציפ,גרמים,700.00,100 גרם,false,,27.90,0.0399,true,1,8635
7290015681209,false,רצועות הודו רמי לוי 650 גרם,רמי לוי,,רצועות הודו צ'ונגו ב,גרמים,650.00,100 גרם,false,,29.90,0.0460,true,1,8636
7290015681773,false,קינואה רמי לוי 400 גרם,דין שיווק,,קינואה 400 גרם - רמי,גרמים,400.00,100 גרם,false,,10.90,0.0273,true,1,12200
7290015821179,false,כוסות נייר שתיה חמה,,,כוסות נייר שתיה חמה,יחידה,50.00,יחידה,false,,11.90,0.2380,true,1,19766
7290015834100,false,"ג'ין לוקסרדו דובדבנים חמוצים- איטליה 700 מ""ל",רמי לוי,,דובדבנים חמוצים רמי,גרמים,700.00,100 גרם,false,,9.90,0.0141,true,1,22980
7290015834209,false,"ציפס קלאסי רמי לוי 2 ק""ג",קפוא-זן,,רמי לוי צ'יפס קלאסי,גרמים,2000.00,100 גרם,false,,23.90,0.0119,true,1,8641
7290015834339,false,דבש בצנצנת רמי לוי 350 גרם,דבש עמק חפר,,דבש בצנצנת רמי לוי 3,גרמים,350.00,100 גרם,false,,16.70,0.0477,true,1,11150
7290015834445,false,"ציפס סטיק רמי לוי 2 ק""ג",קפוא-זן,,רמי לוי סטיק צ'יפס 2,גרמים,2000.00,100 גרם,false,,23.90,0.0119,true,1,8643
7290015834469,false,פרוסות דקל רמי לוי 220 גרם,טעמן,,לבבות דקל פרוסות במי,גרמים,400.00,100 גרם,false,,7.90,0.0198,true,1,11151
7290015834483,false,דבש לחיץ רמי לוי 250 גרם,רמי לוי,,דבש טהור מפרחי בר לח,גרמים,250.00,100 גרם,false,,12.90,0.0516,true,1,11152
7290015835039,false,כריות יפניות עבות רמי לוי 6 יח,רמי לוי,,כריות יפניות עבות רמ,יחידה,6.00,יחידה,false,,8.90,1.4833,true,1,12295
7290015835060,false,כריות קרצוף רמי לוי 10 יח,רמי לוי,,כריות קרצוף 10 יחידו,יחידה,10.00,יחידה,false,,5.90,0.5900,true,1,12296
7290015835077,false,ברזלית צילינדר רמי לוי 4 יח רמי לוי,פלסטו פוליש,,ברזלית 4 יח במארז,יחידה,4.00,יחידה,false,,7.90,1.9750,true,1,9726
7290015835114,false,צמר פלדה רמי לוי 100 גרם,רמי לוי,,צמר פלדה 100 גרם,גרמים,100.00,100 גרם,false,,4.50,0.0450,true,1,12298
7290015835121,false,מטליות רמי לוי 9 יח,רמי לוי,,מטליות רמי לוי 9 יח,יחידה,9.00,יחידה,false,,8.90,0.9889,true,1,12299
7290015835411,false,גרנולה אגוזים רמי לוי 400 גרם,רמי לוי,,גרנולה עם צימוקים וא,גרמים,400.00,100 גרם,false,,10.90,0.0273,true,1,12204
7290015835640,false,וופל טעם שוקולד רמי לוי 300 גרם,מנעמים,,וופלים בטעם שוקולד ר,גרמים,300.00,100 גרם,false,,4.10,0.0137,true,1,11156
7290015835756,false,שיבולת שועל דק רמי לוי 500 גרם,רמי לוי,,שיבולת שועל דקה 500,גרמים,500.00,100 גרם,false,,4.90,0.0098,true,1,12206
7290015835763,false,שיבולת שועל עבה רמי לוי 500 גרם,רמי לוי,,שיבולת שועל עבה 500,גרמים,500.00,100 גרם,false,,4.90,0.0098,true,1,12207
7290015835954,false,מפיות נייר רמי לוי 100 יח,רמי לוי,,מפיות רמי לוי 100 יח,יחידה,100.00,יחידה,false,,5.50,0.0550,true,1,14616
7290015835978,false,ממחטות מארז חמישייה רמי לוי,רמי לוי,,ממחטות טישו רמי לוי,יחידה,5.00,יחידה,false,,13.90,2.7800,true,1,14617
7290015848916,false,תחליב הגנה אולטרסול,פישר מעבדות פרמצבטיות בע,,תחליב הגנה מהשמש אס,מיליליטרים,125.00,"100 מ""ל",false,,29.90,0.2392,true,1,12053
7290015856713,false,סנקסו חטיף אפונה אפוי עם אריסה 50 גרם,אפיפית נצרת (1971) ב,,סנקסו – חטיף אפונה א,גרמים,50.00,100 גרם,false,,4.90,0.0980,true,1,14540
7290015858106,false,"ממרח פסטו ביתי 180 גרם ""עללחם""",שטראוס גרופ בעמ/מצונן,,ממרח פסטו ביתי עללחם,גרמים,180.00,100 גרם,false,,15.90,0.0883,true,1,136
7290015858113,false,"ממרח עגבניות מיובשות 180 גרם ""טריטרי""",שטראוס גרופ בעמ/מצונן,,ממרח עגבניות מיובשות,גרמים,180.00,100 גרם,false,,15.90,0.0883,true,1,137
7290015858229,false,"טפנד זיתי קלמטה 180 גרם ""עללחם""","מדשא תעשיות מזון בע""\מ",,טפנד זיתי קלמטה עללח,גרמים,180.00,100 גרם,false,,15.90,0.0883,true,1,141
7290015858243,false,ממרח צימיצורי עללחם 180 גרם,שטראוס גרופ בעמ/מצונן,,צ'ימיצ'ורי עללחם 180,גרמים,180.00,100 גרם,false,,15.90,0.0883,true,1,142
7290015858328,false,עללחם ממרח איולי פסטו 295 גרם,"מדשא תעשיות מזון בע""\מ",,איולי פסטו עללחם 295,גרמים,295.00,100 גרם,false,,15.90,0.0539,true,1,23180
7290015858441,false,עללחם ממרח איולי פלפלים 295 גרם,"מדשא תעשיות מזון בע""\מ",,איולי פלפלים עללחם 2,גרמים,295.00,100 גרם,false,,15.90,0.0539,true,1,23181
7290015858687,false,עללחם ממרח איולי שום 295 גרם,"מדשא תעשיות מזון בע""\מ",,איולי שום עללחם 295,גרמים,295.00,100 גרם,false,,15.90,0.0539,true,1,23182
7290015858694,false,עללחם ממרח איולי שום לימון 295 גרם,"מדשא תעשיות מזון בע""\מ",,איולי שום לימון עללח,גרמים,295.00,100 גרם,false,,15.90,0.0539,true,1,23183
7290015866132,false,כרובית,,,כרובית,יחידה,1.00,יחידה,false,,9.90,9.9000,true,1,883
7290015899215,false,אקונומיקה ללא בישום רמי לוי 4 ליטר,רמי לוי,,אקונומיקה ללא בישום,מיליליטרים,4000.00,"100 מ""ל",false,,11.90,0.0030,true,1,2517
7290015899239,false,אקונומיקה מבושמת רמי לוי 4 ליטר,רמי לוי,,אקונומיקה מבושמת רמי,מיליליטרים,4000.00,"100 מ""ל",false,,11.90,0.0030,true,1,2519
7290015899246,false,מרכך צהוב רמי לוי 4 ליטר,רמי לוי,,מרכך כביסה צהוב 4 לי,מיליליטרים,4000.00,"100 מ""ל",false,,16.90,0.0042,true,1,2520
7290015899253,false,מרכך כביסה ורוד רמי לוי 4 ליטר,רמי לוי,,מרכך כביסה ורוד 4 לי,מיליליטרים,4000.00,"100 מ""ל",false,,16.90,0.0042,true,1,2521
7290015899260,false,מרכך כביסה לבן רמי לוי 4 ליטר,רמי לוי,,מרכך כביסה לבן 4 ליט,מיליליטרים,4000.00,"100 מ""ל",false,,16.90,0.0042,true,1,2522
7290015899277,false,מרכך כביסה כחול רמי לוי 4 ליטר,רמי לוי,,מרכך כביסה כחול 4 לי,מיליליטרים,4000.00,"100 מ""ל",false,,16.90,0.0042,true,1,2523
7290015899307,false,מרכך מרוכז ורוד רמי לוי 1 ליטר,רמי לוי,,מרכך מרוכז ורוד רמי,מיליליטרים,1000.00,"100 מ""ל",false,,9.90,0.0099,true,1,2524
7290015899314,false,מרכך מרוכז לבן רמי לוי 1 ליטר,רמי לוי,,מרכך מרוכז לבן רמי ל,מיליליטרים,1000.00,"100 מ""ל",false,,9.90,0.0099,true,1,2525
7290015899321,false,מרכך מרוכז כחול רמי לוי 1 ליטר,רמי לוי,,מרכך מרוכז כחול רמי,מיליליטרים,1000.00,"100 מ""ל",false,,9.90,0.0099,true,1,2526
7290016006148,false,"שוופס מוגז עדין ענבים בקבוק 500מ""ל",יפאורה שותפות מובגלת לשיווק,,שוופס מ. פירות ענבים,מיליליטרים,500.00,"100 מ""ל",false,,5.50,0.0110,true,1,2248
7290016006339,false,מים מינרלים מי עדן (1x4 ליטר),יפאורה שותפות מוגבלת לשיווק,,רביעייה מי עדן 1 ליט,מיליליטרים,4000.00,"100 מ""ל",false,,12.10,0.0030,true,1,2249
7290016006346,false,שוופס סודה 0.5 ליטר מארז שישייה,יפאורה שותפות מובגלת לשיווק,,שישיית שוופס סודה 50,מיליליטרים,3000.00,"100 מ""ל",false,,14.20,0.0047,true,1,2251
7290016087147,false,רוטב עגבניות מתובל לפיצה מרגריטה 240 גרם,אבאל יזמות בעמ,,פריניר רוטב פיצה מרג,גרמים,240.00,100 גרם,false,,5.50,0.0229,true,1,8034
7290016087215,false,עגבניות מרוסקות מרוכזות ושום 230 גרם פריניר,פריניר ( הדס 1987) ב,,פריניר עגבניות מרוסק,גרמים,240.00,100 גרם,false,,5.50,0.0229,true,1,8037
7290016087222,false,פריניר רוטב עגבניות מרוכז לשקשוקה 230 גרם,פריניר ( הדס 1987) ב,,פריניר רוטב עגבניות,גרמים,230.00,100 גרם,false,,5.50,0.0239,true,1,8038
7290016129557,false,פוזיטיב קידס חטיף 7,,,פוזיטיב קידס חטיף 7,גרמים,120.00,100 גרם,false,,15.90,0.1325,true,1,2395
7290016144017,false,"קמח מלא נפלאות 100% ללא ניפוי 1 ק""ג",תה ויסוצקי (ישראל)בעמ,,קמח חיטה מלא 100% נפ,גרמים,1000.00,100 גרם,false,,9.90,0.0099,true,1,16688
7290016144024,false,"קמח כוסמין מלא נפלאות 100% 1 ק""ג",תה ויסוצקי (ישראל)בעמ,,קמח כוסמין מלא 100%,גרמים,1000.00,100 גרם,false,,16.90,0.0169,true,1,16689
7290016144031,false,"נפלאות קמח חיטה לבן מנופה 1 ק""ג",תה ויסוצקי (ישראל)בעמ,,קמח חיטה לבן מנופה נ,גרמים,1000.00,100 גרם,false,,7.90,0.0079,true,1,16690
7290016144048,false,"קמח כוסמין לבן 1 ק""ג נפלאות",תה ויסוצקי (ישראל)בעמ,,קמח כוסמין לבן נפלאו,גרמים,1000.00,100 גרם,false,,17.90,0.0179,true,1,16691
7290016144055,false,קמח כוסמין 80% קמח נפלאות 1 קג,תה ויסוצקי (ישראל)בעמ,,קמח כוסמין 80% נפלאו,גרמים,1000.00,100 גרם,false,,16.90,0.0169,true,1,16692
7290016144086,false,נפלאות קמח חלה מנופה 1 ק”ג,תה ויסוצקי (ישראל)בעמ,,"קמח חלה נפלאות 1 ק""ג",קילוגרמים,1.00,"100 ק""ג",false,,9.90,9.9000,true,1,21371
7290016150117,false,סלק אדום מקולף ומבושל500,ביג פוד כחול לבן בעמ*שיק 30 יו,,סלק מבושל בוואקום,גרמים,500.00,100 גרם,false,,5.90,0.0118,true,1,885
7290016162264,false,עוגת גבינה רנסנס קפולסקי (450 גרם),קפולסקי שיווק וקמעונ,,עוגת גבינה רנססנס 45,גרמים,450.00,100 גרם,false,,39.90,0.0887,true,1,15023
7290016233384,false,גפילטע פיש 7 קציצות תומר 555 גרם,דג טעים ירושלים,,גפילטע פיש 555 גרם,יחידה,7.00,יחידה,false,,14.90,2.1286,true,1,2358
7290016233995,false,פילה אנשובי בפח עם שמן זית 45 גר`תומר,תומר יבוא ושיווק מוצרי מזון (1,,אנשובי בפח עם שמן זי,גרמים,45.00,100 גרם,false,,6.90,0.1533,true,1,20092
7290016255324,false,פותח סתימות 1לי רמי לוי,,,פותח סתימות בצנרת ני,מיליליטרים,1000.00,"100 מ""ל",false,,12.90,0.0129,true,1,2528
7290016270273,false,כרובית ארוזה גן הירק,משתנה,,כרובית,יחידה,1.00,יחידה,false,,9.90,9.9000,true,1,886
7290016270709,false,עגבניות שרי אשכולות,ביכורי השדה צפון 1994 ג.ד. בעמ,,עגבניות שרי,יחידה,1.00,יחידה,false,,8.90,8.9000,true,1,887
7290016272796,false,נייר טואלט רמי לוי 30 יח,,,נייר טואלט רמי לוי 3,יחידה,30.00,יחידה,false,,29.90,0.9967,true,1,14618
7290016272802,false,מגבות נייר רמי לוי 6,,,מגבות נייר רמי לוי 6,יחידה,6.00,יחידה,false,,10.90,1.8167,true,1,14619
7290016272819,false,צמר גפן רמי לוי 100,,,צמר גפן רמי לוי 100,גרמים,100.00,100 גרם,false,,5.90,0.0590,true,1,9727
7290016273601,false,דבש לחיץ 500 גר רמי לוי,,,"דבש ""רמי לוי"" לחיץ 5",גרמים,500.00,100 גרם,false,,23.90,0.0478,true,1,11166
7290016302042,false,מארז רביעיית סנדוויץ פרנה,קונסיגנציה ג`נרל מילס ישראל בע,,מארז רביעיית סנדוויץ,יחידה,1.00,יחידה,false,,12.00,12.0000,true,1,17872
7290016302059,false,מארז לחמניות פרנה ביס 10 יח',קונסיגנציה ג`נרל מילס ישראל בע,,מארז עשיריית ביס פרנ,יחידה,1.00,יחידה,false,,12.00,12.0000,true,1,17873
7290016304053,false,חלה שמניה 500 גרם,,,חלה שמניה 500 גרם,גרמים,500.00,100 גרם,false,,5.17,0.0103,true,1,14736
7290016304237,false,חלה רגילה עגולה 500,,,חלה רגילה עגולה 500,גרמים,500.00,100 גרם,false,,5.17,0.0103,true,1,14740
7290016304404,false,לחם קוביות 100% כוסמין 600 גרם,מאפיית דוידוביץ ובניו בע,,לחם קוביות כוסמין 60,גרמים,600.00,100 גרם,false,,16.90,0.0282,true,1,14743
7290016304596,false,לחמניות לסנדביץ 75 גרם,מאפיית דווידוביץ ובנ,,לחמניות רגילות דוידו,גרמים,750.00,100 גרם,false,,13.90,0.0185,true,1,14745
7290016319187,false,טוסו עוגיות סנדוויץ שוקו במילוי קרם שוקולד *זוג* 300 גרם,בטר אנד דיפרנט,,טוסו עוגיות סנדוויץ',גרמים,300.00,100 גרם,false,,17.90,0.0597,true,1,4606
7290016319194,false,טוסו מארז זוג עוגיות סנדוויץ ללא סוכר שוקו וניל 300 ג',דנשר (1963) בעמ,,טוסו עוגיות סנדוויץ',גרמים,300.00,100 גרם,false,,17.90,0.0597,true,1,4607
7290016321661,false,פרש וואנס SENSITIVE מגבונים ללא בישום רביעייה 72 יחידות,עלבד משואות יצחק,,מגבונים לחים ללא ביש,יחידה,4.00,יחידה,false,,15.90,3.9750,true,1,4611
7290016321678,false,מגבונים לחים בניחוח מרענן עם תמציות קמומיל ואלוורה,עלבד משואות יצחק,,מגבונים לחים בניחוח,יחידה,4.00,יחידה,false,,15.90,3.9750,true,1,4612
7290016334036,false,עירית רמי לוי,ביכורי השדה צפון 1994 ג.ד. בעמ,,עירית,יחידה,1.00,יחידה,false,,5.90,5.9000,true,1,14899
7290016334050,false,סלרי חתוך.,ביכורי השדה צפון 1994 ג.ד. בעמ,,סלרי חתוך,יחידה,1.00,יחידה,false,,5.90,5.9000,true,1,14900
7290016334166,false,לוף רגיל ארוז ליח,ביכורי השדה צפון 1994 ג.ד. בעמ,,לוף רגיל ארוז,יחידה,1.00,יחידה,false,,7.90,7.9000,true,1,14902
7290016334173,false,פלפל טינקרבל שמיטה,ביכורי השדה צפון 1994 ג.ד. בעמ,,פלפלונים רמי לוי,יחידה,1.00,יחידה,false,,9.90,9.9000,true,1,14903
7290016334180,false,מלפפון בייבי רמי לוי,ביכורי השדה צפון 1994 ג.ד. בעמ,,מלפפון בייבי רמי לוי,יחידה,1.00,יחידה,false,,9.90,9.9000,true,1,14904
7290016334296,false,ברוקולי ארוז יחידה שמיטה,ביכורי השדה צפון 1994 ג.ד. בעמ,,ברוקולי רמי לוי,יחידה,1.00,יחידה,false,,12.90,12.9000,true,1,14906
7290016334388,false,פלפל צ'ילי רמי לוי,ביכורי השדה צפון 1994 ג.ד. בעמ,,פלפל צ'ילי רמי לוי,יחידה,1.00,יחידה,false,,6.90,6.9000,true,1,14908
7290016334395,false,שיבה רמי לוי,ביכורי השדה צפון 1994 ג.ד. בעמ,,שיבה,יחידה,1.00,יחידה,false,,5.90,5.9000,true,1,14909
7290016334456,false,בזיליקום רמי לוי,ביכורי השדה צפון 1994 ג.ד. בעמ,,בזיליקום,יחידה,1.00,יחידה,false,,5.90,5.9000,true,1,14911
7290016334463,false,ראש סלרי,ביכורי השדה צפון 1994 ג.ד. בעמ,,סלרי ראש,יחידה,1.00,יחידה,false,,5.90,5.9000,true,1,14912
7290016334500,false,לבבות חסה זוגות בשקי,ביכורי השדה צפון 1994 ג.ד. בעמ,,זוג לבבות חסה,יחידה,1.00,יחידה,false,,9.90,9.9000,true,1,14914
7290016334654,false,תרד ניו זילנדי רמי לוי,ביכורי השדה צפון 1994 ג.ד. בעמ,,תרד ניו זילנדי רמי ל,גרמים,300.00,100 גרם,false,,12.90,0.0430,true,1,14923
7290016334784,false,ג'ינג'ר ארוז ברכת קטיף 200 גרם,ביכורי השדה צפון 1994 ג.ד. בעמ,,ג'ינג'ר ארוז,יחידה,1.00,יחידה,false,,8.90,8.9000,true,1,14925
7290016334814,false,חסה סלנובה רמי לוי,ביכורי השדה צפון 1994 ג.ד. בעמ,,חסה סלנובה רמי לוי,יחידה,1.00,יחידה,false,,9.90,9.9000,true,1,14927
7290016334883,false,שרי תמר בוסתן שמיטה,ביכורי השדה צפון 1994 ג.ד. בעמ,,עגבניות שרי תמר,יחידה,1.00,יחידה,false,,9.90,9.9000,true,1,14928
7290016334890,false,עגבניות שרי ליקופן,ביכורי השדה צפון 1994 ג.ד. בעמ,,עגבניות שרי ליקופן,יחידה,1.00,יחידה,false,,9.90,9.9000,true,1,14929
7290016334906,false,מיקס עגבניות שרי.,ביכורי השדה צפון 1994 ג.ד. בעמ,,עגבניות שרי מיקס,יחידה,1.00,יחידה,false,,11.90,11.9000,true,1,14930
7290016334975,false,אספרגוס רמי לוי,ביכורי השדה צפון 1994 ג.ד. בעמ,,אספרגוס יחידה,יחידה,1.00,יחידה,false,,29.90,29.9000,true,1,21445
7290016370973,false,פלפל קלוי (גמביה) בצנצנת קבוצת יבנה 390 גרם,"קבוצת יבנה מוצרי מזון בע""מ",,פלפל קלוי על האש 560,גרמים,560.00,100 גרם,false,,10.90,0.0195,true,1,8047
7290016372373,false,רסק עגבניות ללא תוספת סוכר ומלח - מארז זוג,תה ויסוצקי (ישראל) בעמ,,רסק עגבניות 22° קונס,גרמים,280.00,100 גרם,false,,7.90,0.0282,true,1,1064
7290016373929,false,פרוסות אננס ב-100% מ,,,פרוסות אננס ב-100% מ,גרמים,825.00,100 גרם,false,,7.90,0.0096,true,1,11170
7290016408133,false,טרליני כעכים בטעם בצל וזיתים 225 גר' - בדץ,כרמית תעשיות ממתקים בעמ,,מיני כעכים בתוספת בצ,גרמים,225.00,100 גרם,false,,6.90,0.0307,true,1,2406
7290016408157,false,טריליני כעכים קמח מלא כרמית 225 גרם,כרמית תעשיות ממתקים בעמ,,מיני כעכים עם קמח מל,גרמים,225.00,100 גרם,false,,6.90,0.0307,true,1,2408
7290016475029,false,חמישיית פיתות אסלי!.^,שרעבי לירון (ירדן דברי מאפה),,פיתות אסלי המכבים 5,יחידה,5.00,יחידה,false,,6.90,1.3800,true,1,14747
7290016509342,false,סוד מארז טריו כדוריות לאסלה כחול אקטיבי אקונומיקה,גורי שיווק בעמ,,סבון לאסלה כחול אקטי,גרמים,150.00,100 גרם,false,,18.90,0.1260,true,1,17878
7290016509830,false,ג'ל כביסה לבגדי תינוקות ובעלי עור רגיש Sensitive,גורי שיווק בעמ,,פרסיל ג'ל 2.5 ל' ביי,גרמים,2500.00,100 גרם,false,,35.90,0.0144,true,1,3252
7290016510300,false,ג'ל רחצה מי קוקוס הו,הנקל סוד בעמ,,ג'ל רחצה מי קוקוס הו,יחידה,0.00,יחידה,false,,8.90,0.0000,true,1,9565
7290016564235,false,זוג מטליות מיקרופייבר לרצפה גדולות מבריק,אבאל יזמות בעמ,,מטליות לרצפות גדולות,יחידה,3.00,יחידה,false,,9.90,3.3000,true,1,5907
7290016601480,false,נוזל רצפות רמי לוי 2 ליטר,,,נוזל רצפות רמי לוי 2,מיליליטרים,2000.00,"100 מ""ל",false,,9.90,0.0050,true,1,2533
7290016601558,false,מגבונים לניקוי כללי,,,מגבונים לניקוי כללי,יחידה,400.00,יחידה,false,,20.90,0.0522,true,1,10203
7290016609141,false,אפונה וגזר רמי לוי 5,,,אפונה וגזר רמי לוי 5,גרמים,550.00,100 גרם,false,,6.50,0.0118,true,1,8049
7290016609172,false,שעועית לבנה ברוטב עגבניות 335 גר,,,שעועית לבנה אפויה בר,גרמים,580.00,100 גרם,false,,6.50,0.0112,true,1,8051
7290016609189,false,גרעיני תירס 335 גר רמי לוי,,,גרעיני תירס מתוק רמי,גרמים,550.00,100 גרם,false,,5.90,0.0107,true,1,8052
7290016609196,false,גרעיני תירס לייט 335 גר רמי לוי,,,תירס לייט רמי לוי 55,גרמים,550.00,100 גרם,false,,6.90,0.0125,true,1,8053
7290016621600,false,קמיל בלו קרמאף מארז חורף,מדי פישר,,קרמאף לרענון הנשימה,יחידה,1.00,יחידה,false,,34.90,34.9000,true,1,12064
7290016663174,false,עוגיות גרעינים בוטני,מורנינג פוד,,עוגיות גרעינים בוטני,גרמים,200.00,100 גרם,false,,19.90,0.0995,true,1,20550
7290016663297,false,עוגיות גרעינים חמוציות שוקולד 200 גרם,מורנינג פוד,,עוגיות גרעינים חמוצי,גרמים,200.00,100 גרם,false,,19.90,0.0995,true,1,20551
7290016667080,false,חטיף צ'יפס טורטיה ברביקיו 250 גר',נאמן לאורך זמן בעמ,,חטיף טורטיה צ'יפס בר,גרמים,250.00,100 גרם,false,,10.90,0.0436,true,1,22728
7290016667097,false,חטיף ציפס טורטיה מלוח 250 גרם,נאמן לאורך זמן בעמ,,חטיף טורטיה צ'יפס מל,גרמים,250.00,100 גרם,false,,10.90,0.0436,true,1,22729
7290016667462,false,חסכוני פרכיות אורז 265 גרם,פרח תעשיות,,פריכיות אורז 265 גרם,גרמים,265.00,100 גרם,false,,12.90,0.0487,true,1,22844
7290016717754,false,יין היובל ישן נושן יקבי כרמל (750 מל),אגודת הכורמים -כרמל מזרחי,,יין אדום מתוק היובל,מיליליטרים,750.00,"100 מ""ל",false,,19.90,0.0265,true,1,12007
7290016733020,false,ממחטות כיס רמי לוי 1,,,ממחטות כיס רמי לוי 1,יחידה,10.00,יחידה,false,,8.50,0.8500,true,1,14620
7290016733044,false,מטליות ריצפה מיקרופייבר שלישייה רמי לוי,,,סחבת רצפה מיקרופייבר,יחידה,3.00,יחידה,false,,15.90,5.3000,true,1,12301
7290016733051,false,מטליות ניקוי כללי מיקרופייבר עשירייה רמי לוי,,,מטליות מיקרופייבר 10,יחידה,10.00,יחידה,false,,14.90,1.4900,true,1,12302
7290016733372,false,עלי גפן ממולאים באור,,,עלי גפן ממולאים באור,גרמים,320.00,100 גרם,false,,7.20,0.0225,true,1,15110
7290016733471,false,"משמש חצאים ""רמי לוי",,,"משמש חצאים ""רמי לוי",גרמים,820.00,100 גרם,false,,8.90,0.0109,true,1,22979
7290016733587,false,שלישית אננס קטן רמי,,,שלישית אננס קטן רמי,גרמים,681.00,100 גרם,false,,10.90,0.0160,true,1,11176
7290016733891,false,טבעות בצל רמי לוי 60,קפוא-זן,,טבעות בצל רמי לוי 60,גרמים,600.00,100 גרם,false,,14.90,0.0248,true,1,8646
7290016865080,false,שניצל דק בציפוי שומשום 700 ג,,,שניצל דק בציפוי שומש,גרמים,700.00,100 גרם,false,,27.90,0.0399,true,1,8647
7290016865103,false,שניצל דק בציפוי ציפס 700 ג,,,שניצל דק בציפוי צ'יפ,גרמים,700.00,100 גרם,false,,27.90,0.0399,true,1,8649
7290016865141,false,שניצל צמחי דק 700 גרם רמי לוי,,,שניצל צמחי דק רמי לו,גרמים,700.00,100 גרם,false,,20.90,0.0299,true,1,8653
7290016865257,false,וופלים בטעם לימון רמי לוי 200 גרם,,,וופלים בטעם לימון רמ,גרמים,200.00,100 גרם,false,,3.00,0.0150,true,1,11179
7290016866674,false,"פרודונטקס - משחת שיניים מלבינה 75 מ""ל",פרודונטקס Parodontax,,משחת פרודונטקס מלבינ,מיליליטרים,75.00,"100 מ""ל",false,,30.90,0.4120,true,1,22092
7290016883176,false,"מוזלי פתיתי שיבולת שועל עם שוקולד מריר ושבבי קוקוס 1 ק""ג",דין שיווק וקליה 2021 בעמ,,מוזלי שיבולת שועל עם,גרמים,1000.00,100 גרם,false,,21.90,0.0219,true,1,12135
7290016967074,false,לחם חיטה מלאה עם גרעינים ודגנים,מאפיית שלמה א. אנג'\ל בע,,לחם חיטה מלאה אנג'ל,גרמים,750.00,100 גרם,false,,14.90,0.0199,true,1,1141
7290016998184,false,עלי חסה ערבית שטופים 250 גרק,ביכורי השדה צפון 1994 ג.ד. בעמ,,עלי חסה ערבית שטופים,גרמים,250.00,100 גרם,false,,10.90,0.0436,true,1,14933
7290016998207,false,לקט קסם השדה נטורזה,ביכורי השדה צפון 1994 ג.ד. בעמ,,לקט קסם השדה 350 גרם,גרמים,350.00,100 גרם,false,,12.90,0.0369,true,1,14935
7290016998221,false,מיקס צבעי הטבע נטורז,ביכורי השדה צפון 1994 ג.ד. בעמ,,מיקס צבעי הטבע 350 ג,גרמים,350.00,100 גרם,false,,12.90,0.0369,true,1,14937
7290016998238,false,כרוב לבן קצוץ נטורזה,ביכורי השדה צפון 1994 ג.ד. בעמ,,כרוב לבן קצוץ 400 גר,גרמים,400.00,100 גרם,false,,10.90,0.0273,true,1,14938
7290016998269,false,לקט קולסלאו נטורזה 4,ביכורי השדה צפון 1994 ג.ד. בעמ,,לקט קולסלאו 400 גרם,גרמים,400.00,100 גרם,false,,10.90,0.0273,true,1,14941
7290016998276,false,גזר חתוך דק נטורזה 2,ביכורי השדה צפון 1994 ג.ד. בעמ,,גזר חתוך דק 250 גרם,גרמים,250.00,100 גרם,false,,9.90,0.0396,true,1,14942
7290017023977,false,"ספרינג תות בננה 250מ""ל בודד",יפאורה שותפות מוגבלת לשיווק,,ספרינג תות בננה 250,מיליליטרים,250.00,"100 מ""ל",false,,3.30,0.0132,true,1,19379
7290017058542,false,"שמן קוקוס אורגני 414 מ""ל תומר",תומר יבוא ושיווק מוצרי מזון (1,,שמן קוקוס אורגני 414,מיליליטרים,414.00,"100 מ""ל",false,,22.90,0.0553,true,1,20094
7290017065007,false,פרוסות גבינה מוצרלה חצי קשה 22% שומן 200 ג' גד,מחלבות גד שיווק 1992 בעמ,,מוצרלה פרוסות 22% 20,גרמים,200.00,100 גרם,false,,17.70,0.0885,true,1,8562
7290017065137,false,ריקוטה למריחה 5% טבעית 200 גר`מחלבות גד,מחלבות גד שיווק 1992 בעמ,,ריקוטה למריחה 5% טבע,גרמים,200.00,100 גרם,false,,10.70,0.0535,true,1,8563
7290017065236,false,גבינה בולגרית מעודנת 24% גד (250 גרם),מחלבות גד שיווק 1992 בעמ,,בולגרית מעודנת 24% 2,גרמים,250.00,100 גרם,false,,22.90,0.0916,true,1,8567
7290017065380,false,גבינת גרנה פדנו שבבים גד 100 גרם,מחלבות גד שיווק 1992 בעמ,,גרנה פדנו שבבים 100,גרמים,100.00,100 גרם,false,,13.90,0.1390,true,1,8570
7290017065588,false,יוגורט יווני 600 גר`מחלבות גד,מחלבות גד שיווק 1992 בעמ,,יוגורט יווני 600 גרם,גרמים,600.00,100 גרם,false,,15.40,0.0257,true,1,8578
7290017065731,false,גבינת שמנת 30% ניו יורק +כמהין 200 גרם רבנות,מחלבות גד שיווק 1992 בעמ,,שמנת כמהין,גרמים,200.00,100 גרם,false,,12.90,0.0645,true,1,21346
7290017065786,false,גבינה אנגלית קשה צ`דר 210 גר`גד,מחלבות גד שיווק 1992 בעמ,,גבינת צ'דר 200 גרם,גרמים,200.00,100 גרם,false,,21.90,0.1095,true,1,18104
7290017079127,false,פתיתים קוסקוס 500ג רמילוי,,,פתיתים קוסקוס- רמי ל,גרמים,500.00,100 גרם,false,,3.90,0.0078,true,1,22982
7290017079134,false,פתיתים אורז 500ג רמילוי,,,פתיתים אורז - רמי לו,גרמים,500.00,100 גרם,false,,3.90,0.0078,true,1,22983
7290017079714,false,שוקולד חלב עם בוטנים 270 גרם טעמן,טעמן שווק מזון בעמ,,שוקולד חלב עם בוטנים,גרמים,270.00,100 גרם,false,,13.90,0.0515,true,1,20981
7290017094830,false,סלט גזר ברוטב פיקנטי אסלי שמיר 400 ג',"סלטי שמיר 2006 בע""מ",,סלט גזר ברוטב פיקנטי,גרמים,400.00,100 גרם,false,,12.90,0.0323,true,1,18999
7290017094847,false,סלט תפוחי אדמה אסלי שמיר 400 ג',"סלטי שמיר 2006 בע""מ",,סלט תפוח אדמה אסלי 4,גרמים,400.00,100 גרם,false,,11.90,0.0298,true,1,19000
7290017105468,false,מארז שלישייה אפונה קטנה יכין 3*200 גר,קשקמט קונסרב הונגריה,,אפונה שלשות יכין 420,גרמים,420.00,100 גרם,false,,11.90,0.0283,true,1,8065
7290017105895,false,גרגרי חומוס להכנת חומוס משובח יכין 560 ג,זנלכל בעמ,,יכין - גרגירי חומוס,גרמים,550.00,100 גרם,false,,9.90,0.0180,true,1,8066
7290017129495,false,אגו מיקס כדורי תירס מצופים שוקולד חלב כרמית 55 גרם,כרמית תעשיות ממתקים בעמ,,אגו מיקס כדורי תירס,גרמים,55.00,100 גרם,false,,3.90,0.0709,true,1,2422
7290017129501,false,אגו מיקס כדורי תירס מצופים שוקולד לבן כרמית 55 גרם,כרמית תעשיות ממתקים בעמ,,אגו מיקס כדורי תירס,גרמים,55.00,100 גרם,false,,3.90,0.0709,true,1,2423
7290017129518,false,אגו מיקס כדורי תירס מצופים שוקולד חלב ולבן כרמית 55 גרם,כרמית תעשיות ממתקים בעמ,,אגו מיקס כדורי תירס,גרמים,55.00,100 גרם,false,,3.90,0.0709,true,1,2424
7290017129525,false,מרשמלו בטעם בננה כרמ,,,מרשמלו בטעם בננה כרמ,גרמים,30.00,100 גרם,false,,2.00,0.0667,true,1,2425
7290017129822,false,מטבעות שוקולד מריר 36 גרם כרמית,כרמית תעשיות ממתקים בעמ,,מטבעות שוקולד מריר 3,גרמים,36.00,100 גרם,false,,2.90,0.0806,true,1,2431
7290017142159,false,"שלישיית נתחי טונה בהירה בשמן זית 80 גרם ""עץ הזית""",הנסיך- מפעל לייצור ט,,נתחי טונה בהירה בשמן,גרמים,240.00,100 גרם,false,,23.90,0.0996,true,1,8069
7290017142500,false,תרסיס שמן זית כתית מעולה בטעם שום 150מל,קומטמפ קומפניה פורטו,,תרסיס שמן זית בטעם ש,מיליליטרים,150.00,"100 מ""ל",false,,18.90,0.1260,true,1,22306
7290017197067,false,מגבונים בייבי בישום עדין 100 יח רמי לוי,,,מגבונים לחים בייבי,יחידה,1.00,יחידה,false,,5.90,5.9000,true,1,10208
7290017197388,false,מגבונים הפי דייז מבושם 72*6 רמי לוי,,,מגבונים לחים הפי דיי,יחידה,6.00,יחידה,false,,19.90,3.3167,true,1,10212
7290017197395,false,מגבונים הפי דייז ללא בישום 72*6 רמי לוי,,,מגבונים לחים הפי דיי,יחידה,6.00,יחידה,false,,19.90,3.3167,true,1,10213
7290017197425,false,מגבונים בייבי מבושם 4*72 רמי לוי,,,מגבונים לחים ללא ביש,יחידה,4.00,יחידה,false,,15.90,3.9750,true,1,10214
7290017197432,false,מגבונים בייבי ללא בישום 4*72 רמי לוי,,,מגבונים לחים ללא ביש,יחידה,4.00,יחידה,false,,15.90,3.9750,true,1,10215
7290017197449,false,מגבונים בייבי לעור רגיש 4*72 רמי לוי,,,מגבונים לחים ללא ביש,יחידה,4.00,יחידה,false,,15.90,3.9750,true,1,10216
7290017197524,false,שמפו נועה לשיער רגיל מרוקאי 750 מל רמי לוי,,,נועה שמפו לשיער רגיל,מיליליטרים,750.00,"100 מ""ל",false,,8.90,0.0119,true,1,10219
7290017197531,false,מרכך נועה לשיער יבש 750 מל רמי לוי,,,נועה מרכך לשיער יבש,מיליליטרים,750.00,"100 מ""ל",false,,8.90,0.0119,true,1,10220
7290017197616,false,אל סבון בניחוח פירות 1 ליטר,,,אל סבון בניחוח פירות,מיליליטרים,1000.00,"100 מ""ל",false,,8.90,0.0089,true,1,10223
7290017197623,false,אל סבון בניחוח לבנדר 1 ליטר,,,אל סבון בניחוח לבנדר,מיליליטרים,1000.00,"100 מ""ל",false,,8.90,0.0089,true,1,10224
7290017197654,false,מטליות לחות לניקוי ר,,,מטליות לחות לניקוי ר,יחידה,10.00,יחידה,false,,9.90,0.9900,true,1,10226
7290017197685,false,שלישייה מגבוני טואלט לחים,,,מגבוני נייר טואלט רמ,יחידה,3.00,יחידה,false,,10.90,3.6333,true,1,10228
7290017197944,false,סבון קצף לידיים אלוורה,,,סבון קצף לידיים מועש,מיליליטרים,500.00,"100 מ""ל",false,,7.90,0.0158,true,1,10231
7290017197951,false,סבון קצף לידיים 500מל רמילוי,,,סבון קצף לידיים מועש,מיליליטרים,500.00,"100 מ""ל",false,,7.90,0.0158,true,1,10232
7290017232218,false,לחם קלאסי מופחת פחמימות איטסיין 430 גרם,,,לחם כפרי כהה איסטיין,גרמים,430.00,100 גרם,false,,24.90,0.0579,true,1,18045
7290017232225,false,לחם גלילי מופחת פחמימות איטסיין 450 גרם,דבידוביץ,,לחם גלילי בהיר איסטי,גרמים,450.00,100 גרם,false,,24.90,0.0553,true,1,18046
7290017266312,false,וופל מילוי קרם בטעם שוקולד 150 גרם,ח.כהן סוכנות מזון ומשקאות בע,,וופל אייר במילוי קרם,גרמים,150.00,100 גרם,false,,3.50,0.0233,true,1,8076
7290017266343,false,וופל קראנץ במילוי קרם שוקולד 150 גרם,ח.כהן סוכנות מזון ומשקאות בע,,עלמה- ופל במילוי קרם,גרמים,150.00,100 גרם,false,,3.50,0.0233,true,1,8079
7290017266725,false,מארז וופל במילוי קרם בטעם שוקולד 12 גרם*40 יח',"גילרו בע""מ",,ופל קראנצ' במילוי קר,גרמים,480.00,100 גרם,false,,15.90,0.0331,true,1,8091
7290017266909,false,וופלים מעולים במילוי קרם בטעם שוקולד SUNי 200 גרם,ח.כהן סוכנות מזון ומשקאות בע,,וופלים מעולים במילוי,גרמים,200.00,100 גרם,false,,5.50,0.0275,true,1,20879
7290017291123,false,שום ארוז יבוא,",חברת יוסף אופנהימר 1986 בעמ",,שום ארוז יבוא,יחידה,1.00,יחידה,false,,7.90,7.9000,true,1,20298
7290017304885,false,לחם שיפון מחיטה מלאה ללא תוספת סוכר 750 ג' אנג'ל,מאפיית שלמה א. אנג'\ל בע,,לחם שיפון וחיטה מלאה,גרמים,750.00,100 גרם,false,,14.90,0.0199,true,1,1147
7290017389011,false,מנגו מיובש ללא סוכר 160 גרם קופסא,דין שיווק וקליה 2021 בעמ,,מנגו מיובש טבעי 160,גרמים,160.00,100 גרם,false,,18.90,0.1181,true,1,20798
7290017389028,false,אננס מיובש ללא סוכר 160 גרם קופסא,דין שיווק וקליה 2021 בעמ,,אננס מיובש טבעי 160,גרמים,160.00,100 גרם,false,,19.90,0.1244,true,1,20799
7290017389882,false,צנובר 80 גרם - קליית,,,צנובר 80 גרם - קליית,גרמים,80.00,100 גרם,false,,18.90,0.2362,true,1,10078
7290017390499,false,מטבעות שוקולד לבן לאפיה 300 גר,,,מטבעות שוקולד לבן לא,גרמים,300.00,100 גרם,false,,10.90,0.0363,true,1,10098
7290017390536,false,סוכריות גומי תות שדה 300 גר,,,סוכריות גומי בטעם תו,גרמים,300.00,100 גרם,false,,10.90,0.0363,true,1,10102
7290017390543,false,סוכריות גומי מסוכרות,,,סוכריות גומי מסוכרות,גרמים,300.00,100 גרם,false,,10.90,0.0363,true,1,10103
7290017390550,false,סוכריות גומי טעם אפרסק 300 גר,,,סוכריות גומי מסוכרות,גרמים,300.00,100 גרם,false,,10.90,0.0363,true,1,10104
7290017390642,false,חמוציות בציפוי שוקולד מריר 250 גר,,,חמוציות בציפוי שוקול,גרמים,250.00,100 גרם,false,,16.90,0.0676,true,1,10113
7290017390659,false,חמוציות בציפוי שוקולד חלב 250 גר,,,חמוציות בציפוי שוקול,גרמים,250.00,100 גרם,false,,16.90,0.0676,true,1,10114
7290017390673,false,צימוק בציפוי שוקולד חלב 250 גר,,,צימוק בציפוי שוקולד,גרמים,250.00,100 גרם,false,,16.90,0.0676,true,1,10116
7290017390680,false,אגוז לוז בציפוי שוקולד מריר 250 גר,,,אגוז לוז בציפוי שוקו,גרמים,250.00,100 גרם,false,,16.90,0.0676,true,1,10117
7290017457727,false,"סוד כחול מרכך כביסה מרוכז20%+בישום 900 מ""ל",גורי שיווק בעמ,,מרכך מרוכז כחול סוד,מיליליטרים,900.00,"100 מ""ל",false,,11.90,0.0132,true,1,3253
7290017504001,false,פטריות שמפיניון ארוז,ביכורי השדה צפון 1994 ג.ד. בעמ,,פטריות שמפניון ארוז,יחידה,1.00,יחידה,false,,9.90,9.9000,true,1,14952
7290017504025,false,פטריות פורטבלה ברכת קטיף,ביכורי השדה צפון 1994 ג.ד. בעמ,,פטריות פורטבלה א.א (,יחידה,1.00,יחידה,false,,10.90,10.9000,true,1,14954
7290017504032,false,זוג פטריות שמפניון ו,ביכורי השדה צפון 1994 ג.ד. בעמ,,פטריות זוגות איטלקי,יחידה,1.00,יחידה,false,,17.90,17.9000,true,1,14955
7290017513775,false,פליפז בייגלה מצופה שוקולד חלב מקוויטיס 140 גרם,תה ויסוצקי (ישראל) בעמ,,FLIPZ - בייגלה מצופה,גרמים,140.00,100 גרם,false,,9.50,0.0679,true,1,1078
7290017513782,false,פליפז בייגלה מצופה שוקולד מריר מקוויטיס 140 גרם,תה ויסוצקי (ישראל) בעמ,,FLIPZ - בייגלה מצופה,גרמים,140.00,100 גרם,false,,9.50,0.0679,true,1,1079
7290017586007,false,גזר ארוז,ביכורי השדה צפון 1994 ג.ד. בעמ,,גזר ארוז,קילוגרמים,1.00,"ק""ג",true,,4.90,4.9000,true,1,22966
7290017599229,false,ממתיק סוכרלוז 200 טבליות סוכרזית,שטראוס גרופ בע`מ,,סוכרלוז 200 טבליות,גרמים,74.00,100 גרם,false,,21.90,0.2959,true,1,19269
7290017599250,false,סוכרזית קלאסי 120 גר`שקיות,שטראוס גרופ בע`מ,,סוכרזית קלאסי 120 ש,גרמים,100.00,100 גרם,false,,16.90,0.1690,true,1,21553
7290017599267,false,סוכרלוז 120 שקיות ממתיק שולחני,שטראוס גרופ בע`מ,,סוכרזית סוכרלוז 120,גרמים,100.00,100 גרם,false,,24.90,0.2490,true,1,21554
7290017617411,false,סטארקיסט מיקס סלמון עם אורז מלא וירקות 160 גרם,דיפלומט מפיצים (1968) בעמ**,,סטארקיסט מיקס סלמון,גרמים,160.00,100 גרם,false,,15.90,0.0994,true,1,21092
7290017617428,false,סטארקיסט מיקס סלמון עם פסטה ברוטב עגבניות 160 גרם,דיפלומט מפיצים (1968) בעמ**,,סטארקיסט מיקס סלמון,גרמים,160.00,100 גרם,false,,15.90,0.0994,true,1,21093
7290017617435,false,סטארקיסט מיקס סלמון עם עדשים קינואה וירק 160 גרם,דיפלומט מפיצים (1968) בעמ**,,סטארקיסט מיקס סלמון,גרמים,160.00,100 גרם,false,,15.90,0.0994,true,1,21094
7290017618142,false,עוגיות שוק.צ'יפס מריר150,לחמי,,לחמי עוגיות שוקולד צ,גרמים,150.00,100 גרם,false,,10.90,0.0727,true,1,1089
7290017618159,false,עוג.שוק.ציפס לבן/מריר150,לחמי,,לחמי עוגיות שוקולד צ,גרמים,150.00,100 גרם,false,,10.90,0.0727,true,1,1090
7290017618166,false,לחמי עוגיות שוקולד צ,,,לחמי עוגיות שוקולד צ,גרמים,150.00,100 גרם,false,,10.90,0.0727,true,1,1091
7290017618265,false,בריוש שוקולד לחמי 38,,,בריוש שוקולד לחמי 38,גרמים,380.00,גרם,false,,17.90,0.0471,true,1,1094
7290017641140,false,שוקולד לבן כשר לפסח,,,שוקולד לבן כשר לפסח,גרמים,255.00,100 גרם,false,,10.90,0.0427,true,1,2441
7290017641157,false,אגו ביסקוויט מצופה חלב עם סוכריות צבעוניות 115 גר',,,ביסקוויט מצופה שוקול,גרמים,115.00,100 גרם,false,,5.90,0.0513,true,1,2442
7290017641164,false,ביסקוויט מצופה שוקול,,,ביסקוויט מצופה שוקול,גרמים,115.00,100 גרם,false,,5.90,0.0513,true,1,2443
7290017641171,false,ביסקוויט מצופה שוקול,,,ביסקוויט מצופה שוקול,גרמים,115.00,100 גרם,false,,5.90,0.0513,true,1,2444
7290017641553,false,שוקולד 70% אגו שקדים,"כד בני דרום בע""מ",,שוקולד מריר 70% עם ש,גרמים,100.00,100 גרם,false,,7.90,0.0790,true,1,2462
7290017641560,false,שוקולד מריר 70% עם ש,"כד בני דרום בע""מ",,שוקולד מריר 70% עם ש,גרמים,100.00,100 גרם,false,,7.90,0.0790,true,1,2463
7290017641744,false,"חטיפי קרח גדולים בטעמי פטל, לימון, ענבים ואננס",כרמית תעשיות ממתקים בעמ,,"איגלו סטיקס 800 מ""ל",מיליליטרים,800.00,"100 מ""ל",false,,5.90,0.0074,true,1,2473
7290017641997,false,"שוקולד מריר עם שברי אגוזי לוז פרימיום 70% לל""ס כרמית","כרמית תעשיות ממתקים בע""\",,שוקולד מריר 70% ללא,גרמים,100.00,100 גרם,false,,7.90,0.0790,true,1,2482
7290017647722,false,"רמת הגולן גמלא בלאנקו, 750 מ""ל י יקב רמת הגולן",היכל היין שקד גולן בעמ,,"גמלא בלאנקו 750 מ""ל",מיליליטרים,750.00,"100 מ""ל",false,,64.90,0.0865,true,1,21067
7290017677804,false,"רוטב סויה קיקומן ללא חומרים משמרים 444 מ""ל",דיפלומט מפיצים (1968) בעמ**,,רוטב סויה קיקומן 444,מיליליטרים,444.00,"100 מ""ל",false,,20.90,0.0471,true,1,2618
7290017687346,false,שקית מולחמת קופיקס,,,שקית מולחמת קופיקס,יחידה,1.00,יחידה,false,,2.00,2.0000,true,1,15135
7290017746128,false,מיני פיתות קלאסי50*10 גר,מאפיית דוידוביץ ובני,,פיתות ביס 10 יחידות,יחידה,10.00,יחידה,false,,13.90,1.3900,true,1,14756
7290017746135,false,מארז 10 פיתות ביס כוסמין,מאפיית דוידוביץ ובני,,פיתות כוסמין 10 יחיד,יחידה,10.00,יחידה,false,,14.90,1.4900,true,1,14757
7290017746272,false,פיתה בצל 4 יחידות 48,,,פיתה בצל 4 יחידות 48,יחידה,4.00,יחידה,false,,13.90,3.4750,true,1,14765
7290017746289,false,פיתה זעתר 4 יחידות 4,,,פיתה זעתר 4 יחידות 4,יחידה,4.00,יחידה,false,,13.90,3.4750,true,1,14766
7290017746609,false,לחם מחמצת עם בצל דוי,,,לחם מחמצת עם בצל דוי,גרמים,550.00,100 גרם,false,,21.90,0.0398,true,1,21262
7290017746630,false,לחם מחמצת כוסמין דוי,,,לחם מחמצת כוסמין דוי,גרמים,550.00,100 גרם,false,,23.90,0.0435,true,1,21265
7290017812083,false,מיץ תירוש אדום רמי לוי 1 לי,,,תירוש ענבים אדום רמי,מיליליטרים,1000.00,"100 מ""ל",false,,13.90,0.0139,true,1,14506
7290017812861,false,יין לבש יבש ( 750 מל) וינו,אגודת הכורמים בעמ,,יין לבן יבש וינו 750,מיליליטרים,750.00,"100 מ""ל",false,,22.20,0.0296,true,1,12020
7290017845029,false,פטריות צמד משפחתי(מוגו),ביכורי השדה צפון 1994 ג.ד. בעמ,,פטריות צמד משפחתי (מ,יחידה,1.00,יחידה,false,,17.90,17.9000,true,1,14959
7290017845203,false,שמפיניון ארוז א.א-מוגו,ביכורי השדה צפון 1994 ג.ד. בעמ,,פטריות א.א (מוג'ו),יחידה,1.00,יחידה,false,,9.90,9.9000,true,1,14964
7290017864259,false,בזיליקום-תקומה 100 גרם,ביכורי השדה צפון 1994 ג.ד. בעמ,,בזילקום 100 גרם,גרמים,100.00,100 גרם,false,,9.90,0.0990,true,1,14972
7290017864341,false,תפוא למיקרו רמי לוי,,,"תפו""א למיקרו 700 גרם",יחידה,1.00,יחידה,false,,7.90,7.9000,true,1,14973
7290017864358,false,נענע ארוז רמי לוי,,,נענע ארוז רמי לוי,יחידה,1.00,יחידה,false,,4.90,4.9000,true,1,14974
7290017864365,false,פטרוזליה ארוז רמי לוי,,,פטרוזיליה ארוז רמי ל,יחידה,1.00,יחידה,false,,4.90,4.9000,true,1,14975
7290017864372,false,שמיר ארוז רמי לוי,,,שמיר ארוז רמי לוי,יחידה,1.00,יחידה,false,,4.90,4.9000,true,1,14976
7290017864389,false,כוסברה ארוז רמי לוי,,,כוסברה ארוז רמי לוי,יחידה,1.00,יחידה,false,,4.90,4.9000,true,1,14977
7290017864396,false,סלרי ארוז רמי לוי,,,סלרי ארוז רמי לוי,יחידה,1.00,יחידה,false,,6.90,6.9000,true,1,14978
7290017864402,false,עלי מנגולד ארוז רמי לוי,,,עלי מנגולד ארוז רמי,יחידה,1.00,יחידה,false,,6.90,6.9000,true,1,14979
7290017864419,false,שורש פטרוזיליה ארוז,,,שורש פטרוזיליה ארוז,יחידה,1.00,יחידה,false,,5.90,5.9000,true,1,14980
7290017864426,false,בצל ירוק ארוז רמי לוי,,,בצל ירוק רמי לוי,יחידה,1.00,יחידה,false,,6.90,6.9000,true,1,14981
7290017864457,false,סלרי ראש רמי לוי,,,סלרי ראש רמי לוי,יחידה,1.00,יחידה,false,,5.90,5.9000,true,1,14984
7290017864464,false,לוף פרסה ארוז רמי לוי,,,לוף/כרישה,יחידה,1.00,יחידה,false,,7.90,7.9000,true,1,14985
7290017864594,false,שום צנצנת רמי לוי,ביכורי השדה צפון 1994 ג.ד. בעמ,,שום צנצנת רמי לוי,יחידה,1.00,יחידה,false,,12.90,12.9000,true,1,14991
7290017872896,false,גלילונית שקיות אשפה L חזקים 44יח,דנשר (1963) בעמ,,גלילונית ש. אשפה L ח,יחידה,44.00,יחידה,false,,22.90,0.5205,true,1,18216
7290017888019,false,"משקה תפוח רימון סלק גינגיר פרות &ווג 350 מ""ל",יפאורה שותפות מוגבלת לשיווק,,פרוט & וג' תפוח רימו,מיליליטרים,330.00,"100 מ""ל",false,,7.80,0.0236,true,1,2263
7290017888026,false,"משקה אננס תפוח גזר פרות & ווג 350 מ""ל",יפאורה שותפות מוגבלת לשיווק,,פרוט & וג' אננס תפוח,מיליליטרים,330.00,"100 מ""ל",false,,7.80,0.0236,true,1,2264
7290017888033,false,"משקה בננה מלון נענע פרות &ווג 350 מ""ל",יפאורה שותפות מוגבלת לשיווק,,פרוט & וג' בננה מלון,מיליליטרים,330.00,"100 מ""ל",false,,7.80,0.0236,true,1,2265
7290017888347,false,מי עדן פקק ספורטאים 500,"מי עדן בע""מ",,מי עדן ספורט 0.5 ליט,מיליליטרים,500.00,"100 מ""ל",false,,3.90,0.0078,true,1,2267
7290017888644,false,"משקה אננס בננה כורכום פרות & ווג 350 מ""ל",יפאורה שותפות מוגבלת לשיווק,,פרוט & ווג' אננס בננ,מיליליטרים,350.00,"100 מ""ל",false,,7.80,0.0223,true,1,18107
7290017894041,false,"פתיתי שיבולת שועל דקה לל""ג דגש 400 גרם",דגש,,דגש – פתיתי שיבולת ש,גרמים,400.00,100 גרם,false,,19.90,0.0497,true,1,14546
7290017947105,false,לחם אנג'ל בסגנון אמריקה 500 גרם,מאפיית שלמה א. אנג'\ל בע,,לחם סגנון אמריקה אנג,גרמים,500.00,100 גרם,false,,12.90,0.0258,true,1,1148
7290017947457,false,חלה קלועה כוסמין אנג'ל ארוזה 500 גרם,מאפיית שלמה א.אנג'ל,,חלה קלועה כוסמין 500,גרמים,500.00,100 גרם,false,,16.90,0.0338,true,1,18030
7290017947464,false,שמיניית פיתות כוסמין אנג'ל 8*50 גרם,מאפיית שלמה א.אנג'\ל בע\,,פיתות כוסמין אנג'ל 4,יחידה,8.00,יחידה,false,,14.90,1.8625,true,1,1158
7290017947495,false,לחמניות כוסמין 6 יח(450 גר`)אנג`ל,"איטיליאן פוד, אס.פי.",,לחמניות כוסמין 6 יחי,יחידה,6.00,יחידה,false,,13.90,2.3167,true,1,1159
7290017947891,false,לחם אנג'ל כוסמין וחיטה מלאה 750 גרם,מאפיית שלמה א. אנג'\ל בע,,לחם כוסמין וחיטה מלא,גרמים,750.00,100 גרם,false,,14.90,0.0199,true,1,1160
7290017947921,false,לחמניות המבורגר בסגנון אמריקאי מארז 6 יח',מאפיית שלמה א. אנג'\ל בע,,שישיית לחמניות המבור,גרמים,450.00,100 גרם,false,,12.90,0.0287,true,1,1161
7290017947938,false,מיני לחמניות המבורגר בסגנון אמריקה 400 ג' אנג'ל,מאפיית שלמה א. אנג'\ל בע,,8 לחמניות המבורגר בס,גרמים,400.00,100 גרם,false,,13.90,0.0348,true,1,18106
7290018045497,false,בון בון דגנים במילוי קרם שוקולד 480 גרם,ר.ב. מוצרי דגנים בעמ,,בון בון דגנים 480 גר,גרמים,480.00,100 גרם,false,,21.90,0.0456,true,1,19179
7290018045695,false,דגני בוקר בון בון במילוי קרם בטעם קרמל מ,ר.ב. מוצרי דגנים בעמ,,בון בון דגנים במילוי,גרמים,480.00,100 גרם,false,,21.90,0.0456,true,1,19180
7290018091821,false,פיצה נפוליטנה מעדנות 200 גרם,תנובה ענף ב.ע.ד,,פיצה נפוליטנה מעדנות,גרמים,200.00,100 גרם,false,,14.90,0.0745,true,1,5736
7290018182017,false,PHARMA DENTקיסמי שיניים משולבים בחוט דנטלי בתוספת פחם במבוק 36יח',פארמה דיל (פ.א.ב.) שיווק והפצה,,קיסמי שיניים משולבים,יחידה,36.00,יחידה,false,,9.90,0.2750,true,1,5917
7290018192610,false,עגבניות שרי,עגבניות שרי 2 ב 15,,עגבניות שרי,יחידה,1.00,יחידה,false,,8.90,8.9000,true,1,891
7290018192658,false,מארז זוג פטריות פורטובלה ושמפיניון מרינה,קונס`-מרינה פטריות הגליל בעמ*ש,,פטריות זוגות איטלקי,יחידה,1.00,יחידה,false,,17.90,17.9000,true,1,19668
7290018195345,false,"שמן קנולה ""טעים"" 1 ליטר טעמן",טעים,,"שמן קנולה ""טעים"" 1 ל",מיליליטרים,1000.00,"100 מ""ל",false,,10.90,0.0109,true,1,20160
7290018237939,false,שניצלונים ציפוי שומשום עוף טוב 700 גרם,קבוצת אוסם סחר שותפות מוגבלת,,שניצלונים ציפוי שומש,גרמים,700.00,100 גרם,false,,19.90,0.0284,true,1,20960
7290018333006,false,"שוקולד מריר עם שברי שקדים פרימיום 70% לל""ס כרמית","כרמית תעשיות ממתקים בע""\",,שוקולד מריר 70% עם ש,גרמים,100.00,100 גרם,false,,7.90,0.0790,true,1,2483
7290018333594,false,טופי חמוץ בטעמי פירו,,,טופי חמוץ בטעמי פירו,גרמים,50.00,100 גרם,false,,1.20,0.0240,true,1,2500
7290018333945,false,חטיף אגוזים רפאלס שקד ווניל בדצ 150 גר *12יח,כרמית תעשיות ממתקים בעמ,,חטיף אגוזים רפאלס שק,גרמים,150.00,100 גרם,false,,14.90,0.0993,true,1,19264
7290018333969,false,חטיף גרנולה רפאלס שקדים וטחינה בדצ 150 גר *12יח,כרמית תעשיות ממתקים בעמ,,חטיף גרנולה רפאלס שק,גרמים,150.00,100 גרם,false,,14.90,0.0993,true,1,19266
7290018333976,false,חטיף גרנולה רפאלס קשיו וקוקוס בדצ 150 גר *12יח,כרמית תעשיות ממתקים בעמ,,חטיף גרנולה רפאלס קש,גרמים,150.00,100 גרם,false,,14.90,0.0993,true,1,19267
7290018380871,false,פטיסון כבוש שלם תומר 670 גרם,תומר ייבוא ושיווק מוצרי מזון [,,פטיסון כבוש שלם תומר,גרמים,670.00,100 גרם,false,,13.90,0.0207,true,1,20012
7290018400647,false,סנפרוסט סמודיז בננה תמר 300 גרם SMOOTHI,תנובה ענף ב.ע.ד,,תערובת סמוטי בננה תמ,גרמים,300.00,100 גרם,false,,16.90,0.0563,true,1,5738
7290018440070,false,תרכיז עגבניות בשפורפרת 28BX בלה איטליה 200 ג',תה ויסוצקי (ישראל) בעמ,,תרכיז עגבניות בשפורפ,גרמים,200.00,100 גרם,false,,8.90,0.0445,true,1,1096
7290018440193,false,פליפז בייגלה בציפוי קרם בטעם חמאת בוטנים מקוויטיס 140 גרם,תה ויסוצקי (ישראל) בעמ,,FLIPZ - בייגלה מצופה,גרמים,140.00,100 גרם,false,,9.50,0.0679,true,1,1097
7290018440209,false,פליפז בייגלה בציפוי פאדג' לבן מקוויטיס 140 גרם,תה ויסוצקי (ישראל) בעמ,,FLIPZ - בייגלה פאדג',גרמים,140.00,100 גרם,false,,9.50,0.0679,true,1,1098
7290018440223,false,תה צ'אי מסאלה 25 שקיקים ויסוצקי,תה ויסוצקי (ישראל) בעמ,,צ'אי מסאלה ויסוצקי 5,גרמים,50.00,100 גרם,false,,21.90,0.4380,true,1,18161
7290018440230,false,תה צ'אי ורדים 25 שקיקים ויסוצקי,תה ויסוצקי (ישראל) בעמ,,צ'אי ורדים ויסוצקי 5,גרמים,50.00,100 גרם,false,,21.90,0.4380,true,1,18162
7290018440247,false,תה צ'אי שקדים0 25 שקיקים ויסוצקי,תה ויסוצקי (ישראל) בעמ,,צ'אי שקדים ויסוצקי 5,גרמים,50.00,100 גרם,false,,21.90,0.4380,true,1,18163
7290018440254,false,תה צ'אי קרמל מלוח 25 שקיקים ויסוצקי,תה ויסוצקי (ישראל) בעמ,,צ'אי קרמל מלוח ויסוצ,גרמים,50.00,100 גרם,false,,21.90,0.4380,true,1,18164
7290018440407,false,מאטה תה ירוק מאטה בטעם קקאו ואגוזי לוז,תה ויסוצקי (ישראל) בעמ,,תה ירוק מאטה קקאו לו,גרמים,37.50,100 גרם,false,,24.90,0.6640,true,1,18167
7290018440438,false,Calvo טונה בשמן זית פתיחה קלה 3 * 65 גרם,תה ויסוצקי (ישראל) בעמ,,טונה איזי פליפ בשמן,גרמים,195.00,100 גרם,false,,25.90,0.1328,true,1,20755
7290018440445,false,טונה קאלוו בשמן זית 160 גר,"קאלוו קונסרבס ס.ל.יו. ,",,טונה בשמן זית קלבו 1,גרמים,160.00,100 גרם,false,,16.90,0.1056,true,1,20756
7290018440476,false,פליפז בייגלה מצופה בקרם עוגת גבינה ותותים מקוויטיס 140 גרם,תה ויסוצקי (ישראל) בעמ,,FLIPZ - בייגלה מצופה,גרמים,140.00,100 גרם,false,,9.50,0.0679,true,1,1099
7290018440483,false,פליפז בייגלה מצופה בקרמל מלוח ושוקולד מקוויטיס 140 גרם,תה ויסוצקי (ישראל) בעמ,,FLIPZ - בייגלה מצופה,גרמים,140.00,100 גרם,false,,9.50,0.0679,true,1,1100
7290018440490,false,סלט טונה קאלוו עם קוסקוס 150 גר,"קאלוו קונסרבס ס.ל.יו. ,",,סלט טונה עם קוסקוס ק,גרמים,150.00,100 גרם,false,,14.90,0.0993,true,1,20758
7290018440513,false,סלט קליפורנייה קאלוו עם טונה 150 גר,"קאלוו קונסרבס ס.ל.יו. ,",,סלט קליפורניה עם טונ,גרמים,150.00,100 גרם,false,,14.90,0.0993,true,1,20760
7290018440520,false,סלט טונה קאלוו מקסיקני 150 גר,"קאלוו קונסרבס ס.ל.יו. ,",,סלט טונה מקסיקני קלב,גרמים,150.00,100 גרם,false,,14.90,0.0993,true,1,20761
7290018443040,false,נבטים סיניים (בוסתן,ביכורי השדה צפון 1994 ג.ד. בעמ,,נבטים סינים,יחידה,1.00,יחידה,false,,6.90,6.9000,true,1,14995
7290018443064,false,נבטים אלפלפא שמיטה,ביכורי השדה צפון 1994 ג.ד. בעמ,,נבטי אלפלפא,יחידה,1.00,יחידה,false,,6.90,6.9000,true,1,14997
7290018443545,false,פלפל צילי אדום 200 גרם,ביכורי השדה צפון 1994 ג.ד. בעמ,,פלפל צ'ילי אדום 200,גרמים,200.00,גרם,false,,10.90,0.0545,true,1,22515
7290018443728,false,באק צ'וי זוג רמי לוי,"בכורי השדה צפון1994 ג.ד. בע""מ",,באק צ'וי זוג רמי לוי,יחידה,1.00,יחידה,false,,12.90,12.9000,true,1,18370
7290018443736,false,בייבי מיקס רמי לוי 150 גרם,,,בייבי מיקס רמי לוי 1,גרמים,150.00,100 גרם,false,,9.90,0.0660,true,1,18371
7290018443743,false,חמציץ רמי לוי פראש,ביכורי השדה צפון 1994 ג.ד. בעמ,,חמציץ רמי לוי פראש,יחידה,1.00,יחידה,false,,9.90,9.9000,true,1,18372
7290018443781,false,רוקט 150 גרם רמי לוי,,,רוקט 150 ג' רמי לוי,גרמים,150.00,100 גרם,false,,9.90,0.0660,true,1,18376
7290018468302,false,נקניקיה טבעונית בסגנון מרגז טירת צבי 400 ג,תנובה מרכז שיתופי לשיווק תוצרת,,נקניקיה צמחית בסגנון,גרמים,400.00,100 גרם,false,,39.90,0.0997,true,1,20902
7290018468401,false,פסטרמה צמחונית בטעם גריל 100 גר טירת צבי,תנובה מרכז שיתופי לשיווק תוצרת,,פסטרמה צמחונית בטעם,גרמים,120.00,100 גרם,false,,19.90,0.1658,true,1,22782
7290018468432,false,נקניק טבעוני בטעם מעושן 100 גרם טירת צבי,תנובה מרכז שיתופי לשיווק תוצרת,,נקניק טבעוני בטעם מע,גרמים,100.00,100 גרם,false,,19.90,0.1990,true,1,22781
7290018471180,false,משקה פרוט& ווג' אננס תפוח גזר 1 ליטר,יפאורה שותפות מוגבלת לשיווק,,פרוט & ווג' אננס תפו,מיליליטרים,1000.00,"100 מ""ל",false,,13.40,0.0134,true,1,2283
7290018471197,false,פרוט אנד ווג` תפוח בננה מלון נענע 1 ליטר,יפאורה שותפות מוגבלת לשיווק,,פרוט & ווג' תפוח בננ,מיליליטרים,1000.00,"100 מ""ל",false,,13.20,0.0132,true,1,2284
7290018471395,false,משקה פרוט& ווג' תפוח רימון ג'ינג'ר 1 ליטר,יפאורה שותפות מוגבלת לשיווק,,פרוט & ווג' תפוח רימ,מיליליטרים,1000.00,"100 מ""ל",false,,13.20,0.0132,true,1,2291
7290018471401,false,משקה פרוט& ווג' אננס בננה כורכום 1 ליטר,יפאורה שותפות מוגבלת לשיווק,,פרוט & ווג' אננס בננ,מיליליטרים,1000.00,"100 מ""ל",false,,13.40,0.0134,true,1,2292
7290018471449,false,קרטונית ספרינג שייק בננה תמר תפוז 1 ליטר,יפאורה - שותפות מוגבלת לשיווק,,ספרינג שייק בננה תמר,מיליליטרים,1000.00,"100 מ""ל",false,,13.10,0.0131,true,1,2293
7290018471470,false,תפוזינה נקטר תפוז פסיפלורה קרטונית 1 ליטר,יפאורה שותפות מוגבלת לשיווק,,תפוזינה נקטר תפוז פס,מיליליטרים,1000.00,"100 מ""ל",false,,7.20,0.0072,true,1,2296
7290018471487,false,תפוזינה נקטר תפוז אננס קרטונית 1 ליטר,יפאורה שותפות מוגבלת לשיווק,,תפוזינה נקטר תפוז אנ,מיליליטרים,1000.00,"100 מ""ל",false,,7.20,0.0072,true,1,2297
7290018471494,false,תפוזינה משקה תפוז גזר קרטונית 1 ליטר,יפאורה שותפות מוגבלת לשיווק,,תפוזינה משקה תפוז גז,מיליליטרים,1000.00,"100 מ""ל",false,,7.20,0.0072,true,1,2298
7290018471630,false,שוופס טוניק מלפפון ליים 1 ליטר,יפאורה שותפות מוגבלת לשיווק,,שוופס טוניק מלפפון ל,מיליליטרים,1000.00,"100 מ""ל",false,,9.20,0.0092,true,1,2302
7290018471692,false,ספרינג שייק בננה אננס קוקוס פירות יער קרטונית 1 ליטר,יפאורה - שותפות מוגבלת לשיווק,,ספרינג שייק בננה אננ,מיליליטרים,1000.00,"100 מ""ל",false,,13.10,0.0131,true,1,2306
7290018471906,false,שוופס מוגז פירות לימונדה ורודה 1.5 ליטר פיקדון,יפאורה - שותפות מוגבלת לשיווק,,שוופס מוגז פינק למונ,מיליליטרים,1500.00,"100 מ""ל",false,,9.10,0.0061,true,1,18688
7290018471913,false,משקה מוגז פירות תפוחים שוופס 1.5 ליטר,יפאורה - שותפות מוגבלת לשיווק,,שוופס מוגז תפוחים 1.,מיליליטרים,1500.00,"100 מ""ל",false,,9.30,0.0062,true,1,18689
7290018471937,false,שוופס מוגז פירות תות ליים 1.5 ליטר פיקדון,יפאורה - שותפות מוגבלת לשיווק,,שוופס מוגז פירות תות,מיליליטרים,1500.00,"100 מ""ל",false,,9.10,0.0061,true,1,18690
7290018471944,false,שוופס מוגז פירות לימונייד 1.5 ליטר פיקדון,יפאורה - שותפות מוגבלת לשיווק,,שוופס מוגז למונייד 1,מיליליטרים,1500.00,"100 מ""ל",false,,9.10,0.0061,true,1,18691
7290018517147,false,פופקורן למיקרוגל בטעם טבעי 300 ג',נאמן לאורך זמן בעמ,,פופקורן למיקרוגל בטע,גרמים,300.00,100 גרם,false,,9.90,0.0330,true,1,22740
7290018517161,false,פופקורן למיקרוגל מופחת שומן 255 גרם,RAMSEY,,פופקורן בטעם לייט 30,גרמים,300.00,100 גרם,false,,9.90,0.0330,true,1,22741
7290018517321,false,"קוואקר שבולת שועל, 500 גרם ""נאמן""",נאמן לאורך זמן בעמ,,שבולת שועל מהיר הכנה,גרמים,500.00,100 גרם,false,,8.90,0.0178,true,1,22744
7290018540329,false,שקית פיתה פיתה בלדי 800 ג' אנג'ל,מאפיית שלמה א. אנג'\ל בע,,פיתה פיתה באלדי אנג',יחידה,8.00,יחידה,false,,12.90,1.6125,true,1,1162
7290018540817,false,ארטיזנל לחם מחמצת כוסמין אנג'ל 500 גרם,שלמה א. אנג`ל בעמ,,לחם מחמצת כוסמין ארט,גרמים,500.00,100 גרם,false,,17.90,0.0358,true,1,18923
7290018540831,false,ארטיזנל לחם מחמצת חיטה מלאה ודגנים אנג'ל 500 גרם,שלמה א. אנג`ל בעמ,,לחם מחמצת חיטה מלאה,גרמים,500.00,100 גרם,false,,16.90,0.0338,true,1,18925
7290018564004,false,גזר גמדי רמילוי 800 גר,,,גזר גמדי 800 גרם רמי,גרמים,800.00,100 גרם,false,,8.90,0.0111,true,1,8665
7290018564011,false,אפונת גינה רמילוי 800 גר,,,אפונת גינה 800 גרם ר,גרמים,800.00,100 גרם,false,,8.90,0.0111,true,1,8666
7290018564073,false,במיה קפוא 600ג רמילוי,,,במיה 600 גרם רמי לוי,גרמים,600.00,100 גרם,false,,8.90,0.0148,true,1,8672
7290018564080,false,לקט ירקות רמילוי 800 גר,,,לקט ירקות העונה 800,גרמים,800.00,100 גרם,false,,10.90,0.0136,true,1,8673
7290018564127,false,לקט לקוסקוס רמילוי 800 גר,,,לקט לקוסקוס 800 גרם,גרמים,800.00,100 גרם,false,,11.90,0.0149,true,1,8675
7290018564134,false,גרעיני תירס 800גר רמי לוי,,,גרעיני תירס 800 גרם,גרמים,800.00,100 גרם,false,,8.90,0.0111,true,1,8676
7290018564141,false,גרגירי חומוס מבושלים 800גר רמי לוי,,,גרעיני חומוס מבושלים,גרמים,800.00,100 גרם,false,,9.90,0.0124,true,1,8677
7290018564158,false,שעועית לבנה מבושלים 800גר רמי לוי,,,שעועית לבנה מבושלת 8,גרמים,800.00,100 גרם,false,,9.90,0.0124,true,1,8678
7290018564172,false,ברוקולי 800גר רמי לוי,,,ברוקולי 800 גרם רמי,גרמים,800.00,100 גרם,false,,14.90,0.0186,true,1,8680
7290018564202,false,לקט ירקות למרק רמילוי 800 גר,,,לקט ירקות למרק 800 ג,גרמים,800.00,100 גרם,false,,11.90,0.0149,true,1,8682
7290018564547,false,ירקות חמוצים בטעם ביתי 500 גרם,,,ירקות חמוצים בטעם בי,גרמים,500.00,100 גרם,false,,22.90,0.0458,true,1,8683
7290018564561,false,ירקות חמוצים בסגנון טורשי,,,ירקות חמוצים בסגנון,גרמים,500.00,100 גרם,false,,22.90,0.0458,true,1,8685
7290018720004,false,מעדני המלך- עוגיות סנדוויץ תות 150 גרם,סנו מפעלי ברונוס.,,עוגיות סנדוויץ תות 1,גרמים,150.00,100 גרם,false,,3.50,0.0233,true,1,8095
7290018720103,false,"אפיפיות וופל בטעם שוקו לל""ס הדר 250 גרם",רזיט שיווק בעמ,,וופל ללא סוכר מעדני,גרמים,250.00,100 גרם,false,,8.90,0.0356,true,1,17952
7290018720189,false,מעדני מלך-ביסקוויט קסטה בטעם שוקו 200 גרם,הגביע,,ביסקוויט קסטה מעדני,גרמים,200.00,100 גרם,false,,6.50,0.0325,true,1,22024
7290018720219,false,פצפוצי אורז ללא סוכר מעדני מלך 250 גרם,אשבל מזון פונקציונלי,,פצפוצי אורז ללא סוכר,גרמים,250.00,100 גרם,false,,12.90,0.0516,true,1,22025
7290018732205,false,אוכמניות יחידה,ביכורי השדה צפון 1994 ג.ד. בעמ,,אוכמניות יחידה,גרמים,125.00,100 גרם,false,,19.90,0.1592,true,1,23097
7290018792841,false,אבקת קקאו טבעי 150 גר` גאנה,תה ויסוצקי (ישראל) בעמ,,אבקת קקאו טבעי גאנה,גרמים,150.00,100 גרם,false,,10.90,0.0727,true,1,22232
7290018825013,false,"תפו""א אדום תפזורת",3 יחידות,,"תפו""א אדום תפזורת",קילוגרמים,1.00,"ק""ג",true,,5.90,5.9000,true,1,22967
7290018825211,false,"תפו""א לבן תפזורת",3 יחידות,,"תפו""א לבן תפזורת",קילוגרמים,1.00,"ק""ג",true,,4.90,4.9000,true,1,22968
7290018835005,false,אקסטרה צ'יפס אורז חום מלא מלח פלפל שמן זית 60 גרם,א.ל. ייצור ושיווק תבלינים בע`מ,,אקסטרה צ'יפס אורז חו,גרמים,60.00,100 גרם,false,,7.20,0.1200,true,1,17870
7290018878002,false,אגו מיקס קרקר מצופה שוקולד חלב כרמית 55 גרם,כרמית תעשיות ממתקים בעמ,,אגו מיקס קרקר מצופה,גרמים,55.00,100 גרם,false,,3.90,0.0709,true,1,20866
7290018893081,false,עוגות מגולגלות במילוי קרם חלבי וציפוי בטעם שוקולד,ש. שסטוביץ בע`מ,,צ'וקטה עוגות אישיות,גרמים,222.00,100 גרם,false,,8.90,0.0401,true,1,18316
7290018893098,false,צ'וקטה עוגויות ביסקוויט מצופה שוקולד חלב 100 גרם,דיסטרופר אוליבייר,,ביסקוויט מצופה שוקול,גרמים,100.00,100 גרם,false,,6.90,0.0690,true,1,19200
7290018893456,false,צ'וקטה עוגות אישיות במילוי קרם ובציפוי בטעם שוקולד 300 גרם,"פרדי קונדיטוריה אס,פי.אי",,צ'וקטה עוגות אישיות,גרמים,300.00,100 גרם,false,,11.90,0.0397,true,1,17025
7290018894200,false,וופל קוביות ווניל בלקוני 250 גרם,ש. שסטוביץ בע`מ,,בלקוני וופל קוביות ו,גרמים,250.00,100 גרם,false,,11.90,0.0476,true,1,19632
7290018894217,false,עוגות אישיות במילוי קרם קקאו ובציפוי קרם קקאו,ש. שסטוביץ בע`מ,,בלקוני עוגות אישיות,גרמים,350.00,100 גרם,false,,14.90,0.0426,true,1,19633
7290018894408,false,קוביות וופל במילוי קרם אגוזי לוז - חלבי,ש. שסטוביץ בע`מ,,בלקוני וופל קוביות א,גרמים,250.00,100 גרם,false,,11.90,0.0476,true,1,19634
7290018925065,false,מיץ תפוזים סחוט פרימור (2 ליטר),שטראוס גרופ בעמ/מצונן,,מיץ תפוזים סחוט פרימ,מיליליטרים,2000.00,"100 מ""ל",false,,27.20,0.0136,true,1,18807
7290018925072,false,פרימור טרי מיץ לימונים עם נענע 2 ליטר,שטראוס גרופ בעמ/מצונן,,מיץ לימונענע פרימור,מיליליטרים,2000.00,"100 מ""ל",false,,27.20,0.0136,true,1,18808
7290018972021,false,קיינד טבעוני קבב מזרחי 400 גרם,,,קיינד א קבב מזרחי 40,גרמים,400.00,100 גרם,false,,19.90,0.0497,true,1,20685
7290018972083,false,קיינד טבעוני שוארמה בטורטיה 360 גרם,,,קיינד א שוארמה בטורט,גרמים,360.00,100 גרם,false,,22.90,0.0636,true,1,20686
7290018972113,false,ברוקולי מצופה תומר 500 גרם,,,ברוקולי מצופה תומר 5,גרמים,500.00,100 גרם,false,,29.90,0.0598,true,1,20688
7290018972151,false,תומר נאגטס תירס 500 גרם,,,נאגטס תירס תומר 500,גרמים,500.00,100 גרם,false,,19.90,0.0398,true,1,20690
7290018972199,false,שניצל צמחי תומר 500,,,שניצל צמחי תומר 500,גרמים,500.00,100 גרם,false,,19.90,0.0398,true,1,20691
7290018972373,false,פרוזן פולי סויה אדממה 450 גרם,זהיג'אנג קינגשור,,פרוזן אדממה 450 גרם,גרמים,450.00,100 גרם,false,,8.90,0.0198,true,1,20692
7290018972618,false,תומר תמר מגהול לח קפ,,,תומר תמר מגהול לח קפ,גרמים,1000.00,100 גרם,false,,19.90,0.0199,true,1,20694
7290019036234,false,שיני שום קלופות 200 גרק,ביכורי השדה צפון 1994 ג.ד. בעמ,,שיני שום קלופות 200,גרמים,200.00,100 גרם,false,,13.90,0.0695,true,1,26585
7290019044000,false,"תפו""א לבן ארוז",,,"תפו""א לבן ארוז",קילוגרמים,1.00,"ק""ג",true,,5.90,5.9000,true,1,17999
7290019056027,false,שוופס מוגז פירות תפוחים ללא סוכר 1.5 ליטר פיקדון,יפאורה - שותפות מוגבלת לשיווק,,שוופס מוגז פירות ללס,מיליליטרים,1500.00,"100 מ""ל",false,,8.20,0.0055,true,1,18692
7290019056065,false,שוופס מוגז עדין פירות יער 1.5 ליטר פיקדון,יפאורה - שותפות מוגבלת לשיווק,,שוופס מוגז עדין פירו,מיליליטרים,1500.00,"100 מ""ל",false,,8.80,0.0059,true,1,18693
7290019056072,false,שוופס מוגז עדין אננס 1.5 ליטר פיקדון,יפאורה - שותפות מוגבלת לשיווק,,שוופס מוגז עדין אננס,מיליליטרים,1500.00,"100 מ""ל",false,,8.80,0.0059,true,1,18694
7290019056096,false,שוופס מוגז עדין אפרסק 1.5 ליטר פיקדון,יפאורה - שותפות מוגבלת לשיווק,,שוופס מוגז עדין אפרס,מיליליטרים,1500.00,"100 מ""ל",false,,8.80,0.0059,true,1,18695
7290019056119,false,שוופס סודה 1.5 ליטר פיקדון,יפאורה שותפות מוגבלת לשיווק,,משקה שוופס סודה 1.5,מיליליטרים,1500.00,"100 מ""ל",false,,4.30,0.0029,true,1,23218
7290019056126,false,שוופס סודה לימון 1.5 ליטר בק' בודד פיקדון,יפאורה - שותפות מוגבלת לשיווק,,סודה בטעם לימון שוופ,מיליליטרים,1500.00,"100 מ""ל",false,,3.20,0.0021,true,1,22868
7290019056164,false,שוופס סודה 1.5 ליטר רביעייה פיקדון,יפאורה - שותפות מוגבלת לשיווק,,רביעית שוופס סודה 1.,מיליליטרים,1500.00,"100 מ""ל",false,,12.10,0.0081,true,1,18696
7290019056171,false,שוופס סודה לימון 1.5 ליטר רביעייה פיקדון,יפאורה - שותפות מוגבלת לשיווק,,סודה בטעם לימון שוופ,מיליליטרים,1500.00,"100 מ""ל",false,,12.10,0.0081,true,1,18697
7290019056232,false,משקה מוגז בטעם ליים מוחיטו 1.5 ל' שוופס,יפאורה - שותפות מוגבלת לשיווק,,שוופס ליים מוחיטו 1.,מיליליטרים,1500.00,"100 מ""ל",false,,9.10,0.0061,true,1,18700
7290019056249,false,שוופס מים בטעמים ענבים 1.5 ליטר פיקדון,יפאורה - שותפות מוגבלת לשיווק,,מים בטעם ענבים שוופס,מיליליטרים,1500.00,"100 מ""ל",false,,8.20,0.0055,true,1,18701
7290019056294,false,שוופס ג'ינג'ר אייל 1.5 ליטר פיקדון,יפאורה - שותפות מוגבלת לשיווק,,שוופס ג'ינג'ר 1.5 לי,מיליליטרים,1500.00,"100 מ""ל",false,,12.20,0.0081,true,1,18703
7290019056300,false,משקה בטעם ביטר לימון 1.5 ל' שוויפס,יפאורה - שותפות מוגבלת לשיווק,,שוופס ביטר 1.5 ליטר,מיליליטרים,1500.00,"100 מ""ל",false,,12.20,0.0081,true,1,18704
7290019056324,false,משקה בטעם טוניק 1.5 ל' שוופס,יפאורה - שותפות מוגבלת לשיווק,,שוופס טוניק 1.5 ליטר,מיליליטרים,1500.00,"100 מ""ל",false,,12.20,0.0081,true,1,18706
7290019056331,false,שוופס טוניק ללא סוכר 1.5 ליטר פיקדון,יפאורה - שותפות מוגבלת לשיווק,,שוופס טוניק ללס 1.5,מיליליטרים,1500.00,"100 מ""ל",false,,12.20,0.0081,true,1,18707
7290019056355,false,תפוזינה לימונדה מיקס לימונענע 1.5 ליטר,יפאורה - שותפות מוגבלת לשיווק,,תפוזינה לימונענע 1.5,מיליליטרים,1500.00,"100 מ""ל",false,,9.60,0.0064,true,1,18708
7290019056379,false,משקה קל תפוזינה 1.5 ליטר תפוזים,יפאורה - שותפות מוגבלת לשיווק,,תפוזינה תפוזים 1.5 ל,מיליליטרים,1500.00,"100 מ""ל",false,,9.60,0.0064,true,1,18709
7290019056478,false,ספרינג טי קר אפרסק 1.5ליטר פיקדון,יפאורה - שותפות מוגבלת לשיווק,,ספרינג תה אפרסק 1.5,מיליליטרים,1500.00,"100 מ""ל",false,,8.80,0.0059,true,1,18711
7290019056515,false,פרוט ווטר אננס 1.5 ליטר פיקדון,יפאורה - שותפות מוגבלת לשיווק,,משקה בטעם אננס פרוט,מיליליטרים,1500.00,"100 מ""ל",false,,8.80,0.0059,true,1,18713
7290019056522,false,מים בטעם תות 1.5 ל' פרוט וואטר,יפאורה - שותפות מוגבלת לשיווק,,משקה בטעם תות פרוט ו,מיליליטרים,1500.00,"100 מ""ל",false,,8.80,0.0059,true,1,18714
7290019056546,false,fruit water פרוט ווטר אבטיח 1.5 ליטר-,יפאורה - שותפות מוגבלת לשיווק,,משקה בטעם אבטיח פרוט,מיליליטרים,1500.00,"100 מ""ל",false,,8.80,0.0059,true,1,18715
7290019056553,false,שישיית מים מינרלים עין גדי 2 ליטר,יפאורה - שותפות מוגבלת לשיווק,,מים מינרלים עין גדי,ליטרים,12.00,ליטר,false,,13.80,1.1500,true,1,18716
7290019056560,false,עין גדי מים מינרלים בקבוק 2 ליטר,יפאורה שותפות מוגבלת לשיווק,,עין גדי 2 ליטר בקבוק,מיליליטרים,2000.00,"100 מ""ל",false,,3.80,0.0019,true,1,19329
7290019056577,false,ספרינג קל מנגו 1.5 ליטר פיקדון,יפאורה - שותפות מוגבלת לשיווק,,ספרינג מנגו 1.5 ליטר,מיליליטרים,1500.00,"100 מ""ל",false,,9.40,0.0063,true,1,18521
7290019056584,false,משקה קל תפוזים ספרינג 1.5 ליטר,יפאורה - שותפות מוגבלת לשיווק,,משקה קל תפוזים ספרינ,מיליליטרים,1500.00,"100 מ""ל",false,,9.40,0.0063,true,1,18717
7290019056591,false,משקה קל ענבים ספרינג 1.5 ליטר,יפאורה - שותפות מוגבלת לשיווק,,ספרינג ענבים 1.5 ליט,מיליליטרים,1500.00,"100 מ""ל",false,,9.40,0.0063,true,1,18718
7290019056614,false,משקה קל אפרסק ספרינג 1.5 ליטר,יפאורה - שותפות מוגבלת לשיווק,,משקה ספרינג אפרסק 1.,מיליליטרים,1500.00,"100 מ""ל",false,,9.10,0.0061,true,1,18719
7290019056638,false,משקה קל ספרינג 1.5 ליטר תות בננה,יפאורה - שותפות מוגבלת לשיווק,,ספרינג תות בננה 1.5,מיליליטרים,1500.00,"100 מ""ל",false,,9.40,0.0063,true,1,18721
7290019056645,false,משקה קל ספרינג 1.5 ליטר אגס תפוח סברס,יפאורה - שותפות מוגבלת לשיווק,,ספרינג אגס סברס תפוח,מיליליטרים,1500.00,"100 מ""ל",false,,9.40,0.0063,true,1,18722
7290019056669,false,משקה קל ספרינג 1.5 ליטר תפוחים דיאט,יפאורה - שותפות מוגבלת לשיווק,,ספרינג תפוחים לייט 1,מיליליטרים,1500.00,"100 מ""ל",false,,8.20,0.0055,true,1,18724
7290019056942,false,מים מינרליים טבעיים,יפאורה,,עין גדי 2 ליטר בקבוק,מיליליטרים,2000.00,"100 מ""ל",false,,3.80,0.0019,true,1,19330
7290019056959,false,מי עדן בקבוק מתכווץ שקט 1.5 מ``ל,יפאורה - שותפות מוגבלת לשיווק,,מי עדן 1.5 ליטר,מיליליטרים,1500.00,"100 מ""ל",false,,4.50,0.0030,true,1,19331
7290019056966,false,מי עדן בקבוק פיקדון 1.5 ליטר,תבורי-שותפות מוגבלת לשיווק,,מי עדן 1.5 ליטר,מיליליטרים,1500.00,"100 מ""ל",false,,4.50,0.0030,true,1,19332
7290019056973,false,מי עדן שישיה בק `1.5ליטר פיקדון,יפאורה - שותפות מוגבלת לשיווק,,מים מינרליים מי עדן,מיליליטרים,9000.00,"100 מ""ל",false,,14.70,0.0016,true,1,18725
7290019153078,false,שוופס ביטר למון 1.5 לייט ליטר פיקדון,יפאורה - שותפות מוגבלת לשיווק,,שוופס ביטר למון לייט,מיליליטרים,1500.00,"100 מ""ל",false,,12.20,0.0081,true,1,19327
7290019153252,false,שוופס סודה תפוח 1.5 ליטר רביעייה פיקדון,יפאורה - שותפות מוגבלת לשיווק,,שוופס סודה תפוח 1.5,מיליליטרים,6000.00,"100 מ""ל",false,,12.10,0.0020,true,1,20737
7290019167020,false,עוגת גבינה עם פירות יער לייט עדן קינוחים 82 גרם,"תנובה בע""מ ***",,עוגת גבינה עם פירות,גרמים,80.00,100 גרם,false,,6.90,0.0863,true,1,23008
7290019167037,false,תותים בקצפת 82 גרם עדן קינוחים,תנובה בעמ ***,,תותים בקצפת עדן 82 ג,גרמים,82.00,100 גרם,false,,6.90,0.0841,true,1,23009
7290019167044,false,קצפת עם קרם בייגלה מתוק מלוח עדן קינוחים 82 גרם,תנובה בעמ ***,,קצפת עם קרם בייגלה מ,גרמים,82.00,100 גרם,false,,6.90,0.0841,true,1,23010
7290019232155,false,"חליטת ""לילה טוב"" קמומיל לבנדר ו25 שקיקים ויסוצקי",תה ויסוצקי (ישראל) בעמ,,"תה ""לילה טוב"" קמומיל",גרמים,37.50,100 גרם,false,,25.90,0.6907,true,1,23266
7290019233008,false,רוטב עגבניות עם קוביות ארטישוק ושמן זית 420ג ויסוצקי,תה ויסוצקי (ישראל) בעמ,,רוטב שקשוקה ארטישוק,גרמים,420.00,100 גרם,false,,13.90,0.0331,true,1,20845
7290019233015,false,רוטב שקשוקה תבשיל ירקות עם שמן זית כתית מעולה 420ג זיתא,תה ויסוצקי (ישראל) בעמ,,רוטב שקשוקה ירוקה זי,גרמים,420.00,100 גרם,false,,13.90,0.0331,true,1,20846
7290019233022,false,רוטב עגבניות עם קוביות ושמן זית 420ג זיתא,תה ויסוצקי (ישראל) בעמ,,רוטב שקשוקה חצילים ז,גרמים,420.00,100 גרם,false,,13.90,0.0331,true,1,20847
7290019297161,false,טורטיה ראפ מקמח תירס שקדיה 450 גרם,דין שיווק וקליה 2021 בעמ,,טורטיה ראפ מקמח תירס,גרמים,450.00,100 גרם,false,,9.90,0.0220,true,1,12138
7290019297239,false,צימוק חום 250 גרם ששון הקולה,דין שיווק וקליה 2021 בעמ,,צימוק חום 330 גר' קו,גרמים,330.00,100 גרם,false,,12.90,0.0391,true,1,20800
7290019297246,false,שזיפים מיובשים ששון הקולה (330 גרם),דין שיווק וקליה 2021 בעמ,,שזיפים 330 גר' בקופס,גרמים,330.00,100 גרם,false,,18.90,0.0573,true,1,20801
7290019297635,false,שקדים קלויים ששון הקולה 150 גרם,דין שיווק וקליה 2021 בעמ,,שקדים קלויים 150 גר',גרמים,150.00,100 גרם,false,,15.90,0.1060,true,1,12142
7290019297642,false,גרעין שחור קלוי ללא מלח ששון הקולה 150 ג',דין שיווק וקליה 2021 בעמ,,גרעין שחור קלוי ללא,גרמים,150.00,100 גרם,false,,4.90,0.0327,true,1,23138
7290055090986,false,איגלו טרופי כרמית 60,,,איגלו טרופי כרמית 60,יחידה,0.00,יחידה,false,,8.90,0.0000,true,1,2505
7290100240137,false,"תרסיס ריחני למייבש כחול בדין 500 מ""ל",יוניליוור ישראל שיווק בע`מ,,בדין תרסיס למייבש כב,מיליליטרים,500.00,"100 מ""ל",false,,16.90,0.0338,true,1,3982
7290100240656,false,"פתית שיפון בד""צ חדש 300X24 גר'",יוניליוור ישראל שיווק בע`מ,,פתית שיפון 300 גרם,גרמים,300.00,100 גרם,false,,15.90,0.0530,true,1,3984
7290100243671,false,"מרכך כביסה מרוכז אקסטרה כחול בדין 960 מ""ל",יוניליוור ישראל שיווק בע`מ,,מרכך כביסה מרוכז כחו,מיליליטרים,960.00,"100 מ""ל",false,,17.90,0.0186,true,1,3985
7290100244586,false,רוטב אלף האיים לייט290מל,יוניליוור,,רוטב לסלט אלף האיים,מיליליטרים,305.00,"100 מ""ל",false,,10.40,0.0341,true,1,3987
7290100244609,false,רוטב לסלט אלף האיים290מל,יוניליוור ישראל מזון בעמ,,רוטב לסלט אלף האיים,גרמים,305.00,100 גרם,false,,10.40,0.0341,true,1,3988
7290100244616,false,רוטב לסלט חרדל ודבש290מל,יוניליוור ישראל מזון בעמ,,רוטב לסלט חרדל ודבש,גרמים,290.00,100 גרם,false,,10.40,0.0359,true,1,3989
7290100245231,false,נמס בכוס מרק בטעם עוף עם אטריות ושקדי מרק-2 שקיות,יוניליוור ישראל שיווק בע`מ,,נמס בכוס עוף עם אטרי,גרמים,50.00,100 גרם,false,,6.90,0.1380,true,1,3990
7290100246023,false,כריות במילוי קרם נוג,יוניליוור ישראל מזון בע\,,כריות נוגט תלמה כשר,גרמים,500.00,100 גרם,false,,26.90,0.0538,true,1,3991
7290100247068,false,"פינוק תחליב רחצה לבנדר ווניל700 מ""ל-",יוניליוור ישראל טיפוח אי,,תחליב רחצה לבנדר וני,מיליליטרים,700.00,"100 מ""ל",false,,10.40,0.0149,true,1,3992
7290100680650,false,מנה חמה נודלס-אטריות ירקות טעם תאילנדי אסם 76 ג',קבוצת אוסם סחר שותפות מוגבלת,,מנה חמה נודלס בסגנון,גרמים,76.00,100 גרם,false,,5.90,0.0776,true,1,1607
7290100680711,false,פירורית זהב אסם זהב 350ג',קבוצת אוסם סחר שותפות מוגבלת,,פירורי לחם מוזהבים פ,גרמים,350.00,100 גרם,false,,8.50,0.0243,true,1,1609
7290100680728,false,פירורית רגילה שקית 350 גרם,קבוצת אוסם סחר שותפות מוגבלת,,פירורי לחם לבנים פיר,גרמים,350.00,100 גרם,false,,7.50,0.0214,true,1,1610
7290100681015,false,אינסטנט פודינג בטעם ריבת חלב אסם 84 גרם,קבוצת אוסם סחר שותפות מוגבלת,,פודינג אינסטנט בטעם,גרמים,84.00,100 גרם,false,,5.50,0.0655,true,1,1612
7290100681138,false,מארז אפרופו חטיף תירס 3 יחידות,קבוצת אוסם סחר שותפות מוגבלת,,מארז 3 אפרופו 50 גרם,גרמים,150.00,100 גרם,false,,12.90,0.0860,true,1,1614
7290100685136,false,"אבקת מרק טעם עוף 1 ק""ג 1/8 אסם",קבוצת אוסם סחר שותפות מוגבלת,,מרק בטעם עוף פרווה כ,גרמים,1000.00,100 גרם,false,,14.90,0.0149,true,1,1624
7290100685334,false,אבקת מרק עוף אמיתי בשרי רכיבים טבעיים אסם 400 גרם,קבוצת אוסם סחר שותפות מוגבלת,,מרק עוף אמיתי מרכיבי,גרמים,400.00,100 גרם,false,,21.50,0.0538,true,1,1626
7290100685341,false,אבקת מרק טעם עוף זך רכיבים טבעיים אסם 400 גרם,קבוצת אוסם סחר שותפות מוגבלת,,מרק בטעם עוף זך מרכי,גרמים,400.00,100 גרם,false,,15.90,0.0398,true,1,1627
7290100685525,false,ג'לי בטעם תות 2 * 90 גרם,אסם,,גלי בטעם תות פרווה ב,גרמים,180.00,100 גרם,false,,9.80,0.0544,true,1,1628
7290100685938,false,עוגת הבית דבש ותפוח עץ עם פירורים 400 גר,קבוצת אוסם סחר-שות.מוגבלת,,הבית עוגת דבש ותפוח,גרמים,400.00,100 גרם,false,,14.90,0.0373,true,1,1629
7290100687109,false,במבה במילוי קרם נוגט 60ג' אסם,קבוצת אוסם סחר-שות.מוגבלת,,במבה במילוי קרם נוגט,גרמים,60.00,100 גרם,false,,4.90,0.0817,true,1,1631
7290100689301,false,אבקת מרק בטעם עוף זך עדיף אסם 400 גרם,קבוצת אוסם סחר שותפות מוגבלת,,אסם עדיף זך טעם עוף,גרמים,400.00,100 גרם,false,,13.90,0.0348,true,1,1632
7290100700020,false,גריסי פנינה סוגת (500 גרם),האי נאם סי או אל.טי.,,גריסי פנינה סוגת 500,גרמים,500.00,100 גרם,false,,5.90,0.0118,true,1,8099
7290100700075,false,פירורי לחם מוזהבים סוגת (200 גרם),"סוגת תעשיות בע""\מ",,פירורי לחם מוזהבים ס,גרמים,200.00,100 גרם,false,,3.90,0.0195,true,1,8101
7290100700242,false,אורז מלא עגול סוגת (1 קג),"סוגת תעשיות בע""\מ",,אורז מלא עגול סוגת 1,גרמים,1000.00,100 גרם,false,,9.90,0.0099,true,1,8102
7290100700273,false,קינואה לבנה 500 ג סו,האי נאם סי או אל.טי.,,קינואה סוגת 500 גרם,גרמים,500.00,100 גרם,false,,13.90,0.0278,true,1,8104
7290100700372,false,"אורז בסגנון בסמטי מלא 1 ק""ג",האי נאם סי או אל.טי.,,אורז בסמטי מלא סוגת,גרמים,1000.00,100 גרם,false,,13.90,0.0139,true,1,8105
7290100700396,false,"אורז יסמין קלאסי סוגת 1 ק""ג",האי נאם סי או אל.טי.,,אורז יסמין קלאסי סוג,גרמים,1000.00,100 גרם,false,,12.30,0.0123,true,1,8106
7290100700587,false,"בורגול ""סוגת"" 500 גרם",האי נאם סי או אל.טי.,,בורגול סוגת 500 גרם,גרמים,500.00,100 גרם,false,,5.90,0.0118,true,1,8107
7290100702994,false,סוכר דמררה קלאסי בשקית סוגת 500 גרם,"סוגת תעשיות בע""מ",,סוכר דמררה בשקית סוג,גרמים,500.00,100 גרם,false,,5.90,0.0118,true,1,8120
7290100703007,false,"עדשים שחורות בלוגה 500 גרם ""סוגת""",האי נאם סי או אל.טי.,,עדשים שחורות סוגת 50,גרמים,500.00,100 גרם,false,,7.90,0.0158,true,1,8121
7290100703533,false,קמח קסם תערובת קמח שמרים סוגת 1 קג,טחנות קמח שטיבל באר שבע,,קמח שמרים קסם סוגת 1,גרמים,1000.00,100 גרם,false,,8.90,0.0089,true,1,8122
7290100858592,false,אבקת קקאו עלית שקית 150 ג',הנסיך- מפעל לייצור ט,,שקית קקאו עלית 150 ג,גרמים,150.00,100 גרם,false,,9.90,0.0660,true,1,11300
7290100922392,false,הוואי מרכך נקטר מזין 700 מ`ל,טרופיקל דגיל,,מרכך נקטר מזין לשיער,יחידה,0.00,יחידה,false,,8.90,0.0000,true,1,9583
7290100922606,false,שמפו הוואי 7שמנים פרח700,טרופיקל דגיל,,שמפו משקם 7 שמני פרח,יחידה,0.00,יחידה,false,,8.90,0.0000,true,1,9584
7290100924457,false,שלישיית כדוריות סבון לאסלה לימון סוד 50 גרם,גורי שיווק בעמ,,סבון לאסלה לימון סוד,גרמים,150.00,100 גרם,false,,18.90,0.1260,true,1,17879
7290101111764,false,חטיף קראש בוטנים וקרמל,פלקו בעמ חברה ישראלית,,חטיף קראש בוטנים וקר,גרמים,80.00,100 גרם,false,,5.90,0.0738,true,1,21355
7290101112440,false,שלגון אייס קפוצ'ינו - חלבי פלדמן,פלקו בעמ חברה ישראלית,,גרניטה אייס קפוצ'ינו,גרמים,80.00,100 גרם,false,,2.90,0.0362,true,1,21359
7290101112945,false,שלגון גרניטה תות פלדמן,פלקו בעמ חברה ישראלית,,גרניטה תות,גרמים,80.00,100 גרם,false,,2.90,0.0362,true,1,21361
7290101113539,false,טילון יולו קטן שוקולד לבן עם ליבת שוקולד,Unknown,,טילון יולו קטן שוקול,גרמים,80.00,100 גרם,false,,5.90,0.0738,true,1,21364
7290101113690,false,יולו שוקולד לבן עם סירופ קרמל בלונד-,פלקו בעמ חברה ישראלית,,שלגון יולו שוקולד לב,גרמים,75.00,100 גרם,false,,7.90,0.1053,true,1,21251
7290101113706,false,יולו שוקולד חלב בציפוי שוקולד חלב וופל -,פלקו בעמ חברה ישראלית,,שלגון יולו שוקולד חל,גרמים,75.00,100 גרם,false,,7.90,0.1053,true,1,21252
7290101113904,false,מארז מנבו וניל 12 יח' פלדמן,פלקו בעמ חברה ישראלית,,מנבו וניל 12 יחידות,גרמים,288.00,100 גרם,false,,22.90,0.0795,true,1,23130
7290101486688,false,חטיף דגנים עם שוקולד ללא גלוטן וסוכר פרי 5*20 גרם,טבעית מוצרים מן הטבע בעמ,,חטיף דגנים עם שוקולד,גרמים,100.00,100 גרם,false,,16.90,0.1690,true,1,9022
7290101488286,false,"ליידי ספיד סטיק - דאודורנט ספריי לאישה 24/7 פרש פיוזן ורוד 150 מ""ל",ליידי ספיד סטיק Lady Speed Stick,,דאודורנט תרסיס ורוד,מיליליטרים,150.00,"100 מ""ל",false,,19.90,0.1327,true,1,9024
7290101501176,false,פלפלונים רמי לוי,ביכורי השדה הצפון בעמ` 1964,,פלפלונים רמי לוי,יחידה,1.00,יחידה,false,,9.90,9.9000,true,1,15004
7290101501305,false,מלפפונים קטנים ארוזי,ביכורי השדה הצפון בעמ` 1964,,מלפפון בייבי רמי לוי,יחידה,1.00,יחידה,false,,9.90,9.9000,true,1,15005
7290101551027,false,קפסולות קפה אספרסו חזק במיוחד 14 עלית 10 יח',הנסיך- מפעל לייצור ט,,קפסולות 14 למכונות N,יחידה,10.00,יחידה,false,,17.90,1.7900,true,1,11303
7290101551300,false,סילאן טבעי ללא תוספת סוכר בקבוק לחיץ,מכוורת יד מרדכי שטראוס ב,,סילאן טבעי לחיץ 380,גרמים,380.00,100 גרם,false,,14.90,0.0392,true,1,11304
7290101551539,false,יוגורט PRO בטעם אפרסק 0% 20 גרם חלבון בגביע,שטראוס גרופ בעמ/מצונן,,דנונה פרו 20 גר אפרס,גרמים,200.00,100 גרם,false,,5.90,0.0295,true,1,149
7290101552222,false,מילקי בטעם כיף כף 13,STRAUSS-ISRAEL,,מילקי בטעם כיף כף 13,גרמים,135.00,100 גרם,false,,2.70,0.0200,true,1,150
7290101552239,false,מילקי בטעם טוויסט 13,,,מילקי בטעם טוויסט 13,גרמים,135.00,100 גרם,false,,2.70,0.0200,true,1,151
7290101864127,false,ספריי להסרת כתמים וניש קליה (750 מל),רקיט בנקיזר (ניר איסט) בעמ,,ספריי להסרת כתמים או,מיליליטרים,750.00,"100 מ""ל",false,,17.90,0.0239,true,1,16789
7290101865261,false,נוזל הברקה למדיח כלים פיניש (800 מל),רקיט בנקיזר (ניר איסט) בעמ,,נוזל הברקה למדיח פינ,מיליליטרים,800.00,"100 מ""ל",false,,21.90,0.0274,true,1,16790
7290101999553,false,נרות גמבו כוכבים דו,סודי,,נרות ג'מבו כוכבים -,יחידה,1.00,יחידה,false,,5.90,5.9000,true,1,9366
7290102030330,false,תפוצ`יפס אקסטרא מקסיקני 200 גרם +20 תו,"שטראוס פריטו ליי בע""\מ )",,תפוצ'פס קראנצ מקסיקנ,גרמים,200.00,100 גרם,false,,10.90,0.0545,true,1,541
7290102031276,false,מארז 8 יחידות אקטימל משקה יוגורט בטעם תות בננה,שטראוס גרופ בעמ/מצונן,,אקטימל תות בננה 8*10,מיליליטרים,800.00,"100 מ""ל",false,,20.90,0.0261,true,1,157
7290102032334,false,אבקה להכנת משקה קפה בטעם וניל,"שטראוס גרופ בע""מ",,קפה נמס וניל 200 גרם,גרמים,200.00,100 גרם,false,,21.90,0.1095,true,1,11305
7290102302246,false,גבינת גאודה הולנדית 200 גרם,מיוצר עי קונדיטוריית,,גבינת גאודה בקר 34%,גרמים,200.00,100 גרם,false,,24.90,0.1245,true,1,17894
7290102302253,false,"גבינת גאודה עיזים חצי קשה 34%, 200 גרם",מיוצר עי קונדיטוריית,,גבינת עיזים חצי קשה,גרמים,200.00,100 גרם,false,,29.90,0.1495,true,1,17895
7290102302840,false,גאודה עיזים פרוסה 150 גר` הגבינות של נני,מיוצר עי קונדיטוריית,,גבינת גאודה עיזים פר,גרמים,150.00,100 גרם,false,,31.90,0.2127,true,1,17897
7290102390427,false,יוגורט ביו עם קציפת תות 3% שומן 150 ג' מולר,החברה המרכזית טלהפצת משקאות בע,,יוגורט ביו פרופ קציפ,מיליליטרים,150.00,"100 מ""ל",false,,5.20,0.0347,true,1,8365
7290102390465,false,יוגורט ביו עם קציפת אפרסק ופסיפלורה 3% שומן 150 ג' מולר,החברה המרכזית טלהפצת משקאות בע,,יוגורט ביו פרופ קציפ,מיליליטרים,150.00,"100 מ""ל",false,,5.20,0.0347,true,1,8366
7290102390489,false,יוגורט ביו עם קציפת לימון 3% שומן 150 ג' מולר,*החברה המרכזית להפצת משקאותבעמ,,יוגורט ביו פרופ קציפ,גרמים,150.00,100 גרם,false,,5.20,0.0347,true,1,8367
7290102391844,false,יוגורט ביו עם קציפת פירות יער3% שומן 150 ג' מולר,החברה המרכזית טלהפצת משקאות בע,,יוגורט ביו פרופ קציפ,מיליליטרים,150.00,"100 מ""ל",false,,5.20,0.0347,true,1,8368
7290102392254,false,"חלב בקרטון 1% 2 ליטר בד""צ - מוצר בפיקוח",*החברה המרכזית להפצת משקאותבעמ,,חלב בקרטון 2 ליטר- 1,מיליליטרים,2000.00,"100 מ""ל",false,,11.18,0.0056,true,1,21953
7290102392728,false,יוגורט ביו ביאנקו 2.8% מולר (200 גרם),*החברה המרכזית להפצת משקאותבעמ,,יוגורט ביו נטורל טבע,מיליליטרים,200.00,"100 מ""ל",false,,4.00,0.0200,true,1,8373
7290102393060,false,"יוגורט ביו קרמי מיקס גלילי ופל ואגוזים 5.9% מולר 170 מ""ל",*החברה המרכזית להפצת משקאותבעמ,,יוגורט מיקס גלילי וו,גרמים,170.00,100 גרם,false,,5.90,0.0347,true,1,8375
7290102393169,false,"יוגורט סימפלי פרוט בטעם תות 3% מולר 150 מ""ל",*החברה המרכזית להפצת משקאותבעמ,,יוגורט סימפלי פרוט ת,גרמים,150.00,100 גרם,false,,5.10,0.0340,true,1,8376
7290102393176,false,סימפלי פרוט יוגורט אפרסק 3% שומן 150 ג' מולר,*החברה המרכזית להפצת משקאותבעמ,,יוגורט סימפלי פרוט א,מיליליטרים,150.00,"100 מ""ל",false,,5.10,0.0340,true,1,8377
7290102393190,false,"יוגורט סימפלי פרוט בטעם פירות יער 3% מולר 150 מ""ל",*החברה המרכזית להפצת משקאותבעמ,,יוגורט סימפלי פרוט פ,מיליליטרים,150.00,"100 מ""ל",false,,5.10,0.0340,true,1,8378
7290102393299,false,יוגורט עיזים לשתייה 3% משק צוריאל 500 גרם,*החברה המרכזית להפצת משקאותבעמ,,יוגורט עיזים לשתייה,גרמים,500.00,100 גרם,false,,12.90,0.0258,true,1,8380
7290102393848,false,יוגורט עיזים 2.4% עם תות משק צוריאל 150 גרם,*החברה המרכזית להפצת משקאותבעמ,,יוגורט עיזים עם תות,מיליליטרים,150.00,"100 מ""ל",false,,6.10,0.0407,true,1,8382
7290102393947,false,סימפלי פרוט יוגורט בטעם קיווי 3% שומן 150 ג' מולר,*החברה המרכזית להפצת משקאותבעמ,,יוגורט סימפלי פרוט ק,גרמים,150.00,100 גרם,false,,5.10,0.0340,true,1,8384
7290102394821,false,גבינה צהובה 28% דק דק לפתיחה חוזרת 200,החברה המרכזית טלהפצת משקאות בע,,פרוסות גבינה צהובה 2,גרמים,200.00,100 גרם,false,,15.80,0.0790,true,1,8388
7290102394845,false,נעם גבינה צהובה לייט פרוסה דק דק 9% טרה 200 גרם,*החברה המרכזית להפצת משקאותבעמ,,פרוסות גבינה צהובה 9,גרמים,200.00,100 גרם,false,,17.00,0.0850,true,1,8389
7290102395101,false,ממרח גבינה ושוקולד מוו טרה 200 גרם,החברה המרכזית טלהפצת משקאות בע,,ממרח גבינה ושוקולד מ,גרמים,200.00,100 גרם,false,,11.50,0.0575,true,1,8390
7290102395224,false,שמיניית יוגורט ביו ביאנקו 1.7% מולר 150 גרם,*החברה המרכזית להפצת משקאותבעמ,,מאגדת שמיניה מולר 1.,גרמים,1200.00,100 גרם,false,,18.50,0.0154,true,1,8392
7290102395231,false,שמיניית יוגורט ביו ביאנקו 2.8% מולר 150 גרם,*החברה המרכזית להפצת משקאותבעמ,,מאגדת שמינייה 2.8% מ,גרמים,1200.00,100 גרם,false,,18.50,0.0154,true,1,8393
7290102395262,false,מארז 8 גביעים יוגורט בטעם תות שדה ואפרסק 3% Simply Fruit,החברה המרכזית טלהפצת משקאות בע,,מאגדת שמינייה סימפלי,גרמים,1200.00,100 גרם,false,,31.90,0.0266,true,1,8394
7290102395446,false,מעדן חלב בטעם וניל עם קצפת 123 ג' טרה,*החברה המרכזית להפצת משקאותבעמ,,מוו וניל וקצפת 123 ג,גרמים,123.00,100 גרם,false,,2.90,0.0236,true,1,8396
7290102395477,false,מעדן חלב בטעם שוקולד עם קצפת 123 ג' טרה,*החברה המרכזית להפצת משקאותבעמ,,מוו שוקולד קצפת 123,גרמים,123.00,100 גרם,false,,2.90,0.0236,true,1,8397
7290102395521,false,"שמנת לבישול 15% שומן 500 מ""ל טרה",החברה המרכזית טלהפצת משקאות בע,,שמנת לבישול 15% עם פ,מיליליטרים,500.00,"100 מ""ל",false,,16.20,0.0324,true,1,8398
7290102396399,false,מארז 8 יחידות מעדן חלב בטעם שוקולד 1.5%,*החברה המרכזית להפצת משקאותבעמ,,מאגדת שמינייה מעדן מ,גרמים,800.00,100 גרם,false,,13.90,0.0174,true,1,8400
7290102396405,false,מארז 8 יחידות מעדן חלב בטעם וניל 1.5%,החברה המרכזית טלהפצת משקאות בע,,מאגדת שמינייה מעדן מ,גרמים,800.00,100 גרם,false,,13.90,0.0174,true,1,8401
7290102396436,false,מעדן בטעם שוקולד 1.5% שומן מוו (125 גרם),*החברה המרכזית להפצת משקאותבעמ,,מוו מעדן חלב שוקולד,גרמים,125.00,100 גרם,false,,2.90,0.0232,true,1,8402
7290102396443,false,מעדן בטעם וניל 1.5% שומן מוו (125 גרם),*החברה המרכזית להפצת משקאותבעמ,,מוו מעדן חלב וניל 1.,גרמים,125.00,100 גרם,false,,2.90,0.0232,true,1,8403
7290102396498,false,מעדן יוגורט תות מוו 125ג,מילקו תעשיות בעמ,,יוגורט בטעם תות 1.5%,גרמים,125.00,100 גרם,false,,2.90,0.0232,true,1,8404
7290102396597,false,מעדן מוו וניל ומוס שוקולד טרה 118 גרם,*החברה המרכזית להפצת משקאותבעמ,,מעדן מוו וניל ומוס ש,גרמים,118.00,100 גרם,false,,2.90,0.0246,true,1,8406
7290102396665,false,צהובה פרוסות דקדק פתח סגור 15% 200 גר`,*החברה המרכזית להפצת משקאותבעמ,,פרוסות גבינה חצי קשה,גרמים,200.00,100 גרם,false,,15.90,0.0795,true,1,8407
7290102396795,false,טרה-מוו שישיית שוקו-מאגדת 6*200מל,החברה המרכזית טלהפצת משקאות בע,,משקה חלב דל לקטוז בט,מיליליטרים,200.00,"100 מ""ל",false,,18.00,0.0900,true,1,8412
7290102397204,false,גבינה צהובה נעם דק דק פתח סגור 200 גר,*החברה המרכזית להפצת משקאותבעמ,,פרוסות גבינה צהובה 2,גרמים,200.00,100 גרם,false,,16.10,0.0805,true,1,8417
7290102397334,false,גבינה בולגרית גלילית 5% משק צוריאל 250 גרם,החברה המרכזית טלהפצת משקאות בע,,בולגרית גלילית 5% 25,גרמים,250.00,100 גרם,false,,22.50,0.0900,true,1,8419
7290102397358,false,יוגורט מולר סימפלי פ,טרה,,יוגורט 1.5% בטעם אגס,יחידה,0.00,יחידה,false,,5.00,0.0000,true,1,8421
7290102397464,false,יוגורט ביו בתוספת גרעינים אגוזים וחמוציות 170 ג' מולר,החברה המרכזית טלהפצת משקאות בע,,יוגורט ביו נטורל פקא,גרמים,170.00,100 גרם,false,,5.90,0.0347,true,1,8423
7290102397600,false,מיקס יוגורט בתוספת שקדים ובוטנים מקורמלים 170 ג' מולר,החברה המרכזית טלהפצת משקאות בע,,יוגורט ביו מיקס שקדי,גרמים,170.00,100 גרם,false,,5.90,0.0347,true,1,8424
7290102397617,false,יוגורט ביו קרמי עם כדורים מצופים שוקולד חום לבן,*החברה המרכזית להפצת משקאותבעמ,,יוגורט ביו מיקס ביו,גרמים,180.00,100 גרם,false,,5.90,0.0328,true,1,8425
7290102397679,false,קוטג' וחצי טרה 5% מרכיבים טבעיים,*החברה המרכזית להפצת משקאותבעמ,,קוטג' וחצי 5% 375 גר,גרמים,375.00,100 גרם,false,,7.70,0.0205,true,1,8426
7290102397730,false,פרוסות גבינה אמנטל חצי קשה 30% שומן 200 ג' נעם,*החברה המרכזית להפצת משקאותבעמ,,גבינת אמנטל נעם 200,גרמים,200.00,100 גרם,false,,17.50,0.0875,true,1,8427
7290102397747,false,פרוסות גבינת מוצרלה נעם מחלב בקר 22%,*החברה המרכזית להפצת משקאותבעמ,,פרוסות מוצרלה חלב בק,גרמים,200.00,100 גרם,false,,17.90,0.0895,true,1,8428
7290102397891,false,גבינה ניו יורק מותכת %16 4*25 גרם,החברה המרכזית טלהפצת משקאות בע,,גבינה מותכת 100 גרם,גרמים,100.00,100 גרם,false,,7.70,0.0770,true,1,8429
7290102398065,false,חלב טרה בקרטון 2 ליטר מהדרין 3% - מוצר בפיקוח,*החברה המרכזית להפצת משקאותבעמ,,חלב בקרטון 3% מהדרין,מיליליטרים,2000.00,"100 מ""ל",false,,12.46,0.0062,true,1,8432
7290102398478,false,לאבנה 9% שומן 500 ג' טרה,החברה המרכזית טלהפצת משקאות בע,,לאבנה 9% 500 גרם,גרמים,500.00,100 גרם,false,,21.90,0.0438,true,1,8443
7290102398508,false,שמנת מתוקה עמידה לקצ,טרה,,שמנת מתוקה עמידה לקצ,מיליליטרים,250.00,"100 מ""ל",false,,5.90,0.0236,true,1,8444
7290102398560,false,משקה שוקו מועשר בבקבוק 1 ליטר טרה,החברה המרכזית טלהפצת משקאות בע,,שוקו טרה מועשר בבקבו,מיליליטרים,1000.00,"100 מ""ל",false,,11.90,0.0119,true,1,8445
7290102398577,false,משקה חלב בטעם שוקו 2% בבקבוק אישי,החברה המרכזית טלהפצת משקאות בע,,שוקו טרה מועשר בבקבו,מיליליטרים,250.00,"100 מ""ל",false,,5.60,0.0224,true,1,8446
7290102398713,false,יוגורט עזים פירות יער150,טרה,,יוגורט עיזים עם פירו,יחידה,0.00,יחידה,false,,6.10,0.0000,true,1,8451
7290102398799,false,משקה סויה במתיקות מופחתת משק צוריאל 1 ליטר,החברה המרכזית טלהפצת משקאות בע,,משקה סויה במתיקות מו,מיליליטרים,1000.00,"100 מ""ל",false,,10.90,0.0109,true,1,8453
7290102398836,false,משקה שקדים קלאסי 1 ליטר משק צוריאל,החברה המרכזית טלהפצת משקאות בע,,משקה שקדים קלאסי צור,מיליליטרים,1000.00,"100 מ""ל",false,,12.50,0.0125,true,1,8456
7290102398959,false,גבינת שמנת בטעם טבעי,,,גבינת שמנת בטעם טבעי,גרמים,200.00,100 גרם,false,,11.90,0.0595,true,1,8457
7290102398966,false,גבינת שמנת עם שום וש,,,גבינת שמנת עם שום וש,גרמים,200.00,100 גרם,false,,11.90,0.0595,true,1,8458
7290102399048,false,פרוסות גבינת קשקבל נעם 200 ג' טרה,*החברה המרכזית להפצת משקאותבעמ,,קשקבל נעם 200 גרם,גרמים,200.00,100 גרם,false,,22.90,0.1145,true,1,8460
7290102399642,false,מולר פרופ פסיפל.תפוז150מ,*החברה המרכזית להפצת משקאותבעמ,,יוגורט ביו פרופ טרופ,גרמים,150.00,100 גרם,false,,5.20,0.0347,true,1,8465
7290102399697,false,סימפלי פרוט מנגו 1.5% שומן 150 ג' מולר,*החברה המרכזית להפצת משקאותבעמ,,מולר סימפלי פרוט מנג,מיליליטרים,150.00,"100 מ""ל",false,,5.00,0.0333,true,1,8467
7290102399796,false,מעדן יוגורט לבן מועשר בחלבון 200 ג' מולר אקטיב,*החברה המרכזית להפצת משקאותבעמ,,מולר אקטיב 25 גרם חל,גרמים,200.00,100 גרם,false,,5.90,0.0295,true,1,8471
7290102399802,false,יוגורט עם תות מולר אקטיב מועשר בחלבון 200 גר',החברה המרכזית טלהפצת משקאות בע,,יוגורט ביו 20 גרם חל,גרמים,200.00,100 גרם,false,,6.20,0.0310,true,1,8472
7290102399819,false,יוגורט עם פירות יער מולר אקטיב מועשר בחלבון 200 גר',החברה המרכזית טלהפצת משקאות בע,,יוגורט ביו 20 גרם חל,גרמים,200.00,100 גרם,false,,6.20,0.0310,true,1,8473
7290102399857,false,מולר אקטיב לייט 20 גרם חלבון 0% שומן עם תות 200 גרם,החברה המרכזית טלהפצת משקאות בע,,יוגורט לייט 20 גרם ח,גרמים,200.00,100 גרם,false,,6.20,0.0310,true,1,8475
7290102399868,false,יוגורט מעושר בחלבון,,,יוגורט מעושר בחלבון,גרמים,200.00,100 גרם,false,,5.90,0.0295,true,1,8477
7290103124601,false,"תחליב רחצה נוזל חלב ודבש משאבה 750מ""ל פלמוליב",הנסיך- מפעל לייצור ט,,תחליב רחצה חלב דבש מ,מיליליטרים,750.00,"100 מ""ל",false,,23.90,0.0319,true,1,9029
7290103126797,false,"משחת שיניים סנסטיב פרו ריליף קולגייט 75 מ""ל",הנסיך- מפעל לייצור ט,,משחת שיניים סנסיטיב,מיליליטרים,75.00,"100 מ""ל",false,,21.90,0.2920,true,1,9030
7290103129378,false,ספיד סטיק - דאודורנט ג'ל לגבר איקס 5 85 גרם,הנסיך- מפעל לייצור ט,,דאודורנט ג'ל איקס 5,גרמים,51.00,100 גרם,false,,19.90,0.3902,true,1,9031
7290103401429,false,קפה קצב ברזילאי אוריגינס 200 גר,הנסיך- מפעל לייצור ט,,קפה פלטינום ברזילאי,גרמים,200.00,100 גרם,false,,24.90,0.1245,true,1,11312
7290103404758,false,סלט כרוב אדום במיונז אחלה 120 גרם,שטראוס גרופ בעמ/מצונן,,סלט כרוב אחלה 120 גר,גרמים,120.00,100 גרם,false,,4.90,0.0408,true,1,159
7290103681241,false,"יין הר מוסקטו מיתוג תנשמת 750 מ""ל",*החברה המרכזית להפצת משקאותבעמ,,יין לבן מוסקטו יקב ת,מיליליטרים,750.00,"100 מ""ל",false,,39.90,0.0532,true,1,8278
7290103702533,false,מגבות נייר כפול 6 יח רמילוי,,,מגבות נייר כפול 6 יח,יחידה,6.00,יחידה,false,,19.90,3.3167,true,1,14621
7290103702540,false,נייר טואלט מהדרות כדור פורח 30 גלילים טאצ',שניב תעשיות נייר בעמ,,נייר טואלט כדור פורח,יחידה,30.00,יחידה,false,,24.90,0.8300,true,1,26657
7290103702939,false,נייר טואלט גליל כפול 16 רמילוי,,,נייר טואלט רמי לוי 1,יחידה,16.00,יחידה,false,,29.90,1.8687,true,1,14625
7290104061417,false,סלט חומוס עם טחינה אחלה 400 גרם,שטראוס גרופ בעמ/מצונן,,סלט חומוס וטחינה אחל,גרמים,400.00,100 גרם,false,,10.90,0.0273,true,1,160
7290104061424,false,סלט חומוס עם זעתר אחלה 400 גרם,שטראוס גרופ בעמ/מצונן,,סלט חומוס וזעתר אחלה,גרמים,400.00,100 גרם,false,,10.90,0.0273,true,1,161
7290104061431,false,סלט חומוס עם צנובר אחלה 400 גרם,שטראוס גרופ בעמ/מצונן,,חומוס עם צנובר אחלה,גרמים,400.00,100 גרם,false,,10.90,0.0273,true,1,162
7290104061448,false,סלט חומוס עם חריף אחלה 400 גרם,שטראוס גרופ בעמ/מצונן,,סלט חומוס וחריף אחלה,גרמים,400.00,100 גרם,false,,10.90,0.0273,true,1,163
7290104066566,false,סלט טחינה שומשום מלא 500גר אחלה,שטראוס גרופ בעמ/מצונן,,טחינה 500 גרם,גרמים,500.00,100 גרם,false,,14.90,0.0298,true,1,166
7290104067693,false,חומוס אחלה עם תוספת חריף 150 גר,שטראוס גרופ בעמ/מצונן,,חומוס חריף אחלה 150,גרמים,150.00,100 גרם,false,,5.50,0.0367,true,1,167
7290104068539,false,מאסט פליפטופ מלון ואבטיח ללא גרעינים,שטראוס גרופ בע`מ,,מאסט מלון אבטיח כשלפ,גרמים,28.00,100 גרם,false,,4.50,0.1607,true,1,11320
7290104503269,false,פודינג אינסטנט בטעם,,,פודינג אינסטנט בטעם,גרמים,95.00,100 גרם,false,,4.90,0.0516,true,1,1638
7290104570131,false,תמר מג'הול ששון ושות,,,תמר מג'הול ששון ושות,יחידה,1.00,יחידה,false,,19.90,19.9000,true,1,897
7290104570513,false,"תמר מגהול כחול 1 ק""",ביכורי השדה הצפון בעמ` 1964,,"תמר מג'הול 1 ק""ג",גרמים,1000.00,100 גרם,false,,19.90,0.0199,true,1,12144
7290104722530,false,תפוצ'יפס בטעם שמנת בצל עלית 200 גרם,"שטראוס פריטו ליי בע""\מ )",,תפוציפס שמנת בצל 200,גרמים,200.00,100 גרם,false,,10.90,0.0545,true,1,542
7290104728310,false,"שמנת מתוקה עמידה 38% שומן ""יטבתה"" -מוצר בפיקוח",שטראוס גרופ בעמ/מצונן,,שמנת להקצפה 38% יטבת,מיליליטרים,250.00,"100 מ""ל",false,,6.47,0.0259,true,1,175
7290105360250,false,קפסולות 09 עשיר וארומטי למכונת נספרסו עלית 10יח',הנסיך- מפעל לייצור ט,,קפסולות 09 למכונות N,יחידה,10.00,יחידה,false,,17.90,1.7900,true,1,11327
7290105360328,false,קפסולות אספרסו חזק למכונות נספרסו 10 יח',הנסיך- מפעל לייצור ט,,קפסולות 10 למכונות N,יחידה,10.00,יחידה,false,,17.90,1.7900,true,1,11328
7290105360335,false,קפסולות אספרסו למכונות נספרסו 50 גר,הנסיך- מפעל לייצור ט,,קפסולות 07 למכונות N,יחידה,10.00,יחידה,false,,17.90,1.7900,true,1,11329
7290105360755,false,"שמן זית 3 חזק 750 מ""ל יד מרדכי",מכוורת יד מרדכי שטראוס ב,,"שמן זית 3 חזק 750 מ""",מיליליטרים,750.00,"100 מ""ל",false,,33.90,0.0452,true,1,11330
7290105360762,false,"שמן זית 1 עדין 750 מ""ל יד מרדכי",מכוורת יד מרדכי שטראוס ב,,שמן זית 1 עדין 750 מ,מיליליטרים,750.00,"100 מ""ל",false,,33.90,0.0452,true,1,11331
7290105362339,false,"שמנת לבישול 15% 250 מ""ל יטבתה מהדרין",שטראוס גרופ בעמ/מצונן,,שמנת לבישול 15% יטבת,מיליליטרים,250.00,"100 מ""ל",false,,7.90,0.0316,true,1,176
7290105363602,false,מקלות כיף כף קלאסי עלית (40 גרם),שולן צ'\יקולטה גידה סאן.,,כיף כף מקלות קלאסי 4,גרמים,40.00,100 גרם,false,,4.90,0.1225,true,1,11335
7290105364289,false,מקלות כיף כף פצפוצים עלית 40 גרם,שולן צ'\יקולטה גידה סאן.,,כיף כף מקלות פצפוצים,גרמים,40.00,100 גרם,false,,4.90,0.1225,true,1,11336
7290105364302,false,"עלית חטיף שוקולד כיף כף מקלות אגוזים, 40 גרם",שולן צ'\יקולטה גידה סאן.,,כיף כף מקלות אגוזים,גרמים,40.00,100 גרם,false,,4.90,0.1225,true,1,11337
7290105364678,false,"אקטיביה משקה יוגורט בטעם אפרסק שטראוס 250 מ""ל",שטראוס גרופ בעמ/מצונן,,משקה אקטיביה אפרסק 1,מיליליטרים,250.00,"100 מ""ל",false,,4.90,0.0196,true,1,177
7290105366993,false,סימפוניה גבינת שמנת פלפל שיפקה 5% שטראוס 200 גרם,שטראוס גרופ בעמ/מצונן,,גבינת סימפוניה פילפל,גרמים,200.00,100 גרם,false,,11.00,0.0550,true,1,181
7290105368225,false,חומוס עם פלפל שיפקה אחלה (400 גרם),שטראוס גרופ בעמ/מצונן,,חומוס עם פלפל שיפקה,גרמים,400.00,100 גרם,false,,10.90,0.0273,true,1,182
7290105368331,false,מעדן מילקי בטעם תות עם קצפת,שטראוס גרופ בעמ/מצונן,,מילקי תות שטראוס 133,גרמים,133.00,100 גרם,false,,2.90,0.0218,true,1,183
7290105369130,false,סימפוניה גבינת שמנת בצל ירוק 5% שטראוס 200 גרם,שטראוס גרופ בעמ/מצונן,,סימפוניה בצל ירוק 20,גרמים,200.00,100 גרם,false,,11.00,0.0550,true,1,187
7290105436382,false,חטיף פרי תמרים קשיו ללא תוספת סוכר וגלוטן 5 יח,טבעית מוצרים מן הטבע בעמ,,חטיף בריאות פרי תמרי,גרמים,125.00,100 גרם,false,,16.90,0.1352,true,1,9035
7290105439499,false,מאסטר שף מאסטר שף מיונז 480 גר כשלפ,רמיה סי.וי. הולנד,,מאסטר שף מיונז הולנד,גרמים,483.00,100 גרם,false,,11.90,0.0246,true,1,9038
7290105439505,false,מאסטר שף קרם בטעם מיונז לייט 479 גר כשלפ,רמיה סי.וי. הולנד,,מאסטר שף קרם בטעם מי,גרמים,521.00,100 גרם,false,,11.90,0.0228,true,1,9039
7290105691712,false,אסם עוגיות הפסקת קפה דגנים מלאים 230 גרם,קבוצת אוסם סחר שותפות מוגבלת,,עוגיות הפסקת קפה עם,גרמים,230.00,100 גרם,false,,10.90,0.0474,true,1,1652
7290105691897,false,קוסקוס פלוס עם קמח חיטה מלא,קבוצת אוסם סחר שותפות מוגבלת,,קוסקוס עם קמח חיטה מ,גרמים,350.00,100 גרם,false,,8.90,0.0254,true,1,1653
7290105691934,false,קמח שמרים אסם 1 קילו,קבוצת אוסם סחר שותפות מוגבלת,,קמח שמרים אסם 1 קילו,גרמים,1000.00,100 גרם,false,,9.90,0.0099,true,1,1654
7290105693341,false,מארז עשיריית במבה אסם 25*10 גרם,קבוצת אוסם סחר שותפות מוגבלת,,חטיף בוטנים במבה 10*,גרמים,250.00,100 גרם,false,,14.90,0.0596,true,1,1661
7290105693457,false,עוגת הבית דמקה שוקו וניל 320 גר`בחושות,קבוצת אוסם סחר שותפות מוגבלת,,הבית עוגת דמקה שוקו,גרמים,320.00,100 גרם,false,,11.90,0.0372,true,1,1662
7290105694928,false,אבקת מרק בצל רכיבים טבעיים אסם 220 גרם,קבוצת אוסם סחר שותפות מוגבלת,,אסם אב.מרק בצל ר.טבע,גרמים,220.00,100 גרם,false,,16.90,0.0768,true,1,1666
7290105695024,false,פתיתים אפויים אורז עם אטריות אסם 500 גרם,קבוצת אוסם סחר שותפות מוגבלת,,אסם פתיתים אפויים או,גרמים,500.00,100 גרם,false,,6.90,0.0138,true,1,1667
7290105695321,false,עוגת הבית בראוניז פאדג' אסם 380 גרם,קבוצת אוסם סחר שותפות מוגבלת,,הבית עוגת בראוניס פא,גרמים,350.00,100 גרם,false,,14.90,0.0426,true,1,1668
7290105695895,false,עוגת הבית דמקה דבש אסם (320 גרם),קבוצת אוסם סחר-שות.מוגבלת,,עוגת הבית דמקה דבש 3,גרמים,320.00,100 גרם,false,,11.90,0.0372,true,1,1670
7290105962331,false,סחוג תימני אדום חריף מאוד זהבי הכרם 220 גרם,שטראוס גרופ בעמ/מצונן,,סחוג חריף מאד זהבי 2,גרמים,220.00,100 גרם,false,,10.90,0.0495,true,1,189
7290105964564,false,חומוס אחלה 400 גרם. שטראוס,שטראוס גרופ בעמ/מצונן,,סלט חומוס אחלה 400 ג,גרמים,400.00,100 גרם,false,,8.50,0.0213,true,1,192
7290105965738,false,יוגורט לשתיה בטעם תות בננה267 ג' דנונה,שטראוס גרופ בעמ/מצונן,,יוגורט לשתיה 1.5 תות,מיליליטרים,267.00,"100 מ""ל",false,,4.80,0.0180,true,1,193
7290105966469,false,חומץ בלסמי ממודנה יד מרדכי (250 מל),אצטייה ג'וזפה קרמוני,,חומץ בלסמי יד מרדכי,מיליליטרים,287.00,"100 מ""ל",false,,14.70,0.0512,true,1,11343
7290105968098,false,"סלט קולסלאו 500 גרם ""אחלה""",שטראוס גרופ בעמ/מצונן,,קולסלאו 500 גרם,גרמים,500.00,100 גרם,false,,15.90,0.0318,true,1,194
7290105968654,false,רביולי עם בטטה פרווה שטראוס (400 גרם),שטראוס גרופ בעמ/מצונן,,רביולי בטטה פרווה 40,גרמים,400.00,100 גרם,false,,19.80,0.0495,true,1,195
7290105968777,false,פריכיות 5 דגנים עם תחתית שוקולד מריר 70 גרם,"טחנת האבן תעשיות בע""",,פריכיות 5 דגנים תחתי,גרמים,70.00,100 גרם,false,,8.00,0.1143,true,1,11344
7290106520066,false,"רבע לשבע שוקולד חלב במילוי אגוזים עלית 160 גרם בד""צ","הגביע מוצרי וופלים בע""\מ",,רבע לשבע קרם אגוזים,גרמים,160.00,100 גרם,false,,10.90,0.0681,true,1,11345
7290106520288,false,יוגורט פרו חלבון עם תות 2.4% שומן 150 ג' דנונה,שטראוס גרופ בעמ/מצונן,,דנונה WOW תות 150 גר,גרמים,150.00,100 גרם,false,,4.70,0.0313,true,1,196
7290106520462,false,עוגיות אישיות מילקי,TSC,,מאגדת מילקי קייק 136,גרמים,136.00,100 גרם,false,,9.80,0.0721,true,1,198
7290106520905,false,סלט טורקי אחלה (400 גרם),שטראוס גרופ בעמ/מצונן,,סלט טורקי 400 גרם,גרמים,400.00,100 גרם,false,,15.90,0.0398,true,1,199
7290106520912,false,שמנת לבישול 9% שומן 258גר מהדרין יטבתה,שטראוס גרופ בעמ/מצונן,,שמנת לבישול 9% יטבתה,מיליליטרים,250.00,"100 מ""ל",false,,7.90,0.0316,true,1,200
7290106521049,false,אחלה טעמי השוק קוביות סלק 400 גר,שטראוס גרופ בעמ/מצונן,,קוביות סלק 400,גרמים,400.00,100 גרם,false,,15.90,0.0398,true,1,201
7290106524439,false,חטיף פופס תפוצ`יפס (60 גרם),"שטראוס פריטו ליי בע""\מ )",,תפוצ'יפס פופס 60 גרם,גרמים,60.00,100 גרם,false,,4.00,0.0667,true,1,548
7290106525368,false,גלילי וופל רבע לשבע אין סייד אוט 125 גר,"הגביע מוצרי וופלים בע""\מ",,רבע שבע טבעוני שחור,גרמים,125.00,100 גרם,false,,10.90,0.0872,true,1,18473
7290106525382,false,קפה טורקי עלית 125 גר,עלית,,קפה טורקי עלית 125 ג,גרמים,125.00,100 גרם,false,,9.90,0.0792,true,1,11347
7290106525399,false,קפסולות 06 ברזיל למכונות נספרסו עלית 10יח',הנסיך- מפעל לייצור ט,,קפסולות 06 ברזיל למכ,יחידה,10.00,יחידה,false,,17.90,1.7900,true,1,11348
7290106525405,false,קפסולות קפה עלית נטול קפאין אספרסו) (10,שטראוס קפה בי.וי.,,קפסולות נטול קפאין ל,יחידה,10.00,יחידה,false,,17.90,1.7900,true,1,11349
7290106526822,false,פריכיות אורז חום מלא תחתית שוקולד חלב 80 גרם,"טחנת האבן תעשיות בע""",,פריכיות אורז חום מלא,גרמים,80.00,100 גרם,false,,8.00,0.1000,true,1,11351
7290106571600,false,פודינג אינסטנט בטעם,,,פודינג אינסטנט בטעם,גרמים,85.00,100 גרם,false,,4.90,0.0576,true,1,1676
7290106571921,false,פיטנס עוגיות עם חמוציות נסטלה (180 גרם),קבוצת אוסם סחר שותפות מוגבלת,,פיטנס עוגיות חמוציות,גרמים,180.00,100 גרם,false,,11.90,0.0661,true,1,1679
7290106572027,false,קרקר לחמית חמישה דגנים אסם (190 גרם),קבוצת אוסם סחר-שות.מוגבלת,,לחמית חמישה דגנים 19,גרמים,190.00,100 גרם,false,,9.50,0.0500,true,1,1681
7290106572065,false,חטיפי טורטיה בטעם חמוץ מתוק אסם (60 גרם),קבוצת אוסם סחר שותפות מוגבלת,,חטיפי טורטיה תירס בט,גרמים,60.00,100 גרם,false,,7.90,0.1317,true,1,1682
7290106573277,false,חטיף קרקר קריספי עם זיתים כבושים,קבוצת אוסם סחר שותפות מוגבלת,,אסם קריספי טאפאס זית,גרמים,150.00,100 גרם,false,,11.90,0.0793,true,1,1687
7290106573628,false,חומוס עם טחינה צבר (400 גרם),קבוצת אוסם סחר שותפות מוגבלת,,חומוס עם טחינה צבר 4,גרמים,400.00,100 גרם,false,,11.90,0.0298,true,1,1692
7290106574793,false,עוגת הבית בטעם שוקו-שוקוצ'יפס 350 ג' אסם,קבוצת אוסם סחר שותפות מוגבלת,,עוגת הבית שוקו שוקוצ,גרמים,350.00,100 גרם,false,,11.90,0.0340,true,1,1696
7290106574953,false,בייגלה שטוחים כעכים שטוחים עם שומשום,קבוצת אוסם סחר שותפות מוגבלת,,בייגלה שטוחים שומשום,גרמים,300.00,100 גרם,false,,9.90,0.0330,true,1,1697
7290106574977,false,בייגלה שטוחים טבעות עם מלח אסם (300 גרם),קבוצת אוסם סחר שותפות מוגבלת,,בייגלה כעכים שטוחים,גרמים,300.00,100 גרם,false,,9.90,0.0330,true,1,1698
7290106575257,false,עוגת הבית סופלה בטעם שוקולד 340 ג' אסם,קבוצת אוסם סחר שותפות מוגבלת,,עוגת הבית סופלה בטעם,גרמים,340.00,100 גרם,false,,11.90,0.0350,true,1,1700
7290106576223,false,אפרופו מצופה שוקולד 40 ג'!,קבוצת אוסם סחר שותפות מוגבלת,,אפרופו שוקולד כלפ 40,גרמים,40.00,100 גרם,false,,4.90,0.1225,true,1,1703
7290106576391,false,צ'יפסי בטעם שמנת בצל50גר,אסם,,צ'יפסי חטיף תפוחי אד,גרמים,50.00,100 גרם,false,,2.90,0.0580,true,1,1704
7290106576414,false,צ'יפסי בטעם מקסיקני 50גר,אסם,,צ'יפסי חטיף תפוחי אד,גרמים,50.00,100 גרם,false,,2.90,0.0580,true,1,1705
7290106576513,false,סלט רק חומוס צבר 400 גרם,קבוצת אוסם סחר שותפות מוגבלת,,חומוס חלק צבר 400 גר,גרמים,400.00,100 גרם,false,,9.90,0.0248,true,1,1706
7290106576537,false,חומוס מסעדה צבר (700 גרם),קבוצת אוסם סחר שותפות מוגבלת,,חומוס מסעדה צבר 700,גרמים,700.00,100 גרם,false,,10.90,0.0156,true,1,1707
7290106577268,false,במבה חטיף בוטנים במי,,,במבה חטיף בוטנים במי,גרמים,60.00,100 גרם,false,,4.90,0.0817,true,1,1708
7290106577282,false,טחינה אמיתית מרובע 400 ג' צבר,קבוצת אוסם סחר-שות.מוגבלת,,סלט טחינה צבר 400 גר,גרמים,400.00,100 גרם,false,,12.90,0.0323,true,1,1709
7290106577541,false,צבר כרוב אדום מרובע 400גרם,קבוצת אוסם סחר-שות.מוגבלת,,סלט כרוב אדום צבר 40,גרמים,400.00,100 גרם,false,,12.90,0.0323,true,1,1713
7290106652996,false,כיף כף מקלות קוקוס חלבי 40 גר',סולן בעבור שטראוס,,כיף כף מקלות קוקוס 4,גרמים,40.00,100 גרם,false,,4.90,0.1225,true,1,23184
7290106662025,false,תפוציפס טבעי מלח ופלפל 50 גרם,שטראוס פריטו ליי בע`מ,,תפוצ'יפס מלח פלפל 50,גרמים,50.00,100 גרם,false,,4.00,0.0800,true,1,557
7290106663121,false,"עוגה אישית במילוי קרם חלב ""מילקי קייק"" שטראוס",בובארד איטליה אס.פי.איי,,מילקי קייק 34 גרם,גרמים,34.00,100 גרם,false,,2.90,0.0853,true,1,207
7290106663183,false,צ'יטוס חטיף טעם גבינה 65ג,שטראוס פריטו ליי בעמ,,ציטוס קראצ בטעם גבינ,גרמים,65.00,100 גרם,false,,3.50,0.0538,true,1,558
7290106664067,false,לאבנה עם שמן זית וזעתר 10% שטראוס 400 ג',שטראוס גרופ בעמ/מצונן,,לאבנה שמן זית וזעתר,גרמים,400.00,100 גרם,false,,14.90,0.0373,true,1,208
7290106667266,false,חטיף תירס חמוץ חריף דוריטוס (185 גרם),"שטראוס פריטו ליי בע""\מ )",,דוריטוס חמוץ חריף 18,גרמים,185.00,100 גרם,false,,7.90,0.0427,true,1,563
7290106668133,false,שוקולית בשקית 400 גר,שטראוס גרופ בעמ,,שוקולית בשקית 400 גר,גרמים,400.00,100 גרם,false,,10.90,0.0273,true,1,11372
7290106668577,false,"מיץ לימון טבעי 250 מ""ל ""יד מרדכי""",האי נאם סי או אל.טי.,,מיץ לימון טבעי 250 מ,מיליליטרים,250.00,"100 מ""ל",false,,7.90,0.0316,true,1,11373
7290106669857,false,קפסולות אספרסו בטעם וניל עלית 10 יחידות,הנסיך- מפעל לייצור ט,,קפסולות וניל למכונות,יחידה,10.00,יחידה,false,,17.90,1.7900,true,1,11377
7290106721913,false,מסטיק מאסט MUST ללא סוכר בטעם מנטה מרעננת,שטראוס גרופ בע`מ,,צנצנת מאסט מנטה מרענ,גרמים,66.00,100 גרם,false,,9.90,0.1500,true,1,11380
7290106721920,false,צנצנת מסטיק מאסט בטעם ספירמינט עדין 66 ג' עלית,"שטראוס גרופ בע""\מ.",,"צנצנת ספירמינט לל""ס",גרמים,66.00,100 גרם,false,,9.90,0.1500,true,1,11381
7290106724488,false,דנונה טבעי פרוביוטי 1.7% טבעי 150ג',"שטראוס גרופ ***בע""מ",,יוגורט דנונה ביו 1.7,גרמים,150.00,100 גרם,false,,2.60,0.0173,true,1,20609
7290106726178,false,יוגורט PRO עם פירות יער 2.4% 10 גרם חלבון בגביע,שטראוס גרופ בעמ/מצונן,,יוגורט פרו 10 גרם חל,גרמים,150.00,100 גרם,false,,4.70,0.0313,true,1,213
7290106727045,false,יוגורט דנונה פרו אננ,STRAUSS-ISRAEL,,יוגורט פרו 10 גרם חל,יחידה,150.00,יחידה,false,,4.90,0.0327,true,1,215
7290106727984,false,"כיף כף פצפצים בגביע 135 גרם ""עלית""",שולן צ'\יקולטה גידה סאן.,,גביע פצפצים 135 גרם,גרמים,135.00,100 גרם,false,,10.60,0.0785,true,1,11389
7290107280341,false,ריצפז מטליות לחות לניקוי הרצפה בניחוח מלון מפנק,החברה הדרומית לשיווק בעמ,,מטליות לחות לרצפה בנ,יחידה,1.00,יחידה,false,,12.90,12.9000,true,1,4466
7290107280549,false,"סנו - K400 קוטל זבובים ויתושים 300 מ""ל",החברה הדרומית לשיווק בעמ,,קוטל מעופפים זבובים,מיליליטרים,300.00,"100 מ""ל",false,,12.90,0.0430,true,1,4470
7290107280662,false,"סנו - מקסימה אבקת כביסה בייבי 1.25 ק""ג",סנו מקסימה,,אבקת כביסה מרוכזת לת,מיליליטרים,1250.00,"100 מ""ל",false,,16.90,0.0135,true,1,4474
7290107280716,false,מלח למדיח להגנה מפני אבנית סנו ספארק Spark,החברה הדרומית לשיווק בעמ,,מלח למדיח ספארק סנו,גרמים,2000.00,100 גרם,false,,11.90,0.0060,true,1,4475
7290107280723,false,נוזל לניקוי כלים סנו ספארק Spark בניחוח לימון רענן,החברה הדרומית לשיווק בעמ,,נוזל כלים ספארק 700,מיליליטרים,750.00,"100 מ""ל",false,,9.90,0.0132,true,1,4476
7290107280730,false,נוזל לניקוי כלים סנו ספארק Spark בניחוח לבנדר,החברה הדרומית לשיווק בעמ,,נוזל כלים ספארק 700,מיליליטרים,700.00,"100 מ""ל",false,,9.90,0.0141,true,1,4477
7290107280747,false,נוזל לניקוי כלים סנו ספארק Spark קלאסי,החברה הדרומית לשיווק בעמ,,נוזל כלים ספארק 700,מיליליטרים,700.00,"100 מ""ל",false,,9.90,0.0141,true,1,4478
7290107280754,false,נוזל כלים סנו ספארק Spark היפואלרגני פריחת השקד,החברה הדרומית לשיווק בעמ,,נוזל כלים ספארק 700,מיליליטרים,700.00,"100 מ""ל",false,,9.90,0.0141,true,1,4479
7290107645591,false,אבקת מרק בטעם עוף 100% רכיבים טבעיים 400 גרם,יוניליוור ישראל שיווק בע`מ,,קנור טעם עוף רכיבים,גרמים,400.00,100 גרם,false,,15.90,0.0398,true,1,4013
7290107646154,false,"חטיף קוקומן פצפוצים תלמה 126 גרם מארז 6 יחידות בד""צ","יוניליוור ישראל שיווק בע""מ",,מאגדת חטיף קוקומן פצ,יחידה,6.00,יחידה,false,,12.90,2.1500,true,1,4018
7290107646383,false,סיף מטליות לחות לניקוי רצפות בניחוח לימו,יוניליוור ישראל שיווק בעמ,,סיף מגבונים רצפה לימ,יחידה,10.00,יחידה,false,,10.90,1.0900,true,1,4021
7290107646826,false,"חטיף שוגי שוקו תלמה 156 גרם מארז 6 יחידות בד""צ","יוניליוור ישראל שיווק בע""מ",,חטיפי שוגי שוקו 6*26,גרמים,156.00,100 גרם,false,,12.90,0.0827,true,1,4022
7290107646833,false,"חטיף שוגי פצפוצים תלמה 138 גרם מארז 6 יחידות בד""צ",יוניליוור ישראל שיווק בע`מ,,מאגדת חטיף שוגי פצפו,יחידה,6.00,יחידה,false,,12.90,2.1500,true,1,4023
7290107646895,false,קנור - רוטב פסטה נפוליטנה 415 גרם חתם סופר,יוניליוור ישראל שיווק בע`מ,,קנור רוטב פסטה נפולי,גרמים,415.00,100 גרם,false,,10.90,0.0263,true,1,4024
7290107646918,false,רוטב עגבניות ופלפלים לשקשוקה 415 ג' קנור,יוניליוור ישראל שיווק בע`מ,,קנור רוטב שקשוקה 415,גרמים,415.00,100 גרם,false,,10.90,0.0263,true,1,4025
7290107646963,false,מיונז מתובל עם פלפל צ`ילי 250 גרם,יוניליוור ישראל שיווק בע`מ,,ממרח ספייסי מיונז תל,גרמים,250.00,100 גרם,false,,8.90,0.0356,true,1,21178
7290107646970,false,"מיונז תלמה איולי שום 273 גר בד""ץ",יוניליוור ישראל שיווק בע`מ,,ממרח איולי שום תלמה,גרמים,250.00,100 גרם,false,,8.90,0.0356,true,1,21179
7290107647076,false,קרמיסימו תותים ושוקולד לבן,גלידות שטראוס בעמ,,מעדן קפוא בטעם שוקול,יחידה,0.00,יחידה,false,,18.90,0.0000,true,1,11798
7290107647359,false,דומסטוס סבון אסלה 5 הפועלות בניחות אוקיינוס 3 יח' * 55 ג',יוניליוור ישראל שיווק בע`מ,,דומסטוס שלישיה אסלות,גרמים,165.00,100 גרם,false,,15.50,0.0939,true,1,4027
7290107647366,false,דומסטוס סבון אסלה 5 הפועלות בניחות ליים 3 יח' * 55 ג',"יוניליוור ישראל שיווק בע""מ",,דומסטוס שלישיה אסלות,גרמים,165.00,100 גרם,false,,15.50,0.0939,true,1,4028
7290107647489,false,שלגון פסק זמן לבן גל,,,שלגון פסק זמן לבן גל,יחידה,1.00,יחידה,false,,9.00,9.0000,true,1,11799
7290107647649,false,"סולרו פרוט בוסט יחידתי קוקוס אננס 89מ""ל","גלידת שטראוס בע""\מ",,סולרו סורבה קוקוס אנ,יחידה,1.00,יחידה,false,,6.00,6.0000,true,1,11802
7290107647656,false,סולרו פרוט בוסט - קוקוס אננס (פרווה),"מיוצר ע""\י גלידת שטראוס",,מאגדת סולרו פרוט בוס,יחידה,5.00,יחידה,false,,23.90,4.7800,true,1,11803
7290107647731,false,קוקומן חום לבן 20% פחות סוכר 375 גרם ב,יוניליוור ישראל שיווק בע`מ,,קוקומן חום לבן 375 ג,גרמים,375.00,100 גרם,false,,20.90,0.0557,true,1,4031
7290107647762,false,"קורנפלקס אלופים 750בד""צ",יוניליוור ישראל מזון בעמ,,קורנפלקס של אלופים מ,גרמים,750.00,100 גרם,false,,16.50,0.0220,true,1,4034
7290107647823,false,"ברנפלקס פתיתי חיטה מלאה וסובין 500 גרם ""תלמה""",יוניליוור ישראל שיווק בע`מ,,ברנפלקס 500 גרם,גרמים,500.00,100 גרם,false,,21.90,0.0438,true,1,4037
7290107649674,false,טילון בננה שוקו צ'יפ,,,טילון בננה שוקו צ'יפ,יחידה,1.00,יחידה,false,,6.00,6.0000,true,1,11806
7290107649773,false,שטראוס קרמיסימו טעם פיסטוק ושוקולד עם רי,גלידות שטראוס בעמ,,מעדן קפוא בטעמי פיסט,מיליליטרים,1330.00,"100 מ""ל",false,,18.90,0.0142,true,1,11809
7290107649780,false,שוקובו שוקולד 85 גרם,"מיוצר ע""\י גלידת שטראוס",,שוקובו שוקולד,יחידה,1.00,יחידה,false,,8.90,8.9000,true,1,11810
7290107649834,false,מאגדת מיניפסק זמן על מקל,שטראוס,,שלגון מיני בטעם נוגט,יחידה,5.00,יחידה,false,,22.90,4.5800,true,1,11814
7290107870429,false,"רוטב בסיס לבישול 580 מ""ל","אסם השקעות בע""\מ",,רוטב בסיס לבישול להכ,מיליליטרים,580.00,"100 מ""ל",false,,14.80,0.0255,true,1,1724
7290107871990,false,פסטה צינורות מהדרין אסם (500 גרם),קבוצת אוסם סחר שותפות מוגבלת,,אסם פסטה צינורות איט,גרמים,500.00,100 גרם,false,,5.90,0.0118,true,1,1729
7290107873147,false,סלט קרם עגבניות 240 גרם,צבר,,סלט קרם עגבניות מהמט,גרמים,220.00,100 גרם,false,,9.90,0.0450,true,1,1730
7290107873222,false,סלט חומוס עם פלפל חר,צבר,,סלט חומוס עם פלפל חר,גרמים,400.00,100 גרם,false,,11.90,0.0298,true,1,1731
7290107873291,false,עוגיות מיני בטעם שוק,,,עוגיות מיני בטעם שוק,גרמים,225.00,100 גרם,false,,8.90,0.0396,true,1,1732
7290107874502,false,ביסלי גריל קדמ. מארז אחיד 10 4*55 גרם,קבוצת אוסם סחר שותפות מוגבלת,,ביסלי גריל 4 * 55 גר,גרמים,220.00,100 גרם,false,,12.50,0.0568,true,1,1739
7290107875158,false,במבה קלאסי מארז 4 יח' *60ג' אסם,קבוצת אוסם סחר-שות.מוגבלת,,"במבה קלאסי מארז כל""פ",גרמים,240.00,100 גרם,false,,12.90,0.0538,true,1,1741
7290107875516,false,סירופ בטעם משמש ומנד,,,סירופ בטעם משמש ומנד,מיליליטרים,1000.00,"100 מ""ל",false,,11.90,0.0119,true,1,1745
7290107875912,false,מנה חמה פסטה עגבניות62ג,אסם,,מנה חמה פסטה עגבניות,גרמים,65.00,100 גרם,false,,5.50,0.0846,true,1,1747
7290107876889,false,אוסם - במבה במילוי קרם נוגט 45 גרם,קבוצת אוסם סחר שותפות מוגבלת,,במבה במילוי קרם נוגט,גרמים,45.00,100 גרם,false,,4.30,0.0956,true,1,1749
7290107877619,false,מארז במבה במילוי קרם נוגט 5*30ג' אסם,קבוצת אוסם סחר שותפות מוגבלת,,במבה במילוי קרם נוגט,גרמים,150.00,100 גרם,false,,13.90,0.0927,true,1,1751
7290107909495,false,סט לאנץ בוקס משובח,,,סט לאנץבוקס משובח,יחידה,1.00,יחידה,false,,22.90,22.9000,true,1,12845
7290107931397,false,כיף כף פצפוצים במילוי שוקולד 40 גרם,שולן צ'\יקולטה גידה סאן.,,כיף כף פצפצים 40 גרם,גרמים,135.00,100 גרם,false,,5.00,0.0370,true,1,11393
7290107932080,false,חלב 3% מועשר בבקבוק יטבתה (1 ליטר),שטראוס גרופ בעמ/מצונן,,חלב מועשר בקבוק 3% י,מיליליטרים,1000.00,"100 מ""ל",false,,7.70,0.0077,true,1,220
7290107936309,false,דנונה יוגורט 7% יווני לבן 130 ג',שטראוס גרופ בעמ/מצונן,,יוגורט דנונה יווני ל,גרמים,130.00,100 גרם,false,,3.40,0.0262,true,1,227
7290107936958,false,עד חצות ביסקוויט אצבעות שוקולד 125 גרם,ביסקוויטס טור ד'\אלבון,,עד חצות אצבעות 125 ג,גרמים,125.00,100 גרם,false,,9.90,0.0792,true,1,22495
7290107936965,false,עיגולים עד חצות עם שוקולד חלב 225 גר,ביסקווטרי עוגיות סנט,,עד חצות עיגולים 225,גרמים,225.00,100 גרם,false,,12.90,0.0573,true,1,11401
7290107937542,false,משקה יוגורט אקטיביה עם תות 1.2% שומן,שטראוס גרופ בעמ/מצונן,,משקה אקטיביה תות 1.2,מיליליטרים,250.00,"100 מ""ל",false,,4.90,0.0196,true,1,229
7290107937627,false,מסטיק מאסט Must קוביות ללא סוכר בטעם מנטה עדינה,שטראוס גרופ בע`מ,,צנצנת קוביות מנטה עד,גרמים,58.00,100 גרם,false,,9.90,0.1707,true,1,11402
7290107937641,false,צנצנת קוביות בזוקה גומי לעיסה 58גר,אסקום קונפקשיין,,צנצנת קוביות בזוקה 5,גרמים,58.00,100 גרם,false,,9.90,0.1707,true,1,11404
7290107937856,false,קפסולות 11חזק למכונות נספרסו עלית 10יח',הנסיך- מפעל לייצור ט,,קפסולות 11 גואטמלה ל,יחידה,10.00,יחידה,false,,17.90,1.7900,true,1,11405
7290107938396,false,שמיניית אקטימל תות דיסני בנים 108 גרם,שטראוס גרופ בעמ/מצונן,,אקטימל תות דיסני 8*1,מיליליטרים,800.00,"100 מ""ל",false,,20.90,0.0261,true,1,231
7290107939959,false,דנ.פרו טריפל זירו תות150,"שטראוס גרופ בע""\מ",,יוגורט פרו 11 בטעם ת,גרמים,150.00,100 גרם,false,,4.70,0.0313,true,1,234
7290107940467,false,אקטיביה יוגורט קרמי 1.5% דנונה (200 גרם),שטראוס גרופ בעמ/מצונן,,יוגורט 1.5% דנונה אק,גרמים,200.00,100 גרם,false,,4.00,0.0200,true,1,237
7290107942324,false,מילקי שוקולד עשיר133גרם,"שטראוס גרופ בע""\מ",,מילקי Extra שוקולד ע,גרמים,133.00,100 גרם,false,,3.60,0.0271,true,1,241
7290107943192,false,"שמנת חמוצה מהערבה 27% שומן 200 מ""ל יטבתה",שטראוס גרופ בעמ/מצונן,,שמנת חמוצה מהערבה 27,מיליליטרים,200.00,"100 מ""ל",false,,3.90,0.0195,true,1,243
7290107943369,false,קוואקר שיבולת שועל ללא גלוטן 511 גר'.,שטראוס פריטו ליי בע`מ,,קוואקר שיבולת שועל ל,גרמים,511.00,100 גרם,false,,19.90,0.0389,true,1,572
7290107944243,false,אפיפיות בטעם שוקולד 200 גרם כשר לפסח,"שטראוס גרופ בע""\מ",,אפיפיות בטעם שוקולד,גרמים,200.00,100 גרם,false,,6.90,0.0345,true,1,11414
7290107944472,false,סימפוניה גבינה במרקם שמנת 5% שום שמיר,שטראוס גרופ בעמ/מצונן,,סימפוניה שום שמיר 5%,גרמים,200.00,100 גרם,false,,11.00,0.0550,true,1,245
7290107945165,false,קונפיטורת משמש יד מרדכי 340 גרם,אף.סי תבליני בגליל ב,,קונפיטורת משמש 340 ג,גרמים,340.00,100 גרם,false,,13.90,0.0409,true,1,11419
7290107950206,false,מעדן דיאט שוקולד שטראוס 130 גרם,שטראוס גרופ בעמ/מצונן,,מעדן שטראוס דיאט שוק,גרמים,130.00,100 גרם,false,,3.20,0.0246,true,1,253
7290107950275,false,מילקי קצפת קפוצ'ינו133ג,"שטראוס גרופ בע""\מ",,מילקי Extra שוקולד ע,גרמים,133.00,100 גרם,false,,3.60,0.0271,true,1,254
7290107951104,false,בפלות ופלים ארוכים בטעם שוקולד,"שטראוס גרופ בע""\מ",,בפלות שוקולד 200 גרם,יחידה,0.00,יחידה,false,,4.90,0.0000,true,1,21575
7290107951111,false,בפלות ופלים ארוכים בטעם לימון,שטראוס גרופ בע`מ,,בפלות לימון 200 גרם,גרמים,200.00,100 גרם,false,,4.90,0.0245,true,1,21931
7290107954709,false,"קונפיטורת פירות יער ""יד מרדכי"" 340 גר'",שטראוס גרופ בע`מ,,קונפיטורת פירות יער,גרמים,340.00,100 גרם,false,,13.90,0.0409,true,1,11442
7290107954976,false,משקה חלב PRO עם קפה 1.5% 25 גרם חלבון בבקבוק,שטראוס גרופ בעמ/מצונן,,יטבתה פרו קפה 350 יט,מיליליטרים,350.00,"100 מ""ל",false,,6.50,0.0186,true,1,257
7290107956642,false,"תרסיס שמן זית 150 מ""ל יד מרדכי כשלפ",פארייפאבה אגרואינדוס,,"תרסיס שמן זית 150 מ""",מיליליטרים,150.00,"100 מ""ל",false,,17.90,0.1193,true,1,11450
7290107956901,false,קפסולות בטעם אגוזים למכונת נספרסו עלית 10 יחידות,שטראוס קפה בי.וי.,,קפסולות אגוזי לוז למ,יחידה,10.00,יחידה,false,,17.90,1.7900,true,1,11452
7290107956925,false,קפסולות 13 אוגנדה למכונת נספרסו עלית 10יח',שטראוס קפה בי.וי.,,קפסולות 13 אוגנדה למ,יחידה,10.00,יחידה,false,,17.90,1.7900,true,1,11453
7290107956932,false,קפסולות אינדונזיה מס 12 למכונת אספרסו,שטראוס קפה בי.וי.,,קפסולות 12 אינדונזיה,יחידה,10.00,יחידה,false,,17.90,1.7900,true,1,11454
7290107957069,false,"מסטיק ע""למה ""בטעם אוכניות 66 גרם צנצנת ""עלית""","שטראוס גרופ בע""\מ",,צנצנת עלמה בטעם אוכמ,גרמים,66.00,100 גרם,false,,9.90,0.1500,true,1,26636
7290107957991,false,מילקי CAKE מיניס קרם חלב בציפוי שוקולד חלב שקית 16X9ג',בובארד איטליה אס.פי.איי,,מילקי מינייס עוגה אי,גרמים,144.00,100 גרם,false,,13.90,0.0965,true,1,268
7290107973038,false,"סבון ידיים משאבה פלמוליב אקווריום 300 מ""ל",הנסיך- מפעל לייצור ט,,סבון ידיים אקווריום,מיליליטרים,300.00,"100 מ""ל",false,,10.90,0.0363,true,1,9044
7290107973861,false,מאסטר שף עגבניות קצוצות דק שלישיה 400ג*3 כשלפ,קונסרזיו קאסאלאסקו ד,,עגבניות חתוך דק מאסט,גרמים,1200.00,100 גרם,false,,16.90,0.0141,true,1,9045
7290107974806,false,"אורז בסגנון בסמטי 1ק""ג מאסטר שף",דווה סינג שיהם סינג,,מאסטר שף אורז בסמטי,גרמים,1000.00,100 גרם,false,,11.90,0.0119,true,1,9048
7290107974837,false,ממרח מתובל שום 253 גר מנה מאסטר שף,רמיה סי.וי.הולנד,,מאסטר שף ממרח מתובל,גרמים,253.00,100 גרם,false,,7.90,0.0312,true,1,9050
7290107979542,false,קוקי רדיד אלומיניום כוכבים זוג 2*30מ,ש.שסטוביץ בעמ,,רדיד אלומיניום צר עם,יחידה,0.00,יחידה,false,,9.90,0.0000,true,1,9061
7290108271188,false,כוסות נייר שתיה חמה,,,כוסות נייר שתיה חמה,יחידה,50.00,יחידה,false,,11.90,0.2380,true,1,10258
7290108271416,false,שקיות אשפה 52/65 עם שרוך רמי לוי,רמי לוי,,שקיות אשפה 52/65 עם,יחידה,1.00,יחידה,false,,18.90,18.9000,true,1,10264
7290108271430,false,שקיות אשפה עם שרוך 2*10 רמי לוי,רמי לוי,,שקית אשפה עם שרוך זו,גרמים,760.00,100 גרם,false,,14.60,0.0192,true,1,10265
7290108271454,false,שקיות מזון בקופסא רמי לוי 300 יח,רמי לוי,,שקיות מזון בקופסא רמ,יחידה,300.00,יחידה,false,,9.90,0.0330,true,1,10266
7290108271461,false,שקיות רב שימושיות (הקפאה) 200 יחידות,רמי לוי,,שקיות הקפאה-זוגות גל,יחידה,2.00,יחידה,false,,8.30,4.1500,true,1,10267
7290108271485,false,שקיות גופייה 75/90 רמי לוי 25 יח,איכותית,,שקיות גופייה אפור HD,יחידה,25.00,יחידה,false,,14.60,0.5840,true,1,10268
7290108271492,false,נייר אפייה רמי לוי 37*42,רמי לוי,,נייר אפייה רמי לוי 3,יחידה,50.00,יחידה,false,,8.90,0.1780,true,1,10269
7290108271577,false,כוסות עם מכסה רמי לוי 30 יח,רמי לוי,,כוסות עם מכסה 300 יח,יחידה,300.00,יחידה,false,,16.90,0.0563,true,1,10270
7290108271607,false,"רדיד אלומיניום זוגות רמי לוי 30 ס""מ",רמי לוי,,רדיד אלומיניום זוגות,יחידה,2.00,יחידה,false,,11.90,5.9500,true,1,10271
7290108271614,false,"רדיד אלומיניום זוגות רמי לוי 45 ס""מ",רמי לוי,,רדיד אלומיניום זוגות,יחידה,2.00,יחידה,false,,14.90,7.4500,true,1,10272
7290108271621,false,רדיד אלומיניום רמי לוי 60 מ',רמי לוי,,רדיד אלומיניום עבה (,יחידה,1.00,יחידה,false,,23.90,23.9000,true,1,10273
7290108271652,false,צמרוני עץ רמי לוי 100 יח,רמי לוי,,צמרוני עץ רמי לוי 10,יחידה,100.00,יחידה,false,,1.90,0.0190,true,1,10274
7290108271669,false,צמרוני עץ רמי לוי 300 יח,רמי לוי,,צמרוני עץ רמי לוי 30,יחידה,300.00,יחידה,false,,3.90,0.0130,true,1,10275
7290108271812,false,קופסאות אחסון 2 ליטר,חגיגית,,קופסאות אחסון 2 ליטר,יחידה,4.00,יחידה,false,,9.90,2.4750,true,1,10279
7290108272000,false,כוסות שתיה קרה 100 יחידות,חגיגית,,כוסות שתיה קרה 100 י,יחידה,100.00,יחידה,false,,7.90,0.0790,true,1,10287
7290108272079,false,מגבונים לניקוי כללי 400 יח דלי,רמי לוי,,מגבונים לניקוי כללי,יחידה,400.00,יחידה,false,,20.90,0.0522,true,1,10288
7290108272130,false,נייר סנדויץ 25*35 רמי לוי 100 יח,רמי לוי,,נייר סנדויץ 25*35 רמ,יחידה,100.00,יחידה,false,,8.90,0.0890,true,1,10289
7290108272154,false,מרקיות רמי לוי 25 יח,רמי לוי,,מרקיות רמי לוי 25 יח,יחידה,25.00,יחידה,false,,7.90,0.3160,true,1,10291
7290108272161,false,קערית אובלית קטן רמי לוי 25 יח,רמי לוי,,קערית אובלית קטן רמי,יחידה,25.00,יחידה,false,,5.50,0.2200,true,1,10292
7290108272185,false,צלחת בינוני רמי לוי 50 יח,רמי לוי,,צלחת בינוני רמי לוי,יחידה,50.00,יחידה,false,,13.90,0.2780,true,1,10294
7290108272451,false,מרקיה קרם רמי לוי 25 יח,,,מרקיה קרם רמי לוי 25,יחידה,25.00,יחידה,false,,7.90,0.3160,true,1,10304
7290108272567,false,תבנית אפייה נייר עגולה 3 יחידות,,,תבנית אפייה נייר עגו,יחידה,3.00,יחידה,false,,8.30,2.7667,true,1,10307
7290108272574,false,תבנית אפייה נייר מרובעת 2 יחידות,,,תבנית אפייה מרובעת 2,יחידה,2.00,יחידה,false,,6.20,3.1000,true,1,10308
7290108272659,false,שקיות מזון רמי לוי 200 יח,,,שקיות מזון 18*24 (20,100 יחידה,200.00,100 יחידה,false,,3.90,0.0195,true,1,21100
7290108272918,false,"סבון ידיים 3*500 מ""ל רמי לוי",,,סבון ידיים מפנק הפי,מיליליטרים,1500.00,"100 מ""ל",false,,11.90,0.0079,true,1,10315
7290108272925,false,"סבון ידיים 3*500 מ""ל רמי לוי",,,סבון ידיים ים מרענן,יחידה,3.00,יחידה,false,,11.90,3.9667,true,1,10316
7290108273083,false,צלחת קטנה איכותית קרם רמי לוי 25 יח,רמי לוי,,צלחת 7' קרם (25 יח'),יחידה,25.00,יחידה,false,,6.90,0.2760,true,1,10319
7290108273168,false,צלחת בינונית איכותית קרם רמי לוי 25 יח,רמי לוי,,צלחת 9' קרם (25 יח'),יחידה,25.00,יחידה,false,,12.90,0.5160,true,1,10322
7290108273410,false,ניילון נצמד זוגות 2*30 רמי לוי,רמי לוי,,ניילון נצמד זוגות 2*,יחידה,2.00,יחידה,false,,8.90,4.4500,true,1,10328
7290108273427,false,ניילון נצמד 150 מטר + סכין עליון רמי לוי,רמי לוי,,ניילון נצמד 150 מ' ס,יחידה,1.00,יחידה,false,,17.00,17.0000,true,1,10329
7290108273618,false,קיסמי שניים מארז מלחייה רמי לוי,רמי לוי,,קיסמי שניים מארז מלח,יחידה,500.00,יחידה,false,,2.90,0.0058,true,1,10332
7290108273632,false,שיפודי עץ רמי לוי 100 יח,רמי לוי,,שיפודי עץ רמי לוי 10,יחידה,100.00,יחידה,false,,3.90,0.0390,true,1,10334
7290108273656,false,תבניות אלומניום צרות רמי לוי 5 יח,רמי לוי,,תבניות אלומניום צרות,יחידה,5.00,יחידה,false,,7.90,1.5800,true,1,10336
7290108273663,false,מגשיות אלומיניום גדולות (5 יח') R33 רמי,רמי לוי,,מגשיות אלומיניום גדו,יחידה,5.00,יחידה,false,,6.90,1.3800,true,1,10337
7290108273670,false,מגשיות אלומיניום ענקיות (3 יח') R99 רמי,רמי לוי,,תבניות אלומניום ענקי,יחידה,3.00,יחידה,false,,8.90,2.9667,true,1,10338
7290108273694,false,מגשיות אלומיניום אינגליש (10 יח') R88 רמ,רמי לוי,,תבנית אינגליש קייק ר,יחידה,10.00,יחידה,false,,7.90,0.7900,true,1,10340
7290108273809,false,כפפות ניטריל כחולות M רמי לוי,רמי לוי,,כפפות ניטריל ללא אבק,יחידה,1.00,יחידה,false,,23.00,23.0000,true,1,10348
7290108273977,false,כפית מהודרת קרם רמי,רמי לוי,,כפית קרם (50 יח') רמ,יחידה,50.00,יחידה,false,,7.90,0.1580,true,1,10359
7290108274127,false,שקיות גדולות 100 יח רמי לוי,,,שקיות אשפה 52/65 (10,יחידה,100.00,יחידה,false,,19.90,0.1990,true,1,10366
7290108274585,false,כוסות נייר שתיה חמה,,,כוסות נייר שתיה חמה,יחידה,50.00,יחידה,false,,11.90,0.2380,true,1,10374
7290108274592,false,נייר אפייה רמי לוי 3,נייר אפיה 3 ב 21,,נייר אפייה רמי לוי 3,יחידה,50.00,יחידה,false,,8.90,0.1780,true,1,10375
7290108274615,false,קעריות אובליות לבן 25 יחידות,,,קערית אובלית קטן רמי,יחידה,25.00,יחידה,false,,5.50,0.2200,true,1,10377
7290108274622,false,לבן מרקיה (25 יח') בסט וליו,,,מרקיות רמי לוי 25 יח,יחידה,25.00,יחידה,false,,7.90,0.3160,true,1,10378
7290108274639,false,צלחות קטנות לבן 50 יחידות-רמי,,,צלחת בינוני רמי לוי,יחידה,50.00,יחידה,false,,13.90,0.2780,true,1,10379
7290108274707,false,קרם צלחת 9' (25 יח') בסט וליו,,,צלחת 9' קרם (25 יח'),יחידה,25.00,יחידה,false,,12.90,0.5160,true,1,10381
7290108275063,false,שקיות ענקיות רמי לוי 40 יחידות,,,שקיות ענקיות רמי לוי,יחידה,40.00,יחידה,false,,14.90,0.3725,true,1,10383
7290108275117,false,כפפות גומי (M) רמי ל,,,כפפות גומי (M) רמי ל,יחידה,1.00,יחידה,false,,5.50,5.5000,true,1,10384
7290108275407,false,כוס שתייה קרה 100 יח-חגיגית,כוסות שתיה קרה 4 ב 1,,כוסות שתיה קרה 100 י,יחידה,100.00,יחידה,false,,7.90,0.0790,true,1,10394
7290108275544,false,מזלג לבן (100 יח') ב,,,מזלג לבן (100 יח') ב,יחידה,100.00,יחידה,false,,9.90,0.0990,true,1,10396
7290108275551,false,כף לבנה 100 יחידות,,,כף לבן 100 יחידות,יחידה,100.00,יחידה,false,,9.90,0.0990,true,1,10397
7290108275568,false,כפית לבן 100 יחידות,,,כפית לבן 100 יחידות,יחידה,100.00,יחידה,false,,7.90,0.0790,true,1,10398
7290108276343,false,מטליות רצפה זיגזג רמי לוי,,,מטליות רצפה זיגזג 3,יחידה,3.00,יחידה,false,,7.90,2.6333,true,1,10407
7290108277241,false,קשיות עבות 100 יחידו,,,קשיות עבות 100 יחידו,יחידה,100.00,יחידה,false,,4.90,0.0490,true,1,10415
7290108277555,false,שקיות אשפה 90*75 רמי לוי,,,שקיות אשפה 75*90 רמי,יחידה,40.00,יחידה,false,,19.90,0.4975,true,1,10421
7290108277579,false,שקיות אשפה 50*50 רמי לוי,,,שקיות אשפה לפחים קטנ,יחידה,100.00,יחידה,false,,10.90,0.1090,true,1,10422
7290108279238,false,ניו יורק צלחת ורוד ע,,,ניו יורק צלחת ורוד ע,יחידה,10.00,יחידה,false,,9.50,0.9500,true,1,10482
7290108351552,false,"סנו - ג'ט לניקוי כללי בתוספת חומץ בניחוח לבנדר 750 מ""ל",החברה הדרומית לשיווק בעמ,,"ג'ט חומץ מרסס 750 מ""",מיליליטרים,750.00,"100 מ""ל",false,,15.90,0.0212,true,1,4492
7290108351613,false,סנו ריצפז פרש הום 2 ליטר בניחוח מלון חלומי,החברה הדרומית לשיווק בעמ,,הום פרש ריצפז בית מל,מיליליטרים,2000.00,"100 מ""ל",false,,19.90,0.0099,true,1,4494
7290108351699,false,סנו - ג'ט מטליות לחות לניקוי כללי בתוספת חומץ לבנדר שלישיה,החברה הדרומית לשיווק בעמ,,מארז שלישייה מגבונים,יחידה,50.00,יחידה,false,,20.90,0.4180,true,1,4497
7290108356113,false,תחליב רחצה כיף ניחוח דבש 700 מל,החברה הדרומית לשיווק בעמ,,כיף תחליב רחצה דבש 7,מיליליטרים,700.00,"100 מ""ל",false,,12.90,0.0184,true,1,4514
7290108356120,false,תחליב רחצה כיף ניחוח קוקוס וניל700 מל,החברה הדרומית לשיווק בעמ,,כיף תחליב רחצה קוקוס,מיליליטרים,700.00,"100 מ""ל",false,,12.90,0.0184,true,1,4515
7290108357707,false,"כיף שמפו לשיער רגיל- תפוח זרעי צ'יה 700 מ""ל",החברה הדרומית לשיווק בעמ,,כיף שמפו לשיער רגיל,מיליליטרים,700.00,"100 מ""ל",false,,12.90,0.0184,true,1,4523
7290108357769,false,"מרכך לשיער רגיל תפוח וזרעי צ'יה 700 מ""ל כיף",החברה הדרומית לשיווק בעמ,,כיף מרכך לשיער רגיל,מיליליטרים,700.00,"100 מ""ל",false,,12.90,0.0184,true,1,4528
7290108357868,false,"כיף - ג'ל רחצה אליקסיר אויל מועשר בשמן מקדמיה 700 מ""ל",החברה הדרומית לשיווק בעמ,,גל רחצה שמן קוקוס כי,מיליליטרים,700.00,"100 מ""ל",false,,12.90,0.0184,true,1,19520
7290108358070,false,"תחליב רחצה קלאסי קרמה 700מ""ל.",החברה הדרומית לשיווק בעמ,,תחליב רחצה קרמה קלאס,מיליליטרים,700.00,"100 מ""ל",false,,17.90,0.0256,true,1,4532
7290108359077,false,סנו - סופט לושן ממחטות אף בקופסא 3 שכבות 120 יח',החברה הדרומית לשיווק בעמ,,ממחטות לושן 120 יחיד,יחידה,120.00,יחידה,false,,13.90,0.1158,true,1,19521
7290108501346,false,גבינה מגורדת גאודה 28% שומן EURO CHEESE ויליפוד 500 גרם,ג.וילי-פוד אינטרנשיונל **גבינו,,גבינת גאודה מגורדת 5,גרמים,500.00,100 גרם,false,,24.90,0.0498,true,1,2870
7290108501353,false,פילה אנשובי אמיתי ארוך בשמן וילי פוד 45,ג. וילי-פוד אינטרנשיונל בע`מ,,אנשובי ארוך בשמן 45,גרמים,45.00,100 גרם,false,,6.90,0.1533,true,1,2871
7290108501391,false,גבינת חצי קשה מחלב עיזים פרוסות 150 גר`,ג. וילי-פוד אינטרנשיונל בע`מ,,גבינה חצי קשה מחלב ע,גרמים,150.00,100 גרם,false,,22.90,0.1527,true,1,2873
7290108501490,false,גבינת מוצרלה פרוסות 150 גר`וילי פוד,ג.וילי-פוד אינטרנשיונל **גבינו,,גבינת מוצרלה פרוסות,גרמים,150.00,100 גרם,false,,13.90,0.0927,true,1,2875
7290108502305,false,גבינת גרדה פדנו משולש 150 גר` וילי פוד,ג.וילי-פוד אינטרנשיונל **גבינו,,גבינת גרנה פדנו משול,גרמים,150.00,100 גרם,false,,19.90,0.1327,true,1,2895
7290108502329,false,רביעיית טונה בשמן זית ויליפוד 4*160 גרם,ג. וילי-פוד אינטרנשיונל בע`מ,,נתחי טונה בהירה בשמן,גרמים,640.00,100 גרם,false,,29.90,0.0467,true,1,17249
7290108502381,false,בסיסים להכנת פיצה קוטר 26 וילי פוד 480ג',ג. וילי-פוד אינטרנשיונל בע`מ,,תחתיות לפיצה (קוטר 2,יחידה,4.00,יחידה,false,,12.90,3.2250,true,1,2896
7290108502541,false,גבינת שמנת טעם טבעי ויליפוד 200 גרם,ג.וילי-פוד אינטרנשיונל **גבינו,,גבינת שמנת טבעי 24%,גרמים,200.00,100 גרם,false,,12.90,0.0645,true,1,2897
7290108502725,false,גבינת גאודה פרוסות ויליפוד 400 גרם,ג.וילי-פוד אינטרנשיונל **גבינו,,גבינת גאודה פרוסות 2,גרמים,400.00,100 גרם,false,,19.90,0.0497,true,1,2903
7290108502763,false,גבינת קממבר ויליפוד 200 גרם,ג.וילי-פוד אינטרנשיונל **גבינו,,גבינת קממבר יורו 200,גרמים,200.00,100 גרם,false,,20.90,0.1045,true,1,17250
7290108502862,false,מלפפונים כבושים במלח 18-25 קטנים ויליפוד 600 גרם,ג. וילי-פוד אינטרנשיונל בע`מ,,מלפפונים כבושים במלח,גרמים,600.00,100 גרם,false,,11.90,0.0198,true,1,2906
7290108503043,false,תפוחונים חטיף פלחים מיובשים מארז 22X4ג',ג. וילי-פוד אינטרנשיונל בע`מ,,תפוחי עץ מיובשים תפו,גרמים,88.00,100 גרם,false,,14.90,0.1693,true,1,2908
7290108503142,false,פסטה איטליאנה לזניה ויליפוד 500 גרם,ג. וילי-פוד אינטרנשיונל בע`מ,,לזניה פסטה איטלקית 5,גרמים,500.00,100 גרם,false,,9.90,0.0198,true,1,2912
7290108503159,false,גבינה כחולה עם עובש 31% ויליפוד 100 גרם,ג.וילי-פוד אינטרנשיונל **גבינו,,גבינה כחולה 31% עם ע,גרמים,100.00,100 גרם,false,,14.90,0.1490,true,1,2913
7290108503791,false,ניוקי תפוח אדמה 3 צבעים 500 גרם (ללא גלוטן),ג. וילי-פוד אינטרנשיונל בע`מ,,"ניוקי תפו""א 3 צבעים",גרמים,500.00,100 גרם,false,,10.90,0.0218,true,1,20154
7290108503999,false,פרוסות גבינה בטעם גאודה לכריכים וטוסטים ויליפוד 150 גרם,ג.וילי-פוד אינטרנשיונל **גבינו,,פרוסות גבינה בטעם גא,גרמים,150.00,100 גרם,false,,10.90,0.0727,true,1,2935
7290108504286,false,איבריקו צ'אנק ויליפוד 150 גרם,ג.וילי-פוד אינטרנשיונל **גבינו,,איבריקו צ'אנק יורו 1,גרמים,150.00,100 גרם,false,,17.90,0.1193,true,1,22632
7290108504293,false,מנצ`גו צ`אנק 150 גרם ויליפוד,ג.וילי-פוד אינטרנשיונל **גבינו,,מנצ'גו צ'אנק יורו 15,גרמים,150.00,100 גרם,false,,17.90,0.1193,true,1,2947
7290108504378,false,גבינת שמנת עם זיתים ויליפוד 200 גרם,ג.וילי-פוד אינטרנשיונל **גבינו,,גבינת שמנת עם זיתים,גרמים,200.00,100 גרם,false,,12.90,0.0645,true,1,2950
7290108504859,false,הצהובה הטבעונית פרוס,,,הצהובה הטבעונית פרוס,גרמים,200.00,100 גרם,false,,20.90,0.1045,true,1,2961
7290108505689,false,גבינת גרנה פדנו מגורדת ויליפוד 100 גרם,ג.וילי-פוד אינטרנשיונל **גבינו,,גבינת גרנה פדנו מגור,גרמים,100.00,100 גרם,false,,10.90,0.1090,true,1,2979
7290108505719,false,גבינת מוצרלה מגורדת EURO CHEESE ויליפוד 200 גרם,ג.וילי-פוד אינטרנשיונל **גבינו,,גבינת מוצרלה מגורדת,גרמים,200.00,100 גרם,false,,14.90,0.0745,true,1,2980
7290108505726,false,אצבעות גבינת חצי קשה EURO CHEESE ויליפוד 200 גרם,ג.וילי-פוד אינטרנשיונל **גבינו,,אצבעות - גבינה חצי ק,גרמים,200.00,100 גרם,false,,14.90,0.0745,true,1,2981
7290108505733,false,צמות -גבינה חצי קשה 25% שומן ( 200 גר) ו,ג.וילי-פוד אינטרנשיונל **גבינו,,צמות - גבינה חצי קשה,גרמים,200.00,100 גרם,false,,14.90,0.0745,true,1,2982
7290108505740,false,קשקבל גבינה חצי קשה EURO CHEESE ויליפוד 200 גרם,ג.וילי-פוד אינטרנשיונל **גבינו,,גבינת קשקבל חצי קשה,גרמים,200.00,100 גרם,false,,14.90,0.0745,true,1,2983
7290108506532,false,גליליות וופל במילוי קרם בטעם אגוזי לוז 400ג' ויליפוד,ג. וילי-פוד אינטרנשיונל בע`מ,,גליליות וופל במילוי,גרמים,400.00,100 גרם,false,,14.90,0.0373,true,1,3005
7290108506549,false,גליליות וופל במילוי קרם וניל פינוקים 400 גרם,ג. וילי-פוד אינטרנשיונל בע`מ,,גליליות וופל במילוי,גרמים,400.00,100 גרם,false,,14.90,0.0373,true,1,3006
7290108506679,false,רביולי חצילים ומוצרלה ויליפוד 250 גרם,ג. וילי-פוד אינטרנשיונל בע`מ,,רביולי חצילים ומוצרל,גרמים,250.00,100 גרם,false,,12.90,0.0516,true,1,3010
7290108506709,false,גבינת פרמג`אנו ר`גיאנו 150 גר וילי פוד,ג.וילי-פוד אינטרנשיונל **גבינו,,גבינת פרמג'יאנו רג'י,גרמים,150.00,100 גרם,false,,24.90,0.1660,true,1,20141
7290108506815,false,גליליות וופל במילוי קרם קרמל מלוח פינוקים 400 גרם,ג. וילי-פוד אינטרנשיונל בע`מ,,גליליות וופל במילוי,גרמים,400.00,100 גרם,false,,14.90,0.0373,true,1,3011
7290108507065,false,גבינת פרמג'אנו רגיאנו מגורדת ויליפוד 100 גרם,ג.וילי-פוד אינטרנשיונל **גבינו,,גבינת פרמג'יאנו רג'י,גרמים,100.00,100 גרם,false,,13.90,0.1390,true,1,3014
7290108507492,false,קרקרים עם שומשום 105ג רמילוי,,,קרקרים עם שומשום רמי,גרמים,105.00,100 גרם,false,,5.50,0.0524,true,1,3027
7290108508130,false,עגבניות איטלקיות מרוסקות 390 גרם,ג.וילי פוד אינטרנשיונל בעמ,,עגבניות איטלקיות בקר,גרמים,390.00,100 גרם,false,,8.90,0.0228,true,1,18329
7290108508147,false,מחית עגבניות איטלקיות ויליפוד 500 גרם,ג.וילי פוד אינטרנשיונל בעמ,,עגבניות איטלקיות בקר,גרמים,500.00,100 גרם,false,,9.90,0.0198,true,1,18330
7290108508581,false,פסטה ברוטב עגבניות נאפוליטנה 250 ג'-מוכנה לאכילה,ג.וילי פוד אינטרנשיונל בעמ,,פסטה ברוטב נאפוליטנה,גרמים,250.00,100 גרם,false,,6.90,0.0276,true,1,3057
7290108508703,false,טורטיה ללא גלוטן 270 גרם ויליפוד,ג.וילי-פוד אינטרנשיונל בעמ,,טורטיה ללא גלוטן ויל,גרמים,270.00,100 גרם,false,,9.90,0.0367,true,1,20528
7290108508765,false,קונכיות פתיתים 400 גרם וילי פוד,ג. וילי-פוד אינטרנשיונל בע`מ,,קונכיות פתיתים ויליפ,גרמים,400.00,100 גרם,false,,6.90,0.0173,true,1,3058
7290108508772,false,קונכיות פתיתים עם תרד 400 גרם וילי פוד,ג. וילי-פוד אינטרנשיונל בע`מ,,קונכיות פתיתים עם תר,גרמים,400.00,100 גרם,false,,6.90,0.0173,true,1,3059
7290108509090,false,גבינה מותכת משולשים EUROויליפוד 200 גרם,ג.וילי-פוד אינטרנשיונל **גבינו,,גבינה מותכת ויליפוד,גרמים,200.00,100 גרם,false,,14.90,0.0745,true,1,3063
7290108509106,false,"גבינה בולגרית מעודנת בקוביות 13% שומן 200 ג' חת""ס פ""ת",ג.וילי-פוד אינטרנשיונל **גבינו,,גבינה בולגרית מעודנת,גרמים,200.00,100 גרם,false,,12.90,0.0645,true,1,3064
7290108509113,false,"גבינה בולגרית מעודנת 18% שומן 250 גרם חת""ס פ""ת",ג.וילי-פוד אינטרנשיונל **גבינו,,גבינה בולגרית מעודנת,גרמים,250.00,100 גרם,false,,11.90,0.0476,true,1,3065
7290108509267,false,ארוחת פסטה עם רוטב גבינה ויליפוד 206 גרם,ג. וילי-פוד אינטרנשיונל בע`מ,,ארוחת פסטה עם רוטב ג,גרמים,250.00,100 גרם,false,,7.90,0.0316,true,1,3068
7290108509359,false,פופקורן בציפוי בטעם קרמל ויליפוד 90 גרם,ג. וילי-פוד אינטרנשיונל בע`מ,,פופקורן בציפוי בטעם,גרמים,90.00,100 גרם,false,,6.90,0.0767,true,1,19789
7290108509700,false,אורז פרסי 1 קג`DAAWAT וילי פוד,ג. וילי-פוד אינטרנשיונל בע`מ,,אורז פרסי DAAWAT 1 ק,גרמים,1000.00,100 גרם,false,,9.90,0.0099,true,1,18335
7290108509731,false,איירן משקה יוגורט בסגנון טורקי 2.3% שומן 1ל' יורו,ג.וילי-פוד אינטרנשיונל **גבינו,,איירן משקה יוגורט בס,מיליליטרים,1000.00,"100 מ""ל",false,,15.90,0.0159,true,1,20145
7290108509762,false,חמאת בוטנים 340 גרם בית יוסף,ג. וילי-פוד אינטרנשיונל בע`מ,,חמאת בוטנים ויליפוד,גרמים,340.00,100 גרם,false,,9.90,0.0291,true,1,18336
7290108509816,false,גבינת בייבי מוצרלה EURO CHEESE ויליפוד 200 גרם,ג.וילי-פוד אינטרנשיונל **גבינו,,גבינת בייבי מוצרלה י,גרמים,200.00,100 גרם,false,,13.90,0.0695,true,1,18339
7290108509946,false,"טורטיה (15 ס""מ קוטר) 250 גרם",ג.וילי פוד אינטרנשיונל בעמ,,טורטייה קטנה ויליפוד,גרמים,250.00,100 גרם,false,,5.50,0.0220,true,1,18340
7290108509960,false,נתחי טונה בהירה בשמן זית כתית מעולה - מארז 3 יח',ג. וילי-פוד אינטרנשיונל בע`מ,,נתחי טונה בשמן זית 3,גרמים,240.00,100 גרם,false,,15.90,0.0663,true,1,19076
7290108537994,false,כריך טונה CFF,,,כריך טונה CFF,יחידה,1.00,יחידה,false,,6.00,6.0000,true,1,10878
7290108538045,false,לחמניית טונה CFF,,,לחמניית טונה CFF,יחידה,1.00,יחידה,false,,12.00,12.0000,true,1,10880
7290108538977,false,מטריה קופיקס,,,מטריה קופיקס,יחידה,1.00,יחידה,false,,8.00,8.0000,true,1,8127
7290109351254,false,ביסלי בלאק חטיף חיטה,,,ביסלי בלאק חטיף חיטה,גרמים,60.00,100 גרם,false,,3.90,0.0650,true,1,1760
7290109351278,false,ביסלי בלאק בורגר 60 גרם,אסם,,ביסלי חטיף חיטה בטעם,גרמים,60.00,100 גרם,false,,3.90,0.0650,true,1,1761
7290109354101,false,קרקר לחמית ללא גלוטן 200 גר אסם,קבוצת אוסם סחר שותפות מוגבלת,,לחמית ללא גלוטן 200,גרמים,200.00,100 גרם,false,,9.90,0.0495,true,1,1773
7290109354422,false,סחוג אדום סלטי צבר 1,קבוצת אסם סחר שות. מוגבלת,,סחוג אדום סלטי צבר 1,גרמים,180.00,100 גרם,false,,9.90,0.0550,true,1,1776
7290109354804,false,חזרת סלטי צבר 180 גר,לחמנו,,חזרת סלטי צבר 180 גר,גרמים,180.00,100 גרם,false,,9.90,0.0550,true,1,1777
7290109354880,false,צבר חומוס עם טחינה וגרגירי חומס 375ג,סלטי צבר 2 ב 22,,חומוס עם המון טחינה,יחידה,0.00,יחידה,false,,11.90,0.0000,true,1,1778
7290109354903,false,פלפל חלפניו חריף סלט,,,פלפל חלפניו חריף סלט,יחידה,0.00,יחידה,false,,9.90,0.0000,true,1,1779
7290109354996,false,פתי בר ללא גלוטן שוקו 200 גרם אסם,קבוצת אוסם סחר שותפות מוגבלת,,פתי בר בטעם שוקו ללא,גרמים,200.00,100 גרם,false,,9.90,0.0495,true,1,1781
7290109358482,false,עוגיות קרמוגית במילוי קרם בטעם חלבה,קבוצת אוסם סחר שותפות מוגבלת,,קרמוגית במילוי חלבה,גרמים,200.00,100 גרם,false,,9.90,0.0495,true,1,1785
7290109358765,false,דגני בוקר קראנץ' רולס נוגט 450 גרם,קבוצת אוסם סחר-שות.מוגבלת,,קראנץ' רולס 450 גרם,גרמים,450.00,100 גרם,false,,23.90,0.0531,true,1,1789
7290109580043,false,"שניצל תירס קלאסי זוגלובק 1.75 ק""ג",נקניק זוגלובק נהריה,,"שניצל תירס 1.75 ק""ג",גרמים,1750.00,100 גרם,false,,50.90,0.0291,true,1,9938
7290109580098,false,קבנוס בטעם סרירצ'ה זוגלובק 135 גרם,נקניק זוגלובק נהריה,,קבנוס בטעם סרירצ'ה ז,גרמים,135.00,100 גרם,false,,10.90,0.0807,true,1,20227
7290109580104,false,זוגלובק פרימיום רוסטביף 150 גרם,נקניק זוגלובק נהריה,,רוסטביף פרימיום זוגל,גרמים,150.00,100 גרם,false,,24.90,0.1660,true,1,9939
7290109580111,false,צלעות אסאדו מעושנות פרימיום זוגלובק 120 גרם,נקניק זוגלובק נהריה,,צלעות אסאדו מעושנות,גרמים,120.00,100 גרם,false,,24.90,0.2075,true,1,19388
7290109580135,false,זוגלובק פרימיום קורנדביף 180 גרם,נקניק זוגלובק נהריה,,קורנדביף פרימיום זוג,גרמים,180.00,100 גרם,false,,24.90,0.1383,true,1,9941
7290109580159,false,פסטרמה בנוסח טוסקנה פרימיום זוגלובק 180 גרם,נקניק זוגלובק נהריה,,פסטרמה בנוסח טוסקנה,גרמים,180.00,100 גרם,false,,24.90,0.1383,true,1,9942
7290109580166,false,סרוולד קלאסי פרימיום 150 גרם זוגלובק,נקניק זוגלובק נהריה,,סרוולד פרימיום זוגלו,גרמים,150.00,100 גרם,false,,24.90,0.1660,true,1,9943
7290109580241,false,נאגטס מן הצומח זוגלובק 500 גרם,נקניק זוגלובק נהריה,,נאגטס מן הצומח זוגלו,גרמים,500.00,100 גרם,false,,25.90,0.0518,true,1,20893
7290109580432,false,פסטרמה חזה הודו מעושן דק דק זוגלובק 120 גרם,נקניק זוגלובק נהריה,,פסטרמה אקסטרה מעושנת,גרמים,120.00,100 גרם,false,,14.90,0.1242,true,1,21189
7290109580449,false,סלמי בטעם כמהין פרימיום זוגלובק 180 גרם,נקניק זוגלובק נהריה,,סלמי בטעם כמהין פרמ,גרמים,180.00,100 גרם,false,,24.90,0.1383,true,1,22053
7290110110277,false,"סומרסבי סיידר תפוחים אלכוהולי 4*300 מ""ל",החברה המרכזית להפצת משקאות בעמ,,רבעיית סומרסבי סיידר,מיליליטרים,1320.00,"100 מ""ל",false,,34.90,0.0264,true,1,8284
7290110110369,false,"שישייה בירה קרלסברג LUMA בקבוק 330 מ""ל",החברה המרכזית להפצת משקאות בעמ,,בירה קרלסברג LUMA שי,מיליליטרים,1980.00,"100 מ""ל",false,,39.90,0.0202,true,1,8286
7290110110611,false,ספרייט מופחת 1.5 ליט,החברה המרכזית להפצת משקאות בעמ,,ספרייט ליים 1.5 ליטר,מיליליטרים,1500.00,"100 מ""ל",false,,8.70,0.0058,true,1,8293
7290110110703,false,מארז ספרייט שישייה פחיות FRIDGE PACK,החברה המרכזית להפצת משקאות בעמ,,מארז ספרייט חדש 6 פח,מיליליטרים,1980.00,"100 מ""ל",false,,24.10,0.0122,true,1,8297
7290110111809,false,"מארז פחיות פאנטה אורנג' שישייה 330 מ""ל",החברה המרכזית לייצור משק,,פאנטה אורנג' 6 פח FR,מיליליטרים,1980.00,"100 מ""ל",false,,24.10,0.0122,true,1,8306
7290110113384,false,קוקה קולה זירו מארז רביעיה 1X4 ליטר,החברה המרכזית להפצת משקאות בעמ,,קוקה קולה זירו 1 ליט,מיליליטרים,4000.00,"100 מ""ל",false,,29.10,0.0073,true,1,8314
7290110113490,false,"פיוז טי אפרסק 19 קלוריות 500 מ""ל",החברה המרכזית להפצת משקאות בעמ,,"פיוז תה אפרסק 500 מ""",מיליליטרים,500.00,"100 מ""ל",false,,8.40,0.0168,true,1,8317
7290110114794,false,נביעות+ מים מינרליים בטעם אפרסק 1.5 ליטר,החברה המרכזית להפצת משקאות בעמ,,מים בטעם אפרסק נביעו,מיליליטרים,1500.00,"100 מ""ל",false,,9.20,0.0061,true,1,18637
7290110114855,false,"נביעות מים מינרליים, שישיה 6 * 1.5 ליטר פקדון",החברה המרכזית להפצת משקאות בעמ,,מים מינרילים נביעות,מיליליטרים,9000.00,"100 מ""ל",false,,13.70,0.0015,true,1,18641
7290110114961,false,משקה קל בטעם תפוזים פריגת (1.5 ליטר),החברה המרכזית להפצת משקאות בעמ,,פריגת תפוזים 1.5 ליט,מיליליטרים,1500.00,"100 מ""ל",false,,9.10,0.0061,true,1,18642
7290110114985,false,משקה קל בטעם אשכוליות פריגת (1.5 ליטר),החברה המרכזית להפצת משקאות בעמ,,פריגת אשכוליות 1.5 ל,מיליליטרים,1500.00,"100 מ""ל",false,,9.10,0.0061,true,1,18644
7290110115005,false,משקה קל בטעם ענבים פריגת (1.5 ליטר),החברה המרכזית להפצת משקאות בעמ,,משקה קל ענבים פריגת,מיליליטרים,1500.00,"100 מ""ל",false,,9.10,0.0061,true,1,18645
7290110115036,false,משקה קל בטעם מנגו פריגת (1.5 ליטר),החברה המרכזית להפצת משקאות בעמ,,פריגת מנגו 1.5 ליטר,מיליליטרים,1500.00,"100 מ""ל",false,,9.10,0.0061,true,1,18648
7290110115043,false,משקה קל בטעם לימונענע פריגת (1.5 ליטר),החברה המרכזית להפצת משקאות בעמ,,פריגת לימונענע 1.5 ל,מיליליטרים,1500.00,"100 מ""ל",false,,9.10,0.0061,true,1,18649
7290110115050,false,משקה קל בטעם תות בננה פריגת (1.5 ליטר),החברה המרכזית להפצת משקאות בעמ,,פריגת מיקס תות-בננה,מיליליטרים,1500.00,"100 מ""ל",false,,9.10,0.0061,true,1,18650
7290110115203,false,קוקה קולה 1.5 ליטר פיקדון,החברה המרכזית להפצת משקאות בעמ,,קוקה קולה 1.5 ליטר,מיליליטרים,1500.00,"100 מ""ל",false,,8.90,0.0059,true,1,18662
7290110115227,false,קוקה קולה Zero בקבוק 1.5 ליטר פיקדון,החברה המרכזית להפצת משקאות בעמ,,קוקה קולה זירו בקבוק,מיליליטרים,1500.00,"100 מ""ל",false,,8.80,0.0059,true,1,18664
7290110115258,false,קוקה קולה זירו מנגו 1.5 ליטר פיקדון,החברה המרכזית להפצת משקאות בעמ,,קוקה קולה זירו מנגו,מיליליטרים,1500.00,"100 מ""ל",false,,8.80,0.0059,true,1,18665
7290110115265,false,ספרייט לימון ליים 1.5 ליטר-,החברה המרכזית להפצת משקאות בעמ,,ספרייט ליים 1.5 ליטר,מיליליטרים,1500.00,"100 מ""ל",false,,8.90,0.0059,true,1,18666
7290110115272,false,ZERO ספרייט 1.5 ליטר פיקדון,החברה המרכזית להפצת משקאות בעמ,,ספרייט זירו בקבוק 1.,מיליליטרים,1500.00,"100 מ""ל",false,,8.60,0.0057,true,1,18667
7290110115357,false,קינלי סודה 1.5 ליטר פיקדון,החברה המרכזית להפצת משקאות בעמ,,קינלי סודה 1.5 ליטר,מיליליטרים,1500.00,"100 מ""ל",false,,4.30,0.0029,true,1,18673
7290110115364,false,קוקה קולה שישיות 1.5 ליטר פיקדון,החברה המרכזית להפצת משקאות בעמ,,קוקה קולה 6*1.5 ליטר,ליטרים,9.00,ליטר,false,,51.10,5.6778,true,1,18674
7290110115371,false,דיאט קוקה קולה שישיות 1.5 ליטר פיקדון,החברה המרכזית להפצת משקאות בעמ,,דיאט קוקה קולה 6*1.5,ליטרים,9.00,ליטר,false,,49.70,5.5222,true,1,19073
7290110115401,false,קינלי סודה שישייה 1.5 ליטר פיקדון,החברה המרכזית להפצת משקאות בעמ,,שישיית קינלי סודה 1.,מיליליטרים,9000.00,"100 מ""ל",false,,15.70,0.0017,true,1,18677
7290110115418,false,קוקה קולה זירו 1.5 ליטר מארז שישייה,החברה המרכזית להפצת משקאות בעמ,,קולה זירו קוקה קולה,מיליליטרים,9000.00,"100 מ""ל",false,,49.70,0.0055,true,1,18678
7290110115449,false,פיוז-טי תה מנגו אננס 1.5 ליטר פיקדון,החברה המרכזית להפצת משקאות בעמ,,תה קר מנגו אננס פיוז,מיליליטרים,1500.00,"100 מ""ל",false,,9.50,0.0063,true,1,18681
7290110115463,false,פיוז-טי תה אפרסק 1.5 ליטר פיקדון,החברה המרכזית להפצת משקאות בעמ,,תה קר אפרסק פיוז-טי,מיליליטרים,1500.00,"100 מ""ל",false,,9.50,0.0063,true,1,18683
7290110115494,false,תה קר בטעם ענבים פיוז טי 1.5 ליטר,החברה המרכזית להפצת משקאות בעמ,,תה קר בטעם ענבים פיו,מיליליטרים,1500.00,"100 מ""ל",false,,9.50,0.0063,true,1,18686
7290110115616,false,פיוז-טי תה גרין אננס זירו 1.5 ליטר פיקדו,החברה המרכזית להפצת משקאות בעמ,,פיוז תה גרין אננס זי,מיליליטרים,1500.00,"100 מ""ל",false,,8.90,0.0059,true,1,21040
7290110115623,false,פיוז-טי תה אפרסק זירו 1.5 ליטר פיקדון,החברה המרכזית להפצת משקאות בעמ,,פיוז תה אפרסק זירו 1,מיליליטרים,1500.00,"100 מ""ל",false,,8.90,0.0059,true,1,21041
7290110115821,false,"ספרייט לימון, 1.5 ליטר פקדון",כלורוקס אוקלנד,,ספרייט ליים 1.5 ליטר,ליטרים,1.50,ליטר,false,,8.70,5.8000,true,1,19629
7290110115838,false,"ספרייט זירו, 1.5 ליטר פקדון","אינסטנטה בע""מ",,ספרייט זירו 1.5 ליט,מיליליטרים,1500.00,"100 מ""ל",false,,8.90,0.0059,true,1,22947
7290110115869,false,קוקה קולה זירו 1.5 ליטר פיקדון,תות תעשיות מזון (201,,קוקה קולה זירו בקבוק,מיליליטרים,1500.00,"100 מ""ל",false,,8.80,0.0059,true,1,19363
7290110115876,false,קינלי סודה 1.5 ליטר,"אינסטנטה בע""מ",,קינלי סודה 1.5 ליטר,מיליליטרים,1500.00,"100 מ""ל",false,,4.30,0.0029,true,1,22942
7290110116064,false,פאנטה זירו בטעם פירות ירוק 1.5 ל פיקדון,החברה המרכזית להפצת משקאות בעמ,,פאנטה ZERO פירות יר,מיליליטרים,1500.00,"100 מ""ל",false,,9.10,0.0061,true,1,21344
7290110116125,false,"סירופ פריגת בטעם פטל 750 מ""ל פיקדון",החברה המרכזית להפצת משקאות בעמ,,סירופ פטל פריגת 750,מיליליטרים,750.00,"100 מ""ל",false,,24.90,0.0332,true,1,22847
7290110116392,false,"סירופ פריגת בטעם תפוזים 750 מ""ל פיקדון",החברה המרכזית להפצת משקאות בעמ,,סירופ תפוזים פריגת 7,מיליליטרים,750.00,"100 מ""ל",false,,24.90,0.0332,true,1,22850
7290110116552,false,ספרייט לימון היט 1.5 ליטר LIME פיקדון,החברה המרכזית להפצת משקאות בעמ,,ספרייט למון היט 1.5,מיליליטרים,1500.00,"100 מ""ל",false,,8.90,0.0059,true,1,23164
7290110116569,false,ספרייט זירו 1.5 ליטר LEMON HIT פיקדון,החברה המרכזית להפצת משקאות בעמ,,ספרייט זירו למון היט,מיליליטרים,1500.00,"100 מ""ל",false,,8.60,0.0057,true,1,23163
7290110320850,false,פתיתים גבינה חצי קשה מגורדת 28% שומן,תנובה מרכז שיתופי לש,,גבינת עמק 28% שומן פ,גרמים,200.00,100 גרם,false,,15.90,0.0795,true,1,5403
7290110320867,false,פתיתים גבינה חצי קשה מגורדת 28% שומן,תנובה מרכז שיתופי לש,,פתיתי עמק 28% שומן,גרמים,500.00,100 גרם,false,,29.90,0.0598,true,1,5404
7290110320935,false,פרוסות מוצרלה 150 גר`קולקשיין תנובה,תנובה מרכז שיתופי לש,,פרוסות מוצרלה מחלב ב,גרמים,150.00,100 גרם,false,,16.90,0.1127,true,1,5405
7290110321277,false,קוטג בקטנה 5%. 100 גרם מהדרין תנובה,פארייפאבה אגרואינדוס,,קוטג' בקטנה 5%,גרמים,100.00,100 גרם,false,,2.70,0.0270,true,1,5410
7290110321680,false,יוגורט GO בטעם תות 20 גרם חלבון בגביע,מיוצר עי קונדיטוריית,,יוגורט 2.9% תות גו 2,גרמים,200.00,100 גרם,false,,5.50,0.0275,true,1,5413
7290110321697,false,יוגורט GO בטעם אפרסק 20 גרם חלבון בגביע,מיוצר עי קונדיטוריית,,יוגורט 2.9% אפרסק גו,גרמים,200.00,100 גרם,false,,5.70,0.0285,true,1,5414
7290110321703,false,יוגורט עם פירות יער בתוספת חלבוני חלב 2% שומן,מיוצר עי קונדיטוריית,,יוגורט 2.9% פירות יע,גרמים,200.00,100 גרם,false,,5.70,0.0285,true,1,5415
7290110322014,false,טופו בטעם טבעי תנובה ALTERNATIVE,שוורצקוף& הנקל דיסלד,,טופו טבעי 300 גרם,גרמים,300.00,100 גרם,false,,12.50,0.0417,true,1,5420
7290110322021,false,"תנובה טופו בזיליקום 300 גר' בד""צ",שוורצקוף& הנקל דיסלד,,טופו בזיליקום 300 גר,גרמים,300.00,100 גרם,false,,12.50,0.0417,true,1,5421
7290110322946,false,יופלה טיוב יוגורט במרקם חלק בטעם תות בננה כשרות רבנות 348 ג',תנובה - חלב,,יוגורט תות ובננה סמו,מיליליטרים,348.00,"100 מ""ל",false,,11.90,0.0342,true,1,5424
7290110323073,false,"משקה יוגורט יופלה גו תות פטל 250 מ""ל - רבנות",מיוצר עי קונדיטוריית,,משקה יוגורט 1% 20 גר,מיליליטרים,250.00,"100 מ""ל",false,,6.30,0.0252,true,1,5427
7290110323301,false,טל העמק בסגנון אמנטל 32% שומן 200 גרם,"תנובה בע""מ ***",,גבינת טל העמק 32% שו,גרמים,200.00,100 גרם,false,,18.90,0.0945,true,1,5432
7290110323585,false,יופלה יוגורט עם דובדבן מופחת קלוריות 200 ג' GO,"תנובה בע""מ ***",,יוגורט לייט 0.5% מוע,גרמים,200.00,100 גרם,false,,5.70,0.0285,true,1,5435
7290110323592,false,יוגורט GO לייט בטעם אפרסק 20 גרם חלבון בגביע,תנובה בעמ ***,,יוגורט לייט 0.5% מוע,גרמים,200.00,100 גרם,false,,5.70,0.0285,true,1,5436
7290110323714,false,משקה קוקוס שקדים תנובה E אלטרנטיב,מיוצר עי קונדיטוריית,,משקה קוקוס שקדים תנו,מיליליטרים,1000.00,"100 מ""ל",false,,12.90,0.0129,true,1,5441
7290110324070,false,גבינת חלומי מחלב בקר (30% 200 גר`)פירא,תנובה - חלב,,גבינת חלומי מחלב בקר,גרמים,200.00,100 גרם,false,,19.90,0.0995,true,1,5447
7290110324353,false,יוגורט GO לייט בטעם אננס 20 גרם חלבון בגביע,מיוצר עי קונדיטוריית,,יוגורט 0.5% מועשר אנ,גרמים,200.00,100 גרם,false,,5.70,0.0285,true,1,5450
7290110324551,false,יופלה טיוב יוגורט במרקם חלק תות כשרות מהדרין,"תנובה בע""מ ***",,יוגורט טיוב תות סמוט,מיליליטרים,348.00,"100 מ""ל",false,,11.90,0.0342,true,1,5451
7290110324711,false,ממרח סויה 9% שומן בטעם טבעי תנובה 250 גרם,מיוצר עי קונדיטוריית,,ממרח סויה בטעם טבעי,גרמים,250.00,100 גרם,false,,9.90,0.0396,true,1,5463
7290110324841,false,מעדן שקדים עם שוקולד מריר תנובה 125 גרם,מיוצר עי קונדיטוריית,,מעדן שקדים שוקולד מר,גרמים,125.00,100 גרם,false,,4.20,0.0336,true,1,5471
7290110324858,false,מעדן שקדים בטעם אגוזי לוז תנובה 125 גרם,מיוצר עי קונדיטוריית,,מעדן שקדים אגוזי לוז,גרמים,125.00,100 גרם,false,,4.20,0.0336,true,1,5472
7290110324872,false,גבינה צהובה גלבוע (5% 200 גר`)תנובה,גלבוע - תנובה,,פרוסות גבינה חצי קשה,גרמים,200.00,100 גרם,false,,17.90,0.0895,true,1,5473
7290110324926,false,משקה סויה ללא תוספת סוכר E אלטרנטיב,תנובה מרכז שיתופי לש,,משקה סויה ללא תוספת,מיליליטרים,1000.00,"100 מ""ל",false,,10.90,0.0109,true,1,5474
7290110325114,false,"משקה יוגורט יופלה גו לייט תות בננה 250 מ""ל - רבנות",מיוצר עי קונדיטוריית,,משקה יוגורט 0.6% מוע,מיליליטרים,250.00,"100 מ""ל",false,,5.90,0.0236,true,1,5477
7290110325169,false,פרוסות גאודה 170 גר` קולקשיין תנובה,תנובה בעמ ***,,פרוסות גבינת גאודה ח,גרמים,170.00,100 גרם,false,,19.90,0.1171,true,1,5479
7290110325305,false,יופלה GO סויה 20 גרם חלבון במתיקות מעודנת תנובה 200 גרם,מיוצר עי קונדיטוריית,,מעדן סויה גו מועשר ב,גרמים,200.00,100 גרם,false,,5.70,0.0285,true,1,5481
7290110325312,false,יופלה GO סויה 20 גרם חלבון בטעם תות תנובה 200 גרם,תנובה בעמ ***,,מעדן סויה גו מועשר ת,גרמים,200.00,100 גרם,false,,5.70,0.0285,true,1,5482
7290110325619,false,משקה שיבולת שועל תנובה E אלטרנטיב,מיוצר עי קונדיטוריית,,משקה שיבולת שועל 1 ל,מיליליטרים,1000.00,"100 מ""ל",false,,12.90,0.0129,true,1,5486
7290110325879,false,פתיתי גאודה תנובה 200 גרם,תנובה- השף הלבן,,פתיתי גאודה 200 גרם,גרמים,200.00,100 גרם,false,,16.90,0.0845,true,1,5491
7290110325893,false,משקה חלב GO מועשר בחלבון בטעם אייס קפה,מיוצר עי קונדיטוריית,,תנובה GO אייס קפה 34,מיליליטרים,340.00,"100 מ""ל",false,,7.70,0.0226,true,1,5493
7290110326210,false,יופלה און טופ פצפוצים תנובה 157 גרם,מיוצר עי קונדיטוריית,,יופלה און טופ פצפוצי,גרמים,157.00,100 גרם,false,,5.00,0.0318,true,1,5497
7290110326227,false,יופלה און טופ קורנפלקס תנובה 157 גרם,מיוצר עי קונדיטוריית,,יופלה און טופ קורנפל,גרמים,157.00,100 גרם,false,,5.00,0.0318,true,1,5498
7290110326234,false,יופלה און טופ כוכבים תנובה 157 גרם,מיוצר עי קונדיטוריית,,יופלה און טופ כוכבים,גרמים,157.00,100 גרם,false,,5.00,0.0318,true,1,5499
7290110326241,false,יופלה און טופ גרנולה תנובה 157 גרם,מיוצר עי קונדיטוריית,,יופלה און טופ גרנולה,גרמים,157.00,100 גרם,false,,5.00,0.0318,true,1,5500
7290110326333,false,פרוסות גבינה סקנדינבית 170 גר`קולקשיין,"תנובה בע""מ ***",,פרוסות גבינה סקנדינב,גרמים,170.00,100 גרם,false,,19.90,0.1171,true,1,5501
7290110327033,false,משקה סויה תנובה גו מועשר בחלבון במתיקות מופחתת,מיוצר עי קונדיטוריית,,משקה סויה מועשר בחלב,מיליליטרים,1000.00,"100 מ""ל",false,,12.90,0.0129,true,1,5517
7290110327514,false,alternative משקה שיבולת שועל בטעם אגוזי לוז תנובה 1 ליטר,תנובה מרכז שיתופי לש,,משקה שיבולת שועל אגו,מיליליטרים,1000.00,"100 מ""ל",false,,12.90,0.0129,true,1,17043
7290110327545,false,יופלה און טופ בטעם תות בתוספת פצפוצים מצופים שוקולד 157 גרם,מיוצר עי קונדיטוריית,,יוגורט יופלה און טופ,גרמים,157.00,100 גרם,false,,5.00,0.0318,true,1,20018
7290110328481,false,פתיתי פרמג'יאנו רג'יאנו מחלב בקר 30%,ברטינלי גיאני א.,,פתיתי פרמג'יאנו רג'י,גרמים,100.00,100 גרם,false,,16.90,0.1690,true,1,5560
7290110328504,false,טריו - מיקס גבינות מוצרלה סקנדינבית וגאודה 300 גרם,מיוצר עי קונדיטוריית,,טריו פתיתים מוצרלה ס,גרמים,300.00,100 גרם,false,,25.90,0.0863,true,1,5561
7290110328627,false,יוגורט יופלה GO במרקם סמיך בטעם בננה קרמל 0%,מיוצר עי קונדיטוריית,,יוגורט גו סמיך בננה,גרמים,200.00,100 גרם,false,,5.90,0.0295,true,1,18224
7290110328764,false,יוגורט יופלה GO במרקם סמיך עם תות 0%,מיוצר עי קונדיטוריית,,יוגורט גו סמיך תות י,גרמים,200.00,100 גרם,false,,5.90,0.0295,true,1,18225
7290110328771,false,יוגורט יופלה GO במרקם סמיך עם פירות יער 0%,מיוצר עי קונדיטוריית,,יוגורט גו סמיך 0% פי,גרמים,200.00,100 גרם,false,,5.90,0.0295,true,1,18226
7290110328788,false,יוגורט יופלה GO במרקם סמיך בטעם אפרסק 0%,תנובה מרכז שיתופי לש,,יוגורט גו סמיך אפרסק,גרמים,200.00,100 גרם,false,,5.90,0.0295,true,1,18227
7290110329136,false,מעדן חלב מעושר בחלבון בטעם שוקולד 120 ג' GO,תנובה מרכז שיתופי לש,,מעדן חלב גו בטעם שוק,גרמים,120.00,100 גרם,false,,4.90,0.0408,true,1,18416
7290110329143,false,מעדן חלב מעושר בחלבון בטעם וניל גביע 120 ג' GO,תנובה מרכז שיתופי לש,,מעדן חלב גו בטעם וני,גרמים,120.00,100 גרם,false,,4.90,0.0408,true,1,18417
7290110329266,false,יוגורט תנובה מחלב עיזים מלא תנובה 140 ג',תנובה בעמ ***,,יוגורט מחלב עיזים מל,גרמים,140.00,100 גרם,false,,5.90,0.0421,true,1,21083
7290110329273,false,יוגורט מחלב עיזים מלא 750 גרם תנובה,תנובה בעמ ***,,יוגורט מחלב עיזים מל,גרמים,750.00,100 גרם,false,,19.90,0.0265,true,1,21275
7290110329426,false,טופו טבעי עם רוטב קרם קוקוס קארי פיקנטי 250 גרם,תנובה - חלב,,טופו טבעי 250 גרם עם,גרמים,610.00,100 גרם,false,,13.90,0.0228,true,1,21404
7290110329433,false,טופו טבעי עם רוטב סצ'ואן אלטרנטיב 250 גרם,תנובה - חלב,,טופו טבעי 250 גרם עם,גרמים,310.00,100 גרם,false,,13.90,0.0448,true,1,21405
7290110329686,false,משקה GO חלב בטעם עוגיות 27 גר`חלבון,מיוצר עי קונדיטוריית,,משקה חלב גו בטעם עוג,מיליליטרים,340.00,"100 מ""ל",false,,7.90,0.0232,true,1,18420
7290110329716,false,משקה חלב קר בטעם קפוצ'ינו 230 גרם תנובה,תנובה מרכז שיתופי לש,,משקה קפה קר בטעם קפו,גרמים,230.00,100 גרם,false,,7.90,0.0343,true,1,20906
7290110329723,false,משקה חלב קר בטעם לאטה 230 גרם תנובה,תנובה מרכז שיתופי לש,,משקה קפה קר בטעם לאט,גרמים,230.00,100 גרם,false,,7.90,0.0343,true,1,20907
7290110329730,false,"משקה חלב עם שוקולד וקפה בסגנון לאטה 2.7%  230 מ""ל תנובה",תנובה מרכז שיתופי לש,,משקה חלב עם שוקולד ו,גרמים,230.00,100 גרם,false,,7.90,0.0343,true,1,20908
7290110329792,false,יוגורט סויה BIO Alternative אפרסק 150 ג' תנובה,מיוצר עי קונדיטוריית,,מעדן סויה ביו אפרסק,גרמים,150.00,100 גרם,false,,4.80,0.0320,true,1,19129
7290110329808,false,יוגורט סויה BIO Alternative תות 150 ג' תנובה,מיוצר עי קונדיטוריית,,מעדן סויה ביו תות אל,גרמים,150.00,100 גרם,false,,4.80,0.0320,true,1,19125
7290110329815,false,סויה BIO מתיקות מעודנת גביע 150 גרם אלטרנטיב,מיוצר עי קונדיטוריית,,מעדן סויה ביו מתיקות,גרמים,150.00,100 גרם,false,,4.80,0.0320,true,1,19123
7290110329822,false,יוגורט סויה BIO Alternative פירות יער 150 ג' תנובה,מיוצר עי קונדיטוריית,,מעדן סויה ביו פירות,גרמים,150.00,100 גרם,false,,4.80,0.0320,true,1,19124
7290110329839,false,פרוסות צהובה בטעם זיתים 200 ג' אלטרנטיב אלטרנטיב,מיוצר עי קונדיטוריית,,פרוסות צהובה בטעם זי,גרמים,200.00,100 גרם,false,,22.90,0.1145,true,1,18422
7290110329846,false,יוגורט סויה BIO Alternative בטעם טבעי 150 ג' תנובה,מיוצר עי קונדיטוריית,,מעדן סויה ביו טבעי א,גרמים,150.00,100 גרם,false,,4.80,0.0320,true,1,19130
7290110472016,false,כבל מטאלי 2 מטר שחורTYPE C,Unknown,,כבל 2 מטר TYPE C,יחידה,1.00,יחידה,false,,29.90,29.9000,true,1,19915
7290110472474,false,מתאם קיר TYPE C + כבל טעינה 1.5 מטר,Unknown,,מטען קיר TYPE C- פרי,יחידה,1.00,יחידה,false,,49.90,49.9000,true,1,19909
7290110476397,false,שמונה סוללות אלקליין AA + ארבע סוללות אלקליין AA,,,סוללות אלקליין AA 8+,יחידה,1.00,יחידה,false,,14.90,14.9000,true,1,19869
7290110476403,false,ארבע סוללות אלקליין,,,ארבע סוללות אלקליין,יחידה,1.00,יחידה,false,,6.90,6.9000,true,1,19870
7290110476410,false,ארבע סוללות אלקליין,,,ארבע סוללות אלקליין,יחידה,1.00,יחידה,false,,6.90,6.9000,true,1,19871
7290110476427,false,שתי סוללות אלקליין,,,שתי סוללות אלקליין,יחידה,1.00,יחידה,false,,11.90,11.9000,true,1,19872
7290110550219,false,מטבעות שוקולד לבן לאפיה 400 גרם עלית,"שטראוס גרופ בע""מ",,מטבעות שוקולד לבן לא,גרמים,400.00,100 גרם,false,,29.90,0.0747,true,1,20672
7290110550363,false,"פריכיות משולשות תירס, אורז שיבולת שועל, קינואה",אנרג'י Energy - שטראוס,,משולשות קינואה ומלח,גרמים,65.00,100 גרם,false,,9.90,0.1523,true,1,19560
7290110550370,false,פריכיות משולשות קינואה ופלפל שחור 65 גרם,"שטראוס גרופ בע""מ",,משולשות קינואה ופלפל,גרמים,65.00,100 גרם,false,,9.90,0.1523,true,1,22784
7290110552220,false,יוגורט PRO בטעם תות 0% סוכר לבן 20 גרם חלבון בגביע,שטראוס גרופ בעמ/מצונן,,דנונה פרו 20 גרם ללא,גרמים,200.00,100 גרם,false,,5.90,0.0295,true,1,19246
7290110552237,false,יוגורט פרו בטעם אפרסק מנגו ללא סוכר 200 ג' דנונה,שטראוס גרופ בעמ/מצונן,,דנונה פרו 20 גרם ללא,גרמים,200.00,100 גרם,false,,5.90,0.0295,true,1,19247
7290110553029,false,"אנרג'י קריספס-פריכיות חומוס, עדשים ואפונה עם קייל וסלק","פרח תעשיו מזון בע""מ",,פריכיות חלבון קייל ח,גרמים,60.00,100 גרם,false,,9.90,0.1650,true,1,19563
7290110553036,false,קריספס-פריכיות עם אפונה ובטטה סגולה בטעם בצל מקורמל,"פרח תעשיו מזון בע""מ",,פריכת חלבון בטטה סגו,גרמים,60.00,100 גרם,false,,9.90,0.1650,true,1,19564
7290110553098,false,מאגדת חטיפים אנרג'י מיקס צימוקים אגוזים 100X4 גרם,אנרג'י Energy - שטראוס,,אנרג'י מיקס צימוקים,גרמים,100.00,100 גרם,false,,15.90,0.1590,true,1,21939
7290110553104,false,נסקפה קפוצ'ינו סטיק קלאסי 130 ג' עלית,שטראוס גרופ בע`מ,,קפוצ'ינו סטיק קלאסי,גרמים,130.00,100 גרם,false,,13.90,0.1069,true,1,23185
7290110553173,false,אנרגי פריכיות אורז בטעם קרמל 50 גרם,סאנורייס בלגיום,,פריכיות קרמל אנרגי 4,גרמים,40.00,100 גרם,false,,5.90,0.1475,true,1,22785
7290110553180,false,אנרגי פריכיות אורז בטעם תפוח קינמון 50 ג,שטראוס גרופ בע`מ,,פריכיות תפוח קינמון,גרמים,40.00,100 גרם,false,,5.90,0.1475,true,1,22786
7290110554101,false,"סירופ מייפל בפאוץ' יד מרדכי 125 מ""ל",שטראוס גרופ בע`מ,,מייפל בפאוץ' יד מדכ,גרמים,125.00,100 גרם,false,,16.90,0.1352,true,1,21557
7290110554118,false,נודלס מלזי חריף עם טופו וירקות ברוטב קארי ירוק,קפוא-זן תעשיות מזון בעמ - תפוג,,ארוחת נודלס מלזי חרי,גרמים,350.00,100 גרם,false,,26.90,0.0769,true,1,18096
7290110554422,false,פומודורו רוטב עגבניות ופלפלים לשקשוקה לפסטה יד מרדכי 350 גרם,אמיליאנה קונסרב סוסייטה,,רוטב עגבניות ופלפלים,גרמים,350.00,100 גרם,false,,11.90,0.0340,true,1,19566
7290110554460,false,ציטוס קראנץ צ'דר חלפיניו 65 ג' עלית,שטראוס פריטו ליי בעמ,,ציטוס קראנץ צ'דר חלפ,גרמים,65.00,100 גרם,false,,3.50,0.0538,true,1,21088
7290110554545,false,קפסולת אספרסו לאפוגטו טעם קוקוס 50 ג' עלית,שטראוס קפה בי.וי.,,קפסולות אספרסו לאפוג,גרמים,50.00,100 גרם,false,,17.90,0.3580,true,1,21213
7290110554699,false,"קפה עולה קפסולות אספרסו קלייה איטית וכהה מאוד, 10 * 50 ג'",שטראוס קפה בי.וי.,,קפסולות קפה עולה נספ,גרמים,50.00,100 גרם,false,,18.90,0.3780,true,1,22787
7290110554705,false,קפסולות נספרסו לקפה יוניקו סדרת בתי הקלייה 10יח,שטראוס קפה בי.וי.,,קפסולות קפה יוניקו נ,גרמים,50.00,100 גרם,false,,18.90,0.3780,true,1,22788
7290110554729,false,קפסולות עלית אספרסו 04 תואמות למכונות NESPRESSO,שטראוס קפה בי.וי.,,קפסולות אספרסו 04 תו,גרמים,50.00,100 גרם,false,,17.90,0.3580,true,1,20469
7290110555306,false,רבע לשבע טבעוני סינמון באן עלית 125 גרם,"הגביע מוצרי וופלים בע""\מ",,רבע לשבע טבעוני סינמ,גרמים,125.00,100 גרם,false,,10.90,0.0872,true,1,21214
7290110555603,false,ספלנדיד אבקה להכנת משקה בטעם שוקולטה,"שטראוס גרופ בע""מ",,שוקולוטה ספלנדיד 360,גרמים,360.00,100 גרם,false,,20.90,0.0581,true,1,23187
7290110555665,false,קקאו דל שומן עלית בקופסא 220 גרם,"שטראוס גרופ בע""מ",,קקאו דל שומן קופסא ע,גרמים,220.00,100 גרם,false,,18.90,0.0859,true,1,23188
7290110556242,false,"שוקולד מריר פרווה 100 גר' בד""ץ תוצרת חוץ","שטראוס גרופ בע""מ.",,שוקולד מריר פרווה על,גרמים,100.00,100 גרם,false,,5.50,0.0550,true,1,22799
7290110557027,false,חומוס עשיר 50% טחינה גולמית 400 ג' אחלה,שטראוס גרופ בעמ/מצונן,,חומוס 50% טחינה 400,גרמים,400.00,100 גרם,false,,13.90,0.0348,true,1,18959
7290110557102,false,מעדן חלב עם שוקולד מועשר בחלבון 150 ג' שטראוס,שטראוס גרופ בעמ/מצונן,,מעדן פרו חלב עם שוקו,גרמים,150.00,100 גרם,false,,4.90,0.0327,true,1,20598
7290110557478,false,חומוס גלילי במרקם מעודן 600 גרם,שטראוס גרופ בעמ/מצונן,,חומוס גלילי אחלה 600,גרמים,600.00,100 גרם,false,,12.90,0.0215,true,1,20214
7290110557645,false,מאגדת חטיפים אנרג'י מיקס צימוקים חמוציות 100X4 גרם,"שטראוס גרופ בע""מ",,אנרג'י מיקס צימוקים,גרמים,100.00,100 גרם,false,,15.90,0.1590,true,1,21940
7290110558222,false,"וואו יוגורט עם שכבה בטעם בנופי פאי 5.4%, 150ג דנונה",שטראוס גרופ בעמ/מצונן,,דנונה וואו בנופי 150,גרמים,150.00,100 גרם,false,,4.70,0.0313,true,1,22035
7290110558284,false,דנונה ביו מולטי שטראוס 200 גרם,שטראוס גרופ בעמ/מצונן,,דנונה ביו מולטי 200,גרמים,200.00,100 גרם,false,,4.90,0.0245,true,1,21533
7290110558314,false,דנונה פרו 20 גרם חלבון ללא סוכר פיסטוק 200 גרם,שטראוס גרופ בעמ/מצונן,,דנונה פרו ללא סוכר פ,גרמים,200.00,100 גרם,false,,5.90,0.0295,true,1,22037
7290110558338,false,דנונה פרו 25 ג' חלבון 200 ג' שטראוס,שטראוס גרופ בעמ/מצונן,,דנונה פרו 25 גרם חלב,גרמים,200.00,100 גרם,false,,5.90,0.0295,true,1,20704
7290110558666,false,מעדן גבינה בטעם תפוח 88 ג' דניאלה,שטראוס גרופ בעמ/מצונן,,דניאלה בטעם תפוח 88,גרמים,88.00,100 גרם,false,,4.10,0.0466,true,1,23079
7290110559007,false,"שועועית חומה טעם הטבע קופסה, 380 גרם",שטראוס גרופ בע`מ,,שעועית חומה שטראוס ט,גרמים,380.00,100 גרם,false,,6.80,0.0179,true,1,21941
7290110559014,false,שעועית שחורה מבושלת טעם הטבע 380 גרם,שטראוס גרופ בע`מ,,שעועית שחורה שטראוס,גרמים,380.00,100 גרם,false,,6.80,0.0179,true,1,21942
7290110559755,false,ריל מאגדת בוטנים פיסטוק וחמוציות שטראוס 105 גרם,"ואמואליס פודס אס.איי,",,ריל מאגדת בוטנים פיס,גרמים,105.00,100 גרם,false,,15.90,0.1514,true,1,21217
7290110559762,false,ריל מאגדת אגוזים תמרים קוקוס שטראוס 105 גרם,"ואמואליס פודס אס.איי,",,ריל מאגדת אגוזים תמר,גרמים,105.00,100 גרם,false,,15.90,0.1514,true,1,21218
7290110560317,false,"הפריכיות הטעימות חומוס, עדשים שחורות, קינואה ומלח ים","פרח תעשיו מזון בע""מ",,פריכיות משולשות מלח,גרמים,30.00,100 גרם,false,,4.90,0.1633,true,1,11464
7290110560829,false,מילקי בטעם טורטית 133 גר,"שטראוס גרופ ***בע""מ",,מילקי טורטית 133 גרם,גרמים,133.00,100 גרם,false,,2.70,0.0203,true,1,280
7290110560850,false,מילקי דל לקטוז 135 ג,,,מילקי דל לקטוז 135 ג,גרמים,135.00,100 גרם,false,,2.70,0.0200,true,1,282
7290110560973,false,מילקי מוקה טופ שברי,,,מילקי מוקה טופ שברי,יחידה,0.00,יחידה,false,,4.50,0.0000,true,1,283
7290110561093,false,מילקי בטעם שוקולד קפ,,,מילקי בטעם שוקולד קפ,מיליליטרים,170.00,"100 מ""ל",false,,3.30,0.0194,true,1,284
7290110561352,false,דנונה יוגורט ביו פרוביוטי 3% דל לקטוז 150ג',שטראוס גרופ בעמ/מצונן,,דנונה דל לקטוז 200 ג,גרמים,200.00,100 גרם,false,,3.50,0.0175,true,1,285
7290110561543,false,פרו טריפל זירו וניל 150ג,"שטראוס בריאות בע""\מ",,דנונה פרו 11 גר טריפ,גרמים,150.00,100 גרם,false,,4.70,0.0313,true,1,287
7290110563431,false,"משקה קפה קר בסגנון קלאסי 230 מ""ל 1.6% יוטבתה",שטראוס גרופ בעמ/מצונן,,משקה קפה קר קלאסי 1.,מיליליטרים,230.00,"100 מ""ל",false,,7.90,0.0343,true,1,290
7290110563448,false,"משקה קפה קר בסגנון מעודן 230 מ""ל 1.6% יוטבתה",שטראוס גרופ בעמ/מצונן,,משקה קפה קר מעודן 1.,מיליליטרים,230.00,"100 מ""ל",false,,7.90,0.0343,true,1,291
7290110563462,false,חלב 2% דל לקטוז בבקבוק יטבתה 1 ליטר.,שטראוס גרופ בעמ/מצונן,,חלב בבקבוק נטול לקטו,מיליליטרים,1000.00,"100 מ""ל",false,,7.90,0.0079,true,1,293
7290110564339,false,חומוס אחלה הסידרה המובחר 30% טחינה 400 גר',שטראוס גרופ בעמ/מצונן,,חומוס עשיר ב 30% טחי,גרמים,400.00,100 גרם,false,,13.90,0.0348,true,1,297
7290110564360,false,חומוס אחלה הסידרה המובחר 40% טחינה 400 גר',שטראוס גרופ בעמ/מצונן,,חומוס עשיר 40% טחינה,גרמים,400.00,100 גרם,false,,13.90,0.0348,true,1,298
7290110564414,false,חומוס אחלה הסידרה המובחר 30% טחינה 600 גר',שטראוס גרופ בעמ/מצונן,,חומוס עשיר 30% טחינה,גרמים,600.00,100 גרם,false,,14.90,0.0248,true,1,301
7290110565527,false,יוגורט PRO פרו 1.5% 20 גרם חלבון בגביע,שטראוס גרופ בעמ/מצונן,,יוגורט פרו 20 גרם חל,גרמים,200.00,100 גרם,false,,5.90,0.0295,true,1,308
7290110566623,false,קפסולות קולומביה עלית 08 למכונת נספרסו מארז 5X10ג',שטראוס קפה בי.וי.,,קפסולות 08 קולומביה,יחידה,10.00,יחידה,false,,17.90,1.7900,true,1,11477
7290110566975,false,דנונה פרו יוגורט 0% תות עשיר בחלבון 200ג',שטראוס גרופ בעמ/מצונן,,יוגורט דנונה פרו 20,גרמים,200.00,100 גרם,false,,5.90,0.0295,true,1,309
7290110570224,false,משקה קפה קר בטעם עוגיות (230 גר`) יטבתה,שטראוס גרופ בעמ/מצונן,,משקה קפה קר בטעם עוג,מיליליטרים,230.00,"100 מ""ל",false,,7.90,0.0343,true,1,22038
7290110570880,false,פולי אספרסו עשירים וארומטיים עוצמה 14 עלית 250 גרם,"שטראוס גרופ בע""מ",,פולי אספרסו עשירים ו,גרמים,250.00,100 גרם,false,,21.90,0.0876,true,1,20678
7290110571184,false,עדשים חומות 380 גר` טעם הטבע שטראוס,"שטראוס גרופ בע""מ",,עדשים חומות שטראוס ט,גרמים,380.00,100 גרם,false,,6.80,0.0179,true,1,21943
7290110571375,false,"אנרג'י מיקס תערובת צימוקים, תמרים, טופי ושברי פקאן",אנרג'י Energy - שטראוס,,אנרג'י מיקס צימוקים,גרמים,100.00,100 גרם,false,,15.90,0.1590,true,1,21944
7290110571382,false,מעדן חלב בטעם וניל מעושר בחלבון 150 ג' שטראוס,שטראוס גרופ בעמ/מצונן,,מעדן חלב בטעם וניל מ,גרמים,150.00,100 גרם,false,,4.90,0.0327,true,1,20218
7290110571405,false,עלית - מיני פינוקיות בגביע פסק זמן 180 גרם,שטראוס גרופ בע`מ,,מיני פינוקיות בגביע,גרמים,180.00,100 גרם,false,,10.90,0.0606,true,1,23191
7290110571412,false,מיני פינוקיות - פאדג' שוקולד בגביע 180 גרם,"שטראוס גרופ בע""מ",,מיני פינוקיות בגביע,גרמים,180.00,100 גרם,false,,10.90,0.0606,true,1,23192
7290110571474,false,אצבעות רבע לשבע טבעוני פופקורן 125גר`,"הגביע מוצרי וופלים בע""\מ",,רבע לשבע טבעוני פופק,גרמים,125.00,100 גרם,false,,10.90,0.0872,true,1,21560
7290110571481,false,פחית קפה נמס קמפיין משפטים 200 גרם 2022,"שטראוס גרופ בע""מ",,פחית קפה נמס עלית 20,גרמים,200.00,100 גרם,false,,19.90,0.0995,true,1,21561
7290110572884,false,"קפסולות קפה מספר 20 למכונת אספרס אספרסו, 50 גרם",שטראוס קפה בי.וי.,,קפסולות 20 למכונות נ,גרמים,50.00,100 גרם,false,,17.90,0.3580,true,1,23194
7290110572969,false,כיף כף פצפצים עלית קרם לבן (40 גר`),שולן צ'\יקולטה גידה סאן.,,כיף כף פצפצים קרם לב,גרמים,40.00,100 גרם,false,,5.00,0.1250,true,1,21945
7290110576318,false,מאגדת שלישיית שוקולד אגוז לבן 300 ג' עלית,"שטראוס גרופ בע""מ",,שוקולד אגוז לבן עלית,גרמים,300.00,100 גרם,false,,24.90,0.0830,true,1,22790
7290110576370,false,מארז שלישייה שוקולד מריר חלבי עם אגוזי לוז,שטראוס גרופ בע`מ,,שוקולד אגוז מריר עלי,גרמים,300.00,100 גרם,false,,24.90,0.0830,true,1,22791
7290110576752,false,טבלאות שוקולד ספלנדיד מריר 70% 100 ג' עלית,"שטראוס גרופ בע""מ",,שוקולד ספלנדיד מריר,גרמים,100.00,100 גרם,false,,10.90,0.1090,true,1,23197
7290110576776,false,טבלאות שוקולד ספלנדיד מריר 85% 100 ג' עלית,שטראוס גרופ בע`מ,,שוקולד ספלנדיד מריר,גרמים,100.00,100 גרם,false,,10.90,0.1090,true,1,23198
7290110576868,false,רבעיית גמדים סלט פירוט * 100 ג' שטראוס,שטראוס גרופ בעמ/מצונן,,גמדים רביעיית סלט פי,מיליליטרים,400.00,"100 מ""ל",false,,11.40,0.0285,true,1,23083
7290110577230,false,משקה חלב בטעם פיסטוק בבקבוק יטבתה 1 ליטר,שטראוס גרופ בעמ/מצונן,,משקה חלב בטעם פיסטוק,מיליליטרים,1000.00,"100 מ""ל",false,,11.90,0.0119,true,1,23084
7290110577247,false,"יטבתה משקה חלב-פיסטוק בבקבוק 350 מ""ל",שטראוס גרופ בעמ/מצונן,,משקה חלב בטעם פיסטוק,מיליליטרים,350.00,"100 מ""ל",false,,6.20,0.0177,true,1,23085
7290110638696,false,קנקן תה,,,קנקן תה,יחידה,1.00,יחידה,false,,6.00,6.0000,true,1,4693
7290110638924,false,שוקולטה 100 גרם,,,שוקולטה 100 גרם,גרמים,100.00,100 גרם,false,,8.00,0.0800,true,1,4987
7290110639198,false,חטיף אננס ותפוח עץ,,,חטיף אננס ותפוח עץ,יחידה,1.00,יחידה,false,,6.00,6.0000,true,1,2187
7290111343797,false,מטליות לחות לניקוי חלונות 48 יח' ניקול,קימברלי קלארק ישראל שיווק בעמ,,ניקול מטליות לניקוי,יחידה,48.00,יחידה,false,,11.90,0.2479,true,1,3186
7290111344879,false,קוטקס מגיני תחתון 2IN1 מחזור+שתן 44 יחיד,קימברלי קלארק ישראל שיווק בעמ,,מגן תחתון קוטקס 2 ב-,יחידה,44.00,יחידה,false,,19.90,0.4523,true,1,19452
7290111350283,false,עוגות אישיות בטעם קק,,,עוגות אישיות בטעם קק,גרמים,210.00,100 גרם,false,,8.90,0.0424,true,1,7568
7290111350382,false,ממרח עוגיות בטעם קרמ,1 יחידה,,ממרח עוגיות בטעם קרמ,גרמים,400.00,100 גרם,false,,13.50,0.0338,true,1,7569
7290111350399,false,ביסקויט בטעם קרמל צו,,,ביסקויט בטעם קרמל צו,גרמים,200.00,100 גרם,false,,7.90,0.0395,true,1,7570
7290111350405,false,ביסקוויט צוקטה בטעם,,,עוגיות בטעם קרמל צ'ו,גרמים,300.00,100 גרם,false,,12.90,0.0430,true,1,7571
7290111350726,false,חטיף נאצוס הוטפופ בסגנון מקסיקני 322 גר,ליימן שליסל בע`מ,,חטיף נאצ'וס בסגנון מ,גרמים,332.00,100 גרם,false,,16.90,0.0509,true,1,7574
7290111350993,false,סוכריות גומי דובונים200ג,טופגאם,,סוכריות גומי בטעמי פ,גרמים,200.00,100 גרם,false,,8.30,0.0415,true,1,7576
7290111351020,false,סוכריות גומי יין 200 גרם,טופגאם תעשיות ממתקים בעמ,,סוכריות גומי מסוכרות,גרמים,200.00,100 גרם,false,,8.90,0.0445,true,1,7579
7290111351167,false,אצבעות שוקולד חלב ממ,,,אצבעות שוקולד חלב ממ,גרמים,100.00,100 גרם,false,,5.90,0.0590,true,1,7580
7290111351440,false,שוקולד חלב צ'וקטה 3,,,שוקולד חלב צ'וקטה 3,גרמים,270.00,100 גרם,false,,10.90,0.0404,true,1,7585
7290111351501,false,גלילי וופל שוקולד חלב180,,,גלילי וופל בציפוי שו,גרמים,180.00,100 גרם,false,,9.90,0.0550,true,1,7587
7290111351563,false,מיני קרקר בטעם פיצה,,,מיני קרקר בטעם פיצה,גרמים,150.00,100 גרם,false,,5.90,0.0393,true,1,7589
7290111351570,false,מיני קרקר בתוספת שמן,,,מיני קרקר בתוספת שמן,גרמים,150.00,100 גרם,false,,5.90,0.0393,true,1,7590
7290111351631,false,חטיף בייגלה בתוספת ש,,,חטיף בייגלה בתוספת ש,גרמים,80.00,100 גרם,false,,3.60,0.0450,true,1,7591
7290111351747,false,טורטיה מקמח חיטה צ'וקטה 320 גרם,ליימן שליסל,,טורטיות מקמח חיטה צ',גרמים,320.00,100 גרם,false,,9.90,0.0309,true,1,7593
7290111351945,false,מארז חטיפי שוקולד בק,2 יחידה,,מארז חטיפי שוקולד בק,גרמים,187.00,100 גרם,false,,15.90,0.0850,true,1,7597
7290111352232,false,מארז סביבון יוגטה 212גרם,1 יחידה,,מארז חג חנוכה שמח ממ,גרמים,212.00,100 גרם,false,,10.90,0.0514,true,1,7598
7290111352966,false,יוגטה סוכריות ממולאות בטעם פירות 250 גרם ללא ג'לטין,ליימן שליסל בע`מ,,סוכריות גומי ממולאות,גרמים,250.00,100 גרם,false,,9.90,0.0396,true,1,7609
7290111352973,false,יוגוטה קוביות חמוצות ממולאות בטעם פירות,ליימן שליסל בע`מ,,קוביות חמוצות 220 גר,גרמים,220.00,100 גרם,false,,9.90,0.0450,true,1,7610
7290111354335,false,מיני מרשמלו בטעם וניל יוגטה 30 גרם,ליימן שליסל בעמ,,יוגטה מיני מרשמלו בט,גרמים,30.00,100 גרם,false,,2.50,0.0833,true,1,20016
7290111354571,false,מארז 3 קואדרטיני בצידנית לואקר עגולה,ליימן שליסל,,לואקר מארז צידנית עג,גרמים,700.00,100 גרם,false,,39.90,0.0570,true,1,21519
7290111530128,false,עוגיות בוטנים כשרות,,,עוגיות בוטנים כשרות,גרמים,600.00,100 גרם,false,,19.90,0.0332,true,1,8865
7290111532207,false,אוזני המן במילוי שוק,,,אוזני המן במילוי שוק,גרמים,350.00,100 גרם,false,,10.90,0.0311,true,1,8872
7290111532214,false,אוזני המן במילוי תמר,,,אוזני המן במילוי תמר,גרמים,350.00,100 גרם,false,,10.90,0.0311,true,1,8873
7290111532252,false,עוגיות בוטנים מצופות,,,עוגיות בוטנים מצופות,גרמים,350.00,100 גרם,false,,14.90,0.0426,true,1,8875
7290111532900,false,עוגיות קוקוס אפוי במ,,,עוגיות קוקוס אפוי במ,גרמים,400.00,100 גרם,false,,19.90,0.0497,true,1,8876
7290111532917,false,עוגיות פריכות במילוי,,,עוגיות פריכות במילוי,גרמים,400.00,100 גרם,false,,19.90,0.0497,true,1,8877
7290111532931,false,עוגיות פריכות ממולאו,,,עוגיות פריכות ממולאו,גרמים,400.00,100 גרם,false,,19.90,0.0497,true,1,8878
7290111532948,false,עוגיות פריכות מצופות,,,עוגיות פריכות מצופות,גרמים,400.00,100 גרם,false,,19.90,0.0497,true,1,8879
7290111533365,false,עוגיות קוקוס כשרות ל,,,עוגיות קוקוס כשרות ל,גרמים,600.00,100 גרם,false,,19.90,0.0332,true,1,8885
7290111533396,false,עוגיות קוקוס מצופות,,,עוגיות קוקוס מצופות,גרמים,600.00,100 גרם,false,,19.90,0.0332,true,1,8886
7290111533402,false,עוגיות קוקוס מצופה כ,מאפית אנגל,,עוגיות קוקוס מצופה כ,גרמים,350.00,100 גרם,false,,14.90,0.0426,true,1,8887
7290111533419,false,עוגיות בוטנים אדל שי,מאפית אנגל,,עוגיות בוטנים אדל שי,גרמים,350.00,100 גרם,false,,14.90,0.0426,true,1,8888
7290111534188,false,עוגה בטעם דבש 450 גר,,,עוגה בטעם דבש 450 גר,גרמים,450.00,100 גרם,false,,12.90,0.0287,true,1,8889
7290111560774,false,פופקורן בטעמי תות וכ,,,פופקורן בטעמי תות וכ,גרמים,80.00,100 גרם,false,,4.80,0.0600,true,1,1792
7290111563201,false,טחינה ישראלית סלטי צ,,,טחינה ישראלית סלטי צ,גרמים,600.00,100 גרם,false,,9.90,0.0165,true,1,1796
7290111563249,false,חציל פיקנטי סלטי צבר,לחמנו,,חציל פיקנטי סלטי צבר,גרמים,400.00,100 גרם,false,,12.90,0.0323,true,1,1797
7290111563263,false,טחינה עם המון גרגירי,,,טחינה עם המון גרגירי,גרמים,400.00,100 גרם,false,,14.90,0.0373,true,1,1798
7290111563454,false,חומוס עם המון מטבוחה,סלטי צבר 2 ב 22,,חומוס עם המון מטבוחה,גרמים,375.00,100 גרם,false,,10.90,0.0291,true,1,1800
7290111563478,false,חומוס עם המון פלפלים,סלטי צבר 2 ב 22,,חומוס עם המון פלפלים,יחידה,0.00,יחידה,false,,11.90,0.0000,true,1,1801
7290111563546,false,מרק עדשים ר.טבעיים220גרם,אסם,,אבקת מרק עדשים רכיבי,גרמים,220.00,100 גרם,false,,15.90,0.0723,true,1,1803
7290111563560,false,אבקת מרק קטניות רכיב,אסם,,אבקת מרק קטניות רכיב,גרמים,220.00,100 גרם,false,,15.90,0.0723,true,1,1804
7290111564314,false,סלט כרוב אדום 7% 250 גרם,צבר,,סלט כרוב אדום 7% סלט,גרמים,250.00,100 גרם,false,,8.90,0.0356,true,1,1810
7290111564338,false,סלט חציל על האש 7% 250גר,צבר,,סלט חציל על האש 7% ס,גרמים,250.00,100 גרם,false,,8.90,0.0356,true,1,1811
7290111564352,false,חומוס 7% סלטי צבר 25,צבר,,חומוס 7% סלטי צבר 25,גרמים,250.00,100 גרם,false,,7.80,0.0312,true,1,1812
7290111564642,false,המבורגר צמחוני 630 גרם,טבעול,,המבורגר צמחוני עם 18,גרמים,630.00,100 גרם,false,,31.90,0.0506,true,1,1813
7290111566240,false,שניצל דק מן הצומח בטעם צ'ילי חריף 700 גרם,קבוצת אוסם סחר שותפות מוגבלת,,טבעול שניצל דק בטעם,גרמים,564.00,100 גרם,false,,31.90,0.0566,true,1,1829
7290111566271,false,טבעול חטיפי תירס 657 גרם קפוא,קבוצת אוסם סחר שותפות מוגבלת,,טבעול חטיפי תירס 657,גרמים,657.00,100 גרם,false,,30.90,0.0470,true,1,1830
7290111566295,false,שווארמה צמחונית עם ה,טבעול 2 ב 50,,שווארמה צמחונית עם ה,גרמים,500.00,100 גרם,false,,30.90,0.0618,true,1,1831
7290111566523,false,קציצות קינואה וברוקו,טבעול 2 ב 50,,קציצות קינואה וברוקו,גרמים,525.00,100 גרם,false,,30.90,0.0589,true,1,1835
7290111566547,false,טבעול חזה בגריל צמחוני 99 קלוריות 560ג',קבוצת אוסם סחר-שות.מוגבלת,,טבעול חזה בגריל צמחו,גרמים,560.00,100 גרם,false,,31.90,0.0570,true,1,1836
7290111567759,false,עוגת הבית דבש קלאסית (400 גרם)אסם.,קבוצת אוסם סחר-שות.מוגבלת,,עוגת הבית דבש קלאסית,גרמים,400.00,100 גרם,false,,11.90,0.0298,true,1,1848
7290111568206,false,ביסלי פארטי מיקס אסם 150 גר',קבוצת אוסם סחר שותפות מוגבלת,,ביסלי פארטי מיקס 150,גרמים,150.00,100 גרם,false,,7.90,0.0527,true,1,1849
7290111568961,false,אסם בייגלה טבעות מלוח 400 גר`,קבוצת אוסם סחר שותפות מוגבלת,,אסם בייגלה טבעות מלח,גרמים,400.00,100 גרם,false,,10.90,0.0273,true,1,1859
7290111870910,false,מרשמלו מסולסל ארוך 18 גר'- כוח פי גיי,שמחה זה אנחנו,,מרשמלו מסולסל ארוך 1,גרמים,18.00,גרם,false,,29.90,1.6611,true,1,18387
7290111930898,false,חטיף פוף כוכבים גריל אמריקאי 40 גרם,ש. שסטוביץ בע`מ,,חטיף תפוח אדמה בטעם,גרמים,40.00,100 גרם,false,,3.90,0.0975,true,1,9071
7290111930911,false,חטיף פוף לבבות קלאסי 40 גרם,ש. שסטוביץ בע`מ,,חטיף תפוח אדמה בטעם,גרמים,40.00,100 גרם,false,,3.90,0.0975,true,1,9073
7290111930928,false,חטיף פוף לבבות גריל 40 גרם,ש. שסטוביץ בע`מ,,חטיף תפוח אדמה בטעם,גרמים,40.00,100 גרם,false,,3.90,0.0975,true,1,9074
7290111930935,false,חטיף פוף טבעות קלאסי 40 גרם,ש. שסטוביץ בע`מ,,חטיף תפוח אדמה בטעם,גרמים,40.00,100 גרם,false,,3.90,0.0975,true,1,9075
7290111933554,false,שלישייה עגבניות קוביות מאסטר שף 400 גרם,קונסוריזיו קאסאלסקו,,קוביות עגבניות מאסטר,גרמים,1200.00,100 גרם,false,,16.90,0.0141,true,1,9082
7290111935961,false,מאסטר שף מחית עגבניות 690 גרם,פראנו אנריקו ופיגלי,,מאסטר שף מחית עגבניו,גרמים,690.00,100 גרם,false,,10.90,0.0158,true,1,9092
7290111936296,false,"פלמוליב סבון נוזלי בניחוח סנסיישן מסאז' ,750 מ""ל",קולגייט פלמוליב,,ג'ל רחצה ארומה סנסיי,מיליליטרים,750.00,"100 מ""ל",false,,23.90,0.0319,true,1,9098
7290111937231,false,פרי מארז חטיפים 5 יחידות תמרים וקוקוס כשלפ,"טבעית מוצרים מהטבע בע""\מ",,חטיף תמרים וקוקוס לל,גרמים,125.00,100 גרם,false,,16.90,0.1352,true,1,9104
7290111937255,false,מארז חמישיית חטיפי תמרים בוטנים ואגוזי לוז פרי 125 גרם,"טבעית מוצרים מהטבע בע""\מ",,חטיף תמרים בוטנים וא,יחידה,5.00,יחידה,false,,16.90,3.3800,true,1,9106
7290111937262,false,מארז חמישיית חטיפי תמרים אגוזים ושברי קקאו פרי 125 גרם,"טבעית מוצרים מהטבע בע""\מ",,חטיף תמרים אגוזים וש,גרמים,125.00,100 גרם,false,,16.90,0.1352,true,1,9107
7290111938481,false,"מאזטר שף רוטב סויה בהירה 300 מ""ל",ש. שסטוביץ בע`מ,,רוטב סויה בהיר מאסטר,מיליליטרים,300.00,"100 מ""ל",false,,9.90,0.0330,true,1,9113
7290111938498,false,"מנה אסייאתי רוטב סויה בהירה 700 מ""ל מ.שף",קי.אר.אס. ספייסי פוד,,רוטב סויה בהיר מאסטר,מיליליטרים,700.00,"100 מ""ל",false,,14.90,0.0213,true,1,9114
7290112000293,false,"סיליט באנג ג'ל לחיטוי וניקוי האסלה פרש, 750 מ""ל",רקיט בנקיזר (ניר איסט) בעמ,,סיליט באנג לשירותים,מיליליטרים,750.00,"100 מ""ל",false,,11.90,0.0159,true,1,16803
7290112000408,false,מנקה ומחטא עוצמתי לניקוי כללי בניחוח לימון,רקיט בנקיזר (ניר איסט) בעמ,,דטול מנקה ומחטא לניק,מיליליטרים,750.00,"100 מ""ל",false,,15.90,0.0212,true,1,16804
7290112002099,false,קולון גל כביסה מרוכז 2.5 ליטר קלאסי,רקיט בנקיזר (ניר איסט) בעמ,,ג'ל כביסה מרוכז כחול,מיליליטרים,2500.00,"100 מ""ל",false,,25.90,0.0104,true,1,16810
7290112005045,false,וניש מסיר כתמים אבקה לכביסה לבנה 480 גרם,רקיט בנקיזר (ניר איסט) בעמ,,וניש אבקה לכביסה לבנ,גרמים,480.00,100 גרם,false,,17.90,0.0373,true,1,21471
7290112005076,false,וניש תוסף כביסה רב תכליתי צבעוני 480 גרם,רקיט בנקיזר (ניר איסט) בעמ,,וניש אבקה לכביסה צבע,גרמים,480.00,100 גרם,false,,17.90,0.0373,true,1,21472
7290112192547,false,כדורוני דגנים בטעם ש,קורנפלקס ב 10.90,,כדורוני דגנים בטעם ש,גרמים,375.00,100 גרם,false,,16.90,0.0451,true,1,3301
7290112290076,false,אבקת אייס יוגורט עדה,,,אבקת אייס יוגורט עדה,יחידה,1.00,יחידה,false,,10.00,10.0000,true,1,4988
7290112292582,false,סלט קופיקס (בטטה צ'י,,,סלט קופיקס (בטטה צ'י,גרמים,335.00,100 גרם,false,,27.00,0.0806,true,1,10922
7290112293084,false,סלט ים תיכוני 270גר,פוד פקטורי,,סלט ים תיכוני cff,גרמים,270.00,100 גרם,false,,27.00,0.1000,true,1,10935
7290112293220,false,חטיף חלבון דובדבן,,,חטיף חלבון דובדבן,יחידה,1.00,יחידה,false,,10.00,10.0000,true,1,2190
7290112293305,false,סלט ישראלי cff,,,סלט ישראלי cff,גרמים,450.00,100 גרם,false,,27.00,0.0600,true,1,10939
7290112293510,false,סנדוויץ טונה 80 גרם,,,סנדוויץ טונה 80 גרם,יחידה,1.00,יחידה,false,,10.00,10.0000,true,1,10638
7290112293527,false,סנדוויץ סביח 80 גרם,,,סנדוויץ סביח 80 גרם,יחידה,1.00,יחידה,false,,10.00,10.0000,true,1,10639
7290112293534,false,סנדוויץ מיקס גבינות,,,סנדוויץ מיקס גבינות,יחידה,1.00,יחידה,false,,10.00,10.0000,true,1,10640
7290112293558,false,סנדוויץ טונה 150 גרם,,,סנדוויץ טונה 150 גרם,יחידה,1.00,יחידה,false,,18.00,18.0000,true,1,10642
7290112293565,false,סנדוויץ סביח 150 גרם,,,סנדוויץ סביח 150 גרם,יחידה,1.00,יחידה,false,,18.00,18.0000,true,1,10643
7290112293572,false,סנדוויץ מיקס גבינות,,,סנדוויץ מיקס גבינות,יחידה,1.00,יחידה,false,,18.00,18.0000,true,1,10644
7290112293749,false,כריך שקשוקה cff,,,כריך שקשוקה cff,יחידה,1.00,יחידה,false,,18.00,18.0000,true,1,10945
7290112294180,false,כריך מחמצת חביתת ירק,פוד פקטורי,,כריך מחמצת חביתת ירק,יחידה,1.00,יחידה,false,,20.00,20.0000,true,1,10959
7290112295873,false,סלט פסטה פסטו חם/קר,,,סלט פסטה פסטו חם/קר,יחידה,1.00,יחידה,false,,19.00,19.0000,true,1,19754
7290112295910,false,כריך כפרי חביתה cff,,,כריך כפרי חביתה cff,יחידה,1.00,יחידה,false,,15.00,15.0000,true,1,19752
7290112295927,false,כריך אנטיפסטי cff,,,כריך אנטיפסטי cff,יחידה,1.00,יחידה,false,,20.00,20.0000,true,1,19753
7290112296122,false,"כריך ביס גבנ""צ cff",,,"כריך ביס גבנ""צ cff",יחידה,1.00,יחידה,false,,12.00,12.0000,true,1,19749
7290112296139,false,כריך ביס ביצה cff,,,כריך ביס ביצה cff,יחידה,1.00,יחידה,false,,12.00,12.0000,true,1,19748
7290112330352,false,"יוגורט PRO בטעם וניל 0% , 20 גרם חלבון בגביע",שטראוס גרופ בעמ/מצונן,,דנונה פרו 20 גר וניל,גרמים,200.00,100 גרם,false,,5.90,0.0295,true,1,319
7290112330390,false,דנונה פרו פירות יער 20 גרם חלבון 0% שומן 200 גרם,שטראוס גרופ בעמ/מצונן,,דנונה פרו 20 גר פירו,גרמים,200.00,100 גרם,false,,5.90,0.0295,true,1,321
7290112330420,false,דנונה פרו לבן 2.9% שומן בודד 150גר,שטראוס גרופ בעמ/מצונן,,דנונה פרו לבן 12 גר,גרמים,150.00,100 גרם,false,,4.70,0.0313,true,1,322
7290112332691,false,פינוקיות עוגיות קרם פסק זמן אגוזים 200 גרם,"הגביע מוצרי וופלים בע""\מ",,פינוקיות קרם פסק זמן,גרמים,200.00,100 גרם,false,,10.90,0.0545,true,1,11496
7290112332899,false,עלית - צנצנת בזוקה פופים קלאסי 58 גרם,שטראוס גרופ בע`מ,,בזוקה פופים קלאסי 58,גרמים,58.00,100 גרם,false,,9.90,0.1707,true,1,11499
7290112335050,false,מרשמלו וניל 150 גרם ווסטהים,טופגאם תעשיות ממתקים,,מרשמלו בטעם וניל 150,גרמים,150.00,100 גרם,false,,6.70,0.0447,true,1,11503
7290112335487,false,הפריכיות הטעימות קצח ודגנים אנרג'י 135 גרם,אנרג'י Energy - שטראוס,,פריכיות 3 דגנים עם ק,גרמים,135.00,100 גרם,false,,10.90,0.0807,true,1,11504
7290112335494,false,הפריכיות הטעימות תפוחי אדמה בטעם פוטטוס,"פרח תעשיות מזון בע""\מ",,פריכיות תפוח אדמה 3,גרמים,135.00,100 גרם,false,,10.90,0.0807,true,1,11505
7290112335500,false,"פרכיות אנרג'י חומוס,אורז,עדשים שחורות וקינואה 135 גרם","פרח תעשיות מזון בע""\מ",,פריכיות חומוס אורז ע,גרמים,135.00,100 גרם,false,,10.90,0.0807,true,1,11506
7290112336613,false,עד חצות עוגיות סנדוויץ במילוי שוקולד חלב,שטראוס גרופ בע`מ,,עד חצות סנדוויץ 135,גרמים,135.00,100 גרם,false,,9.90,0.0733,true,1,22506
7290112336644,false,סוכריות מאסט ללא סוכר לימון 80 ג' עלית,"שטראוס גרופ בע""מ",,"סוכריות לל""ס לימון 8",גרמים,80.00,100 גרם,false,,7.90,0.0988,true,1,11515
7290112336712,false,יוגורט PRO לבן 0% 21 גרם חלבון בגביע,שטראוס גרופ בעמ/מצונן,,דנונה פרו 21 גר 0% ש,גרמים,200.00,100 גרם,false,,5.90,0.0295,true,1,331
7290112337474,false,סוכריות מאסט ללא סוכר פטל לימון 80 ג' עלית,שטראוס גרופ בע`מ,,"סוכריות לל""ס פטל לימ",גרמים,80.00,100 גרם,false,,7.90,0.0988,true,1,11518
7290112338914,false,מעדן מילקי עם קצפת ב,,,מילקי עם קצפת בטעם מ,יחידה,0.00,יחידה,false,,3.30,0.0000,true,1,336
7290112338921,false,מילקי עם קצפת בטעם מ,,,מילקי עם קצפת בטעם מ,יחידה,0.00,יחידה,false,,3.30,0.0000,true,1,337
7290112339171,false,מעדן מוס שוקולד 81 גר`מילקי,שטראוס גרופ בעמ/מצונן,,מילקי מוס עם שוקולד,גרמים,81.00,100 גרם,false,,3.30,0.0407,true,1,340
7290112339317,false,מילקי גלידת פונץ בננ,,,מילקי גלידת פונץ בננ,יחידה,0.00,יחידה,false,,4.50,0.0000,true,1,343
7290112339614,false,מילקי טופ כפתורי שוק,,,מילקי טופ כפתורי שוק,יחידה,0.00,יחידה,false,,4.50,0.0000,true,1,348
7290112339621,false,מילקי חגיגה טופ בראו,,,מילקי חגיגה טופ בראו,יחידה,0.00,יחידה,false,,4.50,0.0000,true,1,349
7290112339867,false,גמדים לדרך גבינה לבנה עם מחית תות,שטראוס גרופ בעמ/מצונן,,גמדים סקוויז בודד תו,גרמים,100.00,100 גרם,false,,5.80,0.0580,true,1,350
7290112339874,false,גמדים לדרך גבינה לבנה עם מחיות תות ובננה,שטראוס גרופ בעמ/מצונן,,גמדים סקוויז בודד תו,גרמים,100.00,100 גרם,false,,5.80,0.0580,true,1,351
7290112340122,false,הפריכיות הטעימות 3 דגנים אנרג'י 135 גרם,"פרח תעשיות מזון בע""\מ",,פריכיות 3 דגנים אנרג,גרמים,135.00,100 גרם,false,,10.90,0.0807,true,1,11520
7290112340245,false,מסטיק מאסט צנצנת בטעם דובדבן 66 גר` מגדי,"שטראוס גרופ בע""\מ",,צנצנת MUST בטעם דובד,גרמים,66.00,100 גרם,false,,9.90,0.1500,true,1,20881
7290112340276,false,פינוקיות עוגיית קרם קפה נמס 200 גרם,"הגביע מוצרי וופלים בע""\מ",,פינוקיות קרם קפה נמס,גרמים,200.00,100 גרם,false,,10.90,0.0545,true,1,11523
7290112341679,false,אקטיביה יוגורט 3% דנונה (200 גרם),שטראוס גרופ בעמ/מצונן,,יוגורט פרוביוטי 3% א,גרמים,200.00,100 גרם,false,,4.00,0.0200,true,1,357
7290112341686,false,שמינייה יוגורט לבן אקטיביה 3% דנונה 150 גרם.,שטראוס גרופ בעמ/מצונן,,מארז אקטיביה 3% 150,גרמים,1.20,100 גרם,false,,19.90,16.5833,true,1,358
7290112342034,false,גמדים תפוח גזר 400 ג,,,גמדים תפוח גזר 400 ג,גרמים,400.00,100 גרם,false,,10.90,0.0273,true,1,359
7290112342102,false,סימפוניה גבינה במרקם שמנת בצל מקורמל 5%,שטראוס גרופ בעמ/מצונן,,סימפוניה בצל מקורמל,גרמים,200.00,100 גרם,false,,11.00,0.0550,true,1,362
7290112343048,false,טחינה עם פלפל קלוי א,STRAUSS-ISRAEL,,טחינה עם פלפל קלוי א,גרמים,330.00,100 גרם,false,,17.90,0.0542,true,1,366
7290112343420,false,"משקה חלב עם דגנים מלאים ובננה פרו יטבתה 350מ""ל",שטראוס גרופ בעמ/מצונן,,יטבתה פרו ארוחת בוקר,מיליליטרים,350.00,"100 מ""ל",false,,7.50,0.0214,true,1,372
7290112343499,false,חטיף צ'יטוס פאפס אפוי בטעם גבינה,"שטראוס פריטו ליי בע""\מ )",,צ'יטוס פאפס 55 גרם,גרמים,55.00,100 גרם,false,,3.50,0.0636,true,1,17771
7290112343512,false,צ'יטוס puffs בטעם גבינה 180 גרם,"שטראוס פריטו ליי בע""\מ )",,צ'יטוס פאפס 160 גרם,גרמים,160.00,100 גרם,false,,7.90,0.0494,true,1,17772
7290112344717,false,מעדן מילקי בטעם שוקו,,,מילקי בטעם שוקולד רו,גרמים,133.00,100 גרם,false,,3.30,0.0248,true,1,376
7290112344724,false,מילקי בטעם שוקולד בלונדי עם קצפת 133גר,שטראוס גרופ בעמ/מצונן,,מילקי בטעם שוקולד בל,גרמים,170.00,100 גרם,false,,3.50,0.0206,true,1,377
7290112344755,false,מילקי עם 26% פחות סוכר 135 גר}שטראוס{,שטראוס גרופ בעמ/מצונן,,מילקי עם 26% פחות סו,גרמים,133.00,100 גרם,false,,2.90,0.0218,true,1,378
7290112344779,false,מילקי מתוק מלוח טופ,מיוצר עי קונדיטוריית,,מילקי מתוק מלוח טופ,גרמים,139.00,100 גרם,false,,4.50,0.0324,true,1,379
7290112344786,false,קפה פלטינום קלאסיק עלית 200 גרם,הנסיך- מפעל לייצור ט,,פלטינום קלאסיק 200 ג,גרמים,200.00,100 גרם,false,,24.90,0.1245,true,1,11539
7290112344816,false,מילקי מתוק מלוח אגוז143ג,מיוצר עי קונדיטוריית,,מילקי מתוק מלוח קצפת,גרמים,143.00,100 גרם,false,,4.50,0.0315,true,1,380
7290112344847,false,מילקי טופ קרם אגוזים170מ,"שטראוס גרופ בע""\מ",,מילקי טופ קרם אגוזים,גרמים,157.00,100 גרם,false,,4.50,0.0287,true,1,381
7290112344953,false,סימפוניה חציל קלוי גבינה במקרם שמנת 5%,שטראוס גרופ בעמ/מצונן,,סימפוניה חציל קלוי 2,גרמים,200.00,100 גרם,false,,11.00,0.0550,true,1,388
7290112346360,false,בפלות אחת אחת בציפוי שוקולד חלב עלית 180 גרם,הגביע מוצרי וופלים ב,,בפלות אחת אחת בציפוי,גרמים,180.00,100 גרם,false,,12.90,0.0717,true,1,11545
7290112346537,false,עוגיות פינוקיות בטעם טורטית 200 ג' עלית,"הגביע מוצרי ופלים בע""\מ",,פינוקיות בטעם טורטית,גרמים,200.00,100 גרם,false,,10.90,0.0545,true,1,22531
7290112347008,false,גמדים לדרך גבינה לבנה עם מחית תות ושיבולת שועל,שטראוס גרופ בעמ/מצונן,,גמדים ארוחת בוקר תות,גרמים,100.00,100 גרם,false,,5.80,0.0580,true,1,412
7290112347220,false,סקי מעדן גבינה+מנגו 125ג,מיוצר עי קונדיטוריית,,סקי מנגו 125 גרם,גרמים,125.00,100 גרם,false,,3.70,0.0296,true,1,416
7290112347367,false,מילקי קייק מיניס טור,,,מילקי קייק מיניס טור,גרמים,135.00,100 גרם,false,,12.90,0.0956,true,1,417
7290112348142,false,שעועית לבנה 380 גר' בקופסה טעם הטבע,שטראוס גרופ בע`מ,,שעועית לבנה מבושלת ט,גרמים,380.00,100 גרם,false,,6.80,0.0179,true,1,11552
7290112348159,false,עוגה אישית מילקי קיי,,,מילקי קייק קראנץ' רב,יחידה,4.00,יחידה,false,,12.90,3.2250,true,1,423
7290112348937,false,מילקי קייק מיניס פסק,,,מילקי קייק מיניס פסק,גרמים,144.00,100 גרם,false,,13.90,0.0965,true,1,426
7290112348999,false,הפריכיות הטעימות תירס דקות אנרג'י 135 גרם,שטראוס גרופ בע`מ,,פריכיות תירס דקות א,גרמים,135.00,100 גרם,false,,10.90,0.0807,true,1,11564
7290112349347,false,מאסט סוכריות FRESH בטעם מנטה,שטראוס גרופ,,סוכריות FRESH בטעם מ,גרמים,15.00,100 גרם,false,,3.90,0.2600,true,1,11570
7290112349354,false,סוכריות פרש בטעם פטל לימון 15 גרם,שטראוס גרופ בע`מ,,סוכריות FRESH בטעם פ,גרמים,15.00,100 גרם,false,,3.90,0.2600,true,1,11571
7290112349378,false,סוכריות פרש בטעם רימון ותות 15 גרם,"הליקון גידה בע""מ",,סוכריות FRESH בטעם ר,גרמים,15.00,100 גרם,false,,3.90,0.2600,true,1,11572
7290112349569,false,חומוס במרקם גס 400 גר`אחלה,שטראוס גרופ בעמ/מצונן,,חומוס מגורגס במרקם ר,גרמים,400.00,100 גרם,false,,13.40,0.0335,true,1,430
7290112349606,false,מעדן גבינה ויוגורט תות בננה 88 ג' דניאלה,שטראוס גרופ בעמ/מצונן,,דניאלה תות בננה 88 ג,גרמים,88.00,100 גרם,false,,4.10,0.0466,true,1,19255
7290112349705,false,פומודורו רוטב עגבניות קלאסי לפסטה יד מרדכי 350 גרם,אמיליאנה קונסרב סוסייטה,,פומודור רוטב עגבניות,גרמים,350.00,100 גרם,false,,11.90,0.0340,true,1,11576
7290112349736,false,בזיליקום רוטב עגבניות לפסטה יד מרדכי 350 גרם,אמיליאנה קונסרב סוסייטה,,בזיליקום רוטב עגבניו,גרמים,350.00,100 גרם,false,,11.90,0.0340,true,1,11577
7290112349750,false,פיצה רוטב עגבניות לפיצה יד מרדכי 350 גרם,אמיליאנה קונסרב סוסייטה,,פיצה רוטב עגבניות לפ,גרמים,350.00,100 גרם,false,,11.90,0.0340,true,1,11579
7290112349897,false,מסטיק מאסט Must קוביות בטעם מנטה ללא סוכר,אסקום קונפקשיין,,מאסט קוביות מנטה  86,גרמים,86.00,100 גרם,false,,12.90,0.1500,true,1,11580
7290112350312,false,קפסולות 15 קפה יותר למכונות נספרסו עלית 10יח',הנסיך- מפעל לייצור ט,,קפסולות 15 למכונות N,יחידה,10.00,יחידה,false,,17.90,1.7900,true,1,11582
7290112350589,false,צ`יקו להכנת משקה צ`יקוריה עלית (65 גרם),שטראוס קפה בי.וי,,צ'יקו 65 גרם,גרמים,65.00,100 גרם,false,,11.90,0.1831,true,1,11584
7290112351067,false,סילאן טבעי 100% תמר מג'הול ללא תוספת סוכר,שטראוס גרופ בע`מ,,סילאן טבעי לחיץ 630,גרמים,600.00,100 גרם,false,,23.90,0.0398,true,1,11585
7290112353887,false,"משקה קפה קר בטעם אגוזים יטבתה 230 מ""ל",האי נאם סי או אל.טי.,,משקה קפה קר בטעם אגו,מיליליטרים,230.00,"100 מ""ל",false,,7.90,0.0343,true,1,449
7290112354174,false,"פסטה רוזה 280 ג""ר ""דלישס"" שטראוס",קפוא-זן תעשיות מזון בעמ - תפוג,,פסטה רוזה 280 גרם,גרמים,280.00,100 גרם,false,,21.90,0.0782,true,1,18094
7290112354204,false,"ספגטי עגבניות 280 גר' ""דלישס"" שטראוס",קפוא-זן תעשיות מזון בעמ - תפוג,,ספגטי עגבניות 280 גר,גרמים,280.00,100 גרם,false,,21.90,0.0782,true,1,18095
7290112354211,false,"פיצה מרגריטה""דלישס"" שטראוס",קפוא-זן תעשיות מזון בעמ - תפוג,,פיצה מרגריטה 400 גרם,גרמים,400.00,100 גרם,false,,25.90,0.0647,true,1,18097
7290112354228,false,"פיצה מרגריטה עם זיתים ""דלישס"" שטראוס",קפוא זן תעשיות מזון בעמ,,פיצה מרגריטה עם זיתי,גרמים,400.00,100 גרם,false,,25.90,0.0647,true,1,18098
7290112354235,false,ברקטה פיצה - 2 יחידות במארז,קפוא-זן תעשיות מזון בעמ - תפוג,,ברקטה פיצה 300 גרם,גרמים,300.00,100 גרם,false,,25.90,0.0863,true,1,18099
7290112354426,false,גמדים סקוויז תפוח גז,,,גמדים סקוויז תפוח גז,גרמים,100.00,100 גרם,false,,5.80,0.0580,true,1,453
7290112354945,false,תפוצ'יפס WAVY בטעם טבעי 50 גרם,שטראוס פריטו ליי בע`מ,,תפוציפס wavy טבעי 5,גרמים,50.00,100 גרם,false,,4.00,0.0800,true,1,23174
7290112355027,false,דנונה פרו 20 גרם חלבון בטעם קרמל מלוח 200 גרם,שטראוס גרופ בעמ/מצונן,,דנונה פרו 20 גרם בטע,גרמים,200.00,100 גרם,false,,5.90,0.0295,true,1,459
7290112355102,false,גמדים סקוויז 100 גרם פאוץ סלט פירות 100 גרם,שטראוס גרופ בעמ/מצונן,,גמדים פאוץ סלט פירות,גרמים,100.00,100 גרם,false,,5.80,0.0580,true,1,463
7290112355812,false,מילקי טופ קורנפלקס 141 ג' שטראוס,שטראוס גרופ בעמ/מצונן,,מילקי טופ קורנפלקס 1,גרמים,141.00,100 גרם,false,,4.90,0.0348,true,1,21282
7290112357045,false,עגבניות איטלקיות מרוסקות 390 גר' בקופסה טעם הטבע,"שטראוס גרופ בע""מ",,עגבניות איטלקיות מרו,גרמים,390.00,100 גרם,false,,6.80,0.0174,true,1,11626
7290112357069,false,מחית עגבניות איטלקיות בקופסה 500 גר' טעם הטבע,"שטראוס גרופ בע""מ",,מחית עגבניות איטלקיו,גרמים,500.00,100 גרם,false,,7.80,0.0156,true,1,11627
7290112357083,false,טעם הטבע אפונה ירוקה 380 גרם קופסה,הדקלאים אגודת שיתופי,,אפונה ירוקה מבושלת ט,גרמים,380.00,100 גרם,false,,6.80,0.0179,true,1,11629
7290112357106,false,שעועית אדומה 380 גר' בקופסה טעם הטבע,"שטראוס גרופ בע""מ",,שעועית אדומה מבושלת,גרמים,380.00,100 גרם,false,,6.80,0.0179,true,1,11630
7290112357113,false,גרגרי חומוס בקופסה 380 גר' טעם הטבע,"שטראוס גרופ בע""מ",,גרגרי חומוס טעם הטבע,גרמים,380.00,100 גרם,false,,6.80,0.0179,true,1,11631
7290112358004,false,פסק זמן חטיף קראנץ עלית( 32 גר`),שולן צ'\יקולטה גידה סאן.,,פסק זמן קראנץ' 32 גר,גרמים,32.00,100 גרם,false,,4.90,0.1531,true,1,11634
7290112358127,false,דנונה פרו חלבון+מגנזיום- וניל ועוגיות 200 גרם,שטראוס גרופ בעמ/מצונן,,דנונה פרו 20 גר' עם,גרמים,200.00,100 גרם,false,,6.50,0.0325,true,1,476
7290112358219,false,רוטב צ`ילי מתוק יד מרדכי (300 גר`),אף.סי תבליני בגליל ב,,רוטב צ'ילי מתוק 300,גרמים,300.00,100 גרם,false,,11.90,0.0397,true,1,11636
7290112358240,false,רוטב גריל יד מרדכי 300 גרם,שטראוס גרופ בע`מ,,רוטב גריל 300 גרם,גרמים,300.00,100 גרם,false,,11.90,0.0397,true,1,11637
7290112358561,false,קפה נמס פלטינום קלאסי 47 ג' עלית,שטראוס גרופ בע`מ,,פלטינום קלאסיק 47 גר,גרמים,47.00,100 גרם,false,,5.90,0.1255,true,1,19567
7290112490209,false,נמס בכוס מרק עגבניות עם קרוטונים רכיבים טבעיים,"יוניליוור ישראל שיווק בע""מ",,נמס בכוס מרק עגבניות,גרמים,56.00,100 גרם,false,,6.90,0.1232,true,1,4056
7290112490216,false,מרק נמס בכוס בטעם עוף קנור 100% רכיבים טבעיים,"יוניליוור ישראל שיווק בע""מ",,נמס בכוס מרק בטעם עו,גרמים,48.00,100 גרם,false,,6.90,0.1438,true,1,4057
7290112490230,false,מרק נמס בכוס אפונה קנור 100% רכיבים טבעיים,"יוניליוור ישראל שיווק בע""מ",,נמס בכוס מרק אפונה ק,גרמים,50.00,100 גרם,false,,6.90,0.1380,true,1,4058
7290112490582,false,חרדל דיג'וןן צרפתי הלמנס 350 גר,"יוניליוור ישראל שיווק בע""מ",,חרדל דיז'ון הלמנס 35,גרמים,350.00,100 גרם,false,,12.90,0.0369,true,1,4060
7290112490650,false,קונפיטורה תות שדה 340 גרם-צנצנת,"יוניליוור ישראל שיווק בע""מ",,קונפיטורת תות שדה 77,גרמים,340.00,100 גרם,false,,13.90,0.0409,true,1,4062
7290112490667,false,קונפיטורה משמש778 50% פרי 340 גר',יוניליוור ישראל שיווק בע`מ,,קונפיטורת משמש (778,גרמים,340.00,100 גרם,false,,13.90,0.0409,true,1,4063
7290112490674,false,קונפיטורה דובדבנים 778 50% פרי 340 גר-,יוניליוור ישראל שיווק בע`מ,,קונפיטורת דובדבנים (,גרמים,340.00,100 גרם,false,,13.90,0.0409,true,1,4064
7290112490698,false,קונפיטורה תות שדה לייט 300 גרם-צנצנת,יוניליוור ישראל שיווק בע`מ,,קונפיטורת תות שדה לי,גרמים,260.00,100 גרם,false,,13.90,0.0535,true,1,4066
7290112490728,false,מרק עשיר ירקות עם בורגול רכיבים טבעיים 95 ג' קנור,יוניליוור ישראל שיווק בע`מ,,מרק ירקות עם בורגול,גרמים,95.00,100 גרם,false,,12.90,0.1358,true,1,4068
7290112490735,false,מרק עשיר עגבניות עם פסטה ר.טבעיים 105 גרם קנור,יוניליוור ישראל שיווק בע`מ,,מרק עגבניות עם פסטה,גרמים,105.00,100 גרם,false,,12.90,0.1229,true,1,4069
7290112490742,false,מרק עשיר פטריות עם גריסים רכיבים טבעיים 104 ג' קנור,"יוניליוור ישראל שיווק בע""מ",,מרק פטריות עם גריסים,גרמים,104.00,100 גרם,false,,12.90,0.1240,true,1,4070
7290112490759,false,מרק עשיר עוף עם אטריות רכיבים טבעיים 74 ג' קנור,"יוניליוור ישראל שיווק בע""מ",,מרק עוף עם אטריות קנ,גרמים,74.00,100 גרם,false,,12.90,0.1743,true,1,4071
7290112491497,false,"מרק פטריות פרווה 400גרם כשל""פ",יוניליוור ישראל שיווק בעמ,,מרק פטריות פרווה קנו,גרמים,400.00,100 גרם,false,,21.90,0.0547,true,1,4079
7290112491787,false,בייגלה דקים דקים עם שומשום בייגל בייגל 300 גרם,יוניליוור ישראל שיווק בע`מ,,דקים דקים שומשום 300,גרמים,300.00,100 גרם,false,,9.90,0.0330,true,1,4085
7290112492449,false,פינוק שמפו שיער רגיל 700 מל-חדש,"יוניליוור ישראל שיווק בע""מ",,פינוק שמפו שיער רגיל,גרמים,700.00,100 גרם,false,,11.90,0.0170,true,1,4093
7290112492456,false,"שמפו פינוק לשיער יבש/פגום 700 מ""ל",יוניליוור ישראל שיווק בע`מ,,פינוק שמפו שיער יבש,גרמים,700.00,100 גרם,false,,11.90,0.0170,true,1,4094
7290112492463,false,"שמפו ומרכך 2 ב-1 לשיער רגיל פינוק 700 מ""ל.",יוניליוור ישראל שיווק בע`מ,,פינוק 2 ב-1 רגיל 700,גרמים,700.00,100 גרם,false,,11.90,0.0170,true,1,4095
7290112492470,false,"שמפו ומרכך 2 ב-1 לשיער יבש פינוק 700 מ""ל.",יוניליוור ישראל שיווק בע`מ,,פינוק 2 ב-1 יבש 700,גרמים,700.00,100 גרם,false,,11.90,0.0170,true,1,4096
7290112492500,false,פינוק שמפו לשיער עם שמן קוקוס 700 מל,"יוניליוור ישראל שיווק בע""מ",,פינוק שמפו שמן קוקוס,מיליליטרים,700.00,"100 מ""ל",false,,11.90,0.0170,true,1,4099
7290112492593,false,תחליב רחצה פינוק בניחוח פינוק קלאסי 700,יוניליוור ישראל שיווק בע`מ,,פינוק תח.רחצה קלאסי,מיליליטרים,700.00,"100 מ""ל",false,,11.90,0.0170,true,1,4105
7290112492821,false,"מטליות לחות לניקוי כללי בניחוח מאסק ""סיף""","יוניליוור ישראלשיווק בע""מ",,סיף מגבונים כללי מאס,יחידה,50.00,יחידה,false,,10.90,0.2180,true,1,4113
7290112492944,false,"קנור אבקת מרק עוף אמיתי 400 גרם כשל""פ",יוניליוור ישראל שיווק בע`מ,,מרק עוף אמיתי בשרי ק,גרמים,400.00,100 גרם,false,,19.90,0.0497,true,1,4115
7290112492982,false,"אבקת מרק פטריות כשל""פ 100% רכיבים טבעיים 400 גרם",יוניליוור ישראל שיווק בע`מ,,אבקת מרק פטריות מרכי,גרמים,400.00,100 גרם,false,,21.90,0.0547,true,1,4118
7290112492999,false,קנור מרק עוף אמיתי 400 גרם פרווה,יוניליוור ישראל שיווק בע`מ,,אבקת מרק בטעם עוף פר,גרמים,400.00,100 גרם,false,,14.90,0.0373,true,1,4119
7290112493095,false,נמס בכוס מרק עגבניות חריף רכיבים טבעיים קנור 48 ג',יוניליוור ישראל שיווק בע`מ,,נמס בכוס מרק עגבניות,גרמים,48.00,100 גרם,false,,6.90,0.1438,true,1,23257
7290112494016,false,"מיונז אמיתי מופחת שומן תלמה 500 גרם בד""צ",יוניליוור ישראל שיווק בע`מ,,מיונז תלמה מופחת שומ,גרמים,500.00,100 גרם,false,,9.90,0.0198,true,1,4134
7290112494221,false,חטיף ביסקויט שוקולד חלב קליק (65 גרם),יוניליוור ישראל שיווק בע`מ,,קליק ביסקויט יוניליו,גרמים,65.00,100 גרם,false,,5.90,0.0908,true,1,4138
7290112494283,false,חטיף כדורים מעורב חום לבו 65 גר`קליק,יוניליוור ישראל שיווק בע`מ,,קליק מעורב חום לבן ת,גרמים,65.00,100 גרם,false,,5.90,0.0908,true,1,4141
7290112494344,false,קורנפלקס של אלופים תלמה (850 גרם)רבנות,"יוניליוור ישראל שיווק בע""מ",,קורנפלקס של אלופים ת,גרמים,850.00,100 גרם,false,,17.90,0.0211,true,1,4144
7290112494351,false,קורנפלקס של אלופים תלמה (850 גרם).בדצ,יוניליוור ישראל שיווק בע`מ,,קורנפלקס של אלופים ת,גרמים,850.00,100 גרם,false,,17.90,0.0211,true,1,4145
7290112494795,false,בדין-ג'ל לכביסה לבנה וצבעונית בניחוח עדין כחול 2.5 ליטר,"יוניליוור ישראל שיווק בע""מ",,ג'ל לכביסה לבנה וצבע,מיליליטרים,2500.00,"100 מ""ל",false,,29.90,0.0120,true,1,4153
7290112494993,false,כריות דגנים במילוי וניל בדצ 686 גרם,"יוניליוור ישראל שיווק בע""מ",,כריות וניל 686 גרם,גרמים,686.00,100 גרם,false,,24.90,0.0363,true,1,4156
7290112495006,false,כריות דגנים במילוי נוגט בדצ 686 גרם,"יוניליוור ישראל שיווק בע""מ",,כריות במילוי נוגט תל,גרמים,686.00,100 גרם,false,,24.90,0.0363,true,1,4157
7290112495020,false,כריות צוקולדה בדצ מאוחד 750 גר,יוניליוור ישראל שיווק בע`מ,,כריות צ'וקולדה 686 ג,גרמים,686.00,100 גרם,false,,24.90,0.0363,true,1,4159
7290112495037,false,דגני בוקר בטעם שוקולד כדורים 375 ג' קוקומן,יוניליוור ישראל שיווק בע`מ,,קוקומן כדורים 375 גר,גרמים,375.00,100 גרם,false,,20.90,0.0557,true,1,4160
7290112495044,false,דגני קוקומן פצפוצים תלמה (375 גרם),יוניליוור ישראל שיווק בע`מ,,קוקומן פצפוצים 375 ג,גרמים,375.00,100 גרם,false,,20.90,0.0557,true,1,4161
7290112495105,false,נשנושים טעם שמנת בצל בייגל בייגל 260 גרם,"יוניליוור ישראל שיווק בע""מ",,נשנושים שמנת בצל 260,גרמים,260.00,100 גרם,false,,12.90,0.0496,true,1,4163
7290112495167,false,נשנושי קרקר שומשום בייגל בייגל 350 גרם,יוניליוור ישראל שיווק בע`מ,,נשנושים משולש שומשום,גרמים,300.00,100 גרם,false,,12.90,0.0430,true,1,4167
7290112495228,false,קורנפלקס דבש תלמה אלופים 448 גרם,"יוניליוור ישראל שיווק בע""מ",,קורנפלקס דבש 448 גרם,גרמים,448.00,100 גרם,false,,17.90,0.0400,true,1,4168
7290112495433,false,דגני דליפקאן תוספת אגוזי פקאן ושקדים 400 גר,יוניליוור ישראל שיווק בע`מ,,דליפקאן 400 גרם,גרמים,400.00,100 גרם,false,,19.90,0.0497,true,1,4172
7290112495754,false,רוטב לסלט אלף האיים הלמנס (305 מל),יוניליוור ישראל שיווק בע`מ,,הלמנס לסלט אלף האיים,מיליליטרים,305.00,"100 מ""ל",false,,10.90,0.0357,true,1,4176
7290112495785,false,רוטב לסלט שום (300 גרם)הלמנס,"יוניליוור ישראל שיווק בע""מ",,הלמנ'ס לסלט שום 300,גרמים,300.00,100 גרם,false,,10.90,0.0363,true,1,4179
7290112495792,false,רוטב הלמנס שום לייט לסלט 305גר כשלפ,יוניליוור ישראל שיווק בע`מ,,הלמנס ר.לסלט שוםלייט,גרמים,300.00,100 גרם,false,,10.90,0.0363,true,1,4180
7290112495815,false,רוטב לסלט חרדל ודבש לייט (305 גרם)הלמנס,יוניליוור ישראל שיווק בע`מ,,הלמנ'ס סלט חרדל דבש,גרמים,305.00,100 גרם,false,,10.90,0.0357,true,1,4182
7290112495822,false,כריות BLACK בטעם שוקולד וניל תלמה 686 גרם,"יוניליוור ישראל שיווק בע""מ",,כריות בלאק 686 גרם,גרמים,686.00,100 גרם,false,,24.90,0.0363,true,1,4183
7290112495983,false,פרכיות פתיתבציפוי שוקולד חלב ושבבי קרמל מלוח 39 גר',יוניליוור ישראל שיווק בע`מ,,פתית פריכיות שוקולד,גרמים,39.00,100 גרם,false,,4.90,0.1256,true,1,4187
7290112496294,false,חטיף פתית צ'יפס עם אפונה ירוקה צהובה וצ'ילי,יוניליוור ישראל שיווק בע`מ,,פתית צ'יפס אפונה בתו,גרמים,22.00,100 גרם,false,,4.90,0.2227,true,1,4196
7290112496584,false,קליק כריות Black מצופה שוקולד לבן ועוגיות,יוניליוור ישראל שיווק בע`מ,,קליק כריות בלאק לבן,גרמים,65.00,100 גרם,false,,5.90,0.0908,true,1,4198
7290112497000,false,פנטסטיק תרכיז ניקוי רב תכליתי בניחוח לימון,יוניליוור ישראל שיווק בע`מ,,סיף ניקוי כללי לימון,מיליליטרים,1000.00,"100 מ""ל",false,,10.40,0.0104,true,1,4201
7290112497123,false,סחלב תערובת להכנת מעדן בטעם סחלב 112גרם,יוניליוור ישראל שיווק בע`מ,,אבקה להכנת סחלב תלמה,גרמים,112.00,100 גרם,false,,12.90,0.1152,true,1,4202
7290112497369,false,"דאב - דאודורנט רול און לאישה טלק סופט 50 מ""ל",יוניליוור ישראל שיווק בעמ,,דאודורנט רולאון טאלק,מיליליטרים,50.00,"100 מ""ל",false,,14.90,0.2980,true,1,4207
7290112497710,false,פינוק בייבי שמפו אל דמע לתינוקות 700 מל,יוניליוור ישראל שיווק בע`מ,,בייבי שמפו אל דמע לת,מיליליטרים,900.00,"100 מ""ל",false,,19.90,0.0221,true,1,21463
7290112498526,false,"פתית צ'יפס עם בטטה סגולה בטעם שמנת ובצל, 22 גרם",יוניליוור ישראל שיווק בע`מ,,פתית צ'יפס בטטה סגול,גרמים,22.00,100 גרם,false,,4.90,0.2227,true,1,18820
7290112498915,false,מאגדת מיני מגנום שקדים מובחר שטראוס 250 גרם,"מיוצר ע""\י גלידת שטראוס",,מאגדת מיני מגנום שקד,גרמים,250.00,100 גרם,false,,25.90,0.1036,true,1,11833
7290112499097,false,מאגדת מיני מגנום מריר Intense Dark! 240 גרם,"מיוצר ע""\י גלידת שטראוס",,מאגדת מיני מגנום מרי,יחידה,5.00,יחידה,false,,25.90,5.1800,true,1,19737
7290112499110,false,טילון קליק בטעם שוקולד 72 ג' שטראוס,"צר ע""י גלידת שטראוס",,טילון קורנטו קליק שו,גרמים,72.00,100 גרם,false,,6.90,0.0958,true,1,21431
7290112499127,false,שלגון גלידה שוקולד לבן ותות 77 גרם,"מיוצר ע""\י גלידת שטראוס",,מגנום שוקולד לבן תות,יחידה,1.00,יחידה,false,,9.90,9.9000,true,1,19735
7290112499219,false,שלגון שמנת מופחת שומן וקלוריות בטעם פיסטוק עם ריפל בטעם שוקולד מריר וציפוי חלקי של שוקולד חלב מעולה,"גלידת שטראוס בע""\מ, רחוב",,גודיז בטעמי פיסטוק ו,גרמים,235.00,100 גרם,false,,22.90,0.0974,true,1,20297
7290112499486,false,"פינוק - מרכך בתוספת קרטין 700 מ""ל","יוניליוור ישראל שיווק בע""מ",,פינוק מרכך קרטין 700,מיליליטרים,700.00,"100 מ""ל",false,,11.90,0.0170,true,1,4219
7290112499639,false,טילון סופר מגנום וניל צ'יפ שוקולד 110 גרם,"מיוצר ע""\י גלידת שטראוס",,טילון סופר מגנום וני,יחידה,1.00,יחידה,false,,9.90,9.9000,true,1,11836
7290112499646,false,"מעדן קפוא בטעם וניל עם וופל 108 גרם ""קורנטו""","מיוצר ע""\י גלידת שטראוס",,קורנטו סופר פקאנים,יחידה,1.00,יחידה,false,,9.90,9.9000,true,1,11837
7290112499677,false,מגנום וניל בציפוי שוקולד לבן,"מיוצר ע""\י גלידת שטראוס",,מגנום שוקiלד לבן,יחידה,1.00,יחידה,false,,9.90,9.9000,true,1,11838
7290112499776,false,גלידת שמנת מופחתת שומן וקלוריות בטעם שוקולד לבן 240 גרם,"גלידת שטראוס בע""\מ, רח'\",,מאגדת גודיז 3 שוקולד,גרמים,240.00,100 גרם,false,,22.90,0.0954,true,1,11845
7290112499837,false,מגנום דואט שוקו לד עם נוגט שטראוס,"מיוצר ע""\י גלידת שטראוס",,מגנום-דואט שוקולד עם,יחידה,1.00,יחידה,false,,9.90,9.9000,true,1,11850
7290112499844,false,מאגדת מיני מגנום דואט שוקולד עם נוגט שטראוס 310 גרם,"מיוצר ע""\י גלידת שטראוס",,מיני מגנום דואט שוקו,יחידה,5.00,יחידה,false,,25.90,5.1800,true,1,11851
7290112499929,false,מגנום שוקולד אימפלס פסח 120מל,"מיוצר ע""\י גלידת שטראוס",,מגנום שוקולד,יחידה,1.00,יחידה,false,,9.90,9.9000,true,1,11858
7290112499936,false,מגנום שקדים אימפלס פסח 125מל,"מיוצר ע""\י גלידת שטראוס",,מגנום שקדים מובחרים,יחידה,1.00,יחידה,false,,9.90,9.9000,true,1,11859
7290112499943,false,מיני מאגדת מיני מגנום טעמים שונים וניל+שוקו,"מיוצר ע""\י גלידת שטראוס",,מיני מגנום קלאסיק חו,יחידה,5.00,יחידה,false,,25.90,5.1800,true,1,11860
7290112961068,false,טחינה ירוקה סלטי צבר,סלטי צבר 2 ב 22,,טחינה ירוקה סלטי צבר,גרמים,400.00,100 גרם,false,,11.90,0.0298,true,1,1874
7290112961372,false,פיטנס חטיפי פריכיות דקות קינמון 60 גרם,קבוצת אוסם סחר שותפות מוגבלת,,פיטנס חטיפי פריכיות,גרמים,60.00,100 גרם,false,,8.90,0.1483,true,1,1882
7290112962201,false,חציל בטעם כבד מלך הס,סלטי צבר 2 ב 22,,חציל בטעם כבד מלך הס,גרמים,400.00,100 גרם,false,,14.90,0.0373,true,1,1892
7290112962263,false,טבעול נקניקיות טבעוניות,טבעול ישראל,,נקניקיות טבעוניות הס,יחידה,0.00,יחידה,false,,34.90,0.0000,true,1,1894
7290112962287,false,טבעול שווארמה טבעונית 6*450 גרם,קבוצת אוסם סחר שותפות מוגבלת,,טבעול שווארמה טבעוני,גרמים,450.00,100 גרם,false,,31.90,0.0709,true,1,1895
7290112963918,false,פיטנס חטיפי קרקר דק רוזמרין 140 גרם,קבוצת אוסם סחר שותפות מוגבלת,,פיטנס קרקר THIN רוזמ,גרמים,140.00,100 גרם,false,,11.90,0.0850,true,1,1908
7290112964410,false,אסם רוטב אלף האיים חדש לסלט 290 גרם,קבוצת אוסם סחר שותפות מוגבלת,,רוטב לסלט אלף האיים,גרמים,290.00,100 גרם,false,,11.90,0.0410,true,1,1919
7290112964434,false,אסם רוטב קיסר חדש לסלט 295 גרם,קבוצת אוסם סחר שותפות מוגבלת,,רוטב לסלט קיסר 295 ג,מיליליטרים,290.00,"100 מ""ל",false,,11.90,0.0410,true,1,1920
7290112964458,false,אסם רוטב ויניגרט חדש לסלט 295 גרם,קבוצת אוסם סחר שותפות מוגבלת,,רוטב לסלט וינגרט 295,מיליליטרים,290.00,"100 מ""ל",false,,11.90,0.0410,true,1,1921
7290112964564,false,רוטב אלף האיים לייט לסלט אסם (295 מל),קבוצת אוסם סחר שותפות מוגבלת,,רוטב אלף האיים לייט,מיליליטרים,290.00,"100 מ""ל",false,,11.90,0.0410,true,1,1923
7290112964625,false,רוטב שום לייט לסלט 310 גרם אסם,קבוצת אוסם סחר שותפות מוגבלת,,רוטב לסלט שום לייט 3,מיליליטרים,290.00,"100 מ""ל",false,,11.90,0.0410,true,1,1926
7290112965264,false,אבקת מרק נמס אפונה אסם בדצ 52 גרם מארז זוגי,קבוצת אוסם סחר שותפות מוגבלת,,מרק נמס אפונה רגע חם,גרמים,52.00,100 גרם,false,,6.20,0.1192,true,1,1934
7290112965301,false,זוג מרק נמס בטעם עוף עם שקדי מרק רגע חם,קבוצת אוסם סחר שותפות מוגבלת,,מרק נמס בטעם עוף עם,גרמים,52.00,100 גרם,false,,6.20,0.1192,true,1,1936
7290112965660,false,חטיף מולטיגריין מלח פלפל ( 25 גר`) פיטנס,קבוצת אוסם סחר שותפות מוגבלת,,פיטנס חטיף מולטיגריי,גרמים,25.00,100 גרם,false,,4.90,0.1960,true,1,1945
7290112965745,false,אוסם - ביסלי פריסטייל בצל מעושן 60 גרם,קבוצת אוסם סחר שותפות מוגבלת,,ביסלי פריסטייל בצל מ,גרמים,60.00,100 גרם,false,,4.40,0.0733,true,1,1948
7290112966247,false,לחמית כוסמין 200 גרם אסם,קבוצת אוסם סחר שותפות מוגבלת,,לחמית כוסמין 200 גרם,גרמים,200.00,100 גרם,false,,9.90,0.0495,true,1,17016
7290112966704,false,צבר טחינה עשבי תיבול ונענע 350 גר`,קבוצת אסם סחר,,טחינה בלאדי עם צרור,יחידה,0.00,יחידה,false,,11.90,0.0000,true,1,1973
7290112966766,false,טחינה בלאדי חציל עגבניות ושום צבר 350 גרם,קבוצת אוסם סחר שותפות מוגבלת,,טחינה חציל עגבניות ו,גרמים,350.00,100 גרם,false,,14.90,0.0426,true,1,1976
7290112966841,false,אינסטנט פודינג בטעם שוקולד מריר 95 גרם,קבוצת אוסם סחר שותפות מוגבלת,,פודינג שוקולד בלגי מ,גרמים,90.00,100 גרם,false,,5.50,0.0611,true,1,1980
7290112967114,false,פיטנס חטיפי פריכיות קטניות ופלפל 60 גרם,קבוצת אוסם סחר שותפות מוגבלת,,פיטנס חטיפי פריכיות,גרמים,60.00,100 גרם,false,,8.90,0.1483,true,1,1981
7290112967848,false,אבקה להכנת ג`לי בטעם תות אסם (90 גרם) מו,קבוצת אוסם סחר שותפות מוגבלת,,אסם ג'לי תות שדה מופ,גרמים,90.00,100 גרם,false,,5.90,0.0656,true,1,1995
7290112968142,false,חציל על האש עם פלפלי,,,חציל על האש עם פלפלי,גרמים,220.00,100 גרם,false,,8.90,0.0405,true,1,1999
7290112968180,false,סלט פלפלים ירוקים חריפים 180 גר`צבר,קבוצת אסם סחר שות. מוגבלת,,סלט פלפלים ירוקים חר,גרמים,180.00,100 גרם,false,,8.90,0.0494,true,1,2001
7290112968340,false,צבר חומוס גרוס גס גס 400 גרם,קבוצת אוסם סחר שותפות מוגבלת,,חומוס גרוס גס גס צבר,גרמים,400.00,100 גרם,false,,13.90,0.0348,true,1,2003
7290112968746,false,חטיפי שעועית ירוקה ט,,,חטיפי שעועית ירוקה ט,גרמים,450.00,100 גרם,false,,30.90,0.0687,true,1,2011
7290112968807,false,80018416694פיטנס חטיפי קרקר דק סלק 150גר,קבוצת אוסם סחר שותפות מוגבלת,,פיטנס קרקר THIN סלק,גרמים,140.00,100 גרם,false,,11.90,0.0850,true,1,2014
7290112968821,false,חטיפי קרקר דק בטטה 140 גר` פיטנס,קבוצת אוסם סחר שותפות מוגבלת,,פיטנס קרקר THIN בטטה,גרמים,140.00,100 גרם,false,,11.90,0.0850,true,1,2015
7290113190467,false,אפונה שקית זיפר 1קג רמילוי,,,"אפונה ירוקה 1 ק""ג זי",גרמים,1000.00,100 גרם,false,,7.50,0.0075,true,1,12228
7290113190474,false,בורגול שקית זיפר 1קג רמילוי,,,"בורגול 1 ק""ג זיפר -",גרמים,1000.00,100 גרם,false,,6.50,0.0065,true,1,12229
7290113190504,false,חומוס גדול שקית זיפר 1קג רמילוי,,,"חומוס גדול 1 ק""ג זיפ",גרמים,1000.00,100 גרם,false,,11.90,0.0119,true,1,12231
7290113190511,false,חומוס ענק שקית זיפר 1קג רמילוי,,,"חומוס ענק 1 ק""ג זיפר",גרמים,1000.00,100 גרם,false,,13.90,0.0139,true,1,12232
7290113190528,false,חיטה שקית זיפר 1קג רמילוי,,,"חיטה 1 ק""ג זיפר - רמ",גרמים,1000.00,100 גרם,false,,6.50,0.0065,true,1,12233
7290113190535,false,כוסמת קלויה שקית זיפר 1קג רמילוי,,,"כוסמת קלויה 1 ק""ג זי",גרמים,1000.00,100 גרם,false,,8.50,0.0085,true,1,12234
7290113190580,false,עדשים אדומות שקית זיפר 1קג רמילוי,,,"עדשים אדומות 1 ק""ג ז",גרמים,1000.00,100 גרם,false,,10.90,0.0109,true,1,12237
7290113190641,false,שעועית לבנה שקית זיפר 1קג רמילוי,,,"שעועית לבנה 1 ק""ג זי",גרמים,1000.00,100 גרם,false,,9.90,0.0099,true,1,12241
7290113191747,false,"דפי אורז מרובעים 22 ס""מ שקדיה 250 גרם",דין שיווק וקליה 2021 בעמ,,דפי אורז מרובעים 22,גרמים,250.00,100 גרם,false,,9.90,0.0396,true,1,12148
7290113192072,false,בוטנים מצופים בטעם צ'ילי ששון הקולה 100 גרם,דין שיווק וקליה 2021 בעמ,,בוטנים מצופים בטעם צ,גרמים,100.00,100 גרם,false,,11.90,0.1190,true,1,12149
7290113192089,false,בוטנים מצופים בטעם תירס ששון הקולה 100 גרם,דין שיווק,,בוטנים מצופים בטעם ת,גרמים,100.00,100 גרם,false,,11.90,0.1190,true,1,12150
7290113192102,false,"דפי אורז עגול קטן 16 ס""מ שקדיה 250 גרם",דין שיווק וקליה 2021 בעמ,,דפי אורז עגול קטן 16,גרמים,250.00,100 גרם,false,,9.90,0.0396,true,1,12152
7290113192164,false,אגוזי קשיו קלופים 150 גרם ששון הקולה,דין שיווק וקליה 2021 בעמ,,אגוזי קשיו קלופים 15,גרמים,150.00,100 גרם,false,,15.90,0.1060,true,1,12153
7290113192171,false,מיקס אגוזים שקדים וחמוציו 150ג דין שיו,דין שיווק וקליה 2021 בעמ,,מיקס אגוזים שקדים וח,גרמים,150.00,100 גרם,false,,12.90,0.0860,true,1,12154
7290113192324,false,זיתים ירוקים שלמים בינוניים בית השיטה,קבוצת אוסם סחר-שות.מוגבלת,,בית השיטה זיתים ירוק,גרמים,340.00,100 גרם,false,,10.90,0.0321,true,1,2027
7290113192331,false,בית השיטה זיתים ירוקים גדולים 340 גרם*,קבוצת אוסם סחר שותפות מוגבלת,,בית השיטה זיתים ירוק,גרמים,340.00,100 גרם,false,,9.90,0.0291,true,1,2028
7290113192355,false,חרוזית זיתים ירוקים ללא גלעין 275 ג' בית השיטה,קבוצת אוסם סחר שותפות מוגבלת,,חרוזית זיתים ירוקים,גרמים,275.00,100 גרם,false,,10.50,0.0382,true,1,2030
7290113192362,false,בית השיטה טבעות זיתים ירק.א2 12*280ג חדש,קבוצת אוסם סחר שותפות מוגבלת,,בית השיטה טבעות זיתי,גרמים,280.00,100 גרם,false,,10.90,0.0389,true,1,2031
7290113192379,false,בית השיטה זיתים ירוקים מבוקעים א2 340גר',קבוצת אוסם סחר-שות.מוגבלת,,ב.הש.זיתים ירוקים מב,גרמים,340.00,100 גרם,false,,10.90,0.0321,true,1,2032
7290113192393,false,בית השיטה קוקטייל זיתים א2 336 גרם,קבוצת אוסם סחר שותפות מוגבלת,,קוקטייל זיתים בית הש,גרמים,336.00,100 גרם,false,,11.90,0.0354,true,1,2033
7290113192478,false,בית השיטה מלפפונים במלח בינוני 10-12 320 גרם,קבוצת אוסם סחר שותפות מוגבלת,,מלפפונים במלח בינוני,גרמים,320.00,100 גרם,false,,8.50,0.0266,true,1,2037
7290113192485,false,בית השיטה מלפפונים בחומץ בינוני 10-12 290 גרם,קבוצת אוסם סחר שותפות מוגבלת,,מלפפונים בחומץ בינונ,גרמים,290.00,100 גרם,false,,8.50,0.0293,true,1,2038
7290113192508,false,ב.השיטה מלפפון במלח ר.טבע א2 17-13 320 גרם,קבוצת אוסם סחר שותפות מוגבלת,,מלפפונים במלח  קטן 1,גרמים,320.00,100 גרם,false,,10.90,0.0341,true,1,2040
7290113192515,false,בית השיטה מלפפונים במלח קטן מאוד 1825 320 גרם,קבוצת אוסם סחר שותפות מוגבלת,,מלפפון במלח בית השיט,גרמים,320.00,100 גרם,false,,12.90,0.0403,true,1,2041
7290113192522,false,בית השיטה מלפפונים בחומץ קטן מאוד 1825 290 גרם,קבוצת אוסם סחר שותפות מוגבלת,,מלפפון בחומץ בית השי,גרמים,290.00,100 גרם,false,,12.90,0.0445,true,1,2042
7290113192539,false,בית השיטה מלפפונים במלח גדול 79 320 גרם,קבוצת אוסם סחר שותפות מוגבלת,,מלפפונים במלח גדול 7,גרמים,560.00,100 גרם,false,,6.90,0.0123,true,1,2043
7290113192546,false,"מלפפונים בחומץ רכיבים טבעיים 7-9 ""בית השיטה""",קבוצת אוסם סחר שותפות מוגבלת,,בית השיטה מלפפון בחו,גרמים,560.00,100 גרם,false,,6.90,0.0123,true,1,2044
7290113192577,false,בית השיטה כרוב כבוש א2 12*430גרם חדש,קבוצת אוסם סחר שותפות מוגבלת,,בית השיטה כרוב כבוש,גרמים,430.00,100 גרם,false,,7.90,0.0184,true,1,2046
7290113192881,false,"טורטיה חיטה מופחת קלוריות, קוטר 20 ס""מ - 6 יח'",דין שיווק וקליה 2021 בעמ,,טורטיה חיטה מופחת קל,גרמים,270.00,100 גרם,false,,11.90,0.0441,true,1,12158
7290113193321,false,שמן זית כתית מעולה בית השיטה 750 מייל,קבוצת אוסם סחר שותפות מוגבלת,,שמן זית כתית מעולה ב,מיליליטרים,750.00,"100 מ""ל",false,,29.90,0.0399,true,1,2047
7290113193888,false,בית השיטה חצילים מוחמצים 320 גרם,קבוצת אוסם סחר שותפות מוגבלת,,בית השיטה חצילים מוח,גרמים,320.00,100 גרם,false,,9.90,0.0309,true,1,2048
7290113194649,false,בית השיטה מלפפונים במלח קוביות 320 גרם,קבוצת אוסם סחר שותפות מוגבלת,,מלפפונים במלח קוביות,גרמים,320.00,100 גרם,false,,9.90,0.0309,true,1,20658
7290113195073,false,חלבה טורקית עם פיסטוקים 400 גר` שקדיה,דין שיווק וקליה 2021 בעמ,,חלבה טורקית עם פיסטו,גרמים,400.00,100 גרם,false,,13.90,0.0348,true,1,12172
7290113195196,false,"רסק תפוחי עץ ללת""ס 710 גרם",דין שיווק וקליה 2021 בעמ,,רסק תפוחי עץ 710 גרם,גרמים,710.00,100 גרם,false,,9.90,0.0139,true,1,12175
7290113195264,false,ממרח פלפלים קלויים 360 גרם,דין שיווק וקליה 2021 בעמ,,ממרח פלפלים קלויים 3,גרמים,360.00,100 גרם,false,,11.90,0.0331,true,1,12176
7290113195271,false,ממרח פלפלים פיקנטיים 360 גרם,דין שיווק וקליה 2021 בעמ,,ממרח פלפלים פיקנטיים,גרמים,360.00,100 גרם,false,,11.90,0.0331,true,1,12177
7290113195479,false,קמח שקדים ( 200 גר`) שקדיה,דין שיווק וקליה 2021 בעמ,,קמח שקדים 200 גרם -,גרמים,200.00,100 גרם,false,,15.90,0.0795,true,1,12178
7290113196414,false,"אורז בסמטי 1 ק""ג - שקדיה כחול מטאלי",דין שיווק וקליה 2021 בעמ,,אורז בסמטי הודי מובח,גרמים,1000.00,100 גרם,false,,11.90,0.0119,true,1,12185
7290113196490,false,פריכיות כוסמת בתוספת זרעי ציה שקדיה 150 גרם,דין שיווק וקליה 2021 בעמ,,פריכיות כוסמת בתוספת,גרמים,150.00,100 גרם,false,,11.90,0.0793,true,1,18149
7290113196506,false,פריכיות כוסמת ללא מלח שקדיה 150 גרם,דין שיווק וקליה 2021 בעמ,,פריכיות כוסמת ללא מל,גרמים,150.00,100 גרם,false,,11.90,0.0793,true,1,18150
7290113196513,false,פריכיות כוסמת בתוספת שקדים שקדיה 150 גרם,דין שיווק וקליה 2021 בעמ,,פריכיות כוסמת בתוספת,גרמים,150.00,100 גרם,false,,11.90,0.0793,true,1,18151
7290113197152,false,לבבות דקל שלמים במלח410ג,שקדיה,,לבבות דקל במי מלח 41,גרמים,410.00,100 גרם,false,,13.90,0.0339,true,1,12187
7290113197817,false,בית השיטה חציל קלוי 670 גרם,קבוצת אוסם סחר שותפות מוגבלת,,חציל קלוי בית השיטה,גרמים,670.00,100 גרם,false,,11.90,0.0178,true,1,20660
7290113288485,false,כוסות נייר שתיה חמה,,,כוסות נייר שתיה חמה,יחידה,50.00,יחידה,false,,11.90,0.2380,true,1,19175
7290113470019,false,מדליק פחמים +גפרור (,,,מדליק פחמים +גפרור (,יחידה,1.00,יחידה,false,,6.90,6.9000,true,1,10501
7290113470286,false,מגבונים לניקוי כללי,,,מגבונים לניקוי כללי,יחידה,400.00,יחידה,false,,20.90,0.0522,true,1,10503
7290113470408,false,שטיח שנל 80*50,,,שטיח שנל 80*50,100 יחידה,1.00,100 יחידה,false,,34.90,34.9000,true,1,16226
7290113470958,false,כפפות ניטרל M שחור(100 יחידות ),,,כפפות ניטריל M שחור,יחידה,100.00,יחידה,false,,25.90,0.2590,true,1,10526
7290113470965,false,כפפות ניטרל L שחור(100 יחידות ),,,כפפות ניטריל L שחור,יחידה,100.00,יחידה,false,,25.90,0.2590,true,1,10527
7290113471276,false,ניו יורק קסרול קטן ו,,,ניו יורק קסרול קטן ו,יחידה,10.00,יחידה,false,,5.90,0.5900,true,1,10537
7290113471580,false,סבון אסלה לימון רמילוי,,,סבון אסלה לימון רמי,יחידה,1.00,יחידה,false,,10.90,10.9000,true,1,10548
7290113471597,false,סבון אסלה לבנדר רמילוי,,,סבון אסלה לבנדר רמי,יחידה,1.00,יחידה,false,,10.90,10.9000,true,1,10549
7290113472075,false,שום ארוז יבוא,,,שום ארוז יבוא,מארז,1.00,מארז,false,,7.90,7.9000,true,1,906
7290113472105,false,כוסות נייר שתיה חמה,,,כוסות נייר שתיה חמה,יחידה,50.00,יחידה,false,,11.90,0.2380,true,1,10550
7290113473775,false,בקבוק פרימיום נצנצים,,,בקבוק פרימיום נצנצים,100 יחידה,1.00,100 יחידה,false,,34.90,34.9000,true,1,21791
7290113474017,false,צלחת עגולה גדולה (10 יח') עלי דקל,,,צלחת עגולה גדולה (10,יחידה,10.00,יחידה,false,,18.90,1.8900,true,1,10551
7290113474024,false,צלחת עגולה קטנה (10 יח') עלי דקל,,,צלחת עגולה קטנה (10,יחידה,10.00,יחידה,false,,10.30,1.0300,true,1,10552
7290113476080,false,מגבת גוף (70*140) לבן,,,מגבת גוף (70*140) לב,100 יחידה,1.00,100 יחידה,false,,44.90,44.9000,true,1,16292
7290113476103,false,מגבת גוף (70*140) תכלת,,,מגבת גוף (70*140) תכ,100 יחידה,1.00,100 יחידה,false,,44.90,44.9000,true,1,16294
7290113476172,false,מגבת פנים (50*90) בז',,,מגבת פנים (50*90) בז,100 יחידה,1.00,100 יחידה,false,,22.90,22.9000,true,1,16301
7290113476295,false,50 להבונים בשקית,,,50 להבונים בשקית,יחידה,50.00,יחידה,false,,11.90,0.2380,true,1,10579
7290113476301,false,נר נשמה 24 שעות,,,נר נשמה 24 שעות,יחידה,1.00,יחידה,false,,1.90,1.9000,true,1,10580
7290113476325,false,נר נשמה שבועי,,,נר נשמה שבועי,יחידה,1.00,יחידה,false,,9.60,9.6000,true,1,10582
7290113478008,false,שלישיית מגבות מטבח ברכות,,,שלישיית מגבות מטבח ח,100 יחידה,1.00,100 יחידה,false,,16.90,16.9000,true,1,16354
7290113479708,false,גליל נייר מגבת מודפס איכותי למטבח,,,נייר מגבת למטבח (235,יחידה,235.00,יחידה,false,,13.90,0.0591,true,1,10591
7290113655645,false,שלישיית מגבות מטבח ברכות,,,שלישיית מגבות מטבח -,100 יחידה,1.00,100 יחידה,false,,16.90,16.9000,true,1,16365
7290113660106,false,מארז 50 כוסות אמנון ותמר,כוסות שתייה חמה 3 ב,,כוסות נייר שתיה חמה,יחידה,50.00,יחידה,false,,11.90,0.2380,true,1,10592
7290114310215,false,"שמנת מתוקה 38% רמת הגולן 250 מ""ל ווסטהיים - מוצר בפיקוח",החברה המרכזית טלהפצת משקאות בע,,שמנת מתוקה 38% 250 מ,מיליליטרים,250.00,"100 מ""ל",false,,6.47,0.0259,true,1,8485
7290114310222,false,חלב מועשר בסידן וויטמין Dי 3% 1.5 ל' טרה,*החברה המרכזית להפצת משקאותבעמ,,חלב מועשר בסידן וויט,מיליליטרים,1500.00,"100 מ""ל",false,,12.90,0.0086,true,1,8486
7290114310536,false,יוגורט לייט מעושר חלבון 25 גרם חלבון וניל MULLER ACTIVE,*החברה המרכזית להפצת משקאותבעמ,,יוגורט מולר אקטיב לי,גרמים,200.00,100 גרם,false,,5.90,0.0295,true,1,8499
7290114310550,false,גבינת פטה עיזים מעודנת 5% משק צוריאל 200 גרם,החברה המרכזית טלהפצת משקאות בע,,גבינת פטה עיזים מעוד,גרמים,200.00,100 גרם,false,,23.70,0.1185,true,1,8501
7290114310628,false,משקה חלב וניל ועוגיות בקבוק 1 ליטר,החברה המרכזית טלהפצת משקאות בע,,משקה חלב וניל עוגיות,מיליליטרים,1000.00,"100 מ""ל",false,,11.90,0.0119,true,1,8505
7290114310673,false,לאבנה מחלב בקר 9% שומן 250 גרם,החברה המרכזית טלהפצת משקאות בע,,לאבנה מחלב בקר 9% 25,גרמים,200.00,100 גרם,false,,11.90,0.0595,true,1,8506
7290114310895,false,"סימפלי פרוט יוגורט עם מנגו תות, שמיניה 8 * 150 גרם",*החברה המרכזית להפצת משקאותבעמ,,מאגדת שמינייה סימפלי,יחידה,8.00,יחידה,false,,31.90,3.9875,true,1,17822
7290114311014,false,"משקה חלב אייס קפוצ'ינו פקק ספורט טרה 250 מ""ל",החברה המרכזית טלהפצת משקאות בע,,משקה אייס קפוצ'ינו ט,גרמים,250.00,100 גרם,false,,5.60,0.0224,true,1,20424
7290114311038,false,"שמנת מתוקה 32% עמידה בבקבוק טרה 250 מ""ל",*החברה המרכזית להפצת משקאותבעמ,,שמנת מתוקה 32% טרה 2,גרמים,250.00,100 גרם,false,,6.90,0.0276,true,1,20426
7290114311069,false,יוגורט לבן מועשר בחלבון 0% שומן 200 גרם muller active,החברה המרכזית טלהפצת משקאות בע,,מולר אקטיב 25 גרם חל,גרמים,200.00,100 גרם,false,,5.90,0.0295,true,1,20184
7290114311076,false,"חמאת מולר צהובה עם שום, 200 גרם",*החברה המרכזית להפצת משקאותבעמ,,חמאה מולר צהובה עם ש,גרמים,200.00,100 גרם,false,,12.90,0.0645,true,1,21277
7290114311298,false,יוגורט מולר פרופ בטעם תות בננה מלון 150,החברה המרכזית טלהפצת משקאות בע,,קציפת תות בננה מלון,גרמים,150.00,100 גרם,false,,5.20,0.0347,true,1,21546
7290114311304,false,יוגורט קציפת מנגו פסיפלורה בננה 150 ג' מולר,החברה המרכזית טלהפצת משקאות בע,,קציפת מנגו פסיפלורה,גרמים,150.00,100 גרם,false,,5.20,0.0347,true,1,21547
7290114311328,false,חלב מועשר דל לקטוז מעושר בויטמין Dי 2% שומן טרה 1 ליטר,*החברה המרכזית להפצת משקאותבעמ,,חלב נטול לקטוז מועשר,מיליליטרים,1000.00,"100 מ""ל",false,,7.90,0.0079,true,1,22052
7290114311359,false,יוגורט עם קציפת מנגו 3% שומן פרופ 150 ג' מולר,החברה המרכזית טלהפצת משקאות בע,,קציפת מנגו 3% שומן מ,גרמים,150.00,100 גרם,false,,5.20,0.0347,true,1,21548
7290114600750,false,קו-קווים חטיף אפוי עם גבינת פקורינו - חלבי,הדקלאים אגודת שיתופי,,חטיף אפוי עם גבינת פ,גרמים,150.00,100 גרם,false,,11.90,0.0793,true,1,9121
7290114600927,false,מאסטר שף עלי טורטייה חיטה מלאה 320 גרם,אלקאטי קורביישיסי גי,,עלי טורטיה מחיטה מלא,גרמים,320.00,100 גרם,false,,9.90,0.0309,true,1,9127
7290114603034,false,"פרי גרנולה אגוזים צימוקים וחמוציות, 300 ג'",ש. שסטוביץ בע`מ,,גרנולה אגוזים צימוקי,גרמים,300.00,100 גרם,false,,13.90,0.0463,true,1,9137
7290114603041,false,פרי גרנולה בוטנים אגוזים וקוקוס חלבון .,ש. שסטוביץ בע`מ,,גרנולה אגוזים בוטנים,גרמים,300.00,100 גרם,false,,13.90,0.0463,true,1,9138
7290114603539,false,קרוטונים למרק שום בצל מאסטר שף 350 גרם,"עינת תעשיות מזון, אגשח ב",,מאסטר שף קרוטונים למ,גרמים,350.00,100 גרם,false,,19.90,0.0569,true,1,9141
7290114604925,false,מנה אסייאתי קרם קוקוס פחית לייט 400 מ`ל,"תאי קוקונאט חברה בע""",,מאסטר שף קרם קוקוס ל,מיליליטרים,400.00,"100 מ""ל",false,,9.90,0.0248,true,1,18367
7290114606554,true,מיונז לחיץ,,,מיונז לחיץ,,0.00,,false,,11.90,0.0000,true,1,21274
7290114608640,false,מאסטר שף קרוטונים לסלט כוסמין 260 גרם,עינת תעשיות מזון אגו,,קרוטונים אפויים לסלט,גרמים,260.00,100 גרם,false,,19.90,0.0765,true,1,9159
7290114659949,false,מסכה כירורגית חד פעמית מארז 50 יח',שמחה זה אנחנו בעמ,,מסכה לפנים חד-פעמי מ,יחידה,50.00,יחידה,false,,9.90,0.1980,true,1,9427
7290115071504,false,6 מטבעות שוקולד באריזת רשת 31 גר סמי הכב,שמחה זה אנחנו בעמ,,מטבעות שוקולד ברשת 3,גרמים,31.00,100 גרם,false,,3.90,0.1258,true,1,9431
7290115200003,false,אסם פתי בר פינוקי וניל 16*220 ג',קבוצת אוסם סחר שותפות מוגבלת,,פתי בר פינוקי וניל א,גרמים,220.00,100 גרם,false,,9.90,0.0450,true,1,2049
7290115200027,false,אסם פתי בר פינוקים שוקו 220 גרם,קבוצת אוסם סחר שותפות מוגבלת,,פתי בר פינוקי שוקו א,גרמים,220.00,100 גרם,false,,9.90,0.0450,true,1,2050
7290115200089,false,חומוס משאוושה גלילית,צבר,,חומוס משאוושה גלילית,גרמים,350.00,100 גרם,false,,12.90,0.0369,true,1,2052
7290115200164,false,סלט חומוס מסבחה חריפ,צבר,,סלט חומוס מסבחה חריפ,גרמים,350.00,100 גרם,false,,12.90,0.0369,true,1,2053
7290115200676,false,עוגיות קרמוגית במילוי קרם בטעם קרמל מלוח,קבוצת אוסם סחר שותפות מוגבלת,,קרמוגית קרמל מלוח 20,גרמים,200.00,100 גרם,false,,10.90,0.0545,true,1,2055
7290115200713,false,במבה קלאסי מארז אחיד 5*50 גר` אסם,קבוצת אוסם סחר שותפות מוגבלת,,במבה קלאסי מארז אחיד,גרמים,250.00,100 גרם,false,,11.90,0.0476,true,1,2056
7290115200881,false,בייגלה אסם שטוחים שומשום במליחות מעודנת 300 גר,קבוצת אוסם סחר שותפות מוגבלת,,בייגלה שטוח שומשם מל,גרמים,300.00,100 גרם,false,,9.90,0.0330,true,1,2058
7290115201451,false,לביבות בטטה וקארי 455 גר` טבעול גורמה,קבוצת אוסם סחר שותפות מוגבלת,,טבעול גורמה לביבות ב,גרמים,455.00,100 גרם,false,,29.90,0.0657,true,1,20962
7290115201703,false,ביסלי חטיף בטעם ברביקין אסם (200 גרם),קבוצת אוסם סחר שותפות מוגבלת,,ביסלי ברביקיו 200 גר,גרמים,200.00,100 גרם,false,,7.90,0.0395,true,1,2066
7290115202434,false,צבר סלט חומוס עם זעתר 375 גרם,קבוצת אוסם סחר שותפות מוגבלת,,חומוס עם זעתר צבר 37,גרמים,375.00,100 גרם,false,,11.90,0.0317,true,1,2080
7290115203134,false,חטיף פופקו פופקורן במבה אסם (80 גרם),קבוצת אוסם סחר שותפות מוגבלת,,פופקו פופקורן במבה 8,גרמים,80.00,100 גרם,false,,5.40,0.0675,true,1,2084
7290115203172,false,במבה PRO מכיל 18 גרם חלבון בשקית,קבוצת אוסם סחר שותפות מוגבלת,,במבה פרו 80 גרם,גרמים,80.00,100 גרם,false,,4.90,0.0613,true,1,22225
7290115203486,false,פירורית בטעם ביסלי גריל אסם 200 גרם,קבוצת אוסם סחר שותפות מוגבלת,,פירורית בטעם ביסלי ג,גרמים,200.00,100 גרם,false,,6.40,0.0320,true,1,2091
7290115204056,false,"קטשופ מופחת סוכר אסם 690 גרם כשל""פ",קבוצת אוסם סחר שותפות מוגבלת,,קטשופ מופחת סוכר ללא,גרמים,690.00,100 גרם,false,,11.90,0.0172,true,1,2097
7290115204155,false,סחוג אדום המעדנייה ש,קבוצת אוסם סחר שותפות מוגבלת,,סחוג אדום צבר 190 גר,גרמים,190.00,100 גרם,false,,12.90,0.0679,true,1,19229
7290115204247,false,"ממרח עגבניות מיובשות 190 גרם ""צבר""",קבוצת אוסם סחר שותפות מוגבלת,,עגבניות מיובשות צבר,גרמים,190.00,100 גרם,false,,15.90,0.0837,true,1,19231
7290115204261,false,אריסה חריפה המעדנייה,קבוצת אוסם סחר שותפות מוגבלת,,אריסה צבר 190 גרם,גרמים,190.00,100 גרם,false,,12.90,0.0679,true,1,19232
7290115205176,false,729001032825פיטנס חטיפי קרקר כפרי 140גר.,קבוצת אוסם סחר שותפות מוגבלת,,פיטנס חטיפי קרקר טינ,גרמים,140.00,100 גרם,false,,11.90,0.0850,true,1,19309
7290115206135,false,טבעול גורמה ארוחת קינואה 450 גרם,קבוצת אוסם סחר שותפות מוגבלת,,טבעול גורמה ארוחת קי,גרמים,450.00,100 גרם,false,,33.90,0.0753,true,1,19802
7290115206173,false,אסם פתי בר קרמל 12*500 גרם חדש,קבוצת אוסם סחר שותפות מוגבלת,,אסם פתי בר קרמל 500,גרמים,500.00,100 גרם,false,,11.90,0.0238,true,1,17020
7290115206333,false,אסם עוגיות מיני שוקוצ'יפס 225גרם חדש,קבוצת אוסם סחר-שות.מוגבלת,,עוגיות מיני שוקוצ'יפ,גרמים,225.00,100 גרם,false,,10.90,0.0484,true,1,19803
7290115207361,false,ביסקוויט פתיבר בטעם פיסטוק,קבוצת אוסם סחר שותפות מוגבלת,,פתי בר פיסטוק אסם 50,גרמים,500.00,100 גרם,false,,11.90,0.0238,true,1,20668
7290115207484,false,צבר סלט חציל על האש היתר 360 גרם,קבוצת אוסם סחר שותפות מוגבלת,,חציל על האש צבר 400,גרמים,400.00,100 גרם,false,,15.90,0.0398,true,1,19240
7290115207682,false,אסם רוטב בסגנון סויה סיני 9*290מל חדש,קבוצת אוסם סחר שותפות מוגבלת,,רוטב בסגנון סויה סינ,מיליליטרים,290.00,"100 מ""ל",false,,10.90,0.0376,true,1,20967
7290115207941,false,ויטמינצ'יק אננס סירופ 1 ליטר,קבוצת אוסם סחר שותפות מוגבלת,,ויטמינצ'יק אננס 1 לי,מיליליטרים,1000.00,"100 מ""ל",false,,21.90,0.0219,true,1,19589
7290115208009,false,ויטמינצ'יק ענבים סירופ 1 ליטר,קבוצת אוסם סחר שותפות מוגבלת,,ויטמינצ'יק ענבים 1 ל,מיליליטרים,1000.00,"100 מ""ל",false,,21.90,0.0219,true,1,19592
7290115208061,false,ויטמינצ'יק תפוח סירופ 1 ליטר,קבוצת אוסם סחר שותפות מוגבלת,,ויטמינצ'יק תפוח 1 לי,מיליליטרים,1000.00,"100 מ""ל",false,,21.90,0.0219,true,1,19594
7290115208320,false,אפרופו חטיף בטעם ביסלי בצל 50 גרם,קבוצת אוסם סחר שותפות מוגבלת,,אפרופו בטעם ביסלי בצ,גרמים,50.00,100 גרם,false,,4.90,0.0980,true,1,23220
7290115208344,false,שטוחים בייגלה כפיות שמנת בצל 300גר,קבוצת אוסם סחר שותפות מוגבלת,,בייגלה כפיות שמנת בצ,גרמים,300.00,100 גרם,false,,10.90,0.0363,true,1,22228
7290115208597,false,אסם קרמוגית מיניס קרמל מלוח 200 גרם,קבוצת אוסם סחר שותפות מוגבלת,,קרמוגית מיניס קרמל מ,גרמים,200.00,100 גרם,false,,10.90,0.0545,true,1,21498
7290115208801,false,קרקר לחמית דבש ואגוזים אסם (190 גרם),קבוצת אוסם סחר שותפות מוגבלת,,לחמית דבש ואגוזים 19,גרמים,190.00,100 גרם,false,,9.90,0.0521,true,1,22229
7290115209174,false,במבה אורירית קלאסי 60 גר',קבוצת אוסם סחר-שות.מוגבלת,,במבה אורירית אסם 60,גרמים,60.00,100 גרם,false,,4.30,0.0717,true,1,21340
7290115209235,false,ביסקוויט פתי בר קפה אסם (500 גרם),קבוצת אוסם סחר שותפות מוגבלת,,פתי בר קפה אסם 500 ג,גרמים,500.00,100 גרם,false,,12.90,0.0258,true,1,22603
7290115209358,false,במבה במילוי בראוניז אסם (60 גרם),קבוצת אוסם סחר שותפות מוגבלת,,במבה במילוי בראוניז,גרמים,60.00,100 גרם,false,,4.90,0.0817,true,1,23222
7290115209372,false,במבה במילוי בראוניז 150 גרם אוסם,קבוצת אוסם סחר שותפות מוגבלת,,במבה במילוי בראוניז,גרמים,150.00,100 גרם,false,,10.90,0.0727,true,1,23223
7290115400243,false,מיני דובשניות רמי לו,,,מיני דובשניות רמי לו,גרמים,400.00,100 גרם,false,,11.90,0.0298,true,1,17057
7290115400274,false,מיני דובשניות מתוקות 400 גרם אדל,שיבולים יצור ושיווק מוצרי מאפה,,מיני דובשניות 400 ג,גרמים,400.00,100 גרם,false,,11.90,0.0298,true,1,8905
7290115400847,false,עוגיות פרפריות רמי לוי 500 גרם,,,עוגיות פרפריות רמי ל,גרמים,500.00,100 גרם,false,,14.90,0.0298,true,1,20911
7290115400908,false,עוגיות מגולגלות תמרים רמי לוי 500 גרם,,,עוגיות מגולגלות תמרי,גרמים,500.00,100 גרם,false,,14.90,0.0298,true,1,20916
7290115400991,false,עוגיות קוקוס 550 גר,,,עוגיות קוקוס 550 גר,גרמים,550.00,100 גרם,false,,18.90,0.0344,true,1,8913
7290115401004,false,עוגיות בוטנים 550 גר,,,עוגיות בוטנים 550 גר,גרמים,550.00,100 גרם,false,,18.90,0.0344,true,1,8914
7290115401011,false,עוגיות קוקוס מצופה 5,,,עוגיות קוקוס מצופה 5,גרמים,550.00,100 גרם,false,,18.90,0.0344,true,1,8915
7290115401028,false,עוגיות בוטנים מצופה,,,עוגיות בוטנים מצופה,גרמים,550.00,100 גרם,false,,18.90,0.0344,true,1,8916
7290115401097,false,עוגיות נסיכה טעם תות רמי לוי 500 גרם,,,עוגיות נסיכה בטעם תו,גרמים,500.00,100 גרם,false,,14.90,0.0298,true,1,20917
7290115401103,false,עוגיות נסיכה מיקס רמי לוי 500 גרם,,,עוגיות נסיכה מיקס רמ,גרמים,500.00,100 גרם,false,,14.90,0.0298,true,1,20918
7290115401110,false,עוגיות מיני מרוקאי רמי לוי 500 גרם,,,עוגיות בסגנון מרוקאי,גרמים,500.00,100 גרם,false,,14.90,0.0298,true,1,20919
7290115401158,false,עוגיות מלוחות קריספי רמי לוי 500 גרם,,,עוגיוים מלוחות קריספ,גרמים,500.00,100 גרם,false,,14.90,0.0298,true,1,20920
7290115405453,false,עוגת דבש פרמיום אמית,,,עוגת דבש פרמיום אמית,גרמים,450.00,100 גרם,false,,15.90,0.0353,true,1,8917
7290115405460,false,עוגת דבש פרמיום שטור,,,עוגת דבש פרמיום שטור,גרמים,450.00,100 גרם,false,,15.90,0.0353,true,1,8918
7290115405477,false,עוגת דבש פרמיום עם א,,,עוגת דבש פרמיום עם א,גרמים,450.00,100 גרם,false,,15.90,0.0353,true,1,8919
7290115405774,false,פחזניות ממולאות בטעם וניל קפולסקי 180 גרם,תופינים מקבוצת קפולס,,פחזניות ממולאות בטעם,גרמים,180.00,100 גרם,false,,14.90,0.0828,true,1,21084
7290115405811,false,קינוח אישי גבינה ופירורי עוגיות קפולסקי 200 גרם,תופינים מקבוצת קפולסקי,,קינוח אישי גבינה פרו,גרמים,200.00,100 גרם,false,,14.90,0.0745,true,1,21086
7290115405828,false,קינוח אישי גבינה אוכמניות קפולסקי 200 גרם,תופינים מקבוצת קפולסקי,,קינוח אישי גבינה אוכ,גרמים,200.00,100 גרם,false,,14.90,0.0745,true,1,21087
7290115406474,false,עוגת דבש מהודרת שטרו,,,עוגת דבש מהודרת שטרו,גרמים,450.00,100 גרם,false,,14.90,0.0331,true,1,22930
7290115410884,false,חציל על האש 400ג רמילוי,,,חציל על האש רמי לוי,גרמים,400.00,100 גרם,false,,10.90,0.0273,true,1,19213
7290115410914,false,חציל רומני 400ג רמילוי,,,חציל רומני רמי לוי 4,גרמים,400.00,100 גרם,false,,10.90,0.0273,true,1,17274
7290115410921,false,חומוס ירושלמי 400ג רמילוי,,,חומוס ירושלמי רמי לו,גרמים,400.00,100 גרם,false,,10.90,0.0273,true,1,17275
7290115411577,false,חציל במיונז 250גר רמילוי,,,חציל אש במיונז המזטי,גרמים,250.00,100 גרם,false,,8.90,0.0356,true,1,8693
7290115411638,false,קוביות חציל בטחינה 250גר רמילוי,,,קוביות חציל בטחינה ה,גרמים,250.00,100 גרם,false,,8.90,0.0356,true,1,8696
7290115480016,false,סוד פאוור קאפס לכביסה צבעונית 26 יחי,גורי שיווק בעמ,,סוד קפסולות ג'ל 3+1,יחידה,26.00,יחידה,false,,29.90,1.1500,true,1,20863
7290115671223,false,מסטיק מאסט פאן אבטיח מנגו צנצנת 58 גרם,שטראוס גרופ בע`מ,,מאסט פאן אבטיח מנגו,גרמים,58.00,100 גרם,false,,9.90,0.1707,true,1,19281
7290115671339,false,מיני פינוקיות בראוניז בייגל בוטן עלית 180 ג' עלית,"הגביע מוצרי ופלים בע""\מ",,מיני פינוקיות בראוני,גרמים,180.00,100 גרם,false,,10.90,0.0606,true,1,16989
7290115671346,false,מיני פינוקיות טופי קרמל מלוח עלית 180 גרם,"הגביע מוצרי ופלים בע""\מ",,מיני פינוקיות טופי ק,גרמים,180.00,100 גרם,false,,10.90,0.0606,true,1,16990
7290115671353,false,מיני פינוקיות עוגיות קקאו במילוי קרם בטעם וניל,"הגביע מוצרי ופלים בע""\מ",,מיני פינוקיות שחור ל,גרמים,180.00,100 גרם,false,,10.90,0.0606,true,1,19283
7290115671421,false,פולי אספרסו עשירים וארומטיים עוצמה 10 עלית 250 גרם,שטראוס קפה בי. וי.,,פולי אספרסו עשירים ו,גרמים,250.00,100 גרם,false,,21.90,0.0876,true,1,20193
7290115675559,false,מארז קפה טורקי לדרך 10 יחידות,שטראוס קפה בי.וי.,,מארז טורקי לדרך 70 ג,גרמים,70.00,100 גרם,false,,7.90,0.1129,true,1,19569
7290115675696,false,דגני בוקר קראנצ'ים שיבולת שועל עם אגוזים ושקדים,שטראוס פריטו ליי בע`מ,,קוואקר Cruesli אגוזי,גרמים,375.00,100 גרם,false,,19.90,0.0531,true,1,614
7290115675702,false,דגני בוקר קראנצ'ים שיבולת שועל עם פירות מיובשים,שטראוס פריטו ליי בע`מ,,קוואקר Cruesli פירות,גרמים,375.00,100 גרם,false,,19.90,0.0531,true,1,615
7290115675764,false,קפסולות 08 100% אתיופיה למכונות NESPRESSO,הנסיך- מפעל לייצור ט,,קפסולות 08 100% אתיו,גרמים,50.00,100 גרם,false,,17.90,0.3580,true,1,19284
7290115676051,false,"משקה אקטיביה שיבולת שועל במתיקות מעודנת 250 מ""ל",שטראוס גרופ בעמ/מצונן,,"משקה אקטיביה עם ש""ש",מיליליטרים,265.00,"100 מ""ל",false,,5.10,0.0192,true,1,18204
7290115676082,false,משקה דנונה פרו 20 יוגורט תות 255 ג' רבנות,שטראוס גרופ בעמ/מצונן,,משקה דנונה פרו 20 תו,גרמים,250.00,100 גרם,false,,6.90,0.0276,true,1,485
7290115676099,false,משקה דנונה פרו 20 יוגורט וניל 255 ג' רבנות,שטראוס גרופ בעמ/מצונן,,משקה דנונה פרו 20 ונ,גרמים,255.00,100 גרם,false,,6.90,0.0271,true,1,486
7290115677089,false,קונפיטורת יד מרדכי תפוח וקינמון 340 גרם,שטראוס גרופ בע`מ,,קונפיטורת תפוח קינמו,גרמים,340.00,100 גרם,false,,13.90,0.0409,true,1,16995
7290115677423,false,אורז ירוק קארי חריף חריף דלישס 350 גרם,קפוא-זן תעשיות מזון בעמ - תפוג,,ארוחת אורז קארי ירוק,גרמים,350.00,100 גרם,false,,26.90,0.0769,true,1,18102
7290115678291,false,אקטימל ויטמין רביעיי,שטראוס,,רביעייה אקטימל ויטמי,גרמים,432.00,100 גרם,false,,11.90,0.0275,true,1,501
7290115678376,false,מעדן הגולן שוקולד 125 גרם,שטראוס גרופ בעמ/מצונן,,מעדן הגולן שוקולד 12,גרמים,125.00,100 גרם,false,,2.90,0.0232,true,1,16973
7290115678383,false,מעדן הגולן שוקולד מריר בודד 125גר,שטראוס גרופ בעמ/מצונן,,מעדן הגולן שוקולד מר,גרמים,125.00,100 גרם,false,,2.90,0.0232,true,1,16974
7290115679885,false,פיצה מבצק עם כרובית עם רוטב עגבניות ומוצרלה,קפוא זן תעשיות מזון בעמ,,פיצה מבצק עם כרובית,גרמים,320.00,100 גרם,false,,26.90,0.0841,true,1,20122
7290116052717,false,כפית שקוף רמי לוי 40,,,כפית שקוף רמי לוי 40,100 יחידה,40.00,100 יחידה,false,,7.90,0.1975,true,1,21765
7290116052755,false,כפית קרם רמי לוי 40,,,כפית קרם רמי לוי 40,100 יחידה,40.00,100 יחידה,false,,7.90,0.1975,true,1,21769
7290116052939,false,כפית פרימיום קרם 40 יחידות,,,כפית פרימיום קרם 40,100 יחידה,40.00,100 יחידה,false,,7.90,0.1975,true,1,21386
7290116052946,false,מזלג פרימיום קרם 40 יחידות,,,מזלג פרימיום קרם 40,100 יחידה,40.00,100 יחידה,false,,7.90,0.1975,true,1,21387
7290116053042,false,כף פרימיום שקוף 40 י,,,כף פרימיום שקוף 40 י,100 יחידה,40.00,100 יחידה,false,,7.90,0.1975,true,1,21397
7290116053172,false,אטבי כביסה צבעוניים 30 יח',ד.ג.ש ייבוא ושיווק בעמ,,אטבי כביסה צבעוניים,יחידה,30.00,יחידה,false,,10.90,0.3633,true,1,22535
7290116053479,false,כפפה מקצועית לתנור מסיליקון,,,כפפת סיליקון מקצועית,יחידה,1.00,יחידה,false,,22.90,22.9000,true,1,23041
7290116053561,false,מספריים רב שימושיות,,,מספריים רב שימושיות,יחידה,1.00,יחידה,false,,16.90,16.9000,true,1,23042
7290116053837,false,מגב חלון איכותי מחליף,,,מגב חלון איכותי,יחידה,1.00,יחידה,false,,8.90,8.9000,true,1,22537
7290116053844,false,מברשת מעוצבת לניקוי,,,מברשת מעוצבת לניקוי,יחידה,1.00,יחידה,false,,6.90,6.9000,true,1,23043
7290116054230,false,מארז 50 צלחות לבן 8.5' בסט וליו,,,צלחת 8.5 לבן בסט ולי,יחידה,50.00,יחידה,false,,17.90,0.3580,true,1,20561
7290116055657,false,כוסות חד פעמי לשתייה חמה 40 יח,,,כוס חם 8 (40 יח') רמ,100 יחידה,40.00,100 יחידה,false,,9.90,0.2475,true,1,21398
7290116055732,false,כוסות אספרסו 40 יח' בסט וליו,,,כוס חם 4 אוז 40 יח',100 יחידה,40.00,100 יחידה,false,,5.90,0.1475,true,1,21401
7290116056302,false,צלחת 9' לבן (50 יח') בסט וליו,,,צלחת 9 לבן 50 יחידות,יחידה,1.00,יחידה,false,,21.90,21.9000,true,1,20532
7290116056968,false,מטליות 50יח לניקוי וחיטוי 99.9%,,,מטליות לניקוי וחיטוי,יחידה,50.00,יחידה,false,,7.90,0.1580,true,1,18429
7290116057620,false,"בקבוק ספורט (700 מ""ל",,,"בקבוק ספורט (700 מ""ל",100 יחידה,1.00,100 יחידה,false,,34.90,34.9000,true,1,21894
7290116059631,false,כפפות ויטריל שחור XL רמי לוי,,,כפפות ויטריל שחור XL,יחידה,100.00,יחידה,false,,19.90,0.1990,true,1,19770
7290116530185,false,"קורנפלקס דלישקד קרמל מלוח 400 גרם בד""ץ",יוניליוור ישראל שיווק בע`מ,,דלישקד 400 גרם תלמה,גרמים,400.00,100 גרם,false,,20.90,0.0522,true,1,18064
7290116530482,false,תלמה מארז קורנפלקס אלופים 30 גרם*5 יחידו,יוניליוור ישראל שיווק בע`מ,,מאגדת קורנפלקס של אל,גרמים,150.00,100 גרם,false,,13.90,0.0927,true,1,17000
7290116530871,false,נשנושים מיקס בייגל בייגל 240 גרם,יוניליוור ישראל שיווק בע`מ,,נשנושים מיקס 240 גרם,גרמים,240.00,100 גרם,false,,11.90,0.0496,true,1,21183
7290116531083,false,"ברנפלקס ללא ת.סוכר בטעם דבש בתוספת שקדים, 400 גרם",יוניליוור ישראל שיווק בע`מ,,ברנפלקס טעם דבש עם ש,גרמים,400.00,100 גרם,false,,21.90,0.0547,true,1,18824
7290116531328,false,"קליק בלאק אנד וויט חטיף שוקולד חלב 35 גרם כשל""פ",יוניליוור ישראל שיווק בעמ,,חטיף קליק בלאק&וויט,גרמים,35.00,100 גרם,false,,4.90,0.1400,true,1,21185
7290116531557,false,"פריכיות פתית תירס עם מלח 150 גרם כשל""פ",יוניליוור ישראל שיווק בע`מ,,פתית פריכיות תירס דק,גרמים,150.00,100 גרם,false,,11.90,0.0793,true,1,20420
7290116531885,false,"מיונז הלמנס טיבעוני בד""ץ 500 גר",יוניליוור ישראל שיווק בע`מ,,ממרח טבעוני ויגן תלמ,גרמים,500.00,100 גרם,false,,13.90,0.0278,true,1,21464
7290116532011,false,קליק אוקיי נוגט בציפוי שוקולד חלב 35 גרם,יוניליוור ישראל שיווק בע`מ,,חטיף נוגט קליק 35 גר,גרמים,35.00,100 גרם,false,,4.90,0.1400,true,1,20242
7290116532264,false,גודיז פרי אפרסק – שלגון מופחת קלוריות עם יוגורט בציפוי בטעם אפרסק,"גלידת שטראוס בע""\מ, רחוב",,מאגדת גודיז פרי אפרס,גרמים,300.00,100 גרם,false,,22.90,0.0763,true,1,20300
7290116532400,false,בייגל בייגל בייגלה מקלות עם מלח 235ג,"יוניליוור ישראל שיווק בע""מ",,בייגלה עם מלח אחד אח,גרמים,235.00,100 גרם,false,,6.90,0.0294,true,1,21465
7290116532875,false,פינוק בייבי אל סבון לתינוקות 970 מל-משאבה,יוניליוור ישראל שיווק בע`מ,,בייבי אל סבון אל דמע,מיליליטרים,900.00,"100 מ""ל",false,,19.90,0.0221,true,1,21467
7290116533063,false,דגני בוקר שוגי קרטיב ענבים 400 גרם,יוניליוור ישראל שיווק בע`מ,,דגני בוקר שוגי בטעם,גרמים,400.00,100 גרם,false,,20.90,0.0522,true,1,21468
7290116930282,false,ארוחה בקטנה לאבנה עם קרקרים 150ג' תנובה,"תנובה בע""מ ***",,ארוחה בקטנה לאבנה עם,גרמים,150.00,100 גרם,false,,8.50,0.0567,true,1,22059
7290116930435,false,יופלה גו במרקם סמיך עם דובדבן 0% 200מל,תנובה מרכז שיתופי לש,,יוגורט יופלה גו סמיך,גרמים,200.00,100 גרם,false,,5.90,0.0295,true,1,20910
7290116930459,false,"יופלה שייק מנגו בננה אננס וקוקוס 230 מ""ל",קבוצת המזון אקטשלאר,,יופלה שייק בננה אננ,מיליליטרים,230.00,"100 מ""ל",false,,7.90,0.0343,true,1,21408
7290116930466,false,"משקה SHAKE בננה מנגן פסיפלורה והל 230 מ""ל יופלה",קבוצת המזון אקטשלאר,,יופלה שייק מנגו בננ,מיליליטרים,230.00,"100 מ""ל",false,,7.90,0.0343,true,1,21409
7290116930480,false,"משקה SHAKE בננה קיווי תפוח 230 מ""ל יופלה",קבוצת המזון אקטשלאר,,יופלה שייק בננה קיו,מיליליטרים,230.00,"100 מ""ל",false,,7.90,0.0343,true,1,21410
7290116930558,false,"משקה תה קר עם חלב בטעם צ'אי קרמל 230 מ""ל תנובה",תנובה - חלב,,משקה תה קר עם חלב בט,מיליליטרים,230.00,"100 מ""ל",false,,7.90,0.0343,true,1,21411
7290116930565,false,"משקה תה קר עם חלב בטעם צ'אי מסאלה 230 מ""ל תנובה",תנובה - חלב,,משקה תה קר עם חלב בט,מיליליטרים,230.00,"100 מ""ל",false,,7.90,0.0343,true,1,21412
7290116930626,false,ארוחה בקטנה ציזיקי עם קרקרים 150ג' תנובה,"תנובה בע""מ ***",,ארוחה בקטנה ציזיקי ע,גרמים,150.00,100 גרם,false,,8.50,0.0567,true,1,22060
7290116930657,false,"משקה חלב גו בטעם בננה תמר בתוספת שיבולת שועל במרקם חלק 340 מ""ל",תנובה מרכז שיתופי לש,,משקה חלב גו בננה תמר,גרמים,340.00,100 גרם,false,,7.90,0.0232,true,1,23233
7290116930701,false,מעדן חלב GO מועשר בחלבון בטעם קרמל מלוח,תנובה מרכז שיתופי לש,,מעדן חלב גו בטעם קרמ,גרמים,120.00,100 גרם,false,,4.90,0.0408,true,1,21416
7290116930718,false,מעדן תנובה דיאט בטעם שוקולד וקרמל מלוח 0% 150ג' תנובה,תנובה - חלב,,מעדן תנובה דיאט בטעם,גרמים,150.00,100 גרם,false,,4.00,0.0267,true,1,21529
7290116930725,false,סויה BIO קוקוס גביע 150 גרם אלטרנטיב,תנובה בעמ ***,,מעדן סויה ביו קוקוס,גרמים,150.00,100 גרם,false,,4.80,0.0320,true,1,22061
7290116930954,false,יוגורט טעם פאי תפוחים 3% 150 ג' יופלה,תנובה בעמ ***,,יופלה פאי תפוחים 3%,גרמים,150.00,100 גרם,false,,5.00,0.0333,true,1,23234
7290116931081,false,מעדן סויה - טופי קרמל 125 גרם אלטרנטיב,תנובה מרכז שיתופי לש,,מעדן סויה בטעם טופי,גרמים,125.00,100 גרם,false,,4.20,0.0336,true,1,22062
7290116931104,false,יופלה GO במרקם סמיך עם אננס 0% תנובה 200 גרם,תנובה בעמ ***,,יופלה גו במרקם סמיך,גרמים,200.00,100 גרם,false,,5.90,0.0295,true,1,22063
7290117260173,false,"קמח חיטה רב תכליתי 1 ק""ג",ג. וילי-פוד אינטרנשיונל בע`מ,,קמח חיטה רב תכליתי ו,קילוגרמים,1.00,"ק""ג",false,,7.90,7.9000,true,1,20146
7290117260227,false,קפה טורקי אמיתי מטורקיה 100 גרם,ג. וילי-פוד אינטרנשיונל בע`מ,,קפה טורקי קלוי מטורק,גרמים,100.00,100 גרם,false,,6.90,0.0690,true,1,19486
7290117260432,false,פטריות שמפניון חתוכות 400ג רמילוי,,,פטריות חתוכות רמי לו,גרמים,400.00,100 גרם,false,,4.90,0.0123,true,1,21059
7290117260562,false,חמאה כפרית מסורתית בגביע,ג.וילי-פוד אינטרנשיונל **גבינו,,חמאה בגביע ויליפוד 2,גרמים,125.00,100 גרם,false,,17.90,0.1432,true,1,26574
7290117260685,false,תן בו וניל ציפויים בטעמים שונים 230 גרם,ג. וילי-פוד אינטרנשיונל בע`מ,,תן בו בטעם וניל בציפ,גרמים,230.00,100 גרם,false,,19.90,0.0865,true,1,19083
7290117260821,false,גבינת כבשים צ'אנק עם פטריות כמהין 150 ג' אל פסטור,ג.וילי-פוד אינטרנשיונל **גבינו,,גבינת כבשים עם פטריו,גרמים,150.00,100 גרם,false,,26.90,0.1793,true,1,20150
7290117260968,false,ביסקוויטים ללא גלוטן 125 גרם ויליפוד,ג. וילי-פוד אינטרנשיונל בע`מ,,"ביסקוויטים לל""ג כשלפ",גרמים,125.00,100 גרם,false,,9.90,0.0792,true,1,20620
7290117261354,false,גבינת ריקוטה 200 גרם 5%שומן מחלבת אירופה,ג.וילי-פוד אינטרנשיונל **גבינו,,גבינת ריקוטה יורו 20,גרמים,200.00,100 גרם,false,,10.90,0.0545,true,1,22635
7290117261521,false,סלמון אטלנטי בשמן קנולה 120 גרם ויליפוד,ג. וילי-פוד אינטרנשיונל בע`מ,,סלמון אטלנטי בשמן קנ,גרמים,120.00,100 גרם,false,,10.90,0.0908,true,1,22370
7290117261569,false,סלמון אטלנטי מעושן בשמן קנולה 120 גרם ויליפוד,ג. וילי-פוד אינטרנשיונל בע`מ,,סלמון אטלנטי מעושן ב,גרמים,120.00,100 גרם,false,,10.90,0.0908,true,1,22372
7290117261576,false,סרדינים בריסלינג מעושנים ברוטב עגבניות 185 גרם צנצנת,ג. וילי-פוד אינטרנשיונל בע`מ,,סרדינים בריסלינג מעו,גרמים,185.00,100 גרם,false,,13.90,0.0751,true,1,22923
7290117261583,false,סרדינים בריסלינג מעושנים בשמן קנולה 129 גרם (צנצנת),ג. וילי-פוד אינטרנשיונל בע`מ,,סרדינים בריסלינג מעו,גרמים,185.00,100 גרם,false,,13.90,0.0751,true,1,22924
7290117261927,false,גבינת פקורינו מחלב כבשים צ'אנק 150 EURO CHEESE,ג.וילי-פוד אינטרנשיונל **גבינו,,גבינת פקורינו מחלב כ,גרמים,150.00,100 גרם,false,,21.90,0.1460,true,1,22374
7290117262030,false,רגע-וופל במילוי קרם טעם שוקולד 200 גרם ויליפוד,ג.וילי פוד אינטרנשיונל בעמ,,וופל במילוי קרם בטעם,גרמים,200.00,100 גרם,false,,14.90,0.0745,true,1,21549
7290117262221,false,"משקה יוגורט פרוביוטי עם אננס 200מ""ל 2.3%שומן יורו",ג.וילי-פוד אינטרנשיונל **גבינו,,משקה יוגורט פרוביוטי,מיליליטרים,200.00,"100 מ""ל",false,,4.90,0.0245,true,1,22365
7290117900932,false,גרעיני אבטיח קלויים 130 גרם,דין שיווק וקליה 2021 בעמ,,גרעיני אבטיח קלויים,גרמים,130.00,100 גרם,false,,10.90,0.0838,true,1,21582
7290117900949,false,בוטנים מצופים אמריקאים 250 גרם,דין שיווק וקליה 2021 בעמ,,בוטנים מצופים אמריקא,גרמים,250.00,100 גרם,false,,10.90,0.0436,true,1,21583
7290117900956,false,תערובת פיצוחים קלויים ששון הקולה 180 גרם,דין שיווק וקליה 2021 בעמ,,תערובת פיצוחים קלויי,גרמים,180.00,100 גרם,false,,15.90,0.0883,true,1,21584
7290117900963,false,בוטנים קלויים 270גר ששון הקולה,דין שיווק וקליה 2021 בעמ,,בוטנים קלויים ששון ה,גרמים,270.00,100 גרם,false,,10.90,0.0404,true,1,21585
7290117900970,false,שקדים קלויים ששון הקולה 180 גם,דין שיווק וקליה 2021 בעמ,,שקדים קלויים ששון הק,גרמים,180.00,100 גרם,false,,15.90,0.0883,true,1,21586
7290117900987,false,אגוז פקאן קלוף ששון הקולה 140 גרם,דין שיווק וקליה 2021 בעמ,,אגוז פקאן קלוף ששון,גרמים,140.00,100 גרם,false,,15.90,0.1136,true,1,21587
7290117900994,false,פקאן סיני מסוכר ששון הקולה 140 גרם,דין שיווק וקליה 2021 בעמ,,פקאן סיני מסוכר ששון,גרמים,140.00,100 גרם,false,,15.90,0.1136,true,1,21588
7290117901007,false,פיסטוקים קלויים ששון הקולה 130 גרם,דין שיווק וקליה 2021 בעמ,,פיסטוקים קלויים ששון,גרמים,130.00,100 גרם,false,,15.90,0.1223,true,1,21589
7290117901014,false,אגוזי קשיו קלויים 160 גר ששון הקולה,דין שיווק וקליה 2021 בעמ,,קשיו קלוי ששון הקולה,גרמים,160.00,100 גרם,false,,15.90,0.0994,true,1,21590
7290117901021,false,קבוקים בוטנים מצופים עם שומשום 220 גרם,דין שיווק וקליה 2021 בעמ,,קבוקים בוטנים מצופים,גרמים,220.00,100 גרם,false,,10.90,0.0495,true,1,21591
7290117901038,false,אגוזי מלך קלופים ששון הקולה 190 גרם,דין שיווק וקליה 2021 בעמ,,אגוזי מלך קלופים ששו,גרמים,190.00,100 גרם,false,,15.90,0.0837,true,1,21592
7290117901045,false,בוטן רביולי ששון הקולה 200 גרם,דין שיווק וקליה 2021 בעמ,,בוטן רביולי ששון הקו,גרמים,200.00,100 גרם,false,,15.90,0.0795,true,1,21593
7290117901052,false,שקדים קלופים 180 גר ששון הקולה,דין שיווק וקליה 2021 בעמ,,שקדים קלופים ששון הק,גרמים,180.00,100 גרם,false,,15.90,0.0883,true,1,21594
7290118070245,false,קליפיסים לסגירת שקיות 4יח,,,קליפסים לסגירת שקיות,יחידה,4.00,יחידה,false,,7.90,1.9750,true,1,23044
7290118072492,false,מנגל קטן,,,מנגל קטן,יחידה,1.00,יחידה,false,,39.90,39.9000,true,1,23090
7290118072591,false,מאג רוזה,,,מאג רוזה,יחידה,1.00,יחידה,false,,5.90,5.9000,true,1,23094
7290118073529,false,קופסת אחסון HAPPI LOCK פלסטיק 2.2 ליטר,,,קופסת אחסון פלסטיק 2,יחידה,1.00,יחידה,false,,29.90,29.9000,true,1,23046
7290118073710,false,מקל מטאטא מחוזק 130סמ צבעוני,,,מקל מטאטא מחוזק 130,יחידה,1.00,יחידה,false,,7.90,7.9000,true,1,26645
7290118420071,false,במבה ביסלי ברביקיו מיקס 80גר אסם{,קבוצת אוסם סחר שותפות מוגבלת,,במבה ביסלי ברביקיו מ,גרמים,80.00,100 גרם,false,,4.90,0.0613,true,1,23224
7290118420477,false,אסם בייגלה שטוחים בטעם ביסלי בצל 300 גרם,קבוצת אוסם סחר שותפות מוגבלת,,אסם בייגלה שטוחים בט,גרמים,300.00,100 גרם,false,,9.90,0.0330,true,1,23226
7291044077209,false,מארז סוללות 12 יח,,,מארז סוללות 12 יח,יחידה,1.00,יחידה,false,,14.90,14.9000,true,1,12862
7296168010590,false,פדים להסרת איפור 80*,,,פדים להסרת איפור 80*,יחידה,80.00,יחידה,false,,16.90,0.2112,true,1,12305
7297488097995,false,גרנולה דבש ללא גלוטן 250 גרם דגש,תות תעשיות מזון (201,,דגש גרנולה דבש 250 ג,גרמים,250.00,100 גרם,false,,13.90,0.0556,true,1,14551
7297488098015,false,גרנולה קרנץ' עם שוקולד צ'יפס מריר ללא גלוטן 250 גרם דגש,תות תעשיות מזון (201,,דגש גרנולה קרנצ'י שו,גרמים,250.00,100 גרם,false,,13.90,0.0556,true,1,14553
7297488098152,false,קמח חומוס ללא גלוטן דגש 500 גרם,אף.סי תבליני בגליל ב,,דגש קמח חומוס 500 גר,גרמים,500.00,100 גרם,false,,16.90,0.0338,true,1,14554
7297488098305,false,"מרק דגש""קמח שקדים""250גרם","תבליני העליון בע""מ",,דגש קמח שקדים 250 גר,גרמים,250.00,100 גרם,false,,25.50,0.1020,true,1,14563
7297488099821,false,גרנולה ללא תוספת סוכר לנמנעים מגלוטן,תות תעשיות מזון (201,,דגש גרנולה ללא תוספת,גרמים,250.00,100 גרם,false,,14.50,0.0580,true,1,14570
7297488199859,false,מצות טבעי 300גר ללא גלוטן,נטורפוד בעמ,,דגש - מצות ללא גלוטן,גרמים,300.00,100 גרם,false,,29.90,0.0997,true,1,14577
7298171178922,false,רביעיית מגבונים מיקי,,,רביעיית מגבונים מיקי,100 יחידה,1.00,100 יחידה,false,,19.90,19.9000,true,1,21923
7298171178939,false,רביעיית מגבונים מיני,,,רביעיית מגבונים מיני,100 יחידה,1.00,100 יחידה,false,,19.90,19.9000,true,1,21924
7299854145262,false,כוסות נייר שתיה חמה,כוסות שתייה חמה 3 ב,,כוסות נייר שתיה חמה,יחידה,50.00,יחידה,false,,11.90,0.2380,true,1,10594
7312040017683,false,מארז אבסולוט רגיל(וודקה {}{700 עם כוס,טמפו משקאות בע`מ,,"וודקה אבסולוט 700 מ""",מיליליטרים,700.00,"100 מ""ל",false,,67.90,0.0970,true,1,4928
7394376123337,false,"משקה שיבולת שועל אורגני מפוקח ע""י סקאל",טרנסומס פוד איי.בי,,משקה שיבולת שועל אור,מיליליטרים,1000.00,"100 מ""ל",false,,14.50,0.0145,true,1,9160
7394376615825,false,אוטלי משקה שיבולת שועל מועשר בסידן וויטמינים 1 ליטר,ש. שסטוביץ בע`מ,,משקה שיבולת שועל מוע,מיליליטרים,1000.00,"100 מ""ל",false,,14.50,0.0145,true,1,9161
7394376616778,false,אוטלי משקה שיבולת שועל להקצפה בריסטה 1 ליטר,ש. שסטוביץ בע`מ,,משקה שיבולת שועל להק,מיליליטרים,1000.00,"100 מ""ל",false,,15.90,0.0159,true,1,9162
7501013101348,false,"ג'ומקס מנגו בקבוק 473 מ""ל תריסר",חומקס קומר קומרסאליזדורה,,ג'ומקס נקטר מנגו 473,מיליליטרים,473.00,"100 מ""ל",false,,8.40,0.0178,true,1,4935
7501013101355,false,"נקטר בטעם אפרסק 500 מ""ל JUMEX",חומקס קומר קומרסאליזדורה,,ג'ומקס נקטר אפרסק 47,מיליליטרים,473.00,"100 מ""ל",false,,8.40,0.0178,true,1,4936
7501013101393,false,"ג'ומקס אננס בקבוק 473 מ""ל תריסר",חומקס קומר קומרסאליזדורה,,ג'ומקס משקה אננס 473,מיליליטרים,473.00,"100 מ""ל",false,,8.40,0.0178,true,1,4938
7501013122039,false,ג'ומקס מיץ מנגו קרטונית ליטר תריסר,חומקס קומר קומרסאליזדורה,,ג'ומקס נקטר מנגו קרט,מיליליטרים,1000.00,"100 מ""ל",false,,9.50,0.0095,true,1,4942
7501013122114,false,ג'ומקס מיץ אננס קרטונית ליטר תריסר,חומקס קומר קומרסאליזדורה,,ג'ומקס משקה אננס קרט,מיליליטרים,1000.00,"100 מ""ל",false,,9.50,0.0095,true,1,4944
7501013122190,false,ג'ומקס מיץ תפוחים קרטונית ליטר תריסר,חומקס קומר קומרסאליזדורה,,ג'ומקס משקה תפוחים ק,מיליליטרים,1000.00,"100 מ""ל",false,,9.50,0.0095,true,1,4945
7501013122992,false,ג'ומקס מיץ קוקוס אננס קרטונית ליטר תריסר,חומקס קומר קומרסאליזדורה,,ג'ומקס משקה קוקוס אנ,מיליליטרים,1000.00,"100 מ""ל",false,,9.50,0.0095,true,1,4946
7501049936945,false,"בירה סול שישייה בקבוק 330 מ""ל",פארייפאבה אגרואינדוס,,בירה סול שישייה 330,מיליליטרים,1980.00,"100 מ""ל",false,,34.90,0.0176,true,1,4950
7501064191398,false,שישיית בירה קורונה אקסטרא *355 מל,קריניציה ויטמינה אס,,בירה קורונה שישייה 3,מיליליטרים,2130.00,"100 מ""ל",false,,39.90,0.0187,true,1,9847
7610113015780,false,בריזר סלצזר למון לים250,"איי, בי, אינבוו",,בריזר סלצזר לימון לי,מיליליטרים,250.00,"100 מ""ל",false,,12.90,0.0516,true,1,18287
7610400014649,false,לינדור קוביות במילוי קרם שוקולד חלב 100 גרם,לינדט ושפרונגלי קילשברג,,שוקולד לינדור בודד מ,גרמים,100.00,100 גרם,false,,15.80,0.1580,true,1,18505
7610400068505,false,לינדט לינדור בונבוניירה שוקולד חלב 200 גרם,לינדט ושפרונגלי קילשברג,,לינדור בונ' מילק 200,גרמים,200.00,100 גרם,false,,29.90,0.1495,true,1,17652
7610400068529,false,לינדט לינדור בונבוניירה כדורי שוקולד מטעמים 200 גרם,לינדט ושפרונגלי קילשברג,,לינדור בונ' אסורטד 2,גרמים,200.00,100 גרם,false,,29.90,0.1495,true,1,17653
7610400075787,false,לינדט לה גרנד שוקולד חלב אגוז 150 גרם,לינדט ושפרונגלי קילשברג,,שוקולד לינדט לגרנד ח,גרמים,150.00,100 גרם,false,,23.90,0.1593,true,1,18508
7610400091060,false,שוקולד מריר לינדט אקסלנס בתוספת תפוז ושקדים,לינדט ושפרונגלי קילש,,שוקולד לינדט אקסלנס,גרמים,100.00,100 גרם,false,,14.90,0.1490,true,1,18510
7613032045753,false,פיטנס דגנים מחיטה מלאה שוקולד 375גרם,קבוצת אוסם סחר שותפות מוגבלת,,פיטנס שוקולד 375 גרם,גרמים,375.00,100 גרם,false,,19.90,0.0531,true,1,2103
7613032416157,false,דגני פיטנס שקדים ודבש355,נסטלה,,דגני פיטנס שקדים ודב,גרמים,355.00,100 גרם,false,,19.90,0.0561,true,1,2104
7613035622623,false,פיטנס גרנולה שקדים ודבש נסטלה (300 גרם),קבוצת אוסם סחר-שות.מוגבלת,,פיטנס גרנולה שקדים ו,גרמים,300.00,100 גרם,false,,14.90,0.0497,true,1,2109
7613035758834,false,פיטנס סופר גרנולה וחמוציות 300 גרם,קבוצת אוסם סחר שותפות מוגבלת,,פיטנס גרנולה חמוציות,גרמים,300.00,100 גרם,false,,14.90,0.0497,true,1,2111
7613035807778,false,פרפקטו רוטב עגבניות לבולונז אסם 400 גרם,קבוצת אוסם סחר שותפות מוגבלת,,פרפקטו רוטב עגבניות,גרמים,400.00,100 גרם,false,,10.50,0.0263,true,1,2112
7613035809109,false,פרפקטו רוטב עגבניות ובזיליקום אסם 400 גרם,קבוצת אוסם סחר שותפות מוגבלת,,פרפקטו רוטב עגבניות,גרמים,400.00,100 גרם,false,,10.50,0.0263,true,1,2113
7613035809123,false,פרפקטו רוטב עגבניות עם פלפלים אסם 400 גרם,קבוצת אוסם סחר שותפות מוגבלת,,פרפקטו רוטב עגבניות,גרמים,400.00,100 גרם,false,,10.50,0.0263,true,1,2114
7613035809857,false,פרפקטו רוטב עגבניות לפסטה ולבישול אסם 400 גרם,קבוצת אוסם סחר שותפות מוגבלת,,פרפקטו רוטב עגבניות,גרמים,400.00,100 גרם,false,,10.50,0.0263,true,1,2115
7613036105545,false,"דוגלי גזע קטן 4*3 קילו ""אסם""",קבוצת אוסם סחר שותפות מוגבלת,,"דוגלי גזע קטן 3 ק""ג",גרמים,3000.00,100 גרם,false,,46.90,0.0156,true,1,2118
7613036288958,false,"דוגלי בקר לפעילים 3 ק""ג",קבוצת אוסם סחר-שות.מוגבלת,,"דוגלי אקטיב 3 ק""ג",גרמים,3000.00,100 גרם,false,,48.90,0.0163,true,1,2119
7613036520492,false,פרפקטו רוטב עגבניות לפיצה אסם 400 גרם,קבוצת אוסם סחר-שות.מוגבלת,,רוטב עגבניות לפיצה פ,גרמים,400.00,100 גרם,false,,10.50,0.0263,true,1,2122
7613036710879,false,מארז מיני חטיפי קיט קט צ'אנקי Kit Kat Chanky,קבוצת אוסם סחר שותפות מוגבלת,,קיט קט צנקי מיני 12*,גרמים,194.00,100 גרם,false,,14.90,0.0768,true,1,2123
7613037686906,false,פיטנס - דגני בוקר שקדים ודבש 355 גרם,קבוצת אוסם סחר שותפות מוגבלת,,דגני בוקר עם שקדים ו,גרמים,355.00,100 גרם,false,,19.90,0.0561,true,1,2148
7613038268262,false,דגני בוקר צ'יריוס דבש ושקדים במתיקות מעודנת,קבוצת אוסם סחר שותפות מוגבלת,,האני נאט ציריוס מופח,גרמים,410.00,100 גרם,false,,19.90,0.0485,true,1,2150
7613287121783,false,סמארטיס מיני 16*187 גרם,קבוצת אוסם סחר שותפות מוגבלת,,סמארטיס מיני 187 גרם,גרמים,187.00,100 גרם,false,,14.90,0.0797,true,1,2161
7613287155832,false,גרבר מחית תפוחי עץ 90 גרם פאוץ,קבוצת אוסם סחר שותפות מוגבלת,,גרבר מחית תפוח 90 גר,גרמים,90.00,100 גרם,false,,6.50,0.0722,true,1,2162
7613287325808,false,אוסם - דיפ אנד ספרד מטבל איולי שום 295 גרם,קבוצת אוסם סחר שותפות מוגבלת,,רוטב איולי שום לחיץ,גרמים,295.00,100 גרם,false,,12.90,0.0437,true,1,18423
7613287325853,false,אוסם - דיפ אנד ספרד מטבל איולי ספייסי 295 גרם,קבוצת אוסם סחר שותפות מוגבלת,,אסם רוטב ספייסי איול,גרמים,295.00,100 גרם,false,,12.90,0.0437,true,1,18425
7613287476678,false,דגני בוקר סינימיניס צ'ורוס נסטלה 360 ג',קבוצת אוסם סחר שותפות מוגבלת,,סינימיניס צ'ורוס 360,גרמים,360.00,100 גרם,false,,23.90,0.0664,true,1,2166
7614500035788,false,טובלרון שוקולד חלב 200 גרם,דיפלומט מפיצים (1968) בעמ**,,טובלרון 200 גרם,גרמים,200.00,100 גרם,false,,17.90,0.0895,true,1,19626
7622010001858,false,עוגיות אוראו ממולאות קרם וניל 176 גרם.,דיפלומט מפיצים (1968) בעמ**,,אוראו וניל 176 גרם ב,גרמים,176.00,100 גרם,false,,9.90,0.0563,true,1,2620
7622201050757,false,מילקה שוקולד חלב במילוי קרם קרמל 100 ג,דיפלומט מפיצים (1968) בעמ**,,שוקולד חלב במילוי קר,גרמים,100.00,100 גרם,false,,6.90,0.0690,true,1,6989
7622201137052,false,אוראו מיני קוקיס - עוגיות שוקולד צ'יפס ותחתית מצופה שוקולד חלב,דיפלומט מפיצים (1968) בעמ**,,מילקה מיני קוקיז 110,גרמים,110.00,100 גרם,false,,9.90,0.0900,true,1,22856
7622201401900,false,עוגיות מילקה סנסיישן אוראו 156 גרם,דיפלומט מפיצים (1968) בעמ**,,עוגיות מילקה סנסיישן,גרמים,156.00,100 גרם,false,,10.90,0.0699,true,1,2622
7622201500733,false,עוגיות אוראו רמיקס דאבל קרם קרמל וניל157,דיפלומט מפיצים (1968) בע`מ,,אוראו רמיקס דאבל קרם,גרמים,157.00,100 גרם,false,,8.90,0.0567,true,1,22220
7622201521493,false,גבינת פילדלפיה שום ועשבי תיבול 150 גר` (,מיודלז אספניה פרודוק,,גבינת שמנת שום ועשבי,גרמים,150.00,100 גרם,false,,14.90,0.0993,true,1,21320
7622201798154,false,גבינת שמנת לייט מופחתת שומן 13% שומן,מיודלז אספניה פרודוק,,גבינת שמנת פילדלפיה,גרמים,150.00,100 גרם,false,,14.90,0.0993,true,1,17831
7622201801809,false,מילקה שוקולד חלב עם אגוזים 100 גרם חדש,מנדלז דויצ'\לנד סנקס פרו,,שוקולד חלב עם שברי א,גרמים,100.00,100 גרם,false,,6.90,0.0690,true,1,17783
7622201802363,false,מילקה טבלת שוקולד חלב וצימוקים ואגוזים 100ג',דיפלומט מפיצים (1968) בעמ**,,שוקולד חלב עם אגוזים,גרמים,100.00,100 גרם,false,,6.90,0.0690,true,1,17784
7622201802394,false,שוקולד מילקה חלב מסרונים 100 גרם,מנדלז דויצ'\לנד סנקס פרו,,שוקולד חלב מילקה 100,גרמים,100.00,100 גרם,false,,6.90,0.0690,true,1,17785
7622201808631,false,אוראו מיני עוגיות ממולאות קרם וניל 67גרם,דיפלומט מפיצים (1968) בעמ**,,אוראו מיני כוסות בטע,גרמים,67.00,100 גרם,false,,7.90,0.1179,true,1,19364
7622201809188,false,מילקה ביסקויט מצופה שוקולד 150 גר`,מונדלז פרנס ביסקוויט פרו,,מילקה ביסקויט 150 גר,גרמים,150.00,100 גרם,false,,10.90,0.0727,true,1,17786
7622201813390,false,וופל במילוי קרם קקאו בציפוי שוקולד חלב,דיפלומט מפיצים (1968) בעמ**,,מילקה וואפל במילוי ק,גרמים,132.00,100 גרם,false,,10.90,0.0826,true,1,18438
7622210078131,false,שוקולד חלב עם שבבי קרמל מילקה דיים 100 גרם,מנדלז דויצ'\לנד סנקס פרו,,שוק' מילקה דאיים 100,גרמים,100.00,100 גרם,false,,6.90,0.0690,true,1,18379
7622210392589,false,טובלרון טייני שוקולד חלב 200 גרם,מונדלז סוויצרלנד פרודקשן,,טובלרון טייני חלב 20,גרמים,200.00,100 גרם,false,,17.90,0.0895,true,1,7023
7622210464729,false,אוראו גולדן עוגיות וניל במילוי קרם וניל,דיפלומט מפיצים (1968) בעמ**,,אוראו גולדן 154 גרם,גרמים,154.00,100 גרם,false,,6.90,0.0448,true,1,2624
7622210637994,false,מיני עוגיות אוראו קראנצ'י בייטס אורגינל,דיפלומט מפיצים (1968) בעמ**,,אוראו ביס קראנ'צי או,גרמים,110.00,100 גרם,false,,9.90,0.0900,true,1,2627
7622210664150,false,"עוגיות אוראו וניל, 396 גרם",דיפלומט מפיצים (1968) בעמ**,,עוגיות אוראו וניל 39,גרמים,396.00,100 גרם,false,,15.90,0.0402,true,1,22245
7622210835338,false,אוראו עוגיות ממולאות טעם בראוניז 176 גרם,דיפלומט מפיצים (1968) בעמ**,,עוגיות אוראו בראוניז,גרמים,176.00,100 גרם,false,,8.90,0.0506,true,1,2637
7622300200237,false,שוקולד מילקה שוקולד חלב 250 גרם,דיפלומט מפיצים (1968) בעמ**,,מילקה שוקולד חלב 250,גרמים,250.00,100 גרם,false,,12.50,0.0500,true,1,2640
7622300270506,false,מילקה גריינס - עוגיות שיבולת שועל מצופות שוקולד 168 ג',דיפלומט מפיצים (1968) בעמ**,,מילקה גריינס - עוגיו,גרמים,168.00,100 גרם,false,,10.90,0.0649,true,1,2642
7622300441715,false,עוגיות מילקה ביסקוויט ממולא קרם חלב מצופה למחצה בשוקולד חלב 150 גר',דיפלומט מפיצים (1968) בעמ**,,מילקה עוגיות שוקו מי,גרמים,150.00,100 גרם,false,,11.90,0.0793,true,1,7172
7622300489427,false,עוגיות אוראו בציפוי בטעם שוקולד לבן 246 גרם,דיפלומט מפיצים (1968) בעמ**,,אוראו עוגיות מצופות,גרמים,246.00,100 גרם,false,,18.90,0.0768,true,1,7180
7622300489434,false,"עוגיות אוראו פאדג' בציפוי שוקולד חלב, 246 גרם",דיפלומט מפיצים (1968) בעמ**,,אוראו עוגיות מצופות,גרמים,246.00,100 גרם,false,,18.90,0.0768,true,1,7181
7622300495046,false,מילקה שוקולד חלב עם אקסטרה קקאו 100 גרם,מנדלז דויצ'\לנד סנקס פרו,,מילקה אקסטרה קקאו 10,גרמים,100.00,100 גרם,false,,6.90,0.0690,true,1,18442
7622300503079,false,עוגיות ביסקוויט מצופה שוקולד חלב מילקה 200 גרם,דיפלומט מפיצים (1968) בעמ**,,מילקה מוו ביסקוויט מ,גרמים,200.00,100 גרם,false,,10.90,0.0545,true,1,2644
7622300617820,false,מילקה שוקולד חלב במילוי קרם חלב ווניל ושבבי עוגיות אוראו 100 גרם,מנדלז דויצ'\לנד סנקס פרו,,מילקה אוראו 100 גרם,גרמים,100.00,100 גרם,false,,6.90,0.0690,true,1,2645
7622300761363,false,עוגיות מיני אוראו במילוי קרם בטעם שוקולד בכוס,דיפלומט מפיצים (1968) בעמ**,,אוראו מיני עוגיות עם,גרמים,67.00,100 גרם,false,,7.90,0.1179,true,1,2647
7630477891639,false,קפסולות קפה סומטרה (10 יח) סטארבקס ( 55,קבוצת אוסם סחר שותפות מוגבלת,,קפסולות קפה קפה ורונ,גרמים,55.00,100 גרם,false,,22.90,0.4164,true,1,2170
7630477891677,false,סטארבקס קפסולות קפה פייק פלייס 10 יחידות,קבוצת אוסם סחר שותפות מוגבלת,,קפסולות קפה פייק פלי,גרמים,53.00,100 גרם,false,,22.90,0.4321,true,1,2172
7630477891714,false,סטארבקס קפסולות קפה אספרסו 10 יחידות,קבוצת אוסם סחר שותפות מוגבלת,,קפסולות קפה אספרסו ר,גרמים,57.00,100 גרם,false,,22.90,0.4018,true,1,2174
7702018468447,false,גילט בלו 2 פלוס סכינים חד פעמיים עשירייה,דיפלומט מפיצים (1968) בעמ,,עשיריית סכיני בלו 2,יחידה,10.00,יחידה,false,,29.90,2.9900,true,1,11692
7702018886272,false,VENUS BREEZE מכשיר +,,,VENUS BREEZE מכשיר +,יחידה,1.00,יחידה,false,,29.90,29.9000,true,1,5921
7702018980833,false,"ג'ילט ג'ל גילוח סירייס מועשר בלחות - 200 מ""ל",דיפלומט מפיצים 1968 בעמ,,ג'ל גילוח מרכך מטפל,מיליליטרים,200.00,"100 מ""ל",false,,20.90,0.1045,true,1,11693
7702024074625,false,חטיפי קרקר פיטנס Fitness עם חיטה מלאה,קבוצת אוסם סחר שותפות מוגבלת,,פיטנס חטיפי קרקר חיט,גרמים,234.00,100 גרם,false,,11.90,0.0509,true,1,2176
7702174066464,false,סוכריות קשות בטעם מנ,1 יחידה,,סוכריות קשות בטעם מנ,גרמים,80.00,100 גרם,false,,5.00,0.0625,true,1,7625
7702174066709,false,סוכ.ללא סוכר טעם קפה80גר,1 יחידה,,סוכריות קשות ללא סוכ,גרמים,80.00,100 גרם,false,,5.00,0.0625,true,1,7627
7777555509625,false,מברשת לניקוי איכותית,,,מברשת לניקוי איכותית,יחידה,1.00,יחידה,false,,14.90,14.9000,true,1,13048
7777555510836,false,סט 3 קופסאות אחסון,ד.ג.ש ייבוא ושיווק בעמ,,סט 3 קופסאות אחסון,יחידה,3.00,יחידה,false,,29.90,9.9667,true,1,13086
7777886600084,false,שישיית מזלגות,ד.ג.ש ייבוא ושיווק בעמ,,שישיית מזלגות,יחידה,1.00,יחידה,false,,9.90,9.9000,true,1,13292
7777886600732,false,קליפסים ארוכים לשקיות,ד.ג.ש ייבוא ושיווק בעמ,,קליפסים ארוכים לשקיו,יחידה,1.00,יחידה,false,,6.90,6.9000,true,1,13321
7777886602316,false,מטאטא בראבה,,,מטאטא בראבה,יחידה,1.00,יחידה,false,,14.90,14.9000,true,1,13345
7777886602644,false,מטאטא פרימיולה,,,מטאטא פרימיולה,יחידה,1.00,יחידה,false,,24.90,24.9000,true,1,23088
7777886605225,false,קולפן מקצועי רב שימושי,,,קולפן מקצועי רב שימו,יחידה,1.00,יחידה,false,,19.90,19.9000,true,1,13421
7777886605768,false,יעה פס גומי,ד.ג.ש ייבוא ושיווק בעמ,,יעה פס גומי,יחידה,1.00,יחידה,false,,5.00,5.0000,true,1,13450
7777887755554,false,סט סכינים רב שימושיות רמי לוי,,,סט סכינים רב שימושיו,יחידה,1.00,יחידה,false,,19.90,19.9000,true,1,13482
7798378440018,false,אוכמניות יחידה,ביכורי השדה צפון 1994 ג.ד. בעמ,,אוכמניות יחידה,גרמים,125.00,100 גרם,false,,19.90,0.1592,true,1,23098
7798382150019,false,אוכמניות טריות 125גרם,ביכורי השדה צפון 1994 ג.ד. בעמ,,אוכמניות יחידה,גרמים,125.00,100 גרם,false,,19.90,0.1592,true,1,26606
7804414012344,false,יין סוביניון בלאן 750 מל דון חוליו,הכרם - משקאות חריפים בעמ,,יין לבן יבש סוביניון,מיליליטרים,750.00,"100 מ""ל",false,,31.50,0.0420,true,1,5806
7804651030026,false,אוכמניות טריות יחידה,איגל טרייטדינג שיווק חקלאי בעמ,,אוכמניות יחידה,גרמים,125.00,100 גרם,false,,19.90,0.1592,true,1,22505
7804667480082,false,אוכמניות יחידה,,,אוכמניות יחידה,גרמים,125.00,100 גרם,false,,19.90,0.1592,true,1,23099
7809530602189,false,אוכמניות יחידה,ביכורי השדה צפון 1994 ג.ד. בעמ,,אוכמניות יחידה,גרמים,125.00,100 גרם,false,,0.00,0.0000,true,1,26719
7891024124826,false,"משחת שיניים קולגייט אופטייק וויט 75 מ""ל",הנסיך- מפעל לייצור ט,,משחת שיניים קולגייט,מיליליטרים,75.00,"100 מ""ל",false,,19.90,0.2653,true,1,9169
7891024130063,false,"קולגייט מי פה פלאקס ללא אלכוהול 500 מ""ל מהדרין",קולגייט- פלמוליב,,שטיפת פה ללא אלכוהול,מיליליטרים,500.00,"100 מ""ל",false,,29.90,0.0598,true,1,9170
8000070010680,false,קפסולות אספרסו לוואצה NCC מותאמות למכונו,לאוג'י לוואצה אס.פי.אי,,קפסולות קפה ויגורוסו,יחידה,10.00,יחידה,false,,19.90,1.9900,true,1,17947
8000070053526,false,קפסולות לוואצה למכונת אספרסו חוזק 10,לאוג'י לוואצה אס.פי.אי,,לוואצה רוסה 58 גרם,גרמים,57.00,100 גרם,false,,19.90,0.3491,true,1,23002
8000070055254,false,לוואצה קרמה גוסטו פורטה מס' 13 קפסולות לקפה 55 גרם,ליימן שליסל בע`מ,,לוואצה קרמה גוסטו פו,גרמים,55.00,100 גרם,false,,19.90,0.3618,true,1,23003
8000215204240,false,משקה אורז ושקדים ביו אורגני ויטאריז 1 לי,בטר אנד דיפרנט,,משקה אורז ושקדים ביו,מיליליטרים,1000.00,"100 מ""ל",false,,13.90,0.0139,true,1,14582
8000215204264,false,ויטריז - משקה אורז אישי אישי 200 גר,בטר אנד דיפרנט,,משקה אורז קטן אורגני,מיליליטרים,200.00,"100 מ""ל",false,,3.90,0.0195,true,1,14583
8000215204271,false,ויטריז - משקה שקדים ואורז אישי 200 גר,"נטורפוד בע""מ",,משקה אורז עם שקדים ב,מיליליטרים,200.00,"100 מ""ל",false,,3.90,0.0195,true,1,14584
8000215204387,false,"ויטאריז לבישול רוטב בשמל צמחי אורגני 500 מ""ל",נטורפוד בעמ,,רוטב בשמל צמחי אורגנ,מיליליטרים,500.00,"100 מ""ל",false,,13.90,0.0278,true,1,14587
8000215204394,false,משקה אורז ואגוזי לוז ביו אורגני ויטאריז,בטר אנד דיפרנט,,משקה אורז ואגוזי לוז,מיליליטרים,1000.00,"100 מ""ל",false,,17.90,0.0179,true,1,14588
8000215204561,false,משקה שקדים אורגני וללא גלוטן ויטאסי 1 לי,בטר אנד דיפרנט,,משקה שקדים אורגני ול,מיליליטרים,1000.00,"100 מ""ל",false,,16.90,0.0169,true,1,14590
8000215204653,false,משקה סויה ויטאסי 1 ליטר,בטר אנד דיפרנט,,משקה סויה ויטאסי 1 ל,מיליליטרים,1000.00,"100 מ""ל",false,,12.90,0.0129,true,1,14592
8000215204714,false,משקה שיבולת שועל אורגני פרימונה 1 ליטר,בטר אנד דיפרנט,,משקה שיבולת שועל אור,מיליליטרים,1000.00,"100 מ""ל",false,,14.50,0.0145,true,1,14593
8000300380378,false,"טבלת שוקולד חלב לל""ג",,,פרוג'ינה שוקולד חלב,,1.00,יח,false,,11.90,11.9000,true,1,7213
8000300380521,false,פרוגי'נה שוקולד מריר,,,פרוגי'נה שוקולד מריר,,1.00,יח,false,,11.90,11.9000,true,1,7217
8000300389067,false,בונ.באצ'י פרימיום שק125ג,באצי פרוגינה איטליה,,שקית באצ'י 125 גרם,גרמים,125.00,100 גרם,false,,19.90,0.1592,true,1,22916
8000320010088,false,"רוטב עגבניות במרקם גס 680 מ""ל MUTTI",דיפלומט מפיצים (1968) בעמ**,,פסאטה צ'יריו במרקם ג,מיליליטרים,680.00,"100 מ""ל",false,,11.90,0.0175,true,1,22401
8000320010095,false,"רוטב עגבניות במרקם עדין 700 מ""ל MUTTI",דיפלומט מפיצים (1968) בעמ**,,פסאטה צ'יריו במרקם ע,מיליליטרים,700.00,"100 מ""ל",false,,11.90,0.0170,true,1,22402
8000350001919,false,עוגיות אלף העלים משמ,,,וישנזי עוגיות אלף הע,גרמים,125.00,100 גרם,false,,8.90,0.0712,true,1,20823
8000380003723,false,וופלים גרנד פטיסרי במילוי קרם אגוזים 100,קריניציה ויטמינה אס,,לואקר גרנד פטיסרי אג,גרמים,100.00,100 גרם,false,,12.90,0.1290,true,1,7635
8000380004669,false,וופל לואקר סנדוויץ קוביות ושוקולד 200ג',"א. לואקר, קונפקט ג'י",,ופל קוביות קקאו לואק,גרמים,200.00,100 גרם,false,,12.90,0.0645,true,1,7638
8000380005598,false,מארז וופל שוקולד טורטינה Tortina שוקולד מריר,א. לואקר אס. פי. אי-אי.,,ופלים טורטינה מריר ל,גרמים,125.00,100 גרם,false,,16.90,0.1352,true,1,7644
8000380007219,false,וופל לואקר ממולא קרם אגוזים 175 גרם,ליימן שליסל בע`מ,,ופלים אגוזים נאפוליט,גרמים,175.00,100 גרם,false,,11.90,0.0680,true,1,7648
8000380007264,false,וופל לואקר ממולא קרם קקאו 175 גרם,קריניציה ויטמינה אס,,ופלים שוקולד קרם קקא,גרמים,175.00,100 גרם,false,,11.90,0.0680,true,1,7650
8000380007271,false,וופל במילוי קרם חלב לואקר (175 גרם),ליימן שליסל בע`מ,,וופל במילוי קרם חלב,גרמים,175.00,100 גרם,false,,11.90,0.0680,true,1,7651
8000380106028,false,טורטינה לואקר וופל שוקולד ואגוזים שישיה 125ג',קריניציה ויטמינה אס,,ופל טורטינה קרם אגוז,גרמים,125.00,100 גרם,false,,16.90,0.1352,true,1,7652
8000380144044,false,גרדנה וופל מצופה שוקולד חלב לואקר 200 גרם,ליימן שליסל בע`מ,,גרדנה שוקולד 200 גרם,גרמים,200.00,100 גרם,false,,13.90,0.0695,true,1,7654
8000380148035,false,וופל אגוזי לוג שוקולד מריר גראן פטיסרי Gran Pasticceria,קריניציה ויטמינה אס,,ופל גרנד פטיסרי מריר,גרמים,100.00,100 גרם,false,,12.90,0.1290,true,1,7655
8000380180721,false,לואקר וופל קקאו במילוי קרם חלבי 175 גר,קריניציה ויטמינה אס,,ופל קקאו במילוי קרם,גרמים,175.00,100 גרם,false,,11.90,0.0680,true,1,7664
8000380180837,false,וופל גרנד פטיסרי קוקוס לבן מצופה שוקולד לבן לואקר 100 גרם,ליימן שליסל בע`מ,,גרנד פטיסרי לבן 100,גרמים,100.00,100 גרם,false,,12.90,0.1290,true,1,7667
8000380187119,false,עוגיות במילוי קרם אגוזי לוז לואקר 100 גר,ליימן שליסל בעמ,,לואקר עוגיות אגוזי ל,גרמים,100.00,100 גרם,false,,14.90,0.1490,true,1,7671
8000380187249,false,עוגיות עם מילוי קרם שקדים ושוקולד חלב,ליימן שליסל בע`מ,,לואקר עוגיות שקדים 1,גרמים,100.00,100 גרם,false,,14.90,0.1490,true,1,7672
8000380187300,false,עוגיות חמאה עם שוקולד חלב לואקר 120 גר,ליימן שליסל בעמ,,לואקר עוגיות פתיתי ש,גרמים,100.00,100 גרם,false,,14.90,0.1490,true,1,7673
8000380187775,false,לואקר וופל גרנדה אגוז 136 גרם,Unknown,,לואקר גרדנה אגוז 136,גרמים,136.00,100 גרם,false,,11.90,0.0875,true,1,22941
8000380192199,false,וופל בטעם דאבל שוקולד לואקר (175 גרם),ליימן שליסל בעמ,,לואקר דאבל שוקולד 17,גרמים,125.00,100 גרם,false,,11.90,0.0952,true,1,7676
8000380207183,false,שוקולד לואקר טורטינה חמאת בוטנים 126 גר,ליימן שליסל בע`מ,,וופל טורטינה חמאת בו,גרמים,126.00,100 גרם,false,,16.90,0.1341,true,1,20654
8000392006132,false,מגב אייפל פטנט,עולם הבית,,מגב אייפל פטנט,יחידה,1.00,יחידה,false,,26.90,26.9000,true,1,13513
8000500023976,false,בונבוניירת רפאלו פררו (150 גרם),פרימיום-חברה לדברי מתיקה ולמסח,,רפאלו 150 גרם,גרמים,150.00,100 גרם,false,,14.90,0.0993,true,1,9990
8000500026731,false,ביצי שוקולד קינדר מארז 3 יח סופרייז,פרימיום-חברה לדברי מתיקה ולמסח,,קינדר ביצת הפתעה שלש,גרמים,60.00,100 גרם,false,,14.90,0.2483,true,1,9991
8000500029350,false,מארז וופל מצופה 3יח' *43 גרם קינדר בואנו,פרימיום-חברה לדברי מתיקה ולמסח,,קינדר בואנו שלישיה 3,גרמים,129.00,100 גרם,false,,10.90,0.0845,true,1,9992
8000500032237,false,בונבונרייה פררו רושר 375 גרם,פרימיום חברה לדברי מתיקה ולמסח,,פררו רושר 375 גרם,גרמים,375.00,100 גרם,false,,39.90,0.1064,true,1,9993
8000500037874,false,בונבוניירת פררו רושה 200 גרם,פרימיום חברה לדברי מתיקה ולמסח,,פררו רושה 200 גרם,גרמים,200.00,100 גרם,false,,24.90,0.1245,true,1,9995
8000500075708,false,ביצי שוקולד הפתעה קינדר ג'וי כחול בנים שלישיה,פרימיום-חברה לדברי מתיקה ולמסח,,קינדר גוי כחול שלשה,גרמים,60.00,100 גרם,false,,14.90,0.2483,true,1,9998
8000500094976,false,"בונבוניירה פררו רושר רושה קונוס, 212 גרם T17X4",פרימיום חברה לדברי מתיקה ולמסח,,בונבונירות רושה קונו,גרמים,212.00,100 גרם,false,,38.90,0.1835,true,1,9999
8000500121436,false,מארז קינדר בואנו Kinder Bueno לבן שלוש יחידות,פרימיום חברה לדברי מתיקה ולמסח,,קינדר בואנו לבן שלשה,גרמים,117.00,100 גרם,false,,10.90,0.0932,true,1,10001
8000500127728,false,סלייס עוגת ספוג במילוי קרם חלבי ק'נדר מילק 112 ג',פררו טורקיה צ'\יקולטה וו,,קינדר מילק סלייס עוג,גרמים,120.00,100 גרם,false,,13.90,0.1158,true,1,5566
8000500167656,false,קינדר שוקולד עם דגנים סיריאל 94 ג',פרימיום חברה לדברי מתיקה ולמסח,,קינדר שוקולד עם דגני,גרמים,94.00,100 גרם,false,,7.90,0.0840,true,1,10007
8000500192801,false,בונבוניירה רושה 100 גרם,פררו,,פררו רושר שוקולד עם,גרמים,100.00,100 גרם,false,,14.90,0.1490,true,1,23263
8000500227848,false,נוטלה - בי רדי אצבעות ביסקוויט במילוי שוקולד 6 יח' * 22 גרם,פרימיום-חברה לדברי מתיקה ולמסח,,נוטלה בי רדי 6*22 גר,גרמים,132.00,100 גרם,false,,10.90,0.0826,true,1,10012
8000500247167,false,פררו קולקשן - כדורי וופל מצופים 24 יחידו,פרימיום-חברה לדברי מתיקה ולמסח,,פררו קולקשיון 249.5,גרמים,249.50,100 גרם,false,,43.90,0.1760,true,1,10015
8000500256213,false,קינדר שוקולד חלב במילוי קרם חלבי,פרימיום-חברה לדברי מתיקה ולמסח,,קינדר שוקולד מיני 12,גרמים,120.00,100 גרם,false,,9.90,0.0825,true,1,10017
8000500267103,false,קינדר דליס עוגת ספוג קקאו במילוי חלבי*10,פרימיום חברה לדברי מתיקה ולמסח,,קינדר עוגיות אישיות,גרמים,390.00,100 גרם,false,,19.90,0.0510,true,1,10019
8000500269169,false,קינדר קארדס Kinder Cards - חמישייה,פרימיום-חברה לדברי מתיקה ולמסח,,קינדר קרדס 128 גרם,גרמים,128.00,100 גרם,false,,13.90,0.1086,true,1,7224
8000700000050,false,סבון DOVE מוצק לבן רביעיה 4*100 גרם,יוניליוור ישראל שיווק בע`מ,,סבון מוצק לבן דאב 4,יחידה,4.00,יחידה,false,,14.90,3.7250,true,1,4229
8001090737939,false,מגן תחתון אקסטרה פרו,,,מגן תחתון אקסטרה פרו,יחידה,54.00,יחידה,false,,19.90,0.3685,true,1,5928
8001090802385,false,קפסולות גל לכביסה טייד בניחוח לנור 26 יח,דיפלומט מפיצים (1986) בע`מ,,טייד קפסולות ג'ל בני,יחידה,26.00,יחידה,false,,29.90,1.1500,true,1,11702
8001090832450,false,"שמפו פנטן הנוסחה הקלאסית 660 מ""ל",דיפלומט מפיצים (1986) בע`מ,,פנטן שמפו נוסחה קלאס,מיליליטרים,660.00,"100 מ""ל",false,,20.90,0.0317,true,1,11704
8001090832535,false,"שמפו פנטן שמן מרוקאי משקם 660 מ""ל",דיפלומט מפיצים (1986) בע`מ,,פנטן שמפו שמן מרוקאי,מיליליטרים,660.00,"100 מ""ל",false,,20.90,0.0317,true,1,11705
8001090832573,false,שמפו שמן לחות מוגברת 660 מל פנטן,דיפלומט מפיצים (1986) בע`מ,,פנטן שמפו לחות מוגבר,מיליליטרים,660.00,"100 מ""ל",false,,20.90,0.0317,true,1,11706
8001090832894,false,מרכך לשיער חלש ופגום לחות מוגברת,דיפלומט מפיצים (1986) בע`מ,,פנטן מרכך לחות מוגבר,מיליליטרים,660.00,"100 מ""ל",false,,20.90,0.0317,true,1,11710
8001090833167,false,גל כביסה אריאל בניחוח הרים 2.365 ליטר,דיפלומט מפיצים (1986) בע`מ,,אריאל ג'ל כביסה ניחו,מיליליטרים,2365.00,"100 מ""ל",false,,32.90,0.0139,true,1,11712
8001090833198,false,אריאל נוזל כביסה 2.47 ליטר ניחוח מרענן,דיפלומט מפיצים (1986) בע`מ,,אריאל ג'ל כביסה ניחו,מיליליטרים,2365.00,"100 מ""ל",false,,32.90,0.0139,true,1,11713
8001090899224,false,תחבושות אולוויז פלטינום לונג 20 יחידות,דיפלומט מפיצים (1986) בע`מ,,תחבושות אולוויז פלטי,גרמים,132.00,100 גרם,false,,19.90,0.1508,true,1,11716
8001160000888,false,"גטורייד משקה ספורט תפוז 500 מ""ל",אקווה מינרלה סאן בנדטו,,גטורייד ספורט תפוז 5,מיליליטרים,500.00,"100 מ""ל",false,,10.40,0.0208,true,1,4951
8001160001786,false,"משקה אנרגיה גטורייד ספורט כחול 500מ""ל",אקווה מינרלה סאן בנדטו,,גטורייד ספורט כחול 5,מיליליטרים,500.00,"100 מ""ל",false,,10.40,0.0208,true,1,4952
8001440118944,false,שלישיית עגבניות פולפה צ'יריו 400 גרם,דיפלומט מפיצים (1968) בעמ**,,שלישיית עגבניות פולפ,גרמים,1200.00,100 גרם,false,,15.90,0.0133,true,1,22403
8001620015636,false,"משקה פירות פרוטה-מיקס פירות 400 מ""ל סאן בנדטו",אקווה מינרלה סאן בנדטו ב,,סן בנדטו מיקס פירות,מיליליטרים,400.00,"100 מ""ל",false,,7.30,0.0182,true,1,4956
8001620018408,false,"משקה פירות בטעם מנגו תפוח 400 מ""ל פרוטה",אקווה מינרלה סאן בנדטו ב,,סן בנדטו מנגו תפוח 4,מיליליטרים,400.00,"100 מ""ל",false,,7.30,0.0182,true,1,18916
8001620019160,false,"סן בנדטו מים מינרלים בטעם אפרסק 500 מ""ל",אקווה מינרלה סאן בנדטו ב,,סן בנדטו אפרסק 400 מ,מיליליטרים,400.00,"100 מ""ל",false,,6.90,0.0172,true,1,21174
8001620019177,false,"סן בנדטו מים מינרלים בטעם ענבים 500 מ""ל",אקווה מינרלה סאן בנדטו ב,,סן בנדטו ענבים 400 מ,מיליליטרים,400.00,"100 מ""ל",false,,6.90,0.0172,true,1,21175
8001841006710,false,לנור כדוריות הבושם בניחוח רענן ( 210 גר`,דיפלומט מפיצים (1968) בעמ,,לנור כדוריות הבושם ב,גרמים,210.00,100 גרם,false,,26.90,0.1281,true,1,17841
8001841062624,false,מארז מגבוני פמפרס ללא בישום - רביעייה,דיפלומט מפיצים (1968) בעמ,,מגבונים לחים ללא ביש,גרמים,1237.00,100 גרם,false,,19.90,0.0161,true,1,11723
8001841077949,false,מארז מגבוני פמפרס בניחוח מרענן - רביעייה,דיפלומט מפיצים (1986) בע`מ,,מארז מגבונים בניחוח,גרמים,1236.00,100 גרם,false,,19.90,0.0161,true,1,11724
8001841218205,false,אולויז כפול נורמל ירוק 28 יח,,,תחבושות כפול אולוויז,יחידה,28.00,יחידה,false,,19.90,0.7107,true,1,5937
8001841625461,false,סבון כלים פלטינום X3 פעולות להסרת שומנים,דיפלומט מפיצים (1986) בע`מ,,נוזל לניקוי כלים פלט,מיליליטרים,515.00,"100 מ""ל",false,,10.90,0.0212,true,1,11731
8001841680989,false,מגן תחתון אולוויז מגה פק פרו פרש לארג' 60 יחי,דיפלומט מפיצים (1968) בעמ,,מגן תחתון אולוויז מג,גרמים,214.00,100 גרם,false,,19.90,0.0930,true,1,11734
8001841716435,false,"ג'ל רחצה ושמפו לעור רגיש האד אנד שולדרס 360 מ""ל",דיפלומט מפיצים (1968) בעמ,,ג'ל רחצה ושמפו לעור,מיליליטרים,360.00,"100 מ""ל",false,,19.90,0.0553,true,1,11737
8001841943961,false,לנור כדוריות בושם בניחוח אוקיינוס 210 גר,דיפלומט מפיצים (1968) בעמ,,לנור כדוריות הבושם א,גרמים,210.00,100 גרם,false,,26.90,0.1281,true,1,17842
8001841958460,false,פיירי טבליות למדיח אורגינל הכל באחד - מארז 48 יח',דיפלומט מפיצים (1986) בע`מ,,פיירי טבליות למדיח פ,יחידה,48.00,יחידה,false,,39.90,0.8312,true,1,11740
8001931120944,false,"פסטה קן לציפור דק, 500 גרם",נאמן לאורך זמן בעמ,,פסטה קן לציפור דק 50,גרמים,500.00,100 גרם,false,,7.90,0.0158,true,1,22747
8001943549122,false,"צ'וקטה מטבעות שוקולד חלב, 40 גרם",ואל קור קורסניני אס אנ ס,,מטבעות שוקולד חלב צ',גרמים,40.00,100 גרם,false,,3.90,0.0975,true,1,7681
8002270846472,false,סן פלגרינו מים מינרליים טבעיים מוגזים,טמפו משקאות בעמ,,מים מינרליים סן פלגר,מיליליטרים,500.00,"100 מ""ל",false,,4.90,0.0098,true,1,22936
8002270866524,false,סן פלגרינו מים מינרליים טבעיים מוגזים,פארייפאבה אגרואינדוס,,סאן פלגרינו 1 ליטר ב,מיליליטרים,1000.00,"100 מ""ל",false,,9.90,0.0099,true,1,4957
8004030026018,false,"מקסיקני עם טונה ריו מרה אינסלטיסימי, 160 ג'","בולטון אלימנטרי בע""\מ",,סלט ירקות שעועית ותי,גרמים,160.00,100 גרם,false,,15.90,0.0994,true,1,9175
8004030044005,false,נתחי טונה בהירה בשמן זית ריו מרה 112גרם,"בולטון אלימנטרי בע""\מ",,טונה בהירה בשמן זית,גרמים,160.00,100 גרם,false,,16.90,0.1056,true,1,9176
8004030102033,false,טונה בשמן זית עם מיץ לימון ופלפל שחור - מארז 3 יח',בולטון אלימנטרי,,נתחי טונה בהירה בשמן,גרמים,240.00,100 גרם,false,,24.90,0.1037,true,1,9177
8004030344938,false,"ריו מרה טונה בשמן זית 3X80 גרם מתכון חדש כשל""פ","בולטון אלימנטרי בע""\מ",,נתתי טונה בהירה בשמן,גרמים,240.00,100 גרם,false,,24.90,0.1037,true,1,9179
8004690051573,false,ספגטי לה מוליזנה 500 גרם,לה מוליזנה קמפובאסן,,ספגטי לה מוליסנה 500,גרמים,500.00,100 גרם,false,,7.90,0.0158,true,1,9294
8004690052846,false,L.M פסטה איטלקית פוזילי 500 גרם,לה מוליסנה,,פסטה פוסילי לה מוליס,גרמים,500.00,100 גרם,false,,7.90,0.0158,true,1,9296
8004690106600,false,פרפלה לה מוליזינה 500 גר,לה מוליזנה קמפובאסן,,פסטה פארפאליה לה מול,גרמים,500.00,100 גרם,false,,7.90,0.0158,true,1,9297
8004708048779,false,מלח ורוד במטחנה 190 גרם,דרוגיה ואלימנטרי אס.אר.א,,מלח ורוד במטחנה ארומ,גרמים,190.00,100 גרם,false,,28.90,0.1521,true,1,17832
8004708048793,false,פלפל שחור במטחנה ארו 95 גרם,דרוגיה ואלימנטרי אס.אר.א,,פלפל שחור במטחנה ארו,גרמים,95.00,100 גרם,false,,25.90,0.2726,true,1,17833
8004708048816,false,פלפל 4 עונות במטחנה85גר,דרוגיה ואלימנטרי אס.אר.א,,פלפל ארבע העונות במט,גרמים,85.00,100 גרם,false,,25.90,0.3047,true,1,17838
8004800000071,false,לאגו פלאסיר- גלילי ופל במילוי קרם אגוזי לוז שוקולד חלב - 100 ג',תה ויסוצקי (ישראל) בעמ,,גלילי ופל בקרם אגוזי,גרמים,100.00,100 גרם,false,,11.90,0.1190,true,1,22234
8004800005502,false,וופל מיני רול גלילי ופל במילוי קרם קקאו- 125 ג' לאגו,תה ויסוצקי (ישראל) בעמ,,גלילי ופל במילוי קרם,גרמים,125.00,100 גרם,false,,10.90,0.0872,true,1,22238
8004800005519,false,וופל רול גלילי במילוי קרם אגוזי לוז- 125 ג' לאגו,תה ויסוצקי (ישראל) בעמ,,גלילי ופל במילוי קרם,גרמים,125.00,100 גרם,false,,10.90,0.0872,true,1,22239
8005110120015,false,רסק עגבניות מרוכז 200גרם,מוטי,,תרכיז עגבניות 28 בשפ,גרמים,200.00,100 גרם,false,,8.90,0.0445,true,1,9303
8005110200014,false,רסק עגבניות 210 ג' CONCENTRATO MUTTI,רסטרטו יבוא ושיווק בעמ,,רסק עגבניות 22° בתוס,גרמים,210.00,100 גרם,false,,8.50,0.0405,true,1,9307
8005110551253,false,רוטב לפיצה להכנת פיצה איטלקית קלאסית,רסטרטו יבוא ושיווק בעמ*אין החז,,רוטב עגבניות לפיצה מ,גרמים,400.00,100 גרם,false,,9.90,0.0248,true,1,9309
8005200256587,false,נסטי - תה קר בטעם אפרסק 1.5 ליטר,פארייפאבה אגרואינדוס,,נסטי אפרסק 1.5 ליטר,מיליליטרים,1500.00,"100 מ""ל",false,,8.90,0.0059,true,1,18793
8005200286584,false,תה קר נסטי מנגו אננס 1.5 ליטר פיקדון,פארייפאבה אגרואינדוס,,נסטי מנגו אננס 1.5 ל,מיליליטרים,1500.00,"100 מ""ל",false,,8.90,0.0059,true,1,18794
8005200316588,false,תה קר נסטי אפרסק דיאט 1.5 ליטר פיקדון,פארייפאבה אגרואינדוס,,נסטי דיאט אפרסק 1.5,מיליליטרים,1500.00,"100 מ""ל",false,,8.90,0.0059,true,1,18795
8005200486526,false,"נסטי, תה קר בטעם אפרסק 500 מל",פארייפאבה אגרואינדוס,,נסטי אפרסק בקבוק 500,מיליליטרים,500.00,"100 מ""ל",false,,7.80,0.0156,true,1,4959
8006423462502,false,בונבוניירה קלאסיק 265 גרם SORINI,HDI SORINI,,בונ' סוריני קלאסיק 2,גרמים,280.00,100 גרם,false,,45.00,0.1607,true,1,15524
8006423466463,false,בונבוניירה מאיה מאיוליקה 270 גר SORINI,,,בונ' מאיה מאיוליקה 2,גרמים,270.00,100 גרם,false,,55.00,0.2037,true,1,15531
8006540027042,false,"לנור מרכך כביסה מרוכז ורוד""פרח בר"" 897 מ""ל",דיפלומט מפיצים (1986) בע`מ,,לנור מרכך כביסה בניח,מיליליטרים,897.00,"100 מ""ל",false,,15.90,0.0177,true,1,11744
8006540091937,false,לנור כדוריות הבושם בניחוח אריאל 210 גרם,פטר קרמר עבור פרוקטור אנ,,לנור כדוריות הבושם ב,גרמים,210.00,100 גרם,false,,26.90,0.1281,true,1,17939
8006540112823,false,"לנור מרכך כביסה מרוכז בניחוח האוקיינוס 900 מ""ל",דיפלומט מפיצים (1968) בעמ,,לנור מרכך מרוכז בניח,מיליליטרים,900.00,"100 מ""ל",false,,15.90,0.0177,true,1,11745
8006540383018,false,טבליות למדיח פלטינום דיפ קלין 23 יח פיירי,דיפלומט מפיצים (1986) בע`מ,,פיירי טבליות פלטינום,יחידה,23.00,יחידה,false,,39.90,1.7348,true,1,20541
8006540495216,false,"לנור מרכך כביסה מרוכז בניחוח אמאטיסט 900 מ""ל",דיפלומט מפיצים (1968) בעמ,,לנור מרכך כביסה בניח,מיליליטרים,900.00,"100 מ""ל",false,,16.90,0.0188,true,1,21455
8006540495247,false,"לנור מרכך כביסה מרוכז בניחוח פרחי בר 900 מ""ל",דיפלומט מפיצים (1968) בעמ,,לנור מרכך כביסה בניח,מיליליטרים,900.00,"100 מ""ל",false,,16.90,0.0188,true,1,21456
8008698002049,false,קרקרים עגולים 175 גרם ללא גלוטן,ל.י.ב. (לחיות יותר בטבע) בעמ,,קרקר עגול ללא גלוטן,גרמים,175.00,100 גרם,false,,19.90,0.1137,true,1,22616
8008698003503,false,עוגיות שיבולת שועל עם צימוקים 250 גר,ל.י.ב. (לחיות יותר בטבע) בעמ,,קרקר אפוי ללא גלוטן,גרמים,210.00,100 גרם,false,,28.90,0.1376,true,1,22617
8008698004548,false,ביסקוויט בציפוי שוקולד חלב ללא גלוטן,ל.י.ב. (לחיות יותר בטבע) בעמ,,ביסקוויט בציפוי קרם,גרמים,150.00,100 גרם,false,,19.90,0.1327,true,1,22619
8008698005231,false,עוגיות סנדוויץ בטעם שוקולד ממולאות קרם חלב ללא גלוט,שר Schar,,עוגיות שוקולד במילוי,גרמים,165.00,100 גרם,false,,19.90,0.1206,true,1,22621
8008857200200,false,פסטה רגיה 20 ספגטי דק תומר 500 גרם,תומר ייבוא ושיווק מוצרי מזון [,,פסטה ספגטיני פסטה רג,גרמים,500.00,100 גרם,false,,5.90,0.0118,true,1,20172
8008857300238,false,פסטה רגיה 23 גליל תומר 500 גרם,תומר ייבוא ושיווק מוצרי מזון [,,פסטה אליקוידלי (סליל,גרמים,500.00,100 גרם,false,,5.90,0.0118,true,1,20173
8008857300344,false,פסטה רגיה 34. צינור תומר 500 גרם,תומר ייבוא ושיווק מוצרי מזון [,,פסטה פנה רג'יאה 500,גרמים,500.00,100 גרם,false,,5.90,0.0118,true,1,20102
8008857300481,false,פסטה רגיה 48 בורג תומר 500 גרם,תומר ייבוא ושיווק מוצרי מזון [,,פסטה פוסילי פסטה רג',גרמים,500.00,100 גרם,false,,5.90,0.0118,true,1,20103
8008857300580,false,פסטה רג`ייה 58 סהרון 500 גר`תומר,תומר ייבוא ושיווק מוצרי מזון [,,פסטה קרניים פסטה רג',גרמים,500.00,100 גרם,false,,5.90,0.0118,true,1,20174
8008857300603,false,פסטה רגיה 60 קונכיה 500 גרם,תומר ייבוא ושיווק מוצרי מזון [,,פסטה גומיטי ריגטה פס,גרמים,500.00,100 גרם,false,,5.90,0.0118,true,1,20175
8008857300634,false,פסטה רג`ייה 63 תלתל 500 גר`תומר,תומר ייבוא ושיווק מוצרי מזון [,,פסטה קוואטאפי פסטה ר,גרמים,500.00,100 גרם,false,,5.90,0.0118,true,1,20104
8008857300641,false,פסטה רג`ייה 64 קונכיה 500 גר`תומר,תומר ייבוא ושיווק מוצרי מזון [,,פסטה ניוקי פסטה רג'י,גרמים,500.00,100 גרם,false,,5.90,0.0118,true,1,20176
8008857300771,false,ספגטי מספר 77 רגיה איטריות דקות 500 גרם,תומר ייבוא ושיווק מוצרי מזון [,,איטריות מרק פסטה רג',גרמים,500.00,100 גרם,false,,5.90,0.0118,true,1,20177
8008857704197,false,פסטה רג'ייה ח.מלאה ספגטי 500 גרם,,,פסטה חיטה מלאה ספגטי,גרמים,500.00,100 גרם,false,,5.90,0.0118,true,1,21492
8008912010034,false,ליגורי- ספגטי מספר 3 500גר,תה ויסוצקי (ישראל)בעמ,,פסטה ספגטי 3 ליגורי,גרמים,500.00,100 גרם,false,,7.90,0.0158,true,1,19042
8008912010072,false,ליגורי- לינגוויני מספר 7 500גר,תה ויסוצקי (ישראל)בעמ,,פסטה לינגוויני 7 ליג,גרמים,500.00,100 גרם,false,,7.90,0.0158,true,1,20169
8008912010300,false,LIGUORI פסטה פרפלה 500 גרם מספר 30,תה ויסוצקי (ישראל)בעמ,,פסטה פרפלה ליגורי 50,גרמים,500.00,100 גרם,false,,7.90,0.0158,true,1,20167
8008912010317,false,פסטה פוזילי מס (31 500 גר`)ליגורי,תה ויסוצקי (ישראל) בעמ,,פסטה פוזילי 31 ליגור,גרמים,500.00,100 גרם,false,,7.90,0.0158,true,1,19044
8008912010331,false,"ליגורי פסטה ניוקי סרדי בצורת קונכיות, 500 גר'",תה ויסוצקי (ישראל)בעמ,,פסטה ניוקטי קונכיות,גרמים,500.00,100 גרם,false,,7.90,0.0158,true,1,20168
8008912010423,false,פסטה פנה ריגטה מס (42 500 גר`)ליגורי,תה ויסוצקי (ישראל) בעמ,,פסטה ריגטה 42 ליגורי,גרמים,500.00,100 גרם,false,,7.90,0.0158,true,1,19045
8009470009218,false,(סימבה מעדן לחתול בשר 100 גר'(215,,,מזון לחתול פטה בטעם,גרמים,100.00,100 גרם,false,,4.50,0.0450,true,1,22762
8009470009225,false,(סימבה מעדן לחתול עוף 100 גר'(222,נאמן לאורך זמן בעמ,,מזון לחתול פטה בטעם,גרמים,100.00,100 גרם,false,,4.50,0.0450,true,1,22763
8009470009232,false,מעדן לחתול דג 100 ג' סימבה,נאמן לאורך זמן בעמ,,מעדן חתולים בטעמים,גרמים,100.00,100 גרם,false,,4.50,0.0450,true,1,22764
8010024006010,false,חמאת שקדים 100% השקד נטורפוד 350 גרם,תות תעשיות מזון (201,,חמאת שקדים 100% השקד,גרמים,350.00,100 גרם,false,,43.90,0.1254,true,1,14599
8023492003665,false,סטיק שוקולד גנדויה ע,Dg3 dolciaria,,סטיק שוקולד ג'נדויה,גרמים,150.00,100 גרם,false,,14.90,0.0993,true,1,15574
8023492004495,false,טבלת שוקולד חלב אגוזי לוז 225 גר DJ3,Dg3 dolciaria,,שוקולד חלב עם אגוזי,גרמים,225.00,100 גרם,false,,14.90,0.0662,true,1,20205
8032880800243,false,פיקניק הפתעה - אגוזי לוז ומקלות אפויים,"הוסטה איטליה, ס.ר.ל.",,פיקניק הפתעה 50 גרם,גרמים,50.00,100 גרם,false,,7.20,0.1440,true,1,7688
8076800195033,false,ברילה - צ.א ספגטיני מס3 חדש 500 גרם,ברילה גי.אי.אר פרטלי ס.פ,,ספגטיני מספר 3 ברילה,גרמים,500.00,100 גרם,false,,6.90,0.0138,true,1,9181
8076800195132,false,ברילה - צ.א בבטה מס13 500 גרם,ברילה גי.אי.אר פרטלי ס.פ,,פסטה בבט מספר 13 ברי,גרמים,500.00,100 גרם,false,,6.90,0.0138,true,1,9184
8076802085738,false,ברילה - צ.ק פנה רגטה חדש 500 גרם,ברילה גי.אי.אר פרטלי ס.פ,,פסטה פנה רגטה מספר 7,גרמים,500.00,100 גרם,false,,6.90,0.0138,true,1,9187
8076802085837,false,ברילה - צ.ק טורטליוני מס83 500 גרם,הנסיך- מפעל לייצור ט,,פסטה טורטיליוני מספר,גרמים,500.00,100 גרם,false,,6.90,0.0138,true,1,9188
8076802085936,false,ברילה פסטה צ.ק. קונצילה ריגטה חדש,ברילה גי.אי.אר פרטלי ס.פ,,פסטה קונצ'ילי ריגטה,גרמים,500.00,100 גרם,false,,6.90,0.0138,true,1,9189
8076802085981,false,ברילה - צ.ק פוזילי חדש 500 גרם,ברילה גי.אי.אר פרטלי ס.פ,,פסטה פוזילי מספר 98,גרמים,500.00,100 גרם,false,,6.90,0.0138,true,1,9190
8076808050440,false,פסטה מקרוני מספר 44 ברילה 500 גרם,ש. שסטוביץ בע`מ,,פסטה מקרוני מספר 44,גרמים,500.00,100 גרם,false,,5.90,0.0118,true,1,9191
8076808150072,false,ברילה - צ.א ספגטוני מס7 חדש 500 גרם,ברילה גי.אי.אר פרטלי ס.פ,,פסטה ספגטי מספר 7 בר,גרמים,500.00,100 גרם,false,,6.90,0.0138,true,1,9193
8076809512268,false,פסטה גירנדולה טורסדס מספר 34 ברילה 500 גרם,ברילה גי.אי.אר פרטלי ס.פ,,פסטה גירנדולה מספר 3,גרמים,500.00,100 גרם,false,,6.90,0.0138,true,1,9194
8076809513395,false,ברילה פומודורו רוטב עגבניות קלאסי 400 גר,ברילה גי.אי.אר פרטלי ס.פ,,רוטב עגבניות לפסטה פ,גרמים,400.00,100 גרם,false,,14.90,0.0373,true,1,9196
8076809513654,false,בסיס רוטב עגבניות לבולונז 400 גרם ברילה,ברילה גי.אי.אר פרטלי ס.פ,,ברילה בסיס לבולונז 4,גרמים,400.00,100 גרם,false,,14.90,0.0373,true,1,9197
8076809513692,false,רוטב עגבניות נפולטנה בתוספת ירקות,ברילה גי.אי.אר פרטלי ס.פ,,רוטב עגבניות לפסטה ע,גרמים,400.00,100 גרם,false,,14.90,0.0373,true,1,9198
8076809523561,false,ברילה - רוטב פסטה בטעם טוסקנה 400 גרם,ברילה גי.אי.אר פרטלי ס.פ,,רוטב עגבניות לפסטה ע,גרמים,400.00,100 גרם,false,,14.90,0.0373,true,1,9202
8076809523738,false,דפי לזניה ברילה 500 גרם,ברילה גי.אי.אר פרטלי ס.פ,,ברילה צ.מ לזניה 500,גרמים,500.00,100 גרם,false,,19.90,0.0398,true,1,9204
8076809529419,false,ספגטי מחיטה מלאה מס' 5 500 ג' ברילה,ברילה גי. אי. אר פרט,,ברילה פסטה חיטה מלאה,גרמים,500.00,100 גרם,false,,12.90,0.0258,true,1,9206
8076809545440,false,ספגטי מספר 5 ללא גלוטן ברילה (400 גרם),ברילה ג'.אי.אר פרטלי,,פסטה ספגטי ללא גלוטן,גרמים,400.00,100 גרם,false,,14.90,0.0373,true,1,9210
8076809545464,false,ברילה פסטה ללא גלוטן צורת ספירלי 400 גר,מולינו אנדריאני אס.א,,פסטה פוסילי ללא גלוט,גרמים,400.00,100 גרם,false,,14.90,0.0373,true,1,9212
8076809547956,false,פסטה ברילה קיפרי 500 גרם,ברילה ג'.אי.אר פרטלי,,פסטה מרפקים קיפרי אל,גרמים,500.00,100 גרם,false,,6.90,0.0138,true,1,9213
8410104045111,false,"פיניש מלח למדיח כלים 2ק""ג",רקיט בנקיזר (ניר איסט) בעמ,,מלח למדיח כלים פיניש,גרמים,2000.00,100 גרם,false,,14.90,0.0075,true,1,16818
8410104425906,false,שעווה חמה בניחוח יסמין,רקיט בנקיזר (ניר איסט) בעמ,,"ויט שעווה חמה 250 מ""",מיליליטרים,250.00,"100 מ""ל",false,,29.90,0.1196,true,1,16819
8410109055887,false,שוקולד מריר ללא תוספ,,,שוקולד מריר ללא תוספ,גרמים,100.00,100 גרם,false,,12.90,0.1290,true,1,17826
8410109109825,false,שוקולד מריר עם חתיכו,LAVDAS,,שוקולד מריר עם תפוז,גרמים,100.00,100 גרם,false,,12.90,0.1290,true,1,17829
8410109109832,false,ואלור טבלאות שוקולד,LAVDAS,,שוקולד מריר 85% ללא,גרמים,100.00,100 גרם,false,,12.90,0.1290,true,1,17830
8410109115468,false,ואלור טב' שוק מריר 9,,,ואלור טב' שוק מריר 9,גרמים,100.00,100 גרם,false,,14.90,0.1490,true,1,22204
8410128785734,false,משקה סויה ויוה סוי בריסטה 1 ליטר.,טמפו משקאות בעמ,,ויוה סוי סויה בריסטה,מיליליטרים,1000.00,"100 מ""ל",false,,11.90,0.0119,true,1,22988
8413178308854,false,מסטיק זום תותי פרוטי,,,מסטיק זום תותי פרוטי,גרמים,1000.00,100 גרם,false,,1.00,0.0010,true,1,17727
8423207206488,false,סלים דליס חטיף דגנים מצופה שוקולד חלב מרבה 6*20 גרם,אף.סי תבליני בגליל ב,,חטיף דגנים מלאים מצו,יחידה,5.00,יחידה,false,,10.90,2.1800,true,1,9215
8423207206495,false,סלים דליס חטיף דגנים מצופה שוקולד מריר מרבה 6*20 גרם,אף.סי תבליני בגליל ב,,חטיף דגנים מלאים מצו,יחידה,1.00,יחידה,false,,10.90,10.9000,true,1,9216
8423207207362,false,חטיפי סלים דליס שוקולד לבן מרבה 6 יחידות,ביסנצ'ורי אס.אל.יו,,חטיף דגנים מלאים מצו,יחידה,6.00,יחידה,false,,10.90,1.8167,true,1,9217
8423207208680,false,חטיף דגנים שוקולד סלים דליס לילדים מרבה 6 יחידות,ביסנצ'ורי אס.אל.יו,,חטיף דגנים מצופה אקס,גרמים,120.00,100 גרם,false,,10.90,0.0908,true,1,9218
8423207208871,false,פריכיות תירס בטעם טבעי סלים דליס 130 גרם,גורי מוצרי צריכה (1991) בעמ,,פרכיות תירס בטעם טבע,גרמים,123.00,100 גרם,false,,9.90,0.0805,true,1,22099
8423207210966,false,חטיף רב דגנים מצופה שוקולד לבן קוקוס ולימון,נוטרישן אנד סנטה קוב,,חטיף דגנים מצופה שוק,יחידה,5.00,יחידה,false,,10.90,2.1800,true,1,9223
8437000906209,false,"עלי טורטיה קמח חיטה 20ס""מ 8יח' אזטקה 325ג'",Azteca foods europe,,"טורטיה חיטה 20 ס""מ ת",יחידה,8.00,יחידה,false,,7.90,0.9875,true,1,20106
8437008915456,false,טורטיה ספרדי 5 דגנים 325 גרם,Azteca foods europe,,"טורטיה 5 דגנים 20 ס""",יחידה,8.00,יחידה,false,,9.90,1.2375,true,1,21451
8682151530340,false,בונבוניירת כפיות שוק,,,בונבוניירת כפיות שוק,גרמים,54.00,100 גרם,false,,10.90,0.2019,true,1,19114
8683130008355,false,מיונז שום לחיץ אמיתי הלמנס 400 גרם,יוניליוור ישראל שיווק בע`מ,,מיונז עם שום הלמנס 4,גרמים,400.00,100 גרם,false,,14.90,0.0373,true,1,18837
8683323063024,false,יוגטה שטיחים בטעם תותי פרוטי 220 גרם,ליימן שליסל בע`מ,,יוגטה שטיחים תותי פר,גרמים,220.00,100 גרם,false,,9.90,0.0450,true,1,7707
8683363414107,false,גריקן מסטיק תותי פרו,,,גריקן מסטיק תותי פרו,גרמים,50.00,100 גרם,false,,9.90,0.1980,true,1,22893
8683363414138,false,גריקן מסטיק פטל כחול,,,גריקן מסטיק פטל כחול,גרמים,50.00,100 גרם,false,,9.90,0.1980,true,1,22894
8683363414442,false,גריקן מסטיק פירות צה,,,גריקן מסטיק פירות צה,גרמים,50.00,100 גרם,false,,9.90,0.1980,true,1,22898
8690504081913,false,מקוויטיס טינס מצופה שוקולד חלב 150 גרם,תה ויסוצקי (ישראל) בעמ,,טינס מצופה שוקולד חל,גרמים,150.00,100 גרם,false,,10.90,0.0727,true,1,1107
8690504153740,false,גודייבה שוקולד מריר במילוי קרם גנאש 86 גרם,תה ויסוצקי (ישראל) בעמ,,גודייבה מריר 86 גרם,גרמים,86.00,100 גרם,false,,14.90,0.1733,true,1,1110
8690521016882,false,דאב תארפי שמפו לשיער 400 רגיל מל,יוניליוור ישראל שיווק בע`מ,,דאב שמפו לשיער רגיל,מיליליטרים,400.00,"100 מ""ל",false,,13.90,0.0348,true,1,4230
8690521017124,false,"מרכך דאב דמג תרפי לשיער רגיל 400 מ""ל",יוניליוור ישראל שיווק בעמ,,דאב מרכך לטיפוח יום,מיליליטרים,400.00,"100 מ""ל",false,,15.90,0.0398,true,1,4231
8690526039190,false,אי טי אי - מארז חמישייה וופל במילוי קרם אגוזים וחתיכות בוטנים 145 גרם,אתי גידה סאנאי וה טיק .A,,מארז חמישיה וופל במי,גרמים,145.00,100 גרם,false,,9.90,0.0683,true,1,22097
8690637555084,false,"מרכך כביסה מרוכז אקסטרה פריחת התפוז בדין 960 מ""ל","יוניליוור ישראל שיווק בע""מ",,מרכך כביסה מרוכז לבן,מיליליטרים,960.00,"100 מ""ל",false,,17.90,0.0186,true,1,4240
8690637688195,false,"תה ירוק קלאסי ליפטון 20 יחידות בד""צ",יוניליוור ישראל שיווק בע`מ,,תה ירוק קלאסי ליפטון,גרמים,30.00,100 גרם,false,,16.90,0.5633,true,1,4241
8690637799594,false,תה ירוק ליפטון נענע בסגנון מרוקאי 20יח',"יוניליוור ישראל שיווק בע""מ",,תה ירוק נענע בסגנון,גרמים,36.00,100 גרם,false,,16.90,0.4694,true,1,4244
8690637799839,false,מגנום דאבל שלגון שמנ,גלידות שטראוס,,מגנום דאבל שלגון שמנ,יחידה,1.00,יחידה,false,,10.90,10.9000,true,1,11866
8690637835643,false,"תה ירוק לימונית ולאויזה 30 גרם ""ליפטון""","יוניליוור ישראל שיווק בע""מ",,תה ירוק לימונית לואי,גרמים,30.00,100 גרם,false,,16.90,0.5633,true,1,4246
8690637842382,false,מגנום דאבל פרי יער שטראוס 82 גר,"מיוצר ע""\י יונילוור סנאי",,מגנום דאבל פרי יער,יחידה,1.00,יחידה,false,,9.90,9.9000,true,1,11868
8690637842399,false,מאגדת מגנום מיני דאבל פרי יער שוקולד 6 יח' נסטלה,יוניליוור סנאי וי סי,,מיני מגנום דאבל פרי,יחידה,6.00,יחידה,false,,27.90,4.6500,true,1,11869
8690637858734,false,ג'ל לניקוי כללי בתוספת אקונומיקה בניחוח לימון,"יוניליוור ישראל שיווק בע""מ",,סיף ג'ל אקונומיקה לי,מיליליטרים,750.00,"100 מ""ל",false,,10.90,0.0145,true,1,4247
8690637858741,false,ג'ל לניקוי כללי בתוספת אקונומיקה בניחוח רוח ים,יוניליוור ישראל שיווק בע`מ,,סיף ג'ל אקונומיקה רו,מיליליטרים,750.00,"100 מ""ל",false,,9.90,0.0132,true,1,4248
8690637865596,false,תחליב רחצה לניקוי וטיפוח עור היד 750 מ,יוניליוור ישראל שיווק בעמ,,דאב סבון ידיים הזנה,מיליליטרים,500.00,"100 מ""ל",false,,14.90,0.0298,true,1,4250
8690637890666,false,מאגדת מגנום מיני דאבל פיסטוק 6 יח' שטראוס,יוניליוור סנאיי וי ט,,מיני מגנום פיסטוק שו,יחידה,6.00,יחידה,false,,27.90,4.6500,true,1,11871
8690637976995,false,"מרכך כביסה מרוכז אקסטרה ורוד סחלבים פראי בדין 960 מ""ל","יוניליוור ישראל שיווק בע""מ",,מרכך בדין אקסטרה ורו,מיליליטרים,960.00,"100 מ""ל",false,,17.90,0.0186,true,1,4259
8690637989612,false,שלגון שמנת בטעם וניל עם ריפל בטעם שוקולד 246 גרם,יונילוור סנאיי וי טיג'\,,מגנום מיני דאבל דולצ,יחידה,6.00,יחידה,false,,27.90,4.6500,true,1,11874
8690637989629,false,מגנום דאבל דולצ'ה גולד בטעם וניל עם ריפל בטעם שוקולד 246 גרם,יונילוור סנאיי וי טיג'\,,מגנום דאבל דולצ'ה גו,יחידה,1.00,יחידה,false,,9.90,9.9000,true,1,11875
8690758043019,false,צמרוני אוזניים לתינוקות 60 יח'',,,צמרוני אוזניים לתינו,יחידה,60.00,יחידה,false,,5.10,0.0850,true,1,9736
8690766156381,false,גודייבה שוקולד מריר 90% מוצקי קקאו 90 גרם,תה ויסוצקי (ישראל) בעמ,,שוקולד מריר מעולה 90,גרמים,90.00,100 גרם,false,,14.90,0.1656,true,1,1119
8690766156411,false,שוקולד מריר מעולה בטעם פלפל ורוד עם חתיכות תות מסוכר 90 גרם,תה ויסוצקי (ישראל)בעמ,,שוקולד מריר מעולה בט,גרמים,90.00,100 גרם,false,,14.90,0.1656,true,1,1121
8690777203012,false,פלפלים ירוקים כבושים לא חריפים סרה ויליפוד 600 גרם,ג. וילי-פוד אינטרנשיונל בע`מ,,פלפלים ירוקים כבושים,גרמים,600.00,100 גרם,false,,12.90,0.0215,true,1,3072
8690777221405,false,פלפל אדום קלוי על האש 650 גר` ויליפוד,ג. וילי-פוד אינטרנשיונל בע`מ,,פלפל אדום קלוי סרה 6,גרמים,650.00,100 גרם,false,,12.90,0.0198,true,1,3075
8691657953539,false,בונבוניירה ריבועי א,,,בונבוניירה ריבועי א,גרמים,200.00,100 גרם,false,,29.90,0.1495,true,1,22589
8693323099107,false,מרשמלו לבבות בטעם תות ווניל,ליימן שליסל בעמ,,מרשמלו לבבות ורוד לב,גרמים,150.00,100 גרם,false,,6.90,0.0460,true,1,7712
8693323250102,false,חיספוסים מיני בטעם ת,1 יחידה,,חיספוסים מיני בטעם ת,גרמים,200.00,100 גרם,false,,7.90,0.0395,true,1,7713
8693495037853,false,זוג מברשות שיניים קולגייט סלים סופט זהב,הנסיך- מפעל לייצור ט,,קולגייט מברשת סלים ס,יחידה,2.00,יחידה,false,,24.90,12.4500,true,1,9225
8697040109323,false,אסותא סבון מוצק להיגיינה,עיסא ערטול בעמ-סוכן הנקל סוד,,סבון מוצק אסותא,יחידה,1.00,יחידה,false,,4.90,4.9000,true,1,12272
8697659217426,false,דאודורנט ספריי אקווה,,,דאודורנט ספריי אקווה,מיליליטרים,200.00,"100 מ""ל",false,,9.90,0.0495,true,1,5946
8698701000232,false,מארז שישית כפיות שו,,,מארז שישית כפיות שו,יחידה,6.00,יחידה,false,,11.90,1.9833,true,1,22805
8698701004223,false,בונבוניירה ביצים 225,,,בונבוניירה ביצים 225,גרמים,225.00,100 גרם,false,,29.90,0.1329,true,1,23018
8698996006490,false,מגבות נייר 9ב1 רמילוי,,,מגבות נייר 9ב1,יחידה,1.00,יחידה,false,,13.90,13.9000,true,1,9740
8710447224342,false,"שמפו קרטין קרטין400מ""ל טרזמה",יוניליוור ישראל שיווק בע`מ,,טרזמה שמפו קרטין 400,מיליליטרים,400.00,"100 מ""ל",false,,14.90,0.0373,true,1,4260
8710447284117,false,"ג'ל רחצה אקס בלאק 400 מ""ל",יוניליוור ישראל שיווק בע`מ,,אקס ג'ל רחצה בלאק 40,מיליליטרים,400.00,"100 מ""ל",false,,10.40,0.0260,true,1,4262
8710502064814,false,עוגיות מרבה שוקולד ציפס במרקם רך 175 גר,בנקטבקריי מרבה בי.וי,,עוגיות שוקולד צ'יפס,גרמים,175.00,100 גרם,false,,8.90,0.0509,true,1,9229
8710502194801,false,"עוגיות שוקלד ציפס רכה פירות יער ""מרבה"" 175 גרם",בנקטבקריי מרבה בי.וי,,עוגיות שוקולד צי'פס,גרמים,175.00,100 גרם,false,,8.90,0.0509,true,1,21596
8710502279010,false,מרבה עוגיות שוקולד צ'יפס מצופות שוקולד 175 גרם,"י.מרבה ישראל בע""מ",,עוגיות שוקולד צ'יפס,גרמים,175.00,100 גרם,false,,8.90,0.0509,true,1,9234
8710502405204,false,עוגיות שוקולד צ'יפס עם קרם שוקולד מרבה 175 גרם,קריניציה ויטמינה אס,,עוגיות שוקולד צ'יפס,גרמים,175.00,100 גרם,false,,8.90,0.0509,true,1,9235
8710502470028,false,עוגיות שוקולד צ'יפס ממולאות בקרם נוגט,קריניציה ויטמינה אס,,עוגיות שוקולד צ'יפס,גרמים,160.00,100 גרם,false,,8.90,0.0556,true,1,9236
8710847962608,false,אקס בודי ספריי מוחיטו ירוק ועצי ארז 150,יוניליוור ישראל שיווק בעמ,,דאודורנט ספריי גוף ל,מיליליטרים,150.00,"100 מ""ל",false,,11.90,0.0793,true,1,4266
8711000371176,false,ג'ייקובס קפסולות קפה אספרסו קלאסיקו עוצמה 7,ג'ייקובס דאו אגברטס צרפת,,ג'ייקובס קפסולות קפה,גרמים,52.00,100 גרם,false,,16.90,0.3250,true,1,2663
8711000371206,false,ג'ייקובס קפסולות קפה אספרסו ריסטרטו עוצמה 12,ג'ייקובס דאו אגברטס צרפת,,ג'ייקובס קפסולות קפה,גרמים,52.00,100 גרם,false,,16.90,0.3250,true,1,2665
8712000051099,false,"שישיית בירה היינקן 0% אלכוהל בקבוק 330 מ""ל","מבשלת היינקן, ריטבלדנברג",,"היינקן 330 מ""ל מארז",מיליליטרים,1980.00,"100 מ""ל",false,,29.90,0.0151,true,1,4963
8712561594240,false,"דאב תחליב רחצה להזנה עמוקה500 מ""ל-מרכז",יוניליוור ישראל שיווק בע`מ,,תחליב רחצה הזנה עמוק,מיליליטרים,500.00,"100 מ""ל",false,,14.90,0.0298,true,1,4272
8712561611183,false,"דאב - תחליב רחצה תה ירוק ומלפפון 500 מ""ל",יוניליוור ישראל שיווק בע`מ,,תחליב רחצה עם תה ירו,מיליליטרים,500.00,"100 מ""ל",false,,14.90,0.0298,true,1,4273
8714599410806,false,ג'ייקובס קרוננג מיובש בהקפאה 160 גרם סגירה חוזרת,דיפלומט מפיצים (1968) בעמ**,,קפה נמס מיובש בהקפאה,גרמים,160.00,100 גרם,false,,18.90,0.1181,true,1,2673
8714599513781,false,"קפה נמס מיובש בהקפאה זהב צנצנת ג'ייקובס 200 גרם לל""ס",דיפלומט מפיצים (1968) בעמ**,,קפה נמס מיובש בהקפאה,גרמים,200.00,100 גרם,false,,25.90,0.1295,true,1,2674
8714599513828,false,ג'ייקובס קרוננג מיובש בהקפאה 47.5 גרם צנצנת,דיפלומט מפיצים (1968) בעמ**,,קפה נמס מיובש בהקפאה,גרמים,47.50,100 גרם,false,,6.90,0.1453,true,1,2675
8714599513866,false,"קפה נמס מיובש בהקפאה קרונג צנצנת ג'ייקובס 200 גרם לל""ס",דיפלומט מפיצים (1968) בעמ**,,קפה נמס מיובש בהקפאה,גרמים,200.00,100 גרם,false,,27.90,0.1395,true,1,2676
8714789177229,false,רבעיית מברשות שיניים קולגייט אקסטרה קלין 1 יחידה,הנסיך- מפעל לייצור ט,,מברשת שיניים אקסטרה,יחידה,4.00,יחידה,false,,9.90,2.4750,true,1,9237
8714789582764,false,אג'קס ספריי לניקוי חלונות ומשטחים,הנסיך- מפעל לייצור ט,,אג'קס ספריי לניקוי ח,מיליליטרים,750.00,"100 מ""ל",false,,15.90,0.0212,true,1,9241
8714789930848,false,"משחת שיניים אופטיק וייט הלבנה מיידית קולגייט 75 מ""ל",איינשטיין-צור יבוא-יצוא וסחר ב,,משחת שיניים אופטיק ו,מיליליטרים,75.00,"100 מ""ל",false,,19.90,0.2653,true,1,9242
8715700117805,false,"קטשופ היינץ מתבל עגבניות ללא תוספת סוכר ומלח 425 מ""ל",דיפלומט מפיצים (1968) בעמ**,,היינץ מתבל עגבניות ל,גרמים,400.00,100 גרם,false,,10.90,0.0273,true,1,2680
8715700419718,false,מתבל עגבניות היינץ 910 גרם,ה.י. היינץ,,קטשופ היינץ 910 גרם,גרמים,910.00,100 גרם,false,,12.90,0.0142,true,1,2681
8715700419732,false,מתבל עגבניות היינץ (700 גרם),דיפלומט מפיצים (1968) בעמ**,,קטשופ היינץ 700 גרם,גרמים,700.00,100 גרם,false,,10.90,0.0156,true,1,2682
8715700423906,false,היינץ מתבל עגבניות מופחת סוכר ומלח 50/50 550 גרם,דיפלומט מפיצים (1968) בעמ**,,היינץ מתבל עגבניות מ,גרמים,555.00,100 גרם,false,,10.90,0.0196,true,1,2685
8717163647233,false,"אקס דאודורנט ספריי גוף בלאק נייט 150 מ""ל",יוניליוור ישראל שיווק בע`מ,,דאודורנט ספריי גוף ל,מיליליטרים,150.00,"100 מ""ל",false,,13.90,0.0927,true,1,4282
8717163655825,false,"רקסונה דאו' ספריי לנשים בניחוח כותנה, 150 מ""ל","יוניליוור ישראל שיווק בע""מ",,דאודורנט ספריי לאישה,מיליליטרים,150.00,"100 מ""ל",false,,12.90,0.0860,true,1,4287
8717644390566,false,דאב סבון מוצק רביעייה- מלפפונים ותה ירו,יוניליוור ישראל שיווק בע`מ,,סבון מוצק מלפפונים ד,יחידה,4.00,יחידה,false,,14.90,3.7250,true,1,4288
8717677336616,false,שוקולד מריר עם שקדים ומלח טוניס' שוקולונלי 180 גרם,טוניס/שוקולונלי,,שוקולד מריר שקדים ומ,גרמים,180.00,100 גרם,false,,19.90,0.1106,true,1,19136
8718114734484,false,ממרח מיוני מיילי 320 גרם,א. סיימן סחר בעמ,,מיונז מיילי 320 גרם,גרמים,320.00,100 גרם,false,,15.90,0.0497,true,1,3711
8718951159808,false,מברשות שיניים 360 מדיום- מארז שלישייה,קולגייט-פלמוליב,,קולגייט מברשת 360 של,יחידה,3.00,יחידה,false,,29.90,9.9667,true,1,9246
8718951176874,false,קולגייט שטיפת פה לילדים מיניונים 250 מל,קולגייט-פלמוליב,,קולגייט מי פה מיניון,מיליליטרים,250.00,"100 מ""ל",false,,15.90,0.0636,true,1,9250
8718951236790,false,"קולגייט טוטאל משחת שיניים קלין מינט לפה בריא 100 מ""ל",קולגייט פלמוליב,,משחת שיניים קלין מינ,מיליליטרים,100.00,"100 מ""ל",false,,16.90,0.1690,true,1,9251
8718951236806,false,"קולגייט טוטאל הלבנה משחת שיניים המסייעת בהסרת כתמים 100 מ""ל",ש. שסטוביץ בע`מ,,משחת שיניים עם פלואו,מיליליטרים,100.00,"100 מ""ל",false,,16.90,0.1690,true,1,9252
8718951334090,false,"מרכך כביסה מרוכז כחול 650 מ""ל סופלין",ש.שסטוביץ בעמ,,מרכך כביסה מרוכז לתי,מיליליטרים,650.00,"100 מ""ל",false,,11.90,0.0183,true,1,9268
8718951334120,false,"מרכך כביסה סופלין מרוכז לבנדר 650 מ""ל",ש.שסטוביץ בעמ,,מרכך כביסה מרוכז לתי,מיליליטרים,650.00,"100 מ""ל",false,,11.90,0.0183,true,1,9269
8718951385290,false,אג`קס ניקוי כללי עוצמת ב -7כחול 2 ליטר,קולגייט פלמוליב,,נוזל לניקוי כללי אג',מיליליטרים,2000.00,"100 מ""ל",false,,23.90,0.0119,true,1,9273
8718951391314,false,"מרסס אגקס טריגר אנטי בקטריאלי 500 מ""ל",קולגייט פלמוליב,,ספריי אנטיבקטריאלי ל,מיליליטרים,500.00,"100 מ""ל",false,,14.90,0.0298,true,1,9276
8718951415836,false,קולגייט מי פה פלאקס פחם לחיוך לבן 500 מל,ש.שסטוביץ בעמ,,מי פה לבן + פחם קולג,מיליליטרים,500.00,"100 מ""ל",false,,29.90,0.0598,true,1,9278
8719128117249,false,"סירופ פפסי מקס 440 מ""ל סודהסטרים",סודהסטרים ישראל בעמ,,סירופ פפסי מקס – 440,מיליליטרים,440.00,"100 מ""ל",false,,22.90,0.0520,true,1,16541
8719128117256,false,"סירופ סבן אפ 440 מ""ל סודהסטרים",סודהסטרים ישראל בעמ,,סירופ סבן אפ - 440 מ,מיליליטרים,440.00,"100 מ""ל",false,,22.90,0.0520,true,1,16542
8719128117263,false,"סירופ מירנדה 440 מ""ל סודהסטרים",סודהסטרים ישראל בעמ,,סירופ מירנדה – 440 מ,מיליליטרים,440.00,"100 מ""ל",false,,22.90,0.0520,true,1,16543
8719128117294,false,"סירופ דייט סבן אפ 440 מ""ל סודהסטרים",סודה סטרים ישראל בעמ,,סירופ סבן אפ דיאט –,מיליליטרים,440.00,"100 מ""ל",false,,22.90,0.0520,true,1,16544
8719200998018,false,מחמאה מרגרינה בטעם חמאה בלובנד 200 גרם,"מיוצר ע""\י יוניליוור ישר",,מחמאה ב.בנד 200 גרם,גרמים,200.00,100 גרם,false,,4.70,0.0235,true,1,2687
8719200998094,false,"מרגרינה מזולה לאפיה ללא תוספת מלח 200גר - 40 יח' -כשל""פ","מיוצר ע""\י יוניליוור ישר",,מזולה לאפיה ללא מלח,גרמים,200.00,100 גרם,false,,6.50,0.0325,true,1,2690
8720181046605,false,דאב - דאודורנט ספריי לאישה אורגינל כחול 150מל,"יוניליוור ישראל שיווק בע""מ",,דאודורנט ספריי אורגי,מיליליטרים,150.00,"100 מ""ל",false,,15.90,0.1060,true,1,4294
8801055707966,false,קפה טייסטרס צ`ויס בריסטה נסקפה (180 גרם),קבוצת אוסם סחר שותפות מוגבלת,,טייסטרס צ'וייס בריסט,גרמים,180.00,100 גרם,false,,31.90,0.1772,true,1,2181
8801055709458,false,אבקה להכנת משקה קפה בטעם קפוצ'ינו קרמל,קבוצת אוסם סחר שותפות מוגבלת,,נסקפה קפוצ'ינו קרמל,גרמים,170.00,100 גרם,false,,19.90,0.1171,true,1,19808
8809168840488,false,חטיף אצות מיובשות 4.5ג*3 יחידות,מזרח ומערב יבוא ושיווק,,חטיף אצות מיובשות 3,יחידה,3.00,יחידה,false,,11.90,3.9667,true,1,6021
8850180040028,false,"טמפורה 500 גרם ""מזרח ומערב""",מזרח ומערב יבוא ושיווק,,טמפורה 500 גרם,גרמים,500.00,100 גרם,false,,10.90,0.0218,true,1,6022
8850206250592,false,רוטב צ'ילי סריראצ'ה 540 גרם (מזרח ומערב),מזרח ומערב יבוא ושיווק,,רוטב צ'ילי סיראצ'ה 5,גרמים,530.00,100 גרם,false,,19.90,0.0375,true,1,6023
8850206280049,false,רוטב צ'ילי חריף מיו 250 גרם,יאן וואל יון קו.לטד,,רוטב צ'ילי מיו חריף,מיליליטרים,250.00,"100 מ""ל",false,,17.90,0.0716,true,1,17839
8850367992164,false,קרם קוקוס 250 מל 20-22% ללא חומר משמר,מזרח ומערב יבוא ושיווק,,"קרם קוקוס 250 מ""ל 20",מיליליטרים,250.00,"100 מ""ל",false,,7.90,0.0316,true,1,6025
8850367994786,false,מחית קארי אדומה 50 גרם,מזרח ומערב יבוא ושיווק,,מחית קארי אדומה 50 ג,גרמים,50.00,100 גרם,false,,5.90,0.1180,true,1,6028
8850367994793,false,מחית קארי צהובה 50 גרם,מזרח ומערב יבוא ושיווק,,מחית קארי צהובה 50 ג,גרמים,50.00,100 גרם,false,,5.90,0.1180,true,1,6029
8850389103111,false,סאפי משקה אלוורה בטעם ענבים 300מל,פארייפאבה אגרואינדוס,,סאפה אלוורה בטעם ענב,מיליליטרים,300.00,"100 מ""ל",false,,7.70,0.0257,true,1,4964
8850389105825,false,משקה אלוורה בטעם ענבים סאפה 1 ליטר,סאפה פובליק קומפני לימיט,,סאפה אלוורה ענבים 1,מיליליטרים,1000.00,"100 מ""ל",false,,13.20,0.0132,true,1,4966
8850389105832,false,סאפה משקה אלוורה בטעם תפוח עם קוביות אלוורה 1 ליטר,סאפה פובליק קומפני לימיט,,סאפה אלוורה תפוחים 1,מיליליטרים,1000.00,"100 מ""ל",false,,13.20,0.0132,true,1,4967
8850389105849,false,סאפה משקה אלוורה מופחת קלוריות בטעם אפרסק 1 ליטר,סאפה פובליק קומפני לימיט,,סאפה אלוורה בטעם אפר,מיליליטרים,1000.00,"100 מ""ל",false,,13.20,0.0132,true,1,4968
8850389115312,false,"סאפה אלוורה מלון בקבוק 300 מ""ל",סאפה פובליק קומפני ל,,סאפה מלון בקבוק 300,מיליליטרים,300.00,"100 מ""ל",false,,7.70,0.0257,true,1,4969
8850632601098,false,סוכריית גומי חמוצה,,,מלמ רולר תות ורוד 1/,גרמים,40.00,100 גרם,false,,3.90,0.0975,true,1,17762
8850632601104,false,פס טעים יער 40 ג' 1/24 (8),,,רולר פטל כחול 40 גרם,גרמים,40.00,100 גרם,false,,3.50,0.0875,true,1,17763
8851613101378,false,"נוזל קוקוס ארוי די 250 מ""ל",גורי מוצרי צריכה (1991) בעמ,,"חלב קוקוס 250 מ""ל",גרמים,250.00,100 גרם,false,,9.90,0.0396,true,1,22141
8858271002887,false,רוטב טריאקי 250 מ'ל - מקסצ'אפ,מזרח ומערב יבוא ושיווק,,רוטב טריאקי 250 מ'ל,מיליליטרים,250.00,"100 מ""ל",false,,10.90,0.0436,true,1,6032
8858271003075,false,"רוטב סויה מתוקה מקסצ'אפ 700 מ""ל",מזרח ומערב יבוא ושיווק,,רוטב סויה מתוקה 700,מיליליטרים,700.00,"100 מ""ל",false,,16.90,0.0241,true,1,6034
8858271004126,false,רוטב חמוץ מתוק 700 מ'ל - מקסצ'אפ,מזרח ומערב יבוא ושיווק,,רוטב חמוץ מתוק 700 מ,מיליליטרים,700.00,"100 מ""ל",false,,15.90,0.0227,true,1,6036
8858271004300,false,"רוטב טרייאקי 70 מ""ל מקסצ`אפ",מזרח ומערב יבוא ושיווק,,"רוטב טריאקי 700 מ""ל",מיליליטרים,700.00,"100 מ""ל",false,,19.90,0.0284,true,1,6037
8858271004799,false,"רוטב צילי מתוק אל פורפסיס 700 מ""ל",מזרח ומערב יבוא ושיווק,,רוטב צ'ילי מתוק 700,מיליליטרים,700.00,"100 מ""ל",false,,12.90,0.0184,true,1,6038
8901537024014,false,"אורז בסמטי מובחר 1 ק""ג - דוואט) יורה דיעה",ג. וילי-פוד אינטרנשיונל בע`מ,,"אורז בסמטי 1 ק""ג DAA",גרמים,1000.00,100 גרם,false,,12.90,0.0129,true,1,3080
8934878081811,false,"דפי אורז 22 ס""מ 400 גר'(Trav) ללא גלוטן",מזרח ומערב יבוא ושיווק,,"דפי אורז 22 ס""מ 400",גרמים,400.00,100 גרם,false,,11.90,0.0298,true,1,6044
9001395807015,false,שוקולד בננית בטעם שוקו בננה 300 גרם,פרנס הואו סווירט,,בננית 300 גרם,גרמים,300.00,100 גרם,false,,11.90,0.0397,true,1,19713
9002490100490,false,"משקה אנרגיה רד בול מארז רביעייה*250 מ""ל",דיפלומט מפיצים (1968) בעמ**,,רד בול רביעייה 250*4,גרמים,1124.00,100 גרם,false,,22.80,0.0203,true,1,2691
9002975393836,false,סוכריות גילי הריבו האפי קולה 70 גרם,"האריבו , ג'\י.אם.בי.אייץ",,סוכריות הריבו קולה 7,גרמים,70.00,100 גרם,false,,6.90,0.0986,true,1,18512
9002975393843,false,סוכריות גילי הריבו גולדברס 70 גרם,"האריבו , ג'\י.אם.בי.אייץ",,סוכריות הריבו גולדבר,גרמים,70.00,100 גרם,false,,6.90,0.0986,true,1,18513
9002975393850,false,סוכריות גילי הריבו וורמס 70 גרם,"האריבו , ג'\י.אם.בי.אייץ",,סוכריות הריבו וורמס,גרמים,70.00,100 גרם,false,,6.90,0.0986,true,1,18514
9044400851672,false,סוכריות פז סוגים שונים + 3 מילויים,ר.ב. מוצרי דגנים בעמ,,סוכריות פז 1+3,גרמים,22.50,100 גרם,false,,10.90,0.4844,true,1,21272
9120025839896,false,חטיף מילקה מצונן 128 גרם,ג.וילי-פוד אינטרנשיונל **גבינו,,חטיף מילקה מצונן 128,גרמים,128.00,100 גרם,false,,15.90,0.1242,true,1,22526
9120097310583,false,חטיף שוקו בננה מיניונים מצונן 108 גרם רבנות,ג.וילי-פוד אינטרנשיונל **גבינו,,חטיף שוקו בננה מיניו,גרמים,108.00,100 גרם,false,,15.90,0.1472,true,1,22509
9310072028750,false,חטיף שוקולד דאבל קרם טים טם (200 גרם),"ארנוטס ביסקוויטס בע""",,טיםטם דאבל 200 גרם,גרמים,200.00,100 גרם,false,,19.90,0.0995,true,1,17766
9720188050109,false,ממרח על בסיס סויה בסגנון גבינה טופוטי 225 גרם,*החברה המרכזית להפצת משקאותבעמ,,טופוטי - ממרח על בסי,גרמים,225.00,100 גרם,false,,22.90,0.1018,true,1,8510
9771565025005,false,עיתון מעריב סוף השבוע,ג רוזלם פוסט בעמ,,עיתון מעריב,יחידה,1.00,יחידה,false,,6.00,6.0000,true,1,8151
9771565051066,false,עיתון ידיעות אחרונות,ידיעות אחרונות בעמ,,עיתון ידיעות אחרונות,יחידה,1.00,יחידה,false,,20.00,20.0000,true,1,5969
