code,internal_code,name,manufacturer_name,manufacture_country,manufacturer_item_description,unit_qty,quantity,unit_of_measure,weighted,qty_in_package,price,unit_of_measure_price,allow_discount,status,item_id
10320850,false,גבינת עמק 28% שומן פ,,,גבינת עמק 28% שומן פ,גרמים,200.00,100 גרם,false,,15.90,0.0795,true,1,162641
10321680,false,יוגורט 2.9% תות גו 2,,,יוגורט 2.9% תות גו 2,גרמים,200.00,100 גרם,false,,5.50,0.0275,true,1,162642
10321697,false,יוגורט 2.9% אפרסק גו,,,יוגורט 2.9% אפרסק גו,גרמים,200.00,100 גרם,false,,5.70,0.0285,true,1,162643
10322014,false,טופו טבעי 300 גרם,,,טופו טבעי 300 גרם,גרמים,300.00,100 גרם,false,,12.50,0.0417,true,1,162644
10322021,false,טופו בזיליקום 300 גר,,,טופו בזיליקום 300 גר,גרמים,300.00,100 גרם,false,,12.50,0.0417,true,1,162645
10323592,false,יוגורט לייט 0.5% מוע,,,יוגורט לייט 0.5% מוע,גרמים,200.00,100 גרם,false,,5.70,0.0285,true,1,162654
10323714,false,משקה קוקוס שקדים תנו,,,משקה קוקוס שקדים תנו,מיליליטרים,1000.00,"100 מ""ל",false,,12.90,0.0129,true,1,162655
10326227,false,יופלה און טופ קורנפל,,,יופלה און טופ קורנפל,גרמים,157.00,100 גרם,false,,5.00,0.0318,true,1,162665
10672844,false,חלה רגילה קלועה אפוי,,,חלה רגילה קלועה אפוי,Unknown,1.00,יחידה,false,,12.90,12.9000,true,1,176977
11179345,false,כוסות שתיה קרה 100 י,כוסות שתיה קרה 4 ב 1,,כוסות שתיה קרה 100 י,Unknown,100.00,יחידה,false,,7.90,0.0790,true,1,166077
14759978,false,גבינת קולאז קצקבל,Unknown,,קצקבל גלעד 27% פלח 2,גרמים,200.00,100 גרם,false,,25.90,0.1295,true,1,162667
14759992,false,פלח רוקפור גליל 27%,Unknown,,פלח רוקפור גליל 27%,גרמים,140.00,100 גרם,false,,18.90,0.1350,true,1,162668
32147230,false,"מיץ לימון משומר 200מ""ל(לימונית אקסטרא)",ג'נרל מילס סאן אדריא,,מיץ לימון סיציליה 20,מיליליטרים,200.00,"100 מ""ל",false,,6.90,0.0345,true,1,161878
40052403,false,קיט קט 4 אצבעות שוקולד חלב,נסטלה Nestle,,קיט קט 4 אצבעות 41.5,גרמים,41.00,100 גרם,false,,4.50,0.1098,true,1,159154
41001356,false,"בירה בקס פחית 500 מ""ל",יבואן ומשווק: ש. שסט,,"בקס פחית 500 מ""ל",מיליליטרים,500.00,"100 מ""ל",false,,9.90,0.0198,true,1,163051
42061939,false,"בירה בקס בקבוק 500 מ""ל בקבוק","איי, בי, אינבוו",,בירה בקס בקבוק 500 מ,מיליליטרים,500.00,"100 מ""ל",false,,9.90,0.0198,true,1,163052
42188889,false,אורביט פייב אבטיח 12 סטיקס 29 גר,מרס נדרלנד,,פייב אבטיח 12 סטיקס,גרמים,29.00,100 גרם,false,,6.60,0.2276,true,1,169768
54051140,false,מעדן סויה טעם וניל אלפרו רביעיה * 125 ג',הנסיך- מפעל לייצור ט,,אלפרו מעדן סויה וניל,גרמים,500.00,100 גרם,false,,16.90,0.0338,true,1,166965
54051157,false,מעדן סויה טעם שוקו אלפרו רביעיה 125 ג',קריות זול,,אלפרו מעדן סויה שוקו,גרמים,500.00,100 גרם,false,,16.90,0.0338,true,1,166966
72940754,false,"מילקי מעדן וניל עם קצפת שטראוס 133 מ""ל","שטראוס גרופ בע""\מ",,מילקי מעדן וניל עם ק,גרמים,133.00,100 גרם,false,,2.90,0.0218,true,1,158212
72940761,false,"מילקי מעדן שוקולד עם קצפת שטראוס 133 מ""ל",מיוצר עי קונדיטוריית,,"מילקי שוקולד 170 מ""ל",מיליליטרים,170.00,"100 מ""ל",false,,2.90,0.0171,true,1,158213
72940952,false,מעדן מילקי בטעם שוקולד עם אקסטרה קצפת,"שטראוס גרופ בע""\מ",,מילקי אקסטרה קצפת 17,מיליליטרים,170.00,"100 מ""ל",false,,3.90,0.0229,true,1,158214
72940976,false,סלט כרוב אדום אחלה 250 גרם,מיוצר עי קונדיטוריית,,כרוב אדום 250 גרם,גרמים,250.00,100 גרם,false,,7.40,0.0296,true,1,158215
72945308,false,קוביית שמרים טריים לאפיה שמרית 50 גרם,"פאקא תעשיות בע""\מ",,שמרים טריים לאפיה שמ,גרמים,50.00,100 גרם,false,,3.60,0.0720,true,1,158218
72961506,false,יוגורט עם תות 1.5% שומן 125 ג' פרילי,מיוצר עי קונדיטוריית,,פרילי תות 1.5% 125 מ,מיליליטרים,125.00,"100 מ""ל",false,,3.50,0.0280,true,1,172590
72961520,false,"פרילי יוגורט עם אננס 1.5% תנובה 125 מ""ל",מיוצר עי קונדיטוריית,,פרילי אננס 1.5% 125,מיליליטרים,125.00,"100 מ""ל",false,,3.50,0.0280,true,1,172592
72961544,false,"באדי יוגורט בטעם תות שדה 3% תנובה 125 מ""ל",מחלבת אלון תבור,,באדי יוגרט תות גביע,מיליליטרים,125.00,"100 מ""ל",false,,3.00,0.0240,true,1,162671
72986370,false,"גלידת בן & ג'ריס פיינטים וניל 500מ""ל",מוצרי איכות אמריקאיים,,גלידה וניל בן & ג'רי,מיליליטרים,500.00,"100 מ""ל",false,,21.90,0.0438,true,1,167580
72986424,false,"גלידת בן & ג'ריס פיינטים קרם עוגיות 500מ""ל",מוצרי איכות אמריקאיים בע,,גלידה קרם עוגיות בן,מיליליטרים,500.00,"100 מ""ל",false,,21.90,0.0438,true,1,167581
72986448,false,"גלידת בן & ג'ריס פיינטים טופי קראנץ 500מ""ל",מוצרי איכות אמריקאיים בע,,גלידת וניל וטופי בן,מיליליטרים,473.00,"100 מ""ל",false,,21.90,0.0463,true,1,167582
72986455,false,"גלידה בן& ג'ריס ניו יורק סופר פאדג' צ'אנק 500 מ""ל",מוצרי איכות אמריקאיים בע,,גלידת שוקולד ניו יור,מיליליטרים,500.00,"100 מ""ל",false,,21.90,0.0438,true,1,167583
72986479,false,"גלידה שוקולד אגוז עם בננות בן וג'ירי 500 מ""ל",מוצרי איכות אמריקאיים בע,,גלידה צ'נקי מונקי בן,מיליליטרים,500.00,"100 מ""ל",false,,21.90,0.0438,true,1,167584
72989425,false,"גלידת בן & ג'ריס פיינטים שוקולד בראוניז 500מ""ל",מוצרי איכות אמריקאיים בע,,גלידת שוקולד עם חתיכ,מיליליטרים,500.00,"100 מ""ל",false,,21.90,0.0438,true,1,167586
72991886,false,"גלידת דולצ'ה בטעם ריבת חלב עם פאדג' בן וג'ירי 500 מ""ל",מוצרי איכות אמריקאיים בע,,גלידה עם ריבת חלב ופ,מיליליטרים,500.00,"100 מ""ל",false,,21.90,0.0438,true,1,167587
72993637,false,מעדן חלב בטעם שוקולד 125 ג' דני,"שטראוס גרופ בע""\מ",,דני מעדן חלב בטעם שו,גרמים,125.00,100 גרם,false,,2.70,0.0216,true,1,158221
72994061,false,חטיף פסק זמן GOOD גלילית לבן 40 גרם,שולן צ'\יקולטה גידה סאן.,,פסק זמן 2 גוד עלית 3,גרמים,36.00,100 גרם,false,,4.90,0.1361,true,1,166977
80001287,false,וופל חטיף לואקר אגוז 38 גר',ליימן מותגים,,חטיף גרדנה אגוז 38 ג,גרמים,38.00,100 גרם,false,,4.90,0.1289,true,1,163351
80001461,false,חטיף גרדנה שוקולד 38 גרם,"א. לואקר קונפקט בע""מ",,חטיף גרדנה שוקולד 38,גרמים,38.00,100 גרם,false,,4.90,0.1289,true,1,163352
80001799,false,לואקר טורטינה שוקולד לבן,"כד בני דרום בע""מ",,וופל טורטינה לבן 21,גרמים,21.00,100 גרם,false,,4.90,0.2333,true,1,174217
80050025,false,סוכריות טיק טק תפוז 16 גרם,פררו - אלבה,,סוכריות טיק טק תפוז,גרמים,16.00,100 גרם,false,,3.00,0.1875,true,1,165881
80050124,false,סוכריות טיק טק מנטה 16 גרם,פררו - אלבה,,סוכריות טיק טק מנטה,גרמים,16.00,100 גרם,false,,3.00,0.1875,true,1,165882
80052760,false,קינדר בואנו Kinder Bueno עם חלב ואגוזי לוז,פררו - אלבה,,קינדר בואנו חלב 43 ג,גרמים,43.00,100 גרם,false,,3.90,0.0907,true,1,165888
80052883,false,סוכריות מנטה חזק 16 ג' טיק טק,פררו,,סוכריות טיק טק בטעם,גרמים,16.00,100 גרם,false,,3.00,0.1875,true,1,165889
80136194,false,חטיפי הפי היפו Happy Hippo במילוי קרם חלבי ואגוזי לוז,קינדר Kinder,,קינדר הפי היפו אגוז,גרמים,103.50,100 גרם,false,,12.50,0.1208,true,1,165890
80176800,false,נוטלה ממרח שוקולד 750 גרם,פררו תעשיות איטליה ס,,ממרח אגוזי לוז עם קק,גרמים,750.00,100 גרם,false,,25.90,0.0345,true,1,165892
80177173,false,ממרח שוקולד נוטלה 350 גרם,פררו - אלבה,,ממרח אגוזי לוז עם קק,גרמים,350.00,100 גרם,false,,14.90,0.0426,true,1,165893
80177180,false,שוקולד קינדר קאונטרי 23.5 גרם,ליימן שליסל,,שוקולד קינדר עם דגני,גרמים,23.50,100 גרם,false,,2.60,0.1106,true,1,165894
80177609,false,אצבעות שוקולד קינדר Kinder ארבע יחידות,פררו - אלבה,,אצבעות שוקולד במילוי,גרמים,50.00,100 גרם,false,,3.90,0.0780,true,1,165895
80177616,false,אצבעות שוקולד קינדר Kinder שמונה יחידות,פררו - אלבה,,קינדר 100 גרם 10 יחי,גרמים,100.00,100 גרם,false,,6.90,0.0690,true,1,165896
80273592,false,פלפל ארבע עונות 30 גר ארומה דה טוסקנה,דרוגיה ואלימנטרי אס.אר.א,,פלפל 4 עונות מטחנה 3,גרמים,35.00,100 גרם,false,,13.50,0.3857,true,1,163908
80310167,false,קינדר מקסי מאגדת שישיה,קינדר,,קינדר מקסי שישייה 12,גרמים,126.00,100 גרם,false,,9.90,0.0786,true,1,165897
80310549,false,הפי היפו חטיף קינדר שוקולד לבן 20.5ג',קריות זול,,קינדר הפי היפו אגוזי,גרמים,20.50,100 גרם,false,,2.90,0.1415,true,1,165898
80310891,false,ג'וי ביצת הפתעה קינדר 20 גרם,קריות זול,,קינדר גוי בודד 20 גר,גרמים,20.00,100 גרם,false,,5.90,0.2950,true,1,188141
80761761,false,קינדר בואנו לבן בודד 39 גרם,ליימן שליסל,,קינדר בואנו לבן 39 ג,גרמים,39.00,100 גרם,false,,3.90,0.1000,true,1,165899
80762362,false,מנטוס גומי לעיסה ללא סוכר בטעם מנטה-אקליפטוס,פרפטי ואן מלה,,מסטיק מנטוס וויט מנט,גרמים,60.00,100 גרם,false,,9.90,0.1650,true,1,163355
80773429,false,מנטוס בקבוק מעוגל - מסטיק ללא סוכר בטעם תות 60 גרם,"פרפטי ואן מלה ג'\ידה,סאן",,מסטיק מנטוס בקבוק מע,גרמים,60.00,100 גרם,false,,9.90,0.1650,true,1,163358
80773443,false,מנטוס בקבוק מעוגל - מסטיק ללא סוכר בטעם מנטה 60 גרם,"פרפטי ואן מלה ג'\ידה,סאן",,גומי לעיסה בטעם מנטה,גרמים,60.00,100 גרם,false,,9.90,0.1650,true,1,163359
80831402,false,סוכריות מנטוס מנטה עדינה 30 יח' ללא סוכר CLEAN BREATH,פרפטי ואן מלה,,סוכריות מנטוס מרעננו,גרמים,21.00,100 גרם,false,,6.90,0.3286,true,1,184795
80843184,false,מנטוס מסטיק פיור פרש בטעם ענבים 60גר,פרפטי ואן מלה הולנד,,מסטיק מנטוס בקבוק מע,גרמים,60.00,100 גרם,false,,9.90,0.1650,true,1,183807
80864295,false,סוכריות פיור וויט טעם מנטה עדינה 60 ג' מנטוס,"פרפטי ואן מלה ג'ידה,סאן",,מסטיק מנטוס בקבוק מע,גרמים,60.00,100 גרם,false,,9.90,0.1650,true,1,183808
80896081,false,מנטוס בקבוק מעוגל - מסטיק ללא סוכר בטעם אבטיח 60 גרם,"פרפטי ואן מלה ג'\ידה,סאן",,מסטיק מנטוס בקבוק מע,גרמים,60.00,100 גרם,false,,9.90,0.1650,true,1,163364
80913467,false,מנטוס בקבוק מעוגל - מסטיק ללא סוכר בטעם מנטה,פרפטי ואן מלה הולנד,,מסטיק מנטוס מנטה מעו,גרמים,60.00,100 גרם,false,,9.90,0.1650,true,1,163365
80945468,false,סוכריות פיור וויט טעם מנטה מתוקה 60 ג' מנטוס,"פרפטי ואן מלה ג'ידה,סאן",,מסטיק מנטוס בקבוק מע,גרמים,60.00,100 גרם,false,,9.90,0.1650,true,1,183809
80979128,false,מנטוס מסטיק בקבוק מעוגל בטעם דובדבן,פרפטי ואן מלה הולנד,,מסטיק מנטוס בקבוק מע,גרמים,60.00,100 גרם,false,,9.90,0.1650,true,1,183810
80986348,false,סוכריות פיור וויט טעם מנטה 60 ג' מנטוס,"פרפטי ואן מלה ג'ידה,סאן",,מסטיק מנטוס בקבוק מע,גרמים,60.00,100 גרם,false,,9.90,0.1650,true,1,183811
87108019,false,סוכריות מנטוס מנטה37.5גר,פרפטי ואן מלה,,סוכריות בגליל בטעם מ,גרמים,37.50,100 גרם,false,,3.50,0.0933,true,1,163369
87108538,false,סוכריות בטעם תות מנטוס 37.5 גרם,הדקלאים אגודת שיתופי,,סוכריות בגליל בטעם ת,גרמים,37.00,100 גרם,false,,3.50,0.0946,true,1,163370
87311396,false,מנטוס ריינבאוו סוכריות לעיסה בטעמי פירות,פרפטי ואן מלה ברדה,,סוכריות מנטוס ריינבו,גרמים,37.50,100 גרם,false,,3.50,0.0933,true,1,163372
88888000,true,Temp SuperDept,,,Temp SuperDept,,0.00,,false,,0.00,0.0000,true,1,170382
88888001,true,אוכל,,,אוכל,,0.00,,false,,0.00,0.0000,true,1,170383
88888002,true,שתיה,,,שתיה,,0.00,,false,,0.00,0.0000,true,1,170384
88888003,true,אימפולס,,,אימפולס,,0.00,,false,,0.00,0.0000,true,1,189959
88888004,true,תוספות לקפה,,,תוספות לקפה,,0.00,,false,,0.00,0.0000,true,1,170385
88888005,true,חומרי גלם,,,חומרי גלם,,0.00,,false,,0.00,0.0000,true,1,170386
88888006,true,פירות וירקות,,,פירות וירקות,,0.00,,false,,0.00,0.0000,true,1,189960
88888008,true,ללא מעמ,,,ללא מעמ,,0.00,,false,,0.00,0.0000,true,1,170387
88888009,true,ניר פוד,,,ניר פוד,,0.00,,false,,0.00,0.0000,true,1,189961
88888010,true,אלכוהול,,,אלכוהול,,0.00,,false,,0.00,0.0000,true,1,189962
88888014,true,נון פוד,,,נון פוד,,0.00,,false,,0.00,0.0000,true,1,189963
88888016,true,תפעול,,,תפעול,,0.00,,false,,0.00,0.0000,true,1,189964
88888018,true,שוויצריה הקטנה,,,שוויצריה הקטנה,,0.00,,false,,0.00,0.0000,true,1,170388
88888100,true,"מפעל-ללא מע""מ",,,"מפעל-ללא מע""מ",,0.00,,false,,0.00,0.0000,true,1,170389
88888102,true,גלידות ושלגונים,,,גלידות ושלגונים,,0.00,,false,,0.00,0.0000,true,1,170390
88888119,true,מאפים,,,מאפים,,0.00,,false,,0.00,0.0000,true,1,189965
88888124,true,משקאות לא אלכוהוליים,,,משקאות לא אלכוהוליים,,0.00,,false,,0.00,0.0000,true,1,189966
88888144,true,קינוחים,,,קינוחים,,0.00,,false,,0.00,0.0000,true,1,189967
88888156,true,פירות וירקות לסחיטה,,,פירות וירקות לסחיטה,,0.00,,false,,0.00,0.0000,true,1,170391
88888158,true,מוצרי מכולת,,,מוצרי מכולת,,0.00,,false,,0.00,0.0000,true,1,170392
88888159,true,משקאות,,,משקאות,,0.00,,false,,0.00,0.0000,true,1,170393
88888160,true,מצוננים,,,מצוננים,,0.00,,false,,0.00,0.0000,true,1,170394
88888161,true,קפואים,,,קפואים,,0.00,,false,,0.00,0.0000,true,1,170395
88888162,true,ירקות ופירות טריים,,,ירקות ופירות טריים,,0.00,,false,,0.00,0.0000,true,1,170396
88888165,true,י שירות/ עזר לסניפים,,,י שירות/ עזר לסניפים,,0.00,,false,,0.00,0.0000,true,1,170397
88888166,true,ארוחות מבושלות,,,ארוחות מבושלות,,0.00,,false,,0.00,0.0000,true,1,170398
88888167,true,אריזות לזכיינים,,,אריזות לזכיינים,,0.00,,false,,0.00,0.0000,true,1,189968
88888168,true,זיכויים,,,זיכויים,,0.00,,false,,0.00,0.0000,true,1,170399
88888169,true,אבזרי עזר וייצור,,,אבזרי עזר וייצור,,0.00,,false,,0.00,0.0000,true,1,170400
88888170,true,מזון טרי,,,מזון טרי,,0.00,,false,,0.00,0.0000,true,1,170401
88888171,true,משקאות קרון,,,משקאות קרון,,0.00,,false,,0.00,0.0000,true,1,170402
88888172,true,ירקות ופירות מעמ,,,ירקות ופירות מעמ,,0.00,,false,,0.00,0.0000,true,1,170403
88888173,true,ל-חומרי גלם ואביזרים,,,ל-חומרי גלם ואביזרים,,0.00,,false,,0.00,0.0000,true,1,170404
88888174,true,מפעל-תוצרת גמורה,,,מפעל-תוצרת גמורה,,0.00,,false,,0.00,0.0000,true,1,170405
88888175,true,סיגריות,,,סיגריות,,0.00,,false,,0.00,0.0000,true,1,170406
88888176,true,מאפה טרי פרדס,,,מאפה טרי,,0.00,,false,,0.00,0.0000,true,1,170407
88888177,true,קצבייה פרדס,,,קצבייה,,0.00,,false,,0.00,0.0000,true,1,170408
88888178,true,ואביזרים (ללא מלאי),,,ואביזרים (ללא מלאי),,0.00,,false,,0.00,0.0000,true,1,170409
88888179,true,פירות יבשים ללא מעמ,,,פירות יבשים ללא מעמ,,0.00,,false,,0.00,0.0000,true,1,170410
88888999,true,,,,,,0.00,,false,,0.00,0.0000,true,1,170411
90087547,false,מיץ עגבניות 1 ליטר ראוך קרטונית,Rauch fruchtsafte gm,,מיץ עגבניות ראוצ' 1,מיליליטרים,1000.00,"100 מ""ל",false,,11.90,0.0119,true,1,170978
90087974,false,חומץ טבעי מתפוחים 750 מל,ראוך פרוכטסאפה,,חומץ טבעי מתפוחים רא,מיליליטרים,750.00,"100 מ""ל",false,,12.90,0.0172,true,1,170981
90087998,false,"מיץ לימון טבעי 250 מ""ל",Rauch fruchtsafte gm,,מיץ לימון תומר 250 מ,מיליליטרים,250.00,"100 מ""ל",false,,4.90,0.0196,true,1,170982
90162602,false,רד בול משקה אנרגיה פקדון 30 אג,רד בול ג'י.אם.בי. אץ,,משקה אנרגיה רד בול 2,מיליליטרים,250.00,"100 מ""ל",false,,6.90,0.0276,true,1,160313
90162800,false,רד בול משקה אנרגיה ללא סוכר פקדון 30 אג,רד בול ג'י.אם.בי. אץ,,משקה אנרגיה רד בול ל,מיליליטרים,250.00,"100 מ""ל",false,,6.90,0.0276,true,1,160314
4023288518,false,אוכמניות יחידה,,,אוכמניות יחידה,גרמים,125.00,100 גרם,false,,19.90,0.1592,true,1,188381
9800800056,false,חטיף שוקולד עם מקלות לחם אנד גו,פררו - אלבה,,נוטלה טו גו 52 גרם,גרמים,52.00,100 גרם,false,,5.00,0.0962,true,1,165904
11182700916,false,קינג קול שעועית לבנה צפונית 439 גרם,הנובר פודס,,שעועית לבנה קינג קול,גרמים,439.00,100 גרם,false,,9.90,0.0226,true,1,183589
16000185517,false,דגני בוקר פייבר וואן עתירי סובין FIBRE1,בטר אנד דיפרנט,,פייבר וואן 555 גרם,גרמים,555.00,100 גרם,false,,28.90,0.0521,true,1,184701
16000548404,false,חטיפי גרנולה קראנצ'י עם שיבולת שועל ודבש נייצ'ר ואלי 5*42 גרם,ג'נרל מילס סאן אדריאן,,חטיפי גרנולה שיבולת,גרמים,210.00,100 גרם,false,,19.90,0.0948,true,1,163376
16000548503,false,חטיפי גרנולה קראנצ'י עם מייפל וסוכר חום נייצ'ר ואלי 5*42 גרם,ג'נרל מילס סאן אדריאן,,חטיפי גרנולה מייפל ו,גרמים,210.00,100 גרם,false,,19.90,0.0948,true,1,163378
16000548602,false,חטיפי גרנולה קראנצ'י קינמון נייצ'ר ואלי 5*24 גרם,ג'נרל מילס סאן אדריאן,,חטיפי גרנולה קינמון,גרמים,120.00,100 גרם,false,,19.90,0.1658,true,1,163380
25675120006,false,חמצוצים 4 צבעים טעמים טבעי 100 גרם,פאסין ב.ו,,מקלות חמצוצים 100 גר,גרמים,100.00,100 גרם,false,,8.90,0.0890,true,1,187587
25675120020,false,סאוור סטיקס Sour Sticks בטעם אוכמניות,פשקס קנדי,,מקלות חמצוצים 100 גר,גרמים,100.00,100 גרם,false,,8.90,0.0890,true,1,187588
25675120044,false,מקלות חמצוצים תפוח עץ פשקז 100 גרם,פשקז Paskesz,,מקלות חמצוצים 100 גר,גרמים,100.00,100 גרם,false,,8.90,0.0890,true,1,187590
25675120068,false,מקלות חמצוצים בטעם קולה פשקז 100 גרם,פשקז Paskesz,,מקלות חמצוצים` 100 ג,גרמים,100.00,100 גרם,false,,8.90,0.0890,true,1,187591
25675301153,false,סאוור סטיקס Sour Sticks בטעם אוכמניות,פשקז Paskesz,,סוכריות חמצוצים בטעם,גרמים,50.00,100 גרם,false,,4.90,0.0980,true,1,160808
31200001597,false,חמוציות אושן ספריי קליית גת בשקית 170 גרם,ליימן מותגים,,חמוציות אושן ספריי 1,גרמים,170.00,100 גרם,false,,10.90,0.0641,true,1,163382
33383220291,false,אוכמניות טריות יחידה,S.A NICEBLUE,,אוכמניות יחידה,גרמים,125.00,100 גרם,false,,19.90,0.1592,true,1,184124
34000470563,false,ריסז מיניס באריזה משפחתית 215 גרם,ליימן מותגים,,ריסז מיניס פאוצ' 215,גרמים,215.00,100 גרם,false,,18.90,0.0879,true,1,184522
34000996643,false,הרשי דרופס באריזה משפחתית 215 גרם,ליימן מותגים,,הרשי דרופס פאוצ' 215,גרמים,215.00,100 גרם,false,,18.90,0.0879,true,1,184523
37600207188,false,חמאת בוטנים קלאסי סקיפי 462 גרם,חברת המזון אלגוד,,חמאת בוטנים קלאסית ס,גרמים,462.00,100 גרם,false,,18.90,0.0409,true,1,160315
37600207256,false,חמאת בוטנים סקיפי עם שברי בוטנים 462 גרם,חברת המזון אלגוד,,חמאת בוטנים סקיפי עם,גרמים,462.00,100 גרם,false,,18.90,0.0409,true,1,160316
38000138638,false,חטיף צ'יפס פרינגלס פיצה 158 גרם,פרינגלס מנופקצ'ורינג קונ,,פרינגלס בטעם פיצה 15,גרמים,158.00,100 גרם,false,,8.90,0.0563,true,1,160319
38000138720,false,חטיף צ'יפס פרינגלס ראנץ 158 גרם,פרינגלס מנופקצ'ורינג קונ,,פרינגלס ראנץ 158 גרם,גרמים,158.00,100 גרם,false,,8.90,0.0563,true,1,160320
38000183928,false,פרינגלס דבש וחרדל 158 גרם,פרינגלס מניופקצ'ורינ,,פרינגלס חרדל ודבש 15,גרמים,158.00,100 גרם,false,,8.90,0.0563,true,1,180274
38000197840,false,פרינגלס גלי בטעם חריף מתוק 137 ג',פרינגלס מנופקצ'ורינג,,פרינגלס wavy ברביקיו,גרמים,137.00,100 גרם,false,,8.90,0.0650,true,1,184250
38000232152,false,פרינגלס חטיפי תפוח אדמה בטעם ברביקיו 158 גרם,פרינגלס מנופקצ'ורינג קומ,,פרינגלס ברביקיו 158,גרמים,149.00,100 גרם,false,,8.90,0.0597,true,1,160324
38000232169,false,פרינגלס מידי אורגינל 67 גרם.,פרינגלס מנופקצ'ורינג קונ,,פרינגלס אורגינל 67 ג,גרמים,67.00,100 גרם,false,,5.90,0.0881,true,1,160325
38000232176,false,פרינגלס ביג שמנת בצל 158 גרם,פרינגלס מנופקצ'ורינג קונ,,פרינגלס שמנת בצל 161,גרמים,158.00,100 גרם,false,,8.90,0.0563,true,1,160326
38000232183,false,פרינגלס ביג אורגינל 149 גרם,פרינגלס מנופקצ'ורינג קונ,,פרינגלס אורגינל 149,גרמים,149.00,100 גרם,false,,8.90,0.0597,true,1,160327
38000845253,false,חטיף צ'יפס פרינגלס מידי שמנת בצל 71 גרם,פרינגלס מנופקצ'ורינג קונ,,פרינגלס שמנת בצל 71,גרמים,71.00,100 גרם,false,,5.90,0.0831,true,1,160329
38527591053,false,קואקר דגנים מרובעים שיבולת שועל וקינמון,קוואקר אוטס קומפני,,קוואקר ריבועים קנמון,גרמים,411.00,100 גרם,false,,19.90,0.0484,true,1,158655
40000512943,false,סוכריות אם אנד אמס M&M שוקולד חלב,M&M אם אנד אם,,סוכריות שוקולד במילו,גרמים,303.00,100 גרם,false,,21.90,0.0723,true,1,184586
40000513568,false,סוכריות אם אנד אמס M&M שוקולד חלב,M&M אם אנד אם,,סוכריות שוקולד אם אנ,גרמים,156.00,100 גרם,false,,11.90,0.0763,true,1,169772
40000514480,false,M&M אריזה קטנה's שוקולד אריזה קטנה 48 גרם,M&M אם אנד אם,,סוכריות שוקולד צבעונ,גרמים,48.00,100 גרם,false,,4.90,0.1021,true,1,169774
40000514510,false,M&M אריזה קטנה's בוטנים אריזה קטנה 49 גרם,M&M אם אנד אם,,סוכריות שוקולד במילו,גרמים,49.00,100 גרם,false,,4.90,0.1000,true,1,169775
40232885518,false,אוכמניות יחידה,אראל תוצרת חקלאית בע,,אוכמניות יחידה,גרמים,125.00,100 גרם,false,,19.90,0.1592,true,1,188154
41390001079,false,"רוטב סויה מופחת נתרן קיקומן 444 מ""ל",קיקומן פודז אינק,,רוטב סויה דל נתרן קי,מיליליטרים,444.00,"100 מ""ל",false,,20.90,0.0471,true,1,160331
46214382259,false,עוגיות בראוניס שוקולד 225 ג',בנקטבקריי מרבה בי.וי,,עוגיות בראוניס מרבה,גרמים,200.00,100 גרם,false,,8.90,0.0445,true,1,174832
46214731552,false,עוגיות שוקולד צ'יפס 37% גודיס 225 גרם,קריניציה ויטמינה אס,,עוגיות שוקולד צ'יפס,גרמים,225.00,100 גרם,false,,8.90,0.0396,true,1,164943
50000237951,false,פריסקיז פארטי מיקס מיקס גריל קראנץ10*60גרם,נסטלה פורינה פטקר ארצות,,פריסקיז פארטי מיקס מ,גרמים,60.00,100 גרם,false,,13.90,0.2317,true,1,186902
50000429646,false,פריסקיז פנסי פיסט לח דג אוקיאנוס 85 גרם,נסטלה פורינה USA ג',,פנסי פיסט פטה דג אוק,גרמים,85.00,100 גרם,false,,5.90,0.0694,true,1,159164
55369902342,false,אפלסנקס צנצנת רסק תפוחי עץ ממותק בסגנון ביתי 680 גרם עברית,לייהי אורצ'רדס,,רסק תפוחי עץ אפלסנקס,גרמים,700.00,100 גרם,false,,15.90,0.0227,true,1,183600
55369902564,false,אפלסנקס רביעיות רסק תפוחי עץ ללא תוספת סוכר עברית,ליייהי אורצ'רדס,,רסק תפוחים ללא סוכר,גרמים,452.00,100 גרם,false,,15.90,0.0352,true,1,183618
64144090051,false,"ספריי שמן PAM קנולה אורגינל 148 מ""ל",קונאגרה פודס,,פאם קנולה 148 מ'ל,גרמים,170.00,100 גרם,false,,17.90,0.1053,true,1,163387
70177077563,false,תה ארל גריי 25 שקיות טוינינגס 50 גר,אר. טווינינגס אנד קומפני,,תה ארל גריי 25 יח' 5,גרמים,50.00,100 גרם,false,,17.90,0.3580,true,1,184296
70177077693,false,תה אנגליש ברקפסט 25 שקיות טוינינגס 50 גר,אר. טווינינגס אנד קומפני,,תה אינגליש ברקפסט 25,גרמים,50.00,100 גרם,false,,17.90,0.3580,true,1,184297
70177086664,false,תה ירוק טהור 25 שק TWININGS,אר. טווינינגס אנד קומפני,,תה ירוק פיור 25 יח',גרמים,40.00,100 גרם,false,,19.90,0.4975,true,1,184298
70177273330,false,חליטת ורבנה 37.5 גרם טווינינג,טווינינג,,חליטת ורבנה 25 יח' 3,גרמים,37.50,100 גרם,false,,16.90,0.4507,true,1,184305
70221011116,false,טובלרון - שוקולד חלב 100 גרם,טובלרון Toblerone,,טובלרון 100 גרם,גרמים,100.00,100 גרם,false,,11.90,0.1190,true,1,185369
72600062306,false,חטיף הר פודס בטעם גבינה 198 גרם,הר פודס,,הרס חטיף בוטנים עם ג,גרמים,198.00,100 גרם,false,,23.90,0.1207,true,1,178431
72600062313,false,הר חטיף גבינה בפאלו גבינה כחולה 198 גרם,הר פודס,,הרס חטיף בוטנים עם ג,גרמים,198.00,100 גרם,false,,23.90,0.1207,true,1,178432
72901180753,false,קופסת אחסון 0.65 ליט,,,קופסת אחסון 0.65 ליט,Unknown,6.00,יחידה,false,,11.90,1.9833,true,1,188222
76840002542,false,"גלידת בן & ג'ריס פיינט נטפליקס וצ'ילד 500מ""ל",מוצרי איכות אמריקאיים בע,,גלידת חמאת בוטנים עם,מיליליטרים,500.00,"100 מ""ל",false,,21.90,0.0438,true,1,167591
76840100156,false,"בן אנד גריס גלידת צרי גרסיה 500 מ""ל",מוצרי איכות אמריקאיים בע,,גלידה צ'רי גרסיה בן&,100 0,500.00,100 0,false,,21.90,0.0438,true,1,167594
76840100583,false,גלידה וניל +בצק עוגיות ושוקולד צי'פס 473ג,מוצרי איכות אמריקאיים בע,,גלידת וניל עם בצק עו,מיליליטרים,473.00,"100 מ""ל",false,,21.90,0.0463,true,1,167595
76840400218,false,"גלידה בן&ג'ריס תות שדה ועוגת גבינה 500מ""ל",מוצרי איכות אמריקאיים בע,,גלידה בטעם עוגת גבינ,מיליליטרים,473.00,"100 מ""ל",false,,21.90,0.0463,true,1,167601
77245110610,false,סוכריות מאסט ללא סוכר בטעם מנטה 80 ג'עלית,MIESZKO S.A - MS. JO,,"סוכריות לל""ס מאסט מנ",גרמים,80.00,100 גרם,false,,7.90,0.0988,true,1,166978
77975094631,false,סניידרס סנדוויץ' בייגלה במילוי קרם בטעם צ'דר 226 גרם,ליימן מותגים,,סניידרס סנדביץ קרם צ,גרמים,266.00,100 גרם,false,,16.90,0.0635,true,1,163393
77975094761,false,סניידרס חטיפים על בסיס קמח חיטה בטעם גבינת צ'דר,סניידרס אוף האנובר,,סניידרס בטעם צ'דר 34,גרמים,340.00,100 גרם,false,,16.90,0.0497,true,1,181459
77975094778,false,סניידרס שברי בייגל בטעם דבש וחרדל 340 גר,סניידרס אוף האנובר,,סניידרס דבש וחרדל 34,גרמים,340.00,100 גרם,false,,14.90,0.0438,true,1,182089
77975095133,false,שברי בייגלה בטעם פיקנטי 318 ג' סניידרס,סניידרס Snyder's,,סניידרס- שברי בייגלה,גרמים,319.00,100 גרם,false,,16.90,0.0530,true,1,188416
78652693062,false,סט 3 קופסאות ריבועיות עם מכסה אדום,,,סט 3 קופסאות ריבועיו,Unknown,1.00,יחידה,false,,9.90,9.9000,true,1,187793
80432402931,false,"וויסקי סקוטי, שיבאס ריגאל 12 שנה, 700 מ''ל",מזקקת האחים שיבאס,,וויסקי שיבאס רגאל 12,מיליליטרים,700.00,"100 מ""ל",false,,135.00,0.1929,true,1,162061
80518532743,false,חבילת בלונים (50 יח') פסטל בסטרים,NORTHERN,,שקית 50 בלונים צבעי,Unknown,50.00,יחידה,false,,11.90,0.2380,true,1,165297
195480030088,false,שוקולד צמקאו מריר אופנהיימר לאפייה ובישול 300ג',אופנהיימר,,צימקאו מריר אופנהיימ,גרמים,300.00,100 גרם,false,,9.90,0.0330,true,1,182333
290011276645,false,כוסברה מהדרין עלי בש,,,כוסברה מהדרין עלי בש,Unknown,1.00,יחידה,false,,5.90,5.9000,true,1,169429
305210256712,false,וזלין לשפתיים אורגינל 0.25 אונקיה,"יוניליוור ג'ונסבורו,",,וזלין מיני לשפתיים א,גרמים,7.00,100 גרם,false,,13.90,1.9857,true,1,161250
608614310456,false,אוכמניות ארוז 125 גר,S.A SOL DEL BERRIES,,אוכמניות יחידה,גרמים,125.00,100 גרם,false,,19.90,0.1592,true,1,183628
608614310463,false,אוכמניות טריות,אראל תוצרת חקלאית בע,,אוכמניות יחידה,גרמים,125.00,100 גרם,false,,19.90,0.1592,true,1,188414
608614331475,false,כרובית ארוזה ביכורי,חקלאי,,כרובית,יח',1.00,יח',false,,9.90,9.9000,true,1,158897
613008753320,false,"אריזונה ג'ינסנג ודבש בקבוק 450 מ""ל.",אריזונה Arizona,,אריזונה ג'ינסנג ודבש,מיליליטרים,450.00,"100 מ""ל",false,,8.20,0.0182,true,1,162063
613008753351,false,"בקבוק אריזונה רימונים 450 מ""ל",לני אנד לארי,,אריזונה רימונים בקבו,מיליליטרים,450.00,"100 מ""ל",false,,8.20,0.0182,true,1,162064
628154383659,false,דגני בוקר פרוטי פבלס פוסט 311 גרם,פוסט ארצות הברית,,פרוטי פבלס פוסט 340,גרמים,311.00,100 גרם,false,,21.90,0.0704,true,1,186224
651080647519,false,קיסמים עם חוט דנטלי פלאקרס מנטה 35 יחידות,"פלקרס רנור ארה""ב",,פלאקרס חוט דנטלי ירו,Unknown,1.00,יחידה,false,,11.00,11.0000,true,1,161881
693493151405,false,קפה טורקי רביעייה 400 ג רמי לוי,,,קפה טורקי 4*100 גרם,גרמים,400.00,100 גרם,false,,17.90,0.0447,true,1,183900
693493158657,false,תפוח אדמה גורמה דוד,חקלאי,,תפוח אדמה גורמה דוד,קילוגרמים,1.00,"ק""ג",true,,6.90,6.9000,true,1,188245
728229123811,false,טרה חטיף על בסיס ירקות שורש בתיבול ים תיכוני 110 גרם,הונדורס צ'יפס יצור א,,טרה ירקות ים תיכוני,גרמים,110.00,100 גרם,false,,14.90,0.1355,true,1,172420
728229124764,false,טרה חטיף על בסיס בטטה עם מלח ים 110 גרם,היין פיוצ'ור נטורל פ,,טרה ציפס בטטה מלח ים,גרמים,110.00,100 גרם,false,,14.90,0.1355,true,1,185132
728229124795,false,"חטיף טרה בטטה כשל""פ 110 גר",היין סלסטייאל גרופ,,חטיף בטטה טרה צ'יפס,גרמים,110.00,100 גרם,false,,14.90,0.1355,true,1,171323
728229130154,false,טרה חטיף על בסיס בטטה וסלק בטעם טבעי 110 גרם,הונדורס צ'יפס יצור א,,טרה בטטה וסלק 110 גר,גרמים,110.00,100 גרם,false,,14.90,0.1355,true,1,161884
729010702878,true,מפיות רמי לוי 200 יח,,,מפיות רמי לוי 200 יח,,0.00,,false,,4.90,0.0000,true,1,181251
768404001640,false,"גלידה בן&ג'ריס קפה משפחתית 500מ""ל",מוצרי איכות אמריקאיים בע,,"בן אנד ג""ריז קפה",100 0,500.00,100 0,false,,21.90,0.0438,true,1,167608
839762002386,false,משקה איילנד גויאבה 3,"פאראגאלה,דה אג'יפשן",,"איילנד גויאבה 350 מ""",מיליליטרים,350.00,"100 מ""ל",false,,6.50,0.0186,true,1,162073
841058005209,false,אדג' ג'ל כתום לעור רגיש+ 20%תוספת,אנרג'ייזר,,ג'ל גילוח כתום לעור,גרמים,200.00,100 גרם,false,,15.90,0.0795,true,1,161885
856591000109,false,עבאדי עוגיות מזרחיות פריך במיוחד 400 גרם,מאפיית יוסף ושמחה עבאדי,,עוגיות מזרחיות פריך,גרמים,400.00,100 גרם,false,,19.90,0.0497,true,1,158981
856591000512,false,עוגיות מזרחיות מקלונים עם שומשום עבאדי 400 גרם,מאפיית יוסף ושמחה עבאדי,,עוגיות מזרחיות מקלות,גרמים,400.00,100 גרם,false,,19.90,0.0497,true,1,170744
856591000949,false,"מאפה חיטה מלוח ""קטנטנים"" עבאדי 350 גרם",עבאדי,,מאפה חיטה מלוח 350 ג,גרמים,350.00,100 גרם,false,,19.90,0.0569,true,1,183317
884912102102,false,דגני בוקר פוסט סלקט אוכמניות 382 גר,הנסיך- מפעל לייצור ט,,דגני בוקר סלקטס עם א,גרמים,382.00,100 גרם,false,,24.90,0.0652,true,1,164837
884912117625,false,דגני שלווה מצופים בדבש Golden Crisp,הנסיך- מפעל לייצור ט,,דגני בוקר גולדן קריס,גרמים,418.00,100 גרם,false,,21.50,0.0514,true,1,164838
884912126115,false,גרייט גריינס דגני בוקר עם פירות יבשים פוסט 453 גרם,הנסיך- מפעל לייצור ט,,דגני גרייט גריינס דט,גרמים,453.00,100 גרם,false,,24.90,0.0550,true,1,164839
884912359155,false,דגני בוקר האני באנצ'ס האני רוסטד פוסט 340 גרם,פוסט ארצות הברית,,האני באנצסרוסטד פוסט,גרמים,340.00,100 גרם,false,,22.90,0.0674,true,1,186225
884912365200,false,דגני בוקר אוראו 311 גרם מתכון חדש,פוסט ארצות הברית,,דגני בוקר אוראו פוסט,גרמים,311.00,100 גרם,false,,22.90,0.0736,true,1,188301
884912377142,false,דגני בוקר האני באנצ'ס וניל פוסט 340 גרם,פוסט ארצות הברית,,האני באנצס וניל פוסט,גרמים,340.00,100 גרם,false,,22.90,0.0674,true,1,186230
3010470158221,false,פריסקיז פ.עוף וירקות400ג,ניו פטפוד איטליה,,פריסקיז פטה עוף וירק,גרמים,400.00,100 גרם,false,,9.90,0.0248,true,1,159168
3046920028004,false,לינדט שוקולד אקסלנס מריר 70% 100 גר,לינדט ושפרונגלי קילשברג,,שוקולד לינדט אקסלנס,גרמים,100.00,100 גרם,false,,14.90,0.1490,true,1,173263
3059943016569,false,"מבשם אוויר אירוויק ספריי פרסיה ויסמין 240 מ""ל",איירוויק Air Wick,,מבשם אויר איירוויק ס,מיליליטרים,240.00,"100 מ""ל",false,,9.90,0.0413,true,1,182140
3073781162790,false,גבינה מותכת בייבי בל 120 גרם,מחלבות בל,,בייבי בל אדם 120 גר',גרמים,120.00,100 גרם,false,,19.90,0.1658,true,1,186582
3161911229199,false,חמאה צרפתית רכה למריחה אל & ויר 250 גרם,אלל אה וויר,,חמאה רכה אלוויר 250,גרמים,250.00,100 גרם,false,,21.90,0.0876,true,1,171659
3161911366429,false,חמאה צרפתית מלוחה רכה למריחה אלוויר 250 גר',אלוויר,,חמאה רכה מלוחה אלווי,גרמים,250.00,100 גרם,false,,21.90,0.0876,true,1,171660
3179732348913,false,פרייה מים מינרליים טבעיים מבעבעים 1 ליטר פלסטיק,נסטלה ווטרס ספלאי,,פרייה מים מינרליים,מיליליטרים,6000.00,"100 מ""ל",false,,9.90,0.0017,true,1,188114
3228022910023,false,חמאת צרפתית פרזידנט 200 גרם,סוסייטה בארייר דה אי,,חמאה צרפתית פריזידאן,גרמים,200.00,100 גרם,false,,15.90,0.0795,true,1,171661
3254550033279,false,גבינת קממבר 250 גרם סנט מר,איסיני סנט מור,,גבינת קממבר איזיני ס,גרמים,250.00,100 גרם,false,,27.90,0.1116,true,1,160944
3387390320244,false,פיטנס דגני בוקר מחיטה מלאה עם פירות נסטלה 375 גרם,נסטלה צרפת איטנקורט,,דגני פיטנס פירות נסט,גרמים,375.00,100 גרם,false,,19.90,0.0531,true,1,159169
3387390525960,false,קראנץ' דגני בוקר עם שוקולד חלב נסטלה 500 גרם,הנסיך- מפעל לייצור ט,,דגני בוקר פריכים עם,גרמים,500.00,100 גרם,false,,22.90,0.0458,true,1,159170
3387390730852,false,פיטנס דגנים מחיטה מלאה ואורז נסטלה 375 גרם,נסטלה צרפת איטנקורט,,דגני בוקר פיטנס נסטל,גרמים,375.00,100 גרם,false,,19.90,0.0531,true,1,159171
3574660389128,false,ליסטרין שטיפת פה קול מינט טעם מעודן 500,General,,"ליסטרין 500 מ""ל COOL",מיליליטרים,500.00,"100 מ""ל",false,,19.90,0.0398,true,1,165614
3574661491721,false,"ליסטרין - מי פה הלבנה 500 מ""ל",,,"ליסטרין לבן 500 מ""ל",מיליליטרים,500.00,"100 מ""ל",false,,19.90,0.0398,true,1,188095
3574669909204,false,גונסונס בייבי שמן לתינוק 300 מל,ג'ונסונס Johnson's,,גונסון בייבי שמן 300,מיליליטרים,300.00,"100 מ""ל",false,,21.90,0.0730,true,1,164955
3607343817547,false,"אדידס - דאודורנט ספריי לגבר קליימקול 150 מ""ל",קולפ,,דאודורנט ספריי לגבר,מיליליטרים,150.00,"100 מ""ל",false,,13.90,0.0927,true,1,161887
3614224050986,false,"אדידס - דאודורנט ספריי לגבר אדיפאוור 72 שעות 150 מ""ל","ב.א מזון בע""מ",,דאודורנט ספריי לגבר,מיליליטרים,150.00,"100 מ""ל",false,,13.90,0.0927,true,1,161888
3800020403631,false,קיט קט וופל פריך עם קרם בוטנים (19%) בציפוי שוקולד חלב (61.8%),נסטלה בולגריה A.D.,,קיט קט צ'אנקי חמאת ב,גרמים,42.00,100 גרם,false,,4.50,0.1071,true,1,159172
3800020423578,false,קיט קט שוקולד אצבעות צ'אנקי אדום 40ג',נסטלה בולגריה A.D,,קיט קט צ'אנקי חלב 40,גרמים,40.00,100 גרם,false,,4.50,0.1125,true,1,159174
3800163830011,false,זיתים שחורים שלמים בשמן 600 ג' נטו,,,זיתים שחורים שלמים ב,גרמים,600.00,100 גרם,false,,24.90,0.0415,true,1,188128
4000417022004,false,ריטר ספורט שוקולד חלב מעולה עם צימוקים ואגוזי לוז 100 גרם,ריטר ספורט Ritter sport,,שוקולד חלב עם צימוקי,גרמים,100.00,100 גרם,false,,8.90,0.0890,true,1,163400
4000417025005,false,שוקולד מריר במילוי מרציפן ריטר ספורט 100 גרם,ריטר ספורט Ritter sport,,שוקולד מריר במילוי מ,גרמים,100.00,100 גרם,false,,8.90,0.0890,true,1,163401
4000417026002,false,שוקולד ריטר ספורט פרלין 100 גרם חלב נוכרי,ריטר ספורט Ritter sport,,שוקולד פרלין ריטר ספ,גרמים,100.00,100 גרם,false,,8.90,0.0890,true,1,163402
4000417101211,false,גלילי וופל עם קרם אגוזי לוז בציפוי שוקולד חלב,אמיצ'לי Amicelli,,וופל אמיצ'לי 150 גרם,גרמים,150.00,100 גרם,false,,18.90,0.1260,true,1,184056
4000417211002,false,שוקולד חלב מעולה ממולא קרם קרמל מוקצף ושברי שקדים מומלחים,ריטר ספורט Ritter sport,,שוקולד ריטר מוס קרמל,גרמים,100.00,100 גרם,false,,10.90,0.1090,true,1,163403
4000417222008,false,שוקולד ריטר ספורט חלב+שברי אגוזים 100 גרם חלב נוכרי,ריטר ספורט Ritter sport,,שוקולד ריטר חלב שברי,גרמים,100.00,100 גרם,false,,8.90,0.0890,true,1,163406
4000417298003,false,שוקולד ריטר ספורט קוקוס 100 גרם חלב נוכרי,ריטר ספורט Ritter sport,,שוקולד קוקוס ריטר ספ,גרמים,100.00,100 גרם,false,,8.90,0.0890,true,1,163409
4000522009747,false,"מקלות בייגלה תפו""א צ'יו 80 גרם",טרופיקל דגיל תעשיות,,בייגלה צ'יו מקלות תפ,גרמים,80.00,100 גרם,false,,3.90,0.0487,true,1,164846
4000522061752,false,בייגלה צ'יו מקלות מלוחים 100 גרם,צ'יו Chio,,בייגלה צ'יו מקלות 10,גרמים,100.00,100 גרם,false,,3.90,0.0390,true,1,164847
4002448017684,false,"סיליט באנג ספריי ניקוי כללי מסיר אבנית 750 מ""ל",הדקלאים אגודת שיתופי,,ספריי לניקוי כללי סי,מיליליטרים,750.00,"100 מ""ל",false,,14.90,0.0199,true,1,172465
4002590000022,false,סוכריות קלפני פירות יער אוכמניות 150 ג',ליימן מותגים,,סוכריות קלפני פירות,גרמים,150.00,100 גרם,false,,9.90,0.0660,true,1,184524
4002590000039,false,סוכריות בטעם פירות הדר קלפני 150 גרם,ליימן מותגים,,סוכריות קלפני הדרים,גרמים,150.00,100 גרם,false,,9.90,0.0660,true,1,184527
4005500534600,false,טבלת שוקולד קראנץ' ל,,,שוקולד קראנץ לבן 10,,1.00,יח,false,,11.90,11.9000,true,1,188196
4006387084578,false,קנקן בריטה Marella כחול + פילטר Maxtra,בריטה Brita,,קנקן בריטה Marella כ,Unknown,1.00,יחידה,false,,129.00,129.0000,true,1,170197
4006387085407,false,שלישיית פילטר מקסטרא סודהסטרים,סודה קלאב,,שלישיית פילטר MAXTRA,Unknown,3.00,יחידה,false,,129.00,43.0000,true,1,170198
4008287905786,false,בירה קרומבאכר חיטה 0.50 ליטר פחית,מנדלז סי.אר. פרודקשן,,בירה קרומבכר חיטה 50,מיליליטרים,500.00,"100 מ""ל",false,,10.90,0.0218,true,1,181380
4008429951916,false,אוכל לחתולים ויסקס ט,ויסקס Whiskas,,ויסקאס פחית טונה 400,גרמים,400.00,100 גרם,false,,10.90,0.0273,true,1,172180
4009300522966,false,תה ירוק עם נענע פומפדור 20 יחידות,"איטיליאן פוד, אס.פי.",,תה ירוק נענע פומפדור,גרמים,36.00,100 גרם,false,,16.90,0.4694,true,1,164957
4009300595106,false,חליטת צמחים קמומיל דבש פומפדור 45 ג',טיקנה,,חליטת צמחים קמומיל ד,גרמים,30.00,100 גרם,false,,15.90,0.5300,true,1,164960
4009900385824,false,מסטיק אורביט פפרמינט סטיקס משפחתי-חמישיות,ריגלי צרפת,,אורביט פפרמינט סטיקס,גרמים,65.00,100 גרם,false,,9.90,0.1523,true,1,169784
4009900402965,false,אורביט וויט בטעם פירות בקבוקון 46מלבניות,ריגלי פולין,,וייט פירות בקבוקון ד,גרמים,64.00,100 גרם,false,,9.90,0.1547,true,1,169785
4009900403023,false,אורביט וויט בטעם מנטה בקבוקון 46 מלבניות,"ב.א מזון בע""מ",,וויט קלאסי בקבקון דא,גרמים,64.00,100 גרם,false,,9.90,0.1547,true,1,169786
4009900420129,false,מסטיק אורביט פרופשנל פפרמינט בקבוקון 64 גר',מרס נדרלנד,,פרופשיונל בקבוקון פפ,גרמים,64.00,100 גרם,false,,9.90,0.1547,true,1,169789
4009900455299,false,"סוכרית ג'לי אדומה 174 גרם ""סקיטלס""",ריגלי ממתקים,,סקיטלס - פירות 174 ג,גרמים,174.00,100 גרם,false,,9.90,0.0569,true,1,169792
4009900479998,false,אורביט וויט אוכמניות בקבוקון 46 מלבניות,ריגלי פולין,,אוכמניות בקבוקון דאב,גרמים,64.00,100 גרם,false,,9.90,0.1547,true,1,169795
4009900482417,false,מסטיק אורביט פירות מנטה בקבוקון באבל מינט 45יח,ריגלי פולין,,בבלמינט בקבוקון דאבל,גרמים,64.00,100 גרם,false,,9.90,0.1547,true,1,169796
4009900531122,false,"מסטיק בטעם מנטה ספירמינט, 64 ג' פרופשיונל אורפיט",מרס נדרלנד,,פרופשיונל בקבוקון פפ,גרמים,64.00,100 גרם,false,,9.90,0.1547,true,1,169807
4009900534611,false,מסטיק איירוויבז בקבוקון בטעם מלון ומנטה,ריגלי,,איירוויבז בטעם מלון,גרמים,64.00,100 גרם,false,,9.90,0.1547,true,1,169811
4009900535519,false,מסטיק אורביט רפרשרס ספירמינט ללא סוכר 15.6גר',אורביט,,אורביט רפרשרס ספירמי,גרמים,15.60,100 גרם,false,,3.90,0.2500,true,1,169812
4009900535540,false,מסטיק אורביט רפרשרס פפרמינט ללא סוכר 15.6גר',אורביט,,אורביט רפרשרס פפרמינ,גרמים,15.60,100 גרם,false,,3.90,0.2500,true,1,169813
4009900535823,false,מסטיק אורביט רפרשרס באבלמינט ללא סוכר 15.6גר',אורביט,,אורביט רפרשרס באבלמי,גרמים,15.60,100 גרם,false,,3.90,0.2500,true,1,169815
4009900536257,false,מסטיק אורביט רפרשרס ספירמינט בקבוקון ללא סוכר 67 גר',מרס ריגלי קונפקשונרי,,אורביט רפרשרס ספירמי,גרמים,67.00,100 גרם,false,,11.90,0.1776,true,1,169816
4009900536288,false,מסטיק אורביט רפרשרס פפרמינט בקבוקון ללא סוכר 67 גר',מרס ריגלי קונפקשונרי,,אורביט רפרשרס פפרמינ,גרמים,67.00,100 גרם,false,,11.90,0.1776,true,1,169817
4009900536486,false,מסטיק אורביט רפרשרס באבלמינט בקבוקון ללא סוכר 67 גר',מרס ריגלי קונפקשונרי,,אורביט רפרשרס באבלמי,גרמים,67.00,100 גרם,false,,11.90,0.1776,true,1,169818
4009900539340,false,סוכריות סקיטלס ג'יינט סאוור 141 גרם,מרס ריגלי קונפקשונרי,,סקיטלס ג'יינט סאוור,גרמים,141.00,100 גרם,false,,9.90,0.0702,true,1,184260
4009900539401,false,מסטיק פייב באונס בטעם מנטה HP,Unknown,,מסטיק פייב מנטה 14.4,גרמים,14.40,100 גרם,false,,3.90,0.2708,true,1,185807
4009900539432,false,מסטיק פייב באונס בטעם אבטיח HP,Unknown,,פייב באונס אבטיח 14.,גרמים,14.40,100 גרם,false,,3.90,0.2708,true,1,185808
4009900539685,false,"מסטיק פייב באונס בטעם מנטה בקבוקון, 61.8 גרם",ריגלי בעמ רוסיה,,פייב מנטה בקבוקון 61,גרמים,61.80,100 גרם,false,,11.90,0.1926,true,1,185809
4009900539746,false,"מסטיק פייב באונס בטעם אבטיח בקבוקון, 61.8 גרם",ריגלי בעמ רוסיה,,פייב אבטיח בקבוקון 6,גרמים,61.80,100 גרם,false,,11.90,0.1926,true,1,185810
4009900540551,false,מסטיק אורביט רפרשרס טרופיקל בקבוקון ללא סוכר,מרס פולין,,גומי לעיסה פירות טרו,גרמים,67.00,100 גרם,false,,11.90,0.1776,true,1,184831
4011800290030,false,חטיף חלבון עם שוקולד חלב ללא תוספת סוכר,קורני,,קורני חלבון שוקו 50,גרמים,50.00,100 גרם,false,,8.90,0.1780,true,1,186744
4011800290054,false,חטיף חלבון עם קוקוס ושוקולד חלב ללא תוספת סוכר,קורני,,קורני חלבון קוקוס 50,גרמים,50.00,100 גרם,false,,8.90,0.1780,true,1,186745
4011800290078,false,חטיף חלבון עוגיות ללא תוספת סוכר,סידס,,קורני חלבון עוגיות 5,גרמים,50.00,100 גרם,false,,9.90,0.1980,true,1,188504
4011800290092,false,חטיף חלבון וניל ללא תוספת סוכר,סידס,,קורני חלבון וניל 50,גרמים,50.00,100 גרם,false,,9.90,0.1980,true,1,188505
4011800528416,false,קורני חטיף דגנים עם בוטנים מתוק-מלוח*6,שוורטאוור וורקה,,קורני בייס סויט&סול,גרמים,150.00,100 גרם,false,,10.90,0.0727,true,1,184307
4011800567613,false,מאגדת קורני מילק דרק & ואיט 120 גרם,מיוצר עי קונדיטוריית,,קורני מילק דרק&ואיט,גרמים,120.00,100 גרם,false,,10.90,0.0908,true,1,174847
4011800628512,false,חטיף קורני שוקולד חלב 6 יח 150 גר,מיוצר עי קונדיטוריית,,קורני בייס שוקו 150,גרמים,150.00,100 גרם,false,,10.90,0.0727,true,1,161889
4011800629519,false,"מארז חטיפי דגנים אגוזים ""קורני""",שוורטאוור וורקה,,קורני בייס נאטס 150,גרמים,150.00,100 גרם,false,,10.90,0.0727,true,1,174848
4011800630515,false,חטיף קורני שוקולד חלב ובננה 6 יח 150 גר,מיוצר עי קונדיטוריית,,קורני בייס שוק בננה,גרמים,150.00,100 גרם,false,,10.90,0.0727,true,1,161890
4011800632519,false,"מארז חטיפי שוקולד חלב וקוקוס ""קורני""",מיוצר עי קונדיטוריית,,קורני בייס קוקונט 15,גרמים,150.00,100 גרם,false,,10.90,0.0727,true,1,174849
4011800633516,false,קורני שוקולד מריר מעולה 58% קקאו 6*1,שוורטאוור וורקה,,קורני בייס דרק שוק 1,גרמים,138.00,100 גרם,false,,10.90,0.0790,true,1,161891
4011800636517,false,קורני פרי שוקולד חלב מעולה ללא סוכר 6*1,מיוצר עי קונדיטוריית,,קורני פרי שוק 120 גר,גרמים,120.00,100 גרם,false,,10.90,0.0908,true,1,184308
4014400901191,false,בונבונריית מרסי מבחר ממתקי שוקולד 250 גרם,אוגוסט שטורק,,בונבוניירת שוקולד חל,גרמים,250.00,100 גרם,false,,26.90,0.1076,true,1,163411
4014400910063,false,וורטרס אורגינל סוכריות חמאה בשקית,וורטר'ס אורגינל,,סוכריות חמאה וורטר ו,גרמים,135.00,100 גרם,false,,9.50,0.0704,true,1,163417
4014400913910,false,וורטרס אורגינל סוכריות חמאה ממולאות קרם קרמל בשקית,תות ממתקי איכות,,סוכריות חמאה במילוי,גרמים,125.00,100 גרם,false,,9.90,0.0792,true,1,163418
4014400914696,false,וורטרס אורגינל סוכריות ללא סוכר 80 גרם,ליימן מותגים,,סוכריות חמאה ללא סוכ,גרמים,80.00,100 גרם,false,,8.90,0.1113,true,1,163419
4014400914924,false,"סוכריות בטעם קפה וורטר אורגינל לל""ס 80 גרם",קריניציה ויטמינה אס,,סוכריות ללא סוכר קפה,גרמים,80.00,100 גרם,false,,9.50,0.1188,true,1,163420
4014400920857,false,וורטר אורגינל ללא סוכר בטעם שוקולד-שקית 70 גרם,קריניציה ויטמינה אס,,סוכריות ללא סוכר קרמ,גרמים,70.00,100 גרם,false,,9.90,0.1414,true,1,163421
4014400923711,false,בונבוניירה שוקולד אגוזים טופיפי 125 גרם,ליימן מותגים,,בונבוניירה טופיפי 12,גרמים,125.00,100 גרם,false,,12.90,0.1032,true,1,163422
4014400925319,false,וורטרס אורגינל פופקורן קרמל 140 גרם,וורטרס Werther's,,וורטר פופקורן קרמל 1,גרמים,140.00,100 גרם,false,,15.90,0.1136,true,1,163423
4014400931327,false,ורטרס אורגינל פופקורן עם קרמל זרעי דלעת 1/12,וורטרס Werther's,,וורטרס אורגינל חטיף,גרמים,140.00,100 גרם,false,,15.90,0.1136,true,1,186464
4015400564454,false,מגני תחתון אולוויז לארג' עם ניחוח מגה פק,פרוקטר אנד גמבל,,מגן תחתון אולוויז מג,גרמים,234.00,100 גרם,false,,19.90,0.0850,true,1,167396
4015400681670,false,תחבושות אולוויז וליו פק לילה בטוח 18 יחידות,פרוקטר אנד גמבל,,תחבושות אולוויז וליו,גרמים,126.00,100 גרם,false,,19.90,0.1579,true,1,167397
4015400731719,false,תחבושות היגייניות אולוויז יום ולילה Day & Night,פרוקטר אנד גמבל,,תחבושות אולוויז וליו,גרמים,126.00,100 גרם,false,,19.90,0.1579,true,1,167401
4015400746812,false,מגני תחתון אולוויז נורמל עם ניחוח מגה פק,פרוקטר אנד גמבל,,מגן תחתון אולוויז מג,גרמים,186.00,100 גרם,false,,19.90,0.1070,true,1,167402
4015400755241,false,תחבושות היגייניות אולוויז אולטרה נורמל - 28 יח',פרוקטר אנד גמבל,,תחבושות אולוויז וליו,גרמים,136.00,100 גרם,false,,19.90,0.1463,true,1,167403
4015400755487,false,תחבושות היגייניות אולוויז אולטרה לונג - 24 יח',פרוקטר אנד גמבל,,תחבושות אולוויז וליו,גרמים,132.00,100 גרם,false,,19.90,0.1508,true,1,167404
4015400990482,false,"אבקת כביסה אריאל קולור 3 ק""ג",פרוקטר אנד גמבל,,אבקת כביסה אריאל קול,גרמים,3000.00,100 גרם,false,,34.90,0.0116,true,1,167405
4015600762780,false,שמפו וקונדישינר יומיומי למניעת קשקשים הנוסחה הקלאסית 2in1,הד אנד שולדרס H&S,,שמפו וקונדישינר לשיע,מיליליטרים,500.00,"100 מ""ל",false,,19.90,0.0398,true,1,167407
4015600763022,false,שמפו יומיומי למניעת קשקשים לשיער יבש/פגום לשיער רך כמשי,הד אנד שולדרס H&S,,שמפו לאישה למגע משי,מיליליטרים,500.00,"100 מ""ל",false,,19.90,0.0398,true,1,167409
4017100198151,false,בלזן היט ביסקוויט עם מלית קרם בטעם וניל (41%) 220 גרם,הדקלאים אגודת שיתופי,,עוגיות היט וניל 220,גרמים,220.00,100 גרם,false,,9.90,0.0450,true,1,163426
4017100290008,false,בלזן בסקויט חמאה מצופה שוקולד חלב 125 גרם,הדקלאים אגודת שיתופי,,בלזן ביסקוויט מצופה,גרמים,100.00,100 גרם,false,,11.90,0.1190,true,1,163433
4022025001905,false,"בלו ווין מבעבע זהב 750 מ""ל",היי סישל סוהן טראבן,,יין בלו ווין מבעבע 7,מיליליטרים,750.00,"100 מ""ל",false,,59.90,0.0799,true,1,169946
4022025001929,false,"בלו ווין מבעבע כחול 750 מ""ל",היי סישל סוהן טראבן,,יין בלו ווין מבעבע כ,מיליליטרים,750.00,"100 מ""ל",false,,59.90,0.0799,true,1,169947
4022025261002,false,יין בלו ווין גוורצטרמינר 750 מל,לנגוט טראבן,,יין בלו ווין גוורצטר,מיליליטרים,750.00,"100 מ""ל",false,,49.90,0.0665,true,1,169948
4022025290408,false,יין בלו ווין פינק רוזה כשר 750 מל,יקב רמת הגולן,,יין בלו ווין רוזה 75,מיליליטרים,750.00,"100 מ""ל",false,,49.90,0.0665,true,1,169949
4025700001962,false,מילקה טבלה 100 גר' לבן 1/22 (4248023),פי אר ג'יי אס סי מונ,,שוקולד לבן מילקה 100,גרמים,100.00,100 גרם,false,,6.90,0.0690,true,1,160334
4066600999614,false,"בירה פאולנר, בירת חיטה מעוננת, בקבוק 500 מ""ל",מבשלת פאולנר,,"פאולנר בקבוק 500 מ""ל",מיליליטרים,500.00,"100 מ""ל",false,,11.20,0.0224,true,1,162076
4067600001123,false,פילה הרינג מעושן בשמן לארסן 190 גר,,,פילה הרינג מעושן לרס,גרמים,190.00,100 גרם,false,,11.90,0.0626,true,1,187033
4072700003649,false,"פרנזיסקאנר בירה מעוננת 500 מ""ל","איי, בי, אינבוו",,פרנסיסקאנר מעוננת בק,מיליליטרים,500.00,"100 מ""ל",false,,11.20,0.0224,true,1,163054
4084500088917,false,"נוזל כלים פיירי לימון 650 מ""ל בד""צ",פרוקטר אנד גמבל,,"פיירי לימון 650 מ""ל",מיליליטרים,650.00,"100 מ""ל",false,,10.90,0.0168,true,1,167414
4084500853553,false,פיירי נוזל כלים קלאסי אורגינל 650 מל,פרוקטר אנד גמבל,,נוזל לניקוי כלים אור,מיליליטרים,650.00,"100 מ""ל",false,,10.90,0.0168,true,1,167416
4100130937163,false,בירה בקס שישייה 6*275 מל,"איי, בי, אינבוו",,בירה בק'ס שישייה 275,מיליליטרים,1650.00,"100 מ""ל",false,,29.90,0.0181,true,1,163055
4100470106700,false,חומץ תפוחים אורגני 750 מל,נטורפוד,,"חומץ תפוחים 750 מ""ל",מיליליטרים,750.00,"100 מ""ל",false,,21.90,0.0292,true,1,169229
4600659010854,false,"וודקה סטוליצ'ניה 700 מ""ל",איי. אס. לטבייאס בלזם,,"סטולי פרימיום 700 מ""",מיליליטרים,700.00,"100 מ""ל",false,,59.90,0.0856,true,1,172826
4605561010305,false,"חתיכות פילה הרינג עם שמיר בשמן 17.6 אונקיה, 500 גרם",LTD BREMOR SANTA SD,,פילה הרינג עם שמיר ב,גרמים,500.00,100 גרם,false,,27.90,0.0558,true,1,184412
4605561010343,false,פילה דג הרינג חתיכות בשמן 500 גרם,LTD BREMOR SANTA SD,,פילה הרינג בשמן חתיכ,גרמים,500.00,100 גרם,false,,27.90,0.0558,true,1,184414
4605561011975,false,חתיכות פילה דג הרינג בשמן מצונן 150 גרם,LTD BREMOR SANTA SD,,חתיכות פילה הרינג בש,גרמים,150.00,100 גרם,false,,7.90,0.0527,true,1,186341
4605561012613,false,פילה דג הרינג קצוץ בשמן 400 גרם,LTD BREMOR SANTA SD,,פילה הרינג (קצוץ) בש,גרמים,400.00,100 גרם,false,,16.90,0.0422,true,1,184416
4605561013009,false,פילה דג הרינג בשמן 400 גרם,LTD BREMOR SANTA SD,,פילה הרינג בשמן 400,גרמים,400.00,100 גרם,false,,16.90,0.0422,true,1,184417
4640018993343,false,פיניש קוואנטום קפסולות ג'ל למדיח כלים 30 יח',רקיט בנקיזר,,פיניש קוואנטום 30 קפ,Unknown,30.00,יחידה,false,,39.90,1.3300,true,1,182142
4640018993350,false,פיניש קוואנטום קפסולות ג'ל למדיח כלים לימון 30 יח',רקיט בנקיזר,,פיניש קוואנטום 30 קפ,Unknown,30.00,יחידה,false,,39.90,1.3300,true,1,182143
4710068001692,false,"מאסטר קפה לאטה פחית 240 מ""ל",תאיט מרקטינג אנד דיסטריב,,מאסטר קפה לאטה,מיליליטרים,240.00,"100 מ""ל",false,,7.20,0.0300,true,1,162077
4710068001715,false,"מאסטר קפה טירמיסו פחית 240 מ""ל",יוני פרזינדנט אנטרפר,,קפה בטעם טירמיסו מאס,מיליליטרים,240.00,"100 מ""ל",false,,6.90,0.0288,true,1,162078
4710068001739,false,"מאסטר קפה קולומביאני 240 מ""ל",יוני פרזינדנט אנטרפר,,קפה קולומביאני קלאסי,מיליליטרים,240.00,"100 מ""ל",false,,7.20,0.0300,true,1,162079
4710068002798,false,מאסטר קפה וונילה פחית 240 מל,מאיטה פוד אינדוסטריאל קו,,קפה קר בפחית בטעם ונ,מיליליטרים,240.00,"100 מ""ל",false,,7.20,0.0300,true,1,162080
4710068003313,false,"מאסטר קפה אמריקאנו פחית 240 מ""ל",מאיטה פוד אינדוסטריא,,קפה קר בפחית אמריקנו,מיליליטרים,240.00,"100 מ""ל",false,,7.20,0.0300,true,1,181645
4751007738095,false,סלט סלמון וירקות מקסיקני לארסן 220 גרם,ס.י.א קרבלה,,סלט סלמון מקסיקני לר,גרמים,220.00,100 גרם,false,,11.90,0.0541,true,1,187036
4751007738101,false,סלט סלמון וירקות איטלקי לארסן 220 גרם,ס.י.א קרבלה,,סלט סלמון איטלקי לרס,גרמים,200.00,100 גרם,false,,11.90,0.0595,true,1,187037
4751007739917,false,נתחי דג סלמון במיץ טבעי תומר 185 גרם,,,סלמון במיץ טבעי 185,גרמים,185.00,100 גרם,false,,7.90,0.0427,true,1,187038
4770577201204,false,"סלק מבושל בוואקום 1 ק""ג",,,סלק אדום מקולף 1 קיל,Unknown,1.00,יחידה,false,,9.90,9.9000,true,1,158899
4792032060454,false,"גרין קוקו - מי קוקוס אורגניים 330 מ""ל",גרין קוקו,,מי קוקוס אורגני גרין,מיליליטרים,330.00,"100 מ""ל",false,,9.20,0.0279,true,1,169230
4796019790013,false,"שמן קוקוס אורגני 300 מ""ל",כפרי בריא,,שמן קוקוס כבישה קרה,מיליליטרים,300.00,"100 מ""ל",false,,19.90,0.0663,true,1,169235
4796019790037,false,גרין קוקו - שמן קוקוס אורגני 1 ליטר,כפרי בריא,,שמן קוקוס אורגני כבי,גרמים,1000.00,100 גרם,false,,49.90,0.0499,true,1,169236
4810168000011,false,פילה דג הרינג מלוח מצונן 250 גרם,LTD BREMOR SANTA SD,,פילה דג הרינג מלוח מ,גרמים,250.00,100 גרם,false,,13.90,0.0556,true,1,180122
4810168000066,false,פילה דג הרינג מלוח מצונן עם תבלינים 250 גרם,LTD BREMOR SANTA SD,,פילה דג הרינג מלוח מ,גרמים,250.00,100 גרם,false,,13.90,0.0556,true,1,180123
4810168001056,false,פילה דג הרינג מלוח מצונן בצנצנת חתיכות 260גרם,סנטה ברמור,,פילה הרינג מלוח מצונ,גרמים,260.00,100 גרם,false,,18.90,0.0727,true,1,180125
4810168018795,false,חתיכות פילה דג הרינג מלוח מצונן 200גרם,LTD BREMOR SANTA SD,,חתיכות פילה דג הרינג,גרמים,200.00,100 גרם,false,,13.90,0.0695,true,1,180127
4810168019051,false,חתיכות פילה דג הרינג מלוח מצונן עם תבלין 200גרם,LTD BREMOR SANTA SD,,חתיכות פילה דג הרינג,גרמים,200.00,100 גרם,false,,13.90,0.0695,true,1,180128
4810168024512,false,פילה דג הרינג מלוח מצונן עם תבלין בצנצנת חתיכות 260 גרם,LTD BREMOR SANTA SD,,פילה הרינג מלוח עם ת,גרמים,260.00,100 גרם,false,,18.90,0.0727,true,1,180133
4810168052270,false,עלי בלינצ'ס בבושקה אנה 320 גרם,,,עלי בלינצ'ס מוקפאים,גרמים,200.00,100 גרם,false,,10.90,0.0545,true,1,184424
4810168055028,false,כיסונים במילוי דובדבנים מוקפאות 450 גרם,,,כיסונים במילוי דובדב,גרמים,450.00,100 גרם,false,,18.90,0.0420,true,1,184426
4810168055165,false,לביבות גבינת טבורוג מוקפאות 450 גרם,,,לביבות גבינת טבורוג,גרמים,450.00,100 גרם,false,,18.90,0.0420,true,1,184429
4810168055905,false,פילה דג הרינג סקנדינבי ממולח בשמן 1200 גרם,,,פילה דג הרינג סקנדינ,גרמים,1200.00,100 גרם,false,,45.90,0.0382,true,1,187971
4810168057510,false,חתיכות פילה דג הרינג מתובל מלוח בשמן 400 גרם,,,חתיכות פילה דג הרינג,גרמים,400.00,100 גרם,false,,27.90,0.0697,true,1,186347
4810168058975,false,חתיכות פילה דג הרינג סקנדינבי מלוח מצונן 260 גר,סנטה ברמור,,פילה דג הרינג סקנדינ,גרמים,260.00,100 גרם,false,,18.90,0.0727,true,1,187543
4820217240114,false,חמאה 82.5% פרמה 200 גר,רז שה צ'ים פקטורי,,חמאה גר 200 FERMA 82,גרמים,200.00,100 גרם,false,,9.90,0.0495,true,1,187973
4823077613630,false,חטיף שוקולד רושן ממולה קרם בורלה 43 גרם,רושן Roshen,,חטיף שוקולד רושן ממו,גרמים,43.00,100 גרם,false,,3.50,0.0814,true,1,184356
4823077614675,false,ביסקוויט לקפה רושן בטעם חלב 185 גרם,קייב קרמנציק,,ביסקוויט לקפה רושן ב,גרמים,185.00,100 גרם,false,,3.90,0.0211,true,1,186403
4823077614699,false,ביסקוויט לקפה רושן בטעם חמאה וניל 185 גרם,קייב קרמנציק,,ביסקוויט לקפה רושן ב,גרמים,185.00,100 גרם,false,,3.90,0.0211,true,1,186404
4823077614767,false,שוקולד רושן חלב נוגט בטעם אגוזי לוז 90 גרם,רושן,,שוקולד רושן חלב נוגט,גרמים,90.00,100 גרם,false,,4.90,0.0544,true,1,184357
4823077614804,false,שוקולד רושן חלב נוגט בטעם אוכמניות כחולות 90 גרם,רושן Roshen,,שוקולד רושן חלב נוגט,גרמים,90.00,100 גרם,false,,4.90,0.0544,true,1,179750
4823077617041,false,חטיף שוקולד רושן ממולה קרם קרמל 43 גרם,רושן Roshen,,חטיף שוקולד רושן ממו,גרמים,43.00,100 גרם,false,,3.50,0.0814,true,1,179756
4823077618161,false,גליליות ופל רושן קונפטו חלב 140 גרם,רושן,,גליליות רושן קונאפטו,גרמים,140.00,100 גרם,false,,6.90,0.0493,true,1,185368
4823077621635,false,חטיף שוקולד רושן בטעם חלב 72 גרם,Unknown,,וופל רושן בטעם חלב 7,גרמים,72.00,100 גרם,false,,3.50,0.0486,true,1,184359
4823077621642,false,חטיף שוקולד רושן בטעם שוקולד 72 גר,Unknown,,וופל רושן בטעם שוקול,גרמים,72.00,100 גרם,false,,3.50,0.0486,true,1,184360
4823077621659,false,חטיף שוקולד רושן בטעם אגוז 72 גר,Unknown,,וופל רושן בטעם אגוז,גרמים,72.00,100 גרם,false,,3.50,0.0486,true,1,184361
4823077625589,false,וופל וואפרס חלב רושן 216 גר,,,וופל רושן בטעם חלב 2,גרמים,216.00,100 גרם,false,,6.90,0.0319,true,1,179790
4823077625602,false,וופל וואפרס שוקולד רושן 216 גר,,,וופל רושן בטעם שוקול,גרמים,216.00,100 גרם,false,,6.90,0.0319,true,1,179791
4823077625626,false,וופל וואפרס אגוז רושן 216 גר,,,וופל רושן בטעם אגוז,גרמים,216.00,100 גרם,false,,6.90,0.0319,true,1,179792
4823077626203,false,שוקולד רושן אורירי מריר 80 גרם,רושן Roshen,,שוקולד רושן אורירי מ,גרמים,80.00,100 גרם,false,,6.90,0.0863,true,1,179794
4823077626227,false,שוקולד רושן אורירי חלב 80 גרם,רושן Roshen,,שוקולד רושן אורירי ח,גרמים,80.00,100 גרם,false,,6.90,0.0863,true,1,184364
4823077626241,false,שוקולד רושן אורירי לבן קרמל 80 גרם,רושן,,שוקולד רושן אורירי ל,גרמים,80.00,100 גרם,false,,6.90,0.0863,true,1,184365
4823077626364,false,שוקולד רושן אורירי לבן 80 גרם,רושן Roshen,,שוקולד אורירי לבן רו,גרמים,80.00,100 גרם,false,,6.90,0.0863,true,1,184815
4823077630743,false,סוכריות מקל רושן קוקטייל 920 גרם,,,סוכריות מקל רושן קוק,גרמים,920.00,100 גרם,false,,24.90,0.0271,true,1,184375
4823077630996,false,"סנדוויץ' קרקר קקאו-אגוז רושן 235 גרם "" 2 CRACK """,רושן,,סנדוויץ' קרקר קקאו-א,גרמים,235.00,100 גרם,false,,9.90,0.0421,true,1,184376
4823077631467,false,קרקר עם מלח ים רושן 168 גר HI DAY,רושן,,קרקר עם מלח ים רושן,גרמים,168.00,100 גרם,false,,5.50,0.0327,true,1,184377
4823077631474,false,קרקר קלאסי רושן 168 גר HI DAY,רושן,,קרקר קלאסי רושן 168,גרמים,168.00,100 גרם,false,,5.50,0.0327,true,1,184378
4823077631856,false,גליליות ופל רושן קונפטו קוקוס 140 גרם,רושן,,גליליות רושן קונאפטו,גרמים,140.00,100 גרם,false,,6.90,0.0493,true,1,184379
4823077632112,false,וופל רושן בטעם קקאו חלב 216 גרם,,,וופל רושן בטעם קקאו,גרמים,216.00,100 גרם,false,,6.90,0.0319,true,1,184382
4823077632259,false,חטיף שוקולד רושן עם בוטנים 43 גרם,רושן Roshen,,חטיף שוקולד רושן עם,גרמים,38.00,100 גרם,false,,3.50,0.0921,true,1,184383
4823077632570,false,שוקולד רושן BRUT מריר 85 גרם,רושן,,שוקולד רושן מריר 85,גרמים,85.00,100 גרם,false,,6.90,0.0812,true,1,184388
4823077632587,false,שוקולד רושן חלב עם שקד שלם 90 גר LACMI,רושן,,שוקולד רושן חלב עם ש,גרמים,90.00,100 גרם,false,,8.50,0.0944,true,1,184389
4823077632594,false,שוקולד רושן חלב עם אגוז שלם 90 גר LACMI,רושן,,שוקולד רושן חלב עם א,גרמים,90.00,100 גרם,false,,8.50,0.0944,true,1,184390
4823077633034,false,"גליליות וופל רושן ""קונאפטו"" קקאו 140 ג",רושן,,גליליות רושן קונאפטו,גרמים,140.00,100 גרם,false,,6.90,0.0493,true,1,184393
4823077633317,false,עוגיות שוקוצ'יפס LOVITA שוקולד עם חתיכות שוקולד 150 גרם,,,עוגיות לביטה שוקולד,גרמים,150.00,100 גרם,false,,6.90,0.0460,true,1,184395
4823077633324,false,עוגיות שוקוצ'יפס LOVITA עם חתיכות שוקולד 150 גרם,,,עוגיות שוקוצ'יפס לבי,גרמים,150.00,100 גרם,false,,6.90,0.0460,true,1,184396
4823077633331,false,עוגיות שוקוצ'יפס LOVITA בטעם תפוז 150 גרם,,,עוגיות רושן לוביטה ב,גרמים,150.00,100 גרם,false,,6.90,0.0460,true,1,186406
4823077633348,false,עוגיות שוקוצ'יפס LOVITA עם חתיכות בוטנים 150 גרם,,,עוגיות רושן לביטה עם,גרמים,15.00,100 גרם,false,,6.90,0.4600,true,1,184397
4823077633508,false,חטיף שוקולד רושן במילוי קרם קקאו מצופה 34 גרם,,,חטיף וופל במילוי קרם,גרמים,34.00,100 גרם,false,,3.50,0.1029,true,1,187145
4823077633515,false,חטיף שוקולד רושן במילוי קרם חלבי מצופה 34 גרם,,,חטיף וופל במילוי קרם,גרמים,34.00,100 גרם,false,,3.50,0.1029,true,1,187146
4823077633690,false,בונבוניירה רושן שוטרס ויסקי 150 גרם,רושן,,בונבוניירה רושן שוטר,גרמים,150.00,100 גרם,false,,13.90,0.0927,true,1,184401
4823077634116,false,"סוכריות טופי חלב KOROVKA רושן 1 ק""ג",,,רושן סוכריות טופי חל,גרמים,1000.00,100 גרם,false,,24.90,0.0249,true,1,184402
4823077635793,false,"וופלים דקיקים רושן ""THINS"" בטעם חלב וניל 55 גר",,,וופלים דקיקים רושן ב,גרמים,55.00,100 גרם,false,,4.90,0.0891,true,1,188481
4823077635809,false,"וופלים דקיקים רושן ""THINS"" בטעם קקאו 55 גר",,,וופלים דקיקים רושן ב,גרמים,55.00,100 גרם,false,,4.90,0.0891,true,1,188482
4823077636172,false,וופל רושן בטעם לימון 216 גרם,,,וופל רושן בטעם לימון,גרמים,216.00,100 גרם,false,,5.90,0.0273,true,1,186666
4823077636547,false,"סוכריות ממולאות בטעם פירות ""בים בום"" 468 גר",רושן,,סוכריות ממולאות בטעם,גרמים,468.00,100 גרם,false,,12.90,0.0276,true,1,186556
5000146057710,false,ספריי רב שימושי לחלונות ומשטחים ווינדולין Windolene,רקיט בנקיזר,,וינדולין ספריי לניקו,מיליליטרים,750.00,"100 מ""ל",false,,8.90,0.0119,true,1,182145
5000157143365,false,מתבל בטעם מיונז וקטשופ היינץ 425 גרם,"פודליצקי ספ.ז.או.או,",,רוטב טעם מיונז וקטשו,מיליליטרים,425.00,"100 מ""ל",false,,15.90,0.0374,true,1,160336
5000159376655,false,סוכריות SKITTLES פירות קטן 38 גרם אדום,ריגלי ממתקים,,סקיטלס פירות 38 גרם,גרמים,38.00,100 גרם,false,,3.00,0.0789,true,1,169822
5000159376792,false,סוכריות סקיטלס Skittles פירות חמוצים,ריגלי ממתקים,,סקיטלס פירות חמוצים,גרמים,38.00,100 גרם,false,,3.00,0.0789,true,1,169823
5000159452540,false,סניקרס מארז חטיף 50 גרם חמישייה,מרס הולנד בי.וי.,,מאגדת סניקרס 5*50 גר,גרמים,250.00,100 גרם,false,,12.90,0.0516,true,1,169829
5000159538626,false,טוויקס מארז חטיף 50 גרם חמישייה,טוויקס Twix,,מאגדת טוויקס 5*50 גר,גרמים,250.00,100 גרם,false,,12.90,0.0516,true,1,181724
5000159538640,false,באונטי מארז חטיף 57 גרם חמישייה,באונטי,,מאגדת באונטי 5*57 גר,גרמים,285.00,100 גרם,false,,12.90,0.0453,true,1,181725
5000168199245,false,שוקולד חלב מעולה בתוספת קרמל מלוח פיור גודייבה 90 ג',"אולקר מקבוצת פלאדיס, ציק",,שוקולד חלב מעולה קרם,גרמים,90.00,100 גרם,false,,14.90,0.1656,true,1,181704
5000189974579,false,מארז מיני חטיפי קיט קט Kit Kat,ליימן מותגים,,קיט קט מיני חטיף ופל,גרמים,200.00,100 גרם,false,,14.90,0.0745,true,1,159177
5000204182057,false,מטהר אוויר גלייד מוצק בניחוח לבנדר,במה פולסקה אספי.זד.או.או,,גלייד ג'ל ריחני בניח,גרמים,180.00,100 גרם,false,,15.90,0.0883,true,1,182070
5010038454831,false,בירה בלו מון 330 מל בקבוק,"מבשלת סטרופראמן בע""\מ ,",,בקבוק בירה בלומון 33,מיליליטרים,330.00,"100 מ""ל",false,,12.90,0.0391,true,1,163058
5010123703547,false,ליסטרין שטיפת פה פרש ברסט ירוק 500,ג'ונסון,,ליסטרין פרש בורסט 50,מיליליטרים,500.00,"100 מ""ל",false,,19.90,0.0398,true,1,165623
5010182997253,false,רייד תרסיס קוטל ג'וקים/תיקנים 300 מל,אס.סי.ג'ונסון מידרכט,,ספריי קוטל חרקים ריי,מיליליטרים,300.00,"100 מ""ל",false,,14.90,0.0497,true,1,172422
5010182997338,false,דאק ג'ל לניקוי אסלות בניחוח רענן 55 מל,"איטיליאן פוד, אס.פי.",,ג'ל לאסלה ירוק בניחו,גרמים,55.00,100 גרם,false,,9.90,0.1800,true,1,161895
5010182997680,false,"ארוסול-קוטל זוחלים אדום 400 מ""ל",אס.סי.ג'ונסון מידרכט,,קוטל נמלים 2 ב-1 ריי,מיליליטרים,300.00,"100 מ""ל",false,,14.90,0.0497,true,1,172423
5010182997918,false,דאק ג'ל לניקוי אסלות בניחוח ים 55 מל,"איטיליאן פוד, אס.פי.",,ג'ל לאסלה בניחוח ים,מיליליטרים,55.00,"100 מ""ל",false,,9.90,0.1800,true,1,161896
5010182998847,false,דאק נוזל לניקוי אסלות בניחוח ים 750 מל,מיוצר עי קונדיטוריית,,נוזל לניקוי אסלה כחו,מיליליטרים,750.00,"100 מ""ל",false,,9.90,0.0132,true,1,161897
5010182998861,false,דאק נוזל לניקוי אסלות בניחוח רענן 750 מל,מיוצר עי קונדיטוריית,,נוזל לניקוי אסלה ירו,מיליליטרים,750.00,"100 מ""ל",false,,9.90,0.0132,true,1,161898
5010677551281,false,"בקרדי בריזר לימון 275 מ""ל בקבוק",בקרדי בריזר Bacardi Breezer,,משקה אלכוהולי 4% לימ,מיליליטרים,275.00,"100 מ""ל",false,,14.70,0.0535,true,1,162083
5010677551397,false,"בקרדי בריזר לימון ליים 275 מ""ל",בקרדי בריזר Bacardi Breezer,,משקה אלכוהולי ליים 4,מיליליטרים,275.00,"100 מ""ל",false,,15.00,0.0545,true,1,172496
5010677552387,false,"בקרדי בריזר אננס 275 מ""ל בקבוק",בקרדי בריזר Bacardi Breezer,,משקה אלכוהולי 4% אננ,מיליליטרים,275.00,"100 מ""ל",false,,14.70,0.0535,true,1,162084
5010677554398,false,"בקרדי בריזר אבטיח 275 מ""ל בקבוק",בקרדי בריזר Bacardi Breezer,,משקה אלכוהולי 4% אבט,מיליליטרים,275.00,"100 מ""ל",false,,14.70,0.0535,true,1,162085
5011157630281,false,אורז לבן ארוך בסמטי טילדה Tilda,אלסקה/ טילדה,,אורז בסמטי טילדה 1 ק,גרמים,1000.00,100 גרם,false,,22.90,0.0229,true,1,164966
5011157730271,false,אורז יסמין לבן ארוך טילדה,טילדה Tilda,,אורז יסמין טילדה 1 ק,גרמים,1000.00,100 גרם,false,,23.90,0.0239,true,1,183381
5014271330426,false,מעדן אוכמניות כחולות ללא תוספת סוכר 284 גרם,סאן דלפור - שמבור,,מעדן אוכ' כחול 284 ג,גרמים,284.00,100 גרם,false,,19.90,0.0701,true,1,160950
5014271350424,false,מעדן ארבעה פירות ללא תוספת סוכר 284 גרם,סאן דלפור - שמבור,,מעדן 4 פירות 284 גרם,גרמים,284.00,100 גרם,false,,19.90,0.0701,true,1,160951
5014271400426,false,"מעדן בטעם תות שדה לל""ס סאן דלפור 284 גרם",סאן דלפור - שמבור,,מעדן סאנט דלפור תות,גרמים,284.00,100 גרם,false,,19.90,0.0701,true,1,160954
5029053560762,false,קלינקס - טישו אישי מארז שמינייה,קימברלי קלארק,,קלינקס מארז 8 יח' טי,Unknown,8.00,יחידה,false,,7.90,0.9875,true,1,163143
5035766044673,false,"סטרונגבואו גולד, סיידר תפוחים אלכוהולי, בקבוק 330 מ''ל",האי נאם סי או אל.טי.,,סיידר תפוחים סטרונגב,מיליליטרים,330.00,"100 מ""ל",false,,8.80,0.0267,true,1,162088
5035766044772,false,סיידר תפוחים סטרונגבאו 330 בקבוק רביעייה,סטאסן ס.א,,סיידר תפוחים סטרונגב,Unknown,4.00,יחידה,false,,31.10,7.7750,true,1,162089
5035766060253,false,"בירה מרפיס, בירת סטאוט, פחית 500 מ""ל",מרפיס Murphys,,בירה מרפיס פחית סטאו,מיליליטרים,500.00,"100 מ""ל",false,,12.90,0.0258,true,1,162091
5050083559761,false,דגני בוקר קלוגס קוקו פופס שוקוס 500 גרם,קלוגס מניופקטורינג אספנה,,קלוגס קוקו פופס שוקו,גרמים,500.00,100 גרם,false,,19.90,0.0398,true,1,160338
5053827213998,false,דגני בוקר קלוגס ספיישל קיי 375 גר,,,קלוגס ספיישל קיי 375,גרמים,375.00,100 גרם,false,,21.90,0.0584,true,1,188493
5060517886486,false,"משקה אנרגיה מונסטר אנרג'י בפחית 500 מ""ל",מונסטר אנרג'י Monster Energy,,משקה אנרגיה מונסטר א,מיליליטרים,500.00,"100 מ""ל",false,,7.50,0.0150,true,1,164287
5060517886516,false,"משקה אנרגיה מונסטר אנרג'י זירו בפחית 500 מ""ל",מונסטר אנרג'י Monster Energy,,משקה אנרגיה זירו מונ,מיליליטרים,500.00,"100 מ""ל",false,,8.20,0.0164,true,1,164288
5060751218173,false,"משקה אנרגיה מונסטר אנרג'י piplin punch בפחית 500 מ""ל",מונסטר אנרג'י לימטד,,משקה אנרגיה מונסטר 5,מיליליטרים,500.00,"100 מ""ל",false,,7.50,0.0150,true,1,186485
5200100943749,false,עוגיות משיבולת שועל במילוי חמאת בוטנים,Violanta Cookies S.A,,עוגיות סנדוויץ במילו,גרמים,180.00,100 גרם,false,,11.90,0.0661,true,1,184870
5200100943824,false,עוגיות סובין קרם טחינה 170 גר VIOLANTA,Violanta Cookies S.A,,עוגיות סובין במילוי,גרמים,170.00,100 גרם,false,,11.90,0.0700,true,1,184874
5201004020338,false,קפריס רולס קלאסיק 400 גרם,א.ג פאפאגופולוס,,קפריס רולס קלאסיק 40,גרמים,400.00,100 גרם,false,,19.90,0.0497,true,1,184312
5201940010011,false,זיתים שחורים טבעיים בפח ויליפוד 454 גרם,סיוארס אס.איי,,זיתים שחורים טבעיים,גרמים,454.00,100 גרם,false,,15.90,0.0350,true,1,160476
5201940010110,false,זיתים שחורים קלמטה וילי פוד 250 גרם,סיוארס אס.איי,,זיתים שחורים מזן קלמ,גרמים,454.00,100 גרם,false,,15.90,0.0350,true,1,160477
5202175002451,false,"טורטיה 25 ס""מ (4 יח') (כ)",אל סבור מקסיקן פוד,,"טורטיה 25 ס""מ",Unknown,4.00,יחידה,false,,8.90,2.2250,true,1,163271
5202287008020,false,צלחות חד פעמיות גדולות,לפיד,,צלחות חד פעמיות גדול,Unknown,50.00,יחידה,false,,12.90,0.2580,true,1,166078
5202390014192,false,גבינה צהובה טבעונית זיתים ויאו לייף 200 ג',פרוטרופיק סיה.,,הצהובה הטבעונית עם ז,גרמים,200.00,100 גרם,false,,22.90,0.1145,true,1,181241
5202390015618,false,גבינה צהובה טבעונית אורגינל ויאו לייף 200 ג',אריביה אס.אי. 57022,,הצהובה הטבעונית בטעם,גרמים,200.00,100 גרם,false,,22.90,0.1145,true,1,181243
5202390016141,false,גבינה מוצרלה צהובה לפיצה טבעונית ויאו לייף 400 ג',פרוטרופיק סיה.,,הצהובה הטבעונית בטעם,גרמים,400.00,100 גרם,false,,27.90,0.0697,true,1,181246
5202390020407,false,פטה טבעונית גוש ויולייף 200 ג',ביוט איילנד פודס בעמ,,יוונית טבעונית בסגנו,גרמים,200.00,100 גרם,false,,26.90,0.1345,true,1,181248
5391523057943,false,סימילאק גולד שלב 3 תרכובת מזון על בסיס חלב,אבוט מעבדות רפואיות,,סימילאק גולד שלב 3 7,גרמים,700.00,100 גרם,false,,69.90,0.0999,true,1,185537
5410076933129,false,אריאל אבקת כביסה שושן צחור 3 קג,פרוקטר אנד גמבל,,אבקת כביסה אריאל שוש,פריט,3.00,"ק""ג",false,,34.90,11.6333,true,1,167417
5410126006087,false,עוגיות לוטוס ארוזות בתפזורת 700 גרם,לוטוס ביקרי נ.וי.,,עוגיות לוטוס 700 גרם,גרמים,700.00,100 גרם,false,,26.90,0.0384,true,1,160345
5410126106183,false,עוגיות לוטוס 50 יחידות ארוזות בנפרד 312 גרם,כלורוקס אוקלנד,,ביסקויט ביסקפה לוטוס,גרמים,312.00,100 גרם,false,,19.90,0.0638,true,1,160348
5410126116953,false,ממרח ביסקוויט קרמל לוטוס 400 גרם,לוטוס בייקרי בלגיה נ,,לוטוס ממרח ביסקוויט,גרמים,400.00,100 גרם,false,,23.90,0.0597,true,1,160349
5410126666038,false,"ביסקוויט קרמל לוטוס 279 גרם בד""צ",לוטוס ביקרי נ.וי,,ביסקוויט בטעם קרמל ל,גרמים,279.00,100 גרם,false,,12.90,0.0462,true,1,160350
5410291022011,false,ממרח אגוזי לוז עם קקאוי 350 ג' צ'וקטה,צ'וקטה Chocketa,,צ'וקטה ממרח אגוזי לו,גרמים,350.00,100 גרם,false,,10.90,0.0311,true,1,163440
5410291022738,false,צ'וקטה ממרח חלב ואגוזי לוז עם קקאוי 350ג',צ'וקטה Chocketa,,צ'וקטה ממרח דואו 350,גרמים,350.00,100 גרם,false,,10.90,0.0311,true,1,163441
5410316983693,false,"סמירנוף אייס בקבוק 275 מ""ל",סמירנוף אייס Smirnoff ice,,משקה סמירנוף אייס 27,מיליליטרים,275.00,"100 מ""ל",false,,12.90,0.0469,true,1,164294
5410769100081,false,"בירה לה שוף קטן 330 מ""ל בקבוק","איי, בי, אינבוו",,"בקבוק לה שוף 330 מ""ל",מיליליטרים,330.00,"100 מ""ל",false,,15.90,0.0482,true,1,163062
5410769800097,false,"בירה לה צרי שוף 8% 330 מ""ל בקבוק",פארייפאבה אגרואינדוס,,בקבוק צ'רי שוף 330 מ,מיליליטרים,330.00,"100 מ""ל",false,,15.90,0.0482,true,1,163064
5411188080268,false,"אלפרו סויה אורגני 1 ל מפוקח ע""י סקאל",הנסיך- מפעל לייצור ט,,אלפרו משקה סויה אורג,מיליליטרים,1000.00,"100 מ""ל",false,,13.90,0.0139,true,1,166979
5411188081852,false,אלפרו משקה סויה בטעם וניל 1 ל',הנסיך- מפעל לייצור ט,,אלפרו משקה סויה וניל,מיליליטרים,1000.00,"100 מ""ל",false,,13.90,0.0139,true,1,166980
5411188094159,false,רביעיית מעדן סויה שוקו מריר אלפרו 125 גרם,הנסיך- מפעל לייצור ט,,אלפרו מעדן סויה שוקו,מיליליטרים,500.00,"100 מ""ל",false,,16.90,0.0338,true,1,166981
5411188106159,false,אלפרו סויה לייט מופחת שומן 1.2% 1 ליטר,הנסיך- מפעל לייצור ט,,אלפרו משקה סויה מופח,מיליליטרים,1000.00,"100 מ""ל",false,,13.90,0.0139,true,1,166983
5411188110835,false,אלפרו חלב סויה שקדים וניל 1ל',הנסיך- מפעל לייצור ט,,אלפרו משקה שקדים 1 ל,מיליליטרים,1000.00,"100 מ""ל",false,,13.90,0.0139,true,1,166984
5411188112709,false,"משקה קוקוס אלפרו 1 ליטר משקה שקדים לל""ס",הנסיך- מפעל לייצור ט,,אלפרו משקה שקדים ללס,מיליליטרים,1000.00,"100 מ""ל",false,,13.90,0.0139,true,1,166987
5411188115434,false,אלפרו משקה בריסטה סויה 1 ליטר,אלפרו Alpro,,משקה סויה בריסטה אלפ,גרמים,1000.00,100 גרם,false,,13.90,0.0139,true,1,185307
5411188115472,false,משקה סויה אלפרו 1 ליטר,הנסיך- מפעל לייצור ט,,אלפרו משקה סויה 1 לי,מיליליטרים,1000.00,"100 מ""ל",false,,13.90,0.0139,true,1,181762
5411188118732,false,משקה אלפרו קוקוס ושקדים 1 ליטר,הנסיך- מפעל לייצור ט,,אלפרו משקה שקדים קוק,מיליליטרים,1000.00,"100 מ""ל",false,,13.90,0.0139,true,1,166990
5411188120742,false,משקה קוקוס אלפרו 1 ליטר שקדים וניל 1 ל',הנסיך- מפעל לייצור ט,,אלפרו משקה שקדים וני,מיליליטרים,1000.00,"100 מ""ל",false,,13.90,0.0139,true,1,166991
5411188121978,false,"משקה סויה בטעם שוקולד 3 * 250 מ""ל אלפרו",אלפרו סי.וי. איי,,אלפרו משקה סויה שוקו,מיליליטרים,750.00,"100 מ""ל",false,,14.90,0.0199,true,1,166994
5411188122661,false,אלפרו משקה שקדים לא קלויים ללא תוספת סוכר 1 ל',הנסיך- מפעל לייצור ט,,אלפרו משקה שקד לא קל,מיליליטרים,1000.00,"100 מ""ל",false,,13.90,0.0139,true,1,166995
5411188124726,false,אלפרו משקה שיבולת שועל שקדים 1 ליטר,הדקלאים אגודת שיתופי,,אלפרו משקה ש.שועל שק,גרמים,1000.00,100 גרם,false,,13.90,0.0139,true,1,166997
5411188126195,false,אלפרו משקה שקדים אורגני 1ל מפוקח סקאל,אלפרו Alpro,,אלפרו משקה שקדים אור,מיליליטרים,1000.00,"100 מ""ל",false,,13.90,0.0139,true,1,166998
5411188134985,false,אלפרו 3.5% NOT M*LK שיבולת שועל 1 ליטר בית יוסף,הנסיך- מפעל לייצור ט,,אלפרו שיבולת שועל 3.,מיליליטרים,1000.00,"100 מ""ל",false,,13.90,0.0139,true,1,183425
5411188135005,false,אלפרו 1.8% NOT M*LK שיבולת שועל 1 ליטר בית יוסף,הנסיך- מפעל לייצור ט,,אלפרו שיבולת שועל 1.,מיליליטרים,1000.00,"100 מ""ל",false,,13.90,0.0139,true,1,183426
5411188300328,false,אלפרו סויה שוקו 1 ליטר * 8 יחי,הנסיך- מפעל לייצור ט,,אלפרו משקה סויה שוקו,מיליליטרים,1000.00,"100 מ""ל",false,,13.90,0.0139,true,1,167001
5411188543398,false,אלפרו משקה סויה ללא סוכר 1 ליטר,הנסיך- מפעל לייצור ט,,"אלפרו משקה סויה לל""ס",מיליליטרים,1000.00,"100 מ""ל",false,,13.90,0.0139,true,1,167002
5411681014005,false,"בירה דובל בקבוק 330 מ""ל",פארייפאבה אגרואינדוס,,"בקבוק דובל 330 מ""ל",מיליליטרים,330.00,"100 מ""ל",false,,15.90,0.0482,true,1,163065
5412956213710,false,שוקולד מריר קאשט קקא,,,טב' שוקולד מריר 70%,גרמים,60.00,100 גרם,false,,8.90,0.1483,true,1,178770
5412956213772,false,טב' שוקולד חלב עם שב,,,טב' שוקולד חלב עם שב,גרמים,100.00,100 גרם,false,,9.90,0.0990,true,1,187672
5412956221180,false,שוקולד קאשט מריר שברי שקדים ומלח ים 180ג,KIMS,,קאשט FUN BAR מריר עם,גרמים,180.00,100 גרם,false,,12.90,0.0717,true,1,187674
5413202173208,false,בונ' פרלינים בלגיים,,,בונ' פרלינים בלגיים,גרמים,200.00,100 גרם,false,,39.90,0.1995,true,1,187677
5566774568870,false,"סיר מיני שף 14 ס""מ",,,"סיר מיני שף 14 ס""מ",Unknown,1.00,יחידה,false,,44.90,44.9000,true,1,168028
5566774569198,false,קולפן פטנט 3 מצבים,,,קולפן פטנט 3 מצבים,Unknown,1.00,יחידה,false,,19.90,19.9000,true,1,168055
5566774570514,false,"סיר יציקה משובח 24 ס""מ",,,סיר יציקה משובח 24 ס,Unknown,1.00,יחידה,false,,89.90,89.9000,true,1,168159
5566774570569,false,"סיר יציקה משובח 26 ס""מ",,,סיר יציקה משובח 26 ס,Unknown,1.00,יחידה,false,,99.90,99.9000,true,1,168162
5566774570590,false,סט 2 משטחי במבוק 20*15 + 30.5*22.5,,,סט 2 משטחי במבוק,Unknown,1.00,יחידה,false,,34.90,34.9000,true,1,168165
5566774570781,false,רבעיית מברשות שיניים סיבי פחם רמי לוי,,,רבעיית מברשות שיניים,Unknown,1.00,יחידה,false,,10.90,10.9000,true,1,168181
5566774570804,false,רבעיית מברשות שיניים ניקוי מלא ועמוק שקוף רמי לוי,,,רבעיית מברשות שיניים,Unknown,1.00,יחידה,false,,10.90,10.9000,true,1,168183
5566774570811,false,רבעיית מברשות שיניים ניקוי מלא ועמוק לבן רמי לוי,,,רבעיית מברשות שיניים,Unknown,1.00,יחידה,false,,10.90,10.9000,true,1,168184
5566774570828,false,זוג מברשות שיניים סיבי זהב ופחם רמי לוי,,,זוג מברשות שיניים סי,Unknown,1.00,יחידה,false,,10.90,10.9000,true,1,168185
5566774570903,false,כדורי ספוג עדינים שלישייה רמילוי,,,כדורי ספוג עדינים של,Unknown,3.00,יחידה,false,,9.90,3.3000,true,1,168193
5566774573799,false,מפצל חשמל 1 ל 3 בליסטר,,,מפצל חשמל 1 ל 3 בליס,Unknown,1.00,יחידה,false,,9.90,9.9000,true,1,185139
5566774574192,false,שעון שבת איכותי,,,שעון שבת איכותי,Unknown,1.00,יחידה,false,,19.90,19.9000,true,1,184720
5701932026964,false,"הוטפופ גרעיני תירס להכנת פופקורן במיקרוגל בטעם טבעי, בתוספת מלח, 600 גרם",ליימן מותגים,,פופקורן למיקרוגל בתו,גרמים,600.00,100 גרם,false,,16.90,0.0282,true,1,163443
5701932026971,false,הוטפופ גרעיני תירס להכנת פופקורן במיקרוגל בטעם חמאה 600 גרם,ליימן מותגים,,פופקורן למיקרוגל בטע,גרמים,600.00,100 גרם,false,,16.90,0.0282,true,1,163444
5740900403215,false,ממרח מחמאת לורפק עם מלח 250 ג',ארלה פודס אמבה,,ממרח לורפק עם מלח 25,גרמים,250.00,100 גרם,false,,16.90,0.0676,true,1,158225
5740900403222,false,ממרח לורפק חמאה עם מלח מופחת שומן 250 ג,ארלה פודס אמבה,,ממרח לורפק עם מלח מו,גרמים,250.00,100 גרם,false,,16.90,0.0676,true,1,158226
5740900403239,false,ממרח לורפק ללא תוספת מלח 250 גר,ארלה פודס אמבה,,ממרח לורפק בלי מלח 2,גרמים,250.00,100 גרם,false,,16.90,0.0676,true,1,158227
5740900403260,false,ממרח מחמאת לורפק ללא מלח 27% פחות שומן,ארלה פודס אמבא,,ממרח לורפק ללא מלח מ,גרמים,250.00,100 גרם,false,,16.90,0.0676,true,1,158230
5740900403864,false,חמאה +מלח 200 גרם לורפק כשרות או קיי,ארלה פודס אמבה,,חמאה עם מלח לורפק 20,גרמים,200.00,100 גרם,false,,11.90,0.0595,true,1,183427
5900020012814,false,דגנים תפוחים בטעם שוקולד נסקוויק נסטלה 500 גרם,מיוצר עי קונדיטוריית,,דגני בוקר תפוחים בטע,גרמים,500.00,100 גרם,false,,23.90,0.0478,true,1,159179
5900020015174,false,פיטנס חטיפי אנרגיה דגנים בטעם שוקולד נסטלה 6*23.5 גרם,מיוצר עי קונדיטוריית,,פיטנס חטיף דגנים שוק,גרמים,141.00,100 גרם,false,,14.90,0.1057,true,1,159180
5900020015181,false,חטיף דגנים שוקולד 6* 23.5 ג' פיטנס,מיוצר עי קונדיטוריית,,פיטנס חטיף דגנים שוק,גרמים,23.50,100 גרם,false,,3.90,0.1660,true,1,187465
5900020018892,false,חטיף בטעם קרם עוגיות 6*23.5 ג' פיטנס,לוביץ',,פיטנס חטיף דגנים קרם,גרמים,23.50,100 גרם,false,,3.90,0.1660,true,1,187466
5900020018908,false,פיטנס חטיפי אנרגיה דגנים בטעם קרם עוגיות נסטלה 6*23.5 גרם,מיוצר עי קונדיטוריית,,פיטנס חטיף דגנים עוג,גרמים,141.00,100 גרם,false,,14.90,0.1057,true,1,159182
5900020020741,false,חטיפי דגנים נסקוויק בר שוקו שוקו 6*25 גר,נסטלה פולין ברים,,חטיף דגני בוקר נסקוו,גרמים,150.00,100 גרם,false,,14.90,0.0993,true,1,159185
5900020024770,false,פיטנס - דליס חטיף דגנים שוקולד אגוז 22.50 גרם * 6,נסטלה פולין ברים,,חטיף דגנים בטעם אגוז,גרמים,135.00,100 גרם,false,,14.90,0.1104,true,1,159188
5900020024817,false,פיטנס דליס Fitness Delice חטיף דגנים עם שוקולד לבן,נסטלה פולין ברים,,פיטנס בר דליס שוקולד,גרמים,135.00,100 גרם,false,,15.90,0.1178,true,1,159189
5900020026552,false,דגני בוקר האני נאט צ'יריוס בטעם דבש ושקדים,נסטלה צרפת איטנקורט,,צ'ריוס האני נאט פרוו,גרמים,625.00,100 גרם,false,,23.90,0.0382,true,1,159193
5900020032454,false,מארז חטיף פיטנס עוגיות 8 X 23.5 גרם,נסטלה פולין ברים,,חטיף דגני בוקר עם עו,גרמים,138.00,100 גרם,false,,14.90,0.1080,true,1,181498
5900020034021,false,חטיף דגנים פיטנס שוקולד בננה 141 גרם,מיוצר עי קונדיטוריית,,חטיף דגני בוקר עם שו,גרמים,135.00,100 גרם,false,,14.90,0.1104,true,1,159200
5900020034991,false,דגני בוקר צדפים בטעם שוקולד 450 ג' קראנץ',סי. פי. פולין,,דגני בוקר צדפים בטעם,גרמים,450.00,100 גרם,false,,23.90,0.0531,true,1,159201
5900020036407,false,ליון דגני בוקר שוקולד וקרמל נסטלה 480 גרם,נסטלה פולין דגני בוק,,דגני בוקר ליון בטעם,גרמים,480.00,100 גרם,false,,23.90,0.0498,true,1,159202
5900020037916,false,דגני בוקר שיבולת שועל צ'ריוס 375ג',ג'נרל מילס סאן אדריא,,צ'ריוס שיבולת שועל 3,גרמים,375.00,100 גרם,false,,15.90,0.0424,true,1,181989
5900020039613,false,חטיף דגנים שקדים ודבש 6*23.5 ג' פיטנס,נסטלה,,פיטנס חטיף דגנים שקד,גרמים,23.50,100 גרם,false,,3.90,0.1660,true,1,187467
5900020039620,false,פיטנס חטיף דגנים שקדים ודבש פרווה 8 6*23 ג,נסטלה פולין ברים,,חטיף דגנים עם שקדים,גרמים,141.00,100 גרם,false,,14.90,0.1057,true,1,182620
5902198160403,false,XL משקה אנרגיה מוגז ללא סוכר עד 10 קלוריות לפחית 250 מל,"טמפו משקאות בע""\מ",,"אקסל 250 TEN מ""ל",מיליליטרים,250.00,"100 מ""ל",false,,4.80,0.0192,true,1,162093
5906485301012,false,"משקה אנרגיה XL פחית 250 מ""ל","טמפו משקאות בע""מ",,משקה אנרגיה אקסל 250,מיליליטרים,250.00,"100 מ""ל",false,,4.80,0.0192,true,1,162094
5997321770307,false,ויט רצועות שעווה מוכנות לעור רגיש 12 יחידות,רקיט בנקיזר צרפת,,ויט רצועות שעווה לעו,Unknown,12.00,יחידה,false,,29.90,2.4917,true,1,170753
5998710131877,false,בונבונטי חטיף דובדבן בשוקולד 36 גרם,,,ממתק שוקולד 36 גרם C,גרמים,36.00,100 גרם,false,,4.50,0.1250,true,1,179806
6111094000242,false,תומר קוסקוס דארי דק 500גר,דארי קוספאט אס. איי. או,,קוסקוס דק להכנה מהיר,גרמים,500.00,100 גרם,false,,9.90,0.0198,true,1,171028
6111094000259,false,קוסקוס דארי בינוני 500ג'18X,דארי קוספאט אס. איי. או,,קוסקוס בינוני להכנה,גרמים,500.00,100 גרם,false,,9.90,0.0198,true,1,171029
6253016621002,false,גל לחיטוי ידיים HYGEL,,,גל לחיטוי ידיים HYGE,מיליליטרים,110.00,"100 מ""ל",false,,9.90,0.0900,true,1,163150
6807452794426,false,שיני שום קלופות 170,,,שיני שום קלופות 170,גרמים,170.00,100 גרם,false,,8.90,0.0524,true,1,158901
6902176502491,false,סלק אדום מקולף מבושל,,,סלק מבושל בוואקום,גרמים,500.00,100 גרם,false,,5.90,0.0118,true,1,188408
6902176502507,false,סלק אדום בוואקום 500,,,סלק מבושל בוואקום,גרמים,500.00,100 גרם,false,,5.90,0.0118,true,1,188409
6920354824395,false,"קולגייט נטורל משחת שיניים חמוציות פחם 71 מ""ל",קולגייט פלמוליב,,קולגייט נטורל משחת ש,מיליליטרים,71.00,"100 מ""ל",false,,32.90,0.4634,true,1,182549
6926832407074,false,בראל חטיף אורז יפני 100גרם,קסימן די ברייט,,חטיף אורז יפני 100 ג,גרמים,100.00,100 גרם,false,,7.90,0.0790,true,1,188471
6928325184455,false,קפ' ל24 קאפקייקס 32/,,,קפ' ל24 קאפקייקס 32/,Unknown,1.00,יחידה,false,,12.90,12.9000,true,1,183017
6928325188699,false,קפ' קרטון ל6 קאפקייק,,,קפ' קרטון ל6 קאפקייק,Unknown,6.00,יחידה,false,,4.90,0.8167,true,1,183048
6930548976243,false,מארז שום הלפרין,אראל תוצרת חקלאית בע,,שום ארוז יבוא,Unknown,1.00,יחידה,false,,7.90,7.9000,true,1,158902
6934931264658,false,קופסא לתבנית אלומיניום,,,קופסת אחסון מלבנית 7,Unknown,1.00,יחידה,false,,13.90,13.9000,true,1,187794
6934931264726,false,קופסת אחסון אניגליש קייק,,,קופסת אחסון אינגלייש,Unknown,1.00,יחידה,false,,9.90,9.9000,true,1,187795
6934932049728,false,אוכמניות יחידה,,,אוכמניות יחידה,גרמים,125.00,100 גרם,false,,19.90,0.1592,true,1,188153
6936613888667,false,שום ארוז יבוא,אראל תוצרת חקלאית בע,,שום ארוז יבוא,Unknown,1.00,יחידה,false,,7.90,7.9000,true,1,186457
6970011910237,false,מצית לגז אקדח גדול,,,מצת פרמיום,Unknown,1.00,יחידה,false,,9.90,9.9000,true,1,183619
6974640730167,false,פטריות שיטאקה 100 גר (כ) (Zhejiang),CO FOOD FOREST .ZHEJIANG,,פטריות שיטאקה 100 גר,גרמים,100.00,100 גרם,false,,13.90,0.1390,true,1,186897
7290000000035,false,תוספת שתיה בקירור,,,תוספת שתיה בקירור,Unknown,0.00,יחידה,false,,1.00,0.0000,true,1,183519
7290000000041,false,משלוח חינם (בקניה מע,,,משלוח חינם (בקניה מע,Unknown,0.00,יחידה,false,,0.01,0.0000,true,1,180919
7290000000042,false,קישואים חממה,,,משלוח רגיל,Unknown,0.00,יחידה,false,,25.00,0.0000,true,1,180920
7290000000043,false,ארגז נוסף למשלוח,,,ארגז נוסף למשלוח,Unknown,0.00,יחידה,false,,5.00,0.0000,true,1,180921
7290000000044,false,סופגניה מיני עם תוספ,,,סופגניה מיני עם תוספ,Unknown,1.00,יחידה,false,,4.90,4.9000,true,1,184193
7290000000103,false,דבדבן טרי,ביכורי השקמה,,תירס חם,Unknown,1.00,יחידה,false,,10.00,10.0000,true,1,185078
7290000000153,false,זוג עוגיות אלפחורס,ביכורי השקמה,,זוג עוגיות אלפחורס,Unknown,1.00,יחידה,false,,7.00,7.0000,true,1,166569
7290000000282,false,חסה ערבית יחידה,אראל תוצרת חקלאית בע,,חסה ערבית יחידה,פריט,1.00,"ק""ג",false,,5.70,5.7000,true,1,186647
7290000000300,false,תפוח אדמה אדום ארוז,ביכורי השקמה,,קפוצ'ינו הפוך,Unknown,0.00,יחידה,false,,6.00,0.0000,true,1,166570
7290000000301,false,אספרסו קצר,,,אספרסו קצר,Unknown,0.00,יחידה,false,,6.00,0.0000,true,1,166571
7290000000302,false,6יח בקבוק ריק חוזר 5,ביכורי השקמה,,אספרסו ארוך,Unknown,0.00,יחידה,false,,6.00,0.0000,true,1,166572
7290000000303,false,אספרסו כפול,,,אספרסו כפול,Unknown,0.00,יחידה,false,,8.00,0.0000,true,1,166573
7290000000309,false,קפה קר,,,קפה קר,Unknown,0.00,יחידה,false,,6.00,0.0000,true,1,166578
7290000000315,false,לחמניה קטנה,ביכורי השקמה,,נס קפה קטן,Unknown,0.00,יחידה,false,,6.00,0.0000,true,1,166581
7290000000318,false,שוקו קר/חם קטן,מאפיית דוידוביץ ובני,,שוקו קר/חם קטן,Unknown,0.00,יחידה,false,,8.00,0.0000,true,1,166584
7290000000323,false,תה לימונית לואיזה,,,תה לימונית לואיזה,Unknown,0.00,יחידה,false,,5.00,0.0000,true,1,166589
7290000000351,false,אייס קפה קטן,,,אייס קפה קטן,Unknown,1.00,יחידה,false,,10.00,10.0000,true,1,166593
7290000000353,false,אייס וניל קטן,,,אייס וניל קטן,Unknown,1.00,יחידה,false,,10.00,10.0000,true,1,166594
7290000000374,false,"פטריות שמפיניון בד""ץ (רביבים)",חוות השמפיניון,,פטריות שמפיניון א.א.,Unknown,1.00,יחידה,false,,9.90,9.9000,true,1,169443
7290000000411,false,שום יבש יבוא רמי לוי,אראל תוצרת חקלאית בע,,שום ארוז יבוא,Unknown,1.00,יחידה,false,,7.90,7.9000,true,1,158903
7290000000435,false,סלרי עלים יח',יד המלך,,סלרי עלים,Unknown,1.00,יחידה,false,,5.90,5.9000,true,1,169444
7290000000565,false,חמוצים סיני במשקל תפ,,,קפה קר פלוס,Unknown,0.00,יחידה,false,,9.00,0.0000,true,1,166611
7290000000566,false,נס קפה גדול,,,נס קפה גדול,Unknown,0.00,יחידה,false,,9.00,0.0000,true,1,166612
7290000000585,false,אייס קפה גדול,מעדני מניה תעשיות בש,,אייס קפה גדול,Unknown,0.00,יחידה,false,,12.00,0.0000,true,1,166630
7290000000634,false,שקית גופיה סופרקופיק,,,שקית גופיה סופרקופיק,Unknown,1.00,יחידה,false,,0.10,0.1000,true,1,163898
7290000000695,false,אספרגוס רמי לוי,משתנה,,אספרגוס יחידה,Unknown,1.00,יחידה,false,,29.90,29.9000,true,1,169448
7290000000915,false,כוס מיץ תפוזים קטן,,,כוס מיץ תפוזים קטן,Unknown,0.00,יחידה,false,,12.00,0.0000,true,1,166652
7290000000916,false,כוס מיץ תפוזים גדול,,,כוס מיץ תפוזים גדול,Unknown,0.00,יחידה,false,,14.00,0.0000,true,1,166653
7290000000960,false,"פקדון רביעיה 1.2 ש""ח",,,"פקדון רביעיה 1.2 ש""ח",Unknown,0.00,יחידה,false,,1.20,0.0000,true,1,160041
7290000000961,false,"פקדון שישיה 1.8 ש""ח",,,"פקדון שישיה 1.8 ש""ח",Unknown,0.00,יחידה,false,,1.80,0.0000,true,1,159999
7290000000978,false,חסה ברכת קטיף מהדרין,ביכורי השקמה,,חסה מהדרין קטיף טרי,Unknown,1.00,יחידה,false,,6.90,6.9000,true,1,169449
7290000000985,false,פטרוזיליה ברכת קטיף ייבול נוכרי בוסתן,ברכת קטיף,,פטרוזיליה מהדרין קטי,Unknown,1.00,יחידה,false,,6.90,6.9000,true,1,169450
7290000000998,false,פקדון,,,פקדון,Unknown,0.00,יחידה,false,,0.30,0.0000,true,1,158257
7290000001043,false,כרוב לבן מהדרין קטיף טרי,ברכת קטיף,,כרוב לבן מהדרין קטיף,Unknown,1.00,יחידה,false,,12.90,12.9000,true,1,169451
7290000001074,false,כרוב אדום מהדרין קטיף טרי.,קרלברג ייצור ושיווק,,כרוב אדום מהדרין קטי,Unknown,1.00,יחידה,false,,12.90,12.9000,true,1,169452
7290000001104,false,פטריות חורש מיני ארוז 200 ג',"מרינה פטריות הגליל בע""מ",,פטריות פורטבלה ארוז,Unknown,1.00,יחידה,false,,10.90,10.9000,true,1,169453
7290000001401,false,עלי סלק גלאט עלי הארץ,"ולדמן ביח""ר לנקניק ו",,סלק עלים גלאט (ירק ה,Unknown,1.00,יחידה,false,,6.90,6.9000,true,1,184025
7290000001548,false,קורקבן עוף בגל,מעדני מניה תעשיות בש,,תות שדה 250 גרם,Unknown,1.00,יחידה,false,,19.90,19.9000,true,1,158807
7290000001579,false,סלרי מהדרין קטיף טרי,ביכורי השקמה,,סלרי מהדרין קטיף טרי,Unknown,1.00,יחידה,false,,6.90,6.9000,true,1,169455
7290000001593,false,נענע מהדרין קטיף טרי,רביבים,,נענע מהדרין קטיף טרי,Unknown,1.00,יחידה,false,,5.90,5.9000,true,1,169457
7290000001609,false,עלי סלק מהדרין קטיף טרי,ביכורי השקמה,,עלי סלק מהדרין קטיף,Unknown,1.00,יחידה,false,,6.90,6.9000,true,1,169458
7290000001616,false,כוסברה ייבול נוכרי בוסתן,ברכת קטיף,,כוסברה מהדרין קטיף ט,Unknown,1.00,יחידה,false,,4.90,4.9000,true,1,169459
7290000003345,false,נביעות מים מינרלים ש,,,נביעות מים מינרלים ש,מיליליטרים,1500.00,"100 מ""ל",false,,5.00,0.0033,true,1,164285
7290000005001,false,החזר פקדון 30 אגורות,,,החזר פקדון 30 אגורות,Unknown,0.00,יחידה,false,,0.30,0.0000,true,1,162056
7290000007206,false,טונה סטארקיסט בשמן ב,,,טונה סטארקיסט בשמן ב,גרמים,160.00,100 גרם,false,,7.20,0.0450,true,1,160310
7290000007251,false,טונה סטארקיסט במים ב,,,טונה סטארקיסט במים ב,גרמים,160.00,100 גרם,false,,7.20,0.0450,true,1,160311
7290000009001,false,בננה,5 יחידות,,בננה,קילוגרמים,1.00,"ק""ג",true,,8.70,8.7000,true,1,158808
7290000009002,false,לחם בטעמים אגדת לחם,5 יחידות,,עגבניה,קילוגרמים,1.00,"ק""ג",true,,7.70,7.7000,true,1,158809
7290000009003,false,מלפפון ירוק,6 יחידות,,מלפפון ירוק,קילוגרמים,1.00,"ק""ג",true,,7.70,7.7000,true,1,158810
7290000009004,false,לימון,,,לימון,קילוגרמים,1.00,"ק""ג",true,,7.70,7.7000,true,1,158811
7290000009005,false,אבוקדו,,,אבוקדו,קילוגרמים,1.00,"ק""ג",true,,10.70,10.7000,true,1,158812
7290000009007,false,תפוח עץ ירוק סמיט,4 יחידות,,תפוח עץ ירוק סמיט,קילוגרמים,1.00,"ק""ג",true,,10.90,10.9000,true,1,158814
7290000009008,false,תפוח עץ אדום חרמון,4 יחידות,,תפוח עץ אדום חרמון,קילוגרמים,1.00,"ק""ג",true,,9.90,9.9000,true,1,158815
7290000009010,false,פלפל אדום,5 יחידות,,פלפל אדום,קילוגרמים,1.00,"ק""ג",true,,10.70,10.7000,true,1,158816
7290000009011,false,קלמנטינה,,,קלמנטינה,קילוגרמים,1.00,"ק""ג",true,,6.90,6.9000,true,1,158817
7290000009012,false,אפרסמון,,,אפרסמון,קילוגרמים,1.00,"ק""ג",true,,12.90,12.9000,true,1,158818
7290000009013,false,תפוזים,3 יחידות,,תפוזים,קילוגרמים,1.00,"ק""ג",true,,5.90,5.9000,true,1,158819
7290000009014,false,תפוח פינק ליידי,,,תפוח פינק ליידי,קילוגרמים,1.00,"ק""ג",true,,15.90,15.9000,true,1,158820
7290000009015,false,בצל יבש לבן,4 יחידות,,בצל יבש לבן,קילוגרמים,1.00,"ק""ג",true,,4.70,4.7000,true,1,158821
7290000009016,false,בטטה,,,בטטה,קילוגרמים,1.00,"ק""ג",true,,7.70,7.7000,true,1,158822
7290000009017,false,אגס ירוק,5 יחידות,,אגס ירוק,קילוגרמים,1.00,"ק""ג",true,,12.90,12.9000,true,1,158823
7290000009018,false,תפוח עץ מוזהב,4 יחידות,,תפוח עץ מוזהב,קילוגרמים,1.00,"ק""ג",true,,9.90,9.9000,true,1,158824
7290000009019,false,פלפל צהוב,5 יחידות,,פלפל צהוב,קילוגרמים,1.00,"ק""ג",true,,10.70,10.7000,true,1,158825
7290000009020,false,שזיף אדום,,,שזיף אדום,קילוגרמים,1.00,"ק""ג",true,,16.70,16.7000,true,1,181923
7290000009021,false,בצל אדום,4 יחידות,,בצל אדום,קילוגרמים,1.00,"ק""ג",true,,6.70,6.7000,true,1,158826
7290000009022,false,רימון,,,רימון,קילוגרמים,1.00,"ק""ג",true,,8.70,8.7000,true,1,158827
7290000009023,false,אננס,,,אננס,Unknown,1.00,יחידה,false,,29.90,29.9000,true,1,158828
7290000009024,false,חציל,3 יחידות,,חציל,קילוגרמים,1.00,"ק""ג",true,,6.90,6.9000,true,1,158829
7290000009025,false,פיתה ל.גלוטן 70יח,1 יחידה,,כרוב לבן שלם,קילוגרמים,1.00,"ק""ג",true,,5.70,5.7000,true,1,158830
7290000009026,false,אשכולית אדומה,,,אשכולית אדומה,קילוגרמים,1.00,"ק""ג",true,,6.70,6.7000,true,1,158831
7290000009027,false,קיווי,,,קיווי,קילוגרמים,1.00,"ק""ג",true,,12.90,12.9000,true,1,158832
7290000009029,false,מלון,,,מלון,קילוגרמים,1.00,"ק""ג",true,,6.90,6.9000,true,1,158833
7290000009030,false,פומלה,,,פומלה,קילוגרמים,1.00,"ק""ג",true,,8.90,8.9000,true,1,158834
7290000009031,false,פלפל ירוק,5 יחידות,,פלפל ירוק,קילוגרמים,1.00,"ק""ג",true,,9.70,9.7000,true,1,158835
7290000009032,false,אבטיח אישי,,,אבטיח אישי,קילוגרמים,1.00,"ק""ג",true,,5.90,5.9000,true,1,158836
7290000009033,false,כרוב אדום שלם,,,כרוב אדום שלם,קילוגרמים,1.00,"ק""ג",true,,5.70,5.7000,true,1,158837
7290000009034,false,קולורבי,,,קולורבי,קילוגרמים,1.00,"ק""ג",true,,8.90,8.9000,true,1,158838
7290000009036,false,דלורית,,,דלורית,קילוגרמים,1.00,"ק""ג",true,,6.90,6.9000,true,1,158840
7290000009037,false,זוקיני ירוק,,,זוקיני ירוק,קילוגרמים,1.00,"ק""ג",true,,9.70,9.7000,true,1,158841
7290000009038,false,קרמבולה,,,קרמבולה,קילוגרמים,1.00,"ק""ג",true,,22.00,22.0000,true,1,188563
7290000009039,false,פומלית,,,פומלית,קילוגרמים,1.00,"ק""ג",true,,6.70,6.7000,true,1,158842
7290000009040,false,שומר,,,שומר,קילוגרמים,1.00,"ק""ג",true,,8.90,8.9000,true,1,158843
7290000009046,false,קישוא,5 יחידות,,קישוא,קילוגרמים,1.00,"ק""ג",true,,8.90,8.9000,true,1,158846
7290000009051,false,"תפו""א לבן תפזורת",3 יחידות,,"תפו""א לבן תפזורת",קילוגרמים,1.00,"ק""ג",true,,4.90,4.9000,true,1,158847
7290000009052,false,"תפו""א אדום תפזורת",3 יחידות,,"תפו""א אדום תפזורת",קילוגרמים,1.00,"ק""ג",true,,5.90,5.9000,true,1,158848
7290000009053,false,"תפו""ע לוליפופ",,,"תפו""ע לוליפופ",קילוגרמים,1.00,"ק""ג",true,,15.90,15.9000,true,1,158849
7290000009054,false,פלפל חריף,,,פלפל חריף,קילוגרמים,1.00,"ק""ג",true,,10.90,10.9000,true,1,158850
7290000009056,false,גבינה מגורדת במש,תנובה חלב,,סלק אדום תפזורת,קילוגרמים,1.00,"ק""ג",true,,4.90,4.9000,true,1,158851
7290000009057,false,"שרי ק""ג",,,"שרי ק""ג",קילוגרמים,1.00,"ק""ג",true,,16.90,16.9000,true,1,158852
7290000009059,false,חסה ערבית יחידה,,,חסה ערבית יחידה,פריט,1.00,"ק""ג",false,,5.70,5.7000,true,1,158854
7290000009061,false,גזר ארוז,,,גזר ארוז,קילוגרמים,1.00,"ק""ג",true,,4.90,4.9000,true,1,158855
7290000009063,false,כרובית,,,כרובית,Unknown,1.00,יחידה,false,,9.90,9.9000,true,1,158856
7290000009066,false,צנון,,,צנון,קילוגרמים,1.00,"ק""ג",true,,6.90,6.9000,true,1,158857
7290000009067,false,לפת,,,לפת,קילוגרמים,1.00,"ק""ג",true,,6.90,6.9000,true,1,158858
7290000009068,false,שום בתפזורת,,,שום בתפזורת,קילוגרמים,1.00,"ק""ג",true,,22.90,22.9000,true,1,158859
7290000009069,false,אגס אדום,,,אגס אדום,קילוגרמים,1.00,"ק""ג",true,,14.90,14.9000,true,1,158860
7290000009074,false,ענב אדום,,,ענב אדום,קילוגרמים,1.00,"ק""ג",true,,24.90,24.9000,true,1,158862
7290000009075,false,תירס מתוק,,,תירס מתוק,קילוגרמים,1.00,"ק""ג",true,,8.70,8.7000,true,1,158863
7290000009077,false,סברס,,,סברס,קילוגרמים,1.00,"ק""ג",true,,14.90,14.9000,true,1,158864
7290000009078,false,פפאיה,,,פפאיה,קילוגרמים,1.00,"ק""ג",true,,17.90,17.9000,true,1,158865
7290000009079,false,פלפל בהיר,,,פלפל בהיר,קילוגרמים,1.00,"ק""ג",true,,10.90,10.9000,true,1,158866
7290000009080,false,ענב ירוק שקיל,,,ענב ירוק שקיל,קילוגרמים,1.00,"ק""ג",true,,24.90,24.9000,true,1,158867
7290000009081,false,פטרוזיליה,,,פטרוזיליה,Unknown,1.00,יחידה,false,,3.90,3.9000,true,1,169423
7290000009082,false,כוסברה,,,כוסברה,Unknown,1.00,יחידה,false,,4.90,4.9000,true,1,169424
7290000009087,false,ליצ'י,,,ליצ'י,גרמים,250.00,100 גרם,false,,12.90,0.0516,true,1,182587
7290000009096,false,ענבים שחורים,,,ענבים שחורים,קילוגרמים,1.00,"ק""ג",true,,19.90,19.9000,true,1,158870
7290000009097,false,אגס נאשי,,,אגס נאשי,קילוגרמים,1.00,"ק""ג",true,,14.90,14.9000,true,1,158871
7290000009101,false,חבוש,,,חבוש,קילוגרמים,1.00,"ק""ג",true,,12.90,12.9000,true,1,158872
7290000009104,false,תפוח עץ גלה,4 יחידות,,תפוח עץ גלה,קילוגרמים,1.00,"ק""ג",true,,9.90,9.9000,true,1,158873
7290000009109,false,קוקוס,,,קוקוס,Unknown,1.00,יחידה,false,,6.90,6.9000,true,1,158877
7290000009110,false,אנונה,,,אנונה,קילוגרמים,1.00,"ק""ג",true,,19.90,19.9000,true,1,158878
7290000009111,false,בטטה קסביה,,,בטטה קסביה,קילוגרמים,1.00,"ק""ג",true,,12.90,12.9000,true,1,158879
7290000009112,false,סוכריית פז,Unknown,,תפוז ברשת,קילוגרמים,1.00,"ק""ג",true,,4.90,4.9000,true,1,158880
7290000009114,false,אשכולית צהובה,,,אשכולית צהובה,קילוגרמים,1.00,"ק""ג",true,,6.70,6.7000,true,1,158881
7290000009115,false,"תפו""א לבן ארוז",,,"תפו""א לבן ארוז",קילוגרמים,1.00,"ק""ג",true,,5.90,5.9000,true,1,158882
7290000009116,false,פלפל כתום,5 יחידות,,פלפל כתום,קילוגרמים,1.00,"ק""ג",true,,10.70,10.7000,true,1,158883
7290000009124,false,שום ארוז יבוא,,,שום ארוז יבוא,Unknown,1.00,יחידה,false,,7.90,7.9000,true,1,158885
7290000009133,false,מלון ספרדי,,,מלון ספרדי,קילוגרמים,1.00,"ק""ג",true,,7.90,7.9000,true,1,158887
7290000009136,false,בצל שאלוט,,,בצל שאלוט,פריט,1.00,"ק""ג",false,,11.90,11.9000,true,1,158889
7290000009140,false,"תפו""ע ברשת",,,"תפו""ע ברשת",קילוגרמים,1.00,"ק""ג",true,,4.90,4.9000,true,1,158890
7290000009143,false,אפרסמון קרמבו,,,אפרסמון קרמבו,קילוגרמים,1.00,"ק""ג",true,,12.90,12.9000,true,1,158891
7290000009144,false,תות שדה 250 גרם,,,תות שדה 250 גרם,Unknown,1.00,יחידה,false,,15.00,15.0000,true,1,158892
7290000009145,false,תפוז אדום,,,תפוז אדום,קילוגרמים,1.00,"ק""ג",true,,6.90,6.9000,true,1,158893
7290000009146,false,פומלית אדומה,,,פומלית אדומה,קילוגרמים,1.00,"ק""ג",true,,6.90,6.9000,true,1,158894
7290000009150,false,תפוח אדמה גורמה דוד,,,תפוח אדמה גורמה דוד,קילוגרמים,1.00,"ק""ג",true,,6.90,6.9000,true,1,180727
7290000009163,false,אוכמניות יחידה,,,אוכמניות יחידה,גרמים,125.00,100 גרם,false,,19.90,0.1592,true,1,187909
7290000009164,false,גזר תפזורת,,,גזר תפזורת,קילוגרמים,1.00,"ק""ג",true,,6.90,6.9000,true,1,190059
7290000009706,false,תוספת חלב סויה,,,תוספת חלב סויה,Unknown,1.00,יחידה,false,,2.00,2.0000,true,1,166725
7290000019783,false,דונטס אוראו,,,דונטס אוראו,Unknown,1.00,יחידה,false,,8.90,8.9000,true,1,184044
7290000022554,false,כדור שוקולד (1 יחידה,,,כדור שוקולד (1 יחידה,Unknown,1.00,יחידה,false,,6.00,6.0000,true,1,186428
7290000022936,false,דונטס מילקה,,,דונטס מילקה,Unknown,1.00,יחידה,false,,8.90,8.9000,true,1,184045
7290000023007,false,"ברנדי שטוק 84 37 % 750 מ""ל","יקבי ברקן בע""ם",,"ברנדי שטוק 84 750 מ""",מיליליטרים,750.00,"100 מ""ל",false,,67.90,0.0905,true,1,162096
7290000023083,false,ערק אשקלון 40% בקבוק,"יקבי ברקן בע""\מ",,ערק אשקלון בקבוק 700,מיליליטרים,700.00,"100 מ""ל",false,,50.90,0.0727,true,1,162097
7290000023809,false,"יין קלאסיק קברנה סוביניון ברקן 750 מ""ל",יקבי ברקן שיווק והפצה בע,,יין אדום קלאסיק קברנ,מיליליטרים,750.00,"100 מ""ל",false,,32.90,0.0439,true,1,162098
7290000023816,false,"יין קלאסיק אמרלד ריזלינג ברקן 750 מ""ל",יקבי ברקן שיווק והפצה בע,,יין לבן חצי יבש קלאס,מיליליטרים,750.00,"100 מ""ל",false,,32.90,0.0439,true,1,162099
7290000024202,false,"יין רזרב קברנה סוביניון ברקן 750 מ""ל",ברקן שיווק והפצה בעמ,,יין אדום רזרב קברנה,מיליליטרים,750.00,"100 מ""ל",false,,48.20,0.0643,true,1,162102
7290000024523,false,"תירוש של סגל ,מיץ ענבים , 1 ליטר",כרמי צבי - האחים סגל,,מיץ ענבים טבעי תירוש,מיליליטרים,1000.00,"100 מ""ל",false,,15.90,0.0159,true,1,162108
7290000030554,false,קוביית בלונדיז עטופה,,,קוביית בלונדיז עטופה,Unknown,1.00,יחידה,false,,12.00,12.0000,true,1,162589
7290000040042,false,יופלה יוגורט תות %3 גביע 150 גרם,תנובה חלב,,יופלה יוגורט תות %3,גרמים,150.00,100 גרם,false,,5.00,0.0333,true,1,162673
7290000040066,false,יוגורט יופלה דובדבן 3% שומן 150 גרם,תנובה מרכז שיתופי לש,,יופלה יוגורט דובדבן,מיליליטרים,150.00,"100 מ""ל",false,,5.00,0.0333,true,1,162674
7290000040080,false,יופלה יוגורט אפרסק %3 גביע 150 גרם,תנובה בעמ,,יופלה יוגורט אפרסק %,מיליליטרים,150.00,"100 מ""ל",false,,5.00,0.0333,true,1,162675
7290000040301,false,תנובה עין גדי קממבר מחלב בקר 24% שומן,תנובה מרכז שיתופי לש,,גבינת קממבר בקר 24%,גרמים,125.00,100 גרם,false,,17.80,0.1424,true,1,162676
7290000040318,false,גבינת ברי 24% קולאז עדי תנובה 125 ג',תנובה מרכז שיתופי לש,,גבינת עדי ברי 24% תנ,גרמים,125.00,100 גרם,false,,18.90,0.1512,true,1,162677
7290000040974,false,חלב דל לקטוז 2% תנובה קרטון 1 ליטר,תנובה מרכז שיתופי לש,,חלב בקרטון דל לקטוז,מיליליטרים,1000.00,"100 מ""ל",false,,6.90,0.0069,true,1,162600
7290000040974,false,חלב דל לקטוז 2% תנובה קרטון 1 ליטר,תנובה מרכז שיתופי לש,,חלב בקרטון דל לקטוז,מיליליטרים,1000.00,"100 מ""ל",false,,6.90,0.0069,true,1,162678
7290000041858,false,"שמנת חמוצה 15% יטבתה 200 מ""ל מהדרין",מחלבת יטבתה,,שמנת חמוצה מועשרת 15,מיליליטרים,200.00,"100 מ""ל",false,,2.40,0.0120,true,1,158232
7290000041865,false,"לבן 4.5% שומן מהדרין ""יטבתה""",שטראוס גרופ,,"לבן 4.5% 200 מ""ל",מיליליטרים,200.00,"100 מ""ל",false,,2.00,0.0100,true,1,158233
7290000041872,false,"לבן 3% יטבתה 200מ""ל מהדרין",מחלבת יטבתה,,"לבן 3% שומן 200 מ""ל",מיליליטרים,200.00,"100 מ""ל",false,,2.00,0.0100,true,1,158234
7290000042435,false,חלב דל שומן בקרטון+פקק תנובה 1 ליטר,תנובה מרכז שיתופי לש,,חלב בקרטון תנובה 1%,מיליליטרים,1000.00,"100 מ""ל",false,,5.86,0.0059,true,1,162683
7290000042855,false,"שוקו בשקית 250 מ""ל ""יטבתה""",שטראוס גרופ,,שוקו בשקית יטבתה 225,מיליליטרים,225.00,"100 מ""ל",false,,2.50,0.0111,true,1,158237
7290000043111,false,תנובה חמאה 200 גרם - מוצר בפיקוח,תנובה מרכז שיתופי לש,,חמאה תנובה 200 גרם,גרמים,200.00,100 גרם,false,,7.80,0.0390,true,1,162686
7290000043814,false,השף הלבן שמנת להקצפה 38% שומן 250 מל - מוצר בפיקוח,תנובה מרכז שיתופי לש,,השף הלבן שמנת עמידה,מיליליטרים,250.00,"100 מ""ל",false,,6.47,0.0259,true,1,162687
7290000043890,false,תנובה רויון לבן מחלב מפסוטר 1.5%,תנובה מרכז שיתופי לש,,רויון 1.5% תנובה 1 ל,מיליליטרים,1000.00,"100 מ""ל",false,,11.30,0.0113,true,1,162688
7290000045573,false,גבינת מותכת משולשים 25% שומן 200 ג' נעמה,תנובה חלב,,גבינה מותכת נעמה 25%,גרמים,200.00,100 גרם,false,,14.90,0.0745,true,1,162691
7290000045580,false,גבינה מותכת נעמה חורש תנובה 240 גרם,תנובה מרכז שיתופי לש,,גבינה מותכת 25% נעמה,גרמים,240.00,100 גרם,false,,17.40,0.0725,true,1,162692
7290000045917,false,תנובה פרומעז גבינה מותכת מחלב עיזים 23% שומן,קריות זול,,פרומעז גבינת עזים גל,גרמים,200.00,100 גרם,false,,25.50,0.1275,true,1,162693
7290000046327,false,גלבוע גבינה צהובה פרוסה 22% תנובה 200 גרם,תנובה מרכז שיתופי לש,,גבינה צהובה פרוסה 22,גרמים,200.00,100 גרם,false,,12.90,0.0645,true,1,162605
7290000046327,false,גלבוע גבינה צהובה פרוסה 22% תנובה 200 גרם,תנובה מרכז שיתופי לש,,גבינה צהובה פרוסה 22,גרמים,200.00,100 גרם,false,,12.90,0.0645,true,1,162694
7290000047942,false,**תנובה גבינה לבנה מהדרין 9% 250ג,תנובה מרכז שיתופי לש,,גבינה לבנה 9% 250 גר,גרמים,250.00,100 גרם,false,,4.98,0.0199,true,1,162606
7290000048185,false,גבינה לבנה 5% תנובה 250 גרם מהדרין,מיוצר עי קונדיטוריית,,גבינה לבנה 5% תנובה,גרמים,250.00,100 גרם,false,,4.98,0.0199,true,1,162697
7290000048192,false,גבינה לבנה 9% תנובה 250 גרם מהדרין,מחלבת אלון תבור,,גבינה לבנה 9% תנובה,גרמים,250.00,100 גרם,false,,4.98,0.0199,true,1,162698
7290000048413,false,פיראוס חמד גבינה מלוחה 16% שומן,תנובה מרכז שיתופי לש,,גבינת מלוחה חמד 16%,גרמים,250.00,100 גרם,false,,18.30,0.0732,true,1,162699
7290000048426,false,זוג כדורי שוקולד סוכ,,,זוג כדורי שוקולד סוכ,Unknown,0.00,יחידה,false,,7.00,0.0000,true,1,183353
7290000048437,false,פיראוס צפתית 5% שומן 200 גרם,פארייפאבה אגרואינדוס,,גבינה צפתית 5% פיראו,גרמים,200.00,100 גרם,false,,14.90,0.0745,true,1,162700
7290000049458,false,גבינת פטה עיזים 16% גביע פיראוס 250 ג',תנובה מרכז שיתופי לש,,פטה עיזים פיראוס 16%,גרמים,250.00,100 גרם,false,,28.50,0.1140,true,1,172604
7290000051307,false,"מארז הפסקת אוכל עם דגני עוגי ומשקה חלב עמיד בטעם וניל 150 מ""ל",תנובה מרכז שיתופי לש,,מארז הפסקת בטעם וניל,Unknown,1.00,יחידה,false,,9.90,9.9000,true,1,172605
7290000051376,false,יוגורט יופלה דיאט אננס 0% שומן 150 גרם,תנובה מרכז שיתופי לש,,יופלה דיאט אננס גביע,מיליליטרים,150.00,"100 מ""ל",false,,5.00,0.0333,true,1,162702
7290000052311,false,גבינה צהובה עמק לייט 15% שומן 200 גרם,תנובה מרכז שיתופי לש,,גבינה צהובה פרוסה 15,גרמים,200.00,100 גרם,false,,15.90,0.0795,true,1,162609
7290000052311,false,גבינה צהובה עמק לייט 15% שומן 200 גרם,תנובה מרכז שיתופי לש,,גבינה צהובה פרוסה 15,גרמים,200.00,100 גרם,false,,15.90,0.0795,true,1,162705
7290000052649,false,גבינת לאבנה 5% שומן 500 ג' פיראוס,תנובה מרכז שיתופי לש,,פיראוס לאבנה 5% גביע,מיליליטרים,500.00,"100 מ""ל",false,,18.90,0.0378,true,1,172563
7290000052717,false,גבינת קוטג' שום שמיר 5% תנובה 250 גרם,מיוצר עי קונדיטוריית,,גבינת קוטג' 5% עם שו,גרמים,250.00,100 גרם,false,,5.70,0.0228,true,1,172607
7290000055015,false,פיראוס גבינת פטה כבשים 5% תנובה 250 גרם,תנובה מחלבת טנא נוגה,,פיראוס פטה כבשים 5%,גרמים,250.00,100 גרם,false,,26.50,0.1060,true,1,172565
7290000055343,false,משקה יוגורט יופלה פירות טרופיים 250 גרם,תנובה מרכז שיתופי לש,,יופלה משקה יוגורט טר,גרמים,250.00,100 גרם,false,,5.40,0.0216,true,1,162708
7290000055553,false,חלה מתוקה בונז'ור,,,חלה מתוקה בונז'ור,יח',1.00,יח',false,,12.90,12.9000,true,1,170829
7290000055893,false,חמאה משמנת מפוסטרת 200גרם 82% כ.מהדרין - מוצר בפיקוח,תנובה מרכז שיתופי לש,,חמאה מהדרין תנובה 20,גרמים,200.00,100 גרם,false,,7.80,0.0390,true,1,162709
7290000056845,false,תנובה חלב טרי 3% שומן 1.5 ליטר - מוצר בפיקוח,פארייפאבה אגרואינדוס,,חלב טרי 3% בקרטון תנ,מיליליטרים,1500.00,"100 מ""ל",false,,9.34,0.0062,true,1,162710
7290000056906,false,מאגדת לבן טבעי 1.5% שומן 8 יח' * 150 ג' יופלה,מחלבת אלון תבור,,יוגורט לבן 1.5% יופל,מיליליטרים,1200.00,"100 מ""ל",false,,17.30,0.0144,true,1,162712
7290000056951,false,"תנובה, השף הלבן, שמנת לבישול 15% שומן 500 מל",תנובה מרכז שיתופי לש,,שמנת לבישול 15% 500,מיליליטרים,500.00,"100 מ""ל",false,,15.90,0.0318,true,1,162713
7290000057088,false,עמק גבינה צהובה פרוסה דק דק 28% תנובה 200 גרם,תנובה מרכז שיתופי לש,,עמק פרוס דק דק 28% 2,גרמים,200.00,100 גרם,false,,15.90,0.0795,true,1,162715
7290000057118,false,גבינה צהובה עמק 28% שומן ואקום 400 גרם,תנובה מרכז שיתופי לש,,גבינת עמק קלאסית פרו,גרמים,400.00,100 גרם,false,,20.90,0.0522,true,1,162716
7290000057132,false,יוגורט תנובה טבעי 1.5% גביע 200 גרם,מחלבת אלון תבור,,יוגורט ביו תנובה טבע,גרמים,200.00,100 גרם,false,,3.20,0.0160,true,1,162717
7290000057149,false,יוגורט תנובה טבעי 3% גביע 200 גרם,מיוצר עי קונדיטוריית,,יוגורט טבעי ביו 3% ת,גרמים,200.00,100 גרם,false,,3.20,0.0160,true,1,162718
7290000057552,false,יופלה דיאט עוגת גבינה ותות 0% גביע 150ג',תנובה בעמ,,יופלה דיאט עוגת גבינ,מיליליטרים,150.00,"100 מ""ל",false,,5.00,0.0333,true,1,162720
7290000058047,false,שמנת להקצפה 38% 500מל מהדרין עמיד השף הלבן,תנובה מרכז שיתופי לש,,שמנת להקצפה 38% שומן,מיליליטרים,500.00,"100 מ""ל",false,,12.94,0.0259,true,1,162722
7290000058283,false,פיראוס גבינת עיזים ל,,,פיראוס גבינת עיזים ל,גרמים,150.00,100 גרם,false,,15.50,0.1033,true,1,162611
7290000060071,false,אוסם - חטיפי פריכונים מאורז מלא קלוי 80גר,"פרח תעשיות מזון בע""מ.",,חטיפי פריכונים אורז,גרמים,80.00,100 גרם,false,,8.20,0.1025,true,1,159203
7290000060088,false,בייגלה מקלות מלוחים אסם 400 גרם,מיוצר עי קונדיטוריית,,בייגלה אסם מקלות מלו,גרמים,375.00,100 גרם,false,,9.90,0.0264,true,1,159204
7290000060200,false,פסטה אסם פתיתים אפויים קוסקוס 500גר,"אסם תעשיות בע""מ",,פתיתים אפויים קוסקוס,גרמים,500.00,100 גרם,false,,6.90,0.0138,true,1,159207
7290000060217,false,פסטה מקרוני מספר 7 אסם 500 גרם,פסטה זארה,,פסטה מקרוני מספר 7 א,גרמים,500.00,100 גרם,false,,5.90,0.0118,true,1,159208
7290000060248,false,פסטה אסם פתיתים תלתלים 500 גר',קריות זול,,פסטה תלתלים פרומנטי,גרמים,500.00,100 גרם,false,,5.90,0.0118,true,1,159209
7290000060408,false,פסטה אסם פתיתים אפויים טבעות 500 גר,"אסם השקעות בע""\מ",,פתיתים אפויים טבעות,גרמים,500.00,100 גרם,false,,6.90,0.0138,true,1,159213
7290000060576,false,פתיתים אפויים כוכבים אסם 500 גרם,"אסם השקעות בע""\מ",,פתיתים אפויים כוכבים,גרמים,500.00,100 גרם,false,,6.90,0.0138,true,1,159217
7290000060828,false,פסטה קרניים בינוניות אסם 500 גרם,קריות זול,,פסטה פרומנטי קרניים,גרמים,500.00,100 גרם,false,,5.90,0.0118,true,1,159219
7290000060880,false,פסטה ספגטי מספר 8 אסם 500 גרם,פסטה זארה,,פסטה ספגטי מספר 8 אס,גרמים,500.00,100 גרם,false,,5.90,0.0118,true,1,159222
7290000060903,false,פסטה אסם פתיתים אפויים אורז 500גר,"אסם השקעות בע""\מ",,פתיתים אפויים אורז א,גרמים,500.00,100 גרם,false,,6.90,0.0138,true,1,159223
7290000060958,false,פסטה אסם אטריות בינוניות 400 גרם,"אסם השקעות בע""\מ",,אטריות בינוניות אסם,גרמים,402.00,100 גרם,false,,6.90,0.0172,true,1,159225
7290000060965,false,פסטה אסם אטריות רחבות 400גר,"אסם השקעות בע""\מ",,אטריות רחבות אסם 400,גרמים,403.00,100 גרם,false,,6.90,0.0171,true,1,159226
7290000061061,false,קרקר חיטה עם בצל אסם,"אסם השקעות בע""\מ",,קרקר חיטה עם בצל אסם,גרמים,250.00,100 גרם,false,,10.90,0.0436,true,1,159228
7290000061108,false,"רוטב טריאקי 290 מ""ל-בקבוק","אסם השקעות בע""\מ",,רוטב טריאקי אסם 360,מיליליטרים,294.00,"100 מ""ל",false,,10.90,0.0371,true,1,159230
7290000061245,false,עוגיות שוקוצ'יפס במילוי שוקולד אסם 220 גרם,מיוצר עי קונדיטוריית,,עוגיות שוקוצ'יפס עם,גרמים,220.00,100 גרם,false,,10.90,0.0495,true,1,159232
7290000061764,false,קפה נמס מגורען רד מאג 200 גרם,נסטלה ספרד קפה,,קפה נמס מגורען רד מא,גרמים,200.00,100 גרם,false,,21.90,0.1095,true,1,159235
7290000063140,false,שקדי מרק רכיבים טבעיים בשקית 400 ג' אסם,"אסם תעשיות בע""מ",,אסם שקדי מרק רכיבים,גרמים,400.00,100 גרם,false,,11.90,0.0298,true,1,159242
7290000063157,false,"קמח עוגה תופח מאליו אסם 1 ק""ג","אסם השקעות בע""\מ",,קמח תופח מאליו אסם 1,גרמים,1000.00,100 גרם,false,,8.90,0.0089,true,1,159243
7290000064758,false,קוסקוס בינוני אמיתי אסם 350 ג',"מיוצר ע""י קוד יצרן K",,אסם קוסקוס אמיתי 350,גרמים,350.00,100 גרם,false,,7.90,0.0226,true,1,159245
7290000064871,false,"אוסם - מנה חמה פירה תפו""א עם בצל 56 גרם","אסם השקעות בע""מ",,"מנה חמה פירה תפו""א ו",גרמים,56.00,100 גרם,false,,5.90,0.1054,true,1,159246
7290000065090,false,מיני קרוטונים מתובלים למרק ולסלט אסם 400 גרם,עינת תעשיות מזון אגו,,אסם מיני קרוטונים למ,גרמים,400.00,100 גרם,false,,21.90,0.0547,true,1,159247
7290000065540,false,אוסם - מנה חמה פסטה מוקרמת בטעם עוף 55 גרם,"אסם השקעות בע""מ",,מנה חמה פסטה מוקרמת,גרמים,55.00,100 גרם,false,,5.90,0.1073,true,1,159249
7290000065557,false,אוסם - מנה חמה קוסקוס עם ירקות 84 גרם,"אסם תעשיות מזון בע""מ",,מנה חמה קוסקוס וירקו,גרמים,84.00,100 גרם,false,,5.90,0.0702,true,1,159250
7290000066189,false,ביסלי חטיף בטעם פלאפל אסם 200 גרם,"אסם השקעות בע""\מ",,ביסלי פלאפל 200 גרם,גרמים,200.00,100 גרם,false,,7.90,0.0395,true,1,159260
7290000066196,false,ביסלי חטיף בטעם גריל אסם 200 גרם,מיוצר עי קונדיטוריית,,ביסלי גריל 200 גרם,גרמים,200.00,100 גרם,false,,7.90,0.0395,true,1,159261
7290000066226,false,ביסלי חטיף בטעם פיצה אסם 200 גרם,מיוצר עי קונדיטוריית,,ביסלי פיצה 200 גרם,גרמים,200.00,100 גרם,false,,7.90,0.0395,true,1,159264
7290000066295,false,אסם במבה תות מחומרים טבעיים 30גר,מיוצר עי קונדיטוריית,,במבה מתוקה בטעם תות,גרמים,30.00,100 גרם,false,,2.90,0.0967,true,1,159266
7290000066332,false,אפרופו חטיף תירס אסם 50 גרם,מיוצר עי קונדיטוריית,,אפרופו 50 גרם,גרמים,50.00,100 גרם,false,,4.90,0.0980,true,1,159268
7290000066349,false,אפרופו חטיף תירס אסם 100 גרם,מיוצר עי קונדיטוריית,,אפרופו 100 גרם,גרמים,100.00,100 גרם,false,,8.90,0.0890,true,1,159269
7290000066431,false,פופקו חטיף פופקורן בטעם חמאה ודבש אסם 80 גרם,מיוצר עי קונדיטוריית,,פופקו חמאה ודבש 80 ג,גרמים,80.00,100 גרם,false,,5.40,0.0675,true,1,159270
7290000067544,false,פירורית זהב פירורי לחם אסם 200 גרם,עינת תעשיות מזון אגו,,אסם פירורית פירורי ל,גרמים,200.00,100 גרם,false,,6.40,0.0320,true,1,159276
7290000067599,false,אוסם - מנה חמה ספגטי רוטב בולנז 65 גרם,"אסם השקעות בע""\מ",,מנה חמה ספגטי בולונז,גרמים,65.00,100 גרם,false,,5.90,0.0908,true,1,159279
7290000068138,false,אינסטנט פודינג בטעם וניל אסם 80 גרם,מיוצר עי קונדיטוריית,,פודינג אינסטנט בטעם,גרמים,80.00,100 גרם,false,,5.50,0.0688,true,1,159282
7290000068190,false,אסם ג'לי תות שדה צבעים טבעיים 90 גרם,מיוצר עי קונדיטוריית,,ג'לי בטעם תות פרווה,גרמים,90.00,100 גרם,false,,6.30,0.0700,true,1,159285
7290000068343,false,אסם פריכונים פרוסות קלויות מלא,"פרח תעשיות מזון בע""מ.",,אסם פריכונים מאורז מ,גרמים,140.00,100 גרם,false,,7.90,0.0564,true,1,159291
7290000068787,false,במבה יום הולדת חטיף בוטנים אסם 25 גרם,מיוצר עי קונדיטוריית,,במבה יום הולדת 25 גר,גרמים,25.00,100 גרם,false,,2.50,0.1000,true,1,159293
7290000069364,false,פריכונים מאורז מלא ללא תוספת סוכר אסם 140 גרם,"פרח תעשיות מזון בע""מ.",,אסם פריכונים עגול או,גרמים,140.00,100 גרם,false,,7.90,0.0564,true,1,159296
7290000069609,false,אסם חטיפי קרקר זעתר 300 גרם,"אסם תעשיות בע""מ",,חטיפי קרקר זעתר אסם,גרמים,300.00,100 גרם,false,,11.90,0.0397,true,1,159297
7290000069715,false,אוסם - חטיפי קרקר מלוח 300 גרם,"אסם תעשיות בע""מ",,חטיפי קרקר מלוח אסם,גרמים,300.00,100 גרם,false,,11.90,0.0397,true,1,159299
7290000070308,false,אבקת מרק עוף אמיתי בשרי אסם 400 גרם,"אסם השקעות בע""\מ",,אסם מרק עוף אמיתי 40,גרמים,400.00,100 גרם,false,,18.70,0.0467,true,1,159302
7290000070322,false,אבקת מרק פטריות רכיבים טבעיים אסם 400 גרם,"אסם השקעות בע""\מ",,מרק פטריות רכיבים טב,גרמים,400.00,100 גרם,false,,26.90,0.0672,true,1,159303
7290000070353,false,אבקת מרק בצל רכיבים טבעיים אסם 400 גרם,"אסם השקעות בע""\מ",,מרק בצל מרכיבים טבעי,גרמים,400.00,100 גרם,false,,24.90,0.0622,true,1,159304
7290000070919,false,בייגלה אסם רשתות עם מלח 400 ג',מיוצר עי קונדיטוריית,,בייגלה רשתות כעכים ח,גרמים,400.00,100 גרם,false,,12.90,0.0323,true,1,159306
7290000072241,false,"רוטב פיצה 290 מ""ל-בקבוק","אסם השקעות בע""\מ",,רוטב לפיצה 320 גרם,מיליליטרים,290.00,"100 מ""ל",false,,10.90,0.0376,true,1,159311
7290000072623,false,קטשופ אסם בקבוק לחיץ 750 גרם,"אסם השקעות בע""מ",,קטשופ אסם בקבוק לחיץ,גרמים,750.00,100 גרם,false,,10.90,0.0145,true,1,159312
7290000072753,false,קפה נמס מגורען טסטרס צ'ויס 200 גרם-,לוטה נסטלה קוריאה,,קפה נמס מיובש בהקפאה,גרמים,200.00,100 גרם,false,,29.90,0.1495,true,1,159314
7290000072760,false,נסקפה טייסטרס צויס 100 גר אוריגנל,נסטלה קוריאה - קפה,,קפה נמס טסטר'ס צ'ויס,גרמים,100.00,100 גרם,false,,24.90,0.2490,true,1,159315
7290000072777,false,קפה נמס מגורען נטול קפאין טסטרס צ'ויס 200 גרם,לוטה נסטלה קוריאה,,טייסטר צ'וייס נטול ק,גרמים,200.00,100 גרם,false,,38.90,0.1945,true,1,159316
7290000072968,false,דגני בוקר סיני מיניס חיטה מלאה וקינמון נסטלה 500 גרם,נסטלה פולין דגני בוק,,סיני מיניס 500 גרם,גרמים,500.00,100 גרם,false,,23.90,0.0478,true,1,159317
7290000073415,false,אוסם - מנה חמה פסטה ברוטב פיצה 61 גרם,"אסם השקעות בע""\מ",,מנה חמה פסטה ברוטב פ,גרמים,61.00,100 גרם,false,,5.90,0.0967,true,1,159319
7290000073699,false,סלט חומוס סלטי צבר 1,סלטי צבר,,סלט חומוס סלטי צבר 1,גרמים,150.00,100 גרם,false,,5.50,0.0367,true,1,159320
7290000073767,false,מנה חמה נודלס אטר.+ירקות טעם בקר 70 גרם,PUB FOODS PRESIDENT THAI,,מנה חמה נודלס אטר.+י,גרמים,70.00,100 גרם,false,,5.90,0.0843,true,1,159322
7290000073774,false,מנה חמה נודלס אטר+ירקות טעם צילי 70 גרם,טאי רזידנט,,מנה חמה ירקות בטעם פ,גרמים,70.00,100 גרם,false,,5.90,0.0843,true,1,159323
7290000074153,false,ביסקוויט פתי בר שוקולד אסם 500 גרם,מיוצר עי קונדיטוריית,,פתי בר שוקו אסם 500,גרמים,500.00,100 גרם,false,,12.90,0.0258,true,1,159324
7290000074184,false,אוסם - פתי בר בינוני 500 גרם,"אסם השקעות בע""\מ",,פתי בר קלאסי אסם 500,גרמים,500.00,100 גרם,false,,10.90,0.0218,true,1,159325
7290000074245,false,אוסם - קרם קרקר אסם 250 גרם,"אסם השקעות בע""\מ",,אסם קרם קרקר 250 גרם,גרמים,250.00,100 גרם,false,,9.90,0.0396,true,1,159326
7290000074252,false,קרקר שומשון אסם 250 גרם,"אסם השקעות בע""\מ",,אסם קרקר שומשום 250,גרמים,250.00,100 גרם,false,,9.90,0.0396,true,1,159327
7290000074276,false,קרקר פיקנטי טבעון 250 ג' אסם,"אסם השקעות בע""\מ",,קרקר פיקנטי אסם 250,גרמים,250.00,100 גרם,false,,9.90,0.0396,true,1,159328
7290000074375,false,אוסם - קרקר זהב 150 גרם,"אסם השקעות בע""\מ",,אסם קרקר זהב 150 גרם,גרמים,150.00,100 גרם,false,,7.90,0.0527,true,1,159330
7290000074696,false,"קרם קרקר 1 ק""ג אוסם","אסם השקעות בע""\מ",,"אסם קרם קרקר 1 ק""ג",גרמים,1000.00,100 גרם,false,,24.90,0.0249,true,1,159332
7290000074764,false,קרקר הזהב אסם 900 גרם,"אסם השקעות בע""\מ",,אסם קרקר זהב 900 גרם,גרמים,900.00,100 גרם,false,,22.90,0.0254,true,1,159335
7290000075204,false,אוסם - לחמית חיטה מלאה 250 גרם,"אסם השקעות בע""\מ",,לחמית קרקר מקמח חיטה,גרמים,250.00,100 גרם,false,,9.50,0.0380,true,1,159338
7290000075693,false,עוגת הבית שמרים בריוש שוקולד אסם 360 גרם,מיוצר עי קונדיטוריית,,הבית עוגת שמרים בריו,גרמים,360.00,100 גרם,false,,16.90,0.0469,true,1,159339
7290000076126,false,אוסם - בייגלה שמיניות קטנות 80 גרם,"אסם השקעות בע""\מ",,אסם בייגלה שמיניות ק,גרמים,80.00,100 גרם,false,,3.10,0.0388,true,1,159340
7290000076133,false,בייגלה שמיניות קטנות עם מלח אסם 400 גרם,"אסם השקעות בע""\מ",,בייגלה אסם שמיניה קט,גרמים,400.00,100 גרם,false,,9.90,0.0248,true,1,159341
7290000076645,false,טוסטעים פת קלויה חיטה מלאה אסם 100 גרם,ון דר מולן האלום,,אסם טוסטעים חיטה מלא,גרמים,100.00,100 גרם,false,,10.90,0.1090,true,1,159342
7290000077017,false,עוגיות קרמוגית במילוי קרם שוקולד אסם 200 גרם,מיוצר עי קונדיטוריית,,אסם קרמוגית במילוי ש,גרמים,200.00,100 גרם,false,,10.90,0.0545,true,1,159343
7290000077253,false,אוסם - לחמית כפרית עם דגנים מלאים 190 גרם,"אסם השקעות בע""\מ",,לחמית כפרית 190 גרם,גרמים,190.00,100 גרם,false,,9.90,0.0521,true,1,159344
7290000078762,false,אוסם - חטיפי פריכונים מאורז מלא בטעם דבש 80גר,סנורייס בלגיום אן. ו,,חטיפי פריכונים אורז,גרמים,80.00,100 גרם,false,,8.20,0.1025,true,1,159346
7290000079233,false,קרם קרקר דיאטטי דל נתרן 250 גרם,"אסם תעשיות בע""מ",,אסם קרם קרקר דל נתרן,גרמים,250.00,100 גרם,false,,10.90,0.0436,true,1,159347
7290000080758,false,אוסם - טוסטעים פת קלוי 100 גרם,ון דר מולן האלום,,אסם טוסטעים 100 גרם,גרמים,100.00,100 גרם,false,,10.90,0.1090,true,1,159348
7290000080765,false,טוסטעים פת קלויה עם שומשום אסם 100 גרם,ון דר מולן האלום,,אסם טוסטעים עם שומשו,גרמים,100.00,100 גרם,false,,10.90,0.1090,true,1,159349
7290000081663,false,"בייגלה טבעות שומשום אסם 300 גרם בד""ץ",מיוצר עי קונדיטוריית,,אסם בייגלה טבעות שומ,גרמים,300.00,100 גרם,false,,9.90,0.0330,true,1,159350
7290000085159,false,פרורי ביסקוויט בטעם וניל הדר 250 גרם,גטניו אם החיטה,,פרורי ביסקוויט וניל,גרמים,250.00,100 גרם,false,,6.20,0.0248,true,1,181842
7290000085180,false,גטניו פתי בר וניל 470 גרם,"אחים גטניו בע""מ",,גטניו פתי בר 470 גרם,גרמים,470.00,100 גרם,false,,10.90,0.0232,true,1,163926
7290000090016,false,בננה,5 יחידות,,בננה,קילוגרמים,1.00,"ק""ג",true,,8.70,8.7000,true,1,182175
7290000090021,false,עגבניה,,,עגבניה,קילוגרמים,1.00,"ק""ג",true,,4.90,4.9000,true,1,182169
7290000090023,false,עגבניה,5 יחידות,,עגבניה,קילוגרמים,1.00,"ק""ג",true,,7.70,7.7000,true,1,182170
7290000090030,false,מלפפון ירוק,6 יחידות,,מלפפון ירוק,קילוגרמים,1.00,"ק""ג",true,,7.70,7.7000,true,1,182187
7290000090047,false,לימון,,,לימון,קילוגרמים,1.00,"ק""ג",true,,7.70,7.7000,true,1,182176
7290000090054,false,ממרח חמאה דנית,,,אבוקדו,קילוגרמים,1.00,"ק""ג",true,,10.70,10.7000,true,1,182188
7290000090078,false,תפוח עץ ירוק סמיט,4 יחידות,,תפוח עץ ירוק סמיט,קילוגרמים,1.00,"ק""ג",true,,10.90,10.9000,true,1,182189
7290000090085,false,תפוח עץ אדום חרמון,4 יחידות,,תפוח עץ אדום חרמון,קילוגרמים,1.00,"ק""ג",true,,9.90,9.9000,true,1,182190
7290000090108,false,פלפל אדום,5 יחידות,,פלפל אדום,קילוגרמים,1.00,"ק""ג",true,,10.70,10.7000,true,1,182177
7290000090115,false,קלמנטינה,,,קלמנטינה,קילוגרמים,1.00,"ק""ג",true,,6.90,6.9000,true,1,182191
7290000090122,false,אפרסמון,,,אפרסמון,קילוגרמים,1.00,"ק""ג",true,,12.90,12.9000,true,1,183919
7290000090139,false,תפוזים,3 יחידות,,תפוזים,קילוגרמים,1.00,"ק""ג",true,,5.90,5.9000,true,1,182192
7290000090146,false,תפוח פינק ליידי,,,תפוח פינק ליידי,קילוגרמים,1.00,"ק""ג",true,,15.90,15.9000,true,1,182193
7290000090153,false,בצל יבש לבן,4 יחידות,,בצל יבש לבן,קילוגרמים,1.00,"ק""ג",true,,4.70,4.7000,true,1,182178
7290000090160,false,בטטה,,,בטטה,קילוגרמים,1.00,"ק""ג",true,,7.70,7.7000,true,1,182194
7290000090177,false,אגס ירוק,5 יחידות,,אגס ירוק,קילוגרמים,1.00,"ק""ג",true,,12.90,12.9000,true,1,182195
7290000090184,false,תפוח עץ מוזהב,4 יחידות,,תפוח עץ מוזהב,קילוגרמים,1.00,"ק""ג",true,,9.90,9.9000,true,1,182196
7290000090191,false,פלפל צהוב,5 יחידות,,פלפל צהוב,קילוגרמים,1.00,"ק""ג",true,,10.70,10.7000,true,1,182197
7290000090207,false,שזיף אדום,,,שזיף אדום,קילוגרמים,1.00,"ק""ג",true,,16.70,16.7000,true,1,182198
7290000090214,false,בצל אדום,4 יחידות,,בצל אדום,קילוגרמים,1.00,"ק""ג",true,,6.70,6.7000,true,1,182199
7290000090221,false,רימון,,,רימון,קילוגרמים,1.00,"ק""ג",true,,8.70,8.7000,true,1,182200
7290000090238,false,אננס,,,אננס,Unknown,1.00,יחידה,false,,29.90,29.9000,true,1,182201
7290000090245,false,חציל,3 יחידות,,חציל,קילוגרמים,1.00,"ק""ג",true,,7.90,7.9000,true,1,182179
7290000090252,false,כרוב לבן שלם,1 יחידה,,כרוב לבן שלם,קילוגרמים,1.00,"ק""ג",true,,5.70,5.7000,true,1,182180
7290000090269,false,אשכולית אדומה,,,אשכולית אדומה,קילוגרמים,1.00,"ק""ג",true,,6.70,6.7000,true,1,182202
7290000090276,false,קיווי,,,קיווי,קילוגרמים,1.00,"ק""ג",true,,12.90,12.9000,true,1,182203
7290000090290,false,מלון,,,מלון,קילוגרמים,1.00,"ק""ג",true,,6.90,6.9000,true,1,182181
7290000090306,false,פומלה,,,פומלה,קילוגרמים,1.00,"ק""ג",true,,8.90,8.9000,true,1,182204
7290000090313,false,פלפל ירוק,5 יחידות,,פלפל ירוק,קילוגרמים,1.00,"ק""ג",true,,9.70,9.7000,true,1,182205
7290000090320,false,אבטיח אישי,,,אבטיח אישי,קילוגרמים,1.00,"ק""ג",true,,5.90,5.9000,true,1,182172
7290000090337,false,כרוב אדום שלם,,,כרוב אדום שלם,קילוגרמים,1.00,"ק""ג",true,,5.70,5.7000,true,1,182206
7290000090344,false,קולורבי,,,קולורבי,קילוגרמים,1.00,"ק""ג",true,,8.90,8.9000,true,1,182207
7290000090368,false,דלורית,,,דלורית,קילוגרמים,1.00,"ק""ג",true,,6.90,6.9000,true,1,182209
7290000090375,false,זוקיני ירוק,,,זוקיני ירוק,קילוגרמים,1.00,"ק""ג",true,,9.70,9.7000,true,1,182210
7290000090382,false,קרמבולה,,,קרמבולה,קילוגרמים,1.00,"ק""ג",true,,22.00,22.0000,true,1,188582
7290000090399,false,פומלית,,,פומלית,קילוגרמים,1.00,"ק""ג",true,,6.70,6.7000,true,1,182211
7290000090405,false,שומר,,,שומר,קילוגרמים,1.00,"ק""ג",true,,8.90,8.9000,true,1,182212
7290000090467,false,קישוא,5 יחידות,,קישוא,קילוגרמים,1.00,"ק""ג",true,,8.90,8.9000,true,1,182182
7290000090481,false,"תפו""ע לוליפופ",,,"תפו""ע לוליפופ",קילוגרמים,1.00,"ק""ג",true,,15.90,15.9000,true,1,184604
7290000090511,false,"תפו""א לבן תפזורת",3 יחידות,,"תפו""א לבן תפזורת",קילוגרמים,1.00,"ק""ג",true,,4.90,4.9000,true,1,182216
7290000090528,false,"תפו""א אדום תפזורת",3 יחידות,,"תפו""א אדום תפזורת",קילוגרמים,1.00,"ק""ג",true,,5.90,5.9000,true,1,182217
7290000090535,false,"תפו""ע לוליפופ",,,"תפו""ע לוליפופ",קילוגרמים,1.00,"ק""ג",true,,15.90,15.9000,true,1,182218
7290000090542,false,פלפל חריף,,,פלפל חריף,קילוגרמים,1.00,"ק""ג",true,,10.90,10.9000,true,1,182219
7290000090566,false,סלק אדום תפזורת,5 יחידות,,סלק אדום תפזורת,קילוגרמים,1.00,"ק""ג",true,,4.90,4.9000,true,1,182183
7290000090573,false,"שרי ק""ג",,,"שרי ק""ג",קילוגרמים,1.00,"ק""ג",true,,16.90,16.9000,true,1,182220
7290000090597,false,בוטן קאטאצ'נג במשקל,,,חסה ערבית יחידה,פריט,1.00,"ק""ג",false,,5.70,5.7000,true,1,182222
7290000090610,false,גזר ארוז,,,גזר ארוז,קילוגרמים,1.00,"ק""ג",true,,4.90,4.9000,true,1,182184
7290000090634,false,כרובית,,,כרובית,יח',1.00,יח',false,,9.90,9.9000,true,1,182223
7290000090665,false,צנון,,,צנון,קילוגרמים,1.00,"ק""ג",true,,6.90,6.9000,true,1,182225
7290000090672,false,לפת,,,לפת,קילוגרמים,1.00,"ק""ג",true,,6.90,6.9000,true,1,182226
7290000090689,false,שום בתפזורת,,,שום בתפזורת,קילוגרמים,1.00,"ק""ג",true,,22.90,22.9000,true,1,182227
7290000090696,false,אגס אדום,,,אגס אדום,קילוגרמים,1.00,"ק""ג",true,,14.90,14.9000,true,1,182228
7290000090740,false,ענב אדום,,,ענב אדום,קילוגרמים,1.00,"ק""ג",true,,24.90,24.9000,true,1,182232
7290000090757,false,תירס מתוק,,,תירס מתוק,קילוגרמים,1.00,"ק""ג",true,,8.70,8.7000,true,1,182185
7290000090771,false,סברס,,,סברס,קילוגרמים,1.00,"ק""ג",true,,14.90,14.9000,true,1,182234
7290000090788,false,פפאיה,,,פפאיה,קילוגרמים,1.00,"ק""ג",true,,17.90,17.9000,true,1,182235
7290000090795,false,פאי אגוזים,,,פלפל בהיר,קילוגרמים,1.00,"ק""ג",true,,10.90,10.9000,true,1,182236
7290000090801,false,ענב ירוק שקיל,,,ענב ירוק שקיל,קילוגרמים,1.00,"ק""ג",true,,24.90,24.9000,true,1,182237
7290000090870,false,ליצ'י,,,ליצ'י,גרמים,250.00,100 גרם,false,,12.90,0.0516,true,1,182588
7290000090962,false,לימון פרסי טחון במשק,,,ענבים שחורים,קילוגרמים,1.00,"ק""ג",true,,19.90,19.9000,true,1,183274
7290000090979,false,אגס נאשי,,,אגס נאשי,קילוגרמים,1.00,"ק""ג",true,,14.90,14.9000,true,1,182241
7290000091013,false,חבוש,,,חבוש,קילוגרמים,1.00,"ק""ג",true,,12.90,12.9000,true,1,182243
7290000091044,false,תפוח עץ גלה,4 יחידות,,תפוח עץ גלה,קילוגרמים,1.00,"ק""ג",true,,9.90,9.9000,true,1,182244
7290000091099,false,קוקוס,,,קוקוס,Unknown,1.00,יחידה,false,,6.90,6.9000,true,1,184687
7290000091105,false,אנונה,,,אנונה,קילוגרמים,1.00,"ק""ג",true,,19.90,19.9000,true,1,182248
7290000091112,false,בטטה קסביה,,,בטטה קסביה,קילוגרמים,1.00,"ק""ג",true,,12.90,12.9000,true,1,182593
7290000091129,false,תפוז ברשת,,,תפוז ברשת,קילוגרמים,1.00,"ק""ג",true,,4.90,4.9000,true,1,182249
7290000091143,false,אשכולית צהובה,,,אשכולית צהובה,קילוגרמים,1.00,"ק""ג",true,,6.70,6.7000,true,1,182250
7290000091150,false,"תפו""א לבן ארוז",,,"תפו""א לבן ארוז",קילוגרמים,1.00,"ק""ג",true,,5.90,5.9000,true,1,182251
7290000091167,false,פלפל כתום,5 יחידות,,פלפל כתום,קילוגרמים,1.00,"ק""ג",true,,10.70,10.7000,true,1,182252
7290000091242,false,שום ארוז יבוא,,,שום ארוז יבוא,Unknown,1.00,יחידה,false,,7.90,7.9000,true,1,182254
7290000091334,false,מלון ספרדי,,,מלון ספרדי,קילוגרמים,1.00,"ק""ג",true,,7.90,7.9000,true,1,182186
7290000091365,false,בצל שאלוט,,,בצל שאלוט,פריט,1.00,"ק""ג",false,,11.90,11.9000,true,1,182261
7290000091402,false,"תפו""ע ברשת",,,"תפו""ע ברשת",קילוגרמים,1.00,"ק""ג",true,,4.90,4.9000,true,1,182262
7290000091433,false,אפרסמון קרמבו,,,אפרסמון קרמבו,קילוגרמים,1.00,"ק""ג",true,,12.90,12.9000,true,1,183921
7290000091440,false,תות שדה 250 גרם,,,תות שדה 250 גרם,Unknown,1.00,יחידה,false,,19.90,19.9000,true,1,182263
7290000091457,false,תפוז אדום,,,תפוז אדום,קילוגרמים,1.00,"ק""ג",true,,6.90,6.9000,true,1,182264
7290000091464,false,פומלית אדומה,,,פומלית אדומה,קילוגרמים,1.00,"ק""ג",true,,6.90,6.9000,true,1,182265
7290000091501,false,תפוח אדמה גורמה דוד,,,תפוח אדמה גורמה דוד,קילוגרמים,1.00,"ק""ג",true,,6.90,6.9000,true,1,182269
7290000100128,false,פירות קפואים תות סנפרוסט 300 ג',"סנפרוסט בע""מ",,תות שדה 100% פרי סנפ,גרמים,300.00,100 גרם,false,,17.90,0.0597,true,1,181749
7290000100135,false,פירות קפואים סנפרוסט דובדבן 300 גר,"סנפרוסט בע""מ",,דובדבן מתוק 100% פרי,גרמים,300.00,100 גרם,false,,17.90,0.0597,true,1,181750
7290000100296,false,תערובת להכנת Smoothie ורוד תות ובננה,"סנפרוסט בע""\מ",,תערובת של תות ובננה,גרמים,300.00,100 גרם,false,,17.90,0.0597,true,1,181755
7290000101927,false,אוכמניות כחולות מוקפאות סנפרוסט 300 גרם,"איי, בי, אינבוו",,אוכמניות כחולות מוקפ,גרמים,300.00,100 גרם,false,,17.90,0.0597,true,1,181752
7290000101934,false,מיקס פירות יער מוקפאות 300 ג' סנפרוסט,"איי, בי, אינבוו",,תערובת פירות יער 100,גרמים,300.00,100 גרם,false,,14.90,0.0497,true,1,172737
7290000101941,false,אננס חתוך מוקפא סנפרוסט 300ג',"איי, בי, אינבוו",,אננס חתוך 100% פרי ט,גרמים,300.00,100 גרם,false,,17.90,0.0597,true,1,181753
7290000101958,false,מנגו חתוך מוקפא סנפרוסט 300ג',"איי, בי, אינבוו",,מנגו חתוך 100% פרי ט,גרמים,300.00,100 גרם,false,,14.90,0.0497,true,1,172738
7290000103365,false,מרק ירקות עשיר סנפרוסט 550 גרם,"איי, בי, אינבוו",,מרק ירקות סנפרוסט 55,גרמים,550.00,100 גרם,false,,17.90,0.0325,true,1,162970
7290000103815,false,לקט להקפצה בסגנון תאילנדי סנפרוסט 800 גרם,"סנפרוסט בע""\מ",,לקט להקפצה סגנון תאי,גרמים,800.00,100 גרם,false,,23.90,0.0299,true,1,172743
7290000103822,false,ירקות שמלווים עוף סנפרוסט 800ג',"סנפרוסט בע""\מ",,לקט לעוף פרווה סנפרו,גרמים,800.00,100 גרם,false,,22.90,0.0286,true,1,172744
7290000103846,false,מרק אפונה עשיר בירקות סנפרוסט 570 גרם,"סנפרוסט בע""\מ",,מרק אפונה סנפרוסט 57,גרמים,572.00,100 גרם,false,,17.90,0.0313,true,1,162972
7290000103860,false,מרק עדשים עשיר בירקות סנפרוסט 570 גרם,"איי, בי, אינבוו",,מרק עדשים סנפרוסט 57,גרמים,572.00,100 גרם,false,,17.90,0.0313,true,1,162973
7290000103877,false,מרק שעועית עשיר בירקות סנפרוסט 640 גרם,"סנפרוסט בע""\מ",,מרק שעועית סנפרוסט 6,גרמים,640.00,100 גרם,false,,17.90,0.0280,true,1,162974
7290000104201,false,אפונה עדינה סנפרוסט 600 גרם,"איי, בי, אינבוו",,אפונה עדינה סנפרוסט,גרמים,600.00,100 גרם,false,,17.90,0.0298,true,1,162976
7290000104218,false,סנפרוסט במיה 600 גרם,"איי, בי, אינבוו",,במיה סנפרוסט 600 גרם,גרמים,600.00,100 גרם,false,,15.90,0.0265,true,1,172745
7290000104676,false,אפונה קפואה סנפרוסט 800 גרם,"איי, בי, אינבוו",,אפונת גינה סנפרוסט 8,גרמים,800.00,100 גרם,false,,17.90,0.0224,true,1,162977
7290000104683,false,שעועית ירוקה שלמה סנפרוסט 800 גרם,"סנפרוסט בע""\מ",,שעועית ירוקה שלמה סנ,גרמים,800.00,100 גרם,false,,19.90,0.0249,true,1,162978
7290000104690,false,תירס גרעינים 800 גרם סנפרוסט,"איי, בי, אינבוו",,גרעיני תירס 800 גרם,גרמים,800.00,100 גרם,false,,17.70,0.0221,true,1,162979
7290000104713,false,פול ירוק סנפרוסט 800 גרם,"איי, בי, אינבוו",,תרד סנפרוסט 800 גרם,גרמים,800.00,100 גרם,false,,23.90,0.0299,true,1,172747
7290000104720,false,שעועית ירוקה חתוכה סנפרוסט 800 גרם,"סנפרוסט בע""\מ",,שעועית ירוקה חתוכה ס,גרמים,800.00,100 גרם,false,,18.70,0.0234,true,1,162980
7290000104737,false,שעועית צהובה חתוכה סנפרוסט 800 גרם,"סנפרוסט בע""\מ",,שעועית צהובה חתוכה ס,גרמים,800.00,100 גרם,false,,18.90,0.0236,true,1,172748
7290000104744,false,כרובית סנפרוסט 800 גרם,"סנפרוסט בע""\מ",,כרובית 800 גרם סנפרו,גרמים,800.00,100 גרם,false,,24.90,0.0311,true,1,162981
7290000104768,false,עלי תרד סנפרוסט 800 גרם,"איי, בי, אינבוו",,עלי תרד סנפרוסט 800,גרמים,800.00,100 גרם,false,,24.90,0.0311,true,1,172750
7290000104799,false,שעועית לבנה מבושלת סנפרוסט 800 גרם,"איי, בי, אינבוו",,שעועית לבנה מבושלת ס,גרמים,800.00,100 גרם,false,,19.90,0.0249,true,1,172752
7290000104805,false,גרגירי חומוס מבושלים סנפרוסט 800 גרם,"איי, בי, אינבוו",,גרגרי חומוס מבושל סנ,גרמים,800.00,100 גרם,false,,19.90,0.0249,true,1,162962
7290000104805,false,גרגירי חומוס מבושלים סנפרוסט 800 גרם,"איי, בי, אינבוו",,גרגרי חומוס מבושל סנ,גרמים,800.00,100 גרם,false,,19.90,0.0249,true,1,162982
7290000104829,false,קלחי תירס חתוכים סנפרוסט 1 קילו,"איי, בי, אינבוו",,קלחוני תירס סנפרוסט,גרמים,1000.00,100 גרם,false,,19.90,0.0199,true,1,172753
7290000104836,false,שעועית ירוקה עדינה שלמה סנפרוסט 600 גרם,"סנפרוסט בע""\מ",,שעועית עדינה שלמה סנ,גרמים,600.00,100 גרם,false,,21.90,0.0365,true,1,162983
7290000104904,false,לקט ירקות מעורבים סנפרוסט 800 גרם,"איי, בי, אינבוו",,לקט ירקות מעורבים סנ,גרמים,800.00,100 גרם,false,,22.90,0.0286,true,1,172755
7290000104911,false,לקט נורמנדי סנפרוסט 800 גרם,"איי, בי, אינבוו",,לקט נורמנדי סנפרוסט,גרמים,800.00,100 גרם,false,,22.90,0.0286,true,1,162984
7290000107189,false,תחתיות ארטישוק 400 גרם סנפרוסט,"איי, בי, אינבוו",,תחתיות ארטישוק סנפרו,גרמים,800.00,100 גרם,false,,23.90,0.0299,true,1,162985
7290000107295,false,תפרחות ברוקולי סנפרוסט 800 גרם,"איי, בי, אינבוו",,תפרחות ברוקולי סנפרו,גרמים,800.00,100 גרם,false,,24.90,0.0311,true,1,162986
7290000111117,false,בדין מרכך כביסה לבן 4 ליטר,יוניליור ישראל טיפוח איש,,בדין מרכך כביסה לבן,קילוגרמים,4.00,ליטר,false,,19.90,4.9750,true,1,161264
7290000112220,false,טחינה גולמית שומשום טהור בארכה 500 גרם,"רושדי תעשיות מזון בע""\מ",,טחינה גולמית 100% בא,גרמים,500.00,100 גרם,false,,13.90,0.0278,true,1,159351
7290000112503,false,מרק עשיר ירקות קנור 69 גרם - שקיות,יוניליוור ישראל מזון בע\,,מרק קנור עשיר ירקות,גרמים,61.00,100 גרם,false,,9.30,0.1525,true,1,161269
7290000116884,false,"רוטב ברביקיו קנור 300 גרם בד""צ",יוניליוור ישראל מזון בע\,,רוטב ברביקיו פרווה ק,גרמים,350.00,100 גרם,false,,10.90,0.0311,true,1,161276
7290000116945,false,"רוטב סויה קלאסי קנור בד""צ 350 גרם","יוניליוור ישראל מזון בע""",,רוטב סויה קלאסי פרוו,גרמים,350.00,100 גרם,false,,10.90,0.0311,true,1,161278
7290000117720,false,נמס בכוס פטריות קנור 21.5 גרם מארז זוגי,יוניליוור ישראל מזון בע\,,נמס בכוס מרק פטריות,גרמים,41.00,100 גרם,false,,6.90,0.1683,true,1,161279
7290000120836,false,"מיונז אמיתי 394 גרם ""הלמנס""",קונפקו אינק' די.בי.א,,מיונז הלמנס אמיתי צנ,גרמים,394.00,100 גרם,false,,10.90,0.0277,true,1,161283
7290000120874,false,מיונז הלמנס לייט מופחת קלוריות 424ג,"יונילוור ארה""ב - HPC",,מיונז הלמנס מופחת קל,גרמים,424.00,100 גרם,false,,10.90,0.0257,true,1,161284
7290000121031,false,החתול המחייך גבינה מותכת 14% מון בלאן 120 גרם,החתול המחייך,,גבינה מותכת למריחה ה,גרמים,120.00,100 גרם,false,,10.60,0.0883,true,1,160956
7290000121093,false,גבינה מותכת לייט בטעם שוויצרי 7% מון בלאן 120 גר',האי נאם סי או אל.טי.,,מון בלאן שויצרית 120,גרמים,120.00,100 גרם,false,,11.40,0.0950,true,1,160959
7290000121154,false,גבינה מותכת לייט עם סלמון 7% מון בלאן 120 גרם,האי נאם סי או אל.טי.,,מון בלאן סלמון 120 ג,גרמים,120.00,100 גרם,false,,11.40,0.0950,true,1,160962
7290000125251,true,מרכך כביסה בייבי בדי,,,מרכך כביסה בייבי בדי,,0.00,,false,,16.90,0.0000,true,1,185203
7290000135045,false,"XL TEN משקה אנרגיה פתוח ללא סוכר 250 מ""ל","טמפו משקאות בע""\מ",,פחית XL TEN תפוח 250,מיליליטרים,250.00,"100 מ""ל",false,,4.80,0.0192,true,1,162111
7290000135052,false,"XL TEN משקה אנרגיה מנגו ללא סוכר 250 מ""ל","טמפו משקאות בע""\מ",,משקה אנרגיה מוגז בטע,מיליליטרים,250.00,"100 מ""ל",false,,4.80,0.0192,true,1,162112
7290000135113,false,"משקה אנרגיה XL פחית ten נענע ליים 250 מ""ל","טמפו משקאות בע""\מ",,פחית XL TEN נענע-ליי,מיליליטרים,250.00,"100 מ""ל",false,,4.80,0.0192,true,1,162113
7290000135151,false,"טמפו סודה למון ליים בקבוק 250 מ""ל",טמפו משקאות בעמ,,סודה נגיעות למון ליי,מיליליטרים,275.00,"100 מ""ל",false,,3.50,0.0127,true,1,162114
7290000135168,false,"פפסי מקס ליים מארז שישייה פחית צרה 330 מ""ל","טמפו משקאות בע""מ",,שישיית פחיות פפסי מק,מיליליטרים,1980.00,"100 מ""ל",false,,20.90,0.0106,true,1,162115
7290000135311,false,פפסי מקס ליים 1.5 ליטר בודד,"טמפו משקאות בע""\מ",,פפסי מקס בטעם ליים 1,מיליליטרים,1500.00,"100 מ""ל",false,,7.80,0.0052,true,1,162117
7290000135342,false,"מי סודה טמפו בקבוק 500 מ""ל","טמפו משקאות בע""\מ",,סודה 500,מיליליטרים,500.00,"100 מ""ל",false,,3.20,0.0064,true,1,185739
7290000135595,false,פפסי מקס בטעם דובדבן 1.5 ללא סוכר,"טמפו משקאות בע""\מ",,פפסי מקס דובדבן 1.5,מיליליטרים,1500.00,"100 מ""ל",false,,7.80,0.0052,true,1,181866
7290000136141,false,משקה בטעם קולה 1.5ל' פפסי,"טמפו משקאות בע""\מ",,פפסי משקה קולה מוגז,מיליליטרים,1500.00,"100 מ""ל",false,,7.80,0.0052,true,1,184556
7290000136158,false,פפסי מקס משקה מוגז דל קלוריות בטעם קולה,"טמפו משקאות בע""\מ",,פפסי מקס 1.5 ליטר,מיליליטרים,1500.00,"100 מ""ל",false,,7.80,0.0052,true,1,184557
7290000136165,false,טמפו מירינדה 1.5 ליטר,"טמפו משקאות בע""\מ",,מירנדה 1.5 ליטר,מיליליטרים,1500.00,"100 מ""ל",false,,7.80,0.0052,true,1,184558
7290000136172,false,סבן אפ 1.5 ליטר בודד,"טמפו משקאות בע""\מ",,סבן אפ 1.5 ליטר,מיליליטרים,1500.00,"100 מ""ל",false,,7.80,0.0052,true,1,184559
7290000136189,false,סבן אף דיאט 1.5 ליטר בודד,"טמפו משקאות בע""\ם.",,דיאט סבן אפ 1.5 ליטר,מיליליטרים,1500.00,"100 מ""ל",false,,7.20,0.0048,true,1,184560
7290000136240,false,סודה 1.5 ליטר שישייה בודד,"טמפו משקאות בע""\מ",,מי סודה טמפו 1.5 ליט,מיליליטרים,1500.00,"100 מ""ל",false,,3.80,0.0025,true,1,184561
7290000136288,false,"סירופ בטעם תפוחים ג'ויסר סיידר הגליל 330 מ""ל","טמפו משקאות בע""\מ",,סירופ בטעם תפוחים סי,מיליליטרים,330.00,"100 מ""ל",false,,16.90,0.0512,true,1,186746
7290000136431,false,משקה בטעם אפרסק צלול תריסר 1.5 ל' ג'אמפ,"טמפו משקאות בע""\מ",,ג'אמפ אפרסק 1.5 ליטר,מיליליטרים,1500.00,"100 מ""ל",false,,7.50,0.0050,true,1,184563
7290000136455,false,משקה בטעם אשכוליות תריסר 1.5 ל' ג'אמפ,"טמפו משקאות בע""\ם.",,ג'אמפ אשכוליות 1.5 ל,מיליליטרים,1500.00,"100 מ""ל",false,,7.50,0.0050,true,1,184564
7290000136523,false,משקה בטעם ענבים תריסר 1.5 ל' ג'אמפ,"טמפו משקאות בע""\ם.",,ג'אמפ ענבים 1.5 ליטר,מיליליטרים,1500.00,"100 מ""ל",false,,7.50,0.0050,true,1,184567
7290000136561,false,משקה בטעם תות בננה תריסר 1.5 ל' ג'אמפ,"טמפו משקאות בע""\מ",,ג'אמפ תות בננה 1.5 ל,מיליליטרים,1500.00,"100 מ""ל",false,,7.50,0.0050,true,1,184568
7290000136585,false,משקה בטעם תפוזים תריסר 1.5 ל' ג'אמפ,"טמפו משקאות בע""\ם.",,ג'אמפ תפוזים 1.5 ליט,מיליליטרים,1500.00,"100 מ""ל",false,,7.50,0.0050,true,1,184569
7290000136608,false,משקה בטעם תפוח צלול תריסר 1.5 ל' ג'אמפ,"טמפו משקאות בע""\ם.",,ג'אמפ תפוחים 1.5 ליט,מיליליטרים,1500.00,"100 מ""ל",false,,7.50,0.0050,true,1,184570
7290000136646,false,בירה נשר מאלט ללא אלכוהול 1.5 ליטר,"טמפו משקאות בע""\מ",,בירה שחורה נשר מאלט,מיליליטרים,1500.00,"100 מ""ל",false,,9.20,0.0061,true,1,184832
7290000136653,false,דיאט נשר מאלט ללא אלכוהול 1.5 ליטר,"טמפו משקאות בע""\מ",,בירה נשר מאלט דיאט 1,מיליליטרים,1500.00,"100 מ""ל",false,,9.20,0.0061,true,1,184571
7290000136660,false,סודה טמפו ליטר וחצי,טמפו,,מי סודה טמפו 1.5 ליט,מיליליטרים,1500.00,"100 מ""ל",false,,3.80,0.0025,true,1,185207
7290000136677,false,פפסי קולה פיקדון 1.5 ליטר,טמפו,,פפסי משקה קולה מוגז,מיליליטרים,1500.00,"100 מ""ל",false,,7.80,0.0052,true,1,185208
7290000136684,false,פפסי מקס משקה מוגז דל קלוריות בטעם קולה,טמפו,,פפסי מקס 1.5 ליטר,מיליליטרים,1500.00,"100 מ""ל",false,,7.80,0.0052,true,1,185209
7290000136691,false,מארז שישייה סבן אפ 1.5 ל',סבן אפ 7up,,שישיית סבן אפ 1.5 לי,מיליליטרים,9000.00,"100 מ""ל",false,,40.70,0.0045,true,1,184572
7290000136707,false,טמפו מירינדה 1.5 ליטר,טמפו,,מירנדה 1.5 ליטר,מיליליטרים,1500.00,"100 מ""ל",false,,7.80,0.0052,true,1,185210
7290000136752,false,סבן אפ דיאט מארז שישייה 1.5 ל' FREE,"טמפו משקאות בע""\מ",,שישיית דיאט סבן אפ 1,מיליליטרים,9000.00,"100 מ""ל",false,,40.50,0.0045,true,1,184573
7290000136776,false,שישיית פפסי מקס דל קלוריות 1.5 ליטר,פפסי Pepsi,,שישיית פפסי מקס 1.5,מיליליטרים,9000.00,"100 מ""ל",false,,40.50,0.0045,true,1,184575
7290000136790,false,שישיית מי סודה טמפו 1.5 ליטר,"טמפו משקאות בע""\מ",,מי סודה במארז טמפו 6,מיליליטרים,9000.00,"100 מ""ל",false,,17.70,0.0020,true,1,184577
7290000136851,false,סבן אפ פיקדון 1.5 ליטר,טמפו,,סבן אפ 1.5 ליטר,מיליליטרים,1500.00,"100 מ""ל",false,,7.80,0.0052,true,1,185211
7290000136868,false,סאן בנדטו - מים מינרלים - מארז שישיית 1.5 ליטר,אקווה מינרלה סאן בנדטו ב,,מים מינרלים סאן בנדט,קילוגרמים,9.00,ליטר,false,,20.40,2.2667,true,1,185057
7290000136936,false,סבן אפ דיאט בקבוק 1.,טמפו,,דיאט סבן אפ 1.5 ליטר,מיליליטרים,1500.00,"100 מ""ל",false,,7.20,0.0048,true,1,185212
7290000137513,false,גלידונית גלידה וניל בציפוי שוקולד 60 יח' קרמיסימו,"גלידת שטראוס בע""\מ, רחוב",,קרמיסימו גלידונית ונ,Unknown,60.00,יחידה,false,,43.90,0.7317,true,1,167466
7290000137643,false,שלגוני טעמקור בטעם שוקו וניל שטראוס 8*50 גרם,"גלידת שטראוס בע""\מ, רחוב",,מאגדת טעמקור שוקו ונ,Unknown,8.00,יחידה,false,,33.90,4.2375,true,1,167467
7290000144160,false,"שמן זית כתית ארומתי מודגש עץ הזית 750 מ""ל","מרקאולאו, ספרד.אבסה,",,שמן זית ארומטי עץ הז,מיליליטרים,750.00,"100 מ""ל",false,,33.90,0.0452,true,1,163927
7290000144474,false,שמן עץ הזית קנולה 1 ליטר בריאות מהטבע,שמן תעשיות בעמ,,שמן קנולה בריאות עץ,מיליליטרים,1000.00,"100 מ""ל",false,,15.90,0.0159,true,1,163899
7290000144474,false,שמן עץ הזית קנולה 1 ליטר בריאות מהטבע,שמן תעשיות בעמ,,שמן קנולה בריאות עץ,מיליליטרים,1000.00,"100 מ""ל",false,,15.90,0.0159,true,1,163929
7290000148485,false,ברוקולי מהדרין יבולי,,,ברוקולי מהדרין יבולי,קילוגרמים,1.00,"ק""ג",true,,24.90,24.9000,true,1,185408
7290000158105,false,שניצל עוף מיני דינוזאור ללא אנטיביוטיקה מ100% ר.טבעי,"מוצרי עוף טוב (2001) בע""",,שניצל עוף מיני דינוז,גרמים,700.00,100 גרם,false,,34.90,0.0499,true,1,159356
7290000169538,false,"נמס בכוס עגבניות וקרוטונים מרק כשרות בד""ץ 62 ג' קנור",יוניליוור ישראל מזון בע\,,נמס בכוס מרק עגבניות,גרמים,62.00,100 גרם,false,,6.90,0.1113,true,1,161316
7290000174723,false,שוקולית אבקה להכנת משקה שוקו 500 גרם,הנסיך- מפעל לייצור ט,,שוקולית קופסא עלית 5,גרמים,500.00,100 גרם,false,,11.90,0.0238,true,1,167009
7290000176079,false,קפה עלית טורקי עם הל 100 גרם,הנסיך- מפעל לייצור ט,,קפה טורקי עם הל 100,גרמים,100.00,100 גרם,false,,8.90,0.0890,true,1,167010
7290000176147,false,קפה לפילטר קלוי וטחון מוקה מספר 1 עלית 500 גרם,ELITE CAFE SP. ZO.O,,קפה לפילטר 500 גרם,גרמים,500.00,100 גרם,false,,49.90,0.0998,true,1,167011
7290000176420,false,קפה נמס פחית עלית 200 גרם,שטראוס קפה בי.וי,,קפה נמס עלית 200 גרם,גרמים,200.00,100 גרם,false,,19.90,0.0995,true,1,167012
7290000176468,false,קפה נמס נטול קפאין 50 ג' קפה האג,"איי, בי, אינבוו",,קפה נמס נטול האג עלי,גרמים,50.00,100 גרם,false,,10.90,0.2180,true,1,167013
7290000178707,false,תפוצ'יפס בטעם טבעי 50 גרם,"שטראוס פריטו ליי בע""\מ )",,תפוציפס טבעי 50 גרם,גרמים,50.00,100 גרם,false,,4.00,0.0800,true,1,158659
7290000178721,false,תפוצ'יפס בטעם טבעי 200 גרם,"שטראוס פריטו ליי בע""\מ )",,תפוציפס 200 גרם,גרמים,200.00,100 גרם,false,,10.90,0.0545,true,1,158660
7290000186931,false,ניקול כריות קרצוף חתוכות 12 יח',ניקול,,כריות קרצוף חתוכות 1,Unknown,1.00,יחידה,false,,10.90,10.9000,true,1,160719
7290000189550,false,"שקיות אשפה ענקיות עם שרוך 78 * 90 ס""מ ניקול 2 * 10 יחידות",חוגלה קימברלי,,שקיות אשפה מתכלות עם,Unknown,20.00,יחידה,false,,24.90,1.2450,true,1,160701
7290000189550,false,"שקיות אשפה ענקיות עם שרוך 78 * 90 ס""מ ניקול 2 * 10 יחידות",חוגלה קימברלי,,שקיות אשפה מתכלות עם,Unknown,20.00,יחידה,false,,24.90,1.2450,true,1,160735
7290000191171,false,קלינקס קולקשן ניילון אריזת זוג,חוגלה קימברלי,,קלינקס קולקשן זוג ני,Unknown,2.00,יחידה,false,,10.90,5.4500,true,1,160741
7290000195216,false,נייר אפייה בשקית ניקול 50 יחידות,ניקול,,נייר אפייה בשקית 50,Unknown,50.00,יחידה,false,,10.90,0.2180,true,1,160750
7290000196039,false,"מפות שולחן איריס ח""פ ניקול 2 יח'",חוגלה קימברלי,,מפת שולחן 110*180 ני,Unknown,2.00,יחידה,false,,11.90,5.9500,true,1,160703
7290000196039,false,"מפות שולחן איריס ח""פ ניקול 2 יח'",חוגלה קימברלי,,מפת שולחן 110*180 ני,Unknown,2.00,יחידה,false,,11.90,5.9500,true,1,160754
7290000197425,false,חיתולים פרידום דריי שלב 3 האגיס 52 יחידות,קימברלי קלארק ישראל,,האגיס פרידום דריי של,Unknown,54.00,יחידה,false,,44.90,0.8315,true,1,160757
7290000197753,false,ניילון נצמד אנטי בטקריאלי ניקול 30X2מ',חוגלה קימברלי,,ניילון נצמד צר ניקול,Unknown,2.00,יחידה,false,,10.90,5.4500,true,1,160764
7290000207162,false,רוטב עגבניות מרכיב טבעי 100 ג' יכין,"זנלכל בע""\מ",,רוטב עגבניות יכין 22,גרמים,100.00,100 גרם,false,,2.50,0.0250,true,1,163931
7290000208114,false,"אפונה וגזר יכין A2 פ""ק בית יוסף","זנלכל בע""\מ",,אפונה וגזר יכין 550,גרמים,335.00,100 גרם,false,,8.50,0.0254,true,1,163933
7290000208213,false,שעועית לבנה אפויה A2 ברוטב עגבניות יכין 560ג',היינץ צפון אמריקה מק,,שעועית לבנה רוטב עגב,גרמים,355.00,100 גרם,false,,8.90,0.0251,true,1,163935
7290000208312,false,גרעיני תירס מתוק בואקום יכין 400 גר',"זנלכל בע""\מ",,גרעיני תירס מתוק יכי,גרמים,245.00,100 גרם,false,,6.90,0.0282,true,1,163936
7290000208329,false,גרעיני תירס מתוק 550 גרם יכין,"זנלכל בע""\מ",,גרעיני תירס מתוק יכי,גרמים,335.00,100 גרם,false,,8.50,0.0254,true,1,163937
7290000208336,false,רסק יכין 240גר 22% יכין בית יוסף,"זנלכל בע""\מ",,יכין רוטב עגבניות 26,גרמים,260.00,100 גרם,false,,4.50,0.0173,true,1,163938
7290000208428,false,חומוס יכין שלם 550 גר A/2,היינץ צפון אמריקה מק,,חומוס שלם יכין 550 ג,גרמים,290.00,100 גרם,false,,8.90,0.0307,true,1,163939
7290000208947,false,עגבניות מרוסקות 240 גרם יכין,היינץ צפון אמריקה מק,,עגבניות מרוסקות יכין,גרמים,260.00,100 גרם,false,,6.50,0.0250,true,1,163941
7290000209371,false,שלישיית תירס ואקום יכין 165 גרם,היינץ צפון אמריקה מק,,גרעיני תירס מתוק יכי,גרמים,420.00,100 גרם,false,,14.90,0.0355,true,1,163945
7290000209722,false,רסק עגבניות 28% פריכוז 580 גרם יכין,"זנלכל בע""\מ",,רוטב עגבניות פריכוז,גרמים,580.00,100 גרם,false,,10.90,0.0188,true,1,163949
7290000209944,false,רוטב לעגבניות בסיס לשקשוקה 240 ג' יכין,"זנלכל בע""\מ",,רוטב עגבניות לשקשוקה,גרמים,260.00,100 גרם,false,,6.50,0.0250,true,1,163950
7290000209951,false,רוטב עגבניות לפיצה 240 גרם יכין,"זנלכל בע""\מ",,רוטב עגבניות לפיצה י,גרמים,260.00,100 גרם,false,,6.50,0.0250,true,1,163951
7290000211169,false,"אורז תאילנדי אחד אחד סוגת 1 ק""ג",האי נאם סי או אל.טי.,,אורז תאילנדי סוגת 1,גרמים,1000.00,100 גרם,false,,6.90,0.0069,true,1,163952
7290000211312,false,סוגת אורז מלא פרסי אחד אחד 1 קג,האי נאם סי או אל.טי.,,אורז מלא ארוך סוגת 1,גרמים,1000.00,100 גרם,false,,8.90,0.0089,true,1,163953
7290000211442,false,"סוגת אורז פרסי קלאסי שקית 1 ק""ג",האי נאם סי או אל.טי.,,אורז פרסי קלאסי סוגת,גרמים,1000.00,100 גרם,false,,9.90,0.0099,true,1,163900
7290000211442,false,"סוגת אורז פרסי קלאסי שקית 1 ק""ג",האי נאם סי או אל.טי.,,אורז פרסי קלאסי סוגת,גרמים,1000.00,100 גרם,false,,10.90,0.0109,true,1,163954
7290000211503,false,סוכר לבן ארוז בשקית,"סוגת תעשיות בע""\מ",,"סוכר לבן נייר 1 ק""ג",גרמים,1000.00,100 גרם,false,,4.50,0.0045,true,1,163955
7290000211985,false,"אורז ריזוטו עגול סוגת 1 ק""ג","סוגת תעשיות בע""\מ",,אורז לבן עגול סוגת 1,גרמים,1000.00,100 גרם,false,,9.90,0.0099,true,1,163957
7290000225940,false,פילה סלומון 1-1.4 קפ,,,פילה סלמון קפוא,קילוגרמים,1.00,"ק""ג",true,,74.90,74.9000,true,1,183905
7290000225957,false,פילה דג סלמון קפוא,,,פילה סלמון קפוא,קילוגרמים,1.00,"ק""ג",true,,74.90,74.9000,true,1,183906
7290000226514,false,עוגת דובוש טעם ריבת חלב קפולסקי 450 גרם,תופינים מקבוצת קפולסקי,,עוגת דובוש טעם ריבת,גרמים,450.00,100 גרם,false,,39.90,0.0887,true,1,183667
7290000238029,false,"בצק עלים צרפתי מרודד מעדנות 1 ק""ג",מיוצר עי קונדיטוריית,,בצק עלים צרפתי מרודד,גרמים,1000.00,100 גרם,false,,21.90,0.0219,true,1,162987
7290000238036,false,מלאווח בקופסא מעדנות 700 גרם,מיוצר עי קונדיטוריית,,מלאווח מעדנות 700 גר,גרמים,700.00,100 גרם,false,,16.90,0.0241,true,1,162988
7290000238173,false,בורקס גבינה מעדנות 800 גרם,מיוצר עי קונדיטוריית,,בורקס גבינה מעדנות 8,גרמים,800.00,100 גרם,false,,19.90,0.0249,true,1,162989
7290000238180,false,בורקס תפוחי אדמה מעדנות 800 גרם,מיוצר עי קונדיטוריית,,בורקס תפוחי אדמה מעד,גרמים,800.00,100 גרם,false,,18.90,0.0236,true,1,162990
7290000244761,false,"קרם ידיים ולווטה 100 מ""ל",טרופיקל דגיל קוסמטיק,,ולוטה קרם ידיים 100,מיליליטרים,100.00,"100 מ""ל",false,,8.90,0.0890,true,1,165483
7290000245270,false,"פרסיל אבקה לכביסה רגיל שקית 1.25 ק""ג","הנקל סוד בע""מ",,אבקת כביסה פרסיל 1.2,גרמים,1250.00,100 גרם,false,,15.90,0.0127,true,1,160845
7290000245287,false,"פרסיל אבקת כביסה 1.250 ק""ג קולור ויניגר","הנקל סוד בע""מ",,פרסיל אבקת כביסה 1.2,גרמים,1250.00,100 גרם,false,,15.90,0.0127,true,1,160846
7290000245294,false,"א.כ. פרסיל סופרא שקית 2.5 ק""ג","הנקל סוד בע""\מ",,פרסיל אבקת כביסה 2.5,גרמים,2500.00,100 גרם,false,,24.90,0.0100,true,1,160847
7290000253220,false,שוקולד צ'יפס חום אופנהיימר 260 גר',אופנהיימר,,שוקולד צ'יפס חום 260,גרמים,260.00,100 גרם,false,,11.90,0.0458,true,1,159001
7290000253251,false,שוקולד צ'יפס לבן אופנהיימר 250 גרם,אופנהיימר,,שוקולד צ'יפס לבן 250,גרמים,250.00,100 גרם,false,,11.90,0.0476,true,1,159003
7290000253459,false,נטיפי צ'יפס בטעם קרמל אופנהיימר 250 גרם,אופנהיימר,,נטיפי צ'יפס בטעם קרמ,גרמים,250.00,100 גרם,false,,11.90,0.0476,true,1,159004
7290000253732,false,מרציפן מצופה שוקולד אופנהיימר 86 גר,אופנהיימר,,מרציפן מצופה שוקולד,גרמים,86.00,100 גרם,false,,8.90,0.1035,true,1,159006
7290000254197,false,קפה אספרסו זהב עלית 200 גרם,קריות זול,,אספרסטו זהב 200 גרם,גרמים,200.00,100 גרם,false,,23.90,0.1195,true,1,167018
7290000261018,false,חזה עוף ארוז קפוא חת,,,חזה עוף ארוז קפוא חת,קילוגרמים,1.00,"ק""ג",true,,23.90,23.9000,true,1,176421
7290000261022,false,פרגיות עוף ארוז קפוא,,,פרגיות עוף ארוז קפוא,קילוגרמים,1.00,"ק""ג",true,,49.90,49.9000,true,1,176425
7290000261023,false,שניצל עוף פרוס ארוז,,,שניצל עוף פרוס ארוז,קילוגרמים,1.00,"ק""ג",true,,26.90,26.9000,true,1,176426
7290000261025,false,כבד עוף ארוז קפוא חת,,,כבד עוף ארוז קפוא חת,קילוגרמים,1.00,"ק""ג",true,,9.90,9.9000,true,1,176428
7290000261026,false,לבבות עוף ארוז קפוא,,,לבבות עוף ארוז קפוא,קילוגרמים,1.00,"ק""ג",true,,24.90,24.9000,true,1,176429
7290000261027,false,כנף עוף חצוי ארוז קפ,,,כנף עוף חצוי ארוז קפ,קילוגרמים,1.00,"ק""ג",true,,9.90,9.9000,true,1,176430
7290000261039,false,עוף טרי ארוז חתם סופ,,,עוף טרי ארוז חתם סופ,קילוגרמים,1.00,"ק""ג",true,,21.90,21.9000,true,1,176431
7290000261040,false,חזה טרי ארוז חתם סופ,,,חזה טרי ארוז חתם סופ,קילוגרמים,1.00,"ק""ג",true,,31.90,31.9000,true,1,176432
7290000261041,false,כרעיים טרי ארוז חתם,,,כרעיים טרי ארוז חתם,קילוגרמים,1.00,"ק""ג",true,,24.90,24.9000,true,1,176433
7290000261042,false,כנפיים טרי ארוז חתם,,,כנפיים טרי ארוז חתם,קילוגרמים,1.00,"ק""ג",true,,14.90,14.9000,true,1,176434
7290000261044,false,שוקיים טרי ארוז חתם,,,שוקיים טרי ארוז חתם,קילוגרמים,1.00,"ק""ג",true,,34.90,34.9000,true,1,176436
7290000261045,false,פרגיות טרי ארוז חתם,,,פרגיות טרי ארוז חתם,קילוגרמים,1.00,"ק""ג",true,,69.90,69.9000,true,1,176437
7290000261048,false,שניצל עוף פרוס טרי א,,,שניצל עוף פרוס טרי א,קילוגרמים,1.00,"ק""ג",true,,34.90,34.9000,true,1,176440
7290000261049,false,סטייק פרגיות עוף טרי,,,סטייק פרגיות עוף טרי,קילוגרמים,1.00,"ק""ג",true,,59.90,59.9000,true,1,176441
7290000272696,false,מיץ לימון עסיס משומר 1 ליטר-בקבוק,בית-השיטה עסיס תעשיות מז,,מיץ לימון משומר מרכז,מיליליטרים,1000.00,"100 מ""ל",false,,9.90,0.0099,true,1,159362
7290000272726,false,חומץ רכיבים רכיבים טבעיים 5% עסיס 1 ליטר,בית-השיטה עסיס תעשיות מז,,חומץ טבעי 5% עסיס 1,מיליליטרים,1000.00,"100 מ""ל",false,,6.90,0.0069,true,1,159363
7290000274825,false,חזה עוף ארוז קפוא שק,,,חזה עוף ארוז קפוא שק,קילוגרמים,1.00,"ק""ג",true,,23.90,23.9000,true,1,176452
7290000274832,false,כבד עוף ארוז קפוא שק,,,כבד עוף ארוז קפוא שק,קילוגרמים,1.00,"ק""ג",true,,9.90,9.9000,true,1,176457
7290000281382,false,נתחי פילה דג סלמון ק,,,מעדניה - נתחי פילה ס,קילוגרמים,1.00,"ק""ג",true,,89.90,89.9000,true,1,183886
7290000284316,false,קוקה -קולה בקבוק 1.5 ליטר,החברה המרכזית לייצור משקאות,,קוקה קולה 1.5 ליטר,מיליליטרים,1500.00,"100 מ""ל",false,,9.10,0.0061,true,1,164295
7290000284347,false,קינלי סודה בקבוק 1.5,החברה המרכזית לייצור משקאות,,קינלי סודה 1.5 ליטר,מיליליטרים,1500.00,"100 מ""ל",false,,4.00,0.0027,true,1,164296
7290000284361,false,קולה דיאט בקבוק 1.5 ל',החברה המרכזית לייצור משקאות,,דיאט קוקה קולה 1.5 ל,מיליליטרים,1500.00,"100 מ""ל",false,,8.80,0.0059,true,1,164297
7290000287195,false,"סנו רהיט לניקוי ושמירה על רהיטים 300 מ""ל",מיוצר עי קונדיטוריית,,סנו רהיט אירוסול 300,מיליליטרים,300.00,"100 מ""ל",false,,13.90,0.0463,true,1,161655
7290000288017,false,אקונומיקה בריח לימון סנו ז'אוול 1 ליטר,"סנו מפעלי ברונוס בע""",,סנו זאוול אוקונומיקה,מיליליטרים,1000.00,"100 מ""ל",false,,8.90,0.0089,true,1,161644
7290000288017,false,אקונומיקה בריח לימון סנו ז'אוול 1 ליטר,"סנו מפעלי ברונוס בע""",,סנו זאוול אוקונומיקה,מיליליטרים,1000.00,"100 מ""ל",false,,8.90,0.0089,true,1,161660
7290000288024,false,סנו - ז'אוול אקונומיקה בריח לימון 4 ליטר,"סנו מפעלי ברונוס בע""מ",,אקונומיקה בריח לימון,מיליליטרים,4000.00,"100 מ""ל",false,,17.90,0.0045,true,1,161661
7290000288048,false,סנו זאוול מרסס מונבלאן 1 ליטר,"סנו מפעלי ברונוס בע""מ",,מרסס לבנדר JAVEL,מיליליטרים,750.00,"מ""ל",false,,14.90,0.0199,true,1,161645
7290000288048,false,סנו זאוול מרסס מונבלאן 1 ליטר,"סנו מפעלי ברונוס בע""מ",,מרסס לבנדר JAVEL 1 ל,מיליליטרים,750.00,"100 מ""ל",false,,18.90,0.0252,true,1,161662
7290000288079,false,סנו - ז'אוול אקונומיקה לימון 2 ליטר,"סנו מפעלי ברונוס בע""מ",,אקונומיקה לימון סנו,מיליליטרים,2000.00,"100 מ""ל",false,,11.90,0.0060,true,1,161646
7290000288079,false,סנו - ז'אוול אקונומיקה לימון 2 ליטר,"סנו מפעלי ברונוס בע""מ",,אקונומיקה לימון סנו,מיליליטרים,2000.00,"100 מ""ל",false,,11.90,0.0060,true,1,161663
7290000288109,false,"אבקת כביסה מקסימה אפקט ג''אוול 1.25 ק""ג סנו",סנו מפעלי ברונוס בעמ,,אבקת כביסה סנו מקסימ,גרמים,1250.00,100 גרם,false,,14.90,0.0119,true,1,161664
7290000288352,false,"קוטל חרקים וזוחלים K-300 סנו 630 מ""ל","סנו מפעלי ברונוס בע""מ",,קוטל חרקים קיי - 300,מיליליטרים,630.00,"100 מ""ל",false,,21.90,0.0348,true,1,161647
7290000288352,false,"קוטל חרקים וזוחלים K-300 סנו 630 מ""ל","סנו מפעלי ברונוס בע""מ",,קוטל חרקים קיי - 300,מיליליטרים,630.00,"100 מ""ל",false,,21.90,0.0348,true,1,161665
7290000288642,false,מקסימה מרכך כביסה סנסיטיב בייבי סנו 4 ליטר,"סנו מפעלי ברונוס בע""\מ",,מרכך כביסה מקסימה 4,מיליליטרים,4000.00,"100 מ""ל",false,,21.90,0.0055,true,1,161668
7290000289069,false,סנו - ז'אוול מרסס קצף ניקוי בתוספת אקונומיקה בריח לימון 1 ליטר,"סנו מפעלי ברונוס בע""מ",,מרסס לימון JAVEL,קילוגרמים,1.00,ליטר,false,,14.90,14.9000,true,1,161648
7290000289069,false,סנו - ז'אוול מרסס קצף ניקוי בתוספת אקונומיקה בריח לימון 1 ליטר,"סנו מפעלי ברונוס בע""מ",,מרסס לימון JAVEL 1 ל,מיליליטרים,1000.00,"100 מ""ל",false,,18.90,0.0189,true,1,161670
7290000289380,false,"סנו - ז'אוול לניקוי אסלות לימון 750 מ""ל",סנו מפעלי ברונוס בעמ,,ג'ל לימון לאסלות זאו,מיליליטרים,750.00,"100 מ""ל",false,,11.90,0.0159,true,1,161672
7290000289748,false,"מסיר שומנים לתנורים פורטה פלוס סנו 750 מ""ל","סנו מפעלי ברונוס בע""\מ",,מסיר שומנים פורטה פל,מיליליטרים,750.00,"100 מ""ל",false,,14.90,0.0199,true,1,161674
7290000292687,false,סנובון מוצק לניקוי אסלה קלאסיק כחול סנו 3 יחידות,מיוצר עי קונדיטוריית,,סנובון כחול לניקוי ה,גרמים,165.00,100 גרם,false,,16.90,0.1024,true,1,161679
7290000293073,false,מקסימה מרכך כביסה ביו לבן סנו 4 ליטר,"סנו מפעלי ברונוס בע""\מ",,מרכך כביסה ביו לבן ס,מיליליטרים,4000.00,"100 מ""ל",false,,21.90,0.0055,true,1,161681
7290000293820,false,"קרמה מן שמפו וג'ל גל רחצה אקטיב בלוק 700מ""ל",גוד פוד פרודקטס S.p,,קרמה מן קרבון ג'ל רח,מיליליטרים,700.00,"100 מ""ל",false,,15.90,0.0227,true,1,161682
7290000293943,false,"מרסס לבן מסיר אבנית 1 ליטר אנטי קאלק ""סנו""",מיוצר עי קונדיטוריית,,אנטי קאלק מרסס 1 ליט,מיליליטרים,1000.00,"100 מ""ל",false,,17.90,0.0179,true,1,161684
7290000294780,false,אקונומיקה סמיכה בריח לימון סנו ז'אוול 4 ליטר,"סנו מפעלי ברונוס בע""מ",,אקונומיקה סמיכה מבוש,מיליליטרים,4000.00,"100 מ""ל",false,,16.90,0.0042,true,1,161685
7290000295336,false,סנו מקסימה אבקת כביסה סנסטיב מילוי1.25,סנו מפעלי ברונוס בעמ,,מקסימה אבקת כביסה 1.,גרמים,1250.00,100 גרם,false,,14.90,0.0119,true,1,161686
7290000295343,false,"אבקת כביסה מקסימה ביו 1.25 ק""ג סנו",סנו מקסימה,,מקסימה אבקת כביסה 1.,גרמים,1250.00,100 גרם,false,,14.90,0.0119,true,1,161687
7290000295367,false,"מקסימה אבקת כביסה אפקט ז'אוול סנו 2.5 ק""ג",סנו מקסימה,,מקסימה אבקת כביסה זא,גרמים,2500.00,100 גרם,false,,25.90,0.0104,true,1,161688
7290000295404,false,שקיות אשפה עם שרוך 54 * 65 סנו סושי 60 יחידות,מיוצר עי קונדיטוריית,,סנו סושי 60 שקיות אש,Unknown,60.00,יחידה,false,,23.90,0.3983,true,1,161689
7290000295503,false,זוג שקיות מזון טבע 19*25 סנו סושי 150 יחידות,"אשפלסט תעשיות בע""מ",,שקיות אוכל מתכלות 19,Unknown,2.00,יחידה,false,,14.90,7.4500,true,1,161690
7290000295558,false,"רדיד אלומיניום רוחב 30 ס""מ סנו סושי 2 יח' 7.5 מטר",מולינו ניקולי s.p.a,,צמד רדיד אלומיניום,Unknown,2.00,יחידה,false,,10.90,5.4500,true,1,161691
7290000300900,false,שניצל תירס מרכיבים טבעיים טבעול 750 גרם,עיצובים 2020 (4.8),,שניצל תירס הסדרה הקל,גרמים,750.00,100 גרם,false,,27.90,0.0372,true,1,159365
7290000306915,false,פילה סלמון קפוא,,,פילה סלמון קפוא,קילוגרמים,1.00,"ק""ג",true,,74.90,74.9000,true,1,184807
7290000311128,false,מן עוגיות בטעם חמאה 300 גרם*נ.ל.פ,תות ממתקי איכות,,עוגיות בטעם חמאה פרו,גרמים,300.00,100 גרם,false,,7.90,0.0263,true,1,163959
7290000311180,false,ופל ופליתעשיריות מן 250 גרם מארז 10 יחידות,"רוקחמן בע""מ",,וופל מן עוגיות 250 ג,Unknown,20.00,יחידה,false,,8.50,0.4250,true,1,163960
7290000311203,false,"וופלים בטעם שוקולד ""מן"" 200 גרם",תות ממתקי איכות,,וופלים בטעם שוקולד מ,גרמים,200.00,100 גרם,false,,5.50,0.0275,true,1,163961
7290000311210,false,"וופלים בטעם לימון ""מן"" 200 גרם","רוקחמן בע""מ",,ופל לימון מן 200 גרם,גרמים,200.00,100 גרם,false,,5.50,0.0275,true,1,163962
7290000311227,false,"וופלים במילוי קרם קפה ""מן"" 200 גרם","רוקחמן בע""מ",,וופלים עם קפה מן 200,גרמים,200.00,100 גרם,false,,5.50,0.0275,true,1,163963
7290000311425,false,ופל מצופה עשיריות מן 220 גרם מארז 10 יחידות,תות ממתקי איכות,,ופל מצופה אישי מן 10,גרמים,220.00,100 גרם,false,,8.90,0.0405,true,1,163966
7290000311432,false,עוגיות גרנולה קינמון ללא תוספת סוכר 200ג,"רוקחמן בע""מ",,עוגיות גרנולה קינמון,גרמים,200.00,100 גרם,false,,11.90,0.0595,true,1,188119
7290000311463,false,מן עוגיות חיטה מלאה חמאה ללא סוכר 200 גרם,"רוקחמן בע""מ",,עוגיות חיטה מלאה חמא,גרמים,200.00,100 גרם,false,,11.90,0.0595,true,1,188120
7290000311500,false,מן וופלים בטעם שוקולד 500 ג-נ.ל.פ,"רוקחמן בע""מ",,ופלים שוקולד מן 500,גרמים,500.00,100 גרם,false,,9.90,0.0198,true,1,163967
7290000311708,false,מן עוגיות מחיטה מלאה 300 גרם*נ.ל.פ,תות ממתקי איכות,,עוגיות חיטה מלאה מן,גרמים,300.00,100 גרם,false,,7.90,0.0263,true,1,163968
7290000311845,false,מן עוגיות חיטה מלאה ללא תוספת סוכר 200 ג,"רוקחמן בע""מ",,עוגיות חיטה מלאה ללא,גרמים,200.00,100 גרם,false,,11.90,0.0595,true,1,178381
7290000311869,false,מן וופלים שוקולד ללא תוספת סוכר 180 גר,תות ממתקי איכות,,ופלים בטעם שוקולד לל,גרמים,180.00,100 גרם,false,,9.90,0.0550,true,1,178382
7290000311876,false,מן-וופלים בטעם וניל ללא תוספת סוכר 180ג,"רוקחמן בע""מ",,ופלים בטעם וניל ללא,גרמים,180.00,100 גרם,false,,9.90,0.0550,true,1,178383
7290000311883,false,עוגיות גרנולה ללא תוספת סוכר מן 200 גרם,"רוקחמן בע""מ",,עוגיות גרנולה ללא תו,גרמים,200.00,100 גרם,false,,11.90,0.0595,true,1,188152
7290000311890,false,מן וופל לימון ללא סוכר 180 גר-חדש,"רוקחמן בע""מ",,וופלים בטעם לימון לל,גרמים,180.00,100 גרם,false,,9.90,0.0550,true,1,188121
7290000313184,false,עוגיות חברים ביסקויט גן חיות 250 גרם,"הגביע מוצרי וופלים בע""\מ",,עוגיות גן חיות בטעם,גרמים,250.00,100 גרם,false,,7.90,0.0316,true,1,159368
7290000313290,false,אסם נודלס נודלס איטריות מסולסלות 200גר,תאי פרזידנט פוד בנגק,,נודלס אטריות מסולסלו,גרמים,200.00,100 גרם,false,,9.90,0.0495,true,1,159370
7290000318127,false,"נקניקיות ביס 380 גרם ""יחיעם""",מעדני יחיעם 1993,,נקניקיות ביס ללא גלו,גרמים,380.00,100 גרם,false,,11.90,0.0313,true,1,165273
7290000318479,false,נקניק פרושוטו בקר יחיעם 100 גרם,תאי פרזידנט פוד פאבל,,פרושטו בקר 5% 28% לל,גרמים,100.00,100 גרם,false,,25.90,0.2590,true,1,165274
7290000318677,false,נקניק סלמי סרוולט יחיעם 150 גרם,מעדני יחיעם 1993,,סלמי סרוולט בפריסה ד,גרמים,150.00,100 גרם,false,,24.90,0.1660,true,1,165275
7290000318943,false,פסטרמה של פעם מעושן 1.5% יחיעם 200 גרם,תאי פרזידנט פוד פאבל,,פסטרמה של פעם יחיעם,גרמים,200.00,100 גרם,false,,23.90,0.1195,true,1,165276
7290000319063,false,כתף בקר מפולפל יחיעם 150 גרם,מעדני יחיעם,,כתף בקר מעושן בציפוי,גרמים,150.00,100 גרם,false,,24.90,0.1660,true,1,165277
7290000319124,false,סלמי סרוולט מאפ יחיעם 250 גרם,מעדני יחיעם 1993,,סלמי סרוולד יחיעם 25,גרמים,250.00,100 גרם,false,,38.90,0.1556,true,1,187120
7290000319131,false,נקניקיות עוף יחיעם 400 גרם,מעדני יחיעם 1993,,נקניקיות עוף ללא גלו,גרמים,400.00,100 גרם,false,,11.90,0.0298,true,1,174872
7290000319520,false,נקניק סלמי צרפתי יחיעם 100 גרם,מעדני יחיעם 1993,,סלמי בסגנון צרפתי 25,גרמים,100.00,100 גרם,false,,19.90,0.1990,true,1,165278
7290000327624,false,מי סודה טמפו 1.5 ליטר,"טמפו משקאות בע""מ",,מי סודה טמפו 1.5 ליט,מיליליטרים,1500.00,"100 מ""ל",false,,3.50,0.0023,true,1,162125
7290000345208,false,תה כחול קלאסיק ויסוצקי 25 יחידות,תה ויסוצקי,,תה קלאסיק מעודן ויסו,Unknown,25.00,יחידה,false,,7.40,0.2960,true,1,159007
7290000345260,false,תה קלאסיק מעטפות ויסוצקי 25 יחידות,מולינו ניקולי s.p.a,,1.5/25 במעטפה,Unknown,25.00,יחידה,false,,7.90,0.3160,true,1,159008
7290000345277,false,תה קלאסיק מעטפות ויסוצקי 50 יחידות,מולינו ניקולי s.p.a,,תה קלאסיק מעטפות ויס,Unknown,50.00,יחידה,false,,12.90,0.2580,true,1,159009
7290000345284,false,תה ויסוצקי קלאסי אריזה ירוקה מרובעת (100 שקיקים),מולינו ניקולי s.p.a,,תה קלאסי טעם עשיר וי,Unknown,100.00,יחידה,false,,16.90,0.1690,true,1,159010
7290000345291,false,תה ארל גריי 25 שקיקים ויסוצקי,תה ויסוצקי,,תה ארל גריי ויסוצקי,Unknown,25.00,יחידה,false,,15.90,0.6360,true,1,159011
7290000346120,false,חליטת קינמון הגן הקסום ויסוצקי 25 יחידות,תה ויסוצקי,,חליטת קסם הקינמון הג,Unknown,25.00,יחידה,false,,17.90,0.7160,true,1,159012
7290000346137,false,חליטת הילולי פירות הגן הקסום ויסוצקי 25 יחידות,תה ויסוצקי,,חליטת הילולי פירות ה,Unknown,25.00,יחידה,false,,17.90,0.7160,true,1,159013
7290000346199,false,חליטת פירות יער הגן הקסום ויסוצקי 25 יחידות,תה ויסוצקי,,חליטת פירות וצמחים פ,Unknown,25.00,יחידה,false,,17.90,0.7160,true,1,159014
7290000346205,false,חליטת קמומיל הגן הקסום ויסוצקי 25 יחידות,תה ויסוצקי,,חליטת גן קסום קמומיל,Unknown,25.00,יחידה,false,,17.90,0.7160,true,1,159015
7290000346212,false,חליטת מנטה הגן הקסום ויסוצקי 25 יחידות,תה ויסוצקי,,חליטת מנטה הגן הקסום,Unknown,25.00,יחידה,false,,17.90,0.7160,true,1,159016
7290000347738,false,תה ירוק נענע ויסוצקי 25 יחידות,תה ויסוצקי,,תה ירוק נענע ויסוצקי,Unknown,25.00,יחידה,false,,24.90,0.9960,true,1,159018
7290000347752,false,תה ירוק לימונית ולואיזה 25 שקיקים *1.5 ג'' ויסוצקי,תה ויסוצקי,,תה ירוק לימונית ולוא,Unknown,25.00,יחידה,false,,24.90,0.9960,true,1,159019
7290000364131,false,סלמי פריזר כפרי טירת 400 ג' צבי,טירת צבי,,סלמי פריזר כפרי טירת,גרמים,400.00,100 גרם,false,,13.90,0.0348,true,1,172761
7290000364261,false,"דקניקים, סלסולי פסטרמה כתף בקר מעושנת 120 גרם",הנסיך- מפעל לייצור ט,,דקניקים פסטרמה כתף ב,גרמים,120.00,100 גרם,false,,14.90,0.1242,true,1,162993
7290000364278,false,דקניקים סלסולי סלמי איטלקי משובח טירת צבי 120 גרם,הנסיך- מפעל לייצור ט,,נקניק סלסולי סלמי אי,גרמים,120.00,100 גרם,false,,14.90,0.1242,true,1,162964
7290000364278,false,דקניקים סלסולי סלמי איטלקי משובח טירת צבי 120 גרם,הנסיך- מפעל לייצור ט,,דקניקים סלמי איטלקי,גרמים,120.00,100 גרם,false,,14.90,0.1242,true,1,162994
7290000364285,false,דקניקים סלסולי פסטרמה הודו טירת צבי 120 גרם,הנסיך- מפעל לייצור ט,,דקניקים פסטרמה הודו,גרמים,120.00,100 גרם,false,,14.90,0.1242,true,1,162995
7290000364292,false,דקניקים סלסולי פסטרמה הודו על גחלים 1% טירת צבי 120 גרם,הנסיך- מפעל לייצור ט,,דקניקים פסטרמה הודו,גרמים,120.00,100 גרם,false,,14.90,0.1242,true,1,162996
7290000364810,false,נקניקיות עגל 500 גרםטירת צבי,הנסיך- מפעל לייצור ט,,נקניקיות עגל 500 גרם,גרמים,500.00,100 גרם,false,,28.90,0.0578,true,1,172712
7290000364858,false,"נקניקיות עוף טרי טירת צבי 1 ק""ג",הנסיך- מפעל לייצור ט,,"נקנ' עוף טרי 1 ק""ג",פריט,1.00,"ק""ג",false,,23.90,23.9000,true,1,162965
7290000364872,false,נקניקיות עוף טירת צבי 400 גרם,טיב טירת צבי 2000,,נקניקיות עוף 400 גרם,גרמים,400.00,100 גרם,false,,11.90,0.0298,true,1,162966
7290000367590,false,פסטרמה כפרית וסלמי פריזר כפרי טירת צבי 2*400 גרם,טיב טירת צבי 2000,,פסטרמה כפרית וסלמי פ,גרמים,800.00,100 גרם,false,,29.90,0.0374,true,1,162998
7290000369037,false,סלט קוביות בולגרית 200 ג' ניצן,גבינות אמיר ניצן בעמ,,סלט קוביות בולגרית 2,גרמים,200.00,100 גרם,false,,13.90,0.0695,true,1,179698
7290000369617,false,מעדן כדורי פטה בשמן מתובל ניצן 230 גרם,גבינות אמיר ניצן בעמ,,מעדן כדורי פטה בשמן,גרמים,230.00,100 גרם,false,,16.90,0.0735,true,1,179701
7290000369709,false,חמאה עירונית בתוספת ריחן ושום טרי גבינות ניצן 100 גרם,גבינות אמיר ניצן בעמ,,חמאה עירונית בתוספת,גרמים,100.00,100 גרם,false,,12.90,0.1290,true,1,179702
7290000379258,false,"חלה מתוקה קונדטוריה ארוזה ""אנג'ל""",מאפיית שלמה א. אנג'\ל בע,,חלה קונדיטוריה ארוזה,גרמים,500.00,100 גרם,false,,13.80,0.0276,true,1,159121
7290000385745,false,פיקורינו משולש גד מע,,,פיקורינו משולש גד מע,קילוגרמים,1.00,"ק""ג",true,,149.00,149.0000,true,1,185284
7290000408316,false,יוגורט דנונה דל לקטוז 200 גרם,מיוצר עי קונדיטוריית,,יוגורט דנונה ביו 3%,גרמים,200.00,100 גרם,false,,3.70,0.0185,true,1,158238
7290000408354,false,יוגורט עם אורז מצופה שוקולד קקאו 175 ג' דנונה,"שטראוס בריאות בע""\מ",,דנונה בר פצפוצים 173,גרמים,173.00,100 גרם,false,,4.60,0.0266,true,1,158239
7290000412481,false,נוזל לניקוי אסלות 00 סנו 1 ליטר,מיוצר עי קונדיטוריית,,"סנו מנקה אסלות ""00""",מיליליטרים,1000.00,"100 מ""ל",false,,8.90,0.0089,true,1,161649
7290000412481,false,נוזל לניקוי אסלות 00 סנו 1 ליטר,מיוצר עי קונדיטוריית,,"סנו מנקה אסלות ""00""",מיליליטרים,1000.00,"100 מ""ל",false,,8.90,0.0089,true,1,161693
7290000416021,false,ממרח בטעם שוקולד השחר חלבי 500,השחר העולה,,ממרח שוקולד השחר 500,גרמים,500.00,100 גרם,false,,13.90,0.0278,true,1,163974
7290000416618,false,"ממרח שוקולד פרווה השחר 400 גרם כשל""פ",השחר העולה תעשייות מ,,שוקולד השחר פרווה 40,גרמים,400.00,100 גרם,false,,12.90,0.0323,true,1,163976
7290000419107,false,לנדוור קפה מקורי לבוקר טחון טורקי 100 גרם,"קפה לנדוור בע""\מ",,קפה שחור לנדוור המקו,גרמים,100.00,100 גרם,false,,8.90,0.0890,true,1,164976
7290000419909,false,לנדוור קפה שחור לבוקר טחון טורקי 100 גרם,מולינו ניקולי s.p.a,,קפה שחור בטעם אספרסו,גרמים,100.00,100 גרם,false,,7.90,0.0790,true,1,164977
7290000420325,false,"פופסטאר פופקורן למקירוגל בטעם טבעי 5 שקיות,500 גרם",פרסטון פארמס,,פופקורן טבעי למיקרוג,Unknown,5.00,יחידה,false,,13.90,2.7800,true,1,161899
7290000420332,false,פופסטאר פופקורן למיקרוגל בטעם חמאה 5 יחידות 500 גרם,פרסטון פארמס,,פופקורן חמאה למיקרוג,Unknown,5.00,יחידה,false,,13.90,2.7800,true,1,161900
7290000420417,false,גלילונית שקיות אשפה 52X65 עם שרוך 60 יחידות,"איטיליאן פוד, אס.פי.",,שקיות אשפה עם שרוך 5,Unknown,60.00,יחידה,false,,19.90,0.3317,true,1,161901
7290000433974,false,פפסי מקס 1.5 ליטר,"טמפו משקאות בע""מ",,פפסי מקס 1.5 ליטר,מיליליטרים,1500.00,"100 מ""ל",false,,6.90,0.0046,true,1,162131
7290000450209,false,פוסידון טונה בהירה בשמן 77 גרם,"מיוצר עי וליגר בעמ,",,טונה פוסידון 108 גרם,גרמים,108.00,100 גרם,false,,5.90,0.0546,true,1,160907
7290000453798,false,שמרים יבשים אקטיביים שימרית 500 ג',"גי' בי' רכיבים בע""מ",,שמרים יבשים אקטיבים,גרמים,500.00,100 גרם,false,,14.90,0.0298,true,1,167020
7290000453866,false,נטורינה תחליף מרגרינה לבישול ואפיה קוקוס שמרית 200 גרם,גרונבאנג- גרונדנסק א,,נטורינה קוקוס לאפייה,גרמים,200.00,100 גרם,false,,8.50,0.0425,true,1,158244
7290000461625,false,בייגלה שמיניות מלח בייגל בייגל 400 ג',בייגל את בייגל מזון 198),,בייגלה שמיניות חטיף,גרמים,400.00,100 גרם,false,,10.40,0.0260,true,1,161323
7290000462103,false,סחוג תימני אדום חריף עדין זהבי הכרם 150 גרם,קריניסה ויטמין אס אי,,זחוק תימני אדום חריף,גרמים,150.00,100 גרם,false,,7.90,0.0527,true,1,158247
7290000462141,false,סחוג אדום תימני מקורי חריף מאוד זהבי 150 גרם,קריניסה ויטמין אס אי,,זחוק תימני אדום חריף,גרמים,150.00,100 גרם,false,,7.90,0.0527,true,1,158248
7290000462172,false,סחוג תימני ירוק חריף זהבי הכרם 150 גרם,קריניסה ויטמין אס אי,,זחוק תימני ירוק חריף,גרמים,150.00,100 גרם,false,,7.90,0.0527,true,1,158251
7290000465289,false,זיתים ירוקים מבוקעים,בית השיטה,,ב.הש.זיתים ירוקים מב,גרמים,340.00,100 גרם,false,,10.90,0.0321,true,1,159387
7290000467153,false,מלך החומוס סמיר הגדול 400 גרם צבר,סלטי צבר,,חומוס סמיר הגדול עם,גרמים,400.00,100 גרם,false,,13.90,0.0348,true,1,159393
7290000467320,false,מלך החומוס אבו מרוואן 400 גרם,סלטי צבר,,סלט חומוס אבו מרוואן,גרמים,400.00,100 גרם,false,,13.90,0.0348,true,1,159397
7290000467511,false,ביסלי חטיף ברביקיו אסם 55 ג',"אסם השקעות בע""מ",,ביסלי ברביקיו 55 גרם,גרמים,55.00,100 גרם,false,,3.90,0.0709,true,1,159398
7290000468747,false,ביסלי חטיף גריל אסם 55 ג',"אסם השקעות בע""מ",,ביסלי גריל 55 גרם,גרמים,55.00,100 גרם,false,,3.90,0.0709,true,1,159402
7290000468877,false,ביסלי בטעם בצל 55 גרם אסם,"אסם השקעות בע""מ",,ביסלי בצל 55 גרם,גרמים,55.00,100 גרם,false,,3.90,0.0709,true,1,159403
7290000474502,false,גבינה לבנה טרה 5% מרכיבים טבעיים,הפריט בפיקוח,,גבינה לבנה 5% טרה 25,גרמים,250.00,100 גרם,false,,4.98,0.0199,true,1,164445
7290000480107,false,קוואקר שיבולת שועל פחית 500 גרם,וולקרס סנקס לימיטד,,שיבולת שועל הולנדי ק,גרמים,500.00,100 גרם,false,,13.90,0.0278,true,1,158661
7290000480332,false,גד גבינת גאודה בקר מ,,,גאודה בקר משולש,קילוגרמים,1.00,"ק""ג",true,,110.00,110.0000,true,1,185752
7290000480349,false,גד גאודה עיזים משולש,,,גאודה עיזים משולש,קילוגרמים,1.00,"ק""ג",true,,110.00,110.0000,true,1,185750
7290000480442,false,קוואקר שיבולת שועל בשקית 500 גרם,פריטו ליי FRITO-LAY,,קוואקר שיבולת שועל ש,גרמים,500.00,100 גרם,false,,12.80,0.0256,true,1,158662
7290000482071,false,שקיות צליה ואפיה קוקי 20 יחידות,"ש. שסטוביץ בע""\מ",,"שקיות צלייה 24*40 ס""",Unknown,20.00,יחידה,false,,18.90,0.9450,true,1,164980
7290000484747,false,עראק עלית 700 מל 40% כהל,יקב הגליל יוסף גולד ובניו,,"ערק עלית הארק 700 מ""",מיליליטרים,700.00,"100 מ""ל",false,,59.90,0.0856,true,1,163901
7290000484747,false,עראק עלית 700 מל 40% כהל,יקב הגליל יוסף גולד ובניו,,"ערק עלית הארק 700 מ""",מיליליטרים,700.00,"100 מ""ל",false,,59.90,0.0856,true,1,163977
7290000490762,false,גלידל שוקו פלדמן מארז שמינייה,הגלידות של פלדמן,,גלידל שוקו (8),גרמים,400.00,100 גרם,false,,29.90,0.0747,true,1,186803
7290000493176,false,אסם אבקת רוטב צלי לבשר 22 ג',"אסם השקעות בע""\מ",,אסם אבקת רוטב צלי לב,גרמים,22.00,100 גרם,false,,4.50,0.2045,true,1,159404
7290000493183,false,אבקת רוטב פטריות לבשר-30 גרם,"אסם השקעות בע""\מ",,אסם אבקת רוטב פטריות,גרמים,30.00,100 גרם,false,,4.00,0.1333,true,1,159405
7290000504025,false,ממתיק סוכרזית פטרייה עלית 300 גרם,אף.סי תבליני בגליל ב,,סוכרזית קלאסי פטרייה,Unknown,300.00,יחידה,false,,8.90,0.0297,true,1,167021
7290000504278,false,ממתיק סוכרזית אריזת פטנט 700 טבליות,אף.סי תבליני בגליל ב,,סוכרזית קלאסי פטנט 7,Unknown,700.00,יחידה,false,,14.90,0.0213,true,1,167022
7290000521008,false,יין אדום יבש של סגל750מל,"כרמי צבי - אחים סגל בע""\",,יין אדום יבש יקבי סג,מיליליטרים,750.00,"100 מ""ל",false,,21.90,0.0292,true,1,162132
7290000521015,false,"יין לבן יבש של סגל750מ""ל","מיוצר ע""י כרמי צבי-",,יין לבן יבש יקבי סגל,מיליליטרים,750.00,"100 מ""ל",false,,21.90,0.0292,true,1,162133
7290000521022,false,"של סגל, יין לבן חצי יבש 750 מ""ל","מיוצר ע""י כרמי צבי-",,יין לבן חצי יבש יקבי,מיליליטרים,750.00,"100 מ""ל",false,,21.90,0.0292,true,1,162134
7290000523125,false,מלח הארץ הים האדום 250 ג' עדין,"חברת מלח הארץ אילת בע""\מ",,מלח ים יבש מלח הארץ,גרמים,250.00,100 גרם,false,,5.90,0.0236,true,1,163902
7290000523125,false,מלח הארץ הים האדום 250 ג' עדין,"חברת מלח הארץ אילת בע""\מ",,מלח ים יבש מלח הארץ,גרמים,250.00,100 גרם,false,,5.90,0.0236,true,1,163979
7290000523514,false,מלח ים יבש מלח הארץ 250 גרם מופחת נתרן,"חברת מלח הארץ אילת בע""\מ",,מלח הארץ 50% מכמות ה,גרמים,250.00,100 גרם,false,,10.50,0.0420,true,1,163981
7290000523521,false,מלח ים מלח הארץ 250 גרם מועשר ביוד,חברת מלח הארץ אילת ב,,מלח הארץ מועשר ביוד,גרמים,250.00,100 גרם,false,,6.90,0.0276,true,1,163982
7290000523804,false,"מלח הים האדום דק בצנצנת 1 ק""ג","חברת מלח הארץ אילת בע""\מ",,מלח עדין צנצנת מלח ה,גרמים,1000.00,100 גרם,false,,7.30,0.0073,true,1,163983
7290000525969,false,מיץ תפוזים סחוט רכיבים טבעיים פרימור 1 ליטר,"גניר (1992) בע""מ",,מיץ תפוזים סחוט פרי,מיליליטרים,1000.00,"100 מ""ל",false,,16.20,0.0162,true,1,158256
7290000530086,false,נקניק סלמי מעושן זוגלובק 600 גרם,נקניק נהריה כשר זוגל,,סלמי מעושן 7000 600,גרמים,600.00,100 גרם,false,,29.90,0.0498,true,1,165799
7290000530413,false,המבורגר זהב זוגלובק 400 גרם,נקניק נהריה כשר זוגל,,המבורגר זהב 400 גרם,גרמים,400.00,100 גרם,false,,19.90,0.0497,true,1,165801
7290000530598,false,נקניקיות עוף וינר זוגלובק 500 גרם,נקניק נהריה כשר זוגל,,נקניקיות וינר 500 גר,גרמים,500.00,100 גרם,false,,15.80,0.0316,true,1,165803
7290000530703,false,פסטרמה חרמון כפרית ונקניק תה מעושן זוגלובק 2*400 גרם,נקניק נהריה כשר זוגל,,תה מעושן 400 גרם + פ,גרמים,800.00,100 גרם,false,,29.90,0.0374,true,1,165805
7290000536743,false,שניצלונים קריספי ט. תירס 500 גר' זוגלובק,נקניק נהריה כשר זוגל,,קריספי סטיקס תירס 50,גרמים,500.00,100 גרם,false,,17.90,0.0358,true,1,165808
7290000537566,false,נקניקיות עוף טרי 400 ג' זוגלובק,נקניק נהריה כשר זוגל,,נקניקיות עוף זוגלובק,גרמים,400.00,100 גרם,false,,12.90,0.0323,true,1,165809
7290000538709,false,נקניק סלמי תה מעושן זוגלובק 200 גרם,זוגלובק,,תה מעושן זוגלובק 200,גרמים,200.00,100 גרם,false,,14.90,0.0745,true,1,165811
7290000552118,false,נקניקיות מרגז טיבון ויל 400 גרם,טיבון ויל אחזקות בעמ,,נקנקיות מרגז 400 גרם,גרמים,400.00,100 גרם,false,,20.90,0.0522,true,1,160968
7290000552194,false,קישקע טיבון ויל 500 גרם,טיבון ויל אחזקות בעמ,,קישקע טיבון ויל 500,גרמים,500.00,100 גרם,false,,12.90,0.0258,true,1,160908
7290000552194,false,קישקע טיבון ויל 500 גרם,טיבון ויל אחזקות בעמ,,קישקע טיבון ויל 500,גרמים,500.00,100 גרם,false,,12.90,0.0258,true,1,160969
7290000552569,false,סטייקבורגר בקר טיבון ויל 400 גרם,"טיבון ויל אחזקות בע""\מ",,סטייק בורגר 400 גרם,גרמים,400.00,100 גרם,false,,19.90,0.0497,true,1,160970
7290000552927,false,עוף טחון טיבון ויל 500 גרם,"טיבון ויל אחזקות בע""\מ",,עוף טחון טיבון ויל 5,גרמים,500.00,100 גרם,false,,14.90,0.0298,true,1,160971
7290000552989,false,בשר טחון טיבון ויל 500 גרם,"טיבון ויל אחזקות בע""\מ",,בשר טחון טיבון ויל 5,גרמים,500.00,100 גרם,false,,27.90,0.0558,true,1,160973
7290000554402,false,מעדן חלב מלבי גד 160 גרם,"מיוצר ע""\י קוד יצרן EDNK",,מעדן חלב מלבי גד 160,גרמים,160.00,100 גרם,false,,5.50,0.0344,true,1,164572
7290000554457,false,גבינה צפתית 5% 350 גרם - רבנות,"מחלבות גד בע""\מ",,גבינה צפתית 5% גד 35,גרמים,350.00,100 גרם,false,,21.90,0.0626,true,1,164573
7290000554532,false,גבינה צפתית מעודנת במלח ים 5% 200 ג' גד,הנסיך- מפעל לייצור ט,,צפתית מעודנת 5% מחלב,גרמים,200.00,100 גרם,false,,14.60,0.0730,true,1,164575
7290000554600,false,מוצרלה מגורדת 22 אחוז 300גרם גד מהדרין,מחלבות גד בעמ,,גבינת מוצרלה מגורדת,גרמים,300.00,100 גרם,false,,24.90,0.0830,true,1,164576
7290000554624,false,ירח מתוק מעדן חלב עם אורז 3% גד 150 גרם,"מיוצר ע""\י קוד יצרן EDNK",,מעדן ירח מתוק 3% 150,גרמים,150.00,100 גרם,false,,5.90,0.0393,true,1,164577
7290000554686,false,גבינת לאבנה בתוספת שמן זית וזעתר 5% גד 250 גרם,מחלבות גד בעמ,,גבינת לאבנה בשמן זית,גרמים,250.00,100 גרם,false,,15.00,0.0600,true,1,164578
7290000554822,false,ריקוטה גבינה לבנה בסגנון איטלקי 5% גד 250 גרם,מחלבות גד בעמ,,ריקוטה 5% 250 גרם,גרמים,250.00,100 גרם,false,,14.90,0.0596,true,1,164579
7290000554839,false,מסקרפונה שמנת מתוקה קשה בסגנון איטלקי 40% גד 250 גרם,מחלבות גד בעמ,,גבינת מסקרפונה 40% ג,גרמים,250.00,100 גרם,false,,19.90,0.0796,true,1,164580
7290000560533,false,אדג' ג'ל ירוק לעור רגיל 198גרם,אס.סי ג'ונסון ובניו,,ג'ל גילוח ירוק לעור,גרמים,200.00,100 גרם,false,,15.90,0.0795,true,1,161902
7290000560540,false,אדג' ג'ל כתום לעור רגיש 198גרם,המאפיה של הרמן,,ג'ל גילוח כתום לעור,גרמים,200.00,100 גרם,false,,15.90,0.0795,true,1,161903
7290000571300,false,גבינה גאודה פרוס מעושנת המחלבה 150ג',גבינות משק אחים מאיר,,גאודה פרוסה מעושנת 2,גרמים,200.00,100 גרם,false,,22.90,0.1145,true,1,162726
7290000571478,false,גבינת תום עיזים פרוס המחלבה 200 גרם,גבינות משק אחים מאיר בית,,גבינת גאודה תום עיזי,גרמים,200.00,100 גרם,false,,34.90,0.1745,true,1,162729
7290000572208,false,חלוה בטעם וניל אחווה 100 גרם,שוורצקוף& הנקל דיסלד,,חלווה אחווה 100 גרם,גרמים,100.00,100 גרם,false,,2.90,0.0290,true,1,163984
7290000572222,false,חלווה בלוק וניל אחוה 500 גרם,שוורצקוף& הנקל דיסלד,,חלווה 500 גרם אחווה,גרמים,500.00,100 גרם,false,,11.90,0.0238,true,1,163986
7290000572529,false,חלוה עם פיסטוק אחווה 400 גרם,אחדות ביחר לטחינה חל,,חלוה פיסטוק 400 גרם,גרמים,400.00,100 גרם,false,,14.90,0.0373,true,1,163987
7290000572536,false,אחווה חלווה ווניל במגש 400 גר,אחדות ביחר לטחינה חל,,חלוה מגש וניל 400 גר,גרמים,400.00,100 גרם,false,,12.90,0.0323,true,1,163988
7290000572543,false,חלוה בטעם שוקו וניל אחווה 400 גרם,אחדות ביחר לטחינה חל,,חלווה שיש 400 גרם במ,גרמים,400.00,100 גרם,false,,12.90,0.0323,true,1,163989
7290000572628,false,חטיפי חלווה ללא סוכר בקופסא 250 גרם,שוורצקוף& הנקל דיסלד,,חטיפי חלווה ללא תוספ,גרמים,275.00,100 גרם,false,,13.50,0.0491,true,1,163990
7290000599861,false,"מגב פלסטיק 40 ס""מ + הברגה",TBD,,מגב 40 פלסטיק,Unknown,1.00,יחידה,false,,11.90,11.9000,true,1,188145
7290000599953,false,מגב פלסטיק 60 ס',,,מגב אטלס 60,Unknown,1.00,יחידה,false,,16.90,16.9000,true,1,187938
7290000604022,false,ביצים גדולות L תנובה 12 יחידות,ביצי תנובה,,12 ביצים L גדול,Unknown,12.00,יחידה,false,,12.05,1.0042,true,1,163030
7290000604022,false,ביצים גדולות L תנובה 12 יחידות,ביצי תנובה,,12 ביצים L גדול,Unknown,12.00,יחידה,false,,12.05,1.0042,true,1,163037
7290000654355,false,שקית גופיה רמי לוי ב,,,שקית גופיה רמי לוי ב,פריט,1.00,"ק""ג",false,,0.10,0.1000,true,1,180637
7290000654546,false,פילה אמנון 7-9 100% דג תנובה,תנובה,,פילה אמנון קפוא 7-9,קילוגרמים,1.00,"ק""ג",true,,36.90,36.9000,true,1,186765
7290000655376,false,פילה דניס קפוא תנובה,דגי תנובה,,פילה דניס קפוא דגי ת,קילוגרמים,1.00,"ק""ג",true,,94.90,94.9000,true,1,186766
7290000688114,false,מים מינרלים מי עדן 1.5 ליטר,מים מינרליים,,מי עדן 1.5 ליטר,מיליליטרים,1500.00,"100 מ""ל",false,,3.20,0.0021,true,1,159992
7290000688381,false,שישיית מי עדן פקק ספורט 0.5 ליטר,"מופק ממקור בזלתי עדן ,1",,מים מינרליים פקק ספו,מיליליטרים,3000.00,"100 מ""ל",false,,16.70,0.0056,true,1,159998
7290000688466,false,מים מינרלים פקק ספור,מופק ממקור בזלתי עדן,,מים מינרלים פקק ספור,מיליליטרים,750.00,"100 מ""ל",false,,5.70,0.0076,true,1,188212
7290000688732,false,שישיית מי עדן 1.5 ליטר משפחתי,"מופק ממקור בזלתי עדן ,1",,מים מינרליים מי עדן,מיליליטרים,9000.00,"100 מ""ל",false,,14.70,0.0016,true,1,160000
7290000692227,false,נוזל כלים פלמוליב צילינדר קלאסי 1 ליטר,יבואן ומשווק: ש. שסט,,נוזל לניקוי כלים 18%,מיליליטרים,1000.00,"100 מ""ל",false,,14.50,0.0145,true,1,164982
7290000787471,false,פילה דג סלמון קפוא,,,פילה סלמון קפוא,קילוגרמים,1.00,"ק""ג",true,,74.90,74.9000,true,1,183907
7290000787495,false,פילה סלמון נורווגי,,,פילה סלמון קפוא,קילוגרמים,1.00,"ק""ג",true,,74.90,74.9000,true,1,183913
7290000787501,false,פילה דג סלמון קפוא,,,פילה סלמון קפוא,קילוגרמים,1.00,"ק""ג",true,,74.90,74.9000,true,1,183908
7290000913551,false,פסטרמה כפרית טירת צבי 400 ג',טירת צבי,,פסטרמה כפרית טירת צב,גרמים,400.00,100 גרם,false,,21.90,0.0547,true,1,172769
7290000961804,false,תבלין עמבה,ברכת קטיף,,דלעת חתוכה,קילוגרמים,1.00,"ק""ג",true,,9.80,9.8000,true,1,169462
7290000995410,false,נבטים סיניים נבטי העמק,נסטלה פורינה USA קר,,נבטים סיניים נבטי הע,Unknown,1.00,יחידה,false,,6.90,6.9000,true,1,169463
7290001045169,false,מיץ תפוחי עץ צלול פרימור 1 ליטר,"גניר (1992) בע""מ",,מיץ תפוחי עץ צלול 1,מיליליטרים,1000.00,"100 מ""ל",false,,16.20,0.0162,true,1,158258
7290001045688,false,"מיץ תפוזים סחוט פרימור 400 מ""ל",פרימור,,משקה תפוזים פרימור 4,מיליליטרים,400.00,"100 מ""ל",false,,10.20,0.0255,true,1,158263
7290001121238,false,נקניק קורנדביף 4% יחיעם 180 גרם,מעדני יחיעם 1993,,קורנד ביף 180גר',גרמים,180.00,100 גרם,false,,24.90,0.1383,true,1,165279
7290001121979,false,נקניק סלמי הרץ מעדני יחיעם 150 גרם,תאי פרזידנט פוד פאבל,,סלמי הרץ 150גר',גרמים,150.00,100 גרם,false,,24.90,0.1660,true,1,165280
7290001123782,false,שווארמה אמיתית הודו טיבון ויל 500 גרם,טיבון ויל - נטו,,שווארמה הודו 500 גרם,גרמים,500.00,100 גרם,false,,29.90,0.0598,true,1,160976
7290001136287,false,"שמפו לשיער רגיל בבושם פרחים נקה 7 750 מ""ל","אמיליה קוסמטיקס בע""מ",,שמפו לשיער רגיל ירוק,מיליליטרים,750.00,"100 מ""ל",false,,11.90,0.0159,true,1,161694
7290001136683,false,"מרכך לשיער רגיל בבושם פרחים נקה 7 750 מ""ל","אמיליה קוסמטיקס בע""מ",,מרכך לשיער רגיל ירוק,מיליליטרים,750.00,"100 מ""ל",false,,11.90,0.0159,true,1,161695
7290001148485,false,ברוקולי מהדרין יבולי,,,ברוקולי מהדרין יבולי,קילוגרמים,1.00,"ק""ג",true,,24.90,24.9000,true,1,185409
7290001179291,false,צלחת 9' קרם (25 יח'),,,צלחת 9' קרם (25 יח'),Unknown,25.00,יחידה,false,,12.90,0.5160,true,1,166080
7290001215415,false,מיני סופגנייה ריקה פ,,,מיני סופגנייה ריקה פ,Unknown,1.00,יחידה,false,,3.90,3.9000,true,1,184037
7290001216040,false,טחינה גולמית שומשום טהור אל ארז 500 גרם,אגס ירוק מסחר ושירותים,,טחינה אל ארז שומשום,גרמים,500.00,100 גרם,false,,16.90,0.0338,true,1,163991
7290001216231,false,טחינה גולמית שומשום מלא אל ארז 500 גרם,אגס ירוק מסחר ושירותים,,טחינה אל ארז שומשום,גרמים,500.00,100 גרם,false,,17.20,0.0344,true,1,163992
7290001246016,false,ג'ל לכביסה ירוק 3לי רמילוי,,,ג'ל לכביסה ירוק 3 לי,מיליליטרים,3000.00,"100 מ""ל",false,,22.90,0.0076,true,1,160278
7290001246023,false,ג'ל לכביסה כחול 3לי רמילוי,,,ג'ל לכביסה כחול 3 לי,מיליליטרים,3000.00,"100 מ""ל",false,,22.90,0.0076,true,1,160279
7290001246085,false,טאצ' מרסס ניקוי חלונות 1 ליטר,,,מרסס ניקוי חלונות 1,מיליליטרים,1000.00,"100 מ""ל",false,,7.90,0.0079,true,1,187560
7290001246122,false,"תרסיס ניקוי כללי+ אקונומיקה 750 מ""ל טאצ",סאסאטק,,תרסיס ניקוי כללי 750,מיליליטרים,750.00,"100 מ""ל",false,,11.90,0.0159,true,1,160282
7290001246337,false,"ג'ל אסלות אורנים טאצ' 750 מ""ל",,,ג'ל אסלות אורנים 750,מיליליטרים,750.00,"100 מ""ל",false,,10.90,0.0145,true,1,160284
7290001246757,false,נוזל רצפות מלון בוטיק טאצ' 2 ליטר,,,נוזל רצפות מלון בוטי,מיליליטרים,2000.00,"100 מ""ל",false,,18.90,0.0094,true,1,187562
7290001246764,false,נוזל רצפות ספא מפנק טאצ' 2 ליטר,,,נוזל רצפות ספא טאצ 2,מיליליטרים,2000.00,"100 מ""ל",false,,18.90,0.0094,true,1,187563
7290001247082,false,מיץ עגבניות רכיבים טבעיים ספרינג 1 ליטר,יפאורה שותפות מובגלת לשיווק,,ספרינג קרטוניות עגבנ,מיליליטרים,1000.00,"100 מ""ל",false,,6.50,0.0065,true,1,160002
7290001247099,false,קרטונית נקטר ספרינג מנגו 1 ליטר,יפאורה שותפות מובגלת לשיווק,,קרטוניות ספרינג מנגו,מיליליטרים,1000.00,"100 מ""ל",false,,6.80,0.0068,true,1,160003
7290001247112,false,קרטונית נקטר ספרינג לימונענע 1 ליטר,יפאורה שותפות מובגלת לשיווק,,ספרינג קרטוניות לימו,מיליליטרים,1000.00,"100 מ""ל",false,,6.80,0.0068,true,1,160004
7290001247129,false,נקטר ספרינג תפוזים קרטונית 1 ל',יפאורה שותפות מובגלת לשיווק,,ספרינג קרטוניות תפוז,מיליליטרים,1000.00,"100 מ""ל",false,,6.80,0.0068,true,1,160005
7290001247143,false,קרטונית נקטר ספרינג תפוחים 1 ליטר,יפאורה שותפות מובגלת לשיווק,,נקטר תפוחים בקרטון ס,מיליליטרים,1000.00,"100 מ""ל",false,,6.80,0.0068,true,1,160006
7290001258415,false,רוקפור באריזת ווקום יעקובס 180 גרם,גבינות משק יעקבס,,רוקפור ואקום 180גרם,גרמים,180.00,100 גרם,false,,23.90,0.1328,true,1,166910
7290001258620,false,גבינת מנצ'גו משק יעקבס 180 גרם,גבינות יעקבס,,מנצגו ואקום 180 גרם,גרמים,180.00,100 גרם,false,,23.90,0.1328,true,1,166914
7290001258804,false,קשקבל גבינה חצי קשה יעקבס 180 גרם,גבינות משק יעקבס,,קשקבל ואקום 180 גרם,גרמים,180.00,100 גרם,false,,21.70,0.1206,true,1,166919
7290001265642,false,"מזון חתולים מעדני פטה 1.2 ק""ג מארז 3 יחידות",קריות זול,,לה קט מולטיפק מעדני,גרמים,1200.00,100 גרם,false,,22.90,0.0191,true,1,160354
7290001274200,false,שלגון אבטיח על מקל פלדמן,,,שלגון אבטיח על מקל,גרמים,100.00,100 גרם,false,,5.90,0.0590,true,1,186925
7290001274262,false,שלגון לוקס פלדמן,,,שלגון לוקס,גרמים,85.00,100 גרם,false,,6.90,0.0812,true,1,186927
7290001274293,false,סנקור XL ארוך 70 גרם,,,סנקור ארוך XL,גרמים,70.00,100 גרם,false,,5.90,0.0843,true,1,186929
7290001274934,false,"שמיניית גלידל פרי לימון ""פלדמן""",הגלידות של פלדמן,,פופסיקל לימון 8,גרמים,640.00,100 גרם,false,,24.90,0.0389,true,1,186805
7290001302194,false,ביסלי בטעם פלאפל 55 גרם אסם,"אסם השקעות בע""מ",,ביסלי פלאפל אסם 55 ג,גרמים,55.00,100 גרם,false,,3.90,0.0709,true,1,159408
7290001302279,false,אוסם - במבה קלאסי 60 גרם,מיוצר עי קונדיטוריית,,במבה קלאסי 60 גרם,גרמים,60.00,100 גרם,false,,4.30,0.0717,true,1,159409
7290001305058,false,"פלמוליב - נטורלס תחליב רחצה חלב ודבש 500 מ""ל",הנסיך- מפעל לייצור ט,,תחליב רחצה מועשר בדב,מיליליטרים,500.00,"100 מ""ל",false,,17.90,0.0358,true,1,164986
7290001327791,false,גלידת קרמיסימו וניל עוגיות חלבי,"גלידת שטראוס בע""\מ, רחוב",,גלידת קרמיסימו1.33 ל,מיליליטרים,1330.00,"100 מ""ל",false,,18.90,0.0142,true,1,167472
7290001343845,false,"גרנולה פירות 1 ק""ג - ורוד שקדיה","דין שיווק וקלייה בע""",,"גרנולה פירות 1ק""ג",פריט,1.00,"ק""ג",false,,19.90,19.9000,true,1,167773
7290001361184,false,צנצנת מוס אוראו,,,צנצנת מוס אוראו,Unknown,1.00,יחידה,false,,15.00,15.0000,true,1,163620
7290001361245,false,כוס קריסטלית לוטוס,,,כוס קריסטלית לוטוס,Unknown,1.00,יחידה,false,,15.00,15.0000,true,1,163623
7290001361320,false,אקלר ארוך וניל מצופה,,,אקלר ארוך וניל מצופה,Unknown,1.00,יחידה,false,,17.00,17.0000,true,1,163627
7290001361337,false,אקלר ארוך וניל מצופה,,,אקלר ארוך וניל מצופה,Unknown,1.00,יחידה,false,,17.00,17.0000,true,1,163628
7290001407769,false,טחינה גולמית שומשום מלא בארכה 500 גרם,"רושדי תעשיות מזון בע""\מ",,בארכה טחינה 100% שומ,גרמים,500.00,100 גרם,false,,14.90,0.0298,true,1,159415
7290001419618,false,וופל בלגי עלמה שחור לבן וניל 200ג',"גילרו בע""מ",,ופלים בסגנון בלגי בט,גרמים,200.00,100 גרם,false,,3.50,0.0175,true,1,163993
7290001419779,false,"וופל קלאסי בטעם שוקולד ""עלמה"" 200 גרם","גילרו בע""מ",,ופלים בטעם שוקולד על,גרמים,200.00,100 גרם,false,,3.50,0.0175,true,1,163994
7290001419793,false,גביעי גלידה מגולגל עלמה גילרו 30 יח',"גילרו בע""מ",,עלמה גביעי גלידה 12,Unknown,12.00,יחידה,false,,11.90,0.9917,true,1,163995
7290001419892,false,"ופל קלאסי בטעם לימון ""עלמה"" 200 גרם","גילרו בע""מ",,ופלים קלאסיים בטעם ל,גרמים,200.00,100 גרם,false,,3.50,0.0175,true,1,163996
7290001461105,false,לחם מחמצת לבן (ברקוד,פילסברי,,לחם מחמצת לבן,Unknown,1.00,יחידה,false,,17.90,17.9000,true,1,176948
7290001461112,false,לחם רוסטיק עגול פילס,פילסברי,,לחם מחמצת דגנים,Unknown,1.00,יחידה,false,,17.90,17.9000,true,1,176949
7290001461457,false,בגט רוסטיק קמח מלא ו,פילסברי,,בגט רוסטיק עם קמח מל,Unknown,1.00,יחידה,false,,8.50,8.5000,true,1,176952
7290001461563,false,עוגיות שוקולד-צ'יפס,,,עוגיות שוקולד-צ'יפס,קילוגרמים,1.00,"ק""ג",true,,59.00,59.0000,true,1,180923
7290001461570,false,עוגיות עם קוקוס ואגו,,,עוגיות עם קוקוס ואגו,קילוגרמים,1.00,"ק""ג",true,,49.90,49.9000,true,1,176887
7290001461860,false,עשיריית פיתות פילסבר,פילסברי,,פיתה קריצה (עשיריות),Unknown,1.00,יחידה,false,,14.90,14.9000,true,1,180933
7290001468326,false,"מיץ לימון טבעי 500 מ""ל",ITAL LEMON,,מיץ לימון טבעי 500 מ,מיליליטרים,500.00,"100 מ""ל",false,,11.90,0.0238,true,1,172203
7290001468562,false,מטהר אוויר בריז,KOZMO,,מטהר אויר,Unknown,1.00,יחידה,false,,4.90,4.9000,true,1,172204
7290001468609,false,סוכר וניל 10*10גר,ר.ס.,,סוכר וניל 10*10גר,גרמים,100.00,100 גרם,false,,2.50,0.0250,true,1,172205
7290001468616,false,אבקת אפייה פרימיום 10 יח',ר.ס.,,אבקת אפייה 10יחידות,גרמים,100.00,100 גרם,false,,2.50,0.0250,true,1,172206
7290001468715,false,אבקת סוכר 100 גרם,ר.ס.,,אבקת סוכר 100גר,גרמים,100.00,100 גרם,false,,2.00,0.0200,true,1,172212
7290001482186,false,אננס חתוך בסירופ קל ויליפוד 565 גרם,הנסיך- מפעל לייצור ט,,אננס חתוך בסירופ קל,גרמים,565.00,100 גרם,false,,6.90,0.0122,true,1,160481
7290001482506,false,וילי פוד חומץ בלסמי בדץ 500מל,וילי פוד,,חומץ בלסמי ממודנה וי,מיליליטרים,500.00,"100 מ""ל",false,,16.90,0.0338,true,1,160482
7290001491010,false,תה ירוק יסמין ויסוצקי 25 יחידות,תה ויסוצקי,,תה ירוק יסמין ויסוצק,Unknown,25.00,יחידה,false,,24.90,0.9960,true,1,159021
7290001591680,false,קניידלך מקמח מצה 500 גרם שלושת האופים,"שלושת האופים בע""\מ",,קניידלך מקמח מצה שלו,גרמים,500.00,100 גרם,false,,19.90,0.0398,true,1,185542
7290001591703,false,קבב אנגוס עגול טיבון ויל 500 גרם,טיבון ויל,,קבב אנגוס עגול טיבון,גרמים,500.00,100 גרם,false,,23.90,0.0478,true,1,184939
7290001594155,false,"קוקה-קולה בבקבוק אישי 500 מ""ל",החברה המרכזית לייצור משקאות,,"קוקה קולה 500 מ""ל",מיליליטרים,500.00,"100 מ""ל",false,,6.50,0.0130,true,1,164304
7290001594230,false,קינלי סודה בבקבוק זכוכית,החברה המרכזית לייצור,,"קינלי סודה 250 מ""ל",מיליליטרים,250.00,"100 מ""ל",false,,3.90,0.0156,true,1,164307
7290001594568,false,"בירה בפחית קרלסברג 500 מ""ל",מבשלות בירה בינלאומיות ב,,בירה קרלסברג פחית 50,מיליליטרים,500.00,"100 מ""ל",false,,8.90,0.0178,true,1,164313
7290001594575,false,"בירה טובורג רד פחית 500 מ""ל",מבשלות בירה בינלאומיות ב,,בירה טובורג פחית 500,מיליליטרים,500.00,"100 מ""ל",false,,9.10,0.0182,true,1,164314
7290001594865,false,"שישייה בירה קרלסברג בקבוק 330 מ""ל",מבשלות בירה בינלאומיות ב,,"קרלסברג שישיה 330 מ""",מיליליטרים,1980.00,"100 מ""ל",false,,41.70,0.0211,true,1,164316
7290001598085,false,לחם משפחתי עם דגנים מקמח מלא,מאפיית יוסף ברון,,לחם קסטן משפחתי חיטה,גרמים,1000.00,100 גרם,false,,16.90,0.0169,true,1,180304
7290001598115,false,לחם בריאות מקמח מלא 700 גר,מאפיית יוסף ברון,,לחם חיטה מלאה 700 גר,גרמים,700.00,100 גרם,false,,12.90,0.0184,true,1,180306
7290001598122,false,לחם מיוחד - צהוב מקמח שיפון וקמח מלא,קונדיטוריית ברון,,לחם מיוחד שיפון עם ח,גרמים,700.00,100 גרם,false,,12.90,0.0184,true,1,180307
7290001598191,false,לחם קל שיפון מלא מהדרין 700גר,מאפיית יוסף ברון בעמ,,לחם שיפון קל ברון 55,גרמים,550.00,100 גרם,false,,12.90,0.0235,true,1,180309
7290001598276,false,"לחם 7 דגנים קל מקמח חיטה מלא ללא שמרים 1.1 ק""ג הברון",מאפיית יוסף ברון,,לחם קסטן מחמצת עם דג,גרמים,1000.00,100 גרם,false,,16.90,0.0169,true,1,180312
7290001598429,false,פרנה מרוקאית חמשת 4,מאפיית יוסף ברון בעמ,,לחם פרנה ברון 520 גר,גרמים,520.00,100 גרם,false,,12.90,0.0248,true,1,185435
7290001598528,false,לחם כוסמין 100% 450ג' הברון,מאפיית יוסף ברון בעמ,,לחם כוסמין חמשת מיני,גרמים,450.00,100 גרם,false,,16.90,0.0376,true,1,185438
7290001598580,false,פיתות כוסמין 6יח 99 קלוריות,מאפיית יוסף ברון בעמ,,פיתות כוסמין חמשת מי,גרמים,372.00,100 גרם,false,,16.90,0.0454,true,1,185440
7290001598597,false,פיתה כוסמין 99 קלוריות,,,פיתה 99 קלוריות חמשת,גרמים,300.00,100 גרם,false,,15.90,0.0530,true,1,185441
7290001598856,false,פיתות כוסמין ביס חמש,,,פיתות כוסמין ביס חמש,גרמים,400.00,100 גרם,false,,15.90,0.0398,true,1,185442
7290001648155,false,קפה שחור רג'ואן 100,רוני רג'ואן ושות,,קפה שחור רג'ואן 100,גרמים,100.00,100 גרם,false,,5.90,0.0590,true,1,160469
7290001690208,false,גבינת גאודה בקר הולנ,,,גבינת גאודה בקר הולנ,גרמים,200.00,100 גרם,false,,22.90,0.1145,true,1,184191
7290001789711,false,סט 3 קופסאות מלבניות,,,סט 3 קופסאות מלבניות,Unknown,3.00,יחידה,false,,10.90,3.6333,true,1,188499
7290001789742,false,סט 3 קופסאות ריבועיות עם מכסה אדום,,,סט 3 קופסאות ריבועיו,Unknown,1.00,יחידה,false,,9.90,9.9000,true,1,190192
7290001791349,false,פיסגה אקונומיקה ריחנית סנו 4 ליטר,"סנו מפעלי ברונוס בע""מ",,אקונומיקה ריחנית פיס,מיליליטרים,4000.00,"100 מ""ל",false,,11.90,0.0030,true,1,161696
7290001817728,false,צ'יטוס אפוי כאפה בטעם קטשופ 55 גרם,"שטראוס פריטו ליי בע""\מ )",,ציטוס כאפה 55 גרם,גרמים,55.00,100 גרם,false,,3.50,0.0636,true,1,158665
7290001901670,false,גפילטע פיש דיאט 4 קציצות בצנצנת הדג המיוחד 670 גרם,דג טעים בעמ,,שימורי געפילטע פיש ל,גרמים,470.00,100 גרם,false,,22.90,0.0487,true,1,172224
7290001990148,false,"סוכר גולדן קלאסי בצנצנת סוגת 1 ק""ג",האי נאם סי או אל.טי.,,סוכר גולדן קלאסי בצנ,פריט,1.00,"ק""ג",false,,12.90,12.9000,true,1,163997
7290002000143,false,"חדש -פנג'ל ק.ידיים קלאסיק 80מ""ל",מיוצר עי קונדיטוריית,,קרם ידיים בשפופרת פנ,מיליליטרים,80.00,"100 מ""ל",false,,8.00,0.1000,true,1,161907
7290002019763,false,עגבניות מרוסקות פרי ניר 800 גרם,פרי ניר,,עגבניות מרוסקות 800,גרמים,800.00,100 גרם,false,,7.90,0.0099,true,1,163999
7290002019787,false,רוטב עגבניות מרוכז מאוד 260 גרם פריניר,פריניר ( הדס 1987) ב,,פריניר רוטב עגבניות,גרמים,260.00,100 גרם,false,,3.90,0.0150,true,1,164000
7290002019794,false,רוטב עגבניות מרוכז מאוד 100 גרם פריניר,פריניר ( הדס 1987) ב,,רסק עגבניות פריניר 1,גרמים,100.00,100 גרם,false,,1.90,0.0190,true,1,164001
7290002043188,false,אקסטרה צ'יפס אורז חום מלא צ'ילי חריף 60 גרם,נוהלס ג'\י אס סי.,,ציפס אורז חום מלא צי,גרמים,60.00,100 גרם,false,,7.20,0.1200,true,1,164751
7290002043218,false,אקסטרה צ'יפס אורז חום מלא מלח 60 גרם,נוהלס ג'\י אס סי.,,ציפס אורז חום מלא מל,גרמים,60.00,100 גרם,false,,7.20,0.1200,true,1,164752
7290002043225,false,אקסטרה צ'יפס אורז חום מלא פפריקה 60 גרם,נוהלס ג'\י אס סי.,,ציפס אורז חום מלא פפ,גרמים,60.00,100 גרם,false,,7.20,0.1200,true,1,164753
7290002043324,false,אקסטרה צ'יפס אורז חום מלא מלח 25 גרם,,,ציפס אורז חום מלא מל,גרמים,25.00,100 גרם,false,,4.90,0.1960,true,1,181891
7290002057017,false,זיתים נובו ענק A2 יבנה 330ג',שיוך למחסן 17,,זיתים נובו ענק יבנה,גרמים,540.00,100 גרם,false,,9.90,0.0183,true,1,164002
7290002057031,false,זיתים מבוקעים פיקנטי קבוצת יבנה 340 גרם,קבוצת יבנה,,זיתים מבוקעים פיקנטי,גרמים,560.00,100 גרם,false,,8.90,0.0159,true,1,164003
7290002057048,false,זית סורי מתובל בשמן קבוצת יבנה 560 גרם,קבוצת יבנה,,זית סורי מבוקע 540 ג,גרמים,540.00,100 גרם,false,,10.90,0.0202,true,1,164004
7290002057123,false,זיתים ירוקים מנזנילו קבוצת יבנה 560 גרם,קבוצת יבנה,,זית חרוזית ירוק 275,גרמים,275.00,100 גרם,false,,9.50,0.0345,true,1,164006
7290002057185,false,טבעות זיתים ירוקים קבוצת יבנה 560 גרם,קבוצת יבנה,,טבעות זיתים ירוקים ‏,גרמים,275.00,100 גרם,false,,9.90,0.0360,true,1,164008
7290002057260,false,זיתים מנזולינו 17-15 600 ג' גדול יבנה,קבוצת יבנה,,שי זיתים מנזנילו גדו,גרמים,540.00,100 גרם,false,,8.50,0.0157,true,1,164010
7290002057352,false,מלפפונים במלח ‏9‏-‏7‏ קבוצת יבנה 320 גרם,קבוצת יבנה מוצרי מזון,,מלפפונים גדולים במלח,גרמים,320.00,100 גרם,false,,6.90,0.0216,true,1,164011
7290002057369,false,מלפפונים במלח ‏12‏-‏10‏ קבוצת יבנה 320 גרם,קבוצת יבנה,,מלפפון קטן במלח 540,גרמים,540.00,100 גרם,false,,7.90,0.0146,true,1,164012
7290002057376,false,מלפפונים במלח ‏17‏-‏13‏ קבוצת יבנה 320 גרם,קבוצת יבנה,,מלפפון קטן במלח 540,גרמים,540.00,100 גרם,false,,9.90,0.0183,true,1,164013
7290002057383,false,מלפפון יבנה במלח קטנים מאוד 18-25 320 גר יבנה,קבוצת יבנה,,מלפפון קטן במלח 18-2,גרמים,540.00,100 גרם,false,,12.90,0.0239,true,1,164014
7290002057468,false,מלפפון יבנה בחומץ בינוניים 10-12 290 גרם,קבוצת יבנה,,מלפפון בחומץ 10-12 י,גרמים,290.00,100 גרם,false,,7.90,0.0272,true,1,164017
7290002057475,false,מלפפונים בחומץ ‏17‏-‏13 קבוצת יבנה 290 גרם,קבוצת יבנה,,מלפפון קטן בחומץ 13-,גרמים,560.00,100 גרם,false,,9.90,0.0177,true,1,164018
7290002065555,false,שישיית לחמנייה הכי רכה בהפסקה אנג'ל 450 גרם,מאפיית שלמה א. אנג'\ל בע,,הלחמניה - לחמניות רכ,Unknown,6.00,יחידה,false,,11.90,1.9833,true,1,159118
7290002065555,false,שישיית לחמנייה הכי רכה בהפסקה אנג'ל 450 גרם,מאפיית שלמה א. אנג'\ל בע,,הלחמניה - לחמניות רכ,Unknown,6.00,יחידה,false,,11.90,1.9833,true,1,159122
7290002065616,false,לחם שיפון גרעינים פרוס אחדות 750 גרם,מאפיית שלמה א. אנג'\ל בע,,לחם שיפון גרעינים פר,גרמים,750.00,100 גרם,false,,12.90,0.0172,true,1,159123
7290002065623,false,לחם שיפון של פעם כפרי פרוס אורנים 750 גרם,מאפיית שלמה א. אנג'\ל בע,,לחם שיפון כפרי 750 ג,גרמים,750.00,100 גרם,false,,11.90,0.0159,true,1,186848
7290002077268,false,מיני קציצות דג לבישול 500 גרם קהילות,האי נאם סי או אל.טי.,,קציצות דג מיני 500 ג,גרמים,500.00,100 גרם,false,,21.90,0.0438,true,1,171673
7290002079033,false,לחם דגנים לייט פרוס 500 גרם,מאפיית דוידוביץ ובניו בע,,לחם דגנים לייט 500 ג,גרמים,500.00,100 גרם,false,,12.90,0.0258,true,1,169349
7290002079217,false,מחמצת עם אגוזים שיפון 650 ג',מאפיית דוידוביץ ובני,,מחמצת עם אגוזים שיפו,גרמים,650.00,100 גרם,false,,13.90,0.0214,true,1,169351
7290002079316,false,חלה רגילה פרוסה 500 גרם,מאפיית דוידוביץ ובני,,חלה פרוסה 500 גרם,גרמים,500.00,100 גרם,false,,9.90,0.0198,true,1,169352
7290002079361,false,לחמניות המבורגר חתוך 6+2*60 ג',מאפיית דוידוביץ ובני,,מארז המבורגר 2+6 יחי,Unknown,8.00,יחידה,false,,18.90,2.3625,true,1,169354
7290002079477,false,לחם אחיד פרוס דוידוב,מאפיית דוידוביץ ובניו בע,,לחם אחיד פרוס 750 גר,גרמים,750.00,100 גרם,false,,6.90,0.0092,true,1,169346
7290002079477,false,לחם אחיד פרוס דוידוב,מאפיית דוידוביץ ובניו בע,,לחם אחיד פרוס 750 גר,גרמים,750.00,100 גרם,false,,6.90,0.0092,true,1,169356
7290002079996,false,לחם אחיד פרוס קל 750 גרם,מאפיית דוידוביץ ובני,,לחם אחיד קל פרוס 750,גרמים,750.00,100 גרם,false,,11.90,0.0159,true,1,169360
7290002105749,false,"טחון בקר 100% קפוא 1 ק""ג גאלט מחפוד",עוף ירושלים,,"טחון בקר נקי 1 ק""ג ק",גרמים,1000.00,100 גרם,false,,45.90,0.0459,true,1,187967
7290002107071,false,גבינת פטה עיזים מעודנת 16% משק צוריאל 200 גרם,מחלבת משק צוריאל,,פטה עיזים מעודנת 16%,גרמים,200.00,100 גרם,false,,23.70,0.1185,true,1,164451
7290002107385,false,גליל גבינת עיזים מה עז משק צוריאל 180 גרם,מחלבת משק צוריאל,,גליל גבינת עיזים מה,גרמים,180.00,100 גרם,false,,21.90,0.1217,true,1,181385
7290002107798,false,גבינה בולגרית מעודנת 5% משק צוריאל 250 גרם,מחלבת משק צוריאל,,בולגרית מעודנת 5% בג,גרמים,250.00,100 גרם,false,,22.50,0.0900,true,1,164453
7290002129479,false,פיצה איטלקית דקה 320 ג' שלושת האופים,האי נאם סי או אל.טי.,,פיצה איטלקית דקה שלו,גרמים,320.00,100 גרם,false,,15.90,0.0497,true,1,160980
7290002130567,false,דבש דבורים טהור פרחי בר יד מרדכי 350 גרם,מכוורת יד מרדכי שטראוס ב,,דבש טהור יד מרדכי 35,גרמים,350.00,100 גרם,false,,18.90,0.0540,true,1,167027
7290002130574,false,דבש טהור מפרחי בר בזכוכית 500 ג' יד מרדכי,מכוורת יד מרדכי שטראוס ב,,דבש טהור 500 גרם,גרמים,500.00,100 גרם,false,,24.90,0.0498,true,1,167028
7290002132011,false,עוגיות מזרחיות מלוחות עבאדי 400 גרם,מאפיית יוסף ושמחה עבאדי,,עוגיות מזרחיות עבאדי,גרמים,400.00,100 גרם,false,,19.90,0.0497,true,1,159022
7290002157182,false,אבקת ג'לטין טהור נטו,גואנגדונג מיניאנג,,אבקת ג'לטין טהור נטו,גרמים,28.00,100 גרם,false,,9.90,0.3536,true,1,160910
7290002157953,false,מארז נתחי טונה בהירה בשמן קנולה - 4 יחידות,דיאמנט פוד פרודקט,,טונה ויליגר שמן קנול,גרמים,560.00,100 גרם,false,,19.90,0.0355,true,1,160982
7290002157960,false,טונה ויליגר 392 גרם במים רביעייה,ויליגר,,רביעיית טונה במים 56,גרמים,560.00,100 גרם,false,,19.90,0.0355,true,1,186154
7290002190516,false,"ריבת חלב גלעם-קומידה 500ג' 12X-כשל""פ",אשבל מזון פונקציונלי בע\,,ממרח ריבת חלב קומידה,גרמים,500.00,100 גרם,false,,13.90,0.0278,true,1,171031
7290002253006,false,שום כתוש דורות בצנצנת 200 גרם,עיצובים 2020 (3.8),,דורות שום כתוש טרי 2,גרמים,200.00,100 גרם,false,,15.90,0.0795,true,1,159421
7290002253105,false,קוביות שום כתוש טרי דורות 80 גרם,עיצובים 2020 (3.8),,דורות קוביות שום טרי,גרמים,80.00,100 גרם,false,,11.90,0.1488,true,1,159422
7290002253150,false,קוביות בזיליקום קצוץ דורות 70 גרם,עיצובים 2020 (3.8),,דורות בזיליקום קצוץ,גרמים,70.00,100 גרם,false,,11.90,0.1700,true,1,159423
7290002277927,false,מעדניה - פילה אמנון,,,מעדניה - פילה אמנון,קילוגרמים,1.00,"ק""ג",true,,30.90,30.9000,true,1,160911
7290002278528,false,כריות ניקוי שבתכלין ביאנקו שייני 2 יחידות,מ.א ייצור ושיווק מטל,,שבת כלין,Unknown,2.00,יחידה,false,,8.60,4.3000,true,1,165630
7290002279211,false,חלה מתוקה ארוזה אלומ,,,חלה מתוקה ארוזה אלומ,גרמים,500.00,100 גרם,false,,10.90,0.0218,true,1,169361
7290002281382,false,נתח סלמון נורווגי 100 % דלידג,דלידג,,מעדניה - נתחי פילה ס,קילוגרמים,1.00,"ק""ג",true,,89.90,89.9000,true,1,160985
7290002281382,false,נתח סלמון נורווגי 100 % דלידג,דלידג,,מעדניה - נתחי פילה ס,קילוגרמים,1.00,"ק""ג",true,,89.90,89.9000,true,1,183887
7290002321750,false,"פילה אמנון קפוא בד""ץ מאסטר פוד",,,מעדניה - פילה אמנון,קילוגרמים,1.00,"ק""ג",true,,30.90,30.9000,true,1,160912
7290002327028,false,ג'חנון תימני 3 האופים 650 גר',TLV צ'יף,,ג'חנון שלושת האופים,גרמים,650.00,100 גרם,false,,19.90,0.0306,true,1,160987
7290002327059,false,"בצק עלים 1 ק""ג שלושת האופים קהילות",שלושת האופים,,בצק עלים מרודד שלושת,גרמים,1000.00,100 גרם,false,,21.90,0.0219,true,1,160989
7290002327073,false,בורקס גבינה 800 גר' שלושת האופים קהילות,שלושת האופים,,בורקס גבינה שלושת הא,גרמים,800.00,100 גרם,false,,21.90,0.0274,true,1,160990
7290002331018,false,"נביעות מים עם פקק ספורט 500מ""ל",נביעות טבע הגליל בעמ,,מים מינרלים נביעות 5,מיליליטרים,500.00,"100 מ""ל",false,,3.90,0.0078,true,1,164317
7290002331162,false,נביעות מים מינרלים 1.5ל',נביעות,,מים מינרליים נביעות,מיליליטרים,1500.00,"100 מ""ל",false,,4.20,0.0028,true,1,174524
7290002331322,false,שישיית מים נביעות 1.5 ליטר,נביעות טבע הגליל בעמ,,מים מינרילים נביעות,קילוגרמים,9.00,ליטר,false,,11.90,1.3222,true,1,164323
7290002331360,false,"נביעות מים מינרליים טו גו מארז 500X6מ""ל",נביעות טבע,,נביעות TOGO שישייה 5,מיליליטרים,3000.00,"100 מ""ל",false,,14.90,0.0050,true,1,164324
7290002331483,false,"שישיית נביעות אישי בייבי 320 מ""ל",נביעות טבע הגליל בעמ,,מים מינרלים נביעות 6,מיליליטרים,1920.00,"100 מ""ל",false,,15.70,0.0082,true,1,164326
7290002331490,false,מים מינרליים נביעות 1 ליטר,נביעות טבע הגליל בעמ,,נביעות 1 ליטר,מיליליטרים,1000.00,"100 מ""ל",false,,3.60,0.0036,true,1,164327
7290002345022,false,אנטריקוט דק דק מינוט סטייק אל גאוצ'ו 250 גרם,"טיבון ויל אחזקות בע""\מ",,אנטריקוט דק דק מינוט,גרמים,250.00,100 גרם,false,,22.90,0.0916,true,1,171679
7290002345046,false,סטייק אנטירקוט קפוא 300 ג,,,אנטריקוט דק דק 300 ג,גרמים,300.00,100 גרם,false,,29.90,0.0997,true,1,167931
7290002345077,false,שניצל בקר מינוט אל גאוצ'ו קפוא 250 גר,"טיבון ויל אחזקות בע""\מ",,שניצל מילנסה דקדק אל,גרמים,250.00,100 גרם,false,,18.90,0.0756,true,1,160993
7290002345121,false,אסאדו דקדק אל גאוצ'ו 250 גרם,"טיבון ויל אחזקות בע""\מ",,אסאדו דקדק 250 גרם,גרמים,250.00,100 גרם,false,,26.90,0.1076,true,1,180729
7290002345275,false,פילה דג סלמון מעושן 100 גר,,,סלמון מעושן 100 גרם,גרמים,100.00,100 גרם,false,,19.90,0.1990,true,1,167936
7290002345282,false,נתחי פילה סלמון קפוא דלידג,דלידג,,נתחי סלמון דלידג,קילוגרמים,1.00,"ק""ג",true,,89.90,89.9000,true,1,171680
7290002349044,false,ספוג הקסם שלישייה-רמ,,,ספוג הקסם שלישייה-רמ,Unknown,3.00,יחידה,false,,8.90,2.9667,true,1,181007
7290002349228,false,ספוג פלא עם שכבה ירוקה רמי לוי,,,ספוג פלא עם שכבה ירו,Unknown,1.00,יחידה,false,,8.90,8.9000,true,1,167907
7290002353836,false,סרדינים רוברט בשמן זית 115 גרם,קונסרבס פורטוגל נורטה,,סרדינים רוברט בשמן ז,גרמים,120.00,100 גרם,false,,8.90,0.0742,true,1,160994
7290002360155,false,חליטת תה פרחי שומר פומפדור 20 שקיקים,TEEKANNE- POMPADOU,,חליטת שומר פומפדור 2,גרמים,40.00,100 גרם,false,,15.90,0.3975,true,1,164988
7290002360285,false,חליטת צמחים פומפדור קמומיל 20 יחידות,TEEKANNE- POMPADOU,,חליטת צמחים קמומיל פ,גרמים,30.00,100 גרם,false,,15.90,0.5300,true,1,164990
7290002371533,false,דקניקים סלסולי פסטרמה דבש טירת צבי 120 גרם,הנסיך- מפעל לייצור ט,,סלסולי פסטרמה דבש 12,גרמים,120.00,100 גרם,false,,14.90,0.1242,true,1,163000
7290002371540,false,דקניקים קורנדביף ללא גלוטן טירת צבי 120 גרם,הנסיך- מפעל לייצור ט,,קורנדביף 120 גרם טיר,גרמים,120.00,100 גרם,false,,14.90,0.1242,true,1,163001
7290002381808,false,נר נשמה שלהבת 24 שעות,,,נר נשמה 24 שעות,Unknown,1.00,יחידה,false,,1.90,1.9000,true,1,190060
7290002385745,false,גבינת פיקורינו משולשים גד,מחלבות גד,,פיקורינו משולש גד מע,קילוגרמים,1.00,"ק""ג",true,,149.00,149.0000,true,1,185295
7290002404590,false,"יין מרלו הראשית 750 מ""ל היוצר",יקבי ארזה,,יין היוצר בראשית מרל,מיליליטרים,750.00,"100 מ""ל",false,,39.90,0.0532,true,1,180566
7290002439981,false,קלאסיקו קבב בקר אל גאוצ'ו,"טיבון ויל אחזקות בע""\מ",,קלאסיקו קבב בקר טיבו,גרמים,400.00,100 גרם,false,,22.90,0.0572,true,1,186168
7290002439998,false,קלאסיקו קבב בקר וכבש אלג,טיבון ויל - נטו,,קלאסיקו קבב בקר וכבש,גרמים,400.00,100 גרם,false,,22.90,0.0572,true,1,186169
7290002447085,false,רצועות שווארמה טרי א.א ק,תנובה,,רצועות שווארמה עגל ט,קילוגרמים,1.00,"ק""ג",true,,89.90,89.9000,true,1,177369
7290002447146,false,שניצל עגל א.אדום טריארוז,תנובה,,שניצל עגל טרי,קילוגרמים,1.00,"ק""ג",true,,89.90,89.9000,true,1,177370
7290002507604,false,פיצה שגב השף מאיטליה 350 גרם,האי נאם סי או אל.טי.,,פיצת השף שגב 320 גרם,גרמים,320.00,100 גרם,false,,16.90,0.0528,true,1,161005
7290002542780,false,"שישייה בירה סטלה ארטואה בקבוק 330X6 מ""ל","אינבב, ברוורייפליין",,סטלה ארטואה שישיה -3,מיליליטרים,1980.00,"100 מ""ל",false,,37.90,0.0191,true,1,186992
7290002543237,false,דגני בוקר קלוגס קורנפלקס 750 גרם,קלוגס קומפני אוף גרייט ב,,קלוגס קורנפלקס 750 ג,גרמים,750.00,100 גרם,false,,14.90,0.0199,true,1,160357
7290002570963,false,בגט רוסטיק,,,בגט רוסטיק,Unknown,1.00,יחידה,false,,8.50,8.5000,true,1,176966
7290002579533,false,צימרונים מעץ בשקית,חביב,,צימרונים מעץ בשקית,יח',1.00,יח',false,,1.90,1.9000,true,1,172170
7290002596677,false,מעדניה - פילה אמנון,,,מעדניה - פילה אמנון,קילוגרמים,1.00,"ק""ג",true,,30.90,30.9000,true,1,160913
7290002603764,false,כיסוני תפוא 600 גר רמי לוי,,,קרפלאך תפוא 600 גרם,גרמים,600.00,100 גרם,false,,11.90,0.0198,true,1,167939
7290002603771,false,פלמני כיסוני בשר 600 גר רמי לוי,,,קרפלאך בשר 600 גרם ר,גרמים,600.00,100 גרם,false,,11.90,0.0198,true,1,167940
7290002603788,false,קובה חמוסטה 600 גר רמי לוי,,,קובה חמוסטטה 600 גרם,גרמים,600.00,100 גרם,false,,11.90,0.0198,true,1,167941
7290002603801,false,קובה למרק 600 גר רמי לוי,,,קובה למרק 600 גרםרמי,גרמים,600.00,100 גרם,false,,11.90,0.0198,true,1,167942
7290002603887,false,קובה מטוגן 600 גר רמי לוי,,,קובה בשר 600 גרם רמי,גרמים,600.00,100 גרם,false,,11.90,0.0198,true,1,167950
7290002603900,false,פלאפל 500 גר רמי לוי,,,כדורי פלאפל 600 גרם,גרמים,600.00,100 גרם,false,,11.90,0.0198,true,1,167952
7290002603917,false,מאפה עלים למילוי 500 גר רמי לוי,,,עלים למילוי סיגר 600,גרמים,600.00,100 גרם,false,,11.90,0.0198,true,1,167953
7290002603931,false,מאפה פסטל בשר 600 גר רמי לוי,,,פסטל בשר 600 גרם רמי,גרמים,600.00,100 גרם,false,,11.90,0.0198,true,1,167955
7290002603955,false,מאפה סיגר בשר 600 גר רמי לוי,,,סיגרים בשר 600 גרם ר,גרמים,600.00,100 גרם,false,,11.90,0.0198,true,1,167957
7290002603986,false,פיצה מרגריטה זוג 640 גרם רמי לוי,,,פיצה מרגריטה רמי לוי,גרמים,640.00,100 גרם,false,,20.90,0.0327,true,1,186741
7290002603993,false,פיצה מרגריטה זיתים 340 גר רמי לוי,,,פיצה מרגריטה זית רמי,גרמים,340.00,100 גרם,false,,12.90,0.0379,true,1,186742
7290002608127,false,בייגל רומני פילסברי,פילסברי,,בייגל רומני,Unknown,1.00,יחידה,false,,4.90,4.9000,true,1,176954
7290002608202,false,לחם כוסמין מלא בחוש,פילסברי,,לחם כוסמין מלא בחוש,Unknown,1.00,יחידה,false,,17.90,17.9000,true,1,180934
7290002608370,false,לחמניית בגט (רבע בגט,,,לחמניית בגט ( רבע בג,Unknown,1.00,יחידה,false,,2.00,2.0000,true,1,176955
7290002608493,false,רוגלים שוקולד חלבה ח,,,רוגלים שוקולד- חלבה,קילוגרמים,1.00,"ק""ג",true,,47.90,47.9000,true,1,176892
7290002608509,false,לחם מחמצת זיתי קלמטה,,,לחם מחמצת זיתי קלמטה,Unknown,1.00,יחידה,false,,17.90,17.9000,true,1,180935
7290002608516,false,לחם מחמצת מקמח מלא 5,פילסברי,,לחם מחמצת מקמח מלא,Unknown,1.00,יחידה,false,,17.90,17.9000,true,1,176957
7290002608523,false,לחם מחמצת כוסמין (בר,פילסברי,,לחם מחמצת כוסמין,Unknown,1.00,יחידה,false,,17.90,17.9000,true,1,176958
7290002608547,false,לחם מחמצת שיפון וחמוציות 530,פילסברי,,לחם מחמצת שיפון כהה,Unknown,1.00,יחידה,false,,17.90,17.9000,true,1,180936
7290002608769,false,לחם מחמצת טוסקאני דג,פילסברי,,לחם מחמצת טוסקאני דג,Unknown,1.00,יחידה,false,,17.90,17.9000,true,1,181195
7290002608899,false,מארז מינגלך בטעם שוק,פילסברי,,מארז מינגלך בטעם שוק,גרמים,400.00,100 גרם,false,,20.90,0.0522,true,1,186060
7290002610182,false,חזה עוף קפוא ארוז חתם סופר,,,חזה עוף ארוז קפוא חת,קילוגרמים,1.00,"ק""ג",true,,23.90,23.9000,true,1,176741
7290002610229,false,פרגיות עוף קפוא ארוז חתם סופר,,,פרגיות עוף ארוז קפוא,קילוגרמים,1.00,"ק""ג",true,,49.90,49.9000,true,1,176745
7290002610236,false,שניצל עוף פרוס ארוז קפוא חתם סופר,,,שניצל עוף פרוס ארוז,קילוגרמים,1.00,"ק""ג",true,,26.90,26.9000,true,1,176746
7290002610250,false,כבד עוף קפוא ארוז חתם סופר,,,כבד עוף ארוז קפוא חת,קילוגרמים,1.00,"ק""ג",true,,9.90,9.9000,true,1,176748
7290002610267,false,לבבות עוף קפוא ארוז חתם סופר,,,לבבות עוף ארוז קפוא,קילוגרמים,1.00,"ק""ג",true,,24.90,24.9000,true,1,176749
7290002610274,false,כנף עוף חצוי ארוז קפ,,,כנף עוף חצוי ארוז קפ,קילוגרמים,1.00,"ק""ג",true,,9.90,9.9000,true,1,176750
7290002610397,false,עוף שלם טרי ארוז חתם סופר,,,עוף טרי ארוז חתם סופ,קילוגרמים,1.00,"ק""ג",true,,21.90,21.9000,true,1,176751
7290002610403,false,חזה עוף טרי ארוז חתם סופר,,,חזה טרי ארוז חתם סופ,קילוגרמים,1.00,"ק""ג",true,,31.90,31.9000,true,1,176752
7290002610410,false,כרעיים עוף טרי ארוז חתם סופר,,,כרעיים טרי ארוז חתם,קילוגרמים,1.00,"ק""ג",true,,24.90,24.9000,true,1,176753
7290002610427,false,כנפיים עוף טרי ארוז חתם סופר,,,כנפיים טרי ארוז חתם,קילוגרמים,1.00,"ק""ג",true,,14.90,14.9000,true,1,176754
7290002610441,false,שוקיים עוף טרי ארוז חתם סופר,,,שוקיים טרי ארוז חתם,קילוגרמים,1.00,"ק""ג",true,,34.90,34.9000,true,1,176756
7290002610458,false,פרגיות עוף טרי ארוז חתם סופר,,,פרגיות טרי ארוז חתם,קילוגרמים,1.00,"ק""ג",true,,69.90,69.9000,true,1,176757
7290002610489,false,שניצל עוף טרי ארוז חתם סופר,,,שניצל עוף פרוס טרי א,קילוגרמים,1.00,"ק""ג",true,,34.90,34.9000,true,1,176760
7290002610496,false,סטייק פרגית טרי ארוז חתם סופר,,,סטייק פרגיות עוף טרי,קילוגרמים,1.00,"ק""ג",true,,59.90,59.9000,true,1,176761
7290002627098,false,פיצה ביס שלושת האופים 350 גרם,שגמור ייצור ושווק מוצרי,,פיצה ביס שלושת האופי,גרמים,350.00,100 גרם,false,,14.90,0.0426,true,1,183653
7290002627616,false,פילה אמנון דלידג 7-9,מאומינג שינזו סאיפוד,,מעדניה - פילה אמנון,קילוגרמים,1.00,"ק""ג",true,,30.90,30.9000,true,1,161013
7290002627623,false,מעדניה - פילה אמנון,דלידג,,מעדניה - פילה אמנון,קילוגרמים,1.00,"ק""ג",true,,30.90,30.9000,true,1,161014
7290002654674,false,תערובת להכנת עוגת שוקולד כהאנס 560ג',י.כהן,,אבקת אינסטנט עוגת שו,גרמים,560.00,100 גרם,false,,15.00,0.0268,true,1,172228
7290002657866,false,"פילה אמנון""דלידג מהדרין",גואנדונג יוג'יה סיפו,,מעדניה - פילה אמנון,קילוגרמים,1.00,"ק""ג",true,,30.90,30.9000,true,1,160915
7290002692478,false,"שמן זית כתית מעולה קלאסי מעודן 750 מ""ל עץ הזית","מרקאולאו, ספרד.אבסה,",,שמן זית כתית מעולה מ,מיליליטרים,750.00,"100 מ""ל",false,,33.90,0.0452,true,1,164032
7290002692768,false,"תרסיס שמן קנולה מזוכך ללא תוספת גז עץ הזית 200 מ""ל",טרנסומס פוד איי בי,,"תרסיס שמן קנולה ""עץ",מיליליטרים,150.00,"100 מ""ל",false,,15.90,0.1060,true,1,164033
7290002692782,false,"תרסיס שמן זית כתית מעולה ללא תוספת גז עץ הזית 150 מ""ל",י.ב טכנולוגיות אריזה,,"תרסיס שמן זית ""עץ הז",מיליליטרים,150.00,"100 מ""ל",false,,15.90,0.1060,true,1,164034
7290002730811,false,"משחת שיניים ג'ל פסים מרעננים קולגייט 100 מ""ל",הנסיך- מפעל לייצור ט,,קולגייט אדומה ג'ל פס,מיליליטרים,100.00,"100 מ""ל",false,,12.90,0.1290,true,1,164996
7290002730903,false,פלמוליב סבון מוצק ורדים רביעייה * 125 ג',הנסיך- מפעל לייצור ט,,סבון רחצה מוצק חלב ו,גרמים,360.00,100 גרם,false,,16.90,0.0469,true,1,164997
7290002730941,false,כדורי צמר גפן בלונס 100 יחידות,הנסיך- מפעל לייצור ט,,בלונס צמר גפן 100 גר,גרמים,100.00,100 גרם,false,,6.50,0.0650,true,1,164998
7290002730958,false,סבון מוצק בניחוח זיתים ואלוורה פלמוליב 4*100 גרם,הנסיך- מפעל לייצור ט,,סבון רחצה מוצק זיתים,גרמים,360.00,100 גרם,false,,16.90,0.0469,true,1,164999
7290002735809,false,בצק עלים רמי לוי 1קג,ינון,,רמי לוי בצק עלים 1 ק,גרמים,1000.00,100 גרם,false,,12.90,0.0129,true,1,164648
7290002735816,false,גחנון רמי לוי 750 גרם,ינון,,רמי לוי ג'חנון 750 ג,גרמים,750.00,100 גרם,false,,12.90,0.0172,true,1,164649
7290002735823,false,מלווח רמי לוי 700 גרם,ינון,,מלווח רמי לוי 700 גר,גרמים,700.00,100 גרם,false,,12.90,0.0184,true,1,164650
7290002735830,false,בורקס תפוא רמי לוי 800 גרם,ינון,,רמי לוי בורקס תפו'א,גרמים,800.00,100 גרם,false,,11.90,0.0149,true,1,164651
7290002735847,false,בורקס גבינה רמי לוי 800 גרם,ינון,,רמי לוי בורקס גבינה,גרמים,800.00,100 גרם,false,,13.90,0.0174,true,1,164652
7290002748250,false,חזה עוף ארוז קפוא שק,עוף ירושלים,,חזה עוף ארוז קפוא שק,קילוגרמים,1.00,"ק""ג",true,,23.90,23.9000,true,1,176773
7290002748328,false,כבד עוף ארוז קפוא שק,עוף ירושלים,,כבד עוף ארוז קפוא שק,קילוגרמים,1.00,"ק""ג",true,,9.90,9.9000,true,1,176778
7290002750130,false,חליות פילסברי מארז 80ג',פילסברי,,חליות,Unknown,1.00,יחידה,false,,3.00,3.0000,true,1,180937
7290002750154,false,שישיית לחמניות יאמיס,פילסברי,,לחמניות יאמיס (שישיה,Unknown,6.00,יחידה,false,,14.90,2.4833,true,1,176962
7290002750178,false,ג'בטה 180 כפרית,פילסברי,,ג'בטה כפרית,Unknown,1.00,יחידה,false,,4.90,4.9000,true,1,180938
7290002750338,false,לחם רוסטיק עגבניות מ,פילסברי,,לחם רוסטיק עגבניות מ,Unknown,1.00,יחידה,false,,17.90,17.9000,true,1,176964
7290002750406,false,סופגניה עם ריבה פילסברי 95 גרם,פילסברי,,סופגנייה עם ריבה פיל,Unknown,1.00,יחידה,false,,4.90,4.9000,true,1,180940
7290002750710,false,סופגניה מיני עם ריבה פילסברי 40 גרם,פילסברי,,מיני סופגנייה עם ריב,Unknown,1.00,יחידה,false,,3.00,3.0000,true,1,180942
7290002750963,false,באגט רוסטיק פילסברי,פילסברי,,בגט רוסטיק,Unknown,1.00,יחידה,false,,8.50,8.5000,true,1,187903
7290002750987,false,חלה פילסברי קלועה מתוקה 550ג',פילסברי,,חלה קלועה מתוקה,Unknown,1.00,יחידה,false,,12.90,12.9000,true,1,180944
7290002752332,false,"סוכריות מנטוס פירות בגליל, 37.5 גרם",הדקלאים אגודת שיתופי,,סוכריות בגליל בטעם פ,גרמים,37.50,100 גרם,false,,3.50,0.0933,true,1,163448
7290002752349,false,סוכריות מנטוס מנטה 40יח' בגליל 38ג',פרפטי ואן מלה,,סוכריות בגליל בטעם מ,גרמים,37.50,100 גרם,false,,3.50,0.0933,true,1,163449
7290002752493,false,רביעיה סוכריות מנטה 4* 16 ג' טיק טק,פררו - אלבה,,טיק טק מנטה רביעייה,Unknown,4.00,יחידה,false,,9.90,2.4750,true,1,165912
7290002753223,false,רביעייה סוכריות תפוז 4*16 ג' טיק טק,פררו - אלבה,,טיק טק תפוז 4 רביעיי,Unknown,4.00,יחידה,false,,9.90,2.4750,true,1,165913
7290002757139,false,מלאווח תימני מקורי 3 האופים 700 גר',שלושת האופים,,שלושת האופים מלאווח,גרמים,700.00,100 גרם,false,,15.90,0.0227,true,1,161016
7290002757535,false,בורקס פילו אצבעות גבינה שלושת האופים 700 גרם,שלושת האופים שגמור,,בורקס פילו אצבעות גב,גרמים,700.00,100 גרם,false,,21.90,0.0313,true,1,161019
7290002757542,false,איטריות קדאיף 400 גרם לנדא,שלושת האופים שגמור,,אטריות קדאיף שלושת ה,גרמים,400.00,100 גרם,false,,21.90,0.0547,true,1,183340
7290002757672,false,המבורגר מזרחי טיבון ויל 400ג',טיבון ויל,,המבורגר 400 גרם,גרמים,400.00,100 גרם,false,,10.90,0.0273,true,1,161021
7290002782759,false,"פנינה קרם גוף רוזנבלום 400 מ""ל",פנינה רוזנבלום,,"קרם גוף 2 340 מ""ל פנ",מיליליטרים,340.00,"100 מ""ל",false,,23.90,0.0703,true,1,161978
7290002787471,false,פילה סלמון קפוא,,,פילה סלמון קפוא,קילוגרמים,1.00,"ק""ג",true,,74.90,74.9000,true,1,183909
7290002787495,false,"פילה סלמון קפוא בד""ץ",דלידג,,פילה סלמון קפוא,קילוגרמים,1.00,"ק""ג",true,,74.90,74.9000,true,1,181061
7290002787501,false,"פילה סלמון קפוא בד""צ עד""ח",סלאריס אי אס אבלורוגן,,פילה סלמון קפוא,קילוגרמים,1.00,"ק""ג",true,,74.90,74.9000,true,1,183910
7290002793311,false,שירות והחלפה מילוי גז 60 סודהסטרים,סודה סטרים,,שירות והחלפה מילוי ג,Unknown,1.00,יחידה,false,,55.90,55.9000,true,1,170205
7290002824183,false,"גבינה לבנה סקי 500 גרם 5% ""שטראוס"" -מוצר בפיקוח",מיוצר עי קונדיטוריית,,גבינה לבנה סקי 5% 50,גרמים,500.00,100 גרם,false,,9.95,0.0199,true,1,158265
7290002824466,false,יוגורט דנונה ביו לבן 0% שומן 200 גרם,"שטראוס בריאות בע""\מ",,דנונה ביו 0% 200 גרם,גרמים,200.00,100 גרם,false,,3.70,0.0185,true,1,158266
7290002824640,false,"גבינת סקי 250 גרם 5% ""שטראוס"" -מוצר בפיקוח",מיוצר עי קונדיטוריית,,גבינה לבנה סקי 5% שט,גרמים,250.00,100 גרם,false,,4.98,0.0199,true,1,158267
7290002825722,false,סלט כרוב אדום אחלה 500 גרם,מיוצר עי קונדיטוריית,,כרוב סגול במיונז 500,גרמים,575.00,100 גרם,false,,13.80,0.0240,true,1,158268
7290002868996,false,"קוטג' 5% שומן, רכיבים טבעיים, 250 גרם",קריות זול,,גבינת קוטג' מועשר 5%,גרמים,250.00,100 גרם,false,,5.50,0.0220,true,1,164454
7290002881216,false,רסק תפוחי עץ לא ממותק תומר 700 גרם,KONSERVENFABRIEK BALTUSSEN,,רסק תפוחי עץ לא ממות,גרמים,720.00,100 גרם,false,,10.90,0.0151,true,1,171040
7290002881506,false,חמאת בוטנים 510 ג' תומר,Niza s a,,חמאת בוטנים 510 גרם,גרמים,510.00,100 גרם,false,,12.50,0.0245,true,1,171048
7290002881551,false,עלי גפן ממולאים באורז תומר 400 גרם,אסמה תורכיה,,עלי גפן ממולא תומר 4,גרמים,400.00,100 גרם,false,,8.90,0.0223,true,1,171050
7290002881742,false,לבבות דקל פרוסות תומר 400 גרם,Inaexpo,,לבבות דקל פרוסות 400,גרמים,400.00,100 גרם,false,,8.00,0.0200,true,1,160113
7290002881803,false,"שמן קנולה 1 ליטר ""תומר""",,,שמן קנולה 1 ליטר תומ,מיליליטרים,1000.00,"100 מ""ל",false,,10.90,0.0109,true,1,183322
7290002881940,false,סרדינים מרוקאי בשמן חמניות 125ג' תומר,Union des pecheries,,שימורי סרדין מרוקאי,גרמים,125.00,100 גרם,false,,5.90,0.0472,true,1,160115
7290002881957,false,סרדינים מרוקאי חריף בשמן חמניות 125ג' תומר,Union des pecheries,,סרדין מרוקאי חריף 12,גרמים,125.00,100 גרם,false,,5.90,0.0472,true,1,171056
7290002881988,false,סרדינים בשמן חמניות ולימון תומר 125 גרם,,,שימורי סרדין מרוקאי,גרמים,125.00,100 גרם,false,,5.90,0.0472,true,1,171058
7290002929499,false,מעדניה - פילה אמנון,,,מעדניה - פילה אמנון,קילוגרמים,1.00,"ק""ג",true,,30.90,30.9000,true,1,160917
7290002929642,false,רביעיית טונה בשמן ויליגר 140 גרם,דיאמנט פוד פרודקט קו,,טונה ויליגר שמן 4*14,גרמים,560.00,100 גרם,false,,19.90,0.0355,true,1,161026
7290002971009,false,"קמח חיטה לבן בהיר שטיבל 1 ק""ג",שטיבל טחנות קמח,,"קמח לבן שטיבל 1 ק""ג",פריט,1.00,"ק""ג",false,,4.90,4.9000,true,1,187039
7290002986652,false,גטניו פתי בר שוקו 470 גרם,"אחים גטניו בע""מ",,גטניו פתי בר שוקו 47,גרמים,470.00,100 גרם,false,,10.90,0.0232,true,1,164035
7290002987963,false,"סלט חומוס אחלה 1 ק""ג",מיוצר עי קונדיטוריית,,חומוס אחלה 1 קג,גרמים,1000.00,100 גרם,false,,13.80,0.0138,true,1,158269
7290003001064,false,מעדניה - פילה אמנון,,,מעדניה - פילה אמנון,קילוגרמים,1.00,"ק""ג",true,,30.90,30.9000,true,1,161028
7290003009596,false,"סירופ דיאט אשכוליות בקבוק 750 מ""ל",סירופ - גבעת חיים,,סירופ דיאט אשכוליות,מיליליטרים,750.00,"100 מ""ל",false,,24.20,0.0323,true,1,164334
7290003009640,false,מיץ תפוזים סחוט רכיבים טבעיים פריגת 1 ליטר,פריגת מצוננים,,מיץ תפוזים פריגת סחו,מיליליטרים,1000.00,"100 מ""ל",false,,16.20,0.0162,true,1,164455
7290003015627,false,"נוזל רצפות אפרסק 2 ליטר ""ריצפז פרש""","סנו מפעלי ברונוס בע""",,ריצפז פרש אפרסק 2 לי,מיליליטרים,2000.00,"100 מ""ל",false,,18.90,0.0094,true,1,161701
7290003029181,false,משקה יטבתה שוקו' בקבוק 1ל מהדרין,שטראוס גרופ,,שוקו בבקבוק 2% יטבתה,מיליליטרים,1000.00,"100 מ""ל",false,,11.90,0.0119,true,1,158271
7290003029372,false,משקה חלב בטעם בננה יטבתה 1 ליטר,מחלבת יטבתה,,משקה חלב בננה 2% בקב,מיליליטרים,1000.00,"100 מ""ל",false,,11.90,0.0119,true,1,158272
7290003029389,false,"משקה חלב בננה פקק ספורט 250 מ""ל יוטבתה",מחלבת יטבתה,,משקה חלב בננה 2% פקק,מיליליטרים,250.00,"100 מ""ל",false,,5.50,0.0220,true,1,158273
7290003029433,false,"משקה יטבתה שוקו פקק 250 מ""ל מהדרין",מחלבת יטבתה,,שוקו יטבתה 2% פקק יט,גרמים,250.00,100 גרם,false,,5.50,0.0220,true,1,158274
7290003029532,false,מוקה בבקבוק יטבתה 1 ליטר מהדרין,שטראוס גרופ,,משקה מוקה יטבתה 1 לי,מיליליטרים,1000.00,"100 מ""ל",false,,11.90,0.0119,true,1,158275
7290003029792,false,"משקה יטבתה שוקו שקיות מהדרין מארז 225X8מ""ל",מחלבת יטבתה,,מארז 8 שקיות שוקו -,Unknown,8.00,יחידה,false,,19.90,2.4875,true,1,158276
7290003029815,false,כד חלב 3% יטבתה 2 ליטר מהדרין,שטראוס גרופ,,כד 2 ליטר חלב 3%- מה,מיליליטרים,2000.00,"100 מ""ל",false,,14.90,0.0075,true,1,158277
7290003029907,false,אייס קפה יטבתה 1 ליטר מהדרין,שטראוס גרופ,,אייס קפה 1 ליטר,מיליליטרים,1000.00,"100 מ""ל",false,,11.90,0.0119,true,1,158279
7290003060009,false,"קמח חיטה לבן בהיר טחנות ישראליות 1 ק""ג",טחנות ישראליות,,קמח חיטה לבן בהיר 1,גרמים,1000.00,100 גרם,false,,4.50,0.0045,true,1,164036
7290003060023,false,"סולת חיטה 1 ק""ג מטחנות ישראליות",טחנות ישראליות,,"סולת חיטה 1 ק""ג",גרמים,1000.00,100 גרם,false,,5.90,0.0059,true,1,164037
7290003060030,false,"קמח חיטה מלא רמילוי 1 ק""ג",טחנות ישראליות,,"קמח חיטה מלא 1 ק""ג",גרמים,1000.00,100 גרם,false,,6.90,0.0069,true,1,164038
7290003060047,false,קמח תופח בשקיות טחנות ישראליות,טחנות ישראליות,,"קמח תופח 1 ק""ג",גרמים,1000.00,100 גרם,false,,6.50,0.0065,true,1,164039
7290003069156,false,פילה דג סלמון קפוא,דלידג,,פילה סלמון קפוא,קילוגרמים,1.00,"ק""ג",true,,74.90,74.9000,true,1,184808
7290003133123,false,לחם זהב עגול אוקראיני 750 ג',מאפיית דוידוביץ ובני,,לחם זהב עגול אוקראינ,גרמים,750.00,100 גרם,false,,12.90,0.0172,true,1,169362
7290003133505,false,לחם שיפונטו דוידוביץ,מאפיית דוידוביץ ובני,,לחם שיפונטו 750 גרם,גרמים,750.00,100 גרם,false,,11.90,0.0159,true,1,169363
7290003141159,false,יוגטה מרשמלו ממתק מוקצף בטעמי תות שדה ווניל 180 גרם,מוטקה החולב,,יוגטה מרשמלו - 180 ג,גרמים,180.00,100 גרם,false,,6.90,0.0383,true,1,163451
7290003142477,false,ערמונים קלופים וקלויים 100 גרם,הדקלאים אגודת שיתופי,,ערמונים קלויים 100 ג,גרמים,100.00,100 גרם,false,,5.90,0.0590,true,1,163452
7290003143146,false,ממרח תמרים קליית גת 450 גרם,הדקלאים אגודת שיתופי,,ממרח תמרים קלית גת 4,גרמים,450.00,100 גרם,false,,5.90,0.0131,true,1,163453
7290003185719,false,קבב רומני טיבון ויל 500 גרם,טיבון ויל אחזקות בעמ,,קבב רומני טיבון ויל,גרמים,500.00,100 גרם,false,,19.90,0.0398,true,1,186170
7290003185726,false,קבב מזרחי טיבון ויל 500 גרם,טיבון ויל אחזקות בעמ,,קבב מזרחי 500 גרם,גרמים,500.00,100 גרם,false,,19.90,0.0398,true,1,161031
7290003208586,false,"וורמוט מרטיני לבן 750 מ""ל",מרטיני ורוסי,,"מרטיני ביאנקו 750 מ""",מיליליטרים,750.00,"100 מ""ל",false,,48.90,0.0652,true,1,182125
7290003220380,false,"עוגיות סנדויץ' במילוי קרם שוקולד ""מעדני המלך"" 150 גרם",אחים פפושדו,,מעדני המלך סנדוויץ',גרמים,150.00,100 גרם,false,,3.50,0.0233,true,1,164040
7290003220403,false,מעדני המלך- קרקר מלוח 110 גרם,מגדנית הדר,,קרקר מלח מעדני מלך 1,גרמים,110.00,100 גרם,false,,3.20,0.0291,true,1,184103
7290003220410,false,"קרקר עם שומשום ""מעדני המלך"" 110 גרם",מגדנית הדר,,קרקר שומשום מעדני מל,גרמים,110.00,100 גרם,false,,3.20,0.0291,true,1,184104
7290003220588,false,"רוטה צ'ילי מתוק ללא סוכר 700 מ""ל WOK",תאי פרידה אינדסטרי ב,,רוטב צי'לי מתוק ללא,מיליליטרים,700.00,"100 מ""ל",false,,14.90,0.0213,true,1,164042
7290003220779,false,"ווק אטריות אורז עובי 3 מ""מ 400 גרם",אסיאן סופירה פודס חב,,ווק אטריות אורז עובי,גרמים,400.00,100 גרם,false,,9.90,0.0248,true,1,164046
7290003220786,false,"אטריות אורז ללא גלוטן 5 מ""מ 400 ג' WOK",אסיאן סופירה פודס חב,,ווק אטריות אורז עובי,גרמים,400.00,100 גרם,false,,9.90,0.0248,true,1,164047
7290003220939,false,אטריות אורז דקיקות ללא גלוטן 400 ג' WOK,אסיאן סופירה פודס חב,,ווק אטריות אורז דקיק,גרמים,400.00,100 גרם,false,,9.90,0.0248,true,1,164049
7290003224128,false,"כיסונים תפו""א 800 ג' מאמא מרי",מאמא מרי,,"כיסונים עם תפ""א קפוא",גרמים,800.00,100 גרם,false,,17.90,0.0224,true,1,180046
7290003224142,false,"בלינצ'ס תפ""א ופטריות 7 יחידות",מאמא מרי,,בלינצ'יס קפוא עם תפו,Unknown,7.00,יחידה,false,,17.90,2.5571,true,1,180047
7290003224159,false,בלינצ'יס בשר 7 יחידות,מאמא מרי,,בלינצ'ס במילוי בשר מ,גרמים,400.00,100 גרם,false,,19.90,0.0497,true,1,180048
7290003224173,false,בלינצ'יס פטריות 7 יחידות,"מאמא מרי בע""מ",,בלינצ'יס עם פטריות מ,Unknown,7.00,יחידה,false,,17.90,2.5571,true,1,180049
7290003224272,false,"כיסונים בשר מוסקובסקי מאמא מרי 1 ק""ג",מאמא מרי,,כיסונים עם בשר מוסקו,גרמים,1000.00,100 גרם,false,,29.90,0.0299,true,1,180051
7290003224463,false,"כיסונים בשר - אוקראינסקי 1 ק""ג",מאמא מרי,,כיסונים במילוי בשר א,גרמים,1000.00,100 גרם,false,,27.90,0.0279,true,1,180058
7290003224470,false,כיסונים בשר - קייבסקי 1 קג,מאמא מרי,,כיסונים עם בשר קייבס,גרמים,1000.00,100 גרם,false,,27.90,0.0279,true,1,180059
7290003224487,false,"כיסונים בשר 1 ק""ג מאמא מרי",מאמא מרי,,כיסונים עם בשר קפוא,גרמים,1000.00,100 גרם,false,,27.90,0.0279,true,1,180060
7290003224579,false,"כיסונים בשר מאמא מרי 1.5 ק""ג",,,כיסוני בשר מאמא מרי,גרמים,1500.00,100 גרם,false,,38.90,0.0259,true,1,180061
7290003224784,false,בלינצ'ס עם דובדבנים 7 יחידות,מאמא מרי,,בלינצ'יס במילוי דובד,Unknown,7.00,יחידה,false,,17.90,2.5571,true,1,180063
7290003229109,false,פסטרמה הודו בפפריקה טירת צבי 400 גרם,הנסיך- מפעל לייצור ט,,א.מ. פסטר' בפפריקה 4,גרמים,400.00,100 גרם,false,,25.90,0.0647,true,1,172733
7290003229123,false,פסטרמה הודו על גחלים 2% טירת צבי 400 גרם,הנסיך- מפעל לייצור ט,,פסטרמה הודו על גחלים,גרמים,400.00,100 גרם,false,,25.90,0.0647,true,1,163003
7290003229192,false,נקניק כתף בקר מעושן 2% טירת צבי 400 גרם,טיב טירת צבי 2000,,נקניק כתף בקר מעושן,גרמים,400.00,100 גרם,false,,34.90,0.0872,true,1,172773
7290003229208,false,פסטרמה ספרדית 2% טירת צבי 360 גרם,טירת צבי - מדף,,פסטרמה ספרדית 2% טיר,גרמים,360.00,100 גרם,false,,25.90,0.0719,true,1,172774
7290003244331,false,עגבניות חתוכות לקוביות 800 גרם פריניר,פריניר,,עגבניות קוביות 800 ג,גרמים,800.00,100 גרם,false,,7.90,0.0099,true,1,164051
7290003268641,false,דגנית עין בר חלה מתוקה מיוחדת 500 גרם,דגנית עין בר תעשיות מזון,,חלה מתוקה מיוחדת דגנ,גרמים,500.00,100 גרם,false,,12.90,0.0258,true,1,182767
7290003310555,false,"מאגדת טילון קרם עוגיות 4*100 מ""ל בן וג'ירי",מוצרי איכות אמריקאיים,,טילון קרם עוגיות בן&,Unknown,7.00,יחידה,false,,24.90,3.5571,true,1,167621
7290003321155,false,יוגורט בר עם פקאן מצופה שוקולד 183 ג' דנונה,"שטראוס בריאות בע""\מ",,דנונה בר פקאן 183 גר,גרמים,183.00,100 גרם,false,,4.60,0.0251,true,1,158280
7290003387205,false,ספיד סטיק - דאודורנט סטיק לגבר רגולר,הנסיך- מפעל לייצור ט,,ספיד סטיק בסיסי ירוק,גרמים,63.00,100 גרם,false,,22.90,0.3635,true,1,165000
7290003400500,false,חטיף הרשי ריזס נאטרייגיס 47 גרם,ליימן מותגים,,הרשי ריזס נאטרייגס,גרמים,57.00,100 גרם,false,,4.90,0.0860,true,1,174204
7290003427154,false,"שמן זית כתית מעולה טעם מעודן זיתא 750 מ""ל",זיתא תעשיות שמן זיתt\,,שמן זית זייתא כתית מ,מיליליטרים,750.00,"100 מ""ל",false,,32.90,0.0439,true,1,159023
7290003438006,false,ממרח אולביה פסטו וצנובר איטלקי 190ג',מיוצר עי קונדיטוריית,,ממרח פסטו איטלקי אול,גרמים,180.00,100 גרם,false,,13.90,0.0772,true,1,159024
7290003438020,false,ממרח עגבניות מיובשות אוליביה 190 גרם,מיוצר עי קונדיטוריית,,ממרח עגבניות מיובשות,גרמים,190.00,100 גרם,false,,13.90,0.0732,true,1,183687
7290003450602,false,חרדל אמיתי צהוב בקבוק לחיץ 255 גר,היינץ צפון אמריקה מקבוצת ה.י.היינץ,,חרדל צהוב בבקבוק לחי,גרמים,255.00,100 גרם,false,,8.90,0.0349,true,1,171357
7290003457861,false,"סולרו בטעם פירות טרופיים ""שטראוס""","מיוצר ע""\י גלידת שטראוס",,סולרו קלאסיק חלבי -,Unknown,1.00,יחידה,false,,8.50,8.5000,true,1,167476
7290003525478,false,סלט טונה ויליגר 160 גרם,"ויליגר, תעשיות בע""מ",,שימורי סלט טונה וילי,גרמים,160.00,100 גרם,false,,5.90,0.0369,true,1,186155
7290003550753,false,רביעיית טונה בשמן פוסידון 108 גרם,"מיוצר עי וליגר בעמ,",,נתחי טונה בהירה בשמן,גרמים,432.00,100 גרם,false,,20.90,0.0484,true,1,161036
7290003569021,false,כרובית ארוזה יח' רמי לוי,,,כרובית,יח',1.00,יח',false,,9.90,9.9000,true,1,158909
7290003578108,false,חתיכות אננס בסירופ קל וילי פוד 850 גרם,קריות זול,,אננס חתוך 850 גרם,גרמים,850.00,100 גרם,false,,8.90,0.0105,true,1,171441
7290003578177,false,תירס צעיר שלם וילי פוד 210 גרם,מגסטיק פוד אידסטרי ק,,תירס גמדי 410 גרם,גרמים,410.00,100 גרם,false,,6.90,0.0168,true,1,160486
7290003578290,false,וילי פוד מקלוני אורז בדץ 300ג,פוגיאן לונגהאי אנליד,,מקלוני אורז 300 גרם,גרמים,300.00,100 גרם,false,,6.90,0.0230,true,1,160487
7290003578672,false,ויליפוד שמן חמניות 1 ליטר{בית יוסף},וילי פוד,,שמן חמניות מזוכך ויל,מיליליטרים,1000.00,"100 מ""ל",false,,13.90,0.0139,true,1,171445
7290003632442,false,מעדניה - פילה אמנון,,,מעדניה - פילה אמנון,קילוגרמים,1.00,"ק""ג",true,,30.90,30.9000,true,1,161037
7290003643004,false,"אורז בסמטי קלאסי סוגת 1 ק""ג",האי נאם סי או אל.טי.,,אורז בסמטי קלאסי סוג,גרמים,1000.00,100 גרם,false,,13.90,0.0139,true,1,164052
7290003643387,false,"סוכר לבן בצנצנת 1 ק""ג סוגת",האי נאם סי או אל.טי.,,סוכר לבן בצנצנת סוגת,גרמים,1000.00,100 גרם,false,,7.90,0.0079,true,1,164053
7290003643646,false,"סוכר דמררה קלאסי בצנצנת סוגת 1 ק""ג",האי נאם סי או אל.טי.,,סוכר דמררה בצנצנת סו,גרמים,1000.00,100 גרם,false,,12.90,0.0129,true,1,164054
7290003643684,false,אפונה יבשה סוגת 500 גר',האי נאם סי או אל.טי.,,אפונה ירוקה יבשה סוג,גרמים,500.00,100 גרם,false,,6.50,0.0130,true,1,164055
7290003643707,false,גריסים 500 גרם סוגת,"סוגת תעשיות בע""מ",,גריסים סוגת 500 גרם,גרמים,500.00,100 גרם,false,,5.90,0.0118,true,1,164056
7290003643714,false,חומוס גרגירים 500 גרם סוגת,האי נאם סי או אל.טי.,,חומוס יבש סוגת 500 ג,גרמים,500.00,100 גרם,false,,7.90,0.0158,true,1,164057
7290003643738,false,חיטה 500 גרם סוגת,האי נאם סי או אל.טי.,,חיטה סוגת 500 גרם,גרמים,500.00,100 גרם,false,,5.90,0.0118,true,1,164058
7290003643745,false,כוסמת סוגת 500 גרם,האי נאם סי או אל.טי.,,כוסמת סוגת 500 גרם,גרמים,500.00,100 גרם,false,,7.90,0.0158,true,1,164059
7290003643752,false,עדשים ירוקים יבש סוגת 500 גר',האי נאם סי או אל.טי.,,עדשים ירוקות סוגת 50,גרמים,500.00,100 גרם,false,,7.90,0.0158,true,1,164060
7290003643769,false,עדשים אדומים יבש סוגת 500 גר',"סוגת תעשיות בע""\מ",,עדשים אדומות סוגת 50,גרמים,500.00,100 גרם,false,,7.90,0.0158,true,1,164061
7290003643776,false,"פופקורן גרעינים סוגת 500 ג' כשל""פ",האי נאם סי או אל.טי.,,פופקורן סוגת 500 גרם,גרמים,500.00,100 גרם,false,,5.90,0.0118,true,1,164062
7290003643806,false,שעועית לבנה יבשה סוגת 500 ג',האי נאם סי או אל.טי.,,שעועית לבנה יבשה סוג,גרמים,500.00,100 גרם,false,,11.90,0.0238,true,1,164064
7290003643813,false,שעועית אדומה יבשה סוגת 500 גר',האי נאם סי או אל.טי.,,שעועית אדומה סוגת 50,גרמים,500.00,100 גרם,false,,10.90,0.0218,true,1,164065
7290003726141,false,טופו אמיתי כפרי בריא 300 גרם,ג'נרל מילס סאן אדריא,,טופו 300 גרם,גרמים,300.00,100 גרם,false,,12.90,0.0430,true,1,164581
7290003726615,false,"טופו ויילר 300 גרם ""שטראוס""",הדקלאים אגודת שיתופי,,טופו ויילר 300 גרם,גרמים,300.00,100 גרם,false,,10.90,0.0363,true,1,158283
7290003804252,false,תיבולית קנור בנוסח הודי 72 גרם,יוניליוור ישראל מזון בע\,,תיבולית הודי קנור 72,גרמים,72.00,100 גרם,false,,8.90,0.1236,true,1,161328
7290003804320,false,תיבולית שום ופטרוזיליה קנור 72 גרם,יוניליוור ישראל מזון בע\,,תיבולית שום פטרוזליה,גרמים,72.00,100 גרם,false,,8.90,0.1236,true,1,161329
7290003804368,false,"תיבוליות בזיליקום קנור 72 גרם בד""צ",יוניליוור ישראל מזון בע\,,תיבולית בזיליקום קנו,גרמים,72.00,100 גרם,false,,8.90,0.1236,true,1,161330
7290003805501,false,"פתית בסגנון שוודי תלמה בד""צ 300 גרם",יוניליוור ישראל מזון בע\,,פתית שוודי חסכוני 30,גרמים,300.00,100 גרם,false,,14.90,0.0497,true,1,161332
7290003807178,false,"רוטב קנור סויה בסגנון סיני 300 מ""ל",יוניליוור ישראל מזון בע\,,רוטב סויה בסגנון סינ,מיליליטרים,300.00,"100 מ""ל",false,,10.90,0.0363,true,1,161336
7290003864478,false,סרדינים בשמן צמחי פתח קל ויליפוד 110 גרם,גולדן פרייז קאנינג א,,סרדין בשמן צמחי 110,גרמים,110.00,100 גרם,false,,5.90,0.0536,true,1,160490
7290003864485,false,סרדינים ברוטב עגבנ יות ויליפוד 110ג' פתח קל,גולדן פרייז קאנינג א,,סרדין ברוטב עגבניות,גרמים,110.00,100 גרם,false,,5.90,0.0536,true,1,160491
7290003864492,false,סרדינים בשמן צמחי חריף פתח קל ויליפוד 110ג',גולדן פרייז קאנינג א,,סרדין בשמן צמחי חריף,גרמים,110.00,100 גרם,false,,5.90,0.0536,true,1,160492
7290003882922,false,עלי גפן ממולאים באורז וילי פוד 360 גרם,אף.סי תבליני בגליל ב,,עלי גפן ממולא 400 גר,גרמים,400.00,100 גרם,false,,9.50,0.0238,true,1,160493
7290003893539,false,מעדניה - פילה אמנון,,,מעדניה - פילה אמנון,קילוגרמים,1.00,"ק""ג",true,,30.90,30.9000,true,1,160919
7290003976607,false,גל אקונומיקה סמיכה לבנדר טאצ' לבנדר 4 ל',סאסאטק,,ג'ל אקונומיקה סמיכה,מיליליטרים,4000.00,"100 מ""ל",false,,13.90,0.0035,true,1,187565
7290003976614,false,גל אקונומיקה סמיכה פרחים טאצ' לבנדר 4 ל',,,ג'ל אקונומיקה סמיכה,מיליליטרים,4000.00,"100 מ""ל",false,,13.90,0.0035,true,1,187566
7290003989096,false,סלט חצילים פיקנטי אחלה 500 גרם,מיוצר עי קונדיטוריית,,חציל פיקנטי 500,גרמים,575.00,100 גרם,false,,15.90,0.0277,true,1,158286
7290003989539,false,לורנצו רביולי במילוי גבינה,מיוצר עי קונדיטוריית,,רביולי גבינה 400 גרם,גרמים,400.00,100 גרם,false,,19.80,0.0495,true,1,158287
7290003989553,false,פסטה טורטליני גבינה ופטריות 400 גרם,מיוצר עי קונדיטוריית,,טרטוליני פטריות 400,גרמים,400.00,100 גרם,false,,19.80,0.0495,true,1,158288
7290004011284,false,ריצ בסיס להכנת קצפת 25% 212מל,ריצ' פרודקטס קורפריי,,בסיס הכנת קצפת ריצ',מיליליטרים,212.00,"100 מ""ל",false,,9.90,0.0467,true,1,161041
7290004011291,false,"קצפת ריץ' בסיס קרטונית 425 מ""ל",כלורוקס אוקלנד,,בסיס הכנת קצפת ריצ',מיליליטרים,425.00,"100 מ""ל",false,,14.90,0.0351,true,1,161042
7290004011338,false,"ספריי קצפת מתוקה מוכנה ריץ' 250 מ""ל",האי נאם סי או אל.טי.,,ריצ' קצפת חלבי,מיליליטרים,250.00,"100 מ""ל",false,,14.90,0.0596,true,1,161043
7290004011796,false,קבבונים בקר קפוא אל גאוצ''ו 400ג',"טיבון ויל אחזקות בע""",,קבבונים המבורגר טיבו,גרמים,400.00,100 גרם,false,,22.90,0.0572,true,1,183336
7290004011819,false,המבורגר ריב אנטריקוט אל גאוצ'ו 360 גרם,האי נאם סי או אל.טי.,,המבורגר ריב אנטריקוט,גרמים,360.00,100 גרם,false,,22.90,0.0636,true,1,161046
7290004011826,false,מיני המבורגר ריב אנטריקוט,טיבון ויל אחזקות בעמ,,מיני המבורגר ריב אנט,גרמים,320.00,100 גרם,false,,22.90,0.0716,true,1,161047
7290004014407,false,עדשי מ&מ'ס חמאת בוטנים46,מרס נדרלנד,,M&M's חמאת בוטנים אר,גרמים,46.00,100 גרם,false,,4.90,0.1065,true,1,169761
7290004026448,false,בורקיטס בולגרית פילס,,,מאפיה - בורקיטס בולג,קילוגרמים,1.00,"ק""ג",true,,49.00,49.0000,true,1,176906
7290004026776,false,לחם מחמצת אגוזים וצימוקים,פילסברי,,לחם מחמצת אגוזים וצי,Unknown,1.00,יחידה,false,,17.90,17.9000,true,1,180945
7290004030445,false,מיץ תפוזים סחוט רכיבים טבעיים 1 ליטר פרי ניב,הנסיך- מפעל לייצור ט,,מיץ תפוזים 100 סחוט,מיליליטרים,1000.00,"100 מ""ל",false,,15.10,0.0151,true,1,162734
7290004034610,false,המבורגר ריב אנטריקוט 360ג רמילוי,,,המבורגר ריב אנטריקוט,גרמים,360.00,100 גרם,false,,25.90,0.0719,true,1,177360
7290004034627,false,קבב 400גר קפוא מחפוד רמילוי,,,קבב 400 גרם קפוא מחפ,גרמים,400.00,100 גרם,false,,25.90,0.0647,true,1,177361
7290004043108,false,עדשי מ&מ'ס שוקולד 89 גרם,מרס,,M&M's שוקולד אריזה ב,גרמים,89.00,100 גרם,false,,6.90,0.0775,true,1,169762
7290004043205,false,עדשי שוק.מ&מ'ס בוטנים90ג,מרס,,M&M's בוטנים אריזה ב,גרמים,93.00,100 גרם,false,,6.90,0.0742,true,1,169763
7290004048518,false,מעדניה - פילה אמנון,,,מעדניה - פילה אמנון,קילוגרמים,1.00,"ק""ג",true,,30.90,30.9000,true,1,161048
7290004048525,false,פילה אמנון דלידג 5-7,דלידג - נטו,,מעדניה - פילה אמנון,קילוגרמים,1.00,"ק""ג",true,,30.90,30.9000,true,1,160921
7290004048525,false,פילה אמנון דלידג 5-7,דלידג - נטו,,מעדניה - פילה אמנון,קילוגרמים,1.00,"ק""ג",true,,30.90,30.9000,true,1,161049
7290004048532,false,מעדניה - פילה אמנון,,,מעדניה - פילה אמנון,קילוגרמים,1.00,"ק""ג",true,,30.90,30.9000,true,1,160922
7290004048679,false,"קובה למרק 1 ק""ג שלושת האופים","שלושת האופים בע""\מ",,קובה למרק שלושת האופ,גרמים,1000.00,100 גרם,false,,21.90,0.0219,true,1,161050
7290004063016,false,"מלח שולחן דק סלית 1 ק""ג בדץ",האי נאם סי או אל.טי.,,"מלח שולחן דק 1 ק""ג",גרמים,1000.00,100 גרם,false,,1.90,0.0019,true,1,163904
7290004063016,false,"מלח שולחן דק סלית 1 ק""ג בדץ",האי נאם סי או אל.טי.,,"מלח שולחן דק 1 ק""ג",גרמים,1000.00,100 גרם,false,,1.90,0.0019,true,1,164066
7290004063115,false,"מלח מטבח עבה להמלחת בשר ובישול 1 ק""ג 1ק""ג",האי נאם סי או אל.טי.,,"מלח עבה 1 ק""ג",גרמים,1000.00,100 גרם,false,,1.90,0.0019,true,1,163905
7290004064082,false,מטחנה מלח ים טבעי 250 גרם מלח הארץ,חברת מלח הארץ אילת ב,,מלח ים במטחנה 250 גר,גרמים,250.00,100 גרם,false,,13.90,0.0556,true,1,164067
7290004064099,false,מטחנה מלח ים מהרי ההימלאיה מלח הארץ 100 גרם,"חברת מלח הארץ אילת בע""\מ",,מלח הימלאיה במטחנה 3,גרמים,300.00,100 גרם,false,,16.90,0.0563,true,1,164068
7290004068011,false,"יוגורט כבשים בדלי 5 אחוז 60 מ""ל גד","מיוצר ע""י קוד יצרן M",,יוגורט כבשים בדלי 5%,גרמים,600.00,100 גרם,false,,16.90,0.0282,true,1,164582
7290004068028,false,"יוגורט צזיקי לשתיה 3.5% 500 מ""ל רובין",מיוצר על ידי קוד יצר,,משקה ציזיקי גד 500 מ,מיליליטרים,500.00,"100 מ""ל",false,,9.90,0.0198,true,1,164583
7290004068035,false,"איירן יוגורט לשתייה 3% גד 500 מ""ל","מיוצר ע""י קוד יצרן M",,יוגורט איירן 3% 500,מיליליטרים,500.00,"100 מ""ל",false,,8.50,0.0170,true,1,164584
7290004068172,false,"יוגורט עיזים בדלי 5% 600 מ""ל רובין",קוד יצרן MKN,,יוגורט עיזים בדלי 5%,גרמים,600.00,100 גרם,false,,16.90,0.0282,true,1,164585
7290004078225,false,"שטיפת פה קולגייט פלקס מינט ירוק 500מ""ל",קולגייט- פלמוליב,,מי פה בטעם מנטה עדינ,מיליליטרים,500.00,"100 מ""ל",false,,29.90,0.0598,true,1,165004
7290004078270,false,נוזל לניקוי כלים בריח לימון פלמוליב 1 ליטר,יבואן ומשווק: ש. שסט,,נוזל לניקוי כלים 18%,מיליליטרים,1000.00,"100 מ""ל",false,,14.50,0.0145,true,1,165005
7290004119225,false,יופלה יוגורט אננס %3 גביע 150 גרם,תנובה מרכז שיתופי לש,,יופלה יוגורט אננס %3,מיליליטרים,150.00,"100 מ""ל",false,,5.00,0.0333,true,1,162735
7290004120108,false,יוגורט יופלה דיאט דובדבן 0% שומן 150גרם,תנובה מרכז שיתופי לש,,יופלה דיאט יוגורט דו,גרמים,150.00,100 גרם,false,,5.00,0.0333,true,1,162737
7290004120566,false,פיראוס 24% גבינה בולגרית 250 גרם,תנובה חלב,,גבינה בולגרית 24% פי,גרמים,250.00,100 גרם,false,,22.90,0.0916,true,1,162740
7290004120573,false,גבינה בולגרית 16% פיראוס 250 גרם,תנובה מרכז שיתופי לש,,פיראוס בולגרית גביע,גרמים,250.00,100 גרם,false,,22.90,0.0916,true,1,162741
7290004120634,false,גבינה בולגרית 5% פיראוס 250 גרם,תנובה מרכז שיתופי לש,,גבינה בולגרית 5% פיר,גרמים,250.00,100 גרם,false,,22.90,0.0916,true,1,162742
7290004121754,false,יוגורט ביו עוגת גבינה ותות 3% יופלה 150 גרם,תנובה בעמ,,יופלה יוגורט עוגת גב,גרמים,150.00,100 גרם,false,,5.50,0.0367,true,1,172620
7290004121839,false,גבינת פטה כבשים 20% פיראוס 250 גרם,תנובה מרכז שיתופי לש,,פטה כבשים 20% פיראוס,גרמים,250.00,100 גרם,false,,26.50,0.1060,true,1,172621
7290004121853,false,גבינה בולגרית 5% קוביות פיראוס 200 גרם,תנובה מרכז שיתופי לש,,קוביות גבינה בולגרית,גרמים,250.00,100 גרם,false,,20.90,0.0836,true,1,162745
7290004122119,false,פתיתי פרמזן 23% לפסטה השף הלבן 100 גרם,פ.פ.ח. שאביט,,פתיתי פרמזן מגורדת 2,גרמים,100.00,100 גרם,false,,12.10,0.1210,true,1,162624
7290004122119,false,פתיתי פרמזן 23% לפסטה השף הלבן 100 גרם,פ.פ.ח. שאביט,,פתיתי פרמזן מגורדת 2,גרמים,100.00,100 גרם,false,,12.10,0.1210,true,1,162746
7290004122195,false,גוש חלב גבינה צהובה פרוסה 28% תנובה 200 גרם,קריות זול,,גוש חלב פרוס 200 גרם,גרמים,200.00,100 גרם,false,,13.80,0.0690,true,1,162747
7290004122270,false,עמק קלאסית פרוסות גבינה חצי קשה 28% 200 גרם,תנובה מרכז שיתופי לש,,גבינה עמק פרוס 28% ב,גרמים,200.00,100 גרם,false,,15.90,0.0795,true,1,162748
7290004122348,false,גבינת עמק לייט פרוס בקופסא 200 גרם,תנובה מרכז שיתופי לש,,עמק לייט פרוס 9% 200,גרמים,200.00,100 גרם,false,,16.60,0.0830,true,1,162749
7290004122676,false,גבינת חמד לייט 5% פיראוס 250 ג',"תנובה,מחלבת טנא נוגה",,פיראוס חמד 5% גביע 2,גרמים,250.00,100 גרם,false,,18.50,0.0740,true,1,162750
7290004122683,false,עמק חטיף אצבעות גבינה חצי קשה 28% שומן,תנובה מרכז שיתופי לש,,עמק אצבעות גבינה 28%,גרמים,172.00,100 גרם,false,,16.40,0.0953,true,1,162751
7290004124205,false,יופלה דיאט יוגורט תות %0 גביע 150 גרם,תנובה מרכז שיתופי לש,,יופלה דיאט יוגורט תו,גרמים,150.00,100 גרם,false,,5.00,0.0333,true,1,162754
7290004124847,false,"קצפת צמחית השף הלבן 500 מ""ל תנובה",תנובה מרכז שיתופי לש,,קצפת צמחית 20% השף ה,מיליליטרים,500.00,"100 מ""ל",false,,15.90,0.0318,true,1,172622
7290004125370,false,"שמנת חמוצה 9% מופחתת שומן תנובה 200 מ""ל מהדרין",תנובה מרכז שיתופי לש,,שמנת חמוצה 9% תנובה,גרמים,200.00,100 גרם,false,,3.70,0.0185,true,1,172623
7290004125400,false,"אשל שלי מהדרין 200 מ""ל 4.5% ""תנובה""- מוצר בפיקוח",פארייפאבה אגרואינדוס,,שלי אשל 4.5% תנובה 2,מיליליטרים,200.00,"100 מ""ל",false,,1.69,0.0084,true,1,162756
7290004125417,false,"גיל 3% שלי 200 מ""ל ""תנובה"" -מוצר בפיקוח",תנובה מרכז שיתופי לש,,שלי גיל 3% תנובה 200,מיליליטרים,200.00,"100 מ""ל",false,,1.51,0.0076,true,1,162757
7290004125455,false,"שמנת חמוצה 200 מ""ל 15% ""תנובה"" -מוצר בפיקוח",תנובה מרכז שיתופי לש,,שמנת אורגינל 15% תנו,מיליליטרים,200.00,"100 מ""ל",false,,2.40,0.0120,true,1,162758
7290004125509,false,"שמנת חמוצה 15% מועשרת תנובה 100 מ""ל",תנובה מרכז שיתופי לש,,שמנת חמוצה 15% תנובה,מיליליטרים,100.00,"100 מ""ל",false,,1.70,0.0170,true,1,172624
7290004125578,false,משקה סויה מעושר בסידן תנובה 1ל',תנובה מרכז שיתופי לש,,משקה סויה מועשר בסיד,מיליליטרים,1000.00,"100 מ""ל",false,,10.90,0.0109,true,1,162759
7290004125585,false,משקה סויה בטעם וניל תנובה 1 ליטר,תנובה מרכז שיתופי לש,,משקה סויה בטעם וניל,מיליליטרים,1000.00,"100 מ""ל",false,,10.90,0.0109,true,1,162760
7290004125721,false,"השף הלבן שמנת עמידה לבישול 15% תנובה 250 מ""ל",תנובה מרכז שיתופי לש,,שמנת לבישול 15% השף,מיליליטרים,250.00,"100 מ""ל",false,,8.10,0.0324,true,1,162762
7290004125738,false,שמנת מתוקה להקצפה32% 250מל עמיד השף הלבן,תנובה מרכז שיתופי לש,,שמנת מתוקה להקצפה 32,מיליליטרים,250.00,"100 מ""ל",false,,6.20,0.0248,true,1,162763
7290004125776,false,גבינה צהובה עמק 28% 400 גרם בקופסא,קריות זול,,עמק גבינה צהובה פרוס,גרמים,400.00,100 גרם,false,,27.80,0.0695,true,1,162764
7290004126674,false,טל העמק פרוסות גבינה חצי קשה לייט %9 200 גרם בקופסא,תנובה מרכז שיתופי לש,,טל העמק פרוס 9% 200,גרמים,200.00,100 גרם,false,,18.80,0.0940,true,1,172625
7290004127077,false,קוטג תנובה 3% גביע 250 גרם מהדרין,מיוצר עי קונדיטוריית,,גבינת קוטג' 3% תנובה,גרמים,250.00,100 גרם,false,,5.70,0.0228,true,1,162768
7290004127329,false,קוטג תנובה גביע 250 גרם %5 ו.מהדרין,מיוצר עי קונדיטוריית,,גבינת קוטג' 5% תנובה,גרמים,250.00,100 גרם,false,,5.70,0.0228,true,1,162626
7290004127336,false,קוטג תנובה גביע 250 גרם %9 ו.מהדרין,מיוצר עי קונדיטוריית,,גבינת קוטג' 9% תנובה,גרמים,250.00,100 גרם,false,,5.70,0.0228,true,1,162769
7290004127800,false,"גבינה לבנה 500 גרם 5% ""תנובה"" -מוצר בפיקוח",מיוצר עי קונדיטוריית,,גבינה לבנה תנובה 5%,גרמים,500.00,100 גרם,false,,9.95,0.0199,true,1,162770
7290004128333,false,לאבנה על בסיס יוגורט %9 שומן 500 ג' פיראוס,קריות זול,,פיראוס לבנה גביע 500,גרמים,500.00,100 גרם,false,,19.40,0.0388,true,1,172628
7290004128432,false,פתיתים מיוחדים לפיצה על בסיס גבינה 500 ג',תנובה חלב,,פתיתי לפיצה 500 גרם,גרמים,500.00,100 גרם,false,,22.90,0.0458,true,1,162772
7290004129101,false,גבינת שמנת 25% בטעם טבעי 225 ג' נפוליאון,תנובה מרכז שיתופי לש,,גבינת שמנת 25% בטעם,גרמים,225.00,100 גרם,false,,13.90,0.0618,true,1,184841
7290004129156,false,גבינת שמנת25% עם שום שמיר 225 ג' נפוליאון,תנובה מרכז שיתופי לש,,נפוליאון שום שמיר 22,גרמים,225.00,100 גרם,false,,13.90,0.0618,true,1,162629
7290004130794,false,משקה סויה במתיקות מופחתת תנובה 1 ליטר,תנובה מרכז שיתופי לש,,משקה סויה טבעי במתיק,מיליליטרים,1000.00,"100 מ""ל",false,,9.90,0.0099,true,1,162777
7290004131074,false,"חלב 1 ליטר 3% קרטון ""תנובה""- מוצר בפיקוח",תנובה מרכז שיתופי לש,,חלב קרטון 3% תנובה 1,מיליליטרים,1000.00,"100 מ""ל",false,,6.23,0.0062,true,1,162779
7290004131432,false,יוגורט יופלה לבן ביו 3% 200 גרם,מיוצר עי קונדיטוריית,,יופלה לבן 3% גביע 20,גרמים,200.00,100 גרם,false,,4.00,0.0200,true,1,172633
7290004131456,false,יוגורט ביו 1.5% שומן 200 ג' יופלה,מיוצר עי קונדיטוריית,,יופלה לבן 1.5% גביע,גרמים,200.00,100 גרם,false,,4.00,0.0200,true,1,172634
7290004131814,false,גבינה צפתית 5% מעודנת 200 ג' פיראוס,פארייפאבה אגרואינדוס,,צפתית מעודנת,פריט,1.00,"ק""ג",false,,14.60,14.6000,true,1,170419
7290004132552,false,משקה סויה בטעם טבעי לייט תנובה 1 ליטר,תנובה מרכז שיתופי לש,,משקה סויה לייט בטעם,מיליליטרים,1000.00,"100 מ""ל",false,,10.90,0.0109,true,1,162784
7290004132712,false,חטיף אצבעות גבינת מוצרלה 20% 172 ג' עמק,תנובה מרכז שיתופי לש,,עמק אצבעות מוצרלה תנ,גרמים,174.00,100 גרם,false,,16.40,0.0943,true,1,162785
7290004132903,false,גבינה לבנה 3% מהדרין תנובה 250 גרם,תנובה מרכז שיתופי לש,,גבינה לבנה 3% 250 גר,גרמים,250.00,100 גרם,false,,4.98,0.0199,true,1,162786
7290004133511,false,יופלה מאגדת לבן 1.5% מעודן 8 יח' * 150 ג',מיוצר עי קונדיטוריית,,מאגדת לבן 1.5% מעודן,מיליליטרים,1200.00,"100 מ""ל",false,,20.70,0.0172,true,1,172585
7290004134945,false,יוגורט מוקה 3% שומן 150 ג' יופלה,תנובה מרכז שיתופי לש,,יופלה מוקה 3% 150 גר,גרמים,150.00,100 גרם,false,,5.00,0.0333,true,1,162791
7290004135614,false,גבינה בולגרית מעודנת 5% פיראוס 250 גרם,תנובה חלב,,גבינה בולגרית מעודנת,Unknown,0.00,יחידה,false,,21.90,0.0000,true,1,162792
7290004136598,false,מארז הפסקת אוכל עם קורנפלקס ומשקה חלב עמיד בטעם וניל,פארייפאבה אגרואינדוס,,מארז הפסקת אוכל חלב,גרמים,150.00,100 גרם,false,,9.50,0.0633,true,1,162637
7290004136598,false,מארז הפסקת אוכל עם קורנפלקס ומשקה חלב עמיד בטעם וניל,פארייפאבה אגרואינדוס,,מארז הפסקת אוכל חלב,גרמים,150.00,100 גרם,false,,9.50,0.0633,true,1,162794
7290004136857,false,מעדן גלי פטל תנובה 125 גרם,תנובה מרכז שיתופי לש,,ג'לי בטעם פטל 125,גרמים,125.00,100 גרם,false,,2.60,0.0208,true,1,162795
7290004136864,false,מעדן ג'לי בטעם אננס עם חתיכות תנובה 125 גרם,תנובה חלב,,ג'לי אננס עם חתיכות,גרמים,125.00,100 גרם,false,,2.80,0.0224,true,1,162796
7290004136871,false,מעדן ג'לי בטעם אפרסק עם חתיכות תנובה 125 גרם,תנובה מרכז שיתופי לש,,ג'לי אפרסק עם חתיכות,גרמים,125.00,100 גרם,false,,2.80,0.0224,true,1,162797
7290004137021,false,"שמנת עמידה לבישול מופחת שומן 10% השף הלבן 250 מ""ל",תנובה מרכז שיתופי לש,,שמנת עמידה לבישול 10,מיליליטרים,250.00,"100 מ""ל",false,,8.00,0.0320,true,1,162638
7290004137311,false,עמק לייט משפחתית 9% 400ג-ועדת מהדרין,תנובה חלב,,עמק לייט משפחתי 9% 4,גרמים,400.00,100 גרם,false,,29.90,0.0747,true,1,172588
7290004137809,false,פיראוס לאבנה 5% גביע 250 גרם,"תנובה, מחלבת אלון תב",,פיראוס לאבנה 5% גבי,גרמים,250.00,100 גרם,false,,12.50,0.0500,true,1,162639
7290004137809,false,פיראוס לאבנה 5% גביע 250 גרם,"תנובה, מחלבת אלון תב",,פיראוס לאבנה 5% גביע,גרמים,250.00,100 גרם,false,,12.50,0.0500,true,1,162798
7290004225940,false,פילה סלמון וי קפוא,דלידג,,פילה סלמון קפוא,קילוגרמים,1.00,"ק""ג",true,,74.90,74.9000,true,1,183911
7290004225957,false,פילה סלמון קפוא קג,אקספורסדורה לוס,,פילה סלמון קפוא,קילוגרמים,1.00,"ק""ג",true,,74.90,74.9000,true,1,183912
7290004228354,false,מעדניה - פילה אמנון,,,מעדניה - פילה אמנון,קילוגרמים,1.00,"ק""ג",true,,30.90,30.9000,true,1,161052
7290004228804,false,עלי בצק לסיגרים שלושת האופים 450 גרם.,"שלושת האופים בע""\מ",,עלי סיגר שלושת האופי,גרמים,450.00,100 גרם,false,,13.90,0.0309,true,1,185563
7290004480332,false,גבינת גאודה30%משולש משקל,מחלבות גד,,גאודה בקר משולש,קילוגרמים,1.00,"ק""ג",true,,110.00,110.0000,true,1,185753
7290004480349,false,"משולש גבינת גאודה עיזים ""גד""",מחלבת אמלטי הולנד,,גאודה עיזים משולש,קילוגרמים,1.00,"ק""ג",true,,110.00,110.0000,true,1,185751
7290004494148,false,"דלתון גליל מרלו 750 מ""ל","איי, בי, אינבוו",,יין אדום מרלו גליל י,מיליליטרים,750.00,"100 מ""ל",false,,59.90,0.0799,true,1,172833
7290004494377,false,"יין אדום שיראז סדרת דלתון 750 מ""ל","איי, בי, אינבוו",,יין אדום יבש שיראז ג,מיליליטרים,750.00,"100 מ""ל",false,,59.90,0.0799,true,1,172834
7290004554330,false,שלגון אסקימו דובדבן שטראוס 75 גרם,"מיוצר ע""\י גלידת שטראוס",,אסקימו דובדבן,Unknown,1.00,יחידה,false,,2.90,2.9000,true,1,167481
7290004584351,false,גבינה לבנה סימפוניה עם תוספות 200 ג' חמישית 200,"שטראוס בריאות בע""\מ",,גבינה במרקם שמנת סימ,גרמים,200.00,100 גרם,false,,11.00,0.0550,true,1,158290
7290004584528,false,יוגורט דנונה ביו לבן 1.7% שומן 200 גרם,מיוצר עי קונדיטוריית,,דנונה ביו 1.7% 200 ג,גרמים,200.00,100 גרם,false,,3.70,0.0185,true,1,158291
7290004585907,false,דני ועדן וניל 1.5% 125ג' שטראוס,מיוצר עי קונדיטוריית,,דני מעדן חלב בטעם ונ,גרמים,125.00,100 גרם,false,,2.70,0.0216,true,1,158292
7290004603175,false,מלח הים האדום גס מלח הארץ 500 גרם,"חברת מלח הארץ אילת בע""\מ",,מלח הים האדום 500 גר,גרמים,500.00,100 גרם,false,,7.90,0.0158,true,1,164073
7290004731472,false,"אל סבון צבעוני כיף שלישיה* 500 מ""ל",טרופיקל דגיל תעשיות,,אל סבון צבעוני כיף 3,מיליליטרים,1500.00,"100 מ""ל",false,,19.90,0.0133,true,1,161704
7290004731564,false,"מקסימה מבשם ומרכך למייבש הכביסה בלו בלוסום 750 מ""ל",סנו מקסימה,,מקסימה למייבש בלו בו,מיליליטרים,750.00,"100 מ""ל",false,,16.30,0.0217,true,1,161705
7290004731670,false,"מטהר אוויר דואופרש פצ'ולי לבנדר סנו 300 מ""ל","סנו מפעלי ברונוס בע""\מ",,סנו מטהר אויר דואופר,מיליליטרים,330.00,"100 מ""ל",false,,11.90,0.0361,true,1,161706
7290004737900,false,חלב כחוש מרוכז וממותק בתוספת שמן צמחי ויליפוד 397 גרם,יו.איי.בי מאריג'אמפו,,חלב מרוכז ממותק 397,גרמים,397.00,100 גרם,false,,10.90,0.0275,true,1,160498
7290004923051,false,מים מינרלים עין גדי 2 ל',עין גדי מיים מינרלים,,עין גדי 2 ליטר בקבוק,מיליליטרים,2000.00,"100 מ""ל",false,,2.90,0.0014,true,1,159993
7290004923099,false,שישיית מים עין גדי 2 ליטר,עין גדי מיים מינרלים,,מים מינרלים עין גדי,קילוגרמים,12.00,ליטר,false,,11.90,0.9917,true,1,160012
7290005040955,false,חסה ערבית יחידה,,,חסה ערבית יחידה,פריט,1.00,"ק""ג",false,,5.70,5.7000,true,1,158910
7290005084355,false,"סנסודיין - משחת שיניים דואל קר זהב 75 מ""ל",גלקסו סמית קליין,,סנסודיין דואל קר 75,גרמים,75.00,100 גרם,false,,21.90,0.2920,true,1,160811
7290005113222,false,זיתים קוקטייל וגמבה יבנה 350ג',קבוצת יבנה,,זיתים מיקס יבנה 540,גרמים,540.00,100 גרם,false,,9.80,0.0181,true,1,164075
7290005113888,false,"זיתים טבעות שחורA2 ק.יבנה 560ג' בד""ץ",קבוצת יבנה מוצרי מזון,,טבעות זיתים מושחרים,גרמים,540.00,100 גרם,false,,8.90,0.0165,true,1,164076
7290005113901,false,זיתים מרינט גדול 600 יבנה,קבוצת יבנה,,זיתים חתוכים מרינד ב,גרמים,540.00,100 גרם,false,,8.90,0.0165,true,1,164077
7290005174513,false,סלט חצילים במיונז אחלה 500 גרם,מיוצר עי קונדיטוריית,,חצילים במיונז 500 ג,גרמים,500.00,100 גרם,false,,15.90,0.0318,true,1,158293
7290005174551,false,סלט חומוס עם צנוברים 125 ג' אחלה,מיוצר עי קונדיטוריית,,סלט חומוס יום יום אח,גרמים,125.00,100 גרם,false,,4.90,0.0392,true,1,158294
7290005174568,false,סלט חצילים במיונז אחלה 125 גרם,מיוצר עי קונדיטוריית,,סלט חצילים במיונז יו,גרמים,125.00,100 גרם,false,,4.90,0.0392,true,1,158295
7290005174575,false,טחינה אחלה יום יום משובחת 125ג',מיוצר עי קונדיטוריית,,סלט טחינה יום יום אח,גרמים,125.00,100 גרם,false,,4.90,0.0392,true,1,158296
7290005175428,false,"קמח תירס לל""ג ריבארה 500 ג'",קריות זול,,קמח תירס אינסטנט 500,גרמים,500.00,100 גרם,false,,5.90,0.0118,true,1,160499
7290005197758,false,"עוגיות חיוכים שוקולד עלית 150 גרם בד""צ",אפיפית נצרת תעשיות ב,,חיוכים שוקו 150 גרם,גרמים,150.00,100 גרם,false,,4.90,0.0327,true,1,167035
7290005200786,false,תפוצ'יפס בטעם שמנת בצל עלית 50 גרם,"שטראוס פריטו ליי בע""\מ )",,תפוציפס שמנת ובצל 50,גרמים,50.00,100 גרם,false,,4.00,0.0800,true,1,158668
7290005201455,false,קפה נמס מגורען ארומה קלאסי עלית 200 גרם,"אינסטנטה בע""מ",,קפה נמס מגורען ארומה,גרמים,200.00,100 גרם,false,,21.90,0.1095,true,1,167039
7290005287206,false,טונה סטארקיסט רביעיות בשמן 492 גרם,"סטארקיסט פודור בע""מ",,טונה סטארקיסט בשמן 4,גרמים,640.00,100 גרם,false,,24.90,0.0389,true,1,160360
7290005287251,false,רביעיית טונה במים סטארקיסט 160 גרם,"סטארקיסט פודור בע""מ",,נתחי טונה סטארקיסט ב,גרמים,640.00,100 גרם,false,,24.90,0.0389,true,1,160361
7290005326585,false,ממרח אוליביה פסטו בזיליקום 180 ג',"אוליביה גורמה בע""מ",,פסטו בזיליקום אוליבי,גרמים,180.00,100 גרם,false,,12.90,0.0717,true,1,162799
7290005384837,false,"מיץ לימונים מלימונים טריים 500 מ""ל",דריבדוס סיטרוס,,מיץ לימון ויליפוד 50,מיליליטרים,500.00,"100 מ""ל",false,,8.90,0.0178,true,1,171456
7290005384851,false,וילי פוד מיץ לימון בדץ 200מל,קריות זול,,מיץ לימון משומר וילי,מיליליטרים,200.00,"100 מ""ל",false,,4.90,0.0245,true,1,171457
7290005423383,false,מטהר אוויר סנומוד גל,סנומוד,,מבשם אוויר נטול גז ג,מיליליטרים,150.00,"100 מ""ל",false,,10.90,0.0727,true,1,161710
7290005423635,false,ריצפז נוזל רצפות דוחה תיקנים סנו 2 ליטר,מיוצר עי קונדיטוריית,,סנו ריצפז דוחה חרקים,מיליליטרים,2000.00,"100 מ""ל",false,,21.90,0.0109,true,1,161712
7290005423734,false,מרכך כביסה מרוכז אולטרא פרש סנו מקסימה 4 ליטר,"סנו מפעלי ברונוס בע""\מ",,מרכך כביסה מקסימה 4,מיליליטרים,4000.00,"100 מ""ל",false,,22.90,0.0057,true,1,161713
7290005423888,false,אלסבון כיף שלישיה מעורב,טרופיקל דגיל תעשיות,,אל סבון נוזלי מעורב,מיליליטרים,1500.00,"100 מ""ל",false,,19.90,0.0133,true,1,161714
7290005423918,false,סנו - מקסימה מרכך כביסה היפואלרגני אלוורה 4 ליטר,"סנו מפעלי ברונוס בע""\מ",,מקסימה מרכך 4 ליטר ב,מיליליטרים,4000.00,"100 מ""ל",false,,21.90,0.0055,true,1,161715
7290005424991,false,סנו פרש אוטומטיק בהתזה קצובה ניחוח בייבי פאודר,סנו מפעלי ברונוס בעמ,,מילוי פרש אוטומטיק ב,מיליליטרים,350.00,"100 מ""ל",false,,12.90,0.0369,true,1,161716
7290005425646,false,קליר נוזל לניקוי חלונות רב תכליתי סנו 1 ליטר,"סנו מפעלי ברונוס בע""\מ",,ספריי רב תכליתי לניק,מיליליטרים,1000.00,"100 מ""ל",false,,12.90,0.0129,true,1,161720
7290005430602,false,"סנו אוקסיג'ן ספריי להסרת כתמים עם חמצן פעיל 750 מ""ל","סנו מפעלי ברונוס בע""",,אוקסיג'ן מרסס מסיר כ,מיליליטרים,750.00,"100 מ""ל",false,,19.90,0.0265,true,1,161727
7290005431906,false,קדאיף עדן קינוחים 82 גרם,עדן קינוחים Eden,,מעדן קדאיף עדן קינוח,גרמים,82.00,100 גרם,false,,6.90,0.0841,true,1,172643
7290005431913,false,עוגת גבינה פירורים עדן קינוחים 92 גרם,עדן קינוחים Eden,,עוגת גבינה פירורים ע,גרמים,92.00,100 גרם,false,,6.90,0.0750,true,1,172644
7290005431968,false,מלבי שמנת עדן קינוחים 150 גרם,עדן קינוחים Eden,,מלבי שמנת עדן קינוחי,גרמים,150.00,100 גרם,false,,6.90,0.0460,true,1,184546
7290005437540,false,"פטריות שמפיניון חתוכות בד""צ טעמן 290 גרם",,,פטריות חתוכות טעמן 2,גרמים,290.00,100 גרם,false,,4.50,0.0155,true,1,186567
7290005437632,false,שמן קנולה 1 ליטר טעמן,,,שמן קנולה טעמן 1 ליט,מיליליטרים,1000.00,"100 מ""ל",false,,10.90,0.0109,true,1,160453
7290005437755,false,פסטה בילאגיו צינורות 500 גרם טעמן,מוצרי יסוד - טעמן,,פסטה בילאגיו צינורות,גרמים,500.00,100 גרם,false,,4.90,0.0098,true,1,185105
7290005437762,false,פסטה בילאג'יו ספירלה 500גר' טעמן,מוצרי יסוד - טעמן,,פסטה בילאג'יו ספירלה,גרמים,500.00,100 גרם,false,,4.90,0.0098,true,1,185106
7290005437939,false,פסטה ספגטיני מס' 10 500 גר' טעמן,מוצרי יסוד - טעמן,,פסטה בילאג'יו ספגטינ,גרמים,500.00,100 גרם,false,,4.90,0.0098,true,1,185107
7290005437946,false,פסטה בילאג'יו ספגטי 500גר טעמן,מוצרי יסוד - טעמן,,פסטה בילאג'יו ספגטי,גרמים,500.00,100 גרם,false,,4.90,0.0098,true,1,185108
7290005559907,false,פיצה משפחתית 100% גבינה מעדנות 500 גרם,מיוצר עי קונדיטוריית,,פיצה משפחתית 100% גב,גרמים,500.00,100 גרם,false,,23.90,0.0478,true,1,163005
7290005559914,false,פיצה משפחתית עם 100% גבינה בתוספת זיתים מעדנות 550 גרם,מיוצר עי קונדיטוריית,,פיצה משפחתית זיתים מ,גרמים,550.00,100 גרם,false,,23.90,0.0435,true,1,163006
7290005559990,false,בצק פילאס תורכי מעדנות 600 גרם,מיוצר עי קונדיטוריית,,בצק פילאס תורכי מעדנ,גרמים,600.00,100 גרם,false,,22.90,0.0382,true,1,172777
7290005591761,false,דבש טהור מפרחי בר בלחיץ 400 ג' יד מרדכי,מכוורת יד מרדכי שטרא,,דבש טהור לחיץ 400 גר,גרמים,400.00,100 גרם,false,,21.90,0.0547,true,1,167040
7290005610127,false,תפוח אדמה גורמה דוד משה,אראל תוצרת חקלאית בע,,תפוח אדמה גורמה דוד,קילוגרמים,1.00,"ק""ג",true,,6.90,6.9000,true,1,158911
7290005678387,false,ענב אוטום רויאל -שחור,מושב לכיש,,ענב אדום,קילוגרמים,1.00,"ק""ג",true,,24.90,24.9000,true,1,183743
7290005678745,false,ענב אדום,,,ענב אדום,קילוגרמים,1.00,"ק""ג",true,,24.90,24.9000,true,1,183848
7290005719158,false,בייגל סימיט טורקי 15,פילסברי,,בייגל סימיט,Unknown,1.00,יחידה,false,,4.90,4.9000,true,1,180946
7290005719189,false,לחם מחמצת שיפון אגוז,,,לחם מחמצת שיפון אגוז,Unknown,1.00,יחידה,false,,17.90,17.9000,true,1,180947
7290005719318,false,לחמניות המבורגר מארז,פילסברי,,לחמניית המבורגר פרמי,Unknown,1.00,יחידה,false,,13.90,13.9000,true,1,180950
7290005719462,false,עוגיות מנגלך טעם קינ,פילסברי,,מארז מינגלך בטעם קינ,גרמים,400.00,100 גרם,false,,20.90,0.0522,true,1,186061
7290005719905,false,בומבומולונה ביס ריבה,פילסברי,,בומבומולונה ביס ריבה,Unknown,1.00,יחידה,false,,2.90,2.9000,true,1,180952
7290005719912,false,בומבולונה ביס שוקולד,פילסברי,,בומבולונה ביס שוקולד,Unknown,1.00,יחידה,false,,2.90,2.9000,true,1,180953
7290005719943,false,בומבולונה לב עם שוקו,פילסברי,,בומבולונה שוקולד,Unknown,1.00,יחידה,false,,2.90,2.9000,true,1,180955
7290005719950,false,בומבולונה לב קלאסי,,,בומבולונה לב קלאסי,Unknown,1.00,יחידה,false,,2.90,2.9000,true,1,180956
7290005719967,false,אזני המן שקדים,פילסברי,,אזני המן שקדים,קילוגרמים,1.00,"ק""ג",true,,49.00,49.0000,true,1,180930
7290005838002,false,מעדן גבינה ויוגורט בטעם וניל 88 ג' דניאלה,"שטראוס בריאות בע""מ",,דניאלה וניל 150 גרם,גרמים,150.00,100 גרם,false,,4.10,0.0273,true,1,158298
7290005838613,false,"סקי וניל בודד 125 גרם ""שטראוס""","שטראוס בריאות בע""\מ",,סקי וניל 125 בודד,גרמים,125.00,100 גרם,false,,3.70,0.0296,true,1,158299
7290005839078,false,שמיניית יוגורט לבן 3% ביו דנונה 150 גרם,מיוצר עי קונדיטוריית,,מארז 8 חסכון - ביו 3,גרמים,1200.00,100 גרם,false,,15.90,0.0133,true,1,170467
7290005839108,false,גבינה לבנה סימפוניה עם תוספות 200 ג'+זיתים 5%,"שטראוס בריאות בע""\מ",,גבינה במרקם שמנת 5%,גרמים,200.00,100 גרם,false,,11.00,0.0550,true,1,158301
7290005839313,false,"מילקי טופ מגולגלת שטראוס 170 מ""ל",מיוצר עי קונדיטוריית,,מילקי טופ מגולגלת 17,מיליליטרים,170.00,"100 מ""ל",false,,4.90,0.0288,true,1,158302
7290005854040,false,שלגון אסקימו משמש שטראוס,שטראוס,,אסקימו משמש,Unknown,1.00,יחידה,false,,2.90,2.9000,true,1,181784
7290005854606,false,קרחון אסקימו שטראוס אננס,שטראוס,,אסקימו אננס,Unknown,1.00,יחידה,false,,2.90,2.9000,true,1,181785
7290005896637,false,סאן בנדטו - מים מינרלים טבעיים מהאלפים 1.5 ליטר,אקווה מינרלה סאן בנדטו ב,,מים מינרליים טבעיים,מיליליטרים,9000.00,"100 מ""ל",false,,4.80,0.0005,true,1,172507
7290005938238,false,ממרח צ'ימצ'ורי פרסקו 220ג' מצונן,"פרסקו חצבה 2006 בע""מ",,צ'ימצ'ורי 220 גרם,גרמים,220.00,100 גרם,false,,17.90,0.0814,true,1,161076
7290005938245,false,ממרח פסטו קלאסי פרסקו 220ג' מצונן,מיוצר עי פרסקו חצבה,,פסטו קלאסי 220 גרם,גרמים,220.00,100 גרם,false,,18.90,0.0859,true,1,161077
7290005938603,false,טפאנד זיתים ירוקים 220גר,נטו מלינדה,,טפנד זיתים שחורים,גרמים,220.00,100 גרם,false,,17.90,0.0814,true,1,161078
7290005938610,false,טפנד זיתים ירוקים 220 ג,נטו מלינדה,,טפנד זיתים ירוקים,גרמים,220.00,100 גרם,false,,17.90,0.0814,true,1,161079
7290005951039,false,כרובית ארוזה,,,כרובית,יח',1.00,יח',false,,9.90,9.9000,true,1,158912
7290005992018,false,"יוגורט עיזים לשתיה 3% מחלבות גד 500 מ""ל","מיוצר ע""\י קוד יצרן MKN",,יוגורט לשתייה מחלב ע,מיליליטרים,500.00,"100 מ""ל",false,,12.20,0.0244,true,1,164586
7290005992575,false,גבינה בולגרית למריחה 5% גד 250 גרם,מחלבות גד בעמ,,גבינה בולגרית למריחה,גרמים,250.00,100 גרם,false,,15.90,0.0636,true,1,164588
7290005992735,false,לאבנה טבעית 5% 250 גר' - רבנות,הנסיך- מפעל לייצור ט,,גבינת לאבנה טבעית 5%,גרמים,250.00,100 גרם,false,,11.90,0.0476,true,1,164589
7290005996979,false,סלמי פרח יחיעם 200גר,מעדני יחיעם (1993) בעמ,,סלמי פרח 200 גרם,גרמים,200.00,100 גרם,false,,24.90,0.1245,true,1,185857
7290006185501,false,"פנינה רוזנבלום -אל סבון נוזלי ורוד,1 ליטר",פנינה רוזנבלום,,סבון ורוד 1 ליטר פני,מיליליטרים,1000.00,"100 מ""ל",false,,9.90,0.0099,true,1,161980
7290006199218,false,"שמיניית גלידל אייס מוקה ""פלדמן""",הגלידות של פלדמן,,גלידל אייס מוקה 8,גרמים,400.00,100 גרם,false,,29.90,0.0747,true,1,186808
7290006229427,false,סן בנדטו - מים מינרלים - מארז שישיית 500 מל,קריות זול,,שישיית מים סאן בנדטו,מיליליטרים,3000.00,"100 מ""ל",false,,12.90,0.0043,true,1,162059
7290006229427,false,סן בנדטו - מים מינרלים - מארז שישיית 500 מל,קריות זול,,שישיית מים סאן בנדטו,מיליליטרים,3000.00,"100 מ""ל",false,,12.90,0.0043,true,1,162150
7290006235244,false,"קמיל בלו משחה לתינוק צמחי מרפא ד""ר פישר 100 גרם",פישר מעבדות פרמצבטיות בע,,משחה לתינוק עם צמחי,מיליליטרים,100.00,"100 מ""ל",false,,20.90,0.2090,true,1,167722
7290006251275,false,תה ירוק סיני קלאסי ויסוצקי 25 יחידות,תה ויסוצקי,,תה ירוק סיני,Unknown,25.00,יחידה,false,,24.90,0.9960,true,1,159029
7290006256089,false,"יין אדום קברנה סוביניון גאטו נגרו 750 מ""ל",פינקה לה סליה,,יין גאטו נגרו קברנה,מיליליטרים,750.00,"100 מ""ל",false,,40.20,0.0536,true,1,186051
7290006271174,false,ג'חנון לאפיה בתנור מעדנות 700 גרם,מיוצר עי קונדיטוריית,,ג'חנון מוקפא לאפיה 6,גרמים,700.00,100 גרם,false,,18.50,0.0264,true,1,172778
7290006271181,false,ג'חנון אפוי למיקרוגל מעדנות 750 גרם,מיוצר עי קונדיטוריית,,ג'חנון אפוי מוקפא לה,גרמים,750.00,100 גרם,false,,25.50,0.0340,true,1,163007
7290006272072,false,חטיפי פיצה גבינה מעדנות 650 גרם,"מעדנות בע""\מ",,חטיפי פיצה 24 יחידות,גרמים,650.00,100 גרם,false,,32.90,0.0506,true,1,163008
7290006272430,false,בצק עלים חמאה מעדנות 600 גרם,מיוצר עי קונדיטוריית,,בצק עלים חמאה מעדנות,גרמים,600.00,100 גרם,false,,27.90,0.0465,true,1,172781
7290006322104,false,לחם ריחיים קל פרוס 500 ג',מאפיית דוידוביץ ובניו בע,,לחם ריחיים קל פרוס 5,גרמים,500.00,100 גרם,false,,12.90,0.0258,true,1,169366
7290006322111,false,לחמניות ריחיים 80*6 גרם,מאפיית דוידוביץ ובניו בע,,לחמניות רחיים קלות 7,גרמים,450.00,100 גרם,false,,12.90,0.0287,true,1,169367
7290006322128,false,לחמניות קלות 6 יח בחבילה,מאפיית דוידוביץ ובניו בע,,לחמניות קלות 75 גרם,גרמים,450.00,100 גרם,false,,8.90,0.0198,true,1,169368
7290006322166,false,לחמניות רגילות 6יח75X'גר,מאפיית דוידוביץ ובניו בע,,לחמניות רגילות 6*75,Unknown,6.00,יחידה,false,,9.90,1.6500,true,1,181420
7290006322470,false,לחם תשעה דגנים דוידו,מאפיית דוידוביץ ובניו בע,,לחם קל 9דגנים 500גרם,גרמים,500.00,100 גרם,false,,16.90,0.0338,true,1,169370
7290006322838,false,לחם מקמח מלא דוידובי,מאפיית דוידוביץ ובניו בע,,לחם קמח מלא 100% מאפ,גרמים,750.00,100 גרם,false,,12.90,0.0172,true,1,169375
7290006322968,false,לחם זיץ ברויט דוידוב,מאפיית דווידוביץ ובנ,,לחם זיץ ברויט 1.2 ק',גרמים,1200.00,100 גרם,false,,14.90,0.0124,true,1,169376
7290006342072,false,גרעין לבן ששון הקולה 200 גרם,"דין שיווק וקלייה בע""",,גרעין לבן 200 גרם,גרמים,200.00,100 גרם,false,,8.90,0.0445,true,1,182033
7290006342089,false,גרעין שחור 200 גרם ששון הקולה,"דין שיווק וקלייה בע""",,גרעין שחור 200 גרם,גרמים,200.00,100 גרם,false,,5.90,0.0295,true,1,186373
7290006342447,false,גרעיני אבטיח ששון הקולה 200 גרם,"דין שיווק וקלייה בע""",,גרעין אבטיח 200 גרם,גרמים,200.00,100 גרם,false,,12.90,0.0645,true,1,182034
7290006342515,false,מנצס 200 גרם ששון הקולה,"דין שיווק וקלייה בע""",,מנצס 200 שקית,גרמים,200.00,100 גרם,false,,7.90,0.0395,true,1,186374
7290006342553,false,קבוקים בשקית ששון הקולה 200 גרם,"דין שיווק וקליה בע""מ",,קבוקים 200 גר' שקית,גרמים,200.00,100 גרם,false,,6.90,0.0345,true,1,182035
7290006342560,false,בוטן אמריקאי 200 גרם ששון הקולה,"דין שיווק וקלייה בע""",,בוטן אמריקאי 200 גרם,גרמים,200.00,100 גרם,false,,6.90,0.0345,true,1,182036
7290006342645,false,טורטיה גדולה שקדיה 840 גרם 12 יחידות,אלקטי קוראבייכיסיגיד,,טורטיה גדולה 840 גרם,גרמים,840.00,100 גרם,false,,16.90,0.0201,true,1,182037
7290006374738,false,קונפיטורית תות 340 גר' יד מרדכי,אף.סי תבליני בגליל ב,,קונפיטורת תות 340 גר,גרמים,340.00,100 גרם,false,,13.90,0.0409,true,1,167042
7290006492432,false,גבינת מוצרלה בייבי 18% גד 150 גרם,מחלבות גד בעמ,,בייבי מוצרלה 18% 150,גרמים,150.00,100 גרם,false,,14.90,0.0993,true,1,164590
7290006492616,false,גבינה בולגרית מעודנת פרוסות 5% גד 250 גרם,DSH עבור מחלבות גד ב,,גבינה בולגרית מעודנת,גרמים,250.00,100 גרם,false,,26.80,0.1072,true,1,164591
7290006492630,false,גבינת פרומעז עיזים 22% גד 180 גרם,מחלבות גד בעמ,,גבינת גליל עיזים 22%,גרמים,180.00,100 גרם,false,,22.50,0.1250,true,1,164592
7290006492685,false,גבינת לאבנה עיזים 5% גד 250 גרם,מחלבות גד בעמ,,גבינת לאבנה עיזים 5%,גרמים,250.00,100 גרם,false,,16.40,0.0656,true,1,164593
7290006492852,false,גבינת עיזים למריחה 5% 250 גרם רובין,קריות זול,,גבינת עזים למריחה 5%,גרמים,250.00,100 גרם,false,,17.90,0.0716,true,1,164594
7290006492913,false,גבינת לאבנה ציזיקי 5% מחלבות גד 250 גרם,מחלבות גד בעמ,,גבינת לאבנה ציזיקי 5,גרמים,250.00,100 גרם,false,,12.90,0.0516,true,1,164595
7290006511751,false,פטריות שמפניון חתוך ויליפוד 290X3 ג' בד”צ,לוטס,,שלישית פטריות חתוך ו,Unknown,3.00,יחידה,false,,11.90,3.9667,true,1,171458
7290006582539,false,חמוציות בשקית ששון הקולה 250 גרם,דין שיווק,,חמוציות 250 גרם,גרמים,250.00,100 גרם,false,,10.90,0.0436,true,1,186375
7290006644817,false,רביעייה שרינק שוופס סודה 1.5 ל',יפאורה תבורי,,רביעית שוופס סודה 1.,מיליליטרים,1500.00,"100 מ""ל",false,,10.90,0.0073,true,1,160015
7290006653819,false,פתיתי קוסקוס דק 350 גרם,"מיוצר ע""י קוד יצרן K",,אסם קוסקוס דק 350 גר,גרמים,350.00,100 גרם,false,,7.90,0.0226,true,1,159429
7290006664051,false,"אקטימל לבן 1.51 ק""ג מארז 14 יחידות",מיוצר עי קונדיטוריית,,"אקטימל לבן 14*100 מ""",מיליליטרים,1400.00,"100 מ""ל",false,,29.90,0.0214,true,1,158305
7290006664402,false,גבינה לבנה סקי 5% שומן 750 גרם,מיוצר עי קונדיטוריית,,גבינה לבנה סקי % 5 7,גרמים,750.00,100 גרם,false,,14.90,0.0199,true,1,158307
7290006664532,false,יוגורט עם תות 3% שומן 150 ג' דנונה,מיוצר עי קונדיטוריית,,"דנונה תות 3% 150 מ""ל",גרמים,150.00,100 גרם,false,,3.90,0.0260,true,1,158308
7290006664655,false,"אקטימל לבן טבעי מארז 100X8 מ""ל",מיוצר עי קונדיטוריית,,"אקטימל לבן 8*100 מ""ל",מיליליטרים,800.00,"100 מ""ל",false,,20.90,0.0261,true,1,158309
7290006664990,false,"יוגורט דנונה ביו לבן 1.7% שומן 8*150 מ""ל",מיוצר עי קונדיטוריית,,מארז 8 חסכון - ביו 1,גרמים,1200.00,100 גרם,false,,15.90,0.0133,true,1,158311
7290006681003,false,גלידה קרמיסימו סרבט תות לימון 650 גרם,"גלידת שטראוס בע""\מ, רחוב",,גלידת קרמיסימו 1.33,מיליליטרים,1330.00,"100 מ""ל",false,,18.90,0.0142,true,1,167488
7290006681065,false,"קסטה שוקו וניל ""שטראוס""","מיוצר ע""\י גלידת שטראוס",,טעמקור XL,Unknown,1.00,יחידה,false,,7.90,7.9000,true,1,167489
7290006681553,false,קרמבו בטעם וניל שטראוס 8 יחידות,"גלידת שטראוס בע""\מ",,קרמבו שטראוס וניל 8*,Unknown,8.00,יחידה,false,,16.90,2.1125,true,1,167490
7290006738615,false,קבב פרימיום זהב 100% בשר זוגלובק 400 ג',נקניק נהריה כשר זוגל,,קבב זהב 400 גרם,גרמים,400.00,100 גרם,false,,19.90,0.0497,true,1,165812
7290006739292,false,נקניק פסטרמה פרגיות ציפוי תירס,נקניק נהריה כשר זוגל,,פסטרמה תבור 330 גר',גרמים,330.00,100 גרם,false,,25.90,0.0785,true,1,175925
7290006739414,false,נקניק סלמי קוניאק זוגלובק 300 גרם,נקניק נהריה כשר זוגל,,סלמי קוניאק 300 גרם,גרמים,300.00,100 גרם,false,,25.90,0.0863,true,1,165815
7290006739421,false,נקניק סלמי מעושן איטלקי זוגלובק 300 גרם,נקניק נהריה כשר זוגל,,נקניק סלמי מעושן איט,גרמים,300.00,100 גרם,false,,25.90,0.0863,true,1,165798
7290006739421,false,נקניק סלמי מעושן איטלקי זוגלובק 300 גרם,נקניק נהריה כשר זוגל,,נקניק סלמי מעושן איט,גרמים,300.00,100 גרם,false,,25.90,0.0863,true,1,165816
7290006739445,false,שניצל תירס קלאסי 750 ג' זוגלובק,נקניק נהריה כשר זוגל,,שניצל תירס קלאסי 750,גרמים,750.00,100 גרם,false,,22.90,0.0305,true,1,165817
7290006739544,false,נקניק כתף בקר 3% 300 גרם,זוגלובק,,כתף בקר 300 גרם,גרמים,300.00,100 גרם,false,,29.90,0.0997,true,1,165818
7290006742278,false,פסטרמה הודו צלויה על לבנים 330 ג' זוגלובק,נקניק נהריה כשר זוגל,,פסטרמה צלויה על לבני,גרמים,330.00,100 גרם,false,,25.90,0.0785,true,1,165824
7290006742292,false,פסטרמה הודו בדבש 330 ג' זוגלובק,נקניק נהריה כשר זוגל,,פסטרמה בדבש 330 גרם,גרמים,330.00,100 גרם,false,,25.90,0.0785,true,1,165825
7290006742315,false,פסטרמה חזה הודו ברביקיו 2% זוגלובק 330 גרם,נקניק נהריה כשר זוגל,,פסטרמה חזה הודו ברבי,גרמים,330.00,100 גרם,false,,25.90,0.0785,true,1,165827
7290006775016,false,עוגה מבית טוב 450 גרם תפוז,אחדות ביחר לטחינה חל,,עוגת תפוז 450 גרם אח,גרמים,450.00,100 גרם,false,,10.90,0.0242,true,1,164080
7290006775023,false,"עוגה מבית טוב"" 450 גרם אנגלית",אחדות ביחר לטחינה חל,,עוגה אנגלית 450 גרם,גרמים,450.00,100 גרם,false,,10.90,0.0242,true,1,164081
7290006775047,false,"עוגה מבית טוב"" 450 גרם שוקולד",אחדות ביחר לטחינה חל,,עוגת שוקולד 450 גרם,גרמים,450.00,100 גרם,false,,10.90,0.0242,true,1,164083
7290006775054,false,עוגת שיש אחווה 450 ג' אחוה,אחדות ביחר לטחינה חל,,עוגת שיש 450 גרם אחו,גרמים,450.00,100 גרם,false,,10.90,0.0242,true,1,164084
7290006775078,false,עוגת דבש תשרי אחוה 400 גרם,אחדות,,עוגת דבש אחוה 400 גר,גרמים,400.00,100 גרם,false,,9.90,0.0248,true,1,188200
7290006775078,false,עוגת דבש תשרי אחוה 400 גרם,אחדות,,עוגת דבש 400 גרם,גרמים,400.00,100 גרם,false,,9.90,0.0248,true,1,188291
7290006775344,false,עוגת שמרים במילוי קרם קינמון אחוה 400 גרם,אחדות ביחר לטחינה חל,,עוגת שמרים קינמון וא,גרמים,400.00,100 גרם,false,,10.90,0.0273,true,1,164087
7290006804051,false,בורקס גבינה פילסברי,פילסברי,,מאפיה - בורקס גבינה,קילוגרמים,1.00,"ק""ג",true,,42.00,42.0000,true,1,176915
7290006804068,false,"מאפיה - בורקס תפו""א",פילסברי,,"מאפיה - בורקס תפו""א",קילוגרמים,1.00,"ק""ג",true,,42.00,42.0000,true,1,176916
7290006804082,false,קרואסון ביס שוקולד פ,פילסברי,,מאפיה - ביס שוקולד,קילוגרמים,1.00,"ק""ג",true,,42.00,42.0000,true,1,176917
7290006804099,false,גביניות פילסברי חלבי,פילסברי,,מאפיה - גביניות (חלב,קילוגרמים,1.00,"ק""ג",true,,42.00,42.0000,true,1,176918
7290006804136,false,קרואסון פילסברי פרוו,פילסברי,,מאפיה - קרואסון פרוו,קילוגרמים,1.00,"ק""ג",true,,49.00,49.0000,true,1,176920
7290006804143,false,רוגלעך פילסברי,פילסברי,,מאפיה - רוגלעך,קילוגרמים,1.00,"ק""ג",true,,42.00,42.0000,true,1,176921
7290006804457,false,בורקס תורכי פיצה חלב,פילסברי,,בורקס תורכי פיצה (חל,קילוגרמים,1.00,"ק""ג",true,,42.00,42.0000,true,1,176925
7290006804754,false,פרצל,פילסברי,,פרצל,Unknown,1.00,יחידה,false,,4.90,4.9000,true,1,180957
7290006805362,false,חצי באגט מאפית,פילסברי,,חצי בגט לבן,Unknown,1.00,יחידה,false,,3.90,3.9000,true,1,176974
7290006805379,false,שליש בגט אפייה במקום,פילסברי,,שליש בגט אפייה במקום,Unknown,1.00,יחידה,false,,3.00,3.0000,true,1,180958
7290006806499,false,לחמנייה דגנים וגרעינ,,,לחמנייה דגנים וגרעינ,Unknown,1.00,יחידה,false,,4.90,4.9000,true,1,180962
7290006806963,false,חלה מתוקה קלועה אפויה-קפואה,פילסברי,,חלה מתוקה קלועה,Unknown,1.00,יחידה,false,,12.90,12.9000,true,1,176975
7290006866363,false,מיץ סחוט אשכוליות אדומות פרימור 1 ליטר,"גניר (1992) בע""מ",,מיץ אשכוליות אדומות,מיליליטרים,1000.00,"100 מ""ל",false,,16.20,0.0162,true,1,158312
7290006983176,false,אוסם - לחמית שיפון 250 גרם,"אסם השקעות בע""\מ",,לחמית שיפון 230 גרם,גרמים,230.00,100 גרם,false,,9.50,0.0413,true,1,159431
7290006983527,false,עוגת הבית תפוחי עץ ופירורים אסם 400 גרם,מיוצר עי קונדיטוריית,,הבית עוגת תפוחי עץ ע,גרמים,400.00,100 גרם,false,,14.90,0.0373,true,1,159432
7290006983763,false,עוגת הבית שוקולד 400 גרם אסם.,מיוצר עי קונדיטוריית,,עוגת הבית תפוחים פיר,גרמים,400.00,100 גרם,false,,11.90,0.0298,true,1,159433
7290006983770,false,עוגת הבית שיש אסם 400 גרם,מיוצר עי קונדיטוריית,,עוגת הבית בטעם שוקול,גרמים,400.00,100 גרם,false,,11.90,0.0298,true,1,159434
7290006983787,false,עוגת הבית שוקולד צ'יפס אסם 400 גרם,מיוצר עי קונדיטוריית,,עוגת הבית שיש אסם 40,גרמים,400.00,100 גרם,false,,11.90,0.0298,true,1,159435
7290006983794,false,עוגת הבית בטעם תפוז אסם 400 גרם,מיוצר עי קונדיטוריית,,עוגת הבית שוקולד צ'י,גרמים,400.00,100 גרם,false,,11.90,0.0298,true,1,159436
7290007065007,false,מוצרלה פרוסות 22% 20,,,מוצרלה פרוסות 22% 20,גרמים,200.00,100 גרם,false,,17.70,0.0885,true,1,164571
7290008000826,false,"משחת שיניים לילדים בטעם פירות לגילאים 2-6 כצט 50 מ""ל",כצט נוביס,,ברבי משחת שיניים ליל,מיליליטרים,50.00,"100 מ""ל",false,,11.90,0.2380,true,1,160814
7290008104050,false,"פמינה - שטיפה אינטימית קלאסית 220 מ""ל",כצט נוביס סעמ,,תחליב רחצה אינטימי ק,מיליליטרים,220.00,"100 מ""ל",false,,22.90,0.1041,true,1,160815
7290008154222,false,שניצלונים עוף טוב 700 גרם,"מוצרי עוף טוב (2001) בע""",,שניצלונים בציפוי מעו,גרמים,700.00,100 גרם,false,,19.90,0.0284,true,1,159443
7290008175173,false,חמאה מפינלנד ללא מלח 200 גרם ויליפוד,ואליו אל.טי.די,,חמאה מפינלנד 200 גרם,גרמים,200.00,100 גרם,false,,11.90,0.0595,true,1,160503
7290008175814,false,וילי פוד פטריות שמפיניון חתוך בדץ 400ג,"אוקצ'מפ אס, איי אויי",,פטריות חתוכות 400 גר,גרמים,400.00,100 גרם,false,,5.50,0.0138,true,1,160505
7290008333115,false,אבקת ג'לטין טהור נטו 28 גרם,מאיר עזרא ובניו,,אבקת ג'לטין טהור נטו,גרמים,28.00,100 גרם,false,,9.90,0.3536,true,1,161080
7290008343466,false,בצק פילו 500 גרם שלושת האופים,שלושת האופים שגמור,,בצק פילו שלושת האופי,גרמים,500.00,100 גרם,false,,21.90,0.0438,true,1,161081
7290008343503,false,גחנון אפוי 650 גר' שלושת האופים קהילות,שלושת האופים,,ג'חנון אפוי שלושת הא,גרמים,650.00,100 גרם,false,,19.90,0.0306,true,1,183347
7290008343558,false,"סיגרים בשר 1 ק""ג שלושת האופים","שלושת האופים בע""\מ",,בצק פילו שלושת האופי,גרמים,1000.00,100 גרם,false,,21.90,0.0219,true,1,161082
7290008343572,false,"אגרול סיני 1 ק""ג שלושת האופים","שלושת האופים בע""\מ",,אגרול סיני שלושת האו,גרמים,1000.00,100 גרם,false,,21.90,0.0219,true,1,171698
7290008343602,false,"קובה בשר 1 ק""ג שלושת האופים","שלושת האופים בע""\מ",,קובה בשר שלושת האופי,גרמים,1000.00,100 גרם,false,,21.90,0.0219,true,1,161084
7290008343619,false,"פסטלים תפו""א שלושת האופים 1 ק""ג","שלושת האופים בע""\מ",,פסטלים שלושת האופים,גרמים,1000.00,100 גרם,false,,21.90,0.0219,true,1,161085
7290008344258,false,המבורגר מזרחי טיבון ויל 400 גרם,"טיבון ויל אחזקות בע""\מ",,המבורגר מזרחי טיבון,גרמים,400.00,100 גרם,false,,20.90,0.0522,true,1,171699
7290008344272,false,המבורגר 100% טיבון ויל 400 גרם,טיבון ויל אחזקות בעמ,,המבורגר 100% 400 גרם,גרמים,400.00,100 גרם,false,,19.90,0.0497,true,1,161086
7290008345576,false,סלט איקרה ביתית לבנה 300 גרם דלידג,כלורוקס אוקלנד,,איקרה ביתית לבנה 300,גרמים,300.00,100 גרם,false,,20.90,0.0697,true,1,161089
7290008345583,false,איקרה ביתית ורוד 300 גרם דלידג,כלורוקס אוקלנד,,איקרה ביתית ורוד 300,גרמים,300.00,100 גרם,false,,20.90,0.0697,true,1,161090
7290008347181,false,מעדניה - פילה אמנון,,,מעדניה - פילה אמנון,קילוגרמים,1.00,"ק""ג",true,,30.90,30.9000,true,1,160930
7290008347211,false,אצבעות דג מצופות דלידג 700 גרם,אף.סי תבליני בגליל ב,,אצבעות דג מצופות דלי,גרמים,700.00,100 גרם,false,,22.90,0.0327,true,1,160931
7290008347891,false,מעדניה - פילה אמנון,,,מעדניה - פילה אמנון,קילוגרמים,1.00,"ק""ג",true,,30.90,30.9000,true,1,160932
7290008409100,false,אצבעות שניצל בציפוי שומשום מאמא עוף 700 גרם,תנובה גליל שותפות מוגבלת,,אצבעות שניצל בציפוי,גרמים,700.00,100 גרם,false,,34.90,0.0499,true,1,163009
7290008409124,false,מאמא עוף קפוא שניצל ג'ונגל פריך 700 גרם,תנובה גליל שותפות מוגבלת,,שניצל ג'ונגל פריך 70,גרמים,700.00,100 גרם,false,,34.90,0.0499,true,1,163010
7290008409551,false,שניצל עוף אמיתי בציפוי מעודן 700 ג' מאמא עוף,תנובה גליל שותפות מוגבלת,,שניצל עוף בציפוי מעו,גרמים,700.00,100 גרם,false,,39.90,0.0570,true,1,163016
7290008415071,false,צבר חומוס עם טחינה עגול 150 גרם,סלטי צבר,,צבר חומוס עם טחינה 1,גרמים,150.00,100 גרם,false,,4.90,0.0327,true,1,159444
7290008415514,false,צבר חומוס עם חריף עגול 150 גרם,סלטי צבר,,צבר חומוס עם חריף 15,גרמים,150.00,100 גרם,false,,4.90,0.0327,true,1,159445
7290008461221,false,סרדינים רוברט בשמן חמניות 115 גרם,יוליניבר,,סרדינים רוברט שמן חמ,גרמים,115.00,100 גרם,false,,6.90,0.0600,true,1,161092
7290008461238,false,סרדינים בשמן חמניות ופלפל חריף רוברט 84 גרם,יוליניבר,,סרדינים רוברט שמן חמ,גרמים,115.00,100 גרם,false,,6.90,0.0600,true,1,161093
7290008462204,false,חרדל דיז'ון מקורי נטו מאי 380 גרם,יוליניבר,,חרדל דז'ון מקורי 380,גרמים,380.00,100 גרם,false,,14.90,0.0392,true,1,161096
7290008464024,false,"בירה גולדסטאר Unfiltered, בירה לא מסוננת, פחית 500 מ""ל","טמפו משקאות בע""מ",,גולדסטאר לא מסונן פח,מיליליטרים,500.00,"100 מ""ל",false,,8.90,0.0178,true,1,162158
7290008464130,false,"בירה גולדסטאר Unfiltered, בירה לא מסוננת, מארז שישייה, בקבוק 330 מ""ל",טמפו,,בירה גולדסטאר לא מסו,מיליליטרים,1980.00,"100 מ""ל",false,,35.90,0.0181,true,1,162159
7290008464345,false,"בירה גולדסטאר, בקבוק 330 מ''ל",פארייפאבה אגרואינדוס,,"גולדסטאר 330 מ""ל",מיליליטרים,330.00,"100 מ""ל",false,,7.20,0.0218,true,1,162166
7290008464468,false,"בירה גולדסטאר, פחית 500 מ""ל",פארייפאבה אגרואינדוס,,"גולדסטאר פחית 500 מ""",מיליליטרים,500.00,"100 מ""ל",false,,8.40,0.0168,true,1,162167
7290008464505,false,סאן בנדטו בקבוק פלסטיק 500מל,אקווה מינרלה סאן בנדטו ב,,מים סאן בנדטו 500 מל,מיליליטרים,500.00,"100 מ""ל",false,,3.00,0.0060,true,1,162168
7290008464604,false,"בירה הייניקן פחית 500 מ""ל",טמפו משקאות בע''מ,,"בירה הייניקן 500 מ""ל",מיליליטרים,500.00,"100 מ""ל",false,,11.90,0.0238,true,1,162060
7290008464604,false,"בירה הייניקן פחית 500 מ""ל",טמפו משקאות בע''מ,,"בירה הייניקן 500 מ""ל",מיליליטרים,500.00,"100 מ""ל",false,,11.90,0.0238,true,1,162169
7290008464611,false,"הסודה של טמפו, מי סודה בגיזוז חזק, 275 מל",טמפו משקאות בעמ,,"סודה 275 מ""ל",מיליליטרים,275.00,"100 מ""ל",false,,3.50,0.0127,true,1,162170
7290008464697,false,"בירה מכבי 7.9%, בירה חזקה, מארז שישייה, בקבוק 330 מ""ל",טמפו,,מכבי 7.9% 330 שישייה,מיליליטרים,1980.00,"100 מ""ל",false,,35.90,0.0181,true,1,162171
7290008464741,false,"בירה גולדסטאר, מארז שישייה, בקבוק 330 מ''ל","טמפו משקאות בע""\מ",,בירה גולד סטאר שישיי,מיליליטרים,1980.00,"100 מ""ל",false,,38.40,0.0194,true,1,162173
7290008464796,false,"בירה היינקן, מארז שישייה, בקבוק 330 מ''ל",טמפו משקאות בע''מ,,מארז שישייה הייניקן,מיליליטרים,1980.00,"100 מ""ל",false,,38.40,0.0194,true,1,162174
7290008493413,false,פירורי לחם מאיר בייגל פירורי גריסיני 200 גרם,מאיר את ביגל,,פירורי גריסיני מאיר,גרמים,200.00,100 גרם,false,,6.20,0.0310,true,1,161911
7290008493703,false,בייגלה שמיניות מלח אריזה שקופה מאיר בייגל 300 גרם,מאיר את ביגל,,בייגלה שמיניות עם מל,גרמים,300.00,100 גרם,false,,7.90,0.0263,true,1,161912
7290008493710,false,פירורי לחם מאיר בייגל פרורי גריסני זהב 200 גרם,מאיר את ביגל,,פירורי גריסיני זהב מ,גרמים,200.00,100 גרם,false,,6.20,0.0310,true,1,161913
7290008531689,false,נורת לד נר 7W אור צה,,,נורת לד נר 7W אור צה,Unknown,1.00,יחידה,false,,9.90,9.9000,true,1,168309
7290008639095,false,פחזניות וניל פסים קפולסקי 280 גר',קפולסקי שיווק וקמעונ,,פחזניות וניל חלבי 28,גרמים,280.00,100 גרם,false,,29.90,0.1068,true,1,181813
7290008644112,false,סלט מטבוחה יום יום אחלה 125 גרם,"שטראוס גרופ בע""\מ",,סלט מטבוחה אחלה 125,גרמים,125.00,100 גרם,false,,4.90,0.0392,true,1,158313
7290008645935,false,חומוס לניגוב 750 ג' אחלה,"שטראוס גרופ בע""\מ",,חומוס אחלה 750 גרם,גרמים,750.00,100 גרם,false,,10.90,0.0145,true,1,158314
7290008670142,false,"יין רקנאטי יסמין אדום 2019 750 מ""ל",תות ממתקי איכות,,יין אדום יבש יסמין י,מיליליטרים,750.00,"100 מ""ל",false,,34.90,0.0465,true,1,169952
7290008690713,false,נקטר חמוציות אושן ספריי פריגת 1 ליטר,מבשלות בירה בינלאומיות ב,,נקטר חמוציות 1 ליטר,קילוגרמים,1.00,ליטר,false,,12.20,12.2000,true,1,164347
7290008693134,false,מעדן גבינה ויוגורט בטעם תות 5% שומן 88 ג' דניאלה,"שטראוס בריאות בע""מ",,"דניאלה תות 150 מ""ל",גרמים,150.00,100 גרם,false,,4.10,0.0273,true,1,158315
7290008713900,false,לחם שיפון עגול פרוס אנג'ל 750 גרם,מאפיית אנג'\ל אורנים מאפ,,לחם שיפון עגול פרוס,גרמים,750.00,100 גרם,false,,12.90,0.0172,true,1,159130
7290008745239,false,תפוצ'יפס קראנצ' בטעם טבעי עלית 50 גרם,"שטראוס פריטו ליי בע""\מ )",,תפוציפס קראנצ' טבעי,גרמים,50.00,100 גרם,false,,4.00,0.0800,true,1,158669
7290008750264,false,"מסטיק מאסט ציקלס דובדבן 28 גרם לל""ס מגדים","שטראוס גרופ בע""מ",,מאסט דובדבן מגדים 28,גרמים,28.00,100 גרם,false,,4.50,0.1607,true,1,167048
7290008752244,false,תפוצ'יפס קראנץ' בטעם גריל עלית 50 גרם,"שטראוס פריטו ליי בע""\מ )",,תפוציפס קראנצ' גריל,גרמים,50.00,100 גרם,false,,4.00,0.0800,true,1,158671
7290008753111,false,תפוצ'יפס קראנץ' בטעם מקסיקני עלית 50 גרם,"שטראוס פריטו ליי בע""\מ )",,תפוציפס קראנצ מקסיקנ,גרמים,50.00,100 גרם,false,,4.00,0.0800,true,1,158673
7290008753364,false,דוריטוס בטעם גריל 55 ג',שטראוס פריטו ליי בע,,דוריטוס גריל 55 גרם,גרמים,55.00,100 גרם,false,,3.50,0.0636,true,1,158674
7290008753371,false,דוריטוס נאצו מקסיקני 55 גר,STRAUSS-ISRAEL,,דוריטוס נאצ'ו 55 גרם,גרמים,55.00,100 גרם,false,,3.30,0.0600,true,1,158675
7290008753388,false,דוריטוס בטעם טבעי 55 ג',STRAUSS-ISRAEL,,דוריטוס טבעי 55 גר,גרמים,55.00,100 גרם,false,,3.50,0.0636,true,1,158676
7290008754415,false,גומי מאסט בטעם ספירמינט עדין פליפטופ 28 ג' עלית,"שטראוס גרופ בע""מ",,מאסט ספירמינט מגדים,גרמים,28.00,100 גרם,false,,4.50,0.1607,true,1,167054
7290008757980,false,קרטונית ספרינג נקטר רימונים 1 ליטר,יפאורה שותפות מובגלת לשיווק,,ספרינג קרטוניות רימו,Unknown,1000.00,יחידה,false,,6.80,0.0068,true,1,160016
7290008775816,false,ערגליות עוגיות במילוי שוקולד אסם 300 גרם,מיוצר עי קונדיטוריית,,ערגליות שוקולד שקית,גרמים,300.00,100 גרם,false,,9.90,0.0330,true,1,159448
7290008775823,false,ערגליות עוגיות תות שדה אסם 300 גרם,מיוצר עי קונדיטוריית,,ערגליות אסם 300 גרם,גרמים,300.00,100 גרם,false,,9.90,0.0330,true,1,159449
7290008801157,false,"יין מרלו סלקטד כרמל כרמל 750 מ""ל",כרמל מזרחי,,יין אדום מרלו סלקטד,מיליליטרים,750.00,"100 מ""ל",false,,29.90,0.0399,true,1,167677
7290008801522,false,יין קינג דויד קונקורד אדום מתוק 750 מל,אגודת הכורמים הקואופרטיב,,יין אדום מתוק קונקור,מיליליטרים,750.00,"100 מ""ל",false,,21.90,0.0292,true,1,167679
7290008801539,false,יין כרמל 120 קינג דיוויד יקבי כרמל,אגודת הכורמים הקואופרטיב,,יין כרמל קינג דיויד,מיליליטרים,750.00,"100 מ""ל",false,,19.90,0.0265,true,1,176139
7290008801546,false,יין מוסקט מתוק קינג דיוויד יקבי כרמל,אגודת הכורמים הקואופרטיב,,יין לבן מתוק מוסקט ק,מיליליטרים,750.00,"100 מ""ל",false,,21.90,0.0292,true,1,176140
7290008801850,false,סלקטד אמרלד ריזלינג לבן חצי יבש 750 מל,אגודת הכורמים הקואופרטיב,,יין לבן חצי יבש אמרל,מיליליטרים,750.00,"100 מ""ל",false,,29.90,0.0399,true,1,167681
7290008802512,false,"יין וינו אדום ""כרמל מזרחי""",כרמל מזרחי,,יין אדום יבש וינו 75,מיליליטרים,750.00,"100 מ""ל",false,,22.20,0.0296,true,1,167683
7290008802529,false,"יין לבן חצי יבש וינו 750 מ""ל",כרמל מזרחי,,יין לבן חצי יבש וינו,מיליליטרים,750.00,"100 מ""ל",false,,22.20,0.0296,true,1,167684
7290008802895,false,יין קברנה סוביניון פרייבט קולקשן יקבי כרמל,אגודת הכורמים הקאופורטיב,,יין אדום יבש קברנה ס,מיליליטרים,750.00,"100 מ""ל",false,,39.90,0.0532,true,1,167685
7290008805964,false,יין קברנה שיראז גליל עליון סדרה אזורית יקבי כרמל,אגודת הכורמים הקואופרטיב,,יין אדום קברנה שיראז,מיליליטרים,750.00,"100 מ""ל",false,,60.20,0.0803,true,1,167690
7290008806305,false,"שלגון פצפצים ""שטראוס""","מיוצר ע"" גלידת שטראו",,פצפצים,Unknown,1.00,יחידה,false,,5.90,5.9000,true,1,167495
7290008806961,false,גלידה שוקולד שבבי שוקולד פרה 1.33 ל' קרמיסימו,"גלידת שטראוס בע""\מ, רחוב",,גלידת קרמיסימו 1.33,מיליליטרים,1330.00,"100 מ""ל",false,,18.90,0.0142,true,1,167496
7290008806985,false,נישנושים גלידה שוקו וניל בציפוי שוקולד 60 יח' קרמיסימו,"גלידת שטראוס בע""\מ, רחוב",,קרמיסימו נשנושים שוק,Unknown,60.00,יחידה,false,,43.90,0.7317,true,1,167497
7290008815468,false,"שקית ואקום דגש 55*85 ס""מ",דגש,,שקית ואקום דגש 55*85,Unknown,1.00,יחידה,false,,16.90,16.9000,true,1,168315
7290008846219,false,"שמן זית כתית מעולה חלוצה 750 מ""ל",האי נאם סי או אל.טי.,,"שמן זית גרם 750 מ""ל",מיליליטרים,750.00,"100 מ""ל",false,,39.90,0.0532,true,1,161098
7290008849661,false,אוליביה ממרח עגבניות מיובשות פיקנטי 180 גרם,טרופיקל דגיל תעשיות,,ממרח עגבניות מיובשות,גרמים,180.00,100 גרם,false,,12.90,0.0717,true,1,162801
7290008849838,false,טפנד זיתים אוליביה 190 גר',"אוליביה גורמה בע""מ",,טפנד זיתים אוליביה 1,גרמים,180.00,100 גרם,false,,12.90,0.0717,true,1,162803
7290008849845,false,ממרח אוליביה אריסה פיקנטי 180 ג',"אוליביה גרומה בע""מ",,אריסה פיקנטית אוליבי,גרמים,185.00,100 גרם,false,,12.90,0.0697,true,1,162804
7290008899048,false,קוראסון ביס חמאה פיל,פילסברי,,מאפיה - קרואסון ביס,קילוגרמים,1.00,"ק""ג",true,,49.00,49.0000,true,1,180932
7290008899055,false,אוזניים מתוקות פילסב,פילסברי,,מאפיה - אוזני פילסבר,קילוגרמים,1.00,"ק""ג",true,,49.00,49.0000,true,1,176934
7290008899321,false,חלה קלועה רגילה פילסברי,פילסברי,,חלה קלועה רגילה,Unknown,1.00,יחידה,false,,12.90,12.9000,true,1,180969
7290008899345,false,לחמניית שמינייה קלוע,פילסברי,,לחמניית שמינייה קלוע,Unknown,1.00,יחידה,false,,4.90,4.9000,true,1,180970
7290008899505,false,בגט לבן פילסברי 250,פילסברי,,בגט לבן פילסברי 250,Unknown,1.00,יחידה,false,,4.90,4.9000,true,1,181003
7290008899574,false,ביס גבינה (חלבי),,,ביס גבינה (חלבי),קילוגרמים,1.00,"ק""ג",true,,36.90,36.9000,true,1,189910
7290008899604,false,ביס פטריות,,,ביס פטריות,קילוגרמים,1.00,"ק""ג",true,,36.90,36.9000,true,1,176935
7290008899611,false,בורקס תורכי גבינה (ח,,,בורקס תורכי גבינה (ח,קילוגרמים,1.00,"ק""ג",true,,28.90,28.9000,true,1,189911
7290008899628,false,"בורקס תורכי תפו""א",פילסברי,,"בורקס תורכי תפו""א",קילוגרמים,1.00,"ק""ג",true,,28.90,28.9000,true,1,189912
7290008899642,false,בורקס תורכי פטריות פ,פילסברי,,בורקס תורכי פטריות,קילוגרמים,1.00,"ק""ג",true,,49.00,49.0000,true,1,176936
7290008899758,false,קוקיס שוקולד חלב (חל,פילסברי,,קוקיס שוקולד חלב (חל,קילוגרמים,1.00,"ק""ג",true,,59.00,59.0000,true,1,176940
7290008909853,false,"קוקה קולה זירו בקבוק 500 מ""ל.",החברה המרכזית לייצור משקאות,,קולה ZERO בקבוק 500,מיליליטרים,500.00,"100 מ""ל",false,,6.50,0.0130,true,1,164352
7290008909877,false,קוקה קולה זירו בקבוק 6*1.5ל,החברה המרכזית לייצור משקאות,,קולה זירו קוקה קולה,קילוגרמים,9.00,ליטר,false,,44.30,4.9222,true,1,164354
7290008975780,false,"מזון לכלבים בונזו מזון כלבים גזע קטן 3 ק""ג","ביופט בע""מ",,"בונזו גזע קטן 3 ק""ג",פריט,3.00,"ק""ג",false,,48.90,16.3000,true,1,160370
7290010002023,false,כורכום הודי טחון תבליני מימון 100 גרם,א.ל ייצור ושיווק תבלינים,,כורכום טחון במיכל תב,גרמים,100.00,100 גרם,false,,11.90,0.1190,true,1,164762
7290010002030,false,תבלין כמון טחון תבליני מימון 100 גרם,א.ל ייצור ושיווק תבלינים,,כמון טחון במיכל תבלי,גרמים,100.00,100 גרם,false,,11.90,0.1190,true,1,164763
7290010002047,false,תבלין מלח לימון תבליני מימון 200 גרם,א.ל ייצור ושיווק תבלינים,,מלח לימון במיכל תבלי,גרמים,200.00,100 גרם,false,,10.90,0.0545,true,1,164764
7290010002061,false,פלפל לבן טחון תבליני מימון 100 גרם,א.ל ייצור ושיווק תבל,,פלפל לבן טחון במיכל,גרמים,100.00,100 גרם,false,,17.90,0.1790,true,1,164765
7290010002078,false,פלפל שחור טחון תבליני מימון 100 גרם,א.ל ייצור ושיווק תבלינים,,פלפל שחור טחון במיכל,גרמים,100.00,100 גרם,false,,15.50,0.1550,true,1,164766
7290010002092,false,תבלין פלפל שחור גרוס דק תבליני מימון 90,א.ל ייצור ושיווק תבלינים,,פלפל שחור גרוס דק במ,גרמים,90.00,100 גרם,false,,15.50,0.1722,true,1,164767
7290010002108,false,תבלין פלפל שחור גרוס גס תבליני מימון 90,א.ל ייצור ושיווק תבלינים,,פלפל שחור גרוס גס במ,גרמים,90.00,100 גרם,false,,15.50,0.1722,true,1,164768
7290010002122,false,פפריקה הונגרית מתוקה תבליני מימון 100 גרם,א.ל ייצור ושיווק תבלינים,,פפריקה הונגרית מתוקה,גרמים,100.00,100 גרם,false,,11.90,0.1190,true,1,164769
7290010002139,false,פפריקה הונגרית חריפה תבליני מימון 100 גרם,א.ל ייצור ושיווק תבלינים,,פפריקה הונגרית חריפה,גרמים,100.00,100 גרם,false,,11.90,0.1190,true,1,164770
7290010002146,false,פפריקה מרוקאית מתוקה תבליני מימון 100 גרם,א.ל ייצור ושיווק תבלינים,,פפריקה מרוקאית מתוקה,גרמים,100.00,100 גרם,false,,11.90,0.1190,true,1,164771
7290010002153,false,פפריקה מרוקאית חריפה תבליני מימון 100 גרם,א.ל ייצור ושיווק תבלינים,,פפריקה מרוקאית חריפה,גרמים,100.00,100 גרם,false,,11.90,0.1190,true,1,164772
7290010002191,false,תבלין מקלות קינמון תבליני מימון 50 גרם,א.ל ייצור ושיווק תבל,,מקלות קינמון במיכל ת,גרמים,50.00,100 גרם,false,,15.50,0.3100,true,1,164773
7290010002207,false,תבלין קינמון טחון תבליני מימון 100 גרם,א.ל ייצור ושיווק תבלינים,,קינמון טחון במיכל תב,גרמים,100.00,100 גרם,false,,9.90,0.0990,true,1,164774
7290010002283,false,תיבול על האש תבליני מימון 100 גרם,א.ל ייצור ושיווק תבלינים,,תיבול על האש במיכל ת,גרמים,100.00,100 גרם,false,,11.90,0.1190,true,1,164776
7290010002306,false,תיבול לקציצות תבליני מימון 100 גרם,א.ל ייצור ושיווק תבל,,תיבול לקציצות במיכל,גרמים,100.00,100 גרם,false,,11.90,0.1190,true,1,164777
7290010002320,false,תבלין לגריל עוף תבליני מימון 100 גרם,א.ל ייצור ושיווק תבלינים,,תיבול לגריל עוף במיכ,גרמים,100.00,100 גרם,false,,11.90,0.1190,true,1,164779
7290010002344,false,תבלין לדג תבליני מימון 100 גרם.,א.ל ייצור ושיווק תבלינים,,תיבול לדג 100 גרם צנ,גרמים,100.00,100 גרם,false,,11.90,0.1190,true,1,186140
7290010002351,false,זעתר ושומשום תבליני מימון 100 גרם,א.ל ייצור ושיווק תבלינים,,זעתר עם שומשום במיכל,גרמים,100.00,100 גרם,false,,11.90,0.1190,true,1,164780
7290010002368,false,תערובת חווויג' תבליני מימון 100 גרם,א.ל ייצור ושיווק תבלינים,,תערובת חוויאג' למרק,גרמים,100.00,100 גרם,false,,11.90,0.1190,true,1,164781
7290010002382,false,תבלין אורגנו תבליני מימון 40 גרם,א.ל ייצור ושיווק תבלינים,,אורגנו במיכל תבליני,גרמים,40.00,100 גרם,false,,9.90,0.2475,true,1,164783
7290010002399,false,תבלין בזיליקום תבליני מימון 40 גרם,א.ל ייצור ושיווק תבלינים,,בזיליקום יבש במיכל ת,גרמים,40.00,100 גרם,false,,9.90,0.2475,true,1,164784
7290010002405,false,תבלין טימין הררי תבליני מימון 40 גרם,א.ל ייצור ושיווק תבל,,טימין במיכל תבליני מ,גרמים,40.00,100 גרם,false,,9.90,0.2475,true,1,164785
7290010002498,false,תבלין שום גבישי תבליני מימון 120 גרם,א.ל ייצור ושיווק תבלינים,,שום גבישי במיכל תבלי,גרמים,120.00,100 גרם,false,,15.50,0.1292,true,1,164788
7290010002696,false,אקסטרה צ'יפס אורז חום מלא שמנת בצל 60 גרם,נוהלס ג'י אס סי.,,אקסטרה צ'יפס אורז חו,גרמים,60.00,100 גרם,false,,0.00,0.0000,true,1,183738
7290010002726,false,תבלין לפרגיות תבליני מימון 100 גרם.,א.ל ייצור ושיווק תבלינים,,תיבול לפרגיות במיכל,גרמים,100.00,100 גרם,false,,11.90,0.1190,true,1,164789
7290010003686,false,עלי דפנה בשקית תבליני מימון20 גרם,א.ל ייצור ושיווק תבל,,עלי דפנה בשקית מימון,גרמים,20.00,100 גרם,false,,6.30,0.3150,true,1,164793
7290010003693,false,פפריקה מתוקה בשקית תבליני מימון 80 גרם,א.ל ייצור ושיווק תבל,,פפריקה מתוקה בשקית ת,גרמים,80.00,100 גרם,false,,6.30,0.0787,true,1,164794
7290010003709,false,פלפל שחור טחון בשקית תבליני מימון 50 גרם,א.ל ייצור ושיווק תבל,,פלפל שחור טחון בשקית,גרמים,50.00,100 גרם,false,,7.90,0.1580,true,1,164795
7290010003754,false,כמון טחון בשקית תבליני תבליני מימון 50 גרם,א.ל ייצור ושיווק תבל,,כמון טחון בשקית מימו,גרמים,50.00,100 גרם,false,,6.30,0.1260,true,1,164796
7290010003761,false,כורכום טחון בשקית תבליני מימון 80 גרם,א.ל ייצור ושיווק תבל,,כורכום טחון בשקית תב,גרמים,80.00,100 גרם,false,,6.30,0.0787,true,1,164797
7290010003778,false,תיבול לגריל עוף בשקית תבליני מימון 80 גרם,א.ל ייצור ושיווק תבל,,תיבול לגריל עוף בשקי,גרמים,80.00,100 גרם,false,,6.30,0.0787,true,1,164798
7290010003792,false,מלח לימון בשקית תבליני מימון 100 גרם,א.ל ייצור ושיווק תבל,,מלח לימון בשקית תבלי,גרמים,100.00,100 גרם,false,,6.30,0.0630,true,1,164800
7290010003808,false,זעתר ושמשום בשקית תבליני מימון 80 גרם,א.ל ייצור ושיווק תבל,,זעתר ושומשום בשקית מ,גרמים,80.00,100 גרם,false,,6.30,0.0787,true,1,164801
7290010003822,false,פפריקה חריפה בשקית תבליני מימון 80 גרם,א.ל ייצור ושיווק תבל,,פפריקה חריפה בשקית ת,גרמים,80.00,100 גרם,false,,6.30,0.0787,true,1,164802
7290010003839,false,קינמון טחון בשקית תבליני מימון 80 גרם,א.ל ייצור ושיווק תבל,,קינמון טחון בשקית תב,גרמים,80.00,100 גרם,false,,6.30,0.0787,true,1,164803
7290010003846,false,אורגנו בשקית תבליני מימון 20 גרם,א.ל ייצור ושיווק תבל,,אורגנו בשקית תבליני,גרמים,20.00,100 גרם,false,,6.30,0.3150,true,1,164804
7290010065059,false,מחית פירות מעורבים ג'וניור פרינוק 190 גרם,פרוטה פודווין איי.אס,,מחית ג'וניור פירות מ,גרמים,190.00,100 גרם,false,,7.90,0.0416,true,1,187616
7290010065318,false,מחית תפוח עץ ג'וניור פרינוק 190 גרם,פרוטה פודווין איי.אס,,מחית פרינוק גוניור ת,Unknown,190.00,יחידה,false,,6.50,0.0342,true,1,160871
7290010116980,false,אבקת שוקולית שקית עלית 850 ג',הנסיך- מפעל לייצור ט,,שוקולית 850 גרם,גרמים,850.00,100 גרם,false,,17.90,0.0211,true,1,167062
7290010119950,false,דוריטוס חמוץ חריף 55 גרם-סטריפ,STRAUSS-ISRAEL,,דוריטוס חמוץ חריף 55,גרמים,55.00,100 גרם,false,,3.50,0.0636,true,1,158679
7290010154005,false,סחוג תימני יוחאי ביטון 250 גרם,תבליני יוחאי ביטון,,סחוג תימני 250 ביטון,גרמים,250.00,100 גרם,false,,13.90,0.0556,true,1,171701
7290010154012,false,לימון בלאדי כבוש תבליני ביטון 250 גרם,תבליני ביטון יוחאי,,לימון כבוש 250 גרם,גרמים,250.00,100 גרם,false,,13.90,0.0556,true,1,161099
7290010154036,false,עמבה תבליני ביטון 250 גרם,תבליני יוחאי ביטון,,עמבה ביטון 250 גרם,גרמים,250.00,100 גרם,false,,13.90,0.0556,true,1,171702
7290010154418,false,סחוג אדום תבליני ביטון 130 גרם,תבליני יוחאי ביטון,,סחוג אדום 130 גרם,גרמים,130.00,100 גרם,false,,8.90,0.0685,true,1,161101
7290010154425,false,סחוג ירוק תבליני ביטון 130 גרם,תבליני יוחאי ביטון,,סחוג ירוק 130 גרם,גרמים,130.00,100 גרם,false,,8.90,0.0685,true,1,161102
7290010154678,false,אריסה מרוקאית תבליני ביטון 250 גרם,תבליני ביטון יוחאי,,אריסה מרוקאית 250 גר,גרמים,250.00,100 גרם,false,,13.90,0.0556,true,1,161103
7290010154685,false,סלט שום כתוש 250 ג' ביטון יוחאי,תבליני יוחאי ביטון,,סלט שום כתוש 250 גרם,גרמים,250.00,100 גרם,false,,13.90,0.0556,true,1,161104
7290010173068,false,יין בר הרי גליל קברנה סוביניון 750 מל,"כד בני דרום בע""מ",,יין אדום יבש קברנה ס,מיליליטרים,750.00,"100 מ""ל",false,,31.90,0.0425,true,1,169955
7290010237531,false,פפסי קולה פלסטיק 500מל,סנו מפעלי ברונוס.,,"פפסי קולה 500 מ""ל",מיליליטרים,500.00,"100 מ""ל",false,,4.50,0.0090,true,1,162178
7290010237548,false,"פפסי מקס דל קלוריות 500 מ""ל בקבוק",טמפו משקאות בעמ,,"פפסי מקס 500 מ""ל",מיליליטרים,500.00,"100 מ""ל",false,,4.50,0.0090,true,1,162179
7290010237562,false,משקה פפסי מרינדה קוו,"טמפו משקאות בע""מ",,"מירנדה 500 מ""ל",מיליליטרים,500.00,"100 מ""ל",false,,4.50,0.0090,true,1,162180
7290010237579,false,משקה סבן אפ קוול 500,"טמפו משקאות בע""מ",,"סבן אפ 500 מ""ל",מיליליטרים,500.00,"100 מ""ל",false,,4.50,0.0090,true,1,162181
7290010237685,false,"הייניקן בירה צואר ארוך 330מ""ל",טמפו משקאות בע''מ,,בירה הייניקן 330מל צ,מיליליטרים,330.00,"100 מ""ל",false,,8.20,0.0248,true,1,172518
7290010259359,false,וילי פוד נודלס אטר.ביצים להקפצה בדץ 200ג,פוג'יאן לונגהאי אנלי,,אטריות רחבות נודלס ו,גרמים,200.00,100 גרם,false,,4.90,0.0245,true,1,171462
7290010259366,false,וילי פוד נודלס אטר.ביצים מסולסל בדץ 200ג,פוג'יאן לונגהאי אנלי,,אטריות מסולסלות נודל,גרמים,200.00,100 גרם,false,,4.90,0.0245,true,1,171463
7290010259847,false,מנת השף מרק עם נודלס בטעם תירס ויליפוד 70 גרם,קריות זול,,מנת השף נודלס בטעם ת,גרמים,70.00,100 גרם,false,,5.50,0.0786,true,1,171464
7290010259854,false,מנת השף מרק עם נודלס בטעם פטריות ויליפוד 70 גרם,נמצ'או(תאילנד) בעמ,,נודלס מנת השף בטעם פ,גרמים,70.00,100 גרם,false,,5.50,0.0786,true,1,160508
7290010300075,false,שמרים נמסים בקופסא 33 גרם,ר.ס.,,שמרים נמסים בקופסה 3,גרמים,33.00,100 גרם,false,,6.90,0.2091,true,1,172250
7290010300532,false,חומץ סינטטי 5% 1 ליט,הילל תעשיות,,חומץ סינטטי 5% 1 ליט,מיליליטרים,1000.00,"100 מ""ל",false,,4.90,0.0049,true,1,161874
7290010300587,false,שומשום 200 גרם נאמן,ר.ס.,,שומשום 200 גרם נאמן,גרמים,200.00,100 גרם,false,,8.90,0.0445,true,1,172265
7290010300594,false,אבקת ג'לטין מדגים כש,ר.ס.,,אבקת ג'לטין מדגים כש,Unknown,0.00,יחידה,false,,10.90,0.0000,true,1,172266
7290010328246,false,טחינה גולמית שומשום מלא אחווה 500 ג',"אחדות ביח""ר לטחינה ח",,טחינה גולמית משומשום,גרמים,500.00,100 גרם,false,,12.90,0.0258,true,1,164090
7290010328253,false,טחינה גולמית משומשום טבעי אחווה 500 גרם,"אחדות ביח""ר לטחינה ח",,טחינה גולמית אחוה 50,גרמים,500.00,100 גרם,false,,12.90,0.0258,true,1,164091
7290010328505,false,"מארז מיני חלווה 15 יחידות לל""ס אחוה 150 גרם",אחדות ביחר לטחינה חל,,חטיפי מיני חלווה ללא,Unknown,15.00,יחידה,false,,11.90,0.7933,true,1,164094
7290010328727,false,ממרח טחינה עם שוקולד אחווה 400 גרם,אחדות ביחר לטחינה חל,,ממרח טחינה עם שוקולד,גרמים,400.00,100 גרם,false,,12.90,0.0323,true,1,164095
7290010328819,false,"ממרח טחינה עם שוקולד לל""ס 400 ג' אחדות!.",אחדות ביחר לטחינה חל,,אחווה ממרח טחינה ושו,גרמים,400.00,100 גרם,false,,12.90,0.0323,true,1,164097
7290010429554,false,"שמן זית כתית מעולה יד מרדכי 2 קלאסי, 750 מ""ל",מכוורת יד מרדכי שטראוס ב,,שמן זית כתית מעולה ק,מיליליטרים,750.00,"100 מ""ל",false,,33.90,0.0452,true,1,167064
7290010471669,false,יוגורט תות עם קורנפלקס מצופה שוקולד ללא גלוטן 3.9%,"שטראוס בריאות בע""\מ",,דנונה בר תות קורנפלק,גרמים,175.00,100 גרם,false,,4.30,0.0246,true,1,158316
7290010472031,false,אקטיביה לבן 3% 150 גרם,STRAUSS-ISRAEL,,יוגורט אקטיביה 3% 15,גרמים,150.00,100 גרם,false,,3.70,0.0247,true,1,158317
7290010472307,false,"שמיניית משקה גמדים תות בננה דיסני 108 מ""ל",מיוצר עי קונדיטוריית,,גמדים תות בננה 8*100,מיליליטרים,800.00,"100 מ""ל",false,,19.90,0.0249,true,1,158318
7290010472390,false,מארז 8 יחידות מעדן דני בטעם שוקולד 1.5%,מיוצר עי קונדיטוריית,,דני בטעם שוקולד שמינ,גרמים,1000.00,100 גרם,false,,15.90,0.0159,true,1,158319
7290010513727,false,פנקו פרורי לחם 200 גרם (קינגדאו),קינגדאו גוניון פודס,,פנקו פירורי לחם 200,גרמים,200.00,100 גרם,false,,7.90,0.0395,true,1,163281
7290010613052,true,נוזל רצפות טאצ,,,נוזל רצפות טאצ,,0.00,,false,,8.90,0.0000,true,1,185848
7290010650019,false,אנדיב בלגי אמיתי חוות תקוע,מרינה פטריות הגליל,,אנדיב / עולש חוות תק,Unknown,1.00,יחידה,false,,11.00,11.0000,true,1,169466
7290010672851,false,מאפין חמישיות שוקו שוקו,פילסברי,,מאפין חמישיות שוקו-ש,Unknown,5.00,יחידה,false,,12.90,2.5800,true,1,186673
7290010672868,false,מאפין חמישיות וניל שוקו-צ'יפס,פילסברי,,מאפין חמישיות וניל ש,Unknown,5.00,יחידה,false,,12.90,2.5800,true,1,176978
7290010814244,false,שלשות שוקולד מריר 85 גרם*3 בלמינט *18 בקרטון,"כרמית תעשיות ממתקים בע""\",,שוקולד מריר 60% מוצק,גרמים,255.00,100 גרם,false,,10.90,0.0427,true,1,160144
7290010814695,false,שוקולד מריר פרווה ללא תוספת סוכר כרמית 85 גרם,"כרמית תעשיות ממתקים בע""\",,שוקולד מריר פרווה לל,גרמים,85.00,100 גרם,false,,5.90,0.0694,true,1,160147
7290010814701,false,שוקולד חלב ללא תוספת סוכר וסטהיים,"כרמית תעשיות ממתקים בע""\",,שוקולד חלב ללא תוספת,גרמים,85.00,100 גרם,false,,5.90,0.0694,true,1,160148
7290010838219,false,ממתיק על בסיס צמח הסטיביה - שקיות,"קיפל טבליות וממתיקים בע""מ",,סטיביה 100 שקיות,Unknown,100.00,יחידה,false,,28.90,0.2890,true,1,161915
7290010849512,false,יין למברוסקו די לואיג'ירוזטו אמבילה,פארייפאבה אגרואינדוס,,למברוסקו די לואיג'י,מיליליטרים,750.00,"100 מ""ל",false,,32.80,0.0437,true,1,163068
7290010849529,false,יין למברוסקו די לואיג'י ביאנקו,פארייפאבה אגרואינדוס,,למברוסקו די לואיג'י,מיליליטרים,750.00,"100 מ""ל",false,,32.80,0.0437,true,1,163069
7290010883356,false,כפפות אלוורה רב שימושיות גדולות L סנו סושי,סנו סושי,,כפפות אלוורה L,Unknown,1.00,יחידה,false,,10.90,10.9000,true,1,161737
7290010883363,false,כפפות אלוורה רב שימושיות קטנות S סנו סושי,האי נאם סי או אל.טי.,,כפפות אלוורה S,Unknown,1.00,יחידה,false,,10.90,10.9000,true,1,161738
7290010883370,false,כפפות אלוורה רב שימושיות בינוניות M סנו סושי,האי נאם סי או אל.טי.,,כפפות אלוורה M,Unknown,1.00,יחידה,false,,10.90,10.9000,true,1,161739
7290010886869,false,שקית בלונים - לב מוד,שמחה זה אנחנו,,שקית בלונים - לב מוד,Unknown,1.00,יחידה,false,,7.90,7.9000,true,1,165308
7290010903344,false,אצבעות שניצל רמי לוי 1 קג,,,אצבעות שניצל רמי לוי,גרמים,1000.00,100 גרם,false,,34.90,0.0349,true,1,164656
7290010903498,false,לבבות תירס 600 גר רמילוי,,,רמי לוי לבבות תירס 6,גרמים,600.00,100 גרם,false,,11.40,0.0190,true,1,164657
7290010931330,false,סלט מטבוחה אחלה 500 גרם,מיוצר עי קונדיטוריית,,מטבוחה 500,גרמים,575.00,100 גרם,false,,13.80,0.0240,true,1,158320
7290010945306,false,חלב 3% בקרטון טרה 2 ליטר,הפריט בפיקוח,,חלב טרי בקרטון 3% בד,מיליליטרים,2000.00,"100 מ""ל",false,,12.46,0.0062,true,1,174565
7290010945450,false,גבינה לבנה 3% 250 גר מועשר בסידן וויטמין,הפריט בפיקוח,,גבינה לבנה 3% טרה 25,גרמים,250.00,100 גרם,false,,4.98,0.0199,true,1,164460
7290010984879,false,שום כתוש בצנצנת 200ג רמילוי,,,שום כתוש קפוא בצנצנת,גרמים,200.00,100 גרם,false,,11.90,0.0595,true,1,164658
7290010984886,false,בזיליקום מגשית 70ג רמילוי,,,בזיליקום קצוץ קפוא ב,גרמים,70.00,100 גרם,false,,8.90,0.1271,true,1,164659
7290010984893,false,פטרוזיליה מגשית 70ג רמילוי,,,פטרוזיליה קצוצה קפוא,גרמים,70.00,100 גרם,false,,8.90,0.1271,true,1,164660
7290010984923,false,שום כתוש מגשית 80ג רמילוי,,,שום כתוש קפוא במגשית,גרמים,80.00,100 גרם,false,,7.90,0.0988,true,1,164663
7290011015862,false,"סירופ דיאט לימונענע פריגת 750 מ""ל",סירופ - גבעת חיים,,סירופ דיאט לימונענע,מיליליטרים,750.00,"100 מ""ל",false,,24.20,0.0323,true,1,164355
7290011017866,false,קוקה קולה קלאסי בפחית,החברה המרכזית לייצור משקאות,,סליק קוקה קולה 330 מ,מיליליטרים,330.00,"100 מ""ל",false,,6.20,0.0188,true,1,164357
7290011017873,false,"פחיות קוקה קולה זירו 330 מ""ל",החברה המרכזית לייצור משקאות,,סליק קולה ZERO 330 מ,מיליליטרים,330.00,"100 מ""ל",false,,6.20,0.0188,true,1,164358
7290011017880,false,דיאט קוקה קולה פחית סליק 330מל,החברה המרכזית לייצור משקאות,,"סליק דק""ק 330 מ""ל מב",מיליליטרים,330.00,"100 מ""ל",false,,6.20,0.0188,true,1,164359
7290011018184,false,פיוז טי תה קר בטעם אפרסק,מבשלות בירה בינלאומי,,FUZE tea אפרסק 0.5 ל,מיליליטרים,500.00,"100 מ""ל",false,,8.40,0.0168,true,1,164360
7290011018443,false,"פנטה אורנג פחית סליק 330 מ""ל",החברה המרכזית לייצור משקאות,,סליק פאנטה אורנג' 33,מיליליטרים,330.00,"100 מ""ל",false,,6.20,0.0188,true,1,164367
7290011018832,false,"קוקה קולה פרידגפק סליק 330 מ""ל שישייה",החברה המרכזית לייצור משקאות,,שישית פחיות קוקה קול,מיליליטרים,1980.00,"100 מ""ל",false,,26.70,0.0135,true,1,164370
7290011064020,false,בולגרית למריחה בטעמים 200 גר,גבינות אמיר ניצן בעמ,,ניצן בולגרית למריחה,גרמים,200.00,100 גרם,false,,13.90,0.0695,true,1,181284
7290011064075,false,מעדן לבנה מסבחה -אבו גוש 200 גרם,גבינות אמיר ניצן בעמ,,ניצן אבו גוש מעדן לא,גרמים,200.00,100 גרם,false,,13.90,0.0695,true,1,179703
7290011064099,false,ירקות או פרות ממולאים במעדן גבינה ניצן 125 גרם,גבינות אמיר ניצן בעמ,,טאפס שכונתי 125 גרם,גרמים,125.00,100 גרם,false,,19.90,0.1592,true,1,179704
7290011065423,false,מלח ים מטחנה מימונס 130 גרם,"א.ל ייצור ושיווק תבלינים בע""מ",,מלח ים מטחנה 130 גרם,גרמים,130.00,100 גרם,false,,17.90,0.1377,true,1,164808
7290011081492,false,גלידה בטעם שלושה שוקולדים 1.33ל' קרמיסימו,"גלידת שטראוס בע""\מ, רחוב",,גלידת קרמיסימו 1.33,מיליליטרים,1330.00,"100 מ""ל",false,,18.90,0.0142,true,1,167499
7290011126452,false,הגן הקסום תה בטעם קמומיל ונענע ויסוצקי 25 יחידות,תה ויסוצקי,,חליטת קמומיל ונענע ה,Unknown,25.00,יחידה,false,,17.90,0.7160,true,1,159042
7290011126469,false,חליטת צמחים וקמומיל הגן הקסום ויסוצקי 25 יחידות,תה ויסוצקי,,חליטת קמומיל ודבש הג,Unknown,25.00,יחידה,false,,17.90,0.7160,true,1,159043
7290011126957,false,תה ירוק ארל גריי ויסוצקי 25 יחידות,ויסוצקי ירוק,,תה ירוק ארל גריי ויס,Unknown,25.00,יחידה,false,,24.90,0.9960,true,1,159044
7290011133634,false,"פפסי מקס פחית צרה מארז שישייה 330 מ""ל","טמפו משקאות בע""\מ",,פפסי מקס פחית דלקלור,מיליליטרים,1980.00,"100 מ""ל",false,,19.40,0.0098,true,1,162194
7290011148591,false,כרובית ארוזה ליח 50,עטרה,,כרובית,יח',1.00,יח',false,,9.90,9.9000,true,1,183888
7290011194215,false,מעדן גבינה ויוגורט בטעם בננה 5% שומן 88 ג' דניאלה,"שטראוס בריאות בע""מ",,דניאלה בננה 150 גרם,גרמים,150.00,100 גרם,false,,4.10,0.0273,true,1,158321
7290011194246,false,קוטג' 5% עם סידן 250 ג' שטראוס,מיוצר עי קונדיטוריית,,גבינת קוטג 5% שטראוס,גרמים,250.00,100 גרם,false,,5.90,0.0236,true,1,158322
7290011223045,false,בונומי בישקוטים 200 גרם,בונומי ס.פ.א,,בישקוטים בונומי 200,גרמים,200.00,100 גרם,false,,6.90,0.0345,true,1,161916
7290011239213,false,חטיפים מתוקים -מחרום,בני ריאד מחרום,,ממתק מחרום 100 גרם,גרמים,100.00,100 גרם,false,,5.90,0.0590,true,1,161240
7290011249212,false,וופל עלמה בלגי לימון 200 גר' ללא סוכר,"גילרו בע""מ",,ופלים בטעם לימון עלמ,גרמים,200.00,100 גרם,false,,3.50,0.0175,true,1,164098
7290011249748,false,רולים גלילי ופל במילוי קרם שוקולד 100 ג' עלמה,"גילרו בע""מ",,רולים שוקו 100 גרם,גרמים,100.00,100 גרם,false,,3.90,0.0390,true,1,164099
7290011249755,false,רולים גלילי ופל במילוי קרם אגוזים 100 ג' עלמה,"גילרו בע""מ",,רולים אגוז 100 גרם,גרמים,100.00,100 גרם,false,,3.90,0.0390,true,1,164100
7290011276485,false,חסה עגולה רמי לוי,,,חסה עגולה רמי לוי,Unknown,1.00,יחידה,false,,6.90,6.9000,true,1,169489
7290011276737,false,חסה מהדרין עלי בשור,,,חסה מהדרין עלי בשור,Unknown,1.00,יחידה,false,,6.90,6.9000,true,1,169497
7290011300975,false,פנינה סבון נוזלי ורוד פרדייז 500 מל,פנינה רוזנבלום,,סבון ורוד פרדייז 500,מיליליטרים,500.00,"100 מ""ל",false,,5.90,0.0118,true,1,161983
7290011300982,false,פנינה סבון כחול אושן,סאסא קוסמטיקס,,סבון כחול אושן 500 מ,מיליליטרים,500.00,"100 מ""ל",false,,5.90,0.0118,true,1,161984
7290011407506,false,מגבונים לניקוי כללי,א.ש.כ,,מגבונים לניקוי כללי,Unknown,400.00,יחידה,false,,19.90,0.0497,true,1,165639
7290011432751,false,שקית גופיה רמי לוי ב,,,שקית גופיה רמי לוי ב,פריט,1.00,"ק""ג",false,,0.10,0.1000,true,1,180638
7290011432775,false,שקית גופיה סופרקופיק,,,שקית גופיה סופרקופיק,Unknown,1.00,יחידה,false,,0.10,0.1000,true,1,164101
7290011438142,false,"משקה יטבתה אייס קפה בבקבוק אישי 350 מ""ל",שטראוס גרופ,,אייס קפה 2% יטבתה 35,מיליליטרים,350.00,"100 מ""ל",false,,6.20,0.0177,true,1,158324
7290011442545,false,מטליות לחות לניקוי כ,אלמוג דיל בעמ,,אל סבון 1 ליטר לבן,מיליליטרים,1000.00,"100 מ""ל",false,,9.90,0.0099,true,1,181006
7290011480516,false,שמיר טרי מהדרין ארוז,TBD,,שמיר יבולי הכפר,Unknown,1.00,יחידה,false,,5.90,5.9000,true,1,169499
7290011480523,false,נענע מהדרין ב.שדה,,,נענע יבולי הכפר,Unknown,1.00,יחידה,false,,5.90,5.9000,true,1,169500
7290011480547,false,בצל ירוק יבולי הכפר הר' אפרתי,TBD,,בצל ירוק יבולי הכפר,Unknown,1.00,יחידה,false,,6.90,6.9000,true,1,169502
7290011488062,false,בצלצלי שאלוט 350 גרם,יבולי הכפר,,בצל שאלוט,פריט,1.00,"ק""ג",false,,11.90,11.9000,true,1,189980
7290011499051,false,פטה כבשים מסורתית 20% בגביע 250 גרם - רובין,MKN עבור מחלבות גד ב,,גבינת פטה כבשים 20%,גרמים,250.00,100 גרם,false,,26.50,0.1060,true,1,164596
7290011499105,false,בולגרית מסורתית 5% 250 גרם -רבנות,ג'נרל מילס סאן אדריא,,בולגרית מסורתית 5% 2,גרמים,250.00,100 גרם,false,,22.90,0.0916,true,1,164597
7290011499112,false,בולגרית מסורתית 16% 250 גרם - רבנות,"מיוצר ע""י dsh",,גבינה בולגרית 16% 25,גרמים,250.00,100 גרם,false,,23.50,0.0940,true,1,164598
7290011499129,false,גבינה בולגרית מעודנת קוביות קטנות 5% גד 200 גרם,קוד יצרן DSH,,קוביות גבינה בולגרית,גרמים,200.00,100 גרם,false,,22.90,0.1145,true,1,164599
7290011499303,false,פטה עיזים מעודנת 5% בגביע 250 גרם - רבנות,ג'נרל מילס סאן אדריא,,גבינת פטה עיזים מעוד,גרמים,250.00,100 גרם,false,,30.90,0.1236,true,1,164601
7290011499327,false,גבינה בולגרית מעודנת 5% 250 גרם - רבנות,מיוצר על ידי DSH עבו,,‏בולגרית מעודנת 5% 2,גרמים,250.00,100 גרם,false,,22.90,0.0916,true,1,164602
7290011499365,false,גד חלומי 24% 200 גרם רובין,"מחלבות גד בע""\מ",,חלומי 24% 200 גרם,גרמים,200.00,100 גרם,false,,20.90,0.1045,true,1,164606
7290011499419,false,גבינה במרקם שמנת בטעם טבעי 5% ניו יורק,גבינות מדף,,גבינה במרקם שמנת ניו,גרמים,200.00,100 גרם,false,,11.90,0.0595,true,1,164607
7290011499624,false,שמנת 30% ניו יורק טבעי 200 גרם רבנות,גבינות מדף,,גבינת שמנת ניו יורק,גרמים,200.00,100 גרם,false,,12.90,0.0645,true,1,164609
7290011499846,false,גבינת ריקוטה פרסקה 9% גד 300 גרם,מחלבות גד בעמ,,גבינת ריקוטה פרסקה 9,גרמים,300.00,100 גרם,false,,18.90,0.0630,true,1,164611
7290011499853,false,שמנת 30% ניו יורק זיתים 200 גרם רובין,מחלבות גד (שיווק 199,,גבינת שמנת עם זיתים,גרמים,200.00,100 גרם,false,,12.90,0.0645,true,1,164612
7290011518561,false,"אקטימל תות 1.51 ק""ג מארז 14 יחידות",מיוצר עי קונדיטוריית,,"אקטימל תות 14*100 מ""",מיליליטרים,1400.00,"100 מ""ל",false,,29.90,0.0214,true,1,158326
7290011525712,false,"קמיל בלו אל סבון סנסיטיב לפני השינה ד""ר פישר 1 ליטר",פישר מעבדות פרמצבטיות בע,,קמיל בלו סנסיטיב לפנ,מיליליטרים,1000.00,"100 מ""ל",false,,32.90,0.0329,true,1,167729
7290011537371,false,פסטה קונכיות 500 גרם טעמן,מוצרי יסוד - טעמן,,פסטה בילאג'יו קונכיו,גרמים,500.00,100 גרם,false,,4.90,0.0098,true,1,185109
7290011570507,false,קמח כרגיל ללא גלוטן 450 גרם,אשבל מזון פונקציונלי בע\,,קמח נטול גלוטן כרגיל,גרמים,450.00,100 גרם,false,,17.90,0.0398,true,1,171062
7290011570644,false,קמח רב תכליתי ללא גלוטן אשבל 450 גרם,אשבל מזון פונקציונלי בע\,,קמח כרגיל ללחם אשבל,גרמים,500.00,100 גרם,false,,17.90,0.0358,true,1,171063
7290011587055,false,שמן זית כתית מעולה ת,,,שמן זית כתית מעולה ת,מיליליטרים,750.00,"100 מ""ל",false,,29.90,0.0399,true,1,185727
7290011587093,false,תירס גמדי שלם במי מלח480,פוג'אן טונגפה,,תירס צעיר במי מלח 42,גרמים,400.00,100 גרם,false,,6.50,0.0163,true,1,160118
7290011587123,false,קרם קוקוס תומר 400 מ,Thai coconut co ltd,,קרם אגוזי קוקוס 400,מיליליטרים,400.00,"100 מ""ל",false,,10.00,0.0250,true,1,171066
7290011587598,false,שימורי אנשובי בפח 45 ג' תומר,אינוורסיונס פריסקו,,אנשובי תומר 45 גרם,גרמים,45.00,100 גרם,false,,6.90,0.1533,true,1,160120
7290011587956,false,רוטב צ'ילי מתוק 700 ג' תומר,,,רוטב צילי מתוק 700 מ,מיליליטרים,700.00,"100 מ""ל",false,,10.90,0.0156,true,1,171084
7290011598211,false,"סנו - אנטי קאלק מרסס ניקוי כללי 4 ב-1 700 מ""ל",מיוצר עי קונדיטוריית,,אנטי קאלק מרסס 4 ב-,מיליליטרים,750.00,"100 מ""ל",false,,17.90,0.0239,true,1,161741
7290011598259,false,"פרש מטהר אוויר אוטומטי בניחוח מאסק סנו 250 מ""ל",סנו מפעלי ברונוס בעמ,,מילוי פרש אוטומטיק מ,מיליליטרים,350.00,"100 מ""ל",false,,14.90,0.0426,true,1,161742
7290011607180,false,"אבקת כביסה קולון 101 1.25 ק""ג",ריקט בנקיזר ( ניר אי,,אבקת כביסה 101 כתמים,גרמים,1250.00,100 גרם,false,,14.90,0.0119,true,1,172474
7290011668587,false,בריא מהטבע גרנולה בטעם עשיר 500 גרם פנינה רוזנבלום,בריא מהטבע פנינה רוזנבלום,,גרנולה טעם עשיר 500,גרמים,500.00,100 גרם,false,,24.90,0.0498,true,1,161990
7290011695392,false,"תמצית וניל 50 מ""ל",עבדו,,"תמצית וניל 50 מ""ל",מיליליטרים,50.00,"100 מ""ל",false,,3.90,0.0780,true,1,172291
7290011695408,false,נאמן ציפוי מתובל לשניצל 350גר,עבדו,,ציפוי מתובל לשניצל ה,גרמים,350.00,100 גרם,false,,13.90,0.0397,true,1,172292
7290011695439,false,"רוטב סויה 295 מ""ל",BAAECO,,"רוטב סויה 295 מ""ל",מיליליטרים,295.00,"100 מ""ל",false,,9.90,0.0336,true,1,172293
7290011695620,false,סירופ מייפל טופ 700ג',מיטב תעשיות,,סירופ בטעם מייפל 500,מיליליטרים,500.00,"100 מ""ל",false,,12.90,0.0258,true,1,172300
7290011695651,false,צנימים עגולים 300 גרם נאמן,S.P.A ניולט,,צנימים עגולים 300 גר,גרמים,300.00,100 גרם,false,,12.90,0.0430,true,1,172303
7290011695712,false,חמאת בוטנים עם שברי 510 ג' NEEMAN,SUPER NUTRI,,חמאת בוטנים קרמי אדו,גרמים,510.00,100 גרם,false,,12.90,0.0253,true,1,172305
7290011723200,false,טחינה הר ברכה 100% שומשום טהור 500 גר,טחינה הר ברכה בעמ,,טחינה הר ברכה 500 גר,גרמים,500.00,100 גרם,false,,18.90,0.0378,true,1,184903
7290011877101,false,"סנומוד מטהר אוויר מאסק סנו 150 מ""ל",מיוצר עי קונדיטוריית,,סנומוד מטהר אוויר מא,מיליליטרים,150.00,"100 מ""ל",false,,10.90,0.0727,true,1,161751
7290011877859,false,סנו אינסטלטור חדש פותח סתימות 200ג',מיוצר עי קונדיטוריית,,אינסטלטור פותח סתימו,מיליליטרים,200.00,"100 מ""ל",false,,16.90,0.0845,true,1,161753
7290011923082,false,גבינה פרוסות בסגנון מוצרלה טבעוני 200 ג,,,פרוסות בסגנון מוצרלה,גרמים,200.00,100 גרם,false,,18.90,0.0945,true,1,188009
7290011923105,false,"פרוסות גבינה בסגנון צ'דר 200 גרם ""ליב""",,,פרוסות בסגנון צ'דר ל,גרמים,200.00,100 גרם,false,,18.90,0.0945,true,1,188010
7290011947309,false,זיתים מצוננים סורי מבוקע ולימון כבוש זיתא 230 ג',זיתא – י.ט.ב תעשיות,,זית סורי מבוקע עם לי,גרמים,230.00,100 גרם,false,,13.90,0.0604,true,1,159045
7290011947316,false,זיתא זיתי קלמטה בשמן זית כתית מעולה 215ג,זיתא - י.ט.ב תעשיות,,זיתי קלמטה 215 גרם ז,גרמים,215.00,100 גרם,false,,13.90,0.0647,true,1,159046
7290011947743,false,זיתים זיתא מיקס זית ירוק וזית קלמטה 215 גרם,זיתא - י.ט.ב תעשיות,,מיקס זית ירוק וזית ק,גרמים,215.00,100 גרם,false,,13.90,0.0647,true,1,159050
7290011947781,false,מיקס זית ירוק וזית קלמטה ללא גלעין עם שמן זית כתית מעולה,זיתא - י.ט.ב תעשיות,,מיקס זית ירוק וזית ק,גרמים,190.00,100 גרם,false,,13.90,0.0732,true,1,159052
7290011947798,false,זית קלמטה ללא גלעין עם שמן זית כתית מעולה,זיתא - י.ט.ב תעשיות,,זית קלמטה ללא גלעין,גרמים,190.00,100 גרם,false,,13.90,0.0732,true,1,159053
7290011947903,false,מיקס זיתים יווני זיתא 215 ג',זיתא - י.ט.ב תעשיות,,מיקס זיתים יווני זית,גרמים,215.00,100 גרם,false,,13.90,0.0647,true,1,181703
7290011977924,false,"פסטה קרניים 100% חיטת דורום בד""ץ טעמן 500 גרם",מוצרי יסוד - טעמן,,פסטה בילאג'יו קרניים,גרמים,500.00,100 גרם,false,,4.90,0.0098,true,1,185110
7290012019265,false,"מחית תפו""ע ללא תוספת סוכר 4*113גר",אינדיאן סאמר קו אופ אינק,,מחית תפוחי עץ ללא תו,גרמים,452.00,100 גרם,false,,11.00,0.0243,true,1,171096
7290012022203,false,פריכיות קליליות חיטה,דילייט 2005,,קליליות פרכיות חיטה,גרמים,100.00,100 גרם,false,,13.90,0.1390,true,1,183395
7290012022227,false,קליליות חיטה בטעם טבעי,דילייט 2005,,קליליות פרכיות בטעם,גרמים,70.00,100 גרם,false,,11.90,0.1700,true,1,183396
7290012022272,false,פריכיות קליליות קידס,דילייט 2005,,קליליות קידס פרכיות,גרמים,30.00,100 גרם,false,,10.90,0.3633,true,1,183397
7290012116537,false,"מקסימה אבקת כביסה בניחוח מאסק סנו 2.5 ק""ג",טרופיקל דגיל תעשיות,,מקסימה אבקת כביסה מא,גרמים,2500.00,100 גרם,false,,23.90,0.0096,true,1,161755
7290012117350,false,"נוזל רצפות לילך 2 ליטר ""ריצפז פרש""","סנו מפעלי ברונוס בע""\מ",,ריצפז פרש לילך 2 ליט,מיליליטרים,2000.00,"100 מ""ל",false,,19.90,0.0099,true,1,161758
7290012117534,false,מרכך כביסה מרוכז תכלת קול סנו מקסימה 1 ליטר,"סנו מפעלי ברונוס בע""\מ",,מקסימה מרכך מרוכז 1,מיליליטרים,1000.00,"100 מ""ל",false,,17.90,0.0179,true,1,161759
7290012117558,false,מקסימה מרכך כביסה מרוכז ורוד בניחוח מאסק סנו 1 ליטר,"סנו מפעלי ברונוס בע""\מ",,מרכך מרוכז מאסק 1 לי,מיליליטרים,1000.00,"100 מ""ל",false,,17.90,0.0179,true,1,161760
7290012117589,false,כפפות סנו סושי לטקס L אריזת 100יח',סנו סושי,,כפפות לטקס L,Unknown,1.00,יחידה,false,,29.90,29.9000,true,1,161763
7290012159275,false,מיונז אמיתי 430 גרם LINA,לינה,,מיונז לינה 430 גרם,גרמים,430.00,100 גרם,false,,11.90,0.0277,true,1,166844
7290012226120,false,"קבנוס 135 גרם ""זוגלובק""",נקניק נהריה כשר זוגל,,קבנוס זוגלובק 135 גר,גרמים,135.00,100 גרם,false,,10.90,0.0807,true,1,165831
7290012226342,false,נקניקיה טבעונית למחבת או לתנור עשירה בחלבון,זוגלו'ס Zoglos,,נקנקיה טבעונית 460 ג,גרמים,460.00,100 גרם,false,,27.90,0.0607,true,1,165832
7290012227172,false,חרמן הודו בדבש וברביקיו זוג במארז 600 ג' זוגלובק,נקניק נהריה כשר זוגל,,זוג פסטרמות במארז חר,גרמים,600.00,100 גרם,false,,26.60,0.0443,true,1,165839
7290012227240,false,סלמי איטלקי מעושן רמי לוי 300 גרם,,,סלמי איטלקי מעושן רמ,גרמים,300.00,100 גרם,false,,22.90,0.0763,true,1,190063
7290012227325,false,סלמי דק דק מעושן איטלקי 120 ג' זוגלובק,זוגלובק,,סלמי מעושן דק דק 120,גרמים,120.00,100 גרם,false,,14.70,0.1225,true,1,165841
7290012227974,false,פסטרמה דק דק בדבש 120 ג' זוגלובק,זוגלובק,,פסטרמה בדבש 120 גרם,גרמים,120.00,100 גרם,false,,14.70,0.1225,true,1,165844
7290012227981,false,פסטרמה דק דק ברביקיו 120 ג' זוגלובק,זוגלובק,,פסטרמה ברביקיו 120 ג,גרמים,120.00,100 גרם,false,,14.70,0.1225,true,1,165845
7290012228018,false,נקניקיות עוף 400רמי לוי גרם,,,נקניקיות עוף רמי לוי,גרמים,400.00,100 גרם,false,,9.90,0.0248,true,1,190064
7290012228025,false,מארז פסטרמה הודו +סלמי תה רמי לוי 800 גרם,,,סלמי תה 400 גרם+ח.עו,גרמים,800.00,100 גרם,false,,21.90,0.0274,true,1,190065
7290012228124,false,קבנוס סטיקס עם נגיעות מלח ים סדרת ריינהולד'ס,זוגלובק,,קבנוסטיקס - חטיף קבנ,גרמים,50.00,100 גרם,false,,9.90,0.1980,true,1,165847
7290012228261,false,נקנקיות קנקרס הודו ועוף ריינהולד'ס זוגלובק 300 ג',זוגלובק,,נקניקיות הודו פרמיום,גרמים,300.00,100 גרם,false,,21.90,0.0730,true,1,165851
7290012228278,false,נקנקיות בוקוורסט עוף ובקר ריינהולד'ס 310 ג' זוגלובק,זוגלובק,,נקניקיות הודו -בקר (,גרמים,310.00,100 גרם,false,,21.90,0.0706,true,1,165852
7290012228421,false,פסטרמה בדבש 120ג דק דק רמילוי,,,פסטרמה הודו בדבש דק,גרמים,120.00,100 גרם,false,,11.90,0.0992,true,1,190067
7290012228445,false,קבנוס רמי לוי 135 גר,,,קבנוס רמי לוי 135 גר,גרמים,135.00,100 גרם,false,,9.90,0.0733,true,1,190069
7290012228971,false,סלמי תה פפרוני זוגלובק 180 ג',זוגלובק,,סלמי תה פפרוני 180 ג,גרמים,180.00,100 גרם,false,,14.90,0.0828,true,1,165867
7290012245145,false,חתיכות אננס קפואות ר,,,חתיכות אננס קפואות ר,גרמים,300.00,100 גרם,false,,13.90,0.0463,true,1,164673
7290012313141,false,מלפפונים פרוסות במלח קבוצת יבנה 330 גרם,אף.סי תבליני בגליל ב,,פרוסות מלפפונים במלח,גרמים,540.00,100 גרם,false,,6.90,0.0128,true,1,164105
7290012367717,false,"ד""ר פישר - אפקטיב קר קרם ידיים שיבולת שועל 150 מ""ל",פישר מעבדות פרמצבטיות בע,,אפקטיב קר קרם ידיים,מיליליטרים,150.00,"100 מ""ל",false,,14.90,0.0993,true,1,167732
7290012404955,false,נקטר חמוציות ספרינג קולקשן 1.25 ליטר,יפאורה שותפות מובגלת לשיווק,,ספרינג Collection נק,מיליליטרים,1250.00,"100 מ""ל",false,,13.20,0.0106,true,1,160025
7290012413636,false,תה ירוק צ'אי מסאלה ויסוצקי 25 יחידות,ויסוצקי ירוק,,תה ירוק צ'אי מסאלה 2,Unknown,25.00,יחידה,false,,24.90,0.9960,true,1,159055
7290012413643,false,תה ירוק קמומיל 25 שקיקים ויסוצקי,ויסוצקי ירוק,,תה ירוק קמומיל,Unknown,25.00,יחידה,false,,24.90,0.9960,true,1,159056
7290012522581,false,טבעול שניצל תירס ללא גלוטן טבעול 664 גרם,עיצובים 2020 (4.8),,טבעול שניצל תירס ללא,גרמים,664.00,100 גרם,false,,30.90,0.0465,true,1,159471
7290012526602,false,כוסות שתיה קרה 100 י,כוסות שתיה קרה 4 ב 1,,כוסות שתיה קרה 100 י,Unknown,100.00,יחידה,false,,7.90,0.0790,true,1,166091
7290012576591,false,"יין רזרב גוורצטרמינר 750 מ""ל שביעית",יקבי ברקן שיווק והפצה בע,,יין לבן חצי יבש רזרב,מיליליטרים,750.00,"100 מ""ל",false,,50.20,0.0669,true,1,162196
7290012576607,false,"יין קברנה סוביניון פרמייר מלבק אדום ברקן 750 מ""ל","ברקן שיווק והפצה בע""",,יין אדום קברנה סובני,מיליליטרים,750.00,"100 מ""ל",false,,24.20,0.0323,true,1,162197
7290012576614,false,יין Premieur לבן חצי יבש אמרלד ריזלינג קולומברד,יקבי ברקן שיווק והפצה בע,,יין לבן ריזלינג פרמי,מיליליטרים,750.00,"100 מ""ל",false,,24.20,0.0323,true,1,162198
7290012642678,false,אננס בכוסות פלס. רביעיות 113 גר,FOODS HUIZIANG JIANGSU,,ליפתן בכוס בטעם אננס,גרמים,113.00,100 גרם,false,,11.90,0.1053,true,1,171104
7290012645020,false,"יוגורט עיזים טבעי בבקבוק חלב הארץ 500 מ""ל",מחלבת סוסיא,,יוגורט עיזים טבעי בב,מיליליטרים,500.00,"100 מ""ל",false,,12.90,0.0258,true,1,158327
7290012803055,false,סוכרלוז מרמולייט- 100שקיות אישיות,"קיפל טבליות וממתיקים בע""מ",,סוכרלוז 100 שקיות,Unknown,100.00,יחידה,false,,26.90,0.2690,true,1,161922
7290012803222,false,טוסו ופל בסגנון בלגי בטעם לימון ללא תוספת סוכר 200 גרם,בטר אנד דיפרנט,,ופל בלגי בטעם לימון,גרמים,200.00,100 גרם,false,,9.90,0.0495,true,1,161924
7290012803765,false,טוסו שוקולד מריר ללא תוספת סוכר 100 גרם,אלטינמארקה גידה סאן,,טוסו שוקולד מריר ללא,גרמים,10.00,100 גרם,false,,9.90,0.9900,true,1,161926
7290012803772,false,טוסו שוקולד חלב ללא תוספת סוכר 100 גרם,אלטינמארקה גידה סאן,,טוסו שוקולד חלב ללא,גרמים,10.00,100 גרם,false,,9.90,0.9900,true,1,161927
7290012823381,false,מקסימה מרכך כביסה מרוכז סנסטיב בייבי סנו 1 ליטר,"סנו מפעלי ברונוס בע""\מ",,מקסימה מרכך מרוכז 1,מיליליטרים,1000.00,"100 מ""ל",false,,17.90,0.0179,true,1,161765
7290012823398,false,מטליות חד פעמיות לניקוי הרצפה בניחוח מרכך כביסה 10יח' סנו,סנו מפעלי ברונו בעמ,,מטליות לחות לרצפה בנ,Unknown,1.00,יחידה,false,,12.90,12.9000,true,1,161766
7290012901355,false,דודלס ארוחת אטריות עם גבינה 206 גרם,האי נאם סי או אל.טי.,,ארוחת מקרוני עם רוטב,גרמים,206.00,100 גרם,false,,12.90,0.0626,true,1,183588
7290012921025,false,"בקבוק בירה מלכה בהירה 330 מ""ל","בירה מלכה בע""מ",,בקבוק בירה מלכה בהיר,מיליליטרים,330.00,"100 מ""ל",false,,14.30,0.0433,true,1,163070
7290012921032,false,"בקבוק בירה מלכה אדמונית 330 מ""ל","איי, בי, אינבוו",,בקבוק בירה מלכה אדמו,מיליליטרים,330.00,"100 מ""ל",false,,14.30,0.0433,true,1,163071
7290012921056,false,"בקבוק בירה מלכה חיטה 330 מ""ל",מבשלת בירה ישראלית,,בקבוק בירה מלכה חיטה,מיליליטרים,330.00,"100 מ""ל",false,,14.30,0.0433,true,1,172836
7290012936937,false,תבלינים בהרט בצנצנת 40 גרם,א.ל ייצור ושיווק תבל,,בהרט במיכל תבליני מי,גרמים,40.00,100 גרם,false,,11.90,0.2975,true,1,164812
7290012936944,false,אגוז מוסקט טחון 40 גרם תבליני מימון,א.ל ייצור ושיווק תבלינים,,אגוז מוסקט טחון במיכ,גרמים,40.00,100 גרם,false,,14.90,0.3725,true,1,164813
7290012938580,false,"סנסודיין - משחת שיניים הלבנה עדינה 75 מ""ל",גלקסוסמית'\קליין קונסיומ,,סניסודיין הלבנה עדינ,מיליליטרים,75.00,"100 מ""ל",false,,21.90,0.2920,true,1,160818
7290012938740,false,משחת שיניים סנסודיין פרש מינט מנטה 75 מל,גלקסו סמית קליין,,משחת שיניים סנסודיין,מיליליטרים,75.00,"100 מ""ל",false,,21.90,0.2920,true,1,171571
7290012969119,false,"רדיד אלומיניום 200 פיט 30 ס""מ אופל",,,רדיד אלומיניום (30 ס,100 יחידה,1.00,100 יחידה,false,,29.90,29.9000,true,1,187082
7290012983153,false,סילאן טבעי בקבוק לחיץ תמר כנרת 400 גר,"טעמי הגליל בע""מ עבור",,סילאן טבעי בקבוק לחי,גרמים,400.00,100 גרם,false,,16.90,0.0422,true,1,159057
7290012983160,false,סילאן בקבוק לחיץ 400 גרם,"חצר כנרת מוצרי תמר אגש""ח",,סילאן בקבוק לחיץ תמר,גרמים,400.00,100 גרם,false,,11.90,0.0298,true,1,159058
7290013027399,false,לחם קמח מלא קל בתוספת שיפון 750 ג' אנג'ל,מאפיית שלמה א. אנג'\ל בע,,לחם קל פרוס 100% קמח,גרמים,750.00,100 גרם,false,,13.90,0.0185,true,1,159131
7290013083685,false,תחליף חלב מטרנה אקסטרה קר שלב 3 חסכון 700 גרם,מטרנה תעשיות ש.מ,,מטרנה אקסטרה קר שלב,גרמים,700.00,100 גרם,false,,59.90,0.0856,true,1,159475
7290013089809,false,פילה אמנון קפוא במשקל,,,מעדניה - פילה אמנון,קילוגרמים,1.00,"ק""ג",true,,30.90,30.9000,true,1,161108
7290013117212,false,בורקס פילו במילוי גבינה מעדנות 600 גר,מיוצר עי קונדיטוריית,,בורקס פילו גבינה מעד,גרמים,600.00,100 גרם,false,,19.90,0.0332,true,1,172788
7290013117243,false,בורקס פילו בולגרית מעדנות 600 גרם,מיוצר עי קונדיטוריית,,בורקס פילו בולגרית מ,גרמים,600.00,100 גרם,false,,19.90,0.0332,true,1,172791
7290013117410,false,בצק פריך מרודד למאפים מתוקים 900 ג' מעדנות,מיוצר עי קונדיטוריית,,בצק פריך מתוק מרודד,גרמים,900.00,100 גרם,false,,21.90,0.0243,true,1,172792
7290013117526,false,בצק שמרים מרודד למאפים מתוקים מעדנות 900 גרם,"מעדנות בע""\מ",,בצק שמרים מרודד למאפ,גרמים,900.00,100 גרם,false,,22.90,0.0254,true,1,172794
7290013144171,false,מיימונס תערובת עוגת שוקולד 560 גרם.,א.ל ייצור ושיווק תבלינים,,תערובת עוגת שוקולד 5,גרמים,560.00,100 גרם,false,,17.50,0.0313,true,1,165658
7290013144201,false,מיימונס תערובת פנקייק 400 גרם,א.ל ייצור ושיווק תבלינים,,תערובת פנקייק 400 גר,גרמים,400.00,100 גרם,false,,17.50,0.0438,true,1,165661
7290013144232,false,מיימונס פודינג בטעם וניל 80 גרם,א.ל ייצור ושיווק תבלינים,,פודינג וניל 80 גרם,גרמים,85.00,100 גרם,false,,5.00,0.0588,true,1,165664
7290013144393,false,"תמצית בטעם וניל מימונס 50 מ""ל",א.ל ייצור ושיווק תבלינים,,מימונס תמצית בטעם ונ,גרמים,50.00,100 גרם,false,,4.90,0.0980,true,1,165670
7290013144515,false,מיימונס צבע מאכל צהוב 50 גרם,א.ל ייצור ושיווק תבלינים,,מימומס צבע מאכל צהוב,גרמים,50.00,100 גרם,false,,4.50,0.0900,true,1,165674
7290013144522,false,מימונס צבע מאכל ירוק 50 גרם,א.ל ייצור ושיווק תבלינים,,מימונס צבע מאכל ירוק,גרמים,50.00,100 גרם,false,,4.50,0.0900,true,1,165675
7290013144539,false,מימונס צבע מאכל אדום 50 גרם,א.ל ייצור ושיווק תבלינים,,מימונס צבע מאכל אדום,גרמים,50.00,100 גרם,false,,4.50,0.0900,true,1,165676
7290013144560,false,מיימונס צבע מאכל כחול 50 גרם,א.ל ייצור ושיווק תבלינים,,מימונס צבע מאכל כחול,גרמים,50.00,100 גרם,false,,4.50,0.0900,true,1,165677
7290013144614,false,"מיימונס סירופ מייפל אמיתי 100% מקנדה 236 מ""ל",הנסיך- מפעל לייצור ט,,מימונס סירופ מייפל א,מיליליטרים,236.00,"100 מ""ל",false,,29.90,0.1267,true,1,165678
7290013144751,false,סירופ בטעם מייפל מימונס 500 גרם,א.ל ייצור ושיווק תבלינים,,סירופ בטעם מייפל 500,מיליליטרים,500.00,"100 מ""ל",false,,13.90,0.0278,true,1,165679
7290013144768,false,סירופ בטעם שוקולד מימונס 500 גרם,א.ל ייצור ושיווק תבלינים,,סירופ בטעם שוקולד 50,מיליליטרים,500.00,"100 מ""ל",false,,13.90,0.0278,true,1,165680
7290013145031,false,אגוזי לוז מסוכרים מיימונס 100 גרם,א.ל ייצור ושיווק תבלינים,,ברס- אגוזי לוז מסוכר,גרמים,100.00,100 גרם,false,,13.90,0.1390,true,1,165685
7290013145130,false,"שקד מולבן חצוי 100 גרם ""מיימונס",מימונס אפייה,,שקד מולבן חצוי 100 ג,גרמים,100.00,100 גרם,false,,13.50,0.1350,true,1,165694
7290013145178,false,קוקוס טחון לבן מיימונס 100 גרם,א.ל ייצור ושיווק תבלינים,,מימונס קוקוס טחון לב,גרמים,100.00,100 גרם,false,,5.00,0.0500,true,1,165695
7290013145192,false,שומשום מיימונס 100 גרם,א.ל ייצור ושיווק תבלינים,,מימונס שומשום 100 גר,גרמים,100.00,100 גרם,false,,4.60,0.0460,true,1,165696
7290013145215,false,שומשום מימונס 400 גרם,א.ל ייצור ושיווק תבלינים,,שומשום 400 גרם,גרמים,400.00,100 גרם,false,,14.90,0.0373,true,1,165697
7290013145277,false,עלים לקרמשניט מימונס 300 גרם,מימונס אפייה,,עלים לקרמשניט 300 גר,גרמים,300.00,100 גרם,false,,16.90,0.0563,true,1,165698
7290013145437,false,שוקולד מריר מעולה ציפס מימונס 250 ג',אינטרגטה תעשיות מזון 19),,מימונס שוקולד ציפס 4,גרמים,250.00,100 גרם,false,,14.90,0.0596,true,1,165699
7290013145451,false,אבקת קקאו מימונס 150 ג',מיוצר עי קונדיטוריית,,אבקת קקאו 150 גרם שק,גרמים,150.00,100 גרם,false,,9.50,0.0633,true,1,165700
7290013145536,false,סוכריות לקישוט בטעם שוקולד מיימונס 85 גרם,א.ל ייצור ושיווק תבלינים,,סוכריות שוקולד לקישו,גרמים,85.00,100 גרם,false,,4.80,0.0565,true,1,165702
7290013145567,false,מיימונס מיני מיני עדשים 90 גרם.,א.ל ייצור ושיווק תבלינים,,מיני עדשים 90 גרם,גרמים,90.00,100 גרם,false,,10.90,0.1211,true,1,165703
7290013145574,false,מיימונס ערכה לקישוט 100 גרם,א.ל ייצור ושיווק תבלינים,,ערכה לקישוט (מזרה עי,גרמים,100.00,100 גרם,false,,13.20,0.1320,true,1,165704
7290013145628,false,סוכריות צבעוניות לקישוט מימונס 200 גרם,א.ל ייצור ושיווק תבלינים,,מימונס סוכריות צבעונ,גרמים,200.00,100 גרם,false,,9.90,0.0495,true,1,165706
7290013145840,false,סוכר וניל מיימונס 10 יחידות,א.ל ייצור ושיווק תבלינים,,סוכר וניל 10 יח' בצל,גרמים,100.00,100 גרם,false,,2.50,0.0250,true,1,165711
7290013145857,false,אבקת אפיה מיימונס 10 יחידות,מימונס אפייה,,אבקת אפיה 10 יח' בצל,גרמים,100.00,100 גרם,false,,2.50,0.0250,true,1,165712
7290013145918,false,אבקת סוכר מיימונס 100 גרם,א.ל ייצור ושיווק תבלינים,,מימונס אבקת סוכר 100,גרמים,100.00,100 גרם,false,,2.00,0.0200,true,1,165715
7290013145963,false,שמרים יבשים בוואקום מיימונס 125 גרם,מימונס אפייה,,מימונס שמרים יבשים ב,גרמים,125.00,100 גרם,false,,5.90,0.0472,true,1,165718
7290013146304,false,קורנפלור 500 גרם מימונס.,א.ל ייצור ושיווק תבלינים,,מימונס קורנפלור 500,גרמים,500.00,100 גרם,false,,7.50,0.0150,true,1,165730
7290013146656,false,כוכבים תכלת ירוק לבן לקישוט 60 גרם,"מימונס אפיה בע""מ",,כוכבים תכלת ירוק לבן,גרמים,60.00,100 גרם,false,,11.90,0.1983,true,1,165745
7290013146816,false,אבקת סוכר מימונס 500 גרם,א.ל ייצור ושיווק תבלינים,,אבקת סוכר שקית 500 ג,גרמים,500.00,100 גרם,false,,7.90,0.0158,true,1,165749
7290013215017,false,פטריות זוגות חוות השמפניון,אראל תוצרת חקלאית בע,,דואט פטריות,Unknown,1.00,יחידה,false,,17.90,17.9000,true,1,169524
7290013267665,false,סולרו מיני קלאסי - פירות טרופיים (חלבי),"מיוצר ע""\י גלידת שטראוס",,מאגדת סולרו מיני קלא,Unknown,5.00,יחידה,false,,23.90,4.7800,true,1,167502
7290013268020,false,מקסימה מרכך כביסה מרוכז בניחוח אולטרא פרש סנו 1 ליטר,"סנו מפעלי ברונוס בע""\מ",,סנו מרכך מרוכז אולטר,מיליליטרים,1000.00,"100 מ""ל",false,,17.90,0.0179,true,1,161769
7290013268037,false,מקסימה מרכך כביסה מרוכז בניחוח לבנדר פצ'ולי סנו 1 ליטר,"סנו מפעלי ברונוס בע""\מ",,מקסימה מרכך מרוכז 1,מיליליטרים,1000.00,"100 מ""ל",false,,17.90,0.0179,true,1,161770
7290013268242,false,תרכיז ריחני לניקוי רצפות בריח מלון מפנק ריצפז פרש,"סנו מפעלו ברונוס בע""\מ",,ריצפז פרש הום מלון מ,מיליליטרים,2000.00,"100 מ""ל",false,,21.90,0.0109,true,1,161771
7290013268884,false,"נוזל רצפות מאסק 2 ליטר ""ריצפז פרש""",מיוצר עי קונדיטוריית,,ריצפז פרש מאסק 2 ליט,מיליליטרים,2000.00,"100 מ""ל",false,,18.90,0.0094,true,1,161773
7290013268983,false,מרכך כביסה סופר מרוכז בבישום עוצמתי סנו מקסימה 1 ל',"סנו מפעלי ברונוס בע""\מ",,מרכך כביסה סנו מקסימ,מיליליטרים,1000.00,"100 מ""ל",false,,17.90,0.0179,true,1,184587
7290013268990,false,מרכך כביסה מרוכז לבן ביו סנו מקסימה 1 ליטר,"סנו מפעלי ברונוס בע""\מ",,מרכך מרוכז ביו 1 ליט,מיליליטרים,1000.00,"100 מ""ל",false,,17.90,0.0179,true,1,161775
7290013269003,false,מרכך כביסה סופר מרוכז בייבי לתינוקות ולעור רגיש,"סנו מפעלי ברונוס בע""\מ",,מקסימהמרכך מרוכז 1 ל,מיליליטרים,1000.00,"100 מ""ל",false,,17.90,0.0179,true,1,161776
7290013269287,false,סנו - מקסימה ג'ל כביסה מרוכז מאסק 3 ליטר,"סנו מפעלי ברונוס בע""\מ",,מקסימה ג'ל כביסה 3 ל,מיליליטרים,3000.00,"100 מ""ל",false,,29.90,0.0100,true,1,161777
7290013269621,false,ריצפז פרש לניקוי רצפות בניחוח מלון בוטיק,מיוצר עי קונדיטוריית,,ריצפז הום פרש - מלון,מיליליטרים,2000.00,"100 מ""ל",false,,19.90,0.0099,true,1,161780
7290013269751,false,מטליות לחותריצפז פרש לניקוי ריצפה בניחות מלון בוטיק 10 יח' סנו,טרופיקל דגיל תעשיות,,מטליות לחות לריצפה ה,Unknown,1.00,יחידה,false,,12.90,12.9000,true,1,161782
7290013302243,false,פסטה בילאג'יו מסולסלת 500גרם טעמן,מוצרי יסוד - טעמן,,פסטה בילאג'יו מסולסל,גרמים,500.00,100 גרם,false,,4.90,0.0098,true,1,185112
7290013358356,false,מאסטר שף פירורי לחם מוזהבים 320 גרם,מנה י.א בעמ,,פירורי לחם מוזהבים מ,גרמים,320.00,100 גרם,false,,7.80,0.0244,true,1,165010
7290013381088,false,עמבה הודית אורגינלית,נאמן,,עמבה הודית 500 גרם,גרמים,500.00,100 גרם,false,,9.90,0.0198,true,1,172317
7290013381538,false,פירורי לחם נאמן 800,,,פירורי לחם נאמן 800,גרמים,800.00,100 גרם,false,,10.90,0.0136,true,1,188049
7290013381545,false,פרורי לחם מזוהבים 800 ג',חטיפים מן הטבע,,פירורי לחם מוזהבים נ,גרמים,800.00,100 גרם,false,,11.90,0.0149,true,1,188050
7290013381897,false,טורטיות מקמח חיטה 320 ג',GRAFER,,טורטיות מקמח חיטה 20,Unknown,8.00,יחידה,false,,10.90,1.3625,true,1,172331
7290013381903,false,טורטיות גדול מקמח חיטה,GRAFER,,טורטיות גדול מקמח חי,Unknown,6.00,יחידה,false,,10.90,1.8167,true,1,172332
7290013381972,false,"סרדינים בשמן צמחי 125 ג' ""נאמן""",Erg Conserve Sarl,,סרדינים בשמן צמחי נא,גרמים,125.00,100 גרם,false,,4.90,0.0392,true,1,172334
7290013381989,false,סרדינים בשמן צמחי עם פלפל חריף 125 גרם,Erg Conserve Sarl,,סרדינים בשמן צמחי עם,גרמים,125.00,100 גרם,false,,4.90,0.0392,true,1,172335
7290013381996,false,"סרדינים בשמן זית 125 גרם ""נאמן""",Erg Conserve Sarl,,סרדינים בשמן זית נאמ,גרמים,125.00,100 גרם,false,,5.90,0.0472,true,1,172336
7290013389114,false,ניוקי תפוח אדמה לה פסטה 500 גרם,לה פסטה La' Pasta,,"לה פסטה ניוקי תפו""""א",גרמים,500.00,100 גרם,false,,9.00,0.0180,true,1,160124
7290013389138,false,"ניוקי 500 ג' ""לה פסטה"" שלושה צבעים 500 גר' 12X",לה פסטה La' Pasta,,לה פסטה ניוקי 3 צבעי,גרמים,500.00,100 גרם,false,,9.00,0.0180,true,1,171119
7290013389145,false,"ניוקי 500 ג' ""לה פסטה"" מיני 500 גר' 12X",לה פסטה La' Pasta,,לה פסטה ניוקי מיני 5,גרמים,500.00,100 גרם,false,,9.00,0.0180,true,1,171120
7290013389374,false,קמח תירס פולנטה תומר 500ג',פיקטה piccata,,קמח תירס 500 גרם,גרמים,500.00,100 גרם,false,,7.90,0.0158,true,1,160125
7290013389381,false,"קמח תירס פולנטה מולינו 1 ק""ג",מולינו פילה,,קמח תירס (פולנטה) 1ק,גרמים,1000.00,100 גרם,false,,9.90,0.0099,true,1,171121
7290013389398,false,"קמח תירס דק 1 ק""ג פולנטה",פיקטה piccata,,"קמח תירס דק 1 ק""ג",גרמים,1000.00,100 גרם,false,,8.90,0.0089,true,1,171122
7290013389893,false,סרדין פילה מרוקאי בשמן תומר 125 ג',,,פילה סרדין בשמן 125,גרמים,125.00,100 גרם,false,,9.00,0.0720,true,1,171125
7290013389909,false,פילה סרדין חריף 125 גרם,,,פילה סרדין חריף 125,גרמים,125.00,100 גרם,false,,9.00,0.0720,true,1,171126
7290013430090,false,בירה אלכסנדר אמברה AMBREE בירה ישראלית,מנדלז סי.אר. פרודקשן,,בירה אלכסנדר אמברה 3,מיליליטרים,330.00,"100 מ""ל",false,,12.90,0.0391,true,1,181157
7290013430250,false,"בירה אלקסנדר חיטה ישראלית כרמל 330 מ""ל",אלכסנדר- בירה ישראלית מע,,בירה אלכסנדר חיטה יש,מיליליטרים,330.00,"100 מ""ל",false,,12.90,0.0391,true,1,181158
7290013430304,false,בירה אלכסנדר גרין GREEN בירה ישראלית,מנדלז סי.אר. פרודקשן,,בירה אלכסנדר גרין 33,מיליליטרים,330.00,"100 מ""ל",false,,12.90,0.0391,true,1,181159
7290013472199,false,ערמונים קלופים וקלויים 105 גרם,בייג'גג פוינונג,,ערמונים קלופים וקלוי,גרמים,100.00,100 גרם,false,,5.90,0.0590,true,1,160513
7290013472892,false,בולגריה קוביות במי מלח - מרכיבי חלב ושומן צמחי,"קוליוס אס.איי, גריק",,הבולגריה בקוביות 200,גרמים,200.00,100 גרם,false,,10.90,0.0545,true,1,160514
7290013585387,false,קוקה קולה זירו בקבוק,החברה המרכזית לייצור משקאות,,קוקה קולה זירו בקבוק,מיליליטרים,1000.00,"100 מ""ל",false,,6.90,0.0069,true,1,164383
7290013585394,false,קוקה קולה 1ליטר בודד,החברה המרכזית לייצור משקאות,,קוקה קולה בקבוק 1 לי,מיליליטרים,1000.00,"100 מ""ל",false,,7.50,0.0075,true,1,164384
7290013585554,false,שישיית קינלי סודה 1.,החברה המרכזית לייצור משקאות,,שישיית קינלי סודה 1.,מיליליטרים,9000.00,"100 מ""ל",false,,13.90,0.0015,true,1,164386
7290013585967,false,מארז ספרייט זירו 6 * 330 פח Fridge- pack,קוקה קולה ישראל,,שישיית פחיות ספרייט,מיליליטרים,1980.00,"100 מ""ל",false,,25.70,0.0130,true,1,164387
7290013608260,false,מיץ רימונים 100%מיץ סחוט טרי מצונן 1ליט,"גניר (1992) בע""מ",,מיץ רימונים 100% סחו,מיליליטרים,1000.00,"100 מ""ל",false,,22.90,0.0229,true,1,158335
7290013683557,false,מיני דונאטס,,,מיני דונאטס,Unknown,1.00,יחידה,false,,6.00,6.0000,true,1,169653
7290013702883,false,"שוופס מוגז פינק למונייד 500 מ""ל",יפאורה שותפות מובגלת לשיווק,,שוופס מ. פירות פינק,מיליליטרים,500.00,"100 מ""ל",false,,5.50,0.0110,true,1,160032
7290013724960,false,שקדים בציפוי שוקולד בקופסא שקדיה 140 גרם,"דין שיווק וקלייה בע""",,משוקלדים שקד חלב 160,גרמים,160.00,100 גרם,false,,13.90,0.0869,true,1,182040
7290013787736,false,רביולי במילוי גבינה 400 רמילוי,,,רביולי במילוי גבינה,גרמים,400.00,100 גרם,false,,21.90,0.0547,true,1,164681
7290013787743,false,רביולי במילוי בטטה 400 רמילוי,,,רביולי במילוי בטטה 4,גרמים,400.00,100 גרם,false,,21.90,0.0547,true,1,164682
7290013843050,false,כוסות שתיה קרה 100 י,כוסות שתיה קרה 4 ב 1,,כוסות שתיה קרה 100 י,Unknown,100.00,יחידה,false,,7.90,0.0790,true,1,166101
7290013847102,false,נתחי טונה בהירה בשמן - מארז שלישיה,סטארקיסט Starkist,,נתחי טונה בשמן סטארק,גרמים,240.00,100 גרם,false,,13.90,0.0579,true,1,160372
7290013848345,false,מארז מטליות לחיטוי וניקוי יסודי אנטיבקטריאלי 99.9%,סנו מפעלי ברונוס בעמ,,מגבונים 99.9% לחיטוי,Unknown,3.00,יחידה,false,,21.90,7.3000,true,1,161784
7290013848758,false,מקסימה גל כביסה מרוכז בייבי 3ליטר סנסטיב,"סנו מפעלי ברונוס בע""\מ",,ג'ל כביסה מרוכז בייב,מיליליטרים,3000.00,"100 מ""ל",false,,34.90,0.0116,true,1,161785
7290013848970,false,"קרמה - דאודורנט ספריי לאישה קלאסי 150 מ""ל",מיוצר עי : אמיליה קוסמטי,,דאודורנט ספריי הגנה,מיליליטרים,200.00,"100 מ""ל",false,,9.90,0.0495,true,1,161787
7290013849205,false,כוס קר שקוף קלאסי מצוין - 100 יחידות,כוסות שתיה קרה 4 ב 1,,כוסות שתיה קרה 100 י,Unknown,100.00,יחידה,false,,7.90,0.0790,true,1,166103
7290013906052,false,נקניקיות פרגיות טירת צבי 300 גרם,הנסיך- מפעל לייצור ט,,נקניקיות פרגיות 300,גרמים,300.00,100 גרם,false,,12.90,0.0430,true,1,163019
7290013906441,false,קבנוס טירת צבי 120 גרם,הנסיך- מפעל לייצור ט,,קבנוס 120 גרם טירת צ,גרמים,120.00,100 גרם,false,,11.90,0.0992,true,1,172802
7290013906496,false,פסטרמה עגל בסגנון רומני טירת צבי 120 גר,הנסיך- מפעל לייצור ט,,פסטרמה עגל רומנית 12,גרמים,120.00,100 גרם,false,,14.90,0.1242,true,1,172804
7290013906519,false,פרושוטו בקר טירת צבי 100 גרם,הנסיך- מפעל לייצור ט,,פרושוטו בקר 100 גרם,גרמים,100.00,100 גרם,false,,28.90,0.2890,true,1,172805
7290014002197,false,חליטת קמומיל ולימונית הגן הקסום ויסוצקי 25 יחידות,תה ויסוצקי,,חליטת קמומיל ולימוני,Unknown,25.00,יחידה,false,,17.90,0.7160,true,1,159061
7290014002203,false,חליטת לימונית ולואיזה הגן הקסום ויסוצקי 25 יחידות,תה ויסוצקי,,חליטת לימונית לואיזה,Unknown,25.00,יחידה,false,,17.90,0.7160,true,1,159062
7290014002944,false,גן קסום חליטת פירות וצמחים חמדת שקד 25 שקיקים,תה ויסוצקי,,חליטת חמדת השקד הגן,Unknown,25.00,יחידה,false,,17.50,0.7000,true,1,159063
7290014046436,false,נשנושי קבנוס יחיעם 125 גרם,מעדני יחיעם 1993,,נישנושי קבנוס יחיעם,גרמים,125.00,100 גרם,false,,12.90,0.1032,true,1,174889
7290014059085,false,"משחת שיניים סנסודיין 75 מ""ל פרימיום לשיקום והגנה","סמית קליין ביצ'ם בע""",,משחת שיניים סנסודיין,מיליליטרים,75.00,"100 מ""ל",false,,25.90,0.3453,true,1,187598
7290014066373,false,לנדוור-קפסולות אספרסו קלאסיק(09) - 10יח'12X יח,קפה לנדוור,,קפסולות קפה תואמות נ,Unknown,10.00,יחידה,false,,15.90,1.5900,true,1,165016
7290014066380,false,לנדוור-קפסולות אספרסו סופרימו(10) - 10יח'12X יח,קפה לנדוור,,קפסולות קפה תואמות נ,Unknown,10.00,יחידה,false,,15.90,1.5900,true,1,165017
7290014066526,false,לנדוור-קפסולות אספרסו תערובת הבית(11) - 10יח'12X יח,קפה לנדוור,,קפסולות קפה תואמות נ,Unknown,10.00,יחידה,false,,15.90,1.5900,true,1,165018
7290014066533,false,לנדוור-קפסולות אספרסו קלייה כפולה(12) - 10יח'12X יח,קפה לנדוור,,קפסולות קפה תואמות נ,Unknown,10.00,יחידה,false,,15.90,1.5900,true,1,165019
7290014083479,false,גבינה פרוסה גאודה 27% שומן EURO CHEESE ויליפוד 150 גרם,ג.וילי פוד אינטרנשיו,,גבינת גאודה פרוסות 2,גרמים,150.00,100 גרם,false,,9.90,0.0660,true,1,160518
7290014083813,false,וילי פוד מריגה שפרוטים מעושנים בשמן 190ג,הנסיך- מפעל לייצור ט,,שפרוטים מעושנים בשמן,גרמים,190.00,100 גרם,false,,8.90,0.0468,true,1,160522
7290014089006,false,זר פרחים גדול,פרח הארץ,,זר פרחים גדול,Unknown,1.00,יחידה,false,,28.90,28.9000,true,1,170229
7290014089037,false,נענע בעציץ יחידה,פרח הארץ,,נענע בעציץ,Unknown,1.00,יחידה,false,,8.90,8.9000,true,1,170230
7290014089129,false,רקפת בעציץ יחידה,פרח הארץ,,רקפת בעציץ,Unknown,1.00,יחידה,false,,19.90,19.9000,true,1,170238
7290014089143,false,בזיליקום בעציץ יחידה,פרח הארץ,,בזיליקום בעציץ,Unknown,1.00,יחידה,false,,8.90,8.9000,true,1,170240
7290014089310,false,פטוניה בעציץ יחידה,פרח הארץ,,פטוניה בעציץ,Unknown,1.00,יחידה,false,,8.90,8.9000,true,1,170250
7290014089358,false,טגטס בעציץ יחידה,פרח הארץ,,טגטס בעציץ,Unknown,1.00,יחידה,false,,8.90,8.9000,true,1,170251
7290014089488,false,ורבנה בעציץ,,,ורבנה בעציץ,Unknown,1.00,יחידה,false,,8.90,8.9000,true,1,170261
7290014089570,false,אמנון ותמר בעציץ יחידה,פרח הארץ,,אמנון ותמר בעציץ,Unknown,1.00,יחידה,false,,8.90,8.9000,true,1,170267
7290014089662,false,חרצית בעציץ יחידה,פרח הארץ,,חרצית בעציץ,Unknown,1.00,יחידה,false,,14.90,14.9000,true,1,170273
7290014094352,false,אגוזי מלך 200 גרם בקופסא,"דין שיווק וקליה בע""מ",,אגוזים קלופים 200 גר,גרמים,200.00,100 גרם,false,,15.90,0.0795,true,1,186377
7290014094369,false,שקד טבעי 200 גר קופסא ששון הקולה,"דין שיווק וקליה בע""מ",,שקד טבעי 200 גר' קופ,גרמים,200.00,100 גרם,false,,21.90,0.1095,true,1,186378
7290014094406,false,צימוק לבן בקופסא ששון הקולה 330 גרם,"דין שיווק וקלייה בע""",,צימוק לבן 330 גר' -,גרמים,330.00,100 גרם,false,,17.90,0.0542,true,1,186382
7290014094628,false,פקאן טבעי 200 גרם בקופסא,"דין שיווק וקלייה בע""",,פקאן טבעי 200 קופסא,גרמים,200.00,100 גרם,false,,27.90,0.1395,true,1,186383
7290014094826,false,שזיפים ללא גלעין בשקית ששון הקולה 300 גרם,"דין שיווק וקליה בע""מ",,שזיף מיובש מגולען שק,גרמים,300.00,100 גרם,false,,21.90,0.0730,true,1,186387
7290014094833,false,צימוק בהיר 300 גרם ששון הקולה,"דין שיווק וקליה בע""מ",,צימוק בהיר שקית 300,גרמים,300.00,100 גרם,false,,14.90,0.0497,true,1,186388
7290014094857,false,פקאן סיני מסוכר 150 גרם ששון הקולה,"דין שיווק וקליה בע""מ",,פקאן סיני מסוכר 150,גרמים,150.00,100 גרם,false,,19.90,0.1327,true,1,182042
7290014094864,false,פיסטוק קלוי 170 גר עם קליפה ששון הקולה,"דין שיווק וקליה בע""מ",,פיסטוק קלוי 170 גר',גרמים,170.00,100 גרם,false,,19.90,0.1171,true,1,182043
7290014094895,false,אגוזים קלופים בשקית ששון הקולה 150 גרם,"שקדיה גבע תעשיות בע""",,אגוזים קלופים בשקית,גרמים,150.00,100 גרם,false,,11.90,0.0793,true,1,183359
7290014094901,false,פקאן טבעי 150 גרם ששון הקולה,"דין שיווק וקלייה בע""",,פקאן טבעי 150 גר' שק,גרמים,150.00,100 גרם,false,,19.90,0.1327,true,1,182044
7290014174092,false,מיני דונאטס חנוכה,,,מיני דונאטס חנוכה,Unknown,1.00,יחידה,false,,6.00,6.0000,true,1,169657
7290014218932,false,חטיפי פיצה בתוספ זיתים בשקית מעדנות 710 גרם,מיוצר עי קונדיטוריית,,חטיפי פיצה בתוספת זי,גרמים,710.00,100 גרם,false,,32.90,0.0463,true,1,172819
7290014256620,false,"יין מבעבע קריניאנו באזז יקבי כרמל 750 מ""ל",יקבי כרמל Carmel Winery,,יין מבעבע אדום באז ק,מיליליטרים,750.00,"100 מ""ל",false,,27.90,0.0372,true,1,167691
7290014256637,false,"יין מבעבע מוסקטו באזז יקבי כרמל 750 מ""ל",יקבי כרמל Carmel Winery,,יין מבעבע לבן מתוק ב,מיליליטרים,750.00,"100 מ""ל",false,,27.90,0.0372,true,1,167692
7290014397507,false,מבשם אויר סנו פרש הום בניחוח מאסק מעודן 350 מ''ל,מיוצר עי קונדיטוריית,,מבשם לבית בניחוח מאס,מיליליטרים,350.00,"100 מ""ל",false,,11.90,0.0340,true,1,161789
7290014455245,false,גבינת גרנה פדנו משולש 29% 200 גרם בית יוסף,מחלבת סוציאלה מנטובה,,גבינת גרנה פדנו קשה,גרמים,200.00,100 גרם,false,,25.90,0.1295,true,1,164613
7290014455252,false,גבינה קשה מגורדת גרנה פדנו 29% שומן,מחלבות גד שיווק 1992,,פרמז'ן גרנה פדנו מגו,גרמים,100.00,100 גרם,false,,12.40,0.1240,true,1,164614
7290014455320,false,גבינה כדורי מוצרלה פרסקה גד 100ג',מוצרלה פרסקה 2 ב 15,,מוצרלה פרסקה 100 גרם,גרמים,100.00,100 גרם,false,,9.80,0.0980,true,1,164615
7290014455467,false,ירח מתוק מעדן חלב 2% ושיבולת שועל גד 150ג',גבינות מדף,,מעדן שיבולת שועל וחל,גרמים,150.00,100 גרם,false,,5.90,0.0393,true,1,164616
7290014471412,false,"מוזלי בוטנים אגוזים ושקדים 1 ק""ג - 412 ירוק שקדיה","דין שיווק וקלייה בע""",,מוזלי בוטנים אגוזים,גרמים,1000.00,100 גרם,false,,19.90,0.0199,true,1,167780
7290014471443,false,"גרנולה צימוקים אגוזים ושקדים1 ק""ג חדש - 443 כתום שקדיה (כתום)","דין שיווק וקלייה בע""",,גרנולה צימוקים ואגוז,גרמים,1000.00,100 גרם,false,,19.90,0.0199,true,1,167783
7290014472136,false,גרעין שחור קלוי ששון הקולה 150 ג',"דין שיווק וקלייה בע""",,גרעין שחור קלוי 150,גרמים,150.00,100 גרם,false,,4.90,0.0327,true,1,188412
7290014472235,false,פקאן סיני מסוכר 200 גרם בקופסא,"דין שיווק וקלייה בע""",,פקאן סיני 200 - קופס,גרמים,200.00,100 גרם,false,,24.90,0.1245,true,1,186391
7290014480100,false,ליצ'י,,,ליצ'י,גרמים,250.00,100 גרם,false,,12.90,0.0516,true,1,182603
7290014501829,false,"יין גליל קברנה סוביניון 750 מ""ל",יקב הרי גליל,,גליל קברנה סוביניון,מיליליטרים,750.00,"100 מ""ל",false,,64.90,0.0865,true,1,186644
7290014534698,false,"פסטה ""לה פסטה"" 400 ג' תלתל 400 ג'",מוטלו,,פסטה תלתל חיטה דורום,גרמים,400.00,100 גרם,false,,4.50,0.0113,true,1,171130
7290014534704,false,"פסטה ""לה פסטה"" 400 ג' אטריות מרק 400 ג'",מוטלו,,אטריות מרק ורמיצ'לי,גרמים,400.00,100 גרם,false,,4.50,0.0113,true,1,171131
7290014603028,false,שלגון סולרו שרבט תות-חלבי,"מיוצר ע""י גלידת שטרא",,סולרו תות יחידתי,Unknown,1.00,יחידה,false,,8.50,8.5000,true,1,167504
7290014648906,false,מסיר לק מהציפורניים,אקטיב,,מסיר לק מהציפורניים,מיליליטרים,100.00,"100 מ""ל",false,,5.00,0.0500,true,1,163163
7290014673007,false,תערובת עשבי תיבול בסגנון ים תיכוני מימון 40 גרם,א.ל ייצור ושיווק תבל,,תערובת עשבי תיבול בס,גרמים,40.00,100 גרם,false,,11.90,0.2975,true,1,184116
7290014673137,false,תערובת תיבול לפיצה מימון 100 גרם,א.ל ייצור ושיווק תבל,,תערובת תיבול לפיצה 1,גרמים,100.00,100 גרם,false,,11.90,0.1190,true,1,184121
7290014673359,false,מלח לימון תבליני מימון 400 גרם,א.ל ייצור ושיווק תבל,,מלח לימון במיכל תבלי,גרמים,400.00,100 גרם,false,,22.90,0.0572,true,1,164815
7290014673366,false,כורכום טחון תבליני מימון 250 גרם,א.ל ייצור ושיווק תבל,,כורכום טחון במיכל תב,גרמים,250.00,100 גרם,false,,21.90,0.0876,true,1,164816
7290014673373,false,פפריקה הונגרית חריפה תבליני מימון 250 גרם,א.ל ייצור ושיווק תבל,,פפריקה הונגרית חריפה,גרמים,250.00,100 גרם,false,,21.90,0.0876,true,1,164817
7290014673410,false,פלפל שחור גרוס דק תבליני מימון 250 גרם,א.ל ייצור ושיווק תבלינים,,פלפל שחור גרוס דק במ,גרמים,250.00,100 גרם,false,,27.90,0.1116,true,1,164821
7290014673434,false,פלפל שחור גרוס דק שקית תבליני מימון 80גרם,א.ל ייצור ושיווק תבל,,פלפל שחור גרוס דק בש,גרמים,80.00,100 גרם,false,,8.90,0.1113,true,1,164822
7290014692299,false,גבינת ברי 125 ג' קסטיאלו ויליפוד,יורו צ'יז Euro Cheese,,גבינת ברי עם עובש לב,גרמים,125.00,100 גרם,false,,19.90,0.1592,true,1,160524
7290014692305,false,גבינת קממבר EURO CHEESE ויליפוד 125 גרם,הנסיך- מפעל לייצור ט,,גבינת קממבר בשלה עם,גרמים,125.00,100 גרם,false,,19.90,0.1592,true,1,160525
7290014692541,false,צהובה מגורדת גולדן 500 גרם ויליפוד,ג.וילי פוד אינטרנשיו,,אמה מגורדת 500 גרם E,גרמים,500.00,100 גרם,false,,22.90,0.0458,true,1,160526
7290014692565,false,גרעיני תירס מתוק וילי פוד 320 גרם,אקו קונסרויפרי קי.אפ,,גרעיני תירס מתוק ויל,גרמים,320.00,100 גרם,false,,5.90,0.0184,true,1,160527
7290014692749,false,"שמן זית כתית מעולה ויליפוד 750 מ""ל",אסטיאס בורגס,,שמן זית כתית מעולה ו,גרמים,750.00,100 גרם,false,,32.90,0.0439,true,1,171480
7290014749245,false,ספיישל רצועות שניצל שומשום עוף טוב 600 גרם,מוצרי עוף טוב (2001) בע\,,צ'ונגו רצועות שניצל,100 0,600.00,100 0,false,,34.90,0.0582,true,1,159497
7290014749764,false,עוף טוב שניצל עוף ביתי עדין כזה 700 גרם,מוצרי עוף טוב (2001) בע\,,שניצל עוף ביתי עדין,גרמים,700.00,100 גרם,false,,44.90,0.0641,true,1,159500
7290014749887,false,שניצל דק ענק קריספי קלאסי עוף טוב 720 גרם,מוצרי עוף טוב (2001) בע\,,שניצל דק ענק קריספי,גרמים,720.00,100 גרם,false,,34.90,0.0485,true,1,181517
7290014758117,false,מאגדת יוגורט ביו 1.5% שומן 8 יח' *150 ג' תנובה,מיוצר עי קונדיטוריית,,יוגורט ביו 1.5% תנוב,Unknown,8.00,יחידה,false,,16.90,2.1125,true,1,172646
7290014758162,false,חלב עיזים מלא 3.6% קרטון 1 ל' תנובה,הרדוף תוצרת מזון אור,,חלב עיזים מלא 3.6% ת,מיליליטרים,1000.00,"100 מ""ל",false,,14.90,0.0149,true,1,172649
7290014758681,false,קוטג תנובה 1% גביע 250 גרם,מיוצר עי קונדיטוריית,,קוטג 1% תנובה 250 גר,גרמים,250.00,100 גרם,false,,5.70,0.0228,true,1,162811
7290014759084,false,גבינת שמנת נפוליאון 16% מופחת שומן תנובה 225 גרם,תנובה מרכז שיתופי לש,,נפוליאון גבינת שמנת,גרמים,225.00,100 גרם,false,,13.90,0.0618,true,1,162812
7290014759909,false,גבינה פטה עזים פיראוס 5% 250 גרם,"תנובה, מחלבת טנא נוג",,פטה עיזים 5% פיראוס,גרמים,250.00,100 גרם,false,,27.90,0.1116,true,1,172652
7290014759978,false,גבינת קצקבל גלעד 27% תנובה 200 גרם,תנובה חלב,,קצקבל גלעד 27% פלח 2,גרמים,200.00,100 גרם,false,,25.90,0.1295,true,1,162813
7290014759985,false,גבינת פרמזן גבע 23% תנובה 200 גרם,תנובה חלב,,פלח פרמזן גבע 23% 20,גרמים,200.00,100 גרם,false,,23.90,0.1195,true,1,162814
7290014759992,false,גבינת רוקפור גליל פלח 140 ג' תנובה,"תנובה, מחלבת תל יוסף",,פלח רוקפור גליל 27%,גרמים,140.00,100 גרם,false,,18.90,0.1350,true,1,162815
7290014760134,false,"מעדן סויה בטעם וניל תנובה 125 מ""ל",תנובה Alternative,,מאגדת מעדן סויה וניל,גרמים,250.00,100 גרם,false,,4.20,0.0168,true,1,162819
7290014760141,false,משקה שקדים תנובה E אלטרנטיב,תנובה Alternative,,משקה שקדים טרי 1 ליט,מיליליטרים,1000.00,"100 מ""ל",false,,12.90,0.0129,true,1,162820
7290014761056,false,מעדן שוקולד חלב יולו תנובה 123 גרם,מיוצר עי קונדיטוריית,,מעדן חלב עם שוקולד ח,גרמים,123.00,100 גרם,false,,4.70,0.0382,true,1,162821
7290014761063,false,מעדן שוקולד מריר יולו תנובה 123 גרם,מיוצר עי קונדיטוריית,,מעדן חלב עם שוקולד מ,גרמים,123.00,100 גרם,false,,4.70,0.0382,true,1,162822
7290014761070,false,מעדן שוקולד לבן יולו תנובה 123 גרם,מיוצר עי קונדיטוריית,,מעדן חלב עם שוקולד ל,גרמים,123.00,100 גרם,false,,4.70,0.0382,true,1,162823
7290014761193,false,יוגורט עם פירות יער 1.5% שומן 125 ג' פרילי,תנובה מרכז שיתופי לש,,פרילי פירות יער 1.5%,מיליליטרים,125.00,"100 מ""ל",false,,3.50,0.0280,true,1,172656
7290014761414,false,יולו מעדן שכבות שוקולד חלב ולבן 123 גר,מיוצר עי קונדיטוריית,,מעדן חלב עם שכבות שו,גרמים,123.00,100 גרם,false,,4.70,0.0382,true,1,162826
7290014761612,false,מעדן שכבות שוקולד מריר ולבן יולו 122 גרם,מיוצר עי קונדיטוריית,,מעדן שכבות שוקולד לב,גרמים,123.00,100 גרם,false,,4.70,0.0382,true,1,162827
7290014762756,false,גבינת שמנת נפוליאון 16% עם בצל תנובה 225 גרם,תנובה חלב,,נפוליאון גבינת שמנת,גרמים,225.00,100 גרם,false,,13.90,0.0618,true,1,162828
7290014762800,false,מעדן סויה שוקולד גביע 125 גרם אלטרנטיב,תנובה מרכז שיתופי לש,,מעדן סויה שוקולד גבי,גרמים,125.00,100 גרם,false,,4.20,0.0336,true,1,162832
7290014762831,false,גבינת שמנת נפוליאון 16% עם פלפל חלפיניו תנובה 225 גרם,תנובה מרכז שיתופי לש,,נפוליאון גבינת שמנת,גרמים,225.00,100 גרם,false,,13.90,0.0618,true,1,162833
7290014762909,false,פתיתי מוצרלה השף הלבן 10% תוספת מתנה,"תנובה, מחלבת תל יוסף",,מוצרלה פתיתים 20% שו,גרמים,200.00,100 גרם,false,,15.90,0.0795,true,1,162834
7290014791091,false,"שוויפס לימונייד 500 מ""ל",יפאורה שותפות מובגלת לשיווק,,שוופס מ. פירות למוני,מיליליטרים,500.00,"100 מ""ל",false,,5.50,0.0110,true,1,160033
7290014791336,false,מים מינרלים מי עדן פ,מים מינרליים,,מים מינרלים מי עדן פ,מיליליטרים,500.00,"100 מ""ל",false,,3.90,0.0078,true,1,160034
7290014791725,false,"שוויפס תפוחים מוגז 500 מ""ל",יפאורה שותפות מובגלת לשיווק,,שוופס מוגז תפוחים 50,מיליליטרים,500.00,"100 מ""ל",false,,5.50,0.0110,true,1,188357
7290014803961,false,ספוג מסאג'+חוט צבעוני,סדובסקי,,ספוג מסאג' +חוט -צבע,Unknown,1.00,יחידה,false,,7.90,7.9000,true,1,172354
7290014905160,false,"הפי מטהר אוויר פניני ריח בניחוחות, 130 גרם",יוליניבר,,פניני ריח הפי 130 גר,גרמים,130.00,100 גרם,false,,12.90,0.0992,true,1,184863
7290014905498,false,הפי מטליות דו צדדיות בגליל 20 מטליות,ג'נרל מילס סאן אדריא,,גם וגם - מטלית דו צד,Unknown,20.00,יחידה,false,,12.90,0.6450,true,1,184963
7290014910461,false,"ערק יודה 700 מ""ל כשל",בני בהיג'\ קעואר לתעשייה,,"ערק יודה 700 מ""ל",מיליליטרים,700.00,"100 מ""ל",false,,59.90,0.0856,true,1,166853
7290014918009,false,דלי שטיפה+פיה,פלנרו,,דלי איכותי,Unknown,1.00,יחידה,false,,17.90,17.9000,true,1,168323
7290014940901,false,לחם פשוט מלא אנג'ל 750 גרם,מאפיית שלמה א. אנג'\ל בע,,לחם פשוט מלא 750 גרם,גרמים,750.00,100 גרם,false,,13.90,0.0185,true,1,159132
7290014974869,false,רולים ופל שוקולד עלמה ללא גלוטן 100 גרם,"גילרו בע""מ",,רולים שוקולד ללא גלו,גרמים,100.00,100 גרם,false,,7.50,0.0750,true,1,164118
7290014974876,false,גלילי ופל במילוי קרם אגוז ל.גלוטן 100 גר,כרמית תעשיות ממתקים,,רולים אגוז ללא גלוטן,גרמים,100.00,100 גרם,false,,7.50,0.0750,true,1,164119
7290015014082,false,לבבות קיסר 250 גרם,,,לבבות קיסר 250 גרם,גרמים,250.00,100 גרם,false,,10.90,0.0436,true,1,190031
7290015014182,false,לבבות קיסר בנספק רמי לוי,קטיף.,,לבבות קיסר בשקית רמי,Unknown,1.00,יחידה,false,,9.90,9.9000,true,1,169534
7290015014274,false,צנוניות רמי לוי 500ג,,,צנוניות רמי לוי 500,גרמים,500.00,100 גרם,false,,5.90,0.0118,true,1,169536
7290015014427,false,אורגנו רמי לוי,,,אורגנו,Unknown,1.00,יחידה,false,,5.90,5.9000,true,1,169537
7290015014458,false,מרווה רמי לוי,,,מרווה,Unknown,1.00,יחידה,false,,5.90,5.9000,true,1,169538
7290015014465,false,רוזמרין רמילוי,,,רוזמרין,Unknown,1.00,יחידה,false,,5.90,5.9000,true,1,169539
7290015014472,false,קורנית(בוסתן),,,טימין תקומה,Unknown,1.00,יחידה,false,,5.90,5.9000,true,1,169540
7290015039246,false,נתחי טונה בשמן צמחי רביעיה * 160 ג' וילי פוד,וילי פוד,,נתחי טונה בהירה בשמן,גרמים,640.00,100 גרם,false,,21.90,0.0342,true,1,160530
7290015039338,false,נתחי טונה במי מלח רביעיה * 160 ג' וילי פוד,וילי פוד,,נתחי טונה במי מלח וי,גרמים,640.00,100 גרם,false,,21.90,0.0342,true,1,160531
7290015129121,false,סקיני פסטה נודלס 270 גרם,הוויזאי וואנגייה פוד,,סקיני פסטה נודלס 270,גרמים,270.00,100 גרם,false,,10.90,0.0404,true,1,169248
7290015129145,false,אטריות קונג'אק בתוספת טפיוקה בצורת ספגטי,הוויזאי וואנגייה פוד,,סקיני פסטה ספגטי 270,גרמים,270.00,100 גרם,false,,10.90,0.0404,true,1,169249
7290015129749,false,סקיני פסטה שיבולת שועל נודלס 270 גרם,הוויזאי וואנגייה,,סקיני פסטה שיבולת שו,גרמים,270.00,100 גרם,false,,10.90,0.0404,true,1,169252
7290015129756,false,סקיני פסטה שיבולת שועל פטוצ'יני 270 גרם,הוויזאי וואנגייה,,סקיני פסטה שיבולת שו,גרמים,270.00,100 גרם,false,,10.90,0.0404,true,1,169253
7290015139465,false,כרמית מיקסים בייגלה מצופה שוקולד חלב,כרמית תעשיות ממתקים בעמ,,אגו מיקס בייגלה מצופ,גרמים,55.00,100 גרם,false,,3.90,0.0709,true,1,160167
7290015150118,false,שלישיית עגבניות חתוכות דק גרנד איטליה 400 גרם,אמיליאנה קונסרב ס.פ.,,עגבניות חתוכות דק 3*,גרמים,1200.00,100 גרם,false,,16.80,0.0140,true,1,159066
7290015150200,false,עגבניות חתוכות דק גרנד איטליה ויסוצקי,HIQ FOOD PRODUCTS,,עגבניות חתוכות דק 40,גרמים,400.00,100 גרם,false,,7.90,0.0198,true,1,187569
7290015155823,false,מחית תפוחי עץ חטיפטף ללא תוספת סוכר,פרוטה פודווין איי.אס,,פאוץ' פרינוק תפוח 12,גרמים,120.00,100 גרם,false,,6.50,0.0542,true,1,160877
7290015155830,false,מחית תפוחי עץ ובננה חטיפטף ללא תוספת סוכר,פרוטה פודווין איי.אס,,פאוץ' פרינוק תפוח בנ,גרמים,120.00,100 גרם,false,,6.50,0.0542,true,1,160878
7290015155847,false,מחית סלט פירות חטיפטף ללא תוספת סוכר,פרוטה פודווין איי.אס,,פאוץ' פרינוק סלט פיר,גרמים,120.00,100 גרם,false,,6.50,0.0542,true,1,160879
7290015156813,false,מחית פרינוק פאוץ' פירות מעורבים 120 גרם,פרוטה פודווין איי.אס,,פאוץ' פרינוק פירות מ,גרמים,120.00,100 גרם,false,,6.50,0.0542,true,1,187625
7290015164832,false,מחית קארי ירוק 400 גרם SUREE כשר,טאפאדונגפורן קוקינט,,מחית קארי ירוקה 400,גרמים,400.00,100 גרם,false,,19.90,0.0497,true,1,163286
7290015164856,false,רוטב קארי אדומה 400 גרם SUREE כשר,טאפאדונגפורן קוקינט,,מחית קארי אדומה 400,גרמים,400.00,100 גרם,false,,19.90,0.0497,true,1,163287
7290015181181,false,מברשת לאסלה ראטן,,,מברשת לאסלה ראטן,Unknown,1.00,יחידה,false,,26.90,26.9000,true,1,184722
7290015193559,false,מעדני המלך אובלטים מלוחים 300 גרם,אם החיטה,,אובלטים מלוחים מעדני,גרמים,300.00,100 גרם,false,,9.90,0.0330,true,1,184109
7290015193566,false,מעדני המלך אובלטים שומשום 300 גרם,אם החיטה,,אובלטים שומשום מעדני,גרמים,300.00,100 גרם,false,,9.90,0.0330,true,1,184110
7290015193573,false,"ווק אטריות אורז עובי 2 מ""מ 400 גרם",אסיאן סופירה פודס חב,,ווק אטריות אורז עובי,גרמים,400.00,100 גרם,false,,9.90,0.0248,true,1,164120
7290015193832,false,קרקר עם שומשום ארומה 300 גרם,פפושדו,,ארומה קרקר שומשום 30,גרמים,300.00,100 גרם,false,,7.50,0.0250,true,1,164125
7290015193849,false,ארומה-קרקר עם מלח 300 גרם,פפושדו,,ארומה קרקר מלח 300גר,גרמים,300.00,100 גרם,false,,7.50,0.0250,true,1,164126
7290015251464,false,נוזל לחיטוי פירות וירקות רמילוי 1 לי,,,נוזל לחיטוי פירות וי,מיליליטרים,1000.00,"100 מ""ל",false,,11.90,0.0119,true,1,160285
7290015325806,false,תחליב רחצה בניחוח קקטוס 750מל רמילוי,,,נועה תחליב רחצה פרח,מיליליטרים,750.00,"100 מ""ל",false,,8.90,0.0119,true,1,166106
7290015325820,false,תחליב רחצה קוקוס 750מל רמילוי,,,נועה תחליב רחצה קוקו,מיליליטרים,750.00,"100 מ""ל",false,,8.90,0.0119,true,1,166108
7290015339933,false,ריבת חלב טעמן 340 גרם,טעמן,,ריבת חלב טעמן 340 גר,גרמים,340.00,100 גרם,false,,15.90,0.0468,true,1,160462
7290015348072,false,"למברוסקו אמיליאנו אדום 750 מ""ל",גאטטיקו איטליה,,יין למברוסקו אדום אמ,מיליליטרים,750.00,"100 מ""ל",false,,25.90,0.0345,true,1,162203
7290015348089,false,"למברוסקו אדום ביאנקו 750 מ""ל ""אמיליאנו""",גאטטיקו איטליה,,יין לבן מבעבע חצי יב,Unknown,0.00,יחידה,false,,27.90,0.0000,true,1,172523
7290015350402,false,"יין רזרב מוסקטו ורוד חצי יבש ברקן 750 מ""ל",יקבי ברקן Barkan,,יין רוזה מוסקט ורוד,מיליליטרים,750.00,"100 מ""ל",false,,48.20,0.0643,true,1,162205
7290015366663,false,"משחת שיניים מנטה עדין אקווה פרש 100 מ""ל",גלקסוסמיתקליין,,משחת שיניים א.פרש עד,מיליליטרים,100.00,"100 מ""ל",false,,7.90,0.0790,true,1,187599
7290015366670,false,משחת שיניים הגנה משולשת מנטה מרענן,גלקסוסמיתקליין,,משחת שיניים בטעם מנט,גרמים,100.00,100 גרם,false,,7.50,0.0750,true,1,160823
7290015395939,false,חטיף אורז בטעם מתוק מלוח 120 גרם,דין שיווק,,חטיף יפני 150 גרם-שש,גרמים,150.00,100 גרם,false,,15.90,0.1060,true,1,167784
7290015395960,false,בוטן רביולי בציפוי בטעם מלוח מתוק 150 ג,דין שיווק,,בוטן רביולי 150 גרם-,גרמים,150.00,100 גרם,false,,15.90,0.1060,true,1,167785
7290015437646,false,לה פסטה מיחת עגבניות 680 גרם,רגיה,,לה פסטה מחית עגבניות,מיליליטרים,690.00,"100 מ""ל",false,,9.90,0.0143,true,1,185724
7290015493277,false,מים מינרלים נביעות 4,,,מים מינרלים נביעות 4,מיליליטרים,4000.00,"100 מ""ל",false,,9.90,0.0025,true,1,164390
7290015530910,false,חלה חצי מתוקה 350 גר,,,חלה חצי מתוקה 350 גר,גרמים,350.00,100 גרם,false,,5.90,0.0169,true,1,169388
7290015568289,false,כוס טרמית TO GO,,,כוס טרמית TO GO,Unknown,1.00,יחידה,false,,16.90,16.9000,true,1,168329
7290015597326,false,מאגדת אסקימו אייס לייט 10 יח' שטראוס,"גלידת שטראוס בע""\מ, רחוב",,קרחוני אייס לייט לימ,Unknown,10.00,יחידה,false,,24.90,2.4900,true,1,167509
7290015597937,false,קורנטו וניל קלאסי שטראוס 70 גר,"מיוצר ע""\י גלידת שטראוס",,קורנטו קלאסיק וניל,Unknown,1.00,יחידה,false,,6.90,6.9000,true,1,167512
7290015603188,false,אטריות ביצים 454ג' (כ) (fu),פוגיאן לונגהי אנלידה אינ,,איטריות ביצים 454 גר,גרמים,454.00,100 גרם,false,,10.90,0.0240,true,1,163288
7290015603195,false,איטריות בתוספת תרד 454 גרם,פוגיאן לונגהי אנלידה אינ,,אטריות תרד 454 גרם,גרמים,454.00,100 גרם,false,,10.90,0.0240,true,1,163289
7290015603218,false,אטריות עם עגבניה מזרח מערב 454 גרם,פוגקן לונגהי אנלידה,,איטריות עם עגבניות 4,גרמים,454.00,100 גרם,false,,10.90,0.0240,true,1,163291
7290015603225,false,איטריות בתוספת גזר 454 גרם,פוגקן לונגהי אנלידה,,איטריות עם גזר 454 ג,גרמים,454.00,100 גרם,false,,10.90,0.0240,true,1,163292
7290015603232,false,איטריות בתוספת דלעת 454 גרם,פוגקן לונגהי אנלידה,,איטריות עם דלעת 454,גרמים,454.00,100 גרם,false,,10.90,0.0240,true,1,163293
7290015603560,false,"שימורי קרם קוקוס 20-22% 400 מ""ל (ASIATIC)(כ)",אסיאטיק אגרו אינדוסטרי,,קרם קוקוס 20% - 22%,מיליליטרים,400.00,"100 מ""ל",false,,9.90,0.0248,true,1,163295
7290015603638,false,"אורז קלרוז 1 ק""ג (כ) (Minh)",מינה פונג גרין אגריק,,"אורז קלרוז 1 ק""ג",גרמים,1000.00,100 גרם,false,,11.90,0.0119,true,1,163298
7290015644297,false,שישיית לחמניות פשוט מלא אנג'ל 450 גרם,מאפיית שלמה א. אנג'\ל בע,,לחמניות פשוט מלא אנג,Unknown,6.00,יחידה,false,,11.10,1.8500,true,1,159133
7290015644433,false,לחם מחמצת 100% שיפון קל אנג'ל 600 גרם,מאפיית שלמה א. אנג'\ל בע,,לחם צרפתי שיפון 100%,גרמים,650.00,100 גרם,false,,15.90,0.0245,true,1,159134
7290015652070,false,קשוי קלוי בשקית ששון הקולה 150 גרם,"דין שיווק וקלייה בע""",,קשיו קלוי 150 גרם שק,גרמים,150.00,100 גרם,false,,12.90,0.0860,true,1,182049
7290015652087,false,תערובת פיצוחים בשקית ששון הקולה 150 גרם,דין שיווק,,תערובת פיצוחים 150 ג,גרמים,150.00,100 גרם,false,,12.90,0.0860,true,1,182050
7290015681117,false,חטיפי עוף רמי לוי 60,רמי לוי,,חטיפי עוף רמי לוי 60,גרמים,600.00,100 גרם,false,,24.90,0.0415,true,1,164689
7290015681131,false,שניצלוני גן חיות רמי לוי 600 גרם,רמי לוי,,שניצלוני גן חיות רמי,גרמים,600.00,100 גרם,false,,24.90,0.0415,true,1,164690
7290015681155,false,כוכבי תירס רמי לוי 600 גרם,רמי לוי,,כוכבי תירס רמי לוי 6,גרמים,600.00,100 גרם,false,,19.90,0.0332,true,1,164692
7290015681162,false,שניצל תירס רמי לוי 750 גרם,רמי לוי,,שניצל תירס רמי לוי 7,גרמים,750.00,100 גרם,false,,19.90,0.0265,true,1,164693
7290015681179,false,שניצל צמחי רמי לוי 750 גרם,רמי לוי,,שניצל צמחי רמי לוי 7,גרמים,750.00,100 גרם,false,,19.90,0.0265,true,1,164694
7290015681186,false,שניצל עוף אמיתי עם שומשום רמי לוי 700 גרם,רמי לוי,,שניצל עוף אמיתי בציפ,גרמים,700.00,100 גרם,false,,27.90,0.0399,true,1,164695
7290015681209,false,רצועות הודו רמי לוי 650 גרם,רמי לוי,,רצועות הודו צ'ונגו ב,גרמים,650.00,100 גרם,false,,29.90,0.0460,true,1,164696
7290015681735,false,מיזלי צימוקים תפוח רמי לוי 400 גרם,דין שיווק,,מיזלי תפוח קינמון 40,גרמים,400.00,100 גרם,false,,10.90,0.0273,true,1,167818
7290015681766,false,חטיפי גרנולה אגוזים ושקדים רמי לוי,ויטלה ניקולא דו,,חטיף גרנולה עם אגוזי,Unknown,5.00,יחידה,false,,8.90,1.7800,true,1,167820
7290015681773,false,קינואה רמי לוי 400 גרם,דין שיווק,,קינואה 400 גרם - רמי,גרמים,400.00,100 גרם,false,,10.90,0.0273,true,1,167821
7290015681780,false,גרנולה פירות רמי לוי 400 גרם,רמי לוי,,גרנולה פירות 400 גרם,גרמים,400.00,100 גרם,false,,10.90,0.0273,true,1,167822
7290015681872,false,חטיפי גרנולה צימוקים ותמרים רמי לוי,ויטלה ניקולא דו,,חטיף גרנולה עם צימוק,Unknown,5.00,יחידה,false,,8.90,1.7800,true,1,167824
7290015719797,false,חסה ערבית יחידה,,,חסה ערבית יחידה,פריט,1.00,"ק""ג",false,,5.70,5.7000,true,1,184055
7290015834209,false,"ציפס קלאסי רמי לוי 2 ק""ג",קפוא-זן,,רמי לוי צ'יפס קלאסי,גרמים,2000.00,100 גרם,false,,23.90,0.0119,true,1,164701
7290015834445,false,"ציפס סטיק רמי לוי 2 ק""ג",קפוא-זן,,רמי לוי סטיק צ'יפס 2,גרמים,2000.00,100 גרם,false,,23.90,0.0119,true,1,164703
7290015834469,false,פרוסות דקל רמי לוי 220 גרם,טעמן,,לבבות דקל פרוסות במי,גרמים,400.00,100 גרם,false,,7.90,0.0198,true,1,166935
7290015835039,false,כריות יפניות עבות רמי לוי 6 יח,רמי לוי,,כריות יפניות עבות רמ,Unknown,6.00,יחידה,false,,8.90,1.4833,true,1,167908
7290015835060,false,כריות קרצוף רמי לוי 10 יח,רמי לוי,,כריות קרצוף 10 יחידו,Unknown,10.00,יחידה,false,,5.90,0.5900,true,1,167909
7290015835077,false,ברזלית צילינדר רמי לוי 4 יח רמי לוי,פלסטו פוליש,,ברזלית 4 יח במארז,Unknown,4.00,יחידה,false,,7.90,1.9750,true,1,181846
7290015835114,false,צמר פלדה רמי לוי 100 גרם,רמי לוי,,צמר פלדה 100 גרם,גרמים,100.00,100 גרם,false,,4.50,0.0450,true,1,167911
7290015835121,false,מטליות רמי לוי 9 יח,רמי לוי,,מטליות רמי לוי 9 יח,Unknown,9.00,יחידה,false,,8.90,0.9889,true,1,167912
7290015835411,false,גרנולה אגוזים רמי לוי 400 גרם,רמי לוי,,גרנולה עם צימוקים וא,גרמים,400.00,100 גרם,false,,10.90,0.0273,true,1,167825
7290015835435,false,מוזלי אגוזים רמי לוי 400 גרם,רמי לוי,,מוזלי אגוזים רמי לוי,גרמים,400.00,100 גרם,false,,10.40,0.0260,true,1,167826
7290015835756,false,שיבולת שועל דק רמי לוי 500 גרם,רמי לוי,,שיבולת שועל דקה 500,גרמים,500.00,100 גרם,false,,4.90,0.0098,true,1,167827
7290015835763,false,שיבולת שועל עבה רמי לוי 500 גרם,רמי לוי,,שיבולת שועל עבה 500,גרמים,500.00,100 גרם,false,,4.90,0.0098,true,1,167828
7290015835954,false,מפיות נייר רמי לוי 100 יח,רמי לוי,,מפיות רמי לוי 100 יח,Unknown,100.00,יחידה,false,,5.50,0.0550,true,1,169329
7290015835978,false,ממחטות מארז חמישייה רמי לוי,רמי לוי,,ממחטות טישו רמי לוי,Unknown,5.00,יחידה,false,,13.90,2.7800,true,1,169330
7290015858106,false,"ממרח פסטו ביתי 180 גרם ""עללחם""","מדשא תעשיות מזון בע""\מ",,ממרח פסטו ביתי עללחם,גרמים,180.00,100 גרם,false,,15.90,0.0883,true,1,170471
7290015858113,false,"ממרח עגבניות מיובשות 180 גרם ""טריטרי""","מדשא תעשיות מזון בע""\מ",,ממרח עגבניות מיובשות,גרמים,180.00,100 גרם,false,,15.90,0.0883,true,1,170472
7290015858144,false,ממרח ארטישוק עללחם 180 גרם,"מדשא תעשיות מזון בע""\מ",,ממרח ארטישוק עללחם 1,גרמים,180.00,100 גרם,false,,16.90,0.0939,true,1,181990
7290015858151,false,ממרח שום 180 גרם עללחם בית יוסף,מדשא תעשיות מזון בעמ,,ממרח שום עללחם 180 ג,גרמים,180.00,100 גרם,false,,15.90,0.0883,true,1,181215
7290015858175,false,ממרח פלפלים קלויים עללחם 180 גרם,"מדשא תעשיות מזון בע""\מ",,ממרח פלפלים קלויים ע,גרמים,180.00,100 גרם,false,,16.90,0.0939,true,1,181991
7290015858229,false,"טפנד זיתי קלמטה 180 גרם ""עללחם""","מדשא תעשיות מזון בע""\מ",,טפנד זיתי קלמטה עללח,גרמים,180.00,100 גרם,false,,15.90,0.0883,true,1,170473
7290015858243,false,ממרח צימיצורי עללחם 180 גרם,"מדשא תעשיות מזון בע""\מ",,צ'ימיצ'ורי עללחם 180,גרמים,180.00,100 גרם,false,,15.90,0.0883,true,1,181992
7290015858328,false,עללחם ממרח איולי פסטו 295 גרם,"מדשא תעשיות מזון בע""\מ",,איולי פסטו עללחם 295,גרמים,295.00,100 גרם,false,,15.90,0.0539,true,1,188434
7290015858687,false,עללחם ממרח איולי שום 295 גרם,"מדשא תעשיות מזון בע""\מ",,איולי שום עללחם 295,גרמים,295.00,100 גרם,false,,15.90,0.0539,true,1,188436
7290015858694,false,עללחם ממרח איולי שום לימון 295 גרם,"מדשא תעשיות מזון בע""\מ",,איולי שום לימון עללח,גרמים,295.00,100 גרם,false,,15.90,0.0539,true,1,188437
7290015866132,false,כרובית,,,כרובית,יח',1.00,יח',false,,9.90,9.9000,true,1,181615
7290015899239,false,אקונומיקה מבושמת רמי לוי 4 ליטר,רמי לוי,,אקונומיקה מבושמת רמי,מיליליטרים,4000.00,"100 מ""ל",false,,11.90,0.0030,true,1,160288
7290015899253,false,מרכך כביסה ורוד רמי לוי 4 ליטר,רמי לוי,,מרכך כביסה ורוד 4 לי,מיליליטרים,4000.00,"100 מ""ל",false,,16.90,0.0042,true,1,160290
7290015899260,false,מרכך כביסה לבן רמי לוי 4 ליטר,רמי לוי,,מרכך כביסה לבן 4 ליט,מיליליטרים,4000.00,"100 מ""ל",false,,16.90,0.0042,true,1,160291
7290015899277,false,מרכך כביסה כחול רמי לוי 4 ליטר,רמי לוי,,מרכך כביסה כחול 4 לי,מיליליטרים,4000.00,"100 מ""ל",false,,16.90,0.0042,true,1,160292
7290015899307,false,מרכך מרוכז ורוד רמי לוי 1 ליטר,רמי לוי,,מרכך מרוכז ורוד רמי,מיליליטרים,1000.00,"100 מ""ל",false,,9.90,0.0099,true,1,160293
7290015899321,false,מרכך מרוכז כחול רמי לוי 1 ליטר,רמי לוי,,מרכך מרוכז כחול רמי,מיליליטרים,1000.00,"100 מ""ל",false,,9.90,0.0099,true,1,160295
7290015899338,false,"מבשם כביסה לבן רמי לוי 500 מ""ל",רמי לוי,,מבשם כביסה לבן רמי ל,מיליליטרים,500.00,"100 מ""ל",false,,11.90,0.0238,true,1,160296
7290015979559,false,חסה ערבית יחידה,,,חסה ערבית יחידה,פריט,1.00,"ק""ג",false,,5.70,5.7000,true,1,158916
7290016006025,false,שוופס סודה 0.50 ליטר בקבוק,יפאורה תבורי בעמ,,"שוופס סודה 500 מ""ל",מיליליטרים,500.00,"100 מ""ל",false,,3.90,0.0078,true,1,160038
7290016006148,false,"שוופס מוגז עדין ענבים בקבוק 500מ""ל",יפאורה שותפות מובגלת לשיווק,,שוופס מ. פירות ענבים,מיליליטרים,500.00,"100 מ""ל",false,,5.50,0.0110,true,1,160039
7290016006339,false,מים מינרלים - מארז רביעייה,"מופק ממקור בזלתי עדן ,1",,רביעייה מי עדן 1 ליט,מיליליטרים,4000.00,"100 מ""ל",false,,12.10,0.0030,true,1,160040
7290016006346,false,שוופס סודה 0.5 ליטר מארז שישייה,יפאורה שותפות מובגלת לשיווק,,שישיית שוופס סודה 50,מיליליטרים,3000.00,"100 מ""ל",false,,14.20,0.0047,true,1,160042
7290016087123,false,רוטב מתובל לפסטה בסגנון קלאסי פריניר 240 גרם,פריניר,,פריניר רוטב פסטה קלא,גרמים,240.00,100 גרם,false,,5.50,0.0229,true,1,164140
7290016087192,false,עגבניות מרוסקות מרוכזות 230 גרם פריניר,פריניר ( הדס 1987) ב,,פריניר עגבניות מרוסק,גרמים,230.00,100 גרם,false,,5.50,0.0239,true,1,164142
7290016087208,false,עגבניות מרוסקות מרוכזות ובזיליקום 230 גרם פריניר,פריניר,,פריניר עגבניות מרוסק,גרמים,230.00,100 גרם,false,,5.50,0.0239,true,1,164143
7290016087239,false,רוטב עגבניות מרוכז לשקשוקה פיקנטי פריניר 230 גרם,פריניר,,פריניר שקשוקה חריף 2,גרמים,230.00,100 גרם,false,,5.50,0.0239,true,1,164146
7290016087475,false,עגבניות מרוסקות דק 400 גר,,,עגבניות חתוכות דק פר,גרמים,0.00,100 גרם,false,,4.90,0.0000,true,1,187583
7290016087499,false,עגבניות חתוכות מארז 400X3ג' אריזות ירושלים,פריניר ) הדס (1987 בעמ,,עגבניות חתוכות דק פר,גרמים,400.00,100 גרם,false,,12.90,0.0323,true,1,164147
7290016144024,false,"קמח כוסמין מלא נפלאות 100% 1 ק""ג",קמח מלכים,,קמח כוסמין מלא 100%,גרמים,1000.00,100 גרם,false,,16.90,0.0169,true,1,170306
7290016144031,false,"נפלאות קמח חיטה לבן מנופה 1 ק""ג",קמח מלכים,,קמח חיטה לבן מנופה נ,גרמים,1000.00,100 גרם,false,,7.90,0.0079,true,1,170307
7290016144048,false,"קמח כוסמין לבן נפלאות 1 ק""ג",קמח מלכים,,קמח כוסמין לבן נפלאו,גרמים,1000.00,100 גרם,false,,17.90,0.0179,true,1,170308
7290016144062,false,"קמח שיפון מלא נפלאות, 1 ק""ג",קמח מלכים,,קמח שיפון מלא נפלאות,קילוגרמים,1.00,"100 ק""ג",false,,12.20,12.2000,true,1,186943
7290016144086,false,נפלאות קמח חלה מנופה 1 ק”ג,קמח מלכים,,"קמח חלה נפלאות 1 ק""ג",קילוגרמים,1.00,"100 ק""ג",false,,9.90,9.9000,true,1,186944
7290016144116,false,"קמח תופח נפלאות, 1 ק""ג",קמח מלכים,,"קמח תופח נפלאות 1 ק""",קילוגרמים,1.00,"100 ק""ג",false,,11.90,11.9000,true,1,186946
7290016150117,false,סלק אדום מבושל 500 ג' בוואקום,ג'ואבג'י יואייבי,,סלק מבושל בוואקום,גרמים,500.00,100 גרם,false,,5.90,0.0118,true,1,158917
7290016162233,false,עוגיות ממולאות סוגים שונים 200 גרם קפולסקי,קפולסקי,,עוגיות ממולאות פרימי,גרמים,200.00,100 גרם,false,,19.90,0.0995,true,1,164894
7290016233384,false,גפילטע פיש 7 קציצות תומר 555 גרם,דג טעים ירושלים,,גפילטע פיש 555 גרם,Unknown,7.00,יחידה,false,,14.90,2.1286,true,1,160130
7290016233995,false,שימורי אנשובי עם שמן זית 45 ג' תומר,אינוורסינס פריסקו,,אנשובי בפח עם שמן זי,גרמים,45.00,100 גרם,false,,6.90,0.1533,true,1,171149
7290016246445,false,בארכה טחינה גולמית מעודנת שומשום מלא 310 גם,"רושדי תעשיות מזון בע""\מ",,בארכה טחינה גולמית מ,גרמים,310.00,100 גרם,false,,12.90,0.0416,true,1,159509
7290016246711,false,טחינה גולמית מעודנת הריסה בארכה 310 גרם,"רושדי תעשיות מזון בע""\מ",,בארכה טחינה גולמית מ,גרמים,310.00,100 גרם,false,,12.90,0.0416,true,1,159511
7290016246773,false,בארכה טחינה מתובלת גולמית מעודנת משומשום מלא זעתר 310 גרם,רושדי תעשיות מזון בע,,בארכה טחינה גולמית מ,גרמים,310.00,100 גרם,false,,12.90,0.0416,true,1,159512
7290016255737,false,מרכך כביסה סגול רמילוי 4 ליט,,,מרכך כביסה סגול לוונ,מיליליטרים,4000.00,"100 מ""ל",false,,16.90,0.0042,true,1,160298
7290016255812,false,מסיר אבנית 1ליטר רמי לוי,,,מסיר אבנית רב תכליתי,מיליליטרים,1000.00,"100 מ""ל",false,,11.90,0.0119,true,1,160299
7290016270273,false,כרובית ארוזה גן הירק,משתנה,,כרובית,יח',1.00,יח',false,,9.90,9.9000,true,1,158918
7290016270709,false,עגבניות שרי אשכולות,ביכורי השקמה,,עגבניות שרי,Unknown,1.00,יחידה,false,,8.90,8.9000,true,1,158919
7290016272178,false,עוגיות שוקוצ'יפס רמי לוי 150 גרם,,,"עוגיות ""רמי לוי ""שוק",גרמים,150.00,100 גרם,false,,5.90,0.0393,true,1,166943
7290016272796,false,נייר טואלט רמי לוי 30 יח,,,נייר טואלט רמי לוי 3,Unknown,30.00,יחידה,false,,29.90,0.9967,true,1,169331
7290016272802,false,מגבות נייר רמי לוי 6,,,מגבות נייר רמי לוי 6,Unknown,6.00,יחידה,false,,10.90,1.8167,true,1,169332
7290016272819,false,צמר גפן רמי לוי 100,,,צמר גפן רמי לוי 100,גרמים,100.00,100 גרם,false,,5.90,0.0590,true,1,165640
7290016273182,false,ציפס אמריקאי רמי לוי,,,רמי לוי צ'יפס אמריקא,גרמים,1500.00,100 גרם,false,,18.90,0.0126,true,1,164705
7290016277890,false,מעדן פרי תות רמי לוי 284 גר,,,מעדן תות שדה 100% רכ,גרמים,284.00,100 גרם,false,,9.90,0.0349,true,1,167833
7290016277913,false,מעדן פרי דובדבן רמי לוי 284 גר,,,מעדן דובדבן 100% רכי,גרמים,284.00,100 גרם,false,,9.90,0.0349,true,1,167835
7290016277937,false,מעדן פרי משמש רמי לוי 284 גר,,,מעדן משמש 100% רכיבי,גרמים,284.00,100 גרם,false,,9.90,0.0349,true,1,167837
7290016277944,false,מעדן פרי שזיף רמי לוי 284 גר,,,מעדן שזיף 100% רכיבי,גרמים,284.00,100 גרם,false,,9.90,0.0349,true,1,167838
7290016302042,false,מארז רביעיית סנדוויץ,,,מארז רביעיית סנדוויץ,Unknown,1.00,יחידה,false,,12.00,12.0000,true,1,183741
7290016302059,false,מארז לחמניות פרנה ביס 10 יח',פרנה בייקרי,,מארז עשיריית ביס פרנ,Unknown,1.00,יחידה,false,,12.00,12.0000,true,1,183742
7290016304060,false,חלה רגילה 500 גרם,,,חלה רגילה 500 גרם,גרמים,500.00,100 גרם,false,,5.17,0.0103,true,1,169392
7290016304404,false,לחם קוביות 100% כוסמין 600 גרם,מאפיית דוידוביץ ובניו בע,,לחם קוביות כוסמין 60,גרמים,600.00,100 גרם,false,,16.90,0.0282,true,1,169398
7290016304596,false,לחמניות לסנדביץ 75 גרם,מאפיית דווידוביץ ובנ,,לחמניות רגילות דוידו,גרמים,750.00,100 גרם,false,,13.90,0.0185,true,1,169400
7290016304640,false,לחמניות 100% קמח כוסמין 6*60 ג',מאפיית דוידוביץ,,לחמנייה 100% קמח כוס,גרמים,360.00,100 גרם,false,,10.90,0.0303,true,1,169401
7290016321661,false,פרש וואנס SENSITIVE מגבונים ללא בישום רביעייה 72 יחידות,עלבד משואות יצחק,,מגבונים לחים ללא ביש,Unknown,4.00,יחידה,false,,15.90,3.9750,true,1,161938
7290016321678,false,מגבונים לחים בניחוח מרענן עם תמציות קמומיל ואלוורה,עלבד משואות יצחק,,מגבונים לחים בניחוח,Unknown,4.00,יחידה,false,,15.90,3.9750,true,1,161939
7290016334050,false,סלרי חתוך,,,סלרי חתוך,Unknown,1.00,יחידה,false,,5.90,5.9000,true,1,169543
7290016334166,false,לוף רגיל ארוז ליח,,,לוף רגיל ארוז,Unknown,1.00,יחידה,false,,7.90,7.9000,true,1,169545
7290016334173,false,פלפל טינקרבל ארוז,קטיף.,,פלפלונים רמי לוי,Unknown,1.00,יחידה,false,,9.90,9.9000,true,1,169546
7290016334180,false,מלפפון בייבי רמי לוי,,,מלפפון בייבי רמי לוי,Unknown,1.00,יחידה,false,,9.90,9.9000,true,1,169547
7290016334296,false,ברוקולי ארוז מגשית,,,ברוקולי רמי לוי,Unknown,1.00,יחידה,false,,9.90,9.9000,true,1,169549
7290016334388,false,פלפל צ'ילי רמי לוי,קטיף.,,פלפל צ'ילי רמי לוי,Unknown,1.00,יחידה,false,,6.90,6.9000,true,1,169551
7290016334395,false,שיבה רמי לוי,,,שיבה,Unknown,1.00,יחידה,false,,5.90,5.9000,true,1,169552
7290016334456,false,בזיליקום רמי לוי,,,בזיליקום,Unknown,1.00,יחידה,false,,5.90,5.9000,true,1,169554
7290016334463,false,סלרי ראש,,,סלרי ראש,Unknown,1.00,יחידה,false,,5.90,5.9000,true,1,169555
7290016334500,false,לבבות חסה זוגות בשקי,,,זוג לבבות חסה,Unknown,1.00,יחידה,false,,9.90,9.9000,true,1,169557
7290016334654,false,תרד ניו זילנדי רמי לוי,,,תרד ניו זילנדי רמי ל,גרמים,300.00,100 גרם,false,,12.90,0.0430,true,1,169566
7290016334784,false,ג'ינג'ר ארוז ברכת קטיף 200 גרם,,,ג'ינג'ר ארוז,Unknown,1.00,יחידה,false,,8.90,8.9000,true,1,169568
7290016334814,false,חסה סלנובה רמי לוי,,,חסה סלנובה רמי לוי,Unknown,1.00,יחידה,false,,9.90,9.9000,true,1,169570
7290016334883,false,עגבניות שרי תמר,,,עגבניות שרי תמר,Unknown,1.00,יחידה,false,,9.90,9.9000,true,1,169571
7290016334890,false,עגבניות שרי ליקופן,,,עגבניות שרי ליקופן,Unknown,1.00,יחידה,false,,9.90,9.9000,true,1,169572
7290016334906,false,עגבניות שרי מיקס,,,עגבניות שרי מיקס,Unknown,1.00,יחידה,false,,11.90,11.9000,true,1,169573
7290016334975,false,אספרגוס רמי לוי,,,אספרגוס יחידה,Unknown,1.00,יחידה,false,,29.90,29.9000,true,1,187007
7290016372373,false,רסק עגבניות ללא תוספת סוכר ומלח - מארז זוג,גרנד איטליה Grand Italia,,רסק עגבניות 22° קונס,גרמים,280.00,100 גרם,false,,7.90,0.0282,true,1,159075
7290016408294,false,"מרשמלו ורוד לבן וסטהיים 150 ג', 26 בקרטון",מנדלז סי.אר. פרודקשן,,מרשמלו ורוד לבן כרמי,גרמים,150.00,100 גרם,false,,4.90,0.0327,true,1,171272
7290016408393,false,חטיף קרקר עם שומשום פניני 130 ג',דוויטה ג'יי.אס.סי,,חטיף קרקר עם שומשום,גרמים,130.00,100 גרם,false,,5.90,0.0454,true,1,160184
7290016408423,false,חטיף קרקר עם זיתים שחורים ושום 130 גר,תות תעשיות מזון (201,,חטיף קרקר עם זיתים ש,גרמים,130.00,100 גרם,false,,5.90,0.0454,true,1,160185
7290016408447,false,קרקר עגבניות ובזיליקום כרמית 130 גרם,דנוויטה ג'\יי. אס. סי,,חטיף קרקר עם עגבניות,גרמים,130.00,100 גרם,false,,5.90,0.0454,true,1,160186
7290016416961,false,מוס גבינה תות שדה קפולסקי 400 גרם,קפולסקי שיווק וקמעונ,,מוס גבינה תות שדה 40,גרמים,400.00,100 גרם,false,,39.90,0.0997,true,1,181817
7290016475029,false,חמישיית פיתות אסלי!.^,,,פיתות אסלי המכבים 5,Unknown,5.00,יחידה,false,,6.90,1.3800,true,1,169402
7290016509342,false,סוד מארז טריו כדוריות לאסלה כחול אקטיבי אקונומיקה,הנקל סוד,,סבון לאסלה כחול אקטי,גרמים,150.00,100 גרם,false,,18.90,0.1260,true,1,183747
7290016509786,false,פרסיל גל לכביסה לבנה וצבעונית-ירוק 2.5 ל,"הנקל סוד בע""\מ",,פרסיל ג'ל 2.5 ליטר י,מיליליטרים,2500.00,"100 מ""ל",false,,35.90,0.0144,true,1,160851
7290016509809,false,ג'ל מרוכז לכביסה קולור 2.5 ל' פרסיל,"הנקל סוד בע""\מ",,פרסיל ג'ל 2.5 ליטר ק,מיליליטרים,2500.00,"100 מ""ל",false,,35.90,0.0144,true,1,160852
7290016509823,false,ג'ל לכביסה לבנה וצבעונית בניחוח רענן,"הנקל סוד בע""\מ",,פרסיל ג'ל 2.5 ל' בלו,גרמים,2500.00,100 גרם,false,,35.90,0.0144,true,1,160853
7290016601558,false,מגבונים לניקוי כללי,,,מגבונים לניקוי כללי,Unknown,400.00,יחידה,false,,20.90,0.0522,true,1,166116
7290016609141,false,אפונה וגזר רמי לוי 5,,,אפונה וגזר רמי לוי 5,גרמים,550.00,100 גרם,false,,6.50,0.0118,true,1,164155
7290016609172,false,שעועית לבנה ברוטב עגבניות 335 גר,,,שעועית לבנה אפויה בר,גרמים,580.00,100 גרם,false,,6.50,0.0112,true,1,164157
7290016609189,false,גרעיני תירס 335 גר רמי לוי,,,גרעיני תירס מתוק רמי,גרמים,550.00,100 גרם,false,,5.90,0.0107,true,1,164158
7290016609196,false,גרעיני תירס לייט 335 גר רמי לוי,,,תירס לייט רמי לוי 55,גרמים,550.00,100 גרם,false,,6.90,0.0125,true,1,164159
7290016667042,false,קשיות פסים זברה עבים 20 יח',עבדו,,קשיות פסים זברה עבים,Unknown,20.00,יחידה,false,,9.90,0.4950,true,1,188051
7290016667080,false,חטיף ציפס טורטיה ברביקיו 250 גרם,ROGER&ROGER,,חטיף טורטיה צ'יפס בר,גרמים,250.00,100 גרם,false,,10.90,0.0436,true,1,172358
7290016667097,false,חטיף ציפס טורטיה מלוח 250 גרם,ROGER&ROGER,,חטיף טורטיה צ'יפס מל,גרמים,250.00,100 גרם,false,,10.90,0.0436,true,1,172359
7290016667806,false,מלח הימלאיה עבה 500 גר',,,מלח הימלאיה עבה 500,גרמים,500.00,100 גרם,false,,13.90,0.0278,true,1,181270
7290016667813,false,מלח הימלאיה דק 500 גר',,,מלח הימלאיה דק 500 ג,גרמים,500.00,100 גרם,false,,13.90,0.0278,true,1,188054
7290016717631,false,יין מוסקטו בעל חוזק אלכוהול נמוך פרייבט קולקשן,אגודת הכורמים הקואופרטיב,,יין לבן מבעבע מוסקטו,מיליליטרים,750.00,"100 מ""ל",false,,39.90,0.0532,true,1,167698
7290016717976,false,"יין סלקטד באז אפרסק כרמל 750 מ""ל",כרמל מזרחי,,יין באזז אפרסק 750 מ,מיליליטרים,750.00,"100 מ""ל",false,,27.90,0.0372,true,1,167700
7290016733044,false,מטליות ריצפה מיקרופייבר שלישייה רמי לוי,,,סחבת רצפה מיקרופייבר,Unknown,3.00,יחידה,false,,15.90,5.3000,true,1,167914
7290016733051,false,מטליות ניקוי כללי מיקרופייבר עשירייה רמי לוי,,,מטליות מיקרופייבר 10,Unknown,10.00,יחידה,false,,14.90,1.4900,true,1,167915
7290016733259,false,סלק מבושל בוואקום 500ג,,,סלק אדום מקולף רמי ל,Unknown,1.00,יחידה,false,,5.90,5.9000,true,1,158920
7290016733891,false,טבעות בצל רמי לוי 60,קפוא-זן,,טבעות בצל רמי לוי 60,גרמים,600.00,100 גרם,false,,14.90,0.0248,true,1,164706
7290016865615,false,כדוריות סבון אסלה -ניחוח היביסקוס,,,סבון אסלה לניקוי יסו,Unknown,1.00,יחידה,false,,10.90,10.9000,true,1,166118
7290016866650,false,"פרודונטקס - משחת שיניים אוריג'ינל 75 מ""ל",פרודונטקס Parodontax,,משחת פרודונטקס אוריג,גרמים,75.00,100 גרם,false,,30.90,0.4120,true,1,160826
7290016866674,false,"פרודונטקס - משחת שיניים מלבינה 75 מ""ל",פרודונטקס Parodontax,,משחת פרודונטקס מלבינ,מיליליטרים,75.00,"100 מ""ל",false,,30.90,0.4120,true,1,187601
7290016967074,false,לחם חיטה מלאה עם גרעינים ודגנים,מאפיית שלמה א. אנג'\ל בע,,לחם חיטה מלאה אנג'ל,גרמים,750.00,100 גרם,false,,14.90,0.0199,true,1,159135
7290016967456,false,לחם צרפתי מחמצת 100% כוסמין 600 ג' אנג'ל,"מאפיית אנג'\ל בעמ, מקבוצ",,לחם צרפתי כוסמין 100,גרמים,600.00,100 גרם,false,,15.90,0.0265,true,1,159136
7290016998184,false,עלי חסה ערבית שטופים 250ג',נטורזה,,עלי חסה ערבית שטופים,גרמים,250.00,100 גרם,false,,10.90,0.0436,true,1,169576
7290016998191,false,מיקס עלי בייבי נטורז,נטורזה,,מיקס עלי בייבי 120 ג,גרמים,120.00,100 גרם,false,,10.90,0.0908,true,1,169577
7290016998207,false,לקט קסם השדה נטורזה,נטורזה,,לקט קסם השדה 350 גרם,גרמים,350.00,100 גרם,false,,12.90,0.0369,true,1,169578
7290016998221,false,מיקס צבעי הטבע נטורז,נטורזה,,מיקס צבעי הטבע 350 ג,גרמים,350.00,100 גרם,false,,12.90,0.0369,true,1,169580
7290016998238,false,כרוב לבן קצוץ נטורזה,נטורזה,,כרוב לבן קצוץ 400 גר,גרמים,400.00,100 גרם,false,,10.90,0.0273,true,1,169581
7290016998245,false,מיקס שורשים נטורזה 4,נטורזה,,מיקס שורשים 400 גרם,גרמים,400.00,100 גרם,false,,12.90,0.0323,true,1,169582
7290016998269,false,לקט קולסלאו נטורזה 4,נטורזה,,לקט קולסלאו 400 גרם,גרמים,400.00,100 גרם,false,,10.90,0.0273,true,1,169584
7290016998276,false,גזר חתוך דק נטורזה 2,נטורזה,,גזר חתוך דק 250 גרם,גרמים,250.00,100 גרם,false,,9.90,0.0396,true,1,169585
7290016998320,false,לבבות קיסר נטורזה יח,נטורזה,,לבבות קיסר 250 גרם,גרמים,250.00,100 גרם,false,,10.90,0.0436,true,1,181372
7290017023229,false,רביעיית פחיות שוופס מוגז פירות תות ליים 330 מל.,יפאורה תבורי בעמ,,רביעיית פחיות שוופס,מיליליטרים,330.00,"100 מ""ל",false,,14.10,0.0427,true,1,160046
7290017023663,false,"שוופס מיץ פירות לימונייד פחית מארז 330X4מ""ל",יפאורה תבורי,,רביעיית פחיות שוופס,מיליליטרים,330.00,"100 מ""ל",false,,14.10,0.0427,true,1,160050
7290017023861,false,סודה בטעם לימון בקבוקים אישיים - מארז 4 יח',יפאורה תבורי בעמ,,שוופס סודה לימון זכו,מיליליטרים,1000.00,"100 מ""ל",false,,11.90,0.0119,true,1,185084
7290017023878,false,סודה בטעם נענע ליים בקבוקים אישיים - מארז 4 יח',יפאורה תבורי בעמ,,שוופס סודה נענע ליים,מיליליטרים,1000.00,"100 מ""ל",false,,11.90,0.0119,true,1,185085
7290017023953,false,"ספרינג אגס סברס תפוח 250 מ""ל",,,ספרינג אגס סברס תפוח,מיליליטרים,250.00,"100 מ""ל",false,,3.30,0.0132,true,1,185127
7290017023960,false,"ספרינג פירות טרופים 250 מ""ל בקבוק",יפאורה שותפות מובגלת לשי,,ספרינג  פירות טרופיי,מיליליטרים,250.00,"100 מ""ל",false,,3.30,0.0132,true,1,185128
7290017023977,false,"ספרינג תות בננה 250 מ""ל בודד",יפאורה שותפות מובגלת לשי,,ספרינג תות בננה 250,מיליליטרים,250.00,"100 מ""ל",false,,3.30,0.0132,true,1,185129
7290017031705,false,משחת שיניים סנסודיין הגנה מלאה רגיל,גלקסוס סמית קליין,,משחת שיניים רגישות ק,מיליליטרים,75.00,"100 מ""ל",false,,21.90,0.2920,true,1,160827
7290017058542,false,"שמן קוקוס אורגני 414 מ""ל תומר",,,שמן קוקוס אורגני 414,מיליליטרים,414.00,"100 מ""ל",false,,22.90,0.0553,true,1,171167
7290017065007,false,פרוסות גבינה מוצרלה חצי קשה 22% שומן 200 ג' גד,מחלבות גד בעמ,,מוצרלה פרוסות 22% 20,גרמים,200.00,100 גרם,false,,17.70,0.0885,true,1,164619
7290017065137,false,ריקוטה למריחה 5% טבעית 200 גרם - רובין,האי נאם סי או אל.טי.,,ריקוטה למריחה 5% טבע,גרמים,200.00,100 גרם,false,,10.70,0.0535,true,1,164620
7290017065144,false,ריקוטה למריחה בתוספת בזיליקום 5% גד 200 גם,האי נאם סי או אל.טי.,,ריקוטה למריחה 5% עם,גרמים,200.00,100 גרם,false,,10.70,0.0535,true,1,164621
7290017065236,false,גבינה בולגרית מעודנת 24% גד 250 גרם,הנסיך- מפעל לייצור ט,,בולגרית מעודנת 24% 2,גרמים,250.00,100 גרם,false,,22.90,0.0916,true,1,164624
7290017065434,false,גבינה גאודה פרוסה הולנדית 200 גר',מחלבות גד בעמ,,פרוסות גאודה הולנדית,גרמים,200.00,100 גרם,false,,20.90,0.1045,true,1,164630
7290017065441,false,גבינה גאודה עיזים פרוסה הולנדית 200 גר',גבינות מדף,,פרוסות גאודה עיזים 2,גרמים,200.00,100 גרם,false,,32.90,0.1645,true,1,164631
7290017065526,false,קוואטרו פורמאג'י 4 גבינות מגוררות 26%,"מחלבות גד בע""\מ",,קוואטרו פורמאג'י 300,גרמים,300.00,100 גרם,false,,29.90,0.0997,true,1,164634
7290017065588,false,יוגורט יווני 10% שומן 600 ג' גד,"מיוצר ע""\י קוד יצרן MKN",,יוגורט יווני 600 גרם,גרמים,600.00,100 גרם,false,,15.40,0.0257,true,1,164635
7290017065762,false,גבינה יוונית מאנורי 30% שומן 100 ג' גד,גבינות מדף,,גבינת מאנורי גד 100,גרמים,100.00,100 גרם,false,,10.90,0.1090,true,1,185456
7290017065786,false,"גבינת צ`דר מחלבות גד , 210 גרם","מחלבות גד בע""\מ",,גבינת צ'דר 200 גרם,גרמים,200.00,100 גרם,false,,21.90,0.1095,true,1,183953
7290017105895,false,גרגרי חומוס להכנת חומוס משובח יכין 560 ג,זנלכל,,יכין - גרגירי חומוס,גרמים,550.00,100 גרם,false,,9.90,0.0180,true,1,164172
7290017121093,false,"אריסה חריפה 250 גרם ""עללחם""","מדשא תעשיות מזון בע""\מ",,אריסה חריפה עללחם 25,גרמים,250.00,100 גרם,false,,13.90,0.0556,true,1,170475
7290017129501,false,אגו מיקס כדורי תירס מצופים שוקולד לבן כרמית 55 גרם,כרמית,,אגו מיקס כדורי תירס,גרמים,55.00,100 גרם,false,,3.90,0.0709,true,1,160197
7290017129518,false,אגו מיקס כדורי תירס מצופים שוקולד חלב ולבן כרמית 55 גרם,כרמית,,אגו מיקס כדורי תירס,גרמים,55.00,100 גרם,false,,3.90,0.0709,true,1,160198
7290017129754,false,"שוקולד מריר מעולה 70% מוצקי קקאו 100 גר בד""ץ","כרמית תעשיות ממתקים בע""\",,שוקולד מריר מעולה 70,גרמים,100.00,100 גרם,false,,7.90,0.0790,true,1,160202
7290017129839,false,שוקולד פרימיום 70% מריר בטעם פטל כרמית 100 גרם,"כרמית תעשיות ממתקים בע""\",,שוקולד מריר מעולה 70,גרמים,100.00,100 גרם,false,,7.90,0.0790,true,1,160205
7290017142128,false,"שמן זית כתית מעולה קלאסי עץ הזית 750 מ""ל",שמן תעשיות בעמ,,שמן זית כתית מעולה ק,מיליליטרים,750.00,"100 מ""ל",false,,33.90,0.0452,true,1,164174
7290017142159,false,"שלישיית נתחי טונה בהירה בשמן זית 80 גרם ""עץ הזית""",הנסיך- מפעל לייצור ט,,נתחי טונה בהירה בשמן,גרמים,240.00,100 גרם,false,,23.90,0.0996,true,1,164175
7290017142395,false,"LUNCH TO GO פסטה עם טונה בשמן זית 160 גרם ""עץ הזית""",יוניקורד ח.צ בעמ,,ארוחת טונה עם פסטה ב,גרמים,160.00,100 גרם,false,,14.90,0.0931,true,1,164176
7290017189192,false,"אדממה פולי סויה 1 ק""ג",משק ויילר,,"פולי סויה אדממה 1 ק""",פריט,1.00,"ק""ג",false,,15.90,15.9000,true,1,186017
7290017189260,false,מיני פנקייק הולנדי 500ג רמילוי,,,מיני פנקייק אפוי 500,גרמים,500.00,100 גרם,false,,21.90,0.0438,true,1,164717
7290017189277,false,קרפ הולנדי אפוי 600ג רמי לוי,,,קרפ הולנדי אפוי 600,גרמים,600.00,100 גרם,false,,20.90,0.0348,true,1,164718
7290017197067,false,מגבונים בייבי בישום עדין 100 יח רמי לוי,,,מגבונים לחים בייבי,Unknown,1.00,יחידה,false,,5.90,5.9000,true,1,166121
7290017197159,false,שמפו ומרכך 2 ב1 נועה נגד קשקשים 750 מל רמי לוי,,,נועה שמפו ומרכך נגד,מיליליטרים,750.00,"100 מ""ל",false,,8.90,0.0119,true,1,186674
7290017197296,false,שמפו נועה לילדים 750 מל רמי לוי,,,שמפו נועה לילדים 750,מיליליטרים,750.00,"100 מ""ל",false,,8.90,0.0119,true,1,166122
7290017197388,false,מגבונים הפי דייז מבושם 72*6 רמי לוי,,,מגבונים לחים הפי דיי,Unknown,6.00,יחידה,false,,21.90,3.6500,true,1,166125
7290017197395,false,מגבונים הפי דייז ללא בישום 72*6 רמי לוי,,,מגבונים לחים הפי דיי,Unknown,6.00,יחידה,false,,21.90,3.6500,true,1,166126
7290017197425,false,מגבונים בייבי מבושם 4*72 רמי לוי,,,מגבונים לחים ללא ביש,יח',4.00,יח',false,,15.90,3.9750,true,1,166127
7290017197432,false,מגבונים בייבי ללא בישום 4*72 רמי לוי,,,מגבונים לחים ללא ביש,יח',4.00,יח',false,,15.90,3.9750,true,1,166128
7290017197449,false,מגבונים בייבי לעור רגיש 4*72 רמי לוי,,,מגבונים לחים ללא ביש,Unknown,4.00,יחידה,false,,15.90,3.9750,true,1,166129
7290017197517,false,שמפו נועה לשיער רגיל 750 מל רמי לוי,,,נועה שמפו לשיער רגיל,מיליליטרים,750.00,"100 מ""ל",false,,8.90,0.0119,true,1,166131
7290017197531,false,מרכך נועה לשיער יבש 750 מל רמי לוי,,,נועה מרכך לשיער יבש,מיליליטרים,750.00,"100 מ""ל",false,,8.90,0.0119,true,1,166133
7290017197616,false,אל סבון בניחוח פירות 1 ליטר,,,אל סבון בניחוח פירות,מיליליטרים,1000.00,"100 מ""ל",false,,8.90,0.0089,true,1,166136
7290017197623,false,אל סבון בניחוח לבנדר 1 ליטר,,,אל סבון בניחוח לבנדר,מיליליטרים,1000.00,"100 מ""ל",false,,8.90,0.0089,true,1,166137
7290017197647,false,אל סבון בניחוח מאסק 1 ליטר,,,אל סבון בניחוח מאסק,מיליליטרים,1000.00,"100 מ""ל",false,,8.90,0.0089,true,1,166138
7290017197654,false,מטליות לחות לניקוי ר,,,מטליות לחות לניקוי ר,Unknown,10.00,יחידה,false,,9.90,0.9900,true,1,166139
7290017197685,false,שלישייה מגבוני טואלט לחים,,,מגבוני נייר טואלט רמ,Unknown,3.00,יחידה,false,,10.90,3.6333,true,1,166141
7290017197838,false,שמפו וגל רחצה לגבר נועה,,,שמפו וג'ל רחצה לגבר,מיליליטרים,750.00,"100 מ""ל",false,,8.90,0.0119,true,1,166143
7290017197944,false,סבון קצף לידיים אלוורה,,,סבון קצף לידיים מועש,מיליליטרים,500.00,"100 מ""ל",false,,7.90,0.0158,true,1,166144
7290017232218,false,לחם קלאסי מופחת פחמימות איטסיין 430 גרם,,,לחם כפרי כהה איסטיין,גרמים,430.00,100 גרם,false,,24.90,0.0579,true,1,183898
7290017232225,false,לחם גלילי מופחת פחמימות איטסיין 450 גרם,דבידוביץ,,לחם גלילי בהיר איסטי,גרמים,450.00,100 גרם,false,,24.90,0.0553,true,1,183899
7290017266312,false,וופל מילוי קרם בטעם שוקולד 150 גרם,גילרו,,וופל אייר במילוי קרם,גרמים,150.00,100 גרם,false,,3.50,0.0233,true,1,164181
7290017266503,false,"גלילי וופל במילוי קרם שוקולד לל""ס 100 גר' עלמה",גילרו,,גלילי ופל ללס במילוי,גרמים,100.00,100 גרם,false,,7.50,0.0750,true,1,164193
7290017289175,false,"יין ישראלי פטיט סירה אפרת 750 מ""ל",יקב טפרברג 1870 בעמ,,יין אדום יבש פטיט סי,מיליליטרים,750.00,"100 מ""ל",false,,21.90,0.0292,true,1,176251
7290017291093,false,סלק אדום מקולף רמי ל,,,סלק אדום מקולף רמי ל,Unknown,1.00,יחידה,false,,5.90,5.9000,true,1,158921
7290017291123,false,שום ארוז יבוא,עטרה,,שום ארוז יבוא,Unknown,1.00,יחידה,false,,7.90,7.9000,true,1,185912
7290017304885,false,לחם שיפון מחיטה מלאה ללא תוספת סוכר 750 ג' אנג'ל,מאפיית שלמה א. אנג'\ל בע,,לחם שיפון וחיטה מלאה,גרמים,750.00,100 גרם,false,,14.90,0.0199,true,1,159141
7290017389011,false,מנגו מיובש ללא סוכר 160 גרם קופסא,"דין שיווק וקלייה בע""",,מנגו מיובש טבעי 160,גרמים,160.00,100 גרם,false,,18.90,0.1181,true,1,186393
7290017389912,false,זרעי צ'יה 300 גר רמילוי,,,זרעי צ'יה 300 גר' קו,גרמים,300.00,100 גרם,false,,15.90,0.0530,true,1,166004
7290017389943,false,שקד מולבן חצוי 200 ג,,,שקד מולבן חצוי 200 ג,גרמים,200.00,100 גרם,false,,16.90,0.0845,true,1,166005
7290017389967,false,ערמונים קלופים 100 גר קליית השקמה,,,ערמונים קלופים שלמים,גרמים,100.00,100 גרם,false,,5.90,0.0590,true,1,166006
7290017390512,false,סוכריות גומי נחשים פ,,,סוכריות גומי נחשים ב,גרמים,300.00,100 גרם,false,,10.90,0.0363,true,1,166020
7290017390529,false,סוכריות גומי דובונים פירות 300 גר,,,סוכריות גומידובונים,גרמים,300.00,100 גרם,false,,10.90,0.0363,true,1,166021
7290017390536,false,סוכריות גומי תות שדה 300 גר,,,סוכריות גומי בטעם תו,גרמים,300.00,100 גרם,false,,10.90,0.0363,true,1,166022
7290017390543,false,סוכריות גומי מסוכרות,,,סוכריות גומי מסוכרות,גרמים,300.00,100 גרם,false,,10.90,0.0363,true,1,166023
7290017390598,false,סוכריות גומי צורת לב 300 גר,,,סוכריות גומי בצורת ל,גרמים,300.00,100 גרם,false,,10.90,0.0363,true,1,166028
7290017390628,false,שקד בציפוי שוקולד חלב 250 גר,,,שקד בציפוי שוקולד חל,גרמים,250.00,100 גרם,false,,16.90,0.0676,true,1,166031
7290017390727,false,אגוז פקאן בציפוי שוק,,,אגוז פקאן בציפוי שוק,גרמים,250.00,100 גרם,false,,16.90,0.0676,true,1,166041
7290017390734,false,פקאן בציפוי שוקולד לבן 250 גר,,,אגוז פקאן בציפוי שוק,גרמים,250.00,100 גרם,false,,16.90,0.0676,true,1,166042
7290017457727,false,"סוד כחול מרכך כביסה מרוכז20%+בישום 900 מ""ל",הנקל סוד,,מרכך מרוכז כחול סוד,מיליליטרים,900.00,"100 מ""ל",false,,11.90,0.0132,true,1,160855
7290017457734,false,"סוד ורוד מרכך כביסה מרוכז20%+בישום 900 מ""ל",הנקל סוד,,מרכך מרוכז ורוד סוד,מיליליטרים,900.00,"100 מ""ל",false,,11.90,0.0132,true,1,160856
7290017477596,false,תמר מג'הול פרימיום בקופסא ששון הקולה 400 גרם,"שקדיה גבע תעשיות בע""",,תמר מג'הול ענק אקסטר,גרמים,400.00,100 גרם,false,,19.90,0.0497,true,1,167788
7290017504001,false,פטריות שמפניון ארוז,חקלאי,,פטריות שמפניון ארוז,Unknown,1.00,יחידה,false,,9.90,9.9000,true,1,169592
7290017504018,false,זוג פטריות שמפניון א,,,פטריות זוגות לבן (פט,Unknown,1.00,יחידה,false,,17.90,17.9000,true,1,169593
7290017504025,false,פטריות פורטבלה ברכת קטיף,,,פטריות פורטבלה א.א (,Unknown,1.00,יחידה,false,,10.90,10.9000,true,1,169594
7290017504032,false,זוג פטריות שמפניון ו,,,פטריות זוגות איטלקי,Unknown,1.00,יחידה,false,,17.90,17.9000,true,1,169595
7290017513775,false,פליפז בייגלה מצופה שוקולד חלב מקוויטיס 140 גרם,שוורצקוף& הנקל דיסלד,,FLIPZ - בייגלה מצופה,גרמים,140.00,100 גרם,false,,9.50,0.0679,true,1,159088
7290017513782,false,פליפז בייגלה מצופה שוקולד מריר מקוויטיס 140 גרם,שוורצקוף& הנקל דיסלד,,FLIPZ - בייגלה מצופה,גרמים,140.00,100 גרם,false,,9.50,0.0679,true,1,159089
7290017513829,false,תה ירוק לימונית ג'ינג'ר 25 שקיקים בתוספת ויטמין Cּּ+D,ויסוצקי ירוק,,תה ירוק לימונית וג'י,גרמים,37.50,100 גרם,false,,24.90,0.6640,true,1,159091
7290017516295,false,חטיף חלבון פרוטאין אגוז לוז שוקולד 50 גר,פנגיאה,,חטיף חלבון שוקולד עם,גרמים,60.00,100 גרם,false,,10.00,0.1667,true,1,184342
7290017516318,false,חטיף חלבון פרוטאין שוקולד 50 גר,פנגיאה,,חטיף חלבון בטעם שוקו,גרמים,60.00,100 גרם,false,,10.00,0.1667,true,1,184343
7290017516332,false,חטיף חלבון פרוטאין חמאת בוטנים 50 גר,פנגיאה,,חטיף חלבון עם חמאת ב,גרמים,60.00,100 גרם,false,,10.00,0.1667,true,1,184344
7290017516479,false,פנגיאה פרוטאין וניל קפה 50 גרם,פנגיאה,,חטיף חלבון בטעם וניל,גרמים,60.00,100 גרם,false,,10.00,0.1667,true,1,184345
7290017516509,false,חטיף פרוטאין בטעם קרמל מלוח,פנגיאה,,חטיף חלבון בטעם קרמל,גרמים,60.00,100 גרם,false,,10.00,0.1667,true,1,184346
7290017516547,false,חטיף ליד הקפה טוב הארץ,,,חטיף בטעם שוקולד עם,גרמים,25.00,100 גרם,false,,5.00,0.2000,true,1,184347
7290017516592,false,חטיף שוקולד עם חרוב,,,חטיף שוקולד עם חרוב,גרמים,40.00,100 גרם,false,,8.00,0.2000,true,1,184348
7290017586007,false,גזר ארוז,,,גזר ארוז,קילוגרמים,1.00,"ק""ג",true,,4.90,4.9000,true,1,188247
7290017589633,false,"רזרב גולד אדישיין קברנה סוביניון 750 מ""ל",יקבי ברקן Barkan,,יין אדום יבש רזרב גו,מיליליטרים,750.00,"100 מ""ל",false,,50.20,0.0669,true,1,162207
7290017599229,false,ממתיק סוכרלוז 200 טבליות סוכרזית,"סוכרזית בע""מ",,סוכרלוז 200 טבליות,גרמים,74.00,100 גרם,false,,21.90,0.2959,true,1,185038
7290017599236,false,סוכריות סטיוויה 200 טבליות,סנו מפעלי ברונוס.,,סטיוויה 200 טבליות,גרמים,74.00,100 גרם,false,,22.90,0.3095,true,1,185039
7290017599267,false,סוכרלוז 120 שקיות ממתיק שולחני,סוכרזית Sucrazit,,סוכרזית סוכרלוז 120,גרמים,100.00,100 גרם,false,,24.90,0.2490,true,1,187098
7290017617411,false,סטארקיסט מיקס סלמון עם אורז מלא וירקות 160 גרם,גראאל אס איי,,סטארקיסט מיקס סלמון,גרמים,160.00,100 גרם,false,,15.90,0.0994,true,1,186668
7290017617428,false,סטארקיסט מיקס סלמון עם פסטה ברוטב עגבניות 160 גרם,גראאל אס איי,,סטארקיסט מיקס סלמון,גרמים,160.00,100 גרם,false,,15.90,0.0994,true,1,186669
7290017617435,false,סטארקיסט מיקס סלמון עם עדשים קינואה וירק 160 גרם,גראאל אס איי,,סטארקיסט מיקס סלמון,גרמים,160.00,100 גרם,false,,15.90,0.0994,true,1,186670
7290017641119,false,שוקולד פרימיום 85% מריר כרמית 100 גרם,כרמית תעשיות ממתקים בעמ,,שוקולד פרימיום 85% ב,גרמים,100.00,100 גרם,false,,7.90,0.0790,true,1,160213
7290017641188,false,קרקר עם שיפון מלא וסלק כרמית 130 גרם,דנוויטה ג'\יי. אס. סי,,קרקר עם שיפון מלא וס,גרמים,130.00,100 גרם,false,,5.90,0.0454,true,1,160218
7290017641195,false,קרקר עם שיפון מלא וגזר כרמית 130 גרם,דנוויטה ג'\יי. אס. סי,,קרקר עם שיפון מלא וג,גרמים,130.00,100 גרם,false,,5.90,0.0454,true,1,160219
7290017647708,false,"רמת הגולן גמלא גוורצטרמינר, 750 מ""ל י יקב רמת הגולן",מיוצר וממולא על ידי יקב,,גמלא גוורצטרמינר 750,מיליליטרים,750.00,"100 מ""ל",false,,64.90,0.0865,true,1,186645
7290017647722,false,"יין גמלא בלאנקו 20 עברית 750 מ""ל",יקבי רמת הגולן,,"גמלא בלאנקו 750 מ""ל",מיליליטרים,750.00,"100 מ""ל",false,,64.90,0.0865,true,1,186646
7290017677804,false,"רוטב סויה ללא חומרים משמרים קיקומן 444 מ""ל",קיקומן פודז אינק,,רוטב סויה קיקומן 444,מיליליטרים,444.00,"100 מ""ל",false,,20.90,0.0471,true,1,160378
7290017715537,false,שעועית לבנה אפויה ברוטב עגבניות 550 ג' תומר,,,תומר שעועית אפויה בר,גרמים,580.00,100 גרם,false,,5.90,0.0102,true,1,170460
7290017746050,false,לחם מחמצת שיפון 600,,,לחם מחמצת שיפון 600,גרמים,600.00,100 גרם,false,,13.90,0.0232,true,1,169406
7290017746128,false,מיני פיתות קלאסי50*10 גר,מאפיית דוידוביץ ובני,,פיתות ביס 10 יחידות,Unknown,10.00,יחידה,false,,13.90,1.3900,true,1,169411
7290017746135,false,מארז 10 פיתות ביס כוסמין,מאפיית דוידוביץ ובני,,פיתות כוסמין 10 יחיד,Unknown,10.00,יחידה,false,,14.90,1.4900,true,1,169412
7290017746258,false,מארז רביעיית לחמניות פרנה,מאפיית דוראל,,פרנה לחם מרוקאי מסור,Unknown,4.00,יחידה,false,,15.50,3.8750,true,1,169418
7290017746272,false,פיתה בצל 4 יחידות 48,,,פיתה בצל 4 יחידות 48,Unknown,4.00,יחידה,false,,13.90,3.4750,true,1,181368
7290017746289,false,פיתה זעתר 4 יחידות 4,,,פיתה זעתר 4 יחידות 4,Unknown,4.00,יחידה,false,,13.90,3.4750,true,1,181369
7290017746326,false,חלה קלועה טייכהולץ א,מאפיית דוידוביץ ובני,,חלה קלועה טייכהולץ א,גרמים,750.00,100 גרם,false,,16.90,0.0225,true,1,181888
7290017746586,true,פיתות ביס 10 יחידות,,,פיתות ביס 10 יחידות,,0.00,,false,,13.90,0.0000,true,1,190207
7290017812069,false,יין אמרלד ריזלינג שרדונה אקסלנס Excellence,יקבי כרמל Carmel Winery,,יין לבן חצי יבש אקסל,מיליליטרים,750.00,"100 מ""ל",false,,27.20,0.0363,true,1,167702
7290017812083,false,מיץ תירוש אדום רמי לוי 1 לי,,,תירוש ענבים אדום רמי,מיליליטרים,1000.00,"100 מ""ל",false,,13.90,0.0139,true,1,169223
7290017812373,false,יין שרדונה לבן יבש פרייבט קולקשן - בקבוק אישי,יקבי כרמל Carmel Winery,,יין לבן יבש שרדונה 3,מיליליטרים,375.00,"100 מ""ל",false,,19.90,0.0531,true,1,167707
7290017812847,false,"יין פרנץ גוורצטרמינר סלקטד כרמל 750 מ""ל","כד בני דרום בע""מ",,יין לבן חצי יבש גוור,מיליליטרים,750.00,"100 מ""ל",false,,30.20,0.0403,true,1,167709
7290017812861,false,יין וינו לבן יקבי כרמל,כרמל מזרחי,,יין לבן יבש וינו 750,מיליליטרים,750.00,"100 מ""ל",false,,22.20,0.0296,true,1,167710
7290017845029,false,פטריות צמד משפחתי (מ,,,פטריות צמד משפחתי (מ,Unknown,1.00,יחידה,false,,17.90,17.9000,true,1,169599
7290017845203,false,שמפיניון ארוז א.א-מוגו,,,פטריות א.א (מוג'ו),Unknown,1.00,יחידה,false,,9.90,9.9000,true,1,169604
7290017864259,false,בזיליקום 100ג רמי לוי,,,בזילקום 100 גרם,גרמים,100.00,100 גרם,false,,9.90,0.0990,true,1,169612
7290017864341,false,תפוא למיקרו רמי לוי,,,"תפו""א למיקרו 700 גרם",Unknown,1.00,יחידה,false,,7.90,7.9000,true,1,169613
7290017864358,false,נענע ארוז רמי לוי,,,נענע ארוז רמי לוי,Unknown,1.00,יחידה,false,,4.90,4.9000,true,1,169614
7290017864365,false,פטרוזליה ארוז רמי לוי,,,פטרוזיליה ארוז רמי ל,Unknown,1.00,יחידה,false,,4.90,4.9000,true,1,169615
7290017864372,false,שמיר ארוז רמי לוי,,,שמיר ארוז רמי לוי,Unknown,1.00,יחידה,false,,4.90,4.9000,true,1,169616
7290017864389,false,כוסברה ארוז רמי לוי,,,כוסברה ארוז רמי לוי,Unknown,1.00,יחידה,false,,4.90,4.9000,true,1,169617
7290017864396,false,סלרי ארוז רמי לוי,,,סלרי ארוז רמי לוי,Unknown,1.00,יחידה,false,,6.90,6.9000,true,1,169618
7290017864402,false,עלי מנגולד ארוז רמי לוי,,,עלי מנגולד ארוז רמי,Unknown,1.00,יחידה,false,,6.90,6.9000,true,1,169619
7290017864419,false,שורש פטרוזיליה ארוז,,,שורש פטרוזיליה ארוז,Unknown,1.00,יחידה,false,,5.90,5.9000,true,1,169620
7290017864426,false,בצל ירוק ארוז רמי לוי,,,בצל ירוק רמי לוי,Unknown,1.00,יחידה,false,,6.90,6.9000,true,1,169621
7290017864457,false,סלרי ראש רמי לוי,,,סלרי ראש רמי לוי,Unknown,1.00,יחידה,false,,5.90,5.9000,true,1,169624
7290017864464,false,לוף פרסה ארוז רמי לוי,,,לוף/כרישה,Unknown,1.00,יחידה,false,,7.90,7.9000,true,1,169625
7290017864594,false,שום צנצנת רמי לוי,,,שום צנצנת רמי לוי,Unknown,1.00,יחידה,false,,12.90,12.9000,true,1,169631
7290017871370,false,פמילי יהלום- סבון ידיים מועשר בשמן אבוקדו לניקוי וטיפוח עור הידיים,המאפיה של הרמן,,סבון ידיים עם שמן אב,מיליליטרים,500.00,"100 מ""ל",false,,10.90,0.0218,true,1,161941
7290017871967,false,טוסו אבקת ג'לי טעם אננס 30גרם,אשבל מזון פונקציונלי בע\,,ג'לי בטעם אננס 25 גר,גרמים,25.00,100 גרם,false,,9.90,0.3960,true,1,161947
7290017871981,false,טוסו אבקת ג'לי טעם משמש 30גרם,אשבל מזון פונקציונלי בע\,,ג'לי בטעם משמש 25 גר,גרמים,25.00,100 גרם,false,,9.90,0.3960,true,1,161949
7290017872070,false,מארז מגבונים לחים בניחוח מרענן פרש וואנס שלישייה,"ווטנפס בע""\מn\",,מגבונים לחים בניחוח,Unknown,3.00,יחידה,false,,12.90,4.3000,true,1,181660
7290017872896,false,שקיות אשפה לארג גליל,גלילונית,,גלילונית ש. אשפה L ח,Unknown,44.00,יחידה,false,,22.90,0.5205,true,1,184064
7290017888026,false,"משקה אננס תפוח גזר פרות & ווג 350 מ""ל",פרוט אנד וג' Fruit & Veg,,פרוט & וג' אננס תפוח,מיליליטרים,330.00,"100 מ""ל",false,,7.80,0.0236,true,1,160055
7290017888033,false,"משקה בננה מלון נענע פרות &ווג 350 מ""ל",פרוט אנד וג' Fruit & Veg,,פרוט & וג' בננה מלון,מיליליטרים,330.00,"100 מ""ל",false,,7.80,0.0236,true,1,160056
7290017888101,false,"רביעיית פחיות שוופס מוגז עדין אפרסק 330 מ""ל.",יפאורה תבורי בעמ,,שוופס מוגז עדין אפרס,מיליליטרים,1320.00,"100 מ""ל",false,,13.70,0.0104,true,1,185089
7290017888347,false,מי עדן פקק ספורטאים 500,"מי עדן בע""מ",,מי עדן ספורט 0.5 ליט,מיליליטרים,500.00,"100 מ""ל",false,,3.90,0.0078,true,1,170966
7290017888729,false,שוופס סודה בקבוק 1 ל',"יפאורה תבורי בע""\מ",,שוופס סודה 1 ליטר,מיליליטרים,1000.00,"100 מ""ל",false,,4.20,0.0042,true,1,185738
7290017928036,false,מקלות גריסיני שומשום מאיר בייגל 175 גרם,מאיר את בייגל,,גריסיני שומשום 175 ג,גרמים,175.00,100 גרם,false,,11.90,0.0680,true,1,161950
7290017928043,false,מקלות גריסיני קראנץ' מלח מאיר בייגל 175 גרם,מאיר את בייגל,,גריסיני קראנץ' מלח 1,גרמים,175.00,100 גרם,false,,11.90,0.0680,true,1,161951
7290017928074,false,שטוחלה מלח מאיר בייגל אריזה שקופה 250 גרם,מאיר בייגל,,מאיר בייגל-בייגלה שט,גרמים,250.00,100 גרם,false,,7.90,0.0316,true,1,161952
7290017928098,false,שטוחלה מלח מאיר בייגל 330 גרם,מאיר את בייגל,,שטוחלה מלח מאיר בייג,גרמים,330.00,100 גרם,false,,11.90,0.0361,true,1,183656
7290017928227,false,"בייגלה שטוח'לה פינוקים שומשום, קצח, שום ובצל",מאיר את בייגל,,שטוח פינוקים 300 גרם,גרמים,300.00,100 גרם,false,,11.90,0.0397,true,1,161954
7290017928432,false,מקלות גריסיני קראנץ' פרג מאיר בייגל 175 גרם,מאיר את בייגל,,גריסיני קראנץ' פרג 1,גרמים,175.00,100 גרם,false,,11.90,0.0680,true,1,161959
7290017928616,false,מאיר בייגל שטוחהלה שומשום 300 גר',מאיר את בייגל,,שטוח שומשום 300 גרם,גרמים,300.00,100 גרם,false,,11.90,0.0397,true,1,161961
7290017928630,false,מקלות גריסיני קראנץ' פינוקים מאיר בייגל 175 גרם,מאיר את בייגל,,גריסיני קראנץ' פינוק,גרמים,175.00,100 גרם,false,,11.90,0.0680,true,1,161962
7290017928661,false,מאיר בייגל -סמאש-שבורים בטעם צ'דר 300 גרם,מאיר בייגל,,סמאש- שבורים בטעם צ',גרמים,300.00,100 גרם,false,,14.90,0.0497,true,1,161963
7290017928821,false,מאיר בייגל מקלות גריסיני קלאסי 200 גרם,מאיר את בייגל,,גריסיני קלאסי 200 גר,גרמים,200.00,100 גרם,false,,11.90,0.0595,true,1,161964
7290017947105,false,לחם אנג'ל בסגנון אמריקה 500 גרם,מאפיית שלמה א. אנג'\ל בע,,לחם סגנון אמריקה אנג,גרמים,500.00,100 גרם,false,,12.90,0.0258,true,1,159142
7290017947457,false,חלה קלועה כוסמין אנג'ל ארוזה 500 גרם,מאפיית שלמה א. אנגל,,חלה קלועה כוסמין 500,גרמים,500.00,100 גרם,false,,16.90,0.0338,true,1,183885
7290017947464,false,שמיניית פיתות כוסמין אנג'ל 8*50 גרם,מאפיית שלמה א.אנג'\ל בע\,,פיתות כוסמין אנג'ל 4,Unknown,8.00,יחידה,false,,14.90,1.8625,true,1,181457
7290017947495,false,6 לחמניות כוסמין 450 גרם אנג'ל,"איטיליאן פוד, אס.פי.",,לחמניות כוסמין 6 יחי,Unknown,6.00,יחידה,false,,13.90,2.3167,true,1,181808
7290017947891,false,לחם אנג'ל כוסמין וחיטה מלאה 750 גרם,מאפיית שלמה א. אנג'\ל בע,,לחם כוסמין וחיטה מלא,גרמים,750.00,100 גרם,false,,14.90,0.0199,true,1,159152
7290017947921,false,לחמניות המבורגר בסגנון אמריקאי מארז 6 יח',מאפיית שלמה א. אנג'\ל בע,,שישיית לחמניות המבור,גרמים,450.00,100 גרם,false,,12.90,0.0287,true,1,159153
7290017947938,false,מיני לחמניות המבורגר בסגנון אמריקה 400 ג' אנג'ל,מאפיית שלמה א. אנג'\ל בע,,8 לחמניות המבורגר בס,גרמים,400.00,100 גרם,false,,13.90,0.0348,true,1,183955
7290018045497,false,בון בון דגנים במילוי קרם שוקולד 480 גרם,monday,,בון בון דגנים 480 גר,גרמים,480.00,100 גרם,false,,21.90,0.0456,true,1,184948
7290018165447,false,"יין רזרב GOLD מרלו ברקן 750 מ""ל",יקבי ברקן שיווק והפצה בע,,יין אדום חצי יבש קבר,מיליליטרים,750.00,"100 מ""ל",false,,50.20,0.0669,true,1,181271
7290018192610,false,עגבניות שרי,עגבניות שרי 2 ב 15,,עגבניות שרי,Unknown,1.00,יחידה,false,,8.90,8.9000,true,1,158923
7290018192658,false,מארז זוג פטריות פורטובלה ושמפיניון מרינה,"מרינה פטריות הגליל בע""מ",,פטריות זוגות איטלקי,Unknown,1.00,יחידה,false,,17.90,17.9000,true,1,185413
7290018195406,false,"שמן זית כתית ""טעים"" 750 מ""ל טעמן",מוצרי יסוד - טעמן,,שמן זית כתית מעולה ט,מיליליטרים,750.00,"100 מ""ל",false,,32.90,0.0439,true,1,185115
7290018237489,false,פסטרמה ברביקיו דק דק עוף טוב 200 גרם,"עוף טוב (שאן) בע""מ",,דק דק פסטרמה ברביקיו,גרמים,220.00,100 גרם,false,,18.90,0.0859,true,1,184991
7290018237496,false,פסטרמה בדבש דק דק עוף טוב 200 גרם,"עוף טוב (שאן) בע""מ",,דק דק פסטרמה דבש עוף,גרמים,220.00,100 גרם,false,,18.90,0.0859,true,1,184992
7290018237502,false,עוף טוב כתף בקר דק-דק 200 גרם,"עוף טוב (שאן) בע""מ",,דק דק כתף בקר עוף טו,גרמים,200.00,100 גרם,false,,18.90,0.0945,true,1,184993
7290018282007,false,שמפו+ג'ל רחצה+סבון לגבר 750 מל,,,שמפו + ג'ל רחצה + סב,מיליליטרים,750.00,"100 מ""ל",false,,8.90,0.0119,true,1,181401
7290018294192,false,"יין בלנד היינן אדום יבש 750 מ""ל p.c",כרמל מזרחי,,יין אדום יבש בלנד הי,מיליליטרים,750.00,"100 מ""ל",false,,39.90,0.0532,true,1,184627
7290018294208,false,"סלקטדאדום ישראלי יבש כרמל 750 מ""ל","כד בני דרום בע""מ",,סלקטד אדום ישראלי 75,מיליליטרים,750.00,"100 מ""ל",false,,29.90,0.0399,true,1,183587
7290018294352,false,"ארק יקבי כרמל 700 מ""",יקבי כרמל Carmel Winery,,"ארק כרמל 700 מ""ל",מיליליטרים,700.00,"100 מ""ל",false,,55.20,0.0789,true,1,184583
7290018380079,false,אפונת גינה גדולה 550 ג' תומר,,,אפונת גינה תומר 550,גרמים,550.00,100 גרם,false,,5.90,0.0107,true,1,170461
7290018380390,false,עוגיות בטעם חמאה 340 גרם פח,,,עוגיות פח בטעם חמאה,גרמים,340.00,100 גרם,false,,10.90,0.0321,true,1,188234
7290018380871,false,פטיסון כבוש 670 גרם תומר,Polan polsko francus,,פטיסון כבוש שלם תומר,גרמים,670.00,100 גרם,false,,13.90,0.0207,true,1,185726
7290018400647,false,סמודיז בננה תמר סנפרוסט 300 גרם,"סנפרוסט בע""\מ",,תערובת סמוטי בננה תמ,גרמים,300.00,100 גרם,false,,16.90,0.0563,true,1,181754
7290018440070,false,תרכיז עגבניות בשפורפרת 28BX בלה איטליה 200 ג',בלה איטליה Bella Italia,,תרכיז עגבניות בשפורפ,גרמים,200.00,100 גרם,false,,8.90,0.0445,true,1,159104
7290018440193,false,פליפז בייגלה בציפוי קרם בטעם חמאת בוטנים מקוויטיס 140 גרם,שוורצקוף& הנקל דיסלד,,FLIPZ - בייגלה מצופה,גרמים,140.00,100 גרם,false,,9.50,0.0679,true,1,181197
7290018440209,false,פליפז בייגלה בציפוי פאדג' לבן מקוויטיס 140 גרם,שוורצקוף& הנקל דיסלד,,FLIPZ - בייגלה פאדג',גרמים,140.00,100 גרם,false,,9.50,0.0679,true,1,181198
7290018440223,false,תה צ'אי מסאלה 25 שקיקים ויסוצקי,תה ויסוצקי,,צ'אי מסאלה ויסוצקי 5,גרמים,50.00,100 גרם,false,,21.90,0.4380,true,1,184009
7290018440230,false,תה צ'אי ורדים 25 שקיקים ויסוצקי,תה ויסוצקי,,צ'אי ורדים ויסוצקי 5,גרמים,50.00,100 גרם,false,,21.90,0.4380,true,1,184010
7290018440254,false,תה צ'אי קרמל מלוח 25 שקיקים ויסוצקי,תה ויסוצקי,,צ'אי קרמל מלוח ויסוצ,גרמים,50.00,100 גרם,false,,21.90,0.4380,true,1,184012
7290018440391,false,תה ירוק מאטה נענע גוארנה ויסוצקי 25 יחידות,תה ויסוצקי,,תה ירוק מאטה נענע גו,גרמים,37.50,100 גרם,false,,24.90,0.6640,true,1,184014
7290018440407,false,תה ירוק מאטה קקאו לוז ויסוצקי 25 יחידות,תה ויסוצקי,,תה ירוק מאטה קקאו לו,גרמים,37.50,100 גרם,false,,24.90,0.6640,true,1,184015
7290018440445,false,טונה קאלוו בשמן זית 160 גר,"קאלוו קונסרבס ס.ל.יו. ,",,טונה בשמן זית קלבו 1,גרמים,160.00,100 גרם,false,,16.90,0.1056,true,1,186351
7290018440476,false,פליפז בייגלה מצופה בקרם עוגת גבינה ותותים מקוויטיס 140 גרם,אולקר מקבוצת פלאדיס,,FLIPZ - בייגלה מצופה,גרמים,140.00,100 גרם,false,,9.50,0.0679,true,1,182334
7290018440483,false,פליפז בייגלה מצופה בקרמל מלוח ושוקולד מקוויטיס 140 גרם,שוורצקוף& הנקל דיסלד,,FLIPZ - בייגלה מצופה,גרמים,140.00,100 גרם,false,,9.50,0.0679,true,1,182335
7290018440513,false,סלט קליפורנייה קאלוו עם טונה 150 גר,"קאלוו קונסרבס ס.ל.יו. ,",,סלט קליפורניה עם טונ,גרמים,150.00,100 גרם,false,,14.90,0.0993,true,1,186355
7290018440520,false,סלט טונה קאלוו מקסיקני 150 גר,"קאלוו קונסרבס ס.ל.יו. ,",,סלט טונה מקסיקני קלב,גרמים,150.00,100 גרם,false,,14.90,0.0993,true,1,186356
7290018443040,false,נבטים סיניים (בוסתן,בוסתן עשבי תיבול,,נבטים סינים,Unknown,1.00,יחידה,false,,6.90,6.9000,true,1,169632
7290018443057,false,נבטי חמניה (בוסתן),,,נבטי חמניה,Unknown,1.00,יחידה,false,,9.90,9.9000,true,1,169633
7290018443064,false,נבטי אלפלפא (בוסתן),,,נבטי אלפלפא,Unknown,1.00,יחידה,false,,6.90,6.9000,true,1,169634
7290018443347,false,שמיר ברכת קטיף מצע מנותק ייבול נוכרי,ברכת קטיף,,שמיר ייבול נוכרי ברכ,Unknown,1.00,יחידה,false,,5.90,5.9000,true,1,183876
7290018443545,false,פלפל צילי אדום 200 גרם,,,פלפל צ'ילי אדום 200,גרמים,200.00,גרם,false,,10.90,0.0545,true,1,187920
7290018443736,false,בייבי מיקס רמי לוי 150 גרם,,,בייבי מיקס רמי לוי 1,גרמים,150.00,100 גרם,false,,9.90,0.0660,true,1,184182
7290018443781,false,רוקט 150 גרם רמי לוי,,,רוקט 150 ג' רמי לוי,גרמים,150.00,100 גרם,false,,9.90,0.0660,true,1,184187
7290018468302,false,נקניקיה טבעונית בסגנון מרגז טירת צבי 400 ג,טירת צבי - מדף,,נקניקיה צמחית בסגנון,גרמים,400.00,100 גרם,false,,39.90,0.0997,true,1,186493
7290018468319,false,נקניקיה טבעונית בסגנון צוריסוס טירת צבי 400 גרם,טירת צבי - מדף,,נקניקיה צמחית בסגנון,גרמים,400.00,100 גרם,false,,39.90,0.0997,true,1,186494
7290018468425,false,נקניק טבעוני בטעם פיקנטי 100 גרם טירת צבי,טיב טירת צבי 2000,,נקניק טבעוני בטעם פי,גרמים,100.00,100 גרם,false,,19.90,0.1990,true,1,188077
7290018468432,false,נקניק טבעוני בטעם מעושן 100 גרם טירת צבי,טיב טירת צבי 2000,,נקניק טבעוני בטעם מע,גרמים,100.00,100 גרם,false,,19.90,0.1990,true,1,188078
7290018471180,false,משקה פרוט& ווג' אננס תפוח גזר 1 ליטר,מיוצר עי קונדיטוריית,,פרוט & ווג' אננס תפו,מיליליטרים,1000.00,"100 מ""ל",false,,13.40,0.0134,true,1,181932
7290018471197,false,פרוט & ווג' תפוח בננה מלון נענע 1 ליטר,פרוט אנד וג' Fruit & Veg,,פרוט & ווג' תפוח בננ,מיליליטרים,1000.00,"100 מ""ל",false,,13.20,0.0132,true,1,181952
7290018471395,false,משקה פרוט& ווג' תפוח רימון ג'ינג'ר 1 ליטר,פרוט אנד וג' Fruit & Veg,,פרוט & ווג' תפוח רימ,מיליליטרים,1000.00,"100 מ""ל",false,,13.20,0.0132,true,1,181953
7290018471401,false,משקה פרוט& ווג' אננס בננה כורכום 1 ליטר,מיוצר עי קונדיטוריית,,פרוט & ווג' אננס בננ,מיליליטרים,1000.00,"100 מ""ל",false,,13.40,0.0134,true,1,181935
7290018471449,false,ספרינג שייק בננה תמר תפוז קרטונית 1 ליטר,"יפאורה תבורי בע""\מ",,ספרינג שייק בננה תמר,מיליליטרים,1000.00,"100 מ""ל",false,,13.10,0.0131,true,1,182353
7290018471463,false,תפוזינה נקטר תפוז מנגו קרטונית 1 ליטר,"יפאורה תבורי בע""\מ",,תפוזינה נקטר תפוז מנ,מיליליטרים,1000.00,"100 מ""ל",false,,7.20,0.0072,true,1,181650
7290018471470,false,תפוזינה נקטר תפוז פסיפלורה קרטונית 1 ליטר,"יפאורה תבורי בע""\מ",,תפוזינה נקטר תפוז פס,מיליליטרים,1000.00,"100 מ""ל",false,,7.20,0.0072,true,1,181651
7290018471487,false,תפוזינה נקטר תפוז אננס קרטונית 1 ליטר,"יפאורה תבורי בע""\מ",,תפוזינה נקטר תפוז אנ,מיליליטרים,1000.00,"100 מ""ל",false,,7.20,0.0072,true,1,181652
7290018471531,false,"ספרינג ענבים 250 מ""ל בקבוק",,,"ספרינג ענבים 250 מ""ל",מיליליטרים,250.00,"100 מ""ל",false,,3.30,0.0132,true,1,185130
7290018471548,false,"רביעיית ספרינג ענבים 250 מ""ל","יפאורה תבורי בע""\מ",,ספרינג ענבים 4*250 מ,מיליליטרים,1000.00,"100 מ""ל",false,,12.80,0.0128,true,1,185131
7290018471616,false,שוופס אינדיאן טוניק 1 ליטר,"יפאורה תבורי בע""\מ",,שוופס אינדיאן טוניק,מיליליטרים,1000.00,"100 מ""ל",false,,9.80,0.0098,true,1,181937
7290018471630,false,שוופס טוניק מלפפון ליים 1 ליטר,"יפאורה תבורי בע""\מ",,שוופס טוניק מלפפון ל,מיליליטרים,1000.00,"100 מ""ל",false,,9.20,0.0092,true,1,181939
7290018471906,false,שוופס מוגז פירות לימונדה ורודה 1.5 ליטר פיקדון,"יפאורה תבורי בע""\מ",,שוופס מוגז פינק למונ,מיליליטרים,1500.00,"100 מ""ל",false,,9.10,0.0061,true,1,184430
7290018471913,false,משקה מוגז פירות תפוחים שוופס 1.5 ליטר,"יפאורה תבורי בע""\מ",,שוופס מוגז תפוחים 1.,מיליליטרים,1500.00,"100 מ""ל",false,,9.30,0.0062,true,1,184431
7290018471937,false,שוופס מוגז פירות תות ליים 1.5 ליטר פיקדון,"יפאורה תבורי בע""\מ",,שוופס מוגז פירות תות,מיליליטרים,1500.00,"100 מ""ל",false,,9.10,0.0061,true,1,184432
7290018471944,false,שוופס מוגז פירות לימונייד 1.5 ליטר פיקדון,"יפאורה תבורי בע""\מ",,שוופס מוגז למונייד 1,מיליליטרים,1500.00,"100 מ""ל",false,,9.10,0.0061,true,1,184433
7290018500231,false,לחם פרוס וויקאנד אנג'ל 750 גרם,מאפיית שלמה א. אנג'\ל בע,,לחם וויקנד אנג'ל 750,גרמים,750.00,100 גרם,false,,15.90,0.0212,true,1,187121
7290018516324,false,פאוץ' פרינוק תפוח עץ עם שיבולת שועל 120 גרם,פרוטה פודווין איי.אס,,פאוץ' פרינוק תפוח וש,גרמים,120.00,100 גרם,false,,6.50,0.0542,true,1,187626
7290018516331,false,פאוץ' פרינוק תפוח בננה ושיבולת שועל 120 גרם,פרוטה פודווין איי.אס,,פאוץ' פרינוק תפוח בנ,גרמים,120.00,100 גרם,false,,6.50,0.0542,true,1,187627
7290018516348,false,מחית פרינוק פאוץ' שיבולת שועל סלט פירות 120 גרם,פרוטה פודווין איי.אס,,פאוץ' פרינוק סלט פיר,גרמים,120.00,100 גרם,false,,6.50,0.0542,true,1,187628
7290018517024,false,"בסיס לפיצה בנוסח איטלקי 30 ס""מ 4 יח'",,,בסיס לפיצה בנוסח איט,Unknown,4.00,יחידה,false,,12.90,3.2250,true,1,188057
7290018517147,false,פופקורן למיקרוגל בטעם טבעי 300 ג',RAMSEY,,פופקורן למיקרוגל בטע,גרמים,300.00,100 גרם,false,,9.90,0.0330,true,1,188059
7290018517246,false,רוטב רימונים מרוכז נאמן 340 ג',,,רוטב רימונים מרוכז 3,גרמים,340.00,100 גרם,false,,9.90,0.0291,true,1,188062
7290018540329,false,שקית פיתה פיתה בלדי 800 ג' אנג'ל,מאפיית שלמה א. אנג'\ל בע,,פיתה פיתה באלדי אנג',Unknown,8.00,יחידה,false,,12.90,1.6125,true,1,181458
7290018540817,false,ארטיזנל לחם מחמצת כוסמין אנג'ל 500 גרם,מאפיית אורנים,,לחם מחמצת כוסמין ארט,גרמים,500.00,100 גרם,false,,17.90,0.0358,true,1,184709
7290018540824,false,ארטיזנל לחם מחמצת כפרי אנג'ל 500 גרם,מאפיית אורנים,,לחם מחמצת כפרי ארטיז,גרמים,500.00,100 גרם,false,,16.90,0.0338,true,1,184710
7290018540831,false,ארטיזנל לחם מחמצת חיטה מלאה ודגנים אנג'ל 500 גרם,מאפיית אורנים,,לחם מחמצת חיטה מלאה,גרמים,500.00,100 גרם,false,,16.90,0.0338,true,1,184711
7290018564004,false,גזר גמדי רמילוי 800 גר,,,גזר גמדי 800 גרם רמי,גרמים,800.00,100 גרם,false,,8.90,0.0111,true,1,181731
7290018564011,false,אפונת גינה רמילוי 800 גר,,,אפונת גינה 800 גרם ר,גרמים,800.00,100 גרם,false,,8.90,0.0111,true,1,181732
7290018564028,false,אפונה עדינה 600ג רמילוי,,,אפונה עדינה 600 גרם,גרמים,600.00,100 גרם,false,,10.90,0.0182,true,1,181733
7290018564059,false,שעועית ירוקה שלמה עדינה 600ג רמילוי,,,שעועית ירוקה שלמה עד,גרמים,600.00,100 גרם,false,,10.90,0.0182,true,1,181736
7290018564066,false,אפונה וגזר רמילוי 800 גר,,,אפונה וגזר 800 גרם ר,גרמים,800.00,100 גרם,false,,9.90,0.0124,true,1,181737
7290018564073,false,במיה קפוא 600ג רמילוי,,,במיה 600 גרם רמי לוי,גרמים,600.00,100 גרם,false,,8.90,0.0148,true,1,181738
7290018564080,false,לקט ירקות רמילוי 800 גר,,,לקט ירקות העונה 800,גרמים,800.00,100 גרם,false,,10.90,0.0136,true,1,181739
7290018564110,false,ארטישוק קפוא 400ג רמילוי,,,ארטישוק קפוא 400 גרם,גרמים,400.00,100 גרם,false,,8.90,0.0223,true,1,181740
7290018564127,false,לקט לקוסקוס רמילוי 800 גר,,,לקט לקוסקוס 800 גרם,גרמים,800.00,100 גרם,false,,11.90,0.0149,true,1,181741
7290018564134,false,גרעיני תירס 800גר רמי לוי,,,גרעיני תירס 800 גרם,גרמים,800.00,100 גרם,false,,8.90,0.0111,true,1,181742
7290018564141,false,גרגירי חומוס מבושלים 800גר רמי לוי,,,גרעיני חומוס מבושלים,גרמים,800.00,100 גרם,false,,9.90,0.0124,true,1,181743
7290018564158,false,שעועית לבנה מבושלים 800גר רמי לוי,,,שעועית לבנה מבושלת 8,גרמים,800.00,100 גרם,false,,9.90,0.0124,true,1,181744
7290018564165,false,כרובית 800גר רמי לוי,,,כרובית 800 גרם רמי ל,גרמים,800.00,100 גרם,false,,9.90,0.0124,true,1,181745
7290018564172,false,ברוקולי 800גר רמי לוי,,,ברוקולי 800 גרם רמי,גרמים,800.00,100 גרם,false,,14.90,0.0186,true,1,181746
7290018564202,false,לקט ירקות למרק רמילוי 800 גר,,,לקט ירקות למרק 800 ג,גרמים,800.00,100 גרם,false,,11.90,0.0149,true,1,181748
7290018564547,false,ירקות חמוצים בטעם ביתי 500 גרם,,,ירקות חמוצים בטעם בי,גרמים,500.00,100 גרם,false,,22.90,0.0458,true,1,183280
7290018564585,false,ירקות חמוצים בטעם חמוץ מתוק 500 גרם,,,ירקות כבושים חמוץ מת,גרמים,500.00,100 גרם,false,,22.90,0.0458,true,1,183282
7290018720004,false,מעדני המלך- עוגיות סנדוויץ תות 150 גרם,סנו מפעלי ברונוס.,,עוגיות סנדוויץ תות 1,גרמים,150.00,100 גרם,false,,3.50,0.0233,true,1,183314
7290018720028,false,קרנבל אותיות ביסקוויט בטעם חמאה 250 ג' מעדני מלך,הגביע מוצרי וופלים,,מעדני מלך- אותיות 25,גרמים,250.00,100 גרם,false,,6.90,0.0276,true,1,181555
7290018720103,false,"אפיפיות וופל בטעם שוקו לל""ס הדר 250 גרם","א.ג גילרו בע""\מ",,וופל ללא סוכר מעדני,גרמים,250.00,100 גרם,false,,8.90,0.0356,true,1,183817
7290018720189,false,מעדני מלך-ביסקוויט קסטה בטעם שוקו 200 גרם,הגביע,,ביסקוויט קסטה מעדני,גרמים,200.00,100 גרם,false,,6.50,0.0325,true,1,187539
7290018720219,false,פצפוצי אורז ללא סוכר מעדני מלך 250 גרם,אשבל מזון פונקציונלי,,פצפוצי אורז ללא סוכר,גרמים,250.00,100 גרם,false,,12.90,0.0516,true,1,187540
7290018720226,false,פצפוצי אורז מעדני מלך 250 גרם,אשבל מזון פונקציונלי,,פצפוצי אורז מעדני מל,גרמים,250.00,100 גרם,false,,12.90,0.0516,true,1,187541
7290018732205,false,אוכמניות יחידה,,,אוכמניות יחידה,גרמים,125.00,100 גרם,false,,19.90,0.1592,true,1,186922
7290018825013,false,"תפו""א אדום תפזורת",3 יחידות,,"תפו""א אדום תפזורת",קילוגרמים,1.00,"ק""ג",true,,5.90,5.9000,true,1,188248
7290018825211,false,"תפו""א לבן תפזורת",3 יחידות,,"תפו""א לבן תפזורת",קילוגרמים,1.00,"ק""ג",true,,4.90,4.9000,true,1,188249
7290018893005,false,"חטיפי בייגלה אפוי בטעם חרדל ודבש, 160 גרם",SC ALKA TRADING CO S,,צ'וקטה בייגלה שטוח ח,גרמים,160.00,100 גרם,false,,6.90,0.0431,true,1,184177
7290018893098,false,צ'וקטה עוגויות ביסקוויט מצופה שוקולד חלב 100 גרם,דיסטרופר אוליבייר,,ביסקוויט מצופה שוקול,גרמים,100.00,100 גרם,false,,6.90,0.0690,true,1,184969
7290018893456,false,צ'וקטה עוגות אישיות במילוי קרם ובציפוי בטעם שוקולד 300 גרם,"פרדי קונדיטוריה אס,פי.אי",,צ'וקטה עוגות אישיות,גרמים,300.00,100 גרם,false,,11.90,0.0397,true,1,183503
7290018893654,false,חטיפי בייגלה דקיקים ופריכים מלח צ'וקטה 200 ג',SC ALKA TRADING CO S,,צ'וקטה בייגלה בתוספת,גרמים,200.00,100 גרם,false,,6.90,0.0345,true,1,184133
7290018893852,false,חטיפי בייגלה דקיקים ופריכים שומשום צ'וקטה 200 ג',SC ALKA TRADING CO S,,צ'וקטה בייגלה בתוספת,גרמים,200.00,100 גרם,false,,6.90,0.0345,true,1,184136
7290018894019,false,עוגות אישיות במילוי קרם חלבי ובציפוי קרם קקאו,בלקוני Balconi,,בלקוני עוגות אישיות,גרמים,350.00,100 גרם,false,,14.90,0.0426,true,1,185373
7290018894408,false,קוביות וופל במילוי קרם אגוזי לוז - חלבי,בלקוני Balconi,,בלקוני וופל קוביות א,גרמים,250.00,100 גרם,false,,11.90,0.0476,true,1,185376
7290018921067,false,"ד""ר פישר - אפקטיב קר תחליב רחצה שמן שקדים 700 מ""ל",פישר מעבדות פרמצבטיות בע,,תחליב רחצה מועשר בשמ,מיליליטרים,700.00,"100 מ""ל",false,,16.90,0.0241,true,1,184084
7290018921456,false,"ד""ר פישר - אפקטיב קר תחליב רחצה שמן כותנה 700 מ""ל",פישר מעבדות פרמצבטיות בע,,תחליב רחצה מועשר בשמ,מיליליטרים,700.00,"100 מ""ל",false,,16.90,0.0241,true,1,184085
7290018925065,false,מיץ פרימור תפוזים סחוט 2 ליטר-,"גניר (1992) בע""מ",,מיץ תפוזים סחוט פרימ,מיליליטרים,2000.00,"100 מ""ל",false,,27.20,0.0136,true,1,184592
7290018925072,false,משקה קל לימונים ונענע 2 ל פרימור,"גניר (1992) בע""מ",,מיץ לימונענע פרימור,מיליליטרים,2000.00,"100 מ""ל",false,,27.20,0.0136,true,1,184593
7290018972083,false,קיינד טבעוני שוארמה בטורטיה 360 גרם,,,קיינד א שוארמה בטורט,גרמים,360.00,100 גרם,false,,22.90,0.0636,true,1,186281
7290018972618,false,תומר תמר מגהול לח קפ,,,תומר תמר מגהול לח קפ,גרמים,1000.00,100 גרם,false,,19.90,0.0199,true,1,186289
7290019036234,false,שיני שום קלופות ארוז,,,שיני שום קלופות 200,גרמים,200.00,100 גרם,false,,13.90,0.0695,true,1,189995
7290019044000,false,"תפו""א לבן ארוז",,,"תפו""א לבן ארוז",קילוגרמים,1.00,"ק""ג",true,,5.90,5.9000,true,1,183852
7290019056027,false,שוופס מוגז פירות תפוחים ללא סוכר 1.5 ליטר פיקדון,"יפאורה תבורי בע""\מ",,שוופס מוגז פירות ללס,מיליליטרים,1500.00,"100 מ""ל",false,,8.20,0.0055,true,1,184434
7290019056065,false,שוופס מוגז עדין פירות יער 1.5 ליטר פיקדון,"יפאורה תבורי בע""\מ",,שוופס מוגז עדין פירו,מיליליטרים,1500.00,"100 מ""ל",false,,8.80,0.0059,true,1,184435
7290019056072,false,שוופס מוגז עדין אננס 1.5 ליטר פיקדון,מיוצר עי קונדיטוריית,,שוופס מוגז עדין אננס,מיליליטרים,1500.00,"100 מ""ל",false,,8.80,0.0059,true,1,184436
7290019056096,false,שוופס מוגז עדין אפרסק 1.5 ליטר פיקדון,"יפאורה תבורי בע""\מ",,שוופס מוגז עדין אפרס,מיליליטרים,1500.00,"100 מ""ל",false,,8.80,0.0059,true,1,184437
7290019056164,false,שוופס סודה 1.5 ליטר רביעייה פיקדון,"יפאורה תבורי בע""\מ",,רביעית שוופס סודה 1.,מיליליטרים,1500.00,"100 מ""ל",false,,12.10,0.0081,true,1,184438
7290019056201,false,מארז רביעיית סודה בטעם פירות יער 1.5 ל' שוופס,"יפאורה תבורי בע""\מ",,סודה בטעם פירות יער,מיליליטרים,6000.00,"100 מ""ל",false,,12.10,0.0020,true,1,184440
7290019056232,false,משקה מוגז בטעם ליים מוחיטו 1.5 ל' שוופס,"יפאורה תבורי בע""\מ",,שוופס ליים מוחיטו 1.,מיליליטרים,1500.00,"100 מ""ל",false,,9.10,0.0061,true,1,184441
7290019056249,false,שוופס מים בטעמים ענבים 1.5 ליטר פיקדון,מיוצר עי קונדיטוריית,,מים בטעם ענבים שוופס,מיליליטרים,1500.00,"100 מ""ל",false,,8.20,0.0055,true,1,184442
7290019056256,false,שוופס מים בטעמים תפוחים 1.5 ליטר פיקדון,מיוצר עי קונדיטוריית,,מים בטעם תפוח שוופס,מיליליטרים,1500.00,"100 מ""ל",false,,8.20,0.0055,true,1,186152
7290019056263,false,שוופס מים בטעמים אפרסק 1.5 ליטר פיקדון,מיוצר עי קונדיטוריית,,מים בטעם אפרסק שוופס,מיליליטרים,1500.00,"100 מ""ל",false,,8.20,0.0055,true,1,184443
7290019056294,false,משקה בטעם גינגר אייל 1.5 ל' שוויפס,"יפאורה תבורי בע""\מ",,שוופס ג'ינג'ר 1.5 לי,מיליליטרים,1500.00,"100 מ""ל",false,,12.20,0.0081,true,1,184444
7290019056300,false,משקה בטעם ביטר לימון 1.5 ל' שוויפס,"יפאורה תבורי בע""\מ",,שוופס ביטר 1.5 ליטר,מיליליטרים,1500.00,"100 מ""ל",false,,12.20,0.0081,true,1,184445
7290019056331,false,משקה בטעם טוניק ללא סוכר 1.5 ל' שוופס,מיוצר עי קונדיטוריית,,שוופס טוניק ללס 1.5,מיליליטרים,1500.00,"100 מ""ל",false,,12.20,0.0081,true,1,184448
7290019056355,false,תפוזינה לימונדה MIX לימונענע 1.5 ליטר,"יפאורה תבורי בע""\מ",,תפוזינה לימונענע 1.5,מיליליטרים,1500.00,"100 מ""ל",false,,9.60,0.0064,true,1,184449
7290019056379,false,תפוזינה תפוזים 1.5 ליטר פיקדון,"יפאורה תבורי בע""\מ",,תפוזינה תפוזים 1.5 ל,מיליליטרים,1500.00,"100 מ""ל",false,,9.60,0.0064,true,1,184450
7290019056478,false,ספרינג טי קר אפרסק 1.5ליטר פיקדון,"יפאורה תבורי בע""\מ",,ספרינג תה אפרסק 1.5,מיליליטרים,1500.00,"100 מ""ל",false,,8.80,0.0059,true,1,184452
7290019056485,false,ספריג תה ירוק לימון לואיזה 1.5 ליטר פיקדון,"יפאורה תבורי בע""\מ",,ספרינג תה ירוק לימון,מיליליטרים,1500.00,"100 מ""ל",false,,8.20,0.0055,true,1,184453
7290019056515,false,fruit water פרוט ווטר אננס 1.5 ליטר-,"יפאורה תבורי בע""\מ",,משקה בטעם אננס פרוט,מיליליטרים,1500.00,"100 מ""ל",false,,8.80,0.0059,true,1,184454
7290019056522,false,מים בטעם תות 1.5 ל' פרוט וואטר,"יפאורה תבורי בע""\מ",,משקה בטעם תות פרוט ו,מיליליטרים,1500.00,"100 מ""ל",false,,8.80,0.0059,true,1,184455
7290019056546,false,fruit water פרוט ווטר אבטיח 1.5 ליטר-,"יפאורה תבורי בע""\מ",,משקה בטעם אבטיח פרוט,מיליליטרים,1500.00,"100 מ""ל",false,,8.80,0.0059,true,1,184456
7290019056553,false,שישיית מים מינרלים עין גדי 2 ליטר,עין גדי מיים מינרלים,,מים מינרלים עין גדי,קילוגרמים,12.00,ליטר,false,,13.80,1.1500,true,1,184457
7290019056560,false,עין גדי 2 ליטר בק' בודד פיקדון,עין גדי מיים מינרלים,,עין גדי 2 ליטר בקבוק,מיליליטרים,2000.00,"100 מ""ל",false,,3.80,0.0019,true,1,185095
7290019056577,false,משקה קל מנגו ספרינג 1.5 ליטר,"יפאורה תבורי בע""\מ",,ספרינג מנגו 1.5 ליטר,מיליליטרים,1500.00,"100 מ""ל",false,,9.40,0.0063,true,1,184341
7290019056584,false,משקה קל תפוזים ספרינג 1.5 ליטר,"יפאורה תבורי בע""\מ",,משקה קל תפוזים ספרינ,מיליליטרים,1500.00,"100 מ""ל",false,,9.40,0.0063,true,1,184458
7290019056591,false,משקה קל ענבים ספרינג 1.5 ליטר,"יפאורה תבורי בע""\מ",,ספרינג ענבים 1.5 ליט,מיליליטרים,1500.00,"100 מ""ל",false,,9.40,0.0063,true,1,184459
7290019056614,false,משקה קל אפרסק ספרינג 1.5 ליטר,"יפאורה תבורי בע""\מ",,משקה ספרינג אפרסק 1.,מיליליטרים,1500.00,"100 מ""ל",false,,9.10,0.0061,true,1,184460
7290019056621,false,משקה קל פירות טרופיים ספרינג 1.5 ליטר,"יפאורה תבורי בע""\מ",,ספרינג פירות טרופיים,מיליליטרים,1500.00,"100 מ""ל",false,,9.40,0.0063,true,1,184461
7290019056638,false,משקה קל תות בננה ספרינג 1.5 ליטר,"יפאורה תבורי בע""\מ",,ספרינג תות בננה 1.5,מיליליטרים,1500.00,"100 מ""ל",false,,9.40,0.0063,true,1,184462
7290019056645,false,משקה קל אגס תפוח סברס ספרינג 1.5 ליטר,"יפאורה תבורי בע""\מ",,ספרינג אגס סברס תפוח,מיליליטרים,1500.00,"100 מ""ל",false,,9.40,0.0063,true,1,184463
7290019056652,false,משקה קל אננס בננה ספרינג 1.5 ליטר,"יפאורה תבורי בע""\מ",,ספרינג אננס בננה 1.5,מיליליטרים,1500.00,"100 מ""ל",false,,9.40,0.0063,true,1,184464
7290019056669,false,משקה קל תפוחים דיאט ספרינג 1.5 ליטר,"יפאורה תבורי בע""\מ",,ספרינג תפוחים לייט 1,מיליליטרים,1500.00,"100 מ""ל",false,,8.20,0.0055,true,1,184465
7290019056942,false,מים מינרליים טבעיים,יפאורה,,עין גדי 2 ליטר בקבוק,מיליליטרים,2000.00,"100 מ""ל",false,,3.80,0.0019,true,1,185096
7290019056959,false,מי עדן 1.5 ליטר בק' בודד פיקדון,"מופק ממקור בזלתי עדן ,1",,מי עדן 1.5 ליטר,מיליליטרים,1500.00,"100 מ""ל",false,,4.50,0.0030,true,1,185097
7290019056966,false,מי עדן בקבוק פיקדון 1.5 ליטר,"מי עדן בע""מ",,מי עדן 1.5 ליטר,מיליליטרים,1500.00,"100 מ""ל",false,,4.50,0.0030,true,1,185098
7290019056973,false,שישיית מי עדן 1.5 ליטר משפחתי,"מופק ממקור בזלתי עדן ,1",,מים מינרליים מי עדן,מיליליטרים,9000.00,"100 מ""ל",false,,14.70,0.0016,true,1,184466
7290019153078,false,"שוופס ביטר למון לייט, 1.5 ליטר פקדון","יפאורה תבורי בע""\מ",,שוופס ביטר למון לייט,מיליליטרים,1500.00,"100 מ""ל",false,,12.20,0.0081,true,1,185093
7290019153221,false,שוופס סודה בטעם אננס 0.5 ליטר,יפאורה תבורי,,שוופס סודה אננס 0.5,מיליליטרים,500.00,"100 מ""ל",false,,4.90,0.0098,true,1,186329
7290019153238,false,שוופס סודה בטעם תפוח 0.5 ליטר,יפאורה תבורי,,שוופס סודה תפוח 0.5,מיליליטרים,500.00,"100 מ""ל",false,,4.90,0.0098,true,1,186330
7290019153245,false,שוופס סודה בטעם לימון 0.5 ליטר,יפאורה תבורי,,שוופס סודה לימון 0.5,מיליליטרים,500.00,"100 מ""ל",false,,4.90,0.0098,true,1,186331
7290019153252,false,שוופס סודה תפוח 1.5 ליטר רביעייה פיקדון,"יפאורה תבורי בע""\מ",,שוופס סודה תפוח 1.5,מיליליטרים,6000.00,"100 מ""ל",false,,12.10,0.0020,true,1,186332
7290019167020,false,עוגת גבינה עם פירות יער לייט עדן קינוחים 82 גרם,תנובה,,עוגת גבינה עם פירות,גרמים,80.00,100 גרם,false,,6.90,0.0863,true,1,188313
7290019167037,false,תותים בקצפת עדן קינוחים 82 גרם,תנובה,,תותים בקצפת עדן 82 ג,גרמים,82.00,100 גרם,false,,6.90,0.0841,true,1,188314
7290019167044,false,קצפת עם קרם בייגלה מתוק מלוח עדן קינוחים 82 גרם,תנובה,,קצפת עם קרם בייגלה מ,גרמים,82.00,100 גרם,false,,6.90,0.0841,true,1,188315
7290019232155,false,"חליטת ""לילה טוב"" קמומיל לבנדר ו25 שקיקים ויסוצקי",תה ויסוצקי,,"תה ""לילה טוב"" קמומיל",גרמים,37.50,100 גרם,false,,25.90,0.6907,true,1,188500
7290019232162,false,"חליטת ""לילה טוב"" קמומיל מליסה 25 שקיקים ויסוצקי",תה ויסוצקי,,"תה ""לילה טוב"" קמומיל",גרמים,37.50,100 גרם,false,,25.90,0.6907,true,1,188501
7290019233008,false,רוטב עגבניות עם קוביות ארטישוק ושמן זית 420ג ויסוצקי,דליציה דורה אס.אר.אל,,רוטב שקשוקה ארטישוק,גרמים,420.00,100 גרם,false,,13.90,0.0331,true,1,186440
7290019233015,false,רוטב שקשוקה תבשיל ירקות עם שמן זית כתית מעולה 420ג זיתא,זיתא,,רוטב שקשוקה ירוקה זי,גרמים,420.00,100 גרם,false,,13.90,0.0331,true,1,186441
7290019297239,false,צימוק חום 250 גרם ששון הקולה,"דין שיווק וקלייה בע""",,צימוק חום 330 גר' קו,גרמים,330.00,100 גרם,false,,12.90,0.0391,true,1,186395
7290019297246,false,שזיפים מיובשים 250 גרם ששון הקולה,"דין שיווק וקליה בע""מ",,שזיפים 330 גר' בקופס,גרמים,330.00,100 גרם,false,,18.90,0.0573,true,1,186396
7290019297628,false,שקד טבעי בשקית ששון הקולה 150 גרם,"דין שיווק וקלייה בע""",,שקד טבעי 150 גרם ששו,גרמים,150.00,100 גרם,false,,13.90,0.0927,true,1,182054
7290019297642,false,גרעין שחור קלוי ללא מלח ששון הקולה 150 ג',"דין שיווק וקלייה בע""",,גרעין שחור קלוי ללא,גרמים,150.00,100 גרם,false,,4.90,0.0327,true,1,188413
7290055090702,false,"איגלו שלוקים בטעמי פטל, לימון וענבים 60 יח'",מנדלז סי.אר. פרודקשן,,איגלו שלוקים 60 יחיד,Unknown,60.00,יחידה,false,,13.90,0.2317,true,1,160274
7290100243671,false,"מרכך כביסה מרוכז אקסטרה כחול בדין 960 מ""ל",יוניליוור סנאיי וי טיקאר,,מרכך כביסה מרוכז כחו,מיליליטרים,960.00,"100 מ""ל",false,,17.90,0.0186,true,1,161360
7290100653463,false,"פלמוליב - ארומה ג'ל רחצה מסאז' 500 מ""ל",קולגייט-פלמוליב,,גל רחצה טרמל ספא מוע,מיליליטרים,500.00,"100 מ""ל",false,,17.90,0.0358,true,1,165022
7290100680650,false,מנה חמה נודלס-אטריות ירקות טעם תאילנדי אסם 76 ג',PUB FOODS PRESIDENT THAI,,מנה חמה נודלס בסגנון,גרמים,76.00,100 גרם,false,,5.90,0.0776,true,1,159513
7290100680667,false,מנה חמה נודלס-אטריות+ירקות טעם סצ'ואן,PUB FOODS PRESIDENT THAI,,מנה חמה נודלס בסגנון,גרמים,76.00,100 גרם,false,,5.90,0.0776,true,1,159514
7290100680711,false,פירורית זהב אסם זהב 350ג',עינת תעשיות מזון אגו,,פירורי לחם מוזהבים פ,גרמים,350.00,100 גרם,false,,8.50,0.0243,true,1,159515
7290100680728,false,פירורית רגילה שקית 350 גרם,מיוצר עי קונדיטוריית,,פירורי לחם לבנים פיר,גרמים,350.00,100 גרם,false,,7.50,0.0214,true,1,159516
7290100681138,false,מארז אפרופו חטיף תירס 3 יחידות,"אסם השקעות בע""\מ",,מארז 3 אפרופו 50 גרם,גרמים,150.00,100 גרם,false,,12.90,0.0860,true,1,159520
7290100685136,false,"אבקת מרק בטעם עוף אסם 1 ק""ג","אסם השקעות בע""\מ",,מרק בטעם עוף פרווה כ,גרמים,1000.00,100 גרם,false,,14.90,0.0149,true,1,159530
7290100685334,false,אבקת מרק עוף אמיתי בשרי רכיבים טבעיים אסם 400 גרם,"אסם השקעות בע""\מ",,מרק עוף אמיתי מרכיבי,גרמים,400.00,100 גרם,false,,21.50,0.0538,true,1,159532
7290100685341,false,אבקת מרק טעם עוף זך רכיבים טבעיים אסם 400 גרם,"אסם השקעות בע""\מ",,מרק בטעם עוף זך מרכי,גרמים,400.00,100 גרם,false,,15.90,0.0398,true,1,159533
7290100689301,false,אבקת מרק בטעם עוף זך עדיף אסם 400 גרם,"אסם השקעות בע""\מ",,אסם עדיף זך טעם עוף,גרמים,400.00,100 גרם,false,,13.90,0.0348,true,1,159537
7290100700020,false,גריסי פנינה 500 גרם סוגת,האי נאם סי או אל.טי.,,גריסי פנינה סוגת 500,גרמים,500.00,100 גרם,false,,5.90,0.0118,true,1,164198
7290100700075,false,פירורי לחם מוזהבים סוגת 200 גרם,"סוגת תעשיות בע""\מ",,פירורי לחם מוזהבים ס,גרמים,200.00,100 גרם,false,,3.90,0.0195,true,1,164200
7290100700242,false,"אורז מלא עגול 1 ק""ג סוגת","סוגת תעשיות בע""\מ",,אורז מלא עגול סוגת 1,גרמים,1000.00,100 גרם,false,,9.90,0.0099,true,1,164201
7290100700273,false,קינואה לבנה 500 ג סו,האי נאם סי או אל.טי.,,קינואה סוגת 500 גרם,גרמים,500.00,100 גרם,false,,13.90,0.0278,true,1,164203
7290100700372,false,"אורז בסמטי מלא סוגת 1 ק""ג",האי נאם סי או אל.טי.,,אורז בסמטי מלא סוגת,גרמים,1000.00,100 גרם,false,,13.90,0.0139,true,1,164204
7290100700396,false,"אורז יסמין קלאסי 1 ק""ג סוגת",האי נאם סי או אל.טי.,,אורז יסמין קלאסי סוג,גרמים,1000.00,100 גרם,false,,12.30,0.0123,true,1,164205
7290100700587,false,"בורגול ""סוגת"" 500 גרם",האי נאם סי או אל.טי.,,בורגול סוגת 500 גרם,גרמים,500.00,100 גרם,false,,5.90,0.0118,true,1,164206
7290100701348,false,"קמח שיפון מלא 1 ק""ג סוגת",שטיבל טחנות קמח,,קמח שיפון מלא שטיבל,גרמים,1000.00,100 גרם,false,,7.90,0.0079,true,1,164211
7290100701454,false,גרישה בורגול דק סוגת 500 גרם,"סוגת תעשיות בע""\מ",,גרישה בורגול דק סוגת,גרמים,500.00,100 גרם,false,,5.90,0.0118,true,1,164212
7290100702994,false,סוגת סוכר דמררה קלאסי בשקית 500 גרם,"סוגת תעשיות בע""מ",,סוכר דמררה בשקית סוג,גרמים,500.00,100 גרם,false,,5.90,0.0118,true,1,164219
7290100703007,false,"עדשים שחורות בלוגה 500 גרם ""סוגת""",האי נאם סי או אל.טי.,,עדשים שחורות סוגת 50,גרמים,500.00,100 גרם,false,,7.90,0.0158,true,1,164220
7290100858592,false,אבקת קקאו עלית שקית 150 ג',הנסיך- מפעל לייצור ט,,שקית קקאו עלית 150 ג,גרמים,150.00,100 גרם,false,,9.90,0.0660,true,1,167076
7290100921593,false,מנקה אסלה סוד 4 כדוריות לאסלה לימון נתלה 50 ג',"הנקל סוד בע""\מ",,סוד כדוריות נתלה לימ,Unknown,1.00,יחידה,false,,8.90,8.9000,true,1,160859
7290100924457,false,שלישיית כדוריות סבון לאסלה לימון סוד 50 גרם,הנקל סוד,,סבון לאסלה לימון סוד,גרמים,150.00,100 גרם,false,,18.90,0.1260,true,1,183748
7290100926147,false,אבקת כביסה פרסיל קולור שקית 2.5 קג,"הנקל סוד בע""מ",,פרסיל קולור אבקת כבי,גרמים,2500.00,100 גרם,false,,24.90,0.0100,true,1,160865
7290101110811,false,מאגדת גלידל וניל מצופה סורבה פסיפלורה[8],הגלידות של פלדמן,,גלידל וניל מצופה סור,גרמים,600.00,100 גרם,false,,29.90,0.0498,true,1,186810
7290101112228,false,"שמיניית גלידל פרי אננס ""פלדמן""",הגלידות של פלדמן,,פופסיקל אננס 8,גרמים,640.00,100 גרם,false,,24.90,0.0389,true,1,186811
7290101112464,false,שלגון אייס ונילה - חלבי פלדמן,,,גרניטה אייס ונילה -,גרמים,80.00,100 גרם,false,,2.90,0.0362,true,1,186935
7290101112945,false,שלגון גרניטה תות פלדמן,,,גרניטה תות,גרמים,80.00,100 גרם,false,,2.90,0.0362,true,1,186936
7290101113157,false,מאגדת גלידל וניל עוגיות פלדמן 6 יחידות,"פלקו בע""\מ, חברה ישראלית",,שישייה גלידל וניל ע,גרמים,312.00,100 גרם,false,,26.90,0.0862,true,1,186814
7290101113287,false,שלגון מילקבר לבן 85,,,שלגון מילק בר לבן,גרמים,85.00,100 גרם,false,,6.90,0.0812,true,1,186938
7290101113454,false,מאגדת גלידל יוגורט אפרסק 8 יח 480 גרם,הגלידות של פלדמן,,גלידל יוגורט אפרסק(8,גרמים,480.00,100 גרם,false,,29.90,0.0623,true,1,186823
7290101113553,false,טילון יולו שוקולד חלב עם נטיפי שוקולד גדול,פלקו,,טילון יולו שוקולד חל,גרמים,115.00,100 גרם,false,,8.90,0.0774,true,1,186824
7290101113560,false,טילון יולו שוקולד לבן עם נטיפי שוקולד גדול,Unknown,,טילון יולו שוקולד לב,גרמים,115.00,100 גרם,false,,8.90,0.0774,true,1,186825
7290101113577,false,טילון יולו גדול שוקולד לבן עם קרם עוגיות,Unknown,,טילון יולו שוקולד לב,גרמים,115.00,100 גרם,false,,8.90,0.0774,true,1,186826
7290101113690,false,יולו שוקולד לבן עם סירופ קרמל בלונד-,Unknown,,שלגון יולו שוקולד לב,גרמים,75.00,100 גרם,false,,7.90,0.1053,true,1,186830
7290101113720,false,שלגון יולו שוקולד לבן ועוגיות,פלדמן,,שלגון יולו שוקולד לב,גרמים,75.00,100 גרם,false,,7.90,0.1053,true,1,186832
7290101113751,false,מאגדת שלגון קרמל ושוקולד בלונדי רביעיה * 50 ג' יולו,הגלידות של פלדמן,,מאגדת (4) שלגון יולו,גרמים,200.00,100 גרם,false,,19.90,0.0995,true,1,186833
7290101113805,false,מאגדת (5) יופלה שייק פרי תות 70 אחוז פרי 350 גרם,הגלידות של פלדמן,,מאגדת (5) יופלה שייק,גרמים,350.00,100 גרם,false,,20.90,0.0597,true,1,186838
7290101488248,false,"ליידי ספיד סטיק - דאודורנט רול און לאישה ורוד פרש פיושן 50 מ""ל",ליידי ספיד סטיק Lady Speed Stick,,דאודורנט רול און ורו,מיליליטרים,50.00,"100 מ""ל",false,,19.90,0.3980,true,1,165024
7290101501176,false,פלפלונים רמי לוי,מ.ע יזמות,,פלפלונים רמי לוי,Unknown,1.00,יחידה,false,,9.90,9.9000,true,1,169639
7290101501305,false,מלפפונים קטנים ארוזי,חקלאי,,מלפפון בייבי רמי לוי,Unknown,1.00,יחידה,false,,9.90,9.9000,true,1,169640
7290101551027,false,קפסולות קפה אספרסו חזק במיוחד 14 עלית 10 יח',הנסיך- מפעל לייצור ט,,קפסולות 14 למכונות N,Unknown,10.00,יחידה,false,,17.90,1.7900,true,1,167079
7290101551300,false,סילאן טבעי ללא תוספת סוכר בקבוק לחיץ,מכוורת יד מרדכי שטראוס ב,,סילאן טבעי לחיץ 380,גרמים,380.00,100 גרם,false,,14.90,0.0392,true,1,167080
7290101551584,false,תפוצ'יפס קידס מארז 10 יח' * 20 ג',"שטראוס פריטו ליי בע""מ )פ",,מארז תפוצ'יפס קידס 1,גרמים,200.00,100 גרם,false,,12.90,0.0645,true,1,158680
7290101551614,false,חטיף צ'יטוס קראנץ בטעם גבינה - מארז 8 יח',"שטראוס פריטו ליי בע""מ )פ",,חטיף צ'יטוס קראנץ' ג,גרמים,240.00,100 גרם,false,,14.90,0.0621,true,1,158682
7290101551638,false,חטיף צ'יטוס כאפה בטעם קטשופ - מארז 10 יח',"שטראוס פריטו ליי בע""מ )פ",,מארז ציטוס כאפה 10*2,גרמים,200.00,100 גרם,false,,12.90,0.0645,true,1,158684
7290101554134,false,תפוציפס מלח פלפל 200,,,תפוציפס מלח פלפל 200,גרמים,200.00,100 גרם,false,,10.90,0.0545,true,1,158688
7290101869702,false,"ג 'ל פיניש AIO MAX מרוכז למדיח 600מ""ל",פיניש רקיט בנקיזר,,ג'ל מרוכז למדיח פיני,מיליליטרים,600.00,"100 מ""ל",false,,34.90,0.0582,true,1,172481
7290101987055,false,נר גדול ספרות מנצנץ,,,נר גדול ספרות מנצנץ,Unknown,1.00,יחידה,false,,6.90,6.9000,true,1,165315
7290101999553,false,נרות גמבו כוכבים דו,סודי,,נרות ג'מבו כוכבים -,Unknown,1.00,יחידה,false,,5.90,5.9000,true,1,165321
7290102030330,false,תפוצ'יפס קראנצ' בטעם מקסיקני 200 גרם,"שטראוס פריטו ליי בע""\מ )",,תפוצ'פס קראנצ מקסיקנ,גרמים,200.00,100 גרם,false,,10.90,0.0545,true,1,158690
7290102031276,false,מארז 8 יחידות אקטימל משקה יוגורט בטעם תות בננה,מיוצר עי קונדיטוריית,,אקטימל תות בננה 8*10,מיליליטרים,800.00,"100 מ""ל",false,,20.90,0.0261,true,1,158351
7290102032334,false,אבקה להכנת משקה קפה בטעם וניל,שטראוס קפה בי.וי,,קפה נמס וניל 200 גרם,גרמים,200.00,100 גרם,false,,21.90,0.1095,true,1,167081
7290102035007,false,גומי לעיסה ללא סוכר בטעם בזוקה,STRAUSS-ISRAEL,,מסטיק בטעם בזוקה כשל,גרמים,28.00,100 גרם,false,,4.50,0.1607,true,1,167082
7290102060764,false,מרידול מברשת שיניים אריזת זוג,יבואן ומשווק: ש. שסט,,מברשות שיניים מרידול,Unknown,2.00,יחידה,false,,34.90,17.4500,true,1,165028
7290102390427,false,יוגורט ביו עם קציפת תות 3% שומן 150 ג' מולר,מולר Muller,,יוגורט ביו פרופ קציפ,מיליליטרים,150.00,"100 מ""ל",false,,5.20,0.0347,true,1,164463
7290102390465,false,יוגורט ביו עם קציפת אפרסק ופסיפלורה 3% שומן 150 ג' מולר,מולר Muller,,יוגורט ביו פרופ קציפ,מיליליטרים,150.00,"100 מ""ל",false,,5.20,0.0347,true,1,164464
7290102390489,false,יוגורט ביו עם קציפת לימון 3% שומן 150 ג' מולר,מולר Muller,,יוגורט ביו פרופ קציפ,גרמים,150.00,100 גרם,false,,5.20,0.0347,true,1,164465
7290102391844,false,יוגורט ביו עם קציפת פירות יער3% שומן 150 ג' מולר,מולר Muller,,יוגורט ביו פרופ קציפ,מיליליטרים,150.00,"100 מ""ל",false,,5.20,0.0347,true,1,164466
7290102393169,false,"יוגורט סימפלי פרוט בטעם תות 3% מולר 150 מ""ל",מולר Muller,,יוגורט סימפלי פרוט ת,גרמים,150.00,100 גרם,false,,5.10,0.0340,true,1,164473
7290102393176,false,סימפלי פרוט יוגורט אפרסק 3% שומן 150 ג' מולר,מילקו תעשיות בעמ,,יוגורט סימפלי פרוט א,מיליליטרים,150.00,"100 מ""ל",false,,5.10,0.0340,true,1,164474
7290102393718,false,גבינת חלומי מחלב בקר 28% משק צוריאל 200 גרם,מחלבת משק צוריאל,,גבינת חלומי מחלב בקר,גרמים,200.00,100 גרם,false,,19.90,0.0995,true,1,181384
7290102393947,false,סימפלי פרוט יוגורט בטעם קיווי 3% שומן 150 ג' מולר,מילקו תעשיות בעמ,,יוגורט סימפלי פרוט ק,גרמים,150.00,100 גרם,false,,5.10,0.0340,true,1,164479
7290102394821,false,נעם גבינה צהובה פרוסה 28% טרה 200 גרם,מילקו תעשיות בעמ,,פרוסות גבינה צהובה 2,גרמים,200.00,100 גרם,false,,15.80,0.0790,true,1,164483
7290102396597,false,מעדן מוו וניל ומוס שוקולד טרה 118 גרם,טרה,,מעדן מוו וניל ומוס ש,גרמים,118.00,100 גרם,false,,2.90,0.0246,true,1,164497
7290102396665,false,נעם גבינה צהובה דק דק 15% טרה 200 גרם,מילקו תעשיות בעמ,,פרוסות גבינה חצי קשה,גרמים,200.00,100 גרם,false,,15.90,0.0795,true,1,164498
7290102396672,false,"גבנ""צ דק דק נעם פתיחה חוזרת 9% 360 גרם",מילקו תעשיות בעמ,,פרוסות גבינה חצי קשה,גרמים,360.00,100 גרם,false,,28.90,0.0803,true,1,174578
7290102397204,false,"גבנ""צ דק דק נעם פתיחה חוזרת 22% 200 גרם",מילקו תעשיות בעמ,,פרוסות גבינה צהובה 2,גרמים,200.00,100 גרם,false,,16.10,0.0805,true,1,164506
7290102397334,false,גבינה בולגרית גלילית 5% משק צוריאל 250 גרם,מחלבת משק צוריאל,,בולגרית גלילית 5% 25,גרמים,250.00,100 גרם,false,,22.50,0.0900,true,1,164507
7290102397891,false,גבינה מותכת משק צוריאל 100 גרם,משק צוריאל,,גבינה מותכת 100 גרם,גרמים,100.00,100 גרם,false,,7.70,0.0770,true,1,164515
7290102398560,false,שוקו טרה מועשר בבקבוק 1 ליטר,מילקו תעשיות בעמ,,שוקו טרה מועשר בבקבו,מיליליטרים,1000.00,"100 מ""ל",false,,11.90,0.0119,true,1,164527
7290102398614,false,משקה חלב בטעם בננה 1 ליטר טרה,מילקו תעשיות בעמ,,משקה חלב בטעם בננה 1,מיליליטרים,1000.00,"100 מ""ל",false,,11.90,0.0119,true,1,164529
7290102398638,false,משקה חלב בטעם מוקה 1 ליטר טרה,מילקו תעשיות בעמ,,משקה חלב בטעם מוקה,מיליליטרים,1000.00,"100 מ""ל",false,,11.90,0.0119,true,1,164530
7290102398669,false,משקה חלב אייס קפוצ'ינו טרה 1 ליטר,מילקו תעשיות בעמ,,אייס קפוצ'ינו 1 ליטר,מיליליטרים,1000.00,"100 מ""ל",false,,11.90,0.0119,true,1,164532
7290102398836,false,משקה שקדים קלאסי 1 ליטר משק צוריאל,מחלבת משק צוריאל,,משקה שקדים קלאסי צור,מיליליטרים,1000.00,"100 מ""ל",false,,12.50,0.0125,true,1,164538
7290102399819,false,יוגורט עם פירות יער מולר אקטיב מועשר בחלבון 200 גר',מולר Muller,,יוגורט ביו 20 גרם חל,גרמים,200.00,100 גרם,false,,6.20,0.0310,true,1,164552
7290102841899,false,אבקה להכנת פלאפל 180 גרם,י.כהן,,תערובת להכנת פלאפל 1,גרמים,180.00,100 גרם,false,,11.90,0.0661,true,1,172383
7290103126797,false,"משחת שיניים קולגייט סנסיטיב פרו רליף 75 מ""ל",הנסיך- מפעל לייצור ט,,משחת שיניים סנסיטיב,מיליליטרים,75.00,"100 מ""ל",false,,21.90,0.2920,true,1,165031
7290103401429,false,קפה קצב ברזילאי אוריגינס 200 גר,הנסיך- מפעל לייצור ט,,קפה פלטינום ברזילאי,גרמים,200.00,100 גרם,false,,24.90,0.1245,true,1,167086
7290103404758,false,סלט כרוב אדום במיונז אחלה 120 גרם,מיוצר עי קונדיטוריית,,סלט כרוב אחלה 120 גר,גרמים,120.00,100 גרם,false,,4.90,0.0408,true,1,158353
7290103681210,false,"יין הר שרדונה מיתוג תנשמת 750 מ""ל",מיוצר על ידי יקב תבור,,יין לבן יבש הר שרדונ,מיליליטרים,750.00,"100 מ""ל",false,,39.90,0.0532,true,1,164393
7290103681227,false,"יין הר גוורצטרמינר מיתוג תנשמת 750 מ""ל",מיוצר על ידי יקב תבור,,יין לבן חצי יבש הר ג,מיליליטרים,750.00,"100 מ""ל",false,,39.90,0.0532,true,1,164394
7290103681234,false,"יין הר רוזה מיתוג תנשמת 750 מ""ל",מיוצר על ידי יקב תבור,,יין רוזה חצי יבש הר,מיליליטרים,750.00,"100 מ""ל",false,,39.90,0.0532,true,1,164395
7290103702533,false,מגבות נייר כפול 6 יח רמילוי,,,מגבות נייר כפול 6 יח,Unknown,6.00,יחידה,false,,19.90,3.3167,true,1,169334
7290103702939,false,נייר טואלט גליל כפול 16 רמילוי,,,נייר טואלט רמי לוי 1,Unknown,16.00,יחידה,false,,29.90,1.8687,true,1,169338
7290104061417,false,סלט חומוס עם טחינה אחלה 400 גרם,"שטראוס גרופ בע""\מ",,סלט חומוס וטחינה אחל,גרמים,400.00,100 גרם,false,,10.90,0.0273,true,1,158354
7290104061424,false,סלט חומוס עם זעתר אחלה 400 גרם,מיוצר עי קונדיטוריית,,סלט חומוס וזעתר אחלה,גרמים,400.00,100 גרם,false,,10.90,0.0273,true,1,158355
7290104061431,false,סלט חומוס עם צנובר אחלה 400 גרם,"שטראוס גרופ בע""\מ",,חומוס עם צנובר אחלה,גרמים,400.00,100 גרם,false,,10.90,0.0273,true,1,158356
7290104061448,false,סלט חומוס עם חריף אחלה 400 גרם,מיוצר עי קונדיטוריית,,סלט חומוס וחריף אחלה,גרמים,400.00,100 גרם,false,,10.90,0.0273,true,1,158357
7290104066566,false,טחינה משומשום מלא 500 ג' אחלה,מיוצר עי קונדיטוריית,,טחינה 500 גרם,גרמים,500.00,100 גרם,false,,14.90,0.0298,true,1,158360
7290104067693,false,אחלה חומוס עם חריף 150 גרם,מיוצר עי קונדיטוריית,,חומוס חריף אחלה 150,גרמים,150.00,100 גרם,false,,5.50,0.0367,true,1,158361
7290104068539,false,מאסט פליפטופ מלון ואבטיח ללא גרעינים,"שטראוס גרופ בע""מ",,מאסט מלון אבטיח כשלפ,גרמים,28.00,100 גרם,false,,4.50,0.1607,true,1,167094
7290104068546,false,גומי מאסט בטעם לימון קולה ללא סוכר 28 ג' עלית,"שטראוס גרופ בע""מ",,מאסט קולה לימון ללא,גרמים,28.00,100 גרם,false,,4.50,0.1607,true,1,167095
7290104501661,false,אינסטנט פודינג בטעם וניל צרפתי אסם 80 גרם,מיוצר עי קונדיטוריית,,פודינג אינסטנט בטעם,גרמים,80.00,100 גרם,false,,4.90,0.0613,true,1,159539
7290104503481,false,בונזור מיני סופגניה 45ג',,,בונז'ור מיני סופגניה,גרמים,45.00,100 גרם,false,,3.70,0.0822,true,1,159542
7290104508943,false,במבה חטיף בוטנים אסם 200 גרם,"אסם השקעות בע""\מ",,במבה קלאסי 200 גרם,גרמים,200.00,100 גרם,false,,8.90,0.0445,true,1,159548
7290104570162,false,תמרים ללא חרצנים תמר כבוש 500 גרם,תמר העמקים בית שאן,,תמרים ללא חרצנים בוא,גרמים,500.00,100 גרם,false,,13.90,0.0278,true,1,158925
7290104570513,false,"תמר מגהול כחול 1 ק""",פרי וירק טמרה ושותפי,,"תמר מג'הול 1 ק""ג",גרמים,1000.00,100 גרם,false,,19.90,0.0199,true,1,167790
7290104720499,false,מארז 8 יחידות מעדן דני בטעם וניל 1.5%,מיוצר עי קונדיטוריית,,מארז 8 דני וניל 8*12,גרמים,1000.00,100 גרם,false,,15.90,0.0159,true,1,170478
7290104721533,false,רצועות פלפלים קלויים אחלה 400 ג',מיוצר עי קונדיטוריית,,פלפלים קלויים 400 גר,גרמים,400.00,100 גרם,false,,15.90,0.0398,true,1,158362
7290104722530,false,תפוצ'יפס בטעם שמנת בצל עלית 200 גרם,"שטראוס פריטו ליי בע""\מ )",,תפוציפס שמנת בצל 200,גרמים,200.00,100 גרם,false,,10.90,0.0545,true,1,158691
7290104726712,false,מארז 8 יחידות מעדן מילקי בטעם שוקולד עם קצפת,"שטראוס גרופ בע""\מ",,מארז 8 מילקי בטעם שו,גרמים,1064.00,100 גרם,false,,19.90,0.0187,true,1,158365
7290104728310,false,"שמנת מתוקה עמידה 38% שומן ""יטבתה"" -מוצר בפיקוח",מחלבת יטבתה,,שמנת להקצפה 38% יטבת,מיליליטרים,250.00,"100 מ""ל",false,,6.47,0.0259,true,1,158368
7290104960239,false,"תחליב רחצה נקה 7 ארומה לבן 750 מ""ל",טרופיקל דגיל תעשיות קוסמ,,נקה 7 ת.רחצה לבן - ק,מיליליטרים,750.00,"100 מ""ל",false,,12.90,0.0172,true,1,161795
7290105360250,false,קפסולות 09 עשיר וארומטי למכונת נספרסו עלית 10יח',הנסיך- מפעל לייצור ט,,קפסולות 09 למכונות N,Unknown,10.00,יחידה,false,,17.90,1.7900,true,1,167100
7290105360335,false,קפסולות אספרסו למכונות נספרסו 50 גר,הנסיך- מפעל לייצור ט,,קפסולות 07 למכונות N,Unknown,10.00,יחידה,false,,17.90,1.7900,true,1,167102
7290105360755,false,"שמן זית 3 חזק 750 מ""ל יד מרדכי",מכוורת יד מרדכי שטראוס ב,,"שמן זית 3 חזק 750 מ""",מיליליטרים,750.00,"100 מ""ל",false,,33.90,0.0452,true,1,167103
7290105360762,false,"שמן זית 1 עדין 750 מ""ל יד מרדכי",מכוורת יד מרדכי שטראוס ב,,שמן זית 1 עדין 750 מ,מיליליטרים,750.00,"100 מ""ל",false,,33.90,0.0452,true,1,167104
7290105360878,false,תפוציפס טבעי 50 גרם מארז רביעייה,"שטראוס פריטו ליי בע""\מ )",,תפוצ'יפס טבעי עלית 4,גרמים,200.00,100 גרם,false,,11.90,0.0595,true,1,158693
7290105362339,false,"שמנת לבישול 15% 250 מ""ל יטבתה מהדרין",מחלבת יטבתה,,שמנת לבישול 15% יטבת,מיליליטרים,250.00,"100 מ""ל",false,,7.90,0.0316,true,1,158369
7290105363602,false,מקלות כיף כף קלאסי עלית 40 גרם,שולן צ'\יקולטה גידה סאן.,,כיף כף מקלות קלאסי 4,גרמים,40.00,100 גרם,false,,4.90,0.1225,true,1,167107
7290105364302,false,"עלית חטיף שוקולד כיף כף מקלות אגוזים, 40 גרם",שולן צ'\יקולטה גידה סאן.,,כיף כף מקלות אגוזים,גרמים,40.00,100 גרם,false,,4.90,0.1225,true,1,167109
7290105366023,false,סלט חצילים בטעם כבד אחלה 400 גרם,מיוצר עי קונדיטוריית,,חציל בטעם כבד 400 גר,גרמים,400.00,100 גרם,false,,15.90,0.0398,true,1,158371
7290105366047,false,טחינה לבנה אחלה 400 גרם,מיוצר עי קונדיטוריית,,טחינה לבנה 400 גר,גרמים,400.00,100 גרם,false,,15.90,0.0398,true,1,158372
7290105366993,false,סימפוניה גבינת שמנת פלפל שיפקה 5% שטראוס 200 גרם,"שטראוס בריאות בע""מ",,גבינת סימפוניה פילפל,גרמים,200.00,100 גרם,false,,11.00,0.0550,true,1,158374
7290105368225,false,חומוס אחלה עם פלפל שיפקה 400 גרם,מיוצר עי קונדיטוריית,,חומוס עם פלפל שיפקה,גרמים,400.00,100 גרם,false,,10.90,0.0273,true,1,158375
7290105368331,false,מעדן מילקי בטעם תות עם קצפת,מחלבת אחיהוד,,מילקי תות שטראוס 133,גרמים,133.00,100 גרם,false,,2.90,0.0218,true,1,158376
7290105368928,false,שמנת 9% יטבתה 200 ג' מהדרין,שטראוס גרופ,,שמנת %9 מהדרין יטבתה,גרמים,200.00,100 גרם,false,,3.10,0.0155,true,1,158378
7290105369130,false,סימפוניה גבינת שמנת בצל ירוק 5% שטראוס 200 גרם,"שטראוס בריאות בע""\מ",,סימפוניה בצל ירוק 20,גרמים,200.00,100 גרם,false,,11.00,0.0550,true,1,158380
7290105439499,false,מאסטר שף מאסטר שף מיונז 480 גר כשלפ,רמיה סי.וי. הולנד,,מאסטר שף מיונז הולנד,גרמים,483.00,100 גרם,false,,11.90,0.0246,true,1,165039
7290105439581,false,מנה מאסטר שף חרדל דיזיון צרפתי 370 גר,רמיה סי.וי.הולנד,,חרדל דיז'ון צרפתי מא,גרמים,370.00,100 גרם,false,,11.90,0.0322,true,1,165041
7290105500953,false,"וויסקי ג'ק דניאלס דבש 700 מ""ל",ג'ק דניאל'ס,,וויסקי דבש ג'ק דניאל,מיליליטרים,700.00,"100 מ""ל",false,,119.90,0.1713,true,1,182127
7290105691224,false,אסם חטיפי פריכונים טורטייה שום בצל 60 גרם,"פרח תעשיות מזון בע""מ.",,אסם חטיפי פריכונים ט,גרמים,60.00,100 גרם,false,,7.90,0.1317,true,1,159549
7290105691248,false,אסם חטיפי פריכונים טורטייה תירס 60 גרם,"פרח תעשיות מזון בע""מ.",,אסם חטיפי פריכונים ט,גרמים,60.00,100 גרם,false,,7.90,0.1317,true,1,159550
7290105691712,false,אסם עוגיות הפסקת קפה דגנים מלאים 230 גרם,הגביע מוצרי וופלים ב,,עוגיות הפסקת קפה עם,גרמים,230.00,100 גרם,false,,10.90,0.0474,true,1,159553
7290105691934,false,קמח שמרים אסם 1 קילו,תאי פרזידנט פוד פאבל,,קמח שמרים אסם 1 קילו,גרמים,1000.00,100 גרם,false,,9.90,0.0099,true,1,159555
7290105693341,false,מארז עשיריית במבה אסם 25*10 גרם,"אסם השקעות בע""\מ",,חטיף בוטנים במבה 10*,גרמים,250.00,100 גרם,false,,14.90,0.0596,true,1,159562
7290105693457,false,עוגת הבית דמקה שוקו וניל אסם 320 גרם,מיוצר עי קונדיטוריית,,הבית עוגת דמקה שוקו,גרמים,320.00,100 גרם,false,,11.90,0.0372,true,1,159563
7290105693952,false,פירורית זהב אסם זהב שומשום 200 ג',מיוצר עי קונדיטוריית,,אסם פירורית זהב שומש,גרמים,200.00,100 גרם,false,,6.40,0.0320,true,1,159564
7290105695024,false,אסם פתיתים אפויים אורז עם איטריות 500 גר,"אסם השקעות בע""\מ",,אסם פתיתים אפויים או,גרמים,500.00,100 גרם,false,,6.90,0.0138,true,1,159568
7290105695321,false,עוגת הבית בראוניס פאדג' אסם 380 גרם,מיוצר עי קונדיטוריית,,הבית עוגת בראוניס פא,גרמים,350.00,100 גרם,false,,14.90,0.0426,true,1,159569
7290105695895,false,עוגת הבית דמקה דבש אסם 320 גרם,"אסם תעשיות בע""מ",,עוגת הבית דמקה דבש 3,גרמים,320.00,100 גרם,false,,11.90,0.0372,true,1,159571
7290105964564,false,סלט חומוס אחלה 400גר,מיוצר עי קונדיטוריית,,סלט חומוס אחלה 400 ג,גרמים,400.00,100 גרם,false,,8.50,0.0213,true,1,158385
7290105965738,false,יוגורט לשתיה בטעם תות בננה267 ג' דנונה,מיוצר עי קונדיטוריית,,יוגורט לשתיה 1.5 תות,מיליליטרים,267.00,"100 מ""ל",false,,4.80,0.0180,true,1,158386
7290105966469,false,"חומץ בלסמי ממודנה יד מרדכי 250 מ""ל",אצטייה ג'וזפה קרמוני,,חומץ בלסמי יד מרדכי,מיליליטרים,287.00,"100 מ""ל",false,,14.70,0.0512,true,1,167115
7290105968098,false,סלט קולסלאו אחלה 500 גרם,שטראוס גרופ סלטים,,קולסלאו 500 גרם,גרמים,500.00,100 גרם,false,,15.90,0.0318,true,1,158387
7290105968654,false,רביולי בטטה פרווה פסטה נונה 400 ג',מיוצר עי קונדיטוריית,,רביולי בטטה פרווה 40,גרמים,400.00,100 גרם,false,,19.80,0.0495,true,1,158388
7290105968777,false,פריכיות 5 דגנים עם תחתית שוקולד מריר 70 גרם,"טחנת האבן תעשיות בע""",,פריכיות 5 דגנים תחתי,גרמים,70.00,100 גרם,false,,8.00,0.1143,true,1,181183
7290106520066,false,"רבע לשבע שוקולד חלב במילוי אגוזים עלית 160 גרם בד""צ","הגביע מוצרי וופלים בע""\מ",,רבע לשבע קרם אגוזים,גרמים,160.00,100 גרם,false,,10.90,0.0681,true,1,167116
7290106520905,false,סלט טורקי אחלה 400 גרם,"שטראוס גרופ בע""\מ",,סלט טורקי 400 גרם,גרמים,400.00,100 גרם,false,,15.90,0.0398,true,1,158392
7290106520912,false,"שמנת 9% לבישול יטבתה 250 מ""ל מהדרין",מחלבת יטבתה,,שמנת לבישול 9% יטבתה,מיליליטרים,250.00,"100 מ""ל",false,,7.90,0.0316,true,1,158393
7290106524439,false,"תפוצ'יפס פופס 60 גרם ""עלית""","שטראוס פריטו ליי בע""\מ )",,תפוצ'יפס פופס 60 גרם,גרמים,60.00,100 גרם,false,,4.00,0.0667,true,1,158696
7290106525320,false,אבקת שוקולית לאפייה קופסא 500ג' עלית,הנסיך- מפעל לייצור ט,,שוקולית לאפיה 500 גר,גרמים,500.00,100 גרם,false,,14.90,0.0298,true,1,167117
7290106525382,false,קפה טורקי עלית 125 גר,עלית,,קפה טורקי עלית 125 ג,גרמים,125.00,100 גרם,false,,9.90,0.0792,true,1,167118
7290106525399,false,קפסולות 06 ברזיל למכונות נספרסו עלית 10יח',הנסיך- מפעל לייצור ט,,קפסולות 06 ברזיל למכ,Unknown,10.00,יחידה,false,,17.90,1.7900,true,1,167119
7290106525405,false,קפסולות למכונת נספרסו נטול קפאין,שטראוס קפה בי.וי.,,קפסולות נטול קפאין ל,Unknown,10.00,יחידה,false,,17.90,1.7900,true,1,167120
7290106526822,false,פריכיות אורז חום מלא תחתית שוקולד חלב 80 גרם,"טחנת האבן תעשיות בע""",,פריכיות אורז חום מלא,גרמים,80.00,100 גרם,false,,8.00,0.1000,true,1,167121
7290106528567,false,"דוריטוס גריל 185 גרם ""עלית""","שטראוס פריטו ליי בע""\מ )",,דוריטוס גריל 185 גרם,גרמים,185.00,100 גרם,false,,7.90,0.0427,true,1,158697
7290106528628,false,"דוריטוס טבעי 185 גרם ""עלית""","שטראוס פריטו ליי בע""\מ )",,דוריטוס טבעי 185 גרם,גרמים,185.00,100 גרם,false,,7.90,0.0427,true,1,158698
7290106571921,false,עוגיות פיטנס עוגיות חמוציות 180 גר',מיוצר עי קונדיטוריית,,פיטנס עוגיות חמוציות,גרמים,180.00,100 גרם,false,,11.90,0.0661,true,1,159578
7290106572027,false,אוסם - לחמית חמישה דגנים 190 גרם,"אסם השקעות בע""\מ",,לחמית חמישה דגנים 19,גרמים,190.00,100 גרם,false,,9.50,0.0500,true,1,159580
7290106572065,false,חטיפי פריכונים טורטיה חמוץ מתוק 60 גרם,"פרח תעשיות מזון בע""מ",,חטיפי טורטיה תירס בט,גרמים,60.00,100 גרם,false,,7.90,0.1317,true,1,159581
7290106573628,false,חומוס עם טחינה צבר 400 גרם,סלטי צבר,,חומוס עם טחינה צבר 4,גרמים,400.00,100 גרם,false,,11.90,0.0298,true,1,159591
7290106574793,false,עוגת הבית בטעם שוקו-שוקוצ'יפס 350 ג' אסם,מיוצר עי קונדיטוריית,,עוגת הבית שוקו שוקוצ,גרמים,350.00,100 גרם,false,,11.90,0.0340,true,1,159595
7290106574953,false,בייגלה שטוחים כעכים שטוחים עם שומשום,מיוצר עי קונדיטוריית,,בייגלה שטוחים שומשום,גרמים,300.00,100 גרם,false,,9.90,0.0330,true,1,159596
7290106574977,false,בייגלה שטוחים כעכים שטוחים עם מלח,מיוצר עי קונדיטוריית,,בייגלה כעכים שטוחים,גרמים,300.00,100 גרם,false,,9.90,0.0330,true,1,159597
7290106575257,false,עוגת הבית סופלה בטעם שוקולד 340 ג' אסם,מיוצר עי קונדיטוריית,,עוגת הבית סופלה בטעם,גרמים,340.00,100 גרם,false,,11.90,0.0350,true,1,159599
7290106575431,false,עוגת הבית סופלה בטעם שוקוניל 340 ג' אסם,מיוצר עי קונדיטוריית,,עוגת הבית סופלה בטעם,גרמים,340.00,100 גרם,false,,11.90,0.0350,true,1,159600
7290106576223,false,"אפרופו שוקולד 40 גרם ""אסם""",מיוצר עי קונדיטוריית,,אפרופו שוקולד כלפ 40,גרמים,40.00,100 גרם,false,,4.90,0.1225,true,1,159602
7290106576513,false,חומוס חלק צבר 400 גר,סלטי צבר,,חומוס חלק צבר 400 גר,גרמים,400.00,100 גרם,false,,9.90,0.0248,true,1,159605
7290106576537,false,חומוס מסעדות צבר 700 גרם,סלטי צבר,,חומוס מסעדה צבר 700,גרמים,700.00,100 גרם,false,,10.90,0.0156,true,1,159606
7290106577282,false,טחינה אמיתית מרובע 400 ג' צבר,סלטי צבר,,סלט טחינה צבר 400 גר,גרמים,400.00,100 גרם,false,,12.90,0.0323,true,1,159607
7290106577541,false,צבר כרוב אדום מרובע 400גרם,סלטי צבר,,סלט כרוב אדום צבר 40,גרמים,400.00,100 גרם,false,,12.90,0.0323,true,1,159611
7290106578692,false,ביסלי במבה מיקס מהדורת אליפות אסם 80 גרם,פרו מן יו פתרונות אר,,במבה ביסלי מיקס 80 ג,גרמים,80.00,100 גרם,false,,4.90,0.0613,true,1,159617
7290106578821,false,הבית עוגת שמרים קלאסית בטעם שוקולד 350גר.,מיוצר עי קונדיטוריית,,עוגת הבית שמרים קלאס,גרמים,350.00,100 גרם,false,,16.90,0.0483,true,1,159618
7290106652996,false,כיף כף מקלות קוקוס חלבי 40 גר',סולן בעבור שטראוס,,כיף כף מקלות קוקוס 4,גרמים,40.00,100 גרם,false,,4.90,0.1225,true,1,188438
7290106656734,false,"עוגיות חיוכים וניל עלית 600 גרם בד""צ",אפיפית נצרת תעשיות ב,,חיוכים וניל 600 גרם,גרמים,600.00,100 גרם,false,,17.90,0.0298,true,1,167125
7290106660410,false,"רביולי תרד וגבינה 400 גרם ""שטראוס""",מיוצר עי קונדיטוריית,,רביולי תרד וגבינה 40,גרמים,400.00,100 גרם,false,,19.80,0.0495,true,1,158398
7290106663121,false,"עוגה אישית במילוי קרם חלב ""מילקי קייק"" שטראוס",בובארד איטליה אס.פי.איי,,מילקי קייק 34 גרם,גרמים,34.00,100 גרם,false,,2.90,0.0853,true,1,158400
7290106663183,false,צ'יטוס חטיף טעם גבינה 65ג,שטראוס גרופ,,ציטוס קראצ בטעם גבינ,גרמים,65.00,100 גרם,false,,3.50,0.0538,true,1,158706
7290106667266,false,"דוריטוס חמוץ חריף 185 גרם ""עלית""","שטראוס פריטו ליי בע""\מ )",,דוריטוס חמוץ חריף 18,גרמים,185.00,100 גרם,false,,7.90,0.0427,true,1,158711
7290106668713,false,יוגורט עם פירות יער 3% שומן 150 ג' דנונה,מיוצר עי קונדיטוריית,,דנונה פירות יער 3% 1,גרמים,150.00,100 גרם,false,,3.90,0.0260,true,1,158404
7290106669857,false,קפסולות אספרסו בטעם וניל עלית 10 יחידות,הנסיך- מפעל לייצור ט,,קפסולות וניל למכונות,Unknown,10.00,יחידה,false,,17.90,1.7900,true,1,167145
7290106721920,false,צנצנת מסטיק מאסט בטעם ספירמינט עדין 66 ג' עלית,"שטראוס גרופ בע""\מ.",,"צנצנת ספירמינט לל""ס",גרמים,66.00,100 גרם,false,,9.90,0.1500,true,1,167148
7290106725867,false,"סירופ מייפל טבעי 189 מ""ל ""יד מרדכי""",קוסלסי פוד,,סירופ מייפל טבעי 189,מיליליטרים,189.00,"100 מ""ל",false,,29.90,0.1582,true,1,167153
7290106727984,false,"כיף כף פצפצים בגביע 135 גרם ""עלית""",שולן צ'\יקולטה גידה סאן.,,גביע פצפצים 135 גרם,גרמים,135.00,100 גרם,false,,10.60,0.0785,true,1,167155
7290106729650,false,יוגורט עם תות מאגדת 8 יח' * 150ג' דנונה,"שטראוס גרופ בע""\מ",,יוגורט עם תות 3% דנו,גרמים,1200.00,100 גרם,false,,24.90,0.0207,true,1,158411
7290107280020,false,שלישיית מטליות לחות לניקוי כללי סנו סושי 50 יחידות,טרופיקל דגיל- תעשיות,,מטליות לחות לניקוי כ,Unknown,3.00,יחידה,false,,17.90,5.9667,true,1,161802
7290107280341,false,ריצפז מטליות לחות לניקוי הרצפה בניחוח מלון מפנק,טרופיקל דגיל תעשיות,,מטליות לחות לרצפה בנ,Unknown,1.00,יחידה,false,,12.90,12.9000,true,1,161804
7290107280563,false,ג'ל אוקסיג'ן בייבי סנו 3 ליטר,"איי, בי, אינבוו",,סנו אוקסיגן בייבי 3,מיליליטרים,3000.00,"100 מ""ל",false,,29.90,0.0100,true,1,161809
7290107280716,false,מלח למדיח להגנה מפני אבנית סנו ספארק Spark,סנו ספארק,,מלח למדיח ספארק סנו,גרמים,2000.00,100 גרם,false,,11.90,0.0060,true,1,161813
7290107280723,false,נוזל לניקוי כלים סנו ספארק Spark בניחוח לימון רענן,סנו כימיקלים,,נוזל כלים ספארק 700,מיליליטרים,750.00,"100 מ""ל",false,,9.90,0.0132,true,1,161814
7290107280730,false,נוזל לניקוי כלים סנו ספארק Spark בניחוח לבנדר,מיוצר עי קונדיטוריית,,נוזל כלים ספארק 700,מיליליטרים,700.00,"100 מ""ל",false,,9.90,0.0141,true,1,161815
7290107280747,false,נוזל לניקוי כלים סנו ספארק Spark קלאסי,סנו כימיקלים,,נוזל כלים ספארק 700,מיליליטרים,700.00,"100 מ""ל",false,,9.90,0.0141,true,1,161816
7290107646963,false,"מיונז תלמה טעם ספייסי 273 גר בד""ץ",יוניליוור מזון,,ממרח ספייסי מיונז תל,גרמים,250.00,100 גרם,false,,8.90,0.0356,true,1,186753
7290107647656,false,סולרו פרוט בוסט - קוקוס אננס (פרווה),"מיוצר ע""\י גלידת שטראוס",,מאגדת סולרו פרוט בוס,Unknown,5.00,יחידה,false,,23.90,4.7800,true,1,167516
7290107647816,false,"דגני ברנפלקס ללא תוספת סוכר 500 גרם בד""צ",יוניליוור ישראל מזון בעמ,,ברנפלקס ללא סוכר 500,גרמים,500.00,100 גרם,false,,21.90,0.0438,true,1,161410
7290107647823,false,"ברנפלקס פתיתי חיטה מלאה וסובין 500 גרם ""תלמה""",יוניליוור ישראל מזון בעמ,,ברנפלקס 500 גרם,גרמים,500.00,100 גרם,false,,21.90,0.0438,true,1,161411
7290107649698,false,מגנום שוקולד לבן ועו,מיוצר עי גלידת שטראו,,מגנום שוקולד לבן ועו,Unknown,1.00,יחידה,false,,11.00,11.0000,true,1,167520
7290107649780,false,שלגון שוקובו שוקו 85,"מיוצר ע""\י גלידת שטראוס",,שוקובו שוקולד,Unknown,1.00,יחידה,false,,8.90,8.9000,true,1,167522
7290107649858,false,טילון מגנוםלבן -גלידת שמנת,"מיוצר ע""\י גלידת שטראוס",,טילון מגנום לבן,Unknown,1.00,יחידה,false,,9.90,9.9000,true,1,167527
7290107871990,false,"פסטה צינורות 500 גרם ""אסם""",פסטה זארה,,אסם פסטה צינורות איט,גרמים,500.00,100 גרם,false,,5.90,0.0118,true,1,159623
7290107874502,false,ביסלי גריל קדמ. מארז אחיד 10 4*55 גרם,מיוצר עי קונדיטוריית,,ביסלי גריל 4 * 55 גר,גרמים,220.00,100 גרם,false,,12.50,0.0568,true,1,159632
7290107875158,false,במבה קלאסי מארז 4 יח' *60ג' אסם,מיוצר עי קונדיטוריית,,"במבה קלאסי מארז כל""פ",גרמים,240.00,100 גרם,false,,12.90,0.0538,true,1,159634
7290107875271,false,ביסלי ברביקיו קדמ. מארז אחיד10 4*55 גרם,"אסם השקעות בע""\מ",,ביסלי ברביקיו 4 * 55,גרמים,220.00,100 גרם,false,,12.50,0.0568,true,1,159636
7290107879132,false,פריכיות פיטנס מיני פריכיות שוקולד חלב 22 ג',כרמית,,פיטנס מיני פריכיות ש,גרמים,22.00,100 גרם,false,,4.90,0.2227,true,1,159645
7290107909013,false,סיר מיקרוגל 3 ליטר א,,,סיר מיקרוגל 3 ליטר א,Unknown,1.00,יחידה,false,,13.90,13.9000,true,1,182528
7290107909495,false,סט לאנץ בוקס משובח,,,סט לאנץבוקס משובח,Unknown,1.00,יחידה,false,,22.90,22.9000,true,1,182007
7290107931397,false,כיף כף פצפוצים במילוי שוקולד 40 גרם,שולן צ'\יקולטה גידה סאן.,,כיף כף פצפצים 40 גרם,גרמים,135.00,100 גרם,false,,5.00,0.0370,true,1,167159
7290107932080,false,חלב מועשר יוטבתה בבקבוק 3% 1 ליטר,מחלבת יטבתה,,חלב מועשר בקבוק 3% י,מיליליטרים,1000.00,"100 מ""ל",false,,7.70,0.0077,true,1,158413
7290107934473,false,שמינייה יוגורט לבן אקטיביה 1.5% דנונה 150 גרם,"שטראוס גרופ בע""\מ",,מארז אקטיביה שמינייה,גרמים,1200.00,100 גרם,false,,19.90,0.0166,true,1,158419
7290107936309,false,דנונה יוגורט 7% יווני לבן 130 ג',"שטראוס בריאות בע""מ",,יוגורט דנונה יווני ל,גרמים,130.00,100 גרם,false,,3.40,0.0262,true,1,158421
7290107937634,false,צנצנית מסטיק מאסט קוביות פפירמינט 58 ג' עלית,אסקום קונפקשיין,,צנצנת קוביות מנטה 58,גרמים,58.00,100 גרם,false,,9.90,0.1707,true,1,167167
7290107937641,false,צנצנת מסטיק בזוקה קוביות ללא סוכר,אסקום קונפקשיין,,צנצנת קוביות בזוקה 5,גרמים,58.00,100 גרם,false,,9.90,0.1707,true,1,167168
7290107937856,false,קפסולות 11חזק למכונות נספרסו עלית 10יח',הנסיך- מפעל לייצור ט,,קפסולות 11 גואטמלה ל,Unknown,10.00,יחידה,false,,17.90,1.7900,true,1,167169
7290107938396,false,שמיניית אקטימל תות דיסני בנים 108 גרם,מיוצר עי קונדיטוריית,,אקטימל תות דיסני 8*1,מיליליטרים,800.00,"100 מ""ל",false,,20.90,0.0261,true,1,158425
7290107940467,false,אקטיביה יוגורט 1.5% שומן 200 ג' דנונה,מיוצר עי קונדיטוריית,,יוגורט 1.5% דנונה אק,גרמים,200.00,100 גרם,false,,4.00,0.0200,true,1,158431
7290107943192,false,"שמנת חמוצה מהערבה 27% שומן 200 מ""ל יטבתה",מחלבת יטבתה,,שמנת חמוצה מהערבה 27,מיליליטרים,200.00,"100 מ""ל",false,,3.90,0.0195,true,1,158437
7290107944472,false,סימפוניה גבינה במרקם שמנת 5% שום שמיר,"שטראוס בריאות בע""\מ",,סימפוניה שום שמיר 5%,גרמים,200.00,100 גרם,false,,11.00,0.0550,true,1,158439
7290107945165,false,קונפיטורת משמש יד מרדכי 340 גרם,אף.סי תבליני בגליל ב,,קונפיטורת משמש 340 ג,גרמים,340.00,100 גרם,false,,13.90,0.0409,true,1,167181
7290107950190,false,מעדן חלב דל קלוריות בטעם שוקולד מריר 0.5% שומן,מיוצר עי קונדיטוריית,,מעדן שטראוס דיאט מרי,גרמים,130.00,100 גרם,false,,3.20,0.0246,true,1,158446
7290107950206,false,מעדן דיאט שוקולד שטראוס 130 גרם,מיוצר עי קונדיטוריית,,מעדן שטראוס דיאט שוק,גרמים,130.00,100 גרם,false,,3.20,0.0246,true,1,158447
7290107951104,false,בפלות ופלים ארוכים בטעם שוקולד,"שטראוס גרופ בע""\מ",,בפלות שוקולד 200 גרם,Unknown,0.00,יחידה,false,,4.90,0.0000,true,1,187116
7290107951111,false,בפלות ופלים ארוכים בטעם לימון,"א.ג. גילרו בע""\מ",,בפלות לימון 200 גרם,גרמים,200.00,100 גרם,false,,4.90,0.0245,true,1,170485
7290107954709,false,"קונפיטורת פירות יער ""יד מרדכי"" 340 גר'","ב.א. מזון בע""\מ",,קונפיטורת פירות יער,גרמים,340.00,100 גרם,false,,13.90,0.0409,true,1,167202
7290107954976,false,משקה חלב PRO עם קפה 1.5% 25 גרם חלבון בבקבוק,מחלבת יטבתה,,יטבתה פרו קפה 350 יט,מיליליטרים,350.00,"100 מ""ל",false,,6.50,0.0186,true,1,158452
7290107956642,false,"תרסיס שמן זית 150 מ""ל יד מרדכי כשלפ",פארייפאבה אגרואינדוס,,"תרסיס שמן זית 150 מ""",מיליליטרים,150.00,"100 מ""ל",false,,17.90,0.1193,true,1,167209
7290107956925,false,קפסולות 13 אוגנדה למכונת נספרסו עלית 10יח',שטראוס קפה בי.וי.,,קפסולות 13 אוגנדה למ,Unknown,10.00,יחידה,false,,17.90,1.7900,true,1,167212
7290107956932,false,קפסולות אספרסו אידונזיה למכונות 50 גר,שטראוס קפה בי.וי.,,קפסולות 12 אינדונזיה,Unknown,10.00,יחידה,false,,17.90,1.7900,true,1,167213
7290107957076,false,"מסטיק ""עלמה"" בטעם ספירמנט 66 גרם צנצנת ""עלית""","שטראוס גרופ בע""\מ",,צנצנת עלמה בטעם ספיר,גרמים,66.00,100 גרם,false,,9.90,0.1500,true,1,167215
7290107973014,false,"סבון ידיים משאבה פלמוליב חלב ודבש 300 מ""ל",הנסיך- מפעל לייצור ט,,סבון ידיים חלב ודבש,מיליליטרים,300.00,"100 מ""ל",false,,10.90,0.0363,true,1,165044
7290107973038,false,"סבון ידיים משאבה פלמוליב אקווריום 300 מ""ל",הנסיך- מפעל לייצור ט,,סבון ידיים אקווריום,מיליליטרים,300.00,"100 מ""ל",false,,10.90,0.0363,true,1,165045
7290107973861,false,מאסטר שף עגבניות קצוצות דק שלישיה 400ג*3 כשלפ,קונסרזיו קאסאלאסקו ד,,עגבניות חתוך דק מאסט,גרמים,1200.00,100 גרם,false,,16.90,0.0141,true,1,165046
7290107974066,false,"עלי טורטיה קמח מלא 20ס""מ 8יח' מאסטר שף 320ג'",אלקאטי קורביישיסי גי,,עלי טורטייה 5 דגנים,גרמים,320.00,100 גרם,false,,9.90,0.0309,true,1,165049
7290107974073,false,מנה עלי טורטיה קמח לבן מ.שף 20 סמ 320 גר,אלקאטי קורביישיסי גי,,עלי טורטיה מקמח לבן,גרמים,320.00,100 גרם,false,,9.90,0.0309,true,1,165050
7290107974806,false,"אורז בסמטי 1 ק""ג מאסטר שף",דווה סינג שיהם סינג,,מאסטר שף אורז בסמטי,גרמים,1000.00,100 גרם,false,,11.90,0.0119,true,1,165051
7290108201802,false,"דטול - ספריי חיטוי בניחוח כביסה 400 מ""ל",רקיט בנקיזר,,דטול ספריי חיטוי בני,מיליליטרים,400.00,"100 מ""ל",false,,24.90,0.0622,true,1,182154
7290108271171,false,מגשית אלומיניום גדול עם מכסה R2 (3 יח'),חגיגית,,מגשית אלומיניום עם מ,Unknown,3.00,יחידה,false,,7.90,2.6333,true,1,166167
7290108271416,false,שקיות אשפה 52/65 עם שרוך רמי לוי,רמי לוי,,שקיות אשפה 52/65 עם,Unknown,1.00,יחידה,false,,18.90,18.9000,true,1,166174
7290108271430,false,שקיות אשפה עם שרוך 2*10 רמי לוי,רמי לוי,,שקית אשפה עם שרוך זו,גרמים,760.00,100 גרם,false,,14.60,0.0192,true,1,166175
7290108271454,false,שקיות מזון בקופסא רמי לוי 300 יח,רמי לוי,,שקיות מזון בקופסא רמ,Unknown,300.00,יחידה,false,,9.90,0.0330,true,1,166176
7290108271461,false,שקיות רב שימושיות (הקפאה) 200 יחידות,רמי לוי,,שקיות הקפאה-זוגות גל,Unknown,2.00,יחידה,false,,8.30,4.1500,true,1,166177
7290108271492,false,נייר אפייה רמי לוי 37*42,רמי לוי,,נייר אפייה רמי לוי 3,Unknown,50.00,יחידה,false,,8.90,0.1780,true,1,166179
7290108271607,false,"רדיד אלומיניום זוגות רמי לוי 30 ס""מ",רמי לוי,,רדיד אלומיניום זוגות,Unknown,2.00,יחידה,false,,11.90,5.9500,true,1,166181
7290108271621,false,רדיד אלומיניום רמי לוי 60 מ',רמי לוי,,רדיד אלומיניום עבה (,Unknown,1.00,יחידה,false,,24.90,24.9000,true,1,166183
7290108271652,false,צמרוני עץ רמי לוי 100 יח,רמי לוי,,צמרוני עץ רמי לוי 10,Unknown,100.00,יחידה,false,,1.90,0.0190,true,1,166184
7290108271669,false,צמרוני עץ רמי לוי 300 יח,רמי לוי,,צמרוני עץ רמי לוי 30,Unknown,300.00,יחידה,false,,3.90,0.0130,true,1,166185
7290108271706,false,צמרוני תינוקות רמי לוי 55 יח,רמי לוי,,צמרוני אוזניים תינוק,Unknown,60.00,יחידה,false,,5.90,0.0983,true,1,166187
7290108271812,false,קופסאות אחסון 2 ליטר,חגיגית,,קופסאות אחסון 2 ליטר,Unknown,4.00,יחידה,false,,9.90,2.4750,true,1,166189
7290108271829,false,קופסאות אחסון 1 ליטר,חגיגית,,קופסאות אחסון 1 ליטר,Unknown,5.00,יחידה,false,,9.90,1.9800,true,1,166190
7290108272000,false,כוסות שתיה קרה 100 יחידות,חגיגית,,כוסות שתיה קרה 100 י,Unknown,100.00,יחידה,false,,7.90,0.0790,true,1,166196
7290108272079,false,מגבונים לניקוי כללי 400 יח דלי,רמי לוי,,מגבונים לניקוי כללי,Unknown,400.00,יחידה,false,,20.90,0.0522,true,1,166197
7290108272130,false,נייר סנדויץ 25*35 רמי לוי 100 יח,רמי לוי,,נייר סנדויץ 25*35 רמ,Unknown,100.00,יחידה,false,,8.90,0.0890,true,1,166198
7290108272161,false,קערית אובלית קטן רמי לוי 25 יח,רמי לוי,,קערית אובלית קטן רמי,Unknown,25.00,יחידה,false,,5.50,0.2200,true,1,166201
7290108272185,false,צלחת בינוני רמי לוי 50 יח,רמי לוי,,צלחת בינוני רמי לוי,Unknown,50.00,יחידה,false,,13.90,0.2780,true,1,166203
7290108272208,false,חגיגית - זוג מפות אלבד קרם,רמי לוי,,מפת אלבד שנהב רמי לו,Unknown,1.00,יחידה,false,,8.90,8.9000,true,1,181403
7290108272321,false,מפות שולחן 240*135 (,ב.ה. דבליו,,מפות שולחן 240*135 (,מיליליטרים,750.00,"100 מ""ל",false,,7.90,0.0105,true,1,181406
7290108272376,false,צלחות אובליות קרם רמי לוי 25 יח,חגיגית,,אובלי קרם 25 יח' רמי,Unknown,25.00,יחידה,false,,5.90,0.2360,true,1,166206
7290108272451,false,מרקיה קרם רמי לוי 25 יח,,,מרקיה קרם רמי לוי 25,Unknown,25.00,יחידה,false,,7.90,0.3160,true,1,166209
7290108272581,false,תבנית אפייה נייר אינגלישקייק,,,תבנית אפייה נייר אינ,Unknown,2.00,יחידה,false,,5.20,2.6000,true,1,166214
7290108272659,false,שקיות מזון רמי לוי 200 יח,,,שקיות מזון 18*24 (20,100 יחידה,200.00,100 יחידה,false,,3.90,0.0195,true,1,186675
7290108272819,false,מגשיות אלומניום קטנות,,,מגשיות אלומניום קטנו,Unknown,8.00,יחידה,false,,10.90,1.3625,true,1,181279
7290108272901,false,"סבון ידיים 3*500 מ""ל רמי לוי",,,סבון ידיים אקזוטי הפ,מיליליטרים,1500.00,"100 מ""ל",false,,11.90,0.0079,true,1,166217
7290108272925,false,"סבון ידיים 3*500 מ""ל רמי לוי",,,סבון ידיים ים מרענן,Unknown,3.00,יחידה,false,,11.90,3.9667,true,1,166219
7290108273168,false,צלחת בינונית איכותית קרם רמי לוי 25 יח,רמי לוי,,צלחת 9' קרם (25 יח'),Unknown,25.00,יחידה,false,,12.90,0.5160,true,1,166225
7290108273410,false,ניילון נצמד זוגות 2*30 רמי לוי,רמי לוי,,ניילון נצמד זוגות 2*,Unknown,2.00,יחידה,false,,8.90,4.4500,true,1,166231
7290108273427,false,ניילון נצמד 150 מטר + סכין עליון רמי לוי,רמי לוי,,ניילון נצמד 150 מ' ס,Unknown,1.00,יחידה,false,,17.00,17.0000,true,1,166232
7290108273434,false,שקיות צלייה 28/35 רמי לוי 10 יח,רמי לוי,,שקיות צלייה 28/35 רמ,Unknown,10.00,יחידה,false,,3.30,0.3300,true,1,166233
7290108273632,false,שיפודי עץ רמי לוי 100 יח,רמי לוי,,שיפודי עץ רמי לוי 10,Unknown,100.00,יחידה,false,,3.90,0.0390,true,1,166237
7290108273656,false,תבניות אלומניום צרות רמי לוי 5 יח,רמי לוי,,תבניות אלומניום צרות,Unknown,5.00,יחידה,false,,7.90,1.5800,true,1,166239
7290108273663,false,מגשיות אלומיניום גדולות (5 יח') R33 רמי,רמי לוי,,מגשיות אלומיניום גדו,Unknown,5.00,יחידה,false,,6.90,1.3800,true,1,166240
7290108273670,false,מגשיות אלומיניום ענקיות (3 יח') R99 רמי,רמי לוי,,תבניות אלומניום ענקי,Unknown,3.00,יחידה,false,,8.90,2.9667,true,1,166241
7290108273687,false,תבנית אלומניום עגולה רמי לוי 5 יח,רמי לוי,,מגשיות אלומיניום עגו,Unknown,5.00,יחידה,false,,6.20,1.2400,true,1,166242
7290108273694,false,מגשיות אלומיניום אינגליש (10 יח') R88 רמ,רמי לוי,,תבנית אינגליש קייק ר,Unknown,10.00,יחידה,false,,7.90,0.7900,true,1,166243
7290108273762,false,כפפות לטקס M רמי לוי,רמי לוי,,כפפות לטקס M רמי לוי,Unknown,1.00,יחידה,false,,20.90,20.9000,true,1,166248
7290108273793,false,כפפות ניטריל כחולות S רמי לוי,רמי לוי,,כפפות ניטריל ללא אבק,Unknown,1.00,יחידה,false,,23.90,23.9000,true,1,166250
7290108273823,false,כפפות ניטריל כחולות XL רמי לוי,רמי לוי,,כפפות ניטריל כחולות,Unknown,1.00,יחידה,false,,23.90,23.9000,true,1,166253
7290108274011,false,כוסות שתיה חמה גדולו,,,כוסות שתיה חמה גדולו,Unknown,50.00,יחידה,false,,16.90,0.3380,true,1,166265
7290108274059,false,מגשיות אלומיניום קטנות (8 יח') R29 רמי ל,,,מגשיות אלומיניום קטנ,Unknown,8.00,יחידה,false,,7.90,0.9875,true,1,166266
7290108274332,false,שקיות צליה 28/35 (10 יח') בסט וליו,,,שקיות צלייה 28/35 רמ,Unknown,10.00,יחידה,false,,3.30,0.3300,true,1,166273
7290108274370,false,זוג רדיד אלומיניום ר,,,זוג רדיד אלומיניום ר,Unknown,1.00,יחידה,false,,24.90,24.9000,true,1,185870
7290108274592,false,נייר אפייה רמי לוי 3,נייר אפיה 3 ב 21,,נייר אפייה רמי לוי 3,Unknown,50.00,יחידה,false,,8.90,0.1780,true,1,166277
7290108274615,false,קעריות אובליות לבן 25 יחידות,,,קערית אובלית קטן רמי,Unknown,25.00,יחידה,false,,5.50,0.2200,true,1,166279
7290108274639,false,צלחות קטנות לבן 50 יחידות-רמי,,,צלחת בינוני רמי לוי,Unknown,50.00,יחידה,false,,13.90,0.2780,true,1,166281
7290108274677,false,קרם קסרול (25 יח') בסט וליו,,,אובלי קרם 25 יח' רמי,Unknown,25.00,יחידה,false,,5.90,0.2360,true,1,166282
7290108274707,false,קרם צלחת 9' (25 יח') בסט וליו,,,צלחת 9' קרם (25 יח'),Unknown,25.00,יחידה,false,,12.90,0.5160,true,1,166283
7290108275063,false,שקיות ענקיות רמי לוי 40 יחידות,,,שקיות ענקיות רמי לוי,Unknown,40.00,יחידה,false,,14.90,0.3725,true,1,166285
7290108275254,false,קינוחיות 24 גביעי קרמבל,חגיגית,,קינוחיות גביעי קרמבל,Unknown,24.00,יחידה,false,,15.90,0.6625,true,1,166291
7290108275407,false,כוס שתייה קרה 100 יח-חגיגית,כוסות שתיה קרה 4 ב 1,,כוסות שתיה קרה 100 י,Unknown,100.00,יחידה,false,,7.90,0.0790,true,1,166296
7290108275544,false,מזלג לבן (100 יח') ב,,,מזלג לבן (100 יח') ב,Unknown,100.00,יחידה,false,,9.90,0.0990,true,1,166298
7290108275551,false,כף לבנה 100 יחידות,,,כף לבן 100 יחידות,Unknown,100.00,יחידה,false,,9.90,0.0990,true,1,166299
7290108275568,false,כפית לבן 100 יחידות,,,כפית לבן 100 יחידות,Unknown,100.00,יחידה,false,,7.90,0.0790,true,1,166300
7290108276343,false,מטליות רצפה זיגזג רמי לוי,,,מטליות רצפה זיגזג 3,Unknown,3.00,יחידה,false,,7.90,2.6333,true,1,166309
7290108277265,false,אקולוגית צלחת 9' (25 יח') בסט וליו,,,צלחת 9 אקולוגית' (25,Unknown,25.00,יחידה,false,,16.90,0.6760,true,1,181281
7290108350616,false,סנו - מקסימה מרכך כביסה מרוכז פריחה כחולה 1 ליטר,"סנו מפעלי ברונוס בע""\מ",,מרכך מרוכז 1 ליטר מק,מיליליטרים,1000.00,"100 מ""ל",false,,17.90,0.0179,true,1,161819
7290108350623,false,מרכך כביסה סופר מרוכז סופט סילק מקסימה 1 ל' סנו,"סנו מפעלי ברונוס בע""\מ",,מרכך מרוכז 1 ליטר סו,מיליליטרים,1000.00,"100 מ""ל",false,,17.90,0.0179,true,1,161820
7290108351507,false,מרכך כביסה אינספרישיין סנו מקסימה 4 ליטר,הורביץ סחר,,מרכך 4 ליטר סופט סיל,מיליליטרים,4000.00,"100 מ""ל",false,,21.90,0.0055,true,1,161828
7290108351552,false,"סנו - ג'ט לניקוי כללי בתוספת חומץ בניחוח לבנדר 750 מ""ל","סנו מפעלי ברונוס בע""\מ",,"ג'ט חומץ מרסס 750 מ""",מיליליטרים,750.00,"100 מ""ל",false,,15.90,0.0212,true,1,161830
7290108351699,false,סנו - ג'ט מטליות לחות לניקוי כללי בתוספת חומץ לבנדר שלישיה,סנו מפעלי ברונוס על,,מארז שלישייה מגבונים,Unknown,50.00,יחידה,false,,20.90,0.4180,true,1,161835
7290108351804,false,מרכך כביסה סופר מרוכז Gentl Breeze סנו מקסימה 1 ליטר,מיוצר עי קונדיטוריית,,מקסימה מרכךסופר מרוכ,מיליליטרים,1000.00,"100 מ""ל",false,,17.90,0.0179,true,1,161839
7290108351811,false,מרכך כביסה סופר מרוכז Floral touch סנו מקסימה 1 ליטר,מיוצר עי קונדיטוריית,,מקסימה מרכךסופר מרוכ,מיליליטרים,1000.00,"100 מ""ל",false,,17.90,0.0179,true,1,161840
7290108352566,false,מרכך כביסה בבישום עוצמתי 4 ל' סנו מקסינה,"סנו מפעלי ברונוס בע""\מ",,מרכך כביסה סנו מקסימ,מיליליטרים,4000.00,"100 מ""ל",false,,21.90,0.0055,true,1,184588
7290108352672,false,צמד מטליות הפלא לרצפה מיקרפייבר סנו סושי,סנו מפעלי ברונוס.,,מטליות הפלא לריצפה מ,Unknown,2.00,יחידה,false,,19.90,9.9500,true,1,161844
7290108356106,false,כיף תחליב רחצה חלב שקדים 700 מל,החברה הדרומית,,כיף תחליב רחצה שקד 7,מיליליטרים,700.00,"100 מ""ל",false,,12.90,0.0184,true,1,161851
7290108356113,false,"כיף תחליב רחצה דבש 700 מ""ל-מרכז",החברה הדרומית,,כיף תחליב רחצה דבש 7,מיליליטרים,700.00,"100 מ""ל",false,,12.90,0.0184,true,1,161852
7290108356120,false,"כיף תחליב רחצה קוקוס וניל 700 מ""ל",קוסמופארם,,כיף תחליב רחצה קוקוס,מיליליטרים,700.00,"100 מ""ל",false,,12.90,0.0184,true,1,161853
7290108356151,false,"תחליב רחצה כיף מאסק יסמין 700 מ""ל",גוד פוד פרודקטס S.p,,כיף תחליב רחצה מאסק,מיליליטרים,700.00,"100 מ""ל",false,,12.90,0.0184,true,1,161854
7290108356168,false,"כיף - תחליב רחצה אוקיינוס 700 מ""ל",גוד פוד פרודקטס S.p,,כיף תחליב רחצה אוקיי,מיליליטרים,700.00,"100 מ""ל",false,,12.90,0.0184,true,1,161855
7290108357851,false,"כיף - ג'ל רחצה אליקסיר אוילס מועשר בשמן קוקוס 700 מ""ל","קוסמופארם בע""\מ",,גל רחצה שמן מקדמיה כ,מיליליטרים,700.00,"100 מ""ל",false,,12.90,0.0184,true,1,185266
7290108358070,false,"תחליב רחצה קרמה קלאסי 700 מ""ל",גוד פוד פרודקטס S.p,,תחליב רחצה קרמה קלאס,מיליליטרים,700.00,"100 מ""ל",false,,17.90,0.0256,true,1,180791
7290108359077,false,סנו - סופט לושן ממחטות אף בקופסא 3 שכבות 120 יח',"סנו מפעלו ברונוס בע""\מ",,ממחטות לושן 120 יחיד,Unknown,120.00,יחידה,false,,13.90,0.1158,true,1,185268
7290108501346,false,גבינה מגורדת גאודה 28% שומן EURO CHEESE ויליפוד 500 גרם,ג. וילי פוד אינטרנשיונל,,גבינת גאודה מגורדת 5,גרמים,500.00,100 גרם,false,,24.90,0.0498,true,1,160542
7290108501490,false,גבינה מוצרלה פרוסות ו.פוד 150ג',ג.וילי פוד אינטרנשיונל ב,,גבינת מוצרלה פרוסות,גרמים,150.00,100 גרם,false,,13.90,0.0927,true,1,160545
7290108501506,false,גבינת חלומי יורו ציז,סאסו פטוראגס קומטויס אף,,גבינת חלומי 200 גרם,גרמים,200.00,100 גרם,false,,19.90,0.0995,true,1,160546
7290108502329,false,רביעיית טונה בשמן זית ויליפוד 4*160 גרם,גולדן פרייז קאנינג אל טי,,נתחי טונה בהירה בשמן,גרמים,640.00,100 גרם,false,,29.90,0.0467,true,1,171504
7290108502725,false,גבינת גאודה פרוסות ויליפוד 400 גרם,ג.וילי פוד אינטרנשיונל ב,,גבינת גאודה פרוסות 2,גרמים,400.00,100 גרם,false,,19.90,0.0497,true,1,171516
7290108502763,false,גבינת קממבר ויליפוד 200 גרם,פטוראז',,גבינת קממבר יורו 200,גרמים,200.00,100 גרם,false,,20.90,0.1045,true,1,171518
7290108503043,false,תפוחונים חטיף פלחים מיובשים מארז 22X4ג',הביי דונגפנג פוד קו. בעמ,,תפוחי עץ מיובשים תפו,גרמים,88.00,100 גרם,false,,14.90,0.1693,true,1,160573
7290108503159,false,גבינה כחולה עם עובש 31% ויליפוד 100 גרם,קסוס אל פסטור,,גבינה כחולה 31% עם ע,גרמים,100.00,100 גרם,false,,14.90,0.1490,true,1,160577
7290108503999,false,פרוסות גבינה בטעם גאודה לכריכים וטוסטים ויליפוד 150 גרם,Euro יורו מחלבות אירופה,,פרוסות גבינה בטעם גא,גרמים,150.00,100 גרם,false,,10.90,0.0727,true,1,160598
7290108504279,false,קשקבל \איבריקו\ מנצ'גו צ'אנק 150 גרם,ג.וילי פוד אינטרנשיו,,קשקבל צ'אנק יורו 150,גרמים,150.00,100 גרם,false,,17.90,0.1193,true,1,160609
7290108504286,false,איבריקו צ'אנק ויליפוד 150 גרם,ג.וילי פוד אינטרנשיו,,איבריקו צ'אנק יורו 1,גרמים,150.00,100 גרם,false,,17.90,0.1193,true,1,188036
7290108504293,false,מנצ'גו צ'אנק ויליפוד 150 גרם,ג.וילי פוד אינטרנשיו,,מנצ'גו צ'אנק יורו 15,גרמים,150.00,100 גרם,false,,17.90,0.1193,true,1,160610
7290108504378,false,גבינת שמנת עם זיתים ויליפוד 200 גרם,אטלסר&אלפרי קאסורק,,גבינת שמנת עם זיתים,גרמים,200.00,100 גרם,false,,12.90,0.0645,true,1,160613
7290108504699,false,רביעיית טונה בשמן קנולה פתח קל ויליפוד 4*160 גרם,גולדן פרייז קאנינג אל טי,,נתחי טונה בהירה בשמן,גרמים,640.00,100 גרם,false,,21.90,0.0342,true,1,181412
7290108505375,false,גולדן צהובה פרוסה ויליפוד 400 גרם,,,גבינה צהובה פרוסה גו,גרמים,400.00,100 גרם,false,,20.90,0.0522,true,1,187924
7290108505689,false,גבינת גרנה פדנו מגורדת ויליפוד 100 גרם,זנאטי,,גבינת גרנה פדנו מגור,גרמים,100.00,100 גרם,false,,10.90,0.1090,true,1,160641
7290108505719,false,גבינת מוצרלה מגורדת EURO CHEESE ויליפוד 200 גרם,יורו צ'יז Euro Cheese,,גבינת מוצרלה מגורדת,גרמים,200.00,100 גרם,false,,14.90,0.0745,true,1,160642
7290108505726,false,אצבעות גבינת חצי קשה EURO CHEESE ויליפוד 200 גרם,סאסו פטוראגס קומטויס אף,,אצבעות - גבינה חצי ק,גרמים,200.00,100 גרם,false,,14.90,0.0745,true,1,160643
7290108505740,false,קשקבל גבינה חצי קשה EURO CHEESE ויליפוד 200 גרם,Euro יורו מחלבות אירופה,,גבינת קשקבל חצי קשה,גרמים,200.00,100 גרם,false,,14.90,0.0745,true,1,160645
7290108506495,false,"כנאפה מאפה בצק ""שערות"" קדאיף וגבינה",ארמה גרופ,,כנאפה קפוא 192.5 גרם,גרמים,192.50,100 גרם,false,,12.90,0.0670,true,1,160666
7290108506532,false,גליליות וופל במילוי קרם בטעם אגוזי לוז 400ג' ויליפוד,בן& אר.פי.סי,,גליליות וופל במילוי,גרמים,400.00,100 גרם,false,,14.90,0.0373,true,1,160667
7290108506709,false,גבינת פרמג'יאנו רג'יאנו 150 גר' רבנות,וילי פוד,,גבינת פרמג'יאנו רג'י,גרמים,150.00,100 גרם,false,,24.90,0.1660,true,1,185768
7290108506969,false,מאפה בורקס מים תורכי גבינה ויליפוד 300 גרם,וילי פוד,,מאפה בורקס מים תורכי,גרמים,300.00,100 גרם,false,,15.90,0.0530,true,1,160671
7290108507065,false,גבינת פרמג'אנו רגיאנו מגורדת ויליפוד 100 גרם,זנאתי,,גבינת פרמג'יאנו רג'י,גרמים,100.00,100 גרם,false,,13.90,0.1390,true,1,180824
7290108507072,false,שבבי גבינת גרנה פדנו ויליפוד 100 גרם,זנאטי,,שבבי גבינת גרנה פדנו,גרמים,100.00,100 גרם,false,,10.90,0.1090,true,1,180825
7290108507492,false,קרקרים עם שומשום 105ג רמילוי,,,קרקרים עם שומשום רמי,גרמים,105.00,100 גרם,false,,5.50,0.0524,true,1,180776
7290108508130,false,עגבניות איטלקיות מרוסקות 390 גרם,וילי פוד,,עגבניות איטלקיות בקר,גרמים,390.00,100 גרם,false,,8.90,0.0228,true,1,184140
7290108508499,false,"איירן משקה יוגורט בסגנון טורקי יורו 293 מ""ל",Euro יורו מחלבות אירופה,,משקה יוגורט 2.3% בסג,מיליליטרים,293.00,"100 מ""ל",false,,4.90,0.0167,true,1,181519
7290108508765,false,קונכיות פתיתים ויליפוד 400גרם,וילי פוד,,קונכיות פתיתים ויליפ,גרמים,400.00,100 גרם,false,,6.90,0.0173,true,1,181926
7290108509106,false,"גבינה בולגרית מעודנת בקוביות 13% שומן 200 ג' חת""ס פ""ת","היצרן: קוליוס אס. איי, ג",,גבינה בולגרית מעודנת,גרמים,200.00,100 גרם,false,,12.90,0.0645,true,1,183296
7290108509113,false,"גבינה בולגרית מעודנת 18% שומן 250 גרם חת""ס פ""ת",Euro יורו מחלבות אירופה,,גבינה בולגרית מעודנת,גרמים,250.00,100 גרם,false,,11.90,0.0476,true,1,183297
7290108509267,false,ארוחת פסטה עם רוטב גבינה ויליפוד 206 גרם,הנסיך- מפעל לייצור ט,,ארוחת פסטה עם רוטב ג,גרמים,250.00,100 גרם,false,,7.90,0.0316,true,1,183301
7290108509700,false,"אורז פרסי DAAWAT מהדרין 1 ק""ג",אל.טי.פודס לימיטד,,אורז פרסי DAAWAT 1 ק,גרמים,1000.00,100 גרם,false,,9.90,0.0099,true,1,184146
7290108509762,false,חמאת בוטנים 340 גרם בית יוסף,סופר נוטרי פודס,,חמאת בוטנים ויליפוד,גרמים,340.00,100 גרם,false,,9.90,0.0291,true,1,184147
7290108509816,false,גבינת בייבי מוצרלה EURO CHEESE ויליפוד 200 גרם,אונטד גידה,,גבינת בייבי מוצרלה י,גרמים,200.00,100 גרם,false,,13.90,0.0695,true,1,184150
7290108509939,false,פרוסות פילה טונה בשמן זית כתית מעולה,וילי פוד,,פרוסות פילה טונה 120,גרמים,120.00,100 גרם,false,,13.90,0.1158,true,1,184847
7290108538045,false,לחמניית טונה CFF,,,לחמניית טונה CFF,Unknown,1.00,יחידה,false,,12.00,12.0000,true,1,166738
7290108538977,false,מטריה קופיקס,,,מטריה קופיקס,Unknown,1.00,יחידה,false,,8.00,8.0000,true,1,164223
7290109351971,false,פריכיות דגנים פיטנס מצופות שוקולד חלב,פרח תעשיות,,פיטנס בר פריכיות שוק,גרמים,84.00,100 גרם,false,,12.90,0.1536,true,1,159651
7290109354101,false,"לחמית ללא גלוטן 200 גר' ""אסם""","אסם תעשיות בע""מ",,לחמית ללא גלוטן 200,גרמים,200.00,100 גרם,false,,9.90,0.0495,true,1,159659
7290109358260,false,"נקניקיות עם חלבון 600 גר' ""טבעול""",עיצובים 2020 (4.8),,טבעול נקניקיות עם חל,גרמים,600.00,100 גרם,false,,30.90,0.0515,true,1,159669
7290109358482,false,עוגיות קרמוגית במילוי קרם בטעם חלבה,"הגביע מוצרי וופלים בע""\מ",,קרמוגית במילוי חלבה,גרמים,200.00,100 גרם,false,,9.90,0.0495,true,1,159670
7290109580098,false,קבנוס בטעם סרירצ'ה זוגלובק 135 גרם,זוגלובק,,קבנוס בטעם סרירצ'ה ז,גרמים,135.00,100 גרם,false,,10.90,0.0807,true,1,185842
7290109580104,false,רוסטביף פרימיום זוגלובק 150 גרם,זוגלובק,,רוסטביף פרימיום זוגל,גרמים,150.00,100 גרם,false,,24.90,0.1660,true,1,180730
7290109580111,false,צלעות אסאדו מעושנות פרימיום זוגלובק 120 גרם,זוגלובק,,צלעות אסאדו מעושנות,גרמים,120.00,100 גרם,false,,24.90,0.2075,true,1,185135
7290109580166,false,סרוולד קלאסי פרימיום 150 גרם זוגלובק,זוגלובק,,סרוולד פרימיום זוגלו,גרמים,150.00,100 גרם,false,,24.90,0.1660,true,1,180734
7290109580210,false,נקנקיות ריינהולד'ס הצרפתיה זוגלובק 300 ג',זוגלובק,,נקניקיות ריינהולד'ס,גרמים,300.00,100 גרם,false,,21.90,0.0730,true,1,183872
7290109580241,false,נאגטס מן הצומח זוגלובק 500 גרם,זוגלובק טבע,,נאגטס מן הצומח זוגלו,גרמים,500.00,100 גרם,false,,25.90,0.0518,true,1,186484
7290109580265,false,זוג חזה הודו בדבש+בקביקיו 600ג רמילוי,,,ח.הודו ועוף בדבש+ח.ב,גרמים,600.00,100 גרם,false,,22.90,0.0382,true,1,190070
7290109580449,false,סלמי בטעם כמהין פרימיום זוגלובק 180 גרם,זוגלובק,,סלמי בטעם כמהין פרמ,גרמים,180.00,100 גרם,false,,24.90,0.1383,true,1,187568
7290110110611,false,ספרייט ליים 1.5 ליטר,החברה המרכזית לייצור משק,,ספרייט ליים 1.5 ליטר,מיליליטרים,1500.00,"100 מ""ל",false,,8.70,0.0058,true,1,174547
7290110110659,false,"ספרייט לימון ליים פחית 330מ""ל",החברה המרכזית לייצור משק,,סליק ספרייט LIME 330,מיליליטרים,330.00,"100 מ""ל",false,,6.20,0.0188,true,1,164412
7290110110703,false,מארז ספרייט שישייה פחיות FRIDGE PACK,החברה המרכזית לייצור משק,,מארז ספרייט חדש 6 פח,מיליליטרים,1980.00,"100 מ""ל",false,,24.10,0.0122,true,1,164413
7290110111809,false,"מארז פחיות פאנטה אורנג' שישייה 330 מ""ל",החברה המרכזית לייצור משק,,פאנטה אורנג' 6 פח FR,מיליליטרים,1980.00,"100 מ""ל",false,,24.10,0.0122,true,1,164422
7290110114787,false,נביעות+ מים מינרליים בטעם תפוח 1.5 ליטר,נביעות טבע הגליל בעמ,,מים בטעם תפוח נביעות,מיליליטרים,1500.00,"100 מ""ל",false,,9.20,0.0061,true,1,184846
7290110114794,false,נביעות+ מים מינרליים בטעם אפרסק 1.5 ליטר,"נביעות טבע הגליל בע""\מ ,",,מים בטעם אפרסק נביעו,מיליליטרים,1500.00,"100 מ""ל",false,,9.20,0.0061,true,1,184467
7290110114855,false,"נביעות מים מינרליים, שישיה 6 * 1.5 ליטר פקדון",נביעות טבע הגליל בעמ,,מים מינרילים נביעות,מיליליטרים,9000.00,"100 מ""ל",false,,13.70,0.0015,true,1,184471
7290110114961,false,משקה קל תפוזים פריגת 1.5 ליטר,מבשלות בירה בינלאומיות ב,,פריגת תפוזים 1.5 ליט,מיליליטרים,1500.00,"100 מ""ל",false,,9.10,0.0061,true,1,184472
7290110114985,false,משקה קל אשכוליות פריגת 1.5 ליטר,מבשלות בירה בינלאומיות ב,,פריגת אשכוליות 1.5 ל,מיליליטרים,1500.00,"100 מ""ל",false,,9.10,0.0061,true,1,184474
7290110115005,false,משקה קל ענבים פריגת 1.5 ליטר,מבשלות בירה בינלאומיות ב,,משקה קל ענבים פריגת,מיליליטרים,1500.00,"100 מ""ל",false,,9.10,0.0061,true,1,184475
7290110115043,false,משקה קל לימונענע פריגת 1.5 ליטר,מבשלות בירה בינלאומיות ב,,פריגת לימונענע 1.5 ל,מיליליטרים,1500.00,"100 מ""ל",false,,9.10,0.0061,true,1,184479
7290110115180,false,מים מינרלים נביעות 1.5 ליטר,"נביעות טבע הגליל בע""",,מים מינרילים נביעות,מיליליטרים,1500.00,"100 מ""ל",false,,4.50,0.0030,true,1,188425
7290110115203,false,קוקה קולה 1.5 ליטר פיקדון,החברה המרכזית לייצור משק,,קוקה קולה 1.5 ליטר,מיליליטרים,1500.00,"100 מ""ל",false,,8.90,0.0059,true,1,184492
7290110115210,false,דיאט קוקה קולה 1.5 ליטר פיקדון,החברה המרכזית לייצור משק,,דיאט קוקה קולה 1.5 ל,מיליליטרים,1500.00,"100 מ""ל",false,,8.60,0.0057,true,1,184493
7290110115227,false,קוקה-קולה זירו בקבוק 1.5 ליטר,החברה המרכזית לייצור משק,,קוקה קולה זירו בקבוק,מיליליטרים,1500.00,"100 מ""ל",false,,8.80,0.0059,true,1,184494
7290110115265,false,ספרייט לימון ליים 1.5 ליטר-,החברה המרכזית לייצור משק,,ספרייט ליים 1.5 ליטר,מיליליטרים,1500.00,"100 מ""ל",false,,8.90,0.0059,true,1,184496
7290110115272,false,ZERO ספרייט 1.5 ליטר פיקדון,החברה המרכזית לייצור משק,,ספרייט זירו בקבוק 1.,מיליליטרים,1500.00,"100 מ""ל",false,,8.60,0.0057,true,1,184497
7290110115319,false,פאנטה אקזוטיק 1.5 ליטר פיקדון,החברה המרכזית לייצור משק,,פאנטה אקזוטיק 1.5 לי,מיליליטרים,1500.00,"100 מ""ל",false,,9.10,0.0061,true,1,184499
7290110115357,false,קינלי סודה 1.5 ליטר פיקדון,החברה המרכזית לייצור משק,,קינלי סודה 1.5 ליטר,מיליליטרים,1500.00,"100 מ""ל",false,,4.30,0.0029,true,1,184503
7290110115364,false,קוקה קולה שישיות 1.5 ליטר פיקדון,החברה המרכזית לייצור משק,,קוקה קולה 6*1.5 ליטר,קילוגרמים,9.00,ליטר,false,,51.10,5.6778,true,1,184504
7290110115371,false,דיאט קוקה קולה שישיות 1.5 ליטר פיקדון,החברה המרכזית לייצור משק,,דיאט קוקה קולה 6*1.5,קילוגרמים,9.00,ליטר,false,,49.70,5.5222,true,1,184845
7290110115401,false,קינלי סודה שישייה 1.5 ליטר פיקדון,החברה המרכזית לייצור משק,,שישיית קינלי סודה 1.,מיליליטרים,9000.00,"100 מ""ל",false,,15.70,0.0017,true,1,184507
7290110115418,false,מארז שישייה קוקה קולה זירו 1.5 ל',החברה המרכזית לייצור משק,,קולה זירו קוקה קולה,מיליליטרים,9000.00,"100 מ""ל",false,,49.70,0.0055,true,1,184508
7290110115449,false,אייס תה בטעם מנגו אננס 1.5ל' FUZE TEA,מבשלות בירה בינלאומיות ב,,תה קר מנגו אננס פיוז,מיליליטרים,1500.00,"100 מ""ל",false,,9.50,0.0063,true,1,184511
7290110115463,false,פיוז טי אפרסק 1.5 ליטר פיקדון,מבשלות בירה בינלאומיות ב,,תה קר אפרסק פיוז-טי,מיליליטרים,1500.00,"100 מ""ל",false,,9.50,0.0063,true,1,184513
7290110115494,false,תה קר בטעם ענבים פיוז טי 1.5 ליטר,מבשלות בירה בינלאומית בע,,תה קר בטעם ענבים פיו,מיליליטרים,1500.00,"100 מ""ל",false,,9.50,0.0063,true,1,184516
7290110115623,false,משקה פיוז טי זירו ZERO בטעם אפרסק,מבשלות בירה בינלאומיות ב,,פיוז תה אפרסק זירו 1,מיליליטרים,1500.00,"100 מ""ל",false,,8.90,0.0059,true,1,186626
7290110115821,false,"ספרייט לימון, 1.5 ליטר פקדון",כלורוקס אוקלנד,,ספרייט ליים 1.5 ליטר,קילוגרמים,1.50,ליטר,false,,8.70,5.8000,true,1,185371
7290110115876,false,קינלי סודה 1.5ליטר-,"אינסטנטה בע""מ",,קינלי סודה 1.5 ליטר,מיליליטרים,1500.00,"100 מ""ל",false,,4.30,0.0029,true,1,188221
7290110116064,false,פאנטה ZERO פירות ירוק 1.5 ליטר פיקדון,החברה המרכזית לייצור משק,,פאנטה ZERO פירות יר,מיליליטרים,1500.00,"100 מ""ל",false,,9.10,0.0061,true,1,186919
7290110116125,false,"סירופ בטעם פטל פריגת 750 מ""ל",סירופ - גבעת חיים,,סירופ פטל פריגת 750,מיליליטרים,750.00,"100 מ""ל",false,,24.90,0.0332,true,1,188131
7290110116132,false,"סירופ בטעם לימון פריגת 750 מ""ל",סירופ - גבעת חיים,,סירופ לימון 750 פריג,מיליליטרים,750.00,"100 מ""ל",false,,24.90,0.0332,true,1,188132
7290110116149,false,"סירופ בטעם ענבים פריגת 750 מ""ל",סירופ - גבעת חיים,,סירופ ענבים פריגת 75,מיליליטרים,750.00,"100 מ""ל",false,,24.90,0.0332,true,1,188133
7290110116217,false,נביעות+ סדרת 0 קלוריות אשכוליות 1.5 ליטר,"נביעות טבע הגליל בע""\מ",,נביעות+ אשכולית 0 קל,מיליליטרים,1500.00,"100 מ""ל",false,,9.90,0.0066,true,1,187656
7290110116552,false,ספרייט לימון היט 1.5 ליטר LIME פיקדון,החברה המרכזית לייצור משק,,ספרייט למון היט 1.5,מיליליטרים,1500.00,"100 מ""ל",false,,8.90,0.0059,true,1,188427
7290110116569,false,"ספרייט זירו ZERO בק LEMON HIT, 1.5 ליטר",החברה המרכזית לייצור משק,,ספרייט זירו למון היט,מיליליטרים,1500.00,"100 מ""ל",false,,8.60,0.0057,true,1,188426
7290110320850,false,פתיתים גבינה חצי קשה מגורדת 28% שומן,תנובה מרכז שיתופי לש,,גבינת עמק 28% שומן פ,גרמים,200.00,100 גרם,false,,15.90,0.0795,true,1,162854
7290110320867,false,פתיתים גבינה חצי קשה מגורדת 28% שומן,תנובה מרכז שיתופי לש,,פתיתי עמק 28% שומן,גרמים,500.00,100 גרם,false,,29.90,0.0598,true,1,162855
7290110320935,false,גבינת מוצרלה תנובה 150ג' פרוסות,תנובה מרכז שיתופי לש,,פרוסות מוצרלה מחלב ב,גרמים,150.00,100 גרם,false,,16.90,0.1127,true,1,162856
7290110321031,false,מעדן חלב GO יוגורט מועשר בחלבון טבעי 200 ג' יופלה,"תנובה, מחלבת אלון תב",,יופלה GO יוגורט מועש,גרמים,200.00,100 גרם,false,,5.50,0.0275,true,1,162857
7290110321680,false,יוגורט GO בטעם תות 20 גרם חלבון בגביע,מיוצר עי קונדיטוריית,,יוגורט 2.9% תות גו 2,גרמים,200.00,100 גרם,false,,5.50,0.0275,true,1,162864
7290110321697,false,יוגורט GO בטעם אפרסק 20 גרם חלבון בגביע,מיוצר עי קונדיטוריית,,יוגורט 2.9% אפרסק גו,גרמים,200.00,100 גרם,false,,5.70,0.0285,true,1,162865
7290110321703,false,יוגורט עם פירות יער בתוספת חלבוני חלב 2% שומן,מיוצר עי קונדיטוריית,,יוגורט 2.9% פירות יע,גרמים,200.00,100 גרם,false,,5.70,0.0285,true,1,162866
7290110321789,false,גבינת מסקרפונה 38% השף הלבן 250 גרם,תנובה חלב,,גבינת מסקרפונה השף ה,גרמים,250.00,100 גרם,false,,19.90,0.0796,true,1,162867
7290110322014,false,טופו בטעם טבעי תנובה ALTERNATIVE,שוורצקוף& הנקל דיסלד,,טופו טבעי 300 גרם,גרמים,300.00,100 גרם,false,,12.50,0.0417,true,1,162868
7290110322021,false,"תנובה טופו בזיליקום 300 גר' בד""צ",שוורצקוף& הנקל דיסלד,,טופו בזיליקום 300 גר,גרמים,300.00,100 גרם,false,,12.50,0.0417,true,1,162869
7290110323301,false,טל העמק בסגנון אמנטל 32% שומן 200 גרם,פ.פ.ח. שאביט,,גבינת טל העמק 32% שו,גרמים,200.00,100 גרם,false,,18.90,0.0945,true,1,162880
7290110323592,false,יוגורט GO לייט בטעם אפרסק 20 גרם חלבון בגביע,יופלה Yoplait,,יוגורט לייט 0.5% מוע,גרמים,200.00,100 גרם,false,,5.70,0.0285,true,1,162884
7290110323714,false,משקה קוקוס שקדים תנובה E אלטרנטיב,מיוצר עי קונדיטוריית,,משקה קוקוס שקדים תנו,מיליליטרים,1000.00,"100 מ""ל",false,,12.90,0.0129,true,1,162889
7290110324070,false,גבינת חלומי מחלב בקר תנובה 200 גרם,"תנובה בע""\מ",,גבינת חלומי מחלב בקר,גרמים,200.00,100 גרם,false,,19.90,0.0995,true,1,181764
7290110324353,false,יוגורט GO לייט בטעם אננס 20 גרם חלבון בגביע,מיוצר עי קונדיטוריית,,יוגורט 0.5% מועשר אנ,גרמים,200.00,100 גרם,false,,5.70,0.0285,true,1,162897
7290110324711,false,ממרח סויה 9% שומן בטעם טבעי תנובה 250 גרם,מיוצר עי קונדיטוריית,,ממרח סויה בטעם טבעי,גרמים,250.00,100 גרם,false,,9.90,0.0396,true,1,162910
7290110324841,false,מעדן שקדים עם שוקולד מריר תנובה 125 גרם,מיוצר עי קונדיטוריית,,מעדן שקדים שוקולד מר,גרמים,125.00,100 גרם,false,,4.20,0.0336,true,1,181232
7290110324858,false,מעדן שקדים בטעם אגוזי לוז תנובה 125 גרם,מיוצר עי קונדיטוריית,,מעדן שקדים אגוזי לוז,גרמים,125.00,100 גרם,false,,4.20,0.0336,true,1,181233
7290110324872,false,גבינה צהובה גלבוע 5% שומן 200 גרם,גלבוע - תנובה,,פרוסות גבינה חצי קשה,גרמים,200.00,100 גרם,false,,17.90,0.0895,true,1,162917
7290110324926,false,משקה סויה ללא תוספת סוכר E אלטרנטיב,תנובה מרכז שיתופי לש,,משקה סויה ללא תוספת,מיליליטרים,1000.00,"100 מ""ל",false,,10.90,0.0109,true,1,162918
7290110325169,false,פרוסות גאודה תנובה 170 גרם,תנובה חלב,,פרוסות גבינת גאודה ח,גרמים,170.00,100 גרם,false,,19.90,0.1171,true,1,162923
7290110325305,false,יופלה GO סויה 20 גרם חלבון במתיקות מעודנת תנובה 200 גרם,מיוצר עי קונדיטוריית,,מעדן סויה גו מועשר ב,גרמים,200.00,100 גרם,false,,5.70,0.0285,true,1,172695
7290110325312,false,יופלה GO סויה 20 גרם חלבון בטעם תות תנובה 200 גרם,"תנובה בע""\מ",,מעדן סויה גו מועשר ת,גרמים,200.00,100 גרם,false,,5.70,0.0285,true,1,172696
7290110325619,false,משקה שיבולת שועל תנובה E אלטרנטיב,מיוצר עי קונדיטוריית,,משקה שיבולת שועל 1 ל,מיליליטרים,1000.00,"100 מ""ל",false,,12.90,0.0129,true,1,162927
7290110325879,false,פתיתי גאודה תנובה 200 גרם,תנובה- השף הלבן,,פתיתי גאודה 200 גרם,גרמים,200.00,100 גרם,false,,16.90,0.0845,true,1,162932
7290110325893,false,משקה חלב GO מועשר בחלבון בטעם אייס קפה,מיוצר עי קונדיטוריית,,תנובה GO אייס קפה 34,מיליליטרים,340.00,"100 מ""ל",false,,7.70,0.0226,true,1,181235
7290110326227,false,יופלה און טופ קורנפלקס תנובה 157 גרם,מיוצר עי קונדיטוריית,,יופלה און טופ קורנפל,גרמים,157.00,100 גרם,false,,5.00,0.0318,true,1,162937
7290110326234,false,יופלה און טופ כוכבים תנובה 157 גרם,מיוצר עי קונדיטוריית,,יופלה און טופ כוכבים,גרמים,157.00,100 גרם,false,,5.00,0.0318,true,1,162938
7290110326333,false,פרוסות גבינה סקנדינבית תנובה 170 גרם,פ.פ.ח. שאביט,,פרוסות גבינה סקנדינב,גרמים,170.00,100 גרם,false,,19.90,0.1171,true,1,172700
7290110327033,false,משקה סויה גו מועשר בחלבון במתיקות מופחתת 1 ליטר,מיוצר עי קונדיטוריית,,משקה סויה מועשר בחלב,מיליליטרים,1000.00,"100 מ""ל",false,,12.90,0.0129,true,1,162952
7290110327514,false,alternative משקה שיבולת שועל בטעם אגוזי לוז תנובה 1 ליטר,תנובה מרכז שיתופי לש,,משקה שיבולת שועל אגו,מיליליטרים,1000.00,"100 מ""ל",false,,12.90,0.0129,true,1,183472
7290110328016,false,משקה סויה מועשר בחלבון בטעם אגוזי לוז 250 גרם,תנובה מרכז שיתופי לש,,משקה סויה מועשר בחלב,מיליליטרים,250.00,"100 מ""ל",false,,6.90,0.0276,true,1,181221
7290110328481,false,פתיתי פרמג'יאנו רג'יאנו מחלב בקר 30%,ברטינלי גיאני א.,,פתיתי פרמג'יאנו רג'י,גרמים,100.00,100 גרם,false,,16.90,0.1690,true,1,181777
7290110328504,false,טריו - מיקס גבינות מוצרלה סקנדינבית וגאודה 300 גרם,מיוצר עי קונדיטוריית,,טריו פתיתים מוצרלה ס,גרמים,300.00,100 גרם,false,,25.90,0.0863,true,1,181778
7290110328627,false,יוגורט יופלה GO במרקם סמיך בטעם בננה קרמל 0%,מיוצר עי קונדיטוריית,,יוגורט גו סמיך בננה,גרמים,200.00,100 גרם,false,,5.90,0.0295,true,1,184072
7290110328764,false,יוגורט יופלה GO במרקם סמיך עם תות 0%,מיוצר עי קונדיטוריית,,יוגורט גו סמיך תות י,גרמים,200.00,100 גרם,false,,5.90,0.0295,true,1,184073
7290110328771,false,יוגורט יופלה GO במרקם סמיך עם פירות יער 0%,מיוצר עי קונדיטוריית,,יוגורט גו סמיך 0% פי,גרמים,200.00,100 גרם,false,,5.90,0.0295,true,1,184074
7290110328788,false,יוגורט יופלה GO במרקם סמיך בטעם אפרסק 0%,תנובה מרכז שיתופי לש,,יוגורט גו סמיך אפרסק,גרמים,200.00,100 גרם,false,,5.90,0.0295,true,1,184075
7290110328955,false,קוביות גבינת עזים בשמן מתובל פיראוס 350 גרם,דודוני תעשיית החלב החקלא,,קוביות גבינת עזים בש,גרמים,350.00,100 גרם,false,,24.90,0.0711,true,1,186338
7290110329136,false,מעדן חלב מעושר בחלבון בטעם שוקולד 120 ג' GO,תנובה מרכז שיתופי לש,,מעדן חלב גו בטעם שוק,גרמים,120.00,100 גרם,false,,4.90,0.0408,true,1,184223
7290110329143,false,מעדן חלב מעושר בחלבון בטעם וניל גביע 120 ג' GO,תנובה מרכז שיתופי לש,,מעדן חלב גו בטעם וני,גרמים,120.00,100 גרם,false,,4.90,0.0408,true,1,184224
7290110329266,false,יוגורט תנובה מחלב עיזים מלא תנובה 140 ג',קריות זול,,יוגורט מחלב עיזים מל,גרמים,140.00,100 גרם,false,,5.90,0.0421,true,1,186660
7290110329426,false,טופו טבעי עם רוטב קרם קוקוס קארי פיקנטי 250 גרם,תנובה חלב,,טופו טבעי 250 גרם עם,גרמים,610.00,100 גרם,false,,13.90,0.0228,true,1,186977
7290110329433,false,טופו טבעי עם רוטב סצ'ואן אלטרנטיב 250 גרם,תנובה חלב,,טופו טבעי 250 גרם עם,גרמים,310.00,100 גרם,false,,13.90,0.0448,true,1,186978
7290110329686,false,"משקה חלב גו בטעם עוגיות 340 מ""ל",מיוצר עי קונדיטוריית,,משקה חלב גו בטעם עוג,מיליליטרים,340.00,"100 מ""ל",false,,7.90,0.0232,true,1,184227
7290110329716,false,משקה חלב קר בטעם קפוצ'ינו 230 גרם תנובה,תנובה מרכז שיתופי לש,,משקה קפה קר בטעם קפו,גרמים,230.00,100 גרם,false,,7.90,0.0343,true,1,186497
7290110329723,false,משקה חלב קר בטעם לאטה 230 גרם תנובה,תנובה מרכז שיתופי לש,,משקה קפה קר בטעם לאט,גרמים,230.00,100 גרם,false,,7.90,0.0343,true,1,186498
7290110329730,false,"משקה חלב עם שוקולד וקפה בסגנון לאטה 2.7%  230 מ""ל תנובה",תנובה מרכז שיתופי לש,,משקה חלב עם שוקולד ו,גרמים,230.00,100 גרם,false,,7.90,0.0343,true,1,186499
7290110329792,false,יוגורט סויה BIO Alternative אפרסק 150 ג' תנובה,מיוצר עי קונדיטוריית,,מעדן סויה ביו אפרסק,גרמים,150.00,100 גרם,false,,4.80,0.0320,true,1,184899
7290110329808,false,יוגורט סויה BIO Alternative תות 150 ג' תנובה,מיוצר עי קונדיטוריית,,מעדן סויה ביו תות אל,גרמים,150.00,100 גרם,false,,4.80,0.0320,true,1,184895
7290110329815,false,סויה BIO מתיקות מעודנת גביע 150 גרם אלטרנטיב,מיוצר עי קונדיטוריית,,מעדן סויה ביו מתיקות,גרמים,150.00,100 גרם,false,,4.80,0.0320,true,1,184893
7290110329822,false,יוגורט סויה BIO Alternative פירות יער 150 ג' תנובה,מיוצר עי קונדיטוריית,,מעדן סויה ביו פירות,גרמים,150.00,100 גרם,false,,4.80,0.0320,true,1,184894
7290110329839,false,פרוסות צהובה בטעם זיתים 200 ג' אלטרנטיב אלטרנטיב,מיוצר עי קונדיטוריית,,פרוסות צהובה בטעם זי,גרמים,200.00,100 גרם,false,,22.90,0.1145,true,1,184229
7290110329846,false,יוגורט סויה BIO Alternative בטעם טבעי 150 ג' תנובה,מיוצר עי קונדיטוריית,,מעדן סויה ביו טבעי א,גרמים,150.00,100 גרם,false,,4.80,0.0320,true,1,184900
7290110550363,false,"פריכיות משולשות תירס, אורז שיבולת שועל, קינואה",אנרג'י Energy - שטראוס,,משולשות קינואה ומלח,גרמים,65.00,100 גרם,false,,9.90,0.1523,true,1,185308
7290110550370,false,פריכיות משולשות קינואה ופלפל שחור 65 גרם,שטראוס גרופ,,משולשות קינואה ופלפל,גרמים,65.00,100 גרם,false,,9.90,0.1523,true,1,188081
7290110552220,false,יוגורט PRO בטעם תות 0% סוכר לבן 20 גרם חלבון בגביע,"שטראוס בריאות בע""\מ",,דנונה פרו 20 גרם ללא,גרמים,200.00,100 גרם,false,,5.90,0.0295,true,1,185019
7290110552237,false,יוגורט פרו בטעם אפרסק מנגו ללא סוכר 200 ג' דנונה,"שטראוס בריאות בע""\מ",,דנונה פרו 20 גרם ללא,גרמים,200.00,100 גרם,false,,5.90,0.0295,true,1,185020
7290110553029,false,"אנרג'י קריספס-פריכיות חומוס, עדשים ואפונה עם קייל וסלק","פרח תעשיו מזון בע""מ",,פריכיות חלבון קייל ח,גרמים,60.00,100 גרם,false,,9.90,0.1650,true,1,185311
7290110553098,false,מאגדת חטיפים אנרג'י מיקס צימוקים אגוזים 100X4 גרם,אנרג'י Energy - שטראוס,,אנרג'י מיקס צימוקים,גרמים,100.00,100 גרם,false,,15.90,0.1590,true,1,187457
7290110553135,false,נסקפה קפוצ'ינו סטיק וניל 130 ג' עלית,מוקטה אס.פי,,קפוצ'ינו סטיק וניל ע,גרמים,130.00,100 גרם,false,,13.90,0.1069,true,1,188440
7290110554118,false,נודלס מלזי חריף עם טופו וירקות ברוטב קארי ירוק,"טרופיקל דגיל בע""מ אז",,ארוחת נודלס מלזי חרי,גרמים,350.00,100 גרם,false,,26.90,0.0769,true,1,183946
7290110554262,false,חלבית מלבין קפה חלבי 350 ג' עלית,מוקטה אס.פי.,,אבקת חלב חלבית 350 ג,גרמים,350.00,100 גרם,false,,19.70,0.0563,true,1,185804
7290110554422,false,פומודורו רוטב עגבניות ופלפלים לשקשוקה לפסטה יד מרדכי 350 גרם,אמיליאנה קונסרב סוסייטה,,רוטב עגבניות ופלפלים,גרמים,350.00,100 גרם,false,,11.90,0.0340,true,1,185314
7290110554460,false,ציטוס קראנץ צ'דר חלפיניו 65 ג' עלית,עלית,,ציטוס קראנץ צ'דר חלפ,גרמים,65.00,100 גרם,false,,3.50,0.0538,true,1,186665
7290110554705,false,קפסולות נספרסו לקפה יוניקו סדרת בתי הקלייה 10יח,שטראוס קפה בי.וי.,,קפסולות קפה יוניקו נ,גרמים,50.00,100 גרם,false,,18.90,0.3780,true,1,188085
7290110554729,false,קפסולות עלית אספרסו 04 תואמות למכונות NESPRESSO,שטראוס קפה בי.וי.,,קפסולות אספרסו 04 תו,גרמים,50.00,100 גרם,false,,17.90,0.3580,true,1,186075
7290110555146,false,מעדן הגולן מוקה 125 גר',שטראוס,,מעדן הגולן מוקה 125,מיליליטרים,125.00,"100 מ""ל",false,,2.90,0.0232,true,1,188365
7290110555306,false,רבע לשבע טבעוני סינמון באן עלית 125 גרם,"הגביע מוצרי וופלים בע""\מ",,רבע לשבע טבעוני סינמ,גרמים,125.00,100 גרם,false,,10.90,0.0872,true,1,186793
7290110555603,false,ספלנדיד אבקה להכנת משקה בטעם שוקולטה,גאלטס גולון,,שוקולוטה ספלנדיד 360,גרמים,360.00,100 גרם,false,,20.90,0.0581,true,1,188441
7290110555665,false,קקאו דל שומן עלית בקופסא 220 גרם,"ג'אלוסיס י. בע""\מ",,קקאו דל שומן קופסא ע,גרמים,220.00,100 גרם,false,,18.90,0.0859,true,1,188442
7290110556242,false,"שוקולד מריר פרווה 100 גר' בד""ץ תוצרת חוץ","שטראוס גרופ בע""מ.",,שוקולד מריר פרווה על,גרמים,100.00,100 גרם,false,,5.50,0.0550,true,1,188096
7290110557027,false,חומוס עשיר 50% טחינה גולמית 400 ג' אחלה,מיוצר עי קונדיטוריית,,חומוס 50% טחינה 400,גרמים,400.00,100 גרם,false,,13.90,0.0348,true,1,184740
7290110557102,false,מעדן חלב עם שוקולד מועשר בחלבון 150 ג' שטראוס,מיוצר עי קונדיטוריית,,מעדן פרו חלב עם שוקו,גרמים,150.00,100 גרם,false,,4.90,0.0327,true,1,186195
7290110557133,false,מעדן הגולן וניל 125 ג' שטראוס,מיוצר עי קונדיטוריית,,מעדן הגולן וניל 125,גרמים,125.00,100 גרם,false,,2.90,0.0232,true,1,184046
7290110557478,false,חומוס גלילי במרקם מעודן 600 גרם,"שטראוס גרופ בע""\מ",,חומוס גלילי אחלה 600,גרמים,600.00,100 גרם,false,,12.90,0.0215,true,1,185829
7290110558284,false,דנונה ביו מולטי שטראוס 200 גרם,"שטראוס בריאות בע""\מ",,דנונה ביו מולטי 200,גרמים,200.00,100 גרם,false,,4.90,0.0245,true,1,187077
7290110558307,false,יוגורט דנונה PRO עם שיבולת שועל במתיקות מעודנת,"שטראוס בריאות בע""\מ",,דנונה פרו 20 גרם עם,גרמים,200.00,100 גרם,false,,6.50,0.0325,true,1,186314
7290110558314,false,דנונה פרו 20 גרם חלבון ללא סוכר פיסטוק 200 גרם,"שטראוס בריאות בע""\מ",,דנונה פרו ללא סוכר פ,גרמים,200.00,100 גרם,false,,5.90,0.0295,true,1,187552
7290110558338,false,דנונה פרו 25 ג' חלבון 200 ג' שטראוס,"שטראוס בריאות בע""\מ",,דנונה פרו 25 גרם חלב,גרמים,200.00,100 גרם,false,,5.90,0.0295,true,1,186299
7290110559762,false,ריל מאגדת אגוזים תמרים קוקוס שטראוס 105 גרם,"ואמואליס פודס אס.איי,",,ריל מאגדת אגוזים תמר,גרמים,105.00,100 גרם,false,,15.90,0.1514,true,1,186797
7290110560317,false,"הפריכיות הטעימות חומוס, עדשים שחורות, קינואה ומלח ים","פרח תעשיו מזון בע""מ",,פריכיות משולשות מלח,גרמים,30.00,100 גרם,false,,4.90,0.1633,true,1,167223
7290110561604,false,מארז 8 יחידות מעדן גמדים בטעם תות בננה,"שטראוס בריאות בע""\מ",,שמיניית גמדים תות בנ,גרמים,800.00,100 גרם,false,,17.90,0.0224,true,1,158483
7290110563431,false,"משקה קפה קר בסגנון קלאסי 230 מ""ל 1.6% יוטבתה",האי נאם סי או אל.טי.,,משקה קפה קר קלאסי 1.,מיליליטרים,230.00,"100 מ""ל",false,,7.90,0.0343,true,1,158484
7290110563448,false,"משקה קפה קר בסגנון מעודן 230 מ""ל 1.6% יוטבתה",האי נאם סי או אל.טי.,,משקה קפה קר מעודן 1.,מיליליטרים,230.00,"100 מ""ל",false,,7.90,0.0343,true,1,158485
7290110563462,false,חלב 2% דל לקטוז בבקבוק יטבתה 1 ליטר.,מחלבת יטבתה,,חלב בבקבוק נטול לקטו,מיליליטרים,1000.00,"100 מ""ל",false,,7.90,0.0079,true,1,158487
7290110564339,false,חומוס אחלה הסידרה המובחר 30% טחינה 400 גר',מיוצר עי קונדיטוריית,,חומוס עשיר ב 30% טחי,גרמים,400.00,100 גרם,false,,13.90,0.0348,true,1,158491
7290110564360,false,חומוס אחלה הסידרה המובחר 40% טחינה 400 גר',מיוצר עי קונדיטוריית,,חומוס עשיר 40% טחינה,גרמים,400.00,100 גרם,false,,13.90,0.0348,true,1,158492
7290110564414,false,חומוס אחלה הסידרה המובחר 30% טחינה 600 גר',מיוצר עי קונדיטוריית,,חומוס עשיר 30% טחינה,גרמים,600.00,100 גרם,false,,14.90,0.0248,true,1,158495
7290110565435,false,"לימבו ג'לי פטל 125 גרם חלבי ""שטראוס""","שטראוס גרופ בע""\מ",,לימבו פטל קו חלבי 12,גרמים,125.00,100 גרם,false,,2.00,0.0160,true,1,158501
7290110565527,false,יוגורט PRO פרו 1.5% 20 גרם חלבון בגביע,"שטראוס בריאות בע""מ",,יוגורט פרו 20 גרם חל,גרמים,200.00,100 גרם,false,,5.90,0.0295,true,1,158502
7290110566623,false,קפסולות קולומביה עלית 08 למכונת נספרסו מארז 5X10ג',שטראוס קפה בי.וי.,,קפסולות 08 קולומביה,Unknown,10.00,יחידה,false,,17.90,1.7900,true,1,167236
7290110566975,false,דנונה פרו יוגורט 0% תות עשיר בחלבון 200ג',"שטראוס בריאות בע""\מ",,יוגורט דנונה פרו 20,גרמים,200.00,100 גרם,false,,5.90,0.0295,true,1,158503
7290110568276,false,משקה וניל פרו Pro מועשר בחלבון 1.5%,שטראוס גרופ,,יטבתה פרו וניל 350 מ,מיליליטרים,350.00,"100 מ""ל",false,,6.50,0.0186,true,1,158508
7290110571375,false,"אנרג'י מיקס תערובת צימוקים, תמרים, טופי ושברי פקאן",אנרג'י Energy - שטראוס,,אנרג'י מיקס צימוקים,גרמים,100.00,100 גרם,false,,15.90,0.1590,true,1,187462
7290110571412,false,מיני פינוקיות - פאדג' שוקולד בגביע 180 גרם,הגביע,,מיני פינוקיות בגביע,גרמים,180.00,100 גרם,false,,10.90,0.0606,true,1,188446
7290110572129,false,כיף כף מקלות שוקולד לבן 40 ג' עלית,סולן בעבור שטראוס,,כיף כף מקלות שוקולד,גרמים,40.00,100 גרם,false,,4.90,0.1225,true,1,188447
7290110572969,false,כיף כף פצפצים עקרם לבן 40ג' עלית,שולן צ'\יקולטה גידה סאן.,,כיף כף פצפצים קרם לב,גרמים,40.00,100 גרם,false,,5.00,0.1250,true,1,187463
7290110576318,false,מאגדת שלישיית שוקולד אגוז לבן 300 ג' עלית,שטראוס,,שוקולד אגוז לבן עלית,גרמים,300.00,100 גרם,false,,24.90,0.0830,true,1,188087
7290110576356,false,"שוקולד ספלנדיד מריר 64% - חלבי , מפולי קקאו מפרו",קימ'\ס גריפלנן,,ספלנדיד שוקולד מריר,גרמים,100.00,100 גרם,false,,7.90,0.0790,true,1,187106
7290110576363,false,"שוקולד ספלנדיד מריר 80% חלבי ,פולי קקאו מאוגנדה",קימ'\ס גריפלנן,,ספלנדיד שוקולד מריר,גרמים,100.00,100 גרם,false,,7.90,0.0790,true,1,187107
7290110576370,false,מארז שלישייה שוקולד מריר חלבי עם אגוזי לוז,שטראוס,,שוקולד אגוז מריר עלי,גרמים,300.00,100 גרם,false,,24.90,0.0830,true,1,188088
7290110576752,false,טבלאות שוקולד ספלנדיד מריר 70% 100 ג' עלית,קימ'\ס גריפלנן,,שוקולד ספלנדיד מריר,גרמים,100.00,100 גרם,false,,10.90,0.1090,true,1,188451
7290110576776,false,טבלאות שוקולד ספלנדיד מריר 85% 100 ג' עלית,קימ'\ס גריפלנן,,שוקולד ספלנדיד מריר,גרמים,100.00,100 גרם,false,,10.90,0.1090,true,1,188452
7290110577230,false,משקה חלב בטעם פיסטוק בבקבוק יטבתה 1 ליטר,שטראוס גרופ,,משקה חלב בטעם פיסטוק,מיליליטרים,1000.00,"100 מ""ל",false,,11.90,0.0119,true,1,188372
7290111353109,false,"גומי נחש מבריק 200 גר' וסטהיים (כש""לפ בית יוסף).",טופגם תעשיות ממתקים,,סוכריות גומי נחשים מ,גרמים,200.00,100 גרם,false,,10.90,0.0545,true,1,163527
7290111353123,false,"גומי נחש מסוכר 200 גר' וסטהיים (כש""לפ בית יוסף)",טופגם תעשיות ממתקים,,סוכריות גומי נחשים ח,גרמים,200.00,100 גרם,false,,10.90,0.0545,true,1,163528
7290111353475,false,"שטיחים חמוצים בטעם פירות 200 גרם בד""ץ",צ'וקטה,,שטיחים חמוצים יוגטה,גרמים,250.00,100 גרם,false,,9.90,0.0396,true,1,185099
7290111353482,false,מקלות חמוצים ממולאות בטעמי פירות יוגטה 200 גרם,צ'וקטה,,קוביות חמוצות 220 גר,גרמים,220.00,100 גרם,false,,9.90,0.0450,true,1,185100
7290111534010,false,פס גבינה שמנת פירורים קפולסקי 400 גרם,תופינים מקבוצת קפולסקי,,פס גבינה שמנת ופירור,גרמים,400.00,100 גרם,false,,39.90,0.0997,true,1,181818
7290111566103,false,טבעול פלאפל מרכיבים ביתיים בלבד 590 גרם,עיצובים 2020 (4.8),,טבעול פלאפל מרכיבים,גרמים,590.00,100 גרם,false,,31.90,0.0541,true,1,159704
7290111566226,false,שניצל ברוקולי טבעול 667 גרם,עיצובים 2020 (4.8),,טבעול שניצל ברוקולי,גרמים,667.00,100 גרם,false,,31.90,0.0478,true,1,159705
7290111566240,false,שניצל דק מן הצומח בטעם צ'ילי חריף 700 גרם,עיצובים 2020 (4.8),,טבעול שניצל דק בטעם,גרמים,564.00,100 גרם,false,,31.90,0.0566,true,1,159706
7290111566271,false,חטיפי תירס טבעול 657 גרם,עיצובים 2020 (4.8),,טבעול חטיפי תירס 657,גרמים,657.00,100 גרם,false,,30.90,0.0470,true,1,159707
7290111566318,false,שניצל דק מן הצומח בטעם ביתי 700 גרם,עיצובים 2020 (4.8),,טבעול שניצל דק מן הצ,גרמים,564.00,100 גרם,false,,31.90,0.0566,true,1,159709
7290111566332,false,"נקניקיות וינר מן הצומח 680 גרם ""טבעול""",עיצובים 2020 (4.8),,טבעול נקניקיות וינר,גרמים,680.00,100 גרם,false,,31.90,0.0469,true,1,159710
7290111566417,false,טבעול טחון מן הצומח משופר 400 גרם,עיצובים 2020 (4.8),,טבעול טחון צמחוני 50,גרמים,500.00,100 גרם,false,,31.90,0.0638,true,1,159711
7290111566547,false,טבעול חזה בגריל צמחוני 99 קלוריות 560ג',עיצובים 2020 (4.8),,טבעול חזה בגריל צמחו,גרמים,560.00,100 גרם,false,,31.90,0.0570,true,1,159713
7290111566561,false,"שניצל ברוקולי 99 קלוריות 560 גר' ""טבעול""",עיצובים 2020 (4.8),,טבעול שניצל ברוקולי,גרמים,560.00,100 גרם,false,,31.90,0.0570,true,1,159714
7290111566585,false,"שניצל צמחוני 99 קלוריות 650 גר' ""טבעול""",עיצובים 2020 (4.8),,טבעול שניצל צמחוני 9,גרמים,650.00,100 גרם,false,,31.90,0.0491,true,1,159715
7290111566660,false,קציצות עדשים כתומות טבעול 530 גרם,עיצובים 2020 (4.8),,טבעול קציצות עדשים כ,גרמים,530.00,100 גרם,false,,31.90,0.0602,true,1,159716
7290111566691,false,"שניצל תרד 99 קלוריות 560 גרם ""טבעול""",עיצובים 2020 (4.8),,טבעול שניצל תרד 99 ק,גרמים,560.00,100 גרם,false,,31.90,0.0570,true,1,159717
7290111566714,false,טבעול המבורגר צמחוני 99 קלוריות 600 גרם,עיצובים 2020 (4.8),,טבעול המבורגר צמחוני,גרמים,600.00,100 גרם,false,,31.90,0.0532,true,1,159718
7290111566752,false,טבעול שניצל תירס 99 קלוריות 693 גרם,עיצובים 2020 (4.8),,טבעול שניצל תירס 99,גרמים,693.00,100 גרם,false,,31.90,0.0460,true,1,159720
7290111568206,false,ביסלי פארטי מיקס אסם 150 גר',פרו מן יו פתרונות אר,,ביסלי פארטי מיקס 150,גרמים,150.00,100 גרם,false,,7.90,0.0527,true,1,159726
7290111568299,false,אטריות נודלס עם תרד אסם אסייתי 300 גר',זארה,,נודלס אטריות עם תרד,גרמים,300.00,100 גרם,false,,9.90,0.0330,true,1,159729
7290111938481,false,"רוטב סויה בהירה מאסטר שף 300 מ""ל",מאסטר שף,,רוטב סויה בהיר מאסטר,מיליליטרים,300.00,"100 מ""ל",false,,9.90,0.0330,true,1,165109
7290111938498,false,"מנה אסייאתי רוטב סויה בהירה 700 מ""ל מ.שף",קי.אר.אס. ספייסי פוד,,רוטב סויה בהיר מאסטר,מיליליטרים,700.00,"100 מ""ל",false,,14.90,0.0213,true,1,165110
7290112000408,false,מנקה ומחטא עוצמתי לניקוי כללי בניחוח לימון,רקיט בנקיזר,,דטול מנקה ומחטא לניק,מיליליטרים,750.00,"100 מ""ל",false,,15.90,0.0212,true,1,172483
7290112000798,false,"דיטול תרסיסי חיטוי וניקוי אנטי בקטריאלי 750 מ""ל",רקיט בנקיזר,,דטול מחטא משטחים לימ,מיליליטרים,750.00,"100 מ""ל",false,,15.90,0.0212,true,1,182157
7290112000828,false,דטול - מגבונים חיטוי וניקוי אנטי בקטריאלי 60 יח',רקיט בנקיזר,,דטול מטליות לחות מחט,Unknown,60.00,יחידה,false,,15.90,0.2650,true,1,182158
7290112000842,false,דטול מגבונים לניקוי כללי בניחות לימון 60 יח',רקיט בנקיזר,,דטול מטליות לחות מנק,Unknown,60.00,יחידה,false,,15.90,0.2650,true,1,182159
7290112005076,false,וניש תוסף כביסה רב תכליתי צבעוני 480 גרם,רקיט בנקיזר,,וניש אבקה לכביסה צבע,גרמים,480.00,100 גרם,false,,17.90,0.0373,true,1,187028
7290112190468,false,שמן זית ספרדי טבעי 7,,,שמן זית כתית מעולה 7,מיליליטרים,750.00,"100 מ""ל",false,,29.90,0.0399,true,1,186777
7290112197061,false,"סטייל - תחליב רחצה לניקוי וטיפוח הידיים ארגן 500 מ""ל",רנקסאן פלסטיק יאנגר,,תחליב רחצה לניקוי וט,מיליליטרים,500.00,"100 מ""ל",false,,12.90,0.0258,true,1,186769
7290112292063,false,עוגת קראנץ קינמון,,,עוגת קראנץ קינמון,Unknown,1.00,יחידה,false,,12.00,12.0000,true,1,169992
7290112292308,false,עוגת תפוזים ללא גלוט,,,עוגת תפוזים ללא גלוט,Unknown,1.00,יחידה,false,,10.00,10.0000,true,1,166517
7290112292322,false,שטרודל תמרים ללא גלו,,,שטרודל תמרים ללא גלו,Unknown,1.00,יחידה,false,,10.00,10.0000,true,1,166519
7290112292537,false,פסטה פיצה CFF,,,פסטה פיצה CFF,Unknown,1.00,יחידה,false,,18.00,18.0000,true,1,166775
7290112292582,false,סלט קופיקס (בטטה צ'י,,,סלט קופיקס (בטטה צ'י,גרמים,335.00,100 גרם,false,,27.00,0.0806,true,1,166780
7290112293084,false,סלט ים תיכוני 270גר,פוד פקטורי,,סלט ים תיכוני cff,גרמים,270.00,100 גרם,false,,27.00,0.1000,true,1,166793
7290112293305,false,סלט ישראלי cff,,,סלט ישראלי cff,גרמים,450.00,100 גרם,false,,27.00,0.0600,true,1,166797
7290112293558,false,סנדוויץ טונה 150 גרם,,,סנדוויץ טונה 150 גרם,Unknown,1.00,יחידה,false,,18.00,18.0000,true,1,166527
7290112293565,false,סנדוויץ סביח 150 גרם,,,סנדוויץ סביח 150 גרם,Unknown,1.00,יחידה,false,,18.00,18.0000,true,1,166528
7290112293572,false,סנדוויץ מיקס גבינות,,,סנדוויץ מיקס גבינות,Unknown,1.00,יחידה,false,,18.00,18.0000,true,1,166529
7290112294197,false,כריך טונה מחמצת פריז,פוד פקטורי,,כריך טונה פריזאית cf,Unknown,1.00,יחידה,false,,20.00,20.0000,true,1,166818
7290112295873,false,סלט פסטה פסטו חם/קר,,,סלט פסטה פסטו חם/קר,Unknown,1.00,יחידה,false,,19.00,19.0000,true,1,185470
7290112295903,false,כריך כפרי שקשוקה cff,,,כריך כפרי שקשוקה cff,Unknown,1.00,יחידה,false,,15.00,15.0000,true,1,185467
7290112295910,false,כריך כפרי חביתה cff,,,כריך כפרי חביתה cff,Unknown,1.00,יחידה,false,,15.00,15.0000,true,1,185468
7290112330352,false,"יוגורט PRO בטעם וניל 0% , 20 גרם חלבון בגביע","שטראוס בריאות בע""\מ",,דנונה פרו 20 גר וניל,גרמים,200.00,100 גרם,false,,5.90,0.0295,true,1,158513
7290112330390,false,דנונה פרו פירות יער 20 גרם חלבון 0% שומן 200 גרם,"שטראוס בריאות בע""\מ",,דנונה פרו 20 גר פירו,גרמים,200.00,100 גרם,false,,5.90,0.0295,true,1,170492
7290112330420,false,דנונה פרו לבן 2.9% שומן 150 גרם,מיוצר עי קונדיטוריית,,דנונה פרו לבן 12 גר,גרמים,150.00,100 גרם,false,,4.70,0.0313,true,1,158515
7290112332585,false,פריכיות משולש תפוא אורז בתיבול סלק ומלח ים אנרג'י 30 גרם,"פרח תעשיו מזון בע""מ",,"פריכיות תפו""א אורז ס",גרמים,30.00,100 גרם,false,,4.90,0.1633,true,1,167250
7290112332691,false,פינוקיות עוגיות קרם פסק זמן אגוזים 200 גרם,"הגביע מוצרי וופלים בע""\מ",,פינוקיות קרם פסק זמן,גרמים,200.00,100 גרם,false,,10.90,0.0545,true,1,167255
7290112332899,false,עלית - צנצנת בזוקה פופים קלאסי 58 גרם,אסקום קונפקשיין,,בזוקה פופים קלאסי 58,גרמים,58.00,100 גרם,false,,9.90,0.1707,true,1,167258
7290112335487,false,הפריכיות הטעימות קצח ודגנים אנרג'י 135 גרם,אנרג'י Energy - שטראוס,,פריכיות 3 דגנים עם ק,גרמים,135.00,100 גרם,false,,10.90,0.0807,true,1,167263
7290112335494,false,הפריכיות הטעימות תפוחי אדמה בטעם פוטטוס,"פרח תעשיות מזון בע""\מ",,פריכיות תפוח אדמה 3,גרמים,135.00,100 גרם,false,,10.90,0.0807,true,1,167264
7290112335500,false,"פרכיות אנרג'י חומוס,אורז,עדשים שחורות וקינואה 135 גרם","פרח תעשיות מזון בע""\מ",,פריכיות חומוס אורז ע,גרמים,135.00,100 גרם,false,,10.90,0.0807,true,1,167265
7290112336613,false,עד חצות עוגיות סנדוויץ במילוי שוקולד חלב,שטראוס גרופ,,עד חצות סנדוויץ 135,גרמים,135.00,100 גרם,false,,9.90,0.0733,true,1,187911
7290112336644,false,סוכריות מאסט ללא סוכר לימון 80 ג' עלית,שטראוס גרופ,,"סוכריות לל""ס לימון 8",גרמים,80.00,100 גרם,false,,7.90,0.0988,true,1,167274
7290112336712,false,יוגורט PRO לבן 0% 21 גרם חלבון בגביע,"שטראוס בריאות בע""מ",,דנונה פרו 21 גר 0% ש,גרמים,200.00,100 גרם,false,,5.90,0.0295,true,1,158524
7290112337474,false,סוכריות מאסט ללא סוכר פטל לימון 80 ג' עלית,שטראוס גרופ,,"סוכריות לל""ס פטל לימ",גרמים,80.00,100 גרם,false,,7.90,0.0988,true,1,167277
7290112338877,false,מעדן גבינה בטעם תות 3% 125ג' סקי,"שטראוס בריאות בע""\מ",,סקי תות 125 גרם,גרמים,125.00,100 גרם,false,,3.70,0.0296,true,1,158526
7290112339171,false,מילקי מוס עם שוקולד וקצפת,מיוצר עי קונדיטוריית,,מילקי מוס עם שוקולד,גרמים,81.00,100 גרם,false,,3.30,0.0407,true,1,170501
7290112339867,false,גמדים לדרך גבינה לבנה עם מחית תות,"שטראוס בריאות בע""\מ",,גמדים סקוויז בודד תו,גרמים,100.00,100 גרם,false,,5.80,0.0580,true,1,158536
7290112339874,false,גמדים לדרך גבינה לבנה עם מחיות תות ובננה,"שטראוס בריאות בע""\מ",,גמדים סקוויז בודד תו,גרמים,100.00,100 גרם,false,,5.80,0.0580,true,1,158537
7290112340122,false,הפריכיות הטעימות 3 דגנים אנרג'י 135 גרם,"פרח תעשיות מזון בע""\מ",,פריכיות 3 דגנים אנרג,גרמים,135.00,100 גרם,false,,10.90,0.0807,true,1,167279
7290112340245,false,צנצנת מסטיק מאסט בטעם דובדבן 66 ג' עלית,"שטראוס גרופ בע""\מ",,צנצנת MUST בטעם דובד,גרמים,66.00,100 גרם,false,,9.90,0.1500,true,1,186476
7290112340900,false,קפה טורקי האג נטול קפאין 200 גרם,הנסיך- מפעל לייצור ט,,קפה טורקי האג 200 גר,גרמים,200.00,100 גרם,false,,27.90,0.1395,true,1,167283
7290112341679,false,דנונה אקטיביה 3% שומן 200 גרם,מיוצר עי קונדיטוריית,,יוגורט פרוביוטי 3% א,גרמים,200.00,100 גרם,false,,4.00,0.0200,true,1,158543
7290112341686,false,שמינייה יוגורט לבן אקטיביה 3% דנונה 150 גרם.,מיוצר עי קונדיטוריית,,מארז אקטיביה 3% 150,גרמים,1.20,100 גרם,false,,19.90,16.5833,true,1,158544
7290112342102,false,סימפוניה גבינה במרקם שמנת בצל מקורמל 5%,"שטראוס בריאות בע""\מ",,סימפוניה בצל מקורמל,גרמים,200.00,100 גרם,false,,11.00,0.0550,true,1,158548
7290112343420,false,"משקה חלב עם דגנים מלאים ובננה פרו יטבתה 350מ""ל",מחלבת יטבתה,,יטבתה פרו ארוחת בוקר,מיליליטרים,350.00,"100 מ""ל",false,,7.50,0.0214,true,1,158558
7290112343499,false,חטיף צ'יטוס פאפס אפוי בטעם גבינה,"שטראוס פריטו ליי בע""\מ )",,צ'יטוס פאפס 55 גרם,גרמים,55.00,100 גרם,false,,3.50,0.0636,true,1,183649
7290112343512,false,צ'יטוס puffs בטעם גבינה 180 גרם,"שטראוס פריטו ליי בע""\מ )",,צ'יטוס פאפס 160 גרם,גרמים,160.00,100 גרם,false,,7.90,0.0494,true,1,183650
7290112344564,false,רביולי גבינה קלאסי שטראוס 400 ג',מיוצר עי קונדיטוריית,,רביולי גבינה 400 גר,גרמים,400.00,100 גרם,false,,19.80,0.0495,true,1,158560
7290112344755,false,מילקי שוקולד 26% פחות סוכר 135 גרם,מיוצר עי קונדיטוריית,,מילקי עם 26% פחות סו,גרמים,133.00,100 גרם,false,,2.90,0.0218,true,1,158564
7290112344786,false,קפה פלטינום קלאסיק עלית 200 גרם,הנסיך- מפעל לייצור ט,,פלטינום קלאסיק 200 ג,גרמים,200.00,100 גרם,false,,24.90,0.1245,true,1,167298
7290112344953,false,סימפוניה חציל קלוי גבינה במקרם שמנת 5%,"שטראוס בריאות בע""\מ",,סימפוניה חציל קלוי 2,גרמים,200.00,100 גרם,false,,11.00,0.0550,true,1,158572
7290112346360,false,בפלות אחת אחת ופל בטעם שוקולד מצופה שוקולד,הגביע מוצרי וופלים ב,,בפלות אחת אחת בציפוי,גרמים,180.00,100 גרם,false,,12.90,0.0717,true,1,167304
7290112346537,false,עוגיות פינוקיות בטעם טורטית 200 ג' עלית,"הגביע מוצרי ופלים בע""\מ",,פינוקיות בטעם טורטית,גרמים,200.00,100 גרם,false,,10.90,0.0545,true,1,187935
7290112346827,false,שמיניית אקטימל ויטמין C פטל 108 גרם,"שטראוס בריאות בע""\מ",,אקטימל ויטמין C פטל,מיליליטרים,864.00,"100 מ""ל",false,,20.90,0.0242,true,1,158590
7290112347008,false,גמדים לדרך גבינה לבנה עם מחית תות ושיבולת שועל,מיוצר עי קונדיטוריית,,גמדים ארוחת בוקר תות,גרמים,100.00,100 גרם,false,,5.80,0.0580,true,1,158596
7290112348142,false,שעועית לבנה 380 גר' בקופסה טעם הטבע,שטראוס טעם הטבע,,שעועית לבנה מבושלת ט,גרמים,380.00,100 גרם,false,,6.80,0.0179,true,1,167311
7290112348586,false,עלית - קפה נמס מילקשייק אייס קלאסי 200 גרם (2),שטראוס קפה בי.וי,,אייס נמס קלאסי 200 ג,גרמים,200.00,100 גרם,false,,14.90,0.0745,true,1,167317
7290112348999,false,הפריכיות הטעימות תירס דקות אנרג'י 135 גרם,פרח תעשיות,,פריכיות תירס דקות א,גרמים,135.00,100 גרם,false,,10.90,0.0807,true,1,167322
7290112349316,false,מסטיק בזוקה פופים ממולא בטעם תות ללא סוכר,אסקום קונפקשיין,,בזוקה ביג פופים בטעם,גרמים,86.00,100 גרם,false,,12.90,0.1500,true,1,167327
7290112349347,false,מאסט סוכריות FRESH בטעם מנטה,שטראוס גרופ,,סוכריות FRESH בטעם מ,גרמים,15.00,100 גרם,false,,3.90,0.2600,true,1,167328
7290112349378,false,סוכריות פרש בטעם רימון ותות 15 גרם,"הליקון גידה בע""מ",,סוכריות FRESH בטעם ר,גרמים,15.00,100 גרם,false,,3.90,0.2600,true,1,167330
7290112349606,false,מעדן גבינה ויוגורט תות בננה 88 ג' דניאלה,"שטראוס בריאות בע""\מ",,דניאלה תות בננה 88 ג,גרמים,88.00,100 גרם,false,,4.10,0.0466,true,1,185026
7290112349699,false,פסאטה מחית עגבניות חלקה 350 גר' יד מרדכי,אמיליאנה קונסרב סוסייטה,,פסאטה מחית עגבניות ח,גרמים,350.00,100 גרם,false,,7.90,0.0226,true,1,167333
7290112349705,false,פומודורו רוטב עגבניות קלאסי לפסטה יד מרדכי 350 גרם,אמיליאנה קונסרב סוסייטה,,פומודור רוטב עגבניות,גרמים,350.00,100 גרם,false,,11.90,0.0340,true,1,167334
7290112349736,false,בזיליקום רוטב עגבניות לפסטה יד מרדכי 350 גרם,אמיליאנה קונסרב סוסייטה,,בזיליקום רוטב עגבניו,גרמים,350.00,100 גרם,false,,11.90,0.0340,true,1,167335
7290112349743,false,ארביאטה רוטב עגבניות פיקנטי לפסטה 350 ג' יד מרדכי,אמיליאנה קונסרב סוסייטה,,ארביאטה רוטב עגבניות,גרמים,350.00,100 גרם,false,,10.90,0.0311,true,1,167336
7290112349750,false,פיצה רוטב עגבניות לפיצה יד מרדכי 350 גרם,אמיליאנה קונסרב סוסייטה,,פיצה רוטב עגבניות לפ,גרמים,350.00,100 גרם,false,,11.90,0.0340,true,1,167337
7290112349897,false,מסטיק מאסט Must קוביות בטעם מנטה ללא סוכר,אסקום קונפקשיין,,מאסט קוביות מנטה  86,גרמים,86.00,100 גרם,false,,12.90,0.1500,true,1,167338
7290112350312,false,קפסולות 15 קפה יותר למכונות נספרסו עלית 10יח',הנסיך- מפעל לייצור ט,,קפסולות 15 למכונות N,Unknown,10.00,יחידה,false,,17.90,1.7900,true,1,167340
7290112350589,false,ציקו אבקה להכנת משקה ציקוריה 65 גר,שטראוס קפה בי.וי,,צ'יקו 65 גרם,גרמים,65.00,100 גרם,false,,11.90,0.1831,true,1,167342
7290112351067,false,סילאן טבעי 100% תמר מג'הול ללא תוספת סוכר,יד מרדכי,,סילאן טבעי לחיץ 630,גרמים,600.00,100 גרם,false,,23.90,0.0398,true,1,167343
7290112351258,false,עוגיית קקאו פינוקיות שחור לבן 200 גר,"הגביע מוצרי ופלים בע""\מ",,פינוקיות שחור לבן 20,גרמים,200.00,100 גרם,false,,10.90,0.0545,true,1,167350
7290112354174,false,"פסטה רוזה 280 ג""ר ""דלישס"" שטראוס",גסטרונומיה פרוסט אס. אר.,,פסטה רוזה 280 גרם,גרמים,280.00,100 גרם,false,,21.90,0.0782,true,1,183943
7290112354204,false,"ספגטי עגבניות 280 גר' ""דלישס"" שטראוס",גסטרונומיה פרוסט אס. אר.,,ספגטי עגבניות 280 גר,גרמים,280.00,100 גרם,false,,21.90,0.0782,true,1,183944
7290112354945,false,תפוצ'יפס WAVY בטעם טבעי 50 גרם,שטראוס פריטו ליי בע”,,תפוציפס wavy טבעי 5,גרמים,50.00,100 גרם,false,,4.00,0.0800,true,1,188428
7290112354952,false,"תפוציפס WAVY בטעם פפריקה , 50 גרם",שטראוס פריטו ליי בע”,,תפוציפס wavy פפריקה,גרמים,50.00,100 גרם,false,,4.00,0.0800,true,1,188429
7290112354969,false,תפוצ'יפס בטעם טבעי 200 גרם היתר מכירה,שטראוס פריטו ליי בע”,,תפוציפס wavy טבעי 2,גרמים,200.00,100 גרם,false,,10.90,0.0545,true,1,188430
7290112355027,false,דנונה פרו 20 גרם חלבון בטעם קרמל מלוח 200 גרם,"שטראוס בריאות בע""\מ",,דנונה פרו 20 גרם בטע,גרמים,200.00,100 גרם,false,,5.90,0.0295,true,1,158638
7290112355102,false,גמדים סקוויז 100 גרם פאוץ סלט פירות 100 גרם,"שטראוס בריאות בע""\מ",,גמדים פאוץ סלט פירות,גרמים,100.00,100 גרם,false,,5.80,0.0580,true,1,158641
7290112355775,false,גבינת סימפוניה עם עירית 200 גרם,"שטראוס בריאות בע""\מ",,סימפוניה עירית 200 ג,גרמים,200.00,100 גרם,false,,11.00,0.0550,true,1,187554
7290112355812,false,מילקי טופ קורנפלקס 141 ג' שטראוס,"שטראוס גרופ בע""\מ",,מילקי טופ קורנפלקס 1,גרמים,141.00,100 גרם,false,,4.90,0.0348,true,1,186858
7290112357045,false,עגבניות איטלקיות מרוסקות 390 גר' בקופסה טעם הטבע,שטראוס טעם הטבע,,עגבניות איטלקיות מרו,גרמים,390.00,100 גרם,false,,6.80,0.0174,true,1,167376
7290112357069,false,מחית עגבניות איטלקיות בקופסה 500 גר' טעם הטבע,שטראוס טעם הטבע,,מחית עגבניות איטלקיו,גרמים,500.00,100 גרם,false,,7.80,0.0156,true,1,167377
7290112357106,false,שעועית אדומה 380 גר' בקופסה טעם הטבע,שטראוס טעם הטבע,,שעועית אדומה מבושלת,גרמים,380.00,100 גרם,false,,6.80,0.0179,true,1,167380
7290112357113,false,גרגרי חומוס בקופסה 380 גר' טעם הטבע,שטראוס טעם הטבע,,גרגרי חומוס טעם הטבע,גרמים,380.00,100 גרם,false,,6.80,0.0179,true,1,167381
7290112358004,false,פסק זמן קראנצ' עלית 32 גרם,שולן צ'\יקולטה גידה סאן.,,פסק זמן קראנץ' 32 גר,גרמים,32.00,100 גרם,false,,4.90,0.1531,true,1,167383
7290112358127,false,דנונה פרו חלבון+מגנזיום- וניל ועוגיות 200 גרם,מיוצר עי קונדיטוריית,,דנונה פרו 20 גר' עם,גרמים,200.00,100 גרם,false,,6.50,0.0325,true,1,158648
7290112358561,false,קפה נמס פלטינום קלאסי 47 ג' עלית,"אינסטנטבה בע""\מ",,פלטינום קלאסיק 47 גר,גרמים,47.00,100 גרם,false,,5.90,0.1255,true,1,185315
7290112359384,false,עלית - קפה נמס אלפחורס ריבת חלב 100 גרם,שטראוס קפה בי.וי,,קפה נמס אלפחורס ריבת,גרמים,100.00,100 גרם,false,,13.90,0.1390,true,1,167390
7290112490032,false,"נמס בכוס טעם תירס קנור 31 גרם מארז זוגי בד""צ",יוניליוור ישראל מזון בעמ,,נמס בכוס מרק תירס קנ,גרמים,45.00,100 גרם,false,,6.90,0.1533,true,1,161426
7290112490209,false,נמס בכוס מרק עגבניות עם קרוטונים רכיבים טבעיים,יוניליוור ישראל מזון בעמ,,נמס בכוס מרק עגבניות,גרמים,56.00,100 גרם,false,,6.90,0.1232,true,1,161430
7290112490216,false,מרק נמס בכוס בטעם עוף קנור 100% רכיבים טבעיים,יוניליוור ישראל מזון בעמ,,נמס בכוס מרק בטעם עו,גרמים,48.00,100 גרם,false,,6.90,0.1438,true,1,161431
7290112490230,false,מרק נמס בכוס אפונה קנור 100% רכיבים טבעיים,יוניליוור ישראל מזון בעמ,,נמס בכוס מרק אפונה ק,גרמים,50.00,100 גרם,false,,6.90,0.1380,true,1,161432
7290112490650,false,קונפיטורה תות שדה 340 גרם-צנצנת,קונפיטורות לה-ארדניי,,קונפיטורת תות שדה 77,גרמים,340.00,100 גרם,false,,13.90,0.0409,true,1,161436
7290112490896,false,"קנור רוטב צ'ילי חריף 370 מ""ל PAL",יוניליוור מזון,,רוטב צ'ילי חריף קנור,מיליליטרים,370.00,"100 מ""ל",false,,10.90,0.0295,true,1,161449
7290112491787,false,בייגלה דקים דקים עם שומשום בייגל בייגל 300 גרם,בייגל את בייגל מזון 198),,דקים דקים שומשום 300,גרמים,300.00,100 גרם,false,,9.90,0.0330,true,1,161455
7290112492456,false,"שמפו פינוק לשיער יבש/פגום 700 מ""ל",יוניליוור ישראל טיפוח אי,,פינוק שמפו שיער יבש,גרמים,700.00,100 גרם,false,,11.90,0.0170,true,1,161464
7290112492463,false,"שמפו ומרכך 2 ב-1 לשיער רגיל פינוק 700 מ""ל.",יוניליוור ישראל טיפו,,פינוק 2 ב-1 רגיל 700,גרמים,700.00,100 גרם,false,,11.90,0.0170,true,1,161465
7290112492470,false,"שמפו ומרכך 2 ב-1 לשיער יבש פינוק 700 מ""ל.",יוניליוור פארם,,פינוק 2 ב-1 יבש 700,גרמים,700.00,100 גרם,false,,11.90,0.0170,true,1,181971
7290112492531,false,פינוק מרכך שיער רגיל 700 מל-חדש,יוניליוור פארם,,פינוק מרכך שיער רגיל,גרמים,700.00,100 גרם,false,,11.90,0.0170,true,1,161469
7290112492548,false,"מרכך פינוק עם שמן חוחובה 700 מ""ל",יוניליוור פארם,,פינוק מרכך שיער יבש,מיליליטרים,700.00,"100 מ""ל",false,,11.90,0.0170,true,1,161470
7290112492593,false,תחליב רחצה פינוק בניחוח פינוק קלאסי 700,יוניליוור ישראל טיפוח אי,,פינוק תח.רחצה קלאסי,מיליליטרים,700.00,"100 מ""ל",false,,11.90,0.0170,true,1,161473
7290112492609,false,"תחליב רחצה פינוק 700 מ""ל לבנדר ווניל",יוניליוור ישראל טיפוח אי,,פינוק תח.רחצה לבנדר,מיליליטרים,700.00,"100 מ""ל",false,,11.90,0.0170,true,1,161474
7290112492715,false,"פינוק שמפו ללא דמעות לסירוק קל לילדים 700 מ""ל",יוניליוור ישראל טיפוח אי,,פינוק שמפו ללא דמעות,מיליליטרים,700.00,"100 מ""ל",false,,13.90,0.0199,true,1,161477
7290112492999,false,קנור מרק עוף אמיתי 400 גרם פרווה,יוניליוור ישראל מזון בע\,,אבקת מרק בטעם עוף פר,גרמים,400.00,100 גרם,false,,14.90,0.0373,true,1,161486
7290112493927,false,גלידה בטעם ריבת חלב 1.33ל' קרמיסימו,"גלידת שטראוס בע""\מ, רחוב",,גלידת קרמיסימו 1.33,מיליליטרים,1330.00,"100 מ""ל",false,,18.90,0.0142,true,1,167529
7290112493934,false,גלידה וניל צרפתי 1.33ל' קרמיסימו,"גלידת שטראוס בע""\מ, רחוב",,גלידת קרמיסימו 1.33,מיליליטרים,1330.00,"100 מ""ל",false,,18.90,0.0142,true,1,167530
7290112494238,false,קליק - כדורים חלב תפזורת 65 גרם,יוניליוור ישראל מזון בע\,,קליק כדורים חלב תפזו,גרמים,65.00,100 גרם,false,,5.90,0.0908,true,1,161506
7290112495044,false,ציפי (פצפוצים) גריין בדצ 500גר,"יוניליור שפע ישראל בע""\מ",,קוקומן פצפוצים 375 ג,גרמים,375.00,100 גרם,false,,20.90,0.0557,true,1,161528
7290112495105,false,נשנושים טעם שמנת בצל בייגל בייגל 260 גרם,בייגל את בייגל מזון 198),,נשנושים שמנת בצל 260,גרמים,260.00,100 גרם,false,,12.90,0.0496,true,1,161530
7290112495433,false,דגני דליפקאן תוספת אגוזי פקאן ושקדים 400 גר,"יוניליור שפע ישראל בע""\מ",,דליפקאן 400 גרם,גרמים,400.00,100 גרם,false,,19.90,0.0497,true,1,161539
7290112495792,false,הלמנס רוטב לסלט שום לייט 300 גר',יוניליוור ישראל מזון בעמ,,הלמנס ר.לסלט שוםלייט,גרמים,300.00,100 גרם,false,,10.90,0.0363,true,1,161546
7290112495976,false,פריכיות אורז בציפוי שוקולד חלב 35גר-חדש,"גוד פוד פרודקטס ,Sp.zo.o",,פתית פריכיות שוקולד,גרמים,35.00,100 גרם,false,,4.90,0.1400,true,1,161552
7290112495983,false,פרכיות פתיתבציפוי שוקולד חלב ושבבי קרמל מלוח 39 גר',"גוד פוד פרודקטס ,Sp.zo.o",,פתית פריכיות שוקולד,גרמים,39.00,100 גרם,false,,4.90,0.1256,true,1,161553
7290112496294,false,חטיף פתית צ'יפס עם אפונה ירוקה צהובה וצ'ילי,JLM גלובל פודסn37\ דרך א,,פתית צ'יפס אפונה בתו,גרמים,22.00,100 גרם,false,,4.90,0.2227,true,1,161561
7290112496447,false,נמס בכוס אקסטרה טעם עוף עם המון אטריות 27ג',יוניליוור ישראל מזון בע\,,נמס בכוס אקסטרה עוף,גרמים,28.00,100 גרם,false,,4.90,0.1750,true,1,185748
7290112496584,false,קליק כריות Black מצופה שוקולד לבן ועוגיות,"דרך השוקולד 1, צפת 1",,קליק כריות בלאק לבן,גרמים,65.00,100 גרם,false,,5.90,0.0908,true,1,161562
7290112497000,false,פנטסטיק תרכיז ניקוי רב תכליתי בניחוח לימון,"זוהר דליה, קיבוץ דלי",,סיף ניקוי כללי לימון,מיליליטרים,1000.00,"100 מ""ל",false,,10.40,0.0104,true,1,161564
7290112497369,false,"דאב - דאודורנט רול און לאישה טלק סופט 50 מ""ל","יוניליוור אנגליה, דרך קו",,דאודורנט רולאון טאלק,מיליליטרים,50.00,"100 מ""ל",false,,14.90,0.2980,true,1,181988
7290112498748,false,מיני סולרו וניל תות שדה 350 גרם,"מיוצר ע""\י גלידת שטראוס",,מאגדת מיני סולרו תות,Unknown,5.00,יחידה,false,,23.90,4.7800,true,1,167534
7290112498915,false,מאגדת מיני מגנום שקדים מובחר שטראוס 250 גרם,"מיוצר ע""\י גלידת שטראוס",,מאגדת מיני מגנום שקד,גרמים,250.00,100 גרם,false,,25.90,0.1036,true,1,181639
7290112498922,false,מאגדת מיני מגנום לבן שטראוס 250 גרם,"מיוצר ע""\י גלידת שטראוס",,מאגדת מיני מגנום שוק,גרמים,250.00,100 גרם,false,,25.90,0.1036,true,1,181640
7290112499097,false,מאגדת מיני מגנום מריר Intense Dark! 240 גרם,"מיוצר ע""\י גלידת שטראוס",,מאגדת מיני מגנום מרי,Unknown,5.00,יחידה,false,,25.90,5.1800,true,1,185452
7290112499127,false,שלגון גלידה שוקולד לבן ותות 77 גרם,"מיוצר ע""\י גלידת שטראוס",,מגנום שוקולד לבן תות,Unknown,1.00,יחידה,false,,9.90,9.9000,true,1,185450
7290112499141,false,סולרו וניל ותפוח ירוק 76 ג' שטראוס,שטראוס גרופ גלידות,,סולרו וניל ותפוח ירו,גרמים,76.00,100 גרם,false,,8.50,0.1118,true,1,185909
7290112499189,false,"גלידת קרמיסימו חד קרן וניל תות, 1.33 ליטר","גלידת שטראוס בע""\מ, רחוב",,קרמיסימו חד קרן וניל,מיליליטרים,1330.00,"100 מ""ל",false,,18.90,0.0142,true,1,186995
7290112499219,false,שלגון שמנת מופחת שומן וקלוריות בטעם פיסטוק עם ריפל בטעם שוקולד מריר וציפוי חלקי של שוקולד חלב מעולה,"גלידת שטראוס בע""\מ, רחוב",,גודיז בטעמי פיסטוק ו,גרמים,235.00,100 גרם,false,,22.90,0.0974,true,1,185910
7290112499639,false,טילון סופר מגנום וניל צ'יפ שוקולד 110 גרם,"מיוצר ע""\י גלידת שטראוס",,טילון סופר מגנום וני,Unknown,1.00,יחידה,false,,9.90,9.9000,true,1,167538
7290112499677,false,מגנום וניל בציפוי שוקולד לבן,"מיוצר ע""\י גלידת שטראוס",,מגנום שוקiלד לבן,Unknown,1.00,יחידה,false,,9.90,9.9000,true,1,167540
7290112499776,false,גלידת שמנת מופחתת שומן וקלוריות בטעם שוקולד לבן 240 גרם,"גלידת שטראוס בע""\מ, רח'\",,מאגדת גודיז 3 שוקולד,גרמים,240.00,100 גרם,false,,22.90,0.0954,true,1,167547
7290112499837,false,"שלגון בטעם שוקולד עם נוגט ""מגנום""","מיוצר ע""\י גלידת שטראוס",,מגנום-דואט שוקולד עם,Unknown,1.00,יחידה,false,,9.90,9.9000,true,1,167552
7290112499844,false,מאגדת מיני מגנום דואט שוקולד עם נוגט שטראוס 310 גרם,"מיוצר ע""\י גלידת שטראוס",,מיני מגנום דואט שוקו,Unknown,5.00,יחידה,false,,25.90,5.1800,true,1,167553
7290112499929,false,מגנום שוקולד אימפלס פסח 120מל,"מיוצר ע""\י גלידת שטראוס",,מגנום שוקולד,Unknown,1.00,יחידה,false,,9.90,9.9000,true,1,167560
7290112499936,false,מגנום שקדים אימפלס פסח 125מל,"מיוצר ע""\י גלידת שטראוס",,מגנום שקדים מובחרים,Unknown,1.00,יחידה,false,,9.90,9.9000,true,1,167561
7290112499943,false,מיני מאגדת מיני מגנום טעמים שונים וניל+שוקו,"גלידות שטראוס בע""\מ, רח\",,מיני מגנום קלאסיק חו,Unknown,5.00,יחידה,false,,25.90,5.1800,true,1,167562
7290112707529,false,זיקוק 7 סמ 5 יח 192 בקרטון 3גר צבעוני,,,זיקוק 7 סמ 3 גר - 5,Unknown,1.00,יחידה,false,,7.90,7.9000,true,1,188399
7290112961372,false,פיטנס חטיפי פריכיות דקות קינמון 60 גרם,"פרח תעשיות מזון בע""\מ",,פיטנס חטיפי פריכיות,גרמים,60.00,100 גרם,false,,8.90,0.1483,true,1,159752
7290112961440,false,פיטנס חטיפי פריכיות +שוקולד מריר 84 גר',פרח תעשיות,,פיטנס בר פירכיות שוק,גרמים,84.00,100 גרם,false,,12.90,0.1536,true,1,181505
7290112962287,false,טבעול שווארמה טבעונית 6*450 גרם,"טבעול תעשיות מזון בע""\מ",,טבעול שווארמה טבעוני,גרמים,450.00,100 גרם,false,,31.90,0.0709,true,1,159763
7290112963918,false,פיטנס חטיפי קרקר דק רוזמרין 140 גרם,נסטלה Nestle,,פיטנס קרקר THIN רוזמ,גרמים,140.00,100 גרם,false,,11.90,0.0850,true,1,159771
7290112964410,false,אסם רוטב אלף האיים חדש לסלט 290 גרם,"אסם תעשיות בע""מ",,רוטב לסלט אלף האיים,גרמים,290.00,100 גרם,false,,11.90,0.0410,true,1,159780
7290112964434,false,אסם רוטב קיסר חדש לסלט 295 גרם,"אסם תעשיות בע""מ",,רוטב לסלט קיסר 295 ג,מיליליטרים,290.00,"100 מ""ל",false,,11.90,0.0410,true,1,159781
7290112964458,false,רוטב ויניגרט חדש לסלט 295 גרם אסם,"אסם תעשיות בע""מ",,רוטב לסלט וינגרט 295,מיליליטרים,290.00,"100 מ""ל",false,,11.90,0.0410,true,1,159782
7290112964472,false,אסם רוטב שום חדש לסלט 290 גרם,"אסם תעשיות בע""מ",,רוטב לסלט שום 290 גר,מיליליטרים,290.00,"100 מ""ל",false,,11.90,0.0410,true,1,159783
7290112964601,false,רוטב בנוסח סצ'ואן הסדרה האסייתית,"אסם השקעות בע""\מ",,רוטב בנוסח סצ'ואן הס,מיליליטרים,290.00,"100 מ""ל",false,,11.90,0.0410,true,1,159786
7290112964625,false,רוטב שום לייט לסלט 310 גרם אסם,"אסם תעשיות בע""מ",,רוטב לסלט שום לייט 3,מיליליטרים,290.00,"100 מ""ל",false,,11.90,0.0410,true,1,159787
7290112965165,false,מרק נמס פטריות אסם בדצ 48 גרם מארז זוגי,"אסם תעשיות בע""מ",,מרק נמס פטריות רגע ח,גרמים,48.00,100 גרם,false,,6.20,0.1292,true,1,159791
7290112965264,false,אבקת מרק נמס אפונה אסם בדצ 52 גרם מארז זוגי,"אסם תעשיות בע""מ",,מרק נמס אפונה רגע חם,גרמים,52.00,100 גרם,false,,6.20,0.1192,true,1,159794
7290112965301,false,זוג מרק נמס בטעם עוף עם שקדי מרק רגע חם,"אסם תעשיות בע""מ",,מרק נמס בטעם עוף עם,גרמים,52.00,100 גרם,false,,6.20,0.1192,true,1,159796
7290112965660,false,פיטנס - חטיף מולטיגריין מלח פלפל 25 גרם,מיוצר עי קונדיטוריית,,פיטנס חטיף מולטיגריי,גרמים,25.00,100 גרם,false,,4.90,0.1960,true,1,159805
7290112965684,false,פיטנס - חטיף מולטיגריין עשבי תיבול 25 גרם,מיוצר עי קונדיטוריית,,פיטנס חטיף מולטיגריי,גרמים,25.00,100 גרם,false,,4.90,0.1960,true,1,159806
7290112965707,false,פיטנס - חטיף מולטיגריין צילי מעודן 25 גרם,"אסם השקעות בע""\מ",,פיטנס חטיף מולטיגריי,גרמים,25.00,100 גרם,false,,4.90,0.1960,true,1,159807
7290112965745,false,אוסם - ביסלי פריסטייל בצל מעושן 60 גרם,"אסם השקעות בע""\מ",,ביסלי פריסטייל בצל מ,גרמים,60.00,100 גרם,false,,4.40,0.0733,true,1,182015
7290112965783,false,אוסם - ביסלי פריסטייל על האש 60 גרם,"אסם השקעות בע""\מ",,ביסלי פריסטייל על הא,גרמים,60.00,100 גרם,false,,4.40,0.0733,true,1,182016
7290112965806,false,אוסם - ביסלי פריסטייל חמוץ חריף 60 גרם,"אסם תעשיות בע""מ",,ביסלי פריסטייל חמוץ,גרמים,60.00,100 גרם,false,,4.40,0.0733,true,1,182017
7290112965967,false,טבעול נאגטס ירקות כתומים 500 גרם,"טבעול תעשיות מזון בע""\מ",,נאגטס ירקות כתומים ט,גרמים,500.00,100 גרם,false,,31.90,0.0638,true,1,159811
7290112965981,false,"טבעול גורמה ארוחת דגנים, 450 גרם",טבעול (מקבוצת אסם הש,,טבעול גורמה ארוחת דג,גרמים,450.00,100 גרם,false,,33.90,0.0753,true,1,185514
7290112966001,false,"טבעול גורמה ארוחת ירוקים, 450 גרם",טבעול (מקבוצת אסם הש,,טבעול גורמה ארוחת יר,גרמים,450.00,100 גרם,false,,33.90,0.0753,true,1,185515
7290112966247,false,לחמית כוסמין 200 גרם אסם,"אסם תעשיות בע""מ",,לחמית כוסמין 200 גרם,גרמים,200.00,100 גרם,false,,9.90,0.0495,true,1,183497
7290112966803,false,אסם פודינג אינסטנט שוקולד 88 גרם,"אסם השקעות בע""\מ",,פודינג שוקולד 88 גרם,גרמים,88.00,100 גרם,false,,5.50,0.0625,true,1,159833
7290112966827,false,אסם אינסטנט פודינג שוקולד כלפ 12*90גרם,מיוצר עי קונדיטוריית,,פודינג שוקולד פרווה,גרמים,90.00,100 גרם,false,,5.50,0.0611,true,1,159834
7290112966841,false,אינסטנט פודינג בטעם שוקולד מריר 95 גרם,מיוצר עי קונדיטוריית,,פודינג שוקולד בלגי מ,גרמים,90.00,100 גרם,false,,5.50,0.0611,true,1,159835
7290112967114,false,פיטנס חטיפי פריכיות קטניות ופלפל 60 גרם,"פרח תעשיות מזון בע""\מ",,פיטנס חטיפי פריכיות,גרמים,60.00,100 גרם,false,,8.90,0.1483,true,1,159836
7290112967381,false,פיטנס חטיפי פריכיות קטניות ומלח ים 60 גרם,"פרח תעשיות מזון בע""\מ",,פיטנס חטיפי פריכיות,גרמים,60.00,100 גרם,false,,8.90,0.1483,true,1,159840
7290112968340,false,צבר חומוס גרוס גס גס 400 גרם,שוורצקוף& הנקל דיסלד,,חומוס גרוס גס גס צבר,גרמים,400.00,100 גרם,false,,13.90,0.0348,true,1,159856
7290112968807,false,פיטנס - קרקר דק סלק 140 גרם,מפעל אסם יקנעם,,פיטנס קרקר THIN סלק,גרמים,140.00,100 גרם,false,,11.90,0.0850,true,1,181810
7290112968821,false,פיטנס - קרקר דק בטטה 140 גרם,מפעל אסם יקנעם,,פיטנס קרקר THIN בטטה,גרמים,140.00,100 גרם,false,,11.90,0.0850,true,1,181811
7290113190467,false,אפונה שקית זיפר 1קג רמילוי,,,"אפונה ירוקה 1 ק""ג זי",גרמים,1000.00,100 גרם,false,,7.50,0.0075,true,1,167849
7290113190474,false,בורגול שקית זיפר 1קג רמילוי,,,"בורגול 1 ק""ג זיפר -",גרמים,1000.00,100 גרם,false,,6.50,0.0065,true,1,167850
7290113190504,false,חומוס גדול שקית זיפר 1קג רמילוי,,,"חומוס גדול 1 ק""ג זיפ",גרמים,1000.00,100 גרם,false,,11.90,0.0119,true,1,167852
7290113190511,false,חומוס ענק שקית זיפר 1קג רמילוי,,,"חומוס ענק 1 ק""ג זיפר",גרמים,1000.00,100 גרם,false,,13.90,0.0139,true,1,167853
7290113190528,false,חיטה שקית זיפר 1קג רמילוי,,,"חיטה 1 ק""ג זיפר - רמ",גרמים,1000.00,100 גרם,false,,6.50,0.0065,true,1,167854
7290113190535,false,כוסמת קלויה שקית זיפר 1קג רמילוי,,,"כוסמת קלויה 1 ק""ג זי",גרמים,1000.00,100 גרם,false,,8.50,0.0085,true,1,167855
7290113190580,false,עדשים אדומות שקית זיפר 1קג רמילוי,,,"עדשים אדומות 1 ק""ג ז",גרמים,1000.00,100 גרם,false,,10.90,0.0109,true,1,167858
7290113190597,false,עדשים ירוקות שקית זיפר 1קג רמילוי,,,"עדשים ירוקות 1 ק""ג ז",גרמים,1000.00,100 גרם,false,,10.90,0.0109,true,1,167859
7290113190641,false,שעועית לבנה שקית זיפר 1קג רמילוי,,,"שעועית לבנה 1 ק""ג זי",גרמים,1000.00,100 גרם,false,,9.90,0.0099,true,1,167862
7290113191747,false,"דפי אורז מרובעים 22 ס""מ שקדיה 250 גרם",סו שף Su Chef,,דפי אורז מרובעים 22,גרמים,250.00,100 גרם,false,,9.90,0.0396,true,1,167793
7290113192102,false,"דפי אורז עגול קטן 16 ס""מ שקדיה 250 גרם",דין שיווק,,דפי אורז עגול קטן 16,גרמים,250.00,100 גרם,false,,9.90,0.0396,true,1,167794
7290113192164,false,אגוזי קשיו קלופים 150 גרם ששון הקולה,דין שיווק,,אגוזי קשיו קלופים 15,גרמים,150.00,100 גרם,false,,15.90,0.1060,true,1,182059
7290113192171,false,מיקס אגוזים שקדים וחמוציות 150 גרם,דין שיווק,,מיקס אגוזים שקדים וח,גרמים,150.00,100 גרם,false,,12.90,0.0860,true,1,182060
7290113192324,false,זיתים ירוקים שלמים בינוניים בית השיטה,בית-השיטה עסיס תעשיות מז,,בית השיטה זיתים ירוק,גרמים,340.00,100 גרם,false,,10.90,0.0321,true,1,159870
7290113192331,false,בית השיטה זיתים ירוקים גדולים 340 גרם*,בית-השיטה עסיס תעשיות מז,,בית השיטה זיתים ירוק,גרמים,340.00,100 גרם,false,,9.90,0.0291,true,1,159871
7290113192355,false,חרוזית זיתים ירוקים ללא גלעין 275 ג' בית השיטה,בית-השיטה עסיס תעשיות מז,,חרוזית זיתים ירוקים,גרמים,275.00,100 גרם,false,,10.50,0.0382,true,1,159873
7290113192362,false,זיתים ירוקים טבעות A2 בית השיטה 280 גרם,בית-השיטה עסיס תעשיות מז,,בית השיטה טבעות זיתי,גרמים,280.00,100 גרם,false,,10.90,0.0389,true,1,159874
7290113192379,false,בית השיטה זיתים ירוקים מבוקעים א2 340גר',"בית-השיטה תעשיות בע""\מ",,ב.הש.זיתים ירוקים מב,גרמים,340.00,100 גרם,false,,10.90,0.0321,true,1,159875
7290113192393,false,בית השיטה קוקטייל זיתים א2 336 גרם,בית-השיטה עסיס תעשיות מז,,קוקטייל זיתים בית הש,גרמים,336.00,100 גרם,false,,11.90,0.0354,true,1,159876
7290113192478,false,בית השיטה מלפפונים במלח בינוני 10-12 320 גרם,בית-השיטה עסיס תעשיות מז,,מלפפונים במלח בינוני,גרמים,320.00,100 גרם,false,,8.50,0.0266,true,1,159880
7290113192485,false,בית השיטה מלפפונים בחומץ בינוני 10-12 290 גרם,בית-השיטה עסיס תעשיות מז,,מלפפונים בחומץ בינונ,גרמים,290.00,100 גרם,false,,8.50,0.0293,true,1,159881
7290113192508,false,בית השיטה מלפפונים במלח קטן 1317 320 גרם,בית-השיטה עסיס תעשיות מז,,מלפפונים במלח  קטן 1,גרמים,320.00,100 גרם,false,,10.90,0.0341,true,1,159883
7290113192515,false,בית השיטה מלפפונים במלח קטן מאוד 1825 320 גרם,בית-השיטה עסיס תעשיות מז,,מלפפון במלח בית השיט,גרמים,320.00,100 גרם,false,,12.90,0.0403,true,1,159884
7290113192522,false,בית השיטה מלפפונים בחומץ קטן מאוד 1825 290 גרם,בית-השיטה עסיס תעשיות מז,,מלפפון בחומץ בית השי,גרמים,290.00,100 גרם,false,,12.90,0.0445,true,1,159885
7290113192539,false,בית השיטה מלפפונים במלח גדול 79 320 גרם,בית-השיטה עסיס תעשיות מז,,מלפפונים במלח גדול 7,גרמים,560.00,100 גרם,false,,6.90,0.0123,true,1,159886
7290113192546,false,"מלפפונים בחומץ רכיבים טבעיים 7-9 ""בית השיטה""",בית-השיטה עסיס תעשיות מז,,בית השיטה מלפפון בחו,גרמים,560.00,100 גרם,false,,6.90,0.0123,true,1,159887
7290113192560,false,בית השיטה פלפל שיפקה חריף כבוש 230 גרם,בית-השיטה עסיס תעשיות מז,,בית השיטה פלפל שיפקה,גרמים,230.00,100 גרם,false,,7.90,0.0343,true,1,159888
7290113192577,false,בית השיטה כרוב כבוש א2 12*430גרם חדש,"בית-השיטה תעשיות בע""\מ",,בית השיטה כרוב כבוש,גרמים,430.00,100 גרם,false,,7.90,0.0184,true,1,159889
7290113193321,false,"שמן זית כתית מעולה בית השיטה 750 מ""ל",אצטס אבסה אס. איי. יו.,,שמן זית כתית מעולה ב,מיליליטרים,750.00,"100 מ""ל",false,,29.90,0.0399,true,1,159890
7290113193888,false,חצילים מוחמצים 320 גרם בית השיטה,"בית השיטה תעשיות בע""\מ",,בית השיטה חצילים מוח,גרמים,320.00,100 גרם,false,,9.90,0.0309,true,1,159891
7290113195196,false,"רסק תפוחי עץ ללת""ס 710 גרם",,,רסק תפוחי עץ 710 גרם,גרמים,710.00,100 גרם,false,,9.90,0.0139,true,1,167807
7290113197152,false,לבבות דקל שלם בצנצנת 410 גרם שקדיה,שקדיה,,לבבות דקל במי מלח 41,גרמים,410.00,100 גרם,false,,13.90,0.0339,true,1,183363
7290113197800,false,פלפל קלוי קלוי 400 גרם בית השיטה,בית השיטה,,פלפל קלוי בית השיטה,גרמים,400.00,100 גרם,false,,12.90,0.0323,true,1,186254
7290113197817,false,חציל קלוי 670 גרם בית השיטה,בית השיטה,,חציל קלוי בית השיטה,גרמים,670.00,100 גרם,false,,11.90,0.0178,true,1,186255
7290113470026,false,גפרורים אקסטרה לארג',,,גפרורים אקסטרה לארג',Unknown,3.00,יחידה,false,,6.90,2.3000,true,1,166400
7290113470286,false,מגבונים לניקוי כללי,,,מגבונים לניקוי כללי,Unknown,400.00,יחידה,false,,20.90,0.0522,true,1,166401
7290113470941,false,כפפות ניטרל S שחור(100 יחידות ),,,כפפות ניטריל S שחור,Unknown,100.00,יחידה,false,,25.90,0.2590,true,1,166423
7290113470958,false,כפפות ניטרל M שחור(100 יחידות ),,,כפפות ניטריל M שחור,Unknown,100.00,יחידה,false,,25.90,0.2590,true,1,166424
7290113470965,false,כפפות ניטרל L שחור(100 יחידות ),,,כפפות ניטריל L שחור,Unknown,100.00,יחידה,false,,25.90,0.2590,true,1,166425
7290113471238,false,מפית מובלטת לבן הדפסה כסף (15 יח'),,,מפית מובלטת לבן הדפס,Unknown,15.00,יחידה,false,,5.90,0.3933,true,1,166431
7290113471580,false,סבון אסלה לימון רמילוי,,,סבון אסלה לימון רמי,Unknown,1.00,יחידה,false,,10.90,10.9000,true,1,166446
7290113471634,false,סדין יחיד ג'רזי 90*200 לבן,,,סדין יחיד ג'רזי 90*2,100 יחידה,1.00,100 יחידה,false,,59.90,59.9000,true,1,170034
7290113471641,false,סדין יחיד ג'רזי 90*200 אפור,,,סדין יחיד ג'רזי 90*2,Unknown,1.00,יחידה,false,,39.90,39.9000,true,1,170035
7290113471719,false,סדין זוגי ג'רזי 1.60*200 לבן,,,סדין זוגי ג'רזי 1.60,100 יחידה,1.00,100 יחידה,false,,69.90,69.9000,true,1,170042
7290113472006,false,זוג ציפה לכרית ג'רזי 50*70 כחול ג'ינס,,,זוג ציפה לכרית ג'רזי,Unknown,1.00,יחידה,false,,19.90,19.9000,true,1,170055
7290113472075,false,שום ארוז יבוא,,,שום ארוז יבוא,Unknown,1.00,יחידה,false,,7.90,7.9000,true,1,158928
7290113475953,false,זוג ציפה לכרית ג'רזי (50*70) PINK-42775,,,זוג ציפיות לכרית ג'ר,100 יחידה,1.00,100 יחידה,false,,28.90,28.9000,true,1,187330
7290113476080,false,מגבת גוף (70*140) לבן,,,מגבת גוף (70*140) לב,100 יחידה,1.00,100 יחידה,false,,44.90,44.9000,true,1,170080
7290113476141,false,מגבת פנים (50*90) לב,,,מגבת פנים (50*90) לב,100 יחידה,1.00,100 יחידה,false,,22.90,22.9000,true,1,170086
7290113476196,false,מגבת פנים (50*90) ורוד פוקסיה,,,מגבת פנים (50*90) ור,100 יחידה,1.00,100 יחידה,false,,22.90,22.9000,true,1,170091
7290113476295,false,50 להבונים בשקית,,,50 להבונים בשקית,Unknown,50.00,יחידה,false,,11.90,0.2380,true,1,166471
7290113476301,false,נר נשמה 24 שעות,,,נר נשמה 24 שעות,Unknown,1.00,יחידה,false,,1.90,1.9000,true,1,166472
7290113476325,false,נר נשמה שבועי,,,נר נשמה שבועי,Unknown,1.00,יחידה,false,,9.60,9.6000,true,1,166474
7290113478008,false,שלישיית מגבות מטבח ברכות,,,שלישיית מגבות מטבח ח,100 יחידה,1.00,100 יחידה,false,,16.90,16.9000,true,1,181940
7290113479692,false,גליל נייר מגבת איכות,,,נייר מגבת למטבח (235,Unknown,235.00,יחידה,false,,13.90,0.0591,true,1,182340
7290113479708,false,גליל נייר מגבת מודפס איכותי למטבח,,,נייר מגבת למטבח (235,Unknown,235.00,יחידה,false,,16.90,0.0719,true,1,181799
7290113627369,false,צימוק כהה נספאק 220,,,צימוק כהה נספאק 220,גרמים,220.00,100 גרם,false,,9.90,0.0450,true,1,169892
7290113627482,false,צימוק בהיר גדול נספא,,,צימוק בהיר גדול נספא,גרמים,300.00,100 גרם,false,,14.90,0.0497,true,1,169904
7290113627604,false,צימוק כהה נספאק 220,,,צימוק כהה נספאק 220,גרמים,220.00,100 גרם,false,,9.90,0.0450,true,1,181613
7290113655645,false,שלישיית מגבות מטבח ברכות,,,שלישיית מגבות מטבח -,100 יחידה,1.00,100 יחידה,false,,16.90,16.9000,true,1,170092
7290114310550,false,גבינת פטה עיזים מעודנת 5% משק צוריאל 200 גרם,מחלבת משק צוריאל,,גבינת פטה עיזים מעוד,גרמים,200.00,100 גרם,false,,23.70,0.1185,true,1,181804
7290114310611,false,"משקה חלב בננה בבקבוק פקק ספורט טרה 250 מ""ל",Unknown,,"משקה חלב בננה 250 מ""",מיליליטרים,250.00,"100 מ""ל",false,,5.50,0.0220,true,1,181801
7290114310628,false,משקה חלב וניל ועוגיות בקבוק 1 ליטר,מילקו תעשיות בעמ,,משקה חלב וניל עוגיות,מיליליטרים,1000.00,"100 מ""ל",false,,11.90,0.0119,true,1,182026
7290114311298,false,יוגורט מולר פרופ בטעם תות בננה מלון 150,מולר Muller,,קציפת תות בננה מלון,גרמים,150.00,100 גרם,false,,5.20,0.0347,true,1,187090
7290114311359,false,יוגורט עם קציפת מנגו 3% שומן פרופ 150 ג' מולר,מולר Muller,,קציפת מנגו 3% שומן מ,גרמים,150.00,100 גרם,false,,5.20,0.0347,true,1,187092
7290114311458,false,חלב בקרטון מועשר ויטמין D 3% 1 ליטר,Unknown,,חלב 3% מועשר וויטמין,מיליליטרים,1000.00,"100 מ""ל",false,,7.50,0.0075,true,1,187885
7290114311496,false,קרטון חלב מועשר 1% שומן 1 ליטר טרה,Unknown,,חלב 1% מועשר וויטמין,מיליליטרים,1000.00,"100 מ""ל",false,,7.50,0.0075,true,1,187888
7290114600927,false,מאסטר שף עלי טורטייה חיטה מלאה 320 גרם,אלקאטי קורביישיסי גי,,עלי טורטיה מחיטה מלא,גרמים,320.00,100 גרם,false,,9.90,0.0309,true,1,165122
7290114604864,false,קוסקוס סולת דק מאסטר שף 350 גרם,דוידוביץ,,קוסקוס סולת דק מאסטר,גרמים,350.00,100 גרם,false,,5.90,0.0169,true,1,165141
7290114606578,false,מאסטר שף שקדי מרק 400 גרם,שסטוביץ,,שקדי מרק מאסטר שף 40,גרמים,400.00,100 גרם,false,,9.90,0.0248,true,1,184173
7290115200003,false,פתי בר פינוקי וניל אסם 220 גרם,תאי פרזידנט פוד פאבל,,פתי בר פינוקי וניל א,גרמים,220.00,100 גרם,false,,9.90,0.0450,true,1,159892
7290115200027,false,אסם פתי בר פינוקים שוקו 220 גרם,קריות זול,,פתי בר פינוקי שוקו א,גרמים,220.00,100 גרם,false,,9.90,0.0450,true,1,159893
7290115200676,false,עוגיות קרמוגית במילוי קרם בטעם קרמל מלוח,"הגביע מוצרי וופלים בע""\מ",,קרמוגית קרמל מלוח 20,גרמים,200.00,100 גרם,false,,10.90,0.0545,true,1,159896
7290115201031,false,אסם פתי בר דובי שוקולד 175 גרם,טרופיקל דגיל תעשיות,,אסם פתי בר דובוני שו,גרמים,175.00,100 גרם,false,,9.90,0.0566,true,1,181501
7290115201703,false,ביסלי ברביקיו גדול אסם 200 גרם,מיוצר עי קונדיטוריית,,ביסלי ברביקיו 200 גר,גרמים,200.00,100 גרם,false,,7.90,0.0395,true,1,159905
7290115202250,false,טופו קראנצ'ים צ'ילי פיקנטי טבעול 470 גרם,עיצובים 2020 (4.8),,טבעול טופו קראנצ'ים,גרמים,470.00,100 גרם,false,,31.90,0.0679,true,1,182623
7290115202434,false,צבר סלט חומוס עם זעתר 375 גרם,ג'נרל מילס סאן אדריא,,חומוס עם זעתר צבר 37,גרמים,375.00,100 גרם,false,,11.90,0.0317,true,1,181635
7290115203134,false,פופקו פופקורן במבה אסם 80 גרם,"אסם השקעות בע""\מ",,פופקו פופקורן במבה 8,גרמים,80.00,100 גרם,false,,5.40,0.0675,true,1,182020
7290115203172,false,במבה PRO מכיל 18 גרם חלבון בשקית,"אסם השקעות בע""\מ",,במבה פרו 80 גרם,גרמים,80.00,100 גרם,false,,4.90,0.0613,true,1,187727
7290115204056,false,"קטשופ מופחת סוכר אסם 690 גרם כשל""פ","אסם תעשיות בע""מ",,קטשופ מופחת סוכר ללא,גרמים,690.00,100 גרם,false,,10.90,0.0158,true,1,181136
7290115204957,false,לחמית איטלקית אסם 160 גרם,"אסם השקעות בע""\מ",,לחמית איטלקית אסם 16,גרמים,160.00,100 גרם,false,,9.90,0.0619,true,1,186256
7290115205176,false,פיטנס - קרקר דק כפרי פיטנס 140 גרם,אסם יקנעם,,פיטנס חטיפי קרקר טינ,גרמים,140.00,100 גרם,false,,11.90,0.0850,true,1,185075
7290115205312,false,קרקר פיטנס דק עם זיתי קלמטה ועשבי תיבול,"אסם השקעות בע""\מ",,פיטנס קרקר Thin Deli,גרמים,140.00,100 גרם,false,,11.90,0.0850,true,1,186258
7290115205527,false,חטיף פיטנס מולטיגריין עם עדשים 25 גרם,"אסם השקעות בע""\מ",,פיטנס חטיף מולטגריין,גרמים,25.00,100 גרם,false,,4.90,0.1960,true,1,186913
7290115205541,false,חטיף פיטנס מולטיגריין עם חומוס 25 גרם,"אסם השקעות בע""\מ",,פיטנס חטיף מולטיגריי,גרמים,25.00,100 גרם,false,,4.90,0.1960,true,1,186914
7290115205633,false,טבעול סנסשיונל/גורמה נקנקיות 350 גר',"טבעול תעשיות מזון בע""\מ",,טבעול סנסשיונל נקנקי,גרמים,350.00,100 גרם,false,,33.90,0.0969,true,1,185516
7290115205978,false,פתיבר ואצבעות שוקולד 180 גרם - רבנות,"t\ד""\ר ג'\רארד בע""\מn\",,פתי בר אצבעות שוקולד,גרמים,180.00,100 גרם,false,,11.90,0.0661,true,1,185517
7290115206135,false,טבעול גורמה ארוחת קינואה 450 גרם,טבעול (מקבוצת אסם הש,,טבעול גורמה ארוחת קי,גרמים,450.00,100 גרם,false,,33.90,0.0753,true,1,185518
7290115206494,false,סופגניה מיני מטוגנת בונז'ור 50ג',Unknown,,סופגניה מיני מטוגנת,גרמים,50.00,100 גרם,false,,3.70,0.0740,true,1,183969
7290115207941,false,סירופ אננס ויטמינצ'יק 1 ליטר,בית-השיטה עסיס תעשיות מז,,ויטמינצ'יק אננס 1 לי,מיליליטרים,1000.00,"100 מ""ל",false,,21.90,0.0219,true,1,185332
7290115208009,false,ויטמינצ'יק ענבים סירופ 1 ליטר,בית-השיטה עסיס תעשיות מז,,ויטמינצ'יק ענבים 1 ל,מיליליטרים,1000.00,"100 מ""ל",false,,21.90,0.0219,true,1,185335
7290115208061,false,סירופ תפוח ויטמינצ'יק 1 ליטר,בית השיטה עסיס תעשיות מז,,ויטמינצ'יק תפוח 1 לי,מיליליטרים,1000.00,"100 מ""ל",false,,21.90,0.0219,true,1,185337
7290115208320,false,אפרופו חטיף בטעם ביסלי בצל 50 גרם,"אסם השקעות בע""\מ",,אפרופו בטעם ביסלי בצ,גרמים,50.00,100 גרם,false,,4.90,0.0980,true,1,188463
7290115208344,false,בייגלה כפיות שמנת בצל אסם 300 גרם,"אסם השקעות בע""\מ",,בייגלה כפיות שמנת בצ,גרמים,300.00,100 גרם,false,,10.90,0.0363,true,1,187730
7290115208801,false,לחמית דבש ואגוזים אסם 190 גרם,לחמית,,לחמית דבש ואגוזים 19,גרמים,190.00,100 גרם,false,,9.90,0.0521,true,1,187731
7290115209174,false,במבה אורירית קלאסי 60 גר',אסם השקעות בעמ,,במבה אורירית אסם 60,גרמים,60.00,100 גרם,false,,4.30,0.0717,true,1,186915
7290115209235,false,ביסקוויט פתי בר קפה אסם 500 גרם,"אסם תעשיות בע""מ",,פתי בר קפה אסם 500 ג,גרמים,500.00,100 גרם,false,,12.90,0.0258,true,1,188007
7290115209358,false,במבה במילוי בראוניז אסם 60 גרם,"אסם השקעות בע""\מ",,במבה במילוי בראוניז,גרמים,60.00,100 גרם,false,,4.90,0.0817,true,1,188465
7290115400847,false,עוגיות פרפריות רמי לוי 500 גרם,,,עוגיות פרפריות רמי ל,גרמים,500.00,100 גרם,false,,14.90,0.0298,true,1,186502
7290115400861,false,עוגיות מעמול רמי לוי 500 גרם,,,עוגיות מעמול תמר רמי,גרמים,500.00,100 גרם,false,,14.90,0.0298,true,1,186504
7290115400885,false,עוגיות עינוגי שוקולד רמי לוי 500 גרם,,,עוגיות עינוגי שוקולד,גרמים,500.00,100 גרם,false,,14.90,0.0298,true,1,186506
7290115400908,false,עוגיות מגולגלות תמרים רמי לוי 500 גרם,,,עוגיות מגולגלות תמרי,גרמים,500.00,100 גרם,false,,14.90,0.0298,true,1,186507
7290115401097,false,עוגיות נסיכה טעם תות רמי לוי 500 גרם,,,עוגיות נסיכה בטעם תו,גרמים,500.00,100 גרם,false,,14.90,0.0298,true,1,186508
7290115401103,false,עוגיות נסיכה מיקס רמי לוי 500 גרם,,,עוגיות נסיכה מיקס רמ,גרמים,500.00,100 גרם,false,,14.90,0.0298,true,1,186509
7290115401110,false,עוגיות מיני מרוקאי רמי לוי 500 גרם,,,עוגיות בסגנון מרוקאי,גרמים,500.00,100 גרם,false,,14.90,0.0298,true,1,186510
7290115401158,false,עוגיות מלוחות קריספי רמי לוי 500 גרם,,,עוגיוים מלוחות קריספ,גרמים,500.00,100 גרם,false,,14.90,0.0298,true,1,186511
7290115401172,false,עוגיות פסים עלים מסוכרות רמי לוי 500 גרם,,,עוגיות פסים עלים מסו,גרמים,500.00,100 גרם,false,,14.90,0.0298,true,1,186512
7290115401196,false,עוגיות קוואקר פריכות רמי לוי 500 גרם,,,עוגיות קוואקר פריכות,גרמים,500.00,100 גרם,false,,14.90,0.0298,true,1,186513
7290115410877,false,סלט כרוב אדום במיונז,,,סלט כרוב אדום במיונז,גרמים,400.00,100 גרם,false,,10.90,0.0273,true,1,174608
7290115410884,false,חציל על האש 400ג רמילוי,,,חציל על האש רמי לוי,גרמים,400.00,100 גרם,false,,10.90,0.0273,true,1,174609
7290115410891,false,חומוס מסבחה 400ג רמילוי,,,חומוס מסבחה רמי לוי,גרמים,400.00,100 גרם,false,,10.90,0.0273,true,1,174610
7290115410907,false,מטבוחה רמי לוי 400 ג,,,מטבוחה רמי לוי 400 ג,גרמים,400.00,100 גרם,false,,10.90,0.0273,true,1,174611
7290115410914,false,חציל רומני 400ג רמילוי,,,חציל רומני רמי לוי 4,גרמים,400.00,100 גרם,false,,10.90,0.0273,true,1,174612
7290115410921,false,חומוס ירושלמי 400ג רמילוי,,,חומוס ירושלמי רמי לו,גרמים,400.00,100 גרם,false,,10.90,0.0273,true,1,174613
7290115410938,false,טחינה רמי לוי 400 גר,,,טחינה רמי לוי 400 גר,גרמים,400.00,100 גרם,false,,10.90,0.0273,true,1,174614
7290115410945,false,חומוס זעתר 400ג רמילוי,,,חומוס זעתר רמי לוי 4,גרמים,400.00,100 גרם,false,,10.90,0.0273,true,1,174615
7290115410952,false,חציל במיונז 400ג רמילוי,,,חציל במיונז רמי לוי,גרמים,400.00,100 גרם,false,,10.90,0.0273,true,1,174616
7290115410969,false,חומוס לפיתה 700ג רמילוי,,,סלט חומוס לפיתה רמי,גרמים,700.00,100 גרם,false,,10.90,0.0156,true,1,164727
7290115411157,false,חומוס עם חריף 400ג רמילוי,,,חומוס עם חריף רמי לו,גרמים,400.00,100 גרם,false,,10.90,0.0273,true,1,174617
7290115411454,false,חומוס ירושלמי המזטים,,,חומוס ירושלמי המזטים,גרמים,250.00,100 גרם,false,,8.90,0.0356,true,1,164728
7290115411560,false,חציל תאילנדי 250גר רמילוי,,,חציל תאילנדי המזטים,גרמים,250.00,100 גרם,false,,8.90,0.0356,true,1,164730
7290115411577,false,חציל במיונז 250גר רמילוי,,,חציל אש במיונז המזטי,גרמים,250.00,100 גרם,false,,8.90,0.0356,true,1,164731
7290115411607,false,חציל בטעם כבד 250גר רמילוי,,,חציל בטעם כבד רמי לו,גרמים,250.00,100 גרם,false,,15.90,0.0636,true,1,164732
7290115411638,false,קוביות חציל בטחינה 250גר רמילוי,,,קוביות חציל בטחינה ה,גרמים,250.00,100 גרם,false,,8.90,0.0356,true,1,164734
7290115671155,false,שלישיית סוכריות מאסט FRESH ענבים 45 גרם,הליקון גידה,,שלישיית סוכריות פרש,גרמים,45.00,100 גרם,false,,8.90,0.1978,true,1,185049
7290115671346,false,מיני פינוקיות טופי קרמל מלוח עלית 180 גרם,"הגביע מוצרי ופלים בע""\מ",,מיני פינוקיות טופי ק,גרמים,180.00,100 גרם,false,,10.90,0.0606,true,1,183449
7290115675559,false,מארז קפה טורקי לדרך 10 יחידות,שטראוס קפה בי.וי.,,מארז טורקי לדרך 70 ג,גרמים,70.00,100 גרם,false,,7.90,0.1129,true,1,185317
7290115675719,false,דגני בוקר קראנצ'ים שיבולת שועל וחתיכות שוקולד מריר,BEVERAGES FOODS & SE,,קוואקר Cruesli שוקול,גרמים,375.00,100 גרם,false,,19.90,0.0531,true,1,183278
7290115677089,false,קונפיטורת יד מרדכי תפוח וקינמון 340 גרם,"בית אל מזון בע""מ",,קונפיטורת תפוח קינמו,גרמים,340.00,100 גרם,false,,13.90,0.0409,true,1,183454
7290115677140,false,תפוצ'יפס בטעם פפריקה 200 גרם היתר מכירה,שטראוס פריטו ליי בע”,,תפוציפס wavy פפריקה,גרמים,200.00,100 גרם,false,,10.90,0.0545,true,1,188431
7290115678154,false,שקית משקה מרשמלו 225,,,שקית משקה מרשמלו 225,מיליליטרים,225.00,"100 מ""ל",false,,2.90,0.0129,true,1,181697
7290115678376,false,מעדן הגולן שוקולד 125 גרם,מיוצר עי קונדיטוריית,,מעדן הגולן שוקולד 12,גרמים,125.00,100 גרם,false,,2.90,0.0232,true,1,183433
7290115678383,false,מעדן הגולן שוקולד מריר 125 גרם,מיוצר עי קונדיטוריית,,מעדן הגולן שוקולד מר,גרמים,125.00,100 גרם,false,,2.90,0.0232,true,1,183434
7290115679731,false,שייק פירות ירוק 150X2גר,סיבהפרוסט,,שייק פירות ירוק דליש,גרמים,150.00,100 גרם,false,,22.90,0.1527,true,1,190038
7290115679762,false,שייק פירות צהוב 150X2גר,סיבהפרוסט,,שייק פירות צהוב דליש,גרמים,150.00,100 גרם,false,,22.90,0.1527,true,1,190039
7290116050065,false,מזלג (10יח') בורדו זהב,,,מזלג (10יח') בורדו ז,100 יחידה,10.00,100 יחידה,false,,10.90,1.0900,true,1,186690
7290116052700,false,סכין שקוף רמי לוי 40,,,סכין שקוף רמי לוי 40,100 יחידה,40.00,100 יחידה,false,,8.90,0.2225,true,1,187284
7290116052717,false,כפית שקוף רמי לוי 40,,,כפית שקוף רמי לוי 40,100 יחידה,40.00,100 יחידה,false,,7.90,0.1975,true,1,187285
7290116052724,false,מזלג שקוף רמי לוי 40,,,מזלג שקוף רמי לוי 40,100 יחידה,40.00,100 יחידה,false,,8.90,0.2225,true,1,187286
7290116052731,false,כף שקוף רמי לוי 40 י,,,כף שקוף רמי לוי 40 י,100 יחידה,40.00,100 יחידה,false,,8.90,0.2225,true,1,187287
7290116052762,false,מזלג קרם רמי לוי 40,,,מזלג קרם רמי לוי 40,100 יחידה,40.00,100 יחידה,false,,8.90,0.2225,true,1,187290
7290116052861,false,כוס מרוקאי זהב 25יח חגיגית,,,כוס מרוקאי זהב (25 י,100 יחידה,25.00,100 יחידה,false,,8.90,0.3560,true,1,186953
7290116052939,false,כפית פרימיום קרם 40 יחידות,,,כפית פרימיום קרם 40,100 יחידה,40.00,100 יחידה,false,,7.90,0.1975,true,1,186959
7290116053011,false,כפית פרימיום שקוף 40 יחידות,,,כפית פרימיום שקוף 40,100 יחידה,40.00,100 יחידה,false,,7.90,0.1975,true,1,186967
7290116053028,false,מזלג פרימיום שקוף 40,,,מזלג פרימיום שקוף 40,100 יחידה,40.00,100 יחידה,false,,7.90,0.1975,true,1,186968
7290116053042,false,כף פרימיום שקוף 40 י,,,כף פרימיום שקוף 40 י,100 יחידה,40.00,100 יחידה,false,,7.90,0.1975,true,1,186970
7290116053172,false,אטבי כביסה צבעוניים 30 יח',,,אטבי כביסה צבעוניים,Unknown,30.00,יחידה,false,,10.90,0.3633,true,1,187939
7290116053189,false,אטבי כביסה עץ 24 יח',,,אטבי כביסה עץ 24 יח',Unknown,24.00,יחידה,false,,7.90,0.3292,true,1,187940
7290116053462,false,ידית סיליקון לסירים,,,ידית סיליקון לסירים,Unknown,1.00,יחידה,false,,10.90,10.9000,true,1,188341
7290116053479,false,כפפה מקצועית לתנור מסיליקון,,,כפפת סיליקון מקצועית,Unknown,1.00,יחידה,false,,22.90,22.9000,true,1,188342
7290116053561,false,מספריים רב שימושיות,,,מספריים רב שימושיות,Unknown,1.00,יחידה,false,,16.90,16.9000,true,1,188343
7290116053837,false,מגב חלון איכותי מחליף,,,מגב חלון איכותי,Unknown,1.00,יחידה,false,,8.90,8.9000,true,1,187941
7290116053844,false,מברשת מעוצבת לניקוי,,,מברשת מעוצבת לניקוי,Unknown,1.00,יחידה,false,,6.90,6.9000,true,1,188344
7290116054230,false,מארז 50 צלחות לבן 8.5' בסט וליו,,,צלחת 8.5 לבן בסט ולי,Unknown,50.00,יחידה,false,,17.90,0.3580,true,1,186159
7290116055657,false,כוסות חד פעמי לשתייה חמה 40 יח,,,כוס חם 8 (40 יח') רמ,100 יחידה,40.00,100 יחידה,false,,9.90,0.2475,true,1,186971
7290116056296,false,צלחת 9' קרם (50 יח') בסט וליו,,,צלחת 9 קרם 50 יחידות,Unknown,1.00,יחידה,false,,21.90,21.9000,true,1,186133
7290116056302,false,צלחת 9' לבן (50 יח') בסט וליו,,,צלחת 9 לבן 50 יחידות,Unknown,1.00,יחידה,false,,21.90,21.9000,true,1,186134
7290116056968,false,מטליות 50יח לניקוי וחיטוי 99.9%,,,מטליות לניקוי וחיטוי,Unknown,50.00,יחידה,false,,7.90,0.1580,true,1,184237
7290116244556,false,זר לראש-ורוד לבן,,,זר לראש-ורוד לבן,Unknown,1.00,יחידה,false,,11.90,11.9000,true,1,188330
7290116530161,false,"תחליב רחצה בניחוח שייק אננס, מלון וחלב שיבולת שועל",יוניליוור ישראל טיפוח אי,,פינוק תחליב רחצה 700,מיליליטרים,700.00,"100 מ""ל",false,,11.90,0.0170,true,1,181968
7290116530185,false,"קורנפלקס דלישקד קרמל מלוח 400 גרם בד""ץ","יוניליוור שפע ישראל בע""\",,דלישקד 400 גרם תלמה,גרמים,400.00,100 גרם,false,,20.90,0.0522,true,1,183918
7290116530871,false,נשנושים מיקס בייגל בייגל 240 גרם,"דרך השוקולד ,1 צפת 13404",,נשנושים מיקס 240 גרם,גרמים,240.00,100 גרם,false,,11.90,0.0496,true,1,186758
7290116531083,false,"ברנפלקס ללא ת.סוכר בטעם דבש בתוספת שקדים, 400 גרם","יוניליוור שפע ישראל בע""\",,ברנפלקס טעם דבש עם ש,גרמים,400.00,100 גרם,false,,21.90,0.0547,true,1,184609
7290116531281,false,קליק מיקס 65 גרם,יוניליוור ישראל מזון,,קליק מיקס 65 גרם,גרמים,65.00,100 גרם,false,,5.90,0.0908,true,1,184613
7290116531328,false,"קליק בלאק אנד וויט חטיף שוקולד חלב 35 גרם כשל""פ",יוניליוור ישראל מזון בע\,,חטיף קליק בלאק&וויט,גרמים,35.00,100 גרם,false,,4.90,0.1400,true,1,186760
7290116531496,false,קינמונים דגנים פריכים מצופים 375 גרם,"נאוג'\אזיס נווזיס ,UAB ג",,קינמונים דגני בוקר,גרמים,375.00,100 גרם,false,,20.90,0.0557,true,1,186761
7290116531885,false,"מיונז הלמנס טיבעוני בד""ץ 500 גר",יוניליוור ישראל מזון בע\,,ממרח טבעוני ויגן תלמ,גרמים,500.00,100 גרם,false,,13.90,0.0278,true,1,187020
7290116532219,false,קורנפלקס תות תלמה אלופים 448 גרם,"יוניליוור שפע ישראל בע""\",,קורנפלקס תות דגני בו,גרמים,448.00,100 גרם,false,,17.90,0.0400,true,1,186762
7290116532264,false,גודיז פרי אפרסק – שלגון מופחת קלוריות עם יוגורט בציפוי בטעם אפרסק,"גלידת שטראוס בע""\מ, רחוב",,מאגדת גודיז פרי אפרס,גרמים,300.00,100 גרם,false,,22.90,0.0763,true,1,185913
7290116532400,false,בייגל בייגל בייגלה מקלות עם מלח 235ג,בייגל בייגל,,בייגלה עם מלח אחד אח,גרמים,235.00,100 גרם,false,,6.90,0.0294,true,1,187021
7290116532875,false,פינוק בייבי אל סבון לתינוקות 970 מל-משאבה,יוניליוור ישראלn\טיפוח א,,בייבי אל סבון אל דמע,מיליליטרים,900.00,"100 מ""ל",false,,19.90,0.0221,true,1,187023
7290116533063,false,דגני בוקר שוגי קרטיב ענבים 400 גרם,"יוניליוור שפע ישראל בע""\",,דגני בוקר שוגי בטעם,גרמים,400.00,100 גרם,false,,20.90,0.0522,true,1,187024
7290116930282,false,ארוחה בקטנה לאבנה עם קרקרים 150ג' תנובה,תנובה חלב,,ארוחה בקטנה לאבנה עם,גרמים,150.00,100 גרם,false,,8.50,0.0567,true,1,187570
7290116930435,false,יופלה גו במרקם סמיך עם דובדבן 0% 200מל,תנובה מרכז שיתופי לש,,יוגורט יופלה גו סמיך,גרמים,200.00,100 גרם,false,,5.90,0.0295,true,1,186501
7290116930459,false,"יופלה שייק מנגו בננה אננס וקוקוס 230 מ""ל",קבוצת המזון אקטשלאר,,יופלה שייק בננה אננ,מיליליטרים,230.00,"100 מ""ל",false,,7.90,0.0343,true,1,186981
7290116930466,false,"משקה SHAKE בננה מנגן פסיפלורה והל 230 מ""ל יופלה",קבוצת המזון אקטשלאר,,יופלה שייק מנגו בננ,מיליליטרים,230.00,"100 מ""ל",false,,7.90,0.0343,true,1,186982
7290116930480,false,"משקה SHAKE בננה קיווי תפוח 230 מ""ל יופלה",קבוצת המזון אקטשלאר,,יופלה שייק בננה קיו,מיליליטרים,230.00,"100 מ""ל",false,,7.90,0.0343,true,1,186983
7290116930626,false,ארוחה בקטנה ציזיקי עם קרקרים 150ג' תנובה,תנובה חלב,,ארוחה בקטנה ציזיקי ע,גרמים,150.00,100 גרם,false,,8.50,0.0567,true,1,187571
7290116930657,false,"משקה חלב גו בטעם בננה תמר בתוספת שיבולת שועל במרקם חלק 340 מ""ל",תנובה מרכז שיתופי לש,,משקה חלב גו בננה תמר,גרמים,340.00,100 גרם,false,,7.90,0.0232,true,1,188474
7290116930725,false,סויה BIO קוקוס גביע 150 גרם אלטרנטיב,תנובה חלב,,מעדן סויה ביו קוקוס,גרמים,150.00,100 גרם,false,,4.80,0.0320,true,1,187572
7290116931081,false,מעדן סויה - טופי קרמל 125 גרם אלטרנטיב,תנובה מרכז שיתופי לש,,מעדן סויה בטעם טופי,גרמים,125.00,100 גרם,false,,4.20,0.0336,true,1,187573
7290116931104,false,יופלה GO במרקם סמיך עם אננס 0% תנובה 200 גרם,תנובה בעמ,,יופלה גו במרקם סמיך,גרמים,200.00,100 גרם,false,,5.90,0.0295,true,1,187574
7290117260173,false,"קמח חיטה רב תכליתי 1 ק""ג",וילי פוד,,קמח חיטה רב תכליתי ו,פריט,1.00,"ק""ג",false,,7.90,7.9000,true,1,185773
7290117260470,false,גבינה בולגרית מעודנת למריחה עם שום 5% שומן 200 ג' יורו,אם.בי.טורקיה,,בולגרית מעודנת למריח,גרמים,200.00,100 גרם,false,,11.90,0.0595,true,1,186222
7290117260821,false,גבינת כבשים צ'אנק עם פטריות כמהין 150 ג' אל פסטור,ג.וילי פוד אינטרנשיונל ב,,גבינת כבשים עם פטריו,גרמים,150.00,100 גרם,false,,26.90,0.1793,true,1,185777
7290117260944,false,מיני גריסיני עם שמן זית ללא גלוטן 125 גרם ויליפוד,מודיאה אס.אר.אל,,מיני גריסיני עם שמן,גרמים,125.00,100 גרם,false,,9.90,0.0792,true,1,186214
7290117260951,false,ביסקוויטים ללא גלוטן ופירות הדר 125 גרם ויליפוד,וילי פוד,,"ביסקוויטים לל""ג כשלפ",גרמים,125.00,100 גרם,false,,9.90,0.0792,true,1,186215
7290117261354,false,גבינת ריקוטה 200 גרם 5%שומן מחלבת אירופה,באלבן גידה סנאי,,גבינת ריקוטה יורו 20,גרמים,200.00,100 גרם,false,,10.90,0.0545,true,1,188039
7290117261378,false,גבינת קשקבל לייט EURO CHEESE ויליפוד 250 גרם,סאסו פטוראגס קומטויס,,גבינת קשקבל לייט יור,גרמים,250.00,100 גרם,false,,14.90,0.0596,true,1,188040
7290117261514,false,סלמון אטלנטי בשמן קנולה ולימון 120 גרם ויליפוד,קריות זול,,סלמון אטלנטי בשמן קנ,גרמים,120.00,100 גרם,false,,10.90,0.0908,true,1,187853
7290117261521,false,סלמון אטלנטי בשמן קנולה 120 גרם ויליפוד,קריות זול,,סלמון אטלנטי בשמן קנ,גרמים,120.00,100 גרם,false,,10.90,0.0908,true,1,187854
7290117261538,false,סלמון אטלנטי בשמן קנולה וצילי 120 גרם ויליפוד,קריות זול,,סלמון אטלנטי בשמן קנ,גרמים,120.00,100 גרם,false,,10.90,0.0908,true,1,187855
7290117261569,false,סלמון אטלנטי מעושן בשמן קנולה 120 גרם ויליפוד,קריות זול,,סלמון אטלנטי מעושן ב,גרמים,120.00,100 גרם,false,,10.90,0.0908,true,1,187856
7290117261606,false,פרוסות צהובה בטעם טבעי טבעוני 140 גרם,קוליוס,,פרוסות צהובה טבעונית,גרמים,140.00,100 גרם,false,,17.90,0.1279,true,1,188107
7290117261620,false,פרוסות צהובה בטעם מעושן טבעוני 140 גרם,קוליוס,,פרוסות צהובה טבעונית,גרמים,140.00,100 גרם,false,,17.90,0.1279,true,1,188109
7290117261637,false,פרוסות צהובה בטעם צילי טבעוני 140 גרם,קוליוס,,פרוסות צהובה טבעונית,גרמים,140.00,100 גרם,false,,17.90,0.1279,true,1,188110
7290117261927,false,גבינת פקורינו מחלב כבשים צ'אנק 150 EURO CHEESE,ג.וילי פוד אינטרנשיונל ב,,גבינת פקורינו מחלב כ,גרמים,150.00,100 גרם,false,,21.90,0.1460,true,1,187858
7290117262221,false,"משקה יוגורט פרוביוטי עם אננס 200מ""ל 2.3%שומן יורו",Euro יורו מחלבות אירופה,,משקה יוגורט פרוביוטי,מיליליטרים,200.00,"100 מ""ל",false,,4.90,0.0245,true,1,187849
7290117262238,false,"משקה יוגורט פרוביוטי עם תות שדה 200מ""ל 2.3%שומן יורו",Euro יורו מחלבות אירופה,,משקה יוגורט עם תות ש,מיליליטרים,200.00,"100 מ""ל",false,,4.90,0.0245,true,1,187848
7290117262245,false,"משקה יוגורט פרוביוטי עם אפרסק ומשמש 200מ""ל 2.3%שומן יורו",Euro יורו מחלבות אירופה,,משקה יוגורט עם אפרסק,100 0,200.00,100 0,false,,4.90,0.0245,true,1,187850
7290117380864,false,סלים דליס פייבר עוגות בראוניס אישיות בטעם שוקולד 120 גרם,הלמה הלום,,עוגות אישיות בטעם שו,גרמים,120.00,100 גרם,false,,11.90,0.0992,true,1,186633
7290117380871,false,סלים דליס פייבר עוגות אישיות בטעם אוכמניות 120 גרם,הלמה הלום,,עוגות אישיות בטעם או,גרמים,120.00,100 גרם,false,,11.90,0.0992,true,1,186634
7290117900932,false,גרעין אבטיח קלוי 130 גרם,דין שיווק וקלייה בעמ,,גרעיני אבטיח קלויים,גרמים,130.00,100 גרם,false,,10.90,0.0838,true,1,187122
7290117900949,false,בוטנים מצופים אמריקאים 250 גרם,"שקדיה גבע תעשיות בע""",,בוטנים מצופים אמריקא,גרמים,250.00,100 גרם,false,,10.90,0.0436,true,1,187123
7290117900956,false,תערובת פיצוחים קלויים ששון הקולה 180 גרם,"שקדיה גבע תעשיות בע""",,תערובת פיצוחים קלויי,גרמים,180.00,100 גרם,false,,15.90,0.0883,true,1,187124
7290117900963,false,בוטנים קלויים ששון ה,דין שיווק וקלייה בעמ,,בוטנים קלויים ששון ה,גרמים,270.00,100 גרם,false,,10.90,0.0404,true,1,187125
7290117900970,false,שקדים קלויים ששון הקולה 180 גם,דין שיווק וקלייה בעמ,,שקדים קלויים ששון הק,גרמים,180.00,100 גרם,false,,15.90,0.0883,true,1,187126
7290117900987,false,אגוז פקאן קלוף ששון הקולה 140 גרם,"שקדיה גבע תעשיות בע""",,אגוז פקאן קלוף ששון,גרמים,140.00,100 גרם,false,,15.90,0.1136,true,1,187127
7290117900994,false,פקאן סיני מסוכר ששון הקולה 140 גרם,"שקדיה גבע תעשיות בע""",,פקאן סיני מסוכר ששון,גרמים,140.00,100 גרם,false,,15.90,0.1136,true,1,187128
7290117901007,false,פיסטוקים קלויים ששון הקולה 130 גרם,"שקדיה גבע תעשיות בע""",,פיסטוקים קלויים ששון,גרמים,130.00,100 גרם,false,,15.90,0.1223,true,1,187129
7290117901014,false,קשיו קלוי ששון הקולה 160 גרם,"שקדיה גבע תעשיות בע""",,קשיו קלוי ששון הקולה,גרמים,160.00,100 גרם,false,,15.90,0.0994,true,1,187130
7290117901021,false,קבוקים בוטנים מצופים עם שומשום 220 גרם,"שקדיה גבע תעשיות בע""",,קבוקים בוטנים מצופים,גרמים,220.00,100 גרם,false,,10.90,0.0495,true,1,187131
7290117901038,false,אגוזי מלך קלופים ששון הקולה 190 גרם,"שקדיה גבע תעשיות בע""",,אגוזי מלך קלופים ששו,גרמים,190.00,100 גרם,false,,15.90,0.0837,true,1,187132
7290117901045,false,בוטן רביולי ששון הקולה 200 גרם,דין שיווק וקלייה בעמ,,בוטן רביולי ששון הקו,גרמים,200.00,100 גרם,false,,15.90,0.0795,true,1,187133
7290117901052,false,שקדים קלופים ששון הק,"שקדיה גבע תעשיות בע""",,שקדים קלופים ששון הק,גרמים,180.00,100 גרם,false,,15.90,0.0883,true,1,187134
7290118070276,false,פותחן ליין,,,פותחן ליין,Unknown,1.00,יחידה,false,,16.90,16.9000,true,1,187948
7290118072508,false,"מחבת ווד אדישן מקצועית 20 ס""מ שחור",,,מחבת ווד אדישן מקצוע,Unknown,1.00,יחידה,false,,59.90,59.9000,true,1,188377
7290118072515,false,"מחבת ווד אדישן מקצועית 24 ס""מ שחור",,,מחבת ווד אדישן מקצוע,Unknown,1.00,יחידה,false,,69.90,69.9000,true,1,188378
7290118072522,false,"מחבת ווד אדישן מקצועית 28 ס""מ שחור",,,מחבת ווד אדישן מקצוע,Unknown,1.00,יחידה,false,,79.90,79.9000,true,1,188379
7290118072980,false,סביבון חללית,,,סביבון חללית,Unknown,1.00,יחידה,false,,15.90,15.9000,true,1,190044
7290118073512,false,זוג קופסאות אחסון מיני פלסטיק,,,זוג קופסאות אחסון מי,Unknown,1.00,יחידה,false,,5.90,5.9000,true,1,188346
7290118073529,false,קופסת אחסון HAPPI LOCK פלסטיק 2.2 ליטר,,,קופסת אחסון פלסטיק 2,Unknown,1.00,יחידה,false,,29.90,29.9000,true,1,188347
7290118073536,false,קופסת אחסון HAPPI LOCK פלסטיק 1.35 ליטר,,,קופסת אחסון פלסטיק 1,Unknown,1.00,יחידה,false,,24.90,24.9000,true,1,188348
7290118073543,false,קופסת אחסון HAPPI LOCK פלסטיק 0.78 ליטר,,,קופסת אחסון פלסטיק 0,Unknown,1.00,יחידה,false,,16.90,16.9000,true,1,188349
7290118073659,false,"סט סכו""ם יוקרתי 24 חלקים כסף מבריק",,,"סט סכו""ם יוקרתי 24 ח",Unknown,1.00,יחידה,false,,59.90,59.9000,true,1,188392
7290118073710,false,מקל מטאטא מחוזק 130סמ צבעוני,,,מקל מטאטא מחוזק 130,Unknown,1.00,יחידה,false,,7.90,7.9000,true,1,190048
7290118420477,false,אסם בייגלה שטוחים בטעם ביסלי בצל 300 גרם,"אסם תעשיות בע""מ",,אסם בייגלה שטוחים בט,גרמים,300.00,100 גרם,false,,9.90,0.0330,true,1,188469
7290118420514,false,אינסטנט פודינג בטעם נוגט אסם 75 גרם,"אסם תעשיות בע""מ",,אסם אינסטנט פודינג נ,גרמים,75.00,100 גרם,false,,4.90,0.0653,true,1,188470
7291044070989,false,רבעיית סוללות אלקליין רמי לוי AA,,,רבעיית סוללות אלקליי,Unknown,1.00,יחידה,false,,5.90,5.9000,true,1,168397
7291044077209,false,מארז סוללות 12 יח,,,מארז סוללות 12 יח,Unknown,1.00,יחידה,false,,14.90,14.9000,true,1,168399
7296168010590,false,פדים להסרת איפור 80*,,,פדים להסרת איפור 80*,Unknown,80.00,יחידה,false,,16.90,0.2112,true,1,181170
7297488098152,false,דגש קמח חומוס ללא גל,אף.סי תבליני בגליל ב,,דגש קמח חומוס 500 גר,גרמים,500.00,100 גרם,false,,16.90,0.0338,true,1,169269
7297488098169,false,"קמח תירס ללא גלוטן דג""ש","תבליני העליון בע""מ",,דגש קמח תירס 500 גרם,גרמים,500.00,100 גרם,false,,9.90,0.0198,true,1,181178
7297488098220,false,קמח תפוחי אדמה 500 גרם דגש,תבליני העליון 2007 ב,,"דגש קמח תפו""א 500 גר",גרמים,500.00,100 גרם,false,,9.60,0.0192,true,1,169274
7297488098305,false,דגש-קמח שקדים 250 גרם,תבליני העליון 2007 ב,,דגש קמח שקדים 250 גר,גרמים,250.00,100 גרם,false,,25.50,0.1020,true,1,169277
7297488098688,false,דגש פצפוצי אורז מלא ללא תוספת סוכר ומלח 450 גרם,משובח תעשיות מזון,,פצפוצי אורז מלא ללא,גרמים,450.00,100 גרם,false,,19.90,0.0442,true,1,169279
7297488199590,false,פצפוצי אורז לבן תפוח ללא גלוטן,דגש- דוכן גן שמואל,,דגש פצפוצי אורז 450,גרמים,450.00,100 גרם,false,,20.90,0.0464,true,1,169285
7312040017683,false,"אבסולוט וודקה, 700 מ''ל","איי, בי, אינבוו",,"וודקה אבסולוט 700 מ""",מיליליטרים,700.00,"100 מ""ל",false,,67.90,0.0970,true,1,162212
7394376123337,false,"משקה שיבולת שועל אורגני מפוקח ע""י סקאל",טרנסומס פוד איי.בי,,משקה שיבולת שועל אור,מיליליטרים,1000.00,"100 מ""ל",false,,14.50,0.0145,true,1,165144
7394376615825,false,אוטלי משקה שיבולת שועל מועשר בסידן וויטמינים 1 ליטר,טרנסומס פוד,,משקה שיבולת שועל מוע,מיליליטרים,1000.00,"100 מ""ל",false,,14.50,0.0145,true,1,165145
7501013101348,false,"ג'ומקס מנגו בקבוק 473 מ""ל תריסר",חומקס קומר קומרסאליזדורה,,ג'ומקס נקטר מנגו 473,מיליליטרים,473.00,"100 מ""ל",false,,8.40,0.0178,true,1,162219
7501013122053,false,ג'ומקס מיץ אפרסק קרטונית ליטר תריסר,חומקס קומר קומרסאליזדורה,,ג'ומקס נקטר אפרסק קר,מיליליטרים,1000.00,"100 מ""ל",false,,9.50,0.0095,true,1,162227
7501013122190,false,ג'ומקס מיץ תפוחים קרטונית ליטר תריסר,חומקס קומר קומרסאליזדורה,,ג'ומקס משקה תפוחים ק,מיליליטרים,1000.00,"100 מ""ל",false,,9.50,0.0095,true,1,162229
7501013122992,false,ג'ומקס מיץ קוקוס אננס קרטונית ליטר תריסר,חומקס קומר קומרסאליזדורה,,ג'ומקס משקה קוקוס אנ,מיליליטרים,1000.00,"100 מ""ל",false,,9.50,0.0095,true,1,162230
7501049936945,false,"בירה סול שישייה בקבוק 330 מ""ל",היינקן,,בירה סול שישייה 330,מיליליטרים,1980.00,"100 מ""ל",false,,34.90,0.0176,true,1,162234
7501064191398,false,שישיית בירה קורונה אקסטרא *355 מל,קריניציה ויטמינה אס,,בירה קורונה שישייה 3,מיליליטרים,2130.00,"100 מ""ל",false,,39.90,0.0187,true,1,165755
7502004507156,false,כוסות שתיה חמה גדולו,,,כוסות שתיה חמה גדולו,Unknown,50.00,יחידה,false,,16.90,0.3380,true,1,166483
7503012779405,false,סירופ אגבה כחולה – נטורפוד (גדול),נוטריאגבס דה מקסיקו,,סירופ אגבה כחולה 600,גרמים,600.00,100 גרם,false,,29.90,0.0498,true,1,169291
7509546057545,false,ליידי ספיד סטיק פרו 5 סטיק 45 גרם,קולגייט פלמוליב,,ליידי ספיד סטיק פרו,גרמים,45.00,100 גרם,false,,22.90,0.5089,true,1,183386
7509546663135,false,קולגייט משחת שיניים זירו פפרמינט 98 מל,שסטוביץ-ריו,,משחת שיניים בטעם פפר,מיליליטרים,98.00,"100 מ""ל",false,,33.90,0.3459,true,1,165147
7509546666846,false,"משחת שיניים קולגייט טוטאל פחם 75 מ""ל",קולגייט פלמוליב,,קולגייט טוטאל משחת ש,Unknown,1.00,יחידה,false,,19.90,19.9000,true,1,181797
7610113000175,false,"רום בקרדי מוחיטו 700 מ""ל",בקרדי מרטיני,,"בקרדי מוחיטו 700 מ""ל",מיליליטרים,700.00,"100 מ""ל",false,,80.20,0.1146,true,1,182128
7610400014649,false,לינדור קוביות במילוי קרם שוקולד חלב 100 גרם,לינדט ושפרונגלי קילשברג,,שוקולד לינדור בודד מ,גרמים,100.00,100 גרם,false,,15.80,0.1580,true,1,184320
7610400074155,false,לינדט לינדור קוביות במילוי קרם שוקולד 60% מוצקי קקאו 100 גרם,לינדט ושפרונגלי קילשברג,,שוקולד לינדור בודד 6,גרמים,100.00,100 גרם,false,,15.80,0.1580,true,1,184323
7613030979647,false,דגני בוקר טריקס בטעם פירות נסטלה 480 ג',ג'נרל מילס סאן אדריא,,דגני תירס תפוחים בטע,גרמים,480.00,100 גרם,false,,23.90,0.0498,true,1,159912
7613033548192,false,פיטנס - דגני בוקר שוקולד מריר 375 גרם,נסטלה צרפת איטנקורט,,פיטנס שוקולד מריר 37,גרמים,375.00,100 גרם,false,,19.90,0.0531,true,1,159915
7613035379794,false,דנטלייף חטיף דנטלי לכלבים מגזע בינוני - 4 יחידות,נסטלה פורינה גרמניה,,חטיף כלבים דנטלייף ג,גרמים,115.00,100 גרם,false,,12.90,0.1122,true,1,184241
7613035548374,false,דגני בוקר גולדן מיניס מחיטה מלאה ותירס,נסטלה פולין דגני בוק,,גולדן מיניס 570 גרם,גרמים,570.00,100 גרם,false,,23.90,0.0419,true,1,159918
7613035622623,false,פיטנס - גרנולה שקדים ודבש 300 גרם,נסטלה פולין דגני בוק,,פיטנס גרנולה שקדים ו,גרמים,300.00,100 גרם,false,,14.90,0.0497,true,1,159919
7613035635845,false,פיטנס גרנולה שוקולד 14*300 גרם,שוורצקוף& הנקל דיסלד,,פיטנס גרנולה שוקולד,גרמים,300.00,100 גרם,false,,14.90,0.0497,true,1,159920
7613035758834,false,פיטנס סופר גרנולה וחמוציות 300 גרם,שוורצקוף& הנקל דיסלד,,פיטנס גרנולה חמוציות,גרמים,300.00,100 גרם,false,,14.90,0.0497,true,1,159921
7613035807778,false,פרפקטו רוטב עגבניות לבולונז אסם 400 גרם,אסם פרפקטו Perfecto,,פרפקטו רוטב עגבניות,גרמים,400.00,100 גרם,false,,10.50,0.0263,true,1,159922
7613035809109,false,פרפקטו רוטב עגבניות ובזיליקום אסם 400 גרם,אסם פרפקטו Perfecto,,פרפקטו רוטב עגבניות,גרמים,400.00,100 גרם,false,,10.50,0.0263,true,1,159923
7613035809123,false,פרפקטו רוטב עגבניות עם פלפלים אסם 400 גרם,אסם פרפקטו Perfecto,,פרפקטו רוטב עגבניות,גרמים,400.00,100 גרם,false,,10.50,0.0263,true,1,159924
7613035809857,false,פרפקטו רוטב עגבניות לפסטה ולבישול אסם 400 גרם,אסם פרפקטו Perfecto,,פרפקטו רוטב עגבניות,גרמים,400.00,100 גרם,false,,10.50,0.0263,true,1,159925
7613036105545,false,"דוגלי גזע קטן 4*3 קילו ""אסם""",נסטלה פורינה באק הונ,,"דוגלי גזע קטן 3 ק""ג",גרמים,3000.00,100 גרם,false,,46.90,0.0156,true,1,159928
7613036520492,false,פרפקטו רוטב עגבניות לפיצה אסם 400 גרם,אסם פרפקטו Perfecto,,רוטב עגבניות לפיצה פ,גרמים,400.00,100 גרם,false,,10.50,0.0263,true,1,159932
7613036710879,false,מארז מיני חטיפי קיט קט צ'אנקי Kit Kat Chanky,ליימן מותגים,,קיט קט צנקי מיני 12*,גרמים,194.00,100 גרם,false,,14.90,0.0768,true,1,159933
7613036725286,false,דנטלייף חטיף דנטלי לחתול בטעם סלמון,נסטלה פורינה גרמניה,,דנטלייף חתול סלומון,גרמים,40.00,100 גרם,false,,7.90,0.1975,true,1,184243
7613036725309,false,דנטלייף חטיף דנטלי לחתול בטעם עוף,נסטלה פורינה גרמניה,,דנטלייף חתול עוף 40,גרמים,40.00,100 גרם,false,,9.90,0.2475,true,1,184244
7613036737623,false,קראנץ' רולס נסטלה 410 גרם,"אסם תעשיות בע""מ",,קראנץ מקס 410 גרם,גרמים,410.00,100 גרם,false,,23.90,0.0583,true,1,159935
7613037686906,false,פיטנס שקדים ודבש 355 גרם מופחת סוכר,נסטלה צרפת איטנקורט,,דגני בוקר עם שקדים ו,גרמים,355.00,100 גרם,false,,19.90,0.0561,true,1,159956
7613038268262,false,דגני בוקר צ'יריוס דבש ושקדים במתיקות מעודנת,נסטלה פולין דגני בוק,,האני נאט ציריוס מופח,גרמים,410.00,100 גרם,false,,19.90,0.0485,true,1,159958
7613287121783,false,חטיף סמרטיס מיני מאר,נסטלה גרמניה,,סמארטיס מיני 187 גרם,גרמים,187.00,100 גרם,false,,14.90,0.0797,true,1,182025
7613287302373,false,סטארבקס קפסולות איטליאן סטייל רוסט 56 גרם,נסטלה שוויץ - קפה,,קפסולות קפה איטליאן,Unknown,10.00,יחידה,false,,22.90,2.2900,true,1,181137
7613287394323,false,דגני בוקר מולטי צ'יריוס 600 גרם,נסטלה פולין דגני בוק,,מולטי ציריוס 600 גרם,גרמים,600.00,100 גרם,false,,22.90,0.0382,true,1,181996
7613287855640,false,סטארבקס קפסולות קפה גוואטמלה 10 יחידות,נסטלה שוויץ - קפה,,קפסולות גוואטמלה סטא,גרמים,52.00,100 גרם,false,,22.90,0.4404,true,1,187732
7622010001858,false,עוגיות אוראו ממולאות קרם וניל 176 גרם.,פי אר ג'\יי אס אי מנדלז,,אוראו וניל 176 גרם ב,גרמים,176.00,100 גרם,false,,9.90,0.0563,true,1,160380
7622201137052,false,אוראו מיני קוקיס - עוגיות שוקולד צ'יפס ותחתית מצופה שוקולד חלב,מונדלז אספנה גלטאס פ,,מילקה מיני קוקיז 110,גרמים,110.00,100 גרם,false,,9.90,0.0900,true,1,188139
7622201139278,false,גבינת שמנת 27% שומן 150 ג' פילדלפיה,מיודלז אספניה פרודוק,,גבינת שמנת 27% פילדל,גרמים,150.00,100 גרם,false,,14.90,0.0993,true,1,161116
7622201401900,false,עוגיות סנסיישן אוראו מילקה 156 גרם,מונדלז פולסקה פרודקש,,עוגיות מילקה סנסיישן,גרמים,156.00,100 גרם,false,,10.90,0.0699,true,1,160382
7622201521493,false,גבינת פילדלפיה שום ועשבי תיבול 150 גרם,מיודלז אספניה פרודוק,,גבינת שמנת שום ועשבי,גרמים,150.00,100 גרם,false,,14.90,0.0993,true,1,186895
7622201798154,false,גבינת שמנת לייט מופחתת שומן 13% שומן,מיודלז אספניה פרודוק,,גבינת שמנת פילדלפיה,גרמים,150.00,100 גרם,false,,14.90,0.0993,true,1,183702
7622201801809,false,מילקה שוקולד חלב עם אגוזים 100 גרם חדש,מנדלז דויצ'\לנד סנקס פרו,,שוקולד חלב עם שברי א,גרמים,100.00,100 גרם,false,,6.90,0.0690,true,1,183661
7622201802363,false,מילקה טבלת שוקולד חלב וצימוקים ואגוזים 100ג',מנדלז דויצ'\לנד סנקס פרו,,שוקולד חלב עם אגוזים,גרמים,100.00,100 גרם,false,,6.90,0.0690,true,1,183662
7622201802394,false,שוקולד מילקה חלב מסרונים 100 גרם,מנדלז דויצ'\לנד סנקס פרו,,שוקולד חלב מילקה 100,גרמים,100.00,100 גרם,false,,6.90,0.0690,true,1,183663
7622201813390,false,וופל במילוי קרם קקאו בציפוי שוקולד חלב,מונדליז סי.אר. ביסקוויט,,מילקה וואפל במילוי ק,גרמים,132.00,100 גרם,false,,10.90,0.0826,true,1,184245
7622201819170,false,שוקולד מילקה דרק שקדים 85 גרם.,מונדלז דויטשלנד סנאק,,מילקה דארק שקדים 85,גרמים,85.00,100 גרם,false,,7.90,0.0929,true,1,184246
7622201819408,false,שוקולד מילקה דרק קרמל 85 גרם.,מונדלז דויטשלנד סנאק,,מילקה דארק קרמל 85 ג,גרמים,85.00,100 גרם,false,,7.90,0.0929,true,1,184247
7622201819552,false,מילקה דארק שוקולד 85 גרם חדש,מונדלז דויטשלנד סנאק,,מילקה דארק 85 גרם,גרמים,85.00,100 גרם,false,,7.90,0.0929,true,1,184248
7622201823733,false,עוגיות מילקה תינס דקות 151 גר,מונדלייז,,עוגיות מילקה ת'ינס ד,גרמים,151.00,100 גרם,false,,10.90,0.0722,true,1,189978
7622210392589,false,טובלרון טייני שוקולד חלב 200 גרם,מונדלז סוויצרלנד פרודקשן,,טובלרון טייני חלב 20,גרמים,200.00,100 גרם,false,,17.90,0.0895,true,1,173845
7622210464729,false,אוראו גולדן עוגיות וניל במילוי קרם וניל,מונדלייז,,אוראו גולדן 154 גרם,גרמים,154.00,100 גרם,false,,6.90,0.0448,true,1,160384
7622210664150,false,"עוגיות אוראו וניל, 396 גרם",מונדלייז,,עוגיות אוראו וניל 39,גרמים,396.00,100 גרם,false,,15.90,0.0402,true,1,187747
7622210690883,false,מילקה שוקולד חלב-מהדורת מונדיאל 270 גרם,מונדלייז,,מילקה מונדיאל 270 גר,גרמים,270.00,100 גרם,false,,17.90,0.0663,true,1,189979
7622210693266,false,מילקה שוקולד אגוזים שלמים 270 גרם,מונדלז אוסטרייך פרודקשן,,מילקה אגוזים שלמים 2,גרמים,270.00,100 גרם,false,,17.90,0.0663,true,1,186147
7622210826053,false,שוקולד מילקה אוראו סנדוויץ 92 גר',גיאורי קאקסז קייאףטי,,שוקולד מילקה אוראו ס,גרמים,92.00,100 גרם,false,,6.90,0.0750,true,1,160394
7622300200237,false,שוקולד מילקה שוקולד חלב 250 גרם,מונדליז אוסטרייך פרו,,מילקה שוקולד חלב 250,גרמים,250.00,100 גרם,false,,12.50,0.0500,true,1,160400
7622300270506,false,מילקה גריינס - עוגיות שיבולת שועל מצופות שוקולד 168 ג',מונדלז פולסקה פרודקש,,מילקה גריינס - עוגיו,גרמים,168.00,100 גרם,false,,10.90,0.0649,true,1,160402
7622300315283,false,אוראו עוגיות ממולאות קרם וניל 154 גרם,"מונדלז CR פרודקשיין,",,אוראו וניל 154 גרם,גרמים,154.00,100 גרם,false,,6.90,0.0448,true,1,183665
7622300441715,false,עוגיות מילקה ביסקוויט ממולא קרם חלב מצופה למחצה בשוקולד חלב 150 גר',מוביל בעל מוניטין,,מילקה עוגיות שוקו מי,גרמים,150.00,100 גרם,false,,11.90,0.0793,true,1,173984
7622300489427,false,עוגיות אוראו בציפוי בטעם שוקולד לבן 246 גרם,מנדלז אספנה גאלטס פר,,אוראו עוגיות מצופות,גרמים,246.00,100 גרם,false,,18.90,0.0768,true,1,160404
7622300489434,false,"עוגיות אוראו פאדג' בציפוי שוקולד חלב, 246 גרם",מנדלז אספנה גאלטס פר,,אוראו עוגיות מצופות,גרמים,246.00,100 גרם,false,,18.90,0.0768,true,1,160405
7622300495046,false,מילקה שוקולד חלב עם אקסטרה קקאו 100 גרם,מנדלז דויצ'\לנד סנקס פרו,,מילקה אקסטרה קקאו 10,גרמים,100.00,100 גרם,false,,6.90,0.0690,true,1,184249
7622300503079,false,עוגיות ביסקוויט מצופה שוקולד חלב מילקה 200 גרם,מונדלז פולסקה פרודקש,,מילקה מוו ביסקוויט מ,גרמים,200.00,100 גרם,false,,10.90,0.0545,true,1,160406
7622300617820,false,מילקה שוקולד חלב במילוי קרם חלב ווניל ושבבי עוגיות אוראו 100 גרם,מנדלז דויצ'\לנד סנקס פרו,,מילקה אוראו 100 גרם,גרמים,100.00,100 גרם,false,,6.90,0.0690,true,1,160407
7630477891639,false,סטארבקס קפסולות קפה ורונה 10 יחידות,נסטלה שוויץ - קפה,,קפסולות קפה קפה ורונ,גרמים,55.00,100 גרם,false,,22.90,0.4164,true,1,159970
7630477891653,false,סטארבקס קפסולות קפה אספרסו נטול 10 יחידו,נסטלה שוויץ - קפה,,קפסולות קפה נטול קפא,גרמים,57.00,100 גרם,false,,22.90,0.4018,true,1,159971
7630477891677,false,סטארבקס קפסולות קפה פייק פלייס 10 יחידות,נסטלה שוויץ - קפה,,קפסולות קפה פייק פלי,גרמים,53.00,100 גרם,false,,22.90,0.4321,true,1,159972
7630477891691,false,סטארבקס קפסולות קפה קולמביה 10 יחידות,נסטלה שוויץ - קפה,,קפסולות קפה קולומביה,גרמים,57.00,100 גרם,false,,22.90,0.4018,true,1,159973
7630477891714,false,סטארבקס קפסולות קפה אספרסו 10 יחידות,נסטלה שוויץ - קפה,,קפסולות קפה אספרסו ר,גרמים,57.00,100 גרם,false,,22.90,0.4018,true,1,159974
7630477891738,false,סטארבקס קפסולות קפה אספרסו בלונד 10 יחיד,נסטלה שוויץ - קפה,,קפסולות קפה בלונד חו,גרמים,53.00,100 גרם,false,,22.90,0.4321,true,1,159975
7702018468447,false,גילט בלו 2 פלוס סכינים חד פעמיים עשירייה,פרוקטר אנד גמבל,,עשיריית סכיני בלו 2,Unknown,10.00,יחידה,false,,29.90,2.9900,true,1,167419
7702018980833,false,"ג'ילט ג'ל גילוח סירייס מועשר בלחות - 200 מ""ל",פרוקטר אנד גמבל,,ג'ל גילוח מרכך מטפל,מיליליטרים,200.00,"100 מ""ל",false,,20.90,0.1045,true,1,167420
7702024074625,false,פיטנס - חטיפי קרקר חיטה מלאה 234 גרם,קומסטיבלס לה רוזה אס.איי,,פיטנס חטיפי קרקר חיט,גרמים,234.00,100 גרם,false,,11.90,0.0509,true,1,159976
7702174073783,false,סוכריות על מקל בטעם קולה במילוי גומי לעיסה,הדקלאים אגודת שיתופי,,לקקן פופ קולה 10 יחי,Unknown,10.00,יחידה,false,,9.90,0.9900,true,1,163543
7777555502077,false,תרווד נירוסטה איכותי,דגש,,תרווד נירוסטה איכותי,Unknown,1.00,יחידה,false,,15.00,15.0000,true,1,168512
7777555504101,false,מטרייה קפיצית משופרת,,,מטרייה קפיצית משופרת,Unknown,1.00,יחידה,false,,16.90,16.9000,true,1,168532
7777555509625,false,מברשת לניקוי איכותית,,,מברשת לניקוי איכותית,Unknown,1.00,יחידה,false,,14.90,14.9000,true,1,168585
7777555510799,false,זוג דבק 3 שניות חזק במיוחד כ-3 גרם ליחידה (פ=24),,,זוג דבק 3 שניות,גרמים,6.00,100 גרם,false,,6.90,1.1500,true,1,168620
7777555510836,false,סט 3 קופסאות אחסון,,,סט 3 קופסאות אחסון,Unknown,3.00,יחידה,false,,29.90,9.9667,true,1,168623
7777555511796,false,קולבי קטיפה,,,קולבי קטיפה,Unknown,1.00,יחידה,false,,9.90,9.9000,true,1,168649
7777555513707,false,מערוך,,,מערוך,Unknown,1.00,יחידה,false,,29.90,29.9000,true,1,168706
7777884400105,false,קערת נרוסטה S,,,קערת נרוסטה S,Unknown,1.00,יחידה,false,,10.90,10.9000,true,1,168813
7777886600084,false,שישיית מזלגות,,,שישיית מזלגות,Unknown,1.00,יחידה,false,,9.90,9.9000,true,1,168819
7777886600145,false,פינצטה יפנית,,,פינצטה יפנית,Unknown,1.00,יחידה,false,,19.90,19.9000,true,1,168824
7777886600664,false,שלישית כפיות לימונדה,,,שלישית כפיות לימונדה,Unknown,1.00,יחידה,false,,6.90,6.9000,true,1,168843
7777886600695,false,מברשת שירותים,,,מברשת שירותים,Unknown,1.00,יחידה,false,,7.90,7.9000,true,1,168845
7777886600732,false,קליפסים ארוכים לשקיות,,,קליפסים ארוכים לשקיו,Unknown,1.00,יחידה,false,,6.90,6.9000,true,1,168848
7777886602347,false,מטאטא פיורנטינה,,,מטאטא פיורנטינה,Unknown,1.00,יחידה,false,,24.90,24.9000,true,1,168875
7777886602361,false,יעה+ מברשת,,,יעה+ מברשת,Unknown,1.00,יחידה,false,,14.90,14.9000,true,1,168877
7777886602637,false,מטאטא סלקטה,,,מטאטא סלקטה,Unknown,1.00,יחידה,false,,15.90,15.9000,true,1,168886
7777886602644,false,מטאטא פרימיולה,,,מטאטא פרימיולה,Unknown,1.00,יחידה,false,,24.90,24.9000,true,1,168887
7777886604891,false,מחבת יציקה איכותית 20 סדרת עץ,,,מחבת יציקה איכותית 2,Unknown,1.00,יחידה,false,,44.90,44.9000,true,1,168932
7777886605225,false,קולפן מקצועי רב שימושי,,,קולפן מקצועי רב שימו,Unknown,1.00,יחידה,false,,19.90,19.9000,true,1,168948
7777886605768,false,יעה פס גומי,,,יעה פס גומי,Unknown,1.00,יחידה,false,,5.00,5.0000,true,1,168974
7777887755554,false,סט סכינים רב שימושיות רמי לוי,,,סט סכינים רב שימושיו,Unknown,1.00,יחידה,false,,19.90,19.9000,true,1,168988
7798378440018,false,אוכמניות יחידה,אראל תוצרת חקלאית בע,,אוכמניות יחידה,גרמים,125.00,100 גרם,false,,19.90,0.1592,true,1,188382
7798382150019,false,אוכמניות טריות 125גרם,אראל תוצרת חקלאית בע,,אוכמניות יחידה,גרמים,125.00,100 גרם,false,,19.90,0.1592,true,1,190014
7804414000860,false,יין דון חוליו קברנה סוביניון,צ'ילה לואיס פיליפה אדוארדס,,יין דון חוליו קברנה,מיליליטרים,750.00,"100 מ""ל",false,,31.50,0.0420,true,1,163076
7804414000877,false,"יין דון חוליו מרלו 750 מ""ל",צ'ילה לואיס פיליפה אדוארדס,,יין מרלו דון חוליו ה,מיליליטרים,750.00,"100 מ""ל",false,,31.50,0.0420,true,1,163077
7804414000884,false,"דון חוליו שרדונה 750 מ""ל",צ'ילה לואיס פיליפה אדוארדס,,יין לבן יבש שרדונה ד,מיליליטרים,750.00,"100 מ""ל",false,,31.50,0.0420,true,1,163078
7804414001614,false,"דון חוליו שיראז 750 מ""ל",צ'ילה לואיס פיליפה אדוארדס,,יין אדום שיראז דון ח,מיליליטרים,750.00,"100 מ""ל",false,,31.50,0.0420,true,1,172837
7804414012344,false,דון חוליו סוביניון בלאן,צ'ילה לואיס פיליפה א,,יין לבן יבש סוביניון,מיליליטרים,750.00,"100 מ""ל",false,,31.50,0.0420,true,1,163079
7804414012351,false,דון חוליו מלבק יין א,צ'ילה לואיס פיליפה א,,יין אדום יבש מלבק דו,מיליליטרים,750.00,"100 מ""ל",false,,31.50,0.0420,true,1,172838
7804414012368,false,דון חוליו יין רוזה ח,לואיס פליפה אדוארדס,,יין אדום רוזה דון חו,מיליליטרים,750.00,"100 מ""ל",false,,31.50,0.0420,true,1,163080
7804651030026,false,אוכמניות טריות יחידה,ALFABERRIES,,אוכמניות יחידה,גרמים,125.00,100 גרם,false,,19.90,0.1592,true,1,187910
7804667480082,false,אוכמניות יחידה,,,אוכמניות יחידה,גרמים,125.00,100 גרם,false,,19.90,0.1592,true,1,185478
7809530602189,false,אוכמניות יחידה,,,אוכמניות יחידה,גרמים,125.00,100 גרם,false,,19.90,0.1592,true,1,169642
7891024030974,false,"קולגייט משחת שיניים טריפל אקשן 75 מ""ל",הנסיך- מפעל לייצור ט,,קולגייט טריפל אקשן 7,מיליליטרים,75.00,"100 מ""ל",false,,6.90,0.0920,true,1,165149
7891024124826,false,"משחת שיניים אופטיק ווייט קולגייט 75 מ""ל",הנסיך- מפעל לייצור ט,,משחת שיניים קולגייט,מיליליטרים,75.00,"100 מ""ל",false,,19.90,0.2653,true,1,165150
8000070081000,false,לוואצה הורמוניקו מס' 8קפסולות לקפה 50 גרם,לאוג'\י לוואצה אס.פי.אי,,קפסולות הרמוניקו חוז,Unknown,10.00,יחידה,false,,19.90,1.9900,true,1,163544
8000070081017,false,קפסולות לוואצה דיציו 10 נספרסו 50 גר,לאוג'\י לוואצה אס.פי.אי,,קפסולות קפה דיצ'ו חו,Unknown,11.00,יחידה,false,,19.90,1.8091,true,1,163545
8000070081154,false,קפסולות קפה אספרסו לג'רו 4 10 יחידות,לאוג'\י לוואצה אס.פי.אי,,קפסולות קפה לג'רו חו,Unknown,12.00,יחידה,false,,19.90,1.6583,true,1,163547
8000215202406,false,מעדן אורז בטעם שוקו אורגני 400 גרם,בטר אנד דיפרנט,,מעדן אורז אורגני ביו,גרמים,400.00,100 גרם,false,,16.90,0.0422,true,1,169292
8000215204219,false,ויטאריז משקה אורז אורגני 1 ליטר,בטר אנד דיפרנט,,משקה אורז ביו אורגני,מיליליטרים,1000.00,"100 מ""ל",false,,13.90,0.0139,true,1,169294
8000215204240,false,ויטאריז משקה שקדים ואורז אורגני 1 ליטר,בטר אנד דיפרנט,,משקה אורז ושקדים ביו,מיליליטרים,1000.00,"100 מ""ל",false,,13.90,0.0139,true,1,169295
8000215204394,false,"משקה אורז אורגני אגוז לוז ""נטורפוד""",בטר אנד דיפרנט,,משקה אורז ואגוזי לוז,מיליליטרים,1000.00,"100 מ""ל",false,,17.90,0.0179,true,1,169301
8000215204554,false,ויטאריז משקה אורז קוקוס אורגני 1 ליטר,אלינור,,משקה קוקוס ויטאריז 1,מיליליטרים,1000.00,"100 מ""ל",false,,13.90,0.0139,true,1,169302
8000215204561,false,ויטסי משקה שקדים אורגני 1 ליטר,בטר אנד דיפרנט,,משקה שקדים אורגני ול,מיליליטרים,1000.00,"100 מ""ל",false,,16.90,0.0169,true,1,169303
8000215204653,false,משקה סויה אורגני 1ליטר,בטר אנד דיפרנט,,משקה סויה ויטאסי 1 ל,מיליליטרים,1000.00,"100 מ""ל",false,,12.90,0.0129,true,1,169305
8000215204714,false,משקה שיבולת שועל אורגני 1 ליטר PRIMAVENA,בטר אנד דיפרנט,,משקה שיבולת שועל אור,מיליליטרים,1000.00,"100 מ""ל",false,,14.50,0.0145,true,1,169306
8000300359992,false,פרוג'ינה שוקולד מריר,,,פרוג'ינה שוקולד מריר,,1.00,יח,false,,11.90,11.9000,true,1,188197
8000300389067,false,בונ.באצ'י פרימיום שק125ג,באצי פרוגינה איטליה,,שקית באצ'י 125 גרם,גרמים,125.00,100 גרם,false,,19.90,0.1592,true,1,188195
8000320010088,false,"רוטב עגבניות במרקם גס 680 מ""ל MUTTI",קונסרב,,פסאטה צ'יריו במרקם ג,מיליליטרים,680.00,"100 מ""ל",false,,11.90,0.0175,true,1,187882
8000320010095,false,"רוטב עגבניות במרקם עדין 700 מ""ל MUTTI",קונסרב,,פסאטה צ'יריו במרקם ע,מיליליטרים,700.00,"100 מ""ל",false,,11.90,0.0170,true,1,187883
8000380003723,false,וופל אגוזים בציפוי שוקולד לואקר 100 גרם,קריניציה ויטמינה אס,,לואקר גרנד פטיסרי אג,גרמים,100.00,100 גרם,false,,12.90,0.1290,true,1,163549
8000380003754,false,וופל גראן פטיסרי Gran Pasticceria קפוצ'ינו,"כד בני דרום בע""מ",,גרנד פטיסרי קפוצ'ינו,גרמים,100.00,100 גרם,false,,12.90,0.1290,true,1,163550
8000380003761,false,וופל גרנד פטיסרי שוקולד וקוקוס לואקר 100 גרם,קריניציה ויטמינה אס,,לואקר גרנד פטיסרי קו,גרמים,100.00,100 גרם,false,,12.90,0.1290,true,1,163551
8000380004669,false,וופל לואקר סנדוויץ קוביות ושוקולד 200ג',"א. לואקר, קונפקט ג'י",,ופל קוביות קקאו לואק,גרמים,200.00,100 גרם,false,,12.90,0.0645,true,1,163552
8000380004881,false,וופל קוארדטיני לואקר קוביות טרמיסו 220ג',קריניציה ויטמינה אס,,קואדרטיני טרמיסו 220,גרמים,220.00,100 גרם,false,,14.90,0.0677,true,1,163554
8000380004911,false,קוביות וופל קואדרטיני Quadratini קרם אגוזים,קריניציה ויטמינה אס,,קואדרטיני אגוז 250 ג,גרמים,250.00,100 גרם,false,,14.90,0.0596,true,1,163555
8000380004942,false,וופל לואקר קוארדטיני קוביות ווניל 250ג',ליימן מותגים,,קואדרטיני וניל 250 ג,גרמים,250.00,100 גרם,false,,14.90,0.0596,true,1,163556
8000380004966,false,וופל קוארדטיני לואקר קוביות שוקולד 250ג',קריניציה ויטמינה אס,,קואדרטיני שוקולד 250,גרמים,250.00,100 גרם,false,,14.90,0.0596,true,1,163557
8000380007264,false,וופלים בטעם קקאו לואקר 175 גרם,קריניציה ויטמינה אס,,ופלים שוקולד קרם קקא,גרמים,175.00,100 גרם,false,,11.90,0.0680,true,1,174334
8000380007271,false,וופל במילוי קרם חלב לואקר 175 גרם,ליימן מותגים,,וופל במילוי קרם חלב,גרמים,175.00,100 גרם,false,,11.90,0.0680,true,1,174335
8000380144044,false,גרדנה וופל מצופה שוקולד חלב לואקר 200 גרם,"א. לואקר , AG/SpA, ו",,גרדנה שוקולד 200 גרם,גרמים,200.00,100 גרם,false,,13.90,0.0695,true,1,163562
8000380148035,false,וופל אגוזי לוג שוקולד מריר גראן פטיסרי Gran Pasticceria,קריניציה ויטמינה אס,,ופל גרנד פטיסרי מריר,גרמים,100.00,100 גרם,false,,12.90,0.1290,true,1,163563
8000380152704,false,מארז חטיפי אצבעות גרדנה אגוז לואקר 125 גרם,"אינסטנטה בע""מ",,וופל גרדנה אגוז 125,גרמים,125.00,100 גרם,false,,18.90,0.1512,true,1,184533
8000380153442,false,וופל קלאסיק בטעם אגוזים לואקר 90 גרם,ליימן שליסל,,לואקר בטעם אגוז 90 ג,גרמים,90.00,100 גרם,false,,5.00,0.0556,true,1,163564
8000380153466,false,וופל קלאסיק בטעם קקאו לואקר 90 גרם,קריניציה ויטמינה אס,,לואקר בטעם קקאו 90 ג,גרמים,90.00,100 גרם,false,,5.00,0.0556,true,1,163565
8000380180721,false,לואקר וופל קקאו במילוי קרם חלבי 175 גר,קריניציה ויטמינה אס,,ופל קקאו במילוי קרם,גרמים,175.00,100 גרם,false,,11.90,0.0680,true,1,174341
8000380187300,false,עוגיות חמאה עם שוקולד חלב לואקר 120 גר,לואקר Loacker,,לואקר עוגיות פתיתי ש,גרמים,100.00,100 גרם,false,,14.90,0.1490,true,1,163577
8000380192199,false,וופל לואקר דאבל שוקולד 175 גרם,ליימן מותגים,,לואקר דאבל שוקולד 17,גרמים,125.00,100 גרם,false,,11.90,0.0952,true,1,174348
8000380192588,false,וופלים קואדרטיני דאבל שוקולד לואקר 250 גרם,קריניציה ויטמינה אס,,קואדרטיני דאבל שוקול,גרמים,250.00,100 גרם,false,,14.90,0.0596,true,1,163579
8000380201396,false,שוקולד חלב ממולא קרם קרמל ועלי וופל פריכ,ליימן מותגים,,טורטינה 1/6 קרמל,Unknown,6.00,יחידה,false,,16.90,2.8167,true,1,181485
8000380205400,false,וופלים קואדרטיני חמאת בוטנים לואקר 250 גרם,ליימן מותגים,,וופל קואדרטיני חמאת,גרמים,250.00,100 גרם,false,,14.90,0.0596,true,1,186246
8000380206896,false,וופל גרדנה חמאת בוטנים לואקר 200 גרם,ליימן מותגים,,וופל גרדנה חמאת בוטנ,גרמים,200.00,100 גרם,false,,13.90,0.0695,true,1,186248
8000392006132,false,מגב אייפל פטנט,,,מגב אייפל פטנט,Unknown,1.00,יחידה,false,,26.90,26.9000,true,1,169019
8000500023624,false,חטיפי הפי היפו Happy Hippo במילוי קרם חלב וקקאו,פררו - אלבה,,קינדר הפי היפו חמישי,גרמים,103.50,100 גרם,false,,11.90,0.1150,true,1,165916
8000500023976,false,בונבוניירת רפאלו פררו 150 גרם,פררו - אלבה,,רפאלו 150 גרם,גרמים,150.00,100 גרם,false,,14.90,0.0993,true,1,165917
8000500026731,false,שוקולד ביצי הפתעה קינדר שלישייה,פררו אס.פי.אי,,קינדר ביצת הפתעה שלש,גרמים,60.00,100 גרם,false,,14.90,0.2483,true,1,165918
8000500029350,false,מארז וופל מצופה 3יח' *43 גרם קינדר בואנו,פררו - אלבה,,קינדר בואנו שלישיה 3,גרמים,129.00,100 גרם,false,,10.90,0.0845,true,1,165919
8000500037874,false,בונבונרייה פררו רושר 200 גרם,פררו - אלבה,,פררו רושה 200 גרם,גרמים,200.00,100 גרם,false,,24.90,0.1245,true,1,165921
8000500071083,false,אצבעות שוקולד קינדר Kinder שש עשרה יחידות,פררו - אלבה,,קינדר אצבעות שוקולד,גרמים,200.00,100 גרם,false,,11.90,0.0595,true,1,165923
8000500121436,false,מארז קינדר בואנו Kinder Bueno לבן שלוש יחידות,פררו - אלבה,,קינדר בואנו לבן שלשה,גרמים,117.00,100 גרם,false,,10.90,0.0932,true,1,165926
8000500167656,false,קינדר שוקולד עם דגנים סיריאל 94 ג',פררו,,קינדר שוקולד עם דגני,גרמים,94.00,100 גרם,false,,7.90,0.0840,true,1,165932
8000500227848,false,נוטלה - בי רדי אצבעות ביסקוויט במילוי שוקולד 6 יח' * 22 גרם,פררו,,נוטלה בי רדי 6*22 גר,גרמים,132.00,100 גרם,false,,10.90,0.0826,true,1,165937
8000500247167,false,פררו קולקשן - כדורי וופל מצופים 24 יחידו,פררו,,פררו קולקשיון 249.5,גרמים,249.50,100 גרם,false,,43.90,0.1760,true,1,165940
8000500249352,false,קינדר בואנו מיני מיקס שקית 205 ג',פררו - אלבה,,קינדר בואנו מיני מיק,גרמים,205.00,100 גרם,false,,19.90,0.0971,true,1,165941
8000500256213,false,קינדר שוקולד מיני בשקית.,פררו - אלבה,,קינדר שוקולד מיני 12,גרמים,120.00,100 גרם,false,,9.90,0.0825,true,1,165942
8000500267103,false,קינדר דליס עוגת ספוג קקאו במילוי חלבי*10,קינדר Kinder,,קינדר עוגיות אישיות,גרמים,390.00,100 גרם,false,,19.90,0.0510,true,1,165944
8000500269169,false,קינדר קארדס Kinder Cards - חמישייה,קריות זול,,קינדר קרדס 128 גרם,גרמים,128.00,100 גרם,false,,13.90,0.1086,true,1,174030
8000500386941,false,"ממרח קקאו עם אגוזי לוז, 900 גרם",קדבורי,,ממרח קקאו עם אגוזי ל,גרמים,900.00,100 גרם,false,,29.90,0.0332,true,1,186204
8000920704974,false,"בן אנד ג'ריס שוקולד בראוניס 150 מ""ל",מוצרי איכות אמריקאיי,,שוקולד בראוניס 150 מ,גרמים,150.00,100 גרם,false,,9.90,0.0660,true,1,167623
8001090493637,false,"הד אנד שולדרס שמפו אולטרא טוטאל קר 450 מ""ל",הד אנד שולדרס H&S,,הד אנד שולדרס שמפו א,מיליליטרים,450.00,"100 מ""ל",false,,19.90,0.0442,true,1,167426
8001090721099,false,טבליות ג'ל לכביסה 3 ב-1 בניחוח אביב הרים,פרוקטר אנד גמבל,,אריאל קפסולות ג'ל 27,Unknown,27.00,יחידה,false,,34.90,1.2926,true,1,167427
8001090832450,false,"שמפו פנטן הנוסחה הקלאסית 660 מ""ל",פרוקטר אנד גמבל,,פנטן שמפו נוסחה קלאס,מיליליטרים,660.00,"100 מ""ל",false,,20.90,0.0317,true,1,167431
8001090832535,false,"שמפו פנטן שמן מרוקאי משקם 660 מ""ל",פרוקטר אנד גמבל,,פנטן שמפו שמן מרוקאי,מיליליטרים,660.00,"100 מ""ל",false,,20.90,0.0317,true,1,167432
8001090832573,false,"שמפו פנטן לחות מוגברת 660 מ""ל",פרוקטר אנד גמבל,,פנטן שמפו לחות מוגבר,מיליליטרים,660.00,"100 מ""ל",false,,20.90,0.0317,true,1,167433
8001090832818,false,מרכך פנטן הנוסחה הקלאסית לשיער רגיל ומעורב,פרוקטר אנד גמבל,,פנטן מרכך נוסחה קלאס,מיליליטרים,660.00,"100 מ""ל",false,,20.90,0.0317,true,1,167437
8001090832856,false,"פנטן 660 מ""ל קונדישינר מרוקאי משקם",פרוקטר אנד גמבל,,פנטן מרכך מרוקאי משק,מיליליטרים,660.00,"100 מ""ל",false,,20.90,0.0317,true,1,167438
8001090832894,false,מרכך לשיער חלש ופגום לחות מוגברת,פרוקטר אנד גמבל,,פנטן מרכך לחות מוגבר,מיליליטרים,660.00,"100 מ""ל",false,,20.90,0.0317,true,1,167439
8001090832931,false,"פנטן 660 מ""ל קונדישינר למגע רך כמשי",פרוקטר אנד גמבל,,פנטן מרכך למגע רך כמ,מיליליטרים,660.00,"100 מ""ל",false,,20.90,0.0317,true,1,167440
8001090833167,false,גל כביסה אריאל בניחוח הרים 2.365 ליטר,פרוקטור אנד גמבל,,אריאל ג'ל כביסה ניחו,מיליליטרים,2365.00,"100 מ""ל",false,,32.90,0.0139,true,1,167443
8001090833198,false,אריאל נוזל כביסה 2.47 ליטר ניחוח מרענן,פרוקטור אנד גמבל,,אריאל ג'ל כביסה ניחו,מיליליטרים,2365.00,"100 מ""ל",false,,32.90,0.0139,true,1,167444
8001090899194,false,תחבושות אולוויז פלטינום נורמל 24 יחידות,פרוקטר אנד גמבל,,תחבושות אולוויז פלטי,גרמים,156.00,100 גרם,false,,19.90,0.1276,true,1,167446
8001090899224,false,תחבושות אולוויז פלטינום לונג 20 יחידות,פרוקטר אנד גמבל,,תחבושות אולוויז פלטי,גרמים,132.00,100 גרם,false,,19.90,0.1508,true,1,167447
8001090899255,false,תחבושות אולוויז פלטינום לילה 16 יחידות,פרוקטר אנד גמבל,,תחבושות אולוויז פלטי,גרמים,120.00,100 גרם,false,,19.90,0.1658,true,1,167448
8001160000888,false,"גטורייד משקה ספורט תפוז 500 מ""ל",אקווה מינרלה סאן בנדטו,,גטורייד ספורט תפוז 5,מיליליטרים,500.00,"100 מ""ל",false,,10.40,0.0208,true,1,162235
8001160001786,false,"משקה אנרגיה גטורייד ספורט כחול 500מ""ל",אקווה מינרלה סאן בנדטו,,גטורייד ספורט כחול 5,מיליליטרים,500.00,"100 מ""ל",false,,10.40,0.0208,true,1,162236
8001440118944,false,שלישיית עגבניות פולפה צ'יריו 400 גרם,דיפלומט,,שלישיית עגבניות פולפ,גרמים,1200.00,100 גרם,false,,15.90,0.0133,true,1,187884
8001620015612,false,"משקה פירות פרוטה-גזר תפוז לימון 400 מ""ל סאן בנדטו",אקווה מינרלה סאן בנדטו ב,,סן בנדטו גזר תפוז לי,מיליליטרים,400.00,"100 מ""ל",false,,7.30,0.0182,true,1,181782
8001620015629,false,"משקה פירות בטעם תפוז ותפוז אדום 400 מ""ל פרוטה",אקווה מינרלה סאן בנדטו ב,,סן בנדטו תפוז ותפוז,מיליליטרים,400.00,"100 מ""ל",false,,7.30,0.0182,true,1,184699
8001620015636,false,"משקה פירות פרוטה-מיקס פירות 400 מ""ל סאן בנדטו",אקווה מינרלה סאן בנדטו ב,,סן בנדטו מיקס פירות,מיליליטרים,400.00,"100 מ""ל",false,,7.30,0.0182,true,1,181783
8001620018408,false,"משקה פירות בטעם מנגו תפוח 400 מ""ל פרוטה",אקווה מינרלה סאן בנדטו ב,,סן בנדטו מנגו תפוח 4,מיליליטרים,400.00,"100 מ""ל",false,,7.30,0.0182,true,1,184700
8001620019160,false,"סן בנדטו מים מינרלים בטעם אפרסק 500 מ""ל",אקווה מינרלה סאן בנדטו ב,,סן בנדטו אפרסק 400 מ,מיליליטרים,400.00,"100 מ""ל",false,,6.90,0.0172,true,1,186749
8001620019177,false,"סן בנדטו מים מינרלים בטעם ענבים 500 מ""ל",אקווה מינרלה סאן בנדטו ב,,סן בנדטו ענבים 400 מ,מיליליטרים,400.00,"100 מ""ל",false,,6.90,0.0172,true,1,186750
8001841006710,false,לנור כדוריות הריח בניחוח רענן 210 גרם,פרוקטר אנד גמבל,,לנור כדוריות הבושם ב,גרמים,210.00,100 גרם,false,,26.90,0.1281,true,1,183712
8001841062624,false,מארז מגבוני פמפרס ללא בישום - רביעייה,פרוקטר אנד גמבל.,,מגבונים לחים ללא ביש,גרמים,1237.00,100 גרם,false,,19.90,0.0161,true,1,182336
8001841077949,false,מארז מגבוני פמפרס בניחוח מרענן - רביעייה,פרוקטר אנד גמבל,,מארז מגבונים בניחוח,גרמים,1236.00,100 גרם,false,,19.90,0.0161,true,1,182337
8001841625461,false,סבון כלים פלטינום X3 פעולות להסרת שומנים,פרוקטר אנד גמבל,,נוזל לניקוי כלים פלט,מיליליטרים,515.00,"100 מ""ל",false,,10.90,0.0212,true,1,167460
8001841663692,false,נוזל כלים פיירי אקסט,,,נוזל כלים פיירי אקסט,מיליליטרים,900.00,"100 מ""ל",false,,12.50,0.0139,true,1,186095
8001841669465,false,קפסולות לכביסה אריאל בניחוח לנור 24 יחידות,פרוקטר אנד גמבל,,אריאל קפס' בניחוח לנ,גרמים,720.00,100 גרם,false,,34.90,0.0485,true,1,181674
8001841680989,false,מגן תחתון אולוויז מגה פק פרו פרש לארג' 60 יחי,פרוקטר אנד גמבל,,מגן תחתון אולוויז מג,גרמים,214.00,100 גרם,false,,19.90,0.0930,true,1,167462
8001841958460,false,פיירי טבליות למדיח אורגינל הכל באחד - מארז 48 יח',פרוקטר אנד גמבל,,פיירי טבליות למדיח פ,Unknown,48.00,יחידה,false,,39.90,0.8312,true,1,167464
8001841960081,false,פיירי טבליות למדיח פלטינום הכל באחד - מארז 37 יח',פרוקטר אנד גמבל,,פיירי טבליות למדיח פ,Unknown,37.00,יחידה,false,,39.90,1.0784,true,1,167465
8001931120944,false,"פסטה קן לציפור דק, 500 גרם",GUACCI,,פסטה קן לציפור דק 50,גרמים,500.00,100 גרם,false,,7.90,0.0158,true,1,188064
8002267002270,false,פולרטי חטיפי קרח 400 מל,שסטוביץ,,פולרטי חטיפי קרח 400,גרמים,400.00,100 גרם,false,,8.90,0.0223,true,1,163583
8002270436581,false,"שישיית מים סאן פלגרינו פלסט 500 מ""ל",סן פלגרינו,,מים מינרליים סן פלגר,מיליליטרים,3000.00,"100 מ""ל",false,,25.90,0.0086,true,1,188118
8002270846472,false,סן פלגרינו מים מינרליים טבעיים מוגזים,סן-פלגרינו,,מים מינרליים סן פלגר,מיליליטרים,500.00,"100 מ""ל",false,,4.90,0.0098,true,1,188215
8002270866524,false,סן פלגרינו מים מינרליים טבעיים מוגזים,סן פלגרינו San Pellegrino,,סאן פלגרינו 1 ליטר ב,מיליליטרים,1000.00,"100 מ""ל",false,,9.90,0.0099,true,1,162239
8002450201008,false,"רספברי ספרקלטיני 750 מ""ל",איטליה בוסקה,,"ורדי רסברי 750 מ""ל",מיליליטרים,750.00,"100 מ""ל",false,,24.90,0.0332,true,1,172839
8002450205006,false,משקה כהלי מוגז ורדי,איטליה בוסקה,,"ורדי תות שדה 750 מ""ל",מיליליטרים,750.00,"100 מ""ל",false,,24.90,0.0332,true,1,172840
8002450206003,false,ורדי רימונים ספרקלטיני,"איי, בי, אינבוו",,"ורדי רימונים 750 מ""ל",מיליליטרים,750.00,"100 מ""ל",false,,24.90,0.0332,true,1,163082
8003340091280,false,לינדט לינדור בונבוניירה 60% מוצקי קקאו 200 גרם,לינדט ושפרונגלי קילשברג,,לינדור בונ' 60% 200,גרמים,200.00,100 גרם,false,,29.90,0.1495,true,1,184329
8004030022010,false,ירקות גינה עם טונה ריו מרה אינסלטיסימי 160 ג',"בולטון אלימנטרי בע""\מ",,סלט ירקות גינה עם טו,גרמים,160.00,100 גרם,false,,15.90,0.0994,true,1,165153
8004030026018,false,"מקסיקני עם טונה ריו מרה אינסלטיסימי, 160 ג'","בולטון אלימנטרי בע""\מ",,סלט ירקות שעועית ותי,גרמים,160.00,100 גרם,false,,15.90,0.0994,true,1,165154
8004030044005,false,נתחי טונה בהירה בשמן זית ריו מרה 112גרם,"בולטון אלימנטרי בע""\מ",,טונה בהירה בשמן זית,גרמים,160.00,100 גרם,false,,16.90,0.1056,true,1,165155
8004030102033,false,טונה בשמן זית עם מיץ לימון ופלפל שחור - מארז 3 יח',בולטון אלימנטרי,,נתחי טונה בהירה בשמן,גרמים,240.00,100 גרם,false,,24.90,0.1037,true,1,165156
8004708048779,false,מלח ורוד במטחנה 190 גרם,דרוגיה ואלימנטרי אס.אר.א,,מלח ורוד במטחנה ארומ,גרמים,190.00,100 גרם,false,,28.90,0.1521,true,1,183704
8004800004802,false,לאגו פלאסיר גליליוופל קרם דומדמניות 100 גרם,לגו גרופ ס.פ.א.,,גלילי ופל במילוי קרם,גרמים,100.00,100 גרם,false,,11.90,0.1190,true,1,187737
8004800004826,false,לאגו פלאסיר - וופלים במילוי קרם קוקוס שוקולד מריר - 98ג,לגו גרופ ס.פ.א.,,וופלים מצופים בשוקול,גרמים,98.00,100 גרם,false,,11.90,0.1214,true,1,187739
8004800005519,false,וופל רול גלילי במילוי קרם אגוזי לוז- 125 ג' לאגו,לגו גרופ ס.פ.א.,,גלילי ופל במילוי קרם,גרמים,125.00,100 גרם,false,,10.90,0.0872,true,1,187741
8005110200014,false,רסק עגבניות 210 ג' CONCENTRATO MUTTI,"איי, בי, אינבוו",,רסק עגבניות 22° בתוס,גרמים,210.00,100 גרם,false,,8.50,0.0405,true,1,165267
8005200256587,false,נסטי - תה קר בטעם אפרסק 1.5 ליטר,מפעל סאנפלגרינו S.P.A,,נסטי אפרסק 1.5 ליטר,מיליליטרים,1500.00,"100 מ""ל",false,,8.90,0.0059,true,1,184580
8005200286584,false,נסטי- תה קר - בטעם מנגו אננס 1.5 ליטר,מפעל סאנפלגרינו S.P.A,,נסטי מנגו אננס 1.5 ל,מיליליטרים,1500.00,"100 מ""ל",false,,8.90,0.0059,true,1,184581
8005200316588,false,תה קר דיאט בטעם אפרסק נסטי 1.5 ליטר,מפעל סאנפלגרינו s.p.a,,נסטי דיאט אפרסק 1.5,מיליליטרים,1500.00,"100 מ""ל",false,,8.90,0.0059,true,1,184582
8005200486526,false,"נסטי, תה קר בטעם אפרסק 500 מל",מפעל סאנפלגרינו S.p.,,נסטי אפרסק בקבוק 500,מיליליטרים,500.00,"100 מ""ל",false,,7.80,0.0156,true,1,162241
8006540112823,false,"לנור מרכך כביסה מרוכז בניחוח האוקיינוס 900 מ""ל",פרוקטר אנד גמבל,,לנור מרכך מרוכז בניח,מיליליטרים,900.00,"100 מ""ל",false,,15.90,0.0177,true,1,181787
8006540112854,false,"לנור מרכך כביסה מרוכז בניחוח סחלב 900 מ""ל",פרוקטר אנד גמבל,,לנור מרכך מרוכז בניח,מיליליטרים,900.00,"100 מ""ל",false,,15.90,0.0177,true,1,181788
8006540425930,false,אריאל קפסולות לכביסה ג'ל 24 יח' לכתמים קשים,פרוקטר אנד גמבל,,קפסולות לכתמים קשים,גרמים,681.00,100 גרם,false,,34.90,0.0512,true,1,184797
8008698002049,false,קרקרים עגולים 175 גרם ללא גלוטן,ס.ר.ל פוסטל,,קרקר עגול ללא גלוטן,גרמים,175.00,100 גרם,false,,19.90,0.1137,true,1,188020
8008698003503,false,עוגיות שיבולת שועל עם צימוקים 250 גר,"דר שר ס.ר.ל פוסטל, א",,קרקר אפוי ללא גלוטן,גרמים,210.00,100 גרם,false,,28.90,0.1376,true,1,188021
8008698013021,false,עוגיות ללא גלוטן עם שבבי שוקולד מריר,דר שר פוסטל,,עוגיות שוקולד ציפס מ,גרמים,100.00,100 גרם,false,,10.90,0.1090,true,1,188029
8008698032084,false,עוגיות מיני וחברים ללא גלוטן 125גרם שר - MINI FRIENDS,,,עוגיות מיני וחברים ל,גרמים,125.00,100 גרם,false,,11.90,0.0952,true,1,188030
8008698033876,false,קרקרים בתוספת דגנים ללא גלוטן 210גרם CEREAL CRACKERS,,,קרקרים בתוספת דגנים,גרמים,210.00,100 גרם,false,,22.90,0.1090,true,1,188031
8008698054109,false,מילוי גריס - ממרח אגוזי לוז עם קקאו בתוספות מקלות 52 גרם,"ד""ר שר ס.ר.ל",,מילי גריס שר 52 גרם,גרמים,52.00,100 גרם,false,,12.90,0.2481,true,1,188032
8008857200057,false,פסטה רג'ייה ספגטי שטוח 500 גר',רגיה,,פסטה לינגוויני פסטה,גרמים,500.00,100 גרם,false,,5.90,0.0118,true,1,171212
8008857200194,false,פסטה רגיה 19 ספגטי תומר 500 גרם,רגיה,,פסטה ספגטי פסטה רג'י,גרמים,500.00,100 גרם,false,,5.90,0.0118,true,1,171213
8008857300344,false,פסטה רגיה 34. צינור תומר 500 גרם,רגיה,,פסטה פנה רג'יאה 500,גרמים,500.00,100 גרם,false,,5.90,0.0118,true,1,171216
8008857300481,false,פסטה רגיה 48 בורג תומר 500 גרם,רגיה,,פסטה פוסילי פסטה רג',גרמים,500.00,100 גרם,false,,5.90,0.0118,true,1,171217
8008857300580,false,פסטה רגיה 58 סהרון תומר 500 גרם,,,פסטה קרניים פסטה רג',גרמים,500.00,100 גרם,false,,5.90,0.0118,true,1,171219
8008857300634,false,פסטה רגיה 19 תלתל תומר 500 גרם,פאסטופיציו אנטוניו,,פסטה קוואטאפי פסטה ר,גרמים,500.00,100 גרם,false,,5.90,0.0118,true,1,171222
8008857300641,false,פסטה ניוקי פסטה רג'י,רגיה,,פסטה ניוקי פסטה רג'י,גרמים,500.00,100 גרם,false,,5.90,0.0118,true,1,171223
8008857601090,false,פסטה קנלוני 250 ג' רג'ייה,פסטה רג'יה Pasta Reggia,,קנלוני רג'יה 250 גרם,גרמים,250.00,100 גרם,false,,7.90,0.0316,true,1,186292
8008912010034,false,ליגורי- ספגטי מספר 3 500גר,פסטה ליגורי,,פסטה ספגטי 3 ליגורי,גרמים,500.00,100 גרם,false,,7.90,0.0158,true,1,184819
8008912010300,false,LIGUORI פסטה פרפלה 500 גרם מספר 30,פסטה ליגורי,,פסטה פרפלה ליגורי 50,גרמים,500.00,100 גרם,false,,7.90,0.0158,true,1,185789
8008912010317,false,LIGUORI פסטה פוזילי 500 גרם מספר 31,פסטה ליגורי,,פסטה פוזילי 31 ליגור,גרמים,500.00,100 גרם,false,,7.90,0.0158,true,1,184821
8008920990250,false,למברוסקו רוזה חצי מת,,,למברוסקו רוזה חצי מת,מיליליטרים,750.00,"100 מ""ל",false,,22.90,0.0305,true,1,166865
8009470006606,false,מעדן טונה ועוף צהוב להשאט 80 גר',,,מזון לחתול מעדן טונה,גרמים,80.00,100 גרם,false,,6.90,0.0863,true,1,172392
8009470009027,false,סימבה שימורים לכלבים עוף והודו 415 ג',אמ.או.אן.ג'י.אי.אמונ,,מזון לח לכלבים בטעם,גרמים,415.00,100 גרם,false,,4.90,0.0118,true,1,172398
8009470009096,false,סימבה שימורי חתולים טעם דגים וטונה 415ג',אמ.או.אן.ג'י.אי.אמונ,,מזון לחתולים בטעם טו,גרמים,415.00,100 גרם,false,,4.90,0.0118,true,1,172401
8009470009225,false,(סימבה מעדן לחתול עוף 100 גר'(222,,,מזון לחתול פטה בטעם,גרמים,100.00,100 גרם,false,,4.50,0.0450,true,1,172405
8009470009232,false,מעדן לחתול דג 100 ג' סימבה,,,מעדן חתולים בטעמים,גרמים,100.00,100 גרם,false,,4.50,0.0450,true,1,188067
8009470009461,false,'פחית סימבה צהוב לבבות וכבדי עוף 85 גר,,,מזון לחתול מעדן טונה,גרמים,80.00,100 גרם,false,,6.90,0.0863,true,1,188072
8010024006010,false,השקד – 100% חמאת שקדים 350 גרם,תות תעשיות מזון (201,,חמאת שקדים 100% השקד,גרמים,350.00,100 גרם,false,,43.90,0.1254,true,1,169312
8024985002783,false,סמוזי נטורה נובה גזר ודלעת 100 גרם,נטורה נובה,,נטורה נובה - סמוזי ג,גרמים,100.00,100 גרם,false,,4.90,0.0490,true,1,169315
8024985002912,false,נטורה נובה סמוזי תפוח אגס בטטה,נטורה נובה,,נטורה נובה - סמוזי ת,גרמים,100.00,100 גרם,false,,4.90,0.0490,true,1,169316
8024985002943,false,סמוזי נטורה נובה תפוח אננס קוקוס 100 גרם,נטורה נובה,,נטורה נובה - סמוזי ת,גרמים,100.00,100 גרם,false,,4.90,0.0490,true,1,169317
8024985002967,false,נטורה נובה-סמוזי בננה תרד 100 גרם,נטורה נובה,,נטורה נובה - סמוזי ב,גרמים,100.00,100 גרם,false,,4.90,0.0490,true,1,169318
8024985005234,false,נטורה נובה סמוזי תפוח אפרסק מנגו 100 גרם,נטורה נובה,,נטורה נובה - סמוזי ת,גרמים,100.00,100 גרם,false,,4.90,0.0490,true,1,169320
8024985005296,false,סמוזי אגס בננה תפוח וקינואה אורגני,נטורה נובה,,נטורה נובה - סמוזי א,גרמים,120.00,100 גרם,false,,6.90,0.0575,true,1,169321
8024985005302,false,סמוזי תפוח רימון פטל אוכמנויות ואסאי אורגני,נטורה נובה,,נטורה נובה - סמוזי ת,גרמים,120.00,100 גרם,false,,6.90,0.0575,true,1,169322
8024985008037,false,סמוזי נטורה נובה סמוצי תפוח 100 גרם,"נטורפוד בע""מ",,נטורה נובה – סמוזי ת,גרמים,100.00,100 גרם,false,,4.90,0.0490,true,1,169323
8024985008044,false,נטורה משקה סמודי אגסים אורגני 100 גר,"נטורפוד בע""מ",,נטורה נובה – סמוזי א,גרמים,100.00,100 גרם,false,,4.90,0.0490,true,1,169324
8032880800243,false,פיקניק הפתעה - אגוזי לוז ומקלות אפויים,"הוסטה איטליה, ס.ר.ל.",,פיקניק הפתעה 50 גרם,גרמים,50.00,100 גרם,false,,7.20,0.1440,true,1,163588
8033413430708,true,בקבוק ספורט מעוצב 2.,,,בקבוק ספורט מעוצב 2.,,0.00,,false,,19.90,0.0000,true,1,186571
8076800195019,false,ברילה - צ.א ספגטי מס1 קפליני 500 גרם,ברילה גי.אי.אר פרטלי ס.פ,,ספגטי מספר 1 קפליני,גרמים,500.00,100 גרם,false,,6.90,0.0138,true,1,165159
8076800195033,false,ברילה - צ.א ספגטיני מס3 חדש 500 גרם,ברילה גי.אי.אר פרטלי ס.פ,,ספגטיני מספר 3 ברילה,גרמים,500.00,100 גרם,false,,6.90,0.0138,true,1,165160
8076800195132,false,ברילה - צ.א בבטה מס13 500 גרם,ברילה גי.אי.אר פרטלי ס.פ,,פסטה בבט מספר 13 ברי,גרמים,500.00,100 גרם,false,,6.90,0.0138,true,1,165163
8076800315097,false,פסטה מקרוני בוקטיני מספר 9 ברילה 500 גרם,ברילה גי.אי.אר פרטלי ס.פ,,ספגטי בוקטיני מספר 9,גרמים,500.00,100 גרם,false,,6.90,0.0138,true,1,165164
8076802085738,false,ברילה - צ.ק פנה רגטה חדש 500 גרם,ברילה גי.אי.אר פרטלי ס.פ,,פסטה פנה רגטה מספר 7,גרמים,500.00,100 גרם,false,,6.90,0.0138,true,1,165166
8076802085837,false,ברילה - צ.ק טורטליוני מס83 500 גרם,הנסיך- מפעל לייצור ט,,פסטה טורטיליוני מספר,גרמים,500.00,100 גרם,false,,6.90,0.0138,true,1,165167
8076802085936,false,ברילה פסטה צ.ק. קונצילה ריגטה חדש,ברילה גי.אי.אר פרטלי ס.פ,,פסטה קונצ'ילי ריגטה,גרמים,500.00,100 גרם,false,,6.90,0.0138,true,1,165168
8076802085981,false,ברילה - צ.ק פוזילי חדש 500 גרם,ברילה גי.אי.אר פרטלי ס.פ,,פסטה פוזילי מספר 98,גרמים,500.00,100 גרם,false,,6.90,0.0138,true,1,165169
8076808060654,false,פסטה פרפלה מספר 65 ברילה 500 גרם,ברילה גי.אי.אר פרטלי ס.פ,,פסטה פרפלה מספר 64 ב,גרמים,500.00,100 גרם,false,,6.90,0.0138,true,1,165171
8076808150072,false,ברילה - צ.א ספגטוני מס7 חדש 500 גרם,ברילה גי.אי.אר פרטלי ס.פ,,פסטה ספגטי מספר 7 בר,גרמים,500.00,100 גרם,false,,6.90,0.0138,true,1,165172
8076809512268,false,פסטה גירנדולה טורסדס מספר 34 ברילה 500 גרם,ברילה גי.אי.אר פרטלי ס.פ,,פסטה גירנדולה מספר 3,גרמים,500.00,100 גרם,false,,6.90,0.0138,true,1,165173
8076809513395,false,ברילה פומודורו רוטב עגבניות קלאסי 400 גר,ברילה גי.אי.אר פרטלי ס.פ,,רוטב עגבניות לפסטה פ,גרמים,400.00,100 גרם,false,,14.90,0.0373,true,1,165175
8076809513692,false,רוטב עגבניות נפולטנה בתוספת ירקות,ברילה גי.אי.אר פרטלי ס.פ,,רוטב עגבניות לפסטה ע,גרמים,400.00,100 גרם,false,,14.90,0.0373,true,1,165177
8076809513739,false,ברילה רוטב עגבניות עם בזיליקום 400 גרם,ברילה גי.אי.אר פרטלי ס.פ,,רוטב עגבניות לפסטה ב,גרמים,400.00,100 גרם,false,,14.90,0.0373,true,1,165179
8076809523561,false,ברילה - רוטב פסטה בטעם טוסקנה 400 גרם,ברילה גי.אי.אר פרטלי ס.פ,,רוטב עגבניות לפסטה ע,גרמים,400.00,100 גרם,false,,14.90,0.0373,true,1,165181
8076809529419,false,ספגטי מחיטה מלאה מס' 5 500 ג' ברילה,ברילה גי. אי. אר פרט,,ברילה פסטה חיטה מלאה,גרמים,500.00,100 גרם,false,,12.90,0.0258,true,1,165183
8076809547956,false,ברילה - צ.ק קיפרי 500 גרם,ברילה ג'.אי.אר פרטלי,,פסטה מרפקים קיפרי אל,גרמים,500.00,100 גרם,false,,6.90,0.0138,true,1,165189
8410076600622,false,חטיפי גרנולה קראנצ'י עם שוקולד מריר נייצ'ר ואלי 210 גרם,ג'נרל מילס סאן אדריאן,,חטיפי גרנולה שוקולד,גרמים,210.00,100 גרם,false,,19.90,0.0948,true,1,163589
8410076610379,false,"חטיף בוטנים, חלבון סויה ושוקולד מריר עם ציפוי בטעם שוקולד",נייצ'ר ואלי Nature Valley,,נייצ'ר וואלי פרוטאין,גרמים,160.00,100 גרם,false,,26.90,0.1681,true,1,163590
8410076610386,false,נייטשר ואלי פרוטאין בוטנים עם ציפוי בטעם קרמל מלוח 160 ג',ג'\נרל מילס סאן אדריאן S,,נייצ'ר וואלי פרוטאין,גרמים,160.00,100 גרם,false,,26.90,0.1681,true,1,163591
8410076621047,false,עוגות אישיות בטעם שוקולד עם חתיכות בטעם שוקולד,"גלאטס סירו בע""\מ",,עוגות אישיות פייבר ו,Unknown,5.00,יחידה,false,,14.90,2.9800,true,1,163597
8410109050882,false,שוקולד מריר 70% ללא,LAVDAS,,שוקולד מריר 70% ללא,גרמים,100.00,100 גרם,false,,12.90,0.1290,true,1,183696
8410109056532,false,ואלור טב שוק מריר במילוי טראפלס 100 ג,LAVDAS,,שוקולד מריר במילוי ט,גרמים,100.00,100 גרם,false,,12.90,0.1290,true,1,183698
8410109120523,false,ואלור בונ' פרלינים ג,,,ואלור בונ' פרלינים ג,גרמים,200.00,100 גרם,false,,39.90,0.1995,true,1,187710
8412168008903,false,מחייה 13 משקה כוהלי בטעם אשכולית אדומה,דיסטיליארס לה הורטנה,,ערק מחייה 13 אשכולית,מיליליטרים,700.00,"100 מ""ל",false,,57.20,0.0817,true,1,172888
8420639100018,false,בועות סבון מיקי (דיס,יושלם,,"בועות סבון 55 מ""ל- מ",מיליליטרים,55.00,"100 מ""ל",false,,1.90,0.0345,true,1,165408
8420708012822,false,"גבינת קשקבל ספרדי, 200 גרם",מיוצר עי קונדיטוריית,,קשקבל בשלה 200 גרם,גרמים,200.00,100 גרם,false,,23.90,0.1195,true,1,161118
8420822130624,false,"ספריי סופר מסיר כתמים 750מ""ל יעקבי",קה לורדה,,סופר מסיר כתמים 750,מיליליטרים,750.00,"100 מ""ל",false,,21.90,0.0292,true,1,185056
8423207206495,false,סלים דליס חטיף דגנים מצופה שוקולד מריר מרבה 6*20 גרם,אף.סי תבליני בגליל ב,,חטיף דגנים מלאים מצו,Unknown,1.00,יחידה,false,,10.90,10.9000,true,1,165192
8423207210928,false,חטיף דגנים מצופה שוקולד חלב ואגוזי לוז - 5 במארז,נוטרישן אנד סנטה קוב,,חטיף דגנים מצופה שוק,Unknown,5.00,יחידה,false,,10.90,2.1800,true,1,165197
8423207210942,false,חטיף דגנים מצופה שוקולד לבן ופירות יער,נוטרישן אנד סנטה קוב,,חטיף דגנים מצופה שוק,Unknown,5.00,יחידה,false,,10.90,2.1800,true,1,165198
8423207210980,false,סלים דליס טופינג קליפת תפוז 90 גרם,נוטרישן אנד סנטה קוב,,חטיף דגנים מצופה שוק,Unknown,5.00,יחידה,false,,10.90,2.1800,true,1,165200
8425206000081,false,ריבת חלב מרדל 450 גרם,כלורוקס אוקלנד,,ריבת חלב 450 גרם,גרמים,450.00,100 גרם,false,,20.90,0.0464,true,1,186174
8445290427120,false,דגני פיטנס Fitness שוקולד מריר ובננה,נסטלה צרפת איטנקורט,,פיטנס שוקולד מריר וב,גרמים,330.00,100 גרם,false,,19.90,0.0603,true,1,187733
8594006931328,false,בירה פרימטור ויצן 500 מל צכיה,,,בקבוק פרימטור וויצן,מיליליטרים,500.00,"100 מ""ל",false,,15.30,0.0306,true,1,163084
8683130008355,false,מיונז שום לחיץ אמיתי הלמנס 400 גרם,יוניליוור ישראל שיווק בע,,מיונז עם שום הלמנס 4,גרמים,400.00,100 גרם,false,,14.90,0.0373,true,1,184622
8683130008935,false,"הלמנס קטשיונז 425 גר{הרב רלב""ג}",יוניליוור ישראל שיווק בע,,ממרח קטשיונז הלמנס 4,גרמים,425.00,100 גרם,false,,14.90,0.0351,true,1,184623
8690504081913,false,מקוויטיס טינס מצופה שוקולד חלב 150 גרם,שוורצקוף& הנקל דיסלד,,טינס מצופה שוקולד חל,גרמים,150.00,100 גרם,false,,10.90,0.0727,true,1,170807
8690504081920,false,מקוויטיס טינס מצופה שוקולד מריר 150 גרם,"אולקר ביסקווי סנאי, א.ס.",,טינס מצופה שוקולד מר,גרמים,150.00,100 גרם,false,,10.90,0.0727,true,1,170808
8690504153740,false,גודייבה שוקולד מריר במילוי קרם גנאש 86 גרם,ביסקוט ביסקווי סילבר,,גודייבה מריר 86 גרם,גרמים,86.00,100 גרם,false,,14.90,0.1733,true,1,159105
8690504153849,false,גודייבה שוקולד חלב במילוי קרם בטעם פרלין אגוזים 83 גרם,"אולקר מקבוצת פלאדיס,",,גודייבה חלב מלית אגו,גרמים,83.00,100 גרם,false,,14.90,0.1795,true,1,159108
8690521016882,false,"שמפו דאב דמג תרפי רגיל 400 מ""ל",יוניליוור,,דאב שמפו לשיער רגיל,מיליליטרים,400.00,"100 מ""ל",false,,13.90,0.0348,true,1,161576
8690526019178,false,אי טי אי - וופל קקאו במילוי קרם קוקוס 142 גרם,מולינו ניקולי s.p.a,,וופל קקאו במילוי קרם,גרמים,142.00,100 גרם,false,,8.90,0.0627,true,1,160841
8690526029207,false,אי טי אי - מארז חמישייה וופל במילוי קרם קקאו וחתיכות בוטנים 145 גרם,אתי גידה סאנאי וה טיק .A,,מארז חמישיה וופל במי,גרמים,145.00,100 גרם,false,,9.90,0.0683,true,1,187605
8690526039190,false,אי טי אי - מארז חמישייה וופל במילוי קרם אגוזים וחתיכות בוטנים 145 גרם,אתי גידה סאנאי וה טיק .A,,מארז חמישיה וופל במי,גרמים,145.00,100 גרם,false,,9.90,0.0683,true,1,187606
8690637007705,false,מסטיגם וניל מסטיק על מקל ללא סוכר,"מיוצר ע""י יוניליוור",,מסטיגם,Unknown,1.00,יחידה,false,,5.90,5.9000,true,1,167567
8690637555084,false,"מרכך כביסה מרוכז אקסטרה פריחת התפוז בדין 960 מ""ל",יוניליוור סנאיי וי טיקאר,,מרכך כביסה מרוכז לבן,מיליליטרים,960.00,"100 מ""ל",false,,17.90,0.0186,true,1,161586
8690637688195,false,"תה ירוק קלאסי ליפטון 20 יחידות בד""צ",יונילוור - תורכיה,,תה ירוק קלאסי ליפטון,גרמים,30.00,100 גרם,false,,16.90,0.5633,true,1,161587
8690637799594,false,ליפטון תה ירוק נענע בסגנון מרוקאי 20 שק,בסן בסין סנאיי וי טי,,תה ירוק נענע בסגנון,גרמים,36.00,100 גרם,false,,16.90,0.4694,true,1,161590
8690637835643,false,"תה ירוק לימונית ולאויזה 30 גרם ""ליפטון""",יונילוור - תורכיה,,תה ירוק לימונית לואי,גרמים,30.00,100 גרם,false,,16.90,0.5633,true,1,161592
8690637842382,false,מגנום דאבל פרי יער שטראוס 82 גר,"מיוצר ע""\י יונילוור סנאי",,מגנום דאבל פרי יער,Unknown,1.00,יחידה,false,,9.90,9.9000,true,1,167570
8690637842399,false,מאגדת מגנום מיני דאבל פרי יער שוקולד 6 יח' נסטלה,יוניליוור סנאי וי סי,,מיני מגנום דאבל פרי,Unknown,6.00,יחידה,false,,27.90,4.6500,true,1,167571
8690637858741,false,ג'ל לניקוי כללי בתוספת אקונומיקה בניחוח רוח ים,סיף פנטסטיק Cif Fantastic,,סיף ג'ל אקונומיקה רו,מיליליטרים,750.00,"100 מ""ל",false,,9.90,0.0132,true,1,161594
8690637858758,false,ג'ל לניקוי כללי בתוספת אקונומיקה בניחוח אורנים,סיף פנטסטיק Cif Fantastic,,סיף ג'ל אקונומיקה או,מיליליטרים,750.00,"100 מ""ל",false,,9.90,0.0132,true,1,161595
8690637871245,false,הלמנס מיונז אמיתי 395 גר' בקבוק לחיץ.,"בסטפוד - 3P ארה""ב Fo",,הלמנס מיונז לחיץ 395,גרמים,395.00,100 גרם,false,,14.90,0.0377,true,1,161601
8690637890666,false,מאגדת מגנום מיני דאבל פיסטוק 6 יח' שטראוס,יוניליוור סנאיי וי ט,,מיני מגנום פיסטוק שו,Unknown,6.00,יחידה,false,,27.90,4.6500,true,1,167573
8690637976995,false,"מרכך כביסה מרוכז אקסטרה ורוד סחלבים פראי בדין 960 מ""ל",יוניליוור סנאיי וי טיקאר,,מרכך בדין אקסטרה ורו,מיליליטרים,960.00,"100 מ""ל",false,,17.90,0.0186,true,1,161604
8690637989612,false,שלגון שמנת בטעם וניל עם ריפל בטעם שוקולד 246 גרם,יונילוור סנאיי וי טיג'\,,מגנום מיני דאבל דולצ,Unknown,6.00,יחידה,false,,27.90,4.6500,true,1,181550
8690637989629,false,מגנום דאבל דולצ'ה גולד בטעם וניל עם ריפל בטעם שוקולד 246 גרם,יונילוור סנאיי וי טיג'\,,מגנום דאבל דולצ'ה גו,Unknown,1.00,יחידה,false,,9.90,9.9000,true,1,181547
8690758043019,false,צמרוני אוזניים לתינוקות 60 יח'',,,צמרוני אוזניים לתינו,Unknown,60.00,יחידה,false,,5.10,0.0850,true,1,165649
8690766156367,false,גודייבה שוקולד חלב מעולה 90 גרם,"אולקר מקבוצת פלאדיס,",,שוקולד חלב מעולה 90,גרמים,90.00,100 גרם,false,,14.90,0.1656,true,1,159111
8690766156374,false,גודייבה שוקולד מריר מעולה 72% מוצקי קקאו 72גרם,"אולקר מקבוצת פלאדיס,",,שוקולד מריר מעולה 72,גרמים,90.00,100 גרם,false,,14.90,0.1656,true,1,159112
8690766156381,false,גודייבה שוקולד מריר 90% מוצקי קקאו 90 גרם,"אולקר מקבוצת פלאדיס,",,שוקולד מריר מעולה 90,גרמים,90.00,100 גרם,false,,14.90,0.1656,true,1,159113
8690777204071,false,פלפלים כבושים חריפים סרה 320 גרם,יוליניבר,,פלפל חריף סרה 640 גר,גרמים,640.00,100 גרם,false,,12.90,0.0202,true,1,160692
8690777221405,false,פלפל אדום קלוי סרה ויליפוד 650 גרם,קוראהן פזלרמה וי דיס,,פלפל אדום קלוי סרה 6,גרמים,650.00,100 גרם,false,,12.90,0.0198,true,1,160694
8693323099107,false,מרשמלו לבבות בטעם תות ווניל,ליימן שליסל,,מרשמלו לבבות ורוד לב,גרמים,150.00,100 גרם,false,,6.90,0.0460,true,1,163612
8693495050333,false,"פלמוליב סבון נוזלי לגבר לימון ירוק 500 מ""ל",קולגייט-פלמוליב,,ג'ל רחצה לגבר 2 ב 1,מיליליטרים,500.00,"100 מ""ל",false,,17.90,0.0358,true,1,165204
8697431460064,false,קונפיטורה משמש 70% פרי פרופה 454 גר',פרוטנגו Fruitango,,קונפיטורה 70% מישמש,גרמים,450.00,100 גרם,false,,15.50,0.0344,true,1,171243
8697431460378,false,קונפיטורה 70% שזיף פרופה 450 גרם,פרוטנגו Fruitango,,קונפיטורה 70% שזיף 4,גרמים,450.00,100 גרם,false,,15.50,0.0344,true,1,171245
8697431921701,false,קונפיטורה תות שדה 70% פרי פרופה 454 גר',פרוטנגו Fruitango,,קונפטורה 70% תות שדה,גרמים,450.00,100 גרם,false,,15.50,0.0344,true,1,171246
8697431921718,false,קונפיטורה דובדבן חמוץ 70% פרי פרופה 454 גר',פרוטנגו Fruitango,,קונפיטורה 70% דובדבן,גרמים,450.00,100 גרם,false,,15.50,0.0344,true,1,171247
8697431925143,false,קונפיטורה 70% פירות יער 450 ג' FRUPPA,פרוטנגו Fruitango,,קונפיטורה 70% פירות,גרמים,450.00,100 גרם,false,,15.50,0.0344,true,1,171248
8698996006490,false,מגבות נייר 9ב1 רמילוי,,,מגבות נייר 9ב1,Unknown,1.00,יחידה,false,,13.90,13.9000,true,1,181675
8710502064814,false,עוגיות מרבה שוקולד ציפס במרקם רך 175 גר,בנקטבקריי מרבה בי.וי,,עוגיות שוקולד צ'יפס,גרמים,175.00,100 גרם,false,,8.90,0.0509,true,1,165205
8710502194801,false,"עוגיות שוקלד ציפס רכה פירות יער ""מרבה"" 175 גרם",בנקטבקריי מרבה בי.וי,,עוגיות שוקולד צי'פס,גרמים,175.00,100 גרם,false,,8.90,0.0509,true,1,174842
8710502470028,false,עוגיות שוקולד צ'יפס ממולאות בקרם נוגט,קריניציה ויטמינה אס,,עוגיות שוקולד צ'יפס,גרמים,160.00,100 גרם,false,,8.90,0.0556,true,1,165212
8710908882463,false,תחליב רחצה Invigorating Ritual עם שמן אבוקדו וקלנדולה,יוניליוור פארם,,דאב תחליב רחצה אבוקד,מיליליטרים,500.00,"100 מ""ל",false,,14.90,0.0298,true,1,161615
8711000371176,false,ג'ייקובס קפסולות קפה אספרסו קלאסיקו עוצמה 7,ג'ייקובס דאו אגברטס צרפת,,ג'ייקובס קפסולות קפה,גרמים,52.00,100 גרם,false,,16.90,0.3250,true,1,181268
8711327475618,false,"גלידת מגנום וניל קלאסיק 440 מ""ל","מפעל גלידות בווספרם, רחו",,מגנום פיינט וניל קלא,גרמים,260.00,100 גרם,false,,20.90,0.0804,true,1,167576
8711327475717,false,מגנום פיינט וניל שקדים 260 גרם,"מפעל גלידות בווספרם, רחו",,מגנום פיינט וניל שקד,גרמים,260.00,100 גרם,false,,20.90,0.0804,true,1,167578
8711327475762,false,מגנום פיינט שוקולד לבן עוגיות 260 גרם,"מפעל גלידות בווספרם, רחו",,מגנום פיינט שוקולד ל,גרמים,260.00,100 גרם,false,,20.90,0.0804,true,1,167579
8712000051099,false,"בירה היינקן 0.0 , ללא אלכוהול מארז שישייה","מבשלת היינקן, ריטבלדנברג",,"היינקן 330 מ""ל מארז",מיליליטרים,1980.00,"100 מ""ל",false,,29.90,0.0151,true,1,162245
8712561594240,false,"דאב תחליב רחצה להזנה עמוקה500 מ""ל-מרכז","יוניליוור גרמניה, Gmbh &",,תחליב רחצה הזנה עמוק,מיליליטרים,500.00,"100 מ""ל",false,,14.90,0.0298,true,1,161616
8714599104330,false,ג'ייקובס קפה שחור 85 גרם קלוי וטחון טורקי,ג'ייקובס Jacobs,,ג'ייקובס קפה שחור 85,גרמים,85.00,100 גרם,false,,7.90,0.0929,true,1,160427
8714599410530,false,גייקובס קרונינג שקית רפיל 200 גרם,ג'יי.די.אי.,,ג'ייקובס קרוננג 200,גרמים,200.00,100 גרם,false,,19.90,0.0995,true,1,160428
8714599513866,false,"קפה נמס מיובש בהקפאה קרונג צנצנת ג'ייקובס 200 גרם לל""ס",אל.אל.סי גייקובס דאו,,קפה נמס מיובש בהקפאה,גרמים,200.00,100 גרם,false,,27.90,0.1395,true,1,160434
8714789177229,false,רבעיית מברשות שיניים קולגייט אקסטרה קלין 1 יחידה,הנסיך- מפעל לייצור ט,,מברשת שיניים אקסטרה,Unknown,4.00,יחידה,false,,9.90,2.4750,true,1,165213
8714789930848,false,"משחת שיניים אופטיק וייט הלבנה מיידית קולגייט 75 מ""ל",הנסיך- מפעל לייצור ט,,משחת שיניים אופטיק ו,מיליליטרים,75.00,"100 מ""ל",false,,19.90,0.2653,true,1,165218
8715700110141,false,מיונז קרמי היינץ צנצנת 460ג',ה.י.היינץ הולדינג בי.וי,,ממרח מיונז היינץ 460,גרמים,460.00,100 גרם,false,,10.90,0.0237,true,1,160435
8715700110158,false,היינץ ממרח במרקם קרמי צנצנת 490 גרם,ה.י.היינץ הולדינג בי.וי,,מיונז היינץ לייט צנצ,גרמים,490.00,100 גרם,false,,10.90,0.0222,true,1,160436
8715700117805,false,"קטשופ היינץ מתבל עגבניות ללא תוספת סוכר ומלח 425 מ""ל","ה.י היינץ הולדינג בי.וי,",,היינץ מתבל עגבניות ל,גרמים,400.00,100 גרם,false,,10.90,0.0273,true,1,160438
8715700419732,false,היינץ מתבל עגבניות 700 גרם,ה.י. היינץ,,קטשופ היינץ 700 גרם,גרמים,700.00,100 גרם,false,,10.90,0.0156,true,1,160440
8717163647226,false,"אקס דאודורנט ספריי גוף בלאק 150 מ""ל",ארנסט. רחוב קומבינצק,,דאודורנט ספריי גוף ל,מיליליטרים,150.00,"100 מ""ל",false,,13.90,0.0927,true,1,161624
8717163647240,false,"אקס דאודורנט ספריי גוף לגבר שוקולד 150 מ""ל",יוניליוור גרמניה (בו,,דאודורנט ספריי גוף ל,מיליליטרים,150.00,"100 מ""ל",false,,13.90,0.0927,true,1,161626
8717163647264,false,"אקס דאודורנט ספריי גוף אייס צ'יל 150 מ""ל",יוניליוור אנגליה,,דאודורנט בודי ספריי,מיליליטרים,150.00,"100 מ""ל",false,,13.90,0.0927,true,1,161628
8717163655825,false,"רקסונה דאו' ספריי לנשים בניחוח כותנה, 150 מ""ל","קוסטר אירוסול, גבזה 4140",,דאודורנט ספריי לאישה,מיליליטרים,150.00,"100 מ""ל",false,,12.90,0.0860,true,1,161630
8717644390566,false,סבון מוצר רביעיה תמצית מלפפון ותה ירוק,יוניליוור גרמניה (מנ,,סבון מוצק מלפפונים ד,Unknown,4.00,יחידה,false,,14.90,3.7250,true,1,161631
8717677336616,false,שוקולד מריר עם שקדים ומלח טוניס' שוקולונלי 180 גרם,טוניס/שוקולונלי,,שוקולד מריר שקדים ומ,גרמים,180.00,100 גרם,false,,19.90,0.1106,true,1,184906
8717677336654,false,טוניס - שוקולד חלב מעולה עם שברי קרמל מלוח,טוניס/שוקולונלי,,שוקולד חלב מעולה עם,גרמים,180.00,100 גרם,false,,19.90,0.1106,true,1,187585
8717677338436,false,שוקולד חלב עם אגוזי לוז טוניס' שוקולונלי 180 גרם,טוניס/שוקולונלי,,שוקולד חלב אגוזי לוז,גרמים,180.00,100 גרם,false,,19.90,0.1106,true,1,184909
8718114734484,false,*מבצע* מיונז מאיי 32,יונילבר צרפת,,מיונז מיילי 320 גרם,גרמים,320.00,100 גרם,false,,15.90,0.0497,true,1,161119
8718951159808,false,מברשות שיניים 360 מדיום- מארז שלישייה,קולגייט פלמוליב,,קולגייט מברשת 360 של,Unknown,3.00,יחידה,false,,29.90,9.9667,true,1,165221
8718951166561,false,משחת שיניים לרעננות מוגברת max fresh cooling crystals,הנסיך- מפעל לייצור ט,,קולגייט משחת מקס פרש,מיליליטרים,125.00,"100 מ""ל",false,,18.90,0.1512,true,1,165223
8718951236790,false,"קולגייט טוטאל משחת שיניים קלין מינט לפה בריא 100 מ""ל",קולגייט פלמוליב,,משחת שיניים קלין מינ,מיליליטרים,100.00,"100 מ""ל",false,,16.90,0.1690,true,1,165225
8718951236806,false,"קולגייט טוטאל הלבנה משחת שיניים המסייעת בהסרת כתמים 100 מ""ל",קולגייט Colgate,,משחת שיניים עם פלואו,מיליליטרים,100.00,"100 מ""ל",false,,16.90,0.1690,true,1,165226
8718951264618,false,"קולגייט אופטיק וייט פחם צ'רקול משחת שיניים, 75 מ""ל",קולגייט פלמוליב,,קולגייט אופטיק וייט,מיליליטרים,75.00,"100 מ""ל",false,,30.90,0.4120,true,1,165229
8718951313927,false,"סבון ידיים משאבה פלמוליב חימר טונוס 300 מ""ל",פלמוליב Palmolive,,סבון ידיים חימר טונו,מיליליטרים,300.00,"100 מ""ל",false,,10.90,0.0363,true,1,165231
8718951329126,false,"ליידי ספיד סטיק לסס 150 מ""ל",קולגייט פלמוליב,,דאודורנט ספריי לאשה,מיליליטרים,150.00,"100 מ""ל",false,,19.90,0.1327,true,1,165233
8718951329249,false,ליידי ספיד סטיק פירלס ספריי 150 מל לאשה,קולגייט פלמוליב,,דאודורנט ספריי לאשה,מיליליטרים,150.00,"100 מ""ל",false,,19.90,0.1327,true,1,165235
8718951329300,false,"דאורדורנט ליידי ספייד סטיק לימיטלס 150 מ""ל",קולגייט פלמוליב,,דאודורנט ספריי לאשה,מיליליטרים,150.00,"100 מ""ל",false,,19.90,0.1327,true,1,165237
8718951365865,false,קולגייט זוג מברשות עם סיבי פחם בצפיפות ג,קולגייט פלמוליב,,מברשת שיניים קולגייט,Unknown,1.00,יחידה,false,,33.90,33.9000,true,1,182552
8718951382787,false,"משחת שיניים אופטיק וויט חימר ומינרלים 75 מ""ל קולגייט",קולגייט Colgate,,קולגייט אופטיק וויט,מיליליטרים,75.00,"100 מ""ל",false,,31.90,0.4253,true,1,184973
8719200998001,false,מרגרינה לאפיה ובישול בלי מלח 200 ג' בלו בנד,יוניליוור ישראל מזון בע\,,מרגרינה לאפיה ובישול,גרמים,200.00,100 גרם,false,,4.50,0.0225,true,1,160444
8719200998018,false,מחמאה מרגרינה בטעם חמאה בלובנד 200 גרם,"מיוצר ע""\י יוניליוור ישר",,מחמאה ב.בנד 200 גרם,גרמים,200.00,100 גרם,false,,4.70,0.0235,true,1,160445
8719200998049,false,"מרגרינה מזולה גלורי רגיל 250גר 8 יחידות -כשל""פ","מיוצר ע""\י יוניליוור ישר",,מזולה גלורי רגיל 250,גרמים,250.00,100 גרם,false,,9.90,0.0396,true,1,160447
8719200998094,false,"מרגרינה מזולה לאפיה ללא תוספת מלח 200גר - 40 יח' -כשל""פ","מיוצר ע""\י יוניליוור ישר",,מזולה לאפיה ללא מלח,גרמים,200.00,100 גרם,false,,6.50,0.0325,true,1,160448
8719200998100,false,מרגרינה מזולה לאפיה טעם חמאה 200גר - 40 יח',פארייפאבה אגרואינדוס,,מזולה לאפיה טעם חמאה,גרמים,200.00,100 גרם,false,,6.50,0.0325,true,1,161633
8720181045912,false,"אקס דאודורנט ספריי גוף אפריקה 150 מ""ל","יוניליוור אנגליה, דרך קו",,דאודורנט ספריי לגבר,מיליליטרים,150.00,"100 מ""ל",false,,13.90,0.0927,true,1,181984
8801055707966,false,קפה טייסטר צו'יס נס קפה בריסטה 180ג',לוטה נסטלה קוריאה,,טייסטרס צ'וייס בריסט,גרמים,180.00,100 גרם,false,,31.90,0.1772,true,1,159981
8801055709465,false,אבקה להכנת משקה קפה בטעם קפוצ'ינו וניל,נסטלה קוריאה - קפה,,נסקפה קפוצ'ינו וניל,גרמים,185.00,100 גרם,false,,19.90,0.1076,true,1,185525
8801055709472,false,נסטלה - נסקפה קפוצ'ינו קלאסי 12.50 גרם * 10,נסטלה קוריאה - קפה,,נסקפה קפוצ'ינו קלאסי,גרמים,125.00,100 גרם,false,,19.90,0.1592,true,1,185526
8801055709489,false,אבקה להכנת משקה קפה בטעם קפוצ'ינו אגוזים,נסטלה קוריאה - קפה,,נסקפה קפוצ'ינו אגוזי,גרמים,180.00,100 גרם,false,,19.90,0.1106,true,1,185527
8850180040028,false,קמח טמפורה להכנת בלי,קרנחם אוטאי פחרה,,טמפורה 500 גרם,גרמים,500.00,100 גרם,false,,10.90,0.0218,true,1,163306
8850206250592,false,רוטב צ'ילי סריראצ'ה 540 גרם (מזרח ומערב),יאן וואל יון קו.לטד,,רוטב צ'ילי סיראצ'ה 5,גרמים,530.00,100 גרם,false,,19.90,0.0375,true,1,163307
8850206280049,false,רוטב צ'ילי חריף מיו 250 גרם,יאן וואל יון קו.לטד,,רוטב צ'ילי מיו חריף,מיליליטרים,250.00,"100 מ""ל",false,,17.90,0.0716,true,1,183710
8850367992164,false,קרם קוקוס 250 מל 20-22% ללא חומר משמר,טאפאדונגפורן קוקנט,,"קרם קוקוס 250 מ""ל 20",מיליליטרים,250.00,"100 מ""ל",false,,7.90,0.0316,true,1,163309
8850367994779,false,מחית קארי ירוקה 50 גרם,טאפאדונגפורן קוקינט,,מחית קארי ירוקה 50 ג,גרמים,50.00,100 גרם,false,,5.90,0.1180,true,1,181779
8850367994786,false,מחית קארי אדומה 50 גרם,טאפאדונגפורן קוקינט,,מחית קארי אדומה 50 ג,גרמים,50.00,100 גרם,false,,5.90,0.1180,true,1,181780
8850367994793,false,מחית קארי צהובה 50 גרם,c coconut Theppadungporn,,מחית קארי צהובה 50 ג,גרמים,50.00,100 גרם,false,,5.90,0.1180,true,1,181781
8850389103111,false,סאפי משקה אלוורה בטעם ענבים 300מל,פארייפאבה אגרואינדוס,,סאפה אלוורה בטעם ענב,מיליליטרים,300.00,"100 מ""ל",false,,7.70,0.0257,true,1,162246
8850389105825,false,משקה אלוורה בטעם ענבים סאפה 1 ליטר,סאפה פובליק קומפני לימיט,,סאפה אלוורה ענבים 1,מיליליטרים,1000.00,"100 מ""ל",false,,13.20,0.0132,true,1,162248
8850389105832,false,סאפה משקה אלוורה בטעם תפוח עם קוביות אלוורה 1 ליטר,סאפה פובליק קומפני לימיט,,סאפה אלוורה תפוחים 1,מיליליטרים,1000.00,"100 מ""ל",false,,13.20,0.0132,true,1,162249
8850389105849,false,סאפה משקה אלוורה מופחת קלוריות בטעם אפרסק 1 ליטר,סאפה פובליק קומפני לימיט,,סאפה אלוורה בטעם אפר,מיליליטרים,1000.00,"100 מ""ל",false,,13.20,0.0132,true,1,162250
8850389115312,false,"סאפה אלוורה מלון בקבוק 300 מ""ל",סאפה פובליק קומפני ל,,סאפה מלון בקבוק 300,מיליליטרים,300.00,"100 מ""ל",false,,7.70,0.0257,true,1,162251
8850632604266,false,"יוגטה, ממתק חמוץ בצורת מקלות בטעם קולה, 50 גרם",ג'נרל קנדי בעמ,,חיספוסים מקלות בטעם,גרמים,50.00,100 גרם,false,,4.50,0.0900,true,1,163615
8850632604372,false,"יוגטה, חיספוסים בצורת שטיח בטעם תות שדה 50 גרם",ג'נרל קנדי בעמ,,חיספוסים רצועות תות,גרמים,50.00,100 גרם,false,,4.50,0.0900,true,1,163616
8850632604402,false,יוגטה חיספוסים בטעם מעורב תות שדה אבטיח ענבים בננה 50 גרם,"ג'נרל קנדי בע""מ",,חיספוסים רצועות בטעם,גרמים,50.00,100 גרם,false,,4.50,0.0900,true,1,163617
8850632606390,false,"יוגטה, חיספוסים, ממתק חמוץ בצורת שטיח בטעם אבטיח, 50 גרם",ג'נרל קנדי בעמ,,חיספוסים ממתק חמוץ ב,גרמים,50.00,100 גרם,false,,3.90,0.0780,true,1,163619
8851613101378,false,"נוזל קוקוס ארוי די 250 מ""ל",תאי אגרי פוד פובליק קו'\,,"חלב קוקוס 250 מ""ל",גרמים,250.00,100 גרם,false,,9.90,0.0396,true,1,187650
8857101301008,false,רוטב צילי מתוק וילי 700 מל יצרןמותג: פאן,פאן אינטר,,רוטב צילי מתוק 700 מ,מיליליטרים,700.00,"100 מ""ל",false,,10.90,0.0156,true,1,184291
8858271002870,false,רוטב פאד תאי 250 מ'ל - מקסצ'אפ,"ייאן וואל יון בע""מ",,רוטב פאד תאי 250 מ'ל,מיליליטרים,250.00,"100 מ""ל",false,,10.90,0.0436,true,1,163312
8858271002887,false,רוטב טריאקי 250 מ'ל - מקסצ'אפ,דאנינג יוה פודס קו,,רוטב טריאקי 250 מ'ל,מיליליטרים,250.00,"100 מ""ל",false,,10.90,0.0436,true,1,163313
8858271003020,false,רוטב סויה פורמולה 1 - 700 מ'ל מקסצ'אפ,יאן ונזל יון,,רוטב סויה פורמולה 1,מיליליטרים,700.00,"100 מ""ל",false,,15.90,0.0227,true,1,163314
8858271004126,false,רוטב חמוץ מתוק 700 מ'ל - מקסצ'אפ,יאן ונזל יון,,רוטב חמוץ מתוק 700 מ,מיליליטרים,700.00,"100 מ""ל",false,,15.90,0.0227,true,1,163317
8858271004300,false,רוטב טריאקי 700 מ'ל מקסצ'אפ,דאנינג יוה פודס קו,,"רוטב טריאקי 700 מ""ל",מיליליטרים,700.00,"100 מ""ל",false,,19.90,0.0284,true,1,163318
8858271005451,false,"רוטב סויה פורמולה 1 - 250 מ""ל מקסצ'אפ",yan wal yun corpara,,רוטב סויה פורמולה 1,מיליליטרים,250.00,"100 מ""ל",false,,10.90,0.0436,true,1,163320
8888021200256,false,סוללות אנרג'ייזר AA מקס 8 יחידות,יצרן: אנרג'ייזר סינג,,סוללות MAXאנרג'ייזר,Unknown,10.00,יחידה,false,,27.90,2.7900,true,1,161972
8888021200720,false,סוללות אנרג'ייזר AAA מקס 8 יחידות,יצרן: אנרג'ייזר סינג,,סוללות MAXאנרג'ייזר,Unknown,10.00,יחידה,false,,27.90,2.7900,true,1,161973
8901537024014,false,"אורז בסמטי מובחר 1 ק""ג - דוואט) יורה דיעה",הנסיך- מפעל לייצור ט,,"אורז בסמטי 1 ק""ג DAA",גרמים,1000.00,100 גרם,false,,12.90,0.0129,true,1,160699
8905964548433,false,מארז 3 צנצנות תבלינים מרובע,,,מארז 3 צנצנות תבליני,Unknown,3.00,יחידה,false,,10.90,3.6333,true,1,182518
8905964548440,false,מארז 3 צנצנות איחסון עגול,,,מארז 3 צנצנות אחסון,Unknown,3.00,יחידה,false,,15.90,5.3000,true,1,182519
8934878081811,false,"דפי אורז 22 ס""מ 400 גר'(Trav) ללא גלוטן",דאנינג יוה פודס קו,,"דפי אורז 22 ס""מ 400",גרמים,400.00,100 גרם,false,,11.90,0.0298,true,1,163325
8938505846019,false,"דפי אורז עגול גדול 22 ס""מ שקדיה 250 גרם",תראן נחי פודס,,דפי אורז עגול גדול 2,גרמים,250.00,100 גרם,false,,9.90,0.0396,true,1,167817
9044400851672,false,סוכריות פז סוגים שונים + 3 מילויים,פז פרודקשיין יורו,,סוכריות פז 1+3,גרמים,22.50,100 גרם,false,,10.90,0.4844,true,1,186849
9120025834723,false,חטיף אוראו מצונן 120 גרם רבנות,בובארד איטליה אס.פי.,,חטיף אוראו מצונן 120,גרמים,120.00,100 גרם,false,,15.90,0.1325,true,1,187912
9120025839896,false,חטיף מילקה מצונן 128 גרם,בובארד איטליה אס.פי.,,חטיף מילקה מצונן 128,גרמים,128.00,100 גרם,false,,15.90,0.1242,true,1,187930
9322969000015,false,פריכיות תירס בטעם אורגינל ריל פודס 150 ג',אף.סי תבליני בגליל ב,,פריכיות תירס בטעם או,גרמים,150.00,100 גרם,false,,12.90,0.0860,true,1,161975
9322969000046,false,פריכיות תירס שומשום אורגני ריל פודס 150 ג',אף.סי תבליני בגליל ב,,פריכיות תירס אורגניו,גרמים,150.00,100 גרם,false,,12.90,0.0860,true,1,161976
9720188050109,false,ממרח על בסיס סויה בסגנון גבינה טופוטי 225 גרם,טופוטי ברנדס אינק.ג',,טופוטי - ממרח על בסי,גרמים,225.00,100 גרם,false,,22.90,0.1018,true,1,164567
9771565025005,false,עיתון מעריב סוף השבוע,,,עיתון מעריב,Unknown,1.00,יחידה,false,,6.00,6.0000,true,1,164281
9771565051066,false,עיתון ידיעות אחרונות,ידיעות אחרונות,,עיתון ידיעות אחרונות,Unknown,1.00,יחידה,false,,20.00,20.0000,true,1,163239
