code,internal_code,name,manufacturer_name,manufacture_country,manufacturer_item_description,unit_qty,quantity,unit_of_measure,weighted,qty_in_package,price,unit_of_measure_price,allow_discount,status,item_id
0,true,PosSrv Item-1,,,PosSrv Item-1,,0.00,,false,,5.00,0.0000,false,1,131896
0,true,PosSrv Item-1,,,PosSrv Item-1,,0.00,,false,,5.00,0.0000,false,1,131994
2,true,מחיר לחיוב חד פעמי,,,מחיר לחיוב חד פעמי,,0.00,,false,,0.00,0.0000,true,1,135050
5,true,גומיגם כשלפ השלמה,,,גומיגם כשלפ השלמה,,0.00,,false,,0.00,0.0000,true,1,134349
11,true,טסט 2 ליטר,,,טסט 2 ליטר,,0.00,,false,,0.00,0.0000,true,1,135834
123,true,מפעל-הובלה בקרור100,,,מפעל-הובלה בקרור100,,0.00,,false,,0.00,0.0000,true,1,135788
124,true,מפעל-הובלה בקרור150,,,מפעל-הובלה בקרור150,,0.00,,false,,0.00,0.0000,true,1,135789
125,true,מפעל-הובלה בקרור200,,,מפעל-הובלה בקרור200,,0.00,,false,,0.00,0.0000,true,1,135790
128,true,מפעל-הובלה בקירור,,,מפעל-הובלה בקירור,,0.00,,false,,0.00,0.0000,true,1,136279
158,true,כדור שוקולד -1,,,כדור שוקולד -1,,0.00,,false,,0.00,0.0000,true,1,133343
185,true,חטיף בריאות פיסטוק מ,,,חטיף בריאות פיסטוק מ,,0.00,,false,,5.00,0.0000,true,1,131877
186,true,חטיף בריאות שוקולד ק,,,חטיף בריאות שוקולד ק,,0.00,,false,,5.00,0.0000,true,1,131878
187,true,חטיף מוזלי פירות,,,חטיף מוזלי פירות,,0.00,,false,,5.00,0.0000,true,1,131879
188,true,חטיף גרנולה אננס דיא,,,חטיף גרנולה אננס דיא,,0.00,,false,,5.00,0.0000,true,1,131880
189,true,מפעל-לחמניות מיני בי,,,מפעל-לחמניות מיני בי,,0.00,,false,,2999.90,0.0000,true,1,137795
314,true,מי סוכר,,,מי סוכר,,0.00,,false,,5.00,0.0000,true,1,132257
383,true,גזר לפי קילו היתר מכ,,,גזר לפי קילו היתר מכ,,0.00,,false,,0.00,0.0000,true,1,132112
384,true,תפוזים מחיר לפי קילו,,,תפוזים מחיר לפי קילו,,0.00,,false,,0.00,0.0000,true,1,132259
395,true,כוס פלסטיק 330,,,כוס פלסטיק 330,,0.00,,false,,0.00,0.0000,true,1,133348
407,true,בלילה לאייס וניל,,,בלילה לאייס וניל,,0.00,,false,,0.00,0.0000,true,1,132264
410,true,קולה,,,קולה,,0.00,,false,,5.00,0.0000,true,1,131993
412,true,קולה זירו,,,קולה זירו,,0.00,,false,,5.00,0.0000,true,1,131995
413,true,ספרייט,,,ספרייט,,0.00,,false,,5.00,0.0000,true,1,131996
414,true,דיאט ספרייט,,,דיאט ספרייט,,0.00,,false,,5.00,0.0000,true,1,131997
415,true,פאנטה,,,פאנטה,,0.00,,false,,5.00,0.0000,true,1,131998
416,true,סודה,,,סודה,,0.00,,false,,5.00,0.0000,true,1,131999
417,true,מים מינרלים,,,מים מינרלים,,0.00,,false,,5.00,0.0000,true,1,132000
418,true,פריגת ענבים,,,פריגת ענבים,,0.00,,false,,5.00,0.0000,true,1,132001
419,true,קרנרגי,,,קרנרגי,,0.00,,false,,5.00,0.0000,true,1,132002
421,true,פריגת אשכוליות,,,פריגת אשכוליות,,0.00,,false,,5.00,0.0000,true,1,132003
454,true,150שקיקים תה קלאסי,,,150שקיקים תה קלאסי,,0.00,,false,,0.00,0.0000,true,1,134383
456,true,150שקיקים תה לימוני,,,150שקיקים תה לימוני,,0.00,,false,,0.00,0.0000,true,1,134384
457,true,150שקיקים תה קמומיל,,,150שקיקים תה קמומיל,,0.00,,false,,0.00,0.0000,true,1,134385
458,true,כוסות נייר קופיקס 8,,,כוסות נייר קופיקס 8,קילוגרמים,1.00,"ק""ג",true,,0.00,0.0000,true,1,134387
459,true,מכסה שחור לכוס נייר,,,מכסה שחור לכוס נייר,קילוגרמים,1.00,"ק""ג",true,,95.00,95.0000,true,1,132270
470,true,שכירות מכונת תפוזים,,,שכירות מכונת תפוזים,,0.00,,false,,0.00,0.0000,true,1,132208
471,true,שכירות מכונת גזר,,,שכירות מכונת גזר,קילוגרמים,1.00,"ק""ג",true,,0.00,0.0000,true,1,132209
506,true,חלב סויה אלפרו ליטר,,,חלב סויה אלפרו ליטר,,0.00,,false,,9.83,0.0000,true,1,132217
508,true,בלילה לאייס קפה,,,בלילה לאייס קפה,,0.00,,false,,0.00,0.0000,true,1,132272
510,true,חלב 1%,,,חלב 1%,,0.00,,false,,0.00,0.0000,true,1,132273
523,true,מפעל-מזונות ברמן,,,מפעל-מזונות ברמן,,0.00,,false,,2999.90,0.0000,true,1,137796
546,true,פריט לא קיים,,,פריט לא קיים,,0.00,,false,,5.00,0.0000,true,1,132023
602,true,מטליות תפזורת,,,מטליות תפזורת,,0.00,,false,,0.00,0.0000,true,1,132281
605,true,אקונומיקה4 ליטר,,,אקונומיקה4 ליטר,,0.00,,false,,0.00,0.0000,true,1,132049
606,true,ניקוי חלונות4 ליטר,,,ניקוי חלונות4 ליטר,,0.00,,false,,0.00,0.0000,true,1,132211
607,true,שמפו רצפות 4 ליטר,,,שמפו רצפות 4 ליטר,,0.00,,false,,0.00,0.0000,true,1,132282
611,true,"כוס מרק500 יח ""בקרטו",,,"כוס מרק500 יח ""בקרטו",קילוגרמים,1.00,"ק""ג",true,,135.00,135.0000,true,1,132283
612,true,"מכסה לכוס מרק500 יח""",,,"מכסה לכוס מרק500 יח""",קילוגרמים,1.00,"ק""ג",true,,0.00,0.0000,true,1,134386
616,true,סבון קצף ורוד 1 ליטר,,,סבון קצף ורוד 1 ליטר,,0.00,,false,,0.00,0.0000,true,1,132212
617,true,צץ רץ סופה,,,צץ רץ סופה,,0.00,,false,,0.00,0.0000,true,1,132285
618,true,מסיר שומנים4 ליטר,,,מסיר שומנים4 ליטר,,0.00,,false,,0.00,0.0000,true,1,132286
620,true,יעה,,,יעה,,0.00,,false,,2.23,0.0000,true,1,132287
622,true,"נייר קופה 60 יח ""באר",,,"נייר קופה 60 יח ""באר",,0.00,,false,,0.00,0.0000,true,1,132213
624,true,"כוס 1 לבן 2000 יח """,,,"כוס 1 לבן 2000 יח """,,0.00,,false,,0.00,0.0000,true,1,134373
626,true,גביע 250 נטורל חדש1,,,גביע 250 נטורל חדש1,,0.00,,false,,0.00,0.0000,true,1,134374
633,true,שקיות ללא מיתוג45/5,,,שקיות ללא מיתוג45/5,,0.00,,false,,0.00,0.0000,true,1,133180
663,true,גלופה,,,גלופה,,0.00,,false,,0.00,0.0000,true,1,135747
664,true,סופרגול מ 16.01.17 -,,,סופרגול מ 16.01.17 -,,0.00,,false,,0.00,0.0000,true,1,135748
728,true,אפרסק לבן,,,אפרסק לבן,קילוגרמים,1.00,"ק""ג",true,,18.30,18.3000,true,1,139097
782,true,קוראסון שמרים חלבהf,,,קוראסון שמרים חלבהf,,0.00,,false,,0.00,0.0000,true,1,137594
802,true,היטל מס קניה,,,היטל מס קניה,,0.00,,false,,0.00,0.0000,true,1,136168
818,true,בורקס פטריות רגילfd,,,בורקס פטריות רגילfd,קילוגרמים,1.00,"ק""ג",true,,0.00,0.0000,true,1,137595
852,true,מיץ רימון טבעי,,,מיץ רימון טבעי,,0.00,,false,,0.00,0.0000,true,1,137957
993,true,"מקל מגב""מטאטא עץ1.5",,,"מקל מגב""מטאטא עץ1.5",,0.00,,false,,0.00,0.0000,true,1,134375
996,true,נוזל כלים תפוח 4 ליט,,,נוזל כלים תפוח 4 ליט,,0.00,,false,,0.00,0.0000,true,1,132290
1001,true,הודעה לבר,,,הודעה לבר,,0.00,,false,,0.00,0.0000,true,1,131855
1003,true,לחמניה עגולה כפרית),,,לחמניה עגולה כפרית),,0.00,,false,,2.90,0.0000,true,1,132059
1006,true,שלישיית חולצת לוגו ק,,,שלישיית חולצת לוגו ק,,0.00,,false,,0.00,0.0000,true,1,135081
1130,true,מפעל-סרט אריזה שקוף,,,מפעל-סרט אריזה שקוף,,0.00,,false,,0.00,0.0000,true,1,137060
1131,true,מפעל-רשת יפנית לסיר,,,מפעל-רשת יפנית לסיר,,0.00,,false,,0.00,0.0000,true,1,135304
1317,true,מפעל-הדר pk 30,,,מפעל-הדר pk 30,,0.00,,false,,0.00,0.0000,true,1,137398
1373,true,כפפות ניטריל מידה L,,,כפפות ניטריל מידה L,,0.00,,false,,0.00,0.0000,true,1,136921
1379,true,כפפות ניטריל מידה S,,,כפפות ניטריל מידה S,,0.00,,false,,0.00,0.0000,true,1,136922
1600,true,קופון קפה בשקל,,,קופון קפה בשקל,,0.00,,false,,0.01,0.0000,true,1,137627
1601,true,קופון HOT,,,קופון HOT,,0.00,,false,,0.01,0.0000,true,1,138071
1602,true,קופון סוב,,,קופון סוב,,0.00,,false,,0.01,0.0000,true,1,138228
1603,true,קופון הוט,,,קופון הוט,,0.00,,false,,0.01,0.0000,true,1,138327
1604,true,קופון גרופון,,,קופון גרופון,,0.00,,false,,0.01,0.0000,true,1,138340
1656,true,מפעל-רוטב ישראלי לסל,,,מפעל-רוטב ישראלי לסל,,0.00,,false,,0.00,0.0000,true,1,136868
1984,true,קופון נסיון,,,קופון נסיון,,0.00,,false,,0.01,0.0000,true,1,137446
2000,true,וודקה רוסקי סטנדרט ל,,,וודקה רוסקי סטנדרט ל,,0.00,,false,,0.00,0.0000,true,1,132062
2002,true,טקילה סומברו 700 מל,,,טקילה סומברו 700 מל,,0.00,,false,,0.00,0.0000,true,1,132063
2006,true,וודקה וינסנט תאו קיי,,,וודקה וינסנט תאו קיי,,0.00,,false,,0.00,0.0000,true,1,132065
2008,true,וודקה אסאי וינסנטאו1,,,וודקה אסאי וינסנטאו1,,0.00,,false,,0.00,0.0000,true,1,132066
2010,true,וודקה מסטיק ליטר וינ,,,וודקה מסטיק ליטר וינ,,0.00,,false,,0.00,0.0000,true,1,132067
2012,true,וודקה תפוח ליטר וינס,,,וודקה תפוח ליטר וינס,,0.00,,false,,0.00,0.0000,true,1,132068
2014,true,"פידג ""תאנים בקבוק70",,,"פידג ""תאנים בקבוק70",,0.00,,false,,0.00,0.0000,true,1,132069
2016,true,אריסטופ כרמל 700 מל,,,אריסטופ כרמל 700 מל,,0.00,,false,,0.00,0.0000,true,1,132070
2018,true,וודקה אבסולוט בקבוק,,,וודקה אבסולוט בקבוק,,0.00,,false,,0.00,0.0000,true,1,132071
2020,true,בקבוק יין אדום קברנה,,,בקבוק יין אדום קברנה,,0.00,,false,,0.00,0.0000,true,1,132072
2022,true,בקבוק יין לבן ריזלינ,,,בקבוק יין לבן ריזלינ,,0.00,,false,,0.00,0.0000,true,1,132073
2024,true,קאוה איבריקה בקבוק7,,,"פוקצ""ה פטריות",,0.00,,false,,0.00,0.0000,true,1,133344
2027,true,ערק אשקלון בקבוק700,,,ערק אשקלון בקבוק700,קילוגרמים,1.00,"ק""ג",true,,0.00,0.0000,true,1,132074
2029,true,בירה לה אספניולה בקב,,,בירה לה אספניולה בקב,,0.00,,false,,0.00,0.0000,true,1,132075
2031,true,"וויסקי ג""ין בים בקבו",,,"וויסקי ג""ין בים בקבו",,0.00,,false,,0.00,0.0000,true,1,132076
2033,true,"צ""ויה בקבוק 750 מל",,,"צ""ויה בקבוק 750 מל",,0.00,,false,,0.00,0.0000,true,1,132077
2044,true,תפוזים 5 ליטר גלון-ס,,,תפוזים 5 ליטר גלון-ס,,0.00,,false,,0.00,0.0000,true,1,132222
2047,true,בירה חבית קופיקס,,,בירה חבית קופיקס,,0.00,,false,,0.00,0.0000,true,1,132083
2049,true,וויסקי בלנטיינס בקבו,,,וויסקי בלנטיינס בקבו,קילוגרמים,1.00,"ק""ג",true,,0.00,0.0000,true,1,132084
2055,true,בירה טובורג בקבוק,,,בירה טובורג בקבוק,,0.00,,false,,0.00,0.0000,true,1,136939
2057,true,גולדסטאר בקבוק 0.5 ל,,,גולדסטאר בקבוק 0.5 ל,,0.00,,false,,0.00,0.0000,true,1,132086
2065,true,מיץ SP תפוזים גלון5,,,מיץ SP תפוזים גלון5,,0.00,,false,,0.00,0.0000,true,1,133345
2076,true,"ג""ין בקבוק ליטר",,,"ג""ין בקבוק ליטר",,0.00,,false,,0.00,0.0000,true,1,132091
2078,true,רום בקבוק ליטר,,,רום בקבוק ליטר,,0.00,,false,,0.00,0.0000,true,1,132092
2081,true,כוס יין,,,כוס יין,,0.00,,false,,2.89,0.0000,true,1,132225
2086,true,מונין אייריש קרים70,,,מונין אייריש קרים70,,0.00,,false,,0.00,0.0000,true,1,132094
2087,true,אפרול ליטר,,,אפרול ליטר,,0.00,,false,,0.00,0.0000,true,1,132095
2100,true,"מלח למדיח 25 ק""ג",,,"מלח למדיח 25 ק""ג",,0.00,,false,,0.00,0.0000,true,1,132096
2105,true,אייס קפה ללא סוכר60,,,אייס קפה ללא סוכר60,,0.00,,false,,0.00,0.0000,true,1,133349
2129,true,מלח מנות,,,מלח מנות,,0.00,,false,,0.00,0.0000,true,1,132226
2148,true,מיכל CO2 מלא,,,מיכל CO2 מלא,,0.00,,false,,0.00,0.0000,true,1,135910
2149,true,שש כוסות,,,שש כוסות,,0.00,,false,,0.00,0.0000,true,1,134310
2154,true,חבית פאולנר 30,,,חבית פאולנר 30,,0.00,,false,,0.00,0.0000,true,1,133346
2367,true,מפעל-פיתה טוסט,,,מפעל-פיתה טוסט,,0.00,,false,,2999.90,0.0000,true,1,137835
3000,true,"אייס וניל 10 ק""ג",,,"אייס וניל 10 ק""ג",,0.00,,false,,0.00,0.0000,true,1,132100
3015,true,גלופה לכוסות,,,גלופה לכוסות,,0.00,,false,,0.00,0.0000,true,1,133605
3022,true,שקית נייר מאפים2000,,,שקית נייר מאפים2000,,0.00,,false,,0.00,0.0000,true,1,134365
3026,true,סוכר לבן קופיקס1000,,,סוכר לבן קופיקס1000,קילוגרמים,1.00,"ק""ג",true,,0.00,0.0000,true,1,134376
3027,true,סוכר חום קופיקס1000,,,סוכר חום קופיקס1000,,0.00,,false,,0.00,0.0000,true,1,134377
3031,true,מפיות חד שכבתיות400,,,מפיות חד שכבתיות400,,0.00,,false,,0.00,0.0000,true,1,134378
3035,true,נייר טואלט ליטוף180,,,נייר טואלט ליטוף180,,0.00,,false,,0.00,0.0000,true,1,134379
3036,true,גליל נייר תעשייתי12,,,גליל נייר תעשייתי12,,0.00,,false,,0.00,0.0000,true,1,134380
3037,true,אשפתון 75/90 שחור50,,,אשפתון 75/90 שחור50,,0.00,,false,,0.00,0.0000,true,1,134381
3050,true,חטיף גרנולה אננס דיא,,,חטיף גרנולה אננס דיא,קילוגרמים,1.00,"ק""ג",true,,0.00,0.0000,true,1,134366
3051,true,חטיף מוזלי פירות 33,,,חטיף מוזלי פירות 33,קילוגרמים,1.00,"ק""ג",true,,0.00,0.0000,true,1,134367
3052,true,חטיף בריאות שוקולד ק,,,חטיף בריאות שוקולד ק,קילוגרמים,1.00,"ק""ג",true,,0.00,0.0000,true,1,134368
3053,true,חטיף בריאות פיסטוק מ,,,חטיף בריאות פיסטוק מ,קילוגרמים,1.00,"ק""ג",true,,0.00,0.0000,true,1,134369
3055,true,עוגיות חמאה 50 בקרטו,,,עוגיות חמאה 50 בקרטו,,0.00,,false,,0.00,0.0000,true,1,132254
3070,true,קנקן תה מוצר השבוע7,,,קנקן תה מוצר השבוע7,,0.00,,false,,0.00,0.0000,true,1,134419
3076,true,חלב 1% זיכוי,,,חלב 1% זיכוי,,0.00,,false,,0.00,0.0000,true,1,136156
3077,true,חלב 3% זיכוי,,,חלב 3% זיכוי,,0.00,,false,,0.00,0.0000,true,1,136157
3117,true,נקטר תפוחים 1 ליטר-,,,נקטר תפוחים 1 ליטר-,,0.00,,false,,0.00,0.0000,true,1,134426
3127,true,שוקולטה -קרטון 10 יח,,,שוקולטה -קרטון 10 יח,,0.00,,false,,0.00,0.0000,true,1,134427
3128,true,קרמל וחמאת בוטנים -,,,קרמל וחמאת בוטנים -,,0.00,,false,,0.00,0.0000,true,1,134428
3147,true,טוסט פיקנטי,,,טוסט פיקנטי,,0.00,,false,,5.00,0.0000,true,1,133484
3156,true,מדבקה למיחם דים סאם,,,מדבקה למיחם דים סאם,,0.00,,false,,0.00,0.0000,true,1,134429
3157,true,מתקן שלישייה טואלט ל,,,מתקן שלישייה טואלט ל,,0.00,,false,,0.00,0.0000,true,1,133524
3158,true,מנורת חירום,,,מנורת חירום,,0.00,,false,,0.00,0.0000,true,1,133555
3160,true,חולצת טריקו גבר ארוך,,,חולצת טריקו גבר ארוך,,0.00,,false,,0.00,0.0000,true,1,135084
3161,true,פקדון אילת,,,פקדון אילת,,0.00,,false,,0.00,0.0000,true,1,133603
3194,true,מדבקת שילוט A5,,,מדבקת שילוט A5,,0.00,,false,,0.00,0.0000,true,1,134605
3222,true,סחבה לבנה לרצפה50*7,,,סחבה לבנה לרצפה50*7,,0.00,,false,,0.00,0.0000,true,1,134242
3223,true,מתקן נייר טואלט שליש,,,מתקן נייר טואלט שליש,,0.00,,false,,0.00,0.0000,true,1,134243
3226,true,מסיר אבנית קצף,,,מסיר אבנית קצף,,0.00,,false,,0.00,0.0000,true,1,134295
3232,true,מתקן נייר טואלט צץ ר,,,מתקן נייר טואלט צץ ר,,0.00,,false,,0.00,0.0000,true,1,134477
3233,true,36יחידות 250 דף ניי,,,36יחידות 250 דף ניי,,0.00,,false,,0.00,0.0000,true,1,134478
3239,true,מלפפון- מפעל,,,מלפפון- מפעל,,0.00,,false,,0.00,0.0000,true,1,134754
3240,true,מפעל-עגבניות שרי,,,מפעל-עגבניות שרי,,0.00,,false,,0.00,0.0000,true,1,134755
3242,true,מפעל-תקורות קבועות,,,מפעל-תקורות קבועות,,0.00,,false,,0.00,0.0000,true,1,134765
3248,true,מרינה סופר מכר עם מע,,,מרינה סופר מכר עם מע,,0.00,,false,,0.00,0.0000,true,1,134814
3249,true,מפעל-ליצור מלפפון חמ,,,מפעל-ליצור מלפפון חמ,,0.00,,false,,0.00,0.0000,true,1,134847
3250,true,מפעל -לייצור רצועות,,,מפעל -לייצור רצועות,,0.00,,false,,0.00,0.0000,true,1,134924
3251,true,מפעל-תקורות לסלטcff,,,מפעל-תקורות לסלטcff,,0.00,,false,,0.00,0.0000,true,1,134926
3252,true,מפעל-שומשום לבן סיני,,,מפעל-שומשום לבן סיני,,0.00,,false,,0.00,0.0000,true,1,134981
3256,true,יעה עם מקל,,,יעה עם מקל,,0.00,,false,,0.00,0.0000,true,1,135010
3257,true,מפעל -לייצור טונה,,,מפעל -לייצור טונה,,0.00,,false,,0.00,0.0000,true,1,135051
3260,true,מפעל -ניילון בגליל ע,,,מפעל -ניילון בגליל ע,קילוגרמים,1.00,"ק""ג",true,,0.00,0.0000,true,1,135027
3261,true,מפעל -ניילון בגליל ע,,,מפעל -ניילון בגליל ע,קילוגרמים,1.00,"ק""ג",true,,0.00,0.0000,true,1,135028
3268,true,מפעל -ניילון בגליל ע,,,מפעל -ניילון בגליל ע,,0.00,,false,,0.00,0.0000,true,1,135390
3272,true,מפעל-העמסת סושי,,,מפעל-העמסת סושי,,0.00,,false,,0.00,0.0000,true,1,135489
3274,true,הפרש מחיר סופרגול מ,,,הפרש מחיר סופרגול מ,,0.00,,false,,0.00,0.0000,true,1,135490
3275,true,מכונת קפה,,,מכונת קפה,,0.00,,false,,0.00,0.0000,true,1,135498
3276,true,זיכוי סופר גול 1.27,,,זיכוי סופר גול 1.27,,0.00,,false,,0.00,0.0000,true,1,135518
3277,true,מפעל-רכז עגבניות,,,מפעל-רכז עגבניות,,0.00,,false,,2999.90,0.0000,true,1,135519
3284,true,50צלחות חד פעמיות ג,,,50צלחות חד פעמיות ג,,0.00,,false,,0.00,0.0000,true,1,135645
3287,true,מפעל -ניילון בעובי3,,,מפעל -ניילון בעובי3,קילוגרמים,1.00,"ק""ג",true,,2999.00,2999.0000,true,1,135686
3288,true,מפעל-לחמנית שומשום א,,,מפעל-לחמנית שומשום א,,0.00,,false,,2999.90,0.0000,true,1,135717
3297,true,מפעל-מיכל 750 190 סמ,,,מפעל-מיכל 750 190 סמ,,0.00,,false,,2999.90,0.0000,true,1,136328
3300,true,מפעל-תקורות משתנות,,,מפעל-תקורות משתנות,,0.00,,false,,0.00,0.0000,true,1,136383
3301,true,הפרש מחיר סושי סלמון,,,הפרש מחיר סושי סלמון,,0.00,,false,,0.00,0.0000,true,1,136391
3302,true,הפרש מחיר שנדי שישיה,,,הפרש מחיר שנדי שישיה,,0.00,,false,,0.00,0.0000,true,1,136415
3314,true,מפעל-מדבקה לסושי איש,,,מפעל-מדבקה לסושי איש,,0.00,,false,,0.00,0.0000,true,1,136603
3315,true,מפעל-מדבקה לסושי איש,,,מפעל-מדבקה לסושי איש,,0.00,,false,,0.00,0.0000,true,1,136604
3316,true,מפעל-מדבקה לסושי איש,,,מפעל-מדבקה לסושי איש,,0.00,,false,,0.00,0.0000,true,1,136605
3317,true,מפעל-מדבקה לסושי איש,,,מפעל-מדבקה לסושי איש,,0.00,,false,,0.00,0.0000,true,1,136606
3318,true,מפעל-מדבקה לסושי איש,,,מפעל-מדבקה לסושי איש,,0.00,,false,,0.00,0.0000,true,1,136607
3319,true,מפעל-מדבקה לסושי איש,,,מפעל-מדבקה לסושי איש,,0.00,,false,,0.00,0.0000,true,1,136608
3320,true,מפעל-מדבקה לסושי איש,,,מפעל-מדבקה לסושי איש,,0.00,,false,,0.00,0.0000,true,1,136609
3321,true,מפעל-מדבקה לסושי איש,,,מפעל-מדבקה לסושי איש,,0.00,,false,,0.00,0.0000,true,1,136610
3322,true,מפעל-מדבקה לסושי איש,,,מפעל-מדבקה לסושי איש,,0.00,,false,,0.00,0.0000,true,1,136611
3323,true,מפעל-מדבקה לסושי איש,,,מפעל-מדבקה לסושי איש,,0.00,,false,,0.00,0.0000,true,1,136612
3328,true,חיוב פקדון עד סוף יו,,,חיוב פקדון עד סוף יו,,0.00,,false,,0.00,0.0000,true,1,136657
3330,true,חיוב הפרש מחיר סנדוי,,,חיוב הפרש מחיר סנדוי,,0.00,,false,,0.00,0.0000,true,1,138566
3334,true,מפעל-אגוז מוסקט טחון,,,מפעל-אגוז מוסקט טחון,,0.00,,false,,2999.00,0.0000,true,1,137072
3360,true,גביע שקוף oz 5 לגליד,,,גביע שקוף oz 5 לגליד,,0.00,,false,,0.00,0.0000,true,1,136687
3361,true,גביע שקוף oz 1.25 לג,,,גביע שקוף oz 1.25 לג,,0.00,,false,,0.00,0.0000,true,1,136688
3363,true,זיכוי החברה המרכזית,,,זיכוי החברה המרכזית,,0.00,,false,,0.00,0.0000,true,1,138141
3364,true,זיכוי שקיות אשפה,,,זיכוי שקיות אשפה,,0.00,,false,,0.00,0.0000,true,1,138176
3365,true,שילוט לפלוט,,,שילוט לפלוט,,0.00,,false,,0.00,0.0000,true,1,138224
3401,true,מפעל-ניילון בגליל עו,,,מפעל-ניילון בגליל עו,,0.00,,false,,0.00,0.0000,true,1,136924
3402,true,מפעל-ניילון בגליל עו,,,מפעל-ניילון בגליל עו,,0.00,,false,,0.00,0.0000,true,1,136925
3602,true,מפעל-שקית ארגזים90*,,,מפעל-שקית ארגזים90*,,0.00,,false,,0.00,0.0000,true,1,135249
3603,true,מפעל-שקית מעדניה30*,,,מפעל-שקית מעדניה30*,,0.00,,false,,0.00,0.0000,true,1,135250
3604,true,מפעל-גליל 85*80 ירוק,,,מפעל-גליל 85*80 ירוק,,0.00,,false,,0.00,0.0000,true,1,135251
3605,true,מפעל -md10מטליות ניק,,,מפעל -md10מטליות ניק,,0.00,,false,,0.00,0.0000,true,1,135271
3606,true,מפעל -md10נוזל לחיטו,,,מפעל -md10נוזל לחיטו,,0.00,,false,,0.00,0.0000,true,1,135272
3607,true,"מפעל 26 F NL20 -ק""ג",,,"מפעל 26 F NL20 -ק""ג",,0.00,,false,,0.00,0.0000,true,1,135273
3608,true,"מפעל-אורגנו יבש 1 ק""",,,"מפעל-אורגנו יבש 1 ק""",,0.00,,false,,0.00,0.0000,true,1,135274
3609,true,מפעל-פפריקה חריפה 1,,,מפעל-פפריקה חריפה 1,,0.00,,false,,0.00,0.0000,true,1,135275
3610,true,מפעל-פפריקה מתוקה עם,,,מפעל-פפריקה מתוקה עם,,0.00,,false,,0.00,0.0000,true,1,135276
3618,true,מפעל-מדבקה לקופסאת ס,,,מפעל-מדבקה לקופסאת ס,,0.00,,false,,2999.90,0.0000,true,1,135289
3619,true,מפעל-מדבקה לקופסאת ס,,,מפעל-מדבקה לקופסאת ס,,0.00,,false,,2999.90,0.0000,true,1,135290
3620,true,מפעל-מדבקה לקופסאת ס,,,מפעל-מדבקה לקופסאת ס,,0.00,,false,,2999.90,0.0000,true,1,135291
3621,true,מפעל-קערה מלבנית לסל,,,מפעל-קערה מלבנית לסל,,0.00,,false,,2999.90,0.0000,true,1,135292
3622,true,מפעל-מכסה לקערה מלבנ,,,מפעל-מכסה לקערה מלבנ,,0.00,,false,,2999.90,0.0000,true,1,135293
3623,true,omd-10,,,omd-10,,0.00,,false,,0.00,0.0000,true,1,135481
3624,true,מפעל-מדבקה לסושי צמח,,,מפעל-מדבקה לסושי צמח,,0.00,,false,,0.00,0.0000,true,1,136681
3625,true,מפעל-מדבקה לסושי סלמ,,,מפעל-מדבקה לסושי סלמ,,0.00,,false,,0.00,0.0000,true,1,136682
3626,true,מפעל-מדבקה לקופסאת ס,,,מפעל-מדבקה לקופסאת ס,,0.00,,false,,2999.90,0.0000,true,1,136758
3630,true,מפעל-מדבקה לכדור בטע,,,מפעל-מדבקה לכדור בטע,,0.00,,false,,0.00,0.0000,true,1,136916
3631,true,מפעל-מדבקה לכדור בטע,,,מפעל-מדבקה לכדור בטע,,0.00,,false,,0.00,0.0000,true,1,136917
3637,true,מפעל-ויניגרט תפוז לי,,,מפעל-ויניגרט תפוז לי,,0.00,,false,,0.00,0.0000,true,1,136869
3662,true,מפעל-רוטב ויניגרט גמ,,,מפעל-רוטב ויניגרט גמ,,0.00,,false,,0.00,0.0000,true,1,136870
3693,true,מפעל-איולי עשבי תיבו,,,מפעל-איולי עשבי תיבו,,0.00,,false,,0.00,0.0000,true,1,136809
3904,true,גזר לפי קילו מהדרין,,,גזר לפי קילו מהדרין,,0.00,,false,,0.00,0.0000,true,1,132113
3910,true,קופיקס-נודלס עם ירקו,,,קופיקס-נודלס עם ירקו,,0.00,,false,,0.00,0.0000,true,1,132261
3913,true,קופיקס-שעועית ירוקה,,,קופיקס-שעועית ירוקה,,0.00,,false,,0.00,0.0000,true,1,132114
3914,true,קופיקס-ספגטי עם רוטב,,,קופיקס-ספגטי עם רוטב,,0.00,,false,,0.00,0.0000,true,1,132115
3917,true,מטריה קופיקס,,,מטריה קופיקס,,0.00,,false,,5.00,0.0000,true,1,132928
3928,true,"קיש בצל ובטטה 50 יח""",,,"קיש בצל ובטטה 50 יח""",,0.00,,false,,0.00,0.0000,true,1,132117
3933,true,נוזל לניקוי אסלות 1,,,נוזל לניקוי אסלות 1,,0.00,,false,,0.00,0.0000,true,1,132119
3934,true,נוזל לניקוי וחיטוי ל,,,נוזל לניקוי וחיטוי ל,,0.00,,false,,0.00,0.0000,true,1,132120
3935,true,תרסיס ניקוי והברקה נ,,,תרסיס ניקוי והברקה נ,,0.00,,false,,0.00,0.0000,true,1,132121
3938,true,400מטליות לניקוי מש,,,400מטליות לניקוי מש,,0.00,,false,,0.00,0.0000,true,1,132122
3941,true,קנקן תה,,,קנקן תה,,0.00,,false,,5.00,0.0000,true,1,131987
3943,true,400מטליות מילוי לני,,,400מטליות מילוי לני,,0.00,,false,,0.00,0.0000,true,1,132123
3944,true,"בקבוק 750 סמ""ק + התז",,,"בקבוק 750 סמ""ק + התז",,0.00,,false,,0.00,0.0000,true,1,132124
3945,true,12מטליות מיקרופיבר,,,12מטליות מיקרופיבר,,0.00,,false,,0.00,0.0000,true,1,132125
3946,true,מטלית מיקרופיבר לרצפ,,,מטלית מיקרופיבר לרצפ,,0.00,,false,,0.00,0.0000,true,1,132126
3947,true,מטלית מיקרופיבר לניק,,,מטלית מיקרופיבר לניק,,0.00,,false,,0.00,0.0000,true,1,132127
3949,true,תפוזים שק 10 קילו,,,תפוזים שק 10 קילו,,0.00,,false,,0.00,0.0000,true,1,133848
3956,true,"מנשא לדונאטצ 250 יח""",,,"מנשא לדונאטצ 250 יח""",,0.00,,false,,0.00,0.0000,true,1,133347
3963,true,"פלפל מנות 1000 יח """,,,"פלפל מנות 1000 יח """,,0.00,,false,,0.00,0.0000,true,1,134370
3964,true,"כרית יפנית 12 יח """,,,"כרית יפנית 12 יח """,,0.00,,false,,0.00,0.0000,true,1,132134
3967,true,מרק עגבניות 2 דליים,,,מרק עגבניות 2 דליים,,0.00,,false,,0.00,0.0000,true,1,132137
3968,true,שלישיית חולצת לוגו ק,,,שלישיית חולצת לוגו ק,,0.00,,false,,0.00,0.0000,true,1,135085
3969,true,שלישיית חולצת לוגו ק,,,שלישיית חולצת לוגו ק,,0.00,,false,,0.00,0.0000,true,1,135086
3970,true,שלישיית חולצת לוגו ק,,,שלישיית חולצת לוגו ק,,0.00,,false,,0.00,0.0000,true,1,135087
3971,true,שלישיית חולצה קופיקס,,,שלישיית חולצה קופיקס,,0.00,,false,,0.00,0.0000,true,1,135088
3972,true,שלישיית חולצה קופיקס,,,שלישיית חולצה קופיקס,,0.00,,false,,0.00,0.0000,true,1,135089
3973,true,שלישיית חולצה קופיקס,,,שלישיית חולצה קופיקס,,0.00,,false,,0.00,0.0000,true,1,135090
3974,true,שלישיית חולצה קופיקס,,,שלישיית חולצה קופיקס,,0.00,,false,,0.00,0.0000,true,1,135091
3975,true,שלישיית חולצה קופיקס,,,שלישיית חולצה קופיקס,,0.00,,false,,0.00,0.0000,true,1,135092
3976,true,שלישיית חולצה קופיקס,,,שלישיית חולצה קופיקס,,0.00,,false,,0.00,0.0000,true,1,135093
3977,true,שלישיית חולצה קופיקס,,,שלישיית חולצה קופיקס,,0.00,,false,,0.00,0.0000,true,1,135094
3978,true,שלישיית חולצה קופיקס,,,שלישיית חולצה קופיקס,,0.00,,false,,0.00,0.0000,true,1,135095
3979,true,שלישיית חולצה קופיקס,,,שלישיית חולצה קופיקס,,0.00,,false,,0.00,0.0000,true,1,135096
3980,true,שלישיית חולצה קופיקס,,,שלישיית חולצה קופיקס,,0.00,,false,,0.00,0.0000,true,1,135097
3981,true,שלישיית חולצת לוגו ק,,,שלישיית חולצת לוגו ק,,0.00,,false,,0.00,0.0000,true,1,135098
3982,true,שלישיית חולצת לוגו ק,,,שלישיית חולצת לוגו ק,,0.00,,false,,0.00,0.0000,true,1,135099
3983,true,שלישיית חולצת לוגו ק,,,שלישיית חולצת לוגו ק,,0.00,,false,,0.00,0.0000,true,1,135100
3984,true,שלישיית חולצות פוטר,,,שלישיית חולצות פוטר,,0.00,,false,,0.00,0.0000,true,1,135101
3985,true,שלישיית חולצות פוטר,,,שלישיית חולצות פוטר,,0.00,,false,,0.00,0.0000,true,1,135102
3986,true,שלישיית חולצות פוטר,,,שלישיית חולצות פוטר,,0.00,,false,,0.00,0.0000,true,1,135103
3987,true,שלישיית חולצות פוטר,,,שלישיית חולצות פוטר,,0.00,,false,,0.00,0.0000,true,1,135104
3988,true,שלישיית חולצות פוטר,,,שלישיית חולצות פוטר,,0.00,,false,,0.00,0.0000,true,1,135105
3995,true,וודקה חורטיצה בקבוק,,,וודקה חורטיצה בקבוק,,0.00,,false,,0.00,0.0000,true,1,132159
3997,true,וויסקי לאודרס בקבוק,,,וויסקי לאודרס בקבוק,,0.00,,false,,0.00,0.0000,true,1,132161
3999,true,מרטיני ביאנקו בקבוק,,,מרטיני ביאנקו בקבוק,,0.00,,false,,0.00,0.0000,true,1,132163
4004,true,מוס שוקולד וקצפת12 י,,,מוס שוקולד וקצפת12 י,קילוגרמים,1.00,"ק""ג",true,,0.00,0.0000,true,1,134371
4005,true,"מלח פלפל שמן60 יח """,,,"מלח פלפל שמן60 יח """,,0.00,,false,,0.00,0.0000,true,1,132166
4007,true,מטרפה סיליקון 120 יח,,,מטרפה סיליקון 120 יח,,0.00,,false,,0.00,0.0000,true,1,132167
4009,true,זוג קערות קרמיקה100,,,זוג קערות קרמיקה100,,0.00,,false,,0.00,0.0000,true,1,132169
4010,true,וודקה תאו XXO דאבל א,,,וודקה תאו XXO דאבל א,קילוגרמים,1.00,"ק""ג",true,,0.00,0.0000,true,1,132170
4011,true,כריות יפניות מארז12,,,כריות יפניות מארז12,קילוגרמים,1.00,"ק""ג",true,,0.00,0.0000,true,1,132171
4012,true,שלישיית חולצה קופיקס,,,שלישיית חולצה קופיקס,,0.00,,false,,0.00,0.0000,true,1,132172
4013,true,שלישיית חולצה קופיקס,,,שלישיית חולצה קופיקס,,0.00,,false,,0.00,0.0000,true,1,132173
4014,true,שלישיית חולצה קופיקס,,,שלישיית חולצה קופיקס,,0.00,,false,,0.00,0.0000,true,1,132174
4015,true,שלישיית חולצה קופיקס,,,שלישיית חולצה קופיקס,,0.00,,false,,0.00,0.0000,true,1,132175
4017,true,שלישיית חולצה קופיקס,,,שלישיית חולצה קופיקס,,0.00,,false,,0.00,0.0000,true,1,132177
4018,true,שלישיית חולצה קופיקס,,,שלישיית חולצה קופיקס,,0.00,,false,,0.00,0.0000,true,1,135106
4020,true,שלישיית חולצה קופיקס,,,שלישיית חולצה קופיקס,קילוגרמים,1.00,"ק""ג",true,,0.00,0.0000,true,1,135107
4022,true,שלישיית חולצה קופיקס,,,שלישיית חולצה קופיקס,,0.00,,false,,0.00,0.0000,true,1,132182
4023,true,שלישיית חולצה קופיקס,,,שלישיית חולצה קופיקס,,0.00,,false,,0.00,0.0000,true,1,132183
4026,true,"שתיל הפלא216 יח ""בקר",,,"שתיל הפלא216 יח ""בקר",,0.00,,false,,0.00,0.0000,true,1,132185
4030,true,"סכינים240 יח ""בקרטון",,,"סכינים240 יח ""בקרטון",,0.00,,false,,0.00,0.0000,true,1,132189
4032,true,"קולפנים144 יח ""בקרטו",,,"קולפנים144 יח ""בקרטו",,0.00,,false,,0.00,0.0000,true,1,132191
4036,true,יגרמייסטר בקבוק ליטר,,,יגרמייסטר בקבוק ליטר,,0.00,,false,,0.00,0.0000,true,1,132195
4038,true,נוזל מרוכז לחיטוי פי,,,נוזל מרוכז לחיטוי פי,,0.00,,false,,0.00,0.0000,true,1,132197
4039,true,מרק אפונה 2 דליים,,,מרק אפונה 2 דליים,,0.00,,false,,0.00,0.0000,true,1,132198
4040,true,מרק עדשים 2 דליים,,,מרק עדשים 2 דליים,,0.00,,false,,0.00,0.0000,true,1,132199
4041,true,מקרונים 36 יח קרטון,,,מקרונים 36 יח קרטון,,0.00,,false,,0.00,0.0000,true,1,134372
4044,true,פח שובך 8 ליטר לשרות,,,פח שובך 8 ליטר לשרות,,0.00,,false,,0.00,0.0000,true,1,132201
4045,true,"מטהר אויר300 סמ""ק",,,"מטהר אויר300 סמ""ק",,0.00,,false,,0.00,0.0000,true,1,132202
4046,true,מברשת פלסטיק לשירותי,,,מברשת פלסטיק לשירותי,,0.00,,false,,0.00,0.0000,true,1,132203
4047,true,סט לשירותים מיכל+מבר,,,סט לשירותים מיכל+מבר,,0.00,,false,,0.00,0.0000,true,1,132204
4052,true,למברוסקו FESTA בקבוק,,,למברוסקו FESTA בקבוק,,0.00,,false,,0.00,0.0000,true,1,132206
4054,true,"ג""אמפ אשכוליות בקבוק",,,פריט לא קיים,,0.00,,false,,5.00,0.0000,true,1,132053
4055,true,"ג""אמפ ענבים בקבוק50",,,פריט לא קיים,,0.00,,false,,5.00,0.0000,true,1,132054
4064,true,עוגת שייש פסח12 פרוס,,,עוגת שייש פסח12 פרוס,,0.00,,false,,0.00,0.0000,true,1,132293
4069,true,מאפיינס שוקולד וש .צ,,,מאפיינס שוקולד וש .צ,,0.00,,false,,0.00,0.0000,true,1,132298
4070,true,"אייס קפה 10 ק""ג",,,"אייס קפה 10 ק""ג",,0.00,,false,,0.00,0.0000,true,1,132299
4080,true,"הגדה לפסח 100 יח ""ב",,,"הגדה לפסח 100 יח ""ב",,0.00,,false,,0.00,0.0000,true,1,132312
4081,true,כוס טרמית קלאב 48 יח,,,כוס טרמית קלאב 48 יח,,0.00,,false,,0.00,0.0000,true,1,132313
4082,true,"אייס וניל 10 ק""ג",,,"אייס וניל 10 ק""ג",,0.00,,false,,0.00,0.0000,true,1,132314
4096,true,סוכריות מנטה קופיקס,,,סוכריות מנטה קופיקס,,0.00,,false,,0.00,0.0000,true,1,134388
4099,true,תה ירוק נענע מארז20,,,תה ירוק נענע מארז20,,0.00,,false,,0.00,0.0000,true,1,134389
4104,true,דגלים ליום העצמאות1,,,דגלים ליום העצמאות1,קילוגרמים,1.00,"ק""ג",true,,0.00,0.0000,true,1,134390
4107,true,"מאפיינס וניל שוקוצ""י",,,"מאפיינס וניל שוקוצ""י",,0.00,,false,,0.00,0.0000,true,1,134391
4108,true,"מאפיינס שוקו שוקוצ""י",,,"מאפיינס שוקו שוקוצ""י",,0.00,,false,,0.00,0.0000,true,1,134392
4110,true,אורז קטניות 18 יחידו,,,אורז קטניות 18 יחידו,,0.00,,false,,0.00,0.0000,true,1,132436
4112,true,"תפו""א וירקות סגנון ה",,,"תפו""א וירקות סגנון ה",,0.00,,false,,0.00,0.0000,true,1,132438
4113,true,סלט פסטה קר,,,סלט פסטה קר,,0.00,,false,,5.00,0.0000,true,1,132439
4116,true,מארז ירקות מיני24 יח,,,מארז ירקות מיני24 יח,,0.00,,false,,0.00,0.0000,true,1,132442
4132,true,ספוג הפלא) מארז6 יחי,,,ספוג הפלא) מארז6 יחי,,0.00,,false,,0.00,0.0000,true,1,132587
4133,true,מתקן ריצפה לגליל תעש,,,מתקן ריצפה לגליל תעש,,0.00,,false,,0.00,0.0000,true,1,132588
4134,true,מתקן תליה לגליל תעשי,,,מתקן תליה לגליל תעשי,,0.00,,false,,0.00,0.0000,true,1,132589
4135,true,גליל נייר תעשייתי12,,,גליל נייר תעשייתי12,,0.00,,false,,0.00,0.0000,true,1,132590
4139,true,פלאיירים לתפריט קיץ,,,פלאיירים לתפריט קיץ,,0.00,,false,,0.00,0.0000,true,1,132631
4143,true,ארגז - A משולש טונה,,,ארגז - A משולש טונה,,0.00,,false,,0.00,0.0000,true,1,134393
4147,true,ארגז - E לחמניית סבי,,,ארגז - E לחמניית סבי,,0.00,,false,,0.00,0.0000,true,1,132648
4149,true,ארגז G משולש סלמון,,,ארגז G משולש סלמון,,0.00,,false,,0.00,0.0000,true,1,132650
4152,true,ארגז I- משולש טונה4,,,ארגז I- משולש טונה4,,0.00,,false,,0.00,0.0000,true,1,134394
4154,true,כפפת סיליקון,,,כפפת סיליקון,,0.00,,false,,5.00,0.0000,true,1,132668
4155,true,"כפפת סיליקון200 יח """,,,"כפפת סיליקון200 יח """,,0.00,,false,,0.00,0.0000,true,1,132669
4161,true,מנה חמה החזר) אורז/ס,,,מנה חמה החזר) אורז/ס,,0.00,,false,,0.00,0.0000,true,1,132675
4162,true,כריך החזר,,,כריך החזר,,0.00,,false,,0.00,0.0000,true,1,132676
4163,true,קינוח החזר,,,קינוח החזר,,0.00,,false,,0.00,0.0000,true,1,132677
4164,true,לחמניה החזר,,,לחמניה החזר,,0.00,,false,,0.00,0.0000,true,1,132678
4165,true,כריך סלמון החזר,,,כריך סלמון החזר,,0.00,,false,,0.00,0.0000,true,1,132679
4166,true,מנה חמה החזר) נודלס(,,,מנה חמה החזר) נודלס(,,0.00,,false,,0.00,0.0000,true,1,132680
4170,true,חלב 16 - 3% ליטר באר,,,חלב 16 - 3% ליטר באר,,0.00,,false,,0.00,0.0000,true,1,132689
4172,true,פיקדון ארגז פלסטיק ל,,,פיקדון ארגז פלסטיק ל,,0.00,,false,,0.00,0.0000,true,1,132695
4175,true,אוזניות קופיקס קלאב,,,אוזניות קופיקס קלאב,,0.00,,false,,0.00,0.0000,true,1,134395
4176,true,מאפה בוקר שוקולד,,,מאפה בוקר שוקולד,,0.00,,false,,5.00,0.0000,true,1,132776
4178,true,מאפה בוקר קינמון,,,מאפה בוקר קינמון,,0.00,,false,,5.00,0.0000,true,1,132778
4180,true,מאפה בוקר גבינה,,,מאפה בוקר גבינה,,0.00,,false,,5.00,0.0000,true,1,132780
4182,true,מאפה בוקר חמאה,,,מאפה בוקר חמאה,,0.00,,false,,5.00,0.0000,true,1,132782
4183,true,"מאפה בוקר חמאה10 יח""",,,"מאפה בוקר חמאה10 יח""",,0.00,,false,,0.00,0.0000,true,1,134396
4184,true,"פוקצ""ה זיתים",,,"פוקצ""ה זיתים",,0.00,,false,,5.00,0.0000,true,1,132784
4186,true,"פוקצ""ה בצל",,,"פוקצ""ה בצל",,0.00,,false,,5.00,0.0000,true,1,132786
4192,true,"פוקצ""ה עגבניות",,,"פוקצ""ה עגבניות",,0.00,,false,,5.00,0.0000,true,1,132792
4193,true,"פוקצ""ה עגבניות10 יח""",,,"פוקצ""ה עגבניות10 יח""",,0.00,,false,,0.00,0.0000,true,1,134397
4194,true,פרעצל,,,פרעצל,,0.00,,false,,5.00,0.0000,true,1,132794
4196,true,עוגה בחושה,,,עוגה בחושה,,0.00,,false,,5.00,0.0000,true,1,132796
4200,true,"בורקס תפו""א",,,"בורקס תפו""א",,0.00,,false,,5.00,0.0000,true,1,132800
4202,true,פילו תפוחים,,,פילו תפוחים,,0.00,,false,,5.00,0.0000,true,1,132802
4204,true,שקית נייר מאפים קופי,,,שקית נייר מאפים קופי,,0.00,,false,,0.00,0.0000,true,1,132853
4210,true,"נודלס עם ירקות28 יח""",,,"נודלס עם ירקות28 יח""",,0.00,,false,,0.00,0.0000,true,1,132868
4211,true,"ספגטי עגבניות24 יח """,,,"ספגטי עגבניות24 יח """,,0.00,,false,,0.00,0.0000,true,1,132869
4212,true,"אורז קטניות24 יח ""ב",,,"אורז קטניות24 יח ""ב",,0.00,,false,,0.00,0.0000,true,1,132870
4214,true,"פפסי קולה500 מ""ל",,,"פפסי קולה500 מ""ל",,0.00,,false,,5.00,0.0000,true,1,132880
4215,true,"פפסי מקס500 מ""ל",,,"פפסי מקס500 מ""ל",,0.00,,false,,5.00,0.0000,true,1,132881
4216,true,"מירנדה500 מ""ל",,,"מירנדה500 מ""ל",,0.00,,false,,5.00,0.0000,true,1,132882
4217,true,"סבן אפ500 מ""ל",,,"סבן אפ500 מ""ל",,0.00,,false,,5.00,0.0000,true,1,132883
4218,true,"דיאט סבן אפ500 מ""ל",,,"דיאט סבן אפ500 מ""ל",,0.00,,false,,5.00,0.0000,true,1,132884
4223,true,בקבוק ספורט,,,בקבוק ספורט,,0.00,,false,,0.00,0.0000,true,1,132923
4224,true,בקבוק ספורט קלאב8 -,,,בקבוק ספורט קלאב8 -,,0.00,,false,,0.00,0.0000,true,1,134399
4225,true,סט כלי ששת,,,סט כלי ששת,,0.00,,false,,0.00,0.0000,true,1,132925
4235,true,נייר צץ רץ קרפ סופה,,,נייר צץ רץ קרפ סופה,,0.00,,false,,0.00,0.0000,true,1,133375
4240,true,ארגז - E לחמניית סבי,,,ארגז - E לחמניית סבי,,0.00,,false,,0.00,0.0000,true,1,134400
4281,true,מתקן סבוניה קצף,,,מתקן סבוניה קצף,,0.00,,false,,0.00,0.0000,true,1,133089
4532,true,ניילון נצמד בודד 30,,,ניילון נצמד בודד 30,,0.00,,false,,5.00,0.0000,true,1,137298
4541,true,מפעל-הדר pk 30,,,מפעל-הדר pk 30,,0.00,,false,,2999.90,0.0000,true,1,136325
4700,true,מארז - 12 מיץ תפוזים,,,מארז - 12 מיץ תפוזים,,0.00,,false,,0.00,0.0000,true,1,134401
4701,true,מארז - 12 מיץ לימונ,,,מארז - 12 מיץ לימונ,,0.00,,false,,0.00,0.0000,true,1,134402
4703,true,מארז - 12 מיץ גזר תפ,,,מארז - 12 מיץ גזר תפ,,0.00,,false,,0.00,0.0000,true,1,134403
4704,true,מארז - 24 המבורגר15,,,מארז - 24 המבורגר15,,0.00,,false,,0.00,0.0000,true,1,134404
4705,true,מארז - 28 שיפוד שישל,,,מארז - 28 שיפוד שישל,,0.00,,false,,0.00,0.0000,true,1,134405
4706,true,מארז - 28 שיפוד שישל,,,מארז - 28 שיפוד שישל,,0.00,,false,,0.00,0.0000,true,1,134406
4707,true,מארז- 28 לקט ירקות ק,,,מארז- 28 לקט ירקות ק,,0.00,,false,,0.00,0.0000,true,1,134407
4708,true,מארז - 28 גרעיני תי,,,מארז - 28 גרעיני תי,,0.00,,false,,0.00,0.0000,true,1,134408
4709,true,מארז - 12שוקו בקרטון,,,מארז - 12שוקו בקרטון,,0.00,,false,,0.00,0.0000,true,1,134409
4727,true,מארז - 96 לקקנים,,,מארז - 96 לקקנים,,0.00,,false,,0.00,0.0000,true,1,134410
4728,true,מארז - 150 מקציף חלב,,,מארז - 150 מקציף חלב,,0.00,,false,,0.00,0.0000,true,1,134411
4729,true,מארז - 12 מים מינרלי,,,מארז - 12 מים מינרלי,קילוגרמים,1.00,"ק""ג",true,,5.00,5.0000,true,1,133076
4730,true,מרינה סופר מכר,,,מרינה סופר מכר,,0.00,,false,,0.00,0.0000,true,1,134815
4731,true,מתקן מגבת צץ רץ,,,מתקן מגבת צץ רץ,,0.00,,false,,0.00,0.0000,true,1,133083
4732,true,"שני ק""ג עוגיות אלפחו",,,"שני ק""ג עוגיות אלפחו",קילוגרמים,1.00,"ק""ג",true,,0.00,0.0000,true,1,134412
4733,true,זוג מסטיקים אפרסק24,,,זוג מסטיקים אפרסק24,,0.00,,false,,0.00,0.0000,true,1,134413
4735,true,"נודלס עם ירקות20 יח""",,,"נודלס עם ירקות20 יח""",קילוגרמים,1.00,"ק""ג",true,,0.00,0.0000,true,1,134414
4736,true,"ספגטי עגבניות20 יח """,,,"ספגטי עגבניות20 יח """,קילוגרמים,1.00,"ק""ג",true,,0.00,0.0000,true,1,134415
4737,true,"אורז קטניות20 יח ""בק",,,"אורז קטניות20 יח ""בק",קילוגרמים,1.00,"ק""ג",true,,0.00,0.0000,true,1,134416
4738,true,"תפו""א וירקות סגנון ה",,,"תפו""א וירקות סגנון ה",קילוגרמים,1.00,"ק""ג",true,,0.00,0.0000,true,1,134417
4748,true,סוכר לבן קופיקס1000,,,סוכר לבן קופיקס1000,,0.00,,false,,0.00,0.0000,true,1,133390
4749,true,סוכר חום קופיקס1000,,,סוכר חום קופיקס1000,,0.00,,false,,0.00,0.0000,true,1,133391
4753,true,"ערכת סים40 יח """,,,"ערכת סים40 יח """,,0.00,,false,,0.00,0.0000,true,1,134418
4766,true,"מארז180 יח - ""תיק שו",,,"מארז180 יח - ""תיק שו",,0.00,,false,,0.00,0.0000,true,1,134421
4767,true,"מארז120 יח - ""צידנית",,,"מארז120 יח - ""צידנית",,0.00,,false,,0.00,0.0000,true,1,134422
4779,true,מארז 1 קילו - נקניקי,,,מארז 1 קילו - נקניקי,,0.00,,false,,0.00,0.0000,true,1,133202
4780,true,מארז 36 יחידות - כפכ,,,מארז 36 יחידות - כפכ,,0.00,,false,,0.00,0.0000,true,1,133203
4783,true,מארז 12 יחידות - גרע,,,מארז 12 יחידות - גרע,,0.00,,false,,0.00,0.0000,true,1,133933
4784,true,מארז 24 יחידות - טוב,,,מארז 24 יחידות - טוב,,0.00,,false,,0.00,0.0000,true,1,133750
4785,true,מארז 12 יחידות - עוג,,,מארז 12 יחידות - עוג,,0.00,,false,,0.00,0.0000,true,1,133751
4786,true,מארז 24 יחידות - גרנ,,,מארז 24 יחידות - גרנ,,0.00,,false,,0.00,0.0000,true,1,133934
4787,true,מארז 36 יחידות - מגב,,,מארז 36 יחידות - מגב,,0.00,,false,,0.00,0.0000,true,1,133736
4788,true,מארז 12 יחידות - סוכ,,,מארז 12 יחידות - סוכ,,0.00,,false,,0.00,0.0000,true,1,133935
4789,true,מארז 20 יחידות - פסט,,,מארז 20 יחידות - פסט,,0.00,,false,,0.00,0.0000,true,1,133737
4790,true,מארז 36 יחידות - בול,,,מארז 36 יחידות - בול,,0.00,,false,,0.00,0.0000,true,1,133936
4791,true,מארז 30 יחידות - דגנ,,,מארז 30 יחידות - דגנ,,0.00,,false,,0.00,0.0000,true,1,133738
4792,true,מארז 12 יחידות -פרינ,,,מארז 12 יחידות -פרינ,,0.00,,false,,0.00,0.0000,true,1,133937
4796,true,מארז 10 יחידות בקרטו,,,מארז 10 יחידות בקרטו,,0.00,,false,,0.00,0.0000,true,1,134423
4805,true,מארז 12 יחידות בקרטו,,,מארז 12 יחידות בקרטו,קילוגרמים,1.00,"ק""ג",true,,0.00,0.0000,true,1,134481
4817,true,מארז 30 יחידות בקרטו,,,מארז 30 יחידות בקרטו,,0.00,,false,,0.00,0.0000,true,1,136416
4828,true,עוגת דבש,,,עוגת דבש,,0.00,,false,,5.00,0.0000,true,1,133324
4832,true,מארז 100 יחידות - קי,,,מארז 100 יחידות - קי,,0.00,,false,,0.00,0.0000,true,1,133742
4840,true,ערכת פתיחה לזכיין מת,,,ערכת פתיחה לזכיין מת,,0.00,,false,,0.00,0.0000,true,1,135784
4845,true,קרטוניות לסחלב שוקול,,,קרטוניות לסחלב שוקול,,0.00,,false,,0.00,0.0000,true,1,138477
5564,true,50סכינים קשיח,,,50סכינים קשיח,,0.00,,false,,0.00,0.0000,true,1,135859
5656,true,"חיוב תפוצ""יפס מחודש",,,"חיוב תפוצ""יפס מחודש",,0.00,,false,,0.00,0.0000,true,1,139507
5840,true,רוגלך שוקולד fds,,,רוגלך שוקולד fds,קילוגרמים,1.00,"ק""ג",true,,0.00,0.0000,true,1,136954
6247,true,מפעל-אריזה למגשי איר,,,מפעל-אריזה למגשי איר,,0.00,,false,,0.00,0.0000,true,1,136875
6332,true,מפעל-איולי רגיל,,,מפעל-איולי רגיל,,0.00,,false,,0.00,0.0000,true,1,136831
6500,true,גלופה לשקיות גופיה ס,,,גלופה לשקיות גופיה ס,,0.00,,false,,0.00,0.0000,true,1,133168
6501,true,מפעל-ממרח פסטו לכריך,,,מפעל-ממרח פסטו לכריך,,0.00,,false,,0.00,0.0000,true,1,134848
8888,true,..,,,..,,0.00,,false,,0.00,0.0000,true,1,135612
9999,true,כרטיס נטען,,,כרטיס נטען,,0.00,,false,,0.00,0.0000,true,1,133331
10000,true,כריך טונה לפסח,,,כריך טונה לפסח,,0.00,,false,,0.00,0.0000,true,1,132568
10001,true,כריך מיקס גבינות לפס,,,כריך מיקס גבינות לפס,,0.00,,false,,0.00,0.0000,true,1,132569
10002,true,כריך אבוקדו לפסח,,,כריך אבוקדו לפסח,,0.00,,false,,0.00,0.0000,true,1,132572
10003,true,כריך חביתה לפסח,,,כריך חביתה לפסח,,0.00,,false,,0.00,0.0000,true,1,132573
10004,true,כריך סביח לפסח,,,כריך סביח לפסח,,0.00,,false,,0.00,0.0000,true,1,132574
10009,true,עוגת דבש 250 גרם - ה,,,עוגת דבש 250 גרם - ה,,0.00,,false,,6.00,0.0000,true,1,136832
10010,true,מפעל -מעורב ביצים10,,,מפעל -מעורב ביצים10,,0.00,,false,,2999.90,0.0000,true,1,136335
10541,true,מוצארט בינוני,,,מוצארט בינוני,קילוגרמים,1.00,"ק""ג",true,,12.00,12.0000,true,1,139511
10774,true,נקניקיות מן הצומח) מ,,,נקניקיות מן הצומח) מ,,0.00,,false,,2999.00,0.0000,true,1,135806
11059,true,מפעל-אבקת וואסבי,,,מפעל-אבקת וואסבי,,0.00,,false,,0.00,0.0000,true,1,135651
12345,true,fdgsdvgdf,,,fdgsdvgdf,,0.00,,false,,0.00,0.0000,true,1,132306
13690,true,כפפות ניטריל מידה M,,,כפפות ניטריל מידה M,,0.00,,false,,0.00,0.0000,true,1,136920
14005,true,מפעל-אצות נורי gold,,,מפעל-אצות נורי gold,,0.00,,false,,0.00,0.0000,true,1,136154
15008,true,מפעל-רוטב יאמאסה פרי,,,מפעל-רוטב יאמאסה פרי,,0.00,,false,,0.00,0.0000,true,1,135745
15042,true,"מפעל-רוטב סויה 15 ג""",,,"מפעל-רוטב סויה 15 ג""",,0.00,,false,,0.00,0.0000,true,1,135652
16062,true,מפעל-חומץ אורז מיצוק,,,מפעל-חומץ אורז מיצוק,,0.00,,false,,0.00,0.0000,true,1,135389
18019,true,"מפעל-ג""ינג""ר כבוש לב",,,"מפעל-ג""ינג""ר כבוש לב",,0.00,,false,,0.00,0.0000,true,1,135653
18023,true,מפעל-קנפיו רצועות דל,,,מפעל-קנפיו רצועות דל,,0.00,,false,,0.00,0.0000,true,1,135654
19988,true,כפפות ניילון חד פעמי,,,כפפות ניילון חד פעמי,,0.00,,false,,0.00,0.0000,true,1,138054
19996,true,גליל אריזה 450,,,גליל אריזה 450,,0.00,,false,,0.00,0.0000,true,1,137768
20005,true,פאי אישי קטן אמריקן,,,פאי אישי קטן אמריקן,קילוגרמים,1.00,"ק""ג",true,,12.00,12.0000,true,1,139512
20205,true,פאי אישי קטן שוקולד,,,פאי אישי קטן שוקולד,קילוגרמים,1.00,"ק""ג",true,,12.00,12.0000,true,1,139513
31131,true,רשת יפנית לסיר אורז,,,רשת יפנית לסיר אורז,,0.00,,false,,0.00,0.0000,true,1,136843
32003,true,"מפעל-צ""ופסטיק צפצפה",,,"מפעל-צ""ופסטיק צפצפה",,0.00,,false,,2999.90,0.0000,true,1,135746
33044,true,מפעל-מגש מסיבה M,,,מפעל-מגש מסיבה M,,0.00,,false,,2999.90,0.0000,true,1,135750
33045,true,מפעל-מגש מסיבה L,,,מפעל-מגש מסיבה L,,0.00,,false,,2999.90,0.0000,true,1,135751
33046,true,מפעל-מגש מלבני-6 03,,,מפעל-מגש מלבני-6 03,,0.00,,false,,2999.90,0.0000,true,1,135656
33062,true,מפעל-משג מלבני-4 05,,,מפעל-משג מלבני-4 05,,0.00,,false,,2999.90,0.0000,true,1,135657
34002,true,מפעל-מגש מלבני,,,מפעל-מגש מלבני,,0.00,,false,,2999.90,0.0000,true,1,135392
35893,true,ממתק חמוץ ומסוכר בטע,,,ממתק חמוץ ומסוכר בטע,,0.00,,false,,5.00,0.0000,true,1,134572
36122,true,פשטידת בטטה אישית,,,פשטידת בטטה אישית,קילוגרמים,1.00,"ק""ג",true,,12.00,12.0000,true,1,139519
36322,true,פשטידת בצל אישית,,,פשטידת בצל אישית,קילוגרמים,1.00,"ק""ג",true,,12.00,12.0000,true,1,139520
50010,true,מפעל-ביצה קשה יד אור,,,מפעל-ביצה קשה יד אור,,0.00,,false,,2999.90,0.0000,true,1,135035
50011,true,מפעל-חלבון ביצים מבו,,,מפעל-חלבון ביצים מבו,,0.00,,false,,2999.90,0.0000,true,1,135820
50012,true,מפעל-חלמון ביצים מבו,,,מפעל-חלמון ביצים מבו,,0.00,,false,,2999.90,0.0000,true,1,135821
50301,true,קוראסון שוקולד לא אפ,,,קוראסון שוקולד לא אפ,,0.00,,false,,0.00,0.0000,true,1,136825
50302,true,גביניות לא אפוי - ר,,,גביניות לא אפוי - ר,,0.00,,false,,0.00,0.0000,true,1,136826
50303,true,קוראסון ריק לא אפוי,,,קוראסון ריק לא אפוי,,0.00,,false,,0.00,0.0000,true,1,136827
50304,true,בורקס גבינה לא אפוי,,,בורקס גבינה לא אפוי,,0.00,,false,,0.00,0.0000,true,1,136828
50305,true,"בורקס תפו""א לא אפוי",,,"בורקס תפו""א לא אפוי",,0.00,,false,,0.00,0.0000,true,1,136829
56464,true,מפעל-בייגל טוסט,,,מפעל-בייגל טוסט,,0.00,,false,,2999.90,0.0000,true,1,137914
57453,true,"מפעל -עמק חריץ בד""ץ",,,"מפעל -עמק חריץ בד""ץ",קילוגרמים,1.00,"ק""ג",true,,2999.90,2999.9000,true,1,135451
59488,true,ארגז גבינות קשות מאו,,,ארגז גבינות קשות מאו,,0.00,,false,,0.00,0.0000,true,1,139531
59648,true,ארגז גבינה חדש תל יו,,,ארגז גבינה חדש תל יו,,0.00,,false,,2999.90,0.0000,true,1,135377
75075,true,קדירת מרק 10 ליטר,,,קדירת מרק 10 ליטר,,0.00,,false,,0.00,0.0000,true,1,135920
76777,true,רדיד אלומיניום7.5*3,,,רדיד אלומיניום7.5*3,,0.00,,false,,0.00,0.0000,true,1,134604
81014,true,חלב שקית + 3% ארגז פ,,,חלב שקית + 3% ארגז פ,קילוגרמים,1.00,"ק""ג",true,,2999.00,2999.0000,true,1,139509
99946,true,רול אפ וואלה,,,רול אפ וואלה,,0.00,,false,,0.00,0.0000,true,1,134257
99948,true,מעטפות פרסום וואלה,,,מעטפות פרסום וואלה,,0.00,,false,,0.00,0.0000,true,1,134258
100100,true,מפעל-תבור למהדרין מג,,,מפעל-תבור למהדרין מג,,0.00,,false,,2999.90,0.0000,true,1,135664
100610,true,מפעל-גבינה בולגרית ל,,,מפעל-גבינה בולגרית ל,,0.00,,false,,2999.90,0.0000,true,1,134975
100633,true,מפעל-לה פטה שש-בש 4,,,מפעל-לה פטה שש-בש 4,,0.00,,false,,2999.90,0.0000,true,1,135023
123456,true,קופון טסט,,,קופון טסט,,0.00,,false,,0.01,0.0000,true,1,132220
128901,true,מפעל טרמיסו,,,מפעל טרמיסו,,0.00,,false,,12.00,0.0000,true,1,137840
128902,true,מפעל- בוואריה פרווה,,,מפעל- בוואריה פרווה,,0.00,,false,,5.00,0.0000,true,1,137841
128979,true,מפעל-קוסקוס בינוני,,,מפעל-קוסקוס בינוני,,0.00,,false,,2999.90,0.0000,true,1,137205
130606,true,מפעל-שמן קנולה 3 ליט,,,מפעל-שמן קנולה 3 ליט,,0.00,,false,,0.00,0.0000,true,1,135109
131700,true,מפעל - נייר טואלט לי,,,מפעל - נייר טואלט לי,,0.00,,false,,0.00,0.0000,true,1,137892
131812,true,מפעל- מכסה קערה לסלט,,,מפעל- מכסה קערה לסלט,,0.00,,false,,2999.90,0.0000,true,1,137405
134020,true,מפעל-קרטון לסושי מיק,,,מפעל-קרטון לסושי מיק,,0.00,,false,,0.00,0.0000,true,1,137997
150004,true,"מפעל-סוכר סוגת בד""ץ",,,"מפעל-סוכר סוגת בד""ץ",,0.00,,false,,2999.00,0.0000,true,1,135110
150207,true,"מפעל-מלח עבה 1 ק""ג ב",,,"מפעל-מלח עבה 1 ק""ג ב",,0.00,,false,,0.00,0.0000,true,1,135278
150209,true,מפעל-מלח דק עתלית בד,,,מפעל-מלח דק עתלית בד,,0.00,,false,,0.00,0.0000,true,1,135111
180107,true,מפעל -חמוציות בתפזור,,,מפעל -חמוציות בתפזור,קילוגרמים,1.00,"ק""ג",true,,2999.90,2999.9000,true,1,135145
206010,true,גבינה פירורים בינוני,,,גבינה פירורים בינוני,קילוגרמים,1.00,"ק""ג",true,,12.00,12.0000,true,1,139514
230113,true,מפעל-בורגול 5 קילו ב,,,מפעל-בורגול 5 קילו ב,,0.00,,false,,0.00,0.0000,true,1,135146
230136,true,מפעל-עדשים שחורות 5,,,מפעל-עדשים שחורות 5,,0.00,,false,,2999.00,0.0000,true,1,135672
300042,true,מפעל-עגבניות שרי י.ש,,,מפעל-עגבניות שרי י.ש,,0.00,,false,,0.00,0.0000,true,1,135024
302027,true,פאקט-טיים רד,,,פאקט-טיים רד,,0.00,,false,,0.00,0.0000,true,1,135201
302041,true,פאקט-טיים 100 רד,,,פאקט-טיים 100 רד,,0.00,,false,,0.00,0.0000,true,1,137975
302225,true,פאקט-נובלס פילטר,,,פאקט-נובלס פילטר,,0.00,,false,,0.00,0.0000,true,1,135202
302881,true,פאקט-גולף גולד 100,,,פאקט-גולף גולד 100,,0.00,,false,,0.00,0.0000,true,1,135203
303795,true,פרגית אמיתית 16 יח,,,פרגית אמיתית 16 יח,קילוגרמים,1.00,"ק""ג",true,,0.00,0.0000,true,1,137650
303825,true,זוג פרגית במגש 8 יח,,,זוג פרגית במגש 8 יח,קילוגרמים,1.00,"ק""ג",true,,0.00,0.0000,true,1,137651
303832,true,פרגית אמיתית 16 יח ת,,,פרגית אמיתית 16 יח ת,קילוגרמים,1.00,"ק""ג",true,,0.00,0.0000,true,1,137652
303863,true,עוף של פעם,,,עוף של פעם,קילוגרמים,1.00,"ק""ג",true,,0.00,0.0000,true,1,137785
303870,true,כרעיים של פעם,,,כרעיים של פעם,קילוגרמים,1.00,"ק""ג",true,,0.00,0.0000,true,1,137786
303887,true,חזה של פעם,,,חזה של פעם,קילוגרמים,1.00,"ק""ג",true,,0.00,0.0000,true,1,137787
303894,true,פילה של פעם,,,פילה של פעם,קילוגרמים,1.00,"ק""ג",true,,0.00,0.0000,true,1,137788
303900,true,כנפיים של פעם,,,כנפיים של פעם,קילוגרמים,1.00,"ק""ג",true,,0.00,0.0000,true,1,137789
303917,true,כבד של פעם,,,כבד של פעם,קילוגרמים,1.00,"ק""ג",true,,0.00,0.0000,true,1,137790
305988,true,"גביע ליוגורט 200 מ""ל",,,"גביע ליוגורט 200 מ""ל",,0.00,,false,,0.00,0.0000,true,1,138667
305989,true,"גביע ליוגורט 240 מ""ל",,,"גביע ליוגורט 240 מ""ל",,0.00,,false,,0.00,0.0000,true,1,138484
330113,true,"מפעל-מרק ט .עוף 1 ק""",,,"מפעל-מרק ט .עוף 1 ק""",,0.00,,false,,0.00,0.0000,true,1,135332
340108,true,מפעל-טחינה הנסיך דלי,,,מפעל-טחינה הנסיך דלי,,0.00,,false,,0.00,0.0000,true,1,135240
350108,true,"מפעל-פלפל שטה -צ""ילי",,,"מפעל-פלפל שטה -צ""ילי",,0.00,,false,,0.00,0.0000,true,1,135485
350111,true,מפעל-פפריקה מתוקה 1,,,מפעל-פפריקה מתוקה 1,,0.00,,false,,0.00,0.0000,true,1,135281
350115,true,מפעל-תבלין לשוארמה ק,,,מפעל-תבלין לשוארמה ק,,0.00,,false,,0.00,0.0000,true,1,136957
350127,true,"מפעל-רוזמרין 1 ק""ג ג",,,"מפעל-רוזמרין 1 ק""ג ג",,0.00,,false,,0.00,0.0000,true,1,135333
350175,true,"מפעל-מלח לימון ק""ג ג",,,"מפעל-מלח לימון ק""ג ג",,0.00,,false,,0.00,0.0000,true,1,135282
350199,true,מפעל-אורגנו,,,מפעל-אורגנו,,0.00,,false,,0.00,0.0000,true,1,135283
360120,true,מפעל-פלפל שחור טחון,,,מפעל-פלפל שחור טחון,,0.00,,false,,0.00,0.0000,true,1,135880
360122,true,מפעל-פפריקה חריפה 1,,,מפעל-פפריקה חריפה 1,,0.00,,false,,0.00,0.0000,true,1,135284
370001,true,מפעל-פפריקה מתוקה מע,,,מפעל-פפריקה מתוקה מע,,0.00,,false,,0.00,0.0000,true,1,136777
370003,true,מפעל-פלפל שטה גרוסה,,,מפעל-פלפל שטה גרוסה,,0.00,,false,,0.00,0.0000,true,1,136778
370006,true,מפעל-פלפל שחור גרוס,,,מפעל-פלפל שחור גרוס,,0.00,,false,,0.00,0.0000,true,1,137069
370008,true,מפעל-פלפל שחור טחון,,,מפעל-פלפל שחור טחון,,0.00,,false,,0.00,0.0000,true,1,136779
379593,true,מפעל-מונדלך גדול שמי,,,מפעל-מונדלך גדול שמי,,0.00,,false,,2999.90,0.0000,true,1,136353
381003,true,"מפעל -פטרוזיליה ק""ג",,,"מפעל -פטרוזיליה ק""ג",,0.00,,false,,0.00,0.0000,true,1,135030
381006,true,"מפעל -נענע ק""ג שטוף",,,"מפעל -נענע ק""ג שטוף",,0.00,,false,,0.00,0.0000,true,1,135031
381059,true,"מפעל-מלפפון שלם ק""ג",,,"מפעל-מלפפון שלם ק""ג",,0.00,,false,,0.00,0.0000,true,1,135075
400001,true,עוף שלם,,,עוף שלם,קילוגרמים,1.00,"ק""ג",true,,0.00,0.0000,true,1,137318
400002,true,עוף מפורק,,,עוף מפורק,קילוגרמים,1.00,"ק""ג",true,,0.00,0.0000,true,1,137319
400003,true,כרעיים עוף,,,כרעיים עוף,קילוגרמים,1.00,"ק""ג",true,,0.00,0.0000,true,1,137320
400004,true,שוקיים עוף,,,שוקיים עוף,קילוגרמים,1.00,"ק""ג",true,,0.00,0.0000,true,1,137321
400005,true,ירכיים עוף,,,ירכיים עוף,קילוגרמים,1.00,"ק""ג",true,,0.00,0.0000,true,1,137322
400006,true,כנפיים עוף,,,כנפיים עוף,קילוגרמים,1.00,"ק""ג",true,,0.00,0.0000,true,1,137323
400009,true,שניצל עוף פרוס מובחר,,,שניצל עוף פרוס מובחר,קילוגרמים,1.00,"ק""ג",true,,0.00,0.0000,true,1,137324
400010,true,פרגיות עוף,,,פרגיות עוף,קילוגרמים,1.00,"ק""ג",true,,0.00,0.0000,true,1,137325
400011,true,שיפודי פרגיות,,,שיפודי פרגיות,קילוגרמים,1.00,"ק""ג",true,,0.00,0.0000,true,1,137326
400013,true,עופיון,,,עופיון,קילוגרמים,1.00,"ק""ג",true,,0.00,0.0000,true,1,137327
400014,true,כבד עוף,,,כבד עוף,קילוגרמים,1.00,"ק""ג",true,,0.00,0.0000,true,1,137328
400015,true,לבבות עוף,,,לבבות עוף,קילוגרמים,1.00,"ק""ג",true,,0.00,0.0000,true,1,137329
400017,true,טחון עוף,,,טחון עוף,קילוגרמים,1.00,"ק""ג",true,,0.00,0.0000,true,1,137330
400018,true,פילה עוף,,,פילה עוף,קילוגרמים,1.00,"ק""ג",true,,0.00,0.0000,true,1,137331
400021,true,שיפודי לבבות,,,שיפודי לבבות,קילוגרמים,1.00,"ק""ג",true,,0.00,0.0000,true,1,137332
400024,true,כרעיים בלי עור,,,כרעיים בלי עור,קילוגרמים,1.00,"ק""ג",true,,0.00,0.0000,true,1,137333
400028,true,עוף ללא עצמות,,,עוף ללא עצמות,קילוגרמים,1.00,"ק""ג",true,,0.00,0.0000,true,1,137334
400102,true,רצועות עוף,,,רצועות עוף,קילוגרמים,1.00,"ק""ג",true,,0.00,0.0000,true,1,137335
400103,true,כנפיים הודו,,,כנפיים הודו,קילוגרמים,1.00,"ק""ג",true,,0.00,0.0000,true,1,137336
400104,true,גרון הודו,,,גרון הודו,קילוגרמים,1.00,"ק""ג",true,,0.00,0.0000,true,1,137337
400106,true,רצועות שווארמה נקבה,,,רצועות שווארמה נקבה,קילוגרמים,1.00,"ק""ג",true,,0.00,0.0000,true,1,137338
400107,true,שיפודי שווארמה נקבה,,,שיפודי שווארמה נקבה,קילוגרמים,1.00,"ק""ג",true,,0.00,0.0000,true,1,137339
400108,true,שווארמה הודו נקבה,,,שווארמה הודו נקבה,קילוגרמים,1.00,"ק""ג",true,,0.00,0.0000,true,1,137340
400109,true,וויסבראטן,,,וויסבראטן,קילוגרמים,1.00,"ק""ג",true,,0.00,0.0000,true,1,137341
400111,true,אווזית,,,אווזית,קילוגרמים,1.00,"ק""ג",true,,0.00,0.0000,true,1,137342
400112,true,"צ""אך",,,"צ""אך",קילוגרמים,1.00,"ק""ג",true,,0.00,0.0000,true,1,137343
400115,true,כרעיים ללא עצם,,,כרעיים ללא עצם,קילוגרמים,1.00,"ק""ג",true,,0.00,0.0000,true,1,137344
400117,true,נקניקיות מרגז,,,נקניקיות מרגז,קילוגרמים,1.00,"ק""ג",true,,0.00,0.0000,true,1,137345
400118,true,קבב טרי,,,קבב טרי,קילוגרמים,1.00,"ק""ג",true,,0.00,0.0000,true,1,137346
400121,true,חזה הודו,,,חזה הודו,קילוגרמים,1.00,"ק""ג",true,,0.00,0.0000,true,1,137347
400209,true,אסאדו \שפונדרה עגל,,,אסאדו \שפונדרה עגל,קילוגרמים,1.00,"ק""ג",true,,0.00,0.0000,true,1,137348
400213,true,מעורב ירושלמי,,,מעורב ירושלמי,קילוגרמים,1.00,"ק""ג",true,,0.00,0.0000,true,1,137349
400222,true,אנטריקוט עם עצם טרי,,,אנטריקוט עם עצם טרי,קילוגרמים,1.00,"ק""ג",true,,0.00,0.0000,true,1,137350
400226,true,המבורגר טרי,,,המבורגר טרי,קילוגרמים,1.00,"ק""ג",true,,0.00,0.0000,true,1,137351
400227,true,בשר ראש עגל,,,בשר ראש עגל,קילוגרמים,1.00,"ק""ג",true,,0.00,0.0000,true,1,137352
400228,true,שפונדרה,,,שפונדרה,קילוגרמים,1.00,"ק""ג",true,,0.00,0.0000,true,1,137353
400236,true,שייטל,,,שייטל,קילוגרמים,1.00,"ק""ג",true,,0.00,0.0000,true,1,137354
400237,true,כתף מניון,,,כתף מניון,קילוגרמים,1.00,"ק""ג",true,,0.00,0.0000,true,1,137355
400301,true,אנטריקוט טרי,,,אנטריקוט טרי,קילוגרמים,1.00,"ק""ג",true,,0.00,0.0000,true,1,137356
400302,true,צלעות בקר טרי,,,צלעות בקר טרי,קילוגרמים,1.00,"ק""ג",true,,0.00,0.0000,true,1,137357
400305,true,צלי כתף טרי,,,צלי כתף טרי,קילוגרמים,1.00,"ק""ג",true,,0.00,0.0000,true,1,137358
400306,true,פילה מדומה טרי,,,פילה מדומה טרי,קילוגרמים,1.00,"ק""ג",true,,0.00,0.0000,true,1,137359
400309,true,סינטה טרי,,,סינטה טרי,קילוגרמים,1.00,"ק""ג",true,,0.00,0.0000,true,1,137360
400310,true,פילה בקר טרי,,,פילה בקר טרי,קילוגרמים,1.00,"ק""ג",true,,0.00,0.0000,true,1,137361
400313,true,אסאדו,,,אסאדו,קילוגרמים,1.00,"ק""ג",true,,0.00,0.0000,true,1,137362
400326,true,טחון טרי,,,טחון טרי,קילוגרמים,1.00,"ק""ג",true,,0.00,0.0000,true,1,137363
400401,true,כתף טלה,,,כתף טלה,קילוגרמים,1.00,"ק""ג",true,,0.00,0.0000,true,1,137364
400406,true,לשון בקר טרי,,,לשון בקר טרי,קילוגרמים,1.00,"ק""ג",true,,0.00,0.0000,true,1,137365
400411,true,בשר ראש בקר טרי,,,בשר ראש בקר טרי,קילוגרמים,1.00,"ק""ג",true,,0.00,0.0000,true,1,137366
400412,true,עצמות מוח,,,עצמות מוח,קילוגרמים,1.00,"ק""ג",true,,0.00,0.0000,true,1,138294
400413,true,שריר בשר,,,שריר בשר,קילוגרמים,1.00,"ק""ג",true,,0.00,0.0000,true,1,138295
400414,true,אוסובוקו,,,אוסובוקו,קילוגרמים,1.00,"ק""ג",true,,0.00,0.0000,true,1,138296
400415,true,צלי כתף,,,צלי כתף,קילוגרמים,1.00,"ק""ג",true,,0.00,0.0000,true,1,138297
400416,true,צוואר טלה טרי,,,צוואר טלה טרי,קילוגרמים,1.00,"ק""ג",true,,0.00,0.0000,true,1,138543
400417,true,צלעות טלה טרי,,,צלעות טלה טרי,קילוגרמים,1.00,"ק""ג",true,,0.00,0.0000,true,1,138544
400418,true,חזה טלה טרי,,,חזה טלה טרי,קילוגרמים,1.00,"ק""ג",true,,0.00,0.0000,true,1,138545
405045,true,שלישיית חולצה קופיקס,,,שלישיית חולצה קופיקס,,0.00,,false,,2999.90,0.0000,true,1,144846
410008,true,חזה עוף,,,חזה עוף,קילוגרמים,1.00,"ק""ג",true,,0.00,0.0000,true,1,137367
500122,true,מפעל-רצועות עוף 10 ק,,,מפעל-רצועות עוף 10 ק,קילוגרמים,1.00,"ק""ג",true,,0.00,0.0000,true,1,137070
515042,true,"קמח לבן 1 ק""ג",,,"קמח לבן 1 ק""ג",,0.00,,false,,0.00,0.0000,true,1,132641
532816,true,מפעל-רדידי דיוV-AR-,,,מפעל-רדידי דיוV-AR-,,0.00,,false,,0.00,0.0000,true,1,137062
542041,true,מפעל-לחמנייה כפרי אר,,,מפעל-לחמנייה כפרי אר,,0.00,,false,,2999.90,0.0000,true,1,136354
542180,true,טוויקס 50 גרם,,,טוויקס 50 גרם,,0.00,,false,,5.00,0.0000,true,1,137031
542379,true,מפעל-מיני כפרית,,,מפעל-מיני כפרית,,0.00,,false,,0.70,0.0000,true,1,136842
542966,true,מפעל-שמיניה שומשום ק,,,מפעל-שמיניה שומשום ק,,0.00,,false,,0.00,0.0000,true,1,136864
544443,true,טוויקס 50 גרם,,,טוויקס 50 גרם,,0.00,,false,,5.00,0.0000,true,1,134957
600003,true,מפעל-מלפפון שטוף העד,,,מפעל-מלפפון שטוף העד,,0.00,,false,,0.00,0.0000,true,1,135036
605018,true,מפעל-מזרה סוכריות,,,מפעל-מזרה סוכריות,,0.00,,false,,0.00,0.0000,true,1,136284
605031,true,מפעל-מזרה בטעם שוקול,,,מפעל-מזרה בטעם שוקול,,0.00,,false,,2999.00,0.0000,true,1,136760
608466,true,מפעל-תערובת כדורים ב,,,מפעל-תערובת כדורים ב,,0.00,,false,,0.00,0.0000,true,1,136358
609003,true,מפעל-אבקת סוכר שק ני,,,מפעל-אבקת סוכר שק ני,,0.00,,false,,0.00,0.0000,true,1,136928
609058,true,מפעל-אבקת קקאו20/22,,,מפעל-אבקת קקאו20/22,,0.00,,false,,0.00,0.0000,true,1,136929
611068,true,שניצל פטם דק דק,,,שניצל פטם דק דק,קילוגרמים,1.00,"ק""ג",true,,0.00,0.0000,true,1,137653
611082,true,עוף שלם ללא עצם טרי,,,עוף שלם ללא עצם טרי,קילוגרמים,1.00,"ק""ג",true,,0.00,0.0000,true,1,137654
611099,true,כבד טרי,,,כבד טרי,קילוגרמים,1.00,"ק""ג",true,,0.00,0.0000,true,1,137655
611118,true,מפעל-בוטנים גרוסים ד,,,מפעל-בוטנים גרוסים ד,,0.00,,false,,0.00,0.0000,true,1,136285
611129,true,ירכיים טרי,,,ירכיים טרי,קילוגרמים,1.00,"ק""ג",true,,0.00,0.0000,true,1,137656
611143,true,טחול טרי,,,טחול טרי,קילוגרמים,1.00,"ק""ג",true,,0.00,0.0000,true,1,137657
611150,true,לב טרי,,,לב טרי,קילוגרמים,1.00,"ק""ג",true,,0.00,0.0000,true,1,137658
611167,true,נתחי חזה פטם תפז,,,נתחי חזה פטם תפז,קילוגרמים,1.00,"ק""ג",true,,0.00,0.0000,true,1,137659
611181,true,כנפיים טרי,,,כנפיים טרי,קילוגרמים,1.00,"ק""ג",true,,0.00,0.0000,true,1,137660
611204,true,שניצל דק דק,,,שניצל דק דק,קילוגרמים,1.00,"ק""ג",true,,0.00,0.0000,true,1,137661
611228,true,פילה טרי,,,פילה טרי,קילוגרמים,1.00,"ק""ג",true,,0.00,0.0000,true,1,137662
611242,true,פילה עוף טרי,,,פילה עוף טרי,קילוגרמים,1.00,"ק""ג",true,,0.00,0.0000,true,1,137663
611259,true,חזה חצוי,,,חזה חצוי,קילוגרמים,1.00,"ק""ג",true,,0.00,0.0000,true,1,137664
611273,true,פ -4תפזורת טרי,,,פ -4תפזורת טרי,קילוגרמים,1.00,"ק""ג",true,,0.00,0.0000,true,1,137791
611280,true,פטם טרי,,,פטם טרי,קילוגרמים,1.00,"ק""ג",true,,0.00,0.0000,true,1,137665
611327,true,נתח פרגית טרי,,,נתח פרגית טרי,קילוגרמים,1.00,"ק""ג",true,,0.00,0.0000,true,1,137666
611334,true,סטייק פרגית ב.ע .,,,סטייק פרגית ב.ע .,קילוגרמים,1.00,"ק""ג",true,,0.00,0.0000,true,1,137667
611389,true,כנפית פטם,,,כנפית פטם,קילוגרמים,1.00,"ק""ג",true,,0.00,0.0000,true,1,137668
611396,true,סטייק פרגית ע.ע .,,,סטייק פרגית ע.ע .,קילוגרמים,1.00,"ק""ג",true,,0.00,0.0000,true,1,137669
611402,true,עוף צעיר טרי,,,עוף צעיר טרי,קילוגרמים,1.00,"ק""ג",true,,0.00,0.0000,true,1,137670
611419,true,קורקבן טרי,,,קורקבן טרי,קילוגרמים,1.00,"ק""ג",true,,0.00,0.0000,true,1,137671
611440,true,"שניצל 150 גר """,,,"שניצל 150 גר """,קילוגרמים,1.00,"ק""ג",true,,0.00,0.0000,true,1,137672
611471,true,"שוקיים טרי תפז """,,,"שוקיים טרי תפז """,קילוגרמים,1.00,"ק""ג",true,,0.00,0.0000,true,1,137673
611518,true,כרעיים טרי,,,כרעיים טרי,קילוגרמים,1.00,"ק""ג",true,,0.00,0.0000,true,1,137674
611563,true,קוקטייל טרי,,,קוקטייל טרי,קילוגרמים,1.00,"ק""ג",true,,0.00,0.0000,true,1,137675
611600,true,פ -4גדול,,,פ -4גדול,קילוגרמים,1.00,"ק""ג",true,,0.00,0.0000,true,1,137676
611624,true,"פ -4מס 2 """,,,"פ -4מס 2 """,קילוגרמים,1.00,"ק""ג",true,,0.00,0.0000,true,1,137677
611716,true,שווארמה) פרגית (,,,שווארמה) פרגית (,קילוגרמים,1.00,"ק""ג",true,,0.00,0.0000,true,1,137678
611808,true,כרעיים טרי טנא,,,כרעיים טרי טנא,קילוגרמים,1.00,"ק""ג",true,,0.00,0.0000,true,1,137679
611839,true,שוקיים טרי,,,שוקיים טרי,קילוגרמים,1.00,"ק""ג",true,,0.00,0.0000,true,1,137680
611846,true,כרעיים טרי,,,כרעיים טרי,קילוגרמים,1.00,"ק""ג",true,,0.00,0.0000,true,1,137681
611853,true,כנפיים טרי,,,כנפיים טרי,קילוגרמים,1.00,"ק""ג",true,,0.00,0.0000,true,1,137682
611860,true,חזה טרי,,,חזה טרי,קילוגרמים,1.00,"ק""ג",true,,0.00,0.0000,true,1,137683
611877,true,ירכיים טרי,,,ירכיים טרי,קילוגרמים,1.00,"ק""ג",true,,0.00,0.0000,true,1,137684
611884,true,כבד טרי,,,כבד טרי,קילוגרמים,1.00,"ק""ג",true,,0.00,0.0000,true,1,137685
611891,true,לבבות טרי,,,לבבות טרי,קילוגרמים,1.00,"ק""ג",true,,0.00,0.0000,true,1,137686
611938,true,טחול טרי,,,טחול טרי,קילוגרמים,1.00,"ק""ג",true,,0.00,0.0000,true,1,137687
611945,true,קורקבן טרי,,,קורקבן טרי,קילוגרמים,1.00,"ק""ג",true,,0.00,0.0000,true,1,137688
611952,true,כרעיים טרי 250,,,כרעיים טרי 250,קילוגרמים,1.00,"ק""ג",true,,0.00,0.0000,true,1,137689
611969,true,כרעיים טרי 300,,,כרעיים טרי 300,קילוגרמים,1.00,"ק""ג",true,,0.00,0.0000,true,1,137690
611983,true,שניצל פרוס,,,שניצל פרוס,קילוגרמים,1.00,"ק""ג",true,,0.00,0.0000,true,1,137691
611990,true,שוארמה טרי,,,שוארמה טרי,קילוגרמים,1.00,"ק""ג",true,,0.00,0.0000,true,1,137692
612069,true,כרעיים ללא עצם גב,,,כרעיים ללא עצם גב,קילוגרמים,1.00,"ק""ג",true,,0.00,0.0000,true,1,137693
612102,true,ירך פטם ב.ע.ג .,,,ירך פטם ב.ע.ג .,קילוגרמים,1.00,"ק""ג",true,,0.00,0.0000,true,1,137694
612126,true,כנף חצויה,,,כנף חצויה,קילוגרמים,1.00,"ק""ג",true,,0.00,0.0000,true,1,137695
612149,true,כנף הודו מפורק,,,כנף הודו מפורק,קילוגרמים,1.00,"ק""ג",true,,0.00,0.0000,true,1,137696
612157,true,סטייק פרגיות ארוז,,,סטייק פרגיות ארוז,קילוגרמים,1.00,"ק""ג",true,,0.00,0.0000,true,1,137697
612164,true,חזה הודו נקבה טרי תפ,,,חזה הודו נקבה טרי תפ,קילוגרמים,1.00,"ק""ג",true,,0.00,0.0000,true,1,137772
612171,true,שווארמה הודו נקבה,,,שווארמה הודו נקבה,קילוגרמים,1.00,"ק""ג",true,,0.00,0.0000,true,1,137698
612195,true,הודו שלם נקבה,,,הודו שלם נקבה,קילוגרמים,1.00,"ק""ג",true,,0.00,0.0000,true,1,137699
612201,true,כבד טרי,,,כבד טרי,קילוגרמים,1.00,"ק""ג",true,,0.00,0.0000,true,1,137700
612218,true,קורקבן טרי,,,קורקבן טרי,קילוגרמים,1.00,"ק""ג",true,,0.00,0.0000,true,1,137701
612225,true,לב טרי,,,לב טרי,קילוגרמים,1.00,"ק""ג",true,,0.00,0.0000,true,1,137702
612232,true,אשכים,,,אשכים,קילוגרמים,1.00,"ק""ג",true,,0.00,0.0000,true,1,137703
612249,true,פרפר זכר טרי,,,פרפר זכר טרי,קילוגרמים,1.00,"ק""ג",true,,0.00,0.0000,true,1,137704
612263,true,פרפר נקבה טרי,,,פרפר נקבה טרי,קילוגרמים,1.00,"ק""ג",true,,0.00,0.0000,true,1,137705
612270,true,"חזה פרפר ע""ע זכר",,,"חזה פרפר ע""ע זכר",קילוגרמים,1.00,"ק""ג",true,,0.00,0.0000,true,1,137706
612287,true,"חזה פרפר ע""ע נקבה",,,"חזה פרפר ע""ע נקבה",קילוגרמים,1.00,"ק""ג",true,,0.00,0.0000,true,1,137707
612300,true,שוק הודו פלסטון קטן,,,שוק הודו פלסטון קטן,קילוגרמים,1.00,"ק""ג",true,,0.00,0.0000,true,1,137816
612324,true,חזה זכר חצוי ע.ע,,,חזה זכר חצוי ע.ע,קילוגרמים,1.00,"ק""ג",true,,0.00,0.0000,true,1,137708
612331,true,נתחים,,,נתחים,קילוגרמים,1.00,"ק""ג",true,,0.00,0.0000,true,1,137709
612348,true,שוק זכר טרי,,,שוק זכר טרי,קילוגרמים,1.00,"ק""ג",true,,0.00,0.0000,true,1,137710
612355,true,שוק נקבה טרי,,,שוק נקבה טרי,קילוגרמים,1.00,"ק""ג",true,,0.00,0.0000,true,1,137711
612362,true,חזה זכר חצוי ללא פיל,,,חזה זכר חצוי ללא פיל,קילוגרמים,1.00,"ק""ג",true,,0.00,0.0000,true,1,137712
612379,true,פילה הודו,,,פילה הודו,קילוגרמים,1.00,"ק""ג",true,,0.00,0.0000,true,1,137713
612386,true,שווארמה נקבה טרי,,,שווארמה נקבה טרי,קילוגרמים,1.00,"ק""ג",true,,0.00,0.0000,true,1,137714
612393,true,שווארמה זכר טרי,,,שווארמה זכר טרי,קילוגרמים,1.00,"ק""ג",true,,0.00,0.0000,true,1,137715
612409,true,שישליק טרי,,,שישליק טרי,קילוגרמים,1.00,"ק""ג",true,,0.00,0.0000,true,1,137716
612416,true,שוק מפורק,,,שוק מפורק,קילוגרמים,1.00,"ק""ג",true,,0.00,0.0000,true,1,137717
612430,true,חתיכות,,,חתיכות,קילוגרמים,1.00,"ק""ג",true,,0.00,0.0000,true,1,137718
612447,true,כנף זכר טרי,,,כנף זכר טרי,קילוגרמים,1.00,"ק""ג",true,,0.00,0.0000,true,1,137719
612454,true,שוק מפורק פרוס,,,שוק מפורק פרוס,קילוגרמים,1.00,"ק""ג",true,,0.00,0.0000,true,1,137720
612461,true,כנף נקבה טרי,,,כנף נקבה טרי,קילוגרמים,1.00,"ק""ג",true,,0.00,0.0000,true,1,137721
612508,true,חזה נקבה חצוי טרי,,,חזה נקבה חצוי טרי,קילוגרמים,1.00,"ק""ג",true,,0.00,0.0000,true,1,137722
612539,true,חזה זכר חצוי טרי,,,חזה זכר חצוי טרי,קילוגרמים,1.00,"ק""ג",true,,0.00,0.0000,true,1,137723
612577,true,גרון זכר,,,גרון זכר,קילוגרמים,1.00,"ק""ג",true,,0.00,0.0000,true,1,137724
612584,true,גרון נקבה,,,גרון נקבה,קילוגרמים,1.00,"ק""ג",true,,0.00,0.0000,true,1,137725
612591,true,גרון עוף,,,גרון עוף,קילוגרמים,1.00,"ק""ג",true,,0.00,0.0000,true,1,137726
612607,true,זנבות עם עצם,,,זנבות עם עצם,קילוגרמים,1.00,"ק""ג",true,,0.00,0.0000,true,1,137727
612614,true,טחול,,,טחול,קילוגרמים,1.00,"ק""ג",true,,0.00,0.0000,true,1,137728
612652,true,"ירך זכר ע""ע",,,"ירך זכר ע""ע",קילוגרמים,1.00,"ק""ג",true,,0.00,0.0000,true,1,137729
612867,true,שווארמה ה.נ.טרי,,,שווארמה ה.נ.טרי,קילוגרמים,1.00,"ק""ג",true,,0.00,0.0000,true,1,137730
612874,true,שישליק טרי,,,שישליק טרי,קילוגרמים,1.00,"ק""ג",true,,0.00,0.0000,true,1,137731
612881,true,שוק ה.נ טרי,,,שוק ה.נ טרי,קילוגרמים,1.00,"ק""ג",true,,0.00,0.0000,true,1,137732
612898,true,נתחי הודו טרי,,,נתחי הודו טרי,קילוגרמים,1.00,"ק""ג",true,,0.00,0.0000,true,1,137733
612904,true,חזה ה.נ.טרי,,,חזה ה.נ.טרי,קילוגרמים,1.00,"ק""ג",true,,0.00,0.0000,true,1,137734
612911,true,בשר אדום טרי,,,בשר אדום טרי,קילוגרמים,1.00,"ק""ג",true,,0.00,0.0000,true,1,137735
612928,true,כנפיים ה.נ.טרי,,,כנפיים ה.נ.טרי,קילוגרמים,1.00,"ק""ג",true,,0.00,0.0000,true,1,137736
612935,true,כבד הודו טרי,,,כבד הודו טרי,קילוגרמים,1.00,"ק""ג",true,,0.00,0.0000,true,1,137737
612942,true,לב הודו טרי,,,לב הודו טרי,קילוגרמים,1.00,"ק""ג",true,,0.00,0.0000,true,1,137738
612959,true,קורקבן הודו טרי,,,קורקבן הודו טרי,קילוגרמים,1.00,"ק""ג",true,,0.00,0.0000,true,1,137739
612966,true,גרון הודו טרי,,,גרון הודו טרי,קילוגרמים,1.00,"ק""ג",true,,0.00,0.0000,true,1,137740
612997,true,אשכים ארוז,,,אשכים ארוז,קילוגרמים,1.00,"ק""ג",true,,0.00,0.0000,true,1,137741
631195,true,אנטריקוט עגל חלק,,,אנטריקוט עגל חלק,קילוגרמים,1.00,"ק""ג",true,,0.00,0.0000,true,1,138542
671501,true,מפעל-קוקוס טחון לבן,,,מפעל-קוקוס טחון לבן,,0.00,,false,,0.00,0.0000,true,1,136286
683706,true,גביע לרוטב oz 1.5,,,גביע לרוטב oz 1.5,,0.00,,false,,0.00,0.0000,true,1,137990
685806,true,כרעיים חתוכות בלי עו,,,כרעיים חתוכות בלי עו,קילוגרמים,1.00,"ק""ג",true,,0.00,0.0000,true,1,137742
685844,true,גרון עוף ארוז,,,גרון עוף ארוז,קילוגרמים,1.00,"ק""ג",true,,0.00,0.0000,true,1,137743
756504,true,כפיות גלידה צבעוניות,,,כפיות גלידה צבעוניות,,0.00,,false,,0.00,0.0000,true,1,136754
875001,true,חזה חצוי הקצביה,,,חזה חצוי הקצביה,קילוגרמים,1.00,"ק""ג",true,,0.00,0.0000,true,1,137744
875018,true,שניצל דק הקצביה,,,שניצל דק הקצביה,קילוגרמים,1.00,"ק""ג",true,,0.00,0.0000,true,1,137745
875025,true,פילה פטם הקצביה,,,פילה פטם הקצביה,קילוגרמים,1.00,"ק""ג",true,,0.00,0.0000,true,1,137746
875032,true,כנפיים הקצביה,,,כנפיים הקצביה,קילוגרמים,1.00,"ק""ג",true,,0.00,0.0000,true,1,137747
875049,true,כרעיים הקצביה,,,כרעיים הקצביה,קילוגרמים,1.00,"ק""ג",true,,0.00,0.0000,true,1,137748
875056,true,שוקיים הקצביה,,,שוקיים הקצביה,קילוגרמים,1.00,"ק""ג",true,,0.00,0.0000,true,1,137749
875063,true,פרגית הקצביה,,,פרגית הקצביה,קילוגרמים,1.00,"ק""ג",true,,0.00,0.0000,true,1,137750
875070,true,פרגית פרוסה הקצביה,,,פרגית פרוסה הקצביה,קילוגרמים,1.00,"ק""ג",true,,0.00,0.0000,true,1,137751
875087,true,כבד פטם הקצביה,,,כבד פטם הקצביה,קילוגרמים,1.00,"ק""ג",true,,0.00,0.0000,true,1,137752
875094,true,קוקטייל קצביה,,,קוקטייל קצביה,קילוגרמים,1.00,"ק""ג",true,,0.00,0.0000,true,1,137753
875100,true,לבבות פטם חצוי,,,לבבות פטם חצוי,קילוגרמים,1.00,"ק""ג",true,,0.00,0.0000,true,1,137754
875117,true,לבבות פטם,,,לבבות פטם,קילוגרמים,1.00,"ק""ג",true,,0.00,0.0000,true,1,137755
875308,true,חזה חצוי הקצביה,,,חזה חצוי הקצביה,קילוגרמים,1.00,"ק""ג",true,,0.00,0.0000,true,1,137756
875315,true,שניצל דק הקצביה,,,שניצל דק הקצביה,קילוגרמים,1.00,"ק""ג",true,,0.00,0.0000,true,1,137757
875322,true,פילה פטם הקצביה,,,פילה פטם הקצביה,קילוגרמים,1.00,"ק""ג",true,,0.00,0.0000,true,1,137758
875339,true,כנפיים הקצביה,,,כנפיים הקצביה,קילוגרמים,1.00,"ק""ג",true,,0.00,0.0000,true,1,137759
875346,true,כרעיים הקצביה,,,כרעיים הקצביה,קילוגרמים,1.00,"ק""ג",true,,0.00,0.0000,true,1,137760
875353,true,שוקיים הקצביה,,,שוקיים הקצביה,קילוגרמים,1.00,"ק""ג",true,,0.00,0.0000,true,1,137761
875360,true,פרגית הקצביה,,,פרגית הקצביה,קילוגרמים,1.00,"ק""ג",true,,0.00,0.0000,true,1,137762
875377,true,פרגית פרוסה הקצביה,,,פרגית פרוסה הקצביה,קילוגרמים,1.00,"ק""ג",true,,0.00,0.0000,true,1,137763
875384,true,כבד פטם הקצביה,,,כבד פטם הקצביה,קילוגרמים,1.00,"ק""ג",true,,0.00,0.0000,true,1,137764
934330,true,קדמי טלה חלק מחולק ב,,,קדמי טלה חלק מחולק ב,קילוגרמים,1.00,"ק""ג",true,,0.00,0.0000,true,1,138776
934596,true,צוואר צלעות עגל חלק,,,צוואר צלעות עגל חלק,קילוגרמים,1.00,"ק""ג",true,,0.00,0.0000,true,1,138485
934678,true,אנטריקוט עגל כשר,,,אנטריקוט עגל כשר,קילוגרמים,1.00,"ק""ג",true,,0.00,0.0000,true,1,137636
934689,true,קיט כתף חלק,,,קיט כתף חלק,קילוגרמים,1.00,"ק""ג",true,,0.00,0.0000,true,1,138509
934700,true,נתחים לקצב חלק,,,נתחים לקצב חלק,קילוגרמים,1.00,"ק""ג",true,,0.00,0.0000,true,1,138777
934707,true,עצמות מוח חלק קפוא,,,עצמות מוח חלק קפוא,קילוגרמים,1.00,"ק""ג",true,,0.00,0.0000,true,1,138778
963320,true,סינטה עגל חלק,,,סינטה עגל חלק,קילוגרמים,1.00,"ק""ג",true,,0.00,0.0000,true,1,138779
1000183,true,מפעל-לחמניות מיני שמ,,,מפעל-לחמניות מיני שמ,,0.00,,false,,2999.90,0.0000,true,1,137793
1141004,true,מפעל-פרוסות חציל נקי,,,מפעל-פרוסות חציל נקי,,0.00,,false,,0.00,0.0000,true,1,134757
1157151,true,"מפעל-תפו""א זעיר לבן",,,"מפעל-תפו""א זעיר לבן",,0.00,,false,,2999.90,0.0000,true,1,136972
1230001,true,פרוסות חציל נקי,,,פרוסות חציל נקי,,0.00,,false,,0.00,0.0000,true,1,134699
1230003,true,מפעל-סלט טונה טוניסא,,,מפעל-סלט טונה טוניסא,,0.00,,false,,0.00,0.0000,true,1,134700
1230004,true,מפעל-סלט טונה עם ירק,,,מפעל-סלט טונה עם ירק,,0.00,,false,,0.00,0.0000,true,1,134701
1230005,true,מפעל-טחינה,,,מפעל-טחינה,,0.00,,false,,0.00,0.0000,true,1,134702
1230007,true,מפעל-סלט ביצים,,,מפעל-סלט ביצים,,0.00,,false,,0.00,0.0000,true,1,134758
1240715,true,"כוס370 מ""ל 12oz",,,"כוס370 מ""ל 12oz",,0.00,,false,,2999.90,0.0000,true,1,139302
1280047,true,מפעל-פלפל שחור,,,מפעל-פלפל שחור,,0.00,,false,,0.00,0.0000,true,1,137127
1289002,true,קדאיף fds,,,קדאיף fds,,0.00,,false,,0.00,0.0000,true,1,137839
1289005,true,מפעל-שום כתוש,,,מפעל-שום כתוש,,0.00,,false,,2999.90,0.0000,true,1,137139
1293014,true,מפעל-רדידי דיוV-AR-,,,מפעל-רדידי דיוV-AR-,,0.00,,false,,0.00,0.0000,true,1,137827
1293015,true,מפעל-גליל 85*80 ירוק,,,מפעל-גליל 85*80 ירוק,,0.00,,false,,0.00,0.0000,true,1,137828
1293016,true,מפעל -PPACאקרילי שקו,,,מפעל -PPACאקרילי שקו,,0.00,,false,,0.00,0.0000,true,1,137829
1293017,true,"מפעל-צ""ופסטיק",,,"מפעל-צ""ופסטיק",,0.00,,false,,2999.90,0.0000,true,1,137830
1293018,true,מפעל-מחצלת לסושי,,,מפעל-מחצלת לסושי,,0.00,,false,,0.00,0.0000,true,1,137831
1293020,true,מפעל-שקית מעדניה30*,,,מפעל-שקית מעדניה30*,,0.00,,false,,0.00,0.0000,true,1,137832
1293021,true,מפעל-גלופה / צילינדר,,,מפעל-גלופה / צילינדר,,0.00,,false,,0.00,0.0000,true,1,137833
1293022,true,מפעל-משטח) להשכרה מס,,,מפעל-משטח) להשכרה מס,,0.00,,false,,2999.90,0.0000,true,1,137834
1296001,true,מפעל -ניילון בגליל ע,,,מפעל -ניילון בגליל ע,קילוגרמים,1.00,"ק""ג",true,,0.00,0.0000,true,1,137151
1296003,true,מפעל -ניילון בעובי3,,,מפעל -ניילון בעובי3,קילוגרמים,1.00,"ק""ג",true,,2999.00,2999.0000,true,1,137167
1296004,true,מפעל-ניילון בגליל עו,,,מפעל-ניילון בגליל עו,,0.00,,false,,0.00,0.0000,true,1,137168
1296005,true,מפעל-ניילון בגליל עו,,,מפעל-ניילון בגליל עו,,0.00,,false,,0.00,0.0000,true,1,137169
1296006,true,ניילון נצמד בודד 30,,,ניילון נצמד בודד 30,,0.00,,false,,5.00,0.0000,true,1,137170
1500307,true,סטנד טמפקס 68 EVAX +,,,סטנד טמפקס 68 EVAX +,,0.00,,false,,0.00,0.0000,true,1,135723
1532010,true,מפעל-סלמון מעושן חם,,,מפעל-סלמון מעושן חם,קילוגרמים,1.00,"ק""ג",true,,2999.90,2999.9000,true,1,135470
1532011,true,מפעל-סלמון מעושן חם,,,מפעל-סלמון מעושן חם,קילוגרמים,1.00,"ק""ג",true,,2999.90,2999.9000,true,1,136398
1613773,true,מפעל-אריזה בריזה270,,,מפעל-אריזה בריזה270,,0.00,,false,,0.00,0.0000,true,1,135300
1700009,true,גלילון שירות 45*30,,,גלילון שירות 45*30,,0.00,,false,,0.00,0.0000,true,1,138052
1700030,true,גלילון שירותH 45*30,,,גלילון שירותH 45*30,,0.00,,false,,0.00,0.0000,true,1,137765
1700210,true,שקיות גופיה לבן גדול,,,שקיות גופיה לבן גדול,,0.00,,false,,0.00,0.0000,true,1,138514
1700402,true,צלופן במשקל,,,צלופן במשקל,,0.00,,false,,0.00,0.0000,true,1,137766
1700512,true,כפפות לטקס L -,,,כפפות לטקס L -,,0.00,,false,,0.00,0.0000,true,1,137767
1700657,true,אשפתון קומפקט גליל ש,,,אשפתון קומפקט גליל ש,,0.00,,false,,0.00,0.0000,true,1,138053
1855911,true,"שמן קנולה 650 מ""ל",,,"שמן קנולה 650 מ""ל",,0.00,,false,,5.00,0.0000,true,1,132710
2001845,true,מפעל-סלמון,,,מפעל-סלמון,,0.00,,false,,0.00,0.0000,true,1,134759
2002149,true,מפעל -ממרח אריסה א2.,,,מפעל -ממרח אריסה א2.,,0.00,,false,,2999.90,0.0000,true,1,135370
2002150,true,מפעל-ממרח עגבניות מי,,,מפעל-ממרח עגבניות מי,,0.00,,false,,2999.90,0.0000,true,1,136407
2005401,true,מפעל -PPACאקרילי שקו,,,מפעל -PPACאקרילי שקו,,0.00,,false,,0.00,0.0000,true,1,137061
2020102,true,מפעל-ממרח לימון כבוש,,,מפעל-ממרח לימון כבוש,,0.00,,false,,2999.90,0.0000,true,1,135371
2020123,true,מפעל-ממרח עגבניות א1,,,מפעל-ממרח עגבניות א1,,0.00,,false,,2999.90,0.0000,true,1,135372
2020125,true,מפעל-ממרח זית ירוק א,,,מפעל-ממרח זית ירוק א,,0.00,,false,,2999.90,0.0000,true,1,136194
2020126,true,מפעל-ממרח פלפל א3 10,,,מפעל-ממרח פלפל א3 10,,0.00,,false,,2999.90,0.0000,true,1,135373
2057451,true,מלפפונים גדולים בחומ,,,מלפפונים גדולים בחומ,,0.00,,false,,5.00,0.0000,true,1,134649
2079422,true,קרוטונים למרק 250 גר,,,קרוטונים למרק 250 גר,,0.00,,false,,5.00,0.0000,true,1,133334
2214153,true,שוקית פטם,,,שוקית פטם,קילוגרמים,1.00,"ק""ג",true,,0.00,0.0000,true,1,137527
2276050,true,מפעל-לחמנית ארבע עונ,,,מפעל-לחמנית ארבע עונ,,0.00,,false,,2999.90,0.0000,true,1,136666
2276111,true,מפעל-לחמנית בורג מתו,,,מפעל-לחמנית בורג מתו,,0.00,,false,,2999.90,0.0000,true,1,136670
2500011,true,נייר תעשייתי ורד120,,,נייר תעשייתי ורד120,,0.00,,false,,0.00,0.0000,true,1,137769
2707500,true,מפעל-חסה רומיין 500,,,מפעל-חסה רומיין 500,,0.00,,false,,0.00,0.0000,true,1,136324
2711533,true,מפעל-פטרוזיליה,,,מפעל-פטרוזיליה,,0.00,,false,,0.00,0.0000,true,1,134737
2714100,true,מפעל-נענע,,,מפעל-נענע,,0.00,,false,,0.00,0.0000,true,1,134738
2715200,true,"מפעל-בצל קוביות 1 ק""",,,"מפעל-בצל קוביות 1 ק""",,0.00,,false,,2999.90,0.0000,true,1,134925
2716100,true,"מפעל-סלרי קצוץ ק""ג",,,"מפעל-סלרי קצוץ ק""ג",,0.00,,false,,2999.00,0.0000,true,1,135630
2794015,true,מפעל-לקט ירקות,,,מפעל-לקט ירקות,,0.00,,false,,2999.90,0.0000,true,1,134741
2800008,true,מגש קלקר לכרעיים סופ,,,מגש קלקר לכרעיים סופ,,0.00,,false,,0.00,0.0000,true,1,137770
2800009,true,מגש קלקר לקבב סופג,,,מגש קלקר לקבב סופג,,0.00,,false,,0.00,0.0000,true,1,137974
2800010,true,מגש קלקר לשניצל סופג,,,מגש קלקר לשניצל סופג,,0.00,,false,,0.00,0.0000,true,1,137771
2881735,true,לבבות דקל 400 גרם,,,לבבות דקל 400 גרם,,0.00,,false,,0.00,0.0000,true,1,137634
2901300,true,מפעל-עגבניית שרי שטו,,,מפעל-עגבניית שרי שטו,,0.00,,false,,0.00,0.0000,true,1,134961
2944100,true,מפעל-גזר מקולף 5 קיל,,,מפעל-גזר מקולף 5 קיל,,0.00,,false,,2999.90,0.0000,true,1,135147
2951100,true,מפעל-בטטה מקולפת,,,מפעל-בטטה מקולפת,,0.00,,false,,2999.90,0.0000,true,1,135233
2985200,true,מפעל-מלפפון שטוף,,,מפעל-מלפפון שטוף,,0.00,,false,,2999.00,0.0000,true,1,134934
3143401,true,"שווארמה ה.ז .ע""ע",,,"שווארמה ה.ז .ע""ע",קילוגרמים,1.00,"ק""ג",true,,0.00,0.0000,true,1,137572
4119522,true,שוקו שוק בשקית 225 מ,,,שוקו שוק בשקית 225 מ,,0.00,,false,,5.00,0.0000,true,1,132711
4134198,true,משקה בננה תנובה בקבו,,,משקה בננה תנובה בקבו,,0.00,,false,,5.00,0.0000,true,1,134612
4536660,true,רדיד אלומיניום7.5*3,,,רדיד אלומיניום7.5*3,,0.00,,false,,0.00,0.0000,true,1,134424
4798055,true,מסבין סנטטי 230 גרם,,,מסבין סנטטי 230 גרם,,0.00,,false,,5.00,0.0000,true,1,133194
4869298,true,מיני קרואסון שמרים ק,,,מיני קרואסון שמרים ק,קילוגרמים,1.00,"ק""ג",true,,0.00,0.0000,true,1,136952
4869380,true,מיני קרואסון שוקו אפ,,,מיני קרואסון שוקו אפ,קילוגרמים,1.00,"ק""ג",true,,0.00,0.0000,true,1,136953
4869465,true,בורקס תפוא רגיל fds,,,בורקס תפוא רגיל fds,קילוגרמים,1.00,"ק""ג",true,,0.00,0.0000,true,1,137573
4869472,true,בורקס גבינה רגילfds,,,בורקס גבינה רגילfds,קילוגרמים,1.00,"ק""ג",true,,0.00,0.0000,true,1,137574
5053177,true,גבינת שמנת,,,גבינת שמנת,,0.00,,false,,0.00,0.0000,true,1,136852
5431593,true,קדאיף עדן קינוחים,,,קדאיף עדן קינוחים,,0.00,,false,,0.00,0.0000,true,1,136859
5431753,true,עוגת ביסקוויטים,,,עוגת ביסקוויטים,,0.00,,false,,0.00,0.0000,true,1,136401
5604320,true,מפעל-גמבה קוביות 9 ל,,,מפעל-גמבה קוביות 9 ל,קילוגרמים,1.00,"ק""ג",true,,2999.90,2999.9000,true,1,135780
6901268,true,קופיקס -דובונים 40 ג,,,קופיקס- דובונים 40 ג,,0.00,,false,,4.10,0.0000,true,1,134959
6920878,true,במבה קלאסי 80 גרם,,,במבה קלאסי 80 גרם,,0.00,,false,,0.00,0.0000,true,1,136209
6925610,true,אסם בייגלה שטוחים מל,,,אסם בייגלה שטוחים מל,,0.00,,false,,0.00,0.0000,true,1,139256
6929281,true,ביסלי גריל 70 הגרם,,,ביסלי גריל 70 הגרם,,0.00,,false,,5.00,0.0000,true,1,134577
6929792,true,פריכונים מיני עשבי ת,,,פריכונים מיני עשבי ת,,0.00,,false,,0.00,0.0000,true,1,139537
6930074,true,פריכונים מיני בצל מק,,,פריכונים מיני בצל מק,,0.00,,false,,0.00,0.0000,true,1,139538
6930640,true,מפעל-ביצה קשה,,,מפעל-ביצה קשה,,0.00,,false,,2999.90,0.0000,true,1,134704
7002124,true,"ווסקי ג""יימסון 1 לי",,,"ווסקי ג""יימסון 1 לי",,0.00,,false,,0.00,0.0000,true,1,133879
7029012,true,גביע לרוטב 50cc,,,גביע לרוטב 50cc,,0.00,,false,,0.00,0.0000,true,1,138555
7644594,true,מפעל -חטיף גרנולה שו,,,מפעל -חטיף גרנולה שו,,0.00,,false,,0.00,0.0000,true,1,137842
7644600,true,מפעל - חטיף גרנולה ש,,,מפעל - חטיף גרנולה ש,,0.00,,false,,0.00,0.0000,true,1,137843
10000188,true,מפעל-לחמניות ביס דגנ,,,מפעל-לחמניות ביס דגנ,,0.00,,false,,2999.90,0.0000,true,1,137792
10293800,true,מפעל-זיתים טבעות ירו,,,מפעל-זיתים טבעות ירו,,0.00,,false,,2999.90,0.0000,true,1,135881
10321611,true,שקית חלב 1% העדה החר,,,שקית חלב 1% העדה החר,,0.00,,false,,0.00,0.0000,true,1,138692
10321680,false,יוגורט 2.9% תות גו 2,,,יוגורט 2.9% תות גו 2,גרמים,200.00,100 גרם,false,,5.50,0.0275,true,1,149004
10321697,false,יוגורט 2.9% אפרסק גו,,,יוגורט 2.9% אפרסק גו,גרמים,200.00,100 גרם,false,,5.70,0.0285,true,1,148999
10322014,false,טופו טבעי 300 גרם,,,טופו טבעי 300 גרם,גרמים,300.00,100 גרם,false,,12.50,0.0417,true,1,149076
10322021,false,טופו בזיליקום 300 גר,,,טופו בזיליקום 300 גר,גרמים,300.00,100 גרם,false,,12.50,0.0417,true,1,149156
10323073,false,משקה יוגורט 1% 20 גר,,,משקה יוגורט 1% 20 גר,מיליליטרים,250.00,"100 מ""ל",false,,6.30,0.0252,true,1,149358
10323592,false,יוגורט לייט 0.5% מוע,,,יוגורט לייט 0.5% מוע,גרמים,200.00,100 גרם,false,,5.70,0.0285,true,1,149002
10323714,false,משקה קוקוס שקדים תנו,,,משקה קוקוס שקדים תנו,מיליליטרים,1000.00,"100 מ""ל",false,,12.90,0.0129,true,1,149006
10326241,false,יופלה און טופ גרנולה,,,יופלה און טופ גרנולה,גרמים,157.00,100 גרם,false,,5.00,0.0318,true,1,149141
11179345,false,כוסות שתיה קרה 100 י,כוסות שתיה קרה 4 ב 1,,כוסות שתיה קרה 100 י,Unknown,100.00,יחידה,false,,7.90,0.0790,true,1,143237
11499297,true,ברי פקאן 25% שומן12,,,ברי פקאן 25% שומן12,,0.00,,false,,20.00,0.0000,true,1,138660
11499334,true,גבינת קממבר צאן 125,,,גבינת קממבר צאן 125,,0.00,,false,,18.00,0.0000,true,1,138661
12000001,true,"כוס370 מ""ל 12oz",,,"כוס370 מ""ל 12oz",,0.00,,false,,2999.90,0.0000,true,1,138563
12227851,true,מפעל-קריספי סטיק פלא,,,מפעל-קריספי סטיק פלא,,0.00,,false,,0.00,0.0000,true,1,136365
12284722,true,שישית פיטנס בר דליס,,,שישית פיטנס בר דליס,,0.00,,false,,0.00,0.0000,true,1,135861
12870003,true,מפעל-כפפות ניטרל S,,,מפעל-כפפות ניטרל S,,0.00,,false,,20.00,0.0000,true,1,137267
12890003,true,מפעל-אבקת ווסאבי,,,מפעל-אבקת ווסאבי,,0.00,,false,,0.00,0.0000,true,1,137089
12890004,true,מפעל-אורגנו,,,מפעל-אורגנו,,0.00,,false,,0.00,0.0000,true,1,137090
12890005,true,מפעל-אורז לסושי,,,מפעל-אורז לסושי,קילוגרמים,1.00,"ק""ג",true,,0.00,0.0000,true,1,137091
12890007,true,מפעל-אצות לסושי,,,מפעל-אצות לסושי,,0.00,,false,,0.00,0.0000,true,1,137093
12890010,true,מפעל-קוביות בטטה מטו,,,מפעל-קוביות בטטה מטו,,0.00,,false,,0.00,0.0000,true,1,137096
12890014,true,"מפעל-ג""ינג""ר לסושי",,,"מפעל-ג""ינג""ר לסושי",,0.00,,false,,0.00,0.0000,true,1,137100
12890016,true,מפעל-גבינת שמנת,,,מפעל-גבינת שמנת,קילוגרמים,1.00,"ק""ג",true,,0.00,0.0000,true,1,137105
12890019,true,מפעל-חומץ אורז לסושי,,,מפעל-חומץ אורז לסושי,,0.00,,false,,0.00,0.0000,true,1,137108
12890026,true,מפעל-מירין,,,מפעל-מירין,,0.00,,false,,0.00,0.0000,true,1,137115
12890027,true,מפעל-מלח דק,,,מפעל-מלח דק,,0.00,,false,,0.00,0.0000,true,1,137116
12890031,true,מפעל-מלח לימון,,,מפעל-מלח לימון,,0.00,,false,,0.00,0.0000,true,1,137120
12890037,true,מפעל-מרק טעם עוף,,,מפעל-מרק טעם עוף,,0.00,,false,,0.00,0.0000,true,1,137125
12890038,true,מפעל-סאקה,,,מפעל-סאקה,,0.00,,false,,0.00,0.0000,true,1,137128
12890042,true,מפעל-עגבניית שרי,,,מפעל-עגבניית שרי,,0.00,,false,,0.00,0.0000,true,1,137132
12890044,true,מפעל-פטרוזיליה,,,מפעל-פטרוזיליה,קילוגרמים,1.00,"ק""ג",true,,0.00,0.0000,true,1,137134
12890046,true,מפעל-פלפל שטה גרוסה,,,מפעל-פלפל שטה גרוסה,,0.00,,false,,0.00,0.0000,true,1,137136
12890047,true,מפעל-פלפל שחור טחון,,,מפעל-פלפל שחור טחון,,0.00,,false,,0.00,0.0000,true,1,137206
12890049,true,מפעל-פנקו,,,מפעל-פנקו,,0.00,,false,,0.00,0.0000,true,1,137138
12890050,true,מפעל-פסטה מסולסלת,,,מפעל-פסטה מסולסלת,,0.00,,false,,0.00,0.0000,true,1,137140
12890051,true,מפעל-פפריקה חריפה,,,מפעל-פפריקה חריפה,,0.00,,false,,0.00,0.0000,true,1,137141
12890052,true,מפעל-פפריקה מתוקה מו,,,מפעל-פפריקה מתוקה מו,,0.00,,false,,0.00,0.0000,true,1,137142
12890053,true,"מפעל-צ""ופסטיק צפצפה",,,"מפעל-צ""ופסטיק צפצפה",,0.00,,false,,2999.90,0.0000,true,1,137143
12890054,true,מפעל-קנפיו לסושי,,,מפעל-קנפיו לסושי,,0.00,,false,,0.00,0.0000,true,1,137144
12890055,true,מפעל-רוזמרין,,,מפעל-רוזמרין,,0.00,,false,,0.00,0.0000,true,1,137145
12890056,true,מפעל-רוטב סויה אישי,,,מפעל-רוטב סויה אישי,,0.00,,false,,0.00,0.0000,true,1,137146
12890058,true,מפעל-שומשום לבן,,,מפעל-שומשום לבן,,0.00,,false,,0.00,0.0000,true,1,137147
12890059,true,מפעל-שומשום שחור קלו,,,מפעל-שומשום שחור קלו,,0.00,,false,,0.00,0.0000,true,1,137148
12890060,true,מפעל-שמן קנולה,,,מפעל-שמן קנולה,קילוגרמים,1.00,"ק""ג",true,,0.00,0.0000,true,1,137149
12890063,true,מפעל-כורכום מוקרן,,,מפעל-כורכום מוקרן,,0.00,,false,,0.00,0.0000,true,1,137188
12890064,true,מפעל-כמון מוקרן,,,מפעל-כמון מוקרן,,0.00,,false,,0.00,0.0000,true,1,137189
12890066,true,מפעל-רוטב ישראלי לסל,,,מפעל-רוטב ישראלי לסל,,0.00,,false,,0.00,0.0000,true,1,137190
12890071,true,מפעל-שמן קנולה,,,מפעל-שמן קנולה,,0.00,,false,,0.00,0.0000,true,1,137195
12890073,true,מפעל-ויניגרט אישי לס,,,מפעל-ויניגרט אישי לס,,0.00,,false,,0.00,0.0000,true,1,137197
12890074,true,מפעל-רוטב סויה יאמאס,,,מפעל-רוטב סויה יאמאס,,0.00,,false,,0.00,0.0000,true,1,137198
12890075,true,מפעל-מלח עבה,,,מפעל-מלח עבה,,0.00,,false,,0.00,0.0000,true,1,137199
12890076,true,מפעל-בורגול,,,מפעל-בורגול,,0.00,,false,,0.00,0.0000,true,1,137200
12890078,true,מפעל-פלפל שטה גרוס,,,מפעל-פלפל שטה גרוס,,0.00,,false,,0.00,0.0000,true,1,137202
12890081,true,מפעל-פפריקה מתוקה לא,,,מפעל-פפריקה מתוקה לא,,0.00,,false,,0.00,0.0000,true,1,137204
12890082,true,מפעל-פלפל שחור גרוס,,,מפעל-פלפל שחור גרוס,,0.00,,false,,0.00,0.0000,true,1,137208
12890083,true,מפעל-פלפל שחור טחון,,,מפעל-פלפל שחור טחון,,0.00,,false,,0.00,0.0000,true,1,137209
12890084,true,מפעל-רצועות עוף סויה,,,מפעל-רצועות עוף סויה,קילוגרמים,1.00,"ק""ג",true,,0.00,0.0000,true,1,137210
12890085,true,מפעל-סוכריות לכדורי,,,מפעל-סוכריות לכדורי,,0.00,,false,,0.00,0.0000,true,1,137211
12890087,true,מפעל-תערובת כדורים ב,,,מפעל-תערובת כדורים ב,,0.00,,false,,0.00,0.0000,true,1,137213
12890088,true,מפעל-אבקת סוכר,,,מפעל-אבקת סוכר,,0.00,,false,,0.00,0.0000,true,1,137214
12890089,true,מפעל-אבקת קקאו,,,מפעל-אבקת קקאו,קילוגרמים,1.00,"ק""ג",true,,0.00,0.0000,true,1,137215
12890090,true,מפעל-בוטנים גרוסים,,,מפעל-בוטנים גרוסים,,0.00,,false,,0.00,0.0000,true,1,137216
12890091,true,מפעל-קוקוס טחון,,,מפעל-קוקוס טחון,,0.00,,false,,0.00,0.0000,true,1,137217
12890092,true,מפעל-רוטב סויה אישי,,,מפעל-רוטב סויה אישי,,0.00,,false,,0.00,0.0000,true,1,137218
12890106,true,מפעל-לחמניית מזונות,,,מפעל-לחמניית מזונות,,0.00,,false,,2999.90,0.0000,true,1,137226
12890107,true,מפעל-פרנה 120 גרם,,,מפעל-פרנה 120 גרם,,0.00,,false,,2999.90,0.0000,true,1,137227
12890118,true,מפעל-נתחי טונה בשמן,,,מפעל-נתחי טונה בשמן,קילוגרמים,1.00,"ק""ג",true,,0.00,0.0000,true,1,137369
12890119,true,מפעל-מחצלת לסושי24X,,,מפעל-מחצלת לסושי24X,,0.00,,false,,0.00,0.0000,true,1,137370
12890121,true,מפעל-רוטב סויה אישי,,,מפעל-רוטב סויה אישי,,0.00,,false,,0.00,0.0000,true,1,137382
12890124,true,מפעל-תירס גרעינים קפ,,,מפעל-תירס גרעינים קפ,,0.00,,false,,0.00,0.0000,true,1,137429
12890132,true,מפעל-לחמניה מזרחית ע,,,מפעל-לחמניה מזרחית ע,,0.00,,false,,2999.90,0.0000,true,1,138111
12890133,true,מפעל-לחמניה כפרית75,,,מפעל-לחמניה כפרית75,,0.00,,false,,0.70,0.0000,true,1,138112
12890134,true,"מפעל-תפו""א מקולף לטו",,,"מפעל-תפו""א מקולף",קילוגרמים,1.00,"ק""ג",true,,0.00,0.0000,true,1,138113
12890135,true,מפעל-ניילון רדיד שקו,,,מפעל-ניילון רדיד שקו,קילוגרמים,1.00,"ק""ג",true,,0.00,0.0000,true,1,138133
12890137,true,"מפעל-רוטב צ""ילי מתוק",,,"מפעל-רוטב צ""ילי מתוק",,0.00,,false,,0.00,0.0000,true,1,138236
12890138,true,מפעל-בוטנים קלויים,,,מפעל-בוטנים קלויים,,0.00,,false,,0.00,0.0000,true,1,138237
12890140,true,מפעל-צנון כבוש לסושי,,,מפעל-צנון כבוש לסושי,,0.00,,false,,0.00,0.0000,true,1,138293
12890141,true,מפעל-חרדל,,,מפעל-חרדל,,0.00,,false,,0.00,0.0000,true,1,138301
12890142,true,מפעל-קרוטונים למרק,,,מפעל-קרוטונים למרק,קילוגרמים,1.00,"ק""ג",true,,0.00,0.0000,true,1,138569
12890144,true,מפעל-תחליף גבינה פיצ,,,מפעל-תחליף גבינה פיצ,,0.00,,false,,0.00,0.0000,true,1,138571
12890226,true,מפעל-ממרח טפנד זיתים,,,מפעל-ממרח טפנד זיתים,,0.00,,false,,0.00,0.0000,true,1,139026
12890227,true,מפעל-תפוח,,,מפעל-תפוח,,0.00,,false,,0.00,0.0000,true,1,139044
12890228,true,מפעל-עגבניות קוביות,,,מפעל-עגבניות קוביות,,0.00,,false,,0.00,0.0000,true,1,139049
12890231,true,מפעל-חומצה אסקורבית,,,מפעל-חומצה אסקורבית,,0.00,,false,,0.00,0.0000,true,1,139089
12890232,true,מפעל-פלפל קלוי,,,מפעל-פלפל קלוי,,0.00,,false,,0.00,0.0000,true,1,139092
12890236,true,מפעל-טפנד זיתים,,,מפעל-טפנד זיתים,,0.00,,false,,0.00,0.0000,true,1,139428
12890242,true,מפעל-עגבניות קוביות,,,מפעל-עגבניות קוביות,,0.00,,false,,0.00,0.0000,true,1,139493
12890243,true,מפעל-גבינת קרם שמנת,,,מפעל-גבינת קרם שמנת,,0.00,,false,,0.00,0.0000,true,1,139504
12890244,true,מפעל-גבינת קרם שמנת,,,מפעל-גבינת קרם שמנת,,0.00,,false,,0.00,0.0000,true,1,139505
12890245,true,מפעל-ממרח בטעם שוקול,,,מפעל-ממרח בטעם שוקול,,0.00,,false,,0.00,0.0000,true,1,139506
12891020,true,מפעל-קרוטונים למרק,,,מפעל-קרוטונים למרק,קילוגרמים,1.00,"ק""ג",true,,0.00,0.0000,true,1,138561
12891024,true,מפעל-לחמניה בריוש,,,מפעל-לחמניה בריוש,,0.00,,false,,0.00,0.0000,true,1,138572
12891025,true,מפעל-שבלול מתוק,,,מפעל-שבלול מתוק,,0.00,,false,,0.00,0.0000,true,1,138573
12891026,true,"מפעל-ג""בטינה מיני",,,"מפעל-ג""בטינה מיני",,0.00,,false,,0.00,0.0000,true,1,138574
12891027,true,מפעל-ביס פרג,,,מפעל-ביס פרג,,0.00,,false,,0.00,0.0000,true,1,138575
12891028,true,מפעל-מיני כפרית,,,מפעל-מיני כפרית,,0.00,,false,,0.00,0.0000,true,1,138576
12891029,true,מפעל-פסטה פנה,,,מפעל-פסטה פנה,,0.00,,false,,0.00,0.0000,true,1,138693
12891030,true,מפעל-פסטה ספגטי,,,מפעל-פסטה ספגטי,,0.00,,false,,0.00,0.0000,true,1,138694
12891031,true,מפעל-רוטב סויה סיני,,,מפעל-רוטב סויה סיני,,0.00,,false,,0.00,0.0000,true,1,138695
12891032,true,מפעל-רוטב בסגנון נפא,,,מפעל-רוטב בסגנון נפא,,0.00,,false,,0.00,0.0000,true,1,138696
12891033,true,"מפעל-רוטב סצ""ואן",,,"מפעל-רוטב סצ""ואן",,0.00,,false,,0.00,0.0000,true,1,138697
12891034,true,מפעל-רוטב טריאקי,,,מפעל-רוטב טריאקי,,0.00,,false,,0.00,0.0000,true,1,138698
12891035,true,"מפעל-רוטב צ""ילי מתוק",,,"מפעל-רוטב צ""ילי מתוק",,0.00,,false,,0.00,0.0000,true,1,138699
12891038,true,מפעל-קסטן דגנים,,,מפעל-קסטן דגנים,,0.00,,false,,0.00,0.0000,true,1,139030
12891040,true,מפעל-באן חלבה,,,מפעל-באן חלבה,,0.00,,false,,0.00,0.0000,true,1,139050
12891041,true,מפעל-פריקסה בהיר קטן,,,מפעל-פריקסה בהיר קטן,,0.00,,false,,0.00,0.0000,true,1,139499
12891042,true,מפעל-פריקסה חצי אפוי,,,מפעל-פריקסה חצי אפוי,,0.00,,false,,0.00,0.0000,true,1,139500
12892001,true,מפעל-מיני כפרית,,,מפעל-מיני כפרית,,0.00,,false,,0.00,0.0000,true,1,138087
12910001,true,מפעל-מיני שמינייה מז,,,מפעל-מיני שמינייה מז,,0.00,,false,,0.00,0.0000,true,1,136955
12970001,true,מפעל-כפפות ניטריל L,,,מפעל-כפפות ניטריל L,,0.00,,false,,0.00,0.0000,true,1,137264
12970002,true,מפעל -ניטריל כפפותM,,,מפעל -ניטריל כפפותM,,0.00,,false,,0.00,0.0000,true,1,137268
13022038,false,טופו פיקנטי 300 גרם,תנובה 8+2 הזול מבניה,,טופו פיקנטי 300 גרם,גרמים,300.00,100 גרם,false,,12.90,0.0430,true,1,149157
13024704,false,טופו פרובנס 300 גרם,תנובה 8+2 הזול מבניה,,טופו פרובנס 300 גרם,גרמים,300.00,100 גרם,false,,12.90,0.0430,true,1,149158
13070001,true,קיט-שקשוקה,,,קיט-שקשוקה,קילוגרמים,1.00,"ק""ג",true,,0.00,0.0000,true,1,138175
13170001,true,מפעל -md10מטליות ניק,,,מפעל -md10מטליות ניק,,0.00,,false,,0.00,0.0000,true,1,137269
13170002,true,מפעל-ספטוקל בלון 20,,,מפעל-ספטוקל בלון 20,,0.00,,false,,0.00,0.0000,true,1,137270
13170004,true,מפעל -QUICKDESבלון1,,,מפעל -QUICKDESבלון1,,0.00,,false,,0.00,0.0000,true,1,137272
13170005,true,מפעל MS -TOPבלון 20,,,מפעל MS -TOPבלון 20,,0.00,,false,,0.00,0.0000,true,1,137273
13170006,true,"מפעל -ZA28מיכל 25 ק""",,,"מפעל -ZA28מיכל 25 ק""",,0.00,,false,,0.00,0.0000,true,1,137274
13170007,true,מפעל-מטליותQUICKDES,,,מפעל-מטליותQUICKDES,,0.00,,false,,0.00,0.0000,true,1,137275
13170008,true,מפעל-גליל נייר תעשיי,,,מפעל-גליל נייר תעשיי,,0.00,,false,,2999.90,0.0000,true,1,137276
13170009,true,מפעל-סולו אקונומיקה,,,מפעל-סולו אקונומיקה,,0.00,,false,,2999.90,0.0000,true,1,137277
13170010,true,מפעל -md10נוזל לחיטו,,,מפעל -md10נוזל לחיטו,,0.00,,false,,0.00,0.0000,true,1,137278
13170011,true,"מפעל 26 F NL20 -ק""ג",,,"מפעל 26 F NL20 -ק""ג",,0.00,,false,,0.00,0.0000,true,1,137279
13170012,true,מפעל-שפירצר ריק לניק,,,מפעל-שפירצר ריק לניק,,0.00,,false,,0.00,0.0000,true,1,137317
13170013,true,מפעל -OMD-10חומר חיט,,,מפעל -OMD-10חומר חיט,,0.00,,false,,0.00,0.0000,true,1,137372
13170016,true,מפעל-אל פיח,,,מפעל-אל פיח,,0.00,,false,,0.00,0.0000,true,1,138017
13170019,true,מפעל-אלום 10,,,מפעל-אלום 10,,0.00,,false,,0.00,0.0000,true,1,138043
13170020,true,מפעל -NL20Fח.ניקוי מ,,,מפעל -NL20Fח.ניקוי מ,,0.00,,false,,0.00,0.0000,true,1,138044
13170021,true,מפעל-אבנין - 10 ח.ני,,,מפעל-אבנין - 10 ח.ני,,0.00,,false,,0.00,0.0000,true,1,138045
13170022,true,מפעל DES -TOP,,,מפעל DES -TOP,,0.00,,false,,0.00,0.0000,true,1,138423
13170023,true,מפעל-בשמת אקסטרא,,,מפעל-בשמת אקסטרא,,0.00,,false,,0.00,0.0000,true,1,138424
13170024,true,"מפעל-פי.אל )28 .4ק""ג",,,"מפעל-פי.אל )28 .4ק""ג",,0.00,,false,,0.00,0.0000,true,1,138425
13180017,true,מפעל-אריזה למגשי איר,,,מפעל-אריזה למגשי איר,,0.00,,false,,0.00,0.0000,true,1,138007
13180018,true,מפעל-ניילון שקוף320,,,מפעל-ניילון שקוף320,קילוגרמים,1.00,"ק""ג",true,,0.00,0.0000,true,1,138008
13180019,true,מפעל-ניילון שקוף240,,,מפעל-ניילון שקוף240,,0.00,,false,,0.00,0.0000,true,1,138009
13180020,true,מפעל-שקית ארגזים90*,,,מפעל-שקית ארגזים90*,,0.00,,false,,0.00,0.0000,true,1,138010
13180021,true,מפעל-ניילון שקוף250,,,מפעל-ניילון שקוף250,,0.00,,false,,0.00,0.0000,true,1,138011
13180022,true,מפעל-ניילון רדיד מוד,,,מפעל-ניילון רדיד מוד,,0.00,,false,,0.00,0.0000,true,1,138012
13180023,true,מפעל-ניילון רדיד מוד,,,מפעל-ניילון רדיד מוד,,0.00,,false,,0.00,0.0000,true,1,138013
13180024,true,מפעל-ניילון רדיד מוד,,,מפעל-ניילון רדיד מוד,,0.00,,false,,0.00,0.0000,true,1,138014
13180025,true,"מפעל-ניילון מס - 1 """,,,"מפעל-ניילון מס - 1 """,קילוגרמים,1.00,"ק""ג",true,,0.00,0.0000,true,1,138018
13180026,true,"מפעל-ניילון מס - 2 """,,,"מפעל-ניילון מס - 2 """,קילוגרמים,1.00,"ק""ג",true,,0.00,0.0000,true,1,138019
13180027,true,"מפעל-ניילון מס - 3 """,,,"מפעל-ניילון מס - 3 """,קילוגרמים,1.00,"ק""ג",true,,0.00,0.0000,true,1,138020
13180028,true,"מפעל-ניילון מס - 4 """,,,"מפעל-ניילון מס - 4 """,קילוגרמים,1.00,"ק""ג",true,,0.00,0.0000,true,1,138021
13180029,true,"מפעל-ניילון מס - 5 """,,,"מפעל-ניילון מס - 5 """,קילוגרמים,1.00,"ק""ג",true,,0.00,0.0000,true,1,138022
13180030,true,"מפעל-ניילון מס - 6 """,,,"מפעל-ניילון מס - 6 """,קילוגרמים,1.00,"ק""ג",true,,0.00,0.0000,true,1,138023
13180031,true,"מפעל-ניילון מס - 7 """,,,"מפעל-ניילון מס - 7 """,קילוגרמים,1.00,"ק""ג",true,,0.00,0.0000,true,1,138024
13180032,true,"מפעל-ניילון מס - 8 """,,,"מפעל-ניילון מס - 8 """,קילוגרמים,1.00,"ק""ג",true,,0.00,0.0000,true,1,138025
13180033,true,"מפעל-ניילון מס- 10 """,,,"מפעל-ניילון מס- 10 """,קילוגרמים,1.00,"ק""ג",true,,0.00,0.0000,true,1,138026
13180034,true,מפעל-ניילון רדיד מוד,,,מפעל-ניילון רדיד מוד,קילוגרמים,1.00,"ק""ג",true,,0.00,0.0000,true,1,138027
13180038,true,מפעל-ניילון רדיד שקו,,,מפעל-ניילון רדיד שקו,,0.00,,false,,0.00,0.0000,true,1,138276
13180039,true,מפעל-מדבקה לנגיסי תי,,,מפעל-מדבקה לנגיסי תי,,0.00,,false,,0.00,0.0000,true,1,138277
13180040,true,מפעל-מגש חמגשית לארו,,,מפעל-מגש חמגשית לארו,,0.00,,false,,0.00,0.0000,true,1,138302
13180041,true,מפעל-ניילון שקוף לחי,,,מפעל-ניילון שקוף לחי,,0.00,,false,,0.00,0.0000,true,1,138934
13180045,true,מפעל-שקיות קוקי,,,מפעל-שקיות קוקי,,0.00,,false,,0.00,0.0000,true,1,139429
13240002,true,מפעל-מדבקה לסושי הוס,,,מפעל-מדבקה לסושי הוס,,0.00,,false,,0.00,0.0000,true,1,137280
13240003,true,מפעל-מדבקה לסושי-הוס,,,מפעל-מדבקה לסושי-הוס,,0.00,,false,,0.00,0.0000,true,1,137281
13240004,true,מפעל-מדבקה לסושי -אי,,,מפעל-מדבקה לסושי -אי,,0.00,,false,,0.00,0.0000,true,1,137282
13240005,true,מפעל-מדבקה לסושי- אי,,,מפעל-מדבקה לסושי- אי,,0.00,,false,,0.00,0.0000,true,1,137283
13240006,true,מפעל-מדבקה לסושי- הו,,,מפעל-מדבקה לסושי- הו,,0.00,,false,,0.00,0.0000,true,1,137284
13240007,true,מפעל-מדבקה לסושי- אי,,,מפעל-מדבקה לסושי- אי,,0.00,,false,,0.00,0.0000,true,1,137285
13240008,true,מפעל-מדבקה לסושי- אי,,,מפעל-מדבקה לסושי- אי,,0.00,,false,,0.00,0.0000,true,1,137286
13240009,true,מפעל-מדבקה לסושי- הו,,,מפעל-מדבקה לסושי- הו,,0.00,,false,,0.00,0.0000,true,1,137287
13240010,true,מפעל-מדבקה לסושי- אי,,,מפעל-מדבקה לסושי- אי,,0.00,,false,,0.00,0.0000,true,1,137288
13240011,true,מפעל-מדבקה לסושי צמח,,,מפעל-מדבקה לסושי צמח,,0.00,,false,,0.00,0.0000,true,1,137289
13240012,true,מפעל-מדבקה לסושי סלמ,,,מפעל-מדבקה לסושי סלמ,,0.00,,false,,0.00,0.0000,true,1,137290
13240013,true,מפעל-מדבקה לכדור בטע,,,מפעל-מדבקה לכדור בטע,,0.00,,false,,0.00,0.0000,true,1,137291
13240014,true,מפעל-מדבקה לכדור בטע,,,מפעל-מדבקה לכדור בטע,,0.00,,false,,0.00,0.0000,true,1,137292
13240019,true,מפעל-מדבקה לסושי- הו,,,מפעל-מדבקה לסושי- הו,,0.00,,false,,0.00,0.0000,true,1,137297
13240020,true,מפעל-מדבקה לסלט בורג,,,מפעל-מדבקה לסלט בורג,,0.00,,false,,0.00,0.0000,true,1,137387
13240021,true,מפעל-מדבקת שעון לסלט,,,מפעל-מדבקת שעון לסלט,,0.00,,false,,0.00,0.0000,true,1,137388
13240023,true,מפעל-מדבקה לסלט ירקו,,,מפעל-מדבקה לסלט ירקו,,0.00,,false,,0.00,0.0000,true,1,137426
13240024,true,מפעל-מדבקה לסושי מיק,,,מפעל-מדבקה לסושי מיק,,0.00,,false,,0.00,0.0000,true,1,137893
13240025,true,מפעל-מדבקה לסלט יוונ,,,מפעל-מדבקה לסלט יוונ,,0.00,,false,,0.00,0.0000,true,1,137991
13240026,true,מפעל-מדבקה לסלט ירקו,,,מפעל-מדבקה לסלט ירקו,,0.00,,false,,0.00,0.0000,true,1,137992
13240027,true,מפעל-מדבקה לפוטטוס ת,,,מפעל-מדבקה לפוטטוס ת,,0.00,,false,,0.00,0.0000,true,1,138047
13240028,true,מפעל-מדבקה לסושי מסי,,,מפעל-מדבקה לסושי מסי,,0.00,,false,,0.00,0.0000,true,1,138241
13240029,true,מפעל-מדבקה לאצבעות ת,,,מפעל-מדבקה לאצבעות ת,,0.00,,false,,0.00,0.0000,true,1,138356
13240030,true,מפעל-מדבקה לכדור בטע,,,מפעל-מדבקה לכדור בטע,,0.00,,false,,0.00,0.0000,true,1,138377
13240031,true,מפעל-מדבקה עגולה למג,,,מפעל-מדבקה עגולה למג,,0.00,,false,,0.00,0.0000,true,1,138397
13241001,true,מפעל-מדבקה לקרטון -,,,מפעל-מדבקה לקרטון -,,0.00,,false,,0.00,0.0000,true,1,137916
13241002,true,מפעל-מדבקה לקרטון -,,,מפעל-מדבקה לקרטון -,,0.00,,false,,0.00,0.0000,true,1,137917
13241003,true,מפעל-מדבקה לקרטון -,,,מפעל-מדבקה לקרטון -,,0.00,,false,,0.00,0.0000,true,1,137918
13241004,true,מפעל-מדבקה לקרטון -,,,מפעל-מדבקה לקרטון -,,0.00,,false,,0.00,0.0000,true,1,137919
13241005,true,מפעל-מדבקה לקרטון -,,,מפעל-מדבקה לקרטון -,,0.00,,false,,0.00,0.0000,true,1,137920
13241006,true,מפעל-מדבקה לקרטון -,,,מפעל-מדבקה לקרטון -,,0.00,,false,,0.00,0.0000,true,1,137921
13241007,true,מפעל-מדבקה לקרטון -,,,מפעל-מדבקה לקרטון -,,0.00,,false,,0.00,0.0000,true,1,137922
13241008,true,מפעל-מדבקה לקרטון- ס,,,מפעל-מדבקה לקרטון- ס,,0.00,,false,,0.00,0.0000,true,1,137923
13241009,true,מפעל-מדבקה לקרטון- ס,,,מפעל-מדבקה לקרטון- ס,,0.00,,false,,0.00,0.0000,true,1,137924
13241010,true,מפעל-מדבקה לקרטון- פ,,,מפעל-מדבקה לקרטון- פ,,0.00,,false,,0.00,0.0000,true,1,137925
13241011,true,מפעל-מדבקה לקרטון- ס,,,מפעל-מדבקה לקרטון- ס,,0.00,,false,,0.00,0.0000,true,1,137926
13241012,true,מפעל-מדבקה לקרטון- פ,,,מפעל-מדבקה לקרטון- פ,,0.00,,false,,0.00,0.0000,true,1,137927
13241013,true,מפעל-מדבקה לקרטון-נג,,,מפעל-מדבקה לקרטון-נג,,0.00,,false,,0.00,0.0000,true,1,138278
13241014,true,מפעל-מדבקה לקרטון -,,,מפעל-מדבקה לקרטון -,,0.00,,false,,0.00,0.0000,true,1,138328
13241015,true,מפעל-מדבקה לקרטון -,,,מפעל-מדבקה לקרטון -,,0.00,,false,,0.00,0.0000,true,1,138398
13241016,true,מפעל-מדבקה לקרטון -,,,מפעל-מדבקה לקרטון -,,0.00,,false,,0.00,0.0000,true,1,138410
13241017,true,מפעל-מדבקה לקרטון -,,,מפעל-מדבקה לקרטון -,,0.00,,false,,0.00,0.0000,true,1,138411
13241018,true,מפעל-מדבקה לקרטון -,,,מפעל-מדבקה לקרטון -,,0.00,,false,,0.00,0.0000,true,1,138412
13241019,true,מפעל-מדבקה לקרטון -,,,מפעל-מדבקה לקרטון -,,0.00,,false,,0.00,0.0000,true,1,138413
13241020,true,מפעל-מדבקה לקרטון -,,,מפעל-מדבקה לקרטון -,,0.00,,false,,0.00,0.0000,true,1,138414
13241021,true,מפעל-מדבקה לקרטון -,,,מפעל-מדבקה לקרטון -,,0.00,,false,,0.00,0.0000,true,1,138415
13290001,true,מפעל-כפפות ניטרל S,,,מפעל-כפפות ניטרל S,,0.00,,false,,0.00,0.0000,true,1,137300
13290002,true,מפעל-כפפות ניטריל L,,,מפעל-כפפות ניטריל L,,0.00,,false,,0.00,0.0000,true,1,137301
13290003,true,מפעל -ניטריל כפפותM,,,מפעל -ניטריל כפפותM,,0.00,,false,,0.00,0.0000,true,1,137302
13290007,true,מפעל-כפפות לטקס ללא,,,מפעל-כפפות לטקס ללא,,0.00,,false,,0.00,0.0000,true,1,138873
13290008,true,מפעל-כיסוי לנעל,,,מפעל-כיסוי לנעל,,0.00,,false,,0.00,0.0000,true,1,138874
13290009,true,מפעל-חלוק חד פעמי לב,,,מפעל-חלוק חד פעמי לב,,0.00,,false,,0.00,0.0000,true,1,138875
13290010,true,מפעל-כפכף טבחים שחור,,,מפעל-כפכף טבחים שחור,,0.00,,false,,0.00,0.0000,true,1,138876
13290011,true,מפעל-חלוק חד פעמי כח,,,מפעל-חלוק חד פעמי כח,,0.00,,false,,0.00,0.0000,true,1,138877
13290012,true,מפעל-סינר לבן לייצור,,,מפעל-סינר לבן לייצור,,0.00,,false,,0.00,0.0000,true,1,138786
13290013,true,מפעל-סינר כחול לייצו,,,מפעל-סינר כחול לייצו,,0.00,,false,,0.00,0.0000,true,1,138787
13290014,true,מפעל-נעל עבודה שחור,,,מפעל-נעל עבודה שחור,,0.00,,false,,0.00,0.0000,true,1,138788
13290015,true,מפעל-מגף עם כיפת מגן,,,מפעל-מגף עם כיפת מגן,,0.00,,false,,0.00,0.0000,true,1,138789
13290016,true,מפעל-כפפות תחזוקה שח,,,מפעל-כפפות תחזוקה שח,,0.00,,false,,0.00,0.0000,true,1,139430
13290017,true,מפעל-מכנס כיס,,,מפעל-מכנס כיס,,0.00,,false,,0.00,0.0000,true,1,139431
13290018,true,מפעל-מגף גומי שחור,,,מפעל-מגף גומי שחור,,0.00,,false,,0.00,0.0000,true,1,139432
13310100,true,וודקה סטולי 1 ליטר,,,וודקה סטולי 1 ליטר,,0.00,,false,,0.00,0.0000,true,1,133874
13400005,true,מפעל-ניילון שקוף320,,,מפעל-ניילון שקוף320,קילוגרמים,1.00,"ק""ג",true,,0.00,0.0000,true,1,137391
13400006,true,מפעל-ארגז 001 כריכים,,,מפעל-ארגז 001 כריכים,,0.00,,false,,0.00,0.0000,true,1,137448
13400007,true,מפעל-ארגז 003 לחמניו,,,מפעל-ארגז 003 לחמניו,,0.00,,false,,0.00,0.0000,true,1,137449
13400008,true,מפעל-קרטון חצי באגט,,,מפעל-קרטון חצי באגט,,0.00,,false,,0.00,0.0000,true,1,137450
13400009,true,מפעל-ארגז 005 סושי0,,,מפעל-ארגז 005 סושי0,,0.00,,false,,0.00,0.0000,true,1,138040
13400010,true,מפעל-ארגז 007 סושי0,,,מפעל-ארגז 007 סושי0,,0.00,,false,,0.00,0.0000,true,1,138041
13400012,true,מפעל-ארגז 008 סלטים,,,מפעל-ארגז 008 סלטים,,0.00,,false,,0.00,0.0000,true,1,137451
13400013,true,מפעל-סרט אריזה שקוף,,,מפעל-סרט אריזה שקוף,,0.00,,false,,0.00,0.0000,true,1,137374
13400014,true,מפעל-ניילון שקוף240,,,מפעל-ניילון שקוף240,,0.00,,false,,0.00,0.0000,true,1,137401
13400015,true,מפעל-שקית מעדניה30*,,,מפעל-שקית מעדניה30*,,0.00,,false,,0.00,0.0000,true,1,137402
13400016,true,מפעל-שקית ארגזים90*,,,מפעל-שקית ארגזים90*,,0.00,,false,,0.00,0.0000,true,1,137403
13400028,true,מפעל-ארגז 006 סלטים,,,מפעל-ארגז 006 סלטים,,0.00,,false,,0.00,0.0000,true,1,137823
13400029,true,מפעל-ארגז 002 סושי-מ,,,מפעל-ארגז 002 סושי-מ,,0.00,,false,,0.00,0.0000,true,1,138042
13400030,true,מפעל-סרט דבק שקוף למ,,,מפעל-סרט דבק שקוף למ,,0.00,,false,,0.00,0.0000,true,1,138088
13400031,true,מפעל-ארגז 010 לסושי,,,מפעל-ארגז 010 לסושי,,0.00,,false,,0.00,0.0000,true,1,138242
13870000,true,"אוזו מטאסקה 700 מ""ל",,,"אוזו מטאסקה 700 מ""ל",,0.00,,false,,0.00,0.0000,true,1,133875
14759978,false,גבינת קולאז קצקבל,Unknown,,קצקבל גלעד 27% פלח 2,גרמים,200.00,100 גרם,false,,25.90,0.1295,true,1,148538
14759992,false,פלח רוקפור גליל 27%,Unknown,,פלח רוקפור גליל 27%,גרמים,140.00,100 גרם,false,,18.90,0.1350,true,1,145645
14763272,true,יוגורט סויה לשתיה תו,,,יוגורט סויה לשתיה תו,,0.00,,false,,6.00,0.0000,true,1,138159
14763289,true,יוגורט סויה לשתיה פט,,,יוגורט סויה לשתיה פט,,0.00,,false,,6.00,0.0000,true,1,138160
15023000,true,"רום נגריטה 700 מ""ל",,,"רום נגריטה 700 מ""ל",,0.00,,false,,0.00,0.0000,true,1,135535
15033299,true,פירורי לחם 400 גרם,,,פירורי לחם 400 גרם,,0.00,,false,,5.00,0.0000,true,1,132322
15644051,true,מפעל-ביגל אמריקאי מי,,,מפעל-ביגל אמריקאי מי,,0.00,,false,,2999.90,0.0000,true,1,137173
15644181,true,מפעל-לחמניית שמיניה,,,מפעל-לחמניית שמיניה,,0.00,,false,,2999.90,0.0000,true,1,135605
15644198,true,מפעל-בגטינה מת .חתוך,,,מפעל-בגטינה מת .חתוך,,0.00,,false,,2999.90,0.0000,true,1,135649
15644792,true,מפעל-לחמניית שמיניה,,,מפעל-לחמניית שמיניה,,0.00,,false,,2999.90,0.0000,true,1,136949
16070000,true,פסואה - בטעם פסיפלור,,,פסואה - בטעם פסיפלור,,0.00,,false,,0.00,0.0000,true,1,135536
16211000,true,"לימונצ""אלו 700 מ""ל",,,"לימונצ""אלו 700 מ""ל",,0.00,,false,,0.00,0.0000,true,1,133876
16497915,true,מפעל-לחמנית מזונות מ,,,מפעל-לחמנית מזונות מ,,0.00,,false,,2999.90,0.0000,true,1,135047
16497922,true,מפעל- לחם קסטן מלא,,,מפעל- לחם קסטן מלא,,0.00,,false,,2999.90,0.0000,true,1,135048
16967807,true,מפעל-פרנה קופיקס,,,מפעל-פרנה קופיקס,,0.00,,false,,2999.90,0.0000,true,1,136862
17060100,true,"ווסקי גראנט""ס 1 ליטר",,,"ווסקי גראנט""ס 1 ליטר",,0.00,,false,,0.00,0.0000,true,1,133877
17090100,true,טולמור דיו 1 ליטר,,,טולמור דיו 1 ליטר,,0.00,,false,,0.00,0.0000,true,1,135537
17116100,true,רוטן קוקוס 1 ליטר,,,רוטן קוקוס 1 ליטר,,0.00,,false,,0.00,0.0000,true,1,135538
17123100,true,רוטן מנגו 1 ליטר,,,רוטן מנגו 1 ליטר,,0.00,,false,,0.00,0.0000,true,1,135539
17126100,true,רוטן תפוח 1 ליטר,,,רוטן תפוח 1 ליטר,,0.00,,false,,0.00,0.0000,true,1,135540
17134100,true,רוטן מוחיטו 1 ליטר,,,רוטן מוחיטו 1 ליטר,,0.00,,false,,0.00,0.0000,true,1,135541
17145100,true,"רוטן ג""ינג""ר 1 ליטר",,,"רוטן ג""ינג""ר 1 ליטר",,0.00,,false,,0.00,0.0000,true,1,135542
20080008,true,מפעל-גלופה / צילינדר,,,מפעל-גלופה / צילינדר,,0.00,,false,,0.00,0.0000,true,1,138803
20080017,true,מפעל-סווב ATP,,,מפעל-סווב ATP,,0.00,,false,,0.00,0.0000,true,1,138560
21133001,true,פ -4תפזורת טרי,,,פ -4תפזורת טרי,קילוגרמים,1.00,"ק""ג",true,,0.00,0.0000,true,1,137455
21133003,true,"פ -4מס 1 """,,,"פ -4מס 1 """,קילוגרמים,1.00,"ק""ג",true,,0.00,0.0000,true,1,137456
21133010,true,עוף שלם ללא עצם טרי,,,עוף שלם ללא עצם טרי,קילוגרמים,1.00,"ק""ג",true,,0.00,0.0000,true,1,137457
21133011,true,עוף צעיר טרי,,,עוף צעיר טרי,קילוגרמים,1.00,"ק""ג",true,,0.00,0.0000,true,1,137458
21133019,true,סטייק פרגית ב.ע .,,,סטייק פרגית ב.ע .,קילוגרמים,1.00,"ק""ג",true,,0.00,0.0000,true,1,137459
21133901,true,פרגית אמיתית 16 יח,,,פרגית אמיתית 16 יח,קילוגרמים,1.00,"ק""ג",true,,0.00,0.0000,true,1,137460
21134002,true,פטם טרי,,,פטם טרי,קילוגרמים,1.00,"ק""ג",true,,0.00,0.0000,true,1,137461
21134004,true,פ -4גדול,,,פ -4גדול,קילוגרמים,1.00,"ק""ג",true,,0.00,0.0000,true,1,137462
21134013,true,"פ -4מס 2 """,,,"פ -4מס 2 """,קילוגרמים,1.00,"ק""ג",true,,0.00,0.0000,true,1,137463
21143016,true,חזה חצוי,,,חזה חצוי,קילוגרמים,1.00,"ק""ג",true,,0.00,0.0000,true,1,137464
21143017,true,חזה חצוי הקצביה,,,חזה חצוי הקצביה,קילוגרמים,1.00,"ק""ג",true,,0.00,0.0000,true,1,137465
21143025,true,פילה עוף טרי,,,פילה עוף טרי,קילוגרמים,1.00,"ק""ג",true,,0.00,0.0000,true,1,137466
21143026,true,פילה פטם הקצביה,,,פילה פטם הקצביה,קילוגרמים,1.00,"ק""ג",true,,0.00,0.0000,true,1,137467
21143055,true,כרעיים טרי טנא,,,כרעיים טרי טנא,קילוגרמים,1.00,"ק""ג",true,,0.00,0.0000,true,1,137468
21143056,true,כרעיים ללא עצם גב,,,כרעיים ללא עצם גב,קילוגרמים,1.00,"ק""ג",true,,0.00,0.0000,true,1,137469
21143101,true,שניצל פטם דק דק,,,שניצל פטם דק דק,קילוגרמים,1.00,"ק""ג",true,,0.00,0.0000,true,1,137470
21143103,true,שניצל דק הקצביה,,,שניצל דק הקצביה,קילוגרמים,1.00,"ק""ג",true,,0.00,0.0000,true,1,137471
21143106,true,"שניצל 150 גר """,,,"שניצל 150 גר """,קילוגרמים,1.00,"ק""ג",true,,0.00,0.0000,true,1,137472
21143151,true,נתחי חזה פטם תפז,,,נתחי חזה פטם תפז,קילוגרמים,1.00,"ק""ג",true,,0.00,0.0000,true,1,137473
21143201,true,כרעיים טרי,,,כרעיים טרי,קילוגרמים,1.00,"ק""ג",true,,0.00,0.0000,true,1,137474
21143202,true,כרעיים הקצביה,,,כרעיים הקצביה,קילוגרמים,1.00,"ק""ג",true,,0.00,0.0000,true,1,137475
21143204,true,כרעיים טרי 250,,,כרעיים טרי 250,קילוגרמים,1.00,"ק""ג",true,,0.00,0.0000,true,1,137476
21143205,true,כרעיים טרי 300,,,כרעיים טרי 300,קילוגרמים,1.00,"ק""ג",true,,0.00,0.0000,true,1,137477
21143251,true,ירכיים טרי,,,ירכיים טרי,קילוגרמים,1.00,"ק""ג",true,,0.00,0.0000,true,1,137478
21143258,true,ירך פטם ב.ע.ג .,,,ירך פטם ב.ע.ג .,קילוגרמים,1.00,"ק""ג",true,,0.00,0.0000,true,1,137479
21143300,true,קוקטייל קצביה,,,קוקטייל קצביה,קילוגרמים,1.00,"ק""ג",true,,0.00,0.0000,true,1,137480
21143301,true,"שוקיים טרי תפז """,,,"שוקיים טרי תפז """,קילוגרמים,1.00,"ק""ג",true,,0.00,0.0000,true,1,137481
21143306,true,שוקיים הקצביה,,,שוקיים הקצביה,קילוגרמים,1.00,"ק""ג",true,,0.00,0.0000,true,1,137482
21143351,true,כנפיים טרי,,,כנפיים טרי,קילוגרמים,1.00,"ק""ג",true,,0.00,0.0000,true,1,137483
21143352,true,כנף חצויה,,,כנף חצויה,קילוגרמים,1.00,"ק""ג",true,,0.00,0.0000,true,1,137484
21143354,true,כנפיים הקצביה,,,כנפיים הקצביה,קילוגרמים,1.00,"ק""ג",true,,0.00,0.0000,true,1,137485
21143401,true,שווארמה) פרגית (,,,שווארמה) פרגית (,קילוגרמים,1.00,"ק""ג",true,,0.00,0.0000,true,1,137486
21143403,true,פרגית הקצביה,,,פרגית הקצביה,קילוגרמים,1.00,"ק""ג",true,,0.00,0.0000,true,1,137487
21143404,true,פרגית פרוסה הקצביה,,,פרגית פרוסה הקצביה,קילוגרמים,1.00,"ק""ג",true,,0.00,0.0000,true,1,137488
21143405,true,נתח פרגית טרי,,,נתח פרגית טרי,קילוגרמים,1.00,"ק""ג",true,,0.00,0.0000,true,1,137489
21143444,true,סטייק פרגית ע.ע .,,,סטייק פרגית ע.ע .,קילוגרמים,1.00,"ק""ג",true,,0.00,0.0000,true,1,137490
21143505,true,גרון עוף,,,גרון עוף,קילוגרמים,1.00,"ק""ג",true,,0.00,0.0000,true,1,137491
21143601,true,כבד טרי,,,כבד טרי,קילוגרמים,1.00,"ק""ג",true,,0.00,0.0000,true,1,137492
21143605,true,כבד פטם הקצביה,,,כבד פטם הקצביה,קילוגרמים,1.00,"ק""ג",true,,0.00,0.0000,true,1,137493
21143651,true,קורקבן טרי,,,קורקבן טרי,קילוגרמים,1.00,"ק""ג",true,,0.00,0.0000,true,1,137494
21143701,true,לב טרי,,,לב טרי,קילוגרמים,1.00,"ק""ג",true,,0.00,0.0000,true,1,137495
21143704,true,לבבות פטם,,,לבבות פטם,קילוגרמים,1.00,"ק""ג",true,,0.00,0.0000,true,1,137496
21143705,true,לבבות פטם חצוי,,,לבבות פטם חצוי,קילוגרמים,1.00,"ק""ג",true,,0.00,0.0000,true,1,137497
21143751,true,טחול טרי,,,טחול טרי,קילוגרמים,1.00,"ק""ג",true,,0.00,0.0000,true,1,137498
21144055,true,חזה טרי,,,חזה טרי,קילוגרמים,1.00,"ק""ג",true,,0.00,0.0000,true,1,137499
21144057,true,חזה חצוי הקצביה,,,חזה חצוי הקצביה,קילוגרמים,1.00,"ק""ג",true,,0.00,0.0000,true,1,137500
21144103,true,שניצל פרוס,,,שניצל פרוס,קילוגרמים,1.00,"ק""ג",true,,0.00,0.0000,true,1,137501
21144106,true,שניצל דק דק,,,שניצל דק דק,קילוגרמים,1.00,"ק""ג",true,,0.00,0.0000,true,1,137502
21144107,true,שניצל דק הקצביה,,,שניצל דק הקצביה,קילוגרמים,1.00,"ק""ג",true,,0.00,0.0000,true,1,137503
21144202,true,כרעיים טרי,,,כרעיים טרי,קילוגרמים,1.00,"ק""ג",true,,0.00,0.0000,true,1,137504
21144204,true,כרעיים חתוכות בלי עו,,,כרעיים חתוכות בלי עו,קילוגרמים,1.00,"ק""ג",true,,0.00,0.0000,true,1,137505
21144206,true,כרעיים הקצביה,,,כרעיים הקצביה,קילוגרמים,1.00,"ק""ג",true,,0.00,0.0000,true,1,137506
21144252,true,ירכיים טרי,,,ירכיים טרי,קילוגרמים,1.00,"ק""ג",true,,0.00,0.0000,true,1,137507
21144300,true,קוקטייל טרי,,,קוקטייל טרי,קילוגרמים,1.00,"ק""ג",true,,0.00,0.0000,true,1,137508
21144302,true,שוקיים טרי,,,שוקיים טרי,קילוגרמים,1.00,"ק""ג",true,,0.00,0.0000,true,1,137509
21144304,true,שוקיים הקצביה,,,שוקיים הקצביה,קילוגרמים,1.00,"ק""ג",true,,0.00,0.0000,true,1,137510
21144352,true,כנפיים טרי,,,כנפיים טרי,קילוגרמים,1.00,"ק""ג",true,,0.00,0.0000,true,1,137511
21144354,true,כנפיים הקצביה,,,כנפיים הקצביה,קילוגרמים,1.00,"ק""ג",true,,0.00,0.0000,true,1,137512
21144402,true,שוארמה טרי,,,שוארמה טרי,קילוגרמים,1.00,"ק""ג",true,,0.00,0.0000,true,1,137513
21144404,true,פרגית הקצביה,,,פרגית הקצביה,קילוגרמים,1.00,"ק""ג",true,,0.00,0.0000,true,1,137514
21144405,true,פרגית פרוסה הקצביה,,,פרגית פרוסה הקצביה,קילוגרמים,1.00,"ק""ג",true,,0.00,0.0000,true,1,137515
21144445,true,סטייק פרגיות ארוז,,,סטייק פרגיות ארוז,קילוגרמים,1.00,"ק""ג",true,,0.00,0.0000,true,1,137516
21144502,true,פילה טרי,,,פילה טרי,קילוגרמים,1.00,"ק""ג",true,,0.00,0.0000,true,1,137517
21144504,true,פילה פטם הקצביה,,,פילה פטם הקצביה,קילוגרמים,1.00,"ק""ג",true,,0.00,0.0000,true,1,137518
21144505,true,גרון עוף ארוז,,,גרון עוף ארוז,קילוגרמים,1.00,"ק""ג",true,,0.00,0.0000,true,1,137519
21144602,true,כבד טרי,,,כבד טרי,קילוגרמים,1.00,"ק""ג",true,,0.00,0.0000,true,1,137520
21144604,true,כבד פטם הקצביה,,,כבד פטם הקצביה,קילוגרמים,1.00,"ק""ג",true,,0.00,0.0000,true,1,137521
21144652,true,קורקבן טרי,,,קורקבן טרי,קילוגרמים,1.00,"ק""ג",true,,0.00,0.0000,true,1,137522
21144702,true,לבבות טרי,,,לבבות טרי,קילוגרמים,1.00,"ק""ג",true,,0.00,0.0000,true,1,137523
21144752,true,טחול טרי,,,טחול טרי,קילוגרמים,1.00,"ק""ג",true,,0.00,0.0000,true,1,137524
21145003,true,זוג פרגית במגש 8 יח,,,זוג פרגית במגש 8 יח,קילוגרמים,1.00,"ק""ג",true,,0.00,0.0000,true,1,137525
21145004,true,פרגית אמיתית 16 יח ת,,,פרגית אמיתית 16 יח ת,קילוגרמים,1.00,"ק""ג",true,,0.00,0.0000,true,1,137526
22143506,true,כנפית פטם,,,כנפית פטם,קילוגרמים,1.00,"ק""ג",true,,0.00,0.0000,true,1,137528
31133001,true,שלם נקבה,,,שלם נקבה,קילוגרמים,1.00,"ק""ג",true,,0.00,0.0000,true,1,137529
31143030,true,חזה זכר חצוי ללא פיל,,,חזה זכר חצוי ללא פיל,קילוגרמים,1.00,"ק""ג",true,,0.00,0.0000,true,1,137530
31143054,true,חזה זכר חצוי טרי,,,חזה זכר חצוי טרי,קילוגרמים,1.00,"ק""ג",true,,0.00,0.0000,true,1,137531
31143055,true,חזה נקבה חצוי טרי,,,חזה נקבה חצוי טרי,קילוגרמים,1.00,"ק""ג",true,,0.00,0.0000,true,1,137532
31143056,true,פרפר זכר טרי,,,פרפר זכר טרי,קילוגרמים,1.00,"ק""ג",true,,0.00,0.0000,true,1,137533
31143057,true,פרפר נקבה טרי,,,פרפר נקבה טרי,קילוגרמים,1.00,"ק""ג",true,,0.00,0.0000,true,1,137534
31143058,true,חזה זכר חצוי ע.ע,,,חזה זכר חצוי ע.ע,קילוגרמים,1.00,"ק""ג",true,,0.00,0.0000,true,1,137535
31143060,true,"חזה פרפר ע""ע זכר",,,"חזה פרפר ע""ע זכר",קילוגרמים,1.00,"ק""ג",true,,0.00,0.0000,true,1,137536
31143061,true,"חזה פרפר ע""ע נקבה",,,"חזה פרפר ע""ע נקבה",קילוגרמים,1.00,"ק""ג",true,,0.00,0.0000,true,1,137537
31143070,true,פילה הודו,,,פילה הודו,קילוגרמים,1.00,"ק""ג",true,,0.00,0.0000,true,1,137538
31143150,true,נתחים,,,נתחים,קילוגרמים,1.00,"ק""ג",true,,0.00,0.0000,true,1,137539
31143175,true,חתיכות,,,חתיכות,קילוגרמים,1.00,"ק""ג",true,,0.00,0.0000,true,1,137540
31143251,true,"ירך זכר ע""ע",,,"ירך זכר ע""ע",קילוגרמים,1.00,"ק""ג",true,,0.00,0.0000,true,1,137541
31143300,true,שוק זכר טרי,,,שוק זכר טרי,קילוגרמים,1.00,"ק""ג",true,,0.00,0.0000,true,1,137542
31143301,true,שוק נקבה טרי,,,שוק נקבה טרי,קילוגרמים,1.00,"ק""ג",true,,0.00,0.0000,true,1,137543
31143325,true,שוק מפורק,,,שוק מפורק,קילוגרמים,1.00,"ק""ג",true,,0.00,0.0000,true,1,137544
31143332,true,שוק הודו נקבה תפזורת,,,שוק הודו נקבה תפזורת,קילוגרמים,1.00,"ק""ג",true,,0.00,0.0000,true,1,138700
31143350,true,כנף זכר טרי,,,כנף זכר טרי,קילוגרמים,1.00,"ק""ג",true,,0.00,0.0000,true,1,137545
31143352,true,כנף נקבה טרי,,,כנף נקבה טרי,קילוגרמים,1.00,"ק""ג",true,,0.00,0.0000,true,1,137546
31143375,true,כנף הודו מפורק,,,כנף הודו מפורק,קילוגרמים,1.00,"ק""ג",true,,0.00,0.0000,true,1,137547
31143400,true,שווארמה זכר טרי,,,שווארמה זכר טרי,קילוגרמים,1.00,"ק""ג",true,,0.00,0.0000,true,1,137548
31143425,true,שווארמה נקבה טרי,,,שווארמה נקבה טרי,קילוגרמים,1.00,"ק""ג",true,,0.00,0.0000,true,1,137549
31143443,true,שווארמה הודו נקבה,,,שווארמה הודו נקבה,קילוגרמים,1.00,"ק""ג",true,,0.00,0.0000,true,1,137635
31143450,true,שישליק טרי,,,שישליק טרי,קילוגרמים,1.00,"ק""ג",true,,0.00,0.0000,true,1,137550
31143500,true,גרון נקבה,,,גרון נקבה,קילוגרמים,1.00,"ק""ג",true,,0.00,0.0000,true,1,137551
31143501,true,גרון זכר,,,גרון זכר,קילוגרמים,1.00,"ק""ג",true,,0.00,0.0000,true,1,137552
31143571,true,זנבות עם עצם,,,זנבות עם עצם,קילוגרמים,1.00,"ק""ג",true,,0.00,0.0000,true,1,137553
31143600,true,כבד טרי,,,כבד טרי,קילוגרמים,1.00,"ק""ג",true,,0.00,0.0000,true,1,137554
31143650,true,קורקבן טרי,,,קורקבן טרי,קילוגרמים,1.00,"ק""ג",true,,0.00,0.0000,true,1,137555
31143700,true,לב טרי,,,לב טרי,קילוגרמים,1.00,"ק""ג",true,,0.00,0.0000,true,1,137556
31143750,true,טחול,,,טחול,קילוגרמים,1.00,"ק""ג",true,,0.00,0.0000,true,1,137557
31143801,true,אשכים,,,אשכים,קילוגרמים,1.00,"ק""ג",true,,0.00,0.0000,true,1,137558
31144053,true,חזה ה.נ.טרי,,,חזה ה.נ.טרי,קילוגרמים,1.00,"ק""ג",true,,0.00,0.0000,true,1,137559
31144154,true,נתחי הודו טרי,,,נתחי הודו טרי,קילוגרמים,1.00,"ק""ג",true,,0.00,0.0000,true,1,137560
31144302,true,שוק ה.נ טרי,,,שוק ה.נ טרי,קילוגרמים,1.00,"ק""ג",true,,0.00,0.0000,true,1,137561
31144326,true,בשר אדום טרי,,,בשר אדום טרי,קילוגרמים,1.00,"ק""ג",true,,0.00,0.0000,true,1,137562
31144357,true,כנפיים ה.נ.טרי,,,כנפיים ה.נ.טרי,קילוגרמים,1.00,"ק""ג",true,,0.00,0.0000,true,1,137563
31144426,true,שווארמה ה.נ.טרי,,,שווארמה ה.נ.טרי,קילוגרמים,1.00,"ק""ג",true,,0.00,0.0000,true,1,137564
31144451,true,שישליק טרי,,,שישליק טרי,קילוגרמים,1.00,"ק""ג",true,,0.00,0.0000,true,1,137565
31144502,true,גרון הודו טרי,,,גרון הודו טרי,קילוגרמים,1.00,"ק""ג",true,,0.00,0.0000,true,1,137566
31144601,true,כבד הודו טרי,,,כבד הודו טרי,קילוגרמים,1.00,"ק""ג",true,,0.00,0.0000,true,1,137567
31144651,true,קורקבן הודו טרי,,,קורקבן הודו טרי,קילוגרמים,1.00,"ק""ג",true,,0.00,0.0000,true,1,137568
31144701,true,לב הודו טרי,,,לב הודו טרי,קילוגרמים,1.00,"ק""ג",true,,0.00,0.0000,true,1,137569
31144801,true,אשכים ארוז,,,אשכים ארוז,קילוגרמים,1.00,"ק""ג",true,,0.00,0.0000,true,1,137570
31333011,true,שוק מפורק פרוס,,,שוק מפורק פרוס,קילוגרמים,1.00,"ק""ג",true,,0.00,0.0000,true,1,137571
32147230,false,"מיץ לימון משומר 200מ""ל(לימונית אקסטרא)",ג'נרל מילס סאן אדריא,,מיץ לימון סיציליה 20,מיליליטרים,200.00,"100 מ""ל",false,,6.90,0.0345,true,1,140756
40052403,false,קיט קט 4 אצבעות שוקולד חלב,נסטלה Nestle,,קיט קט 4 אצבעות 41.5,גרמים,41.00,100 גרם,false,,4.50,0.1098,true,1,134318
40057798,true,סוכריות סמרטיז 38 גר,,,סוכריות סמרטיז 38 גר,,0.00,,false,,0.00,0.0000,true,1,137648
40084107,false,ביצת שוקולד הפתעה קינדר,פרדי קונדטוריה אס פי,,קינדר ביצת הפתעה 20,גרמים,20.00,100 גרם,false,,5.90,0.2950,true,1,132957
44891309,true,מפעל-ארגז כריכים,,,מפעל-ארגז כריכים,,0.00,,false,,0.00,0.0000,true,1,135033
44891311,true,מפעל-ארגז לסלטים ולח,,,מפעל-ארגז לסלטים ולח,,0.00,,false,,0.00,0.0000,true,1,135034
54088191,true,קינדר ביצת הפתעה 20,,,קינדר ביצת הפתעה 20,,0.00,,false,,5.00,0.0000,true,1,133855
63839101,true,מפעל-ארגז טוסטים,,,מפעל-ארגז טוסטים,,0.00,,false,,0.00,0.0000,true,1,135277
64572101,true,מפעל-קרטון סושי 05,,,מפעל-קרטון סושי 05,,0.00,,false,,0.00,0.0000,true,1,135903
64573101,true,מפעל-קרטון סושי 07,,,מפעל-קרטון סושי 07,,0.00,,false,,0.00,0.0000,true,1,135904
65514101,true,מפעל-ארגז 8 יחידות ס,,,מפעל-ארגז 8 יחידות ס,,0.00,,false,,0.00,0.0000,true,1,136683
66611304,true,מפעל-מהדרין -אפונה3,,,מפעל-מהדרין -אפונה3,,0.00,,false,,2999.90,0.0000,true,1,135781
66611313,true,מפעל-מהדרין -חומוס מ,,,מפעל-מהדרין -חומוס מ,,0.00,,false,,2999.90,0.0000,true,1,135783
70001595,true,מפעל-שקית 50/70 גליל,,,מפעל-שקית 50/70 גליל,,0.00,,false,,2999.90,0.0000,true,1,137073
72940761,false,"מילקי מעדן שוקולד עם קצפת שטראוס 133 מ""ל",מיוצר עי קונדיטוריית,,"מילקי שוקולד 170 מ""ל",מיליליטרים,170.00,"100 מ""ל",false,,2.90,0.0171,true,1,132827
72941041,false,מעדן מילקי מיני בטעם שוקולד עם קצפת,"שטראוס גרופ בע""\מ",,מיני מילקי בטעם שוקו,גרמים,71.00,100 גרם,false,,2.00,0.0282,true,1,141470
72961223,false,"גילה 3% תנובה 200 מ""ל",תנובה מרכז שיתופי לש,,"גיל 3% 200 מ""ל",מיליליטרים,200.00,"100 מ""ל",false,,1.51,0.0076,true,1,140326
72961506,false,יוגורט עם תות 1.5% שומן 125 ג' פרילי,מיוצר עי קונדיטוריית,,פרילי תות 1.5% 125 מ,מיליליטרים,125.00,"100 מ""ל",false,,3.50,0.0280,true,1,158876
72961520,false,"פרילי יוגורט עם אננס 1.5% תנובה 125 מ""ל",מיוצר עי קונדיטוריית,,פרילי אננס 1.5% 125,מיליליטרים,125.00,"100 מ""ל",false,,3.50,0.0280,true,1,158878
72961544,false,"באדי יוגורט בטעם תות שדה 3% תנובה 125 מ""ל",מחלבת אלון תבור,,באדי יוגרט תות גביע,מיליליטרים,125.00,"100 מ""ל",false,,3.00,0.0240,true,1,139743
72964422,false,יוגורט פרחים 4.5% שומן 200 גרם,מחלבת תנובה,,יוגורט לבן 4.5% תנוב,גרמים,200.00,100 גרם,false,,2.90,0.0145,true,1,145648
72986370,false,"גלידת בן & ג'ריס פיינטים וניל 500מ""ל",מוצרי איכות אמריקאיים,,גלידה וניל בן & ג'רי,מיליליטרים,500.00,"100 מ""ל",false,,21.90,0.0438,true,1,140273
72986424,false,"גלידת בן & ג'ריס פיינטים קרם עוגיות 500מ""ל",מוצרי איכות אמריקאיים בע,,גלידה קרם עוגיות בן,מיליליטרים,500.00,"100 מ""ל",false,,21.90,0.0438,true,1,140274
72986448,false,"גלידת בן & ג'ריס פיינטים טופי קראנץ 500מ""ל",מוצרי איכות אמריקאיים בע,,גלידת וניל וטופי בן,מיליליטרים,473.00,"100 מ""ל",false,,21.90,0.0463,true,1,140275
72986455,false,"גלידה ניו יורק סופר פאדג' צ'אנק בן אנד ג'ריס 500 מ""ל",מוצרי איכות אמריקאיים בע,,גלידת שוקולד ניו יור,מיליליטרים,500.00,"100 מ""ל",false,,21.90,0.0438,true,1,140276
72986479,false,"גלידה שוקולד אגוז עם בננות בן וג'ירי 500 מ""ל",מוצרי איכות אמריקאיים בע,,גלידה צ'נקי מונקי בן,מיליליטרים,500.00,"100 מ""ל",false,,21.90,0.0438,true,1,140277
72989425,false,"גלידת בן & ג'ריס פיינטים שוקולד בראוניז 500מ""ל",מוצרי איכות אמריקאיים בע,,גלידת שוקולד עם חתיכ,מיליליטרים,500.00,"100 מ""ל",false,,21.90,0.0438,true,1,140279
72991886,false,"גלידת דולצ'ה בטעם ריבת חלב עם פאדג' בן וג'ירי 500 מ""ל",מוצרי איכות אמריקאיים בע,,גלידה עם ריבת חלב ופ,מיליליטרים,500.00,"100 מ""ל",false,,21.90,0.0438,true,1,140280
72994061,false,חטיף פסק זמן GOOD גלילית לבן 40 גרם,שולן צ'\יקולטה גידה סאן.,,פסק זמן 2 גוד עלית 3,גרמים,36.00,100 גרם,false,,4.90,0.1361,true,1,142118
80001461,false,חטיף גרנדה שוקולד 38 גרם,"א. לואקר קונפקט בע""מ",,חטיף גרדנה שוקולד 38,גרמים,38.00,100 גרם,false,,4.90,0.1289,true,1,143751
80001485,false,חטיף גרנדה קוקוס 38 גרם,קריניציה ויטמינה אס,,וופל גרדנה קוקוס 38,גרמים,38.00,100 גרם,false,,4.90,0.1289,true,1,153660
80001911,false,וופל גרדנה במילוי קרם אגוזי לוז ובציפוי שוקולד לבן,ליימן מותגים,,וופל גרדנה שוק' לבן,גרמים,38.00,100 גרם,false,,3.90,0.1026,true,1,153662
80050025,false,סוכריות טיק טק תפוז 16 גרם,פררו - אלבה,,סוכריות טיק טק תפוז,גרמים,16.00,100 גרם,false,,3.00,0.1875,true,1,137038
80050049,true,קינדר ביצת הפתעה 20,,,קינדר ביצת הפתעה 20,,0.00,,false,,5.00,0.0000,true,1,133881
80050124,false,סוכריות טיק טק מנטה 16 גרם,פררו - אלבה,,סוכריות טיק טק מנטה,גרמים,16.00,100 גרם,false,,3.00,0.1875,true,1,137039
80052760,false,קינדר בואנו Kinder Bueno עם חלב ואגוזי לוז,פררו - אלבה,,קינדר בואנו חלב 43 ג,גרמים,43.00,100 גרם,false,,3.90,0.0907,true,1,132965
80052883,false,סוכריות טיק טק מנטה חזק 16 גרם,צ'וקטה,,סוכריות טיק טק בטעם,גרמים,16.00,100 גרם,false,,3.00,0.1875,true,1,151979
80136194,false,חטיפי הפי היפו Happy Hippo במילוי קרם חלבי ואגוזי לוז,קינדר Kinder,,קינדר הפי היפו אגוז,גרמים,103.50,100 גרם,false,,12.50,0.1208,true,1,139264
80141301,true,מפעל -A6פריניר עגב מ,,,מפעל -A6פריניר עגב מ,קילוגרמים,1.00,"ק""ג",true,,2999.90,2999.9000,true,1,135777
80177173,false,ממרח שוקולד נוטלה 350 גרם,פררו - אלבה,,ממרח אגוזי לוז עם קק,גרמים,350.00,100 גרם,false,,14.90,0.0426,true,1,139273
80177616,false,אצבעות שוקולד קינדר Kinder שמונה יחידות,פררו - אלבה,,קינדר 100 גרם 10 יחי,גרמים,100.00,100 גרם,false,,6.90,0.0690,true,1,140129
80310891,false,ג'וי ביצת הפתעה קינדר 20 גרם,קריות זול,,קינדר גוי בודד 20 גר,גרמים,20.00,100 גרם,false,,5.90,0.2950,true,1,160637
80761761,false,קינדר בואנו לבן בודד 39 גרם,ליימן שליסל,,קינדר בואנו לבן 39 ג,גרמים,39.00,100 גרם,false,,3.90,0.1000,true,1,134017
80773429,false,מנטוס בקבוק מעוגל - מסטיק ללא סוכר בטעם תות 60 גרם,"פרפטי ואן מלה ג'\ידה,סאן",,מסטיק מנטוס בקבוק מע,גרמים,60.00,100 גרם,false,,9.90,0.1650,true,1,139676
80773443,false,מנטוס בקבוק מעוגל - מסטיק ללא סוכר בטעם מנטה 60 גרם,"פרפטי ואן מלה ג'\ידה,סאן",,גומי לעיסה בטעם מנטה,גרמים,60.00,100 גרם,false,,9.90,0.1650,true,1,143417
80790990,false,מסטיק מנטוס בבקבוק מעוגל בטעם פירות -מנטה 60 ג',"פרפטי ואן מלה ג'\ידה,סאן",,מסטיק מנטוס מעוגל 60,גרמים,60.00,100 גרם,false,,9.90,0.1650,true,1,143418
80820970,false,שוקולד חלב ממולא קרם קרמל ועלי וופל פריכ,לואקר Loacker,,וופל טורטינה קרמל 21,גרמים,21.00,100 גרם,false,,3.90,0.1857,true,1,153176
80831402,false,סוכריות מנטוס מנטה עדינה 30 יח' ללא סוכר CLEAN BREATH,פרפטי ואן מלה,,סוכריות מנטוס מרעננו,גרמים,21.00,100 גרם,false,,6.90,0.3286,true,1,156824
80896081,false,מנטוס בקבוק מעוגל - מסטיק ללא סוכר בטעם אבטיח 60 גרם,"פרפטי ואן מלה ג'\ידה,סאן",,מסטיק מנטוס בקבוק מע,גרמים,60.00,100 גרם,false,,9.90,0.1650,true,1,139677
80913467,false,מנטוס בקבוק מעוגל - מסטיק ללא סוכר בטעם מנטה,פרפטי ואן מלה הולנד,,מסטיק מנטוס מנטה מעו,גרמים,60.00,100 גרם,false,,9.90,0.1650,true,1,143419
80936848,false,סוכריות טיק טק בטעם תות שדה,ליימן שליסל,,סוכריות טיק טק תות 1,גרמים,16.00,100 גרם,false,,3.00,0.1875,true,1,137040
80979128,false,מנטוס מסטיק בקבוק מעוגל בטעם דובדבן,פרפטי ואן מלה הולנד,,מסטיק מנטוס בקבוק מע,גרמים,60.00,100 גרם,false,,9.90,0.1650,true,1,155793
80982470,false,מסטיק מנטוס פיור פרוסט בטעם מנטה חזק 60 גר',פרפטי ואן מלה ברדה,,מנטוס מסטיק פיור פרו,גרמים,60.00,100 גרם,false,,9.90,0.1650,true,1,153171
80986348,false,סוכריות פיור וויט טעם מנטה 60 ג' מנטוס,"פרפטי ואן מלה ג'ידה,סאן",,מסטיק מנטוס בקבוק מע,גרמים,60.00,100 גרם,false,,9.90,0.1650,true,1,155794
80995128,false,מנטוס בקבוק עגול בטעם הדרים בתוספת ויטמינים 60 גרם,פרפטי ואן מלה הולנד,,מנטוס מסטיק הדרים בת,גרמים,60.00,100 גרם,false,,9.90,0.1650,true,1,160865
87108019,false,סוכריות מנטוס מנטה37.5גר,פרפטי ואן מלה,,סוכריות בגליל בטעם מ,גרמים,37.50,100 גרם,false,,3.50,0.0933,true,1,148307
87108538,false,סוכריות בטעם תות מנטוס 37.5 גרם,הדקלאים אגודת שיתופי,,סוכריות בגליל בטעם ת,גרמים,37.00,100 גרם,false,,3.50,0.0946,true,1,139419
87311396,false,מנטוס ריינבאוו סוכריות לעיסה בטעמי פירות,פרפטי ואן מלה ברדה,,סוכריות מנטוס ריינבו,גרמים,37.50,100 גרם,false,,3.50,0.0933,true,1,139420
87354041,false,מנטוס גליל בטעם דובדבן 40גלילים,פרפטי ואן מלה,,סוכריות מנטוס גליל ד,גרמים,37.50,100 גרם,false,,3.50,0.0933,true,1,153412
88888000,true,Temp SuperDept,,,Temp SuperDept,,0.00,,false,,0.00,0.0000,true,1,144778
88888001,true,אוכל,,,אוכל,,0.00,,false,,0.00,0.0000,true,1,144779
88888002,true,שתיה,,,שתיה,,0.00,,false,,0.00,0.0000,true,1,144780
88888003,true,אימפולס,,,אימפולס,,0.00,,false,,0.00,0.0000,true,1,161325
88888004,true,תוספות לקפה,,,תוספות לקפה,,0.00,,false,,0.00,0.0000,true,1,144781
88888005,true,חומרי גלם,,,חומרי גלם,,0.00,,false,,0.00,0.0000,true,1,144782
88888006,true,פירות וירקות,,,פירות וירקות,,0.00,,false,,0.00,0.0000,true,1,161326
88888008,true,ללא מעמ,,,ללא מעמ,,0.00,,false,,0.00,0.0000,true,1,144783
88888009,true,ניר פוד,,,ניר פוד,,0.00,,false,,0.00,0.0000,true,1,161327
88888010,true,אלכוהול,,,אלכוהול,,0.00,,false,,0.00,0.0000,true,1,161328
88888014,true,נון פוד,,,נון פוד,,0.00,,false,,0.00,0.0000,true,1,161329
88888016,true,תפעול,,,תפעול,,0.00,,false,,0.00,0.0000,true,1,161330
88888018,true,שוויצריה הקטנה,,,שוויצריה הקטנה,,0.00,,false,,0.00,0.0000,true,1,147049
88888100,true,"מפעל-ללא מע""מ",,,"מפעל-ללא מע""מ",,0.00,,false,,0.00,0.0000,true,1,144784
88888102,true,גלידות ושלגונים,,,גלידות ושלגונים,,0.00,,false,,0.00,0.0000,true,1,144785
88888119,true,מאפים,,,מאפים,,0.00,,false,,0.00,0.0000,true,1,161331
88888124,true,משקאות לא אלכוהוליים,,,משקאות לא אלכוהוליים,,0.00,,false,,0.00,0.0000,true,1,161332
88888144,true,קינוחים,,,קינוחים,,0.00,,false,,0.00,0.0000,true,1,161333
88888156,true,פירות וירקות לסחיטה,,,פירות וירקות לסחיטה,,0.00,,false,,0.00,0.0000,true,1,144786
88888158,true,מוצרי מכולת,,,מוצרי מכולת,,0.00,,false,,0.00,0.0000,true,1,144787
88888159,true,משקאות,,,משקאות,,0.00,,false,,0.00,0.0000,true,1,144788
88888160,true,מצוננים,,,מצוננים,,0.00,,false,,0.00,0.0000,true,1,144789
88888161,true,קפואים,,,קפואים,,0.00,,false,,0.00,0.0000,true,1,144790
88888162,true,ירקות ופירות טריים,,,ירקות ופירות טריים,,0.00,,false,,0.00,0.0000,true,1,144791
88888164,true,מוצרים לבית,,,מוצרים לבית,,0.00,,false,,0.00,0.0000,true,1,144792
88888165,true,י שירות/ עזר לסניפים,,,י שירות/ עזר לסניפים,,0.00,,false,,0.00,0.0000,true,1,144793
88888166,true,ארוחות מבושלות,,,ארוחות מבושלות,,0.00,,false,,0.00,0.0000,true,1,144794
88888167,true,אריזות לזכיינים,,,אריזות לזכיינים,,0.00,,false,,0.00,0.0000,true,1,161334
88888168,true,זיכויים,,,זיכויים,,0.00,,false,,0.00,0.0000,true,1,144795
88888169,true,אבזרי עזר וייצור,,,אבזרי עזר וייצור,,0.00,,false,,0.00,0.0000,true,1,144796
88888170,true,מזון טרי,,,מזון טרי,,0.00,,false,,0.00,0.0000,true,1,144797
88888171,true,משקאות קרון,,,משקאות קרון,,0.00,,false,,0.00,0.0000,true,1,144798
88888172,true,ירקות ופירות מעמ,,,ירקות ופירות מעמ,,0.00,,false,,0.00,0.0000,true,1,144799
88888173,true,ל-חומרי גלם ואביזרים,,,ל-חומרי גלם ואביזרים,,0.00,,false,,0.00,0.0000,true,1,144800
88888174,true,מפעל-תוצרת גמורה,,,מפעל-תוצרת גמורה,,0.00,,false,,0.00,0.0000,true,1,144801
88888175,true,סיגריות,,,סיגריות,,0.00,,false,,0.00,0.0000,true,1,144802
88888176,true,מאפה טרי פרדס,,,מאפה טרי פרדס,,0.00,,false,,0.00,0.0000,true,1,144803
88888177,true,קצבייה פרדס,,,קצבייה פרדס,,0.00,,false,,0.00,0.0000,true,1,144804
88888178,true,ואביזרים (ללא מלאי),,,ואביזרים (ללא מלאי),,0.00,,false,,0.00,0.0000,true,1,144805
88888179,true,פירות יבשים ללא מעמ,,,פירות יבשים ללא מעמ,,0.00,,false,,0.00,0.0000,true,1,151770
88888999,true,,,,,,0.00,,false,,0.00,0.0000,true,1,144806
90162602,false,רד בול משקה אנרגיה פקדון 30 אג,רד בול ג'י.אם.בי. אץ,,משקה אנרגיה רד בול 2,מיליליטרים,250.00,"100 מ""ל",false,,6.90,0.0276,true,1,144883
90162800,false,רד בול משקה אנרגיה ללא סוכר פקדון 30 אג,רד בול ג'י.אם.בי. אץ,,משקה אנרגיה רד בול ל,מיליליטרים,250.00,"100 מ""ל",false,,6.90,0.0276,true,1,144884
128902555,true,מפעל-סלמון פילה אפוי,,,מפעל-סלמון פילה אפוי,קילוגרמים,1.00,"ק""ג",true,,2999.90,2999.9000,true,1,137889
128910367,true,מפעל-קסטן דגנים,,,מפעל-קסטן דגנים,,0.00,,false,,0.00,0.0000,true,1,139027
212105302,true,מפעל-שום כתוש בדלי5,,,מפעל-שום כתוש בדלי5,,0.00,,false,,2999.90,0.0000,true,1,135374
311100902,true,מפעל-מלפפון במלח קוב,,,מפעל-מלפפון במלח קוב,קילוגרמים,1.00,"ק""ג",true,,2999.90,2999.9000,true,1,136072
701504420,true,מפעל-ספטוקל בלון 20,,,מפעל-ספטוקל בלון 20,,0.00,,false,,0.00,0.0000,true,1,136422
702303420,true,מפעל -QUICKDESבלון1,,,מפעל -QUICKDESבלון1,,0.00,,false,,0.00,0.0000,true,1,136423
702349420,true,מפעל MS -TOPבלון 20,,,מפעל MS -TOPבלון 20,,0.00,,false,,0.00,0.0000,true,1,136417
710758425,true,"מפעל -ZA28מיכל 25 ק""",,,"מפעל -ZA28מיכל 25 ק""",,0.00,,false,,0.00,0.0000,true,1,136876
803165193,true,מפעל-ניילון רדיד מוד,,,מפעל-ניילון רדיד מוד,,0.00,,false,,0.00,0.0000,true,1,136410
803165293,true,מפעל-ניילון מודפס לס,,,מפעל-ניילון מודפס לס,,0.00,,false,,0.00,0.0000,true,1,136436
803165395,true,מפעל-ניילון מודפס לס,,,מפעל-ניילון מודפס לס,,0.00,,false,,0.00,0.0000,true,1,136437
818000091,true,מפעל-גלופה / צילינדר,,,מפעל-גלופה / צילינדר,,0.00,,false,,0.00,0.0000,true,1,136411
827002109,true,מפעל -מטליותQUICKDE,,,מפעל -מטליותQUICKDE,,0.00,,false,,0.00,0.0000,true,1,136424
1000000038,true,מפעל-משטח פלסט קוביו,,,מפעל-משטח פלסט קוביו,,0.00,,false,,2999.90,0.0000,true,1,135326
5011051000,true,"קאווה 750 מ""ל",,,"קאווה 750 מ""ל",,0.00,,false,,0.00,0.0000,true,1,133878
5107510002,true,מפעל -חביתה מקופלת7,,,מפעל -חביתה מקופלת7,,0.00,,false,,2999.90,0.0000,true,1,134798
9800800056,false,חטיף שוקולד עם מקלות לחם אנד גו,פררו - אלבה,,נוטלה טו גו 52 גרם,גרמים,52.00,100 גרם,false,,5.00,0.0962,true,1,140088
10000600006,true,מפעל-מיכל 800 אטום ר,,,מפעל-מיכל 800 אטום ר,,0.00,,false,,0.00,0.0000,true,1,136427
11182700916,false,קינג קול שעועית לבנה צפונית 439 גרם,הנובר פודס,,שעועית לבנה קינג קול,גרמים,439.00,100 גרם,false,,9.90,0.0226,true,1,155558
11182700954,false,קינג קול שעועית שחורה 439 גרם,האנאובר פודס קורפורשיין,,קינג קול שעועית שחור,גרמים,439.00,100 גרם,false,,9.90,0.0226,true,1,155642
12300103138,true,פאקט-כאמל בוקס,,,פאקט-כאמל בוקס,,0.00,,false,,0.00,0.0000,true,1,135388
12300107136,true,פאקט-כאמל כחול,,,פאקט-כאמל כחול,,0.00,,false,,0.00,0.0000,true,1,138084
12300119139,true,פאקט-וינסטון כחול בו,,,פאקט-וינסטון כחול בו,,0.00,,false,,0.00,0.0000,true,1,135195
16000185517,false,דגני בוקר פייבר וואן עתירי סובין FIBRE1,בטר אנד דיפרנט,,פייבר וואן 555 גרם,גרמים,555.00,100 גרם,false,,28.90,0.0521,true,1,156736
16000281684,false,חטיפי גרנולה קראנצ'י עם פקאן נייצ'ר ואלי 5*42 גרם,ליימן מותגים,,חטיפי גרנולה פקאן ני,גרמים,210.00,100 גרם,false,,14.90,0.0710,true,1,145789
16000548909,false,חטיפי גרנולה קראנצ'י במגוון טעמים נייצ'ר ואלי 5*42 גרם,ג'נרל מילס סאן אדריאן,,חטיפי גרנולה במגוון,גרמים,210.00,100 גרם,false,,19.90,0.0948,true,1,145791
16229924263,false,"ארוי-די קרם קוקוס 250 מ""ל",תאי אגרי פוד פובליק קו'\,,"קרם קוקוס 250 מ""ל",גרמים,250.00,100 גרם,false,,9.90,0.0396,true,1,159910
18000703494,false,"פילסברי, עוגה בטעם וניל, תערובת להכנת עוגה בטעם וניל. 500 גרם.",הדקלאים אגודת שיתופי,,תערובת להכנת עוגת ונ,גרמים,500.00,100 גרם,false,,16.90,0.0338,true,1,155026
24502025361,true,כוס לגלידת יוגורט5O,,,כוס לגלידת יוגורט5O,,0.00,,false,,0.00,0.0000,true,1,137447
25675301108,false,מקלות חמוצים חמצוצים תות 50 גרם,פאסין,,סוכריות חמצוצים בטעם,גרמים,50.00,100 גרם,false,,4.90,0.0980,true,1,149824
25675301184,false,חמצוצים מקלות חמוצים קולה 50 גרם,פאסין ב.ו,,סוכריות חמצוצים בטעם,גרמים,50.00,100 גרם,false,,4.90,0.0980,true,1,143878
25700005698,false,זיפלוק שקיות אחסון בינוניות 24 יחידות,אס.סי.גונסון ובניו,,זיפלוק שקיות אחסון ב,Unknown,24.00,יחידה,false,,13.90,0.5792,true,1,151944
28200152701,true,פאקט-ל.מ .בלו לייבל,,,פאקט-ל.מ .בלו לייבל,,0.00,,false,,0.00,0.0000,true,1,135200
32611296002,true,מפעל -ניילון בגליל ע,,,מפעל -ניילון בגליל ע,קילוגרמים,1.00,"ק""ג",true,,0.00,0.0000,true,1,137171
37600207256,false,חמאת בוטנים עם שברי בוטנים סקיפי 462 גרם,חברת המזון אלגוד,,חמאת בוטנים סקיפי עם,גרמים,462.00,100 גרם,false,,18.90,0.0409,true,1,141154
38000138638,false,חטיף צ'יפס פרינגלס פיצה 158 גרם,פרינגלס מנופקצ'ורינג קונ,,פרינגלס בטעם פיצה 15,גרמים,158.00,100 גרם,false,,8.90,0.0563,true,1,150986
38000183690,false,חטיף צ'יפס פרינגלס מידי ברביקיו 71 גרם,פרינגלס מנופקצ'ורינג,,פרינגלס ברביקיו 71 ג,גרמים,71.00,100 גרם,false,,5.90,0.0831,true,1,138654
38000197840,false,פרינגלס גלי בטעם חריף מתוק 137 ג',פרינגלס מנופקצ'ורינג,,פרינגלס wavy ברביקיו,גרמים,137.00,100 גרם,false,,8.90,0.0650,true,1,156221
38000232152,false,פרינגלס חטיפי תפוח אדמה בטעם ברביקיו 158 גרם,פרינגלס מנופקצ'ורינג קומ,,פרינגלס ברביקיו 158,גרמים,149.00,100 גרם,false,,8.90,0.0597,true,1,148995
38000232169,false,פרינגלס מידי אורגינל 67 גרם.,פרינגלס מנופקצ'ורינג קונ,,פרינגלס אורגינל 67 ג,גרמים,67.00,100 גרם,false,,5.90,0.0881,true,1,147897
38000232183,false,פרינגלס ביג אורגינל 149 גרם,פרינגלס מנופקצ'ורינג קונ,,פרינגלס אורגינל 149,גרמים,149.00,100 גרם,false,,8.90,0.0597,true,1,147899
38000845253,false,חטיף צ'יפס פרינגלס מידי שמנת בצל 71 גרם,פרינגלס מנופקצ'ורינג קונ,,פרינגלס שמנת בצל 71,גרמים,71.00,100 גרם,false,,5.90,0.0831,true,1,138131
38527591053,false,קואקר דגנים מרובעים שיבולת שועל וקינמון,קוואקר אוטס קומפני,,קוואקר ריבועים קנמון,גרמים,411.00,100 גרם,false,,19.90,0.0484,true,1,140066
38527591060,false,דגני קוואקר מרובעים Quaker Squares עם סוכר חום,קוואקר אוטס קומפני,,קוואקר ריבועים סוכר,גרמים,411.00,100 גרם,false,,19.90,0.0484,true,1,140067
41165036046,true,כוס לגלידת יוגורט5O,,,כוס לגלידת יוגורט5O,,0.00,,false,,0.00,0.0000,true,1,137223
46214731552,false,עוגיות שוקולד צ'יפס 37% גודיס 225 גרם,קריניציה ויטמינה אס,,עוגיות שוקולד צ'יפס,גרמים,225.00,100 גרם,false,,8.90,0.0396,true,1,141026
55369902557,false,אפלסנקס רביעיות רסק תפוחי עץ ממותק בסגנון ביתי עברית,ליייהי אורצ'רדס,,רסק תפוחים רביעייה 1,גרמים,452.00,100 גרם,false,,15.90,0.0352,true,1,155556
70970461805,true,מייק אנד אייק כחול5,,,מייק אנד אייק כחול5,,0.00,,false,,5.00,0.0000,true,1,136334
70970461828,true,מייק אנד אייק ורוד5,,,מייק אנד אייק ורוד5,,0.00,,false,,5.00,0.0000,true,1,136336
76301840027,false,אפל & איב מיץ תפוח ע,,,אפל & איב מיץ תפוח ע,מיליליטרים,125.00,"100 מ""ל",false,,27.90,0.2232,true,1,155581
76840002542,false,"גלידת בן & ג'ריס פיינט נטפליקס וצ'ילד 500מ""ל",מוצרי איכות אמריקאיים בע,,גלידת חמאת בוטנים עם,מיליליטרים,500.00,"100 מ""ל",false,,21.90,0.0438,true,1,149541
76840100156,false,"בן אנד גריס גלידת צרי גרסיה 500 מ""ל",מוצרי איכות אמריקאיים בע,,גלידה צ'רי גרסיה בן&,100 0,500.00,100 0,false,,21.90,0.0438,true,1,140285
76840100583,false,"גלידת וניל עם בצק עוגיות בן וג'ירי 473 מ""ל",מוצרי איכות אמריקאיים בע,,גלידת וניל עם בצק עו,מיליליטרים,473.00,"100 מ""ל",false,,21.90,0.0463,true,1,140286
76840400218,false,"גלידה בן&ג'ריס תות שדה ועוגת גבינה 500מ""ל",מוצרי איכות אמריקאיים בע,,גלידה בטעם עוגת גבינ,מיליליטרים,473.00,"100 מ""ל",false,,21.90,0.0463,true,1,140293
76840620029,false,"בן אנד גריס גלידת תות שדה 500 מ""ל",מוצרי איכות אמריקאיים בע,,גלידה בטעם תות שדה ב,100 0,500.00,100 0,false,,21.90,0.0438,true,1,140299
77245110610,false,סוכריות מאסט ללא סוכר בטעם מנטה 80 ג'עלית,MIESZKO S.A - MS. JO,,"סוכריות לל""ס מאסט מנ",גרמים,80.00,100 גרם,false,,7.90,0.0988,true,1,149475
77975094631,false,סניידרס סנדוויץ' בייגלה במילוי קרם בטעם צ'דר 226 גרם,סניידרס לאנס,,סניידרס סנדביץ קרם צ,גרמים,266.00,100 גרם,false,,16.90,0.0635,true,1,151323
77975094761,false,סניידרס חטיפים על בסיס קמח חיטה בטעם גבינת צ'דר,סניידרס אוף האנובר,,סניידרס בטעם צ'דר 34,גרמים,340.00,100 גרם,false,,16.90,0.0497,true,1,153154
77975094778,false,שברי בייגלה סניידרס בטעם דבש חרדל 340 גר,סניידרס אוף האנובר,,סניידרס דבש וחרדל 34,גרמים,340.00,100 גרם,false,,14.90,0.0438,true,1,153822
77975095133,false,שברי בייגלה בטעם פיקנטי 318 ג' סניידרס,סניידרס Snyder's,,סניידרס- שברי בייגלה,גרמים,319.00,100 גרם,false,,16.90,0.0530,true,1,160979
82184090442,true,"ג""ק דניאלס 1 ליטר",,,"ג""ק דניאלס 1 ליטר",,0.00,,false,,0.00,0.0000,true,1,138121
401500011273,true,סומט נוזל לניקוי ומב,,,סומט נוזל לניקוי ומב,,0.00,,false,,5.00,0.0000,true,1,135185
500299101100,true,וויסקי פור רוזס 700,,,וויסקי פור רוזס 700,,0.00,,false,,0.00,0.0000,true,1,133131
608614331475,false,כרובית ארוזה ביכורי,חקלאי,,כרובית,יח',1.00,יח',false,,9.90,9.9000,true,1,145032
633824703392,true,וודקה ואן גוך קלאסית,,,וודקה ואן גוך קלאסית,,0.00,,false,,0.00,0.0000,true,1,138093
728229123590,false,טרה אורגינל חטיף על בסיס ירקות שורש בטעם טבעי 110 גרם,הונדורס צ'יפס יצור א,,טרה ירקות שורש בטעם,גרמים,110.00,100 גרם,false,,14.90,0.1355,true,1,140758
728229124764,false,טרה חטיף על בסיס בטטה עם מלח ים 110 גרם,היין פיוצ'ור נטורל פ,,טרה ציפס בטטה מלח ים,גרמים,110.00,100 גרם,false,,14.90,0.1355,true,1,157256
728229124771,false,טרה חטיף על בסיס בטטה בטעם ברביקיו 110 גרם,היין פיוצ'ור נטורל פ,,טרה בטטה בטעם ברביקי,גרמים,110.00,100 גרם,false,,14.90,0.1355,true,1,140759
728229124795,false,"חטיף טרה בטטה כשל""פ 110 גר",היין סלסטייאל גרופ,,חטיף בטטה טרה צ'יפס,גרמים,110.00,100 גרם,false,,14.90,0.1355,true,1,158413
729000254137,true,חלב סויה אלפרו,,,חלב סויה אלפרו,,0.00,,false,,0.00,0.0000,true,1,133590
729000487231,true,טילון וניל,,,טילון וניל,,0.00,,false,,5.00,0.0000,true,1,133112
729000494616,true,שוקו 250 גרם,,,שוקו 250 גרם,,0.00,,false,,0.00,0.0000,true,1,132544
729000513130,true,מפעל-מלפפון חמוץ במל,,,מפעל-מלפפון חמוץ במל,,0.00,,false,,0.00,0.0000,true,1,134769
729001364230,true,פסטרמה כפרית 100 גרם,,,פסטרמה כפרית 100 גרם,,0.00,,false,,5.00,0.0000,true,1,135603
729001364506,true,סלמי פריזר 100 גרם,,,סלמי פריזר 100 גרם,,0.00,,false,,5.00,0.0000,true,1,135604
729001505785,true,מיץ תפוזים עדה חרדית,,,מיץ תפוזים עדה חרדית,,0.00,,false,,0.00,0.0000,true,1,136255
729001553005,true,מפעל לחמניה קמח מלא,,,מפעל לחמניה קמח מלא,,0.00,,false,,0.00,0.0000,true,1,134989
729001587826,true,חרדל 370 גרם,,,חרדל 370 גרם,,0.00,,false,,5.00,0.0000,true,1,133080
729001759700,true,פמלה קלופה,,,פמלה קלופה,,0.00,,false,,12.00,0.0000,true,1,138624
729002007890,true,"כוסות ח""פ לשתייה קרה",,,"כוסות ח""פ לשתייה קרה",,0.00,,false,,5.00,0.0000,true,1,132703
729006664051,true,אקטימל 14 יחידות טבע,,,אקטימל 14 יחידות טבע,,0.00,,false,,5.00,0.0000,true,1,132815
732494000500,false,קרטורס חטיף פופקורן קרמל 227 גרם,איגל פודס ווקיגאן מפ,,קרטורס פופקורן קרמל,גרמים,710.00,100 גרם,false,,24.90,0.0351,true,1,155590
768404001640,false,"גלידה בן&ג'ריס קפה משפחתית 500מ""ל",מוצרי איכות אמריקאיים בע,,"בן אנד ג""ריז קפה",100 0,500.00,100 0,false,,21.90,0.0438,true,1,140301
800520048652,true,נסטי אפרסק בקבוק500,,,נסטי אפרסק בקבוק500,,0.00,,false,,5.00,0.0000,true,1,135811
805278001847,false,אורז בסמטי תומר 1 קג,,,"אורז בסמטי תומר 1 ק""",גרמים,1000.00,100 גרם,false,,10.90,0.0109,true,1,160320
807680208570,true,פסטה פנה ברילה50 73,,,פסטה פנה ברילה50 73,,0.00,,false,,5.00,0.0000,true,1,132773
835811007234,true,אפונה 500 גרם,,,אפונה 500 גרם,,0.00,,false,,5.00,0.0000,true,1,138249
839762002379,false,משקה נקטר מנגו איילנד 350מל,פארייפאבה אגרואינדוס,,"איילנד מנגו 350 מ""ל",מיליליטרים,350.00,"100 מ""ל",false,,8.20,0.0234,true,1,137987
839762002386,false,"איילנד גויאבה בקבוק 350 מ""ל",פארייפאבה אגרואינדוס,,"איילנד גויאבה 350 מ""",מיליליטרים,350.00,"100 מ""ל",false,,6.50,0.0186,true,1,137982
853773004269,true,מפעל-אורז קלרוז22.7,,,מפעל-אורז קלרוז22.7,קילוגרמים,1.00,"ק""ג",true,,0.00,0.0000,true,1,134849
893594002051,false,"חטיף פופקורן צ`יפס בטעם גבינת צ`דר, 28ג Medora snacks",PepsiCo inc. Frito lay Division,,פופקורנס גבינת צ'דר,גרמים,28.00,100 גרם,false,,5.90,0.2107,true,1,159857
893594002068,false,"חטיף פופקורן צ`יפס עם מלח ים,28 ג HANTRONIX",PepsiCo inc. Frito lay Division,,פופקורנס מלח ים 28 ג,גרמים,28.00,100 גרם,false,,5.90,0.2107,true,1,133148
1040130300030,true,מגבוני טישו פוקט בסט,,,מגבוני טישו פוקט בסט,,0.00,,false,,0.00,0.0000,true,1,135663
2586802903609,true,פסיפלורה נוזלי עדה ח,,,פסיפלורה נוזלי עדה ח,,0.00,,false,,0.00,0.0000,true,1,134548
2731258680290,true,פסיפלורה נוזלי עדה ח,,,פסיפלורה נוזלי עדה ח,,0.00,,false,,0.00,0.0000,true,1,134489
2731708652720,true,אייס לימונענע נוזלי,,,אייס לימונענע נוזלי,,0.00,,false,,0.00,0.0000,true,1,134510
2900000078199,true,במבה קלאסי 80 גרם,,,במבה קלאסי 80 גרם,,0.00,,false,,0.00,0.0000,true,1,134578
3046920028004,false,לינדט שוקולד אקסלנס מריר 70% 100 גר,לינדט ושפרונגלי קילשברג,,שוקולד לינדט אקסלנס,גרמים,100.00,100 גרם,false,,14.90,0.1490,true,1,156298
3046920028363,false,לינדט אקסלנס 85% מוצקי קקאו 100 גרם,לינדט ושפרונגלי קילשברג,,שוקולד לינדט אקסלנס,גרמים,100.00,100 גרם,false,,14.90,0.1490,true,1,156299
3046920028752,false,שוקולד לינדט אקסלנס מינט 100 גרם,לינדט ושפרונגלי קילשברג,,שוקולד לינדט אקסלנס,גרמים,100.00,100 גרם,false,,14.90,0.1490,true,1,156300
3046920029674,false,שוקולד לינדט אקסלנס סולט 100 גרם,לינדט ושפרונגלי קילשברג,,שוקולד לינדט אקס' סו,גרמים,100.00,100 גרם,false,,14.90,0.1490,true,1,156301
3073781161663,false,גבינה מותכת 18.5% שומן לה וואש קירי,לה וואש קירי La Vache qui rit,,גבינה מותכת לה ואש ק,גרמים,128.00,100 גרם,false,,12.90,0.1008,true,1,156260
3141360054405,false,פיניש מפיץ ריח למדיח בניחוח לימון וליים,הדקלאים אגודת שיתופי,,מפיץ ריח בניחוח לימו,Unknown,1.00,יחידה,false,,16.90,16.9000,true,1,153882
3161911229199,false,חמאה צרפתית רכה למריחה אל & ויר 250 גרם,אלל אה וויר,,חמאה רכה אלוויר 250,גרמים,250.00,100 גרם,false,,21.90,0.0876,true,1,145519
3178530402353,false,עוגות מיני מדלן קלאסי סאן מישל 175 גרם,סאן מישל ביסוויט,,מדלן עוגיות רכות 175,גרמים,175.00,100 גרם,false,,10.90,0.0623,true,1,140976
3387390320244,false,פיטנס דגני בוקר מחיטה מלאה עם פירות נסטלה 375 גרם,נסטלה צרפת איטנקורט,,דגני פיטנס פירות נסט,גרמים,375.00,100 גרם,false,,19.90,0.0531,true,1,143529
3523230045827,false,גבינת סנט מור עיזים160גר,סואניון,,גבינת סנט מור מחלב ע,גרמים,160.00,100 גרם,false,,26.90,0.1681,true,1,155760
3614224050986,false,"אדידס - דאודורנט ספריי לגבר אדיפאוור 72 שעות 150 מ""ל","ב.א מזון בע""מ",,דאודורנט ספריי לגבר,מיליליטרים,150.00,"100 מ""ל",false,,13.90,0.0927,true,1,151446
3800020423578,false,חטיף שוקולד חלב צאנקי 40 ג' קיט קט,נסטלה בולגריה A.D,,קיט קט צ'אנקי חלב 40,גרמים,40.00,100 גרם,false,,4.50,0.1125,true,1,134274
4000417022004,false,ריטר ספורט שוקולד חלב מעולה עם צימוקים ואגוזי לוז 100 גרם,ריטר ספורט Ritter sport,,שוקולד חלב עם צימוקי,גרמים,100.00,100 גרם,false,,8.90,0.0890,true,1,143762
4000417101211,false,גלילי וופל עם קרם אגוזי לוז בציפוי שוקולד חלב,אמיצ'לי Amicelli,,וופל אמיצ'לי 150 גרם,גרמים,150.00,100 גרם,false,,18.90,0.1260,true,1,156550
4000417212009,false,ריטר ספורט שוקולד מריר מעולה עם שקדים קצוצים וקליפות תפוז מסוכרות,ריטר ספורט Ritter sport,,שוקולד מריר עם תפוז,גרמים,100.00,100 גרם,false,,8.90,0.0890,true,1,143765
4005563194018,true,"פידג 1 ""ליטר",,,"פידג 1 ""ליטר",,0.00,,false,,0.00,0.0000,true,1,133901
4005563194025,true,"פידג 700 ""מ""ל",,,"פידג 700 ""מ""ל",,0.00,,false,,0.00,0.0000,true,1,134504
4005900555540,false,לבלו כחול אורגינל,,,לבלו כחול אורגינל,Unknown,1.00,יחידה,false,,10.90,10.9000,true,1,144753
4009300522935,false,תה ירוק פומפדור לימונית ולואיזה 20 יחידות,"איטיליאן פוד, אס.פי.",,תה ירוק לימונית ולוא,גרמים,35.00,100 גרם,false,,16.90,0.4829,true,1,141299
4011800290092,false,חטיף חלבון וניל ללא תוספת סוכר,סידס,,קורני חלבון וניל 50,גרמים,50.00,100 גרם,false,,9.90,0.1980,true,1,161071
4011800617912,false,קורני ביג נאטס אגוזי,שוורטאוור וורקה,,קורני ביג נאטס אגוזי,גרמים,50.00,100 גרם,false,,4.90,0.0980,true,1,159039
4011800628512,false,חטיף קורני שוקולד חלב 6 יח 150 גר,מיוצר עי קונדיטוריית,,קורני בייס שוקו 150,גרמים,150.00,100 גרם,false,,10.90,0.0727,true,1,140761
4011800630515,false,חטיף קורני שוקולד חלב ובננה 6 יח 150 גר,מיוצר עי קונדיטוריית,,קורני בייס שוק בננה,גרמים,150.00,100 גרם,false,,10.90,0.0727,true,1,140762
4013092001608,true,באד אפפל 1 ליטר,,,באד אפפל 1 ליטר,,0.00,,false,,0.00,0.0000,true,1,133902
4014400901191,false,בונבונריית מרסי מבחר ממתקי שוקולד 250 גרם,אוגוסט שטורק,,בונבוניירת שוקולד חל,גרמים,250.00,100 גרם,false,,26.90,0.1076,true,1,139679
4014400907902,false,"וורטרס אורגינל סוכריות חמאה ללא סוכר בקופסה
42 גרם",וורטר'ס אורגינל,,סוכריות חמאה ללא תוס,גרמים,42.00,100 גרם,false,,6.90,0.1643,true,1,143770
4014400909692,false,וורטרס אורגינל סוכריות חמאה ללא סוכר בטעם קפוצי'ינו בקופסה 42 גרם,קריניציה ויטמינה אס,,וורטר בוקס קפה ללא ת,גרמים,42.00,100 גרם,false,,6.90,0.1643,true,1,143771
4014400914696,false,וורטרס אורגינל סוכריות ללא סוכר 80 גרם,אוגוסט שטורק,,סוכריות חמאה ללא סוכ,גרמים,80.00,100 גרם,false,,8.90,0.1113,true,1,139413
4014400923711,false,בונבוניירה שוקולד אגוזים טופיפי 125 גרם,אוגוסט שטורק,,בונבוניירה טופיפי 12,גרמים,125.00,100 גרם,false,,12.90,0.1032,true,1,136646
4014400931327,false,ורטרס אורגינל פופקורן עם קרמל זרעי דלעת 1/12,וורטרס Werther's,,וורטרס אורגינל חטיף,גרמים,140.00,100 גרם,false,,15.90,0.1136,true,1,158707
4015400564034,false,מגן תחתון אולוויז מגה פק לונג פלוס 58 יחידות,פרוקטר אנד גמבל,,מגן תחתון אולוויז מג,גרמים,250.00,100 גרם,false,,19.90,0.0796,true,1,152335
4015400731719,false,תחבושות היגייניות אולוויז יום ולילה Day & Night,פרוקטר אנד גמבל,,תחבושות אולוויז וליו,גרמים,126.00,100 גרם,false,,19.90,0.1579,true,1,139308
4015400990482,false,"אבקת כביסה אריאל קולור 3 ק""ג",פרוקטר אנד גמבל,,אבקת כביסה אריאל קול,גרמים,3000.00,100 גרם,false,,34.90,0.0116,true,1,151518
4025700001962,false,מילקה טבלה 100 גר' לבן 1/22 (4248023),פי אר ג'יי אס סי מונ,,שוקולד לבן מילקה 100,גרמים,100.00,100 גרם,false,,6.90,0.0690,true,1,133310
4033100014505,true,פאקט אל.די כחול,,,פאקט אל.די כחול,,0.00,,false,,0.00,0.0000,true,1,137805
4033100014642,true,פאקט-כאמל שחור,,,פאקט-כאמל שחור,,0.00,,false,,0.00,0.0000,true,1,138086
4033100014666,true,פאקט כאמל לבן,,,פאקט כאמל לבן,,0.00,,false,,0.00,0.0000,true,1,137806
4033100024153,true,פאקט-וינסטון קוד,,,פאקט-וינסטון קוד,,0.00,,false,,0.00,0.0000,true,1,137807
4033100024269,true,פאקט-וינסטון אקווה,,,פאקט-וינסטון אקווה,,0.00,,false,,0.00,0.0000,true,1,137808
4033100038921,true,כאמל צהוב טבק,,,כאמל צהוב טבק,,0.00,,false,,0.00,0.0000,true,1,137809
4033310004947,true,כאמל כחול טבק,,,כאמל כחול טבק,,0.00,,false,,0.00,0.0000,true,1,137810
4046237003182,true,קופיקס-יעה עם מקל 1,,,קופיקס-יעה עם מקל 1,,0.00,,false,,0.00,0.0000,true,1,133615
4067700013002,true,יגרמייסטר בקבוק1 ליט,,,יגרמייסטר בקבוק1 ליט,,0.00,,false,,0.00,0.0000,true,1,134045
4084500853553,false,פיירי נוזל כלים קלאסי אורגינל 650 מל,פרוקטר אנד גמבל,,נוזל לניקוי כלים אור,מיליליטרים,650.00,"100 מ""ל",false,,10.90,0.0168,true,1,141211
4605561011975,false,חתיכות פילה דג הרינג בשמן מצונן 150 גרם,LTD BREMOR SANTA SD,,חתיכות פילה הרינג בש,גרמים,150.00,100 גרם,false,,7.90,0.0527,true,1,158591
4605561013009,false,פילה דג הרינג בשמן 400 גרם,LTD BREMOR SANTA SD,,פילה הרינג בשמן 400,גרמים,400.00,100 גרם,false,,16.90,0.0422,true,1,156354
4606203001279,true,פאקט-נקסט אורגינלFF,,,פאקט-נקסט אורגינלFF,,0.00,,false,,0.00,0.0000,true,1,137639
4606203001293,true,פאקט-נקסט,,,פאקט-נקסט,,0.00,,false,,0.00,0.0000,true,1,135204
4710068001692,false,"מאסטר קפה לאטה פחית 240 מ""ל",תאיט מרקטינג אנד דיסטריב,,מאסטר קפה לאטה,מיליליטרים,240.00,"100 מ""ל",false,,7.20,0.0300,true,1,137980
4710068001715,false,"מאסטר קפה טירמיסו פחית 240 מ""ל",יוני פרזינדנט אנטרפר,,קפה בטעם טירמיסו מאס,מיליליטרים,240.00,"100 מ""ל",false,,6.90,0.0288,true,1,137981
4751007738101,false,סלט סלמון עם ירקות איטלקי 220 ג' לארסן,ס.י.א קרבלה,,סלט סלמון איטלקי לרס,גרמים,200.00,100 גרם,false,,11.90,0.0595,true,1,159327
4770577201143,true,סלק בואקום,,,סלק בואקום,,0.00,,false,,5.00,0.0000,true,1,135558
4792032060454,false,"גרין קוקו - מי קוקוס אורגניים 330 מ""ל",גרין קוקו,,מי קוקוס אורגני גרין,מיליליטרים,330.00,"100 מ""ל",false,,9.20,0.0279,true,1,148440
4810168000998,false,פילה דג הרינג מלוח מצונן עם בצל בצנצנת חתיכות 260גרם,LTD BREMOR SANTA SD,,פילה הרינג מלוח עם ב,גרמים,260.00,100 גרם,false,,18.90,0.0727,true,1,156357
4810168001056,false,פילה דג הרינג מלוח מצונן בצנצנת חתיכות 260גרם,LTD BREMOR SANTA SD,,פילה הרינג מלוח מצונ,גרמים,260.00,100 גרם,false,,18.90,0.0727,true,1,156358
4810168018795,false,חתיכות פילה דג הרינג מלוח מצונן 200גרם,LTD BREMOR SANTA SD,,חתיכות פילה דג הרינג,גרמים,200.00,100 גרם,false,,13.90,0.0695,true,1,156359
4810168024512,false,פילה דג הרינג מלוח מצונן עם תבלין בצנצנת חתיכות 260 גרם,סנטה ברמור,,פילה הרינג מלוח עם ת,גרמים,260.00,100 גרם,false,,18.90,0.0727,true,1,156361
4810168058975,false,חתיכות פילה דג הרינג סקנדינבי מלוח מצונן 260 גר,סנטה ברמור,,פילה דג הרינג סקנדינ,גרמים,260.00,100 גרם,false,,18.90,0.0727,true,1,159842
4820217240114,false,חמאה 82.5% פרמה 200 גר,רז שה צ'ים פקטורי,,חמאה גר 200 FERMA 82,גרמים,200.00,100 גרם,false,,9.90,0.0495,true,1,160352
4823077613203,false,שוקולד רושן מריר + פונדוק שלם 90 גר רושן,רושן Roshen,,שוקולד רושן מריר עם,גרמים,90.00,100 גרם,false,,8.50,0.0944,true,1,156381
4823077613630,false,חטיף שוקולד רושן ממולה קרם בורלה 43 גרם,רושן Roshen,,חטיף שוקולד רושן ממו,גרמים,43.00,100 גרם,false,,3.50,0.0814,true,1,156382
4823077614675,false,ביסקוויט לקפה רושן בטעם חלב 185 גרם,קייב קרמנציק,,ביסקוויט לקפה רושן ב,גרמים,185.00,100 גרם,false,,3.90,0.0211,true,1,158653
4823077614767,false,שוקולד רושן חלב נוגט בטעם אגוזי לוז 90 גרם,רושן,,שוקולד רושן חלב נוגט,גרמים,90.00,100 גרם,false,,4.90,0.0544,true,1,156383
4823077614804,false,שוקולד רושן חלב נוגט בטעם אוכמניות כחולות 90 גרם,רושן Roshen,,שוקולד רושן חלב נוגט,גרמים,90.00,100 גרם,false,,4.90,0.0544,true,1,156384
4823077617041,false,חטיף שוקולד רושן ממולה קרם קרמל 43 גרם,רושן Roshen,,חטיף שוקולד רושן ממו,גרמים,43.00,100 גרם,false,,3.50,0.0814,true,1,156386
4823077621635,false,חטיף שוקולד רושן בטעם חלב 72 גרם,Unknown,,וופל רושן בטעם חלב 7,גרמים,72.00,100 גרם,false,,3.50,0.0486,true,1,156388
4823077621642,false,חטיף שוקולד רושן בטעם שוקולד 72 גר,Unknown,,וופל רושן בטעם שוקול,גרמים,72.00,100 גרם,false,,3.50,0.0486,true,1,156389
4823077624223,false,"רושן ממתקי סוכריות ג'ילי ""בוני פרוט"" בטעמי פירות 200 גר",רושן Roshen,,רושן ממתקי סוכריות ג,גרמים,200.00,100 גרם,false,,6.90,0.0345,true,1,156394
4823077624247,false,"רושן ממתקי סוכריות ג'ילי ""בוני פרוט"" בטעם הדרים 200 גר",רושן Roshen,,רושן ממתקי סוכריות ג,גרמים,200.00,100 גרם,false,,6.90,0.0345,true,1,156395
4823077626203,false,שוקולד רושן אורירי מריר 80 גרם,רושן Roshen,,שוקולד רושן אורירי מ,גרמים,80.00,100 גרם,false,,6.90,0.0863,true,1,156406
4823077626227,false,שוקולד רושן אורירי חלב 80 גרם,רושן Roshen,,שוקולד רושן אורירי ח,גרמים,80.00,100 גרם,false,,6.90,0.0863,true,1,156407
4823077630996,false,"סנדוויץ' קרקר קקאו-אגוז רושן 235 גרם "" 2 CRACK """,רושן,,סנדוויץ' קרקר קקאו-א,גרמים,235.00,100 גרם,false,,9.90,0.0421,true,1,156419
4823077631467,false,קרקר עם מלח ים רושן 168 גר HI DAY,רושן,,קרקר עם מלח ים רושן,גרמים,168.00,100 גרם,false,,5.50,0.0327,true,1,156420
4823077631474,false,קרקר קלאסי רושן 168 גר HI DAY,רושן,,קרקר קלאסי רושן 168,גרמים,168.00,100 גרם,false,,5.50,0.0327,true,1,156421
4823077631863,false,גליליות ופל רושן קונפטו וניל 140 גרם,רושן,,גליליות רושן קונאפטו,גרמים,140.00,100 גרם,false,,6.90,0.0493,true,1,156423
4823077632570,false,שוקולד רושן BRUT מריר 85 גרם,רושן,,שוקולד רושן מריר 85,גרמים,85.00,100 גרם,false,,6.90,0.0812,true,1,156431
4823077632587,false,שוקולד רושן חלב עם שקד שלם 90 גר LACMI,רושן,,שוקולד רושן חלב עם ש,גרמים,90.00,100 גרם,false,,8.50,0.0944,true,1,156432
4823077633058,false,"גליליות וופל רושן ""קונאפטו"" אגוז 140 ג",רושן,,גליליות רושן קונאפטו,גרמים,140.00,100 גרם,false,,6.90,0.0493,true,1,156437
4823077633317,false,עוגיות שוקוצ'יפס LOVITA שוקולד עם חתיכות שוקולד 150 גרם,,,עוגיות לביטה שוקולד,גרמים,150.00,100 גרם,false,,6.90,0.0460,true,1,156438
4823077633331,false,עוגיות שוקוצ'יפס LOVITA בטעם תפוז 150 גרם,,,עוגיות רושן לוביטה ב,גרמים,150.00,100 גרם,false,,6.90,0.0460,true,1,158656
4823077633508,false,חטיף שוקולד רושן במילוי קרם קקאו מצופה 34 גרם,,,חטיף וופל במילוי קרם,גרמים,34.00,100 גרם,false,,3.50,0.1029,true,1,159440
4823077633515,false,חטיף שוקולד רושן במילוי קרם חלבי מצופה 34 גרם,,,חטיף וופל במילוי קרם,גרמים,34.00,100 גרם,false,,3.50,0.1029,true,1,159441
4823077634222,false,עוגיות Lovita ממולאות ג'לי תפוז מצופות צימקאו,רושן Roshen,,עוגיות לביטה תפוז 13,גרמים,135.00,100 גרם,false,,6.90,0.0511,true,1,156448
4823077634246,false,עוגיות Lovita ממולאות ג'לי פטל מצופות צימקאו,רושן Roshen,,עוגיות לביטה פטל 135,גרמים,135.00,100 גרם,false,,6.90,0.0511,true,1,156449
4823077634277,false,עוגיות Lovita ממולאות ג'לי תות שדה מצופות צימקאו,רושן Roshen,,עוגיות תות שדה לוביט,גרמים,135.00,100 גרם,false,,6.90,0.0511,true,1,158657
4823077634369,false,שוקולד רושן חלב אוורירי ופצפוצי אורז 85 גר LACMI CRISP,,,שוקולד רושן חלב אוור,גרמים,85.00,100 גרם,false,,6.90,0.0812,true,1,159443
4823077634406,false,עוגות אישיות TOO COOL שוקולד 270 גרם,,,עוגות אישיות שוקולד,גרמים,270.00,100 גרם,false,,14.90,0.0552,true,1,156450
4823077634420,false,"עוגות אישיות ""TOO COOL"" חלב 270 גר 6 יחידות",,,עוגות אישיות חלב 270,גרמים,270.00,100 גרם,false,,14.90,0.0552,true,1,156452
4823077634741,false,עוגיות רושן LOVITA במילוי תות שדה 168 גרם,,,עוגיות עם מילוי תות,גרמים,168.00,100 גרם,false,,6.90,0.0411,true,1,158658
4823077636004,false,עוגיות Lovita ממולאות ג'לי דובדבן מצופות צימקאו,רושן Roshen,,עוגיות קקאו דובדבן ל,גרמים,135.00,100 גרם,false,,6.90,0.0511,true,1,158661
4891199029769,true,סול אולטרה אלקליין4,,,סול אולטרה אלקליין4,,0.00,,false,,0.00,0.0000,true,1,133351
4891199067402,true,סול אולטרה אלקליין4,,,סול אולטרה אלקליין4,,0.00,,false,,0.00,0.0000,true,1,133352
4891228430085,false,סכיני גילוח שיק אקסטרים קומפורט לגבר 3 להבים 4 יחידות,אנרג'יזר Energizer,,סכיני גילוח 3 להבים,Unknown,4.00,יחידה,false,,19.90,4.9750,true,1,150977
4976879102489,true,מפעל-סאקה יפני -הוקא,,,מפעל-סאקה יפני -הוקא,,0.00,,false,,0.00,0.0000,true,1,134964
5000127533196,false,קלוגס וורייטי שמינייה 191 גרם,חברת קלוגס בריטניה,,קלוגס ווראייטי 191 ג,גרמים,191.00,100 גרם,false,,22.90,0.1199,true,1,141653
5000157143365,false,מתבל בטעם מיונז וקטשופ היינץ 425 גרם,"פודליצקי ספ.ז.או.או,",,רוטב טעם מיונז וקטשו,מיליליטרים,425.00,"100 מ""ל",false,,15.90,0.0374,true,1,149524
5000159459266,true,טוויקס 50 גרם,,,טוויקס 50 גרם,,0.00,,false,,5.00,0.0000,true,1,134954
5000159461139,true,סניקרס 50 גרם,,,סניקרס 50 גרם,,0.00,,false,,5.00,0.0000,true,1,134955
5000219120112,true,פאקט-פאל מאל כחול אר,,,פאקט-פאל מאל כחול אר,,0.00,,false,,0.00,0.0000,true,1,135205
5000299211243,true,רויאל סאלוט 21,,,רויאל סאלוט 21,,0.00,,false,,0.00,0.0000,true,1,133604
5010123703585,false,ליסטרין שטיפת פה קולמינט 500 מל,גונסון אנד גונסון,,ליסטרין קולמינט 500,מיליליטרים,500.00,"100 מ""ל",false,,19.90,0.0398,true,1,140208
5010182998861,false,דאק נוזל לניקוי אסלות בניחוח רענן 750 מל,מיוצר עי קונדיטוריית,,נוזל לניקוי אסלה ירו,מיליליטרים,750.00,"100 מ""ל",false,,9.90,0.0132,true,1,151033
5010327000039,true,"ווסקי גראנט""ס 1 ליטר",,,"ווסקי גראנט""ס 1 ליטר",,0.00,,false,,0.00,0.0000,true,1,134047
5014271300429,false,"מעדן משמש 100% פרי סנטדלפור 284 גרם לל""ס",סאן דלפור - שמבור,,מעדן משמש 284 גרם סא,גרמים,284.00,100 גרם,false,,19.90,0.0701,true,1,140985
5014271350424,false,מעדן ארבעה פירות ללא תוספת סוכר 284 גרם,סאן דלפור - שמבור,,מעדן 4 פירות 284 גרם,גרמים,284.00,100 גרם,false,,19.90,0.0701,true,1,140988
5029053002408,false,קלינקס - נייר טואולט קליניקס לבן 9 גלילים,קימברלי קלארק ישראל,,נייר טואלט קלינקס לב,Unknown,9.00,יחידה,false,,37.90,4.2111,true,1,141232
5053827213998,false,דגני בוקר קלוגס ספיישל קיי 375 גר,,,קלוגס ספיישל קיי 375,גרמים,375.00,100 גרם,false,,21.90,0.0584,true,1,161060
5055966801012,true,ווסקי בושמילס 1 ליטר,,,ווסקי בושמילס 1 ליטר,,0.00,,false,,0.00,0.0000,true,1,133903
5060517886486,false,"משקה אנרגיה מונסטר אנרג'י בפחית 500 מ""ל",מונסטר אנרג'י Monster Energy,,משקה אנרגיה מונסטר א,מיליליטרים,500.00,"100 מ""ל",false,,7.50,0.0150,true,1,147151
5060517886516,false,"משקה אנרגיה מונסטר אנרג'י זירו בפחית 500 מ""ל",מונסטר אנרג'י Monster Energy,,משקה אנרגיה זירו מונ,מיליליטרים,500.00,"100 מ""ל",false,,8.20,0.0164,true,1,147152
5060751218173,false,"משקה אנרגיה מונסטר אנרג'י piplin punch בפחית 500 מ""ל",מונסטר אנרג'י לימטד,,משקה אנרגיה מונסטר 5,מיליליטרים,500.00,"100 מ""ל",false,,7.50,0.0150,true,1,158726
5201004020338,false,קפריס רולס קלאסיק 400 גרם,א.ג פאפאגופולוס,,קפריס רולס קלאסיק 40,גרמים,400.00,100 גרם,false,,19.90,0.0497,true,1,156312
5201246002215,false,"בירה פילס היילס ויליפוד 500 מ""ל",איזה הלניק,,בירה פילס היילס 500,מיליליטרים,500.00,"100 מ""ל",false,,6.20,0.0124,true,1,144121
5201340003385,false,TRATA טונה מעושנת שמן סויה 160 גרם,נורט אגיאוסי קנריס,,טונה מעושנת שמן סויה,גרמים,160.00,100 גרם,false,,15.90,0.0994,true,1,160214
5201347400545,false,רצועות שעווה מוכנות לשימוש לפנים ולאזורים רגישים,רקיט בנקיזר צרפת,,ויט רצועות שעווה לפנ,Unknown,20.00,יחידה,false,,29.90,1.4950,true,1,153890
5201940010110,false,זיתים שחורים קלמטה וילי פוד 250 גרם,סיוארס אס.איי,,זיתים שחורים מזן קלמ,גרמים,454.00,100 גרם,false,,15.90,0.0350,true,1,152065
5202390014239,false,גבינה צהובה טבעונית עשבי תיבול ויאו לייף 200 ג',פרוטרופיק סיה.,,הצהובה הטבעונית עם ע,גרמים,200.00,100 גרם,false,,22.90,0.1145,true,1,152960
5202390015618,false,גבינה צהובה טבעונית אורגינל ויאו לייף 200 ג',אריביה אס.אי. 57022,,הצהובה הטבעונית בטעם,גרמים,200.00,100 גרם,false,,22.90,0.1145,true,1,152961
5202795080709,true,"אוזו מטאסקה 700 מ""ל",,,"אוזו מטאסקה 700 מ""ל",,0.00,,false,,0.00,0.0000,true,1,134048
5410126106183,false,עוגיות לוטוס 50 יחידות ארוזות בנפרד 312 גרם,כלורוקס אוקלנד,,ביסקויט ביסקפה לוטוס,גרמים,312.00,100 גרם,false,,19.90,0.0638,true,1,138517
5410126116953,false,ממרח ביסקוויט קרמל לוטוס 400 גרם,לוטוס בייקרי בלגיה נ,,לוטוס ממרח ביסקוויט,גרמים,400.00,100 גרם,false,,23.90,0.0597,true,1,139317
5411188112709,false,"משקה קוקוס אלפרו 1 ליטר משקה שקדים לל""ס",הנסיך- מפעל לייצור ט,,אלפרו משקה שקדים ללס,מיליליטרים,1000.00,"100 מ""ל",false,,13.90,0.0139,true,1,141030
5566774569693,false,סכין סנטוקו,,,סכין סנטוקו,Unknown,1.00,יחידה,false,,19.90,19.9000,true,1,147698
5566774574222,false,שישיית כוסות קלאסיק,,,שישיית כוסות קלאסיק,Unknown,6.00,יחידה,false,,17.90,2.9833,true,1,157650
5701932026964,false,"הוטפופ גרעיני תירס להכנת פופקורן במיקרוגל בטעם טבעי, בתוספת מלח, 600 גרם",ליימן מותגים,,פופקורן למיקרוגל בתו,גרמים,600.00,100 גרם,false,,16.90,0.0282,true,1,143777
5701932026971,false,הוטפופ גרעיני תירס להכנת פופקורן במיקרוגל בטעם חמאה 600 גרם,ליימן מותגים,,פופקורן למיקרוגל בטע,גרמים,600.00,100 גרם,false,,16.90,0.0282,true,1,143778
5701932026995,false,"הוטפופ גרעיני תירס להכנת פופקורן במיקרוגל בטעם טבעי מופחת שומן, 510 גרם",קריניציה ויטמינה אס,,פופקורן בטעם טבעי הו,גרמים,510.00,100 גרם,false,,15.90,0.0312,true,1,149265
5740900403215,false,ממרח מחמאת לורפק עם מלח 250 ג',ארלה פודס אמבה,,ממרח לורפק עם מלח 25,גרמים,250.00,100 גרם,false,,16.90,0.0676,true,1,141472
5740900403222,false,ממרח לורפק חמאה עם מלח מופחת שומן 250 ג,ארלה פודס אמבה,,ממרח לורפק עם מלח מו,גרמים,250.00,100 גרם,false,,16.90,0.0676,true,1,141473
5740900403239,false,ממרח לורפק ללא תוספת מלח 250 גר,ארלה פודס אמבה,,ממרח לורפק בלי מלח 2,גרמים,250.00,100 גרם,false,,16.90,0.0676,true,1,141474
5740900403864,false,חמאה +מלח 200 גרם לורפק כשרות או קיי,ארלה פודס אמבה,,חמאה עם מלח לורפק 20,גרמים,200.00,100 גרם,false,,11.90,0.0595,true,1,155392
5900020012814,false,דגנים תפוחים בטעם שוקולד נסקוויק נסטלה 500 גרם,מיוצר עי קונדיטוריית,,דגני בוקר תפוחים בטע,גרמים,500.00,100 גרם,false,,23.90,0.0478,true,1,140650
5900020015174,false,פיטנס חטיפי אנרגיה דגנים בטעם שוקולד נסטלה 6*23.5 גרם,מיוצר עי קונדיטוריית,,פיטנס חטיף דגנים שוק,גרמים,141.00,100 גרם,false,,14.90,0.1057,true,1,134307
5900020018212,true,שישית פיטנס חטיף דגנ,,,שישית פיטנס חטיף דגנ,,0.00,,false,,0.00,0.0000,true,1,134308
5900020018908,false,פיטנס חטיפי אנרגיה דגנים בטעם קרם עוגיות נסטלה 6*23.5 גרם,מיוצר עי קונדיטוריית,,פיטנס חטיף דגנים עוג,גרמים,141.00,100 גרם,false,,14.90,0.1057,true,1,134309
5900020020710,false,מארז חטיף דגנים קראנץ' בטעם שוקו וניל נסטלה,נסטלה פולין ברים,,חטיף קראנץ' שוקו וני,גרמים,150.00,100 גרם,false,,14.90,0.0993,true,1,135911
5900020024817,false,פיטנס דליס Fitness Delice חטיף דגנים עם שוקולד לבן,נסטלה פולין ברים,,פיטנס בר דליס שוקולד,גרמים,135.00,100 גרם,false,,15.90,0.1178,true,1,135157
5900020026552,false,דגני בוקר האני נאט צ'יריוס בטעם דבש ושקדים,נסטלה צרפת איטנקורט,,צ'ריוס האני נאט פרוו,גרמים,625.00,100 גרם,false,,23.90,0.0382,true,1,139190
5900020034021,false,חטיף דגנים פיטנס שוקולד בננה 141 גרם,מיוצר עי קונדיטוריית,,חטיף דגני בוקר עם שו,גרמים,135.00,100 גרם,false,,14.90,0.1104,true,1,149078
5900020034991,false,דגני בוקר צדפים בטעם שוקולד 450 ג' קראנץ',סי. פי. פולין,,דגני בוקר צדפים בטעם,גרמים,450.00,100 גרם,false,,23.90,0.0531,true,1,149543
5900020036407,false,ליון דגני בוקר שוקולד וקרמל נסטלה 480 גרם,נסטלה פולין דגני בוק,,דגני בוקר ליון בטעם,גרמים,480.00,100 גרם,false,,23.90,0.0498,true,1,149441
5900020039620,false,פיטנס חטיף דגנים שקדים ודבש פרווה 8 6*23 ג,נסטלה פולין ברים,,חטיף דגנים עם שקדים,גרמים,141.00,100 גרם,false,,14.90,0.1057,true,1,154363
5900535005103,true,פחית בירה עם לימונדה,,,פחית בירה עם לימונדה,,0.00,,false,,5.00,0.0000,true,1,134963
5900951243530,true,סניקרס 50 גרם,,,סניקרס 50 גרם,,0.00,,false,,5.00,0.0000,true,1,137033
5901669486196,false,שוקולד חלב עם בוטנים וצימוקים ברון 300 גרם,,,שוקולד חלב עם בוטנים,גרמים,300.00,100 גרם,false,,13.90,0.0463,true,1,138330
5902188460698,true,"בירה קייזר 500 מ""ל",,,"בירה קייזר 500 מ""ל",,0.00,,false,,5.00,0.0000,true,1,134575
5902198160403,false,XL משקה אנרגיה מוגז ללא סוכר עד 10 קלוריות לפחית 250 מל,"טמפו משקאות בע""\מ",,"אקסל 250 TEN מ""ל",מיליליטרים,250.00,"100 מ""ל",false,,4.80,0.0192,true,1,136333
5906485301012,false,"משקה אנרגיה XL פחית 250 מ""ל","טמפו משקאות בע""מ",,משקה אנרגיה אקסל 250,מיליליטרים,250.00,"100 מ""ל",false,,4.80,0.0192,true,1,132969
5906485301067,true,שישית אקסל משקה אנרג,,,שישית אקסל משקה אנרג,,0.00,,false,,0.00,0.0000,true,1,134255
5907563438262,true,"סיידר אגסים 330 מ""ל",,,"סיידר אגסים 330 מ""ל",,0.00,,false,,0.00,0.0000,true,1,134640
5948530002147,true,פאקט ווג לילך,,,פאקט ווג לילך,,0.00,,false,,0.00,0.0000,true,1,137811
6001067003427,true,מארז קולגייט 12 מברש,,,מארז קולגייט 12 מברש,,0.00,,false,,0.00,0.0000,true,1,136622
6111094002123,false,דארי אטריות דקות תוספת 10% 550 גרם,דארי,,אטריות דקות דארי 550,גרמים,550.00,100 גרם,false,,9.90,0.0180,true,1,160790
6582048300846,true,מרשמלו 500 גרם,,,מרשמלו 500 גרם,,0.00,,false,,0.00,0.0000,true,1,136785
6682838968727,true,נרות happy birthday,,,נרות happy birthday,,0.00,,false,,0.00,0.0000,true,1,136982
6902176502491,false,סלק אדום מקולף מבושל,,,סלק מבושל בוואקום,גרמים,500.00,100 גרם,false,,5.90,0.0118,true,1,160972
6902176502507,false,סלק אדום בוואקום 500,,,סלק מבושל בוואקום,גרמים,500.00,100 גרם,false,,5.90,0.0118,true,1,160973
6910191800041,true,מפעל-אצות נורי גולד,,,מפעל-אצות נורי גולד,,0.00,,false,,0.00,0.0000,true,1,135994
6926832407074,false,בראל חטיף אורז יפני 100גרם,קסימן די ברייט,,חטיף אורז יפני 100 ג,גרמים,100.00,100 גרם,false,,7.90,0.0790,true,1,132771
6928325111048,false,שקית נייר פרחים עתיק,,,שקית נייר פרחים עתיק,Unknown,1.00,יחידה,false,,1.50,1.5000,true,1,154587
6930548976243,false,מארז שום הלפרין,אראל תוצרת חקלאית בע,,שום ארוז יבוא,מארז,1.00,מארז,false,,7.90,7.9000,true,1,148998
6936613888667,false,שום ארוז יבוא,אראל תוצרת חקלאית בע,,שום ארוז יבוא,Unknown,1.00,יחידה,false,,7.90,7.9000,true,1,158700
6936745600455,true,מפעל-מירין 18 ליטר),,,מפעל-מירין 18 ליטר),,0.00,,false,,0.00,0.0000,true,1,134843
6937457900314,true,שמרים 100 גרם,,,שמרים 100 גרם,,0.00,,false,,0.00,0.0000,true,1,132447
6955728120230,true,כוס זכוכית,,,כוס זכוכית,,0.00,,false,,5.00,0.0000,true,1,134102
7200001045633,true,משקה לימון ונענע פרי,,,משקה לימון ונענע פרי,,0.00,,false,,0.00,0.0000,true,1,134911
7200001045657,true,משקה תפוחים צלול פרי,,,משקה תפוחים צלול פרי,,0.00,,false,,0.00,0.0000,true,1,134912
7200001045688,true,משקה תפוזים פרימור4,,,משקה תפוזים פרימור4,,0.00,,false,,0.00,0.0000,true,1,134913
7260000572116,true,מפעל-טחינה בדלי פלסט,,,מפעל-טחינה בדלי פלסט,,0.00,,false,,2999.90,0.0000,true,1,135305
7271730901261,false,ווקי מאק ארוחת אטריות עם גבינה 156 גרם,ניו וורלד פסטה קומפנ,,ארוחת פסטה עם גבינה,גרמים,156.00,100 גרם,false,,12.90,0.0827,true,1,155553
7290000000035,false,תוספת שתיה בקירור,,,תוספת שתיה בקירור,Unknown,0.00,יחידה,false,,1.00,0.0000,true,1,155497
7290000000374,false,"פטריות שמפיניון בד""ץ (רביבים)",חוות השמפיניון,,פטריות שמפיניון א.א.,Unknown,1.00,יחידה,false,,9.90,9.9000,true,1,151486
7290000000411,false,שום יבש יבוא רמי לוי,אראל תוצרת חקלאית בע,,שום ארוז יבוא,מארז,1.00,מארז,false,,7.90,7.9000,true,1,133179
7290000000960,false,"פקדון רביעיה 1.2 ש""ח",,,"פקדון רביעיה 1.2 ש""ח",Unknown,0.00,יחידה,false,,1.20,0.0000,true,1,151642
7290000000961,false,"פקדון שישיה 1.8 ש""ח",,,"פקדון שישיה 1.8 ש""ח",Unknown,0.00,יחידה,false,,1.80,0.0000,true,1,151643
7290000000998,false,פקדון,,,פקדון,Unknown,0.00,יחידה,false,,0.30,0.0000,true,1,133048
7290000001104,false,פטריות חורש מיני ארוז 200 ג',"מרינה פטריות הגליל בע""מ",,פטריות פורטבלה ארוז,Unknown,1.00,יחידה,false,,10.90,10.9000,true,1,147554
7290000003345,false,נביעות מים מינרלים ש,,,נביעות מים מינרלים ש,מיליליטרים,1500.00,"100 מ""ל",false,,5.00,0.0033,true,1,139250
7290000005001,false,החזר פקדון 30 אגורות,,,החזר פקדון 30 אגורות,Unknown,0.00,יחידה,false,,0.30,0.0000,true,1,133032
7290000009001,false,בננה,5 יחידות,,בננה,קילוגרמים,1.00,"ק""ג",true,,8.70,8.7000,true,1,144922
7290000009002,false,לחם בטעמים אגדת לחם,5 יחידות,,עגבניה,קילוגרמים,1.00,"ק""ג",true,,7.70,7.7000,true,1,144923
7290000009003,false,מלפפון ירוק,6 יחידות,,מלפפון ירוק,קילוגרמים,1.00,"ק""ג",true,,7.70,7.7000,true,1,144924
7290000009004,false,לימון,,,לימון,קילוגרמים,1.00,"ק""ג",true,,7.70,7.7000,true,1,144925
7290000009005,false,אבוקדו,,,אבוקדו,קילוגרמים,1.00,"ק""ג",true,,10.70,10.7000,true,1,144926
7290000009007,false,תפוח עץ ירוק סמיט,4 יחידות,,תפוח עץ ירוק סמיט,קילוגרמים,1.00,"ק""ג",true,,10.90,10.9000,true,1,144928
7290000009008,false,תפוח עץ אדום חרמון,4 יחידות,,תפוח עץ אדום חרמון,קילוגרמים,1.00,"ק""ג",true,,9.90,9.9000,true,1,144929
7290000009010,false,פלפל אדום,5 יחידות,,פלפל אדום,קילוגרמים,1.00,"ק""ג",true,,10.70,10.7000,true,1,144930
7290000009011,false,קלמנטינה,,,קלמנטינה,קילוגרמים,1.00,"ק""ג",true,,6.90,6.9000,true,1,144931
7290000009012,false,אפרסמון,,,אפרסמון,קילוגרמים,1.00,"ק""ג",true,,12.90,12.9000,true,1,144932
7290000009013,false,תפוזים,3 יחידות,,תפוזים,קילוגרמים,1.00,"ק""ג",true,,5.90,5.9000,true,1,144933
7290000009014,false,תפוח פינק ליידי,,,תפוח פינק ליידי,קילוגרמים,1.00,"ק""ג",true,,15.90,15.9000,true,1,144934
7290000009015,false,בצל יבש לבן,4 יחידות,,בצל יבש לבן,קילוגרמים,1.00,"ק""ג",true,,4.70,4.7000,true,1,144935
7290000009016,false,בטטה,,,בטטה,קילוגרמים,1.00,"ק""ג",true,,7.70,7.7000,true,1,144936
7290000009017,false,אגס ירוק,5 יחידות,,אגס ירוק,קילוגרמים,1.00,"ק""ג",true,,12.90,12.9000,true,1,144937
7290000009018,false,תפוח עץ מוזהב,4 יחידות,,תפוח עץ מוזהב,קילוגרמים,1.00,"ק""ג",true,,9.90,9.9000,true,1,144938
7290000009019,false,פלפל צהוב,5 יחידות,,פלפל צהוב,קילוגרמים,1.00,"ק""ג",true,,10.70,10.7000,true,1,144939
7290000009021,false,בצל אדום,4 יחידות,,בצל אדום,קילוגרמים,1.00,"ק""ג",true,,6.70,6.7000,true,1,144941
7290000009022,false,רימון,,,רימון,קילוגרמים,1.00,"ק""ג",true,,8.70,8.7000,true,1,144942
7290000009023,false,אננס,,,אננס,Unknown,1.00,יחידה,false,,29.90,29.9000,true,1,144943
7290000009024,false,חציל,3 יחידות,,חציל,קילוגרמים,1.00,"ק""ג",true,,7.90,7.9000,true,1,144944
7290000009025,false,פיתה ל.גלוטן 70יח,1 יחידה,,כרוב לבן שלם,קילוגרמים,1.00,"ק""ג",true,,5.70,5.7000,true,1,144945
7290000009026,false,אשכולית אדומה,,,אשכולית אדומה,קילוגרמים,1.00,"ק""ג",true,,6.70,6.7000,true,1,144946
7290000009027,false,קיווי,,,קיווי,קילוגרמים,1.00,"ק""ג",true,,12.90,12.9000,true,1,144947
7290000009031,false,פלפל ירוק,5 יחידות,,פלפל ירוק,קילוגרמים,1.00,"ק""ג",true,,9.70,9.7000,true,1,144951
7290000009033,false,כרוב אדום שלם,,,כרוב אדום שלם,קילוגרמים,1.00,"ק""ג",true,,5.70,5.7000,true,1,144953
7290000009034,false,קולורבי,,,קולורבי,קילוגרמים,1.00,"ק""ג",true,,8.90,8.9000,true,1,144954
7290000009036,false,דלורית,,,דלורית,קילוגרמים,1.00,"ק""ג",true,,6.90,6.9000,true,1,144956
7290000009039,false,פומלית,,,פומלית,קילוגרמים,1.00,"ק""ג",true,,6.70,6.7000,true,1,144959
7290000009046,false,קישוא,5 יחידות,,קישוא,קילוגרמים,1.00,"ק""ג",true,,8.90,8.9000,true,1,144965
7290000009051,false,"תפו""א לבן תפזורת",3 יחידות,,"תפו""א לבן תפזורת",קילוגרמים,1.00,"ק""ג",true,,4.90,4.9000,true,1,144968
7290000009052,false,"תפו""א אדום תפזורת",3 יחידות,,"תפו""א אדום תפזורת",קילוגרמים,1.00,"ק""ג",true,,5.90,5.9000,true,1,144969
7290000009053,false,"תפו""ע לוליפופ",,,"תפו""ע לוליפופ",קילוגרמים,1.00,"ק""ג",true,,15.90,15.9000,true,1,144970
7290000009054,false,פלפל חריף,,,פלפל חריף,קילוגרמים,1.00,"ק""ג",true,,10.90,10.9000,true,1,144971
7290000009056,false,גבינה מגורדת במש,תנובה חלב,,סלק אדום תפזורת,קילוגרמים,1.00,"ק""ג",true,,4.90,4.9000,true,1,144973
7290000009061,false,גזר ארוז,,,גזר ארוז,קילוגרמים,1.00,"ק""ג",true,,4.90,4.9000,true,1,144977
7290000009063,false,כרובית,,,כרובית,Unknown,1.00,יחידה,false,,9.90,9.9000,true,1,144978
7290000009068,false,שום בתפזורת,,,שום בתפזורת,קילוגרמים,1.00,"ק""ג",true,,22.90,22.9000,true,1,144983
7290000009070,false,חמוציות שלמות מיובשו,,,אפרסק,קילוגרמים,1.00,"ק""ג",true,,10.70,10.7000,true,1,144985
7290000009074,false,ענב אדום,,,ענב אדום,קילוגרמים,1.00,"ק""ג",true,,24.90,24.9000,true,1,147817
7290000009075,false,תירס מתוק,,,תירס מתוק,קילוגרמים,1.00,"ק""ג",true,,8.70,8.7000,true,1,144989
7290000009078,false,פפאיה,,,פפאיה,קילוגרמים,1.00,"ק""ג",true,,17.90,17.9000,true,1,144991
7290000009079,false,פלפל בהיר,,,פלפל בהיר,קילוגרמים,1.00,"ק""ג",true,,10.90,10.9000,true,1,144992
7290000009081,false,פטרוזיליה,,,פטרוזיליה,Unknown,1.00,יחידה,false,,3.90,3.9000,true,1,146678
7290000009095,false,קובו,,,קובו,קילוגרמים,1.00,"ק""ג",true,,19.90,19.9000,true,1,145004
7290000009097,false,אגס נאשי,,,אגס נאשי,קילוגרמים,1.00,"ק""ג",true,,14.90,14.9000,true,1,145006
7290000009110,false,אנונה,,,אנונה,קילוגרמים,1.00,"ק""ג",true,,19.90,19.9000,true,1,145019
7290000009112,false,סוכריית פז,Unknown,,תפוז ברשת,קילוגרמים,1.00,"ק""ג",true,,4.90,4.9000,true,1,145021
7290000009115,false,"תפו""א לבן ארוז",,,"תפו""א לבן ארוז",קילוגרמים,1.00,"ק""ג",true,,5.90,5.9000,true,1,145024
7290000009116,false,פלפל כתום,5 יחידות,,פלפל כתום,קילוגרמים,1.00,"ק""ג",true,,10.70,10.7000,true,1,145025
7290000009119,false,דלורית מנומר,,,דלורית מנומר,קילוגרמים,1.00,"ק""ג",true,,4.90,4.9000,true,1,146802
7290000009124,false,שום ארוז יבוא,,,שום ארוז יבוא,Unknown,1.00,יחידה,false,,7.90,7.9000,true,1,147818
7290000023083,false,ערק אשקלון בקבוק 700,"יקבי ברקן בע""\מ",,ערק אשקלון בקבוק 700,מיליליטרים,700.00,"100 מ""ל",false,,50.90,0.0727,true,1,136751
7290000023977,false,"יין קלאסיק מרלו ברקן 750 מ""ל",יקבי ברקן שיווק והפצה בע,,יין מרלו ברקן קלאסיק,מיליליטרים,750.00,"100 מ""ל",false,,32.90,0.0439,true,1,141099
7290000024448,true,יין אדום מתוק קידוש,,,יין אדום מתוק קידוש,,0.00,,false,,6.00,0.0000,true,1,136919
7290000024523,false,"תירוש של סגל ,מיץ ענבים , 1 ליטר",כרמי צבי - האחים סגל,,מיץ ענבים טבעי תירוש,מיליליטרים,1000.00,"100 מ""ל",false,,15.90,0.0159,true,1,135835
7290000040042,false,יופלה יוגורט תות %3 גביע 150 גרם,קריות זול,,יופלה יוגורט תות %3,גרמים,150.00,100 גרם,false,,5.00,0.0333,true,1,140327
7290000040066,false,יוגורט יופלה דובדבן 3% שומן 150 גרם,תנובה מרכז שיתופי לש,,יופלה יוגורט דובדבן,מיליליטרים,150.00,"100 מ""ל",false,,5.00,0.0333,true,1,145588
7290000040080,false,יופלה יוגורט אפרסק %3 גביע 150 גרם,תנובה חלב,,יופלה יוגורט אפרסק %,מיליליטרים,150.00,"100 מ""ל",false,,5.00,0.0333,true,1,148545
7290000040318,false,גבינת ברי 24% קולאז עדי תנובה 125 ג',תנובה מרכז שיתופי לש,,גבינת עדי ברי 24% תנ,גרמים,125.00,100 גרם,false,,18.90,0.1512,true,1,140329
7290000040974,false,חלב דל לקטוז 2% תנובה קרטון 1 ליטר,תנובה מרכז שיתופי לש,,חלב בקרטון דל לקטוז,מיליליטרים,1000.00,"100 מ""ל",false,,7.20,0.0072,true,1,143316
7290000040974,false,חלב דל לקטוז 2% תנובה קרטון 1 ליטר,תנובה מרכז שיתופי לש,,חלב בקרטון דל לקטוז,מיליליטרים,1000.00,"100 מ""ל",false,,6.90,0.0069,true,1,148537
7290000041445,false,קוטג תנובה גביע 250 גרם 5% בדצ,מיוצר עי קונדיטוריית,,גבינת קוטג' 5% תנובה,גרמים,250.00,100 גרם,false,,5.70,0.0228,true,1,133057
7290000041445,false,קוטג תנובה גביע 250 גרם 5% בדצ,מיוצר עי קונדיטוריית,,גבינת קוטג' 5% תנובה,גרמים,250.00,100 גרם,false,,5.70,0.0228,true,1,139614
7290000041858,false,"שמנת חמוצה 15% יטבתה 200 מ""ל מהדרין",מחלבת יטבתה,,שמנת חמוצה מועשרת 15,מיליליטרים,200.00,"100 מ""ל",false,,2.40,0.0120,true,1,134771
7290000042435,false,חלב דל שומן בקרטון+פקק תנובה 1 ליטר,תנובה מרכז שיתופי לש,,חלב בקרטון תנובה 1%,מיליליטרים,1000.00,"100 מ""ל",false,,5.86,0.0059,true,1,136357
7290000042640,false,"חלב תנובה עמיד 3% קרטון 250 מ""ל",תנובה מרכז שיתופי לש,,"חלב עמיד 250 מ""ל 3%",מיליליטרים,250.00,"100 מ""ל",false,,2.60,0.0104,true,1,148148
7290000043814,false,השף הלבן שמנת להקצפה 38% שומן 250 מל - מוצר בפיקוח,תנובה מרכז שיתופי לש,,השף הלבן שמנת עמידה,מיליליטרים,250.00,"100 מ""ל",false,,6.47,0.0259,true,1,139280
7290000043890,false,תנובה רויון לבן מחלב מפסוטר 1.5%,תנובה מרכז שיתופי לש,,רויון 1.5% תנובה 1 ל,מיליליטרים,1000.00,"100 מ""ל",false,,11.30,0.0113,true,1,140330
7290000043944,false,כד יוגורט תנובה 4% שומן 1.5 ליטר,מיוצר עי קונדיטוריית,,יוגורט תנובה כד 1.5,מיליליטרים,1500.00,"100 מ""ל",false,,16.30,0.0109,true,1,140331
7290000044712,false,יוגורט עם תות 1.5% שומן 500 ג' פרילי,מיוצר עי קונדיטוריית,,"פרילי תות 500 מ""ל 1.",מיליליטרים,500.00,"100 מ""ל",false,,10.30,0.0206,true,1,145593
7290000045917,false,תנובה פרומעז גבינה מותכת מחלב עיזים 23% שומן,קריות זול,,פרומעז גבינת עזים גל,גרמים,200.00,100 גרם,false,,25.50,0.1275,true,1,137049
7290000046327,false,גלבוע גבינה צהובה פרוסה 22% תנובה 200 גרם,תנובה מרכז שיתופי לש,,גבינה צהובה פרוסה 22,גרמים,200.00,100 גרם,false,,12.90,0.0645,true,1,140333
7290000046327,false,גלבוע גבינה צהובה פרוסה 22% תנובה 200 גרם,תנובה מרכז שיתופי לש,,גבינה צהובה פרוסה 22,גרמים,200.00,100 גרם,false,,12.90,0.0645,true,1,140401
7290000047546,false,השף הלבן כנען גבינה לבנה דלת נתרן 5% תנובה 500 גרם,תנובה מרכז שיתופי לש,,גבינת כנען 5% תנובה,גרמים,500.00,100 גרם,false,,23.90,0.0478,true,1,140334
7290000047942,false,**תנובה גבינה לבנה מהדרין 9% 250ג,תנובה מרכז שיתופי לש,,גבינה לבנה 9% 250 גר,גרמים,250.00,100 גרם,false,,4.98,0.0199,true,1,143435
7290000048185,false,גבינה לבנה 5% 250 גרם - מוצר בפיקוח,מיוצר עי קונדיטוריית,,גבינה לבנה 5% תנובה,גרמים,250.00,100 גרם,false,,4.98,0.0199,true,1,139744
7290000048192,false,גבינה לבנה 9% תנובה 250 גרם מהדרין,מחלבת אלון תבור,,גבינה לבנה 9% תנובה,גרמים,250.00,100 גרם,false,,4.98,0.0199,true,1,139739
7290000048413,false,פיראוס חמד גבינה מלוחה 16% שומן,תנובה מרכז שיתופי לש,,גבינת מלוחה חמד 16%,גרמים,250.00,100 גרם,false,,18.30,0.0732,true,1,140335
7290000049458,false,גבינת פטה עיזים 16% גביע פיראוס 250 ג',תנובה מרכז שיתופי לש,,פטה עיזים פיראוס 16%,גרמים,250.00,100 גרם,false,,28.50,0.1140,true,1,145653
7290000050447,false,"יוגורט ביו בטעם תות YYY יופלה 500 מ""ל",מיוצר עי קונדיטוריית,,יוגורט ביו 3% בטעם ת,מיליליטרים,500.00,"100 מ""ל",false,,12.70,0.0254,true,1,145601
7290000050447,false,"יוגורט ביו בטעם תות YYY יופלה 500 מ""ל",מיוצר עי קונדיטוריית,,יוגורט ביו 3% בטעם ת,מיליליטרים,500.00,"100 מ""ל",false,,12.70,0.0254,true,1,148546
7290000051376,false,יוגורט יופלה דיאט אננס 0% שומן 150 גרם,תנובה מרכז שיתופי לש,,יופלה דיאט אננס גביע,מיליליטרים,150.00,"100 מ""ל",false,,5.00,0.0333,true,1,148547
7290000052311,false,גבינה צהובה עמק לייט 15% שומן 200 גרם,תנובה מרכז שיתופי לש,,גבינה צהובה פרוסה 15,גרמים,200.00,100 גרם,false,,15.90,0.0795,true,1,140337
7290000052311,false,גבינה צהובה עמק לייט 15% שומן 200 גרם,תנובה מרכז שיתופי לש,,גבינה צהובה פרוסה 15,גרמים,200.00,100 גרם,false,,15.90,0.0795,true,1,140391
7290000055329,false,"משקה בוקר יוגורט 1.5% בטעם תות מלון יופלה 250 מ""ל",תנובה מרכז שיתופי לש,,יופלה משקה יוגורט תו,גרמים,250.00,100 גרם,false,,5.40,0.0216,true,1,132725
7290000055336,false,"משקה יוגורט 1.5% בטעם בננה אפרסק יופלה 250 מ""ל",תנובה מרכז שיתופי לש,,יופלה משקה יוגורט בנ,גרמים,250.00,100 גרם,false,,5.40,0.0216,true,1,132726
7290000055343,false,משקה יוגורט יופלה פירות טרופיים 250 גרם,תנובה מרכז שיתופי לש,,יופלה משקה יוגורט טר,גרמים,250.00,100 גרם,false,,5.40,0.0216,true,1,136865
7290000055411,true,משקה אורז עמיד 1ליטר,,,משקה אורז עמיד 1ליטר,,0.00,,false,,5.00,0.0000,true,1,133915
7290000055893,false,חמאה משמנת מפוסטרת 200גרם 82% כ.מהדרין - מוצר בפיקוח,תנובה מרכז שיתופי לש,,חמאה מהדרין תנובה 20,גרמים,200.00,100 גרם,false,,7.80,0.0390,true,1,137172
7290000056753,false,עמק קלאסית 28% שומן 200 גרם פרוס בדצ בקופסא,תנובה,,עמק פרוס בקופסא 28%,גרמים,200.00,100 גרם,false,,15.70,0.0785,true,1,145659
7290000056906,false,מאגדת לבן טבעי 1.5% שומן 8 יח' * 150 ג' יופלה,מחלבת אלון תבור,,יוגורט לבן 1.5% יופל,מיליליטרים,1200.00,"100 מ""ל",false,,17.30,0.0144,true,1,148805
7290000056951,false,"תנובה, השף הלבן, שמנת לבישול 15% שומן 500 מל",תנובה מרכז שיתופי לש,,שמנת לבישול 15% 500,מיליליטרים,500.00,"100 מ""ל",false,,15.90,0.0318,true,1,145661
7290000057088,false,עמק גבינה צהובה פרוסה דק דק 28% תנובה 200 גרם,תנובה מרכז שיתופי לש,,עמק פרוס דק דק 28% 2,גרמים,200.00,100 גרם,false,,15.90,0.0795,true,1,135729
7290000057118,false,גבינה צהובה עמק 28% שומן ואקום 400 גרם,תנובה מרכז שיתופי לש,,גבינת עמק קלאסית פרו,גרמים,400.00,100 גרם,false,,20.90,0.0522,true,1,139647
7290000057149,false,יוגורט תנובה טבעי 3% גביע 200 גרם,מיוצר עי קונדיטוריית,,יוגורט טבעי ביו 3% ת,גרמים,200.00,100 גרם,false,,3.20,0.0160,true,1,140340
7290000057552,false,יופלה דיאט עוגת גבינה ותות 0% גביע 150ג',תנובה בעמ,,יופלה דיאט עוגת גבינ,מיליליטרים,150.00,"100 מ""ל",false,,5.00,0.0333,true,1,145662
7290000058047,false,שמנת להקצפה 38% 500מל מהדרין עמיד השף הלבן,תנובה מרכז שיתופי לש,,שמנת להקצפה 38% שומן,מיליליטרים,500.00,"100 מ""ל",false,,12.94,0.0259,true,1,149522
7290000060071,false,אוסם - חטיפי פריכונים מאורז מלא קלוי 80גר,"פרח תעשיות מזון בע""מ.",,חטיפי פריכונים אורז,גרמים,80.00,100 גרם,false,,8.20,0.1025,true,1,141874
7290000060088,false,בייגלה אסם מקלות מלוחים 400 גרם,מיוצר עי קונדיטוריית,,בייגלה אסם מקלות מלו,גרמים,375.00,100 גרם,false,,9.90,0.0264,true,1,139191
7290000060156,false,פסטה אסם אטריות ביצים דקות 200גר,"אסם תעשיות בע""מ",,אטריות ביצים דקיקות,גרמים,200.00,100 גרם,false,,6.90,0.0345,true,1,143531
7290000060200,false,פסטה אסם פתיתים אפויים קוסקוס 500גר,"אסם תעשיות בע""מ",,פתיתים אפויים קוסקוס,גרמים,500.00,100 גרם,false,,6.90,0.0138,true,1,137967
7290000060217,false,פסטה מקרוני מספר 7 אסם 500 גרם,פסטה זארה,,פסטה מקרוני מספר 7 א,גרמים,500.00,100 גרם,false,,5.90,0.0118,true,1,144133
7290000060248,false,פסטה אסם פתיתים תלתלים 500 גר',פסטה זארה,,פסטה תלתלים פרומנטי,גרמים,500.00,100 גרם,false,,5.90,0.0118,true,1,143532
7290000060408,false,פסטה אסם פתיתים אפויים טבעות 500 גר,"אסם השקעות בע""\מ",,פתיתים אפויים טבעות,גרמים,500.00,100 גרם,false,,6.90,0.0138,true,1,143533
7290000060576,false,פתיתים אפויים כוכבים אסם 500 גרם,"אסם השקעות בע""\מ",,פתיתים אפויים כוכבים,גרמים,500.00,100 גרם,false,,6.90,0.0138,true,1,143534
7290000060781,false,פסטה אסם פתיתים מסולסלים 500גר,קריות זול,,פסטה פוסילי אסם 500,גרמים,500.00,100 גרם,false,,5.90,0.0118,true,1,143535
7290000060828,false,פסטה קרניים בינוניות אסם 500 גרם,קריות זול,,פסטה פרומנטי קרניים,גרמים,500.00,100 גרם,false,,5.90,0.0118,true,1,139193
7290000060842,false,פסטה אסם פתיתים צדפים גדולים 500גר,קריות זול,,פסטה צדפים אסם 500 ג,גרמים,500.00,100 גרם,false,,5.90,0.0118,true,1,143536
7290000060880,false,פסטה ספגטי מספר 8 אסם 500 גרם,קריות זול,,פסטה ספגטי מספר 8 אס,גרמים,500.00,100 גרם,false,,5.90,0.0118,true,1,137968
7290000060903,false,פסטה אסם פתיתים אפויים אורז 500גר,"אסם השקעות בע""\מ",,פתיתים אפויים אורז א,גרמים,500.00,100 גרם,false,,6.90,0.0138,true,1,139194
7290000060958,false,פסטה אסם אטריות בינוניות 400 גרם,"אסם השקעות בע""\מ",,אטריות בינוניות אסם,גרמים,402.00,100 גרם,false,,6.90,0.0172,true,1,143539
7290000060965,false,פסטה אסם אטריות רחבות 400גר,"אסם השקעות בע""\מ",,אטריות רחבות אסם 400,גרמים,403.00,100 גרם,false,,6.90,0.0171,true,1,143540
7290000061245,false,עוגיות שוקוצ'יפס במילוי שוקולד אסם 220 גרם,מיוצר עי קונדיטוריית,,עוגיות שוקוצ'יפס עם,גרמים,220.00,100 גרם,false,,10.90,0.0495,true,1,139195
7290000061764,false,קפה נמס מגורען רד מאג 200 גרם,נסטלה ספרד קפה,,קפה נמס מגורען רד מא,גרמים,200.00,100 גרם,false,,21.90,0.1095,true,1,142782
7290000062952,false,אוסם - מיני קרוטונים למרק ולסלט 250 גרם,עינת תעשיות מזון אגו,,מיני קרוטונים מתובלי,גרמים,250.00,100 גרם,false,,14.90,0.0596,true,1,141875
7290000063157,false,"קמח עוגה תופח מאליו אסם 1 ק""ג","אסם השקעות בע""\מ",,קמח תופח מאליו אסם 1,גרמים,1000.00,100 גרם,false,,8.90,0.0089,true,1,143304
7290000063904,true,מפעל-קוסקוס בינוני ב,,,מפעל-קוסקוס בינוני ב,,0.00,,false,,2999.90,0.0000,true,1,136998
7290000064758,false,קוסקוס בינוני אמיתי אסם 350 ג',"מיוצר ע""י קוד יצרן K",,אסם קוסקוס אמיתי 350,גרמים,350.00,100 גרם,false,,7.90,0.0226,true,1,135234
7290000065335,false,אוסם - מנה חמה פירה עם ירקות 55 גרם,"אסם השקעות בע""מ",,מנה חמה פירה וירקות,גרמים,55.00,100 גרם,false,,5.90,0.1073,true,1,139575
7290000065557,false,אוסם - מנה חמה קוסקוס עם ירקות 84 גרם,"אסם תעשיות מזון בע""מ",,מנה חמה קוסקוס וירקו,גרמים,84.00,100 גרם,false,,5.90,0.0702,true,1,136543
7290000066196,false,ביסלי חטיף בטעם גריל אסם 200 גרם,מיוצר עי קונדיטוריית,,ביסלי גריל 200 גרם,גרמים,200.00,100 גרם,false,,7.90,0.0395,true,1,149662
7290000066295,false,במבה מתוקה מחומרים טבעיים 30 גרם,מיוצר עי קונדיטוריית,,במבה מתוקה בטעם תות,גרמים,30.00,100 גרם,false,,2.90,0.0967,true,1,139242
7290000066332,false,אפרופו חטיף תירס אסם 50 גרם,מיוצר עי קונדיטוריית,,אפרופו 50 גרם,גרמים,50.00,100 גרם,false,,4.90,0.0980,true,1,134733
7290000066349,false,אפרופו חטיף תירס אסם 100 גרם,מיוצר עי קונדיטוריית,,אפרופו 100 גרם,גרמים,100.00,100 גרם,false,,8.90,0.0890,true,1,149666
7290000066431,false,פופקו חטיף פופקורן בטעם חמאה ודבש אסם 80 גרם,מיוצר עי קונדיטוריית,,פופקו חמאה ודבש 80 ג,גרמים,80.00,100 גרם,false,,5.40,0.0675,true,1,139196
7290000067599,false,אוסם - מנה חמה ספגטי רוטב בולנז 65 גרם,"אסם השקעות בע""\מ",,מנה חמה ספגטי בולונז,גרמים,65.00,100 גרם,false,,5.90,0.0908,true,1,132407
7290000068138,false,אינסטנט פודינג בטעם וניל אסם 80 גרם,מיוצר עי קונדיטוריית,,פודינג אינסטנט בטעם,גרמים,80.00,100 גרם,false,,5.50,0.0688,true,1,132408
7290000070322,false,אבקת מרק פטריות רכיבים טבעיים אסם 400 גרם,"אסם השקעות בע""\מ",,מרק פטריות רכיבים טב,גרמים,400.00,100 גרם,false,,26.90,0.0672,true,1,140499
7290000071008,false,אוסם - בייגלה שטוחים מלח 60 גרם,"אסם השקעות בע""\מ",,בייגלה כעכים שטוחים,גרמים,60.00,100 גרם,false,,3.10,0.0517,true,1,147563
7290000072623,false,קטשופ אסם בקבוק לחיץ 750 גרם,"אסם השקעות בע""מ",,קטשופ אסם בקבוק לחיץ,גרמים,750.00,100 גרם,false,,10.90,0.0145,true,1,135975
7290000072753,false,קפה נמס מגורען טסטרס צ'ויס 200 גרם-,לוטה נסטלה קוריאה,,קפה נמס מיובש בהקפאה,גרמים,200.00,100 גרם,false,,29.90,0.1495,true,1,139199
7290000072760,false,נסקפה טייסטרס צויס 100 גר אוריגנל,נסטלה קוריאה - קפה,,קפה נמס טסטר'ס צ'ויס,גרמים,100.00,100 גרם,false,,24.90,0.2490,true,1,148073
7290000072968,false,דגני בוקר סיני מיניס חיטה מלאה וקינמון נסטלה 500 גרם,נסטלה פולין דגני בוק,,סיני מיניס 500 גרם,גרמים,500.00,100 גרם,false,,23.90,0.0478,true,1,139200
7290000073040,true,פרילי פסיפלורה,,,פרילי פסיפלורה,,0.00,,false,,5.00,0.0000,true,1,132961
7290000073125,false,מנה חמה פסטה ברוטב עגבניות אסם 62 גרם,"אסם השקעות בע""\מ",,מנה חמה פסטה עם עגב.,גרמים,62.00,100 גרם,false,,5.90,0.0952,true,1,140526
7290000073415,false,אוסם - מנה חמה פסטה ברוטב פיצה 61 גרם,"אסם השקעות בע""\מ",,מנה חמה פסטה ברוטב פ,גרמים,61.00,100 גרם,false,,5.90,0.0967,true,1,132409
7290000073699,false,סלט חומוס סלטי צבר 1,סלטי צבר,,סלט חומוס סלטי צבר 1,גרמים,150.00,100 גרם,false,,5.50,0.0367,true,1,143561
7290000073767,false,מנה חמה נודלס אטר.+ירקות טעם בקר 70 גרם,PUB FOODS PRESIDENT THAI,,מנה חמה נודלס אטר.+י,גרמים,70.00,100 גרם,false,,5.90,0.0843,true,1,139202
7290000074153,false,ביסקוויט פתי בר שוקולד אסם 500 גרם,מיוצר עי קונדיטוריית,,פתי בר שוקו אסם 500,גרמים,500.00,100 גרם,false,,12.90,0.0258,true,1,139204
7290000074184,false,אוסם - פתי בר בינוני 500 גרם,"אסם השקעות בע""\מ",,פתי בר קלאסי אסם 500,גרמים,500.00,100 גרם,false,,10.90,0.0218,true,1,138376
7290000074245,false,אוסם - קרם קרקר אסם 250 גרם,"אסם השקעות בע""\מ",,אסם קרם קרקר 250 גרם,גרמים,250.00,100 גרם,false,,9.90,0.0396,true,1,139205
7290000075693,false,עוגת הבית שמרים בריוש שוקולד אסם 360 גרם,מיוצר עי קונדיטוריית,,הבית עוגת שמרים בריו,גרמים,360.00,100 גרם,false,,16.90,0.0469,true,1,143570
7290000076126,false,אוסם - בייגלה שמיניות קטנות 80 גרם,"אסם השקעות בע""\מ",,אסם בייגלה שמיניות ק,גרמים,80.00,100 גרם,false,,3.10,0.0388,true,1,145190
7290000076133,false,בייגלה שמיניות קטנות עם מלח אסם 400 גרם,"אסם השקעות בע""\מ",,בייגלה אסם שמיניה קט,גרמים,400.00,100 גרם,false,,9.90,0.0248,true,1,139209
7290000076775,true,מאגדת 6 לייט יוגורט,,,מאגדת 6 לייט יוגורט,,0.00,,false,,0.00,0.0000,true,1,134301
7290000078762,false,אוסם - חטיפי פריכונים מאורז מלא בטעם דבש 80גר,סנורייס בלגיום אן. ו,,חטיפי פריכונים אורז,גרמים,80.00,100 גרם,false,,8.20,0.1025,true,1,139212
7290000081663,false,"בייגלה טבעות שומשום אסם 300 גרם בד""ץ",מיוצר עי קונדיטוריית,,אסם בייגלה טבעות שומ,גרמים,300.00,100 גרם,false,,9.90,0.0330,true,1,141880
7290000085180,false,גטניו פתי בר וניל 470 גרם,"אחים גטניו בע""מ",,גטניו פתי בר 470 גרם,גרמים,470.00,100 גרם,false,,10.90,0.0232,true,1,143255
7290000090016,false,בננה,5 יחידות,,בננה,קילוגרמים,1.00,"ק""ג",true,,8.70,8.7000,true,1,153922
7290000090023,false,עגבניה,5 יחידות,,עגבניה,קילוגרמים,1.00,"ק""ג",true,,7.70,7.7000,true,1,153917
7290000090030,false,מלפפון ירוק,6 יחידות,,מלפפון ירוק,קילוגרמים,1.00,"ק""ג",true,,7.70,7.7000,true,1,153934
7290000090047,false,לימון,,,לימון,קילוגרמים,1.00,"ק""ג",true,,7.70,7.7000,true,1,153923
7290000090054,false,ממרח חמאה דנית,,,אבוקדו,קילוגרמים,1.00,"ק""ג",true,,10.70,10.7000,true,1,153935
7290000090078,false,תפוח עץ ירוק סמיט,4 יחידות,,תפוח עץ ירוק סמיט,קילוגרמים,1.00,"ק""ג",true,,10.90,10.9000,true,1,153936
7290000090085,false,תפוח עץ אדום חרמון,4 יחידות,,תפוח עץ אדום חרמון,קילוגרמים,1.00,"ק""ג",true,,9.90,9.9000,true,1,153937
7290000090108,false,פלפל אדום,5 יחידות,,פלפל אדום,קילוגרמים,1.00,"ק""ג",true,,10.70,10.7000,true,1,153924
7290000090115,false,קלמנטינה,,,קלמנטינה,קילוגרמים,1.00,"ק""ג",true,,6.90,6.9000,true,1,153938
7290000090122,false,אפרסמון,,,אפרסמון,קילוגרמים,1.00,"ק""ג",true,,12.90,12.9000,true,1,155902
7290000090139,false,תפוזים,3 יחידות,,תפוזים,קילוגרמים,1.00,"ק""ג",true,,5.90,5.9000,true,1,153939
7290000090146,false,תפוח פינק ליידי,,,תפוח פינק ליידי,קילוגרמים,1.00,"ק""ג",true,,15.90,15.9000,true,1,153940
7290000090153,false,בצל יבש לבן,4 יחידות,,בצל יבש לבן,קילוגרמים,1.00,"ק""ג",true,,4.70,4.7000,true,1,153925
7290000090160,false,בטטה,,,בטטה,קילוגרמים,1.00,"ק""ג",true,,7.70,7.7000,true,1,153941
7290000090177,false,אגס ירוק,5 יחידות,,אגס ירוק,קילוגרמים,1.00,"ק""ג",true,,12.90,12.9000,true,1,153942
7290000090184,false,תפוח עץ מוזהב,4 יחידות,,תפוח עץ מוזהב,קילוגרמים,1.00,"ק""ג",true,,9.90,9.9000,true,1,153943
7290000090191,false,פלפל צהוב,5 יחידות,,פלפל צהוב,קילוגרמים,1.00,"ק""ג",true,,10.70,10.7000,true,1,153944
7290000090214,false,בצל אדום,4 יחידות,,בצל אדום,קילוגרמים,1.00,"ק""ג",true,,6.70,6.7000,true,1,153946
7290000090221,false,רימון,,,רימון,קילוגרמים,1.00,"ק""ג",true,,8.70,8.7000,true,1,153947
7290000090238,false,אננס,,,אננס,Unknown,1.00,יחידה,false,,29.90,29.9000,true,1,153948
7290000090245,false,חציל,3 יחידות,,חציל,קילוגרמים,1.00,"ק""ג",true,,7.90,7.9000,true,1,153926
7290000090252,false,כרוב לבן שלם,1 יחידה,,כרוב לבן שלם,קילוגרמים,1.00,"ק""ג",true,,5.70,5.7000,true,1,153927
7290000090269,false,אשכולית אדומה,,,אשכולית אדומה,קילוגרמים,1.00,"ק""ג",true,,6.70,6.7000,true,1,153949
7290000090276,false,קיווי,,,קיווי,קילוגרמים,1.00,"ק""ג",true,,12.90,12.9000,true,1,153950
7290000090313,false,פלפל ירוק,5 יחידות,,פלפל ירוק,קילוגרמים,1.00,"ק""ג",true,,9.70,9.7000,true,1,153952
7290000090337,false,כרוב אדום שלם,,,כרוב אדום שלם,קילוגרמים,1.00,"ק""ג",true,,5.70,5.7000,true,1,153953
7290000090344,false,קולורבי,,,קולורבי,קילוגרמים,1.00,"ק""ג",true,,8.90,8.9000,true,1,153954
7290000090368,false,דלורית,,,דלורית,קילוגרמים,1.00,"ק""ג",true,,6.90,6.9000,true,1,153956
7290000090399,false,פומלית,,,פומלית,קילוגרמים,1.00,"ק""ג",true,,6.70,6.7000,true,1,153958
7290000090467,false,קישוא,5 יחידות,,קישוא,קילוגרמים,1.00,"ק""ג",true,,8.90,8.9000,true,1,153929
7290000090481,false,"תפו""ע לוליפופ",,,"תפו""ע לוליפופ",קילוגרמים,1.00,"ק""ג",true,,15.90,15.9000,true,1,156639
7290000090511,false,"תפו""א לבן תפזורת",3 יחידות,,"תפו""א לבן תפזורת",קילוגרמים,1.00,"ק""ג",true,,4.90,4.9000,true,1,153963
7290000090528,false,"תפו""א אדום תפזורת",3 יחידות,,"תפו""א אדום תפזורת",קילוגרמים,1.00,"ק""ג",true,,5.90,5.9000,true,1,153964
7290000090535,false,"תפו""ע לוליפופ",,,"תפו""ע לוליפופ",קילוגרמים,1.00,"ק""ג",true,,15.90,15.9000,true,1,153965
7290000090542,false,פלפל חריף,,,פלפל חריף,קילוגרמים,1.00,"ק""ג",true,,10.90,10.9000,true,1,153966
7290000090566,false,סלק אדום תפזורת,5 יחידות,,סלק אדום תפזורת,קילוגרמים,1.00,"ק""ג",true,,4.90,4.9000,true,1,153930
7290000090610,false,גזר ארוז,,,גזר ארוז,קילוגרמים,1.00,"ק""ג",true,,4.90,4.9000,true,1,153931
7290000090634,false,כרובית,,,כרובית,יח',1.00,יח',false,,9.90,9.9000,true,1,153970
7290000090689,false,שום בתפזורת,,,שום בתפזורת,קילוגרמים,1.00,"ק""ג",true,,22.90,22.9000,true,1,153974
7290000090702,false,אפרסק,,,אפרסק,קילוגרמים,1.00,"ק""ג",true,,10.70,10.7000,true,1,153976
7290000090740,false,ענב אדום,,,ענב אדום,קילוגרמים,1.00,"ק""ג",true,,24.90,24.9000,true,1,153979
7290000090757,false,תירס מתוק,,,תירס מתוק,קילוגרמים,1.00,"ק""ג",true,,8.70,8.7000,true,1,153932
7290000090788,false,פפאיה,,,פפאיה,קילוגרמים,1.00,"ק""ג",true,,17.90,17.9000,true,1,153982
7290000090795,false,פאי אגוזים,,,פלפל בהיר,קילוגרמים,1.00,"ק""ג",true,,10.90,10.9000,true,1,153983
7290000090955,false,חומוס טחון לגונדי במ,,,קובו,קילוגרמים,1.00,"ק""ג",true,,19.90,19.9000,true,1,155534
7290000090979,false,אגס נאשי,,,אגס נאשי,קילוגרמים,1.00,"ק""ג",true,,14.90,14.9000,true,1,153988
7290000091105,false,אנונה,,,אנונה,קילוגרמים,1.00,"ק""ג",true,,19.90,19.9000,true,1,153995
7290000091129,false,תפוז ברשת,,,תפוז ברשת,קילוגרמים,1.00,"ק""ג",true,,4.90,4.9000,true,1,153996
7290000091150,false,"תפו""א לבן ארוז",,,"תפו""א לבן ארוז",קילוגרמים,1.00,"ק""ג",true,,5.90,5.9000,true,1,153998
7290000091167,false,פלפל כתום,5 יחידות,,פלפל כתום,קילוגרמים,1.00,"ק""ג",true,,10.70,10.7000,true,1,153999
7290000091198,false,תבלין לדג עם שום,,,דלורית מנומר,קילוגרמים,1.00,"ק""ג",true,,4.90,4.9000,true,1,154331
7290000091242,false,שום ארוז יבוא,,,שום ארוז יבוא,מארז,1.00,מארז,false,,7.90,7.9000,true,1,154001
7290000103839,false,מרק כתום עשיר בירקות סנפרוסט 570 גרם,"סנפרוסט בע""\מ",,מרק כתום סנפרוסט 572,גרמים,572.00,100 גרם,false,,17.90,0.0313,true,1,152101
7290000103860,false,מרק עדשים עשיר בירקות סנפרוסט 570 גרם,"איי, בי, אינבוו",,מרק עדשים סנפרוסט 57,גרמים,572.00,100 גרם,false,,17.90,0.0313,true,1,152108
7290000104218,false,סנפרוסט במיה 600 גרם,"איי, בי, אינבוו",,במיה סנפרוסט 600 גרם,גרמים,600.00,100 גרם,false,,15.90,0.0265,true,1,145727
7290000104676,false,אפונה קפואה סנפרוסט 800 גרם,"איי, בי, אינבוו",,אפונת גינה סנפרוסט 8,גרמים,800.00,100 גרם,false,,17.90,0.0224,true,1,140453
7290000104690,false,תירס גרעינים קפוא סנפרוסט 800 ג',"איי, בי, אינבוו",,גרעיני תירס 800 גרם,גרמים,800.00,100 גרם,false,,17.70,0.0221,true,1,140464
7290000104720,false,שעועית ירוקה חתוכה סנפרוסט 800 גרם,"סנפרוסט בע""\מ",,שעועית ירוקה חתוכה ס,גרמים,800.00,100 גרם,false,,18.70,0.0234,true,1,140461
7290000104799,false,שעועית לבנה מבושלת סנפרוסט 800 גרם,"איי, בי, אינבוו",,שעועית לבנה מבושלת ס,גרמים,800.00,100 גרם,false,,19.90,0.0249,true,1,145731
7290000104829,false,קלחי תירס חתוכים סנפרוסט 1 קילו,"איי, בי, אינבוו",,קלחוני תירס סנפרוסט,גרמים,1000.00,100 גרם,false,,19.90,0.0199,true,1,147767
7290000107165,false,חטיף סויה אדממה סנפרוסט 400 גרם,"איי, בי, אינבוו",,פולי סויה אדממה סנפר,גרמים,400.00,100 גרם,false,,14.90,0.0373,true,1,145735
7290000107295,false,תפרחות ברוקולי סנפרוסט 800 גרם,"איי, בי, אינבוו",,תפרחות ברוקולי סנפרו,גרמים,800.00,100 גרם,false,,24.90,0.0311,true,1,136673
7290000110318,true,מפעל-קצפת צמחית פרוו,,,מפעל-קצפת צמחית פרוו,,0.00,,false,,2999.90,0.0000,true,1,136993
7290000111018,true,מפעל-כמיונז דלי 5 קג,,,מפעל-כמיונז דלי 5 קג,,0.00,,false,,2999.90,0.0000,true,1,136379
7290000111063,false,מיונז תלמה אמיתי250 גרם,יוניליוור ישראל מזון בע\,,מיונז אמיתי תלמה 250,גרמים,250.00,100 גרם,false,,6.90,0.0276,true,1,133022
7290000112220,false,טחינה גולמית שומשום טהור בארכה 500 גרם,"רושדי תעשיות מזון בע""\מ",,טחינה גולמית 100% בא,גרמים,500.00,100 גרם,false,,13.90,0.0278,true,1,140659
7290000112497,false,מרק עשיר עוף אטריות קנור 75 גרם - שקיות,יוניליוור ישראל מזון בע\,,מרק עשיר עוף עם איטר,גרמים,68.00,100 גרם,false,,11.90,0.1750,true,1,139795
7290000112619,false,אבקת מרק עוף אמיתי קנור 400 ג' כשלפ,יוניליוור ישראל מזון בע\,,קנור מרק עוף אמיתי 4,גרמים,400.00,100 גרם,false,,19.90,0.0497,true,1,138998
7290000116884,false,"רוטב ברביקיו קנור 300 גרם בד""צ",יוניליוור ישראל מזון בע\,,רוטב ברביקיו פרווה ק,גרמים,350.00,100 גרם,false,,10.90,0.0311,true,1,139797
7290000116921,false,רוטב צ'ילי מתוק 340 גרם קנור,"יוניליוור ישראל מזון בע""",,רוטב צ'ילי מתוק פרוו,מיליליטרים,300.00,"100 מ""ל",false,,10.90,0.0363,true,1,142966
7290000116945,false,"רוטב סויה קלאסי קנור בד""צ 350 גרם",יוניליוור ישראל מזון בע\,,רוטב סויה קלאסי פרוו,גרמים,350.00,100 גרם,false,,10.90,0.0311,true,1,144174
7290000121079,false,גבינה מותכת למריחה עם שום שמיר 9% מון בלאן 120 גרם,שלושת האופים,,מון בלאן שמיר 120 גר,גרמים,120.00,100 גרם,false,,11.40,0.0950,true,1,140869
7290000121147,false,גבינה מותכת לייט בטעם פיקנטי 7% מון בלאן 120 גרם,"שלושת האופים בע""מ",,מון בלאן פיקנטי 120,גרמים,120.00,100 גרם,false,,11.40,0.0950,true,1,140872
7290000133645,true,שלישיית אורביטול100,,,שלישיית אורביטול100,,0.00,,false,,0.00,0.0000,true,1,136073
7290000135052,false,"XL TEN משקה אנרגיה מנגו ללא סוכר 250 מ""ל","טמפו משקאות בע""\מ",,משקה אנרגיה מוגז בטע,מיליליטרים,250.00,"100 מ""ל",false,,4.80,0.0192,true,1,143241
7290000135113,false,"משקה אנרגיה XL פחית ten נענע ליים 250 מ""ל","טמפו משקאות בע""\מ",,פחית XL TEN נענע-ליי,מיליליטרים,250.00,"100 מ""ל",false,,4.80,0.0192,true,1,146800
7290000135151,false,"טמפו סודה למון ליים בקבוק 250 מ""ל",טמפו משקאות בעמ,,סודה נגיעות למון ליי,מיליליטרים,275.00,"100 מ""ל",false,,3.50,0.0127,true,1,152327
7290000135342,false,"מי סודה טמפו בקבוק 500 מ""ל","טמפו משקאות בע""\מ",,סודה 500,מיליליטרים,500.00,"100 מ""ל",false,,3.20,0.0064,true,1,157886
7290000136158,false,פפסי מקס משקה מוגז דל קלוריות בטעם קולה,"טמפו משקאות בע""\מ",,פפסי מקס 1.5 ליטר,מיליליטרים,1500.00,"100 מ""ל",false,,7.80,0.0052,true,1,156589
7290000136165,false,משקה מירינדה 1.5ליטר,"טמפו משקאות בע""\מ",,מירנדה 1.5 ליטר,מיליליטרים,1500.00,"100 מ""ל",false,,7.80,0.0052,true,1,156590
7290000136172,false,סבן אפ 1.5 ליטר בודד,"טמפו משקאות בע""\מ",,סבן אפ 1.5 ליטר,מיליליטרים,1500.00,"100 מ""ל",false,,7.80,0.0052,true,1,156591
7290000136189,false,סבן אף דיאט 1.5 ליטר בודד,"טמפו משקאות בע""\ם.",,דיאט סבן אפ 1.5 ליטר,מיליליטרים,1500.00,"100 מ""ל",false,,7.20,0.0048,true,1,156592
7290000136240,false,סודה 1.5 ליטר שישייה בודד,"טמפו משקאות בע""\מ",,מי סודה טמפו 1.5 ליט,מיליליטרים,1500.00,"100 מ""ל",false,,3.80,0.0025,true,1,156593
7290000136561,false,משקה בטעם תות בננה תריסר 1.5 ל' ג'אמפ,"טמפו משקאות בע""\מ",,ג'אמפ תות בננה 1.5 ל,מיליליטרים,1500.00,"100 מ""ל",false,,7.50,0.0050,true,1,156600
7290000136646,false,בירה נשר מאלט ללא אלכוהול 1.5 ליטר,"טמפו משקאות בע""\מ",,בירה שחורה נשר מאלט,מיליליטרים,1500.00,"100 מ""ל",false,,9.20,0.0061,true,1,156863
7290000136660,false,סודה טמפו ליטר וחצי,טמפו,,מי סודה טמפו 1.5 ליט,מיליליטרים,1500.00,"100 מ""ל",false,,3.80,0.0025,true,1,157332
7290000136684,false,פפסי מקס משקה מוגז דל קלוריות בטעם קולה,טמפו,,פפסי מקס 1.5 ליטר,מיליליטרים,1500.00,"100 מ""ל",false,,7.80,0.0052,true,1,157334
7290000136707,false,טמפו מירינדה 1.5 ליטר,טמפו,,מירנדה 1.5 ליטר,מיליליטרים,1500.00,"100 מ""ל",false,,7.80,0.0052,true,1,157335
7290000136776,false,שישיית פפסי מקס דל קלוריות 1.5 ליטר,פפסי Pepsi,,שישיית פפסי מקס 1.5,מיליליטרים,9000.00,"100 מ""ל",false,,40.50,0.0045,true,1,156607
7290000136790,false,שישיית מי סודה טמפו 1.5 ליטר,"טמפו משקאות בע""\מ",,מי סודה במארז טמפו 6,מיליליטרים,9000.00,"100 מ""ל",false,,17.70,0.0020,true,1,156609
7290000136844,false,מארז מים מזוככים אקווה נובה שישיית 2 ליטר,"טמפו משקאות בע""\מ",,שישיית אקווה נובה 2,מיליליטרים,1200.00,"100 מ""ל",false,,13.70,0.0114,true,1,156610
7290000136851,false,סבן אפ פיקדון 1.5 ליטר,טמפו,,סבן אפ 1.5 ליטר,מיליליטרים,1500.00,"100 מ""ל",false,,7.80,0.0052,true,1,157336
7290000136868,false,סאן בנדטו - מים מינרלים - מארז שישיית 1.5 ליטר,אקווה מינרלה סאן בנדטו ב,,מים מינרלים סאן בנדט,קילוגרמים,9.00,ליטר,false,,20.40,2.2667,true,1,157163
7290000136936,false,סבן אפ דיאט בקבוק 1.,טמפו,,דיאט סבן אפ 1.5 ליטר,מיליליטרים,1500.00,"100 מ""ל",false,,7.20,0.0048,true,1,157337
7290000137513,false,גלידונית גלידה וניל בציפוי שוקולד 60 יח' קרמיסימו,"גלידת שטראוס בע""\מ, רחוב",,קרמיסימו גלידונית ונ,Unknown,60.00,יחידה,false,,43.90,0.7317,true,1,145979
7290000137643,false,שלגוני טעמקור בטעם שוקו וניל שטראוס 8*50 גרם,"גלידת שטראוס בע""\מ, רחוב",,מאגדת טעמקור שוקו ונ,Unknown,8.00,יחידה,false,,33.90,4.2375,true,1,145980
7290000143200,false,"הוואי - מרכך לשיער יבש 700 מ""ל",טרופיקל דגיל קוסמטיק,,הוואי מרכך לשיער יבש,מיליליטרים,700.00,"100 מ""ל",false,,8.90,0.0127,true,1,143458
7290000143293,false,"הוואי - מרכך ילדים מתיר קשרים 700 מ""ל",טרופיקל דגיל,,הוואי מרכך ילדים 700,מיליליטרים,700.00,"100 מ""ל",false,,8.90,0.0127,true,1,148388
7290000144160,false,"שמן זית כתית מעולה ארומתי עץ הזית 750 מ""ל","מרקאולאו, ספרד.אבסה,",,שמן זית ארומטי עץ הז,מיליליטרים,750.00,"100 מ""ל",false,,33.90,0.0452,true,1,144756
7290000144474,false,שמן עץ הזית קנולה 1 ליטר בריאות מהטבע,שמן תעשיות בעמ,,שמן קנולה בריאות עץ,מיליליטרים,1000.00,"100 מ""ל",false,,15.90,0.0159,true,1,144758
7290000146669,false,הוואי - סבון מוצק שמיים כחולים 100 גרם רביעייה,טרופיקל דגיל קוסמטיק,,הוואי סבון מוצק שמיי,גרמים,400.00,100 גרם,false,,11.90,0.0298,true,1,148389
7290000146683,false,הוואי - סבון מוצק אפקט דאודורנט 100 גרם רביעייה,טרופיקל דגיל קוסמטיק,,הוואי סבון מוצק אפקט,גרמים,400.00,100 גרם,false,,10.90,0.0273,true,1,148390
7290000146928,false,"משחת שיניים לילדים בטעם ענבים טום וג'רי 50 מ""ל",טרופיקל דגיל קוסמטיק,,טום וג'רי משחת שיניי,גרמים,60.00,100 גרם,false,,8.90,0.1483,true,1,148391
7290000151434,true,עוף טוב סלמי קוניאק,,,עוף טוב סלמי קוניאק,,0.00,,false,,0.00,0.0000,true,1,137578
7290000166391,true,חטיף דגנים עם שוקולד,,,חטיף דגנים עם שוקולד,,0.00,,false,,5.00,0.0000,true,1,133784
7290000168173,false,"ברנפלקס קרנצ'ים תלמה בד""ץ 375 גרם",יוניליור ישראל מזון,,ברנפלקס קרנצ'ים תלמה,גרמים,375.00,100 גרם,false,,20.80,0.0555,true,1,137825
7290000168524,true,מפעל-מיונז,,,מפעל-מיונז,קילוגרמים,1.00,"ק""ג",true,,0.00,0.0000,true,1,135857
7290000169538,false,"נמס בכוס עגבניות וקרוטונים מרק כשרות בד""ץ 62 ג' קנור",יוניליוור ישראל מזון בע\,,נמס בכוס מרק עגבניות,גרמים,62.00,100 גרם,false,,6.90,0.1113,true,1,133781
7290000176079,false,קפה עלית טורקי עם הל 100 גרם,הנסיך- מפעל לייצור ט,,קפה טורקי עם הל 100,גרמים,100.00,100 גרם,false,,8.90,0.0890,true,1,139469
7290000176192,true,האג טורקי ואקום 200,,,האג טורקי ואקום 200,,0.00,,false,,0.00,0.0000,true,1,137377
7290000176420,false,קפה נמס פחית עלית 200 גרם,שטראוס קפה בי.וי,,קפה נמס עלית 200 גרם,גרמים,200.00,100 גרם,false,,19.90,0.0995,true,1,139470
7290000176468,false,קפה נמס נטול קפאין 50 ג' קפה האג,"איי, בי, אינבוו",,קפה נמס נטול האג עלי,גרמים,50.00,100 גרם,false,,10.90,0.2180,true,1,141347
7290000178707,false,תפוצ'יפס בטעם טבעי 50 גרם,"שטראוס פריטו ליי בע""\מ )",,תפוציפס טבעי 50 גרם,גרמים,50.00,100 גרם,false,,4.00,0.0800,true,1,138526
7290000178721,false,תפוצ'יפס בטעם טבעי 200 גרם,"שטראוס פריטו ליי בע""\מ )",,תפוציפס 200 גרם,גרמים,200.00,100 גרם,false,,10.90,0.0545,true,1,140024
7290000186757,true,מטלית חכמה צץ רץ 50,,,מטלית חכמה צץ רץ 50,,0.00,,false,,5.00,0.0000,true,1,134457
7290000187860,false,מגבוני טואלט לחים לילי דיספנסר 40יח',עלבד משואות יצחק בעמ,,מגבוני נייר טואלט לח,Unknown,56.00,יחידה,false,,7.90,0.1411,true,1,132605
7290000189772,true,מטליות לחות לניקוי כ,,,מטליות לחות לניקוי כ,,0.00,,false,,5.00,0.0000,true,1,132607
7290000197463,false,חיתולים פרידום דריי שלב +4 האגיס 40 יחידות,קימברלי קלארק ישראל,,האגיס פרידום דריי של,Unknown,40.00,יחידה,false,,44.90,1.1225,true,1,141257
7290000197753,false,ניילון נצמד אנטי בטקריאלי ניקול 30X2מ',חוגלה קימברלי,,ניילון נצמד צר ניקול,Unknown,2.00,יחידה,false,,10.90,5.4500,true,1,141261
7290000200934,true,משטח הפצה,,,משטח הפצה,,0.00,,false,,0.00,0.0000,true,1,137427
7290000207162,false,רוטב עגבניות מרכיב טבעי 100 ג' יכין,"זנלכל בע""\מ",,רוטב עגבניות יכין 22,גרמים,100.00,100 גרם,false,,2.50,0.0250,true,1,147645
7290000208213,false,שעועית לבנה אפויה A2 ברוטב עגבניות יכין 560ג',היינץ צפון אמריקה מק,,שעועית לבנה רוטב עגב,גרמים,355.00,100 גרם,false,,8.90,0.0251,true,1,147648
7290000208336,false,רסק יכין 240גר 22% יכין בית יוסף,"זנלכל בע""\מ",,יכין רוטב עגבניות 26,גרמים,260.00,100 גרם,false,,4.50,0.0173,true,1,147651
7290000208428,false,גרגרי חומוס שלם 550 גרם יכין,היינץ צפון אמריקה מק,,חומוס שלם יכין 550 ג,גרמים,550.00,100 גרם,false,,8.90,0.0162,true,1,147652
7290000209012,false,חומץ 1ליטר יכין הדרים,"זנלכל בע""\מ",,חומץ 5% יכין 1 ליטר,מיליליטרים,1000.00,"100 מ""ל",false,,5.90,0.0059,true,1,147655
7290000209722,false,רסק עגבניות 28% פריכוז 580 גרם יכין,"זנלכל בע""\מ",,רוטב עגבניות פריכוז,גרמים,580.00,100 גרם,false,,10.90,0.0188,true,1,147660
7290000209944,false,רוטב לעגבניות בסיס לשקשוקה 240 ג' יכין,"זנלכל בע""\מ",,רוטב עגבניות לשקשוקה,גרמים,260.00,100 גרם,false,,6.50,0.0250,true,1,147661
7290000211169,false,"אורז תאילנדי אחד אחד סוגת 1 ק""ג",האי נאם סי או אל.טי.,,אורז תאילנדי סוגת 1,גרמים,1000.00,100 גרם,false,,6.90,0.0069,true,1,133834
7290000211442,false,"סוגת אורז פרסי קלאסי שקית 1 ק""ג",האי נאם סי או אל.טי.,,אורז פרסי קלאסי סוגת,גרמים,1000.00,100 גרם,false,,10.90,0.0109,true,1,139967
7290000211503,false,סוכר לבן ארוז בשקית,"סוגת תעשיות בע""\מ",,"סוכר לבן נייר 1 ק""ג",גרמים,1000.00,100 גרם,false,,4.50,0.0045,true,1,133584
7290000211985,false,"אורז ריזוטו עגול סוגת 1 ק""ג","סוגת תעשיות בע""\מ",,אורז לבן עגול סוגת 1,גרמים,1000.00,100 גרם,false,,9.90,0.0099,true,1,144143
7290000229123,false,פסטרמה הודו על גחלים,,,פסטרמה הודו על גחלים,גרמים,400.00,100 גרם,false,,27.90,0.0697,true,1,141113
7290000229147,false,סלמי בסגנון איטלקי 3,,,סלמי בסגנון איטלקי 3,גרמים,300.00,100 גרם,false,,26.90,0.0897,true,1,141114
7290000238036,false,מלאווח בקופסא מעדנות 700 גרם,מיוצר עי קונדיטוריית,,מלאווח מעדנות 700 גר,גרמים,700.00,100 גרם,false,,16.90,0.0241,true,1,138443
7290000245478,false,"סוד - אבקת כביסה לבגדי תינוקות 1.25 ק""ג","הנקל סוד בע""מ",,אבקת כביסה בייבי סוד,גרמים,1250.00,100 גרם,false,,12.90,0.0103,true,1,147051
7290000245539,false,"קומפקט סוד 1.250 ק""ג קולור לכביסה צבעונית","הנקל סוד בע""מ",,סוד אבקת כביסה קולור,גרמים,1250.00,100 גרם,false,,12.90,0.0103,true,1,147052
7290000253374,false,מיני שוקולד צ'יפס 250 גרם- 66% מוצקי קקאו,אופנהיימר,,מיני שוקולד צ'יפס או,גרמים,250.00,100 גרם,false,,14.90,0.0596,true,1,153402
7290000256511,true,וופל בטעם שוקולד 200,,,וופל בטעם שוקולד200,,0.00,,false,,5.00,0.0000,true,1,134203
7290000264912,true,ניקול מפה מעוצבת לאי,,,ניקול מפה מעוצבת לאי,,0.00,,false,,0.00,0.0000,true,1,136846
7290000272696,false,עסיס מיץ לימון טבעי משומר 1 ל' אסם,בית-השיטה עסיס תעשיות מז,,מיץ לימון משומר מרכז,מיליליטרים,1000.00,"100 מ""ל",false,,9.90,0.0099,true,1,134976
7290000272726,false,חומץ רכיבים רכיבים טבעיים 5% עסיס 1 ליטר,בית-השיטה עסיס תעשיות מז,,חומץ טבעי 5% עסיס 1,מיליליטרים,1000.00,"100 מ""ל",false,,6.90,0.0069,true,1,139213
7290000284316,false,קוקה -קולה בקבוק 1.5 ליטר,החברה המרכזית לייצור משקאות,,קוקה קולה 1.5 ליטר,מיליליטרים,1500.00,"100 מ""ל",false,,9.10,0.0061,true,1,138964
7290000284347,false,קינלי סודה בקבוק 1.5,החברה המרכזית לייצור משקאות,,קינלי סודה 1.5 ליטר,מיליליטרים,1500.00,"100 מ""ל",false,,4.00,0.0027,true,1,138965
7290000284361,false,קולה דיאט בקבוק 1.5 ל',החברה המרכזית לייצור משקאות,,דיאט קוקה קולה 1.5 ל,מיליליטרים,1500.00,"100 מ""ל",false,,8.80,0.0059,true,1,148895
7290000287195,false,"סנו רהיט לניקוי ושמירה על רהיטים 300 מ""ל",מיוצר עי קונדיטוריית,,סנו רהיט אירוסול 300,מיליליטרים,300.00,"100 מ""ל",false,,13.90,0.0463,true,1,142165
7290000288024,false,סנו - ז'אוול אקונומיקה בריח לימון 4 ליטר,"סנו מפעלי ברונוס בע""מ",,אקונומיקה בריח לימון,מיליליטרים,4000.00,"100 מ""ל",false,,17.90,0.0045,true,1,140127
7290000288079,false,סנו - ז'אוול אקונומיקה לימון 2 ליטר,"סנו מפעלי ברונוס בע""מ",,אקונומיקה לימון סנו,מיליליטרים,2000.00,"100 מ""ל",false,,11.90,0.0060,true,1,141290
7290000288079,false,סנו - ז'אוול אקונומיקה לימון 2 ליטר,"סנו מפעלי ברונוס בע""מ",,אקונומיקה לימון סנו,מיליליטרים,2000.00,"100 מ""ל",false,,11.90,0.0060,true,1,139073
7290000288352,false,"קוטל חרקים וזוחלים K-300 סנו 630 מ""ל","סנו מפעלי ברונוס בע""מ",,קוטל חרקים קיי - 300,מיליליטרים,630.00,"100 מ""ל",false,,21.90,0.0348,true,1,141345
7290000288352,false,"קוטל חרקים וזוחלים K-300 סנו 630 מ""ל","סנו מפעלי ברונוס בע""מ",,קוטל חרקים קיי - 300,מיליליטרים,630.00,"100 מ""ל",false,,21.90,0.0348,true,1,139074
7290000289069,false,סנו - ז'אוול מרסס קצף ניקוי בתוספת אקונומיקה בריח לימון 1 ליטר,"סנו מפעלי ברונוס בע""מ",,מרסס לימון JAVEL 1 ל,מיליליטרים,1000.00,"100 מ""ל",false,,18.90,0.0189,true,1,139076
7290000289748,false,"מסיר שומנים לתנורים פורטה פלוס סנו 750 מ""ל","סנו מפעלי ברונוס בע""\מ",,מסיר שומנים פורטה פל,מיליליטרים,750.00,"100 מ""ל",false,,14.90,0.0199,true,1,139077
7290000291956,false,סנו ז'אוול בריח לבנדר 1 ל',סנו,,סנו זאוול אוקונומיקה,מיליליטרים,1000.00,"100 מ""ל",false,,8.90,0.0089,true,1,142172
7290000292687,false,סנובון מוצק לניקוי אסלה קלאסיק כחול סנו 3 יחידות,מיוצר עי קונדיטוריית,,סנובון כחול לניקוי ה,גרמים,165.00,100 גרם,false,,16.90,0.1024,true,1,139072
7290000293073,false,מקסימה מרכך כביסה ביו לבן סנו 4 ליטר,"סנו מפעלי ברונוס בע""\מ",,מרכך כביסה ביו לבן ס,מיליליטרים,4000.00,"100 מ""ל",false,,21.90,0.0055,true,1,140532
7290000294780,false,אקונומיקה סמיכה בריח לימון סנו ז'אוול 4 ליטר,"סנו מפעלי ברונוס בע""מ",,אקונומיקה סמיכה מבוש,מיליליטרים,4000.00,"100 מ""ל",false,,16.90,0.0042,true,1,142174
7290000295343,false,"אבקת כביסה מקסימה ביו 1.25 ק""ג סנו",סנו מקסימה,,מקסימה אבקת כביסה 1.,גרמים,1250.00,100 גרם,false,,14.90,0.0119,true,1,142176
7290000295367,false,"מקסימה אבקת כביסה אפקט ז'אוול סנו 2.5 ק""ג",הורביץ סחר,,מקסימה אבקת כביסה זא,גרמים,2500.00,100 גרם,false,,25.90,0.0104,true,1,142177
7290000295404,false,שקיות אשפה עם שרוך 54 * 65 סנו סושי 60 יחידות,מיוצר עי קונדיטוריית,,סנו סושי 60 שקיות אש,Unknown,60.00,יחידה,false,,23.90,0.3983,true,1,142080
7290000295503,false,זוג שקיות מזון טבע 19*25 סנו סושי 150 יחידות,"אשפלסט תעשיות בע""מ",,שקיות אוכל מתכלות 19,Unknown,2.00,יחידה,false,,14.90,7.4500,true,1,142178
7290000295558,false,"רדיד אלומיניום רוחב 30 ס""מ סנו סושי 2 יח' 7.5 מטר",מולינו ניקולי s.p.a,,צמד רדיד אלומיניום,Unknown,2.00,יחידה,false,,10.90,5.4500,true,1,142179
7290000300900,false,שניצל תירס מרכיבים טבעיים טבעול 750 גרם,עיצובים 2020 (4.8),,שניצל תירס הסדרה הקל,גרמים,750.00,100 גרם,false,,27.90,0.0372,true,1,135786
7290000311203,false,"וופלים בטעם שוקולד ""מן"" 200 גרם",תות ממתקי איכות,,וופלים בטעם שוקולד מ,גרמים,200.00,100 גרם,false,,5.50,0.0275,true,1,143517
7290000311210,false,"וופלים בטעם לימון ""מן"" 200 גרם","רוקחמן בע""מ",,ופל לימון מן 200 גרם,גרמים,200.00,100 גרם,false,,5.50,0.0275,true,1,143518
7290000311227,false,"וופלים במילוי קרם קפה ""מן"" 200 גרם","רוקחמן בע""מ",,וופלים עם קפה מן 200,גרמים,200.00,100 גרם,false,,5.50,0.0275,true,1,148017
7290000311500,false,מן וופלים בטעם שוקולד 500 ג-נ.ל.פ,"רוקחמן בע""מ",,ופלים שוקולד מן 500,גרמים,500.00,100 גרם,false,,9.90,0.0198,true,1,148020
7290000311708,false,מן עוגיות מחיטה מלאה 300 גרם*נ.ל.פ,תות ממתקי איכות,,עוגיות חיטה מלאה מן,גרמים,300.00,100 גרם,false,,7.90,0.0263,true,1,148010
7290000311715,false,מן עוגיות כוכבים בטעם שוקולד 300 גרם*נ.ל.פ,תות ממתקי איכות,,עוגיות כוכבים בטעם ש,גרמים,300.00,100 גרם,false,,7.90,0.0263,true,1,148011
7290000311869,false,מן וופלים שוקולד ללא תוספת סוכר 180 גר,תות ממתקי איכות,,ופלים בטעם שוקולד לל,גרמים,180.00,100 גרם,false,,9.90,0.0550,true,1,160649
7290000311876,false,מן-וופלים בטעם וניל ללא תוספת סוכר 180ג,"רוקחמן בע""מ",,ופלים בטעם וניל ללא,גרמים,180.00,100 גרם,false,,9.90,0.0550,true,1,160650
7290000313160,false,זהבה ושלושת הדובים עוגיות בטעם שוקולד אסם 350 גרם,"הגביע מוצרי וופלים בע""\מ",,עוגיות זהבה ושלושת ה,גרמים,250.00,100 גרם,false,,7.90,0.0316,true,1,139214
7290000313184,false,עוגיות חברים ביסקויט גן חיות 250 גרם,"הגביע מוצרי וופלים בע""\מ",,עוגיות גן חיות בטעם,גרמים,250.00,100 גרם,false,,7.90,0.0316,true,1,145203
7290000318127,false,"נקניקיות ביס 380 גרם ""יחיעם""",מעדני יחיעם 1993,,נקניקיות ביס ללא גלו,גרמים,380.00,100 גרם,false,,11.90,0.0313,true,1,142422
7290000318677,false,נקניק סלמי סרוולט יחיעם 150 גרם,מעדני יחיעם 1993,,סלמי סרוולט בפריסה ד,גרמים,150.00,100 גרם,false,,24.90,0.1660,true,1,142424
7290000318943,false,פסטרמה של פעם מעושן 1.5% יחיעם 200 גרם,תאי פרזידנט פוד פאבל,,פסטרמה של פעם יחיעם,גרמים,200.00,100 גרם,false,,23.90,0.1195,true,1,142425
7290000319063,false,כתף בקר מפולפל יחיעם 150 גרם,מעדני יחיעם,,כתף בקר מעושן בציפוי,גרמים,150.00,100 גרם,false,,24.90,0.1660,true,1,142426
7290000319131,false,נקניקיות עוף יחיעם 400 גרם,מעדני יחיעם 1993,,נקניקיות עוף ללא גלו,גרמים,400.00,100 גרם,false,,11.90,0.0298,true,1,152864
7290000319520,false,נקניק סלמי צרפתי יחיעם 100 גרם,מעדני יחיעם 1993,,סלמי בסגנון צרפתי 25,גרמים,100.00,100 גרם,false,,19.90,0.1990,true,1,142427
7290000336039,true,סיידר נקטר תפוח צלול,,,סיידר נקטר תפוח צלול,,0.00,,false,,0.00,0.0000,true,1,136074
7290000336046,true,סיידר נקטר תפוח מוגז,,,סיידר נקטר תפוח מוגז,,0.00,,false,,0.00,0.0000,true,1,136075
7290000339191,false,אבקת הלבנה רן ללא כל,יוניליוור ניקיון,,אבקת הלבנה רן 350 גר,גרמים,350.00,100 גרם,false,,17.90,0.0511,true,1,146955
7290000345291,false,תה ארל גריי 25 שקיקים ויסוצקי,תה ויסוצקי,,תה ארל גריי ויסוצקי,Unknown,25.00,יחידה,false,,15.90,0.6360,true,1,140189
7290000346120,false,חליטת קינמון הגן הקסום ויסוצקי 25 יחידות,תה ויסוצקי,,חליטת קסם הקינמון הג,Unknown,25.00,יחידה,false,,17.90,0.7160,true,1,142799
7290000346199,false,חליטת פירות יער הגן הקסום ויסוצקי 25 יחידות,תה ויסוצקי,,חליטת פירות וצמחים פ,Unknown,25.00,יחידה,false,,17.90,0.7160,true,1,142801
7290000346205,false,חליטת קמומיל הגן הקסום ויסוצקי 25 יחידות,תה ויסוצקי,,חליטת גן קסום קמומיל,Unknown,25.00,יחידה,false,,17.90,0.7160,true,1,140190
7290000347738,false,תה ירוק נענע ויסוצקי 25 יחידות,תה ויסוצקי,,תה ירוק נענע ויסוצקי,Unknown,25.00,יחידה,false,,24.90,0.9960,true,1,140192
7290000347752,false,תה ירוק לימונית ולואיזה 25 שקיקים *1.5 ג'' ויסוצקי,תה ויסוצקי,,תה ירוק לימונית ולוא,Unknown,25.00,יחידה,false,,24.90,0.9960,true,1,140193
7290000359410,true,נקטר מנגו 1 ליטר,,,נקטר מנגו 1 ליטר,,0.00,,false,,5.00,0.0000,true,1,132526
7290000363363,false,קבנוס נקניק מעושן יבש 160 גרם,הנסיך- מפעל לייצור ט,,קבנוס מיוחד טירת צבי,גרמים,160.00,100 גרם,false,,14.90,0.0931,true,1,145737
7290000363707,true,גריסים 500 גרם,,,גריסים 500 גרם,,0.00,,false,,5.00,0.0000,true,1,133522
7290000363899,false,נקניקיות פיקנטיות טירת צבי 400 גרם,טירת צבי - מדף,,נקניקיות הודו פיקנטי,גרמים,400.00,100 גרם,false,,13.90,0.0348,true,1,147768
7290000364292,false,דקניקים סלסולי פסטרמה הודו על גחלים 1% טירת צבי 120 גרם,הנסיך- מפעל לייצור ט,,דקניקים פסטרמה הודו,גרמים,120.00,100 גרם,false,,14.90,0.1242,true,1,141112
7290000364858,false,"נקניקיות עוף טרי 1 ק""ג טירת צבי",הנסיך- מפעל לייצור ט,,"נקנ' עוף טרי 1 ק""ג",פריט,1.00,"ק""ג",false,,23.90,23.9000,true,1,145706
7290000364872,false,נקניקיות עוף טירת צבי 400 גרם,טיב טירת צבי 2000,,נקניקיות עוף 400 גרם,גרמים,400.00,100 גרם,false,,11.90,0.0298,true,1,145707
7290000367590,false,פסטרמה כפרית וסלמי פריזר כפרי טירת צבי 2*400 גרם,טיב טירת צבי 2000,,פסטרמה כפרית וסלמי פ,גרמים,800.00,100 גרם,false,,29.90,0.0374,true,1,145738
7290000377612,false,מיץ תפוזים סחוט טבעי פריגת 400 מל,מיוצר עי קונדיטוריית,,מיץ פריגת סחוט תפוזי,מיליליטרים,400.00,"100 מ""ל",false,,9.90,0.0248,true,1,138988
7290000408316,false,יוגורט דנונה דל לקטוז 200 גרם,מיוצר עי קונדיטוריית,,יוגורט דנונה ביו 3%,גרמים,200.00,100 גרם,false,,3.70,0.0185,true,1,142240
7290000408354,false,יוגורט עם אורז מצופה שוקולד קקאו 175 ג' דנונה,"שטראוס בריאות בע""\מ",,דנונה בר פצפוצים 173,גרמים,173.00,100 גרם,false,,4.60,0.0266,true,1,132809
7290000411392,true,שמן זית כתית מעולה1,,,שמן זית כתית מעולה1,,0.00,,false,,5.00,0.0000,true,1,132664
7290000411644,true,דבש פרחי בר 120 גרם,,,דבש פרחי בר 120 גרם,,0.00,,false,,5.00,0.0000,true,1,132665
7290000412481,false,נוזל לניקוי אסלות 00 סנו 1 ליטר,מיוצר עי קונדיטוריית,,"סנו מנקה אסלות ""00""",מיליליטרים,1000.00,"100 מ""ל",false,,8.90,0.0089,true,1,141291
7290000412481,false,נוזל לניקוי אסלות 00 סנו 1 ליטר,מיוצר עי קונדיטוריית,,"סנו מנקה אסלות ""00""",מיליליטרים,1000.00,"100 מ""ל",false,,8.90,0.0089,true,1,139078
7290000416021,false,ממרח בטעם שוקולד השחר חלבי 500,השחר העולה,,ממרח שוקולד השחר 500,גרמים,500.00,100 גרם,false,,13.90,0.0278,true,1,140611
7290000419107,false,לנדוור קפה מקורי לבוקר טחון טורקי 100 גרם,"קפה לנדוור בע""\מ",,קפה שחור לנדוור המקו,גרמים,100.00,100 גרם,false,,8.90,0.0890,true,1,143581
7290000420325,false,"פופסטאר פופקורן למקירוגל בטעם טבעי 5 שקיות,500 גרם",פרסטון פארמס,,פופקורן טבעי למיקרוג,Unknown,5.00,יחידה,false,,13.90,2.7800,true,1,140766
7290000420332,false,פופסטאר פופקורן למיקרוגל בטעם חמאה 5 יחידות 500 גרם,פרסטון פארמס,,פופקורן חמאה למיקרוג,Unknown,5.00,יחידה,false,,13.90,2.7800,true,1,140767
7290000432489,true,נרות חנוכה לוקס,,,נרות חנוכה לוקס,,0.00,,false,,0.00,0.0000,true,1,135322
7290000432694,true,נר שבת מספר 20,,,נר שבת מספר 20,,0.00,,false,,5.00,0.0000,true,1,135684
7290000450209,false,פוסידון טונה בהירה בשמן 77 גרם,"מיוצר עי וליגר בעמ,",,טונה פוסידון 108 גרם,גרמים,108.00,100 גרם,false,,5.90,0.0546,true,1,140839
7290000453798,false,שמרים יבשים אקטיביים שימרית 500 ג',"גי' בי' רכיבים בע""מ",,שמרים יבשים אקטיבים,גרמים,500.00,100 גרם,false,,14.90,0.0298,true,1,141349
7290000453866,false,נטורינה תחליף מרגרינה לבישול ואפיה קוקוס שמרית 200 גרם,גרונבאנג- גרונדנסק א,,נטורינה קוקוס לאפייה,גרמים,200.00,100 גרם,false,,8.50,0.0425,true,1,141483
7290000461625,false,בייגלה שמיניות מלח בייגל בייגל 400 ג',בייגל את בייגל מזון 198),,בייגלה שמיניות חטיף,גרמים,400.00,100 גרם,false,,10.40,0.0260,true,1,139011
7290000463353,true,מפעל-טבעול שוארמה מן,,,מפעל-טבעול שוארמה מן,,0.00,,false,,2999.90,0.0000,true,1,135412
7290000467320,false,מלך החומוס אבו מרוואן 400 גרם,סלטי צבר,,סלט חומוס אבו מרוואן,גרמים,400.00,100 גרם,false,,13.90,0.0348,true,1,143584
7290000467511,false,ביסלי חטיף ברביקיו אסם 55 ג',"אסם השקעות בע""מ",,ביסלי ברביקיו 55 גרם,גרמים,55.00,100 גרם,false,,3.90,0.0709,true,1,132998
7290000467887,false,ביסלי בטעם פיצה 55 גרם אסם,"אסם השקעות בע""מ",,ביסלי פיצה 55 גרם,גרמים,55.00,100 גרם,false,,3.90,0.0709,true,1,145211
7290000468747,false,ביסלי חטיף גריל אסם 55 ג',"אסם השקעות בע""מ",,ביסלי גריל 55 גרם,גרמים,55.00,100 גרם,false,,3.90,0.0709,true,1,132999
7290000468877,false,ביסלי בטעם בצל 55 גרם אסם,"אסם השקעות בע""מ",,ביסלי בצל 55 גרם,גרמים,55.00,100 גרם,false,,3.90,0.0709,true,1,139216
7290000469638,false,"ספריי לגיהוץ קל מריטו 500 מ""ל",בולטון מניטובה,,ספריי לגיהוץ מריטו 5,מיליליטרים,500.00,"100 מ""ל",false,,23.90,0.0478,true,1,150939
7290000474090,false,"חלב בקרטון 1%- 1 ליטר בד""צ - מוצר בפיקוח",מילקו תעשיות בעמ,,חלב בקרטון 1% - 1 לי,מיליליטרים,1000.00,"100 מ""ל",false,,5.86,0.0059,true,1,135569
7290000474373,false,"שמנת חמוצה 15% שומן 200 מ""ל טרה",קריות זול,,שמנת חמוצה לבישול וא,מיליליטרים,200.00,"100 מ""ל",false,,2.40,0.0120,true,1,151961
7290000474502,false,גבינה לבנה טרה 5% מרכיבים טבעיים,הפריט בפיקוח,,גבינה לבנה 5% טרה 25,גרמים,250.00,100 גרם,false,,4.98,0.0199,true,1,144310
7290000474540,false,טוב טעם גבינה לבנה 3% טרה 250 גרם,קריות זול,,גבינה לבנה חצי קשה 3,גרמים,250.00,100 גרם,false,,11.70,0.0468,true,1,151796
7290000480107,false,קוואקר שיבולת שועל פחית 500 גרם,וולקרס סנקס לימיטד,,שיבולת שועל הולנדי ק,גרמים,500.00,100 גרם,false,,13.90,0.0278,true,1,139473
7290000480442,false,קוואקר שיבולת שועל בשקית 500 גרם,פריטו ליי FRITO-LAY,,קוואקר שיבולת שועל ש,גרמים,500.00,100 גרם,false,,12.80,0.0256,true,1,140070
7290000484747,false,עראק עלית 700 מל 40% כהל,יקב הגליל יוסף גולד ובניו,,"ערק עלית הארק 700 מ""",מיליליטרים,700.00,"100 מ""ל",false,,59.90,0.0856,true,1,147024
7290000484747,false,עראק עלית 700 מל 40% כהל,יקב הגליל יוסף גולד ובניו,,"ערק עלית הארק 700 מ""",מיליליטרים,700.00,"100 מ""ל",false,,59.90,0.0856,true,1,146975
7290000493176,false,אסם אבקת רוטב צלי לבשר 22 ג',"אסם השקעות בע""\מ",,אסם אבקת רוטב צלי לב,גרמים,22.00,100 גרם,false,,4.50,0.2045,true,1,139217
7290000493183,false,אבקת רוטב פטריות לבשר-30 גרם,"אסם השקעות בע""\מ",,אסם אבקת רוטב פטריות,גרמים,30.00,100 גרם,false,,4.00,0.1333,true,1,132666
7290000493831,true,מפעל-גונדולה קלאסיק,,,מפעל-גונדולה קלאסיק,,0.00,,false,,5.00,0.0000,true,1,134910
7290000494616,true,שוקו 250 גרם,,,שוקו 250 גרם,,0.00,,false,,0.00,0.0000,true,1,133356
7290000503790,true,מגבוני האגיס נטורל7,,,מגבוני האגיס נטורל7,,0.00,,false,,5.00,0.0000,true,1,133132
7290000504025,false,ממתיק סוכרזית פטרייה עלית 300 גרם,אף.סי תבליני בגליל ב,,סוכרזית קלאסי פטרייה,Unknown,300.00,יחידה,false,,8.90,0.0297,true,1,140583
7290000504278,false,ממתיק סוכרזית אריזת פטנט 700 טבליות,אף.סי תבליני בגליל ב,,סוכרזית קלאסי פטנט 7,Unknown,700.00,יחידה,false,,14.90,0.0213,true,1,140584
7290000514567,true,תירס מתוק 550 גרם,,,תירס מתוק 550 גרם,,0.00,,false,,5.00,0.0000,true,1,132655
7290000521008,false,יין אדום יבש של סגל750מל,"כרמי צבי - אחים סגל בע""\",,יין אדום יבש יקבי סג,מיליליטרים,750.00,"100 מ""ל",false,,21.90,0.0292,true,1,142522
7290000521022,false,"של סגל, יין לבן חצי יבש 750 מ""ל",פארייפאבה אגרואינדוס,,יין לבן חצי יבש יקבי,מיליליטרים,750.00,"100 מ""ל",false,,21.90,0.0292,true,1,142524
7290000522104,true,חלב עמיד 1 3%- ליטר,,,חלב עמיד 1 3%- ליטר,,0.00,,false,,0.00,0.0000,true,1,133980
7290000522111,true,חלב עמיד 1 1%- ליטר,,,חלב עמיד 1 1%- ליטר,,0.00,,false,,0.00,0.0000,true,1,133973
7290000522403,true,קצפת צמחית 250 גרם,,,קצפת צמחית 250 גרם,,0.00,,false,,5.00,0.0000,true,1,132921
7290000522425,true,"רוטב רוזה 250 מ""ל",,,"רוטב רוזה 250 מ""ל",,0.00,,false,,2999.00,0.0000,true,1,136737
7290000522999,true,חלב אורז 1 ליטר,,,חלב אורז 1 ליטר,,0.00,,false,,5.85,0.0000,true,1,135902
7290000523224,false,מלח הארץ הים האדום 500 ג' עדין,"חברת מלח הארץ אילת בע""\מ",,מלח ים דק מלח הארץ 5,גרמים,500.00,100 גרם,false,,7.90,0.0158,true,1,138674
7290000525143,true,מיץ עגבניות 1 ליטר,,,מיץ עגבניות 1 ליטר,,0.00,,false,,5.00,0.0000,true,1,132527
7290000525938,true,נקטר תפוזים 1 ליטר,,,נקטר תפוזים 1 ליטר,,0.00,,false,,5.00,0.0000,true,1,132528
7290000525952,true,נקטר תפוחים 1 ליטר,,,נקטר תפוחים 1 ליטר,,0.00,,false,,5.00,0.0000,true,1,132529
7290000525969,false,מיץ תפוזים סחוט רכיבים טבעיים פרימור 1 ליטר,"גניר (1992) בע""מ",,מיץ תפוזים סחוט פרי,מיליליטרים,1000.00,"100 מ""ל",false,,16.20,0.0162,true,1,141494
7290000529219,true,תה קמומיל,,,תה קמומיל,,0.00,,false,,0.00,0.0000,true,1,133594
7290000529424,true,תה ירוק לימונית לואי,,,תה ירוק לימונית לואי,,0.00,,false,,0.00,0.0000,true,1,133595
7290000529509,true,תה ארל גריי,,,תה ארל גריי,,0.00,,false,,0.00,0.0000,true,1,135180
7290000529707,true,תה אנגלי קלאסי,,,תה אנגלי קלאסי,,0.00,,false,,0.00,0.0000,true,1,135181
7290000529714,true,תה ארל גריי,,,תה ארל גריי,,0.00,,false,,0.00,0.0000,true,1,133596
7290000529851,true,תה ירוק נענע,,,תה ירוק נענע,,0.00,,false,,0.00,0.0000,true,1,133597
7290000530413,false,המבורגר זהב זוגלובק 400 גרם,נקניק נהריה כשר זוגל,,המבורגר זהב 400 גרם,גרמים,400.00,100 גרם,false,,19.90,0.0497,true,1,140132
7290000530703,false,פסטרמה חרמון כפרית ונקניק תה מעושן זוגלובק 2*400 גרם,נקניק נהריה כשר זוגל,,תה מעושן 400 גרם + פ,גרמים,800.00,100 גרם,false,,29.90,0.0374,true,1,140133
7290000536743,false,שניצלונים קריספי ט. תירס 500 גר' זוגלובק,נקניק נהריה כשר זוגל,,קריספי סטיקס תירס 50,גרמים,500.00,100 גרם,false,,17.90,0.0358,true,1,140136
7290000537566,false,נקניקיות עוף טרי 400 ג' זוגלובק,נקניק נהריה כשר זוגל,,נקניקיות עוף זוגלובק,גרמים,400.00,100 גרם,false,,12.90,0.0323,true,1,140137
7290000538709,false,נקניק סלמי תה מעושן זוגלובק 200 גרם,זוגלובק,,תה מעושן זוגלובק 200,גרמים,200.00,100 גרם,false,,14.90,0.0745,true,1,141816
7290000547299,true,אבקת סוכר 100 גרם,,,אבקת סוכר 100 גרם,,0.00,,false,,0.00,0.0000,true,1,136384
7290000552194,false,קישקע טיבון ויל 500 גרם,טיבון ויל אחזקות בעמ,,קישקע טיבון ויל 500,גרמים,500.00,100 גרם,false,,12.90,0.0258,true,1,142331
7290000552194,false,קישקע טיבון ויל 500 גרם,טיבון ויל אחזקות בעמ,,קישקע טיבון ויל 500,גרמים,500.00,100 גרם,false,,12.90,0.0258,true,1,145515
7290000554402,false,מעדן חלב מלבי גד 160 גרם,"מיוצר ע""\י קוד יצרן EDNK",,מעדן חלב מלבי גד 160,גרמים,160.00,100 גרם,false,,5.50,0.0344,true,1,140700
7290000554457,false,גבינה צפתית 5% 350 גרם - רבנות,"מחלבות גד בע""\מ",,גבינה צפתית 5% גד 35,גרמים,350.00,100 גרם,false,,21.90,0.0626,true,1,140703
7290000554471,false,נקניק מוצרלה 22 אחוז 180גרם גד מהדרין,"מחלבות גד בע""\מ",,גבינת מוצרלה 22% גד,גרמים,180.00,100 גרם,false,,17.90,0.0994,true,1,140704
7290000554532,false,גבינה צפתית מעודנת במלח ים 5% 200 ג' גד,הנסיך- מפעל לייצור ט,,צפתית מעודנת 5% מחלב,גרמים,200.00,100 גרם,false,,14.60,0.0730,true,1,135734
7290000554600,false,מוצרלה מגורדת 22 אחוז 300גרם גד מהדרין,מחלבות גד בעמ,,גבינת מוצרלה מגורדת,גרמים,300.00,100 גרם,false,,24.90,0.0830,true,1,140705
7290000554686,false,גבינת לאבנה בתוספת שמן זית וזעתר 5% גד 250 גרם,מחלבות גד בעמ,,גבינת לאבנה בשמן זית,גרמים,250.00,100 גרם,false,,15.00,0.0600,true,1,135736
7290000554822,false,ריקוטה גבינה לבנה בסגנון איטלקי 5% גד 250 גרם,מחלבות גד בעמ,,ריקוטה 5% 250 גרם,גרמים,250.00,100 גרם,false,,14.90,0.0596,true,1,135737
7290000554839,false,מסקרפונה שמנת מתוקה קשה בסגנון איטלקי 40% גד 250 גרם,מחלבות גד בעמ,,גבינת מסקרפונה 40% ג,גרמים,250.00,100 גרם,false,,19.90,0.0796,true,1,140706
7290000571386,false,המחלבה יוגורמה יוגורט מחלב כבשים 5% 850 גרם,גבינות משק אחים מאיר בית,,יוגורט כבשים 850 גרם,גרמים,850.00,100 גרם,false,,24.90,0.0293,true,1,140342
7290000572208,false,חלוה בטעם וניל אחווה 100 גרם,שוורצקוף& הנקל דיסלד,,חלווה אחווה 100 גרם,גרמים,100.00,100 גרם,false,,2.90,0.0290,true,1,133451
7290000602226,false,ביצי חופש גדולות L ת,,,ביצי חופש גדולות L ת,Unknown,12.00,יחידה,false,,21.90,1.8250,true,1,158723
7290000604022,false,ביצים גדולות L תנובה 12 יחידות,ביצי תנובה,,12 ביצים L גדול,Unknown,12.00,יחידה,false,,12.05,1.0042,true,1,148567
7290000604022,false,ביצים גדולות L תנובה 12 יחידות,ביצי תנובה,,12 ביצים L גדול,Unknown,12.00,יחידה,false,,12.05,1.0042,true,1,139015
7290000654355,false,שקית גופיה רמי לוי ב,,,שקית גופיה רמי לוי ב,פריט,1.00,"ק""ג",false,,0.10,0.1000,true,1,149085
7290000663135,false,קוביות סלומון קפוא 100% דג 300 גרם תנובה,"צ'\ילה, Ll MONTT, PUERTO",,קוביות סלמון קפוא דג,גרמים,300.00,100 גרם,false,,29.90,0.0997,true,1,159022
7290000679440,false,"קמיל בלו משחת החתלה לתינוק ד""ר פישר 100 גרם",פישר מעבדות פרמצבטיות בע,,קמיל בלו משחה לתינוק,גרמים,100.00,100 גרם,false,,16.90,0.1690,true,1,141121
7290000688732,false,שישיית מי עדן 1.5 ליטר משפחתי,"מופק ממקור בזלתי עדן ,1",,מים מינרליים מי עדן,מיליליטרים,9000.00,"100 מ""ל",false,,14.70,0.0016,true,1,136601
7290000692227,false,נוזל כלים פלמוליב צילינדר קלאסי 1 ליטר,יבואן ומשווק: ש. שסט,,נוזל לניקוי כלים 18%,מיליליטרים,1000.00,"100 מ""ל",false,,14.50,0.0145,true,1,143988
7290000741602,true,חטיף מיקספלקס טירמיס,,,חטיף מיקספלקס טירמיס,,0.00,,false,,5.00,0.0000,true,1,133785
7290000961804,false,תבלין עמבה,ברכת קטיף,,דלעת חתוכה,קילוגרמים,1.00,"ק""ג",true,,9.80,9.8000,true,1,146704
7290000966793,true,דובדבן לבן 250 גרם ב,,,דובדבן לבן 250 גרם ב,,0.00,,false,,0.00,0.0000,true,1,139580
7290000995410,false,נבטים סיניים נבטי העמק,נסטלה פורינה USA קר,,נבטים סיניים נבטי הע,Unknown,1.00,יחידה,false,,6.90,6.9000,true,1,146705
7290001045688,false,"מיץ תפוזים סחוט פרימור 400 מ""ל",פרימור,,משקה תפוזים פרימור 4,מיליליטרים,400.00,"100 מ""ל",false,,10.20,0.0255,true,1,134940
7290001045893,true,משקה לימון עם נענע1,,,משקה לימון עם נענע1,,0.00,,false,,5.00,0.0000,true,1,132530
7290001116548,true,מפעל-לחם קסטן דגנים,,,מפעל-לחם קסטן דגנים,,0.00,,false,,0.00,0.0000,true,1,134656
7290001121238,false,נקניק קורנדביף 4% יחיעם 180 גרם,מעדני יחיעם 1993,,קורנד ביף 180גר',גרמים,180.00,100 גרם,false,,24.90,0.1383,true,1,141082
7290001216040,false,טחינה גולמית שומשום טהור אל ארז 500 גרם,אגס ירוק מסחר ושירותים,,טחינה אל ארז שומשום,גרמים,500.00,100 גרם,false,,16.90,0.0338,true,1,143256
7290001216231,false,טחינה גולמית שומשום מלא אל ארז 500 גרם,אגס ירוק מסחר ושירותים,,טחינה אל ארז שומשום,גרמים,500.00,100 גרם,false,,17.20,0.0344,true,1,143796
7290001246023,false,ג'ל לכביסה כחול 3לי רמילוי,,,ג'ל לכביסה כחול 3 לי,מיליליטרים,3000.00,"100 מ""ל",false,,22.90,0.0076,true,1,144669
7290001246092,false,"טאצ' תרסיס מסיר שומנים 750 מ""ל",סאסאטק,,תרסיס מסיר שומנים 75,מיליליטרים,750.00,"100 מ""ל",false,,11.90,0.0159,true,1,144658
7290001246337,false,"ג'ל אסלות אורנים טאצ' 750 מ""ל",,,ג'ל אסלות אורנים 750,מיליליטרים,750.00,"100 מ""ל",false,,10.90,0.0145,true,1,144670
7290001246764,false,נוזל רצפות ספא מפנק טאצ' 2 ליטר,,,נוזל רצפות ספא טאצ 2,מיליליטרים,2000.00,"100 מ""ל",false,,18.90,0.0094,true,1,159862
7290001246801,false,נוזל רצפות פרקט טאצ' 2 ליטר,,,נוזל רצפות פרקט טאצ,מיליליטרים,2000.00,"100 מ""ל",false,,18.90,0.0094,true,1,159863
7290001247099,false,קרטונית נקטר ספרינג מנגו 1 ליטר,יפאורה שותפות מובגלת לשיווק,,קרטוניות ספרינג מנגו,מיליליטרים,1000.00,"100 מ""ל",false,,6.80,0.0068,true,1,134139
7290001247112,false,קרטונית נקטר ספרינג לימונענע 1 ליטר,יפאורה שותפות מובגלת לשיווק,,ספרינג קרטוניות לימו,מיליליטרים,1000.00,"100 מ""ל",false,,6.80,0.0068,true,1,134140
7290001247129,false,נקטר ספרינג תפוזים קרטונית 1 ל',יפאורה שותפות מובגלת לשיווק,,ספרינג קרטוניות תפוז,מיליליטרים,1000.00,"100 מ""ל",false,,6.80,0.0068,true,1,134141
7290001247143,false,קרטונית נקטר ספרינג תפוחים 1 ליטר,יפאורה שותפות מובגלת לשיווק,,נקטר תפוחים בקרטון ס,מיליליטרים,1000.00,"100 מ""ל",false,,6.80,0.0068,true,1,134142
7290001258576,false,גאודה ואקום יעקובס 200 גרם,גבינות משק יעקבס,,גבינת גאודה יעקבס 20,גרמים,200.00,100 גרם,false,,19.70,0.0985,true,1,139896
7290001258668,false,גבינת עז מה 5% יעקבס 250 גרם,גבינות משק יעקבס,,גבינת עז מה 5% יעקבס,גרמים,250.00,100 גרם,false,,14.90,0.0596,true,1,139897
7290001258682,false,"יוגורט עיזים באריזה 500 מ""ל",גבינות משק יעקבס,,יעקבס יוגורט עיזים 3,מיליליטרים,500.00,"100 מ""ל",false,,13.30,0.0266,true,1,139898
7290001258774,false,מוצרלה בייבי 150 גרם יעקובס,גבינות משק יעקבס,,מוצרלה בייבי 150 גרם,גרמים,150.00,100 גרם,false,,12.90,0.0860,true,1,147039
7290001258958,false,מוצרלה מגורדת יעקבס 200 גרם,גבינות משק יעקבס,,מוצרלה מגורדת 200 גר,גרמים,200.00,100 גרם,false,,22.50,0.1125,true,1,139901
7290001258972,false,גבינת חלומי בואקום 2,גבינות משק יעקבס,,חלומי ואקום 200 גרם,גרמים,200.00,100 גרם,false,,17.90,0.0895,true,1,139902
7290001271179,true,חוט דנטלי עם ידית40,,,חוט דנטלי עם ידית40,,0.00,,false,,5.00,0.0000,true,1,132518
7290001302279,false,אוסם - במבה קלאסי 60 גרם,מיוצר עי קונדיטוריית,,במבה קלאסי 60 גרם,גרמים,60.00,100 גרם,false,,4.30,0.0717,true,1,133000
7290001302729,true,מפעל-לחם קסטן סובין,,,מפעל-לחם קסטן סובין,,0.00,,false,,0.00,0.0000,true,1,134753
7290001305188,false,"נוזל לניקוי כלים בריח לימון פלמוליב 750 מ""ל",יבואן ומשווק: ש. שסט,,נוזל לניקוי כלים 18%,מיליליטרים,750.00,"100 מ""ל",false,,11.90,0.0159,true,1,143099
7290001343982,true,גרנולה 240 גרם,,,גרנולה 240 גרם,,0.00,,false,,5.00,0.0000,true,1,132895
7290001407141,true,מפעל-טחינה 100% שומש,,,מפעל-טחינה 100% שומש,,0.00,,false,,0.00,0.0000,true,1,134628
7290001407769,false,טחינה גולמית שומשום מלא בארכה 500 גרם,"רושדי תעשיות מזון בע""\מ",,בארכה טחינה 100% שומ,גרמים,500.00,100 גרם,false,,14.90,0.0298,true,1,141102
7290001419618,false,וופל בלגי עלמה שחור לבן וניל 200ג',"גילרו בע""מ",,ופלים בסגנון בלגי בט,גרמים,200.00,100 גרם,false,,3.50,0.0175,true,1,147630
7290001419779,false,"וופל קלאסי בטעם שוקולד ""עלמה"" 200 גרם","גילרו בע""מ",,ופלים בטעם שוקולד על,גרמים,200.00,100 גרם,false,,3.50,0.0175,true,1,147631
7290001436196,true,מפעל-ממרח אבוקדו,,,מפעל-ממרח אבוקדו,,0.00,,false,,0.00,0.0000,true,1,136482
7290001491010,false,תה ירוק יסמין ויסוצקי 25 יחידות,תה ויסוצקי,,תה ירוק יסמין ויסוצק,Unknown,25.00,יחידה,false,,24.90,0.9960,true,1,145071
7290001567708,true,נקניקיות וינר 400 גר,,,נקניקיות וינר 400 גר,,0.00,,false,,12.90,0.0000,true,1,142429
7290001594155,false,"קוקה-קולה בבקבוק אישי 500 מ""ל",החברה המרכזית לייצור משקאות,,"קוקה קולה 500 מ""ל",מיליליטרים,500.00,"100 מ""ל",false,,6.50,0.0130,true,1,137970
7290001594179,false,"פאנטה אורנג' בבקבוק אישי 500 מ""ל",החברה המרכזית לייצור משקאות,,"פאנטה אורנג' 500 מ""ל",מיליליטרים,500.00,"100 מ""ל",false,,6.50,0.0130,true,1,137973
7290001594384,false,פריגת אשכוליות 0.5 ליטר חייב בפקדון,מבשלות בירה בינלאומיות ב,,פריגת אשכוליות 500 מ,מיליליטרים,500.00,"100 מ""ל",false,,5.80,0.0116,true,1,138066
7290001594575,false,"בירה טובורג רד פחית 500 מ""ל",מבשלות בירה בינלאומיות ב,,בירה טובורג פחית 500,מיליליטרים,500.00,"100 מ""ל",false,,9.10,0.0182,true,1,138966
7290001594858,false,"שישייה בירה טובורג רד בקבוק 330 מ""ל",מבשלות בירה בינלאומיות ב,,טובורג רד שישיה 330,מיליליטרים,1980.00,"100 מ""ל",false,,39.90,0.0202,true,1,144761
7290001594865,false,"שישייה בירה קרלסברג בקבוק 330 מ""ל",מבשלות בירה בינלאומיות ב,,"קרלסברג שישיה 330 מ""",מיליליטרים,1980.00,"100 מ""ל",false,,41.70,0.0211,true,1,144762
7290001648155,false,קפה שחור רג'ואן 100,רוני רג'ואן ושות,,קפה שחור רג'ואן 100,גרמים,100.00,100 גרם,false,,5.90,0.0590,true,1,132543
7290001778203,true,כוס וניל סירופ שוקול,,,כוס וניל סירופ שוקול,,0.00,,false,,5.00,0.0000,true,1,133040
7290001779040,true,פרילי תות,,,פרילי תות,,0.00,,false,,5.00,0.0000,true,1,132935
7290001791349,false,אקונומיקה ריחנית סנו פיסגה 4 ליטר,"סנו מפעלי ברונוס בע""מ",,אקונומיקה ריחנית פיס,מיליליטרים,4000.00,"100 מ""ל",false,,11.90,0.0030,true,1,140533
7290001835562,true,מזון לכלב בוגר פטה ב,,,מזון לכלב בוגר פטה ב,,0.00,,false,,5.00,0.0000,true,1,133008
7290001835579,true,מזון לכלב בוגר פטה כ,,,מזון לכלב בוגר פטה כ,,0.00,,false,,5.00,0.0000,true,1,133009
7290001865439,false,פמילי אל סבון נוזלי בניחוח וניל 1 ליטר,אף.סי תבליני בגליל ב,,פמלי לקשרי 1ליטר וני,מיליליטרים,1000.00,"100 מ""ל",false,,11.90,0.0119,true,1,151041
7290001989425,true,מפעל-פרוסות חציל נקי,,,מפעל-פרוסות חציל נקי,,0.00,,false,,2999.90,0.0000,true,1,134786
7290001989724,true,מפעל-קוביות בטטה מטו,,,מפעל-קוביות בטטה מטו,,0.00,,false,,0.00,0.0000,true,1,136822
7290002008040,true,"שיפודי עץ 30 ס""מ",,,"שיפודי עץ 30 ס""מ",,0.00,,false,,5.00,0.0000,true,1,132699
7290002008750,true,אבקת אפיה 10 יח' הנמ,,,אבקת אפיה 10 יח' הנמ,,0.00,,false,,5.00,0.0000,true,1,137778
7290002015086,true,מפעל-מלפפון בחומץ קו,,,מפעל-מלפפון בחומץ קו,קילוגרמים,1.00,"ק""ג",true,,2999.90,2999.9000,true,1,135525
7290002015673,true,מפעל-שיפקה לחץ 9 ליט,,,מפעל-שיפקה לחץ 9 ליט,קילוגרמים,1.00,"ק""ג",true,,2999.90,2999.9000,true,1,135637
7290002019787,false,רוטב עגבניות מרוכז מאוד 260 גרם פריניר,פריניר ( הדס 1987) ב,,פריניר רוטב עגבניות,גרמים,260.00,100 גרם,false,,3.90,0.0150,true,1,140633
7290002019794,false,רוטב עגבניות מרוכז מאוד 100 גרם פריניר,פריניר ( הדס 1987) ב,,רסק עגבניות פריניר 1,גרמים,100.00,100 גרם,false,,1.90,0.0190,true,1,140634
7290002024019,true,"מפעל-טחינה 3 ק""ג בקו",,,"מפעל-טחינה 3 ק""ג בקו",,0.00,,false,,2999.90,0.0000,true,1,134790
7290002027379,true,מיסטר אייס להקפאה 8,,,מיסטר אייס להקפאה 8,,0.00,,false,,5.00,0.0000,true,1,132580
7290002057017,false,זיתים נובו ענק A2 יבנה 330ג',שיוך למחסן 17,,זיתים נובו ענק יבנה,גרמים,540.00,100 גרם,false,,9.90,0.0183,true,1,140750
7290002057048,false,זית סורי מתובל בשמן קבוצת יבנה 560 גרם,קבוצת יבנה,,זית סורי מבוקע 540 ג,גרמים,540.00,100 גרם,false,,10.90,0.0202,true,1,140740
7290002057123,false,זיתים ירוקים מנזנילו קבוצת יבנה 560 גרם,קבוצת יבנה,,זית חרוזית ירוק 275,גרמים,275.00,100 גרם,false,,9.50,0.0345,true,1,140742
7290002057185,false,טבעות זיתים ירוקים קבוצת יבנה 275 גרם,קבוצת יבנה,,טבעות זיתים ירוקים ‏,גרמים,275.00,100 גרם,false,,9.90,0.0360,true,1,140744
7290002057352,false,מלפפונים במלח ‏9‏-‏7‏ קבוצת יבנה 320 גרם,קבוצת יבנה מוצרי מזון,,מלפפונים גדולים במלח,גרמים,320.00,100 גרם,false,,6.90,0.0216,true,1,134927
7290002057369,false,מלפפונים במלח ‏12‏-‏10‏ קבוצת יבנה 320 גרם,קבוצת יבנה,,מלפפון קטן במלח 540,גרמים,540.00,100 גרם,false,,7.90,0.0146,true,1,138156
7290002057383,false,מלפפון יבנה במלח קטנים מאוד 18-25 320 גר יבנה,קבוצת יבנה,,מלפפון קטן במלח 18-2,גרמים,540.00,100 גרם,false,,12.90,0.0239,true,1,140751
7290002057451,false,מלפפונים בחומץ ‏9‏-‏7 קבוצת יבנה 290 גרם,קבוצת יבנה מוצרי מזון,,מלפפון גדול בחומץ 7-,גרמים,540.00,100 גרם,false,,6.90,0.0128,true,1,135754
7290002057468,false,מלפפון יבנה בחומץ בינוניים 10-12 290 גרם,קבוצת יבנה,,מלפפון בחומץ 10-12 י,גרמים,290.00,100 גרם,false,,7.90,0.0272,true,1,140579
7290002057475,false,מלפפונים בחומץ ‏17‏-‏13 קבוצת יבנה 290 גרם,קבוצת יבנה,,מלפפון קטן בחומץ 13-,גרמים,560.00,100 גרם,false,,9.90,0.0177,true,1,140580
7290002057482,false,מלפפונים קטנים בחומץ קבוצת יבנה 560 גרם,קבוצת יבנה,,מלפפון בחומץ 18-25 -,גרמים,560.00,100 גרם,false,,12.90,0.0230,true,1,140713
7290002065555,false,שישיית לחמנייה הכי רכה בהפסקה אנג'ל 450 גרם,מאפיית שלמה א. אנג'\ל בע,,הלחמניה - לחמניות רכ,Unknown,6.00,יחידה,false,,11.90,1.9833,true,1,136351
7290002065555,false,שישיית לחמנייה הכי רכה בהפסקה אנג'ל 450 גרם,מאפיית שלמה א. אנג'\ל בע,,הלחמניה - לחמניות רכ,Unknown,6.00,יחידה,false,,11.90,1.9833,true,1,136878
7290002065616,false,לחם שיפון גרעינים פרוס אחדות 750 גרם,מאפיית שלמה א. אנג'\ל בע,,לחם שיפון גרעינים פר,גרמים,750.00,100 גרם,false,,12.90,0.0172,true,1,144867
7290002065951,true,מפעל-לחם קסטן לבן,,,מפעל-לחם קסטן לבן,,0.00,,false,,0.00,0.0000,true,1,134657
7290002079033,false,לחם דגנים לייט פרוס 500 גרם,מאפיית דוידוביץ ובניו בע,,לחם דגנים לייט 500 ג,גרמים,500.00,100 גרם,false,,12.90,0.0258,true,1,140627
7290002079217,false,מחמצת עם אגוזים שיפון 650 ג',מאפיית דוידוביץ ובני,,מחמצת עם אגוזים שיפו,גרמים,650.00,100 גרם,false,,13.90,0.0214,true,1,136158
7290002079361,false,לחמניות המבורגר חתוך 6+2*60 ג',מאפיית דוידוביץ ובני,,מארז המבורגר 2+6 יחי,Unknown,8.00,יחידה,false,,18.90,2.3625,true,1,142072
7290002079477,false,לחם אחיד פרוס דוידוב,מאפיית דוידוביץ ובניו בע,,לחם אחיד פרוס 750 גר,גרמים,750.00,100 גרם,false,,6.90,0.0092,true,1,144605
7290002079477,false,לחם אחיד פרוס דוידוב,מאפיית דוידוביץ ובניו בע,,לחם אחיד פרוס 750 גר,גרמים,750.00,100 גרם,false,,6.90,0.0092,true,1,132324
7290002079590,true,חלה רגילה 500 גרם,,,חלה רגילה 500 גרם,,0.00,,false,,5.00,0.0000,true,1,133164
7290002079996,false,לחם אחיד קל פרוס 750 גרם,מאפיית דוידוביץ ובני,,לחם אחיד קל פרוס 750,גרמים,750.00,100 גרם,false,,11.90,0.0159,true,1,140614
7290002109488,false,קבב 100% אמיתי טיבון ויל 440 גרם,"טיבון ויל אחזקות בע""\מ",,קבב אמיתי טיבון ויל,גרמים,440.00,100 גרם,false,,19.90,0.0452,true,1,158419
7290002128205,false,נרות לא נוטפים 45יח-מנורה,,,נרות חנוכה לוקס 45 י,Unknown,45.00,יחידה,false,,6.90,0.1533,true,1,144433
7290002130567,false,דבש דבורים טהור פרחי בר יד מרדכי 350 גרם,מכוורת יד מרדכי שטראוס ב,,דבש טהור יד מרדכי 35,גרמים,350.00,100 גרם,false,,18.90,0.0540,true,1,139475
7290002130574,false,דבש טהור מפרחי בר בזכוכית 500 ג' יד מרדכי,מכוורת יד מרדכי שטראוס ב,,דבש טהור 500 גרם,גרמים,500.00,100 גרם,false,,24.90,0.0498,true,1,141351
7290002130581,false,דבש בצנצנת יד מרדכי 1ק,מכוורת יד מרדכי שטראוס ב,,"דבש טהור 1 ק""ג",גרמים,1000.00,100 גרם,false,,42.90,0.0429,true,1,141352
7290002132011,false,עוגיות מזרחיות מלוחות עבאדי 400 גרם,מאפיית יוסף ושמחה עבאדי,,עוגיות מזרחיות עבאדי,גרמים,400.00,100 גרם,false,,19.90,0.0497,true,1,140194
7290002157182,false,אבקת ג'לטין טהור נטו,גואנגדונג מיניאנג,,אבקת ג'לטין טהור נטו,גרמים,28.00,100 גרם,false,,9.90,0.3536,true,1,148762
7290002157960,false,רביעיית טונה במים ויליגר 140 גרם,ויליגר,,רביעיית טונה במים 56,גרמים,560.00,100 גרם,false,,19.90,0.0355,true,1,145525
7290002232995,false,ציפוי לשניצל פז 500 גרם דגש,פ.פ.ח. שאביט,,דגש ציפוי פז 500 גרם,גרמים,500.00,100 גרם,false,,27.50,0.0550,true,1,148496
7290002259640,false,דיימונד רדיד אלומיניום צר 30 ס''מ 7.5 מ'-,ריינולדס מוצרי צריכה,,דיימונד רדיד אלומיני,Unknown,1.00,יחידה,false,,11.90,11.9000,true,1,139939
7290002276036,true,לחמניה מזרחית עם שומ,,,לחמניה מזרחית עם שומ,,0.00,,false,,2999.90,0.0000,true,1,134638
7290002277927,false,מעדניה - פילה אמנון,,,מעדניה - פילה אמנון,קילוגרמים,1.00,"ק""ג",true,,30.90,30.9000,true,1,150764
7290002278528,false,כריות ניקוי שבתכלין ביאנקו שייני 2 יחידות,מ.א ייצור ושיווק מטל,,שבת כלין,Unknown,2.00,יחידה,false,,8.60,4.3000,true,1,138653
7290002279211,false,חלה מתוקה ארוזה אלומ,,,חלה מתוקה ארוזה אלומ,גרמים,500.00,100 גרם,false,,10.90,0.0218,true,1,136381
7290002281436,false,סטייק דג טונה בהירה קפוא ללא עור,בין דין פישרי ויאטנם,,סטייק טונה בהירה,קילוגרמים,1.00,"ק""ג",true,,54.90,54.9000,true,1,147566
7290002321750,false,"פילה אמנון קפוא בד""ץ מאסטר פוד",,,מעדניה - פילה אמנון,קילוגרמים,1.00,"ק""ג",true,,30.90,30.9000,true,1,150765
7290002327059,false,"בצק עלים 1 ק""ג שלושת האופים קהילות",שלושת האופים,,בצק עלים מרודד שלושת,גרמים,1000.00,100 גרם,false,,21.90,0.0219,true,1,142335
7290002331018,false,"נביעות מים עם פקק ספורט 500מ""ל",נביעות טבע הגליל בעמ,,מים מינרלים נביעות 5,מיליליטרים,500.00,"100 מ""ל",false,,3.90,0.0078,true,1,133410
7290002331025,false,"מים מינרלים נביעות ספורט 500 מ""ל פקדון",נביעות טבע הגליל בעמ,,נביעות TO GO 500,מיליליטרים,500.00,"100 מ""ל",false,,3.90,0.0078,true,1,138652
7290002331360,false,"נביעות מים מינרליים טו גו מארז 500X6מ""ל",נביעות טבע,,נביעות TOGO שישייה 5,מיליליטרים,3000.00,"100 מ""ל",false,,14.90,0.0050,true,1,138352
7290002331490,false,מים מינרליים נביעות 1 ליטר,נביעות טבע הגליל בעמ,,נביעות 1 ליטר,מיליליטרים,1000.00,"100 מ""ל",false,,3.60,0.0036,true,1,144323
7290002342038,false,מיקרופייבר לניקוי והברקת זכוכיות,,,מיקרופייבר זכוכית JU,Unknown,1.00,יחידה,false,,8.50,8.5000,true,1,144860
7290002349044,false,ספוג הקסם שלישייה-רמ,,,ספוג הקסם שלישייה-רמ,Unknown,3.00,יחידה,false,,8.90,2.9667,true,1,152800
7290002349228,false,ספוג פלא עם שכבה ירוקה רמי לוי,,,ספוג פלא עם שכבה ירו,Unknown,1.00,יחידה,false,,8.90,8.9000,true,1,152541
7290002349907,false,מטלית רצפה מיקרופייבר,,,מיקרופייבר סחבה עם ח,Unknown,1.00,יחידה,false,,8.90,8.9000,true,1,161491
7290002352112,true,צמר גפן 100 גרם,,,צמר גפן 100 גרם,,0.00,,false,,5.00,0.0000,true,1,136367
7290002353836,false,סרדינים בשמן זית רוברט 115 גרם,קונסרבס פורטוגל נורטה,,סרדינים רוברט בשמן ז,גרמים,120.00,100 גרם,false,,8.90,0.0742,true,1,141663
7290002360285,false,חליטת צמחים פומפדור קמומיל 20 יחידות,TEEKANNE- POMPADOU,,חליטת צמחים קמומיל פ,גרמים,30.00,100 גרם,false,,15.90,0.5300,true,1,150976
7290002371533,false,דקניקים סלסולי פסטרמה דבש טירת צבי 120 גרם,הנסיך- מפעל לייצור ט,,סלסולי פסטרמה דבש 12,גרמים,120.00,100 גרם,false,,14.90,0.1242,true,1,141118
7290002381808,false,נר נשמה שלהבת 24 שעות,,,נר נשמה 24 שעות,Unknown,1.00,יחידה,false,,1.90,1.9000,true,1,161441
7290002385783,true,חלב גד 1 1% ליטר,,,חלב גד 1 1% ליטר,,0.00,,false,,5.00,0.0000,true,1,134522
7290002448822,true,מזון חתולים בטעם בק,,,מזון חתולים בטעם בק,,0.00,,false,,5.00,0.0000,true,1,133010
7290002488057,false,"תמר מגהול פרימיום 2 ק""",,,תמר מגהול פרימיום 2,פריט,2.00,"ק""ג",false,,44.90,22.4500,true,1,148887
7290002542506,false,"בקבוק בירה קורונה 355 מ""ל",קריניציה ויטמינה אס,,בירה קורונה בקבוק 35,מיליליטרים,355.00,"100 מ""ל",false,,7.90,0.0223,true,1,138474
7290002542773,false,"בירה סטלה ארטואה בקבוק 330 מ""ל","אינבב, ברוורייפליין",,בירה סטלה ארטואה 330,מיליליטרים,330.00,"100 מ""ל",false,,6.50,0.0197,true,1,159260
7290002542780,false,"שישייה בירה סטלה ארטואה בקבוק 330X6 מ""ל","אינבב, ברוורייפליין",,סטלה ארטואה שישיה -3,מיליליטרים,1980.00,"100 מ""ל",false,,37.90,0.0191,true,1,159261
7290002596677,false,מעדניה - פילה אמנון,,,מעדניה - פילה אמנון,קילוגרמים,1.00,"ק""ג",true,,30.90,30.9000,true,1,151366
7290002627616,false,פילה אמנון דלידג 7-9,מאומינג שינזו סאיפוד,,מעדניה - פילה אמנון,קילוגרמים,1.00,"ק""ג",true,,30.90,30.9000,true,1,151464
7290002627623,false,מעדניה - פילה אמנון,דלידג,,מעדניה - פילה אמנון,קילוגרמים,1.00,"ק""ג",true,,30.90,30.9000,true,1,151702
7290002657866,false,"פילה אמנון""דלידג מהדרין",גואנדונג יוג'יה סיפו,,מעדניה - פילה אמנון,קילוגרמים,1.00,"ק""ג",true,,30.90,30.9000,true,1,148961
7290002657866,false,"פילה אמנון""דלידג מהדרין",גואנדונג יוג'יה סיפו,,מעדניה - פילה אמנון,קילוגרמים,1.00,"ק""ג",true,,29.90,29.9000,true,1,151463
7290002663805,false,משקה שוופס מי טוניק,יפאורה שותפות מובגלת לשיווק,,שוופס טוניק 1.5 ליטר,מיליליטרים,1500.00,"100 מ""ל",false,,10.20,0.0068,true,1,143465
7290002692478,false,"שמן זית כתית מעולה קלאסי מעודן 750 מ""ל עץ הזית","מרקאולאו, ספרד.אבסה,",,שמן זית כתית מעולה מ,מיליליטרים,750.00,"100 מ""ל",false,,33.90,0.0452,true,1,152151
7290002703037,false,דבש 30 גרם,,,דבש 30 גרם,גרמים,30.00,100 גרם,false,,4.90,0.1633,true,1,161493
7290002710004,false,ביצים אורגניות מן הטבע 12 יחידות,מן הטבע בארותיים,,ביצים אורגניות מן הט,Unknown,12.00,יחידה,false,,22.90,1.9083,true,1,153283
7290002730262,false,"נוזל לניקוי כלים קלאסי פלמוליב 750 מ""ל",יבואן ומשווק: ש. שסט,,נוזל כלים 18% קלאסי,מיליליטרים,750.00,"100 מ""ל",false,,11.90,0.0159,true,1,141305
7290002730521,false,צימרוני אוזניים בלונס בקופסא 200 יח',קריות זול,,בלונס מקלות אוזניים,Unknown,200.00,יחידה,false,,5.90,0.0295,true,1,143990
7290002730675,false,"קולגייט משחת שיניים אדומה משפחתי 100 מ""ל",קולגייט פלמוליב,,קולגייט משחה אדומה מ,מיליליטרים,100.00,"100 מ""ל",false,,10.90,0.1090,true,1,141307
7290002735823,false,מלווח רמי לוי 700 גרם,ינון,,מלווח רמי לוי 700 גר,גרמים,700.00,100 גרם,false,,12.90,0.0184,true,1,141672
7290002741602,true,חטיף מיקספלקס טירמיס,,,חטיף מיקספלקס טירמיס,,0.00,,false,,5.00,0.0000,true,1,133851
7290002752332,false,"סוכריות מנטוס פירות בגליל, 37.5 גרם",הדקלאים אגודת שיתופי,,סוכריות בגליל בטעם פ,גרמים,37.50,100 גרם,false,,3.50,0.0933,true,1,134902
7290002752349,false,סוכריות מנטוס מנטה 40יח' בגליל 38ג',פרפטי ואן מלה,,סוכריות בגליל בטעם מ,גרמים,37.50,100 גרם,false,,3.50,0.0933,true,1,134903
7290002753223,false,רביעייה סוכריות תפוז 4*16 ג' טיק טק,פררו - אלבה,,טיק טק תפוז 4 רביעיי,Unknown,4.00,יחידה,false,,9.90,2.4750,true,1,152007
7290002781165,true,מפעל-מיונז אמיתי 5 ק,,,מפעל-מיונז אמיתי 5 ק,,0.00,,false,,2999.90,0.0000,true,1,135037
7290002781288,true,מפעל-רוטב ויניגרט10,,,מפעל-רוטב ויניגרט10,,0.00,,false,,0.00,0.0000,true,1,134715
7290002781349,true,מפעל-רוטב אלף האיים,,,מפעל-רוטב אלף האיים,,0.00,,false,,2999.90,0.0000,true,1,136341
7290002781424,true,מפעל-רוטב אלף האיים,,,מפעל-רוטב אלף האיים,,0.00,,false,,2999.90,0.0000,true,1,135216
7290002781738,true,מפעל-ממרח שוקולד למר,,,מפעל-ממרח שוקולד למר,,0.00,,false,,2999.90,0.0000,true,1,136485
7290002782131,false,"פנינה רוזנבלום - דאודורנט ספריי לאישה מס' 1 150 מ""ל",פנינה רוזנבלום,,דאודורנט מס' 1 150 מ,מיליליטרים,150.00,"100 מ""ל",false,,24.90,0.1660,true,1,142734
7290002793311,false,שירות והחלפה מילוי גז 60 סודהסטרים,סודה סטרים,,שירות והחלפה מילוי ג,Unknown,1.00,יחידה,false,,55.90,55.9000,true,1,148973
7290002824183,false,"גבינה לבנה סקי 500 גרם 5% ""שטראוס"" -מוצר בפיקוח",מיוצר עי קונדיטוריית,,גבינה לבנה סקי 5% 50,גרמים,500.00,100 גרם,false,,9.95,0.0199,true,1,136252
7290002824466,false,יוגורט דנונה ביו לבן 0% שומן 200 גרם,"שטראוס בריאות בע""\מ",,דנונה ביו 0% 200 גרם,גרמים,200.00,100 גרם,false,,3.70,0.0185,true,1,142242
7290002824640,false,"גבינת סקי 250 גרם 5% ""שטראוס"" -מוצר בפיקוח",מיוצר עי קונדיטוריית,,גבינה לבנה סקי 5% שט,גרמים,250.00,100 גרם,false,,4.98,0.0199,true,1,140234
7290002868996,false,"קוטג' 5% שומן, רכיבים טבעיים, 250 גרם",קריות זול,,גבינת קוטג' מועשר 5%,גרמים,250.00,100 גרם,false,,5.50,0.0220,true,1,135755
7290002881483,true,מיני פתי בר 400 גרם,,,מיני פתי בר 400 גרם,,0.00,,false,,0.00,0.0000,true,1,133387
7290002881568,true,"עלי גפן ממולאים 2 ק""",,,"עלי גפן ממולאים 2 ק""",,0.00,,false,,0.00,0.0000,true,1,136792
7290002881803,false,שמן קנולה מזוכך 1 ליטר,,,שמן קנולה 1 ליטר תומ,מיליליטרים,1000.00,"100 מ""ל",false,,10.90,0.0109,true,1,155095
7290002909361,true,"צ""יפס 350 גרם",,,"צ""יפס 350 גרם",,0.00,,false,,5.00,0.0000,true,1,132754
7290002921349,false,לוקטייט סופר גלו 3 - זוגי,יעקובי סופר גלו,,לוקטייט סופר גלו 3 -,גרמים,4.00,100 גרם,false,,13.90,3.4750,true,1,156895
7290002929499,false,מעדניה - פילה אמנון,,,מעדניה - פילה אמנון,קילוגרמים,1.00,"ק""ג",true,,30.90,30.9000,true,1,150766
7290002929642,false,רביעיית טונה בשמן ויליגר 140 גרם,דיאמנט פוד פרודקט קו,,טונה ויליגר שמן 4*14,גרמים,560.00,100 גרם,false,,19.90,0.0355,true,1,140928
7290002972419,true,קמח חיטה לבן שטיבל 1,,,קמח חיטה לבן שטיבל 1,,0.00,,false,,5.00,0.0000,true,1,135495
7290003001064,false,מעדניה - פילה אמנון,,,מעדניה - פילה אמנון,קילוגרמים,1.00,"ק""ג",true,,30.90,30.9000,true,1,151914
7290003009183,false,"סירופ דיאט תפוחים בקבוק 750 מ""ל",סירופ - גבעת חיים,,סירופ דיאט תפוחים 75,מיליליטרים,750.00,"100 מ""ל",false,,24.20,0.0323,true,1,151390
7290003009640,false,מיץ תפוזים סחוט רכיבים טבעיים פריגת 1 ליטר,פריגת מצוננים,,מיץ תפוזים פריגת סחו,מיליליטרים,1000.00,"100 מ""ל",false,,16.20,0.0162,true,1,138445
7290003029181,false,משקה יטבתה שוקו' בקבוק 1ל מהדרין,שטראוס גרופ,,שוקו בבקבוק 2% יטבתה,מיליליטרים,1000.00,"100 מ""ל",false,,11.90,0.0119,true,1,142243
7290003029389,false,"משקה חלב בננה פקק ספורט 250 מ""ל יוטבתה",שטראוס גרופ,,משקה חלב בננה 2% פקק,מיליליטרים,250.00,"100 מ""ל",false,,5.50,0.0220,true,1,142245
7290003029433,false,"משקה יטבתה שוקו פקק 250 מ""ל מהדרין",שטראוס גרופ,,שוקו יטבתה 2% פקק יט,גרמים,250.00,100 גרם,false,,5.50,0.0220,true,1,133987
7290003047642,false,תה שחור יילו לייבל 100*1.5 ג' שקיק ליפטון,"יונילוור רוסייה בע""מ",,תה ליפטון יילו לייבל,גרמים,150.00,100 גרם,false,,12.90,0.0860,true,1,137904
7290003054657,false,חרדל ריין דיז'ון אקסטרה פורטה 370 גרם,מרום את קונפינו,,חרדל דיזון אקסטרא פו,גרמים,370.00,100 גרם,false,,11.90,0.0322,true,1,143292
7290003060009,false,"קמח חיטה לבן בהיר טחנות ישראליות 1 ק""ג",טחנות ישראליות,,קמח חיטה לבן בהיר 1,גרמים,1000.00,100 גרם,false,,4.50,0.0045,true,1,143262
7290003060023,false,"סולת חיטה 1 ק""ג מטחנות ישראליות",טחנות ישראליות,,"סולת חיטה 1 ק""ג",גרמים,1000.00,100 גרם,false,,5.90,0.0059,true,1,143263
7290003081561,true,אל סבון הלו קיטי500,,,אל סבון הלו קיטי500,,0.00,,false,,5.00,0.0000,true,1,134016
7290003091263,true,צוואר טלה חלק,,,צוואר טלה חלק,קילוגרמים,1.00,"ק""ג",true,,0.00,0.0000,true,1,137603
7290003091294,true,רבע קדמי עגל כשר,,,רבע קדמי עגל כשר,קילוגרמים,1.00,"ק""ג",true,,0.00,0.0000,true,1,137604
7290003091461,true,קיט כתף כשר,,,קיט כתף כשר,קילוגרמים,1.00,"ק""ג",true,,0.00,0.0000,true,1,137605
7290003091522,true,"צוואר/צלעות ע""ע כשר",,,"צוואר/צלעות ע""ע כשר",קילוגרמים,1.00,"ק""ג",true,,0.00,0.0000,true,1,137606
7290003091591,true,כבד עגל כשר,,,כבד עגל כשר,קילוגרמים,1.00,"ק""ג",true,,0.00,0.0000,true,1,137607
7290003091607,true,בשר ראש כשר,,,בשר ראש כשר,קילוגרמים,1.00,"ק""ג",true,,0.00,0.0000,true,1,137608
7290003091614,true,ריאות עגל כשר,,,ריאות עגל כשר,קילוגרמים,1.00,"ק""ג",true,,0.00,0.0000,true,1,137609
7290003091737,true,פילה עגל כשר,,,פילה עגל כשר,קילוגרמים,1.00,"ק""ג",true,,0.00,0.0000,true,1,137610
7290003091751,true,רבע קדמי עגל בלי ריפ,,,רבע קדמי עגל בלי ריפ,קילוגרמים,1.00,"ק""ג",true,,0.00,0.0000,true,1,137611
7290003091768,true,קדמי טלה כשר,,,קדמי טלה כשר,קילוגרמים,1.00,"ק""ג",true,,0.00,0.0000,true,1,137612
7290003091775,true,זנב עגל כשר,,,זנב עגל כשר,קילוגרמים,1.00,"ק""ג",true,,0.00,0.0000,true,1,137613
7290003091782,true,לב עגל כשר,,,לב עגל כשר,קילוגרמים,1.00,"ק""ג",true,,0.00,0.0000,true,1,137614
7290003091799,true,לשון עגל כשר,,,לשון עגל כשר,קילוגרמים,1.00,"ק""ג",true,,0.00,0.0000,true,1,137615
7290003091836,true,צוואר צלעות עגל מפור,,,צוואר צלעות עגל מפור,קילוגרמים,1.00,"ק""ג",true,,0.00,0.0000,true,1,137616
7290003091843,true,קיט חלקי פנים עגל כש,,,קיט חלקי פנים עגל כש,קילוגרמים,1.00,"ק""ג",true,,0.00,0.0000,true,1,137617
7290003091874,true,סינטה עגל כשר,,,סינטה עגל כשר,קילוגרמים,1.00,"ק""ג",true,,0.00,0.0000,true,1,137618
7290003091881,true,אסאדו עגל כשר ארוז ו,,,אסאדו עגל כשר ארוז ו,קילוגרמים,1.00,"ק""ג",true,,0.00,0.0000,true,1,137619
7290003091935,true,כתף טלה כשר,,,כתף טלה כשר,קילוגרמים,1.00,"ק""ג",true,,0.00,0.0000,true,1,137620
7290003091966,true,צלעות טלה כשר,,,צלעות טלה כשר,קילוגרמים,1.00,"ק""ג",true,,0.00,0.0000,true,1,137621
7290003102495,true,רביעיית סוללות AAA R,,,רביעיית סוללות AAA R,,0.00,,false,,5.00,0.0000,true,1,136159
7290003126958,false,טופו גבינה גוש בואקום צוריאל 300 ג',א.י.ן תעשיות מזון בע,,טופו גולמי 300 גרם,גרמים,300.00,100 גרם,false,,12.90,0.0430,true,1,151427
7290003133123,false,לחם זהב עגול אוקראיני 750 ג',מאפיית דוידוביץ ובני,,לחם זהב עגול אוקראינ,גרמים,750.00,100 גרם,false,,12.90,0.0172,true,1,140618
7290003133505,false,לחם שיפונטו דוידוביץ,מאפיית דוידוביץ ובני,,לחם שיפונטו 750 גרם,גרמים,750.00,100 גרם,false,,11.90,0.0159,true,1,140620
7290003143146,false,ממרח תמרים קליית גת 450 גרם,הדקלאים אגודת שיתופי,,ממרח תמרים קלית גת 4,גרמים,450.00,100 גרם,false,,5.90,0.0131,true,1,139414
7290003151073,true,קופיקס-שוקולד פרה חל,,,קופיקס-שוקולד פרה חל,,0.00,,false,,2999.00,0.0000,true,1,135082
7290003208579,true,וודקה גריי גוס 1 ליט,,,וודקה גריי גוס 1 ליט,,0.00,,false,,0.00,0.0000,true,1,138118
7290003215003,false,ביצים 12 יח רגיל בנוני M תנובה,,,ביצים בינוניות M אור,Unknown,12.00,יחידה,false,,24.50,2.0417,true,1,145760
7290003215768,false,ביצי חופש גדולות L ת,,,ביצי חופש גדולות L ת,Unknown,12.00,יחידה,false,,21.90,1.8250,true,1,148632
7290003220380,false,"עוגיות סנדויץ' במילוי קרם שוקולד ""מעדני המלך"" 150 גרם",אחים פפושדו,,מעדני המלך סנדוויץ',גרמים,150.00,100 גרם,false,,3.50,0.0233,true,1,147813
7290003220403,false,מעדני המלך- קרקר מלוח 110 גרם,מגדנית הדר,,קרקר מלח מעדני מלך 1,גרמים,110.00,100 גרם,false,,3.20,0.0291,true,1,156076
7290003220533,false,"רוטב צ'ילי מתוק ווק 700 מ""ל",תאי פרידה אינדסטרי ב,,רוטב צ'ילי מתוק 700,מיליליטרים,700.00,"100 מ""ל",false,,12.90,0.0184,true,1,152742
7290003220786,false,"אטריות אורז ללא גלוטן 5 מ""מ 400 ג' WOK",אסיאן סופירה פודס חב,,ווק אטריות אורז עובי,גרמים,400.00,100 גרם,false,,9.90,0.0248,true,1,147035
7290003220977,false,עוגיות חצי ירח מצופה 175 נאפה מעדני מלך,מגדנית הדר,,מעדני מלך ביסקוויט י,גרמים,175.00,100 גרם,false,,6.90,0.0394,true,1,153239
7290003222780,true,פיתות אסלי 5 יחידות,,,פיתות אסלי 5 יחידות,,0.00,,false,,0.00,0.0000,true,1,133047
7290003229109,false,פסטרמה הודו בפפריקה טירת צבי 400 גרם,הנסיך- מפעל לייצור ט,,א.מ. פסטר' בפפריקה 4,גרמים,400.00,100 גרם,false,,25.90,0.0647,true,1,145714
7290003229116,false,פסטרמה הודו בדבש שומן טירת צבי 400 גרם,הנסיך- מפעל לייצור ט,,פסטרמה הודו בדבש 3%,גרמים,400.00,100 גרם,false,,25.90,0.0647,true,1,145742
7290003229123,false,פסטרמה הודו על גחלים 2% טירת צבי 400 גרם,הנסיך- מפעל לייצור ט,,פסטרמה הודו על גחלים,גרמים,400.00,100 גרם,false,,25.90,0.0647,true,1,141119
7290003229147,false,נקניק סלמי איטלקי מעושן טירת צבי 300 גרם,הנסיך- מפעל לייצור ט,,סלמי בסגנון איטלקי 3,גרמים,300.00,100 גרם,false,,26.90,0.0897,true,1,141120
7290003229192,false,נקניק כתף בקר מעושן 2% טירת צבי 400 גרם,טיב טירת צבי 2000,,נקניק כתף בקר מעושן,גרמים,400.00,100 גרם,false,,34.90,0.0872,true,1,145743
7290003229215,false,פסטרמה איטלקית 3.5% טירת צבי 360 גרם,טירת צבי - מדף,,א.מ. פסטרמה איטלקית,גרמים,360.00,100 גרם,false,,25.90,0.0719,true,1,145715
7290003321155,false,יוגורט בר עם פקאן מצופה שוקולד 183 ג' דנונה,"שטראוס בריאות בע""\מ",,דנונה בר פקאן 183 גר,גרמים,183.00,100 גרם,false,,4.60,0.0251,true,1,132804
7290003326020,true,סלק בוואקום,,,סלק בוואקום,,0.00,,false,,5.00,0.0000,true,1,134262
7290003380008,true,נקטר תפוזים 1 ליטר,,,נקטר תפוזים 1 ליטר,,0.00,,false,,5.00,0.0000,true,1,134136
7290003380091,true,משקה לימון עם נענע1,,,משקה לימון עם נענע1,,0.00,,false,,5.00,0.0000,true,1,133727
7290003380831,true,מיץ עגבניות 1 ליטר *,,,מיץ עגבניות 1 ליטר,,0.00,,false,,5.00,0.0000,true,1,133728
7290003411337,true,"גוג""י ברי 200 גרם",,,"גוג""י ברי 200 גרם",,0.00,,false,,0.00,0.0000,true,1,137161
7290003411955,true,זרעי פשתן 300 גרם,,,זרעי פשתן 300 גרם,,0.00,,false,,0.00,0.0000,true,1,137162
7290003411962,true,"זרעי צ""יה 300 גרם",,,"זרעי צ""יה 300 גרם",,0.00,,false,,0.00,0.0000,true,1,137163
7290003423909,false,חטיף הרשי קוקיס קרם לבן 43 גרם,ליימן מותגים,,הרשי חטיף שוקולד לבן,גרמים,45.00,100 גרם,false,,5.00,0.1111,true,1,133430
7290003444009,false,הרשי ריזס חטיף במילוי בוטנים 42 גרם,ליימן מותגים,,ריזס שוקולד חלב במיל,גרמים,42.00,100 גרם,false,,4.90,0.1167,true,1,143748
7290003450602,false,חרדל אמיתי צהוב בקבוק לחיץ 255 גר,היינץ צפון אמריקה מקבוצת ה.י.היינץ,,חרדל צהוב בבקבוק לחי,גרמים,255.00,100 גרם,false,,8.90,0.0349,true,1,158397
7290003457861,false,"סולרו בטעם פירות טרופיים ""שטראוס""","מיוצר ע""\י גלידת שטראוס",,סולרו קלאסיק חלבי -,Unknown,1.00,יחידה,false,,8.50,8.5000,true,1,145986
7290003464166,true,קיט אחורי עגל כשר בל,,,קיט אחורי עגל כשר בל,קילוגרמים,1.00,"ק""ג",true,,0.00,0.0000,true,1,137622
7290003464197,true,רוטפליש כשר,,,רוטפליש כשר,קילוגרמים,1.00,"ק""ג",true,,0.00,0.0000,true,1,137623
7290003464272,true,אוסובוקו עגל כשר,,,אוסובוקו עגל כשר,קילוגרמים,1.00,"ק""ג",true,,0.00,0.0000,true,1,137624
7290003464302,true,חזה טלה כשר,,,חזה טלה כשר,קילוגרמים,1.00,"ק""ג",true,,0.00,0.0000,true,1,137625
7290003464326,true,נתחים לקצב כשר,,,נתחים לקצב כשר,קילוגרמים,1.00,"ק""ג",true,,0.00,0.0000,true,1,137626
7290003490110,true,נייר טואלט ליטוף180,,,נייר טואלט ליטוף180,,0.00,,false,,0.00,0.0000,true,1,133586
7290003521166,false,"ד""ר פישר - סרקל קרם רוזמרין לילדים 325 מ""ל",פישר מעבדות פרמצבטיות בע,,סרקל קרם רוזמרין 325,מיליליטרים,325.00,"100 מ""ל",false,,24.90,0.0766,true,1,144622
7290003525478,false,סלט טונה ויליגר 160 גרם,"ויליגר, תעשיות בע""מ",,שימורי סלט טונה וילי,גרמים,160.00,100 גרם,false,,5.90,0.0369,true,1,147571
7290003541782,true,וודקה סארוס כשלפ700,,,וודקה סארוס כשלפ700,,0.00,,false,,0.00,0.0000,true,1,134272
7290003550753,false,רביעיית טונה בשמן פוסידון 108 גרם,"מיוצר עי וליגר בעמ,",,נתחי טונה בהירה בשמן,גרמים,432.00,100 גרם,false,,20.90,0.0484,true,1,140854
7290003569021,false,כרובית ארוזה יח' רמי לוי,,,כרובית,יח',1.00,יח',false,,9.90,9.9000,true,1,145037
7290003578313,false,דובדבנים ללא חרצנים ויליפוד 680 גרם,דל מונטה היילס אס.אי,,דובדבנים חמוצים ללא,גרמים,680.00,100 גרם,false,,9.90,0.0146,true,1,153326
7290003578672,false,ויליפוד שמן חמניות 1 ליטר{בית יוסף},וילי פוד,,שמן חמניות מזוכך ויל,מיליליטרים,1000.00,"100 מ""ל",false,,13.90,0.0139,true,1,152914
7290003632442,false,מעדניה - פילה אמנון,,,מעדניה - פילה אמנון,קילוגרמים,1.00,"ק""ג",true,,30.90,30.9000,true,1,151791
7290003643004,false,"סוגת אורז בסמטי קלאסי 1 ק""ג",האי נאם סי או אל.טי.,,אורז בסמטי קלאסי סוג,גרמים,1000.00,100 גרם,false,,13.90,0.0139,true,1,139966
7290003643646,false,"סוכר דמררה קלאסי בצנצנת סוגת 1 ק""ג",האי נאם סי או אל.טי.,,סוכר דמררה בצנצנת סו,גרמים,1000.00,100 גרם,false,,12.90,0.0129,true,1,143413
7290003643684,false,אפונה יבשה סוגת 500 גר',האי נאם סי או אל.טי.,,אפונה ירוקה יבשה סוג,גרמים,500.00,100 גרם,false,,6.50,0.0130,true,1,139618
7290003643714,false,חומוס גרגירים 500 גרם סוגת,האי נאם סי או אל.טי.,,חומוס יבש סוגת 500 ג,גרמים,500.00,100 גרם,false,,7.90,0.0158,true,1,132472
7290003643745,false,כוסמת 500 גרם סוגת,האי נאם סי או אל.טי.,,כוסמת סוגת 500 גרם,גרמים,500.00,100 גרם,false,,7.90,0.0158,true,1,136540
7290003643752,false,עדשים ירוקים יבש סוגת 500 גר',האי נאם סי או אל.טי.,,עדשים ירוקות סוגת 50,גרמים,500.00,100 גרם,false,,7.90,0.0158,true,1,133614
7290003643769,false,עדשים אדומים יבש סוגת 500 גר',"סוגת תעשיות בע""\מ",,עדשים אדומות סוגת 50,גרמים,500.00,100 גרם,false,,7.90,0.0158,true,1,132474
7290003643776,false,"פופקורן גרעינים סוגת 500 ג' כשל""פ",האי נאם סי או אל.טי.,,פופקורן סוגת 500 גרם,גרמים,500.00,100 גרם,false,,5.90,0.0118,true,1,132475
7290003643806,false,שעועית לבנה יבשה סוגת 500 ג',האי נאם סי או אל.טי.,,שעועית לבנה יבשה סוג,גרמים,500.00,100 גרם,false,,11.90,0.0238,true,1,141049
7290003726615,false,"טופו ויילר 300 גרם ""שטראוס""",הדקלאים אגודת שיתופי,,טופו ויילר 300 גרם,גרמים,300.00,100 גרם,false,,10.90,0.0363,true,1,149008
7290003781652,false,צלפים במי מלח וילי פוד 230 גרם,קריות זול,,צלפים 350 גרם צנצנת,גרמים,350.00,100 גרם,false,,8.90,0.0254,true,1,140053
7290003782413,true,קופיקס חומוס 100 גרם,,,קופיקס חומוס 100 גרם,,0.00,,false,,5.00,0.0000,true,1,134232
7290003782680,true,קופיקס חציל במיונז1,,,קופיקס חציל במיונז1,,0.00,,false,,5.00,0.0000,true,1,134233
7290003804368,false,"תיבוליות בזיליקום קנור 72 גרם בד""צ",יוניליוור ישראל מזון בע\,,תיבולית בזיליקום קנו,גרמים,72.00,100 גרם,false,,8.90,0.1236,true,1,144194
7290003805518,true,קורנפלקס 500 גרם,,,קורנפלקס 500 גרם,,0.00,,false,,10.00,0.0000,true,1,135038
7290003807178,false,"רוטב סויה בסגנון סיני 300 מ""ל קנור",יוניליוור ישראל מזון בע\,,רוטב סויה בסגנון סינ,מיליליטרים,300.00,"100 מ""ל",false,,10.90,0.0363,true,1,144196
7290003807482,false,קנור רוטב טריאקי מופחת נתרן 370 גרם,יוניליוור ישראל מזון בע\,,קנור טריאקי מופחת נת,גרמים,370.00,100 גרם,false,,10.90,0.0295,true,1,139818
7290003864478,false,סרדינים בשמן צמחי פתח קל ויליפוד 110 גרם,גולדן פרייז קאנינג א,,סרדין בשמן צמחי 110,גרמים,110.00,100 גרם,false,,5.90,0.0536,true,1,133353
7290003864485,false,סרדינים ברוטב עגבנ יות ויליפוד 110ג' פתח קל,גולדן פרייז קאנינג א,,סרדין ברוטב עגבניות,גרמים,110.00,100 גרם,false,,5.90,0.0536,true,1,132503
7290003864492,false,סרדין בשמן צמחי חריף פתח קל ויליפוד 110 גרם,גולדן פרייז קאנינג א,,סרדין בשמן צמחי חריף,גרמים,110.00,100 גרם,false,,5.90,0.0536,true,1,137969
7290003882922,false,עלי גפן ממולאים באורז וילי פוד 360 גרם,אף.סי תבליני בגליל ב,,עלי גפן ממולא 400 גר,גרמים,400.00,100 גרם,false,,9.50,0.0238,true,1,140065
7290003893539,false,מעדניה - פילה אמנון,,,מעדניה - פילה אמנון,קילוגרמים,1.00,"ק""ג",true,,30.90,30.9000,true,1,150767
7290003896860,true,מים בטעם ענבים סאן ב,,,מים בטעם ענבים סאן ב,,0.00,,false,,5.00,0.0000,true,1,132970
7290003976508,true,נוזל לניקוי אסלות1,,,נוזל לניקוי אסלות1,,0.00,,false,,5.00,0.0000,true,1,133001
7290003989539,false,לורנצו רביולי במילוי גבינה,מיוצר עי קונדיטוריית,,רביולי גבינה 400 גרם,גרמים,400.00,100 גרם,false,,19.80,0.0495,true,1,136136
7290004011338,false,"ספריי קצפת מתוקה מוכנה ריץ' 250 מ""ל",האי נאם סי או אל.טי.,,ריצ' קצפת חלבי,מיליליטרים,250.00,"100 מ""ל",false,,14.90,0.0596,true,1,138527
7290004011826,false,מיני המבורגר ריב אנטריקוט,טיבון ויל אחזקות בעמ,,מיני המבורגר ריב אנט,גרמים,320.00,100 גרם,false,,22.90,0.0716,true,1,140937
7290004030445,false,מיץ תפוזים סחוט רכיבים טבעיים 1 ליטר פרי ניב,הנסיך- מפעל לייצור ט,,מיץ תפוזים 100 סחוט,מיליליטרים,1000.00,"100 מ""ל",false,,15.10,0.0151,true,1,140345
7290004030872,true,"מיץ תות בננה 500 מ""",,,"מיץ תות בננה 500 מ""",,0.00,,false,,5.00,0.0000,true,1,133078
7290004048518,false,מעדניה - פילה אמנון,,,מעדניה - פילה אמנון,קילוגרמים,1.00,"ק""ג",true,,29.90,29.9000,true,1,150768
7290004048518,false,מעדניה - פילה אמנון,,,מעדניה - פילה אמנון,קילוגרמים,1.00,"ק""ג",true,,30.90,30.9000,true,1,151005
7290004048525,false,מעדניה - פילה אמנון,דלידג - נטו,,מעדניה - פילה אמנון,קילוגרמים,1.00,"ק""ג",true,,30.90,30.9000,true,1,140938
7290004048532,false,מעדניה - פילה אמנון,,,מעדניה - פילה אמנון,קילוגרמים,1.00,"ק""ג",true,,30.90,30.9000,true,1,150769
7290004063016,false,"מלח שולחן דק סלית 1 ק""ג בדץ",האי נאם סי או אל.טי.,,"מלח שולחן דק 1 ק""ג",גרמים,1000.00,100 גרם,false,,1.90,0.0019,true,1,143251
7290004063016,false,"מלח שולחן דק סלית 1 ק""ג בדץ",האי נאם סי או אל.טי.,,"מלח שולחן דק 1 ק""ג",גרמים,1000.00,100 גרם,false,,1.90,0.0019,true,1,135710
7290004063115,true,"מלח בישול 1 ק""ג",,,"מלח בישול 1 ק""ג",,0.00,,false,,1.50,0.0000,true,1,141062
7290004063115,false,"מלח מטבח עבה להמלחת בשר ובישול 1 ק""ג 1ק""ג",האי נאם סי או אל.טי.,,"מלח עבה 1 ק""ג",גרמים,1000.00,100 גרם,false,,1.90,0.0019,true,1,143252
7290004068035,false,"איירן יוגורט לשתייה 3% גד 500 מ""ל","מיוצר ע""י קוד יצרן M",,יוגורט איירן 3% 500,מיליליטרים,500.00,"100 מ""ל",false,,8.50,0.0170,true,1,140589
7290004068172,false,"יוגורט עיזים בדלי 5% 600 מ""ל רובין",קוד יצרן MKN,,יוגורט עיזים בדלי 5%,גרמים,600.00,100 גרם,false,,16.90,0.0282,true,1,140590
7290004078270,false,נוזל לניקוי כלים בריח לימון פלמוליב 1 ליטר,יבואן ומשווק: ש. שסט,,נוזל לניקוי כלים 18%,מיליליטרים,1000.00,"100 מ""ל",false,,14.50,0.0145,true,1,143996
7290004078942,false,ליידי ספיד סטיק - דאודורנט ג'ל לאישה 65 גרם,קולגייט פלמוליב,,ליידי ספיד סטיק גל ב,גרמים,63.00,100 גרם,false,,21.90,0.3476,true,1,141311
7290004119225,false,יוגורט יופלה אננס 3% שומן 150 גרם,תנובה מרכז שיתופי לש,,יופלה יוגורט אננס %3,מיליליטרים,150.00,"100 מ""ל",false,,5.00,0.0333,true,1,148548
7290004119973,false,קרלו מעדן שוקו רביעיה גביע 1.5% 125 גרם,תנובה מרכז שיתופי לש,,קרלו שוקולד 125 גרם,גרמים,125.00,100 גרם,false,,2.90,0.0232,true,1,138792
7290004120108,false,יוגורט יופלה דיאט דובדבן 0% שומן 150גרם,תנובה מרכז שיתופי לש,,יופלה דיאט יוגורט דו,גרמים,150.00,100 גרם,false,,5.00,0.0333,true,1,145620
7290004120566,false,פיראוס 24% גבינה בולגרית 250 גרם,קריות זול,,גבינה בולגרית 24% פי,גרמים,250.00,100 גרם,false,,22.90,0.0916,true,1,148549
7290004120573,false,גבינה בולגרית פיראוס 16% 250 גרם,תנובה מרכז שיתופי לש,,פיראוס בולגרית גביע,גרמים,250.00,100 גרם,false,,22.90,0.0916,true,1,145665
7290004120634,false,גבינה בולגרית 5% פיראוס 250 גרם,תנובה מרכז שיתופי לש,,גבינה בולגרית 5% פיר,גרמים,250.00,100 גרם,false,,22.90,0.0916,true,1,139651
7290004121754,false,יוגורט ביו עוגת גבינה ותות 3% יופלה 150 גרם,תנובה חלב,,יופלה יוגורט עוגת גב,גרמים,150.00,100 גרם,false,,5.50,0.0367,true,1,157181
7290004121839,false,גבינת פטה כבשים 20% פיראוס 250 גרם,תנובה מרכז שיתופי לש,,פטה כבשים 20% פיראוס,גרמים,250.00,100 גרם,false,,26.50,0.1060,true,1,145666
7290004121853,false,גבינה בולגרית 5% קוביות פיראוס 200 גרם,תנובה מרכז שיתופי לש,,קוביות גבינה בולגרית,גרמים,250.00,100 גרם,false,,20.90,0.0836,true,1,148551
7290004122195,false,גוש חלב גבינה צהובה פרוסה 28% תנובה 200 גרם,תנובה חלב,,גוש חלב פרוס 200 גרם,גרמים,200.00,100 גרם,false,,13.80,0.0690,true,1,140346
7290004122270,false,עמק קלאסית פרוסות גבינה חצי קשה 28% 200 גרם,תנובה מרכז שיתופי לש,,גבינה עמק פרוס 28% ב,גרמים,200.00,100 גרם,false,,15.90,0.0795,true,1,140347
7290004122348,false,גבינת עמק לייט פרוס בקופסא 200 גרם,תנובה מרכז שיתופי לש,,עמק לייט פרוס 9% 200,גרמים,200.00,100 גרם,false,,16.60,0.0830,true,1,135730
7290004122676,false,גבינת חמד לייט 5% פיראוס 250 ג',תנובה מרכז שיתופי לש,,פיראוס חמד 5% גביע 2,גרמים,250.00,100 גרם,false,,18.50,0.0740,true,1,140348
7290004122683,false,עמק חטיף אצבעות גבינה חצי קשה 28% שומן,תנובה מרכז שיתופי לש,,עמק אצבעות גבינה 28%,גרמים,172.00,100 גרם,false,,16.40,0.0953,true,1,145667
7290004124205,false,יופלה דיאט יוגורט תות %0 גביע 150 גרם,תנובה מרכז שיתופי לש,,יופלה דיאט יוגורט תו,גרמים,150.00,100 גרם,false,,5.00,0.0333,true,1,140349
7290004124847,false,"קצפת צמחית השף הלבן 500 מ""ל תנובה",תנובה מרכז שיתופי לש,,קצפת צמחית 20% השף ה,מיליליטרים,500.00,"100 מ""ל",false,,15.90,0.0318,true,1,135731
7290004125400,false,"אשל שלי מהדרין 200 מ""ל 4.5% ""תנובה""- מוצר בפיקוח",פארייפאבה אגרואינדוס,,שלי אשל 4.5% תנובה 2,מיליליטרים,200.00,"100 מ""ל",false,,1.69,0.0084,true,1,139648
7290004125417,false,"גיל 3% שלי 200 מ""ל ""תנובה"" -מוצר בפיקוח",תנובה מרכז שיתופי לש,,שלי גיל 3% תנובה 200,מיליליטרים,200.00,"100 מ""ל",false,,1.51,0.0076,true,1,139649
7290004125455,false,"שמנת חמוצה 200 מ""ל 15% ""תנובה"" -מוצר בפיקוח",תנובה מרכז שיתופי לש,,שמנת אורגינל 15% תנו,מיליליטרים,200.00,"100 מ""ל",false,,2.40,0.0120,true,1,139653
7290004125509,false,"שמנת חמוצה 15% מועשרת תנובה 100 מ""ל",תנובה מרכז שיתופי לש,,שמנת חמוצה 15% תנובה,מיליליטרים,100.00,"100 מ""ל",false,,1.70,0.0170,true,1,145669
7290004125578,false,משקה סויה מעושר בסידן תנובה 1ל',תנובה מרכז שיתופי לש,,משקה סויה מועשר בסיד,מיליליטרים,1000.00,"100 מ""ל",false,,10.90,0.0109,true,1,137063
7290004125585,false,משקה סויה בטעם וניל תנובה 1 ליטר,תנובה מרכז שיתופי לש,,משקה סויה בטעם וניל,מיליליטרים,1000.00,"100 מ""ל",false,,10.90,0.0109,true,1,144555
7290004125721,false,"השף הלבן שמנת עמידה לבישול 15% תנובה 250 מ""ל",תנובה מרכז שיתופי לש,,שמנת לבישול 15% השף,מיליליטרים,250.00,"100 מ""ל",false,,8.10,0.0324,true,1,139281
7290004125738,false,שמנת מתוקה להקצפה32% 250מל עמיד השף הלבן,תנובה מרכז שיתופי לש,,שמנת מתוקה להקצפה 32,מיליליטרים,250.00,"100 מ""ל",false,,6.20,0.0248,true,1,145629
7290004125776,false,גבינה צהובה עמק 28% 400 גרם בקופסא,תנובה חלב,,עמק גבינה צהובה פרוס,גרמים,400.00,100 גרם,false,,27.80,0.0695,true,1,145670
7290004126674,false,טל העמק פרוסות גבינה חצי קשה לייט %9 200 גרם בקופסא,תנובה מרכז שיתופי לש,,טל העמק פרוס 9% 200,גרמים,200.00,100 גרם,false,,18.80,0.0940,true,1,145671
7290004126872,false,משקאות חלב תנובה שוקו בקבוק 250מל,תנובה חלב,,שוקו תנובה בבקבוק 25,מיליליטרים,250.00,"100 מ""ל",false,,5.70,0.0228,true,1,140350
7290004126872,false,משקאות חלב תנובה שוקו בקבוק 250מל,תנובה חלב,,שוקו תנובה בבקבוק 25,מיליליטרים,250.00,"100 מ""ל",false,,5.70,0.0228,true,1,134611
7290004127077,false,קוטג תנובה 3% גביע 250 גרם מהדרין,מיוצר עי קונדיטוריית,,גבינת קוטג' 3% תנובה,גרמים,250.00,100 גרם,false,,5.70,0.0228,true,1,138154
7290004127329,false,קוטג תנובה גביע 250 גרם %5 ו.מהדרין,מיוצר עי קונדיטוריית,,גבינת קוטג' 5% תנובה,גרמים,250.00,100 גרם,false,,5.70,0.0228,true,1,133056
7290004127336,false,קוטג תנובה גביע 250 גרם %9 ו.מהדרין,מיוצר עי קונדיטוריית,,גבינת קוטג' 9% תנובה,גרמים,250.00,100 גרם,false,,5.70,0.0228,true,1,136525
7290004127800,false,"גבינה לבנה 500 גרם 5% ""תנובה"" -מוצר בפיקוח",מיוצר עי קונדיטוריית,,גבינה לבנה תנובה 5%,גרמים,500.00,100 גרם,false,,9.95,0.0199,true,1,139652
7290004129101,false,גבינת שמנת 25% בטעם טבעי 225 ג' נפוליאון,תנובה מרכז שיתופי לש,,גבינת שמנת 25% בטעם,גרמים,225.00,100 גרם,false,,13.90,0.0618,true,1,156877
7290004129156,false,גבינת שמנת25% עם שום שמיר 225 ג' נפוליאון,תנובה מרכז שיתופי לש,,נפוליאון שום שמיר 22,גרמים,225.00,100 גרם,false,,13.90,0.0618,true,1,138456
7290004129767,false,"3% 'יופלה לבן מארז שמינייה 1.2 ק""ג",תנובה מרכז שיתופי לש,,יוגורט לבן 3% יופלה,מיליליטרים,1200.00,"100 מ""ל",false,,17.30,0.0144,true,1,148806
7290004130794,false,משקה סויה במתיקות מופחתת תנובה 1 ליטר,תנובה מרכז שיתופי לש,,משקה סויה טבעי במתיק,מיליליטרים,1000.00,"100 מ""ל",false,,9.90,0.0099,true,1,137051
7290004131074,false,"חלב 1 ליטר 3% קרטון ""תנובה""- מוצר בפיקוח",תנובה מרכז שיתופי לש,,חלב קרטון 3% תנובה 1,מיליליטרים,1000.00,"100 מ""ל",false,,6.23,0.0062,true,1,133191
7290004131432,false,יוגורט יופלה לבן ביו 3% 200 גרם,מיוצר עי קונדיטוריית,,יופלה לבן 3% גביע 20,גרמים,200.00,100 גרם,false,,4.00,0.0200,true,1,145632
7290004131456,false,יוגורט ביו 1.5% שומן 200 ג' יופלה,מיוצר עי קונדיטוריית,,יופלה לבן 1.5% גביע,גרמים,200.00,100 גרם,false,,4.00,0.0200,true,1,145633
7290004131531,false,משקאות חלב תנובה שוקו בקבוק 1ל,פארייפאבה אגרואינדוס,,שוקו בקבוק 1 ליטר 20,מיליליטרים,1000.00,"100 מ""ל",false,,12.40,0.0124,true,1,145634
7290004132552,false,משקה סויה בטעם טבעי לייט תנובה 1 ליטר,תנובה מרכז שיתופי לש,,משקה סויה לייט בטעם,מיליליטרים,1000.00,"100 מ""ל",false,,10.90,0.0109,true,1,144556
7290004132712,false,חטיף אצבעות גבינת מוצרלה 20% 172 ג' עמק,תנובה מרכז שיתופי לש,,עמק אצבעות מוצרלה תנ,גרמים,174.00,100 גרם,false,,16.40,0.0943,true,1,145674
7290004132903,false,גבינה לבנה 3% מהדרין תנובה 250 גרם,תנובה מרכז שיתופי לש,,גבינה לבנה 3% 250 גר,גרמים,250.00,100 גרם,false,,4.98,0.0199,true,1,143442
7290004133511,false,יופלה מאגדת לבן 1.5% מעודן 8 יח' * 150 ג',מיוצר עי קונדיטוריית,,מאגדת לבן 1.5% מעודן,מיליליטרים,1200.00,"100 מ""ל",false,,20.70,0.0172,true,1,145637
7290004134945,false,יוגורט מוקה 3% שומן 150 ג' יופלה,תנובה מרכז שיתופי לש,,יופלה מוקה 3% 150 גר,גרמים,150.00,100 גרם,false,,5.00,0.0333,true,1,151658
7290004135225,false,מעדן חלב דל קלוריות בטעם שוקולד 0.2שומ,תנובה מרכז שיתופי לש,,מעדן דיאט 0% שוקולד,מיליליטרים,150.00,"100 מ""ל",false,,4.00,0.0267,true,1,145677
7290004135614,false,גבינה בולגרית מעודנת 5% פיראוס 250 גרם,תנובה חלב,,גבינה בולגרית מעודנת,גרמים,250.00,100 גרם,false,,21.90,0.0876,true,1,145679
7290004136154,false,"משקה חלב אייס קפה תנובה בבקבוק 340 מ""ל",גוד פוד פרודקטס S.p,,משקה אייס קפה תנובה,מיליליטרים,340.00,"100 מ""ל",false,,6.70,0.0197,true,1,140355
7290004136437,true,חלב סויה 1 ליטר,,,חלב סויה 1 ליטר,,0.00,,false,,5.00,0.0000,true,1,133155
7290004136598,false,מארז הפסקת אוכל עם קורנפלקס ומשקה חלב עמיד בטעם וניל,פארייפאבה אגרואינדוס,,מארז הפסקת אוכל חלב,גרמים,150.00,100 גרם,false,,9.50,0.0633,true,1,140356
7290004136598,false,מארז הפסקת אוכל עם קורנפלקס ומשקה חלב עמיד בטעם וניל,פארייפאבה אגרואינדוס,,מארז הפסקת אוכל חלב,גרמים,150.00,100 גרם,false,,9.50,0.0633,true,1,140406
7290004136857,false,מעדן גלי פטל תנובה 125 גרם,תנובה מרכז שיתופי לש,,ג'לי בטעם פטל 125,גרמים,125.00,100 גרם,false,,2.60,0.0208,true,1,134039
7290004136864,false,מעדן ג'לי בטעם אננס עם חתיכות תנובה 125 גרם,קריות זול,,ג'לי אננס עם חתיכות,גרמים,125.00,100 גרם,false,,2.80,0.0224,true,1,132715
7290004136871,false,מעדן ג'לי בטעם אפרסק עם חתיכות תנובה 125 גרם,תנובה מרכז שיתופי לש,,ג'לי אפרסק עם חתיכות,גרמים,125.00,100 גרם,false,,2.80,0.0224,true,1,132716
7290004137021,false,"שמנת עמידה לבישול מופחת שומן 10% השף הלבן 250 מ""ל",תנובה מרכז שיתופי לש,,שמנת עמידה לבישול 10,מיליליטרים,250.00,"100 מ""ל",false,,8.00,0.0320,true,1,145641
7290004137311,false,עמק לייט משפחתית 9% 400ג-ועדת מהדרין,תנובה חלב,,עמק לייט משפחתי 9% 4,גרמים,400.00,100 גרם,false,,29.90,0.0747,true,1,145642
7290004137809,false,פיראוס לאבנה 5% גביע 250 גרם,"תנובה, מחלבת אלון תב",,פיראוס לאבנה 5% גביע,גרמים,250.00,100 גרם,false,,12.50,0.0500,true,1,140357
7290004199203,true,קיסמי שיניים מבמבוק,,,קיסמי שיניים מבמבוק,,0.00,,false,,5.00,0.0000,true,1,138486
7290004225285,false,גבינה בסגנון דנאבלו 100 ג',האי נאם סי או אל.טי.,,גבינה בסגנון דנאלבו,גרמים,100.00,100 גרם,false,,11.90,0.1190,true,1,140856
7290004225285,false,גבינה בסגנון דנאבלו 100 ג',האי נאם סי או אל.טי.,,גבינה בסגנון דנאלבו,גרמים,100.00,100 גרם,false,,11.90,0.1190,true,1,140940
7290004228354,false,מעדניה - פילה אמנון,,,מעדניה - פילה אמנון,קילוגרמים,1.00,"ק""ג",true,,30.90,30.9000,true,1,150772
7290004324858,false,קבב כבש טיבון ויל 500 גרם,"טיבון ויל אחזקות בע""",,קבב כבש טיבון ויל 50,גרמים,500.00,100 גרם,false,,19.90,0.0398,true,1,155604
7290004492274,false,בייגלה טבעות מלוחות בייגל בייגל 400 גרם,יוניליוור מזון,,בייגלה טבעות חטיף אפ,גרמים,400.00,100 גרם,false,,10.40,0.0260,true,1,144197
7290004532062,true,גרעיני אבטיח הטיב20,,,גרעיני אבטיח הטיב20,,0.00,,false,,0.00,0.0000,true,1,134561
7290004532130,true,בוטן אמריקאי 200 גרם,,,בוטן אמריקאי 200 גרם,,0.00,,false,,6.00,0.0000,true,1,135885
7290004532574,true,גרעיני חמנייה 200 גר,,,גרעיני חמנייה 200 גר,,0.00,,false,,6.00,0.0000,true,1,135896
7290004554798,false,"שלגון מטרה פטל,לימון וענבים","מיוצר ע"" גלידת שטראו",,מטרה,Unknown,1.00,יחידה,false,,5.90,5.9000,true,1,145994
7290004584351,false,גבינה לבנה סימפוניה עם תוספות 200 ג' חמישית 200,"שטראוס בריאות בע""\מ",,גבינה במרקם שמנת סימ,גרמים,200.00,100 גרם,false,,11.00,0.0550,true,1,140235
7290004584528,false,יוגורט דנונה ביו לבן 1.7% שומן 200 גרם,מיוצר עי קונדיטוריית,,דנונה ביו 1.7% 200 ג,גרמים,200.00,100 גרם,false,,3.70,0.0185,true,1,142249
7290004603175,false,מלח הים האדום גס מלח הארץ 500 גרם,"חברת מלח הארץ אילת בע""\מ",,מלח הים האדום 500 גר,גרמים,500.00,100 גרם,false,,7.90,0.0158,true,1,138707
7290004737719,false,אספרגוס שלם מקולף בצנצנת ויליפוד 330 גרם,קריות זול,,אספרגוס שלם מקולף בצ,גרמים,330.00,100 גרם,false,,9.90,0.0300,true,1,152061
7290004737900,false,חלב כחוש מרוכז וממותק בתוספת שמן צמחי ויליפוד 397 גרם,יו.איי.בי מאריג'אמפו,,חלב מרוכז ממותק 397,גרמים,397.00,100 גרם,false,,10.90,0.0275,true,1,142659
7290004798055,true,מסבין סנטטי 230 גרם,,,מסבין סנטטי 230 גרם,,0.00,,false,,5.00,0.0000,true,1,133197
7290004866013,true,מאפה קקאו,,,מאפה קקאו,,0.00,,false,,5.00,0.0000,true,1,134127
7290004866358,true,עוגה בטעם שוקולד350,,,עוגה בטעם שוקולד350,,0.00,,false,,5.00,0.0000,true,1,134766
7290004869106,true,עוגת דבש 200 גרם,,,עוגת דבש 200 גרם,,0.00,,false,,5.00,0.0000,true,1,133326
7290004882014,true,גומיגם כשלפ,,,גומיגם כשלפ,,0.00,,false,,5.00,0.0000,true,1,134282
7290004914912,false,מפיץ סטייל יוקרתי,,,מפיץ סטייל יוקרתי,Unknown,1.00,יחידה,false,,17.90,17.9000,true,1,144382
7290004923099,false,שישיית מים עין גדי 2 ליטר,עין גדי מיים מינרלים,,מים מינרלים עין גדי,קילוגרמים,12.00,ליטר,false,,11.90,0.9917,true,1,138670
7290005008481,false,ספיד סטיק - דאודורנט ג'ל לגבר ספורט 85 גרם,הנסיך- מפעל לייצור ט,,דאודורנט ג'ל לגבר אק,גרמים,85.00,100 גרם,false,,19.90,0.2341,true,1,141313
7290005020353,true,רום בקרדי לבן ליטר,,,רום בקרדי לבן ליטר,,0.00,,false,,0.00,0.0000,true,1,138119
7290005113123,false,"חרוזית שחור A2יבנה בד""ץ 600ג'",קבוצת יבנה,,זיתים מושחרים נטולי,גרמים,540.00,100 גרם,false,,11.90,0.0220,true,1,144436
7290005113888,false,"זיתים טבעות שחורA2 ק.יבנה 560ג' בד""ץ",קבוצת יבנה מוצרי מזון,,טבעות זיתים מושחרים,גרמים,540.00,100 גרם,false,,8.90,0.0165,true,1,144437
7290005113901,false,זיתים מרינט גדול 600 יבנה,קבוצת יבנה,,זיתים חתוכים מרינד ב,גרמים,540.00,100 גרם,false,,8.90,0.0165,true,1,144438
7290005174513,false,סלט חצילים במיונז אחלה 500 גרם,מיוצר עי קונדיטוריית,,חצילים במיונז 500 ג,גרמים,500.00,100 גרם,false,,15.90,0.0318,true,1,141509
7290005174551,false,סלט חומוס עם צנוברים 125 ג' אחלה,מיוצר עי קונדיטוריית,,סלט חומוס יום יום אח,גרמים,125.00,100 גרם,false,,4.90,0.0392,true,1,134035
7290005197758,false,"עוגיות חיוכים שוקולד עלית 150 גרם בד""צ",אפיפית נצרת תעשיות ב,,חיוכים שוקו 150 גרם,גרמים,150.00,100 גרם,false,,4.90,0.0327,true,1,137847
7290005200786,false,תפוצ'יפס בטעם שמנת בצל עלית 50 גרם,"שטראוס פריטו ליי בע""\מ )",,תפוציפס שמנת ובצל 50,גרמים,50.00,100 גרם,false,,4.00,0.0800,true,1,138528
7290005287206,false,רביעיית טונה בשמן סטארקיסט 160 גרם,"סטארקיסט פודור בע""מ",,טונה סטארקיסט בשמן 4,גרמים,640.00,100 גרם,false,,24.90,0.0389,true,1,139323
7290005287251,false,רביעיית טונה במים סטארקיסט 160 גרם,"איטיליאן פוד, אס.פי.",,נתחי טונה סטארקיסט ב,גרמים,640.00,100 גרם,false,,24.90,0.0389,true,1,139324
7290005296246,false,"פותח סתימות דריין אאוט 946 מ""ל יעקבי",יוליניבר,,פותח סתימות דריין אא,מיליליטרים,96.00,"100 מ""ל",false,,29.90,0.3115,true,1,156993
7290005384851,false,וילי פוד מיץ לימון בדץ 200מל,קריות זול,,מיץ לימון משומר וילי,מיליליטרים,200.00,"100 מ""ל",false,,4.90,0.0245,true,1,132504
7290005423383,false,מטהר אוויר סנומוד גל,סנומוד,,מבשם אוויר נטול גז ג,מיליליטרים,150.00,"100 מ""ל",false,,10.90,0.0727,true,1,139080
7290005423734,false,מרכך כביסה מרוכז אולטרא פרש סנו מקסימה 4 ליטר,"סנו מפעלי ברונוס בע""\מ",,מרכך כביסה מקסימה 4,מיליליטרים,4000.00,"100 מ""ל",false,,22.90,0.0057,true,1,140115
7290005423918,false,סנו - מקסימה מרכך כביסה היפואלרגני אלוורה 4 ליטר,"סנו מפעלי ברונוס בע""\מ",,מקסימה מרכך 4 ליטר ב,מיליליטרים,4000.00,"100 מ""ל",false,,21.90,0.0055,true,1,142185
7290005425646,false,קליר נוזל לניקוי חלונות רב תכליתי סנו 1 ליטר,"סנו מפעלי ברונוס בע""\מ",,ספריי רב תכליתי לניק,מיליליטרים,1000.00,"100 מ""ל",false,,12.90,0.0129,true,1,139083
7290005429286,false,"אבקת כביסה ביו סנו מקסימה 6 ק""ג",סנו מקסימה,,מקסימה אבקת כביסה בי,גרמים,6000.00,100 גרם,false,,46.90,0.0078,true,1,142187
7290005431401,true,בוואריה פרווה fds,,,בוואריה פרווה fds,,0.00,,false,,0.00,0.0000,true,1,138655
7290005431784,true,מוס שוקולד כשלפ,,,מוס שוקולד כשלפ,,0.00,,false,,6.00,0.0000,true,1,135768
7290005431913,false,עוגת גבינה פירורים עדן קינוחים 92 גרם,עדן קינוחים Eden,,עוגת גבינה פירורים ע,גרמים,92.00,100 גרם,false,,6.90,0.0750,true,1,156577
7290005431968,false,מלבי שמנת עדן קינוחים 150 גרם,עדן קינוחים Eden,,מלבי שמנת עדן קינוחי,גרמים,150.00,100 גרם,false,,6.90,0.0460,true,1,156578
7290005437816,true,אננס חתוך 567 גרם,,,אננס חתוך 567 גרם,,0.00,,false,,5.00,0.0000,true,1,132618
7290005437847,true,אננס שלם 567 גרם,,,אננס שלם 567 גרם,,0.00,,false,,5.00,0.0000,true,1,132619
7290005549618,true,מרשמלו 180 גרם,,,מרשמלו 180 גרם,,0.00,,false,,5.00,0.0000,true,1,132581
7290005559914,false,פיצה משפחתית עם 100% גבינה בתוספת זיתים מעדנות 550 גרם,מיוצר עי קונדיטוריית,,פיצה משפחתית זיתים מ,גרמים,550.00,100 גרם,false,,23.90,0.0435,true,1,140458
7290005589494,true,חיטה מלאה תפוחה 200,,,חיטה מלאה תפוחה 200,,0.00,,false,,0.00,0.0000,true,1,132571
7290005591761,false,דבש טהור מפרחי בר בלחיץ 400 ג' יד מרדכי,מכוורת יד מרדכי שטרא,,דבש טהור לחיץ 400 גר,גרמים,400.00,100 גרם,false,,21.90,0.0547,true,1,139998
7290005678387,false,ענב אוטום רויאל -שחור,מושב לכיש,,ענב אדום,קילוגרמים,1.00,"ק""ג",true,,24.90,24.9000,true,1,155722
7290005678745,false,ענב אדום,,,ענב אדום,קילוגרמים,1.00,"ק""ג",true,,24.90,24.9000,true,1,155831
7290005838002,false,מעדן גבינה ויוגורט בטעם וניל 88 ג' דניאלה,"שטראוס בריאות בע""מ",,דניאלה וניל 150 גרם,גרמים,150.00,100 גרם,false,,4.10,0.0273,true,1,134834
7290005839078,false,שמיניית יוגורט לבן 3% ביו דנונה 150 גרם,מיוצר עי קונדיטוריית,,מארז 8 חסכון - ביו 3,גרמים,1200.00,100 גרם,false,,15.90,0.0133,true,1,133362
7290005839108,false,גבינה לבנה סימפוניה עם תוספות 200 ג'+זיתים 5%,"שטראוס בריאות בע""\מ",,גבינה במרקם שמנת 5%,גרמים,200.00,100 גרם,false,,11.00,0.0550,true,1,140236
7290005839313,false,"מילקי טופ מגולגלת שטראוס 170 מ""ל",מיוצר עי קונדיטוריית,,מילקי טופ מגולגלת 17,מיליליטרים,170.00,"100 מ""ל",false,,4.90,0.0288,true,1,132812
7290005854040,false,שלגון אסקימו משמש שטראוס 75 גרם,שטראוס,,אסקימו משמש,Unknown,1.00,יחידה,false,,2.90,2.9000,true,1,153479
7290005854606,false,קרחון אסקימו שטראוס אננס,שטראוס,,אסקימו אננס,Unknown,1.00,יחידה,false,,2.90,2.9000,true,1,153480
7290005896637,false,סאן בנדטו - מים מינרלים טבעיים מהאלפים 1.5 ליטר,אקווה מינרלה סאן בנדטו ב,,מים מינרליים טבעיים,מיליליטרים,9000.00,"100 מ""ל",false,,4.80,0.0005,true,1,160026
7290005896828,false,סאן בנדטו - מים מינרלים - מארז שישיית 1.5 ליטר,אקווה מינרלה סאן בנדטו ב,,שישייה מים מינרלים ס,קילוגרמים,9.00,ליטר,false,,15.90,1.7667,true,1,155811
7290005951039,false,כרובית ארוזה,,,כרובית,יח',1.00,יח',false,,9.90,9.9000,true,1,152610
7290005992018,false,"יוגורט עיזים לשתיה 3% מחלבות גד 500 מ""ל","מיוצר ע""\י קוד יצרן MKN",,יוגורט לשתייה מחלב ע,מיליליטרים,500.00,"100 מ""ל",false,,12.20,0.0244,true,1,140591
7290005992575,false,גבינה בולגרית למריחה 5% גד 250 גרם,מחלבות גד בעמ,,גבינה בולגרית למריחה,גרמים,250.00,100 גרם,false,,15.90,0.0636,true,1,140707
7290005996740,false,סלמי פפרוני יחיעם 300 ג',מעדני יחיעם 1993,,נקניק סלמי פפרוני יח,גרמים,300.00,100 גרם,false,,22.90,0.0763,true,1,153363
7290006229427,false,סן בנדטו - מים מינרלים - מארז שישיית 500 מל,סאן בנדטו,,שישיית מים סאן בנדטו,מיליליטרים,3000.00,"100 מ""ל",false,,12.90,0.0043,true,1,132946
7290006229427,false,סן בנדטו - מים מינרלים - מארז שישיית 500 מל,סאן בנדטו,,שישיית מים סאן בנדטו,מיליליטרים,3000.00,"100 מ""ל",false,,12.90,0.0043,true,1,133123
7290006241504,false,"משקה תפוזים קפוא פריגת 340 מ""ל",פריגת מצוננים,,"קפוא תפוזים 280 מ""ל",מיליליטרים,280.00,"100 מ""ל",false,,13.90,0.0496,true,1,153755
7290006251275,false,תה ירוק סיני קלאסי ויסוצקי 25 יחידות,תה ויסוצקי,,תה ירוק סיני,Unknown,25.00,יחידה,false,,24.90,0.9960,true,1,145083
7290006271181,false,ג'חנון אפוי למיקרוגל מעדנות 750 גרם,מיוצר עי קונדיטוריית,,ג'חנון אפוי מוקפא לה,גרמים,750.00,100 גרם,false,,25.50,0.0340,true,1,138446
7290006322012,true,מיני מאפין שוקולד,,,מיני מאפין שוקולד,,0.00,,false,,5.00,0.0000,true,1,135679
7290006322029,true,מיני מאפין וניל,,,מיני מאפין וניל,,0.00,,false,,5.00,0.0000,true,1,135680
7290006322104,false,לחם ריחיים קל פרוס 500 ג',מאפיית דוידוביץ ובניו בע,,לחם ריחיים קל פרוס 5,גרמים,500.00,100 גרם,false,,12.90,0.0258,true,1,136161
7290006322111,false,לחמניות ריחיים 80*6 גרם,מאפיית דוידוביץ ובניו בע,,לחמניות רחיים קלות 7,גרמים,450.00,100 גרם,false,,12.90,0.0287,true,1,140621
7290006322128,false,לחמניות קלות 6 יח בחבילה,מאפיית דוידוביץ ובניו בע,,לחמניות קלות 75 גרם,גרמים,450.00,100 גרם,false,,8.90,0.0198,true,1,140622
7290006322166,false,לחמניות רגילות 6יח75X'גר,מאפיית דוידוביץ ובניו בע,,לחמניות רגילות 6*75,Unknown,6.00,יחידה,false,,9.90,1.6500,true,1,153141
7290006322838,false,לחם מקמח מלא דוידובי,מאפיית דוידוביץ ובניו בע,,לחם קמח מלא 100% מאפ,גרמים,750.00,100 גרם,false,,12.90,0.0172,true,1,140625
7290006322968,false,לחם דווידוביץ זיץ בר,מאפיית דווידוביץ ובנ,,לחם זיץ ברויט 1.2 ק',גרמים,1200.00,100 גרם,false,,14.90,0.0124,true,1,136163
7290006342072,false,גרעין לבן ששון הקולה 200 גרם,"דין שיווק וקלייה בע""",,גרעין לבן 200 גרם,גרמים,200.00,100 גרם,false,,8.90,0.0445,true,1,153767
7290006342089,false,גרעין שחור 200 גרם ששון הקולה,"דין שיווק וקלייה בע""",,גרעין שחור 200 גרם,גרמים,200.00,100 גרם,false,,5.90,0.0295,true,1,158623
7290006342447,false,גרעיני אבטיח ששון הקולה 200 גרם,"דין שיווק וקלייה בע""",,גרעין אבטיח 200 גרם,גרמים,200.00,100 גרם,false,,12.90,0.0645,true,1,153768
7290006342515,false,מנצ'ס ששון הקולה 200 גרם,"דין שיווק וקלייה בע""",,מנצס 200 שקית,גרמים,200.00,100 גרם,false,,7.90,0.0395,true,1,158624
7290006342553,false,קבוקים בשקית ששון הקולה 200 גרם,"דין שיווק וקליה בע""מ",,קבוקים 200 גר' שקית,גרמים,200.00,100 גרם,false,,6.90,0.0345,true,1,153769
7290006342560,false,בוטן אמריקאי 200 גרם ששון הקולה,"דין שיווק וקלייה בע""",,בוטן אמריקאי 200 גרם,גרמים,200.00,100 גרם,false,,6.90,0.0345,true,1,153770
7290006342645,false,טורטיה גדולה שקדיה 840 גרם 12 יחידות,אלקטי קוראבייכיסיגיד,,טורטיה גדולה 840 גרם,גרמים,840.00,100 גרם,false,,16.90,0.0201,true,1,153771
7290006378491,true,מפה 135*300 6 יחידות,,,מפה 135*300 6 יחידות,,0.00,,false,,5.00,0.0000,true,1,133428
7290006378859,true,שקיות אשפה עם שרוך2,,,שקיות אשפה עם שרוך2,,0.00,,false,,5.00,0.0000,true,1,133999
7290006378910,true,שקיות אוכל 150 יחידו,,,שקיות אוכל 150 יחידו,,0.00,,false,,5.00,0.0000,true,1,133405
7290006378996,true,ניילון נצמד גולד 30,,,ניילון נצמד גולד 30,,0.00,,false,,5.00,0.0000,true,1,133035
7290006439444,true,אורז בסמטי מוזהב 1 ק,,,אורז בסמטי מוזהב 1 ק,,0.00,,false,,0.00,0.0000,true,1,135738
7290006463654,true,מאפיינס שוקולד כשלפ,,,מאפיינס שוקולד כשלפ,,0.00,,false,,6.00,0.0000,true,1,134479
7290006492432,false,גבינת מוצרלה בייבי 18% גד 150 גרם,מחלבות גד בעמ,,בייבי מוצרלה 18% 150,גרמים,150.00,100 גרם,false,,14.90,0.0993,true,1,135739
7290006492616,false,גבינה בולגרית מעודנת פרוסות 5% גד 250 גרם,DSH עבור מחלבות גד ב,,גבינה בולגרית מעודנת,גרמים,250.00,100 גרם,false,,26.80,0.1072,true,1,140697
7290006492685,false,גבינת לאבנה עיזים 5% גד 250 גרם,מחלבות גד בעמ,,גבינת לאבנה עיזים 5%,גרמים,250.00,100 גרם,false,,16.40,0.0656,true,1,140708
7290006492852,false,גבינת עיזים למריחה 5% שומן 250 ג' גד,קריות זול,,גבינת עזים למריחה 5%,גרמים,250.00,100 גרם,false,,17.90,0.0716,true,1,138806
7290006498052,false,דנונה ביו יוגורט טבעי מהדרין 3% 150 ג',שטראוס גרופ,,יוגורט דנונה ביו 150,גרמים,150.00,100 גרם,false,,2.60,0.0173,true,1,132813
7290006511157,false,"פטריות שלמות ויליפוד 400 גרם בד""ץ",אוקצ'מפס אס.איי אויי,,פטריות שלמות 400 גרם,גרמים,400.00,100 גרם,false,,8.90,0.0223,true,1,151756
7290006511751,false,פטריות שמפניון חתוך ויליפוד 290X3 ג' בד”צ,לוטס,,שלישית פטריות חתוך ו,Unknown,3.00,יחידה,false,,11.90,3.9667,true,1,153338
7290006582539,false,חמוציות בשקית ששון הקולה 250 גרם,דין שיווק,,חמוציות 250 גרם,גרמים,250.00,100 גרם,false,,10.90,0.0436,true,1,158625
7290006618085,false,"אסטוניש תרסיס ניקוי אמבטיה וכיורים יעקבי 750 מ""ל",יעקובי אסטוניש,,מרסס לניקוי האמבט 75,מיליליטרים,750.00,"100 מ""ל",false,,13.90,0.0185,true,1,156996
7290006653819,false,פתיתי קוסקוס דק 350 גרם,"מיוצר ע""י קוד יצרן K",,אסם קוסקוס דק 350 גר,גרמים,350.00,100 גרם,false,,7.90,0.0226,true,1,144134
7290006664655,false,"אקטימל לבן טבעי מארז 100X8 מ""ל",מיוצר עי קונדיטוריית,,"אקטימל לבן 8*100 מ""ל",מיליליטרים,800.00,"100 מ""ל",false,,20.90,0.0261,true,1,141514
7290006664990,false,"יוגורט דנונה ביו לבן 1.7% שומן 8*150 מ""ל",מיוצר עי קונדיטוריית,,מארז 8 חסכון - ביו 1,גרמים,1200.00,100 גרם,false,,15.90,0.0133,true,1,133363
7290006681065,false,"קסטה שוקו וניל ""שטראוס""","מיוצר ע""\י גלידת שטראוס",,טעמקור XL,Unknown,1.00,יחידה,false,,7.90,7.9000,true,1,145997
7290006681553,false,קרמבו בטעם וניל שטראוס 8 יחידות,"גלידת שטראוס בע""\מ",,קרמבו שטראוס וניל 8*,Unknown,8.00,יחידה,false,,16.90,2.1125,true,1,140210
7290006681560,false,קרמבו בטעם מוקה שטראוס 8 יחידות,"גלידת שטראוס בע""\מ",,קרמבו בטעם מוקה שטרא,Unknown,8.00,יחידה,false,,16.90,2.1125,true,1,140211
7290006739414,false,נקניק סלמי קוניאק זוגלובק 300 גרם,נקניק נהריה כשר זוגל,,סלמי קוניאק 300 גרם,גרמים,300.00,100 גרם,false,,25.90,0.0863,true,1,141817
7290006739421,false,נקניק סלמי מעושן איטלקי זוגלובק 300 גרם,נקניק נהריה כשר זוגל,,נקניק סלמי מעושן איט,גרמים,300.00,100 גרם,false,,25.90,0.0863,true,1,141818
7290006739421,false,נקניק סלמי מעושן איטלקי זוגלובק 300 גרם,נקניק נהריה כשר זוגל,,נקניק סלמי מעושן איט,גרמים,300.00,100 גרם,false,,25.90,0.0863,true,1,144069
7290006739445,false,שניצל תירס קלאסי 750 ג' זוגלובק,נקניק נהריה כשר זוגל,,שניצל תירס קלאסי 750,גרמים,750.00,100 גרם,false,,22.90,0.0305,true,1,140140
7290006742278,false,פסטרמה הודו צלויה על לבנים 330 ג' זוגלובק,נקניק נהריה כשר זוגל,,פסטרמה צלויה על לבני,גרמים,330.00,100 גרם,false,,25.90,0.0785,true,1,140146
7290006742292,false,פסטרמה הודו בדבש 330 ג' זוגלובק,נקניק נהריה כשר זוגל,,פסטרמה בדבש 330 גרם,גרמים,330.00,100 גרם,false,,25.90,0.0785,true,1,140147
7290006742315,false,פסטרמה חזה הודו ברביקיו 2% זוגלובק 330 גרם,נקניק נהריה כשר זוגל,,פסטרמה חזה הודו ברבי,גרמים,330.00,100 גרם,false,,25.90,0.0785,true,1,140149
7290006775016,false,עוגה מבית טוב 450 גרם תפוז,אחדות ביחר לטחינה חל,,עוגת תפוז 450 גרם אח,גרמים,450.00,100 גרם,false,,10.90,0.0242,true,1,148001
7290006775023,false,"עוגה מבית טוב"" 450 גרם אנגלית",אחדות ביחר לטחינה חל,,עוגה אנגלית 450 גרם,גרמים,450.00,100 גרם,false,,10.90,0.0242,true,1,148002
7290006775030,false,"עוגה מבית טוב"" 450 גרם שוקו-ציפס",אחדות ביחר לטחינה חל,,עוגת שוקולד צ'יפס 45,גרמים,450.00,100 גרם,false,,10.90,0.0242,true,1,148003
7290006775047,false,"עוגה מבית טוב"" 450 גרם שוקולד",אחדות ביחר לטחינה חל,,עוגת שוקולד 450 גרם,גרמים,450.00,100 גרם,false,,10.90,0.0242,true,1,148004
7290006775054,false,עוגת שיש אחווה 450 ג' אחוה,אחדות ביחר לטחינה חל,,עוגת שיש 450 גרם אחו,גרמים,450.00,100 גרם,false,,10.90,0.0242,true,1,148005
7290006775085,false,עוגת שמרים במילוי שוקולד אחוה,אחדות ביחר לטחינה חל,,עוגת שמרים שוקולד 40,גרמים,400.00,100 גרם,false,,10.90,0.0273,true,1,148006
7290006775344,false,עוגת שמרים במילוי קרם קינמון אחוה 400 גרם,אחדות ביחר לטחינה חל,,עוגת שמרים קינמון וא,גרמים,400.00,100 גרם,false,,10.90,0.0273,true,1,148008
7290006869562,true,"קוטג ""טרה 250 5% גרם",,,"קוטג ""טרה 250 5% גרם",,0.00,,false,,5.00,0.0000,true,1,135591
7290006983763,false,עוגת הבית שוקולד 400 גרם אסם.,מיוצר עי קונדיטוריית,,עוגת הבית תפוחים פיר,גרמים,400.00,100 גרם,false,,11.90,0.0298,true,1,143239
7290006983770,false,עוגת הבית שיש אסם 400 גרם,מיוצר עי קונדיטוריית,,עוגת הבית בטעם שוקול,גרמים,400.00,100 גרם,false,,11.90,0.0298,true,1,139219
7290006983787,false,עוגת הבית שוקולד צ'יפס אסם 400 גרם,מיוצר עי קונדיטוריית,,עוגת הבית שיש אסם 40,גרמים,400.00,100 גרם,false,,11.90,0.0298,true,1,139220
7290007378880,true,שקיות אשפה עם שרוך2,,,שקיות אשפה עם שרוך2,,0.00,,false,,0.00,0.0000,true,1,132583
7290008154222,false,עוף טוב שניצלונים 700 גרם,"מוצרי עוף טוב (2001) בע""",,שניצלונים בציפוי מעו,גרמים,700.00,100 גרם,false,,19.90,0.0284,true,1,143590
7290008158473,true,מפעל-גליל נייר תעשיי,,,מפעל-גליל נייר תעשיי,,0.00,,false,,2999.90,0.0000,true,1,137075
7290008166775,true,בוטן מטוגן 200 גרם,,,בוטן מטוגן 200 גרם,,0.00,,false,,6.00,0.0000,true,1,135886
7290008175814,false,וילי פוד פטריות שמפיניון חתוך בדץ 400ג,"אוקצ'מפ אס, איי אויי",,פטריות חתוכות 400 גר,גרמים,400.00,100 גרם,false,,5.50,0.0138,true,1,132507
7290008330381,false,בדין דפים למייבש כביסה ורוד 40 יחידות,יוניליוור,,בדין דפים למייבש כבי,Unknown,40.00,יחידה,false,,17.90,0.4475,true,1,144205
7290008333115,false,אבקת ג'לטין טהור נטו 28 גרם,מאיר עזרא ובניו,,אבקת ג'לטין טהור נטו,גרמים,28.00,100 גרם,false,,9.90,0.3536,true,1,140863
7290008344258,false,המבורגר מזרחי טיבון ויל 400 גרם,"טיבון ויל אחזקות בע""\מ",,המבורגר מזרחי טיבון,גרמים,400.00,100 גרם,false,,20.90,0.0522,true,1,155605
7290008347181,false,מעדניה - פילה אמנון,,,מעדניה - פילה אמנון,קילוגרמים,1.00,"ק""ג",true,,30.90,30.9000,true,1,150770
7290008347891,false,מעדניה - פילה אמנון,,,מעדניה - פילה אמנון,קילוגרמים,1.00,"ק""ג",true,,30.90,30.9000,true,1,150771
7290008415514,false,צבר חומוס עם חריף עגול 150 גרם,סלטי צבר,,צבר חומוס עם חריף 15,גרמים,150.00,100 גרם,false,,4.90,0.0327,true,1,143592
7290008461238,false,סרדינים בשמן חמניות ופלפל חריף רוברט 84 גרם,יוליניבר,,סרדינים רוברט שמן חמ,גרמים,115.00,100 גרם,false,,6.90,0.0600,true,1,141669
7290008461283,false,גבינת טריפל צ'דר חצי קשה הגבינות של נני 200 גרם,יוליניבר,,צ'דר טריפל 200 גרם,גרמים,200.00,100 גרם,false,,19.90,0.0995,true,1,140993
7290008462204,false,חרדל דיז'ון מקורי נטו מאי 380 גרם,יוליניבר,,חרדל דז'ון מקורי 380,גרמים,380.00,100 גרם,false,,14.90,0.0392,true,1,140995
7290008464116,true,חבית בירה גולדסטאר א,,,חבית בירה גולדסטאר א,,0.00,,false,,0.00,0.0000,true,1,138108
7290008464406,false,פפסי מקס – משקה מוגז דל קלוריות פחיות 300 מל' שישייה,"טמפו משקאות בע""מ",,"פפסי מקס פחית 330 מ""",מיליליטרים,330.00,"100 מ""ל",false,,3.90,0.0118,true,1,159262
7290008464505,false,סאן בנדטו בקבוק פלסטיק 500מל,אקווה מינרלה סאן בנדטו ב,,מים סאן בנדטו 500 מל,מיליליטרים,500.00,"100 מ""ל",false,,3.00,0.0060,true,1,134283
7290008464604,false,"בירה הייניקן פחית 500 מ""ל",טמפו משקאות בע''מ,,"בירה הייניקן 500 מ""ל",מיליליטרים,500.00,"100 מ""ל",false,,11.90,0.0238,true,1,140408
7290008464604,false,"בירה הייניקן פחית 500 מ""ל",טמפו משקאות בע''מ,,"בירה הייניקן 500 מ""ל",מיליליטרים,500.00,"100 מ""ל",false,,11.90,0.0238,true,1,140411
7290008464697,false,"בירה מכבי 7.9%, בירה חזקה, מארז שישייה, בקבוק 330 מ""ל",טמפו,,מכבי 7.9% 330 שישייה,מיליליטרים,1980.00,"100 מ""ל",false,,35.90,0.0181,true,1,138067
7290008464741,false,"בירה גולדסטאר, מארז שישייה, בקבוק 330 מ''ל","טמפו משקאות בע""\מ",,בירה גולד סטאר שישיי,מיליליטרים,1980.00,"100 מ""ל",false,,38.40,0.0194,true,1,138708
7290008464789,true,פחית בירה גולדסטאר2,,,פחית בירה גולדסטאר2,,0.00,,false,,5.00,0.0000,true,1,132458
7290008464796,false,"בירה היינקן, מארז שישייה, בקבוק 330 מ''ל",טמפו משקאות בע''מ,,מארז שישייה הייניקן,מיליליטרים,1980.00,"100 מ""ל",false,,38.40,0.0194,true,1,140529
7290008464987,false,שישיית מי סודה טמפו 1.5 ליטר,"טמפו משקאות בע""מ",,מי סודה במארז טמפו 6,מיליליטרים,1980.00,"100 מ""ל",false,,15.90,0.0080,true,1,136426
7290008493413,false,פירורי לחם מאיר בייגל פירורי גריסיני 200 גרם,מאיר את ביגל,,פירורי גריסיני מאיר,גרמים,200.00,100 גרם,false,,6.20,0.0310,true,1,134782
7290008493710,false,פרורי גריסני זהב פירורי לחם מאיר בייגל 200 גרם,מאיר את ביגל,,פירורי גריסיני זהב מ,גרמים,200.00,100 גרם,false,,6.20,0.0310,true,1,141173
7290008644112,false,סלט מטבוחה יום יום אחלה 125 גרם,"שטראוס גרופ בע""\מ",,סלט מטבוחה אחלה 125,גרמים,125.00,100 גרם,false,,4.90,0.0392,true,1,142253
7290008645935,false,חומוס לניגוב 750 ג' אחלה,"שטראוס גרופ בע""\מ",,חומוס אחלה 750 גרם,גרמים,750.00,100 גרם,false,,10.90,0.0145,true,1,141517
7290008690713,false,נקטר חמוציות אושן ספריי פריגת 1 ליטר,מבשלות בירה בינלאומיות ב,,נקטר חמוציות 1 ליטר,קילוגרמים,1.00,ליטר,false,,12.20,12.2000,true,1,138977
7290008693134,false,מעדן גבינה ויוגורט בטעם תות 5% שומן 88 ג' דניאלה,"שטראוס בריאות בע""מ",,"דניאלה תות 150 מ""ל",גרמים,150.00,100 גרם,false,,4.10,0.0273,true,1,134835
7290008713641,true,לחמנית מזונות 75 גרם,,,לחמנית מזונות 75 גרם,,0.00,,false,,0.00,0.0000,true,1,134244
7290008713900,false,לחם שיפון עגול פרוס אנג'ל 750 גרם,מאפיית אנג'\ל אורנים מאפ,,לחם שיפון עגול פרוס,גרמים,750.00,100 גרם,false,,12.90,0.0172,true,1,144868
7290008745239,false,תפוצ'יפס קראנצ' בטעם טבעי עלית 50 גרם,"שטראוס פריטו ליי בע""\מ )",,תפוציפס קראנצ' טבעי,גרמים,50.00,100 גרם,false,,4.00,0.0800,true,1,138529
7290008750264,false,"מסטיק מאסט ציקלס דובדבן 28 גרם לל""ס מגדים","שטראוס גרופ בע""מ",,מאסט דובדבן מגדים 28,גרמים,28.00,100 גרם,false,,4.50,0.1607,true,1,135756
7290008752244,false,תפוצ'יפס קראנץ' בטעם גריל עלית 50 גרם,"שטראוס פריטו ליי בע""\מ )",,תפוציפס קראנצ' גריל,גרמים,50.00,100 גרם,false,,4.00,0.0800,true,1,138530
7290008753111,false,תפוצ'יפס קראנץ' בטעם מקסיקני עלית 50 גרם,"שטראוס פריטו ליי בע""\מ )",,תפוציפס קראנצ מקסיקנ,גרמים,50.00,100 גרם,false,,4.00,0.0800,true,1,138533
7290008753364,false,דוריטוס גריל עלית 55 ג',שטראוס פריטו ליי בע,,דוריטוס גריל 55 גרם,גרמים,55.00,100 גרם,false,,3.50,0.0636,true,1,132873
7290008753371,false,דוריטוס נאצו מקסיקני 55 גר,STRAUSS-ISRAEL,,דוריטוס נאצ'ו 55 גרם,גרמים,55.00,100 גרם,false,,3.30,0.0600,true,1,134729
7290008753388,false,דוריטוס בטעם טבעי 55 ג',STRAUSS-ISRAEL,,דוריטוס טבעי 55 גר,גרמים,55.00,100 גרם,false,,3.50,0.0636,true,1,141775
7290008754415,false,גומי מאסט בטעם ספירמינט עדין פליפטופ 28 ג' עלית,"שטראוס גרופ בע""מ",,מאסט ספירמינט מגדים,גרמים,28.00,100 גרם,false,,4.50,0.1607,true,1,134106
7290008775816,false,ערגליות עוגיות במילוי שוקולד אסם 300 גרם,מיוצר עי קונדיטוריית,,ערגליות שוקולד שקית,גרמים,300.00,100 גרם,false,,9.90,0.0330,true,1,137821
7290008801843,false,"יין קברנה סוביניון סלקטד כרמל 750 מ""ל","כד בני דרום בע""מ",,יין אדום יבש קברנה ס,מיליליטרים,750.00,"100 מ""ל",false,,29.90,0.0399,true,1,141192
7290008802291,false,יין מרלו פרייבט קולקשן יקבי כרמל,אגודת הכורמים הקואופרטיב,,יין מרלו פרייבט קולק,מיליליטרים,750.00,"100 מ""ל",false,,39.90,0.0532,true,1,152289
7290008802512,false,"יין וינו אדום ""כרמל מזרחי""",כרמל מזרחי,,יין אדום יבש וינו 75,מיליליטרים,750.00,"100 מ""ל",false,,22.20,0.0296,true,1,146869
7290008802529,false,"יין לבן חצי יבש וינו 750 מ""ל",כרמל מזרחי,,יין לבן חצי יבש וינו,מיליליטרים,750.00,"100 מ""ל",false,,22.20,0.0296,true,1,146870
7290008806305,false,"שלגון פצפצים ""שטראוס""","מיוצר ע"" גלידת שטראו",,פצפצים,Unknown,1.00,יחידה,false,,5.90,5.9000,true,1,145998
7290008806961,false,גלידה שוקולד שבבי שוקולד פרה 1.33 ל' קרמיסימו,"גלידת שטראוס בע""\מ, רחוב",,גלידת קרמיסימו 1.33,מיליליטרים,1330.00,"100 מ""ל",false,,18.90,0.0142,true,1,145999
7290008846219,false,"שמן זית כתית מעולה חלוצה 750 מ""ל",האי נאם סי או אל.טי.,,"שמן זית גרם 750 מ""ל",מיליליטרים,750.00,"100 מ""ל",false,,39.90,0.0532,true,1,140864
7290008909853,false,"קוקה קולה זירו בקבוק 500 מ""ל.",החברה המרכזית לייצור משקאות,,קולה ZERO בקבוק 500,מיליליטרים,500.00,"100 מ""ל",false,,6.50,0.0130,true,1,137971
7290008909860,false,קוקה קולה זירו בקבוק 1.5ל,החברה המרכזית לייצור משקאות,,קוקה קולה זירו בקבוק,מיליליטרים,1500.00,"100 מ""ל",false,,8.80,0.0059,true,1,138980
7290010002009,false,תערובת לציפוי מאפים מלוחים מימון 130 גרם,תבליני מימון,,תערובת לציפוי מאפים,גרמים,130.00,100 גרם,false,,11.90,0.0915,true,1,156085
7290010002023,false,כורכום הודי טחון תבליני מימון 100 גרם,א.ל ייצור ושיווק תבלינים,,כורכום טחון במיכל תב,גרמים,100.00,100 גרם,false,,11.90,0.1190,true,1,139855
7290010002030,false,תבלין כמון טחון תבליני מימון 100 גרם,א.ל ייצור ושיווק תבלינים,,כמון טחון במיכל תבלי,גרמים,100.00,100 גרם,false,,11.90,0.1190,true,1,139856
7290010002047,false,תבלין מלח לימון תבליני מימון 200 גרם,א.ל ייצור ושיווק תבלינים,,מלח לימון במיכל תבלי,גרמים,200.00,100 גרם,false,,10.90,0.0545,true,1,139857
7290010002078,false,פלפל שחור טחון תבליני מימון 100 גרם,א.ל ייצור ושיווק תבלינים,,פלפל שחור טחון במיכל,גרמים,100.00,100 גרם,false,,15.50,0.1550,true,1,139858
7290010002122,false,פפריקה הונגרית מתוקה תבליני מימון 100 גרם,א.ל ייצור ושיווק תבלינים,,פפריקה הונגרית מתוקה,גרמים,100.00,100 גרם,false,,11.90,0.1190,true,1,139860
7290010002139,false,פפריקה הונגרית חריפה תבליני מימון 100 גרם,א.ל ייצור ושיווק תבלינים,,פפריקה הונגרית חריפה,גרמים,100.00,100 גרם,false,,11.90,0.1190,true,1,139861
7290010002191,false,תבלין מקלות קינמון תבליני מימון 50 גרם,א.ל ייצור ושיווק תבל,,מקלות קינמון במיכל ת,גרמים,50.00,100 גרם,false,,15.50,0.3100,true,1,142350
7290010002207,false,תבלין קינמון טחון תבליני מימון 100 גרם,א.ל ייצור ושיווק תבלינים,,קינמון טחון במיכל תב,גרמים,100.00,100 גרם,false,,9.90,0.0990,true,1,139863
7290010002214,false,תבלין צ'ילי גרוס תבליני מימון 80 גרם,א.ל ייצור ושיווק תבלינים,,צ'ילי גרוס במיכל תבל,גרמים,70.00,100 גרם,false,,11.90,0.1700,true,1,142351
7290010002351,false,זעתר ושומשום תבליני מימון 100 גרם,א.ל ייצור ושיווק תבלינים,,זעתר עם שומשום במיכל,גרמים,100.00,100 גרם,false,,11.90,0.1190,true,1,139865
7290010002382,false,תבלין אורגנו תבליני מימון 40 גרם,א.ל ייצור ושיווק תבלינים,,אורגנו במיכל תבליני,גרמים,40.00,100 גרם,false,,9.90,0.2475,true,1,139866
7290010002399,false,תבלין בזיליקום תבליני מימון 40 גרם,א.ל ייצור ושיווק תבלינים,,בזיליקום יבש במיכל ת,גרמים,40.00,100 גרם,false,,9.90,0.2475,true,1,142357
7290010002498,false,תבלין שום גבישי תבליני מימון 120 גרם,א.ל ייצור ושיווק תבלינים,,שום גבישי במיכל תבלי,גרמים,120.00,100 גרם,false,,15.50,0.1292,true,1,139868
7290010003693,false,פפריקה מתוקה בשקית תבליני מימון 80 גרם,א.ל ייצור ושיווק תבל,,פפריקה מתוקה בשקית ת,גרמים,80.00,100 גרם,false,,6.30,0.0787,true,1,142365
7290010003709,false,פלפל שחור טחון בשקית תבליני מימון 50 גרם,א.ל ייצור ושיווק תבל,,פלפל שחור טחון בשקית,גרמים,50.00,100 גרם,false,,7.90,0.1580,true,1,142366
7290010003778,false,תיבול לגריל עוף בשקית תבליני מימון 80 גרם,א.ל ייצור ושיווק תבל,,תיבול לגריל עוף בשקי,גרמים,80.00,100 גרם,false,,6.30,0.0787,true,1,142369
7290010003839,false,קינמון טחון בשקית תבליני מימון 80 גרם,א.ל ייצור ושיווק תבל,,קינמון טחון בשקית תב,גרמים,80.00,100 גרם,false,,6.30,0.0787,true,1,142374
7290010003846,false,אורגנו בשקית תבליני מימון 20 גרם,א.ל ייצור ושיווק תבל,,אורגנו בשקית תבליני,גרמים,20.00,100 גרם,false,,6.30,0.3150,true,1,142375
7290010003990,false,פטרוזיליה בשקית תבליני מימון 20 גרם,א.ל ייצור ושיווק תבל,,פטרוזיליה בשקית תבלי,גרמים,20.00,100 גרם,false,,6.30,0.3150,true,1,142376
7290010018086,false,גולש אמיתי גודפוד 40,,,גולש אמיתי גודפוד 40,גרמים,400.00,100 גרם,false,,17.90,0.0447,true,1,150751
7290010065301,true,מחית סלט פירות 130 ג,,,מחית סלט פירות 130 ג,,0.00,,false,,5.00,0.0000,true,1,132598
7290010065332,false,מחית תפוח עץ בננה ג'וניור פרינוק 190 גרם,פרוטה פודווין איי.אס,,פרינוק מחית תפוחי עץ,גרמים,190.00,100 גרם,false,,6.50,0.0342,true,1,143886
7290010065721,true,מחית לפתן פירות 130,,,מחית לפתן פירות 130,,0.00,,false,,5.00,0.0000,true,1,132599
7290010072088,true,מאפה קקאו ארוז,,,מאפה קקאו ארוז,,0.00,,false,,5.00,0.0000,true,1,134206
7290010072095,true,מאפה קינמון ארוז,,,מאפה קינמון ארוז,,0.00,,false,,5.00,0.0000,true,1,134128
7290010072101,true,מאפה פרג ארוז,,,מאפה פרג ארוז,,0.00,,false,,5.00,0.0000,true,1,134129
7290010072262,true,עוגת שמרים שוקולד25,,,עוגת שמרים שוקולד25,,0.00,,false,,5.00,0.0000,true,1,134026
7290010072279,true,עוגת שמרים קינמון25,,,עוגת שמרים קינמון25,,0.00,,false,,5.00,0.0000,true,1,134027
7290010112692,true,מברשת אובלית לשיער,,,מברשת אובלית לשיער,,0.00,,false,,5.00,0.0000,true,1,134171
7290010113798,true,קרם שפתיים 10 גרם,,,קרם שפתיים 10 גרם,,0.00,,false,,5.00,0.0000,true,1,133454
7290010117857,false,דוריטוס חטיף חריף אש 55 ג',STRAUSS-ISRAEL,,דוריטוס חריף אש 55 ג,גרמים,55.00,100 גרם,false,,3.50,0.0636,true,1,135718
7290010117970,false,סבבה בוטנים קלויים מצופים - אריזה אישית,"שטראוס פריטו ליי בע""",,בוטנים אמריקאים 50 ג,גרמים,50.00,100 גרם,false,,2.90,0.0580,true,1,136394
7290010119950,false,דוריטוס חמוץ חריף 55 גרם-סטריפ,שטראוס גרופ,,דוריטוס חמוץ חריף 55,גרמים,55.00,100 גרם,false,,3.50,0.0636,true,1,132874
7290010129010,false,עוג.כתר במילוי ריבה 600ג,ק.א. ומשווק בבלעדיות על,,עוגיות כתר ריבה 600,גרמים,600.00,100 גרם,false,,19.90,0.0332,true,1,136445
7290010129553,false,עוגיות רולדה תמרים 600 גרם,ק.א. ומשווק בבלעדיות על,,עוגיות רולדה תמרים 6,גרמים,600.00,100 גרם,false,,19.90,0.0332,true,1,143447
7290010154005,false,סחוג תימני יוחאי ביטון 250 גרם,תבליני יוחאי ביטון,,סחוג תימני 250 ביטון,גרמים,250.00,100 גרם,false,,13.90,0.0556,true,1,155599
7290010154685,false,סלט שום כתוש 250 ג' ביטון יוחאי,תבליני ביטון יוחאי,,סלט שום כתוש 250 גרם,גרמים,250.00,100 גרם,false,,13.90,0.0556,true,1,140970
7290010172344,true,אבקה להכנת כדורי שוק,,,אבקה להכנת כדורי שוק,,0.00,,false,,0.00,0.0000,true,1,136308
7290010237531,false,פפסי קולה פלסטיק 500מל,סנו מפעלי ברונוס.,,"פפסי קולה 500 מ""ל",מיליליטרים,500.00,"100 מ""ל",false,,4.50,0.0090,true,1,132897
7290010259823,false,מנת השף-מרק עם נודלס בטעם עוף ויליפוד,נמצ'או(תאילנד) בעמ,,נודלס בטעם עוף מנת ה,גרמים,70.00,100 גרם,false,,5.50,0.0786,true,1,142661
7290010259847,false,מנת השף מרק עם נודלס בטעם תירס ויליפוד 70 גרם,קריות זול,,מנת השף נודלס בטעם ת,גרמים,70.00,100 גרם,false,,5.50,0.0786,true,1,156110
7290010259854,false,מנת השף מרק עם נודלס בטעם פטריות ויליפוד 70 גרם,נמצ'או(תאילנד) בעמ,,נודלס מנת השף בטעם פ,גרמים,70.00,100 גרם,false,,5.50,0.0786,true,1,142663
7290010259861,false,מנת השף מרק עם נודלס בטעם ירקות ויליפוד 70 גרם,קריות זול,,נודלס עם ירקות מנת ה,גרמים,70.00,100 גרם,false,,5.50,0.0786,true,1,156111
7290010259977,false,שמן קנולה מזוכך ויליפוד 1 ליטר,בונגי פולין אס.פי.זד,,שמן קנולה 1 ליטר,מיליליטרים,1000.00,"100 מ""ל",false,,10.90,0.0109,true,1,137978
7290010293834,true,"מכסה לכוס 370 מ""ל",,,"מכסה לכוס 370 מ""ל",,0.00,,false,,2999.90,0.0000,true,1,137895
7290010300815,true,סבון אסלה כחול,,,סבון אסלה כחול,,0.00,,false,,5.00,0.0000,true,1,133196
7290010321222,true,יולו white קרם פטסיי,,,יולו white קרם פטסיי,,0.00,,false,,5.00,0.0000,true,1,138122
7290010321239,true,יולו white קרמל מלוח,,,יולו white קרמל מלוח,,0.00,,false,,5.00,0.0000,true,1,138123
7290010328246,false,טחינה גולמית משומשום מלא אחווה 500 גרם,"אחדות ביח""ר לטחינה ח",,טחינה גולמית משומשום,גרמים,500.00,100 גרם,false,,12.90,0.0258,true,1,138231
7290010328253,false,טחינה גולמית משומשום טבעי אחווה 500 גרם,"אחדות ביח""ר לטחינה ח",,טחינה גולמית אחוה 50,גרמים,500.00,100 גרם,false,,12.90,0.0258,true,1,135769
7290010328505,false,"מארז מיני חלווה 15 יחידות לל""ס אחוה 150 גרם",אחדות ביחר לטחינה חל,,חטיפי מיני חלווה ללא,Unknown,15.00,יחידה,false,,11.90,0.7933,true,1,144441
7290010328789,true,עוגה בטעם וניל אחדות,,,עוגה בטעם וניל אחדות,,0.00,,false,,5.00,0.0000,true,1,135445
7290010328840,true,עוגה בטעם שוקולד כשל,,,עוגה בטעם שוקולד כשל,,0.00,,false,,5.00,0.0000,true,1,135884
7290010352463,true,מפעל-ממרח אבוקדו,,,מפעל-ממרח אבוקדו,,0.00,,false,,2999.90,0.0000,true,1,134626
7290010429554,false,"שמן זית כתית מעולה יד מרדכי 2 קלאסי, 750 מ""ל",מכוורת יד מרדכי שטראוס ב,,שמן זית כתית מעולה ק,מיליליטרים,750.00,"100 מ""ל",false,,33.90,0.0452,true,1,139494
7290010471669,false,יוגורט תות עם קורנפלקס מצופה שוקולד ללא גלוטן 3.9%,"שטראוס בריאות בע""\מ",,דנונה בר תות קורנפלק,גרמים,175.00,100 גרם,false,,4.30,0.0246,true,1,137848
7290010472765,true,רביעיית גמדים תות,,,רביעיית גמדים תות,,0.00,,false,,0.00,0.0000,true,1,135523
7290010613137,true,נוזל שמשות 2 ליטר,,,נוזל שמשות 2 ליטר,,0.00,,false,,5.00,0.0000,true,1,135130
7290010632794,true,"סכינים ח""פ 100 יחידו",,,"סכינים ח""פ 100 יחידו",,0.00,,false,,5.00,0.0000,true,1,138166
7290010650033,false,בצלצלי שאלוט חוות תק,חוות פטריות תקוע,,בצלצלי שאלוט חוות תק,גרמים,350.00,100 גרם,false,,11.90,0.0340,true,1,145040
7290010711703,true,50שקיות אוכל מנייר,,,50שקיות אוכל מנייר,,0.00,,false,,0.00,0.0000,true,1,136739
7290010770571,true,"אקוה פרש מנטה 75 מ""ל",,,"אקוה פרש מנטה 75 מ""ל",,0.00,,false,,5.00,0.0000,true,1,132600
7290010827794,true,מגבוני דיילי קאר 64,,,מגבוני דיילי קאר 64,,0.00,,false,,6.00,0.0000,true,1,135860
7290010829385,true,מטליות לרצפה 10 יחיד,,,מטליות לרצפה 10 יחיד,,0.00,,false,,5.00,0.0000,true,1,133125
7290010829460,true,מגבונים להסרת איפור,,,מגבונים להסרת איפור,,0.00,,false,,5.00,0.0000,true,1,133622
7290010838219,false,ממתיק על בסיס צמח הסטיביה - שקיות,"קיפל טבליות וממתיקים בע""מ",,סטיביה 100 שקיות,Unknown,100.00,יחידה,false,,28.90,0.2890,true,1,140774
7290010883356,false,כפפות אלוורה רב שימושיות גדולות L סנו סושי,סנו סושי,,כפפות אלוורה L,Unknown,1.00,יחידה,false,,10.90,10.9000,true,1,142190
7290010883363,false,כפפות אלוורה רב שימושיות קטנות S סנו סושי,האי נאם סי או אל.טי.,,כפפות אלוורה S,Unknown,1.00,יחידה,false,,10.90,10.9000,true,1,142191
7290010883370,false,כפפות אלוורה רב שימושיות בינוניות M סנו סושי,האי נאם סי או אל.טי.,,כפפות אלוורה M,Unknown,1.00,יחידה,false,,10.90,10.9000,true,1,142192
7290010903498,false,לבבות תירס 600 גר רמילוי,,,רמי לוי לבבות תירס 6,גרמים,600.00,100 גרם,false,,11.40,0.0190,true,1,147590
7290010931330,false,סלט מטבוחה אחלה 500 גרם,מיוצר עי קונדיטוריית,,מטבוחה 500,גרמים,575.00,100 גרם,false,,13.80,0.0240,true,1,141518
7290010945146,false,קוטג' 3% מועשר בסידן טרה 250 ג' מהדרין,קריות זול,,גבינת קוטג' מועשרת 3,גרמים,250.00,100 גרם,false,,5.50,0.0220,true,1,151430
7290010945481,false,גבינה לבנה טרה 5% מרכיבים טבעיים,הפריט בפיקוח,,גבינה לבנה 5% טרה 50,גרמים,500.00,100 גרם,false,,9.95,0.0199,true,1,145805
7290010960071,true,"בוחשן כפית 6,000 יח",,,"בוחשן כפית 6,000 יח",,0.00,,false,,2999.90,0.0000,true,1,136195
7290010961016,true,דוגן מזלג פלסטיק100,,,דוגן מזלג פלסטיק100,,0.00,,false,,2999.90,0.0000,true,1,134503
7290010962082,true,תירס מתוק 550 גרם,,,תירס מתוק 550 גרם,,0.00,,false,,5.00,0.0000,true,1,133342
7290010967131,true,באגסי גריל 40 גרם,,,באגסי גריל 40 גרם,,0.00,,false,,5.00,0.0000,true,1,132421
7290010967148,true,באגסי ברביקיו 40 גרם,,,באגסי ברביקיו 40 גרם,,0.00,,false,,5.00,0.0000,true,1,132422
7290010967155,true,באגסי בצל 40 גרם,,,באגסי בצל 40 גרם,,0.00,,false,,5.00,0.0000,true,1,132423
7290011015374,false,"סחוט תפוחים צלול פריגת 400 מ""ל",היינץ צפון אמריקה מק,,מיץ פריגת סחוט תפוח,100 0,400.00,100 0,false,,9.90,0.0248,true,1,151967
7290011017866,false,קוקה קולה קלאסי בפחית,החברה המרכזית לייצור משקאות,,סליק קוקה קולה 330 מ,מיליליטרים,330.00,"100 מ""ל",false,,6.20,0.0188,true,1,133412
7290011017873,false,"פחיות קוקה קולה זירו 330 מ""ל",החברה המרכזית לייצור משקאות,,סליק קולה ZERO 330 מ,מיליליטרים,330.00,"100 מ""ל",false,,6.20,0.0188,true,1,133413
7290011018467,true,פחית סליק פאנטה אקזו,,,פחית סליק פאנטה אקזו,,0.00,,false,,0.00,0.0000,true,1,135593
7290011018924,false,"מארז פחיות דיאט קוקה קולה שישייה 330 מ""ל",החברה המרכזית לייצור משקאות,,שישיית פחיות דיאט קו,מיליליטרים,1980.00,"100 מ""ל",false,,25.70,0.0130,true,1,135596
7290011063023,true,רצועת חתולים,,,רצועת חתולים,,0.00,,false,,0.00,0.0000,true,1,135367
7290011081492,false,גלידה בטעם שלושה שוקולדים 1.33ל' קרמיסימו,"גלידת שטראוס בע""\מ, רחוב",,גלידת קרמיסימו 1.33,מיליליטרים,1330.00,"100 מ""ל",false,,18.90,0.0142,true,1,146002
7290011132163,true,סיידר נקטר אפרסק פחי,,,סיידר נקטר אפרסק פחי,,0.00,,false,,0.00,0.0000,true,1,136070
7290011132170,true,סיידר נקטר תות בננה,,,סיידר נקטר תות בננה,,0.00,,false,,0.00,0.0000,true,1,136071
7290011132392,true,"שנדי אבטיח 330 מ""ל",,,"שנדי אבטיח 330 מ""ל",,0.00,,false,,5.00,0.0000,true,1,134854
7290011132620,true,שישיית שנדי אבטיח33,,,שישיית שנדי אבטיח33,,0.00,,false,,2999.90,0.0000,true,1,134855
7290011133771,true,"ג""אמפ תה קר אפרסק בק",,,"ג""אמפ תה קר אפרסק בק",,0.00,,false,,6.00,0.0000,true,1,132973
7290011133795,true,"ג""אמפ תה קר תפוח בקב",,,"ג""אמפ תה קר תפוח בקב",,0.00,,false,,5.00,0.0000,true,1,132974
7290011133849,true,חבית בירה גולדסטאר2,,,חבית בירה גולדסטאר2,,0.00,,false,,0.00,0.0000,true,1,137817
7290011148591,false,שיני שום שלוף 500 גר,עטרה,,כרובית,יח',1.00,יח',false,,9.90,9.9000,true,1,155871
7290011148621,false,דאבל ברוקולי,,,צמד ברוקולי,גרמים,800.00,100 גרם,false,,16.90,0.0211,true,1,149414
7290011194246,false,קוטג' 5% עם סידן 250 ג' שטראוס,מיוצר עי קונדיטוריית,,גבינת קוטג 5% שטראוס,גרמים,250.00,100 גרם,false,,5.90,0.0236,true,1,133816
7290011223045,false,בישקוטים בונומי 200 גרם,בונומי ס.פ.א,,בישקוטים בונומי 200,גרמים,200.00,100 גרם,false,,6.90,0.0345,true,1,140775
7290011239213,false,חטיפים מתוקים -מחרום,בני ריאד מחרום,,ממתק מחרום 100 גרם,גרמים,100.00,100 גרם,false,,5.90,0.0590,true,1,132896
7290011249748,false,רולים גלילי ופל במילוי קרם שוקולד 100 ג' עלמה,"גילרו בע""מ",,רולים שוקו 100 גרם,גרמים,100.00,100 גרם,false,,3.90,0.0390,true,1,143266
7290011249755,false,רולים גלילי ופל במילוי קרם אגוזים 100 ג' עלמה,"גילרו בע""מ",,רולים אגוז 100 גרם,גרמים,100.00,100 גרם,false,,3.90,0.0390,true,1,143267
7290011254063,true,מפעל-עדשים שחורות50,,,מפעל-עדשים שחורות50,,0.00,,false,,2999.00,0.0000,true,1,136364
7290011276010,true,חסה ערבית,,,חסה ערבית,,0.00,,false,,5.00,0.0000,true,1,133037
7290011276485,false,חסה עגולה רמי לוי,,,חסה עגולה רמי לוי,Unknown,1.00,יחידה,false,,6.90,6.9000,true,1,146707
7290011347000,true,לימונדה גלון 5 ליטר,,,לימונדה גלון 5 ליטר,,0.00,,false,,0.00,0.0000,true,1,133591
7290011407506,false,מגבונים לחים לניקוי,א.ש.כ,,מגבונים לניקוי כללי,Unknown,400.00,יחידה,false,,19.90,0.0497,true,1,138639
7290011432751,false,שקית גופיה רמי לוי ב,,,שקית גופיה רמי לוי ב,פריט,1.00,"ק""ג",false,,0.10,0.1000,true,1,149413
7290011438142,false,"משקה יטבתה אייס קפה בבקבוק אישי 350 מ""ל",מחלבת יטבתה,,אייס קפה 2% יטבתה 35,מיליליטרים,350.00,"100 מ""ל",false,,6.20,0.0177,true,1,142254
7290011486150,true,מארז חג פורים,,,מארז חג פורים,,0.00,,false,,5.00,0.0000,true,1,134040
7290011489533,true,בייגלה שמיניות עם מל,,,בייגלה שמיניות עם מל,,0.00,,false,,5.00,0.0000,true,1,132348
7290011489755,true,בייגלה טבעות עם מלח,,,בייגלה טבעות עם מלח,,0.00,,false,,5.00,0.0000,true,1,134270
7290011489762,true,בייגלה טבעות עם שומש,,,בייגלה טבעות עם שומש,,0.00,,false,,5.00,0.0000,true,1,134271
7290011499051,false,פטה כבשים מסורתית 20% בגביע 250 גרם - רובין,MKN עבור מחלבות גד ב,,גבינת פטה כבשים 20%,גרמים,250.00,100 גרם,false,,26.50,0.1060,true,1,140595
7290011499105,false,בולגרית מסורתית 5% 250 גרם -רבנות,ג'נרל מילס סאן אדריא,,בולגרית מסורתית 5% 2,גרמים,250.00,100 גרם,false,,22.90,0.0916,true,1,140698
7290011499129,false,גבינה בולגרית מעודנת קוביות קטנות 5% גד 200 גרם,קוד יצרן DSH,,קוביות גבינה בולגרית,גרמים,200.00,100 גרם,false,,22.90,0.1145,true,1,135740
7290011499303,false,פטה עיזים מעודנת 5% בגביע 250 גרם - רבנות,ג'נרל מילס סאן אדריא,,גבינת פטה עיזים מעוד,גרמים,250.00,100 גרם,false,,30.90,0.1236,true,1,140597
7290011499327,false,גבינה בולגרית מעודנת 5% 250 גרם - רבנות,מיוצר על ידי DSH עבו,,‏בולגרית מעודנת 5% 2,גרמים,250.00,100 גרם,false,,22.90,0.0916,true,1,140699
7290011499365,false,גד חלומי 24% 200 גרם רובין,"מחלבות גד בע""\מ",,חלומי 24% 200 גרם,גרמים,200.00,100 גרם,false,,20.90,0.1045,true,1,140702
7290011499419,false,גבינה במרקם שמנת בטעם טבעי 5% ניו יורק,גבינות מדף,,גבינה במרקם שמנת ניו,גרמים,200.00,100 גרם,false,,11.90,0.0595,true,1,140600
7290011499624,false,שמנת 30% ניו יורק טבעי 200 גרם רבנות,גבינות מדף,,גבינת שמנת ניו יורק,גרמים,200.00,100 גרם,false,,12.90,0.0645,true,1,140602
7290011518561,false,"אקטימל תות 1.51 ק""ג מארז 14 יחידות",מיוצר עי קונדיטוריית,,"אקטימל תות 14*100 מ""",מיליליטרים,1400.00,"100 מ""ל",false,,29.90,0.0214,true,1,137305
7290011530068,true,שוקיים ארוז 130 גרם,,,שוקיים ארוז 130 גרם,,0.00,,false,,5.00,0.0000,true,1,132760
7290011530075,true,שיפוד שישליק מתובל1,,,שיפוד שישליק מתובל1,,0.00,,false,,5.00,0.0000,true,1,132761
7290011530082,true,שיפוד שישליק מעובד1,,,שיפוד שישליק מעובד1,,0.00,,false,,5.00,0.0000,true,1,132762
7290011587758,false,אטריות נודלס דק 200 גר' -תומר,אופאל,,נודלס דק 200 גרם,גרמים,200.00,100 גרם,false,,4.90,0.0245,true,1,157932
7290011587833,false,חצאי עגבניות מיובשות מתובלות בשמן חמניות ועשבי תיבול,Sunto gida sun ve ti,,עגבניות מיובשות בשמן,גרמים,340.00,100 גרם,false,,12.90,0.0379,true,1,157934
7290011598211,false,"סנו - אנטי קאלק מרסס ניקוי כללי 4 ב-1 700 מ""ל",מיוצר עי קונדיטוריית,,אנטי קאלק מרסס 4 ב-,מיליליטרים,750.00,"100 מ""ל",false,,17.90,0.0239,true,1,139070
7290011598259,false,"פרש מטהר אוויר אוטומטי בניחוח מאסק סנו 250 מ""ל",סנו מפעלי ברונוס בעמ,,מילוי פרש אוטומטיק מ,מיליליטרים,350.00,"100 מ""ל",false,,14.90,0.0426,true,1,148053
7290011598365,false,רביעיית מטליות מיקרופייבר מקצועיות סנו סושי,סנו סושי,,4 מטליות פרופישוניל,Unknown,4.00,יחידה,false,,14.90,3.7250,true,1,142194
7290011618346,true,"דאק דיסק ג""ל בניחוח",,,"דאק דיסק ג""ל בניחוח",,0.00,,false,,5.00,0.0000,true,1,134501
7290011668099,true,גל ניקוי,,,גל ניקוי,,0.00,,false,,0.00,0.0000,true,1,133396
7290011723200,false,טחינה הר ברכה 100% שומשום טהור 500 גר,טחינה הר ברכה בעמ,,טחינה הר ברכה 500 גר,גרמים,500.00,100 גרם,false,,18.90,0.0378,true,1,156941
7290011923112,false,גבינת גוש בסגנון פטה יוונית טבעוני 200 ג,,,גוש בסגנון פטה יווני,גרמים,200.00,100 גרם,false,,18.90,0.0945,true,1,160389
7290011947309,false,זיתים מצוננים סורי מבוקע ולימון כבוש זיתא 230 ג',זיתא – י.ט.ב תעשיות,,זית סורי מבוקע עם לי,גרמים,230.00,100 גרם,false,,13.90,0.0604,true,1,142811
7290011947798,false,זית קלמטה ללא גלעין עם שמן זית כתית מעולה,זיתא - י.ט.ב תעשיות,,זית קלמטה ללא גלעין,גרמים,190.00,100 גרם,false,,13.90,0.0732,true,1,152051
7290012001994,false,חרדל דיז'ון גרעינים 350 ג' ריין דיזון,ריין דיז'ון reine dijon,,חרדל דיזון גרגירים 3,גרמים,350.00,100 גרם,false,,11.90,0.0340,true,1,143293
7290012004889,true,מפעל-עדשים שחורות מה,,,מפעל-עדשים שחורות מה,,0.00,,false,,2999.00,0.0000,true,1,136388
7290012019012,false,אספרגוס לבן שלם תומר 330 גרם,,,אספרגוס לבן שלם בצנצ,גרמים,330.00,100 גרם,false,,9.90,0.0300,true,1,159278
7290012022203,false,פריכיות קליליות חיטה,דילייט 2005,,קליליות פרכיות חיטה,גרמים,100.00,100 גרם,false,,13.90,0.1390,true,1,155349
7290012022227,false,קליליות חיטה בטעם טבעי,דילייט 2005,,קליליות פרכיות בטעם,גרמים,70.00,100 גרם,false,,11.90,0.1700,true,1,155350
7290012022272,false,פריכיות קליליות קידס,דילייט 2005,,קליליות קידס פרכיות,גרמים,30.00,100 גרם,false,,10.90,0.3633,true,1,155351
7290012025822,false,סלק אסלי שמיר 400 גרם,"סלטי שמיר 2006 בע""מ",,סלק אסלי 400 גרם,גרמים,400.00,100 גרם,false,,10.90,0.0273,true,1,156793
7290012028472,true,מארז טבק נקסט פיין,,,מארז טבק נקסט פיין,,0.00,,false,,0.00,0.0000,true,1,137643
7290012028663,true,מארז טבק אל.אמ בלו,,,מארז טבק אל.אמ בלו,,0.00,,false,,0.00,0.0000,true,1,138232
7290012028755,true,פאקט-נקסט ריסס ארוך,,,פאקט-נקסט ריסס ארוך,,0.00,,false,,0.00,0.0000,true,1,137644
7290012030499,true,אל אמ לייט,,,אל אמ לייט,,0.00,,false,,0.00,0.0000,true,1,138151
7290012030512,true,אל אמ לייט ארוך,,,אל אמ לייט ארוך,,0.00,,false,,0.00,0.0000,true,1,138153
7290012030574,true,אל אמ מנטה,,,אל אמ מנטה,,0.00,,false,,0.00,0.0000,true,1,138152
7290012116537,false,"מקסימה אבקת כביסה בניחוח מאסק סנו 2.5 ק""ג",טרופיקל דגיל תעשיות,,מקסימה אבקת כביסה מא,גרמים,2500.00,100 גרם,false,,23.90,0.0096,true,1,142200
7290012117534,false,מרכך כביסה מרוכז תכלת קול סנו מקסימה 1 ליטר,"סנו מפעלי ברונוס בע""\מ",,מקסימה מרכך מרוכז 1,מיליליטרים,1000.00,"100 מ""ל",false,,17.90,0.0179,true,1,142202
7290012117558,false,מקסימה מרכך כביסה מרוכז ורוד בניחוח מאסק סנו 1 ליטר,"סנו מפעלי ברונוס בע""\מ",,מרכך מרוכז מאסק 1 לי,מיליליטרים,1000.00,"100 מ""ל",false,,17.90,0.0179,true,1,139071
7290012117794,true,אורביטול 100 גרם כשל,,,אורביטול 100 גרם כשל,,0.00,,false,,0.00,0.0000,true,1,136076
7290012123016,true,סושי הוסומאקי צימחונ,,,סושי הוסומאקי צימחונ,,0.00,,false,,5.00,0.0000,true,1,133843
7290012123023,true,סושי אינסייד אאוט,,,סושי אינסייד אאוט,,0.00,,false,,5.00,0.0000,true,1,133844
7290012226120,false,"קבנוס 135 גרם ""זוגלובק""",נקניק נהריה כשר זוגל,,קבנוס זוגלובק 135 גר,גרמים,135.00,100 גרם,false,,10.90,0.0807,true,1,140152
7290012227974,false,פסטרמה הודו בדבש טהור דק דק דק,זוגלובק,,פסטרמה בדבש 120 גרם,גרמים,120.00,100 גרם,false,,14.70,0.1225,true,1,140162
7290012228261,false,נקנקיות קנקרס הודו ועוף ריינהולד'ס זוגלובק 300 ג',זוגלובק,,נקניקיות הודו פרמיום,גרמים,300.00,100 גרם,false,,21.90,0.0730,true,1,140171
7290012275883,true,פחית בירה מולר 500 מ,,,פחית בירה מולר 500 מ,,0.00,,false,,5.00,0.0000,true,1,135681
7290012313240,false,מיקס זית ירוק וקלמטה קבוצת יבנה 560 גרם,קבוצת יבנה,,מיקס זית ירוק וקלמטה,גרמים,560.00,100 גרם,false,,11.90,0.0213,true,1,155623
7290012313448,true,חרוזי זיתים ירוקים3,,,חרוזי זיתים ירוקים3,,0.00,,false,,0.00,0.0000,true,1,133741
7290012404955,false,נקטר חמוציות ספרינג קולקשן 1.25 ליטר,יפאורה שותפות מובגלת לשיווק,,ספרינג Collection נק,מיליליטרים,1250.00,"100 מ""ל",false,,13.20,0.0106,true,1,143477
7290012413636,false,תה ירוק צ'אי מסאלה ויסוצקי 25 יחידות,ויסוצקי ירוק,,תה ירוק צ'אי מסאלה 2,Unknown,25.00,יחידה,false,,24.90,0.9960,true,1,142814
7290012483530,true,עגבניות מקולפות קובי,,,עגבניות מקולפות קובי,,0.00,,false,,5.00,0.0000,true,1,132509
7290012483547,true,עגבניות תמר שלמות מק,,,עגבניות תמר שלמות מק,,0.00,,false,,5.00,0.0000,true,1,133093
7290012526602,false,כוסות שתיה קרה 100 י,כוסות שתיה קרה 4 ב 1,,כוסות שתיה קרה 100 י,Unknown,100.00,יחידה,false,,7.90,0.0790,true,1,141434
7290012576614,false,יין Premieur לבן חצי יבש אמרלד ריזלינג קולומברד,יקבי ברקן שיווק והפצה בע,,יין לבן ריזלינג פרמי,מיליליטרים,750.00,"100 מ""ל",false,,24.20,0.0323,true,1,135056
7290012645112,false,יוגורט עיזים 2.8% בדלי חלב הארץ 750 גרם,מחלבות סוסיא,,"יוגורט עיזים 750 מ""ל",מיליליטרים,750.00,"100 מ""ל",false,,19.90,0.0265,true,1,142257
7290012645129,false,יוגורט כבשים 5% בדלי חלב הארץ 750 גרם,מחלבות סוסיא,,"יוגורט כבשים 750 מ""ל",מיליליטרים,750.00,"100 מ""ל",false,,19.90,0.0265,true,1,142258
7290012696510,true,"ג""ל לניקוי האסלה",,,"ג""ל לניקוי האסלה",,0.00,,false,,5.00,0.0000,true,1,133068
7290012767128,true,נוזל ניקוי חלונות 1,,,נוזל ניקוי חלונות 1,,0.00,,false,,0.00,0.0000,true,1,133743
7290012803154,true,מואי גליליות עם קרם,,,מואי גליליות עם קרם,,0.00,,false,,0.00,0.0000,true,1,133734
7290012803192,true,מואי-גליליות עם אייר,,,מואי-גליליות עם אייר,,0.00,,false,,5.00,0.0000,true,1,133534
7290012803215,false,וופל בלגי בטעם שוקולד ללא תוספת סוכר,בטר אנד דיפרנט,,ופל בלגי ללא תוספת ס,גרמים,200.00,100 גרם,false,,9.90,0.0495,true,1,136765
7290012803222,false,טוסו ופל בסגנון בלגי בטעם לימון ללא תוספת סוכר 200 גרם,בטר אנד דיפרנט,,ופל בלגי בטעם לימון,גרמים,200.00,100 גרם,false,,9.90,0.0495,true,1,136766
7290012823381,false,מקסימה מרכך כביסה מרוכז סנסטיב בייבי סנו 1 ליטר,"סנו מפעלי ברונוס בע""\מ",,מקסימה מרכך מרוכז 1,מיליליטרים,1000.00,"100 מ""ל",false,,17.90,0.0179,true,1,142205
7290012823398,false,מטליות חד פעמיות לניקוי הרצפה בניחוח מרכך כביסה 10יח' סנו,סנו מפעלי ברונו בעמ,,מטליות לחות לרצפה בנ,Unknown,1.00,יחידה,false,,12.90,12.9000,true,1,140111
7290012823787,true,רסס ונגב מילוי,,,רסס ונגב מילוי,,0.00,,false,,5.00,0.0000,true,1,133572
7290012871054,true,חיטה מלאה תפוחה 220,,,חיטה מלאה תפוחה 220,,0.00,,false,,5.00,0.0000,true,1,133943
7290012901355,false,דודלס ארוחת אטריות עם גבינה 206 גרם,האי נאם סי או אל.טי.,,ארוחת מקרוני עם רוטב,גרמים,206.00,100 גרם,false,,12.90,0.0626,true,1,155554
7290012936944,false,אגוז מוסקט טחון 40 גרם תבליני מימון,א.ל ייצור ושיווק תבלינים,,אגוז מוסקט טחון במיכ,גרמים,40.00,100 גרם,false,,14.90,0.3725,true,1,142384
7290012975189,true,"צלחות ח""פ גדולות 50",,,"צלחות ח""פ גדולות 50",,0.00,,false,,5.00,0.0000,true,1,132702
7290012975240,true,"כוס 250 מ""ל 1200 בקר",,,"כוס 250 מ""ל 1200 בקר",,0.00,,false,,2999.90,0.0000,true,1,136863
7290012975295,true,פלזית -קופיקס - מכסה,,,פלזית -קופיקס - מכסה,,0.00,,false,,0.00,0.0000,true,1,138234
7290012975301,true,"מכסה לכוס 250 מ""ל קו",,,"מכסה לכוס 250 מ""ל קו",,0.00,,false,,0.00,0.0000,true,1,136940
7290013027399,false,לחם קמח מלא קל בתוספת שיפון 750 ג' אנג'ל,מאפיית שלמה א. אנג'\ל בע,,לחם קל פרוס 100% קמח,גרמים,750.00,100 גרם,false,,13.90,0.0185,true,1,144869
7290013033220,true,קוסקוס 500 גרם,,,קוסקוס 500 גרם,,0.00,,false,,5.00,0.0000,true,1,132352
7290013038432,false,מים אקווה נובה בקבוק יחיד,אקווה נובה Aqua Nova,,מים מזוככים אקווה נו,מיליליטרים,2000.00,"100 מ""ל",false,,3.90,0.0019,true,1,133955
7290013038654,true,בירה חבית מכבי קופיק,,,בירה חבית מכבי קופיק,,0.00,,false,,0.00,0.0000,true,1,133972
7290013089809,false,פילה אמנון קפוא במשקל,,,מעדניה - פילה אמנון,קילוגרמים,1.00,"ק""ג",true,,30.90,30.9000,true,1,150773
7290013144195,false,מיימונס תערובת כדורי שוקולד 500 גרם.,א.ל ייצור ושיווק תבלינים,,תערובת כדורי שוקולד,גרמים,500.00,100 גרם,false,,17.50,0.0350,true,1,139872
7290013144232,false,מיימונס פודינג בטעם וניל 80 גרם,א.ל ייצור ושיווק תבלינים,,פודינג וניל 80 גרם,גרמים,85.00,100 גרם,false,,5.00,0.0588,true,1,139876
7290013144393,false,"תמצית בטעם וניל מימונס 50 מ""ל",א.ל ייצור ושיווק תבלינים,,מימונס תמצית בטעם ונ,גרמים,50.00,100 גרם,false,,4.90,0.0980,true,1,139879
7290013144539,false,מימונס צבע מאכל אדום 50 גרם,א.ל ייצור ושיווק תבלינים,,מימונס צבע מאכל אדום,גרמים,50.00,100 גרם,false,,4.50,0.0900,true,1,139885
7290013145048,false,מיימונס צנוברים 100 גרם,א.ל ייצור ושיווק תבלינים,,"צנוברים כשל""פ 100 גר",גרמים,100.00,100 גרם,false,,26.90,0.2690,true,1,138883
7290013145062,false,"סירופ מייפל אמיתי 100% מימונס 187 מ""ל",מימונס אפייה,,סירופ מייפל אמיתי 10,מיליליטרים,187.00,"100 מ""ל",false,,19.90,0.1064,true,1,142143
7290013145178,false,קוקוס טחון לבן מיימונס 100 גרם,א.ל ייצור ושיווק תבלינים,,מימונס קוקוס טחון לב,גרמים,100.00,100 גרם,false,,5.00,0.0500,true,1,138888
7290013145192,false,שומשום מיימונס 100 גרם,א.ל ייצור ושיווק תבלינים,,מימונס שומשום 100 גר,גרמים,100.00,100 גרם,false,,4.60,0.0460,true,1,138889
7290013145215,false,שומשום מימונס 400 גרם,א.ל ייצור ושיווק תבלינים,,שומשום 400 גרם,גרמים,400.00,100 גרם,false,,14.90,0.0373,true,1,142144
7290013145437,false,שוקולד מריר מעולה ציפס מימונס 250 ג',אינטרגטה תעשיות מזון 19),,מימונס שוקולד ציפס 4,גרמים,250.00,100 גרם,false,,14.90,0.0596,true,1,139888
7290013145451,false,אבקת קקאו מימונס 150 ג',מיוצר עי קונדיטוריית,,אבקת קקאו 150 גרם שק,גרמים,150.00,100 גרם,false,,9.50,0.0633,true,1,151536
7290013145529,false,סוכריות צבעוניות לקישוט מיימונס 90 גרם,א.ל ייצור ושיווק תבלינים,,סוכריות צבעוניות לקי,גרמים,90.00,100 גרם,false,,6.50,0.0722,true,1,142145
7290013145536,false,סוכריות לקישוט בטעם שוקולד מיימונס 85 גרם,א.ל ייצור ושיווק תבלינים,,סוכריות שוקולד לקישו,גרמים,85.00,100 גרם,false,,4.80,0.0565,true,1,142146
7290013145567,false,מיימונס מיני מיני עדשים 90 גרם.,א.ל ייצור ושיווק תבלינים,,מיני עדשים 90 גרם,גרמים,90.00,100 גרם,false,,10.90,0.1211,true,1,142147
7290013145840,false,סוכר וניל מיימונס 10 יחידות,א.ל ייצור ושיווק תבלינים,,סוכר וניל 10 יח' בצל,גרמים,100.00,100 גרם,false,,2.50,0.0250,true,1,138890
7290013145857,false,אבקת אפיה מיימונס 10 יחידות,מימונס אפייה,,אבקת אפיה 10 יח' בצל,גרמים,100.00,100 גרם,false,,2.50,0.0250,true,1,138689
7290013145901,false,"סודה לשתיה 100 גרם ""מיימונס""",א.ל ייצור ושיווק תבלינים,,"סודה לשתיה כשל""פ 100",גרמים,100.00,100 גרם,false,,2.00,0.0200,true,1,138682
7290013145963,false,שמרים יבשים בוואקום מיימונס 125 גרם,מימונס אפייה,,מימונס שמרים יבשים ב,גרמים,125.00,100 גרם,false,,5.90,0.0472,true,1,139891
7290013145970,false,קורנפלור מימונס בשקית 200 ג',א.ל ייצור ושיווק תבלינים,,מימונס קורנפלור 200,גרמים,200.00,100 גרם,false,,3.90,0.0195,true,1,139892
7290013146656,false,כוכבים תכלת ירוק לבן לקישוט 60 גרם,"מימונס אפיה בע""מ",,כוכבים תכלת ירוק לבן,גרמים,60.00,100 גרם,false,,11.90,0.1983,true,1,148114
7290013146663,false,אטריות צבעוניות לקישוט מימונס 55 גרם,"מימונס אפיה בע""מ",,אטריות צבעוניות לקיש,גרמים,55.00,100 גרם,false,,11.90,0.2164,true,1,148112
7290013146670,false,סוכריות לב סגול ורוד לבן לקישוט 60 גרם,"מימונס אפיה בע""מ",,סוכריות לב סגול ורוד,גרמים,60.00,100 גרם,false,,11.90,0.1983,true,1,148113
7290013153418,false,פריגת סחוט לימונענע 1 ליטר,פריגת מצוננים,,פריגת סחוט לימונענע,מיליליטרים,1000.00,"100 מ""ל",false,,18.20,0.0182,true,1,143163
7290013268037,false,מקסימה מרכך כביסה מרוכז בניחוח לבנדר פצ'ולי סנו 1 ליטר,"סנו מפעלי ברונוס בע""\מ",,מקסימה מרכך מרוכז 1,מיליליטרים,1000.00,"100 מ""ל",false,,17.90,0.0179,true,1,142206
7290013268242,false,תרכיז ריחני לניקוי רצפות בריח מלון מפנק ריצפז פרש,"סנו מפעלו ברונוס בע""\מ",,ריצפז פרש הום מלון מ,מיליליטרים,2000.00,"100 מ""ל",false,,21.90,0.0109,true,1,146897
7290013268372,false,פוליויקס נוזל לניקוי פרקט סנו 2 ליטר,סנו פוליויקס,,פוליויקס נוזל לניקוי,מיליליטרים,2000.00,"100 מ""ל",false,,21.90,0.0109,true,1,151890
7290013268891,false,אוקסיג'ן ג'ל ללא אקונומיקה עם חמצן פעיל סנו 3 ליטר,"סנו מפעלי ברונוס בע""\מ",,ג'ל להסרת כתמי סנו א,מיליליטרים,3000.00,"100 מ""ל",false,,29.90,0.0100,true,1,140537
7290013269003,false,מרכך כביסה סופר מרוכז בייבי לתינוקות ולעור רגיש,"סנו מפעלי ברונוס בע""\מ",,מקסימהמרכך מרוכז 1 ל,מיליליטרים,1000.00,"100 מ""ל",false,,17.90,0.0179,true,1,142207
7290013269287,false,סנו - מקסימה ג'ל כביסה מרוכז מאסק 3 ליטר,"סנו מפעלי ברונוס בע""\מ",,מקסימה ג'ל כביסה 3 ל,מיליליטרים,3000.00,"100 מ""ל",false,,29.90,0.0100,true,1,142208
7290013269621,false,ריצפז פרש לניקוי רצפות בניחוח מלון בוטיק,מיוצר עי קונדיטוריית,,ריצפז הום פרש - מלון,מיליליטרים,2000.00,"100 מ""ל",false,,19.90,0.0099,true,1,143498
7290013269867,false,סנו סושי זוג מפות אירוח צבעים שונים,מיוצר עי קונדיטוריית,,סנו סושי זוג מפות חד,Unknown,2.00,יחידה,false,,10.90,5.4500,true,1,142085
7290013284273,true,זיתים ירוקים בינוניי,,,זיתים ירוקים בינוניי,,0.00,,false,,5.00,0.0000,true,1,132626
7290013284310,false,רוטב פסטה לילדים 240 גרם פריניר,פריניר ( הדס 1987) ב,,רוטב פסטה לילדים פרי,גרמים,240.00,100 גרם,false,,5.50,0.0229,true,1,132627
7290013284510,true,מפעל-מלפפון קוביות ב,,,מפעל-מלפפון קוביות ב,קילוגרמים,1.00,"ק""ג",true,,2999.90,2999.9000,true,1,136245
7290013302199,true,משקה אנרגיה שוס 250,,,משקה אנרגיה שוס 250,,0.00,,false,,5.00,0.0000,true,1,135068
7290013316547,true,"פקאן פקין חצאים 1 ק""",,,"פקאן פקין חצאים 1 ק""",,0.00,,false,,2999.90,0.0000,true,1,136979
7290013358356,false,פירורי לחם מוזהבים מאסטר שף 320 גרם,מנה י.א בעמ,,פירורי לחם מוזהבים מ,גרמים,320.00,100 גרם,false,,7.80,0.0244,true,1,143145
7290013358363,false,מאסטר שף פרורי לחם פנקו עבים בסגנון יפני 300 גר,קריניציה ויטמינה אס,,פירורי לחם בסגנון יפ,גרמים,300.00,100 גרם,false,,11.90,0.0397,true,1,150943
7290013358486,false,מאסטר שף פירורים מוזהבים ללא צורך בביצה 300 ג,"מיוצר ע""י מנה י.א בע",,מאסטר שף פירורי לחם,גרמים,300.00,100 גרם,false,,6.90,0.0230,true,1,143997
7290013358530,false,מאסטר שף אסייאתי רוטב צ'ילי מתוק 700 מל כשלפ,קריניציה ויטמינה אס,,רוטב צ'ילי מתוק מאסט,מיליליטרים,700.00,"100 מ""ל",false,,13.90,0.0199,true,1,145841
7290013382740,true,טוסטר להכנה בחנות,,,טוסטר להכנה בחנות,,0.00,,false,,0.00,0.0000,true,1,135566
7290013389381,false,"קמח תירס פולנטה מולינו 1 ק""ג",מולינו פילה,,קמח תירס (פולנטה) 1ק,גרמים,1000.00,100 גרם,false,,9.90,0.0099,true,1,157207
7290013424396,true,נתחי טונה בהירה בשמן,,,נתחי טונה בהירה בשמן,,0.00,,false,,5.00,0.0000,true,1,133793
7290013472199,false,ערמונים קלופים וקלויים 105 גרם,בייג'גג פוינונג,,ערמונים קלופים וקלוי,גרמים,100.00,100 גרם,false,,5.90,0.0590,true,1,133020
7290013472311,true,מקרלים בשמן זית 120,,,מקרלים בשמן זית 120,,0.00,,false,,5.00,0.0000,true,1,133094
7290013540867,true,מפעל -נתחי טונה בהיר,,,מפעל -נתחי טונה בהיר,קילוגרמים,1.00,"ק""ג",true,,2999.90,2999.9000,true,1,135057
7290013584496,true,ארגז פיקדון טובורג2,,,ארגז פיקדון טובורג2,,0.00,,false,,0.00,0.0000,true,1,135872
7290013585233,false,"ספרייט זירו פחית סליק 330 מ""ל",החברה המרכזית לייצור משקאות,,סליק ספרייט זירו 330,מיליליטרים,330.00,"100 מ""ל",false,,6.20,0.0188,true,1,133085
7290013585387,false,קוקה קולה זירו 1 ליטר,החברה המרכזית לייצור משקאות,,קוקה קולה זירו בקבוק,מיליליטרים,1000.00,"100 מ""ל",false,,6.90,0.0069,true,1,135597
7290013585394,false,קוקה קולה 1ליטר בודד,החברה המרכזית לייצור משקאות,,קוקה קולה בקבוק 1 לי,מיליליטרים,1000.00,"100 מ""ל",false,,7.50,0.0075,true,1,135598
7290013585967,false,מארז ספרייט זירו 6 * 330 פח Fridge- pack,קוקה קולה ישראל,,שישיית פחיות ספרייט,מיליליטרים,1980.00,"100 מ""ל",false,,25.70,0.0130,true,1,135599
7290013608314,true,מיץ תפוזים עשוי מרכז,,,מיץ תפוזים עשוי מרכז,,0.00,,false,,5.00,0.0000,true,1,134891
7290013608697,true,תפוזים 2 ליטר העדה ה,,,תפוזים 2 ליטר העדה ה,,0.00,,false,,2999.00,0.0000,true,1,134967
7290013702036,true,שוופס WATER אפרסק 50,,,שוופס WATER אפרסק 50,,0.00,,false,,0.00,0.0000,true,1,136570
7290013787422,false,רביולי פלין פטריות - כמהין 330 גרם ריקו בית יוסף,דודו איטליאן פרודקטס בע\,,רביולי פלין פטריות ב,גרמים,330.00,100 גרם,false,,27.90,0.0845,true,1,151925
7290013843050,false,כוסות שתיה קרה 100 י,כוסות שתיה קרה 4 ב 1,,כוסות שתיה קרה 100 י,Unknown,100.00,יחידה,false,,7.90,0.0790,true,1,144450
7290013847102,false,נתחי טונה בהירה בשמן - מארז שלישיה,סטארקיסט Starkist,,נתחי טונה בשמן סטארק,גרמים,240.00,100 גרם,false,,13.90,0.0579,true,1,147812
7290013847225,true,מפעל-ס.ק פאוצ נתחי ט,,,מפעל-ס.ק פאוצ נתחי ט,קילוגרמים,1.00,"ק""ג",true,,0.00,0.0000,true,1,136933
7290013847836,false,נתחי טונה בשמן קנולה זוג * 140 ג' סטארקיסט,סטארקיסט Starkist,,טונה בהירה בשמן קנול,גרמים,280.00,100 גרם,false,,12.90,0.0461,true,1,141175
7290013847867,false,מארז זוגות טונה בשמן סויה 140 ג' סטארקיסט,טונה ויטנאם קו. אל.ט,,טונה בהירה בשמן קנול,גרמים,280.00,100 גרם,false,,12.90,0.0461,true,1,156771
7290013848345,false,מארז מטליות לחיטוי וניקוי יסודי אנטיבקטריאלי 99.9%,סנו מפעלי ברונוס בעמ,,מגבונים 99.9% לחיטוי,Unknown,3.00,יחידה,false,,21.90,7.3000,true,1,148131
7290013848758,false,מקסימה גל כביסה מרוכז בייבי 3ליטר סנסטיב,"סנו מפעלי ברונוס בע""\מ",,ג'ל כביסה מרוכז בייב,מיליליטרים,3000.00,"100 מ""ל",false,,34.90,0.0116,true,1,142210
7290013849205,false,כוס קר שקוף קלאסי מצוין - 100 יחידות,כוסות שתיה קרה 4 ב 1,,כוסות שתיה קרה 100 י,Unknown,100.00,יחידה,false,,7.90,0.0790,true,1,151201
7290013906205,false,פסטרמה עם שום וצ'ילי 400ג' טירת צבי,הנסיך- מפעל לייצור ט,,פסטרמה שום וצ'לי 400,גרמים,400.00,100 גרם,false,,26.90,0.0672,true,1,147791
7290013906441,false,קבנוס טירת צבי 120 גרם,הנסיך- מפעל לייצור ט,,קבנוס 120 גרם טירת צ,גרמים,120.00,100 גרם,false,,11.90,0.0992,true,1,145755
7290013906489,false,חטיפי מיני קבנוס טירת צבי 120 גרם,הנסיך- מפעל לייצור ט,,חטיפי קבנוס 120 גרם,גרמים,120.00,100 גרם,false,,11.90,0.0992,true,1,145756
7290014002203,false,חליטת לימונית ולואיזה הגן הקסום ויסוצקי 25 יחידות,תה ויסוצקי,,חליטת לימונית לואיזה,Unknown,25.00,יחידה,false,,17.90,0.7160,true,1,140204
7290014046436,false,נשנושי קבנוס 125 ג' יחיעם,מעדני יחיעם 1993,,נישנושי קבנוס יחיעם,גרמים,125.00,100 גרם,false,,12.90,0.1032,true,1,152046
7290014066526,false,לנדוור-קפסולות אספרסו תערובת הבית(11) - 10יח'12X יח,קפה לנדוור,,קפסולות קפה תואמות נ,Unknown,10.00,יחידה,false,,15.90,1.5900,true,1,150947
7290014079915,true,קלחי תירס מארז,,,קלחי תירס מארז,,0.00,,false,,5.00,0.0000,true,1,134326
7290014079939,true,פטריות שמפיניון,,,פטריות שמפיניון,,0.00,,false,,0.00,0.0000,true,1,134543
7290014079984,true,פרחי כרובית,,,פרחי כרובית,,0.00,,false,,10.00,0.0000,true,1,136218
7290014081420,true,קיווי,,,קיווי,,0.00,,false,,10.00,0.0000,true,1,137912
7290014083479,false,גבינה פרוסה גאודה 27% שומן EURO CHEESE ויליפוד 150 גרם,ג.וילי פוד אינטרנשיו,,גבינת גאודה פרוסות 2,גרמים,150.00,100 גרם,false,,9.90,0.0660,true,1,145492
7290014083813,false,וילי פוד מריגה שפרוטים מעושנים בשמן 190ג,הנסיך- מפעל לייצור ט,,שפרוטים מעושנים בשמן,גרמים,190.00,100 גרם,false,,8.90,0.0468,true,1,145494
7290014089037,false,נענע בעציץ יחידה,פרח הארץ,,נענע בעציץ,Unknown,1.00,יחידה,false,,8.90,8.9000,true,1,149174
7290014089129,false,רקפת בעציץ יחידה,פרח הארץ,,רקפת בעציץ,Unknown,1.00,יחידה,false,,19.90,19.9000,true,1,149182
7290014089310,false,פטוניה בעציץ יחידה,פרח הארץ,,פטוניה בעציץ,Unknown,1.00,יחידה,false,,8.90,8.9000,true,1,149194
7290014089570,false,אמנון ותמר בעציץ יחידה,פרח הארץ,,אמנון ותמר בעציץ,Unknown,1.00,יחידה,false,,8.90,8.9000,true,1,149211
7290014089662,false,חרצית בעציץ יחידה,פרח הארץ,,חרצית בעציץ,Unknown,1.00,יחידה,false,,14.90,14.9000,true,1,149217
7290014094857,false,פקאן סיני מסוכר 150 גרם ששון הקולה,"דין שיווק וקליה בע""מ",,פקאן סיני מסוכר 150,גרמים,150.00,100 גרם,false,,19.90,0.1327,true,1,153776
7290014094864,false,פיסטוק קלוי 170 גר עם קליפה ששון הקולה,"דין שיווק וקלייה בע""",,פיסטוק קלוי 170 גר',גרמים,170.00,100 גרם,false,,19.90,0.1171,true,1,153777
7290014094895,false,אגוזים קלופים בשקית ששון הקולה 150 גרם,"שקדיה גבע תעשיות בע""",,אגוזים קלופים בשקית,גרמים,150.00,100 גרם,false,,11.90,0.0793,true,1,155324
7290014094901,false,פקאן טבעי 150 גרם ששון הקולה,"דין שיווק וקליה בע""מ",,פקאן טבעי 150 גר' שק,גרמים,150.00,100 גרם,false,,19.90,0.1327,true,1,153778
7290014126145,true,מואי גליליות שוקולד,,,מואי גליליות שוקולד,,0.00,,false,,5.00,0.0000,true,1,133159
7290014126152,true,מואי שכבות ביסקוויט,,,מואי שכבות ביסקוויט,,0.00,,false,,5.00,0.0000,true,1,133535
7290014126725,true,מואי-עוגיות קוקוס עם,,,מואי-עוגיות קוקוס עם,,0.00,,false,,5.00,0.0000,true,1,134893
7290014138971,false,ערכת לפידונים מוצק 44 יח',,,לפידונים מוצק קופסא,Unknown,44.00,יחידה,false,,56.90,1.2932,true,1,144442
7290014138988,false,ערכת לפידונים נוזלי 44 יח',,,לפידונים נוזלי קופסא,Unknown,44.00,יחידה,false,,56.90,1.2932,true,1,144443
7290014217188,true,פלפל שחור טחון 25 גר,,,פלפל שחור טחון 25 גר,,0.00,,false,,5.00,0.0000,true,1,132667
7290014218932,false,חטיפי פיצה בתוספ זיתים בשקית מעדנות 710 גרם,מיוצר עי קונדיטוריית,,חטיפי פיצה בתוספת זי,גרמים,710.00,100 גרם,false,,32.90,0.0463,true,1,147802
7290014236189,true,סבון אסלה כחול בודד,,,סבון אסלה כחול בודד,,0.00,,false,,5.00,0.0000,true,1,132585
7290014356146,true,מפעל-פסטה מסולסלת 5,,,מפעל-פסטה מסולסלת 5,,0.00,,false,,0.00,0.0000,true,1,136356
7290014356245,true,מפעל-שמן קנולה 1 ליט,,,מפעל-שמן קנולה 1 ליט,קילוגרמים,1.00,"ק""ג",true,,0.00,0.0000,true,1,136814
7290014356269,true,מפעל-שמן קנולה 3 ליט,,,מפעל-שמן קנולה 3 ליט,,0.00,,false,,0.00,0.0000,true,1,136337
7290014435803,false,מטיאס הולנדי (פרובנציאל) עם בצל בשמן 180 גרם,שבעת הימים - שמיר,,מטיאס הולנדי 200 גרם,גרמים,200.00,100 גרם,false,,19.90,0.0995,true,1,156796
7290014435841,false,פילה הרינג עם בצל בשמן מטיאס הולנדי שמיר 200 גרם,סלטי שמיר 2006 בעמ,,פילה מטיאס הולנדי בש,גרמים,180.00,100 גרם,false,,19.90,0.1106,true,1,156800
7290014455245,false,גבינה גרנה פדנו משולש גד 200 גר',מחלבת סוציאלה מנטובה,,גבינת גרנה פדנו קשה,גרמים,200.00,100 גרם,false,,25.90,0.1295,true,1,140605
7290014455252,false,גבינה קשה מגורדת גרנה פדנו 29% שומן,מחלבות גד שיווק 1992,,פרמז'ן גרנה פדנו מגו,גרמים,100.00,100 גרם,false,,12.40,0.1240,true,1,138664
7290014455320,false,גבינה כדורי מוצרלה פרסקה גד 100ג',מוצרלה פרסקה 2 ב 15,,מוצרלה פרסקה 100 גרם,גרמים,100.00,100 גרם,false,,9.80,0.0980,true,1,138663
7290014459281,true,תפוגן 150 גרם,,,תפוגן 150 גרם,,0.00,,false,,5.00,0.0000,true,1,132410
7290014471443,false,"גרנולה צימוקים אגוזים ושקדים1 ק""ג חדש - 443 כתום שקדיה (כתום)","דין שיווק וקלייה בע""",,גרנולה צימוקים ואגוז,גרמים,1000.00,100 גרם,false,,19.90,0.0199,true,1,149850
7290014472136,false,גרעין שחור קלוי ששון הקולה 150 ג',"דין שיווק וקלייה בע""",,גרעין שחור קלוי 150,גרמים,150.00,100 גרם,false,,4.90,0.0327,true,1,160975
7290014473409,true,חומץ טבעי 1 5% ליטר,,,חומץ טבעי 1 5% ליטר,,0.00,,false,,5.00,0.0000,true,1,133498
7290014534674,false,"פסטה ""לה פסטה"" 400 ג' פרפר 400 ג'",מוטלו,,פסטה פארפלה חיטה דור,גרמים,400.00,100 גרם,false,,4.50,0.0113,true,1,158026
7290014603028,false,שלגון סולרו שרבט תות-חלבי,"מיוצר ע""י גלידת שטרא",,סולרו תות יחידתי,Unknown,1.00,יחידה,false,,8.50,8.5000,true,1,152535
7290014639560,true,דאודורנט גרנייה מיני,,,דאודורנט גרנייה מיני,,0.00,,false,,5.00,0.0000,true,1,132922
7290014651043,true,גרעיני חמנייה 200 גר,,,גרעיני חמנייה 200 גר,,0.00,,false,,5.00,0.0000,true,1,133985
7290014651920,true,קבוקים שומשום 200 גר,,,קבוקים שומשום 200 גר,,0.00,,false,,6.00,0.0000,true,1,135887
7290014692565,false,גרעיני תירס מתוק וילי פוד 320 גרם,אקו קונסרויפרי קי.אפ,,גרעיני תירס מתוק ויל,גרמים,320.00,100 גרם,false,,5.90,0.0184,true,1,152062
7290014692626,true,עוגיות איטלקיות מובח,,,עוגיות איטלקיות מובח,,0.00,,false,,5.00,0.0000,true,1,133069
7290014692749,false,"שמן זית כתית מעולה 750 מ""ל ויליפוד",אסטיאס בורגס,,שמן זית כתית מעולה ו,גרמים,750.00,100 גרם,false,,32.90,0.0439,true,1,158481
7290014712065,true,מפעל-פיצרלה 2010,,,מפעל-פיצרלה 2010,,0.00,,false,,2999.90,0.0000,true,1,134634
7290014712072,true,מפעל-אדם גבינה,,,מפעל-אדם גבינה,,0.00,,false,,0.00,0.0000,true,1,134635
7290014712089,true,מפעל-מוצרלה,,,מפעל-מוצרלה,,0.00,,false,,2999.90,0.0000,true,1,134636
7290014749764,false,עוף טוב שניצל עוף ביתי עדין כזה 700 גרם,מוצרי עוף טוב (2001) בע\,,שניצל עוף ביתי עדין,גרמים,700.00,100 גרם,false,,44.90,0.0641,true,1,152031
7290014758117,false,מאגדת יוגורט ביו 1.5% שומן 8 יח' *150 ג' תנובה,מיוצר עי קונדיטוריית,,יוגורט ביו 1.5% תנוב,Unknown,8.00,יחידה,false,,16.90,2.1125,true,1,145683
7290014758162,false,חלב עיזים מלא 3.6% קרטון 1 ל' תנובה,הרדוף תוצרת מזון אור,,חלב עיזים מלא 3.6% ת,מיליליטרים,1000.00,"100 מ""ל",false,,14.90,0.0149,true,1,145684
7290014758681,false,קוטג תנובה 1% גביע 250 גרם,מיוצר עי קונדיטוריית,,קוטג 1% תנובה 250 גר,גרמים,250.00,100 גרם,false,,5.70,0.0228,true,1,140363
7290014759084,false,גבינת שמנת נפוליאון 16% מופחת שומן תנובה 225 גרם,תנובה מרכז שיתופי לש,,נפוליאון גבינת שמנת,גרמים,225.00,100 גרם,false,,13.90,0.0618,true,1,137773
7290014759497,true,"קוטג 125 5% ""גרם",,,"קוטג 125 5% ""גרם",,0.00,,false,,0.00,0.0000,true,1,133733
7290014759909,false,גבינה פטה עזים פיראוס 5% 250 גרם,"תנובה, מחלבת טנא נוג",,פטה עיזים 5% פיראוס,גרמים,250.00,100 גרם,false,,27.90,0.1116,true,1,145686
7290014759978,false,גבינת קצקבל גלעד 27% תנובה 200 גרם,תנובה חלב,,קצקבל גלעד 27% פלח 2,גרמים,200.00,100 גרם,false,,25.90,0.1295,true,1,145687
7290014759985,false,גבינת פרמזן גבע 23% תנובה 200 גרם,תנובה חלב,,פלח פרמזן גבע 23% 20,גרמים,200.00,100 גרם,false,,23.90,0.1195,true,1,145688
7290014759992,false,גבינת רוקפור גליל פלח 140 ג' תנובה,"תנובה, מחלבת תל יוסף",,פלח רוקפור גליל 27%,גרמים,140.00,100 גרם,false,,18.90,0.1350,true,1,145689
7290014760134,false,"מעדן סויה בטעם וניל תנובה 125 מ""ל",תנובה Alternative,,מאגדת מעדן סויה וניל,גרמים,250.00,100 גרם,false,,4.20,0.0168,true,1,144557
7290014760141,false,משקה שקדים תנובה E אלטרנטיב,תנובה Alternative,,משקה שקדים טרי 1 ליט,מיליליטרים,1000.00,"100 מ""ל",false,,12.90,0.0129,true,1,145690
7290014761056,false,מעדן שוקולד חלב יולו תנובה 123 גרם,מיוצר עי קונדיטוריית,,מעדן חלב עם שוקולד ח,גרמים,123.00,100 גרם,false,,4.70,0.0382,true,1,134441
7290014761063,false,מעדן שוקולד מריר יולו תנובה 123 גרם,מיוצר עי קונדיטוריית,,מעדן חלב עם שוקולד מ,גרמים,123.00,100 גרם,false,,4.70,0.0382,true,1,136331
7290014761070,false,מעדן שוקולד לבן יולו תנובה 123 גרם,מיוצר עי קונדיטוריית,,מעדן חלב עם שוקולד ל,גרמים,123.00,100 גרם,false,,4.70,0.0382,true,1,134440
7290014761193,false,יוגורט עם פירות יער 1.5% שומן 125 ג' פרילי,תנובה מרכז שיתופי לש,,פרילי פירות יער 1.5%,מיליליטרים,125.00,"100 מ""ל",false,,3.50,0.0280,true,1,158879
7290014761414,false,יולו מעדן שכבות שוקולד חלב ולבן 123 גר,מיוצר עי קונדיטוריית,,מעדן חלב עם שכבות שו,גרמים,123.00,100 גרם,false,,4.70,0.0382,true,1,134442
7290014761612,false,מעדן שכבות שוקולד מריר ולבן יולו 122 גרם,מיוצר עי קונדיטוריית,,מעדן שכבות שוקולד לב,גרמים,123.00,100 גרם,false,,4.70,0.0382,true,1,136332
7290014761872,true,"חלב קרטון 800 3% מ""ל",,,"חלב קרטון 800 3% מ""ל",,0.00,,false,,0.00,0.0000,true,1,133731
7290014762473,true,משקה אורז מועשר 1 לי,,,משקה אורז מועשר 1 לי,,0.00,,false,,5.00,0.0000,true,1,134820
7290014762756,false,גבינת שמנת נפוליאון 16% עם בצל תנובה 225 גרם,הרדוף חלב,,נפוליאון גבינת שמנת,גרמים,225.00,100 גרם,false,,13.90,0.0618,true,1,145693
7290014762800,false,מעדן סויה שוקולד גביע 125 גרם אלטרנטיב,תנובה מרכז שיתופי לש,,מעדן סויה שוקולד גבי,גרמים,125.00,100 גרם,false,,4.20,0.0336,true,1,144561
7290014762831,false,גבינת שמנת נפוליאון 16% עם פלפל חלפיניו תנובה 225 גרם,תנובה מרכז שיתופי לש,,נפוליאון גבינת שמנת,גרמים,225.00,100 גרם,false,,13.90,0.0618,true,1,145694
7290014762909,false,פתיתי מוצרלה השף הלבן 10% תוספת מתנה,"תנובה, מחלבת תל יוסף",,מוצרלה פתיתים 20% שו,גרמים,200.00,100 גרם,false,,15.90,0.0795,true,1,140364
7290014763661,true,קופון חלב משק מתנה,,,קופון חלב משק מתנה,,0.00,,false,,5.00,0.0000,true,1,135302
7290014787476,true,מפעל-רוטב סויה קיקומ,,,מפעל-רוטב סויה קיקומ,,0.00,,false,,0.00,0.0000,true,1,136958
7290014860315,true,מפעל-שומשום שחור קלו,,,מפעל-שומשום שחור קלו,,0.00,,false,,0.00,0.0000,true,1,134845
7290014860452,true,מפעל-אצות נורי קידונ,,,מפעל-אצות נורי קידונ,,0.00,,false,,0.00,0.0000,true,1,134846
7290014890145,false,גבינת שמנת טבעי 225 גרם יעקובס,גבינות משק יעקבס,,גבינת שמנת טבעית 225,גרמים,225.00,100 גרם,false,,10.90,0.0484,true,1,139904
7290014890176,false,ריקוטה סגנון איטלק5% 250,מחלבת משק יעקובס,,ריקוטה 250 גרם,גרמים,250.00,100 גרם,false,,10.90,0.0436,true,1,144391
7290014890206,false,קרם פרש 250גרם יעקוב,גבינות משק יעקבס,,קרם פרש 250 גרם,גרמים,250.00,100 גרם,false,,14.90,0.0596,true,1,144530
7290014890237,false,גבינת קממברט יעקבס 125 גרם,גבינות משק יעקבס,,גבינת קממבר בייבי 12,גרמים,125.00,100 גרם,false,,14.70,0.1176,true,1,139907
7290014905160,false,"הפי מטהר אוויר פניני ריח בניחוחות, 130 גרם",יוליניבר,,פניני ריח הפי 130 גר,גרמים,130.00,100 גרם,false,,12.90,0.0992,true,1,156899
7290014905498,false,הפי מטליות דו צדדיות בגליל 20 מטליות,ג'נרל מילס סאן אדריא,,גם וגם - מטלית דו צד,Unknown,20.00,יחידה,false,,12.90,0.6450,true,1,156999
7290014905696,false,"נוזל כלים הפי מרוכז 24% לימון 750 מ""ל",יעקובי הפי,,נוזל לכלים - 24% חומ,מיליליטרים,750.00,"100 מ""ל",false,,8.90,0.0119,true,1,157000
7290014918009,false,דלי שטיפה+פיה,פלנרו,,דלי איכותי,Unknown,1.00,יחידה,false,,17.90,17.9000,true,1,150137
7290014940901,false,לחם פשוט מלא אנג'ל 750 גרם,מאפיית שלמה א. אנג'\ל בע,,לחם פשוט מלא 750 גרם,גרמים,750.00,100 גרם,false,,13.90,0.0185,true,1,144870
7290015009034,true,עלי טורטיה מקמח לבן,,,עלי טורטיה מקמח לבן,,0.00,,false,,5.00,0.0000,true,1,132692
7290015014082,false,לבבות קיסר 250 גרם,,,לבבות קיסר 250 גרם,גרמים,250.00,100 גרם,false,,10.90,0.0436,true,1,161412
7290015014182,false,לבבות קיסר בנספק רמי לוי,קטיף.,,לבבות קיסר בשקית רמי,Unknown,1.00,יחידה,false,,9.90,9.9000,true,1,146728
7290015014274,false,צנוניות רמי לוי 500ג,,,צנוניות רמי לוי 500,גרמים,500.00,100 גרם,false,,5.90,0.0118,true,1,146730
7290015014458,false,מרווה רמי לוי,,,מרווה,Unknown,1.00,יחידה,false,,5.90,5.9000,true,1,146732
7290015014465,false,רוזמרין (בוסתן),,,רוזמרין,Unknown,1.00,יחידה,false,,5.90,5.9000,true,1,146733
7290015014472,false,טימין רמי לוי,,,טימין תקומה,Unknown,1.00,יחידה,false,,5.90,5.9000,true,1,146734
7290015039222,true,שלישיית נתחי טונה בה,,,שלישיית נתחי טונה בה,,0.00,,false,,0.00,0.0000,true,1,133932
7290015039246,false,נתחי טונה בשמן צמחי רביעיה * 160 ג' וילי פוד,וילי פוד,,נתחי טונה בהירה בשמן,גרמים,640.00,100 גרם,false,,21.90,0.0342,true,1,138629
7290015039253,false,עלי גפן במי מלח ויליפוד 620 גרם,קוראהן פזלרמה וי דיס,,עלי גפן במי מלח 620,גרמים,620.00,100 גרם,false,,10.90,0.0176,true,1,153740
7290015039338,false,נתחי טונה במי מלח רביעיה * 160 ג' וילי פוד,וילי פוד,,נתחי טונה במי מלח וי,גרמים,640.00,100 גרם,false,,21.90,0.0342,true,1,138630
7290015039475,true,חמאה בלגית 100 גרם,,,חמאה בלגית 100 גרם,,0.00,,false,,5.00,0.0000,true,1,134077
7290015039925,true,מיץ לימון משומר 200,,,מיץ לימון משומר 200,,0.00,,false,,5.00,0.0000,true,1,132947
7290015042291,true,"רוטב צ""ימיצ""ורי",,,"רוטב צ""ימיצ""ורי",,0.00,,false,,5.00,0.0000,true,1,134263
7290015057516,true,עוגיות עם מילוי שוקו,,,עוגיות עם מילוי שוקו,,0.00,,false,,5.00,0.0000,true,1,134817
7290015057523,true,עוגיות עם מילוי וניל,,,עוגיות עם מילוי וניל,,0.00,,false,,5.00,0.0000,true,1,134823
7290015057530,true,עוגיות עם מילוי תות,,,עוגיות עם מילוי תות,,0.00,,false,,0.00,0.0000,true,1,134818
7290015139281,true,אגו אצבעות וופל בטעם,,,אגו אצבעות וופל בטעם,,0.00,,false,,5.00,0.0000,true,1,134351
7290015139298,true,אגו אצבעות וופל חמאת,,,אגו אצבעות וופל חמאת,,0.00,,false,,5.00,0.0000,true,1,134078
7290015139731,true,שלשות שוקולד מריר 85,,,שלשות שוקולד מריר85,,0.00,,false,,0.00,0.0000,true,1,138317
7290015139755,true,שלשות שוקולד לבן כשל,,,שלשות שוקולד לבן כשל,,0.00,,false,,0.00,0.0000,true,1,138319
7290015139762,true,שלשות שוקולד מריר עם,,,שלשות שוקולד מריר עם,,0.00,,false,,0.00,0.0000,true,1,135058
7290015139908,true,וופל שוקולד ללא גלוט,,,וופל שוקולד ללא גלוט,,0.00,,false,,5.00,0.0000,true,1,134492
7290015139915,true,וופל אגוזים ללא גלוט,,,וופל אגוזים ללא גלוט,,0.00,,false,,5.00,0.0000,true,1,134493
7290015150088,false,מחית עגבניות קלה גרנד איטליה 700 גרם,שוורצקוף& הנקל דיסלד,,מחית עגבניות קלה גרא,גרמים,700.00,100 גרם,false,,12.30,0.0176,true,1,145101
7290015150200,false,עגבניות חתוכות דק גרנד איטליה ויסוצקי,HIQ FOOD PRODUCTS,,עגבניות חתוכות דק 40,גרמים,400.00,100 גרם,false,,7.90,0.0198,true,1,159868
7290015155823,false,מחית תפוחי עץ חטיפטף ללא תוספת סוכר,פרוטה פודווין איי.אס,,פאוץ' פרינוק תפוח 12,גרמים,120.00,100 גרם,false,,6.50,0.0542,true,1,139955
7290015155830,false,מחית תפוחי עץ ובננה חטיפטף ללא תוספת סוכר,פרוטה פודווין איי.אס,,פאוץ' פרינוק תפוח בנ,גרמים,120.00,100 גרם,false,,6.50,0.0542,true,1,139956
7290015155847,false,מחית סלט פירות חטיפטף ללא תוספת סוכר,פרוטה פודווין איי.אס,,פאוץ' פרינוק סלט פיר,גרמים,120.00,100 גרם,false,,6.50,0.0542,true,1,149806
7290015224017,true,עגבניית שרי,,,עגבניית שרי,,0.00,,false,,5.00,0.0000,true,1,133611
7290015282000,false,איקרא אדומה SEVEN SEAS 200 גרם,שבעת הימים - שמיר,,איקרה אדומה 200 גרם,גרמים,200.00,100 גרם,false,,13.90,0.0695,true,1,156804
7290015282024,false,איקרא לבנה SEVEN SEAS 200 גרם,שבעת הימים - שמיר,,איקרה לבנה 200 גרם,גרמים,200.00,100 גרם,false,,13.90,0.0695,true,1,156806
7290015282581,false,חומוס אבו גוש עם חריף שמיר 200 גרם,"סלטי שמיר 2006 בע""מ",,חומוס אבו גוש עם חרי,גרמים,200.00,100 גרם,false,,10.90,0.0545,true,1,156807
7290015282598,false,חומוס מסעדות גורמה שמיר 200 גרם,"סלטי שמיר 2006 בע""מ",,חומוס מסעדות 200 גרם,גרמים,200.00,100 גרם,false,,10.90,0.0545,true,1,156808
7290015282628,false,חציל בטעם כבד גורמה שמיר 200 גרם,"סלטי שמיר 2006 בע""מ",,חציל בטעם כבד 200 גר,גרמים,200.00,100 גרם,false,,11.90,0.0595,true,1,156810
7290015282673,false,חציל במיונז ביתי גורמה שמיר 200 גרם,"סלטי שמיר 2006 בע""מ",,חציל במיונז ביתי 200,גרמים,200.00,100 גרם,false,,10.90,0.0545,true,1,156811
7290015282697,false,כרוב אדום שמיר גורמה 200גר,"סלטי שמיר 2006 בע""מ",,כרוב אדום 200 גרם,גרמים,200.00,100 גרם,false,,11.90,0.0595,true,1,156812
7290015282741,false,חציל תאילנדי אסלי שמיר 200 ג',"סלטי שמיר 2006 בע""מ",,חציל תאילנדי 200 גרם,גרמים,200.00,100 גרם,false,,11.90,0.0595,true,1,156813
7290015339360,true,חצאי אפרסק 410 גרם,,,חצאי אפרסק 410 גרם,,0.00,,false,,5.00,0.0000,true,1,132621
7290015339933,false,טעמן ריבת חלב 340 גרם,טעמן,,ריבת חלב טעמן 340 גר,גרמים,340.00,100 גרם,false,,15.90,0.0468,true,1,151841
7290015348447,true,"תירוש 750 מ""ל",,,"תירוש 750 מ""ל",,0.00,,false,,5.00,0.0000,true,1,134966
7290015366670,false,משחת שיניים הגנה משולשת מנטה מרענן,גלקסוסמיתקליין,,משחת שיניים בטעם מנט,גרמים,100.00,100 גרם,false,,7.50,0.0750,true,1,143871
7290015395939,false,חטיף אורז בטעם מתוק מלוח 120 גרם,דין שיווק,,חטיף יפני 150 גרם-שש,גרמים,150.00,100 גרם,false,,15.90,0.1060,true,1,149537
7290015395960,false,בוטן רביולי בציפוי בטעם מלוח מתוק 200 ג' ENJOY,דין שיווק,,בוטן רביולי 150 גרם-,גרמים,150.00,100 גרם,false,,15.90,0.1060,true,1,149538
7290015437493,true,עגבניות חתוכות מקולפ,,,עגבניות חתוכות מקולפ,,0.00,,false,,0.00,0.0000,true,1,135802
7290015437509,true,עגבניות שלמות מקולפו,,,עגבניות שלמות מקולפו,,0.00,,false,,0.00,0.0000,true,1,135803
7290015437554,true,נתחי טונה בשמן 80 גר,,,נתחי טונה בשמן 80 גר,,0.00,,false,,5.00,0.0000,true,1,133408
7290015437783,true,נתחי טונה בלה דל נת,,,נתחי טונה בלה דל נת,,0.00,,false,,5.00,0.0000,true,1,134810
7290015470063,true,"קרם גוף 200 מ""ל",,,"קרם גוף 200 מ""ל",,0.00,,false,,5.00,0.0000,true,1,133200
7290015530828,true,חלה מתוקה 250 גרם,,,חלה מתוקה 250 גרם,,0.00,,false,,5.00,0.0000,true,1,132414
7290015530910,false,חלה חצי מתוקה 350 גר,,,חלה חצי מתוקה 350 גר,גרמים,350.00,100 גרם,false,,5.90,0.0169,true,1,133173
7290015553858,true,"מפעל-שומשום בד""ץ 1 ק",,,"מפעל-שומשום בד""ץ 1 ק",,0.00,,false,,0.00,0.0000,true,1,135253
7290015562768,true,קש שחור -400 יח16 *,,,קש שחור -400 יח16 *,,0.00,,false,,2999.90,0.0000,true,1,136915
7290015597210,false,מאגדת טילון קורנטו פרווה טבעוני-וויגן פרנדלי,"גלידת שטראוס בע""\מ, רחוב",,מאגדת קורנטו וניל פר,Unknown,6.00,יחידה,false,,33.90,5.6500,true,1,146008
7290015603256,true,מפעל-מגש מלבני 07,,,מפעל-מגש מלבני 07,,0.00,,false,,2999.90,0.0000,true,1,135494
7290015640695,true,"ג""ל לכביסה ירוק 500",,,"ג""ל לכביסה ירוק 500",,0.00,,false,,5.00,0.0000,true,1,132482
7290015640718,true,מרכך לכל סוגי השיער,,,מרכך לכל סוגי השיער,,0.00,,false,,5.00,0.0000,true,1,132463
7290015640725,true,"תחליב רחצה 500 מ""ל",,,"תחליב רחצה 500 מ""ל",,0.00,,false,,5.00,0.0000,true,1,132464
7290015640732,true,שמפו לכל סוגי השיער,,,שמפו לכל סוגי השיער,,0.00,,false,,5.00,0.0000,true,1,132465
7290015640817,true,"תרסיס די תיקן 300 מ""",,,"תרסיס די תיקן 300 מ""",,0.00,,false,,5.00,0.0000,true,1,133226
7290015644310,true,סמבוסק פלאפל טחינה,,,סמבוסק פלאפל טחינה,,0.00,,false,,5.00,0.0000,true,1,134028
7290015644327,true,סמבוסק תפוח אדמה,,,סמבוסק תפוח אדמה,,0.00,,false,,5.00,0.0000,true,1,134029
7290015652070,false,קשוי קלוי בשקית ששון הקולה 150 גרם,"דין שיווק וקלייה בע""",,קשיו קלוי 150 גרם שק,גרמים,150.00,100 גרם,false,,12.90,0.0860,true,1,153783
7290015673594,false,קריספי טופו ברוטב בטנים אמריקאי טבע דלי 350 גרם,טבע דלי,,קריספי טופו בוטנים ק,גרמים,350.00,100 גרם,false,,25.90,0.0740,true,1,160397
7290015681773,false,קינואה רמי לוי 400 גרם,דין שיווק,,קינואה 400 גרם - רמי,גרמים,400.00,100 גרם,false,,10.90,0.0273,true,1,146039
7290015681780,false,גרנולה פירות רמי לוי 400 גרם,רמי לוי,,גרנולה פירות 400 גרם,גרמים,400.00,100 גרם,false,,10.90,0.0273,true,1,149038
7290015775502,true,"קוקוס בקרמל 1 ק""ג",,,"קוקוס בקרמל 1 ק""ג",,0.00,,false,,0.00,0.0000,true,1,139597
7290015781077,false,יין ויז'ן קברנה סובנ,טפרברג,,יין ויז'ן קברנה סובנ,מיליליטרים,750.00,"100 מ""ל",false,,39.90,0.0532,true,1,160945
7290015781152,false,"יין IMPRESSION רוזה טפרברג 750 מ""ל","יקב טפרברג 1870 בע""מ",,יין רוזה אימפרשן 750,100 0,750.00,100 0,false,,49.90,0.0665,true,1,146094
7290015834209,false,"ציפס קלאסי רמי לוי 2 ק""ג",קפוא-זן,,רמי לוי צ'יפס קלאסי,גרמים,2000.00,100 גרם,false,,23.90,0.0119,true,1,141691
7290015834339,false,דבש בצנצנת רמי לוי 350 גרם,דבש עמק חפר,,דבש בצנצנת רמי לוי 3,גרמים,350.00,100 גרם,false,,16.70,0.0477,true,1,139438
7290015834445,false,"ציפס סטיק רמי לוי 2 ק""ג",קפוא-זן,,רמי לוי סטיק צ'יפס 2,גרמים,2000.00,100 גרם,false,,23.90,0.0119,true,1,141693
7290015835039,false,כריות יפניות עבות רמי לוי 6 יח,רמי לוי,,כריות יפניות עבות רמ,Unknown,6.00,יחידה,false,,8.90,1.4833,true,1,138640
7290015835060,false,כריות קרצוף רמי לוי 10 יח,רמי לוי,,כריות קרצוף 10 יחידו,Unknown,10.00,יחידה,false,,5.90,0.5900,true,1,138646
7290015835077,false,ברזלית צילינדר רמי לוי 4 יח רמי לוי,פלסטו פוליש,,ברזלית 4 יח במארז,Unknown,4.00,יחידה,false,,7.90,1.9750,true,1,153538
7290015835114,false,צמר פלדה רמי לוי 100 גרם,רמי לוי,,צמר פלדה 100 גרם,גרמים,100.00,100 גרם,false,,4.50,0.0450,true,1,149540
7290015835121,false,מטליות רמי לוי 9 יח,רמי לוי,,מטליות רמי לוי 9 יח,Unknown,9.00,יחידה,false,,8.90,0.9889,true,1,138648
7290015835756,false,שיבולת שועל דק רמי לוי 500 גרם,רמי לוי,,שיבולת שועל דקה 500,גרמים,500.00,100 גרם,false,,4.90,0.0098,true,1,139625
7290015835763,false,שיבולת שועל עבה רמי לוי 500 גרם,רמי לוי,,שיבולת שועל עבה 500,גרמים,500.00,100 גרם,false,,4.90,0.0098,true,1,139626
7290015835930,false,מגבות נייר רמי לוי 8 יח,רמי לוי,,מגבות נייר רמי לוי 8,Unknown,8.00,יחידה,false,,13.90,1.7375,true,1,152422
7290015835954,false,מפיות נייר רמי לוי 100 יח,רמי לוי,,מפיות רמי לוי 100 יח,Unknown,100.00,יחידה,false,,5.50,0.0550,true,1,142479
7290015866132,false,כרובית,,,כרובית,יח',1.00,יח',false,,9.90,9.9000,true,1,153298
7290015899239,false,אקונומיקה מבושמת רמי לוי 4 ליטר,רמי לוי,,אקונומיקה מבושמת רמי,מיליליטרים,4000.00,"100 מ""ל",false,,11.90,0.0030,true,1,144679
7290015899321,false,מרכך מרוכז כחול רמי לוי 1 ליטר,רמי לוי,,מרכך מרוכז כחול רמי,מיליליטרים,1000.00,"100 מ""ל",false,,9.90,0.0099,true,1,144673
7290015979641,true,ברוקולי זנזורי,,,ברוקולי זנזורי,,0.00,,false,,0.00,0.0000,true,1,137390
7290016087123,false,רוטב מתובל לפסטה בסגנון קלאסי פריניר 240 גרם,פריניר,,פריניר רוטב פסטה קלא,גרמים,240.00,100 גרם,false,,5.50,0.0229,true,1,151571
7290016087208,false,עגבניות מרוסקות מרוכזות ובזיליקום 230 גרם פריניר,פריניר,,פריניר עגבניות מרוסק,גרמים,230.00,100 גרם,false,,5.50,0.0239,true,1,151572
7290016094015,false,"ד""ר פישר - אולטרסול קרם פנים קידס 75 מ""ל 30SPF",פישר מעבדות פרמצבטיות בע,,אולטרסול קידס קוליפה,מיליליטרים,75.00,"100 מ""ל",false,,29.90,0.3987,true,1,153183
7290016096590,true,רבעיית טונה במי מלח,,,רבעיית טונה במי מלח,,0.00,,false,,22.90,0.0000,true,1,142507
7290016096798,true,רבעיית טונה בשמן זית,,,רבעיית טונה בשמן זית,,0.00,,false,,27.90,0.0000,true,1,142508
7290016106091,true,קרקר בתוספת שומשום1,,,קרקר בתוספת שומשום1,,0.00,,false,,5.00,0.0000,true,1,135214
7290016106107,true,קרקר עגבניות ובזיליק,,,קרקר עגבניות ובזיליק,,0.00,,false,,5.00,0.0000,true,1,135215
7290016106435,true,מיץ לימונדה עדה חרדי,,,מיץ לימונדה עדה חרדי,,0.00,,false,,0.00,0.0000,true,1,136397
7290016150117,false,סלק אדום מקולף ומבושל500,ג'ואבג'י יואייבי,,סלק מבושל בוואקום,גרמים,500.00,100 גרם,false,,5.90,0.0118,true,1,135449
7290016162264,false,עוגת גבינה רנסנס קפולסקי 450 גרם,קפולסקי שיווק וקמעונ,,עוגת גבינה רנססנס 45,גרמים,450.00,100 גרם,false,,39.90,0.0887,true,1,143354
7290016233087,true,נתחי טונה בשמן בלה 1,,,נתחי טונה בשמן בלה 1,,0.00,,false,,5.00,0.0000,true,1,134122
7290016233773,true,רוטב טריאקי כשלפ 300,,,רוטב טריאקי כשלפ 300,,0.00,,false,,5.00,0.0000,true,1,135805
7290016233780,true,רוטב סויה כשלפ 300 מ,,,רוטב סויה כשלפ 300 מ,,0.00,,false,,5.00,0.0000,true,1,135801
7290016246445,false,בארכה טחינה גולמית מעודנת שומשום מלא 310 גם,"רושדי תעשיות מזון בע""\מ",,בארכה טחינה גולמית מ,גרמים,310.00,100 גרם,false,,12.90,0.0416,true,1,140677
7290016255324,false,פותח סתימות 1לי רמי לוי,,,פותח סתימות בצנרת ני,מיליליטרים,1000.00,"100 מ""ל",false,,12.90,0.0129,true,1,144681
7290016270273,false,כרובית ארוזה גן הירק,משתנה,,כרובית,יח',1.00,יח',false,,9.90,9.9000,true,1,147557
7290016270709,false,עגבניות שרי אשכולות,ביכורי השקמה,,עגבניות שרי,Unknown,1.00,יחידה,false,,8.90,8.9000,true,1,135307
7290016272796,false,נייר טואלט רמי לוי 30 יח,,,נייר טואלט רמי לוי 3,Unknown,30.00,יחידה,false,,29.90,0.9967,true,1,142477
7290016272802,false,מגבות נייר רמי לוי 6,,,מגבות נייר רמי לוי 6,Unknown,6.00,יחידה,false,,10.90,1.8167,true,1,142481
7290016272819,false,צמר גפן רמי לוי 100,,,צמר גפן רמי לוי 100,גרמים,100.00,100 גרם,false,,5.90,0.0590,true,1,146849
7290016273106,true,רמי לוי - שוקולד ברו,,,רמי לוי - שוקולד ברו,,0.00,,false,,7.90,0.0000,true,1,139167
7290016273137,true,רמי לוי - שוקולד ברו,,,רמי לוי - שוקולד ברו,,0.00,,false,,7.90,0.0000,true,1,139170
7290016273182,false,ציפס אמריקאי רמי לוי,,,רמי לוי צ'יפס אמריקא,גרמים,1500.00,100 גרם,false,,18.90,0.0126,true,1,141695
7290016304060,false,חלה רגילה 500 גרם,,,חלה רגילה 500 גרם,גרמים,500.00,100 גרם,false,,5.17,0.0103,true,1,143944
7290016304404,false,לחם קוביות 100% כוסמין 600 גרם,מאפיית דוידוביץ ובניו בע,,לחם קוביות כוסמין 60,גרמים,600.00,100 גרם,false,,16.90,0.0282,true,1,136166
7290016304596,false,לחמניות לסנדביץ 75 גרם,מאפיית דווידוביץ ובנ,,לחמניות רגילות דוידו,גרמים,750.00,100 גרם,false,,13.90,0.0185,true,1,149150
7290016304640,false,לחמניות 100% קמח כוסמין 6*60 ג',מאפיית דוידוביץ,,לחמנייה 100% קמח כוס,גרמים,360.00,100 גרם,false,,10.90,0.0303,true,1,140643
7290016321661,false,פרש וואנס SENSITIVE מגבונים ללא בישום רביעייה 72 יחידות,עלבד משואות יצחק,,מגבונים לחים ללא ביש,Unknown,4.00,יחידה,false,,15.90,3.9750,true,1,151037
7290016334050,false,סלרי חתוך,,,סלרי חתוך,Unknown,1.00,יחידה,false,,5.90,5.9000,true,1,146737
7290016334166,false,לוף רגיל ארוז ליח,,,לוף רגיל ארוז,Unknown,1.00,יחידה,false,,7.90,7.9000,true,1,146739
7290016334173,false,פלפל טינקרבל ארוז,קטיף.,,פלפלונים רמי לוי,Unknown,1.00,יחידה,false,,9.90,9.9000,true,1,146740
7290016334180,false,מלפפון בייבי רמי לוי,,,מלפפון בייבי רמי לוי,Unknown,1.00,יחידה,false,,9.90,9.9000,true,1,146741
7290016334296,false,ברוקולי ארוז מגשית,,,ברוקולי רמי לוי,Unknown,1.00,יחידה,false,,9.90,9.9000,true,1,146743
7290016334456,false,בזיליקום רמי לוי,,,בזיליקום,Unknown,1.00,יחידה,false,,5.90,5.9000,true,1,146747
7290016334500,false,לבבות חסה זוגות בשקי,,,זוג לבבות חסה,Unknown,1.00,יחידה,false,,9.90,9.9000,true,1,146749
7290016334654,false,תרד ניו זילנדי רמי לוי,,,תרד ניו זילנדי רמי ל,גרמים,300.00,100 גרם,false,,12.90,0.0430,true,1,146757
7290016334784,false,ג'ינג'ר ארוז ברכת קטיף 200 גרם,,,ג'ינג'ר ארוז,Unknown,1.00,יחידה,false,,8.90,8.9000,true,1,146758
7290016334814,false,חסה סלנובה רמי לוי,,,חסה סלנובה רמי לוי,Unknown,1.00,יחידה,false,,9.90,9.9000,true,1,146760
7290016334883,false,עגבניות שרי תמר,,,עגבניות שרי תמר,Unknown,1.00,יחידה,false,,9.90,9.9000,true,1,146761
7290016334890,false,עגבניות שרי ליקופן,,,עגבניות שרי ליקופן,Unknown,1.00,יחידה,false,,9.90,9.9000,true,1,146762
7290016334906,false,עגבניות שרי מיקס,,,עגבניות שרי מיקס,Unknown,1.00,יחידה,false,,11.90,11.9000,true,1,146763
7290016372373,false,רסק עגבניות ללא תוספת סוכר ומלח - מארז זוג,גרנד איטליה Grand Italia,,רסק עגבניות 22° קונס,גרמים,280.00,100 גרם,false,,7.90,0.0282,true,1,144275
7290016408980,false,"מטבעות שוקולד חלב 36 ג' כשל""פ בד""ץ!",כרמית תעשיות מזון,,מטבעות שוקולד חלב 36,גרמים,36.00,100 גרם,false,,3.90,0.1083,true,1,137222
7290016475029,false,חמישיית פיתות אסלי!.^,,,פיתות אסלי המכבים 5,Unknown,5.00,יחידה,false,,6.90,1.3800,true,1,134502
7290016509809,false,ג'ל מרוכז לכביסה קולור 2.5 ל' פרסיל,"הנקל סוד בע""\מ",,פרסיל ג'ל 2.5 ליטר ק,מיליליטרים,2500.00,"100 מ""ל",false,,35.90,0.0144,true,1,143866
7290016542561,true,"מיץ תפוחים750 מ""ל",,,"מיץ תפוחים750 מ""ל",,0.00,,false,,0.00,0.0000,true,1,136263
7290016601558,false,מגבונים לניקוי כללי,,,מגבונים לניקוי כללי,Unknown,400.00,יחידה,false,,20.90,0.0522,true,1,148288
7290016609141,false,אפונה וגזר רמי לוי 5,,,אפונה וגזר רמי לוי 5,גרמים,550.00,100 גרם,false,,6.50,0.0118,true,1,139283
7290016609172,false,שעועית לבנה ברוטב עגבניות 335 גר,,,שעועית לבנה אפויה בר,גרמים,580.00,100 גרם,false,,6.50,0.0112,true,1,139285
7290016609189,false,גרעיני תירס 335 גר רמי לוי,,,גרעיני תירס מתוק רמי,גרמים,550.00,100 גרם,false,,5.90,0.0107,true,1,139286
7290016682052,false,"מיץ לימונענע 400 מ""ל ""פריניב""",פרי ניב,,משקה קל לימונענע פרי,מיליליטרים,400.00,"100 מ""ל",false,,9.20,0.0230,true,1,140366
7290016733020,false,ממחטות כיס רמי לוי 1,,,ממחטות כיס רמי לוי 1,Unknown,10.00,יחידה,false,,8.50,0.8500,true,1,142482
7290016733044,false,מטליות ריצפה מיקרופייבר שלישייה רמי לוי,,,סחבת רצפה מיקרופייבר,Unknown,3.00,יחידה,false,,15.90,5.3000,true,1,138641
7290016733051,false,מטליות ניקוי כללי מיקרופייבר עשירייה רמי לוי,,,מטליות מיקרופייבר 10,Unknown,10.00,יחידה,false,,14.90,1.4900,true,1,138642
7290016733686,true,רמי לוי - עוגיות בטע,,,רמי לוי - עוגיות בטע,,0.00,,false,,10.00,0.0000,true,1,139175
7290016733891,false,טבעות בצל רמי לוי 60,קפוא-זן,,טבעות בצל רמי לוי 60,גרמים,600.00,100 גרם,false,,14.90,0.0248,true,1,147610
7290016912500,false,"ד""ר פישר - אפקטיב קר תרחיץ פנים לעור רגיש 180 מ""ל",פישר מעבדות פרמצבטיות בע,,אפקטיב קר תרחיץ פנים,מיליליטרים,180.00,"100 מ""ל",false,,17.90,0.0994,true,1,141148
7290016967074,false,לחם חיטה מלאה עם גרעינים ודגנים,מאפיית שלמה א. אנג'\ל בע,,לחם חיטה מלאה אנג'ל,גרמים,750.00,100 גרם,false,,14.90,0.0199,true,1,144873
7290016998207,false,לקט קסם השדה נטורזה,נטורזה,,לקט קסם השדה 350 גרם,גרמים,350.00,100 גרם,false,,12.90,0.0369,true,1,152118
7290016998269,false,לקט קולסלאו נטורזה 4,נטורזה,,לקט קולסלאו 400 גרם,גרמים,400.00,100 גרם,false,,10.90,0.0273,true,1,152124
7290016998320,false,לבבות קיסר נטורזה יח,נטורזה,,לבבות קיסר 250 גרם,גרמים,250.00,100 גרם,false,,10.90,0.0436,true,1,153091
7290017023953,false,"ספרינג אגס סברס תפוח 250 מ""ל",,,ספרינג אגס סברס תפוח,מיליליטרים,250.00,"100 מ""ל",false,,3.30,0.0132,true,1,157250
7290017023977,false,"ספרינג תות בננה 250 מ""ל",,,ספרינג תות בננה 250,מיליליטרים,250.00,"100 מ""ל",false,,3.30,0.0132,true,1,157252
7290017065137,false,ריקוטה למריחה 5% טבעית 200 גרם - רובין,האי נאם סי או אל.טי.,,ריקוטה למריחה 5% טבע,גרמים,200.00,100 גרם,false,,10.70,0.0535,true,1,140606
7290017065434,false,גבינה גאודה פרוסה הולנדית 200 גר',מחלבות גד בעמ,,פרוסות גאודה הולנדית,גרמים,200.00,100 גרם,false,,20.90,0.1045,true,1,144764
7290017094830,false,סלט גזר ברוטב פיקנטי אסלי שמיר 400 ג',"סלטי שמיר 2006 בע""מ",,סלט גזר ברוטב פיקנטי,גרמים,400.00,100 גרם,false,,12.90,0.0323,true,1,156820
7290017094847,false,סלט תפוחי אדמה אסלי שמיר 400 ג',"סלטי שמיר 2006 בע""מ",,סלט תפוח אדמה אסלי 4,גרמים,400.00,100 גרם,false,,11.90,0.0298,true,1,156821
7290017129167,true,שלשות שוקולד חלב עם,,,שלשות שוקולד חלב עם,,0.00,,false,,0.00,0.0000,true,1,138320
7290017129495,false,אגו מיקס כדורי תירס מצופים שוקולד חלב כרמית 55 גרם,כרמית תעשיות ממתקים בעמ,,אגו מיקס כדורי תירס,גרמים,55.00,100 גרם,false,,3.90,0.0709,true,1,138284
7290017129761,false,שוקולד פרימיום 70% מריר בטעם תפוז כרמית 100 גרם,"כרמית תעשיות ממתקים בע""\",,שוקולד מריר מעולה 70,גרמים,100.00,100 גרם,false,,7.90,0.0790,true,1,144730
7290017129778,false,שוקולד פרימיום 70% מריר בטעם קפה כרמית 100 גרם,"כרמית תעשיות ממתקים בע""\",,שוקולד מריר בטעם קפה,גרמים,100.00,100 גרם,false,,7.90,0.0790,true,1,153129
7290017142128,false,"שמן זית כתית מעולה קלאסי עץ הזית 750 מ""ל",שמן תעשיות בעמ,,שמן זית כתית מעולה ק,מיליליטרים,750.00,"100 מ""ל",false,,33.90,0.0452,true,1,152152
7290017142395,false,"LUNCH TO GO פסטה עם טונה בשמן זית 160 גרם ""עץ הזית""",יוניקורד ח.צ בעמ,,ארוחת טונה עם פסטה ב,גרמים,160.00,100 גרם,false,,14.90,0.0931,true,1,152022
7290017197067,false,מגבונים בייבי בישום עדין 100 יח רמי לוי,,,מגבונים לחים בייבי,Unknown,1.00,יחידה,false,,5.90,5.9000,true,1,139347
7290017197425,false,מגבונים בייבי מבושם 4*72 רמי לוי,,,מגבונים לחים ללא ביש,Unknown,4.00,יחידה,false,,15.90,3.9750,true,1,148772
7290017197432,false,מגבונים בייבי ללא בישום 4*72 רמי לוי,,,מגבונים לחים ללא ביש,Unknown,4.00,יחידה,false,,15.90,3.9750,true,1,148773
7290017197449,false,מגבונים בייבי לעור רגיש 4*72 רמי לוי,,,מגבונים לחים ללא ביש,Unknown,4.00,יחידה,false,,15.90,3.9750,true,1,139348
7290017197517,false,שמפו נועה לשיער רגיל 750 מל רמי לוי,,,נועה שמפו לשיער רגיל,מיליליטרים,750.00,"100 מ""ל",false,,8.90,0.0119,true,1,141835
7290017197548,false,מרכך נועה מרוקאי לשיער רגיל 750 מל רמי לוי,,,נועה מרכך לשיער רגיל,מיליליטרים,750.00,"100 מ""ל",false,,8.90,0.0119,true,1,141838
7290017197685,false,שלישייה מגבוני טואלט לחים,,,מגבוני נייר טואלט רמ,Unknown,3.00,יחידה,false,,10.90,3.6333,true,1,139351
7290017232218,false,לחם קלאסי מופחת פחמימות איטסיין 430 גרם,,,לחם כפרי כהה איסטיין,גרמים,430.00,100 גרם,false,,24.90,0.0579,true,1,155881
7290017232225,false,לחם גלילי מופחת פחמימות איטסיין 450 גרם,דבידוביץ,,לחם גלילי בהיר איסטי,גרמים,450.00,100 גרם,false,,24.90,0.0553,true,1,155882
7290017266909,false,וופלים מעולים במילוי קרם בטעם שוקולד SUNי 200 גרם,"גילרו בע""מ",,וופלים מעולים במילוי,גרמים,200.00,100 גרם,false,,5.50,0.0275,true,1,158717
7290017291123,false,שום ארוז יבוא,עטרה,,שום ארוז יבוא,Unknown,1.00,יחידה,false,,7.90,7.9000,true,1,158161
7290017304885,false,לחם שיפון מחיטה מלאה ללא תוספת סוכר 750 ג' אנג'ל,מאפיית שלמה א. אנג'\ל בע,,לחם שיפון וחיטה מלאה,גרמים,750.00,100 גרם,false,,14.90,0.0199,true,1,144875
7290017389967,false,ערמונים קלופים 100 גר קליית השקמה,,,ערמונים קלופים שלמים,גרמים,100.00,100 גרם,false,,5.90,0.0590,true,1,145906
7290017390512,false,סוכריות גומי נחשים ב,,,סוכריות גומי נחשים ב,גרמים,300.00,100 גרם,false,,10.90,0.0363,true,1,145920
7290017390529,false,סוכריות גומי דובונים פירות 300 גר,,,סוכריות גומידובונים,גרמים,300.00,100 גרם,false,,10.90,0.0363,true,1,145921
7290017418230,true,מוש גליליות חלב 75 ג,,,מוש גליליות חלב 75 ג,,0.00,,false,,3.90,0.0000,true,1,141726
7290017418247,true,מוש גליליות לבן 75 ג,,,מוש גליליות לבן 75 ג,,0.00,,false,,3.90,0.0000,true,1,141727
7290017418254,true,מוש עוגיות חלב 75 גר,,,מוש עוגיות חלב 75 גר,,0.00,,false,,3.90,0.0000,true,1,141728
7290017418261,true,מוש כדורים מיקס 75 ג,,,מוש כדורים מיקס 75 ג,,0.00,,false,,3.90,0.0000,true,1,141729
7290017418285,true,מוש קוביות חלב 75 גר,,,מוש קוביות חלב 75 גר,,0.00,,false,,3.90,0.0000,true,1,141730
7290017504001,false,פטריות שמפניון ארוז,חקלאי,,פטריות שמפניון ארוז,Unknown,1.00,יחידה,false,,9.90,9.9000,true,1,146766
7290017504018,false,זוג פטריות שמפניון א,,,פטריות זוגות לבן (פט,Unknown,1.00,יחידה,false,,17.90,17.9000,true,1,146767
7290017504025,false,פטריות פורטבלה ברכת קטיף,,,פטריות פורטבלה א.א (,Unknown,1.00,יחידה,false,,10.90,10.9000,true,1,146768
7290017504032,false,זוג פטריות שמפניון ו,,,פטריות זוגות איטלקי,Unknown,1.00,יחידה,false,,17.90,17.9000,true,1,146769
7290017513775,false,פליפז בייגלה מצופה שוקולד חלב מקוויטיס 140 גרם,שוורצקוף& הנקל דיסלד,,FLIPZ - בייגלה מצופה,גרמים,140.00,100 גרם,false,,9.50,0.0679,true,1,146919
7290017586007,false,גזר ארוז,,,גזר ארוז,קילוגרמים,1.00,"ק""ג",true,,4.90,4.9000,true,1,160804
7290017599700,true,פמלה קלופה,,,פמלה קלופה,,0.00,,false,,12.00,0.0000,true,1,138623
7290017641720,false,שוקולד פרימיום 70% שברי שקד כרמית 100 גרם,כרמית תעשיות ממתקים בעמ,,שוקולד 70% שברי שקד,גרמים,100.00,100 גרם,false,,7.90,0.0790,true,1,148032
7290017677804,false,"רוטב סויה קיקומן ללא חומרים משמרים 444 מ""ל",קיקומן פודז אינק,,רוטב סויה קיקומן 444,מיליליטרים,444.00,"100 מ""ל",false,,20.90,0.0471,true,1,144885
7290017687353,false,תיק תפור קופיקס,,,תיק תפור קופיקס,Unknown,1.00,יחידה,false,,2.90,2.9000,true,1,148308
7290017687360,false,שקית מולחמת רמי לוי,,,שקית מולחמת רמי לוי,Unknown,1.00,יחידה,false,,1.90,1.9000,true,1,147625
7290017746128,false,מיני פיתות קלאסי50*10 גר,מאפיית דוידוביץ ובני,,פיתות ביס 10 יחידות,Unknown,10.00,יחידה,false,,13.90,1.3900,true,1,151421
7290017746135,false,מארז 10 פיתות ביס כוסמין,מאפיית דוידוביץ ובני,,פיתות כוסמין 10 יחיד,Unknown,10.00,יחידה,false,,14.90,1.4900,true,1,151422
7290017746197,false,לחמניות המבורגר 6יחידות,מאפיית דוידוביץ ובניו בע,,מארז 6 לחמניות המבור,Unknown,6.00,יחידה,false,,16.90,2.8167,true,1,152115
7290017746258,false,מארז רביעיית לחמניות פרנה,מאפיית דוראל,,פרנה לחם מרוקאי מסור,Unknown,4.00,יחידה,false,,15.50,3.8750,true,1,152374
7290017746272,false,פיתה בצל 4 יחידות 48,,,פיתה בצל 4 יחידות 48,Unknown,4.00,יחידה,false,,13.90,3.4750,true,1,153087
7290017746289,false,פיתה זעתר 4 יחידות 4,,,פיתה זעתר 4 יחידות 4,Unknown,4.00,יחידה,false,,13.90,3.4750,true,1,153088
7290017746623,false,לחם מחמצת מלא דוידוב,,,לחם מחמצת מלא דוידוב,גרמים,550.00,100 גרם,false,,21.90,0.0398,true,1,159097
7290017812052,false,יין שיראז-קברנה סוביניון אקסלנס יקבי כרמל,יקבי כרמל Carmel Winery,,יין אדום יבש אקסלנס,מיליליטרים,750.00,"100 מ""ל",false,,27.20,0.0363,true,1,141205
7290017812083,false,מיץ תירוש אדום רמי לוי 1 לי,,,תירוש ענבים אדום רמי,מיליליטרים,1000.00,"100 מ""ל",false,,13.90,0.0139,true,1,142872
7290017812090,false,מיץ תירוש לבן רמי לוי 1 לי,,,תירוש ענבים לבן רמי,מיליליטרים,1000.00,"100 מ""ל",false,,13.90,0.0139,true,1,142873
7290017812847,false,"יין כרמל סלקטד פרנץ' גוורצטרמינר, 750 מ""ל","כד בני דרום בע""מ",,יין לבן חצי יבש גוור,מיליליטרים,750.00,"100 מ""ל",false,,30.20,0.0403,true,1,152291
7290017845029,false,פטריות צמד משפחתי (מ,,,פטריות צמד משפחתי (מ,Unknown,1.00,יחידה,false,,17.90,17.9000,true,1,148251
7290017845203,false,שמפיניון ארוז א.א-מוגו,,,פטריות א.א (מוג'ו),Unknown,1.00,יחידה,false,,9.90,9.9000,true,1,146770
7290017864341,false,תפוא למיקרו רמי לוי,,,"תפו""א למיקרו 700 גרם",Unknown,1.00,יחידה,false,,7.90,7.9000,true,1,148651
7290017864358,false,נענע ארוז רמי לוי,,,נענע ארוז רמי לוי,Unknown,1.00,יחידה,false,,4.90,4.9000,true,1,151560
7290017864365,false,פטרוזליה ארוז רמי לוי,,,פטרוזיליה ארוז רמי ל,Unknown,1.00,יחידה,false,,4.90,4.9000,true,1,151561
7290017864372,false,שמיר ארוז רמי לוי,,,שמיר ארוז רמי לוי,Unknown,1.00,יחידה,false,,4.90,4.9000,true,1,151562
7290017864389,false,כוסברה ארוז רמי לוי,,,כוסברה ארוז רמי לוי,Unknown,1.00,יחידה,false,,4.90,4.9000,true,1,151563
7290017864396,false,סלרי ארוז רמי לוי,,,סלרי ארוז רמי לוי,Unknown,1.00,יחידה,false,,6.90,6.9000,true,1,151564
7290017864402,false,עלי מנגולד ארוז רמי לוי,,,עלי מנגולד ארוז רמי,Unknown,1.00,יחידה,false,,6.90,6.9000,true,1,151565
7290017864419,false,שורש פטרוזיליה ארוז,,,שורש פטרוזיליה ארוז,Unknown,1.00,יחידה,false,,5.90,5.9000,true,1,151566
7290017864426,false,בצל ירוק ארוז רמי לוי,,,בצל ירוק רמי לוי,Unknown,1.00,יחידה,false,,6.90,6.9000,true,1,151567
7290017864457,false,סלרי ראש רמי לוי,,,סלרי ראש רמי לוי,Unknown,1.00,יחידה,false,,5.90,5.9000,true,1,151568
7290017864464,false,לוף פרסה ארוז רמי לוי,,,לוף/כרישה,Unknown,1.00,יחידה,false,,7.90,7.9000,true,1,148211
7290017864594,false,שום צנצנת רמי לוי,,,שום צנצנת רמי לוי,Unknown,1.00,יחידה,false,,12.90,12.9000,true,1,149442
7290017872070,false,מארז מגבונים לחים בניחוח מרענן פרש וואנס שלישייה,"ווטנפס בע""\מn\",,מגבונים לחים בניחוח,Unknown,3.00,יחידה,false,,12.90,4.3000,true,1,153357
7290017872896,false,שקיות אשפה לארג גליל,גלילונית,,גלילונית ש. אשפה L ח,Unknown,44.00,יחידה,false,,22.90,0.5205,true,1,156024
7290017873015,false,שקיות אשפהXLגופייה30יח,esro טורקיהn\,,גלילונית ש. אשפה XL,Unknown,30.00,יחידה,false,,19.90,0.6633,true,1,156025
7290017888347,false,מי עדן פקק ספורטאים 500,"מי עדן בע""מ",,מי עדן ספורט 0.5 ליט,מיליליטרים,500.00,"100 מ""ל",false,,3.90,0.0078,true,1,153690
7290017928036,false,מאיר בייגל מקלות גריסיני שומשום 175 גרם,מאיר את בייגל,,גריסיני שומשום 175 ג,גרמים,175.00,100 גרם,false,,11.90,0.0680,true,1,146820
7290017928463,false,מאיר בייגל -סמאש-שבורים בטעם דבש חרדל ובצל 300 גרם,מאיר בייגל,,סמאש- שבורים בטעם דב,גרמים,300.00,100 גרם,false,,14.90,0.0497,true,1,152549
7290017928630,false,מקלות גריסיני קראנץ' פינוקים מאיר בייגל 175 גרם,מאיר את בייגל,,גריסיני קראנץ' פינוק,גרמים,175.00,100 גרם,false,,11.90,0.0680,true,1,148872
7290017928685,false,בייגלה שמיניות מלוח מאיר בייגל 400 גרם.,מאיר את בייגל,,שמיניות מלח מאיר ביי,גרמים,400.00,100 גרם,false,,11.90,0.0298,true,1,155631
7290017928821,false,מאיר בייגל מקלות גריסיני קלאסי 200 גרם,מאיר את בייגל,,גריסיני קלאסי 200 גר,גרמים,200.00,100 גרם,false,,11.90,0.0595,true,1,146822
7290017947105,false,לחם אנג'ל בסגנון אמריקה 500 גרם,מאפיית שלמה א. אנג'\ל בע,,לחם סגנון אמריקה אנג,גרמים,500.00,100 גרם,false,,12.90,0.0258,true,1,148831
7290017947372,false,חלה מתוקה ארוזה אנג'ל 500 גרם,,,חלה מתוקה ארוזה 500,גרמים,500.00,100 גרם,false,,13.80,0.0276,true,1,148768
7290017947464,false,שמיניית פיתות כוסמין אנג'ל 8*50 גרם,מאפיית שלמה א.אנג'\ל בע\,,פיתות כוסמין אנג'ל 4,Unknown,8.00,יחידה,false,,14.90,1.8625,true,1,153151
7290017947495,false,6 לחמניות כוסמין 450 גרם אנג'ל,"איטיליאן פוד, אס.פי.",,לחמניות כוסמין 6 יחי,Unknown,6.00,יחידה,false,,13.90,2.3167,true,1,153503
7290017947891,false,לחם אנג'ל כוסמין וחיטה מלאה 750 גרם,מאפיית שלמה א. אנג'\ל בע,,לחם כוסמין וחיטה מלא,גרמים,750.00,100 גרם,false,,14.90,0.0199,true,1,151612
7290017947921,false,לחמניות המבורגר בסגנון אמריקאי מארז 6 יח',מאפיית שלמה א. אנג'\ל בע,,שישיית לחמניות המבור,גרמים,450.00,100 גרם,false,,12.90,0.0287,true,1,148832
7290017947938,false,מיני לחמניות המבורגר בסגנון אמריקה 400 ג' אנג'ל,מאפיית שלמה א. אנג'\ל בע,,8 לחמניות המבורגר בס,גרמים,400.00,100 גרם,false,,13.90,0.0348,true,1,155938
7290018045893,false,בון בון דגנים במילוי קרם נוגט 480 גרם,monday,,בון בון דגנים 480 גר,גרמים,480.00,100 גרם,false,,21.90,0.0456,true,1,156984
7290018192610,false,עגבניות שרי,עגבניות שרי 2 ב 15,,עגבניות שרי,Unknown,1.00,יחידה,false,,8.90,8.9000,true,1,151057
7290018192658,false,מארז זוג פטריות פורטובלה ושמפיניון מרינה,"מרינה פטריות הגליל בע""מ",,פטריות זוגות איטלקי,Unknown,1.00,יחידה,false,,17.90,17.9000,true,1,157544
7290018237410,false,עוף טוב פסטרמה במעשנה נתח שלם 8*300 גרם,מוצרי עוף טוב (2001) בע\,,עוף טוב פסטרמה במעשנ,גרמים,300.00,100 גרם,false,,27.90,0.0930,true,1,155066
7290018237960,false,עוף טוב כתף בקר עסיסי 265 גרם,עיצובים 2020 (4.9),,כתף בקר עסיסי עוף טו,גרמים,265.00,100 גרם,false,,25.90,0.0977,true,1,159163
7290018282007,false,שמפו+ג'ל רחצה+סבון לגבר 750 מל,,,שמפו + ג'ל רחצה + סב,מיליליטרים,750.00,"100 מ""ל",false,,8.90,0.0119,true,1,153119
7290018440209,false,פליפז בייגלה בציפוי פאדג' לבן מקוויטיס 140 גרם,שוורצקוף& הנקל דיסלד,,FLIPZ - בייגלה פאדג',גרמים,140.00,100 גרם,false,,9.50,0.0679,true,1,152908
7290018440223,false,תה צ'אי מסאלה 25 שקיקים ויסוצקי,תה ויסוצקי,,צ'אי מסאלה ויסוצקי 5,גרמים,50.00,100 גרם,false,,21.90,0.4380,true,1,155981
7290018440247,false,תה צ'אי שקדים0 25 שקיקים ויסוצקי,תה ויסוצקי,,צ'אי שקדים ויסוצקי 5,גרמים,50.00,100 גרם,false,,21.90,0.4380,true,1,155983
7290018440445,false,טונה קאלוו בשמן זית 160 גר,"קאלוו קונסרבס ס.ל.יו. ,",,טונה בשמן זית קלבו 1,גרמים,160.00,100 גרם,false,,16.90,0.1056,true,1,158601
7290018440483,false,פליפז בייגלה מצופה בקרמל מלוח ושוקולד מקוויטיס 140 גרם,שוורצקוף& הנקל דיסלד,,FLIPZ - בייגלה מצופה,גרמים,140.00,100 גרם,false,,9.50,0.0679,true,1,154098
7290018440513,false,סלט קליפורנייה קאלוו עם טונה 150 גר,"קאלוו קונסרבס ס.ל.יו. ,",,סלט קליפורניה עם טונ,גרמים,150.00,100 גרם,false,,14.90,0.0993,true,1,158605
7290018440520,false,סלט טונה קאלוו מקסיקני 150 גר,"קאלוו קונסרבס ס.ל.יו. ,",,סלט טונה מקסיקני קלב,גרמים,150.00,100 גרם,false,,14.90,0.0993,true,1,158606
7290018441626,false,גלידת פיינטים מנטה עוגיות 430 ג' בן וג'ירי,מוצרי איכות אמריקאיים בע,,פיינט מנטה עוגיות 50,מיליליטרים,500.00,"100 מ""ל",false,,21.90,0.0438,true,1,157648
7290018443040,false,נבטים סיניים (בוסתן,,,נבטים סינים,Unknown,1.00,יחידה,false,,6.90,6.9000,true,1,152163
7290018443064,false,נבטי אלפלפא (בוסתן),,,נבטי אלפלפא,Unknown,1.00,יחידה,false,,6.90,6.9000,true,1,152165
7290018443736,false,בייבי מיקס רמי לוי 150 גרם,,,בייבי מיקס רמי לוי 1,גרמים,150.00,100 גרם,false,,9.90,0.0660,true,1,156148
7290018443798,false,תרד בייבי 150 גרם רמ,,,תרד בייבי 150 ג' פרא,גרמים,150.00,100 גרם,false,,9.90,0.0660,true,1,156154
7290018471531,false,"ספרינג ענבים 250 מ""ל - בודד",,,"ספרינג ענבים 250 מ""ל",מיליליטרים,250.00,"100 מ""ל",false,,3.30,0.0132,true,1,157253
7290018516331,false,פאוץ' פרינוק תפוח בננה ושיבולת שועל 120 גרם,פרוטה פודווין איי.אס,,פאוץ' פרינוק תפוח בנ,גרמים,120.00,100 גרם,false,,6.50,0.0542,true,1,159926
7290018540329,false,שקית פיתה פיתה בלדי 800 ג' אנג'ל,מאפיית שלמה א. אנג'\ל בע,,פיתה פיתה באלדי אנג',Unknown,8.00,יחידה,false,,12.90,1.6125,true,1,153152
7290018540817,false,ארטיזנל לחם מחמצת כוסמין אנג'ל 500 גרם,מאפיית אורנים,,לחם מחמצת כוסמין ארט,גרמים,500.00,100 גרם,false,,17.90,0.0358,true,1,156739
7290018540824,false,ארטיזנל לחם מחמצת כפרי אנג'ל 500 גרם,מאפיית אורנים,,לחם מחמצת כפרי ארטיז,גרמים,500.00,100 גרם,false,,16.90,0.0338,true,1,156740
7290018540831,false,ארטיזנל לחם מחמצת חיטה מלאה ודגנים אנג'ל 500 גרם,מאפיית אורנים,,לחם מחמצת חיטה מלאה,גרמים,500.00,100 גרם,false,,16.90,0.0338,true,1,156757
7290018564059,false,שעועית ירוקה שלמה עדינה 600ג רמילוי,,,שעועית ירוקה שלמה עד,גרמים,600.00,100 גרם,false,,10.90,0.0182,true,1,153431
7290018564141,false,גרגירי חומוס מבושלים 800גר רמי לוי,,,גרעיני חומוס מבושלים,גרמים,800.00,100 גרם,false,,9.90,0.0124,true,1,153438
7290018564561,false,ירקות חמוצים בסגנון טורשי,,,ירקות חמוצים בסגנון,גרמים,500.00,100 גרם,false,,22.90,0.0458,true,1,155056
7290018792841,false,אבקת קקאו טבעי גאנה 150 גר,אברמוביץ עזר קקאו וש,,אבקת קקאו טבעי גאנה,גרמים,150.00,100 גרם,false,,10.90,0.0727,true,1,160040
7290018825013,false,"תפו""א אדום תפזורת",3 יחידות,,"תפו""א אדום תפזורת",קילוגרמים,1.00,"ק""ג",true,,5.90,5.9000,true,1,160805
7290018825211,false,"תפו""א לבן תפזורת",3 יחידות,,"תפו""א לבן תפזורת",קילוגרמים,1.00,"ק""ג",true,,4.90,4.9000,true,1,160806
7290018893456,false,צ'וקטה עוגות אישיות במילוי קרם ובציפוי בטעם שוקולד 300 גרם,"פרדי קונדיטוריה אס,פי.אי",,צ'וקטה עוגות אישיות,גרמים,300.00,100 גרם,false,,11.90,0.0397,true,1,155475
7290018894408,false,קוביות וופל במילוי קרם אגוזי לוז - חלבי,בלקוני Balconi,,בלקוני וופל קוביות א,גרמים,250.00,100 גרם,false,,11.90,0.0476,true,1,157507
7290018925065,false,מיץ פרימור תפוזים סחוט 2 ליטר-,"גניר (1992) בע""מ",,מיץ תפוזים סחוט פרימ,מיליליטרים,2000.00,"100 מ""ל",false,,27.20,0.0136,true,1,156627
7290018972021,false,קיינד טבעוני קבב מזרחי 400 גרם,,,קיינד א קבב מזרחי 40,גרמים,400.00,100 גרם,false,,19.90,0.0497,true,1,158531
7290018972199,false,תומר שניצל צמחי 500,,,שניצל צמחי תומר 500,גרמים,500.00,100 גרם,false,,19.90,0.0398,true,1,158537
7290019036234,false,שיני שום קלופות ארוז,,,שיני שום קלופות 200,גרמים,200.00,100 גרם,false,,13.90,0.0695,true,1,161372
7290019044000,false,"תפו""א לבן ארוז",,,"תפו""א לבן ארוז",קילוגרמים,1.00,"ק""ג",true,,5.90,5.9000,true,1,155835
7290019056065,false,שוופס מוגז עדין פירות יער 1.5 ליטר פיקדון,"יפאורה תבורי בע""\מ",,שוופס מוגז עדין פירו,מיליליטרים,1500.00,"100 מ""ל",false,,8.80,0.0059,true,1,156461
7290019056096,false,שוופס מוגז עדין אפרסק 1.5 ליטר פיקדון,"יפאורה תבורי בע""\מ",,שוופס מוגז עדין אפרס,מיליליטרים,1500.00,"100 מ""ל",false,,8.80,0.0059,true,1,156463
7290019056164,false,שוופס סודה 1.5 ליטר רביעייה פיקדון,"יפאורה תבורי בע""\מ",,רביעית שוופס סודה 1.,מיליליטרים,1500.00,"100 מ""ל",false,,12.10,0.0081,true,1,156464
7290019056171,false,מארז רביעיית סודה בטעם לימון 1.5 ל' שוופס,"יפאורה תבורי בע""\מ",,סודה בטעם לימון שוופ,מיליליטרים,1500.00,"100 מ""ל",false,,12.10,0.0081,true,1,156465
7290019056300,false,משקה בטעם ביטר לימון 1.5 ל' שוויפס,"יפאורה תבורי בע""\מ",,שוופס ביטר 1.5 ליטר,מיליליטרים,1500.00,"100 מ""ל",false,,12.20,0.0081,true,1,156472
7290019056324,false,שוופס טוניק 1.5 ליטר פיקדון,"יפאורה תבורי בע""\מ",,שוופס טוניק 1.5 ליטר,מיליליטרים,1500.00,"100 מ""ל",false,,12.20,0.0081,true,1,156474
7290019056331,false,משקה בטעם טוניק ללא סוכר 1.5 ל' שוופס,מיוצר עי קונדיטוריית,,שוופס טוניק ללס 1.5,מיליליטרים,1500.00,"100 מ""ל",false,,12.20,0.0081,true,1,156475
7290019056355,false,תפוזינה לימונדה MIX לימונענע 1.5 ליטר,"יפאורה תבורי בע""\מ",,תפוזינה לימונענע 1.5,מיליליטרים,1500.00,"100 מ""ל",false,,9.60,0.0064,true,1,156476
7290019056379,false,תפוזינה תפוזים 1.5 ליטר פיקדון,"יפאורה תבורי בע""\מ",,תפוזינה תפוזים 1.5 ל,מיליליטרים,1500.00,"100 מ""ל",false,,9.60,0.0064,true,1,156477
7290019056447,false,תפוזינה אשכוליות לייט 1.5 ליטר פיקדון,"יפאורה תבורי בע""\מ",,תפוזינה אשכוליות ליי,מיליליטרים,1500.00,"100 מ""ל",false,,8.80,0.0059,true,1,156478
7290019056553,false,שישיית מים מינרלים עין גדי 2 ליטר,עין גדי מים מינרליים,,מים מינרלים עין גדי,קילוגרמים,12.00,ליטר,false,,13.80,1.1500,true,1,156484
7290019056560,false,עין גדי 2 ליטר בק' בודד פיקדון,עין גדי מיים מינרלים,,עין גדי 2 ליטר בקבוק,מיליליטרים,2000.00,"100 מ""ל",false,,3.80,0.0019,true,1,157201
7290019056577,false,משקה קל מנגו ספרינג 1.5 ליטר,"יפאורה תבורי בע""\מ",,ספרינג מנגו 1.5 ליטר,מיליליטרים,1500.00,"100 מ""ל",false,,9.40,0.0063,true,1,156340
7290019056584,false,משקה קל תפוזים ספרינג 1.5 ליטר,"יפאורה תבורי בע""\מ",,משקה קל תפוזים ספרינ,מיליליטרים,1500.00,"100 מ""ל",false,,9.40,0.0063,true,1,156485
7290019056591,false,משקה קל ענבים ספרינג 1.5 ליטר,"יפאורה תבורי בע""\מ",,ספרינג ענבים 1.5 ליט,מיליליטרים,1500.00,"100 מ""ל",false,,9.40,0.0063,true,1,156486
7290019056621,false,משקה קל פירות טרופיים ספרינג 1.5 ליטר,"יפאורה תבורי בע""\מ",,ספרינג פירות טרופיים,מיליליטרים,1500.00,"100 מ""ל",false,,9.40,0.0063,true,1,156488
7290019056638,false,משקה קל תות בננה ספרינג 1.5 ליטר,"יפאורה תבורי בע""\מ",,ספרינג תות בננה 1.5,מיליליטרים,1500.00,"100 מ""ל",false,,9.40,0.0063,true,1,156489
7290019056942,false,מים מינרליים טבעיים,יפאורה,,עין גדי 2 ליטר בקבוק,מיליליטרים,2000.00,"100 מ""ל",false,,3.80,0.0019,true,1,157202
7290019056959,false,מי-עדן מים מינרלים 1.5 ל,"מופק ממקור בזלתי עדן ,1",,מי עדן 1.5 ליטר,מיליליטרים,1500.00,"100 מ""ל",false,,4.50,0.0030,true,1,157203
7290019056966,false,מי עדן בקבוק פיקדון 1.5 ליטר,"מי עדן בע""מ",,מי עדן 1.5 ליטר,מיליליטרים,1500.00,"100 מ""ל",false,,4.50,0.0030,true,1,157204
7290019056973,false,שישיית מי עדן 1.5 ליטר משפחתי,"מופק ממקור בזלתי עדן ,1",,מים מינרליים מי עדן,מיליליטרים,9000.00,"100 מ""ל",false,,14.70,0.0016,true,1,156493
7290019167020,false,עוגת גבינה עם פירות יער לייט עדן קינוחים 82 גרם,תנובה,,עוגת גבינה עם פירות,גרמים,80.00,100 גרם,false,,6.90,0.0863,true,1,160873
7290019167037,false,תותים בקצפת עדן קינוחים 82 גרם,תנובה,,תותים בקצפת עדן 82 ג,גרמים,82.00,100 גרם,false,,6.90,0.0841,true,1,160874
7290019167044,false,קצפת עם קרם בייגלה מתוק מלוח עדן קינוחים 82 גרם,תנובה,,קצפת עם קרם בייגלה מ,גרמים,82.00,100 גרם,false,,6.90,0.0841,true,1,160875
7290019204206,false,עוף טוב פסטרמה בסגנון רומני 320 גרם,עיצובים 2020 (4.9),,פסטרמה בסגנון רומני,גרמים,320.00,100 גרם,false,,25.90,0.0809,true,1,159167
7290019204305,false,חזה הודו פסטרמה ברביקיו 350 גר',עיצובים 2020 (4.9),,פסטרמה ברביקיו עוף ט,גרמים,350.00,100 גרם,false,,25.90,0.0740,true,1,159168
7290019297161,false,טורטיה ראפ מקמח תירס שקדיה 450 גרם,דין שיווק,,טורטיה ראפ מקמח תירס,גרמים,450.00,100 גרם,false,,9.90,0.0220,true,1,153785
7290019297246,false,שזיפים מיובשים 250 גרם ששון הקולה,"דין שיווק וקליה בע""מ",,שזיפים 330 גר' בקופס,גרמים,330.00,100 גרם,false,,18.90,0.0573,true,1,158646
7290024486628,true,מזון חתולים בטעם עוף,,,מזון חתולים בטעם עוף,,0.00,,false,,5.00,0.0000,true,1,133011
7290100240137,false,"בדין תרסיס למייבש כביסה כחול 500 מ""ל","זוהר דליה, קיבוץ דליה, 1",,בדין תרסיס למייבש כב,מיליליטרים,500.00,"100 מ""ל",false,,16.90,0.0338,true,1,144210
7290100243671,false,"מרכך כביסה מרוכז אקסטרה כחול בדין 960 מ""ל",יוניליוור סנאיי וי טיקאר,,מרכך כביסה מרוכז כחו,מיליליטרים,960.00,"100 מ""ל",false,,17.90,0.0186,true,1,139006
7290100245231,false,נמס בכוס מרק בטעם עוף עם אטריות ושקדי מרק-2 שקיות,יוניליוור ישראל מזון בע\,,נמס בכוס עוף עם אטרי,גרמים,50.00,100 גרם,false,,6.90,0.1380,true,1,139823
7290100246368,true,מפעל-רוטב אלף האיים,,,מפעל-רוטב אלף האיים,,0.00,,false,,2999.90,0.0000,true,1,136602
7290100249598,false,"רוטב לעוף שום ודבש קנור 320 גרם בד""צ",יוניליוור ישראל מזון בע\,,רוטב לעוף שום ודבש ק,גרמים,320.00,100 גרם,false,,10.90,0.0341,true,1,142977
7290100249659,false,"רוטב לעוף צ'ילי מתוק ושום קנור 320 גרם בד""צ","יוניליוור ישראל מזון בע""",,רוטב לעוף צ'ילי שום,גרמים,320.00,100 גרם,false,,10.90,0.0341,true,1,142978
7290100410868,true,ליסטרין קולמינט 95 מ,,,ליסטרין קולמינט 95 מ,,0.00,,false,,5.00,0.0000,true,1,133101
7290100631789,true,תבנית סיליקון דובוני,,,תבנית סיליקון דובוני,,0.00,,false,,0.00,0.0000,true,1,139572
7290100680650,false,מנה חמה נודלס-אטריות ירקות טעם תאילנדי אסם 76 ג',PUB FOODS PRESIDENT THAI,,מנה חמה נודלס בסגנון,גרמים,76.00,100 גרם,false,,5.90,0.0776,true,1,139222
7290100680711,false,פירורית זהב אסם זהב 350ג',עינת תעשיות מזון אגו,,פירורי לחם מוזהבים פ,גרמים,350.00,100 גרם,false,,8.50,0.0243,true,1,139223
7290100680728,false,פירורית רגילה שקית 350 גרם,מיוצר עי קונדיטוריית,,פירורי לחם לבנים פיר,גרמים,350.00,100 גרם,false,,7.50,0.0214,true,1,143603
7290100681138,false,מארז אפרופו חטיף תירס 3 יחידות,מיוצר עי קונדיטוריית,,מארז 3 אפרופו 50 גרם,גרמים,150.00,100 גרם,false,,12.90,0.0860,true,1,135793
7290100683392,true,"טייסטרס צ""ויס 50 גרם",,,"טייסטרס צ""ויס 50 גרם",,0.00,,false,,5.00,0.0000,true,1,134616
7290100684139,false,פסטה מיני מקרוני אסם 500 גרם,פסטה זארה,,פסטה מיני מקרוני 500,גרמים,500.00,100 גרם,false,,5.90,0.0118,true,1,143606
7290100685136,false,"אבקת מרק בטעם עוף אסם 1 ק""ג","אסם השקעות בע""\מ",,מרק בטעם עוף פרווה כ,גרמים,1000.00,100 גרם,false,,14.90,0.0149,true,1,145273
7290100689301,false,אבקת מרק בטעם עוף זך עדיף אסם 400 גרם,"אסם השקעות בע""\מ",,אסם עדיף זך טעם עוף,גרמים,400.00,100 גרם,false,,13.90,0.0348,true,1,140501
7290100700020,false,גריסי פנינה 500 גרם סוגת,האי נאם סי או אל.טי.,,גריסי פנינה סוגת 500,גרמים,500.00,100 גרם,false,,5.90,0.0118,true,1,148090
7290100700396,false,"אורז יסמין קלאסי סוגת 1 ק""ג",האי נאם סי או אל.טי.,,אורז יסמין קלאסי סוג,גרמים,1000.00,100 גרם,false,,12.30,0.0123,true,1,135507
7290100700587,false,"בורגול ""סוגת"" 500 גרם",האי נאם סי או אל.טי.,,בורגול סוגת 500 גרם,גרמים,500.00,100 גרם,false,,5.90,0.0118,true,1,132485
7290100701683,true,שעועית לבנה עדינה50,,,שעועית לבנה עדינה50,,0.00,,false,,5.00,0.0000,true,1,132486
7290100702994,false,סוכר דמררה קלאסי בשקית סוגת 500 גרם,"סוגת תעשיות בע""מ",,סוכר דמררה בשקית סוג,גרמים,500.00,100 גרם,false,,5.90,0.0118,true,1,133523
7290100703007,false,"עדשים שחורות בלוגה 500 גרם ""סוגת""",האי נאם סי או אל.טי.,,עדשים שחורות סוגת 50,גרמים,500.00,100 גרם,false,,7.90,0.0158,true,1,148093
7290100704493,false,קמח שמרים פיצה ללא צורך בניפוי 1 קג,"שטיבל בע""\מ - טחנת קמח",,"קמח לפיצה סוגת 1 ק""ג",גרמים,1000.00,100 גרם,false,,8.90,0.0089,true,1,152447
7290100808503,true,"תמר מג""עול 200 גרם",,,"תמר מג""עול 200 גרם",,0.00,,false,,5.00,0.0000,true,1,133070
7290100822531,true,פלסטרים 100 יחידות,,,פלסטרים 100 יחידות,,0.00,,false,,5.00,0.0000,true,1,132520
7290100858592,false,אבקת קקאו עלית שקית 150 ג',הנסיך- מפעל לייצור ט,,שקית קקאו עלית 150 ג,גרמים,150.00,100 גרם,false,,9.90,0.0660,true,1,139481
7290100891230,true,מגשית גפילטפיש,,,מגשית גפילטפיש,,0.00,,false,,0.00,0.0000,true,1,138468
7290100924723,true,"ג""ל נתלה לאסלה 50 מ""",,,"ג""ל נתלה לאסלה 50 מ""",,0.00,,false,,5.00,0.0000,true,1,135152
7290100924730,true,"ג""ל נתלה לאסלה 50 מ""",,,"ג""ל נתלה לאסלה 50 מ""",,0.00,,false,,5.00,0.0000,true,1,135153
7290100924822,true,נוזל כלים סוד - צהוב,,,נוזל כלים סוד - צהוב,,0.00,,false,,5.00,0.0000,true,1,135385
7290100926147,false,אבקת כביסה פרסיל קולור שקית 2.5 קג,"הנקל סוד בע""מ",,פרסיל קולור אבקת כבי,גרמים,2500.00,100 גרם,false,,24.90,0.0100,true,1,149802
7290101112723,true,מנבו 3 יחידות,,,מנבו 3 יחידות,,0.00,,false,,5.00,0.0000,true,1,135134
7290101482208,true,משקה אורז אורגני 1 ל,,,משקה אורז אורגני 1 ל,,0.00,,false,,5.00,0.0000,true,1,134551
7290101484080,true,משקה אורז בטעם וניל,,,משקה אורז בטעם וניל,,0.00,,false,,5.00,0.0000,true,1,134620
7290101501138,true,פרחי כרובית,,,פרחי כרובית,,0.00,,false,,10.00,0.0000,true,1,136256
7290101501176,false,פלפלונים רמי לוי,מ.ע יזמות,,פלפלונים רמי לוי,Unknown,1.00,יחידה,false,,9.90,9.9000,true,1,146778
7290101501305,false,מלפפונים קטנים ארוזי,חקלאי,,מלפפון בייבי רמי לוי,Unknown,1.00,יחידה,false,,9.90,9.9000,true,1,146779
7290101551027,false,קפסולות קפה אספרסו חזק במיוחד 14 עלית 10 יח',הנסיך- מפעל לייצור ט,,קפסולות 14 למכונות N,Unknown,10.00,יחידה,false,,17.90,1.7900,true,1,142656
7290101551300,false,סילאן טבעי ללא תוספת סוכר בקבוק לחיץ,מכוורת יד מרדכי שטראוס ב,,סילאן טבעי לחיץ 380,גרמים,380.00,100 גרם,false,,14.90,0.0392,true,1,141363
7290101551539,false,יוגורט PRO בטעם אפרסק 0% 20 גרם חלבון בגביע,"שטראוס בריאות בע""מ",,דנונה פרו 20 גר אפרס,גרמים,200.00,100 גרם,false,,5.90,0.0295,true,1,141526
7290101551584,false,תפוצ'יפס קידס מארז 10 יח' * 20 ג',"שטראוס פריטו ליי בע""מ )פ",,מארז תפוצ'יפס קידס 1,גרמים,200.00,100 גרם,false,,12.90,0.0645,true,1,142717
7290101551638,false,חטיף צ'יטוס כאפה בטעם קטשופ - מארז 10 יח',"שטראוס פריטו ליי בע""מ )פ",,מארז ציטוס כאפה 10*2,גרמים,200.00,100 גרם,false,,12.90,0.0645,true,1,142721
7290101551904,false,סבבה בוטנים אמריקאים,הנסיך- מפעל לייצור ט,,סבבה בוטנים אמריקאים,גרמים,50.00,100 גרם,false,,2.90,0.0580,true,1,141776
7290101866787,false,וניש קליה נוזל מסיר כתמים לכביסה לבנה 3 ליטר,קליה וניש Kalia Vanish,,קליה ג'ל מסיר כתמים,מיליליטרים,3000.00,"100 מ""ל",false,,29.90,0.0100,true,1,153894
7290101920038,true,מפעל-סולו אקונומיקה,,,מפעל-סולו אקונומיקה,,0.00,,false,,2999.90,0.0000,true,1,137076
7290101920359,true,אשפתון 75/90 שחור50,,,אשפתון 75/90 שחור50,,0.00,,false,,0.00,0.0000,true,1,133592
7290101921226,true,קופיקס - כפפות ניילו,,,קופיקס - כפפות ניילו,,0.00,,false,,0.00,0.0000,true,1,133598
7290102030330,false,תפוצ'יפס קראנצ' בטעם מקסיקני 200 גרם,"שטראוס פריטו ליי בע""\מ )",,תפוצ'פס קראנצ מקסיקנ,גרמים,200.00,100 גרם,false,,10.90,0.0545,true,1,140025
7290102138260,true,צילון מתקפל לרכב,,,צילון מתקפל לרכב,,0.00,,false,,5.00,0.0000,true,1,136793
7290102302932,false,גאיה קלאסית בפרוסות 150 גרם,קריניציה ויטמינה אס,,תחליף גבינה טבעונית,גרמים,150.00,100 גרם,false,,22.90,0.1527,true,1,155765
7290102390427,false,יוגורט ביו עם קציפת תות 3% שומן 150 ג' מולר,מולר Muller,,יוגורט ביו פרופ קציפ,מיליליטרים,150.00,"100 מ""ל",false,,5.20,0.0347,true,1,144533
7290102391844,false,יוגורט ביו עם קציפת פירות יער3% שומן 150 ג' מולר,מולר Muller,,יוגורט ביו פרופ קציפ,מיליליטרים,150.00,"100 מ""ל",false,,5.20,0.0347,true,1,144535
7290102392094,false,חלב עיזים 3.7% בקרטון משק צוריאל 1 ליטר,מחלבת משק צוריאל,,חלב עיזים בקרטון 1 ל,מיליליטרים,1000.00,"100 מ""ל",false,,16.90,0.0169,true,1,144536
7290102392254,false,"חלב בקרטון 1% 2 ליטר בד""צ - מוצר בפיקוח",מילקו תעשיות בעמ,,חלב בקרטון 2 ליטר- 1,מיליליטרים,2000.00,"100 מ""ל",false,,11.18,0.0056,true,1,159768
7290102392728,false,יוגורט ביו ביאנקו 2.8% מולר 200 גרם,"טרה, פארק תעשיות בע""",,יוגורט ביו נטורל טבע,מיליליטרים,200.00,"100 מ""ל",false,,4.00,0.0200,true,1,145809
7290102393169,false,"יוגורט סימפלי פרוט בטעם תות 3% מולר 150 מ""ל",מולר Muller,,יוגורט סימפלי פרוט ת,גרמים,150.00,100 גרם,false,,5.10,0.0340,true,1,143086
7290102393176,false,סימפלי פרוט יוגורט אפרסק 3% שומן 150 ג' מולר,מילקו תעשיות בעמ,,יוגורט סימפלי פרוט א,מיליליטרים,150.00,"100 מ""ל",false,,5.10,0.0340,true,1,143087
7290102393268,false,"גבינה לבנה 5% שומן, רכיבים טבעיים 750 גרם",הפריט בפיקוח,,גבינה לבנה 5% טרה 75,גרמים,750.00,100 גרם,false,,14.25,0.0190,true,1,145810
7290102393299,false,יוגורט עיזים לשתייה 3% משק צוריאל 500 גרם,מיוצר עי קוד יצרן HG,,יוגורט עיזים לשתייה,גרמים,500.00,100 גרם,false,,12.90,0.0258,true,1,144537
7290102395231,false,שמיניית יוגורט ביו ביאנקו 2.8% מולר 150 גרם,מולר Muller,,מאגדת שמינייה 2.8% מ,גרמים,1200.00,100 גרם,false,,18.50,0.0154,true,1,135581
7290102395477,false,מעדן חלב בטעם שוקולד עם קצפת 123 ג' טרה,Unknown,,מוו שוקולד קצפת 123,גרמים,123.00,100 גרם,false,,2.90,0.0236,true,1,151432
7290102396184,true,חלב 17 3% ליטר,,,חלב 17 3% ליטר,,0.00,,false,,2999.90,0.0000,true,1,134339
7290102396399,false,מארז 8 יחידות מעדן חלב בטעם שוקולד 1.5%,Unknown,,מאגדת שמינייה מעדן מ,גרמים,800.00,100 גרם,false,,13.90,0.0174,true,1,151678
7290102396405,false,שמיניית מעדן וניל מוו 1.5% טרה 100 גרם,Unknown,,מאגדת שמינייה מעדן מ,גרמים,800.00,100 גרם,false,,13.90,0.0174,true,1,151679
7290102396436,false,"מעדן מוו שוקולד 1.5% 125 גרם בד""צ",מילקו תעשיות בעמ,,מוו מעדן חלב שוקולד,גרמים,125.00,100 גרם,false,,2.90,0.0232,true,1,135582
7290102396443,false,"מעדן מוו וניל 1.5% 125 גרם בד""צ",מילקו תעשיות בעמ,,מוו מעדן חלב וניל 1.,גרמים,125.00,100 גרם,false,,2.90,0.0232,true,1,151676
7290102397679,false,קוטג' וחצי טרה 5% מרכיבים טבעיים,מילקו,,קוטג' וחצי 5% 375 גר,גרמים,375.00,100 גרם,false,,7.70,0.0205,true,1,153633
7290102398478,false,לאבנה 9% שומן 500 ג' טרה,טרה,,לאבנה 9% 500 גרם,גרמים,500.00,100 גרם,false,,21.90,0.0438,true,1,151681
7290102398560,false,שוקו טרה מועשר בבקבוק 1 ליטר,מילקו תעשיות בעמ,,שוקו טרה מועשר בבקבו,מיליליטרים,1000.00,"100 מ""ל",false,,11.90,0.0119,true,1,144360
7290102398614,false,משקה חלב בטעם בננה 1 ליטר טרה,מילקו תעשיות בעמ,,משקה חלב בטעם בננה 1,מיליליטרים,1000.00,"100 מ""ל",false,,11.90,0.0119,true,1,151433
7290102398782,false,משקה סויה קלאסי משק צוריאל 1 ליטר,מחלבת משק צוריאל,,משקה סויה קלאסי צורי,מיליליטרים,1000.00,"100 מ""ל",false,,10.90,0.0109,true,1,148560
7290102398799,false,משקה סויה במתיקות מופחתת משק צוריאל 1 ליטר,מחלבת משק צוריאל,,משקה סויה במתיקות מו,מיליליטרים,1000.00,"100 מ""ל",false,,10.90,0.0109,true,1,148561
7290102399857,false,מולר אקטיב לייט 20 גרם חלבון 0% שומן עם תות 200 גרם,מולר Muller,,יוגורט לייט 20 גרם ח,גרמים,200.00,100 גרם,false,,6.20,0.0310,true,1,149502
7290102844135,true,"סוויטלוז ממתיק עב ""ס",,,"סוויטלוז ממתיק עב ""ס",,0.00,,false,,5.00,0.0000,true,1,133038
7290103404758,false,סלט כרוב אדום במיונז אחלה 120 גרם,מיוצר עי קונדיטוריית,,סלט כרוב אחלה 120 גר,גרמים,120.00,100 גרם,false,,4.90,0.0408,true,1,142275
7290103702533,false,מגבות נייר כפול 6 יח רמילוי,,,מגבות נייר כפול 6 יח,Unknown,6.00,יחידה,false,,19.90,3.3167,true,1,144683
7290103702540,false,נייר טואלט מהדרות כדור פורח 30 גלילים טאצ',טאץ' Touch,,נייר טואלט כדור פורח,Unknown,30.00,יחידה,false,,24.90,0.8300,true,1,161439
7290103702564,false,נייר טואלט 30 גלילים,שניב תעשיות נייר,,נייר טואלט 30 גלילים,Unknown,30.00,יחידה,false,,25.90,0.8633,true,1,148169
7290103702939,false,נייר טואלט גליל כפול 16 רמילוי,,,נייר טואלט רמי לוי 1,Unknown,16.00,יחידה,false,,29.90,1.8687,true,1,142478
7290104008955,true,חומץ בלסמי 0.5 ליטר,,,חומץ בלסמי 0.5 ליטר,,0.00,,false,,5.00,0.0000,true,1,133059
7290104061424,false,סלט חומוס עם זעתר אחלה 400 גרם,מיוצר עי קונדיטוריית,,סלט חומוס וזעתר אחלה,גרמים,400.00,100 גרם,false,,10.90,0.0273,true,1,141529
7290104061448,false,סלט חומוס עם חריף אחלה 400 גרם,מיוצר עי קונדיטוריית,,סלט חומוס וחריף אחלה,גרמים,400.00,100 גרם,false,,10.90,0.0273,true,1,142278
7290104066566,false,טחינה שומשום מלא אחלה 500 גר',מיוצר עי קונדיטוריית,,טחינה 500 גרם,גרמים,500.00,100 גרם,false,,14.90,0.0298,true,1,141530
7290104068546,false,גומי מאסט בטעם לימון קולה ללא סוכר 28 ג' עלית,"שטראוס גרופ בע""מ",,מאסט קולה לימון ללא,גרמים,28.00,100 גרם,false,,4.50,0.1607,true,1,134109
7290104500572,false,אפרופו חטיף תירס איטליאנו אסם 50 גרם,מיוצר עי קונדיטוריית,,אפרופו איטליאנו אסם,גרמים,50.00,100 גרם,false,,4.90,0.0980,true,1,139236
7290104508943,false,במבה חטיף בוטנים אסם 200 גרם,"אסם השקעות בע""\מ",,במבה קלאסי 200 גרם,גרמים,200.00,100 גרם,false,,8.90,0.0445,true,1,149692
7290104570131,false,תמר מג'הול ששון ושות,,,תמר מג'הול ששון ושות,Unknown,1.00,יחידה,false,,19.90,19.9000,true,1,145049
7290104570162,false,תמרים ללא חרצנים תמר כבוש 500 גרם,תמר העמקים בית שאן,,תמרים ללא חרצנים בוא,גרמים,500.00,100 גרם,false,,13.90,0.0278,true,1,148209
7290104570513,false,"תמר מגהול כחול 1 ק""",פרי וירק טמרה ושותפי,,"תמר מג'הול 1 ק""ג",גרמים,1000.00,100 גרם,false,,19.90,0.0199,true,1,140089
7290104722530,false,תפוצ'יפס בטעם שמנת בצל עלית 200 גרם,"שטראוס פריטו ליי בע""\מ )",,תפוציפס שמנת בצל 200,גרמים,200.00,100 גרם,false,,10.90,0.0545,true,1,140026
7290104930478,true,"אבקת כביסה 1 ק""ג",,,"אבקת כביסה 1 ק""ג",,0.00,,false,,5.00,0.0000,true,1,132461
7290104930942,true,נוזל כלים בניחוח אבי,,,נוזל כלים בניחוח אבי,,0.00,,false,,5.00,0.0000,true,1,134445
7290104930959,true,נוזל כלים בניחוח רענ,,,נוזל כלים בניחוח רענ,,0.00,,false,,5.00,0.0000,true,1,134524
7290104931055,true,מבשם ting צהוב בניחו,,,מבשם ting צהוב בניחו,,0.00,,false,,5.00,0.0000,true,1,135479
7290104931161,true,אבקת כביסה1.25 TING,,,אבקת כביסה1.25 TING,,0.00,,false,,5.00,0.0000,true,1,134439
7290105360250,false,קפסולות 09 עשיר וארומטי למכונת נספרסו עלית 10יח',הנסיך- מפעל לייצור ט,,קפסולות 09 למכונות N,Unknown,10.00,יחידה,false,,17.90,1.7900,true,1,151381
7290105360755,false,"שמן זית 3 חזק 750 מ""ל יד מרדכי",מכוורת יד מרדכי שטראוס ב,,"שמן זית 3 חזק 750 מ""",מיליליטרים,750.00,"100 מ""ל",false,,33.90,0.0452,true,1,141368
7290105360762,false,"שמן זית 1 עדין 750 מ""ל יד מרדכי",מכוורת יד מרדכי שטראוס ב,,שמן זית 1 עדין 750 מ,מיליליטרים,750.00,"100 מ""ל",false,,33.90,0.0452,true,1,141369
7290105360878,false,תפוציפס טבעי 50 גרם מארז רביעייה,"שטראוס פריטו ליי בע""\מ )",,תפוצ'יפס טבעי עלית 4,גרמים,200.00,100 גרם,false,,11.90,0.0595,true,1,140217
7290105362339,false,"שמנת לבישול 15% 250 מ""ל יטבתה מהדרין",מחלבת יטבתה,,שמנת לבישול 15% יטבת,מיליליטרים,250.00,"100 מ""ל",false,,7.90,0.0316,true,1,141537
7290105363602,false,מקלות כיף כף קלאסי עלית 40 גרם,שולן צ'\יקולטה גידה סאן.,,כיף כף מקלות קלאסי 4,גרמים,40.00,100 גרם,false,,4.90,0.1225,true,1,137850
7290105364302,false,"עלית חטיף שוקולד כיף כף מקלות אגוזים, 40 גרם",שולן צ'\יקולטה גידה סאן.,,כיף כף מקלות אגוזים,גרמים,40.00,100 גרם,false,,4.90,0.1225,true,1,137852
7290105368904,false,"שמנת מתוקה להקצפה 32% שומן 250 מ""ל יוטבתה",מחלבת יטבתה,,שמנת מתוקה להקצפה 32,מיליליטרים,250.00,"100 מ""ל",false,,7.30,0.0292,true,1,141541
7290105430458,false,"פלמוליב - תחליב רחצה נטורלס שקדים 750 מ""ל",הנסיך- מפעל לייצור ט,,תחליב רחצה עם משאבה,מיליליטרים,750.00,"100 מ""ל",false,,23.90,0.0319,true,1,152427
7290105438539,false,קוקי נייר אפייה 40 דפים,אופל אריזות,,"נייר אפייה 42*37 ס""מ",Unknown,40.00,יחידה,false,,9.90,0.2475,true,1,139724
7290105439499,false,מאסטר שף מאסטר שף מיונז 480 גר כשלפ,רמיה סי.וי. הולנד,,מאסטר שף מיונז הולנד,גרמים,483.00,100 גרם,false,,11.90,0.0246,true,1,136627
7290105500625,true,"ג""ין בומביי ספייר70",,,"ג""ין בומביי ספייר70",,0.00,,false,,0.00,0.0000,true,1,138120
7290105690739,true,מרק נמס עגבניות עם א,,,מרק נמס עגבניות עם א,,0.00,,false,,5.00,0.0000,true,1,132416
7290105691897,false,קוסקוס פלוס עם קמח חיטה מלא,"מיוצר ע""י קוד יצרן K",,קוסקוס עם קמח חיטה מ,גרמים,350.00,100 גרם,false,,8.90,0.0254,true,1,144362
7290105691934,false,קמח שמרים אסם 1 קילו,תאי פרזידנט פוד פאבל,,קמח שמרים אסם 1 קילו,גרמים,1000.00,100 גרם,false,,9.90,0.0099,true,1,139224
7290105693341,false,מארז עשיריית במבה אסם 25*10 גרם,"אסם השקעות בע""\מ",,חטיף בוטנים במבה 10*,גרמים,250.00,100 גרם,false,,14.90,0.0596,true,1,142920
7290105693457,false,עוגת הבית דמקה שוקו וניל אסם 320 גרם,מיוצר עי קונדיטוריית,,הבית עוגת דמקה שוקו,גרמים,320.00,100 גרם,false,,11.90,0.0372,true,1,143611
7290105964564,false,אחלה חומוס אחלה 400ג,מיוצר עי קונדיטוריית,,סלט חומוס אחלה 400 ג,גרמים,400.00,100 גרם,false,,8.50,0.0213,true,1,142285
7290105964915,true,פופקורן בטעם טבעי80,,,פופקורן בטעם טבעי80,,0.00,,false,,5.00,0.0000,true,1,134517
7290105968777,false,פריכיות 5 דגנים עם תחתית שוקולד מריר 70 גרם,"טחנת האבן תעשיות בע""",,פריכיות 5 דגנים תחתי,גרמים,70.00,100 גרם,false,,8.00,0.1143,true,1,152897
7290106265066,true,אקסטרא מגבונים לניקו,,,אקסטרא מגבונים לניקו,,0.00,,false,,5.00,0.0000,true,1,135327
7290106265233,true,כדוריות ניקיון בריח,,,כדוריות ניקיון בריח,,0.00,,false,,5.00,0.0000,true,1,134646
7290106410251,true,"ג""לי בינס 100 גרם",,,"ג""לי בינס 100 גרם",,0.00,,false,,5.00,0.0000,true,1,132388
7290106411418,true,סוכריות ללא סוכר מנט,,,סוכריות ללא סוכר מנט,,0.00,,false,,5.00,0.0000,true,1,132389
7290106411449,true,סוכריות ללא סוכר לימ,,,סוכריות ללא סוכר לימ,,0.00,,false,,5.00,0.0000,true,1,132390
7290106411524,true,ממתק חמוץ ומסוכר בטע,,,ממתק חמוץ ומסוכר בטע,,0.00,,false,,5.00,0.0000,true,1,132391
7290106411890,true,ממתק שטיח בטעם קולה,,,ממתק שטיח בטעם קולה,,0.00,,false,,5.00,0.0000,true,1,134742
7290106411913,true,ממתק חמוץ ומסוכר בטע,,,ממתק חמוץ ומסוכר בטע,,0.00,,false,,5.00,0.0000,true,1,132392
7290106411920,true,קשית ממתק בטעם תות2,,,קשית ממתק בטעם תות2,,0.00,,false,,5.00,0.0000,true,1,134101
7290106411937,true,ממתק חמוץ ומסוכר בטע,,,ממתק חמוץ ומסוכר בטע,,0.00,,false,,5.00,0.0000,true,1,132393
7290106411999,true,ממתק חמוץ ומסוכר בטע,,,ממתק חמוץ ומסוכר בטע,,0.00,,false,,5.00,0.0000,true,1,134581
7290106413931,true,סוכריות גומי נחשים1,,,סוכריות גומי נחשים1,,0.00,,false,,5.00,0.0000,true,1,132394
7290106413948,true,סוכריות גומי בננה15,,,סוכריות גומי בננה15,,0.00,,false,,5.00,0.0000,true,1,132395
7290106413955,true,סוכריות גומי יין150,,,סוכריות גומי יין150,,0.00,,false,,5.00,0.0000,true,1,132396
7290106414051,true,סוכריות גומי דובונים,,,סוכריות גומי דובונים,,0.00,,false,,5.00,0.0000,true,1,132556
7290106415508,true,מטבעות שוקולד,,,מטבעות שוקולד,,0.00,,false,,5.00,0.0000,true,1,133482
7290106520066,false,"רבע לשבע שוקולד חלב במילוי אגוזים עלית 160 גרם בד""צ","הגביע מוצרי וופלים בע""\מ",,רבע לשבע קרם אגוזים,גרמים,160.00,100 גרם,false,,10.90,0.0681,true,1,139484
7290106520288,false,יוגורט פרו חלבון עם תות 2.4% שומן 150 ג' דנונה,"שטראוס בריאות בע""מ",,דנונה WOW תות 150 גר,גרמים,150.00,100 גרם,false,,4.70,0.0313,true,1,137853
7290106524439,false,"תפוצ'יפס פופס 60 גרם ""עלית""","שטראוס פריטו ליי בע""\מ )",,תפוצ'יפס פופס 60 גרם,גרמים,60.00,100 גרם,false,,4.00,0.0667,true,1,138534
7290106525382,false,קפה טורקי עלית 125 גר,עלית,,קפה טורקי עלית 125 ג,גרמים,125.00,100 גרם,false,,9.90,0.0792,true,1,140448
7290106525405,false,קפסולות למכונת נספרסו נטול קפאין,שטראוס קפה בי.וי.,,קפסולות נטול קפאין ל,Unknown,10.00,יחידה,false,,17.90,1.7900,true,1,152615
7290106527461,true,מארז 4 אקטיביה 0% שז,,,מארז 4 אקטיביה 0% שז,,0.00,,false,,0.00,0.0000,true,1,133364
7290106528628,false,"דוריטוס טבעי 185 גרם ""עלית""","שטראוס פריטו ליי בע""\מ )",,דוריטוס טבעי 185 גרם,גרמים,185.00,100 גרם,false,,7.90,0.0427,true,1,140075
7290106571754,true,פרילי מנגו,,,פרילי מנגו,,0.00,,false,,5.00,0.0000,true,1,132936
7290106571808,true,"קרח ענבים ויטמינצ""יק",,,"קרח ענבים ויטמינצ""יק",,0.00,,false,,6.00,0.0000,true,1,135650
7290106572027,false,אוסם - לחמית חמישה דגנים 190 גרם,"אסם השקעות בע""\מ",,לחמית חמישה דגנים 19,גרמים,190.00,100 גרם,false,,9.50,0.0500,true,1,143616
7290106573628,false,צבר חומוס עם טחינה 400 גרם,סלטי צבר,,חומוס עם טחינה צבר 4,גרמים,400.00,100 גרם,false,,11.90,0.0298,true,1,139226
7290106573925,true,מפעל-מיונז אמיתי 5 ק,,,מפעל-מיונז אמיתי 5 ק,,0.00,,false,,0.00,0.0000,true,1,134627
7290106574083,true,בובספוג,,,בובספוג,,0.00,,false,,5.00,0.0000,true,1,132933
7290106574953,false,בייגלה שטוחים כעכים שטוחים עם שומשום,מיוצר עי קונדיטוריית,,בייגלה שטוחים שומשום,גרמים,300.00,100 גרם,false,,9.90,0.0330,true,1,145311
7290106574977,false,בייגלה שטוחים כעכים שטוחים עם מלח,מיוצר עי קונדיטוריית,,בייגלה כעכים שטוחים,גרמים,300.00,100 גרם,false,,9.90,0.0330,true,1,139228
7290106575431,false,עוגת הבית סופלה בטעם שוקולד וניל 340 ג',מיוצר עי קונדיטוריית,,עוגת הבית סופלה בטעם,גרמים,340.00,100 גרם,false,,11.90,0.0350,true,1,143626
7290106575738,true,"מארז ג""ויה מיני סטיק",,,"מארז ג""ויה מיני סטיק",,0.00,,false,,0.00,0.0000,true,1,137313
7290106576223,false,אפרופו מצופה שוקולד 40 ג'!,מיוצר עי קונדיטוריית,,אפרופו שוקולד כלפ 40,גרמים,40.00,100 גרם,false,,4.90,0.1225,true,1,145317
7290106576513,false,חומוס חלק צבר 400 גר,סלטי צבר,,חומוס חלק צבר 400 גר,גרמים,400.00,100 גרם,false,,9.90,0.0248,true,1,139239
7290106576537,false,חומוס מסעדות צבר 700 גרם,סלטי צבר,,חומוס מסעדה צבר 700,גרמים,700.00,100 גרם,false,,10.90,0.0156,true,1,136466
7290106577282,false,טחינה אמיתית מרובע 400 ג' צבר,סלטי צבר,,סלט טחינה צבר 400 גר,גרמים,400.00,100 גרם,false,,12.90,0.0323,true,1,139229
7290106577572,false,מטבוחה אמיתית מרובע 400 ג' צבר,סלטי צבר,,סלט מטבוחה אמיתית צב,גרמים,400.00,100 גרם,false,,12.90,0.0323,true,1,143628
7290106578470,true,קופיקס ביסלי ברביקיו,,,קופיקס ביסלי ברביקיו,,0.00,,false,,5.00,0.0000,true,1,134582
7290106578692,false,ביסלי במבה מיקס מהדורת אליפות אסם 80 גרם,פרו מן יו פתרונות אר,,במבה ביסלי מיקס 80 ג,גרמים,80.00,100 גרם,false,,4.90,0.0613,true,1,149443
7290106578821,false,הבית עוגת שמרים קלאסית בטעם שוקולד 350גר.,מיוצר עי קונדיטוריית,,עוגת הבית שמרים קלאס,גרמים,350.00,100 גרם,false,,16.90,0.0483,true,1,139233
7290106652996,false,כיף כף מקלות קוקוס חלבי 40 גר',סולן בעבור שטראוס,,כיף כף מקלות קוקוס 4,גרמים,40.00,100 גרם,false,,4.90,0.1225,true,1,161005
7290106655638,true,דוריטוס נאפוליטנה סו,,,דוריטוס נאפוליטנה סו,,0.00,,false,,5.00,0.0000,true,1,134001
7290106658707,true,מארז 4 אקטיביה 0% או,,,מארז 4 אקטיביה 0% או,,0.00,,false,,0.00,0.0000,true,1,134398
7290106662025,false,תפוציפס טבעי מלח ופלפל 50 גרם,שטראוס פריטו ליי (מל,,תפוצ'יפס מלח פלפל 50,גרמים,50.00,100 גרם,false,,4.00,0.0800,true,1,144898
7290106663121,false,"עוגה אישית במילוי קרם חלב ""מילקי קייק"" שטראוס",בובארד איטליה אס.פי.איי,,מילקי קייק 34 גרם,גרמים,34.00,100 גרם,false,,2.90,0.0853,true,1,134116
7290106663183,false,צ'יטוס חטיף טעם גבינה 65ג,שטראוס גרופ,,ציטוס קראצ בטעם גבינ,גרמים,65.00,100 גרם,false,,3.50,0.0538,true,1,138532
7290106663541,true,רוטב צ ילי מתוק יד מ,,,רוטב צ ילי מתוק יד מ,,0.00,,false,,12.90,0.0000,true,1,142518
7290106664500,true,דוריטוס ברביקיו באטמ,,,דוריטוס ברביקיו באטמ,,0.00,,false,,5.00,0.0000,true,1,134002
7290106664555,false,"רוטב שמנת עם עגבניות 9% שומן 250 מ""ל יוטבתה",מחלבת יטבתה,,רוטב שמנת עם עגבניות,גרמים,257.00,100 גרם,false,,10.90,0.0424,true,1,141554
7290106666788,false,עלית - סוכריות נוסטלגיה דבש ממולאות 80 גרם,שטראוס גרופ,,סוכריות נוסלגיה דבש,גרמים,80.00,100 גרם,false,,4.90,0.0613,true,1,144326
7290106667266,false,"דוריטוס חמוץ חריף 185 גרם ""עלית""","שטראוס פריטו ליי בע""\מ )",,דוריטוס חמוץ חריף 18,גרמים,185.00,100 גרם,false,,7.90,0.0427,true,1,140027
7290106668133,false,שוקולית בשקית 400 גר,,,שוקולית בשקית 400 גר,גרמים,400.00,100 גרם,false,,10.90,0.0273,true,1,135674
7290106668577,false,"מיץ לימון טיבעי 250 מ""ל יד מרדכי",האי נאם סי או אל.טי.,,מיץ לימון טבעי 250 מ,מיליליטרים,250.00,"100 מ""ל",false,,7.90,0.0316,true,1,139930
7290106669833,true,דוריטוס בטעם שווארמה,,,דוריטוס בטעם שווארמה,,0.00,,false,,5.00,0.0000,true,1,135483
7290106669918,true,דוריטוס בטעם פיצה +,,,דוריטוס בטעם פיצה +,,0.00,,false,,5.00,0.0000,true,1,135484
7290106721920,false,צנצנת מסטיק מאסט בטעם ספירמינט עדין 66 ג' עלית,"שטראוס גרופ בע""\מ.",,"צנצנת ספירמינט לל""ס",גרמים,66.00,100 גרם,false,,9.90,0.1500,true,1,137412
7290106724488,false,דנונה טבעי פרוביוטי 1.7% טבעי 150ג',שטראוס,,יוגורט דנונה ביו 1.7,גרמים,150.00,100 גרם,false,,2.60,0.0173,true,1,132825
7290106725867,false,"סירופ מייפל טבעי 189 מ""ל ""יד מרדכי""",קוסלסי פוד,,סירופ מייפל טבעי 189,מיליליטרים,189.00,"100 מ""ל",false,,29.90,0.1582,true,1,141380
7290106811775,true,"ג""ל גילוח אדם פריימי",,,"ג""ל גילוח אדם פריימי",,0.00,,false,,5.00,0.0000,true,1,133443
7290106811782,true,"ג""ל גילוח אדם בייסיק",,,"ג""ל גילוח אדם בייסיק",,0.00,,false,,5.00,0.0000,true,1,133444
7290107020084,true,וודקה טרופי 700 מל,,,וודקה טרופי 700 מל,,0.00,,false,,0.00,0.0000,true,1,135237
7290107020343,true,וודקה תיאו תפוח 700,,,וודקה תיאו תפוח 700,,0.00,,false,,0.00,0.0000,true,1,135297
7290107020763,true,וודקה תיאו אסאי 700,,,וודקה תיאו אסאי 700,,0.00,,false,,0.00,0.0000,true,1,134296
7290107020930,true,"וודקה תיאו ג""בוטיקבה",,,"וודקה תיאו ג""בוטיקבה",,0.00,,false,,0.00,0.0000,true,1,134036
7290107020947,true,"וודקה תיאו ג""בוטיקבה",,,"וודקה תיאו ג""בוטיקבה",,0.00,,false,,0.00,0.0000,true,1,134037
7290107021241,true,וודקה ענבים 700 מל,,,וודקה ענבים 700 מל,,0.00,,false,,0.00,0.0000,true,1,135294
7290107021296,true,וודקה פסח ענבים 1 לי,,,וודקה פסח ענבים 1 לי,,0.00,,false,,0.00,0.0000,true,1,134799
7290107021364,true,"טאצ ""אננס",,,"טאצ ""אננס",,0.00,,false,,5.00,0.0000,true,1,133280
7290107021371,true,"טאצ ""לימונענע",,,"טאצ ""לימונענע",,0.00,,false,,5.00,0.0000,true,1,133281
7290107021388,true,"טאצ ""קולה ודבש",,,"טאצ ""קולה ודבש",,0.00,,false,,5.00,0.0000,true,1,133282
7290107280020,false,שלישיית מטליות לחות לניקוי כללי סנו סושי 50 יחידות,טרופיקל דגיל- תעשיות,,מטליות לחות לניקוי כ,Unknown,3.00,יחידה,false,,17.90,5.9667,true,1,148061
7290107280105,false,מגבוני אף רכים במיוחד סנו סופט 120 יח,סנו סופט,,ממחטות נייר בקופסא 1,Unknown,120.00,יחידה,false,,9.90,0.0825,true,1,142082
7290107280341,false,ריצפז מטליות לחות לניקוי הרצפה בניחוח מלון מפנק,טרופיקל דגיל תעשיות,,מטליות לחות לרצפה בנ,Unknown,1.00,יחידה,false,,12.90,12.9000,true,1,148063
7290107280570,false,סנו - מקסימה ג'ל כביסה מרוכז לכביסה צבעונית 3 ליטר,מיוצר עי קונדיטוריית,,ג'ל כביסה מקסימה 3 ל,מיליליטרים,3000.00,"100 מ""ל",false,,29.90,0.0100,true,1,140541
7290107280723,false,נוזל לניקוי כלים סנו ספארק Spark בניחוח לימון רענן,סנו כימיקלים,,נוזל כלים ספארק 700,מיליליטרים,750.00,"100 מ""ל",false,,9.90,0.0132,true,1,140101
7290107280730,false,נוזל לניקוי כלים סנו ספארק Spark בניחוח לבנדר,מיוצר עי קונדיטוריית,,נוזל כלים ספארק 700,מיליליטרים,700.00,"100 מ""ל",false,,9.90,0.0141,true,1,142217
7290107280747,false,נוזל לניקוי כלים סנו ספארק Spark קלאסי,סנו כימיקלים,,נוזל כלים ספארק 700,מיליליטרים,700.00,"100 מ""ל",false,,9.90,0.0141,true,1,142218
7290107280792,true,מילוי נוזל כלים ספאר,,,מילוי נוזל כלים ספאר,,0.00,,false,,5.00,0.0000,true,1,133231
7290107305778,true,מזרק משפריץ מים,,,מזרק משפריץ מים,,0.00,,false,,5.00,0.0000,true,1,133167
7290107642422,true,"קליק קראנץ ""קרם אגוז",,,"קליק קראנץ ""קרם אגוז",,0.00,,false,,0.00,0.0000,true,1,134601
7290107643344,true,חטיף כריות שוקולד כש,,,חטיף כריות שוקולד כש,,0.00,,false,,0.00,0.0000,true,1,134155
7290107644174,true,נשנושים מיקס 200 גרם,,,נשנושים מיקס 200 גרם,,0.00,,false,,5.00,0.0000,true,1,134941
7290107644488,false,בייגל בייגל בייגלה שמיניות עם מלח 255 ג,"דרך השוקולד ,1 צפת 13404",,בייגלה שמיניות עם מל,גרמים,250.00,100 גרם,false,,6.90,0.0276,true,1,159147
7290107644655,true,קליק קרם נוגט 65 גרם,,,קליק קרם נוגט 65 גרם,,0.00,,false,,5.00,0.0000,true,1,135337
7290107644662,true,קליק מוקה 65 גרם,,,קליק מוקה 65 גרם,,0.00,,false,,5.00,0.0000,true,1,135338
7290107645584,false,אבקת מרק עוף אמיתי רכיבים טבעיים 400 גרם - רבנות,"יוניליוור ישראל מזון בע""",,קנור עוף אמיתי רכיבי,גרמים,400.00,100 גרם,false,,22.90,0.0572,true,1,139827
7290107646062,false,אבקת מרק בצל רכיבים טבעיים קנור 400 ג',"יוניליוור ישראל מזון בע""",,קנור בצל רכיבים טבעי,גרמים,400.00,100 גרם,false,,21.90,0.0547,true,1,144224
7290107646147,false,"חטיף שוגי קורנפלקס תלמה 156 גרם מארז 6 יחידות בד""צ",יוניליוור ישראל מזון בעמ,,חטיפי שוגי קורנפלקס,גרמים,156.00,100 גרם,false,,12.90,0.0827,true,1,139022
7290107646154,false,"חטיף קוקומן פצפוצים תלמה 126 גרם מארז 6 יחידות בד""צ",יוניליוור ישראל מזון בעמ,,מאגדת חטיף קוקומן פצ,Unknown,6.00,יחידה,false,,12.90,2.1500,true,1,139829
7290107646826,false,"חטיף שוגי שוקו תלמה 156 גרם מארז 6 יחידות בד""צ",יוניליוור ישראל מזון בעמ,,חטיפי שוגי שוקו 6*26,גרמים,156.00,100 גרם,false,,12.90,0.0827,true,1,139023
7290107647366,false,דומסטוס סבון אסלה 5 הפועלות בניחות ליים 3 יח' * 55 ג',יוניליוור ניקיון,,דומסטוס שלישיה אסלות,גרמים,165.00,100 גרם,false,,15.50,0.0939,true,1,144229
7290107647656,false,סולרו פרוט בוסט - קוקוס אננס (פרווה),"מיוצר ע""\י גלידת שטראוס",,מאגדת סולרו פרוט בוס,Unknown,5.00,יחידה,false,,23.90,4.7800,true,1,146013
7290107649605,false,קליק אקסטרא לארג שוקולד חלב עם פתיתי תירס ודגנים,יוניליוור ישראל מזון בעמ,,קליק טבלה קורנפלקס 8,גרמים,85.00,100 גרם,false,,5.90,0.0694,true,1,139841
7290107649780,false,שוקובו שוקולד 85 גרם,"מיוצר ע""\י גלידת שטראוס",,שוקובו שוקולד,Unknown,1.00,יחידה,false,,8.90,8.9000,true,1,146019
7290107649858,false,טילון מגנוםלבן -גלידת שמנת,"מיוצר ע""\י גלידת שטראוס",,טילון מגנום לבן,Unknown,1.00,יחידה,false,,9.90,9.9000,true,1,146023
7290107672720,true,"ג""ויה ריבת חלב ושקדי",,,"ג""ויה ריבת חלב ושקדי",,0.00,,false,,5.00,0.0000,true,1,134284
7290107870061,true,"ג""ויה וניל בציפוי שו",,,"ג""ויה וניל בציפוי שו",,0.00,,false,,0.00,0.0000,true,1,134431
7290107870443,true,מאגדת 6 לייט יוגורט,,,מאגדת 6 לייט יוגורט,,0.00,,false,,0.00,0.0000,true,1,134302
7290107870740,true,"מארז ג""ויה מיני מיקס",,,"מארז ג""ויה מיני מיקס",,0.00,,false,,0.00,0.0000,true,1,133389
7290107871303,true,פריכונים מיני עשבי ת,,,פריכונים מיני עשבי ת,,0.00,,false,,0.00,0.0000,true,1,134906
7290107871556,true,לחמית מיני כפרית 40,,,לחמית מיני כפרית 40,,0.00,,false,,5.00,0.0000,true,1,134806
7290107871563,true,לחמית מיני כפרית 40,,,לחמית מיני כפרית 40,,0.00,,false,,5.00,0.0000,true,1,134907
7290107874366,true,"ביסלי נאצ""וס חמוץ חר",,,"ביסלי נאצ""וס חמוץ חר",,0.00,,false,,5.00,0.0000,true,1,134056
7290107874380,true,לחמית מיני חיטה מלאה,,,לחמית מיני חיטה מלאה,,0.00,,false,,5.00,0.0000,true,1,134807
7290107874397,true,לחמית מיני חיטה מלאה,,,לחמית מיני חיטה מלאה,,0.00,,false,,5.00,0.0000,true,1,134908
7290107874458,true,פריכונים מיני בצל מק,,,פריכונים מיני בצל מק,,0.00,,false,,0.00,0.0000,true,1,134909
7290107874502,false,ביסלי גריל קדמ. מארז אחיד 10 4*55 גרם,מיוצר עי קונדיטוריית,,ביסלי גריל 4 * 55 גר,גרמים,220.00,100 גרם,false,,12.50,0.0568,true,1,138169
7290107874687,true,"ביסלי נאצ""וס ספייסי",,,"ביסלי נאצ""וס ספייסי",,0.00,,false,,5.00,0.0000,true,1,134057
7290107875271,false,ביסלי ברביקיו קדמ. מארז אחיד10 4*55 גרם,"אסם השקעות בע""\מ",,ביסלי ברביקיו 4 * 55,גרמים,220.00,100 גרם,false,,12.50,0.0568,true,1,138171
7290107876889,false,אוסם - במבה במילוי קרם נוגט 45 גרם,"אסם השקעות בע""מ",,במבה במילוי קרם נוגט,גרמים,45.00,100 גרם,false,,4.30,0.0956,true,1,134058
7290107877619,false,מארז במבה במילוי קרם נוגט 5*30ג' אסם,"אסם השקעות בע""\מ",,במבה במילוי קרם נוגט,גרמים,150.00,100 גרם,false,,13.90,0.0927,true,1,137067
7290107878906,true,מרק נמס עגבניות כשלפ,,,מרק נמס עגבניות כשלפ,,0.00,,false,,5.00,0.0000,true,1,134070
7290107930239,true,דוריטוס אמזונס גריל,,,דוריטוס אמזונס גריל,,0.00,,false,,5.00,0.0000,true,1,134851
7290107931397,false,כיף כף פצפוצים במילוי שוקולד 40 גרם,שולן צ'\יקולטה גידה סאן.,,כיף כף פצפצים 40 גרם,גרמים,135.00,100 גרם,false,,5.00,0.0370,true,1,137858
7290107932080,false,חלב מועשר יוטבתה בבקבוק 3% 1 ליטר,מחלבת יטבתה,,חלב מועשר בקבוק 3% י,מיליליטרים,1000.00,"100 מ""ל",false,,7.70,0.0077,true,1,142288
7290107932974,true,דוריטוס אמזונס פלאפל,,,דוריטוס אמזונס פלאפל,,0.00,,false,,5.00,0.0000,true,1,134852
7290107933872,true,דוריטוס מיני בטעם פי,,,דוריטוס מיני בטעם פי,,0.00,,false,,5.00,0.0000,true,1,134494
7290107933940,true,דוריטוס מיני בטעם בר,,,דוריטוס מיני בטעם בר,,0.00,,false,,5.00,0.0000,true,1,134495
7290107936309,false,דנונה יוגורט 7% יווני לבן 130 ג',"שטראוס בריאות בע""מ",,יוגורט דנונה יווני ל,גרמים,130.00,100 גרם,false,,3.40,0.0262,true,1,142293
7290107936965,false,עיגולים עד חצות עם שוקולד חלב 225 גר,ביסקווטרי עוגיות סנט,,עד חצות עיגולים 225,גרמים,225.00,100 גרם,false,,12.90,0.0573,true,1,141382
7290107937641,false,צנצנת מסטיק בזוקה קוביות ללא סוכר,אסקום קונפקשיין,,צנצנת קוביות בזוקה 5,גרמים,58.00,100 גרם,false,,9.90,0.1707,true,1,137419
7290107938396,false,שמיניית אקטימל תות דיסני בנים 108 גרם,מיוצר עי קונדיטוריית,,אקטימל תות דיסני 8*1,מיליליטרים,800.00,"100 מ""ל",false,,20.90,0.0261,true,1,141564
7290107940467,false,אקטיביה יוגורט 1.5% שומן 200 ג' דנונה,מיוצר עי קונדיטוריית,,יוגורט 1.5% דנונה אק,גרמים,200.00,100 גרם,false,,4.00,0.0200,true,1,141568
7290107942355,false,תפוצ'יפס מקלות בטעם טבעי 60 גרם,"שטראוס פריטו ליי בע""",,תפוצ'יפס מקלות טבעי,גרמים,60.00,100 גרם,false,,4.00,0.0667,true,1,147951
7290107944472,false,סימפוניה גבינה במרקם שמנת 5% שום שמיר,"שטראוס בריאות בע""\מ",,סימפוניה שום שמיר 5%,גרמים,200.00,100 גרם,false,,11.00,0.0550,true,1,140247
7290107947480,false,אנרגי חטיפי דגנים מצופה אגוזים ושוקולד 6,"שטראוס גרופ בע""\מ",,אנרג'י מאגדת מצופה ש,גרמים,168.00,100 גרם,false,,11.90,0.0708,true,1,141391
7290107954709,false,"קונפיטורת פירות יער ""יד מרדכי"" 340 גר'","ב.א. מזון בע""\מ",,קונפיטורת פירות יער,גרמים,340.00,100 גרם,false,,13.90,0.0409,true,1,141392
7290107954976,false,משקה חלב PRO עם קפה 1.5% 25 גרם חלבון בבקבוק,מחלבת יטבתה,,יטבתה פרו קפה 350 יט,מיליליטרים,350.00,"100 מ""ל",false,,6.50,0.0186,true,1,141592
7290107958035,false,יוגורט במתיקות מעודנת 2% ללא תוספת סוכר- מארז 8 יח,"שטראוס בריאות בע""\מ",,מארז דנונה מתיקות מע,גרמים,1200.00,100 גרם,false,,17.90,0.0149,true,1,141605
7290107973861,false,מאסטר שף עגבניות קצוצות דק שלישיה 400ג*3 כשלפ,קונסרזיו קאסאלאסקו ד,,עגבניות חתוך דק מאסט,גרמים,1200.00,100 גרם,false,,16.90,0.0141,true,1,143401
7290107974073,false,מאסטר שףעלי טורטיה קמח לבן 20 סמ 320 גר,אלקאטי קורביישיסי גי,,עלי טורטיה מקמח לבן,גרמים,320.00,100 גרם,false,,9.90,0.0309,true,1,144007
7290108200225,false,אבקת כביסה ורוד קליה אוקסי גולד 470 ג' וניש,רקיט בנקיזר,,אבקה להסרת כתמים וני,גרמים,470.00,100 גרם,false,,14.90,0.0317,true,1,144614
7290108271416,false,שקיות אשפה 52/65 עם שרוך רמי לוי,רמי לוי,,שקיות אשפה 52/65 עם,Unknown,1.00,יחידה,false,,18.90,18.9000,true,1,139359
7290108271430,false,שקיות אשפה עם שרוך 2*10 רמי לוי,רמי לוי,,שקית אשפה עם שרוך זו,גרמים,760.00,100 גרם,false,,14.60,0.0192,true,1,144705
7290108271454,false,שקיות מזון בקופסא רמי לוי 300 יח,רמי לוי,,שקיות מזון בקופסא רמ,Unknown,300.00,יחידה,false,,9.90,0.0330,true,1,139360
7290108271461,false,שקיות רב שימושיות (הקפאה) 200 יחידות,רמי לוי,,שקיות הקפאה-זוגות גל,Unknown,2.00,יחידה,false,,8.30,4.1500,true,1,144706
7290108271485,false,שקיות גופייה 75/90 רמי לוי 25 יח,איכותית,,שקיות גופייה אפור HD,Unknown,25.00,יחידה,false,,14.60,0.5840,true,1,144717
7290108271492,false,נייר אפייה רמי לוי 37*42,רמי לוי,,נייר אפייה רמי לוי 3,Unknown,50.00,יחידה,false,,8.90,0.1780,true,1,139361
7290108271607,false,"רדיד אלומיניום זוגות רמי לוי 30 ס""מ",רמי לוי,,רדיד אלומיניום זוגות,Unknown,2.00,יחידה,false,,11.90,5.9500,true,1,139363
7290108271614,false,"רדיד אלומיניום זוגות רמי לוי 45 ס""מ",רמי לוי,,רדיד אלומיניום זוגות,Unknown,2.00,יחידה,false,,14.90,7.4500,true,1,139364
7290108272000,false,כוסות שתיה קרה 100 יחידות,חגיגית,,כוסות שתיה קרה 100 י,Unknown,100.00,יחידה,false,,7.90,0.0790,true,1,139370
7290108272079,false,מגבונים לניקוי כללי 400 יח דלי,רמי לוי,,מגבונים לניקוי כללי,Unknown,400.00,יחידה,false,,20.90,0.0522,true,1,141850
7290108272154,false,מרקיות רמי לוי 25 יח,רמי לוי,,מרקיות רמי לוי 25 יח,Unknown,25.00,יחידה,false,,7.90,0.3160,true,1,139373
7290108272161,false,קערית אובלית קטן רמי לוי 25 יח,רמי לוי,,קערית אובלית קטן רמי,Unknown,25.00,יחידה,false,,5.50,0.2200,true,1,139374
7290108272185,false,צלחת בינוני רמי לוי 50 יח,רמי לוי,,צלחת בינוני רמי לוי,Unknown,50.00,יחידה,false,,13.90,0.2780,true,1,139376
7290108272338,false,מפות עבות ואיכותיות 10 יחידות,ב.ה. דבליו,,מפות עבות ואיכותיות,Unknown,10.00,יחידה,false,,11.90,1.1900,true,1,139378
7290108272451,false,מרקיה קרם רמי לוי 25 יח,,,מרקיה קרם רמי לוי 25,Unknown,25.00,יחידה,false,,7.90,0.3160,true,1,139380
7290108272499,false,מנג'טים מס' 4 (100 י,,,מנג'טים מס' 4 (100 י,Unknown,100.00,יחידה,false,,4.80,0.0480,true,1,146853
7290108272550,false,שקיות אוכל מנייר 50 יחידות,,,שקיות אוכל מנייר (50,Unknown,50.00,יחידה,false,,7.90,0.1580,true,1,148944
7290108272659,false,שקיות מזון רמי לוי 200 יח,,,שקיות מזון 18*24 (20,100 יחידה,200.00,100 יחידה,false,,3.90,0.0195,true,1,158929
7290108273083,false,צלחת קטנה איכותית קרם רמי לוי 25 יח,רמי לוי,,צלחת 7' קרם (25 יח'),Unknown,25.00,יחידה,false,,6.90,0.2760,true,1,139382
7290108273205,false,צלחות גדולות איכותיות רמי לוי 20 יח,רמי לוי,,צלחת 10' קרם (20 יח',Unknown,20.00,יחידה,false,,16.90,0.8450,true,1,139384
7290108273410,false,ניילון נצמד זוגות 2*30 רמי לוי,רמי לוי,,ניילון נצמד זוגות 2*,Unknown,2.00,יחידה,false,,8.90,4.4500,true,1,139385
7290108273618,false,קיסמי שניים מארז מלחייה רמי לוי,רמי לוי,,קיסמי שניים מארז מלח,Unknown,500.00,יחידה,false,,2.90,0.0058,true,1,139388
7290108273663,false,מגשיות אלומיניום גדולות (5 יח') R33 רמי,רמי לוי,,מגשיות אלומיניום גדו,Unknown,5.00,יחידה,false,,6.90,1.3800,true,1,139390
7290108273694,false,מגשיות אלומיניום אינגליש (10 יח') R88 רמ,רמי לוי,,תבנית אינגליש קייק ר,Unknown,10.00,יחידה,false,,7.90,0.7900,true,1,139392
7290108273809,false,כפפות ניטריל כחולות M רמי לוי,רמי לוי,,כפפות ניטריל ללא אבק,Unknown,1.00,יחידה,false,,23.90,23.9000,true,1,141852
7290108273922,false,סכין מהודר שקוף רמי,רמי לוי,,סכין שקוף (50 יח') ר,Unknown,50.00,יחידה,false,,9.90,0.1980,true,1,139395
7290108273960,false,סכין מהודר קרם רמי ל,רמי לוי,,סכין קרם (50 יח') רמ,Unknown,50.00,יחידה,false,,9.90,0.1980,true,1,144715
7290108274127,false,שקיות גדולות 100 יח רמי לוי,,,שקיות אשפה 52/65 (10,Unknown,100.00,יחידה,false,,19.90,0.1990,true,1,147869
7290108274592,false,נייר אפייה רמי לוי 3,נייר אפיה 3 ב 21,,נייר אפייה רמי לוי 3,Unknown,50.00,יחידה,false,,8.90,0.1780,true,1,150847
7290108274615,false,קעריות אובליות לבן 25 יחידות,,,קערית אובלית קטן רמי,Unknown,25.00,יחידה,false,,5.50,0.2200,true,1,151302
7290108274622,false,לבן מרקיה (25 יח') בסט וליו,,,מרקיות רמי לוי 25 יח,Unknown,25.00,יחידה,false,,7.90,0.3160,true,1,148279
7290108274639,false,צלחות קטנות לבן 50 יחידות-רמי,,,צלחת בינוני רמי לוי,Unknown,50.00,יחידה,false,,13.90,0.2780,true,1,148280
7290108274714,false,קרם צלחת 10' (25 יח') בסט וליו,,,צלחת 10' קרם (20 יח',Unknown,20.00,יחידה,false,,16.90,0.8450,true,1,140550
7290108274905,false,שקיות אשפה גופייה 50,,,שקיות אשפה גופייה 50,Unknown,40.00,יחידה,false,,12.90,0.3225,true,1,158073
7290108275407,false,כוס שתייה קרה 100 יח-חגיגית,כוסות שתיה קרה 4 ב 1,,כוסות שתיה קרה 100 י,Unknown,100.00,יחידה,false,,7.90,0.0790,true,1,140551
7290108275544,false,מזלג לבן (100 יח') ב,,,מזלג לבן (100 יח') ב,Unknown,100.00,יחידה,false,,9.90,0.0990,true,1,139402
7290108275568,false,כפית לבן 100 יחידות,,,כפית לבן 100 יחידות,Unknown,100.00,יחידה,false,,7.90,0.0790,true,1,139404
7290108276343,false,מטליות רצפה זיגזג רמי לוי,,,מטליות רצפה זיגזג 3,Unknown,3.00,יחידה,false,,7.90,2.6333,true,1,141861
7290108277579,false,שקיות אשפה 50*50 רמי לוי,,,שקיות אשפה לפחים קטנ,Unknown,100.00,יחידה,false,,10.90,0.1090,true,1,141867
7290108277753,false,"שקיות זיפר 19*18 ס""מ",,,"שקיות זיפר 19*18 ס""מ",Unknown,15.00,יחידה,false,,8.30,0.5533,true,1,148955
7290108351507,false,מרכך כביסה אינספרישיין סנו מקסימה 4 ליטר,הורביץ סחר,,מרכך 4 ליטר סופט סיל,מיליליטרים,4000.00,"100 מ""ל",false,,21.90,0.0055,true,1,140545
7290108351552,false,"סנו - ג'ט לניקוי כללי בתוספת חומץ בניחוח לבנדר 750 מ""ל","סנו מפעלי ברונוס בע""\מ",,"ג'ט חומץ מרסס 750 מ""",מיליליטרים,750.00,"100 מ""ל",false,,15.90,0.0212,true,1,140097
7290108351804,false,מרכך כביסה סופר מרוכז Gentl Breeze סנו מקסימה 1 ליטר,מיוצר עי קונדיטוריית,,מקסימה מרכךסופר מרוכ,מיליליטרים,1000.00,"100 מ""ל",false,,17.90,0.0179,true,1,146903
7290108351811,false,מרכך כביסה סופר מרוכז Floral touch סנו מקסימה 1 ליטר,מיוצר עי קונדיטוריית,,מקסימה מרכךסופר מרוכ,מיליליטרים,1000.00,"100 מ""ל",false,,17.90,0.0179,true,1,146904
7290108352566,false,מרכך כביסה בבישום עוצמתי 4 ל' סנו מקסינה,"סנו מפעלי ברונוס בע""\מ",,מרכך כביסה סנו מקסימ,מיליליטרים,4000.00,"100 מ""ל",false,,21.90,0.0055,true,1,156623
7290108352672,false,צמד מטליות הפלא לרצפה מיקרפייבר סנו סושי,סנו מפעלי ברונוס.,,מטליות הפלא לריצפה מ,Unknown,2.00,יחידה,false,,19.90,9.9500,true,1,142083
7290108352825,false,ספוג הפלא נירוסטה סנו סושי 3יח',ltdn s.k.a.tסנו מפעלי בר,,ספוג הפלא נירוסטה סנ,Unknown,1.00,יחידה,false,,11.90,11.9000,true,1,143499
7290108359077,false,סנו - סופט לושן ממחטות אף בקופסא 3 שכבות 120 יח',"סנו מפעלו ברונוס בע""\מ",,ממחטות לושן 120 יחיד,Unknown,120.00,יחידה,false,,13.90,0.1158,true,1,157394
7290108359855,false,"שמפו אל דמע בייבי כיף+משאבה 750 מ""ל",גוד פוד פרודקטס S.p,,שמפו אל דמע לתינוק ב,מיליליטרים,750.00,"100 מ""ל",false,,18.90,0.0252,true,1,142236
7290108500080,true,"עוגיות שוקולדצ""יפס1",,,"עוגיות שוקולדצ""יפס1",,0.00,,false,,5.00,0.0000,true,1,133205
7290108501360,false,גבינת צ'דר בשלה ויליפוד 200 גרם,ווייקה פארמס,,גבינת צ'דר בשלה 200,גרמים,200.00,100 גרם,false,,19.90,0.0995,true,1,152075
7290108501490,false,גבינה מוצרלה פרוסות ו.פוד 150ג',ג.וילי פוד אינטרנשיונל ב,,גבינת מוצרלה פרוסות,גרמים,150.00,100 גרם,false,,13.90,0.0927,true,1,142670
7290108502381,false,בסיסים להכנת פיצה קוטר 26 וילי פוד 480ג',מוטלוקל גידה סאנאי ט,,תחתיות לפיצה (קוטר 2,Unknown,4.00,יחידה,false,,12.90,3.2250,true,1,152083
7290108502862,false,מלפפונים כבושים במלח 18-25 קטנים ויליפוד 600 גרם,זיתור סאן גידה סני וטיקר,,מלפפונים כבושים במלח,גרמים,600.00,100 גרם,false,,11.90,0.0198,true,1,146988
7290108503043,false,תפוחונים חטיף פלחים מיובשים מארז 22X4ג',הביי דונגפנג פוד קו. בעמ,,תפוחי עץ מיובשים תפו,גרמים,88.00,100 גרם,false,,14.90,0.1693,true,1,144125
7290108503142,false,פסטה איטליאנה לזניה ויליפוד 500 גרם,ג'יג'יליו ספצואליטה,,לזניה פסטה איטלקית 5,גרמים,500.00,100 גרם,false,,9.90,0.0198,true,1,153329
7290108504699,false,רביעיית טונה בשמן קנולה פתח קל ויליפוד 4*160 גרם,גולדן פרייז קאנינג אל טי,,נתחי טונה בהירה בשמן,גרמים,640.00,100 גרם,false,,21.90,0.0342,true,1,153133
7290108505375,false,גולדן צהובה פרוסה ויליפוד 400 גרם,,,גבינה צהובה פרוסה גו,גרמים,400.00,100 גרם,false,,20.90,0.0522,true,1,160309
7290108505689,false,גבינת גרנה פדנו מגורדת ויליפוד 100 גרם,זנאטי,,גבינת גרנה פדנו מגור,גרמים,100.00,100 גרם,false,,10.90,0.1090,true,1,147023
7290108506624,false,גבינת עיזים צ'אנק ויליפוד 150 גרם,אל פסטור,,עיזים צ'אנק יורו 150,גרמים,150.00,100 גרם,false,,17.90,0.1193,true,1,160415
7290108507065,false,גבינת פרמג'אנו רגיאנו מגורדת ויליפוד 100 גרם,זנאתי,,גבינת פרמג'יאנו רג'י,גרמים,100.00,100 גרם,false,,13.90,0.1390,true,1,152738
7290108507492,false,קרקרים עם שומשום 105ג רמילוי,,,קרקרים עם שומשום רמי,גרמים,105.00,100 גרם,false,,5.50,0.0524,true,1,152720
7290108508130,false,עגבניות איטלקיות מרוסקות 390 גרם,וילי פוד,,עגבניות איטלקיות בקר,גרמים,390.00,100 גרם,false,,8.90,0.0228,true,1,156115
7290108509106,false,"גבינה בולגרית מעודנת בקוביות 13% שומן 200 ג' חת""ס פ""ת","היצרן: קוליוס אס. איי, ג",,גבינה בולגרית מעודנת,גרמים,200.00,100 גרם,false,,12.90,0.0645,true,1,155074
7290108509113,false,"גבינה בולגרית מעודנת 18% שומן 250 גרם חת""ס פ""ת",Euro יורו מחלבות אירופה,,גבינה בולגרית מעודנת,גרמים,250.00,100 גרם,false,,11.90,0.0476,true,1,155075
7290108509267,false,ארוחת פסטה עם רוטב גבינה ויליפוד 206 גרם,הנסיך- מפעל לייצור ט,,ארוחת פסטה עם רוטב ג,גרמים,250.00,100 גרם,false,,7.90,0.0316,true,1,155076
7290108509700,false,"אורז פרסי DAAWAT מהדרין 1 ק""ג",אל.טי.פודס לימיטד,,אורז פרסי DAAWAT 1 ק,גרמים,1000.00,100 גרם,false,,9.90,0.0099,true,1,156121
7290108530025,true,זוג מברשות שינייםc,,,זוג מברשות שינייםc,,0.00,,false,,5.00,0.0000,true,1,133193
7290108530070,true,נר נשמה בפחית,,,נר נשמה בפחית,,0.00,,false,,5.00,0.0000,true,1,132557
7290108530124,true,קטשופ לחיץ 350 גרם,,,קטשופ לחיץ 350 גרם,,0.00,,false,,5.00,0.0000,true,1,132356
7290108530131,true,"מים מינרליים 500 מ""ל",,,"מים מינרליים 500 מ""ל",,0.00,,false,,5.00,0.0000,true,1,132501
7290108530285,true,לחמניית דגנים צפתית,,,לחמניית דגנים צפתית,,0.00,,false,,5.00,0.0000,true,1,132978
7290108530292,true,לחמניית סביח,,,לחמניית סביח,,0.00,,false,,5.00,0.0000,true,1,132979
7290108530308,true,כריך טונה,,,כריך טונה,,0.00,,false,,5.00,0.0000,true,1,132980
7290108530315,true,לחמניית אבוקדו,,,לחמניית אבוקדו,,0.00,,false,,5.00,0.0000,true,1,132981
7290108530322,true,כריך אנטי פסטי,,,כריך אנטי פסטי,,0.00,,false,,0.00,0.0000,true,1,133368
7290108530339,true,כריך חביתה,,,כריך חביתה,,0.00,,false,,5.00,0.0000,true,1,132982
7290108530346,true,כריך מיקס גבינות,,,כריך מיקס גבינות,,0.00,,false,,5.00,0.0000,true,1,132983
7290108530353,true,כריך שמנת וסלמון,,,כריך שמנת וסלמון,,0.00,,false,,5.00,0.0000,true,1,132984
7290108530360,true,מוס שוקולד וקצפת,,,מוס שוקולד וקצפת,,0.00,,false,,5.00,0.0000,true,1,132985
7290108530391,true,מוזלי יוגורט 3%,,,מוזלי יוגורט 3%,,0.00,,false,,6.00,0.0000,true,1,132987
7290108530469,true,סט כלי ששת,,,סט כלי ששת,,0.00,,false,,5.00,0.0000,true,1,132563
7290108530513,true,"תפו""א וירקות סגנון ה",,,"תפו""א וירקות סגנון ה",,0.00,,false,,5.00,0.0000,true,1,132951
7290108530520,true,קופיקס-אורז קטניות2,,,קופיקס-אורז קטניות2,,0.00,,false,,6.00,0.0000,true,1,132952
7290108530537,true,חטיף מוזלי פירות 33,,,חטיף מוזלי פירות 33,,0.00,,false,,5.00,0.0000,true,1,132632
7290108530544,true,ח.בריאות פיסטוק מרצי,,,ח.בריאות פיסטוק מרצי,,0.00,,false,,5.00,0.0000,true,1,132988
7290108530551,true,חטיף בריאות גרנולה א,,,חטיף בריאות גרנולה א,,0.00,,false,,6.00,0.0000,true,1,132989
7290108530582,true,מארז ירקות מיני,,,מארז ירקות מיני,,0.00,,false,,0.00,0.0000,true,1,133369
7290108530650,true,תערובת לעוגת וניל28,,,תערובת לעוגת וניל28,,0.00,,false,,5.00,0.0000,true,1,132494
7290108530742,true,נודלס עם ירקות,,,נודלס עם ירקות,,0.00,,false,,5.00,0.0000,true,1,132992
7290108530759,true,סלט פסטה קר,,,סלט פסטה קר,,0.00,,false,,5.00,0.0000,true,1,133106
7290108530827,true,סט 12 צלחות זכוכית,,,סט 12 צלחות זכוכית,,0.00,,false,,35.00,0.0000,true,1,133402
7290108530834,true,קערית תפוח,,,קערית תפוח,,0.00,,false,,15.00,0.0000,true,1,133233
7290108530858,true,צידנית,,,צידנית,,0.00,,false,,15.00,0.0000,true,1,133165
7290108530865,true,סט לאמבטיה,,,סט לאמבטיה,,0.00,,false,,20.00,0.0000,true,1,133336
7290108530926,true,קישוטים לסוכה,,,קישוטים לסוכה,,0.00,,false,,5.00,0.0000,true,1,133206
7290108530940,true,לחמניית טונה,,,לחמניית טונה,,0.00,,false,,5.00,0.0000,true,1,132993
7290108531022,true,עוגת וניל בחושה,,,עוגת וניל בחושה,,0.00,,false,,5.00,0.0000,true,1,133520
7290108531039,true,קוקיז *,,,קוקיז,,0.00,,false,,5.00,0.0000,true,1,132994
7290108531046,true,זוג קופסאות פלסטיק ל,,,זוג קופסאות פלסטיק ל,,0.00,,false,,5.00,0.0000,true,1,133211
7290108531053,true,מעמד לנייר מגבת מעץ,,,מעמד לנייר מגבת מעץ,,0.00,,false,,5.00,0.0000,true,1,133181
7290108531060,true,מערוך מעץ,,,מערוך מעץ,,0.00,,false,,5.00,0.0000,true,1,133182
7290108531107,true,מגן מסך זכוכית,,,מגן מסך זכוכית,,0.00,,false,,15.00,0.0000,true,1,133190
7290108531138,true,סט קישוטים לסוכה,,,סט קישוטים לסוכה,,0.00,,false,,5.00,0.0000,true,1,133403
7290108531145,true,מטריה,,,מטריה,,0.00,,false,,5.00,0.0000,true,1,133337
7290108531251,true,עוגת ביסקוויטים,,,עוגת ביסקוויטים,,0.00,,false,,0.00,0.0000,true,1,133739
7290108531312,true,סכומון פלסטיק,,,סכומון פלסטיק,,0.00,,false,,5.00,0.0000,true,1,133212
7290108531442,true,סט 5 קעריות זכוכית,,,סט 5 קעריות זכוכית,,0.00,,false,,10.00,0.0000,true,1,133719
7290108531510,true,פתיתים עם אפונה וגזר,,,פתיתים עם אפונה וגזר,,0.00,,false,,5.00,0.0000,true,1,133185
7290108531596,true,איש מחזיק לטלפון-10,,,איש מחזיק לטלפון-10,,0.00,,false,,5.00,0.0000,true,1,133429
7290108531626,true,עוגיות גרנולה תרומה,,,עוגיות גרנולה תרומה,,0.00,,false,,5.00,0.0000,true,1,133431
7290108531633,true,עוגת גבינה עם שוקולד,,,עוגת גבינה עם שוקולד,,0.00,,false,,5.00,0.0000,true,1,133328
7290108531688,true,כדורי שוקולד זוג,,,כדורי שוקולד זוג,,0.00,,false,,5.00,0.0000,true,1,133716
7290108531725,true,נייר אפיה עגול דים ס,,,נייר אפיה עגול דים ס,,0.00,,false,,2999.90,0.0000,true,1,133433
7290108531749,true,תבשיל תאילנדי עם אור,,,תבשיל תאילנדי עם אור,,0.00,,false,,5.00,0.0000,true,1,133449
7290108531756,true,תירס מארז,,,תירס מארז,,0.00,,false,,5.00,0.0000,true,1,133464
7290108531763,true,תבשיל מקסיקני,,,תבשיל מקסיקני,,0.00,,false,,5.00,0.0000,true,1,133465
7290108531800,true,"טוסט גבנ""צ פיקנטי",,,"טוסט גבנ""צ פיקנטי",,0.00,,false,,6.00,0.0000,true,1,133497
7290108531817,true,"סמבוסק טונה 20 יח ""ב",,,"סמבוסק טונה 20 יח ""ב",,0.00,,false,,5.00,0.0000,true,1,133501
7290108531824,true,סמבוסק פיצה,,,סמבוסק פיצה,,0.00,,false,,5.00,0.0000,true,1,133502
7290108531855,true,ארגז J- משולש חביתה,,,ארד - קופיקס - ארגז,,0.00,,false,,0.00,0.0000,true,1,133528
7290108531879,true,קופיקס - משקה שוקול,,,קופיקס - משקה שוקול,,0.00,,false,,0.00,0.0000,true,1,135914
7290108531886,true,קופיקס - משקה קרמל,,,קופיקס - משקה קרמל,,0.00,,false,,0.00,0.0000,true,1,135915
7290108531909,true,מרק אפונה 2.5 ליטר4,,,מרק אפונה 2.5 ליטר4,,0.00,,false,,0.00,0.0000,true,1,134555
7290108531916,true,כוס מרק,,,כוס מרק,,0.00,,false,,0.00,0.0000,true,1,133540
7290108531930,true,מוט סלפי,,,מוט סלפי,,0.00,,false,,5.00,0.0000,true,1,133542
7290108531947,true,מרק עגבניות 2.5 ליטר,,,מרק עגבניות 2.5 ליטר,,0.00,,false,,0.00,0.0000,true,1,133543
7290108531954,true,כוס טרמית עם ידית,,,כוס טרמית עם ידית,,0.00,,false,,5.00,0.0000,true,1,133544
7290108532005,true,פלזית -קופיקס- כוס פ,,,פלזית -קופיקס- כוס פ,קילוגרמים,1.00,"ק""ג",true,,0.00,0.0000,true,1,138235
7290108532012,true,מתקן להכנת קרטיבים,,,מתקן להכנת קרטיבים,,0.00,,false,,5.00,0.0000,true,1,133550
7290108532050,true,ארגז סושי 10 אינסייד,,,ארגז פריטי סושי 5 צמ,,0.00,,false,,5.00,0.0000,true,1,133554
7290108532074,true,כפית פלסטיק,,,כפית פלסטיק,,0.00,,false,,0.00,0.0000,true,1,133557
7290108532081,true,מזלג פלסטיק,,,מזלג פלסטיק,,0.00,,false,,0.00,0.0000,true,1,133558
7290108532098,true,כף פלסטיק,,,כף פלסטיק,,0.00,,false,,0.00,0.0000,true,1,133559
7290108532159,true,סלט ירקות,,,סלט ירקות,,0.00,,false,,5.00,0.0000,true,1,133574
7290108532180,true,שורש סלרי,,,שורש סלרי,,0.00,,false,,5.00,0.0000,true,1,133578
7290108532203,true,ארגז - K משולש חביתה,,,ארד - ארגז - K חביתה,,0.00,,false,,0.00,0.0000,true,1,134526
7290108532210,true,סלט טונה,,,סלט טונה,,0.00,,false,,5.00,0.0000,true,1,133607
7290108532296,true,"חמין 5.5 ק""ג 2 יחידו",,,"חמין 5.5 ק""ג 2 יחידו",,0.00,,false,,0.00,0.0000,true,1,133626
7290108532302,true,קופיקס - דים סאם -,,,קופיקס - דים סאם -,,0.00,,false,,0.00,0.0000,true,1,134557
7290108532319,true,ארד - קופיקס - ארגז,,,ארד - קופיקס - ארגז,,0.00,,false,,0.00,0.0000,true,1,133565
7290108532326,true,ארגז - B משולש סלמון,,,ארד - קופיקס - ארגז,,0.00,,false,,0.00,0.0000,true,1,133566
7290108532333,true,ארגז - C משולש מיקס,,,ארד - קופיקס - ארגז,,0.00,,false,,0.00,0.0000,true,1,133567
7290108532364,true,ארד - קופיקס- ארגז -,,,ארד - קופיקס- ארגז -,,0.00,,false,,0.00,0.0000,true,1,133579
7290108532371,true,ארגז - G משולש סלמו,,,ארד - קופיקס - ארגז,,0.00,,false,,0.00,0.0000,true,1,133580
7290108532388,true,ארד - קופיקס - ארגז,,,ארד - קופיקס - ארגז,,0.00,,false,,0.00,0.0000,true,1,133581
7290108532395,true,ארגז - E לחמניית סבי,,,ארד - קופיקס - ארגז,,0.00,,false,,0.00,0.0000,true,1,133582
7290108532418,true,דגני בוקר כדורי שוקו,,,דגני בוקר כדורי שוקו,,0.00,,false,,0.00,0.0000,true,1,133745
7290108532432,true,בייגלה רומני,,,בייגלה רומני,,0.00,,false,,5.00,0.0000,true,1,133583
7290108532494,true,"עוגת קפוצ""ינו בחושה",,,"עוגת קפוצ""ינו בחושה",,0.00,,false,,5.00,0.0000,true,1,133510
7290108532548,true,"פוקצ""ה זעתר",,,"פוקצ""ה זעתר",,0.00,,false,,5.00,0.0000,true,1,133513
7290108532555,true,"פוקצ""ה עגבניות 10 בק",,,"פוקצ""ה עגבניות 10 בק",,0.00,,false,,5.00,0.0000,true,1,133514
7290108532562,true,פילו תפוחי עץ,,,פילו תפוחי עץ,,0.00,,false,,6.00,0.0000,true,1,133515
7290108532593,true,קורנפלקס 350 גרם,,,קורנפלקס 350 גרם,,0.00,,false,,5.00,0.0000,true,1,133747
7290108532647,true,גזר שק10 קג יבול נוכ,,,גזר שק10 קג יבול נוכ,,0.00,,false,,0.00,0.0000,true,1,137028
7290108532654,true,תפוח עץ ירוק 4 - יח,,,תפוח עץ ירוק 4 - יח,,0.00,,false,,0.00,0.0000,true,1,133632
7290108532661,true,"שני ק""ג עוגיות אלפחו",,,"שני ק""ג עוגיות אלפחו",,0.00,,false,,0.00,0.0000,true,1,133635
7290108532678,true,"זיתים 13 ק""ג דלי",,,"זיתים 13 ק""ג דלי",,0.00,,false,,0.00,0.0000,true,1,133636
7290108532685,true,סלט בורגול,,,סלט בורגול,,0.00,,false,,5.00,0.0000,true,1,133637
7290108532692,true,כוס 8OZ קופיקס,,,כוס 8OZ קופיקס,,0.00,,false,,2999.90,0.0000,true,1,133638
7290108532708,true,כוס פלסטיק 330 קופיק,,,כוס פלסטיק 330 קופיק,,0.00,,false,,0.00,0.0000,true,1,133639
7290108532715,true,מכסה לכוס 330 קופיקס,,,מכסה לכוס 330 קופיקס,,0.00,,false,,0.00,0.0000,true,1,133640
7290108532739,true,מגש פרספקס גדול 2 יח,,,מגש פרספקס גדול 2 יח,,0.00,,false,,2999.90,0.0000,true,1,133642
7290108532746,true,פרספקס גדול,,,פרספקס גדול,,0.00,,false,,2999.90,0.0000,true,1,133643
7290108533088,true,שלישיית חולצה קופיקס,,,שלישיית חולצה קופיקס,,0.00,,false,,2999.90,0.0000,true,1,133677
7290108533095,true,שלישיית חולצה קופיקס,,,שלישיית חולצה קופיקס,,0.00,,false,,2999.90,0.0000,true,1,133678
7290108533101,true,שלישיית חולצה קופיקס,,,שלישיית חולצה קופיקס,,0.00,,false,,2999.90,0.0000,true,1,133679
7290108533118,true,שלישיית חולצה קופיקס,,,שלישיית חולצה קופיקס,,0.00,,false,,2999.90,0.0000,true,1,133680
7290108533125,true,שלישיית חולצה קופיקס,,,שלישיית חולצה קופיקס,,0.00,,false,,2999.90,0.0000,true,1,133681
7290108533132,true,שלישיית חולצה קופיקס,,,שלישיית חולצה קופיקס,,0.00,,false,,2999.90,0.0000,true,1,133682
7290108533149,true,לסניפי הבר -3 חולצה,,,לסניפי הבר -3 חולצה,,0.00,,false,,0.00,0.0000,true,1,135108
7290108533156,true,שלישיית חולצה קופיקס,,,שלישיית חולצה קופיקס,,0.00,,false,,2999.90,0.0000,true,1,133684
7290108533163,true,שלישיית חולצה קופיקס,,,שלישיית חולצה קופיקס,,0.00,,false,,2999.90,0.0000,true,1,133685
7290108533170,true,שלישיית חולצה קופיקס,,,שלישיית חולצה קופיקס,,0.00,,false,,2999.90,0.0000,true,1,133686
7290108533187,true,שלישיית חולצה קופיקס,,,שלישיית חולצה קופיקס,,0.00,,false,,2999.90,0.0000,true,1,133687
7290108533194,true,שלישיית חולצה קופיקס,,,שלישיית חולצה קופיקס,,0.00,,false,,2999.90,0.0000,true,1,133688
7290108533323,true,מקל מטאטא שימוש עצמי,,,מקל מטאטא שימוש עצמי,,0.00,,false,,0.00,0.0000,true,1,133701
7290108533330,true,מטליות תפזורת 250 יח,,,מטליות תפזורת 250 יח,,0.00,,false,,0.00,0.0000,true,1,133702
7290108533347,true,קופיקס-מ א - סחבה60,,,קופיקס-מ א - סחבה60,,0.00,,false,,0.00,0.0000,true,1,133703
7290108533361,true,גליל נייר תעשייתי12,,,גליל נייר תעשייתי12,,0.00,,false,,0.00,0.0000,true,1,133705
7290108533385,true,מחזיק מפתחות פנס,,,מחזיק מפתחות פנס,,0.00,,false,,0.00,0.0000,true,1,133707
7290108533415,true,קופיקס- אייס וניל12,,,קופיקס- אייס וניל12,,0.00,,false,,2999.90,0.0000,true,1,133710
7290108533446,true,אשכוליות אדומות גלון,,,אשכוליות אדומות גלון,,0.00,,false,,0.00,0.0000,true,1,133713
7290108533460,true,חטיף אפוי מלוח עם בצ,,,חטיף אפוי מלוח עם בצ,,0.00,,false,,5.00,0.0000,true,1,133722
7290108533477,true,"שוקולד צ""יפס מריר",,,"שוקולד צ""יפס מריר",,0.00,,false,,5.00,0.0000,true,1,133723
7290108533484,true,עוגיות שקדים ללא תוס,,,עוגיות שקדים ללא תוס,,0.00,,false,,5.00,0.0000,true,1,133724
7290108533491,true,גלגלת דבק להסרת אבק,,,גלגלת דבק להסרת אבק,,0.00,,false,,5.00,0.0000,true,1,133752
7290108533507,true,שלישיית קפסולות למכו,,,שלישיית קפסולות למכו,,0.00,,false,,5.00,0.0000,true,1,133753
7290108533514,true,כלי עזר להכנת חמין-,,,כלי עזר להכנת חמין-,,0.00,,false,,0.00,0.0000,true,1,134558
7290108533521,true,קולפן מחדד,,,קולפן מחדד,,0.00,,false,,5.00,0.0000,true,1,133771
7290108533538,true,חטיף פצפוצי דגנים עם,,,חטיף פצפוצי דגנים עם,,0.00,,false,,5.00,0.0000,true,1,133880
7290108533545,true,מוס שוקולד,,,מוס שוקולד,,0.00,,false,,0.00,0.0000,true,1,134076
7290108533552,true,מנת קוסקוס,,,מנת קוסקוס,,0.00,,false,,5.00,0.0000,true,1,133786
7290108533569,true,ירקות למנת קוסקוס,,,ירקות למנת קוסקוס,,0.00,,false,,5.00,0.0000,true,1,133787
7290108533576,true,סושי אינסייד אאוט,,,סושי אינסייד אאוט,,0.00,,false,,5.00,0.0000,true,1,133805
7290108533590,true,ארגז סלטים א 10 -בור,,,ארד - קופיקס - ארגז,,0.00,,false,,5.00,0.0000,true,1,133807
7290108533606,true,ארד - קופיקס - ארגז,,,ארד - קופיקס - ארגז,,0.00,,false,,5.00,0.0000,true,1,133808
7290108533613,true,ארגז סלטים ג 30 - סל,,,ארד - קופיקס - ארגז,,0.00,,false,,5.00,0.0000,true,1,133809
7290108533637,true,גלון תפוזים 2 ליטר,,,גלון תפוזים 2 ליטר,,0.00,,false,,0.00,0.0000,true,1,135063
7290108533641,true,חטיף קורנפלקס מצופה,,,חטיף קורנפלקס מצופה,,0.00,,false,,5.00,0.0000,true,1,135049
7290108533644,true,חטיף קורנפלקס מצופה,,,חטיף קורנפלקס מצופה,,0.00,,false,,5.00,0.0000,true,1,133824
7290108533712,true,פנס לד,,,פנס לד,,0.00,,false,,5.00,0.0000,true,1,133831
7290108533729,true,מפיץ ריח פחית לרכב,,,מפיץ ריח פחית לרכב,,0.00,,false,,5.00,0.0000,true,1,133832
7290108533743,true,כדורי שוקולד קוקוס *,,,כדורי שוקולד קוקוס,,0.00,,false,,6.00,0.0000,true,1,133836
7290108533750,true,כדורי שוקולד סוכריות,,,כדורי שוקולד סוכריות,,0.00,,false,,6.00,0.0000,true,1,133837
7290108533767,true,כדורי שוקולד סוכריות,,,כדורי שוקולד סוכריות,,0.00,,false,,5.00,0.0000,true,1,133838
7290108533798,true,ארגז L לחמניית טונה,,,ארגז L לחמניית טונה,,0.00,,false,,0.00,0.0000,true,1,133864
7290108533804,true,מרק כתום 2.5 ליטר 4,,,מרק כתום 2.5 ליטר 4,,0.00,,false,,0.00,0.0000,true,1,135677
7290108533842,true,מכסה לקופסא 1 ליטר4,,,מכסה לקופסא 1 ליטר4,,0.00,,false,,0.00,0.0000,true,1,134559
7290108533859,true,אייס וניל העדה החרדי,,,אייס וניל העדה החרדי,,0.00,,false,,2999.90,0.0000,true,1,133916
7290108533866,true,אייס פסיפלורה העדה ה,,,אייס פסיפלורה העדה ה,,0.00,,false,,2999.90,0.0000,true,1,133917
7290108533873,true,שוקו העדה החרדית1 -,,,שוקו העדה החרדית1 -,,0.00,,false,,2999.90,0.0000,true,1,133918
7290108533880,true,"סמבוסק פלאפל 20 יח""",,,"סמבוסק פלאפל 20 יח""",,0.00,,false,,5.00,0.0000,true,1,133920
7290108533934,true,מטען USB לרכב *,,,מטען USB לרכב,,0.00,,false,,5.00,0.0000,true,1,133950
7290108533941,true,כלי במבוק למטבח,,,כלי במבוק למטבח,,0.00,,false,,5.00,0.0000,true,1,133963
7290108533958,true,סל כביסה מתקפל48*32,,,סל כביסה מתקפל48*32,,0.00,,false,,5.00,0.0000,true,1,133964
7290108534009,true,ארגזX- משולש טונה10,,,ארגזX- משולש טונה10,,0.00,,false,,0.00,0.0000,true,1,134560
7290108534061,true,אשכוליות אדומות גלון,,,אשכוליות אדומות גלון,,0.00,,false,,0.00,0.0000,true,1,137315
7290108534085,true,מאפינס שיבולת שועל,,,מאפינס שיבולת שועל,,0.00,,false,,5.00,0.0000,true,1,134014
7290108534115,true,קרמבל תפוחים,,,קרמבל תפוחים,,0.00,,false,,5.00,0.0000,true,1,134034
7290108534177,true,עוגת קוקוס כשלפ,,,עוגת קוקוס כשלפ,,0.00,,false,,5.00,0.0000,true,1,134086
7290108534184,true,עוגת תפוחים כשלפ,,,עוגת תפוחים כשלפ,,0.00,,false,,5.00,0.0000,true,1,134087
7290108534191,true,בראוניז כשלפ,,,בראוניז כשלפ,,0.00,,false,,0.00,0.0000,true,1,134088
7290108534238,true,רול חלבה כשלפ,,,רול חלבה כשלפ,,0.00,,false,,5.00,0.0000,true,1,134092
7290108534245,true,מאפיינס שוקולד כשלפ,,,מאפיינס שוקולד כשלפ,,0.00,,false,,6.00,0.0000,true,1,134093
7290108534269,true,אייס פסיפלורה כשלפ,,,אייס פסיפלורה כשלפ,,0.00,,false,,0.00,0.0000,true,1,135917
7290108534283,true,"שוקו כשלפ 1 ק""ג",,,"שוקו כשלפ 1 ק""ג",,0.00,,false,,0.00,0.0000,true,1,135918
7290108534290,true,תמצית לשייק תות כשלפ,,,תמצית לשייק תות כשלפ,,0.00,,false,,0.00,0.0000,true,1,135919
7290108534306,true,מאפיינס וניל כשלפ,,,מאפיינס וניל כשלפ,,0.00,,false,,6.00,0.0000,true,1,134099
7290108534337,true,כדורי שוקולד קוקוס כ,,,כדורי שוקולד קוקוס כ,,0.00,,false,,6.00,0.0000,true,1,134267
7290108534344,true,הגדה לפסח,,,הגדה לפסח,,0.00,,false,,0.00,0.0000,true,1,134112
7290108534351,true,חמאת בוטנים סופרקופי,,,חמאת בוטנים סופרקופי,,0.00,,false,,5.00,0.0000,true,1,134430
7290108534382,true,גפילטע פיש 160 גרם,,,גפילטע פיש 160 גרם,,0.00,,false,,5.00,0.0000,true,1,134568
7290108534405,true,"ארגז M ל.טונה 20, מש",,,"ארגז M ל.טונה 20, מש",,0.00,,false,,0.00,0.0000,true,1,134137
7290108534412,true,רול חלבה,,,רול חלבה,,0.00,,false,,0.00,0.0000,true,1,134599
7290108534429,true,פאי אגוזים כשלפ,,,פאי אגוזים כשלפ,,0.00,,false,,5.00,0.0000,true,1,134177
7290108534443,true,פלייר שקיות בד,,,פלייר שקיות בד,,0.00,,false,,5.00,0.0000,true,1,134184
7290108534481,true,זוג מגבות מטבח,,,זוג מגבות מטבח,,0.00,,false,,5.00,0.0000,true,1,134193
7290108534498,true,אבקת אייס קפה דיאט6,,,אבקת אייס קפה דיאט6,,0.00,,false,,2999.90,0.0000,true,1,134194
7290108534528,true,AAארגז 40 לחמניות ט,,,AAארגז 40 לחמניות ט,,0.00,,false,,0.00,0.0000,true,1,134562
7290108534535,true,BBארגז ל.טונה20+ ל.,,,BBארגז ל.טונה20+ ל.,,0.00,,false,,0.00,0.0000,true,1,134563
7290108534542,true,CCארגז ל.סביח 20+ ל,,,CCארגז ל.סביח 20+ ל,,0.00,,false,,0.00,0.0000,true,1,134564
7290108534559,true,DDארגז ל.אבוקדו20+,,,DDארגז ל.אבוקדו20+,,0.00,,false,,0.00,0.0000,true,1,134565
7290108534566,true,FFארגז כשלפ ל.אבוקד,,,FFארגז כשלפ ל.אבוקד,,0.00,,false,,0.00,0.0000,true,1,134566
7290108534573,true,GGארגז סלטים כשלפ1,,,GGארגז סלטים כשלפ1,,0.00,,false,,0.00,0.0000,true,1,134567
7290108534580,true,לחמניית טונה כשלפ,,,לחמניית טונה כשלפ,,0.00,,false,,0.00,0.0000,true,1,134213
7290108534597,true,לחמניית סביח כשלפ,,,לחמניית סביח כשלפ,,0.00,,false,,0.00,0.0000,true,1,134214
7290108534603,true,לחמניית מיקס גבינות,,,לחמניית מיקס גבינות,,0.00,,false,,0.00,0.0000,true,1,134215
7290108534610,true,לחמניית אבוקדו כשלפ,,,לחמניית אבוקדו כשלפ,,0.00,,false,,0.00,0.0000,true,1,134216
7290108534627,true,סלט בולגרית כשלפ,,,סלט בולגרית כשלפ,,0.00,,false,,0.00,0.0000,true,1,134217
7290108534634,true,סלט ירקות כשלפ,,,סלט ירקות כשלפ,,0.00,,false,,0.00,0.0000,true,1,134218
7290108534658,true,אורז אדום עם תירס10,,,אורז אדום עם תירס10,,0.00,,false,,5.00,0.0000,true,1,134251
7290108534672,true,גזר מתוק עם צימוקים,,,גזר מתוק עם צימוקים,,0.00,,false,,0.00,0.0000,true,1,134253
7290108534689,true,"סצ""ואן רצועות סויה",,,"סצ""ואן רצועות סויה",,0.00,,false,,6.00,0.0000,true,1,134254
7290108534696,true,אייס בואנו קילוי10 -,,,אייס בואנו קילוי10 -,,0.00,,false,,2999.90,0.0000,true,1,134225
7290108534702,true,לחמנית מזונות 75 גרם,,,לחמנית מזונות 75 גרם,,0.00,,false,,5.00,0.0000,true,1,134234
7290108534719,true,מסננת 17*22 קופיקס,,,מסננת 17*22 קופיקס,,0.00,,false,,5.00,0.0000,true,1,134245
7290108534771,true,פיצה,,,פיצה,,0.00,,false,,6.00,0.0000,true,1,134280
7290108534788,true,HHארגז סלטים כשלפ1,,,HHארגז סלטים כשלפ1,,0.00,,false,,0.00,0.0000,true,1,134569
7290108534825,true,לחמניית גבינה בולגרי,,,לחמניית גבינה בולגרי,,0.00,,false,,5.00,0.0000,true,1,134287
7290108534832,true,סלט פסטה קר,,,סלט פסטה קר,,0.00,,false,,5.00,0.0000,true,1,134292
7290108534856,true,עוגיות וניל עוגיות2,,,עוגיות וניל עוגיות2,,0.00,,false,,0.00,0.0000,true,1,134297
7290108534863,true,ספגטי בולונז,,,ספגטי בולונז,,0.00,,false,,6.00,0.0000,true,1,134570
7290108534894,true,כרטיס נטען,,,כרטיס נטען,,0.00,,false,,0.00,0.0000,true,1,134306
7290108534900,true,קופון קניון עופר,,,קופון קניון עופר,,0.00,,false,,5.00,0.0000,true,1,134312
7290108534917,true,ארד - ארגז N- משולש,,,ארד - ארגז N- משולש,,0.00,,false,,0.00,0.0000,true,1,134313
7290108534924,true,"ארד - ארגז - O לח ""ט",,,"ארד - ארגז - O לח ""ט",,0.00,,false,,0.00,0.0000,true,1,134314
7290108534931,true,ארד - ארגז - P משולש,,,ארד - ארגז - P משולש,,0.00,,false,,0.00,0.0000,true,1,134315
7290108534948,true,ארד - סלטים ו 10 - ב,,,ארד - סלטים ו 10 - ב,,0.00,,false,,0.00,0.0000,true,1,134316
7290108534955,true,ארד - סלטים ח 20 - ב,,,ארד - סלטים ח 20 - ב,,0.00,,false,,0.00,0.0000,true,1,134317
7290108534986,true,סטנד אבזרי מטבח מסיל,,,סטנד אבזרי מטבח מסיל,,0.00,,false,,0.00,0.0000,true,1,134745
7290108535068,true,ארגז - KB משולש חבית,,,ארגז - KB משולש חבית,,0.00,,false,,0.00,0.0000,true,1,134324
7290108535136,true,פרעצל,,,פרעצל,,0.00,,false,,6.00,0.0000,true,1,134341
7290108535143,true,"פוקצ""ה בצל",,,"פוקצ""ה בצל",,0.00,,false,,5.00,0.0000,true,1,134342
7290108535150,true,"פוקצ""ה זיתים",,,"פוקצ""ה זיתים",,0.00,,false,,5.00,0.0000,true,1,134343
7290108535181,true,מאפה בוקר גבינה,,,מאפה בוקר גבינה,,0.00,,false,,5.00,0.0000,true,1,134345
7290108535198,true,מאפה בוקר שוקולד,,,מאפה בוקר שוקולד,,0.00,,false,,5.00,0.0000,true,1,134346
7290108535204,true,בורקס גבינה,,,בורקס גבינה,,0.00,,false,,5.00,0.0000,true,1,134347
7290108535211,true,בורקס תפוא,,,בורקס תפוא,,0.00,,false,,5.00,0.0000,true,1,134348
7290108535228,true,מאפה פרג 10 בקרטון,,,מאפה פרג 10 בקרטון,,0.00,,false,,5.00,0.0000,true,1,134364
7290108535235,true,סטנד כלי כתיבה,,,סטנד כלי כתיבה,,0.00,,false,,0.00,0.0000,true,1,134752
7290108535488,true,אורז וגרגרי חומוס,,,אורז וגרגרי חומוס,,0.00,,false,,5.00,0.0000,true,1,134453
7290108535501,true,עוגת שמרים תפוח,,,עוגת שמרים תפוח,,0.00,,false,,5.00,0.0000,true,1,134464
7290108535518,true,מאפה עלים במילוי אוכ,,,מאפה עלים במילוי אוכ,,0.00,,false,,0.00,0.0000,true,1,134465
7290108535525,true,מאפה שמרים חלבה,,,מאפה שמרים חלבה,,0.00,,false,,5.00,0.0000,true,1,134466
7290108536539,true,מאפה שמרים וניל,,,מאפה שמרים וניל,,0.00,,false,,5.00,0.0000,true,1,134467
7290108536553,true,מאג חיבוקי סופרקופיק,,,מאג חיבוקי סופרקופיק,,0.00,,false,,5.00,0.0000,true,1,134472
7290108536560,true,מאג חיבוקי קופיקס,,,מאג חיבוקי קופיקס,,0.00,,false,,5.00,0.0000,true,1,134473
7290108536584,true,"פאדג ""שוקולד",,,"פאדג ""שוקולד",,0.00,,false,,5.00,0.0000,true,1,134497
7290108536591,true,מאפה קינמון,,,מאפה קינמון,,0.00,,false,,0.00,0.0000,true,1,134498
7290108537666,true,קרם שניט,,,קרם שניט,,0.00,,false,,5.00,0.0000,true,1,134525
7290108537710,true,בראוניז,,,בראוניז,,0.00,,false,,5.00,0.0000,true,1,134544
7290108537727,true,פאי אגוזים,,,פאי אגוזים,,0.00,,false,,6.00,0.0000,true,1,134545
7290108537833,true,מאפה שוקולד,,,מאפה שוקולד,,0.00,,false,,5.00,0.0000,true,1,134547
7290108537918,true,סטנד משקפי קריאה,,,סטנד משקפי קריאה,,0.00,,false,,0.00,0.0000,true,1,134693
7290108537987,true,כריך מיקס גבינות CFF,,,כריך מיקס גבינותCFF,,0.00,,false,,5.00,0.0000,true,1,134707
7290108538014,true,כריך סלט ביצים CFF,,,כריך סלט ביצים CFF,,0.00,,false,,5.00,0.0000,true,1,134710
7290108538021,true,לחמניית אבוקדו cff [,,,לחמניית אבוקדו[ cff,,0.00,,false,,6.00,0.0000,true,1,134711
7290108538038,true,לחמניית סלט טוניסאי,,,לחמניית סלט טוניסאי,,0.00,,false,,6.00,0.0000,true,1,134712
7290108538052,true,לחמניית סביח CFF,,,לחמניית סביח CFF,,0.00,,false,,5.00,0.0000,true,1,134713
7290108538151,true,מאפה אוכמניות,,,מאפה אוכמניות,,0.00,,false,,5.00,0.0000,true,1,134639
7290108538168,true,כריך חביתה עם גבינת,,,כריך חביתה עם גבינת,,0.00,,false,,5.00,0.0000,true,1,134714
7290108538212,true,כרית טיסה,,,כרית טיסה,,0.00,,false,,6.00,0.0000,true,1,135252
7290108538229,true,סלט ירקות CFF,,,סלט ירקות CFF,,0.00,,false,,0.00,0.0000,true,1,134724
7290108538236,true,סלט ירקות עם גבינה ב,,,סלט ירקות עם גבינה ב,,0.00,,false,,5.00,0.0000,true,1,134725
7290108538267,true,סושי אינסיידאאוטCFF,,,סושי אינסיידאאוטCFF,,0.00,,false,,5.00,0.0000,true,1,134728
7290108538373,true,מארז מזלגות 100 יחיד,,,מארז מזלגות 100 יחיד,,0.00,,false,,5.00,0.0000,true,1,135966
7290108538410,true,מאפה גבינה אוכמניות,,,מאפה גבינה אוכמניות,,0.00,,false,,5.00,0.0000,true,1,134777
7290108538434,true,סברינה אישית,,,סברינה אישית,,0.00,,false,,5.00,0.0000,true,1,134802
7290108538458,true,קיש תירס/ירקות,,,קיש תירס/ירקות,,0.00,,false,,5.00,0.0000,true,1,134804
7290108538465,true,ארגז קישים בטטה/בצל,,,ארגז קישים בטטה/בצל,,0.00,,false,,2999.00,0.0000,true,1,134816
7290108538472,true,כבל יויו יו.אס.בי,,,כבל יויו יו.אס.בי,,0.00,,false,,5.00,0.0000,true,1,135227
7290108538489,true,לחמניית גבינה בולגרי,,,לחמניית גבינה בולגרי,,0.00,,false,,5.00,0.0000,true,1,134824
7290108538533,true,ארד - סלטים צ15 - בו,,,ארד - סלטים צ15 - בו,,0.00,,false,,0.00,0.0000,true,1,134825
7290108538595,true,מכסה לכוס למרק,,,מכסה לכוס למרק,,0.00,,false,,0.00,0.0000,true,1,134895
7290108538601,true,מארז סירופ מייפל 2 ל,,,מארז סירופ מייפל 2 ל,,0.00,,false,,2999.90,0.0000,true,1,134914
7290108538618,true,מארז סירופ שוקולד 2,,,מארז סירופ שוקולד 2,,0.00,,false,,2999.90,0.0000,true,1,134915
7290108538625,true,"כפות ח""פ 100 יחידות",,,"כפות ח""פ 100 יחידות",,0.00,,false,,5.00,0.0000,true,1,134928
7290108538656,true,"פוקצ""ה פיטריות",,,"פוקצ""ה פיטריות",,0.00,,false,,5.00,0.0000,true,1,134931
7290108538663,true,"פוקצ""ה שוקולד קינמון",,,"פוקצ""ה שוקולד קינמון",,0.00,,false,,5.00,0.0000,true,1,134932
7290108538670,true,מאפה ריק,,,מאפה ריק,,0.00,,false,,5.00,0.0000,true,1,134936
7290108538687,true,"פוקצ""ה זיתים מקמח מל",,,"פוקצ""ה זיתים מקמח מל",,0.00,,false,,6.00,0.0000,true,1,134937
7290108538694,true,סלט פסטה פסטו עם גבי,,,סלט פסטה פסטו עם גבי,,0.00,,false,,5.00,0.0000,true,1,134933
7290108538700,true,גולש,,,גולש,,0.00,,false,,5.00,0.0000,true,1,134945
7290108538717,true,בורגול,,,בורגול,,0.00,,false,,5.00,0.0000,true,1,134946
7290108538724,true,"צ""ילי קון קרנה",,,"צ""ילי קון קרנה",,0.00,,false,,6.00,0.0000,true,1,134947
7290108538748,true,פיצה מקמח מלא בית ספ,,,פיצה מקמח מלא בית ספ,,0.00,,false,,6.00,0.0000,true,1,134968
7290108538755,true,משולש חביתה-בית ספר,,,משולש חביתה-בית ספר,,0.00,,false,,5.00,0.0000,true,1,134969
7290108538762,true,לחמנית סביח - בית ספ,,,לחמנית סביח - בית ספ,,0.00,,false,,0.00,0.0000,true,1,134970
7290108538779,true,משולש סלמון - בית ספ,,,משולש סלמון - בית ספ,,0.00,,false,,5.00,0.0000,true,1,134971
7290108538786,true,משולש טונה -בית ספר,,,משולש טונה -בית ספר,,0.00,,false,,5.00,0.0000,true,1,134972
7290108538793,true,משולש מיקס גבינות -,,,משולש מיקס גבינות -,,0.00,,false,,5.00,0.0000,true,1,134973
7290108538809,true,לחמנית בולגרית -בית,,,לחמנית בולגרית -בית,,0.00,,false,,5.00,0.0000,true,1,134974
7290108538823,true,"פוקצ""ה בצל מקמח מלא",,,"פוקצ""ה בצל מקמח מלא",,0.00,,false,,6.00,0.0000,true,1,134977
7290108538830,true,קיש בטטה העדה החרדית,,,קיש בטטה העדה החרדית,,0.00,,false,,5.00,0.0000,true,1,134978
7290108538847,true,קיש בצל העדה החרדית,,,קיש בצל העדה החרדית,,0.00,,false,,5.00,0.0000,true,1,134979
7290108538854,true,קיש פיטריות העדה החר,,,קיש פיטריות העדה החר,,0.00,,false,,5.00,0.0000,true,1,134980
7290108538861,true,"סמבוסק תפו""א קמח מלא",,,"סמבוסק תפו""א קמח מלא",,0.00,,false,,5.00,0.0000,true,1,134982
7290108538878,true,בייגל שוקולד עם פצפו,,,בייגל שוקולד עם פצפו,,0.00,,false,,5.00,0.0000,true,1,135064
7290108538892,true,"סצ""ואן- העדה החרדית",,,"סצ""ואן- העדה החרדית",,0.00,,false,,6.00,0.0000,true,1,134984
7290108538908,true,אורז עם עדשים וגרגרי,,,אורז עם עדשים וגרגרי,,0.00,,false,,5.00,0.0000,true,1,134985
7290108538915,true,"צ""ולנט- העדה החרדית",,,"צ""ולנט- העדה החרדית",,0.00,,false,,2999.00,0.0000,true,1,134986
7290108538922,true,ספגטי עגבניות- העדה,,,ספגטי עגבניות- העדה,,0.00,,false,,5.00,0.0000,true,1,134987
7290108538977,false,מטריה קופיקס,,,מטריה קופיקס,Unknown,1.00,יחידה,false,,8.00,8.0000,true,1,135005
7290108538984,true,משולש גבינה מקמח מלא,,,משולש גבינה מקמח מלא,,0.00,,false,,5.00,0.0000,true,1,135006
7290108538991,true,פרעצל מקמח מלא בית ס,,,פרעצל מקמח מלא בית ס,,0.00,,false,,5.00,0.0000,true,1,135007
7290108539028,true,שוקו העדה החרדית1 -,,,שוקו העדה החרדית1 -,,0.00,,false,,0.00,0.0000,true,1,135065
7290108539097,true,מרק עדשים עדה חרדית,,,מרק עדשים עדה חרדית,,0.00,,false,,2999.00,0.0000,true,1,135136
7290108539264,true,אלפחורס,,,אלפחורס,,0.00,,false,,5.00,0.0000,true,1,135313
7290108539318,true,"אורז מג""דרה",,,"אורז מג""דרה",,0.00,,false,,6.00,0.0000,true,1,135254
7290108539356,true,ארל גרי עדח 100 שקיק,,,ארל גרי עדח 100 שקיק,,0.00,,false,,0.00,0.0000,true,1,135299
7290108539370,true,סופגניה עם ריבה,,,סופגניה עם ריבה,,0.00,,false,,5.00,0.0000,true,1,135368
7290108539394,true,סושי סלמון CFF,,,סושי סלמון CFF,,0.00,,false,,5.00,0.0000,true,1,135418
7290108539400,true,"פוקצ""ה טונה ותירס",,,"פוקצ""ה טונה ותירס",,0.00,,false,,5.00,0.0000,true,1,135450
7290108539424,true,טוסט פיקנטי Cff,,,טוסט פיקנטי Cff,,0.00,,false,,6.00,0.0000,true,1,135477
7290108539448,true,"ג""בטה סביח fds",,,"ג""בטה סביח Cff",,0.00,,false,,5.00,0.0000,true,1,135527
7290108539455,true,"ג""בטה טונה Cff",,,"ג""בטה טונה Cff",,0.00,,false,,5.00,0.0000,true,1,135528
7290108539462,true,"ג""בטה טונה פיקנטיתC",,,"ג""בטה טונה פיקנטיתC",,0.00,,false,,5.00,0.0000,true,1,135529
7290108539479,true,"ג""בטה בולגרית fds",,,"ג""בטה בולגרית Cff",,0.00,,false,,5.00,0.0000,true,1,135530
7290108539486,true,סושי 05 הוסומאקי צמח,,,סושי 05 הוסומאקי צמח,,0.00,,false,,14.00,0.0000,true,1,135531
7290108539493,true,סושי 05 הוסומאקי דגי,,,סושי 05 הוסומאקי דגי,,0.00,,false,,15.00,0.0000,true,1,135532
7290108539523,true,מרק ירקות ואורז 2.5,,,מרק ירקות ואורז 2.5,,0.00,,false,,0.00,0.0000,true,1,135492
7290108539530,true,ארגז סלטים Cff ס.פסט,,,ארגז סלטים Cff ס.פסט,,0.00,,false,,5.00,0.0000,true,1,135510
7290108539547,true,"בורקס תפוא קפוא אנג""",,,"בורקס תפוא קפוא אנג""",,0.00,,false,,5.00,0.0000,true,1,135499
7290108539554,true,בורקס גבינה קפוא אנג,,,בורקס גבינה קפוא אנג,,0.00,,false,,5.00,0.0000,true,1,135500
7290108539561,true,"מאפה גבינה קפוא אנג""",,,"מאפה גבינה קפוא אנג""",,0.00,,false,,5.00,0.0000,true,1,135501
7290108539578,true,מאפה קינמון קפוא אנג,,,מאפה קינמון קפוא אנג,,0.00,,false,,5.00,0.0000,true,1,135502
7290108539585,true,מאפה שוקולד קפוא רוח,,,מאפה שוקולד קפוא רוח,,0.00,,false,,5.00,0.0000,true,1,135503
7290108539592,true,בורקס גבינה קפוא רוח,,,בורקס גבינה קפוא רוח,,0.00,,false,,5.00,0.0000,true,1,135504
7290108539608,true,מאפה גבינה קפוא רוחל,,,מאפה גבינה קפוא רוחל,,0.00,,false,,5.00,0.0000,true,1,135505
7290108539615,true,לחמניית סלט ביצים Cf,,,לחמניית סלט ביציםCf,,0.00,,false,,5.00,0.0000,true,1,135524
7290108539660,true,חמין העדה החרדית5.,,,חמין העדה החרדית5.,,0.00,,false,,0.00,0.0000,true,1,135562
7290108539707,true,רול שלם לא פרוס צמחו,,,רול שלם לא פרוס צמחו,,0.00,,false,,0.00,0.0000,true,1,135617
7290108539721,true,סושי 05 הוסומאקי צמח,,,סושי 05 הוסומאקי צמח,,0.00,,false,,14.00,0.0000,true,1,135619
7290108539738,true,סושי 05 אינסיידאאוט,,,סושי 05 אינסיידאאוט,,0.00,,false,,14.00,0.0000,true,1,135620
7290108539745,true,סושי 05 אינסיידאאוט,,,סושי 05 אינסיידאאוט,,0.00,,false,,14.00,0.0000,true,1,135621
7290108539783,true,רול שלם לא פרוס דגים,,,רול שלם לא פרוס דגים,,0.00,,false,,0.00,0.0000,true,1,135625
7290108539806,true,סושי 05 הוסומאקי דגי,,,סושי 05 הוסומאקי דגי,,0.00,,false,,15.00,0.0000,true,1,135627
7290108539813,true,סושי 05 אינסיידאאוט,,,סושי 05 אינסיידאאוט,,0.00,,false,,15.00,0.0000,true,1,135628
7290108539820,true,סושי 05 אינסיידאאוט,,,סושי 05 אינסיידאאוט,,0.00,,false,,15.00,0.0000,true,1,135629
7290108539837,true,פיצה רוחלה,,,פיצה רוחלה,,0.00,,false,,6.00,0.0000,true,1,135646
7290108539851,true,קופיקס-ארגז רטבים שו,,,קופיקס-ארגז רטבים שו,,0.00,,false,,2999.90,0.0000,true,1,135711
7290108539899,true,קופיקס-רוטב ישראלי,,,קופיקס-רוטב ישראלי,,0.00,,false,,2999.90,0.0000,true,1,135715
7290108539912,true,לחמניית שומשום טונה,,,לחמניית שומשום טונה,,0.00,,false,,10.00,0.0000,true,1,135719
7290108539929,true,לחמניית שומשום חביתה,,,לחמניית שומשום חביתה,,0.00,,false,,10.00,0.0000,true,1,135720
7290108539936,true,לחמניית שומשום מיקס,,,לחמניית שומשום מיקס,,0.00,,false,,10.00,0.0000,true,1,135721
7290108539943,true,לחמניית שומשום סביח,,,לחמניית שומשום סביח,,0.00,,false,,10.00,0.0000,true,1,135722
7290108539950,true,תחתית שעם לקפה שלווה,,,תחתית שעם לקפה שלווה,,0.00,,false,,5.00,0.0000,true,1,135732
7290108539967,true,מאפה מתחלף שוקולד חל,,,מאפה מתחלף שוקולד חל,,0.00,,false,,6.00,0.0000,true,1,135762
7290108539981,true,ארגז קישים בטטה/בצל,,,ארגז קישים בטטה/בצל,,0.00,,false,,2999.00,0.0000,true,1,135764
7290108539998,true,סופלה שוקולד,,,סופלה שוקולד,,0.00,,false,,0.00,0.0000,true,1,135765
7290109351186,true,אטריות דקיקות 500 גר,,,אטריות דקיקות 500 גר,,0.00,,false,,5.00,0.0000,true,1,134519
7290109353456,true,מפעל-עסיס חומץ טבעי,,,מפעל-עסיס חומץ טבעי,,0.00,,false,,2999.90,0.0000,true,1,136376
7290109353852,true,מפעל-טבעול קציצת קטנ,,,מפעל-טבעול קציצת קטנ,,0.00,,false,,2999.90,0.0000,true,1,135413
7290109356082,true,מפעל-עסיס מיץ לימון,,,מפעל-עסיס מיץ לימון,,0.00,,false,,2999.90,0.0000,true,1,135895
7290109358765,false,דגני בוקר קראנץ' רולס נוגט 450 גרם,"אסם השקעות בע""\מ",,קראנץ' רולס 450 גרם,גרמים,450.00,100 גרם,false,,23.90,0.0531,true,1,140684
7290109580135,false,קורנדביף פרימיום 180 גרם זוגלובק,זוגלובק,,קורנדביף פרימיום זוג,גרמים,180.00,100 גרם,false,,24.90,0.1383,true,1,152676
7290109580241,false,נאגטס מן הצומח זוגלובק 500 גרם,זוגלובק טבע,,נאגטס מן הצומח זוגלו,גרמים,500.00,100 גרם,false,,25.90,0.0518,true,1,158725
7290109920603,false,"אסטוניש קרם לניקוי המטבח 500 מ""ל",יעקבי- אסטוניש Astonish,,קרם לניקוי המטבח אסט,מיליליטרים,500.00,"100 מ""ל",false,,12.90,0.0258,true,1,157003
7290110110611,false,ספרייט ליים 1.5 ליטר,החברה המרכזית לייצור משק,,ספרייט ליים 1.5 ליטר,מיליליטרים,1500.00,"100 מ""ל",false,,8.70,0.0058,true,1,155304
7290110110703,false,מארז ספרייט שישייה פחיות FRIDGE PACK,החברה המרכזית לייצור משק,,מארז ספרייט חדש 6 פח,מיליליטרים,1980.00,"100 מ""ל",false,,24.10,0.0122,true,1,144601
7290110113490,false,"פיוז טי אפרסק 19 קלוריות 500 מ""ל",מבשלות בירה בינלאומיות ב,,"פיוז תה אפרסק 500 מ""",מיליליטרים,500.00,"100 מ""ל",false,,8.40,0.0168,true,1,149077
7290110114855,false,"נביעות מים מינרליים, שישיה 6 * 1.5 ליטר פקדון",נביעות טבע הגליל בעמ,,מים מינרילים נביעות,מיליליטרים,9000.00,"100 מ""ל",false,,13.70,0.0015,true,1,156498
7290110114893,false,מיץ סחוט תפוז פריגת 2 ליטר,היינץ צפון אמריקה מק,,סחוט תפוז 2 ליטר,קילוגרמים,2.00,ליטר,false,,29.20,14.6000,true,1,156568
7290110114961,false,משקה קל תפוזים פריגת 1.5 ליטר,מבשלות בירה בינלאומיות ב,,פריגת תפוזים 1.5 ליט,מיליליטרים,1500.00,"100 מ""ל",false,,9.10,0.0061,true,1,156499
7290110114985,false,משקה קל אשכוליות פריגת 1.5 ליטר,מבשלות בירה בינלאומיות ב,,פריגת אשכוליות 1.5 ל,מיליליטרים,1500.00,"100 מ""ל",false,,9.10,0.0061,true,1,156501
7290110115005,false,משקה קל ענבים פריגת 1.5 ליטר,מבשלות בירה בינלאומיות ב,,משקה קל ענבים פריגת,מיליליטרים,1500.00,"100 מ""ל",false,,9.10,0.0061,true,1,156502
7290110115036,false,משקה קל מנגו פריגת 1.5 ליטר,מבשלות בירה בינלאומיות ב,,פריגת מנגו 1.5 ליטר,מיליליטרים,1500.00,"100 מ""ל",false,,9.10,0.0061,true,1,156505
7290110115050,false,פריגת מיקס תות בננה 1.5 ליטר פיקדון,מבשלות בירה בינלאומיות ב,,פריגת מיקס תות-בננה,מיליליטרים,1500.00,"100 מ""ל",false,,9.10,0.0061,true,1,156507
7290110115081,false,פריגת צלול ענבים 1.5 ליטר פיקדון,"מבשלות בירה לישראל בע""\מ",,פריגת צלול בטעם ענבי,מיליליטרים,1500.00,"100 מ""ל",false,,8.80,0.0059,true,1,156509
7290110115104,false,פריגת צלול אפרסק 1.5 ליטר פיקדון,מבשלות בירה בינלאומיות ב,,פריגת צלול בטעם אפרס,מיליליטרים,1500.00,"100 מ""ל",false,,8.80,0.0059,true,1,156511
7290110115203,false,קוקה קולה 1.5 ליטר פיקדון,החברה המרכזית לייצור משק,,קוקה קולה 1.5 ליטר,מיליליטרים,1500.00,"100 מ""ל",false,,8.90,0.0059,true,1,156519
7290110115210,false,דיאט קוקה קולה 1.5 ליטר פיקדון,החברה המרכזית לייצור משק,,דיאט קוקה קולה 1.5 ל,מיליליטרים,1500.00,"100 מ""ל",false,,8.60,0.0057,true,1,156520
7290110115227,false,קוקה-קולה זירו בקבוק 1.5 ליטר,החברה המרכזית לייצור משק,,קוקה קולה זירו בקבוק,מיליליטרים,1500.00,"100 מ""ל",false,,8.80,0.0059,true,1,156521
7290110115272,false,ZERO ספרייט 1.5 ליטר פיקדון,החברה המרכזית לייצור משק,,ספרייט זירו בקבוק 1.,מיליליטרים,1500.00,"100 מ""ל",false,,8.60,0.0057,true,1,156524
7290110115340,false,פאנטה ענבים 1.5 ליטר פיקדון,החברה המרכזית לייצור משק,,פאנטה ענבים 1.5 ליטר,מיליליטרים,1500.00,"100 מ""ל",false,,9.10,0.0061,true,1,156529
7290110115357,false,קינלי סודה 1.5 ליטר פיקדון,החברה המרכזית לייצור משק,,קינלי סודה 1.5 ליטר,מיליליטרים,1500.00,"100 מ""ל",false,,4.30,0.0029,true,1,156530
7290110115364,false,שישייה קוקה קולה 1.5 ליטר פיקדון,החברה המרכזית לייצור משק,,קוקה קולה 6*1.5 ליטר,קילוגרמים,9.00,ליטר,false,,51.10,5.6778,true,1,156531
7290110115418,false,מארז שישייה קוקה קולה זירו 1.5 ל',החברה המרכזית לייצור משק,,קולה זירו קוקה קולה,מיליליטרים,9000.00,"100 מ""ל",false,,49.70,0.0055,true,1,156535
7290110115449,false,אייס תה בטעם מנגו אננס 1.5ל' FUZE TEA,מבשלות בירה בינלאומיות ב,,תה קר מנגו אננס פיוז,מיליליטרים,1500.00,"100 מ""ל",false,,9.50,0.0063,true,1,156538
7290110115463,false,פיוז טי אפרסק 1.5 ליטר פיקדון,מבשלות בירה בינלאומיות ב,,תה קר אפרסק פיוז-טי,מיליליטרים,1500.00,"100 מ""ל",false,,9.50,0.0063,true,1,156540
7290110115494,false,תה קר בטעם ענבים פיוז טי 1.5 ליטר,מבשלות בירה בינלאומית בע,,תה קר בטעם ענבים פיו,מיליליטרים,1500.00,"100 מ""ל",false,,9.50,0.0063,true,1,156543
7290110115623,false,משקה פיוז טי זירו ZERO בטעם אפרסק,מבשלות בירה בינלאומיות ב,,פיוז תה אפרסק זירו 1,מיליליטרים,1500.00,"100 מ""ל",false,,8.90,0.0059,true,1,158872
7290110115821,false,"ספרייט לימון, 1.5 ליטר פקדון",כלורוקס אוקלנד,,ספרייט ליים 1.5 ליטר,מיליליטרים,1500.00,"100 מ""ל",false,,8.70,0.0058,true,1,157502
7290110115869,false,קוקה קולה זירו 1.5 ליטר פיקדון,תות תעשיות מזון (201,,קוקה קולה זירו בקבוק,מיליליטרים,1500.00,"100 מ""ל",false,,8.80,0.0059,true,1,157236
7290110115876,false,קינלי סודה 1.5 ליטר,"אינסטנטה בע""מ",,קינלי סודה 1.5 ליטר,מיליליטרים,1500.00,"100 מ""ל",false,,4.30,0.0029,true,1,160721
7290110116132,false,"סירופ בטעם לימון פריגת 750 מ""ל",סירופ - גבעת חיים,,סירופ לימון 750 פריג,מיליליטרים,750.00,"100 מ""ל",false,,24.90,0.0332,true,1,160627
7290110116149,false,"סירופ בטעם ענבים פריגת 750 מ""ל",סירופ - גבעת חיים,,סירופ ענבים פריגת 75,מיליליטרים,750.00,"100 מ""ל",false,,24.90,0.0332,true,1,160628
7290110116491,false,פריגת סחוט מיקס אפרסק משמש 1ליטר,פריגת מצוננים,,פריגת מיקס אפרסק משמ,מיליליטרים,1000.00,"100 מ""ל",false,,16.20,0.0162,true,1,161351
7290110116569,false,"ספרייט זירו ZERO בק LEMON HIT, 1.5 ליטר",החברה המרכזית לייצור משק,,ספרייט זירו למון היט,מיליליטרים,1500.00,"100 מ""ל",false,,8.60,0.0057,true,1,160988
7290110320867,false,פתיתים גבינה חצי קשה מגורדת 28% שומן,תנובה מרכז שיתופי לש,,פתיתי עמק 28% שומן,גרמים,500.00,100 גרם,false,,29.90,0.0598,true,1,145699
7290110320935,false,גבינת מוצרלה תנובה 150ג' פרוסות,תנובה מרכז שיתופי לש,,פרוסות מוצרלה מחלב ב,גרמים,150.00,100 גרם,false,,16.90,0.1127,true,1,145700
7290110321680,false,יוגורט GO בטעם תות 20 גרם חלבון בגביע,מיוצר עי קונדיטוריית,,יוגורט 2.9% תות גו 2,גרמים,200.00,100 גרם,false,,5.50,0.0275,true,1,140373
7290110321697,false,יוגורט GO בטעם אפרסק 20 גרם חלבון בגביע,מיוצר עי קונדיטוריית,,יוגורט 2.9% אפרסק גו,גרמים,200.00,100 גרם,false,,5.70,0.0285,true,1,140374
7290110321703,false,יוגורט עם פירות יער בתוספת חלבוני חלב 2% שומן,מיוצר עי קונדיטוריית,,יוגורט 2.9% פירות יע,גרמים,200.00,100 גרם,false,,5.70,0.0285,true,1,140375
7290110322014,false,טופו בטעם טבעי תנובה ALTERNATIVE,שוורצקוף& הנקל דיסלד,,טופו טבעי 300 גרם,גרמים,300.00,100 גרם,false,,12.50,0.0417,true,1,140377
7290110322021,false,"תנובה טופו בזיליקום 300 גר' בד""צ",שוורצקוף& הנקל דיסלד,,טופו בזיליקום 300 גר,גרמים,300.00,100 גרם,false,,12.50,0.0417,true,1,140378
7290110323073,false,"משקה יוגורט יופלה גו תות פטל 250 מ""ל - רבנות",מיוצר עי קונדיטוריית,,משקה יוגורט 1% 20 גר,מיליליטרים,250.00,"100 מ""ל",false,,6.30,0.0252,true,1,140381
7290110323301,false,טל העמק בסגנון אמנטל 32% שומן 200 גרם,פ.פ.ח. שאביט,,גבינת טל העמק 32% שו,גרמים,200.00,100 גרם,false,,18.90,0.0945,true,1,144572
7290110323592,false,יוגורט GO לייט בטעם אפרסק 20 גרם חלבון בגביע,יופלה Yoplait,,יוגורט לייט 0.5% מוע,גרמים,200.00,100 גרם,false,,5.70,0.0285,true,1,144575
7290110323714,false,משקה קוקוס שקדים תנובה E אלטרנטיב,מיוצר עי קונדיטוריית,,משקה קוקוס שקדים תנו,מיליליטרים,1000.00,"100 מ""ל",false,,12.90,0.0129,true,1,144580
7290110324070,false,גבינת חלומי מחלב בקר תנובה 200 גרם,"תנובה בע""\מ",,גבינת חלומי מחלב בקר,גרמים,200.00,100 גרם,false,,19.90,0.0995,true,1,153458
7290110324353,false,יוגורט GO לייט בטעם אננס 20 גרם חלבון בגביע,מיוצר עי קונדיטוריית,,יוגורט 0.5% מועשר אנ,גרמים,200.00,100 גרם,false,,5.70,0.0285,true,1,144582
7290110324711,false,ממרח סויה 9% שומן בטעם טבעי תנובה 250 גרם,מיוצר עי קונדיטוריית,,ממרח סויה בטעם טבעי,גרמים,250.00,100 גרם,false,,9.90,0.0396,true,1,144588
7290110324841,false,מעדן שקדים עם שוקולד מריר תנובה 125 גרם,מיוצר עי קונדיטוריית,,מעדן שקדים שוקולד מר,גרמים,125.00,100 גרם,false,,4.20,0.0336,true,1,152944
7290110324858,false,מעדן שקדים בטעם אגוזי לוז תנובה 125 גרם,מיוצר עי קונדיטוריית,,מעדן שקדים אגוזי לוז,גרמים,125.00,100 גרם,false,,4.20,0.0336,true,1,152945
7290110324872,false,גבינה צהובה גלבוע 5% שומן 200 גרם,גלבוע - תנובה,,פרוסות גבינה חצי קשה,גרמים,200.00,100 גרם,false,,17.90,0.0895,true,1,152114
7290110324926,false,משקה סויה ללא תוספת סוכר E אלטרנטיב,תנובה מרכז שיתופי לש,,משקה סויה ללא תוספת,מיליליטרים,1000.00,"100 מ""ל",false,,10.90,0.0109,true,1,144595
7290110325114,false,"משקה יוגורט יופלה גו לייט תות בננה 250 מ""ל - רבנות",מיוצר עי קונדיטוריית,,משקה יוגורט 0.6% מוע,מיליליטרים,250.00,"100 מ""ל",false,,5.90,0.0236,true,1,144598
7290110325169,false,פרוסות גאודה תנובה 170 גרם,תנובה חלב,,פרוסות גבינת גאודה ח,גרמים,170.00,100 גרם,false,,19.90,0.1171,true,1,148809
7290110325305,false,יופלה GO סויה 20 גרם חלבון במתיקות מעודנת תנובה 200 גרם,מיוצר עי קונדיטוריית,,מעדן סויה גו מועשר ב,גרמים,200.00,100 גרם,false,,5.70,0.0285,true,1,152937
7290110325312,false,יופלה GO סויה 20 גרם חלבון בטעם תות תנובה 200 גרם,"תנובה בע""\מ",,מעדן סויה גו מועשר ת,גרמים,200.00,100 גרם,false,,5.70,0.0285,true,1,152938
7290110325879,false,פתיתי גאודה תנובה 200 גרם,תנובה- השף הלבן,,פתיתי גאודה 200 גרם,גרמים,200.00,100 גרם,false,,16.90,0.0845,true,1,148810
7290110325893,false,משקה חלב GO מועשר בחלבון בטעם אייס קפה,מיוצר עי קונדיטוריית,,תנובה GO אייס קפה 34,מיליליטרים,340.00,"100 מ""ל",false,,7.70,0.0226,true,1,152947
7290110326234,false,יופלה און טופ כוכבים תנובה 157 גרם,מיוצר עי קונדיטוריית,,יופלה און טופ כוכבים,גרמים,157.00,100 גרם,false,,5.00,0.0318,true,1,148802
7290110326241,false,יופלה און טופ גרנולה תנובה 157 גרם,מיוצר עי קונדיטוריית,,יופלה און טופ גרנולה,גרמים,157.00,100 גרם,false,,5.00,0.0318,true,1,148803
7290110326333,false,פרוסות גבינה סקנדינבית תנובה 170 גרם,פ.פ.ח. שאביט,,פרוסות גבינה סקנדינב,גרמים,170.00,100 גרם,false,,19.90,0.1171,true,1,152136
7290110327033,false,משקה סויה תנובה גו מועשר בחלבון במתיקות מופחתת,מיוצר עי קונדיטוריית,,משקה סויה מועשר בחלב,מיליליטרים,1000.00,"100 מ""ל",false,,12.90,0.0129,true,1,152113
7290110327545,false,יופלה און טופ בטעם תות בתוספת פצפוצים מצופים שוקולד 157 גרם,מיוצר עי קונדיטוריית,,יוגורט יופלה און טופ,גרמים,157.00,100 גרם,false,,5.00,0.0318,true,1,157879
7290110328481,false,פתיתי פרמג'אנו רג'יאנו תנובה 100 גרם,ברטינלי גיאני א.,,פתיתי פרמג'יאנו רג'י,גרמים,100.00,100 גרם,false,,16.90,0.1690,true,1,153472
7290110328504,false,טריו - מיקס גבינות מוצרלה סקנדינבית וגאודה 300 גרם,מיוצר עי קונדיטוריית,,טריו פתיתים מוצרלה ס,גרמים,300.00,100 גרם,false,,25.90,0.0863,true,1,153473
7290110328627,false,יוגורט יופלה GO במרקם סמיך בטעם בננה קרמל 0%,מיוצר עי קונדיטוריית,,יוגורט גו סמיך בננה,גרמים,200.00,100 גרם,false,,5.90,0.0295,true,1,156027
7290110328764,false,יוגורט יופלה GO במרקם סמיך עם תות 0%,מיוצר עי קונדיטוריית,,יוגורט גו סמיך תות י,גרמים,200.00,100 גרם,false,,5.90,0.0295,true,1,156028
7290110328788,false,יוגורט יופלה GO במרקם סמיך בטעם אפרסק 0%,תנובה מרכז שיתופי לש,,יוגורט גו סמיך אפרסק,גרמים,200.00,100 גרם,false,,5.90,0.0295,true,1,156030
7290110329143,false,מעדן חלב מעושר בחלבון בטעם וניל גביע 120 ג' GO,תנובה מרכז שיתופי לש,,מעדן חלב גו בטעם וני,גרמים,120.00,100 גרם,false,,4.90,0.0408,true,1,156200
7290110329273,false,יוגורט תנובה מחלב עיזים מלא 750 גרם,תנובה,,יוגורט מחלב עיזים מל,גרמים,750.00,100 גרם,false,,19.90,0.0265,true,1,159107
7290110329426,false,טופו טבעי עם רוטב קרם קוקוס קארי פיקנטי 250 גרם,תנובה חלב,,טופו טבעי 250 גרם עם,גרמים,610.00,100 גרם,false,,13.90,0.0228,true,1,159236
7290110329433,false,טופו טבעי עם רוטב סצ'ואן אלטרנטיב 250 גרם,תנובה חלב,,טופו טבעי 250 גרם עם,גרמים,310.00,100 גרם,false,,13.90,0.0448,true,1,159237
7290110329686,false,"משקה חלב גו בטעם עוגיות 340 מ""ל",מיוצר עי קונדיטוריית,,משקה חלב גו בטעם עוג,מיליליטרים,340.00,"100 מ""ל",false,,7.90,0.0232,true,1,156203
7290110329716,false,משקה חלב קר בטעם קפוצ'ינו 230 גרם תנובה,תנובה מרכז שיתופי לש,,משקה קפה קר בטעם קפו,גרמים,230.00,100 גרם,false,,7.90,0.0343,true,1,158737
7290110329730,false,"משקה חלב עם שוקולד וקפה בסגנון לאטה 2.7%  230 מ""ל תנובה",תנובה מרכז שיתופי לש,,משקה חלב עם שוקולד ו,גרמים,230.00,100 גרם,false,,7.90,0.0343,true,1,158739
7290110329792,false,יוגורט סויה BIO Alternative אפרסק 150 ג' תנובה,מיוצר עי קונדיטוריית,,מעדן סויה ביו אפרסק,גרמים,150.00,100 גרם,false,,4.80,0.0320,true,1,156933
7290110329808,false,יוגורט סויה BIO Alternative תות 150 ג' תנובה,מיוצר עי קונדיטוריית,,מעדן סויה ביו תות אל,גרמים,150.00,100 גרם,false,,4.80,0.0320,true,1,156934
7290110329815,false,סויה BIO מתיקות מעודנת גביע 150 גרם אלטרנטיב,מיוצר עי קונדיטוריית,,מעדן סויה ביו מתיקות,גרמים,150.00,100 גרם,false,,4.80,0.0320,true,1,156932
7290110329822,false,יוגורט סויה BIO Alternative פירות יער 150 ג' תנובה,מיוצר עי קונדיטוריית,,מעדן סויה ביו פירות,גרמים,150.00,100 גרם,false,,4.80,0.0320,true,1,156931
7290110329846,false,יוגורט סויה BIO Alternative בטעם טבעי 150 ג' תנובה,מיוצר עי קונדיטוריית,,מעדן סויה ביו טבעי א,גרמים,150.00,100 גרם,false,,4.80,0.0320,true,1,156938
7290110472016,false,כבל מטאלי 2 מטר שחורTYPE C,Unknown,,כבל 2 מטר TYPE C,Unknown,1.00,יחידה,false,,29.90,29.9000,true,1,139987
7290110552237,false,יוגורט פרו בטעם אפרסק מנגו ללא סוכר 200 ג' דנונה,"שטראוס בריאות בע""\מ",,דנונה פרו 20 גרם ללא,גרמים,200.00,100 גרם,false,,5.90,0.0295,true,1,157123
7290110553029,false,"אנרג'י קריספס-פריכיות חומוס, עדשים ואפונה עם קייל וסלק","פרח תעשיו מזון בע""מ",,פריכיות חלבון קייל ח,גרמים,60.00,100 גרם,false,,9.90,0.1650,true,1,157436
7290110553135,false,נסקפה קפוצ'ינו סטיק וניל 130 ג' עלית,מוקטה אס.פי,,קפוצ'ינו סטיק וניל ע,גרמים,130.00,100 גרם,false,,13.90,0.1069,true,1,161007
7290110554118,false,נודלס מלזי חריף עם טופו וירקות ברוטב קארי ירוק,"טרופיקל דגיל בע""מ אז",,ארוחת נודלס מלזי חרי,גרמים,350.00,100 גרם,false,,26.90,0.0769,true,1,155926
7290110554460,false,ציטוס קראנץ צ'דר חלפיניו 65 ג' עלית,עלית,,ציטוס קראנץ צ'דר חלפ,גרמים,65.00,100 גרם,false,,3.50,0.0538,true,1,158918
7290110554583,false,מארז חטיפי צ'יטוס פאפס בטעם גבינה - 10 יחידות,"שטראוס פריטו ליי בע""\מ )",,מארז ציטוס פאפ גבינה,גרמים,200.00,100 גרם,false,,12.90,0.0645,true,1,156837
7290110555665,false,קקאו דל שומן עלית בקופסא 220 גרם,"ג'אלוסיס י. בע""\מ",,קקאו דל שומן קופסא ע,גרמים,220.00,100 גרם,false,,18.90,0.0859,true,1,161009
7290110556242,false,"שוקולד מריר פרווה 100 גר' בד""ץ תוצרת חוץ","שטראוס גרופ בע""מ.",,שוקולד מריר פרווה על,גרמים,100.00,100 גרם,false,,5.50,0.0550,true,1,160580
7290110557102,false,מעדן חלב עם שוקולד מועשר בחלבון 150 ג' שטראוס,מיוצר עי קונדיטוריית,,מעדן פרו חלב עם שוקו,גרמים,150.00,100 גרם,false,,4.90,0.0327,true,1,158447
7290110557133,false,מעדן הגולן וניל 125 ג' שטראוס,מיוצר עי קונדיטוריית,,מעדן הגולן וניל 125,גרמים,125.00,100 גרם,false,,2.90,0.0232,true,1,156007
7290110558314,false,דנונה פרו 20 גרם חלבון ללא סוכר פיסטוק 200 גרם,"שטראוס בריאות בע""\מ",,דנונה פרו ללא סוכר פ,גרמים,200.00,100 גרם,false,,5.90,0.0295,true,1,159852
7290110558338,false,דנונה פרו 25 ג' חלבון 200 ג' שטראוס,"שטראוס בריאות בע""\מ",,דנונה פרו 25 גרם חלב,גרמים,200.00,100 גרם,false,,5.90,0.0295,true,1,158550
7290110558666,false,מעדן גבינה בטעם תפוח 88 ג' דניאלה,"שטראוס בריאות בע""\מ",,דניאלה בטעם תפוח 88,גרמים,88.00,100 גרם,false,,4.10,0.0466,true,1,160928
7290110559007,false,"שועועית חומה טעם הטבע קופסה, 380 גרם",קונסרב איטליה,,שעועית חומה שטראוס ט,גרמים,380.00,100 גרם,false,,6.80,0.0179,true,1,159757
7290110559014,false,שעועית שחורה מבושלת טעם הטבע 380 גרם,קונסרב איטליה,,שעועית שחורה שטראוס,גרמים,380.00,100 גרם,false,,6.80,0.0179,true,1,159758
7290110559762,false,ריל מאגדת אגוזים תמרים קוקוס שטראוס 105 גרם,"ואמואליס פודס אס.איי,",,ריל מאגדת אגוזים תמר,גרמים,105.00,100 גרם,false,,15.90,0.1514,true,1,159051
7290110560317,false,"הפריכיות הטעימות חומוס, עדשים שחורות, קינואה ומלח ים","פרח תעשיו מזון בע""מ",,פריכיות משולשות מלח,גרמים,30.00,100 גרם,false,,4.90,0.1633,true,1,152173
7290110563431,false,"משקה קפה קר בסגנון קלאסי 230 מ""ל 1.6% יוטבתה",האי נאם סי או אל.טי.,,משקה קפה קר קלאסי 1.,מיליליטרים,230.00,"100 מ""ל",false,,7.90,0.0343,true,1,143198
7290110563462,false,חלב 2% דל לקטוז בבקבוק יטבתה 1 ליטר.,מחלבת יטבתה,,חלב בבקבוק נטול לקטו,מיליליטרים,1000.00,"100 מ""ל",false,,7.90,0.0079,true,1,143200
7290110564414,false,חומוס אחלה הסידרה המובחר 30% טחינה 600 גר',מיוצר עי קונדיטוריית,,חומוס עשיר 30% טחינה,גרמים,600.00,100 גרם,false,,14.90,0.0248,true,1,141631
7290110564742,false,"משקה קפה קר בסגנון חזק 230 מ""ל 1.2% יוטבתה",האי נאם סי או אל.טי.,,משקה קפה קר בסגנון ח,מיליליטרים,230.00,"100 מ""ל",false,,7.90,0.0343,true,1,143202
7290110565435,false,"לימבו ג'לי פטל 125 גרם חלבי ""שטראוס""","שטראוס גרופ בע""\מ",,לימבו פטל קו חלבי 12,גרמים,125.00,100 גרם,false,,2.00,0.0160,true,1,141636
7290110565527,false,יוגורט PRO פרו 1.5% 20 גרם חלבון בגביע,"שטראוס בריאות בע""מ",,יוגורט פרו 20 גרם חל,גרמים,200.00,100 גרם,false,,5.90,0.0295,true,1,140251
7290110566975,false,דנונה פרו יוגורט 0% תות עשיר בחלבון 200ג',"שטראוס בריאות בע""\מ",,יוגורט דנונה פרו 20,גרמים,200.00,100 גרם,false,,5.90,0.0295,true,1,141640
7290110571405,false,עלית - מיני פינוקיות בגביע פסק זמן 180 גרם,הגביע,,מיני פינוקיות בגביע,גרמים,180.00,100 גרם,false,,10.90,0.0606,true,1,161012
7290110572976,false,כיף כף גביע פצפוצים קרם לבן 135 גרם,שולן צ'יקולטה גידה ס,,כיף כף פצפצים קרם לב,גרמים,135.00,100 גרם,false,,10.60,0.0785,true,1,159762
7290110576318,false,מאגדת שלישיית שוקולד אגוז לבן 300 ג' עלית,שטראוס,,שוקולד אגוז לבן עלית,גרמים,300.00,100 גרם,false,,24.90,0.0830,true,1,160571
7290110576370,false,מארז שלישייה שוקולד מריר חלבי עם אגוזי לוז,שטראוס,,שוקולד אגוז מריר עלי,גרמים,300.00,100 גרם,false,,24.90,0.0830,true,1,160572
7290110576752,false,טבלאות שוקולד ספלנדיד מריר 70% 100 ג' עלית,קימ'\ס גריפלנן,,שוקולד ספלנדיד מריר,גרמים,100.00,100 גרם,false,,10.90,0.1090,true,1,161018
7290110576776,false,טבלאות שוקולד ספלנדיד מריר 85% 100 ג' עלית,קימ'\ס גריפלנן,,שוקולד ספלנדיד מריר,גרמים,100.00,100 גרם,false,,10.90,0.1090,true,1,161019
7290110576868,false,רבעיית גמדים סלט פירוט * 100 ג' שטראוס,"שטראוס בריאות בע""\מ",,גמדים רביעיית סלט פי,מיליליטרים,400.00,"100 מ""ל",false,,11.40,0.0285,true,1,160932
7290110577230,false,משקה חלב בטעם פיסטוק בבקבוק יטבתה 1 ליטר,שטראוס גרופ,,משקה חלב בטעם פיסטוק,מיליליטרים,1000.00,"100 מ""ל",false,,11.90,0.0119,true,1,160933
7290110577247,false,"יטבתה משקה חלב-פיסטוק בבקבוק 350 מ""ל",מחלבת יטבתה,,משקה חלב בטעם פיסטוק,מיליליטרים,350.00,"100 מ""ל",false,,6.20,0.0177,true,1,160934
7290110631352,true,זוג רעשנים,,,זוג רעשנים,,0.00,,false,,0.00,0.0000,true,1,139607
7290110633004,true,קרטון לחמניות ריקות,,,קרטון לחמניות ריקות,,0.00,,false,,2999.00,0.0000,true,1,135787
7290110633011,true,סושי 03 הוסומאקי צמח,,,סושי 03 הוסומאקי צמח,,0.00,,false,,13.00,0.0000,true,1,135795
7290110633028,true,סושי 03 הוסומאקי דגי,,,סושי 03 הוסומאקי דגי,,0.00,,false,,14.00,0.0000,true,1,135796
7290110633035,true,סושי 03 הוסומאקי צמח,,,סושי 03 הוסומאקי צמח,,0.00,,false,,13.00,0.0000,true,1,135797
7290110633042,true,סושי 03 הוסומאקי דגי,,,סושי 03 הוסומאקי דגי,,0.00,,false,,15.00,0.0000,true,1,135798
7290110633059,true,סלט פסטה Cff,,,סלט פסטה Cff,,0.00,,false,,6.00,0.0000,true,1,135808
7290110633066,true,קרואסון חמאה,,,קרואסון חמאה,,0.00,,false,,6.00,0.0000,true,1,135812
7290110633073,true,קרואסון שוקולד,,,קרואסון שוקולד,,0.00,,false,,6.00,0.0000,true,1,135813
7290110633080,true,רול צימוקים,,,רול צימוקים,,0.00,,false,,6.00,0.0000,true,1,135814
7290110633097,true,אוזן הפיל,,,אוזן הפיל,,0.00,,false,,6.00,0.0000,true,1,135815
7290110633103,true,רשת תפוחי עץ,,,רשת תפוחי עץ,,0.00,,false,,6.00,0.0000,true,1,135816
7290110633127,true,עוגת גבינה פירורים,,,עוגת גבינה פירורים,,0.00,,false,,5.00,0.0000,true,1,135822
7290110633141,true,סופלה שוקולד,,,סופלה שוקולד,,0.00,,false,,5.00,0.0000,true,1,135825
7290110633165,true,לחמניית חביתה Cff,,,לחמניית חביתה Cff,,0.00,,false,,6.00,0.0000,true,1,135837
7290110633219,true,סושי מסיבה 64 יחידות,,,סושי מסיבה 64 יחידות,,0.00,,false,,149.00,0.0000,true,1,135855
7290110633233,true,ניוקי גרם,,,ניוקי גרם,,0.00,,false,,0.00,0.0000,true,1,135878
7290110633240,true,קופיקס-ארגז רטבים 6,,,קופיקס-ארגז רטבים 6,,0.00,,false,,2999.90,0.0000,true,1,135888
7290110633271,true,"מפעל-אורגנו יבש 1 ק""",,,"מפעל-אורגנו יבש 1 ק""",,0.00,,false,,2999.90,0.0000,true,1,135905
7290110633288,true,מפעל-אגוז מלך קליפור,,,מפעל-אגוז מלך קליפור,,0.00,,false,,2999.90,0.0000,true,1,135906
7290110633295,true,מפעל -אגוז מלך שבורי,,,מפעל -אגוז מלך שבורי,,0.00,,false,,2999.90,0.0000,true,1,135907
7290110633301,true,מפעל-גרעיני חמניה מק,,,מפעל-גרעיני חמניה מק,,0.00,,false,,2999.90,0.0000,true,1,135908
7290110633318,true,מפעל-פפריקה מתוקה עם,,,מפעל-פפריקה מתוקה עם,,0.00,,false,,2999.90,0.0000,true,1,135909
7290110633325,true,מיץ אגס תפוח טבעי25,,,מיץ אגס תפוח טבעי25,,0.00,,false,,6.00,0.0000,true,1,135922
7290110633356,true,בראוניז כשלפ,,,בראוניז כשלפ,,0.00,,false,,6.00,0.0000,true,1,135926
7290110633363,true,סופלה שוקולד כשלפ,,,סופלה שוקולד כשלפ,,0.00,,false,,6.00,0.0000,true,1,135927
7290110633400,true,לחמניית טונה כשלפ,,,לחמניית טונה כשלפ,,0.00,,false,,6.00,0.0000,true,1,135934
7290110633417,true,לחמניית סביח כשלפ,,,לחמניית סביח כשלפ,,0.00,,false,,6.00,0.0000,true,1,135935
7290110633424,true,ארגז לחמניות כשלפ מי,,,ארגז לחמניות כשלפ מי,,0.00,,false,,2999.00,0.0000,true,1,135936
7290110633431,true,חצאי אפרסק 425 גרם,,,חצאי אפרסק 425 גרם,,0.00,,false,,2.90,0.0000,true,1,136818
7290110633448,true,טארט גבינה כשלפ,,,טארט גבינה כשלפ,,0.00,,false,,6.00,0.0000,true,1,135985
7290110633486,true,מוזלי כשלפ,,,מוזלי כשלפ,,0.00,,false,,6.00,0.0000,true,1,135991
7290110633509,true,פירות קפואים תות פסי,,,פירות קפואים תות פסי,,0.00,,false,,0.00,0.0000,true,1,135997
7290110633516,true,פירות קפואים אננס מנ,,,פירות קפואים אננס מנ,,0.00,,false,,0.00,0.0000,true,1,135998
7290110633523,true,פחזנית מילוי בטעם שמ,,,פחזנית מילוי בטעם שמ,,0.00,,false,,5.00,0.0000,true,1,135999
7290110633530,true,סושי 03 אינסיידאאוט,,,סושי 03 אינסיידאאוט,,0.00,,false,,13.00,0.0000,true,1,136065
7290110633547,true,סושי 03 אינסיידאאוט,,,סושי 03 אינסיידאאוט,,0.00,,false,,14.00,0.0000,true,1,136066
7290110633554,true,סושי 03 אינסיידאאוט,,,סושי 03 אינסיידאאוט,,0.00,,false,,13.00,0.0000,true,1,136067
7290110633561,true,סושי 03 אינסיידאאוט,,,סושי 03 אינסיידאאוט,,0.00,,false,,14.00,0.0000,true,1,136068
7290110633622,true,מעטפת 100 פלאיירים פ,,,מעטפת 100 פלאיירים פ,,0.00,,false,,2999.90,0.0000,true,1,136133
7290110633639,true,מעטפת 100 פלאיירים פ,,,מעטפת 100 פלאיירים פ,,0.00,,false,,2999.90,0.0000,true,1,136134
7290110633653,true,פאן שוקולד,,,פאן שוקולד,,0.00,,false,,6.00,0.0000,true,1,136942
7290110633677,true,קרואסון גבינה פילסבר,,,קרואסון גבינה פילסבר,,0.00,,false,,6.00,0.0000,true,1,136944
7290110633714,true,מאפה יווני תרד אלפרד,,,מאפה יווני תרד אלפרד,,0.00,,false,,6.00,0.0000,true,1,136947
7290110633721,true,מאפה יווני פיצה זיתי,,,מאפה יווני פיצה זיתי,,0.00,,false,,6.00,0.0000,true,1,136948
7290110633738,true,מאפה תרד עם גבינה,,,מאפה תרד עם גבינה,,0.00,,false,,6.00,0.0000,true,1,136167
7290110633851,true,נודלס עם ירקות,,,נודלס עם ירקות,,0.00,,false,,6.00,0.0000,true,1,136201
7290110633875,true,פאי פיצוחים,,,פאי פיצוחים,,0.00,,false,,6.00,0.0000,true,1,136248
7290110633882,true,סושי אישי צמחוני 10,,,סושי אישי צמחוני 10,,0.00,,false,,0.00,0.0000,true,1,136250
7290110633899,true,סושי אישי דגים 10 יח,,,סושי אישי דגים 10 יח,,0.00,,false,,0.00,0.0000,true,1,136251
7290110633905,true,תות קפוא 10 קילו,,,תות קפוא 10 קילו,,0.00,,false,,0.00,0.0000,true,1,136259
7290110633912,true,אננס קפוא 10 קילו,,,אננס קפוא 10 קילו,,0.00,,false,,0.00,0.0000,true,1,136260
7290110633929,true,מלון קפוא 10 קילו,,,מלון קפוא 10 קילו,,0.00,,false,,0.00,0.0000,true,1,136261
7290110633936,true,אפרסק קפוא 10 קילו,,,אפרסק קפוא 10 קילו,,0.00,,false,,0.00,0.0000,true,1,136262
7290110633943,true,מאפה קינמון פילסברי,,,מאפה קינמון פילסברי,,0.00,,false,,6.00,0.0000,true,1,136264
7290110634001,true,סלט ירקות וגבינה בול,,,סלט ירקות וגבינה בול,,0.00,,false,,12.00,0.0000,true,1,136271
7290110634018,true,סלט בורגול גדול 330,,,סלט בורגול גדול 330,,0.00,,false,,12.00,0.0000,true,1,136272
7290110634025,true,סלט פסטה גדול 330 גר,,,סלט פסטה גדול 330 גר,,0.00,,false,,12.00,0.0000,true,1,136273
7290110634032,true,קוץ לקיר תליה,,,קוץ לקיר תליה,,0.00,,false,,0.00,0.0000,true,1,136276
7290110634049,true,לחמניית שומשום סלט ב,,,לחמניית שומשום סלט ב,,0.00,,false,,10.00,0.0000,true,1,136274
7290110634056,true,לחמניית מיקס גבינות,,,לחמניית מיקס גבינות,,0.00,,false,,5.00,0.0000,true,1,136280
7290110634063,true,סלט בורגול וחמוציות,,,סלט בורגול וחמוציות,,0.00,,false,,12.00,0.0000,true,1,136302
7290110634070,true,סלט עדשים 500 גרםcf,,,סלט עדשים 500 גרםcf,,0.00,,false,,12.00,0.0000,true,1,136303
7290110634087,true,cffסלט ירקות עם גבי,,,cffסלט ירקות עם גבי,,0.00,,false,,0.00,0.0000,true,1,136304
7290110634094,true,סושי 05 הוסומאקי צמח,,,סושי 05 הוסומאקי צמח,,0.00,,false,,14.00,0.0000,true,1,136309
7290110634100,true,סושי 03 הוסומאקי צמח,,,סושי 03 הוסומאקי צמח,,0.00,,false,,13.00,0.0000,true,1,136310
7290110634117,true,סושי 05 אינסיידאאוט,,,סושי 05 אינסיידאאוט,,0.00,,false,,14.00,0.0000,true,1,136311
7290110634124,true,סושי 03 אינסיידאאוט,,,סושי 03 אינסיידאאוט,,0.00,,false,,15.00,0.0000,true,1,136312
7290110634131,true,לחמניית ביצה קשה איו,,,לחמניית ביצה קשה איו,,0.00,,false,,6.00,0.0000,true,1,136313
7290110634148,true,לחמניית שומשום ביצה,,,לחמניית שומשום ביצה,,0.00,,false,,10.00,0.0000,true,1,136314
7290110634155,true,לחמניית חביתה איולי,,,לחמניית חביתה איולי,,0.00,,false,,6.00,0.0000,true,1,136315
7290110634162,true,דובדבנים,,,דובדבנים,,0.00,,false,,10.00,0.0000,true,1,136316
7290110634179,true,פרסבורגר גבינה,,,פרסבורגר גבינה,,0.00,,false,,6.00,0.0000,true,1,136318
7290110634186,true,פלאן פירות יער,,,פלאן פירות יער,,0.00,,false,,6.00,0.0000,true,1,136319
7290110634209,true,לחמנית ביס ביציםcff,,,לחמנית ביס ביציםcff,,0.00,,false,,0.00,0.0000,true,1,136343
7290110634216,true,לחמנית ביס אבוקדוcf,,,לחמנית ביס אבוקדוcf,,0.00,,false,,0.00,0.0000,true,1,136344
7290110634223,true,לחמנית ביס סביח cff,,,לחמנית ביס סביח cff,,0.00,,false,,0.00,0.0000,true,1,136345
7290110634230,true,לחמנית ביס חביתהcff,,,לחמנית ביס חביתהcff,,0.00,,false,,0.00,0.0000,true,1,136346
7290110634247,true,לחמנית ביס טונה פיקנ,,,לחמנית ביס טונה פיקנ,,0.00,,false,,0.00,0.0000,true,1,136347
7290110634254,true,כריך אבוקדו cff,,,כריך אבוקדו cff,,0.00,,false,,0.00,0.0000,true,1,136350
7290110634278,true,ארגז מיקס סושי 8 צמח,,,ארגז מיקס סושי 8 צמח,,0.00,,false,,2999.00,0.0000,true,1,136363
7290110634292,true,"צנצנת אקרילי 680 מ""ל",,,"צנצנת אקרילי 680 מ""ל",,0.00,,false,,2999.90,0.0000,true,1,136378
7290110634308,true,עוגת שמרים קינמון וצ,,,עוגת שמרים קינמון וצ,,0.00,,false,,5.00,0.0000,true,1,136403
7290110634322,true,כדור בטעם שוקולד קוק,,,כדור בטעם שוקולד קוק,,0.00,,false,,6.00,0.0000,true,1,136412
7290110634339,true,כדור בטעם שוקולד סוכ,,,כדור בטעם שוקולד סוכ,,0.00,,false,,5.00,0.0000,true,1,136413
7290110634346,true,כדור בטעם שוקולד עם,,,כדור בטעם שוקולד עם,,0.00,,false,,5.00,0.0000,true,1,136414
7290110634353,true,לחמניית שומשום קמח מ,,,לחמניית שומשום קמח מ,,0.00,,false,,10.00,0.0000,true,1,136418
7290110634377,true,פרנה שקשוקה Cff,,,פרנה שקשוקה Cff,,0.00,,false,,6.00,0.0000,true,1,136425
7290110634391,true,פרנה פלאפל Cff,,,פרנה פלאפל Cff,,0.00,,false,,5.00,0.0000,true,1,136434
7290110634407,true,"לחמנייה 100 גרם גבנ""",,,"לחמנייה 100 גרם גבנ""",,0.00,,false,,0.00,0.0000,true,1,136473
7290110634414,true,לחמנייה 100 גרם חבית,,,לחמנייה 100 גרם חבית,,0.00,,false,,0.00,0.0000,true,1,136474
7290110634421,true,לחמנייה 100 גרם אבוק,,,לחמנייה 100 גרם אבוק,,0.00,,false,,0.00,0.0000,true,1,136475
7290110634438,true,לחמנייה 100 גרם טונה,,,לחמנייה 100 גרם טונה,,0.00,,false,,0.00,0.0000,true,1,136476
7290110634445,true,לחמנייה 100 גרם ביצה,,,לחמנייה 100 גרם ביצה,,0.00,,false,,0.00,0.0000,true,1,136477
7290110634452,true,לחמנייה 100 גרם שוקו,,,לחמנייה 100 גרם שוקו,,0.00,,false,,0.00,0.0000,true,1,136478
7290110634469,true,לחמנייה 100 גרם ללא,,,לחמנייה 100 גרם ללא,,0.00,,false,,0.00,0.0000,true,1,136479
7290110634476,true,לחמנייה ללא גלוטן לל,,,לחמנייה ללא גלוטן לל,,0.00,,false,,0.00,0.0000,true,1,136480
7290110634490,true,רבע באגט קמח מלא עם,,,רבע באגט קמח מלא עם,,0.00,,false,,6.00,0.0000,true,1,136526
7290110634506,true,כריך מרובע טונה Cff,,,כריך מרובע טונה Cff,,0.00,,false,,6.00,0.0000,true,1,136527
7290110634513,true,באגט ארוך סלט טונהc,,,באגט ארוך סלט טונהc,,0.00,,false,,12.00,0.0000,true,1,136547
7290110634520,true,באגט ארוך סלט טונה פ,,,באגט ארוך סלט טונה פ,,0.00,,false,,12.00,0.0000,true,1,136548
7290110634537,true,באגט ארוך סביח cff,,,באגט ארוך סביח cff,,0.00,,false,,12.00,0.0000,true,1,136549
7290110634544,true,באגט ארוך אבוקדוcff,,,באגט ארוך אבוקדוcff,,0.00,,false,,12.00,0.0000,true,1,136550
7290110634551,true,"באגט ארוך גבנ""ץ איול",,,"באגט ארוך גבנ""ץ איול",,0.00,,false,,12.00,0.0000,true,1,136551
7290110634568,true,באגט ארוך סלט ביצים,,,באגט ארוך סלט ביצים,,0.00,,false,,12.00,0.0000,true,1,136552
7290110634575,true,באגט ארוך חביתה fds,,,באגט ארוך חביתה cff,,0.00,,false,,12.00,0.0000,true,1,136553
7290110634582,true,לחמנית דגנים סלט טונ,,,לחמנית דגנים סלט טונ,,0.00,,false,,11.00,0.0000,true,1,136554
7290110634599,true,לחמנית דגנים סלט טונ,,,לחמנית דגנים סלט טונ,,0.00,,false,,11.00,0.0000,true,1,136555
7290110634605,true,לחמנית דגנים אבודקו,,,לחמנית דגנים אבודקו,,0.00,,false,,11.00,0.0000,true,1,136556
7290110634612,true,לחמנית דגנים סביחfd,,,לחמנית דגנים סביחfd,,0.00,,false,,11.00,0.0000,true,1,136557
7290110634629,true,לחמנית דגנים ביציםf,,,לחמנית דגנים ביציםf,,0.00,,false,,11.00,0.0000,true,1,136558
7290110634636,true,"לחמנית דגנים גבנ""צ א",,,"לחמנית דגנים גבנ""צ א",,0.00,,false,,11.00,0.0000,true,1,136559
7290110634643,true,לחמנית דגנים חביתהf,,,לחמנית דגנים חביתהf,,0.00,,false,,11.00,0.0000,true,1,136560
7290110634650,true,"ג""בטה שחור סלט טונה",,,"ג""בטה שחור סלט טונה",,0.00,,false,,11.00,0.0000,true,1,136561
7290110634667,true,"ג""בטה שחור סלט טונה",,,"ג""בטה שחור סלט טונה",,0.00,,false,,13.00,0.0000,true,1,136562
7290110634674,true,"ג""בטה שחור סלט סביח",,,"ג""בטה שחור סלט סביח",,0.00,,false,,13.00,0.0000,true,1,136563
7290110634681,true,"ג""בטה שחור סלט אבוקד",,,"ג""בטה שחור סלט אבוקד",,0.00,,false,,13.00,0.0000,true,1,136564
7290110634698,true,"ג""בטה שחור סלט גבנ""צ",,,"ג""בטה שחור סלט גבנ""צ",,0.00,,false,,13.00,0.0000,true,1,136565
7290110634704,true,"ג""בטה שחור סלט סלט ב",,,"ג""בטה שחור סלט סלט ב",,0.00,,false,,13.00,0.0000,true,1,136566
7290110634711,true,"ג""בטה שחור סלט חביתה",,,"ג""בטה שחור סלט חביתה",,0.00,,false,,13.00,0.0000,true,1,136567
7290110634735,true,לחמנית שמיניה cff גב,,,לחמנית שמיניה cff גב,,0.00,,false,,0.00,0.0000,true,1,136586
7290110634742,true,לחמנית שומשום cff גב,,,לחמנית שומשום cff גב,,0.00,,false,,0.00,0.0000,true,1,136587
7290110634827,true,עוגיה אישית גרנולה,,,עוגיה אישית גרנולה,,0.00,,false,,5.00,0.0000,true,1,136595
7290110634865,true,סופרקופיקס סושי גדול,,,סופרקופיקס סושי גדול,,0.00,,false,,2999.00,0.0000,true,1,136636
7290110634872,true,עוגיות ארוזות בייגלה,,,עוגיות ארוזות בייגלה,,0.00,,false,,5.00,0.0000,true,1,136648
7290110634889,true,עוגיות ארוזות בייגלה,,,עוגיות ארוזות בייגלה,,0.00,,false,,5.00,0.0000,true,1,136649
7290110634896,true,עוגת דבש 250 גרם,,,עוגת דבש 250 גרם,,0.00,,false,,5.00,0.0000,true,1,136659
7290110634902,true,עוגת דבש תפוח 250 גר,,,עוגת דבש תפוח 250 גר,,0.00,,false,,5.00,0.0000,true,1,136660
7290110634919,true,בייגל טוסט ג.צהובהc,,,בייגל טוסט ג.צהובהc,,0.00,,false,,6.00,0.0000,true,1,136678
7290110634926,true,בייגל טוסט פסטו fds,,,בייגל טוסט פסטו cff,,0.00,,false,,6.00,0.0000,true,1,136679
7290110634933,true,לחמנית מיני שימנייה,,,לחמנית מיני שימנייה,,0.00,,false,,6.00,0.0000,true,1,136696
7290110634940,true,לחמנית מיני שימנייה,,,לחמנית מיני שימנייה,,0.00,,false,,6.00,0.0000,true,1,136697
7290110634957,true,לחמנית מיני שימנייה,,,לחמנית מיני שימנייה,,0.00,,false,,6.00,0.0000,true,1,136698
7290110634964,true,לחמנית מיני שימנייה,,,לחמנית מיני שימנייה,,0.00,,false,,6.00,0.0000,true,1,136699
7290110634971,true,לחמנית מיני שימנייה,,,לחמנית מיני שימנייה,,0.00,,false,,6.00,0.0000,true,1,136700
7290110634988,true,לחמנית מיני שימנייה,,,לחמנית מיני שימנייה,,0.00,,false,,6.00,0.0000,true,1,136701
7290110634995,true,לחמנית מיני שימנייה,,,לחמנית מיני שימנייה,,0.00,,false,,6.00,0.0000,true,1,136702
7290110635008,true,לחמנית מיני עגולה סל,,,לחמנית מיני עגולה סל,,0.00,,false,,6.00,0.0000,true,1,136703
7290110635015,true,לחמנית מיני עגולה סב,,,לחמנית מיני עגולה סב,,0.00,,false,,6.00,0.0000,true,1,136704
7290110635022,true,לחמנית מיני עגולה סל,,,לחמנית מיני עגולה סל,,0.00,,false,,6.00,0.0000,true,1,136705
7290110635039,true,לחמנית מיני עגולה סל,,,לחמנית מיני עגולה סל,,0.00,,false,,6.00,0.0000,true,1,136706
7290110635046,true,לחמנית מיני עגולה סל,,,לחמנית מיני עגולה סל,,0.00,,false,,6.00,0.0000,true,1,136707
7290110635053,true,לחמנית מיני עגולה גב,,,לחמנית מיני עגולה גב,,0.00,,false,,6.00,0.0000,true,1,136708
7290110635060,true,לחמנית מיני עגולה סל,,,לחמנית מיני עגולה סל,,0.00,,false,,6.00,0.0000,true,1,136709
7290110635077,true,לחמנית מיני 4 עונות,,,לחמנית מיני 4 עונות,,0.00,,false,,7.00,0.0000,true,1,136710
7290110635084,true,לחמנית מיני 4 עונות,,,לחמנית מיני 4 עונות,,0.00,,false,,7.00,0.0000,true,1,136711
7290110635091,true,לחמנית מיני 4 עונות,,,לחמנית מיני 4 עונות,,0.00,,false,,7.00,0.0000,true,1,136712
7290110635107,true,לחמנית מיני 4 עונות,,,לחמנית מיני 4 עונות,,0.00,,false,,7.00,0.0000,true,1,136713
7290110635114,true,לחמנית מיני 4 עונות,,,לחמנית מיני 4 עונות,,0.00,,false,,7.00,0.0000,true,1,136714
7290110635121,true,לחמנית מיני 4 עונות,,,לחמנית מיני 4 עונות,,0.00,,false,,7.00,0.0000,true,1,136715
7290110635138,true,לחמנית מיני 4 עונות,,,לחמנית מיני 4 עונות,,0.00,,false,,7.00,0.0000,true,1,136716
7290110635145,true,לחמנית מיני שמיניה ח,,,לחמנית מיני שמיניה ח,,0.00,,false,,6.00,0.0000,true,1,136717
7290110635152,true,לחמנית מיני שמיניה ח,,,לחמנית מיני שמיניה ח,,0.00,,false,,6.00,0.0000,true,1,136718
7290110635169,true,לחמנית מיני שמיניה ח,,,לחמנית מיני שמיניה ח,,0.00,,false,,6.00,0.0000,true,1,136719
7290110635176,true,לחמנית מיני שמיניה ח,,,לחמנית מיני שמיניה ח,,0.00,,false,,6.00,0.0000,true,1,136720
7290110635183,true,לחמנית מיני שמיניה ח,,,לחמנית מיני שמיניה ח,,0.00,,false,,6.00,0.0000,true,1,136721
7290110635190,true,לחמנית מיני שמיניה ח,,,לחמנית מיני שמיניה ח,,0.00,,false,,6.00,0.0000,true,1,136722
7290110635206,true,לחמנית מיני שמיניה ח,,,לחמנית מיני שמיניה ח,,0.00,,false,,6.00,0.0000,true,1,136723
7290110635213,true,לחמנית מיני קוראסון,,,לחמנית מיני קוראסון,,0.00,,false,,7.00,0.0000,true,1,136724
7290110635220,true,לחמנית מיני קוראסון,,,לחמנית מיני קוראסון,,0.00,,false,,7.00,0.0000,true,1,136725
7290110635237,true,לחמנית מיני קוראסוןס,,,לחמנית מיני קוראסוןס,,0.00,,false,,7.00,0.0000,true,1,136726
7290110635244,true,לחמנית מיני קוראסון,,,לחמנית מיני קוראסון,,0.00,,false,,7.00,0.0000,true,1,136727
7290110635251,true,לחמנית מיני קוראסון,,,לחמנית מיני קוראסון,,0.00,,false,,7.00,0.0000,true,1,136728
7290110635268,true,לחמנית מיני קוראסון,,,לחמנית מיני קוראסון,,0.00,,false,,7.00,0.0000,true,1,136729
7290110635275,true,לחמנית מיני קוראסון,,,לחמנית מיני קוראסון,,0.00,,false,,7.00,0.0000,true,1,136730
7290110635282,true,לחמנית מיני שימנייה,,,לחמנית מיני שימנייה,,0.00,,false,,0.00,0.0000,true,1,136731
7290110635299,true,לחמנית מיני עגולה חו,,,לחמנית מיני עגולה חו,,0.00,,false,,0.00,0.0000,true,1,136732
7290110635305,true,לחמנית מיני 4 עונות,,,לחמנית מיני 4 עונות,,0.00,,false,,0.00,0.0000,true,1,136733
7290110635312,true,לחמניית מיני שמיניה,,,לחמניית מיני שמיניה,,0.00,,false,,0.00,0.0000,true,1,136734
7290110635329,true,לחמניית מיני קוראסון,,,לחמניית מיני קוראסון,,0.00,,false,,0.00,0.0000,true,1,136735
7290110635336,true,עוגת שיש שוקולד *,,,עוגת שיש שוקולד,,0.00,,false,,5.00,0.0000,true,1,136745
7290110635343,true,דוגמאות מאפה רוחלה,,,דוגמאות מאפה רוחלה,,0.00,,false,,0.00,0.0000,true,1,136755
7290110635350,true,באגט שקשוקה cff,,,באגט שקשוקה cff,,0.00,,false,,10.00,0.0000,true,1,136756
7290110635367,true,לחמניית שקשוקה cff,,,לחמניית שקשוקה cff,,0.00,,false,,10.00,0.0000,true,1,136759
7290110635374,true,בסיס לפסטה מוכן לאכי,,,בסיס לפסטה מוכן לאכי,,0.00,,false,,0.00,0.0000,true,1,136761
7290110635381,true,דוגמאות מאפה אנטקובי,,,דוגמאות מאפה אנטקובי,,0.00,,false,,0.00,0.0000,true,1,136774
7290110635398,true,לחמניית שומשום טונה,,,לחמניית שומשום טונה,,0.00,,false,,0.00,0.0000,true,1,136775
7290110635404,true,לחמניית שומשום אבוקד,,,לחמניית שומשום אבוקד,,0.00,,false,,0.00,0.0000,true,1,136776
7290110635411,true,מגש כריכי מיני שמיני,,,מגש כריכי מיני שמיני,,0.00,,false,,47.00,0.0000,true,1,136780
7290110635428,true,מגש כריכי מיני עגול,,,מגש כריכי מיני עגול,,0.00,,false,,52.00,0.0000,true,1,136781
7290110635435,true,מגש ריק כריכי מיני ע,,,מגש ריק כריכי מיני ע,,0.00,,false,,0.00,0.0000,true,1,136782
7290110635442,true,מגש ריק כריכי מיני ק,,,מגש ריק כריכי מיני ק,,0.00,,false,,0.00,0.0000,true,1,136783
7290110635459,true,לחמניית שומשום ג.צהו,,,לחמניית שומשום ג.צהו,,0.00,,false,,0.00,0.0000,true,1,136784
7290110635466,true,פסטה פוזילי רוזהcff,,,פסטה פוזילי רוזהcff,,0.00,,false,,6.00,0.0000,true,1,136787
7290110635473,true,תות-בננה פירות קפואי,,,תות-בננה פירות קפואי,,0.00,,false,,0.00,0.0000,true,1,136788
7290110635480,true,מנגו-אננס פירות קפוא,,,מנגו-אננס פירות קפוא,,0.00,,false,,0.00,0.0000,true,1,136789
7290110635497,true,בננה-תמר-מלון פירות,,,בננה-תמר-מלון פירות,,0.00,,false,,0.00,0.0000,true,1,136790
7290110635503,true,תבשיל חומוס כפרי,,,תבשיל חומוס כפרי,,0.00,,false,,6.00,0.0000,true,1,136791
7290110635510,true,"דוגמאות מאפה אנג""ל",,,"דוגמאות מאפה אנג""ל",,0.00,,false,,0.00,0.0000,true,1,136797
7290110635527,true,"גרעיני תירס 3 ק""ג עד",,,"גרעיני תירס 3 ק""ג עד",,0.00,,false,,0.00,0.0000,true,1,136804
7290110638078,true,לחמניית שמינייה חבית,,,לחמניית שמינייה חבית,,0.00,,false,,10.00,0.0000,true,1,136834
7290110638085,true,לחמניית שמינייה סלט,,,לחמניית שמינייה סלט,,0.00,,false,,10.00,0.0000,true,1,136835
7290110638092,true,לחמניית שמינייה סלט,,,לחמניית שמינייה סלט,,0.00,,false,,10.00,0.0000,true,1,136836
7290110638108,true,לחמניית שמינייה סלט,,,לחמניית שמינייה סלט,,0.00,,false,,10.00,0.0000,true,1,136837
7290110638115,true,לחמניית שמינייה סביח,,,לחמניית שמינייה סביח,,0.00,,false,,10.00,0.0000,true,1,136838
7290110638122,true,לחמניית שמינייה גבנצ,,,לחמניית שמינייה גבנצ,,0.00,,false,,10.00,0.0000,true,1,136839
7290110638139,true,לחמניית שמינייה סלט,,,לחמניית שמינייה סלט,,0.00,,false,,10.00,0.0000,true,1,136840
7290110638153,true,בגטינה פרעצל סלט ביצ,,,בגטינה פרעצל סלט ביצ,,0.00,,false,,6.00,0.0000,true,1,136858
7290110638160,true,מארז עוגיות דובשניות,,,מארז עוגיות דובשניות,,0.00,,false,,6.00,0.0000,true,1,136871
7290110638177,true,מארז עוגיות כתר סוכר,,,מארז עוגיות כתר סוכר,,0.00,,false,,5.00,0.0000,true,1,136872
7290110638191,true,מארז עוגיות מעמול שו,,,מארז עוגיות מעמול שו,,0.00,,false,,5.00,0.0000,true,1,136874
7290110638207,true,קופיקס- שש שישיות שו,,,קופיקס- שש שישיות שו,,0.00,,false,,2999.90,0.0000,true,1,136877
7290110638221,true,שקית הולוגרמה חזית ש,,,שקית הולוגרמה חזית ש,,0.00,,false,,2999.90,0.0000,true,1,136884
7290110638238,true,מדבקות אימרות שונות,,,מדבקות אימרות שונות,,0.00,,false,,2999.90,0.0000,true,1,136885
7290110638405,true,ליאו בק-שניצל עוף,,,ליאו בק-שניצל עוף,,0.00,,false,,19.00,0.0000,true,1,136903
7290110638535,true,מגש מיני קוראסון 20,,,מגש מיני קוראסון 20,,0.00,,false,,62.40,0.0000,true,1,136932
7290110638542,true,מאפה שוקולד לבן ואספ,,,מאפה שוקולד לבן ואספ,,0.00,,false,,5.00,0.0000,true,1,136973
7290110638566,true,קרואסון מיני מיקס,,,קרואסון מיני מיקס,,0.00,,false,,6.00,0.0000,true,1,136938
7290110638573,true,מפעל-לחמנית הוגי ארו,,,מפעל-לחמנית הוגי ארו,,0.00,,false,,2999.90,0.0000,true,1,136950
7290110638580,true,סושי מסיבה 100 יחידו,,,סושי מסיבה 100 יחידו,,0.00,,false,,0.00,0.0000,true,1,136951
7290110638658,true,טופינג בטעמים שונים,,,טופינג בטעמים שונים,,0.00,,false,,2999.90,0.0000,true,1,136991
7290110638665,true,"אבקה ליוגורט1.1 ק""ג",,,"אבקה ליוגורט1.1 ק""ג",,0.00,,false,,2999.90,0.0000,true,1,136992
7290110638689,true,פרנה שווארמה cff,,,פרנה שווארמה cff,,0.00,,false,,6.00,0.0000,true,1,137005
7290110638702,true,מפעל- קערה לסלט 380,,,מפעל- קערה לסלט 380,,0.00,,false,,2999.90,0.0000,true,1,137052
7290110638719,true,מפעל- מכסה קערה לסלט,,,מפעל- מכסה קערה לסלט,,0.00,,false,,2999.90,0.0000,true,1,137053
7290110638726,true,ארגז פקדון 16 +קרטון,,,ארגז פקדון 16 +קרטון,,0.00,,false,,0.00,0.0000,true,1,137064
7290110638740,true,טורטיה אבוקדו cff,,,טורטיה אבוקדו cff,,0.00,,false,,7.00,0.0000,true,1,137078
7290110638757,true,טורטיה סביח cff,,,טורטיה סביח cff,,0.00,,false,,7.00,0.0000,true,1,137079
7290110638764,true,טורטיה טונה פיקנטית,,,טורטיה טונה פיקנטית,,0.00,,false,,7.00,0.0000,true,1,137080
7290110638771,true,טורטיה סלט טונה cff,,,טורטיה סלט טונה cff,,0.00,,false,,7.00,0.0000,true,1,137081
7290110638788,true,טורטיה שווארמה צמחית,,,טורטיה שווארמה צמחית,,0.00,,false,,7.00,0.0000,true,1,137082
7290110638795,true,מגש ריק מיקס עוגיות,,,מגש ריק מיקס עוגיות,,0.00,,false,,52.65,0.0000,true,1,137103
7290110638801,true,מגש כריכי מיני בייגל,,,מגש כריכי מיני בייגל,,0.00,,false,,0.00,0.0000,true,1,137104
7290110638818,true,פלוטים זיתים וגמבה,,,פלוטים זיתים וגמבה,,0.00,,false,,5.00,0.0000,true,1,137126
7290110638825,true,"פוקצ""ה תירס",,,"פוקצ""ה תירס",,0.00,,false,,6.00,0.0000,true,1,137165
7290110638849,true,עלי שוקולד,,,עלי שוקולד,,0.00,,false,,5.00,0.0000,true,1,137175
7290110638863,true,מאפה חלבה שוקולד,,,מאפה חלבה שוקולד,,0.00,,false,,5.00,0.0000,true,1,137265
7290110638887,true,סלט קוסקוס cff *,,,סלט קוסקוס cff,,0.00,,false,,5.00,0.0000,true,1,137379
7290110638894,true,"פוטטוס תפו""א cff *",,,"פוטטוס תפו""א cff",,0.00,,false,,5.00,0.0000,true,1,137380
7290110638900,true,כריך חביתת ירק cff,,,כריך חביתת ירק cff,,0.00,,false,,6.00,0.0000,true,1,137381
7290110638955,true,פאי תפוחים,,,פאי תפוחים,,0.00,,false,,6.00,0.0000,true,1,137452
7290110638979,true,כוס 370 מל 12OZ,,,כוס 370 מל 12OZ,,0.00,,false,,2999.90,0.0000,true,1,137454
7290110638986,true,לחמניית מיני שמינייה,,,לחמניית מיני שמינייה,,0.00,,false,,0.00,0.0000,true,1,137432
7290110638993,true,לחמניית מיני שמינייה,,,לחמניית מיני שמינייה,,0.00,,false,,0.00,0.0000,true,1,137433
7290110639006,true,לחמניית מיני שמינייה,,,לחמניית מיני שמינייה,,0.00,,false,,0.00,0.0000,true,1,137434
7290110639013,true,לחמניית מיני שמינייה,,,לחמניית מיני שמינייה,,0.00,,false,,0.00,0.0000,true,1,137435
7290110639020,true,לחמנית מיני עגולה מי,,,לחמנית מיני עגולה מי,,0.00,,false,,0.00,0.0000,true,1,137436
7290110639037,true,לחמנית מיני עגולה גב,,,לחמנית מיני עגולה גב,,0.00,,false,,0.00,0.0000,true,1,137437
7290110639044,true,לחמנית מיני 4 עונות,,,לחמנית מיני 4 עונות,,0.00,,false,,0.00,0.0000,true,1,137438
7290110639051,true,לחמנית מיני 4 עונות,,,לחמנית מיני 4 עונות,,0.00,,false,,0.00,0.0000,true,1,137439
7290110639068,true,לחמנית מיני קוראסון,,,לחמנית מיני קוראסון,,0.00,,false,,0.00,0.0000,true,1,137440
7290110639075,true,לחמנית מיני קוראסון,,,לחמנית מיני קוראסון,,0.00,,false,,0.00,0.0000,true,1,137441
7290110639082,true,לחמניית מיני בייגל מ,,,לחמניית מיני בייגל מ,,0.00,,false,,0.00,0.0000,true,1,137442
7290110639099,true,לחמניית מיני בייגל ג,,,לחמניית מיני בייגל ג,,0.00,,false,,0.00,0.0000,true,1,137443
7290110639129,true,מגש בורקסים בטעמים ש,,,מגש בורקסים בטעמים ש,,0.00,,false,,0.00,0.0000,true,1,137444
7290110639136,true,פלטת ירקות ומטבלים,,,פלטת ירקות ומטבלים,,0.00,,false,,60.00,0.0000,true,1,137445
7290110639150,true,עוגת גבינה אוראו,,,עוגת גבינה אוראו,,0.00,,false,,8.00,0.0000,true,1,137928
7290110639259,true,סושי קופיקס פלוס+ cf,,,סושי קופיקס פלוסcf +,,0.00,,false,,12.00,0.0000,true,1,137630
7290110639297,true,לחמנית מיני בייגל סל,,,לחמנית מיני בייגל סל,,0.00,,false,,0.00,0.0000,true,1,137779
7290110639303,true,לחמנית מיני בייגל טו,,,לחמנית מיני בייגל טו,,0.00,,false,,0.00,0.0000,true,1,137780
7290110639310,true,לחמנית מיני בייגל סל,,,לחמנית מיני בייגל סל,,0.00,,false,,0.00,0.0000,true,1,137781
7290110639327,true,לחמנית מיני בייגל סל,,,לחמנית מיני בייגל סל,,0.00,,false,,0.00,0.0000,true,1,137782
7290110639334,true,לחמנית מיני בייגל סב,,,לחמנית מיני בייגל סב,,0.00,,false,,0.00,0.0000,true,1,137783
7290110639341,true,פסטה ברוטב עגבניות,,,פסטה ברוטב עגבניות,,0.00,,false,,5.00,0.0000,true,1,137784
7290110639358,true,קפה נמס מיובש בהקפאה,,,קפה נמס מיובש בהקפאה,,0.00,,false,,5.00,0.0000,true,1,138657
7290110639372,true,מוס קרמל עם שברי עוג,,,מוס קרמל עם שברי עוג,,0.00,,false,,8.00,0.0000,true,1,137874
7290110639389,true,מוס חלבה עם שברי עוג,,,מוס חלבה עם שברי עוג,,0.00,,false,,8.00,0.0000,true,1,137875
7290110639396,true,מוס שוקולד עם ציפוי,,,מוס שוקולד עם ציפוי,,0.00,,false,,8.00,0.0000,true,1,137876
7290110639402,true,עוגת גבינה פירורים *,,,עוגת גבינה פירורים,,0.00,,false,,8.00,0.0000,true,1,137877
7290110639457,true,מיקס קינוחים (קרם שנ,,,מיקס קינוחים) קרם שנ,,0.00,,false,,8.00,0.0000,true,1,137878
7290110639532,true,בייגל טוסט פיקנטי גב,,,בייגל טוסט פיקנטי גב,,0.00,,false,,0.00,0.0000,true,1,137885
7290110639549,true,סלט ניסואז פלוס cff,,,סלט ניסואז פלוס cff,,0.00,,false,,0.00,0.0000,true,1,137886
7290110639761,true,עוגת דואט שוקולד,,,עוגת דואט שוקולד,,0.00,,false,,8.00,0.0000,true,1,138016
7290110639785,true,משאבה לבלונים,,,משאבה לבלונים,,0.00,,false,,0.00,0.0000,true,1,138091
7290110639792,true,בלונים ממותגים + מקל,,,בלונים ממותגים + מקל,,0.00,,false,,0.00,0.0000,true,1,138092
7290111342004,false,לילי קידס נייר טואלט לח 56 דפים,חוגלה קימברלי,,לילי לח קידס 56 דפים,Unknown,56.00,יחידה,false,,7.90,0.1411,true,1,144417
7290111350726,false,חטיף נאצוס הוטפופ בסגנון מקסיקני 322 גר,ליימן מותגים,,חטיף נאצ'וס בסגנון מ,גרמים,332.00,100 גרם,false,,16.90,0.0509,true,1,153014
7290111352973,false,יוגוטה קוביות חמוצות ממולאות בטעם פירות,יוגטה yogueta,,קוביות חמוצות 220 גר,גרמים,220.00,100 גרם,false,,9.90,0.0450,true,1,151020
7290111353239,false,"גומי יין 200 גר' וסטהיים (כש""לפ בית יוסף)",טופגם תעשיות ממתקים,,סוכריות גומי יין 200,גרמים,200.00,100 גרם,false,,10.90,0.0545,true,1,151646
7290111562440,true,קרטון מרקי בישול ותב,,,קרטון מרקי בישול ותב,,0.00,,false,,0.00,0.0000,true,1,137178
7290111562761,true,אסם קרטון עסקה מרקי,,,אסם קרטון עסקה מרקי,,0.00,,false,,0.00,0.0000,true,1,137179
7290111563492,false,סלטי צבר מטבוחה חריפה מרובע 6*400גרם,סלטי צבר,,מטבוחה חריפה צבר 400,גרמים,400.00,100 גרם,false,,12.90,0.0323,true,1,143650
7290111564956,false,"ביסלי במבה מיקס 200 גרם ""אסם""",פרו מן יו פתרונות אריזה,,ביסלי במבה מיקס 200,גרמים,200.00,100 גרם,false,,8.90,0.0445,true,1,149516
7290111566271,false,חטיפי תירס טבעול 657 גרם,עיצובים 2020 (4.8),,טבעול חטיפי תירס 657,גרמים,657.00,100 גרם,false,,30.90,0.0470,true,1,139046
7290111566561,false,"שניצל ברוקולי 99 קלוריות 560 גר' ""טבעול""",עיצובים 2020 (4.8),,טבעול שניצל ברוקולי,גרמים,560.00,100 גרם,false,,31.90,0.0570,true,1,143664
7290111566714,false,טבעול המבורגר צמחוני 99 קלוריות 600 גרם,עיצובים 2020 (4.8),,טבעול המבורגר צמחוני,גרמים,600.00,100 גרם,false,,31.90,0.0532,true,1,143078
7290111566776,false,"נקניקיות קוקטייל מן הצומח 680 גרם ""טבעול""",עיצובים 2020 (4.8),,טבעול נקניקיות קוקטי,גרמים,680.00,100 גרם,false,,31.90,0.0469,true,1,143669
7290111568206,false,ביסלי פארטי מיקס אסם 150 גר',פרו מן יו פתרונות אר,,ביסלי פארטי מיקס 150,גרמים,150.00,100 גרם,false,,7.90,0.0527,true,1,149517
7290111568466,false,רוטב אסייתי למוקפץ הסדרה האסייתית,"אסם השקעות בע""\מ",,אסם רוטב אסייתי למוק,מיליליטרים,290.00,"100 מ""ל",false,,11.90,0.0410,true,1,140687
7290111568961,false,בייגלה טבעות מלח אסם 400 גרם,אסם,,אסם בייגלה טבעות מלח,גרמים,400.00,100 גרם,false,,10.90,0.0273,true,1,141899
7290111930928,false,חטיף פוף לבבות גריל 40 גרם,פוף POOF,,חטיף תפוח אדמה בטעם,גרמים,40.00,100 גרם,false,,3.90,0.0975,true,1,144012
7290111930935,false,חטיף פוף טבעות קלאסי 40 גרם,פוף POOF,,חטיף תפוח אדמה בטעם,גרמים,40.00,100 גרם,false,,3.90,0.0975,true,1,144013
7290111936203,false,"ליידי ספיד סטיק דרמה ספריי ויטמין אי 150 מ""ל",ליידי ספיד סטיק Lady Speed Stick,,דאודורנט ספריי דרמה,מיליליטרים,150.00,"100 מ""ל",false,,19.90,0.1327,true,1,144015
7290111936296,false,"פלמוליב סבון נוזלי בניחוח סנסיישן מסאז' ,750 מ""ל",קולגייט פלמוליב,,ג'ל רחצה ארומה סנסיי,מיליליטרים,750.00,"100 מ""ל",false,,23.90,0.0319,true,1,150957
7290111939136,false,נייר אפייה קוקי עגול קוטר 26,קוקי,,קוקי נייר אפייה עגול,Unknown,20.00,יחידה,false,,7.90,0.3950,true,1,150960
7290112003966,false,"אבקה להסרת כתמים לכביסה לבנה ""וניש גולד""",רקיט בנקיזר,,וניש מסיר כתמים אבקה,גרמים,470.00,100 גרם,false,,17.90,0.0381,true,1,155036
7290112013729,true,קופיקס-רוטב אריסה50,,,קופיקס-רוטב אריסה50,,0.00,,false,,0.00,0.0000,true,1,137386
7290112016324,true,מפעל-רוטב סויה בסגנו,,,מפעל-רוטב סויה בסגנו,,0.00,,false,,0.00,0.0000,true,1,136881
7290112190468,false,שמן זית ספרדי טבעי 7,,,שמן זית כתית מעולה 7,מיליליטרים,750.00,"100 מ""ל",false,,29.90,0.0399,true,1,159027
7290112290113,true,עוגה בחושה שוקולד כש,,,עוגה בחושה שוקולד כש,,0.00,,false,,0.00,0.0000,true,1,138370
7290112290144,true,זוג מגשים עם כריכי מ,,,זוג מגשים עם כריכי מ,,0.00,,false,,178.00,0.0000,true,1,138396
7290112290151,true,מארז 4 סלטים בורגול,,,מארז 4 סלטים בורגול,,0.00,,false,,60.00,0.0000,true,1,138404
7290112290427,true,מעטפות פרסום פסח מהד,,,מעטפות פרסום פסח מהד,,0.00,,false,,0.00,0.0000,true,1,138546
7290112290434,true,מעטפות פרסום פסח רגי,,,מעטפות פרסום פסח רגי,,0.00,,false,,0.00,0.0000,true,1,138547
7290112290458,true,גלילי קופה,,,גלילי קופה,,0.00,,false,,0.00,0.0000,true,1,138553
7290112290489,true,מנשא כוסות גדול,,,מנשא כוסות גדול,,0.00,,false,,0.00,0.0000,true,1,138562
7290112290496,true,"גביע ליוגורט 200 מ""ל",,,"גביע ליוגורט 200 מ""ל",,0.00,,false,,0.00,0.0000,true,1,138568
7290112290564,true,קרמבל תפוחים,,,קרמבל תפוחים,,0.00,,false,,0.00,0.0000,true,1,138782
7290112290588,true,"גביע ליוגורט 200 מ""ל",,,"גביע ליוגורט 200 מ""ל",,0.00,,false,,0.00,0.0000,true,1,138783
7290112290656,true,תחמיץ לסלט קופיקס 2,,,תחמיץ לסלט קופיקס 2,,0.00,,false,,0.00,0.0000,true,1,139037
7290112291271,true,חמין גדול+ לחמניה,,,חמין גדול+ לחמניה,,0.00,,false,,0.00,0.0000,true,1,138868
7290112291288,true,קוגל חצי מנה + מלפפו,,,קוגל חצי מנה + מלפפו,,0.00,,false,,0.00,0.0000,true,1,138869
7290112291332,true,מאפה קינמון לא אפוי,,,מאפה קינמון לא אפוי,,0.00,,false,,0.00,0.0000,true,1,138923
7290112291387,true,באן מאודה במילוי בטע,,,באן מאודה במילוי בטע,,0.00,,false,,0.00,0.0000,true,1,139031
7290112291394,true,באן מאודה במילוי בטע,,,באן מאודה במילוי בטע,,0.00,,false,,0.00,0.0000,true,1,139032
7290112291400,true,כריך כפול פטה-פלפלc,,,כריך כפול פטה-פלפלc,,0.00,,false,,12.00,0.0000,true,1,139038
7290112291417,true,כריך כפול גווקאמולי,,,כריך כפול גווקאמולי,,0.00,,false,,12.00,0.0000,true,1,139039
7290112291431,true,טורטיה מסאחן cff,,,טורטיה מסאחן cff,,0.00,,false,,10.00,0.0000,true,1,139041
7290112291448,true,טורטיה סביח cff,,,טורטיה סביח cff,,0.00,,false,,10.00,0.0000,true,1,139042
7290112291479,true,"כוס פלסטיק 330 מ""ל",,,"כוס פלסטיק 330 מ""ל",,0.00,,false,,0.00,0.0000,true,1,139094
7290112291486,true,"כוס פלסטיק 500 מ""ל",,,"כוס פלסטיק 500 מ""ל",,0.00,,false,,0.00,0.0000,true,1,139095
7290112291493,true,"מכסה לכוס 250+330 מ""",,,"מכסה לכוס 250+330 מ""",,0.00,,false,,0.00,0.0000,true,1,139096
7290112330352,false,"יוגורט PRO בטעם וניל 0% , 20 גרם חלבון בגביע","שטראוס בריאות בע""\מ",,דנונה פרו 20 גר וניל,גרמים,200.00,100 גרם,false,,5.90,0.0295,true,1,147087
7290112330390,false,דנונה פרו פירות יער 20 גרם חלבון 0% שומן 200 גרם,"שטראוס בריאות בע""\מ",,דנונה פרו 20 גר פירו,גרמים,200.00,100 גרם,false,,5.90,0.0295,true,1,153299
7290112332585,false,פריכיות משולש תפוא אורז בתיבול סלק ומלח ים אנרג'י 30 גרם,"פרח תעשיו מזון בע""מ",,"פריכיות תפו""א אורז ס",גרמים,30.00,100 גרם,false,,4.90,0.1633,true,1,144340
7290112332899,false,עלית - צנצנת בזוקה פופים קלאסי 58 גרם,אסקום קונפקשיין,,בזוקה פופים קלאסי 58,גרמים,58.00,100 גרם,false,,9.90,0.1707,true,1,144342
7290112335487,false,הפריכיות הטעימות קצח ודגנים אנרג'י 135 גרם,אנרג'י Energy - שטראוס,,פריכיות 3 דגנים עם ק,גרמים,135.00,100 גרם,false,,10.90,0.0807,true,1,151597
7290112335494,false,הפריכיות הטעימות תפוחי אדמה בטעם פוטטוס,"פרח תעשיות מזון בע""\מ",,פריכיות תפוח אדמה 3,גרמים,135.00,100 גרם,false,,10.90,0.0807,true,1,151598
7290112335500,false,"פרכיות אנרג'י חומוס,אורז,עדשים שחורות וקינואה 135 גרם","פרח תעשיות מזון בע""\מ",,פריכיות חומוס אורז ע,גרמים,135.00,100 גרם,false,,10.90,0.0807,true,1,151599
7290112336644,false,סוכריות מאסט ללא סוכר לימון 80 ג' עלית,שטראוס גרופ,,"סוכריות לל""ס לימון 8",גרמים,80.00,100 גרם,false,,7.90,0.0988,true,1,149480
7290112336712,false,יוגורט PRO לבן 0% 21 גרם חלבון בגביע,"שטראוס בריאות בע""מ",,דנונה פרו 21 גר 0% ש,גרמים,200.00,100 גרם,false,,5.90,0.0295,true,1,143215
7290112337474,false,סוכריות מאסט ללא סוכר פטל לימון 80 ג' עלית,שטראוס גרופ,,"סוכריות לל""ס פטל לימ",גרמים,80.00,100 גרם,false,,7.90,0.0988,true,1,149482
7290112339867,false,גמדים לדרך גבינה לבנה עם מחית תות,"שטראוס בריאות בע""\מ",,גמדים סקוויז בודד תו,גרמים,100.00,100 גרם,false,,5.80,0.0580,true,1,143220
7290112339874,false,גמדים לדרך גבינה לבנה עם מחיות תות ובננה,"שטראוס בריאות בע""\מ",,גמדים סקוויז בודד תו,גרמים,100.00,100 גרם,false,,5.80,0.0580,true,1,143221
7290112340122,false,הפריכיות הטעימות 3 דגנים אנרג'י 135 גרם,"פרח תעשיות מזון בע""\מ",,פריכיות 3 דגנים אנרג,גרמים,135.00,100 גרם,false,,10.90,0.0807,true,1,151600
7290112340245,false,צנצנת מסטיק מאסט בטעם דובדבן 66 ג' עלית,"שטראוס גרופ בע""\מ",,צנצנת MUST בטעם דובד,גרמים,66.00,100 גרם,false,,9.90,0.1500,true,1,149465
7290112340252,false,צנצנת מסטיק מאסט בטעם אבטיח מלון 66 ג' עלית,"שטראוס גרופ בע""\מ",,צנצנת מאסט בטעם אבטי,גרמים,66.00,100 גרם,false,,9.90,0.1500,true,1,149466
7290112341679,false,דנונה אקטיביה 3% שומן 200 גרם,מיוצר עי קונדיטוריית,,יוגורט פרוביוטי 3% א,גרמים,200.00,100 גרם,false,,4.00,0.0200,true,1,147095
7290112341686,false,שמינייה יוגורט לבן אקטיביה 3% דנונה 150 גרם.,מיוצר עי קונדיטוריית,,מארז אקטיביה 3% 150,גרמים,1.20,100 גרם,false,,19.90,16.5833,true,1,147096
7290112342102,false,סימפוניה גבינה במרקם שמנת בצל מקורמל 5%,"שטראוס בריאות בע""\מ",,סימפוניה בצל מקורמל,גרמים,200.00,100 גרם,false,,11.00,0.0550,true,1,147100
7290112342515,false,דוריטוס צ'יזי טוויסט 55 גרם,STRAUSS-ISRAEL,,דוריטוס קול ראנצ' 55,גרמים,55.00,100 גרם,false,,3.50,0.0636,true,1,146913
7290112343420,false,"משקה חלב עם דגנים מלאים ובננה פרו יטבתה 350מ""ל",מחלבת יטבתה,,יטבתה פרו ארוחת בוקר,מיליליטרים,350.00,"100 מ""ל",false,,7.50,0.0214,true,1,147108
7290112343499,false,חטיף צ'יטוס פאפס אפוי בטעם גבינה,"שטראוס פריטו ליי בע""\מ )",,צ'יטוס פאפס 55 גרם,גרמים,55.00,100 גרם,false,,3.50,0.0636,true,1,155626
7290112344755,false,מילקי שוקולד 26% פחות סוכר 135 גרם,מיוצר עי קונדיטוריית,,מילקי עם 26% פחות סו,גרמים,133.00,100 גרם,false,,2.90,0.0218,true,1,152268
7290112344786,false,קפה פלטינום קלאסיק עלית 200 גרם,הנסיך- מפעל לייצור ט,,פלטינום קלאסיק 200 ג,גרמים,200.00,100 גרם,false,,24.90,0.1245,true,1,148842
7290112344953,false,סימפוניה חציל קלוי גבינה במקרם שמנת 5%,"שטראוס בריאות בע""\מ",,סימפוניה חציל קלוי 2,גרמים,200.00,100 גרם,false,,11.00,0.0550,true,1,152643
7290112346360,false,בפלות אחת אחת בציפוי שוקולד חלב עלית 180 גרם,הגביע מוצרי וופלים ב,,בפלות אחת אחת בציפוי,גרמים,180.00,100 גרם,false,,12.90,0.0717,true,1,148850
7290112346827,false,שמיניית אקטימל ויטמין C פטל 108 גרם,"שטראוס בריאות בע""\מ",,אקטימל ויטמין C פטל,מיליליטרים,864.00,"100 מ""ל",false,,20.90,0.0242,true,1,151969
7290112347008,false,גמדים לדרך גבינה לבנה עם מחית תות ושיבולת שועל,מיוצר עי קונדיטוריית,,גמדים ארוחת בוקר תות,גרמים,100.00,100 גרם,false,,5.80,0.0580,true,1,147130
7290112349736,false,בזיליקום רוטב עגבניות לפסטה יד מרדכי 350 גרם,אמיליאנה קונסרב סוסייטה,,בזיליקום רוטב עגבניו,גרמים,350.00,100 גרם,false,,11.90,0.0340,true,1,147668
7290112354174,false,"פסטה רוזה 280 ג""ר ""דלישס"" שטראוס",גסטרונומיה פרוסט אס. אר.,,פסטה רוזה 280 גרם,גרמים,280.00,100 גרם,false,,21.90,0.0782,true,1,155927
7290112355027,false,דנונה פרו 20 גרם חלבון בטעם קרמל מלוח 200 גרם,"שטראוס בריאות בע""\מ",,דנונה פרו 20 גרם בטע,גרמים,200.00,100 גרם,false,,5.90,0.0295,true,1,152266
7290112355102,false,גמדים סקוויז 100 גרם פאוץ סלט פירות 100 גרם,"שטראוס בריאות בע""\מ",,גמדים פאוץ סלט פירות,גרמים,100.00,100 גרם,false,,5.80,0.0580,true,1,152645
7290112355775,false,גבינת סימפוניה עם עירית 200 גרם,"שטראוס בריאות בע""\מ",,סימפוניה עירית 200 ג,גרמים,200.00,100 גרם,false,,11.00,0.0550,true,1,159854
7290112357106,false,שעועית אדומה 380 גר' בקופסה טעם הטבע,שטראוס טעם הטבע,,שעועית אדומה מבושלת,גרמים,380.00,100 גרם,false,,6.80,0.0179,true,1,149387
7290112357113,false,גרגרי חומוס בקופסה 380 גר' טעם הטבע,שטראוס טעם הטבע,,גרגרי חומוס טעם הטבע,גרמים,380.00,100 גרם,false,,6.80,0.0179,true,1,149388
7290112358004,false,פסק זמן קראנצ' עלית 32 גרם,שולן צ'\יקולטה גידה סאן.,,פסק זמן קראנץ' 32 גר,גרמים,32.00,100 גרם,false,,4.90,0.1531,true,1,152174
7290112358127,false,דנונה פרו חלבון+מגנזיום- וניל ועוגיות 200 גרם,מיוצר עי קונדיטוריית,,דנונה פרו 20 גר' עם,גרמים,200.00,100 גרם,false,,6.50,0.0325,true,1,151971
7290112358554,false,מארז קפה נמס מנות אישיות לדרך 50.4 גר,שטראוס רומניה,,מארז נמס לדרך 28 יחי,Unknown,28.00,יחידה,false,,10.90,0.3893,true,1,151497
7290112490117,false,קליק אקסטרא לארג שוקולד חלב עם וופל ואגוזים,יוניליוור ישראל מזון בעמ,,קליק XL שוקולד חלב ע,גרמים,85.00,100 גרם,false,,5.30,0.0624,true,1,140002
7290112490209,false,נמס בכוס מרק עגבניות עם קרוטונים רכיבים טבעיים,יוניליוור ישראל מזון בעמ,,נמס בכוס מרק עגבניות,גרמים,56.00,100 גרם,false,,6.90,0.1232,true,1,141284
7290112490216,false,מרק נמס בכוס בטעם עוף קנור 100% רכיבים טבעיים,יוניליוור ישראל מזון בעמ,,נמס בכוס מרק בטעם עו,גרמים,48.00,100 גרם,false,,6.90,0.1438,true,1,141287
7290112490230,false,מרק נמס בכוס אפונה קנור 100% רכיבים טבעיים,יוניליוור ישראל מזון בעמ,,נמס בכוס מרק אפונה ק,גרמים,50.00,100 גרם,false,,6.90,0.1380,true,1,141285
7290112490650,false,קונפיטורה תות שדה 340 גרם-צנצנת,קונפיטורות לה-ארדניי,,קונפיטורת תות שדה 77,גרמים,340.00,100 גרם,false,,13.90,0.0409,true,1,139845
7290112490667,false,קונפיטורה משמש778 50% פרי 340 גר',יוניליוור מזון,,קונפיטורת משמש (778,גרמים,340.00,100 גרם,false,,13.90,0.0409,true,1,142861
7290112491701,false,ברנפלקס בטעם וניל מעודן 20% חלבון Extra Protein,יוניליוור ישראל מזון בעמ,,ברנפלקס חלבון 375 גר,גרמים,375.00,100 גרם,false,,20.80,0.0555,true,1,144243
7290112492449,false,פינוק שמפו שיער רגיל 700 מל-חדש,יוניליוור ישראל טיפוח אי,,פינוק שמפו שיער רגיל,גרמים,700.00,100 גרם,false,,11.90,0.0170,true,1,148664
7290112492456,false,"שמפו פינוק לשיער יבש/פגום 700 מ""ל",יוניליוור ישראל טיפוח אי,,פינוק שמפו שיער יבש,גרמים,700.00,100 גרם,false,,11.90,0.0170,true,1,148889
7290112492463,false,"שמפו ומרכך 2 ב-1 לשיער רגיל פינוק 700 מ""ל.",יוניליוור ישראל טיפו,,פינוק 2 ב-1 רגיל 700,גרמים,700.00,100 גרם,false,,11.90,0.0170,true,1,149164
7290112492470,false,"שמפו ומרכך 2 ב-1 לשיער יבש פינוק 700 מ""ל.",יוניליוור פארם,,פינוק 2 ב-1 יבש 700,גרמים,700.00,100 גרם,false,,11.90,0.0170,true,1,153692
7290112492500,false,פינוק שמפו לשיער עם שמן קוקוס 700 מל,"יוניליור ישראל, טיפו",,פינוק שמפו שמן קוקוס,מיליליטרים,700.00,"100 מ""ל",false,,11.90,0.0170,true,1,148891
7290112492531,false,פינוק מרכך שיער רגיל 700 מל-חדש,יוניליוור פארם,,פינוק מרכך שיער רגיל,גרמים,700.00,100 גרם,false,,11.90,0.0170,true,1,144837
7290112492548,false,"מרכך פינוק עם שמן חוחובה 700 מ""ל",יוניליוור פארם,,פינוק מרכך שיער יבש,מיליליטרים,700.00,"100 מ""ל",false,,11.90,0.0170,true,1,149165
7290112492579,false,פינוק מרכך בתוספת שמן קוקוס 700 מל-חדש,יוניליוור ישראל טיפוח אי,,פינוק מרכך שמן קוקוס,מיליליטרים,700.00,"100 מ""ל",false,,11.90,0.0170,true,1,144838
7290112492821,false,"מטליות לחות לניקוי כללי בניחוח מאסק ""סיף""",עלבד משואות יצחק בעמ,,סיף מגבונים כללי מאס,Unknown,50.00,יחידה,false,,10.90,0.2180,true,1,147978
7290112492982,false,"אבקת מרק פטריות כשל""פ 100% רכיבים טבעיים 400 גרם",יוניליוור ישראל מזון בע\,,אבקת מרק פטריות מרכי,גרמים,400.00,100 גרם,false,,21.90,0.0547,true,1,152628
7290112492999,false,קנור מרק עוף אמיתי 400 גרם פרווה,יוניליוור ישראל מזון בע\,,אבקת מרק בטעם עוף פר,גרמים,400.00,100 גרם,false,,14.90,0.0373,true,1,147038
7290112493071,false,מרק עדשים כתום רכ.טבעי85,יוניליוור ישראל מזון בעמ,,מרק עדשים כתומות קנו,גרמים,85.00,100 גרם,false,,12.90,0.1518,true,1,144502
7290112493293,false,קנור - נמס ירקות וקרוטונים ר.טבעי 44 גרם,יוניליוור ישראל מזון בעמ,,נמס בכוס מרק ירקות ק,גרמים,44.00,100 גרם,false,,6.90,0.1568,true,1,144501
7290112493903,false,גלידת ננסים בארבע טעמים 60 גר,"מיוצר ע""\י גלידת שטראוס",,ננסים,Unknown,1.00,יחידה,false,,8.90,8.9000,true,1,147745
7290112493927,false,גלידה בטעם ריבת חלב 1.33ל' קרמיסימו,"גלידת שטראוס בע""\מ, רחוב",,גלידת קרמיסימו 1.33,מיליליטרים,1330.00,"100 מ""ל",false,,18.90,0.0142,true,1,148888
7290112493934,false,גלידה וניל צרפתי 1.33ל' קרמיסימו,"גלידת שטראוס בע""\מ, רחוב",,גלידת קרמיסימו 1.33,מיליליטרים,1330.00,"100 מ""ל",false,,18.90,0.0142,true,1,148821
7290112494221,false,קליק - ביסקויט תפזורת 65 גרם,יוניליוור ישראל מזון בע\,,קליק ביסקויט יוניליו,גרמים,65.00,100 גרם,false,,5.90,0.0908,true,1,144827
7290112494238,false,קליק - כדורים חלב תפזורת 65 גרם,יוניליוור ישראל מזון בע\,,קליק כדורים חלב תפזו,גרמים,65.00,100 גרם,false,,5.90,0.0908,true,1,144828
7290112494276,false,קליק כריות בתפזורת כשר לפסח,יוניליוור ישראל מזון בע\,,קליק כריות תפזורת 65,גרמים,65.00,100 גרם,false,,5.90,0.0908,true,1,144829
7290112494283,false,קליק - מעורב חום לבן תפזורת 65 גרם,יוניליוור ישראל מזון בע\,,קליק מעורב חום לבן ת,גרמים,65.00,100 גרם,false,,5.90,0.0908,true,1,144830
7290112494382,false,פירה בטעם ביתי 260 גרם-קופסא,יוניליוור ישראל מזון בע\,,קנור פירה ביתי 260 ג,גרמים,260.00,100 גרם,false,,11.60,0.0446,true,1,146956
7290112494795,false,בדין-ג'ל לכביסה לבנה וצבעונית בניחוח עדין כחול 2.5 ליטר,"זוהר דליה, קיבוץ דליה, 1",,ג'ל לכביסה לבנה וצבע,מיליליטרים,2500.00,"100 מ""ל",false,,29.90,0.0120,true,1,146873
7290112494801,false,בדין-ג'ל לכביסה לבנה וצבעונית בניחוח עדין ורוד 2.5 ליטר,יוניליוור פארם,,ג'ל לכביסה לבנה וצבע,מיליליטרים,2500.00,"100 מ""ל",false,,29.90,0.0120,true,1,146874
7290112495105,false,נשנושים טעם שמנת בצל בייגל בייגל 260 גרם,בייגל את בייגל מזון 198),,נשנושים שמנת בצל 260,גרמים,260.00,100 גרם,false,,12.90,0.0496,true,1,144835
7290112495112,false,נשנושים טעם זעתר בייגל בייגל 260 גרם,בייגל את בייגל מזון 198),,נשנושים זעתר 260 גרם,גרמים,260.00,100 גרם,false,,12.90,0.0496,true,1,144750
7290112495150,false,נשנושי קרקר עיגולים מלח בייגל בייגל 300 גרם,בייגל את בייגל מזון 198),,נשנושי קרקר עיגולים,גרמים,300.00,100 גרם,false,,12.90,0.0430,true,1,148722
7290112495174,false,נשנושי קרקר קוקטייל שומשום בייגל בייגל 300 גרם,בייגל את בייגל מזון 198),,נשנושי קרקר קוקטייל,גרמים,300.00,100 גרם,false,,17.90,0.0597,true,1,158815
7290112495822,false,כריות BLACK בטעם שוקולד וניל תלמה 686 גרם,"יוניליוור שפע ישראל בע""\",,כריות בלאק 686 גרם,גרמים,686.00,100 גרם,false,,24.90,0.0363,true,1,148894
7290112496294,false,חטיף פתית צ'יפס עם אפונה ירוקה צהובה וצ'ילי,JLM גלובל פודסn37\ דרך א,,פתית צ'יפס אפונה בתו,גרמים,22.00,100 גרם,false,,4.90,0.2227,true,1,151279
7290112496331,false,קורנפלקס בננה תלמה אלופים 448 גרם,"יוניליוור שפע ישראל בע""\",,קורנפלקס בננה תלמה 4,גרמים,448.00,100 גרם,false,,17.90,0.0400,true,1,154373
7290112496430,false,קנור נמס בכוס אקסטרה עגבניות+איטריות 37 גרם - רבנות,יוניליוור ישראל מזון בע\,,נמס בכוס אקסטרה-קנור,גרמים,37.00,100 גרם,false,,4.90,0.1324,true,1,155879
7290112496584,false,קליק כריות Black מצופה שוקולד לבן ועוגיות,"דרך השוקולד 1, צפת 1",,קליק כריות בלאק לבן,גרמים,65.00,100 גרם,false,,5.90,0.0908,true,1,151286
7290112497000,false,פנטסטיק תרכיז ניקוי רב תכליתי בניחוח לימון,"זוהר דליה, קיבוץ דלי",,סיף ניקוי כללי לימון,מיליליטרים,1000.00,"100 מ""ל",false,,10.40,0.0104,true,1,149389
7290112497123,false,סחלב תערובת להכנת מעדן בטעם סחלב 112גרם,יוניליוור ישראל מזון בע\,,אבקה להכנת סחלב תלמה,גרמים,112.00,100 גרם,false,,12.90,0.1152,true,1,152629
7290112497499,false,קליק אקסטרא לארג שוקולד לבן עוגיות 85 גרם,אתר צפת טבלאות ותעשי,,קליק טבלת שוקולד לבן,גרמים,85.00,100 גרם,false,,5.30,0.0624,true,1,154374
7290112498922,false,מאגדת מיני מגנום לבן שטראוס 250 גרם,"מיוצר ע""\י גלידת שטראוס",,מאגדת מיני מגנום שוק,גרמים,250.00,100 גרם,false,,25.90,0.1036,true,1,153324
7290112498946,false,קשת בענן ארטיק ילדים שטראוס 47 גרם,"גלידת שטראוס בע""\מ, רח'\",,קשת בענן - ארטיק ילד,Unknown,1.00,יחידה,false,,5.90,5.9000,true,1,157610
7290112499097,false,מאגדת מיני מגנום מריר Intense Dark! 240 גרם,"מיוצר ע""\י גלידת שטראוס",,מאגדת מיני מגנום מרי,Unknown,5.00,יחידה,false,,25.90,5.1800,true,1,157613
7290112499103,false,טילון קורנטו קליק וניל עוגיות שטראוס 72 גרם,"צר ע""\י גלידת שטראוס בע\",,טילון קורנטו קליק ונ,גרמים,72.00,100 גרם,false,,6.90,0.0958,true,1,158154
7290112499110,false,טילון קליק בטעם שוקולד 72 ג' שטראוס,שטראוס גרופ גלידות,,טילון קורנטו קליק שו,גרמים,72.00,100 גרם,false,,6.90,0.0958,true,1,159263
7290112499127,false,שלגון גלידה שוקולד לבן ותות 77 גרם,"מיוצר ע""\י גלידת שטראוס",,מגנום שוקולד לבן תות,Unknown,1.00,יחידה,false,,9.90,9.9000,true,1,157612
7290112499141,false,סולרו וניל ותפוח ירוק 76 ג' שטראוס,שטראוס גרופ גלידות,,סולרו וניל ותפוח ירו,גרמים,76.00,100 גרם,false,,8.50,0.1118,true,1,158155
7290112499219,false,שלגון שמנת מופחת שומן וקלוריות בטעם פיסטוק עם ריפל בטעם שוקולד מריר וציפוי חלקי של שוקולד חלב מעולה,"גלידת שטראוס בע""\מ, רחוב",,גודיז בטעמי פיסטוק ו,גרמים,235.00,100 גרם,false,,22.90,0.0974,true,1,158156
7290112499646,false,"מעדן קפוא בטעם וניל עם וופל 108 גרם ""קורנטו""","מיוצר ע""\י גלידת שטראוס",,קורנטו סופר פקאנים,Unknown,1.00,יחידה,false,,9.90,9.9000,true,1,147736
7290112499677,false,מגנום וניל בציפוי שוקולד לבן,"מיוצר ע""\י גלידת שטראוס",,מגנום שוקiלד לבן,Unknown,1.00,יחידה,false,,9.90,9.9000,true,1,147732
7290112499776,false,גלידת שמנת מופחתת שומן וקלוריות בטעם שוקולד לבן 240 גרם,"גלידת שטראוס בע""\מ, רח'\",,מאגדת גודיז 3 שוקולד,גרמים,240.00,100 גרם,false,,22.90,0.0954,true,1,148694
7290112499844,false,מאגדת מיני מגנום דואט שוקולד עם נוגט שטראוס 310 גרם,"מיוצר ע""\י גלידת שטראוס",,מיני מגנום דואט שוקו,Unknown,5.00,יחידה,false,,25.90,5.1800,true,1,147738
7290112499929,false,מגנום שוקולד אימפלס פסח 120מל,"מיוצר ע""\י גלידת שטראוס",,מגנום שוקולד,Unknown,1.00,יחידה,false,,9.90,9.9000,true,1,147734
7290112499943,false,מיני מאגדת מיני מגנום טעמים שונים וניל+שוקו,"גלידות שטראוס בע""\מ, רח\",,מיני מגנום קלאסיק חו,Unknown,5.00,יחידה,false,,25.90,5.1800,true,1,147740
7290112962287,false,טבעול שווארמה טבעונית 6*450 גרם,"טבעול תעשיות מזון בע""\מ",,טבעול שווארמה טבעוני,גרמים,450.00,100 גרם,false,,31.90,0.0709,true,1,152029
7290112964472,false,אסם רוטב שום חדש לסלט 290 גרם,"אסם תעשיות בע""מ",,רוטב לסלט שום 290 גר,מיליליטרים,290.00,"100 מ""ל",false,,11.90,0.0410,true,1,144850
7290112965684,false,פיטנס - חטיף מולטיגריין עשבי תיבול 25 גרם,מיוצר עי קונדיטוריית,,פיטנס חטיף מולטיגריי,גרמים,25.00,100 גרם,false,,4.90,0.1960,true,1,151402
7290112965707,false,פיטנס - חטיף מולטיגריין צילי מעודן 25 גרם,"אסם השקעות בע""\מ",,פיטנס חטיף מולטיגריי,גרמים,25.00,100 גרם,false,,4.90,0.1960,true,1,151403
7290112965745,false,אוסם - ביסלי פריסטייל בצל מעושן 60 גרם,"אסם השקעות בע""\מ",,ביסלי פריסטייל בצל מ,גרמים,60.00,100 גרם,false,,4.40,0.0733,true,1,153747
7290113190467,false,אפונה שקית זיפר 1קג רמילוי,,,"אפונה ירוקה 1 ק""ג זי",גרמים,1000.00,100 גרם,false,,7.50,0.0075,true,1,148269
7290113190504,false,חומוס גדול שקית זיפר 1קג רמילוי,,,"חומוס גדול 1 ק""ג זיפ",גרמים,1000.00,100 גרם,false,,11.90,0.0119,true,1,148272
7290113190511,false,חומוס ענק שקית זיפר 1קג רמילוי,,,"חומוס ענק 1 ק""ג זיפר",גרמים,1000.00,100 גרם,false,,13.90,0.0139,true,1,148273
7290113190528,false,חיטה שקית זיפר 1קג רמילוי,,,"חיטה 1 ק""ג זיפר - רמ",גרמים,1000.00,100 גרם,false,,6.50,0.0065,true,1,148274
7290113190535,false,כוסמת קלויה שקית זיפר 1קג רמילוי,,,"כוסמת קלויה 1 ק""ג זי",גרמים,1000.00,100 גרם,false,,8.50,0.0085,true,1,148275
7290113190542,false,לוביה קלויה שקית זיפר 900גר רמילוי,,,לוביה 900 גרם זיפר -,גרמים,900.00,100 גרם,false,,16.90,0.0188,true,1,148276
7290113190580,false,עדשים אדומות שקית זיפר 1קג רמילוי,,,"עדשים אדומות 1 ק""ג ז",גרמים,1000.00,100 גרם,false,,10.90,0.0109,true,1,148266
7290113190597,false,עדשים ירוקות שקית זיפר 1קג רמילוי,,,"עדשים ירוקות 1 ק""ג ז",גרמים,1000.00,100 גרם,false,,10.90,0.0109,true,1,148267
7290113192164,false,אגוזי קשיו קלופים 150 גרם ששון הקולה,דין שיווק,,אגוזי קשיו קלופים 15,גרמים,150.00,100 גרם,false,,15.90,0.1060,true,1,153790
7290113192171,false,מיקס אגוזים שקדים וחמוציות 150 גרם,דין שיווק,,מיקס אגוזים שקדים וח,גרמים,150.00,100 גרם,false,,12.90,0.0860,true,1,153791
7290113192225,false,תערובת להכנה מהירה סופלה שוקולד שקדיה 200 גרם,"י. כהן בע""מ",,תערובת להכנה מהירה ס,גרמים,200.00,100 גרם,false,,14.90,0.0745,true,1,149525
7290113192324,false,זיתים ירוקים שלמים בינוניים בית השיטה,בית-השיטה עסיס תעשיות מז,,בית השיטה זיתים ירוק,גרמים,340.00,100 גרם,false,,10.90,0.0321,true,1,151010
7290113192355,false,חרוזית זיתים ירוקים ללא גלעין 275 ג' בית השיטה,בית-השיטה עסיס תעשיות מז,,חרוזית זיתים ירוקים,גרמים,275.00,100 גרם,false,,10.50,0.0382,true,1,148220
7290113192362,false,בית השיטה טבעות זיתים ירק.א2 12*280ג חדש,בית-השיטה עסיס תעשיות מז,,בית השיטה טבעות זיתי,גרמים,280.00,100 גרם,false,,10.90,0.0389,true,1,151012
7290113192393,false,בית השיטה קוקטייל זיתים א2 336 גרם,בית-השיטה עסיס תעשיות מז,,קוקטייל זיתים בית הש,גרמים,336.00,100 גרם,false,,11.90,0.0354,true,1,146848
7290113192478,false,בית השיטה מלפפונים במלח בינוני 10-12 320 גרם,בית-השיטה עסיס תעשיות מז,,מלפפונים במלח בינוני,גרמים,320.00,100 גרם,false,,8.50,0.0266,true,1,149639
7290113192485,false,בית השיטה מלפפונים בחומץ בינוני 10-12 290 גרם,בית-השיטה עסיס תעשיות מז,,מלפפונים בחומץ בינונ,גרמים,290.00,100 גרם,false,,8.50,0.0293,true,1,149061
7290113192508,false,ב.השיטה מלפפון במלח ר.טבע א2 17-13 320 גרם,בית-השיטה עסיס תעשיות מז,,מלפפונים במלח  קטן 1,גרמים,320.00,100 גרם,false,,10.90,0.0341,true,1,149062
7290113192515,false,בית השיטה מלפפונים במלח קטן מאוד 1825 320 גרם,בית-השיטה עסיס תעשיות מז,,מלפפון במלח בית השיט,גרמים,320.00,100 גרם,false,,12.90,0.0403,true,1,149060
7290113192522,false,בית השיטה מלפפונים בחומץ קטן מאוד 1825 290 גרם,בית-השיטה עסיס תעשיות מז,,מלפפון בחומץ בית השי,גרמים,290.00,100 גרם,false,,12.90,0.0445,true,1,149640
7290113192539,false,בית השיטה מלפפונים במלח גדול 79 320 גרם,בית-השיטה עסיס תעשיות מז,,מלפפונים במלח גדול 7,גרמים,560.00,100 גרם,false,,6.90,0.0123,true,1,149063
7290113192560,false,בית השיטה פלפל שיפקה חריף כבוש 230 גרם,בית-השיטה עסיס תעשיות מז,,בית השיטה פלפל שיפקה,גרמים,230.00,100 גרם,false,,7.90,0.0343,true,1,151016
7290113192577,false,בית השיטה כרוב כבוש א2 12*430גרם חדש,"בית-השיטה תעשיות בע""\מ",,בית השיטה כרוב כבוש,גרמים,430.00,100 גרם,false,,7.90,0.0184,true,1,151017
7290113193321,false,"שמן זית כתית מעולה בית השיטה 750 מ""ל",אצטס אבסה אס. איי. יו.,,שמן זית כתית מעולה ב,מיליליטרים,750.00,"100 מ""ל",false,,29.90,0.0399,true,1,151772
7290113193673,false,זיתים שחורים יבשים במי מלח 400 גגר,,,זיתים שחורים יבשים ב,גרמים,400.00,100 גרם,false,,15.90,0.0398,true,1,149531
7290113194649,false,מלפפונים במלח קוביות בית השיטה 320 גרם,בית-השיטה עסיס תעשיו,,מלפפונים במלח קוביות,גרמים,320.00,100 גרם,false,,9.90,0.0309,true,1,158504
7290113196414,false,"אורז בסמטי 1 ק""ג - שקדיה כחול מטאלי",דאבה סינג שאם סינג,,אורז בסמטי הודי מובח,גרמים,1000.00,100 גרם,false,,11.90,0.0119,true,1,155315
7290113196490,false,פריכיות כוסמת בתוספת זרעי ציה שקדיה 150 גרם,זנבר המכללה לטבעונות,,פריכיות כוסמת בתוספת,גרמים,150.00,100 גרם,false,,11.90,0.0793,true,1,155958
7290113196513,false,פריכיות כוסמת בתוספת שקדים שקדיה 150 גרם,זנבר המכללה לטבעונות,,פריכיות כוסמת בתוספת,גרמים,150.00,100 גרם,false,,11.90,0.0793,true,1,155960
7290113196520,false,פריכיות כוסמין ללא מלח שקדיה 150 גרם,זנבר המכללה לטבעונות,,פריכיות כוסמין ללא מ,גרמים,150.00,100 גרם,false,,11.90,0.0793,true,1,155961
7290113197152,false,לבבות דקל שלמים במלח410ג,שקדיה,,לבבות דקל במי מלח 41,גרמים,410.00,100 גרם,false,,13.90,0.0339,true,1,155317
7290113470026,false,גפרורים אקסטרה לארג',,,גפרורים אקסטרה לארג',Unknown,3.00,יחידה,false,,6.90,2.3000,true,1,144711
7290113470286,false,מגבונים לניקוי כללי,,,מגבונים לניקוי כללי,Unknown,400.00,יחידה,false,,20.90,0.0522,true,1,148886
7290113470965,false,כפפות ניטרל L שחור(100 יחידות ),,,כפפות ניטריל L שחור,Unknown,100.00,יחידה,false,,25.90,0.2590,true,1,148261
7290113472075,false,שום ארוז יבוא,,,שום ארוז יבוא,מארז,1.00,מארז,false,,7.90,7.9000,true,1,148503
7290113476295,false,50 להבונים בשקית,,,50 להבונים בשקית,Unknown,50.00,יחידה,false,,11.90,0.2380,true,1,152093
7290113476301,false,נר נשמה 24 שעות,,,נר נשמה 24 שעות,Unknown,1.00,יחידה,false,,1.90,1.9000,true,1,152094
7290113476325,false,נר נשמה שבועי,,,נר נשמה שבועי,Unknown,1.00,יחידה,false,,9.60,9.6000,true,1,152096
7290113479708,false,גליל נייר מגבת מודפס איכותי למטבח,,,נייר מגבת למטבח (235,Unknown,235.00,יחידה,false,,16.90,0.0719,true,1,153494
7290113655645,false,שלישיית מגבות מטבח ברכות,,,שלישיית מגבות מטבח -,100 יחידה,1.00,100 יחידה,false,,16.90,16.9000,true,1,152038
7290113761919,false,מכשיר ג'נסיס שחור,,,מכשיר ג'נסיס שחור,Unknown,1.00,יחידה,false,,349.00,349.0000,true,1,152968
7290114310222,false,חלב מועשר בסידן וויטמין Dי 3% 1.5 ל' טרה,מילקו תעשיות בעמ,,חלב מועשר בסידן וויט,מיליליטרים,1500.00,"100 מ""ל",false,,12.90,0.0086,true,1,149548
7290114310345,false,מעדן יוגורט בטעם תות 1.5% 125 גרם טרה,מילקו תעשיות בעמ,,יוגורט בטעם תות 1.5%,גרמים,125.00,100 גרם,false,,2.70,0.0216,true,1,153107
7290114311014,false,"משקה חלב אייס קפוצ'ינו פקק ספורט טרה 250 מ""ל",מילקו תעשיות בעמ,,משקה אייס קפוצ'ינו ט,גרמים,250.00,100 גרם,false,,5.60,0.0224,true,1,158277
7290114311069,false,יוגורט לבן מועשר בחלבון 0% שומן 200 גרם muller active,מולר Muller,,מולר אקטיב 25 גרם חל,גרמים,200.00,100 גרם,false,,5.90,0.0295,true,1,158042
7290114311298,false,יוגורט מולר פרופ בטעם תות בננה מלון 150,מולר Muller,,קציפת תות בננה מלון,גרמים,150.00,100 גרם,false,,5.20,0.0347,true,1,159384
7290114311328,false,חלב מועשר דל לקטוז מעושר בויטמין Dי 2% שומן טרה 1 ליטר,ג'י.אר.אמ.גרופו אלימ,,חלב נטול לקטוז מועשר,מיליליטרים,1000.00,"100 מ""ל",false,,7.90,0.0079,true,1,159866
7290114311458,false,"חלב מועשר 3% וויטמין קרטון, 1 ל טרה",Unknown,,חלב 3% מועשר וויטמין,מיליליטרים,1000.00,"100 מ""ל",false,,7.50,0.0075,true,1,160202
7290114600927,false,עלי טורטייה חיטה מלאה מאסטר שף 320 גרם,אלקאטי קורביישיסי גי,,עלי טורטיה מחיטה מלא,גרמים,320.00,100 גרם,false,,9.90,0.0309,true,1,151502
7290114603539,false,קרוטונים למרק שום בצל מאסטר שף 350 גרם,"עינת תעשיות מזון, אגשח ב",,מאסטר שף קרוטונים למ,גרמים,350.00,100 גרם,false,,19.90,0.0569,true,1,152429
7290114606578,false,שקדי מרק מאסטר שף 400 גרם,שסטוביץ,,שקדי מרק מאסטר שף 40,גרמים,400.00,100 גרם,false,,9.90,0.0248,true,1,156144
7290114608640,false,קרוטונים לסלט כוסמין מאסטר שף 260 גרם,עינת תעשיות מזון אגו,,קרוטונים אפויים לסלט,גרמים,260.00,100 גרם,false,,19.90,0.0765,true,1,155340
7290115200027,false,אסם פתי בר פינוקים שוקו 220 גרם,קריות זול,,פתי בר פינוקי שוקו א,גרמים,220.00,100 גרם,false,,9.90,0.0450,true,1,151098
7290115201031,false,אסם פתי בר דובי שוקולד 175 גרם,טרופיקל דגיל תעשיות,,אסם פתי בר דובוני שו,גרמים,175.00,100 גרם,false,,9.90,0.0566,true,1,153196
7290115201550,false,ביסלי קרנבל מיקס 150 ג' אסם,פרו מן יו פתרונות אר,,ביסלי קרנבל מיקס 150,גרמים,150.00,100 גרם,false,,7.90,0.0527,true,1,151397
7290115201703,false,ביסלי ברביקיו גדול אסם 200 גרם,מיוצר עי קונדיטוריית,,ביסלי ברביקיו 200 גר,גרמים,200.00,100 גרם,false,,7.90,0.0395,true,1,151931
7290115201727,false,ביסלי חטיף בטעם בצל אסם 200 גרם,מיוצר עי קונדיטוריית,,ביסלי בצל 200 גרם,גרמים,200.00,100 גרם,false,,7.90,0.0395,true,1,151932
7290115203134,false,פופקו פופקורן במבה אסם 80 גרם,"אסם השקעות בע""\מ",,פופקו פופקורן במבה 8,גרמים,80.00,100 גרם,false,,5.40,0.0675,true,1,153744
7290115203172,false,במבה PRO מכיל 18 גרם חלבון בשקית,"אסם השקעות בע""\מ",,במבה פרו 80 גרם,גרמים,80.00,100 גרם,false,,4.90,0.0613,true,1,160033
7290115204056,false,"קטשופ מופחת סוכר אסם 690 גרם כשל""פ","אסם תעשיות בע""מ",,קטשופ מופחת סוכר ללא,גרמים,690.00,100 גרם,false,,10.90,0.0158,true,1,152852
7290115205527,false,חטיף פיטנס מולטיגריין עם עדשים 25 גרם,"אסם השקעות בע""\מ",,פיטנס חטיף מולטגריין,גרמים,25.00,100 גרם,false,,4.90,0.1960,true,1,159170
7290115206494,false,סופגניה מיני מטוגנת בונז'ור 50ג',Unknown,,סופגניה מיני מטוגנת,גרמים,50.00,100 גרם,false,,3.70,0.0740,true,1,155953
7290115207965,false,ויטמינצ'יק תרכיז מנגו אפרסק 1 ליטר,בית-השיטה עסיס תעשיות מז,,ויטמינצ'יק מנגו אפרס,מיליליטרים,1000.00,"100 מ""ל",false,,21.90,0.0219,true,1,157463
7290115207989,false,ויטמינצ'יק תרכיז לימון 1 ליטר,בית-השיטה עסיס תעשיות מז,,ויטמינצ'יק לימון 1 ל,מיליליטרים,1000.00,"100 מ""ל",false,,21.90,0.0219,true,1,157464
7290115208009,false,ויטמינצ'יק ענבים סירופ 1 ליטר,בית-השיטה עסיס תעשיות מז,,ויטמינצ'יק ענבים 1 ל,מיליליטרים,1000.00,"100 מ""ל",false,,21.90,0.0219,true,1,157465
7290115208047,false,סירופ פטל ויטמינצ'יק 1 ליטר,בית-השיטה עסיס תעשיות מז,,ויטמינצ'יק פטל 1 ליט,מיליליטרים,1000.00,"100 מ""ל",false,,21.90,0.0219,true,1,157466
7290115208061,false,סירופ תפוח ויטמינצ'יק 1 ליטר,בית השיטה עסיס תעשיות מז,,ויטמינצ'יק תפוח 1 לי,מיליליטרים,1000.00,"100 מ""ל",false,,21.90,0.0219,true,1,157467
7290115208320,false,אפרופו חטיף בטעם ביסלי בצל 50 גרם,"אסם השקעות בע""\מ",,אפרופו בטעם ביסלי בצ,גרמים,50.00,100 גרם,false,,4.90,0.0980,true,1,161030
7290115208344,false,בייגלה כפיות שמנת בצל אסם 300 גרם,"אסם השקעות בע""\מ",,בייגלה כפיות שמנת בצ,גרמים,300.00,100 גרם,false,,10.90,0.0363,true,1,160036
7290115209174,false,במבה אורירית קלאסי 60 גר',אסם השקעות בעמ,,במבה אורירית אסם 60,גרמים,60.00,100 גרם,false,,4.30,0.0717,true,1,159172
7290115209235,false,ביסקוויט פתי בר קפה אסם 500 גרם,"אסם תעשיות בע""מ",,פתי בר קפה אסם 500 ג,גרמים,500.00,100 גרם,false,,12.90,0.0258,true,1,160385
7290115209358,false,במבה במילוי בראוניז אסם 60 גרם,"אסם השקעות בע""\מ",,במבה במילוי בראוניז,גרמים,60.00,100 גרם,false,,4.90,0.0817,true,1,161032
7290115209372,false,במבה במילוי בראוניז 150ג' אסם,"אסם השקעות בע""\מ",,במבה במילוי בראוניז,גרמים,150.00,100 גרם,false,,10.90,0.0727,true,1,161033
7290115400847,false,עוגיות פרפריות רמי לוי 500 גרם,,,עוגיות פרפריות רמי ל,גרמים,500.00,100 גרם,false,,14.90,0.0298,true,1,158742
7290115400861,false,עוגיות מעמול רמי לוי 500 גרם,,,עוגיות מעמול תמר רמי,גרמים,500.00,100 גרם,false,,14.90,0.0298,true,1,158744
7290115400878,false,עוגיות ממולאות טעם שוקולד רמי לוי 500 גרם,,,עוגיות ממולאות בטעם,גרמים,500.00,100 גרם,false,,14.90,0.0298,true,1,158745
7290115400885,false,עוגיות עינוגי שוקולד רמי לוי 500 גרם,,,עוגיות עינוגי שוקולד,גרמים,500.00,100 גרם,false,,14.90,0.0298,true,1,158746
7290115400908,false,עוגיות מגולגלות תמרים רמי לוי 500 גרם,,,עוגיות מגולגלות תמרי,גרמים,500.00,100 גרם,false,,14.90,0.0298,true,1,158747
7290115401097,false,עוגיות נסיכה טעם תות רמי לוי 500 גרם,,,עוגיות נסיכה בטעם תו,גרמים,500.00,100 גרם,false,,14.90,0.0298,true,1,158748
7290115401103,false,עוגיות נסיכה מיקס רמי לוי 500 גרם,,,עוגיות נסיכה מיקס רמ,גרמים,500.00,100 גרם,false,,14.90,0.0298,true,1,158749
7290115401110,false,עוגיות מיני מרוקאי רמי לוי 500 גרם,,,עוגיות בסגנון מרוקאי,גרמים,500.00,100 גרם,false,,14.90,0.0298,true,1,158750
7290115401158,false,עוגיות מלוחות קריספי רמי לוי 500 גרם,,,עוגיוים מלוחות קריספ,גרמים,500.00,100 גרם,false,,14.90,0.0298,true,1,158751
7290115401196,false,עוגיות קוואקר פריכות רמי לוי 500 גרם,,,עוגיות קוואקר פריכות,גרמים,500.00,100 גרם,false,,14.90,0.0298,true,1,158753
7290115405118,false,קינוח אישי גבינה תענוג תות קפולסקי 200 ג,תופינים מקבוצת קפולסקי,,קינוח אישי תענוג תות,גרמים,200.00,100 גרם,false,,14.90,0.0745,true,1,155659
7290115405798,false,פחזניות ממולאות בטעם ריבת חלב קפולסקי 180 גרם,קפולסקי אדל בעמ,,פחזניות ממולאות בטעם,גרמים,180.00,100 גרם,false,,14.90,0.0828,true,1,160029
7290115405804,false,פחזניות ממולאות בטעם תות קפולסקי 180 גרם,קפולסקי אדל בעמ,,פחזניות ממולאות בטעם,גרמים,180.00,100 גרם,false,,14.90,0.0828,true,1,160030
7290115410921,false,חומוס ירושלמי 400ג רמילוי,,,חומוס ירושלמי רמי לו,גרמים,400.00,100 גרם,false,,10.90,0.0273,true,1,157090
7290115410938,false,טחינה רמי לוי 400 גר,,,טחינה רמי לוי 400 גר,גרמים,400.00,100 גרם,false,,10.90,0.0273,true,1,156616
7290115410952,false,חציל במיונז 400ג רמילוי,,,חציל במיונז רמי לוי,גרמים,400.00,100 גרם,false,,10.90,0.0273,true,1,157092
7290115480016,false,סוד פאוור קאפס לכביסה צבעונית 26 יחי,סוד,,סוד קפסולות ג'ל 3+1,Unknown,26.00,יחידה,false,,29.90,1.1500,true,1,158701
7290115671339,false,מיני פינוקיות בראוניז בייגל בוטן עלית 180 ג' עלית,"הגביע מוצרי ופלים בע""\מ",,מיני פינוקיות בראוני,גרמים,180.00,100 גרם,false,,10.90,0.0606,true,1,155415
7290115675696,false,דגני בוקר קראנצ'ים שיבולת שועל עם אגוזים ושקדים,גלידות שטראוס,,קוואקר Cruesli אגוזי,גרמים,375.00,100 גרם,false,,19.90,0.0531,true,1,155051
7290115675986,false,דנונה יוגורט בר עם אגוזים מקורמלים 173 גרם,"שטראוס בריאות בע""\מ",,דנונה בר עם אגוזים מ,גרמים,173.00,100 גרם,false,,4.60,0.0266,true,1,152649
7290115677089,false,קונפיטורת יד מרדכי תפוח וקינמון 340 גרם,"בית אל מזון בע""מ",,קונפיטורת תפוח קינמו,גרמים,340.00,100 גרם,false,,13.90,0.0409,true,1,155422
7290115677362,false,"נודלס טריאקי ""דלישס"" שטראוס","טרופיקל דגיל בע""מ אז",,ארוחת נודלס טריאקי 3,גרמים,350.00,100 גרם,false,,26.90,0.0769,true,1,155933
7290115677423,false,אורז ירוק קארי חריף חריף דלישס 350 גרם,"טרופיקל דגיל בע""מ אז",,ארוחת אורז קארי ירוק,גרמים,350.00,100 גרם,false,,26.90,0.0769,true,1,155934
7290115678376,false,מעדן הגולן שוקולד 125 גרם,מיוצר עי קונדיטוריית,,מעדן הגולן שוקולד 12,גרמים,125.00,100 גרם,false,,2.90,0.0232,true,1,155402
7290115678383,false,מעדן הגולן שוקולד מריר 125 גרם,מיוצר עי קונדיטוריית,,מעדן הגולן שוקולד מר,גרמים,125.00,100 גרם,false,,2.90,0.0232,true,1,155403
7290116052717,false,כפית שקוף רמי לוי 40,,,כפית שקוף רמי לוי 40,100 יחידה,40.00,100 יחידה,false,,7.90,0.1975,true,1,159582
7290116052861,false,כוס מרוקאי זהב 25יח חגיגית,,,כוס מרוקאי זהב (25 י,100 יחידה,25.00,100 יחידה,false,,8.90,0.3560,true,1,159212
7290116052922,false,פחמים איכותיים - 2 ק,,,פחמים איכותיים - 2 ק,גרמים,2000.00,גרם,false,,11.90,0.0060,true,1,160050
7290116052960,false,כף פרימיום קרם 40 יחידות,,,כף פרימיום קרם 40 יח,100 יחידה,40.00,100 יחידה,false,,7.90,0.1975,true,1,159221
7290116053028,false,מזלג פרימיום שקוף 40,,,מזלג פרימיום שקוף 40,100 יחידה,40.00,100 יחידה,false,,7.90,0.1975,true,1,159227
7290116053172,false,אטבי כביסה צבעוניים 30 יח',,,אטבי כביסה צבעוניים,Unknown,30.00,יחידה,false,,10.90,0.3633,true,1,160325
7290116053561,false,מספריים רב שימושיות,,,מספריים רב שימושיות,Unknown,1.00,יחידה,false,,16.90,16.9000,true,1,160904
7290116053837,false,מגב חלון איכותי מחליף,,,מגב חלון איכותי,Unknown,1.00,יחידה,false,,8.90,8.9000,true,1,160327
7290116054230,false,מארז 50 צלחות לבן 8.5' בסט וליו,,,צלחת 8.5 לבן בסט ולי,Unknown,50.00,יחידה,false,,17.90,0.3580,true,1,158411
7290116055657,false,כוסות חד פעמי לשתייה חמה 40 יח,,,כוס חם 8 (40 יח') רמ,100 יחידה,40.00,100 יחידה,false,,9.90,0.2475,true,1,159230
7290116056296,false,צלחת 9' קרם (50 יח') בסט וליו,,,צלחת 9 קרם 50 יחידות,Unknown,1.00,יחידה,false,,21.90,21.9000,true,1,158382
7290116530185,false,"קורנפלקס דלישקד קרמל מלוח 400 גרם בד""ץ","יוניליוור שפע ישראל בע""\",,דלישקד 400 גרם תלמה,גרמים,400.00,100 גרם,false,,20.90,0.0522,true,1,155900
7290116530482,false,תלמה מארז קורנפלקס אלופים 30 גרם*5 יחידו,פרו מן-יו פתרנות ארי,,מאגדת קורנפלקס של אל,גרמים,150.00,100 גרם,false,,13.90,0.0927,true,1,155451
7290116530871,false,נשנושים מיקס בייגל בייגל 240 גרם,"דרך השוקולד ,1 צפת 13404",,נשנושים מיקס 240 גרם,גרמים,240.00,100 גרם,false,,11.90,0.0496,true,1,159012
7290116531083,false,"ברנפלקס ללא ת.סוכר בטעם דבש בתוספת שקדים, 400 גרם","יוניליוור שפע ישראל בע""\",,ברנפלקס טעם דבש עם ש,גרמים,400.00,100 גרם,false,,21.90,0.0547,true,1,156646
7290116531090,false,בייגל בייגל דג דג במליחות עדינה 250 גרם,"דרך השוקולד ,1 צפת 13404",,דגדג חטיף אפוי במליח,גרמים,250.00,100 גרם,false,,9.90,0.0396,true,1,157607
7290116531328,false,"קליק בלאק אנד וויט חטיף שוקולד חלב 35 גרם כשל""פ",יוניליוור ישראל מזון בע\,,חטיף קליק בלאק&וויט,גרמים,35.00,100 גרם,false,,4.90,0.1400,true,1,159014
7290116531496,false,קינמונים דגנים פריכים מצופים 375 גרם,"נאוג'\אזיס נווזיס ,UAB ג",,קינמונים דגני בוקר,גרמים,375.00,100 גרם,false,,20.90,0.0557,true,1,159015
7290116531830,false,דגני בוקר קינמון 686 ג' כריות,"יוניליוור שפע ישראל בע""\",,כריות קינמון תלמה 68,גרמים,686.00,100 גרם,false,,24.90,0.0363,true,1,156657
7290116531885,false,"מיונז הלמנס טיבעוני בד""ץ 500 גר",יוניליוור ישראל מזון בע\,,ממרח טבעוני ויגן תלמ,גרמים,500.00,100 גרם,false,,13.90,0.0278,true,1,159295
7290116532011,false,קליק אוקיי נוגט בציפוי שוקולד חלב 35 גרם,תות תעשיות מזון (2014) ב,,חטיף נוגט קליק 35 גר,גרמים,35.00,100 גרם,false,,4.90,0.1400,true,1,158102
7290116532219,false,קורנפלקס תות תלמה אלופים 448 גרם,"יוניליוור שפע ישראל בע""\",,קורנפלקס תות דגני בו,גרמים,448.00,100 גרם,false,,17.90,0.0400,true,1,159016
7290116532264,false,גודיז פרי אפרסק – שלגון מופחת קלוריות עם יוגורט בציפוי בטעם אפרסק,"גלידת שטראוס בע""\מ, רחוב",,מאגדת גודיז פרי אפרס,גרמים,300.00,100 גרם,false,,22.90,0.0763,true,1,158158
7290116532271,false,סנדוויץ לייט גודיז שוקולד וניל 270 ג' שטראוס,"גלידת שטראוס בע""\מ, רחוב",,מאגדת גודיז סנדוויץ',גרמים,270.00,100 גרם,false,,24.90,0.0922,true,1,158159
7290116532400,false,בייגל בייגל בייגלה מקלות עם מלח 235ג,בייגל בייגל,,בייגלה עם מלח אחד אח,גרמים,235.00,100 גרם,false,,6.90,0.0294,true,1,159296
7290116930282,false,ארוחה בקטנה לאבנה עם קרקרים 150ג' תנובה,תנובה חלב,,ארוחה בקטנה לאבנה עם,גרמים,150.00,100 גרם,false,,8.50,0.0567,true,1,159869
7290116930435,false,יופלה גו במרקם סמיך עם דובדבן 0% 200מל,תנובה מרכז שיתופי לש,,יוגורט יופלה גו סמיך,גרמים,200.00,100 גרם,false,,5.90,0.0295,true,1,158741
7290116930626,false,ארוחה בקטנה ציזיקי עם קרקרים 150ג' תנובה,תנובה חלב,,ארוחה בקטנה ציזיקי ע,גרמים,150.00,100 גרם,false,,8.50,0.0567,true,1,159870
7290116930701,false,מעדן חלב GO מועשר בחלבון בטעם קרמל מלוח,תנובה מרכז שיתופי לש,,מעדן חלב גו בטעם קרמ,גרמים,120.00,100 גרם,false,,4.90,0.0408,true,1,159248
7290116930725,false,סויה BIO קוקוס גביע 150 גרם אלטרנטיב,תנובה חלב,,מעדן סויה ביו קוקוס,גרמים,150.00,100 גרם,false,,4.80,0.0320,true,1,159871
7290116930954,false,יוגורט טעם פאי תפוחים 3% 150 ג' יופלה,"תנובה בע""\מ",,יופלה פאי תפוחים 3%,גרמים,150.00,100 גרם,false,,5.00,0.0333,true,1,161041
7290116931081,false,מעדן סויה - טופי קרמל 125 גרם אלטרנטיב,תנובה מרכז שיתופי לש,,מעדן סויה בטעם טופי,גרמים,125.00,100 גרם,false,,4.20,0.0336,true,1,159872
7290116931104,false,יופלה GO במרקם סמיך עם אננס 0% תנובה 200 גרם,תנובה בעמ,,יופלה גו במרקם סמיך,גרמים,200.00,100 גרם,false,,5.90,0.0295,true,1,159873
7290117260227,false,קפה טורקי אמיתי מטורקיה 100 גרם,פריזלנד פודס קיוויט בי.ו,,קפה טורקי קלוי מטורק,גרמים,100.00,100 גרם,false,,6.90,0.0690,true,1,157359
7290117261590,false,סרדינים בריסלינג מעושנים בשמן זית 185 גרם צנצנת,גולדן פרייז קאנינג אל.טי,,סרדינים בריסלינג מעו,גרמים,185.00,100 גרם,false,,13.90,0.0751,true,1,160705
7290117900949,false,בוטנים מצופים אמריקאים 250 גרם,"שקדיה גבע תעשיות בע""",,בוטנים מצופים אמריקא,גרמים,250.00,100 גרם,false,,10.90,0.0436,true,1,159418
7290117900956,false,תערובת פיצוחים קלויים ששון הקולה 180 גרם,"שקדיה גבע תעשיות בע""",,תערובת פיצוחים קלויי,גרמים,180.00,100 גרם,false,,15.90,0.0883,true,1,159419
7290117900970,false,שקדים קלויים ששון הקולה 180 גם,דין שיווק וקלייה בעמ,,שקדים קלויים ששון הק,גרמים,180.00,100 גרם,false,,15.90,0.0883,true,1,159421
7290117900987,false,אגוז פקאן קלוף ששון הקולה 140 גרם,"שקדיה גבע תעשיות בע""",,אגוז פקאן קלוף ששון,גרמים,140.00,100 גרם,false,,15.90,0.1136,true,1,159422
7290117900994,false,פקאן סיני מסוכר ששון הקולה 140 גרם,"שקדיה גבע תעשיות בע""",,פקאן סיני מסוכר ששון,גרמים,140.00,100 גרם,false,,15.90,0.1136,true,1,159423
7290117901007,false,פיסטוקים קלויים ששון הקולה 130 גרם,"שקדיה גבע תעשיות בע""",,פיסטוקים קלויים ששון,גרמים,130.00,100 גרם,false,,15.90,0.1223,true,1,159424
7290117901014,false,קשיו קלוי ששון הקולה 160 גרם,"שקדיה גבע תעשיות בע""",,קשיו קלוי ששון הקולה,גרמים,160.00,100 גרם,false,,15.90,0.0994,true,1,159425
7290117901038,false,אגוזי מלך קלופים ששון הקולה 190 גרם,"שקדיה גבע תעשיות בע""",,אגוזי מלך קלופים ששו,גרמים,190.00,100 גרם,false,,15.90,0.0837,true,1,159427
7290117901045,false,בוטן רביולי ששון הקולה 200 גרם,דין שיווק וקלייה בעמ,,בוטן רביולי ששון הקו,גרמים,200.00,100 גרם,false,,15.90,0.0795,true,1,159428
7290117901052,false,שקדים קלופים ששון הק,"שקדיה גבע תעשיות בע""",,שקדים קלופים ששון הק,גרמים,180.00,100 גרם,false,,15.90,0.0883,true,1,159429
7290118072980,false,סביבון חללית,,,סביבון חללית,Unknown,1.00,יחידה,false,,15.90,15.9000,true,1,161426
7290118072997,false,סביבון קשת,,,סביבון קשת,Unknown,1.00,יחידה,false,,16.90,16.9000,true,1,161427
7290118077985,false,חנוכייה מעוצבת בינונית 28סמ רגל מעוצבת כסף מבריק,,,חנוכייה מעוצבת בינונ,Unknown,1.00,יחידה,false,,89.90,89.9000,true,1,161434
7290118420071,false,במבה ביסלי ברביקיו מיקס 80ג' אסם,"אסם השקעות בע""\מ",,במבה ביסלי ברביקיו מ,גרמים,80.00,100 גרם,false,,4.90,0.0613,true,1,161034
7290118420477,false,אסם בייגלה שטוחים בטעם ביסלי בצל 300 גרם,"אסם תעשיות בע""מ",,אסם בייגלה שטוחים בט,גרמים,300.00,100 גרם,false,,9.90,0.0330,true,1,161036
7290620066414,true,קרש חיתוך וסכין,,,קרש חיתוך וסכין,,0.00,,false,,0.00,0.0000,true,1,133633
7290620066415,true,קרש חיתוך וסכין,,,קרש חיתוך וסכין,,0.00,,false,,0.00,0.0000,true,1,133939
7291008085035,true,"תמר מג""הול 200 גרם",,,"תמר מג""הול 200 גרם",,0.00,,false,,5.00,0.0000,true,1,133075
7293110630409,true,סט יופי - צעצוע,,,סט יופי - צעצוע,,0.00,,false,,5.00,0.0000,true,1,135433
7293110630416,true,סט כלי עבודה - צעצוע,,,סט כלי עבודה - צעצוע,,0.00,,false,,5.00,0.0000,true,1,135434
7293110630423,true,סט רופא - צעצוע,,,סט רופא - צעצוע,,0.00,,false,,5.00,0.0000,true,1,135435
7293110630430,true,משחק דגים - צעצוע,,,משחק דגים - צעצוע,,0.00,,false,,5.00,0.0000,true,1,135436
7293110630447,true,חיות בשקית - צעצוע,,,חיות בשקית - צעצוע,,0.00,,false,,5.00,0.0000,true,1,135437
7293110630454,true,סט שוטר,,,סט שוטר,,0.00,,false,,5.00,0.0000,true,1,135438
7296000412565,true,חלב סויה עמיד 1 ליטר,,,חלב סויה עמיד 1 ליטר,,0.00,,false,,0.00,0.0000,true,1,137156
7296168010590,false,פדים להסרת איפור 80*,,,פדים להסרת איפור 80*,Unknown,80.00,יחידה,false,,16.90,0.2112,true,1,152886
7297535004488,true,זוג ציפיות,,,זוג ציפיות,,0.00,,false,,10.00,0.0000,true,1,133115
7297535006444,true,מפה+ראנר,,,מפה+ראנר,,0.00,,false,,5.00,0.0000,true,1,133275
7297535007304,true,זוג ציפיות,,,זוג ציפיות,,0.00,,false,,5.00,0.0000,true,1,133951
7312040017683,false,"אבסולוט וודקה, 700 מ''ל","איי, בי, אינבוו",,"וודקה אבסולוט 700 מ""",מיליליטרים,700.00,"100 מ""ל",false,,67.90,0.0970,true,1,136664
7394376123337,false,"משקה שיבולת שועל אורגני מפוקח ע""י סקאל",טרנסומס פוד איי.בי,,משקה שיבולת שועל אור,מיליליטרים,1000.00,"100 מ""ל",false,,14.50,0.0145,true,1,150965
7501035010109,true,טקילה קוורבו אספסיאל,,,טקילה קוורבו אספסיאל,,0.00,,false,,0.00,0.0000,true,1,134505
7501035042155,true,טקילה קוורבו גולד 1,,,טקילה קוורבו גולד 1,,0.00,,false,,0.00,0.0000,true,1,133904
7501064191398,false,שישיית בירה קורונה אקסטרא *355 מל,קריניציה ויטמינה אס,,בירה קורונה שישייה 3,מיליליטרים,2130.00,"100 מ""ל",false,,39.90,0.0187,true,1,143841
7610100034084,false,מיונז טומי בשפורפרת 265 גרם,נסטלה שוויץ ס.א,,מיונז טומי 265 גרם,גרמים,265.00,100 גרם,false,,14.90,0.0562,true,1,143779
7610400014649,false,לינדור קוביות במילוי קרם שוקולד חלב 100 גרם,לינדט ושפרונגלי קילשברג,,שוקולד לינדור בודד מ,גרמים,100.00,100 גרם,false,,15.80,0.1580,true,1,156320
7610400074155,false,לינדט לינדור קוביות במילוי קרם שוקולד 60% מוצקי קקאו 100 גרם,לינדט ושפרונגלי קילשברג,,שוקולד לינדור בודד 6,גרמים,100.00,100 גרם,false,,15.80,0.1580,true,1,156323
7610400075787,false,לינדט לה גרנד שוקולד חלב אגוז 150 גרם,לינדט ושפרונגלי קילשברג,,שוקולד לינדט לגרנד ח,גרמים,150.00,100 גרם,false,,23.90,0.1593,true,1,156325
7610400085946,false,לינדט לגרנד דארק אלמונד סולט 150 גרם,לינדט ושפרונגלי קילשברג,,שוקולד לינדט לגרנד ד,גרמים,150.00,100 גרם,false,,23.90,0.1593,true,1,156326
7610400091060,false,שוקולד מריר לינדט אקסלנס בתוספת תפוז ושקדים,לינדט ושפרונגלי קילש,,שוקולד לינדט אקסלנס,גרמים,100.00,100 גרם,false,,14.90,0.1490,true,1,156327
7613030979647,false,דגני בוקר טריקס פירות עולם היורה 480 ג',ג'נרל מילס סאן אדריא,,דגני תירס תפוחים בטע,גרמים,480.00,100 גרם,false,,23.90,0.0498,true,1,140689
7613032045753,false,פיטנס - דגני בוקר שוקולד 375 גרם,הנסיך- מפעל לייצור ט,,פיטנס שוקולד 375 גרם,גרמים,375.00,100 גרם,false,,19.90,0.0531,true,1,140690
7613032202149,true,סוכריות סמרטיז 38 גר,,,סוכריות סמרטיז 38 גר,,0.00,,false,,0.00,0.0000,true,1,137631
7613034928931,true,קיט קאט אצבעות 45 גר,,,קיט קאט אצבעות 45 גר,,0.00,,false,,0.00,0.0000,true,1,134435
7613036737623,false,קראנץ' רולס נסטלה 410 גרם,"אסם תעשיות בע""מ",,קראנץ מקס 410 גרם,גרמים,410.00,100 גרם,false,,23.90,0.0583,true,1,143690
7613036880855,false,גרבר מחית תפוח עץ ובננה 190 גרם,נסטלה פולסקה אס.איי,,גרבר מחית תפוח עץ וב,גרמים,190.00,100 גרם,false,,5.90,0.0311,true,1,146811
7613037686906,false,פיטנס - דגני בוקר שקדים ודבש 355 גרם,הנסיך- מפעל לייצור ט,,דגני בוקר עם שקדים ו,גרמים,355.00,100 גרם,false,,19.90,0.0561,true,1,147750
7613039879382,false,גרבר - מחית תפוחי עץ 190 גרם,נסטלה פולסקה אס.איי,,מחית תפוח עץ שלב 3 ג,גרמים,190.00,100 גרם,false,,5.90,0.0311,true,1,155305
7613287121783,false,סמארטיס מיני 16*187 גרם,נסטלה גרמניה,,סמארטיס מיני 187 גרם,גרמים,187.00,100 גרם,false,,14.90,0.0797,true,1,153754
7613600003796,true,פאקט-פאל מאל סופרסלי,,,פאקט-פאל מאל סופרסלי,,0.00,,false,,0.00,0.0000,true,1,135208
7617900102012,true,לקי,,,לקי,,0.00,,false,,0.00,0.0000,true,1,134886
7622010001858,false,עוגיות אוראו ממולאות קרם וניל 176 גרם.,פי אר ג'\יי אס אי מנדלז,,אוראו וניל 176 גרם ב,גרמים,176.00,100 גרם,false,,9.90,0.0563,true,1,138219
7622200006472,true,מילקה - שוקולד מריר,,,מילקה - שוקולד מריר,,0.00,,false,,5.00,0.0000,true,1,133311
7622201502515,false,עוגיות מילקה קוקי לופ שוקולד צ'יפס,גיורי קייקס קייאפטי,,מילקה קוקי לופ 132 ג,גרמים,132.00,100 גרם,false,,11.90,0.0902,true,1,156189
7622201802363,false,מילקה טבלת שוקולד חלב וצימוקים ואגוזים 100ג',מנדלז דויצ'\לנד סנקס פרו,,שוקולד חלב עם אגוזים,גרמים,100.00,100 גרם,false,,6.90,0.0690,true,1,155638
7622201802394,false,שוקולד מילקה חלב מסרונים 100 גרם,מנדלז דויצ'\לנד סנקס פרו,,שוקולד חלב מילקה 100,גרמים,100.00,100 גרם,false,,6.90,0.0690,true,1,155639
7622201809188,false,ביסקוויט עם שוקולד חלב מילקה,מונדלז פרנס ביסקוויט פרו,,מילקה ביסקויט 150 גר,גרמים,150.00,100 גרם,false,,10.90,0.0727,true,1,155640
7622201819170,false,שוקולד מילקה דרק שקדים 85 גרם.,מונדלז דויטשלנד סנאק,,מילקה דארק שקדים 85,גרמים,85.00,100 גרם,false,,7.90,0.0929,true,1,156224
7622210007469,true,מילקה - שוקולד חלב ע,,,מילקה - שוקולד חלב ע,,0.00,,false,,5.00,0.0000,true,1,133313
7622210007476,true,מילקה - שוקולד חלב ע,,,מילקה - שוקולד חלב ע,,0.00,,false,,5.00,0.0000,true,1,133314
7622210159144,true,מילקה - שוקולד נפלאו,,,מילקה - שוקולד נפלאו,,0.00,,false,,5.00,0.0000,true,1,134774
7622210163899,false,שוקולד חלב במילוי סוכריות עדשים,מונדלז דויצ'לנד סנקס,,מילקה שוקולד חלב עם,גרמים,100.00,100 גרם,false,,6.90,0.0690,true,1,141176
7622210186218,true,חטיף קוטדור שוקולד ח,,,חטיף קוטדור שוקולד ח,,0.00,,false,,5.00,0.0000,true,1,135243
7622210292834,true,שיפר שוקולד מילקה2 -,,,שיפר שוקולד מילקה2 -,,0.00,,false,,0.00,0.0000,true,1,134425
7622210463289,true,מילקה חטיף אוראו 41,,,מילקה חטיף אוראו 41,,0.00,,false,,5.00,0.0000,true,1,135992
7622210835338,false,אוראו עוגיות ממולאות טעם בראוניז 176 גרם,מנדלז אספנה גאלטס פר,,עוגיות אוראו בראוניז,גרמים,176.00,100 גרם,false,,8.90,0.0506,true,1,141177
7622300291785,true,מילקה - שוקולד חלב ב,,,מילקה - שוקולד חלב ב,,0.00,,false,,5.00,0.0000,true,1,133318
7622300315283,false,אוראו עוגיות ממולאות קרם וניל 154 גרם,"מונדלז CR פרודקשיין,",,אוראו וניל 154 גרם,גרמים,154.00,100 גרם,false,,6.90,0.0448,true,1,155641
7622300441715,false,עוגיות מילקה ביסקוויט ממולא קרם חלב מצופה למחצה בשוקולד חלב 150 גר',מוביל בעל מוניטין,,מילקה עוגיות שוקו מי,גרמים,150.00,100 גרם,false,,11.90,0.0793,true,1,160635
7622300489434,false,"עוגיות אוראו פאדג' בציפוי שוקולד חלב, 246 גרם",מנדלז אספנה גאלטס פר,,אוראו עוגיות מצופות,גרמים,246.00,100 גרם,false,,18.90,0.0768,true,1,151007
7622300495046,false,מילקה שוקולד חלב עם אקסטרה קקאו 100 גרם,מנדלז דויצ'\לנד סנקס פרו,,מילקה אקסטרה קקאו 10,גרמים,100.00,100 גרם,false,,6.90,0.0690,true,1,156227
7622300617820,false,מילקה שוקולד חלב במילוי קרם חלב ווניל ושבבי עוגיות אוראו 100 גרם,מנדלז דויצ'\לנד סנקס פרו,,מילקה אוראו 100 גרם,גרמים,100.00,100 גרם,false,,6.90,0.0690,true,1,133319
7622300719173,true,מילקה חטיף קרמל 45 ג,,,מילקה חטיף קרמל 45 ג,,0.00,,false,,5.00,0.0000,true,1,135993
7622400005190,false,שוקולד חלב נגיעות שוקולד לבן מילקה 100 ג,מנדלז דויצ'\לנד סנקס פרו,,שוקולד חלב חום לבן מ,גרמים,100.00,100 גרם,false,,6.90,0.0690,true,1,133320
7622400719066,true,מילקה - שוקולד חלב ב,,,מילקה - שוקולד חלב ב,,0.00,,false,,5.00,0.0000,true,1,133321
7622400806612,true,מילקה - שוקולד חלב ב,,,מילקה - שוקולד חלב ב,,0.00,,false,,5.00,0.0000,true,1,133322
7630477891738,false,סטארבקס קפסולות קפה אספרסו בלונד 10 יחיד,נסטלה שוויץ - קפה,,קפסולות קפה בלונד חו,גרמים,53.00,100 גרם,false,,22.90,0.4321,true,1,151472
7777555515190,false,מצקת,,,מצקת,Unknown,1.00,יחידה,false,,15.00,15.0000,true,1,150553
7777886600084,false,שישיית מזלגות,,,שישיית מזלגות,Unknown,1.00,יחידה,false,,9.90,9.9000,true,1,149101
7777886600091,false,שישיית כפיות,,,שישיית כפיות,Unknown,1.00,יחידה,false,,7.90,7.9000,true,1,149102
7777886600107,false,שישיית כפות,,,שישיית כפות,Unknown,1.00,יחידה,false,,9.90,9.9000,true,1,149099
7777886600732,false,קליפסים ארוכים לשקיות,,,קליפסים ארוכים לשקיו,Unknown,1.00,יחידה,false,,6.90,6.9000,true,1,149399
7777886602316,false,מטאטא בראבה,,,מטאטא בראבה,Unknown,1.00,יחידה,false,,14.90,14.9000,true,1,142614
7777886604907,false,מחבת יציקה איכותית 24 סדרת עץ,,,מחבת יציקה איכותית 2,Unknown,1.00,יחידה,false,,59.90,59.9000,true,1,142631
7777886605225,false,קולפן מקצועי רב שימושי,,,קולפן מקצועי רב שימו,Unknown,1.00,יחידה,false,,19.90,19.9000,true,1,144775
7777887755554,false,סט סכינים רב שימושיות רמי לוי,,,סט סכינים רב שימושיו,Unknown,1.00,יחידה,false,,19.90,19.9000,true,1,142636
7790580300005,true,שערות סבתא בטעם תות,,,שערות סבתא בטעם תות,,0.00,,false,,0.00,0.0000,true,1,133367
7792860016217,true,סוכריות בייבי דול,,,סוכריות בייבי דול,,0.00,,false,,0.00,0.0000,true,1,133469
7804414001614,false,"דון חוליו שיראז 750 מ""ל",צ'ילה לואיס פיליפה אדוארדס,,יין אדום שיראז דון ח,מיליליטרים,750.00,"100 מ""ל",false,,31.50,0.0420,true,1,145776
7920004136222,true,מארז שוקו 6*250 מל,,,מארז שוקו 6*250 מל,,0.00,,false,,0.00,0.0000,true,1,138051
7920005431364,true,"עוגת גבינה כלש""פ",,,"עוגת גבינה כלש""פ",,0.00,,false,,6.00,0.0000,true,1,134226
7920005431609,true,טירמיסו כשלפ,,,טירמיסו כשלפ,,0.00,,false,,5.00,0.0000,true,1,134228
8000070053472,false,לוואצה קרמה גוסטו קלאסיקו מס' 12 קפסולות לקפה 55 גרם,לאוג'י לוואצה אס.פי.אי,,לוואצה קרמה גוסטו קל,גרמים,57.00,100 גרם,false,,19.90,0.3491,true,1,160867
8000070081017,false,קפסולות קפה אספרסו דיצו 10 10 יחידות,לאוג'\י לוואצה אס.פי.אי,,קפסולות קפה דיצ'ו חו,Unknown,11.00,יחידה,false,,19.90,1.8091,true,1,140804
8000300380378,false,"טבלת שוקולד חלב לל""ג",,,פרוג'ינה שוקולד חלב,,1.00,יח,false,,11.90,11.9000,true,1,160697
8000300389067,false,בונ.באצ'י פרימיום שק125ג,באצי פרוגינה איטליה,,שקית באצ'י 125 גרם,גרמים,125.00,100 גרם,false,,19.90,0.1592,true,1,160694
8000320010088,false,"רוטב עגבניות במרקם גס 680 מ""ל MUTTI",קונסרב,,פסאטה צ'יריו במרקם ג,מיליליטרים,680.00,"100 מ""ל",false,,11.90,0.0175,true,1,160198
8000320010095,false,"רוטב עגבניות במרקם עדין 700 מ""ל MUTTI",קונסרב,,פסאטה צ'יריו במרקם ע,מיליליטרים,700.00,"100 מ""ל",false,,11.90,0.0170,true,1,160199
8000380003761,false,וופל גרנד פטיסרי שוקולד וקוקוס לואקר 100 גרם,קריניציה ויטמינה אס,,לואקר גרנד פטיסרי קו,גרמים,100.00,100 גרם,false,,12.90,0.1290,true,1,148642
8000380004676,false,קוביות וופל סנדוויץ Sandwich עם וניל וחלב,"א. לואקר, קונפקט ג'י",,וופלים עם קרם וניל ל,גרמים,200.00,100 גרם,false,,12.90,0.0645,true,1,152155
8000380004911,false,קוביות וופל קואדרטיני Quadratini קרם אגוזים,קריניציה ויטמינה אס,,קואדרטיני אגוז 250 ג,גרמים,250.00,100 גרם,false,,14.90,0.0596,true,1,139415
8000380004966,false,וופל קוארדטיני לואקר קוביות שוקולד 250ג',קריניציה ויטמינה אס,,קואדרטיני שוקולד 250,גרמים,250.00,100 גרם,false,,14.90,0.0596,true,1,139416
8000380007219,false,וופלים בטעם אגוזים לואקר 175 גרם,ליימן מותגים,,ופלים אגוזים נאפוליט,גרמים,175.00,100 גרם,false,,11.90,0.0680,true,1,152156
8000380007257,false,וופל גרדנה אגוזים לואקר 200 גרם,קריניציה ויטמינה אס,,גרדנה אגוז 200 גרם,גרמים,200.00,100 גרם,false,,13.90,0.0695,true,1,139678
8000380007264,false,וופלים בטעם קקאו לואקר 175 גרם,קריניציה ויטמינה אס,,ופלים שוקולד קרם קקא,גרמים,175.00,100 גרם,false,,11.90,0.0680,true,1,152951
8000380106028,false,טורטינה לואקר וופל שוקולד ואגוזים שישיה 125ג',קריניציה ויטמינה אס,,ופל טורטינה קרם אגוז,גרמים,125.00,100 גרם,false,,16.90,0.1352,true,1,139681
8000380144044,false,גרדנה וופל מצופה שוקולד חלב לואקר 200 גרם,"א. לואקר , AG/SpA, ו",,גרדנה שוקולד 200 גרם,גרמים,200.00,100 גרם,false,,13.90,0.0695,true,1,143782
8000380153442,false,וופל קלאסיק בטעם אגוזים לואקר 90 גרם,ליימן שליסל,,לואקר בטעם אגוז 90 ג,גרמים,90.00,100 גרם,false,,5.00,0.0556,true,1,134900
8000380180837,false,וופל גרנד פטיסרי קוקוס לבן מצופה שוקולד לבן לואקר 100 גרם,"אינסטנטה בע""מ",,גרנד פטיסרי לבן 100,גרמים,100.00,100 גרם,false,,12.90,0.1290,true,1,148648
8000380187119,false,עוגיות במילוי קרם אגוזי לוז לואקר 100 גר,לואקר Loacker,,לואקר עוגיות אגוזי ל,גרמים,100.00,100 גרם,false,,14.90,0.1490,true,1,151460
8000380187775,false,לואקר וופל גרנדה אגוז 136 גרם,Unknown,,לואקר גרדנה אגוז 136,גרמים,136.00,100 גרם,false,,11.90,0.0875,true,1,160720
8000380206896,false,וופל גרדנה חמאת בוטנים לואקר 200 גרם,ליימן מותגים,,וופל גרדנה חמאת בוטנ,גרמים,200.00,100 גרם,false,,13.90,0.0695,true,1,158499
8000500023624,false,חטיפי הפי היפו Happy Hippo במילוי קרם חלב וקקאו,פררו - אלבה,,קינדר הפי היפו חמישי,גרמים,103.50,100 גרם,false,,11.90,0.1150,true,1,139275
8000500026731,false,שוקולד ביצי הפתעה קינדר שלישייה,פררו אס.פי.אי,,קינדר ביצת הפתעה שלש,גרמים,60.00,100 גרם,false,,14.90,0.2483,true,1,139266
8000500029350,false,מארז וופל מצופה 3יח' *43 גרם קינדר בואנו,פררו - אלבה,,קינדר בואנו שלישיה 3,גרמים,129.00,100 גרם,false,,10.90,0.0845,true,1,139258
8000500033784,true,קינדר שוקולד 50 גרם,,,קינדר שוקולד 50 גרם,,0.00,,false,,0.00,0.0000,true,1,138559
8000500039106,true,קינדר ביצת הפתעה 20,,,קינדר ביצת הפתעה 20,,0.00,,false,,5.00,0.0000,true,1,134583
8000500071083,false,אצבעות שוקולד קינדר Kinder שש עשרה יחידות,פררו - אלבה,,קינדר אצבעות שוקולד,גרמים,200.00,100 גרם,false,,11.90,0.0595,true,1,139274
8000500073698,true,קינדר בואנו חלב 43 ג,,,קינדר בואנו חלב 43 ג,,0.00,,false,,3.70,0.0000,true,1,134584
8000500121436,false,מארז קינדר בואנו Kinder Bueno לבן שלוש יחידות,פררו - אלבה,,קינדר בואנו לבן שלשה,גרמים,117.00,100 גרם,false,,10.90,0.0932,true,1,139260
8000500126325,false,ביצי שוקולד הפתעה קינדר ג'וי ורוד בנות שלישיה,פררו - אלבה,,קינדר גוי ורוד שלשה,גרמים,60.00,100 גרם,false,,14.90,0.2483,true,1,139268
8000500192801,false,בונבוניירה רושה 100 גרם,פררו,,פררו רושר שוקולד עם,גרמים,100.00,100 גרם,false,,14.90,0.1490,true,1,161064
8000500227848,false,נוטלה - בי רדי אצבעות ביסקוויט במילוי שוקולד 6 יח' * 22 גרם,פררו,,נוטלה בי רדי 6*22 גר,גרמים,132.00,100 גרם,false,,10.90,0.0826,true,1,141725
8000500256213,false,קינדר שוקולד מיני בשקית.,פררו - אלבה,,קינדר שוקולד מיני 12,גרמים,120.00,100 גרם,false,,9.90,0.0825,true,1,142116
8000500267103,false,קינדר דליס עוגת ספוג קקאו במילוי חלבי*10,קינדר Kinder,,קינדר עוגיות אישיות,גרמים,390.00,100 גרם,false,,19.90,0.0510,true,1,141723
8000500269169,false,קינדר קארדס Kinder Cards - חמישייה,קינדר Kinder,,קינדר קרדס 128 גרם,גרמים,128.00,100 גרם,false,,13.90,0.1086,true,1,160319
8000500353738,false,רביעיה סוכריות בטעם מנטה חזק 4 * 16 ג' טחק טק,פררו,,טיק טק מנטה חזק רביע,Unknown,4.00,יחידה,false,,9.90,2.4750,true,1,152001
8000500386941,false,"ממרח קקאו עם אגוזי לוז, 900 גרם",קדבורי,,ממרח קקאו עם אגוזי ל,גרמים,900.00,100 גרם,false,,29.90,0.0332,true,1,158456
8000798000161,true,ראש מטאטא,,,ראש מטאטא,,0.00,,false,,5.00,0.0000,true,1,132385
8001003202035,false,סוכריות ג'לי בטעם פירות יוגטה 80 גרם,צ'וקטה,,ג'לי בטעם פירות יוגט,גרמים,80.00,100 גרם,false,,4.90,0.0613,true,1,158502
8001090493637,false,"הד אנד שולדרס שמפו אולטרא טוטאל קר 450 מ""ל",פרוקטר אנד גמבל,,הד אנד שולדרס שמפו א,מיליליטרים,450.00,"100 מ""ל",false,,19.90,0.0442,true,1,151213
8001160001786,false,"משקה אנרגיה גטורייד ספורט כחול 500מ""ל",אקווה מינרלה סאן בנדטו,,גטורייד ספורט כחול 5,מיליליטרים,500.00,"100 מ""ל",false,,10.40,0.0208,true,1,149418
8001160001892,false,"משקה אנרגיה גטורייד ספורט תפוז אדום 500מ""ל",אקווה מינרלה סאן בנדטו,,גטורייד ספורט תפוז א,מיליליטרים,500.00,"100 מ""ל",false,,10.40,0.0208,true,1,149419
8001440118944,false,שלישיית עגבניות פולפה צ'יריו 400 גרם,דיפלומט,,שלישיית עגבניות פולפ,גרמים,1200.00,100 גרם,false,,15.90,0.0133,true,1,160200
8001620019160,false,"סן בנדטו מים מינרלים בטעם אפרסק 500 מ""ל",אקווה מינרלה סאן בנדטו ב,,סן בנדטו אפרסק 400 מ,מיליליטרים,400.00,"100 מ""ל",false,,6.90,0.0172,true,1,159003
8001675105221,true,פרלינים שוקולד חלב1,,,פרלינים שוקולד חלב1,,0.00,,false,,5.00,0.0000,true,1,133975
8001675105238,true,פרלינים שוקולד מריר,,,פרלינים שוקולד מריר,,0.00,,false,,5.00,0.0000,true,1,133976
8001841663692,false,פיירי אקסטרא נוזל כל,,,נוזל כלים פיירי אקסט,מיליליטרים,900.00,"100 מ""ל",false,,12.50,0.0139,true,1,158340
8002670504279,false,גרנורולו בורגר טבעוני 220 גרם,,,גרנרולו בורגר צמחי 2,גרמים,220.00,100 גרם,false,,22.90,0.1041,true,1,158542
8003385312340,false,עגבניות טחון דק (רוט,,,עגבניות טחון דק (רוט,גרמים,680.00,100 גרם,false,,12.90,0.0190,true,1,152404
8003440997710,false,מסטיק ביג באבול בטעם קולה לימון צ'ופה צ'ופס 27.6 גרם,מותגים,,גומי לעיסה ביג באבול,גרמים,27.60,100 גרם,false,,2.90,0.1051,true,1,155797
8004030022010,false,ירקות גינה עם טונה ריו מרה אינסלטיסימי 160 ג',"בולטון אלימנטרי בע""\מ",,סלט ירקות גינה עם טו,גרמים,160.00,100 גרם,false,,15.90,0.0994,true,1,144023
8004030044005,false,נתחי טונה בהירה בשמן זית ריו מרה 112גרם,"בולטון אלימנטרי בע""\מ",,טונה בהירה בשמן זית,גרמים,160.00,100 גרם,false,,16.90,0.1056,true,1,141043
8004030102033,false,טונה בשמן זית עם מיץ לימון ופלפל שחור - מארז 3 יח',בולטון אלימנטרי,,נתחי טונה בהירה בשמן,גרמים,240.00,100 גרם,false,,24.90,0.1037,true,1,142991
8004030344938,false,"ריו מרה טונה בשמן זית 3X80 גרם מתכון חדש כשל""פ","בולטון אלימנטרי בע""\מ",,נתתי טונה בהירה בשמן,גרמים,240.00,100 גרם,false,,24.90,0.1037,true,1,141044
8004690052044,false,פסטה לאמוליזנה פנה ז,לה מוליזנה קמפובאסן,,פסטה פנה לה מוליסנה,גרמים,500.00,100 גרם,false,,7.90,0.0158,true,1,151651
8004800000071,false,לאגו פלאסיר- גלילי ופל במילוי קרם אגוזי לוז שוקולד חלב - 100 ג',לגו גרופ ס.פ.א.,,גלילי ופל בקרם אגוזי,גרמים,100.00,100 גרם,false,,11.90,0.1190,true,1,160042
8005110200014,false,רסק עגבניות 210 ג' CONCENTRATO MUTTI,"איי, בי, אינבוו",,רסק עגבניות 22° בתוס,גרמים,210.00,100 גרם,false,,8.50,0.0405,true,1,141429
8005110551253,false,רוטב לפיצה להכנת פיצה איטלקית קלאסית,"איי, בי, אינבוו",,רוטב עגבניות לפיצה מ,גרמים,400.00,100 גרם,false,,9.90,0.0248,true,1,148756
8005200256587,false,נסטי - תה קר בטעם אפרסק 1.5 ליטר,מפעל סאנפלגרינו S.P.A,,נסטי אפרסק 1.5 ליטר,מיליליטרים,1500.00,"100 מ""ל",false,,8.90,0.0059,true,1,156612
8005200286584,false,נסטי- תה קר - בטעם מנגו אננס 1.5 ליטר,מפעל סאנפלגרינו S.P.A,,נסטי מנגו אננס 1.5 ל,מיליליטרים,1500.00,"100 מ""ל",false,,8.90,0.0059,true,1,156613
8005200316588,false,תה קר דיאט בטעם אפרסק נסטי 1.5 ליטר,מפעל סאנפלגרינו s.p.a,,נסטי דיאט אפרסק 1.5,מיליליטרים,1500.00,"100 מ""ל",false,,8.90,0.0059,true,1,156614
8006540112854,false,"מרכך כביסה מרוכז בניחוח סחלב לנור 900 מ""ל",פרוקטר אנד גמבל,,לנור מרכך מרוכז בניח,מיליליטרים,900.00,"100 מ""ל",false,,15.90,0.0177,true,1,153483
8008245003376,true,חטיף שוקולד אגוזים נ,,,חטיף שוקולד אגוזים נ,,0.00,,false,,5.00,0.0000,true,1,134499
8008660210014,false,מעדן משמש מנז אנד גאסר ויסוצקי 300 גרם,קריניציה ויטמינה אס,,מעדן משמש ויסוצקי 3,גרמים,300.00,100 גרם,false,,16.90,0.0563,true,1,145122
8008660210038,false,מעדן ריבה מנץ אנד גאססר תות שדה 300 גר,קריניציה ויטמינה אס,,מעדן תות שדה ויסוצק,גרמים,300.00,100 גרם,false,,16.90,0.0563,true,1,145124
8008912010423,false,LIGUORI פסטה פנה ריגטה 500 גרם מספר 42,פסטה ליגורי,,פסטה ריגטה 42 ליגורי,גרמים,500.00,100 גרם,false,,7.90,0.0158,true,1,156853
8011222022116,false,סט 3 קופסאות צבעוני,,,סט 3 קופסאות צבעוני,Unknown,1.00,יחידה,false,,29.90,29.9000,true,1,159149
8032610809713,true,עוגיות מלוחות מקלות,,,עוגיות מלוחות מקלות,,0.00,,false,,0.00,0.0000,true,1,134474
8032610810443,true,עוגיות מלוחות 250 גר,,,עוגיות מלוחות 250 גר,,0.00,,false,,5.00,0.0000,true,1,134475
8032610810498,true,עוגיות מלוחות עם שומ,,,עוגיות מלוחות עם שומ,,0.00,,false,,5.00,0.0000,true,1,134476
8033413430708,true,בקבוק ספורט מעוצב 2.,,,"לימונצ""אלו 700 מ""ל",,0.00,,false,,0.00,0.0000,true,1,134050
8033837728580,true,עגבניות שלמות מקולפו,,,עגבניות שלמות מקולפו,,0.00,,false,,5.00,0.0000,true,1,135324
8054529720132,true,גריסיני בטעם פיצה12,,,גריסיני בטעם פיצה12,,0.00,,false,,0.00,0.0000,true,1,136242
8054529720156,true,גריסיני בתוספת רוזמר,,,גריסיני בתוספת רוזמר,,0.00,,false,,0.00,0.0000,true,1,136243
8076800195033,false,ברילה - צ.א ספגטיני מס3 חדש 500 גרם,ברילה גי.אי.אר פרטלי ס.פ,,ספגטיני מספר 3 ברילה,גרמים,500.00,100 גרם,false,,6.90,0.0138,true,1,133504
8076800195057,false,ברילה - צ.א ספגטי מס5 חדש 500 גרם,ברילה גי.אי.אר פרטלי ס.פ,,פסטה ספגטי מספר 5 בר,גרמים,500.00,100 גרם,false,,6.90,0.0138,true,1,132772
8076802085738,false,ברילה - צ.ק פנה רגטה חדש 500 גרם,ברילה גי.אי.אר פרטלי ס.פ,,פסטה פנה רגטה מספר 7,גרמים,500.00,100 גרם,false,,6.90,0.0138,true,1,132949
8076802085837,false,ברילה - צ.ק טורטליוני מס83 500 גרם,הנסיך- מפעל לייצור ט,,פסטה טורטיליוני מספר,גרמים,500.00,100 גרם,false,,6.90,0.0138,true,1,135396
8076802085936,false,ברילה פסטה צ.ק. קונצילה ריגטה חדש,ברילה גי.אי.אר פרטלי ס.פ,,פסטה קונצ'ילי ריגטה,גרמים,500.00,100 גרם,false,,6.90,0.0138,true,1,135606
8076802085981,false,ברילה - צ.ק פוזילי חדש 500 גרם,ברילה גי.אי.אר פרטלי ס.פ,,פסטה פוזילי מספר 98,גרמים,500.00,100 גרם,false,,6.90,0.0138,true,1,133858
8076808060654,false,פסטה פרפלה מספר 65 ברילה 500 גרם,ברילה גי.אי.אר פרטלי ס.פ,,פסטה פרפלה מספר 64 ב,גרמים,500.00,100 גרם,false,,6.90,0.0138,true,1,136757
8076808150072,false,ברילה - צ.א ספגטוני מס7 חדש 500 גרם,ברילה גי.אי.אר פרטלי ס.פ,,פסטה ספגטי מספר 7 בר,גרמים,500.00,100 גרם,false,,6.90,0.0138,true,1,141329
8076809512268,false,פסטה גירנדולה טורסדס מספר 34 ברילה 500 גרם,ברילה גי.אי.אר פרטלי ס.פ,,פסטה גירנדולה מספר 3,גרמים,500.00,100 גרם,false,,6.90,0.0138,true,1,141330
8076809513739,false,ברילה רוטב עגבניות עם בזיליקום 400 גרם,ברילה גי.אי.אר פרטלי ס.פ,,רוטב עגבניות לפסטה ב,גרמים,400.00,100 גרם,false,,14.90,0.0373,true,1,136630
8076809523738,false,דפי לזניה ברילה 500 גרם,ברילה גי.אי.אר פרטלי ס.פ,,ברילה צ.מ לזניה 500,גרמים,500.00,100 גרם,false,,19.90,0.0398,true,1,138795
8076809529419,false,ספגטי מחיטה מלאה מס' 5 500 ג' ברילה,ברילה גי. אי. אר פרט,,ברילה פסטה חיטה מלאה,גרמים,500.00,100 גרם,false,,12.90,0.0258,true,1,136974
8410108136129,true,תחתוניות EVAX נורמל,,,תחתוניות EVAX נורמל,,0.00,,false,,5.00,0.0000,true,1,133060
8410179012896,true,"שמן זית בורחס 125 מ""",,,"שמן זית בורחס 125 מ""",,0.00,,false,,5.00,0.0000,true,1,134325
8410510015005,true,שוקולד חלב ממולא בטע,,,שוקולד חלב ממולא בטע,,0.00,,false,,5.00,0.0000,true,1,133229
8410510015029,true,שוקולד טראפלס 100 גר,,,שוקולד טראפלס 100 גר,,0.00,,false,,5.00,0.0000,true,1,132708
8410510015081,true,שוקולד ממולא בטעם בנ,,,שוקולד ממולא בטעם בנ,,0.00,,false,,5.00,0.0000,true,1,133977
8410740903547,true,טראפלס בטעם תות שדה,,,טראפלס בטעם תות שדה,,0.00,,false,,5.00,0.0000,true,1,135404
8410740903554,true,"טראפלס בטעם קפוצ""ינו",,,"טראפלס בטעם קפוצ""ינו",,0.00,,false,,5.00,0.0000,true,1,135405
8411211310918,true,חומץ בן יין אדום כשר,,,חומץ בן יין אדום כשר,,0.00,,false,,5.00,0.0000,true,1,141412
8413376024839,false,גבינת עיזים רכה עם עשבי תיבול 29% ויליפוד 110 גרם,היחוס דה סאלבאדור אס.איי,,גבינת עיזים רכה 29%,גרמים,110.00,100 גרם,false,,13.90,0.1264,true,1,160862
8420241132445,true,שוקולד מריר 100 70%,,,שוקולד מריר 100 70%,,0.00,,false,,5.00,0.0000,true,1,132709
8420708012822,false,"גבינת קשקבל ספרדי, 200 גרם",מיוצר עי קונדיטוריית,,קשקבל בשלה 200 גרם,גרמים,200.00,100 גרם,false,,23.90,0.1195,true,1,141005
8423207206488,false,סלים דליס חטיף דגנים מצופה שוקולד חלב מרבה 6*20 גרם,אף.סי תבליני בגליל ב,,חטיף דגנים מלאים מצו,Unknown,5.00,יחידה,false,,10.90,2.1800,true,1,136632
8423207206495,false,סלים דליס חטיף דגנים מצופה שוקולד מריר מרבה 6*20 גרם,אף.סי תבליני בגליל ב,,חטיף דגנים מלאים מצו,Unknown,1.00,יחידה,false,,10.90,10.9000,true,1,136634
8423207207362,false,חטיפי סלים דליס שוקולד לבן מרבה 6 יחידות,ביסנצ'ורי אס.אל.יו,,חטיף דגנים מלאים מצו,Unknown,6.00,יחידה,false,,10.90,1.8167,true,1,143108
8423207208680,false,חטיף דגנים שוקולד סלים דליס לילדים מרבה 6 יחידות,ביסנצ'ורי אס.אל.יו,,חטיף דגנים מצופה אקס,גרמים,120.00,100 גרם,false,,10.90,0.0908,true,1,138541
8423207208871,false,פריכיות תירס בטעם טבעי סלים דליס 130 גרם,סלים דליס Slim Delis,,פרכיות תירס בטעם טבע,גרמים,123.00,100 גרם,false,,9.90,0.0805,true,1,139957
8423207210928,false,חטיף דגנים מצופה שוקולד חלב ואגוזי לוז - 5 במארז,נוטרישן אנד סנטה קוב,,חטיף דגנים מצופה שוק,Unknown,5.00,יחידה,false,,10.90,2.1800,true,1,151193
8425206000081,false,ריבת חלב מרדל 450 גרם,כלורוקס אוקלנד,,ריבת חלב 450 גרם,גרמים,450.00,100 גרם,false,,20.90,0.0464,true,1,133602
8593893007499,true,סיני מיניס בר דגנים,,,סיני מיניס בר דגנים,,0.00,,false,,5.00,0.0000,true,1,132839
8594001560431,true,קורנפלקס 375 גרם,,,קורנפלקס 375 גרם,,0.00,,false,,5.00,0.0000,true,1,132656
8594011530141,true,"בירה רוהוזתס 500 מ""ל",,,"בירה רוהוזתס 500 מ""ל",,0.00,,false,,5.00,0.0000,true,1,132687
8680014080469,true,"מים 500 מ""ל קופיקס",,,"מים 500 מ""ל קופיקס",,0.00,,false,,6.00,0.0000,true,1,135863
8680014080476,true,"מים 500 מ""ל קופיקס",,,"מים 500 מ""ל קופיקס",,0.00,,false,,6.00,0.0000,true,1,135864
8683130008355,false,מיונז שום לחיץ אמיתי הלמנס 400 גרם,יוניליוור ישראל שיווק בע,,מיונז עם שום הלמנס 4,גרמים,400.00,100 גרם,false,,14.90,0.0373,true,1,156659
8683130012666,false,שלגון מגנום דאבל לבן עוגיות 72 גרם,"מיוצר ע""\י יונילוור סנאי",,מגנום דאבל לבן עוגיו,גרמים,74.00,100 גרם,false,,9.90,0.1338,true,1,158160
8690327511727,true,"בירה קייזר 500 מ""ל",,,"בירה קייזר 500 מ""ל",,0.00,,false,,5.00,0.0000,true,1,133453
8690506402921,true,משחת שיניים לילדים ת,,,משחת שיניים לילדים ת,,0.00,,false,,5.00,0.0000,true,1,135043
8690526009308,false,אי טי אי - חטיף קוקוס מצופה שוקולד חלב וכדורוני דגנים 126 גרם,eti gida sanayi,,חטיף קוקוס מצופה שוק,גרמים,126.00,100 גרם,false,,9.90,0.0786,true,1,149784
8690570535723,true,פיניש טבליות למדיח5,,,פיניש טבליות למדיח5,,0.00,,false,,0.00,0.0000,true,1,135728
8690632054469,true,וופל קראנץ 30 גרם,,,וופל קראנץ 30 גרם,,0.00,,false,,5.00,0.0000,true,1,134277
8690632080376,true,וופל נסקוויק 32 גרם,,,וופל נסקוויק 32 גרם,,0.00,,false,,5.00,0.0000,true,1,133954
8690637007705,false,מסטיגם וניל מסטיק על מקל ללא סוכר,"מיוצר ע""י יוניליוור",,מסטיגם,Unknown,1.00,יחידה,false,,5.90,5.9000,true,1,146024
8690637073373,false,תה ארל גריי בטעם ברגמוט ליפטון 25 שקיקים,יונילוור - תורכיה,,ליפטון ארל גרי 25 מע,גרמים,50.00,100 גרם,false,,7.90,0.1580,true,1,144257
8690637835643,false,"תה ירוק לימונית ולאויזה 30 גרם ""ליפטון""",יונילוור - תורכיה,,תה ירוק לימונית לואי,גרמים,30.00,100 גרם,false,,16.90,0.5633,true,1,148324
8690637842382,false,מגנום דאבל פרי יער שטראוס 82 גר,"מיוצר ע""\י יונילוור סנאי",,מגנום דאבל פרי יער,Unknown,1.00,יחידה,false,,9.90,9.9000,true,1,146027
8690637842399,false,מאגדת מגנום מיני דאבל פרי יער שוקולד 6 יח' נסטלה,יוניליוור סנאי וי סי,,מיני מגנום דאבל פרי,Unknown,6.00,יחידה,false,,27.90,4.6500,true,1,146028
8690637858734,false,ג'ל לניקוי כללי בתוספת אקונומיקה בניחוח לימון,סיף פנטסטיק Cif Fantastic,,סיף ג'ל אקונומיקה לי,מיליליטרים,750.00,"100 מ""ל",false,,10.90,0.0145,true,1,140000
8690637871108,false,הלמנ'ס ממרח חרדל 250 גרם,יוניליוור,,הלמנס ממרח חרדל 250,גרמים,250.00,100 גרם,false,,12.90,0.0516,true,1,144520
8690637871245,false,הלמנס מיונז אמיתי 395 גר' בקבוק לחיץ.,"בסטפוד - 3P ארה""ב Fo",,הלמנס מיונז לחיץ 395,גרמים,395.00,100 גרם,false,,14.90,0.0377,true,1,144259
8690637946301,false,"בדין - מרכך כביסה אקסטרא בייביי כחול 960 מ""ל",יוניליוור סנאיי וי טיקאר,,מרכך בדין אקסטרה ביי,מיליליטרים,960.00,"100 מ""ל",false,,15.60,0.0162,true,1,148667
8690637989629,false,מגנום דאבל דולצ'ה גולד בטעם וניל עם ריפל בטעם שוקולד 246 גרם,יונילוור סנאיי וי טיג'\,,מגנום דאבל דולצ'ה גו,Unknown,1.00,יחידה,false,,9.90,9.9000,true,1,153230
8690758043019,false,צמרוני אוזניים לתינוקות 60 יח'',,,צמרוני אוזניים לתינו,Unknown,60.00,יחידה,false,,5.10,0.0850,true,1,138949
8690777221405,false,פלפל אדום קלוי סרה ויליפוד 650 גרם,קוראהן פזלרמה וי דיס,,פלפל אדום קלוי סרה 6,גרמים,650.00,100 גרם,false,,12.90,0.0198,true,1,142682
8690784511223,true,סבון לניקוי אסלה ר .,,,סבון לניקוי אסלה ר .,,0.00,,false,,5.00,0.0000,true,1,135329
8690946240053,true,פסטה פוזילי 400 גרם,,,פסטה פוזילי 400 גרם,,0.00,,false,,5.00,0.0000,true,1,132368
8690946240190,true,פסטה פנה 400 גרם,,,פסטה פנה 400 גרם,,0.00,,false,,5.00,0.0000,true,1,132369
8690946270074,true,פסטה ספגטי 400 גרם,,,פסטה ספגטי 400 גרם,,0.00,,false,,5.00,0.0000,true,1,132370
8691257500393,true,צלחת חד פעמי עמוקה5,,,צלחת חד פעמי עמוקה5,,0.00,,false,,0.00,0.0000,true,1,139047
8697431460064,false,קונפיטורה משמש 70% פרי פרופה 454 גר',פרוטנגו Fruitango,,קונפיטורה 70% מישמש,גרמים,450.00,100 גרם,false,,15.50,0.0344,true,1,157968
8697431925143,false,קונפיטורה 70% פירות יער 450 ג' FRUPPA,פרוטנגו Fruitango,,קונפיטורה 70% פירות,גרמים,450.00,100 גרם,false,,15.50,0.0344,true,1,157970
8697445960154,true,כוסות לשתיה קרה 100,,,כוסות לשתיה קרה 100,,0.00,,false,,5.00,0.0000,true,1,134720
8697530910941,true,פאקט-פאל מאל כחול קצ,,,פאקט-פאל מאל כחול קצ,,0.00,,false,,0.00,0.0000,true,1,135210
8697530910958,true,פאקט-פאל מאל כחול אר,,,פאקט-פאל מאל כחול אר,,0.00,,false,,0.00,0.0000,true,1,135211
8697530910965,true,פאקט פאל מאל מנטול,,,פאקט פאל מאל מנטול,,0.00,,false,,0.00,0.0000,true,1,137815
8697530910989,true,פאקט-פאל מאל אדום,,,פאקט-פאל מאל אדום,,0.00,,false,,0.00,0.0000,true,1,135212
8697530911313,true,פאקט-קנט קצר,,,פאקט-קנט קצר,,0.00,,false,,0.00,0.0000,true,1,135395
8697659202132,true,"דאודורנט סאוט 200 מ""",,,"דאודורנט סאוט 200 מ""",,0.00,,false,,5.00,0.0000,true,1,134483
8697659202187,true,דאודורנט דרק שוקולד,,,דאודורנט דרק שוקולד,,0.00,,false,,5.00,0.0000,true,1,134484
8697659207458,true,דאודורנט דרקון 200 מ,,,דאודורנט דרקון 200 מ,,0.00,,false,,5.00,0.0000,true,1,134485
8697659210854,true,"דאודורנט שוטר 200 מ""",,,"דאודורנט שוטר 200 מ""",,0.00,,false,,5.00,0.0000,true,1,134486
8697659210861,true,"דאודורנט סאוט 200 מ""",,,"דאודורנט סאוט 200 מ""",,0.00,,false,,5.00,0.0000,true,1,134637
8697659210878,true,דאודורנט ניוטרון200,,,דאודורנט ניוטרון200,,0.00,,false,,5.00,0.0000,true,1,134487
8697659210885,true,"דאודורנט רייס 200 מ""",,,"דאודורנט רייס 200 מ""",,0.00,,false,,5.00,0.0000,true,1,134488
8697704011009,true,משחת נעליים+ספוג שחו,,,משחת נעליים+ספוג שחו,,0.00,,false,,5.00,0.0000,true,1,132524
8697704011023,true,משחת נעליים+ספוג חום,,,משחת נעליים+ספוג חום,,0.00,,false,,5.00,0.0000,true,1,132525
8697826469092,false,טורטיה קטנה שקדיה 540 גרם 12 יחידות,דין שיווק,,טורטיה קטנה 540 גרם,גרמים,540.00,100 גרם,false,,9.90,0.0183,true,1,153798
8698996006490,false,מגבות נייר 9ב1 רמילוי,,,מגבות נייר 9ב1,Unknown,1.00,יחידה,false,,13.90,13.9000,true,1,153375
8699237890106,true,קערית מרק 25 יחידות,,,קערית מרק 25 יחידות,,0.00,,false,,5.00,0.0000,true,1,134721
8699237890229,true,"צלחת 25 ""9 יחידות",,,"צלחת 25 ""9 יחידות",,0.00,,false,,5.00,0.0000,true,1,134723
8710502064814,false,עוגיות מרבה שוקולד ציפס במרקם רך 175 גר,בנקטבקריי מרבה בי.וי,,עוגיות שוקולד צ'יפס,גרמים,175.00,100 גרם,false,,8.90,0.0509,true,1,144030
8710502279003,false,עוגיות שוקולד צ'יפס מצופות 49% 180 ג' מרבה פטיסרי,"מרבה בע""\מ",,עוגיות שוקולד צ'יפס,גרמים,180.00,100 גרם,false,,10.90,0.0606,true,1,158888
8710502470028,false,עוגיות שוקולד צ'יפס ממולאות בקרם נוגט,קריניציה ויטמינה אס,,עוגיות שוקולד צ'יפס,גרמים,160.00,100 גרם,false,,8.90,0.0556,true,1,144031
8710624948900,true,חלב סויה,,,חלב סויה,,0.00,,false,,5.00,0.0000,true,1,133854
8711327475618,false,"גלידת מגנום וניל קלאסיק 440 מ""ל","מפעל גלידות בווספרם, רחו",,מגנום פיינט וניל קלא,גרמים,260.00,100 גרם,false,,20.90,0.0804,true,1,152531
8711327475717,false,מגנום פיינט וניל שקדים 260 גרם,"מפעל גלידות בווספרם, רחו",,מגנום פיינט וניל שקד,גרמים,260.00,100 גרם,false,,20.90,0.0804,true,1,152533
8711327475762,false,מגנום פיינט שוקולד לבן עוגיות 260 גרם,"מפעל גלידות בווספרם, רחו",,מגנום פיינט שוקולד ל,גרמים,260.00,100 גרם,false,,20.90,0.0804,true,1,152534
8712400802536,false,תרכובת מזון המשך לפעוטות על בסיס חלב שלב 3,נוטרישיה קאלק ב. ו.,,תחליפי חלב אם חלבי נ,גרמים,800.00,100 גרם,false,,68.90,0.0861,true,1,145485
8712561594240,false,"דאב תחליב רחצה להזנה עמוקה500 מ""ל-מרכז","יוניליוור גרמניה, Gmbh &",,תחליב רחצה הזנה עמוק,מיליליטרים,500.00,"100 מ""ל",false,,14.90,0.0298,true,1,139854
8712561611183,false,"דאב - תחליב רחצה תה ירוק ומלפפון 500 מ""ל","יוניליוור גרמניה, Gmbh &",,תחליב רחצה עם תה ירו,מיליליטרים,500.00,"100 מ""ל",false,,14.90,0.0298,true,1,144267
8714599104330,false,ג'ייקובס קפה שחור 85 גרם קלוי וטחון טורקי,ג'ייקובס Jacobs,,ג'ייקובס קפה שחור 85,גרמים,85.00,100 גרם,false,,7.90,0.0929,true,1,149083
8714599410530,false,גייקובס קרונינג שקית רפיל 200 גרם,ג'יי.די.אי.,,ג'ייקובס קרוננג 200,גרמים,200.00,100 גרם,false,,19.90,0.0995,true,1,141181
8714599410806,false,ג'ייקובס קרוננג מיובש בהקפאה 160 גרם סגירה חוזרת,ג'ייקובס Jacobs,,קפה נמס מיובש בהקפאה,גרמים,160.00,100 גרם,false,,18.90,0.1181,true,1,144893
8714599513828,false,ג'ייקובס קרוננג מיובש בהקפאה 47.5 גרם צנצנת,מאיר בייגל,,קפה נמס מיובש בהקפאה,גרמים,47.50,100 גרם,false,,6.90,0.1453,true,1,138050
8714599513866,false,"קפה נמס מיובש בהקפאה קרונג צנצנת ג'ייקובס 200 גרם לל""ס",אל.אל.סי גייקובס דאו,,קפה נמס מיובש בהקפאה,גרמים,200.00,100 גרם,false,,27.90,0.1395,true,1,139319
8714789582764,false,אג'קס ספריי לניקוי חלונות ומשטחים,הנסיך- מפעל לייצור ט,,אג'קס ספריי לניקוי ח,מיליליטרים,750.00,"100 מ""ל",false,,15.90,0.0212,true,1,141334
8714789835860,true,מברשת שינייםCOLGATE,,,מברשת שינייםCOLGATE,,0.00,,false,,0.00,0.0000,true,1,133372
8714789930848,false,"משחת שיניים אופטיק וייט הלבנה מיידית קולגייט 75 מ""ל",הנסיך- מפעל לייצור ט,,משחת שיניים אופטיק ו,מיליליטרים,75.00,"100 מ""ל",false,,19.90,0.2653,true,1,141335
8715700110158,false,היינץ ממרח במרקם קרמי צנצנת 490 גרם,ה.י.היינץ הולדינג בי.וי,,מיונז היינץ לייט צנצ,גרמים,490.00,100 גרם,false,,10.90,0.0222,true,1,139547
8715700117805,false,"קטשופ היינץ מתבל עגבניות ללא תוספת סוכר ומלח 425 מ""ל","ה.י היינץ הולדינג בי.וי,",,היינץ מתבל עגבניות ל,גרמים,400.00,100 גרם,false,,10.90,0.0273,true,1,151027
8715700419732,false,היינץ מתבל עגבניות 700 גרם,ה.י. היינץ,,קטשופ היינץ 700 גרם,גרמים,700.00,100 גרם,false,,10.90,0.0156,true,1,140730
8715700423906,false,היינץ מתבל עגבניות מופחת סוכר ומלח 50/50 550 גרם,היינץ צפון אמריקה מק,,היינץ מתבל עגבניות מ,גרמים,555.00,100 גרם,false,,10.90,0.0196,true,1,141183
8717185470130,true,ביסקוויט דגנים וקרם,,,ביסקוויט דגנים וקרם,,0.00,,false,,0.00,0.0000,true,1,133373
8717644390566,false,סבון מוצר רביעיה תמצית מלפפון ותה ירוק,יוניליוור גרמניה (בו,,סבון מוצק מלפפונים ד,Unknown,4.00,יחידה,false,,14.90,3.7250,true,1,144270
8717677336616,false,שוקולד מריר עם שקדים ומלח טוניס' שוקולונלי 180 גרם,טוניס/שוקולונלי,,שוקולד מריר שקדים ומ,גרמים,180.00,100 גרם,false,,19.90,0.1106,true,1,156944
8718692610828,false,בקבוקים צבעוניים סודה סטרים 1 ל' * 3 יח',סודהסטרים sodastream,,שלישיית בקבוקים צבעו,Unknown,3.00,יחידה,false,,59.90,19.9667,true,1,148977
8718951236790,false,"קולגייט טוטאל משחת שיניים קלין מינט לפה בריא 100 מ""ל",קולגייט פלמוליב,,משחת שיניים קלין מינ,מיליליטרים,100.00,"100 מ""ל",false,,16.90,0.1690,true,1,144033
8718951236806,false,"קולגייט טוטאל הלבנה משחת שיניים המסייעת בהסרת כתמים 100 מ""ל",קולגייט Colgate,,משחת שיניים עם פלואו,מיליליטרים,100.00,"100 מ""ל",false,,16.90,0.1690,true,1,144034
8718951334090,false,"מרכך כביסה סופלין מרוכז כחול 650 מ""ל",סופלין Soupline,,מרכך כביסה מרוכז לתי,מיליליטרים,650.00,"100 מ""ל",false,,11.90,0.0183,true,1,148879
8719128117249,false,"סירופ פפסי מקס 440 מ""ל סודהסטרים",סודה סטרים,,סירופ פפסי מקס – 440,מיליליטרים,440.00,"100 מ""ל",false,,22.90,0.0520,true,1,153314
8719128117256,false,"סירופ סבן אפ 440 מ""ל סודהסטרים",סודה סטרים,,סירופ סבן אפ - 440 מ,מיליליטרים,440.00,"100 מ""ל",false,,22.90,0.0520,true,1,153315
8719128117263,false,"סירופ מירנדה 440 מ""ל סודהסטרים",סודה סטרים,,סירופ מירנדה – 440 מ,מיליליטרים,440.00,"100 מ""ל",false,,22.90,0.0520,true,1,153316
8719200998001,false,מרגרינה לאפיה ובישול בלי מלח 200 ג' בלו בנד,יוניליוור ישראל מזון בע\,,מרגרינה לאפיה ובישול,גרמים,200.00,100 גרם,false,,4.50,0.0225,true,1,148128
8719200998094,false,"מרגרינה מזולה לאפיה ללא תוספת מלח 200גר - 40 יח' -כשל""פ","מיוצר ע""\י יוניליוור ישר",,מזולה לאפיה ללא מלח,גרמים,200.00,100 גרם,false,,6.50,0.0325,true,1,148669
8719200998100,false,מרגרינה מזולה לאפיה טעם חמאה 200גר - 40 יח',פארייפאבה אגרואינדוס,,מזולה לאפיה טעם חמאה,גרמים,200.00,100 גרם,false,,6.50,0.0325,true,1,147163
8801055707966,false,קפה טייסטר צו'יס נס קפה בריסטה 180ג',נסטלה קוריאה - קפה,,טייסטרס צ'וייס בריסט,גרמים,180.00,100 גרם,false,,31.90,0.1772,true,1,143694
8850206801480,true,רוטב צ'ילי מתוק,,,רוטב צ'ילי מתוק,,0.00,,false,,0.00,0.0000,true,1,139555
8850389103111,false,סאפי משקה אלוורה בטעם ענבים 300מל,פארייפאבה אגרואינדוס,,סאפה אלוורה בטעם ענב,מיליליטרים,300.00,"100 מ""ל",false,,7.70,0.0257,true,1,137983
8850389105832,false,סאפה משקה אלוורה בטעם תפוח עם קוביות אלוורה 1 ליטר,סאפה פובליק קומפני לימיט,,סאפה אלוורה תפוחים 1,מיליליטרים,1000.00,"100 מ""ל",false,,13.20,0.0132,true,1,137059
8850389105849,false,סאפה משקה אלוורה מופחת קלוריות בטעם אפרסק 1 ליטר,סאפה פובליק קומפני לימיט,,סאפה אלוורה בטעם אפר,מיליליטרים,1000.00,"100 מ""ל",false,,13.20,0.0132,true,1,139751
8850389115312,false,"סאפה אלוורה מלון בקבוק 300 מ""ל",סאפה פובליק קומפני ל,,סאפה מלון בקבוק 300,מיליליטרים,300.00,"100 מ""ל",false,,7.70,0.0257,true,1,139295
8850632604266,false,"יוגטה, ממתק חמוץ בצורת מקלות בטעם קולה, 50 גרם",ג'נרל קנדי בעמ,,חיספוסים מקלות בטעם,גרמים,50.00,100 גרם,false,,4.50,0.0900,true,1,135320
8850632604372,false,"יוגטה, חיספוסים בצורת שטיח בטעם תות שדה 50 גרם",ג'נרל קנדי בעמ,,חיספוסים רצועות תות,גרמים,50.00,100 גרם,false,,4.50,0.0900,true,1,139655
8850632604402,false,יוגטה חיספוסים בטעם מעורב תות שדה אבטיח ענבים בננה 50 גרם,"ג'נרל קנדי בע""מ",,חיספוסים רצועות בטעם,גרמים,50.00,100 גרם,false,,4.50,0.0900,true,1,135321
8850632605201,false,"יוגטה, חיספוסים, ממתק חמוץ בצורת שטיח, בטעם מעורב- תות בננה, תפוח, תפוז, 50 גרם",הדקלאים אגודת שיתופי,,חיספוסים רצועות בטעם,גרמים,50.00,100 גרם,false,,3.90,0.0780,true,1,139656
8850632606390,false,"יוגטה, חיספוסים, ממתק חמוץ בצורת שטיח בטעם אבטיח, 50 גרם",ג'נרל קנדי בעמ,,חיספוסים ממתק חמוץ ב,גרמים,50.00,100 גרם,false,,3.90,0.0780,true,1,139658
8851613101378,false,"נוזל קוקוס ארוי די 250 מ""ל",תאי אגרי פוד פובליק קו'\,,"חלב קוקוס 250 מ""ל",גרמים,250.00,100 גרם,false,,9.90,0.0396,true,1,159933
8851613106106,true,"חלב קוקוס 150 מ""ל",,,"חלב קוקוס 150 מ""ל",,0.00,,false,,5.00,0.0000,true,1,133906
8858671530027,true,מפעל-פנקו פירורי לחם,,,מפעל-פנקו פירורי לחם,,0.00,,false,,0.00,0.0000,true,1,135411
8888021200256,false,סוללות אנרג'ייזר AA מקס 8 יחידות,יצרן: אנרג'ייזר סינג,,סוללות MAXאנרג'ייזר,Unknown,10.00,יחידה,false,,27.90,2.7900,true,1,152332
8888021200720,false,סוללות אנרג'ייזר AAA מקס 8 יחידות,יצרן: אנרג'ייזר סינג,,סוללות MAXאנרג'ייזר,Unknown,10.00,יחידה,false,,27.90,2.7900,true,1,152333
8888111030145,true,מארז רביעיית משקאות,,,מארז רביעיית משקאות,,0.00,,false,,2999.00,0.0000,true,1,134811
8888111578586,true,משקה אננס עם קוקוס1,,,משקה אננס עם קוקוס1,,0.00,,false,,5.00,0.0000,true,1,134812
8901537024014,false,"אורז בסמטי מובחר 1 ק""ג - דוואט) יורה דיעה",הנסיך- מפעל לייצור ט,,"אורז בסמטי 1 ק""ג DAA",גרמים,1000.00,100 גרם,false,,12.90,0.0129,true,1,142684
8906000591796,true,"אורז בסמטי 1 ק""ג",,,"אורז בסמטי 1 ק""ג",,0.00,,false,,10.00,0.0000,true,1,135742
8908004415184,true,חמאת בוטנים 227 גרם,,,חמאת בוטנים 227 גרם,,0.00,,false,,5.00,0.0000,true,1,132371
9000000000411,false,שום יבוא ארוז,,,שום יבוא ארוז,מארז,1.00,מארז,false,,7.90,7.9000,true,1,152012
9002975393812,false,סוכריות גילי הריבו האפי צירי 70 גרם,"האריבו , ג'\י.אם.בי.אייץ",,סוכריות הריבו האפי צ,גרמים,70.00,100 גרם,false,,6.90,0.0986,true,1,158316
9002975393829,false,סוכריות גילי הריבו פיציס 70 גרם,"האריבו , ג'\י.אם.בי.אייץ",,סוכריות הריבו האפי 7,גרמים,70.00,100 גרם,false,,6.90,0.0986,true,1,158317
9002975393850,false,סוכריות גילי הריבו וורמס 70 גרם,"האריבו , ג'\י.אם.בי.אייץ",,סוכריות הריבו וורמס,גרמים,70.00,100 גרם,false,,6.90,0.0986,true,1,156332
9005835313609,false,קלרו טבליות למדיח כלים 15 יחידות CLARO,קלרו,,טבליות למדיח כלים 15,Unknown,15.00,יחידה,false,,10.90,0.7267,true,1,156990
9310072028743,false,טים טם ביסקוויט במילוי שוקולד 200 גרם,"ארנוטס ביסקוויטס בע""",,טיםטם אורגינל 200 גר,גרמים,200.00,100 גרם,false,,19.90,0.0995,true,1,156333
9310072028750,false,טים טם Tim Tam וופל שוקולד ציפוי כפול,"ארנוטס ביסקוויטס בע""",,טיםטם דאבל 200 גרם,גרמים,200.00,100 גרם,false,,19.90,0.0995,true,1,156334
9322969000015,false,פריכיות תירס בטעם אורגינל ריל פודס 150 ג',אף.סי תבליני בגליל ב,,פריכיות תירס בטעם או,גרמים,150.00,100 גרם,false,,12.90,0.0860,true,1,151050
9322969000046,false,פריכיות תירס שומשום אורגני ריל פודס 150 ג',אף.סי תבליני בגליל ב,,פריכיות תירס אורגניו,גרמים,150.00,100 גרם,false,,12.90,0.0860,true,1,140792
9771565025005,false,עיתון מעריב סוף השבוע,,,עיתון מעריב,Unknown,1.00,יחידה,false,,6.00,6.0000,true,1,135414
9771565051066,false,עיתון ידיעות אחרונות,ידיעות אחרונות,,עיתון ידיעות אחרונות,Unknown,1.00,יחידה,false,,20.00,20.0000,true,1,134853
9771565062642,true,מגזין פנאי פלוס,,,מגזין פנאי פלוס,,0.00,,false,,0.00,0.0000,true,1,134353
9999999999999,true,פריט כללי קובץ 100,,,פריט כללי קובץ 100,,0.00,,false,,0.00,0.0000,true,1,134362
