code,internal_code,name,manufacturer_name,manufacture_country,manufacturer_item_description,unit_qty,quantity,unit_of_measure,weighted,qty_in_package,price,unit_of_measure_price,allow_discount,status,item_id
2,true,מחיר לחיוב חד פעמי,,,מחיר לחיוב חד פעמי,,0.00,,false,,0.00,0.0000,true,1,135372
11,true,טסט 2 ליטר,,,טסט 2 ליטר,,0.00,,false,,0.00,0.0000,true,1,136282
50,true,קרח לימון,,,קרח לימון,,0.00,,false,,0.00,0.0000,true,1,132011
51,true,קרח רמזור,,,קרח רמזור,,0.00,,false,,0.00,0.0000,true,1,132013
52,true,שוקו שוקו מצופה,,,שוקו שוקו מצופה,,0.00,,false,,0.00,0.0000,true,1,132019
54,true,בובספוג,,,בובספוג,,0.00,,false,,0.00,0.0000,true,1,132021
55,true,גומיגם,,,גומיגם,,0.00,,false,,0.00,0.0000,true,1,132025
56,true,פרילי תות,,,פרילי תות,,0.00,,false,,0.00,0.0000,true,1,132030
58,true,פרילי מנגו,,,פרילי מנגו,,0.00,,false,,0.00,0.0000,true,1,132032
59,true,טילון,,,טילון,,0.00,,false,,0.00,0.0000,true,1,132033
189,true,מפעל-לחמניות מיני בי,,,מפעל-לחמניות מיני בי,,0.00,,false,,2999.90,0.0000,true,1,138264
383,true,גזר לפי קילו היתר מכ,,,גזר לפי קילו היתר מכ,,0.00,,false,,0.00,0.0000,true,1,132112
384,true,תפוזים מחיר לפי קילו,,,תפוזים מחיר לפי קילו,,0.00,,false,,0.00,0.0000,true,1,132259
410,true,קולה,,,קולה,,0.00,,false,,5.00,0.0000,true,1,131993
412,true,קולה זירו,,,קולה זירו,,0.00,,false,,5.00,0.0000,true,1,131995
413,true,ספרייט,,,ספרייט,,0.00,,false,,5.00,0.0000,true,1,131996
414,true,דיאט ספרייט,,,דיאט ספרייט,,0.00,,false,,5.00,0.0000,true,1,131997
415,true,פאנטה,,,פאנטה,,0.00,,false,,5.00,0.0000,true,1,131998
416,true,סודה,,,סודה,,0.00,,false,,5.00,0.0000,true,1,131999
417,true,מים מינרלים,,,מים מינרלים,,0.00,,false,,5.00,0.0000,true,1,132000
418,true,פריגת ענבים,,,פריגת ענבים,,0.00,,false,,5.00,0.0000,true,1,132001
419,true,קרנרגי,,,קרנרגי,,0.00,,false,,5.00,0.0000,true,1,132002
421,true,פריגת אשכוליות,,,פריגת אשכוליות,,0.00,,false,,5.00,0.0000,true,1,132003
510,true,חלב              1%,,,חלב              1%,,0.00,,false,,0.00,0.0000,true,1,132273
605,true,אקונומיקה4 ליטר,,,אקונומיקה4 ליטר,,0.00,,false,,0.00,0.0000,true,1,132049
606,true,ניקוי חלונות4 ליטר,,,ניקוי חלונות4 ליטר,,0.00,,false,,0.00,0.0000,true,1,132211
607,true,שמפו רצפות 4 ליטר,,,שמפו רצפות 4 ליטר,,0.00,,false,,0.00,0.0000,true,1,132282
616,true,סבון קצף ורוד 1 ליטר,,,סבון קצף ורוד 1 ליטר,,0.00,,false,,0.00,0.0000,true,1,132212
618,true,מסיר שומנים4 ליטר,,,מסיר שומנים4 ליטר,,0.00,,false,,0.00,0.0000,true,1,132286
633,true,שקיות ללא מיתוג45/5,,,שקיות ללא מיתוג45/5,,0.00,,false,,0.00,0.0000,true,1,133282
663,true,גלופה,,,גלופה,,0.00,,false,,0.00,0.0000,true,1,136192
664,true,סופרגול מ 16.01.17 -,,,סופרגול מ 16.01.17 -,,0.00,,false,,0.00,0.0000,true,1,136193
802,true,היטל מס קניה,,,היטל מס קניה,,0.00,,false,,0.00,0.0000,true,1,136624
852,true,מיץ רימון טבעי,,,מיץ רימון טבעי,,0.00,,false,,0.00,0.0000,true,1,138426
996,true,נוזל כלים תפוח 4 ליט,,,נוזל כלים תפוח 4 ליט,,0.00,,false,,0.00,0.0000,true,1,132290
1001,true,הודעה לבר,,,הודעה לבר,,0.00,,false,,0.00,0.0000,true,1,131855
1003,true,לחמניה עגולה כפרית),,,לחמניה עגולה כפרית),,0.00,,false,,2.90,0.0000,true,1,133302
1373,true,כפפות ניטריל מידה L,,,כפפות ניטריל מידה L,,0.00,,false,,0.00,0.0000,true,1,137377
1600,true,קופון קפה בשקל,,,קופון קפה בשקל,,0.00,,false,,0.01,0.0000,true,1,138096
1601,true,קופון HOT,,,קופון HOT,,0.00,,false,,0.01,0.0000,true,1,138545
1602,true,קופון סוב,,,קופון סוב,,0.00,,false,,0.01,0.0000,true,1,138702
1603,true,קופון הוט,,,קופון הוט,,0.00,,false,,0.01,0.0000,true,1,138801
1604,true,קופון גרופון,,,קופון גרופון,,0.00,,false,,0.01,0.0000,true,1,138814
1656,true,מפעל-רוטב ישראלי לסל,,,מפעל-רוטב ישראלי לסל,,0.00,,false,,0.00,0.0000,true,1,137324
1984,true,קופון נסיון,,,קופון נסיון,,0.00,,false,,0.01,0.0000,true,1,137915
2018,true,וודקה אבסולוט בקבוק,,,וודקה אבסולוט בקבוק,,0.00,,false,,0.00,0.0000,true,1,132071
2026,true,משקה אנרגיה אקסל250,,,משקה אנרגיה אקסל250,,0.00,,false,,0.00,0.0000,true,1,131896
2027,true,ערק אשקלון בקבוק700,,,ערק אשקלון בקבוק700,קילוגרמים,1.00,"ק""ג",true,,0.00,0.0000,true,1,132074
2047,true,בירה חבית קופיקס,,,בירה חבית קופיקס,,0.00,,false,,0.00,0.0000,true,1,132083
2057,true,גולדסטאר בקבוק 0.5 ל,,,גולדסטאר בקבוק 0.5 ל,,0.00,,false,,0.00,0.0000,true,1,132086
2081,true,כוס יין,,,כוס יין,,0.00,,false,,2.89,0.0000,true,1,132225
2100,true,"מלח למדיח 25 ק""ג",,,"מלח למדיח 25 ק""ג",,0.00,,false,,0.00,0.0000,true,1,132096
2148,true,מיכל CO2 מלא,,,מיכל CO2 מלא,,0.00,,false,,0.00,0.0000,true,1,136440
2149,true,שש כוסות,,,שש כוסות,,0.00,,false,,0.00,0.0000,true,1,134629
2367,true,מפעל-פיתה טוסט,,,מפעל-פיתה טוסט,,0.00,,false,,2999.90,0.0000,true,1,138304
3015,true,גלופה לכוסות,,,גלופה לכוסות,,0.00,,false,,0.00,0.0000,true,1,133923
3050,true,חטיף גרנולה אננס דיא,,,חטיף גרנולה אננס דיא,קילוגרמים,1.00,"ק""ג",true,,0.00,0.0000,true,1,134684
3051,true,חטיף מוזלי פירות 33,,,חטיף מוזלי פירות 33,קילוגרמים,1.00,"ק""ג",true,,0.00,0.0000,true,1,134685
3052,true,חטיף בריאות שוקולד ק,,,חטיף בריאות שוקולד ק,קילוגרמים,1.00,"ק""ג",true,,0.00,0.0000,true,1,134686
3053,true,חטיף בריאות פיסטוק מ,,,חטיף בריאות פיסטוק מ,קילוגרמים,1.00,"ק""ג",true,,0.00,0.0000,true,1,134687
3076,true,חלב 1% זיכוי,,,חלב 1% זיכוי,,0.00,,false,,0.00,0.0000,true,1,136612
3077,true,חלב 3% זיכוי,,,חלב 3% זיכוי,,0.00,,false,,0.00,0.0000,true,1,136613
3127,true,שוקולטה -קרטון 10 יח,,,שוקולטה -קרטון 10 יח,,0.00,,false,,0.00,0.0000,true,1,134749
3128,true,קרמל וחמאת בוטנים -,,,קרמל וחמאת בוטנים -,,0.00,,false,,0.00,0.0000,true,1,134750
3147,true,טוסט פיקנטי,,,טוסט פיקנטי,,0.00,,false,,5.00,0.0000,true,1,133812
3156,true,מדבקה למיחם דים סאם,,,מדבקה למיחם דים סאם,,0.00,,false,,0.00,0.0000,true,1,134751
3161,true,פקדון אילת,,,פקדון אילת,,0.00,,false,,0.00,0.0000,true,1,133921
3222,true,סחבה לבנה לרצפה50*7,,,סחבה לבנה לרצפה50*7,,0.00,,false,,0.00,0.0000,true,1,134561
3223,true,מתקן נייר טואלט שליש,,,מתקן נייר טואלט שליש,,0.00,,false,,0.00,0.0000,true,1,134562
3226,true,מסיר אבנית קצף,,,מסיר אבנית קצף,,0.00,,false,,0.00,0.0000,true,1,134614
3232,true,מתקן נייר טואלט צץ ר,,,מתקן נייר טואלט צץ ר,,0.00,,false,,0.00,0.0000,true,1,134799
3233,true,36יחידות 250 דף ניי,,,36יחידות 250 דף ניי,,0.00,,false,,0.00,0.0000,true,1,134800
3248,true,מרינה סופר מכר עם מע,,,מרינה סופר מכר עם מע,,0.00,,false,,0.00,0.0000,true,1,135136
3256,true,יעה עם מקל,,,יעה עם מקל,,0.00,,false,,0.00,0.0000,true,1,135332
3272,true,מפעל-העמסת סושי,,,מפעל-העמסת סושי,,0.00,,false,,0.00,0.0000,true,1,135933
3274,true,הפרש מחיר סופרגול מ,,,הפרש מחיר סופרגול מ,,0.00,,false,,0.00,0.0000,true,1,135934
3275,true,מכונת קפה,,,מכונת קפה,,0.00,,false,,0.00,0.0000,true,1,135942
3276,true,זיכוי סופר גול 1.27,,,זיכוי סופר גול 1.27,,0.00,,false,,0.00,0.0000,true,1,135963
3277,true,מפעל-רכז עגבניות,,,מפעל-רכז עגבניות,,0.00,,false,,2999.90,0.0000,true,1,135964
3288,true,מפעל-לחמנית שומשום א,,,מפעל-לחמנית שומשום א,,0.00,,false,,2999.90,0.0000,true,1,136162
3301,true,הפרש מחיר סושי סלמון,,,הפרש מחיר סושי סלמון,,0.00,,false,,0.00,0.0000,true,1,136847
3314,true,מפעל-מדבקה לסושי איש,,,מפעל-מדבקה לסושי איש,,0.00,,false,,0.00,0.0000,true,1,137060
3315,true,מפעל-מדבקה לסושי איש,,,מפעל-מדבקה לסושי איש,,0.00,,false,,0.00,0.0000,true,1,137061
3316,true,מפעל-מדבקה לסושי איש,,,מפעל-מדבקה לסושי איש,,0.00,,false,,0.00,0.0000,true,1,137062
3317,true,מפעל-מדבקה לסושי איש,,,מפעל-מדבקה לסושי איש,,0.00,,false,,0.00,0.0000,true,1,137063
3318,true,מפעל-מדבקה לסושי איש,,,מפעל-מדבקה לסושי איש,,0.00,,false,,0.00,0.0000,true,1,137064
3319,true,מפעל-מדבקה לסושי איש,,,מפעל-מדבקה לסושי איש,,0.00,,false,,0.00,0.0000,true,1,137065
3320,true,מפעל-מדבקה לסושי איש,,,מפעל-מדבקה לסושי איש,,0.00,,false,,0.00,0.0000,true,1,137066
3321,true,מפעל-מדבקה לסושי איש,,,מפעל-מדבקה לסושי איש,,0.00,,false,,0.00,0.0000,true,1,137067
3322,true,מפעל-מדבקה לסושי איש,,,מפעל-מדבקה לסושי איש,,0.00,,false,,0.00,0.0000,true,1,137068
3323,true,מפעל-מדבקה לסושי איש,,,מפעל-מדבקה לסושי איש,,0.00,,false,,0.00,0.0000,true,1,137069
3328,true,חיוב פקדון עד סוף יו,,,חיוב פקדון עד סוף יו,,0.00,,false,,0.00,0.0000,true,1,137114
3330,true,חיוב הפרש מחיר סנדוי,,,חיוב הפרש מחיר סנדוי,,0.00,,false,,0.00,0.0000,true,1,139041
3334,true,מפעל-אגוז מוסקט טחון,,,מפעל-אגוז מוסקט טחון,,0.00,,false,,2999.00,0.0000,true,1,137520
3363,true,זיכוי החברה המרכזית,,,זיכוי החברה המרכזית,,0.00,,false,,0.00,0.0000,true,1,138615
3364,true,זיכוי שקיות אשפה,,,זיכוי שקיות אשפה,,0.00,,false,,0.00,0.0000,true,1,138650
3365,true,שילוט לפלוט,,,שילוט לפלוט,,0.00,,false,,0.00,0.0000,true,1,138698
3401,true,מפעל-ניילון בגליל עו,,,מפעל-ניילון בגליל עו,,0.00,,false,,0.00,0.0000,true,1,137380
3402,true,מפעל-ניילון בגליל עו,,,מפעל-ניילון בגליל עו,,0.00,,false,,0.00,0.0000,true,1,137381
3605,true,מפעל -md10מטליות ניק,,,מפעל -md10מטליות ניק,,0.00,,false,,0.00,0.0000,true,1,135602
3606,true,מפעל -md10נוזל לחיטו,,,מפעל -md10נוזל לחיטו,,0.00,,false,,0.00,0.0000,true,1,135603
3607,true,"מפעל 26 F NL20 -ק""ג",,,"מפעל 26 F NL20 -ק""ג",,0.00,,false,,0.00,0.0000,true,1,135604
3623,true,omd-10,,,omd-10,,0.00,,false,,0.00,0.0000,true,1,135925
3624,true,מפעל-מדבקה לסושי צמח,,,מפעל-מדבקה לסושי צמח,,0.00,,false,,0.00,0.0000,true,1,137138
3625,true,מפעל-מדבקה לסושי סלמ,,,מפעל-מדבקה לסושי סלמ,,0.00,,false,,0.00,0.0000,true,1,137139
3630,true,מפעל-מדבקה לכדור בטע,,,מפעל-מדבקה לכדור בטע,,0.00,,false,,0.00,0.0000,true,1,137372
3631,true,מפעל-מדבקה לכדור בטע,,,מפעל-מדבקה לכדור בטע,,0.00,,false,,0.00,0.0000,true,1,137373
3637,true,מפעל-ויניגרט תפוז לי,,,מפעל-ויניגרט תפוז לי,,0.00,,false,,0.00,0.0000,true,1,137325
3904,true,גזר לפי קילו מהדרין,,,גזר לפי קילו מהדרין,,0.00,,false,,0.00,0.0000,true,1,132113
3933,true,נוזל לניקוי אסלות 1,,,נוזל לניקוי אסלות 1,,0.00,,false,,0.00,0.0000,true,1,132119
3934,true,נוזל לניקוי וחיטוי ל,,,נוזל לניקוי וחיטוי ל,,0.00,,false,,0.00,0.0000,true,1,132120
3935,true,תרסיס ניקוי והברקה נ,,,תרסיס ניקוי והברקה נ,,0.00,,false,,0.00,0.0000,true,1,132121
3938,true,400מטליות לניקוי מש,,,400מטליות לניקוי מש,,0.00,,false,,0.00,0.0000,true,1,132122
3943,true,400מטליות מילוי לני,,,400מטליות מילוי לני,,0.00,,false,,0.00,0.0000,true,1,132123
3944,true,"בקבוק 750 סמ""ק + התז",,,"בקבוק 750 סמ""ק + התז",,0.00,,false,,0.00,0.0000,true,1,132124
3945,true,12מטליות מיקרופיבר,,,12מטליות מיקרופיבר,,0.00,,false,,0.00,0.0000,true,1,132125
3946,true,מטלית מיקרופיבר לרצפ,,,מטלית מיקרופיבר לרצפ,,0.00,,false,,0.00,0.0000,true,1,132126
3947,true,מטלית מיקרופיבר לניק,,,מטלית מיקרופיבר לניק,,0.00,,false,,0.00,0.0000,true,1,132127
3949,true,תפוזים שק 10 קילו,,,תפוזים שק 10 קילו,,0.00,,false,,0.00,0.0000,true,1,134182
4004,true,מוס שוקולד וקצפת12 י,,,מוס שוקולד וקצפת12 י,קילוגרמים,1.00,"ק""ג",true,,0.00,0.0000,true,1,134689
4010,true,וודקה תאו XXO דאבל א,,,וודקה תאו XXO דאבל א,קילוגרמים,1.00,"ק""ג",true,,0.00,0.0000,true,1,132170
4011,true,כריות יפניות מארז12,,,כריות יפניות מארז12,קילוגרמים,1.00,"ק""ג",true,,0.00,0.0000,true,1,132171
4036,true,יגרמייסטר בקבוק ליטר,,,יגרמייסטר בקבוק ליטר,,0.00,,false,,0.00,0.0000,true,1,132195
4038,true,נוזל מרוכז לחיטוי פי,,,נוזל מרוכז לחיטוי פי,,0.00,,false,,0.00,0.0000,true,1,132197
4041,true,מקרונים 36 יח קרטון,,,מקרונים 36 יח קרטון,,0.00,,false,,0.00,0.0000,true,1,134690
4044,true,פח שובך 8 ליטר לשרות,,,פח שובך 8 ליטר לשרות,,0.00,,false,,0.00,0.0000,true,1,132201
4045,true,"מטהר אויר300 סמ""ק",,,"מטהר אויר300 סמ""ק",,0.00,,false,,0.00,0.0000,true,1,132202
4046,true,מברשת פלסטיק לשירותי,,,מברשת פלסטיק לשירותי,,0.00,,false,,0.00,0.0000,true,1,132203
4047,true,סט לשירותים מיכל+מבר,,,סט לשירותים מיכל+מבר,,0.00,,false,,0.00,0.0000,true,1,132204
4056,true,"ג""אמפ תה קר אפרסק בק",,,"ג""אמפ תה קר אפרסק בק",,0.00,,false,,0.00,0.0000,true,1,132055
4057,true,"ג""אמפ תה קר תפוח בקב",,,"ג""אמפ תה קר תפוח בקב",,0.00,,false,,0.00,0.0000,true,1,132056
4058,true,מים בטעם אפרסק סאן ב,,,מים בטעם אפרסק סאן ב,,0.00,,false,,0.00,0.0000,true,1,132057
4059,true,מים בטעם ענבים סאן ב,,,מים בטעם ענבים סאן ב,,0.00,,false,,0.00,0.0000,true,1,132058
4073,true,"""סים""",,,"""סים""",,0.00,,false,,0.00,0.0000,true,1,132302
4107,true,"מאפיינס וניל שוקוצ""י",,,"מאפיינס וניל שוקוצ""י",,0.00,,false,,0.00,0.0000,true,1,134710
4108,true,"מאפיינס שוקו שוקוצ""י",,,"מאפיינס שוקו שוקוצ""י",,0.00,,false,,0.00,0.0000,true,1,134711
4113,true,סלט פסטה קר,,,סלט פסטה קר,,0.00,,false,,5.00,0.0000,true,1,132439
4128,true,ביסקולידה,,,ביסקולידה,,0.00,,false,,0.00,0.0000,true,1,132575
4132,true,ספוג הפלא) מארז6 יחי,,,ספוג הפלא) מארז6 יחי,,0.00,,false,,0.00,0.0000,true,1,132587
4133,true,מתקן ריצפה לגליל תעש,,,מתקן ריצפה לגליל תעש,,0.00,,false,,0.00,0.0000,true,1,132588
4134,true,מתקן תליה לגליל תעשי,,,מתקן תליה לגליל תעשי,,0.00,,false,,0.00,0.0000,true,1,132589
4135,true,גליל נייר תעשייתי12,,,גליל נייר תעשייתי12,,0.00,,false,,0.00,0.0000,true,1,132590
4154,true,כפפת סיליקון,,,כפפת סיליקון,,0.00,,false,,5.00,0.0000,true,1,132668
4214,true,"פפסי קולה500 מ""ל",,,"פפסי קולה500 מ""ל",,0.00,,false,,5.00,0.0000,true,1,132880
4215,true,"פפסי מקס500 מ""ל",,,"פפסי מקס500 מ""ל",,0.00,,false,,5.00,0.0000,true,1,132881
4216,true,"מירנדה500 מ""ל",,,"מירנדה500 מ""ל",,0.00,,false,,5.00,0.0000,true,1,132882
4217,true,"סבן אפ500 מ""ל",,,"סבן אפ500 מ""ל",,0.00,,false,,5.00,0.0000,true,1,132883
4218,true,"דיאט סבן אפ500 מ""ל",,,"דיאט סבן אפ500 מ""ל",,0.00,,false,,5.00,0.0000,true,1,132884
4223,true,בקבוק ספורט,,,בקבוק ספורט,,0.00,,false,,0.00,0.0000,true,1,132923
4225,true,סט כלי ששת,,,סט כלי ששת,,0.00,,false,,0.00,0.0000,true,1,132925
4240,true,ארגז - E לחמניית סבי,,,ארגז - E לחמניית סבי,,0.00,,false,,0.00,0.0000,true,1,134719
4281,true,מתקן סבוניה קצף,,,מתקן סבוניה קצף,,0.00,,false,,0.00,0.0000,true,1,133098
4532,true,ניילון נצמד בודד 30,,,ניילון נצמד בודד 30,,0.00,,false,,5.00,0.0000,true,1,137746
4700,true,מארז - 12 מיץ תפוזים,,,מארז - 12 מיץ תפוזים,,0.00,,false,,0.00,0.0000,true,1,134720
4701,true,מארז - 12  מיץ לימונ,,,מארז - 12  מיץ לימונ,,0.00,,false,,0.00,0.0000,true,1,134721
4703,true,מארז - 12 מיץ גזר תפ,,,מארז - 12 מיץ גזר תפ,,0.00,,false,,0.00,0.0000,true,1,134722
4705,true,מארז - 28 שיפוד שישל,,,מארז - 28 שיפוד שישל,,0.00,,false,,0.00,0.0000,true,1,134072
4706,true,מארז - 28 שיפוד שישל,,,מארז - 28 שיפוד שישל,,0.00,,false,,0.00,0.0000,true,1,133705
4707,true,מארז- 28 לקט ירקות ק,,,מארז- 28 לקט ירקות ק,,0.00,,false,,0.00,0.0000,true,1,134723
4708,true,מארז - 28  גרעיני תי,,,מארז - 28  גרעיני תי,,0.00,,false,,0.00,0.0000,true,1,134724
4709,true,מארז - 12שוקו בקרטון,,,מארז - 12שוקו בקרטון,,0.00,,false,,0.00,0.0000,true,1,134725
4727,true,מארז - 96 לקקנים,,,מארז - 96 לקקנים,,0.00,,false,,0.00,0.0000,true,1,134726
4730,true,מרינה סופר מכר,,,מרינה סופר מכר,,0.00,,false,,0.00,0.0000,true,1,135137
4731,true,מתקן מגבת צץ רץ,,,מתקן מגבת צץ רץ,,0.00,,false,,0.00,0.0000,true,1,133091
4732,true,"שני ק""ג עוגיות אלפחו",,,"שני ק""ג עוגיות אלפחו",קילוגרמים,1.00,"ק""ג",true,,0.00,0.0000,true,1,134728
4736,true,"ספגטי עגבניות20 יח """,,,"ספגטי עגבניות20 יח """,קילוגרמים,1.00,"ק""ג",true,,0.00,0.0000,true,1,134731
4737,true,"אורז קטניות20 יח ""בק",,,"אורז קטניות20 יח ""בק",קילוגרמים,1.00,"ק""ג",true,,0.00,0.0000,true,1,134732
4738,true,"תפו""א וירקות סגנון ה",,,"תפו""א וירקות סגנון ה",קילוגרמים,1.00,"ק""ג",true,,0.00,0.0000,true,1,134733
4766,true,"מארז180 יח - ""תיק שו",,,"מארז180 יח - ""תיק שו",,0.00,,false,,0.00,0.0000,true,1,134737
4767,true,"מארז120 יח - ""צידנית",,,"מארז120 יח - ""צידנית",,0.00,,false,,0.00,0.0000,true,1,134738
4779,true,מארז 1 קילו - נקניקי,,,מארז 1 קילו - נקניקי,,0.00,,false,,0.00,0.0000,true,1,133315
4780,true,מארז 36 יחידות - כפכ,,,מארז 36 יחידות - כפכ,,0.00,,false,,0.00,0.0000,true,1,133316
4783,true,מארז 12 יחידות - גרע,,,מארז 12 יחידות - גרע,,0.00,,false,,0.00,0.0000,true,1,134740
4784,true,מארז 24 יחידות - טוב,,,מארז 24 יחידות - טוב,,0.00,,false,,0.00,0.0000,true,1,134074
4785,true,מארז 12 יחידות - עוג,,,מארז 12 יחידות - עוג,,0.00,,false,,0.00,0.0000,true,1,134075
4786,true,מארז 24 יחידות - גרנ,,,מארז 24 יחידות - גרנ,,0.00,,false,,0.00,0.0000,true,1,134741
4787,true,מארז 36 יחידות - מגב,,,מארז 36 יחידות - מגב,,0.00,,false,,0.00,0.0000,true,1,134076
4788,true,מארז 12 יחידות - סוכ,,,מארז 12 יחידות - סוכ,,0.00,,false,,0.00,0.0000,true,1,134742
4789,true,מארז 20 יחידות - פסט,,,מארז 20 יחידות - פסט,,0.00,,false,,0.00,0.0000,true,1,134077
4790,true,מארז 36 יחידות - בול,,,מארז 36 יחידות - בול,,0.00,,false,,0.00,0.0000,true,1,134743
4791,true,מארז 30 יחידות - דגנ,,,מארז 30 יחידות - דגנ,,0.00,,false,,0.00,0.0000,true,1,134078
4792,true,מארז 12 יחידות -פרינ,,,מארז 12 יחידות -פרינ,,0.00,,false,,0.00,0.0000,true,1,134744
4796,true,מארז 10 יחידות בקרטו,,,מארז 10 יחידות בקרטו,,0.00,,false,,0.00,0.0000,true,1,134745
4805,true,מארז 12 יחידות בקרטו,,,מארז 12 יחידות בקרטו,קילוגרמים,1.00,"ק""ג",true,,0.00,0.0000,true,1,134803
4828,true,עוגת דבש,,,עוגת דבש,,0.00,,false,,5.00,0.0000,true,1,133645
4832,true,מארז 100 יחידות - קי,,,מארז 100 יחידות - קי,,0.00,,false,,0.00,0.0000,true,1,134080
4840,true,ערכת פתיחה לזכיין מת,,,ערכת פתיחה לזכיין מת,,0.00,,false,,0.00,0.0000,true,1,136231
4845,true,קרטוניות לסחלב שוקול,,,קרטוניות לסחלב שוקול,,0.00,,false,,0.00,0.0000,true,1,138952
5564,true,50סכינים קשיח,,,50סכינים קשיח,,0.00,,false,,0.00,0.0000,true,1,136307
5656,true,"חיוב תפוצ""יפס מחודש",,,"חיוב תפוצ""יפס מחודש",,0.00,,false,,0.00,0.0000,true,1,140112
6247,true,מפעל-אריזה למגשי איר,,,מפעל-אריזה למגשי איר,,0.00,,false,,0.00,0.0000,true,1,137331
9999,true,כרטיס נטען,,,כרטיס נטען,,0.00,,false,,0.00,0.0000,true,1,133652
10009,true,עוגת דבש 250 גרם - ה,,,עוגת דבש 250 גרם - ה,,0.00,,false,,6.00,0.0000,true,1,137288
10010,true,מפעל -מעורב ביצים10,,,מפעל -מעורב ביצים10,,0.00,,false,,2999.90,0.0000,true,1,136791
10541,true,מוצארט בינוני,,,מוצארט בינוני,קילוגרמים,1.00,"ק""ג",true,,12.00,12.0000,true,1,140117
11059,true,מפעל-אבקת וואסבי,,,מפעל-אבקת וואסבי,,0.00,,false,,0.00,0.0000,true,1,136096
12345,true,fdgsdvgdf,,,fdgsdvgdf,,0.00,,false,,0.00,0.0000,true,1,132306
13690,true,כפפות ניטריל מידה M,,,כפפות ניטריל מידה M,,0.00,,false,,0.00,0.0000,true,1,137376
15008,true,מפעל-רוטב יאמאסה פרי,,,מפעל-רוטב יאמאסה פרי,,0.00,,false,,0.00,0.0000,true,1,136190
15042,true,"מפעל-רוטב סויה 15 ג""",,,"מפעל-רוטב סויה 15 ג""",,0.00,,false,,0.00,0.0000,true,1,136097
16062,true,מפעל-חומץ אורז מיצוק,,,מפעל-חומץ אורז מיצוק,,0.00,,false,,0.00,0.0000,true,1,135720
18019,true,"מפעל-ג""ינג""ר כבוש לב",,,"מפעל-ג""ינג""ר כבוש לב",,0.00,,false,,0.00,0.0000,true,1,136098
18023,true,מפעל-קנפיו רצועות דל,,,מפעל-קנפיו רצועות דל,,0.00,,false,,0.00,0.0000,true,1,136099
20005,true,פאי אישי קטן אמריקן,,,פאי אישי קטן אמריקן,קילוגרמים,1.00,"ק""ג",true,,12.00,12.0000,true,1,140118
20205,true,פאי אישי קטן שוקולד,,,פאי אישי קטן שוקולד,קילוגרמים,1.00,"ק""ג",true,,12.00,12.0000,true,1,140119
35893,true,ממתק חמוץ ומסוכר בטע,,,ממתק חמוץ ומסוכר בטע,,0.00,,false,,5.00,0.0000,true,1,134894
36122,true,פשטידת בטטה אישית,,,פשטידת בטטה אישית,קילוגרמים,1.00,"ק""ג",true,,12.00,12.0000,true,1,140125
36322,true,פשטידת בצל אישית,,,פשטידת בצל אישית,קילוגרמים,1.00,"ק""ג",true,,12.00,12.0000,true,1,140126
44857,true,וופל רול בפח בטעם שו,,,וופל רול בפח בטעם שו,,0.00,,false,,0.00,0.0000,true,1,136846
50010,true,מפעל-ביצה קשה יד אור,,,מפעל-ביצה קשה יד אור,,0.00,,false,,2999.90,0.0000,true,1,135357
50011,true,מפעל-חלבון ביצים מבו,,,מפעל-חלבון ביצים מבו,,0.00,,false,,2999.90,0.0000,true,1,136268
50012,true,מפעל-חלמון ביצים מבו,,,מפעל-חלמון ביצים מבו,,0.00,,false,,2999.90,0.0000,true,1,136269
50301,true,קוראסון שוקולד לא אפ,,,קוראסון שוקולד לא אפ,,0.00,,false,,0.00,0.0000,true,1,137281
50302,true,גביניות  לא אפוי - ר,,,גביניות  לא אפוי - ר,,0.00,,false,,0.00,0.0000,true,1,137282
50303,true,קוראסון ריק לא אפוי,,,קוראסון ריק לא אפוי,,0.00,,false,,0.00,0.0000,true,1,137283
50304,true,בורקס גבינה לא אפוי,,,בורקס גבינה לא אפוי,,0.00,,false,,0.00,0.0000,true,1,137284
50305,true,"בורקס תפו""א לא אפוי",,,"בורקס תפו""א לא אפוי",,0.00,,false,,0.00,0.0000,true,1,137285
55428,true,משקה שקדים עמיד 1 לי,,,משקה שקדים עמיד 1 לי,,0.00,,false,,11.90,0.0000,true,1,141019
56464,true,מפעל-בייגל טוסט,,,מפעל-בייגל טוסט,,0.00,,false,,2999.90,0.0000,true,1,138383
57453,true,"מפעל -עמק חריץ בד""ץ",,,"מפעל -עמק חריץ בד""ץ",קילוגרמים,1.00,"ק""ג",true,,2999.90,2999.9000,true,1,135895
75075,true,קדירת מרק 10 ליטר,,,קדירת מרק 10 ליטר,,0.00,,false,,0.00,0.0000,true,1,136449
76777,true,רדיד אלומיניום7.5*3,,,רדיד אלומיניום7.5*3,,0.00,,false,,0.00,0.0000,true,1,134926
81014,true,חלב שקית + 3% ארגז פ,,,חלב שקית + 3% ארגז פ,קילוגרמים,1.00,"ק""ג",true,,2999.00,2999.0000,true,1,140114
100100,true,מפעל-תבור למהדרין מג,,,מפעל-תבור למהדרין מג,,0.00,,false,,2999.90,0.0000,true,1,136109
100610,true,מפעל-גבינה בולגרית ל,,,מפעל-גבינה בולגרית ל,,0.00,,false,,2999.90,0.0000,true,1,135297
100633,true,מפעל-לה פטה שש-בש 4,,,מפעל-לה פטה שש-בש 4,,0.00,,false,,2999.90,0.0000,true,1,135345
123456,true,קופון טסט,,,קופון טסט,,0.00,,false,,0.01,0.0000,true,1,132220
128901,true,מפעל טרמיסו,,,מפעל טרמיסו,,0.00,,false,,12.00,0.0000,true,1,138309
128902,true,מפעל- בוואריה פרווה,,,מפעל- בוואריה פרווה,,0.00,,false,,5.00,0.0000,true,1,138310
128979,true,מפעל-קוסקוס בינוני,,,מפעל-קוסקוס בינוני,,0.00,,false,,2999.90,0.0000,true,1,137653
131700,true,מפעל - נייר טואלט לי,,,מפעל - נייר טואלט לי,,0.00,,false,,0.00,0.0000,true,1,138361
150004,true,"מפעל-סוכר סוגת בד""ץ",,,"מפעל-סוכר סוגת בד""ץ",,0.00,,false,,2999.00,0.0000,true,1,135441
150207,true,"מפעל-מלח עבה 1 ק""ג ב",,,"מפעל-מלח עבה 1 ק""ג ב",,0.00,,false,,0.00,0.0000,true,1,135609
150209,true,מפעל-מלח דק עתלית בד,,,מפעל-מלח דק עתלית בד,,0.00,,false,,0.00,0.0000,true,1,135442
180107,true,מפעל -חמוציות בתפזור,,,מפעל -חמוציות בתפזור,קילוגרמים,1.00,"ק""ג",true,,2999.90,2999.9000,true,1,135476
206010,true,גבינה פירורים בינוני,,,גבינה פירורים בינוני,קילוגרמים,1.00,"ק""ג",true,,12.00,12.0000,true,1,140120
230113,true,מפעל-בורגול 5 קילו ב,,,מפעל-בורגול 5 קילו ב,,0.00,,false,,0.00,0.0000,true,1,135477
230136,true,מפעל-עדשים שחורות 5,,,מפעל-עדשים שחורות 5,,0.00,,false,,2999.00,0.0000,true,1,136117
302027,true,פאקט-טיים רד,,,פאקט-טיים רד,,0.00,,false,,0.00,0.0000,true,1,137774
302041,true,פאקט-טיים 100 רד,,,פאקט-טיים 100 רד,,0.00,,false,,0.00,0.0000,true,1,138444
303795,true,פרגית אמיתית 16 יח,,,פרגית אמיתית 16 יח,קילוגרמים,1.00,"ק""ג",true,,0.00,0.0000,true,1,138119
303825,true,זוג פרגית במגש 8 יח,,,זוג פרגית במגש 8 יח,קילוגרמים,1.00,"ק""ג",true,,0.00,0.0000,true,1,138120
303832,true,פרגית אמיתית 16 יח ת,,,פרגית אמיתית 16 יח ת,קילוגרמים,1.00,"ק""ג",true,,0.00,0.0000,true,1,138121
303863,true,עוף של פעם,,,עוף של פעם,קילוגרמים,1.00,"ק""ג",true,,0.00,0.0000,true,1,138254
303870,true,כרעיים של פעם,,,כרעיים של פעם,קילוגרמים,1.00,"ק""ג",true,,0.00,0.0000,true,1,138255
303887,true,חזה של פעם,,,חזה של פעם,קילוגרמים,1.00,"ק""ג",true,,0.00,0.0000,true,1,138256
303894,true,פילה של פעם,,,פילה של פעם,קילוגרמים,1.00,"ק""ג",true,,0.00,0.0000,true,1,138257
303900,true,כנפיים של פעם,,,כנפיים של פעם,קילוגרמים,1.00,"ק""ג",true,,0.00,0.0000,true,1,138258
303917,true,כבד של פעם,,,כבד של פעם,קילוגרמים,1.00,"ק""ג",true,,0.00,0.0000,true,1,138259
305988,true,"גביע ליוגורט 200 מ""ל",,,"גביע ליוגורט 200 מ""ל",,0.00,,false,,0.00,0.0000,true,1,139143
305989,true,"גביע ליוגורט 240 מ""ל",,,"גביע ליוגורט 240 מ""ל",,0.00,,false,,0.00,0.0000,true,1,138959
330113,true,"מפעל-מרק ט .עוף 1 ק""",,,"מפעל-מרק ט .עוף 1 ק""",,0.00,,false,,0.00,0.0000,true,1,135663
350108,true,"מפעל-פלפל שטה -צ""ילי",,,"מפעל-פלפל שטה -צ""ילי",,0.00,,false,,0.00,0.0000,true,1,135929
350111,true,מפעל-פפריקה מתוקה 1,,,מפעל-פפריקה מתוקה 1,,0.00,,false,,0.00,0.0000,true,1,135612
350127,true,"מפעל-רוזמרין 1 ק""ג ג",,,"מפעל-רוזמרין 1 ק""ג ג",,0.00,,false,,0.00,0.0000,true,1,135664
350175,true,"מפעל-מלח לימון ק""ג ג",,,"מפעל-מלח לימון ק""ג ג",,0.00,,false,,0.00,0.0000,true,1,135613
350199,true,מפעל-אורגנו,,,מפעל-אורגנו,,0.00,,false,,0.00,0.0000,true,1,135614
360120,true,מפעל-פלפל שחור טחון,,,מפעל-פלפל שחור טחון,,0.00,,false,,0.00,0.0000,true,1,136328
360122,true,מפעל-פפריקה חריפה 1,,,מפעל-פפריקה חריפה 1,,0.00,,false,,0.00,0.0000,true,1,135615
370001,true,מפעל-פפריקה מתוקה מע,,,מפעל-פפריקה מתוקה מע,,0.00,,false,,0.00,0.0000,true,1,137234
370003,true,מפעל-פלפל שטה גרוסה,,,מפעל-פלפל שטה גרוסה,,0.00,,false,,0.00,0.0000,true,1,137235
370006,true,מפעל-פלפל שחור גרוס,,,מפעל-פלפל שחור גרוס,,0.00,,false,,0.00,0.0000,true,1,137517
370008,true,מפעל-פלפל שחור טחון,,,מפעל-פלפל שחור טחון,,0.00,,false,,0.00,0.0000,true,1,137236
379593,true,מפעל-מונדלך גדול שמי,,,מפעל-מונדלך גדול שמי,,0.00,,false,,2999.90,0.0000,true,1,136809
400001,true,עוף שלם,,,עוף שלם,קילוגרמים,1.00,"ק""ג",true,,0.00,0.0000,true,1,137787
400002,true,עוף מפורק,,,עוף מפורק,קילוגרמים,1.00,"ק""ג",true,,0.00,0.0000,true,1,137788
400003,true,כרעיים עוף,,,כרעיים עוף,קילוגרמים,1.00,"ק""ג",true,,0.00,0.0000,true,1,137789
400004,true,שוקיים עוף,,,שוקיים עוף,קילוגרמים,1.00,"ק""ג",true,,0.00,0.0000,true,1,137790
400005,true,ירכיים עוף,,,ירכיים עוף,קילוגרמים,1.00,"ק""ג",true,,0.00,0.0000,true,1,137791
400006,true,כנפיים עוף,,,כנפיים עוף,קילוגרמים,1.00,"ק""ג",true,,0.00,0.0000,true,1,137792
400009,true,שניצל עוף פרוס מובחר,,,שניצל עוף פרוס מובחר,קילוגרמים,1.00,"ק""ג",true,,0.00,0.0000,true,1,137793
400010,true,פרגיות עוף,,,פרגיות עוף,קילוגרמים,1.00,"ק""ג",true,,0.00,0.0000,true,1,137794
400011,true,שיפודי פרגיות,,,שיפודי פרגיות,קילוגרמים,1.00,"ק""ג",true,,0.00,0.0000,true,1,137795
400013,true,עופיון,,,עופיון,קילוגרמים,1.00,"ק""ג",true,,0.00,0.0000,true,1,137796
400014,true,כבד עוף,,,כבד עוף,קילוגרמים,1.00,"ק""ג",true,,0.00,0.0000,true,1,137797
400015,true,לבבות עוף,,,לבבות עוף,קילוגרמים,1.00,"ק""ג",true,,0.00,0.0000,true,1,137798
400017,true,טחון עוף,,,טחון עוף,קילוגרמים,1.00,"ק""ג",true,,0.00,0.0000,true,1,137799
400018,true,פילה עוף,,,פילה עוף,קילוגרמים,1.00,"ק""ג",true,,0.00,0.0000,true,1,137800
400021,true,שיפודי לבבות,,,שיפודי לבבות,קילוגרמים,1.00,"ק""ג",true,,0.00,0.0000,true,1,137801
400024,true,כרעיים בלי עור,,,כרעיים בלי עור,קילוגרמים,1.00,"ק""ג",true,,0.00,0.0000,true,1,137802
400028,true,עוף ללא עצמות,,,עוף ללא עצמות,קילוגרמים,1.00,"ק""ג",true,,0.00,0.0000,true,1,137803
400102,true,רצועות עוף,,,רצועות עוף,קילוגרמים,1.00,"ק""ג",true,,0.00,0.0000,true,1,137804
400103,true,כנפיים הודו,,,כנפיים הודו,קילוגרמים,1.00,"ק""ג",true,,0.00,0.0000,true,1,137805
400104,true,גרון הודו,,,גרון הודו,קילוגרמים,1.00,"ק""ג",true,,0.00,0.0000,true,1,137806
400106,true,רצועות שווארמה נקבה,,,רצועות שווארמה נקבה,קילוגרמים,1.00,"ק""ג",true,,0.00,0.0000,true,1,137807
400107,true,שיפודי שווארמה נקבה,,,שיפודי שווארמה נקבה,קילוגרמים,1.00,"ק""ג",true,,0.00,0.0000,true,1,137808
400108,true,שווארמה הודו נקבה,,,שווארמה הודו נקבה,קילוגרמים,1.00,"ק""ג",true,,0.00,0.0000,true,1,137809
400109,true,וויסבראטן,,,וויסבראטן,קילוגרמים,1.00,"ק""ג",true,,0.00,0.0000,true,1,137810
400111,true,אווזית,,,אווזית,קילוגרמים,1.00,"ק""ג",true,,0.00,0.0000,true,1,137811
400112,true,"צ""אך",,,"צ""אך",קילוגרמים,1.00,"ק""ג",true,,0.00,0.0000,true,1,137812
400115,true,כרעיים ללא עצם,,,כרעיים ללא עצם,קילוגרמים,1.00,"ק""ג",true,,0.00,0.0000,true,1,137813
400117,true,נקניקיות מרגז,,,נקניקיות מרגז,קילוגרמים,1.00,"ק""ג",true,,0.00,0.0000,true,1,137814
400118,true,קבב טרי,,,קבב טרי,קילוגרמים,1.00,"ק""ג",true,,0.00,0.0000,true,1,137815
400121,true,חזה הודו,,,חזה הודו,קילוגרמים,1.00,"ק""ג",true,,0.00,0.0000,true,1,137816
400209,true,אסאדו \שפונדרה עגל,,,אסאדו \שפונדרה עגל,קילוגרמים,1.00,"ק""ג",true,,0.00,0.0000,true,1,137817
400213,true,מעורב ירושלמי,,,מעורב ירושלמי,קילוגרמים,1.00,"ק""ג",true,,0.00,0.0000,true,1,137818
400222,true,אנטריקוט עם עצם טרי,,,אנטריקוט עם עצם טרי,קילוגרמים,1.00,"ק""ג",true,,0.00,0.0000,true,1,137819
400226,true,המבורגר טרי,,,המבורגר טרי,קילוגרמים,1.00,"ק""ג",true,,0.00,0.0000,true,1,137820
400227,true,בשר ראש עגל,,,בשר ראש עגל,קילוגרמים,1.00,"ק""ג",true,,0.00,0.0000,true,1,137821
400228,true,שפונדרה,,,שפונדרה,קילוגרמים,1.00,"ק""ג",true,,0.00,0.0000,true,1,137822
400236,true,שייטל,,,שייטל,קילוגרמים,1.00,"ק""ג",true,,0.00,0.0000,true,1,137823
400237,true,כתף מניון,,,כתף מניון,קילוגרמים,1.00,"ק""ג",true,,0.00,0.0000,true,1,137824
400301,true,אנטריקוט טרי,,,אנטריקוט טרי,קילוגרמים,1.00,"ק""ג",true,,0.00,0.0000,true,1,137825
400302,true,צלעות בקר טרי,,,צלעות בקר טרי,קילוגרמים,1.00,"ק""ג",true,,0.00,0.0000,true,1,137826
400305,true,צלי כתף טרי,,,צלי כתף טרי,קילוגרמים,1.00,"ק""ג",true,,0.00,0.0000,true,1,137827
400306,true,פילה מדומה טרי,,,פילה מדומה טרי,קילוגרמים,1.00,"ק""ג",true,,0.00,0.0000,true,1,137828
400309,true,סינטה טרי,,,סינטה טרי,קילוגרמים,1.00,"ק""ג",true,,0.00,0.0000,true,1,137829
400310,true,פילה בקר טרי,,,פילה בקר טרי,קילוגרמים,1.00,"ק""ג",true,,0.00,0.0000,true,1,137830
400313,true,אסאדו,,,אסאדו,קילוגרמים,1.00,"ק""ג",true,,0.00,0.0000,true,1,137831
400326,true,טחון טרי,,,טחון טרי,קילוגרמים,1.00,"ק""ג",true,,0.00,0.0000,true,1,137832
400401,true,כתף טלה,,,כתף טלה,קילוגרמים,1.00,"ק""ג",true,,0.00,0.0000,true,1,137833
400406,true,לשון בקר טרי,,,לשון בקר טרי,קילוגרמים,1.00,"ק""ג",true,,0.00,0.0000,true,1,137834
400411,true,בשר ראש בקר טרי,,,בשר ראש בקר טרי,קילוגרמים,1.00,"ק""ג",true,,0.00,0.0000,true,1,137835
400412,true,עצמות מוח,,,עצמות מוח,קילוגרמים,1.00,"ק""ג",true,,0.00,0.0000,true,1,138768
400413,true,שריר בשר,,,שריר בשר,קילוגרמים,1.00,"ק""ג",true,,0.00,0.0000,true,1,138769
400414,true,אוסובוקו,,,אוסובוקו,קילוגרמים,1.00,"ק""ג",true,,0.00,0.0000,true,1,138770
400415,true,צלי כתף,,,צלי כתף,קילוגרמים,1.00,"ק""ג",true,,0.00,0.0000,true,1,138771
400416,true,צוואר טלה טרי,,,צוואר טלה טרי,קילוגרמים,1.00,"ק""ג",true,,0.00,0.0000,true,1,139018
400417,true,צלעות טלה טרי,,,צלעות טלה טרי,קילוגרמים,1.00,"ק""ג",true,,0.00,0.0000,true,1,139019
400418,true,חזה טלה טרי,,,חזה טלה טרי,קילוגרמים,1.00,"ק""ג",true,,0.00,0.0000,true,1,139020
410008,true,חזה עוף,,,חזה עוף,קילוגרמים,1.00,"ק""ג",true,,0.00,0.0000,true,1,137836
500122,true,מפעל-רצועות עוף 10 ק,,,מפעל-רצועות עוף 10 ק,קילוגרמים,1.00,"ק""ג",true,,0.00,0.0000,true,1,137518
515042,true,"קמח לבן 1 ק""ג",,,"קמח לבן 1 ק""ג",,0.00,,false,,0.00,0.0000,true,1,132641
540735,true,מארס 51 גרם,,,מארס 51 גרם,,0.00,,false,,5.00,0.0000,true,1,135278
542041,true,מפעל-לחמנייה כפרי אר,,,מפעל-לחמנייה כפרי אר,,0.00,,false,,2999.90,0.0000,true,1,136810
542180,true,טוויקס 50 גרם,,,טוויקס 50 גרם,,0.00,,false,,5.00,0.0000,true,1,137479
542379,true,מפעל-מיני כפרית,,,מפעל-מיני כפרית,,0.00,,false,,0.70,0.0000,true,1,137298
544443,true,טוויקס 50 גרם,,,טוויקס 50 גרם,,0.00,,false,,5.00,0.0000,true,1,135279
548212,true,מארס 51 גרם,,,מארס 51 גרם,,0.00,,false,,5.00,0.0000,true,1,137480
605018,true,מפעל-מזרה סוכריות,,,מפעל-מזרה סוכריות,,0.00,,false,,0.00,0.0000,true,1,136740
605031,true,מפעל-מזרה בטעם שוקול,,,מפעל-מזרה בטעם שוקול,,0.00,,false,,2999.00,0.0000,true,1,137217
608466,true,מפעל-תערובת כדורים ב,,,מפעל-תערובת כדורים ב,,0.00,,false,,0.00,0.0000,true,1,136814
609003,true,מפעל-אבקת סוכר שק ני,,,מפעל-אבקת סוכר שק ני,,0.00,,false,,0.00,0.0000,true,1,137384
609058,true,מפעל-אבקת קקאו20/22,,,מפעל-אבקת קקאו20/22,,0.00,,false,,0.00,0.0000,true,1,137385
611068,true,שניצל פטם דק דק,,,שניצל פטם דק דק,קילוגרמים,1.00,"ק""ג",true,,0.00,0.0000,true,1,138122
611082,true,עוף שלם ללא עצם טרי,,,עוף שלם ללא עצם טרי,קילוגרמים,1.00,"ק""ג",true,,0.00,0.0000,true,1,138123
611099,true,כבד טרי,,,כבד טרי,קילוגרמים,1.00,"ק""ג",true,,0.00,0.0000,true,1,138124
611118,true,מפעל-בוטנים גרוסים ד,,,מפעל-בוטנים גרוסים ד,,0.00,,false,,0.00,0.0000,true,1,136741
611129,true,ירכיים טרי,,,ירכיים טרי,קילוגרמים,1.00,"ק""ג",true,,0.00,0.0000,true,1,138125
611143,true,טחול טרי,,,טחול טרי,קילוגרמים,1.00,"ק""ג",true,,0.00,0.0000,true,1,138126
611150,true,לב טרי,,,לב טרי,קילוגרמים,1.00,"ק""ג",true,,0.00,0.0000,true,1,138127
611167,true,נתחי חזה פטם תפז,,,נתחי חזה פטם תפז,קילוגרמים,1.00,"ק""ג",true,,0.00,0.0000,true,1,138128
611181,true,כנפיים טרי,,,כנפיים טרי,קילוגרמים,1.00,"ק""ג",true,,0.00,0.0000,true,1,138129
611204,true,שניצל דק דק,,,שניצל דק דק,קילוגרמים,1.00,"ק""ג",true,,0.00,0.0000,true,1,138130
611228,true,פילה טרי,,,פילה טרי,קילוגרמים,1.00,"ק""ג",true,,0.00,0.0000,true,1,138131
611242,true,פילה עוף טרי,,,פילה עוף טרי,קילוגרמים,1.00,"ק""ג",true,,0.00,0.0000,true,1,138132
611259,true,חזה חצוי,,,חזה חצוי,קילוגרמים,1.00,"ק""ג",true,,0.00,0.0000,true,1,138133
611273,true,פ  -4תפזורת טרי,,,פ  -4תפזורת טרי,קילוגרמים,1.00,"ק""ג",true,,0.00,0.0000,true,1,138260
611280,true,פטם טרי,,,פטם טרי,קילוגרמים,1.00,"ק""ג",true,,0.00,0.0000,true,1,138134
611327,true,נתח פרגית טרי,,,נתח פרגית טרי,קילוגרמים,1.00,"ק""ג",true,,0.00,0.0000,true,1,138135
611334,true,סטייק פרגית ב.ע    .,,,סטייק פרגית ב.ע    .,קילוגרמים,1.00,"ק""ג",true,,0.00,0.0000,true,1,138136
611389,true,כנפית פטם,,,כנפית פטם,קילוגרמים,1.00,"ק""ג",true,,0.00,0.0000,true,1,138137
611396,true,סטייק פרגית ע.ע    .,,,סטייק פרגית ע.ע    .,קילוגרמים,1.00,"ק""ג",true,,0.00,0.0000,true,1,138138
611402,true,עוף צעיר טרי,,,עוף צעיר טרי,קילוגרמים,1.00,"ק""ג",true,,0.00,0.0000,true,1,138139
611419,true,קורקבן טרי,,,קורקבן טרי,קילוגרמים,1.00,"ק""ג",true,,0.00,0.0000,true,1,138140
611440,true,"שניצל 150 גר       """,,,"שניצל 150 גר       """,קילוגרמים,1.00,"ק""ג",true,,0.00,0.0000,true,1,138141
611471,true,"שוקיים טרי תפז     """,,,"שוקיים טרי תפז     """,קילוגרמים,1.00,"ק""ג",true,,0.00,0.0000,true,1,138142
611518,true,כרעיים טרי,,,כרעיים טרי,קילוגרמים,1.00,"ק""ג",true,,0.00,0.0000,true,1,138143
611563,true,קוקטייל טרי,,,קוקטייל טרי,קילוגרמים,1.00,"ק""ג",true,,0.00,0.0000,true,1,138144
611600,true,פ -4גדול,,,פ -4גדול,קילוגרמים,1.00,"ק""ג",true,,0.00,0.0000,true,1,138145
611624,true,"פ -4מס           2 """,,,"פ -4מס           2 """,קילוגרמים,1.00,"ק""ג",true,,0.00,0.0000,true,1,138146
611716,true,שווארמה) פרגית     (,,,שווארמה) פרגית     (,קילוגרמים,1.00,"ק""ג",true,,0.00,0.0000,true,1,138147
611808,true,כרעיים טרי טנא,,,כרעיים טרי טנא,קילוגרמים,1.00,"ק""ג",true,,0.00,0.0000,true,1,138148
611839,true,שוקיים טרי,,,שוקיים טרי,קילוגרמים,1.00,"ק""ג",true,,0.00,0.0000,true,1,138149
611846,true,כרעיים טרי,,,כרעיים טרי,קילוגרמים,1.00,"ק""ג",true,,0.00,0.0000,true,1,138150
611853,true,כנפיים טרי,,,כנפיים טרי,קילוגרמים,1.00,"ק""ג",true,,0.00,0.0000,true,1,138151
611860,true,חזה טרי,,,חזה טרי,קילוגרמים,1.00,"ק""ג",true,,0.00,0.0000,true,1,138152
611877,true,ירכיים טרי,,,ירכיים טרי,קילוגרמים,1.00,"ק""ג",true,,0.00,0.0000,true,1,138153
611884,true,כבד טרי,,,כבד טרי,קילוגרמים,1.00,"ק""ג",true,,0.00,0.0000,true,1,138154
611891,true,לבבות טרי,,,לבבות טרי,קילוגרמים,1.00,"ק""ג",true,,0.00,0.0000,true,1,138155
611938,true,טחול טרי,,,טחול טרי,קילוגרמים,1.00,"ק""ג",true,,0.00,0.0000,true,1,138156
611945,true,קורקבן טרי,,,קורקבן טרי,קילוגרמים,1.00,"ק""ג",true,,0.00,0.0000,true,1,138157
611952,true,כרעיים טרי       250,,,כרעיים טרי       250,קילוגרמים,1.00,"ק""ג",true,,0.00,0.0000,true,1,138158
611969,true,כרעיים טרי      300,,,כרעיים טרי      300,קילוגרמים,1.00,"ק""ג",true,,0.00,0.0000,true,1,138159
611983,true,שניצל פרוס,,,שניצל פרוס,קילוגרמים,1.00,"ק""ג",true,,0.00,0.0000,true,1,138160
611990,true,שוארמה טרי,,,שוארמה טרי,קילוגרמים,1.00,"ק""ג",true,,0.00,0.0000,true,1,138161
612069,true,כרעיים ללא עצם גב,,,כרעיים ללא עצם גב,קילוגרמים,1.00,"ק""ג",true,,0.00,0.0000,true,1,138162
612102,true,ירך פטם ב.ע.ג      .,,,ירך פטם ב.ע.ג      .,קילוגרמים,1.00,"ק""ג",true,,0.00,0.0000,true,1,138163
612126,true,כנף חצויה,,,כנף חצויה,קילוגרמים,1.00,"ק""ג",true,,0.00,0.0000,true,1,138164
612149,true,כנף הודו מפורק,,,כנף הודו מפורק,קילוגרמים,1.00,"ק""ג",true,,0.00,0.0000,true,1,138165
612157,true,סטייק פרגיות ארוז,,,סטייק פרגיות ארוז,קילוגרמים,1.00,"ק""ג",true,,0.00,0.0000,true,1,138166
612164,true,חזה הודו נקבה טרי תפ,,,חזה הודו נקבה טרי תפ,קילוגרמים,1.00,"ק""ג",true,,0.00,0.0000,true,1,138241
612171,true,שווארמה הודו נקבה,,,שווארמה הודו נקבה,קילוגרמים,1.00,"ק""ג",true,,0.00,0.0000,true,1,138167
612195,true,הודו שלם נקבה,,,הודו שלם נקבה,קילוגרמים,1.00,"ק""ג",true,,0.00,0.0000,true,1,138168
612201,true,כבד טרי,,,כבד טרי,קילוגרמים,1.00,"ק""ג",true,,0.00,0.0000,true,1,138169
612218,true,קורקבן טרי,,,קורקבן טרי,קילוגרמים,1.00,"ק""ג",true,,0.00,0.0000,true,1,138170
612225,true,לב טרי,,,לב טרי,קילוגרמים,1.00,"ק""ג",true,,0.00,0.0000,true,1,138171
612232,true,אשכים,,,אשכים,קילוגרמים,1.00,"ק""ג",true,,0.00,0.0000,true,1,138172
612249,true,פרפר זכר טרי,,,פרפר זכר טרי,קילוגרמים,1.00,"ק""ג",true,,0.00,0.0000,true,1,138173
612263,true,פרפר נקבה טרי,,,פרפר נקבה טרי,קילוגרמים,1.00,"ק""ג",true,,0.00,0.0000,true,1,138174
612270,true,"חזה פרפר ע""ע זכר",,,"חזה פרפר ע""ע זכר",קילוגרמים,1.00,"ק""ג",true,,0.00,0.0000,true,1,138175
612287,true,"חזה פרפר ע""ע נקבה",,,"חזה פרפר ע""ע נקבה",קילוגרמים,1.00,"ק""ג",true,,0.00,0.0000,true,1,138176
612300,true,שוק הודו פלסטון קטן,,,שוק הודו פלסטון קטן,קילוגרמים,1.00,"ק""ג",true,,0.00,0.0000,true,1,138285
612324,true,חזה זכר חצוי ע.ע,,,חזה זכר חצוי ע.ע,קילוגרמים,1.00,"ק""ג",true,,0.00,0.0000,true,1,138177
612331,true,נתחים,,,נתחים,קילוגרמים,1.00,"ק""ג",true,,0.00,0.0000,true,1,138178
612348,true,שוק זכר טרי,,,שוק זכר טרי,קילוגרמים,1.00,"ק""ג",true,,0.00,0.0000,true,1,138179
612355,true,שוק נקבה טרי,,,שוק נקבה טרי,קילוגרמים,1.00,"ק""ג",true,,0.00,0.0000,true,1,138180
612362,true,חזה זכר חצוי ללא פיל,,,חזה זכר חצוי ללא פיל,קילוגרמים,1.00,"ק""ג",true,,0.00,0.0000,true,1,138181
612379,true,פילה הודו,,,פילה הודו,קילוגרמים,1.00,"ק""ג",true,,0.00,0.0000,true,1,138182
612386,true,שווארמה נקבה טרי,,,שווארמה נקבה טרי,קילוגרמים,1.00,"ק""ג",true,,0.00,0.0000,true,1,138183
612393,true,שווארמה זכר טרי,,,שווארמה זכר טרי,קילוגרמים,1.00,"ק""ג",true,,0.00,0.0000,true,1,138184
612409,true,שישליק טרי,,,שישליק טרי,קילוגרמים,1.00,"ק""ג",true,,0.00,0.0000,true,1,138185
612416,true,שוק מפורק,,,שוק מפורק,קילוגרמים,1.00,"ק""ג",true,,0.00,0.0000,true,1,138186
612430,true,חתיכות,,,חתיכות,קילוגרמים,1.00,"ק""ג",true,,0.00,0.0000,true,1,138187
612447,true,כנף זכר טרי,,,כנף זכר טרי,קילוגרמים,1.00,"ק""ג",true,,0.00,0.0000,true,1,138188
612454,true,שוק מפורק פרוס,,,שוק מפורק פרוס,קילוגרמים,1.00,"ק""ג",true,,0.00,0.0000,true,1,138189
612461,true,כנף נקבה טרי,,,כנף נקבה טרי,קילוגרמים,1.00,"ק""ג",true,,0.00,0.0000,true,1,138190
612508,true,חזה נקבה חצוי טרי,,,חזה נקבה חצוי טרי,קילוגרמים,1.00,"ק""ג",true,,0.00,0.0000,true,1,138191
612539,true,חזה זכר חצוי טרי,,,חזה זכר חצוי טרי,קילוגרמים,1.00,"ק""ג",true,,0.00,0.0000,true,1,138192
612577,true,גרון זכר,,,גרון זכר,קילוגרמים,1.00,"ק""ג",true,,0.00,0.0000,true,1,138193
612584,true,גרון נקבה,,,גרון נקבה,קילוגרמים,1.00,"ק""ג",true,,0.00,0.0000,true,1,138194
612591,true,גרון עוף,,,גרון עוף,קילוגרמים,1.00,"ק""ג",true,,0.00,0.0000,true,1,138195
612607,true,זנבות עם עצם,,,זנבות עם עצם,קילוגרמים,1.00,"ק""ג",true,,0.00,0.0000,true,1,138196
612614,true,טחול,,,טחול,קילוגרמים,1.00,"ק""ג",true,,0.00,0.0000,true,1,138197
612652,true,"ירך זכר ע""ע",,,"ירך זכר ע""ע",קילוגרמים,1.00,"ק""ג",true,,0.00,0.0000,true,1,138198
612867,true,שווארמה ה.נ.טרי,,,שווארמה ה.נ.טרי,קילוגרמים,1.00,"ק""ג",true,,0.00,0.0000,true,1,138199
612874,true,שישליק טרי,,,שישליק טרי,קילוגרמים,1.00,"ק""ג",true,,0.00,0.0000,true,1,138200
612881,true,שוק ה.נ טרי,,,שוק ה.נ טרי,קילוגרמים,1.00,"ק""ג",true,,0.00,0.0000,true,1,138201
612898,true,נתחי הודו טרי,,,נתחי הודו טרי,קילוגרמים,1.00,"ק""ג",true,,0.00,0.0000,true,1,138202
612904,true,חזה ה.נ.טרי,,,חזה ה.נ.טרי,קילוגרמים,1.00,"ק""ג",true,,0.00,0.0000,true,1,138203
612911,true,בשר אדום טרי,,,בשר אדום טרי,קילוגרמים,1.00,"ק""ג",true,,0.00,0.0000,true,1,138204
612928,true,כנפיים ה.נ.טרי,,,כנפיים ה.נ.טרי,קילוגרמים,1.00,"ק""ג",true,,0.00,0.0000,true,1,138205
612935,true,כבד הודו טרי,,,כבד הודו טרי,קילוגרמים,1.00,"ק""ג",true,,0.00,0.0000,true,1,138206
612942,true,לב הודו טרי,,,לב הודו טרי,קילוגרמים,1.00,"ק""ג",true,,0.00,0.0000,true,1,138207
612959,true,קורקבן הודו טרי,,,קורקבן הודו טרי,קילוגרמים,1.00,"ק""ג",true,,0.00,0.0000,true,1,138208
612966,true,גרון הודו טרי,,,גרון הודו טרי,קילוגרמים,1.00,"ק""ג",true,,0.00,0.0000,true,1,138209
612997,true,אשכים ארוז,,,אשכים ארוז,קילוגרמים,1.00,"ק""ג",true,,0.00,0.0000,true,1,138210
631195,true,אנטריקוט עגל חלק,,,אנטריקוט עגל חלק,קילוגרמים,1.00,"ק""ג",true,,0.00,0.0000,true,1,139017
671501,true,מפעל-קוקוס טחון לבן,,,מפעל-קוקוס טחון לבן,,0.00,,false,,0.00,0.0000,true,1,136742
683706,true,גביע לרוטב   oz 1.5,,,גביע לרוטב   oz 1.5,,0.00,,false,,0.00,0.0000,true,1,138464
685806,true,כרעיים חתוכות בלי עו,,,כרעיים חתוכות בלי עו,קילוגרמים,1.00,"ק""ג",true,,0.00,0.0000,true,1,138211
685844,true,גרון עוף ארוז,,,גרון עוף ארוז,קילוגרמים,1.00,"ק""ג",true,,0.00,0.0000,true,1,138212
756504,true,כפיות גלידה צבעוניות,,,כפיות גלידה צבעוניות,,0.00,,false,,0.00,0.0000,true,1,137211
875001,true,חזה חצוי הקצביה,,,חזה חצוי הקצביה,קילוגרמים,1.00,"ק""ג",true,,0.00,0.0000,true,1,138213
875018,true,שניצל דק הקצביה,,,שניצל דק הקצביה,קילוגרמים,1.00,"ק""ג",true,,0.00,0.0000,true,1,138214
875025,true,פילה פטם הקצביה,,,פילה פטם הקצביה,קילוגרמים,1.00,"ק""ג",true,,0.00,0.0000,true,1,138215
875032,true,כנפיים הקצביה,,,כנפיים הקצביה,קילוגרמים,1.00,"ק""ג",true,,0.00,0.0000,true,1,138216
875049,true,כרעיים הקצביה,,,כרעיים הקצביה,קילוגרמים,1.00,"ק""ג",true,,0.00,0.0000,true,1,138217
875056,true,שוקיים הקצביה,,,שוקיים הקצביה,קילוגרמים,1.00,"ק""ג",true,,0.00,0.0000,true,1,138218
875063,true,פרגית הקצביה,,,פרגית הקצביה,קילוגרמים,1.00,"ק""ג",true,,0.00,0.0000,true,1,138219
875070,true,פרגית פרוסה הקצביה,,,פרגית פרוסה הקצביה,קילוגרמים,1.00,"ק""ג",true,,0.00,0.0000,true,1,138220
875087,true,כבד פטם הקצביה,,,כבד פטם הקצביה,קילוגרמים,1.00,"ק""ג",true,,0.00,0.0000,true,1,138221
875094,true,קוקטייל קצביה,,,קוקטייל קצביה,קילוגרמים,1.00,"ק""ג",true,,0.00,0.0000,true,1,138222
875100,true,לבבות פטם חצוי,,,לבבות פטם חצוי,קילוגרמים,1.00,"ק""ג",true,,0.00,0.0000,true,1,138223
875117,true,לבבות פטם,,,לבבות פטם,קילוגרמים,1.00,"ק""ג",true,,0.00,0.0000,true,1,138224
875308,true,חזה חצוי הקצביה,,,חזה חצוי הקצביה,קילוגרמים,1.00,"ק""ג",true,,0.00,0.0000,true,1,138225
875315,true,שניצל דק הקצביה,,,שניצל דק הקצביה,קילוגרמים,1.00,"ק""ג",true,,0.00,0.0000,true,1,138226
875322,true,פילה פטם הקצביה,,,פילה פטם הקצביה,קילוגרמים,1.00,"ק""ג",true,,0.00,0.0000,true,1,138227
875339,true,כנפיים הקצביה,,,כנפיים הקצביה,קילוגרמים,1.00,"ק""ג",true,,0.00,0.0000,true,1,138228
875346,true,כרעיים הקצביה,,,כרעיים הקצביה,קילוגרמים,1.00,"ק""ג",true,,0.00,0.0000,true,1,138229
875353,true,שוקיים הקצביה,,,שוקיים הקצביה,קילוגרמים,1.00,"ק""ג",true,,0.00,0.0000,true,1,138230
875360,true,פרגית הקצביה,,,פרגית הקצביה,קילוגרמים,1.00,"ק""ג",true,,0.00,0.0000,true,1,138231
875377,true,פרגית פרוסה הקצביה,,,פרגית פרוסה הקצביה,קילוגרמים,1.00,"ק""ג",true,,0.00,0.0000,true,1,138232
875384,true,כבד פטם הקצביה,,,כבד פטם הקצביה,קילוגרמים,1.00,"ק""ג",true,,0.00,0.0000,true,1,138233
934330,true,קדמי טלה חלק מחולק ב,,,קדמי טלה חלק מחולק ב,קילוגרמים,1.00,"ק""ג",true,,0.00,0.0000,true,1,139252
934596,true,צוואר צלעות עגל חלק,,,צוואר צלעות עגל חלק,קילוגרמים,1.00,"ק""ג",true,,0.00,0.0000,true,1,138960
934678,true,אנטריקוט עגל כשר,,,אנטריקוט עגל כשר,קילוגרמים,1.00,"ק""ג",true,,0.00,0.0000,true,1,138105
934689,true,קיט כתף חלק,,,קיט כתף חלק,קילוגרמים,1.00,"ק""ג",true,,0.00,0.0000,true,1,138984
934700,true,נתחים לקצב חלק,,,נתחים לקצב חלק,קילוגרמים,1.00,"ק""ג",true,,0.00,0.0000,true,1,139253
934707,true,עצמות מוח חלק קפוא,,,עצמות מוח חלק קפוא,קילוגרמים,1.00,"ק""ג",true,,0.00,0.0000,true,1,139254
963320,true,סינטה עגל חלק,,,סינטה עגל חלק,קילוגרמים,1.00,"ק""ג",true,,0.00,0.0000,true,1,139255
1000183,true,מפעל-לחמניות מיני שמ,,,מפעל-לחמניות מיני שמ,,0.00,,false,,2999.90,0.0000,true,1,138262
1141004,true,מפעל-פרוסות חציל נקי,,,מפעל-פרוסות חציל נקי,,0.00,,false,,0.00,0.0000,true,1,135079
1157151,true,"מפעל-תפו""א זעיר לבן",,,"מפעל-תפו""א זעיר לבן",,0.00,,false,,2999.90,0.0000,true,1,137420
1230001,true,פרוסות חציל נקי,,,פרוסות חציל נקי,,0.00,,false,,0.00,0.0000,true,1,135021
1230003,true,מפעל-סלט טונה טוניסא,,,מפעל-סלט טונה טוניסא,,0.00,,false,,0.00,0.0000,true,1,135022
1230004,true,מפעל-סלט טונה עם ירק,,,מפעל-סלט טונה עם ירק,,0.00,,false,,0.00,0.0000,true,1,135023
1230005,true,מפעל-טחינה,,,מפעל-טחינה,,0.00,,false,,0.00,0.0000,true,1,135024
1230007,true,מפעל-סלט ביצים,,,מפעל-סלט ביצים,,0.00,,false,,0.00,0.0000,true,1,135080
1280047,true,מפעל-פלפל שחור,,,מפעל-פלפל שחור,,0.00,,false,,0.00,0.0000,true,1,137575
1289005,true,מפעל-שום כתוש,,,מפעל-שום כתוש,,0.00,,false,,2999.90,0.0000,true,1,137587
1293017,true,"מפעל-צ""ופסטיק",,,"מפעל-צ""ופסטיק",,0.00,,false,,2999.90,0.0000,true,1,138299
1296004,true,מפעל-ניילון בגליל עו,,,מפעל-ניילון בגליל עו,,0.00,,false,,0.00,0.0000,true,1,137616
1296005,true,מפעל-ניילון בגליל עו,,,מפעל-ניילון בגליל עו,,0.00,,false,,0.00,0.0000,true,1,137617
1296006,true,ניילון נצמד בודד 30,,,ניילון נצמד בודד 30,,0.00,,false,,5.00,0.0000,true,1,137618
1500307,true,סטנד טמפקס 68 EVAX +,,,סטנד טמפקס 68 EVAX +,,0.00,,false,,0.00,0.0000,true,1,136168
1532010,true,מפעל-סלמון מעושן חם,,,מפעל-סלמון מעושן חם,קילוגרמים,1.00,"ק""ג",true,,2999.90,2999.9000,true,1,135914
1532011,true,מפעל-סלמון מעושן חם,,,מפעל-סלמון מעושן חם,קילוגרמים,1.00,"ק""ג",true,,2999.90,2999.9000,true,1,136854
1700210,true,שקיות גופיה לבן גדול,,,שקיות גופיה לבן גדול,,0.00,,false,,0.00,0.0000,true,1,138989
1855911,true,"שמן קנולה 650 מ""ל",,,"שמן קנולה 650 מ""ל",,0.00,,false,,5.00,0.0000,true,1,132710
2001845,true,מפעל-סלמון,,,מפעל-סלמון,,0.00,,false,,0.00,0.0000,true,1,135081
2002149,true,מפעל -ממרח אריסה א2.,,,מפעל -ממרח אריסה א2.,,0.00,,false,,2999.90,0.0000,true,1,135701
2002150,true,מפעל-ממרח עגבניות מי,,,מפעל-ממרח עגבניות מי,,0.00,,false,,2999.90,0.0000,true,1,136863
2020102,true,מפעל-ממרח לימון כבוש,,,מפעל-ממרח לימון כבוש,,0.00,,false,,2999.90,0.0000,true,1,135702
2020123,true,מפעל-ממרח עגבניות א1,,,מפעל-ממרח עגבניות א1,,0.00,,false,,2999.90,0.0000,true,1,135703
2020125,true,מפעל-ממרח זית ירוק א,,,מפעל-ממרח זית ירוק א,,0.00,,false,,2999.90,0.0000,true,1,136650
2020126,true,מפעל-ממרח פלפל א3 10,,,מפעל-ממרח פלפל א3 10,,0.00,,false,,2999.90,0.0000,true,1,135704
2057451,true,מלפפונים גדולים בחומ,,,מלפפונים גדולים בחומ,,0.00,,false,,5.00,0.0000,true,1,134971
2079422,true,קרוטונים למרק 250 גר,,,קרוטונים למרק 250 גר,,0.00,,false,,5.00,0.0000,true,1,133721
2214153,true,שוקית פטם,,,שוקית פטם,קילוגרמים,1.00,"ק""ג",true,,0.00,0.0000,true,1,137996
2240714,true,קופיקס - די סי -כוס,,,קופיקס - די סי -כוס,,0.00,,false,,0.00,0.0000,true,1,139987
2240715,true,קופיקס - די סי -מכסה,,,קופיקס - די סי -מכסה,,0.00,,false,,0.00,0.0000,true,1,139988
2276050,true,מפעל-לחמנית ארבע עונ,,,מפעל-לחמנית ארבע עונ,,0.00,,false,,2999.90,0.0000,true,1,137123
2276111,true,מפעל-לחמנית בורג מתו,,,מפעל-לחמנית בורג מתו,,0.00,,false,,2999.90,0.0000,true,1,137127
2707500,true,מפעל-חסה רומיין 500,,,מפעל-חסה רומיין 500,,0.00,,false,,0.00,0.0000,true,1,136780
2711533,true,מפעל-פטרוזיליה,,,מפעל-פטרוזיליה,,0.00,,false,,0.00,0.0000,true,1,135059
2715200,true,"מפעל-בצל קוביות 1 ק""",,,"מפעל-בצל קוביות 1 ק""",,0.00,,false,,2999.90,0.0000,true,1,135247
2716100,true,"מפעל-סלרי קצוץ ק""ג",,,"מפעל-סלרי קצוץ ק""ג",,0.00,,false,,2999.00,0.0000,true,1,136075
2730020,true,אייס לימונענע 12 יחי,,,אייס לימונענע 12 יחי,,0.00,,false,,2999.90,0.0000,true,1,136641
2794015,true,מפעל-לקט ירקות,,,מפעל-לקט ירקות,,0.00,,false,,2999.90,0.0000,true,1,135063
2881735,true,לבבות דקל 400 גרם,,,לבבות דקל 400 גרם,,0.00,,false,,0.00,0.0000,true,1,138103
2901300,true,מפעל-עגבניית שרי שטו,,,מפעל-עגבניית שרי שטו,,0.00,,false,,0.00,0.0000,true,1,135283
2944100,true,מפעל-גזר מקולף 5 קיל,,,מפעל-גזר מקולף 5 קיל,,0.00,,false,,2999.90,0.0000,true,1,135478
2951100,true,מפעל-בטטה מקולפת,,,מפעל-בטטה מקולפת,,0.00,,false,,2999.90,0.0000,true,1,135564
2985200,true,מפעל-מלפפון שטוף,,,מפעל-מלפפון שטוף,,0.00,,false,,2999.00,0.0000,true,1,135256
3143401,true,"שווארמה ה.ז .ע""ע",,,"שווארמה ה.ז .ע""ע",קילוגרמים,1.00,"ק""ג",true,,0.00,0.0000,true,1,138041
4048518,true,מעדניה - פילה אמנון,,,מעדניה - פילה אמנון,קילוגרמים,1.00,"ק""ג",true,,29.90,29.9000,true,1,149344
4119522,true,שוקו שוק בשקית 225 מ,,,שוקו שוק בשקית 225 מ,,0.00,,false,,5.00,0.0000,true,1,132711
4134198,true,משקה בננה תנובה בקבו,,,משקה בננה תנובה בקבו,,0.00,,false,,5.00,0.0000,true,1,134934
4536660,true,רדיד אלומיניום7.5*3,,,רדיד אלומיניום7.5*3,,0.00,,false,,5.00,0.0000,true,1,134746
4798055,true,מסבין סנטטי 230 גרם,,,מסבין סנטטי 230 גרם,,0.00,,false,,5.00,0.0000,true,1,133307
4869298,true,מיני קרואסון שמרים ק,,,מיני קרואסון שמרים ק,קילוגרמים,1.00,"ק""ג",true,,0.00,0.0000,true,1,137400
4869380,true,מיני קרואסון שוקו אפ,,,מיני קרואסון שוקו אפ,קילוגרמים,1.00,"ק""ג",true,,0.00,0.0000,true,1,137401
5053177,true,גבינת שמנת,,,גבינת שמנת,,0.00,,false,,0.00,0.0000,true,1,137308
5210820,true,מאפה חמאה שקדים פילס,,,מאפה חמאה שקדים פילס,,0.00,,false,,8.00,0.0000,true,1,140098
5210821,true,מאפה שוקולד חמאה פיל,,,מאפה שוקולד חמאה פיל,,0.00,,false,,0.00,0.0000,true,1,140099
5427558,true,תחליב רחצה בניחוח דב,,,תחליב רחצה בניחוח דב,,0.00,,false,,10.90,0.0000,true,1,141842
5431364,true,עוגת גבינה כלשפ,,,עוגת גבינה כלשפ,,0.00,,false,,0.00,0.0000,true,1,139995
5431371,true,מלבי כשלפ,,,מלבי כשלפ,,0.00,,false,,0.00,0.0000,true,1,139996
5431593,true,קדאיף עדן קינוחים,,,קדאיף עדן קינוחים,,0.00,,false,,0.00,0.0000,true,1,137315
5431609,true,טרמיסו,,,טרמיסו,,0.00,,false,,0.00,0.0000,true,1,139997
5431753,true,עוגת ביסקוויטים,,,עוגת ביסקוויטים,,0.00,,false,,0.00,0.0000,true,1,136857
6901268,true,קופיקס -דובונים 40 ג,,,קופיקס -דובונים 40 ג,,0.00,,false,,4.10,0.0000,true,1,135281
6930640,true,מפעל-ביצה קשה,,,מפעל-ביצה קשה,,0.00,,false,,2999.90,0.0000,true,1,135026
7002124,true,"ווסקי ג""יימסון 1  לי",,,"ווסקי ג""יימסון 1  לי",,0.00,,false,,0.00,0.0000,true,1,134213
7644594,true,מפעל -חטיף גרנולה שו,,,מפעל -חטיף גרנולה שו,,0.00,,false,,0.00,0.0000,true,1,138311
7644600,true,מפעל - חטיף גרנולה ש,,,מפעל - חטיף גרנולה ש,,0.00,,false,,0.00,0.0000,true,1,138312
8730017,true,אייס לימונענע 12 יחי,,,אייס לימונענע 12 יחי,,0.00,,false,,2999.90,0.0000,true,1,136643
10000188,true,מפעל-לחמניות ביס דגנ,,,מפעל-לחמניות ביס דגנ,,0.00,,false,,2999.90,0.0000,true,1,138261
10293800,true,מפעל-זיתים טבעות ירו,,,מפעל-זיתים טבעות ירו,,0.00,,false,,2999.90,0.0000,true,1,136329
10321680,false,יוגורט 2.9% תות גו 2,,,יוגורט 2.9% תות גו 2,גרמים,200.00,100 גרם,false,,5.90,0.0295,true,1,147544
10322014,false,טופו טבעי 300 גרם,,,טופו טבעי 300 גרם,גרמים,300.00,100 גרם,false,,12.90,0.0430,true,1,147611
10322021,false,טופו בזיליקום 300 גר,,,טופו בזיליקום 300 גר,גרמים,300.00,100 גרם,false,,12.90,0.0430,true,1,147698
10323073,false,משקה יוגורט 1% 20 גר,,,משקה יוגורט 1% 20 גר,מיליליטרים,250.00,"100 מ""ל",false,,6.70,0.0268,true,1,147900
10323585,false,יוגורט לייט 0.5% מוע,,,יוגורט לייט 0.5% מוע,גרמים,200.00,100 גרם,false,,5.90,0.0295,true,1,147546
10323592,false,יוגורט לייט 0.5% מוע,,,יוגורט לייט 0.5% מוע,גרמים,200.00,100 גרם,false,,5.90,0.0295,true,1,147542
10323714,false,משקה קוקוס שקדים תנו,,,משקה קוקוס שקדים תנו,מיליליטרים,1000.00,"100 מ""ל",false,,14.80,0.0148,true,1,147548
10326241,false,יופלה און טופ גרנולה,,,יופלה און טופ גרנולה,גרמים,157.00,100 גרם,false,,5.50,0.0350,true,1,147685
11179345,false,כוסות שתיה קרה 100 י,,,כוסות שתיה קרה 100 י,Unknown,100.00,יחידה,false,,7.90,0.0790,true,1,143734
11499297,true,ברי פקאן 25% שומן12,,,ברי פקאן 25% שומן12,,0.00,,false,,20.00,0.0000,true,1,139135
11499334,true,גבינת קממבר צאן 125,,,גבינת קממבר צאן 125,,0.00,,false,,18.00,0.0000,true,1,139136
12870003,true,מפעל-כפפות ניטרל  S,,,מפעל-כפפות ניטרל  S,,0.00,,false,,20.00,0.0000,true,1,137715
12890003,true,מפעל-אבקת ווסאבי,,,מפעל-אבקת ווסאבי,,0.00,,false,,0.00,0.0000,true,1,137537
12890004,true,מפעל-אורגנו,,,מפעל-אורגנו,,0.00,,false,,0.00,0.0000,true,1,137538
12890007,true,מפעל-אצות לסושי,,,מפעל-אצות לסושי,,0.00,,false,,0.00,0.0000,true,1,137541
12890014,true,"מפעל-ג""ינג""ר לסושי",,,"מפעל-ג""ינג""ר לסושי",,0.00,,false,,0.00,0.0000,true,1,137548
12890016,true,מפעל-גבינת שמנת,,,מפעל-גבינת שמנת,קילוגרמים,1.00,"ק""ג",true,,0.00,0.0000,true,1,137553
12890019,true,מפעל-חומץ אורז לסושי,,,מפעל-חומץ אורז לסושי,,0.00,,false,,0.00,0.0000,true,1,137556
12890026,true,מפעל-מירין,,,מפעל-מירין,,0.00,,false,,0.00,0.0000,true,1,137563
12890027,true,מפעל-מלח דק,,,מפעל-מלח דק,,0.00,,false,,0.00,0.0000,true,1,137564
12890031,true,מפעל-מלח לימון,,,מפעל-מלח לימון,,0.00,,false,,0.00,0.0000,true,1,137568
12890037,true,מפעל-מרק טעם עוף,,,מפעל-מרק טעם עוף,,0.00,,false,,0.00,0.0000,true,1,137573
12890038,true,מפעל-סאקה,,,מפעל-סאקה,,0.00,,false,,0.00,0.0000,true,1,137576
12890042,true,מפעל-עגבניית שרי,,,מפעל-עגבניית שרי,,0.00,,false,,0.00,0.0000,true,1,137580
12890044,true,מפעל-פטרוזיליה,,,מפעל-פטרוזיליה,קילוגרמים,1.00,"ק""ג",true,,0.00,0.0000,true,1,137582
12890049,true,מפעל-פנקו,,,מפעל-פנקו,,0.00,,false,,0.00,0.0000,true,1,137586
12890050,true,מפעל-פסטה מסולסלת,,,מפעל-פסטה מסולסלת,,0.00,,false,,0.00,0.0000,true,1,137588
12890051,true,מפעל-פפריקה חריפה,,,מפעל-פפריקה חריפה,,0.00,,false,,0.00,0.0000,true,1,137589
12890052,true,מפעל-פפריקה מתוקה מו,,,מפעל-פפריקה מתוקה מו,,0.00,,false,,0.00,0.0000,true,1,137590
12890054,true,מפעל-קנפיו לסושי,,,מפעל-קנפיו לסושי,,0.00,,false,,0.00,0.0000,true,1,137592
12890056,true,מפעל-רוטב סויה אישי,,,מפעל-רוטב סויה אישי,,0.00,,false,,0.00,0.0000,true,1,137594
12890058,true,מפעל-שומשום לבן,,,מפעל-שומשום לבן,,0.00,,false,,0.00,0.0000,true,1,137595
12890059,true,מפעל-שומשום שחור קלו,,,מפעל-שומשום שחור קלו,,0.00,,false,,0.00,0.0000,true,1,137596
12890063,true,מפעל-כורכום מוקרן,,,מפעל-כורכום מוקרן,,0.00,,false,,0.00,0.0000,true,1,137636
12890064,true,מפעל-כמון מוקרן,,,מפעל-כמון מוקרן,,0.00,,false,,0.00,0.0000,true,1,137637
12890071,true,מפעל-שמן קנולה,,,מפעל-שמן קנולה,,0.00,,false,,0.00,0.0000,true,1,137643
12890074,true,מפעל-רוטב סויה יאמאס,,,מפעל-רוטב סויה יאמאס,,0.00,,false,,0.00,0.0000,true,1,137646
12890075,true,מפעל-מלח עבה,,,מפעל-מלח עבה,,0.00,,false,,0.00,0.0000,true,1,137647
12890076,true,מפעל-בורגול,,,מפעל-בורגול,,0.00,,false,,0.00,0.0000,true,1,137648
12890083,true,מפעל-פלפל שחור טחון,,,מפעל-פלפל שחור טחון,,0.00,,false,,0.00,0.0000,true,1,137657
12890084,true,מפעל-רצועות עוף סויה,,,מפעל-רצועות עוף סויה,קילוגרמים,1.00,"ק""ג",true,,0.00,0.0000,true,1,137658
12890087,true,מפעל-תערובת כדורים ב,,,מפעל-תערובת כדורים ב,,0.00,,false,,0.00,0.0000,true,1,137661
12890088,true,מפעל-אבקת סוכר,,,מפעל-אבקת סוכר,,0.00,,false,,0.00,0.0000,true,1,137662
12890089,true,מפעל-אבקת קקאו,,,מפעל-אבקת קקאו,קילוגרמים,1.00,"ק""ג",true,,0.00,0.0000,true,1,137663
12890091,true,מפעל-קוקוס טחון,,,מפעל-קוקוס טחון,,0.00,,false,,0.00,0.0000,true,1,137665
12890092,true,מפעל-רוטב סויה אישי,,,מפעל-רוטב סויה אישי,,0.00,,false,,0.00,0.0000,true,1,137666
12890106,true,מפעל-לחמניית מזונות,,,מפעל-לחמניית מזונות,,0.00,,false,,2999.90,0.0000,true,1,137674
12890107,true,מפעל-פרנה 120 גרם,,,מפעל-פרנה 120 גרם,,0.00,,false,,2999.90,0.0000,true,1,137675
12890118,true,מפעל-נתחי טונה בשמן,,,מפעל-נתחי טונה בשמן,קילוגרמים,1.00,"ק""ג",true,,0.00,0.0000,true,1,137838
12890132,true,מפעל-לחמניה מזרחית ע,,,מפעל-לחמניה מזרחית ע,,0.00,,false,,2999.90,0.0000,true,1,138585
12890133,true,מפעל-לחמניה כפרית75,,,מפעל-לחמניה כפרית75,,0.00,,false,,0.70,0.0000,true,1,138586
12890134,true,"מפעל-תפו""א מקולף",,,"מפעל-תפו""א מקולף",קילוגרמים,1.00,"ק""ג",true,,0.00,0.0000,true,1,138587
12890135,true,מפעל-ניילון רדיד שקו,,,מפעל-ניילון רדיד שקו,קילוגרמים,1.00,"ק""ג",true,,0.00,0.0000,true,1,138607
12890137,true,"מפעל-רוטב צ""ילי מתוק",,,"מפעל-רוטב צ""ילי מתוק",,0.00,,false,,0.00,0.0000,true,1,138710
12890138,true,מפעל-בוטנים קלויים,,,מפעל-בוטנים קלויים,,0.00,,false,,0.00,0.0000,true,1,138711
12890142,true,מפעל-קרוטונים למרק,,,מפעל-קרוטונים למרק,קילוגרמים,1.00,"ק""ג",true,,0.00,0.0000,true,1,139044
12890144,true,מפעל-תחליף גבינה פיצ,,,מפעל-תחליף גבינה פיצ,,0.00,,false,,0.00,0.0000,true,1,139046
12890226,true,מפעל-ממרח טפנד זיתים,,,מפעל-ממרח טפנד זיתים,,0.00,,false,,0.00,0.0000,true,1,139500
12890227,true,מפעל-תפוח,,,מפעל-תפוח,,0.00,,false,,0.00,0.0000,true,1,139518
12890228,true,מפעל-עגבניות קוביות,,,מפעל-עגבניות קוביות,,0.00,,false,,0.00,0.0000,true,1,139523
12890231,true,מפעל-חומצה אסקורבית,,,מפעל-חומצה אסקורבית,,0.00,,false,,0.00,0.0000,true,1,139563
12890232,true,מפעל-פלפל קלוי,,,מפעל-פלפל קלוי,,0.00,,false,,0.00,0.0000,true,1,139566
12890236,true,מפעל-טפנד זיתים,,,מפעל-טפנד זיתים,,0.00,,false,,0.00,0.0000,true,1,139904
12890242,true,מפעל-עגבניות קוביות,,,מפעל-עגבניות קוביות,,0.00,,false,,0.00,0.0000,true,1,139968
12890243,true,מפעל-גבינת קרם שמנת,,,מפעל-גבינת קרם שמנת,,0.00,,false,,0.00,0.0000,true,1,140109
12890244,true,מפעל-גבינת קרם שמנת,,,מפעל-גבינת קרם שמנת,,0.00,,false,,0.00,0.0000,true,1,140110
12890245,true,מפעל-ממרח בטעם שוקול,,,מפעל-ממרח בטעם שוקול,,0.00,,false,,0.00,0.0000,true,1,140111
12891020,true,מפעל-קרוטונים למרק,,,מפעל-קרוטונים למרק,קילוגרמים,1.00,"ק""ג",true,,0.00,0.0000,true,1,139036
12891024,true,מפעל-לחמניה בריוש,,,מפעל-לחמניה בריוש,,0.00,,false,,0.00,0.0000,true,1,139047
12891025,true,מפעל-שבלול מתוק,,,מפעל-שבלול מתוק,,0.00,,false,,0.00,0.0000,true,1,139048
12891026,true,"מפעל-ג""בטינה מיני",,,"מפעל-ג""בטינה מיני",,0.00,,false,,0.00,0.0000,true,1,139049
12891027,true,מפעל-ביס פרג,,,מפעל-ביס פרג,,0.00,,false,,0.00,0.0000,true,1,139050
12891028,true,מפעל-מיני כפרית,,,מפעל-מיני כפרית,,0.00,,false,,0.00,0.0000,true,1,139051
12891029,true,מפעל-פסטה פנה,,,מפעל-פסטה פנה,,0.00,,false,,0.00,0.0000,true,1,139169
12891030,true,מפעל-פסטה ספגטי,,,מפעל-פסטה ספגטי,,0.00,,false,,0.00,0.0000,true,1,139170
12891031,true,מפעל-רוטב סויה סיני,,,מפעל-רוטב סויה סיני,,0.00,,false,,0.00,0.0000,true,1,139171
12891032,true,מפעל-רוטב בסגנון נפא,,,מפעל-רוטב בסגנון נפא,,0.00,,false,,0.00,0.0000,true,1,139172
12891033,true,"מפעל-רוטב סצ""ואן",,,"מפעל-רוטב סצ""ואן",,0.00,,false,,0.00,0.0000,true,1,139173
12891034,true,מפעל-רוטב טריאקי,,,מפעל-רוטב טריאקי,,0.00,,false,,0.00,0.0000,true,1,139174
12891038,true,מפעל-קסטן דגנים,,,מפעל-קסטן דגנים,,0.00,,false,,0.00,0.0000,true,1,139504
12891040,true,מפעל-באן חלבה,,,מפעל-באן חלבה,,0.00,,false,,0.00,0.0000,true,1,139524
12891041,true,מפעל-פריקסה בהיר קטן,,,מפעל-פריקסה בהיר קטן,,0.00,,false,,0.00,0.0000,true,1,140104
12891042,true,מפעל-פריקסה חצי אפוי,,,מפעל-פריקסה חצי אפוי,,0.00,,false,,0.00,0.0000,true,1,140105
12892001,true,מפעל-מיני כפרית,,,מפעל-מיני כפרית,,0.00,,false,,0.00,0.0000,true,1,138561
12910001,true,מפעל-מיני שמינייה מז,,,מפעל-מיני שמינייה מז,,0.00,,false,,0.00,0.0000,true,1,137403
12970001,true,מפעל-כפפות ניטריל L,,,מפעל-כפפות ניטריל L,,0.00,,false,,0.00,0.0000,true,1,137712
12970002,true,מפעל -ניטריל כפפותM,,,מפעל -ניטריל כפפותM,,0.00,,false,,0.00,0.0000,true,1,137716
13022038,true,טופו פיקנטי 300 גרם,,,טופו פיקנטי 300 גרם,,0.00,,false,,12.90,0.0000,true,1,147699
13024704,true,טופו פרובנס 300 גרם,,,טופו פרובנס 300 גרם,,0.00,,false,,12.90,0.0000,true,1,147700
13070001,true,קיט-שקשוקה,,,קיט-שקשוקה,קילוגרמים,1.00,"ק""ג",true,,0.00,0.0000,true,1,138649
13170002,true,מפעל-ספטוקל בלון 20,,,מפעל-ספטוקל בלון 20,,0.00,,false,,0.00,0.0000,true,1,137718
13170004,true,מפעל -QUICKDESבלון1,,,מפעל -QUICKDESבלון1,,0.00,,false,,0.00,0.0000,true,1,137720
13170005,true,מפעל MS -TOPבלון 20,,,מפעל MS -TOPבלון 20,,0.00,,false,,0.00,0.0000,true,1,137721
13170006,true,"מפעל -ZA28מיכל 25 ק""",,,"מפעל -ZA28מיכל 25 ק""",,0.00,,false,,0.00,0.0000,true,1,137722
13170007,true,מפעל-מטליותQUICKDES,,,מפעל-מטליותQUICKDES,,0.00,,false,,0.00,0.0000,true,1,137723
13170008,true,מפעל-גליל נייר תעשיי,,,מפעל-גליל נייר תעשיי,,0.00,,false,,2999.90,0.0000,true,1,137724
13170009,true,מפעל-סולו אקונומיקה,,,מפעל-סולו אקונומיקה,,0.00,,false,,2999.90,0.0000,true,1,137725
13170010,true,מפעל -md10נוזל לחיטו,,,מפעל -md10נוזל לחיטו,,0.00,,false,,0.00,0.0000,true,1,137726
13170012,true,מפעל-שפירצר ריק לניק,,,מפעל-שפירצר ריק לניק,,0.00,,false,,0.00,0.0000,true,1,137786
13170013,true,מפעל -OMD-10חומר חיט,,,מפעל -OMD-10חומר חיט,,0.00,,false,,0.00,0.0000,true,1,137841
13170016,true,מפעל-אל פיח,,,מפעל-אל פיח,,0.00,,false,,0.00,0.0000,true,1,138491
13170019,true,מפעל-אלום        10,,,מפעל-אלום        10,,0.00,,false,,0.00,0.0000,true,1,138517
13170020,true,מפעל -NL20Fח.ניקוי מ,,,מפעל -NL20Fח.ניקוי מ,,0.00,,false,,0.00,0.0000,true,1,138518
13170021,true,מפעל-אבנין - 10 ח.ני,,,מפעל-אבנין - 10 ח.ני,,0.00,,false,,0.00,0.0000,true,1,138519
13170022,true,מפעל        DES -TOP,,,מפעל        DES -TOP,,0.00,,false,,0.00,0.0000,true,1,138897
13170023,true,מפעל-בשמת אקסטרא,,,מפעל-בשמת אקסטרא,,0.00,,false,,0.00,0.0000,true,1,138898
13170024,true,"מפעל-פי.אל )28 .4ק""ג",,,"מפעל-פי.אל )28 .4ק""ג",,0.00,,false,,0.00,0.0000,true,1,138899
13180017,true,מפעל-אריזה למגשי איר,,,מפעל-אריזה למגשי איר,,0.00,,false,,0.00,0.0000,true,1,138481
13180018,true,מפעל-ניילון שקוף320,,,מפעל-ניילון שקוף320,קילוגרמים,1.00,"ק""ג",true,,0.00,0.0000,true,1,138482
13180019,true,מפעל-ניילון שקוף240,,,מפעל-ניילון שקוף240,,0.00,,false,,0.00,0.0000,true,1,138483
13180020,true,מפעל-שקית ארגזים90*,,,מפעל-שקית ארגזים90*,,0.00,,false,,0.00,0.0000,true,1,138484
13180021,true,מפעל-ניילון שקוף250,,,מפעל-ניילון שקוף250,,0.00,,false,,0.00,0.0000,true,1,138485
13180022,true,מפעל-ניילון רדיד מוד,,,מפעל-ניילון רדיד מוד,,0.00,,false,,0.00,0.0000,true,1,138486
13180023,true,מפעל-ניילון רדיד מוד,,,מפעל-ניילון רדיד מוד,,0.00,,false,,0.00,0.0000,true,1,138487
13180025,true,"מפעל-ניילון מס - 1 """,,,"מפעל-ניילון מס - 1 """,קילוגרמים,1.00,"ק""ג",true,,0.00,0.0000,true,1,138492
13180026,true,"מפעל-ניילון מס - 2 """,,,"מפעל-ניילון מס - 2 """,קילוגרמים,1.00,"ק""ג",true,,0.00,0.0000,true,1,138493
13180027,true,"מפעל-ניילון מס - 3 """,,,"מפעל-ניילון מס - 3 """,קילוגרמים,1.00,"ק""ג",true,,0.00,0.0000,true,1,138494
13180028,true,"מפעל-ניילון מס - 4 """,,,"מפעל-ניילון מס - 4 """,קילוגרמים,1.00,"ק""ג",true,,0.00,0.0000,true,1,138495
13180029,true,"מפעל-ניילון מס - 5 """,,,"מפעל-ניילון מס - 5 """,קילוגרמים,1.00,"ק""ג",true,,0.00,0.0000,true,1,138496
13180030,true,"מפעל-ניילון מס - 6 """,,,"מפעל-ניילון מס - 6 """,קילוגרמים,1.00,"ק""ג",true,,0.00,0.0000,true,1,138497
13180031,true,"מפעל-ניילון מס - 7 """,,,"מפעל-ניילון מס - 7 """,קילוגרמים,1.00,"ק""ג",true,,0.00,0.0000,true,1,138498
13180032,true,"מפעל-ניילון מס - 8 """,,,"מפעל-ניילון מס - 8 """,קילוגרמים,1.00,"ק""ג",true,,0.00,0.0000,true,1,138499
13180033,true,"מפעל-ניילון מס- 10 """,,,"מפעל-ניילון מס- 10 """,קילוגרמים,1.00,"ק""ג",true,,0.00,0.0000,true,1,138500
13180034,true,מפעל-ניילון רדיד מוד,,,מפעל-ניילון רדיד מוד,קילוגרמים,1.00,"ק""ג",true,,0.00,0.0000,true,1,138501
13180038,true,מפעל-ניילון רדיד שקו,,,מפעל-ניילון רדיד שקו,,0.00,,false,,0.00,0.0000,true,1,138750
13180039,true,מפעל-מדבקה לנגיסי תי,,,מפעל-מדבקה לנגיסי תי,,0.00,,false,,0.00,0.0000,true,1,138751
13180040,true,מפעל-מגש חמגשית לארו,,,מפעל-מגש חמגשית לארו,,0.00,,false,,0.00,0.0000,true,1,138776
13180041,true,מפעל-ניילון שקוף לחי,,,מפעל-ניילון שקוף לחי,,0.00,,false,,0.00,0.0000,true,1,139408
13180045,true,מפעל-שקיות קוקי,,,מפעל-שקיות קוקי,,0.00,,false,,0.00,0.0000,true,1,139905
13240002,true,מפעל-מדבקה לסושי הוס,,,מפעל-מדבקה לסושי הוס,,0.00,,false,,0.00,0.0000,true,1,137728
13240003,true,מפעל-מדבקה לסושי-הוס,,,מפעל-מדבקה לסושי-הוס,,0.00,,false,,0.00,0.0000,true,1,137729
13240004,true,מפעל-מדבקה לסושי -אי,,,מפעל-מדבקה לסושי -אי,,0.00,,false,,0.00,0.0000,true,1,137730
13240005,true,מפעל-מדבקה לסושי- אי,,,מפעל-מדבקה לסושי- אי,,0.00,,false,,0.00,0.0000,true,1,137731
13240006,true,מפעל-מדבקה לסושי- הו,,,מפעל-מדבקה לסושי- הו,,0.00,,false,,0.00,0.0000,true,1,137732
13240007,true,מפעל-מדבקה לסושי- אי,,,מפעל-מדבקה לסושי- אי,,0.00,,false,,0.00,0.0000,true,1,137733
13240008,true,מפעל-מדבקה לסושי- אי,,,מפעל-מדבקה לסושי- אי,,0.00,,false,,0.00,0.0000,true,1,137734
13240009,true,מפעל-מדבקה לסושי- הו,,,מפעל-מדבקה לסושי- הו,,0.00,,false,,0.00,0.0000,true,1,137735
13240010,true,מפעל-מדבקה לסושי- אי,,,מפעל-מדבקה לסושי- אי,,0.00,,false,,0.00,0.0000,true,1,137736
13240011,true,מפעל-מדבקה לסושי צמח,,,מפעל-מדבקה לסושי צמח,,0.00,,false,,0.00,0.0000,true,1,137737
13240013,true,מפעל-מדבקה לכדור בטע,,,מפעל-מדבקה לכדור בטע,,0.00,,false,,0.00,0.0000,true,1,137739
13240014,true,מפעל-מדבקה לכדור בטע,,,מפעל-מדבקה לכדור בטע,,0.00,,false,,0.00,0.0000,true,1,137740
13240019,true,מפעל-מדבקה לסושי- הו,,,מפעל-מדבקה לסושי- הו,,0.00,,false,,0.00,0.0000,true,1,137745
13240020,true,מפעל-מדבקה לסלט בורג,,,מפעל-מדבקה לסלט בורג,,0.00,,false,,0.00,0.0000,true,1,137856
13240021,true,מפעל-מדבקת שעון לסלט,,,מפעל-מדבקת שעון לסלט,,0.00,,false,,0.00,0.0000,true,1,137857
13240024,true,מפעל-מדבקה לסושי מיק,,,מפעל-מדבקה לסושי מיק,,0.00,,false,,0.00,0.0000,true,1,138362
13240025,true,מפעל-מדבקה לסלט יוונ,,,מפעל-מדבקה לסלט יוונ,,0.00,,false,,0.00,0.0000,true,1,138465
13240026,true,מפעל-מדבקה לסלט ירקו,,,מפעל-מדבקה לסלט ירקו,,0.00,,false,,0.00,0.0000,true,1,138466
13240027,true,מפעל-מדבקה לפוטטוס ת,,,מפעל-מדבקה לפוטטוס ת,,0.00,,false,,0.00,0.0000,true,1,138521
13240028,true,מפעל-מדבקה לסושי מסי,,,מפעל-מדבקה לסושי מסי,,0.00,,false,,0.00,0.0000,true,1,138715
13240029,true,מפעל-מדבקה לאצבעות ת,,,מפעל-מדבקה לאצבעות ת,,0.00,,false,,0.00,0.0000,true,1,138830
13240030,true,מפעל-מדבקה לכדור בטע,,,מפעל-מדבקה לכדור בטע,,0.00,,false,,0.00,0.0000,true,1,138851
13240031,true,מפעל-מדבקה עגולה למג,,,מפעל-מדבקה עגולה למג,,0.00,,false,,0.00,0.0000,true,1,138871
13241001,true,מפעל-מדבקה לקרטון -,,,מפעל-מדבקה לקרטון -,,0.00,,false,,0.00,0.0000,true,1,138385
13241002,true,מפעל-מדבקה לקרטון -,,,מפעל-מדבקה לקרטון -,,0.00,,false,,0.00,0.0000,true,1,138386
13241003,true,מפעל-מדבקה לקרטון -,,,מפעל-מדבקה לקרטון -,,0.00,,false,,0.00,0.0000,true,1,138387
13241004,true,מפעל-מדבקה לקרטון -,,,מפעל-מדבקה לקרטון -,,0.00,,false,,0.00,0.0000,true,1,138388
13241005,true,מפעל-מדבקה לקרטון -,,,מפעל-מדבקה לקרטון -,,0.00,,false,,0.00,0.0000,true,1,138389
13241006,true,מפעל-מדבקה לקרטון -,,,מפעל-מדבקה לקרטון -,,0.00,,false,,0.00,0.0000,true,1,138390
13241007,true,מפעל-מדבקה לקרטון -,,,מפעל-מדבקה לקרטון -,,0.00,,false,,0.00,0.0000,true,1,138391
13241008,true,מפעל-מדבקה לקרטון- ס,,,מפעל-מדבקה לקרטון- ס,,0.00,,false,,0.00,0.0000,true,1,138392
13241009,true,מפעל-מדבקה לקרטון- ס,,,מפעל-מדבקה לקרטון- ס,,0.00,,false,,0.00,0.0000,true,1,138393
13241010,true,מפעל-מדבקה לקרטון- פ,,,מפעל-מדבקה לקרטון- פ,,0.00,,false,,0.00,0.0000,true,1,138394
13241011,true,מפעל-מדבקה לקרטון- ס,,,מפעל-מדבקה לקרטון- ס,,0.00,,false,,0.00,0.0000,true,1,138395
13241012,true,מפעל-מדבקה לקרטון- פ,,,מפעל-מדבקה לקרטון- פ,,0.00,,false,,0.00,0.0000,true,1,138396
13241013,true,מפעל-מדבקה לקרטון-נג,,,מפעל-מדבקה לקרטון-נג,,0.00,,false,,0.00,0.0000,true,1,138752
13241014,true,מפעל-מדבקה לקרטון -,,,מפעל-מדבקה לקרטון -,,0.00,,false,,0.00,0.0000,true,1,138802
13241015,true,מפעל-מדבקה לקרטון -,,,מפעל-מדבקה לקרטון -,,0.00,,false,,0.00,0.0000,true,1,138872
13241016,true,מפעל-מדבקה לקרטון -,,,מפעל-מדבקה לקרטון -,,0.00,,false,,0.00,0.0000,true,1,138884
13241017,true,מפעל-מדבקה לקרטון -,,,מפעל-מדבקה לקרטון -,,0.00,,false,,0.00,0.0000,true,1,138885
13241018,true,מפעל-מדבקה לקרטון -,,,מפעל-מדבקה לקרטון -,,0.00,,false,,0.00,0.0000,true,1,138886
13241019,true,מפעל-מדבקה לקרטון -,,,מפעל-מדבקה לקרטון -,,0.00,,false,,0.00,0.0000,true,1,138887
13241020,true,מפעל-מדבקה לקרטון -,,,מפעל-מדבקה לקרטון -,,0.00,,false,,0.00,0.0000,true,1,138888
13241021,true,מפעל-מדבקה לקרטון -,,,מפעל-מדבקה לקרטון -,,0.00,,false,,0.00,0.0000,true,1,138889
13290001,true,מפעל-כפפות ניטרל  S,,,מפעל-כפפות ניטרל  S,,0.00,,false,,0.00,0.0000,true,1,137748
13290002,true,מפעל-כפפות ניטריל L,,,מפעל-כפפות ניטריל L,,0.00,,false,,0.00,0.0000,true,1,137749
13290003,true,מפעל -ניטריל כפפותM,,,מפעל -ניטריל כפפותM,,0.00,,false,,0.00,0.0000,true,1,137750
13290007,true,מפעל-כפפות לטקס ללא,,,מפעל-כפפות לטקס ללא,,0.00,,false,,0.00,0.0000,true,1,139347
13290008,true,מפעל-כיסוי לנעל,,,מפעל-כיסוי לנעל,,0.00,,false,,0.00,0.0000,true,1,139348
13290009,true,מפעל-חלוק חד פעמי לב,,,מפעל-חלוק חד פעמי לב,,0.00,,false,,0.00,0.0000,true,1,139349
13290010,true,מפעל-כפכף טבחים שחור,,,מפעל-כפכף טבחים שחור,,0.00,,false,,0.00,0.0000,true,1,139350
13290011,true,מפעל-חלוק חד פעמי כח,,,מפעל-חלוק חד פעמי כח,,0.00,,false,,0.00,0.0000,true,1,139351
13290012,true,מפעל-סינר לבן לייצור,,,מפעל-סינר לבן לייצור,,0.00,,false,,0.00,0.0000,true,1,139260
13290013,true,מפעל-סינר כחול לייצו,,,מפעל-סינר כחול לייצו,,0.00,,false,,0.00,0.0000,true,1,139261
13290014,true,מפעל-נעל עבודה שחור,,,מפעל-נעל עבודה שחור,,0.00,,false,,0.00,0.0000,true,1,139262
13290015,true,מפעל-מגף עם כיפת מגן,,,מפעל-מגף עם כיפת מגן,,0.00,,false,,0.00,0.0000,true,1,139263
13290016,true,מפעל-כפפות תחזוקה שח,,,מפעל-כפפות תחזוקה שח,,0.00,,false,,0.00,0.0000,true,1,139906
13290017,true,מפעל-מכנס כיס,,,מפעל-מכנס כיס,,0.00,,false,,0.00,0.0000,true,1,139907
13290018,true,מפעל-מגף גומי שחור,,,מפעל-מגף גומי שחור,,0.00,,false,,0.00,0.0000,true,1,139908
13310100,true,וודקה סטולי 1 ליטר,,,וודקה סטולי 1 ליטר,,0.00,,false,,0.00,0.0000,true,1,134208
13400005,true,מפעל-ניילון שקוף320,,,מפעל-ניילון שקוף320,קילוגרמים,1.00,"ק""ג",true,,0.00,0.0000,true,1,137860
13400006,true,מפעל-ארגז 001 כריכים,,,מפעל-ארגז 001 כריכים,,0.00,,false,,0.00,0.0000,true,1,137917
13400007,true,מפעל-ארגז 003 לחמניו,,,מפעל-ארגז 003 לחמניו,,0.00,,false,,0.00,0.0000,true,1,137918
13400008,true,מפעל-קרטון חצי באגט,,,מפעל-קרטון חצי באגט,,0.00,,false,,0.00,0.0000,true,1,137919
13400009,true,מפעל-ארגז 005 סושי0,,,מפעל-ארגז 005 סושי0,,0.00,,false,,0.00,0.0000,true,1,138514
13400010,true,מפעל-ארגז 007 סושי0,,,מפעל-ארגז 007 סושי0,,0.00,,false,,0.00,0.0000,true,1,138515
13400012,true,מפעל-ארגז 008 סלטים,,,מפעל-ארגז 008 סלטים,,0.00,,false,,0.00,0.0000,true,1,137920
13400014,true,מפעל-ניילון שקוף240,,,מפעל-ניילון שקוף240,,0.00,,false,,0.00,0.0000,true,1,137870
13400016,true,מפעל-שקית ארגזים90*,,,מפעל-שקית ארגזים90*,,0.00,,false,,0.00,0.0000,true,1,137872
13400028,true,מפעל-ארגז 006 סלטים,,,מפעל-ארגז 006 סלטים,,0.00,,false,,0.00,0.0000,true,1,138292
13400029,true,מפעל-ארגז 002 סושי-מ,,,מפעל-ארגז 002 סושי-מ,,0.00,,false,,0.00,0.0000,true,1,138516
13400030,true,מפעל-סרט דבק שקוף למ,,,מפעל-סרט דבק שקוף למ,,0.00,,false,,0.00,0.0000,true,1,138562
13400031,true,מפעל-ארגז 010 לסושי,,,מפעל-ארגז 010 לסושי,,0.00,,false,,0.00,0.0000,true,1,138716
13870000,true,"אוזו מטאסקה 700 מ""ל",,,"אוזו מטאסקה 700 מ""ל",,0.00,,false,,0.00,0.0000,true,1,134209
14455320,true,מוצרלה מגורדת,,,מוצרלה מגורדת,,0.00,,false,,18.90,0.0000,true,1,140215
14763272,true,יוגורט סויה לשתיה תו,,,יוגורט סויה לשתיה תו,,0.00,,false,,6.00,0.0000,true,1,138633
14763289,true,יוגורט סויה לשתיה פט,,,יוגורט סויה לשתיה פט,,0.00,,false,,6.00,0.0000,true,1,138634
15023000,true,"רום נגריטה 700 מ""ל",,,"רום נגריטה 700 מ""ל",,0.00,,false,,0.00,0.0000,true,1,135980
15033299,true,פירורי לחם 400 גרם,,,פירורי לחם 400 גרם,,0.00,,false,,5.00,0.0000,true,1,132322
15644181,true,מפעל-לחמניית שמיניה,,,מפעל-לחמניית שמיניה,,0.00,,false,,2999.90,0.0000,true,1,136050
15644198,true,מפעל-בגטינה מת .חתוך,,,מפעל-בגטינה מת .חתוך,,0.00,,false,,2999.90,0.0000,true,1,136094
15644792,true,מפעל-לחמניית שמיניה,,,מפעל-לחמניית שמיניה,,0.00,,false,,2999.90,0.0000,true,1,137785
16070000,true,פסואה - בטעם פסיפלור,,,פסואה - בטעם פסיפלור,,0.00,,false,,0.00,0.0000,true,1,135981
16211000,true,"לימונצ""אלו 700 מ""ל",,,"לימונצ""אלו 700 מ""ל",,0.00,,false,,0.00,0.0000,true,1,134210
16497915,true,מפעל-לחמנית מזונות מ,,,מפעל-לחמנית מזונות מ,,0.00,,false,,2999.90,0.0000,true,1,135369
16497922,true,מפעל- לחם קסטן מלא,,,מפעל- לחם קסטן מלא,,0.00,,false,,2999.90,0.0000,true,1,135370
16967807,true,מפעל-פרנה קופיקס,,,מפעל-פרנה קופיקס,,0.00,,false,,2999.90,0.0000,true,1,137318
17060100,true,"ווסקי גראנט""ס 1 ליטר",,,"ווסקי גראנט""ס 1 ליטר",,0.00,,false,,0.00,0.0000,true,1,134211
17090100,true,טולמור דיו 1 ליטר,,,טולמור דיו 1 ליטר,,0.00,,false,,0.00,0.0000,true,1,135982
20080017,true,מפעל-סווב       ATP,,,מפעל-סווב       ATP,,0.00,,false,,0.00,0.0000,true,1,139035
21133001,true,פ  -4תפזורת טרי,,,פ  -4תפזורת טרי,קילוגרמים,1.00,"ק""ג",true,,0.00,0.0000,true,1,137924
21133003,true,"פ -4מס           1 """,,,"פ -4מס           1 """,קילוגרמים,1.00,"ק""ג",true,,0.00,0.0000,true,1,137925
21133010,true,עוף שלם ללא עצם טרי,,,עוף שלם ללא עצם טרי,קילוגרמים,1.00,"ק""ג",true,,0.00,0.0000,true,1,137926
21133011,true,עוף צעיר טרי,,,עוף צעיר טרי,קילוגרמים,1.00,"ק""ג",true,,0.00,0.0000,true,1,137927
21133019,true,סטייק פרגית ב.ע    .,,,סטייק פרגית ב.ע    .,קילוגרמים,1.00,"ק""ג",true,,0.00,0.0000,true,1,137928
21133901,true,פרגית אמיתית 16 יח,,,פרגית אמיתית 16 יח,קילוגרמים,1.00,"ק""ג",true,,0.00,0.0000,true,1,137929
21134002,true,פטם טרי,,,פטם טרי,קילוגרמים,1.00,"ק""ג",true,,0.00,0.0000,true,1,137930
21134004,true,פ -4גדול,,,פ -4גדול,קילוגרמים,1.00,"ק""ג",true,,0.00,0.0000,true,1,137931
21134013,true,"פ -4מס           2 """,,,"פ -4מס           2 """,קילוגרמים,1.00,"ק""ג",true,,0.00,0.0000,true,1,137932
21143016,true,חזה חצוי,,,חזה חצוי,קילוגרמים,1.00,"ק""ג",true,,0.00,0.0000,true,1,137933
21143017,true,חזה חצוי הקצביה,,,חזה חצוי הקצביה,קילוגרמים,1.00,"ק""ג",true,,0.00,0.0000,true,1,137934
21143025,true,פילה עוף טרי,,,פילה עוף טרי,קילוגרמים,1.00,"ק""ג",true,,0.00,0.0000,true,1,137935
21143026,true,פילה פטם הקצביה,,,פילה פטם הקצביה,קילוגרמים,1.00,"ק""ג",true,,0.00,0.0000,true,1,137936
21143055,true,כרעיים טרי טנא,,,כרעיים טרי טנא,קילוגרמים,1.00,"ק""ג",true,,0.00,0.0000,true,1,137937
21143056,true,כרעיים ללא עצם גב,,,כרעיים ללא עצם גב,קילוגרמים,1.00,"ק""ג",true,,0.00,0.0000,true,1,137938
21143101,true,שניצל פטם דק דק,,,שניצל פטם דק דק,קילוגרמים,1.00,"ק""ג",true,,0.00,0.0000,true,1,137939
21143103,true,שניצל דק הקצביה,,,שניצל דק הקצביה,קילוגרמים,1.00,"ק""ג",true,,0.00,0.0000,true,1,137940
21143106,true,"שניצל 150 גר       """,,,"שניצל 150 גר       """,קילוגרמים,1.00,"ק""ג",true,,0.00,0.0000,true,1,137941
21143151,true,נתחי חזה פטם תפז,,,נתחי חזה פטם תפז,קילוגרמים,1.00,"ק""ג",true,,0.00,0.0000,true,1,137942
21143201,true,כרעיים טרי,,,כרעיים טרי,קילוגרמים,1.00,"ק""ג",true,,0.00,0.0000,true,1,137943
21143202,true,כרעיים הקצביה,,,כרעיים הקצביה,קילוגרמים,1.00,"ק""ג",true,,0.00,0.0000,true,1,137944
21143204,true,כרעיים טרי       250,,,כרעיים טרי       250,קילוגרמים,1.00,"ק""ג",true,,0.00,0.0000,true,1,137945
21143205,true,כרעיים טרי      300,,,כרעיים טרי      300,קילוגרמים,1.00,"ק""ג",true,,0.00,0.0000,true,1,137946
21143251,true,ירכיים טרי,,,ירכיים טרי,קילוגרמים,1.00,"ק""ג",true,,0.00,0.0000,true,1,137947
21143258,true,ירך פטם ב.ע.ג      .,,,ירך פטם ב.ע.ג      .,קילוגרמים,1.00,"ק""ג",true,,0.00,0.0000,true,1,137948
21143300,true,קוקטייל קצביה,,,קוקטייל קצביה,קילוגרמים,1.00,"ק""ג",true,,0.00,0.0000,true,1,137949
21143301,true,"שוקיים טרי תפז     """,,,"שוקיים טרי תפז     """,קילוגרמים,1.00,"ק""ג",true,,0.00,0.0000,true,1,137950
21143306,true,שוקיים הקצביה,,,שוקיים הקצביה,קילוגרמים,1.00,"ק""ג",true,,0.00,0.0000,true,1,137951
21143351,true,כנפיים טרי,,,כנפיים טרי,קילוגרמים,1.00,"ק""ג",true,,0.00,0.0000,true,1,137952
21143352,true,כנף חצויה,,,כנף חצויה,קילוגרמים,1.00,"ק""ג",true,,0.00,0.0000,true,1,137953
21143354,true,כנפיים הקצביה,,,כנפיים הקצביה,קילוגרמים,1.00,"ק""ג",true,,0.00,0.0000,true,1,137954
21143401,true,שווארמה) פרגית     (,,,שווארמה) פרגית     (,קילוגרמים,1.00,"ק""ג",true,,0.00,0.0000,true,1,137955
21143403,true,פרגית הקצביה,,,פרגית הקצביה,קילוגרמים,1.00,"ק""ג",true,,0.00,0.0000,true,1,137956
21143404,true,פרגית פרוסה הקצביה,,,פרגית פרוסה הקצביה,קילוגרמים,1.00,"ק""ג",true,,0.00,0.0000,true,1,137957
21143405,true,נתח פרגית טרי,,,נתח פרגית טרי,קילוגרמים,1.00,"ק""ג",true,,0.00,0.0000,true,1,137958
21143444,true,סטייק פרגית ע.ע    .,,,סטייק פרגית ע.ע    .,קילוגרמים,1.00,"ק""ג",true,,0.00,0.0000,true,1,137959
21143505,true,גרון עוף,,,גרון עוף,קילוגרמים,1.00,"ק""ג",true,,0.00,0.0000,true,1,137960
21143601,true,כבד טרי,,,כבד טרי,קילוגרמים,1.00,"ק""ג",true,,0.00,0.0000,true,1,137961
21143605,true,כבד פטם הקצביה,,,כבד פטם הקצביה,קילוגרמים,1.00,"ק""ג",true,,0.00,0.0000,true,1,137962
21143651,true,קורקבן טרי,,,קורקבן טרי,קילוגרמים,1.00,"ק""ג",true,,0.00,0.0000,true,1,137963
21143701,true,לב טרי,,,לב טרי,קילוגרמים,1.00,"ק""ג",true,,0.00,0.0000,true,1,137964
21143704,true,לבבות פטם,,,לבבות פטם,קילוגרמים,1.00,"ק""ג",true,,0.00,0.0000,true,1,137965
21143705,true,לבבות פטם חצוי,,,לבבות פטם חצוי,קילוגרמים,1.00,"ק""ג",true,,0.00,0.0000,true,1,137966
21143751,true,טחול טרי,,,טחול טרי,קילוגרמים,1.00,"ק""ג",true,,0.00,0.0000,true,1,137967
21144055,true,חזה טרי,,,חזה טרי,קילוגרמים,1.00,"ק""ג",true,,0.00,0.0000,true,1,137968
21144057,true,חזה חצוי הקצביה,,,חזה חצוי הקצביה,קילוגרמים,1.00,"ק""ג",true,,0.00,0.0000,true,1,137969
21144103,true,שניצל פרוס,,,שניצל פרוס,קילוגרמים,1.00,"ק""ג",true,,0.00,0.0000,true,1,137970
21144106,true,שניצל דק דק,,,שניצל דק דק,קילוגרמים,1.00,"ק""ג",true,,0.00,0.0000,true,1,137971
21144107,true,שניצל דק הקצביה,,,שניצל דק הקצביה,קילוגרמים,1.00,"ק""ג",true,,0.00,0.0000,true,1,137972
21144202,true,כרעיים טרי,,,כרעיים טרי,קילוגרמים,1.00,"ק""ג",true,,0.00,0.0000,true,1,137973
21144204,true,כרעיים חתוכות בלי עו,,,כרעיים חתוכות בלי עו,קילוגרמים,1.00,"ק""ג",true,,0.00,0.0000,true,1,137974
21144206,true,כרעיים הקצביה,,,כרעיים הקצביה,קילוגרמים,1.00,"ק""ג",true,,0.00,0.0000,true,1,137975
21144252,true,ירכיים טרי,,,ירכיים טרי,קילוגרמים,1.00,"ק""ג",true,,0.00,0.0000,true,1,137976
21144300,true,קוקטייל טרי,,,קוקטייל טרי,קילוגרמים,1.00,"ק""ג",true,,0.00,0.0000,true,1,137977
21144302,true,שוקיים טרי,,,שוקיים טרי,קילוגרמים,1.00,"ק""ג",true,,0.00,0.0000,true,1,137978
21144304,true,שוקיים הקצביה,,,שוקיים הקצביה,קילוגרמים,1.00,"ק""ג",true,,0.00,0.0000,true,1,137979
21144352,true,כנפיים טרי,,,כנפיים טרי,קילוגרמים,1.00,"ק""ג",true,,0.00,0.0000,true,1,137980
21144354,true,כנפיים הקצביה,,,כנפיים הקצביה,קילוגרמים,1.00,"ק""ג",true,,0.00,0.0000,true,1,137981
21144402,true,שוארמה טרי,,,שוארמה טרי,קילוגרמים,1.00,"ק""ג",true,,0.00,0.0000,true,1,137982
21144404,true,פרגית הקצביה,,,פרגית הקצביה,קילוגרמים,1.00,"ק""ג",true,,0.00,0.0000,true,1,137983
21144405,true,פרגית פרוסה הקצביה,,,פרגית פרוסה הקצביה,קילוגרמים,1.00,"ק""ג",true,,0.00,0.0000,true,1,137984
21144445,true,סטייק פרגיות ארוז,,,סטייק פרגיות ארוז,קילוגרמים,1.00,"ק""ג",true,,0.00,0.0000,true,1,137985
21144502,true,פילה טרי,,,פילה טרי,קילוגרמים,1.00,"ק""ג",true,,0.00,0.0000,true,1,137986
21144504,true,פילה פטם הקצביה,,,פילה פטם הקצביה,קילוגרמים,1.00,"ק""ג",true,,0.00,0.0000,true,1,137987
21144505,true,גרון עוף ארוז,,,גרון עוף ארוז,קילוגרמים,1.00,"ק""ג",true,,0.00,0.0000,true,1,137988
21144602,true,כבד טרי,,,כבד טרי,קילוגרמים,1.00,"ק""ג",true,,0.00,0.0000,true,1,137989
21144604,true,כבד פטם הקצביה,,,כבד פטם הקצביה,קילוגרמים,1.00,"ק""ג",true,,0.00,0.0000,true,1,137990
21144652,true,קורקבן טרי,,,קורקבן טרי,קילוגרמים,1.00,"ק""ג",true,,0.00,0.0000,true,1,137991
21144702,true,לבבות טרי,,,לבבות טרי,קילוגרמים,1.00,"ק""ג",true,,0.00,0.0000,true,1,137992
21144752,true,טחול טרי,,,טחול טרי,קילוגרמים,1.00,"ק""ג",true,,0.00,0.0000,true,1,137993
21145003,true,זוג פרגית במגש 8 יח,,,זוג פרגית במגש 8 יח,קילוגרמים,1.00,"ק""ג",true,,0.00,0.0000,true,1,137994
21145004,true,פרגית אמיתית 16 יח ת,,,פרגית אמיתית 16 יח ת,קילוגרמים,1.00,"ק""ג",true,,0.00,0.0000,true,1,137995
22143506,true,כנפית פטם,,,כנפית פטם,קילוגרמים,1.00,"ק""ג",true,,0.00,0.0000,true,1,137997
31133001,true,שלם נקבה,,,שלם נקבה,קילוגרמים,1.00,"ק""ג",true,,0.00,0.0000,true,1,137998
31143030,true,חזה זכר חצוי ללא פיל,,,חזה זכר חצוי ללא פיל,קילוגרמים,1.00,"ק""ג",true,,0.00,0.0000,true,1,137999
31143054,true,חזה זכר חצוי טרי,,,חזה זכר חצוי טרי,קילוגרמים,1.00,"ק""ג",true,,0.00,0.0000,true,1,138000
31143055,true,חזה נקבה חצוי טרי,,,חזה נקבה חצוי טרי,קילוגרמים,1.00,"ק""ג",true,,0.00,0.0000,true,1,138001
31143056,true,פרפר זכר טרי,,,פרפר זכר טרי,קילוגרמים,1.00,"ק""ג",true,,0.00,0.0000,true,1,138002
31143057,true,פרפר נקבה טרי,,,פרפר נקבה טרי,קילוגרמים,1.00,"ק""ג",true,,0.00,0.0000,true,1,138003
31143058,true,חזה זכר חצוי ע.ע,,,חזה זכר חצוי ע.ע,קילוגרמים,1.00,"ק""ג",true,,0.00,0.0000,true,1,138004
31143060,true,"חזה פרפר ע""ע זכר",,,"חזה פרפר ע""ע זכר",קילוגרמים,1.00,"ק""ג",true,,0.00,0.0000,true,1,138005
31143061,true,"חזה פרפר ע""ע נקבה",,,"חזה פרפר ע""ע נקבה",קילוגרמים,1.00,"ק""ג",true,,0.00,0.0000,true,1,138006
31143070,true,פילה הודו,,,פילה הודו,קילוגרמים,1.00,"ק""ג",true,,0.00,0.0000,true,1,138007
31143150,true,נתחים,,,נתחים,קילוגרמים,1.00,"ק""ג",true,,0.00,0.0000,true,1,138008
31143175,true,חתיכות,,,חתיכות,קילוגרמים,1.00,"ק""ג",true,,0.00,0.0000,true,1,138009
31143251,true,"ירך זכר ע""ע",,,"ירך זכר ע""ע",קילוגרמים,1.00,"ק""ג",true,,0.00,0.0000,true,1,138010
31143300,true,שוק זכר טרי,,,שוק זכר טרי,קילוגרמים,1.00,"ק""ג",true,,0.00,0.0000,true,1,138011
31143301,true,שוק נקבה טרי,,,שוק נקבה טרי,קילוגרמים,1.00,"ק""ג",true,,0.00,0.0000,true,1,138012
31143325,true,שוק מפורק,,,שוק מפורק,קילוגרמים,1.00,"ק""ג",true,,0.00,0.0000,true,1,138013
31143332,true,שוק הודו נקבה תפזורת,,,שוק הודו נקבה תפזורת,קילוגרמים,1.00,"ק""ג",true,,0.00,0.0000,true,1,139176
31143350,true,כנף זכר טרי,,,כנף זכר טרי,קילוגרמים,1.00,"ק""ג",true,,0.00,0.0000,true,1,138014
31143352,true,כנף נקבה טרי,,,כנף נקבה טרי,קילוגרמים,1.00,"ק""ג",true,,0.00,0.0000,true,1,138015
31143375,true,כנף הודו מפורק,,,כנף הודו מפורק,קילוגרמים,1.00,"ק""ג",true,,0.00,0.0000,true,1,138016
31143400,true,שווארמה זכר טרי,,,שווארמה זכר טרי,קילוגרמים,1.00,"ק""ג",true,,0.00,0.0000,true,1,138017
31143425,true,שווארמה נקבה טרי,,,שווארמה נקבה טרי,קילוגרמים,1.00,"ק""ג",true,,0.00,0.0000,true,1,138018
31143443,true,שווארמה הודו נקבה,,,שווארמה הודו נקבה,קילוגרמים,1.00,"ק""ג",true,,0.00,0.0000,true,1,138104
31143450,true,שישליק טרי,,,שישליק טרי,קילוגרמים,1.00,"ק""ג",true,,0.00,0.0000,true,1,138019
31143500,true,גרון נקבה,,,גרון נקבה,קילוגרמים,1.00,"ק""ג",true,,0.00,0.0000,true,1,138020
31143501,true,גרון זכר,,,גרון זכר,קילוגרמים,1.00,"ק""ג",true,,0.00,0.0000,true,1,138021
31143571,true,זנבות עם עצם,,,זנבות עם עצם,קילוגרמים,1.00,"ק""ג",true,,0.00,0.0000,true,1,138022
31143600,true,כבד טרי,,,כבד טרי,קילוגרמים,1.00,"ק""ג",true,,0.00,0.0000,true,1,138023
31143650,true,קורקבן טרי,,,קורקבן טרי,קילוגרמים,1.00,"ק""ג",true,,0.00,0.0000,true,1,138024
31143700,true,לב טרי,,,לב טרי,קילוגרמים,1.00,"ק""ג",true,,0.00,0.0000,true,1,138025
31143750,true,טחול,,,טחול,קילוגרמים,1.00,"ק""ג",true,,0.00,0.0000,true,1,138026
31143801,true,אשכים,,,אשכים,קילוגרמים,1.00,"ק""ג",true,,0.00,0.0000,true,1,138027
31144053,true,חזה ה.נ.טרי,,,חזה ה.נ.טרי,קילוגרמים,1.00,"ק""ג",true,,0.00,0.0000,true,1,138028
31144154,true,נתחי הודו טרי,,,נתחי הודו טרי,קילוגרמים,1.00,"ק""ג",true,,0.00,0.0000,true,1,138029
31144302,true,שוק ה.נ טרי,,,שוק ה.נ טרי,קילוגרמים,1.00,"ק""ג",true,,0.00,0.0000,true,1,138030
31144326,true,בשר אדום טרי,,,בשר אדום טרי,קילוגרמים,1.00,"ק""ג",true,,0.00,0.0000,true,1,138031
31144357,true,כנפיים ה.נ.טרי,,,כנפיים ה.נ.טרי,קילוגרמים,1.00,"ק""ג",true,,0.00,0.0000,true,1,138032
31144426,true,שווארמה ה.נ.טרי,,,שווארמה ה.נ.טרי,קילוגרמים,1.00,"ק""ג",true,,0.00,0.0000,true,1,138033
31144451,true,שישליק טרי,,,שישליק טרי,קילוגרמים,1.00,"ק""ג",true,,0.00,0.0000,true,1,138034
31144502,true,גרון הודו טרי,,,גרון הודו טרי,קילוגרמים,1.00,"ק""ג",true,,0.00,0.0000,true,1,138035
31144601,true,כבד הודו טרי,,,כבד הודו טרי,קילוגרמים,1.00,"ק""ג",true,,0.00,0.0000,true,1,138036
31144651,true,קורקבן הודו טרי,,,קורקבן הודו טרי,קילוגרמים,1.00,"ק""ג",true,,0.00,0.0000,true,1,138037
31144701,true,לב הודו טרי,,,לב הודו טרי,קילוגרמים,1.00,"ק""ג",true,,0.00,0.0000,true,1,138038
31144801,true,אשכים ארוז,,,אשכים ארוז,קילוגרמים,1.00,"ק""ג",true,,0.00,0.0000,true,1,138039
31333011,true,שוק מפורק פרוס,,,שוק מפורק פרוס,קילוגרמים,1.00,"ק""ג",true,,0.00,0.0000,true,1,138040
32147230,false,מיץ לימון סיציליה 20,,,מיץ לימון סיציליה 20,מיליליטרים,200.00,"100 מ""ל",false,,6.90,0.0345,true,1,141250
40057798,true,סוכריות סמרטיז 38 גר,,,סוכריות סמרטיז 38 גר,,0.00,,false,,0.00,0.0000,true,1,138117
40084107,false,קינדר ביצת הפתעה 20,,,קינדר ביצת הפתעה 20,גרמים,20.00,100 גרם,false,,6.40,0.3200,true,1,132939
40084725,false,קינדר מילק סלייס עוג,,,קינדר מילק סלייס עוג,גרמים,28.00,100 גרם,false,,3.90,0.1393,true,1,152117
40144061,false,וופל קנופרס 25 גרם,,,וופל קנופרס 25 גרם,גרמים,25.00,100 גרם,false,,3.50,0.1400,true,1,153571
40677828,true,"יגרמייסטר 20 מ""ל",,,"יגרמייסטר 20 מ""ל",,0.00,,false,,0.00,0.0000,true,1,140003
54013698,false,נייר גלגול ריזלה כחו,,,נייר גלגול ריזלה כחו,Unknown,1.00,יחידה,false,,2.90,2.9000,true,1,154829
54051157,false,אלפרו מעדן סויה שוקו,,,אלפרו מעדן סויה שוקו,גרמים,500.00,100 גרם,false,,19.80,0.0396,true,1,144451
54088191,true,קינדר ביצת הפתעה 20,,,קינדר ביצת הפתעה 20,,0.00,,false,,5.00,0.0000,true,1,134189
66611304,true,מפעל-מהדרין -אפונה3,,,מפעל-מהדרין -אפונה3,,0.00,,false,,2999.90,0.0000,true,1,136228
70001595,true,מפעל-שקית 50/70 גליל,,,מפעל-שקית 50/70 גליל,,0.00,,false,,2999.90,0.0000,true,1,137521
72961223,false,"גיל 3% 200 מ""ל",,,"גיל 3% 200 מ""ל",מיליליטרים,200.00,"100 מ""ל",false,,1.51,0.0076,true,1,140820
72961520,false,פרילי אננס 1.5% 125,,,פרילי אננס 1.5% 125,מיליליטרים,125.00,"100 מ""ל",false,,3.70,0.0296,true,1,156164
72961544,false,באדי יוגרט תות גביע,,,באדי יוגרט תות גביע,מיליליטרים,125.00,"100 מ""ל",false,,3.00,0.0240,true,1,140238
80001027,false,חטיף טורטינה שוקולד,,,חטיף טורטינה שוקולד,גרמים,21.00,100 גרם,false,,3.90,0.1857,true,1,144244
80001287,false,חטיף גרדנה אגוז 38 ג,,,חטיף גרדנה אגוז 38 ג,גרמים,38.00,100 גרם,false,,4.90,0.1289,true,1,144245
80001485,false,וופל גרדנה קוקוס 38,,,וופל גרדנה קוקוס 38,גרמים,38.00,100 גרם,false,,4.90,0.1289,true,1,152107
80001799,false,וופל טורטינה לבן 21,,,וופל טורטינה לבן 21,גרמים,21.00,100 גרם,false,,3.90,0.1857,true,1,152108
80001911,false,וופל גרדנה שוק' לבן,,,וופל גרדנה שוק' לבן,גרמים,38.00,100 גרם,false,,4.90,0.1289,true,1,152109
80050049,true,קינדר ביצת הפתעה 20,,,קינדר ביצת הפתעה 20,,0.00,,false,,5.00,0.0000,true,1,134215
80141301,true,מפעל -A6פריניר עגב מ,,,מפעל -A6פריניר עגב מ,קילוגרמים,1.00,"ק""ג",true,,2999.90,2999.9000,true,1,136224
80310549,false,קינדר הפי היפו אגוזי,,,קינדר הפי היפו אגוזי,גרמים,20.50,100 גרם,false,,2.90,0.1415,true,1,151166
80820970,false,וופל טורטינה קרמל 21,,,וופל טורטינה קרמל 21,גרמים,21.00,100 גרם,false,,3.90,0.1857,true,1,151641
80854753,false,סוכריות מנטוס מרעננו,,,סוכריות מנטוס מרעננו,גרמים,21.00,100 גרם,false,,7.50,0.3571,true,1,154239
80977070,false,מנטוס מסטיק פיור פרש,,,מנטוס מסטיק פיור פרש,גרמים,28.00,100 גרם,false,,4.90,0.1750,true,1,150821
87108019,false,סוכריות בגליל בטעם מ,,,סוכריות בגליל בטעם מ,גרמים,37.50,100 גרם,false,,3.50,0.0933,true,1,146877
87311396,false,סוכריות מנטוס ריינבו,,,סוכריות מנטוס ריינבו,גרמים,37.50,100 גרם,false,,3.50,0.0933,true,1,139896
88888000,true,,,,,,0.00,,false,,0.00,0.0000,true,1,149937
88888001,true,אוכל,,,אוכל,,0.00,,false,,0.00,0.0000,true,1,149938
88888002,true,שתיה,,,שתיה,,0.00,,false,,0.00,0.0000,true,1,149939
88888003,true,אימפולס,,,אימפולס,,0.00,,false,,0.00,0.0000,true,1,158366
88888004,true,תוספות לקפה,,,תוספות לקפה,,0.00,,false,,0.00,0.0000,true,1,149940
88888005,true,חומרי גלם,,,חומרי גלם,,0.00,,false,,0.00,0.0000,true,1,149941
88888006,true,פירות וירקות,,,פירות וירקות,,0.00,,false,,0.00,0.0000,true,1,158367
88888008,true,ללא מעמ,,,ללא מעמ,,0.00,,false,,0.00,0.0000,true,1,149942
88888009,true,ניר פוד,,,ניר פוד,,0.00,,false,,0.00,0.0000,true,1,158368
88888010,true,אלכוהול,,,אלכוהול,,0.00,,false,,0.00,0.0000,true,1,158369
88888014,true,נון פוד,,,נון פוד,,0.00,,false,,0.00,0.0000,true,1,158370
88888016,true,תפעול,,,תפעול,,0.00,,false,,0.00,0.0000,true,1,158371
88888018,true,שוויצריה הקטנה,,,שוויצריה הקטנה,,0.00,,false,,0.00,0.0000,true,1,149943
88888100,true,"מפעל-ללא מע""מ",,,"מפעל-ללא מע""מ",,0.00,,false,,0.00,0.0000,true,1,149944
88888102,true,גלידות ושלגונים,,,גלידות ושלגונים,,0.00,,false,,0.00,0.0000,true,1,149945
88888119,true,מאפים,,,מאפים,,0.00,,false,,0.00,0.0000,true,1,158372
88888124,true,משקאות לא אלכוהוליים,,,משקאות לא אלכוהוליים,,0.00,,false,,0.00,0.0000,true,1,158373
88888144,true,קינוחים,,,קינוחים,,0.00,,false,,0.00,0.0000,true,1,158374
88888156,true,פירות וירקות לסחיטה,,,פירות וירקות לסחיטה,,0.00,,false,,0.00,0.0000,true,1,149946
88888158,true,מוצרי מכולת,,,מוצרי מכולת,,0.00,,false,,0.00,0.0000,true,1,149947
88888159,true,משקאות,,,משקאות,,0.00,,false,,0.00,0.0000,true,1,149948
88888160,true,מצוננים,,,מצוננים,,0.00,,false,,0.00,0.0000,true,1,149949
88888161,true,קפואים,,,קפואים,,0.00,,false,,0.00,0.0000,true,1,149950
88888162,true,ירקות ופירות טריים,,,ירקות ופירות טריים,,0.00,,false,,0.00,0.0000,true,1,149951
88888165,true,י שירות/ עזר לסניפים,,,י שירות/ עזר לסניפים,,0.00,,false,,0.00,0.0000,true,1,149952
88888166,true,ארוחות מבושלות,,,ארוחות מבושלות,,0.00,,false,,0.00,0.0000,true,1,149953
88888167,true,אריזות לזכיינים,,,אריזות לזכיינים,,0.00,,false,,0.00,0.0000,true,1,158375
88888168,true,זיכויים,,,זיכויים,,0.00,,false,,0.00,0.0000,true,1,149954
88888169,true,אבזרי עזר וייצור,,,אבזרי עזר וייצור,,0.00,,false,,0.00,0.0000,true,1,149955
88888170,true,מזון טרי,,,מזון טרי,,0.00,,false,,0.00,0.0000,true,1,149956
88888171,true,משקאות קרון,,,משקאות קרון,,0.00,,false,,0.00,0.0000,true,1,149957
88888172,true,ירקות ופירות מעמ,,,ירקות ופירות מעמ,,0.00,,false,,0.00,0.0000,true,1,149958
88888173,true,ל-חומרי גלם ואביזרים,,,ל-חומרי גלם ואביזרים,,0.00,,false,,0.00,0.0000,true,1,149959
88888174,true,מפעל-תוצרת גמורה,,,מפעל-תוצרת גמורה,,0.00,,false,,0.00,0.0000,true,1,149960
88888175,true,סיגריות,,,סיגריות,,0.00,,false,,0.00,0.0000,true,1,149961
88888176,true,מאפה טרי,,,מאפה טרי,,0.00,,false,,0.00,0.0000,true,1,149962
88888177,true,קצבייה,,,קצבייה,,0.00,,false,,0.00,0.0000,true,1,149963
88888178,true,ואביזרים (ללא מלאי),,,ואביזרים (ללא מלאי),,0.00,,false,,0.00,0.0000,true,1,149964
88888179,true,פירות יבשים ללא מעמ,,,פירות יבשים ללא מעמ,,0.00,,false,,0.00,0.0000,true,1,150364
88888999,true,,,,,,0.00,,false,,0.00,0.0000,true,1,149965
90087998,false,מיץ לימון תומר 250 מ,,,מיץ לימון תומר 250 מ,מיליליטרים,250.00,"100 מ""ל",false,,5.90,0.0236,true,1,158020
90162602,false,משקה אנרגיה רד בול 2,,,משקה אנרגיה רד בול 2,מיליליטרים,250.00,"100 מ""ל",false,,8.20,0.0328,true,1,145348
128902555,true,מפעל-סלמון פילה אפוי,,,מפעל-סלמון פילה אפוי,קילוגרמים,1.00,"ק""ג",true,,2999.90,2999.9000,true,1,138358
128910367,true,מפעל-קסטן דגנים,,,מפעל-קסטן דגנים,,0.00,,false,,0.00,0.0000,true,1,139501
212105302,true,מפעל-שום כתוש בדלי5,,,מפעל-שום כתוש בדלי5,,0.00,,false,,2999.90,0.0000,true,1,135705
701504420,true,מפעל-ספטוקל בלון 20,,,מפעל-ספטוקל בלון 20,,0.00,,false,,0.00,0.0000,true,1,136878
702303420,true,מפעל -QUICKDESבלון1,,,מפעל -QUICKDESבלון1,,0.00,,false,,0.00,0.0000,true,1,136879
702349420,true,מפעל MS -TOPבלון 20,,,מפעל MS -TOPבלון 20,,0.00,,false,,0.00,0.0000,true,1,136873
710758425,true,"מפעל -ZA28מיכל 25 ק""",,,"מפעל -ZA28מיכל 25 ק""",,0.00,,false,,0.00,0.0000,true,1,137332
803165193,true,מפעל-ניילון רדיד מוד,,,מפעל-ניילון רדיד מוד,,0.00,,false,,0.00,0.0000,true,1,136866
803165293,true,מפעל-ניילון מודפס לס,,,מפעל-ניילון מודפס לס,,0.00,,false,,0.00,0.0000,true,1,136892
803165395,true,מפעל-ניילון מודפס לס,,,מפעל-ניילון מודפס לס,,0.00,,false,,0.00,0.0000,true,1,136893
827002109,true,מפעל -מטליותQUICKDE,,,מפעל -מטליותQUICKDE,,0.00,,false,,0.00,0.0000,true,1,136880
5011051000,true,"קאווה 750 מ""ל",,,"קאווה 750 מ""ל",,0.00,,false,,0.00,0.0000,true,1,134212
5107510002,true,מפעל -חביתה מקופלת7,,,מפעל -חביתה מקופלת7,,0.00,,false,,2999.90,0.0000,true,1,135120
30000315958,false,קוואקר פרוטאין בננה,,,קוואקר פרוטאין בננה,גרמים,366.00,100 גרם,false,,23.00,0.0628,true,1,143999
38000183928,false,פרינגלס חרדל ודבש 15,,,פרינגלס חרדל ודבש 15,גרמים,158.00,100 גרם,false,,10.60,0.0671,true,1,153832
38000197840,false,פרינגלס wavy ברביקיו,,,פרינגלס wavy ברביקיו,גרמים,137.00,100 גרם,false,,10.60,0.0774,true,1,153833
38000232152,false,פרינגלס ברביקיו 158,,,פרינגלס ברביקיו 158,גרמים,149.00,100 גרם,false,,10.60,0.0711,true,1,147536
38000232176,false,פרינגלס שמנת בצל 161,,,פרינגלס שמנת בצל 161,גרמים,158.00,100 גרם,false,,10.60,0.0671,true,1,146422
38000232183,false,פרינגלס אורגינל 149,,,פרינגלס אורגינל 149,גרמים,149.00,100 גרם,false,,10.60,0.0711,true,1,146423
38000845550,true,פרינגלס מיני שמנת בצ,,,פרינגלס מיני שמנת בצ,,0.00,,false,,0.00,0.0000,true,1,134895
38000848919,true,פרינגלס מיני ברביקיו,,,פרינגלס מיני ברביקיו,,0.00,,false,,0.00,0.0000,true,1,140021
70221011116,false,טובלרון 100 גרם,,,טובלרון 100 גרם,גרמים,100.00,100 גרם,false,,11.90,0.1190,true,1,154915
70970461805,true,מייק אנד אייק כחול5,,,מייק אנד אייק כחול5,,0.00,,false,,5.00,0.0000,true,1,136790
70970461828,true,מייק אנד אייק ורוד5,,,מייק אנד אייק ורוד5,,0.00,,false,,5.00,0.0000,true,1,136792
72000082033,true,ריפיל למאג,,,ריפיל למאג,,0.00,,false,,3.00,0.0000,true,1,140243
77245110610,false,"סוכריות לל""ס מאסט מנ",,,"סוכריות לל""ס מאסט מנ",גרמים,80.00,100 גרם,false,,8.90,0.1113,true,1,148023
80518532743,false,שקית 50 בלונים צבעי,,,שקית 50 בלונים צבעי,Unknown,50.00,יחידה,false,,11.90,0.2380,true,1,142517
82184090442,true,"ג""ק דניאלס 1 ליטר",,,"ג""ק דניאלס 1 ליטר",,0.00,,false,,0.00,0.0000,true,1,138595
401500011273,true,סומט נוזל לניקוי ומב,,,סומט נוזל לניקוי ומב,,0.00,,false,,5.00,0.0000,true,1,135516
608614331475,false,כרובית,,,כרובית,Unknown,1.00,יחידה,false,,9.90,9.9000,true,1,145850
613008753320,false,אריזונה ג'ינסנג ודבש,,,אריזונה ג'ינסנג ודבש,מיליליטרים,450.00,"100 מ""ל",false,,9.40,0.0209,true,1,143824
613008753351,false,אריזונה רימונים בקבו,,,אריזונה רימונים בקבו,מיליליטרים,450.00,"100 מ""ל",false,,9.40,0.0209,true,1,143825
613008753382,false,אריזונה אוכמניות בקב,,,אריזונה אוכמניות בקב,מיליליטרים,450.00,"100 מ""ל",false,,9.40,0.0209,true,1,143826
633824703392,true,וודקה ואן גוך קלאסית,,,וודקה ואן גוך קלאסית,,0.00,,false,,0.00,0.0000,true,1,138567
655003854664,false,חסה סלנובה גו גרין,,,חסה סלנובה גו גרין,Unknown,1.00,יחידה,false,,11.90,11.9000,true,1,151311
729000254137,true,חלב סויה אלפרו,,,חלב סויה אלפרו,,0.00,,false,,0.00,0.0000,true,1,133905
729000487231,true,טילון  וניל,,,טילון  וניל,,0.00,,false,,5.00,0.0000,true,1,133121
729000494616,true,שוקו 250 גרם,,,שוקו 250 גרם,,0.00,,false,,0.00,0.0000,true,1,132544
729000513130,true,מפעל-מלפפון חמוץ במל,,,מפעל-מלפפון חמוץ במל,,0.00,,false,,0.00,0.0000,true,1,135091
729001364230,true,פסטרמה כפרית 100 גרם,,,פסטרמה כפרית 100 גרם,,0.00,,false,,5.00,0.0000,true,1,136048
729001364506,true,סלמי פריזר 100 גרם,,,סלמי פריזר 100 גרם,,0.00,,false,,5.00,0.0000,true,1,136049
729001505785,true,מיץ תפוזים עדה חרדית,,,מיץ תפוזים עדה חרדית,,0.00,,false,,0.00,0.0000,true,1,136711
729001587826,true,חרדל 370 גרם,,,חרדל 370 גרם,,0.00,,false,,5.00,0.0000,true,1,133087
729001759700,true,פמלה קלופה,,,פמלה קלופה,,0.00,,false,,12.00,0.0000,true,1,139099
729002007890,true,"כוסות ח""פ לשתייה קרה",,,"כוסות ח""פ לשתייה קרה",,0.00,,false,,5.00,0.0000,true,1,132703
745114249517,false,גזוז עדין בטעם תפוחי,,,גזוז עדין בטעם תפוחי,מיליליטרים,330.00,"100 מ""ל",false,,5.00,0.0152,true,1,144580
800520048652,true,נסטי אפרסק בקבוק500,,,נסטי אפרסק בקבוק500,,0.00,,false,,5.00,0.0000,true,1,136259
807680208570,true,פסטה פנה ברילה50 73,,,פסטה פנה ברילה50 73,,0.00,,false,,5.00,0.0000,true,1,132773
835811007234,true,אפונה 500 גרם,,,אפונה 500 גרם,,0.00,,false,,5.00,0.0000,true,1,138723
839762002379,false,"איילנד מנגו 350 מ""ל",,,"איילנד מנגו 350 מ""ל",מיליליטרים,350.00,"100 מ""ל",false,,8.20,0.0234,true,1,138456
839762002386,false,"איילנד גויאבה 350 מ""",,,"איילנד גויאבה 350 מ""",מיליליטרים,350.00,"100 מ""ל",false,,7.40,0.0211,true,1,138451
853773004269,true,מפעל-אורז קלרוז22.7,,,מפעל-אורז קלרוז22.7,קילוגרמים,1.00,"ק""ג",true,,0.00,0.0000,true,1,135171
856591000062,false,עוגיות מזרחיות מלח ע,,,עוגיות מזרחיות מלח ע,גרמים,400.00,100 גרם,false,,20.90,0.0522,true,1,140680
856591000109,false,עוגיות מזרחיות פריך,,,עוגיות מזרחיות פריך,גרמים,400.00,100 גרם,false,,20.90,0.0522,true,1,149666
877494003974,false,רוטב לשקשוקה פומודור,,,רוטב לשקשוקה פומודור,גרמים,660.00,100 גרם,false,,18.90,0.0286,true,1,143877
884920630143,true,חמישיית בצק צבעוני ל,,,חמישיית בצק צבעוני ל,,0.00,,false,,19.90,0.0000,true,1,145362
1040130300030,true,מגבוני טישו פוקט בסט,,,מגבוני טישו פוקט בסט,,0.00,,false,,0.00,0.0000,true,1,136108
2586802903609,true,פסיפלורה נוזלי עדה ח,,,פסיפלורה נוזלי עדה ח,,0.00,,false,,0.00,0.0000,true,1,134870
2731258680290,true,פסיפלורה נוזלי עדה ח,,,פסיפלורה נוזלי עדה ח,,0.00,,false,,0.00,0.0000,true,1,134811
2731708652720,true,אייס לימונענע נוזלי,,,אייס לימונענע נוזלי,,0.00,,false,,0.00,0.0000,true,1,134832
2900000056272,true,גבינה לבנה עם זיתים,,,גבינה לבנה עם זיתים,,0.00,,false,,5.00,0.0000,true,1,139141
3014260289287,false,חמישיית סכיני בלו 2,,,חמישיית סכיני בלו 2,Unknown,5.00,יחידה,false,,15.90,3.1800,true,1,141705
3045140280902,false,שוקולד חלב עם אגוזים,,,שוקולד חלב עם אגוזים,גרמים,100.00,100 גרם,false,,7.90,0.0790,true,1,133626
3046920028004,false,שוקולד לינדט אקסלנס,,,שוקולד לינדט אקסלנס,גרמים,100.00,100 גרם,false,,14.90,0.1490,true,1,153895
3046920029674,false,שוקולד לינדט אקס' סו,,,שוקולד לינדט אקס' סו,גרמים,100.00,100 גרם,false,,14.90,0.1490,true,1,153898
3046920029759,false,שוקולד לינדט אקסלנס,,,שוקולד לינדט אקסלנס,גרמים,100.00,100 גרם,false,,14.90,0.1490,true,1,153899
4000417222008,false,שוקולד ריטר חלב שברי,,,שוקולד ריטר חלב שברי,גרמים,100.00,100 גרם,false,,9.90,0.0990,true,1,140196
4005563194018,true,"פידג 1 ""ליטר",,,"פידג 1 ""ליטר",,0.00,,false,,0.00,0.0000,true,1,134235
4005563194025,true,"פידג 700 ""מ""ל",,,"פידג 700 ""מ""ל",,0.00,,false,,0.00,0.0000,true,1,134826
4005900555540,false,לבלו כחול אורגינל,,,לבלו כחול אורגינל,Unknown,1.00,יחידה,false,,10.90,10.9000,true,1,145254
4008287051032,false,בירה קרומבאכר פילס 5,,,בירה קרומבאכר פילס 5,מיליליטרים,500.00,"100 מ""ל",false,,10.90,0.0218,true,1,151563
4008287905786,false,בירה קרומבכר חיטה 50,,,בירה קרומבכר חיטה 50,מיליליטרים,500.00,"100 מ""ל",false,,10.90,0.0218,true,1,151565
4009900455299,false,סקיטלס - פירות 174 ג,,,סקיטלס - פירות 174 ג,גרמים,174.00,100 גרם,false,,9.90,0.0569,true,1,142244
4011100240216,true,באונטי 57 גרם,,,באונטי 57 גרם,,0.00,,false,,0.00,0.0000,true,1,135617
4011800629519,false,קורני בייס נאטס 150,,,קורני בייס נאטס 150,גרמים,150.00,100 גרם,false,,10.90,0.0727,true,1,153903
4014400925319,false,וורטר פופקורן קרמל 1,,,וורטר פופקורן קרמל 1,גרמים,140.00,100 גרם,false,,15.90,0.1136,true,1,150217
4015400681670,false,תחבושות אולוויז וליו,,,תחבושות אולוויז וליו,גרמים,126.00,100 גרם,false,,19.90,0.1579,true,1,139802
4015400731719,false,תחבושות אולוויז וליו,,,תחבושות אולוויז וליו,גרמים,126.00,100 גרם,false,,19.90,0.1579,true,1,139784
4015400755241,false,תחבושות אולוויז וליו,,,תחבושות אולוויז וליו,גרמים,136.00,100 גרם,false,,19.90,0.1463,true,1,139786
4025700001962,false,שוקולד לבן מילקה 100,,,שוקולד לבן מילקה 100,גרמים,100.00,100 גרם,false,,7.90,0.0790,true,1,133631
4033100024153,true,פאקט-וינסטון קוד,,,פאקט-וינסטון קוד,,0.00,,false,,0.00,0.0000,true,1,138276
4046237003182,true,קופיקס-יעה עם מקל 1,,,קופיקס-יעה עם מקל 1,,0.00,,false,,0.00,0.0000,true,1,133935
4067700013002,true,יגרמייסטר בקבוק1 ליט,,,יגרמייסטר בקבוק1 ליט,,0.00,,false,,0.00,0.0000,true,1,134364
4084500088917,false,"פיירי לימון 650 מ""ל",,,"פיירי לימון 650 מ""ל",מיליליטרים,650.00,"100 מ""ל",false,,11.90,0.0183,true,1,139791
4084500149526,false,נוזל כביסה לבנה טייד,,,נוזל כביסה לבנה טייד,מיליליטרים,2480.00,"100 מ""ל",false,,28.90,0.0117,true,1,150923
4600659011059,true,וודקה סטולי 1 ליטר,,,וודקה סטולי 1 ליטר,,0.00,,false,,0.00,0.0000,true,1,134365
4606203001279,true,פאקט-נקסט אורגינלFF,,,פאקט-נקסט אורגינלFF,,0.00,,false,,0.00,0.0000,true,1,138108
4710068001692,false,מאסטר קפה לאטה,,,מאסטר קפה לאטה,מיליליטרים,240.00,"100 מ""ל",false,,7.20,0.0300,true,1,138449
4710068001715,false,קפה בטעם טירמיסו מאס,,,קפה בטעם טירמיסו מאס,מיליליטרים,240.00,"100 מ""ל",false,,6.90,0.0288,true,1,138450
4710068002798,false,קפה קר בפחית בטעם ונ,,,קפה קר בפחית בטעם ונ,מיליליטרים,240.00,"100 מ""ל",false,,7.20,0.0300,true,1,143907
4810168045609,false,פילה דג סלמון מעושן,,,פילה דג סלמון מעושן,גרמים,200.00,100 גרם,false,,36.90,0.1845,true,1,155104
4810168057510,false,חתיכות פילה דג הרינג,,,חתיכות פילה דג הרינג,גרמים,400.00,100 גרם,false,,27.90,0.0697,true,1,155913
4823077602863,false,רושן סוכריות ג'לי קר,,,רושן סוכריות ג'לי קר,גרמים,200.00,100 גרם,false,,6.90,0.0345,true,1,154274
4823077608513,false,רושן סוכריות טופי חל,,,רושן סוכריות טופי חל,גרמים,205.00,100 גרם,false,,6.90,0.0337,true,1,154276
4823077612732,false,רושן סוכריות בטעם פי,,,רושן סוכריות בטעם פי,גרמים,200.00,100 גרם,false,,4.90,0.0245,true,1,154280
4823077613203,false,שוקולד רושן מריר עם,,,שוקולד רושן מריר עם,גרמים,90.00,100 גרם,false,,8.50,0.0944,true,1,154281
4823077613630,false,חטיף שוקולד רושן ממו,,,חטיף שוקולד רושן ממו,גרמים,43.00,100 גרם,false,,3.50,0.0814,true,1,154282
4823077614675,false,ביסקוויט לקפה רושן ב,,,ביסקוויט לקפה רושן ב,גרמים,185.00,100 גרם,false,,3.90,0.0211,true,1,155968
4823077614699,false,ביסקוויט לקפה רושן ב,,,ביסקוויט לקפה רושן ב,גרמים,185.00,100 גרם,false,,3.90,0.0211,true,1,155969
4823077614767,false,שוקולד רושן חלב נוגט,,,שוקולד רושן חלב נוגט,גרמים,90.00,100 גרם,false,,4.90,0.0544,true,1,154283
4823077617041,false,חטיף שוקולד רושן ממו,,,חטיף שוקולד רושן ממו,גרמים,43.00,100 גרם,false,,3.50,0.0814,true,1,154286
4823077618161,false,גליליות רושן קונאפטו,,,גליליות רושן קונאפטו,גרמים,140.00,100 גרם,false,,6.90,0.0493,true,1,154914
4823077621635,false,וופל רושן בטעם חלב 7,,,וופל רושן בטעם חלב 7,גרמים,72.00,100 גרם,false,,3.50,0.0486,true,1,154288
4823077621642,false,וופל רושן בטעם שוקול,,,וופל רושן בטעם שוקול,גרמים,72.00,100 גרם,false,,3.50,0.0486,true,1,154289
4823077621659,false,וופל רושן בטעם אגוז,,,וופל רושן בטעם אגוז,גרמים,72.00,100 גרם,false,,3.50,0.0486,true,1,154290
4823077625145,false,בונבוניירה רושן דובד,,,בונבוניירה רושן דובד,גרמים,155.00,100 גרם,false,,13.90,0.0897,true,1,154301
4823077625589,false,וופל רושן בטעם חלב 2,,,וופל רושן בטעם חלב 2,גרמים,216.00,100 גרם,false,,6.90,0.0319,true,1,154302
4823077625602,false,וופל רושן בטעם שוקול,,,וופל רושן בטעם שוקול,גרמים,216.00,100 גרם,false,,6.90,0.0319,true,1,154303
4823077625626,false,וופל רושן בטעם אגוז,,,וופל רושן בטעם אגוז,גרמים,216.00,100 גרם,false,,6.90,0.0319,true,1,154304
4823077626203,false,שוקולד רושן אורירי מ,,,שוקולד רושן אורירי מ,גרמים,80.00,100 גרם,false,,6.90,0.0863,true,1,154306
4823077626227,false,שוקולד רושן אורירי ח,,,שוקולד רושן אורירי ח,גרמים,80.00,100 גרם,false,,6.90,0.0863,true,1,154307
4823077626241,false,שוקולד רושן אורירי ל,,,שוקולד רושן אורירי ל,גרמים,80.00,100 גרם,false,,6.90,0.0863,true,1,154308
4823077626364,false,שוקולד אורירי לבן רו,,,שוקולד אורירי לבן רו,גרמים,80.00,100 גרם,false,,6.90,0.0863,true,1,154375
4823077629136,false,שוקולדרושן חלב 90 גר,,,שוקולדרושן חלב 90 גר,גרמים,90.00,100 גרם,false,,6.90,0.0767,true,1,156700
4823077631467,false,קרקר עם מלח ים רושן,,,קרקר עם מלח ים רושן,גרמים,168.00,100 גרם,false,,5.50,0.0327,true,1,154320
4823077631474,false,קרקר קלאסי רושן 168,,,קרקר קלאסי רושן 168,גרמים,168.00,100 גרם,false,,5.50,0.0327,true,1,154321
4823077631856,false,גליליות רושן קונאפטו,,,גליליות רושן קונאפטו,גרמים,140.00,100 גרם,false,,6.90,0.0493,true,1,154322
4823077631863,false,גליליות רושן קונאפטו,,,גליליות רושן קונאפטו,גרמים,140.00,100 גרם,false,,6.90,0.0493,true,1,154323
4823077632112,false,וופל רושן בטעם קקאו,,,וופל רושן בטעם קקאו,גרמים,216.00,100 גרם,false,,6.90,0.0319,true,1,154325
4823077632259,false,חטיף שוקולד רושן עם,,,חטיף שוקולד רושן עם,גרמים,38.00,100 גרם,false,,3.50,0.0921,true,1,154326
4823077632570,false,שוקולד רושן מריר 85,,,שוקולד רושן מריר 85,גרמים,85.00,100 גרם,false,,6.90,0.0812,true,1,154331
4823077633034,false,גליליות רושן קונאפטו,,,גליליות רושן קונאפטו,גרמים,140.00,100 גרם,false,,6.90,0.0493,true,1,154336
4823077633058,false,גליליות רושן קונאפטו,,,גליליות רושן קונאפטו,גרמים,140.00,100 גרם,false,,6.90,0.0493,true,1,154337
4823077633317,false,עוגיות לביטה שוקולד,,,עוגיות לביטה שוקולד,גרמים,150.00,100 גרם,false,,6.90,0.0460,true,1,154338
4823077633324,false,עוגיות שוקוצ'יפס לבי,,,עוגיות שוקוצ'יפס לבי,גרמים,150.00,100 גרם,false,,6.90,0.0460,true,1,154339
4823077633331,false,עוגיות רושן לוביטה ב,,,עוגיות רושן לוביטה ב,גרמים,150.00,100 גרם,false,,6.90,0.0460,true,1,155971
4823077633508,false,חטיף וופל במילוי קרם,,,חטיף וופל במילוי קרם,גרמים,34.00,100 גרם,false,,3.50,0.1029,true,1,156702
4823077633515,false,חטיף וופל במילוי קרם,,,חטיף וופל במילוי קרם,גרמים,34.00,100 גרם,false,,3.50,0.1029,true,1,156703
4823077634192,false,עוגיות לביטה עם מילו,,,עוגיות לביטה עם מילו,גרמים,168.00,100 גרם,false,,6.90,0.0411,true,1,154347
4823077634222,false,עוגיות לביטה תפוז 13,,,עוגיות לביטה תפוז 13,גרמים,135.00,100 גרם,false,,6.90,0.0511,true,1,154348
4823077634246,false,עוגיות לביטה פטל 135,,,עוגיות לביטה פטל 135,גרמים,135.00,100 גרם,false,,6.90,0.0511,true,1,154349
4823077635793,false,וופלים דקיקים רושן ב,,,וופלים דקיקים רושן ב,גרמים,55.00,100 גרם,false,,4.90,0.0891,true,1,157997
4823077636172,false,וופל רושן בטעם לימון,,,וופל רושן בטעם לימון,גרמים,216.00,100 גרם,false,,5.90,0.0273,true,1,156207
4823077636608,false,סוכריות טופי רושן במ,,,סוכריות טופי רושן במ,גרמים,325.00,100 גרם,false,,12.90,0.0397,true,1,156136
4840018990342,true,פיניש טבליות למדיח ק,,,פיניש טבליות למדיח ק,,0.00,,false,,59.90,0.0000,true,1,149813
4872963151411,false,קונוס קומבי גדול ודק,,,קונוס קומבי גדול ודק,Unknown,48.00,יחידה,false,,34.90,0.7271,true,1,154861
4976879102489,true,מפעל-סאקה יפני -הוקא,,,מפעל-סאקה יפני -הוקא,,0.00,,false,,0.00,0.0000,true,1,135286
5000159376792,false,סקיטלס פירות חמוצים,,,סקיטלס פירות חמוצים,גרמים,38.00,100 גרם,false,,3.40,0.0895,true,1,142259
5000159459266,true,טוויקס 50 גרם,,,טוויקס 50 גרם,,0.00,,false,,5.00,0.0000,true,1,135276
5000159461115,true,מארס 51 גרם,,,מארס 51 גרם,,0.00,,false,,5.00,0.0000,true,1,140031
5000159461139,true,סניקרס 50 גרם,,,סניקרס 50 גרם,,0.00,,false,,5.00,0.0000,true,1,135277
5000159461580,true,סניקרס 50 גרם,,,סניקרס 50 גרם,,0.00,,false,,5.00,0.0000,true,1,140032
5000159538626,false,מאגדת טוויקס 5*50 גר,,,מאגדת טוויקס 5*50 גר,גרמים,250.00,100 גרם,false,,13.90,0.0556,true,1,151884
5000168199245,false,שוקולד חלב מעולה קרם,,,שוקולד חלב מעולה קרם,גרמים,90.00,100 גרם,false,,15.90,0.1767,true,1,151865
5010327000039,true,"ווסקי גראנט""ס 1 ליטר",,,"ווסקי גראנט""ס 1 ליטר",,0.00,,false,,0.00,0.0000,true,1,134366
5010677552387,false,משקה אלכוהולי 4% אננ,,,משקה אלכוהולי 4% אננ,מיליליטרים,275.00,"100 מ""ל",false,,14.70,0.0535,true,1,140761
5010677554398,false,משקה אלכוהולי 4% אבט,,,משקה אלכוהולי 4% אבט,מיליליטרים,275.00,"100 מ""ל",false,,14.70,0.0535,true,1,140762
5026489484006,false,חטיף קינואה עדשים 40,,,חטיף קינואה עדשים 40,גרמים,40.00,100 גרם,false,,7.90,0.1975,true,1,153907
5026489484778,false,חטיף קינואה עגבניות,,,חטיף קינואה עגבניות,גרמים,30.00,100 גרם,false,,7.90,0.2633,true,1,153908
5035766044673,false,סיידר תפוחים סטרונגב,,,סיידר תפוחים סטרונגב,מיליליטרים,330.00,"100 מ""ל",false,,8.80,0.0267,true,1,140904
5200133120582,false,גליליות וופל במילוי,,,גליליות וופל במילוי,גרמים,150.00,100 גרם,false,,6.90,0.0460,true,1,141656
5201246002215,false,בירה פילס היילס 500,,,בירה פילס היילס 500,מיליליטרים,500.00,"100 מ""ל",false,,6.20,0.0124,true,1,144616
5202287008020,false,צלחות חד פעמיות גדול,,,צלחות חד פעמיות גדול,Unknown,50.00,יחידה,false,,12.90,0.2580,true,1,139519
5397139000045,true,עוגיות שוקוצ'יפס OH,,,עוגיות שוקוצ'יפס OH,,0.00,,false,,0.00,0.0000,true,1,137310
5410126106183,false,ביסקויט ביסקפה לוטוס,,,ביסקויט ביסקפה לוטוס,גרמים,312.00,100 גרם,false,,19.90,0.0638,true,1,138992
5410126666038,false,ביסקוויט בטעם קרמל ל,,,ביסקוויט בטעם קרמל ל,גרמים,279.00,100 גרם,false,,13.90,0.0498,true,1,150628
5411188080268,false,אלפרו משקה סויה אורג,,,אלפרו משקה סויה אורג,מיליליטרים,1000.00,"100 מ""ל",false,,14.90,0.0149,true,1,138761
5411188110835,false,אלפרו משקה שקדים 1 ל,,,אלפרו משקה שקדים 1 ל,מיליליטרים,1000.00,"100 מ""ל",false,,15.90,0.0159,true,1,137077
5411188115366,false,אלפרו משקה שיבולת שו,,,אלפרו משקה שיבולת שו,מיליליטרים,1000.00,"100 מ""ל",false,,15.90,0.0159,true,1,144469
5411188115472,false,אלפרו משקה סויה 1 לי,,,אלפרו משקה סויה 1 לי,מיליליטרים,1000.00,"100 מ""ל",false,,15.90,0.0159,true,1,151922
5411188121671,true,אלפרו 1 ליטר,,,אלפרו 1 ליטר,,0.00,,false,,14.00,0.0000,true,1,139999
5411188134985,false,אלפרו שיבולת שועל 3.,,,אלפרו שיבולת שועל 3.,מיליליטרים,1000.00,"100 מ""ל",false,,14.90,0.0149,true,1,153010
5411188135005,false,אלפרו שיבולת שועל 1.,,,אלפרו שיבולת שועל 1.,מיליליטרים,1000.00,"100 מ""ל",false,,14.90,0.0149,true,1,153011
5701932026964,false,פופקורן למיקרוגל בתו,,,פופקורן למיקרוגל בתו,גרמים,600.00,100 גרם,false,,16.90,0.0282,true,1,144272
5701932026971,false,פופקורן למיקרוגל בטע,,,פופקורן למיקרוגל בטע,גרמים,600.00,100 גרם,false,,16.90,0.0282,true,1,144273
5740900403215,false,ממרח לורפק עם מלח 25,,,ממרח לורפק עם מלח 25,גרמים,250.00,100 גרם,false,,17.90,0.0716,true,1,141967
5900020015174,false,פיטנס חטיף דגנים שוק,,,פיטנס חטיף דגנים שוק,גרמים,141.00,100 גרם,false,,15.90,0.1128,true,1,137758
5900020018212,true,שישית פיטנס חטיף דגנ,,,שישית פיטנס חטיף דגנ,,0.00,,false,,0.00,0.0000,true,1,137759
5900020018908,false,פיטנס חטיף דגנים עוג,,,פיטנס חטיף דגנים עוג,גרמים,141.00,100 גרם,false,,15.90,0.1128,true,1,137760
5900238734041,false,פילטר 7 ארוך בודד (1,,,פילטר 7 ארוך בודד (1,Unknown,100.00,יחידה,false,,4.90,0.0490,true,1,154865
5900951243530,true,סניקרס 50 גרם,,,סניקרס 50 גרם,,0.00,,false,,5.00,0.0000,true,1,137481
5902047174308,false,מארז פילטר 7 ארוך בו,,,מארז פילטר 7 ארוך בו,יח',1.00,יח',false,,4.90,4.9000,true,1,155078
5902198160403,false,"אקסל 250 TEN מ""ל",,,"אקסל 250 TEN מ""ל",מיליליטרים,250.00,"100 מ""ל",false,,4.80,0.0192,true,1,136789
5902581680334,true,ממתק שוקו מריר במילו,,,ממתק שוקו מריר במילו,,0.00,,false,,0.00,0.0000,true,1,136571
5902581680372,true,ממתק שוקו חלב במילוי,,,ממתק שוקו חלב במילוי,,0.00,,false,,0.00,0.0000,true,1,136572
5906485301012,false,משקה אנרגיה אקסל 250,,,משקה אנרגיה אקסל 250,מיליליטרים,250.00,"100 מ""ל",false,,4.80,0.0192,true,1,132977
5907563438637,true,"סיידר תפוחים 330 מ""ל",,,"סיידר תפוחים 330 מ""ל",,0.00,,false,,0.00,0.0000,true,1,134952
5998710131877,false,ממתק שוקולד 36 גרם C,,,ממתק שוקולד 36 גרם C,גרמים,36.00,100 גרם,false,,4.50,0.1250,true,1,154354
6001067003427,true,מארז קולגייט 12 מברש,,,מארז קולגייט 12 מברש,,0.00,,false,,0.00,0.0000,true,1,137079
6001067007289,true,מברשת שיניים COLGATE,,,מברשת שיניים COLGATE,,0.00,,false,,0.00,0.0000,true,1,136092
6253507370600,false,כוסות נייר שתיה חמה,,,כוסות נייר שתיה חמה,Unknown,50.00,יחידה,false,,11.90,0.2380,true,1,151384
6582048300846,true,מרשמלו 500 גרם,,,מרשמלו 500 גרם,,0.00,,false,,0.00,0.0000,true,1,137242
6682838968727,true,נרות happy birthday,,,נרות happy birthday,,0.00,,false,,0.00,0.0000,true,1,137430
6902176502491,false,סלק מבושל בוואקום,,,סלק מבושל בוואקום,גרמים,500.00,100 גרם,false,,5.90,0.0118,true,1,157919
6902176502507,false,סלק מבושל בוואקום,,,סלק מבושל בוואקום,גרמים,500.00,100 גרם,false,,5.90,0.0118,true,1,157920
6910191800041,true,מפעל-אצות נורי גולד,,,מפעל-אצות נורי גולד,,0.00,,false,,0.00,0.0000,true,1,136438
6926832407074,false,חטיף אורז יפני 100 ג,,,חטיף אורז יפני 100 ג,גרמים,100.00,100 גרם,false,,7.90,0.0790,true,1,132771
6930548976243,false,שום ארוז יבוא,,,שום ארוז יבוא,Unknown,1.00,יחידה,false,,7.90,7.9000,true,1,147539
6936613888667,false,שום ארוז יבוא,,,שום ארוז יבוא,Unknown,1.00,יחידה,false,,7.90,7.9000,true,1,156028
6936745600455,true,מפעל-מירין 18 ליטר),,,מפעל-מירין 18 ליטר),,0.00,,false,,0.00,0.0000,true,1,135165
6937457900314,true,שמרים 100 גרם,,,שמרים 100 גרם,,0.00,,false,,0.00,0.0000,true,1,132447
6955728120230,true,כוס זכוכית,,,כוס זכוכית,,0.00,,false,,5.00,0.0000,true,1,134421
7260000572116,true,מפעל-טחינה בדלי פלסט,,,מפעל-טחינה בדלי פלסט,,0.00,,false,,2999.90,0.0000,true,1,135636
7290000000035,false,תוספת שתיה בקירור,,,תוספת שתיה בקירור,Unknown,0.00,יחידה,false,,1.00,0.0000,true,1,153126
7290000000103,false,תירס חם,,,תירס חם,Unknown,1.00,יחידה,false,,10.00,10.0000,true,1,154594
7290000000300,false,קפוצ'ינו הפוך,,,קפוצ'ינו הפוך,Unknown,0.00,יחידה,false,,6.00,0.0000,true,1,131940
7290000000302,false,אספרסו ארוך,,,אספרסו ארוך,Unknown,0.00,יחידה,false,,6.00,0.0000,true,1,131942
7290000000303,false,אספרסו כפול,,,אספרסו כפול,Unknown,0.00,יחידה,false,,8.00,0.0000,true,1,131943
7290000000307,false,אמריקנו קטן,,,אמריקנו קטן,Unknown,0.00,יחידה,false,,6.00,0.0000,true,1,131947
7290000000309,false,קפה קר,,,קפה קר,Unknown,0.00,יחידה,false,,6.00,0.0000,true,1,131949
7290000000312,false,תה ירוק נענע,,,תה ירוק נענע,Unknown,0.00,יחידה,false,,5.00,0.0000,true,1,131952
7290000000315,false,נס קפה קטן,,,נס קפה קטן,Unknown,0.00,יחידה,false,,6.00,0.0000,true,1,131954
7290000000317,false,קפה שחור,,,קפה שחור,Unknown,0.00,יחידה,false,,5.00,0.0000,true,1,131956
7290000000411,false,שום ארוז יבוא,,,שום ארוז יבוא,Unknown,1.00,יחידה,false,,7.90,7.9000,true,1,133280
7290000000565,false,קפה קר פלוס,,,קפה קר פלוס,Unknown,0.00,יחידה,false,,9.00,0.0000,true,1,138404
7290000000634,false,שקית גופיה סופרקופיק,,,שקית גופיה סופרקופיק,Unknown,1.00,יחידה,false,,0.10,0.1000,true,1,136010
7290000000960,false,"פקדון רביעיה 1.2 ש""ח",,,"פקדון רביעיה 1.2 ש""ח",Unknown,0.00,יחידה,false,,1.20,0.0000,true,1,150229
7290000000961,false,"פקדון שישיה 1.8 ש""ח",,,"פקדון שישיה 1.8 ש""ח",Unknown,0.00,יחידה,false,,1.80,0.0000,true,1,150230
7290000000998,false,פקדון,,,פקדון,Unknown,0.00,יחידה,false,,0.30,0.0000,true,1,133051
7290000003345,false,נביעות מים מינרלים ש,,,נביעות מים מינרלים ש,מיליליטרים,1500.00,"100 מ""ל",false,,5.00,0.0033,true,1,139725
7290000007206,false,טונה סטארקיסט בשמן ב,,,טונה סטארקיסט בשמן ב,גרמים,160.00,100 גרם,false,,7.20,0.0450,true,1,140135
7290000007251,false,טונה סטארקיסט במים ב,,,טונה סטארקיסט במים ב,גרמים,160.00,100 גרם,false,,7.20,0.0450,true,1,140136
7290000009001,false,בננה,5 יחידות,,בננה,קילוגרמים,1.00,"ק""ג",true,,10.90,10.9000,true,1,145733
7290000009002,false,עגבניה,5 יחידות,,עגבניה,קילוגרמים,1.00,"ק""ג",true,,7.90,7.9000,true,1,145734
7290000009003,false,מלפפון ירוק,6 יחידות,,מלפפון ירוק,קילוגרמים,1.00,"ק""ג",true,,7.90,7.9000,true,1,145735
7290000009004,false,לימון,5 יחידות,,לימון,קילוגרמים,1.00,"ק""ג",true,,8.90,8.9000,true,1,145736
7290000009005,false,אבוקדו,,,אבוקדו,קילוגרמים,1.00,"ק""ג",true,,10.70,10.7000,true,1,145737
7290000009007,false,תפוח עץ ירוק סמיט,,,תפוח עץ ירוק סמיט,קילוגרמים,1.00,"ק""ג",true,,10.90,10.9000,true,1,145739
7290000009008,false,תפוח עץ אדום חרמון,4 יחידות,,תפוח עץ אדום חרמון,קילוגרמים,1.00,"ק""ג",true,,10.90,10.9000,true,1,145740
7290000009010,false,פלפל אדום,5 יחידות,,פלפל אדום,קילוגרמים,1.00,"ק""ג",true,,10.90,10.9000,true,1,145741
7290000009011,false,קלמנטינה,,,קלמנטינה,קילוגרמים,1.00,"ק""ג",true,,6.90,6.9000,true,1,145742
7290000009012,false,אפרסמון,,,אפרסמון,קילוגרמים,1.00,"ק""ג",true,,16.80,16.8000,true,1,145743
7290000009013,false,תפוזים,3 יחידות,,תפוזים,קילוגרמים,1.00,"ק""ג",true,,5.90,5.9000,true,1,145744
7290000009014,false,תפוח פינק ליידי,,,תפוח פינק ליידי,קילוגרמים,1.00,"ק""ג",true,,15.90,15.9000,true,1,145745
7290000009015,false,בצל יבש לבן,4 יחידות,,בצל יבש לבן,קילוגרמים,1.00,"ק""ג",true,,5.90,5.9000,true,1,145746
7290000009016,false,בטטה,,,בטטה,קילוגרמים,1.00,"ק""ג",true,,9.70,9.7000,true,1,145747
7290000009017,false,אגס ירוק,,,אגס ירוק,קילוגרמים,1.00,"ק""ג",true,,12.90,12.9000,true,1,145748
7290000009018,false,תפוח עץ מוזהב,4 יחידות,,תפוח עץ מוזהב,קילוגרמים,1.00,"ק""ג",true,,9.90,9.9000,true,1,145749
7290000009021,false,בצל אדום,4 יחידות,,בצל אדום,קילוגרמים,1.00,"ק""ג",true,,6.90,6.9000,true,1,145752
7290000009024,false,חציל,,,חציל,קילוגרמים,1.00,"ק""ג",true,,7.90,7.9000,true,1,145755
7290000009025,false,כרוב לבן שלם,1 יחידה,,כרוב לבן שלם,קילוגרמים,1.00,"ק""ג",true,,5.90,5.9000,true,1,145756
7290000009046,false,קישוא,5 יחידות,,קישוא,קילוגרמים,1.00,"ק""ג",true,,8.90,8.9000,true,1,145776
7290000009051,false,"תפו""א לבן תפזורת",,,"תפו""א לבן תפזורת",קילוגרמים,1.00,"ק""ג",true,,4.90,4.9000,true,1,145779
7290000009054,false,פלפל חריף,,,פלפל חריף,קילוגרמים,1.00,"ק""ג",true,,10.90,10.9000,true,1,145782
7290000009061,false,גזר ארוז,,,גזר ארוז,קילוגרמים,1.00,"ק""ג",true,,4.90,4.9000,true,1,145788
7290000009063,false,כרובית,,,כרובית,Unknown,1.00,יחידה,false,,9.90,9.9000,true,1,145789
7290000009080,false,ענב ירוק שקיל,,,ענב ירוק שקיל,קילוגרמים,1.00,"ק""ג",true,,24.90,24.9000,true,1,145804
7290000009081,false,פטרוזיליה,,,פטרוזיליה,Unknown,1.00,יחידה,false,,3.90,3.9000,true,1,146146
7290000009112,false,תפוז ברשת,,,תפוז ברשת,קילוגרמים,1.00,"ק""ג",true,,4.90,4.9000,true,1,145832
7290000009114,false,אשכולית צהובה,,,אשכולית צהובה,קילוגרמים,1.00,"ק""ג",true,,4.90,4.9000,true,1,145834
7290000009124,false,שום ארוז יבוא,,,שום ארוז יבוא,Unknown,1.00,יחידה,false,,7.90,7.9000,true,1,146386
7290000009133,false,מלון ספרדי,,,מלון ספרדי,קילוגרמים,1.00,"ק""ג",true,,7.90,7.9000,true,1,149586
7290000009143,false,אפרסמון קרמבו,,,אפרסמון קרמבו,קילוגרמים,1.00,"ק""ג",true,,16.80,16.8000,true,1,150343
7290000024455,false,יין מתוק לקידוש גליה,,,יין מתוק לקידוש גליה,מיליליטרים,187.00,"100 מ""ל",false,,6.00,0.0321,true,1,132448
7290000024523,false,מיץ ענבים טבעי תירוש,,,מיץ ענבים טבעי תירוש,מיליליטרים,1000.00,"100 מ""ל",false,,15.90,0.0159,true,1,136283
7290000032353,false,מקרון בטעמים,,,מקרון בטעמים,Unknown,1.00,יחידה,false,,5.00,5.0000,true,1,150042
7290000040042,false,יופלה יוגורט תות %3,,,יופלה יוגורט תות %3,גרמים,150.00,100 גרם,false,,5.20,0.0347,true,1,140821
7290000040066,false,יופלה יוגורט דובדבן,,,יופלה יוגורט דובדבן,מיליליטרים,150.00,"100 מ""ל",false,,5.20,0.0347,true,1,150238
7290000040974,false,חלב בקרטון דל לקטוז,,,חלב בקרטון דל לקטוז,מיליליטרים,1000.00,"100 מ""ל",false,,7.20,0.0072,true,1,143813
7290000040974,false,חלב בקרטון דל לקטוז,,,חלב בקרטון דל לקטוז,מיליליטרים,1000.00,"100 מ""ל",false,,7.20,0.0072,true,1,145406
7290000042435,false,חלב בקרטון תנובה 1%,,,חלב בקרטון תנובה 1%,מיליליטרים,1000.00,"100 מ""ל",false,,5.86,0.0059,true,1,136813
7290000042503,false,חלב עמיד קרטון 1 ליט,,,חלב עמיד קרטון 1 ליט,מיליליטרים,1000.00,"100 מ""ל",false,,7.20,0.0072,true,1,146671
7290000043814,false,השף הלבן שמנת עמידה,,,השף הלבן שמנת עמידה,מיליליטרים,250.00,"100 מ""ל",false,,6.47,0.0259,true,1,139755
7290000043890,false,רויון 1.5% תנובה 1 ל,,,רויון 1.5% תנובה 1 ל,מיליליטרים,1000.00,"100 מ""ל",false,,11.30,0.0113,true,1,140824
7290000045573,false,גבינה מותכת נעמה 25%,,,גבינה מותכת נעמה 25%,גרמים,200.00,100 גרם,false,,16.20,0.0810,true,1,140826
7290000046327,false,גבינה צהובה פרוסה 22,,,גבינה צהובה פרוסה 22,גרמים,200.00,100 גרם,false,,12.90,0.0645,true,1,140827
7290000046327,false,גבינה צהובה פרוסה 22,,,גבינה צהובה פרוסה 22,גרמים,200.00,100 גרם,false,,12.90,0.0645,true,1,140893
7290000048185,false,גבינה לבנה 5% תנובה,,,גבינה לבנה 5% תנובה,גרמים,250.00,100 גרם,false,,4.98,0.0199,true,1,140239
7290000048192,false,גבינה לבנה 9% תנובה,,,גבינה לבנה 9% תנובה,גרמים,250.00,100 גרם,false,,4.98,0.0199,true,1,140234
7290000048437,false,גבינה צפתית 5% פיראו,,,גבינה צפתית 5% פיראו,גרמים,200.00,100 גרם,false,,15.90,0.0795,true,1,140164
7290000050447,false,יוגורט ביו 3% בטעם ת,,,יוגורט ביו 3% בטעם ת,מיליליטרים,500.00,"100 מ""ל",false,,13.80,0.0276,true,1,145387
7290000050447,false,יוגורט ביו 3% בטעם ת,,,יוגורט ביו 3% בטעם ת,מיליליטרים,500.00,"100 מ""ל",false,,13.80,0.0276,true,1,145389
7290000051376,false,יופלה דיאט אננס גביע,,,יופלה דיאט אננס גביע,מיליליטרים,150.00,"100 מ""ל",false,,5.20,0.0347,true,1,145397
7290000052311,false,גבינה צהובה פרוסה 15,,,גבינה צהובה פרוסה 15,גרמים,200.00,100 גרם,false,,16.40,0.0820,true,1,140831
7290000052311,false,גבינה צהובה פרוסה 15,,,גבינה צהובה פרוסה 15,גרמים,200.00,100 גרם,false,,16.40,0.0820,true,1,140883
7290000055329,false,יופלה משקה יוגורט תו,,,יופלה משקה יוגורט תו,גרמים,250.00,100 גרם,false,,6.00,0.0240,true,1,132725
7290000055428,true,משקה שקדים עמיד 1 לי,,,משקה שקדים עמיד 1 לי,,0.00,,false,,11.90,0.0000,true,1,133933
7290000056272,false,גבינה לבנה עם זיתים,,,גבינה לבנה עם זיתים,גרמים,250.00,100 גרם,false,,5.00,0.0200,true,1,134842
7290000056845,false,חלב טרי 3% בקרטון תנ,,,חלב טרי 3% בקרטון תנ,מיליליטרים,1500.00,"100 מ""ל",false,,9.34,0.0062,true,1,143938
7290000056951,false,שמנת לבישול 15% 500,,,שמנת לבישול 15% 500,מיליליטרים,500.00,"100 מ""ל",false,,16.50,0.0330,true,1,147429
7290000057088,false,עמק פרוס דק דק 28% 2,,,עמק פרוס דק דק 28% 2,גרמים,200.00,100 גרם,false,,16.40,0.0820,true,1,136174
7290000057132,false,יוגורט ביו תנובה טבע,,,יוגורט ביו תנובה טבע,גרמים,200.00,100 גרם,false,,3.20,0.0160,true,1,140833
7290000057149,false,יוגורט טבעי ביו 3% ת,,,יוגורט טבעי ביו 3% ת,גרמים,200.00,100 גרם,false,,3.20,0.0160,true,1,140834
7290000057552,false,יופלה דיאט עוגת גבינ,,,יופלה דיאט עוגת גבינ,מיליליטרים,150.00,"100 מ""ל",false,,5.20,0.0347,true,1,150239
7290000058047,false,שמנת להקצפה 38% שומן,,,שמנת להקצפה 38% שומן,מיליליטרים,500.00,"100 מ""ל",false,,12.94,0.0259,true,1,148079
7290000060071,false,חטיפי פריכונים אורז,,,חטיפי פריכונים אורז,גרמים,80.00,100 גרם,false,,8.50,0.1063,true,1,142369
7290000060156,false,אטריות ביצים דקיקות,,,אטריות ביצים דקיקות,גרמים,200.00,100 גרם,false,,7.50,0.0375,true,1,144026
7290000060163,false,אטריות דקות אסם 400,,,אטריות דקות אסם 400,גרמים,401.00,100 גרם,false,,7.50,0.0187,true,1,139667
7290000060200,false,פתיתים אפויים קוסקוס,,,פתיתים אפויים קוסקוס,גרמים,500.00,100 גרם,false,,7.50,0.0150,true,1,138436
7290000060217,false,פסטה מקרוני מספר 7 א,,,פסטה מקרוני מספר 7 א,גרמים,500.00,100 גרם,false,,6.50,0.0130,true,1,144628
7290000060781,false,פסטה פוסילי אסם 500,,,פסטה פוסילי אסם 500,גרמים,500.00,100 גרם,false,,6.50,0.0130,true,1,144030
7290000060880,false,פסטה ספגטי מספר 8 אס,,,פסטה ספגטי מספר 8 אס,גרמים,500.00,100 גרם,false,,6.50,0.0130,true,1,138437
7290000061061,false,קרקר חיטה עם בצל אסם,,,קרקר חיטה עם בצל אסם,גרמים,250.00,100 גרם,false,,10.90,0.0436,true,1,144036
7290000063133,false,אסם שקדי מרק רכיבים,,,אסם שקדי מרק רכיבים,גרמים,100.00,100 גרם,false,,6.70,0.0670,true,1,140990
7290000063157,false,קמח תופח מאליו אסם 1,,,קמח תופח מאליו אסם 1,גרמים,1000.00,100 גרם,false,,9.90,0.0099,true,1,142813
7290000063904,true,מפעל-קוסקוס בינוני ב,,,מפעל-קוסקוס בינוני ב,,0.00,,false,,2999.90,0.0000,true,1,137446
7290000064871,false,"מנה חמה פירה תפו""א ו",,,"מנה חמה פירה תפו""א ו",גרמים,56.00,100 גרם,false,,6.90,0.1232,true,1,132405
7290000065557,false,מנה חמה קוסקוס וירקו,,,מנה חמה קוסקוס וירקו,גרמים,84.00,100 גרם,false,,6.90,0.0821,true,1,137000
7290000065663,true,אסם רוטב לסלט קיסר 2,,,אסם רוטב לסלט קיסר 2,,0.00,,false,,8.90,0.0000,true,1,143887
7290000066332,false,אפרופו 50 גרם,,,אפרופו 50 גרם,גרמים,50.00,100 גרם,false,,5.80,0.1160,true,1,135055
7290000066431,false,פופקו חמאה ודבש 80 ג,,,פופקו חמאה ודבש 80 ג,גרמים,80.00,100 גרם,false,,5.50,0.0688,true,1,139671
7290000067544,false,אסם פירורית פירורי ל,,,אסם פירורית פירורי ל,גרמים,200.00,100 גרם,false,,7.50,0.0375,true,1,144050
7290000068138,false,פודינג אינסטנט בטעם,,,פודינג אינסטנט בטעם,גרמים,80.00,100 גרם,false,,5.70,0.0713,true,1,132408
7290000072623,false,קטשופ אסם בקבוק לחיץ,,,קטשופ אסם בקבוק לחיץ,גרמים,750.00,100 גרם,false,,10.90,0.0145,true,1,136419
7290000072753,false,קפה נמס מיובש בהקפאה,,,קפה נמס מיובש בהקפאה,גרמים,200.00,100 גרם,false,,31.90,0.1595,true,1,139674
7290000072777,false,טייסטר צ'וייס נטול ק,,,טייסטר צ'וייס נטול ק,גרמים,200.00,100 גרם,false,,39.90,0.1995,true,1,143000
7290000073415,false,מנה חמה פסטה ברוטב פ,,,מנה חמה פסטה ברוטב פ,גרמים,61.00,100 גרם,false,,6.90,0.1131,true,1,132409
7290000073774,false,מנה חמה ירקות בטעם פ,,,מנה חמה ירקות בטעם פ,גרמים,70.00,100 גרם,false,,6.90,0.0986,true,1,139678
7290000074153,false,פתי בר שוקו אסם 500,,,פתי בר שוקו אסם 500,גרמים,500.00,100 גרם,false,,12.90,0.0258,true,1,139679
7290000074184,false,פתי בר קלאסי אסם 500,,,פתי בר קלאסי אסם 500,גרמים,500.00,100 גרם,false,,11.90,0.0238,true,1,138850
7290000074245,false,אסם קרם קרקר 250 גרם,,,אסם קרם קרקר 250 גרם,גרמים,250.00,100 גרם,false,,10.90,0.0436,true,1,139680
7290000074375,false,אסם קרקר זהב 150 גרם,,,אסם קרקר זהב 150 גרם,גרמים,150.00,100 גרם,false,,7.90,0.0527,true,1,135052
7290000075204,false,לחמית קרקר מקמח חיטה,,,לחמית קרקר מקמח חיטה,גרמים,250.00,100 גרם,false,,9.90,0.0396,true,1,139683
7290000075693,false,הבית עוגת שמרים בריו,,,הבית עוגת שמרים בריו,גרמים,360.00,100 גרם,false,,18.50,0.0514,true,1,144065
7290000076133,false,בייגלה אסם שמיניה קט,,,בייגלה אסם שמיניה קט,גרמים,400.00,100 גרם,false,,11.90,0.0298,true,1,139684
7290000077253,false,לחמית כפרית 190 גרם,,,לחמית כפרית 190 גרם,גרמים,190.00,100 גרם,false,,10.90,0.0574,true,1,139686
7290000078212,true,אסם קרוטונים מתובלים,,,אסם קרוטונים מתובלים,,0.00,,false,,13.90,0.0000,true,1,144632
7290000080512,true,"צבר סלט תפו""א רפי כה",,,"צבר סלט תפו""א רפי כה",,0.00,,false,,14.90,0.0000,true,1,143748
7290000085180,false,גטניו פתי בר 470 גרם,,,גטניו פתי בר 470 גרם,גרמים,470.00,100 גרם,false,,10.90,0.0232,true,1,143757
7290000090016,false,בננה,5 יחידות,,בננה,קילוגרמים,1.00,"ק""ג",true,,10.90,10.9000,true,1,152378
7290000090021,false,עגבניה,,,עגבניה,קילוגרמים,1.00,"ק""ג",true,,6.90,6.9000,true,1,152372
7290000090023,false,עגבניה,5 יחידות,,עגבניה,קילוגרמים,1.00,"ק""ג",true,,7.90,7.9000,true,1,152373
7290000090030,false,מלפפון ירוק,6 יחידות,,מלפפון ירוק,קילוגרמים,1.00,"ק""ג",true,,7.90,7.9000,true,1,152390
7290000090047,false,לימון,5 יחידות,,לימון,קילוגרמים,1.00,"ק""ג",true,,8.90,8.9000,true,1,152379
7290000090054,false,אבוקדו,,,אבוקדו,קילוגרמים,1.00,"ק""ג",true,,10.70,10.7000,true,1,152391
7290000090078,false,תפוח עץ ירוק סמיט,,,תפוח עץ ירוק סמיט,קילוגרמים,1.00,"ק""ג",true,,10.90,10.9000,true,1,152392
7290000090085,false,תפוח עץ אדום חרמון,4 יחידות,,תפוח עץ אדום חרמון,קילוגרמים,1.00,"ק""ג",true,,10.90,10.9000,true,1,152393
7290000090108,false,פלפל אדום,5 יחידות,,פלפל אדום,קילוגרמים,1.00,"ק""ג",true,,10.90,10.9000,true,1,152380
7290000090115,false,קלמנטינה,,,קלמנטינה,קילוגרמים,1.00,"ק""ג",true,,6.90,6.9000,true,1,152394
7290000090122,false,אפרסמון,,,אפרסמון,קילוגרמים,1.00,"ק""ג",true,,16.80,16.8000,true,1,153507
7290000090139,false,תפוזים,3 יחידות,,תפוזים,קילוגרמים,1.00,"ק""ג",true,,5.90,5.9000,true,1,152395
7290000090146,false,תפוח פינק ליידי,,,תפוח פינק ליידי,קילוגרמים,1.00,"ק""ג",true,,15.90,15.9000,true,1,152396
7290000090153,false,בצל יבש לבן,4 יחידות,,בצל יבש לבן,קילוגרמים,1.00,"ק""ג",true,,5.90,5.9000,true,1,152381
7290000090160,false,בטטה,,,בטטה,קילוגרמים,1.00,"ק""ג",true,,9.70,9.7000,true,1,152397
7290000090177,false,אגס ירוק,,,אגס ירוק,קילוגרמים,1.00,"ק""ג",true,,12.90,12.9000,true,1,152398
7290000090184,false,תפוח עץ מוזהב,4 יחידות,,תפוח עץ מוזהב,קילוגרמים,1.00,"ק""ג",true,,9.90,9.9000,true,1,152399
7290000090214,false,בצל אדום,4 יחידות,,בצל אדום,קילוגרמים,1.00,"ק""ג",true,,6.90,6.9000,true,1,152402
7290000090245,false,חציל,,,חציל,קילוגרמים,1.00,"ק""ג",true,,7.90,7.9000,true,1,152382
7290000090252,false,כרוב לבן שלם,1 יחידה,,כרוב לבן שלם,קילוגרמים,1.00,"ק""ג",true,,5.90,5.9000,true,1,152383
7290000090467,false,קישוא,5 יחידות,,קישוא,קילוגרמים,1.00,"ק""ג",true,,8.90,8.9000,true,1,152385
7290000090511,false,"תפו""א לבן תפזורת",,,"תפו""א לבן תפזורת",קילוגרמים,1.00,"ק""ג",true,,4.90,4.9000,true,1,152419
7290000090542,false,פלפל חריף,,,פלפל חריף,קילוגרמים,1.00,"ק""ג",true,,10.90,10.9000,true,1,152422
7290000090610,false,גזר ארוז,,,גזר ארוז,קילוגרמים,1.00,"ק""ג",true,,4.90,4.9000,true,1,152387
7290000090634,false,כרובית,,,כרובית,Unknown,1.00,יחידה,false,,9.90,9.9000,true,1,152426
7290000090801,false,ענב ירוק שקיל,,,ענב ירוק שקיל,קילוגרמים,1.00,"ק""ג",true,,24.90,24.9000,true,1,152440
7290000091129,false,תפוז ברשת,,,תפוז ברשת,קילוגרמים,1.00,"ק""ג",true,,4.90,4.9000,true,1,152452
7290000091143,false,אשכולית צהובה,,,אשכולית צהובה,קילוגרמים,1.00,"ק""ג",true,,4.90,4.9000,true,1,152453
7290000091242,false,שום ארוז יבוא,,,שום ארוז יבוא,Unknown,1.00,יחידה,false,,7.90,7.9000,true,1,152457
7290000091334,false,מלון ספרדי,,,מלון ספרדי,קילוגרמים,1.00,"ק""ג",true,,7.90,7.9000,true,1,152389
7290000091433,false,אפרסמון קרמבו,,,אפרסמון קרמבו,קילוגרמים,1.00,"ק""ג",true,,16.80,16.8000,true,1,153508
7290000101941,false,אננס חתוך 100% פרי ט,,,אננס חתוך 100% פרי ט,גרמים,300.00,100 גרם,false,,17.90,0.0597,true,1,151913
7290000104201,false,אפונה עדינה סנפרוסט,,,אפונה עדינה סנפרוסט,גרמים,600.00,100 גרם,false,,19.90,0.0332,true,1,140944
7290000104683,false,שעועית ירוקה שלמה סנ,,,שעועית ירוקה שלמה סנ,גרמים,800.00,100 גרם,false,,20.90,0.0261,true,1,140952
7290000107295,false,תפרחות ברוקולי סנפרו,,,תפרחות ברוקולי סנפרו,גרמים,800.00,100 גרם,false,,25.90,0.0324,true,1,137130
7290000110318,true,מפעל-קצפת צמחית פרוו,,,מפעל-קצפת צמחית פרוו,,0.00,,false,,2999.90,0.0000,true,1,137441
7290000111186,false,מיונז אמיתי תלמה 500,,,מיונז אמיתי תלמה 500,גרמים,500.00,100 גרם,false,,10.40,0.0208,true,1,139471
7290000111360,false,חרדל תלמה 250 גרם,,,חרדל תלמה 250 גרם,גרמים,250.00,100 גרם,false,,6.90,0.0276,true,1,133018
7290000112497,false,מרק עשיר עוף עם איטר,,,מרק עשיר עוף עם איטר,גרמים,68.00,100 גרם,false,,11.90,0.1750,true,1,140291
7290000117720,false,נמס בכוס מרק פטריות,,,נמס בכוס מרק פטריות,גרמים,41.00,100 גרם,false,,7.50,0.1829,true,1,138287
7290000118277,false,קניידלך כופתאות מצה,,,קניידלך כופתאות מצה,גרמים,130.00,100 גרם,false,,10.90,0.0838,true,1,136416
7290000120393,true,CIF ג'ל אקונומיקה מר,,,CIF ג'ל אקונומיקה מר,,0.00,,false,,10.90,0.0000,true,1,140294
7290000120836,false,מיונז הלמנס אמיתי צנ,,,מיונז הלמנס אמיתי צנ,גרמים,394.00,100 גרם,false,,11.90,0.0302,true,1,140297
7290000120874,false,מיונז הלמנס מופחת קל,,,מיונז הלמנס מופחת קל,גרמים,424.00,100 גרם,false,,11.90,0.0281,true,1,140298
7290000127705,true,שוקולד מריר פרווה 6*,,,שוקולד מריר פרווה 6*,,0.00,,false,,17.00,0.0000,true,1,139487
7290000129235,true,קליק XL שוקולד חלב ע,,,קליק XL שוקולד חלב ע,,0.00,,false,,5.30,0.0000,true,1,140300
7290000133645,true,שלישיית אורביטול100,,,שלישיית אורביטול100,,0.00,,false,,15.90,0.0000,true,1,136528
7290000135021,true,טמפו - קופון פיקסי א,,,טמפו - קופון פיקסי א,,0.00,,false,,0.01,0.0000,true,1,142417
7290000135045,false,פחית XL TEN תפוח 250,,,פחית XL TEN תפוח 250,מיליליטרים,250.00,"100 מ""ל",false,,4.80,0.0192,true,1,143737
7290000135052,false,משקה אנרגיה מוגז בטע,,,משקה אנרגיה מוגז בטע,מיליליטרים,250.00,"100 מ""ל",false,,4.80,0.0192,true,1,143738
7290000135342,false,סודה 500,,,סודה 500,מיליליטרים,500.00,"100 מ""ל",false,,3.20,0.0064,true,1,155319
7290000136158,false,פפסי מקס 1.5 ליטר,,,פפסי מקס 1.5 ליטר,מיליליטרים,1500.00,"100 מ""ל",false,,8.20,0.0055,true,1,154080
7290000136165,false,מירנדה 1.5 ליטר,,,מירנדה 1.5 ליטר,מיליליטרים,1500.00,"100 מ""ל",false,,8.00,0.0053,true,1,154081
7290000136189,false,דיאט סבן אפ 1.5 ליטר,,,דיאט סבן אפ 1.5 ליטר,מיליליטרים,1500.00,"100 מ""ל",false,,7.20,0.0048,true,1,154083
7290000136240,false,מי סודה טמפו 1.5 ליט,,,מי סודה טמפו 1.5 ליט,מיליליטרים,1500.00,"100 מ""ל",false,,3.80,0.0025,true,1,154084
7290000136585,false,ג'אמפ תפוזים 1.5 ליט,,,ג'אמפ תפוזים 1.5 ליט,מיליליטרים,1500.00,"100 מ""ל",false,,8.20,0.0055,true,1,154092
7290000136646,false,בירה שחורה נשר מאלט,,,בירה שחורה נשר מאלט,מיליליטרים,1500.00,"100 מ""ל",false,,9.20,0.0061,true,1,154358
7290000136660,false,מי סודה טמפו 1.5 ליט,,,מי סודה טמפו 1.5 ליט,מיליליטרים,1500.00,"100 מ""ל",false,,3.80,0.0025,true,1,154695
7290000136684,false,פפסי מקס 1.5 ליטר,,,פפסי מקס 1.5 ליטר,מיליליטרים,1500.00,"100 מ""ל",false,,8.20,0.0055,true,1,154697
7290000136707,false,מירנדה 1.5 ליטר,,,מירנדה 1.5 ליטר,מיליליטרים,1500.00,"100 מ""ל",false,,8.00,0.0053,true,1,154698
7290000136714,true,ג'אמפ 1.5 דיאט תפוזי,,,ג'אמפ 1.5 דיאט תפוזי,,0.00,,false,,5.70,0.0000,true,1,138901
7290000136790,false,מי סודה במארז טמפו 6,,,מי סודה במארז טמפו 6,מיליליטרים,9000.00,"100 מ""ל",false,,18.70,0.0021,true,1,154096
7290000136868,false,מים מינרלים סאן בנדט,,,מים מינרלים סאן בנדט,קילוגרמים,9.00,ליטר,false,,20.40,2.2667,true,1,154572
7290000136936,false,דיאט סבן אפ 1.5 ליטר,,,דיאט סבן אפ 1.5 ליטר,מיליליטרים,1500.00,"100 מ""ל",false,,7.20,0.0048,true,1,154700
7290000139180,false,שלווה נטו חיטה תפוחה,,,שלווה נטו חיטה תפוחה,גרמים,140.00,100 גרם,false,,8.90,0.0636,true,1,154216
7290000144474,false,שמן קנולה בריאות עץ,,,שמן קנולה בריאות עץ,מיליליטרים,1000.00,"100 מ""ל",false,,15.90,0.0159,true,1,145270
7290000150598,true,נקניק סלמי כפרי פרוס,,,נקניק סלמי כפרי פרוס,,0.00,,false,,5.50,0.0000,true,1,136286
7290000151021,true,פסטרמה כפרית - 100 ג,,,פסטרמה כפרית - 100 ג,,0.00,,false,,5.90,0.0000,true,1,136287
7290000151120,true,עוף טוב פסטרמה בשמן,,,עוף טוב פסטרמה בשמן,,0.00,,false,,0.00,0.0000,true,1,138044
7290000151328,true,עוף טוב חזה הודו דל,,,עוף טוב חזה הודו דל,,0.00,,false,,0.00,0.0000,true,1,138046
7290000151434,true,עוף טוב סלמי קוניאק,,,עוף טוב סלמי קוניאק,,0.00,,false,,0.00,0.0000,true,1,138047
7290000151540,true,עוף טוב פסטרמה הונגר,,,עוף טוב פסטרמה הונגר,,0.00,,false,,0.00,0.0000,true,1,138048
7290000152943,true,עוף טוב סלמי + פסטרמ,,,עוף טוב סלמי + פסטרמ,,0.00,,false,,0.00,0.0000,true,1,138051
7290000155661,true,עוף טוב רביעיית נקני,,,עוף טוב רביעיית נקני,,0.00,,false,,0.00,0.0000,true,1,138052
7290000156545,true,עוף טוב פסטרמה מקסיק,,,עוף טוב פסטרמה מקסיק,,0.00,,false,,0.00,0.0000,true,1,138053
7290000158105,false,שניצל עוף מיני דינוז,,,שניצל עוף מיני דינוז,גרמים,700.00,100 גרם,false,,34.90,0.0499,true,1,144070
7290000159515,true,קבנוס מופחת שומן רוו,,,קבנוס מופחת שומן רוו,,0.00,,false,,10.90,0.0000,true,1,143460
7290000161648,false,חטיף פריך במילוי קרם,,,חטיף פריך במילוי קרם,גרמים,38.00,100 גרם,false,,4.90,0.1289,true,1,140302
7290000166391,true,חטיף דגנים עם שוקולד,,,חטיף דגנים עם שוקולד,,0.00,,false,,5.00,0.0000,true,1,134117
7290000167756,true,קינמונים,,,קינמונים,,0.00,,false,,0.00,0.0000,true,1,139391
7290000168173,false,ברנפלקס קרנצ'ים תלמה,,,ברנפלקס קרנצ'ים תלמה,גרמים,375.00,100 גרם,false,,21.90,0.0584,true,1,138294
7290000168524,true,מפעל-מיונז,,,מפעל-מיונז,קילוגרמים,1.00,"ק""ג",true,,0.00,0.0000,true,1,136305
7290000174723,false,שוקולית קופסא עלית 5,,,שוקולית קופסא עלית 5,גרמים,500.00,100 גרם,false,,13.90,0.0278,true,1,139943
7290000176079,false,קפה טורקי עם הל 100,,,קפה טורקי עם הל 100,גרמים,100.00,100 גרם,false,,9.90,0.0990,true,1,139944
7290000176192,true,האג טורקי ואקום 200,,,האג טורקי ואקום 200,,0.00,,false,,0.00,0.0000,true,1,137846
7290000176420,false,קפה נמס עלית 200 גרם,,,קפה נמס עלית 200 גרם,גרמים,200.00,100 גרם,false,,21.90,0.1095,true,1,139945
7290000176468,false,קפה נמס נטול האג עלי,,,קפה נמס נטול האג עלי,גרמים,50.00,100 גרם,false,,10.90,0.2180,true,1,141843
7290000178707,false,תפוציפס טבעי 50 גרם,,,תפוציפס טבעי 50 גרם,גרמים,50.00,100 גרם,false,,4.30,0.0860,true,1,139001
7290000178721,false,תפוציפס 200 גרם,,,תפוציפס 200 גרם,גרמים,200.00,100 גרם,false,,10.90,0.0545,true,1,140520
7290000197319,true,רדיד אלומיניום בודד,,,רדיד אלומיניום בודד,,0.00,,false,,5.00,0.0000,true,1,132613
7290000197449,true,סנדויצ'ון 100 יחידות,,,סנדויצ'ון 100 יחידות,,0.00,,false,,5.00,0.0000,true,1,132614
7290000199573,true,שקיות אשפה ניקול 17,,,שקיות אשפה ניקול 17,,0.00,,false,,5.00,0.0000,true,1,136076
7290000200934,true,משטח הפצה,,,משטח הפצה,,0.00,,false,,0.00,0.0000,true,1,137896
7290000204024,true,סקוץ' חתוך שלישיה,,,סקוץ' חתוך שלישיה,,0.00,,false,,5.00,0.0000,true,1,132616
7290000204055,true,כריות יפניות שלישיה,,,כריות יפניות שלישיה,,0.00,,false,,5.00,0.0000,true,1,132617
7290000204086,true,שקוטש קרצוף ניקול 3,,,שקוטש קרצוף ניקול 3,,0.00,,false,,9.90,0.0000,true,1,141764
7290000204512,false,ניקול מטליות לחות לר,,,ניקול מטליות לחות לר,Unknown,10.00,יחידה,false,,11.90,1.1900,true,1,141767
7290000208022,false,עגבניות מרוסקות 800,,,עגבניות מרוסקות 800,גרמים,800.00,100 גרם,false,,9.90,0.0124,true,1,146542
7290000208213,false,שעועית לבנה רוטב עגב,,,שעועית לבנה רוטב עגב,גרמים,355.00,100 גרם,false,,8.90,0.0251,true,1,146268
7290000208893,false,גרעיני תירס לייט יכי,,,גרעיני תירס לייט יכי,גרמים,246.00,100 גרם,false,,7.90,0.0321,true,1,146273
7290000208947,false,עגבניות מרוסקות יכין,,,עגבניות מרוסקות יכין,גרמים,260.00,100 גרם,false,,6.90,0.0265,true,1,146541
7290000209371,false,גרעיני תירס מתוק יכי,,,גרעיני תירס מתוק יכי,גרמים,420.00,100 גרם,false,,14.90,0.0355,true,1,146277
7290000209388,false,תירס לייט יכין 3 * 1,,,תירס לייט יכין 3 * 1,גרמים,369.00,100 גרם,false,,14.90,0.0404,true,1,146278
7290000209722,false,רוטב עגבניות פריכוז,,,רוטב עגבניות פריכוז,גרמים,580.00,100 גרם,false,,10.90,0.0188,true,1,146280
7290000211169,false,אורז תאילנדי סוגת 1,,,אורז תאילנדי סוגת 1,גרמים,1000.00,100 גרם,false,,6.90,0.0069,true,1,134168
7290000211312,false,אורז מלא ארוך סוגת 1,,,אורז מלא ארוך סוגת 1,גרמים,1000.00,100 גרם,false,,9.90,0.0099,true,1,135747
7290000211442,false,אורז פרסי קלאסי סוגת,,,אורז פרסי קלאסי סוגת,גרמים,1000.00,100 גרם,false,,10.90,0.0109,true,1,140463
7290000211503,false,"סוכר לבן נייר 1 ק""ג",,,"סוכר לבן נייר 1 ק""ג",גרמים,1000.00,100 גרם,false,,4.90,0.0049,true,1,133899
7290000225940,false,פילה סלמון קפוא,,,פילה סלמון קפוא,קילוגרמים,1.00,"ק""ג",true,,74.90,74.9000,true,1,153493
7290000225957,false,פילה סלמון קפוא,,,פילה סלמון קפוא,קילוגרמים,1.00,"ק""ג",true,,74.90,74.9000,true,1,153494
7290000253244,false,מרציפן 86 גרם,,,מרציפן 86 גרם,גרמים,86.00,100 גרם,false,,8.90,0.1035,true,1,143287
7290000253503,false,מרציפן מצופה שוקולד,,,מרציפן מצופה שוקולד,גרמים,40.00,100 גרם,false,,3.90,0.0975,true,1,143288
7290000272726,false,חומץ טבעי 5% עסיס 1,,,חומץ טבעי 5% עסיס 1,מיליליטרים,1000.00,"100 מ""ל",false,,7.30,0.0073,true,1,139688
7290000281382,false,מעדניה - נתחי פילה ס,,,מעדניה - נתחי פילה ס,קילוגרמים,1.00,"ק""ג",true,,89.90,89.9000,true,1,153474
7290000284316,false,קוקה קולה 1.5 ליטר,,,קוקה קולה 1.5 ליטר,מיליליטרים,1500.00,"100 מ""ל",false,,9.80,0.0065,true,1,139438
7290000284361,false,דיאט קוקה קולה 1.5 ל,,,דיאט קוקה קולה 1.5 ל,מיליליטרים,1500.00,"100 מ""ל",false,,9.20,0.0061,true,1,147434
7290000288048,false,מרסס לבנדר JAVEL 1 ל,,,מרסס לבנדר JAVEL 1 ל,מיליליטרים,750.00,"100 מ""ל",false,,19.90,0.0265,true,1,140612
7290000289748,false,מסיר שומנים פורטה פל,,,מסיר שומנים פורטה פל,מיליליטרים,750.00,"100 מ""ל",false,,15.90,0.0212,true,1,139551
7290000292687,false,סנובון כחול לניקוי ה,,,סנובון כחול לניקוי ה,גרמים,165.00,100 גרם,false,,17.90,0.1085,true,1,139546
7290000305462,true,יונה – נתחי טונה בשמ,,,יונה – נתחי טונה בשמ,,0.00,,false,,5.00,0.0000,true,1,138523
7290000306915,false,פילה סלמון קפוא,,,פילה סלמון קפוא,קילוגרמים,1.00,"ק""ג",true,,74.90,74.9000,true,1,154260
7290000311203,false,וופלים בטעם שוקולד מ,,,וופלים בטעם שוקולד מ,גרמים,200.00,100 גרם,false,,5.50,0.0275,true,1,144012
7290000311210,false,ופל לימון מן 200 גרם,,,ופל לימון מן 200 גרם,גרמים,200.00,100 גרם,false,,5.50,0.0275,true,1,144013
7290000311227,false,וופלים עם קפה מן 200,,,וופלים עם קפה מן 200,גרמים,200.00,100 גרם,false,,5.50,0.0275,true,1,146535
7290000311708,false,עוגיות חיטה מלאה מן,,,עוגיות חיטה מלאה מן,גרמים,300.00,100 גרם,false,,7.90,0.0263,true,1,146527
7290000315362,true,קורנפלקס תלמה 500 גר,,,קורנפלקס תלמה 500 גר,,0.00,,false,,19.90,0.0000,true,1,136417
7290000327068,false,סודה אננס טמפו 500 מ,,,סודה אננס טמפו 500 מ,מיליליטרים,500.00,"100 מ""ל",false,,5.20,0.0104,true,1,156568
7290000345284,false,תה קלאסי טעם עשיר וי,,,תה קלאסי טעם עשיר וי,Unknown,100.00,יחידה,false,,17.90,0.1790,true,1,140682
7290000346120,false,חליטת קסם הקינמון הג,,,חליטת קסם הקינמון הג,Unknown,25.00,יחידה,false,,17.90,0.7160,true,1,143297
7290000347752,false,תה ירוק לימונית ולוא,,,תה ירוק לימונית ולוא,Unknown,25.00,יחידה,false,,26.90,1.0760,true,1,140687
7290000359410,true,נקטר מנגו 1 ליטר,,,נקטר מנגו 1 ליטר,,0.00,,false,,5.00,0.0000,true,1,132526
7290000364230,false,פסטרמה כפרית 100 גרם,,,פסטרמה כפרית 100 גרם,גרמים,100.00,100 גרם,false,,5.00,0.0500,true,1,136080
7290000364261,false,דקניקים פסטרמה כתף ב,,,דקניקים פסטרמה כתף ב,גרמים,120.00,100 גרם,false,,15.90,0.1325,true,1,141605
7290000364278,false,דקניקים סלמי איטלקי,,,דקניקים סלמי איטלקי,גרמים,120.00,100 גרם,false,,15.90,0.1325,true,1,141606
7290000364285,false,דקניקים פסטרמה הודו,,,דקניקים פסטרמה הודו,גרמים,120.00,100 גרם,false,,15.90,0.1325,true,1,141607
7290000364292,false,דקניקים פסטרמה הודו,,,דקניקים פסטרמה הודו,גרמים,120.00,100 גרם,false,,15.90,0.1325,true,1,141608
7290000364506,false,סלמי פריזר 100 גרם,,,סלמי פריזר 100 גרם,גרמים,100.00,100 גרם,false,,5.00,0.0500,true,1,136081
7290000364858,false,"נקנ' עוף טרי 1 ק""ג",,,"נקנ' עוף טרי 1 ק""ג",פריט,1.00,"ק""ג",false,,24.90,24.9000,true,1,150961
7290000408316,false,יוגורט דנונה ביו 3%,,,יוגורט דנונה ביו 3%,גרמים,200.00,100 גרם,false,,3.70,0.0185,true,1,142738
7290000416021,false,ממרח שוקולד השחר 500,,,ממרח שוקולד השחר 500,גרמים,500.00,100 גרם,false,,14.90,0.0298,true,1,141103
7290000453798,false,שמרים יבשים אקטיבים,,,שמרים יבשים אקטיבים,גרמים,500.00,100 גרם,false,,15.90,0.0318,true,1,141845
7290000461656,false,בייגלה מקלות חטיף אפ,,,בייגלה מקלות חטיף אפ,גרמים,400.00,100 גרם,false,,10.90,0.0273,true,1,144685
7290000467511,false,ביסלי ברביקיו 55 גרם,,,ביסלי ברביקיו 55 גרם,גרמים,55.00,100 גרם,false,,3.90,0.0709,true,1,132959
7290000467887,false,ביסלי פיצה 55 גרם,,,ביסלי פיצה 55 גרם,גרמים,55.00,100 גרם,false,,3.90,0.0709,true,1,148309
7290000468747,false,ביסלי גריל 55 גרם,,,ביסלי גריל 55 גרם,גרמים,55.00,100 גרם,false,,3.90,0.0709,true,1,132960
7290000468877,false,ביסלי בצל 55 גרם,,,ביסלי בצל 55 גרם,גרמים,55.00,100 גרם,false,,3.90,0.0709,true,1,139691
7290000480107,false,שיבולת שועל הולנדי ק,,,שיבולת שועל הולנדי ק,גרמים,500.00,100 גרם,false,,14.90,0.0298,true,1,139948
7290000480442,false,קוואקר שיבולת שועל ש,,,קוואקר שיבולת שועל ש,גרמים,500.00,100 גרם,false,,13.90,0.0278,true,1,140566
7290000484747,false,"ערק עלית הארק 700 מ""",,,"ערק עלית הארק 700 מ""",מיליליטרים,700.00,"100 מ""ל",false,,59.90,0.0856,true,1,145418
7290000484747,false,"ערק עלית הארק 700 מ""",,,"ערק עלית הארק 700 מ""",מיליליטרים,700.00,"100 מ""ל",false,,59.90,0.0856,true,1,145675
7290000494616,true,שוקו 250 גרם,,,שוקו 250 גרם,,0.00,,false,,0.00,0.0000,true,1,133680
7290000514406,true,שימורי חומוס שלם 550,,,שימורי חומוס שלם 550,,0.00,,false,,5.00,0.0000,true,1,132653
7290000514567,true,תירס מתוק 550 גרם,,,תירס מתוק 550 גרם,,0.00,,false,,0.00,0.0000,true,1,134060
7290000521435,true,"מרום גליל פיוז""ן אדו",,,"מרום גליל פיוז""ן אדו",,0.00,,false,,0.00,0.0000,true,1,138568
7290000521442,true,"מרום גליל פיוז""ן לבן",,,"מרום גליל פיוז""ן לבן",,0.00,,false,,0.00,0.0000,true,1,138569
7290000522296,true,"מחלבות רמה""ג שקית חל",,,"מחלבות רמה""ג שקית חל",,0.00,,false,,2999.90,0.0000,true,1,134265
7290000522340,true,"שמנת 15% 250 מ""ל",,,"שמנת 15% 250 מ""ל",,0.00,,false,,5.00,0.0000,true,1,133696
7290000522403,true,קצפת צמחית 250 גרם,,,קצפת צמחית 250 גרם,,0.00,,false,,0.00,0.0000,true,1,133699
7290000523224,false,מלח ים דק מלח הארץ 5,,,מלח ים דק מלח הארץ 5,גרמים,500.00,100 גרם,false,,7.90,0.0158,true,1,139150
7290000524191,true,עוגיות רייף כעכים,,,עוגיות רייף כעכים,,0.00,,false,,14.90,0.0000,true,1,140157
7290000525938,true,נקטר תפוזים 1 ליטר,,,נקטר תפוזים 1 ליטר,,0.00,,false,,5.00,0.0000,true,1,132528
7290000525952,true,נקטר תפוחים 1 ליטר,,,נקטר תפוחים 1 ליטר,,0.00,,false,,5.00,0.0000,true,1,132529
7290000529219,true,תה קמומיל,,,תה קמומיל,,0.00,,false,,0.00,0.0000,true,1,133909
7290000529424,true,תה ירוק לימונית לואי,,,תה ירוק לימונית לואי,,0.00,,false,,0.00,0.0000,true,1,133910
7290000529509,true,תה ארל גריי,,,תה ארל גריי,,0.00,,false,,0.00,0.0000,true,1,135511
7290000529707,true,תה אנגלי קלאסי,,,תה אנגלי קלאסי,,0.00,,false,,0.00,0.0000,true,1,135512
7290000529714,true,תה ארל גריי,,,תה ארל גריי,,0.00,,false,,0.00,0.0000,true,1,133911
7290000529851,true,תה ירוק נענע,,,תה ירוק נענע,,0.00,,false,,0.00,0.0000,true,1,133912
7290000530598,false,נקניקיות וינר 500 גר,,,נקניקיות וינר 500 גר,גרמים,500.00,100 גרם,false,,15.90,0.0318,true,1,146438
7290000537566,false,נקניקיות עוף זוגלובק,,,נקניקיות עוף זוגלובק,גרמים,400.00,100 גרם,false,,13.90,0.0348,true,1,140631
7290000538709,false,תה מעושן זוגלובק 200,,,תה מעושן זוגלובק 200,גרמים,200.00,100 גרם,false,,14.90,0.0745,true,1,142311
7290000547299,true,אבקת סוכר 100 גרם,,,אבקת סוכר 100 גרם,,0.00,,false,,0.00,0.0000,true,1,136840
7290000572208,false,חלווה אחווה 100 גרם,,,חלווה אחווה 100 גרם,גרמים,100.00,100 גרם,false,,2.90,0.0290,true,1,133779
7290000572536,false,חלוה מגש וניל 400 גר,,,חלוה מגש וניל 400 גר,גרמים,400.00,100 גרם,false,,12.90,0.0323,true,1,145185
7290000599090,true,מקל טיטניום 1.3 מטר,,,מקל טיטניום 1.3 מטר,,0.00,,false,,5.00,0.0000,true,1,132379
7290000604015,false,ביצים ענקיות XL תנוב,,,ביצים ענקיות XL תנוב,Unknown,12.00,יחידה,false,,13.10,1.0917,true,1,147107
7290000604015,false,ביצים ענקיות XL תנוב,,,ביצים ענקיות XL תנוב,Unknown,12.00,יחידה,false,,13.10,1.0917,true,1,147115
7290000604022,false,12 ביצים L גדול,,,12 ביצים L גדול,Unknown,12.00,יחידה,false,,12.05,1.0042,true,1,139489
7290000604022,false,12 ביצים L גדול,,,12 ביצים L גדול,Unknown,12.00,יחידה,false,,12.05,1.0042,true,1,147108
7290000663135,false,קוביות סלמון קפוא דג,,,קוביות סלמון קפוא דג,גרמים,300.00,100 גרם,false,,29.90,0.0997,true,1,156312
7290000688732,false,מים מינרליים מי עדן,,,מים מינרליים מי עדן,מיליליטרים,9000.00,"100 מ""ל",false,,14.70,0.0016,true,1,137058
7290000741602,true,חטיף מיקספלקס טירמיס,,,חטיף מיקספלקס טירמיס,,0.00,,false,,5.00,0.0000,true,1,134118
7290000787471,false,פילה סלמון קפוא,,,פילה סלמון קפוא,קילוגרמים,1.00,"ק""ג",true,,74.90,74.9000,true,1,153495
7290000787495,false,פילה סלמון קפוא,,,פילה סלמון קפוא,קילוגרמים,1.00,"ק""ג",true,,74.90,74.9000,true,1,153496
7290000787501,false,פילה סלמון קפוא,,,פילה סלמון קפוא,קילוגרמים,1.00,"ק""ג",true,,74.90,74.9000,true,1,153497
7290000805900,false,"לה קט עוף 2.85 ק""ג",,,"לה קט עוף 2.85 ק""ג",פריט,2.85,"ק""ג",false,,69.90,24.5263,true,1,141660
7290000961804,false,דלעת חתוכה,,,דלעת חתוכה,קילוגרמים,1.00,"ק""ג",true,,12.90,12.9000,true,1,146173
7290000966793,true,דובדבן לבן 250 גרם ב,,,דובדבן לבן 250 גרם ב,,0.00,,false,,0.00,0.0000,true,1,139975
7290001216231,false,טחינה אל ארז שומשום,,,טחינה אל ארז שומשום,גרמים,500.00,100 גרם,false,,18.20,0.0364,true,1,144291
7290001246085,false,מרסס ניקוי חלונות 1,,,מרסס ניקוי חלונות 1,מיליליטרים,1000.00,"100 מ""ל",false,,7.90,0.0079,true,1,157156
7290001246764,false,נוזל רצפות ספא טאצ 2,,,נוזל רצפות ספא טאצ 2,מיליליטרים,2000.00,"100 מ""ל",false,,18.90,0.0094,true,1,157159
7290001247082,false,ספרינג קרטוניות עגבנ,,,ספרינג קרטוניות עגבנ,מיליליטרים,1000.00,"100 מ""ל",false,,5.90,0.0059,true,1,134457
7290001302279,false,במבה קלאסי 60 גרם,,,במבה קלאסי 60 גרם,גרמים,60.00,100 גרם,false,,4.50,0.0750,true,1,132961
7290001343982,true,גרנולה 240 גרם,,,גרנולה 240 גרם,,0.00,,false,,0.00,0.0000,true,1,133698
7290001407844,false,בארכה חלבה קלאסית בט,,,בארכה חלבה קלאסית בט,גרמים,350.00,100 גרם,false,,17.90,0.0511,true,1,143283
7290001419618,false,ופלים בסגנון בלגי בט,,,ופלים בסגנון בלגי בט,גרמים,200.00,100 גרם,false,,3.50,0.0175,true,1,146136
7290001419779,false,ופלים בטעם שוקולד על,,,ופלים בטעם שוקולד על,גרמים,200.00,100 גרם,false,,3.50,0.0175,true,1,146137
7290001419892,false,ופלים קלאסיים בטעם ל,,,ופלים קלאסיים בטעם ל,גרמים,200.00,100 גרם,false,,3.50,0.0175,true,1,146138
7290001436196,true,מפעל-ממרח אבוקדו,,,מפעל-ממרח אבוקדו,,0.00,,false,,0.00,0.0000,true,1,136938
7290001491546,true,תה ירוק מעורב 200 שק,,,תה ירוק מעורב 200 שק,,0.00,,false,,2999.90,0.0000,true,1,145132
7290001594032,true,דיאט קולה בקבוק 350,,,דיאט קולה בקבוק 350,,0.00,,false,,6.00,0.0000,true,1,144588
7290001594155,false,"קוקה קולה 500 מ""ל",,,"קוקה קולה 500 מ""ל",מיליליטרים,500.00,"100 מ""ל",false,,8.00,0.0160,true,1,138439
7290001594520,false,"בירה טובורג 330 מ""ל",,,"בירה טובורג 330 מ""ל",מיליליטרים,330.00,"100 מ""ל",false,,7.40,0.0224,true,1,139463
7290001594568,false,בירה קרלסברג פחית 50,,,בירה קרלסברג פחית 50,מיליליטרים,500.00,"100 מ""ל",false,,9.90,0.0198,true,1,139436
7290001594575,false,בירה טובורג פחית 500,,,בירה טובורג פחית 500,מיליליטרים,500.00,"100 מ""ל",false,,9.90,0.0198,true,1,139440
7290001594865,false,"קרלסברג שישיה 330 מ""",,,"קרלסברג שישיה 330 מ""",מיליליטרים,1980.00,"100 מ""ל",false,,41.70,0.0211,true,1,145230
7290001598085,false,לחם קסטן משפחתי חיטה,,,לחם קסטן משפחתי חיטה,גרמים,1000.00,100 גרם,false,,16.90,0.0169,true,1,155009
7290001598115,false,לחם חיטה מלאה 700 גר,,,לחם חיטה מלאה 700 גר,גרמים,700.00,100 גרם,false,,12.90,0.0184,true,1,155010
7290001598122,false,לחם מיוחד שיפון עם ח,,,לחם מיוחד שיפון עם ח,גרמים,700.00,100 גרם,false,,12.90,0.0184,true,1,155011
7290001598191,false,לחם שיפון קל ברון 55,,,לחם שיפון קל ברון 55,גרמים,550.00,100 גרם,false,,12.90,0.0235,true,1,155012
7290001598276,false,לחם קסטן מחמצת עם דג,,,לחם קסטן מחמצת עם דג,גרמים,1000.00,100 גרם,false,,16.90,0.0169,true,1,155013
7290001598429,false,לחם פרנה ברון 520 גר,,,לחם פרנה ברון 520 גר,גרמים,520.00,100 גרם,false,,11.90,0.0229,true,1,155014
7290001598573,false,לחמניות כוסמין חמשת,,,לחמניות כוסמין חמשת,גרמים,1000.00,100 גרם,false,,15.90,0.0159,true,1,155018
7290001598580,false,פיתות כוסמין חמשת מי,,,פיתות כוסמין חמשת מי,גרמים,372.00,100 גרם,false,,16.90,0.0454,true,1,155019
7290001598597,false,פיתה 99 קלוריות חמשת,,,פיתה 99 קלוריות חמשת,גרמים,300.00,100 גרם,false,,15.90,0.0530,true,1,155020
7290001598856,false,פיתות כוסמין ביס חמש,,,פיתות כוסמין ביס חמש,גרמים,400.00,100 גרם,false,,15.90,0.0398,true,1,155021
7290001648643,true,קפה שחור עדה חרדית3,,,קפה שחור עדה חרדית3,,0.00,,false,,0.00,0.0000,true,1,135560
7290001817377,false,ציטוס איקס עיגול 60,,,ציטוס איקס עיגול 60,גרמים,60.00,100 גרם,false,,3.60,0.0600,true,1,136713
7290001817728,false,ציטוס כאפה 55 גרם,,,ציטוס כאפה 55 גרם,גרמים,55.00,100 גרם,false,,3.60,0.0655,true,1,136714
7290001989425,true,מפעל-פרוסות חציל נקי,,,מפעל-פרוסות חציל נקי,,0.00,,false,,2999.90,0.0000,true,1,135108
7290001989724,true,מפעל-קוביות בטטה מטו,,,מפעל-קוביות בטטה מטו,,0.00,,false,,0.00,0.0000,true,1,137278
7290001990261,true,חומוס 1 קילוגרם,,,חומוס 1 קילוגרם,,0.00,,false,,13.90,0.0000,true,1,137522
7290002007241,true,סודה לשתיה 50 גרם,,,סודה לשתיה 50 גרם,,0.00,,false,,5.00,0.0000,true,1,138098
7290002007890,true,"כוסות ח""פ לשתייה קרה",,,"כוסות ח""פ לשתייה קרה",,0.00,,false,,5.00,0.0000,true,1,132991
7290002014607,true,חומוס קילו מיקי,,,חומוס קילו מיקי,,0.00,,false,,10.00,0.0000,true,1,144904
7290002014836,true,שום כתוש 200 גרם,,,שום כתוש 200 גרם,גרמים,0.00,100 גרם,false,,5.00,0.0000,true,1,132534
7290002015673,true,מפעל-שיפקה לחץ 9 ליט,,,מפעל-שיפקה לחץ 9 ליט,קילוגרמים,1.00,"ק""ג",true,,2999.90,2999.9000,true,1,136082
7290002019794,false,רסק עגבניות פריניר 1,,,רסק עגבניות פריניר 1,גרמים,100.00,100 גרם,false,,1.90,0.0190,true,1,141126
7290002026327,true,"150 מ""ל - פסיפלורה",,,"150 מ""ל - פסיפלורה",,0.00,,false,,9.90,0.0000,true,1,140801
7290002027379,true,מיסטר אייס להקפאה 8,,,מיסטר אייס להקפאה 8,,0.00,,false,,5.00,0.0000,true,1,132580
7290002043096,false,פריכוני אורז חום מלא,,,פריכוני אורז חום מלא,גרמים,70.00,100 גרם,false,,9.20,0.1314,true,1,150584
7290002043218,false,ציפס אורז חום מלא מל,,,ציפס אורז חום מלא מל,גרמים,60.00,100 גרם,false,,7.20,0.1200,true,1,150588
7290002043782,false,ציפס אורז חום מלא טק,,,ציפס אורז חום מלא טק,גרמים,60.00,100 גרם,false,,7.20,0.1200,true,1,150590
7290002057055,false,זית סורי ירוק יבנה 5,,,זית סורי ירוק יבנה 5,גרמים,540.00,100 גרם,false,,10.90,0.0202,true,1,149862
7290002057468,false,מלפפון בחומץ 10-12 י,,,מלפפון בחומץ 10-12 י,גרמים,290.00,100 גרם,false,,7.90,0.0272,true,1,141071
7290002065555,false,הלחמניה - לחמניות רכ,,,הלחמניה - לחמניות רכ,Unknown,6.00,יחידה,false,,11.90,1.9833,true,1,136807
7290002065555,false,הלחמניה - לחמניות רכ,,,הלחמניה - לחמניות רכ,Unknown,6.00,יחידה,false,,11.90,1.9833,true,1,145500
7290002079477,false,לחם אחיד פרוס 750 גר,,,לחם אחיד פרוס 750 גר,גרמים,750.00,100 גרם,false,,6.90,0.0092,true,1,132324
7290002079477,false,לחם אחיד פרוס 750 גר,,,לחם אחיד פרוס 750 גר,גרמים,750.00,100 גרם,false,,6.90,0.0092,true,1,145102
7290002132011,false,עוגיות מזרחיות עבאדי,,,עוגיות מזרחיות עבאדי,גרמים,400.00,100 גרם,false,,20.90,0.0522,true,1,140688
7290002253242,true,דורות רוטב סצ'ואן 16,,,דורות רוטב סצ'ואן 16,,0.00,,false,,9.90,0.0000,true,1,141162
7290002263340,true,"קינמון 1 ק""ג",,,"קינמון 1 ק""ג",,0.00,,false,,2999.90,0.0000,true,1,140668
7290002276036,true,לחמניה מזרחית עם שומ,,,לחמניה מזרחית עם שומ,,0.00,,false,,2999.90,0.0000,true,1,134960
7290002278528,false,שבת כלין,,,שבת כלין,Unknown,2.00,יחידה,false,,8.60,4.3000,true,1,139128
7290002281382,false,מעדניה - נתחי פילה ס,,,מעדניה - נתחי פילה ס,קילוגרמים,1.00,"ק""ג",true,,89.90,89.9000,true,1,153475
7290002281382,false,מעדניה - נתחי פילה ס,,,מעדניה - נתחי פילה ס,קילוגרמים,1.00,"ק""ג",true,,89.90,89.9000,true,1,141380
7290002331322,false,מים מינרילים נביעות,,,מים מינרילים נביעות,קילוגרמים,9.00,ליטר,false,,11.90,1.3222,true,1,134402
7290002331483,false,מים מינרלים נביעות 6,,,מים מינרלים נביעות 6,מיליליטרים,1920.00,"100 מ""ל",false,,15.70,0.0082,true,1,143657
7290002331711,false,נביעות + ענבים 500 מ,,,נביעות + ענבים 500 מ,מיליליטרים,500.00,"100 מ""ל",false,,7.50,0.0150,true,1,149358
7290002346500,true,ספוג הקסם שלישייה,,,ספוג הקסם שלישייה,,0.00,,false,,9.60,0.0000,true,1,139120
7290002349198,false,ספוג רחצה סאקי,,,ספוג רחצה סאקי,Unknown,1.00,יחידה,false,,7.90,7.9000,true,1,151834
7290002349228,false,ספוג פלא עם שכבה ירו,,,ספוג פלא עם שכבה ירו,Unknown,1.00,יחידה,false,,8.90,8.9000,true,1,151083
7290002371533,false,סלסולי פסטרמה דבש 12,,,סלסולי פסטרמה דבש 12,גרמים,120.00,100 גרם,false,,15.90,0.1325,true,1,141614
7290002381808,false,נר נשמה 24 שעות,,,נר נשמה 24 שעות,Unknown,1.00,יחידה,false,,0.00,0.0000,true,1,158485
7290002399506,true,הרינג בסגנון שמאלץ 2,,,הרינג בסגנון שמאלץ 2,,0.00,,false,,29.90,0.0000,true,1,141141
7290002517849,true,שום גבישי 50 גרם,,,שום גבישי 50 גרם,,0.00,,false,,5.00,0.0000,true,1,132342
7290002542773,false,בירה סטלה ארטואה 330,,,בירה סטלה ארטואה 330,מיליליטרים,330.00,"100 מ""ל",false,,6.90,0.0209,true,1,156547
7290002542780,false,סטלה ארטואה שישיה -3,,,סטלה ארטואה שישיה -3,מיליליטרים,1980.00,"100 מ""ל",false,,39.90,0.0202,true,1,156548
7290002543046,false,קלוגס פרוסטיס 750 גר,,,קלוגס פרוסטיס 750 גר,גרמים,750.00,100 גרם,false,,21.90,0.0292,true,1,141662
7290002730538,false,בלונס מסיר איפור 80,,,בלונס מסיר איפור 80,Unknown,80.00,יחידה,false,,8.90,0.1113,true,1,141802
7290002730903,false,סבון רחצה מוצק חלב ו,,,סבון רחצה מוצק חלב ו,גרמים,360.00,100 גרם,false,,17.90,0.0497,true,1,144487
7290002741077,true,כריות צוקולדה בדצ 75,,,כריות צוקולדה בדצ 75,,0.00,,false,,24.90,0.0000,true,1,144686
7290002741602,true,חטיף מיקספלקס טירמיס,,,חטיף מיקספלקס טירמיס,,0.00,,false,,5.00,0.0000,true,1,134185
7290002752349,false,סוכריות בגליל בטעם מ,,,סוכריות בגליל בטעם מ,גרמים,37.50,100 גרם,false,,3.50,0.0933,true,1,135225
7290002781349,true,מפעל-רוטב אלף האיים,,,מפעל-רוטב אלף האיים,,0.00,,false,,2999.90,0.0000,true,1,136797
7290002781424,true,מפעל-רוטב אלף האיים,,,מפעל-רוטב אלף האיים,,0.00,,false,,2999.90,0.0000,true,1,135547
7290002787471,false,פילה סלמון קפוא,,,פילה סלמון קפוא,קילוגרמים,1.00,"ק""ג",true,,74.90,74.9000,true,1,153498
7290002787495,false,פילה סלמון קפוא,,,פילה סלמון קפוא,קילוגרמים,1.00,"ק""ג",true,,74.90,74.9000,true,1,151289
7290002787501,false,פילה סלמון קפוא,,,פילה סלמון קפוא,קילוגרמים,1.00,"ק""ג",true,,74.90,74.9000,true,1,153499
7290002793304,false,מיכל גז סודה סטרים ב,,,מיכל גז סודה סטרים ב,Unknown,1.00,יחידה,false,,110.00,110.0000,true,1,147513
7290002824466,false,דנונה ביו 0% 200 גרם,,,דנונה ביו 0% 200 גרם,גרמים,200.00,100 גרם,false,,3.70,0.0185,true,1,142740
7290002824640,false,גבינה לבנה סקי 5% שט,,,גבינה לבנה סקי 5% שט,גרמים,250.00,100 גרם,false,,4.98,0.0199,true,1,140728
7290002868545,true,"כד 3 ק""ג יוגורט 4%",,,"כד 3 ק""ג יוגורט 4%",,0.00,,false,,2999.00,0.0000,true,1,137056
7290002881483,true,מיני פתי בר 400 גרם,,,מיני פתי בר 400 גרם,,0.00,,false,,0.00,0.0000,true,1,134073
7290002909941,true,גרעיני תירס 800 גרם,,,גרעיני תירס 800 גרם,,0.00,,false,,9.90,0.0000,true,1,144846
7290002919353,true,כבד עוף קפוא ארוז 50,,,כבד עוף קפוא ארוז 50,,0.00,,false,,10.00,0.0000,true,1,138616
7290003001064,false,מעדניה - פילה אמנון,,,מעדניה - פילה אמנון,קילוגרמים,1.00,"ק""ג",true,,31.90,31.9000,true,1,150508
7290003029433,false,שוקו יטבתה 2% פקק יט,,,שוקו יטבתה 2% פקק יט,גרמים,250.00,100 גרם,false,,5.60,0.0224,true,1,134307
7290003047642,false,תה ליפטון יילו לייבל,,,תה ליפטון יילו לייבל,גרמים,150.00,100 גרם,false,,12.90,0.0860,true,1,138373
7290003054657,false,חרדל דיזון אקסטרא פו,,,חרדל דיזון אקסטרא פו,גרמים,370.00,100 גרם,false,,12.90,0.0349,true,1,143794
7290003060009,false,קמח חיטה לבן בהיר 1,,,קמח חיטה לבן בהיר 1,גרמים,1000.00,100 גרם,false,,4.90,0.0049,true,1,143764
7290003060023,false,"סולת חיטה 1 ק""ג",,,"סולת חיטה 1 ק""ג",גרמים,1000.00,100 גרם,false,,5.90,0.0059,true,1,143765
7290003069156,false,פילה סלמון קפוא,,,פילה סלמון קפוא,קילוגרמים,1.00,"ק""ג",true,,74.90,74.9000,true,1,154261
7290003091263,true,צוואר טלה חלק,,,צוואר טלה חלק,קילוגרמים,1.00,"ק""ג",true,,0.00,0.0000,true,1,138072
7290003091294,true,רבע קדמי עגל כשר,,,רבע קדמי עגל כשר,קילוגרמים,1.00,"ק""ג",true,,0.00,0.0000,true,1,138073
7290003091461,true,קיט כתף כשר,,,קיט כתף כשר,קילוגרמים,1.00,"ק""ג",true,,0.00,0.0000,true,1,138074
7290003091522,true,"צוואר/צלעות ע""ע כשר",,,"צוואר/צלעות ע""ע כשר",קילוגרמים,1.00,"ק""ג",true,,0.00,0.0000,true,1,138075
7290003091591,true,כבד עגל כשר,,,כבד עגל כשר,קילוגרמים,1.00,"ק""ג",true,,0.00,0.0000,true,1,138076
7290003091607,true,בשר ראש כשר,,,בשר ראש כשר,קילוגרמים,1.00,"ק""ג",true,,0.00,0.0000,true,1,138077
7290003091614,true,ריאות עגל כשר,,,ריאות עגל כשר,קילוגרמים,1.00,"ק""ג",true,,0.00,0.0000,true,1,138078
7290003091737,true,פילה עגל כשר,,,פילה עגל כשר,קילוגרמים,1.00,"ק""ג",true,,0.00,0.0000,true,1,138079
7290003091751,true,רבע קדמי עגל בלי ריפ,,,רבע קדמי עגל בלי ריפ,קילוגרמים,1.00,"ק""ג",true,,0.00,0.0000,true,1,138080
7290003091768,true,קדמי טלה כשר,,,קדמי טלה כשר,קילוגרמים,1.00,"ק""ג",true,,0.00,0.0000,true,1,138081
7290003091775,true,זנב עגל כשר,,,זנב עגל כשר,קילוגרמים,1.00,"ק""ג",true,,0.00,0.0000,true,1,138082
7290003091782,true,לב עגל כשר,,,לב עגל כשר,קילוגרמים,1.00,"ק""ג",true,,0.00,0.0000,true,1,138083
7290003091799,true,לשון עגל כשר,,,לשון עגל כשר,קילוגרמים,1.00,"ק""ג",true,,0.00,0.0000,true,1,138084
7290003091836,true,צוואר צלעות עגל מפור,,,צוואר צלעות עגל מפור,קילוגרמים,1.00,"ק""ג",true,,0.00,0.0000,true,1,138085
7290003091843,true,קיט חלקי פנים עגל כש,,,קיט חלקי פנים עגל כש,קילוגרמים,1.00,"ק""ג",true,,0.00,0.0000,true,1,138086
7290003091874,true,סינטה עגל כשר,,,סינטה עגל כשר,קילוגרמים,1.00,"ק""ג",true,,0.00,0.0000,true,1,138087
7290003091881,true,אסאדו עגל כשר ארוז ו,,,אסאדו עגל כשר ארוז ו,קילוגרמים,1.00,"ק""ג",true,,0.00,0.0000,true,1,138088
7290003091935,true,כתף טלה כשר,,,כתף טלה כשר,קילוגרמים,1.00,"ק""ג",true,,0.00,0.0000,true,1,138089
7290003091966,true,צלעות טלה כשר,,,צלעות טלה כשר,קילוגרמים,1.00,"ק""ג",true,,0.00,0.0000,true,1,138090
7290003102495,true,רביעיית סוללות AAA R,,,רביעיית סוללות AAA R,,0.00,,false,,5.00,0.0000,true,1,136615
7290003133680,true,לחם כוסברה קמח שיפון,,,לחם כוסברה קמח שיפון,,0.00,,false,,9.90,0.0000,true,1,141121
7290003143146,false,ממרח תמרים קלית גת 4,,,ממרח תמרים קלית גת 4,גרמים,450.00,100 גרם,false,,5.90,0.0131,true,1,139890
7290003208579,true,וודקה גריי גוס 1 ליט,,,וודקה גריי גוס 1 ליט,,0.00,,false,,0.00,0.0000,true,1,138592
7290003220731,false,רוטב צ'ילי מתוק 700,,,רוטב צ'ילי מתוק 700,מיליליטרים,700.00,"100 מ""ל",false,,12.90,0.0184,true,1,151252
7290003220977,false,מעדני מלך ביסקוויט י,,,מעדני מלך ביסקוויט י,גרמים,175.00,100 גרם,false,,6.90,0.0394,true,1,151705
7290003222780,true,פיתות אסלי 5 יחידות,,,פיתות אסלי 5 יחידות,,0.00,,false,,5.00,0.0000,true,1,133049
7290003380008,true,נקטר תפוזים 1 ליטר,,,נקטר תפוזים 1 ליטר,,0.00,,false,,5.00,0.0000,true,1,134455
7290003380831,true,מיץ עגבניות 1 ליטר,,,מיץ עגבניות 1 ליטר,,0.00,,false,,5.00,0.0000,true,1,134055
7290003387373,true,ספיד סטיק בסיסי קלאס,,,ספיד סטיק בסיסי קלאס,,0.00,,false,,18.90,0.0000,true,1,137081
7290003427154,false,שמן זית זייתא כתית מ,,,שמן זית זייתא כתית מ,מיליליטרים,750.00,"100 מ""ל",false,,33.90,0.0452,true,1,140689
7290003438006,false,ממרח פסטו איטלקי אול,,,ממרח פסטו איטלקי אול,גרמים,180.00,100 גרם,false,,13.90,0.0772,true,1,140440
7290003444009,false,ריזס שוקולד חלב במיל,,,ריזס שוקולד חלב במיל,גרמים,42.00,100 גרם,false,,4.90,0.1167,true,1,144243
7290003464166,true,קיט אחורי עגל כשר בל,,,קיט אחורי עגל כשר בל,קילוגרמים,1.00,"ק""ג",true,,0.00,0.0000,true,1,138091
7290003464197,true,רוטפליש כשר,,,רוטפליש כשר,קילוגרמים,1.00,"ק""ג",true,,0.00,0.0000,true,1,138092
7290003464272,true,אוסובוקו עגל כשר,,,אוסובוקו עגל כשר,קילוגרמים,1.00,"ק""ג",true,,0.00,0.0000,true,1,138093
7290003464302,true,חזה טלה כשר,,,חזה טלה כשר,קילוגרמים,1.00,"ק""ג",true,,0.00,0.0000,true,1,138094
7290003464326,true,נתחים לקצב כשר,,,נתחים לקצב כשר,קילוגרמים,1.00,"ק""ג",true,,0.00,0.0000,true,1,138095
7290003490110,true,נייר טואלט ליטוף180,,,נייר טואלט ליטוף180,,0.00,,false,,0.00,0.0000,true,1,133901
7290003525478,false,שימורי סלט טונה וילי,,,שימורי סלט טונה וילי,גרמים,160.00,100 גרם,false,,5.90,0.0369,true,1,146075
7290003569021,false,כרובית,,,כרובית,Unknown,1.00,יחידה,false,,9.90,9.9000,true,1,145857
7290003578061,false,לבבות דקל שלמים וילי,,,לבבות דקל שלמים וילי,גרמים,400.00,100 גרם,false,,13.90,0.0348,true,1,150649
7290003578177,false,תירס גמדי 410 גרם,,,תירס גמדי 410 גרם,גרמים,410.00,100 גרם,false,,7.50,0.0183,true,1,133101
7290003643004,false,אורז בסמטי קלאסי סוג,,,אורז בסמטי קלאסי סוג,גרמים,1000.00,100 גרם,false,,14.90,0.0149,true,1,140462
7290003643141,true,סודה לשתיה 50 גרם,,,סודה לשתיה 50 גרם,,0.00,,false,,5.00,0.0000,true,1,132470
7290003643387,false,סוכר לבן בצנצנת סוגת,,,סוכר לבן בצנצנת סוגת,גרמים,1000.00,100 גרם,false,,8.90,0.0089,true,1,132471
7290003643714,false,חומוס יבש סוגת 500 ג,,,חומוס יבש סוגת 500 ג,גרמים,500.00,100 גרם,false,,8.90,0.0178,true,1,132472
7290003643738,false,חיטה סוגת 500 גרם,,,חיטה סוגת 500 גרם,גרמים,500.00,100 גרם,false,,6.50,0.0130,true,1,132473
7290003643769,false,עדשים אדומות סוגת 50,,,עדשים אדומות סוגת 50,גרמים,500.00,100 גרם,false,,8.90,0.0178,true,1,132474
7290003643776,false,פופקורן סוגת 500 גרם,,,פופקורן סוגת 500 גרם,גרמים,500.00,100 גרם,false,,5.90,0.0118,true,1,132475
7290003718153,true,שוקיים עוף ארוז 600,,,שוקיים עוף ארוז 600,,0.00,,false,,20.00,0.0000,true,1,136300
7290003718160,true,ירכיים עוף ארוז 600,,,ירכיים עוף ארוז 600,,0.00,,false,,20.00,0.0000,true,1,136301
7290003726615,false,טופו ויילר 300 גרם,,,טופו ויילר 300 גרם,גרמים,300.00,100 גרם,false,,11.90,0.0397,true,1,147550
7290003805501,false,פתית שוודי חסכוני 30,,,פתית שוודי חסכוני 30,גרמים,300.00,100 גרם,false,,15.90,0.0530,true,1,139479
7290003805648,true,אקס ספרי גוף בלק 150,,,אקס ספרי גוף בלק 150,,0.00,,false,,13.90,0.0000,true,1,139483
7290003807482,false,קנור טריאקי מופחת נת,,,קנור טריאקי מופחת נת,גרמים,370.00,100 גרם,false,,11.90,0.0322,true,1,140314
7290003864485,false,סרדין ברוטב עגבניות,,,סרדין ברוטב עגבניות,גרמים,110.00,100 גרם,false,,6.30,0.0573,true,1,132503
7290003864492,false,סרדין בשמן צמחי חריף,,,סרדין בשמן צמחי חריף,גרמים,110.00,100 גרם,false,,6.30,0.0573,true,1,138438
7290003882922,false,עלי גפן ממולא 400 גר,,,עלי גפן ממולא 400 גר,גרמים,400.00,100 גרם,false,,9.90,0.0248,true,1,140561
7290003896860,true,מים בטעם ענבים סאן ב,,,מים בטעם ענבים סאן ב,,0.00,,false,,5.00,0.0000,true,1,132978
7290003976614,false,ג'ל אקונומיקה סמיכה,,,ג'ל אקונומיקה סמיכה,מיליליטרים,4000.00,"100 מ""ל",false,,13.90,0.0035,true,1,157162
7290004011789,true,קציצות אלגאוצ'ו 400,,,קציצות אלגאוצ'ו 400,,0.00,,false,,23.00,0.0000,true,1,141429
7290004030025,true,לימונדה גלון 5 ליטר,,,לימונדה גלון 5 ליטר,,0.00,,false,,0.00,0.0000,true,1,134672
7290004030704,true,גלון תפוזים 2 ליטר,,,גלון תפוזים 2 ליטר,,0.00,,false,,0.00,0.0000,true,1,134190
7290004063016,false,"מלח שולחן דק 1 ק""ג",,,"מלח שולחן דק 1 ק""ג",גרמים,1000.00,100 גרם,false,,2.07,0.0021,true,1,136155
7290004063016,false,"מלח שולחן דק 1 ק""ג",,,"מלח שולחן דק 1 ק""ג",גרמים,1000.00,100 גרם,false,,2.07,0.0021,true,1,143753
7290004063115,true,"מלח בישול 1 ק""ג",,,"מלח בישול 1 ק""ג",,0.00,,false,,1.50,0.0000,true,1,141557
7290004064358,false,מלח דק בקרטון מלח הא,,,מלח דק בקרטון מלח הא,גרמים,1000.00,100 גרם,false,,5.50,0.0055,true,1,145658
7290004078942,false,ליידי ספיד סטיק גל ב,,,ליידי ספיד סטיק גל ב,גרמים,63.00,100 גרם,false,,24.90,0.3952,true,1,141807
7290004119225,false,יופלה יוגורט אננס %3,,,יופלה יוגורט אננס %3,מיליליטרים,150.00,"100 מ""ל",false,,5.20,0.0347,true,1,145390
7290004120108,false,יופלה דיאט יוגורט דו,,,יופלה דיאט יוגורט דו,גרמים,150.00,100 גרם,false,,5.20,0.0347,true,1,150240
7290004120634,false,גבינה בולגרית 5% פיר,,,גבינה בולגרית 5% פיר,גרמים,250.00,100 גרם,false,,24.90,0.0996,true,1,140160
7290004121754,false,יופלה יוגורט עוגת גב,,,יופלה יוגורט עוגת גב,גרמים,150.00,100 גרם,false,,5.50,0.0367,true,1,154590
7290004122089,true,פתיתי עמק למאפים 200,,,פתיתי עמק למאפים 200,,0.00,,false,,15.00,0.0000,true,1,137498
7290004122119,false,פתיתי פרמזן מגורדת 2,,,פתיתי פרמזן מגורדת 2,גרמים,100.00,100 גרם,false,,13.90,0.1390,true,1,147573
7290004122119,false,פתיתי פרמזן מגורדת 2,,,פתיתי פרמזן מגורדת 2,גרמים,100.00,100 גרם,false,,13.90,0.1390,true,1,147574
7290004122195,false,גוש חלב פרוס 200 גרם,,,גוש חלב פרוס 200 גרם,גרמים,200.00,100 גרם,false,,14.60,0.0730,true,1,140840
7290004122270,false,גבינה עמק פרוס 28% ב,,,גבינה עמק פרוס 28% ב,גרמים,200.00,100 גרם,false,,16.40,0.0820,true,1,140841
7290004122683,false,עמק אצבעות גבינה 28%,,,עמק אצבעות גבינה 28%,גרמים,172.00,100 גרם,false,,17.10,0.0994,true,1,147575
7290004124168,false,יוגורט יופלה 3% 150,,,יוגורט יופלה 3% 150,גרמים,150.00,100 גרם,false,,2.90,0.0193,true,1,132729
7290004124175,false,יוגורט יופלה 1.5% 15,,,יוגורט יופלה 1.5% 15,גרמים,150.00,100 גרם,false,,2.90,0.0193,true,1,132730
7290004125370,false,שמנת חמוצה 9% תנובה,,,שמנת חמוצה 9% תנובה,גרמים,200.00,100 גרם,false,,3.70,0.0185,true,1,154255
7290004125400,false,שלי אשל 4.5% תנובה 2,,,שלי אשל 4.5% תנובה 2,מיליליטרים,200.00,"100 מ""ל",false,,1.69,0.0084,true,1,140166
7290004125417,false,שלי גיל 3% תנובה 200,,,שלי גיל 3% תנובה 200,מיליליטרים,200.00,"100 מ""ל",false,,1.51,0.0076,true,1,140167
7290004125455,false,שמנת אורגינל 15% תנו,,,שמנת אורגינל 15% תנו,מיליליטרים,200.00,"100 מ""ל",false,,2.40,0.0120,true,1,140162
7290004125509,false,שמנת חמוצה 15% תנובה,,,שמנת חמוצה 15% תנובה,מיליליטרים,100.00,"100 מ""ל",false,,1.70,0.0170,true,1,154256
7290004125578,false,משקה סויה מועשר בסיד,,,משקה סויה מועשר בסיד,מיליליטרים,1000.00,"100 מ""ל",false,,11.90,0.0119,true,1,145052
7290004125585,false,משקה סויה בטעם וניל,,,משקה סויה בטעם וניל,מיליליטרים,1000.00,"100 מ""ל",false,,11.90,0.0119,true,1,145053
7290004125721,false,שמנת לבישול 15% השף,,,שמנת לבישול 15% השף,מיליליטרים,250.00,"100 מ""ל",false,,8.30,0.0332,true,1,139756
7290004125738,false,שמנת מתוקה להקצפה 32,,,שמנת מתוקה להקצפה 32,מיליליטרים,250.00,"100 מ""ל",false,,6.90,0.0276,true,1,145384
7290004125776,false,עמק גבינה צהובה פרוס,,,עמק גבינה צהובה פרוס,גרמים,400.00,100 גרם,false,,29.90,0.0747,true,1,147223
7290004126674,false,טל העמק פרוס 9% 200,,,טל העמק פרוס 9% 200,גרמים,200.00,100 גרם,false,,18.80,0.0940,true,1,154257
7290004126872,false,שוקו תנובה בבקבוק 25,,,שוקו תנובה בבקבוק 25,מיליליטרים,250.00,"100 מ""ל",false,,5.80,0.0232,true,1,134933
7290004126872,false,שוקו תנובה בבקבוק 25,,,שוקו תנובה בבקבוק 25,מיליליטרים,250.00,"100 מ""ל",false,,5.80,0.0232,true,1,140844
7290004127329,false,גבינת קוטג' 5% תנובה,,,גבינת קוטג' 5% תנובה,גרמים,250.00,100 גרם,false,,5.70,0.0228,true,1,133064
7290004127336,false,גבינת קוטג' 9% תנובה,,,גבינת קוטג' 9% תנובה,גרמים,250.00,100 גרם,false,,5.70,0.0228,true,1,136981
7290004127800,false,גבינה לבנה תנובה 5%,,,גבינה לבנה תנובה 5%,גרמים,500.00,100 גרם,false,,9.95,0.0199,true,1,140161
7290004129101,false,גבינת שמנת 25% בטעם,,,גבינת שמנת 25% בטעם,גרמים,225.00,100 גרם,false,,13.90,0.0618,true,1,139144
7290004129118,false,נפוליאון זיתים 225 ג,,,נפוליאון זיתים 225 ג,גרמים,225.00,100 גרם,false,,13.90,0.0618,true,1,138116
7290004129156,false,נפוליאון שום שמיר 22,,,נפוליאון שום שמיר 22,גרמים,225.00,100 גרם,false,,13.90,0.0618,true,1,138931
7290004130794,false,משקה סויה טבעי במתיק,,,משקה סויה טבעי במתיק,מיליליטרים,1000.00,"100 מ""ל",false,,11.50,0.0115,true,1,137499
7290004131074,false,חלב קרטון 3% תנובה 1,,,חלב קרטון 3% תנובה 1,מיליליטרים,1000.00,"100 מ""ל",false,,6.23,0.0062,true,1,133295
7290004131432,false,יופלה לבן 3% גביע 20,,,יופלה לבן 3% גביע 20,גרמים,200.00,100 גרם,false,,4.00,0.0200,true,1,153649
7290004132552,false,משקה סויה לייט בטעם,,,משקה סויה לייט בטעם,מיליליטרים,1000.00,"100 מ""ל",false,,11.90,0.0119,true,1,145054
7290004135614,false,גבינה בולגרית מעודנת,,,גבינה בולגרית מעודנת,גרמים,250.00,100 גרם,false,,22.60,0.0904,true,1,150243
7290004136154,false,משקה אייס קפה תנובה,,,משקה אייס קפה תנובה,מיליליטרים,340.00,"100 מ""ל",false,,7.50,0.0221,true,1,140849
7290004136437,true,חלב סויה 1 ליטר,,,חלב סויה 1 ליטר,,0.00,,false,,5.00,0.0000,true,1,133226
7290004136857,false,ג'לי בטעם פטל 125,,,ג'לי בטעם פטל 125,גרמים,125.00,100 גרם,false,,2.90,0.0232,true,1,134358
7290004136871,false,ג'לי אפרסק עם חתיכות,,,ג'לי אפרסק עם חתיכות,גרמים,125.00,100 גרם,false,,2.90,0.0232,true,1,132716
7290004137809,false,פיראוס לאבנה 5% גביע,,,פיראוס לאבנה 5% גביע,גרמים,250.00,100 גרם,false,,14.00,0.0560,true,1,140851
7290004199203,true,קיסמי שיניים מבמבוק,,,קיסמי שיניים מבמבוק,,0.00,,false,,5.00,0.0000,true,1,138961
7290004225940,false,פילה סלמון קפוא,,,פילה סלמון קפוא,קילוגרמים,1.00,"ק""ג",true,,74.90,74.9000,true,1,153500
7290004225957,false,פילה סלמון קפוא,,,פילה סלמון קפוא,קילוגרמים,1.00,"ק""ג",true,,74.90,74.9000,true,1,153501
7290004236755,true,דובשניות 500 גרם,,,דובשניות 500 גרם,,0.00,,false,,9.90,0.0000,true,1,140214
7290004554293,false,אסקימו ענבים,,,אסקימו ענבים,Unknown,1.00,יחידה,false,,2.90,2.9000,true,1,156611
7290004584351,false,גבינה במרקם שמנת סימ,,,גבינה במרקם שמנת סימ,גרמים,200.00,100 גרם,false,,12.40,0.0620,true,1,140729
7290004584528,false,דנונה ביו 1.7% 200 ג,,,דנונה ביו 1.7% 200 ג,גרמים,200.00,100 גרם,false,,3.70,0.0185,true,1,142747
7290004658953,false,יין סוביניון בלאן 75,,,יין סוביניון בלאן 75,מיליליטרים,750.00,"100 מ""ל",false,,39.90,0.0532,true,1,150867
7290004737719,false,אספרגוס שלם מקולף בצ,,,אספרגוס שלם מקולף בצ,גרמים,330.00,100 גרם,false,,10.90,0.0330,true,1,150651
7290004866013,true,מאפה קקאו,,,מאפה קקאו,,0.00,,false,,5.00,0.0000,true,1,134446
7290004882014,true,גומיגם כשלפ,,,גומיגם כשלפ,,0.00,,false,,5.00,0.0000,true,1,134601
7290004923099,false,מים מינרלים עין גדי,,,מים מינרלים עין גדי,קילוגרמים,12.00,ליטר,false,,11.90,0.9917,true,1,143632
7290005009211,true,תפוח אדמה מוקרם 250,,,תפוח אדמה מוקרם 250,,0.00,,false,,15.00,0.0000,true,1,145135
7290005010866,true,ניוקי עם פטריות מוקר,,,ניוקי עם פטריות מוקר,,0.00,,false,,18.00,0.0000,true,1,145136
7290005020353,true,רום בקרדי לבן ליטר,,,רום בקרדי לבן ליטר,,0.00,,false,,0.00,0.0000,true,1,138593
7290005175428,false,קמח תירס אינסטנט 500,,,קמח תירס אינסטנט 500,גרמים,500.00,100 גרם,false,,5.90,0.0118,true,1,133105
7290005197758,false,חיוכים שוקו 150 גרם,,,חיוכים שוקו 150 גרם,גרמים,150.00,100 גרם,false,,5.00,0.0333,true,1,138316
7290005199738,false,"מאסט מנטה מרעננת לל""",,,"מאסט מנטה מרעננת לל""",גרמים,28.00,100 גרם,false,,4.60,0.1643,true,1,143139
7290005200786,false,תפוציפס שמנת ובצל 50,,,תפוציפס שמנת ובצל 50,גרמים,50.00,100 גרם,false,,4.30,0.0860,true,1,139003
7290005287053,true,GO גרנולה לוז,,,GO גרנולה לוז,,0.00,,false,,5.50,0.0000,true,1,135119
7290005287206,false,טונה סטארקיסט בשמן 4,,,טונה סטארקיסט בשמן 4,גרמים,640.00,100 גרם,false,,25.90,0.0405,true,1,139799
7290005287251,false,נתחי טונה סטארקיסט ב,,,נתחי טונה סטארקיסט ב,גרמים,640.00,100 גרם,false,,25.90,0.0405,true,1,139800
7290005424991,false,מילוי פרש אוטומטיק ב,,,מילוי פרש אוטומטיק ב,מיליליטרים,350.00,"100 מ""ל",false,,13.90,0.0397,true,1,146568
7290005427541,true,תחליב רחצה בניחוח חל,,,תחליב רחצה בניחוח חל,,0.00,,false,,10.90,0.0000,true,1,140619
7290005427558,true,תחליב רחצה בניחוח דב,,,תחליב רחצה בניחוח דב,,0.00,,false,,10.90,0.0000,true,1,140620
7290005437700,true,נתחי טונה בשמן טעמן,,,נתחי טונה בשמן טעמן,,0.00,,false,,5.00,0.0000,true,1,134566
7290005437717,true,נתחי טונה במים 150 ט,,,נתחי טונה במים 150 ט,,0.00,,false,,5.00,0.0000,true,1,134567
7290005437816,true,אננס חתוך 567 גרם,,,אננס חתוך 567 גרם,,0.00,,false,,5.00,0.0000,true,1,132618
7290005559907,false,פיצה משפחתית 100% גב,,,פיצה משפחתית 100% גב,גרמים,500.00,100 גרם,false,,24.90,0.0498,true,1,140949
7290005589494,true,חיטה מלאה תפוחה 200,,,חיטה מלאה תפוחה 200,,0.00,,false,,0.00,0.0000,true,1,132571
7290005591761,false,דבש טהור לחיץ 400 גר,,,דבש טהור לחיץ 400 גר,גרמים,400.00,100 גרם,false,,24.90,0.0622,true,1,140494
7290005651427,false,בונזו מולטיפק 3*410,,,בונזו מולטיפק 3*410,גרמים,1230.00,100 גרם,false,,21.90,0.0178,true,1,141666
7290005839108,false,גבינה במרקם שמנת 5%,,,גבינה במרקם שמנת 5%,גרמים,200.00,100 גרם,false,,12.40,0.0620,true,1,140730
7290005854040,false,אסקימו משמש,,,אסקימו משמש,Unknown,1.00,יחידה,false,,2.90,2.9000,true,1,151928
7290005854606,false,אסקימו אננס,,,אסקימו אננס,Unknown,1.00,יחידה,false,,2.90,2.9000,true,1,151929
7290005896637,false,מים מינרליים טבעיים,,,מים מינרליים טבעיים,מיליליטרים,9000.00,"100 מ""ל",false,,4.80,0.0005,true,1,157256
7290005951039,false,כרובית,,,כרובית,Unknown,1.00,יחידה,false,,9.90,9.9000,true,1,151141
7290006241191,false,אגוזי מלך טבעיים קלי,,,אגוזי מלך טבעיים קלי,גרמים,150.00,100 גרם,false,,18.90,0.1260,true,1,144637
7290006251275,false,תה ירוק סיני,,,תה ירוק סיני,Unknown,25.00,יחידה,false,,26.90,1.0760,true,1,145875
7290006322166,false,לחמניות רגילות 6*75,,,לחמניות רגילות 6*75,Unknown,6.00,יחידה,false,,9.90,1.6500,true,1,151606
7290006322531,true,לחם קוביות קמח שיפון,,,לחם קוביות קמח שיפון,,0.00,,false,,12.90,0.0000,true,1,141116
7290006342072,false,גרעין לבן 200 גרם,,,גרעין לבן 200 גרם,גרמים,200.00,100 גרם,false,,8.90,0.0445,true,1,152216
7290006342089,false,גרעין שחור 200 גרם,,,גרעין שחור 200 גרם,גרמים,200.00,100 גרם,false,,5.90,0.0295,true,1,155938
7290006342515,false,מנצס 200 שקית,,,מנצס 200 שקית,גרמים,200.00,100 גרם,false,,7.90,0.0395,true,1,155939
7290006342553,false,קבוקים 200 גר' שקית,,,קבוקים 200 גר' שקית,גרמים,200.00,100 גרם,false,,6.90,0.0345,true,1,152218
7290006342560,false,בוטן אמריקאי 200 גרם,,,בוטן אמריקאי 200 גרם,גרמים,200.00,100 גרם,false,,6.90,0.0345,true,1,152219
7290006374738,false,קונפיטורת תות 340 גר,,,קונפיטורת תות 340 גר,גרמים,340.00,100 גרם,false,,13.90,0.0409,true,1,141852
7290006378996,true,ניילון נצמד גולד 30,,,ניילון נצמד גולד 30,,0.00,,false,,5.00,0.0000,true,1,133032
7290006511157,false,פטריות שלמות 400 גרם,,,פטריות שלמות 400 גרם,גרמים,400.00,100 גרם,false,,8.90,0.0223,true,1,150347
7290006511751,false,שלישית פטריות חתוך ו,,,שלישית פטריות חתוך ו,Unknown,3.00,יחידה,false,,12.90,4.3000,true,1,151799
7290006681065,false,טעמקור XL,,,טעמקור XL,Unknown,1.00,יחידה,false,,7.90,7.9000,true,1,145562
7290006681553,false,קרמבו שטראוס וניל 8*,,,קרמבו שטראוס וניל 8*,Unknown,8.00,יחידה,false,,17.90,2.2375,true,1,140704
7290006704269,true,חסה עגולה,,,חסה עגולה,,0.00,,false,,5.00,0.0000,true,1,135457
7290006739414,false,סלמי קוניאק 300 גרם,,,סלמי קוניאק 300 גרם,גרמים,300.00,100 גרם,false,,29.90,0.0997,true,1,142312
7290006739421,false,נקניק סלמי מעושן איט,,,נקניק סלמי מעושן איט,גרמים,300.00,100 גרם,false,,29.90,0.0997,true,1,142313
7290006739445,false,שניצל תירס קלאסי 750,,,שניצל תירס קלאסי 750,גרמים,750.00,100 גרם,false,,23.90,0.0319,true,1,140634
7290006739544,false,כתף בקר 300 גרם,,,כתף בקר 300 גרם,גרמים,300.00,100 גרם,false,,29.90,0.0997,true,1,140635
7290006742278,false,פסטרמה צלויה על לבני,,,פסטרמה צלויה על לבני,גרמים,330.00,100 גרם,false,,29.90,0.0906,true,1,140640
7290006742315,false,פסטרמה חזה הודו ברבי,,,פסטרמה חזה הודו ברבי,גרמים,330.00,100 גרם,false,,29.90,0.0906,true,1,140643
7290006764072,true,גולדסטאר בקבוק 0.5 ל,,,גולדסטאר בקבוק 0.5 ל,,0.00,,false,,0.00,0.0000,true,1,134370
7290006765000,false,טורטיה מקמח מלא 540,,,טורטיה מקמח מלא 540,גרמים,540.00,100 גרם,false,,9.90,0.0183,true,1,152221
7290006788467,false,דאודורנט ספריי נושם,,,דאודורנט ספריי נושם,מיליליטרים,200.00,"100 מ""ל",false,,13.90,0.0695,true,1,146571
7290006788481,false,דאודורנט ספריי נושם,,,דאודורנט ספריי נושם,מיליליטרים,200.00,"100 מ""ל",false,,13.90,0.0695,true,1,140604
7290006983527,false,הבית עוגת תפוחי עץ ע,,,הבית עוגת תפוחי עץ ע,גרמים,400.00,100 גרם,false,,15.90,0.0398,true,1,144084
7290006983763,false,עוגת הבית תפוחים פיר,,,עוגת הבית תפוחים פיר,גרמים,400.00,100 גרם,false,,12.90,0.0323,true,1,143736
7290006983770,false,עוגת הבית בטעם שוקול,,,עוגת הבית בטעם שוקול,גרמים,400.00,100 גרם,false,,12.90,0.0323,true,1,139694
7290006983794,false,עוגת הבית שוקולד צ'י,,,עוגת הבית שוקולד צ'י,גרמים,400.00,100 גרם,false,,12.90,0.0323,true,1,139712
7290008158473,true,מפעל-גליל נייר תעשיי,,,מפעל-גליל נייר תעשיי,,0.00,,false,,2999.90,0.0000,true,1,137523
7290008190657,true,אגו אצבעות וטעם קפוצ,,,אגו אצבעות וטעם קפוצ,,0.00,,false,,5.00,0.0000,true,1,135257
7290008213493,true,קולגייט טוטל הלבנה 1,,,קולגייט טוטל הלבנה 1,,0.00,,false,,13.90,0.0000,true,1,141810
7290008328159,true,חצאי אגסים במיץ אגסי,,,חצאי אגסים במיץ אגסי,,0.00,,false,,5.00,0.0000,true,1,134148
7290008464024,false,גולדסטאר לא מסונן פח,,,גולדסטאר לא מסונן פח,מיליליטרים,500.00,"100 מ""ל",false,,8.90,0.0178,true,1,140901
7290008464109,true,גולסטאר מסונן בקבוק,,,גולסטאר מסונן בקבוק,,0.00,,false,,5.90,0.0000,true,1,142588
7290008464116,true,חבית בירה גולדסטאר א,,,חבית בירה גולדסטאר א,,0.00,,false,,0.00,0.0000,true,1,138582
7290008464130,false,בירה גולדסטאר לא מסו,,,בירה גולדסטאר לא מסו,מיליליטרים,1980.00,"100 מ""ל",false,,35.90,0.0181,true,1,141596
7290008464345,false,"גולדסטאר 330 מ""ל",,,"גולדסטאר 330 מ""ל",מיליליטרים,330.00,"100 מ""ל",false,,7.20,0.0218,true,1,138553
7290008464505,false,מים סאן בנדטו 500 מל,,,מים סאן בנדטו 500 מל,מיליליטרים,500.00,"100 מ""ל",false,,5.00,0.0100,true,1,134602
7290008464604,false,"בירה הייניקן 500 מ""ל",,,"בירה הייניקן 500 מ""ל",מיליליטרים,500.00,"100 מ""ל",false,,11.90,0.0238,true,1,140900
7290008464604,false,"בירה הייניקן 500 מ""ל",,,"בירה הייניקן 500 מ""ל",מיליליטרים,500.00,"100 מ""ל",false,,11.90,0.0238,true,1,140903
7290008464741,false,בירה גולד סטאר שישיי,,,בירה גולד סטאר שישיי,מיליליטרים,1980.00,"100 מ""ל",false,,38.40,0.0194,true,1,139184
7290008464796,false,מארז שישייה הייניקן,,,מארז שישייה הייניקן,מיליליטרים,1980.00,"100 מ""ל",false,,38.40,0.0194,true,1,141021
7290008464802,true,"היינקן פחית 330 מ""ל",,,"היינקן פחית 330 מ""ל",,0.00,,false,,35.90,0.0000,true,1,140909
7290008645935,false,חומוס אחלה 750 גרם,,,חומוס אחלה 750 גרם,גרמים,750.00,100 גרם,false,,10.90,0.0145,true,1,142012
7290008690713,false,נקטר חמוציות 1 ליטר,,,נקטר חמוציות 1 ליטר,קילוגרמים,1.00,ליטר,false,,14.20,14.2000,true,1,139451
7290008713900,false,לחם שיפון עגול פרוס,,,לחם שיפון עגול פרוס,גרמים,750.00,100 גרם,false,,13.90,0.0185,true,1,145333
7290008745239,false,תפוציפס קראנצ' טבעי,,,תפוציפס קראנצ' טבעי,גרמים,50.00,100 גרם,false,,4.30,0.0860,true,1,139004
7290008750264,false,מאסט דובדבן מגדים 28,,,מאסט דובדבן מגדים 28,גרמים,28.00,100 גרם,false,,4.60,0.1643,true,1,136202
7290008752244,false,תפוציפס קראנצ' גריל,,,תפוציפס קראנצ' גריל,גרמים,50.00,100 גרם,false,,4.30,0.0860,true,1,139005
7290008753111,false,תפוציפס קראנצ מקסיקנ,,,תפוציפס קראנצ מקסיקנ,גרמים,50.00,100 גרם,false,,4.30,0.0860,true,1,139008
7290008753364,false,דוריטוס גריל 55 גרם,,,דוריטוס גריל 55 גרם,גרמים,55.00,100 גרם,false,,3.60,0.0655,true,1,132873
7290008753371,false,דוריטוס נאצ'ו 55 גרם,,,דוריטוס נאצ'ו 55 גרם,גרמים,55.00,100 גרם,false,,3.60,0.0655,true,1,135051
7290008753388,false,דוריטוס טבעי 55 גר,,,דוריטוס טבעי 55 גר,גרמים,55.00,100 גרם,false,,3.60,0.0655,true,1,142270
7290008754415,false,מאסט ספירמינט מגדים,,,מאסט ספירמינט מגדים,גרמים,28.00,100 גרם,false,,4.60,0.1643,true,1,134425
7290008775816,false,ערגליות שוקולד שקית,,,ערגליות שוקולד שקית,גרמים,300.00,100 גרם,false,,10.90,0.0363,true,1,138290
7290008801850,false,יין לבן חצי יבש אמרל,,,יין לבן חצי יבש אמרל,מיליליטרים,750.00,"100 מ""ל",false,,29.90,0.0399,true,1,141689
7290008802512,false,יין אדום יבש וינו 75,,,יין אדום יבש וינו 75,מיליליטרים,750.00,"100 מ""ל",false,,21.90,0.0292,true,1,145520
7290008846219,false,"שמן זית גרם 750 מ""ל",,,"שמן זית גרם 750 מ""ל",מיליליטרים,750.00,"100 מ""ל",false,,39.90,0.0532,true,1,141359
7290008909860,false,קוקה קולה זירו בקבוק,,,קוקה קולה זירו בקבוק,מיליליטרים,1500.00,"100 מ""ל",false,,9.00,0.0060,true,1,139454
7290008909877,false,קולה זירו קוקה קולה,,,קולה זירו קוקה קולה,קילוגרמים,9.00,ליטר,false,,49.90,5.5444,true,1,143654
7290010002023,false,כורכום טחון במיכל תב,,,כורכום טחון במיכל תב,גרמים,100.00,100 גרם,false,,11.90,0.1190,true,1,140351
7290010002108,false,פלפל שחור גרוס גס במ,,,פלפל שחור גרוס גס במ,גרמים,90.00,100 גרם,false,,15.50,0.1722,true,1,142847
7290010002122,false,פפריקה הונגרית מתוקה,,,פפריקה הונגרית מתוקה,גרמים,100.00,100 גרם,false,,11.90,0.1190,true,1,140356
7290010002382,false,אורגנו במיכל תבליני,,,אורגנו במיכל תבליני,גרמים,40.00,100 גרם,false,,9.90,0.2475,true,1,140362
7290010002399,false,בזיליקום יבש במיכל ת,,,בזיליקום יבש במיכל ת,גרמים,40.00,100 גרם,false,,9.90,0.2475,true,1,142856
7290010003693,false,פפריקה מתוקה בשקית ת,,,פפריקה מתוקה בשקית ת,גרמים,80.00,100 גרם,false,,6.30,0.0787,true,1,142864
7290010003709,false,פלפל שחור טחון בשקית,,,פלפל שחור טחון בשקית,גרמים,50.00,100 גרם,false,,7.90,0.1580,true,1,142865
7290010003754,false,כמון טחון בשקית מימו,,,כמון טחון בשקית מימו,גרמים,50.00,100 גרם,false,,6.30,0.1260,true,1,142866
7290010116980,false,שוקולית 850 גרם,,,שוקולית 850 גרם,גרמים,850.00,100 גרם,false,,17.90,0.0211,true,1,141856
7290010117857,false,דוריטוס חריף אש 55 ג,,,דוריטוס חריף אש 55 ג,גרמים,55.00,100 גרם,false,,3.60,0.0655,true,1,136163
7290010119950,false,דוריטוס חמוץ חריף 55,,,דוריטוס חמוץ חריף 55,גרמים,55.00,100 גרם,false,,3.60,0.0655,true,1,132874
7290010129805,true,עוגיות פונץ' במילוי,,,עוגיות פונץ' במילוי,,0.00,,false,,19.90,0.0000,true,1,146813
7290010154012,false,לימון כבוש 250 גרם,,,לימון כבוש 250 גרם,גרמים,250.00,100 גרם,false,,14.90,0.0596,true,1,141462
7290010237531,false,"פפסי קולה 500 מ""ל",,,"פפסי קולה 500 מ""ל",מיליליטרים,500.00,"100 מ""ל",false,,5.20,0.0104,true,1,132897
7290010237548,false,"פפסי מקס 500 מ""ל",,,"פפסי מקס 500 מ""ל",מיליליטרים,500.00,"100 מ""ל",false,,5.20,0.0104,true,1,132898
7290010237579,false,"סבן אפ 500 מ""ל",,,"סבן אפ 500 מ""ל",מיליליטרים,500.00,"100 מ""ל",false,,5.20,0.0104,true,1,132900
7290010259366,false,אטריות מסולסלות נודל,,,אטריות מסולסלות נודל,גרמים,200.00,100 גרם,false,,4.90,0.0245,true,1,151820
7290010259977,false,שמן קנולה 1 ליטר,,,שמן קנולה 1 ליטר,מיליליטרים,1000.00,"100 מ""ל",false,,10.90,0.0109,true,1,138447
7290010259991,false,צנימים ויליפוד 250 ג,,,צנימים ויליפוד 250 ג,גרמים,250.00,100 גרם,false,,8.90,0.0356,true,1,151801
7290010293551,true,"כוסות ח""פ לשתייה חמה",,,"כוסות ח""פ לשתייה חמה",,0.00,,false,,5.00,0.0000,true,1,132691
7290010293940,true,דיסי - מכסה למרק לקו,,,דיסי - מכסה למרק לקו,,0.00,,false,,2999.90,0.0000,true,1,139989
7290010293988,true,קופיקס - די סי -כוס,,,קופיקס - די סי -כוס,,0.00,,false,,0.00,0.0000,true,1,139991
7290010300815,true,סבון אסלה כחול,,,סבון אסלה כחול,,0.00,,false,,5.00,0.0000,true,1,133309
7290010321222,true,יולו white קרם פטסיי,,,יולו white קרם פטסיי,,0.00,,false,,5.00,0.0000,true,1,138596
7290010321239,true,יולו white קרמל מלוח,,,יולו white קרמל מלוח,,0.00,,false,,5.00,0.0000,true,1,138597
7290010328246,false,טחינה גולמית משומשום,,,טחינה גולמית משומשום,גרמים,500.00,100 גרם,false,,12.90,0.0258,true,1,138705
7290010328253,false,טחינה גולמית אחוה 50,,,טחינה גולמית אחוה 50,גרמים,500.00,100 גרם,false,,12.90,0.0258,true,1,136215
7290010328468,false,מיני חלווה חטיפי חלו,,,מיני חלווה חטיפי חלו,Unknown,18.00,יחידה,false,,11.90,0.6611,true,1,144936
7290010328796,true,עוגה בטעם שוקולד אחד,,,עוגה בטעם שוקולד אחד,,0.00,,false,,5.00,0.0000,true,1,135890
7290010352463,true,מפעל-ממרח אבוקדו,,,מפעל-ממרח אבוקדו,,0.00,,false,,2999.90,0.0000,true,1,134948
7290010429554,false,שמן זית כתית מעולה ק,,,שמן זית כתית מעולה ק,מיליליטרים,750.00,"100 מ""ל",false,,35.90,0.0479,true,1,139969
7290010546565,false,גרנולה שוקולד 400 גר,,,גרנולה שוקולד 400 גר,גרמים,400.00,100 גרם,false,,19.90,0.0497,true,1,157217
7290010627004,false,טחינה ירושלים 500 גר,,,טחינה ירושלים 500 גר,גרמים,500.00,100 גרם,false,,16.90,0.0338,true,1,140693
7290010711673,true,100 שקיות אוכל מנייר,,,100 שקיות אוכל מנייר,,0.00,,false,,10.00,0.0000,true,1,137195
7290010814695,false,שוקולד מריר פרווה לל,,,שוקולד מריר פרווה לל,גרמים,85.00,100 גרם,false,,6.90,0.0812,true,1,134091
7290010829460,true,מגבונים להסרת איפור,,,מגבונים להסרת איפור,,0.00,,false,,5.00,0.0000,true,1,133943
7290010903344,false,אצבעות שניצל רמי לוי,,,אצבעות שניצל רמי לוי,גרמים,1000.00,100 גרם,false,,34.90,0.0349,true,1,151093
7290010931330,false,מטבוחה 500,,,מטבוחה 500,גרמים,575.00,100 גרם,false,,13.80,0.0240,true,1,142013
7290010961016,true,דוגן מזלג פלסטיק100,,,דוגן מזלג פלסטיק100,,0.00,,false,,2999.90,0.0000,true,1,134825
7290010967155,true,באגסי בצל 40 גרם,,,באגסי בצל 40 גרם,,0.00,,false,,5.00,0.0000,true,1,132423
7290011017866,false,סליק קוקה קולה 330 מ,,,סליק קוקה קולה 330 מ,מיליליטרים,330.00,"100 מ""ל",false,,6.50,0.0197,true,1,133740
7290011017873,false,סליק קולה ZERO 330 מ,,,סליק קולה ZERO 330 מ,מיליליטרים,330.00,"100 מ""ל",false,,6.50,0.0197,true,1,133741
7290011018443,false,סליק פאנטה אורנג' 33,,,סליק פאנטה אורנג' 33,מיליליטרים,330.00,"100 מ""ל",false,,6.50,0.0197,true,1,133743
7290011018832,false,שישית פחיות קוקה קול,,,שישית פחיות קוקה קול,מיליליטרים,1980.00,"100 מ""ל",false,,26.70,0.0135,true,1,136039
7290011018856,true,ארגז ריק קרלסברג,,,ארגז ריק קרלסברג,,0.00,,false,,0.00,0.0000,true,1,138314
7290011043049,false,כוסות נייר שתיה חמה,,,כוסות נייר שתיה חמה,Unknown,50.00,יחידה,false,,11.90,0.2380,true,1,149665
7290011051433,false,שוופס מוגז עדין 0.5,,,שוופס מוגז עדין 0.5,מיליליטרים,500.00,"100 מ""ל",false,,5.50,0.0110,true,1,157860
7290011051440,false,שוופס מוגז עדין 0.5,,,שוופס מוגז עדין 0.5,מיליליטרים,500.00,"100 מ""ל",false,,5.50,0.0110,true,1,157861
7290011065089,true,רמי לוי- תמצית בטעם,,,רמי לוי- תמצית בטעם,,0.00,,false,,3.80,0.0000,true,1,139186
7290011065126,true,רמי לוי- תמצית בטעם,,,רמי לוי- תמצית בטעם,,0.00,,false,,3.80,0.0000,true,1,139187
7290011065133,true,רמי לוי- תמצית בטעם,,,רמי לוי- תמצית בטעם,,0.00,,false,,5.90,0.0000,true,1,139188
7290011065140,true,רמי לוי- צבע מאכל יר,,,רמי לוי- צבע מאכל יר,,0.00,,false,,3.50,0.0000,true,1,139189
7290011065157,true,רמי לוי- צבע מאכל כח,,,רמי לוי- צבע מאכל כח,,0.00,,false,,3.50,0.0000,true,1,139190
7290011065164,true,רמי לוי- צבע מאכל צה,,,רמי לוי- צבע מאכל צה,,0.00,,false,,3.50,0.0000,true,1,139191
7290011065171,true,רמי לוי- צבע מאכל אד,,,רמי לוי- צבע מאכל אד,,0.00,,false,,3.50,0.0000,true,1,139192
7290011065539,true,רמי לוי- שמרים יבשים,,,רמי לוי- שמרים יבשים,,0.00,,false,,11.70,0.0000,true,1,139196
7290011081393,true,ארטיק ננסים בטעמי תו,,,ארטיק ננסים בטעמי תו,,0.00,,false,,9.00,0.0000,true,1,146364
7290011126452,false,חליטת קמומיל ונענע ה,,,חליטת קמומיל ונענע ה,Unknown,25.00,יחידה,false,,17.90,0.7160,true,1,143306
7290011132507,false,"סן בנדטו מוגז 500 מ""",,,"סן בנדטו מוגז 500 מ""",מיליליטרים,500.00,"100 מ""ל",false,,3.90,0.0078,true,1,136518
7290011133849,true,חבית בירה גולדסטאר2,,,חבית בירה גולדסטאר2,,0.00,,false,,0.00,0.0000,true,1,138286
7290011148591,false,כרובית,,,כרובית,Unknown,1.00,יחידה,false,,9.90,9.9000,true,1,153476
7290011194246,false,גבינת קוטג 5% שטראוס,,,גבינת קוטג 5% שטראוס,גרמים,250.00,100 גרם,false,,5.90,0.0236,true,1,134149
7290011254063,true,מפעל-עדשים שחורות50,,,מפעל-עדשים שחורות50,,0.00,,false,,2999.00,0.0000,true,1,136820
7290011276461,true,בצל ירוק,,,בצל ירוק,,0.00,,false,,5.00,0.0000,true,1,140001
7290011407506,false,מגבונים לניקוי כללי,,,מגבונים לניקוי כללי,Unknown,400.00,יחידה,false,,19.90,0.0497,true,1,139114
7290011432775,false,שקית גופיה סופרקופיק,,,שקית גופיה סופרקופיק,Unknown,1.00,יחידה,false,,0.10,0.1000,true,1,147954
7290011489755,true,בייגלה טבעות עם מלח,,,בייגלה טבעות עם מלח,,0.00,,false,,5.00,0.0000,true,1,134589
7290011489762,true,בייגלה טבעות עם שומש,,,בייגלה טבעות עם שומש,,0.00,,false,,5.00,0.0000,true,1,134590
7290011524784,true,עוגיות עינוני ריבה-פ,,,עוגיות עינוני ריבה-פ,,0.00,,false,,21.90,0.0000,true,1,136907
7290011524791,true,עוגיות עינוני נוגט-פ,,,עוגיות עינוני נוגט-פ,,0.00,,false,,21.90,0.0000,true,1,136908
7290011524845,true,עוגיות שקדים ללא תוס,,,עוגיות שקדים ללא תוס,,0.00,,false,,21.90,0.0000,true,1,136910
7290011530105,true,כנפיים ארוזות 350 גר,,,כנפיים ארוזות 350 גר,,0.00,,false,,5.00,0.0000,true,1,132764
7290011553456,true,קרוטונים למרק 400 גר,,,קרוטונים למרק 400 גר,,0.00,,false,,7.00,0.0000,true,1,141233
7290011570804,true,לחמניות המבורגר ללא,,,לחמניות המבורגר ללא,,0.00,,false,,5.00,0.0000,true,1,136110
7290011668099,true,גל ניקוי,,,גל ניקוי,,0.00,,false,,0.00,0.0000,true,1,133715
7290011668570,false,גרנולה פירות יבשים 4,,,גרנולה פירות יבשים 4,גרמים,450.00,100 גרם,false,,24.90,0.0553,true,1,143241
7290011668587,false,גרנולה טעם עשיר 500,,,גרנולה טעם עשיר 500,גרמים,500.00,100 גרם,false,,24.90,0.0498,true,1,143242
7290011870225,true,סוללות AAA פוג'יקום,,,סוללות AAA פוג'יקום,,0.00,,false,,6.00,0.0000,true,1,140708
7290012004889,true,מפעל-עדשים שחורות מה,,,מפעל-עדשים שחורות מה,,0.00,,false,,2999.00,0.0000,true,1,136844
7290012028472,true,מארז טבק נקסט פיין,,,מארז טבק נקסט פיין,,0.00,,false,,0.00,0.0000,true,1,138112
7290012028663,true,מארז טבק אל.אמ בלו,,,מארז טבק אל.אמ בלו,,0.00,,false,,0.00,0.0000,true,1,138706
7290012028755,true,פאקט-נקסט ריסס ארוך,,,פאקט-נקסט ריסס ארוך,,0.00,,false,,0.00,0.0000,true,1,138113
7290012030574,true,אל אמ מנטה,,,אל אמ מנטה,,0.00,,false,,0.00,0.0000,true,1,138626
7290012226120,false,קבנוס זוגלובק 135 גר,,,קבנוס זוגלובק 135 גר,גרמים,135.00,100 גרם,false,,11.90,0.0881,true,1,140646
7290012226939,false,קבנוס עם צ'ילי חריף,,,קבנוס עם צ'ילי חריף,גרמים,135.00,100 גרם,false,,11.90,0.0881,true,1,145470
7290012227172,false,זוג פסטרמות במארז חר,,,זוג פסטרמות במארז חר,גרמים,600.00,100 גרם,false,,26.90,0.0448,true,1,140651
7290012227974,false,פסטרמה בדבש 120 גרם,,,פסטרמה בדבש 120 גרם,גרמים,120.00,100 גרם,false,,14.90,0.1242,true,1,140656
7290012227981,false,פסטרמה ברביקיו 120 ג,,,פסטרמה ברביקיו 120 ג,גרמים,120.00,100 גרם,false,,14.90,0.1242,true,1,140657
7290012227998,false,חזה בקר 120 גרם,,,חזה בקר 120 גרם,גרמים,120.00,100 גרם,false,,14.90,0.1242,true,1,140658
7290012228124,false,קבנוסטיקס - חטיף קבנ,,,קבנוסטיקס - חטיף קבנ,גרמים,50.00,100 גרם,false,,10.90,0.2180,true,1,140659
7290012228254,true,קבב בסגנון לבנוני 56,,,קבב בסגנון לבנוני 56,,0.00,,false,,29.90,0.0000,true,1,143577
7290012228278,false,נקניקיות הודו -בקר (,,,נקניקיות הודו -בקר (,גרמים,310.00,100 גרם,false,,23.90,0.0771,true,1,140666
7290012228377,true,קבב בסגנון סורי 560,,,קבב בסגנון סורי 560,,0.00,,false,,29.90,0.0000,true,1,143578
7290012228391,true,המבורגר בטחינה גסה 5,,,המבורגר בטחינה גסה 5,,0.00,,false,,29.90,0.0000,true,1,143579
7290012404955,false,ספרינג Collection נק,,,ספרינג Collection נק,מיליליטרים,1250.00,"100 מ""ל",false,,13.70,0.0110,true,1,143972
7290012413643,false,תה ירוק קמומיל,,,תה ירוק קמומיל,Unknown,25.00,יחידה,false,,26.90,1.0760,true,1,140696
7290012526602,false,כוסות שתיה קרה 100 י,,,כוסות שתיה קרה 100 י,Unknown,100.00,יחידה,false,,7.90,0.0790,true,1,141930
7290012557217,true,בליסטר סביבון 6 יחיד,,,בליסטר סביבון 6 יחיד,,0.00,,false,,3.50,0.0000,true,1,140889
7290012576614,false,יין לבן ריזלינג פרמי,,,יין לבן ריזלינג פרמי,מיליליטרים,750.00,"100 מ""ל",false,,24.90,0.0332,true,1,135378
7290012767128,true,נוזל ניקוי חלונות 1,,,נוזל ניקוי חלונות 1,,0.00,,false,,0.00,0.0000,true,1,134081
7290012803154,true,מואי גליליות עם קרם,,,מואי גליליות עם קרם,,0.00,,false,,0.00,0.0000,true,1,133231
7290012803192,true,מואי-גליליות עם אייר,,,מואי-גליליות עם אייר,,0.00,,false,,5.00,0.0000,true,1,133858
7290012803451,true,טוסו שוקולד מריר מעו,,,טוסו שוקולד מריר מעו,,0.00,,false,,11.00,0.0000,true,1,138717
7290012803789,true,טוסו שוקולד מריר עם,,,טוסו שוקולד מריר עם,,0.00,,false,,11.00,0.0000,true,1,138718
7290012931901,true,10 מטליות לחות לרצפה,,,10 מטליות לחות לרצפה,,0.00,,false,,8.00,0.0000,true,1,137197
7290012975295,true,פלזית -קופיקס - מכסה,,,פלזית -קופיקס - מכסה,,0.00,,false,,0.00,0.0000,true,1,138708
7290012975301,true,"מכסה לכוס 250 מ""ל קו",,,"מכסה לכוס 250 מ""ל קו",,0.00,,false,,0.00,0.0000,true,1,137763
7290012983566,true,תמרים,,,תמרים,,0.00,,false,,5.00,0.0000,true,1,134681
7290012984419,true,חמישייה טילון  שוקו,,,חמישייה טילון  שוקו,,0.00,,false,,0.00,0.0000,true,1,134542
7290013027399,false,לחם קל פרוס 100% קמח,,,לחם קל פרוס 100% קמח,גרמים,750.00,100 גרם,false,,13.90,0.0185,true,1,145334
7290013033220,true,קוסקוס 500 גרם,,,קוסקוס 500 גרם,,0.00,,false,,0.00,0.0000,true,1,133667
7290013038654,true,בירה חבית מכבי קופיק,,,בירה חבית מכבי קופיק,,0.00,,false,,0.00,0.0000,true,1,134292
7290013121233,true,מאפינס וניל שוקוצ'יפ,,,מאפינס וניל שוקוצ'יפ,,0.00,,false,,6.00,0.0000,true,1,133300
7290013121240,true,מאפינס שוקו שוקוצ'יפ,,,מאפינס שוקו שוקוצ'יפ,,0.00,,false,,6.00,0.0000,true,1,133301
7290013144393,false,מימונס תמצית בטעם ונ,,,מימונס תמצית בטעם ונ,גרמים,50.00,100 גרם,false,,4.90,0.0980,true,1,140375
7290013144980,false,מימונס תרסיס שמן קנו,,,מימונס תרסיס שמן קנו,גרמים,170.00,100 גרם,false,,15.90,0.0935,true,1,143535
7290013145192,false,מימונס שומשום 100 גר,,,מימונס שומשום 100 גר,גרמים,100.00,100 גרם,false,,4.60,0.0460,true,1,139363
7290013145437,false,מימונס שוקולד ציפס 4,,,מימונס שוקולד ציפס 4,גרמים,250.00,100 גרם,false,,14.90,0.0596,true,1,140384
7290013145451,false,אבקת קקאו 150 גרם שק,,,אבקת קקאו 150 גרם שק,גרמים,150.00,100 גרם,false,,9.50,0.0633,true,1,150124
7290013145628,false,מימונס סוכריות צבעונ,,,מימונס סוכריות צבעונ,גרמים,200.00,100 גרם,false,,9.90,0.0495,true,1,139156
7290013145673,true,מימונס קמח שמרים 1 ק,,,מימונס קמח שמרים 1 ק,,0.00,,false,,9.90,0.0000,true,1,140386
7290013145840,false,סוכר וניל 10 יח' בצל,,,סוכר וניל 10 יח' בצל,גרמים,100.00,100 גרם,false,,2.50,0.0250,true,1,139364
7290013145857,false,אבקת אפיה 10 יח' בצל,,,אבקת אפיה 10 יח' בצל,גרמים,100.00,100 גרם,false,,2.50,0.0250,true,1,139165
7290013145901,false,"סודה לשתיה כשל""פ 100",,,"סודה לשתיה כשל""פ 100",גרמים,100.00,100 גרם,false,,2.00,0.0200,true,1,139158
7290013145956,false,שמרים יבשים בואקום 5,,,שמרים יבשים בואקום 5,גרמים,500.00,100 גרם,false,,13.90,0.0278,true,1,142647
7290013146854,false,קוקוס לבן טחון 400 ג,,,קוקוס לבן טחון 400 ג,גרמים,400.00,100 גרם,false,,14.90,0.0373,true,1,140669
7290013269645,true,ריצפז מטליות לריצפה,,,ריצפז מטליות לריצפה,,0.00,,false,,12.00,0.0000,true,1,139653
7290013269751,false,מטליות לחות לריצפה ה,,,מטליות לחות לריצפה ה,Unknown,1.00,יחידה,false,,12.90,12.9000,true,1,146575
7290013284310,false,רוטב פסטה לילדים פרי,,,רוטב פסטה לילדים פרי,גרמים,240.00,100 גרם,false,,5.90,0.0246,true,1,132627
7290013284510,true,מפעל-מלפפון קוביות ב,,,מפעל-מלפפון קוביות ב,קילוגרמים,1.00,"ק""ג",true,,2999.90,2999.9000,true,1,136701
7290013316554,true,"קרוקנט בוטנים 1 ק""ג",,,"קרוקנט בוטנים 1 ק""ג",,0.00,,false,,2999.90,0.0000,true,1,136664
7290013382740,true,טוסטר להכנה בחנות,,,טוסטר להכנה בחנות,,0.00,,false,,0.00,0.0000,true,1,136011
7290013472199,false,ערמונים קלופים וקלוי,,,ערמונים קלופים וקלוי,גרמים,100.00,100 גרם,false,,5.90,0.0590,true,1,133009
7290013474384,true,בייגל דקים שמנת בצל,,,בייגל דקים שמנת בצל,,0.00,,false,,10.60,0.0000,true,1,139495
7290013540867,true,מפעל -נתחי טונה בהיר,,,מפעל -נתחי טונה בהיר,קילוגרמים,1.00,"ק""ג",true,,2999.90,2999.9000,true,1,135379
7290013542526,false,כוסות נייר שתיה חמה,,,כוסות נייר שתיה חמה,Unknown,50.00,יחידה,false,,11.90,0.2380,true,1,149999
7290013584175,true,ספרייט שישייה 1.5 לי,,,ספרייט שישייה 1.5 לי,,0.00,,false,,39.90,0.0000,true,1,143656
7290013584311,true,ארגז פיקדון של טובור,,,ארגז פיקדון של טובור,,0.00,,false,,0.00,0.0000,true,1,136306
7290013584496,true,ארגז פיקדון טובורג2,,,ארגז פיקדון טובורג2,,0.00,,false,,0.00,0.0000,true,1,136320
7290013585233,false,סליק ספרייט זירו 330,,,סליק ספרייט זירו 330,מיליליטרים,330.00,"100 מ""ל",false,,6.50,0.0197,true,1,133093
7290013585387,false,קוקה קולה זירו בקבוק,,,קוקה קולה זירו בקבוק,מיליליטרים,1000.00,"100 מ""ל",false,,7.10,0.0071,true,1,136042
7290013585394,false,קוקה קולה בקבוק 1 לי,,,קוקה קולה בקבוק 1 לי,מיליליטרים,1000.00,"100 מ""ל",false,,7.80,0.0078,true,1,136043
7290013585479,true,קוקה קולה ZERO 2 ל',,,קוקה קולה ZERO 2 ל',,0.00,,false,,7.90,0.0000,true,1,143663
7290013586711,true,ויסוצקי ICE היביסקוס,,,ויסוצקי ICE היביסקוס,,0.00,,false,,8.00,0.0000,true,1,138722
7290013608017,true,100% מ.הדרים 2 ליטר,,,100% מ.הדרים 2 ליטר,,0.00,,false,,23.90,0.0000,true,1,142758
7290013625304,true,"חזרת 360 גרם כשל""פ",,,"חזרת 360 גרם כשל""פ",,0.00,,false,,12.90,0.0000,true,1,143372
7290013702036,true,שוופס WATER אפרסק 50,,,שוופס WATER אפרסק 50,,0.00,,false,,0.00,0.0000,true,1,137027
7290013702050,true,שוופס WATER ענבים 50,,,שוופס WATER ענבים 50,,0.00,,false,,0.00,0.0000,true,1,137028
7290013771421,true,צפתית מעודנת 5% עם ק,,,צפתית מעודנת 5% עם ק,,0.00,,false,,10.90,0.0000,true,1,143205
7290013771513,true,גבינת שמנת 25% עם זי,,,גבינת שמנת 25% עם זי,,0.00,,false,,9.90,0.0000,true,1,143212
7290013787422,false,רביולי פלין פטריות ב,,,רביולי פלין פטריות ב,גרמים,330.00,100 גרם,false,,27.90,0.0845,true,1,150518
7290013843050,false,כוסות שתיה קרה 100 י,,,כוסות שתיה קרה 100 י,Unknown,100.00,יחידה,false,,7.90,0.0790,true,1,144946
7290013843968,false,כוסות נייר שתיה חמה,,,כוסות נייר שתיה חמה,Unknown,50.00,יחידה,false,,11.90,0.2380,true,1,140529
7290013847225,true,מפעל-ס.ק פאוצ נתחי ט,,,מפעל-ס.ק פאוצ נתחי ט,קילוגרמים,1.00,"ק""ג",true,,0.00,0.0000,true,1,137389
7290013847645,false,טונה בהירה בשמן זית,,,טונה בהירה בשמן זית,גרמים,240.00,100 גרם,false,,19.90,0.0829,true,1,146860
7290013849205,false,כוסות שתיה קרה 100 י,,,כוסות שתיה קרה 100 י,Unknown,100.00,יחידה,false,,7.90,0.0790,true,1,149769
7290013906533,true,סלמי תה 100 גרם,,,סלמי תה 100 גרם,,0.00,,false,,5.00,0.0000,true,1,132736
7290014002203,false,חליטת לימונית לואיזה,,,חליטת לימונית לואיזה,Unknown,25.00,יחידה,false,,18.90,0.7560,true,1,140698
7290014046764,true,סלמי פפרוני 200 גרם,,,סלמי פפרוני 200 גרם,,0.00,,false,,11.90,0.0000,true,1,142929
7290014050273,true,ג'ויה וניל בראוניז,,,ג'ויה וניל בראוניז,,0.00,,false,,10.00,0.0000,true,1,139159
7290014050334,true,ג'ויה ריבת חלב,,,ג'ויה ריבת חלב,,0.00,,false,,5.00,0.0000,true,1,134443
7290014066373,false,קפסולות קפה תואמות נ,,,קפסולות קפה תואמות נ,Unknown,10.00,יחידה,false,,15.90,1.5900,true,1,149521
7290014079144,true,כרוב קייל יחידה,,,כרוב קייל יחידה,,0.00,,false,,10.00,0.0000,true,1,139510
7290014079465,true,אבוקדו,,,אבוקדו,,0.00,,false,,5.00,0.0000,true,1,132908
7290014083806,false,עוגיות בטעם חמאה 350,,,עוגיות בטעם חמאה 350,גרמים,350.00,100 גרם,false,,12.90,0.0369,true,1,143161
7290014094895,false,אגוזים קלופים בשקית,,,אגוזים קלופים בשקית,גרמים,150.00,100 גרם,false,,11.90,0.0793,true,1,153073
7290014095946,false,משוקלדים פקאן מריר 1,,,משוקלדים פקאן מריר 1,גרמים,160.00,100 גרם,false,,13.90,0.0869,true,1,152228
7290014095953,false,משוקלדים פקאן חלב 16,,,משוקלדים פקאן חלב 16,גרמים,160.00,100 גרם,false,,13.90,0.0869,true,1,152229
7290014126145,true,מואי גליליות שוקולד,,,מואי גליליות שוקולד,,0.00,,false,,5.00,0.0000,true,1,133232
7290014126152,true,מואי שכבות ביסקוויט,,,מואי שכבות ביסקוויט,,0.00,,false,,5.00,0.0000,true,1,133859
7290014126725,true,מואי-עוגיות קוקוס עם,,,מואי-עוגיות קוקוס עם,,0.00,,false,,5.00,0.0000,true,1,135215
7290014217188,true,פלפל שחור טחון 25 גר,,,פלפל שחור טחון 25 גר,,0.00,,false,,5.00,0.0000,true,1,132667
7290014236189,true,סבון אסלה כחול בודד,,,סבון אסלה כחול בודד,,0.00,,false,,0.00,0.0000,true,1,133674
7290014356146,true,מפעל-פסטה מסולסלת 5,,,מפעל-פסטה מסולסלת 5,,0.00,,false,,0.00,0.0000,true,1,136812
7290014356245,true,מפעל-שמן קנולה 1 ליט,,,מפעל-שמן קנולה 1 ליט,קילוגרמים,1.00,"ק""ג",true,,0.00,0.0000,true,1,137271
7290014356269,true,מפעל-שמן קנולה 3 ליט,,,מפעל-שמן קנולה 3 ליט,,0.00,,false,,0.00,0.0000,true,1,136793
7290014459281,true,תפוגן 150 גרם,,,תפוגן 150 גרם,,0.00,,false,,0.00,0.0000,true,1,133668
7290014471412,false,מוזלי בוטנים אגוזים,,,מוזלי בוטנים אגוזים,גרמים,1000.00,100 גרם,false,,19.90,0.0199,true,1,149767
7290014472136,false,גרעין שחור קלוי  150,,,גרעין שחור קלוי  150,גרמים,150.00,100 גרם,false,,4.90,0.0327,true,1,157922
7290014525023,true,מרבה סלים פרוט בטעם,,,מרבה סלים פרוט בטעם,,0.00,,false,,10.90,0.0000,true,1,141812
7290014639560,true,דאודורנט גרנייה מיני,,,דאודורנט גרנייה מיני,,0.00,,false,,0.00,0.0000,true,1,133700
7290014692565,false,גרעיני תירס מתוק ויל,,,גרעיני תירס מתוק ויל,גרמים,320.00,100 גרם,false,,6.50,0.0203,true,1,150658
7290014692749,false,שמן זית כתית מעולה ו,,,שמן זית כתית מעולה ו,גרמים,750.00,100 גרם,false,,32.90,0.0439,true,1,155808
7290014704091,true,"קפה שחור ""רמי לוי"" 7",,,"קפה שחור ""רמי לוי"" 7",,0.00,,false,,4.10,0.0000,true,1,139774
7290014731486,true,בוחשן כפית  6 000 יח,,,בוחשן כפית  6 000 יח,,0.00,,false,,2999.90,0.0000,true,1,135737
7290014747043,true,עוף טוב פסטרמה חזה ע,,,עוף טוב פסטרמה חזה ע,,0.00,,false,,0.00,0.0000,true,1,138055
7290014747814,false,סלמי פפרוני בטעם פיק,,,סלמי פפרוני בטעם פיק,גרמים,240.00,100 גרם,false,,20.90,0.0871,true,1,138059
7290014747999,true,פסטרמה ברביקיו מעודנ,,,פסטרמה ברביקיו מעודנ,,0.00,,false,,11.90,0.0000,true,1,144090
7290014748101,true,עוף טוב דלי סלמי איט,,,עוף טוב דלי סלמי איט,,0.00,,false,,0.00,0.0000,true,1,138060
7290014748361,true,פסטרמה בדבש מעודנת ב,,,פסטרמה בדבש מעודנת ב,,0.00,,false,,11.90,0.0000,true,1,144092
7290014748743,true,נקניקיות בראטוורסט ע,,,נקניקיות בראטוורסט ע,,0.00,,false,,15.90,0.0000,true,1,143625
7290014748767,true,עוף טוב נקניקיות פרנ,,,עוף טוב נקניקיות פרנ,,0.00,,false,,15.90,0.0000,true,1,143626
7290014758162,false,חלב עיזים מלא 3.6% ת,,,חלב עיזים מלא 3.6% ת,מיליליטרים,1000.00,"100 מ""ל",false,,14.90,0.0149,true,1,156199
7290014759084,false,נפוליאון גבינת שמנת,,,נפוליאון גבינת שמנת,גרמים,225.00,100 גרם,false,,14.90,0.0662,true,1,138242
7290014760141,false,משקה שקדים טרי 1 ליט,,,משקה שקדים טרי 1 ליט,מיליליטרים,1000.00,"100 מ""ל",false,,14.80,0.0148,true,1,145413
7290014761056,false,מעדן חלב עם שוקולד ח,,,מעדן חלב עם שוקולד ח,גרמים,123.00,100 גרם,false,,5.00,0.0407,true,1,134763
7290014761063,false,מעדן חלב עם שוקולד מ,,,מעדן חלב עם שוקולד מ,גרמים,123.00,100 גרם,false,,5.00,0.0407,true,1,136787
7290014761070,false,מעדן חלב עם שוקולד ל,,,מעדן חלב עם שוקולד ל,גרמים,123.00,100 גרם,false,,5.00,0.0407,true,1,134762
7290014761193,false,פרילי פירות יער 1.5%,,,פרילי פירות יער 1.5%,מיליליטרים,125.00,"100 מ""ל",false,,3.50,0.0280,true,1,156165
7290014761667,true,יופלה דיאט תות 100 ג,,,יופלה דיאט תות 100 ג,,0.00,,false,,5.00,0.0000,true,1,132748
7290014761872,true,"חלב קרטון 800 3% מ""ל",,,"חלב קרטון 800 3% מ""ל",,0.00,,false,,0.00,0.0000,true,1,134061
7290014762039,true,YOLO מוס עם שוקולד ח,,,YOLO מוס עם שוקולד ח,,0.00,,false,,3.90,0.0000,true,1,138599
7290014762046,true,YOLO מוס עם שוקולד ל,,,YOLO מוס עם שוקולד ל,,0.00,,false,,3.90,0.0000,true,1,138600
7290014762473,true,משקה אורז מועשר 1 לי,,,משקה אורז מועשר 1 לי,,0.00,,false,,5.00,0.0000,true,1,135142
7290014762831,false,נפוליאון גבינת שמנת,,,נפוליאון גבינת שמנת,גרמים,225.00,100 גרם,false,,14.90,0.0662,true,1,147437
7290014763272,false,יוגורט סויה לשתיה תו,,,יוגורט סויה לשתיה תו,מיליליטרים,250.00,"100 מ""ל",false,,5.80,0.0232,true,1,138660
7290014763593,true,YOLO מוס שוקולד מריר,,,YOLO מוס שוקולד מריר,,0.00,,false,,4.20,0.0000,true,1,138601
7290014787476,true,מפעל-רוטב סויה קיקומ,,,מפעל-רוטב סויה קיקומ,,0.00,,false,,0.00,0.0000,true,1,137406
7290014791091,false,שוופס מ. פירות למוני,,,שוופס מ. פירות למוני,מיליליטרים,500.00,"100 מ""ל",false,,5.50,0.0110,true,1,134465
7290014791725,false,שוופס מוגז תפוחים 50,,,שוופס מוגז תפוחים 50,מיליליטרים,500.00,"100 מ""ל",false,,5.50,0.0110,true,1,137029
7290014860315,true,מפעל-שומשום שחור קלו,,,מפעל-שומשום שחור קלו,,0.00,,false,,0.00,0.0000,true,1,135167
7290014890077,true,ריקוטה 5% 400 גרם,,,ריקוטה 5% 400 גרם,,0.00,,false,,13.90,0.0000,true,1,140399
7290014910522,false,תחתיות ארטישוק במי מ,,,תחתיות ארטישוק במי מ,גרמים,420.00,100 גרם,false,,9.90,0.0236,true,1,148464
7290014940901,false,לחם פשוט מלא 750 גרם,,,לחם פשוט מלא 750 גרם,גרמים,750.00,100 גרם,false,,13.90,0.0185,true,1,145335
7290015033619,true,שקדי מרק 1 ק''ג,,,שקדי מרק 1 ק''ג,,0.00,,false,,2999.90,0.0000,true,1,145137
7290015039222,true,שלישיית נתחי טונה בה,,,שלישיית נתחי טונה בה,,0.00,,false,,0.00,0.0000,true,1,134739
7290015039246,false,נתחי טונה בהירה בשמן,,,נתחי טונה בהירה בשמן,גרמים,640.00,100 גרם,false,,21.90,0.0342,true,1,139104
7290015039338,false,נתחי טונה במי מלח וי,,,נתחי טונה במי מלח וי,גרמים,640.00,100 גרם,false,,21.90,0.0342,true,1,139105
7290015042291,true,"רוטב צ""ימיצ""ורי",,,"רוטב צ""ימיצ""ורי",,0.00,,false,,5.00,0.0000,true,1,134582
7290015057516,true,עוגיות עם מילוי שוקו,,,עוגיות עם מילוי שוקו,,0.00,,false,,5.00,0.0000,true,1,135139
7290015057523,true,עוגיות עם מילוי וניל,,,עוגיות עם מילוי וניל,,0.00,,false,,5.00,0.0000,true,1,135145
7290015139014,true,סוכריות על מקל תות 1,,,סוכריות על מקל תות 1,,0.00,,false,,5.00,0.0000,true,1,133816
7290015139731,true,שלשות שוקולד מריר85,,,שלשות שוקולד מריר85,,0.00,,false,,0.00,0.0000,true,1,138791
7290015139748,true,שלשות שוקולד חלב כשל,,,שלשות שוקולד חלב כשל,,0.00,,false,,0.00,0.0000,true,1,138792
7290015139762,true,שלשות שוקולד מריר עם,,,שלשות שוקולד מריר עם,,0.00,,false,,0.00,0.0000,true,1,135380
7290015150088,false,מחית עגבניות קלה גרא,,,מחית עגבניות קלה גרא,גרמים,700.00,100 גרם,false,,12.90,0.0184,true,1,149668
7290015150118,false,עגבניות חתוכות דק 3*,,,עגבניות חתוכות דק 3*,גרמים,1200.00,100 גרם,false,,17.90,0.0149,true,1,143430
7290015193566,false,אובלטים שומשום מעדני,,,אובלטים שומשום מעדני,גרמים,300.00,100 גרם,false,,9.90,0.0330,true,1,153688
7290015223874,false,אסותא ג'ל אלוורה 100,,,אסותא ג'ל אלוורה 100,מיליליטרים,100.00,"100 מ""ל",false,,6.00,0.0600,true,1,142505
7290015339889,true,נתחי טונה טעים במים,,,נתחי טונה טעים במים,,0.00,,false,,5.00,0.0000,true,1,134655
7290015395939,false,חטיף יפני 150 גרם-שש,,,חטיף יפני 150 גרם-שש,גרמים,150.00,100 גרם,false,,15.90,0.1060,true,1,148096
7290015530910,false,חלה חצי מתוקה 350 גר,,,חלה חצי מתוקה 350 גר,גרמים,350.00,100 גרם,false,,5.90,0.0169,true,1,133273
7290015553858,true,"מפעל-שומשום בד""ץ 1 ק",,,"מפעל-שומשום בד""ץ 1 ק",,0.00,,false,,0.00,0.0000,true,1,135584
7290015640695,true,"ג""ל לכביסה ירוק 500",,,"ג""ל לכביסה ירוק 500",,0.00,,false,,5.00,0.0000,true,1,132482
7290015642262,true,חומוס מזרחי 400 גרם,,,חומוס מזרחי 400 גרם,,0.00,,false,,7.70,0.0000,true,1,139203
7290015642712,true,חומוס מסעדות רמי לוי,,,חומוס מסעדות רמי לוי,,0.00,,false,,5.90,0.0000,true,1,144532
7290015642736,true,חציל בטעם כבד רמי לו,,,חציל בטעם כבד רמי לו,,0.00,,false,,5.90,0.0000,true,1,144533
7290015642767,true,חציל פיקנטי רמי לוי,,,חציל פיקנטי רמי לוי,,0.00,,false,,5.90,0.0000,true,1,144536
7290015652087,false,תערובת פיצוחים 150 ג,,,תערובת פיצוחים 150 ג,גרמים,150.00,100 גרם,false,,12.90,0.0860,true,1,152233
7290015664714,true,תבנית אלומיניום אינג,,,תבנית אלומיניום אינג,,0.00,,false,,8.00,0.0000,true,1,139012
7290015681100,false,שניצלונים בציפוי שומ,,,שניצלונים בציפוי שומ,גרמים,600.00,100 גרם,false,,24.90,0.0415,true,1,146102
7290015681117,false,חטיפי עוף רמי לוי 60,,,חטיפי עוף רמי לוי 60,גרמים,600.00,100 גרם,false,,24.90,0.0415,true,1,146103
7290015681148,false,נגיסי תירס רמי לוי 7,,,נגיסי תירס רמי לוי 7,גרמים,750.00,100 גרם,false,,19.90,0.0265,true,1,146105
7290015681162,false,שניצל תירס רמי לוי 7,,,שניצל תירס רמי לוי 7,גרמים,750.00,100 גרם,false,,19.90,0.0265,true,1,146107
7290015681186,false,שניצל עוף אמיתי בציפ,,,שניצל עוף אמיתי בציפ,גרמים,700.00,100 גרם,false,,27.90,0.0399,true,1,146109
7290015681964,true,מלפפון בחומץ 290 גרם,,,מלפפון בחומץ 290 גרם,,0.00,,false,,12.10,0.0000,true,1,143506
7290015821179,false,כוסות נייר שתיה חמה,,,כוסות נייר שתיה חמה,Unknown,50.00,יחידה,false,,11.90,0.2380,true,1,155065
7290015821551,true,נר נשמה בפח 24 שעות,,,נר נשמה בפח 24 שעות,,0.00,,false,,2.00,0.0000,true,1,140882
7290015834124,true,"אפרסק ""רמי לוי 820 """,,,"אפרסק ""רמי לוי 820 """,,0.00,,false,,7.40,0.0000,true,1,139912
7290015834209,false,רמי לוי צ'יפס קלאסי,,,רמי לוי צ'יפס קלאסי,גרמים,2000.00,100 גרם,false,,23.90,0.0119,true,1,142186
7290015834896,true,מלפפון בחומץ ‏12‏-‏1,,,מלפפון בחומץ ‏12‏-‏1,,0.00,,false,,7.20,0.0000,true,1,139578
7290015834926,true,מלפפון במלח 10-12 רמ,,,מלפפון במלח 10-12 רמ,,0.00,,false,,7.20,0.0000,true,1,139580
7290015834933,true,מלפפון במלח 13-17 רמ,,,מלפפון במלח 13-17 רמ,,0.00,,false,,10.00,0.0000,true,1,142282
7290015835039,false,כריות יפניות עבות רמ,,,כריות יפניות עבות רמ,Unknown,6.00,יחידה,false,,8.90,1.4833,true,1,139115
7290015835121,false,מטליות רמי לוי 9 יח,,,מטליות רמי לוי 9 יח,Unknown,9.00,יחידה,false,,8.90,0.9889,true,1,139123
7290015835756,false,שיבולת שועל דקה 500,,,שיבולת שועל דקה 500,גרמים,500.00,100 גרם,false,,4.90,0.0098,true,1,140138
7290015835763,false,שיבולת שועל עבה 500,,,שיבולת שועל עבה 500,גרמים,500.00,100 גרם,false,,4.90,0.0098,true,1,140139
7290015835916,true,פריכיות רמי לוי 155,,,פריכיות רמי לוי 155,,0.00,,false,,6.70,0.0000,true,1,139588
7290015835954,false,מפיות רמי לוי 100 יח,,,מפיות רמי לוי 100 יח,Unknown,100.00,יחידה,false,,5.50,0.0550,true,1,142977
7290015835978,false,ממחטות טישו רמי לוי,,,ממחטות טישו רמי לוי,Unknown,5.00,יחידה,false,,13.90,2.7800,true,1,142978
7290015858328,false,איולי פסטו עללחם 295,,,איולי פסטו עללחם 295,גרמים,295.00,100 גרם,false,,16.90,0.0573,true,1,157944
7290015858694,false,איולי שום לימון עללח,,,איולי שום לימון עללח,גרמים,295.00,100 גרם,false,,16.90,0.0573,true,1,157947
7290015866132,false,כרובית,,,כרובית,Unknown,1.00,יחידה,false,,9.90,9.9000,true,1,151764
7290015899239,false,אקונומיקה מבושמת רמי,,,אקונומיקה מבושמת רמי,מיליליטרים,4000.00,"100 מ""ל",false,,11.90,0.0030,true,1,145176
7290015979641,true,ברוקולי זנזורי,,,ברוקולי זנזורי,,0.00,,false,,0.00,0.0000,true,1,137859
7290016006148,false,שוופס מ. פירות ענבים,,,שוופס מ. פירות ענבים,מיליליטרים,500.00,"100 מ""ל",false,,5.50,0.0110,true,1,134466
7290016096798,true,רבעיית טונה בשמן זית,,,רבעיית טונה בשמן זית,,0.00,,false,,27.90,0.0000,true,1,143007
7290016104288,true,קמח עמילן תפוא 500 ג,,,קמח עמילן תפוא 500 ג,,0.00,,false,,5.00,0.0000,true,1,134390
7290016104301,true,קוקוס 200 גרם,,,קוקוס 200 גרם,,0.00,,false,,5.00,0.0000,true,1,134391
7290016106107,true,קרקר עגבניות ובזיליק,,,קרקר עגבניות ובזיליק,,0.00,,false,,5.00,0.0000,true,1,135546
7290016106381,true,פילה אנשובי במלח עם,,,פילה אנשובי במלח עם,,0.00,,false,,5.00,0.0000,true,1,138994
7290016114270,true,סקוץ' חתוך ניקול 8 י,,,סקוץ' חתוך ניקול 8 י,,0.00,,false,,5.00,0.0000,true,1,137304
7290016150117,false,סלק מבושל בוואקום,,,סלק מבושל בוואקום,גרמים,500.00,100 גרם,false,,5.90,0.0118,true,1,135893
7290016197020,true,חיתולים מידה 3 רמי ל,,,חיתולים מידה 3 רמי ל,,0.00,,false,,29.90,0.0000,true,1,142902
7290016197037,true,חיתולים מידה 4 רמי ל,,,חיתולים מידה 4 רמי ל,,0.00,,false,,29.90,0.0000,true,1,142903
7290016197044,true,חיתולים מידה +4 רמי,,,חיתולים מידה +4 רמי,,0.00,,false,,29.90,0.0000,true,1,142982
7290016197051,true,חיתולים מידה 5 רמי ל,,,חיתולים מידה 5 רמי ל,,0.00,,false,,29.90,0.0000,true,1,142904
7290016197068,true,חיתולים מידה 6 רמי ל,,,חיתולים מידה 6 רמי ל,,0.00,,false,,29.90,0.0000,true,1,142905
7290016197150,true,תבניות לעוגות אישיות,,,תבניות לעוגות אישיות,,0.00,,false,,5.00,0.0000,true,1,137273
7290016233773,true,רוטב טריאקי כשלפ 300,,,רוטב טריאקי כשלפ 300,,0.00,,false,,5.00,0.0000,true,1,136253
7290016255676,true,"תרסיס די תיקן 200 מ""",,,"תרסיס די תיקן 200 מ""",,0.00,,false,,5.00,0.0000,true,1,134605
7290016270273,false,כרובית,,,כרובית,Unknown,1.00,יחידה,false,,9.90,9.9000,true,1,146134
7290016270709,false,עגבניות שרי,,,עגבניות שרי,Unknown,1.00,יחידה,false,,8.90,8.9000,true,1,135638
7290016272796,false,נייר טואלט רמי לוי 3,,,נייר טואלט רמי לוי 3,Unknown,30.00,יחידה,false,,29.90,0.9967,true,1,142975
7290016272819,false,צמר גפן רמי לוי 100,,,צמר גפן רמי לוי 100,גרמים,100.00,100 גרם,false,,5.90,0.0590,true,1,145499
7290016273137,true,רמי לוי - שוקולד ברו,,,רמי לוי - שוקולד ברו,,0.00,,false,,7.90,0.0000,true,1,139644
7290016273151,true,רמי לוי - טבלת אצבעו,,,רמי לוי - טבלת אצבעו,,0.00,,false,,5.00,0.0000,true,1,140703
7290016273168,true,רמי לוי - טבלת אצבעו,,,רמי לוי - טבלת אצבעו,,0.00,,false,,5.00,0.0000,true,1,139646
7290016273182,false,רמי לוי צ'יפס אמריקא,,,רמי לוי צ'יפס אמריקא,גרמים,1500.00,100 גרם,false,,18.90,0.0126,true,1,142190
7290016273458,true,חלבה וניל 400 גרם רמ,,,חלבה וניל 400 גרם רמ,,0.00,,false,,11.10,0.0000,true,1,139606
7290016273687,true,מלפפון חמוץ ביתי 310,,,מלפפון חמוץ ביתי 310,,0.00,,false,,8.90,0.0000,true,1,142287
7290016304442,true,חצי לחם 100% קמח מלא,,,חצי לחם 100% קמח מלא,,0.00,,false,,5.90,0.0000,true,1,136341
7290016334050,false,סלרי חתוך,,,סלרי חתוך,Unknown,1.00,יחידה,false,,5.90,5.9000,true,1,146211
7290016334296,false,ברוקולי רמי לוי,,,ברוקולי רמי לוי,Unknown,1.00,יחידה,false,,12.90,12.9000,true,1,146217
7290016334500,false,זוג לבבות חסה,,,זוג לבבות חסה,Unknown,1.00,יחידה,false,,9.90,9.9000,true,1,146223
7290016334784,false,ג'ינג'ר ארוז,,,ג'ינג'ר ארוז,Unknown,1.00,יחידה,false,,8.90,8.9000,true,1,146233
7290016334814,false,חסה סלנובה רמי לוי,,,חסה סלנובה רמי לוי,Unknown,1.00,יחידה,false,,9.90,9.9000,true,1,146235
7290016370942,false,תערובת ירקות כבושים,,,תערובת ירקות כבושים,גרמים,560.00,100 גרם,false,,10.90,0.0195,true,1,145251
7290016437188,true,מטליות לחות לניקוי כ,,,מטליות לחות לניקוי כ,,0.00,,false,,5.00,0.0000,true,1,134630
7290016437348,true,ניקול ספוגית הקסם של,,,ניקול ספוגית הקסם של,,0.00,,false,,5.00,0.0000,true,1,137305
7290016437355,true,מארז מטלית רב שימושי,,,מארז מטלית רב שימושי,,0.00,,false,,5.00,0.0000,true,1,135463
7290016437362,true,שקית רב שימושית XL 5,,,שקית רב שימושית XL 5,,0.00,,false,,5.00,0.0000,true,1,135464
7290016437379,true,מטליות לחות לחיטוי 2,,,מטליות לחות לחיטוי 2,,0.00,,false,,5.00,0.0000,true,1,135465
7290016475029,false,פיתות אסלי המכבים 5,,,פיתות אסלי המכבים 5,Unknown,5.00,יחידה,false,,6.90,1.3800,true,1,134824
7290016509809,false,פרסיל ג'ל 2.5 ליטר ק,,,פרסיל ג'ל 2.5 ליטר ק,מיליליטרים,2500.00,"100 מ""ל",false,,35.90,0.0144,true,1,144361
7290016542547,true,בירה וקסמן בקבוק 500,,,בירה וקסמן בקבוק 500,,0.00,,false,,0.00,0.0000,true,1,136782
7290016553000,true,צנונית,,,צנונית,,0.00,,false,,0.00,0.0000,true,1,134936
7290016601558,false,מגבונים לניקוי כללי,,,מגבונים לניקוי כללי,Unknown,400.00,יחידה,false,,20.90,0.0522,true,1,146858
7290016609141,false,אפונה וגזר רמי לוי 5,,,אפונה וגזר רמי לוי 5,גרמים,550.00,100 גרם,false,,6.90,0.0125,true,1,139758
7290016609172,false,שעועית לבנה אפויה בר,,,שעועית לבנה אפויה בר,גרמים,580.00,100 גרם,false,,6.90,0.0119,true,1,139760
7290016609196,false,תירס לייט רמי לוי 55,,,תירס לייט רמי לוי 55,גרמים,550.00,100 גרם,false,,6.90,0.0125,true,1,139762
7290016609233,true,רסק עגבניות BX22  רמ,,,רסק עגבניות BX22  רמ,,0.00,,false,,1.40,0.0000,true,1,139764
7290016609240,true,רסק עגבניות 260 גרם,,,רסק עגבניות 260 גרם,,0.00,,false,,3.10,0.0000,true,1,139765
7290016609318,true,עגבניות מרוסקות רגיל,,,עגבניות מרוסקות רגיל,,0.00,,false,,5.00,0.0000,true,1,139766
7290016609653,true,רוטב פסטה לילדים 250,,,רוטב פסטה לילדים 250,,0.00,,false,,3.10,0.0000,true,1,139768
7290016717204,true,פחית ספארקלינג מוסקט,,,פחית ספארקלינג מוסקט,,0.00,,false,,8.90,0.0000,true,1,141698
7290016733044,false,סחבת רצפה מיקרופייבר,,,סחבת רצפה מיקרופייבר,Unknown,3.00,יחידה,false,,15.90,5.3000,true,1,139116
7290016733051,false,מטליות מיקרופייבר 10,,,מטליות מיקרופייבר 10,Unknown,10.00,יחידה,false,,14.90,1.4900,true,1,139117
7290016733259,false,סלק אדום מקולף רמי ל,,,סלק אדום מקולף רמי ל,Unknown,1.00,יחידה,false,,5.90,5.9000,true,1,145865
7290016733570,true,אננס קטן 227 גרם רמי,,,אננס קטן 227 גרם רמי,,0.00,,false,,4.00,0.0000,true,1,140515
7290016733723,true,"ופלים ""רמי לוי ""בטעם",,,"ופלים ""רמי לוי ""בטעם",,0.00,,false,,8.50,0.0000,true,1,139933
7290016733839,true,נס קפה מגורען 100 גר,,,נס קפה מגורען 100 גר,,0.00,,false,,12.20,0.0000,true,1,139628
7290016733846,true,נס קפה מגורען 200 גר,,,נס קפה מגורען 200 גר,,0.00,,false,,23.30,0.0000,true,1,142293
7290016823011,true,רוקולה,,,רוקולה,,0.00,,false,,5.00,0.0000,true,1,136644
7290016823424,true,שרי לובלו,,,שרי לובלו,,0.00,,false,,10.00,0.0000,true,1,141591
7290016823684,true,אבוקדו,,,אבוקדו,,0.00,,false,,5.00,0.0000,true,1,143431
7290016823714,true,מנגו,,,מנגו,,0.00,,false,,7.90,0.0000,true,1,143451
7290016865080,false,שניצל דק בציפוי שומש,,,שניצל דק בציפוי שומש,גרמים,700.00,100 גרם,false,,27.90,0.0399,true,1,146116
7290016865790,true,פופקורן רמי לוי 500,,,פופקורן רמי לוי 500,,0.00,,false,,4.90,0.0000,true,1,142204
7290016867053,false,לחם קל כוסמין בתוספת,,,לחם קל כוסמין בתוספת,גרמים,450.00,100 גרם,false,,19.90,0.0442,true,1,151888
7290016867091,false,פיתות כוסמין מלא סיב,,,פיתות כוסמין מלא סיב,גרמים,300.00,100 גרם,false,,15.90,0.0530,true,1,155451
7290016867152,false,פיתות קלות כוסמין 33,,,פיתות קלות כוסמין 33,גרמים,330.00,100 גרם,false,,14.90,0.0452,true,1,150445
7290016867176,false,לחמניות ק. כוסמין שו,,,לחמניות ק. כוסמין שו,גרמים,351.00,100 גרם,false,,14.90,0.0425,true,1,150446
7290016867244,false,לחמניות קלות כוסמין,,,לחמניות קלות כוסמין,גרמים,321.00,100 גרם,false,,15.90,0.0495,true,1,150448
7290016948011,true,"שקיות אשפה-76/85 ס""מ",,,"שקיות אשפה-76/85 ס""מ",,0.00,,false,,2999.90,0.0000,true,1,136047
7290016967074,false,לחם חיטה מלאה אנג'ל,,,לחם חיטה מלאה אנג'ל,גרמים,750.00,100 גרם,false,,14.90,0.0199,true,1,145338
7290017040110,true,צ'אנה חטיף הודי חריף,,,צ'אנה חטיף הודי חריף,,0.00,,false,,3.90,0.0000,true,1,141680
7290017040127,true,צ'אנה חטיף הודי פיקנ,,,צ'אנה חטיף הודי פיקנ,,0.00,,false,,3.90,0.0000,true,1,141681
7290017040134,true,צ'אנה חטיף הודי מיקס,,,צ'אנה חטיף הודי מיקס,,0.00,,false,,3.90,0.0000,true,1,141682
7290017105468,false,אפונה שלשות יכין 420,,,אפונה שלשות יכין 420,גרמים,420.00,100 גרם,false,,14.90,0.0355,true,1,146283
7290017105895,false,יכין - גרגירי חומוס,,,יכין - גרגירי חומוס,גרמים,550.00,100 גרם,false,,9.90,0.0180,true,1,151027
7290017129112,true,אגו מיקס חטיף תירס מ,,,אגו מיקס חטיף תירס מ,,0.00,,false,,3.90,0.0000,true,1,140724
7290017129167,true,שלשות שוקולד חלב עם,,,שלשות שוקולד חלב עם,,0.00,,false,,0.00,0.0000,true,1,138794
7290017129324,true,פניני טוסטונים צנימי,,,פניני טוסטונים צנימי,,0.00,,false,,6.00,0.0000,true,1,140008
7290017129754,false,שוקולד מריר מעולה 70,,,שוקולד מריר מעולה 70,גרמים,100.00,100 גרם,false,,7.90,0.0790,true,1,145232
7290017197067,false,מגבונים לחים בייבי,,,מגבונים לחים בייבי,Unknown,1.00,יחידה,false,,5.90,5.9000,true,1,139823
7290017197388,false,מגבונים לחים הפי דיי,,,מגבונים לחים הפי דיי,Unknown,6.00,יחידה,false,,19.90,3.3167,true,1,142327
7290017197395,false,מגבונים לחים הפי דיי,,,מגבונים לחים הפי דיי,Unknown,6.00,יחידה,false,,19.90,3.3167,true,1,142328
7290017197616,false,אל סבון בניחוח פירות,,,אל סבון בניחוח פירות,מיליליטרים,1000.00,"100 מ""ל",false,,8.90,0.0089,true,1,147480
7290017197685,false,מגבוני נייר טואלט רמ,,,מגבוני נייר טואלט רמ,Unknown,3.00,יחידה,false,,10.90,3.6333,true,1,139827
7290017197944,false,סבון קצף לידיים מועש,,,סבון קצף לידיים מועש,מיליליטרים,500.00,"100 מ""ל",false,,7.90,0.0158,true,1,145200
7290017197951,false,סבון קצף לידיים מועש,,,סבון קצף לידיים מועש,מיליליטרים,500.00,"100 מ""ל",false,,7.90,0.0158,true,1,145201
7290017266916,false,וופלים מעולים במילוי,,,וופלים מעולים במילוי,גרמים,200.00,100 גרם,false,,5.50,0.0275,true,1,156044
7290017291093,false,סלק אדום מקולף רמי ל,,,סלק אדום מקולף רמי ל,Unknown,1.00,יחידה,false,,5.90,5.9000,true,1,149584
7290017291123,false,שום ארוז יבוא,,,שום ארוז יבוא,Unknown,1.00,יחידה,false,,7.90,7.9000,true,1,155512
7290017389974,true,TO GO 1- קליית השקמה,,,TO GO 1- קליית השקמה,,0.00,,false,,14.90,0.0000,true,1,142320
7290017406237,true,אורז בסמטי פרסי 400,,,אורז בסמטי פרסי 400,,0.00,,false,,9.90,0.0000,true,1,141518
7290017406268,true,אורז מרוקאי 400 גר',,,אורז מרוקאי 400 גר',,0.00,,false,,9.90,0.0000,true,1,141519
7290017418230,true,מוש גליליות חלב 75 ג,,,מוש גליליות חלב 75 ג,,0.00,,false,,3.90,0.0000,true,1,142221
7290017418247,true,מוש גליליות לבן 75 ג,,,מוש גליליות לבן 75 ג,,0.00,,false,,3.90,0.0000,true,1,142222
7290017418254,true,מוש עוגיות חלב 75 גר,,,מוש עוגיות חלב 75 גר,,0.00,,false,,3.90,0.0000,true,1,142223
7290017418261,true,מוש כדורים מיקס 75 ג,,,מוש כדורים מיקס 75 ג,,0.00,,false,,3.90,0.0000,true,1,142224
7290017418285,true,מוש קוביות חלב 75 גר,,,מוש קוביות חלב 75 גר,,0.00,,false,,3.90,0.0000,true,1,142225
7290017477596,false,תמר מג'הול ענק אקסטר,,,תמר מג'הול ענק אקסטר,גרמים,400.00,100 גרם,false,,19.90,0.0497,true,1,150991
7290017513041,true,תה ירוק לימונית לואי,,,תה ירוק לימונית לואי,,0.00,,false,,19.90,0.0000,true,1,144352
7290017513775,false,FLIPZ - בייגלה מצופה,,,FLIPZ - בייגלה מצופה,גרמים,140.00,100 גרם,false,,9.50,0.0679,true,1,145619
7290017513850,false,תה ירוק נענע 25 יחיד,,,תה ירוק נענע 25 יחיד,גרמים,37.50,100 גרם,false,,26.90,0.7173,true,1,150178
7290017516295,false,חטיף חלבון שוקולד עם,,,חטיף חלבון שוקולד עם,גרמים,60.00,100 גרם,false,,10.00,0.1667,true,1,153939
7290017516332,false,חטיף חלבון עם חמאת ב,,,חטיף חלבון עם חמאת ב,גרמים,60.00,100 גרם,false,,10.00,0.1667,true,1,153941
7290017516509,false,חטיף חלבון בטעם קרמל,,,חטיף חלבון בטעם קרמל,גרמים,60.00,100 גרם,false,,10.00,0.1667,true,1,153943
7290017516547,false,חטיף בטעם שוקולד עם,,,חטיף בטעם שוקולד עם,גרמים,25.00,100 גרם,false,,5.00,0.2000,true,1,153944
7290017516592,false,חטיף שוקולד עם חרוב,,,חטיף שוקולד עם חרוב,גרמים,40.00,100 גרם,false,,8.00,0.2000,true,1,153945
7290017516639,false,חטיף חלבון שוקולד חמ,,,חטיף חלבון שוקולד חמ,גרמים,30.00,100 גרם,false,,6.00,0.2000,true,1,153946
7290017586007,false,גזר ארוז,,,גזר ארוז,קילוגרמים,1.00,"ק""ג",true,,4.90,4.9000,true,1,157782
7290017599267,false,סוכרזית סוכרלוז 120,,,סוכרזית סוכרלוז 120,גרמים,100.00,100 גרם,false,,24.90,0.2490,true,1,156650
7290017599274,false,סוכרזית סטיוויה 120,,,סוכרזית סטיוויה 120,גרמים,120.00,100 גרם,false,,32.90,0.2742,true,1,156651
7290017599700,true,פמלה קלופה,,,פמלה קלופה,,0.00,,false,,12.00,0.0000,true,1,139098
7290017617411,false,סטארקיסט מיקס סלמון,,,סטארקיסט מיקס סלמון,גרמים,160.00,100 גרם,false,,15.90,0.0994,true,1,156209
7290017617428,false,סטארקיסט מיקס סלמון,,,סטארקיסט מיקס סלמון,גרמים,160.00,100 גרם,false,,15.90,0.0994,true,1,156210
7290017641041,true,פריכיות אורז ש.מריר,,,פריכיות אורז ש.מריר,,0.00,,false,,5.90,0.0000,true,1,143251
7290017641133,true,שוקולד מריר 3*85 גרם,,,שוקולד מריר 3*85 גרם,,0.00,,false,,10.90,0.0000,true,1,143331
7290017677804,false,רוטב סויה קיקומן 444,,,רוטב סויה קיקומן 444,מיליליטרים,444.00,"100 מ""ל",false,,21.90,0.0493,true,1,145350
7290017696003,true,לקט עלים לסלט,,,לקט עלים לסלט,,0.00,,false,,10.00,0.0000,true,1,140204
7290017696928,true,שזיף  צהוב,,,שזיף  צהוב,,0.00,,false,,10.00,0.0000,true,1,144838
7290017746135,false,פיתות כוסמין 10 יחיד,,,פיתות כוסמין 10 יחיד,Unknown,10.00,יחידה,false,,14.90,1.4900,true,1,150008
7290017800004,true,קישוא זוקיני,,,קישוא זוקיני,,0.00,,false,,9.90,0.0000,true,1,145866
7290017812090,false,תירוש ענבים לבן רמי,,,תירוש ענבים לבן רמי,מיליליטרים,1000.00,"100 מ""ל",false,,13.90,0.0139,true,1,143371
7290017864259,false,בזילקום 100 גרם,,,בזילקום 100 גרם,גרמים,100.00,100 גרם,false,,9.90,0.0990,true,1,147479
7290017864341,false,"תפו""א למיקרו 700 גרם",,,"תפו""א למיקרו 700 גרם",Unknown,1.00,יחידה,false,,7.90,7.9000,true,1,147192
7290017864358,false,נענע ארוז רמי לוי,,,נענע ארוז רמי לוי,Unknown,1.00,יחידה,false,,4.90,4.9000,true,1,150149
7290017864365,false,פטרוזיליה ארוז רמי ל,,,פטרוזיליה ארוז רמי ל,Unknown,1.00,יחידה,false,,4.90,4.9000,true,1,150150
7290017864372,false,שמיר ארוז רמי לוי,,,שמיר ארוז רמי לוי,Unknown,1.00,יחידה,false,,4.90,4.9000,true,1,150151
7290017864389,false,כוסברה ארוז רמי לוי,,,כוסברה ארוז רמי לוי,Unknown,1.00,יחידה,false,,4.90,4.9000,true,1,150152
7290017864396,false,סלרי ארוז רמי לוי,,,סלרי ארוז רמי לוי,Unknown,1.00,יחידה,false,,6.90,6.9000,true,1,150153
7290017864426,false,בצל ירוק רמי לוי,,,בצל ירוק רמי לוי,Unknown,1.00,יחידה,false,,6.90,6.9000,true,1,150156
7290017888071,false,שוופס מוגז עדין פירו,,,שוופס מוגז עדין פירו,מיליליטרים,330.00,"100 מ""ל",false,,3.60,0.0109,true,1,154603
7290017888347,false,מי עדן ספורט 0.5 ליט,,,מי עדן ספורט 0.5 ליט,מיליליטרים,500.00,"100 מ""ל",false,,3.90,0.0078,true,1,152139
7290017888972,false,מי עדן פקק ספורט 1 ל,,,מי עדן פקק ספורט 1 ל,מיליליטרים,1000.00,"100 מ""ל",false,,5.20,0.0052,true,1,148268
7290017930107,false,דלעת 350 גרם,,,דלעת 350 גרם,גרמים,350.00,100 גרם,false,,13.90,0.0397,true,1,150726
7290017947105,false,לחם סגנון אמריקה אנג,,,לחם סגנון אמריקה אנג,גרמים,500.00,100 גרם,false,,13.90,0.0278,true,1,147369
7290017947464,false,פיתות כוסמין אנג'ל 4,,,פיתות כוסמין אנג'ל 4,Unknown,8.00,יחידה,false,,14.90,1.8625,true,1,151617
7290017947891,false,לחם כוסמין וחיטה מלא,,,לחם כוסמין וחיטה מלא,גרמים,750.00,100 גרם,false,,14.90,0.0199,true,1,150200
7290018045893,false,בון בון דגנים 480 גר,,,בון בון דגנים 480 גר,גרמים,480.00,100 גרם,false,,22.90,0.0477,true,1,154416
7290018192610,false,עגבניות שרי,,,עגבניות שרי,Unknown,1.00,יחידה,false,,8.90,8.9000,true,1,149640
7290018333686,false,גרנולה רפאלס פרו 250,,,גרנולה רפאלס פרו 250,גרמים,250.00,100 גרם,false,,17.90,0.0716,true,1,150839
7290018440438,false,טונה איזי פליפ בשמן,,,טונה איזי פליפ בשמן,גרמים,195.00,100 גרם,false,,26.90,0.1379,true,1,155916
7290018443736,false,בייבי מיקס רמי לוי 1,,,בייבי מיקס רמי לוי 1,גרמים,150.00,100 גרם,false,,9.90,0.0660,true,1,153754
7290018468302,false,נקניקיה צמחית בסגנון,,,נקניקיה צמחית בסגנון,גרמים,400.00,100 גרם,false,,39.90,0.0997,true,1,156059
7290018468319,false,נקניקיה צמחית בסגנון,,,נקניקיה צמחית בסגנון,גרמים,400.00,100 גרם,false,,39.90,0.0997,true,1,156060
7290018468401,false,פסטרמה צמחונית בטעם,,,פסטרמה צמחונית בטעם,גרמים,120.00,100 גרם,false,,19.90,0.1658,true,1,157654
7290018468432,false,נקניק טבעוני בטעם מע,,,נקניק טבעוני בטעם מע,גרמים,100.00,100 גרם,false,,19.90,0.1990,true,1,157653
7290018471937,false,שוופס מוגז פירות תות,,,שוופס מוגז פירות תות,מיליליטרים,1500.00,"100 מ""ל",false,,9.60,0.0064,true,1,153949
7290018564011,false,אפונת גינה 800 גרם ר,,,אפונת גינה 800 גרם ר,גרמים,800.00,100 גרם,false,,8.90,0.0111,true,1,151891
7290018564059,false,שעועית ירוקה שלמה עד,,,שעועית ירוקה שלמה עד,גרמים,600.00,100 גרם,false,,10.90,0.0182,true,1,151895
7290018564547,false,ירקות חמוצים בטעם בי,,,ירקות חמוצים בטעם בי,גרמים,500.00,100 גרם,false,,22.90,0.0458,true,1,153048
7290018564554,false,מלפפונים חמוצים ביתי,,,מלפפונים חמוצים ביתי,גרמים,500.00,100 גרם,false,,22.90,0.0458,true,1,153049
7290018564561,false,ירקות חמוצים בסגנון,,,ירקות חמוצים בסגנון,גרמים,500.00,100 גרם,false,,22.90,0.0458,true,1,153050
7290018708125,false,חלבה מסולסלת וניל בא,,,חלבה מסולסלת וניל בא,גרמים,250.00,100 גרם,false,,14.90,0.0596,true,1,154509
7290018720103,false,וופל ללא סוכר מעדני,,,וופל ללא סוכר מעדני,גרמים,250.00,100 גרם,false,,8.90,0.0356,true,1,153407
7290018825211,false,"תפו""א לבן תפזורת",3 יחידות,,"תפו""א לבן תפזורת",קילוגרמים,1.00,"ק""ג",true,,4.90,4.9000,true,1,157784
7290019056096,false,שוופס מוגז עדין אפרס,,,שוופס מוגז עדין אפרס,מיליליטרים,1500.00,"100 מ""ל",false,,9.00,0.0060,true,1,153954
7290019056164,false,רביעית שוופס סודה 1.,,,רביעית שוופס סודה 1.,מיליליטרים,1500.00,"100 מ""ל",false,,12.20,0.0081,true,1,153955
7290019056249,false,מים בטעם ענבים שוופס,,,מים בטעם ענבים שוופס,מיליליטרים,1500.00,"100 מ""ל",false,,9.20,0.0061,true,1,153959
7290019056256,false,מים בטעם תפוח שוופס,,,מים בטעם תפוח שוופס,מיליליטרים,1500.00,"100 מ""ל",false,,9.20,0.0061,true,1,155733
7290019056294,false,שוופס ג'ינג'ר 1.5 לי,,,שוופס ג'ינג'ר 1.5 לי,מיליליטרים,1500.00,"100 מ""ל",false,,13.20,0.0088,true,1,153961
7290019056324,false,שוופס טוניק 1.5 ליטר,,,שוופס טוניק 1.5 ליטר,מיליליטרים,1500.00,"100 מ""ל",false,,12.20,0.0081,true,1,153964
7290019056478,false,ספרינג תה אפרסק 1.5,,,ספרינג תה אפרסק 1.5,מיליליטרים,1500.00,"100 מ""ל",false,,9.20,0.0061,true,1,153969
7290019056485,false,ספרינג תה ירוק לימון,,,ספרינג תה ירוק לימון,מיליליטרים,1500.00,"100 מ""ל",false,,8.80,0.0059,true,1,153970
7290019056553,false,מים מינרלים עין גדי,,,מים מינרלים עין גדי,קילוגרמים,12.00,ליטר,false,,13.80,1.1500,true,1,153974
7290019056560,false,עין גדי 2 ליטר בקבוק,,,עין גדי 2 ליטר בקבוק,מיליליטרים,2000.00,"100 מ""ל",false,,4.20,0.0021,true,1,154611
7290019056577,false,ספרינג מנגו 1.5 ליטר,,,ספרינג מנגו 1.5 ליטר,מיליליטרים,1500.00,"100 מ""ל",false,,9.30,0.0062,true,1,153937
7290019056584,false,משקה קל תפוזים ספרינ,,,משקה קל תפוזים ספרינ,מיליליטרים,1500.00,"100 מ""ל",false,,9.30,0.0062,true,1,153975
7290019056591,false,ספרינג ענבים 1.5 ליט,,,ספרינג ענבים 1.5 ליט,מיליליטרים,1500.00,"100 מ""ל",false,,9.30,0.0062,true,1,153976
7290019056638,false,ספרינג תות בננה 1.5,,,ספרינג תות בננה 1.5,מיליליטרים,1500.00,"100 מ""ל",false,,9.30,0.0062,true,1,153979
7290019056669,false,ספרינג תפוחים לייט 1,,,ספרינג תפוחים לייט 1,מיליליטרים,1500.00,"100 מ""ל",false,,8.80,0.0059,true,1,153982
7290019056942,false,עין גדי 2 ליטר בקבוק,,,עין גדי 2 ליטר בקבוק,מיליליטרים,2000.00,"100 מ""ל",false,,4.20,0.0021,true,1,154612
7290019056959,false,מי עדן 1.5 ליטר,,,מי עדן 1.5 ליטר,מיליליטרים,1500.00,"100 מ""ל",false,,4.50,0.0030,true,1,154613
7290019056966,false,מי עדן 1.5 ליטר,,,מי עדן 1.5 ליטר,מיליליטרים,1500.00,"100 מ""ל",false,,4.50,0.0030,true,1,154614
7290019056973,false,מים מינרליים מי עדן,,,מים מינרליים מי עדן,מיליליטרים,9000.00,"100 מ""ל",false,,14.70,0.0016,true,1,153983
7290019153221,false,שוופס סודה אננס 0.5,,,שוופס סודה אננס 0.5,מיליליטרים,500.00,"100 מ""ל",false,,4.90,0.0098,true,1,155897
7290019153245,false,שוופס סודה לימון 0.5,,,שוופס סודה לימון 0.5,מיליליטרים,500.00,"100 מ""ל",false,,4.90,0.0098,true,1,155899
7290019233039,false,רוטב שקשוקה קלאסית ז,,,רוטב שקשוקה קלאסית ז,גרמים,420.00,100 גרם,false,,14.90,0.0355,true,1,156001
7290019297628,false,שקד טבעי 150 גרם ששו,,,שקד טבעי 150 גרם ששו,גרמים,150.00,100 גרם,false,,13.90,0.0927,true,1,152237
7290019297642,false,גרעין שחור קלוי ללא,,,גרעין שחור קלוי ללא,גרמים,150.00,100 גרם,false,,4.90,0.0327,true,1,157923
7290022005173,true,רמי לוי- פלפל שחור ט,,,רמי לוי- פלפל שחור ט,,0.00,,false,,12.80,0.0000,true,1,139205
7290022005180,true,רמי לוי- פלפל שחור ג,,,רמי לוי- פלפל שחור ג,,0.00,,false,,12.80,0.0000,true,1,139206
7290022005227,true,רמי לוי- שום טחון בצ,,,רמי לוי- שום טחון בצ,,0.00,,false,,12.80,0.0000,true,1,139210
7290022005265,true,רמי לוי- פפריקה חריפ,,,רמי לוי- פפריקה חריפ,,0.00,,false,,8.50,0.0000,true,1,139214
7290022005517,true,אבקת שייק וניל עוגיו,,,אבקת שייק וניל עוגיו,,0.00,,false,,2999.90,0.0000,true,1,144773
7290055090863,true,סביבון מטבעות שוקולד,,,סביבון מטבעות שוקולד,,0.00,,false,,5.00,0.0000,true,1,140721
7290100243671,false,מרכך כביסה מרוכז כחו,,,מרכך כביסה מרוכז כחו,מיליליטרים,960.00,"100 מ""ל",false,,17.90,0.0186,true,1,139480
7290100246368,true,מפעל-רוטב אלף האיים,,,מפעל-רוטב אלף האיים,,0.00,,false,,2999.90,0.0000,true,1,137059
7290100247051,true,פינוק תחליב רחצה ניח,,,פינוק תחליב רחצה ניח,,0.00,,false,,10.90,0.0000,true,1,135363
7290100249598,false,רוטב לעוף שום ודבש ק,,,רוטב לעוף שום ודבש ק,גרמים,320.00,100 גרם,false,,11.90,0.0372,true,1,143476
7290100249659,false,רוטב לעוף צ'ילי שום,,,רוטב לעוף צ'ילי שום,גרמים,320.00,100 גרם,false,,11.90,0.0372,true,1,143477
7290100249932,true,דגני בוקר דליפקאן בד,,,דגני בוקר דליפקאן בד,,0.00,,false,,21.90,0.0000,true,1,135364
7290100631789,true,תבנית סיליקון דובוני,,,תבנית סיליקון דובוני,,0.00,,false,,0.00,0.0000,true,1,140044
7290100653609,true,ליידי ספיד סטיק 24/7,,,ליידי ספיד סטיק 24/7,,0.00,,false,,19.90,0.0000,true,1,137259
7290100680667,false,מנה חמה נודלס בסגנון,,,מנה חמה נודלס בסגנון,גרמים,76.00,100 גרם,false,,6.90,0.0908,true,1,139713
7290100680711,false,פירורי לחם מוזהבים פ,,,פירורי לחם מוזהבים פ,גרמים,350.00,100 גרם,false,,8.90,0.0254,true,1,139698
7290100680728,false,פירורי לחם לבנים פיר,,,פירורי לחם לבנים פיר,גרמים,350.00,100 גרם,false,,7.90,0.0226,true,1,144098
7290100681138,false,מארז 3 אפרופו 50 גרם,,,מארז 3 אפרופו 50 גרם,גרמים,150.00,100 גרם,false,,12.90,0.0860,true,1,136240
7290100681244,true,אסם רוטב שום לסלט 29,,,אסם רוטב שום לסלט 29,,0.00,,false,,8.90,0.0000,true,1,142388
7290100683392,true,"טייסטרס צ""ויס 50 גרם",,,"טייסטרס צ""ויס 50 גרם",,0.00,,false,,5.00,0.0000,true,1,134938
7290100689301,false,אסם עדיף זך טעם עוף,,,אסם עדיף זך טעם עוף,גרמים,400.00,100 גרם,false,,15.90,0.0398,true,1,140993
7290100700020,false,גריסי פנינה סוגת 500,,,גריסי פנינה סוגת 500,גרמים,500.00,100 גרם,false,,6.80,0.0136,true,1,146613
7290100700396,false,אורז יסמין קלאסי סוג,,,אורז יסמין קלאסי סוג,גרמים,1000.00,100 גרם,false,,12.30,0.0123,true,1,135952
7290100700587,false,בורגול סוגת 500 גרם,,,בורגול סוגת 500 גרם,גרמים,500.00,100 גרם,false,,6.50,0.0130,true,1,132485
7290100701454,false,גרישה בורגול דק סוגת,,,גרישה בורגול דק סוגת,גרמים,500.00,100 גרם,false,,6.50,0.0130,true,1,146615
7290100702994,false,סוכר דמררה בשקית סוג,,,סוכר דמררה בשקית סוג,גרמים,500.00,100 גרם,false,,6.90,0.0138,true,1,133851
7290100703007,false,עדשים שחורות סוגת 50,,,עדשים שחורות סוגת 50,גרמים,500.00,100 גרם,false,,8.90,0.0178,true,1,146612
7290100808503,true,"תמר מג""עול 200 גרם",,,"תמר מג""עול 200 גרם",,0.00,,false,,5.00,0.0000,true,1,133078
7290100858226,true,"טבלת פ""ז קלאסי",,,"טבלת פ""ז קלאסי",,0.00,,false,,8.90,0.0000,true,1,138728
7290100858592,false,שקית קקאו עלית 150 ג,,,שקית קקאו עלית 150 ג,גרמים,150.00,100 גרם,false,,10.20,0.0680,true,1,139956
7290100924723,true,"ג""ל נתלה לאסלה 50 מ""",,,"ג""ל נתלה לאסלה 50 מ""",,0.00,,false,,5.00,0.0000,true,1,135483
7290100924730,true,"ג""ל נתלה לאסלה 50 מ""",,,"ג""ל נתלה לאסלה 50 מ""",,0.00,,false,,5.00,0.0000,true,1,135484
7290101112723,true,מנבו 3 יחידות,,,מנבו 3 יחידות,,0.00,,false,,5.00,0.0000,true,1,135456
7290101482208,true,משקה אורז אורגני 1 ל,,,משקה אורז אורגני 1 ל,,0.00,,false,,5.00,0.0000,true,1,134873
7290101484080,true,משקה אורז בטעם וניל,,,משקה אורז בטעם וניל,,0.00,,false,,5.00,0.0000,true,1,134942
7290101486688,false,חטיף דגנים עם שוקולד,,,חטיף דגנים עם שוקולד,גרמים,100.00,100 גרם,false,,17.90,0.1790,true,1,141814
7290101488316,false,דאודורנט סטיק ורוד ל,,,דאודורנט סטיק ורוד ל,גרמים,65.00,100 גרם,false,,24.90,0.3831,true,1,141815
7290101552963,true,דוריטוס מיקס גריל 55,,,דוריטוס מיקס גריל 55,,0.00,,false,,3.40,0.0000,true,1,143798
7290101554349,true,דוריטוס מיקס חמוץ חר,,,דוריטוס מיקס חמוץ חר,,0.00,,false,,3.40,0.0000,true,1,143799
7290101920038,true,מפעל-סולו אקונומיקה,,,מפעל-סולו אקונומיקה,,0.00,,false,,2999.90,0.0000,true,1,137524
7290101920359,true,אשפתון 75/90 שחור50,,,אשפתון 75/90 שחור50,,0.00,,false,,0.00,0.0000,true,1,133907
7290101921226,true,קופיקס - כפפות ניילו,,,קופיקס - כפפות ניילו,,0.00,,false,,0.00,0.0000,true,1,133913
7290102030330,false,תפוצ'פס קראנצ מקסיקנ,,,תפוצ'פס קראנצ מקסיקנ,גרמים,200.00,100 גרם,false,,10.90,0.0545,true,1,140521
7290102138260,true,צילון מתקפל לרכב,,,צילון מתקפל לרכב,,0.00,,false,,5.00,0.0000,true,1,137250
7290102390427,false,יוגורט ביו פרופ קציפ,,,יוגורט ביו פרופ קציפ,מיליליטרים,150.00,"100 מ""ל",false,,5.20,0.0347,true,1,145030
7290102390465,false,יוגורט ביו פרופ קציפ,,,יוגורט ביו פרופ קציפ,מיליליטרים,150.00,"100 מ""ל",false,,5.20,0.0347,true,1,145031
7290102391301,true,יוגורט מולר 1.7% 150,,,יוגורט מולר 1.7% 150,,0.00,,false,,5.00,0.0000,true,1,136016
7290102391325,true,יוגורט מולר 2.8% 150,,,יוגורט מולר 2.8% 150,,0.00,,false,,5.00,0.0000,true,1,136017
7290102391844,false,יוגורט ביו פרופ קציפ,,,יוגורט ביו פרופ קציפ,מיליליטרים,150.00,"100 מ""ל",false,,5.20,0.0347,true,1,145032
7290102393169,false,יוגורט סימפלי פרוט ת,,,יוגורט סימפלי פרוט ת,גרמים,150.00,100 גרם,false,,5.10,0.0340,true,1,143584
7290102393176,false,יוגורט סימפלי פרוט א,,,יוגורט סימפלי פרוט א,מיליליטרים,150.00,"100 מ""ל",false,,5.10,0.0340,true,1,143585
7290102393190,false,יוגורט סימפלי פרוט פ,,,יוגורט סימפלי פרוט פ,מיליליטרים,150.00,"100 מ""ל",false,,5.10,0.0340,true,1,143586
7290102394487,true,גבינה צהובה נעם 50 ג,,,גבינה צהובה נעם 50 ג,,0.00,,false,,5.00,0.0000,true,1,136023
7290102397150,true,מולר סיפ אפרסק פסיפל,,,מולר סיפ אפרסק פסיפל,,0.00,,false,,5.00,0.0000,true,1,136033
7290102397167,true,מולר סיפ אפרסק תות ב,,,מולר סיפ אפרסק תות ב,,0.00,,false,,5.00,0.0000,true,1,136034
7290102398072,false,חלב בקרטון 3% 1 ליטר,,,חלב בקרטון 3% 1 ליטר,מיליליטרים,1000.00,"100 מ""ל",false,,6.23,0.0062,true,1,137312
7290102399154,true,מולר רייס בטעם שוקול,,,מולר רייס בטעם שוקול,,0.00,,false,,5.00,0.0000,true,1,144809
7290102399796,false,מולר אקטיב 25 גרם חל,,,מולר אקטיב 25 גרם חל,גרמים,200.00,100 גרם,false,,5.90,0.0295,true,1,148046
7290102399802,false,יוגורט ביו 20 גרם חל,,,יוגורט ביו 20 גרם חל,גרמים,200.00,100 גרם,false,,6.20,0.0310,true,1,148047
7290102399819,false,יוגורט ביו 20 גרם חל,,,יוגורט ביו 20 גרם חל,גרמים,200.00,100 גרם,false,,6.20,0.0310,true,1,148048
7290102845590,true,"אייס לימונענע כשל""פ",,,"אייס לימונענע כשל""פ",,0.00,,false,,2999.90,0.0000,true,1,143197
7290103702533,false,מגבות נייר כפול 6 יח,,,מגבות נייר כפול 6 יח,Unknown,6.00,יחידה,false,,19.90,3.3167,true,1,145180
7290103702564,false,נייר טואלט 30 גלילים,,,נייר טואלט 30 גלילים,Unknown,30.00,יחידה,false,,25.90,0.8633,true,1,146692
7290104067693,false,חומוס חריף אחלה 150,,,חומוס חריף אחלה 150,גרמים,150.00,100 גרם,false,,5.50,0.0367,true,1,142026
7290104500572,false,אפרופו איטליאנו אסם,,,אפרופו איטליאנו אסם,גרמים,50.00,100 גרם,false,,5.80,0.1160,true,1,139711
7290104504228,false,דובונים חטיף תפוחי א,,,דובונים חטיף תפוחי א,גרמים,100.00,100 גרם,false,,12.90,0.1290,true,1,136241
7290104724190,true,סימפוניה פימנטה פיקנ,,,סימפוניה פימנטה פיקנ,,0.00,,false,,10.90,0.0000,true,1,142027
7290104728310,false,שמנת להקצפה 38% יטבת,,,שמנת להקצפה 38% יטבת,מיליליטרים,250.00,"100 מ""ל",false,,6.47,0.0259,true,1,142031
7290104931093,true,נוזל לניקוי חלונות 7,,,נוזל לניקוי חלונות 7,,0.00,,false,,5.00,0.0000,true,1,138904
7290104932205,true,מרכך מרוכז TING כחול,,,מרכך מרוכז TING כחול,,0.00,,false,,5.00,0.0000,true,1,138779
7290104932229,true,ג'ל כביסה TING ירוק,,,ג'ל כביסה TING ירוק,,0.00,,false,,5.00,0.0000,true,1,138781
7290104932298,true,נוזל רצפה כחול 1 ליט,,,נוזל רצפה כחול 1 ליט,,0.00,,false,,5.00,0.0000,true,1,138970
7290104932304,true,"מסיר אבנית 500 מ""ל T",,,"מסיר אבנית 500 מ""ל T",,0.00,,false,,5.00,0.0000,true,1,138971
7290104932397,true,"מנקה אסלות 500 מ""ל",,,"מנקה אסלות 500 מ""ל",,0.00,,false,,5.00,0.0000,true,1,142919
7290105360335,false,קפסולות 07 למכונות N,,,קפסולות 07 למכונות N,Unknown,10.00,יחידה,false,,18.90,1.8900,true,1,149967
7290105360755,false,"שמן זית 3 חזק 750 מ""",,,"שמן זית 3 חזק 750 מ""",מיליליטרים,750.00,"100 מ""ל",false,,35.90,0.0479,true,1,141864
7290105360878,false,תפוצ'יפס טבעי עלית 4,,,תפוצ'יפס טבעי עלית 4,גרמים,200.00,100 גרם,false,,12.50,0.0625,true,1,140711
7290105363602,false,כיף כף מקלות קלאסי 4,,,כיף כף מקלות קלאסי 4,גרמים,40.00,100 גרם,false,,5.20,0.1300,true,1,138319
7290105369130,false,סימפוניה בצל ירוק 20,,,סימפוניה בצל ירוק 20,גרמים,200.00,100 גרם,false,,12.40,0.0620,true,1,142037
7290105369666,true,בונבוניירה לב חלב קט,,,בונבוניירה לב חלב קט,,0.00,,false,,9.90,0.0000,true,1,143425
7290105433985,true,לסס פרש אסנס פריחת ה,,,לסס פרש אסנס פריחת ה,,0.00,,false,,19.90,0.0000,true,1,141817
7290105436382,false,חטיף בריאות פרי תמרי,,,חטיף בריאות פרי תמרי,גרמים,125.00,100 גרם,false,,17.90,0.1432,true,1,141818
7290105500625,true,"ג""ין בומביי ספייר70",,,"ג""ין בומביי ספייר70",,0.00,,false,,0.00,0.0000,true,1,138594
7290105691712,false,עוגיות הפסקת קפה עם,,,עוגיות הפסקת קפה עם,גרמים,230.00,100 גרם,false,,10.90,0.0474,true,1,144106
7290105691934,false,קמח שמרים אסם 1 קילו,,,קמח שמרים אסם 1 קילו,גרמים,1000.00,100 גרם,false,,9.90,0.0099,true,1,139699
7290105693341,false,חטיף בוטנים במבה 10*,,,חטיף בוטנים במבה 10*,גרמים,250.00,100 גרם,false,,15.90,0.0636,true,1,143418
7290105693952,false,אסם פירורית זהב שומש,,,אסם פירורית זהב שומש,גרמים,200.00,100 גרם,false,,7.50,0.0375,true,1,144108
7290105694775,true,טריקס דגני פירות 480,,,טריקס דגני פירות 480,,0.00,,false,,22.90,0.0000,true,1,141173
7290105695321,false,הבית עוגת בראוניס פא,,,הבית עוגת בראוניס פא,גרמים,350.00,100 גרם,false,,15.90,0.0454,true,1,144109
7290105968098,false,קולסלאו 500 גרם,,,קולסלאו 500 גרם,גרמים,500.00,100 גרם,false,,15.90,0.0318,true,1,142041
7290105968777,false,פריכיות 5 דגנים תחתי,,,פריכיות 5 דגנים תחתי,גרמים,70.00,100 גרם,false,,8.90,0.1271,true,1,151358
7290106267169,true,סאן אנד קאר למבוגרים,,,סאן אנד קאר למבוגרים,,0.00,,false,,15.00,0.0000,true,1,136852
7290106410251,true,"ג""לי בינס 100 גרם",,,"ג""לי בינס 100 גרם",,0.00,,false,,5.00,0.0000,true,1,132388
7290106411524,true,ממתק חמוץ ומסוכר בטע,,,ממתק חמוץ ומסוכר בטע,,0.00,,false,,5.00,0.0000,true,1,132391
7290106411890,true,ממתק שטיח בטעם קולה,,,ממתק שטיח בטעם קולה,,0.00,,false,,5.00,0.0000,true,1,135064
7290106411913,true,ממתק חמוץ ומסוכר בטע,,,ממתק חמוץ ומסוכר בטע,,0.00,,false,,5.00,0.0000,true,1,132392
7290106411937,true,ממתק חמוץ ומסוכר בטע,,,ממתק חמוץ ומסוכר בטע,,0.00,,false,,5.00,0.0000,true,1,132393
7290106411999,true,ממתק חמוץ ומסוכר בטע,,,ממתק חמוץ ומסוכר בטע,,0.00,,false,,5.00,0.0000,true,1,134903
7290106414051,true,סוכריות גומי דובונים,,,סוכריות גומי דובונים,,0.00,,false,,5.00,0.0000,true,1,132556
7290106415508,true,מטבעות שוקולד,,,מטבעות שוקולד,,0.00,,false,,5.00,0.0000,true,1,133810
7290106520066,false,רבע לשבע קרם אגוזים,,,רבע לשבע קרם אגוזים,גרמים,160.00,100 גרם,false,,12.90,0.0806,true,1,139959
7290106524439,false,תפוצ'יפס פופס 60 גרם,,,תפוצ'יפס פופס 60 גרם,גרמים,60.00,100 גרם,false,,4.30,0.0717,true,1,139009
7290106525368,false,רבע שבע טבעוני שחור,,,רבע שבע טבעוני שחור,גרמים,125.00,100 גרם,false,,12.90,0.1032,true,1,156652
7290106525382,false,קפה טורקי עלית 125 ג,,,קפה טורקי עלית 125 ג,גרמים,125.00,100 גרם,false,,9.90,0.0792,true,1,140940
7290106525399,false,קפסולות 06 ברזיל למכ,,,קפסולות 06 ברזיל למכ,Unknown,10.00,יחידה,false,,18.90,1.8900,true,1,149968
7290106526822,false,פריכיות אורז חום מלא,,,פריכיות אורז חום מלא,גרמים,80.00,100 גרם,false,,8.90,0.1113,true,1,139960
7290106528567,false,דוריטוס גריל 185 גרם,,,דוריטוס גריל 185 גרם,גרמים,185.00,100 גרם,false,,8.50,0.0459,true,1,140570
7290106528628,false,דוריטוס טבעי 185 גרם,,,דוריטוס טבעי 185 גרם,גרמים,185.00,100 גרם,false,,8.50,0.0459,true,1,140571
7290106571921,false,פיטנס עוגיות חמוציות,,,פיטנס עוגיות חמוציות,גרמים,180.00,100 גרם,false,,11.90,0.0661,true,1,144110
7290106572027,false,לחמית חמישה דגנים 19,,,לחמית חמישה דגנים 19,גרמים,190.00,100 גרם,false,,9.90,0.0521,true,1,144112
7290106572997,false,קמח שמרים לפיצה ופוק,,,קמח שמרים לפיצה ופוק,גרמים,1000.00,100 גרם,false,,9.90,0.0099,true,1,148347
7290106574793,false,עוגת הבית שוקו שוקוצ,,,עוגת הבית שוקו שוקוצ,גרמים,350.00,100 גרם,false,,12.90,0.0369,true,1,144119
7290106574953,false,בייגלה שטוחים שומשום,,,בייגלה שטוחים שומשום,גרמים,300.00,100 גרם,false,,10.90,0.0363,true,1,147294
7290106574977,false,בייגלה כעכים שטוחים,,,בייגלה כעכים שטוחים,גרמים,300.00,100 גרם,false,,10.90,0.0363,true,1,139703
7290106575257,false,עוגת הבית סופלה בטעם,,,עוגת הבית סופלה בטעם,גרמים,340.00,100 גרם,false,,12.90,0.0379,true,1,144121
7290106575431,false,עוגת הבית סופלה בטעם,,,עוגת הבית סופלה בטעם,גרמים,340.00,100 גרם,false,,12.90,0.0379,true,1,144122
7290106578692,false,במבה ביסלי מיקס 80 ג,,,במבה ביסלי מיקס 80 ג,גרמים,80.00,100 גרם,false,,4.90,0.0613,true,1,147986
7290106644700,true,דוריטוס פיצה 55 גרם,,,דוריטוס פיצה 55 גרם,,0.00,,false,,0.00,0.0000,true,1,140027
7290106652491,true,בפלות לימון ארוכות 3,,,בפלות לימון ארוכות 3,,0.00,,false,,5.00,0.0000,true,1,132824
7290106653429,true,פיתה קראנצ חיטה מלאה,,,פיתה קראנצ חיטה מלאה,,0.00,,false,,13.90,0.0000,true,1,140573
7290106653504,false,בוטנים אמריקאים ברבי,,,בוטנים אמריקאים ברבי,גרמים,50.00,100 גרם,false,,2.90,0.0580,true,1,136851
7290106657144,true,תפוצ'יפס אקסטרא בטעם,,,תפוצ'יפס אקסטרא בטעם,,0.00,,false,,3.90,0.0000,true,1,142273
7290106658707,true,מארז 4 אקטיביה 0% או,,,מארז 4 אקטיביה 0% או,,0.00,,false,,0.00,0.0000,true,1,134717
7290106662605,true,Joy מעדן עם שוקולד 3,,,Joy מעדן עם שוקולד 3,,0.00,,false,,5.00,0.0000,true,1,134311
7290106662643,true,joy מעדן בטעם שוקולד,,,joy מעדן בטעם שוקולד,,0.00,,false,,5.00,0.0000,true,1,134313
7290106663183,false,ציטוס קראצ בטעם גבינ,,,ציטוס קראצ בטעם גבינ,גרמים,65.00,100 גרם,false,,3.60,0.0554,true,1,139007
7290106664760,false,סבבה בוטנים אמריקאים,,,סבבה בוטנים אמריקאים,גרמים,50.00,100 גרם,false,,2.50,0.0500,true,1,143800
7290106667266,false,דוריטוס חמוץ חריף 18,,,דוריטוס חמוץ חריף 18,גרמים,185.00,100 גרם,false,,8.50,0.0459,true,1,140523
7290106668133,false,שוקולית בשקית 400 גר,,,שוקולית בשקית 400 גר,גרמים,400.00,100 גרם,false,,10.90,0.0273,true,1,136119
7290106668652,true,תפוצ'יפס טבעי 90 גרם,,,תפוצ'יפס טבעי 90 גרם,,0.00,,false,,3.90,0.0000,true,1,132875
7290106669857,false,קפסולות וניל למכונות,,,קפסולות וניל למכונות,Unknown,10.00,יחידה,false,,18.90,1.8900,true,1,149969
7290106722095,true,באגט קראנצ שום 300 ג,,,באגט קראנצ שום 300 ג,,0.00,,false,,13.90,0.0000,true,1,140576
7290106722101,true,באגט קראנצ טבעי 300,,,באגט קראנצ טבעי 300,,0.00,,false,,13.90,0.0000,true,1,140577
7290106727984,false,גביע פצפצים 135 גרם,,,גביע פצפצים 135 גרם,גרמים,135.00,100 גרם,false,,10.60,0.0785,true,1,139964
7290106729810,true,רביעיית קפסולות קפה,,,רביעיית קפסולות קפה,,0.00,,false,,5.00,0.0000,true,1,134583
7290107020084,true,וודקה טרופי 700 מל,,,וודקה טרופי 700 מל,,0.00,,false,,0.00,0.0000,true,1,135568
7290107020763,true,וודקה תיאו אסאי 700,,,וודקה תיאו אסאי 700,,0.00,,false,,0.00,0.0000,true,1,134615
7290107020930,true,"וודקה תיאו ג""בוטיקבה",,,"וודקה תיאו ג""בוטיקבה",,0.00,,false,,0.00,0.0000,true,1,134355
7290107020947,true,"וודקה תיאו ג""בוטיקבה",,,"וודקה תיאו ג""בוטיקבה",,0.00,,false,,0.00,0.0000,true,1,134356
7290107021241,true,וודקה ענבים 700 מל,,,וודקה ענבים 700 מל,,0.00,,false,,0.00,0.0000,true,1,135625
7290107021296,true,וודקה פסח ענבים 1 לי,,,וודקה פסח ענבים 1 לי,,0.00,,false,,0.00,0.0000,true,1,135121
7290107280792,true,מילוי נוזל כלים ספאר,,,מילוי נוזל כלים ספאר,,0.00,,false,,5.00,0.0000,true,1,133345
7290107642422,true,"קליק קראנץ ""קרם אגוז",,,"קליק קראנץ ""קרם אגוז",,0.00,,false,,0.00,0.0000,true,1,134923
7290107644174,true,נשנושים מיקס 200 גרם,,,נשנושים מיקס 200 גרם,,0.00,,false,,5.00,0.0000,true,1,135263
7290107644587,true,כריות נוגט עם פחות ס,,,כריות נוגט עם פחות ס,,0.00,,false,,24.90,0.0000,true,1,144713
7290107644723,true,פינוק מרכך שמן קוקוס,,,פינוק מרכך שמן קוקוס,,0.00,,false,,11.90,0.0000,true,1,144715
7290107646147,false,חטיפי שוגי קורנפלקס,,,חטיפי שוגי קורנפלקס,גרמים,156.00,100 גרם,false,,13.90,0.0891,true,1,139496
7290107647366,false,דומסטוס שלישיה אסלות,,,דומסטוס שלישיה אסלות,גרמים,165.00,100 גרם,false,,14.90,0.0903,true,1,144724
7290107647656,false,מאגדת סולרו פרוט בוס,,,מאגדת סולרו פרוט בוס,Unknown,5.00,יחידה,false,,24.90,4.9800,true,1,145578
7290107647724,true,קוקומן חום לבן 750 ג,,,קוקומן חום לבן 750 ג,,0.00,,false,,0.00,0.0000,true,1,138530
7290107647854,false,שוגי 500 גרם,,,שוגי 500 גרם,גרמים,500.00,100 גרם,false,,20.90,0.0418,true,1,140330
7290107648523,true,קורנפלקס של כוכבים3,,,קורנפלקס של כוכבים3,,0.00,,false,,0.00,0.0000,true,1,139148
7290107648905,true,גרנולה תלמה פירות בד,,,גרנולה תלמה פירות בד,,0.00,,false,,16.20,0.0000,true,1,140332
7290107649858,false,טילון מגנום לבן,,,טילון מגנום לבן,Unknown,1.00,יחידה,false,,11.00,11.0000,true,1,145588
7290107672720,true,"ג""ויה ריבת חלב ושקדי",,,"ג""ויה ריבת חלב ושקדי",,0.00,,false,,5.00,0.0000,true,1,134603
7290107870061,true,"ג""ויה וניל בציפוי שו",,,"ג""ויה וניל בציפוי שו",,0.00,,false,,0.00,0.0000,true,1,134753
7290107870870,true,ביסלי מאנץ' ספרדי 40,,,ביסלי מאנץ' ספרדי 40,,0.00,,false,,3.30,0.0000,true,1,138642
7290107871297,false,אסם פריכונים מיני עש,,,אסם פריכונים מיני עש,גרמים,23.00,100 גרם,false,,4.50,0.1957,true,1,135127
7290107871990,false,אסם פסטה צינורות איט,,,אסם פסטה צינורות איט,גרמים,500.00,100 גרם,false,,6.50,0.0130,true,1,139709
7290107874441,false,אסם פריכונים מיני בצ,,,אסם פריכונים מיני בצ,גרמים,23.00,100 גרם,false,,4.50,0.1957,true,1,135130
7290107874632,true,מאגדת שלגון חלבי אימ,,,מאגדת שלגון חלבי אימ,,0.00,,false,,0.00,0.0000,true,1,135312
7290107931397,false,כיף כף פצפצים 40 גרם,,,כיף כף פצפצים 40 גרם,גרמים,135.00,100 גרם,false,,5.00,0.0370,true,1,138327
7290107931755,true,גומי דובונים 80 גרם,,,גומי דובונים 80 גרם,,0.00,,false,,5.00,0.0000,true,1,138336
7290107932080,false,חלב מועשר בקבוק 3% י,,,חלב מועשר בקבוק 3% י,מיליליטרים,1000.00,"100 מ""ל",false,,7.90,0.0079,true,1,142786
7290107935968,true,קשית חמוץ ממולא בטעמ,,,קשית חמוץ ממולא בטעמ,,0.00,,false,,5.00,0.0000,true,1,138337
7290107936309,false,יוגורט דנונה יווני ל,,,יוגורט דנונה יווני ל,גרמים,130.00,100 גרם,false,,3.50,0.0269,true,1,142791
7290107937627,false,צנצנת קוביות מנטה עד,,,צנצנת קוביות מנטה עד,גרמים,58.00,100 גרם,false,,10.90,0.1879,true,1,137882
7290107937634,false,צנצנת קוביות מנטה 58,,,צנצנת קוביות מנטה 58,גרמים,58.00,100 גרם,false,,10.90,0.1879,true,1,137883
7290107937641,false,צנצנת קוביות בזוקה 5,,,צנצנת קוביות בזוקה 5,גרמים,58.00,100 גרם,false,,10.90,0.1879,true,1,137888
7290107939942,true,דנונה פרו טריפל זירו,,,דנונה פרו טריפל זירו,,0.00,,false,,4.90,0.0000,true,1,136205
7290107940474,true,אקטיביה לבן חלב מלא,,,אקטיביה לבן חלב מלא,,0.00,,false,,3.60,0.0000,true,1,142064
7290107942355,false,תפוצ'יפס מקלות טבעי,,,תפוצ'יפס מקלות טבעי,גרמים,60.00,100 גרם,false,,4.30,0.0717,true,1,146480
7290107943413,true,נודלס בסגנון אסייתי,,,נודלס בסגנון אסייתי,,0.00,,false,,16.90,0.0000,true,1,143689
7290107944427,true,השוקו שלי יטבתה 225,,,השוקו שלי יטבתה 225,,0.00,,false,,5.00,0.0000,true,1,135960
7290107945165,false,קונפיטורת משמש 340 ג,,,קונפיטורת משמש 340 ג,גרמים,340.00,100 גרם,false,,13.90,0.0409,true,1,141884
7290107946506,true,סקי תוספות טפנד זיתי,,,סקי תוספות טפנד זיתי,,0.00,,false,,8.90,0.0000,true,1,143693
7290107946513,true,סקי תוספות סחוג 250,,,סקי תוספות סחוג 250,,0.00,,false,,8.90,0.0000,true,1,143694
7290107947558,true,שוקו שלי דיסני 250 מ,,,שוקו שלי דיסני 250 מ,,0.00,,false,,5.10,0.0000,true,1,142078
7290107951111,false,בפלות לימון 200 גרם,,,בפלות לימון 200 גרם,גרמים,200.00,100 גרם,false,,5.50,0.0275,true,1,157009
7290107956642,false,"תרסיס שמן זית 150 מ""",,,"תרסיס שמן זית 150 מ""",מיליליטרים,150.00,"100 מ""ל",false,,17.90,0.1193,true,1,141889
7290107957069,false,צנצנת עלמה בטעם אוכמ,,,צנצנת עלמה בטעם אוכמ,גרמים,66.00,100 גרם,false,,10.90,0.1652,true,1,148009
7290107957076,false,צנצנת עלמה בטעם ספיר,,,צנצנת עלמה בטעם ספיר,גרמים,66.00,100 גרם,false,,10.90,0.1652,true,1,148010
7290107957755,true,מילקי אירייש קרים 13,,,מילקי אירייש קרים 13,,0.00,,false,,3.50,0.0000,true,1,142796
7290107958080,true,אקטיביה חלב מלא פירו,,,אקטיביה חלב מלא פירו,,0.00,,false,,4.90,0.0000,true,1,142102
7290107958189,true,אקטיביה שזיף תפוח 15,,,אקטיביה שזיף תפוח 15,,0.00,,false,,4.90,0.0000,true,1,142104
7290107973557,true,ליידי ספיד סטיק דאוד,,,ליידי ספיד סטיק דאוד,,0.00,,false,,24.90,0.0000,true,1,141820
7290107973892,true,קולגייט מברשת שיניים,,,קולגייט מברשת שיניים,,0.00,,false,,5.00,0.0000,true,1,137094
7290107974820,false,מנה ממרח ספייסי מתוב,,,מנה ממרח ספייסי מתוב,גרמים,252.00,100 גרם,false,,8.90,0.0353,true,1,149554
7290107979573,true,קוקי ניילון נצמד זוג,,,קוקי ניילון נצמד זוג,,0.00,,false,,10.90,0.0000,true,1,140221
7290108073430,true,בקבוק נירוסטה מעוצב,,,בקבוק נירוסטה מעוצב,,0.00,,false,,14.90,0.0000,true,1,143835
7290108201987,true,"ספריי חיטוי 400 מ""ל",,,"ספריי חיטוי 400 מ""ל",,0.00,,false,,24.90,0.0000,true,1,141590
7290108270433,false,כוסות שתיה קרה רמי ל,,,כוסות שתיה קרה רמי ל,Unknown,150.00,יחידה,false,,19.90,0.1327,true,1,139829
7290108271171,false,מגשית אלומיניום עם מ,,,מגשית אלומיניום עם מ,Unknown,3.00,יחידה,false,,7.90,2.6333,true,1,139834
7290108271188,false,כוסות נייר שתיה חמה,,,כוסות נייר שתיה חמה,Unknown,50.00,יחידה,false,,11.90,0.2380,true,1,143046
7290108271379,true,כוס נייר אפור 50 יחי,,,כוס נייר אפור 50 יחי,,0.00,,false,,8.00,0.0000,true,1,142341
7290108271416,false,שקיות אשפה 52/65 עם,,,שקיות אשפה 52/65 עם,Unknown,1.00,יחידה,false,,18.90,18.9000,true,1,139835
7290108271430,false,שקית אשפה עם שרוך זו,,,שקית אשפה עם שרוך זו,גרמים,760.00,100 גרם,false,,14.60,0.0192,true,1,145202
7290108271454,false,שקיות מזון בקופסא רמ,,,שקיות מזון בקופסא רמ,Unknown,300.00,יחידה,false,,9.90,0.0330,true,1,139836
7290108271461,false,שקיות הקפאה-זוגות גל,,,שקיות הקפאה-זוגות גל,Unknown,2.00,יחידה,false,,8.30,4.1500,true,1,145203
7290108271485,false,שקיות גופייה אפור HD,,,שקיות גופייה אפור HD,Unknown,25.00,יחידה,false,,14.60,0.5840,true,1,145214
7290108271492,false,נייר אפייה רמי לוי 3,,,נייר אפייה רמי לוי 3,Unknown,50.00,יחידה,false,,8.90,0.1780,true,1,139837
7290108271577,false,כוסות עם מכסה 300 יח,,,כוסות עם מכסה 300 יח,Unknown,300.00,יחידה,false,,16.90,0.0563,true,1,139838
7290108271607,false,רדיד אלומיניום זוגות,,,רדיד אלומיניום זוגות,Unknown,2.00,יחידה,false,,11.90,5.9500,true,1,139839
7290108271829,false,קופסאות אחסון 1 ליטר,,,קופסאות אחסון 1 ליטר,Unknown,5.00,יחידה,false,,9.90,1.9800,true,1,139844
7290108272000,false,כוסות שתיה קרה 100 י,,,כוסות שתיה קרה 100 י,Unknown,100.00,יחידה,false,,7.90,0.0790,true,1,139846
7290108272079,false,מגבונים לניקוי כללי,,,מגבונים לניקוי כללי,Unknown,400.00,יחידה,false,,20.90,0.0522,true,1,142345
7290108272130,false,נייר סנדויץ 25*35 רמ,,,נייר סנדויץ 25*35 רמ,Unknown,100.00,יחידה,false,,8.90,0.0890,true,1,139847
7290108272154,false,מרקיות רמי לוי 25 יח,,,מרקיות רמי לוי 25 יח,Unknown,25.00,יחידה,false,,7.90,0.3160,true,1,139849
7290108272161,false,קערית אובלית קטן רמי,,,קערית אובלית קטן רמי,Unknown,25.00,יחידה,false,,5.50,0.2200,true,1,139850
7290108273601,false,קשים צבעוניים רמי לו,,,קשים צבעוניים רמי לו,Unknown,225.00,יחידה,false,,10.90,0.0484,true,1,139863
7290108273663,false,מגשיות אלומיניום גדו,,,מגשיות אלומיניום גדו,Unknown,5.00,יחידה,false,,7.30,1.4600,true,1,139866
7290108273687,false,מגשיות אלומיניום עגו,,,מגשיות אלומיניום עגו,Unknown,5.00,יחידה,false,,6.20,1.2400,true,1,145505
7290108273816,false,כפפות ניטריל ללא אבק,,,כפפות ניטריל ללא אבק,Unknown,1.00,יחידה,false,,23.00,23.0000,true,1,142348
7290108273922,false,סכין שקוף (50 יח') ר,,,סכין שקוף (50 יח') ר,Unknown,50.00,יחידה,false,,10.90,0.2180,true,1,139871
7290108274585,false,כוסות נייר שתיה חמה,,,כוסות נייר שתיה חמה,Unknown,50.00,יחידה,false,,11.90,0.2380,true,1,141074
7290108274592,false,נייר אפייה רמי לוי 3,,,נייר אפייה רמי לוי 3,Unknown,50.00,יחידה,false,,8.90,0.1780,true,1,149423
7290108274615,false,קערית אובלית קטן רמי,,,קערית אובלית קטן רמי,Unknown,25.00,יחידה,false,,5.50,0.2200,true,1,149852
7290108274622,false,מרקיות רמי לוי 25 יח,,,מרקיות רמי לוי 25 יח,Unknown,25.00,יחידה,false,,7.90,0.3160,true,1,146847
7290108275407,false,כוסות שתיה קרה 100 י,,,כוסות שתיה קרה 100 י,Unknown,100.00,יחידה,false,,7.90,0.0790,true,1,141043
7290108275568,false,כפית לבן 100 יחידות,,,כפית לבן 100 יחידות,Unknown,100.00,יחידה,false,,7.90,0.0790,true,1,139880
7290108277579,false,שקיות אשפה לפחים קטנ,,,שקיות אשפה לפחים קטנ,Unknown,100.00,יחידה,false,,10.90,0.1090,true,1,142362
7290108352603,true,בוב ספוג ממחטות אף,,,בוב ספוג ממחטות אף,,0.00,,false,,5.00,0.0000,true,1,143387
7290108500189,true,אמה בטעם אודם פרוסות,,,אמה בטעם אודם פרוסות,,0.00,,false,,5.00,0.0000,true,1,133097
7290108501728,true,שעועית ירוקה ציפס 45,,,שעועית ירוקה ציפס 45,,0.00,,false,,5.90,0.0000,true,1,140551
7290108502251,false,קרקרים טבעי ויליפוד,,,קרקרים טבעי ויליפוד,גרמים,250.00,100 גרם,false,,6.90,0.0276,true,1,155366
7290108502602,true,גבינת שמנת פיקנטית 2,,,גבינת שמנת פיקנטית 2,,0.00,,false,,13.90,0.0000,true,1,140556
7290108502619,true,גבינת שמנת לייט פיקנ,,,גבינת שמנת לייט פיקנ,,0.00,,false,,13.90,0.0000,true,1,140557
7290108502862,false,מלפפונים כבושים במלח,,,מלפפונים כבושים במלח,גרמים,600.00,100 גרם,false,,12.90,0.0215,true,1,145686
7290108503043,false,תפוחי עץ מיובשים תפו,,,תפוחי עץ מיובשים תפו,גרמים,88.00,100 גרם,false,,14.90,0.1693,true,1,144620
7290108504699,false,נתחי טונה בהירה בשמן,,,נתחי טונה בהירה בשמן,גרמים,640.00,100 גרם,false,,21.90,0.0342,true,1,151598
7290108506532,false,גליליות וופל במילוי,,,גליליות וופל במילוי,גרמים,400.00,100 גרם,false,,14.90,0.0373,true,1,149491
7290108506549,false,גליליות וופל במילוי,,,גליליות וופל במילוי,גרמים,400.00,100 גרם,false,,14.90,0.0373,true,1,149492
7290108506815,false,גליליות וופל במילוי,,,גליליות וופל במילוי,גרמים,400.00,100 גרם,false,,14.90,0.0373,true,1,149493
7290108507492,false,קרקרים עם שומשום רמי,,,קרקרים עם שומשום רמי,גרמים,105.00,100 גרם,false,,5.90,0.0562,true,1,151225
7290108508574,false,פסטה ברוטב עגבניות פ,,,פסטה ברוטב עגבניות פ,גרמים,250.00,100 גרם,false,,6.90,0.0276,true,1,152863
7290108509762,false,חמאת בוטנים ויליפוד,,,חמאת בוטנים ויליפוד,גרמים,340.00,100 גרם,false,,9.90,0.0291,true,1,153727
7290108509939,false,פרוסות פילה טונה 120,,,פרוסות פילה טונה 120,גרמים,120.00,100 גרם,false,,13.90,0.1158,true,1,154379
7290108509946,false,טורטייה קטנה ויליפוד,,,טורטייה קטנה ויליפוד,גרמים,250.00,100 גרם,false,,5.90,0.0236,true,1,153731
7290108530032,true,כפפת סיליקון,,,כפפת סיליקון,,0.00,,false,,5.00,0.0000,true,1,133036
7290108530056,true,שקית בד סופרקופיקס,,,שקית בד סופרקופיקס,,0.00,,false,,5.00,0.0000,true,1,132889
7290108530131,true,"מים מינרליים 500 מ""ל",,,"מים מינרליים 500 מ""ל",,0.00,,false,,5.00,0.0000,true,1,132501
7290108530193,true,בוטנים אמריקאים 150,,,בוטנים אמריקאים 150,,0.00,,false,,5.00,0.0000,true,1,132357
7290108530506,true,בלונים 10 יחידות,,,בלונים 10 יחידות,,0.00,,false,,5.00,0.0000,true,1,132366
7290108530681,true,"רוטב טריאקי 330 מ""ל",,,"רוטב טריאקי 330 מ""ל",,0.00,,false,,5.00,0.0000,true,1,132496
7290108530872,true,קרש חיתוך מעץ,,,קרש חיתוך מעץ,,0.00,,false,,5.00,0.0000,true,1,132768
7290108530964,true,כוסות מאג זכוכית שלי,,,כוסות מאג זכוכית שלי,,0.00,,false,,5.00,0.0000,true,1,133344
7290108531077,true,פטיש שניצל,,,פטיש שניצל,,0.00,,false,,5.00,0.0000,true,1,133285
7290108531251,true,עוגת ביסקוויטים,,,עוגת ביסקוויטים,,0.00,,false,,0.00,0.0000,true,1,134079
7290108531282,true,מסטיק באבל גאם cofix,,,מסטיק באבל גאם cofix,,0.00,,false,,5.00,0.0000,true,1,133648
7290108531404,true,מברשת סיליקון למטבח,,,מברשת סיליקון למטבח,,0.00,,false,,5.00,0.0000,true,1,133333
7290108531480,true,ריחן ממותג לרכב,,,ריחן ממותג לרכב,,0.00,,false,,2.00,0.0000,true,1,133337
7290108531497,true,מנגו,,,מנגו,,0.00,,false,,7.90,0.0000,true,1,133400
7290108531671,true,צלוחית נייר,,,צלוחית נייר,,0.00,,false,,2999.90,0.0000,true,1,133832
7290108531831,false,קופיקס - קפה בלנד קו,,,קופיקס - קפה בלנד קו,Unknown,0.00,יחידה,false,,89.00,0.0000,true,1,133914
7290108531848,true,קופיקס- קפה נטול 1 ק,,,קופיקס- קפה נטול 1 ק,,0.00,,false,,2999.90,0.0000,true,1,134166
7290108531862,true,קופיקס -קינמון טחון,,,קופיקס -קינמון טחון,,0.00,,false,,2999.90,0.0000,true,1,134167
7290108531879,true,קופיקס  - משקה שוקול,,,קופיקס  - משקה שוקול,,0.00,,false,,0.00,0.0000,true,1,136444
7290108531909,true,מרק אפונה 2.5 ליטר4,,,מרק אפונה 2.5 ליטר4,,0.00,,false,,0.00,0.0000,true,1,134877
7290108531916,true,כוס מרק,,,כוס מרק,,0.00,,false,,0.00,0.0000,true,1,134043
7290108531947,true,מרק עגבניות 2.5 ליטר,,,מרק עגבניות 2.5 ליטר,,0.00,,false,,0.00,0.0000,true,1,133926
7290108532005,true,פלזית -קופיקס- כוס פ,,,פלזית -קופיקס- כוס פ,קילוגרמים,1.00,"ק""ג",true,,0.00,0.0000,true,1,138709
7290108532043,true,תבנית אינגלישקייק,,,תבנית אינגלישקייק,,0.00,,false,,5.00,0.0000,true,1,133868
7290108532081,true,מזלג פלסטיק,,,מזלג פלסטיק,,0.00,,false,,0.00,0.0000,true,1,133873
7290108532098,true,כף פלסטיק,,,כף פלסטיק,,0.00,,false,,0.00,0.0000,true,1,133874
7290108532203,true,ארד - ארגז - K חביתה,,,ארד - ארגז - K חביתה,,0.00,,false,,0.00,0.0000,true,1,134848
7290108532227,true,כוס 8OZ,,,כוס 8OZ,Unknown,0.00,יחידה,false,,2999.00,0.0000,true,1,134133
7290108532234,true,כוס פלסטיק 330 מל -,,,כוס פלסטיק 330 מל -,Unknown,0.00,יחידה,false,,2999.90,0.0000,true,1,134134
7290108532241,true,אימפוקיס - מכסה לכוס,,,אימפוקיס - מכסה לכוס,Unknown,0.00,יחידה,false,,2999.90,0.0000,true,1,134135
7290108532258,true,"כוס 250 מ""ל 1000 בקר",,,"כוס 250 מ""ל 1000 בקר",,0.00,,false,,2999.90,0.0000,true,1,134136
7290108532265,true,כוס אספרסו,,,כוס אספרסו,Unknown,0.00,יחידה,false,,2999.90,0.0000,true,1,134035
7290108532272,true,מכסה שחור לכוס נייר,,,מכסה שחור לכוס נייר,Unknown,0.00,יחידה,false,,2999.90,0.0000,true,1,134137
7290108532296,true,"חמין 5.5 ק""ג 2 יחידו",,,"חמין 5.5 ק""ג 2 יחידו",,0.00,,false,,0.00,0.0000,true,1,133947
7290108532418,true,דגני בוקר כדורי שוקו,,,דגני בוקר כדורי שוקו,,0.00,,false,,0.00,0.0000,true,1,134083
7290108532661,true,"שני ק""ג עוגיות אלפחו",,,"שני ק""ג עוגיות אלפחו",,0.00,,false,,0.00,0.0000,true,1,133956
7290108532678,true,"זיתים 13 ק""ג דלי",,,"זיתים 13 ק""ג דלי",,0.00,,false,,0.00,0.0000,true,1,133957
7290108532708,true,כוס פלסטיק 330 קופיק,,,כוס פלסטיק 330 קופיק,,0.00,,false,,0.00,0.0000,true,1,133960
7290108532715,true,מכסה לכוס 330 קופיקס,,,מכסה לכוס 330 קופיקס,,0.00,,false,,0.00,0.0000,true,1,133961
7290108533217,true,קופיקס -מקלות קינמון,,,קופיקס -מקלות קינמון,,0.00,,false,,2999.90,0.0000,true,1,134011
7290108533255,true,נס קפה בדלי  500 גרם,,,נס קפה בדלי  500 גרם,,0.00,,false,,2999.90,0.0000,true,1,134015
7290108533279,true,תמצית לשייק טעם בננה,,,תמצית לשייק טעם בננה,,0.00,,false,,2999.90,0.0000,true,1,134017
7290108533323,true,מקל מטאטא שימוש עצמי,,,מקל מטאטא שימוש עצמי,,0.00,,false,,0.00,0.0000,true,1,134022
7290108533330,true,מטליות תפזורת 250 יח,,,מטליות תפזורת 250 יח,,0.00,,false,,0.00,0.0000,true,1,134023
7290108533347,true,קופיקס-מ א - סחבה60,,,קופיקס-מ א - סחבה60,,0.00,,false,,0.00,0.0000,true,1,134024
7290108533361,true,גליל נייר תעשייתי12,,,גליל נייר תעשייתי12,,0.00,,false,,0.00,0.0000,true,1,134026
7290108533514,true,כלי עזר להכנת חמין-,,,כלי עזר להכנת חמין-,,0.00,,false,,0.00,0.0000,true,1,134880
7290108533545,true,מוס שוקולד,,,מוס שוקולד,,0.00,,false,,0.00,0.0000,true,1,134395
7290108533576,true,סושי אינסייד אאוט,,,סושי אינסייד אאוט,,0.00,,false,,5.00,0.0000,true,1,134138
7290108533668,true,סט 3 מזלגות מתכת,,,סט 3 מזלגות מתכת,,0.00,,false,,5.00,0.0000,true,1,134159
7290108533804,true,מרק כתום 2.5 ליטר 4,,,מרק כתום 2.5 ליטר 4,,0.00,,false,,0.00,0.0000,true,1,136122
7290108534269,true,אייס פסיפלורה כשלפ,,,אייס פסיפלורה כשלפ,,0.00,,false,,0.00,0.0000,true,1,136446
7290108534283,true,"שוקו כשלפ 1 ק""ג",,,"שוקו כשלפ 1 ק""ג",,0.00,,false,,0.00,0.0000,true,1,136369
7290108534290,true,תמצית לשייק תות כשלפ,,,תמצית לשייק תות כשלפ,,0.00,,false,,0.00,0.0000,true,1,136370
7290108534382,true,גפילטע פיש 160 גרם,,,גפילטע פיש 160 גרם,,0.00,,false,,5.00,0.0000,true,1,134890
7290108534412,true,רול חלבה,,,רול חלבה,,0.00,,false,,0.00,0.0000,true,1,134921
7290108534429,true,פאי אגוזים כשלפ,,,פאי אגוזים כשלפ,,0.00,,false,,5.00,0.0000,true,1,134496
7290108534467,true,בקבוק ספורט סופרקופי,,,בקבוק ספורט סופרקופי,,0.00,,false,,5.00,0.0000,true,1,134509
7290108534511,true,רביעיית כוסות עם קש,,,רביעיית כוסות עם קש,,0.00,,false,,5.00,0.0000,true,1,134519
7290108534726,true,מסננת 17*22 סופרקופי,,,מסננת 17*22 סופרקופי,,0.00,,false,,5.00,0.0000,true,1,134565
7290108534764,true,אייס לימונענע 12 יחי,,,אייס לימונענע 12 יחי,,0.00,,false,,2999.90,0.0000,true,1,134609
7290108534856,true,עוגיות וניל עוגיות2,,,עוגיות וניל עוגיות2,,0.00,,false,,0.00,0.0000,true,1,134616
7290108534894,true,כרטיס נטען,,,כרטיס נטען,,0.00,,false,,0.00,0.0000,true,1,134625
7290108534979,true,שפתון ממותג סופרקופי,,,שפתון ממותג סופרקופי,,0.00,,false,,5.00,0.0000,true,1,135732
7290108534986,true,סטנד אבזרי מטבח מסיל,,,סטנד אבזרי מטבח מסיל,,0.00,,false,,0.00,0.0000,true,1,137767
7290108535105,true,מספריים לצפרניים,,,מספריים לצפרניים,,0.00,,false,,5.00,0.0000,true,1,134649
7290108535129,true,פינצטה,,,פינצטה,,0.00,,false,,5.00,0.0000,true,1,134651
7290108535174,true,מאפה בוקר קינמון,,,מאפה בוקר קינמון,,0.00,,false,,5.00,0.0000,true,1,134662
7290108535235,true,סטנד כלי כתיבה,,,סטנד כלי כתיבה,,0.00,,false,,0.00,0.0000,true,1,135074
7290108536638,true,סט 3 מזלגות מתכת,,,סט 3 מזלגות מתכת,,0.00,,false,,5.00,0.0000,true,1,135446
7290108536812,true,צעיף חלק,,,צעיף חלק,,0.00,,false,,5.00,0.0000,true,1,135610
7290108536829,true,כובע צמר לילדים,,,כובע צמר לילדים,Unknown,0.00,יחידה,false,,5.00,0.0000,true,1,135586
7290108536836,true,כפפות צמר,,,כפפות צמר,,0.00,,false,,5.00,0.0000,true,1,135587
7290108536935,true,קוצץ בצל,,,קוצץ בצל,,0.00,,false,,5.00,0.0000,true,1,134996
7290108537888,true,מקל עץ סופר קופיקס,,,מקל עץ סופר קופיקס,,0.00,,false,,5.00,0.0000,true,1,134929
7290108537918,true,סטנד משקפי קריאה,,,סטנד משקפי קריאה,,0.00,,false,,0.00,0.0000,true,1,137768
7290108537932,true,משקפי קריאה 1.5,,,משקפי קריאה 1.5,,0.00,,false,,5.00,0.0000,true,1,135017
7290108537949,true,משקפי קריאה 2,,,משקפי קריאה 2,,0.00,,false,,5.00,0.0000,true,1,135018
7290108537970,true,מסננת לפסטה וירקות,,,מסננת לפסטה וירקות,,0.00,,false,,5.00,0.0000,true,1,135014
7290108538045,false,לחמניית טונה CFF,,,לחמניית טונה CFF,Unknown,1.00,יחידה,false,,12.00,12.0000,true,1,135041
7290108538359,true,מארז סכינים 100 יחיד,,,מארז סכינים 100 יחיד,,0.00,,false,,5.00,0.0000,true,1,136519
7290108538366,true,מארז כפיות 100 יחידו,,,מארז כפיות 100 יחידו,,0.00,,false,,5.00,0.0000,true,1,136409
7290108538380,true,מארז כפות 100 יחידות,,,מארז כפות 100 יחידות,,0.00,,false,,5.00,0.0000,true,1,136411
7290108538519,true,"כוסות ח""פ לשתייה חמה",,,"כוסות ח""פ לשתייה חמה",,0.00,,false,,5.00,0.0000,true,1,135149
7290108538540,true,פלסטרים,,,פלסטרים,,0.00,,false,,5.00,0.0000,true,1,136447
7290108538694,true,סלט פסטה פסטו עם גבי,,,סלט פסטה פסטו עם גבי,,0.00,,false,,5.00,0.0000,true,1,135255
7290108538977,false,מטריה קופיקס,,,מטריה קופיקס,Unknown,1.00,יחידה,false,,8.00,8.0000,true,1,135327
7290108539134,true,מחמם אוזניים צבעוני,,,מחמם אוזניים צבעוני,,0.00,,false,,5.00,0.0000,true,1,135591
7290108539141,true,כובע צמר,,,כובע צמר,Unknown,0.00,יחידה,false,,5.00,0.0000,true,1,135592
7290108539219,true,צעיף1,,,צעיף1,,0.00,,false,,5.00,0.0000,true,1,135598
7290108539660,true,חמין העדה החרדית5.,,,חמין העדה החרדית5.,,0.00,,false,,0.00,0.0000,true,1,136007
7290108539844,true,מרק קיטניות 2.5 ליטר,,,מרק קיטניות 2.5 ליטר,,0.00,,false,,2999.00,0.0000,true,1,136130
7290109351186,true,אטריות דקיקות 500 גר,,,אטריות דקיקות 500 גר,,0.00,,false,,5.00,0.0000,true,1,134841
7290109353456,true,מפעל-עסיס חומץ טבעי,,,מפעל-עסיס חומץ טבעי,,0.00,,false,,2999.90,0.0000,true,1,136832
7290109354828,true,חומוס צבר 600 גרם,,,חומוס צבר 600 גרם,,0.00,,false,,9.90,0.0000,true,1,143631
7290109356082,true,מפעל-עסיס מיץ לימון,,,מפעל-עסיס מיץ לימון,,0.00,,false,,2999.90,0.0000,true,1,136343
7290109358482,false,קרמוגית במילוי חלבה,,,קרמוגית במילוי חלבה,גרמים,200.00,100 גרם,false,,11.90,0.0595,true,1,144141
7290109580104,false,רוסטביף פרימיום זוגל,,,רוסטביף פרימיום זוגל,גרמים,150.00,100 גרם,false,,25.90,0.1727,true,1,151204
7290110110611,false,ספרייט ליים 1.5 ליטר,,,ספרייט ליים 1.5 ליטר,מיליליטרים,1500.00,"100 מ""ל",false,,9.70,0.0065,true,1,152910
7290110110659,false,סליק ספרייט LIME 330,,,סליק ספרייט LIME 330,מיליליטרים,330.00,"100 מ""ל",false,,6.50,0.0197,true,1,139503
7290110111045,true,בירה קרלסברג 6*330 מ,,,בירה קרלסברג 6*330 מ,,0.00,,false,,29.90,0.0000,true,1,139465
7290110111656,true,פריגת ענבים פחית 250,,,פריגת ענבים פחית 250,,0.00,,false,,5.00,0.0000,true,1,143013
7290110111755,true,פריגת תות בננה פחית,,,פריגת תות בננה פחית,,0.00,,false,,5.00,0.0000,true,1,143014
7290110114794,false,מים בטעם אפרסק נביעו,,,מים בטעם אפרסק נביעו,מיליליטרים,1500.00,"100 מ""ל",false,,9.20,0.0061,true,1,153984
7290110114855,false,מים מינרילים נביעות,,,מים מינרילים נביעות,מיליליטרים,9000.00,"100 מ""ל",false,,13.70,0.0015,true,1,153988
7290110115029,false,פריגת תפוחים 1.5 ליט,,,פריגת תפוחים 1.5 ליט,מיליליטרים,1500.00,"100 מ""ל",false,,10.20,0.0068,true,1,153994
7290110115043,false,פריגת לימונענע 1.5 ל,,,פריגת לימונענע 1.5 ל,מיליליטרים,1500.00,"100 מ""ל",false,,10.20,0.0068,true,1,153996
7290110115050,false,פריגת מיקס תות-בננה,,,פריגת מיקס תות-בננה,מיליליטרים,1500.00,"100 מ""ל",false,,10.20,0.0068,true,1,153997
7290110115203,false,קוקה קולה 1.5 ליטר,,,קוקה קולה 1.5 ליטר,מיליליטרים,1500.00,"100 מ""ל",false,,9.50,0.0063,true,1,154009
7290110115227,false,קוקה קולה זירו בקבוק,,,קוקה קולה זירו בקבוק,מיליליטרים,1500.00,"100 מ""ל",false,,9.20,0.0061,true,1,154011
7290110115265,false,ספרייט ליים 1.5 ליטר,,,ספרייט ליים 1.5 ליטר,מיליליטרים,1500.00,"100 מ""ל",false,,9.50,0.0063,true,1,154013
7290110115272,false,ספרייט זירו בקבוק 1.,,,ספרייט זירו בקבוק 1.,מיליליטרים,1500.00,"100 מ""ל",false,,8.60,0.0057,true,1,154014
7290110115296,false,פאנטה אורנג' 1.5 ליט,,,פאנטה אורנג' 1.5 ליט,מיליליטרים,1500.00,"100 מ""ל",false,,9.80,0.0065,true,1,154015
7290110115319,false,פאנטה אקזוטיק 1.5 לי,,,פאנטה אקזוטיק 1.5 לי,מיליליטרים,1500.00,"100 מ""ל",false,,9.80,0.0065,true,1,154016
7290110115449,false,תה קר מנגו אננס פיוז,,,תה קר מנגו אננס פיוז,מיליליטרים,1500.00,"100 מ""ל",false,,9.80,0.0065,true,1,154028
7290110115463,false,תה קר אפרסק פיוז-טי,,,תה קר אפרסק פיוז-טי,מיליליטרים,1500.00,"100 מ""ל",false,,9.80,0.0065,true,1,154030
7290110115821,false,ספרייט ליים 1.5 ליטר,,,ספרייט ליים 1.5 ליטר,מיליליטרים,1500.00,"100 מ""ל",false,,9.70,0.0065,true,1,154918
7290110115838,false,ספרייט זירו  1.5 ליט,,,ספרייט זירו  1.5 ליט,מיליליטרים,1500.00,"100 מ""ל",false,,8.90,0.0059,true,1,157770
7290110115869,false,קוקה קולה זירו בקבוק,,,קוקה קולה זירו בקבוק,מיליליטרים,1500.00,"100 מ""ל",false,,9.00,0.0060,true,1,154646
7290110116217,false,נביעות+ אשכולית 0 קל,,,נביעות+ אשכולית 0 קל,מיליליטרים,1500.00,"100 מ""ל",false,,9.90,0.0066,true,1,157252
7290110320140,true,גבינת סויה בטעם טבעי,,,גבינת סויה בטעם טבעי,,0.00,,false,,9.70,0.0000,true,1,140862
7290110320164,true,גבינת סויה עם שום שמ,,,גבינת סויה עם שום שמ,,0.00,,false,,9.70,0.0000,true,1,140863
7290110320935,false,פרוסות מוצרלה מחלב ב,,,פרוסות מוצרלה מחלב ב,גרמים,150.00,100 גרם,false,,18.90,0.1260,true,1,145414
7290110321277,false,קוטג' בקטנה 5%,,,קוטג' בקטנה 5%,גרמים,100.00,100 גרם,false,,2.70,0.0270,true,1,145608
7290110321284,false,קוטג בקטנה 9%,,,קוטג בקטנה 9%,גרמים,100.00,100 גרם,false,,2.70,0.0270,true,1,150244
7290110321369,true,חלב בקרטון 3% 1 ליטר,,,חלב בקרטון 3% 1 ליטר,,0.00,,false,,5.00,0.0000,true,1,138620
7290110321680,false,יוגורט 2.9% תות גו 2,,,יוגורט 2.9% תות גו 2,גרמים,200.00,100 גרם,false,,5.90,0.0295,true,1,140867
7290110322014,false,טופו טבעי 300 גרם,,,טופו טבעי 300 גרם,גרמים,300.00,100 גרם,false,,12.90,0.0430,true,1,140871
7290110322021,false,טופו בזיליקום 300 גר,,,טופו בזיליקום 300 גר,גרמים,300.00,100 גרם,false,,12.90,0.0430,true,1,140872
7290110323073,false,משקה יוגורט 1% 20 גר,,,משקה יוגורט 1% 20 גר,מיליליטרים,250.00,"100 מ""ל",false,,6.70,0.0268,true,1,140875
7290110323301,false,גבינת טל העמק 32% שו,,,גבינת טל העמק 32% שו,גרמים,200.00,100 גרם,false,,19.90,0.0995,true,1,145070
7290110323585,false,יוגורט לייט 0.5% מוע,,,יוגורט לייט 0.5% מוע,גרמים,200.00,100 גרם,false,,5.90,0.0295,true,1,145072
7290110323592,false,יוגורט לייט 0.5% מוע,,,יוגורט לייט 0.5% מוע,גרמים,200.00,100 גרם,false,,5.90,0.0295,true,1,145073
7290110323714,false,משקה קוקוס שקדים תנו,,,משקה קוקוס שקדים תנו,מיליליטרים,1000.00,"100 מ""ל",false,,14.80,0.0148,true,1,145078
7290110324728,false,גבינת סויה עם שום שמ,,,גבינת סויה עם שום שמ,גרמים,250.00,100 גרם,false,,10.90,0.0436,true,1,145087
7290110324841,false,מעדן שקדים שוקולד מר,,,מעדן שקדים שוקולד מר,גרמים,125.00,100 גרם,false,,4.50,0.0360,true,1,151405
7290110324858,false,מעדן שקדים אגוזי לוז,,,מעדן שקדים אגוזי לוז,גרמים,125.00,100 גרם,false,,4.50,0.0360,true,1,151406
7290110324926,false,משקה סויה ללא תוספת,,,משקה סויה ללא תוספת,מיליליטרים,1000.00,"100 מ""ל",false,,11.90,0.0119,true,1,145093
7290110325114,false,משקה יוגורט 0.6% מוע,,,משקה יוגורט 0.6% מוע,מיליליטרים,250.00,"100 מ""ל",false,,6.50,0.0260,true,1,145096
7290110325305,false,מעדן סויה גו מועשר ב,,,מעדן סויה גו מועשר ב,גרמים,200.00,100 גרם,false,,5.90,0.0295,true,1,151407
7290110325312,false,מעדן סויה גו מועשר ת,,,מעדן סויה גו מועשר ת,גרמים,200.00,100 גרם,false,,5.90,0.0295,true,1,151408
7290110325619,false,משקה שיבולת שועל 1 ל,,,משקה שיבולת שועל 1 ל,מיליליטרים,1000.00,"100 מ""ל",false,,14.80,0.0148,true,1,149664
7290110325893,false,תנובה GO אייס קפה 34,,,תנובה GO אייס קפה 34,מיליליטרים,340.00,"100 מ""ל",false,,7.70,0.0226,true,1,151410
7290110326210,false,יופלה און טופ פצפוצי,,,יופלה און טופ פצפוצי,גרמים,157.00,100 גרם,false,,5.50,0.0350,true,1,147337
7290110326234,false,יופלה און טופ כוכבים,,,יופלה און טופ כוכבים,גרמים,157.00,100 גרם,false,,5.50,0.0350,true,1,147339
7290110326241,false,יופלה און טופ גרנולה,,,יופלה און טופ גרנולה,גרמים,157.00,100 גרם,false,,5.50,0.0350,true,1,147340
7290110327033,false,משקה סויה מועשר בחלב,,,משקה סויה מועשר בחלב,מיליליטרים,1000.00,"100 מ""ל",false,,14.80,0.0148,true,1,150707
7290110327064,false,"אייס קפה ש""ש קרמל 1",,,"אייס קפה ש""ש קרמל 1",מיליליטרים,1000.00,"100 מ""ל",false,,11.90,0.0119,true,1,156062
7290110327408,false,יוגורט 1% מועשר קוקו,,,יוגורט 1% מועשר קוקו,גרמים,200.00,100 גרם,false,,5.90,0.0295,true,1,151392
7290110327514,false,משקה שיבולת שועל אגו,,,משקה שיבולת שועל אגו,מיליליטרים,1000.00,"100 מ""ל",false,,14.80,0.0148,true,1,153069
7290110328627,false,יוגורט גו סמיך בננה,,,יוגורט גו סמיך בננה,גרמים,200.00,100 גרם,false,,5.90,0.0295,true,1,153644
7290110328764,false,יוגורט גו סמיך תות י,,,יוגורט גו סמיך תות י,גרמים,200.00,100 גרם,false,,5.90,0.0295,true,1,153645
7290110328788,false,יוגורט גו סמיך אפרסק,,,יוגורט גו סמיך אפרסק,גרמים,200.00,100 גרם,false,,5.90,0.0295,true,1,153647
7290110329136,false,מעדן חלב גו בטעם שוק,,,מעדן חלב גו בטעם שוק,גרמים,120.00,100 גרם,false,,5.30,0.0442,true,1,153807
7290110329143,false,מעדן חלב גו בטעם וני,,,מעדן חלב גו בטעם וני,גרמים,120.00,100 גרם,false,,5.30,0.0442,true,1,153808
7290110329273,false,יוגורט מחלב עיזים מל,,,יוגורט מחלב עיזים מל,גרמים,750.00,100 גרם,false,,19.90,0.0265,true,1,156397
7290110329303,false,פרוסות בטעם צהובה קל,,,פרוסות בטעם צהובה קל,גרמים,200.00,100 גרם,false,,22.90,0.1145,true,1,153810
7290110329426,false,טופו טבעי 250 גרם עם,,,טופו טבעי 250 גרם עם,גרמים,610.00,100 גרם,false,,14.90,0.0244,true,1,156523
7290110329433,false,טופו טבעי 250 גרם עם,,,טופו טבעי 250 גרם עם,גרמים,310.00,100 גרם,false,,14.90,0.0481,true,1,156524
7290110329716,false,משקה קפה קר בטעם קפו,,,משקה קפה קר בטעם קפו,גרמים,230.00,100 גרם,false,,8.90,0.0387,true,1,156063
7290110329723,false,משקה קפה קר בטעם לאט,,,משקה קפה קר בטעם לאט,גרמים,230.00,100 גרם,false,,8.90,0.0387,true,1,156064
7290110329730,false,משקה חלב עם שוקולד ו,,,משקה חלב עם שוקולד ו,גרמים,230.00,100 גרם,false,,8.90,0.0387,true,1,156065
7290110329815,false,מעדן סויה ביו מתיקות,,,מעדן סויה ביו מתיקות,גרמים,150.00,100 גרם,false,,5.40,0.0360,true,1,154391
7290110329822,false,מעדן סויה ביו פירות,,,מעדן סויה ביו פירות,גרמים,150.00,100 גרם,false,,5.40,0.0360,true,1,154392
7290110329846,false,מעדן סויה ביו טבעי א,,,מעדן סויה ביו טבעי א,גרמים,150.00,100 גרם,false,,5.40,0.0360,true,1,154398
7290110550370,false,משולשות קינואה ופלפל,,,משולשות קינואה ופלפל,גרמים,65.00,100 גרם,false,,9.90,0.1523,true,1,157656
7290110552220,false,דנונה פרו 20 גרם ללא,,,דנונה פרו 20 גרם ללא,גרמים,200.00,100 גרם,false,,6.20,0.0310,true,1,154533
7290110552237,false,דנונה פרו 20 גרם ללא,,,דנונה פרו 20 גרם ללא,גרמים,200.00,100 גרם,false,,6.20,0.0310,true,1,154534
7290110553029,false,פריכיות חלבון קייל ח,,,פריכיות חלבון קייל ח,גרמים,60.00,100 גרם,false,,9.90,0.1650,true,1,154802
7290110553173,false,פריכיות קרמל אנרגי 4,,,פריכיות קרמל אנרגי 4,גרמים,40.00,100 גרם,false,,5.90,0.1475,true,1,157657
7290110553180,false,פריכיות תפוח קינמון,,,פריכיות תפוח קינמון,גרמים,40.00,100 גרם,false,,5.90,0.1475,true,1,157658
7290110554460,false,ציטוס קראנץ צ'דר חלפ,,,ציטוס קראנץ צ'דר חלפ,גרמים,65.00,100 גרם,false,,3.60,0.0554,true,1,156205
7290110554545,false,קפסולות אספרסו לאפוג,,,קפסולות אספרסו לאפוג,גרמים,50.00,100 גרם,false,,18.90,0.3780,true,1,156336
7290110554712,false,קפסולות קפה נחת נספר,,,קפסולות קפה נחת נספר,גרמים,50.00,100 גרם,false,,19.90,0.3980,true,1,157661
7290110554729,false,קפסולות אספרסו 04 תו,,,קפסולות אספרסו 04 תו,גרמים,50.00,100 גרם,false,,18.90,0.3780,true,1,155656
7290110555306,false,רבע לשבע טבעוני סינמ,,,רבע לשבע טבעוני סינמ,גרמים,125.00,100 גרם,false,,12.90,0.1032,true,1,156337
7290110555603,false,שוקולוטה ספלנדיד 360,,,שוקולוטה ספלנדיד 360,גרמים,360.00,100 גרם,false,,20.90,0.0581,true,1,157951
7290110555665,false,קקאו דל שומן קופסא ע,,,קקאו דל שומן קופסא ע,גרמים,220.00,100 גרם,false,,18.90,0.0859,true,1,157952
7290110557478,false,חומוס גלילי אחלה 600,,,חומוס גלילי אחלה 600,גרמים,600.00,100 גרם,false,,13.90,0.0232,true,1,155433
7290110557645,false,אנרג'י מיקס צימוקים,,,אנרג'י מיקס צימוקים,גרמים,100.00,100 גרם,false,,15.90,0.1590,true,1,157027
7290110558314,false,דנונה פרו ללא סוכר פ,,,דנונה פרו ללא סוכר פ,גרמים,200.00,100 גרם,false,,6.20,0.0310,true,1,157149
7290110559762,false,ריל מאגדת אגוזים תמר,,,ריל מאגדת אגוזים תמר,גרמים,105.00,100 גרם,false,,16.90,0.1610,true,1,156341
7290110560317,false,פריכיות משולשות מלח,,,פריכיות משולשות מלח,גרמים,30.00,100 גרם,false,,4.90,0.1633,true,1,150762
7290110560843,true,מילקי בטעם סחלב 135,,,מילקי בטעם סחלב 135,,0.00,,false,,2.80,0.0000,true,1,142111
7290110560867,true,גמדים סקוויז לדרך תו,,,גמדים סקוויז לדרך תו,,0.00,,false,,17.90,0.0000,true,1,142800
7290110561338,true,משקה דנונה איירן 260,,,משקה דנונה איירן 260,,0.00,,false,,4.60,0.0000,true,1,142114
7290110563448,false,משקה קפה קר מעודן 1.,,,משקה קפה קר מעודן 1.,מיליליטרים,230.00,"100 מ""ל",false,,7.90,0.0343,true,1,143696
7290110563462,false,חלב בבקבוק נטול לקטו,,,חלב בבקבוק נטול לקטו,מיליליטרים,1000.00,"100 מ""ל",false,,8.20,0.0082,true,1,143697
7290110564360,false,חומוס עשיר 40% טחינה,,,חומוס עשיר 40% טחינה,גרמים,400.00,100 גרם,false,,14.90,0.0373,true,1,142122
7290110564797,true,אייס קפה בטעם אייריש,,,אייס קפה בטעם אייריש,,0.00,,false,,12.90,0.0000,true,1,142129
7290110564919,true,דנונה ביו 2 אחוז,,,דנונה ביו 2 אחוז,,0.00,,false,,3.50,0.0000,true,1,142589
7290110565527,false,יוגורט פרו 20 גרם חל,,,יוגורט פרו 20 גרם חל,גרמים,200.00,100 גרם,false,,6.20,0.0310,true,1,140745
7290110566456,true,משקה פרו טריפל זירו,,,משקה פרו טריפל זירו,,0.00,,false,,6.10,0.0000,true,1,142133
7290110567057,false,מסטיק בוקסי מנטה חזק,,,מסטיק בוקסי מנטה חזק,גרמים,66.00,100 גרם,false,,10.90,0.1652,true,1,148013
7290110567408,true,דנונה בר שוקולד בננה,,,דנונה בר שוקולד בננה,,0.00,,false,,5.00,0.0000,true,1,142137
7290110569198,true,צ'יטוס טוסט פיצה 65,,,צ'יטוס טוסט פיצה 65,,0.00,,false,,5.00,0.0000,true,1,142274
7290110569877,true,פרה בלונדי פולי קקאו,,,פרה בלונדי פולי קקאו,,0.00,,false,,7.40,0.0000,true,1,143147
7290110571405,false,מיני פינוקיות בגביע,,,מיני פינוקיות בגביע,גרמים,180.00,100 גרם,false,,11.90,0.0661,true,1,157955
7290110571412,false,מיני פינוקיות בגביע,,,מיני פינוקיות בגביע,גרמים,180.00,100 גרם,false,,11.90,0.0661,true,1,157956
7290110571474,false,רבע לשבע טבעוני פופק,,,רבע לשבע טבעוני פופק,גרמים,125.00,100 גרם,false,,12.90,0.1032,true,1,156657
7290110572969,false,כיף כף פצפצים קרם לב,,,כיף כף פצפצים קרם לב,גרמים,40.00,100 גרם,false,,5.00,0.1250,true,1,157032
7290110572976,false,כיף כף פצפצים קרם לב,,,כיף כף פצפצים קרם לב,גרמים,135.00,100 גרם,false,,10.60,0.0785,true,1,157033
7290110576356,false,ספלנדיד שוקולד מריר,,,ספלנדיד שוקולד מריר,גרמים,100.00,100 גרם,false,,7.90,0.0790,true,1,156659
7290110576370,false,שוקולד אגוז מריר עלי,,,שוקולד אגוז מריר עלי,גרמים,300.00,100 גרם,false,,24.90,0.0830,true,1,157663
7290110576752,false,שוקולד ספלנדיד מריר,,,שוקולד ספלנדיד מריר,גרמים,100.00,100 גרם,false,,11.90,0.1190,true,1,157961
7290110576776,false,שוקולד ספלנדיד מריר,,,שוקולד ספלנדיד מריר,גרמים,100.00,100 גרם,false,,11.90,0.1190,true,1,157962
7290110630010,true,קש שחור -400 יח * 20,,,קש שחור -400 יח * 20,Unknown,0.00,יחידה,false,,2999.90,0.0000,true,1,135707
7290110630027,true,מכסה לכוס למרק,,,מכסה לכוס למרק,,0.00,,false,,2999.90,0.0000,true,1,135899
7290110630577,true,דבק דו צדדי,,,דבק דו צדדי,,0.00,,false,,5.00,0.0000,true,1,135911
7290110631116,true,אינדיאני פורים,,,אינדיאני פורים,,0.00,,false,,5.00,0.0000,true,1,136401
7290110631727,true,תבנית לקרח סיליקון,,,תבנית לקרח סיליקון,,0.00,,false,,5.00,0.0000,true,1,136466
7290110632021,true,תבנית סיליקון שוקולד,,,תבנית סיליקון שוקולד,,0.00,,false,,5.00,0.0000,true,1,136496
7290110632168,true,צפצפה מתקפלת,,,צפצפה מתקפלת,,0.00,,false,,5.00,0.0000,true,1,136510
7290110633158,true,מרק אפונה עדה חרדית,,,מרק אפונה עדה חרדית,,0.00,,false,,2999.00,0.0000,true,1,136281
7290110633189,true,תבנית אלומיניום בינו,,,תבנית אלומיניום בינו,,0.00,,false,,5.00,0.0000,true,1,136293
7290110633196,true,תבנית אלומיניום לטוס,,,תבנית אלומיניום לטוס,,0.00,,false,,5.00,0.0000,true,1,136294
7290110633493,true,תמצית לשייק טופי קרמ,,,תמצית לשייק טופי קרמ,,0.00,,false,,2999.90,0.0000,true,1,136451
7290110633578,true,בוחשנים מעץ 1000 יחי,,,בוחשנים מעץ 1000 יחי,,0.00,,false,,2999.90,0.0000,true,1,136573
7290110633752,true,"ממתק בוטנים לל""ס 40",,,"ממתק בוטנים לל""ס 40",,0.00,,false,,5.00,0.0000,true,1,136636
7290110633837,true,אבקה לאייס שוקו 1 קי,,,אבקה לאייס שוקו 1 קי,,0.00,,false,,2999.90,0.0000,true,1,136655
7290110634032,true,קוץ לקיר תליה,,,קוץ לקיר תליה,,0.00,,false,,0.00,0.0000,true,1,136732
7290110635343,true,דוגמאות מאפה רוחלה,,,דוגמאות מאפה רוחלה,,0.00,,false,,0.00,0.0000,true,1,137212
7290110635381,true,דוגמאות מאפה אנטקובי,,,דוגמאות מאפה אנטקובי,,0.00,,false,,0.00,0.0000,true,1,137231
7290110635510,true,"דוגמאות מאפה אנג""ל",,,"דוגמאות מאפה אנג""ל",,0.00,,false,,0.00,0.0000,true,1,137254
7290110635527,true,"גרעיני תירס 3 ק""ג עד",,,"גרעיני תירס 3 ק""ג עד",,0.00,,false,,0.00,0.0000,true,1,137261
7290110635961,true,כפפות רב פעמיות לניק,,,כפפות רב פעמיות לניק,,0.00,,false,,5.00,0.0000,true,1,137705
7290110638559,true,"אבקת יוגורט 1.1 ק""ג",,,"אבקת יוגורט 1.1 ק""ג",,0.00,,false,,2999.90,0.0000,true,1,137393
7290110638597,true,טופינג ליוגורט שוקול,,,טופינג ליוגורט שוקול,,0.00,,false,,2999.90,0.0000,true,1,137442
7290110638610,true,טופינג ליוגורט פירות,,,טופינג ליוגורט פירות,,0.00,,false,,2999.90,0.0000,true,1,137444
7290110638634,true,סירופ שוקולד 1 ליטר,,,סירופ שוקולד 1 ליטר,,0.00,,false,,2999.90,0.0000,true,1,137428
7290110638641,true,סירופ מייפל 1 ליטר,,,סירופ מייפל 1 ליטר,,0.00,,false,,2999.90,0.0000,true,1,137429
7290110639273,true,סיידר תפוחים 1.5 ליט,,,סיידר תפוחים 1.5 ליט,,0.00,,false,,2999.00,0.0000,true,1,138376
7290110639358,true,קפה נמס מיובש בהקפאה,,,קפה נמס מיובש בהקפאה,,0.00,,false,,5.00,0.0000,true,1,139132
7290110639433,true,מארז 8 קפסולות קפה ס,,,מארז 8 קפסולות קפה ס,,0.00,,false,,10.00,0.0000,true,1,138283
7290110639631,true,מאפה שוקולד חמאה פיל,,,מאפה שוקולד חמאה פיל,Unknown,0.00,יחידה,false,,8.00,0.0000,true,1,138403
7290110639648,true,"תפוח יבש 1 ק""ג",,,"תפוח יבש 1 ק""ג",,0.00,,false,,2999.90,0.0000,true,1,138429
7290110639785,true,משאבה לבלונים,,,משאבה לבלונים,,0.00,,false,,0.00,0.0000,true,1,138565
7290110639792,true,בלונים ממותגים + מקל,,,בלונים ממותגים + מקל,,0.00,,false,,0.00,0.0000,true,1,138566
7290110639969,true,נגיסי תירס עם פסטה ע,,,נגיסי תירס עם פסטה ע,,0.00,,false,,15.00,0.0000,true,1,138753
7290110894337,true,נרתיק ריצה יוקרתי VI,,,נרתיק ריצה יוקרתי VI,,0.00,,false,,29.90,0.0000,true,1,140925
7290110894344,true,נרתיק ריצה VIMAX איי,,,נרתיק ריצה VIMAX איי,,0.00,,false,,29.90,0.0000,true,1,139074
7290111283338,true,קופסת אוכל מחולקת -מ,,,קופסת אוכל מחולקת -מ,,0.00,,false,,14.90,0.0000,true,1,144553
7290111340260,true,תחבושות קוטקס נורמל,,,תחבושות קוטקס נורמל,,0.00,,false,,5.00,0.0000,true,1,137392
7290111342073,false,מטליות מיקרופייבר אנ,,,מטליות מיקרופייבר אנ,Unknown,1.00,יחידה,false,,24.90,24.9000,true,1,146144
7290111343797,false,ניקול מטליות לניקוי,,,ניקול מטליות לניקוי,Unknown,48.00,יחידה,false,,11.90,0.2479,true,1,149857
7290111350092,false,מארז חטיפי לואקר המי,,,מארז חטיפי לואקר המי,גרמים,200.00,100 גרם,false,,21.90,0.1095,true,1,154049
7290111350559,true,מארז 3 קואדרטיני בצי,,,מארז 3 קואדרטיני בצי,,0.00,,false,,19.90,0.0000,true,1,143933
7290111353109,false,סוכריות גומי נחשים מ,,,סוכריות גומי נחשים מ,גרמים,200.00,100 גרם,false,,10.90,0.0545,true,1,150221
7290111562716,true,אסם פתי בר פלוס 500,,,אסם פתי בר פלוס 500,,0.00,,false,,12.90,0.0000,true,1,142999
7290111562761,true,אסם קרטון עסקה מרקי,,,אסם קרטון עסקה מרקי,,0.00,,false,,0.00,0.0000,true,1,137627
7290111565168,true,טבעול  קציצות כרובית,,,טבעול  קציצות כרובית,,0.00,,false,,29.90,0.0000,true,1,144150
7290111568251,false,נודלס אטריות להקפצה,,,נודלס אטריות להקפצה,גרמים,350.00,100 גרם,false,,10.90,0.0311,true,1,148100
7290111568428,true,אסם רוטב קארי ירוק ת,,,אסם רוטב קארי ירוק ת,,0.00,,false,,10.90,0.0000,true,1,141178
7290112010681,true,קופיקס-רוטב שום 500,,,קופיקס-רוטב שום 500,,0.00,,false,,0.00,0.0000,true,1,140018
7290112010698,true,קופיקס-רוטב אלף האיי,,,קופיקס-רוטב אלף האיי,,0.00,,false,,0.00,0.0000,true,1,140019
7290112013729,true,קופיקס-רוטב אריסה50,,,קופיקס-רוטב אריסה50,,0.00,,false,,0.00,0.0000,true,1,137855
7290112190697,true,"אורז בסמטי זיפר 1 ק""",,,"אורז בסמטי זיפר 1 ק""",,0.00,,false,,9.90,0.0000,true,1,142301
7290112190772,true,פסטה ספגטיני 500 גרם,,,פסטה ספגטיני 500 גרם,,0.00,,false,,4.80,0.0000,true,1,142303
7290112190802,true,פוזילי 500 גרם רמי ל,,,פוזילי 500 גרם רמי ל,,0.00,,false,,4.80,0.0000,true,1,142306
7290112191441,true,פרכיות בציפוי שוקולד,,,פרכיות בציפוי שוקולד,,0.00,,false,,6.10,0.0000,true,1,143521
7290112276056,true,כוס מחולקת,,,כוס מחולקת,,0.00,,false,,2999.00,0.0000,true,1,139029
7290112290113,true,עוגה בחושה שוקולד כש,,,עוגה בחושה שוקולד כש,,0.00,,false,,0.00,0.0000,true,1,138844
7290112290366,true,לחמניית סביח כשלפ,,,לחמניית סביח כשלפ,,0.00,,false,,15.00,0.0000,true,1,138974
7290112290403,true,שקיות אל-בד מודפסות,,,שקיות אל-בד מודפסות,,0.00,,false,,5.00,0.0000,true,1,138988
7290112290427,true,מעטפות פרסום פסח מהד,,,מעטפות פרסום פסח מהד,,0.00,,false,,0.00,0.0000,true,1,139021
7290112290434,true,מעטפות פרסום פסח רגי,,,מעטפות פרסום פסח רגי,,0.00,,false,,0.00,0.0000,true,1,139022
7290112290496,true,"גביע ליוגורט 200 מ""ל",,,"גביע ליוגורט 200 מ""ל",,0.00,,false,,0.00,0.0000,true,1,139043
7290112290564,true,קרמבל תפוחים,,,קרמבל תפוחים,,0.00,,false,,0.00,0.0000,true,1,139257
7290112290588,true,"גביע ליוגורט 200 מ""ל",,,"גביע ליוגורט 200 מ""ל",,0.00,,false,,0.00,0.0000,true,1,139258
7290112290649,true,תמצית תה,,,תמצית תה,,0.00,,false,,2999.90,0.0000,true,1,139274
7290112290656,true,תחמיץ לסלט קופיקס 2,,,תחמיץ לסלט קופיקס 2,,0.00,,false,,0.00,0.0000,true,1,139511
7290112290762,true,מחמצת בגאט,,,מחמצת בגאט,,0.00,,false,,7.00,0.0000,true,1,139291
7290112291004,true,חלה כוסמין,,,חלה כוסמין,,0.00,,false,,18.00,0.0000,true,1,139315
7290112291271,true,חמין גדול+ לחמניה,,,חמין גדול+ לחמניה,,0.00,,false,,0.00,0.0000,true,1,139342
7290112291288,true,קוגל חצי מנה + מלפפו,,,קוגל חצי מנה + מלפפו,,0.00,,false,,0.00,0.0000,true,1,139343
7290112291332,true,מאפה קינמון לא אפוי,,,מאפה קינמון לא אפוי,,0.00,,false,,0.00,0.0000,true,1,139397
7290112291387,true,באן מאודה במילוי בטע,,,באן מאודה במילוי בטע,,0.00,,false,,0.00,0.0000,true,1,139505
7290112291394,true,באן מאודה במילוי בטע,,,באן מאודה במילוי בטע,,0.00,,false,,0.00,0.0000,true,1,139506
7290112291400,true,כריך כפול פטה-פלפלc,,,כריך כפול פטה-פלפלc,,0.00,,false,,12.00,0.0000,true,1,139512
7290112291417,true,כריך כפול גווקאמולי,,,כריך כפול גווקאמולי,,0.00,,false,,12.00,0.0000,true,1,139513
7290112291431,true,טורטיה מסאחן    cff,,,טורטיה מסאחן    cff,,0.00,,false,,10.00,0.0000,true,1,139515
7290112291479,true,"כוס פלסטיק 330 מ""ל",,,"כוס פלסטיק 330 מ""ל",,0.00,,false,,0.00,0.0000,true,1,139568
7290112291486,true,"כוס פלסטיק 500 מ""ל",,,"כוס פלסטיק 500 מ""ל",,0.00,,false,,0.00,0.0000,true,1,139569
7290112291493,true,"מכסה לכוס 250+330 מ""",,,"מכסה לכוס 250+330 מ""",,0.00,,false,,0.00,0.0000,true,1,139570
7290112291509,true,תיק סנדוויץ 21*9.5*1,,,תיק סנדוויץ 21*9.5*1,,0.00,,false,,6.00,0.0000,true,1,140266
7290112291707,true,"כוס נייר 370 מ""ל",,,"כוס נייר 370 מ""ל",,0.00,,false,,2999.90,0.0000,true,1,140127
7290112292186,true,מרנג לימון,,,מרנג לימון,,0.00,,false,,8.00,0.0000,true,1,141932
7290112292469,true,כוס קפה יאיר לפיד,,,כוס קפה יאיר לפיד,,0.00,,false,,2999.90,0.0000,true,1,142659
7290112292773,true,מארז מיקס פירות,,,מארז מיקס פירות,,0.00,,false,,12.00,0.0000,true,1,143195
7290112292896,false,בייגל טוסט עם זיתים,,,בייגל טוסט עם זיתים,Unknown,1.00,יחידה,false,,18.00,18.0000,true,1,143921
7290112292988,true,מחמצת גדולה רוסט טונ,,,מחמצת גדולה רוסט טונ,,0.00,,false,,22.00,0.0000,true,1,143929
7290112293022,true,מיני דונאטס,,,מיני דונאטס,,0.00,,false,,6.00,0.0000,true,1,144440
7290112293039,true,קאפקייקס אייסינג,,,קאפקייקס אייסינג,,0.00,,false,,8.00,0.0000,true,1,144441
7290112293084,false,סלט ים תיכוני cff,,,סלט ים תיכוני cff,גרמים,270.00,100 גרם,false,,27.00,0.1000,true,1,145210
7290112293244,false,עוגיית בראוניז,,,עוגיית בראוניז,Unknown,0.00,יחידה,false,,12.00,0.0000,true,1,145964
7290112293305,false,סלט ישראלי cff,,,סלט ישראלי cff,גרמים,450.00,100 גרם,false,,27.00,0.0600,true,1,146500
7290112293428,false,טוסט גבינות בפרנה,,,טוסט גבינות בפרנה,Unknown,1.00,יחידה,false,,20.00,20.0000,true,1,147567
7290112294180,false,כריך מחמצת חביתת ירק,,,כריך מחמצת חביתת ירק,Unknown,1.00,יחידה,false,,20.00,20.0000,true,1,148074
7290112294197,false,כריך טונה פריזאית cf,,,כריך טונה פריזאית cf,Unknown,1.00,יחידה,false,,20.00,20.0000,true,1,149332
7290112295903,false,כריך כפרי שקשוקה cff,,,כריך כפרי שקשוקה cff,Unknown,1.00,יחידה,false,,15.00,15.0000,true,1,155050
7290112295910,false,כריך כפרי חביתה cff,,,כריך כפרי חביתה cff,Unknown,1.00,יחידה,false,,15.00,15.0000,true,1,155051
7290112295934,false,סלט אסייתי בינוני cf,,,סלט אסייתי בינוני cf,Unknown,1.00,יחידה,false,,19.00,19.0000,true,1,155060
7290112330352,false,דנונה פרו 20 גר וניל,,,דנונה פרו 20 גר וניל,גרמים,200.00,100 גרם,false,,6.20,0.0310,true,1,145906
7290112332691,false,פינוקיות קרם פסק זמן,,,פינוקיות קרם פסק זמן,גרמים,200.00,100 גרם,false,,11.90,0.0595,true,1,144824
7290112332899,false,בזוקה פופים קלאסי 58,,,בזוקה פופים קלאסי 58,גרמים,58.00,100 גרם,false,,10.90,0.1879,true,1,144836
7290112334169,true,פיתה קראנצ בצל מטוגן,,,פיתה קראנצ בצל מטוגן,,0.00,,false,,13.90,0.0000,true,1,143610
7290112335036,true,משקה פרו 18 טריפל זי,,,משקה פרו 18 טריפל זי,,0.00,,false,,6.90,0.0000,true,1,143708
7290112335289,true,משקה פרו 18 תות 265,,,משקה פרו 18 תות 265,,0.00,,false,,6.90,0.0000,true,1,143710
7290112335296,true,משקה פרו 18 טריפל זי,,,משקה פרו 18 טריפל זי,,0.00,,false,,6.90,0.0000,true,1,143711
7290112335487,false,פריכיות 3 דגנים עם ק,,,פריכיות 3 דגנים עם ק,גרמים,135.00,100 גרם,false,,10.90,0.0807,true,1,150186
7290112335494,false,פריכיות תפוח אדמה 3,,,פריכיות תפוח אדמה 3,גרמים,135.00,100 גרם,false,,10.90,0.0807,true,1,150187
7290112335500,false,פריכיות חומוס אורז ע,,,פריכיות חומוס אורז ע,גרמים,135.00,100 גרם,false,,10.90,0.0807,true,1,150189
7290112336613,false,עד חצות סנדוויץ 135,,,עד חצות סנדוויץ 135,גרמים,135.00,100 גרם,false,,10.90,0.0807,true,1,157582
7290112336651,false,"סוכריות לל""ס ריבת חל",,,"סוכריות לל""ס ריבת חל",גרמים,80.00,100 גרם,false,,8.90,0.1113,true,1,148029
7290112336712,false,דנונה פרו 21 גר 0% ש,,,דנונה פרו 21 גר 0% ש,גרמים,200.00,100 גרם,false,,6.20,0.0310,true,1,143712
7290112337481,false,"סוכריות לל""ס קפוצינו",,,"סוכריות לל""ס קפוצינו",גרמים,80.00,100 גרם,false,,8.90,0.1113,true,1,147906
7290112339089,true,משקה פרו 18 אפרסק 26,,,משקה פרו 18 אפרסק 26,,0.00,,false,,6.90,0.0000,true,1,143713
7290112339584,true,גמדים לדרך סקוויז ונ,,,גמדים לדרך סקוויז ונ,,0.00,,false,,5.90,0.0000,true,1,143716
7290112340122,false,פריכיות 3 דגנים אנרג,,,פריכיות 3 דגנים אנרג,גרמים,135.00,100 גרם,false,,10.90,0.0807,true,1,150188
7290112340245,false,צנצנת MUST בטעם דובד,,,צנצנת MUST בטעם דובד,גרמים,66.00,100 גרם,false,,9.90,0.1500,true,1,148011
7290112341105,false,באגט קראנצ שום 300 ג,,,באגט קראנצ שום 300 ג,גרמים,300.00,100 גרם,false,,14.50,0.0483,true,1,144919
7290112342102,false,סימפוניה בצל מקורמל,,,סימפוניה בצל מקורמל,גרמים,200.00,100 גרם,false,,12.40,0.0620,true,1,145919
7290112343499,false,צ'יטוס פאפס 55 גרם,,,צ'יטוס פאפס 55 גרם,גרמים,55.00,100 גרם,false,,3.60,0.0655,true,1,153244
7290112343512,false,צ'יטוס פאפס 160 גרם,,,צ'יטוס פאפס 160 גרם,גרמים,160.00,100 גרם,false,,8.50,0.0531,true,1,153245
7290112348241,false,פסק זמן פטיסרי עם קר,,,פסק זמן פטיסרי עם קר,גרמים,35.00,100 גרם,false,,5.50,0.1571,true,1,150309
7290112348999,false,פריכיות תירס דקות  א,,,פריכיות תירס דקות  א,גרמים,135.00,100 גרם,false,,10.90,0.0807,true,1,151146
7290112349316,false,בזוקה ביג פופים בטעם,,,בזוקה ביג פופים בטעם,גרמים,86.00,100 גרם,false,,12.90,0.1500,true,1,147385
7290112349897,false,מאסט קוביות מנטה  86,,,מאסט קוביות מנטה  86,גרמים,86.00,100 גרם,false,,12.90,0.1500,true,1,147387
7290112353887,false,משקה קפה קר בטעם אגו,,,משקה קפה קר בטעם אגו,מיליליטרים,230.00,"100 מ""ל",false,,7.90,0.0343,true,1,148475
7290112354211,false,פיצה מרגריטה 400 גרם,,,פיצה מרגריטה 400 גרם,גרמים,400.00,100 גרם,false,,25.90,0.0647,true,1,153535
7290112354945,false,תפוציפס wavy טבעי  5,,,תפוציפס wavy טבעי  5,גרמים,50.00,100 גרם,false,,4.30,0.0860,true,1,157938
7290112354952,false,תפוציפס wavy פפריקה,,,תפוציפס wavy פפריקה,גרמים,50.00,100 גרם,false,,4.30,0.0860,true,1,157939
7290112354969,false,תפוציפס wavy טבעי  2,,,תפוציפס wavy טבעי  2,גרמים,200.00,100 גרם,false,,10.90,0.0545,true,1,157940
7290112357045,false,עגבניות איטלקיות מרו,,,עגבניות איטלקיות מרו,גרמים,390.00,100 גרם,false,,6.80,0.0174,true,1,147927
7290112357106,false,שעועית אדומה מבושלת,,,שעועית אדומה מבושלת,גרמים,380.00,100 גרם,false,,7.90,0.0208,true,1,147930
7290112358004,false,פסק זמן קראנץ' 32 גר,,,פסק זמן קראנץ' 32 גר,גרמים,32.00,100 גרם,false,,5.50,0.1719,true,1,150764
7290112358240,false,רוטב גריל 300 גרם,,,רוטב גריל 300 גרם,גרמים,300.00,100 גרם,false,,13.90,0.0463,true,1,147797
7290112358561,false,פלטינום קלאסיק 47 גר,,,פלטינום קלאסיק 47 גר,גרמים,47.00,100 גרם,false,,5.90,0.1255,true,1,154806
7290112490049,true,נמס בכוס ועוד טעם עו,,,נמס בכוס ועוד טעם עו,,0.00,,false,,5.00,0.0000,true,1,141779
7290112490209,false,נמס בכוס מרק עגבניות,,,נמס בכוס מרק עגבניות,גרמים,56.00,100 גרם,false,,7.50,0.1339,true,1,141780
7290112490216,false,נמס בכוס מרק בטעם עו,,,נמס בכוס מרק בטעם עו,גרמים,48.00,100 גרם,false,,7.50,0.1563,true,1,141783
7290112490230,false,נמס בכוס מרק אפונה ק,,,נמס בכוס מרק אפונה ק,גרמים,50.00,100 גרם,false,,7.50,0.1500,true,1,141781
7290112490667,false,קונפיטורת משמש (778,,,קונפיטורת משמש (778,גרמים,340.00,100 גרם,false,,13.90,0.0409,true,1,143359
7290112490674,false,קונפיטורת דובדבנים (,,,קונפיטורת דובדבנים (,גרמים,340.00,100 גרם,false,,13.90,0.0409,true,1,143360
7290112490735,false,מרק עגבניות עם פסטה,,,מרק עגבניות עם פסטה,גרמים,105.00,100 גרם,false,,10.90,0.1038,true,1,144634
7290112490742,false,מרק פטריות עם גריסים,,,מרק פטריות עם גריסים,גרמים,104.00,100 גרם,false,,10.90,0.1048,true,1,144635
7290112491015,true,תלמה אלופים דגנים מל,,,תלמה אלופים דגנים מל,,0.00,,false,,18.90,0.0000,true,1,142416
7290112491770,false,דקים דקים מלח 300 גר,,,דקים דקים מלח 300 גר,גרמים,300.00,100 גרם,false,,10.90,0.0363,true,1,144738
7290112491787,false,דקים דקים שומשום 300,,,דקים דקים שומשום 300,גרמים,300.00,100 גרם,false,,10.90,0.0363,true,1,144739
7290112492456,false,פינוק שמפו שיער יבש,,,פינוק שמפו שיער יבש,גרמים,700.00,100 גרם,false,,11.90,0.0170,true,1,147427
7290112492609,false,פינוק תח.רחצה לבנדר,,,פינוק תח.רחצה לבנדר,מיליליטרים,700.00,"100 מ""ל",false,,11.90,0.0170,true,1,147207
7290112492630,false,פינוק 3 ב-1 לגבר 700,,,פינוק 3 ב-1 לגבר 700,מיליליטרים,700.00,"100 מ""ל",false,,11.90,0.0170,true,1,152152
7290112493088,false,מרק עדשים קנור 2 * 2,,,מרק עדשים קנור 2 * 2,גרמים,54.00,100 גרם,false,,7.50,0.1389,true,1,145000
7290112493095,false,נמס בכוס מרק עגבניות,,,נמס בכוס מרק עגבניות,גרמים,48.00,100 גרם,false,,7.50,0.1563,true,1,144997
7290112493170,true,קליק כריות נוגט בלבן,,,קליק כריות נוגט בלבן,,0.00,,false,,5.00,0.0000,true,1,144426
7290112494276,false,קליק כריות תפזורת 65,,,קליק כריות תפזורת 65,גרמים,65.00,100 גרם,false,,6.40,0.0985,true,1,145296
7290112494283,false,קליק מעורב חום לבן ת,,,קליק מעורב חום לבן ת,גרמים,65.00,100 גרם,false,,6.40,0.0985,true,1,145297
7290112494313,false,קליק קורנפלקס תפזורת,,,קליק קורנפלקס תפזורת,גרמים,65.00,100 גרם,false,,6.40,0.0985,true,1,145299
7290112495105,false,נשנושים שמנת בצל 260,,,נשנושים שמנת בצל 260,גרמים,260.00,100 גרם,false,,12.90,0.0496,true,1,145302
7290112495112,false,נשנושים זעתר 260 גרם,,,נשנושים זעתר 260 גרם,גרמים,260.00,100 גרם,false,,12.90,0.0496,true,1,145253
7290112495167,false,נשנושים משולש שומשום,,,נשנושים משולש שומשום,גרמים,300.00,100 גרם,false,,12.90,0.0430,true,1,147253
7290112495228,false,קורנפלקס דבש 448 גרם,,,קורנפלקס דבש 448 גרם,גרמים,448.00,100 גרם,false,,18.90,0.0422,true,1,145303
7290112495433,false,דליפקאן 400 גרם,,,דליפקאן 400 גרם,גרמים,400.00,100 גרם,false,,20.90,0.0522,true,1,144855
7290112495570,true,קוקומן ללא גלוטן כשל,,,קוקומן ללא גלוטן כשל,,0.00,,false,,17.90,0.0000,true,1,146687
7290112495761,false,הלמנס לסלט אלף איים,,,הלמנס לסלט אלף איים,מיליליטרים,305.00,"100 מ""ל",false,,12.80,0.0420,true,1,146478
7290112496270,false,"פתית צ'יפס תפו""א עם",,,"פתית צ'יפס תפו""א עם",גרמים,21.00,100 גרם,false,,5.50,0.2619,true,1,149828
7290112496294,false,פתית צ'יפס אפונה בתו,,,פתית צ'יפס אפונה בתו,גרמים,22.00,100 גרם,false,,5.50,0.2500,true,1,149830
7290112496430,false,נמס בכוס אקסטרה-קנור,,,נמס בכוס אקסטרה-קנור,גרמים,37.00,100 גרם,false,,4.90,0.1324,true,1,153484
7290112496447,false,נמס בכוס אקסטרה עוף,,,נמס בכוס אקסטרה עוף,גרמים,28.00,100 גרם,false,,4.90,0.1750,true,1,155330
7290112496461,false,נמס בכוס אקסטרה ירקו,,,נמס בכוס אקסטרה ירקו,גרמים,32.00,100 גרם,false,,4.90,0.1531,true,1,153485
7290112496584,false,קליק כריות בלאק לבן,,,קליק כריות בלאק לבן,גרמים,65.00,100 גרם,false,,6.40,0.0985,true,1,149836
7290112497000,false,סיף ניקוי כללי לימון,,,סיף ניקוי כללי לימון,מיליליטרים,1000.00,"100 מ""ל",false,,10.90,0.0109,true,1,147932
7290112498526,false,פתית צ'יפס בטטה סגול,,,פתית צ'יפס בטטה סגול,גרמים,22.00,100 גרם,false,,5.50,0.2500,true,1,154126
7290112499127,false,מגנום שוקולד לבן תות,,,מגנום שוקולד לבן תות,Unknown,1.00,יחידה,false,,11.00,11.0000,true,1,155030
7290112499639,false,טילון סופר מגנום וני,,,טילון סופר מגנום וני,Unknown,1.00,יחידה,false,,11.00,11.0000,true,1,146352
7290112499837,false,מגנום-דואט שוקולד עם,,,מגנום-דואט שוקולד עם,Unknown,1.00,יחידה,false,,11.00,11.0000,true,1,146355
7290112499929,false,מגנום שוקולד,,,מגנום שוקולד,Unknown,1.00,יחידה,false,,11.00,11.0000,true,1,146356
7290112499936,false,מגנום שקדים מובחרים,,,מגנום שקדים מובחרים,Unknown,1.00,יחידה,false,,11.00,11.0000,true,1,146357
7290112960184,true,מגבת חוף במבה - מתנה,,,מגבת חוף במבה - מתנה,,0.00,,false,,0.01,0.0000,true,1,143619
7290112961372,false,פיטנס חטיפי פריכיות,,,פיטנס חטיפי פריכיות,גרמים,60.00,100 גרם,false,,9.90,0.1650,true,1,148382
7290112961464,false,פיטנס חטיפי פריכיות,,,פיטנס חטיפי פריכיות,גרמים,60.00,100 גרם,false,,9.90,0.1650,true,1,148383
7290112963918,false,פיטנס קרקר THIN רוזמ,,,פיטנס קרקר THIN רוזמ,גרמים,140.00,100 גרם,false,,11.90,0.0850,true,1,148391
7290112964472,false,רוטב לסלט שום 290 גר,,,רוטב לסלט שום 290 גר,מיליליטרים,290.00,"100 מ""ל",false,,11.90,0.0410,true,1,145315
7290112966247,false,לחמית כוסמין 200 גרם,,,לחמית כוסמין 200 גרם,גרמים,200.00,100 גרם,false,,10.90,0.0545,true,1,153097
7290112967114,false,פיטנס חטיפי פריכיות,,,פיטנס חטיפי פריכיות,גרמים,60.00,100 גרם,false,,9.90,0.1650,true,1,149652
7290112967381,false,פיטנס חטיפי פריכיות,,,פיטנס חטיפי פריכיות,גרמים,60.00,100 גרם,false,,9.90,0.1650,true,1,149653
7290112968807,false,פיטנס קרקר THIN סלק,,,פיטנס קרקר THIN סלק,גרמים,140.00,100 גרם,false,,11.90,0.0850,true,1,151954
7290112968821,false,פיטנס קרקר THIN בטטה,,,פיטנס קרקר THIN בטטה,גרמים,140.00,100 גרם,false,,11.90,0.0850,true,1,151955
7290113192171,false,מיקס אגוזים שקדים וח,,,מיקס אגוזים שקדים וח,גרמים,150.00,100 גרם,false,,12.90,0.0860,true,1,152240
7290113192355,false,חרוזית זיתים ירוקים,,,חרוזית זיתים ירוקים,גרמים,275.00,100 גרם,false,,10.90,0.0396,true,1,146747
7290113192393,false,קוקטייל זיתים בית הש,,,קוקטייל זיתים בית הש,גרמים,336.00,100 גרם,false,,12.70,0.0378,true,1,145498
7290113192478,false,מלפפונים במלח בינוני,,,מלפפונים במלח בינוני,גרמים,320.00,100 גרם,false,,8.90,0.0278,true,1,148148
7290113192485,false,מלפפונים בחומץ בינונ,,,מלפפונים בחומץ בינונ,גרמים,290.00,100 גרם,false,,8.90,0.0307,true,1,147596
7290113192539,false,מלפפונים במלח גדול 7,,,מלפפונים במלח גדול 7,גרמים,560.00,100 גרם,false,,7.90,0.0141,true,1,147598
7290113192560,false,בית השיטה פלפל שיפקה,,,בית השיטה פלפל שיפקה,גרמים,230.00,100 גרם,false,,8.60,0.0374,true,1,149598
7290113192577,false,בית השיטה כרוב כבוש,,,בית השיטה כרוב כבוש,גרמים,430.00,100 גרם,false,,8.90,0.0207,true,1,149599
7290113192881,false,טורטיה חיטה מופחת קל,,,טורטיה חיטה מופחת קל,גרמים,270.00,100 גרם,false,,11.90,0.0441,true,1,148088
7290113198067,false,פקאן מצופה שוקולד לב,,,פקאן מצופה שוקולד לב,גרמים,150.00,100 גרם,false,,15.90,0.1060,true,1,152933
7290113198074,false,פקאן מצופה בשוקולד ש,,,פקאן מצופה בשוקולד ש,גרמים,150.00,100 גרם,false,,15.90,0.1060,true,1,152934
7290113241190,true,"מסיר לק 100 מ""ל",,,"מסיר לק 100 מ""ל",,0.00,,false,,3.20,0.0000,true,1,141647
7290113288485,false,כוסות נייר שתיה חמה,,,כוסות נייר שתיה חמה,Unknown,50.00,יחידה,false,,11.90,0.2380,true,1,154414
7290113470286,false,מגבונים לניקוי כללי,,,מגבונים לניקוי כללי,Unknown,400.00,יחידה,false,,20.90,0.0522,true,1,147424
7290113470965,false,כפפות ניטריל L שחור,,,כפפות ניטריל L שחור,Unknown,100.00,יחידה,false,,25.90,0.2590,true,1,146829
7290113472075,false,שום ארוז יבוא,,,שום ארוז יבוא,Unknown,1.00,יחידה,false,,7.90,7.9000,true,1,147072
7290113472105,false,כוסות נייר שתיה חמה,,,כוסות נייר שתיה חמה,Unknown,50.00,יחידה,false,,11.90,0.2380,true,1,147105
7290113476295,false,50 להבונים בשקית,,,50 להבונים בשקית,Unknown,50.00,יחידה,false,,11.90,0.2380,true,1,150687
7290113476301,false,נר נשמה 24 שעות,,,נר נשמה 24 שעות,Unknown,1.00,יחידה,false,,1.90,1.9000,true,1,150684
7290113476318,false,נר נשמה 48 שעות,,,נר נשמה 48 שעות,Unknown,1.00,יחידה,false,,3.90,3.9000,true,1,150685
7290113479708,false,נייר מגבת למטבח (235,,,נייר מגבת למטבח (235,Unknown,235.00,יחידה,false,,13.90,0.0591,true,1,151942
7290113622524,false,פסטה ללא גלוטן כוסמת,,,פסטה ללא גלוטן כוסמת,גרמים,250.00,100 גרם,false,,13.90,0.0556,true,1,151041
7290113626911,false,שקד מקלות 100 גרם,,,שקד מקלות 100 גרם,גרמים,100.00,100 גרם,false,,12.90,0.1290,true,1,151047
7290113627246,false,קשיו נספאק 240 גרם,,,קשיו נספאק 240 גרם,גרמים,240.00,100 גרם,false,,19.90,0.0829,true,1,151051
7290113627277,false,גרעיני חמנייה קלופים,,,גרעיני חמנייה קלופים,גרמים,150.00,100 גרם,false,,5.90,0.0393,true,1,151052
7290113627307,false,גרעיני דלעת קלופים נ,,,גרעיני דלעת קלופים נ,גרמים,250.00,100 גרם,false,,12.90,0.0516,true,1,151055
7290113627321,false,אגוז ברזיל נספאק 280,,,אגוז ברזיל נספאק 280,גרמים,280.00,100 גרם,false,,29.90,0.1068,true,1,151057
7290113627345,false,חמוציות מסוכרות נספא,,,חמוציות מסוכרות נספא,גרמים,200.00,100 גרם,false,,9.90,0.0495,true,1,151058
7290113627390,false,משמש נספאק 380 גרם,,,משמש נספאק 380 גרם,גרמים,380.00,100 גרם,false,,19.90,0.0524,true,1,151063
7290113627406,false,תפוח עץ טבעות נספאק,,,תפוח עץ טבעות נספאק,גרמים,150.00,100 גרם,false,,9.90,0.0660,true,1,151064
7290113627451,false,חמוציות ברכז תפוחים,,,חמוציות ברכז תפוחים,גרמים,230.00,100 גרם,false,,14.90,0.0648,true,1,151069
7290113627598,false,צימוק כהה נספאק 400,,,צימוק כהה נספאק 400,גרמים,400.00,100 גרם,false,,14.90,0.0373,true,1,151760
7290113655645,false,שלישיית מגבות מטבח -,,,שלישיית מגבות מטבח -,100 יחידה,1.00,100 יחידה,false,,16.90,16.9000,true,1,150631
7290113660106,false,כוסות נייר שתיה חמה,,,כוסות נייר שתיה חמה,Unknown,50.00,יחידה,false,,11.90,0.2380,true,1,142970
7290114310536,false,יוגורט מולר אקטיב לי,,,יוגורט מולר אקטיב לי,גרמים,200.00,100 גרם,false,,6.20,0.0310,true,1,151579
7290114311069,false,מולר אקטיב 25 גרם חל,,,מולר אקטיב 25 גרם חל,גרמים,200.00,100 גרם,false,,5.90,0.0295,true,1,155401
7290114311359,false,קציפת מנגו 3% שומן מ,,,קציפת מנגו 3% שומן מ,גרמים,150.00,100 גרם,false,,5.20,0.0347,true,1,156644
7290114604925,false,מאסטר שף קרם קוקוס ל,,,מאסטר שף קרם קוקוס ל,מיליליטרים,400.00,"100 מ""ל",false,,10.90,0.0273,true,1,153766
7290115071535,false,מטבעות שוקולד ברשת 3,,,מטבעות שוקולד ברשת 3,גרמים,31.00,100 גרם,false,,3.90,0.1258,true,1,151265
7290115073676,false,מסכה לפנים חד-פעמי מ,,,מסכה לפנים חד-פעמי מ,Unknown,50.00,יחידה,false,,9.90,0.1980,true,1,150123
7290115203134,false,פופקו פופקורן במבה 8,,,פופקו פופקורן במבה 8,גרמים,80.00,100 גרם,false,,5.50,0.0688,true,1,152198
7290115203172,false,במבה פרו 80 גרם,,,במבה פרו 80 גרם,גרמים,80.00,100 גרם,false,,5.20,0.0650,true,1,157262
7290115205176,false,פיטנס חטיפי קרקר טינ,,,פיטנס חטיפי קרקר טינ,גרמים,140.00,100 גרם,false,,11.90,0.0850,true,1,154591
7290115205312,false,פיטנס קרקר Thin Deli,,,פיטנס קרקר Thin Deli,גרמים,140.00,100 גרם,false,,11.90,0.0850,true,1,155826
7290115207965,false,ויטמינצ'יק מנגו אפרס,,,ויטמינצ'יק מנגו אפרס,מיליליטרים,1000.00,"100 מ""ל",false,,22.90,0.0229,true,1,154879
7290115208344,false,בייגלה כפיות שמנת בצ,,,בייגלה כפיות שמנת בצ,גרמים,300.00,100 גרם,false,,10.90,0.0363,true,1,157265
7290115208566,false,קרמוגית מיניס קרם בי,,,קרמוגית מיניס קרם בי,גרמים,200.00,100 גרם,false,,11.90,0.0595,true,1,156613
7290115208597,false,קרמוגית מיניס קרמל מ,,,קרמוגית מיניס קרמל מ,גרמים,200.00,100 גרם,false,,10.90,0.0545,true,1,156614
7290115209174,false,במבה אורירית אסם 60,,,במבה אורירית אסם 60,גרמים,60.00,100 גרם,false,,4.50,0.0750,true,1,156459
7290115209358,false,במבה במילוי בראוניז,,,במבה במילוי בראוניז,גרמים,60.00,100 גרם,false,,4.90,0.0817,true,1,157975
7290115209372,false,במבה במילוי בראוניז,,,במבה במילוי בראוניז,גרמים,150.00,100 גרם,false,,10.90,0.0727,true,1,157976
7290115410891,false,חומוס מסבחה רמי לוי,,,חומוס מסבחה רמי לוי,גרמים,400.00,100 גרם,false,,10.90,0.0273,true,1,154101
7290115410907,false,מטבוחה רמי לוי 400 ג,,,מטבוחה רמי לוי 400 ג,גרמים,400.00,100 גרם,false,,10.90,0.0273,true,1,157016
7290115410914,false,חציל רומני רמי לוי 4,,,חציל רומני רמי לוי 4,גרמים,400.00,100 גרם,false,,10.90,0.0273,true,1,157017
7290115410921,false,חומוס ירושלמי רמי לו,,,חומוס ירושלמי רמי לו,גרמים,400.00,100 גרם,false,,10.90,0.0273,true,1,157018
7290115410938,false,טחינה רמי לוי 400 גר,,,טחינה רמי לוי 400 גר,גרמים,400.00,100 גרם,false,,10.90,0.0273,true,1,154102
7290115410945,false,חומוס זעתר רמי לוי 4,,,חומוס זעתר רמי לוי 4,גרמים,400.00,100 גרם,false,,10.90,0.0273,true,1,157019
7290115410952,false,חציל במיונז רמי לוי,,,חציל במיונז רמי לוי,גרמים,400.00,100 גרם,false,,10.90,0.0273,true,1,157020
7290115411454,false,חומוס ירושלמי המזטים,,,חומוס ירושלמי המזטים,גרמים,250.00,100 גרם,false,,8.90,0.0356,true,1,151013
7290115411577,false,חציל אש במיונז המזטי,,,חציל אש במיונז המזטי,גרמים,250.00,100 גרם,false,,8.90,0.0356,true,1,151016
7290115411638,false,קוביות חציל בטחינה ה,,,קוביות חציל בטחינה ה,גרמים,250.00,100 גרם,false,,8.90,0.0356,true,1,151019
7290115671223,false,מאסט פאן אבטיח מנגו,,,מאסט פאן אבטיח מנגו,גרמים,58.00,100 גרם,false,,10.90,0.1879,true,1,154568
7290115671308,false,תות דובדבן מאסט פאן,,,תות דובדבן מאסט פאן,גרמים,58.00,100 גרם,false,,10.90,0.1879,true,1,154569
7290115671339,false,מיני פינוקיות בראוני,,,מיני פינוקיות בראוני,גרמים,180.00,100 גרם,false,,11.90,0.0661,true,1,153036
7290115671346,false,מיני פינוקיות טופי ק,,,מיני פינוקיות טופי ק,גרמים,180.00,100 גרם,false,,11.90,0.0661,true,1,153037
7290115675559,false,מארז טורקי לדרך 70 ג,,,מארז טורקי לדרך 70 ג,גרמים,70.00,100 גרם,false,,8.70,0.1243,true,1,154808
7290115676693,false,תפוצ'יפס מלח וחומץ ע,,,תפוצ'יפס מלח וחומץ ע,גרמים,50.00,100 גרם,false,,4.30,0.0860,true,1,156460
7290116052717,false,כפית שקוף רמי לוי 40,,,כפית שקוף רמי לוי 40,100 יחידה,40.00,100 יחידה,false,,7.90,0.1975,true,1,156844
7290116052724,false,מזלג שקוף רמי לוי 40,,,מזלג שקוף רמי לוי 40,100 יחידה,40.00,100 יחידה,false,,8.90,0.2225,true,1,156845
7290116052731,false,כף שקוף רמי לוי 40 י,,,כף שקוף רמי לוי 40 י,100 יחידה,40.00,100 יחידה,false,,8.90,0.2225,true,1,156846
7290116055657,false,כוס חם 8 (40 יח') רמ,,,כוס חם 8 (40 יח') רמ,100 יחידה,40.00,100 יחידה,false,,9.90,0.2475,true,1,156517
7290116055664,false,כוס חם 10 רמי לוי,,,כוס חם 10 רמי לוי,Unknown,40.00,יחידה,false,,17.90,0.4475,true,1,155782
7290116055695,false,כוס חם 8B אוז 40 יח',,,כוס חם 8B אוז 40 יח',Unknown,40.00,יחידה,false,,8.90,0.2225,true,1,157301
7290116056296,false,צלחת 9 קרם 50 יחידות,,,צלחת 9 קרם 50 יחידות,Unknown,1.00,יחידה,false,,21.90,21.9000,true,1,155712
7290116056968,false,מטליות לניקוי וחיטוי,,,מטליות לניקוי וחיטוי,Unknown,50.00,יחידה,false,,7.90,0.1580,true,1,153820
7290116530185,false,דלישקד 400 גרם תלמה,,,דלישקד 400 גרם תלמה,גרמים,400.00,100 גרם,false,,20.90,0.0522,true,1,153505
7290116531090,false,דגדג חטיף אפוי במליח,,,דגדג חטיף אפוי במליח,גרמים,250.00,100 גרם,false,,9.90,0.0396,true,1,155026
7290116532264,false,מאגדת גודיז פרי אפרס,,,מאגדת גודיז פרי אפרס,גרמים,300.00,100 גרם,false,,22.90,0.0763,true,1,155509
7290116532271,false,מאגדת גודיז סנדוויץ',,,מאגדת גודיז סנדוויץ',גרמים,270.00,100 גרם,false,,24.90,0.0922,true,1,155510
7290116532769,false,גרנולה פרוטאין בתוספ,,,גרנולה פרוטאין בתוספ,גרמים,300.00,100 גרם,false,,16.20,0.0540,true,1,156588
7290116930282,false,ארוחה בקטנה לאבנה עם,,,ארוחה בקטנה לאבנה עם,גרמים,150.00,100 גרם,false,,8.90,0.0593,true,1,157166
7290116930442,false,יופלה שייק בננה  מנג,,,יופלה שייק בננה  מנג,מיליליטרים,230.00,"100 מ""ל",false,,7.90,0.0343,true,1,156526
7290116930466,false,יופלה שייק מנגו  בננ,,,יופלה שייק מנגו  בננ,מיליליטרים,230.00,"100 מ""ל",false,,7.90,0.0343,true,1,156528
7290116930480,false,יופלה שייק בננה  קיו,,,יופלה שייק בננה  קיו,מיליליטרים,230.00,"100 מ""ל",false,,7.90,0.0343,true,1,156529
7290116930565,false,משקה תה קר עם חלב בט,,,משקה תה קר עם חלב בט,מיליליטרים,230.00,"100 מ""ל",false,,8.90,0.0387,true,1,156531
7290116930626,false,ארוחה בקטנה ציזיקי ע,,,ארוחה בקטנה ציזיקי ע,גרמים,150.00,100 גרם,false,,8.90,0.0593,true,1,157167
7290116930701,false,מעדן חלב גו בטעם קרמ,,,מעדן חלב גו בטעם קרמ,גרמים,120.00,100 גרם,false,,5.30,0.0442,true,1,156535
7290116931104,false,יופלה גו במרקם סמיך,,,יופלה גו במרקם סמיך,גרמים,200.00,100 גרם,false,,5.90,0.0295,true,1,157170
7290117260432,false,פטריות חתוכות רמי לו,,,פטריות חתוכות רמי לו,גרמים,400.00,100 גרם,false,,4.90,0.0123,true,1,156176
7290117261514,false,סלמון אטלנטי בשמן קנ,,,סלמון אטלנטי בשמן קנ,גרמים,120.00,100 גרם,false,,10.90,0.0908,true,1,157315
7290117261521,false,סלמון אטלנטי בשמן קנ,,,סלמון אטלנטי בשמן קנ,גרמים,120.00,100 גרם,false,,10.90,0.0908,true,1,157316
7290117261569,false,סלמון אטלנטי מעושן ב,,,סלמון אטלנטי מעושן ב,גרמים,120.00,100 גרם,false,,10.90,0.0908,true,1,157318
7290117261583,false,סרדינים בריסלינג מעו,,,סרדינים בריסלינג מעו,גרמים,185.00,100 גרם,false,,13.90,0.0751,true,1,157751
7290117262054,false,וופל במילוי עם שוקול,,,וופל במילוי עם שוקול,גרמים,200.00,100 גרם,false,,14.90,0.0745,true,1,156647
7290117900949,false,בוטנים מצופים אמריקא,,,בוטנים מצופים אמריקא,גרמים,250.00,100 גרם,false,,10.90,0.0436,true,1,156677
7290117900956,false,תערובת פיצוחים קלויי,,,תערובת פיצוחים קלויי,גרמים,180.00,100 גרם,false,,15.90,0.0883,true,1,156678
7290117900963,false,בוטנים קלויים ששון ה,,,בוטנים קלויים ששון ה,גרמים,270.00,100 גרם,false,,10.90,0.0404,true,1,156679
7290117900970,false,שקדים קלויים ששון הק,,,שקדים קלויים ששון הק,גרמים,180.00,100 גרם,false,,15.90,0.0883,true,1,156680
7290117900987,false,אגוז פקאן קלוף ששון,,,אגוז פקאן קלוף ששון,גרמים,140.00,100 גרם,false,,15.90,0.1136,true,1,156681
7290117900994,false,פקאן סיני מסוכר ששון,,,פקאן סיני מסוכר ששון,גרמים,140.00,100 גרם,false,,15.90,0.1136,true,1,156682
7290117901014,false,קשיו קלוי ששון הקולה,,,קשיו קלוי ששון הקולה,גרמים,160.00,100 גרם,false,,15.90,0.0994,true,1,156684
7290117901021,false,קבוקים בוטנים מצופים,,,קבוקים בוטנים מצופים,גרמים,220.00,100 גרם,false,,10.90,0.0495,true,1,156685
7290117901038,false,אגוזי מלך קלופים ששו,,,אגוזי מלך קלופים ששו,גרמים,190.00,100 גרם,false,,15.90,0.0837,true,1,156686
7290620066414,true,קרש חיתוך וסכין,,,קרש חיתוך וסכין,,0.00,,false,,0.00,0.0000,true,1,133954
7290620066415,true,קרש חיתוך וסכין,,,קרש חיתוך וסכין,,0.00,,false,,0.00,0.0000,true,1,134098
7293110630409,true,סט יופי - צעצוע,,,סט יופי - צעצוע,,0.00,,false,,5.00,0.0000,true,1,135877
7293110630416,true,סט כלי עבודה - צעצוע,,,סט כלי עבודה - צעצוע,,0.00,,false,,5.00,0.0000,true,1,135878
7293110630423,true,סט רופא - צעצוע,,,סט רופא - צעצוע,,0.00,,false,,5.00,0.0000,true,1,135879
7293110630430,true,משחק דגים - צעצוע,,,משחק דגים - צעצוע,,0.00,,false,,5.00,0.0000,true,1,135880
7293110630447,true,חיות בשקית - צעצוע,,,חיות בשקית - צעצוע,,0.00,,false,,5.00,0.0000,true,1,135881
7293110630454,true,סט שוטר,,,סט שוטר,,0.00,,false,,5.00,0.0000,true,1,135882
7299854145262,false,כוסות נייר שתיה חמה,,,כוסות נייר שתיה חמה,Unknown,50.00,יחידה,false,,11.90,0.2380,true,1,151161
7299916670042,true,קופיקס קרוטונים 1 ק',,,קופיקס קרוטונים 1 ק',,0.00,,false,,2999.90,0.0000,true,1,145150
7312040017683,false,"וודקה אבסולוט 700 מ""",,,"וודקה אבסולוט 700 מ""",מיליליטרים,700.00,"100 מ""ל",false,,67.90,0.0970,true,1,137121
7312040040506,true,אבסולוט מיני רספברי,,,אבסולוט מיני רספברי,,0.00,,false,,5.00,0.0000,true,1,136695
7394376123337,false,משקה שיבולת שועל אור,,,משקה שיבולת שועל אור,מיליליטרים,1000.00,"100 מ""ל",false,,14.90,0.0149,true,1,149541
7500162900000,false,"בירה סול 330 מ""ל",,,"בירה סול 330 מ""ל",מיליליטרים,330.00,"100 מ""ל",false,,11.70,0.0355,true,1,157248
7501013101362,false,ג'ומקס משקה קוקוס אנ,,,ג'ומקס משקה קוקוס אנ,מיליליטרים,473.00,"100 מ""ל",false,,8.80,0.0186,true,1,144989
7501013101393,false,ג'ומקס משקה אננס 473,,,ג'ומקס משקה אננס 473,מיליליטרים,473.00,"100 מ""ל",false,,8.80,0.0186,true,1,144990
7501013122992,false,ג'ומקס משקה קוקוס אנ,,,ג'ומקס משקה קוקוס אנ,מיליליטרים,1000.00,"100 מ""ל",false,,9.90,0.0099,true,1,144783
7501013132052,true,ג'ומקס נקטר אפרסק בק,,,ג'ומקס נקטר אפרסק בק,,0.00,,false,,10.00,0.0000,true,1,140935
7501013132106,true,ג'ומקס מיץ אננס 100%,,,ג'ומקס מיץ אננס 100%,,0.00,,false,,10.00,0.0000,true,1,137203
7501035010109,true,טקילה קוורבו אספסיאל,,,טקילה קוורבו אספסיאל,,0.00,,false,,0.00,0.0000,true,1,134827
7501035042155,true,טקילה קוורבו גולד 1,,,טקילה קוורבו גולד 1,,0.00,,false,,0.00,0.0000,true,1,134238
7501049936945,false,בירה סול שישייה 330,,,בירה סול שישייה 330,מיליליטרים,1980.00,"100 מ""ל",false,,34.90,0.0176,true,1,147263
7501064191398,false,בירה קורונה שישייה 3,,,בירה קורונה שישייה 3,מיליליטרים,2130.00,"100 מ""ל",false,,44.90,0.0211,true,1,144336
7610400075770,false,שוקולד לינדט לגרנד מ,,,שוקולד לינדט לגרנד מ,גרמים,150.00,100 גרם,false,,23.90,0.1593,true,1,153921
7610400075787,false,שוקולד לינדט לגרנד ח,,,שוקולד לינדט לגרנד ח,גרמים,150.00,100 גרם,false,,23.90,0.1593,true,1,153922
7610400091060,false,שוקולד לינדט אקסלנס,,,שוקולד לינדט אקסלנס,גרמים,100.00,100 גרם,false,,14.90,0.1490,true,1,153924
7613030979647,false,דגני תירס תפוחים בטע,,,דגני תירס תפוחים בטע,גרמים,480.00,100 גרם,false,,23.90,0.0498,true,1,141181
7613031553525,true,פיטנס שקדים ודבש 50,,,פיטנס שקדים ודבש 50,,0.00,,false,,2.50,0.0000,true,1,135056
7613032045753,false,פיטנס שוקולד 375 גרם,,,פיטנס שוקולד 375 גרם,גרמים,375.00,100 גרם,false,,21.90,0.0584,true,1,141182
7613032202149,true,סוכריות סמרטיז 38 גר,,,סוכריות סמרטיז 38 גר,,0.00,,false,,0.00,0.0000,true,1,138100
7613034928931,true,קיט קאט אצבעות 45 גר,,,קיט קאט אצבעות 45 גר,,0.00,,false,,0.00,0.0000,true,1,134757
7613035635845,false,פיטנס גרנולה שוקולד,,,פיטנס גרנולה שוקולד,גרמים,300.00,100 גרם,false,,14.90,0.0497,true,1,141187
7613035758834,false,פיטנס גרנולה חמוציות,,,פיטנס גרנולה חמוציות,גרמים,300.00,100 גרם,false,,14.90,0.0497,true,1,141188
7613035809109,false,פרפקטו רוטב עגבניות,,,פרפקטו רוטב עגבניות,גרמים,400.00,100 גרם,false,,10.90,0.0273,true,1,143873
7613036563437,true,סיני מיניס קרייזי קר,,,סיני מיניס קרייזי קר,,0.00,,false,,21.90,0.0000,true,1,143052
7613037693041,true,ליון דגני בוקר שוקול,,,ליון דגני בוקר שוקול,,0.00,,false,,0.01,0.0000,true,1,145098
7613287302373,false,קפסולות קפה איטליאן,,,קפסולות קפה איטליאן,Unknown,10.00,יחידה,false,,22.90,2.2900,true,1,151314
7613287525758,false,פרייה מים מינרליים 5,,,פרייה מים מינרליים 5,מיליליטרים,500.00,"100 מ""ל",false,,4.90,0.0098,true,1,157682
7614500035788,false,טובלרון 200 גרם,,,טובלרון 200 גרם,גרמים,200.00,100 גרם,false,,18.90,0.0945,true,1,154916
7622010001858,false,אוראו וניל 176 גרם ב,,,אוראו וניל 176 גרם ב,גרמים,176.00,100 גרם,false,,9.90,0.0563,true,1,138693
7622201050757,false,שוקולד חלב במילוי קר,,,שוקולד חלב במילוי קר,גרמים,100.00,100 גרם,false,,7.90,0.0790,true,1,133633
7622201502515,false,מילקה קוקי לופ 132 ג,,,מילקה קוקי לופ 132 ג,גרמים,132.00,100 גרם,false,,12.90,0.0977,true,1,153799
7622201802363,false,שוקולד חלב עם אגוזים,,,שוקולד חלב עם אגוזים,גרמים,100.00,100 גרם,false,,7.90,0.0790,true,1,153256
7622201802394,false,שוקולד חלב מילקה 100,,,שוקולד חלב מילקה 100,גרמים,100.00,100 גרם,false,,7.90,0.0790,true,1,153257
7622201809188,false,מילקה ביסקויט 150 גר,,,מילקה ביסקויט 150 גר,גרמים,150.00,100 גרם,false,,12.90,0.0860,true,1,153258
7622210463272,true,מילקה חטיף אוראו 37,,,מילקה חטיף אוראו 37,,0.00,,false,,0.00,0.0000,true,1,140033
7622210463289,true,מילקה חטיף אוראו 41,,,מילקה חטיף אוראו 41,,0.00,,false,,5.00,0.0000,true,1,136436
7622210464729,false,אוראו גולדן 154 גרם,,,אוראו גולדן 154 גרם,גרמים,154.00,100 גרם,false,,6.90,0.0448,true,1,147461
7622210723666,true,מילקה חטיף אוראו 37,,,מילקה חטיף אוראו 37,,0.00,,false,,0.00,0.0000,true,1,137408
7622300315283,false,אוראו וניל 154 גרם,,,אוראו וניל 154 גרם,גרמים,154.00,100 גרם,false,,6.90,0.0448,true,1,153259
7622300489427,false,אוראו עוגיות מצופות,,,אוראו עוגיות מצופות,גרמים,246.00,100 גרם,false,,19.90,0.0809,true,1,149588
7622300503079,false,מילקה מוו ביסקוויט מ,,,מילקה מוו ביסקוויט מ,גרמים,200.00,100 גרם,false,,12.90,0.0645,true,1,139813
7622300617820,false,מילקה אוראו 100 גרם,,,מילקה אוראו 100 גרם,גרמים,100.00,100 גרם,false,,7.90,0.0790,true,1,133640
7622400806612,true,מילקה - שוקולד חלב ב,,,מילקה - שוקולד חלב ב,,0.00,,false,,5.00,0.0000,true,1,133643
7630477891653,false,קפסולות קפה נטול קפא,,,קפסולות קפה נטול קפא,גרמים,57.00,100 גרם,false,,22.90,0.4018,true,1,150055
7790580300005,true,שערות סבתא בטעם תות,,,שערות סבתא בטעם תות,,0.00,,false,,0.00,0.0000,true,1,133702
7891024124826,false,משחת שיניים קולגייט,,,משחת שיניים קולגייט,מיליליטרים,75.00,"100 מ""ל",false,,24.90,0.3320,true,1,144516
7920005431364,true,"עוגת גבינה כלש""פ",,,"עוגת גבינה כלש""פ",,0.00,,false,,6.00,0.0000,true,1,134545
7920005431609,true,טירמיסו כשלפ,,,טירמיסו כשלפ,,0.00,,false,,5.00,0.0000,true,1,134547
8000070081017,false,קפסולות קפה דיצ'ו חו,,,קפסולות קפה דיצ'ו חו,Unknown,11.00,יחידה,false,,19.90,1.8091,true,1,141299
8000380001446,false,וופל פריך לואקיני 10,,,וופל פריך לואקיני 10,גרמים,100.00,100 גרם,false,,18.90,0.1890,true,1,154051
8000380003723,false,לואקר גרנד פטיסרי אג,,,לואקר גרנד פטיסרי אג,גרמים,100.00,100 גרם,false,,13.90,0.1390,true,1,144275
8000380004881,false,קואדרטיני טרמיסו 220,,,קואדרטיני טרמיסו 220,גרמים,220.00,100 גרם,false,,14.90,0.0677,true,1,147182
8000380004966,false,קואדרטיני שוקולד 250,,,קואדרטיני שוקולד 250,גרמים,250.00,100 גרם,false,,14.90,0.0596,true,1,139892
8000380156573,false,בונבוניירה ורד הדולו,,,בונבוניירה ורד הדולו,גרמים,150.00,100 גרם,false,,22.90,0.1527,true,1,149927
8000380184798,true,גרדנה לואקר בטעם אגו,,,גרדנה לואקר בטעם אגו,,0.00,,false,,5.00,0.0000,true,1,137070
8000380205400,false,וופל קואדרטיני חמאת,,,וופל קואדרטיני חמאת,גרמים,250.00,100 גרם,false,,14.90,0.0596,true,1,155814
8000500033784,true,קינדר שוקולד 50 גרם,,,קינדר שוקולד 50 גרם,,0.00,,false,,3.70,0.0000,true,1,139034
8000500039106,true,קינדר ביצת הפתעה 20,,,קינדר ביצת הפתעה 20,,0.00,,false,,5.00,0.0000,true,1,134905
8000500073698,true,קינדר בואנו חלב 43 ג,,,קינדר בואנו חלב 43 ג,,0.00,,false,,3.70,0.0000,true,1,134906
8000500167656,false,קינדר שוקולד עם דגני,,,קינדר שוקולד עם דגני,גרמים,94.00,100 גרם,false,,8.90,0.0947,true,1,147290
8000500270462,true,נוטלה טו גו מקלות בי,,,נוטלה טו גו מקלות בי,,0.00,,false,,5.90,0.0000,true,1,140625
8001090026934,true,לנור כדוריות הריח בנ,,,לנור כדוריות הריח בנ,,0.00,,false,,17.90,0.0000,true,1,141714
8001090802385,false,טייד קפסולות ג'ל בני,,,טייד קפסולות ג'ל בני,Unknown,26.00,יחידה,false,,29.90,1.1500,true,1,149876
8001090810205,true,פנטן שמפו נוסחה קלאס,,,פנטן שמפו נוסחה קלאס,,0.00,,false,,15.90,0.0000,true,1,141721
8001090810403,true,פנטן שמפו למגע רך כמ,,,פנטן שמפו למגע רך כמ,,0.00,,false,,15.90,0.0000,true,1,141722
8001090988362,true,פנטן שמפו לחות מוגבר,,,פנטן שמפו לחות מוגבר,,0.00,,false,,15.90,0.0000,true,1,141725
8001090988843,true,פנטן מרכך לחות מוגבר,,,פנטן מרכך לחות מוגבר,,0.00,,false,,15.90,0.0000,true,1,141726
8001620015612,false,סן בנדטו גזר תפוז לי,,,סן בנדטו גזר תפוז לי,מיליליטרים,400.00,"100 מ""ל",false,,7.30,0.0182,true,1,151926
8001620015629,false,סן בנדטו תפוז ותפוז,,,סן בנדטו תפוז ותפוז,מיליליטרים,400.00,"100 מ""ל",false,,7.30,0.0182,true,1,154177
8001620015636,false,סן בנדטו מיקס פירות,,,סן בנדטו מיקס פירות,מיליליטרים,400.00,"100 מ""ל",false,,7.30,0.0182,true,1,151927
8001620018408,false,סן בנדטו מנגו תפוח 4,,,סן בנדטו מנגו תפוח 4,מיליליטרים,400.00,"100 מ""ל",false,,7.30,0.0182,true,1,154178
8001620019160,false,סן בנדטו אפרסק 400 מ,,,סן בנדטו אפרסק 400 מ,מיליליטרים,400.00,"100 מ""ל",false,,6.90,0.0172,true,1,156293
8001841663692,false,נוזל כלים פיירי אקסט,,,נוזל כלים פיירי אקסט,מיליליטרים,900.00,"100 מ""ל",false,,12.50,0.0139,true,1,155670
8001841669465,false,אריאל קפס' בניחוח לנ,,,אריאל קפס' בניחוח לנ,גרמים,720.00,100 גרם,false,,35.90,0.0499,true,1,151828
8002270846472,false,מים מינרליים סן פלגר,,,מים מינרליים סן פלגר,מיליליטרים,500.00,"100 מ""ל",false,,4.90,0.0098,true,1,157762
8003385312340,false,עגבניות טחון דק (רוט,,,עגבניות טחון דק (רוט,גרמים,680.00,100 גרם,false,,13.90,0.0204,true,1,150984
8004030102033,false,נתחי טונה בהירה בשמן,,,נתחי טונה בהירה בשמן,גרמים,240.00,100 גרם,false,,24.90,0.1037,true,1,143490
8004800000071,false,גלילי ופל בקרם אגוזי,,,גלילי ופל בקרם אגוזי,גרמים,100.00,100 גרם,false,,11.90,0.1190,true,1,157271
8004800005519,false,גלילי ופל במילוי קרם,,,גלילי ופל במילוי קרם,גרמים,125.00,100 גרם,false,,10.90,0.0872,true,1,157276
8008912010034,false,פסטה ספגטי 3 ליגורי,,,פסטה ספגטי 3 ליגורי,גרמים,500.00,100 גרם,false,,7.90,0.0158,true,1,154263
8008912010423,false,פסטה ריגטה 42 ליגורי,,,פסטה ריגטה 42 ליגורי,גרמים,500.00,100 גרם,false,,7.90,0.0158,true,1,154266
8033413430708,true,"לימונצ""אלו 700 מ""ל",,,"לימונצ""אלו 700 מ""ל",,0.00,,false,,0.00,0.0000,true,1,134369
8076800195033,false,ספגטיני מספר 3 ברילה,,,ספגטיני מספר 3 ברילה,גרמים,500.00,100 גרם,false,,8.50,0.0170,true,1,133833
8076800195057,false,פסטה ספגטי מספר 5 בר,,,פסטה ספגטי מספר 5 בר,גרמים,500.00,100 גרם,false,,8.50,0.0170,true,1,132772
8076802085981,false,פסטה פוזילי מספר 98,,,פסטה פוזילי מספר 98,גרמים,500.00,100 גרם,false,,8.50,0.0170,true,1,134192
8076808150072,false,פסטה ספגטי מספר 7 בר,,,פסטה ספגטי מספר 7 בר,גרמים,500.00,100 גרם,false,,8.50,0.0170,true,1,141825
8076809513692,false,רוטב עגבניות לפסטה ע,,,רוטב עגבניות לפסטה ע,גרמים,400.00,100 גרם,false,,14.90,0.0373,true,1,137086
8076809513739,false,רוטב עגבניות לפסטה ב,,,רוטב עגבניות לפסטה ב,גרמים,400.00,100 גרם,false,,14.90,0.0373,true,1,137087
8076809515382,true,ברילה אמיליאנה פטוצ',,,ברילה אמיליאנה פטוצ',,0.00,,false,,9.90,0.0000,true,1,143627
8076809537100,true,ברילה סלנטיני 500 גר,,,ברילה סלנטיני 500 גר,,0.00,,false,,5.00,0.0000,true,1,141827
8410128768355,false,ויוה סוי סויה קרטוני,,,ויוה סוי סויה קרטוני,מיליליטרים,1000.00,"100 מ""ל",false,,11.90,0.0119,true,1,157690
8410128783587,false,ויוה סוי סויה בריסטה,,,ויוה סוי סויה בריסטה,מיליליטרים,1000.00,"100 מ""ל",false,,13.90,0.0139,true,1,157692
8410793481931,true,אסטרייה שנדי דאורה -,,,אסטרייה שנדי דאורה -,,0.00,,false,,8.90,0.0000,true,1,140539
8411211310918,true,חומץ בן יין אדום כשר,,,חומץ בן יין אדום כשר,,0.00,,false,,5.00,0.0000,true,1,141908
8411211315913,true,חומץ בן יין לבן כשר,,,חומץ בן יין לבן כשר,,0.00,,false,,5.00,0.0000,true,1,141909
8420878593473,true,עוגת גבינה אוראו 350,,,עוגת גבינה אוראו 350,,0.00,,false,,15.90,0.0000,true,1,143752
8423207206488,false,חטיף דגנים מלאים מצו,,,חטיף דגנים מלאים מצו,Unknown,5.00,יחידה,false,,10.90,2.1800,true,1,137089
8423207206495,false,חטיף דגנים מלאים מצו,,,חטיף דגנים מלאים מצו,Unknown,1.00,יחידה,false,,10.90,10.9000,true,1,137091
8423207207362,false,חטיף דגנים מלאים מצו,,,חטיף דגנים מלאים מצו,Unknown,6.00,יחידה,false,,10.90,1.8167,true,1,143605
8423207208871,false,פרכיות תירס בטעם טבע,,,פרכיות תירס בטעם טבע,גרמים,123.00,100 גרם,false,,9.90,0.0805,true,1,140453
8436048402848,true,פיליפינוס בציפוי שוק,,,פיליפינוס בציפוי שוק,,0.00,,false,,0.00,0.0000,true,1,136568
8436535740050,false,כוס לונג לא שביר,,,כוס לונג לא שביר,Unknown,1.00,יחידה,false,,9.90,9.9000,true,1,155715
8535233233205,true,בלנדר-שייקר נטען BEN,,,בלנדר-שייקר נטען BEN,,0.00,,false,,99.00,0.0000,true,1,143392
8535263343325,true,בלנדר-שייקר נטען BEN,,,בלנדר-שייקר נטען BEN,,0.00,,false,,99.00,0.0000,true,1,143393
8593875217816,true,בירה ברמברג  פחית 44,,,בירה ברמברג  פחית 44,,0.00,,false,,5.00,0.0000,true,1,136666
8593893007499,true,סיני מיניס בר דגנים,,,סיני מיניס בר דגנים,,0.00,,false,,0.00,0.0000,true,1,133695
8594011530141,true,"בירה רוהוזתס 500 מ""ל",,,"בירה רוהוזתס 500 מ""ל",,0.00,,false,,0.00,0.0000,true,1,133683
8683130008935,false,ממרח קטשיונז הלמנס 4,,,ממרח קטשיונז הלמנס 4,גרמים,425.00,100 גרם,false,,14.90,0.0351,true,1,154144
8690504081913,false,טינס מצופה שוקולד חל,,,טינס מצופה שוקולד חל,גרמים,150.00,100 גרם,false,,10.90,0.0727,true,1,156069
8690504081937,false,טינס מצופה שוקולד חל,,,טינס מצופה שוקולד חל,גרמים,150.00,100 גרם,false,,10.90,0.0727,true,1,156070
8690526009278,false,חטיף קרמל מצופה שוקו,,,חטיף קרמל מצופה שוקו,גרמים,126.00,100 גרם,false,,9.90,0.0786,true,1,148175
8690526009308,false,חטיף קוקוס מצופה שוק,,,חטיף קוקוס מצופה שוק,גרמים,126.00,100 גרם,false,,9.90,0.0786,true,1,148176
8690632054469,true,וופל קראנץ 30 גרם,,,וופל קראנץ 30 גרם,,0.00,,false,,5.00,0.0000,true,1,134596
8690637007705,false,מסטיגם,,,מסטיגם,Unknown,1.00,יחידה,false,,6.50,6.5000,true,1,145589
8690637538858,true,אקס ספרי שוקולד 150,,,אקס ספרי שוקולד 150,,0.00,,false,,13.90,0.0000,true,1,139499
8690637858734,false,סיף ג'ל אקונומיקה לי,,,סיף ג'ל אקונומיקה לי,מיליליטרים,750.00,"100 מ""ל",false,,11.90,0.0159,true,1,140496
8690637946301,false,מרכך בדין אקסטרה ביי,,,מרכך בדין אקסטרה ביי,מיליליטרים,960.00,"100 מ""ל",false,,17.90,0.0186,true,1,147208
8690758962204,true,מארז טיולים סט קוסמט,,,מארז טיולים סט קוסמט,,0.00,,false,,7.50,0.0000,true,1,141226
8690766156374,false,שוקולד מריר מעולה 72,,,שוקולד מריר מעולה 72,גרמים,90.00,100 גרם,false,,15.90,0.1767,true,1,145672
8690766156398,false,שוקולד חלב מעולה בתו,,,שוקולד חלב מעולה בתו,גרמים,90.00,100 גרם,false,,15.90,0.1767,true,1,145673
8690766156411,false,שוקולד מריר מעולה בט,,,שוקולד מריר מעולה בט,גרמים,90.00,100 גרם,false,,15.90,0.1767,true,1,145674
8690777203012,false,פלפלים ירוקים כבושים,,,פלפלים ירוקים כבושים,גרמים,600.00,100 גרם,false,,12.90,0.0215,true,1,143177
8690784511223,true,סבון לניקוי אסלה ר .,,,סבון לניקוי אסלה ר .,,0.00,,false,,5.00,0.0000,true,1,135660
8691257500393,true,צלחת חד פעמי עמוקה5,,,צלחת חד פעמי עמוקה5,,0.00,,false,,0.00,0.0000,true,1,139521
8691582888821,true,אל סבון ידיים 1 ליטר,,,אל סבון ידיים 1 ליטר,,0.00,,false,,10.70,0.0000,true,1,139426
8693495006972,true,קולגייט טוטל קלין מי,,,קולגייט טוטל קלין מי,,0.00,,false,,13.00,0.0000,true,1,137090
8693495051002,true,קולגייט מברשת ילדים,,,קולגייט מברשת ילדים,,0.00,,false,,11.90,0.0000,true,1,141828
8693495053792,true,פלמוליב סבון מוצק זי,,,פלמוליב סבון מוצק זי,,0.00,,false,,9.90,0.0000,true,1,143666
8697434520376,true,שישייה GOOD לימון,,,שישייה GOOD לימון,,0.00,,false,,10.90,0.0000,true,1,143644
8697434520451,true,שישייה GOOD תות,,,שישייה GOOD תות,,0.00,,false,,10.90,0.0000,true,1,143645
8697434520499,true,שישייה GOOD אננס,,,שישייה GOOD אננס,,0.00,,false,,10.90,0.0000,true,1,143646
8697434520642,true,שישייה GOOD אבטיח,,,שישייה GOOD אבטיח,,0.00,,false,,10.90,0.0000,true,1,143665
8699444560831,true,"מכסה ברק לכוס 330 מ""",,,"מכסה ברק לכוס 330 מ""",,0.00,,false,,2999.90,0.0000,true,1,139468
8710447284117,false,אקס ג'ל רחצה בלאק 40,,,אקס ג'ל רחצה בלאק 40,מיליליטרים,400.00,"100 מ""ל",false,,11.90,0.0298,true,1,140345
8710447305751,true,אקס ספריי גוף גולד 1,,,אקס ספריי גוף גולד 1,,0.00,,false,,13.90,0.0000,true,1,140346
8710447305768,true,אקס אנטיפרספירנט ספר,,,אקס אנטיפרספירנט ספר,,0.00,,false,,13.90,0.0000,true,1,140347
8710448530312,true,מיונז לחיץ קטן 300 מ,,,מיונז לחיץ קטן 300 מ,,0.00,,false,,10.90,0.0000,true,1,141056
8710908148293,true,אקס בלאק נייט ספריי,,,אקס בלאק נייט ספריי,,0.00,,false,,13.90,0.0000,true,1,139482
8712561249232,true,אקס ספריי גוף אנארכי,,,אקס ספריי גוף אנארכי,,0.00,,false,,13.90,0.0000,true,1,140349
8712561594240,false,תחליב רחצה הזנה עמוק,,,תחליב רחצה הזנה עמוק,מיליליטרים,500.00,"100 מ""ל",false,,14.90,0.0298,true,1,140350
8712566050123,true,חמאת בוטנים קאלווה ק,,,חמאת בוטנים קאלווה ק,,0.00,,false,,19.90,0.0000,true,1,141064
8714599513866,false,קפה נמס מיובש בהקפאה,,,קפה נמס מיובש בהקפאה,גרמים,200.00,100 גרם,false,,29.90,0.1495,true,1,139795
8714789699141,true,פלמוליב סבון מוצק זי,,,פלמוליב סבון מוצק זי,,0.00,,false,,9.90,0.0000,true,1,142611
8714789930848,false,משחת שיניים אופטיק ו,,,משחת שיניים אופטיק ו,מיליליטרים,75.00,"100 מ""ל",false,,24.90,0.3320,true,1,141831
8715700117805,false,היינץ מתבל עגבניות ל,,,היינץ מתבל עגבניות ל,גרמים,400.00,100 גרם,false,,11.90,0.0298,true,1,149611
8715700419718,false,קטשופ היינץ 910 גרם,,,קטשופ היינץ 910 גרם,גרמים,910.00,100 גרם,false,,12.90,0.0142,true,1,139816
8715700419732,false,קטשופ היינץ 700 גרם,,,קטשופ היינץ 700 גרם,גרמים,700.00,100 גרם,false,,12.90,0.0184,true,1,141223
8717163655825,false,דאודורנט ספריי לאישה,,,דאודורנט ספריי לאישה,מיליליטרים,150.00,"100 מ""ל",false,,11.90,0.0793,true,1,145680
8717185470130,true,ביסקוויט דגנים וקרם,,,ביסקוויט דגנים וקרם,,0.00,,false,,0.00,0.0000,true,1,134066
8717677336654,false,שוקולד חלב מעולה עם,,,שוקולד חלב מעולה עם,גרמים,180.00,100 גרם,false,,19.90,0.1106,true,1,157184
8718951160897,false,תרסיס אקונומיקה אופט,,,תרסיס אקונומיקה אופט,מיליליטרים,500.00,"100 מ""ל",false,,14.90,0.0298,true,1,141833
8718951166561,false,קולגייט משחת מקס פרש,,,קולגייט משחת מקס פרש,מיליליטרים,125.00,"100 מ""ל",false,,21.90,0.1752,true,1,141834
8718951190160,true,אג'קס ניקוי כללי בוס,,,אג'קס ניקוי כללי בוס,,0.00,,false,,10.90,0.0000,true,1,141836
8719200998049,false,מזולה גלורי רגיל 250,,,מזולה גלורי רגיל 250,גרמים,250.00,100 גרם,false,,10.90,0.0436,true,1,147209
8801055709199,true,מארז טייסטרס צ'ויס-ב,,,מארז טייסטרס צ'ויס-ב,,0.00,,false,,29.90,0.0000,true,1,143729
8850006332405,true,קולגייט מברשת סלים ס,,,קולגייט מברשת סלים ס,,0.00,,false,,21.90,0.0000,true,1,141838
8850389103111,false,סאפה אלוורה בטעם ענב,,,סאפה אלוורה בטעם ענב,מיליליטרים,300.00,"100 מ""ל",false,,9.00,0.0300,true,1,138452
8850389105832,false,סאפה אלוורה תפוחים 1,,,סאפה אלוורה תפוחים 1,מיליליטרים,1000.00,"100 מ""ל",false,,14.40,0.0144,true,1,137507
8850389115312,false,סאפה מלון בקבוק 300,,,סאפה מלון בקבוק 300,מיליליטרים,300.00,"100 מ""ל",false,,9.00,0.0300,true,1,139770
8850632604266,false,חיספוסים מקלות בטעם,,,חיספוסים מקלות בטעם,גרמים,50.00,100 גרם,false,,5.30,0.1060,true,1,135651
8850632604402,false,חיספוסים רצועות בטעם,,,חיספוסים רצועות בטעם,גרמים,50.00,100 גרם,false,,5.30,0.1060,true,1,135652
8850632605201,false,חיספוסים רצועות בטעם,,,חיספוסים רצועות בטעם,גרמים,50.00,100 גרם,false,,4.90,0.0980,true,1,140170
8850632606390,false,חיספוסים ממתק חמוץ ב,,,חיספוסים ממתק חמוץ ב,גרמים,50.00,100 גרם,false,,4.90,0.0980,true,1,140171
8851613101378,false,"חלב קוקוס 250 מ""ל",,,"חלב קוקוס 250 מ""ל",גרמים,250.00,100 גרם,false,,9.90,0.0396,true,1,157231
8852111005793,true,דג סיירה במיץ צמחי 2,,,דג סיירה במיץ צמחי 2,,0.00,,false,,5.00,0.0000,true,1,135284
8857101301008,false,רוטב צילי מתוק 700 מ,,,רוטב צילי מתוק 700 מ,מיליליטרים,700.00,"100 מ""ל",false,,10.90,0.0156,true,1,155378
8858671530027,true,מפעל-פנקו פירורי לחם,,,מפעל-פנקו פירורי לחם,,0.00,,false,,0.00,0.0000,true,1,135742
8888021200126,true,סוללות,,,סוללות,,0.00,,false,,13.00,0.0000,true,1,141284
8888021200256,false,סוללות MAXאנרג'ייזר,,,סוללות MAXאנרג'ייזר,Unknown,10.00,יחידה,false,,27.90,2.7900,true,1,150911
8888021200720,false,סוללות MAXאנרג'ייזר,,,סוללות MAXאנרג'ייזר,Unknown,10.00,יחידה,false,,27.90,2.7900,true,1,150912
8888111555017,true,"מיץ אננס 100% 240 מ""",,,"מיץ אננס 100% 240 מ""",,0.00,,false,,6.00,0.0000,true,1,134907
9002975393843,false,סוכריות הריבו גולדבר,,,סוכריות הריבו גולדבר,גרמים,70.00,100 גרם,false,,6.90,0.0986,true,1,153928
9310072028743,false,טיםטם אורגינל 200 גר,,,טיםטם אורגינל 200 גר,גרמים,200.00,100 גרם,false,,19.90,0.0995,true,1,153930
9310072028750,false,טיםטם דאבל 200 גרם,,,טיםטם דאבל 200 גרם,גרמים,200.00,100 גרם,false,,19.90,0.0995,true,1,153931
9771565025005,false,עיתון מעריב,,,עיתון מעריב,Unknown,1.00,יחידה,false,,6.00,6.0000,true,1,135745
9999999999999,true,פריט כללי קובץ  100,,,פריט כללי קובץ  100,,0.00,,false,,0.00,0.0000,true,1,134680
