code,internal_code,name,manufacturer_name,manufacture_country,manufacturer_item_description,unit_qty,quantity,unit_of_measure,weighted,qty_in_package,price,unit_of_measure_price,allow_discount,status,item_id
4955,true,תוספת קירור,,,תוספת קירור,,0.00,,false,,1.00,0.0000,true,1,154650
2057451,true,מלפפונים גדולים בחומ,,,מלפפונים גדולים בחומ,,0.00,,false,,5.00,0.0000,true,1,144352
4119522,true,שוקו שוק בשקית 225 מ,,,שוקו שוק בשקית 225 מ,,0.00,,false,,5.00,0.0000,true,1,144988
10321697,false,יוגורט 2.9% אפרסק גו,,,יוגורט 2.9% אפרסק גו,גרמים,200.00,100 גרם,false,,5.90,0.0295,true,1,154586
10322014,false,טופו טבעי 300 גרם,,,טופו טבעי 300 גרם,גרמים,300.00,100 גרם,false,,12.90,0.0430,true,1,154675
10322021,false,טופו בזיליקום 300 גר,,,טופו בזיליקום 300 גר,גרמים,300.00,100 גרם,false,,12.90,0.0430,true,1,154761
13022038,true,טופו פיקנטי 300 גרם,,,טופו פיקנטי 300 גרם,,0.00,,false,,12.90,0.0000,true,1,154762
13024704,true,טופו פרובנס 300 גרם,,,טופו פרובנס 300 גרם,,0.00,,false,,12.90,0.0000,true,1,154763
80310167,false,קינדר מקסי שישייה 12,,,קינדר מקסי שישייה 12,גרמים,126.00,100 גרם,false,,10.90,0.0865,true,1,149971
88888000,true,Temp SuperDept,,,Temp SuperDept,,0.00,,false,,0.00,0.0000,true,1,155025
88888001,true,אוכל,,,אוכל,,0.00,,false,,0.00,0.0000,true,1,155026
88888002,true,שתיה,,,שתיה,,0.00,,false,,0.00,0.0000,true,1,155027
88888003,true,אימפולס,,,אימפולס,,0.00,,false,,0.00,0.0000,true,1,165915
88888004,true,תוספות לקפה,,,תוספות לקפה,,0.00,,false,,0.00,0.0000,true,1,155028
88888005,true,חומרי גלם,,,חומרי גלם,,0.00,,false,,0.00,0.0000,true,1,155029
88888006,true,פירות וירקות,,,פירות וירקות,,0.00,,false,,0.00,0.0000,true,1,165916
88888008,true,ללא מעמ,,,ללא מעמ,,0.00,,false,,0.00,0.0000,true,1,155030
88888009,true,ניר פוד,,,ניר פוד,,0.00,,false,,0.00,0.0000,true,1,165917
88888010,true,אלכוהול,,,אלכוהול,,0.00,,false,,0.00,0.0000,true,1,165918
88888014,true,נון פוד,,,נון פוד,,0.00,,false,,0.00,0.0000,true,1,165919
88888016,true,תפעול,,,תפעול,,0.00,,false,,0.00,0.0000,true,1,165920
88888018,true,שוויצריה הקטנה,,,שוויצריה הקטנה,,0.00,,false,,0.00,0.0000,true,1,155031
88888100,true,"מפעל-ללא מע""מ",,,"מפעל-ללא מע""מ",,0.00,,false,,0.00,0.0000,true,1,155032
88888102,true,גלידות ושלגונים,,,גלידות ושלגונים,,0.00,,false,,0.00,0.0000,true,1,155033
88888119,true,מאפים,,,מאפים,,0.00,,false,,0.00,0.0000,true,1,165921
88888124,true,משקאות לא אלכוהוליים,,,משקאות לא אלכוהוליים,,0.00,,false,,0.00,0.0000,true,1,165922
88888144,true,קינוחים,,,קינוחים,,0.00,,false,,0.00,0.0000,true,1,165923
88888156,true,פירות וירקות לסחיטה,,,פירות וירקות לסחיטה,,0.00,,false,,0.00,0.0000,true,1,155034
88888158,true,מוצרי מכולת,,,מוצרי מכולת,,0.00,,false,,0.00,0.0000,true,1,155035
88888159,true,משקאות,,,משקאות,,0.00,,false,,0.00,0.0000,true,1,155036
88888160,true,מצוננים,,,מצוננים,,0.00,,false,,0.00,0.0000,true,1,155037
88888161,true,קפואים,,,קפואים,,0.00,,false,,0.00,0.0000,true,1,155038
88888162,true,ירקות ופירות טריים,,,ירקות ופירות טריים,,0.00,,false,,0.00,0.0000,true,1,155039
88888164,true,מוצרים לבית,,,מוצרים לבית,,0.00,,false,,0.00,0.0000,true,1,155040
88888165,true,י שירות/ עזר לסניפים,,,י שירות/ עזר לסניפים,,0.00,,false,,0.00,0.0000,true,1,155041
88888166,true,ארוחות מבושלות,,,ארוחות מבושלות,,0.00,,false,,0.00,0.0000,true,1,155042
88888167,true,אריזות לזכיינים,,,אריזות לזכיינים,,0.00,,false,,0.00,0.0000,true,1,165924
88888168,true,זיכויים,,,זיכויים,,0.00,,false,,0.00,0.0000,true,1,155043
88888169,true,אבזרי עזר וייצור,,,אבזרי עזר וייצור,,0.00,,false,,0.00,0.0000,true,1,155044
88888170,true,מזון טרי,,,מזון טרי,,0.00,,false,,0.00,0.0000,true,1,155045
88888171,true,משקאות קרון,,,משקאות קרון,,0.00,,false,,0.00,0.0000,true,1,155046
88888172,true,ירקות ופירות מעמ,,,ירקות ופירות מעמ,,0.00,,false,,0.00,0.0000,true,1,155047
88888173,true,ל-חומרי גלם ואביזרים,,,ל-חומרי גלם ואביזרים,,0.00,,false,,0.00,0.0000,true,1,155048
88888174,true,מפעל-תוצרת גמורה,,,מפעל-תוצרת גמורה,,0.00,,false,,0.00,0.0000,true,1,155049
88888175,true,סיגריות,,,סיגריות,,0.00,,false,,0.00,0.0000,true,1,155050
88888176,true,מאפה טרי פרדס,,,מאפה טרי פרדס,,0.00,,false,,0.00,0.0000,true,1,155051
88888177,true,קצבייה פרדס,,,קצבייה פרדס,,0.00,,false,,0.00,0.0000,true,1,155052
88888178,true,ואביזרים (ללא מלאי),,,ואביזרים (ללא מלאי),,0.00,,false,,0.00,0.0000,true,1,155053
88888179,true,פירות יבשים ללא מעמ,,,פירות יבשים ללא מעמ,,0.00,,false,,0.00,0.0000,true,1,157433
88888999,true,,,,,,0.00,,false,,0.00,0.0000,true,1,155054
90162602,false,משקה אנרגיה רד בול 2,,,משקה אנרגיה רד בול 2,מיליליטרים,250.00,"100 מ""ל",false,,8.20,0.0328,true,1,152350
38000138638,false,פרינגלס בטעם פיצה 15,,,פרינגלס בטעם פיצה 15,גרמים,158.00,100 גרם,false,,10.60,0.0671,true,1,156667
46214731552,false,עוגיות שוקולד צ'יפס,,,עוגיות שוקולד צ'יפס,גרמים,225.00,100 גרם,false,,9.90,0.0440,true,1,148470
3574661552576,false,קרפרי מגן תחתון רגיל,,,קרפרי מגן תחתון רגיל,Unknown,56.00,יחידה,false,,15.90,0.2839,true,1,160005
4823077613630,false,חטיף שוקולד רושן ממו,,,חטיף שוקולד רושן ממו,גרמים,43.00,100 גרם,false,,3.50,0.0814,true,1,161365
4823077614699,false,ביסקוויט לקפה רושן ב,,,ביסקוויט לקפה רושן ב,גרמים,185.00,100 גרם,false,,3.90,0.0211,true,1,163054
4823077614767,false,שוקולד רושן חלב נוגט,,,שוקולד רושן חלב נוגט,גרמים,90.00,100 גרם,false,,4.90,0.0544,true,1,161366
4823077621635,false,וופל רושן בטעם חלב 7,,,וופל רושן בטעם חלב 7,גרמים,72.00,100 גרם,false,,3.50,0.0486,true,1,161371
4823077621642,false,וופל רושן בטעם שוקול,,,וופל רושן בטעם שוקול,גרמים,72.00,100 גרם,false,,3.50,0.0486,true,1,161372
4823077625602,false,וופל רושן בטעם שוקול,,,וופל רושן בטעם שוקול,גרמים,216.00,100 גרם,false,,6.90,0.0319,true,1,161386
4823077625626,false,וופל רושן בטעם אגוז,,,וופל רושן בטעם אגוז,גרמים,216.00,100 גרם,false,,6.90,0.0319,true,1,161387
4823077631467,false,קרקר עם מלח ים רושן,,,קרקר עם מלח ים רושן,גרמים,168.00,100 גרם,false,,5.50,0.0327,true,1,161403
4823077631863,false,גליליות רושן קונאפטו,,,גליליות רושן קונאפטו,גרמים,140.00,100 גרם,false,,6.90,0.0493,true,1,161406
4823077632112,false,וופל רושן בטעם קקאו,,,וופל רושן בטעם קקאו,גרמים,216.00,100 גרם,false,,6.90,0.0319,true,1,161408
4823077632259,false,חטיף שוקולד רושן עם,,,חטיף שוקולד רושן עם,גרמים,38.00,100 גרם,false,,3.50,0.0921,true,1,161409
4823077633034,false,גליליות רושן קונאפטו,,,גליליות רושן קונאפטו,גרמים,140.00,100 גרם,false,,6.90,0.0493,true,1,161419
4823077633058,false,גליליות רושן קונאפטו,,,גליליות רושן קונאפטו,גרמים,140.00,100 גרם,false,,6.90,0.0493,true,1,161420
4823077633317,false,עוגיות לביטה שוקולד,,,עוגיות לביטה שוקולד,גרמים,150.00,100 גרם,false,,6.90,0.0460,true,1,161421
4823077634178,false,עוגיות לביטה עם מילו,,,עוגיות לביטה עם מילו,גרמים,168.00,100 גרם,false,,6.90,0.0411,true,1,161429
4823077634192,false,עוגיות לביטה עם מילו,,,עוגיות לביטה עם מילו,גרמים,168.00,100 גרם,false,,6.90,0.0411,true,1,161430
4823077634222,false,עוגיות לביטה תפוז 13,,,עוגיות לביטה תפוז 13,גרמים,135.00,100 גרם,false,,6.90,0.0511,true,1,161431
4823077634413,false,עוגות אישיות תות שדה,,,עוגות אישיות תות שדה,גרמים,270.00,100 גרם,false,,14.90,0.0552,true,1,161434
4823077636172,false,וופל רושן בטעם לימון,,,וופל רושן בטעם לימון,גרמים,216.00,100 גרם,false,,5.90,0.0273,true,1,163297
5000159452977,false,מיקס מיני 400 גרם,,,מיקס מיני 400 גרם,גרמים,400.00,100 גרם,false,,24.90,0.0622,true,1,149214
5060517886486,false,משקה אנרגיה מונסטר א,,,משקה אנרגיה מונסטר א,מיליליטרים,500.00,"100 מ""ל",false,,7.50,0.0150,true,1,153002
5060517886516,false,משקה אנרגיה זירו מונ,,,משקה אנרגיה זירו מונ,מיליליטרים,500.00,"100 מ""ל",false,,8.80,0.0176,true,1,153003
5410228267515,false,בירה באדוויזר שישייה,,,בירה באדוויזר שישייה,מיליליטרים,1980.00,"100 מ""ל",false,,39.90,0.0202,true,1,152388
5411188115472,false,אלפרו משקה סויה 1 לי,,,אלפרו משקה סויה 1 לי,מיליליטרים,1000.00,"100 מ""ל",false,,15.90,0.0159,true,1,158998
5411188124689,false,אלפרו משקה שיבולת שו,,,אלפרו משקה שיבולת שו,מיליליטרים,1000.00,"100 מ""ל",false,,15.90,0.0159,true,1,157389
5411188135005,false,אלפרו שיבולת שועל 1.,,,אלפרו שיבולת שועל 1.,מיליליטרים,1000.00,"100 מ""ל",false,,14.90,0.0149,true,1,160092
5900020018892,false,פיטנס חטיף דגנים קרם,,,פיטנס חטיף דגנים קרם,גרמים,23.50,100 גרם,false,,3.90,0.1660,true,1,164128
5900020018908,false,פיטנס חטיף דגנים עוג,,,פיטנס חטיף דגנים עוג,גרמים,141.00,100 גרם,false,,15.90,0.1128,true,1,143220
5900020020710,false,חטיף קראנץ' שוקו וני,,,חטיף קראנץ' שוקו וני,גרמים,150.00,100 גרם,false,,15.90,0.1060,true,1,148087
5900020024817,false,פיטנס בר דליס שוקולד,,,פיטנס בר דליס שוקולד,גרמים,135.00,100 גרם,false,,15.90,0.1178,true,1,154677
5900020031877,false,חטיף דגנים מ5 סוגי ד,,,חטיף דגנים מ5 סוגי ד,גרמים,132.00,100 גרם,false,,15.90,0.1205,true,1,156671
5901414200411,false,עוגיות היט מיני קרם,,,עוגיות היט מיני קרם,גרמים,130.00,100 גרם,false,,6.90,0.0531,true,1,147091
5902198160403,false,"אקסל 250 TEN מ""ל",,,"אקסל 250 TEN מ""ל",מיליליטרים,250.00,"100 מ""ל",false,,4.80,0.0192,true,1,144575
5906485301012,false,משקה אנרגיה אקסל 250,,,משקה אנרגיה אקסל 250,מיליליטרים,250.00,"100 מ""ל",false,,4.80,0.0192,true,1,144576
5998710131877,false,ממתק שוקולד 36 גרם C,,,ממתק שוקולד 36 גרם C,גרמים,36.00,100 גרם,false,,4.50,0.1250,true,1,161437
6253507370600,false,כוסות נייר שתיה חמה,,,כוסות נייר שתיה חמה,Unknown,50.00,יחידה,false,,11.90,0.2380,true,1,158462
7290000000300,false,קפוצ'ינו הפוך,,,קפוצ'ינו הפוך,Unknown,0.00,יחידה,false,,6.00,0.0000,true,1,146853
7290000000301,false,אספרסו קצר,,,אספרסו קצר,Unknown,0.00,יחידה,false,,6.00,0.0000,true,1,146854
7290000000315,false,נס קפה קטן,,,נס קפה קטן,Unknown,0.00,יחידה,false,,6.00,0.0000,true,1,146866
7290000000472,false,קפוצ'ינו פלוס,,,קפוצ'ינו פלוס,Unknown,0.00,יחידה,false,,9.00,0.0000,true,1,146891
7290000000634,false,שקית גופיה סופרקופיק,,,שקית גופיה סופרקופיק,Unknown,1.00,יחידה,false,,0.10,0.1000,true,1,154689
7290000000961,false,"פקדון שישיה 1.8 ש""ח",,,"פקדון שישיה 1.8 ש""ח",Unknown,0.00,יחידה,false,,1.80,0.0000,true,1,157300
7290000000998,false,פקדון,,,פקדון,Unknown,0.00,יחידה,false,,0.30,0.0000,true,1,142820
7290000040066,false,יופלה יוגורט דובדבן,,,יופלה יוגורט דובדבן,מיליליטרים,150.00,"100 מ""ל",false,,5.20,0.0347,true,1,157308
7290000046327,false,גבינה צהובה פרוסה 22,,,גבינה צהובה פרוסה 22,גרמים,200.00,100 גרם,false,,12.90,0.0645,true,1,147764
7290000046327,false,גבינה צהובה פרוסה 22,,,גבינה צהובה פרוסה 22,גרמים,200.00,100 גרם,false,,12.90,0.0645,true,1,147831
7290000048185,false,גבינה לבנה 5% תנובה,,,גבינה לבנה 5% תנובה,גרמים,250.00,100 גרם,false,,4.98,0.0199,true,1,147162
7290000048192,false,גבינה לבנה 9% תנובה,,,גבינה לבנה 9% תנובה,גרמים,250.00,100 גרם,false,,4.98,0.0199,true,1,147157
7290000057088,false,עמק פרוס דק דק 28% 2,,,עמק פרוס דק דק 28% 2,גרמים,200.00,100 גרם,false,,16.40,0.0820,true,1,145010
7290000057132,false,יוגורט ביו תנובה טבע,,,יוגורט ביו תנובה טבע,גרמים,200.00,100 גרם,false,,3.20,0.0160,true,1,147770
7290000066295,false,במבה מתוקה בטעם תות,,,במבה מתוקה בטעם תות,גרמים,30.00,100 גרם,false,,2.90,0.0967,true,1,143252
7290000066332,false,אפרופו 50 גרם,,,אפרופו 50 גרם,גרמים,50.00,100 גרם,false,,5.80,0.1160,true,1,143254
7290000066431,false,פופקו חמאה ודבש 80 ג,,,פופקו חמאה ודבש 80 ג,גרמים,80.00,100 גרם,false,,5.50,0.0688,true,1,143255
7290000067735,false,פרפקטו ניוקי בצקיות,,,פרפקטו ניוקי בצקיות,גרמים,500.00,100 גרם,false,,11.90,0.0238,true,1,150836
7290000075143,false,עוגיות שוקוצ'יפס קלא,,,עוגיות שוקוצ'יפס קלא,גרמים,200.00,100 גרם,false,,11.90,0.0595,true,1,143287
7290000085180,false,גטניו פתי בר 470 גרם,,,גטניו פתי בר 470 גרם,גרמים,470.00,100 גרם,false,,10.90,0.0232,true,1,150724
7290000090021,false,עגבניה,,,עגבניה,קילוגרמים,1.00,"ק""ג",true,,6.90,6.9000,true,1,159451
7290000104805,false,גרגרי חומוס מבושל סנ,,,גרגרי חומוס מבושל סנ,גרמים,800.00,100 גרם,false,,20.90,0.0261,true,1,147889
7290000104805,false,גרגרי חומוס מבושל סנ,,,גרגרי חומוס מבושל סנ,גרמים,800.00,100 גרם,false,,20.90,0.0261,true,1,147892
7290000111360,false,חרדל תלמה 250 גרם,,,חרדל תלמה 250 גרם,גרמים,250.00,100 גרם,false,,6.90,0.0276,true,1,144204
7290000112220,false,טחינה גולמית 100% בא,,,טחינה גולמית 100% בא,גרמים,500.00,100 גרם,false,,13.90,0.0278,true,1,148098
7290000116884,false,רוטב ברביקיו פרווה ק,,,רוטב ברביקיו פרווה ק,גרמים,350.00,100 גרם,false,,11.90,0.0340,true,1,147214
7290000135113,false,פחית XL TEN נענע-ליי,,,פחית XL TEN נענע-ליי,מיליליטרים,250.00,"100 מ""ל",false,,4.80,0.0192,true,1,152447
7290000135595,false,פפסי מקס דובדבן 1.5,,,פפסי מקס דובדבן 1.5,מיליליטרים,1500.00,"100 מ""ל",false,,8.20,0.0055,true,1,159083
7290000136141,false,פפסי משקה קולה מוגז,,,פפסי משקה קולה מוגז,מיליליטרים,1500.00,"100 מ""ל",false,,8.00,0.0053,true,1,161162
7290000136240,false,מי סודה טמפו 1.5 ליט,,,מי סודה טמפו 1.5 ליט,מיליליטרים,1500.00,"100 מ""ל",false,,3.80,0.0025,true,1,161167
7290000136646,false,בירה שחורה נשר מאלט,,,בירה שחורה נשר מאלט,מיליליטרים,1500.00,"100 מ""ל",false,,9.20,0.0061,true,1,161441
7290000136653,false,בירה נשר מאלט דיאט 1,,,בירה נשר מאלט דיאט 1,מיליליטרים,1500.00,"100 מ""ל",false,,9.20,0.0061,true,1,161177
7290000136660,false,מי סודה טמפו 1.5 ליט,,,מי סודה טמפו 1.5 ליט,מיליליטרים,1500.00,"100 מ""ל",false,,3.80,0.0025,true,1,161780
7290000136677,false,פפסי משקה קולה מוגז,,,פפסי משקה קולה מוגז,מיליליטרים,1500.00,"100 מ""ל",false,,8.00,0.0053,true,1,161781
7290000136844,false,שישיית אקווה נובה 2,,,שישיית אקווה נובה 2,מיליליטרים,1200.00,"100 מ""ל",false,,10.90,0.0091,true,1,161180
7290000136868,false,מים מינרלים סאן בנדט,,,מים מינרלים סאן בנדט,קילוגרמים,9.00,ליטר,false,,20.40,2.2667,true,1,161657
7290000174037,false,בפלות ופלים לימון על,,,בפלות ופלים לימון על,גרמים,500.00,100 גרם,false,,13.90,0.0278,true,1,154516
7290000189598,false,מטליות לחות לניקוי כ,,,מטליות לחות לניקוי כ,Unknown,50.00,יחידה,false,,11.90,0.2380,true,1,143932
7290000195216,false,נייר אפייה בשקית 50,,,נייר אפייה בשקית 50,Unknown,50.00,יחידה,false,,11.90,0.2380,true,1,148697
7290000204086,false,שקוטש קרצוף ניקול 3,,,שקוטש קרצוף ניקול 3,Unknown,3.00,יחידה,false,,9.90,3.3000,true,1,148712
7290000204215,false,כריות יפניות ניקול 6,,,כריות יפניות ניקול 6,Unknown,6.00,יחידה,false,,11.90,1.9833,true,1,148713
7290000208213,false,שעועית לבנה רוטב עגב,,,שעועית לבנה רוטב עגב,גרמים,355.00,100 גרם,false,,8.90,0.0251,true,1,153307
7290000211169,false,אורז תאילנדי סוגת 1,,,אורז תאילנדי סוגת 1,גרמים,1000.00,100 גרם,false,,6.90,0.0069,true,1,143137
7290000284347,false,קינלי סודה 1.5 ליטר,,,קינלי סודה 1.5 ליטר,מיליליטרים,1500.00,"100 מ""ל",false,,4.60,0.0031,true,1,145993
7290000313184,false,עוגיות גן חיות בטעם,,,עוגיות גן חיות בטעם,גרמים,250.00,100 גרם,false,,8.90,0.0356,true,1,155398
7290000345260,false,1.5/25 במעטפה,,,1.5/25 במעטפה,Unknown,25.00,יחידה,false,,7.90,0.3160,true,1,147615
7290000345277,false,תה קלאסיק מעטפות ויס,,,תה קלאסיק מעטפות ויס,Unknown,50.00,יחידה,false,,13.90,0.2780,true,1,150214
7290000419107,false,קפה שחור לנדוור המקו,,,קפה שחור לנדוור המקו,גרמים,100.00,100 גרם,false,,9.90,0.0990,true,1,151058
7290000461625,false,בייגלה שמיניות חטיף,,,בייגלה שמיניות חטיף,גרמים,400.00,100 גרם,false,,10.90,0.0273,true,1,144227
7290000468877,false,ביסלי בצל 55 גרם,,,ביסלי בצל 55 גרם,גרמים,55.00,100 גרם,false,,3.90,0.0709,true,1,143315
7290000521015,false,יין לבן יבש יקבי סגל,,,יין לבן יבש יקבי סגל,מיליליטרים,750.00,"100 מ""ל",false,,21.90,0.0292,true,1,149967
7290000530703,false,תה מעושן 400 גרם + פ,,,תה מעושן 400 גרם + פ,גרמים,800.00,100 גרם,false,,29.90,0.0374,true,1,147561
7290000572628,false,חטיפי חלווה ללא תוספ,,,חטיפי חלווה ללא תוספ,גרמים,275.00,100 גרם,false,,13.50,0.0491,true,1,152189
7290001246085,false,מרסס ניקוי חלונות 1,,,מרסס ניקוי חלונות 1,מיליליטרים,1000.00,"100 מ""ל",false,,7.90,0.0079,true,1,164251
7290001247129,false,ספרינג קרטוניות תפוז,,,ספרינג קרטוניות תפוז,מיליליטרים,1000.00,"100 מ""ל",false,,7.40,0.0074,true,1,143438
7290001419892,false,ופלים קלאסיים בטעם ל,,,ופלים קלאסיים בטעם ל,גרמים,200.00,100 גרם,false,,3.50,0.0175,true,1,153177
7290001594575,false,בירה טובורג פחית 500,,,בירה טובורג פחית 500,מיליליטרים,500.00,"100 מ""ל",false,,9.90,0.0198,true,1,146008
7290002043218,false,ציפס אורז חום מלא מל,,,ציפס אורז חום מלא מל,גרמים,60.00,100 גרם,false,,7.20,0.1200,true,1,157660
7290002079477,false,לחם אחיד פרוס 750 גר,,,לחם אחיד פרוס 750 גר,גרמים,750.00,100 גרם,false,,6.90,0.0092,true,1,152102
7290002079477,false,לחם אחיד פרוס 750 גר,,,לחם אחיד פרוס 750 גר,גרמים,750.00,100 גרם,false,,6.90,0.0092,true,1,143551
7290002353836,false,סרדינים רוברט בשמן ז,,,סרדינים רוברט בשמן ז,גרמים,120.00,100 גרם,false,,8.90,0.0742,true,1,149107
7290002542780,false,סטלה ארטואה שישיה -3,,,סטלה ארטואה שישיה -3,מיליליטרים,1980.00,"100 מ""ל",false,,39.90,0.0202,true,1,163638
7290002543046,false,קלוגס פרוסטיס 750 גר,,,קלוגס פרוסטיס 750 גר,גרמים,750.00,100 גרם,false,,21.90,0.0292,true,1,148610
7290002793311,false,שירות והחלפה מילוי ג,,,שירות והחלפה מילוי ג,Unknown,1.00,יחידה,false,,55.90,55.9000,true,1,154560
7290003001064,false,מעדניה - פילה אמנון,,,מעדניה - פילה אמנון,קילוגרמים,1.00,"ק""ג",true,,31.90,31.9000,true,1,157580
7290003102495,true,רביעיית סוללות AAA R,,,רביעיית סוללות AAA R,,0.00,,false,,5.00,0.0000,true,1,144476
7290003220410,false,קרקר שומשום מעדני מל,,,קרקר שומשום מעדני מל,גרמים,110.00,100 גרם,false,,3.20,0.0291,true,1,160766
7290003220434,false,פתי בר וניל מעדני מל,,,פתי בר וניל מעדני מל,גרמים,110.00,100 גרם,false,,2.90,0.0264,true,1,160767
7290003427154,false,שמן זית זייתא כתית מ,,,שמן זית זייתא כתית מ,מיליליטרים,750.00,"100 מ""ל",false,,33.90,0.0452,true,1,147623
7290003864478,false,סרדין בשמן צמחי 110,,,סרדין בשמן צמחי 110,גרמים,110.00,100 גרם,false,,6.30,0.0573,true,1,143896
7290003864485,false,סרדין ברוטב עגבניות,,,סרדין ברוטב עגבניות,גרמים,110.00,100 גרם,false,,6.30,0.0573,true,1,143897
7290004063115,true,"מלח בישול 1 ק""ג",,,"מלח בישול 1 ק""ג",,0.00,,false,,1.50,0.0000,true,1,148506
7290004122270,false,גבינה עמק פרוס 28% ב,,,גבינה עמק פרוס 28% ב,גרמים,200.00,100 גרם,false,,16.40,0.0820,true,1,147778
7290004122348,false,עמק לייט פרוס 9% 200,,,עמק לייט פרוס 9% 200,גרמים,200.00,100 גרם,false,,16.80,0.0840,true,1,145016
7290004125400,false,שלי אשל 4.5% תנובה 2,,,שלי אשל 4.5% תנובה 2,מיליליטרים,200.00,"100 מ""ל",false,,1.69,0.0084,true,1,147079
7290004125585,false,משקה סויה בטעם וניל,,,משקה סויה בטעם וניל,מיליליטרים,1000.00,"100 מ""ל",false,,11.90,0.0119,true,1,152050
7290004125721,false,שמנת לבישול 15% השף,,,שמנת לבישול 15% השף,מיליליטרים,250.00,"100 מ""ל",false,,8.30,0.0332,true,1,145020
7290004126872,false,שוקו תנובה בבקבוק 25,,,שוקו תנובה בבקבוק 25,מיליליטרים,250.00,"100 מ""ל",false,,5.80,0.0232,true,1,144991
7290004126872,false,שוקו תנובה בבקבוק 25,,,שוקו תנובה בבקבוק 25,מיליליטרים,250.00,"100 מ""ל",false,,5.80,0.0232,true,1,147781
7290004127077,false,גבינת קוטג' 3% תנובה,,,גבינת קוטג' 3% תנובה,גרמים,250.00,100 גרם,false,,5.70,0.0228,true,1,145022
7290004127329,false,גבינת קוטג' 5% תנובה,,,גבינת קוטג' 5% תנובה,גרמים,250.00,100 גרם,false,,5.70,0.0228,true,1,144992
7290004127336,false,גבינת קוטג' 9% תנובה,,,גבינת קוטג' 9% תנובה,גרמים,250.00,100 גרם,false,,5.70,0.0228,true,1,145023
7290004129118,false,נפוליאון זיתים 225 ג,,,נפוליאון זיתים 225 ג,גרמים,225.00,100 גרם,false,,13.90,0.0618,true,1,144994
7290004130794,false,משקה סויה טבעי במתיק,,,משקה סויה טבעי במתיק,מיליליטרים,1000.00,"100 מ""ל",false,,11.50,0.0115,true,1,145025
7290004131074,false,חלב קרטון 3% תנובה 1,,,חלב קרטון 3% תנובה 1,מיליליטרים,1000.00,"100 מ""ל",false,,6.23,0.0062,true,1,145026
7290004554293,false,אסקימו ענבים,,,אסקימו ענבים,Unknown,1.00,יחידה,false,,3.00,3.0000,true,1,163701
7290004554330,false,אסקימו דובדבן,,,אסקימו דובדבן,Unknown,1.00,יחידה,false,,3.00,3.0000,true,1,152559
7290004554798,false,מטרה,,,מטרה,Unknown,1.00,יחידה,false,,6.00,6.0000,true,1,152562
7290005431913,false,עוגת גבינה פירורים ע,,,עוגת גבינה פירורים ע,גרמים,92.00,100 גרם,false,,7.00,0.0761,true,1,161150
7290005678332,true,ענבים שחורים - סייבל,,,ענבים שחורים - סייבל,קילוגרמים,1.00,"ק""ג",true,,19.90,19.9000,true,1,152861
7290005678486,true,ענבים שחורים - מידני,,,ענבים שחורים - מידני,קילוגרמים,1.00,"ק""ג",true,,19.90,19.9000,true,1,152862
7290005896637,false,מים מינרליים טבעיים,,,מים מינרליים טבעיים,מיליליטרים,9000.00,"100 מ""ל",false,,4.80,0.0005,true,1,164351
7290006322111,false,לחמניות רחיים קלות 7,,,לחמניות רחיים קלות 7,גרמים,450.00,100 גרם,false,,12.90,0.0287,true,1,148056
7290006322166,false,לחמניות רגילות 6*75,,,לחמניות רגילות 6*75,Unknown,6.00,יחידה,false,,9.90,1.6500,true,1,158684
7290006511751,false,שלישית פטריות חתוך ו,,,שלישית פטריות חתוך ו,Unknown,3.00,יחידה,false,,12.90,4.3000,true,1,158872
7290008464505,false,מים סאן בנדטו 500 מל,,,מים סאן בנדטו 500 מל,מיליליטרים,500.00,"100 מ""ל",false,,5.00,0.0100,true,1,144613
7290008690713,false,נקטר חמוציות 1 ליטר,,,נקטר חמוציות 1 ליטר,קילוגרמים,1.00,ליטר,false,,14.20,14.2000,true,1,146029
7290010002405,false,טימין במיכל תבליני מ,,,טימין במיכל תבליני מ,גרמים,40.00,100 גרם,false,,9.90,0.2475,true,1,149803
7290010328505,false,חטיפי מיני חלווה ללא,,,חטיפי מיני חלווה ללא,Unknown,15.00,יחידה,false,,11.90,0.7933,true,1,151932
7290010839865,false,רוטב רימונים ויליפוד,,,רוטב רימונים ויליפוד,גרמים,320.00,100 גרם,false,,10.90,0.0341,true,1,157742
7290010967155,true,באגסי בצל 40 גרם,,,באגסי בצל 40 גרם,,0.00,,false,,5.00,0.0000,true,1,143771
7290010984923,false,שום כתוש קפוא במגשית,,,שום כתוש קפוא במגשית,גרמים,80.00,100 גרם,false,,7.90,0.0988,true,1,153140
7290011017880,false,"סליק דק""ק 330 מ""ל מב",,,"סליק דק""ק 330 מ""ל מב",מיליליטרים,330.00,"100 מ""ל",false,,6.50,0.0197,true,1,146040
7290011043049,false,כוסות נייר שתיה חמה,,,כוסות נייר שתיה חמה,Unknown,50.00,יחידה,false,,11.90,0.2380,true,1,156767
7290011132507,false,"סן בנדטו מוגז 500 מ""",,,"סן בנדטו מוגז 500 מ""",מיליליטרים,500.00,"100 מ""ל",false,,3.90,0.0078,true,1,144630
7290011432775,false,שקית גופיה סופרקופיק,,,שקית גופיה סופרקופיק,Unknown,1.00,יחידה,false,,0.10,0.1000,true,1,155024
7290011598259,false,מילוי פרש אוטומטיק מ,,,מילוי פרש אוטומטיק מ,מיליליטרים,350.00,"100 מ""ל",false,,14.90,0.0426,true,1,153611
7290011877859,false,אינסטלטור פותח סתימו,,,אינסטלטור פותח סתימו,מיליליטרים,200.00,"100 מ""ל",false,,16.90,0.0845,true,1,147969
7290011947521,false,שמן זית כתית מעולה ט,,,שמן זית כתית מעולה ט,מיליליטרים,750.00,"100 מ""ל",false,,33.90,0.0452,true,1,151759
7290013038432,false,מים מזוככים אקווה נו,,,מים מזוככים אקווה נו,מיליליטרים,2000.00,"100 מ""ל",false,,3.90,0.0019,true,1,159217
7290013358356,false,פירורי לחם מוזהבים מ,,,פירורי לחם מוזהבים מ,גרמים,320.00,100 גרם,false,,7.90,0.0247,true,1,150605
7290013358363,false,פירורי לחם בסגנון יפ,,,פירורי לחם בסגנון יפ,גרמים,300.00,100 גרם,false,,11.90,0.0397,true,1,156620
7290013358530,false,רוטב צ'ילי מתוק מאסט,,,רוטב צ'ילי מתוק מאסט,מיליליטרים,700.00,"100 מ""ל",false,,13.90,0.0199,true,1,156651
7290013542526,false,כוסות נייר שתיה חמה,,,כוסות נייר שתיה חמה,Unknown,50.00,יחידה,false,,11.90,0.2380,true,1,157066
7290013585899,true,ויסוצקי ICE לימונית,,,ויסוצקי ICE לימונית,,0.00,,false,,8.00,0.0000,true,1,146055
7290013843968,false,כוסות נייר שתיה חמה,,,כוסות נייר שתיה חמה,Unknown,50.00,יחידה,false,,11.90,0.2380,true,1,147460
7290014471443,false,גרנולה צימוקים ואגוז,,,גרנולה צימוקים ואגוז,גרמים,1000.00,100 גרם,false,,19.90,0.0199,true,1,155340
7290014603028,false,סולרו תות יחידתי,,,סולרו תות יחידתי,Unknown,1.00,יחידה,false,,10.90,10.9000,true,1,158146
7290014648081,false,סכין גילוח חד פעמי 2,,,סכין גילוח חד פעמי 2,Unknown,10.00,יחידה,false,,9.90,0.9900,true,1,149550
7290014692565,false,גרעיני תירס מתוק ויל,,,גרעיני תירס מתוק ויל,גרמים,320.00,100 גרם,false,,6.50,0.0203,true,1,157731
7290014760134,false,מאגדת מעדן סויה וניל,,,מאגדת מעדן סויה וניל,גרמים,250.00,100 גרם,false,,4.70,0.0188,true,1,152052
7290014761070,false,מעדן חלב עם שוקולד ל,,,מעדן חלב עם שוקולד ל,גרמים,123.00,100 גרם,false,,5.00,0.0407,true,1,145040
7290015039246,false,נתחי טונה בהירה בשמן,,,נתחי טונה בהירה בשמן,גרמים,640.00,100 גרם,false,,21.90,0.0342,true,1,143914
7290015042192,true,מרינדה שום ודבש 180,,,מרינדה שום ודבש 180,,0.00,,false,,5.00,0.0000,true,1,144010
7290015530910,false,חלה חצי מתוקה 350 גר,,,חלה חצי מתוקה 350 גר,גרמים,350.00,100 גרם,false,,5.90,0.0169,true,1,143575
7290015821179,false,כוסות נייר שתיה חמה,,,כוסות נייר שתיה חמה,Unknown,50.00,יחידה,false,,11.90,0.2380,true,1,162149
7290015835756,false,שיבולת שועל דקה 500,,,שיבולת שועל דקה 500,גרמים,500.00,100 גרם,false,,4.90,0.0098,true,1,147102
7290015835763,false,שיבולת שועל עבה 500,,,שיבולת שועל עבה 500,גרמים,500.00,100 גרם,false,,4.90,0.0098,true,1,147136
7290015899314,false,מרכך מרוכז לבן רמי ל,,,מרכך מרוכז לבן רמי ל,מיליליטרים,1000.00,"100 מ""ל",false,,9.90,0.0099,true,1,152171
7290016255812,false,מסיר אבנית רב תכליתי,,,מסיר אבנית רב תכליתי,מיליליטרים,1000.00,"100 מ""ל",false,,11.90,0.0119,true,1,152181
7290016272796,false,נייר טואלט רמי לוי 3,,,נייר טואלט רמי לוי 3,Unknown,30.00,יחידה,false,,29.90,0.9967,true,1,149923
7290016272802,false,מגבות נייר רמי לוי 6,,,מגבות נייר רמי לוי 6,Unknown,6.00,יחידה,false,,10.90,1.8167,true,1,149927
7290016304596,false,לחמניות רגילות דוידו,,,לחמניות רגילות דוידו,גרמים,750.00,100 גרם,false,,12.90,0.0172,true,1,154755
7290016408294,false,מרשמלו ורוד לבן כרמי,,,מרשמלו ורוד לבן כרמי,גרמים,150.00,100 גרם,false,,4.90,0.0327,true,1,158606
7290016475029,false,פיתות אסלי המכבים 5,,,פיתות אסלי המכבים 5,Unknown,5.00,יחידה,false,,6.90,1.3800,true,1,143582
7290016564266,false,מבריקל הפלא כיסוי הפ,,,מבריקל הפלא כיסוי הפ,Unknown,30.00,יחידה,false,,9.90,0.3300,true,1,153337
7290016609141,false,אפונה וגזר רמי לוי 5,,,אפונה וגזר רמי לוי 5,גרמים,550.00,100 גרם,false,,6.90,0.0125,true,1,146369
7290017105895,false,יכין - גרגירי חומוס,,,יכין - גרגירי חומוס,גרמים,550.00,100 גרם,false,,9.90,0.0180,true,1,158100
7290017197616,false,אל סבון בניחוח פירות,,,אל סבון בניחוח פירות,מיליליטרים,1000.00,"100 מ""ל",false,,8.90,0.0089,true,1,154526
7290017197944,false,סבון קצף לידיים מועש,,,סבון קצף לידיים מועש,מיליליטרים,500.00,"100 מ""ל",false,,7.90,0.0158,true,1,152202
7290017197951,false,סבון קצף לידיים מועש,,,סבון קצף לידיים מועש,מיליליטרים,500.00,"100 מ""ל",false,,7.90,0.0158,true,1,152203
7290017266312,false,וופל אייר במילוי קרם,,,וופל אייר במילוי קרם,גרמים,150.00,100 גרם,false,,3.50,0.0233,true,1,150744
7290017677804,false,רוטב סויה קיקומן 444,,,רוטב סויה קיקומן 444,מיליליטרים,444.00,"100 מ""ל",false,,21.90,0.0493,true,1,152352
7290017888354,false,"בקבוק מי עדן 750 מ""ל",,,"בקבוק מי עדן 750 מ""ל",מיליליטרים,750.00,"100 מ""ל",false,,4.90,0.0065,true,1,159218
7290018440438,false,טונה איזי פליפ בשמן,,,טונה איזי פליפ בשמן,גרמים,195.00,100 גרם,false,,26.90,0.1379,true,1,163001
7290018471487,false,תפוזינה נקטר תפוז אנ,,,תפוזינה נקטר תפוז אנ,מיליליטרים,1000.00,"100 מ""ל",false,,7.70,0.0077,true,1,158887
7290018564127,false,לקט לקוסקוס 800 גרם,,,לקט לקוסקוס 800 גרם,גרמים,800.00,100 גרם,false,,11.90,0.0149,true,1,158976
7290018893005,false,צ'וקטה בייגלה שטוח ח,,,צ'וקטה בייגלה שטוח ח,גרמים,160.00,100 גרם,false,,6.90,0.0431,true,1,160849
7290018893401,false,צ'וקטה שוקולד מריר 7,,,צ'וקטה שוקולד מריר 7,גרמים,100.00,100 גרם,false,,7.90,0.0790,true,1,160791
7290018893456,false,צ'וקטה עוגות אישיות,,,צ'וקטה עוגות אישיות,גרמים,300.00,100 גרם,false,,11.90,0.0397,true,1,160184
7290018893852,false,צ'וקטה בייגלה בתוספת,,,צ'וקטה בייגלה בתוספת,גרמים,200.00,100 גרם,false,,6.90,0.0345,true,1,160797
7290018894408,false,בלקוני וופל קוביות א,,,בלקוני וופל קוביות א,גרמים,250.00,100 גרם,false,,12.90,0.0516,true,1,162008
7290019056447,false,תפוזינה אשכוליות ליי,,,תפוזינה אשכוליות ליי,מיליליטרים,1500.00,"100 מ""ל",false,,9.80,0.0065,true,1,161051
7290019056652,false,ספרינג אננס בננה 1.5,,,ספרינג אננס בננה 1.5,מיליליטרים,1500.00,"100 מ""ל",false,,9.30,0.0062,true,1,161064
7290019297635,false,שקדים קלויים 150 גר',,,שקדים קלויים 150 גר',גרמים,150.00,100 גרם,false,,15.90,0.1060,true,1,159317
7290100680711,false,פירורי לחם מוזהבים פ,,,פירורי לחם מוזהבים פ,גרמים,350.00,100 גרם,false,,8.90,0.0254,true,1,143346
7290100700273,false,קינואה סוגת 500 גרם,,,קינואה סוגת 500 גרם,גרמים,500.00,100 גרם,false,,13.90,0.0278,true,1,143154
7290100700396,false,אורז יסמין קלאסי סוג,,,אורז יסמין קלאסי סוג,גרמים,1000.00,100 גרם,false,,12.30,0.0123,true,1,143155
7290101113454,false,גלידל יוגורט אפרסק(8,,,גלידל יוגורט אפרסק(8,גרמים,480.00,100 גרם,false,,34.90,0.0727,true,1,163457
7290101113591,false,מאגדת טילון יולו שוק,,,מאגדת טילון יולו שוק,גרמים,400.00,100 גרם,false,,19.90,0.0497,true,1,163462
7290101113744,false,יולו מיני שוקולד לבן,,,יולו מיני שוקולד לבן,גרמים,50.00,100 גרם,false,,5.90,0.1180,true,1,163576
7290101113904,false,מנבו וניל 12 יחידות,,,מנבו וניל 12 יחידות,גרמים,288.00,100 גרם,false,,22.90,0.0795,true,1,165014
7290101486688,false,חטיף דגנים עם שוקולד,,,חטיף דגנים עם שוקולד,גרמים,100.00,100 גרם,false,,17.90,0.1790,true,1,148762
7290101551300,false,סילאן טבעי לחיץ 380,,,סילאן טבעי לחיץ 380,גרמים,380.00,100 גרם,false,,14.90,0.0392,true,1,148807
7290103681180,false,יין אדום יבש הר מרלו,,,יין אדום יבש הר מרלו,מיליליטרים,750.00,"100 מ""ל",false,,38.90,0.0519,true,1,153369
7290105693952,false,אסם פירורית זהב שומש,,,אסם פירורית זהב שומש,גרמים,200.00,100 גרם,false,,7.50,0.0375,true,1,151094
7290106525382,false,קפה טורקי עלית 125 ג,,,קפה טורקי עלית 125 ג,גרמים,125.00,100 גרם,false,,9.90,0.0792,true,1,147878
7290106721913,false,צנצנת מאסט מנטה מרענ,,,צנצנת מאסט מנטה מרענ,גרמים,66.00,100 גרם,false,,10.90,0.1652,true,1,150093
7290106721920,false,"צנצנת ספירמינט לל""ס",,,"צנצנת ספירמינט לל""ס",גרמים,66.00,100 גרם,false,,10.90,0.1652,true,1,142941
7290107646925,false,ברנפלקס אקסטרה פייבר,,,ברנפלקס אקסטרה פייבר,גרמים,410.00,100 גרם,false,,22.90,0.0559,true,1,151715
7290107874441,false,אסם פריכונים מיני בצ,,,אסם פריכונים מיני בצ,גרמים,23.00,100 גרם,false,,4.50,0.1957,true,1,143391
7290107937856,false,קפסולות 11 גואטמלה ל,,,קפסולות 11 גואטמלה ל,Unknown,10.00,יחידה,false,,18.90,1.8900,true,1,150098
7290107956932,false,קפסולות 12 אינדונזיה,,,קפסולות 12 אינדונזיה,Unknown,10.00,יחידה,false,,18.90,1.8900,true,1,148839
7290108271188,false,כוסות נייר שתיה חמה,,,כוסות נייר שתיה חמה,Unknown,50.00,יחידה,false,,11.90,0.2380,true,1,149993
7290108271430,false,שקית אשפה עם שרוך זו,,,שקית אשפה עם שרוך זו,גרמים,760.00,100 גרם,false,,14.60,0.0192,true,1,152204
7290108272376,false,אובלי קרם 25 יח' רמי,,,אובלי קרם 25 יח' רמי,Unknown,25.00,יחידה,false,,5.90,0.2360,true,1,146752
7290108273687,false,מגשיות אלומיניום עגו,,,מגשיות אלומיניום עגו,Unknown,5.00,יחידה,false,,6.20,1.2400,true,1,152508
7290108274585,false,כוסות נייר שתיה חמה,,,כוסות נייר שתיה חמה,Unknown,50.00,יחידה,false,,11.90,0.2380,true,1,148017
7290108274677,false,אובלי קרם 25 יח' רמי,,,אובלי קרם 25 יח' רמי,Unknown,25.00,יחידה,false,,5.90,0.2360,true,1,153890
7290108275544,false,מזלג לבן (100 יח') ב,,,מזלג לבן (100 יח') ב,Unknown,100.00,יחידה,false,,9.90,0.0990,true,1,146775
7290108275551,false,כף לבן 100 יחידות,,,כף לבן 100 יחידות,Unknown,100.00,יחידה,false,,9.90,0.0990,true,1,146776
7290108275568,false,כפית לבן 100 יחידות,,,כפית לבן 100 יחידות,Unknown,100.00,יחידה,false,,7.90,0.0790,true,1,146777
7290108277579,false,שקיות אשפה לפחים קטנ,,,שקיות אשפה לפחים קטנ,Unknown,100.00,יחידה,false,,10.90,0.1090,true,1,149313
7290108352825,false,ספוג הפלא נירוסטה סנ,,,ספוג הפלא נירוסטה סנ,Unknown,1.00,יחידה,false,,11.90,11.9000,true,1,150972
7290108356113,false,כיף תחליב רחצה דבש 7,,,כיף תחליב רחצה דבש 7,מיליליטרים,700.00,"100 מ""ל",false,,12.90,0.0184,true,1,149102
7290108507508,false,קרקרים עם תרד ושמיר,,,קרקרים עם תרד ושמיר,גרמים,105.00,100 גרם,false,,5.90,0.0562,true,1,158299
7290110110611,false,ספרייט ליים 1.5 ליטר,,,ספרייט ליים 1.5 ליטר,מיליליטרים,1500.00,"100 מ""ל",false,,9.70,0.0065,true,1,159991
7290110113490,false,"פיוז תה אפרסק 500 מ""",,,"פיוז תה אפרסק 500 מ""",מיליליטרים,500.00,"100 מ""ל",false,,9.00,0.0180,true,1,154676
7290110114787,false,מים בטעם תפוח נביעות,,,מים בטעם תפוח נביעות,מיליליטרים,1500.00,"100 מ""ל",false,,9.20,0.0061,true,1,161462
7290110115296,false,פאנטה אורנג' 1.5 ליט,,,פאנטה אורנג' 1.5 ליט,מיליליטרים,1500.00,"100 מ""ל",false,,9.80,0.0065,true,1,161098
7290110115821,false,ספרייט ליים 1.5 ליטר,,,ספרייט ליים 1.5 ליטר,מיליליטרים,1500.00,"100 מ""ל",false,,9.70,0.0065,true,1,162003
7290110321697,false,יוגורט 2.9% אפרסק גו,,,יוגורט 2.9% אפרסק גו,גרמים,200.00,100 גרם,false,,5.90,0.0295,true,1,147805
7290110322014,false,טופו טבעי 300 גרם,,,טופו טבעי 300 גרם,גרמים,300.00,100 גרם,false,,12.90,0.0430,true,1,147808
7290110322021,false,טופו בזיליקום 300 גר,,,טופו בזיליקום 300 גר,גרמים,300.00,100 גרם,false,,12.90,0.0430,true,1,147809
7290110325305,false,מעדן סויה גו מועשר ב,,,מעדן סויה גו מועשר ב,גרמים,200.00,100 גרם,false,,5.90,0.0295,true,1,158485
7290110325312,false,מעדן סויה גו מועשר ת,,,מעדן סויה גו מועשר ת,גרמים,200.00,100 גרם,false,,5.90,0.0295,true,1,158486
7290110327514,false,משקה שיבולת שועל אגו,,,משקה שיבולת שועל אגו,מיליליטרים,1000.00,"100 מ""ל",false,,14.80,0.0148,true,1,160149
7290110328764,false,יוגורט גו סמיך תות י,,,יוגורט גו סמיך תות י,גרמים,200.00,100 גרם,false,,5.90,0.0295,true,1,160729
7290110328771,false,יוגורט גו סמיך 0% פי,,,יוגורט גו סמיך 0% פי,גרמים,200.00,100 גרם,false,,5.90,0.0295,true,1,160730
7290110328788,false,יוגורט גו סמיך אפרסק,,,יוגורט גו סמיך אפרסק,גרמים,200.00,100 גרם,false,,5.90,0.0295,true,1,160731
7290110329136,false,מעדן חלב גו בטעם שוק,,,מעדן חלב גו בטעם שוק,גרמים,120.00,100 גרם,false,,5.30,0.0442,true,1,160891
7290110476434,false,סוללת אלקליין V9,,,סוללת אלקליין V9,Unknown,1.00,יחידה,false,,9.90,9.9000,true,1,162269
7290110553180,false,פריכיות תפוח קינמון,,,פריכיות תפוח קינמון,גרמים,40.00,100 גרם,false,,5.90,0.1475,true,1,164753
7290110571184,false,עדשים חומות שטראוס ט,,,עדשים חומות שטראוס ט,גרמים,380.00,100 גרם,false,,7.90,0.0208,true,1,164124
7290110572976,false,כיף כף פצפצים קרם לב,,,כיף כף פצפצים קרם לב,גרמים,135.00,100 גרם,false,,10.60,0.0785,true,1,164127
7290110576356,false,ספלנדיד שוקולד מריר,,,ספלנדיד שוקולד מריר,גרמים,100.00,100 גרם,false,,7.90,0.0790,true,1,163749
7290111344206,false,מגבונים לחים בבישום,,,מגבונים לחים בבישום,Unknown,4.00,יחידה,false,,19.90,4.9750,true,1,161763
7290112330994,false,שייק חלבון אפרסק דאב,,,שייק חלבון אפרסק דאב,מיליליטרים,350.00,"100 מ""ל",false,,7.90,0.0226,true,1,155236
7290112332691,false,פינוקיות קרם פסק זמן,,,פינוקיות קרם פסק זמן,גרמים,200.00,100 גרם,false,,11.90,0.0595,true,1,151818
7290112336613,false,עד חצות סנדוויץ 135,,,עד חצות סנדוויץ 135,גרמים,135.00,100 גרם,false,,10.90,0.0807,true,1,164677
7290112340122,false,פריכיות 3 דגנים אנרג,,,פריכיות 3 דגנים אנרג,גרמים,135.00,100 גרם,false,,10.90,0.0807,true,1,157257
7290112344786,false,פלטינום קלאסיק 200 ג,,,פלטינום קלאסיק 200 ג,גרמים,200.00,100 גרם,false,,26.90,0.1345,true,1,154425
7290112346537,false,פינוקיות בטעם טורטית,,,פינוקיות בטעם טורטית,גרמים,200.00,100 גרם,false,,11.90,0.0595,true,1,164702
7290112350312,false,קפסולות 15 למכונות N,,,קפסולות 15 למכונות N,Unknown,10.00,יחידה,false,,18.90,1.8900,true,1,157151
7290112357083,false,אפונה ירוקה מבושלת ט,,,אפונה ירוקה מבושלת ט,גרמים,380.00,100 גרם,false,,7.90,0.0208,true,1,154992
7290112495037,false,קוקומן כדורים 375 גר,,,קוקומן כדורים 375 גר,גרמים,375.00,100 גרם,false,,21.80,0.0581,true,1,152303
7290112497000,false,סיף ניקוי כללי לימון,,,סיף ניקוי כללי לימון,מיליליטרים,1000.00,"100 מ""ל",false,,10.90,0.0109,true,1,154995
7290112498939,false,בומבה,,,בומבה,Unknown,1.00,יחידה,false,,10.00,10.0000,true,1,158774
7290112499646,false,קורנטו סופר פקאנים,,,קורנטו סופר פקאנים,Unknown,1.00,יחידה,false,,11.00,11.0000,true,1,153392
7290112499936,false,מגנום שקדים מובחרים,,,מגנום שקדים מובחרים,Unknown,1.00,יחידה,false,,11.00,11.0000,true,1,153396
7290112967381,false,פיטנס חטיפי פריכיות,,,פיטנס חטיפי פריכיות,גרמים,60.00,100 גרם,false,,9.90,0.1650,true,1,156755
7290112968807,false,פיטנס קרקר THIN סלק,,,פיטנס קרקר THIN סלק,גרמים,140.00,100 גרם,false,,11.90,0.0850,true,1,159029
7290113288485,false,כוסות נייר שתיה חמה,,,כוסות נייר שתיה חמה,Unknown,50.00,יחידה,false,,11.90,0.2380,true,1,161499
7290113472105,false,כוסות נייר שתיה חמה,,,כוסות נייר שתיה חמה,Unknown,50.00,יחידה,false,,11.90,0.2380,true,1,154146
7290113660106,false,כוסות נייר שתיה חמה,,,כוסות נייר שתיה חמה,Unknown,50.00,יחידה,false,,11.90,0.2380,true,1,149918
7290115205633,false,טבעול סנסשיונל נקנקי,,,טבעול סנסשיונל נקנקי,גרמים,350.00,100 גרם,false,,33.90,0.0969,true,1,162195
7290115671339,false,מיני פינוקיות בראוני,,,מיני פינוקיות בראוני,גרמים,180.00,100 גרם,false,,11.90,0.0661,true,1,160117
7290116052885,false,כוס מרוקאי קרם (25 י,,,כוס מרוקאי קרם (25 י,100 יחידה,25.00,100 יחידה,false,,8.90,0.3560,true,1,163591
7290116531311,false,חטיף קליק בלאק&וויט,,,חטיף קליק בלאק&וויט,גרמים,35.00,100 גרם,false,,4.90,0.1400,true,1,163393
7290116930435,false,יוגורט יופלה גו סמיך,,,יוגורט יופלה גו סמיך,גרמים,200.00,100 גרם,false,,5.90,0.0295,true,1,163155
7290116930466,false,יופלה שייק מנגו בננ,,,יופלה שייק מנגו בננ,מיליליטרים,230.00,"100 מ""ל",false,,7.90,0.0343,true,1,163618
7290117900970,false,שקדים קלויים ששון הק,,,שקדים קלויים ששון הק,גרמים,180.00,100 גרם,false,,15.90,0.0883,true,1,163770
7290117901007,false,פיסטוקים קלויים ששון,,,פיסטוקים קלויים ששון,גרמים,130.00,100 גרם,false,,15.90,0.1223,true,1,163773
7290117901014,false,קשיו קלוי ששון הקולה,,,קשיו קלוי ששון הקולה,גרמים,160.00,100 גרם,false,,15.90,0.0994,true,1,163774
7299854145262,false,כוסות נייר שתיה חמה,,,כוסות נייר שתיה חמה,Unknown,50.00,יחידה,false,,11.90,0.2380,true,1,158234
7394376615825,false,משקה שיבולת שועל מוע,,,משקה שיבולת שועל מוע,מיליליטרים,1000.00,"100 מ""ל",false,,14.90,0.0149,true,1,156643
7394376616778,false,משקה שיבולת שועל להק,,,משקה שיבולת שועל להק,מיליליטרים,1000.00,"100 מ""ל",false,,16.90,0.0169,true,1,156644
7622201401900,false,עוגיות מילקה סנסיישן,,,עוגיות מילקה סנסיישן,גרמים,156.00,100 גרם,false,,12.90,0.0827,true,1,157667
7622201802363,false,שוקולד חלב עם אגוזים,,,שוקולד חלב עם אגוזים,גרמים,100.00,100 גרם,false,,7.90,0.0790,true,1,160339
7630477891738,false,קפסולות קפה בלונד חו,,,קפסולות קפה בלונד חו,גרמים,53.00,100 גרם,false,,22.90,0.4321,true,1,157128
7920005431364,true,"עוגת גבינה כלש""פ",,,"עוגת גבינה כלש""פ",,0.00,,false,,6.00,0.0000,true,1,143462
8000500167656,false,קינדר שוקולד עם דגני,,,קינדר שוקולד עם דגני,גרמים,94.00,100 גרם,false,,8.90,0.0947,true,1,154333
8001160001786,false,גטורייד ספורט כחול 5,,,גטורייד ספורט כחול 5,מיליליטרים,500.00,"100 מ""ל",false,,10.40,0.0208,true,1,155058
8001620019160,false,סן בנדטו אפרסק 400 מ,,,סן בנדטו אפרסק 400 מ,מיליליטרים,400.00,"100 מ""ל",false,,6.90,0.0172,true,1,163383
8002270846472,false,מים מינרליים סן פלגר,,,מים מינרליים סן פלגר,מיליליטרים,500.00,"100 מ""ל",false,,4.90,0.0098,true,1,164858
8005200256587,false,נסטי אפרסק 1.5 ליטר,,,נסטי אפרסק 1.5 ליטר,מיליליטרים,1500.00,"100 מ""ל",false,,8.90,0.0059,true,1,161181
8006540027042,false,לנור מרכך כביסה בניח,,,לנור מרכך כביסה בניח,מיליליטרים,897.00,"100 מ""ל",false,,17.90,0.0200,true,1,158901
8423207206488,false,חטיף דגנים מלאים מצו,,,חטיף דגנים מלאים מצו,Unknown,5.00,יחידה,false,,10.90,2.1800,true,1,146248
8690637976995,false,מרכך בדין אקסטרה ורו,,,מרכך בדין אקסטרה ורו,מיליליטרים,960.00,"100 מ""ל",false,,17.90,0.0186,true,1,157867
8690777206051,false,חציל קלוי על האש בצנ,,,חציל קלוי על האש בצנ,גרמים,650.00,100 גרם,false,,12.90,0.0198,true,1,150125
8710447284117,false,אקס ג'ל רחצה בלאק 40,,,אקס ג'ל רחצה בלאק 40,מיליליטרים,400.00,"100 מ""ל",false,,11.90,0.0298,true,1,147267
8710502470028,false,עוגיות שוקולד צ'יפס,,,עוגיות שוקולד צ'יפס,גרמים,160.00,100 גרם,false,,9.90,0.0619,true,1,151518
8718951385290,false,נוזל לניקוי כללי אג',,,נוזל לניקוי כללי אג',מיליליטרים,2000.00,"100 מ""ל",false,,23.90,0.0119,true,1,158289
8719200998001,false,מרגרינה לאפיה ובישול,,,מרגרינה לאפיה ובישול,גרמים,200.00,100 גרם,false,,4.70,0.0235,true,1,153690
8850389105832,false,סאפה אלוורה תפוחים 1,,,סאפה אלוורה תפוחים 1,מיליליטרים,1000.00,"100 מ""ל",false,,14.40,0.0144,true,1,144661
8850389115336,false,סאפה אלוורה מלון בקב,,,סאפה אלוורה מלון בקב,מיליליטרים,1000.00,"100 מ""ל",false,,14.40,0.0144,true,1,147876
8850632604266,false,חיספוסים מקלות בטעם,,,חיספוסים מקלות בטעם,גרמים,50.00,100 גרם,false,,5.30,0.1060,true,1,145311
9000000000411,false,שום יבוא ארוז,,,שום יבוא ארוז,מארז,1.00,מארז,false,,7.90,7.9000,true,1,157676
9044400851672,false,סוכריות פז 1+3,,,סוכריות פז 1+3,גרמים,22.50,100 גרם,false,,10.90,0.4844,true,1,163485
9771565025005,false,עיתון מעריב,,,עיתון מעריב,Unknown,1.00,יחידה,false,,6.00,6.0000,true,1,145971
