code,internal_code,name,manufacturer_name,manufacture_country,manufacturer_item_description,unit_qty,quantity,unit_of_measure,weighted,qty_in_package,price,unit_of_measure_price,allow_discount,status,item_id
13181046,true,צלוחית עגולה עמוקה ע,,,צלוחית עגולה עמוקה ע,,0.00,,false,,10.90,0.0000,true,1,84327
32147230,false,"מיץ לימון משומר 200מ""ל(לימונית אקסטרא)",ג'נרל מילס סאן אדריא,,מיץ לימון משומר 200מ,יחידה,200.00,יחידה,false,,8.90,0.0445,true,1,10774
40052403,false,קיט קט 4 אצבעות שוקולד חלב,נסטלה Nestle,,קיט קט 4 אצבעות,גרמים,41.50,100 גרם,false,,3.70,0.0892,true,1,63617
40099132,false,מסטיק הובה בובה Hubba Bubba בטעם תות,הובה בובה Hubba Bubba,,הובה בובה צ'אנק בטעם,יחידה,0.00,יחידה,false,,3.00,0.0000,true,1,23208
40144016,false,סוכריות חמאה וורטר אורגינל גליל בודד 50,קריניציה ויטמינה אס,,סוכריות וורטר,גרמים,50.00,100 גרם,false,,3.50,0.0700,true,1,9563
40144061,false,קנופרס חטיף וופל 25 גרם 24 יח,ליימן שליסל,,קנופרס חטיף וופל,גרמים,25.00,100 גרם,false,,3.00,0.1200,true,1,118472
40173351,false,"בירה מייסלס חיטה אורגינל 500 מ""ל",מייסלס Maisel's,,בירה מייזל חיטה אורג,מיליליטרים,500.00,"100 מ""ל",false,,10.90,0.0218,true,1,85044
40345123,false,סמרטיז גליל סוכריות כפתורים 38 ג',נסטלה Nestle,,סמרטיס-נסטלה עדשים,גרמים,38.00,100 גרם,false,,3.70,0.0974,true,1,26940
42101666,false,"מסטיק בטעם מנטה ואקליפטוס איירווייבס 35 גרם לל""ס",ריגלי,,מסטיק איירוייבז HP מ,גרמים,35.00,100 גרם,false,,5.90,0.1686,true,1,64210
42123866,false,מסטיק הובה בובה צ'אנק פירות קלאסי 35ג',הובה בובה Hubba Bubba,,מסטיק הובה בובה קלאס,גרמים,35.00,100 גרם,false,,3.00,0.0857,true,1,7533
42149996,false,"בירה בקס בקבוק 275 מ""ל","איי, בי, אינבוו",,בירה בקס,יחידה,0.00,יחידה,false,,7.00,0.0000,true,1,60888
42306788,false,מסטיק בטעם אוכמניות ומנטה איירווייבס 35 גרם,ריגלי,,מסטיק איירוייבז HP א,גרמים,35.00,100 גרם,false,,5.90,0.1686,true,1,64214
50409013,false,מלפפון חמוץ מסורתי 6,EMPIRE BESPOKE FOODS,,מלפפונים מסורתי,יחידה,0.00,יחידה,false,,19.90,0.0000,true,1,32075
50409112,false,מלפפונים כידורים 670,EMPIRE BESPOKE FOODS,,מלפפונים כידונים 670,גרמים,670.00,100 גרם,false,,19.90,0.0297,true,1,33785
50409709,false,MRS ELSWOOD מלפפונים פרוסות לסנדוויץ,EMPIRE BESPOKE FOODS,,פרוסות מלפפון חמוץ,גרמים,540.00,100 גרם,false,,19.90,0.0369,true,1,73007
54051140,false,מעדן סויה טעם וניל אלפרו רביעיה * 125 ג',הנסיך- מפעל לייצור ט,,מעדן סויה וניל 1.9%,יחידה,0.00,יחידה,false,,17.50,0.0000,true,1,7771
54051157,false,מעדן סויה טעם שוקו אלפרו רביעיה 125 ג',קריות זול,,אלפרו מעדן סויה טעם,יחידה,0.00,יחידה,false,,17.50,0.0000,true,1,7772
59085645,false,דאב דאודורנט רול און בניחוח אסאי 50 מל,"יוניליוור אנגליה, דרך קו",,דאב דאודורנט רולאון,מיליליטרים,50.00,"100 מ""ל",false,,16.90,0.3380,false,1,90224
72940754,false,"מילקי מעדן וניל עם קצפת שטראוס 133 מ""ל","שטראוס גרופ בע""\מ",,מילקי וניל 6.5%,מיליליטרים,170.00,"100 מ""ל",false,,2.80,0.0165,true,1,4460
72940761,false,"מילקי מעדן שוקולד עם קצפת שטראוס 133 מ""ל",מיוצר עי קונדיטוריית,,מילקי שוקו 7%,מיליליטרים,170.00,"100 מ""ל",false,,2.80,0.0165,true,1,4461
72940952,false,מעדן מילקי בטעם שוקולד עם אקסטרה קצפת,"שטראוס גרופ בע""\מ",,מילקי פי 2 10%,מיליליטרים,170.00,"100 מ""ל",false,,3.70,0.0218,true,1,7109
72940976,false,סלט כרוב אדום אחלה 250 גרם,מיוצר עי קונדיטוריית,,כרוב אדום אחלה,גרמים,250.00,100 גרם,false,,7.60,0.0304,true,1,17636
72940983,false,סלט חומוס 250 גר אחל,מיוצר עי קונדיטוריית,,חומוס אחלה 250,גרמים,250.00,100 גרם,false,,6.60,0.0264,true,1,17637
72941041,false,מעדן מילקי מיני בטעם שוקולד עם קצפת,"שטראוס גרופ בע""\מ",,מילקי מיני שוקולד 7%,גרמים,70.00,100 גרם,false,,2.00,0.0286,true,1,4462
72945308,false,קוביית שמרים טריים לאפיה שמרית 50 גרם,"פאקא תעשיות בע""\מ",,קוביות שמרים 50,גרמים,50.00,100 גרם,false,,3.70,0.0740,false,1,12047
72961209,false,"שמנת חמוצה 15% 200מל בד""צ תנובה",תנובה מרכז שיתופי לש,,שמנית 200 גר תנובה,גרמים,200.00,100 גרם,false,,2.40,0.0120,false,1,631
72961506,false,יוגורט עם תות 1.5% שומן 125 ג' פרילי,מיוצר עי קונדיטוריית,,פרילי תות 1.5%,מיליליטרים,125.00,"100 מ""ל",false,,3.60,0.0288,true,1,6813
72961520,false,"פרילי יוגורט עם אננס 1.5% תנובה 125 מ""ל",מיוצר עי קונדיטוריית,,פרילי אננס 1.5%,מיליליטרים,125.00,"100 מ""ל",false,,3.60,0.0288,true,1,6815
72961544,false,"באדי יוגורט בטעם תות שדה 3% תנובה 125 מ""ל",מחלבת אלון תבור,,"באדי תות 3% 125 מ""ל",מיליליטרים,125.00,"100 מ""ל",false,,3.00,0.0240,true,1,6816
72964132,false,פרילי טבע יוגורט עם גרנולה 200 גרם,מיוצר עי קונדיטוריית,,טבעגורט 1.9% 200 גרם,גרמים,200.00,100 גרם,false,,5.30,0.0265,true,1,6823
72964422,false,יוגורט פרחים 4.5% שומן 200 גרם,מחלבת תנובה,,יוגורט תנובה 4.5%,גרמים,200.00,100 גרם,false,,2.90,0.0145,true,1,6824
72983997,false,קופסה גולף גולד ארוך בוקס,דובק,,סיגריות גולף גולד קו,יחידה,0.00,יחידה,false,,30.00,0.0000,false,1,2274
72986233,false,באדי מעדן וניל גביע 1.5%שומן 125 גרם בדצ,מחלבת אלון תבור,,באדי 2% מהדרין וניל,גרמים,125.00,100 גרם,false,,3.00,0.0240,true,1,6825
72986240,false,באדי מעדן חלב בטעם שוקולד תנובה 125 גרם,מחלבת אלון תבור,,באדי 2% שוקולד,גרמים,125.00,100 גרם,false,,3.00,0.0240,true,1,6826
72986370,false,"גלידת בן & ג'ריס פיינטים וניל 500מ""ל",מוצרי איכות אמריקאיים,,בן אנד ג'ריס גלידת ו,מיליליטרים,500.00,"100 מ""ל",false,,18.90,0.0378,false,1,9793
72986424,false,"גלידת בן & ג'ריס פיינטים קרם עוגיות 500מ""ל",מוצרי איכות אמריקאיים בע,,בן אנד ג'ריס לידת קר,מיליליטרים,500.00,"100 מ""ל",false,,18.90,0.0378,true,1,9794
72986448,false,"גלידת בן & ג'ריס פיינטים טופי קראנץ 500מ""ל",מוצרי איכות אמריקאיים בע,,בן אנד ג'ריס גלידת ט,מיליליטרים,500.00,"100 מ""ל",false,,18.90,0.0378,true,1,9795
72986455,false,"גלידה בן& ג'ריס ניו יורק סופר פאדג' צ'אנק 500 מ""ל",מוצרי איכות אמריקאיים בע,,בן אנד ג'ריס ניו יור,מיליליטרים,500.00,"100 מ""ל",false,,18.90,0.0378,true,1,9796
72986479,false,"גלידה שוקולד אגוז עם בננות בן וג'ירי 500 מ""ל",מוצרי איכות אמריקאיים בע,,בן וג'ריס צאנקי מנקי,מיליליטרים,500.00,"100 מ""ל",false,,18.90,0.0378,true,1,9797
72989425,false,"גלידת בן & ג'ריס פיינטים שוקולד בראוניז 500מ""ל",מוצרי איכות אמריקאיים בע,,גלידת בראוניס,יחידה,500.00,יחידה,false,,18.90,0.0378,true,1,9798
72991374,false,סיגריות טיים רד חפיס,דובק,,סיגריות טיים,יחידה,0.00,יחידה,false,,29.00,0.0000,false,1,2276
72991886,false,"גלידת דולצ'ה בטעם ריבת חלב עם פאדג' בן וג'ירי 500 מ""ל",מוצרי איכות אמריקאיים בע,,בן וג'ריס ריבת חלב,מיליליטרים,500.00,"100 מ""ל",false,,18.90,0.0378,true,1,9799
72993637,false,מעדן חלב בטעם שוקולד 125 ג' דני,"שטראוס גרופ בע""\מ",,דני שוקולד בודד 1.5%,מיליליטרים,125.00,"100 מ""ל",false,,2.60,0.0208,true,1,12050
72994061,false,חטיף פסק זמן GOOD גלילית לבן 40 גרם,שולן צ'\יקולטה גידה סאן.,,פסק זמן טו גוד שוקול,גרמים,36.00,100 גרם,false,,5.00,0.1389,true,1,70199
80001027,false,לואקר טורטינה שוקולד חלב,"כד בני דרום בע""מ",,וופל לואקר טורטי,גרמים,21.00,100 גרם,false,,3.90,0.1857,true,1,9565
80001072,false,שוקולד חלב עם ופל לו,לואקר,,לואקר שוקולד חלב 50,גרמים,50.00,100 גרם,false,,5.90,0.1180,true,1,71605
80001089,false,לואקר שוקולד מריר 50,לואקר,,לואקר שוקולד מריר 50,גרמים,50.00,100 גרם,false,,5.90,0.1180,true,1,71606
80001287,false,וופל חטיף לואקר אגוז 38 גר',ליימן מותגים,,וופל גרדנה,גרמים,38.00,100 גרם,false,,3.90,0.1026,true,1,9566
80001461,false,חטיף גרנדה שוקולד 38 גרם,"א. לואקר קונפקט בע""מ",,גרדנה שוקולד מר 38גר,גרמים,38.00,100 גרם,false,,3.90,0.1026,true,1,9571
80001485,false,חטיף גרנדה קוקוס 38 גרם,קריניציה ויטמינה אס,,וופל גרדנה קוקוס 38,גרמים,38.00,100 גרם,false,,3.90,0.1026,true,1,9572
80001799,false,לואקר טורטינה שוקולד לבן,"כד בני דרום בע""מ",,טורטינה שוקולד לבן,גרמים,21.00,100 גרם,false,,3.90,0.1857,true,1,27916
80042556,false,POLPA עגבניות חתוכות דק 400 גרם MUTTI,"איי, בי, אינבוו",,MUTTI עגבניות חתוכות,יחידה,0.00,יחידה,false,,16.90,0.0000,true,1,25293
80042563,false,רסק עגבניות 700 ג' (צהוב) MUTTI,"איי, בי, אינבוו",,רסק עגבניות איטלקי M,גרמים,720.00,100 גרם,false,,11.90,0.0165,true,1,11923
80050025,false,סוכריות טיק טק תפוז 16 גרם,פררו - אלבה,,טיק טק תפוז,גרמים,16.00,100 גרם,false,,3.50,0.2188,false,1,2379
80050124,false,סוכריות טיק טק מנטה 16 גרם,פררו - אלבה,,טיק טק סוכריות,גרמים,16.00,100 גרם,false,,3.50,0.2188,false,1,2380
80050278,false,פררו רושר חטיף כדורים שלישיה 40ג',פררו - אלבה,,חטיף רושר,יחידה,0.00,יחידה,false,,5.50,0.0000,true,1,9573
80052760,false,קינדר בואנו Kinder Bueno עם חלב ואגוזי לוז,פררו - אלבה,,חטיף קינדר בואנו 43,גרמים,43.00,100 גרם,false,,3.90,0.0907,true,1,9579
80052883,false,סוכריות מנטה חזק 16 ג' טיק טק,פררו,,סוכריות טיק טק מנטה,יחידה,0.00,יחידה,false,,3.50,0.0000,true,1,88514
80083665,false,גנדולה עוגיות עם שוקולד ציפס אורגני 250,תות תעשיות מזון (201,,גנדולה עוגיות אורגני,גרמים,250.00,100 גרם,false,,13.90,0.0556,true,1,86272
80083696,false,גנדולה עוגיות דגנים ופירות אורגני 250,,,גנדולה עוגיות דגנים,גרמים,250.00,100 גרם,false,,13.90,0.0556,true,1,86273
80083764,false,עוגיות אורגניות עם שיבולת שועל 250 גר,תות תעשיות מזון (201,,גנדולה עוגיות דגנים,גרמים,250.00,100 גרם,false,,13.90,0.0556,true,1,86274
80136194,false,חטיפי הפי היפו Happy Hippo במילוי קרם חלבי ואגוזי לוז,קינדר Kinder,,הפי היפו וויט חמישיי,גרמים,103.50,100 גרם,false,,12.90,0.1246,true,1,71591
80176800,false,נוטלה ממרח שוקולד 750 גרם,פררו תעשיות איטליה ס,,ממרח נוטלה 750 גרם,גרמים,750.00,100 גרם,false,,25.90,0.0345,false,1,9581
80177173,false,ממרח שוקולד נוטלה 350 גרם,פררו - אלבה,,ממרח נוטלה 350 גרם,גרמים,350.00,100 גרם,false,,13.90,0.0397,false,1,5539
80177609,false,אצבעות שוקולד קינדר Kinder ארבע יחידות,פררו - אלבה,,אצבעות שוקולד קינדר,גרמים,50.00,100 גרם,false,,3.90,0.0780,false,1,2382
80177616,false,אצבעות שוקולד קינדר Kinder שמונה יחידות,פררו - אלבה,,אצבעות שוקולד קינדר,גרמים,100.00,100 גרם,false,,7.90,0.0790,false,1,9584
80310167,false,קינדר שוקולד מקסי 126 גר,קינדר,,קינדר מקסי שישייה,יחידה,0.00,יחידה,false,,9.90,0.0000,true,1,80365
80310549,false,הפי היפו חטיף קינדר שוקולד לבן 20.5ג',קריות זול,,הפי היפו וויט בודד,גרמים,20.07,100 גרם,false,,3.00,0.1495,true,1,71592
80310891,false,ג'וי ביצת הפתעה קינדר 20 גרם,קריות זול,,ביצת קינדר ג'וי,גרמים,20.00,100 גרם,false,,5.90,0.2950,true,1,9587
80757009,false,{צנצנת} 200 גרם {12} כשר as do mar פילה בשמן זית,,,פילה טונה בשמן זית 2,גרמים,200.00,100 גרם,false,,34.90,0.1745,true,1,71293
80761761,false,קינדר בואנו לבן בודד 39 גרם,ליימן שליסל,,חטיף קינדר בואנו לבן,גרמים,43.00,100 גרם,false,,3.90,0.0907,true,1,9594
80768838,false,מסטיק מנטוס וויט ביג פירות ומנטה 105 ג',פרפטי ואן מלה,,מנטוס וויט ביג תותי,גרמים,105.00,100 גרם,false,,15.90,0.1514,true,1,65934
80773429,false,מנטוס בקבוק מעוגל - מסטיק ללא סוכר בטעם תות 60 גרם,"פרפטי ואן מלה ג'\ידה,סאן",,מסטיק מנטוס תות,גרמים,60.00,100 גרם,false,,9.90,0.1650,true,1,72770
80773443,false,מנטוס בקבוק מעוגל - מסטיק ללא סוכר בטעם מנטה 60 גרם,"פרפטי ואן מלה ג'\ידה,סאן",,מנטוס מסטיק בקבוק מע,גרמים,60.00,100 גרם,false,,9.90,0.1650,true,1,68764
80776307,false,מסטיק מנטוס ביג בבקבוק מעוגל טעם פירות מנטה 90 ג',פרפטי ואן מלה הולנד,,מסטיק מנטוס ביג בקבו,גרמים,90.00,100 גרם,false,,15.90,0.1767,true,1,68880
80780595,false,מסטיק מנטוס ביג בבקבוק מעוגל טעם מנטה-עדינה 90 ג',פרפטי ואן מלה הולנד,,מסטיק מנטוס ביג בקבו,גרמים,90.00,100 גרם,false,,15.90,0.1767,true,1,68881
80790990,false,מסטיק מנטוס בבקבוק מעוגל בטעם פירות -מנטה 60 ג',"פרפטי ואן מלה ג'\ידה,סאן",,מנטוס מסטיק בקבוק מע,גרמים,60.00,100 גרם,false,,9.90,0.1650,true,1,68765
80794233,false,מסטיק מנטוס ביג בבקבוק מעוגל טעם מנטה 90 ג',פרפטי ואן מלה הולנד,,מסטיק מנטוס ביג בקבו,גרמים,90.00,100 גרם,false,,15.90,0.1767,true,1,68882
80804697,false,מסטיק וויט White בטעם מנטה מתוקה ללא סוכר,פרפטי ואן מלה,,מנטוס וויט בי סוויטמ,גרמים,105.00,100 גרם,false,,15.90,0.1514,true,1,65936
80809265,false,טורטינה בודד חמאת בוטנים 21 ג' לואקר,לואקר,,טורטינה חמאת בוטנים,גרמים,21.00,100 גרם,false,,3.90,0.1857,true,1,122159
80820970,false,שוקולד חלב ממולא קרם קרמל ועלי וופל פריכ,לואקר Loacker,,טורטינה קרמל בודד,גרמים,21.00,100 גרם,false,,3.90,0.1857,true,1,89627
80828174,false,מסטיק מנטוס וויט סוויטמינט 60 ג',"פרפטי ואן מלה ג'ידה,סאן",,מסטיק מנטוס וויט מנט,גרמים,60.00,100 גרם,false,,9.90,0.1650,true,1,32855
80831402,false,סוכריות מנטוס מנטה עדינה 30 יח' ללא סוכר CLEAN BREATH,פרפטי ואן מלה,,סוכריות מנטוס מנטה ע,גרמים,21.00,100 גרם,false,,5.90,0.2810,true,1,82858
80832560,false,סוכריות מנטוס פירות יער 21 ג' ללא סוכר CLEAN BREATH,פרפטי ואן מלה,,סוכריות מנטוס לריענו,גרמים,21.00,100 גרם,false,,5.90,0.2810,true,1,120848
80843184,false,מנטוס מסטיק פיור פרש בטעם ענבים 60גר,פרפטי ואן מלה הולנד,,מסטיק מנטוס ענבים בק,גרמים,60.00,100 גרם,false,,9.90,0.1650,true,1,90383
80854753,false,סוכריות מנטוס מנטה 30 יח' ללא סוכר CLEAN BREATH,פרפטי ואן מלה,,סוכריות מנטוס מנטה ל,גרמים,21.00,100 גרם,false,,5.90,0.2810,true,1,82859
80862130,false,"מנטוס מסטיק פיור פרש - אבטיח 28 גרם (14 יח') חת""ס",פרפטי ואן מלה ברדה,,מנטוס מסטיק פיור פרש,גרמים,28.00,100 גרם,false,,3.90,0.1393,true,1,87117
80862260,false,מסטיק מנטוס פיור וויט מנטה מתוקה 150 גר,"פרפטי ואן מלה ג'ידה,סאן",,מסטיק מנטוס XXL טעם,גרמים,150.00,100 גרם,false,,17.90,0.1193,true,1,120222
80864059,false,וופל גרדנה עם קרם חמאת בוטנים בציפוי שוקולד חלב,ליימן מותגים,,גרדנה חמאת בוטנים 38,גרמים,38.00,100 גרם,false,,3.90,0.1026,true,1,121000
80864295,false,סוכריות פיור וויט טעם מנטה עדינה 60 ג' מנטוס,"פרפטי ואן מלה ג'ידה,סאן",,מנטוס פיור וויט מנטה,גרמים,60.00,100 גרם,false,,9.90,0.1650,true,1,117407
80896081,false,מנטוס בקבוק מעוגל - מסטיק ללא סוכר בטעם אבטיח 60 גרם,"פרפטי ואן מלה ג'\ידה,סאן",,מסטיק מנטוס אבטיח,יחידה,0.00,יחידה,false,,9.90,0.0000,true,1,72709
80913467,false,מנטוס בקבוק מעוגל - מסטיק ללא סוכר בטעם מנטה,פרפטי ואן מלה הולנד,,מנטוס מסטיק בקבוק מע,גרמים,60.00,100 גרם,false,,9.90,0.1650,true,1,68766
80926481,false,מסטיק מנטוס פיור פרש בבקבוק בינוני בטעם אבטיח 90ג',"פרפטי ואן מלה ג'ידה,סאן",,מסטיק מנטוס ביג אבטי,גרמים,90.00,100 גרם,false,,15.90,0.1767,true,1,75790
80929277,false,מסטיק מנטוס פיור וויט מנטה עדינה 150 גר,"פרפטי ואן מלה ג'ידה,סאן",,מסטיק מנטוס XXL טעם,גרמים,150.00,100 גרם,false,,17.90,0.1193,true,1,120373
80936459,false,שלישיית ביצי שוקולד(,,,שלישיית ביצי שוקולד,יחידה,0.00,יחידה,false,,12.90,0.0000,true,1,119271
80936848,false,סוכריות טיק טק תות שדה 24 יח',ליימן-שליסל,,טיק טק תות שדה,יחידה,0.00,יחידה,false,,3.50,0.0000,false,1,30612
80945468,false,סוכריות פיור וויט טעם מנטה מתוקה 60 ג' מנטוס,"פרפטי ואן מלה ג'ידה,סאן",,מנטוס פיור וויט מנטה,גרמים,60.00,100 גרם,false,,9.90,0.1650,true,1,117408
80954521,false,"מנטוס מסטיק פיור פרש - תות 28 גרם (14 יח') חת""ס",פרפטי ואן מלה ברדה,,מנטוס מסטיק פיור פרש,גרמים,28.00,100 גרם,false,,3.90,0.1393,true,1,87118
80957706,false,מסטיק מנטוס פיור וויט מנטה 150 גר,"פרפטי ואן מלה ג'ידה,סאן",,מסטיק מנטוס XXL טעם,גרמים,150.00,100 גרם,false,,17.90,0.1193,true,1,120223
80974215,false,מסטיק מנטוס פיור פרש בבקבוק ביג בטעם תות 90ג',"פרפטי ואן מלה ג'ידה,סאן",,מסטיק מנטוס ביג תות,יחידה,0.00,יחידה,false,,15.90,0.0000,true,1,75573
80979128,false,מנטוס מסטיק בקבוק מעוגל בטעם דובדבן,פרפטי ואן מלה הולנד,,מסטיק דובדבן בקבוק מ,גרמים,60.00,100 גרם,false,,9.90,0.1650,true,1,90384
80982470,false,מסטיק מנטוס פיור פרוסט בטעם מנטה חזק 60 גר',פרפטי ואן מלה ברדה,,מנטוס מסטיק פיור פרו,גרמים,60.00,100 גרם,false,,9.90,0.1650,true,1,88559
80986348,false,סוכריות פיור וויט טעם מנטה 60 ג' מנטוס,"פרפטי ואן מלה ג'ידה,סאן",,מנטוס פיור וויט מנטה,גרמים,60.00,100 גרם,false,,9.90,0.1650,true,1,117409
80995128,false,מנטוס בקבוק עגול בטעם הדרים בתוספת ויטמינים 60 גרם,פרפטי ואן מלה הולנד,,מנטוס מסטיק בטעם הדר,גרמים,60.00,100 גרם,false,,9.90,0.1650,true,1,122139
87108538,false,סוכריות בטעם תות מנטוס 37.5 גרם,הדקלאים אגודת שיתופי,,מנטוס תות,גרמים,37.50,100 גרם,false,,2.90,0.0773,true,1,9597
87108651,false,סוכריות בטעם מנטה מנטוס 4*37.5 גרם,הדקלאים אגודת שיתופי,,מנטוס מנטה רביעי,יחידה,0.00,יחידה,false,,10.90,0.0000,false,1,2383
87108712,false,סוכריות בטעם פירות מנטוס 4*37.5 גרם,פרפטי ואן מלה ברדה,,מנטוס פירות רביע,גרמים,150.00,100 גרם,false,,10.90,0.0727,true,1,2384
87311396,false,מנטוס ריינבאוו סוכריות לעיסה בטעמי פירות,פרפטי ואן מלה ברדה,,מנטוס ריינבואו בודד,גרמים,37.50,100 גרם,false,,2.90,0.0773,true,1,23026
87354041,false,סוכריות מנטוס גליל בטעם דובדבן,פרפטי ואן מלה,,מנטוס גליל דובדבן,גרמים,37.50,100 גרם,false,,2.90,0.0773,true,1,89032
90034107,false,"בירה שטיגל גולדברו 500 מ""ל",מבשלת שטיגל,,בירה שטיגל גולדברו,מיליליטרים,500.00,"100 מ""ל",false,,9.90,0.0198,true,1,64861
90162602,false,רד בול משקה אנרגיה פקדון 30 אג,רד בול ג'י.אם.בי. אץ,,רד בול משקה,יחידה,0.00,יחידה,false,,5.90,0.0000,true,1,10163
90162800,false,רד בול משקה אנרגיה ללא סוכר פקדון 30 אג,רד בול ג'י.אם.בי. אץ,,רד בול ללא סוכר,מיליליטרים,250.00,"100 מ""ל",false,,5.90,0.0236,true,1,62260
90446269,false,"משקה רד בול אבטיח מוגז פחית 250 מ""ל",ראון פרוכטסאפה,,רד בול אבטיח,מיליליטרים,250.00,"100 מ""ל",false,,5.90,0.0236,true,1,89426
90453427,false,"משקה אנרגיה רד בול פיטאיה 250 מ""ל",רד בול,,רד בול פיטאיה משקה א,מיליליטרים,250.00,"100 מ""ל",false,,5.90,0.0236,true,1,120118
96130339,false,"דאב - דאודורנט רול און לאישה 0% אלומיניום 50 מ""ל",יוניליוור,,דאודורנט דאב רול אור,מיליליטרים,50.00,"100 מ""ל",false,,16.90,0.3380,true,1,90164
96137130,false,"דאודורנט דאב רול און אגס ואלוורה 150 מ""ל",יוניליוור פיליפינים,,דאודורנט רול און דאב,מיליליטרים,50.00,"100 מ""ל",false,,16.90,0.3380,true,1,75373
1250120076,false,פסטה לנגוויני,,,פסטה לנגוויני,גרמים,500.00,100 גרם,false,,9.90,0.0198,true,1,18838
1250120120,false,פסטה ספגטי מס' 12,,,פסטה ספגטי מס' 12,גרמים,500.00,100 גרם,false,,9.90,0.0198,true,1,18839
1250120342,false,פסטה פוזילי מס' 34,,,פסטה פוזילי מס' 34,גרמים,500.00,100 גרם,false,,9.90,0.0198,true,1,20514
1250152336,false,פסטה דה צ'קו פטו,,,פסטה דה צ'קו פטו,גרמים,500.00,100 גרם,false,,13.90,0.0278,true,1,18840
4715020755,false,קישוטי עוגה פרינסס,,,קישוטי עוגה פרינסס,גרמים,75.00,100 גרם,false,,12.90,0.1720,true,1,9608
8112100298,false,"שמן שומשום טהור מזרח ומערב 185 מ""ל",Flavor full foods in,,שמן שומשום,יחידה,185.00,יחידה,false,,16.90,0.0914,true,1,8842
8421368433,false,בובת עיניים גדולות ג,,,בובת עיניים גדולות ג,יחידה,0.00,יחידה,false,,24.90,0.0000,true,1,78753
9073102314,false,"סורבט שרונס קוקוס 500 מ""ל",מוצרי איכות אמריקאיים,,סורבה שרונס קוקוס,יחידה,385.00,יחידה,false,,18.90,0.0491,true,1,30793
9915000039,false,פסטה מקמח תירס ב,,,פסטה מקמח תירס ב,יחידה,0.00,יחידה,false,,12.90,0.0000,true,1,33698
9915001227,false,פסטה מקמח תירס,,,פסטה מקמח תירס,יחידה,0.00,יחידה,false,,12.90,0.0000,true,1,23876
10214560646,false,שמן טיק,יעקובי,,שמן טיק,יחידה,0.00,יחידה,false,,44.90,0.0000,true,1,2751
10900145015,false,L דיימונד שקיות אשפה חזקות במיוחד 10 יח,דיימונד,,שקיות אשפה חזרות במי,יחידה,0.00,יחידה,false,,16.90,0.0000,true,1,119563
10900634069,false,XL דיימונד שקיות אשפה חזקות במיוחד 8 יח,דיימונד,,שקיות אשפה חזקות במי,יחידה,0.00,יחידה,false,,16.90,0.0000,true,1,119564
10900681193,false,M דיימונד שקיות אשפה חזקות במיוחד 14 יח,דיימונד,,שקיות אשפה חזקות במי,יחידה,0.00,יחידה,false,,16.90,0.0000,true,1,119565
11182170603,false,שעועית גדולה חמאה 43,הנובר פודס,,שעועית חמאה,גרמים,439.00,100 גרם,false,,12.50,0.0285,true,1,64997
11182700916,false,קינג קול שעועית לבנה צפונית 439 גרם,הנובר פודס,,שעועית לבנה צפונית,גרמים,439.00,100 גרם,false,,9.90,0.0226,true,1,4334
11182700923,false,קינג קול שעועית אדומה בהירה 439 גרם,הנובר פודס,,שעועית אדומה בהירה,גרמים,439.00,100 גרם,false,,9.90,0.0226,true,1,11654
11182700954,false,קינג קול שעועית שחורה 439 גרם,האנאובר פודס קורפורשיין,,שעועית שחורה 439 גר',גרמים,454.00,100 גרם,false,,9.90,0.0218,true,1,11655
11210000094,false,"רוטב ""טבסקו"" על בסיס פלפל אדום 60 מ""ל",מקאילהייני אייבורי,,TABASCO טבסקו רוטב פ,מיליליטרים,60.00,"100 מ""ל",false,,11.00,0.1833,true,1,8518
11210007253,false,"רוטב ""טבסקו"" על בסיס פלפל אדום ושום 60 מ""ל",מקאילהייני אייבורי,,TABASCO רוטב טבסקו ש,מיליליטרים,60.00,"100 מ""ל",false,,11.00,0.1833,true,1,11656
11210009387,false,"רוטב ""טבסקו"" על בסיס פלפל ירוק חריף 60 מ""ל",מקאילהייני אייבורי,,TABASCO רוטב טבסקו פ,יחידה,60.00,יחידה,false,,11.00,0.1833,true,1,10739
11210618503,false,"רוטב טבסקו על בסיס פלפל סקורפיון 60מ""ל",מק. אילהיני קו,,טבסקו פלפל סקורפיון,מיליליטרים,60.00,"100 מ""ל",false,,13.90,0.2317,true,1,82968
12300103138,false,סיגריות כאמל בוקס פק,Unknown,,פקט כאמל ריו פילטר ב,יחידה,0.00,יחידה,false,,292.00,0.0000,false,1,4267
12300119139,false,סיגריות וינסטון כחול בוקס 1/10,Unknown,,פקט וינסטון כחול בוק,יחידה,0.00,יחידה,false,,310.00,0.0000,false,1,4272
13409341155,false,רוטב ברביקיו דבש 510 גר סוויט בייבי רייס,סוויט בייבי רייז שיק,,רוטב ברביקיו בטעם מע,גרמים,510.00,100 גרם,false,,21.90,0.0429,true,1,30159
13409515198,false,רוטב ברביקיו ציפוטלה 510 גרם,סוויט בייבי רייז שיק,,רוטב ברביקיו דבש ופל,גרמים,510.00,100 גרם,false,,21.90,0.0429,true,1,67625
13409918104,false,רוטב ברביקיו אורגינל 510 גר סוויט בייבי,סוויט בייבי רייז שיק,,רוטב ברביקיו בטעם מע,גרמים,510.00,100 גרם,false,,21.90,0.0429,true,1,30162
16000185517,false,דגני בוקר פייבר וואן עתירי סובין FIBRE1,בטר אנד דיפרנט,,פייבר וואן 555 גר,גרמים,555.00,100 גרם,false,,26.90,0.0485,false,1,118182
16000281684,false,חטיפי גרנולה קראנצ'י עם פקאן נייצ'ר ואלי 5*42 גרם,ליימן מותגים,,שיבולת שועל פקאן 10x,גרמים,210.00,100 גרם,false,,19.00,0.0905,false,1,2388
16000423534,false,חטיפי גרנולה קראנצ'י עם שיבולת שועל ושוקולד מריר נייצ'ר ואלי 5*42 גרם,ג'נרל מילס סאן אדריאן,,שיבולת שועל קינמון 1,גרמים,210.00,100 גרם,false,,19.00,0.0905,false,1,2390
16000548404,false,חטיפי גרנולה קראנצ'י עם שיבולת שועל ודבש נייצ'ר ואלי 5*42 גרם,ג'נרל מילס סאן אדריאן,,שיבולת שועל בדבש ניי,גרמים,210.00,100 גרם,false,,19.00,0.0905,false,1,2393
16000548503,false,חטיפי גרנולה קראנצ'י עם מייפל וסוכר חום נייצ'ר ואלי 5*42 גרם,ג'נרל מילס סאן אדריאן,,שיבולת שועל נייצ'ר ו,גרמים,210.00,100 גרם,false,,19.00,0.0905,false,1,2394
16000548602,false,חטיפי גרנולה קראנצ'י קינמון נייצ'ר ואלי 5*24 גרם,ג'נרל מילס סאן אדריאן,,שיבולת שועל קינמון 1,גרמים,210.00,100 גרם,false,,19.00,0.0905,false,1,2395
16000548909,false,חטיפי גרנולה קראנצ'י במגוון טעמים נייצ'ר ואלי 5*42 גרם,ג'נרל מילס סאן אדריאן,,שיבולת שועל חמאת בוט,גרמים,210.00,100 גרם,false,,19.00,0.0905,false,1,2396
16229001711,false,מי קוקוס ארוי די ללא,תאי אגרי פוד,,נוזל קוקוס כשר,מיליליטרים,400.00,"100 מ""ל",false,,10.90,0.0273,true,1,28415
18000701223,false,"פילסברי, עוגה בטעם שוקולד, תערובת להכנת עוגה בטעם שוקולד. 500 גרם",הדקלאים אגודת שיתופי,,תערובת לעוגת שוק,גרמים,550.00,100 גרם,false,,17.90,0.0325,true,1,9612
18000703494,false,"פילסברי, עוגה בטעם וניל, תערובת להכנת עוגה בטעם וניל. 500 גרם.",הדקלאים אגודת שיתופי,,תערובת לעוגה וני,גרמים,500.00,100 גרם,false,,17.90,0.0358,true,1,9613
18000703517,false,"פילסברי, עוגה בטעם שוקולד וניל, תערובת להכנת עוגה בטעם וניל. 550 גרם.",הדקלאים אגודת שיתופי,,תערובת לעוגת שיש,גרמים,550.00,100 גרם,false,,17.90,0.0325,true,1,9614
18000766413,false,"פילסברי, עוגה בטעם שוקולד, תערובת להכנת עוגה בטעם שוקולד. 550 גרם.",הדקלאים אגודת שיתופי,,תערובת בראוניס,גרמים,550.00,100 גרם,false,,17.90,0.0325,true,1,9615
19548003107,false,צימקאו בטעם שוקולד לבן אופנהיימר 300 גרם,אופנהיימר,,צימקאו לבן 300 גר' א,גרמים,300.00,100 גרם,false,,8.50,0.0283,true,1,65121
21200513152,false,"שלישיית ספוגי קרצוף עדינים ""סקוטש ברייט""",3M קנדה,,ספוג קרצוף שלישיה,יחידה,0.00,יחידה,false,,15.90,0.0000,true,1,7079
21200572357,false,שלישיית ספוגי קרצוף לניקוי חזק (ירוקים),M3,,שלישיית ספוגי קרצוף,יחידה,0.00,יחידה,false,,15.90,0.0000,true,1,17416
25638710022,false,תמצית וניל 59ג',,,תמצית וניל 59ג',יחידה,0.00,יחידה,false,,49.90,0.0000,true,1,25815
25675120037,false,מקלות חמצוצים תות פשקז 100 גרם,פשקס קנדי,,מקלות חמוצים תות,גרמים,100.00,100 גרם,false,,8.90,0.0890,true,1,12797
25675120044,false,מקלות חמצוצים תפוח עץ פשקז 100 גרם,פשקז Paskesz,,מקלות חמוצים,גרמים,100.00,100 גרם,false,,8.90,0.0890,true,1,12798
25675120068,false,מקלות חמצוצים בטעם קולה פשקז 100 גרם,פשקז Paskesz,,מקלות חמוצים,גרמים,100.00,100 גרם,false,,8.90,0.0890,true,1,12799
25675301108,false,מקלות חמוצים חמצוצים תות 50 גרם,פאסין,,מקלות חמוצים,גרמים,50.00,100 גרם,false,,4.90,0.0980,true,1,12805
25675301184,false,חמצוצים מקלות חמוצים קולה 50 גרם,פשקז Paskesz,,מקלות חמוצות טעם,גרמים,50.00,100 גרם,false,,4.90,0.0980,true,1,12807
25675301207,false,מקלות חמוצים חמצוצים תפוח עץ 50 גרם,פשקז Paskesz,,מקלות חמוצות 50,גרמים,50.00,100 גרם,false,,4.90,0.0980,true,1,12808
25700005674,false,זיפלוק שקיות אחסון סליידר גדולות 15 יחידות,אס.סי.ג'\ונסון מידרכט,,זיפלוק שקיות אחסון ס,יחידה,0.00,יחידה,false,,16.90,0.0000,true,1,85898
25700005681,false,זיפלוק שקיות אחסון סליידר בינוניות 20 יחידות,אס.סי גונוסון,,זיפלוק שקיות אחסון ס,יחידה,0.00,יחידה,false,,16.90,0.0000,true,1,85899
25700005698,false,זיפלוק שקיות אחסון בינוניות 24 יחידות,אס.סי.גונסון ובניו,,זיפלוק שקיות אחסון ב,יחידה,0.00,יחידה,false,,13.90,0.0000,true,1,85894
30000315989,false,קוואקר פרוטאין חמוציות ושקדים 372 גרם,קוואקר אוטס קומפני,,קוואקר פרוטאין חמוצי,גרמים,372.00,100 גרם,false,,23.90,0.0642,true,1,78377
31200001597,false,חמוציות אושן ספריי קליית גת בשקית 170 גרם,ליימן מותגים,,חמוציות מיובשות,גרמים,170.00,100 גרם,false,,11.50,0.0676,true,1,33108
33200140702,false,פרש אנד סופט דפים למייבש כביסה 100 יח' ניחוח מרענן,פרש אנד סופט Frash'n soft,,דפים למייבש כביסה,יחידה,0.00,יחידה,false,,26.90,0.0000,true,1,13581
33200147701,false,פרש&סופט דפים למייבש בניחוח טרופי 100 יח,פרש אנד סופט Frash'n soft,,דפים למייבש כביסה,יחידה,0.00,יחידה,false,,26.90,0.0000,true,1,13584
33617000026,false,קרקר ואזה 203-275 גרם מקמח מלא 260,כלורוקס אוקלנד,,ואזה מקמח מלא 260 גר,גרמים,260.00,100 גרם,false,,16.90,0.0650,true,1,27914
33617322616,false,פת פריכה מקמח שיפון ואזה 270 גרם,כלורוקס אוקלנד,,ואזה-פת פריכה קלה מק,גרמים,270.00,100 גרם,false,,16.90,0.0626,true,1,18752
33617340610,false,קרקר ואזה 203-275 גרם מקמח שיפון 275,כלורוקס אוקלנד,,ואזה מקמח שיפון,גרמים,275.00,100 גרם,false,,16.90,0.0615,true,1,21618
34000148301,false,הרשי נטיפי שוקולד מריר לאפייה 340 גר,ליימן מותגים,,הרשי נטיפי שוקולד מר,גרמים,340.00,100 גרם,false,,17.90,0.0526,true,1,68994
34000196173,false,הרשי טבלה XL בטעם שוקולד לבן עם שברי עוגיות 113 גרם,ליימן מותגים,,הרשי קוקיס קרם טבלה,גרמים,113.00,100 גרם,false,,7.90,0.0699,true,1,60221
34000312177,false,הרשי סירופ בטעם שוקולד 680 גרם,ליימן מותגים,,סירופ הרשי שוקולד,יחידה,680.00,יחידה,false,,17.90,0.0263,true,1,29065
34000442652,false,ריזס טבלה בטעם שוקולד ממולאת קרם בוטנים 120 גרם,ליימן מותגים,,ריזס טבלה XL,גרמים,120.00,100 גרם,false,,7.90,0.0658,true,1,60222
34000446001,false,ריזס מיניאטורס- חטיף שוקולד במילוי חמאת בוטנים 150 גרם,ליימן מותגים,,ריזס מיניס עטופים,יחידה,0.00,יחידה,false,,9.40,0.0000,true,1,28987
34000470228,false,ריזס מיניס חטיף שוקולד במילוי חמאת בוטנים 70 גרם,הרשי,,סוכריות ריזס מיני הר,גרמים,70.00,100 גרם,false,,5.90,0.0843,true,1,28750
34000470563,false,ריסז מיניס באריזה משפחתית 215 גרם,ליימן מותגים,,ריסז מיניס באריזה מש,גרמים,215.00,100 גרם,false,,17.90,0.0833,true,1,79318
34000544028,false,סוכריות ארוכות בטעם תות טוויזלרס Twizzlers,ליימן מותגים,,לקריץ תות שדה,גרמים,198.00,100 גרם,false,,7.20,0.0364,true,1,7412
34000544431,false,ממתקי הרשיז טוויזלרס טעם דובדבן 172 גרם,ליימן מותגים,,טוויזלרס דובדבן 172,גרמים,172.00,100 גרם,false,,7.90,0.0459,true,1,84821
34000996643,false,הרשי דרופס באריזה משפחתית 215 גרם,ליימן מותגים,,הרשי דרופס באריזה מש,גרמים,215.00,100 גרם,false,,17.90,0.0833,true,1,79319
36000516876,false,ממחטות נייר קלינקס לושן 3 שכבות 75 דף,חוגלה קימברלי,,קלינקס לושן 75 3 שכב,יחידה,0.00,יחידה,false,,10.90,0.0000,true,1,81215
37600207188,false,חמאת בוטנים קלאסי סקיפי 462 גרם,חברת המזון אלגוד,,חמאת בוטנים סקיפי קל,גרמים,462.00,100 גרם,false,,18.90,0.0409,false,1,32816
37600207256,false,חמאת בוטנים עם שברי בוטנים סקיפי 462 גרם,חברת המזון אלגוד,,סקיפי שברי בוטנים,גרמים,462.00,100 גרם,false,,18.90,0.0409,false,1,32817
37600207287,false,סקיפי חמאת בוטנים בטעם דבש 462 גרם,חברת המזון אלגוד.,,סקיפי עם דבש 462 גר,גרמים,462.00,100 גרם,false,,18.90,0.0409,true,1,70178
37600297943,false,מטבל סלסה חריף- צ'י צ'י 439 גר,מותגים,,מטבל סלסה חריפה,גרמים,439.00,100 גרם,false,,19.90,0.0453,true,1,122145
37600297967,false,מטבל סלסה בחריפות עדינה צי צי 439 גר,מותגים,,סלסה מטבל עגבניות בח,גרמים,439.00,100 גרם,false,,19.90,0.0453,true,1,122146
38000138638,false,חטיף צ'יפס פרינגלס פיצה 158 גרם,פרינגלס מנופקצ'ורינג קונ,,פרינגלס פיצה 158 גר,גרמים,158.00,100 גרם,false,,8.90,0.0563,false,1,67877
38000138720,false,חטיף צ'יפס פרינגלס ראנץ 158 גרם,פרינגלס מנופקצ'ורינג קונ,,פרינגלס ראנץ',גרמים,158.00,100 גרם,false,,8.90,0.0563,false,1,74238
38000183928,false,פרינגלס חרדל ודבש 158 גרם,פרינגלס מניופקצ'ורינ,,פרינגלס דבש וחרדל 15,גרמים,158.00,100 גרם,false,,8.90,0.0563,false,1,88075
38000232152,false,פרינגלס חטיפי תפוח אדמה בטעם ברביקיו 158 גרם,פרינגלס מנופקצ'ורינג קומ,,פרינגלס ביג ברביקיו,גרמים,158.00,100 גרם,false,,8.90,0.0563,false,1,81953
38000232176,false,פרינגלס ביג שמנת בצל 158 גרם,פרינגלס מנופקצ'ורינג קונ,,פרינגלס ביג שמנת בצל,גרמים,158.00,100 גרם,false,,8.90,0.0563,false,1,81951
38000232183,false,פרינגלס ביג אורגינל 149 גרם,פרינגלס מנופקצ'ורינג קונ,,פרינגלס ביג אורגינל,גרמים,149.00,100 גרם,false,,8.90,0.0597,false,1,81952
38527591053,false,קואקר דגנים מרובעים שיבולת שועל וקינמון,קוואקר אוטס קומפני,,דגני בוקר קואקר מרוב,גרמים,453.00,100 גרם,false,,19.90,0.0439,false,1,19863
38527591060,false,דגני קוואקר מרובעים Quaker Squares עם סוכר חום,קוואקר אוטס קומפני,,דגני בוקר מרובעים 41,גרמים,412.00,100 גרם,false,,19.90,0.0483,false,1,20265
39000008006,false,אורטגה טאקו מקסיקני 12 יחידות 164 גרם,בי אנד ג'י,,טאקו מקסיקני,יחידה,0.00,יחידה,false,,19.90,0.0000,true,1,44282
39000008051,false,טורטיה אורטגה ארוחת טאקו קיט,בי אנד ג'י,,אורטגה-טאקו עם רוטב,גרמים,283.00,100 גרם,false,,31.90,0.1127,true,1,22939
39000008204,false,אורטגה תיבול לטאקו 35 גרם,בי אנד ג'י,,אורטגה תבלין לטאקו,גרמים,35.00,100 גרם,false,,9.90,0.2829,true,1,65221
39000008907,false,אורטגו רוטב טאקו מיילד 226 גרם,בי אנד ג'י,,רוטב טאקו ללא גלוטן,גרמים,226.00,100 גרם,false,,16.90,0.0748,true,1,76028
39000010351,false,פלפל חלפיניו בצנצנת אורטגה 340 גרם,בי אנד ג'י,,אורטגה-פלפלים חריפים,גרמים,354.00,100 גרם,false,,16.90,0.0477,true,1,59216
40000512943,false,סוכריות אם אנד אמס M&M שוקולד חלב,M&M אם אנד אם,,סוכריות אם אנד אם 30,גרמים,303.00,100 גרם,false,,19.90,0.0657,true,1,73580
40000513568,false,סוכריות אם אנד אמס M&M שוקולד חלב,M&M אם אנד אם,,סוכריות אם אנד אם 15,גרמים,155.90,100 גרם,false,,11.90,0.0763,true,1,68971
40000513629,false,M&M's חמאת בוטנים אריזה גדולה 152 גרם,מארס,,סוכריות אם אנד אם 14,גרמים,141.70,100 גרם,false,,11.90,0.0840,true,1,68973
40000514480,false,M&M אריזה קטנה's שוקולד אריזה קטנה 48 גרם,M&M אם אנד אם,,סוכריות אם אנד אם 48,גרמים,48.00,100 גרם,false,,4.90,0.1021,true,1,66300
40000514510,false,M&M אריזה קטנה's בוטנים אריזה קטנה 49 גרם,M&M אם אנד אם,,סוכריות אם אנד אם פי,גרמים,49.00,100 גרם,false,,4.90,0.1000,true,1,65176
41190064564,false,שופרייט סלסה חריפה 439 גרם,ווקפרן פוד קורפ,,סלסה חריפה 439 גר',גרמים,439.00,100 גרם,false,,17.90,0.0408,true,1,87556
41390001079,false,"רוטב סויה קיקומן מופחת נתרן 444 מ""ל",קיקומן פודז אינק,,רוטב סויה דל נתרן 44,מיליליטרים,444.00,"100 מ""ל",false,,19.90,0.0448,true,1,33903
41390001451,false,רוטב סויה קיקומן 1.2 קילו,קיקומן פודז אינק,,רוטב סויה קיקומן 1.2,ליטרים,1.20,ליטר,false,,39.90,33.2500,true,1,3229
41390010309,false,"רוטב טריאקי קיקומן 444 מ""ל",קיקומן פודז אינק,,"רוטב טריאקי 444 מ""ל",מיליליטרים,444.00,"100 מ""ל",false,,19.90,0.0448,true,1,33958
41421177452,false,"רייטס רוטב היקורי מעושן מרוכז 103 מ""ל",בי אנד ג'י,,תיבול היקורי מרוכז,גרמים,123.00,100 גרם,false,,16.50,0.1341,true,1,80893
41500007007,false,חרדל צהוב פרנצס קלאסי לחיץ 226 גרם,פרנצ'ס,,חרדל פרנצ'ס טבעי,גרמים,226.00,100 גרם,false,,11.50,0.0509,true,1,12670
41500013107,false,רוטב וורצסטר פרנצס29,רקיט בנקיזר,,רוטב וורצסטר פרנצס,מיליליטרים,295.00,"100 מ""ל",false,,16.90,0.0573,true,1,83106
41501008034,false,אורטגה טאקו מקסיקני מתירס מלא 164 גרם,בי אנד ג'י,,טאקו מקסיקני ללא גלו,גרמים,140.00,100 גרם,false,,19.90,0.1421,true,1,34182
42400108153,false,דגני בוקר צבעוניים בטעם פירות טוטי פרוטיס,פוסט ארצות הברית,,דגני תותי פרוטי פוסט,גרמים,354.00,100 גרם,false,,21.90,0.0619,true,1,86666
44600300580,false,כלורוקס קלין אפ פרש נוזל לניקוי רב תכלית,כלורוקס אוקלנד,,מרסס קלין אפ פרש 946,מיליליטרים,946.00,"100 מ""ל",false,,25.90,0.0274,true,1,88336
46214731552,false,עוגיות שוקולד צ'יפס 37% גודיס 225 גרם,קריניציה ויטמינה אס,,עוגיות שוקולד צ'יפס,גרמים,225.00,100 גרם,false,,8.90,0.0396,true,1,10555
47997130105,false,מגיק תערובת תיבול ללא מלח 141.8 גרם,מג'יק,,מג'יק תערובת תיבול ל,גרמים,141.00,100 גרם,false,,23.90,0.1695,true,1,11678
48256214758,false,מסיר כתמים קשים לכביסה לבנה וצבעונית,יעקבי- אסטוניש Astonish,,אסטוניש אבקת הפל,קילוגרמים,1.00,"ק""ג",false,,25.90,25.9000,true,1,14928
50000015474,false,"מזון חתולים פריסקיז מעדני הים 1.43 ק""ג",פריסקיז,,פריקסקיז פירות ים,קילוגרמים,1.40,"ק""ג",false,,37.90,27.0714,true,1,5733
50000084500,false,מזון יבש לחתול בטעם נתחי ברביקיו פריסקיז Friskies,נסטלה פורינה USA מק,,פריסקיז מעדני השף,קילוגרמים,1.42,"ק""ג",false,,37.90,26.6901,true,1,5737
50000100347,false,"פריסקיז - מעדני החתול מועשר בחלב 1.40 ק""ג",נסטלה פורינה USA מק,,פריסקיז מעדני החתול,קילוגרמים,1.40,"ק""ג",false,,37.90,27.0714,true,1,5738
50000168583,false,"מזון חתולים פריסקיז אקסטרא קראנץ 1.43 ק""ג","פורינה ארה""\ב",,פריסקיז אקסטרא קראנץ,קג,1.43,קג,false,,37.90,26.5035,true,1,87626
50000170180,false,מזון חתולים פריסקיז עוף ברוטב 156 גרם,נסטלה פורינה USA קר,,פריסקיז עוף ברוטב,גרמים,156.00,100 גרם,false,,6.20,0.0397,true,1,62624
50000225224,false,מזול חתולים פריסקיז פילה הודו ברוטב 156 גרם,נסטלה פורינה USA קר,,פריסקיז פריים פילה ה,גרמים,156.00,100 גרם,false,,6.20,0.0397,true,1,62625
50000237951,false,פריסקיז פארטי מיקס מיקס גריל קראנץ10*60גרם,נסטלה פורינה פטקר ארצות,,פריסקיז פארטי מיקס ג,גרמים,59.00,100 גרם,false,,11.50,0.1949,true,1,120589
50000238910,false,פריסקיז פארטי מיקס אוריגי'נל קראנץ10*60גרם,נטסלה פורינה פטקר ארצות,,פריסקיז פארטי מיקס א,גרמים,59.00,100 גרם,false,,11.50,0.1949,true,1,120588
50000292615,false,פריסקיז פנסי פיסט לבבוות וכבד 85 גרם,נסטלה פורינה USA סט,,פנסי פיסט לבבות עוף,גרמים,85.00,100 גרם,false,,6.00,0.0706,true,1,63625
50000429646,false,פריסקיז פנסי פיסט לח דג אוקיאנוס 85 גרם,נסטלה פורינה USA ג',,פנסי פיסט דגי אוקיינ,גרמים,85.00,100 גרם,false,,6.00,0.0706,true,1,5747
50000434640,false,פריסקיז פנסי פיסט נתחי לבבות כבד ועוף 85 גרם,נסטלה פורינה USA סט,,פנסי פיסט נתחי לבבות,גרמים,85.00,100 גרם,false,,6.00,0.0706,true,1,5749
50000445691,false,מזול חתולים פריסקיז עוף וסלמון ברוטב 156 גרם,נסטלה פורינה USA קר,,פרסקיז נתחי עוף וסלמ,גרמים,156.00,100 גרם,false,,6.20,0.0397,true,1,23002
50000574438,false,"""פריסקיז פארטי מיקס מעדני ים קראנץ 60 גרם",נסטלה פורינה פטקר ארצות,,פריסקיז פארטי מיקס מ,גרמים,59.00,100 גרם,false,,11.50,0.1949,true,1,120591
50000578238,false,"""פריסקיז פארטי מיקס קרייזי צ'יז 60 גרם",נסטלה פורינה פטקר ארצות,,פריסקיז פארטי מיקס ק,גרמים,59.00,100 גרם,false,,11.50,0.1949,true,1,120592
50000578450,false,פריסקיז פנסי פיסט עוף ברוטב 85 גרם,נסטלה פורינה USA סט,,פנסי פיסט עוף ברוטב,גרמים,85.00,100 גרם,false,,6.00,0.0706,true,1,63626
51500255377,false,"חמאת בוטנים לל""ג JIF ושברי בוטנים 454ג'",ג'יי.אם.סמאקר,,חמאת בוטנים עם שברי,גרמים,454.00,100 גרם,false,,18.90,0.0416,true,1,65876
52100002460,false,תערובת תיבול לעוף ודג 77 גר,מקרומיק,,תערובת תיבול לעוף וד,גרמים,77.00,100 גרם,false,,18.90,0.2455,true,1,74931
52100002699,false,פלפל לבן טחון מקורמי,מקורמיק,,פלפל לבן טחון,גרמים,28.00,100 גרם,false,,18.90,0.6750,true,1,81232
52100004266,false,עלי טימין מקורמיק 10,מקורמיק,,טימין,גרמים,10.00,100 גרם,false,,16.90,1.6900,true,1,74934
52100004389,false,קנמון טחון מקורמיק 6,מקורמיק,,קינמון טחון,גרמים,67.00,100 גרם,false,,21.90,0.3269,true,1,77364
52100004426,false,מקלות קינמון מקורמיק,,,מקלות קינמון,גרמים,21.00,100 גרם,false,,25.90,1.2333,true,1,74936
52100004440,false,קינמון סוכר מקורמיק,מקורמיק,,תערובת סוכר קינמון,גרמים,102.00,100 גרם,false,,16.90,0.1657,true,1,74937
52100004488,false,פפריקה מקורמיק 60 גרם,מקרומיק,,פפריקה,גרמים,60.00,100 גרם,false,,21.00,0.3500,true,1,74938
52100005966,false,גבישי שום מקורמיק 85 גרם,מקרומיק,,גבישי שום,גרמים,85.00,100 גרם,false,,25.90,0.3047,true,1,74939
52100006260,false,אבקת שום מקורמיק 88 גרם,מקרומיק,,אבקת שום,גרמים,88.00,100 גרם,false,,25.90,0.2943,true,1,74940
52100006468,false,אבקת בצל מקורמיק 56.,,,גבישי בצל,גרמים,56.00,100 גרם,false,,16.90,0.3018,true,1,74941
52100006765,false,תבלין פלפל אדום 42 גר,מקורמיק,,תבלין פלפל אדום,גרמים,42.00,100 גרם,false,,16.90,0.4024,true,1,74943
52100006987,false,עלי דפנה מקורמיק 3.4,מקורמיק,,עלי דפנה,גרמים,3.00,100 גרם,false,,16.90,5.6333,true,1,74944
52100029924,false,פלפל שחור טחון מקורמ,מקורמיק,,פלפל שחור טחון,גרמים,42.00,100 גרם,false,,18.90,0.4500,true,1,81234
52100030043,false,פלפל שחור טחון גס 42 גרם,מקורמיק אנ גו,,פלפל שחור טחון גס,גרמים,42.00,100 גרם,false,,18.90,0.4500,true,1,74946
52100030234,false,פלפל שחור שלם מקורמי,מקרומיק,,פלפל שחור שלם,גרמים,53.00,100 גרם,false,,25.90,0.4887,true,1,74947
52100036670,false,מלח הימליה ורוד במטחנה 70 גר,מקורמיק,,מלח הימליה ורוד במטח,גרמים,70.00,100 גרם,false,,16.90,0.2414,true,1,77366
52100040806,false,תערובת שום בצל פלפל שחור ומלח ים 120 גר,מקורמיק,,תערובת תיבול שום בצל,גרמים,120.00,100 גרם,false,,25.90,0.2158,true,1,77362
52100041155,false,תערובת מלח הימליה ורוד פלפל ושום 184 גר,מקורמיק,,תערובת תיבול מלח הימ,גרמים,184.00,100 גרם,false,,25.90,0.1408,true,1,77363
52100070643,false,תמצית בטעם שקדים מקורמיק 29 גרם,מקורמיק,,תמצית בטעם שקדים,גרמים,29.00,100 גרם,false,,10.90,0.3759,true,1,74948
52100070827,false,תמצית בטעם רום מקורמיק 29 גרם,מקרומיק תבלינים,,תמצית בטעם רום,יחידה,29.00,יחידה,false,,10.90,0.3759,false,1,8526
52100070865,false,"תמצית וניל טהור מקורמיק 29 מ""ל",מקורמיק האנט ואלי,,תמצית וניל טהורה,גרמים,28.00,100 גרם,false,,29.90,1.0679,false,1,8527
52100070995,false,תמצית בטעם וניל מקורמיק 59 גרם,מקורמיק,,תמצית טעם וניל,גרמים,59.00,100 גרם,false,,10.90,0.1847,true,1,74949
52100071121,false,עלי בזיליקום מיובשים 24 גר,,,עלי בזיליקום מיובשים,גרמים,35.00,100 גרם,false,,25.90,0.7400,true,1,74950
52100071138,false,תבלין אורגנו (אורגנו,מקרומיק תבלינים,,תבלין אורגנו (אורגנו,גרמים,38.00,100 גרם,false,,18.90,0.4974,false,1,8528
52100136387,false,פלפל ושום במטחנה 34 גרם,מקרומיק תבלינים,,פלפל שום במטחנה,גרמים,34.00,100 גרם,false,,18.90,0.5559,false,1,8529
52100634586,false,תערובת תיבול שום ומלח ים במטחנה 44 גר,מקרומיק תבלינים,,מלח שום במטחנה,גרמים,44.00,100 גרם,false,,18.90,0.4295,false,1,8531
52100746043,false,תערובת תיבול פלפלים במטחנה,מקורמיק האנט ואלי,,מקורמיק-פלפלים שלמים,גרמים,24.00,100 גרם,false,,16.90,0.7042,false,1,8536
55369901703,false,"רסק אפל סנקס תפו""ע תות שדה לל""ס מארז 113X4ג'",ליייהי אורצ'רדס,,רסק אפלסנקס תפוח עץ,גרמים,452.00,100 גרם,false,,13.90,0.0308,true,1,11682
55369902342,false,אפלסנקס צנצנת רסק תפוחי עץ ממותק בסגנון ביתי 680 גרם עברית,לייהי אורצ'רדס,,רסק תפוח עץ בצנצנת 7,גרמים,709.00,100 גרם,false,,13.90,0.0196,true,1,11683
55369902557,false,אפלסנקס רביעיות רסק תפוחי עץ ממותק בסגנון ביתי עברית,ליייהי אורצ'רדס,,מחית תפוחי עץ בסגנון,גרמים,452.00,100 גרם,false,,13.90,0.0308,true,1,11685
55369902564,false,אפלסנקס רביעיות רסק תפוחי עץ ללא תוספת סוכר עברית,ליייהי אורצ'רדס,,"רסק תפו""ע אפלסנקס לל",גרמים,452.00,100 גרם,false,,13.90,0.0308,true,1,11686
55369903295,false,אפלסנקס צנצנת  רסק תפוחי עץ ללא תוספת סוכר 652 גרם עברית,לייהי אורצ'רדס,,"מחית תפו""ע לא ממותק",גרמים,652.00,100 גרם,false,,13.90,0.0213,true,1,60845
55500012046,false,כלורוקס קלין אפ מרסס נוזל לניקוי רב תכלי,כלורוקס אוקלנד,,מרסס קלין אפ 946,מיליליטרים,946.00,"100 מ""ל",false,,25.90,0.0274,true,1,13600
58449450030,false,דייסת מייפל ואגוזי לוז 400 גרם,נייטשר פאת'\,,דייסת שיבולת שועל אג,גרמים,400.00,100 גרם,false,,26.90,0.0672,true,1,71219
58449450047,false,דייסת שיבולת שועל תפוח קינמון 400 גרם,נייצר וואלי,,דייסת שיבולת שועל תפ,גרמים,400.00,100 גרם,false,,26.90,0.0672,true,1,71317
58449860013,false,דגני אמאזון 325גר ללא גלוטן,נאטשר פאת פוד,,דגני אמאזון 400 גרם,גרמים,400.00,100 גרם,false,,23.90,0.0597,true,1,22143
58449860020,false,"גורחלה מאנצ' דגני בוקר natures path לל""ג 284 גרם",נאטשר פאת פוד,,גורילה מאנצ' קור,גרמים,284.00,100 גרם,false,,23.90,0.0842,true,1,22144
58449860037,false,"קואלה קריספי דגני בוקר natures path לל""ג 325 גרם",נאטשר פאת פוד,,קואלה קריספ פיצפ,גרמים,326.00,100 גרם,false,,23.90,0.0733,true,1,21220
58449860075,false,כדורי למור בטעם חמאת בוטנים ושוקולד ללא גלוטן,נאטשר פאת פוד,,כדורי למור אורגניים,גרמים,284.00,100 גרם,false,,23.90,0.0842,true,1,30532
62558202381,false,"ארגני טהור 236 מ""ל {12 כשר} b סירופ מייפל",דיקסר קוויבק,,סירופ מייפל אמיתי או,מיליליטרים,236.00,"100 מ""ל",false,,27.90,0.1182,true,1,72437
63435711033,false,רויאל טישו 3 שכבות 88 אולטרא,מגסטה,,רויאל טישו 3 שכבות,יחידה,0.00,יחידה,false,,7.90,0.0000,true,1,88828
64144090013,false,פאם תרסיס על בסיס שמן קנולה בטעם חמאה,קונאגרה פודס,,שמן פאם חמאה,יחידה,0.00,יחידה,false,,18.00,0.0000,false,1,21714
64144090020,false,"ספריי שמן PAM בטעם שמן זית 141 מ""ל",קונאגרה פודס,,שמן פאם שמן זית,יחידה,0.00,יחידה,false,,18.00,0.0000,false,1,21715
64144090051,false,"ספריי שמן PAM קנולה אורגינל 148 מ""ל",קונאגרה פודס,,שמן פאם קנולה 148 גר,גרמים,148.00,100 גרם,false,,18.00,0.1216,false,1,34288
70177077563,false,תה ארל גריי 25 שקיות טוינינגס 50 גר,אר. טווינינגס אנד קומפני,,טוינינג- ארל גריי,גרמים,50.00,100 גרם,false,,16.90,0.3380,true,1,59855
70177077693,false,תה אנגליש ברקפסט 25 שקיות טוינינגס 50 גר,אר. טווינינגס אנד קומפני,,טוינינג- אינגליש ברק,גרמים,50.00,100 גרם,false,,16.90,0.3380,true,1,59858
70177078775,false,תה ליידי גריי טוויני,טווינינגס Twinings,,טוינינג- ליידי גריי,גרמים,50.00,100 גרם,false,,16.90,0.3380,true,1,59859
70177086664,false,תה ירוק טהור 25 שק TWININGS,אר. טווינינגס אנד קומפני,,תה ירוק טהור 25 שק',גרמים,50.00,100 גרם,false,,18.90,0.3780,true,1,29656
70177173159,false,תה ירוק עם לימון 25 שק TWININGS,אר. טווינינגס אנד קו,,תה טויני ירוק לימון,גרמים,50.00,100 גרם,false,,18.90,0.3780,true,1,63508
70177175221,false,תה ירוק עם גינגר 25 שק. טוינינגס,טוינינג,,תה ירוק ג'ינג'ר,גרמים,40.00,100 גרם,false,,18.90,0.4725,true,1,74746
70177273330,false,חליטת ורבנה 37.5 גרם טווינינג,טווינינג,,חליטת ורבנה טווינינג,גרמים,37.50,100 גרם,false,,15.90,0.4240,true,1,89572
70221011116,false,טובלרון - שוקולד חלב 100 גרם,טובלרון Toblerone,,טובלרון חלב,גרמים,100.00,100 גרם,false,,8.90,0.0890,true,1,3231
70970471254,false,מייק לייק - סוכריות ג'לי בינס קרטונית פירות ירוק 141 גרם,ג'\אסט בורן,,מייק לייק-סוכריות ג',גרמים,141.00,100 גרם,false,,9.90,0.0702,true,1,34185
70970471278,false,מייק לייק - סוכריות ג'לי בינס קרטונית פירות יער כחול 141 גרם,גאסט בורן,,מייק לייק סוכריות ג',גרמים,141.00,100 גרם,false,,9.90,0.0702,true,1,30857
70970471285,false,מייק אנד אייק רד רייג'רס 141 גר',גאסט בורן,,מייק לייק אדום 170ג',גרמים,170.00,100 גרם,false,,9.90,0.0582,true,1,34497
70970471308,false,"סוכריות מייק אייק רד רייג'רס, 141 ג'",גאסט בורן,,מייק לייק סגול 170ג',גרמים,170.00,100 גרם,false,,9.90,0.0582,true,1,62747
70970473609,false,סוכריות ג'לי מייק&נייק מגה מיקס חמוץ 141 גר',ג'\אסט בורן,,סוכריות ג'ל בטעם פיר,גרמים,141.00,100 גרם,false,,9.90,0.0702,true,1,85074
71570001667,false,גלי בלי סוכריות 20 טעמים 70 גרם,ג'לי בלי קינדי,,סוכריות גלי ביילי 20,גרמים,70.00,100 גרם,false,,11.90,0.1700,true,1,79040
71570004293,false,גלי בלי סוכריות פניניות 70 גרם,ג'לי בלי קנדי,,סוכריות גלי ביילי פנ,גרמים,70.00,100 גרם,false,,11.90,0.1700,true,1,79041
72600005846,false,הר טורטיה דיפר מתירס לבן 383 גרם,הר פודס,,הרס-טורטייה מתירס לב,גרמים,386.00,100 גרם,false,,24.90,0.0645,true,1,32989
72600009257,false,הר טורטיה צ'יפס מתירס לבן 255 גרם,הר פודס,,הרס- טורטייה צ'יפס ת,גרמים,225.00,100 גרם,false,,19.90,0.0884,true,1,32990
72600062290,false,הר חטיף גבינה חלפניו חריף 198 גרם,הר פודס,,הרס- חטיפי תירס גבינ,גרמים,198.50,100 גרם,false,,22.90,0.1154,true,1,66812
72600062306,false,חטיף הר פודס בטעם גבינה 198 גרם,הר פודס,,הרס-חטיפי במבה גבינה,גרמים,198.00,100 גרם,false,,22.90,0.1157,true,1,31057
74261110334,false,רוטב סויה תמרי 1 ליטר,מנדרין סוי סוס,,רוטב סויה תמרי 1 ל',ליטרים,1.00,ליטר,false,,32.90,32.9000,true,1,12690
74261130103,false,רוטב טריאקי תמרי כתו,מנדרין סוי סוס,,רוטב טארייקי,גרמים,355.00,100 גרם,false,,16.90,0.0476,true,1,12691
74261130165,false,רוטב טריאקי תמרי כת,מנדרין סוי סוס,,רוטב טריאקי תמרי,מיליליטרים,500.00,"100 מ""ל",false,,24.90,0.0498,true,1,18860
74261140201,false,"רוטב סויה 500 מ""ל תמרי",מנדרין סוי סוס,,רוטב סויה תמרי,יחידה,500.00,יחידה,false,,22.90,0.0458,true,1,12692
74261150101,false,רוטב סויה תמרי 296 מ,מנדרין סוי סוס,,רוטב סויה תמרי,גרמים,355.00,100 גרם,false,,13.90,0.0392,true,1,12693
74261201339,false,רוטב סויה תמרי דל נת,מנדרין סוי סוס,,רוטב סויה דל נתר,ליטרים,1.00,ליטר,false,,29.90,29.9000,true,1,12695
74261202008,false,תמרי רוטב סויה דל נת,מנדרין סוי סוס,,תמרי רוטב סויה דל נת,מיליליטרים,296.00,"100 מ""ל",false,,16.90,0.0571,true,1,77328
74410470050,false,אצות קומבו 57 גרם רונגצאנג,Qingdao Sun-growing,,אצות קומבו מיובשות,גרמים,57.00,100 גרם,false,,11.90,0.2088,true,1,69383
75039007979,false,מריה רוטב פסטה עם בזיליקום 680 גרם,"מאכלי עולם ר.ז. בע""מ",,רוטב פסטה מריה בזילי,גרמים,680.00,100 גרם,false,,14.90,0.0219,true,1,74994
75039008013,false,רוטב פסטה ספגטי איטלקי מריה 680 גר',ג'יאובני פוד,,רוטב פסטה מריה רגיל,גרמים,680.00,100 גרם,false,,14.90,0.0219,true,1,74997
75810021354,false,"רוטב סויה סאן גיי תמרי 592 מ""ל ללא גלוטן",סאן-ג'י,,תמרי רוטב סויה,מיליליטרים,592.00,"100 מ""ל",false,,37.90,0.0640,true,1,65485
76840001767,false,"גלידה בן &ג'ריס וניל עוגיות חמאת בוטנים 500 מ""ל",מוצרי איכות אמריקאיים בע,,גלידת בן אנד ג'רי,גרמים,423.00,100 גרם,false,,18.90,0.0447,true,1,85321
76840001774,false,"גלידה עוגיות חלב עם חתיכות פאדג בן וג'ירי 500 מ""ל",מוצרי איכות אמריקאיים בע,,גלידת שוקולד צ'יפס,גרמים,442.00,100 גרם,false,,18.90,0.0428,false,1,85170
76840002542,false,"גלידת בן & ג'ריס פיינט נטפליקס וצ'ילד 500מ""ל",מוצרי איכות אמריקאיים בע,,גלידת בן אנד ג'רי,גרמים,424.00,100 גרם,false,,18.90,0.0446,true,1,84145
76840100156,false,"בן אנד גריס גלידת צרי גרסיה 500 מ""ל",מוצרי איכות אמריקאיים בע,,גלידה בן וג'רי,גרמים,420.00,100 גרם,false,,18.90,0.0450,true,1,34349
76840100583,false,"גלידת וניל עם בצק עוגיות בן וג'ירי 473 מ""ל",מוצרי איכות אמריקאיים בע,,בן אנד ג'ריס בצק עוג,גרמים,473.00,100 גרם,false,,18.90,0.0400,false,1,9801
76840400218,false,"גלידה בן&ג'ריס תות שדה ועוגת גבינה 500מ""ל",מוצרי איכות אמריקאיים בע,,בן אנד ג'ריס גלידת ת,מיליליטרים,500.00,"100 מ""ל",false,,18.90,0.0378,true,1,29240
77245110610,false,סוכריות מאסט ללא סוכר בטעם מנטה 80 ג'עלית,MIESZKO S.A - MS. JO,,סוכריות מאסט מנט,גרמים,80.00,100 גרם,false,,8.50,0.1063,false,1,12233
77975010167,false,סניידרס חטיף מקלוני חיטה בתוספת דבש 340.2 גרם,סניידרס אוף האנובר,,סניידרס חטיף מקלוני,גרמים,340.00,100 גרם,false,,15.90,0.0468,true,1,71251
77975036976,false,מטבל עגבניות בחריפות עדינה סניידרס 439 ג',סניידרס אוף האנובר,,מטבל סלסה בחריפות עד,גרמים,439.00,100 גרם,false,,16.50,0.0376,true,1,63291
77975091975,false,סניידרס סנדוויץ' בייגלה במילוי קרם בטעם פיצה 226 גר',סניידרס,,סניידרס סנדוויץ בייג,גרמים,226.80,100 גרם,false,,15.90,0.0701,true,1,80149
77975094624,false,"סניידרס סנדוויץ בייגלה במילוי חמאת בוטנים , 226 ג'",סניידרס Snyder's,,סניידרס חמאת בוטנים,גרמים,280.00,100 גרם,false,,15.90,0.0568,true,1,85361
77975094631,false,סניידרס סנדוויץ' בייגלה במילוי קרם בטעם צ'דר 226 גרם,סניידרס לאנס,,סניידרס צ'דר סנדוויץ,גרמים,226.00,100 גרם,false,,15.90,0.0704,true,1,85301
77975094761,false,סניידרס חטיפים על בסיס קמח חיטה בטעם גבינת צ'דר,סניידרס אוף האנובר,,סניידרס צ'דר 340 גר',גרמים,340.00,100 גרם,false,,15.90,0.0468,true,1,88605
77975094778,false,שברי בייגלה סניידרס בטעם דבש חרדל 340 גר,סניידרס אוף האנובר,,סניידרס דבש וחרדל 34,גרמים,340.00,100 גרם,false,,15.90,0.0468,true,1,89252
77975095157,false,סניידרס שברי בייגלה בטעם חלפיניו 318 גרם,סניידרס Snyder's,,סניידרס שברי בייגלה,גרמים,318.00,100 גרם,false,,15.90,0.0500,true,1,120886
78300081098,false,פלייטקס ספורט עם מוליך רגולר 18 יח,פלייטקס מניפאקטורינג בעמ,,פלייטקס טמפונים,יחידה,0.00,יחידה,false,,25.00,0.0000,true,1,87518
78300081357,false,פלייטקס ספורט עם מוליך סופר פלוס 18 יח,פלייטקס,,פלייטקס טמפונים ספור,יחידה,0.00,יחידה,false,,25.00,0.0000,true,1,87974
78300098379,false,פלייטקס טמפונים רגולר סימפלי גנטל גלייד 20י,פלייטקס מניפאקטורינג בעמ,,פלייטקס רגולר סימפלי,יחידה,0.00,יחידה,false,,25.00,0.0000,true,1,77500
78300098393,false,פלייטקס טמפונים סופר פלוס סימפלי גנטל גלייד,פלייטקס מניפאקטורינג בעמ,,פלייטקס טמפונים סופר,יחידה,0.00,יחידה,false,,25.00,0.0000,true,1,76645
80480015305,false,בקרדי לבן 1 ליטר,,,בקרדי לבן 1 ליטר,ליטרים,1.00,ליטר,false,,110.00,110.0000,true,1,121275
80518439660,false,פרסים רמה 6,,,פרסים רמה 6,יחידה,0.00,יחידה,false,,15.70,0.0000,true,1,13712
84213017420,false,מסטמכר מיסלי אורגני עם אגוזים וצימוקים 500 גרם,מרום את קונפינו,,מוזלי אגוזים וצימוקי,גרמים,500.00,100 גרם,false,,18.90,0.0378,true,1,10742
84213017499,false,מסטמכר מיסלי אורגני עם פירות יער 500 גרם,מרום את קונפינו,,מיסלי פירות יער,גרמים,500.00,100 גרם,false,,18.90,0.0378,true,1,10559
85696607207,false,טופו מורינו במרקם רך {סגול}340 גרם כשר,פסיפיק נוטרישונל פוד,,טופו במרקם רך מרינו,גרמים,340.00,100 גרם,false,,11.90,0.0350,true,1,33482
85696608044,false,טופו ללא גלוטן 349ג' (כ) Morinaga,Morinaga nutritional,,טופו מוצק ללא גלוטן,גרמים,349.00,100 גרם,false,,11.90,0.0341,true,1,57940
87666052819,false,"רוטב סריראצ'ה סופר חריף 455 מ""ל",EXOTIC FOOD PCL,,רוטב סריראצ'ה סופר ח,מיליליטרים,455.00,"100 מ""ל",false,,22.90,0.0503,true,1,75033
87666052888,false,"רוטב סריראצ`ה עם למון גראס 455 מ""ל",EXOTIC FOOD PCL,,רוטב סריראצ'ה עם לימ,מיליליטרים,455.00,"100 מ""ל",false,,22.90,0.0503,true,1,75035
87752003435,false,יין ברטנורא פינו גרי,ברטנורא,,ברטנורא פינו גריזו,מיליליטרים,750.00,"100 מ""ל",false,,55.00,0.0733,true,1,78004
87752003794,false,יין הרצוג זנפנדל אדו,,,יין הרצוג זנפנדל אדו,מיליליטרים,750.00,"100 מ""ל",false,,55.00,0.0733,true,1,90679
87752005644,false,"יין מוסקטו ברטנורה 750 מ""ל",מיסזקו אס.איי,,ברטנורא מוסקטו,מיליליטרים,750.00,"100 מ""ל",false,,55.00,0.0733,true,1,72316
87752011218,false,פסגות קברנה סוביניון,פסגות,,פסגות קברנה סוביניון,מיליליטרים,750.00,"100 מ""ל",false,,80.00,0.1067,true,1,118645
87752011508,false,יין פסגות מרלו 750 מ,פסגות,,יין פסגות מרלו,מיליליטרים,750.00,"100 מ""ל",false,,80.00,0.1067,true,1,119835
87752013694,false,יין שילה שור מרלו 75,,,שור מרלו יקב שילה,מיליליטרים,750.00,"100 מ""ל",false,,75.00,0.1000,true,1,77350
87752013854,false,יין ברטנורא ספרקלינג,ברטנורא,,ברטנורא מוסקטו ספרקל,מיליליטרים,750.00,"100 מ""ל",false,,69.90,0.0932,true,1,72843
87752014271,false,"יין רוסו טוסקנו אדום ברטנורה 750 מ""ל",מיסזקו אס.איי,,ברטנורא רוסו,מיליליטרים,750.00,"100 מ""ל",false,,45.00,0.0600,true,1,75929
87752019207,false,יין פסגות סיני אדום,פסגות,,יין סיני יקב פסגות 2,מיליליטרים,750.00,"100 מ""ל",false,,65.00,0.0867,true,1,119084
89041081056,false,שמן סויה בתיבול צילי,Flavor full foods in,,שמן צ'ילי חריף,יחידה,185.00,יחידה,false,,14.90,0.0805,true,1,10744
89397344300,false,דיניקולה רוטב פסטה עגבניות ובזיל 737 גרם,ג'יאובני פוד אינק,,רוטב פסטה עם עגבניות,גרמים,737.00,100 גרם,false,,16.90,0.0229,true,1,11693
89397344348,false,דיניקולה רוטב פסטה עם שום קלוי 737 גרם,ג'יאובני פוד אינק,,רוטב פסטה עם שום צלו,גרמים,737.00,100 גרם,false,,16.90,0.0229,true,1,11696
89397344362,false,רוטב דיניקולה פסטה בטעם מרינדה 737 גרם,ג'יאובני פוד אינק,,רוטב פסטה מרינרה קלא,יחידה,737.00,יחידה,false,,16.90,0.0229,true,1,11697
93133737325,false,רוטב טריאקי שומשום עברית 566 גרם,אקזוטיק סאוס,,רוטב טארייקי ושומשום,יחידה,566.00,יחידה,false,,39.90,0.0705,true,1,12715
195480030088,false,שוקולד צמקאו מריר אופנהיימר לאפייה ובישול 300ג',אופנהיימר,,צימקאו מריר 300 גר',גרמים,300.00,100 גרם,false,,8.50,0.0283,true,1,61301
305210416383,false,"ואזלין קרם גוף לגבר נספג במהירות 600 מ""ל","יוניליוור, ג'פרסון סיטי,",,וזלין קרם גוף לגבר 6,מיליליטרים,600.00,"100 מ""ל",false,,27.90,0.0465,true,1,71100
305213079004,false,"תחליב גוף להזנה עמוקה צהוב וזלין 600 מ""ל","יוניליוור, ג'פרסון סיטי,",,וזלין תחליב גוף צהוב,מיליליטרים,600.00,"100 מ""ל",false,,27.90,0.0465,true,1,70797
413900010558,false,"רוטב סויה קיקומן מופחת נתרן 296 מ""ל",קיקומן פודז אינק,,רוטב סויה קיקומן 296,מיליליטרים,296.00,"100 מ""ל",false,,13.90,0.0470,true,1,10561
608614310463,false,אוכמניות יחידה,אראל תוצרת חקלאית בע,,אוכמניות טריות,גרמים,125.00,100 גרם,false,,9.90,0.0792,true,1,121615
608614310777,false,דומדמניות אדומות 125,,,דומדמניות אדומות 125,גרמים,125.00,100 גרם,false,,19.90,0.1592,true,1,122007
608614325702,false,תמר מג'הול עסיסי - ת,,,תמר מג'הול עסיסי - ת,גרמים,400.00,100 גרם,false,,29.90,0.0747,true,1,75545
611745285685,false,אבוקדו בשל מארז 2יחידות,"מור בריאות בע""מ",,אבוקדו זוגות,גרמים,500.00,100 גרם,false,,11.90,0.0238,true,1,70326
611745288709,false,לחם שיפון כוסמין מלא,,,לחם שיפון כוסמין מלא,גרמים,730.00,100 גרם,false,,21.90,0.0300,true,1,89870
611745288716,false,לחם כוסמת ירוקה וטף,,,לחם כוסמת ירוקה וטף,גרמים,760.00,100 גרם,false,,26.90,0.0354,true,1,89871
611745288723,false,לחם מונבט מלא,,,לחם מונבט מלא,גרמים,720.00,100 גרם,false,,26.90,0.0374,true,1,89872
611745288730,false,לחם חיטה מלאה עם גרע,,,לחם חיטה מלאה עם גרע,גרמים,680.00,100 גרם,false,,21.90,0.0322,true,1,89864
611745288754,false,לחם כפרי אגוזים וסיל,,,לחם כפרי אגוזים וסיל,גרמים,680.00,100 גרם,false,,28.90,0.0425,true,1,89865
611745288761,false,לחם כוסמין מלא,,,לחם כוסמין מלא,גרמים,730.00,100 גרם,false,,26.90,0.0368,true,1,89866
611745288778,false,לחם כפרי מעודן,,,לחם כפרי מעודן,גרמים,620.00,100 גרם,false,,21.90,0.0353,true,1,89874
611745288785,false,חלת כוסמין,,,חלת כוסמין,גרמים,570.00,100 גרם,false,,26.90,0.0472,true,1,89875
611745288792,false,לחם כפרי זיתים,,,לחם כפרי זיתים,גרמים,660.00,100 גרם,false,,21.90,0.0332,true,1,89867
611745294014,false,חומץ תפוחים אורגני 1 ליטר,,,חומץ תפוחים 5%,ליטרים,1.00,ליטר,false,,24.90,24.9000,true,1,71464
613008742348,false,בקבוק אריזונה ג'נסינג ודבש 1 ליטר,"נטורלה גטרנק בע""\מn\",,אריזונה ג'נסינג ודבש,ליטרים,1.00,ליטר,false,,11.00,11.0000,true,1,84925
613008753290,false,"בקבוק אריזונה אפרסק 450 מ""ל",אריזונה Arizona,,"אריזונה אפרסק 450 מ""",מיליליטרים,450.00,"100 מ""ל",false,,7.50,0.0167,true,1,78292
613008753320,false,"אריזונה ג'ינסנג ודבש בקבוק 450 מ""ל.",לני אנד לארי,,אריזונה ג'ינסנג ודבש,מיליליטרים,450.00,"100 מ""ל",false,,7.50,0.0167,true,1,78296
613008753351,false,"בקבוק אריזונה רימונים 450 מ""ל",לני אנד לארי,,אריזונה רימונים 450,מיליליטרים,450.00,"100 מ""ל",false,,7.50,0.0167,true,1,78293
621683920753,false,פסטה מאורז,,,פסטה מאורז,גרמים,454.00,100 גרם,false,,21.90,0.0482,true,1,19908
621683921255,false,טינקיאדה ספירל פסטה ארוז ללא גלוטן 454,,,פסטה אורז חום,גרמים,454.00,100 גרם,false,,21.90,0.0482,true,1,11703
628154383659,false,דגני בוקר פרוטי פבלס פוסט 311 גרם,פוסט ארצות הברית,,דגני פרוטי פבלס,גרמים,311.00,100 גרם,false,,21.90,0.0704,true,1,119988
639138513238,false,פילה הרינג מעושן צ'צ'יק 190 גרם,רוג'ין פיש,,פילה הרינג מעושן בשמ,גרמים,190.00,100 גרם,false,,13.00,0.0684,true,1,11704
639138527624,false,פילה דג הרינג ברוטב פפריקה 200 ג' (16),,,פילה דג הרינג בפפריק,גרמים,200.00,100 גרם,false,,13.00,0.0650,true,1,11706
644209405923,false,דנקן היינס ציפוי מוקצף וניל 397 גרם פרווה,רוזקםבייקינג קומפני,,קרם וניל מוקצף לציפו,גרמים,397.00,100 גרם,false,,19.90,0.0501,true,1,63367
644209405930,false,דנקן היינס ציפוי מוקצף שוקולד 397 גרם פרווה,רוזקםבייקינג קומפני,,דנקן קרם ציפוי מוקצף,גרמים,397.00,100 גרם,false,,19.90,0.0501,true,1,77763
645692555645,false,עוגיות סהרון 175 גרם פפושדו,"אחים פפושדו ובניהם בע""\מ",,עוגיות סהרון פפושדו,גרמים,200.00,100 גרם,false,,5.90,0.0295,true,1,13353
645692556611,false,קרקר שומשום 110 גרם פפושדו,פפשדו,,קרקר אמיתי שומשום 13,גרמים,135.00,100 גרם,false,,3.00,0.0222,false,1,25823
645692556628,false,פפושדו קרקר עם מלח ים 135 גרם,פפשדו,,קרקר אמיתי מלוח 135,גרמים,135.00,100 גרם,false,,3.00,0.0222,false,1,25824
649660013281,false,"היל ויו מיצוי מיץ שזיפים מיובשים 946 מ""ל",היל ויו,,מיץ שזיפים ללא תוספת,מיליליטרים,946.00,"100 מ""ל",false,,21.00,0.0222,true,1,64369
649660432020,false,היל וויו שזיפים מיובשים מגולענים 567 גרם,היליו פאקינג קוסמי א,,שזיפים מיובשים 567 ג,גרמים,567.00,100 גרם,false,,26.90,0.0474,true,1,64370
651080647519,false,קיסמים עם חוט דנטלי פלאקרס מנטה 35 יחידות,"פלקרס רנור ארה""ב",,פלאקרס חוט דנטלי,יחידה,0.00,יחידה,false,,11.90,0.0000,true,1,70096
660089001147,false,נוזל לפתיחת סתימות 1ל,סטרוכם,,פותח סתימות נוזלי מק,מיליליטרים,600.00,"100 מ""ל",false,,19.90,0.0332,true,1,65292
686412282984,false,נתחי טונה לבנה בשמן זית 220 גרם ORTIZ,אורטיז ORTIZ,,טונה לבנה בשמן זית 2,גרמים,220.00,100 גרם,false,,41.90,0.1905,true,1,84206
691535501010,false,חטיף חלבון עם שוקולד,,,חטיף חלבון עם שוקולד,גרמים,50.00,100 גרם,false,,9.90,0.1980,true,1,81350
691535505018,false,חטיף חלבון נוגו וניל,,,חטיף חלבון טעם וניל,גרמים,50.00,100 גרם,false,,9.90,0.1980,true,1,74050
691535506015,false,חטיף חלבונים טעם קפה,,,חטיף חלבונים טעם קפה,גרמים,50.00,100 גרם,false,,9.90,0.1980,true,1,76252
691535507012,false,חטיף חלבון נוגו בננה,,,חטיף שוקולד בננה 50,גרמים,50.00,100 גרם,false,,9.90,0.1980,true,1,76253
691535513013,false,חטיף חלבון נוגו ללא סוכר חמאת בוטנים,,,חטיף חלבון חמאת בוטנ,גרמים,50.00,100 גרם,false,,11.90,0.2380,true,1,74051
691535521018,false,חטיף חלבון נוגו שוקוציפ,,,חטיף חלבון שוקולד צי,גרמים,50.00,100 גרם,false,,11.90,0.2380,true,1,74341
691535523012,false,חטיף חלבונים בטעם מו,,,חטיף חלבונים בטעם מו,גרמים,50.00,100 גרם,false,,11.90,0.2380,true,1,80115
691535525016,false,חטיף חלבון שוקולד מנ,,,חטיף חלבון שוקולד מנ,גרמים,50.00,100 גרם,false,,11.90,0.2380,true,1,117684
691535528017,false,חטיף חלבון נוגו קוקו,,,חטיף חלבון קוקוס,גרמים,50.00,100 גרם,false,,11.90,0.2380,true,1,74344
691535529014,false,חטיף חלבון שוקולד בי,,,חטיף חלבון שוקולד בי,גרמים,50.00,100 גרם,false,,11.90,0.2380,true,1,78658
693493022286,false,לחם מחמצת כוסמין,,,לחם מחמצת כוסמין,גרמים,800.00,100 גרם,false,,23.90,0.0299,true,1,79222
693493065344,false,פלפל גמדי טינקרבל,Unknown,,פלפלון כפרי חן,יחידה,0.00,יחידה,false,,8.90,0.0000,true,1,82725
693493065351,false,מלפפון בייבי משק פר,Unknown,,מלפפון בייבי משק פר,יחידה,0.00,יחידה,false,,8.90,0.0000,true,1,81917
693493075466,false,עוגיות זיו נשנושיות,זיו,,עוגיות זיו נשנושיות,גרמים,220.00,100 גרם,false,,29.90,0.1359,true,1,121097
693493075725,false,עוגיות זיו שושנים 22,זיו,,עוגיות זיו שושנים,גרמים,270.00,100 גרם,false,,29.90,0.1107,true,1,121095
717273504875,false,מיונז ללא ביצים אמריקן גארדן,ווברס חברת חרדל,,מיונז ללא ביצים,גרמים,473.00,100 גרם,false,,19.90,0.0421,true,1,33118
728229123590,false,טרה אורגינל חטיף על בסיס ירקות שורש בטעם טבעי 110 גרם,הונדורס צ'יפס יצור א,,טרה חטיף ציפס מירקות,גרמים,110.00,100 גרם,false,,15.90,0.1445,true,1,11709
728229123613,false,טרה חטיף על בסיס תפוח אדמה כחול בטעם טבעי 110 גרם,היין סלסטיאל גרופ,,טרה חטיף ציפס מתפוח,גרמים,110.00,100 גרם,false,,15.90,0.1445,true,1,21646
728229123811,false,טרה חטיף על בסיס ירקות שורש בתיבול ים תיכוני 110 גרם,הונדורס צ'יפס יצור א,,טרה חטיף ציפס מירקות,גרמים,110.00,100 גרם,false,,15.90,0.1445,false,1,4345
728229124764,false,טרה חטיף על בסיס בטטה עם מלח ים 110 גרם,היין פיוצ'ור נטורל פ,,טרה צ'יפס בטטה עם מל,גרמים,110.00,100 גרם,false,,15.90,0.1445,true,1,75011
728229130444,false,"חטיף על בסיס ירקות שורש עם בטטה, תפו""א כחול וסלק",היין סלסטיאל גרופ,,טרה חטיף ציפס מירקות,גרמים,110.00,100 גרם,false,,15.90,0.1445,false,1,4346
761720051108,false,"קארו סירופ תירס בהיר 470 מ""ל",אי סי איץ,,סירופ קארו בהיר,יחידה,453.00,יחידה,false,,28.90,0.0638,true,1,22412
768404001640,false,"גלידה בן&ג'ריס קפה משפחתית 500מ""ל",מוצרי איכות אמריקאיים בע,,בן וג'ריס גלידת קפה,מיליליטרים,500.00,"100 מ""ל",false,,18.90,0.0378,true,1,9809
769904000607,false,שקדי מרק משובח 200 גרם כשלפ,גיי אפ פי ייצור מזון,,שקדי מרק,גרמים,200.00,100 גרם,false,,12.90,0.0645,true,1,28538
769904000997,false,שקדי מרק ללא גלוטן200גרם,משובח תעשיות מזון,,שקדי מרק ללא גלוטן 2,גרמים,200.00,100 גרם,false,,14.90,0.0745,true,1,74203
770009010484,false,מנגטים לאפייה אורגניים 60 יח,SOURCE ATLANTIQUE,,מנג'טים לאפייה,יחידה,0.00,יחידה,false,,11.50,0.0000,true,1,64498
770009250262,false,שקיות אוכל מנייר 100% טבעי,SOURCE ATLANTIQUE,,שקיות אוכל מנייר,יחידה,0.00,יחידה,false,,19.90,0.0000,true,1,32723
777915888299,false,"אקיטה רוטב סויה ללא גלוטן 450 מ""ל",אלימנטשן אקיטה,,אקיטה רוטב סויה,יחידה,290.00,יחידה,false,,16.90,0.0583,true,1,24054
783495543398,false,מכוניות,,,מכוניות,יחידה,0.00,יחידה,false,,10.00,0.0000,true,1,90502
783495543404,false,בובות,,,בובות,יחידה,0.00,יחידה,false,,15.00,0.0000,true,1,90503
783495543411,false,משחקי יצירה,,,משחקי יצירה,יחידה,0.00,יחידה,false,,30.00,0.0000,true,1,90504
786150000281,false,"שישייה בירה לף בראון בקבוק 330X6 מ""ל","אינבב, ברוורייפליין",,שישיית בירה לף בראון,ליטרים,1.98,ליטר,false,,44.90,22.6768,false,1,119991
818570007066,false,"פיור וניל טהור 29 מ""ל ""ווטקינס""","ג'יי אר ווטקינס בע""מ",,ווטקינס תמצית וניל ט,גרמים,29.00,100 גרם,false,,27.90,0.9621,true,1,69314
833949000264,false,"סירופ מייפל אמיתי 100% אורגני 250 מ""ל",דיקסר קוויבק,,סירופ מייפל אמיתי,גרמים,330.00,100 גרם,false,,29.90,0.0906,true,1,11711
835811000167,false,נר נשמה בזכוכית לשבעה ימים,MULDER NATURAL FOODS,,נר נשמה שבועי בזכוכי,יחידה,0.00,יחידה,false,,10.90,0.0000,true,1,81487
835811000396,false,נייר אפיה לתבנית מוארכת - מארז 30 ניירות,יבוא ושיווק: הנמל אריזות,,נייר אפיה לתבנית מוא,יחידה,0.00,יחידה,false,,9.90,0.0000,true,1,82099
835811000501,false,סירופ מייפל טהור 100% 250 גר',פרסטייל מייפל,,סירופ מייפל טהור 25,מיליליטרים,250.00,"100 מ""ל",false,,24.90,0.0996,true,1,121869
835811000518,false,תמצית וניל טהור הנמל,,,תמצית וניל טהורה,מיליליטרים,29.00,"100 מ""ל",false,,26.90,0.9276,true,1,121870
835811000907,false,כוסות יין מעוטרות כס,,,כוסות יין מעוטרות 50,יחידה,0.00,יחידה,false,,9.90,0.0000,true,1,82815
835811001119,false,מיני עדשים 200 גרם בצנצנת לעוגה,,,מיני עדשים 200 גר בצ,גרמים,200.00,100 גרם,false,,12.90,0.0645,true,1,82942
835811001133,false,קוקוס הנמל 400 גרם כ,,,קוקוס 400 גר',גרמים,400.00,100 גרם,false,,11.90,0.0298,true,1,82101
835811001140,false,שומשום הנמל 400 גרם,הנמל אריזות.,,שומשום 400 גר,גרמים,400.00,100 גרם,false,,9.90,0.0248,true,1,82943
835811001157,false,צלחות גדול מדקל עגול 10 יח,,,צלחות גדול מדקל 10 י,יחידה,0.00,יחידה,false,,13.90,0.0000,true,1,84805
835811001164,false,צלחות קטן מדקל עגול 10 יח,,,צלחות קטן מדקל 10 יח,יחידה,0.00,יחידה,false,,10.90,0.0000,true,1,84806
835811001188,false,צלחות ענק מדקל עגול 10 יח,,,צלחות ענק מדקל 10 יח,יחידה,0.00,יחידה,false,,14.90,0.0000,true,1,84811
835811001645,false,כפיות מיני חד פעמי,מיקרון מקינה,,כפיות מיני 50 יח,יחידה,0.00,יחידה,false,,3.90,0.0000,true,1,61976
835811001652,false,כוס לשתיה קרה 330 סמק` 40 יח` )בירה(,ווינפאק סחר בעמ,,כוס לשתיה קרה 330 סמ,יחידה,0.00,יחידה,false,,9.50,0.0000,true,1,61390
835811001676,false,"תבנית אלומיניום גדולה 32*26 ס""מ - 9 יח'",הנמל,,מגש הכסף תבנית מלבן,יחידה,0.00,יחידה,false,,9.90,0.0000,true,1,86201
835811002277,false,"שיפודים עבים מבמבוק 35 ס""מ 50 יח",גרנג יוניברס,,שיפודי במבוק עבים,יחידה,0.00,יחידה,false,,5.50,0.0000,true,1,88630
835811003366,false,קערות מדקל מרובעות 1,,,קערות מדקל מרובעות 1,יחידה,0.00,יחידה,false,,10.90,0.0000,true,1,119374
835811003373,false,קעריות מדקל 10 יח',,,קעריות מדקל 10 יח',יחידה,0.00,יחידה,false,,8.50,0.0000,true,1,119375
835811003427,false,"צלחות גדול מקנה סוכר 1 ק""ג כ-67 יח`",,,צלחות גדול מקנה סוכר,יחידה,0.00,יחידה,false,,32.90,0.0000,true,1,119376
835811003441,false,תבניות פלסטיק מחולקות 3 תאים + מכסה 5 יח' הנמל,,,תבניות מחולקות 3 תאי,יחידה,0.00,יחידה,false,,8.50,0.0000,true,1,119357
835811003588,false,צלחות קלאסי גדול לבן 65 יח' הנמל,,,צלחות קלאסי גדול לבן,יחידה,0.00,יחידה,false,,32.90,0.0000,true,1,119362
835811003618,false,נרות ריחניים בריח תות 1 יח`,,,נרות ריחניים בריח תו,יחידה,0.00,יחידה,false,,7.90,0.0000,true,1,74834
835811003625,false,נרות צבעוניים 12 יח הנמל,,,נרות צבעוניים,יחידה,0.00,יחידה,false,,8.90,0.0000,true,1,75007
835811003670,false,סירופ בטעם שוקולד 60,O.S,,סירופ שוקולד 600 גר,גרמים,600.00,100 גרם,false,,11.50,0.0192,true,1,74237
835811003700,false,סודה לשתיה הנמל 250 גרם,"פוליבה בע""מ",,סודה לשתיה 250 גר',גרמים,250.00,100 גרם,false,,5.90,0.0236,true,1,83777
835811003816,false,"הנמל קופסת אחסון מרובעת מארז, 3 * 2 ליטר",נינגבו יונאן,,קופסת איחסון מלבן 2,יחידה,0.00,יחידה,false,,11.90,0.0000,true,1,74177
835811003823,false,"הנמל קופסת אחסון מרובעת מארז, 5 * 1 ליטר",נינגבו יונאן,,קופסת איחסון מלבן 1,יחידה,0.00,יחידה,false,,11.90,0.0000,true,1,73410
835811003847,false,"הנמל גביע אחסון עגול ומכסה מארז, 8 * 500 מ""ל",נינגבו יונאן,,גביעי איחסון עגול 50,יחידה,0.00,יחידה,false,,11.90,0.0000,true,1,73147
835811004059,false,צלחות מרובעות גדול מדקל 10 יח,,,צלחות מרובעות גדול מ,יחידה,0.00,יחידה,false,,13.90,0.0000,true,1,84809
835811004066,false,צלחות מרובעות קטנות מדקל 10 יח,,,צלחות מרובעות קטנות,יחידה,0.00,יחידה,false,,10.90,0.0000,true,1,84810
835811004073,false,צלחות מרובעות ענק מדקל 10 יח,,,צלחות מרובעות ענק מד,יחידה,0.00,יחידה,false,,14.90,0.0000,true,1,84814
835811004189,false,פרורי לחם מוזהבים בתוספת שומשום 800 גר',הנמל,,פרורי לחם מוזהבים 80,גרמים,800.00,100 גרם,false,,10.90,0.0136,true,1,83469
835811004417,false,ריבת חלב הנמל 340 גר,,,ריבת חלב 340 גר,גרמים,340.00,100 גרם,false,,11.90,0.0350,true,1,75887
835811004424,false,חלב מרוכז 340 גר פוליבה,פוליבה בעמ,,חלב מרוכז 340 גר,גרמים,340.00,100 גרם,false,,11.90,0.0350,true,1,82944
835811004431,false,מארז ממחטות טישו משי 100X5 יח`,,,מארז ממחטות טישו חמי,יחידה,0.00,יחידה,false,,7.90,0.0000,true,1,122112
835811004509,false,קערה פסים גדולה לסלט ענק 2500 מל` 1 יח`,הנג טונג,,קערת פסים ענק,יחידה,0.00,יחידה,false,,6.90,0.0000,true,1,75466
835811004516,false,"קערה פסים לסלט קטנה עגולה 950 מ""ל 1 יח`",הנג טונג,,קערת פסים עגולה קטנה,יחידה,0.00,יחידה,false,,4.40,0.0000,true,1,76224
835811004523,false,קשים מיוחדים לשייק הנמל 75 יחידות,,,קשים מיוחדים לשייק,יחידה,0.00,יחידה,false,,8.50,0.0000,true,1,82654
835811004707,false,פירורי לחם מוזהבים 440 ג' הנמל,ברמן שוקולד ועוגיות,,פרורי לחם מוזהב 440ג,יחידה,0.00,יחידה,false,,7.30,0.0000,true,1,10945
835811004813,false,"מגש מאורך מחולק שקוף 4 תאים 1 י""ח",הנג טונג,,מגש מאורך מחולק,יחידה,0.00,יחידה,false,,6.50,0.0000,true,1,16601
835811005018,false,כוס קריסטל יהלום הנמל 50 יחידות,הנמל,,כוסות קריסטל יהלום 5,יחידה,0.00,יחידה,false,,14.90,0.0000,true,1,16604
835811005193,false,מגש עגול שקוף 14 אינץ',הנג טונג,,מגש עגול פסים 14,יחידה,0.00,יחידה,false,,9.50,0.0000,true,1,21010
835811005247,false,קערות מהודרות משובחות ואיכותיות,הנג טונג,,רביעיית קערות 16 אונ,יחידה,0.00,יחידה,false,,9.50,0.0000,true,1,22115
835811005322,false,"פחם דרום אמריקאי הנמל 2 ק""ג",הנמל,,פחם דרום אמריקאי 2 ק,קילוגרמים,2.00,"ק""ג",false,,14.90,7.4500,true,1,20525
835811005339,false,זוג שקיות אוכל ארוז בקרטון הנמל,,,זוג שקיות אוכל ארוז,יחידה,0.00,יחידה,false,,8.50,0.0000,true,1,28414
835811005407,false,כוסות קפה לדרך עם מכסה ענק הנמל 12יח',"צח ייבוא ושיווק בע""מ",,כוסות חד פעמי +מכסה,יחידה,0.00,יחידה,false,,13.90,0.0000,true,1,19871
835811005421,false,"שיפודים עבים 25 ס""מ 75 יח` הנמל",שוורצקוף& הנקל דיסלד,,שיפודי במבוק עבים 75,יחידה,0.00,יחידה,false,,2.80,0.0000,true,1,16610
835811005704,false,נייר עטיפה לכריכים הנמל 100 יחידות,טופ פלסט 2002 בעמ,,נייר עטיפה לכריכים 1,יחידה,0.00,יחידה,false,,10.00,0.0000,true,1,16612
835811005728,false,עלים לקרמשניט הנמל 400 גרם,"רונית מאפים בע""מ",,עלים לקרם שניט,גרמים,400.00,100 גרם,false,,18.90,0.0472,true,1,25553
835811005803,false,שקיות אשפה עם ידיות 25 יח' X90-מרכז,תעשיות והשקעה אל רסא,,שקיות אשפה עם ידית 7,יחידה,0.00,יחידה,false,,13.90,0.0000,true,1,71271
835811005810,false,מגש הכסף תבנית מרובע קטן +מכסה 10 יח`,הנמל,,מגש הכסף תבנית אלומי,יחידה,0.00,יחידה,false,,9.90,0.0000,true,1,25554
835811005933,false,מגש הכסף תבנית אלומ` ענק 5 יח`,ווינפאק,,מגש הכסף תבנית אלומי,יחידה,0.00,יחידה,false,,9.90,0.0000,true,1,23964
835811005940,false,מגש הכסף תבנית אלומ` גדולה + מכסה 8 יח`,,,מגש הכסף-שמונה תבניו,יחידה,0.00,יחידה,false,,9.90,0.0000,true,1,23765
835811005964,false,"הנמל תבניות אלומיניום מוארכת מארז, 20 יח'",ווינפאק,,מגש הכסף תבנית אלומי,יחידה,0.00,יחידה,false,,9.90,0.0000,true,1,23966
835811005971,false,מפת שולחן אל בד עם רנר מודפס 2.70*1.20,,,מפת שולחן אל בד עם ר,יחידה,0.00,יחידה,false,,9.00,0.0000,true,1,22973
835811006053,false,הנמל קורנפלור 200 גר,ר.ס חברה ליבוא ויצור,,קורנפלור 200 גר,גרמים,200.00,100 גרם,false,,3.30,0.0165,true,1,60393
835811006183,false,כוס קינוח קריסטל 24 יח` 120 C,מיקרון מקינה,,כוס קינוח קריסטל,יחידה,0.00,יחידה,false,,18.90,0.0000,true,1,22675
835811006206,false,כוסות מקנה סוכר טבעי,שוורצקוף& הנקל דיסלד,,כוסות מקנה סוכר טבעי,יחידה,0.00,יחידה,false,,12.50,0.0000,true,1,21122
835811006213,false,קערות מתכלה מקנה סוכר טבעי 25 יח,"איטיליאן פוד, אס.פי.",,קערות למרק מקנה סוכר,יחידה,0.00,יחידה,false,,13.50,0.0000,true,1,21114
835811006220,false,צלחות ענקיות מתכלה מקנה סוכר טבעי 25 יח,הנמל,,צלחות ענק מקנה סוכר,יחידה,0.00,יחידה,false,,17.00,0.0000,true,1,21593
835811006237,false,צלחות קטנות מקנה סוכר טבעי 25 יח,הנמל,,צלחות קטנות מקנה סוכ,יחידה,0.00,יחידה,false,,9.40,0.0000,true,1,21594
835811006244,false,צלחות גדולות מקנה סוכר טבעי 25 יח,הנמל,,צלחות גדולות מקנה סו,יחידה,0.00,יחידה,false,,13.90,0.0000,true,1,21115
835811006435,false,מגש הכסף תבנית מלבן עמוק + מכסה 9 יח`,,,מגש הכסף תבנית מלבן,יחידה,0.00,יחידה,false,,9.90,0.0000,true,1,119377
835811006466,false,"שיבולת שועל [קווקר] 500 גרם ""הנמל""",,,שיבולת שועל 500 גר ה,גרמים,500.00,100 גרם,false,,7.90,0.0158,true,1,66348
835811006497,false,אבקת סוכר 500 גרם הנמל,ר.ס. חברה ליבוא ויצו,,אבקת סוכר 500 גר,גרמים,500.00,100 גרם,false,,6.50,0.0130,true,1,62030
835811006695,false,"קוקטים לאפייה 20 יחידות ""הנמל""",הנמל,,קוקטים לאפיה 20 יח,יחידה,0.00,יחידה,false,,8.90,0.0000,true,1,28436
835811006763,false,הנמל תבניות אלומיניום לאפיה אישיות 20 יח,האנוי ואיוין אינטרנש,,תבניות אלומיניום לאפ,יחידה,0.00,יחידה,false,,6.90,0.0000,true,1,28073
835811006770,false,תבנית אולמניום עגול 5 יח',הנמל,,מגש הכסף תבנית עגול,יחידה,0.00,יחידה,false,,9.90,0.0000,true,1,63962
835811006985,false,בורגול מרובע הנמל 50,הנמל,,בורגול 500 גר',גרמים,500.00,100 גרם,false,,4.50,0.0090,true,1,10951
835811007142,false,עדשים ירוקים הנמל 500 ג',הנמל,,עדשים ירוקים 500 גר',גרמים,500.00,100 גרם,false,,7.50,0.0150,true,1,10953
835811007180,false,פופ קורן הנמל 500 גר,יבוא ושיווק: הנמל אר,,לקט פופקורן 500 גר,גרמים,500.00,100 גרם,false,,6.90,0.0138,true,1,10955
835811007197,false,עדשים אדומים הנמל 50,הנמל,,עדשים אדומים 500גר',גרמים,500.00,100 גרם,false,,7.50,0.0150,true,1,10956
835811007210,false,חומוס גרעינים 500 גר,יבוא ושיווק: הנמל אר,,גרגירי חומוס יבש 500,גרמים,500.00,100 גרם,false,,6.50,0.0130,true,1,10957
835811007227,false,"הנמל לקט חיטה בד""ץ 500ג'",יבוא ושיווק: הנמל אר,,חיטה 500 גר',גרמים,500.00,100 גרם,false,,4.50,0.0090,true,1,3612
835811007234,false,אפונה יבשה הנמל 500 ג',יבוא ושיווק: הנמל אר,,אפונה יבשה 500 גר',גרמים,500.00,100 גרם,false,,5.50,0.0110,true,1,3613
835811007241,false,לקט שעועית 500 גרם (חמין),הנמל,,לקט חמין 500 גר' מרו,גרמים,500.00,100 גרם,false,,7.90,0.0158,true,1,10958
835811007258,false,שעועית לבנה הנמל 500,נארז על ידי: הנמל אר,,שעועית 500גר',גרמים,500.00,100 גרם,false,,7.50,0.0150,true,1,3614
835811007357,false,סלטינות אובלי 25 יח הנמל,הנמל,,סלטינות 25 יח,יחידה,0.00,יחידה,false,,5.90,0.0000,true,1,16614
835811007432,false,תבנית משפחתית מנייר מלבן גדול 3 יחידות הנמל,דוקארט,,תבנית משפחתית שלישי,יחידה,0.00,יחידה,false,,8.90,0.0000,true,1,19973
835811007494,false,גלטין טהור מדגים 2 יח` 14 X גר`,גואנגדונג מיניאנג,,ג'לטין טהור,גרמים,28.00,100 גרם,false,,10.50,0.3750,true,1,10959
835811007562,false,תבניות קרטון אינגליש קייק 6יח` ארוז 29X9X6,דוקרט תעשיית אריזות,,תבנית אינגליש קקיקס,יחידה,0.00,יחידה,false,,8.50,0.0000,true,1,16618
835811008132,false,כריות מתכת בגליל 6יח,שוורצקוף& הנקל דיסלד,,ספוגי מתכת שישיה,יחידה,0.00,יחידה,false,,10.90,0.0000,true,1,3616
835811008347,false,גפרור מיוחד ענק הנמל 1 יחידה,הנמל,,גפרור ענק-45 יח'.,יחידה,0.00,יחידה,false,,4.90,0.0000,true,1,16624
835811008699,false,כפות שקוף/קרם עבה במיוחד הנמל 50 יח,"גרנג יוניברס , הונג",,כפות 50 יח שקוף עבה,יחידה,0.00,יחידה,false,,13.90,0.0000,true,1,61977
835811008743,false,קינואה 500 גר' מרובע,הנמל,,קינואה 500 גר' מרובע,גרמים,500.00,100 גרם,false,,11.90,0.0238,true,1,10968
835811008767,false,גריסי פנינה מרובע הנ,הנמל,,גריסי פנינה 500 גר',גרמים,500.00,100 גרם,false,,4.90,0.0098,true,1,10969
835811008927,false,כוס ויסקי גבוהה 10 יח,בי רייט,,כוס ויסקי גבוהה 10 י,יחידה,0.00,יחידה,false,,11.90,0.0000,true,1,27429
835811008934,false,מזלגות 50 יח שקוף/קרם עבה במיוחד,"גרנג יוניברס , הונג",,מזלגות שקופים- 50 יח,יחידה,0.00,יחידה,false,,13.90,0.0000,true,1,16629
835811008941,false,סכינים 50 יח שקוף/קרם עבה במיוחד,"איטיליאן פוד, אס.פי.",,סכינים חד פעמי 50יח,יחידה,0.00,יחידה,false,,13.90,0.0000,true,1,16630
835811008958,false,כפיות 50 יח שקוף/קרם עבה במיוחד,"גרנג יוניברס , הונג",,כפיות חד פעמי 50יח,יחידה,0.00,יחידה,false,,13.90,0.0000,true,1,3617
835811008989,false,כוסות קרטון 50 יח' גודל 12 OZ,הנמל,,כוסות קרטון 50 יח',יחידה,0.00,יחידה,false,,21.00,0.0000,true,1,16631
835811008996,false,"כוסות חד פעמי קרטון 295 מ""ל",הנמל,,כוסות קרטון 50 יח' מ,יחידה,0.00,יחידה,false,,15.90,0.0000,true,1,16632
835811009016,false,כוסות קרטון 50 יח 4 OZ,הנמל,,כוסות קרטון 50 יח' מ,יחידה,0.00,יחידה,false,,6.90,0.0000,true,1,16633
835811009023,false,"כוסות משקה חם קרטון 235 מ""ל",הנמל,,כוסות קרטון 8 /50 י,יחידה,0.00,יחידה,false,,12.90,0.0000,true,1,16634
835811009238,false,שיפודים ענק שטוח מבמבוק 25 יח`,הנמל,,שיפודים ענק שטוח במב,יחידה,0.00,יחידה,false,,6.90,0.0000,true,1,16649
835811009313,false,"כוס שמפניה 5OZ ח""פ שקוף 12 יח'",הנמל,,כוס שמפניה 12 יח',יחידה,0.00,יחידה,false,,13.90,0.0000,true,1,16650
835811009429,false,צלחות גדולות צבע 25 יח` מעורב,הנמל,,צלחות גדולות צבעוניו,יחידה,0.00,יחידה,false,,16.50,0.0000,true,1,16657
835811009795,false,כוס מרובעת 20יח 10 OZ פס כסף זהב,בי רייט,,כוס מרובעת 20 יח' קר,יחידה,0.00,יחידה,false,,19.90,0.0000,true,1,16672
839762000641,false,משקה איילנד מנגו נקטר 1 ל',"פאראגאלה,דה אג'יפשן",,משקה מנגו איילנד,ליטרים,1.00,ליטר,false,,11.90,11.9000,true,1,11487
839762000658,false,איילנד גויאבה המשקה של חופי סיני 1 ליטר,The Egyptian Co. for,,משקה גויאבה איילנד,ליטרים,1.00,ליטר,false,,11.90,11.9000,true,1,11488
839762002379,false,משקה נקטר מנגו איילנד 350מל,"פאראגאלה,דה אג'יפשן",,איילנד מנגו 350מל,מיליליטרים,350.00,"100 מ""ל",false,,5.50,0.0157,true,1,22997
841058006633,false,"אדג' ג'יל גילוח מועשר בשיבולת שועל 198 מ""ל",אנרג'ייזר,,אדג' ג'ל שחור נגד חת,גרמים,198.00,100 גרם,false,,17.90,0.0904,true,1,85788
850004207789,false,בשר מיטבולס 290 ג' ביונד מיט,תאי פרזידנט פוד פאבל,,מיטבולס ביונד מיט 29,גרמים,290.00,100 גרם,false,,34.90,0.1203,false,1,88415
851621000050,false,בירה חיטה בטעם הדרים 1664 בלאנק - שישייה,קרלסברג ספליי קומפאני פו,,בירה בלנק חיטה הדרית,מיליליטרים,1980.00,"100 מ""ל",false,,45.90,0.0232,false,1,81558
852629004774,false,רביעיית נקניקיות ביונד מיט 400 גרם,סווג ריבר ביונד מיט ארהב,,רביעיית נקנקיות ביונ,גרמים,100.00,100 גרם,false,,33.90,0.3390,false,1,88417
856591000055,false,עוגיות מזרחיות קריספי שרוף במיוחד,מאפיית יוסף ושמחה עבאדי,,עוגיות מזרחיות קריספ,גרמים,400.00,100 גרם,false,,17.90,0.0447,true,1,64455
856591000062,false,עוגיות מזרחיות עם מלח עבאדי 400 גרם,מאפיית יוסף ושמחה עבאדי,,עוגיות מזרחיות עבדי,גרמים,400.00,100 גרם,false,,17.90,0.0447,false,1,8225
856591000109,false,עוגיות מזרחיות פריך במיוחד עבאדי 400 גרם,מאפיית יוסף ושמחה עבאדי,,עוגיות מזרחיות פריך,גרמים,400.00,100 גרם,false,,17.90,0.0447,true,1,725
856591000512,false,עוגיות מזרחיות מקלונים עם שומשום עבאדי 400 גרם,מאפיית יוסף ושמחה עבאדי,,עוגיות מזרחיות מקלות,גרמים,400.00,100 גרם,false,,17.90,0.0447,false,1,8227
856591000949,false,"מאפה חיטה מלוח ""קטנטנים"" עבאדי 350 גרם",עבאדי,,קטנטנים של עבאדי 350,גרמים,350.00,100 גרם,false,,14.90,0.0426,true,1,90445
884912102102,false,דגני בוקר פוסט סלקט אוכמניות 382 גר,הנסיך- מפעל לייצור ט,,גרייט גריינס בלוברי,גרמים,382.00,100 גרם,false,,21.90,0.0573,true,1,67430
884912116505,false,דגני בננה נאט קראנץ' Banana Nut Crunch,פוסט ארצות הברית,,פוסט בננה נאט,גרמים,439.00,100 גרם,false,,21.90,0.0499,true,1,13091
884912117625,false,דגני שלווה מצופים בדבש Golden Crisp,הנסיך- מפעל לייצור ט,,דגני גולדן קריספ,גרמים,418.00,100 גרם,false,,21.90,0.0524,true,1,76199
884912126115,false,גרייט גריינס דגני בוקר עם פירות יבשים פוסט 453 גרם,הנסיך- מפעל לייצור ט,,דגני גרייט גריינס די,גרמים,453.00,100 גרם,false,,21.90,0.0483,true,1,13092
884912129512,false,דגני בוקר קוקו פוסט פלינסטונס 311 גרם,פוסט לקיוויל,,דגני פוסט קקאו פלינט,גרמים,311.00,100 גרם,false,,21.90,0.0704,true,1,120622
884912359155,false,דגני בוקר האני באנצ'ס האני רוסטד פוסט 340 גרם,פוסט ארצות הברית,,דגני האני בנצ'ס רוסט,גרמים,340.00,100 גרם,false,,22.90,0.0674,true,1,119983
884912359162,false,האני באנצ' דגני בוקר עם שקדים פוסט 411 גרם,פוסט ארצות הברית,,דגני האני בנצ'ס שקדי,גרמים,340.00,100 גרם,false,,22.90,0.0674,true,1,119984
884912359414,false,דגני בוקר האני באנצס קינמון 340 ג' POST,פוסט ארצות הברית,,דגני האני בנצ'ס קינמ,גרמים,340.00,100 גרם,false,,22.90,0.0674,true,1,119985
884912359421,false,דגני בוקר האני באנצ'ס מייפל ופקאן פוסט 340 גרם,פוסט ארצות הברית,,דגני האני בנצ'ס מייפ,גרמים,340.00,100 גרם,false,,22.90,0.0674,true,1,119986
884912359483,false,דגני בוקר האני באנצ'ס תות פוסט 311 גרם,פוסט ארצות הברית,,דגני האני בנצ'ס תות,גרמים,311.00,100 גרם,false,,22.90,0.0736,true,1,119987
884912365200,false,דגני בוקר אוראו שחור ולבן 311 גרם,פוסט ארצות הברית,,דגני בוקר אוראו 311,גרמים,311.00,100 גרם,false,,18.90,0.0608,true,1,121774
884912377142,false,דגני בוקר האני באנצ'ס וניל פוסט 340 גרם,פוסט ארצות הברית,,דגני האני באנצ'ס וני,גרמים,340.00,100 גרם,false,,22.90,0.0674,true,1,119963
893594002051,false,"חטיף פופקורן צ`יפס בטעם גבינת צ`דר, 28ג Medora snacks",PepsiCo inc. Frito lay Division,,פופקורנס גבינת צ'דר,גרמים,28.00,100 גרם,false,,6.50,0.2321,true,1,121611
893594002068,false,"חטיף פופקורן צ`יפס עם מלח ים,28 ג HANTRONIX",PepsiCo inc. Frito lay Division,,פופקורנס מלח ים,גרמים,28.00,100 גרם,false,,6.50,0.2321,true,1,121612
898905002430,false,שאנון שוקולד לבן איי,,,שאנון שוקולד לבן איי,ליטרים,1.00,ליטר,false,,79.90,79.9000,true,1,75522
1230000068314,false,בשר טחון ביונד מיט מארז זוגות 300ג,זנברגן וורלד פינסט מיט ב,,בשר טחון ביונד מיט 3,גרמים,300.00,100 גרם,false,,31.90,0.1063,false,1,88416
1230000116022,false,המבורגר ביונד מיט מארז זוגות 226ג,ביונד מיט קליפורניה ארהב,,המבורגר ביונד מיט מא,גרמים,226.00,100 גרם,false,,28.90,0.1279,false,1,120409
3014260023089,false,שלישייית מברשת שיניים אורל בי קלאסיק 40 מדיום,פרוקטר אנד גמבל,,מברשת שיניים שלישיה,יחידה,0.00,יחידה,false,,11.90,0.0000,true,1,60175
3014260048723,false,מברשת שיניים אורל בי,פרוקטר אנד גמבל,,מברשת שיניים אורל בי,יחידה,0.00,יחידה,false,,9.90,0.0000,true,1,62090
3014260095727,false,אורל בי קרוס אקשן קומפליט 7 40 זוג,פרוקטר & גמבל,,זוג מברשות שיניים או,יחידה,0.00,יחידה,false,,39.90,0.0000,true,1,68569
3014260100667,false,אורל בי מברשת שיניים ילדים 3-5 שנים,דיפלומט מפיצים (1968) בעמ,,אורל בי מברשת שיניים,יחידה,0.00,יחידה,false,,15.90,0.0000,true,1,119792
3014260228842,false,"קצף גילוח ג'ילט לעור רגיל 200 מ""ל",דיפלומט מפיצים (1968) בעמ,,ג'ילט קצף גילוח רגיל,מיליליטרים,200.00,"100 מ""ל",false,,14.90,0.0745,true,1,15516
3014260240226,false,"קצף גילוח ג'ילט לעור רגיש 200 מ""ל",דיפלומט מפיצים (1986) בע`מ,,ג'ילט קצף גילוח רגיש,מיליליטרים,200.00,"100 מ""ל",false,,14.90,0.0745,true,1,15517
3014260280772,false,אורל בי חוט דנטלי שעוה מנטה,דיפלומט מפיצים (1968) בעמ,,חוט דנטלי מנטה עם שע,יחידה,0.00,יחידה,false,,16.90,0.0000,true,1,15536
3014260287030,false,ג`ילט סכיני גילוח חדפ לגבר יבוא מקביל,פארמה דיל (פ.א.ב.) שיווק והפצה,,ג'ילט 2 חמישיה.,יחידה,0.00,יחידה,false,,8.90,0.0000,false,1,15539
3014260833848,false,מברשות שיניים אורל בי פרו אקספרט 35 זוג,דיפלומט מפיצים (1968) בעמ,,זוג מברשת שיניים אור,יחידה,0.00,יחידה,false,,24.90,0.0000,true,1,83805
3045201107001,false,אידיאל מסיר כתמים לפני כביסה -כדור מסאג,"יעקב יעקבי ובניו בע""מ",,אידאל מסיר כתמים אדו,מיליליטרים,150.00,"100 מ""ל",false,,19.90,0.1327,true,1,21259
3045201108008,false,אידיאל מסיר כתמים לפני כביסה -כדור מבריש,יעקב יעקבי ובניו בעמ,,אדיאל מסיר כתמים צהו,מיליליטרים,150.00,"100 מ""ל",false,,19.90,0.1327,true,1,21263
3045206157131,false,אידאל צבע לבגד -שחור 230גר,מרקה,,אידיאל צבע לבגד שחור,גרמים,230.00,100 גרם,false,,22.90,0.0996,true,1,73936
3045206360609,false,"דזיטול נוזל מחטא בגדים בכביסה, 1 ליטר","יעקב יעקבי ובניו בע""מ",,דזיטול נוזל מחטא בגד,ליטרים,1.00,ליטר,false,,22.90,22.9000,true,1,90564
3046920010801,false,שוקולד מריר אקסלנס עם אגוזי לוז,לינדט ושפרונגלי קילשברג,,לינדט אקסלנס הזלנט 1,גרמים,100.00,100 גרם,false,,15.00,0.1500,true,1,68706
3046920010856,false,לינדט שוקולד אקסלנס לימון גינגיר 100 גר,לינדט ושפרונגלי,,שוקולד לינדט אקסלנס,גרמים,100.00,100 גרם,false,,15.00,0.1500,true,1,83103
3046920016377,false,לינדט שוקולד אקסלנס מריר 100% קקאו 50 גר,לינדט ושפרונגלי,,לינדט אקסלנס 100 גר',גרמים,100.00,100 גרם,false,,15.00,0.1500,true,1,84967
3046920027281,false,שוקולד מריר אקסלנס במילוי קרמל ומלח ים,לינדט ושפרונגלי קילשברג,,שוקולד לינדט אקסלנס,גרמים,100.00,100 גרם,false,,15.00,0.1500,true,1,59319
3046920028004,false,לינדט שוקולד אקסלנס מריר 70% 100 גר,לינדט ושפרונגלי קילשברג,,שוקולד לינדט מריר 70,גרמים,100.00,100 גרם,false,,15.00,0.1500,true,1,1363
3046920028363,false,לינדט אקסלנס 85% מוצקי קקאו 100 גרם,לינדט ושפרונגלי קילשברג,,שוקולד לינדט אקסלנס,גרמים,100.00,100 גרם,false,,15.00,0.1500,true,1,1364
3046920028721,false,לינדט אקסלנס סטרוברי 100גר`,לינדט ושפרונגלי קילשברג,,לינדט אקסלנס 99%,גרמים,50.00,100 גרם,false,,15.00,0.3000,true,1,66793
3046920028752,false,שוקולד לינדט אקסלנס מינט 100 גרם,לינדט ושפרונגלי קילשברג,,לינדט אקסלנס מנטה 10,גרמים,100.00,100 גרם,false,,15.00,0.1500,true,1,1366
3046920029674,false,אקסלנס עם שבבי מלח לינדט (100 גרם),לינדט ושפרונגלי קילשברג,,לינדט אקסלנס עם שבבי,גרמים,100.00,100 גרם,false,,15.00,0.1500,true,1,1367
3046920029681,false,לינדט שוקולד אקסלנס מילד 85% קקאו 100 גר,משה סידס ובנו בעמ,,לינדט אקסלנס מילד 10,גרמים,100.00,100 גרם,false,,15.00,0.1500,true,1,84758
3046920029759,false,אקסלנס שוקולד מריר 90% לינדט (100 גרם),לינדט ושפרונגלי קילשברג,,שוקולד לינדט אקסלנס,גרמים,100.00,100 גרם,false,,15.00,0.1500,true,1,59320
3059943015104,false,"אירוויק מבשם אויר נטול גז בניחוח פריסיה ויסמין 345 מ""ל",רקיט בנקיזר (ניר איסט) בעמ,,אירוויק נטול גז פריס,מיליליטרים,345.00,"100 מ""ל",false,,14.90,0.0432,true,1,17973
3059943015128,false,מבשם אוויר נטול גז אקווה מיסט בניחוח לבנדר פראי ואוויר הרים,רקיט בנקיזר (ניר איסט) בעמ,,אירוויק נטול גז לבנד,מיליליטרים,345.00,"100 מ""ל",false,,14.90,0.0432,true,1,17974
3059944022415,false,רצועות שעווה מוכנות לשימוש מועשרת בתמציות ובניחוח ורדים,רקיט בנקיזר (ניר איסט) בעמ,,ויט רצועות שעווה להס,יחידה,0.00,יחידה,false,,19.90,0.0000,true,1,17987
3069538102027,false,רביעיית רכז עגבניות,,,רביעיית רכז עגבניות,גרמים,70.00,100 גרם,false,,8.90,0.1271,true,1,120105
3073781161663,false,גבינה מותכת 18.5% שומן לה וואש קירי,בני ג`ורג` שוקחה (חיפה) בעמ,,גבינה לוואש קירי 8 י,גרמים,128.00,100 גרם,false,,11.90,0.0930,true,1,89932
3073781161687,false,גבינה לוואש קרי(מותכת) 16 יח 256 גר,בני ג`ורג` שוקחה (חיפה) בעמ,,גבינה לוואש קירי 16,גרמים,256.00,100 גרם,false,,22.70,0.0887,true,1,89933
3073781162790,false,גבינה מותכת בייבי בל 120 גרם,א. סיימן סחר בעמ,,בייביבל ברשת,גרמים,120.00,100 גרם,false,,19.90,0.1658,true,1,119942
3073781177220,false,גבינה בייבי בל אדום 120 גר`,א. סיימן סחר בעמ,,גבינה בייבי בל רול,גרמים,102.00,100 גרם,false,,19.90,0.1951,true,1,121493
3080216034508,false,"בירה Grimbergen Blonde בודד 330 מ""ל",גרימברגן Grimbergen,,"בירה גרינברגן 330 מ""",מיליליטרים,330.00,"100 מ""ל",false,,10.00,0.0303,true,1,87127
3080216034645,false,"בירה גרינברגן אמברה בודד 330מ""ל",החברה המרכזית להפצת משקאות בעמ,,בירה גרינברג אמברא 3,מיליליטרים,330.00,"100 מ""ל",false,,10.00,0.0303,true,1,87128
3141360054405,false,פיניש מפיץ ריח למדיח בניחוח לימון וליים,רקיט בנקיזר (ניר איסט) בעמ,,פיניש מפיג ריח לימון,יחידה,0.00,יחידה,false,,14.90,0.0000,true,1,67170
3161911229199,false,חמאה צרפתית רכה למריחה אל & ויר 250 גרם,א. סיימן סחר בעמ,,חמאה רכה,גרמים,250.00,100 גרם,false,,21.00,0.0840,true,1,7053
3161911366429,false,חמאה צרפתית מלוחה רכה למריחה אלוויר 250 גר',א. סיימן סחר בעמ,,חמאה רכה מלוחה,גרמים,250.00,100 גרם,false,,21.00,0.0840,true,1,7054
3161911393210,false,חמאת נורמנדי מלוחה אלוויר 200 גרם,א.סיימן סחר בעמ,,חמאת נורמנדי מלוחה א,גרמים,200.00,100 גרם,false,,16.90,0.0845,true,1,119741
3175460000017,false,גבינת בורסאן שום ועשבי תיבול 150 גר,השחר,,גבינת בורסן שום ועשב,גרמים,200.00,100 גרם,false,,21.90,0.1095,true,1,11578
3175460000062,false,גבינת בורסאן פלפל שחור 150 גרם,השחר,,בורסן פלפל,גרמים,150.00,100 גרם,false,,21.90,0.1460,true,1,11181
3175460000864,false,גבינת בורסאן טבעי 150 גר,Unknown,,בורסאן טבעי גבינת שמ,גרמים,150.00,100 גרם,false,,21.90,0.1460,true,1,66679
3175460030083,false,גבינת בורסאן בצל ועירית 150 גר,השחר,,בורסאן עם שלות ועירי,גרמים,150.00,100 גרם,false,,21.90,0.1460,true,1,10748
3296184018253,false,"יין רוזה מיראבל, 750 מ""ל",,,יין רוזה מיראבל,מיליליטרים,750.00,"100 מ""ל",false,,120.00,0.1600,true,1,120436
3335121604934,false,חרדל דיג'ון חלק פלוטקין 370 גרם,קובינור,,חרדל חלק 370 גר',גרמים,370.00,100 גרם,false,,8.00,0.0216,true,1,11714
3335121614933,false,חרדל דיג'ון עם גרגירים שלמים 370 גרם,קובינור,,שאטל חרדל דיזון גרגי,גרמים,200.00,100 גרם,false,,10.00,0.0500,true,1,10749
3387390320244,false,פיטנס דגני בוקר מחיטה מלאה עם פירות נסטלה 375 גרם,קבוצת אוסם סחר שותפות מוגבלת,,פיטנס דגנים עם פירות,גרמים,375.00,100 גרם,false,,21.90,0.0584,false,1,99
3387390525960,false,קראנץ' דגני בוקר עם שוקולד חלב נסטלה 500 גרם,קבוצת אוסם סחר שותפות מוגבלת,,דגנים קראנץ' נסטלה 5,גרמים,500.00,100 גרם,false,,19.90,0.0398,false,1,6369
3387390730852,false,פיטנס דגנים מחיטה מלאה ואורז נסטלה 375 גרם,קבוצת אוסם סחר-שות.מוגבלת,,פיטנס דגני בוקר 375,גרמים,375.00,100 גרם,false,,21.90,0.0584,false,1,100
3445850070778,false,"מלח ים אטלנטי טבעי אורגני 1 ק""ג",סלינס דה גרנד,,מלח ים אטלנטי,יחידה,1.00,יחידה,false,,19.00,19.0000,true,1,10359
3523230025638,false,"גבינת עיזים בושה טבעי, 125 גרם",א. סיימן סחר בעמ,,גבינת בושה עיזים 125,גרמים,125.00,100 גרם,false,,22.90,0.1832,true,1,30665
3523230025652,false,"גבינת מיני בושה עם שום ועשי תיבול ועשבי, 125 גרם",א. סיימן סחר בעמ,,גבינת מיני בושה שום,גרמים,125.00,100 גרם,false,,22.90,0.1832,true,1,87954
3523230026826,false,"גבינת עיזים למריחה פירמידה, 140 גרם",א. סיימן סחר בעמ,,גבינת עיזים טבעי פיר,גרמים,140.00,100 גרם,false,,23.90,0.1707,true,1,68100
3523230026888,false,"גבינת עיזים שום ועשבי תיבול למריחה פירמידה, 140 גרם",א. סיימן סחר בעמ,,גבינת עיזים עם שום פ,גרמים,140.00,100 גרם,false,,23.90,0.1707,true,1,68101
3523230045827,false,גבינת סנט מור עיזים160גר,א. סיימן סחר בעמ,,גבינת סנט מור 160 גר,גרמים,160.00,100 גרם,false,,25.90,0.1619,true,1,73526
3525490011116,false,יין אדום לה ז`אמל קרבנה סובניון 750 מל,היכל היין שקד גולן בעמ,,לה ז'אמל קברנה סובינ,מיליליטרים,750.00,"100 מ""ל",false,,59.90,0.0799,true,1,77005
3525490011123,false,לה ז'אמל סינסאו רוזה,יקב,,לה ז'אמל סינסאו רוזה,מיליליטרים,750.00,"100 מ""ל",false,,59.90,0.0799,true,1,77006
3544760002449,false,"מלח ים אטלנטי 1 ק""ג+ AQUASEL 10%",,,"מלח אטלנטיק 1.1 ק""ג",קילוגרמים,1.10,"ק""ג",false,,18.50,16.8182,true,1,28530
3563490014898,false,ריין דיז'ון חרדל דיז'ון 265 גרם,דיפלומט מפיצים (1968) בעמ**,,חרדל דיזון לחיץ 255,גרמים,265.00,100 גרם,false,,11.90,0.0449,true,1,34313
3574660089547,false,טמפונים נורמל קלאסי אובה 32 יחידות,ג'\ונסון אנד ג'\ונסון,,אובה קלאסי נורמל 32י,יחידה,0.00,יחידה,false,,22.90,0.0000,true,1,6569
3574660115154,false,או-בה טמפונים קלאסי סופר 32יח',ג'\ונסון אנד ג'\ונסון,,טמפונים אובה סופר 32,יחידה,0.00,יחידה,false,,22.90,0.0000,true,1,6571
3574660333466,false,טמפונים מיני פרו קומפורט אובה 32 יחידות,הנסיך- מפעל לייצור ט,,או-בה פרוקומפורט מינ,יחידה,0.00,יחידה,false,,22.90,0.0000,true,1,22036
3574660342291,false,נטרוגינה ס.נורבגית קרם ידיים&ציפורניים75,ניוטרוג'ינה Neutrogena,,קרם ידיים וציפורניים,מיליליטרים,75.00,"100 מ""ל",false,,26.90,0.3587,true,1,70808
3574661203577,false,ליסטרין אדוונס וויט 500 מל-יבוא מקביל,בית הצעצוע בעמ,,ליסטרין וויט שטיפת פ,מיליליטרים,500.00,"100 מ""ל",false,,16.90,0.0338,true,1,77261
3574661485201,false,טמפונים אובה סופר 32 יח' פרוקומפורט,ש.שסטוביץ בעמ,,אובה פרוקומפורט סופר,יחידה,0.00,יחידה,false,,22.90,0.0000,true,1,120302
3574661485218,false,טמפונים נורמל אובה 32 יח' פרוקומפורט,"ש. שסטוביץ בע""\מ",,אובה פרוקונפורט נורמ,יחידה,0.00,יחידה,false,,22.90,0.0000,true,1,120564
3574661487328,false,קרפרי מגני תחתון אורגינל פלוס 56 יח',הדקלאים אגודת שיתופי,,קרפרי מגן תחתון 56 י,יחידה,0.00,יחידה,false,,15.90,0.0000,true,1,80064
3574661487335,false,מגן תחתון קרפרי מקסי לונג ריחני 40 יחידות,ש. שסטוביץ בע`מ,,קרפרי מקסי לונגי ריח,יחידה,0.00,יחידה,false,,15.90,0.0000,true,1,79953
3574661487618,false,קרפרי מגן תחתון מקסי לארג'' מבושם 48 יח'',ג'ויה מעבדות לקוסמטי,,קרפרי מגן תחתון מקסי,יחידה,0.00,יחידה,false,,15.90,0.0000,true,1,80752
3574661487625,false,מגני תחתון פלוס לארג' בניחוח עדין L,הדקלאים אגודת שיתופי,,קרפרי מגן תחתון מקסי,יחידה,0.00,יחידה,false,,15.90,0.0000,true,1,80348
3574661500355,false,קרפרי מגן תחתון מקסי לונג רגיל 40 יח',ג'ויה מעבדות לקוסמטי,,קרפרי מקסי לונגי רגי,יחידה,0.00,יחידה,false,,15.90,0.0000,true,1,79711
3574661552576,false,קרפרי מגן תחתון רגיל טנגה לבן 56 יח חדש,הדקלאים אגודת שיתופי,,קרפרי מגן תחתון טנגה,יחידה,0.00,יחידה,false,,15.90,0.0000,true,1,83245
3574661552804,false,מגן תחתון קרפרי אלוורה 56 יחידות,הדקלאים אגודת שיתופי,,קרפרי מגן תחתון אלוו,יחידה,0.00,יחידה,false,,15.90,0.0000,true,1,85060
3574661552811,false,מגן תחתון קרפרי כותון אוורירי 56 יחידות,הדקלאים אגודת שיתופי,,קרפרי כותון אוורירי,יחידה,0.00,יחידה,false,,15.90,0.0000,true,1,83899
3574661554877,false,מגן תחתון קרפרי כותון מבושם 56 יחידות,הנסיך- מפעל לייצור ט,,קרפרי כותון מבושם 56,יחידה,0.00,יחידה,false,,15.90,0.0000,true,1,83246
3574661554884,false,קרפרי מגן תחתון רגיל טנגה מבושם 56 יח,הדקלאים אגודת שיתופי,,קרפרי רגיל טנגה ריחנ,יחידה,0.00,יחידה,false,,15.90,0.0000,true,1,84559
3574669907729,false,גונסונס בייבי שמפו לתינוק 750 מל,גונסון אנד גונסון,,ג'ונסון בייבי שמפו ג,מיליליטרים,750.00,"100 מ""ל",false,,24.90,0.0332,true,1,120706
3574669908146,false,גונסונס בייבי תחליב לפני שינה 500 מל חדש,ג'ונסונס Johnson's,,גונסון בייבי תחליב ל,מיליליטרים,500.00,"100 מ""ל",false,,27.90,0.0558,true,1,77941
3574669908665,false,גונסונס בייבי אל סבון לפני השינה 750 מל,גונסון אנד גונסון,,גונסון בייבי אל סבון,מיליליטרים,750.00,"100 מ""ל",false,,21.90,0.0292,true,1,77969
3600522344032,false,"אלביב מסכה לשיער פגום טואל ריפר 300מ""ל",לוריאל ישראל קוסמטיקס בעמ,,אלביב מסכה לשיער פגו,מיליליטרים,300.00,"100 מ""ל",false,,22.90,0.0763,true,1,30976
3600523642489,false,מסכת הזנה אינטנסיבית 6 שמנים לשיער יבש,לוריאל ישראל קוסמטיקס בעמ,,אלביב מסכת שמנים,מיליליטרים,300.00,"100 מ""ל",false,,22.90,0.0763,true,1,78381
3600523651870,false,שמפו לחיזוק סיב השערה לכל סוגי השיער,לוריאל ישראל קוסמטיקס בעמ,,שמפו ארגינין אלביב,מיליליטרים,550.00,"100 מ""ל",false,,14.90,0.0271,true,1,74271
3600523651900,false,מרכך לחיזוק סיב השערה לכל סוגי השיער,לוריאל ישראל קוסמטיקס בעמ,,מרכך ארגינין אלביב,מיליליטרים,550.00,"100 מ""ל",false,,14.90,0.0271,true,1,74218
3600523652228,false,"לוריאל - אלביב מרכך טוטאל ריפר 550 מ""ל",לוריאל ישראל קוסמטיקס בעמ,,מרכך טוטאל ריפר אלבי,מיליליטרים,550.00,"100 מ""ל",false,,14.90,0.0271,true,1,74224
3600523652242,false,"לוריאל - אלביב שמפו קולור פרוטקט 550 מ""ל",לוריאל ישראל קוסמטיקס בעמ,,שמפו קולור פרוטקט אל,מיליליטרים,550.00,"100 מ""ל",false,,14.90,0.0271,true,1,74225
3600523652259,false,"לוריאל - אלביב מרכך קולור פרוטקט 550 מ""ל",לוריאל ישראל קוסמטיקס בעמ,,מרכך קולור פרוטקט אל,מיליליטרים,550.00,"100 מ""ל",false,,14.90,0.0271,true,1,74226
3600523755806,false,"לוריאל - אלביב שמפו קוקוס 550 מ""ל",לוריאל ישראל קוסמטיקס בעמ,,שמפו אלביב קוקוס,מיליליטרים,550.00,"100 מ""ל",false,,14.90,0.0271,true,1,80886
3600523756322,false,"לוריאל - אלביב מרכך קוקוס 550 מ""ל",לוריאל ישראל קוסמטיקס בעמ,,אלביב מרכך קוקוס 550,מיליליטרים,550.00,"100 מ""ל",false,,14.90,0.0271,true,1,80887
3600523782567,false,"לוריאל - אלביב שמפו דרים לונג 500 מ""ל",לוריאל ישראל קוסמטיקס בעמ,,שמפו אלביב דרים לונג,מיליליטרים,500.00,"100 מ""ל",false,,14.90,0.0298,true,1,78382
3600523782574,false,מסכה לשיער לוריאל אלביב דרים לונג 300 מל,לוריאל ישראל קוסמטיקס בעמ,,אלביב מסכה לשיער,מיליליטרים,300.00,"100 מ""ל",false,,22.90,0.0763,true,1,78383
3600523782581,false,מרכך מתיר קשרים לשיער ארוך ופגום Dream Long,לוריאל ישראל קוסמטיקס בעמ,,אלביב מרכך שיער 500,מיליליטרים,500.00,"100 מ""ל",false,,14.90,0.0298,true,1,78378
3600540928863,false,גרניה מיניראל רול און קליר אינויזיבל,לוריאל ישראל קוסמטיקס בעמ,,דאוד' רול גרנייה,מיליליטרים,50.00,"100 מ""ל",false,,10.90,0.2180,true,1,5082
3600541029323,false,מסיר איפור עמיד במים אסנשיאלס 2 ב-1,לוריאל ישראל קוסמטיקס בעמ,,מסיר איפור 2 ב- 1 גר,מיליליטרים,200.00,"100 מ""ל",false,,21.90,0.1095,true,1,69858
3600541253667,false,"גרנייה - דאודורנט ספריי לאישה אינביזיבל BWC (ורוד) 150 מ""ל",לוריאל ישראל קוסמטיקס בעמ,,דאוד' ספריי גרנייה,מיליליטרים,150.00,"100 מ""ל",false,,10.90,0.0727,true,1,69873
3600541382930,false,גרנייה - מים מיסלרים לכל סוגי העור,לוריאל ישראל קוסמטיקס בעמ,,מים מיסלרים לכל סוג,מיליליטרים,400.00,"100 מ""ל",false,,29.90,0.0747,true,1,76223
3600541740006,false,"גרנייה - דאודורנט ספריי לאישה אקשן קונטרול 72 שעות 150 מ""ל",לוריאל ישראל קוסמטיקס בעמ,,דאודורנט ספריי גרניי,מיליליטרים,150.00,"100 מ""ל",false,,10.90,0.0727,true,1,69913
3600541952720,false,ג'ל גרגירים עם פחם פעיל לטיפול בראשים שחורים,לוריאל ישראל קוסמטיקס בעמ,,"ג'ל גרגרים 150 מ""ל",מיליליטרים,150.00,"100 מ""ל",false,,34.90,0.2327,true,1,74826
3600541956223,false,"גרנייה פיור לניקוי וטיפול בסימנים ופגעי עם מברשת 150 מ""ל",לוריאל ישראל קוסמטיקס בעמ,,גרנייר פיוראקטיב ג'ל,מיליליטרים,150.00,"100 מ""ל",false,,33.90,0.2260,true,1,75041
3600542216647,false,"גרנייה - דאודורנט ספריי לאישה 96 שעות אקשן קונטר 150 מ""ל",לוריאל,,דאודורנט ספריי 150 מ,מיליליטרים,150.00,"100 מ""ל",false,,10.90,0.0727,true,1,88562
3600542310444,false,"גרנייה - דאודורנט ספריי לאישה מגנזיום 150 מ""ל",סופרוקוס,,דאודורנט ספריי מגנזי,מיליליטרים,150.00,"100 מ""ל",false,,10.90,0.0727,true,1,88467
3600542385091,false,"גרנייה - דאודורנט רול און לאישה אקשן קונטרול 72 שעות 50 מ""ל",לוריאל ישראל קוסמטיקס בעמ,,רול און גרנייר 60 מ,מיליליטרים,60.00,"100 מ""ל",false,,10.90,0.1817,true,1,89273
3600542385107,false,"גרנייה - דאודורנט רול און לאישה אינביזיבל BWC (ירוק) 50 מ""ל",לוריאל ישראל קוסמטיקס בעמ,,רול און גרנייר,מיליליטרים,50.00,"100 מ""ל",false,,10.90,0.2180,true,1,88408
3600542385268,false,"גרנייה - דאודורנט רול און לאישה אינביזיבל BWC (ורוד) 50 מ""ל",לוריאל ישראל קוסמטיקס בעמ,,רול און גרנייר,מיליליטרים,50.00,"100 מ""ל",false,,10.90,0.2180,true,1,88410
3607340717635,false,אדידס גל רחצה לגבר אייס דייב 400 מל,דנשר (1963) בעמ,,אדידס אייס דייב ג'ל,מיליליטרים,400.00,"100 מ""ל",false,,10.00,0.0250,true,1,73692
3607343817547,false,"אדידס - דאודורנט ספריי לגבר קליימקול 150 מ""ל",דנשר (1963) בעמ,,דאודורנט ספריי לגבר,מיליליטרים,150.00,"100 מ""ל",false,,14.90,0.0993,true,1,84901
3607345264356,false,"אדידס בודי ספריי לגבר דינמיק פולס, ללא אלומיניום, 150 מל",דנשר,,פיוז'ן-ספריי גוף דינ,מיליליטרים,0.00,"מ""ל",false,,19.90,0.0000,true,1,15907
3607345264912,false,"אדידס בודי ספריי לגבר אייס דייב, ללא אלומיניום, 150 מל",אגריפק אס איי לגרדה,,פיוז'ן-ספריי גוף איי,מיליליטרים,150.00,"100 מ""ל",false,,19.90,0.1327,true,1,15908
3607347320449,false,"אדידס - ג'ל רחצה ספורט אנרג'י 400 מ""ל",דנשר (1963) בעמ,,אדידס ספורט אנרגי ג',מיליליטרים,400.00,"100 מ""ל",false,,10.00,0.0250,true,1,73690
3607347415589,false,"אדידס - דאודורנט רול און לאישה פרש קול אנד קר 50 מ""ל",קוטדור,,דאודורנט רול און 50,מיליליטרים,50.00,"100 מ""ל",false,,13.90,0.2780,true,1,74452
3607349687458,false,דאו ספריי לגבר קול דריי פרש 150 מל אדיד,דנשר (1963) בעמ,,דאודורנט ספריי לגבר,מיליליטרים,150.00,"100 מ""ל",false,,14.90,0.0993,true,1,90138
3608580075646,false,קינפיטורה שזיפים 370 גר,בון מאמא,,קונפיטורה שזיפים,גרמים,370.00,100 גרם,false,,19.90,0.0538,true,1,117412
3608580730231,false,קונפיטורה בון ממאן תות שדה 370 גר',אף.סי תבליני בגליל ב,,קונפיטורה תות 370 גר,גרמים,370.00,100 גרם,false,,19.90,0.0538,true,1,61184
3608580730248,false,קונפיטורה דובדובן 370 ג' בוני מאמן,ר.ב. מוצרי דגנים בעמ,,קונפיטורה דבדבן 370,גרמים,370.00,100 גרם,false,,19.90,0.0538,true,1,61185
3608580730255,false,קונפיטורה בטעם משמש 370 גר BONNE MAMAN,ר.ב. מוצרי דגנים בעמ,,קונפיטורה משמש 370 ג,גרמים,370.00,100 גרם,false,,19.90,0.0538,true,1,61186
3608580730279,false,מרמלדת תפוזים 370 גר BONNE MAMAN,ר.ב. מוצרי דגנים בעמ,,מרמלדת תפוזים 370 גר,גרמים,370.00,100 גרם,false,,19.90,0.0538,true,1,85407
3614223736003,false,"אדידס - דאודורנט ספריי לגבר אדיפיור 150 מ""ל",דנשר (1963) בעמ,,דאודורנט ספריי לגבר,מיליליטרים,150.00,"100 מ""ל",false,,14.90,0.0993,true,1,85102
3614223736836,false,"אדידס - דאורודנט ספריי לאישה אדיפיור 150 מ""ל",דנשר (1963) בעמ,,דאודורנט אדידס ספריי,מיליליטרים,150.00,"100 מ""ל",false,,19.90,0.1327,true,1,73597
3614224051235,false,אדידס דאודורנט ספריי גברים אדיפוואר 200מל,דנשר (1963) בעמ,,דאודורנט אדידס גברים,מיליליטרים,200.00,"100 מ""ל",false,,19.90,0.0995,true,1,77910
3661163970448,false,"אדידס דאודורנט ספריי מקס פרש לגברים 200 מ""ל",מיוצר עי קונדיטוריית,,דאו' ספריי לגבר A3דר,מיליליטרים,200.00,"100 מ""ל",false,,19.90,0.0995,true,1,15917
3661163991146,false,"אדידס - דאודורנט ספריי לאישה קול אנד קר פרש 150 מ""ל",מיוצר עי קונדיטוריית,,דאו' ספריי לאישה A3ד,מיליליטרים,200.00,"100 מ""ל",false,,19.90,0.0995,true,1,3413
3661163991344,false,"אדידס דאודורנט ספריי מקס פרו-קליר לאישה 150 מ""ל",מיוצר עי קונדיטוריית,,דאו' ספריי לאישה A3ד,מיליליטרים,200.00,"100 מ""ל",false,,19.90,0.0995,true,1,15920
3661163991580,false,"אדידס - דאודורנט ספריי לאישה קול אנד קר 6 ב-1 150 מ""ל",מיוצר עי קונדיטוריית,,דאו' ספריי לאישה A3ד,מיליליטרים,200.00,"100 מ""ל",false,,19.90,0.0995,true,1,15921
3662444002766,false,חלה בריוש ראובנס 500 גרם,N.F.D,,ראובנס חלה בריוש,גרמים,500.00,100 גרם,false,,19.90,0.0398,true,1,76107
3665468301723,false,אירוויק באז מבשם ומנטרל ריחות בניחוח לילות לבנים 237 מ'ל,רקיט בנקיזר (ניר איסט) בעמ,,אירוויק מבשם אוויר ו,מיליליטרים,237.00,"100 מ""ל",false,,14.90,0.0629,true,1,121569
3700604200222,false,אריסה טוניסאית 350 גרם,,,אריסה טוניסאית 350 ג,גרמים,350.00,100 גרם,false,,21.90,0.0626,true,1,74345
3770000016796,false,"יין שבלי דומיין דה שאטיון כשל""פ 750 מ""ל",דומיין דה לה,,שאבלי דומיין דה שאטי,מיליליטרים,750.00,"100 מ""ל",false,,90.00,0.1200,true,1,82499
3800020403631,false,קיט קט וופל פריך עם קרם בוטנים (19%) בציפוי שוקולד חלב (61.8%),קבוצת אוסם סחר-שות.מוגבלת,,קיט קאט צ'אנקי חמאה,גרמים,42.00,100 גרם,false,,3.70,0.0881,true,1,27619
3800020423578,false,קיט קט שוקולד אצבעות צ'אנקי אדום 40ג',קבוצת אוסם סחר שותפות מוגבלת,,נסטלה קיט קט צ'נקי א,גרמים,40.00,100 גרם,false,,3.70,0.0925,true,1,26943
3800020472712,false,חטיף קיט קאט צאנקי פופקורן 42 ג',קבוצת אוסם סחר שותפות מוגבלת,,קיט קאט צ'אנקי פופקו,גרמים,42.00,100 גרם,false,,3.70,0.0881,true,1,90205
4000388563803,false,"תחליב גוף דאב לעור רגיל עד יבש 400 מ""ל",יוניליוור ישראל שיווק בעמ,,דאב תחליב גוף לעור ר,מיליליטרים,400.00,"100 מ""ל",false,,28.90,0.0722,true,1,73763
4000417019004,false,שוקולד חלב אגוזי לוז שלמים ריטר ספורט 100 גרם,ריטר ספורט Ritter sport,,שוקולד חלב ריטר ספור,גרמים,100.00,100 גרם,false,,9.90,0.0990,false,1,9626
4000417022004,false,ריטר ספורט שוקולד חלב מעולה עם צימוקים ואגוזי לוז 100 גרם,ריטר ספורט Ritter sport,,שוקולד חלב צימוקים ו,גרמים,100.00,100 גרם,false,,8.50,0.0850,false,1,9627
4000417023001,false,ריטר ספורט שוקולד חלב מעולה עם שקדים שלמים,ריטר ספורט Ritter sport,,שוקולד חלב עם שקדים,גרמים,100.00,100 גרם,false,,9.90,0.0990,false,1,9628
4000417025005,false,שוקולד מריר במילוי מרציפן ריטר ספורט 100 גרם,ריטר ספורט Ritter sport,,שוקולד ריטר ספורט עם,גרמים,100.00,100 גרם,false,,8.50,0.0850,false,1,9629
4000417026002,false,שוקולד ריטר ספורט פרלין 100 גרם חלב נוכרי,ריטר ספורט Ritter sport,,ריטר שוקולד חלב ממול,גרמים,100.00,100 גרם,false,,8.50,0.0850,false,1,9630
4000417101211,false,גלילי וופל עם קרם אגוזי לוז בציפוי שוקולד חלב,ליימן שליסל בע`מ,,אמיצ'לי גלילי וופל א,גרמים,150.00,100 גרם,false,,17.90,0.1193,true,1,118679
4000417211002,false,שוקולד חלב מעולה ממולא קרם קרמל מוקצף ושברי שקדים מומלחים,ריטר ספורט Ritter sport,,שוקולד ריטר מוס קרמל,גרמים,100.00,100 גרם,false,,8.50,0.0850,true,1,65459
4000417212009,false,ריטר ספורט שוקולד מריר מעולה עם שקדים קצוצים וקליפות תפוז מסוכרות,ריטר ספורט Ritter sport,,שוקולד ריטר מריר מעו,גרמים,100.00,100 גרם,false,,8.50,0.0850,true,1,77015
4000417222008,false,שוקולד ריטר ספורט חלב+שברי אגוזים 100 גרם חלב נוכרי,ריטר ספורט Ritter sport,,שוקולד ריטר חלב עם ש,גרמים,100.00,100 גרם,false,,8.50,0.0850,true,1,64419
4000417224002,false,"ריטר ספורט טבלת שוקולד מריר אגוזים, 100 גרם",ריטר ספורט Ritter sport,,ריטר שוקולד מריר עם,גרמים,100.00,100 גרם,false,,9.90,0.0990,false,1,9632
4000417294005,false,שוקולד ריטר מוס קקאו 100 גרם חלב נוכרי,ריטר ספורט Ritter sport,,ריטר מוס קקאו,גרמים,100.00,100 גרם,false,,8.50,0.0850,false,1,24488
4000417298003,false,שוקולד ריטר ספורט קוקוס 100 גרם חלב נוכרי,ריטר ספורט Ritter sport,,שוקולד ריטר חלב במיל,גרמים,100.00,100 גרם,false,,8.50,0.0850,false,1,27438
4000417450302,false,שוקולד חלב ומריר ריטר ספורט מונדיאל 183ג,ליימן שליסל בעמ,,מיני ריטר פאוצ' 183,גרמים,183.00,100 גרם,false,,19.90,0.1087,true,1,122138
4000417707000,false,שוקולד חלב מעולה עם שברי קשיו קלוי ומומלח,ריטר ספורט Ritter sport,,ריטר שוקולד חלב עם ש,גרמים,100.00,100 גרם,false,,9.90,0.0990,true,1,88601
4000417708007,false,"שוקולד ריטר ספורט מריר שקד, 100 גרם",ריטר ספורט Ritter sport,,ריטר שוקולד מריר עם,גרמים,100.00,100 גרם,false,,9.90,0.0990,true,1,88602
4000522009747,false,"מקלות בייגלה תפו""א צ'יו 80 גרם",טרופיקל דגיל תעשיות,,"בייגלה מקלות תפ""א",גרמים,85.00,100 גרם,false,,4.00,0.0471,true,1,61688
4000522061752,false,בייגלה צ'יו מקלות מלוחים 100 גרם,ר.ב. מוצרי דגנים בעמ,,בייגלה צ'יו מקלות,גרמים,100.00,100 גרם,false,,4.00,0.0400,true,1,32959
4000539280726,false,שוקולד לינדט אקסלנס מילד 70% 100 גר`,משה סידס ובנו בעמ,,שוקולד לינדט מריר 70,גרמים,100.00,100 גרם,false,,15.00,0.1500,true,1,121056
4000539280740,false,לינדט אקסלנס 78% מוצקי קקאו 100 גרם,לינדט ושפרונגלי קילשברג,,שוקולד לינדט 100 גר',גרמים,100.00,100 גרם,false,,15.00,0.1500,true,1,121258
4000539363108,false,שוקולד לינדור סטיקס 38 גרם,משה סידס ובנו בעמ,,שוקולד לינדור סטיק,גרמים,38.00,100 גרם,false,,5.90,0.1553,true,1,69988
4000576481889,false,צימרוני אוזניים לתינוק 72 יח',ג'ין קרול Jean Carol,,צימרונים 72 יח',יחידה,0.00,יחידה,false,,6.50,0.0000,true,1,17431
4001499152061,false,פרוש ספריי לניקוי כללי מכיל סודה 500 מל,ארדל רקס,,פרוש ספריי לניקוי כל,מיליליטרים,500.00,"100 מ""ל",false,,18.90,0.0378,true,1,24634
4001499162916,false,"נוזל כלים פרוש סודה 500 מ""ל",ארדל רקס,,פרוש נוזל כלים בתוספ,מיליליטרים,500.00,"100 מ""ל",false,,16.90,0.0338,true,1,72721
4001499180330,false,פרוש מרכך כביסה חלב שקדים 750 מל,ארדל רקס,,פרוש מרכך כביסה חלב,מיליליטרים,750.00,"100 מ""ל",false,,16.90,0.0225,true,1,24636
4001499185267,false,פרוש נוזל ניקוי אסלות על בסיס לבנדר 750,ארדל רקס,,פרוש ספריי לניקוי אס,מיליליטרים,750.00,"100 מ""ל",false,,15.90,0.0212,true,1,24638
4001499909122,false,"פרוש נוזל מסיר אבנית 300 מ""ל",,,פרוש נוזל מסיר אבנית,מיליליטרים,300.00,"100 מ""ל",false,,14.90,0.0497,true,1,60629
4001499957598,false,מטהר אסלות פרוש בניחוח פטל,ארדל רקס,,מטהר אסלות פרוש בניח,גרמים,42.00,100 גרם,false,,15.90,0.3786,true,1,121428
4001499957628,false,מטהר אסלות פרוש בניחוח לימון,ארדל רקס,,מטהר אסלות פרוש בניח,גרמים,42.00,100 גרם,false,,15.90,0.3786,true,1,121429
4001507161948,false,קווקר פתיתי שיבולת שועל דקה 500 גר,פורטין מולנברקה ג'ב,,שיבולת שועל דקה,גרמים,500.00,100 גרם,false,,6.00,0.0120,true,1,63643
4001507161955,false,קווקר פתיתי שיבולת שועל עבה 500 גר,פורטין מולנברקה ג'ב,,פתיתי שיבולת שועל עב,גרמים,500.00,100 גרם,false,,6.00,0.0120,true,1,78808
4001518003800,false,טורינוס מקלות פריכים עם פלפל ומלח 125 גרם,ר.ב. מוצרי דגנים בעמ,,טורינוס מקלות פריכים,גרמים,125.00,100 גרם,false,,13.90,0.1112,true,1,86668
4001518106112,false,טורינוס מקלות פריכים עם רוזמרין 125 גרם,ר.ב. מוצרי דגנים בעמ,,טורינוס מקלות פריכים,גרמים,125.00,100 גרם,false,,13.90,0.1112,true,1,86669
4002103248323,false,"ארדינגר פיקנטוס 7.3% כהה 500 מ""ל",ארדינגר,,בירה ארדינגר פיקנטוס,מיליליטרים,500.00,"100 מ""ל",false,,11.90,0.0238,true,1,120219
4002103289449,false,בירה ארדינגר ללא אלכוהול 330 מל,ארדינגר,,ארדינגר-בירה בק',מיליליטרים,330.00,"100 מ""ל",false,,6.50,0.0197,true,1,66197
4002448017684,false,"סיליט באנג ספריי ניקוי כללי מסיר אבנית 750 מ""ל",רקיט בנקיזר (ניר איסט) בעמ,,סיליט באנג ספריי,מיליליטרים,750.00,"100 מ""ל",false,,14.90,0.0199,true,1,4723
4002448019480,false,"סיליט באנג מסיר שומנים רב שימושי 750 מ""ל",רקיט בנקיזר (ניר איסט) בעמ,,סיליט באנג מסיר שומנ,מיליליטרים,750.00,"100 מ""ל",false,,14.90,0.0199,false,1,17991
4002575016253,false,מרציפן מצופה שוקולד זנטיס (100 גרם),הדקלאים אגודת שיתופי,,מרציפן מצופה שוק,גרמים,100.00,100 גרם,false,,8.90,0.0890,true,1,9637
4002590000022,false,סוכריות קלפני פירות יער אוכמניות 150 ג',ליימן שליסל בע`מ,,סוכריות קלפני,גרמים,150.00,100 גרם,false,,9.00,0.0600,true,1,2404
4002590000039,false,סוכריות בטעם פירות הדר קלפני 150 גרם,ליימן שליסל בע`מ,,סוכריות קלפני,גרמים,150.00,100 גרם,false,,9.00,0.0600,true,1,2405
4002590000046,false,סוכריות בטעם מנטה מרענן קלפני 150 גרם,ליימן שליסל בע`מ,,סוכריות קלפני,גרמים,150.00,100 גרם,false,,9.00,0.0600,true,1,2406
4002590000619,false,סוכריות קלפני בטעם ק,ליימן שליסל בעמ,,סוכריות בטעם קפה 150,גרמים,150.00,100 גרם,false,,9.00,0.0600,true,1,99909
4002590000626,false,סוכריות קלפני דובדבן,ליימן שליסל בעמ,,סוכריות קלפני דובדבן,גרמים,150.00,100 גרם,false,,9.00,0.0600,true,1,118716
4002590703541,false,סוכריות קלפני תות בפחית 150גר,ליימן שליסל בע`מ,,סוכריות קלפני תות 15,גרמים,150.00,100 גרם,false,,9.00,0.0600,true,1,58219
4002631025069,false,"בירה קוניגסבכר 4.6% 500 מ""ל פחית",קרלסברג יבוא יצוא,,קוניגסבכר פילס בירה,מיליליטרים,500.00,"100 מ""ל",false,,5.90,0.0118,true,1,58301
4002720004371,false,קפה אספרסו קלוי וטחון 250 גרם BELLA CREMA,דנשר (1963) בעמ,,מליטה CREMA BELLAקפה,גרמים,250.00,100 גרם,false,,25.90,0.1036,true,1,21655
4002720005736,false,מליטה קפה לפילטר פרימיום 250 גרם,המאפיה של הרמן,,מליטה קפה PREMIUMלפי,גרמים,250.00,100 גרם,false,,21.00,0.0840,false,1,11717
4003754021693,false,בונ עיגולי מרציפן עם מחית תפוזים בשוקול,Erasmi & Carstens Gm,,בנו' עיגולי מרציפן ע,גרמים,210.00,100 גרם,false,,17.90,0.0852,true,1,79549
4003754081000,false,מרציפן חטיף 100 גר CARSTENS ERASMI,Erasmi & Carstens Gm,,מרציפן חטיף 100 גרם,גרמים,100.00,100 גרם,false,,6.90,0.0690,true,1,72445
4004666042004,false,"מלרוד מרסס משמיד עובש יעקבי 500 מ""ל","יעקב יעקבי ובניו בע""מ",,משמיד עובש עם מר,מיליליטרים,500.00,"100 מ""ל",false,,29.90,0.0598,true,1,14938
4004666111656,false,"ג'ל פעיל להשמדת עובש 250 מ""ל מרלוד",יעקב יעקבי ובניו בעמ,,מלרוד ג'ל פעיל להשמד,מיליליטרים,250.00,"100 מ""ל",false,,27.90,0.1116,true,1,118516
4004666111663,false,"מלרוד שפורפרת להלבנת בין חרסינות 90מ""",יעקב יעקבי ובניו בעמ,,מלרוד שפורפרת להלבנת,מיליליטרים,90.00,"100 מ""ל",false,,24.90,0.2767,true,1,118515
4005808890507,false,ניוואה קרם סופט רב שימושי 200 מל יבוא,פארמה דיל (פ.א.ב.) שיווק והפצה,,ניוואה סופט קרם 200ג,גרמים,250.00,100 גרם,false,,24.90,0.0996,true,1,15236
4005900555540,false,לבלו כחול אורגינל,פארמה דיל שיווק והפצה בעמ,,שפתון לבלו,יחידה,0.00,יחידה,false,,9.90,0.0000,true,1,80649
4006387085407,false,שלישיית פילטר מקסטרא סודהסטרים,סודה סטרים ישראל בעמ,,שלישיית פילטר מקס פל,יחידה,0.00,יחידה,false,,99.90,0.0000,false,1,73648
4006508122134,false,מליטה נייר פילטר מספר 40 - 4יח,שוורצקוף& הנקל דיסלד,,מליטה נייר לפילטר מס,יחידה,0.00,יחידה,false,,10.90,0.0000,true,1,64581
4006508123094,false,"מליטה-נייר פילטר לקפה מספר 2, 40 יח",דנשר (1963) בעמ,,נייר פילטר מספר 2 מל,יחידה,0.00,יחידה,false,,9.90,0.0000,true,1,65088
4007519050713,false,שקיות אשפה עם שרוך חזקות במיוחד 35 ליטר,פאלי Pely,,פלי 25 שקיות אשפה- 3,יחידה,0.00,יחידה,false,,10.90,0.0000,true,1,17432
4007519050720,false,שקיות אשפה עם שרוך חזקות במיוחד 60 ליטר,פאלי Pely,,פלי 20 שקיות אשפה- 6,יחידה,0.00,יחידה,false,,10.90,0.0000,true,1,17433
4007519050744,false,שקיות אשפה עם שרוך חזקות במיוחד 120 ליטר,פאלי Pely,,פלי 10 שקיות אשפה- 1,יחידה,0.00,יחידה,false,,10.90,0.0000,true,1,17434
4007519086224,false,פלי שקיות אשפה ריחניות 20 ליטר 22 יח,וו.פלץ,,פלי 22 שקיות אשפה 20,יחידה,0.00,יחידה,false,,10.90,0.0000,true,1,60695
4007519086262,false,פלי שקיות אשפה ריחניות 22 יח 60 ל,וו.פלץ,,פלי 16 שקיות אשפה 60,יחידה,0.00,יחידה,false,,10.90,0.0000,true,1,60473
4007745058804,false,נטורפוד מיונז אורגני 340 גרם,אף.סי תבליני בגליל ב,,מיונז אמיתי אורגני,גרמים,340.00,100 גרם,false,,21.00,0.0618,true,1,60133
4007745058811,false,חרדל צרפתי חלק אורגני 200 גרם,נטורפוד בעמ,,חרדל צרפתי חלק 145 ג,גרמים,145.00,100 גרם,false,,13.90,0.0959,true,1,77985
4007745058828,false,חרדל צרפתי גרגרים אורגני 200 גרם,נטורפוד בעמ,,חרדל גרגירים אורגני,גרמים,145.00,100 גרם,false,,13.90,0.0959,true,1,77386
4008102002867,false,גרגירים להכנת תה לימון מילפורד 400 גרם,ליימן מותגים,,תה גרגרים מילפורד לי,גרמים,400.00,100 גרם,false,,14.90,0.0373,true,1,9642
4008287051032,false,בירה קרומבאכר פילס 0.50 ליטר פחית,מנדלז סי.אר. פרודקשן,,קרומבאכר פילס פחית 5,מיליליטרים,500.00,"100 מ""ל",false,,9.90,0.0198,true,1,88628
4008287762020,false,בירה קרומבאכר חיטה 0.50 ליטר בקבוק,אגודת הכורמים -כרמל מזרחי,,בירה קרומבאכר בקבוק,מיליליטרים,500.00,"100 מ""ל",false,,9.90,0.0198,true,1,32491
4008287905786,false,בירה קרומבאכר חיטה 5.3% פחית 500 מל,אגודת הכורמים -כרמל מזרחי,,קרומבכר חיטה פחית 50,מיליליטרים,500.00,"100 מ""ל",false,,9.90,0.0198,true,1,88629
4008402101772,false,"קיווי אקספרס ספוג הברקה חום 6מ""ל",Jonson ג'ונסון,,קיווי אקספרס ספוג הב,יחידה,0.00,יחידה,false,,14.90,0.0000,true,1,25043
4009300522935,false,תה ירוק פומפדור לימונית ולואיזה 20 יחידות,"איטיליאן פוד, אס.פי.",,פומפדור תה ירוק לימו,גרמים,30.00,100 גרם,false,,19.90,0.6633,true,1,7787
4009300522966,false,תה ירוק עם נענע פומפדור 20 יחידות,"איטיליאן פוד, אס.פי.",,פומפדור תה ירוק נענע,גרמים,36.00,100 גרם,false,,19.90,0.5528,true,1,7788
4009300524625,false,תה צ'אי מסאלה פומפדור 20 יחידות,ש.שסטוביץ בעמ,,תה פומפדור צ'אי מסאל,גרמים,40.00,100 גרם,false,,13.90,0.3475,true,1,7792
4009300525011,false,פומפידור תה ירוק עם תפוז וג'ינגר 25 שקיקים,"איטיליאן פוד, אס.פי.",,תה פומפדור ירוק תפוז,יחידה,0.00,יחידה,false,,19.90,0.0000,true,1,7793
4009300526438,false,תה ירוק פומפדור קלאסי 20 יחידות,"איטיליאן פוד, אס.פי.",,תה ירוק קלאסי פומפדו,יחידה,0.00,יחידה,false,,19.90,0.0000,true,1,32902
4009300527497,false,פומפדור חליטת צמחים מנטה לימון 30 גר,TEEKANNE- POMPADOU,,פומפדור חליטת צמחים,יחידה,0.00,יחידה,false,,15.90,0.0000,true,1,65795
4009300528821,false,תה ירוק פומפדור ג'ינגר וקינמון 20 יחידות,ש.שסטוביץ בעמ,,פומפדור תה ירוק ג'ינ,יחידה,0.00,יחידה,false,,19.90,0.0000,true,1,78018
4009300528845,false,"פומפדור תה ירוק עם לימונית דבש 30 מ""ל",ש.שסטוביץ בעמ,,פומפדור תה ירוק לימו,יחידה,0.00,יחידה,false,,19.90,0.0000,true,1,78019
4009300529514,false,תה חליטת פומפדור פירות אוכמניות 20 יח,ש.שסטוביץ בעמ,,פומפדור חליטת פירות,גרמים,50.00,100 גרם,false,,15.90,0.3180,true,1,120303
4009300529538,false,תה חליטת פומפדור פירות לימון 20 יח,ש.שסטוביץ בעמ,,פומפדור חליטת פירות,גרמים,45.00,100 גרם,false,,15.90,0.3533,true,1,120304
4009300530107,false,חליטה קרה בטעמי תות שדה ותפוז פומפדור 45 ג',ש.שסטוביץ בעמ,,פומפדור חליטה קרה תו,גרמים,45.00,100 גרם,false,,14.90,0.3311,true,1,88636
4009300530121,false,חליטה קרה בטעמי אפרסק ופסיפלורה פומפדור 45 ג',ש.שסטוביץ בעמ,,פומפדור חליטה קרה אפ,גרמים,45.00,100 גרם,false,,14.90,0.3311,true,1,88637
4009300530145,false,חליטה קרה בטעמי מוחיטו ופירות יער פומפדור 45 ג',ש. שסטוביץ בע`מ,,פומפדור חליטה קרה מו,גרמים,45.00,100 גרם,false,,14.90,0.3311,true,1,88638
4009300530183,false,תה חליטת פומפדור תפוז ספרדי 20 יח,ש.שסטוביץ בעמ,,פומפדור חליטת תפוז ס,גרמים,44.00,100 גרם,false,,15.90,0.3614,true,1,122013
4009300530206,false,תה חליטת פומפדור תפוח טורקי 20 יח,ש.שסטוביץ בעמ,,פומפדור חליטת תפוח ט,גרמים,50.00,100 גרם,false,,15.90,0.3180,true,1,122015
4009309740422,false,רסק תפוחים אורגני – נטורפוד 700 גרם,נטורפוד בעמ,,רסק תפוחים אורגני,גרמים,700.00,100 גרם,false,,15.90,0.0227,true,1,77173
4009309742426,false,רסק תפוח מנגו אורגני 700 גר נטורפוד,נטורפוד בעמ,,רסק תפוח מנגו אורגני,גרמים,700.00,100 גרם,false,,17.50,0.0250,true,1,77174
4009900013581,false,מסטיק אורביט ספרמינט סטיקס משפחתי-חמישיות,"מרס ריגלי ישראל בע""מ",,אורביט ספירמינט סקיק,גרמים,65.00,100 גרם,false,,9.90,0.1523,true,1,28022
4009900379564,false,מסטיק טייפ בטעם פירות הובה בובה (56 גרם),מרס ריגלי קונפקשונרי,,מסטיק הובה בובה פירו,גרמים,56.00,100 גרם,false,,6.50,0.1161,true,1,7568
4009900385824,false,מסטיק אורביט פפרמינט סטיקס משפחתי-חמישיות,"מרס ריגלי ישראל בע""מ",,מארז חמישיית אורביט,יחידה,0.00,יחידה,false,,9.90,0.0000,true,1,28293
4009900402965,false,אורביט וויט בטעם פירות בקבוקון 46מלבניות,"מרס ריגלי ישראל בע""מ",,אורביט בקבוקון בטעם,גרמים,64.00,100 גרם,false,,10.00,0.1563,true,1,24422
4009900403023,false,אורביט וויט בטעם מנטה בקבוקון 46 מלבניות,"מרס ריגלי ישראל בע""מ",,אורביט בקבוקון בטעם,גרמים,64.00,100 גרם,false,,10.00,0.1563,true,1,24423
4009900406918,false,מסטיק הובה בובה טייפ טריפל מיקס 56ג',מרס ריגלי קונפקשונרי,,מסטיק הובה בובה טריפ,גרמים,56.00,100 גרם,false,,6.50,0.1161,true,1,7576
4009900420129,false,מסטיק אורביט פרופשנל פפרמינט בקבוקון 64 גר',"מרס ריגלי ישראל בע""מ",,אורביט פרופשיונל פפר,גרמים,64.00,100 גרם,false,,10.00,0.1563,true,1,76459
4009900426039,false,מסטיק מנטה אקליפטוס בקבוקון איירווייבס 64 גרם,"מרס ריגלי ישראל בע""מ",,מסטיק איירוויבז מנטה,גרמים,64.00,100 גרם,false,,10.00,0.1563,true,1,66448
4009900455299,false,"סוכרית ג'לי אדומה 174 גרם ""סקיטלס""","מרס ריגלי ישראל בע""מ",,סוכריות סקיטלס פירות,גרמים,174.00,100 גרם,false,,8.90,0.0511,true,1,33764
4009900465304,false,סוכריות סקיטלס פירות חמוצים 174 גרם,"מרס ריגלי ישראל בע""מ",,סוכריות סקיטלס פירות,גרמים,174.00,100 גרם,false,,8.90,0.0511,true,1,33765
4009900479998,false,אורביט וויט אוכמניות בקבוקון 46 מלבניות,"מרס ריגלי ישראל בע""מ",,מסטיק אורביט אוכמניו,גרמים,64.00,100 גרם,false,,10.00,0.1563,true,1,33490
4009900482417,false,מסטיק אורביט פירות מנטה בקבוקון באבל מינט 45יח,"מרס ריגלי ישראל בע""מ",,מסטיק אורביט באבל מי,יחידה,0.00,יחידה,false,,10.00,0.0000,true,1,26933
4009900500166,false,סוכריות פירות אדום סקיטלס בקבוקון 125ג',"מרס ריגלי ישראל בע""מ",,סוכריות סקיטלס בבקבו,גרמים,125.00,100 גרם,false,,8.90,0.0712,true,1,67160
4009900521581,false,סוכריות אורביט מינטס מנטה בבקבוקון 77 גר,"מרס ריגלי ישראל בע""מ",,אורביט מינטס מנטה בק,גרמים,77.00,100 גרם,false,,10.00,0.1299,true,1,70515
4009900521611,false,סוכריות אורביט מינטס דובדבן מנטה בבקבוקון,מרס ריגלי ישראל בעמ,,אורביט מינטס דובדבן,יחידה,0.00,יחידה,false,,10.00,0.0000,true,1,70375
4009900531122,false,"מסטיק בטעם מנטה ספירמינט, 64 ג' פרופשיונל אורפיט","מרס ריגלי ישראל בע""מ",,אורביט פרופשיונל ספי,גרמים,64.00,100 גרם,false,,10.00,0.1563,true,1,76460
4009900531573,false,סוכריות סקיטלס סמודיס בטעמי יוגורט ופירות,"מרס ריגלי ישראל בע""מ",,סוכריות סקיטלס סמודי,גרמים,174.00,100 גרם,false,,8.90,0.0511,true,1,78131
4009900532327,false,סוכריות סקיטלס סמודיס בטעמי יוגורט ופירות,"מרס ריגלי ישראל בע""מ",,סוכריות סקיטלס סמודי,גרמים,38.00,100 גרם,false,,3.00,0.0789,true,1,78399
4009900534611,false,מסטיק איירוויבז בקבוקון בטעם מלון ומנטה,ריגלי,,מסטיק איירוויבז בטעם,גרמים,64.00,100 גרם,false,,10.00,0.1563,true,1,82866
4009900535519,false,מסטיק אורביט רפרשרס ספירמינט ללא סוכר 15.6גר',"מרס ריגלי ישראל בע""מ",,אורביט רפרשרס ספירמי,גרמים,15.60,100 גרם,false,,3.90,0.2500,true,1,87564
4009900535540,false,מסטיק אורביט רפרשרס פפרמינט ללא סוכר 15.6גר',"מרס ריגלי ישראל בע""מ",,אורביט רפרשרס פפרמינ,גרמים,15.60,100 גרם,false,,3.90,0.2500,true,1,87565
4009900535823,false,מסטיק אורביט רפרשרס באבלמינט ללא סוכר 15.6גר',"מרס ריגלי ישראל בע""מ",,אורביט רפרשרס באבלמי,גרמים,15.60,100 גרם,false,,3.90,0.2500,true,1,87566
4009900536257,false,מסטיק אורביט רפרשרס ספירמינט בקבוקון ללא סוכר 67 גר',מרס ריגלי קונפקשונרי,,אורביט רפרשרס ספירמי,גרמים,67.00,100 גרם,false,,11.90,0.1776,true,1,87567
4009900536288,false,מסטיק אורביט רפרשרס פפרמינט בקבוקון ללא סוכר 67 גר',מרס ריגלי קונפקשונרי,,אורביט רפרשרס פפרמינ,גרמים,67.00,100 גרם,false,,11.90,0.1776,true,1,87568
4009900536486,false,מסטיק אורביט רפרשרס באבלמינט בקבוקון ללא סוכר 67 גר',מרס ריגלי קונפקשונרי,,אורביט רפרשרס באבלמי,גרמים,67.00,100 גרם,false,,11.90,0.1776,true,1,87569
4009900539401,false,מסטייק אורבייט פייב באונוס מנטה HP,מרס ריגלי ישראל בעמ,,פייב באונס בטעם מנטה,גרמים,14.40,100 גרם,false,,3.90,0.2708,true,1,119475
4009900539432,false,מסטייק אורבייט פייב באונוס אבטיח HP,מרס ריגלי ישראל בעמ,,פייב באונס בטעם אבטי,גרמים,14.40,100 גרם,false,,3.90,0.2708,true,1,119476
4009900539685,false,"מסטיק פייב באונס בטעם מנטה בקבוקון, 61.8 גרם","מרס ריגלי ישראל בע""מ",,מסטיק פייב באונס בטע,גרמים,61.80,100 גרם,false,,11.90,0.1926,true,1,119473
4009900539746,false,"מסטיק פייב באונס בטעם אבטיח בקבוקון, 61.8 גרם","מרס ריגלי ישראל בע""מ",,פייב באונס בטעם אבטי,גרמים,61.80,100 גרם,false,,11.90,0.1926,true,1,119474
4009900540551,false,מסטיק אורביט רפרשרס טרופיקל בקבוקון ללא סוכר,מרס ריגלי ישראל בעמ,,אורביט ריפרשרס טרופי,גרמים,67.00,100 גרם,false,,11.90,0.1776,true,1,119121
4011800290030,false,חטיף חלבון עם שוקולד חלב ללא תוספת סוכר,מ.סידס ובנו בעמ,,קורני חטיף חלבון שוק,גרמים,50.00,100 גרם,false,,8.90,0.1780,true,1,120631
4011800290054,false,חטיף חלבון עם קוקוס ושוקולד חלב ללא תוספת סוכר,משה סידס ובנו בעמ,,קורני חטיף חלבון קוק,גרמים,50.00,100 גרם,false,,8.90,0.1780,true,1,120632
4011800528416,false,קורני חטיף דגנים עם בוטנים מתוק-מלוח*6,משה סידס ובנו בעמ,,חטיפי קורני בייס שיש,גרמים,150.00,100 גרם,false,,11.90,0.0793,false,1,81231
4011800567613,false,מאגדת קורני מילק דרק & ואיט 120 גרם,מיוצר עי קונדיטוריית,,קורני סנדוויץ שחור ל,גרמים,120.00,100 גרם,false,,11.90,0.0992,false,1,31826
4011800568610,false,מארז רביעיית קורני בטעם קלאסי,שוורטאוור וורקה,,קורני סנדוויץ קלאסי,יחידה,0.00,יחידה,false,,11.90,0.0000,false,1,31680
4011800617615,false,קורני ביג שוקולד 50 גר`,משה סידס ובנו בעמ,,חטיף קורני ביג שוקול,גרמים,50.00,100 גרם,false,,4.50,0.0900,true,1,81620
4011800618315,false,קורני ביג דארק אנד וואיט 40 גר`,משה סידס ובנו בעמ,,חטיף קורני ביג 50 גר,גרמים,50.00,100 גרם,false,,4.50,0.0900,true,1,81629
4011800628512,false,חטיף קורני שוקולד חלב 6 יח 150 גר,מיוצר עי קונדיטוריית,,קורני עם שוקולד חלב,יחידה,0.00,יחידה,false,,11.90,0.0000,false,1,30236
4011800629519,false,"מארז חטיפי דגנים אגוזים ""קורני""",משה סידס ובנו בעמ,,קורני עם אגוזים,יחידה,0.00,יחידה,false,,11.90,0.0000,false,1,30866
4011800630515,false,חטיף קורני שוקולד חלב ובננה 6 יח 150 גר,מיוצר עי קונדיטוריית,,קורני עם שוקולד חלב,גרמים,150.00,100 גרם,false,,11.90,0.0793,false,1,29984
4011800632519,false,חטיף קורני שישייה שוקולד חלבי וקוקוס,מיוצר עי קונדיטוריית,,קורני עם שוקולד חלב,יחידה,0.00,יחידה,false,,11.90,0.0000,false,1,30237
4011800633516,false,קורני שוקולד מריר מעולה 58% קקאו 6*1,משה סידס ובנו בעמ,,קורני עם שוקולד מריר,גרמים,150.00,100 גרם,false,,11.90,0.0793,false,1,29985
4011800635510,false,חטיף קורני Corny Free עם אגוזי לוז ללא תוספת סוכר,משה סידס ובנו בעמ,,קורני פרי עם אגוזים,יחידה,0.00,יחידה,false,,11.90,0.0000,false,1,30867
4011800637514,false,חטיף קורני Corny Free עם שוקולד לבן ללא תוספת סוכר,מ.סידס ובנו בעמ,,קורני פרי עם שוקולד,גרמים,120.00,100 גרם,false,,11.90,0.0992,false,1,30337
4014400900217,false,בונבונריית מרסי מבחר ממתקי שוקולד 400 גרם,קריניציה ויטמינה אס,,בונבונירה מרסי 400 ג,גרמים,400.00,100 גרם,false,,49.90,0.1247,false,1,2412
4014400901191,false,בונבונריית מרסי מבחר ממתקי שוקולד 250 גרם,ליימן שליסל בע`מ,,בונבונירה מרסי 250 ג,גרמים,250.00,100 גרם,false,,24.90,0.0996,true,1,2413
4014400904277,false,סוכריות בטעם מנטה אייס פרש סטורק 425 גרם,ליימן שליסל בע`מ,,סוכריות אייס פרש,גרמים,425.00,100 גרם,false,,17.90,0.0421,true,1,9651
4014400904307,false,סוכריות בטעם פירות קליפורניה סטורק 425 גרם,קריניציה ויטמינה אס,,סוכריות קליפורניה,גרמים,425.00,100 גרם,false,,17.90,0.0421,true,1,9652
4014400904376,false,סוכריות טופי בטעם שוקולד סטורק 325 גרם,קריניציה ויטמינה אס,,סוכריות שוקלדן,גרמים,325.00,100 גרם,false,,17.90,0.0551,true,1,9654
4014400904390,false,סוכריות טופי ממולא חלב סטורק 325 גרם,קריניציה ויטמינה אס,,סוכריות וולמילש,גרמים,325.00,100 גרם,false,,17.90,0.0551,true,1,9655
4014400907902,false,"וורטרס אורגינל סוכריות חמאה ללא סוכר בקופסה
42 גרם",ליימן שליסל בע`מ,,סוכריות וורטר בקופסא,גרמים,42.00,100 גרם,false,,6.00,0.1429,true,1,9656
4014400909692,false,וורטרס אורגינל סוכריות חמאה ללא סוכר בטעם קפוצי'ינו בקופסה 42 גרם,קריניציה ויטמינה אס,,סוכריות וורטר בוקס ק,גרמים,42.00,100 גרם,false,,6.00,0.1429,true,1,20438
4014400910063,false,סוכריות חמאה וורטרס אורגינל (135 גרם),ליימן שליסל בע`מ,,סוכריות וורטר שקית,גרמים,135.00,100 גרם,false,,8.70,0.0644,true,1,9659
4014400913910,false,וורטרס אורגינל סוכריות חמאה ממולאות קרם קרמל בשקית,ליימן שליסל בע`מ,,סוכריות וורטר במילוי,יחידה,0.00,יחידה,false,,8.70,0.0000,true,1,32981
4014400914696,false,וורטרס אורגינל סוכריות ללא סוכר 80 גרם,ליימן שליסל בע`מ,,סוכריות וורטר ללא תו,גרמים,80.00,100 גרם,false,,8.70,0.1087,true,1,9662
4014400914924,false,"סוכריות בטעם קפה וורטר אורגינל לל""ס 80 גרם",קריניציה ויטמינה אס,,סוכריות וורטר קפה לל,גרמים,80.00,100 גרם,false,,8.70,0.1087,true,1,9663
4014400920857,false,וורטר אורגינל ללא סוכר בטעם שוקולד-שקית 70 גרם,קריניציה ויטמינה אס,,וורטר סוכריות שוקולד,גרמים,70.00,100 גרם,false,,8.70,0.1243,true,1,58624
4014400923711,false,בונבוניירה שוקולד אגוזים טופיפי 125 גרם,ליימן שליסל בע`מ,,טופיפי 125 גר',גרמים,125.00,100 גרם,false,,11.90,0.0952,true,1,67139
4014400925319,false,וורטרס אורגינל פופקורן קרמל 140 גרם,ליימן שליסל בע`מ,,וורטר פופקורן קרמל,גרמים,140.00,100 גרם,false,,12.90,0.0921,true,1,86049
4014400929010,false,וופל מיני קנופרס 200 גר 10 גר*20 יחידות,ליימן שליסל בע`מ,,וופל מיני קנופרס,גרמים,200.00,100 גרם,false,,18.90,0.0945,true,1,120018
4014522180108,false,בודטה-סוכריות אורגני צמחים בטעם ג'ינגר 75ג,,,בודטה סוכריות אורגני,גרמים,75.00,100 גרם,false,,7.50,0.1000,true,1,81719
4015000031394,false,"ספטיל - משחה להסרת כתמים 200 מ""ל",גורי שיווק בעמ,,מסיר כתמים ספטיל 200,גרמים,200.00,100 גרם,false,,16.90,0.0845,false,1,17176
4015000615884,false,"פה - דאודורנט ספריי לאישה קריביין לימון 200 מ""ל",שוורצקופף והנקל,,דאו' ספרי פה C.Lemon,מיליליטרים,200.00,"100 מ""ל",false,,10.00,0.0500,false,1,17210
4015400564034,false,מגן תחתון אולוויז מגה פק לונג פלוס 58 יחידות,דיפלומט מפיצים (1986) בע`מ,,מגן תחתון אולוויז לו,יחידה,0.00,יחידה,false,,16.90,0.0000,false,1,58884
4015400564454,false,מגני תחתון אולוויז לארג' עם ניחוח מגה פק,דיפלומט מפיצים (1986) בע`מ,,מגן תחתון אולוויז לא,יחידה,0.00,יחידה,false,,16.90,0.0000,false,1,63085
4015400623663,false,מגבונים לחים ניו בייבי רביעייה ללא בישום,דיפלומט מפיצים 1968 בעמ,,פמפרס מגבוני ניו ביי,יחידה,0.00,יחידה,false,,18.90,0.0000,true,1,122278
4015400681670,false,תחבושות אולוויז וליו פק לילה בטוח 18 יחידות,דיפלומט מפיצים (1986) בע`מ,,תחבושות אולוויז לילה,יחידה,0.00,יחידה,false,,16.90,0.0000,false,1,62289
4015400690313,false,טמפונים פרל רגולר טמפקס קומפאק 18 יח,דיפלומט מפיצים (1968) בעמ,,טמפקס קומפקט פרל רגו,יחידה,0.00,יחידה,false,,27.90,0.0000,true,1,66036
4015400690405,false,טמפונים פרל סופר טמפקס קומפאק 18 יח,דיפלומט מפיצים (1968) בעמ,,טמפקס קומפקט פרל סופ,יחידה,0.00,יחידה,false,,27.90,0.0000,true,1,66037
4015400690498,false,טמפונים פרל סופר פלוס טמפקס קומפאק 18 יח,דיפלומט מפיצים (1968) בעמ,,טמפקס קומפאקט פרל סו,יחידה,0.00,יחידה,false,,27.90,0.0000,true,1,66038
4015400715320,false,טמפקס קומפאק רגולר לייט 22 יח`,דיפלומט מפיצים (1986) בע`מ,,טמפקס קומפאק רגולר 2,יחידה,0.00,יחידה,false,,24.90,0.0000,true,1,62789
4015400731719,false,תחבושות היגייניות אולוויז יום ולילה Day & Night,דיפלומט מפיצים (1986) בע`מ,,תחבושות אולוויז וליו,יחידה,0.00,יחידה,false,,16.90,0.0000,false,1,64775
4015400746812,false,מגני תחתון אולוויז נורמל עם ניחוח מגה פק,דיפלומט מפיצים (1986) בע`מ,,מגן תחתון אולוויז נו,יחידה,0.00,יחידה,false,,16.90,0.0000,false,1,65350
4015400755241,false,תחבושות היגייניות אולוויז אולטרה נורמל - 28 יח',דיפלומט מפיצים (1986) בע`מ,,תחבושות אולוויז וליו,יחידה,0.00,יחידה,false,,16.90,0.0000,false,1,65152
4015400755487,false,תחבושות היגייניות אולוויז אולטרה לונג - 24 יח',דיפלומט מפיצים (1986) בע`מ,,תחבושות אולוויז וליו,יחידה,0.00,יחידה,false,,16.90,0.0000,false,1,65153
4015600762742,false,שמפו יומיומי למניעת קשקשים הנוסחה הקלאסית,דיפלומט מפיצים (1986) בע`מ,,שמפו הד אנד שולדרס ק,מיליליטרים,500.00,"100 מ""ל",false,,16.90,0.0338,true,1,27282
4015600762780,false,שמפו וקונדישינר יומיומי למניעת קשקשים הנוסחה הקלאסית 2in1,דיפלומט מפיצים (1986) בע`מ,,הד אנד שולדרס 2 ב 1,מיליליטרים,500.00,"100 מ""ל",false,,16.90,0.0338,true,1,27283
4015600762902,false,"שמפו האד אנד שולדרס מנטול 500 מ""ל",דיפלומט מפיצים (1986) בע`מ,,שמפו הד אנד שולדרס מ,מיליליטרים,500.00,"100 מ""ל",false,,16.90,0.0338,true,1,27286
4015600762940,false,שמפו יומיומי למניעת קשקשים בניחוח תפוח,דיפלומט מפיצים (1986) בע`מ,,שמפו הד אנד שולדרס ת,מיליליטרים,500.00,"100 מ""ל",false,,16.90,0.0338,true,1,27287
4015600763022,false,שמפו יומיומי למניעת קשקשים לשיער יבש/פגום לשיער רך כמשי,דיפלומט מפיצים (1986) בע`מ,,שמפו הד אנד שולדרס מ,מיליליטרים,500.00,"100 מ""ל",false,,16.90,0.0338,true,1,27289
4015600766900,false,"שמפו ומרכ ך נגד קשקשים 500 מ""ל הד אנד שולדרס",דיפלומט מפיצים (1986) בע`מ,,הד אנד שולדרס שמפו /,מיליליטרים,500.00,"100 מ""ל",false,,16.90,0.0338,true,1,30887
4015600807436,false,"ג'ילט - דאודורנט ג'ל לגבר כדוריות קול וויב 75 מ""ל",פארמה דיל (פ.א.ב.) שיווק והפצה,,דאוד' קליר ג'ל גילט,מיליליטרים,75.00,"100 מ""ל",false,,18.90,0.2520,true,1,32681
4017100198151,false,בלזן היט ביסקוויט עם מלית קרם בטעם וניל (41%) 220 גרם,הדקלאים אגודת שיתופי,,עוגיות היט וניל 220,גרמים,220.00,100 גרם,false,,7.90,0.0359,false,1,60011
4017100210105,false,וופל בלזן גליליות וופל עם שוקולד מריר,הדקלאים אגודת שיתופי,,וופלטן גלילי וופל,גרמים,100.00,100 גרם,false,,11.90,0.1190,false,1,40005
4017100290008,false,בלזן בסקויט חמאה מצופה שוקולד חלב 125 גרם,הדקלאים אגודת שיתופי,,ביסקוויט ליבניץ שוקו,גרמים,125.00,100 גרם,false,,11.90,0.0952,true,1,8566
4017100291005,false,בלזן לייבניז בסקויט חמאה מצופה שוקולד מריר 125 גרם,הדקלאים אגודת שיתופי,,ביסקוויט מצופה שוקול,גרמים,125.00,100 גרם,false,,11.90,0.0952,false,1,8567
4017100364112,false,בלזן היט בסקוויט סנדביץ עם מלית קרם בטעם שוקולד קקאו (41%) 220 גרם,הדקלאים אגודת שיתופי,,עוגיות בלזן היט קקאו,גרמים,220.00,100 גרם,false,,7.90,0.0359,false,1,58227
4018722100133,false,איטריות כוסמין וביצים אורגניות למרק 250ג,נטורפוד בעמ,,אטריות כוסמין וביצים,גרמים,250.00,100 גרם,false,,13.90,0.0556,true,1,77378
4018722100157,false,פסטה פוזילי מקמח כוסמין מלא אורגני,האחים פלם הגפן,,אלד גולד פוזילי כוסמ,גרמים,250.00,100 גרם,false,,11.90,0.0476,true,1,77193
4018722100188,false,אלב גולד-אטריות רחבות כוסמין וביצים 250 גרם,נטורפוד בעמ,,אטריות רחבות כוסמין,גרמים,250.00,100 גרם,false,,13.90,0.0556,true,1,78043
4018722102632,false,ספגטי כוסמין מלא אורגני 500 גרם,נטורפוד בעמ,,אלב גולד ספגטי כוסמי,גרמים,500.00,100 גרם,false,,14.90,0.0298,true,1,77194
4018722102656,false,ספגטי כוסמין אורגני 500 גרם,נטורפוד בעמ,,אלב גולד ספגטי כוסמי,גרמים,500.00,100 גרם,false,,14.90,0.0298,true,1,77195
4018722303459,false,אלב גולד - מקרוני כוסמין אורגני,נטורפוד בעמ,,מקרוני כוסמין אורגני,גרמים,250.00,100 גרם,false,,10.90,0.0436,true,1,78044
4018722343141,false,אלב גולד פנה כוסמין אורגני נייר,נטורפוד בעמ,,פסטה פנה אורגנית כוס,גרמים,500.00,100 גרם,false,,19.90,0.0398,true,1,85619
4018722343158,false,אלב גולד פוזילי כוסמין אורגני,אלב גולד,,פסטה פוזילי אורגנית,גרמים,500.00,100 גרם,false,,19.90,0.0398,true,1,85620
4018722344308,false,פפרדלה כוסמין אורגני אלב גולד 500 גרם,אלב גולד,,אלב גולד פסטה פפרדלה,גרמים,500.00,100 גרם,false,,18.00,0.0360,true,1,83104
4022025001752,false,בלו נאן מבעבע חצי יבש כשר *,היכל היין שקד גולן בעמ,,בלו נאן מבעבע כחול,מיליליטרים,750.00,"100 מ""ל",false,,49.90,0.0665,true,1,75901
4022025001790,false,יין בלו נאן מבעבע גולד 24 קראט*,היכל היין שקד גולן בעמ,,בלו נאן גולד 24K אדי,מיליליטרים,750.00,"100 מ""ל",false,,49.90,0.0665,true,1,74646
4022025002087,false,בלו נאן מבעבע רוזה 24 קראט*,היכל היין שקד גולן בעמ,,בלו נאן מבעבע רוזה 2,מיליליטרים,750.00,"100 מ""ל",false,,49.90,0.0665,true,1,85633
4022025262009,false,בלו נאן כשר גוורץ ריזלינג,היכל היין שקד גולן בעמ,,יין בלו נאן כשר,מיליליטרים,750.00,"100 מ""ל",false,,45.90,0.0612,true,1,66497
4022025290309,false,יין בלו נאן פינק רוז,היכל היין שקד גולן בעמ,,בלו נאן פינק כשר,גרמים,750.00,100 גרם,false,,36.90,0.0492,true,1,76695
4022025773000,false,יין בלו נאן מוסקטו כ,בלו נאן,,בלו נאן מוסקטו כשר,מיליליטרים,750.00,"100 מ""ל",false,,45.90,0.0612,true,1,87407
4025700001962,false,מילקה טבלה 100 גר' לבן 1/22 (4248023),דיפלומט מפיצים (1968) בעמ**,,מילקה שוקולד לבן,גרמים,100.00,100 גרם,false,,5.90,0.0590,true,1,84517
4032900124193,false,כאמל צהוב ארוך PP חפיסה,Unknown,,כאמל צהוב ארוך,יחידה,0.00,יחידה,false,,30.00,0.0000,false,1,82500
4047778012480,false,פותחן מלצרים נירוסטה,,,פותחן יין מהודר,יחידה,0.00,יחידה,false,,21.90,0.0000,true,1,119761
4053700292455,false,ויט רצועות שעווה מוכנות להסרת שיער לעור רגיל 12 יחידות,רקיט בנקיזר (ניר איסט) בעמ,,ויט רצועות שעווה,יחידה,0.00,יחידה,false,,19.90,0.0000,true,1,17995
4061445096689,false,קפה דוידוף מגורען 100 גר ESPRESSO 57,"טשיבו, אספי.זד.או.או",,קפה דוידוף אספרסו מג,גרמים,100.00,100 גרם,false,,21.90,0.2190,false,1,84686
4061445096702,false,קפה דוידוף מגורען 100 גר FINE AROMA,"טשיבו, אספי.זד.או.או",,קפה נמס דוידוף ארומה,גרמים,100.00,100 גרם,false,,21.90,0.2190,false,1,83999
4066600601920,false,פאולנר ביתר חיטה מעוננת 500 מל,טמפו משקאות בע`מ,,"פאולנר פחית 500 מ""ל",מיליליטרים,500.00,"100 מ""ל",false,,10.90,0.0218,true,1,82560
4066600999614,false,"בירה פאולנר, בירת חיטה מעוננת, בקבוק 500 מ""ל",טמפו משקאות בע`מ,,"בירה פאולנר 500 מ""ל",מיליליטרים,500.00,"100 מ""ל",false,,11.00,0.0220,true,1,67778
4072700001188,false,"בירה פרנסיסקאנר כהה בקבוק 500 מ""ל",הכרם -משקאות חריפים בע`מ,,פרנסיסקאנר בירה כהה,יחידה,500.00,יחידה,false,,9.90,0.0198,true,1,26417
4072700001775,false,בירה פרנסיסקאנר בהירה מעוננת בפחית,הכרם -משקאות חריפים בע`מ,,פרנסיסקאנר בירה מעונ,מיליליטרים,500.00,"100 מ""ל",false,,9.90,0.0198,true,1,31192
4084500065536,false,פנטן קרם לחות מוגברת לעיצוב שיער 300 מל,דיפלומט מפיצים (1968) בעמ,,פנטן קרם לחות לחות מ,מיליליטרים,300.00,"100 מ""ל",false,,21.90,0.0730,true,1,61032
4084500065598,false,"קרם לחות פנטן לתלתלים מושלמים 300 מ""ל",דיפלומט מפיצים (1968) בעמ,,פנטן קרם לחות לתלתלי,מיליליטרים,300.00,"100 מ""ל",false,,21.90,0.0730,true,1,61033
4084500088917,false,נוזל לניקוי כלים לימון פיירי (650 מל),דיפלומט מפיצים (1986) בע`מ,,"פיירי לימון 650 מ""ל",מיליליטרים,650.00,"100 מ""ל",false,,9.90,0.0152,false,1,58303
4084500739253,false,"אוראל בי משחת שיניים- להלבנה לובן מהודר 75 מ""ל",דיפלומט מפיצים (1968) בעמ,,אורל בי משחת שיניים3,100 מל,75.00,100 מל,false,,19.90,0.2653,true,1,90214
4084500853553,false,פיירי נוזל כלים קלאסי אורגינל 650 מל,דיפלומט מפיצים (1986) בע`מ,,פיירי אוריגינל 650 מ,מיליליטרים,650.00,"100 מ""ל",false,,9.90,0.0152,false,1,60663
4084500853836,false,"נוזל כלים פיירי ורדים ומשי 515 מ""ל בד""צ",דיפלומט מפיצים (1986) בע`מ,,פיירי ורדים ומשי 515,מיליליטרים,515.00,"100 מ""ל",false,,9.90,0.0192,false,1,60665
4084500853898,false,"נוזל כלים פיירי אלוורה ומלפפונים 515 מ""ל בד""צ",דיפלומט מפיצים (1986) בע`מ,,פיירי אלוורה ומלפפונ,מיליליטרים,515.00,"100 מ""ל",false,,9.90,0.0192,false,1,60666
4084500854048,false,נוזל לניקוי כלים לימון פיירי (1.24 ליטר),דיפלומט מפיצים (1968) בעמ,,פיירי לימון 1.24 ליט,ליטרים,1.24,ליטר,false,,13.90,11.2097,false,1,64963
4084500920880,false,נוזל כלים פיירי אורגינל ירוק 1.24 ליטר,דיפלומט מפיצים (1968) בעמ,,פיירי אורגינל 1.24 ל,ליטרים,1.24,ליטר,false,,13.90,11.2097,false,1,64964
4100130937163,false,בירה בקס שישייה 6*275 מל,הכרם -משקאות חריפים בע`מ,,שישיה בירה בקס,ליטרים,1.65,ליטר,false,,29.90,18.1212,true,1,60554
4100470106700,false,חומץ תפוחים אורגני-נטורפוד.,נטורפוד בעמ,,נטורפוד- חומץ תפוחים,מיליליטרים,750.00,"100 מ""ל",false,,21.90,0.0292,true,1,62084
4105120623941,false,"בירה ויינשטפן בק' ח""פ 500 מ""ל",החברה המרכזית להפצת משקאות בעמ,,"בירה ויינשטפן 500 מ""",מיליליטרים,500.00,"100 מ""ל",false,,11.50,0.0230,false,1,70482
4105120624412,false,"ויינשטפן ויטוס בק`ח""פ 500 מ""ל",החברה המרכזית להפצת משקאות בעמ,,בירה ויינשטפן ויטוס,מיליליטרים,500.00,"100 מ""ל",false,,11.50,0.0230,false,1,77830
4210201757771,false,אורל בי פלקסי סופט ראש מילוי חשמלי 4 יחי,דיפלומט מפיצים (1968) בעמ,,אורל בי ראש חשמלי 4,יחידה,0.00,יחידה,false,,79.90,0.0000,true,1,74416
4260147890513,false,אטריות ביצים דקות ורמיצ'לי 500ג',דין שיווק וקליה 2021 בעמ,,איטריות דקות 500גר,גרמים,500.00,100 גרם,false,,10.90,0.0218,true,1,57906
4260147890551,false,אטריות ביצים רצועות שקדיה 500 גרם,דין שיווק וקליה 2021 בעמ,,איטריות רצועות 500גר,גרמים,500.00,100 גרם,false,,10.90,0.0218,true,1,57907
4260334140049,false,שוקולד גנדויה טבעוני עם אגוזי לוז 65 גר,וגו גוד,,שוקולד ג'נדויה טבעונ,גרמים,65.00,100 גרם,false,,11.50,0.1769,true,1,68524
4260334140193,false,וגו ממרח אגוזי לוז וקקאו אורגני 200 גרם,גוד פוד פרודקטס S.p,,ממרח אגוזי לוז וקקאו,גרמים,200.00,100 גרם,false,,21.90,0.1095,true,1,76911
4260334140308,false,וגו שקדים ופירות יער טבעוני 85 גרם,איקאם ספא,,שוקולד טבעוני שקדים,גרמים,85.00,100 גרם,false,,21.90,0.2576,true,1,117296
4603400000043,false,וודקה רוסקי יורוסטנדרט (700 מל),רוסקי סטנדרט וודקה,,"וודקה רוסקי 700 מ""ל",מיליליטרים,700.00,"100 מ""ל",false,,59.90,0.0856,false,1,29228
4605561010305,false,"חתיכות פילה הרינג עם שמיר בשמן 17.6 אונקיה, 500 גרם",דילר בי.אמ.די פורמולה בעמ,,פילה הרינג עם שמיר ב,גרמים,500.00,100 גרם,false,,24.90,0.0498,true,1,119302
4605561012613,false,פילה דג הרינג קצוץ בשמן 400 גרם,דילר בי.אם.די. פורמולה בעמ,,פילה הרינג (קצוץ) בש,יחידה,0.00,יחידה,false,,15.90,0.0000,true,1,89713
4607012351005,false,גרעיני חמניות מרטין ללא מלח 200 גרם,"נארז ע""י : א.ג. גילר",,גרעיני חמניות מרטין,גרמים,200.00,100 גרם,false,,12.90,0.0645,true,1,34159
4607012351999,false,גרעיני חמניות מרטין עם מלח 200 גרם,"נארז ע""י : א.ג. גילר",,גרעיני חמניות מרטין,גרמים,200.00,100 גרם,false,,12.90,0.0645,true,1,65356
4607012352002,false,גרעיני דלעת מרטין 100 גר,MARTIN,,גרעיני דלעת מרטין 10,גרמים,100.00,100 גרם,false,,12.90,0.1290,true,1,66119
4607012352453,false,גרעיני חמניות מרטין פסים עם מלח 150 גר,אל אל סי מרטין,,גרעיני חמניות פסים מ,גרמים,150.00,100 גרם,false,,9.90,0.0660,true,1,86974
4607012352804,false,בוטנים קלופים קלויים עם מלח מרטין 100 גר,,,בוטנים קלופים קלויים,גרמים,100.00,100 גרם,false,,7.90,0.0790,true,1,81452
4607012353382,false,גרעיני חמניות לבן מר,,,גרעיני חמניות לבנים,גרמים,250.00,100 גרם,false,,17.90,0.0716,true,1,117257
4612757550835,false,שוקולד מריר במילוי ט,,,שוקולד מריר במילוי ט,גרמים,112.00,100 גרם,false,,10.90,0.0973,true,1,117333
4612757550866,false,שוקולד מריר עם אגוזי,,,שוקולד מריר עם אגוזי,גרמים,115.00,100 גרם,false,,10.90,0.0948,true,1,117331
4640018993343,false,פיניש קוואנטום קפסולות ג'ל למדיח כלים 30 יח',רקיט בנקיזר (ניר איסט) בעמ,,פיניש קוואנטום 30 יח,יחידה,0.00,יחידה,false,,39.90,0.0000,true,1,83310
4640018993398,false,פיניש קוואנטום 60 יח' קפסולות ג'ל למדיח כלים,רקיט בנקיזר (ניר איסט) בעמ,,פיניש קוואנטום 60 יח,יחידה,0.00,יחידה,false,,59.90,0.0000,true,1,83311
4710068001692,false,מאסטר קפה בטעם לאטה בפחית 240מ`ל,תאיט מרקטינג אנד דיסטריב,,מאסטר קפה לאטה,מיליליטרים,240.00,"100 מ""ל",false,,6.50,0.0271,true,1,33367
4710068001715,false,משקה בטעם טירמיסו מאסטר קפה (240 מל),יוני פרזינדנט אנטרפר,,מאסטר קפה טירמיסו,מיליליטרים,240.00,"100 מ""ל",false,,6.50,0.0271,true,1,32595
4710068001739,false,מאסטר קפה בטעם קולומביאני בפחית 240מ`ל,יוני פרזינדנט אנטרפר,,מאסטר קפה קולומביאני,מיליליטרים,240.00,"100 מ""ל",false,,6.50,0.0271,true,1,32596
4710068002798,false,מאסטר קפה בטעם וניל בפחית 240מ`ל,מאיטה פוד אינדוסטריאל קו,,מאסטר קפה וונילה,גרמים,240.00,100 גרם,false,,6.50,0.0271,true,1,78875
4740098079323,false,סיידר אלכוהול אגס 0.,"""cesu alus""",,סיידר אלכוהול אגס 0.,מיליליטרים,500.00,"100 מ""ל",false,,7.90,0.0158,true,1,78820
4740098098331,false,"קוקטייל בלו לגון אה לה קוק 330 מ""ל",אה לי קוק,,קוקטייל בלו לגון אה,מיליליטרים,330.00,"100 מ""ל",false,,9.90,0.0300,true,1,120621
4740098098355,false,"קוקטייל מוחיטו אה לה קוק 330 מ""ל",אה לי קוק,,קוקטייל מוחיטו אה לה,מיליליטרים,330.00,"100 מ""ל",false,,9.90,0.0300,true,1,119933
4740098098379,false,"קוקטייל מרגריטה אה לה קוק 330 מ""ל",אה לי קוק,,קוקטייל מרגריטה אה ל,מיליליטרים,330.00,"100 מ""ל",false,,9.90,0.0300,true,1,119934
4740098098393,false,"קוקטייל און דה ביץ אה לה קוק 330 מ""ל",אה לי קוק,,קוקטייל סק און דה בי,מיליליטרים,330.00,"100 מ""ל",false,,9.90,0.0300,true,1,119935
4750142002078,false,"בירה צסו יורמלה 500 מ""ל","""cesu alus""",,פחית בירה צ'סו יורמל,מיליליטרים,500.00,"100 מ""ל",false,,5.90,0.0118,true,1,120856
4750142002719,false,"בירה בירה לא מסוננת צסו יורמלה 500 מ""ל","""cesu alus""",,פחית בירה לא מסוננת,מיליליטרים,500.00,"100 מ""ל",false,,5.90,0.0118,true,1,120857
4750142003426,false,"בירה פילסנר פחית 500 מ""ל אקסטרה",צ'סו אלוס,,בירה פילזנר אקסטרה פ,מיליליטרים,500.00,"100 מ""ל",false,,5.90,0.0118,true,1,83313
4750142005062,false,"בירה ברוזה לא מסוננת צסו 568 מ""ל","""cesu alus""",,פחית בירה ברוז'ה לא,מיליליטרים,568.00,"100 מ""ל",false,,9.00,0.0158,true,1,120406
4750142021505,false,"בירה PILSENER בהירה 4.7% פחית 500 מ""ל",צ'סו אלוס,,בירה פילזנר פח 0.5 ל,מיליליטרים,500.00,"100 מ""ל",false,,5.90,0.0118,true,1,28893
4750616006564,false,סרדינים על הגריל בשמן זית 190 גר,,,סרדינים על הגריל בשמ,גרמים,190.00,100 גרם,false,,11.90,0.0626,true,1,85572
4750616006588,false,סרדינים על הגריל עם לימון בשמן זית 190 ג,,,סרדינים על הגריל עם,גרמים,190.00,100 גרם,false,,11.90,0.0626,true,1,85573
4770033221395,false,וודקה ליטה גולד פילטרד 0.7 ליטר,STUMBRAS,,וודקה ליטובישקה,מיליליטרים,700.00,"100 מ""ל",false,,56.90,0.0813,true,1,32852
4770033223986,false,"ברנדי גלוריה 5 שנים 700 מ""ל",stumbras,,ברנדי גלוריה 0.7 ליט,מיליליטרים,700.00,"100 מ""ל",false,,75.90,0.1084,true,1,33209
4792032060454,false,"גרין קוקו - מי קוקוס אורגניים 330 מ""ל",נטורפוד בעמ,,משקה מי קוקוס אורגני,מיליליטרים,330.00,"100 מ""ל",false,,7.90,0.0239,true,1,65636
4792059022053,false,קרם קוקוס אורגני 400 מ`ל,סי בי אל נטורל פודס,,קרם קוקוס אורגני 400,מיליליטרים,400.00,"100 מ""ל",false,,11.50,0.0288,true,1,64324
4796012480133,false,קמח קוקוס 500 גר',,,קמח קוקוס 500 גר',גרמים,500.00,100 גרם,false,,21.90,0.0438,true,1,66281
4796019790020,false,שמן קוקוס אורגני כבישה קרה גרין קוקו 500,נטורפוד בעמ,,גרין קוקו-שמן קוקוס,מיליליטרים,500.00,"100 מ""ל",false,,29.90,0.0598,true,1,63368
4796019790037,false,שמן קוקוס אורגני כבישה קרה גרין קוקו 1 ל,נטורפוד בעמ,,שמן קוקוס אורגני גרי,ליטרים,1.00,ליטר,false,,38.90,38.9000,true,1,63498
4800888209382,false,רקסונה דאודורנט סטיק אינביזיבל 50 גרם (נשים),יוניליוור ישראל שיווק בע`מ,,רקסונה סטיק אינביזיב,גרמים,50.00,100 גרם,false,,15.90,0.3180,true,1,84752
4800888214904,false,דאודורנט סטיק קקאו דאב (50 גרם),"יוניליוור ישראלשיווק בע""מ",,דאב דאודורנט סטיק קק,גרמים,50.00,100 גרם,false,,16.90,0.3380,true,1,86647
4800888219527,false,דאב - דאודורנט סטיק לאישה ללא סימן אינביזיבל 50 גרם,יוניליוור ישראל שיווק בעמ,,דאב סטיק אינביזיבל 5,מיליליטרים,50.00,"100 מ""ל",false,,16.90,0.3380,true,1,117086
4800888219534,false,דאב - דאודורנט סטיק לאישה אנטי פרספירמט 50 גרם,יוניליוור ישראל שיווק בע`מ,,דאב דאודורנט סטיק או,מיליליטרים,50.00,"100 מ""ל",false,,16.90,0.3380,false,1,90112
4810168000066,false,פילה דג הרינג מלוח מצונן עם תבלינים 250 גרם,דילר בי.אם.די. פורמולה בעמ,,פילה דג הרינג מלוח מ,יחידה,0.00,יחידה,false,,12.90,0.0000,true,1,89704
4810168000998,false,פילה דג הרינג מלוח מצונן עם בצל בצנצנת חתיכות 260גרם,דילר בי.אם.די. פורמולה בעמ,,פילה דג הרינג מלוח מ,יחידה,0.00,יחידה,false,,17.90,0.0000,true,1,89705
4810168001056,false,פילה דג הרינג מלוח מצונן בצנצנת חתיכות 260גרם,דילר בי.אם.די. פורמולה בעמ,,פילה דג הרינג מלוח מ,יחידה,0.00,יחידה,false,,17.90,0.0000,true,1,89706
4810168018795,false,חתיכות פילה דג הרינג מלוח מצונן 200גרם,דילר בי.אם.די. פורמולה בעמ,,חתיכות פילה דג הרינג,יחידה,0.00,יחידה,false,,12.90,0.0000,true,1,89701
4810168019051,false,חתיכות פילה דג הרינג מלוח מצונן עם תבלין 200גרם,דילר בי.אם.די. פורמולה בעמ,,חתיכות פילה דג הרינג,יחידה,0.00,יחידה,false,,12.90,0.0000,true,1,89702
4810168024512,false,פילה דג הרינג מלוח מצונן עם תבלין בצנצנת חתיכות 260 גרם,דילר בי.אם.די. פורמולה בעמ,,פילה דג הרינג מלוח מ,יחידה,0.00,יחידה,false,,17.90,0.0000,true,1,89707
4810168057435,false,חתיכות פילה דג XXLהרינג מלוח בשמן מצונן 400 גרם,דילר בי.אם.די. פורמולה בעמ,,חתיכות פילה הרינג 40,גרמים,400.00,100 גרם,false,,24.90,0.0622,true,1,119336
4810168057510,false,חתיכות פילה דג הרינג מתובל מלוח בשמן 400 גרם,דילר בי.אם.די. פורמולה בעמ,,חתיכות פילה הרינג מת,גרמים,400.00,100 גרם,false,,24.90,0.0622,true,1,119335
4810168058975,false,חתיכות פילה דג הרינג סקנדינבי מלוח מצונן 260 גר,דילר בי.אם.די. פורמולה בעמ,,פילה הרינג סקנדינבי,גרמים,260.00,100 גרם,false,,17.90,0.0688,true,1,121267
4840008019521,false,עוגיות בצק עלים לבבות דקל פרנצלוטה 350 ג,פרנזלוטה,,עוגיות אזניים מבצק ע,גרמים,350.00,100 גרם,false,,10.90,0.0311,true,1,85562
4840008040075,false,350 עוגיות אוזניים עם קינמון גר,FRANZELUTA,,עוגיות אזניים עם קינ,גרמים,350.00,100 גרם,false,,10.90,0.0311,true,1,90006
4840709002440,false,"ברנדי קווינט 3 500 מ""ל כשר",יורוסטנדרט בעמ,,ברנדי קווינט 500 מל,מיליליטרים,500.00,"100 מ""ל",false,,54.90,0.1098,true,1,70765
4895060550000,false,לקקן בוכה 12 יח',,,לקקן בוכה,גרמים,50.00,100 גרם,false,,6.90,0.1380,true,1,67167
4895060592307,false,סוכריות נטורל בטעמים בקבוק NUGGELS,איתן-מזון,,פלורידה סוכריות נאגט,גרמים,43.00,100 גרם,false,,7.50,0.1744,true,1,22982
4903001904192,false,רוטב סויה יאמאסה פרימיום 500מ`ל,הדקלאים אגודת שיתופי,,רוטב סויה יאמסה פרימ,יחידה,500.00,יחידה,false,,17.90,0.0358,true,1,9669
4903001904208,false,רוטב סויה יאמאסה פרימיום 1 ליטר,הדקלאים אגודת שיתופי,,רוטב סויה יאמסה פרימ,ליטרים,1.00,ליטר,false,,31.90,31.9000,true,1,9670
4903001925784,false,"רוטב סויה יאמאסה דל מלח 500מ""ל פרימיום",הדקלאים אגודת שיתופי,,רוטב סויה יאמאסה פרי,מיליליטרים,500.00,"100 מ""ל",false,,17.90,0.0358,true,1,32128
4903001930993,false,"רוטב טריאקי יאמאסה 500 מ""ל",ליימן שליסל בע`מ,,"טריאקי יאמסה 500 מ""ל",מיליליטרים,500.00,"100 מ""ל",false,,17.90,0.0358,true,1,62629
4903001945706,false,"רוטב יאמאסה פונזו לתיבול 500 מ""ל",ליימן שליסל,,רוטב פונזו ימאסה 500,מיליליטרים,500.00,"100 מ""ל",false,,19.90,0.0398,true,1,87489
5000111041065,false,רוטב ווסטרשייר היינץ,תאי פרזידנט פוד פאבל,,היינץ רוטב וסטרשייר,מיליליטרים,150.00,"100 מ""ל",false,,11.90,0.0793,true,1,80889
5000111041843,false,"רוטב וורצירטר 290 מ""ל",,,"רוטב וורצ'רטר 290 מ""",מיליליטרים,290.00,"100 מ""ל",false,,28.90,0.0997,true,1,74806
5000127163195,false,דגני בוקר קלוגס ספיישל קיי 500גרם,חברת קלוגס בריטניה,,דגני קלוגס ספיישל קי,גרמים,500.00,100 גרם,false,,23.90,0.0478,true,1,30265
5000127533196,false,קלוגס וורייטי שמינייה 191 גרם,דיפלומט מפיצים (1968) בע`מ,,ווראיטי קלוגס,גרמים,191.00,100 גרם,false,,21.90,0.1147,true,1,76374
5000146048671,false,סילבו משחה לניקוי כלי כסף 75 גרם,רקיט בנקיזר (ניר איסט) בעמ,,סילבו מטליות לניקוי,גרמים,75.00,100 גרם,false,,19.90,0.2653,true,1,24951
5000146048688,false,בראסו מטליות לניקוי בהברקה 75גר,רקיט בנקיזר (ניר איסט) בעמ,,בראסו מטליות לניקוי,גרמים,75.00,100 גרם,false,,19.90,0.2653,true,1,24952
5000146401568,false,וולייט דפים למניעת העברת צבע 10 דפים,רקיט בנקיזר (ניר איסט) בעמ,,ווליט דפים למכונת כב,יחידה,0.00,יחידה,false,,14.90,0.0000,true,1,18001
5000157143365,false,מתבל בטעם מיונז וקטשופ היינץ 425 גרם,דיפלומט מפיצים (1968) בעמ**,,רוטב בטעם מיונז וקטש,גרמים,425.00,100 גרם,false,,14.90,0.0351,true,1,81860
5000159376655,false,סוכריות SKITTLES פירות קטן 38 גרם אדום,"מרס ריגלי ישראל בע""מ",,סקיטלט סוכריות ג'לי,גרמים,38.00,100 גרם,false,,3.00,0.0789,true,1,25065
5000159376792,false,סוכריות סקיטלס Skittles פירות חמוצים,"מרס ריגלי ישראל בע""מ",,סקיטלט סוכריות ג'לי,גרמים,38.00,100 גרם,false,,3.00,0.0789,true,1,25066
5000159414197,false,מלטיזרס-כדורים פריכים בציפוי שוולד חלב 135 גרם,מרס שוקולד צ.אמריקה,,מלטיזרס 135 גר',גרמים,135.00,100 גרם,false,,11.90,0.0881,true,1,120705
5000159452540,false,סניקרס חטיף שוקולד עם בוטנים חמישייה ברי,"מרס ריגלי ישראל בע""מ",,סניקרס מארז חמישייה,גרמים,250.00,100 גרם,false,,9.90,0.0396,true,1,83849
5000159452977,false,מיקס שקית מיניס 400 גרם מרס-באונטי-טוויק,"מרס ריגלי ישראל בע""מ",,חטיפי מיקס מיני 400,גרמים,400.00,100 גרם,false,,21.90,0.0547,false,1,30475
5000159461122,false,סניקרס חטיף שוקולד עם בוטנים 50 גרם,"מרס ריגלי ישראל בע""מ",,חטיף סניקרס 50 גר',גרמים,50.00,100 גרם,false,,4.00,0.0800,false,1,26237
5000159500692,false,בקבוק סלבריישן - מבחר חטיפי מיני שוקולד,מרס ריגלי ישראל בעמ,,בקבוק סלבריישן,גרמים,312.00,100 גרם,false,,29.90,0.0958,true,1,86219
5000159500845,false,סלבריישן מארז מתנה 196 גרם,מרס ריגלי ישראל בעמ,,בונבוניירה סלבריישן,גרמים,196.00,100 גרם,false,,19.90,0.1015,true,1,68874
5000168199245,false,שוקולד חלב מעולה בתוספת קרמל מלוח פיור גודייבה 90 ג',"אולקר מקבוצת פלאדיס, ציק",,גודייבה שוקולד חלב ב,גרמים,90.00,100 גרם,false,,14.50,0.1611,true,1,90026
5000189974579,false,מארז מיני חטיפי קיט קט Kit Kat,קבוצת אוסם סחר שותפות מוגבלת,,קיט קט מיני 200 גר',גרמים,200.00,100 גרם,false,,13.90,0.0695,true,1,73549
5000204114959,false,"גלייד ארוסול בניחוח פריחה בלבן 300 מ""ל","אס.סי ג'\ונסון,מידרכט, ה",,גלייד ארוסול בניחוח,מיליליטרים,300.00,"100 מ""ל",false,,10.00,0.0333,true,1,81732
5000204120745,false,גלייד מוצק בניחוח לבנדר 150 גר',במה פולסקה אספי.זד.או.או,,גלייד מוצק בניחוח לב,גרמים,150.00,100 גרם,false,,10.00,0.0667,true,1,81245
5000204133509,false,זיפלוק שקיות אחסון גדולות 19 יחידות,אס.סי.גונסון ובניו,,זיפלוק שקיות אחסון ג,יחידה,0.00,יחידה,false,,13.90,0.0000,true,1,85895
5000204151022,false,"פלדג' אירוסול לניקוי רהיטים לבנדר 250 מ""ל","אס.סי ג'\ונסון, אירופלנט",,פלדג' ארוסול לניקוי,מיליליטרים,250.00,"100 מ""ל",false,,15.90,0.0636,true,1,88263
5000204151053,false,"פלדג' אירוסול לניקוי רהיטים קלאסי 250 מ""ל","אס.סי ג'\ונסון, אירופלנט",,פלדג' אירוסול לניקוי,מיליליטרים,250.00,"100 מ""ל",false,,15.90,0.0636,true,1,83878
5000204153729,false,מטהר אוויר גלייד מילוי אוטומטי לבנדר וניל,המאפיה של הרמן,,גלייד מילוי אוטומטי,מיליליטרים,269.00,"100 מ""ל",false,,14.90,0.0554,true,1,86192
5000204153842,false,גלייד ספריי אוטומטי מילוי (מילוי בניחוח,קוסטר אירוסול ואלף סאן,,גלייד מילוי אוטומטי,מיליליטרים,269.00,"100 מ""ל",false,,14.90,0.0554,true,1,84645
5000204153903,false,מטהר אוויר גלייד מילוי אוטומטי מרכך כביסה,"קוסטר אירוסול ואלף סאן,",,גלייד מילוי אוטומטי,מיליליטרים,269.00,"100 מ""ל",false,,14.90,0.0554,true,1,84644
5000204167856,false,"גלייד מילוי אוטומטי פסטיבל קינמון 269 מ""","קוסטר אירוסול ואלף סאן,",,גלייד מילוי אוטומטי,מיליליטרים,269.00,"100 מ""ל",false,,14.90,0.0554,true,1,118554
5000204227130,false,גלייד מבשם מקלות בניחוח פסגות טיבט 80 מ,דנשר (1963) בעמ,,גלייד מבשם ריח מקלות,מיליליטרים,80.00,"100 מ""ל",false,,29.90,0.3737,true,1,117889
5000204227161,false,"גלייד מבשם ריח מקלות ניחוח הפרדס 80 מ""ל",דנשר (1963) בעמ,,גלייד מבשם ריח מקלות,מיליליטרים,80.00,"100 מ""ל",false,,29.90,0.3737,true,1,117888
5000204243000,false,"נוזל לאסלה אפרסק על חלל 750 מ""ל דאק",טואלט דאק (ג'ונסון),,דאק נוזל אפרסק על חל,מיליליטרים,750.00,"100 מ""ל",false,,8.90,0.0119,true,1,119322
5000204243031,false,"נוזל לאסלה ירח פורח 750 מ""ל דאק",טואלט דאק (ג'ונסון),,דאק נוזל ירח פורח 75,מיליליטרים,750.00,"100 מ""ל",false,,8.90,0.0119,true,1,119323
5000204657883,false,"קיווי משחת נעליים בקופסא חום 50מ""ל",ג' אל ראיה בוגור ג'א,,משחת נעליים קיווי חו,מיליליטרים,50.00,"100 מ""ל",false,,5.90,0.1180,true,1,24667
5000204657913,false,קיווי משחת נעליים בקופסא שחור 50 מ`ל,ג' אל ראיה בוגור,,משחת נעליים קיווי שח,מיליליטרים,50.00,"100 מ""ל",false,,5.90,0.1180,true,1,25044
5000204658064,false,"ספוגית הברקה קיווי אקספרס שחור 6 מ""ל",המאפיה של הרמן,,קיווי אקספרס ספוג הב,יחידה,0.00,יחידה,false,,14.90,0.0000,true,1,25045
5000204658125,false,"קיווי נוזל נעליים קראון חום 75 מ""ל",אס' סי' ג'ונסון במה,,קיווי קראון חום 75 מ,מיליליטרים,75.00,"100 מ""ל",false,,14.90,0.1987,true,1,25025
5000204658187,false,משחת נעליים קראון שחור קיווי (75 מל),אס' סי' ג'ונסון במה,,משחת נעליים קיווי שח,מיליליטרים,75.00,"100 מ""ל",false,,14.90,0.1987,true,1,24831
5000204661392,false,משחת נעליים שחורה קיווי אקסרא לארג`,המאפיה של הרמן,,משחת נעליים אקסטרא ש,יחידה,0.00,יחידה,false,,8.90,0.0000,true,1,24668
5000204886566,false,"תרסיס מנקה, מזין ומגן על העץ עם שמן תפוז טבעי","דנשר (1963) בע,מ",,פלדג' 473 ORANGE OIL,יחידה,475.00,יחידה,false,,32.90,0.0693,true,1,15937
5000213000359,false,בירה גינס אקסטרא סטאוט,החברה המרכזית להפצת משקאות בעמ,,"בירה גינס 330 מ""ל בק",מיליליטרים,330.00,"100 מ""ל",false,,13.00,0.0394,true,1,58106
5000232902450,false,שעועית אפויה HP בעגבניות ברנסטון 350 גר,,,BRANSTON-שעועית לבנה,גרמים,410.00,100 גרם,false,,8.90,0.0217,true,1,64649
5000267014234,false,וויסקי ג'וני ווקר רד לייבל Red label,החברה המרכזית להפצת משקאות בעמ,,וויסקי גוני ווקר אדו,מיליליטרים,700.00,"100 מ""ל",false,,75.00,0.1071,true,1,83916
5000289925440,false,גין גורדון בקבוק 700,החברה המרכזית להפצת משקאות-אלכ,,"ג'ין גורדון 700 מ""ל",מיליליטרים,700.00,"100 מ""ל",false,,79.90,0.1141,true,1,32537
5000394011212,false,דורסל סוללה MN21,,,דורסל סוללה MN21,יחידה,0.00,יחידה,false,,8.90,0.0000,true,1,45432
5000394137486,false,רביעיות סוללות אופטימום AA דורסל,דיפלומט מפיצים (1968) בעמ,,דורסל רביעיות AA אופ,יחידה,0.00,יחידה,false,,18.90,0.0000,true,1,117525
5000394137516,false,רביעיות סוללות אופטימום AAA דורסל,דיפלומט מפיצים (1968) בעמ,,דורסל רביעיות AAA או,יחידה,0.00,יחידה,false,,18.90,0.0000,true,1,117530
5000394140820,false,שישיות סוללות AA פלוס פאוור דורסל,דיפלומט מפיצים (1986) בע`מ,,דורסל שישיות AA פלוס,יחידה,0.00,יחידה,false,,18.90,0.0000,true,1,117526
5000394141209,false,שישיות סוללות AAA פלוס פאוור דורסל,דיפלומט מפיצים (1986) בע`מ,,דורסל שישיות AAA פלו,יחידה,0.00,יחידה,false,,18.90,0.0000,true,1,117527
5000394142190,false,סוללות דורסל V9 פלוס פאור,דיפלומט מפיצים (1986) בע`מ,,סוללות דורסל V9 פלוס,יחידה,0.00,יחידה,false,,24.90,0.0000,true,1,120812
5000394203884,false,סוללות דורסל ליתיום זוג,דיפלומט מפיצים (1968) בעמ,,סוללות דורסל ליתיום,יחידה,0.00,יחידה,false,,17.90,0.0000,true,1,87419
5000394203907,false,סוללות דורסל ליתיום זוג,דיפלומט מפיצים (1968) בעמ,,דורסל ליתיום,יחידה,0.00,יחידה,false,,17.90,0.0000,true,1,79484
5000394203921,false,זוג סוללות ליתיום 2032 דורסל,דיפלומט מפיצים (1986) בע`מ,,זוג סוללות דורסל לית,יחידה,0.00,יחידה,false,,17.90,0.0000,true,1,87420
5000396037531,false,מקוויטיס ביסקוויט מצופה שוקולד חלב 200 גרם,תה ויסוצקי (ישראל)בעמ,,מקוויטיס ביסקוויט מצ,גרמים,200.00,100 גרם,false,,11.50,0.0575,true,1,70426
5000396037944,false,מקוויטיס ביסקוויט אורגינל 250 גרם,תה ויסוצקי (ישראל)בעמ,,מקוויטיס ביסקוויט קל,גרמים,250.00,100 גרם,false,,10.00,0.0400,true,1,70424
5000409006721,false,"MRS. ELSWOOD - מלפפונים להמבורגר 670ג""ר",EMPIRE BESPOKE FOODS,,טבעות מלפפון להמבורג,גרמים,360.00,100 גרם,false,,19.90,0.0553,true,1,67733
5010026515919,false,מוזלי קריספי נאטי מורנפלייק 650 גרם,מורנפלייק Mornflake,,מוזלי קריספי נאטי 65,גרמים,650.00,100 גרם,false,,24.90,0.0383,true,1,89223
5010026519368,false,שיבולת שועל מורנפלייק בשקית 500 גר`,ליימן שליסל בע`מ,,שיבולת שועל בשקית 50,גרמים,500.00,100 גרם,false,,8.50,0.0170,true,1,89253
5010029000252,false,וויטביקס תערובת דגנים מחיטה מלאה 430 גרם,ר.ב. מוצרי דגנים בעמ,,וויטביקס אורגינל,גרמים,430.00,100 גרם,false,,19.90,0.0463,true,1,70564
5010029201246,false,מוזלי שקדים וצימוקים ללא תוספת סוכר 560 גר',ר.ב. מוצרי דגנים בעמ,,מוזלי שקדים וצימוקים,גרמים,560.00,100 גרם,false,,21.90,0.0391,true,1,80540
5010029221091,false,דגני וויטביקס פרוטאין קראנצ עם שוקולד 450 ג',טרופיקל דגיל תעשיות,,וויטביקס פרוטאין קרא,גרמים,450.00,100 גרם,false,,23.90,0.0531,true,1,75010
5010029222005,false,דגנים חיטה מלאה עם פרוטאין וויטביקס 440,ר.ב. מוצרי דגנים בעמ,,וויטביקס פרוטאין,גרמים,440.00,100 גרם,false,,23.90,0.0543,true,1,90729
5010029223484,false,מוזלי תות חמוציות ואוכמניות ללא סוכר.,ר.ב. מוצרי דגנים בעמ,,מוזלי עם תות חמוציות,גרמים,560.00,100 גרם,false,,21.90,0.0391,true,1,80541
5010038454831,false,"בקבוק בירה בלומון 330 מ""ל",הכרם - משקאות חריפים בעמ,,"בירה בלומון 330 מ""ל",מיליליטרים,330.00,"100 מ""ל",false,,10.00,0.0303,true,1,80584
5010123703547,false,ליסטרין פרש בורסט 500 מל-יבוא מקביל,בית הצעצוע בעמ,,ליסטרין מנטה מרענן ש,מיליליטרים,500.00,"100 מ""ל",false,,16.90,0.0338,true,1,70473
5010123703585,false,ליסטרין קולמינט 500 מל-יבוא מקביל,רותם מיטרו יבוא וסחר,,ליסטרין מי פה קולמינ,מיליליטרים,500.00,"100 מ""ל",false,,16.90,0.0338,true,1,69233
5010182996799,false,ג'ל אסלה מנטרל ריחות בניחוח פרחי בר ורודים,דאופלור אס.פי.אי איט,,דאק ג'ל אסלה פרחי בר,מיליליטרים,55.00,"100 מ""ל",false,,9.90,0.1800,false,1,15939
5010182997253,false,רייד תרסיס קוטל ג'וקים/תיקנים 300 מל,אס.סי.ג'ונסון מידרכט,,RAIDקוטל ג'וקים 400מ,מיליליטרים,400.00,"100 מ""ל",false,,13.90,0.0348,false,1,3426
5010182997338,false,דאק ג'ל לניקוי אסלות בניחוח רענן 55 מל,"איטיליאן פוד, אס.פי.",,ט.ד ג'ל אסלה ניחוח ר,גרמים,55.00,100 גרם,false,,10.90,0.1982,true,1,15941
5010182997680,false,"רייד ארוסול קוטל נמלים - 300 מ""ל",אס.סי.ג'ונסון מידרכט,,"RAIDקוטל נמלים 400מ""",מיליליטרים,400.00,"100 מ""ל",false,,13.90,0.0348,false,1,3427
5010182997918,false,דאק ג'ל לניקוי אסלות בניחוח ים 55 מל,"איטיליאן פוד, אס.פי.",,ט.ד ג'ל אסלה ניחוח י,גרמים,55.00,100 גרם,false,,10.90,0.1982,true,1,15944
5010182998847,false,דאק נוזל לניקוי אסלות בניחוח ים 750 מל,מיוצר עי קונדיטוריית,,טואלט דאק נוזל כחול,יחידה,750.00,יחידה,false,,8.90,0.0119,true,1,15945
5010182998861,false,דאק נוזל לניקוי אסלות בניחוח רענן 750 מל,מיוצר עי קונדיטוריית,,טואלט דאק נוזל ירוק,יחידה,750.00,יחידה,false,,8.90,0.0119,true,1,15946
5010327000046,false,"וויסקי גרנטס וויסקי 700 מ""ל","וויליאם גראנט ובניו בע""\",,וויסקי גרנט'ס,מיליליטרים,750.00,"100 מ""ל",false,,69.90,0.0932,false,1,17555
5010677551281,false,בריזר לימון בבקבוק בקרדי (275 מל),בקרדי בריזר Bacardi Breezer,,בקרדי בריזר לימו,יחידה,275.00,יחידה,false,,12.90,0.0469,false,1,16993
5010677551397,false,"בקרדי בריזר בטעם לימון ליים 275 מ""ל",בקרדי בריזר Bacardi Breezer,,בקרדי בריזר ליים,מיליליטרים,275.00,"100 מ""ל",false,,12.90,0.0469,false,1,58625
5010677552387,false,"בקרדי בריזר אננס 275 מ""ל בקבוק",בקרדי בריזר Bacardi Breezer,,בקרדי בריזר אננס,יחידה,275.00,יחידה,false,,12.90,0.0469,false,1,16994
5010677554398,false,בריזר אבטיח בבקבוק בקרדי (275 מל),בקרדי בריזר Bacardi Breezer,,בקרדי בריזר אבטי,מיליליטרים,275.00,"100 מ""ל",false,,12.90,0.0469,false,1,16995
5010677850100,false,"וודקה צרפתית גריי גוס 700מ""ל",בקרדי מרטיני,,"גריי גוס 700 מ""ל",מיליליטרים,700.00,"100 מ""ל",false,,110.00,0.1571,true,1,79470
5010852000917,false,ווסקי בארקליס 0.7 ליטר,יורוסטנדרט בעמ,,ויסקי בארקליס,מיליליטרים,700.00,"100 מ""ל",false,,59.90,0.0856,true,1,62748
5011061104045,false,ממתק שערות סבתא מסטי,,,ממתק שערות סבתא מסטי,גרמים,15.00,100 גרם,false,,3.90,0.2600,true,1,121052
5011157630281,false,אורז לבן ארוך בסמטי טילדה Tilda,ש. שסטוביץ בע`מ,,אורז טילדה,קילוגרמים,1.00,"ק""ג",false,,24.90,24.9000,true,1,10214
5011157671222,false,"טילדה אורז בסמטי חום מלא 1 ק""ג",ש.שסטוביץ בעמ,,טילדה אורז בסמטי חום,קילוגרמים,1.00,"100 ק""ג",false,,24.90,24.9000,true,1,117252
5011157730271,false,אורז יסמין לבן ארוך טילדה,ש.שסטוביץ בעמ,,טילדה אורז יסמין,קילוגרמים,1.00,"100 ק""ג",false,,24.90,24.9000,true,1,117251
5012251012645,false,רצועות לאף להסרת ראשים שחורים,,,מדבקות להוצאת שחורים,יחידה,0.00,יחידה,false,,12.90,0.0000,true,1,81029
5013387206403,false,פרואט ביסקויט דיגסטיב ללא גלוטן 160 גרם,,,ביסקוויט מעושר בסיבי,גרמים,160.00,100 גרם,false,,13.90,0.0869,true,1,82288
5013965953354,false,אורל בי 123 משחה 100 מל עם פלואוריד,פרוקטר אנד גמבל,,אוראל בי משחת שיניים,מיליליטרים,100.00,"100 מ""ל",false,,11.90,0.1190,true,1,74914
5014271002675,false,מעדן פרי תפוח וקינמון סנדלפור 284 גרם,סאן דלפור - שמבור,,סנדלפור תפוח קינמון,גרמים,284.00,100 גרם,false,,19.90,0.0701,false,1,77816
5014271002767,false,מעדן סנט דלפור מנגו ופסיפלורה,סאן דלפור - שמבור,,ריבת סנדלפור מנגו ופ,גרמים,284.00,100 גרם,false,,19.90,0.0701,false,1,78968
5014271300429,false,"מעדן משמש 100% פרי סנטדלפור 284 גרם לל""ס",סאן דלפור - שמבור,,ריבת משמש סנדלפור 28,גרמים,284.00,100 גרם,false,,19.90,0.0701,false,1,3704
5014271310428,false,מעדן דובדבנים שחורים ללא תוספת סוכר 284 גרם,סאן דלפור - שמבור,,ריבת דובדבן סנדלפור,גרמים,284.00,100 גרם,false,,19.90,0.0701,false,1,3705
5014271330426,false,מעדן אוכמניות כחולות ללא תוספת סוכר 284 גרם,סאן דלפור - שמבור,,ריבת אוכמניות סנדלפו,גרמים,284.00,100 גרם,false,,19.90,0.0701,false,1,3706
5014271350424,false,מעדן ארבעה פירות ללא תוספת סוכר 284 גרם,סאן דלפור - שמבור,,ריבת פירות סנדלפור 2,גרמים,284.00,100 גרם,false,,19.90,0.0701,false,1,3707
5014271370422,false,מעדן אפרסקים ללא תוספת סוכר 284 גרם,סאן דלפור - שמבור,,ריבת אפרסק סנדלפור 2,גרמים,284.00,100 גרם,false,,19.90,0.0701,false,1,3709
5014271400426,false,"מעדן בטעם תות שדה לל""ס סאן דלפור 284 גרם",סאן דלפור - שמבור,,ריבת תות סנדלפור 284,גרמים,284.00,100 גרם,false,,19.90,0.0701,false,1,3712
5014271560427,false,מעדן תפוז וג'ינג'ר ללא סוכר סאן דלפור 284 גר,סאן דלפור - שמבור,,ריבת תפוז וג'ינג'ר ס,גרמים,284.00,100 גרם,false,,19.90,0.0701,false,1,3713
5014271795980,false,מעדן חמוציות ואוכמניות ללא תוספת סוכר 284 גרם,א. סיימן סחר בעמ,,ריבת אוכמניות וחמוצי,גרמים,284.00,100 גרם,false,,19.90,0.0701,false,1,3716
5014379009972,false,בירה לאגר באדוויזר פחית 500 מל,הכרם -משקאות חריפים בע`מ,,פחית בירה באדוויזר 5,מיליליטרים,500.00,"100 מ""ל",false,,9.90,0.0198,true,1,80654
5017818800116,false,"פחית דוקטור פפר 330 מ""ל",טמפו משקאות בעמ,,"דר"" פפר פחית",מיליליטרים,355.00,"100 מ""ל",false,,5.90,0.0166,true,1,57938
5029053002408,false,קלינקס - נייר טואולט קליניקס לבן 9 גלילים,קימברלי קלארק ישראל שיווק בעמ,,נייר טואלט קלינקס פר,גרמים,1184.00,100 גרם,false,,32.90,0.0278,false,1,14808
5029053032658,false,שמיניית ממחטות טישו קלינקס 9 יחידות,קימברלי קלארק ישראל שיווק בעמ,,קלינקס ממחטות מארז ש,יחידה,0.00,יחידה,false,,8.90,0.0000,true,1,68760
5029053039725,false,ממחטות נייר קלינקס נטורל פרש קופסה 72 דף,קימברלי קלארק ישראל שיווק בעמ,,קלינקס נטורל פרש קופ,יחידה,0.00,יחידה,false,,9.90,0.0000,false,1,117662
5029053510811,false,תחבושות נורמל פלוס עם כנפיים קוטקס 28 יחידות,קימברלי קלארק ישראל שיווק בעמ,,קוטקס אולטרא נור,יחידה,0.00,יחידה,false,,17.90,0.0000,false,1,2595
5029053510828,false,תחבושות סופר פלוס עם כנפיים קוטקס 22יחידות,קימברלי קלארק ישראל שיווק בעמ,,קוטקס אולטרא סופ,יחידה,0.00,יחידה,false,,17.90,0.0000,false,1,2596
5029053523446,false,קוטקס - תחבושות אולטרה נייט + כנפיים 20 יח',קימברלי קלארק ישראל שיווק בעמ,,קוטקס אולטרא ליי,יחידה,0.00,יחידה,false,,17.90,0.0000,false,1,2598
5029053527574,false,האגיס תחתון ספיגה 4-7 בנים דריי נייטס 10 יחידות,קימברלי קלארק ישראל שיווק בעמ,,דריי נייטס 7-4 בנים,יחידה,0.00,יחידה,false,,33.90,0.0000,false,1,2599
5029053527581,false,האגיס תחתון ספיגה 4-7 בנות דריי נייטס 10 יחידות,קימברלי קלארק ישראל שיווק בעמ,,דריי נייט 7-4 בנות,יחידה,0.00,יחידה,false,,33.90,0.0000,false,1,2600
5029053527598,false,תחתוני ספיגה בנים לתופעת הרטבת לילה 8-15 האגיס,קימברלי קלארק ישראל שיווק בעמ,,האגיס דריי נייטס 8-1,יחידה,0.00,יחידה,false,,33.90,0.0000,false,1,2601
5029053527604,false,האגיס תחתון ספיגה 15-8 בנות דריי נייטס 9 יחידות,קימברלי קלארק ישראל שיווק בעמ,,האגיס דריי נייטס 8-1,יחידה,0.00,יחידה,false,,33.90,0.0000,false,1,2602
5029053534589,false,קוטקס טמפוני מיני B נורמל 32 יחידות,קימברלי קלארק ישראל שיווק בעמ,,טמפוני קוטקס מיני-שי,יחידה,0.00,יחידה,false,,22.90,0.0000,true,1,14814
5029053534596,false,קוטקס טמפוני נורמל ללא מוליך 32 יח,קימברלי קלארק ישראל שיווק בעמ,,טמפוני קוטקס נורמל,יחידה,0.00,יחידה,false,,22.90,0.0000,true,1,14815
5029053535227,false,קוטקס טמפון עם מוליך נורמל 16 יחידות,קימברלי קלארק ישראל שיווק בעמ,,טמפון קוטקס עם מוליך,יחידה,0.00,יחידה,false,,22.90,0.0000,true,1,2606
5029053574103,false,האגיס פול אפס תח.גמילה יום בנות 20 יחידו,קימברלי קלארק ישראל שיווק בעמ,,פול אפס בנות יום 20,יחידה,0.00,יחידה,false,,41.90,0.0000,false,1,88632
5029053574110,false,האגיס פול אפס תח.גמילה יום בנים 20 יחידו,קימברלי קלארק ישראל שיווק בעמ,,פול אפס בנים יום 20,יחידה,0.00,יחידה,false,,41.90,0.0000,false,1,88633
5029053574141,false,האגיס פול אפס תח.גמילה לילה בנות 18 יחיד,קימברלי קלארק ישראל שיווק בעמ,,פול אפס בנות לילה 18,יחידה,0.00,יחידה,false,,41.90,0.0000,false,1,88634
5029053574158,false,האגיס פול אפס תח.גמילה לילה בנים 18 יחיד,קימברלי קלארק ישראל שיווק בעמ,,פול אפס בנים לילה 18,יחידה,0.00,יחידה,false,,41.90,0.0000,false,1,88635
5029053578309,false,קופסת ממחטות אולטרה סופט 48 דף קלינקס,קימברלי קלארק ישראל שיווק בעמ,,קלינקס אולטרה סופט ק,יחידה,0.00,יחידה,false,,8.50,0.0000,false,1,117661
5029054220085,false,האגיס - מגבוני האגיס אקסטרה קר לא מבושם 56 יח' * 4,קימברלי קלארק ישראל שיווק בעמ,,רביעיית מגבוני רך נו,יחידה,0.00,יחידה,false,,26.90,0.0000,false,1,74408
5035766060253,false,"בירה מרפיס, בירת סטאוט, פחית 500 מ""ל",טמפו משקאות בע`מ,,מרפיס סטאוט פחית,יחידה,500.00,יחידה,false,,12.50,0.0250,false,1,17000
5050974505259,false,פת פריכה קמח שיפון מלא עם גרעינים ודגנים קלויים,דה ג'ורדנס אנד ריווי,,פת פריכה עם גרעינים,גרמים,250.00,100 גרם,false,,10.90,0.0436,true,1,86277
5053827193368,false,דגני בוקר קלוגס ברנפלקס 500 גרם,קלוגס קומפני אוף גרייט ב,,ברנפלקס קלוגס,גרמים,500.00,100 גרם,false,,23.90,0.0478,true,1,76418
5053827215862,false,דגני בוקר קלוגס קוקו פופס בטעם שוקולד (,קלוגס מניופקטורינג אספנה,,קלוגס קוקו פופס 500,גרמים,500.00,100 גרם,false,,16.90,0.0338,true,1,83686
5060108450003,false,"פרימיום מי טוניק 200 מ""ל",פיבר טרי,,"מי טוניק 200 מ""ל",מיליליטרים,200.00,"100 מ""ל",false,,6.90,0.0345,true,1,67981
5060108450089,false,"פרימיום ג'ינג'ר אייל 200 מ""ל",פיבר טרי,,"ג'ינג'ר אייל 200 מ""ל",מיליליטרים,200.00,"100 מ""ל",false,,6.90,0.0345,true,1,84418
5060108450263,false,"פיבר טרי מי טוניק 500 מ""ל",,,"מי טוניק 500 מ""ל פרי",מיליליטרים,500.00,"100 מ""ל",false,,15.90,0.0318,true,1,89657
5060108450348,false,גינגר ביר פרימיום בק,פיבר טרי,,ג'ינג'ר ביר פרמיום ב,מיליליטרים,200.00,"100 מ""ל",false,,6.90,0.0345,true,1,82709
5060108450508,false,"מי טוניק בתיבול ים תיכוני 200 מ""ל",,,מי טוניק בתיבול ים ת,מיליליטרים,200.00,"100 מ""ל",false,,6.90,0.0345,true,1,89656
5060123607765,false,תה לונדון לימון ליים,טייפו,,תה לונדון לימון,גרמים,40.00,100 גרם,false,,15.90,0.3975,true,1,11750
5060123607796,false,תה לונדון תות שדה ונ,טייפו,,תה לונדון תות שדה ונ,גרמים,40.00,100 גרם,false,,15.90,0.3975,true,1,11753
5060123607802,false,לונדון חליטת גינגר לימון 20 שקיקים,טייפו,,תה לונדון בטעם לימון,גרמים,40.00,100 גרם,false,,15.90,0.3975,true,1,11754
5060123607819,false,תה לונדון תפוז 20 יח,טייפו,,תה לונדון תפוז,גרמים,40.00,100 גרם,false,,15.90,0.3975,true,1,4353
5060123607833,false,תה לונדון קמומיל אור,טייפו,,תה לונדון קמומיל,גרמים,40.00,100 גרם,false,,15.90,0.3975,true,1,4354
5060319120108,false,תה ארל גריי אורגני 40 גר הייר ליבינג,אונלי נטורל פרודקטס,,הייר ליבינג תה ארל ג,גרמים,45.00,100 גרם,false,,15.90,0.3533,true,1,86651
5060319120122,false,תה צאי ירוק אורגני 40 גרם הייר ליבינג,אונלי נטורל פרודקטס,,הייר ליבינג תה ירוק,גרמים,40.00,100 גרם,false,,15.90,0.3975,true,1,77190
5060319120153,false,תה קמומיל ונילה אורגני 30 גר הייר ליבינג,אונלי נטורל פרודרטס,,הייר ליבינג קמומיל ו,גרמים,30.00,100 גרם,false,,15.90,0.5300,true,1,77191
5060319129422,false,חליטת דיטוקס אורגנית 25 גרם הייר ליבינג,אונלי נטורל פרודקטס,,הייר ליבינג חליטת צמ,גרמים,25.00,100 גרם,false,,15.90,0.6360,true,1,86653
5060326870829,false,חטיף סויה ותפוח אדמה בטעם מתוק מלוח 85 ג,,,חטיף סויה ותפוח אדמה,גרמים,85.00,100 גרם,false,,10.90,0.1282,true,1,118484
5060326870881,false,חטיף סויה אפונה מלוח,,,חטיף סויה אפונה בטעם,גרמים,85.00,100 גרם,false,,10.90,0.1282,true,1,118446
5060326870898,false,חטיף ציפס חלבון בטעם ברביקיו מתוק85 ג,,,חטיף צ'יפס חלבון בטע,גרמים,85.00,100 גרם,false,,10.90,0.1282,true,1,118447
5060517886486,false,"משקה אנרגיה מונסטר אנרג'י בפחית 500 מ""ל",החברה המרכזית להפצת משקאות בעמ,,משקה אנרגיה מונסטר ק,מיליליטרים,500.00,"100 מ""ל",false,,7.50,0.0150,false,1,81556
5060517886516,false,"משקה אנרגיה מונסטר אנרג'י זירו בפחית 500 מ""ל",החברה המרכזית להפצת משקאות בעמ,,משקה אנרגיה מונסטר ז,מיליליטרים,500.00,"100 מ""ל",false,,7.00,0.0140,true,1,81559
5060639128051,false,"משקה אנרגיה מונסטר אולטרה בפחית 500 מ""ל",החברה המרכזית להפצת משקאות בעמ,,משקה אנרגיה מונסטר פ,מיליליטרים,500.00,"100 מ""ל",false,,7.00,0.0140,true,1,85096
5060639129102,false,"משקה אנרגיה מונסטר אנרג'י מנגו בפחית 500 מ""ל",החברה המרכזית להפצת משקאות בעמ,,משקה אנרגיה מונסטר פ,מיליליטרים,500.00,"100 מ""ל",false,,7.50,0.0150,true,1,86963
5060751218173,false,"משקה אנרגיה מונסטר אנרג'י piplin punch בפחית 500 מ""ל",החברה המרכזית להפצת משקאות בעמ,,משקה אנרגיה מונסטר 5,מיליליטרים,500.00,"100 מ""ל",false,,7.50,0.0150,true,1,119973
5200133120483,false,גליליות וופלים 400 גרם וניל גולדן ברייק,דיפלומט מפיצים (1968) בעמ**,,גליליות וניל 400 גר,גרמים,400.00,100 גרם,false,,16.90,0.0422,true,1,73726
5201004020338,false,גליליות קפריס קרם אגוזים שוקולד 400 גר,משה סידס ובנו בעמ,,גלילי וופל במילוי קר,גרמים,400.00,100 גרם,false,,18.90,0.0472,true,1,79158
5201004021328,false,קפריס רולס גלילי וופל במילוי קרם אגוזי לוז וקקאו,אי. ג'יי פאפאדופולוס,,גלילי וופל במילוי אג,גרמים,115.00,100 גרם,false,,8.50,0.0739,true,1,79159
5201261201532,false,"רביעית פחית בירה היינקן 500 מ""ל",מבשלת אתונה S.A.\n,,"הייניקן פחית 500 מ""ל",ליטרים,2.00,ליטר,false,,36.90,18.4500,true,1,117354
5201347160326,false,גל לשמירה על חיי מכונת הכביסה קלגון 750מ,רקיט בנקיזר (ניר איסט) בעמ,,"קלגון ג'ל 750 מ""ל",מיליליטרים,750.00,"100 מ""ל",false,,29.90,0.0399,true,1,70224
5201347400545,false,רצועות שעווה מוכנות לשימוש לפנים ולאזורים רגישים,רקיט בנקיזר (ניר איסט) בעמ,,ויט ארומטיק שעווה לפ,מיליליטרים,0.00,"מ""ל",false,,19.90,0.0000,true,1,18014
5201940010110,false,זיתים שחורים קלמטה וילי פוד 250 גרם,ג. וילי-פוד אינטרנשיונל בע`מ,,זית שחור קלמטה 454 ג,גרמים,454.00,100 גרם,false,,14.90,0.0328,true,1,5382
5202390015618,false,גבינה צהובה טבעונית אורגינל ויאו לייף 200 ג',דיפלומט מפיצים (1968) בעמ**,,גבינה צהובה טבעונית,יחידה,0.00,יחידה,false,,19.90,0.0000,true,1,32516
5202390015885,false,ויולייפ צהובה טבעונית בסגנון צדר פרוסות,ביוט איילנד פודס בעמ,,ויולייפ צדר פרוסות,גרמים,200.00,100 גרם,false,,21.00,0.1050,true,1,120854
5202390016141,false,גבינה מוצרלה צהובה לפיצה טבעונית ויאו לייף 400 ג',דיפלומט מפיצים (1968) בעמ**,,מוצרלה טבעונית לפיצה,גרמים,400.00,100 גרם,false,,24.90,0.0622,true,1,60228
5202390020407,false,פטה טבעונית גוש ויולייף 200 ג',דיפלומט מפיצים (1968) בעמ**,,פטה טבעונית 200 גר',גרמים,200.00,100 גרם,false,,22.90,0.1145,true,1,76435
5202390021121,false,קרמי אוריגינל טבעוני ויולייף 150 גר,דיפלומט מפיצים (1968) בעמ**,,קרם טבעוני אורגינל 1,גרמים,150.00,100 גרם,false,,16.90,0.1127,true,1,76437
5202390022319,false,ויולייפ צדר מגורדת 150 גר`,ביוט איילנד פודס בעמ,,ויולייפ צדר מגורדת,גרמים,150.00,100 גרם,false,,21.00,0.1400,true,1,120855
5202413007019,false,ערק אוזו פלומארי 700,Plomari ouzo distill,,אוזו פלומרי,מיליליטרים,750.00,"100 מ""ל",false,,74.90,0.0999,true,1,30909
5391523057936,false,סימילאק גולד שלב 2 תרכובת מזון על בסיס חלב,אבוט מעבדות רפואיות,,סימילאק גולד 700 גר',גרמים,700.00,100 גרם,false,,69.90,0.0999,false,1,75107
5391523057943,false,סימילאק גולד שלב 3 תרכובת מזון על בסיס חלב,אבוט מעבדות רפואיות,,סימילאק גולד 700 גר',גרמים,700.00,100 גרם,false,,69.90,0.0999,false,1,75108
5391523058087,false,סימילאק אדבנס פלוס 2 תרכובת מזון על בסיס חלב,טרופיקל דגיל תעשיות,,סימילאק אדבנס פלוס ש,גרמים,700.00,100 גרם,false,,64.90,0.0927,false,1,74551
5400265020693,false,בונ קופידו שוקולד סטיקס מנטה 125 גרם,,,קופידו-שוקולד סטיקס,גרמים,125.00,100 גרם,false,,14.50,0.1160,true,1,11975
5400265022796,false,המלט- שוקוליס דפדפי קריספי 125 גר,HAMLET NV,,המלט שוקולס קריספי 1,גרמים,125.00,100 גרם,false,,14.90,0.1192,true,1,11981
5400265022819,false,המלט- שוקוליס דפדפי אגוז קריספי 125 גר,HAMLET NV,,"המלט שוקול""ס קריספי",גרמים,125.00,100 גרם,false,,14.90,0.1192,true,1,11983
5400265022826,false,המלט- שוקוליס דפדפי תפוז קריספי 125 גר,NV HAMLET,,"המלט שוקול""ס קריספי",גרמים,125.00,100 גרם,false,,14.90,0.1192,true,1,11984
5400265024233,false,קופידו-פרלינים בלגים במילוי ויסקי טיצרס,,,קופידו פרלין במילוי,גרמים,150.00,100 גרם,false,,17.90,0.1193,true,1,59650
5400265027265,false,המלט-אריזת מתנה צסטרפילד אדום 125 גר,HAMLET NV,,המלט אריזת מתנה צ'סט,גרמים,125.00,100 גרם,false,,19.90,0.1592,true,1,67346
5410033851459,false,תה ליפטון יילו ליבל 150 גרם-קופסא,יוניליוור,,תה ליפטון ילו לי,גרמים,150.00,100 גרם,false,,12.90,0.0860,false,1,2036
5410103161617,false,קרם יום עם פעולה משולשת Triple active לעור יבש ועדין,לוריאל ישראל קוסמטיקס בעמ,,קרם לחות פעולה משולש,מיליליטרים,50.00,"100 מ""ל",false,,45.90,0.9180,true,1,69878
5410126006087,false,ביסקויט ביסקפה לוטוס בטעם קרמל 700גר`ב,דיפלומט מפיצים (1968) בעמ**,,עוגיות לוטוס 700 גר,גרמים,700.00,100 גרם,false,,25.90,0.0370,true,1,28428
5410126006360,false,לוטוס עוגיות סנדוויץ' במילוי לוטוס 150 גר',דיפלומט מפיצים (1968) בעמ**,,לוטוס עוגיות סנדוויץ,גרמים,150.00,100 גרם,false,,8.50,0.0567,true,1,117514
5410126106022,false,לוטוס ביסקויט מארז חג 2*250ג.,דיפלומט מפיצים (1968) בעמ**,,מארז עוגיות לוטוס,גרמים,500.00,100 גרם,false,,15.90,0.0318,true,1,85009
5410126116953,false,ממרח ביסקוויט קרמל לוטוס (400 גרם),דיפלומט מפיצים (1968) בעמ**,,ממרח בטעם עוגיות לוט,גרמים,400.00,100 גרם,false,,19.90,0.0497,false,1,24269
5410126666038,false,"ביסקוויט קרמל לוטוס 279 גרם בד""צ",דיפלומט מפיצים (1968) בעמ**,,לוטוס 279 גר ארוז 2,גרמים,279.00,100 גרם,false,,11.90,0.0427,true,1,75423
5410126716016,false,"עוגיות לוטוס ביסקויט קרמל בד""צ 250 גרם",דיפלומט מפיצים (1968) בעמ**,,לוטוס 250 גר,גרמים,250.00,100 גרם,false,,10.90,0.0436,false,1,10601
5410126726947,false,ממרח ביסקוויט קרמל קראנץ' לוטוס 380 גרם,דיפלומט מפיצים (1968) בעמ**,,ממרח עוגיות לוטוס קר,גרמים,380.00,100 גרם,false,,19.90,0.0524,false,1,31797
5410173210055,false,רומבוטס קפה קלוי וטחון לפילטר 10 יח' 70 גרם,ליימן שליסל בע`מ,,קפה טחון וקלוי לפילט,גרמים,70.00,100 גרם,false,,19.90,0.2843,false,1,26275
5410228267515,false,"שישיית בירה לאגר באדוויזר 6*330 מ""ל",הכרם - משקאות חריפים בעמ,,בירה באדוויזר שישייה,מיליליטרים,1980.00,"100 מ""ל",false,,29.90,0.0151,true,1,80845
5410291021991,false,ממרח אגוזי לוז עם קקאו צ`וקטה (700 גרם),ש. שסטוביץ בע`מ,,צ'וקטה ממרח אגוזי לו,גרמים,700.00,100 גרם,false,,19.90,0.0284,true,1,64298
5410291022011,false,ממרח אגוזי לוז עם קקאו צ`וקטה (350 גרם),ש. שסטוביץ בע`מ,,צ'וקטה ממרח אגוזי לו,גרמים,350.00,100 גרם,false,,10.90,0.0311,true,1,64299
5410291022752,false,צ'וקטה ממרח אגוזי לוז עם קקאו פרווה 350 ג',ש. שסטוביץ בע`מ,,צ'וקטה ממרח אגוזי לו,גרמים,350.00,100 גרם,false,,10.90,0.0311,true,1,69145
5410291022776,false,צ`וקטה ממרח אגוזי לוז עם קקאו 700 גר`,ש. שסטוביץ בע`מ,,צ'וקטה ממרח אגוזי לו,גרמים,700.00,100 גרם,false,,19.90,0.0284,true,1,68375
5410316983693,false,וודקה סמירנוף אייס בודד 275 מ``ל.,החברה המרכזית להפצת משקאות בעמ,,סמירנוף אייס,יחידה,275.00,יחידה,false,,10.90,0.0396,true,1,13541
5410316994019,false,וודקה סמירנוף אדום (700 מל),החברה המרכזית להפצת משקאות-אלכ,,"וודקה סמירנוף 700 מ""",מיליליטרים,700.00,"100 מ""ל",false,,59.90,0.0856,false,1,28725
5410769100081,false,"בירה לה שוף קטן 330 מ""ל בקבוק",הכרם משקאות חריפים בעמ,,"בירה לה שוף 330 מ""ל",יחידה,0.00,יחידה,false,,12.90,0.0000,true,1,70106
5410769200088,false,"בירה מק שוף קטן 330 מ""ל בקבוק",הכרם משקאות חריפים בעמ,,"בירה מק שוף 330 מ""ל",מיליליטרים,330.00,"100 מ""ל",false,,12.90,0.0391,true,1,70107
5410769800097,false,"בירה לה צרי שוף 8% 330 מ""ל בקבוק",הכרם -משקאות חריפים בע`מ,,בירה צ'רי שוף,מיליליטרים,330.00,"100 מ""ל",false,,12.90,0.0391,true,1,70179
5411188081852,false,אלפרו משקה סויה בטעם וניל 1 ליטר,הנסיך- מפעל לייצור ט,,אלפרו חלב סויה וניל,ליטרים,1.00,ליטר,false,,13.90,13.9000,true,1,32327
5411188094159,false,רביעיית מעדן סויה שוקו מריר אלפרו 125 גרם,הנסיך- מפעל לייצור ט,,מעדן סויה אלפרו שוקו,גרמים,500.00,100 גרם,false,,17.50,0.0350,true,1,7799
5411188094173,false,רביעיה מעדן סויה טעם קרמל 125 ג' אלפרו,שטראוס גרופ בע`מ,,אלפרו מעדן סויה קרמל,גרמים,500.00,100 גרם,false,,17.50,0.0350,true,1,68277
5411188096108,false,"אלפרו שמנת צמחית לבישול לייט 250מ""ל",שטראוס גרופ בעמ/מצונן,,אלפרו שמנת צמחית לבי,מיליליטרים,250.00,"100 מ""ל",false,,9.50,0.0380,true,1,7800
5411188110835,false,אלפרו חלב סויה שקדים וניל 1ל',הנסיך- מפעל לייצור ט,,אלפרו חלב שקדים 1 לי,ליטרים,1.00,ליטר,false,,13.90,13.9000,true,1,25945
5411188112549,false,משקה קוקוס אלפרו 1 ליטר משקה אורז 1 ליטר,הנסיך- מפעל לייצור ט,,אלפרו משקה אורז 1 לי,ליטרים,1.00,100 ליטר,false,,13.90,13.9000,true,1,31415
5411188112709,false,"משקה קוקוס אלפרו 1 ליטר משקה שקדים לל""ס",הנסיך- מפעל לייצור ט,,אלפרו משקה שקדים ללא,ליטרים,1.00,ליטר,false,,13.90,13.9000,true,1,33679
5411188115366,false,משקה קוקוס אלפרו 1 ליטר משקה שיבולת שועל 1 ליטר,הנסיך- מפעל לייצור ט,,אלפרו משקה שיבולת שו,ליטרים,1.00,ליטר,false,,13.90,13.9000,true,1,31175
5411188115434,false,משקה אלפרו בריסטה סויה 1 ליטר,"שטראוס גרופ בע""מ",,אלפרו משקה בריסטה סו,ליטרים,1.00,ליטר,false,,13.90,13.9000,true,1,119059
5411188115472,false,משקה סויה אלפרו 1 ליטר,הנסיך- מפעל לייצור ט,,אלפרו משקה סויה 1 לי,ליטרים,1.00,ליטר,false,,13.90,13.9000,true,1,84828
5411188116905,false,משקה סויה אלפרו בטעם בננה 1 ליטר,שטראוס גרופ בע`מ,,אלפרו משקה סויה בטעם,ליטרים,1.00,ליטר,false,,13.90,13.9000,true,1,120030
5411188118732,false,משקה קוקוס ושקדים אלפרו (1 ליטר),הנסיך- מפעל לייצור ט,,אלפרו משקה קוקוס שקד,ליטרים,1.00,ליטר,false,,13.90,13.9000,true,1,61999
5411188120742,false,משקה קוקוס אלפרו 1 ליטר שקדים וניל 1 ל',הנסיך- מפעל לייצור ט,,אלפרו משקה שקדים בטע,ליטרים,1.00,ליטר,false,,13.90,13.9000,true,1,62000
5411188120957,false,"אלפרו תערובת לבישול על בסיס קוקוס 250 מ""ל",שטראוס גרופ בעמ/מצונן,,אלפרו תערובת לבישול,מיליליטרים,250.00,"100 מ""ל",false,,9.90,0.0396,true,1,69786
5411188121923,false,"משקה סויה מועשר סידן אלפרו 3*250 מ""ל",הנסיך- מפעל לייצור ט,,אלפרו סויה סידן שלשו,מיליליטרים,0.00,"100 מ""ל",false,,13.90,0.0000,true,1,71948
5411188121978,false,אלפרו משקה סויה עמיד מועשר בסידן 3*250,שטראוס גרופ בע`מ,,אלפרו סויה סדן שלישי,מיליליטרים,750.00,"100 מ""ל",false,,13.90,0.0185,true,1,70766
5411188122586,false,אלפרו משקה אגוזי קשיו 1 ל`,הנסיך- מפעל לייצור ט,,משקה שקדים אלפרו 250,מיליליטרים,250.00,"100 מ""ל",false,,5.90,0.0236,true,1,68278
5411188122661,false,אלפרו משקה שקדים לא קלויים ללא תוספת סוכר 1 ל',הנסיך- מפעל לייצור ט,,אלפרו משקה שקדים ללא,ליטרים,1.00,ליטר,false,,13.90,13.9000,true,1,68279
5411188124689,false,משקה אלפרו שיבולת שועל ללא סוכר 1 ליטר,שטראוס גרופ בע`מ,,אלפרו משקה שיבולת שו,ליטרים,1.00,ליטר,false,,13.90,13.9000,true,1,85669
5411188124726,false,משקה שיבולת שועל שקדים 1 ליטר אלפרו,הדקלאים אגודת שיתופי,,אלפרו משקה שיבולת שו,ליטרים,1.00,100 ליטר,false,,13.90,13.9000,true,1,71231
5411188126195,false,אלפרו משקה שקדים אורגני 1ל מפוקח סקאל,שטראוס גרופ בע`מ,,אלפרו משקה שקדים אור,ליטרים,1.00,ליטר,false,,13.90,13.9000,true,1,74066
5411188127697,false,אלפרו משקה בריסטה שיבולת שועל 1 ליטר,הנסיך- מפעל לייצור ט,,אלפרו בריסטה שיבולת,ליטרים,1.00,100 ליטר,false,,13.90,13.9000,true,1,84830
5411188129899,false,משקה אלפרו בריסטה שקדים 1 ליטר,הנסיך- מפעל לייצור ט,,אלפרו בריסטה שקדים 1,ליטרים,1.00,100 ליטר,false,,13.90,13.9000,true,1,84831
5411188133476,false,אלפרו משקה סויה שוקו+חלבון 250 גרם בית יוסף,שטראוס גרופ בעמ/מצונן,,אלפרו משקה סויה שוקו,מיליליטרים,250.00,"100 מ""ל",false,,6.90,0.0276,true,1,90293
5411188133490,false,אלפרו משקה סויה קפה קרמל+חלבון 250 גרם בית יוסף,שטראוס גרופ בעמ/מצונן,,אלפרו משקה סויה קפה,מיליליטרים,250.00,"100 מ""ל",false,,6.90,0.0276,true,1,90294
5411188134985,false,אלפרו 3.5% NOT M*LK שיבולת שועל 1 ליטר בית יוסף,שטראוס גרופ בעמ/מצונן,,אלפרו 3.5% שומן שיבו,ליטרים,1.00,ליטר,false,,12.90,12.9000,true,1,90292
5411188135005,false,אלפרו 1.8% NOT M*LK שיבולת שועל 1 ליטר בית יוסף,שטראוס גרופ בעמ/מצונן,,אלפרו 1.8% שומן שיבו,ליטרים,1.00,ליטר,false,,12.90,12.9000,true,1,90291
5411188300328,false,אלפרו משקה סויה עמיד בטעם שוקו 1 ליטר,הנסיך- מפעל לייצור ט,,אלפרו סויה שוקו 1 ל,ליטרים,1.00,ליטר,false,,13.90,13.9000,true,1,32613
5411188513483,false,"סויה לבישול 14% שומן אלפרו 250 מ""ל",שטראוס גרופ בעמ/מצונן,,אלפרו סויה לבישול 14,מיליליטרים,250.00,"100 מ""ל",false,,9.50,0.0380,true,1,119061
5411188543398,false,משקה סויה ללא סוכר אלפרו 1 ליטר,הנסיך- מפעל לייצור ט,,אלפרו משקה סויה ללא,ליטרים,1.00,ליטר,false,,13.90,13.9000,true,1,84832
5411681014005,false,בירה דובל 330 מל פקד,הכרם משקאות חריפים בעמ,,"בירה דובל 7% 330 מ""ל",יחידה,330.00,יחידה,false,,12.90,0.0391,true,1,18380
5411681038001,false,"מרדסו מעורפלת מאוד330מ""ל",הכרם - משקאות חריפים בעמ,,מרדסו בירה חזקה מאוד,יחידה,330.00,יחידה,false,,12.90,0.0391,true,1,27698
5411686700118,false,בירה לימפנס פרוטס 4.2% אלכוהול 250 מ`ל,הכרם -משקאות חריפים בע`מ,,בירת מתובלת בפירות,יחידה,250.00,יחידה,false,,9.90,0.0396,true,1,58368
5412514350000,false,עלי טורטיליאס 370 גרם,אן. וי סנק פוד,,"עלי טורטילס 25 ס""ם",גרמים,370.00,100 גרם,false,,22.90,0.0619,true,1,65926
5412514555559,false,עלי טוריטיה רגיל קטן פלוטקין,אן. וי סנק פוד,,עלי טורטילס,גרמים,340.00,100 גרם,false,,17.90,0.0526,true,1,17519
5412514777746,false,תרמילי טאקו קונכיות,אן. וי סנק פוד,,קונכיות טאקו מתי,גרמים,125.00,100 גרם,false,,18.90,0.1512,true,1,11760
5412514931117,false,עלי טורטילס מתירס פוקולוקו 320 גר,אן. וי סנק פוד,,עלי טורטילס תירס,גרמים,320.00,100 גרם,false,,20.90,0.0653,true,1,32253
5412514931889,false,עלי קורדיטס 272 ג SOFT TACO,אן. וי סנק פוד,,עלי טורטילס קורדיטה,גרמים,272.00,100 גרם,false,,16.00,0.0588,true,1,17521
5412533001617,false,נוזל לניקוי כלים אלוורה ולימון 1 ליטר,אקובר,,נוזל לניקוי כלים,ליטרים,1.00,ליטר,false,,15.90,15.9000,true,1,15174
5412533002652,false,מסיר כתמים מבגדים 200 מל,אקובר,,מסיר כתמים אקולו,יחידה,200.00,יחידה,false,,24.90,0.1245,true,1,20331
5412533400106,false,אקובר אבקת כביסה לבנ,,,אקובר אבקת כביסה לבנ,קילוגרמים,1.20,"ק""ג",false,,46.90,39.0833,true,1,121878
5412533419665,false,"מרכך כביסה תפוח ושקדים 750 מ""ל",,,מרכך כביסה פריחת תפו,מיליליטרים,750.00,"100 מ""ל",false,,15.90,0.0212,true,1,83368
5412533419702,false,"מרכך כביסה ווניל וגרדניה 750 מ""ל",אקובר,,מרכך כביסה וניל 750,מיליליטרים,750.00,"100 מ""ל",false,,15.90,0.0212,true,1,82008
5412533420364,false,נוזל כביסה פורמולה מרוכזת 1 ליטר,אקובר,,נוזל כביסה אוניברסלי,ליטרים,1.00,ליטר,false,,39.90,39.9000,true,1,82733
5412533421118,false,מרכך כביסה זירו 1 ליטר,,,מרכך כביסה זירו 1 לי,ליטרים,1.00,ליטר,false,,22.90,22.9000,true,1,118550
5412533421736,false,נוזל לניקוי אמבטיה 500מל,,,אקובר נוזל לניקוי אמ,מיליליטרים,500.00,"100 מ""ל",false,,24.90,0.0498,true,1,120842
5412533421828,false,תרסיס לניקוי משטחים500מל,,,תרסיס לניקוי משטחים,מיליליטרים,500.00,"100 מ""ל",false,,25.90,0.0518,true,1,118714
5412533421958,false,תרסיס לניקוי חלונות500מל,,,תרסיס לניקוי חלונות,מיליליטרים,500.00,"100 מ""ל",false,,25.90,0.0518,true,1,119627
5412865030668,false,דקיקי שוקולד במילוי מנטה פשקז 200 גרם,,,דקיקי שוקולד ממולאים,גרמים,200.00,100 גרם,false,,19.90,0.0995,true,1,85735
5413121355082,false,שוקולד בלגי מריר משובח 72 פרסטיז 100 גרם,BCG,,שוקולד מריר בלג'יאן,גרמים,100.00,100 גרם,false,,9.90,0.0990,true,1,24522
5413121356829,false,בלג'יאן-שוקולד חלב ללא סוכר 100 גר' 1/20 (7072),BCG,,בלגיאן-שוקולד חלב לל,גרמים,100.00,100 גרם,false,,14.90,0.1490,true,1,33866
5413121358694,false,שוקולד בלגי מריר משובח 85%פרסטיז 100 גרם,BCG,,פרסטיז' שוקולד בלגי,גרמים,100.00,100 גרם,false,,9.90,0.0990,true,1,11999
5413149655522,false,"אבקת כביסה שושן צחור 1.25 ק""ג אריאל",דיפלומט מפיצים (1986) בע`מ,,אריאל שושן צחור 1.25,קילוגרמים,1.25,"ק""ג",false,,14.90,11.9200,true,1,3321
5413149922907,false,"אבקת כביסה קולור וסטייל 5 ק""ג אריאל",דיפלומט מפיצים (1986) בע`מ,,אריאל קולור וסטייל 5,קילוגרמים,5.00,"ק""ג",false,,36.90,7.3800,false,1,3324
5413149922938,false,"אריאל אבקת כביסה שושן צחור, 5 ק""ג",דיפלומט מפיצים (1986) בע`מ,,אריאל שושן צחור 5קג,קילוגרמים,5.00,"ק""ג",false,,36.90,7.3800,false,1,3325
5413202171303,false,בונ' פרלינים בלגיים,,,בונ' פרלינים בלגיים,גרמים,200.00,100 גרם,false,,26.90,0.1345,true,1,121476
5413548280189,false,קינדר שוקו בון 1 יחידות 125 גרם,פרימיום-חברה לדברי מתיקה ולמסח,,חטיפי קינדר שוקו בון,גרמים,125.00,100 גרם,false,,11.90,0.0952,true,1,2426
5420066370049,false,טראפל בלגי תפוז 150 גרם,,,טראפל בלגי תפוז,גרמים,150.00,100 גרם,false,,10.90,0.0727,true,1,81554
5601008200444,false,עוגיות גודיס טבעות מצופות שוקולד חלב מרבה 150 גרם,הנסיך- מפעל לייצור ט,,עוגיות טבעת מצופות ש,גרמים,150.00,100 גרם,false,,6.50,0.0433,true,1,3326
5601008200451,false,עוגיות גודיס טבעות מצופות שוקולד מריר מרבה 150 גרם,ש. שסטוביץ בע`מ,,עוגיות טבעת מצופות ש,גרמים,150.00,100 גרם,false,,6.50,0.0433,true,1,3327
5601008200468,false,עוגיות גודיס טבעות מצופות שוקולד לבו מרבה 150 גרם,קריניציה ויטמינה אס,,עוגיות טבעת מצופות ש,גרמים,150.00,100 גרם,false,,6.50,0.0433,true,1,3328
5601045300022,false,משקה גוארנה אנטרטיקה פחית 355 מל,סומול וקומפל אס.איי,,גוארנה אנטרטיקה 330,יחידה,330.00,יחידה,false,,6.00,0.0182,true,1,10205
5601217129420,false,וולייט דפים למניעת העברת צבע 20 יחידות,רקיט בנקיזר (ניר איסט) בעמ,,ווליט 20 דפים למכונת,יחידה,0.00,יחידה,false,,19.90,0.0000,true,1,70429
5604912415003,false,סרדינים בשמן זית פורטוס 125 גר`,קונסברס פורטוגל נורטה לי,,סרדינים בשמן זית פור,גרמים,125.00,100 גרם,false,,6.90,0.0552,true,1,74592
5604912415058,false,סרדינים פורטוס בשמן חמניות חריף 125 גרם,דיפלומט מפיצים (1968) בעמ**,,סרדינים בשמן חמניה ח,גרמים,125.00,100 גרם,false,,6.30,0.0504,true,1,74594
5604912425057,false,מקרלים בשמן חמניה חריף פורטוס 125 גרם,קונסרבס פורטוגל נורטה לי,,מקרלים בשמן חמניה חר,גרמים,125.00,100 גרם,false,,5.90,0.0472,true,1,75099
5701932026964,false,"הוטפופ גרעיני תירס להכנת פופקורן במיקרוגל בטעם טבעי, בתוספת מלח, 600 גרם",ליימן שליסל בע`מ,,פופקורן למיקרוגל,גרמים,600.00,100 גרם,false,,15.00,0.0250,true,1,2427
5701932026971,false,הוטפופ גרעיני תירס להכנת פופקורן במיקרוגל בטעם חמאה 600 גרם,ליימן שליסל בע`מ,,פופקורן חמאה 600,גרמים,600.00,100 גרם,false,,15.00,0.0250,true,1,2428
5701932026995,false,"הוטפופ גרעיני תירס להכנת פופקורן במיקרוגל בטעם טבעי מופחת שומן, 510 גרם",קריניציה ויטמינה אס,,פופקורן הוטפופ,גרמים,510.00,100 גרם,false,,15.00,0.0294,false,1,2429
5706516031358,false,פופקורן להכנה במיקרוגל בטעם טבעי מופחת שומן 5 שקיות,ליימן שליסל בע`מ,,הוטפופ 100קלוריות,גרמים,160.00,100 גרם,false,,15.00,0.0938,true,1,2430
5708209201611,false,טורטיה מקמח חיטה 20 אנטיקה קנטינה 320 גרם,לייטון פודס-קנטינה,,טורטיה מקמח חיטה,גרמים,340.00,100 גרם,false,,16.90,0.0497,true,1,3329
5708209201628,false,טורטיה מקמח חיטה 25 אנטיקה קנטינה 370 גרם,ביופט,,טורטיה,גרמים,370.00,100 גרם,false,,19.90,0.0538,true,1,15734
5711953106583,false,גבינת שמנת בטעם טבעי 200 גרם ארלה,שטראוס גרופ בעמ/מצונן,,ארלה גבינת שמנת טבעי,גרמים,200.00,100 גרם,false,,14.90,0.0745,true,1,80232
5711953106590,false,גבינת שמנת ארלה שמנת שום 200 גרם,שטראוס גרופ בעמ/מצונן,,ארלה גבינת שמנת שום,גרמים,200.00,100 גרם,false,,14.90,0.0745,true,1,80286
5711953106606,false,גבינת שמנת עם תבלינים ועשבי תיבול 23.5%,שטראוס גרופ בעמ/מצונן,,ארלה גבינת שמנת עשבי,גרמים,200.00,100 גרם,false,,14.90,0.0745,true,1,80233
5740900403215,false,ממרח חמאה דנית לורפק עם מלח 250 גרם,שטראוס גרופ בעמ/מצונן,,ממרח מחמאת לורפק עם,גרמים,250.00,100 גרם,false,,16.90,0.0676,false,1,75317
5740900403222,false,ממרח לורפק חמאה עם מלח מופחת שומן 250 ג,שטראוס גרופ בעמ/מצונן,,ממרח מחמאת לורפק עם,גרמים,250.00,100 גרם,false,,16.90,0.0676,false,1,75318
5740900403239,false,ממרח חמאה דנית לורפק ללא מלח 250 גרם,שטראוס גרופ בעמ/מצונן,,ממרח מחמאת לורפק ללא,גרמים,250.00,100 גרם,false,,16.90,0.0676,false,1,75319
5740900403246,false,ממרח לורפק ללא תוספת מלח 500 גר,שטראוס גרופ בעמ/מצונן,,ממרח מחמאת לורפק ללא,גרמים,500.00,100 גרם,false,,26.90,0.0538,false,1,75320
5740900403253,false,ממרח מחמאת לורפק עם מלח 500 ג',שטראוס גרופ בעמ/מצונן,,ממרח מחמאת לורפק עם,גרמים,500.00,100 גרם,false,,26.90,0.0538,false,1,75321
5740900403260,false,ממרח מחמאת לורפק ללא מלח 27% פחות שומן,שטראוס גרופ בעמ/מצונן,,ממרח לורפק ללא מלח 2,גרמים,250.00,100 גרם,false,,16.90,0.0676,false,1,75322
5900020012814,false,דגנים תפוחים בטעם שוקולד נסקוויק נסטלה 500 גרם,קבוצת אוסם סחר שותפות מוגבלת,,נסקוויק דגני בוקר בט,גרמים,500.00,100 גרם,false,,19.90,0.0398,false,1,5751
5900020020710,false,מארז חטיף דגנים קראנץ' בטעם שוקו וניל נסטלה,קבוצת אוסם סחר שותפות מוגבלת,,קראנץ בר שוקו וניל 6,גרמים,150.00,100 גרם,false,,14.90,0.0993,false,1,28144
5900020020741,false,חטיפי דגנים נסקוויק בר שוקו שוקו 6*25 גר,קבוצת אוסם סחר שותפות מוגבלת,,נסקוויק בר דגנים שוק,גרמים,150.00,100 גרם,false,,14.90,0.0993,false,1,28145
5900020024770,false,פיטנס - דליס חטיף דגנים שוקולד אגוז 22.50 גרם * 6,קבוצת אוסם סחר שותפות מוגבלת,,חטיפי פיטנס בר דליס,גרמים,135.00,100 גרם,false,,14.90,0.1104,false,1,59453
5900020024817,false,פיטנס דליס Fitness Delice חטיף דגנים עם שוקולד לבן,קבוצת אוסם סחר שותפות מוגבלת,,חטיפי פיטנס בר דליס,גרמים,135.00,100 גרם,false,,14.90,0.1104,false,1,59454
5900020025647,false,חטיף דגנים פיטנס שוקולד חלב 135 גרם מארז 6 יחידות,קבוצת אוסם סחר שותפות מוגבלת,,חטיפי פיטנס בר דליס,גרמים,135.00,100 גרם,false,,14.90,0.1104,false,1,59456
5900020025807,false,נסטלה - דגני סיני מיניס 375 גרם,קבוצת אוסם סחר שותפות מוגבלת,,סיני מיניס דגנים 375,גרמים,375.00,100 גרם,false,,10.00,0.0267,false,1,59952
5900020026552,false,דגני בוקר האני נאט צ'יריוס בטעם דבש ושקדים,קבוצת אוסם סחר שותפות מוגבלת,,האני נאט ציריוס עידן,גרמים,625.00,100 גרם,false,,19.90,0.0318,false,1,63727
5900020031877,false,נסטלה האני ציריוס חטיף דגני בוקר שישייה,קבוצת אוסם סחר-שות.מוגבלת,,צ'ריוס האני נאט חטיף,גרמים,132.00,100 גרם,false,,14.90,0.1129,false,1,74361
5900020032454,false,מארז חטיף פיטנס עוגיות 8 X 23.5 גרם,קבוצת אוסם סחר שותפות מוגבלת,,פיטנס ברים חטיף עוגי,גרמים,188.00,100 גרם,false,,14.90,0.0793,true,1,88943
5900020032539,false,מארז חטיף פיטנס שוקולד 8 X 23.5 גרם,קבוצת אוסם סחר שותפות מוגבלת,,פיטנס בר חטיף שוקולד,גרמים,188.00,100 גרם,false,,14.90,0.0793,true,1,88942
5900020033314,false,חטיף דגני בוקר Lion בטעם קרמל ושוקולד על קרם חלב,קבוצת אוסם סחר שותפות מוגבלת,,ליון חטיף דגנים 6*25,גרמים,150.00,100 גרם,false,,14.90,0.0993,false,1,75499
5900020034991,false,דגני בוקר צדפים בטעם שוקולד 450 ג' קראנץ',קבוצת אוסם סחר שותפות מוגבלת,,קראנץ צדפים בטעם שוק,גרמים,450.00,100 גרם,false,,19.90,0.0442,false,1,81033
5900020036407,false,ליון דגני בוקר שוקולד וקרמל נסטלה 480 גרם,קבוצת אוסם סחר שותפות מוגבלת,,דגני בוקר שוקולד וקר,גרמים,480.00,100 גרם,false,,19.90,0.0415,false,1,83357
5900020037916,false,דגני בוקר שיבולת שועל צ'ריוס 375ג',קבוצת אוסם סחר שותפות מוגבלת,,צ'יריוס שיבולת שועל,גרמים,375.00,100 גרם,false,,16.90,0.0451,true,1,86801
5900020041371,false,פיטנס מארז חטיף שוקולד מריר ושקדים 6*8,קבוצת אוסם סחר שותפות מוגבלת,,פיטנס חטיף שוקולד מר,גרמים,141.00,100 גרם,false,,14.90,0.1057,true,1,121503
5900353618486,false,בונ' שרי מיסזקו צריס,,,בונבוניירה שרי MIESZ,גרמים,104.00,100 גרם,false,,9.90,0.0952,true,1,90353
5900627026429,false,"סיליט באנג גיל לניקוי אסלות בתוספת אקונומיקה 750מ""ל",תה ויסוצקי בע`מ,,סיליט באנג מנקה ומחט,מיליליטרים,750.00,"100 מ""ל",false,,9.90,0.0132,true,1,18017
5900627063233,false,טבליות למדיח הכל ב-1 פיניש מקס 50 יחידות,רקיט בנקיזר (ניר איסט) בעמ,,פיניש 50 טבליות AIO,יחידה,0.00,יחידה,false,,39.90,0.0000,true,1,64418
5900951283963,false,חטיף סניקרס עם חמאת בוטנים Creamy Peanut Butter,"מרס ריגלי ישראל בע""מ",,חטיף סניקרס,גרמים,36.50,100 גרם,false,,4.00,0.1096,false,1,118724
5900951284571,false,אוכל לכלבים פדיגרי ב,שחורי אריה ואנסטסיה,,פדיגרי פחית בקר 400,גרמים,400.00,100 גרם,false,,9.40,0.0235,true,1,87080
5901414200411,false,בלזן היט מיני ביסקוויט סנדוויץ' עם מילוי קרם בטעם שוקולד 130 גרם,ליימן שליסל בע`מ,,עוגיות מיני היט,גרמים,130.00,100 גרם,false,,6.90,0.0531,true,1,8578
5901888020508,false,FREEYU חטיף דגנים עם קינואה בטעם צ'ילי 70 גרם,"דנשר (1963) בע,מ",,FREEYU חטיף דגנים עם,גרמים,70.00,100 גרם,false,,13.90,0.1986,true,1,121041
5902198160403,false,XL משקה אנרגיה מוגז ללא סוכר עד 10 קלוריות לפחית 250 מל,"טמפו משקאות בע""\מ",,"XL ten פחית 250 מ""ל",מיליליטרים,250.00,"100 מ""ל",false,,4.50,0.0180,false,1,68749
5906485301012,false,משקה אנרגיה XL מוגז פחית 250 מל,טמפו משקאות בע`מ,,משקה אנרגיה אקסל,מיליליטרים,250.00,"100 מ""ל",false,,4.50,0.0180,false,1,11489
5941021000639,false,טבלת שוקולד חלב אגוז היידי גראנדור 100 ג',היידי שוקולד בירונטי,,טבלת היידי גראנדור ח,גרמים,100.00,100 גרם,false,,8.90,0.0890,true,1,62350
5941021001254,false,טבלת שוקולד בטעם תפוז היידי גראנדור 80 ג',,,טבלת היידי גראנדור ת,גרמים,80.00,80 גרם,false,,8.50,0.1063,true,1,62353
5941021001261,false,טבלת שוקולד היידי גראנדור 75% 80 ג',היידי שוקולד בירונטי,,טבלת היידי גראנדור 7,גרמים,80.00,80 גרם,false,,8.50,0.1063,true,1,62354
5941021002190,false,טבלת שוקולד לבן אגוז היידי גראנדור 100 ג',היידי שוקולד בירונטי,,טבלת שוקולד היידי גר,גרמים,100.00,100 גרם,false,,8.90,0.0890,true,1,64251
5941021005139,false,טבלת שוקולד חלב שקד היידי גראנדור 100 ג',,,טבלת היידי גראנדור ח,גרמים,100.00,100 גרם,false,,8.90,0.0890,true,1,62356
5941021007577,false,טבלת שוקולד פיסטוק היידי גראנדור 80 ג',היידי שוקולד בירונטי,,טבלת היידי גראנדור פ,גרמים,80.00,80 גרם,false,,8.50,0.1063,true,1,62358
5941021008208,false,טבלת שוקולד מלח שחור היידי גראנדור 80 ג',היידי שוקולד בירונטי,,טבלת שוקולד היידי גר,גרמים,80.00,100 גרם,false,,8.50,0.1063,true,1,64253
5941021008673,false,טבלת שוקולד לבן שקד פיסטוק היידי גראנדור 100 ג',היידי שוקולד בירונטי,,טבלת שוקולד היידי גר,גרמים,100.00,100 גרם,false,,8.90,0.0890,true,1,64254
5941021011147,false,טבלת שוקולד פלורנטין מריר היידי גראנדור 100 ג',היידי שוקולד בירונטי,,טבלת שוקולד היידי גר,גרמים,100.00,100 גרם,false,,8.90,0.0890,true,1,64256
5941021014483,false,טבלת היידי גראנדור פלורנטין לבן 100 גר,,,טבלת היידי גראנדור פ,גרמים,100.00,100 גרם,false,,8.90,0.0890,true,1,72467
5948559002753,false,5 מטליות ניקוי בעלות ספיגה מקסימלית,3m,,מטלית ניקוי בעלת ספי,יחידה,0.00,יחידה,false,,15.90,0.0000,true,1,78816
5997010302024,false,מחית לגולש חריפה 70 גר`תבליני טעם וריח,תבליני טעם וריח בעמ,,מחית לגולש חריפה 70,גרמים,70.00,100 גרם,false,,9.90,0.1414,true,1,117378
5997321701806,false,אבקה למניעת אבנית במכונת כביסה 2 ב-1,רקיט בנקיזר (ניר איסט) בעמ,,"קלגון אבקה 1 ק""ג",קילוגרמים,1.00,"100 ק""ג",false,,29.90,29.9000,true,1,69581
5998749109113,false,פדיגרי דנטאסטיקס כלב לארג 270 גרם (7 יח') BP40S,שחורי אריה ואנסטסיה,,פדיגרי דנטה לארג' 27,גרמים,270.00,100 גרם,false,,18.90,0.0700,true,1,59211
5998749109786,false,אוכל לכלבים פדיגרי א,פדיגרי,,פדגרי אדולט צ'יקן,קילוגרמים,3.00,"ק""ג",false,,59.90,19.9667,true,1,66393
5998749128909,false,ויסקס אנטיהייר בול 55 גרם,שחורי אריה ואנסטסיה,,ויסקס אנטיהייר 55 גר,גרמים,55.00,100 גרם,false,,10.90,0.1982,true,1,64716
5998749129746,false,ויסקאס אדולט בקר 1.4 קג,ויסקס,,ויסקס אדולט ביף 1.4,קילוגרמים,1.40,"ק""ג",false,,46.90,33.5000,true,1,64031
5998749131688,false,פדיגרי טייסטי מיניס עוף 125גר,נאמן לאורך זמן בעמ,,פדיגרי טייסמי מיניס,גרמים,125.00,100 גרם,false,,18.90,0.1512,true,1,89276
5998749139974,false,פדיגרי ג'אמבון לארג',,,פדיגרי ג'אמבון לארג',גרמים,180.00,100 גרם,false,,17.90,0.0994,true,1,119066
6001067017523,false,מברשת שיניים קולגייט לילדים מגיל חמש 1 יחידה,יבואן ומשווק: ש. שסט,,קולגייט מברשת ילדים,יחידה,0.00,יחידה,false,,9.90,0.0000,true,1,25947
6003105001563,false,INA PAARMAN תבלין בריי וגריל,INA PAARMANS,,תבלין בריי וגריל,גרמים,200.00,100 גרם,false,,22.90,0.1145,true,1,32085
6003105002270,false,INA PAARMAN תבלין לתפוח אדמה,INA PAARMANS,,INA PAARMANS תבלין ת,מיליליטרים,200.00,"100 מ""ל",false,,22.90,0.1145,true,1,31525
6003105900262,false,INA PAARMAN תבלין שום ועשבי תיבול,INA PAARMANS,,תבלין שום ועשבי תיבו,מיליליטרים,200.00,"100 מ""ל",false,,22.90,0.1145,true,1,33957
6003770000663,false,רוטב נאנדוס פרי פרי חריף 250 גרם,General,,רוטב פרי פרי חריף 25,גרמים,250.00,100 גרם,false,,22.90,0.0916,true,1,33562
6003770002674,false,רוטב ננדוס אקס אקס ח,NANDOS,,רוטב פרי פרי חריף,גרמים,250.00,100 גרם,false,,22.90,0.0916,true,1,57540
6003770003091,false,רוטב נאנדוס פרי פרי מיילד 250 גרם,NANDOS,,רוטב פרי פרי בחריפות,מיליליטרים,250.00,"100 מ""ל",false,,21.90,0.0876,true,1,65307
6006507004996,false,תערובת תיבול ים תיכו,cape herb and spices,,תערובת תיבול ים תיכו,גרמים,100.00,100 גרם,false,,19.90,0.1990,true,1,69600
6006507005016,false,טקסס סטייקי 100 גרם CAPE HERBS,cape herb and spices,,CAPE HERBS טקסס סטיי,גרמים,100.00,100 גרם,false,,19.90,0.1990,true,1,69085
6006507005764,false,תערובת אסיאתי כאפ הר,cape herb and spices,,תבלין אסייתי 100 גר',גרמים,100.00,100 גרם,false,,19.90,0.1990,true,1,86548
6006507005795,false,תבלין כאפה הרבס טיקה,cape herb and spices,,CAPE HERBS טיקה טנדו,גרמים,100.00,100 גרם,false,,19.90,0.1990,true,1,69088
6006507007454,false,"CAPE HERBS לימון עשבי תיבול 100ג""ר(פח)",cape herb and spices,,לימון עשבי תיבול 100,גרמים,100.00,100 גרם,false,,21.00,0.2100,true,1,85698
6006507007805,false,CAPE HERBS תבלינים לברביקיו מעושן,cape herb and spices,,תבלינים לברביקיו מעו,גרמים,100.00,100 גרם,false,,21.90,0.2190,true,1,85699
6006570000093,false,תבלין כאפה הרבס ציפו,cape herb and spices,,CAPE HERBS צ'יפוטלה,גרמים,80.00,100 גרם,false,,19.90,0.2487,true,1,69089
6009188004828,false,קיט קאט צ`אנקי לבן 40 גר`,קבוצת אוסם סחר שותפות מוגבלת,,קיט קט צ'אנקי לבן,גרמים,40.00,100 גרם,false,,3.70,0.0925,true,1,121501
6009678813985,false,קייפ פודס מטחנת מלח הימלאיה ורוד 390 גרם,,,מלח הימלאי גס מטחנה,גרמים,390.00,100 גרם,false,,16.90,0.0433,true,1,73817
6009900532684,false,"יין קייפ גואל שרדונה ריזרב 750 מ""ל",קייפ ג'ואל,,קייפ ג'ואל שרדונה רי,מיליליטרים,750.00,"100 מ""ל",false,,39.90,0.0532,true,1,86895
6009900532745,false,"יין קייפ גואל מרלו ריזרב 750 מ""ל",קייפ ג'ואל,,יין קייפ ג'ואל רזרב,מיליליטרים,750.00,"100 מ""ל",false,,36.90,0.0492,true,1,90543
6009900532752,false,"יין קייפ גואל שיראז ריזרב 750 מ""ל",קייפ ג'ואל,,קייפ ג'ואל רזרב שירז,מיליליטרים,750.00,"100 מ""ל",false,,36.90,0.0492,true,1,121352
6009900532776,false,"יין קייפ גואל שנין בלאן ריזרב 750 מ""ל",קייפ ג'ואל,,קייפ ג'ואל שנין בלאן,מיליליטרים,750.00,"100 מ""ל",false,,39.90,0.0532,true,1,86897
6009900532783,false,"יין גואל קברנה סוביניון ריזרב 750 מ""ל",קייפ ג'ואל,,קייפ ג'ואל קברנה סוב,מיליליטרים,750.00,"100 מ""ל",false,,39.90,0.0532,true,1,86898
6009900532790,false,יין קייפ גואל פינוטאז ריזרב 750 מ,קייפ ג'ואל,,קיים ג'ואל פינוטאז',מיליליטרים,750.00,"100 מ""ל",false,,39.90,0.0532,true,1,86899
6102017501939,false,מצת להבה לגז brico {במעמד},אוהב ציון בעמ (מבצעים),,מצית להבה,יחידה,0.00,יחידה,false,,9.90,0.0000,true,1,74140
6253017300012,false,טחינה קראוון המקורית,אחדות ביחר לטחינה ח,,טחינה קראוון 450 גר',גרמים,450.00,100 גרם,false,,14.90,0.0331,true,1,18786
6253017300029,false,טחינה גולמית קרוואן,קרואן Karawan,,טחינה היונה 950 גר',גרמים,950.00,100 גרם,false,,29.90,0.0315,true,1,58770
6910191800287,false,אצות נורי בלו 10 דף (ננגטונג),מזרח ומערב יבוא ושיווק,,אצות נורי לסושי 10 ד,גרמים,25.00,100 גרם,false,,12.90,0.5160,true,1,64393
6936745600783,false,"חומץ אורז מזרח מערב 500 מ""ל",מזרח ומערב יבוא ושיווק,,"חומץ אורז ""מזרח ומער",מיליליטרים,500.00,"100 מ""ל",false,,18.90,0.0378,true,1,71935
6974640730167,false,פטריות שיטאקה 100 גר (כ) (Zhejiang),מזרח ומערב יבוא ושיווק,,פטריות שיטאקה 100 גר,גרמים,100.00,100 גרם,false,,19.90,0.1990,true,1,120932
7038516140357,false,מברשת שיניים ג'ורדן טוטל סופט מארז 4 יחידות,מיוצר במלזיה עבור ג',,ג'ורדן מברשת שיניים,יחידה,0.00,יחידה,false,,14.90,0.0000,true,1,29594
7038516140418,false,ג'ורדן מברשת שיניים טוטאל קלין מדיום רביעייה,"דנשר (1963) בע,מ",,ג'ורדן מברשות שיניים,יחידה,0.00,יחידה,false,,14.90,0.0000,true,1,32782
7046110064016,false,ג'ורדן מארז זוג מברשת שיניים לילדים מגיל 3-5,"דנשר (1963) בע,מ",,ג'ורדן מברשת שיניים,יחידה,0.00,יחידה,false,,19.90,0.0000,true,1,61970
7046110064047,false,מארז זוג מברשת שיניים ג'ורדן ילדים 6-9,"דנשר (1963) בע,מ",,מארז זוג מברשות שיני,יחידה,0.00,יחידה,false,,19.90,0.0000,true,1,61891
7271730901261,false,ווקי מאק ארוחת אטריות עם גבינה 156 גרם,ניו וורלד פסטה קומפנ,,פסטה גבינה וואקי מאק,גרמים,156.00,100 גרם,false,,10.90,0.0699,true,1,25468
7280138802971,false,מנגל פח ארוך,,,מנגל פח ארוך,יחידה,0.00,יחידה,false,,90.00,0.0000,true,1,62909
7290000000001,false,עגבניות,,,עגבניות,קילוגרמים,1.00,"ק""ג",true,,8.90,8.9000,false,1,19034
7290000000002,false,לחם אחיד כהה 750 גרם,אנג'ל,,מלפפון,קילוגרמים,1.00,"ק""ג",true,,7.90,7.9000,false,1,19035
7290000000003,false,"תפו""א לבן ארוז",,,גזר,קילוגרמים,1.00,"ק""ג",true,,4.90,4.9000,true,1,19036
7290000000004,false,לחמניית אצבע עם נקני,,,חצילים,קילוגרמים,1.00,"ק""ג",true,,4.90,4.9000,true,1,19037
7290000000005,false,פלפל נהריה,,,פלפל נהריה,קילוגרמים,1.00,"ק""ג",true,,8.90,8.9000,true,1,19028
7290000000006,false,פלפל ירוק,,,פלפל ירוק,קילוגרמים,1.00,"ק""ג",true,,7.90,7.9000,true,1,19038
7290000000007,false,פלפל אדום,,,פלפל אדום,קילוגרמים,1.00,"ק""ג",true,,8.90,8.9000,true,1,19029
7290000000008,false,כרוב אדום,,,כרוב אדום,קילוגרמים,1.00,"ק""ג",true,,5.90,5.9000,true,1,18946
7290000000009,false,כרוב ירוק,,,כרוב ירוק,קילוגרמים,1.00,"ק""ג",true,,4.90,4.9000,true,1,19039
7290000000010,false,ארטיק קרח,,,כרובית,קילוגרמים,1.00,"ק""ג",true,,11.90,11.9000,true,1,19040
7290000000011,false,פלפל חריף,,,קישואים,קילוגרמים,1.00,"ק""ג",true,,6.90,6.9000,true,1,19041
7290000000012,false,פלפל אדום,,,סלק,קילוגרמים,1.00,"ק""ג",true,,7.90,7.9000,true,1,18947
7290000000013,false,פלפל ירוק,,,צנון,קילוגרמים,1.00,"ק""ג",true,,7.90,7.9000,true,1,19042
7290000000014,false,שעועית ירוקה,,,שעועית ירוקה,קילוגרמים,1.00,"ק""ג",true,,23.90,23.9000,true,1,19043
7290000000016,false,תפוחי אדמה לבן,,,תפוחי אדמה לבן,קילוגרמים,1.00,"ק""ג",true,,6.90,6.9000,true,1,19045
7290000000017,false,סלרי עלים,,,בצל יבש,קילוגרמים,1.00,"ק""ג",true,,4.90,4.9000,true,1,19046
7290000000018,false,שום יבש תפזורת,ירק הגליל,,שום יבש,קילוגרמים,1.00,"ק""ג",true,,19.90,19.9000,true,1,19047
7290000000019,false,חציל חממה,ריץ',,דלורית,קילוגרמים,1.00,"ק""ג",true,,7.90,7.9000,true,1,19048
7290000000021,false,פטרוזיליה,,,פלפל חריף,קילוגרמים,1.00,"ק""ג",true,,7.90,7.9000,true,1,19049
7290000000022,false,סלרי עלים,,,סלרי עלים,יחידה,0.00,יחידה,false,,4.90,0.0000,true,1,19205
7290000000023,false,כוסברה יח',,,אבוקדו,קילוגרמים,1.00,"ק""ג",true,,11.90,11.9000,true,1,19050
7290000000024,false,תירס מקולף,,,תירס מקולף,קילוגרמים,1.00,"ק""ג",true,,11.90,11.9000,true,1,19051
7290000000026,false,החזר פיקדון של מיחזור בקבוקים,,,אפרסמון,קילוגרמים,1.00,"ק""ג",true,,14.90,14.9000,true,1,19053
7290000000027,false,פומלה,,,דלעת,קילוגרמים,1.00,"ק""ג",true,,8.90,8.9000,true,1,19054
7290000000029,false,ענבים שחורים גדו,,,ענבים שחורים גדו,קילוגרמים,1.00,"ק""ג",true,,19.90,19.9000,true,1,19056
7290000000030,false,תפוח גרנד,,,ליצ'י,יחידה,0.00,יחידה,false,,11.90,0.0000,true,1,19057
7290000000031,false,תפוח זהוב,,,בצל ירוק,יחידה,0.00,יחידה,false,,4.90,0.0000,true,1,19058
7290000000032,false,בטטה ירושלמית,,,בטטה ירושלמית,קילוגרמים,1.00,"ק""ג",true,,16.90,16.9000,true,1,19059
7290000000033,false,תפוח אדמה גורמה,,,תפוח אדמה גורמה,קילוגרמים,1.00,"ק""ג",true,,7.90,7.9000,true,1,19060
7290000000034,false,חסה ערבית,,,חסה,יחידה,0.00,יחידה,false,,5.90,0.0000,true,1,19224
7290000000035,false,תוספת שתיה בקירור,,,חסה עגולה,יחידה,0.00,יחידה,false,,5.90,0.0000,true,1,19225
7290000000036,false,כרוב סיני,,,כרוב סיני,יחידה,0.00,יחידה,false,,7.90,0.0000,true,1,19061
7290000000038,false,ברוקולי מגש,,,ברוקולי מגש,יחידה,0.00,יחידה,false,,9.90,0.0000,true,1,18951
7290000000041,false,משלוח חינם (בקניה מע,,,בטטה,קילוגרמים,1.00,"ק""ג",true,,8.90,8.9000,true,1,19063
7290000000042,false,קישואים חממה,,,חזרת שורש,קילוגרמים,1.00,"ק""ג",true,,44.90,44.9000,true,1,19064
7290000000045,false,תפוח אדמה אדום,,,תפוח אדמה אדום,קילוגרמים,1.00,"ק""ג",true,,6.90,6.9000,true,1,19066
7290000000046,false,גזר בתפזורת,,,בצל לבן,קילוגרמים,1.00,"ק""ג",true,,4.90,4.9000,true,1,19067
7290000000047,false,חבילת נענע טריה,,,חבילת נענע טריה,יחידה,0.00,יחידה,false,,4.90,0.0000,true,1,19068
7290000000049,false,כרישה (לוף פראסה),,,כרישה (לוף פראסה),קילוגרמים,1.00,"ק""ג",true,,19.90,19.9000,true,1,19069
7290000000050,false,שרי תמר,,,צנונית,יחידה,0.00,יחידה,false,,5.90,0.0000,true,1,19070
7290000000051,false,פלפל צהוב,,,פלפל צהוב,קילוגרמים,1.00,"ק""ג",true,,8.90,8.9000,true,1,19071
7290000000053,false,שזיף אירופי,,,אגס תפוח,קילוגרמים,1.00,"ק""ג",true,,11.90,11.9000,true,1,19072
7290000000054,false,פלפל כתום,,,פלפל כתום,קילוגרמים,1.00,"ק""ג",true,,8.90,8.9000,true,1,19073
7290000000055,false,סלק עלים,,,סלק עלים,יחידה,0.00,יחידה,false,,4.90,0.0000,true,1,19074
7290000000056,false,משלוח בתוך העיר,,,שזיף שגיב,קילוגרמים,1.00,"ק""ג",true,,14.90,14.9000,true,1,19075
7290000000057,false,פלפל צהוב,,,אפרסק,קילוגרמים,1.00,"ק""ג",true,,9.90,9.9000,true,1,19076
7290000000062,false,"תפו""א אדום ארוז",,,בצל אדום,קילוגרמים,1.00,"ק""ג",true,,5.90,5.9000,true,1,18948
7290000000063,false,קלמנטינה,,,קולורבי,קילוגרמים,1.00,"ק""ג",true,,7.90,7.9000,true,1,19079
7290000000064,false,לימון,,,לימון,קילוגרמים,1.00,"ק""ג",true,,7.90,7.9000,true,1,19080
7290000000065,false,אשכולית אדומה,,,אשכולית אדומה,קילוגרמים,1.00,"ק""ג",true,,6.90,6.9000,true,1,19081
7290000000066,false,שזיף אדום,,,שזיף אדום,קילוגרמים,1.00,"ק""ג",true,,15.90,15.9000,true,1,3070
7290000000067,false,ארטישוק ירושלמי,,,צנונית עלים,יחידה,0.00,יחידה,false,,4.99,0.0000,true,1,19082
7290000000068,false,פטריות ערד/פורטובלו,Unknown,,רימון טרי,קילוגרמים,1.00,"ק""ג",true,,8.90,8.9000,true,1,19223
7290000000069,false,ענבים ירוקים,,,ענבים ירוקים,קילוגרמים,1.00,"ק""ג",true,,24.90,24.9000,true,1,19083
7290000000070,false,פלפל שושקה ירוק/ אדו,,,פלפל שושקה ירוק/ אדו,קילוגרמים,1.00,"ק""ג",true,,14.90,14.9000,true,1,19084
7290000000071,false,אבטיח,,,אבטיח,קילוגרמים,1.00,"ק""ג",true,,8.90,8.9000,true,1,19085
7290000000072,false,תפוח עץ סטרקינג(חרמו,,,תפוח עץ סטרקינג(חרמו,קילוגרמים,1.00,"ק""ג",true,,9.90,9.9000,true,1,19086
7290000000073,false,סברס,,,סברס,קילוגרמים,1.00,"ק""ג",true,,29.90,29.9000,true,1,19087
7290000000074,false,תפוח עץ יונתן,,,תפוח עץ יונתן,קילוגרמים,1.00,"ק""ג",true,,11.90,11.9000,true,1,19088
7290000000075,false,תפוח עץ זהוב,מרינה פטריות הגליל,,תפוח עץ זהוב,קילוגרמים,1.00,"ק""ג",true,,9.90,9.9000,true,1,19089
7290000000077,false,משלוח הסתדרות-שליח פ,,,תפוח עץ גרנד (סמית),קילוגרמים,1.00,"ק""ג",true,,9.90,9.9000,true,1,19091
7290000000078,false,משלוח הסתדרות-שליח ח,,,מלון,קילוגרמים,1.00,"ק""ג",true,,7.90,7.9000,false,1,18949
7290000000081,false,אגסים,,,אגסים,קילוגרמים,1.00,"ק""ג",true,,12.90,12.9000,true,1,3071
7290000000084,false,קיוי,,,קיוי,קילוגרמים,1.00,"ק""ג",true,,17.90,17.9000,true,1,19095
7290000000085,false,ענבי טלי,,,שומר,קילוגרמים,1.00,"ק""ג",true,,7.90,7.9000,true,1,19096
7290000000086,false,תירס ארוז,,,ראש סלרי,יחידה,0.00,יחידה,false,,5.90,0.0000,true,1,19097
7290000000087,false,מנגולד-סלק עלים,,,אשכוליות,קילוגרמים,1.00,"ק""ג",true,,6.90,6.9000,true,1,19098
7290000000088,false,תפוזים,,,תפוזים,קילוגרמים,1.00,"ק""ג",true,,4.90,4.9000,true,1,19099
7290000000089,false,בננה,,,בננה,קילוגרמים,1.00,"ק""ג",true,,6.90,6.9000,true,1,3072
7290000000091,false,דמי משלוח - אתר אינטרנט,,,לפת,קילוגרמים,1.00,"ק""ג",true,,7.90,7.9000,true,1,19101
7290000000092,false,פומלה לבנה,,,פומלה לבנה,קילוגרמים,1.00,"ק""ג",true,,7.90,7.9000,true,1,19102
7290000000093,false,משלוח קו קופה טלפוני,,,ענבים שחורים קטן,קילוגרמים,1.00,"ק""ג",true,,19.90,19.9000,true,1,19103
7290000000096,false,משלוח תוספת ארגז אקס,,,מנגו,קילוגרמים,1.00,"ק""ג",true,,14.90,14.9000,true,1,19105
7290000000098,false,קרמבולה,,,מנגו,קילוגרמים,1.00,"ק""ג",true,,14.90,14.9000,true,1,19107
7290000000099,false,שורש פטרוזיליה,,,שורש פטרוזיליה,יחידה,0.00,יחידה,false,,5.90,0.0000,true,1,19207
7290000000100,false,אבוקדו האס,,,ירק,יחידה,0.00,יחידה,false,,3.90,0.0000,true,1,19108
7290000000101,false,חבילת פיתות קטן 10 י,ביכורי השקמה,,מלון בוכרי,קילוגרמים,1.00,"ק""ג",true,,6.90,6.9000,true,1,5254
7290000000103,false,חלה רגילה,ביכורי השקמה,,דבדבן טרי,קילוגרמים,1.00,"ק""ג",true,,39.90,39.9000,true,1,18945
7290000000105,false,חב' עירית טריה,ביכורי השקמה,,חב' עירית טריה,יחידה,0.00,יחידה,false,,5.90,0.0000,true,1,18953
7290000000106,false,אנונה,ביכורי השקמה,,אנונה,קילוגרמים,1.00,"ק""ג",true,,15.90,15.9000,true,1,19109
7290000000107,false,קישוא ירוק,ביכורי השקמה,,גזר תפזורת,קילוגרמים,1.00,"ק""ג",true,,4.90,4.9000,true,1,19110
7290000000108,false,קישואים זוקיני,ביכורי השקמה,,קישואים זוקיני,קילוגרמים,1.00,"ק""ג",true,,9.90,9.9000,true,1,18954
7290000000109,false,כרוב לבן,ביכורי השקמה,,תותים,גרמים,500.00,100 גרם,false,,17.90,0.0358,true,1,18950
7290000000110,false,כרוב אדום,ביכורי השקמה,,קלמנטינה,קילוגרמים,1.00,"ק""ג",true,,6.90,6.9000,true,1,19111
7290000000112,false,ברוקומיני,ביכורי השקמה,,ארטישוק,קילוגרמים,1.00,"ק""ג",true,,24.90,24.9000,true,1,19112
7290000000114,false,תפוח עץ סטרקינג (אדו,ביכורי השקמה,,פפיה טרי,קילוגרמים,1.00,"ק""ג",true,,17.90,17.9000,true,1,19114
7290000000115,false,תפוח עץ מוזהב,ביכורי השקמה,,סנדוויץ,יחידה,0.00,יחידה,false,,3.00,0.0000,false,1,13242
7290000000116,false,תפוח עץ ירוק גרנד סמ,ביכורי השקמה,,סנדוויץ גדול,יחידה,0.00,יחידה,false,,15.00,0.0000,true,1,9842
7290000000117,false,עגבניות שרי תמר,ביכורי השקמה,,עגבניות שרי תמר,קילוגרמים,1.00,"ק""ג",true,,23.90,23.9000,true,1,1713
7290000000122,false,תפוח עץ פינק בראשית,ביכורי השקמה,,תפוח עץ פינק בראשית,קילוגרמים,1.00,"ק""ג",true,,14.90,14.9000,true,1,19032
7290000000126,false,כוסברה (בתפזורת),ביכורי השקמה,,תפוזים ברשת,קילוגרמים,1.00,"ק""ג",true,,4.90,4.9000,true,1,19116
7290000000127,false,"קמח אחיד שטיבל 25 ק""",אדמה,,ג'ינג'ר טרי במשקל,קילוגרמים,1.00,"ק""ג",true,,29.90,29.9000,true,1,18955
7290000000138,false,גויאבה,ביכורי השקמה,,גויאבה,קילוגרמים,1.00,"ק""ג",true,,12.90,12.9000,true,1,19139
7290000000144,false,שעועית הילדה,ביכורי השקמה,,שעועית הילדה,קילוגרמים,1.00,"ק""ג",true,,19.90,19.9000,true,1,18961
7290000000145,false,דלעת ערמונים,,,דלעת ערמונים,קילוגרמים,1.00,"ק""ג",true,,14.90,14.9000,true,1,18962
7290000000147,false,פטריות שמפיניון במשק,ביכורי השקמה,,פטריות שמפיניון במשק,קילוגרמים,1.00,"ק""ג",true,,34.90,34.9000,true,1,19140
7290000000155,false,פטריות חורש במשקל,ביכורי השקמה,,פטריות חורש במשקל,קילוגרמים,1.00,"ק""ג",true,,34.90,34.9000,true,1,19141
7290000000157,false,שום טרי עלים חתוך,ביכורי השקמה,,שום טרי עלים חתוך,קילוגרמים,1.00,"ק""ג",true,,19.90,19.9000,true,1,19143
7290000000161,false,חציל בלאדי,ביכורי השקמה,,חציל בלאדי,קילוגרמים,1.00,"ק""ג",true,,9.90,9.9000,true,1,18941
7290000000162,false,עגבניות שרי אדומות,ביכורי השקמה,,פיקוס גומי שחור 19,יחידה,0.00,יחידה,false,,21.90,0.0000,true,1,71054
7290000000165,false,מנגולד עלי סלק,אדמה,,אננס,יחידה,0.00,יחידה,false,,29.90,0.0000,true,1,18965
7290000000167,false,שרי מנומר/צהוב,ביכורי השקמה,,שרי מנומר/צהוב,קילוגרמים,1.00,"ק""ג",true,,23.90,23.9000,true,1,19119
7290000000168,false,פלפל צהוב,ביכורי השקמה,,קרמבולה,קילוגרמים,1.00,"ק""ג",true,,34.90,34.9000,true,1,19120
7290000000169,false,תפוח אדמה לאפיה,ביכורי שדה דרום 2002,,עגבניות תמר,קילוגרמים,1.00,"ק""ג",true,,8.90,8.9000,false,1,19121
7290000000172,false,קוקטייל צמחי בית קער,,,קוקטייל צמחי בית קער,יחידה,0.00,יחידה,false,,34.90,0.0000,true,1,54404
7290000000181,false,לימון סיני,,,לימון סיני,קילוגרמים,1.00,"ק""ג",true,,9.90,9.9000,true,1,19123
7290000000183,false,פטאיה,ביכורי השקמה,,פטאיה,קילוגרמים,1.00,"ק""ג",true,,29.90,29.9000,true,1,18967
7290000000184,false,עגבניות מגי,ביכורי השקמה,,עגבניות מגי,קילוגרמים,1.00,"ק""ג",true,,17.90,17.9000,true,1,62272
7290000000189,false,תפוח עץ גלה רויאל,ביכורי השקמה,,תפוח עץ גלה רויאל,קילוגרמים,1.00,"ק""ג",true,,9.90,9.9000,true,1,19124
7290000000207,false,אפרסמון גדול,ישרקו שיווק מותגי מז,,אפרסמון גדול,קילוגרמים,1.00,"ק""ג",true,,12.90,12.9000,true,1,65455
7290000000208,false,עציץ ספטיפילום 29,,,עציץ ספטיפילום 29,יחידה,0.00,יחידה,false,,99.00,0.0000,true,1,18179
7290000000210,false,גזר צבעוני נוף שדות,,,גזר צבעוני נוף שדות,יחידה,0.00,יחידה,false,,19.90,0.0000,true,1,75783
7290000000218,false,שקית אריזה בקופות,,,שקית אריזה בקופות,יחידה,0.00,יחידה,false,,0.10,0.0000,false,1,66092
7290000000220,false,נקניקיות קיבוצניה,ישרקו שיווק מותגי מז,,שתיה קרה 5 1 ל'.,יחידה,0.00,יחידה,false,,11.00,0.0000,false,1,7204
7290000000221,false,נקניק קרוביאנקה,ישרקו שיווק מותגי מז,,מים קרים 5 1 ל'.,יחידה,0.00,יחידה,false,,5.50,0.0000,true,1,71301
7290000000222,false,וטצינה מוסקובסקיה,ישרקו שיווק מותגי מז,,מים קרים 2 1 ל'/,יחידה,0.00,יחידה,false,,4.00,0.0000,false,1,71302
7290000000294,false,סופגניה מיני בונזור,בונז'ור,,סופגניה מיני בונזור,יחידה,0.00,יחידה,false,,2.80,0.0000,true,1,6356
7290000000305,false,בייגלה,בונז'ור,,בייגלה,יחידה,0.00,יחידה,false,,5.00,0.0000,true,1,5637
7290000000310,false,עלי חסה רומית ארוז,בונז'ור,,סופגניה גדולה,גרמים,48.00,100 גרם,false,,3.90,0.0812,true,1,5638
7290000000314,false,לחם שחור,מאפיית דוידוביץ ובני,,לחם שחור,יחידה,0.00,יחידה,false,,6.96,0.0000,false,1,14624
7290000000315,false,לחמניה קטנה,ביכורי השקמה,,לחמניה קטנה,גרמים,75.00,100 גרם,false,,1.50,0.0200,false,1,15475
7290000000316,false,לחמניה גדולה,,,לחמניה גדולה,יחידה,0.00,יחידה,false,,2.70,0.0000,false,1,14109
7290000000318,false,שוקו קר/חם קטן,מאפיית דוידוביץ ובני,,חלה רגילה,יחידה,0.00,יחידה,false,,5.90,0.0000,false,1,14625
7290000000321,false,זר מיוחד גדול,ביכורי השקמה,,זר מיוחד גדול,יחידה,0.00,יחידה,false,,60.00,0.0000,true,1,24067
7290000000333,false,פקדון בקבוק 30 אגורו,ביכורי השקמה,,מבצע תבנית תנובה,יחידה,0.00,יחידה,false,,14.90,0.0000,false,1,63249
7290000000347,false,ג'בטה בונזו'ר.,בונז'ור,,ג'בטה בונזו'ר.,יחידה,0.00,יחידה,false,,3.60,0.0000,true,1,5641
7290000000350,false,סלט כבד קצוץ בשרי,,,סלט כבד קצוץ בשרי,קילוגרמים,1.00,"ק""ג",true,,99.90,99.9000,true,1,9524
7290000000408,false,נקניק מילאנו מעושן,"ולדמן ביח""ר לנקניק ו",,פינוי עגלה קיסריה,קילוגרמים,1.00,"ק""ג",true,,34.90,34.9000,true,1,57923
7290000000411,false,שום יבש יבוא רמי לוי,אראל תוצרת חקלאית בע,,מארז שום רביעייה,יחידה,0.00,יחידה,false,,4.00,0.0000,true,1,13825
7290000000435,false,סלרי עלים יח',יד המלך,,חומוס ביתי,קילוגרמים,1.00,"ק""ג",true,,34.90,34.9000,true,1,9551
7290000000440,false,פסטרמה מחולקת,"ולדמן ביח""ר לנקניק ו",,בק ריק,יחידה,0.00,יחידה,false,,1.20,0.0000,false,1,3891
7290000000464,false,פורטולקה רב שנתית ק,"ולדמן ביח""ר לנקניק ו",,פורטולקה רב שנתית ק,יחידה,0.00,יחידה,false,,19.90,0.0000,true,1,25364
7290000000500,false,פריזר רוסי גדול,מעדני מניה תעשיות בש,,זר פרחים,יחידה,0.00,יחידה,false,,25.00,0.0000,true,1,14619
7290000000511,false,גולן פרוס,מעדני מניה תעשיות בש,,זר פרחים,יחידה,0.00,יחידה,false,,50.00,0.0000,true,1,76340
7290000000514,false,קרטון טרופית הכוכב (,מעדני מניה תעשיות בש,,קרטון טרופית הכוכב (,ליטרים,10.00,ליטר,false,,39.90,3.9900,false,1,10525
7290000000555,false,זר כפרי,מעדני מניה תעשיות בש,,זר כפרי,יחידה,0.00,יחידה,false,,35.00,0.0000,true,1,19861
7290000000558,false,כוסברה ארוז,ביכורי השדה צפון 1994 ג.ד. בעמ,,סלט טורקי,קילוגרמים,1.00,"ק""ג",true,,56.90,56.9000,true,1,9553
7290000000565,false,חמוצים סיני במשקל תפ,,,חמוצים סיני במשקל תפ,קילוגרמים,1.00,"ק""ג",true,,22.90,22.9000,true,1,7614
7290000000573,false,נקניק קייבסקיה,מעדני מניה תעשיות בש,,זר פרחים,יחידה,0.00,יחידה,false,,30.00,0.0000,true,1,2476
7290000000590,false,זר פרחים גדול,מעדני מניה תעשיות בש,,זר פרחים גדול,יחידה,0.00,יחידה,false,,40.00,0.0000,true,1,14621
7290000000600,false,סלמי רוונה,קרלברג ייצור ושיווק,,דמי משלוח,יחידה,0.00,יחידה,false,,30.00,0.0000,false,1,19639
7290000000604,false,בקבוק סודה קטן קר,,,בקבוק סודה קטן קר,יחידה,0.00,יחידה,false,,5.00,0.0000,false,1,73612
7290000000608,false,פחית שתיה קרה,קוקה קולה,,פחית שתיה קרה,יחידה,0.00,יחידה,false,,7.00,0.0000,true,1,7231
7290000000609,false,בק' שתיה קרה 0.5ל,קוקה קולה,,בק' שתיה קרה 0.5ל,יחידה,0.00,יחידה,false,,9.00,0.0000,true,1,7232
7290000000611,false,פריזר סליבוצניה,נסטי,,XL / בלו קר,יחידה,0.00,יחידה,false,,5.00,0.0000,true,1,7233
7290000000640,false,הודו פרפר רגיל/פלפל/,קרלברג ייצור ושיווק,,סל פוליצר,יחידה,0.00,יחידה,false,,3.90,0.0000,false,1,17816
7290000000697,false,תיק יוטה פוליצר,,,תיק יוטה פוליצר,יחידה,0.00,יחידה,false,,13.90,0.0000,true,1,67950
7290000000700,false,הכנת הזמנה ללא משלוח,,,הכנת הזמנה ללא משלוח,יחידה,0.00,יחידה,false,,15.00,0.0000,false,1,25465
7290000000820,false,פסטרמה הודו גחלים טי,בונז'ור,,סופגניה גדולה,יחידה,0.00,יחידה,false,,3.90,0.0000,false,1,5644
7290000000842,false,באגט,בונז'ור,,באגט,יחידה,0.00,יחידה,false,,4.90,0.0000,true,1,5645
7290000000855,false,חצי בגט,בונז'ור,,חצי בגט,יחידה,0.00,יחידה,false,,3.00,0.0000,true,1,5646
7290000001272,false,ירכיים עוף טרי תפזור,,,ירכיים עוף טרי תפזור,קילוגרמים,1.00,"ק""ג",true,,26.90,26.9000,false,1,857
7290000001289,false,שוקיים עוף טרי,,,שוקיים עוף טרי,קילוגרמים,1.00,"ק""ג",true,,28.90,28.9000,false,1,4687
7290000001388,false,חזה עוף גוש,,,חזה עוף גוש,קילוגרמים,1.00,"ק""ג",true,,31.90,31.9000,false,1,4688
7290000001555,false,עוף ללא עצמות,,,עוף ללא עצמות,קילוגרמים,1.00,"ק""ג",true,,25.90,25.9000,false,1,8312
7290000001562,false,סלמון פילה טרי,מעדני מניה תעשיות בש,,סלמון פילה טרי,קילוגרמים,1.00,"ק""ג",true,,100.00,100.0000,false,1,69076
7290000001661,false,ג'ינג'ר מסוכר קוביות,,,ג'ינג'ר מסוכר קוביות,קילוגרמים,1.00,"ק""ג",true,,48.00,48.0000,true,1,17514
7290000001722,false,ג'ינג'ר דל סוכר תפזו,,,ג'ינג'ר דל סוכר תפזו,קילוגרמים,1.00,"ק""ג",true,,48.00,48.0000,true,1,33863
7290000001746,false,פומלית,,,פומלית,קילוגרמים,1.00,"ק""ג",true,,6.90,6.9000,true,1,19126
7290000001753,false,עוף טרי שלם,,,עוף טרי שלם,קילוגרמים,1.00,"ק""ג",true,,17.90,17.9000,false,1,25919
7290000001807,false,דג דניס טרי,,,דג דניס טרי,קילוגרמים,1.00,"ק""ג",true,,59.90,59.9000,false,1,11094
7290000001944,false,חמוציות ברכז חתוך,,,חמוציות ברכז חתוך,קילוגרמים,1.00,"ק""ג",true,,56.00,56.0000,true,1,13759
7290000001951,false,כנפיים עוף טריות נקי,,,כנפיים עוף טריות נקי,קילוגרמים,1.00,"ק""ג",true,,12.90,12.9000,false,1,19635
7290000002026,false,גבינה גאודה עם תבלין,Spomlek,,בייגלה בטעמים,יחידה,0.00,יחידה,false,,5.00,0.0000,true,1,18190
7290000003528,false,סלט טונה לבן/ אדום,,,סלט טונה לבן/ אדום,קילוגרמים,1.00,"ק""ג",true,,84.90,84.9000,true,1,67839
7290000003542,false,סלט ביצים,,,סלט ביצים,קילוגרמים,1.00,"ק""ג",true,,76.90,76.9000,true,1,67844
7290000003580,false,בולגרית / פטה קוביות,,,בולגרית / פטה קוביות,קילוגרמים,1.00,"ק""ג",true,,109.90,109.9000,true,1,34189
7290000003597,false,סלט חציל מיונז על הא,יד המלך,,סלט חציל מיונז על הא,קילוגרמים,1.00,"ק""ג",true,,56.90,56.9000,true,1,67842
7290000003603,false,סלט חציל סטייק,יד המלך,,סלט חציל סטייק,קילוגרמים,1.00,"ק""ג",true,,56.90,56.9000,true,1,67913
7290000003610,false,סלט חציל רומני,,,סלט חציל רומני,קילוגרמים,1.00,"ק""ג",true,,56.90,56.9000,true,1,67840
7290000003627,false,סלט חציל יווני,יד המלך,,סלט חציל יווני,קילוגרמים,1.00,"ק""ג",true,,56.90,56.9000,true,1,67843
7290000003641,false,סלט מטבוחה ביתי,יד המלך,,סלט מטבוחה ביתי,קילוגרמים,1.00,"ק""ג",true,,56.90,56.9000,true,1,67866
7290000003702,false,"סלט תפ""א רוסי",,,"סלט תפ""א רוסי",קילוגרמים,1.00,"ק""ג",true,,56.90,56.9000,true,1,68191
7290000003764,false,טחינה לבנה,,,טחינה לבנה,קילוגרמים,1.00,"ק""ג",true,,34.90,34.9000,true,1,67943
7290000003955,false,חציל סביח,,,חציל סביח,קילוגרמים,1.00,"ק""ג",true,,69.90,69.9000,true,1,67872
7290000004006,false,קאשקבל משולשים גד 26,,,סופגניה קטנה,יחידה,0.00,יחידה,false,,2.80,0.0000,true,1,5647
7290000004051,false,לימון כבוש במשקל,יד המלך,,לימון כבוש במשקל,קילוגרמים,1.00,"ק""ג",true,,64.90,64.9000,true,1,2325
7290000004310,false,מנגו דל סוכר,יד המלך,,טחינה ירוקה,קילוגרמים,1.00,"ק""ג",true,,34.90,34.9000,true,1,67932
7290000004433,false,לברק טרי,,,לברק טרי,קילוגרמים,1.00,"ק""ג",true,,74.90,74.9000,true,1,60909
7290000005000,false,מסכת הגנה לפנים,,,מסכת הגנה לפנים,יחידה,0.00,יחידה,false,,0.90,0.0000,false,1,82707
7290000005081,false,עציץ,,,עציץ,יחידה,0.00,יחידה,false,,15.90,0.0000,true,1,72448
7290000005522,false,סלט חצילים,,,סלט חצילים,קילוגרמים,1.00,"ק""ג",true,,42.90,42.9000,true,1,67875
7290000005539,false,כרוב אדום,צבר,,כרוב אדום,קילוגרמים,1.00,"ק""ג",true,,39.90,39.9000,true,1,67870
7290000005546,false,סחוג אדום/ ירוק,יד המלך,,סחוג אדום/ ירוק,קילוגרמים,1.00,"ק""ג",true,,49.90,49.9000,true,1,67871
7290000005577,false,איקרה לבנה,,,איקרה לבנה,קילוגרמים,1.00,"ק""ג",true,,69.90,69.9000,true,1,8313
7290000005638,false,בוטנים קלויים בקליפה,,,סלט תירס,קילוגרמים,1.00,"ק""ג",true,,54.90,54.9000,true,1,121111
7290000005676,false,זיתים שחורים במשקל,,,זיתים שחורים במשקל,קילוגרמים,1.00,"ק""ג",true,,49.90,49.9000,true,1,8300
7290000005683,false,זיתים ירוקים במשקל,,,זיתים ירוקים במשקל,קילוגרמים,1.00,"ק""ג",true,,49.90,49.9000,true,1,9897
7290000005706,false,זיתים שחורים טבעי במ,,,זיתים שחורים טבעי במ,קילוגרמים,1.00,"ק""ג",true,,49.90,49.9000,true,1,8301
7290000005713,false,זיתים סורים במשקל,,,זיתים סורים במשקל,קילוגרמים,1.00,"ק""ג",true,,49.90,49.9000,true,1,12779
7290000005737,false,לקרדה שלמה,,,לקרדה שלמה,קילוגרמים,1.00,"ק""ג",true,,79.90,79.9000,true,1,22
7290000005782,false,חלבה רגיל,אחוה,,חלבה רגיל,קילוגרמים,1.00,"ק""ג",true,,39.90,39.9000,true,1,13350
7290000005812,false,חלבה נוגט ח. נוכרי,השחר העולה,,חלבה נוגט ח. נוכרי,קילוגרמים,1.00,"ק""ג",true,,39.90,39.9000,true,1,10921
7290000005867,false,דג מטיאס,,,דג מטיאס,קילוגרמים,1.00,"ק""ג",true,,59.90,59.9000,true,1,23
7290000005898,false,דג כבוש,,,דג כבוש,קילוגרמים,1.00,"ק""ג",true,,59.90,59.9000,true,1,427
7290000006376,false,גבינה מסקרפונה,,,מארז פיתות,יחידה,0.00,יחידה,false,,10.90,0.0000,true,1,85328
7290000006413,false,קוקוס צ'יפס קלוי,,,קוקוס צ'יפס קלוי,קילוגרמים,1.00,"ק""ג",true,,90.00,90.0000,true,1,81751
7290000006994,false,פקאן מסוכר,,,פקאן מסוכר,קילוגרמים,1.00,"ק""ג",true,,100.00,100.0000,true,1,424
7290000007052,false,זיתים חרוזית במשקל,,,זיתים חרוזית במשקל,קילוגרמים,1.00,"ק""ג",true,,49.90,49.9000,true,1,8302
7290000007106,false,זיתים שחורים יבשים ב,,,זיתים שחורים יבשים ב,קילוגרמים,1.00,"ק""ג",true,,49.90,49.9000,true,1,8303
7290000007120,false,זיתים שחורים קלמטה ב,,,זיתים שחורים קלמטה ב,קילוגרמים,1.00,"ק""ג",true,,49.90,49.9000,true,1,10170
7290000007199,false,צימוק אוזבקי,,,צימוק אוזבקי,קילוגרמים,1.00,"ק""ג",true,,60.00,60.0000,true,1,86099
7290000007775,false,מצית.,,,מצית.,יחידה,0.00,יחידה,false,,2.00,0.0000,true,1,14575
7290000008004,false,עוגיות שמרים חלבי,קונדיטוריית ברטה- הו,,עוגיות שמרים חלבי,קילוגרמים,1.00,"ק""ג",true,,44.90,44.9000,true,1,13517
7290000008066,false,קפלך אגוז חלבי,קונדיטוריית ברטה- הו,,קפלך אגוז חלבי,קילוגרמים,1.00,"ק""ג",true,,71.90,71.9000,true,1,13523
7290000008080,false,מארז 4 לחמניות המבור,קונדיטוריית ברטה- הו,,פחזניות חלבי,קילוגרמים,1.00,"ק""ג",true,,66.90,66.9000,true,1,13524
7290000008301,false,פיסטוק מקולף,,,פיסטוק מקולף,קילוגרמים,1.00,"ק""ג",true,,130.00,130.0000,true,1,16810
7290000009032,false,אבטיח אישי,,,בננה ציפס,קילוגרמים,1.00,"ק""ג",true,,30.00,30.0000,true,1,13760
7290000009056,false,גבינה מגורדת במש,תנובה חלב,,גבינה מגורדת במש,קילוגרמים,1.00,"ק""ג",true,,52.90,52.9000,true,1,8016
7290000009070,false,חמוציות שלמות מיובשו,,,חמוציות שלמות מיובשו,קילוגרמים,1.00,"ק""ג",true,,72.00,72.0000,true,1,16811
7290000009254,false,מישמש יבש,,,מישמש יבש,קילוגרמים,1.00,"ק""ג",true,,64.00,64.0000,true,1,5250
7290000009278,false,תפוחי עץ מיובש,,,תפוחי עץ מיובש,קילוגרמים,1.00,"ק""ג",true,,59.90,59.9000,true,1,18506
7290000009285,false,אגוז מלך ללא קליפה,,,אגוז מלך ללא קליפה,קילוגרמים,1.00,"ק""ג",true,,59.00,59.0000,true,1,5251
7290000009292,false,תאנים יבשות,,,תאנים יבשות,קילוגרמים,1.00,"ק""ג",true,,49.00,49.0000,true,1,591
7290000009315,false,צימוקים,,,צימוקים,קילוגרמים,1.00,"ק""ג",true,,39.90,39.9000,true,1,18507
7290000009322,false,שזיפים יבשים,,,שזיפים יבשים,קילוגרמים,1.00,"ק""ג",true,,42.00,42.0000,true,1,18508
7290000009346,false,שקדים טבעיים,,,שקדים טבעיים,קילוגרמים,1.00,"ק""ג",true,,69.00,69.0000,true,1,13762
7290000009353,false,בשר טחון פרימיום חלק,,,אננס יבש מסוכר,קילוגרמים,1.00,"ק""ג",true,,45.00,45.0000,true,1,18509
7290000009360,false,שזיפים יבשים ללא גרע,,,שזיפים יבשים ללא גרע,קילוגרמים,1.00,"ק""ג",true,,48.00,48.0000,true,1,13763
7290000009384,false,תמרים מג'הול,,,תמרים מג'הול,קילוגרמים,1.00,"ק""ג",true,,49.90,49.9000,true,1,18944
7290000009407,false,סינטה פרימיום טרי,תנובה חלב,,שאריות גבינה,קילוגרמים,1.00,"ק""ג",true,,31.00,31.0000,false,1,8017
7290000009445,false,אסאדו מחפוד טרי,,,בונדוק מקולף,קילוגרמים,1.00,"ק""ג",true,,60.00,60.0000,true,1,18510
7290000009469,false,קוביות לגולש טרי,,,צנובר,קילוגרמים,1.00,"ק""ג",true,,199.00,199.0000,true,1,18511
7290000009513,false,כף בקר מחפוד טרי,,,פקאן ללא קליפה,קילוגרמים,1.00,"ק""ג",true,,110.00,110.0000,true,1,5252
7290000009544,false,חמניות מקולפות,,,חמניות מקולפות,קילוגרמים,1.00,"ק""ג",true,,22.90,22.9000,true,1,3660
7290000009551,false,אגוזי קאשיו,,,אגוזי קאשיו,קילוגרמים,1.00,"ק""ג",true,,76.00,76.0000,true,1,18512
7290000009629,false,צימוקים שחורים,,,צימוקים שחורים,קילוגרמים,1.00,"ק""ג",true,,30.00,30.0000,true,1,13765
7290000009636,false,שאריות פסטרמה,עוף טוב,,שאריות פסטרמה,קילוגרמים,1.00,"ק""ג",true,,20.00,20.0000,false,1,5648
7290000009711,false,מקדמיה,,,מקדמיה,קילוגרמים,1.00,"ק""ג",true,,150.00,150.0000,true,1,18513
7290000010380,false,עלי גפן ממולאים,יד המלך,,עלי גפן ממולאים,קילוגרמים,1.00,"ק""ג",true,,52.90,52.9000,true,1,68196
7290000011004,false,שווארמה הודו+עוף טחו,Unknown,,שווארמה הודו+עוף טחו,קילוגרמים,1.00,"ק""ג",true,,59.90,59.9000,false,1,8314
7290000015101,false,עצמות בקר סוכר,,,עצמות בקר סוכר,קילוגרמים,1.00,"ק""ג",true,,14.00,14.0000,true,1,8319
7290000015408,false,שוק מפורק+עוף (טחון),,,שוק מפורק+עוף (טחון),קילוגרמים,1.00,"ק""ג",true,,49.90,49.9000,false,1,8322
7290000017006,false,שליש בגט כפרי מארז 6,,,שאריות בשר טרי,קילוגרמים,1.00,"ק""ג",true,,9.90,9.9000,false,1,8324
7290000017389,false,גבינת עיזים,,,דג בורי טרי,קילוגרמים,1.00,"ק""ג",true,,39.90,39.9000,false,1,11098
7290000023083,false,ערק אשקלון בקבוק 700,טמפו משקאות בע`מ,,ערק אשקלון 40% - 700,מיליליטרים,700.00,"100 מ""ל",false,,52.90,0.0756,true,1,32279
7290000023809,false,קלאסיק קברנה סובניון יקבי ברקן (750 מל),יקבי ברקן שיווק והפצה בע,,קלאסיק קברנה סוביניו,מיליליטרים,750.00,"100 מ""ל",false,,24.90,0.0332,false,1,17017
7290000023816,false,קלאסיק אמרלד ריזלינג יקבי ברקן (750 מל),יקבי ברקן שיווק והפצה בע,,יין קלאסיק ריזלי,יחידה,750.00,יחידה,false,,24.90,0.0332,false,1,17018
7290000023977,false,קלאסיק מרלו יקבי ברקן (750 מל),יקבי ברקן שיווק והפצה בע,,קלאסיק מרלו,מיליליטרים,750.00,"100 מ""ל",false,,24.90,0.0332,false,1,17020
7290000024202,false,רזרב קברנה סובניון יקבי ברקן (750 מל),ברקן שיווק והפצה בעמ,,יין קברנה סוביני,יחידה,750.00,יחידה,false,,34.90,0.0465,false,1,17028
7290000024264,false,רזרב מרלו יקבי ברקן (750 מל),"כרמי צבי - אחים סגל בע""\",,ברקן רזרב מרלו,מיליליטרים,750.00,"100 מ""ל",false,,34.90,0.0465,false,1,17032
7290000025018,false,גרעיני דלעת מקול,,,גרעיני דלעת מקול,קילוגרמים,1.00,"ק""ג",true,,40.00,40.0000,true,1,3661
7290000032214,false,כרוב בייגין,,,כרוב בייגין,קילוגרמים,1.00,"ק""ג",true,,39.90,39.9000,true,1,67837
7290000035802,false,סלט חציל טבעי,יד המלך,,סלט חציל טבעי,קילוגרמים,1.00,"ק""ג",true,,56.90,56.9000,true,1,68189
7290000036588,false,פלפל מקולף ביתי,יד המלך,,פלפל מקולף ביתי,קילוגרמים,1.00,"ק""ג",true,,73.90,73.9000,true,1,68020
7290000040042,false,יופלה יוגורט תות %3 גביע 150 גרם,"תנובה בע""מ ***",,יופלה תות שובב 3%,מיליליטרים,150.00,"100 מ""ל",false,,5.10,0.0340,false,1,6827
7290000040066,false,יופלה יוגורט דובדבן %3 גביע 150 גרם,תנובה מרכז שיתופי לש,,יופלה דובדבן פראי 3%,מיליליטרים,150.00,"100 מ""ל",false,,5.10,0.0340,true,1,6829
7290000040080,false,יופלה יוגורט אפרסק %3 גביע 150 גרם,"תנובה בע""מ ***",,יופלה אפרסק מאוהב 3%,מיליליטרים,150.00,"100 מ""ל",false,,5.10,0.0340,true,1,6830
7290000040097,false,קוראסון פרנציז אקסטר,לה פרינה,,פרמזן מגורדת,קילוגרמים,1.00,"ק""ג",true,,109.90,109.9000,true,1,8018
7290000040301,false,תנובה עין גדי קממבר מחלב בקר 24% שומן,תנובה מרכז שיתופי לש,,עין גדי גבינת קממבר,גרמים,125.00,100 גרם,false,,19.90,0.1592,false,1,6831
7290000040318,false,גבינת עדי ברי 24% קולאז` (125 גרם)קולקש,תנובה מרכז שיתופי לש,,גבינת ברי ישראלי 24%,גרמים,125.00,100 גרם,false,,19.90,0.1592,true,1,6832
7290000040400,false,מקלות קינמון,נווה תבלין,,מקלות קינמון,קילוגרמים,1.00,"ק""ג",true,,69.90,69.9000,true,1,1982
7290000040462,false,טוסטי גבינה בסגנון אמריקאי אדם 23% תנובה 200 גרם,תנובה מרכז שיתופי לש,,טוסטי עמק אמריקאי אד,גרמים,200.00,100 גרם,false,,19.30,0.0965,false,1,6834
7290000040974,false,חלב 2% דל לקטוז בקרטון תנובה (1 ליטר),תנובה מרכז שיתופי לש,,חלב דל לקטוז 2% - 1,ליטרים,1.00,ליטר,false,,6.70,6.7000,false,1,8059
7290000041445,false,קוטג תנובה גביע 250 גרם 5% בדצ,מיוצר עי קונדיטוריית,,קוט'ג מהדרין 5%,גרמים,250.00,100 גרם,false,,5.50,0.0220,false,1,636
7290000041452,false,גבינת קוטג`9% מהדרין תנובה (250 גרם),תנובה מרכז שיתופי לש,,קוט'ג 9% מהדרין תנוב,גרמים,250.00,100 גרם,false,,5.50,0.0220,false,1,18822
7290000041858,false,"שמנת חמוצה 15% מועשרת יטבתה 200 מ""ל",שטראוס גרופ בעמ/מצונן,,שמנת חמוצה יטבתה 15%,מיליליטרים,200.00,"100 מ""ל",false,,2.50,0.0125,true,1,7114
7290000042404,false,חלב 3% מועשר מהדרין בשקית יטבתה (1 ליטר),שטראוס גרופ בעמ/מצונן,,חלב מועשר 3% יטבתה,ליטרים,1.00,ליטר,false,,6.00,6.0000,false,1,7117
7290000042435,false,חלב דל שומן 1% בקרטון תנובה (1 ליטר)פיק,תנובה מרכז שיתופי לש,,חלב 1% בקרטון תנובה,ליטרים,1.00,ליטר,false,,5.86,5.8600,false,1,6840
7290000042442,false,"חלב תנובה טרי 3% ""תנובה"" - מוצר בפיקוח",תנובה בעמ ***,,חלב טרי בקרטון 3% תנ,ליטרים,1.00,ליטר,false,,6.23,6.2300,false,1,6841
7290000042640,false,"חלב תנובה עמיד 3% קרטון 250 מ""ל",תנובה מרכז שיתופי לש,,חלב תנובה עמיד 3% 25,מיליליטרים,250.00,"100 מ""ל",false,,2.80,0.0112,true,1,6848
7290000042855,false,"שוקו בשקית 250 מ""ל ""יטבתה""",שטראוס גרופ בעמ/מצונן,,שוקו יטבתה בשקית 2%,מיליליטרים,225.00,"100 מ""ל",false,,2.60,0.0116,true,1,7118
7290000043012,false,"שוקו עמיד 2% בקרטון 250 מ""ל תנובה",תנובה מרכז שיתופי לש,,שוקו עמיד 2% יחידה,מיליליטרים,250.00,"100 מ""ל",false,,4.90,0.0196,false,1,6851
7290000043111,false,תנובה חמאה 200 גרם - מוצר בפיקוח,תנובה מרכז שיתופי לש,,חמאה 82% 200 גרם,גרמים,200.00,100 גרם,false,,7.80,0.0390,false,1,6852
7290000043272,false,סלט סלק,יד המלך,,סלט סלק,קילוגרמים,1.00,"ק""ג",true,,39.90,39.9000,true,1,68026
7290000043814,false,השף הלבן שמנת להקצפה 38% שומן 250 מל - מוצר בפיקוח,תנובה מרכז שיתופי לש,,שמנת עמידה 38% השף ה,מיליליטרים,250.00,"100 מ""ל",false,,6.47,0.0259,false,1,6854
7290000043890,false,תנובה רויון לבן מחלב מפסוטר 1.5%,תנובה מרכז שיתופי לש,,ריוויון 1.5% - 1 ליט,ליטרים,1.00,ליטר,false,,11.90,11.9000,false,1,6856
7290000043944,false,כד יוגורט תנובה 4% שומן 1.5 ליטר,מיוצר עי קונדיטוריית,,יוגורט תנובה 4.5% -,ליטרים,1.50,ליטר,false,,17.50,11.6667,false,1,6857
7290000044231,false,"יוגורט 4% שומן 500 מ""ל תנובה",תנובה חלב,,דנובה 500 גר,יחידה,500.00,יחידה,false,,8.80,0.0176,true,1,6859
7290000044644,false,דג אמנון גדול טרי,,,דג אמנון גדול טרי,קילוגרמים,1.00,"ק""ג",true,,29.90,29.9000,false,1,7050
7290000044712,false,יוגורט עם תות 1.5% שומן 500 ג' פרילי,מיוצר עי קונדיטוריית,,פרילי תות 1.5% 500 מ,מיליליטרים,500.00,"100 מ""ל",false,,11.20,0.0224,true,1,6861
7290000044880,false,יוגורט בטעם תות שדה 3% באדי (500 גרם),מיוצר עי קונדיטוריית,,"באדי תות 3% 500 מ""ל",מיליליטרים,500.00,"100 מ""ל",false,,9.60,0.0192,true,1,6862
7290000045573,false,גבינת מותכת משולשים 25% שומן 200 ג' נעמה,תנובה בעמ ***,,גבינת נעמה 25%,גרמים,200.00,100 גרם,false,,15.50,0.0775,true,1,6863
7290000045580,false,גבינה מותכת נעמה חורש תנובה 240 גרם,תנובה מרכז שיתופי לש,,גבינת חורש 25%,גרמים,240.00,100 גרם,false,,18.50,0.0771,true,1,6864
7290000045771,false,יוגורט לבן 4% תנובה (3 ליטר),תנובה מרכז שיתופי לש,,יוגורט תנובה בכד 4.5,ליטרים,3.00,ליטר,false,,28.90,9.6333,false,1,6865
7290000045917,false,תנובה פרומעז גבינה מותכת מחלב עיזים 23% שומן,תנובה בעמ ***,,גבינת עזים פרומעז 23,גרמים,200.00,100 גרם,false,,26.90,0.1345,true,1,6866
7290000046020,false,"גלבוע 22% שקילה}גבנ""צ{*.",תנובה מרכז שיתופי לש,,גלבוע,קילוגרמים,1.00,"ק""ג",true,,42.58,42.5800,false,1,8021
7290000046327,false,גלבוע גבינה צהובה פרוסה 22% תנובה 200 גרם,תנובה מרכז שיתופי לש,,גבינת גלבוע 22% - 20,גרמים,200.00,100 גרם,false,,13.50,0.0675,false,1,641
7290000046549,false,גבינת מוצרלה 20% במשקל,תנובה מרכז שיתופי לש,,מוצרלה במשקל,קילוגרמים,1.00,"ק""ג",true,,82.90,82.9000,false,1,8025
7290000046563,false,קולאג 23% פרמזן חריץ תנובה,תנובה מרכז שיתופי לש,,פרמזן,קילוגרמים,1.00,"ק""ג",true,,114.90,114.9000,false,1,8027
7290000046662,false,גב.קשה סקנדינבית31%משקל,תנובה מרכז שיתופי לש,,גבינה סקנדינבית,קילוגרמים,1.00,"ק""ג",true,,74.20,74.2000,false,1,8028
7290000047027,false,גב.קולאז' גלעד 27% במשקל,תנובה מרכז שיתופי לש,,גלעד,קילוגרמים,1.00,"ק""ג",true,,125.90,125.9000,false,1,8029
7290000047034,false,רוקפור (26% גליל) חריץ תנובה,תנובה מרכז שיתופי לש,,גליל,קילוגרמים,1.00,"ק""ג",true,,125.90,125.9000,false,1,8030
7290000047485,false,גבינה בולגרית במשקל,תנובה מרכז שיתופי לש,,בולגרית 24% תנובה,קילוגרמים,1.00,"ק""ג",true,,59.90,59.9000,false,1,8032
7290000047546,false,השף הלבן כנען גבינה לבנה דלת נתרן 5% תנובה 500 גרם,תנובה מרכז שיתופי לש,,גבינת כנען 5% תנובה,גרמים,500.00,100 גרם,false,,24.90,0.0498,false,1,6867
7290000047621,false,גבינה לבנה רכה 5% תנובה 250ג' מהדרין,תנובה מרכז שיתופי לש,,גבינה לבנה 5% מהדרין,גרמים,250.00,100 גרם,false,,4.98,0.0199,false,1,645
7290000047942,false,**תנובה גבינה לבנה מהדרין 9% 250ג,תנובה מרכז שיתופי לש,,גבינה לבנה 9% מהדרין,גרמים,250.00,100 גרם,false,,5.00,0.0200,false,1,20885
7290000048185,false,גבינה לבנה 5% תנובה 250 גרם מהדרין,מיוצר עי קונדיטוריית,,גבינה לבנה 5% תנובה,גרמים,250.00,100 גרם,false,,4.98,0.0199,false,1,647
7290000048192,false,גבינה לבנה 9% תנובה 250 גרם מהדרין,מחלבת אלון תבור,,גבינה לבנה תנובה 9%,גרמים,250.00,100 גרם,false,,5.00,0.0200,false,1,648
7290000048413,false,גבינה חמד (25016% גרם)פיראוס תנובה,תנובה מרכז שיתופי לש,,גבינת חמד 16% - 250,גרמים,250.00,100 גרם,false,,18.90,0.0756,false,1,6868
7290000048437,false,גבינת צפתית (2005% גרם)פיראוס תנובה,פארייפאבה אגרואינדוס,,צפתית פיראוס 5%,גרמים,200.00,100 גרם,false,,15.90,0.0795,false,1,6869
7290000049458,false,גבינה בולגרית עיזים (25016% גרם)פיראוס,תנובה מרכז שיתופי לש,,פטה עיזים,גרמים,250.00,100 גרם,false,,29.50,0.1180,false,1,6871
7290000050447,false,"יוגורט ביו בטעם תות YYY יופלה 500 מ""ל",מיוצר עי קונדיטוריית,,יופלה תות 3% - 500 מ,מיליליטרים,500.00,"100 מ""ל",false,,13.70,0.0274,true,1,8063
7290000051307,false,"מארז הפסקת אוכל עם דגני עוגי ומשקה חלב עמיד בטעם וניל 150 מ""ל",תנובה מרכז שיתופי לש,,מארז הפסקת אוכל עוגי,מיליליטרים,150.00,"100 מ""ל",false,,9.30,0.0620,false,1,8073
7290000051352,false,חלב מלא בטעם של פעם 3.4% תנובה קרטון 1 ל',תנובה מרכז שיתופי לש,,חלב מלא של פעם חלב ת,ליטרים,1.00,ליטר,false,,7.90,7.9000,true,1,8074
7290000051376,false,יוגורט יופלה דיאט אננס 0% שומן 150 גרם,תנובה מרכז שיתופי לש,,יופלה דיאט אננס ספור,מיליליטרים,150.00,"100 מ""ל",false,,5.10,0.0340,true,1,8075
7290000051710,false,פיראוס גבינת לאבנה אסלית על בסיס יוגורט תנובה 263 גרם,"תנובה, מחלבת אלון תב",,פיראוס לאבנה עם שמן,גרמים,263.00,100 גרם,false,,14.30,0.0544,false,1,8077
7290000052311,false,גבינה צהובה עמק לייט 15% שומן 200 גרם,תנובה מרכז שיתופי לש,,עמק פרוס בקופסא 200,גרמים,200.00,100 גרם,false,,16.90,0.0845,false,1,652
7290000052649,false,לאבנה אסלית (5005% גרם)פיראוס תנובה,תנובה מרכז שיתופי לש,,פיראוס לאבנה 5% 500,גרמים,500.00,100 גרם,false,,20.90,0.0418,false,1,8088
7290000053219,false,טל העמק חריץ 32% במשקל,תנובה מרכז שיתופי לש,,טל העמק,קילוגרמים,1.00,"ק""ג",true,,59.90,59.9000,false,1,66023
7290000053981,false,מאגדת יופלה 4*תות 150ג 4*אפרסק 150ג בדצ,תנובה מרכז שיתופי לש,,מאגדת יופלה 4 תות+4,ליטרים,1.20,ליטר,false,,28.90,24.0833,true,1,38167
7290000055015,false,פיראוס גבינת פטה כבשים 5% תנובה 250 גרם,תנובה מרכז שיתופי לש,,פיראוס פטה כבשים 5%,גרמים,250.00,100 גרם,false,,28.50,0.1140,false,1,8127
7290000055183,false,צפתית מלבנ.דל קטוז5%משקל,תנובה חלב,,צפתית מלבנית פיראוס,קילוגרמים,1.00,"ק""ג",true,,54.20,54.2000,true,1,23615
7290000055206,false,גבינה לבנה 5% בטעם בצל מטוגן 250 ג' תנובה,תנובה מרכז שיתופי לש,,גבינה לבנה טעם בצל מ,גרמים,250.00,100 גרם,false,,6.00,0.0240,false,1,665
7290000055329,false,"משקה בוקר יוגורט 1.5% בטעם תות מלון יופלה 250 מ""ל",תנובה מרכז שיתופי לש,,משקה יוגורט יופלה 1.,מיליליטרים,250.00,"100 מ""ל",false,,5.60,0.0224,true,1,8135
7290000055336,false,"משקה יוגורט 1.5% בטעם בננה אפרסק יופלה 250 מ""ל",תנובה מרכז שיתופי לש,,משקה יוגורט יופלה 1.,מיליליטרים,250.00,"100 מ""ל",false,,5.60,0.0224,true,1,8136
7290000055343,false,משקה יוגורט יופלה פירות טרופיים 250 גרם,תנובה מרכז שיתופי לש,,משקה יוגורט יופלה בט,מיליליטרים,250.00,"100 מ""ל",false,,5.60,0.0224,true,1,8137
7290000055350,false,גבינה צהובה חריץ עמק 28% במשקל,תנובה מרכז שיתופי לש,,עמק מעדניה 28%,קילוגרמים,1.00,"ק""ג",true,,44.79,44.7900,false,1,61700
7290000055893,false,חמאה משמנת מפוסטרת 200גרם 82% כ.מהדרין - מוצר בפיקוח,תנובה מרכז שיתופי לש,,"חמאה 200 ג""ר מהדרין",גרמים,200.00,100 גרם,false,,7.80,0.0390,false,1,61967
7290000056081,false,מארז יוגורט פרילי טבע 6*200 גרם,מיוצר עי קונדיטוריית,,מאגדת פרילי טבע 1.9%,מיליליטרים,1200.00,"100 מ""ל",false,,23.50,0.0196,true,1,8145
7290000056784,false,גבינת פטה כבשים במשק,תנובה מרכז שיתופי לש,,פטה כבשים 5% במעדניה,קילוגרמים,1.00,"ק""ג",true,,119.90,119.9000,true,1,20148
7290000056845,false,תנובה חלב טרי 3% שומן 1.5 ליטר - מוצר בפיקוח,פארייפאבה אגרואינדוס,,חלב תנובה 3% 1.5 ליט,ליטרים,1.50,ליטר,false,,9.34,6.2267,false,1,20319
7290000056890,false,שמיניית דיאט יופלה 0% טעמים שונים 150 גרם,מיוצר עי קונדיטוריית,,שמיניית יופלה דיאט,מיליליטרים,1200.00,"100 מ""ל",false,,31.90,0.0266,true,1,680
7290000056906,false,מאגדת לבן טבעי 1.5% שומן 8 יח' * 150 ג' יופלה,מחלבת אלון תבור,,מאגדת שמיניה יופלה 1,מיליליטרים,1200.00,"100 מ""ל",false,,18.40,0.0153,true,1,681
7290000056951,false,"תנובה, השף הלבן, שמנת לבישול 15% שומן 500 מל",תנובה מרכז שיתופי לש,,שמנת לבישול 15% 500,מיליליטרים,500.00,"100 מ""ל",false,,17.40,0.0348,true,1,20843
7290000057088,false,עמק גבינה צהובה פרוסה דק דק 28% תנובה 200 גרם,תנובה מרכז שיתופי לש,,עמק דק 28% - 200 גרם,גרמים,200.00,100 גרם,false,,16.90,0.0845,false,1,20239
7290000057118,false,גבינה צהובה עמק 28% שומן ואקום 400 גרם,תנובה מרכז שיתופי לש,,גבינת עמק 28% - 400,גרמים,400.00,100 גרם,false,,23.90,0.0597,false,1,19822
7290000057132,false,יוגורט תנובה טבעי 1.5% גביע 200 גרם,מחלבת אלון תבור,,יוגורט תנובה 1.5%,מיליליטרים,200.00,"100 מ""ל",false,,3.10,0.0155,true,1,20204
7290000057149,false,יוגורט תנובה טבעי 3% גביע 200 גרם,מיוצר עי קונדיטוריית,,יוגורט תנובה 3% 200,מיליליטרים,200.00,"100 מ""ל",false,,3.10,0.0155,true,1,20205
7290000057552,false,יופלה דיאט עוגת גבינה ותות 0% גביע 150ג',תנובה - חלב,,יופלה דיאט עוגת גבינ,מיליליטרים,150.00,"100 מ""ל",false,,5.10,0.0340,true,1,23741
7290000058030,false,"שמיניית יופלה שטוזים משקה יוגורט תות 100 מ""ל",מיוצר עי קונדיטוריית,,יופלה שטוזים משקה תו,מיליליטרים,800.00,"100 מ""ל",false,,21.50,0.0269,true,1,21968
7290000060071,false,אוסם - חטיפי פריכונים מאורז מלא קלוי 80גר,קבוצת אוסם סחר שותפות מוגבלת,,חטיפי פריכונים בטעם,גרמים,80.00,100 גרם,false,,7.50,0.0938,false,1,5762
7290000060088,false,בייגלה מקלות עם מלח אסם (400 גרם),קבוצת אוסם סחר שותפות מוגבלת,,בייגלה מקלות מלוחים,גרמים,400.00,100 גרם,false,,11.00,0.0275,true,1,5763
7290000060156,false,פסטה אסם אטריות ביצים דקות 200גר,קבוצת אוסם סחר-שות.מוגבלת,,אטריות ביצים 200 גר,גרמים,200.00,100 גרם,false,,7.60,0.0380,true,1,5764
7290000060163,false,פסטה אסם אטריות דקות 400גר,קבוצת אוסם סחר שותפות מוגבלת,,איטריות דקות 400 גר,גרמים,400.00,100 גרם,false,,7.60,0.0190,false,1,5765
7290000060200,false,פסטה אסם פתיתים אפויים קוסקוס 500גר,קבוצת אוסם סחר שותפות מוגבלת,,פתיתים אפויים קוסקוס,גרמים,500.00,100 גרם,false,,6.90,0.0138,false,1,5767
7290000060217,false,פסטה מקרוני מספר 7 אסם (500 גרם),קבוצת אוסם סחר שותפות מוגבלת,,פסטה מקרוני 7 500 גר,גרמים,500.00,100 גרם,false,,5.90,0.0118,false,1,108
7290000060248,false,פסטה אסם פתיתים תלתלים 500 גר',קבוצת אוסם סחר שותפות מוגבלת,,פסטה תלתלים 500,גרמים,500.00,100 גרם,false,,5.90,0.0118,false,1,109
7290000060316,false,פרפקטו ספגטי מס' 8 אסם 500 גרם,קבוצת אוסם סחר שותפות מוגבלת,,פרפקטו ספגטי 500 גר,גרמים,500.00,100 גרם,false,,7.70,0.0154,false,1,5770
7290000060385,false,פודינג וניל אינסטנט מארז רביעיה * 80 ג',קבוצת אוסם סחר שותפות מוגבלת,,פודינג אינסטנט טעם ו,גרמים,320.00,100 גרם,false,,19.50,0.0609,true,1,6373
7290000060408,false,פסטה אסם פתיתים אפויים טבעות 500 גר,קבוצת אוסם סחר שותפות מוגבלת,,פתיתים אפויים טבעות,גרמים,500.00,100 גרם,false,,6.90,0.0138,false,1,5774
7290000060415,false,"פסטה פרפקטו לאזניה 500 ג' ""אסם""",קבוצת אוסם סחר שותפות מוגבלת,,פרפקטו לזאניה 500 גר,גרמים,500.00,100 גרם,false,,14.90,0.0298,false,1,5775
7290000060576,false,פתיתים אפויים כוכבים אסם (500 גרם),קבוצת אוסם סחר שותפות מוגבלת,,פתיתים אפויים כוכבים,גרמים,500.00,100 גרם,false,,6.90,0.0138,false,1,5780
7290000060781,false,פרומנטי פתיתים מסולסלים אוסם,קבוצת אוסם סחר שותפות מוגבלת,,פסטה מסולסלים 500,גרמים,500.00,100 גרם,false,,5.90,0.0118,false,1,110
7290000060828,false,פסטה קרניים בינוניות אסם (500 גרם),קבוצת אוסם סחר שותפות מוגבלת,,פסטה קרניים בינוניות,גרמים,500.00,100 גרם,false,,5.90,0.0118,false,1,111
7290000060842,false,פסטה אסם פתיתים צדפים גדולים 500גר,קבוצת אוסם סחר שותפות מוגבלת,,פסטה צדפים גדולים 50,גרמים,500.00,100 גרם,false,,5.90,0.0118,false,1,113
7290000060880,false,פסטה ספגטי מספר 8 אסם 500 גרם,קבוצת אוסם סחר שותפות מוגבלת,,פסטה ספגטי 500גר,גרמים,500.00,100 גרם,false,,5.90,0.0118,false,1,115
7290000060903,false,פסטה אסם פתיתים אפויים אורז 500גר,קבוצת אוסם סחר שותפות מוגבלת,,פתיתים אפויים אורז 5,גרמים,500.00,100 גרם,false,,6.90,0.0138,false,1,5782
7290000060958,false,אטריות מובחרות בינוניות אסם (400 גרם),קבוצת אוסם סחר שותפות מוגבלת,,איטריות בינוני 400גר,גרמים,400.00,100 גרם,false,,7.60,0.0190,false,1,5784
7290000060965,false,פסטה אסם אטריות רחבות 400גר,קבוצת אוסם סחר שותפות מוגבלת,,איטריות רחבות 400,גרמים,400.00,100 גרם,false,,7.60,0.0190,false,1,5785
7290000061061,false,קרקר חיטה עם בצל אסם,קבוצת אוסם סחר שותפות מוגבלת,,קרקר בצל אסם,גרמים,250.00,100 גרם,false,,10.40,0.0416,true,1,5787
7290000061085,false,"רוטב צילי מתוק 290 מ""ל-בקבוק",קבוצת אוסם סחר שותפות מוגבלת,,רוטב צילי מתוק,יחידה,290.00,יחידה,false,,12.00,0.0414,false,1,5788
7290000061108,false,"רוטב טריאקי 290 מ""ל-בקבוק",קבוצת אוסם סחר שותפות מוגבלת,,רוטב טריאקי אסם,יחידה,290.00,יחידה,false,,12.00,0.0414,false,1,5789
7290000061214,false,פתיתים אפויים קוסקוס עם בצל אסם 500 גרם,קבוצת אסם סחר שות. מוגבלת,,פתיתים קוסקוס עם בצל,גרמים,500.00,100 גרם,false,,7.50,0.0150,false,1,6377
7290000061450,false,פתיתים אפויים קוסקוס 3 צבעים אסם 500 גרם,קבוצת אסם סחר שות. מוגבלת,,פתיתים קוסקוס 3 צבעי,גרמים,500.00,100 גרם,false,,6.90,0.0138,false,1,6378
7290000061764,false,קפה נמס מגורען רד מאג 200 גרם,קבוצת אוסם סחר שותפות מוגבלת,,קפה נמס רד מאג 200 ג,גרמים,200.00,100 גרם,false,,20.00,0.1000,false,1,117
7290000062129,false,אינסטנט פודינג בטעם וניל אסם (1 קג),קבוצת אוסם סחר שותפות מוגבלת,,פודינג אינסטנט וניל,יחידה,1.00,יחידה,false,,29.90,29.9000,true,1,6379
7290000062952,false,אוסם - מיני קרוטונים למרק ולסלט 250 גרם,קבוצת אוסם סחר שותפות מוגבלת,,מיני קרוטונים לסלט ו,גרמים,250.00,100 גרם,false,,15.00,0.0600,true,1,6381
7290000063102,false,קמח עוגה תופח מאליו אסם 350 גרם,קבוצת אוסם סחר שותפות מוגבלת,,קמח תופח 350,גרמים,350.00,100 גרם,false,,4.70,0.0134,true,1,5798
7290000063133,false,אסם שקדי מרק רכיבים טבעיים 24*100גרם,קבוצת אוסם סחר שותפות מוגבלת,,שקדי מרק 100,גרמים,100.00,100 גרם,false,,5.00,0.0500,true,1,5799
7290000063140,false,שקדי מרק רכיבים טבעיים בשקית 400 ג' אסם,קבוצת אוסם סחר שותפות מוגבלת,,שקדי מרק 400,גרמים,400.00,100 גרם,false,,10.00,0.0250,false,1,119
7290000063157,false,"קמח עוגה תופח מאליו אסם 1 ק""ג",קבוצת אוסם סחר שותפות מוגבלת,,קמח תופח 1קג,יחידה,1.00,יחידה,false,,9.70,9.7000,false,1,120
7290000064758,false,קוסקוס בינוני אמיתי אסם 350 ג',קבוצת אוסם סחר שותפות מוגבלת,,קוסקוס אמיתי שקית 35,גרמים,350.00,100 גרם,false,,8.00,0.0229,false,1,5812
7290000064871,false,"אוסם - מנה חמה פירה תפו""א עם בצל 56 גרם",קבוצת אוסם סחר שותפות מוגבלת,,"מנה חמה פירה תפו""א ו",גרמים,56.00,100 גרם,false,,6.70,0.1196,false,1,5813
7290000065090,false,מיני קרוטונים מתובלים למרק ולסלט אסם 400 גרם,קבוצת אוסם סחר שותפות מוגבלת,,מיני קרוטונים למרק 4,גרמים,400.00,100 גרם,false,,23.90,0.0597,true,1,5814
7290000065557,false,אוסם - מנה חמה קוסקוס עם ירקות 84 גרם,קבוצת אוסם סחר שותפות מוגבלת,,מנה חמה קוסקוס עם יר,גרמים,84.00,100 גרם,false,,6.70,0.0798,false,1,5817
7290000065977,false,חטיפי פריכונים תירס שומשום אסם 80 גרם,קבוצת אוסם סחר שותפות מוגבלת,,חטיפי פריכונים תירס,גרמים,80.00,100 גרם,false,,7.50,0.0938,false,1,5821
7290000066141,false,ביסלי חטיף בטעם גריל אסם (70 גרם),קבוצת אוסם סחר שותפות מוגבלת,,ביסלי גריל 70גר,גרמים,70.00,100 גרם,false,,4.70,0.0671,false,1,5823
7290000066189,false,ביסלי חטיף בטעם פלאפל אסם (200 גרם),קבוצת אוסם סחר שותפות מוגבלת,,ביסלי פלאפל 200,גרמים,200.00,100 גרם,false,,9.00,0.0450,false,1,5827
7290000066196,false,ביסלי חטיף בטעם גריל אסם (200 גרם),קבוצת אוסם סחר שותפות מוגבלת,,ביסלי גריל 200גר,גרמים,200.00,100 גרם,false,,9.00,0.0450,false,1,5828
7290000066226,false,ביסלי חטיף בטעם פיצה אסם (200 גרם),קבוצת אוסם סחר שותפות מוגבלת,,ביסלי פיצה 200,גרמים,200.00,100 גרם,false,,9.00,0.0450,false,1,5831
7290000066264,false,דובונים חטיף תפוחי אדמה אסם (40 גרם),קבוצת אוסם סחר שותפות מוגבלת,,דובונים חטיף,גרמים,40.00,100 גרם,false,,5.00,0.1250,false,1,5832
7290000066295,false,במבה מתוקה מחומרים טבעיים 30 גרם,קבוצת אוסם סחר שותפות מוגבלת,,במבה תות 30גר,גרמים,30.00,100 גרם,false,,2.60,0.0867,false,1,5833
7290000066318,false,במבה חטיף בוטנים אסם 80 גרם,קבוצת אוסם סחר שותפות מוגבלת,,במבה 80גר,גרמים,80.00,100 גרם,false,,5.00,0.0625,false,1,5835
7290000066332,false,אפרופו חטיף תירס אסם (50 גרם),קבוצת אוסם סחר שותפות מוגבלת,,אפרופו 50 גר,גרמים,50.00,100 גרם,false,,5.20,0.1040,false,1,5836
7290000066349,false,אפרופו חטיף תירס אסם (100 גרם),קבוצת אוסם סחר-שות.מוגבלת,,אפרופו 100גר,גרמים,100.00,100 גרם,false,,8.50,0.0850,false,1,5837
7290000066431,false,פופקו חטיף פופקורן בטעם חמאה ודבש אסם 80 גרם,קבוצת אוסם סחר שותפות מוגבלת,,פופקו חמאה ודבש 80 ג,גרמים,80.00,100 גרם,false,,5.30,0.0662,false,1,5838
7290000066882,false,סלט צ'ימיצ'ורי,,,סלט צ'ימיצ'ורי,קילוגרמים,1.00,"ק""ג",true,,56.60,56.6000,true,1,78489
7290000067407,false,פרורית מתובלת בשקית 200 גרם,קבוצת אוסם סחר שותפות מוגבלת,,פירורית מתובלת 200גר,גרמים,200.00,100 גרם,false,,6.00,0.0300,true,1,5845
7290000067544,false,פירורית זהב פירורי לחם אסם 200 גרם,קבוצת אוסם סחר שותפות מוגבלת,,פירורית זהב 200גר,גרמים,200.00,100 גרם,false,,6.00,0.0300,true,1,5846
7290000067599,false,מנה חמה ספגטי ברוטב בולונז אסם 65 גרם,קבוצת אוסם סחר שותפות מוגבלת,,מנה חמה ספגטי בולונז,גרמים,65.00,100 גרם,false,,6.70,0.1031,false,1,5847
7290000067735,false,פרפקטו ניוקי בצקיות תפוחי אדמה 500 ג' אסם,קבוצת אוסם סחר שותפות מוגבלת,,"ניוקי מתפו""א גנוצ'י",גרמים,500.00,100 גרם,false,,13.90,0.0278,true,1,5849
7290000068138,false,אינסטנט פודינג בטעם וניל אסם 80 גרם,קבוצת אוסם סחר שותפות מוגבלת,,פודינג וניל,גרמים,80.00,100 גרם,false,,5.80,0.0725,false,1,5851
7290000068190,false,אסם ג'לי תות שדה צבעים טבעיים 90 גרם,קבוצת אוסם סחר שותפות מוגבלת,,ג'ל תות,גרמים,85.00,100 גרם,false,,6.50,0.0765,true,1,5853
7290000068206,false,אסם ג'לי משמש צבעים טבעיים 85 גרם,קבוצת אוסם סחר שותפות מוגבלת,,ג'לי מישמש,גרמים,85.00,100 גרם,false,,6.50,0.0765,true,1,5854
7290000068237,false,אבקה להכנת ג`לי בטעם פטל אסם (85 גרם),קבוצת אוסם סחר שותפות מוגבלת,,ג'לי פטל,גרמים,85.00,100 גרם,false,,6.50,0.0765,true,1,5855
7290000068251,false,אבקה להכנת ג'לי בטעם אננס אסם 85 גרם,קבוצת אוסם סחר שותפות מוגבלת,,ג'לי אננס,גרמים,85.00,100 גרם,false,,6.50,0.0765,true,1,5856
7290000068343,false,אסם פריכונים פרוסות קלויות מלא,קבוצת אוסם סחר שותפות מוגבלת,,פריכונים מאורז מלא,גרמים,140.00,100 גרם,false,,7.20,0.0514,false,1,5858
7290000068701,false,אסם שקדי מרק רכיבים טבע.מיכל 400 גרם,קבוצת אוסם סחר שותפות מוגבלת,,שקדי מרק במיכל,גרמים,400.00,100 גרם,false,,15.90,0.0398,true,1,5861
7290000068770,false,במבה יום הולדת חטיף בוטנים אסם 80 גרם,קבוצת אוסם סחר שותפות מוגבלת,,במבה יום הולדת 80 גר,גרמים,80.00,100 גרם,false,,5.00,0.0625,false,1,5864
7290000068787,false,במבה יום הולדת חטיף בוטנים אסם 25 גרם,קבוצת אוסם סחר שותפות מוגבלת,,במבה יום הולדת,גרמים,25.00,100 גרם,false,,2.40,0.0960,true,1,5865
7290000069364,false,פריכונים מאורז מלא ללא תוספת סוכר אסם 140 גרם,קבוצת אוסם סחר שותפות מוגבלת,,פריכונים מאורז מלא ל,גרמים,140.00,100 גרם,false,,7.20,0.0514,true,1,5870
7290000069609,false,חטיפי קרקר בטעם זעתר אסם (300 גרם),קבוצת אסם סחר שות. מוגבלת,,חטיפי קרקר זעתר 300,גרמים,300.00,100 גרם,false,,11.70,0.0390,true,1,6418
7290000069715,false,אוסם - חטיפי קרקר מלוח 300 גרם,קבוצת אסם סחר שות. מוגבלת,,חטיפי קרקר מלוח אסם,גרמים,300.00,100 גרם,false,,11.70,0.0390,true,1,6419
7290000070308,false,אבקת מרק עוף אמיתי בשרי אסם 400 גרם,קבוצת אוסם סחר שותפות מוגבלת,,מרק עוף 400,גרמים,400.00,100 גרם,false,,16.90,0.0422,false,1,130
7290000070322,false,אבקת מרק פטריות רכיבים טבעיים אסם 400 גרם,קבוצת אוסם סחר שותפות מוגבלת,,מרק פטריות 400,גרמים,400.00,100 גרם,false,,19.90,0.0497,false,1,5877
7290000070353,false,אבקת מרק בצל רכיבים טבעיים אסם 400 גרם,קבוצת אוסם סחר שותפות מוגבלת,,מרק בצל 400,גרמים,400.00,100 גרם,false,,19.90,0.0497,false,1,5878
7290000070544,false,קאשיו קלוי,,,קאשיו קלוי,קילוגרמים,1.00,"ק""ג",true,,80.00,80.0000,true,1,61736
7290000070919,false,בייגלה רשתות עם מלח אסם (400 גרם),קבוצת אוסם סחר שותפות מוגבלת,,בייגלה רשתות מלח אסם,גרמים,400.00,100 גרם,false,,13.90,0.0348,true,1,5887
7290000071008,false,בייגלה שטוחים טבעות עם מלח אסם (60 גרם),קבוצת אוסם סחר שותפות מוגבלת,,בייגלה שטוחים מלח אס,גרמים,60.00,100 גרם,false,,3.10,0.0517,true,1,5559
7290000072067,false,במבה חטיף בוטנים במילוי קרם חלבה 60 גרם,קבוצת אסם סחר שות. מוגבלת,,במבה קרם חלבה,גרמים,60.00,100 גרם,false,,5.30,0.0883,true,1,5890
7290000072241,false,"רוטב פיצה 290 מ""ל-בקבוק",קבוצת אוסם סחר שותפות מוגבלת,,רוטב פיצה,גרמים,290.00,100 גרם,false,,12.00,0.0414,true,1,5893
7290000072333,false,בונז'ור לחמנית דגנים 120ג',בונז'ור,,לחמניית דגנים,גרמים,120.00,100 גרם,false,,3.00,0.0250,true,1,5895
7290000072623,false,קטשופ אסם בקבוק לחיץ 750 גרם,קבוצת אוסם סחר שותפות מוגבלת,,קטשופ 750 לחיץ,גרמים,750.00,100 גרם,false,,9.90,0.0132,false,1,5896
7290000072630,false,קטשופ אסם חריף 750 גרם-בקבוק,קבוצת אוסם סחר שותפות מוגבלת,,קטשופ חריף לחיץ 750ג,גרמים,750.00,100 גרם,false,,9.90,0.0132,false,1,5897
7290000072753,false,קפה נמס מגורען טסטרס צ'ויס 200 גרם-,קבוצת אוסם סחר שותפות מוגבלת,,קפה נמס טסטר'ס צ'ויס,גרמים,200.00,100 גרם,false,,29.90,0.1495,false,1,5901
7290000072760,false,נסקפה טייסטרס צויס 100 גר אוריגנל,קבוצת אוסם סחר שותפות מוגבלת,,קפה נמס טסטר'ס צ'ויס,גרמים,100.00,100 גרם,false,,25.90,0.2590,false,1,5902
7290000072777,false,קפה נמס מגורען נטול קפאין טסטרס צ'ויס 200 גרם,קבוצת אוסם סחר שותפות מוגבלת,,קפה נמס טסטר'ס צ'ויס,גרמים,200.00,100 גרם,false,,39.90,0.1995,false,1,5903
7290000072968,false,דגני בוקר סיני מיניס חיטה מלאה וקינמון נסטלה 500 גרם,קבוצת אוסם סחר-שות.מוגבלת,,דגני בוקר סיני מיניס,גרמים,500.00,100 גרם,false,,19.90,0.0398,false,1,5907
7290000073415,false,אוסם - מנה חמה פסטה ברוטב פיצה 61 גרם,קבוצת אוסם סחר שותפות מוגבלת,,מנה חמה פסטה ברוטב פ,גרמים,61.00,100 גרם,false,,6.70,0.1098,false,1,5911
7290000073699,false,סלט חומוס צבר 150 גרם,קבוצת אוסם סחר שותפות מוגבלת,,חומוס חלק 150 גר,גרמים,150.00,100 גרם,false,,4.80,0.0320,true,1,25098
7290000073750,false,מנה חמה נודלס אטר+ירקות טעם עוף 70 גרם,קבוצת אוסם סחר שותפות מוגבלת,,מנה חמה נודלס אטריות,גרמים,70.00,100 גרם,false,,7.20,0.1029,false,1,5912
7290000073767,false,מנה חמה נודלס אטר.+ירקות טעם בקר 70 גרם,קבוצת אוסם סחר שותפות מוגבלת,,מנה חמה נודלס אטריות,גרמים,70.00,100 גרם,false,,7.20,0.1029,false,1,5913
7290000073774,false,מנה חמה נודלס אטר+ירקות טעם צילי 70 גרם,קבוצת אוסם סחר שותפות מוגבלת,,מנה חמה נודלס+איטריו,גרמים,70.00,100 גרם,false,,7.20,0.1029,false,1,5914
7290000074153,false,ביסקוויט פתי בר שוקולד אסם (500 גרם),קבוצת אוסם סחר שותפות מוגבלת,,פתי בר שוקו 500,גרמים,500.00,100 גרם,false,,13.90,0.0278,false,1,5918
7290000074184,false,ביסקוויט פתי בר אסם (500 גרם),קבוצת אוסם סחר שותפות מוגבלת,,פתיבר וניל אסם 500 ג,גרמים,500.00,100 גרם,false,,12.00,0.0240,false,1,5920
7290000074245,false,אוסם - קרם קרקר אסם 250 גרם,קבוצת אוסם סחר שותפות מוגבלת,,קרם קרקר 250,גרמים,250.00,100 גרם,false,,8.50,0.0340,true,1,5921
7290000074252,false,קרקר שומשום אסם (250 גרם),קבוצת אוסם סחר שותפות מוגבלת,,קרקר שומשום 250,גרמים,250.00,100 גרם,false,,9.00,0.0360,true,1,5922
7290000074276,false,קרקר פיקנטי טבעון 250 ג' אסם,קבוצת אוסם סחר שותפות מוגבלת,,אסם קרקר קלאסי 250 ג,גרמים,250.00,100 גרם,false,,10.00,0.0400,true,1,5923
7290000074375,false,אוסם - קרקר זהב 150 גרם,קבוצת אוסם סחר שותפות מוגבלת,,קרקר זהב 150,גרמים,150.00,100 גרם,false,,7.00,0.0467,true,1,5927
7290000074481,false,קרקר לחמית אגוזים אסם (160 גרם),קבוצת אסם סחר שות. מוגבלת,,לחמית אגוזים,גרמים,160.00,100 גרם,false,,10.50,0.0656,false,1,18816
7290000074696,false,"קרם קרקר 1 ק""ג אוסם",קבוצת אוסם סחר שותפות מוגבלת,,קרם קרקר 1קג,יחידה,1.00,יחידה,false,,24.90,24.9000,false,1,5929
7290000074764,false,קרקר זהב אסם (900 גרם),קבוצת אוסם סחר שותפות מוגבלת,,"קרקר זהב 900 ג""ר",גרמים,900.00,100 גרם,false,,22.90,0.0254,true,1,5933
7290000075204,false,קרקר לחמית חיטה מלאה אסם (250 גרם),קבוצת אוסם סחר שותפות מוגבלת,,לחמית 250 גר,גרמים,250.00,100 גרם,false,,8.70,0.0348,true,1,5936
7290000075693,false,עוגת הבית שמרים בריוש שוקולד אסם 360 גרם,קבוצת אסם סחר שות. מוגבלת,,עוגת שמרים בריוש שוק,גרמים,360.00,100 גרם,false,,18.00,0.0500,false,1,135
7290000076126,false,אוסם - בייגלה שמיניות קטנות 80 גרם,קבוצת אוסם סחר שותפות מוגבלת,,בייגלה שמיניות קטנות,גרמים,80.00,100 גרם,false,,3.10,0.0388,true,1,5940
7290000076133,false,בייגלה שמיניות קטנות עם מלח אסם 400 גרם,קבוצת אוסם סחר שותפות מוגבלת,,בייגלה שמיניות קטנות,גרמים,400.00,100 גרם,false,,11.00,0.0275,true,1,5941
7290000076645,false,טוסטעים פת קלויה חיטה מלאה אסם 100 גרם,קבוצת אסם סחר שות. מוגבלת,,אסם טוסטעים חיטה מלא,גרמים,100.00,100 גרם,false,,9.90,0.0990,true,1,5946
7290000077017,false,עוגיות קרמוגית במילוי קרם שוקולד אסם 200 גרם,קבוצת אוסם סחר שותפות מוגבלת,,קרמוגית שוקו,גרמים,200.00,100 גרם,false,,11.50,0.0575,true,1,5947
7290000077253,false,אוסם - לחמית כפרית עם דגנים מלאים 190 גרם,קבוצת אסם סחר שות. מוגבלת,,לחמית כפרית 190 גר,גרמים,190.00,100 גרם,false,,10.50,0.0553,true,1,5952
7290000078014,false,שזיפים אמריקאים,,,חמוציות חתוכות,קילוגרמים,1.00,"ק""ג",true,,39.90,39.9000,true,1,16812
7290000078212,false,קרוטונים מתובלים למרק אסם (250 גרם),קבוצת אוסם סחר שותפות מוגבלת,,קרוטונים מתובלים 250,גרמים,250.00,100 גרם,false,,14.50,0.0580,true,1,5959
7290000078762,false,אוסם - חטיפי פריכונים מאורז מלא בטעם דבש 80גר,קבוצת אוסם סחר-שות.מוגבלת,,פריכונים אורז מלא בט,גרמים,80.00,100 גרם,false,,7.50,0.0938,false,1,5964
7290000079233,false,קרם קרקר דיאטטי דל נתרן 250 גרם,קבוצת אוסם סחר שותפות מוגבלת,,קרם קרקר דל נתרן דיי,גרמים,250.00,100 גרם,false,,10.60,0.0424,true,1,5966
7290000079684,false,קרואסון ביס שקדים,אסם בונזור,,קוראסון ביס שקדים,קילוגרמים,1.00,"ק""ג",true,,42.00,42.0000,true,1,33837
7290000080758,false,פת קלויה טוסטעים אסם (100 גרם),קבוצת אוסם סחר שותפות מוגבלת,,טוסטעים פת קלויה,גרמים,100.00,100 גרם,false,,9.90,0.0990,true,1,5974
7290000080765,false,פת קלויה טוסטעים עם שומשום אסם (100 גרם),קבוצת אוסם סחר שותפות מוגבלת,,טוסטעים פת קלויה שומ,גרמים,100.00,100 גרם,false,,9.90,0.0990,true,1,5975
7290000081663,false,"בייגלה טבעות שומשום אסם 300 גרם בד""ץ",קבוצת אוסם סחר שותפות מוגבלת,,בייגלה טבעות שומשום,גרמים,300.00,100 גרם,false,,11.00,0.0367,true,1,5977
7290000085166,false,פתי בר גטניו 400 גרן,"אחים גטניו בע""מ",,פתי בר גטניו 400 גר,גרמים,400.00,100 גרם,false,,7.50,0.0188,true,1,11064
7290000085173,false,פתי-בר שוקו גטניו 400 ג',"אחים גטניו בע""מ",,פתיבר שוקו גטניו,גרמים,400.00,100 גרם,false,,7.50,0.0188,true,1,11065
7290000089188,false,יין אדום מתוק פומפידיתא 1 ליטר,ויטה -פרי גליל (החדשה) בעמ,,פומפדיתא יין מיוחד ל,ליטרים,1.00,ליטר,false,,16.90,16.9000,false,1,15076
7290000100029,false,פתיתי כרובית סנפרוסט 800 גרם,"סנפרוסט בע""מ",,פתיתי כרובית סנפרוסט,גרמים,800.00,100 גרם,false,,18.90,0.0236,true,1,74157
7290000100128,false,פירות קפואים תות 300 גר`סנפרוסט,תנובה ענף ב.ע.ד,,תות שדה סנפרוסט,גרמים,300.00,100 גרם,false,,14.90,0.0497,true,1,59064
7290000100135,false,פירות קפואים סנפרוסט דובדבן 300 גר,תנובה ענף ב.ע.ד,,דובדבן מתוק 300 גר',גרמים,300.00,100 גרם,false,,16.90,0.0563,true,1,74153
7290000100302,false,פול ירוק מקולף סנפורסט 600 גר`,תנובה ענף ב.ע.ד,,פול ירוק ללא קליפה ס,גרמים,600.00,100 גרם,false,,22.90,0.0382,true,1,77103
7290000100593,false,פרוסות אנטיפסטי לתנור סנפרוסט 600 גרם,תנובה ענף ב.ע.ד,,אנטיפסטי לתנור 600 ג,גרמים,600.00,100 גרם,false,,21.00,0.0350,true,1,82557
7290000100609,false,קוביות אנטיפסטי להקפצה סנפרוסט 600 גרם,תנובה ענף ב.ע.ד,,אנטיפסטי להקפצה 600,גרמים,600.00,100 גרם,false,,21.00,0.0350,true,1,82558
7290000101132,false,לקט קטניות לחמין סנפרוסט 800 גר,תנובה ענף ב.ע.ד,,לקט קטניות לחמין,יחידה,0.00,יחידה,false,,19.90,0.0000,false,1,65251
7290000101927,false,אוכמניות כחולות מוקפאות סנפרוסט 300 גרם,תנובה ענף ב.ע.ד,,אוכמניות כחולות מוקפ,גרמים,300.00,100 גרם,false,,14.90,0.0497,true,1,68640
7290000101934,false,מיקס פירות יער מוקפאים 300 גר סנפרוסט,תנובה ענף ב.ע.ד,,תערובת פירות יער קפו,גרמים,300.00,100 גרם,false,,14.90,0.0497,true,1,68641
7290000101941,false,אננס חתוך מוקפא סנפרוסט (300 גרם),תנובה ענף ב.ע.ד,,אננס חתוך מוקפא 300,גרמים,300.00,100 גרם,false,,14.90,0.0497,true,1,68642
7290000101958,false,מנגו חתוך מוקפא סנפרוסט (300 גרם),תנובה ענף ב.ע.ד,,מנגו חתוך מוקפא 300,גרמים,300.00,100 גרם,false,,14.90,0.0497,true,1,68643
7290000103365,false,מרק ירקות עשיר סנפרוסט (550 גרם),תנובה מרכז שיתופי לשיווק תוצרת,,מרק ירקות סנפרוסט,גרמים,500.00,100 גרם,false,,14.90,0.0298,false,1,23399
7290000103433,false,"לקט ירקות לתנור 800 גרם ""סנפרוסט""",תנובה מרכז שיתופי לשיווק תוצרת,,ירקות לתנור סנפרוסט,יחידה,0.00,יחידה,false,,21.00,0.0000,false,1,64566
7290000103457,false,מיני כרובית סנפרוסט (600 גרם),תנובה קפואים,,מיני כרובית 600 גר',גרמים,600.00,100 גרם,false,,15.90,0.0265,false,1,63127
7290000103471,false,מיני ברוקולי סנפרוסט 600 גרם,תנובה ענף ב.ע.ד,,מיני ברוקולי 600 גר',גרמים,600.00,100 גרם,false,,15.90,0.0265,true,1,63350
7290000103730,false,לקט להקפצה עם פסטה פוזילי סנפרוסט 800 גרם,תנובה מרכז שיתופי לשיווק תוצרת,,לקט להקפצה עם פסטה ס,גרמים,800.00,100 גרם,false,,21.90,0.0274,false,1,895
7290000103815,false,לקט להקפצה בסגנון תאילנדי סנפרוסט 800 גרם,תנובה מרכז שיתופי לשיווק תוצרת,,לקט להקפצה בסגנון תא,גרמים,800.00,100 גרם,false,,21.90,0.0274,false,1,899
7290000103822,false,לקט מוקפא לעוף סנפרוסט (800 גרם),תנובה מרכז שיתופי לשיווק תוצרת,,לקט לעוף 800 גר' סנפ,גרמים,800.00,100 גרם,false,,21.00,0.0263,false,1,900
7290000103839,false,מרק כתום עשיר בירקות סנפרוסט (572 גרם),תנובה מרכז שיתופי לשיווק תוצרת,,מרק כתום סנפרוסט,גרמים,572.00,100 גרם,false,,14.90,0.0260,false,1,901
7290000103846,false,מרק אפונה עשיר בירקות סנפרוסט (572 גרם),תנובה מרכז שיתופי לשיווק תוצרת,,מרק אפונה סנפרוסט,גרמים,572.00,100 גרם,false,,14.90,0.0260,false,1,902
7290000103860,false,מרק עדשים עשיר בירקות סנפרוסט (572 גרם),תנובה מרכז שיתופי לשיווק תוצרת,,מרק עדשים סנפרוסט,גרמים,572.00,100 גרם,false,,14.90,0.0260,false,1,904
7290000103877,false,מרק שעועית עשיר בירקות סנפרוסט 640 גרם,תנובה מרכז שיתופי לשיווק תוצרת,,מרק שעועית סנפרוסט,גרמים,644.00,100 גרם,false,,14.90,0.0231,false,1,905
7290000104072,false,עדשים ירוקות מבושלות מוקפאות 800 ג' סנפרוסט,תנובה מרכז שיתופי לשיווק תוצרת,,עדשים ירוקות מבושלות,גרמים,800.00,100 גרם,false,,19.90,0.0249,false,1,912
7290000104188,false,שעועית אדומה מוקפאת מבושלת מוכנה לאכילה,תנובה מרכז שיתופי לשיווק תוצרת,,שעועית אדומה מבושלת,גרמים,800.00,100 גרם,false,,17.90,0.0224,false,1,914
7290000104201,false,אפונה עדינה מוקפאת סנפרוסט (600 גרם),תנובה ענף ב.ע.ד,,אפונה עדינה,גרמים,600.00,100 גרם,false,,17.90,0.0298,false,1,8370
7290000104218,false,סנפרוסט במיה 600 גרם,תנובה מרכז שיתופי לשיווק תוצרת,,במיה סנפרוסט,גרמים,600.00,100 גרם,false,,16.90,0.0282,false,1,8371
7290000104225,false,בצל קצוץ סנפרוסט 600 גרם,"סנפרוסט בע""\מ",,בצל קצוץ סנפרוסט,גרמים,600.00,100 גרם,false,,16.90,0.0282,false,1,8372
7290000104676,false,אפונה קפואה סנפרוסט 800 גרם,תנובה מרכז שיתופי לשיווק תוצרת,,אפונה סנפרוסט 00,גרמים,800.00,100 גרם,false,,17.90,0.0224,false,1,8374
7290000104683,false,שעועית ירוקה שלמה סנפרוסט (800 גרם),תנובה מרכז שיתופי לשיווק תוצרת,,שעועית שלמה 800,גרמים,800.00,100 גרם,false,,19.90,0.0249,false,1,915
7290000104690,false,גרעיני תירס מוקפאים סנפרוסט (800 גרם),תנובה מרכז שיתופי לשיווק תוצרת,,תירס 800 סנפרוסט,גרמים,800.00,100 גרם,false,,16.90,0.0211,false,1,916
7290000104706,false,גזר גמדי מוקפא סנפרוסט (800 גרם),תנובה מרכז שיתופי לשיווק תוצרת,,גזר גמדי 800,גרמים,800.00,100 גרם,false,,17.90,0.0224,false,1,8375
7290000104713,false,פול ירוק קפוא סנפורסט 800 גרם,תנובה מרכז שיתופי לשיווק תוצרת,,פול ירוק 800,גרמים,800.00,100 גרם,false,,22.90,0.0286,false,1,8376
7290000104720,false,שעועית ירוקה חתוכה סנפרוסט (800 גרם),תנובה מרכז שיתופי לשיווק תוצרת,,שעועית ירוקה חתוכה,גרמים,800.00,100 גרם,false,,16.90,0.0211,false,1,917
7290000104744,false,כרובית מוקפאת סנפרוסט (800 גרם),תנובה מרכז שיתופי לשיווק תוצרת,,כרובית 800 גר,גרמים,800.00,100 גרם,false,,22.90,0.0286,false,1,8377
7290000104751,false,כרוב ניצנים סנפרוסט (800 גרם),תנובה מרכז שיתופי לשיווק תוצרת,,כרוב ניצנים סנפר,גרמים,800.00,100 גרם,false,,23.90,0.0299,false,1,8378
7290000104768,false,עלי תרד סנפרוסט (800 גרם),תנובה מרכז שיתופי לשיווק תוצרת,,תרד עלים 800,גרמים,800.00,100 גרם,false,,22.90,0.0286,false,1,8379
7290000104775,false,תרד מדליונים סנפרוסט 800 גרם,תנובה מרכז שיתופי לשיווק תוצרת,,תרד מדליון,גרמים,800.00,100 גרם,false,,23.90,0.0299,false,1,8380
7290000104799,false,שעועית לבנה מבושלת סנפרוסט (800 גרם),תנובה מרכז שיתופי לשיווק תוצרת,,שעועית לבנה מבוש,גרמים,800.00,100 גרם,false,,17.90,0.0224,false,1,919
7290000104805,false,גרגרי חומוס מבושלים סנפרוסט (800 גרם),תנובה מרכז שיתופי לשיווק תוצרת,,חומוס מבושל סנפר,גרמים,800.00,100 גרם,false,,17.90,0.0224,false,1,920
7290000104829,false,קלחי תירס חתוכים סנפרוסט 1 קילו,תנובה מרכז שיתופי לשיווק תוצרת,,קלחוני תירס 1 קג,יחידה,1.00,יחידה,false,,19.90,19.9000,false,1,921
7290000104836,false,שעועית ירוקה עדינה שלמה סנפרוסט 600 גרם,תנובה מרכז שיתופי לשיווק תוצרת,,שעועית עדינה שלמה 60,גרמים,600.00,100 גרם,false,,21.90,0.0365,false,1,8381
7290000104874,false,לקט מוקפא לקוסקוס סנפרוסט (800 גרם),תנובה מרכז שיתופי לשיווק תוצרת,,לקט לקוסקוס,גרמים,800.00,100 גרם,false,,21.00,0.0263,false,1,8383
7290000104881,false,לקט אפונה וגזר מוקפאים סנפרוסט (800 גרם),תנובה מרכז שיתופי לשיווק תוצרת,,אפונה וגזר,גרמים,800.00,100 גרם,false,,15.90,0.0199,false,1,922
7290000104904,false,לקט ירקות מעורבים סנפרוסט 800 גרם,תנובה מרכז שיתופי לשיווק תוצרת,,לקט ירקות מעורבי,גרמים,800.00,100 גרם,false,,21.90,0.0274,false,1,923
7290000104911,false,לקט נורמנדי מוקפא סנפרוסט (800 גרם),תנובה מרכז שיתופי לשיווק תוצרת,,לקט נורמנדי,גרמים,800.00,100 גרם,false,,21.00,0.0263,false,1,924
7290000106175,false,לקט כפרי מוקפא סנפרוסט (2 קג),תנובה קפואים,,לקט כפרית 2,יחידה,2.00,יחידה,false,,37.90,18.9500,false,1,8388
7290000107165,false,חטיף סויה אדממה סנפרוסט (400 גרם),תנובה מרכז שיתופי לשיווק תוצרת,,חטיף סויה אדממה,גרמים,400.00,100 גרם,false,,13.50,0.0338,false,1,8390
7290000107189,false,תחתיות ארטישוק סנפרוסט (400 גרם),תנובה מרכז שיתופי לשיווק תוצרת,,ארטישוק תחתיות,גרמים,400.00,100 גרם,false,,19.90,0.0497,false,1,8391
7290000107295,false,תפרחות ברוקולי סנפרוסט 800 גרם,תנובה מרכז שיתופי לשיווק תוצרת,,ברוקולי 800,גרמים,800.00,100 גרם,false,,22.90,0.0286,false,1,8394
7290000107615,false,ירקות ואננס להקפצה מנה אסייתית צבעונית ועשירה,"איי, בי, אינבוו",,מנה אסייתית צבעונית,גרמים,800.00,100 גרם,false,,21.00,0.0263,true,1,79499
7290000107622,false,ירקות ופסטה א-לה איטליה סנפרוסט 800 גרם,"איי, בי, אינבוו",,פסטה וירקות א-לה איט,גרמים,800.00,100 גרם,false,,21.00,0.0263,true,1,79500
7290000110851,false,כיפלי חטיף בטעם בצל מהדרין תלמה (70 גרם),יוניליוור ישראל שיווק בע`מ,,כפלי בצל,גרמים,70.00,100 גרם,false,,6.00,0.0857,true,1,9211
7290000111063,false,מיונז אמיתי תלמה (250 גרם),יוניליוור ישראל שיווק בע`מ,,מיונז אמיתי 250,גרמים,250.00,100 גרם,false,,7.20,0.0288,false,1,2041
7290000111117,false,מרכך כביסה לבן בדין (4 ליטר),יוניליוור ישראל שיווק בע`מ,,בדין לבן 4 ליטר,ליטרים,4.00,ליטר,false,,19.90,4.9750,false,1,2042
7290000111186,false,"מיונז אמיתי תלמה 500 גרם בד""צ","יוניליוור ישראל שיווק בע""מ",,מיונז 500,גרמים,500.00,100 גרם,false,,9.90,0.0198,false,1,2043
7290000111353,false,מיונז אמיתי תלמה (1 קג),"יוניליוור ישראל שיווק בע""מ",,מיונז אמיתי 1קג,יחידה,1.00,יחידה,false,,17.60,17.6000,false,1,9213
7290000111360,false,חרדל אמיתי חריף 250 גרם בצנצנת כשלפ,יוניליוור ישראל שיווק בע`מ,,חרדל 250,גרמים,250.00,100 גרם,false,,8.50,0.0340,true,1,2044
7290000111384,false,חרדל אמיתי בצנצנת 550 ג' תלמה,יוניליוור ישראל שיווק בע`מ,,חרדל אמיתי 550,גרמים,550.00,100 גרם,false,,12.90,0.0235,true,1,2045
7290000112220,false,טחינה גולמית שומשום טהור בארכה 500 גרם,קבוצת אוסם סחר שותפות מוגבלת,,טחינה גולמית 500,גרמים,500.00,100 גרם,false,,13.90,0.0278,false,1,727
7290000112497,false,מרק עשיר עוף אטריות קנור 75 גרם - שקיות,יוניליוור ישראל שיווק בע`מ,,קנור עשיר עוף,גרמים,75.00,100 גרם,false,,10.90,0.1453,true,1,9217
7290000112503,false,מרק עשיר ירקות קנור 69 גרם - שקיות,יוניליוור ישראל שיווק בע`מ,,קנור עשיר ירקות,גרמים,61.00,100 גרם,false,,10.90,0.1787,true,1,9218
7290000112619,false,אבקת מרק עוף אמיתי קנור 400 ג' כשלפ,יוניליוור ישראל שיווק בע`מ,,מרק עוף אמיתי,גרמים,400.00,100 גרם,false,,17.90,0.0447,false,1,2046
7290000114187,false,פנטסטיק תרכיז ניקוי כללי אורנים סיף 4 ליטר,יוניליוור ישראל שיווק בע`מ,,פנטסטיק 4 ליטר א,ליטרים,4.00,ליטר,false,,19.90,4.9750,false,1,14403
7290000116204,false,"אבקת מרק דגש בטעם עוף 1ק""ג קנור","יוניליוור ישראל שיווק בע""מ",,מ.דגש 1קג,יחידה,1.00,יחידה,false,,15.90,15.9000,false,1,2051
7290000116884,false,"רוטב ברביקיו קנור 300 גרם בד""צ",יוניליוור ישראל שיווק בע`מ,,רוטב ברבקיו קנור,יחידה,200.00,יחידה,false,,12.90,0.0645,false,1,9244
7290000116945,false,"רוטב סויה קלאסי קנור בד""צ 350 גרם",יוניליוור ישראל שיווק בע`מ,,רוטב סויה קנור,מיליליטרים,300.00,"100 מ""ל",false,,13.90,0.0463,false,1,9246
7290000117171,false,מרק טעם עוף דל קלוריות 48 גרם-קופסא,יוניליוור ישראל שיווק בע`מ,,מרק טעם עוף נמס 10 ק,גרמים,46.00,100 גרם,false,,8.20,0.1783,true,1,9249
7290000117720,false,נמס בכוס פטריות קנור 21.5 גרם מארז זוגי,יוניליוור ישראל שיווק בע`מ,,נ.בכוס פטריות,גרמים,43.00,100 גרם,false,,7.00,0.1628,true,1,9251
7290000118277,false,כופתאות מצה להכנת מהירה 65 ג' קנור,"יוניליוור ישראל שיווק בע""מ",,קניידל,גרמים,130.00,100 גרם,false,,13.50,0.1038,false,1,9256
7290000120836,false,מיונז אמיתי הלמנס (394 גרם),"יוניליוור ישראל שיווק בע""מ",,מיונז הלמנס,גרמים,394.00,100 גרם,false,,10.90,0.0277,false,1,9263
7290000120874,false,מיונז הלמנס לייט מופחת קלוריות 424ג,"יוניליוור ישראלשיווק בע""מ",,מיונז הלמנס דל,גרמים,424.00,100 גרם,false,,10.90,0.0257,false,1,9264
7290000121031,false,החתול המחייך גבינה מותכת 14% מון בלאן 120 גרם,נטו מילנדה סחר בעמ*,,גבינת חתול 14% 120 ג,גרמים,120.00,100 גרם,false,,10.60,0.0883,true,1,7057
7290000121079,false,גבינה מותכת למריחה עם שום שמיר 9% מון בלאן 120 גרם,נטו מלינדה סחר בע`מ,,גבינה מון בלאן לייט,גרמים,120.00,100 גרם,false,,11.90,0.0992,true,1,7059
7290000121093,false,גבינה מותכת לייט בטעם שוויצרי 7% מון בלאן 120 גר',נטו מלינדה סחר בע`מ,,גבינה מון בלאן לייט,גרמים,120.00,100 גרם,false,,11.50,0.0958,true,1,7060
7290000121109,false,גבינה מותכת לייט עם זיתים 7% מון בלאן 120 גרם,נטו מילנדה סחר בעמ*,,גבינה מון בלאן לייט,גרמים,120.00,100 גרם,false,,11.90,0.0992,true,1,7061
7290000121154,false,גבינה מותכת לייט עם סלמון 7% מון בלאן 120 גרם,נטו מלינדה סחר בע`מ,,גבינה מון בלאן לייט,גרמים,120.00,100 גרם,false,,13.50,0.1125,true,1,7063
7290000121239,false,מיוקל 5% שומן ללא כולסטרול תלמה 500ג',יוניליוור ישראל שיווק בע`מ,,מיוקל 5 שומן%,גרמים,500.00,100 גרם,false,,13.50,0.0270,false,1,9265
7290000125251,false,שמפו לכביסה עדינה בדין 2 ליטר,"יוניליוור ישראלשיווק בע""מ",,שמפו לכביסה עדינה,ליטרים,2.00,ליטר,false,,29.90,14.9500,true,1,14410
7290000129457,false,אבקת רוטב פטריות קנור 28 ג' שקית,יוניליוור ישראל שיווק בע`מ,,רוטב פטריות קנור,גרמים,28.00,100 גרם,false,,4.60,0.1643,true,1,9291
7290000129785,false,מרכך כביסה ירוק בדין (4 ליטר),יוניליוור ישראל שיווק בע`מ,,בדין ירוק 4 ליטר,ליטרים,4.00,ליטר,false,,19.90,4.9750,false,1,2071
7290000130606,false,קמח מצה רגיל 200 גר,מצות אביב,,קמח מצה 200 גר,גרמים,200.00,100 גרם,false,,3.00,0.0150,true,1,9833
7290000131122,false,"בצק עלים צרפתי שחף 1.5 ק""ג",מאפיית אריאל בעמ,,בצק עלים צרפתי שחף 1,קילוגרמים,1.50,"ק""ג",false,,19.90,13.2667,true,1,7218
7290000133645,false,שלישיית משחת שיניים סודה אורביטול 145 גרם,טרופיקל דגיל תעשיות קוסמ,,שלישיה אורביטול משחת,גרמים,435.00,100 גרם,false,,19.90,0.0457,true,1,16098
7290000134147,false,טעם וריח מוסקט טחון מיכל 40גר,"תבליני טעם וריח בע""מ",,מוסקט טחון 40 גרם,גרמים,40.00,100 גרם,false,,14.90,0.3725,true,1,2727
7290000134307,false,קינמון טחון 50 גרם טעם וריח,"תבליני טעם וריח בע""מ",,קינמון טחון בשקית 50,גרמים,50.00,100 גרם,false,,5.90,0.1180,true,1,9942
7290000134314,false,פיצה תערובת תיבול 120 גרם מיכל גדול,"תבליני טעם וריח בע""מ",,תיבול לפיצה,גרמים,120.00,100 גרם,false,,9.50,0.0792,true,1,9943
7290000134338,false,אבקת שום בקופ' 90 גר' טעם וריח,"תבליני טעם וריח בע""מ",,אבקת שום מיכל,גרמים,90.00,100 גרם,false,,9.50,0.1056,true,1,9944
7290000134352,false,קינמון טחון בקופ' 90 גר' טעם וריח,"תבליני טעם וריח בע""מ",,תבלין קינמון טחו,גרמים,90.00,100 גרם,false,,9.50,0.1056,true,1,9945
7290000134376,false,פפריקה בשמן בקופ' 90 גר' טעם וריח,"תבליני טעם וריח בע""מ",,פפריקה מרוקאית מתוקה,גרמים,90.00,100 גרם,false,,9.50,0.1056,true,1,2729
7290000134550,false,עלי דפנה 20 גר' טעם וריח,"תבליני טעם וריח בע""מ",,עלי דפנה שק 20',גרמים,40.00,100 גרם,false,,5.90,0.1475,true,1,9948
7290000134666,false,רוזמרין 15 גר מיכל ק,תבליני טעם וריח בעמ,,רוזמרין מיכל קטן,גרמים,15.00,100 גרם,false,,5.50,0.3667,true,1,9950
7290000134673,false,זנגויל טחון מיכל 30 גרם,"תבליני טעם וריח בע""מ",,זנגויל מיכל פלסטיק,גרמים,30.00,100 גרם,false,,5.50,0.1833,true,1,9951
7290000134826,false,זעתר מעורב בקופ' 100 גר' טעם וריח,"תבליני טעם וריח בע""מ",,תבלין זעתר,גרמים,100.00,100 גרם,false,,9.50,0.0950,true,1,9957
7290000134833,false,כמון טחון בקופ' 100 גר' טעם וריח,"תבליני טעם וריח בע""מ",,תבלין כמון,גרמים,100.00,100 גרם,false,,9.50,0.0950,true,1,9958
7290000134840,false,כורכום טחון בקופ' 100 גר' טעם וריח,"תבליני טעם וריח בע""מ",,תבלין כורכום,גרמים,100.00,100 גרם,false,,9.50,0.0950,true,1,9959
7290000134857,false,פפריקה מתוקה בקופ' 100 גר' טעם וריח,"תבליני טעם וריח בע""מ",,פפריקה מתוקה,גרמים,100.00,100 גרם,false,,9.50,0.0950,true,1,2732
7290000134864,false,פפריקה חריפה בקופ' 100 גר' טעם וריח,"תבליני טעם וריח בע""\מ",,תבלין פפריקה,גרמים,100.00,100 גרם,false,,9.50,0.0950,true,1,9960
7290000134871,false,פלפל שחור טחון בקופ' 100 גר' טעם וריח,"תבליני טעם וריח בע""מ",,פלפל שחור טחון 100 ג,גרמים,100.00,100 גרם,false,,12.90,0.1290,true,1,2733
7290000134970,false,חוואיג' בקופ' 100 גר' טעם וריח,"תבליני טעם וריח בע""מ",,תבלין חוויא'ג,גרמים,100.00,100 גרם,false,,9.50,0.0950,true,1,9962
7290000134987,false,פלפל שחור גרוס בקופ' 90 גר' טעם וריח,"תבליני טעם וריח בע""מ",,פלפל שחור גרוס,גרמים,90.00,100 גרם,false,,12.90,0.1433,true,1,2735
7290000134994,false,טימין 20 גר מיכל קטן,"תבליני טעם וריח בע""מ",,טימין מיכל קטן,גרמים,20.00,גרם,false,,5.50,0.2750,true,1,9963
7290000135045,false,"XL TEN משקה אנרגיה פתוח ללא סוכר 250 מ""ל","טמפו משקאות בע""\מ",,"פחית XL תפוח 250 מ""ל",מיליליטרים,250.00,"100 מ""ל",false,,4.50,0.0180,false,1,78275
7290000135052,false,"XL TEN משקה אנרגיה מנגו ללא סוכר 250 מ""ל","טמפו משקאות בע""\מ",,"פחית XL מנגו 250 מ""ל",מיליליטרים,250.00,"100 מ""ל",false,,4.50,0.0180,false,1,78276
7290000135113,false,משקה אנרגיה אקסל נענע ליים ללס (250 מל,"טמפו משקאות בע""\מ",,משקה אנרגיה XL נענע,מיליליטרים,250.00,"100 מ""ל",false,,4.50,0.0180,false,1,81714
7290000135311,false,פפסי קולה ליים 1.5 ללא סוכר,"טמפו משקאות בע""\מ",,פפסי מקס ליים 1.5 לי,ליטרים,1.50,ליטר,false,,6.90,4.6000,false,1,84391
7290000135465,false,"מי סודה 500 מ""ל - מארז 12 בקבוקים","טמפו משקאות בע""\מ",,סודה טמפו 500 מל מאר,ליטרים,6.00,ליטר,false,,25.90,4.3167,true,1,88525
7290000135595,false,פפסי מקס בטעם דובדבן 1.5 ללא סוכר,"טמפו משקאות בע""\מ",,פפסי מקס דובדבן 1.5,ליטרים,1.50,ליטר,false,,6.90,4.6000,false,1,89079
7290000135625,false,"רביעיית פחיות בירה גולדסטאר 500 מ""ל","טמפו משקות בע""\מ",,רביעיית פחיות גולדסט,ליטרים,2.00,ליטר,false,,29.90,14.9500,true,1,89928
7290000135632,false,"רביעיית פחיות בירה גולדסטאר לא מסונן 500 מ""ל","טמפו משקאות בע""\מ",,רביעיות פחיות גולדסט,ליטרים,2.00,ליטר,false,,32.90,16.4500,true,1,89927
7290000136141,false,פפסי קולה 1.5 ליטר פיקדון,"טמפו משקאות בע""\מ",,פפסי 1.5 ליטר,ליטרים,1.50,ליטר,false,,7.50,5.0000,false,1,118041
7290000136158,false,פפסי מקס משקה מוגז דל קלוריות בטעם קולה,"טמפו משקאות בע""\מ",,פפסי מקס 1.5 ליטר,ליטרים,1.50,ליטר,false,,6.90,4.6000,false,1,118042
7290000136165,false,מירינדה אורנג` 1.5 ליטר פיקדון,"טמפו משקאות בע""\מ",,מירינדה 1.5 ליטר,ליטרים,1.50,ליטר,false,,7.50,5.0000,false,1,118038
7290000136172,false,משקה 7UP בקבוק 1.5 ליטר פיקדון,"טמפו משקאות בע""\מ",,סבן אפ 1.5 ליטר,ליטרים,1.50,ליטר,false,,7.50,5.0000,false,1,118043
7290000136240,false,סודה 1.5 ליטר שישייה בודד,"טמפו משקאות בע""\מ",,סודה 1.5 ליטר טמפו,ליטרים,1.50,ליטר,false,,3.30,2.2000,false,1,118035
7290000136264,false,מי טוניק גזוז 1.5 ל' טמפו,"טמפו משקאות בע""\מ",,מי טוניק 1.5 ליטר,ליטרים,1.50,ליטר,false,,10.90,7.2667,false,1,118026
7290000136288,false,"סירופ בטעם תפוחים ג'ויסר סיידר הגליל 330 מ""ל","טמפו משקאות בע""\מ",,סירופ בטעם תפוחים סי,מיליליטרים,330.00,"100 מ""ל",false,,13.90,0.0421,true,1,121701
7290000136295,false,"סירופ בטעם פטל ג'ויסר סיידר הגליל 330 מ""ל","טמפו משקאות בע""\מ",,סירופ בטעם פטל סיידר,מיליליטרים,330.00,"100 מ""ל",false,,13.90,0.0421,true,1,121702
7290000136301,false,"סירופ בטעם ענבים ג'ויסר סיידר הגליל 330 מ""ל","טמפו משקאות בע""\מ",,סירופ בטעם ענבים סיי,מיליליטרים,330.00,"100 מ""ל",false,,13.90,0.0421,true,1,121703
7290000136431,false,משקה בטעם אפרסק צלול תריסר 1.5 ל' ג'אמפ,"טמפו משקאות בע""\מ",,ג'אמפ אפרסק צלול 1.5,ליטרים,1.50,ליטר,false,,7.90,5.2667,false,1,118029
7290000136516,false,משקה בטעם מנגו פסיפלורה תריסר 1.5 ל' ג'אמפ,טמפו משקאות בע`מ,,ג'אמפ מנגו פסיפלורה,ליטרים,1.50,ליטר,false,,7.90,5.2667,false,1,118027
7290000136523,false,ג`אמפ משקה קל ענבים 1.5 ליטר פיקדון,"טמפו משקאות בע""\ם.",,ג'אמפ ענבים 1.5 ליטר,ליטרים,1.50,ליטר,false,,7.90,5.2667,false,1,118032
7290000136561,false,משקה בטעם תות בננה תריסר 1.5 ל' ג'אמפ,"טמפו משקאות בע""\מ",,ג'אמפ תות בננה 1.5 ל,ליטרים,1.50,ליטר,false,,7.90,5.2667,false,1,118033
7290000136585,false,משקה בטעם תפוזים תריסר 1.5 ל' ג'אמפ,"טמפו משקאות בע""\ם.",,ג'אמפ תפוזים 1.5 לי,ליטרים,1.50,ליטר,false,,7.90,5.2667,false,1,118028
7290000136646,false,בירה שחורה נשר מאלט בקבוק 1.5 ליטר,"טמפו משקאות בע""\מ",,נשר מאלט 1.5 ליטר,ליטרים,1.50,ליטר,false,,8.90,5.9333,false,1,118023
7290000136653,false,בירה שחורה נשר מאלט דיאט בקבוק 1.5ל`,"טמפו משקאות בע""\מ",,דיאט נשר מאלט 1.5 לי,ליטרים,1.50,ליטר,false,,8.90,5.9333,false,1,118024
7290000136769,false,מארז שישיה בטעם קולה 1.5 ל' פפסי,"טמפו משקאות בע""\מ",,פפסי 1.5 ליטר שישייה,ליטרים,9.00,ליטר,false,,43.90,4.8778,false,1,118058
7290000136776,false,שישיית פפסי מקס דל קלוריות 1.5 ליטר,טמפו משקאות בע`מ,,פפסי מקס 1.5 ליטר שי,ליטרים,9.00,ליטר,false,,37.90,4.2111,false,1,118059
7290000136790,false,טמפו מי סודה 6*1.5 ליטר פיקדון,"טמפו משקאות בע""\מ",,סודה 1.5 ליטר שישייה,ליטרים,9.00,ליטר,false,,17.90,1.9889,false,1,118050
7290000136806,false,סודה בטעם לימון ליים 1.5 רביעייה רביעייה,טמפו משקאות בע`מ,,סודה למון ליים 1.5 ל,ליטרים,4.00,ליטר,false,,11.90,2.9750,false,1,118051
7290000136820,false,סודה בטעם פירות יער מארז ריבעיה * 1.5 ל' טמפו,טמפו משקאות בע''מn\,,סודה פירות יער 1.5 ל,ליטרים,4.00,ליטר,false,,11.90,2.9750,false,1,118053
7290000136844,false,מארז מים מזוככים אקווה נובה שישיית 2 ליטר,"טמפו משקאות בע""\מ",,מי נובה 2 ליטר שישי,ליטרים,12.00,ליטר,false,,11.90,0.9917,false,1,118048
7290000136868,false,סאן בנדטו - מים מינרלים - מארז שישיית 1.5 ליטר,אקווה מינרלה סאן בנדטו ב,,סן בנדטו 1.5 ליטר שי,ליטרים,9.00,ליטר,false,,17.90,1.9889,false,1,118049
7290000136875,false,שישיית מים מינרליים מוגזים סן בנדטו 1.5 ליטר,סאן בנדטו San Benedetto,,סן בנדטו מוגז 1.5 לי,ליטרים,9.00,ליטר,false,,18.90,2.1000,false,1,118055
7290000137513,false,גלידונית גלידה וניל בציפוי שוקולד 60 יח' קרמיסימו,"גלידת שטראוס בע""\מ, רחוב",,קרמיסימו גלידונית 60,גרמים,630.00,100 גרם,false,,49.90,0.0792,false,1,7632
7290000137643,false,שלגוני טעמקור בטעם שוקו וניל שטראוס 8*50 גרם,"גלידת שטראוס בע""\מ, רחוב",,מאגדת טעמקור שוקו ונ,יח',8.00,יח',false,,39.90,4.9875,true,1,7633
7290000140056,false,עוף טחון,,,עוף טחון,קילוגרמים,1.00,"ק""ג",true,,39.90,39.9000,false,1,32646
7290000140070,false,מוצרלה מגורדת,,,מוצרלה מגורדת,קילוגרמים,1.00,"ק""ג",true,,80.70,80.7000,true,1,31707
7290000143200,false,"הוואי - מרכך לשיער יבש 700 מ""ל",שוורצקוף& הנקל דיסלד,,מרכך הוואי יבש 700 מ,מיליליטרים,700.00,"100 מ""ל",false,,8.90,0.0127,false,1,17237
7290000143217,false,הוואי שמפו לשיער יבש700 מל כחול,שוורצקוף& הנקל דיסלד,,שמפו הוואי יבש 700 מ,מיליליטרים,700.00,"100 מ""ל",false,,8.90,0.0127,true,1,17238
7290000143255,false,הוואי שמפו לשיער רגיל 700 מל ירוק,שוורצקוף& הנקל דיסלד,,שמפו הוואי רגיל 700,מיליליטרים,700.00,"100 מ""ל",false,,8.90,0.0127,false,1,17239
7290000143262,false,"שמפו לילדים הוואי 700 מ""ל",שוורצקוף& הנקל דיסלד,,שמפו הוואי ילדים 700,מיליליטרים,700.00,"100 מ""ל",false,,8.90,0.0127,false,1,17240
7290000143279,false,"הוואי שמפו לשיער נגד קשקשים 700 מ""ל",שוורצקוף& הנקל דיסלד,,שמפו הוואי נגד קשקשי,מיליליטרים,700.00,"100 מ""ל",false,,8.90,0.0127,false,1,17241
7290000143293,false,"הוואי - מרכך ילדים מתיר קשרים 700 מ""ל",טרופיקל דגיל,,מרכך הוואי ילדים 700,מיליליטרים,700.00,"100 מ""ל",false,,8.90,0.0127,false,1,17243
7290000144160,false,"שמן זית כתית מעולה ארומתי עץ הזית 750 מ""ל","מרקאולאו, ספרד.אבסה,",,שמן זית בטעם מודגש 7,יחידה,750.00,יחידה,false,,29.90,0.0399,false,1,11546
7290000144467,false,שמן חמניות מועשר בנוגדי חמצון 1 ל' עץ הזית,"נארז ע""י : א.ג. גילר",,שמן חמניות בריאות,ליטרים,1.00,ליטר,false,,14.90,14.9000,false,1,11549
7290000144474,false,שמן עץ הזית קנולה 1 ליטר בריאות מהטבע,סוגת תעשיות בעמ,,שמן קנולה בריאות,ליטרים,1.00,ליטר,false,,14.90,14.9000,false,1,11550
7290000146669,false,הוואי - סבון מוצק שמיים כחולים 100 גרם רביעייה,טרופיקל דגיל קוסמטיק,,רבעיה ס.מ.הוואי שמיי,גרמים,400.00,100 גרם,false,,12.90,0.0323,true,1,17261
7290000146676,false,הוואי - סבון מוצק לגבר 100 גרם רביעייה,טרופיקל דגיל קוסמטיק,,רבעיה ס.מ.הוואי לגבר,גרמים,400.00,100 גרם,false,,12.90,0.0323,true,1,17262
7290000146683,false,הוואי - סבון מוצק אפקט דאודורנט 100 גרם רביעייה,טרופיקל דגיל קוסמטיק,,רבעיה ס.מ.הוואי אפקט,גרמים,400.00,100 גרם,false,,12.90,0.0323,true,1,17263
7290000146928,false,"משחת שיניים לילדים בטעם ענבים טום וג'רי 50 מ""ל",טרופיקל דגיל קוסמטיק,,מ.שיניים טום וג'רי ע,מיליליטרים,50.00,"100 מ""ל",false,,6.90,0.1380,true,1,17269
7290000146997,false,משחת שיניים לילדים מסטיק טום וג'רי 50 מל,טרופיקל דגיל קוסמטיק,,מ.שיניים טום וג'רי מ,מיליליטרים,50.00,"100 מ""ל",false,,6.90,0.1380,true,1,17271
7290000148380,false,פיסטוקים קלויים קליית גת (200 גרם),ליימן שליסל בעמ,,פיסטוק 200,גרמים,200.00,100 גרם,false,,21.00,0.1050,true,1,2431
7290000148489,false,"קליית גת גרעיני דלעת קלויים,200 גרם",ליימן שליסל בעמ,,גרעיני דלעת,גרמים,200.00,100 גרם,false,,8.50,0.0425,true,1,14603
7290000148618,false,קשיו מטוגן שקית קליית גת 200 גרם,ליימן שליסל בעמ,,קאשיו 200,גרמים,200.00,100 גרם,false,,18.00,0.0900,true,1,5529
7290000148748,false,קליית גת גרעיני חמניה קלויים ומומלחים200,ליימן שליסל בעמ,,גרעיני חמניה,גרמים,200.00,100 גרם,false,,6.00,0.0300,true,1,14604
7290000148939,false,שקדים קלויים קליית גת (200 גרם),ליימן שליסל בעמ,,שקד קלוי 200 גר,גרמים,200.00,100 גרם,false,,18.00,0.0900,true,1,14605
7290000149615,false,רביעיית סבון מוצק קלאסי לתינוק נקה 7 4*100 גרם,החברה הדרומית לשיווק בעמ,,נקה 7- לתינוק רביעיה,גרמים,400.00,100 גרם,false,,11.90,0.0298,true,1,18522
7290000149806,false,סופר 7-סבון נוזל כלים 1.0 ל',החברה הדרומית לשיווק בעמ,,סופר 7-ס.נוז' לכלים,ליטרים,1.00,ליטר,false,,12.90,12.9000,true,1,18523
7290000149905,false,טקסטיל שמפו נוזלי לאריגים עדינים1ליט,החברה הדרומית לשיווק בעמ,,טקסטיל שמפו-1 ליטר נ,ליטרים,1.00,ליטר,false,,14.90,14.9000,true,1,18527
7290000149943,false,טקסטיל שמפו לכביסה ביד שקית 1 ליטר,החברה הדרומית לשיווק בעמ,,טקסטיל שמפו-שקית 1.0,קילוגרמים,1.00,"ק""ג",false,,14.90,14.9000,true,1,18528
7290000150956,false,עוף טוב מקלוני קבנוס 160 גרם,קבוצת אסם סחר שות. מוגבלת,,מקלוני קבנוס עוף טוב,גרמים,160.00,100 גרם,false,,10.90,0.0681,true,1,5564
7290000151021,false,פסטרמה כפרית עוף טוב 100 ג',מוצרי עוף טוב (2001),,פסטרמה כפרית 100 גר,גרמים,100.00,100 גרם,false,,5.90,0.0590,true,1,25855
7290000151885,false,נקניק הודו יחידה עוף טוב 700ג',קבוצת אוסם סחר שותפות מוגבלת,,נקניק הודו 700 גר' ע,גרמים,700.00,100 גרם,false,,17.90,0.0256,true,1,6442
7290000152288,false,עוף טוב נקניקיות עוף מיס לוסי 400 גרם,קבוצת אוסם סחר-שות.מוגבלת,,נקנקיות עוף 400 עוף,גרמים,400.00,100 גרם,false,,11.90,0.0298,false,1,5989
7290000152943,false,מארז פסטרמה כפרית וסלמי כפרי עוף טוב 2*350 גרם,מוצרי עוף טוב (2001) בע\,,מארז סלמי + פסטרמה,גרמים,700.00,100 גרם,false,,24.90,0.0356,true,1,140
7290000153445,false,קציצות בקר מתובלות 100% רכיבים טבעיים,מולינו ניקולי s.p.a,,עוף טוב קציצות בקר מ,גרמים,500.00,100 גרם,false,,28.90,0.0578,true,1,142
7290000153469,false,קציצות עוף קלאסיות 100% רכיבים טבעיים,קבוצת אסם סחר שות. מוגבלת,,עוף טוב קציצות עוף ק,גרמים,600.00,100 גרם,false,,28.90,0.0482,true,1,143
7290000158105,false,שניצל עוף מיני דינוזאור ללא אנטיביוטיקה מ100% ר.טבעי,קבוצת אסם סחר שות. מוגבלת,,שניצל דינוזאור 100%,יחידה,0.00,יחידה,false,,33.90,0.0000,true,1,22598
7290000159010,false,שניצל עוף מיני דובונים ללא אנטיביוטיקה מ100% ר.טבעי,קבוצת אוסם סחר שותפות מוגבלת,,שניצל מיני דובונים,גרמים,700.00,100 גרם,false,,33.90,0.0484,true,1,22571
7290000161358,false,מיונז אמיתי משמן קנולה תלמה (500 גרם),"יוניליוור ישראל שיווק בע""מ",,מיונז אמיתי משמן קנו,גרמים,500.00,100 גרם,false,,14.90,0.0298,false,1,9305
7290000166605,false,סיף פנטסטיק ניקיון כללי יסמין 4ליטר,יוניליוור ישראל שיווק בע`מ,,סיף נוזל לניקוי כללי,ליטרים,4.00,ליטר,false,,19.90,4.9750,false,1,23485
7290000168173,false,"ברנפלקס קרנצ'ים תלמה בד""ץ 375 גרם",יוניליוור ישראל שיווק בעמ,,דגני בוקר קראנצ'ים,גרמים,375.00,100 גרם,false,,19.90,0.0531,false,1,25739
7290000169798,false,"עוגי מופחת סוכר 20% פצפוצי שוקו' 500ג' בד""צ",יוניליוור ישראל שיווק בע`מ,,עוגי מופחת סוכר 500,גרמים,500.00,100 גרם,false,,19.90,0.0398,false,1,28526
7290000174723,false,שוקולית אבקה להכנת משקה שוקו 500 גרם,הנסיך- מפעל לייצור ט,,שוקולית 500 גרם,גרמים,500.00,100 גרם,false,,11.90,0.0238,false,1,12249
7290000176062,false,קפה טורקי בשקית 100 ג' עלית,שטראוס קפה בי.ויn\.,,קפה טורקי 100 גרם,גרמים,100.00,100 גרם,false,,8.90,0.0890,false,1,4524
7290000176079,false,קפה טורקי עם הל עלית (100 גרם),הנסיך- מפעל לייצור ט,,קפה עם הל 100 גרם,גרמים,100.00,100 גרם,false,,9.90,0.0990,true,1,12252
7290000176116,false,קפה טורקי בוואקום עלית (1 קג),הנסיך- מפעל לייצור ט,,קפה טורקי אריזת ואקו,קילוגרמים,1.00,"ק""ג",false,,82.90,82.9000,false,1,12255
7290000176147,false,קפה לפילטר קלוי וטחון מוקה מספר 1 עלית 500 גרם,שטראוס גרופ בע`מ,,קפה מוקה מספר 1 500,גרמים,500.00,100 גרם,false,,54.00,0.1080,false,1,12256
7290000176413,false,קפה נמס עלית פחית 50 גרם,הנסיך- מפעל לייצור ט,,קפה נמס 50 גרם,גרמים,50.00,100 גרם,false,,9.50,0.1900,false,1,12258
7290000176420,false,קפה נמס פחית עלית 200 גרם,פיקסל אם.גי.אם בעמ,,קפה נמס עלית 200 גרם,גרמים,200.00,100 גרם,false,,19.90,0.0995,false,1,4525
7290000176475,false,קפה נמס נטול קפאין האג עלית (200 גרם),שטראוס גרופ בע`מ,,קפה נמס האג נטול קפא,גרמים,200.00,100 גרם,false,,35.90,0.1795,false,1,12259
7290000178707,false,חטיף צ`יפס בטעם טבעי תפוצ`יפס (50 גרם),"שטראוס פריטו ליי בע""\מ )",,תפוצ'יפס 50,גרמים,50.00,100 גרם,false,,3.90,0.0780,false,1,12577
7290000178721,false,חטיף צ`יפס בטעם טבעי תפוצ`יפס (200 גרם),"שטראוס פריטו ליי בע""\מ )",,תפוצ'יפס 200,גרמים,200.00,100 גרם,false,,10.90,0.0545,false,1,12579
7290000183589,false,לחם מחמצת מאפה הבלקן,,,לחם מחמצת מאפה הבלקן,גרמים,600.00,100 גרם,false,,17.90,0.0298,true,1,64311
7290000185224,false,סילאן בקבוק לחיץ תמר כנרת 650 גר,תה ויסוצקי (ישראל) בעמ,,סילאן כנרת בקבוק לחי,גרמים,650.00,100 גרם,false,,14.90,0.0229,true,1,7986
7290000185293,false,סילאן טבעי תמר כנרת 350 גרם,"חצר כנרת מוצרי תמר אגש""ח",,סילן טבעי 350גר,גרמים,350.00,100 גרם,false,,12.90,0.0369,true,1,21034
7290000185330,false,סילאן טבעי תמר כנרת 900 גר,תה ויסוצקי (ישראל) בעמ,,סילאן טבעי חצר כנרת,גרמים,900.00,100 גרם,false,,22.90,0.0254,true,1,20077
7290000185590,false,סילאן טבעי בבקבוק לחיץ 650 גרם,"טעמי הגליל בע""\מ עבור וי",,סילאן טבעי בקבוק לחי,גרמים,650.00,100 גרם,false,,18.90,0.0291,true,1,87953
7290000186030,false,מגבוני האגיס תחליב דיספנסר רביעייה,קימברלי קלארק ישראל שיווק בעמ,,מארז מגבוני דיסני עם,יחידה,0.00,יחידה,false,,26.90,0.0000,false,1,67588
7290000186535,false,נייר טואלט תלת שכבתי לבן לילי 32 יחידות,קימברלי קלארק ישראל שיווק בעמ,,לילי טריו 32 גלילים,יחידה,0.00,יחידה,false,,45.90,0.0000,false,1,33527
7290000187860,false,מגבוני טואלט לחים לילי דיספנסר 40יח',קימברלי קלארק ישראל שיווק בעמ,,מגבוני טואלט לחי,גרמים,59.00,100 גרם,false,,8.90,0.1508,false,1,2608
7290000187921,false,נייר טואלט דו שכבתי לבן לילי 32 יחידות,קימברלי קלארק ישראל שיווק בעמ,,נייר טואלט לילי לבן,גרמים,1969.00,100 גרם,false,,38.90,0.0198,false,1,14818
7290000187938,false,לילי - נייר טואולט נייר טואלט פסטל 32 יח',קימברלי קלארק ישראל שיווק בעמ,,נייר טואלט לילי פסטל,יחידה,0.00,יחידה,false,,39.90,0.0000,false,1,14819
7290000187952,false,נייר טואלט תלת שכבתי ורוד לילי 32 יחידות,קימברלי קלארק ישראל שיווק בעמ,,נייר טואלט לילי טריו,גרמים,1788.00,100 גרם,false,,45.90,0.0257,false,1,2611
7290000188270,false,ממחטות אף אולטרה סופט קלינקס 2*80 יחידות,קימברלי קלארק ישראל שיווק בעמ,,זוג טישו עם לחות- קל,גרמים,390.00,100 גרם,false,,18.90,0.0485,false,1,14821
7290000188591,false,קוטקס מגן תחתון יאנג ביג 60 יחידות,קימברלי קלארק ישראל שיווק בעמ,,מגן תחתון קוטקס יאנג,יחידה,0.00,יחידה,false,,17.90,0.0000,true,1,2617
7290000188829,false,נייר מגבת תעשיתי,ניקול,,נייר מגבת תעשיתי,יחידה,0.00,יחידה,false,,8.00,0.0000,true,1,14797
7290000189116,false,תבניות עגולות עבות במיוחד 5 יחידות ניקול,קימברלי קלארק ישראל שיווק בעמ,,תבניות חד פעמי ניקול,יחידה,0.00,יחידה,false,,10.90,0.0000,true,1,57498
7290000189192,false,סופר מטלית מטליות נייר רב פעמיות ניקול 64 יחידות,קימברלי קלארק ישראל שיווק בעמ,,מטלית חכמה יומית - נ,יחידה,0.00,יחידה,false,,18.90,0.0000,true,1,14827
7290000189260,false,תבניות מלבניות עבות וחזקות ניקול 5 יחידות,קימברלי קלארק ישראל שיווק בעמ,,תבניות מלבניות ניקול,יחידה,0.00,יחידה,false,,10.90,0.0000,true,1,57500
7290000189277,false,תבניות מלבניות עבות וחזקות ניקול 3 יחידות,קימברלי קלארק ישראל שיווק בעמ,,תבניות מלבניות גדולו,יחידה,0.00,יחידה,false,,10.90,0.0000,true,1,57501
7290000189482,false,תבניות אפיה מרובעות מקרטון ניקול 4 יחידות,קימברלי קלארק ישראל שיווק בעמ,,תבנית אפיה מקרטון מר,יחידה,0.00,יחידה,false,,10.90,0.0000,true,1,2626
7290000189499,false,תבניות אפיה עגולות מקרטון ניקול 3 יחידות,קימברלי קלארק ישראל שיווק בעמ,,תבנית אפייה מקרטון ע,יחידה,0.00,יחידה,false,,10.90,0.0000,true,1,2627
7290000189505,false,ניקול תבנית אפייה מקרטון אינגליש קייק ניקול 5 יחידות,קימברלי קלארק ישראל שיווק בעמ,,תבנית אפיה מקרטון אי,יחידה,0.00,יחידה,false,,10.90,0.0000,true,1,2628
7290000189536,false,שקיות אשפהעם שרוך 65*52 ניקול 40 יחידות,קימברלי קלארק ישראל שיווק בעמ,,אשפתון 40 יח',יחידה,0.00,יחידה,false,,19.90,0.0000,false,1,2630
7290000189550,false,"שקיות אשפה ענקיות עם שרוך 78 * 90 ס""מ ניקול 2 * 10 יחידות",קימברלי קלארק ישראל שיווק בעמ,,זוג שקיות אשפתון,יחידה,0.00,יחידה,false,,22.90,0.0000,false,1,2631
7290000189598,false,מטליות לחות חד פעמיות לניקוי כללי 50 יח' ניקול,קימברלי קלארק ישראל שיווק בעמ,,ניקול מטליות לחות,יחידה,0.00,יחידה,false,,10.90,0.0000,false,1,2632
7290000189659,false,מטליות לחות לרצפה ניקול 10 יח'-מרכז,קימברלי קלארק ישראל שיווק בעמ,,מטליות לחות רצפה ניק,יחידה,0.00,יחידה,false,,10.90,0.0000,false,1,2633
7290000189734,false,מטליות לחות לניקוי פרקט ניקול 10 יחידות,קימברלי קלארק ישראל שיווק בעמ,,מטליות לחות לפרקט,יחידה,0.00,יחידה,false,,10.90,0.0000,true,1,14834
7290000190068,false,מפיות אירוח לבן 100 יחי' ניקול,קימברלי קלארק ישראל שיווק בעמ,,מפיות ניקול- 100 יח',יחידה,0.00,יחידה,false,,6.90,0.0000,false,1,14839
7290000190150,false,מפיות מודפסות תלת שכבתיות ניקול 20 יחידות,קימברלי קלארק ישראל שיווק בעמ,,מפיות מעוטרות ניקול-,גרמים,102.00,100 גרם,false,,6.90,0.0676,true,1,14840
7290000190198,false,מטליות לחות לניקוי וחיטוי 99.9% ניקול 50 יחידה,קימברלי קלארק ישראל שיווק בעמ,,מטלית לניקוי שירותים,יחידה,0.00,יחידה,false,,10.90,0.0000,false,1,29148
7290000190716,false,שקדים פרוסים,,,שקדים פרוסים,קילוגרמים,1.00,"ק""ג",true,,80.00,80.0000,true,1,18514
7290000191539,false,חמישיית ממחטות טישו צבועני לילי 100 יחידות,קימברלי קלארק ישראל שיווק בעמ,,מגבוני לילי צבעוני ח,גרמים,593.00,100 גרם,false,,13.90,0.0234,true,1,14844
7290000191546,false,ממחטות טישו צבעוני 2 שכבות לילי מארז 100X3יח',קימברלי קלארק ישראל שיווק בעמ,,צבעוני שלישיה,גרמים,420.00,100 גרם,false,,10.90,0.0260,false,1,14845
7290000191652,false,שלישיית ממחטות אולטרה סופט קלינקס 90 יחידות,קימברלי קלארק ישראל שיווק בעמ,,מארז קלינקס שלישיה,יחידה,0.00,יחידה,false,,11.90,0.0000,false,1,2647
7290000192581,false,מגבת נייר גליל כפול ניקול 12=6 גליל,קימברלי קלארק ישראל שיווק בעמ,,שישיה נייר מגבת ניקו,יחידה,0.00,יחידה,false,,21.90,0.0000,false,1,68717
7290000193014,false,מגן תחתון פדיות אינטרלוד לילי 50 יחידות,קימברלי קלארק ישראל שיווק בעמ,,פדיות אינטרלוד,יחידה,0.00,יחידה,false,,10.60,0.0000,true,1,14846
7290000193083,false,נובה-לי תחבושות היגייניות לילי 28 יחידות,קימברלי קלארק ישראל שיווק בעמ,,נובה לי 28,יחידה,0.00,יחידה,false,,10.60,0.0000,true,1,14847
7290000193205,false,תחבושות עם כנפיים ללילה נטורל לילי 20 יחידות,קימברלי קלארק ישראל שיווק בעמ,,לילי נטורל לילה,יחידה,0.00,יחידה,false,,12.90,0.0000,true,1,14850
7290000193472,false,מגן תחתון נטורל נורמל לילי 60 יחידות,קימברלי קלארק ישראל שיווק בעמ,,פדיות לילי אינטר,יחידה,0.00,יחידה,false,,12.90,0.0000,true,1,14851
7290000193540,false,מגן תחתון לונג נטורל לילי 52 יחידות,קימברלי קלארק ישראל שיווק בעמ,,לילי אינטימייט ל,יחידה,0.00,יחידה,false,,12.90,0.0000,true,1,14853
7290000193618,false,לילי אינטימייט מגן תחתון נורמל 24 יח',קימברלי קלארק ישראל שיווק בעמ,,לילי אינטימייט ל,יחידה,0.00,יחידה,false,,12.90,0.0000,true,1,14855
7290000193649,false,תחבושות עם כנפיים נורמל פלוס לילי 24 יחידות,קימברלי קלארק ישראל שיווק בעמ,,זוג תחבושות לילי,יחידה,0.00,יחידה,false,,12.90,0.0000,true,1,14856
7290000193656,false,תחבושות עם כנפיים סופר פלוס לילי 24 יחידות,קימברלי קלארק ישראל שיווק בעמ,,זוג תחבושות לילי,יחידה,0.00,יחידה,false,,12.90,0.0000,true,1,14857
7290000193793,false,לילי תחבושות אינטימי נורמל אולט' 24 יח',קימברלי קלארק ישראל שיווק בעמ,,תחבושות אולטרה נ,יחידה,0.00,יחידה,false,,12.90,0.0000,false,1,14860
7290000194837,false,ניקול - שקיות מזון + ידיות קשירה אקסטרה לארג' 200 יח',קימברלי קלארק ישראל שיווק בעמ,,ניקול שקיות מזון XL,יחידה,0.00,יחידה,false,,11.90,0.0000,true,1,32044
7290000195216,false,נייר אפייה בשקית ניקול 50 יחידות,קימברלי קלארק ישראל שיווק בעמ,,נייר אפיה נישלף,יחידה,0.00,יחידה,false,,10.90,0.0000,false,1,32056
7290000195537,false,האגיס - מגבוני האגיס דיילי קר לא מבושם 64 יח' * 4,קימברלי קלארק ישראל שיווק בעמ,,מגבונים האגיס,יחידה,0.00,יחידה,false,,19.90,0.0000,false,1,2656
7290000195773,false,האגיס - מגבוני האגיס סנסטיב קר לא מבושם 64 יח' * 4,קימברלי קלארק ישראל שיווק בעמ,,האגיס נטורל מילוי רב,יחידה,0.00,יחידה,false,,19.90,0.0000,false,1,2659
7290000196039,false,ניקול מפות שולחן חד פעמיות 2 יח,קימברלי קלארק ישראל שיווק בעמ,,זוג מפות ניקול,גרמים,250.00,100 גרם,false,,10.90,0.0436,true,1,2660
7290000196343,false,מפת שולחן מהודרת ניקול 1 יחידה,קימברלי קלארק ישראל שיווק בעמ,,מפת שולחן מהודרת,יחידה,0.00,יחידה,false,,10.90,0.0000,true,1,2661
7290000196763,false,"שקיות אשפה חזקות במיוחד עם שרוך 52 * 65 ס""מ ניקול 40 יחידות",קימברלי קלארק ישראל שיווק בעמ,,אשפתון ניקול השקית ה,יחידה,0.00,יחידה,false,,21.00,0.0000,true,1,14864
7290000197012,false,שקיות ריצ'רץ' אחסון למזון ניקול 15 יחידות,קימברלי קלארק ישראל שיווק בעמ,,שקיות ריץ רץ לאיחסון,יחידה,0.00,יחידה,false,,16.00,0.0000,true,1,14865
7290000197029,false,שקיות ריצ'רץ' רב תכליתיות ניקול 12 יחידות,קימברלי קלארק ישראל שיווק בעמ,,שקיות ריצ רצ לאיחסון,יחידה,0.00,יחידה,false,,16.00,0.0000,true,1,14866
7290000197081,false,ניקול ניילון נצמד 150 מטר+מתקן לחיתוך קל,קימברלי קלארק ישראל שיווק בעמ,,ניילון נצמד- 150 מטר,יחידה,0.00,יחידה,false,,27.90,0.0000,true,1,14867
7290000197326,false,רדיד אלומיניום ניקול זוגות 7.5*2קצר,קימברלי קלארק ישראל שיווק בעמ,,זוג נייר כסף קטן- עו,יחידה,0.00,יחידה,false,,11.90,0.0000,false,1,2667
7290000197340,false,"רדיד אלומניום ארוך 45 ס""מ רוחב ניקול 7.5 מטר",קימברלי קלארק ישראל שיווק בעמ,,זוג רדיד אלומיניום א,יחידה,0.00,יחידה,false,,16.90,0.0000,true,1,14870
7290000197432,false,שקיות אוכל סנדביצ'ון ניקול מארז 150X2יח',קימברלי קלארק ישראל שיווק בעמ,,סנדוויצון זוג- 300 י,יחידה,0.00,יחידה,false,,13.90,0.0000,true,1,14871
7290000197456,false,חיתולים פרידום דריי שלב 4 האגיס 44 יחידות,קימברלי קלארק ישראל שיווק בעמ,,האגיס פרידום שלב 4,יחידה,0.00,יחידה,false,,41.90,0.0000,false,1,54377
7290000197463,false,חיתולים פרידום דריי שלב +4 האגיס 40 יחידות,קימברלי קלארק ישראל שיווק בעמ,,האגיס פרידום דריי של,יחידה,0.00,יחידה,false,,41.90,0.0000,false,1,34719
7290000197470,false,שקיות רב שימושיות מתכלות ניקול 250 יחידות,קימברלי קלארק ישראל שיווק בעמ,,שקיות רב שימושי- 200,יחידה,0.00,יחידה,false,,16.90,0.0000,true,1,14873
7290000197548,false,חיתולים פרידום דריי שלב 5 האגיס 36 יחידות,קימברלי קלארק ישראל שיווק בעמ,,האגיס פרידום דריי של,יחידה,0.00,יחידה,false,,41.90,0.0000,false,1,34720
7290000197654,false,שקיות אשפה ענקיות נשלפות 75*90 ניקול 50 יחידות,קימברלי קלארק ישראל שיווק בעמ,,שקיות אשפה ניקול בגו,יחידה,0.00,יחידה,false,,22.90,0.0000,false,1,14874
7290000197678,false,חיתולי האגיס פרידום דריי שלב 6 30 יחידות,קימברלי קלארק ישראל שיווק בעמ,,האגיס פרידום פלוס של,יחידה,0.00,יחידה,false,,41.90,0.0000,false,1,34721
7290000197753,false,ניילון נצמד אנטי בטקריאלי ניקול 30X2מ',קימברלי קלארק ישראל שיווק בעמ,,זוג ניילון נצמד,יחידה,0.00,יחידה,false,,11.90,0.0000,false,1,2669
7290000197876,false,תבניות אלומיניום קטנות עם מכסה ניקול 4 יחידות,קימברלי קלארק ישראל שיווק בעמ,,מגשית אלומיניום עם מ,יחידה,0.00,יחידה,false,,8.90,0.0000,true,1,2671
7290000197883,false,תבנית אלומיניום 100 גדולה ניקול 4 יחידות,קימברלי קלארק ישראל שיווק בעמ,,מגשית אלומיניום גדול,יחידה,0.00,יחידה,false,,9.90,0.0000,true,1,2672
7290000197951,false,תבניות אלומיניום ענקיות ניקול 3 יחידות,קימברלי קלארק ישראל שיווק בעמ,,מגש אלומיניום ענק 3,יחידה,0.00,יחידה,false,,9.90,0.0000,true,1,2673
7290000197982,false,"רדיד אלומיניום עבה 45 ס""מ רוחב ניקול 2 יח' 7.5 מטר",קימברלי קלארק ישראל שיווק בעמ,,זוג רדיד אלומיניום ע,יחידה,0.00,יחידה,false,,22.90,0.0000,true,1,14876
7290000199313,false,תחבושות עם כנפיים נורמל פלוס קוטקס 30 יחידות,קימברלי קלארק ישראל שיווק בעמ,,תחבושות קוטקס יאנג 2,יחידה,0.00,יחידה,false,,17.90,0.0000,true,1,2674
7290000201832,false,חיתולי פרימיום שלב 3 טיטולים) (50,קימברלי קלארק ישראל שיווק בעמ,,טיטולים פרימיום שלב,יחידה,0.00,יחידה,false,,32.90,0.0000,false,1,57950
7290000201856,false,חיתולי פרימיום שלב 4+ טיטולים) (38,קימברלי קלארק ישראל שיווק בעמ,,טיטולים פרימיום שלב,יחידה,0.00,יחידה,false,,32.90,0.0000,false,1,57952
7290000201863,false,חיתולי פרימיום שלב 5 טיטולים) (34,קימברלי קלארק ישראל שיווק בעמ,,טיטולים פרימיום שלב,יחידה,0.00,יחידה,false,,32.90,0.0000,false,1,57953
7290000201870,false,חיתולי פרימיום שלב 6 טיטולים) (30,קימברלי קלארק ישראל שיווק בעמ,,טיטולים פרימיום שלב,יחידה,0.00,יחידה,false,,32.90,0.0000,false,1,57954
7290000204086,false,ניקול כרית קרצוף מארז שלישייה,קימברלי קלארק ישראל שיווק בעמ,,כרית קרצוף ניקול,יחידה,0.00,יחידה,false,,10.90,0.0000,false,1,2680
7290000204147,false,רביעיית כרית יפנית עבה ניקול 4 יחידות,קימברלי קלארק ישראל שיווק בעמ,,כרית יפנית רביעיה,יחידה,0.00,יחידה,false,,10.90,0.0000,false,1,2681
7290000204215,false,שישיית כרית יפנית ניקול 6 יחידות,קימברלי קלארק ישראל שיווק בעמ,,כרית יפנית שישייה ני,יחידה,0.00,יחידה,false,,10.90,0.0000,false,1,2682
7290000204239,false,ניקול מטליות ריצפה רביעיה,קימברלי קלארק ישראל שיווק בעמ,,מטליות רצפה רביע,יחידה,0.00,יחידה,false,,12.90,0.0000,true,1,2683
7290000204253,false,מטליות רב שימושיות לניקיון ניקול 9 יחידות,קימברלי קלארק ישראל שיווק בעמ,,מטליות ניקול תשי,יחידה,0.00,יחידה,false,,10.90,0.0000,false,1,2684
7290000204512,false,מטליות לחות לניקוי רצפה בריח לימון ניקול 10 יחידות,קימברלי קלארק ישראל שיווק בעמ,,מטליות לחות לריצפה ב,יחידה,0.00,יחידה,false,,10.90,0.0000,true,1,66955
7290000204611,false,שישיית ספוגית הקסם ניקול 6 יחידות,קימברלי קלארק ישראל שיווק בעמ,,ניקול ספוגית,יחידה,0.00,יחידה,false,,10.90,0.0000,false,1,2685
7290000205915,false,חיתולי האגיס אקסטרה קייר מידה 4 40 יחידות,קימברלי קלארק ישראל שיווק בעמ,,האגיס אקסטרה קייר מי,יחידה,0.00,יחידה,false,,49.90,0.0000,false,1,61534
7290000207063,false,רסק עגבניות פריכוז 28% 240 גרם יכין,היינץ צפון אמריקה מק,,פריכוז יכין 240 גר',גרמים,240.00,100 גרם,false,,5.50,0.0229,true,1,11388
7290000207162,false,רוטב עגבניות מרכיב טבעי 100 ג' יכין,זנלכול יכין,,רוטב עגבניות יכין 10,גרמים,100.00,100 גרם,false,,2.50,0.0250,false,1,11389
7290000207438,false,עגבניות מקולפות חתוכות לקוביות,זנלכול יכין,,קוביות עגבניות 800 ג,גרמים,800.00,100 גרם,false,,8.90,0.0111,true,1,11390
7290000208008,false,רסק פלפל חריף חריסה A2 יכין 550 ג',זנלכול יכין,,חריסה רסק פלפל חריף,גרמים,600.00,100 גרם,false,,8.90,0.0148,true,1,11391
7290000208022,false,עגבניות 2.5 A מרוסקות 850 גרם יכין,זנלכול יכין,,עגבניות מרוסקות 800,גרמים,800.00,100 גרם,false,,8.90,0.0111,true,1,11392
7290000208077,false,אפונת גינה גדולה יכין (550 גרם),זנלכול יכין,,אפונת גינה בינוני 55,גרמים,550.00,100 גרם,false,,8.50,0.0155,true,1,11393
7290000208114,false,"אפונה וגזר יכין A2 פ""ק בית יוסף",זנלכול יכין,,אפונה וגזר 550 גרם,גרמים,550.00,100 גרם,false,,8.50,0.0155,true,1,11396
7290000208138,false,סירופ דיאט בטעם ענבים יכין (1 ליטר),זנלכול יכין,,סירופ דיאט ענבים,ליטרים,1.00,ליטר,false,,16.90,16.9000,true,1,3762
7290000208145,false,גרעיני תירס מתוק לייט 550 גרם יכין,זנלכול יכין,,תירס לייט 550 גרם,גרמים,550.00,100 גרם,false,,8.90,0.0162,true,1,11397
7290000208176,false,תפוחי אדמה קלופים יכין (550 גרם),"זנלכל בע""מ",,תפוחי אדמה יכין 550,גרמים,550.00,100 גרם,false,,8.90,0.0162,true,1,11398
7290000208213,false,שעועית לבנה אפויה A2 ברוטב עגבניות יכין 560ג',היינץ צפון אמריקה מק,,שעועית אפויה לבנה בר,גרמים,580.00,100 גרם,false,,8.50,0.0147,true,1,11400
7290000208220,false,שעועית צ`ילי מקסיקני חריף יכין (550 גרם),היינץ צפון אמריקה מק,,שעועית צ'ילי מקסיקני,גרמים,550.00,100 גרם,false,,8.90,0.0162,true,1,11401
7290000208244,false,"בסיס לשקשוקה יכין A2 פ""ק בית יוסף",זנלכול יכין,,בסיס עגבניות לשקשוקה,גרמים,570.00,100 גרם,false,,8.90,0.0156,true,1,11402
7290000208251,false,שעועית ירוקה חתוכה יכין (550 גרם),"זנלכל בע""מ",,שעועית ירוקה חתוכה,גרמים,550.00,100 גרם,false,,8.90,0.0162,true,1,11403
7290000208312,false,גרעיני תירס מתוק בואקום יכין 400 גר',"זנלכל בע""\מ",,תירס בואקום,גרמים,325.00,100 גרם,false,,6.50,0.0200,false,1,11405
7290000208329,false,גרעיני תירס מתוק יכין (550 גרם),זנלכול יכין,,תירס מתוק 550 גרם,גרמים,550.00,100 גרם,false,,8.50,0.0155,false,1,11406
7290000208336,false,רסק יכין 240גר 22% יכין בית יוסף,"זנלכל בע""\מ",,רוטב עגבניות 240 גר',גרמים,240.00,100 גרם,false,,4.50,0.0188,false,1,3763
7290000208343,false,עגבניות מרוסקות שום יכין A2.5 בית יוסף,היינץ צפון אמריקה מק,,עגבניות מרוסקות שום,יחידה,0.00,יחידה,false,,8.90,0.0000,true,1,29819
7290000208350,false,עגבניות מרוסקות עם בצל יכין (800 גרם),זנלכול יכין,,עגבניות מרוסקות+בצל,גרמים,800.00,100 גרם,false,,8.90,0.0111,true,1,31413
7290000208367,false,עגבניות מרוסקות בזיליקום יכין A2.5 בית יוסף,זנלכול יכין,,עגבניות מרוסקות בזיל,יחידה,0.00,יחידה,false,,8.90,0.0000,true,1,25882
7290000208404,false,A2 פול מצרי 550 גרם יכין,זנלכול יכין,,פול מצרי 600 גרם,גרמים,600.00,100 גרם,false,,7.90,0.0132,true,1,11407
7290000208428,false,גרגרי חומוס שלם 550 גרם יכין,היינץ צפון אמריקה מק,,חומוס גרעינים 550 גר,גרמים,550.00,100 גרם,false,,8.50,0.0155,true,1,11408
7290000208534,false,תירס קיד גרעיני תירס מתוק יכין (550 גרם),זנלכול יכין,,תירס קיד 550 גרם,גרמים,550.00,100 גרם,false,,8.90,0.0162,true,1,11411
7290000208800,false,תירס קיד גרעיני תירס מתוק יכין (400 גרם),זנלכול יכין,,תירס קיד יכין מתוק,גרמים,550.00,100 גרם,false,,6.50,0.0118,true,1,32269
7290000208855,false,רוטב לפסטה קלאסי יכין (240 גרם),זנלכול יכין,,רוטב עגבניות לפסטה 2,גרמים,240.00,100 גרם,false,,4.90,0.0204,true,1,11413
7290000208893,false,גרעיני תירס מתוק לייט 400 גרם יכין,היינץ צפון אמריקה מק,,תירס לייט,גרמים,340.00,100 גרם,false,,6.50,0.0191,true,1,27763
7290000208930,false,עגבניות מרוסקות בתוספת שום 240 גרם יכין,זנלכול יכין,,עגבניות מרוסקות עם ש,גרמים,260.00,100 גרם,false,,4.90,0.0188,true,1,3765
7290000208947,false,עגבניות מרוסקות יכין (240 גרם),היינץ צפון אמריקה מק,,עגבניות מרוסקות 260,גרמים,260.00,100 גרם,false,,4.90,0.0188,true,1,11414
7290000208978,false,רוטב עגבניות (10028% גרם)פריכוז יכין,זנלכול יכין,,פריכוז 100 גר',גרמים,100.00,100 גרם,false,,2.90,0.0290,true,1,31414
7290000209012,false,חומץ 1ליטר יכין הדרים,"זנלכל בע""\מ",,חומץ הדרים 5%,ליטרים,1.00,ליטר,false,,6.90,6.9000,true,1,3767
7290000209173,false,חומצה אצטית למזון 5% יכין 1 ליטר,זנלכול יכין,,חומץ סינטטי,ליטרים,1.00,ליטר,false,,4.90,4.9000,true,1,11416
7290000209371,false,מארז גרעיני תירס מתוק יכין (200x3 גרם),היינץ צפון אמריקה מק,,שלישיה תירס יכין 3*1,גרמים,420.00,100 גרם,false,,13.90,0.0331,false,1,59100
7290000209388,false,תירס מתוק לייט יכין 200 גרם מארז 3 יח',זנלכול יכין,,שלישיות תירס לייט יכ,גרמים,165.00,100 גרם,false,,13.90,0.0842,true,1,62073
7290000209517,false,סירופ דיאט בטעם לימון יכין (1 ליטר),היינץ צפון אמריקה מק,,סירופ לימון דיאט,ליטרים,1.00,ליטר,false,,16.90,16.9000,true,1,3776
7290000209531,false,סירופ דיאט בטעם אשכוליות יכין 1 ליטר,"זנלכל בע""\מ",,סירופ אשכ. דיאט,ליטרים,1.00,ליטר,false,,16.90,16.9000,true,1,3778
7290000209579,false,סירופ דיאט בטעם אננס יכין (1 ליטר),"זנלכל בע""\מ",,סירופ אננס דיאט,ליטרים,1.00,ליטר,false,,16.90,16.9000,true,1,3781
7290000209708,false,עגבניות מרוסקות עם בזיליקום יכין 240 גרם,היינץ צפון אמריקה מק,,עגבניות מרוסקות עם ב,גרמים,260.00,100 גרם,false,,4.90,0.0188,true,1,11417
7290000209722,false,רוטב עגבניות 28% יכין (580 גרם)פריכוז,"זנלכל בע""\מ",,רסק עגבניות פריכוז,גרמים,580.00,100 גרם,false,,9.90,0.0171,true,1,11418
7290000209906,false,עגבניות מרוסקות בתוספת בצל 240 גרם יכין,זנלכול יכין,,עגבניות מרוסקות עם ב,גרמים,260.00,100 גרם,false,,4.90,0.0188,true,1,11419
7290000209913,false,עגבניות חתוכות לקוביות 240 גרם יכין,"זנלכל בע""\מ",,עגבניות קוביות 260 ג,גרמים,260.00,100 גרם,false,,4.90,0.0188,true,1,11420
7290000209944,false,רוטב לעגבניות בסיס לשקשוקה 240 ג' יכין,"זנלכל בע""\מ",,רוטב עגבניות לשקשוקה,גרמים,260.00,100 גרם,false,,4.90,0.0188,true,1,11421
7290000209951,false,רוטב עגבניות לפיצה 260 גרם יכין,"זנלכל בע""\מ",,רוטב עגבניות לפיצה 2,גרמים,260.00,100 גרם,false,,4.90,0.0188,true,1,11422
7290000209968,false,רוטב עגבניות ללזניה יכין 240 גרם,זנלכול יכין,,רוטב עגבניות ללזניה,גרמים,260.00,100 גרם,false,,4.90,0.0188,true,1,11423
7290000210469,false,עגבניות שלמות מקולפות יכין (800 גרם),זנלכול יכין,,עגבניות שלמות מקולפו,גרמים,800.00,100 גרם,false,,8.90,0.0111,true,1,11424
7290000210896,false,רוטב לפסטה בולונז 240 גרם יכין,זנלכול יכין,,רוטב בולונז לפסטה 24,גרמים,240.00,100 גרם,false,,4.90,0.0204,true,1,11430
7290000211138,false,סיימן גבינת עיזים הו,,,גבינת עיזים הולנדית,קילוגרמים,1.00,"ק""ג",true,,145.00,145.0000,true,1,33191
7290000211169,false,"אורז תאילנדי אחד אחד סוגת 1 ק""ג",האי נאם סי או אל.טי.,,אורז תאילנדי 1 קג,יחידה,1.00,יחידה,false,,6.90,6.9000,false,1,1408
7290000211312,false,סוגת אורז מלא פרסי אחד אחד 1 קג,האי נאם סי או אל.טי.,,אורז מלא,יחידה,1.00,יחידה,false,,9.90,9.9000,true,1,8652
7290000211374,false,"קמח חיטה מלא סוגת 1 ק""ג",טחנת קמח דגן-שטיבל,,קמח מלא 1קג,יחידה,1.00,יחידה,false,,6.90,6.9000,false,1,1409
7290000211381,false,"סוכר חום כהה בשקית סוגת 1 ק""ג","טונגט היולט שוגר בע""",,סוכר חום,יחידה,1.00,יחידה,false,,14.90,14.9000,false,1,8653
7290000211442,false,אורז בסגנון פרסי קלאסי סוגת (1 קג),האי נאם סי או אל.טי.,,אורז פרסי,יחידה,1.00,יחידה,false,,9.90,9.9000,false,1,1410
7290000211503,false,סוכר לבן ארוז בשקית,"סוגת תעשיות בע""\מ",,סוכר סוגת,יחידה,1.00,יחידה,false,,3.90,3.9000,false,1,8655
7290000211626,false,חיש אורז אחד אחד 1 קג,"סוגת תעשיות בע""\מ",,אורז חיש 1 קג,יחידה,1.00,יחידה,false,,10.90,10.9000,true,1,8656
7290000211985,false,אורז עגול ריזוטו אחד אחד 1 קג,"סוגת תעשיות בע""\מ",,אורז עגול 1 קג,יחידה,1.00,יחידה,false,,12.90,12.9000,true,1,8657
7290000212173,false,וופל מנעמים בטעם שוקו 500 גרם,ח.כהן סוכנות מזון ומשקאות,,וופל מנעמים,גרמים,500.00,100 גרם,false,,8.90,0.0178,false,1,8229
7290000212401,false,וופל שוקו מנעמים מצופית 400 גרם*,ח.כהן סוכנות מזון ומשקאות,,מנעמים מצופית,גרמים,400.00,100 גרם,false,,8.90,0.0223,false,1,8230
7290000212579,false,וופלים מצופים מנעמים 800 גרם מארז 40 יחידות,ח.כהן סוכנות מזון ומשקאות בע,,וופלים 40יח מצופה,גרמים,800.00,100 גרם,false,,16.90,0.0211,true,1,8231
7290000212975,false,"ופל שוקו מנעמים 1 ק""",מנעמים תעשיות מזון בעמ**,,וופל 1 קג שוקולד,יחידה,1.00,יחידה,false,,16.90,16.9000,true,1,8233
7290000214115,false,מרק עוף בצנצנת ויטה 400 גרם,ויטה- פרי גליל (החדשה) בעמ,,מרק עוף צנצ 400',גרמים,400.00,100 גרם,false,,10.90,0.0273,true,1,12885
7290000230145,false,חלה מתוקה קלועה,בונז'ור,,חלה מתוקה קלועה,יחידה,0.00,יחידה,false,,12.90,0.0000,true,1,5670
7290000238029,false,"בצק עלים צרפתי מרודד מעדנות 1 ק""ג",תנובה מרכז שיתופי לשיווק תוצרת,,בצק עלים צרפתי מרודד,קילוגרמים,1.00,"ק""ג",false,,19.90,19.9000,false,1,8395
7290000238036,false,מלאווח מעדנות 6 יח`700 גרם קפוא,תנובה מרכז שיתופי לשיווק תוצרת,,מלווח,גרמים,700.00,100 גרם,false,,16.90,0.0241,false,1,8396
7290000238173,false,.בורקס במילוי גבינה 800 גרם מעדנות,מיוצר עי קונדיטוריית,,בורקס גבינה,גרמים,800.00,100 גרם,false,,22.90,0.0286,false,1,8397
7290000238180,false,בורקס במילוי תפוא 800 גרם מעדנות,מיוצר עי קונדיטוריית,,"בורקס תפו""א מעדנות",גרמים,800.00,100 גרם,false,,19.90,0.0249,false,1,8398
7290000240541,false,ריבועי בצק עלים מעדנות 800 גרם,תנובה מרכז שיתופי לשיווק תוצרת,,ריבועי בצק עלים,גרמים,800.00,100 גרם,false,,23.50,0.0294,false,1,8400
7290000244082,false,"הוואי שלישיית סבון נוזלי שמיים כחולים 500 מ""ל",טרופיקל דגיל,,שלשה ס.נוזלי הוואי ש,ליטרים,1.50,ליטר,false,,15.90,10.6000,true,1,17274
7290000244143,false,קרם הוואי לאחר גילוח+ לחות 120 מ``ל,טרופיקל דגיל קוסמטיק,,הוואי קרם לאחר גילוח,גרמים,120.00,100 גרם,false,,16.90,0.1408,true,1,17277
7290000244525,false,שפיץ צ'אך טרי,,,שפיץ צ'אך טרי,קילוגרמים,1.00,"ק""ג",true,,110.00,110.0000,false,1,88187
7290000244761,false,קרם ידיים ולוטה (80 גרם),טרופיקל דגיל קוסמטיק,,קרם ולוטה 80 גר',מיליליטרים,100.00,"100 מ""ל",false,,7.90,0.0790,true,1,17283
7290000245072,false,סוד מרכך כביסה בייבי סנסטיב 4 ליטר,גורי שיווק בעמ,,מרכך הכביסה - סוד בי,ליטרים,4.00,ליטר,false,,18.90,4.7250,false,1,4135
7290000245089,false,סוד סופט מרכך כביסה סגול 4 ליטר,גורי שיווק בעמ,,מ.כביסה סוד סגול 4 ל,ליטרים,4.00,ליטר,false,,18.90,4.7250,false,1,4136
7290000245270,false,"פרסיל אבקה לכביסה רגיל שקית 1.25 ק""ג",גורי שיווק בעמ,,פרסיל Active Soda שק,קילוגרמים,1.25,"ק""ג",false,,15.90,12.7200,false,1,17288
7290000245294,false,"פרסיל אבקת כביסה סופרא 2.5ק""ג",גורי שיווק בעמ,,פרסיל Active Soda שק,קילוגרמים,2.50,"ק""ג",false,,24.90,9.9600,false,1,71409
7290000245508,false,"אב.כביסה סוד פרפקט 1.25ק""ג-שקית כחולה",גורי שיווק בעמ,,א.כ. סוד פרפקט שקית,קילוגרמים,1.25,"ק""ג",false,,12.90,10.3200,false,1,17294
7290000245515,false,"א.כ סוד קומפקט ביואקטיב פרפריום 1.25 ק""ג",גורי שיווק בעמ,,א.כ. סוד פרפיום שקית,קילוגרמים,1.25,"ק""ג",false,,12.90,10.3200,false,1,17295
7290000245539,false,"קומפקט סוד 1.250 ק""ג קולור לכביסה צבעונית",גורי שיווק בעמ,,א.כ. סוד קולור שקית,קילוגרמים,1.25,"ק""ג",false,,12.90,10.3200,false,1,17296
7290000245782,false,סוד סופט מרכך כביסה ורוד 4 ליטר,גורי שיווק בעמ,,מ.כביסה סוד ורוד 4 ל,ליטרים,4.00,ליטר,false,,18.90,4.7250,false,1,4140
7290000245799,false,סוד סופט מרכך כביסה כחול 4 ליטר,גורי שיווק בעמ,,מ.כביסה סוד כחול 4 ל,ליטרים,4.00,ליטר,false,,18.90,4.7250,false,1,4141
7290000253220,false,שוקולדצ`יפס לאפייה 260 גר`אופנהיימר,תה ויסוצקי (ישראל) בעמ,,שוקולד ציפס,גרמים,260.00,100 גרם,false,,11.90,0.0458,true,1,11765
7290000253251,false,נטיפי שוקולד צ`יפס לבן לאפיה 250 גרם,תה ויסוצקי (ישראל) בעמ,,שוקולד צי'פס אופנהיי,גרמים,250.00,100 גרם,false,,11.90,0.0476,true,1,8582
7290000253374,false,מיני שוקולד צ`יפס 66% מוצקי קקאו אופנהיי,תה ויסוצקי (ישראל) בעמ,,מיני שוקולד צ'יפס 25,גרמים,250.00,100 גרם,false,,14.90,0.0596,true,1,88869
7290000253411,false,סוכריות לקישוט צבעוני 90 גרם,תה ויסוצקי (ישראל)בעמ,,מזרה צבעוני לקישוט,גרמים,100.00,100 גרם,false,,4.90,0.0490,true,1,26389
7290000253459,false,נטיפי צ'יפס בטעם קרמל אופנהיימר 250 גרם,תה ויסוצקי (ישראל)בעמ,,נטיפי צ'יפס בטעם קרמ,גרמים,250.00,100 גרם,false,,11.90,0.0476,true,1,84646
7290000253572,false,סוכריות לקישוט חום 80גר,תה ויסוצקי (ישראל)בעמ,,סוכריות לקישוט חום 8,גרמים,80.00,100 גרם,false,,4.90,0.0613,true,1,78643
7290000253800,false,סוכריות לקישוט צבעוניות 90 גרם - צבעים טבעיים,אופנהיימר,,סוכריות לקישוט 90 גר,גרמים,90.00,100 גרם,false,,8.50,0.0944,true,1,74149
7290000262161,false,נייר טואלט לב אדום 40 גלילים מולט,קימברלי קלארק ישראל שיווק בעמ,,נייר טואלט מולט 40 ל,גרמים,3160.00,100 גרם,false,,36.90,0.0117,false,1,2687
7290000262413,false,חיתולי האגיס אקסטרה קייר מידה 5 34 יחידות,קימברלי קלארק ישראל שיווק בעמ,,האגיס אקסטרה קייר מי,יחידה,0.00,יחידה,false,,49.90,0.0000,false,1,61544
7290000263359,false,חיתולים ליטל בייביז מידה 1 האגיס 40 יחידות,קימברלי קלארק ישראל שיווק בעמ,,האגיס שלב 1 כותנה או,יחידה,0.00,יחידה,false,,37.90,0.0000,false,1,9867
7290000267029,false,שקדים מולבנים חצויים השף 100 גרם,דין שיווק וקליה 2021 בעמ,,שקדים מולבנים חצויים,גרמים,100.00,100 גרם,false,,8.90,0.0890,true,1,17525
7290000267036,false,שקדים מולבנים משובבים השף 100 גרם,דין שיווק וקליה 2021 בעמ,,שקדים משובבים 100 גר,גרמים,100.00,100 גרם,false,,8.90,0.0890,true,1,17526
7290000267043,false,שקדים מולבנים פרוסים השף 100 גרם,דין שיווק וקליה 2021 בעמ,,שקדים מולבנים פרוסים,גרמים,100.00,100 גרם,false,,8.90,0.0890,true,1,17527
7290000267050,false,שקדים טבעיים טחונים השף 100 גרם,דין שיווק וקליה 2021 בעמ,,שקד טבעי טחון 100 גר,גרמים,100.00,100 גרם,false,,8.90,0.0890,true,1,17528
7290000267104,false,שקד מולבן גרוס 100 גר`דין שיוק,דין שיווק וקליה 2021 בעמ,,שקד טבעי גרוס 100 גר,גרמים,100.00,100 גרם,false,,8.90,0.0890,true,1,17529
7290000267555,false,בוטנים גרוסים 100ג'שקדיה,דין שיווק וקליה 2021 בעמ,,בוטנים טבעים טחונים,גרמים,100.00,100 גרם,false,,5.50,0.0550,true,1,17531
7290000267586,false,גרעייני חמניה קלופים 150 גר,דין שיווק וקליה 2021 בעמ,,גרעיני חמניה קלופים,גרמים,150.00,100 גרם,false,,6.50,0.0433,true,1,18787
7290000267678,false,גרעיני דלעת טבעי קלוף שקדיה 150 ג',דין שיווק וקליה 2021 בעמ,,גרעיני דלעת טבעי קלו,גרמים,150.00,100 גרם,false,,8.50,0.0567,true,1,17532
7290000272443,false,סירופ דיאט בטעם תפוזים עסיס 1 ליטר,קבוצת אוסם סחר שותפות מוגבלת,,סירופ דיאט תפוז,ליטרים,1.00,ליטר,false,,17.90,17.9000,false,1,6011
7290000272467,false,עסיס פטל דיאט סירופ 1 ליטר,קבוצת אוסם סחר שותפות מוגבלת,,סירופ דיאט פטל,ליטרים,1.00,ליטר,false,,17.90,17.9000,false,1,6012
7290000272696,false,מיץ לימון טבעי משומר 1 ליטר עסיס כלפ,קבוצת אוסם סחר שותפות מוגבלת,,מיץ לימון משומר 1ליט,ליטרים,1.00,ליטר,false,,9.90,9.9000,false,1,148
7290000272726,false,חומץ רכיבים רכיבים טבעיים 5% עסיס 1 ליטר,קבוצת אוסם סחר שותפות מוגבלת,,חומץ 5% אסם,ליטרים,1.00,ליטר,false,,6.90,6.9000,true,1,149
7290000286228,false,ספוגיות לניקוי כללי סנו סושי 6 יחידות,החברה הדרומית לשיווק בעמ,,סנו סושי שישיה,יחידה,0.00,יחידה,false,,11.50,0.0000,false,1,16104
7290000286297,false,"אנטי קאלק מסיר אבנית מקומקום סנו 700 מ""ל",החברה הדרומית לשיווק בעמ,,סנו מסיר אבן מקו,מיליליטרים,700.00,"100 מ""ל",false,,9.90,0.0141,true,1,16105
7290000286549,false,מטליות לניקוי כללי סנו סושי 9 יחידות,החברה הדרומית לשיווק בעמ,,מטלית לכל 9 בשקי,יחידה,0.00,יחידה,false,,11.90,0.0000,false,1,16110
7290000286907,false,"ספריי מסיר כתמים באירוסול ""סנו""",סנו מפעלי ברונוס בעמ,,סנו מסיר כתמים,מיליליטרים,170.00,"100 מ""ל",false,,24.90,0.1465,true,1,16118
7290000286921,false,סנוקל רסס וכבס תרסיס אקדח 750 מ``ל,החברה הדרומית לשיווק בעמ,,סנוקל רסס כבס,מיליליטרים,750.00,"100 מ""ל",false,,12.90,0.0172,false,1,16120
7290000287195,false,"סנו רהיט ספריי עשיר בווקס להברקה 305 מ""ל",החברה הדרומית לשיווק בעמ,,סנו רהיט,מיליליטרים,300.00,"100 מ""ל",false,,13.90,0.0463,false,1,16123
7290000287430,false,סנובון צבעוני לאסלה בריח לימון שלישייה,החברה הדרומית לשיווק בעמ,,סנובון שלישיה צבעוני,גרמים,165.00,100 גרם,false,,12.90,0.0782,true,1,16128
7290000287485,false,"שלישיית סנובון לובר לאסלה ""סנו""",החברה הדרומית לשיווק בעמ,,סנובון שלישיה לובר,גרמים,165.00,100 גרם,false,,12.90,0.0782,true,1,16129
7290000287492,false,"סנובון נוזל לניקוי אסלות בריח לימון סנו 750 מ""ל",החברה הדרומית לשיווק בעמ,,סנובון נוזלי,מיליליטרים,750.00,"100 מ""ל",false,,9.90,0.0132,true,1,16130
7290000287621,false,"אנטי קאלק נוזל לניקוי אסלות סנו 750 מ""ל",החברה הדרומית לשיווק בעמ,,סנו C.W עם זרבוב,מיליליטרים,750.00,"100 מ""ל",false,,12.90,0.0172,true,1,16133
7290000288024,false,סנו - ז'אוול אקונומיקה בריח לימון 4 ליטר,החברה הדרומית לשיווק בעמ,,סנו לימון אקונ,ליטרים,4.00,ליטר,false,,16.90,4.2250,false,1,16138
7290000288031,false,"אקונומיקה תו תקן 4 ליטר ""סנו""",החברה הדרומית לשיווק בעמ,,אקונומיקה 4 ליטר,ליטרים,4.00,ליטר,false,,13.00,3.2500,true,1,25388
7290000288048,false,ז`אוול מרסס לניקוי כללי לבנדר סנו (1 ליט,החברה הדרומית לשיווק בעמ,,סנו ג'בל תרסיס,ליטרים,1.00,ליטר,false,,18.90,18.9000,false,1,3491
7290000288079,false,סנו - ז'אוול אקונומיקה לימון 2 ליטר,החברה הדרומית לשיווק בעמ,,סנו ג'בל 2 ליטר,ליטרים,2.00,ליטר,false,,9.90,4.9500,false,1,16139
7290000288086,false,אבקת ניקוי עם אקונומיקה בריח לימון סנו ז'אוול 600 ג',החברה הדרומית לשיווק בעמ,,אבקת ניקוי ג'בל,גרמים,600.00,100 גרם,false,,12.50,0.0208,true,1,16140
7290000288109,false,"אבקת כביסה מקסימה אפקט ג''אוול 1.25 ק""ג סנו",החברה הדרומית לשיווק בעמ,,שקית סנו מקסימה,קילוגרמים,1.25,"ק""ג",false,,14.90,11.9200,false,1,3492
7290000288352,false,"קוטל חרקים וזוחלים K-300 סנו 630 מ""ל",החברה הדרומית לשיווק בעמ,,סנו ק 300-,מיליליטרים,630.00,"100 מ""ל",false,,21.90,0.0348,false,1,16146
7290000288383,false,"קוטל נמלים ותיקנים K-500 סנו 400 מ""ל",החברה הדרומית לשיווק בעמ,,ק 500 סנו-,מיליליטרים,400.00,"100 מ""ל",false,,21.90,0.0547,true,1,16147
7290000288413,false,סנו-די דוחה יתושים כדורי סנו 50 גרם,החברה הדרומית לשיווק בעמ,,סנודי רולאון,מיליליטרים,50.00,"100 מ""ל",false,,19.90,0.3980,true,1,16149
7290000288642,false,מקסימה מרכך כביסה סנסיטיב בייבי סנו 4 ליטר,החברה הדרומית לשיווק בעמ,,מרכך סנו 4 ליטר,ליטרים,4.00,ליטר,false,,21.90,5.4750,false,1,3493
7290000288659,false,"סנו - די רולאון דוחה יתושים ג'ונגל 50 מ""ל",החברה הדרומית לשיווק בעמ,,"סנו די ג'ונג'ל 50 מ""",מיליליטרים,50.00,"100 מ""ל",false,,19.90,0.3980,true,1,73413
7290000288727,false,סנו מקסימה אבקת כביסה מאסק מילוי 1.25,החברה הדרומית לשיווק בעמ,,אבקת כביסה סנו,קילוגרמים,1.25,"ק""ג",false,,14.90,11.9200,false,1,3494
7290000288840,false,מים מזוקקים 2 ליטר לגיהוץ,החברה הדרומית לשיווק בעמ,,מים מזוקקים 2 לי,ליטרים,2.00,ליטר,false,,14.50,7.2500,true,1,16153
7290000289052,false,פוליויקס נוזל רצפות בניחוח סחלבים סנו 4 ליטר,סנו פוליויקס,,סנו פוליוקס 4 לי,ליטרים,4.00,ליטר,false,,39.90,9.9750,false,1,16156
7290000289069,false,סנו - ז'אוול מרסס קצף ניקוי בתוספת אקונומיקה בריח לימון 1 ליטר,החברה הדרומית לשיווק בעמ,,סנו ג'בל ספריי,ליטרים,1.00,ליטר,false,,18.90,18.9000,false,1,3495
7290000289380,false,"סנו - ז'אוול לניקוי אסלות לימון 750 מ""ל",החברה הדרומית לשיווק בעמ,,סנו ג'בל CW לאסל,מיליליטרים,750.00,"100 מ""ל",false,,14.00,0.0187,true,1,16159
7290000289472,false,סנו סושי רב שקית שקיות אשפה90*76 50י,החברה הדרומית לשיווק בעמ,,שקיות אשפה סושי טבע,יחידה,0.00,יחידה,false,,20.90,0.0000,true,1,16161
7290000289601,false,סנו ז'אוול בריח לבנדר 2 ל',"סנו מפעלי ברונוס בע""מ",,סנו ג'בל 2 ליטר,ליטרים,2.00,ליטר,false,,9.90,4.9500,false,1,16164
7290000289748,false,"מסיר שומנים לתנורים פורטה פלוס סנו 750 מ""ל",החברה הדרומית לשיווק בעמ,,סנו פורטה פלוס,מיליליטרים,750.00,"100 מ""ל",false,,13.90,0.0185,false,1,16166
7290000289915,false,"סנו פרש ענק קוקו וניל צהוב 375 מ""ל",החברה הדרומית לשיווק בעמ,,סנופרש ענק,מיליליטרים,375.00,"100 מ""ל",false,,13.50,0.0360,true,1,16169
7290000292007,false,K3 פיתיון ג'ל קוטל תיקנים (ג'וקים) בבית ובחצר,החברה הדרומית לשיווק בעמ,,סנו K3 פתיון ג'ל קוט,גרמים,10.00,100 גרם,false,,49.90,4.9900,true,1,77055
7290000292137,false,"נוזל לניקוי וטיפול מוצרי עור סנו 500 מ""ל",החברה הדרומית לשיווק בעמ,,סנו מנקה עור נוזל,מיליליטרים,500.00,"100 מ""ל",false,,29.90,0.0598,true,1,16177
7290000292311,false,פוליויקס נוזל רצפות בניחוח סחלבים סנו 2 ליטר,החברה הדרומית לשיווק בעמ,,סנו פוליוקס 2 ל',ליטרים,2.00,ליטר,false,,19.90,9.9500,false,1,16179
7290000292434,false,"נוזל להברקת רהיטים מילוי סנו 500 מ""ל",סנו,,שקית מילוי רהיט,מיליליטרים,500.00,"100 מ""ל",false,,16.50,0.0330,true,1,16181
7290000292557,false,סנומט מלוי נוזלי דוחה יתושים 45 לילות,החברה הדרומית לשיווק בעמ,,סנומט מלוי נוזלי,מיליליטרים,500.00,"מ""ל",false,,12.90,0.0258,true,1,16184
7290000292687,false,סנובון מוצק לניקוי אסלה קלאסיק כחול סנו 3 יחידות,החברה הדרומית לשיווק בעמ,,שלישיה סנובון כח,גרמים,165.00,100 גרם,false,,14.90,0.0903,false,1,3496
7290000292694,false,מגן קריסטל לרצפות סנו 2 ליטר,סנו,,מגן קריסטל 2 ליט,ליטרים,2.00,ליטר,false,,39.90,19.9500,true,1,16187
7290000292915,false,רסס ונגב לניקוי כללי תרסיס סנו (750 מל),החברה הדרומית לשיווק בעמ,,סנו רסס ונגב+אקד,מיליליטרים,715.00,"100 מ""ל",false,,12.90,0.0180,false,1,16188
7290000293073,false,מקסימה מרכך כביסה ביו לבן סנו 4 ליטר,החברה הדרומית לשיווק בעמ,,מרכך סנו 4 ליטר,ליטרים,4.00,ליטר,false,,21.90,5.4750,false,1,3498
7290000293516,false,"מתקן סופג לחות ומונע עובש ""סנופרש""",החברה הדרומית לשיווק בעמ,,סנו סופג לחות קו,גרמים,340.00,100 גרם,false,,31.90,0.0938,true,1,16191
7290000293530,false,שקית מילוי לסנו סופג לחות ומונע עובש,החברה הדרומית לשיווק בעמ,,סנו סופג לחות מי,גרמים,340.00,100 גרם,false,,15.90,0.0468,true,1,16192
7290000293561,false,"תרסיס להסרת כתמי עובש עם אקונומיקה סנו 750 מ""ל",החברה הדרומית לשיווק בעמ,,סנו מסיר עובש,מיליליטרים,750.00,"100 מ""ל",false,,13.90,0.0185,false,1,16193
7290000293943,false,"מרסס לבן מסיר אבנית 1 ליטר אנטי קאלק ""סנו""",החברה הדרומית לשיווק בעמ,,מרסס אנטי קאלק,ליטרים,1.00,ליטר,false,,19.90,19.9000,true,1,3499
7290000294773,false,אקונומיקה בריח לבנדר סנו ז'אוול 4 ליטר,החברה הדרומית לשיווק בעמ,,סנו ג'בל 4 ליטר,ליטרים,4.00,ליטר,false,,16.90,4.2250,false,1,16201
7290000294780,false,אקונומיקה סמיכה בריח לימון סנו ז'אוול 4 ליטר,החברה הדרומית לשיווק בעמ,,סנו ז'אוול סמיכה 4 ל,ליטרים,4.00,ליטר,false,,16.90,4.2250,false,1,16202
7290000295299,false,סנו סושי כריות הפלא רב תכלתיות רביעייה,החברה הדרומית לשיווק בעמ,,סנו סושי אקטיב ר,יחידה,0.00,יחידה,false,,11.50,0.0000,false,1,16204
7290000295343,false,"אבקת כביסה מקסימה ביו 1.25 ק""ג סנו",החברה הדרומית לשיווק בעמ,,סנו מקסימה מילוי,קילוגרמים,1.25,"ק""ג",false,,14.90,11.9200,false,1,3501
7290000295367,false,"מקסימה אבקת כביסה אפקט ז'אוול סנו 2.5 ק""ג",החברה הדרומית לשיווק בעמ,,סנו מקסימה 5 2 ק,קילוגרמים,2.50,"ק""ג",false,,25.90,10.3600,false,1,3502
7290000295404,false,שקיות אשפה עם שרוך 54 * 65 סנו סושי 60 יחידות,החברה הדרומית לשיווק בעמ,,שקיות אשפה סושי רחבו,יחידה,0.00,יחידה,false,,24.90,0.0000,true,1,3503
7290000295503,false,זוג שקיות מזון טבע 19*25 סנו סושי 150 יחידות,החברה הדרומית לשיווק בעמ,,זוג שקיות סושי למזון,יחידה,0.00,יחידה,false,,14.90,0.0000,false,1,16207
7290000295541,false,רב מגבת ג'מבו סנו סושי 75 יחידות,החברה הדרומית לשיווק בעמ,,סנו רב מגבת ג'מבו (7,יחידה,0.00,יחידה,false,,18.90,0.0000,true,1,16208
7290000295558,false,"רדיד אלומיניום רוחב 30 ס""מ סנו סושי 2 יח' 7.5 מטר",החברה הדרומית לשיווק בעמ,,זוג רדיד אלומיניום ק,יחידה,0.00,יחידה,false,,11.50,0.0000,false,1,16209
7290000295565,false,"רדיד אלומיניום רוחב 45 ס""מ סנו 2 יח' 7.5 מטר",החברה הדרומית לשיווק בעמ,,זוג רדיד אלומיניום ג,יחידה,0.00,יחידה,false,,20.00,0.0000,false,1,16210
7290000295749,false,ספוג סאקי מסאז' כיף 1 יחידה,החב. הדרומית לשיווק,,ספוג סאקי מסאג',יחידה,0.00,יחידה,false,,13.90,0.0000,true,1,16211
7290000295794,false,ספוגיות מתכת אל חלד לניקוי סנו 3 יחידות,החברה הדרומית לשיווק בעמ,,ספוגיות אל חלד זוג,יחידה,0.00,יחידה,false,,13.00,0.0000,true,1,16212
7290000295824,false,"רדיד אלומיניום 30 ס""מ רוחב סנו סושי 100 מטר",החברה הדרומית לשיווק בעמ,,סנו סושי רדיד אלומני,יחידה,0.00,יחידה,false,,59.90,0.0000,false,1,16214
7290000300900,false,שניצל תירס מרכיבים טבעיים טבעול 750 גרם,קבוצת אוסם סחר שותפות מוגבלת,,שניצל תירס טבעול,גרמים,750.00,100 גרם,false,,24.90,0.0332,false,1,151
7290000303581,false,פול מצרי פרי הגליל 560 גרם,ויטה- פרי גליל (החדשה) בעמ,,פול מצרי פרי הגליל 5,גרמים,560.00,100 גרם,false,,6.90,0.0123,false,1,12905
7290000303598,false,שעועית לבנה ברוטב עגבניות פרי הגליל 570 גרם,ויטה- פרי גליל (החדשה) בעמ,,שעועית ברוטב 570 גרם,גרמים,570.00,100 גרם,false,,6.90,0.0121,false,1,12906
7290000303604,false,חומוס גרגירים A2 פרי גליל 550ג',ויטה- פרי גליל (החדשה) בעמ,,חומוס שלם פרי הגליל,גרמים,550.00,100 גרם,false,,6.90,0.0125,false,1,12907
7290000305882,false,אס הרינג עם ירקות ברוטב עגבניות 120 גרם,דיפלומט מפיצים (1968) בעמ**,,אס ירקות עם דגים ברו,גרמים,120.00,100 גרם,false,,6.30,0.0525,true,1,10618
7290000307015,false,אפונת גינה בינונית פרי הגליל 550 גרם,ויטה- פרי גליל (החדשה) בעמ,,אפונה פרי הגליל 550,גרמים,550.00,100 גרם,false,,6.90,0.0125,false,1,12908
7290000307046,false,אפונת גינה וגזר פרי הגליל 550 גרם,ויטה- פרי גליל (החדשה) בעמ,,אפונה וגזר 550 גרם,גרמים,550.00,100 גרם,false,,6.90,0.0125,false,1,12909
7290000307220,false,גרעיני תירס מתוק בואקום פרי הגליל 285 גרם,ויטה- פרי גליל (החדשה) בעמ,,תירס פרי הגליל 340 ג,גרמים,340.00,100 גרם,false,,5.50,0.0162,false,1,4849
7290000307237,false,גרעיני תירס מתוק פרי הגליל 550 גרם,ויטה- פרי גליל (החדשה) בעמ,,תירס פרי הגליל 550 ג,גרמים,550.00,100 גרם,false,,6.90,0.0125,false,1,12910
7290000307343,false,שעועית ירוקה חתוכה פרי הגליל 550 גרם,ויטה פרי גליל (החדשה) בע`מ,,שעועית ירוקה 550 גרם,גרמים,550.00,100 גרם,false,,6.90,0.0125,true,1,12915
7290000307985,false,גרעיני תירס מתוק ללא למלח 325 גרם פרי הגליל,ויטה- פרי גליל (החדשה) בעמ,,תירס ללא מלח,גרמים,325.00,100 גרם,false,,5.50,0.0169,false,1,12916
7290000311128,false,עוגיות מובחרות בטעם חמאה מן (300 גרם),רוקחמן בעמ מפעל לייצור ופלים ו,,מן עוגיות חמאה,גרמים,300.00,100 גרם,false,,7.90,0.0263,true,1,13234
7290000311203,false,"וופלים בטעם שוקולד ""מן"" 200 גרם",רוקחמן בעמ מפעל לייצור ופלים ו,,וופלים 200 גר שוקו,גרמים,200.00,100 גרם,false,,5.20,0.0260,false,1,13369
7290000311210,false,"וופלים בטעם לימון ""מן"" 200 גרם",רוקחמן בעמ מפעל לייצור ופלים ו,,וופלים 200 גר לימון,גרמים,200.00,100 גרם,false,,5.20,0.0260,false,1,5346
7290000311258,false,מן וופל מצופה שוקולד 250 גרם,"רוקחמן בע""מ",,מן וופל מצופה 250 גר,גרמים,250.00,100 גרם,false,,7.50,0.0300,true,1,83882
7290000311272,false,מן-וופלים במילוי חלווה 180 ג,מ.ד אטיאס סוכנויות מזון בע`מ,,וופלים מן חלבה,גרמים,180.00,100 גרם,false,,5.20,0.0289,false,1,5348
7290000311364,false,מן וופלים שוקולד טייק 1 מן 10*21 גרם,רוקחמן בעמ,,וופל מן מארז 10 יח',גרמים,210.00,100 גרם,false,,8.90,0.0424,true,1,28983
7290000311425,false,ופל מצופה עשיריות מן 220 גרם מארז 10 יחידות,רוקחמן בעמ מפעל לייצור ופלים ו,,וופל מצופה כחול 10יח,גרמים,200.00,100 גרם,false,,9.50,0.0475,true,1,13373
7290000311463,false,מן עוגיות חיטה מלאה חמאה ללא סוכר 200 גרם,"רוקחמן בע""מ",,מן עוגיות חמאה ללא ס,גרמים,200.00,100 גרם,false,,10.90,0.0545,true,1,89789
7290000311708,false,מן עוגיות מחיטה מלאה 300 גרם*נ.ל.פ,רוקחמן בעמ מפעל לייצור ופלים ו,,מן עוגיות חיטה מלאה,גרמים,300.00,100 גרם,false,,7.90,0.0263,true,1,13235
7290000311845,false,מן עוגיות חיטה מלאה ללא תוספת סוכר 200 ג,רוקחמן בעמ מפעל לייצור ופלים ו,,עוגיות מן חיטה מלאה,גרמים,200.00,100 גרם,false,,10.90,0.0545,true,1,61427
7290000311869,false,מן-וופלים בטעם שוק ללא תוספת סוכר 180ג,רוקחמן בעמ מפעל לייצור ופלים ו,,וופל ללא סוכר 180 גר,גרמים,180.00,100 גרם,false,,8.90,0.0494,true,1,26034
7290000311883,false,עוגיות גרנולה ללא תוספת סוכר מן 200 גרם,רוקחמן בעמ מפעל לייצור ופלים ו,,מן עוגיות גרנולה ללא,גרמים,200.00,100 גרם,false,,10.90,0.0545,true,1,32438
7290000311890,false,מן וופל לימון ללא סוכר 180 גר-חדש,"רוקחמן בע""מ",,וופל מן לימון ללא סו,גרמים,180.00,100 גרם,false,,8.90,0.0494,true,1,87377
7290000313160,false,זהבה ושלושת הדובים עוגיות בטעם שוקולד אסם 350 גרם,קבוצת אוסם סחר שותפות מוגבלת,,עוגיות זהבה 3 דובים,גרמים,250.00,100 גרם,false,,7.90,0.0316,true,1,6026
7290000313184,false,עוגיות חברים גן חיות וניל אסם 250 גר',קבוצת אוסם סחר שותפות מוגבלת,,עוגיות גן חיות,גרמים,250.00,100 גרם,false,,7.90,0.0316,true,1,6027
7290000313290,false,אסם נודלס נודלס איטריות מסולסלות 200גר,קבוצת אוסם סחר שותפות מוגבלת,,נודלס א.מסולסלות 200,גרמים,200.00,100 גרם,false,,9.90,0.0495,true,1,6029
7290000315126,false,קנור ציר עוף משחתי 300 ג,יוניליוור ישראל שיווק בע`מ,,קנור ציר עוף,גרמים,300.00,100 גרם,false,,27.90,0.0930,true,1,9310
7290000315133,false,קנור ציר בקר משחתי 300ג,יוניליוור ישראל שיווק בע`מ,,קנור ציר בקר,גרמים,300.00,100 גרם,false,,27.90,0.0930,true,1,9311
7290000318103,false,פסטרמה ברביקיו מעדניה,מעדני יחיעם ( 1993 ) בע`מ,,פסטרמה ברביקיו,קילוגרמים,1.00,"ק""ג",true,,72.90,72.9000,false,1,1789
7290000318127,false,נקניקיות ביס יחיעם (380 גרם),מעדני יחיעם (1993) בעמ,,נקניקיות ביס 380,גרמים,380.00,100 גרם,false,,11.90,0.0313,true,1,14172
7290000318165,false,פסטרמה אמיתית צלויה על גחלים מעדניה,מעדני יחיעם ( 1993 ) בע`מ,,פסטרמה אמיתית צל,קילוגרמים,1.00,"ק""ג",true,,79.90,79.9000,true,1,1791
7290000318189,false,פסטרמה ברביקיו על האש 300 גרם יחיעם,מעדני יחיעם ( 1993 ) בע`מ,,פסטרמה ברביקיו על הא,גרמים,300.00,100 גרם,false,,25.90,0.0863,true,1,1811
7290000318288,false,פסטרמה חזה הודו בדבש,מעדני יחיעם 1993 בעמ,,חזה הודו בדבש יח,קילוגרמים,1.00,"ק""ג",true,,79.90,79.9000,false,1,1792
7290000318363,false,פסטרמה ברבקיו לבגט יחיעם,מעדני יחיעם (1993) בעמ,,פסטרמה ברביקיו לבגט,קילוגרמים,1.00,"ק""ג",true,,79.90,79.9000,false,1,68440
7290000318479,false,נקניק פרושוטו בקר יחיעם 100 גרם,מעדני יחיעם ( 1993 ) בע`מ,,פרשוטו עגל,גרמים,100.00,100 גרם,false,,25.90,0.2590,true,1,14178
7290000318493,false,כתף בקר מפולפל{מפולפל},מעדני יחיעם 1993 בעמ,,כתף בקר מפולפל יחיעם,קילוגרמים,1.00,"ק""ג",true,,139.90,139.9000,true,1,8778
7290000318530,false,רוסטביף צלי בקר{יחיעם},מעדני יחיעם (1993) בעמ,,רוסטביף יחיעם,קילוגרמים,1.00,"ק""ג",true,,149.90,149.9000,true,1,8779
7290000318677,false,נקניק סלמי סרוולט יחיעם 150 גרם,מעדני יחיעם (1993) בעמ,,סרוולט 150גר יחיעם,גרמים,150.00,100 גרם,false,,25.90,0.1727,true,1,14180
7290000318707,false,נקניק סלמי מעושן יחיעם 500 גרם,מעדני יחיעם ( 1993 ) בע`מ,,סלמי מעושן יחיעם,גרמים,500.00,100 גרם,false,,33.90,0.0678,true,1,14182
7290000318806,false,נקניק סרוולד סלמי מעדניה,מעדני יחיעם ( 1993 ) בע`מ,,סרוולד יחיעם,קילוגרמים,1.00,"ק""ג",true,,179.90,179.9000,true,1,8780
7290000318837,false,קורנדביףבקר מעדנ.יחי,מעדני יחיעם (1993) בעמ,,פסטרמה קורנביף י,קילוגרמים,1.00,"ק""ג",true,,139.90,139.9000,true,1,8781
7290000318851,false,נקניק סלמי קוניאק מעדניה,מעדני יחיעם ( 1993 ) בע`מ,,סלמי קוניאק,קילוגרמים,1.00,"ק""ג",true,,89.90,89.9000,false,1,1795
7290000318868,false,סלמי פפרוני{יחיעם},מעדני יחיעם 1993 בעמ,,סלמי פפרוני,קילוגרמים,1.00,"ק""ג",true,,89.90,89.9000,false,1,1796
7290000318882,false,"מעושן איטלקי ק""ג{יחיעם}",מעדני יחיעם (1993) בעמ,,מעושן איטלקי יחיעם,קילוגרמים,1.00,"ק""ג",true,,69.90,69.9000,false,1,1797
7290000318899,false,נקניק סלמי פיין יחיע,מעדני יחיעם 1993 בעמ,,סלמי פיין,קילוגרמים,1.00,"ק""ג",true,,52.90,52.9000,false,1,1798
7290000318929,false,סלמי צרפתי מובחר במשקל,מעדני יחיעם ( 1993 ) בע`מ,,סלמי צרפתי,קילוגרמים,1.00,"ק""ג",true,,179.90,179.9000,true,1,8782
7290000318943,false,פסטרמה של פעם מעושן 1.5% יחיעם 200 גרם,מעדני יחיעם ( 1993 ) בע`מ,,פסטרמה של פעם 200 ג',גרמים,200.00,100 גרם,false,,21.90,0.1095,true,1,1819
7290000319063,false,כתף בקר מפולפל יחיעם 150 גרם,מעדני יחיעם (1993) בעמ,,כתף בקר מעושן מפולפל,גרמים,150.00,100 גרם,false,,25.90,0.1727,true,1,72673
7290000319124,false,סלמי סרוולט מאפ יחיעם 250 גרם,מעדני יחיעם ( 1993 ) בע`מ,,סרוולד יחיעם,גרמים,250.00,100 גרם,false,,37.90,0.1516,true,1,14188
7290000319131,false,נקניקיות עוף יחיעם 400 גרם,מעדני יחיעם (1993) בעמ,,נקניקיות עוף 400,גרמים,400.00,100 גרם,false,,10.90,0.0273,true,1,1822
7290000319339,false,סלמי פרח יחיעם,מעדני יחיעם (1993) בעמ,,סלמי פרח,קילוגרמים,1.00,"ק""ג",true,,99.90,99.9000,false,1,23830
7290000319520,false,נקניק סלמי צרפתי יחיעם 100 גרם,מעדני יחיעם (1993) בעמ,,סלמי צרפתי 100 גר,גרמים,100.00,100 גרם,false,,19.90,0.1990,true,1,14194
7290000319704,false,כתף בקר מעושן יחיעם מעדניה,מעדני יחיעם ( 1993 ) בע`מ,,כתף בקר מעושן יחיעם,קילוגרמים,1.00,"ק""ג",true,,139.90,139.9000,true,1,8784
7290000319728,false,נקניק איטלקי מפולפל מעדניה,מעדני יחיעם ( 1993 ) בע`מ,,איטלקי מפולפל יח,קילוגרמים,1.00,"ק""ג",true,,79.90,79.9000,false,1,1802
7290000319759,false,סלמי תה יחיעם מעדניה,מעדני יחיעם,,סלמי תה יחיעם,קילוגרמים,1.00,"ק""ג",true,,46.90,46.9000,false,1,32346
7290000319803,false,קבנוס קלאסי יחיעם (125 גרם),מעדני יחיעם ( 1993 ) בע`מ,,קבנוס קלאסי 125 גרם,גרמים,125.00,100 גרם,false,,13.90,0.1112,true,1,59123
7290000319834,false,קבנוס פפרוני יחיעם (125 גרם),מעדני יחיעם ( 1993 ) בע`מ,,קבנוס פפרוני קלאסי 1,גרמים,125.00,100 גרם,false,,13.90,0.1112,true,1,59025
7290000319841,false,פסטרמה מהמעשנה יחיעם,יחיעם,,פסטרמה הודו מהמעשנה,קילוגרמים,1.00,"ק""ג",true,,79.90,79.9000,false,1,120594
7290000319971,false,צלעות בקר על האש יחי,מעדני יחיעם,,צלעות בקר על האש יחי,קילוגרמים,1.00,"ק""ג",true,,154.90,154.9000,false,1,26485
7290000334745,false,"ציפס אמריקאי דקדק תפוגן 1.5 ק""ג",קבוצת אוסם סחר שותפות מוגבלת,,תפוגן אמריקן ציפס 1.,יחידה,1.50,יחידה,false,,24.90,16.6000,true,1,156
7290000339191,false,רן אבקת הלבנה לכביסה 350 גרם,יוניליוור ישראל שיווק בע`מ,,רן להלבנה,גרמים,350.00,100 גרם,false,,22.00,0.0629,true,1,14426
7290000339566,false,מרכך כביסה ורוד בדין (4 ליטר),יוניליוור ישראל שיווק בע`מ,,בדין 4 ליטר,ליטרים,4.00,ליטר,false,,19.90,4.9750,false,1,2119
7290000341071,false,בדין - מרכך כביסה בייבי לבן 2 ליטר,"יוניליוור ישראל שיווק בע""מ",,בייבי בדין 2 ליט,ליטרים,2.00,ליטר,false,,20.00,10.0000,true,1,14432
7290000342832,false,מרכך כביסה צהוב בדין (4 ליטר),יוניליוור ישראל שיווק בע`מ,,בדין 4 ליטר,ליטרים,4.00,ליטר,false,,19.90,4.9750,false,1,2120
7290000342856,false,מרכך כביסה כחול בדין (4 ליטר),יוניליוור ישראל שיווק בע`מ,,בדין 4 ליטר,ליטרים,4.00,ליטר,false,,19.90,4.9750,false,1,2121
7290000345048,false,תה עלים 74 פחית 125 גרם,תה ויסוצקי (ישראל) בעמ,,תה 74 בתפזורת 125 ג,גרמים,125.00,100 גרם,false,,13.00,0.1040,true,1,8234
7290000345208,false,תה כחול קלאסיק ויסוצקי 25 יחידות,תה ויסוצקי (ישראל) בעמ,,ויסוצקי קלאסיק 25 שק,גרמים,25.00,100 גרם,false,,6.70,0.2680,true,1,8238
7290000345215,false,תה כחול קלאסיק ויסוצקי 100 יחידות,תה ויסוצקי (ישראל) בעמ,,ויסוצקי קלאסיק 100 ש,גרמים,100.00,100 גרם,false,,16.90,0.1690,false,1,728
7290000345260,false,תה קלאסיק מעטפות ויסוצקי 25 יחידות,תה ויסוצקי (ישראל) בעמ,,ויסוצקי קלאסיק 25 שק,גרמים,37.50,100 גרם,false,,7.20,0.1920,true,1,8239
7290000345277,false,תה קלאסיק מעטפות ויסוצקי 50 יחידות,תה ויסוצקי (ישראל)בעמ,,ויסוצקי קלאסיק 50 שק,גרמים,75.00,100 גרם,false,,13.50,0.1800,true,1,8240
7290000345284,false,תה ויסוצקי קלאסי אריזה ירוקה מרובעת (100 שקיקים),תה ויסוצקי (ישראל) בעמ,,ויסוצקי קלאסיק 100 ש,גרמים,150.00,100 גרם,false,,16.90,0.1127,false,1,8241
7290000345291,false,תה ארל גרי 1.5/ 25 שקיקים ויסוצקי,תה ויסוצקי (ישראל) בעמ,,ארל גריי 25 שקיקים,גרמים,37.50,100 גרם,false,,15.90,0.4240,false,1,8242
7290000345307,false,תה ארל גרי 1.5/ 50 שקיקים ויסוצקי,תה ויסוצקי (ישראל) בעמ,,תה ארל גריי 50 שקיק,גרמים,75.00,100 גרם,false,,28.90,0.3853,false,1,8243
7290000345536,false,תה נענע 1.5/ 25 שקיקים ויסוצקי,תה ויסוצקי (ישראל) בעמ,,תה נענע 25 שקיקים,גרמים,37.50,100 גרם,false,,17.90,0.4773,false,1,729
7290000345666,false,תה אינגליש ברקפסט 2/ 25 שק.בלק לייבל,תה ויסוצקי (ישראל)בעמ,,תה אינגליש ברקפסט 25,גרמים,50.00,100 גרם,false,,15.90,0.3180,true,1,8246
7290000346021,false,חליטת קמומיל הגן הקסום ויסוצקי 50 יחידות,תה ויסוצקי (ישראל) בעמ,,תה חליטת קמומיל 50 ש,גרמים,75.00,100 גרם,false,,34.90,0.4653,true,1,8247
7290000346120,false,חליטת קינמון הגן הקסום ויסוצקי 25 יחידות,תה ויסוצקי (ישראל) בעמ,,תה קסם הקינמון 25 שק,גרמים,62.50,100 גרם,false,,18.90,0.3024,false,1,733
7290000346137,false,חליטת הילולי פירות הגן הקסום ויסוצקי 25 יחידות,תה ויסוצקי (ישראל) בעמ,,תה חליטת הילולי פירו,גרמים,62.50,100 גרם,false,,18.90,0.3024,false,1,734
7290000346144,false,הגן הקסום תה עינוגי התפוח ויסוצקי 25 יחידות,תה ויסוצקי (ישראל) בעמ,,תה חליטת עינוגי התפו,גרמים,75.00,100 גרם,false,,18.90,0.2520,false,1,735
7290000346168,false,חליטת שומר הגן הקסום ויסוצקי 25 יחידות,תה ויסוצקי (ישראל) בעמ,,תה חליטת שומר 25 שקי,גרמים,37.50,100 גרם,false,,18.90,0.5040,false,1,737
7290000346199,false,חליטת פירות יער הגן הקסום ויסוצקי 25 יחידות,תה ויסוצקי (ישראל) בעמ,,תה חליטת פירות יער 2,גרמים,67.50,100 גרם,false,,18.90,0.2800,false,1,738
7290000346205,false,חליטת קמומיל הגן הקסום ויסוצקי 25 יחידות,תה ויסוצקי (ישראל) בעמ,,תה חליטת קמומיל 25 ש,גרמים,37.50,100 גרם,false,,18.90,0.5040,false,1,739
7290000346212,false,חליטת מנטה הגן הקסום ויסוצקי 25 יחידות,תה ויסוצקי (ישראל) בעמ,,תה חליטת מנטה 25 שקי,גרמים,50.00,100 גרם,false,,18.90,0.3780,false,1,740
7290000346229,false,הגן הקסום תה ורד הבר והיביסקוס ויסוצקי 25 יחידות,תה ויסוצקי (ישראל) בעמ,,תה חליטת ורד הבר והי,גרמים,75.00,100 גרם,false,,18.90,0.2520,false,1,741
7290000346236,false,חליטת לואיזה וורבנה הגן הקסום ויסוצקי 25 יחידות,תה ויסוצקי (ישראל) בעמ,,תה חליטת לואיזה - וו,גרמים,50.00,100 גרם,false,,18.90,0.3780,false,1,742
7290000347738,false,תה ירוק בתוספת עלי נענע 25 שקיקים,תה ויסוצקי (ישראל) בעמ,,תה ירוק נענע 25 שקיק,גרמים,37.50,100 גרם,false,,24.90,0.6640,false,1,743
7290000347752,false,תה ירוק לימונית ולואיזה 25 שקיקים *1.5 ג'' ויסוצקי,תה ויסוצקי (ישראל) בעמ,,תה ירוק לימונית,גרמים,37.50,100 גרם,false,,24.90,0.6640,false,1,745
7290000355382,false,עגבניות מרוסקות בזיליקום טל 800 גרם,ויטה- פרי גליל (החדשה) בעמ,,עגבניות מרוסקות עם ב,גרמים,800.00,100 גרם,false,,7.20,0.0090,false,1,12923
7290000355399,false,רוטב עגבניות תיבול עדין טל 800 גרם,ויטה- פרי גליל (החדשה) בעמ,,רוטב עגבניות לבי,גרמים,800.00,100 גרם,false,,7.90,0.0099,true,1,12924
7290000355405,false,עגבניות מרוסקות A2.5 ובצל טל וטרי 800 גר',ויטה- פרי גליל (החדשה) בעמ,,עגבניות מרוסקות עם ב,גרמים,800.00,100 גרם,false,,7.20,0.0090,false,1,12925
7290000355412,false,עגבניות מרוסקות A2.5 ושום טל וטרי 800 גר',ויטה- פרי גליל (החדשה) בעמ,,עגבניות מרוסקות עם ש,גרמים,800.00,100 גרם,false,,7.20,0.0090,false,1,12926
7290000355481,false,רסק עגבניות BX22 טומטו 600ג' A2,ויטה- פרי גליל (החדשה) בעמ,,רוטב עגבניות מרוכז מ,גרמים,600.00,100 גרם,false,,5.50,0.0092,true,1,4851
7290000355498,false,רוטב עגבניות A2 BX28 טומטו 580ג',ויטה- פרי גליל (החדשה) בעמ,,רוטב עגבניות,גרמים,600.00,100 גרם,false,,6.50,0.0108,true,1,4852
7290000355757,false,עגבניות מרוסקות טריות טל 800 גרם,ויטה- פרי גליל (החדשה) בעמ,,עגבניות מרוסקות 800,גרמים,800.00,100 גרם,false,,7.20,0.0090,false,1,12931
7290000363400,false,סלמי פפרוני טירת צבי,הנסיך- מפעל לייצור ט,,סלמי פפרוני,קילוגרמים,1.00,"ק""ג",true,,84.90,84.9000,false,1,24733
7290000363462,false,סלמי איטלקי מעושן ט.צבי,תנובה בשר,,סלמי מעושן איטלק,קילוגרמים,1.00,"ק""ג",true,,84.90,84.9000,false,1,862
7290000363486,false,נקניק תה טירת צבי מע,תנובה בשר,,נקניק תה טירת צב,קילוגרמים,1.00,"ק""ג",true,,56.90,56.9000,false,1,863
7290000363899,false,נקניקיות פיקנטיות טירת צבי 400 גרם,תנובה ענף ב.ע.ד,,נקניקיות הודו פיקנטי,גרמים,400.00,100 גרם,false,,11.90,0.0298,true,1,8402
7290000364261,false,"דקניקים, סלסולי פסטרמה כתף בקר מעושנת 120 גרם",תנובה מרכז שיתופי לשיווק תוצרת,,סלסולי כתף בקר,גרמים,120.00,100 גרם,false,,15.90,0.1325,false,1,13905
7290000364278,false,דקניקים סלסולי סלמי איטלקי משובח טירת צבי 120 גרם,תנובה מרכז שיתופי לשיווק תוצרת,,סלסולי סלמי איטלקי מ,גרמים,120.00,100 גרם,false,,15.90,0.1325,false,1,13906
7290000364285,false,דקניקים סלסולי פסטרמה הודו טירת צבי 120 גרם,תנובה מרכז שיתופי לשיווק תוצרת,,סלסולי פסטרמה הודו,גרמים,120.00,100 גרם,false,,15.90,0.1325,false,1,13907
7290000364292,false,דקניקים סלסולי פסטרמה הודו על גחלים 1% טירת צבי 120 גרם,תנובה מרכז שיתופי לשיווק תוצרת,,סלסולי פסטרמה הודו ע,גרמים,120.00,100 גרם,false,,15.90,0.1325,false,1,933
7290000364803,false,נקניקיות בקר אמריקאיות טירת צבי 500 גרם,הנסיך- מפעל לייצור ט,,נקנקיות אמריקאיו,גרמים,500.00,100 גרם,false,,27.90,0.0558,true,1,13908
7290000364858,false,"נקניקיות עוף טרי טירת צבי 1 ק""ג",הנסיך- מפעל לייצור ט,,נקנקיות עוף 1 קג,יחידה,1.00,יחידה,false,,26.90,26.9000,false,1,934
7290000364872,false,נקניקיות עוף טירת צבי (400 גרם),טיב טירת צבי 2000,,נקנקיות עוף טירת,גרמים,400.00,100 גרם,false,,11.90,0.0298,true,1,935
7290000364957,false,נקניקיות עוף מיני מיני טירת צבי 700 גרם,הנסיך- מפעל לייצור ט,,נקנקיות מיני,גרמים,700.00,100 גרם,false,,26.90,0.0384,true,1,13910
7290000365046,false,פסטרמה כתף בקר מעושן,טירת- צבי,,כתף בקר טירת צבי,קילוגרמים,1.00,"ק""ג",true,,109.90,109.9000,false,1,8329
7290000365107,false,כתף בקר מפולפל{טירת צבי},תנובה קפואים,,כתף מפולפל טירת צבי,קילוגרמים,1.00,"ק""ג",true,,109.90,109.9000,false,1,8331
7290000365398,false,חזה הודו בדבשטירת צבי,תנובה בשר,,פסטרמה דבש ט.צבי,קילוגרמים,1.00,"ק""ג",true,,84.90,84.9000,false,1,867
7290000365749,false,פס.הודו מעושנת ד.שומן קג,טירת צבי,,פסטרמה דל שומן,קילוגרמים,1.00,"ק""ג",true,,84.90,84.9000,false,1,868
7290000365756,false,פסטרמה על גחלים ד.ש משקל,תנובה קפואים,,פסטרמה הודו ברביקיו,קילוגרמים,1.00,"ק""ג",true,,84.90,84.9000,false,1,869
7290000365886,false,פסטרמה בגריל טירת צב,טירת צבי,,פסטרמה בגריל טירת צב,קילוגרמים,1.00,"ק""ג",true,,84.90,84.9000,false,1,871
7290000365909,false,פסטרמה הודו מעושנתטירת צבי,טירת- צבי,,פסטרמה הודו מעושנת,קילוגרמים,1.00,"ק""ג",true,,84.90,84.9000,false,1,872
7290000365954,false,פסטרמה גחלים טירת צבי,תנובה בשר,,פסטרמה על גחלים,קילוגרמים,1.00,"ק""ג",true,,84.90,84.9000,false,1,873
7290000367590,false,פסטרמה כפרית וסלמי פריזר כפרי טירת צבי 2*400 גרם,תנובה מרכז שיתופי לשיווק תוצרת,,זוג פסטרמה טירת,גרמים,800.00,100 גרם,false,,29.90,0.0374,true,1,938
7290000377209,false,בוטנים מטוגנים קליית גת (200 גרם),ליימן שליסל בעמ,,בוטנים 200,גרמים,200.00,100 גרם,false,,6.90,0.0345,true,1,14606
7290000377445,false,נש צ'אנס קליית גת 200 גרם,ליימן שליסל בעמ,,תערובת מנצ'ס,גרמים,200.00,100 גרם,false,,8.50,0.0425,true,1,2432
7290000377452,false,גרעיני אבטיח קלויים ומלוחים קלית גת 200,הדקלאים אגודת שיתופי,,גרעיני אבטיח 200ח,גרמים,200.00,100 גרם,false,,12.00,0.0600,true,1,2433
7290000377612,false,מיץ תפוזים סחוט טבעי פריגת 400 מל,*החברה המרכזית להפצת משקאותבעמ,,פריגת סחוט תפוז 400,יחידה,400.00,יחידה,false,,9.50,0.0238,true,1,13114
7290000391182,false,בורקס פילו גבינה בונ,,,בורקס פילו גבינה בונ,קילוגרמים,1.00,"ק""ג",true,,44.90,44.9000,true,1,30239
7290000391229,false,קוקטייל פיצה בונז'ור,בונז'ור,,קוקטייל פיצה בונז'ור,קילוגרמים,1.00,"ק""ג",true,,54.90,54.9000,true,1,31273
7290000408316,false,יוגורט דנונה דל לקטוז 200 גרם,שטראוס גרופ בעמ/מצונן,,יוגורט דנונה טבעי 3%,מיליליטרים,200.00,"100 מ""ל",false,,3.50,0.0175,true,1,7120
7290000408354,false,יוגורט עם אורז מצופה שוקולד קקאו 175 ג' דנונה,שטראוס גרופ בעמ/מצונן,,דנונה קראנצ' פצפוצים,מיליליטרים,175.00,"100 מ""ל",false,,4.60,0.0263,false,1,7121
7290000412139,false,נוזל רצפות בניחוח אורנים ריצפז 3 ליטר,"סנו מפעלי ברונוס בע""\מ",,ריצפז אורנים 3לי,ליטרים,3.00,ליטר,false,,13.90,4.6333,true,1,16217
7290000412481,false,נוזל לניקוי אסלות 00 סנו (1 ליטר),החברה הדרומית לשיווק בעמ,,מנקה אסלות 1ליטר,ליטרים,1.00,ליטר,false,,7.90,7.9000,false,1,3505
7290000412764,false,"פזטוקס קוטל חרקים סנו 630 מ""ל",החברה הדרומית לשיווק בעמ,,פזטוקס ארזול,מיליליטרים,630.00,"100 מ""ל",false,,18.90,0.0300,true,1,16219
7290000416021,false,ממרח בטעם שוקולד השחר העולה (500 גרם),השחר העולה תעשית ממתקים בעמ,,ממרח השחר 500 גרם,גרמים,500.00,100 גרם,false,,13.90,0.0278,false,1,3608
7290000416045,false,ממרח בטעם שוקולד השחר העולה (1 קג),השחר העולה תעשית ממתקים בעמ,,"ממרח השחר 1 ק""ג",קילוגרמים,1.00,"ק""ג",false,,23.90,23.9000,false,1,10922
7290000416618,false,"ממרח שוקולד פרווה השחר 400 גרם כשל""פ",השחר העולה תעשית ממתקים בעמ,,ממרח שוקולד השחר פרו,גרמים,400.00,100 גרם,false,,10.60,0.0265,true,1,10924
7290000416809,false,ממרח חצי חצי נוגט אגוזים וקרם חלב השחר 350ג',השחר העולה תעשית ממתקים בעמ,,ממרח השחר חצי חצי,גרמים,350.00,100 גרם,false,,9.90,0.0283,false,1,71656
7290000416854,false,אבקת קקאו השחר העולה (150 גרם),השחר העולה תעשית ממתקים בעמ,,קקאו 150 גר,גרמים,150.00,100 גרם,false,,9.50,0.0633,true,1,10927
7290000419220,false,לנדוור כחול המקורי קפה טחון טורקי 3*100 גרם 16 יח',ש.שסטוביץ בעמ,,מארז קפה לנדוור טחון,גרמים,300.00,100 גרם,false,,18.90,0.0630,false,1,6453
7290000419374,false,לנדוור לבוקר קפה טחון טורקי 3*100 גרם 16 יח',ש.שסטוביץ בעמ,,מארז שלישייה קפה שחו,גרמים,300.00,100 גרם,false,,18.90,0.0630,false,1,5568
7290000419893,false,לנדוור קפה שחור חזק טחון טורקי 100 גרם,מולינו ניקולי s.p.a,,קפה לנדוור שחור טחון,גרמים,100.00,100 גרם,false,,7.90,0.0790,false,1,6455
7290000419909,false,לנדוור קפה שחור לבוקר טחון טורקי 100 גרם,מולינו ניקולי s.p.a,,קפה לנדוור שחור בטעם,גרמים,100.00,100 גרם,false,,7.90,0.0790,false,1,6456
7290000419923,false,לנדוור קפה אספרסו טחון בואקום 200 גר,ש.שסטוביץ בעמ,,אספרסו לנדוור טחון ב,גרמים,200.00,100 גרם,false,,19.90,0.0995,true,1,6458
7290000420325,false,"פופסטאר פופקורן למקירוגל בטעם טבעי 5 שקיות,500 גרם",פרסטון פארמס,,פופסטאר טבעי 5יח',גרמים,500.00,100 גרם,false,,12.90,0.0258,false,1,10782
7290000420332,false,פופסטאר פופקורן למיקרוגל בטעם חמאה 5 יחידות 500 גרם,פרסטון פארמס,,פופסטאר חמאה 5יח',גרמים,500.00,100 גרם,false,,12.90,0.0258,false,1,10783
7290000420417,false,גלילונית שקיות אשפה 52X65 עם שרוך 60 יחידות,"איטיליאן פוד, אס.פי.",,גלילונית 50X70 עם לש,יחידה,0.00,יחידה,false,,24.00,0.0000,false,1,3428
7290000430102,false,קוביות קרח בשקית מיסטר אייס 2 קילו,אייס קיובס בעמ מיסטר אייס,,"שקיות קרח 2 ק""ג",יחידה,2.00,יחידה,false,,9.90,4.9500,true,1,16806
7290000432212,false,נרות שבת אקסטרא 72 י,פאלאס תעשיות נטו (2014) בעמ,,נרות שבת 72,יחידה,0.00,יחידה,false,,29.90,0.0000,true,1,68841
7290000432359,false,נר זכרון לשבוע נר ציון,פאלאס תעשיות נטו (2014) בעמ,,נר נשמה שבועי,יחידה,0.00,יחידה,false,,9.90,0.0000,true,1,17777
7290000432649,false,נרות שבת 6 יחידות,פאלאס תעשיות נטו (2014) בעמ,,נרות שבת 6,גרמים,180.00,100 גרם,false,,4.50,0.0250,true,1,64301
7290000432656,false,נרות שבת 8 יחידות,פאלאס תעשיות נטו (2014) בעמ,,נרות שבת מס' 8,גרמים,180.00,100 גרם,false,,4.50,0.0250,true,1,64302
7290000432663,false,נרות חימום 10 קוד,פאלאס תעשיות נטו (2014) בעמ,,נרות שבת מס' 10,גרמים,180.00,100 גרם,false,,4.50,0.0250,true,1,64303
7290000442013,false,"פמינה - שטיפה אינטימית לנערות 220 מ""ל",פמינה,,"פמינה יאנג 220 מ""ל",מיליליטרים,220.00,"100 מ""ל",false,,26.90,0.1223,true,1,23677
7290000442587,false,"קרם רב שימושי תוספת 33% גינקו 220 מ""ל.",כ.צ.ט,,קרם רב שימושי,מיליליטרים,220.00,"100 מ""ל",false,,19.90,0.0905,true,1,17884
7290000446325,false,תרכיז תפוחים בטר אנד דיפרנט 1.2 ליטר,"בטר אנד דיפרנט בע""מ",,תרכיז תפוחים,ליטרים,1.20,ליטר,false,,44.90,37.4167,true,1,28540
7290000446547,false,חמאת בוטנים טבעית בטר אנד דיפרנט 350 גרם,"בטר אנד דיפרנט בע""מ",,חמאת בוטנים טבעית,גרמים,350.00,100 גרם,false,,12.90,0.0369,true,1,9763
7290000446554,false,"חמאת בוטנים טבעית בטר אנד דיפרנט 1 ק""ג",בטר אנד דיפרנט בעמ,,חמאת בוטנים טבעית 1,קילוגרמים,1.00,"100 ק""ג",false,,27.90,27.9000,true,1,61681
7290000446776,false,פיצפוצי אורז מלא ללא סוכר ומלח בשקית 450 גרם,בטר אנד דיפרנט בעמ,,פיצפוצי אורז מלא ללא,גרמים,450.00,100 גרם,false,,18.90,0.0420,true,1,58137
7290000446936,false,ציפוי עדיף מפתיתי קורנפלקס טחון דק בטר אנד דיפרנט 300 גרם,בטר אנד דיפרנט בעמ,,ציפוי עדיף דק ללא גל,גרמים,300.00,100 גרם,false,,9.90,0.0330,true,1,68239
7290000449128,false,סיף פנטסטיק לימון ניקוי רב תכליתי 4ל',יוניליוור ישראל שיווק בע`מ,,פנטסטיק 4 ליטר,ליטרים,4.00,ליטר,false,,19.90,4.9750,false,1,14435
7290000450209,false,נתחי טונה בהירה בשמן פוסידון (108 גרם),נטו מלינדה סחר בע`מ,,טונה פוסידון בשמן 11,גרמים,110.00,100 גרם,false,,6.00,0.0545,true,1,11193
7290000450308,false,פוסידון טונה בהירה במי מלח 77 גרם,ויליגר בעמ עבור נטו,,טונה פוסידון במי,גרמים,108.00,100 גרם,false,,6.00,0.0556,true,1,11194
7290000453019,false,שמרים טריים לאפייה שקית שמרית 50 ג',שטראוס גרופ בעמ/מצונן,,שמרית,גרמים,50.00,100 גרם,false,,4.60,0.0920,false,1,12051
7290000453125,false,שמרית שמרים טריים לאפיה +משפר אפיה 100ג,שטראוס גרופ בעמ/מצונן,,שמרית+משפר אפיה,גרמים,100.00,100 גרם,false,,7.90,0.0790,true,1,12052
7290000453200,false,בלילה להכנת פנקייק עם רכיבים ביתיים,שטראוס גרופ בעמ/מצונן,,בלילה מצוננת להכנת פ,מיליליטרים,750.00,"100 מ""ל",false,,21.90,0.0292,true,1,90540
7290000453309,false,בצק לפיצה ללא גלוטן230ג,תמי,,בצק פיצה מצונן ללא ג,יחידה,0.00,יחידה,false,,19.90,0.0000,true,1,117062
7290000453316,false,בצק עלים ללא גלוטן תמי 280 גרם מצונן,תמי,,בצק עלים מצונן ללא ג,יחידה,0.00,יחידה,false,,19.90,0.0000,true,1,117063
7290000453330,false,תמי תערובת לעוגה וניל ללא גלוטן500 גר`,י.איטליאנו אחזקות בעמ,,תמי תערובת לעוגת וני,גרמים,500.00,100 גרם,false,,18.90,0.0378,true,1,120554
7290000453385,false,שמרים יבשים פארא אינסטנט 500 גרם עלית,שטראוס גרופ בע`מ,,שמרים יבשים פאקא,גרמים,500.00,100 גרם,false,,14.40,0.0288,true,1,61988
7290000453408,false,בצק פיצה דק מצונן ומוכן לאפייה שמרית 415 גרם,שטראוס גרופ בעמ/מצונן,,בצק פיצה דק מצונן ומ,גרמים,415.00,100 גרם,false,,16.90,0.0407,true,1,79647
7290000453415,false,בצק עלים מצונן ומוכן לאפייה שמרית 300 גרם,שטראוס גרופ בעמ/מצונן,,בצק עלים מצונן ומוכן,גרמים,300.00,100 גרם,false,,15.90,0.0530,true,1,79648
7290000453422,false,בצק פילו מצונן ומוכן לאפייה שמרית 300 גרם,שטראוס גרופ בעמ/מצונן,,בצק פילו מוכן לאפייה,גרמים,300.00,100 גרם,false,,15.90,0.0530,true,1,79649
7290000453781,false,שמרים יבשים שמרית 125 גרם,"פאקא תעשיות בע""מ",,שמרים יבשים,גרמים,125.00,100 גרם,false,,6.30,0.0504,true,1,75468
7290000453798,false,שמרית שמרים יבשים אקטיביים 500 גר',"גי' בי' רכיבים בע""מ",,שמרים אקטיבים 500 גר,גרמים,500.00,100 גרם,false,,14.90,0.0298,false,1,72932
7290000453866,false,נטורינה תחליף מרגרינה לבישול ואפיה קוקוס שמרית 200 גרם,שטראוס גרופ בעמ/מצונן,,נטורינה קוקוס שמרית,גרמים,200.00,100 גרם,false,,7.60,0.0380,false,1,70911
7290000453880,false,מרגרינה ללא מלח לאפיה ובישול שמרית 200גר,שטראוס גרופ בעמ (ח),,מרגרינה ללא מלח לאפי,גרמים,200.00,100 גרם,false,,5.90,0.0295,false,1,63372
7290000461625,false,בייגלה שמיניות מלח בייגל בייגל 400 ג',יוניליוור ישראל שיווק בע`מ,,בייגלה שמיניות גדולו,גרמים,400.00,100 גרם,false,,8.90,0.0223,true,1,2122
7290000461656,false,בייגלה מקלות מלוחים בייגל בייגל 400 גרם,יוניליוור ישראל שיווק בע`מ,,מקלות בייגל,גרמים,400.00,100 גרם,false,,8.90,0.0223,true,1,2123
7290000461700,false,בייגלה שמיניות גדולות מלוחות 400 גרם,יוניליוור ישראל שיווק בע`מ,,בייגלה גדול גדול,גרמים,400.00,100 גרם,false,,13.90,0.0348,true,1,9323
7290000461724,false,בייגלה שמיניות גדולות שומשום בייגל בייגל,"יוניליוור ישראל שיווק בע""מ",,בייגלה שומשום 00,גרמים,400.00,100 גרם,false,,13.90,0.0348,true,1,9324
7290000461793,false,בייגלה ארוך ארוך סידרה ירוקה בייגל בייגל 150 גרם,יוניליוור ישראל שיווק בע`מ,,מקלות מלוחים קטן,גרמים,150.00,100 גרם,false,,6.90,0.0460,false,1,9326
7290000462103,false,סחוג תימני אדום חריף עדין זהבי הכרם 150 גרם,שטראוס גרופ בעמ/מצונן,,סחוג זהבי,גרמים,150.00,100 גרם,false,,8.90,0.0593,true,1,17638
7290000462141,false,סחוג אדום תימני מקורי חריף מאוד זהבי 150 גרם,שטראוס גרופ בעמ/מצונן,,סחוג חריף מאוד זהבי,גרמים,150.00,100 גרם,false,,8.90,0.0593,true,1,17639
7290000462172,false,סחוג זחוק ירוק תימני חריף זהבי (150 גרם),שטראוס גרופ בעמ/מצונן,,סחוג,גרמים,150.00,100 גרם,false,,8.90,0.0593,true,1,17640
7290000467320,false,מלך החומוס אבו מרוואן 400 גרם,קבוצת אוסם סחר שותפות מוגבלת,,חומוס אבו מרוואן 400,גרמים,400.00,100 גרם,false,,13.90,0.0348,true,1,30715
7290000474090,false,"חלב בקרטון 1%- 1 ליטר בד""צ - מוצר בפיקוח",החברה המרכזית טלהפצת משקאות בע,,חלב טרה הומוגני דל ש,ליטרים,1.00,ליטר,false,,5.86,5.8600,false,1,7183
7290000474373,false,"שמנת חמוצה 15% שומן 200 מ""ל טרה",החברה המרכזית טלהפצת משקאות בע,,שמנת חמוצה 15%,גרמים,200.00,100 גרם,false,,2.40,0.0120,false,1,7187
7290000474502,false,גבינה לבנה טרה 5% מרכיבים טבעיים,החברה המרכזית טלהפצת משקאות בע,,גבינה לבנה 250 גר' ט,גרמים,250.00,100 גרם,false,,4.98,0.0199,false,1,4993
7290000474540,false,טוב טעם גבינה לבנה 3% טרה 250 גרם,החברה המרכזית טלהפצת משקאות בע,,גבינה טוב טעם 3% טרה,גרמים,250.00,100 גרם,false,,11.50,0.0460,false,1,7189
7290000480107,false,קוואקר שיבולת שועל פחית 500 גרם,שטראוס פריטו ליי בעמ,,קוואקר שיבולת שועל פ,גרמים,500.00,100 גרם,false,,11.90,0.0238,false,1,10624
7290000480442,false,קוואקר שיבולת שועל בשקית 500 גרם,שטראוס פריטו ליי בע`מ,,שיבולת שועל קוואקר ב,גרמים,500.00,100 גרם,false,,12.90,0.0258,false,1,10629
7290000483412,false,קישוטי עוגה טיפטופים,המרשלג פרלינס בעמ,,קישוטים לעוגה,גרמים,60.00,100 גרם,false,,12.00,0.2000,true,1,11771
7290000484747,false,"ארק עלית 700 מ""ל 40% יקב הגליל*",יקב הגליל יוסף גולד ובניו,,עלית הארק,מיליליטרים,700.00,"100 מ""ל",false,,55.90,0.0799,false,1,65261
7290000490601,false,גלידל וניל פלדמן מארז שמינייה,הגלידות של פלדמן,,מאגדת גלידל דיאט שלג,גרמים,400.00,100 גרם,false,,29.90,0.0747,true,1,11463
7290000490762,false,גלידל שוקו פלדמן מארז שמינייה,הגלידות של פלדמן,,מאגדת גלידל שלגוני ש,גרמים,400.00,100 גרם,false,,29.90,0.0747,true,1,11466
7290000493176,false,אסם אבקת רוטב צלי לבשר 22 ג',קבוצת אוסם סחר שותפות מוגבלת,,רוטב צלי באבקה,גרמים,22.00,100 גרם,false,,4.40,0.2000,true,1,6072
7290000493183,false,אבקת רוטב פטריות לבשר-30 גרם,קבוצת אוסם סחר שותפות מוגבלת,,רוטב פטריות באבקה,גרמים,30.00,100 גרם,false,,4.40,0.1467,true,1,6073
7290000497044,false,לחם אקטיב ברמן (750 גרם),מאפית י את א ברמן בע,,לחם ברמן אקטיב,גרמים,750.00,100 גרם,false,,15.90,0.0212,true,1,32884
7290000497228,false,לחמניה רגילה בשקית ברמן 6יח',מאפית י את א ברמן בע,,מארז 6 לחמניות ברמן,גרמים,450.00,100 גרם,false,,11.90,0.0264,true,1,1776
7290000497303,false,"שישיית לחמניות מקמח מלא ""ברמן""",מאפית י את א ברמן בע,,לחמניות מקמח מלא,גרמים,540.00,100 גרם,false,,11.90,0.0220,true,1,1777
7290000497532,false,לחם ברמן לעניין פרוס ברמן (750 גרם),מאפית י את א ברמן בע,,לחם ברמן לעניין,גרמים,750.00,100 גרם,false,,13.90,0.0185,true,1,14118
7290000498003,false,לחם מקמח מלא 750 גר`E FREE ברמן,מאפית י את א ברמן בע,,לחם קמח מלא E-FREE,גרמים,750.00,100 גרם,false,,16.90,0.0225,true,1,73431
7290000498034,false,לחם אי פרי קמח כוסמין מלא 750 גר',מאפית י את א ברמן בע,,לחם כוסמין E-FREE,גרמים,750.00,100 גרם,false,,16.90,0.0225,true,1,80315
7290000504025,false,ממתיק סוכרזית פטרייה עלית 300 גרם,אף.סי תבליני בגליל ב,,פטריה 300טבל',גרמים,246.00,100 גרם,false,,8.50,0.0346,true,1,12273
7290000504049,false,סוכרזית קלאסי קנקן 1200 טבליות,אף.סי תבליני בגליל ב,,סוכרזית קנקן,גרמים,984.00,100 גרם,false,,24.50,0.0249,true,1,4527
7290000504209,false,"סוכרזית דיאט טיפ נוזלי 220 מ""ל",אף.סי תבליני בגליל ב,,דיאט טיפ ממתיק,יחידה,220.00,יחידה,false,,19.50,0.0886,true,1,12275
7290000504278,false,ממתיק סוכרזית אריזת פטנט 700 טבליות,אף.סי תבליני בגליל ב,,סוכרזית פטנט,גרמים,574.00,100 גרם,false,,17.90,0.0312,true,1,4528
7290000518152,false,ממתיק זהב מתוק וקל 50 שקיות,מתוק וקל בע`מ,,מתוק וקל זהב,גרמים,25.00,100 גרם,false,,6.90,0.2760,true,1,10397
7290000518169,false,ממתיק מתוק וקל 1000 טבליות,מתוק וקל בע`מ,,מתוק וקל 1000 יח,גרמים,820.00,100 גרם,false,,10.90,0.0133,true,1,11774
7290000518176,false,מתוק וקל 250 שקיות 250 גרם,מתוק וקל בע`מ,,מתוק וקל 250,גרמים,250.00,100 גרם,false,,18.90,0.0756,true,1,10398
7290000518190,false,מתוק וקל סטיביה 100 יחידות,מתוק וקל,,מתוק וקל סטיביה 100,יחידה,0.00,יחידה,false,,26.90,0.0000,true,1,68816
7290000518220,false,ממתיק סוכרה דיאט 100 יחידות,מתוק וקל בעמ,,סוכרה דיאט 100 שקיות,יחידה,0.00,יחידה,false,,25.00,0.0000,true,1,68752
7290000518237,false,סוכרה דיאט אבקת 100 גרם,מתוק וקל בעמ,,סוכרה דיאט אבקה 100,גרמים,100.00,100 גרם,false,,23.90,0.2390,true,1,68486
7290000518251,false,ממתיק זהב מתוק וקל 100 יחידות,מתוק וקל בע`מ,,מתוק וקל זהב 100,גרמים,100.00,100 גרם,false,,12.90,0.1290,true,1,11775
7290000518336,false,ממתק צמר גפן מתוק מסיבים תזונתיים,מתוק וקל בעמ,,צמר גפן מתוק,גרמים,10.00,100 גרם,false,,5.00,0.5000,true,1,89971
7290000518879,false,סוכרה דיאט 250 שקיות אריזת חסכון,מתוק וקל בעמ,,סוכרה דיאט 250 שקיות,גרמים,200.00,100 גרם,false,,49.90,0.2495,true,1,30485
7290000521008,false,יין אדום יבש של סגל (750 מל),"כרמי צבי - אחים סגל בע""\",,של סגל אדום יבש,מיליליטרים,750.00,"100 מ""ל",false,,19.90,0.0265,false,1,17051
7290000521015,false,יין לבן יבש של סגל (750 מל),"מיוצר ע""י כרמי צבי-",,סגל לבן יבש,מיליליטרים,750.00,"100 מ""ל",false,,19.90,0.0265,false,1,3888
7290000521022,false,"של סגל, יין לבן חצי יבש 750 מ""ל","מיוצר ע""י כרמי צבי-",,יין לבן חצי יבש,יחידה,750.00,יחידה,false,,19.90,0.0265,false,1,17052
7290000522111,false,חלב טרי אורגני 3% 1 ליטר,מחלבת רמת-הגולן,,חלב טרי אורגני 3% רמ,ליטרים,1.00,ליטר,false,,12.90,12.9000,false,1,7124
7290000523125,false,מלח הארץ הים האדום 250 ג' עדין,"חברת מלח הארץ אילת בע""\מ",,מלח ים 200 גר',גרמים,250.00,100 גרם,false,,5.50,0.0220,true,1,8254
7290000523224,false,מלח הארץ הים האדום 500 ג' עדין,"חברת מלח הארץ אילת בע""\מ",,מלח ים 500 גר',גרמים,500.00,100 גרם,false,,7.90,0.0158,true,1,746
7290000523514,false,מלח ים יבש מופחת נתרן מלח הארץ (250 גרם),"חברת מלח הארץ אילת בע""\מ",,מלח ים מופחת נתרן,גרמים,250.00,100 גרם,false,,10.00,0.0400,true,1,8255
7290000523521,false,מלח ים מלח הארץ 250 גרם מועשר ביוד,חברת מלח הארץ אילת ב,,מלח מועשר ביוד,גרמים,250.00,100 גרם,false,,5.90,0.0236,true,1,8256
7290000523804,false,"מלח עדין צנצנת 1 ק""ג מלח הארץ","חברת מלח הארץ אילת בע""\מ",,מלח הארץ עדין 1קג,קילוגרמים,1.00,"ק""ג",false,,7.50,7.5000,true,1,747
7290000523811,false,"צנצנת מלח גס 1 ק""ג מלח הארץ","חברת מלח הארץ אילת בע""\מ",,מלח הארץ גס 1קג,קילוגרמים,1.00,"ק""ג",false,,7.50,7.5000,true,1,748
7290000525969,false,מיץ תפוזים סחוט רכיבים טבעיים פרימור 1 ליטר,שטראוס גרופ בעמ/מצונן,,פרימור סחוט תפוזים 1,ליטרים,1.00,ליטר,false,,15.90,15.9000,false,1,12053
7290000530024,false,נקניק תה מעושן רחב במשקל,נקניק זוגלובק נהריה,,תה זוגלובק,קילוגרמים,1.00,"ק""ג",true,,49.90,49.9000,false,1,9018
7290000530031,false,סלמי פיין צר זוגלובק,זוגלובק,,סלמי פיין צר,קילוגרמים,1.00,"ק""ג",true,,52.90,52.9000,true,1,1931
7290000530048,false,נקניק סלמי פפרוני במ,נקניק זוגלובק נהריה,,סלמי פפרוני,קילוגרמים,1.00,"ק""ג",true,,46.90,46.9000,false,1,1932
7290000530062,false,נקניק מעושן איטלקי במשקל,זוגלובק שיווק בעמ,,מעושן איטלקי בלו,קילוגרמים,1.00,"ק""ג",true,,72.90,72.9000,true,1,9019
7290000530086,false,נקניק סלמי מעושן 7000 זוגלובק (600 גרם),נקניק נהריה כשר זוגל,,סלמי מעוש 7000ן,גרמים,610.00,100 גרם,false,,31.90,0.0523,true,1,14245
7290000530116,false,נקניק סלמי מעושן בשן 470 ג' זוגלובק,נקניק נהריה כשר זוגל,,נקניק בשן,גרמים,485.00,100 גרם,false,,25.90,0.0534,true,1,14247
7290000530178,false,קוניאק זוגלובק שקילה,זוגלובק שיווק בעמ,,נקניק קוניאק זוגלובק,קילוגרמים,1.00,"ק""ג",true,,79.90,79.9000,true,1,1933
7290000530192,false,זוגלובק סרבלד נקניק מעדניה,נקניק זוגלובק נהריה,,סרבלד זוגלובק,קילוגרמים,1.00,"ק""ג",true,,119.90,119.9000,true,1,9021
7290000530260,false,נקניק מרטדלה רחב במשקל,זוגלובק שיווק בעמ,,מרטדלה רחב,קילוגרמים,1.00,"ק""ג",true,,35.90,35.9000,true,1,9022
7290000530369,false,פסטרמה גולן חזה הודו מעושן מעדניה,נקניק זוגלובק נהריה,,גולן-חזה מעושן,קילוגרמים,1.00,"ק""ג",true,,79.90,79.9000,false,1,1934
7290000530413,false,המבורגר זהב זוגלובק 400 גרם,נקניק נהריה כשר זוגל,,המבורגר זהב,גרמים,400.00,100 גרם,false,,19.90,0.0497,true,1,9038
7290000530444,false,כתף בקר מעושן אורלנדו מש,זוגלובק שיווק בעמ,,כתף בקר זוגלובק,קילוגרמים,1.00,"ק""ג",true,,109.90,109.9000,true,1,9024
7290000530598,false,נקניקיות עוף וינר זוגלובק 500 גרם,נקניק נהריה כשר זוגל,,נקנקיות,גרמים,500.00,100 גרם,false,,17.00,0.0340,true,1,14250
7290000530703,false,פסטרמה חרמון כפרית ונקניק תה מעושן זוגלובק 2*400 גרם,נקניק נהריה כשר זוגל,,חרמון כפרית 400+תה 4,גרמים,800.00,100 גרם,false,,26.90,0.0336,true,1,1953
7290000531410,false,פסטרממיה בדבש טהור במשקל,נקניק זוגלובק נהריה,,פסטרממיה בדבש טה,קילוגרמים,1.00,"ק""ג",true,,79.90,79.9000,false,1,1935
7290000531601,false,סטייק בורגר בקר זהב 400 גרם קפוא,נקניק נהריה כשר זוגל,,סטייקבורגר זהב,גרמים,400.00,100 גרם,false,,19.90,0.0497,true,1,9041
7290000531977,false,בורקס במילוי גבינה זוגלובק 800 גרם,נקניק נהריה כשר זוגל,,בורקס גבינה 800 גר',גרמים,800.00,100 גרם,false,,16.90,0.0211,false,1,1954
7290000532400,false,פסטרמה חזה הודו ברביקיו זוגלובק,נקניק זוגלובק נהריה,,פסטרמה בר בי קיו זו,קילוגרמים,1.00,"ק""ג",true,,79.90,79.9000,false,1,1936
7290000532585,false,רוסטביף חצוי זוגלובק,נקניק זוגלובק נהריה,,רוסטביף זוגלובק,קילוגרמים,1.00,"ק""ג",true,,109.90,109.9000,true,1,18893
7290000532721,false,כתף בקר מעושן בפלפל טורו מעדניה,נקניק זוגלובק נהריה,,טורו זוגלובק,קילוגרמים,1.00,"ק""ג",true,,109.90,109.9000,false,1,9025
7290000533353,false,"בצק עלים צרפתי 1 ק""ג זוגלובק",מאפיית אריאל וגידרון,,בצק עלים זוגלובק,קילוגרמים,1.00,"ק""ג",false,,19.90,19.9000,false,1,9045
7290000533636,false,פסטרמה צלויה על לבנים מעדניה,נקניק זוגלובק נהריה,,פסטרממיה צלויה על לב,קילוגרמים,1.00,"ק""ג",true,,79.90,79.9000,false,1,1938
7290000533681,false,פסטרמה הודו מעושנת הבית,זוגלובק שיווק בעמ,,פסטרממיה מעושנת,קילוגרמים,1.00,"ק""ג",true,,79.90,79.9000,false,1,1939
7290000534718,false,פסטרמה הודו תבור 1% שומן זוגלובק,נקניק זוגלובק נהריה,,תבור-חזה הודו דל שומ,קילוגרמים,1.00,"ק""ג",true,,79.90,79.9000,false,1,1940
7290000535791,false,חזה בקר מעושן ניו יורק מעדניה,נקניק זוגלובק נהריה,,חזה בקר ניו יורק זוג,קילוגרמים,1.00,"ק""ג",true,,109.90,109.9000,false,1,18894
7290000536743,false,שניצלונים קריספי ט. תירס 500 גר' זוגלובק,נקניק נהריה כשר זוגל,,קריספי סטיקס תירס,גרמים,500.00,100 גרם,false,,13.90,0.0278,true,1,33503
7290000537566,false,נקניקיות עוף טרי 400 ג' זוגלובק,נקניק נהריה כשר זוגל,,נקנקיות עוף טרי,גרמים,400.00,100 גרם,false,,15.90,0.0398,true,1,14253
7290000538099,false,פסטרמה כפרית 2% שומן זוגלובק,זוגלובק שיווק בעמ,,פסטרממיה כפרית,קילוגרמים,1.00,"ק""ג",true,,79.90,79.9000,false,1,1943
7290000552194,false,קישקע קפוא טיבון ויל (500 גרם),טיבון ויל אחזקות בעמ,,קישקע 500 גר' טיבון,גרמים,500.00,100 גרם,false,,12.90,0.0258,true,1,11199
7290000554006,false,גבינה קשקבלו משולשים,מחלבות גד,,גבינת קשקבל גד,קילוגרמים,1.00,"ק""ג",true,,120.20,120.2000,true,1,8722
7290000554402,false,מעדן חלב מלבי גד (160 גרם),מחלבות גד שיווק 1992 בעמ,,מלבי 5% גד,גרמים,160.00,100 גרם,false,,5.40,0.0338,true,1,1731
7290000554457,false,גבינה צפתית 5% 350 גרם - רבנות,מחלבות גד שיווק 1992 בעמ,,צפתית גד 5%,גרמים,350.00,100 גרם,false,,21.00,0.0600,true,1,1732
7290000554471,false,נקניק מוצרלה 22 אחוז 180גרם גד מהדרין,מחלבות גד שיווק 1992 בעמ,,מוצרלה 22%,גרמים,180.00,100 גרם,false,,16.80,0.0933,true,1,1733
7290000554532,false,גבינה צפתית מעודנת במלח ים 5% 200 ג' גד,מחלבות גד שיווק 1992 בעמ,,צפתית מעודנת 5% 200ג,גרמים,200.00,100 גרם,false,,14.20,0.0710,true,1,1734
7290000554600,false,מוצרלה מגורדת 22 אחוז 300גרם גד מהדרין,מחלבות גד שיווק 1992 בעמ,,מוצרלה מגורדת 22%,גרמים,300.00,100 גרם,false,,25.90,0.0863,true,1,1735
7290000554624,false,ירח מתוק מעדן חלב עם אורז 3% גד 150 גרם,מחלבות גד שיווק 1992 בעמ,,ירח מתוק 3% גד,גרמים,150.00,100 גרם,false,,5.40,0.0360,true,1,6972
7290000554655,false,מוצרלה מעושנת גד א.ח נוכרי,מחלבות גד שיווק 1992 בעמ,,מוצרלה מעושנת בנקניק,קילוגרמים,1.00,"ק""ג",true,,82.50,82.5000,true,1,1727
7290000554686,false,גבינת לאבנה בתוספת שמן זית וזעתר 5% גד 250 גרם,מחלבות גד שיווק 1992 בעמ,,לבנה 5% זעתר גד,גרמים,250.00,100 גרם,false,,13.90,0.0556,true,1,1736
7290000554754,false,גבינה מוצרלה כדורקטן,מחלבות גד,,מוצרלה במים קטן,קילוגרמים,1.00,"ק""ג",true,,89.70,89.7000,true,1,8724
7290000554792,false,גבינה בולגרית 5%במשקל,מחלבות גד,,בולגרית 5% גד מעודנת,קילוגרמים,1.00,"ק""ג",true,,56.00,56.0000,false,1,8725
7290000554815,false,גבינת מוצרלה נקניק מעדנייה גד,מחלבות גד שיווק 1992 בעמ,,מוצרלה גד,קילוגרמים,1.00,"ק""ג",true,,79.80,79.8000,false,1,8726
7290000554822,false,ריקוטה גבינה לבנה בסגנון איטלקי 5% גד 250 גרם,מחלבות גד שיווק 1992 בעמ,,ריקוטה אורדה 5% גד,גרמים,250.00,100 גרם,false,,14.20,0.0568,true,1,1737
7290000554839,false,מסקרפונה שמנת מתוקה קשה בסגנון איטלקי 40% גד 250 גרם,מחלבות גד שיווק 1992 בעמ,,מסקרפונה 40% גד,גרמים,250.00,100 גרם,false,,21.30,0.0852,true,1,1738
7290000554891,false,גב.בולגרית %16 במשקל,מחלבות גד,,בולגרית 16% גד,קילוגרמים,1.00,"ק""ג",true,,56.00,56.0000,false,1,6968
7290000554921,false,גבינת ריקוטה איטלקית,מחלבות גד,,ריקוטה גד 5%,קילוגרמים,1.00,"ק""ג",true,,55.90,55.9000,false,1,8728
7290000554969,false,גב.שמנת 30%שומן1קג משקל,מחלבות גד,,גבינת שמנת טבעית גד,קילוגרמים,1.00,"ק""ג",true,,44.00,44.0000,true,1,8731
7290000554976,false,גבינת שמנת זיתים גד,מחלבות גד,,גבינת שמנת זיתים גד,קילוגרמים,1.00,"ק""ג",true,,44.00,44.0000,true,1,8732
7290000554983,false,גבינה לאבנה גד במשקל,מחלבות גד,,לבנה במשקל,קילוגרמים,1.00,"ק""ג",true,,37.40,37.4000,true,1,8733
7290000554990,false,מוצרלה כדורים גדולים,מחלבות גד,,מוצרלה גד במים,קילוגרמים,1.00,"ק""ג",true,,89.70,89.7000,true,1,13025
7290000555501,false,פיקדון 30 אגורות,,,פיקדון בק ריק,יחידה,0.00,יחידה,false,,0.30,0.0000,false,1,88
7290000555502,false,פיקדון שש בק',,,פיקדון שש בק',יחידה,0.00,יחידה,false,,1.80,0.0000,false,1,42
7290000555503,false,פיקדון בירה קוזל,פריגת,,פיקדון ארבע בק',יחידה,0.00,יחידה,false,,1.20,0.0000,false,1,3902
7290000555504,false,פיקדון שמונה בק',,,פיקדון שמונה בק',יחידה,0.00,יחידה,false,,2.40,0.0000,false,1,35231
7290000555507,false,פיקדון שתיים עשרה בק,,,פיקדון שתיים עשרה בק,יחידה,0.00,יחידה,false,,3.60,0.0000,false,1,70215
7290000555508,false,פיקדון חמש בק',,,פיקדון חמש בק',יחידה,0.00,יחידה,false,,1.50,0.0000,false,1,100672
7290000560021,false,ג`ל גילוח נגד חתכים אדג` (198 גרם),המאפיה של הרמן,,אדג' ג'ל סגול נגד חת,גרמים,200.00,100 גרם,false,,17.90,0.0895,false,1,15958
7290000560533,false,אדג`פרו ג`ל לגילוח רגיל ירוק 220 מל,אס.סי ג'ונסון ובניו,,אדג' ג'ל ירוק לעור ר,גרמים,200.00,100 גרם,false,,17.90,0.0895,false,1,15959
7290000560540,false,אדג`פרו ג`ל לגילוח עור רגיש כתום220,המאפיה של הרמן,,אדג' ג'ל כתום לעור ר,גרמים,200.00,100 גרם,false,,17.90,0.0895,false,1,15960
7290000561097,false,תערובת פיצוחים מובחרת 150 גר`פיצוחי חממ,בוטנת בעמ,,תערובת פיצוחים מובחר,גרמים,150.00,100 גרם,false,,14.90,0.0993,true,1,74414
7290000561189,false,חמוציות 200 גר`פיצוחי חממה,בוטנת בעמ,,חמוציות חתוכות 200 ג,גרמים,200.00,100 גרם,false,,8.90,0.0445,true,1,74867
7290000561202,false,גרעינים חמניה 200 גרם פיצוחי חממה,בוטנת בעמ חברה לקלייה ואריזת פ,,גרעיני חמניה 200 גר,גרמים,200.00,100 גרם,false,,5.80,0.0290,true,1,17486
7290000561233,false,בוטן קלוף קלוי פיצוחי חממה (200 גרם),בוטנת בעמ חברה לקלייה ואריזת פ,,בוטן קלוי 200 גרם,גרמים,200.00,100 גרם,false,,7.20,0.0360,true,1,17488
7290000561295,false,חמוציות ברכז תפוחים 200 גר`פיצוחי חממה,בוטנת בעמ,,חמוציות ברכז 200 גר',גרמים,200.00,100 גרם,false,,13.90,0.0695,true,1,75195
7290000561363,false,גרעיני אבטיח 200 גרם פיצוחי חממה,בוטנת בעמ חברה לקלייה ואריזת פ,,גרעיני אבטיח 200 גר,גרמים,200.00,100 גרם,false,,14.90,0.0745,true,1,17492
7290000561936,false,צימוק כהה 200 גר',,,צימוק כהה 200 גר',גרמים,200.00,100 גרם,false,,8.90,0.0445,true,1,17499
7290000571126,false,גבינת גאודה+כמון בית,תנובה מרכז שיתופי לש,,גבינת גאודה+כמון בית,קילוגרמים,1.00,"ק""ג",true,,103.20,103.2000,false,1,6811
7290000571188,false,גבינת גאודה תום עיזים במשקל,מחלבות גד שיווק 1992 בעמ,,גאודה תום עיזים בית,קילוגרמים,1.00,"ק""ג",true,,153.40,153.4000,false,1,8039
7290000571232,false,גבינת גאודה טבעית פרוס 30% המחלווה 150ג',גבינות משק אחים מאיר בית,,גבינת גאודה 30% בית,גרמים,150.00,100 גרם,false,,23.90,0.1593,true,1,6872
7290000571294,false,גבינת גאודה מעושנת ב,מחלבה בית יצחק,,גאודה מעושנת בית יצח,קילוגרמים,1.00,"ק""ג",true,,103.10,103.1000,true,1,21328
7290000571300,false,גבינה גאודה פרוס מעושנת המחלבה 150ג',מחלבות גד שיווק 1992 בעמ,,גאודה פרוס מעושנת,גרמים,150.00,100 גרם,false,,23.90,0.1593,true,1,21009
7290000571386,false,המחלבה יוגורמה יוגורט מחלב כבשים 5% 850 גרם,גבינות משק אחים מאיר בית,,יוגורט מחלב כבשים 5%,גרמים,850.00,100 גרם,false,,26.50,0.0312,true,1,6873
7290000571393,false,המחלבה יוגורמה יוגורט מחלב כבשים 5% 140 גרם,מחלבות גד שיווק 1992 בעמ,,יוגורמה מחלב כבשים 5,גרמים,140.00,100 גרם,false,,5.80,0.0414,true,1,6874
7290000571478,false,גבינת עיזים תום פרוסה המחלבה (200 גרם),גבינות משק אחים מאיר בית,,גבינת תום עיזים 30%,גרמים,150.00,100 גרם,false,,37.00,0.2467,true,1,8149
7290000571843,false,המחלבה יוגורמה גביע מחלב עזים 140 גרם,גבינות משק אחים מאיר בית,,יוגורמה עיזים 140 גר,גרמים,140.00,100 גרם,false,,5.60,0.0400,true,1,59046
7290000571935,false,יוגורמה כבשים עם גרנולה מתוקה 142 גרם,גבינות משק אחים מאיר בית,,יוגורמה כבשים עם גרנ,גרמים,142.00,100 גרם,false,,5.80,0.0408,true,1,84225
7290000572055,false,אחוה חלוה ללא סוכר עם סיבים ואגוזים 400 גרם,אחדות ביחר לטחינה חל,,חלוה לייט 400 גרם,גרמים,400.00,100 גרם,false,,13.50,0.0338,true,1,13382
7290000572208,false,חלוה בטעם וניל אחווה 100 גרם,שוורצקוף& הנקל דיסלד,,חלבה אחווה וניל 100,גרמים,100.00,100 גרם,false,,2.90,0.0290,false,1,13383
7290000572215,false,חלבה``שלגון``מצופה 80 גרם בד``צ,אחדות ביתחרושת לטחינה חלבה,,חלבה אחוה מצופה 80 ג,גרמים,80.00,100 גרם,false,,2.90,0.0362,true,1,13384
7290000572222,false,חלווה בלוק וניל אחוה 500 גרם,שוורצקוף& הנקל דיסלד,,חלבה וניל בלוק אחווה,גרמים,500.00,100 גרם,false,,11.50,0.0230,true,1,13385
7290000572529,false,חלוה עם פיסטוק אחווה 400 גרם,אחדות ביתחרושת לטחינה חלבה,,חלבה פיסטוק אחווה 40,גרמים,400.00,100 גרם,false,,12.50,0.0313,true,1,13386
7290000572536,false,אחווה חלווה ווניל במגש 400 גר,אחדות ביתחרושת לטחינה חלבה,,חלבה אחווה וניל 400,גרמים,400.00,100 גרם,false,,10.90,0.0273,true,1,13387
7290000572543,false,חלוה בטעם שוקו וניל אחווה 400 גרם,אחדות ביתחרושת לטחינה חלבה,,חלבה אחווה שוקו וניל,גרמים,400.00,100 גרם,false,,10.90,0.0273,true,1,13388
7290000572628,false,חלבה חטיף לייט 25 ג* 11יח קופ`שי אחוה,שוורצקוף& הנקל דיסלד,,חלבה אחווה וניל ללא,גרמים,275.00,100 גרם,false,,13.90,0.0505,true,1,13389
7290000572673,false,חלבה וניל קקאו ואגוזים אחוה (25x12 גרם),שוורצקוף& הנקל דיסלד,,חלבה אורגנית אחווה מ,גרמים,300.00,100 גרם,false,,13.90,0.0463,true,1,13391
7290000599748,false,כפפות חד פעמיות 100 יח',,,כפפות ניילון חד פעמי,יחידה,0.00,יחידה,false,,5.00,0.0000,true,1,118856
7290000604343,false,תמרים פרי שמש 400ג*,שושן (פירות)יבשים בעמ,,תמרים 400גר',גרמים,400.00,100 גרם,false,,9.90,0.0248,true,1,4328
7290000630526,false,עוף טרי מפורק,תנובה בשר,,עוף טרי מפורק,קילוגרמים,1.00,"ק""ג",true,,19.90,19.9000,false,1,875
7290000631059,false,כבד לצליה בלבד תפזור,תנובה,,כבד לצליה בלבד תפזור,קילוגרמים,1.00,"ק""ג",true,,16.90,16.9000,false,1,876
7290000631257,false,לב עוף טרי[קצביה ]**.,ח.י. מעדני גורמה בעמ,,לב לצליה בלבד,קילוגרמים,1.00,"ק""ג",true,,25.90,25.9000,false,1,877
7290000632278,false,שניצל עוף טרי,,,שניצל עוף טרי,קילוגרמים,1.00,"ק""ג",true,,39.90,39.9000,false,1,4689
7290000632452,false,כרעיים עוף טרי(קצביה )**.,"ח.י. מעדני גורמה בע""מ",,כרעיים עוף טרי תפזור,קילוגרמים,1.00,"ק""ג",true,,26.90,26.9000,false,1,880
7290000632629,false,שווארמה פרגיות,,,שווארמה פרגיות,קילוגרמים,1.00,"ק""ג",true,,64.90,64.9000,false,1,4690
7290000633855,false,כנפיים עוף טרי מקוצבות[קצביה],"ח.י. מעדני גורמה בע""מ",,כנפיים עוף טרי (ללא,קילוגרמים,1.00,"ק""ג",true,,9.90,9.9000,false,1,881
7290000634326,false,גרונות עוף,תנובה בשר,,גרונות עוף,קילוגרמים,1.00,"ק""ג",true,,3.00,3.0000,true,1,8340
7290000640150,false,הודו שלם נקבה}קצביה{**,ח.י. מעדני גורמה בעמ,,הודו שלם,קילוגרמים,1.00,"ק""ג",true,,29.90,29.9000,false,1,883
7290000640945,false,פילה עוף טרי,,,פילה עוף טרי,קילוגרמים,1.00,"ק""ג",true,,31.90,31.9000,false,1,58240
7290000641751,false,חזה הודו טרי,,,חזה הודו טרי,קילוגרמים,1.00,"ק""ג",true,,32.90,32.9000,false,1,6958
7290000642840,false,שוק הודו טרי,,,שוק הודו טרי,קילוגרמים,1.00,"ק""ג",true,,29.90,29.9000,false,1,884
7290000643243,false,שווארמה הודו נקבה טר,תנובה בשר,,טרי הודו שווארמה נקב,קילוגרמים,1.00,"ק""ג",true,,74.90,74.9000,false,1,6960
7290000643359,false,טרי שוק הודו מפורק ל,,,טרי שוק הודו מפורק ל,קילוגרמים,1.00,"ק""ג",true,,57.90,57.9000,false,1,6961
7290000643946,false,כנף הודו טרי,,,כנף הודו טרי,קילוגרמים,1.00,"ק""ג",true,,13.90,13.9000,false,1,4691
7290000644356,false,גרון הודו נ. טרי,,,גרון הודו טרי,קילוגרמים,1.00,"ק""ג",true,,31.90,31.9000,false,1,885
7290000644783,false,נתחי פילה סלמון קפוא קג,תנובה קפואים,,פילה סלמון מנות בואק,קילוגרמים,1.00,"ק""ג",true,,84.90,84.9000,true,1,8347
7290000652542,false,פילה אמנון 5-7 100% דג- תנובה,תנובה קפואים,,פילה אמנון 5-7 תנובה,קילוגרמים,1.00,"ק""ג",true,,31.90,31.9000,true,1,83889
7290000652894,false,סטייק דג טונה קפוא 100% תנובה,תנובה ענף ב.ע.ד,,סטייק דג טונה 100% ת,קילוגרמים,1.00,"ק""ג",true,,39.90,39.9000,true,1,85563
7290000654546,false,פילה אמנון 7-9 100% דג תנובה,תנובה,,פילה אמנון 7-9 תנובה,קילוגרמים,1.00,"ק""ג",true,,32.90,32.9000,true,1,85284
7290000655376,false,פילה דניס קפוא בוואקום 100% דג תנובה,תנובה קפואים,,פילה דניס קפוא תנובה,קילוגרמים,1.00,"ק""ג",true,,81.90,81.9000,true,1,67628
7290000658926,false,"פילה מרלוזה קפוא 100% ""תנובה""",דגי תנובה,,פילה מרלוזה קפוא תנו,קילוגרמים,1.00,"ק""ג",true,,31.90,31.9000,true,1,71545
7290000659312,false,דגי תנובה פילה סלומון קפוא בוואקום,תנובה בשר,,פילה סלמון קפוא,קילוגרמים,1.00,"ק""ג",true,,72.90,72.9000,true,1,8353
7290000662817,false,סלמון מעושן 100 גרם נורבגי מדג טרי,תנובה ענף ב.ע.ד,,סלמון מעושן 100 גר',גרמים,100.00,100 גרם,false,,21.00,0.2100,true,1,87982
7290000663135,false,קוביות סלומון קפוא 100% דג 300 גרם תנובה,תנובה מרכז שיתופי לשיווק תוצרת,,קוביות סלומון להקפצה,גרמים,300.00,100 גרם,false,,29.90,0.0997,true,1,90193
7290000679440,false,"קמיל בלו משחת החתלה לתינוק ד""ר פישר 100 גרם","פישר תעשיות פרמבצטיות בע""מ",,משחה לתינוק קמיל בלו,גרמים,100.00,100 גרם,false,,15.90,0.1590,true,1,5226
7290000688084,false,מי עדן פקק ספורטאים500מל,יפאורה שותפות מוגבלת לשיווק,,מי עדן ספורט 5 0.,יחידה,500.00,יחידה,false,,2.70,0.0054,false,1,10060
7290000688381,false,מים מינרלים פקק ספורט מי עדן (500x6 מל),יפאורה שותפות מוגבלת לשיווק,,מי עדן שישייה 0.5 ל',ליטרים,3.00,ליטר,false,,12.90,4.3000,false,1,10064
7290000688466,false,מי עדן 0.75 ליטר ספורט בודד,יפאורה שותפות מוגבלת לשיווק,,מי עדן ג'ים 750,יחידה,750.00,יחידה,false,,3.10,0.0041,true,1,10065
7290000688503,false,"מים מינרלים פקק ספורט מי עדן 6*750 מ""ל",יפאורה שותפות מוגבלת לשיווק,,מי עדן ספורט שישייה,ליטרים,4.50,ליטר,false,,14.90,3.3111,true,1,10066
7290000692135,false,ספיד סטיק דאו בסיסי ירוק א.פ פרש פאוור,קולגייט-פלמוליב,,ספיד סטיק לגבר,גרמים,60.00,100 גרם,false,,19.90,0.3317,true,1,6636
7290000692203,false,נוזל לניקוי כללי ורצפות בניחוח לימון אג'קס 2 ליטר,הנסיך- מפעל לייצור ט,,אג'קס ירוק 2 ליטר,ליטרים,2.00,ליטר,false,,22.90,11.4500,false,1,6637
7290000692210,false,נוזל לניקוי כללי ורצפות בניחוח לבנדר אג'קס 2 ליטר,הנסיך- מפעל לייצור ט,,אג'קס סגול 2 ליטר,ליטרים,2.00,ליטר,false,,22.90,11.4500,false,1,6638
7290000692227,false,נוזל לניקוי כלים קלאסי פלמוליב (1 ליטר),יבואן ומשווק: ש. שסט,,פלמוליב לכלים 1ליטר,ליטרים,1.00,ליטר,false,,13.90,13.9000,false,1,6639
7290000692456,false,אג'קס חלונות זוג 750*2 מל ספריי ורפיל,הנסיך- מפעל לייצור ט,,אג'קס לחלונות זוג,ליטרים,1.50,ליטר,false,,24.90,16.6000,true,1,6642
7290000803067,false,"משחת שיניים לילדים גילאים 6-2 אלמקס 75 מ""ל",הנסיך- מפעל לייצור ט,,אלמקס משחת שיניים לי,גרמים,75.00,100 גרם,false,,15.90,0.2120,true,1,3432
7290000803180,false,"מרידול-שטיפת פה דנטלית 400 מ""ל",קולגייט פלמוליב,,מרידול שטיפת פה 400מ,מיליליטרים,400.00,"100 מ""ל",false,,32.90,0.0822,true,1,15966
7290000804484,false,אלמקס שטיפת פה דנטלית למניעת עששת 400מל,קולגייט פלמוליב,,אלמקס מי פה לשטיפה 4,מיליליטרים,400.00,"100 מ""ל",false,,27.90,0.0697,true,1,15970
7290000805900,false,"מזון חתולים לה קט עוף 2.85 ק""ג",דיפלומט מפיצים (1968) בעמ**,,"לה קט עוף 2.85 ק""ג",קילוגרמים,2.85,"ק""ג",false,,59.90,21.0175,false,1,3335
7290000805917,false,"מזון חתולים לה קט כבד 2.85 ק""ג",דיפלומט מפיצים (1968) בעמ**,,"לה קט כבד 2.85 ק""ג",קילוגרמים,2.85,"ק""ג",false,,59.90,21.0175,true,1,3336
7290000805924,false,"מזון חתולים לה קט דגים 2.85 ק""ג",דיפלומט מפיצים (1968) בעמ**,,"לה קט דגים 2.85 ק""ג",קילוגרמים,2.85,"ק""ג",false,,59.90,21.0175,false,1,3337
7290000830001,false,אגוזי ברזיל,,,אגוזי ברזיל,קילוגרמים,1.00,"ק""ג",true,,69.00,69.0000,true,1,5253
7290000841557,false,"סטרילי נוזל חיטוי 500 מ""ל לניקוי פירות וירקות",סטרילי מעבדות בעמ,,סטרילי טבע-תרכיז לני,מיליליטרים,500.00,"100 מ""ל",false,,13.50,0.0270,true,1,33273
7290000907970,false,פסטרמה כפרית טירת צב,טירת- צבי,,פסטרמה כפרית טירת צב,קילוגרמים,1.00,"ק""ג",true,,53.90,53.9000,false,1,890
7290001045688,false,"מיץ תפוזים סחוט פרימור 400 מ""ל",שטראוס גרופ בעמ/מצונן,,פרימור תפוזים סחוט 4,מיליליטרים,400.00,"100 מ""ל",false,,8.70,0.0218,true,1,12057
7290001121023,false,פסטרמה של פעם יחיעם,מעדני יחיעם,,פסטרמה של פעם יחיעם,קילוגרמים,1.00,"ק""ג",true,,79.90,79.9000,false,1,1803
7290001121054,false,צמד חמד פסטרמה וסלמי יחיעם 700 גרם,מעדני יחיעם ( 1993 ) בע`מ,,זוג פסטרמה יחיעם,גרמים,700.00,100 גרם,false,,24.90,0.0356,true,1,1826
7290001121092,false,פסטרמה עוף בגריל במשקל,מעדני יחיעם,,פסטרמה עוף בגריל,קילוגרמים,1.00,"ק""ג",true,,79.90,79.9000,false,1,1804
7290001121238,false,קורנדביף 4% שומן יחיעם (180 גרם).,מעדני יחיעם ( 1993 ) בע`מ,,קורנד ביף 180 גר',גרמים,180.00,100 גרם,false,,25.90,0.1439,true,1,14199
7290001121672,false,פסטרמה מעודנת בפפריקה 300 ג' יחיעם,מעדני יחיעם (1993) בעמ,,פסטרמה מעודנת בפפריק,גרמים,300.00,100 גרם,false,,22.90,0.0763,true,1,22039
7290001121849,false,פסטרמה ברביקיו יחיעם 250 גרם ר.טבעיים,מעדני יחיעם ( 1993 ) בע`מ,,פסטרמה 100% חומרים ט,גרמים,250.00,100 גרם,false,,25.90,0.1036,true,1,25463
7290001121931,false,קבנוס מקסיקני דק דק יחיעם 125 גרם,מעדני יחיעם ( 1993 ) בע`מ,,קבנוס מקסיקני דק דק,גרמים,125.00,100 גרם,false,,13.90,0.1112,true,1,21992
7290001124536,false,ארוחת נודלס טעם תירס מג'יק 70 גרם,נטו מלינדה סחר בעמ,,מגיק איטריות,גרמים,70.00,100 גרם,false,,5.00,0.0714,false,1,11213
7290001124611,false,שומן כבש טיבון ויל 200 גרם,טיבון ויל אחזקות בעמ,,שומן כבש 200 גר,גרמים,200.00,100 גרם,false,,21.90,0.1095,true,1,11214
7290001133484,false,"פילה סלמון פרימיום עד""ח 1.4-1.8 ק""ג",לאטי עזרא,,פילה סלמון נורבגי,קילוגרמים,1.00,"ק""ג",true,,79.90,79.9000,true,1,79639
7290001136287,false,"שמפו לשיער רגיל בבושם פרחים נקה 7 750 מ""ל",החברה הדרומית לשיווק בעמ,,נקה 7-שמפו רגיל ירו,מיליליטרים,750.00,"100 מ""ל",false,,11.90,0.0159,true,1,18531
7290001136294,false,"שמפו לשיער יבש בבישום פרחים נקה 7 750 מ""ל",החברה הדרומית לשיווק בעמ,,נקה 7-שמפו יבש אדו,מיליליטרים,750.00,"100 מ""ל",false,,11.90,0.0159,true,1,18532
7290001136300,false,"נקה 7 שמפו ומרכך לסירוק קל 750 מ""ל",החברה הדרומית לשיווק בעמ,,נקה 7-שמפו סירוק קל,מיליליטרים,750.00,"100 מ""ל",false,,11.90,0.0159,true,1,18533
7290001136362,false,נקה 7 תחליב רחצה אלוורה ארומה ירוק 1 ל',מיוצר בסין.יבוא ושיו,,נקה תחליב רחצה ירוק,ליטרים,1.00,ליטר,false,,13.90,13.9000,true,1,18535
7290001136683,false,"מרכך לשיער רגיל בבושם פרחים נקה 7 750 מ""ל",החברה הדרומית לשיווק בעמ,,נקה 7-מייצב רגיל ירו,מיליליטרים,750.00,"100 מ""ל",false,,11.90,0.0159,true,1,18539
7290001136799,false,נקה 7 תחליב רחצה ארומה ורוד יסמין 1 ל',החברה הדרומית לשיווק בעמ,,נקה תחליב רחצה ורוד,ליטרים,1.00,ליטר,false,,13.90,13.9000,true,1,18541
7290001136973,false,נקה 7 תחליב רחצה ארומה קמומיל לבן 1 ל',החברה הדרומית לשיווק בעמ,,נקה תחליב רחצה לבן ק,ליטרים,1.00,ליטר,false,,13.90,13.9000,true,1,18542
7290001164266,false,אפקטבעי גרנולה ללא סוכר 500גר,אפקט טבעי בעמ,,גרנולה ללא סוכר,גרמים,500.00,100 גרם,false,,21.00,0.0420,true,1,32046
7290001164402,false,אפקטבעי ג'עלה בצנצנת 200 גרם,בטר אנד דיפרנט,,תערובת ג'עלה,גרמים,200.00,100 גרם,false,,12.90,0.0645,true,1,12859
7290001164419,false,גאלה תערובת אגוזים וגרעינים לסלט 600 גר,אפקט טבעי,,תערובת ג'עלה,גרמים,600.00,100 גרם,false,,28.90,0.0482,true,1,12860
7290001216040,false,טחינה גולמית שומשום טהור אל ארז 500 גרם,אגס ירוק מסחר ושירותים,,טחינה אל ארז 0.5קג,יחידה,1.00,יחידה,false,,15.00,15.0000,true,1,4650
7290001216057,false,"טחינה שומשום טהור אל ארז 1 ק""ג",אגס ירוק מסחר ושירותים,,טחינה אל ארז 1קג,גרמים,500.00,100 גרם,false,,27.90,0.0558,true,1,4651
7290001216101,false,"טחינה שומשום מלא אל ארז 1 ק""ג",סוגת תעשיות בעמ,,טחינה מלאה 1 קג אל א,גרמים,1000.00,100 גרם,false,,29.90,0.0299,true,1,85849
7290001216231,false,טחינה גולמית שומשום מלא אל ארז 500 גרם,אגס ירוק מסחר ושירותים,,טחינה מלאה אל ארז,גרמים,500.00,100 גרם,false,,15.90,0.0318,true,1,12774
7290001230331,false,סיגריות כאמל בוקס חפ,Unknown,,כאמל בוקס,יחידה,0.00,יחידה,false,,30.00,0.0000,false,1,4245
7290001231932,false,ווינסטון כחול בוקס חפיסה,Unknown,,וינסטון כחול בוקס,יחידה,0.00,יחידה,false,,32.00,0.0000,false,1,4250
7290001246900,false,אקופרינד-מסיר שומנים 750 מל,אקופרנד,,אקופרנד מסיר שומנים,מיליליטרים,750.00,"100 מ""ל",false,,17.90,0.0239,true,1,82691
7290001246924,false,אקופירנד-ניקוי חלונות 750 מל,סאסאטק,,אקופרנד ניקוי חלונות,מיליליטרים,750.00,"100 מ""ל",false,,13.90,0.0185,true,1,86514
7290001246962,false,אקופרינד-נוזל כלים תפוז 1 ליטר,פ.פ.ח. שאביט,,אקופרנד נוזל כלים תפ,ליטרים,1.00,ליטר,false,,13.90,13.9000,true,1,82004
7290001246979,false,אקופרינד-נוזל כלים 1 ליטר לימון,סאסאטק,,אקופרנד נוזל כלים לי,ליטרים,1.00,ליטר,false,,13.90,13.9000,true,1,81777
7290001246993,false,אקופרינד-נוזל רצפות 4 ליטר,אקופרנד,,אקופרנד נוזל רצפות 4,ליטרים,4.00,ליטר,false,,25.90,6.4750,true,1,81581
7290001247068,false,קרטונית נקטר ספרינג תות בננה 1 ליטר,יפאורה שותפות מוגבלת לשיווק,,ספרינג קרטונית תות ב,ליטרים,1.00,ליטר,false,,6.90,6.9000,false,1,10073
7290001247082,false,מיץ עגבניות רכיבים טבעיים ספרינג 1 ליטר,יפאורה שותפות מוגבלת לשיווק,,ספרינג קרטונית עגבני,ליטרים,1.00,ליטר,false,,6.90,6.9000,false,1,10075
7290001247099,false,קרטונית נקטר ספרינג מנגו 1 ליטר,יפאורה שותפות מוגבלת לשיווק,,ספרינג קרטונית מנגו,ליטרים,1.00,ליטר,false,,6.90,6.9000,false,1,10076
7290001247105,false,קרטונית נקטר ספרינג אפרסק 1 ליטר,יפאורה שותפות מוגבלת לשיווק,,ספרינג קרטונית אפרסק,ליטרים,1.00,ליטר,false,,6.90,6.9000,false,1,10077
7290001247112,false,קרטונית נקטר ספרינג לימונענע 1 ליטר,יפאורה שותפות מוגבלת לשיווק,,ספרינג קרטונית לימונ,ליטרים,1.00,ליטר,false,,6.90,6.9000,false,1,10078
7290001247129,false,נקטר ספרינג תפוזים קרטונית 1 ל',יפאורה שותפות מוגבלת לשיווק,,ספרינג קרטונית תפוזי,ליטרים,1.00,ליטר,false,,6.90,6.9000,false,1,10079
7290001247143,false,קרטונית נקטר ספרינג תפוחים 1 ליטר,יפאורה שותפות מוגבלת לשיווק,,ספרינג קרטונית תפוחי,ליטרים,1.00,ליטר,false,,6.90,6.9000,false,1,10080
7290001258019,false,קממבר עיזים בייבי במשקל,גבינות משק יעקבס,,קממברט עיזים בייבי,קילוגרמים,1.00,"ק""ג",true,,135.00,135.0000,true,1,62448
7290001258040,false,משולש גבינת רוקפור משקל,גבינות משק יעקבס,,רוקפור משק יעקבס,קילוגרמים,1.00,"ק""ג",true,,114.90,114.9000,true,1,78228
7290001258101,false,גבינת גאודה טבעית במ,מחלבת משק יעקובס,,גאודה טבעית יעקבס,קילוגרמים,1.00,"ק""ג",true,,95.00,95.0000,true,1,9164
7290001258149,false,פקורינו רומנו צאן 30%,גבינות משק יעקבס,,פקורינו רומנו צא,קילוגרמים,1.00,"ק""ג",true,,134.90,134.9000,true,1,9165
7290001258163,false,סנט מור עיזים 26% במשקל,גבינות משק יעקבס,,גבינת סנט מור,קילוגרמים,1.00,"ק""ג",true,,145.00,145.0000,true,1,9166
7290001258323,false,משולש גאודה כמון משקל,משק יעקבס,,גאודה כמון קימל.,קילוגרמים,1.00,"ק""ג",true,,94.90,94.9000,true,1,78230
7290001258378,false,גבינת חלומי במשקל,גבינות משק יעקבס,,גבינת חלומי,קילוגרמים,1.00,"ק""ג",true,,89.90,89.9000,true,1,24614
7290001258415,false,רוקפור באריזת ווקום יעקובס 180 גרם,גבינות משק יעקבס,,גבינת רוקפור 32%,גרמים,180.00,גרם,false,,26.90,0.1494,true,1,9180
7290001258446,false,"יעקבס יוגורט כבשים 5% 850 מ""ל",גבינות משק יעקבס,,יוגורט כבשים 5%,מיליליטרים,850.00,"100 מ""ל",false,,18.90,0.0222,true,1,9181
7290001258552,false,גבינה לאבנה בקר 250 גרם,בטר אנד דיפרנט,,גבינת לבנה בקר 250 ג,גרמים,250.00,100 גרם,false,,11.50,0.0460,true,1,33596
7290001258576,false,גאודה ואקום יעקובס 200 גרם,גבינות משק יעקבס,,גבינת גאודה 28%,גרמים,180.00,גרם,false,,23.90,0.1328,true,1,9183
7290001258620,false,גבינת מנצ'גו משק יעקבס 180 גרם,גבינות יעקבס,,גבינת מנצ'גו,יחידה,0.00,יחידה,false,,22.90,0.0000,true,1,9185
7290001258668,false,גבינת עז מה 5% יעקבס 250 גרם,גבינות משק יעקבס,,גבינת עז מה 5% 250 מ,מיליליטרים,250.00,"100 מ""ל",false,,16.90,0.0676,true,1,9186
7290001258682,false,"יוגורט עיזים באריזה 500 מ""ל",גבינות משק יעקבס,,יוגורט עיזים 3% 500,מיליליטרים,500.00,"100 מ""ל",false,,13.90,0.0278,true,1,9187
7290001258729,false,לאבנה עיזים יעקובס 250 גרם,גבינות משק יעקבס,,"לבנה עיזים 250 מ""ל",גרמים,250.00,100 גרם,false,,16.90,0.0676,true,1,9188
7290001258736,false,משולש גבינת קשקבל27%משקל,גבינות משק יעקבס,,מארז קשקבל יעקבס,קילוגרמים,1.00,"ק""ג",true,,114.90,114.9000,true,1,83072
7290001258774,false,מוצרלה בייבי 150 גרם יעקובס,גבינות משק יעקבס,,גבינת מוצרלה 140 גר',גרמים,140.00,100 גרם,false,,11.50,0.0821,true,1,20312
7290001258798,false,פטה כבשים יעקבס 250 גר,גבינות משק יעקבס,,גבינת פטה כבשים 250,גרמים,250.00,100 גרם,false,,29.90,0.1196,true,1,20314
7290001258804,false,קשקבל גבינה חצי קשה יעקבס 180 גרם,גבינות משק יעקבס,,גבינת קשקבל 180 גר',גרמים,180.00,100 גרם,false,,26.90,0.1494,true,1,20315
7290001258958,false,מוצרלה מגורדת יעקבס 200 גרם,גבינות משק יעקבס,,מוצרלה מגורדת 200 גר,גרמים,200.00,100 גרם,false,,21.90,0.1095,true,1,30509
7290001258972,false,גבינת חלומי בואקום 2,גבינות משק יעקבס,,גבינת חלומי 200 גר',גרמים,200.00,100 גרם,false,,21.90,0.1095,true,1,30510
7290001258989,false,קממבר בקר בייבי במשקל,גבינות משק יעקבס,,קממברט בקר בייבי,קילוגרמים,1.00,"ק""ג",true,,110.00,110.0000,true,1,73132
7290001265642,false,"מזון חתולים מעדני פטה 1.2 ק""ג מארז 3 יחידות",דיפלומט מפיצים (1968) בעמ**,,לה קט שלישיה,קילוגרמים,1.20,"ק""ג",false,,19.90,16.5833,true,1,15756
7290001274934,false,"שמיניית גלידל פרי לימון ""פלדמן""",הגלידות של פלדמן,,מאגדת גלידל דיאט קרח,גרמים,640.00,100 גרם,false,,24.90,0.0389,true,1,11471
7290001305058,false,"פלמוליב - נטורלס תחליב רחצה חלב ודבש 500 מ""ל",הנסיך- מפעל לייצור ט,,פלמוליב סבון נוזלי ל,מיליליטרים,500.00,"100 מ""ל",false,,14.90,0.0298,false,1,486
7290001305188,false,"נוזל לניקוי כלים בריח לימון פלמוליב 750 מ""ל",יבואן ומשווק: ש. שסט,,פלמוליב לכלים שקוף ל,מיליליטרים,750.00,"100 מ""ל",false,,9.90,0.0132,false,1,6646
7290001327180,false,שטראוס קרמיסימו וניל ציפ 1.33 ליטר,"גלידת שטראוס בע""\מ, רחוב",,גלידה קרמיסימו וניל,ליטרים,1.33,ליטר,false,,24.90,18.7218,false,1,7635
7290001327791,false,גלידה קרמיסימו וניל עוגיות 1.33 ליטר,"גלידת שטראוס בע""\מ, רחוב",,קרמיסימו וניל עוגיות,ליטרים,1.33,ליטר,false,,24.90,18.7218,false,1,7639
7290001407134,false,בארכה פרוסות חלווה שוקו וניל+פ.קקאו 400גר,קבוצת אוסם סחר שותפות מוגבלת,,פרוסות חלבה שוקו וני,גרמים,400.00,100 גרם,false,,14.90,0.0373,true,1,24547
7290001407509,false,שוואיה שוואיה טחינה מובחרת בקליה איטית,קבוצת אוסם סחר-שות.מוגבלת,,טחינה שוואייה שוואיי,גרמים,500.00,100 גרם,false,,16.90,0.0338,true,1,8263
7290001407592,false,"בארכה טחינה גולמית פי 6 סידן 6*1 ק""ג",קבוצת אוסם סחר שותפות מוגבלת,,בארכה טחינה גולמית פ,קילוגרמים,1.00,"ק""ג",false,,29.90,29.9000,true,1,89155
7290001407769,false,טחינה גולמית שומשום מלא בארכה 500 גרם,קבוצת אוסם סחר שותפות מוגבלת,,טחינה משומשום מלא,גרמים,500.00,100 גרם,false,,16.90,0.0338,false,1,754
7290001407813,false,חלבה שאמית פיסטוק בקטנה בארכה 350ג',קבוצת אוסם סחר שותפות מוגבלת,,חלבה שאמית פיסטוק בא,גרמים,350.00,100 גרם,false,,15.90,0.0454,true,1,755
7290001407820,false,חלווה שאמית וניל קלאסית בארכה 350ג',קבוצת אוסם סחר שותפות מוגבלת,,חלבה בארכה שאמית קלא,גרמים,350.00,100 גרם,false,,15.90,0.0454,true,1,756
7290001407837,false,חלבה שאמית עם פולי קקאו בארכה 350 גרם,קבוצת אוסם סחר-שות.מוגבלת,,חלבה בארכה שאמית קקא,גרמים,350.00,100 גרם,false,,15.90,0.0454,true,1,757
7290001407844,false,חלבה קלאסית בטעם וניל בארכה 350 גרם,קבוצת אוסם סחר שותפות מוגבלת,,חלבה קלאסית בטעם וני,גרמים,350.00,100 גרם,false,,14.90,0.0426,true,1,758
7290001419793,false,גביעי גלידה מגולגל עלמה גילרו 30 יח',מ.ד אטיאס סוכנויות מזון בע`מ,,גביעי גלידה מגולגלים,יחידה,0.00,יחידה,false,,11.50,0.0000,true,1,20982
7290001436790,false,נקנקיות מרגז מיני אקסטרה חריף ארוז בלדי 500 ג',יוליניבר,,בלדי- מרגז מיני חריף,גרמים,500.00,100 גרם,false,,25.90,0.0518,true,1,67535
7290001439029,false,נר קוקסויה גדול,יושלם,,נר קוקסויה גדול,יחידה,0.00,יחידה,false,,30.00,0.0000,true,1,112710
7290001455456,false,פילה נסיכת הנילוס פרוס בלדי,בלדי בעמ,,פילה נסיכת הנילוס פר,קילוגרמים,1.00,"ק""ג",true,,57.90,57.9000,true,1,68858
7290001468159,false,ריבת חלב טופ מותגים,נאמן לאורך זמן בעמ,,ריבת חלב נאמן 330 גר,גרמים,330.00,100 גרם,false,,11.90,0.0361,true,1,1038
7290001468463,false,ספוגי ליפה טבעיים בשלל צורות,נאמן לאורך זמן בעמ,,ספוג טיבעי,יחידה,0.00,יחידה,false,,9.90,0.0000,true,1,70121
7290001468708,false,קורנפלור 500 גרם,ר.ס.,,קורנפלור 500 גר',גרמים,500.00,100 גרם,false,,6.50,0.0130,true,1,23040
7290001468753,false,קמח תפוחי אדמה 500 ג' נאמן,תבליני ביטון,,"קמח תפו""א",גרמים,500.00,100 גרם,false,,6.90,0.0138,true,1,8488
7290001476208,false,גבינת ברי פקאן במשקל,מחלבות גד,,גבינת ברי פקאן גד,קילוגרמים,1.00,"ק""ג",true,,131.90,131.9000,true,1,8734
7290001482094,false,גבינה פרמז'נו משולשים ויליפוד 200ג',ג.וילי-פוד אינטרנשיונל **גבינו,,פרמזנו וילי פוד 200ג,גרמים,200.00,100 גרם,false,,22.90,0.1145,true,1,24102
7290001482506,false,וילי פוד חומץ בלסמי בדץ 500מל,ג. וילי-פוד אינטרנשיונל בע`מ,,חומץ בלסמי 500,יחידה,500.00,יחידה,false,,19.90,0.0398,true,1,3110
7290001485019,false,גבינת קרם שמנת טבעי 5% טרה 200 גרם,החברה המרכזית טלהפצת משקאות בע,,גבינת שמנת טבעי 5%,גרמים,200.00,100 גרם,false,,11.50,0.0575,true,1,13116
7290001491010,false,תה ירוק יסמין ויסוצקי 25 יחידות,תה ויסוצקי (ישראל) בעמ,,תה ירוק יסמין 25 שקי,גרמים,37.50,100 גרם,false,,24.90,0.6640,false,1,759
7290001491096,false,תה ירוק בתוספת לימונית ולואיזה 50 שקיקים ויסוצקי,תה ויסוצקי (ישראל) בעמ,,תה ירוק לימונית 50 ש,גרמים,75.00,100 גרם,false,,45.90,0.6120,false,1,760
7290001498897,false,מוסקו סט נרות ולהבונ,מוסקו,,פניני ריח,יחידה,0.00,יחידה,false,,15.00,0.0000,true,1,4911
7290001515310,false,שש כריות קרצוף יפניות סקוטש ברייט,3m,,שש כריות קרצוף יפניו,יחידה,0.00,יחידה,false,,13.90,0.0000,true,1,4195
7290001515631,false,שלושה ספוגי קרצוף קשיחים ארוכים אדומים,שיוך למחסן 17,,ספוג קירצוף קשיח,יחידה,0.00,יחידה,false,,8.90,0.0000,true,1,17448
7290001532225,false,פילה מקרל מעושן הרמס,"הרמס דגים בע""מ",,פילה לקרדה,קילוגרמים,1.00,"ק""ג",true,,120.00,120.0000,true,1,80261
7290001566626,false,כוסברה שלם נווה תבלי,,,כוסברה שלם נווה תבלי,גרמים,80.00,100 גרם,false,,8.40,0.1050,true,1,68889
7290001567555,false,פסטרמה מעודנת עם דבש 300 ג' יחיעם,מעדני יחיעם (1993) בעמ,,פסטרמה מעודנת עם דבש,גרמים,300.00,100 גרם,false,,22.90,0.0763,true,1,66950
7290001567708,false,נקניקיות וינר יחיעם 400 גרם,מעדני יחיעם ( 1993 ) בע`מ,,נקניקיות וינר 400 גר,גרמים,400.00,100 גרם,false,,12.90,0.0323,true,1,62836
7290001567760,false,פסטרמה של פעם יחיעם 300 גרם,מעדני יחיעם ( 1993 ) בע`מ,,פסטרמה של פעם 300 גר,גרמים,300.00,100 גרם,false,,25.90,0.0863,true,1,63935
7290001567791,false,פסטרמה רומנית 250 גרם לח`מ,מעדני יחיעם ( 1993 ) בע`מ,,פסטרמה רומנית 250 גר,גרמים,250.00,100 גרם,false,,25.90,0.1036,true,1,63977
7290001567807,false,"כתף בקר מעושן לח""מ 250 גרם ""יחיעם""",מעדני יחיעם ( 1993 ) בע`מ,,כתף בקר מעושן 250 גר,גרמים,250.00,100 גרם,false,,25.90,0.1036,true,1,63978
7290001567814,false,סלמי מעושן בסגנון איטלקי 300 ג' יחיעם,מעדני יחיעם ( 1993 ) בע`מ,,סלמי מעושן בסגנון אי,גרמים,300.00,100 גרם,false,,22.90,0.0763,true,1,64058
7290001591710,false,המבורגר אנגוס טיבון ויל 600 גרם,נטו מילנדה סחר בעמ*,,המבורגר אנגוס,גרמים,600.00,100 גרם,false,,22.90,0.0382,true,1,118526
7290001594025,false,קוקה קולה בקבוק זכוכית,החברה המרכזית להפצת משקאות בעמ,,בק' קולה 350,יחידה,350.00,יחידה,false,,5.90,0.0169,true,1,7240
7290001594155,false,"קוקה-קולה בבקבוק אישי 500 מ""ל",החברה המרכזית להפצת משקאות בעמ,,קוקה קולה בקבוק 0.5,מיליליטרים,500.00,"100 מ""ל",false,,6.00,0.0120,false,1,7247
7290001594377,false,פריגת תפוזים 0.5 ליטר חייב בפקדון,החברה המרכזית להפצת משקאות בעמ,,פריגת תפוזים 5 0.,יחידה,500.00,יחידה,false,,5.90,0.0118,true,1,7256
7290001594384,false,פריגת אשכוליות 0.5 ליטר חייב בפקדון,החברה המרכזית להפצת משקאות בעמ,,פריגת אשכוליות 5,יחידה,500.00,יחידה,false,,5.90,0.0118,true,1,7257
7290001594391,false,"פריגת משקה קל ענבים בבקבוק אישי 500 מ""ל",החברה המרכזית להפצת משקאות בעמ,,פריגת ענבים 5 0.,יחידה,500.00,יחידה,false,,5.90,0.0118,true,1,7258
7290001594520,false,"בירה טובורג רד בקבוק 330 מ""ל",החברה המרכזית להפצת משקאות בעמ,,טובורג רד 330 בק,יחידה,330.00,יחידה,false,,7.20,0.0218,true,1,13542
7290001594537,false,"בירה טובורג גרין בקבוק 330 מ""ל",קרלסברג ישראל,,טובורג גרין בק',יחידה,330.00,יחידה,false,,8.50,0.0258,true,1,13543
7290001594568,false,בירה בפחית קרלסברג (500 מל),החברה המרכזית להפצת משקאות בעמ,,קרלסברג בירה פחית 50,מיליליטרים,500.00,"100 מ""ל",false,,9.00,0.0180,true,1,13544
7290001594575,false,בירה בפחית רד טובורג (500 מל),החברה המרכזית להפצת משקאות בעמ,,"טובורג פחית 500 מ""ל",מיליליטרים,500.00,"100 מ""ל",false,,8.90,0.0178,true,1,13545
7290001594810,false,"בירה שחורה מאלטי בקב' מארז 330X6מ""ל",החברה המרכזית להפצת משקאות בעמ,,מאלטי שישיית בקבוק 3,ליטרים,1.98,ליטר,false,,29.40,14.8485,true,1,7265
7290001594858,false,מארז שישייה בירה טובורג רד (330x6 מל),החברה המרכזית להפצת משקאות בעמ,,טובורג שישייה בקבוק,ליטרים,1.98,ליטר,false,,34.90,17.6263,false,1,13549
7290001594865,false,"שישייה בירה קרלסברג בקבוק 330 מ""ל",החברה המרכזית להפצת משקאות בעמ,,קרלסברג שישייה בקבוק,ליטרים,1.98,ליטר,false,,34.90,17.6263,false,1,13550
7290001598085,false,לחם משפחתי עם דגנים מקמח מלא,מאפית יוסף בראון,,לחם קסטן משפחתי חיטה,גרמים,1100.00,100 גרם,false,,14.50,0.0132,true,1,64744
7290001598115,false,לחם בריאות מקמח מלא 700 גר,מאפיית יוסף ברון,,לחם חיטה מלאה 100%,גרמים,700.00,100 גרם,false,,10.90,0.0156,true,1,120065
7290001598122,false,לחם מיוחד - צהוב מקמח שיפון וקמח מלא,קונדיטוריית ברון,,לחם מיוחד שיפון עם ח,גרמים,700.00,100 גרם,false,,10.90,0.0156,true,1,65828
7290001598191,false,לחם קל שיפון מלא מהדרין 700גר,מאפיית יוסף ברון בעמ,,לחם שיפון קל,גרמים,550.00,100 גרם,false,,10.90,0.0198,true,1,64547
7290001598269,false,לחם 7 דגנים קל 36 קל' ללא שמרים550 גר',מאפית יוסף בראון,,לחם מחמצת עם דגנים,גרמים,550.00,100 גרם,false,,10.90,0.0198,true,1,65805
7290001598276,false,"לחם 7 דגנים קל מקמח חיטה מלא ללא שמרים 1.1 ק""ג הברון",מאפיית יוסף ברון,,לחם קסטן מחמצת עם דג,גרמים,1100.00,100 גרם,false,,14.50,0.0132,true,1,85781
7290001598429,false,פרנה מרוקאית חמשת 4,מאפיית יוסף ברון בעמ,,פרנה מרוקאית 4 יח',גרמים,500.00,100 גרם,false,,9.90,0.0198,true,1,86378
7290001598528,false,לחם כוסמין 100% 450ג' הברון,מאפיית יוסף ברון בעמ,,"לחם כוסמין ""חמשת""",גרמים,500.00,100 גרם,false,,15.90,0.0318,true,1,67641
7290001598573,false,לחמניות כוסמין 5 יח 99 קלוריות,מאפיית יוסף ברון בעמ,,לחמניות כוסמין 100%,גרמים,315.00,100 גרם,false,,13.90,0.0441,true,1,120078
7290001598580,false,פיתות כוסמין 6יח 99 קלוריות,מאפיית יוסף ברון בעמ,,פיתות כוסמין חמישייה,גרמים,372.00,100 גרם,false,,15.90,0.0427,true,1,120077
7290001670057,false,כפיות לבן 100 יח`הנמל,הנמל אריזות ושיווק (1984) בעמ,,כפיות חד פעמי- 100 י,יחידה,0.00,יחידה,false,,11.50,0.0000,true,1,16673
7290001670064,false,סכינים חד פעמי לבן 100 יח',הנמל אריזות ושיווק (1984) בעמ,,סכינים חד פעמי- 100,יחידה,0.00,יחידה,false,,10.90,0.0000,true,1,16674
7290001670071,false,כפות חד פעמי לבן 100 יח',הנמל אריזות ושיווק (1984) בעמ,,כפות חד פעמי 100 יח',יחידה,0.00,יחידה,false,,10.90,0.0000,true,1,16675
7290001670224,false,מלית פרג פוליבה 400 גרם,הנמל אריזות ושיווק (1984) בעמ,,מלית פרג 400 גר,גרמים,400.00,100 גרם,false,,11.50,0.0288,true,1,10970
7290001670385,false,מפיות ארועים חד שכבתי 100 יחידות,הנמל אריזות ושיווק 1984 בע`מ,,מפיות לאירוח 100,יחידה,0.00,יחידה,false,,4.50,0.0000,true,1,89410
7290001670408,false,נרות חימום בשקית 50 יח הנמל,הנמל אריזות ושיווק (1984) בעמ,,נר חימום בשקית 0,יחידה,0.00,יחידה,false,,10.90,0.0000,true,1,60271
7290001670507,false,מלית תמרים פוליבה 450 ג',הנמל אריזות ושווק בעמ,,ממרח תמרים,גרמים,450.00,100 גרם,false,,4.90,0.0109,false,1,10972
7290001670668,false,קרחונית שקיות להכנת קרח הנמל 12 יחידות,"איטיליאן פוד, אס.פי.",,קרחונית- 12 יח',יחידה,0.00,יחידה,false,,3.90,0.0000,true,1,16679
7290001670736,false,כפפות נילון שקוף 100 יחידות,יבוא ושיווק: הנמל אר,,כפפות ניילון,יחידה,0.00,יחידה,false,,5.20,0.0000,true,1,16680
7290001670859,false,מלית דובדבנים פוליבה 400 ג',הנמל אריזות ושיווק (1984) בעמ,,מלית דבדבנים,גרמים,400.00,100 גרם,false,,12.90,0.0323,true,1,10976
7290001670873,false,"צלחות גדולות לבנות קשיח ח""פ הנמל 66יח'",הנמל אריזות ושיווק (1984) בעמ,,"צלחות 1 ק""ג",יחידה,0.00,יחידה,false,,35.90,0.0000,false,1,3619
7290001696019,false,צימוק לבן 200 גרם,,,צימוק לבן 200 גרם,גרמים,200.00,100 גרם,false,,10.90,0.0545,true,1,17501
7290001710159,false,גולש עגל קפוא ארוז מ,לאטי עזרא גלם ודגים,,גולש עגל קפוא ארוז מ,קילוגרמים,1.00,"ק""ג",true,,42.90,42.9000,true,1,428
7290001710579,false,שיפודי פרגיות מעדני,,,שיפודי פרגיות מעדני,קילוגרמים,1.00,"ק""ג",true,,75.90,75.9000,true,1,119912
7290001713150,false,סנט מוריץ מתז אקונומיקה Bleach קצף לימון 1 ליטר,קומפלקס כימיקלים בעמ,,אקונומיקה קצף ניקוי,ליטרים,1.00,ליטר,false,,9.90,9.9000,true,1,78411
7290001713341,false,תכשיר מרוכז לניקוי ש,,,תכשיר מרוכז לניקוי ש,ליטרים,2.00,ליטר,false,,13.90,6.9500,true,1,60245
7290001713884,false,עלמה מטליות מיקרופייבר שלישייה לרצפה,קומפלקס כימיקלים,,מטליות לריצפה מיקרופ,יחידה,0.00,יחידה,false,,13.90,0.0000,true,1,84693
7290001713891,false,עלמה מיקרופייבר חמישייה לניקוי חמישייה סנט מוריץ,קומפלקס כימיקלים,,מטליות מיקרופייבר חמ,יחידה,0.00,יחידה,false,,7.90,0.0000,true,1,76870
7290001780428,false,מאגדת גלידת לייט שוקולד נסטלה 6יח' 312ג',נגה גלידות שותפות מוגבלת,,מאגדת שלגונים לייט ש,גרמים,312.00,100 גרם,false,,26.90,0.0862,true,1,8947
7290001791349,false,אקונומיקה פיסגה ריחנית סנו (4 ליטר),החברה הדרומית לשיווק בעמ,,אקונומיקה ריחנית פסג,ליטרים,4.00,ליטר,false,,12.90,3.2250,false,1,20377
7290001791356,false,"פרש מבשם אויר אוטומטי בניחוח לבנדר סנו 250 מ""ל",החברה הדרומית לשיווק בעמ,,סנו פרש אוטומטיק ברי,גרמים,165.00,100 גרם,false,,14.90,0.0903,true,1,16221
7290001791776,false,"סנו-די דוחה יתושים רול און עם אלוורה סנו 50 מ""ל",החב. הדרומית לשיווק,,סנו די רול און אלוור,יחידה,50.00,יחידה,false,,19.90,0.3980,true,1,16230
7290001805008,false,מארז 4 פיתות מקמח לב,מאפיית גילי,,פיתות גילי (אחלה) ק,גרמים,500.00,100 גרם,false,,10.00,0.0200,true,1,14235
7290001805039,false,רביעיית פיתות חיטה מ,מאפיית גילי,,פיתות גילי (אחלה) חי,גרמים,400.00,100 גרם,false,,10.90,0.0273,true,1,14234
7290001813454,false,"עוגיות חיוכים שוקולד עלית 900 גרם מארז 6 יחידות בד""צ",אפיפית נצרת תעשיות ב,,עוגיות חיוכים 00,גרמים,900.00,100 גרם,false,,22.90,0.0254,true,1,12282
7290001813478,false,"עוגיות חיוכים וניל עלית 900 גרם מארז 6 יחידות בד""צ",אפיפית נצרת תעשיות ב,,עוגיות חיוכים ונ,גרמים,900.00,100 גרם,false,,22.90,0.0254,true,1,12283
7290001865439,false,פמילי אל סבון נוזלי בניחוח וניל 1 ליטר,אף.סי תבליני בגליל ב,,פמלי אל סבון ליטר ונ,ליטרים,1.00,ליטר,false,,11.90,11.9000,false,1,15975
7290001865453,false,פמילי לקשרי 1 ליטר לבנדר ארומטי+משאבה,מיוצר עי קונדיטוריית,,פמלי אל סבון ליטר לב,ליטרים,1.00,ליטר,false,,11.90,11.9000,false,1,15976
7290001917527,false,פרש וואנס פדים להסרת איפור 80 יח' *3,דנשר (1963) בעמ,,פדיות קוסמטיות **1X3,יחידה,0.00,יחידה,false,,19.90,0.0000,true,1,15982
7290001946015,false,אריסה מתוקה 250 גרם,תבליני ביטון מאיר,,אריסה של ביטון,גרמים,250.00,100 גרם,false,,11.90,0.0476,true,1,14767
7290001946046,false,עמבה ביטון,תבליני ביטון מאיר,,עמבה ביטון,גרמים,400.00,100 גרם,false,,11.90,0.0298,true,1,2567
7290001946077,false,אריסה חריפה 250 גרם,תבליני ביטון מאיר,,אריסה חריפה,יחידה,250.00,יחידה,false,,11.90,0.0476,true,1,14768
7290001946237,false,פלפל צ'ומה ביטון,תבליני ביטון מאיר,,פלפל צ'ומה ביטון,יחידה,0.00,יחידה,false,,11.90,0.0000,true,1,14770
7290001946299,false,סחוג ירוק תבליני ביט,תבליני ביטון מאיר,,סחוג ירוק תבליני ביט,יחידה,250.00,יחידה,false,,11.90,0.0476,true,1,2568
7290001946503,false,שום כתוש ביטון,תבליני ביטון מאיר,,שום כתוש ביטון,יחידה,0.00,יחידה,false,,11.90,0.0000,true,1,14758
7290001946725,false,לימון בלאדי ביטון,תבליני ביטון מאיר,,לימון בלאדי ביטון,יחידה,250.00,יחידה,false,,11.90,0.0476,true,1,14771
7290001973233,false,"קמיל בלו מגבונים לחים סנסיטיב ד""ר פישר 120 יחידות","פישר תעשיות פרמבצטיות בע""מ",,קמיל בלו מגבונים,יחידה,0.00,יחידה,false,,10.00,0.0000,true,1,13315
7290001990148,false,"סוכר גולדן קלאסי בצנצנת סוגת 1 ק""ג",האי נאם סי או אל.טי.,,סוכר גולדן קלאסי,יחידה,1.00,יחידה,false,,11.90,11.9000,true,1,1413
7290001990261,false,"סוגת חומוס 1 ק""ג","סוגת תעשיות בע""\מ",,חומוס 1 קג סוגת,יחידה,1.00,יחידה,false,,13.90,13.9000,true,1,1414
7290001990278,false,"שעועית לבנה סוגת 1 ק""ג","סוגת תעשיות בע""\מ",,שעועית לבנה 1 קג,יחידה,1.00,יחידה,false,,19.90,19.9000,false,1,1415
7290001990377,false,שעועית בובס 500 גרם סוגת,סוגת תעשיות בעמ,,שעועית בובס 500,גרמים,500.00,100 גרם,false,,10.90,0.0218,true,1,1416
7290001990391,false,אפונה יבשה 1קג סוגת,"סוגת תעשיות בע""\מ",,אפונה יבשה 1 קג,יחידה,1.00,יחידה,false,,12.90,12.9000,true,1,31037
7290001990407,false,"עדשים ירוקים 1 ק""ג סוגת","סוגת תעשיות בע""\מ",,עדשים ירוקים 1 ק,קילוגרמים,1.00,"ק""ג",false,,13.90,13.9000,true,1,23217
7290001990414,false,עדשים אדומות סוגת (1 קג),"סוגת תעשיות בע""\מ",,עדשים אדומים 1 ק,קילוגרמים,1.00,"ק""ג",false,,13.90,13.9000,true,1,23218
7290001990421,false,"פופקורן גרעינים סוגת 1 ק""ג","סוגת תעשיות בע""\מ",,"פופקורן סוגת 1 ק""ג",קילוגרמים,1.00,"ק""ג",false,,9.90,9.9000,true,1,32583
7290002000136,false,מגע הדבש -שעווה להסרת שיער למיקרוגל 500 גרם,"ש. שוורץ )באר שבע( בע""\מ",,מגע המשי הדבש ש.למיק,גרמים,500.00,100 גרם,false,,20.90,0.0418,true,1,3433
7290002000143,false,"חדש -פנג'ל ק.ידיים קלאסיק 80מ""ל",מיוצר עי קונדיטוריית,,חדש -פנג'ל ק.ידיים ק,מיליליטרים,100.00,"100 מ""ל",false,,8.00,0.0800,true,1,15983
7290002000266,false,שעווה מגע המשי הדבש תפוח למיקרו 500 גרם,המאפיה של הרמן,,מגע המשי התפוח ש.למי,גרמים,500.00,100 גרם,false,,20.90,0.0418,true,1,15984
7290002001782,false,פנג'ל פלוס לכף הרגל 100מ,אינטרקוסמא,,חדש-פנג'ל פלוס קרם כ,גרמים,100.00,100 גרם,false,,16.90,0.1690,true,1,15986
7290002002857,false,ניירות להסרת שיער בשעווה 50 יחידות,"איטיליאן פוד, אס.פי.",,מגע המשי נייר הדבש 5,יחידה,0.00,יחידה,false,,24.90,0.0000,true,1,15990
7290002007029,false,קוקוס טחון 100 ג' הנמל,יבוא ושיווק: הנמל אר,,קוקוס 100,גרמים,100.00,100 גרם,false,,3.40,0.0340,false,1,10978
7290002007036,false,כוסמת 500 גרם מרובע,הנמל אריזות ושיווק 1984 בע`מ,,כוסמת 500,גרמים,500.00,100 גרם,false,,7.90,0.0158,true,1,10979
7290002007180,false,קמח תירס 500גר' הנמל מרובע,הנמל אריזות ושיווק 1984 בע`מ,,קמח תירס 500,גרמים,500.00,100 גרם,false,,4.60,0.0092,true,1,10985
7290002007234,false,אבקת סוכר הנמל 100 גרם,הנמל אריזות ושיווק 1984 בע`מ,,אבקת סוכר,גרמים,100.00,100 גרם,false,,1.90,0.0190,true,1,10987
7290002007302,false,סוכריות לקישוט צבע אחיד 100 ג' הנמל,קריות זול,,סוכריות מזרה צבע,גרמים,100.00,100 גרם,false,,5.50,0.0550,true,1,10989
7290002007357,false,שקיות צליה דליקטס מיקרוגל הנמל 10 יח',הנמל אריזות ושיווק (1984) בעמ,,שקיות לצליה- 10 יח',יחידה,0.00,יחידה,false,,5.70,0.0000,true,1,16681
7290002007371,false,פירורי לחם הנמל 500 ג',הנמל אריזות ושיווק 1984 בע`מ,,פרורי לחם 500,גרמים,500.00,100 גרם,false,,5.50,0.0110,true,1,10990
7290002007395,false,דובדבנים מסוכרים 100 ג' הנמל,הנמל אריזות ושווק בעמ,,דובדבן ע.ציון,גרמים,100.00,100 גרם,false,,7.40,0.0740,true,1,10991
7290002007401,false,קליפות הדרים מסוכרות 100 ג' הנמל,הנמל אריזות ושיווק (1984) בעמ,,פירות מסוכרים 100 גר,גרמים,100.00,100 גרם,false,,5.20,0.0520,true,1,10992
7290002007487,false,צמר פלדה הנמל 100 גרם,הנמל אריזות ושיווק (1984) בעמ,,צמר פלדה 100 גר',גרמים,100.00,גרם,false,,3.90,0.0390,true,1,18803
7290002007500,false,קיסמי שיניים הנמל במבוק 500 יחידות,הנמל אריזות ושיווק 1984 בע`מ,,קסמים חבית 500,יחידה,0.00,יחידה,false,,3.80,0.0000,true,1,16684
7290002007746,false,"צבע מאכל כחול 55 מ""ל הנמל",הנמל אריזות ושיווק ב,,צבע מאכל כחול,יחידה,55.00,יחידה,false,,3.00,0.0545,true,1,10994
7290002007821,false,צבעי מאכל אדום הנמל,הנמל אריזות ושווק בעמ,,צבע מאכל אדום,מיליליטרים,55.00,"100 מ""ל",false,,3.00,0.0545,true,1,10995
7290002007852,false,"תמצית אפייה בטעמים שונים 55 מ""ל הנמל",הנמל אריזות ושיווק 1984 בע`מ,,תמצית וניל,יחידה,55.00,יחידה,false,,3.20,0.0582,true,1,10996
7290002007890,false,כוסות חד פעמיות מפלסטיק 100 יח`,הנמל אריזות ושיווק (1984) בעמ,,כוסות 100 יח',יחידה,0.00,יחידה,false,,8.90,0.0000,false,1,16687
7290002007975,false,צלחות פלסטיק קטנות חד פעמיות 50 יח,הנמל אריזות ושיווק (1984) בעמ,,צלחות קטנות- 50 יח',יחידה,0.00,יחידה,false,,9.90,0.0000,true,1,16688
7290002007982,false,מזלגות חד פעמי הנמל 100 יחידות,הנמל אריזות ושיווק (1984) בעמ,,מזלגות 100 יח',יחידה,0.00,יחידה,false,,10.90,0.0000,true,1,16689
7290002007999,false,צלחות פלסטיק גדולות חד פעמיות 50 יח,הנמל אריזות ושיווק (1984) בעמ,,צלחות גדול חד פעמי-,יחידה,0.00,יחידה,false,,14.90,0.0000,true,1,16690
7290002008057,false,"תמצית אפייה בטעם רום 55 מ""ל הנמל",ממתקי עלה יצור שיווק,,תמצית רום,יחידה,55.00,יחידה,false,,3.20,0.0582,true,1,10997
7290002008071,false,גביעי נייר מספר 2 הנמל 1 יחידה,הנמל אריזות ושיווק (1984) בעמ,,עטרות חום מס' 2- 130,יחידה,0.00,יחידה,false,,4.40,0.0000,true,1,16692
7290002008088,false,"צבע מאכל צהוב 55 מ""ל הנמל",הנמל אריזות ושיווק ב,,צבע מאכל צהוב,יחידה,55.00,יחידה,false,,3.00,0.0545,true,1,10998
7290002008118,false,צמרוני עץ לאוזניים 100יח,שוורצקוף& הנקל דיסלד,,צמרונים עץ,יחידה,0.00,יחידה,false,,1.60,0.0000,true,1,16693
7290002008149,false,מדליק פחם מוצק הנמל אריזת 40יח',הנמל אריזות ושיווק (1984) בעמ,,מדליק פחם-40 יח',יחידה,0.00,יחידה,false,,6.50,0.0000,true,1,16694
7290002008156,false,גביעי נייר מספר 5 הנמל 1 יחידה,הנמל אריזות ושיווק (1984) בעמ,,עטרות חום מס' 5- 130,יחידה,0.00,יחידה,false,,5.60,0.0000,true,1,16695
7290002008170,false,גביעי נייר מספר 3 הנמל 1 יחידה,הנמל אריזות ושיווק (1984) בעמ,,עטרות חום מס' 3- 130,יחידה,0.00,יחידה,false,,4.80,0.0000,true,1,16697
7290002008187,false,קשים מתקפלים לשתיה הנמל 40 יחידות,הנמל אריזות ושיווק 1984 בע`מ,,קשים מתקפלים- 40 יח',יחידה,0.00,יחידה,false,,1.80,0.0000,true,1,16698
7290002008224,false,סוכריות לקישוט צבעונית הנמל 100 ג',הנמל אריזות ושיווק 1984 בע`מ,,מזרה עגול צנצ',גרמים,60.00,100 גרם,false,,5.50,0.0917,true,1,11000
7290002008309,false,עטרות נייר חום לעוגה מס' 4 הנמל 130יח',הנמל אריזות ושיווק (1984) בעמ,,עטרות חום מס' 4- 130,יחידה,0.00,יחידה,false,,5.00,0.0000,true,1,16702
7290002008347,false,קורנפלור 500 גרם הנמל,הנמל אריזות ושיווק (1984) בעמ,,קורנפלור 500 גר',גרמים,500.00,100 גרם,false,,5.90,0.0118,true,1,20511
7290002008354,false,מפת שולחן פלסטיק 8 יחידו,הנמל אריזות ושיווק 1984 בע`מ,,מפות שולחן בגליל- 8,גרמים,400.00,100 גרם,false,,9.90,0.0248,true,1,16703
7290002008460,false,עטרות חום מספר 1.5 הנמל,הנמל אריזות ושיווק (1984) בעמ,,עטרות חום מס' 1.5- 1,יחידה,0.00,יחידה,false,,4.00,0.0000,true,1,16707
7290002008507,false,נייר אפיה הנמל 50 יחידות,הנמל אריזות ושיווק (1984) בעמ,,נייר אפיה- 50 יח',יחידה,0.00,יחידה,false,,8.90,0.0000,true,1,16709
7290002008576,false,מפיון מפיות בדיספנסר,הנמל אריזות ושיווק 1984 בע`מ,,מפיון קופסא 100יח הנ,יחידה,0.00,יחידה,false,,3.70,0.0000,true,1,22145
7290002008620,false,"צבע מאכל ירוק 55 מ""ל הנמל",ממתקי עלה יצור שיווק,,צבע מאכל ירוק,יחידה,55.00,יחידה,false,,3.00,0.0545,true,1,11004
7290002008651,false,קמח תפוחי אדמה הנמל 500 גרם,הנמל אריזות ושיווק (1984) בעמ,,"קמח תפו""א 500גר",גרמים,500.00,100 גרם,false,,5.90,0.0118,true,1,11005
7290002008668,false,צמרוני כותנה ביוטי הנמל עגול 200 יחידות,הנמל אריזות ושיווק 1984 בע`מ,,צמרונים 200 יח',יחידה,0.00,יחידה,false,,3.90,0.0000,true,1,16712
7290002008743,false,סוכר וניל עשירייה הנמל 100 גרם,הנמל אריזות ושיווק 1984 בע`מ,,סוכר וניל,גרמים,100.00,100 גרם,false,,2.40,0.0240,true,1,19949
7290002008750,false,אבקת אפיה עשירייה הנמל 100 גרם,הנמל אריזות ושיווק 1984 בע`מ,,אבקת אפיה הנמל,גרמים,100.00,100 גרם,false,,2.40,0.0240,true,1,11006
7290002008774,false,שומשום הנמל 200 גרם,הנמל אריזות ושיווק 1984 בע`מ,,שומשום 200,גרמים,200.00,100 גרם,false,,5.50,0.0275,true,1,11007
7290002008989,false,קישקשים קשים לשתיה 225יח הנמל,הנמל אריזות ושיווק (1984) בעמ,,קישקשים 225יח,יחידה,0.00,יחידה,false,,9.50,0.0000,true,1,16714
7290002013006,false,פסטרמה מקסיקנית זוגלובג,נקניק זוגלובק נהריה,,פסטרמה מקסיקנית זוגל,קילוגרמים,1.00,"ק""ג",true,,79.90,79.9000,false,1,1944
7290002013037,false,פסטרמה פרגיות זוגלובג,נקניק זוגלובק נהריה,,פסטרמה פרגיות על לבנ,קילוגרמים,1.00,"ק""ג",true,,79.90,79.9000,false,1,1945
7290002013174,false,פסטרמה של פעם זוגלובג,נקניק זוגלובק נהריה,,פסטרמה של פעם זוגלוב,קילוגרמים,1.00,"ק""ג",true,,79.90,79.9000,false,1,1946
7290002019114,false,רוטב עגבניות מרוכז מאד 28-30BX פריניר,ח.כהן סוכנות מזון ומשקאות בע,,פרי ניר רוטב עגבניות,גרמים,580.00,100 גרם,false,,6.50,0.0112,true,1,1709
7290002019787,false,רוטב עגבניות מרוכז מאוד 260 גרם פריניר,ח.כהן סוכנות מזון ומשקאות בע,,רוטב עגבניות פרי ניר,גרמים,260.00,100 גרם,false,,3.50,0.0135,false,1,1710
7290002019794,false,רוטב עגבניות מרוכז מאוד 100 גרם פריניר,ח.כהן סוכנות מזון ומשקאות בע,,רוטב עגבניות 100 גר,גרמים,100.00,100 גרם,false,,1.70,0.0170,false,1,1711
7290002026402,false,בראנץ אנד קראנץ בלינצס גבינה 350 גרם,מוצרי איכות אמריקאיים בעמ,,בלינצ'ס גבינה,גרמים,350.00,100 גרם,false,,14.90,0.0426,true,1,26895
7290002026440,false,פרצלס בייגלה בראנץ אנד קראנץ 280 ג',מוצרי איכות אמריקאיים בעמ,,פרצל חם מהמקפיא,גרמים,280.00,100 גרם,false,,14.90,0.0532,true,1,26901
7290002026587,false,וופל בלגי פרווה בראנץ אנד קראנץ 8 יח',מוצרי איכות אמריקאיים בעמ,,וופל בלגי,גרמים,280.00,100 גרם,false,,14.90,0.0532,true,1,83309
7290002026983,false,"גלידת מוופוריה בטעם שוקולד עם בצק עוגיות 500 ""ל",מוצרי איכות אמריקאיים בע,,גלידת שוקולד בצק עוג,גרמים,500.00,100 גרם,false,,18.90,0.0378,false,1,78050
7290002027393,false,חטיף תמר עם שברי קקאו וקוקוס 120 גרם,"תות תעשיות מזון בע""מ",,חטיף תמרים עם שברי ק,גרמים,120.00,100 גרם,false,,12.90,0.1075,true,1,89918
7290002027843,false,חטיף תמרים עם אגוזי לוז 120 גרם,"תות תעשיות מזון בע""מ",,שקית חטיפי תמרים עם,גרמים,150.00,100 גרם,false,,12.90,0.0860,true,1,73046
7290002037309,false,לחמניות המבורגר מאפיית ודש 8),מאפית י את א ברמן בע,,לחמניות המבורגר,גרמים,400.00,100 גרם,false,,14.50,0.0363,true,1,14202
7290002037637,false,לחמניות הבית מתוקות מאפיית ודש) (4,מאפית י את א ברמן בע,,לחמניות חליות וד,גרמים,400.00,100 גרם,false,,13.50,0.0338,true,1,14128
7290002040019,false,קוסקוס רגיל מזון קוסקוס (350 גרם),הנמל אריזות ושיווק (1984) בעמ,,קוסקוס רגיל 350 גר ה,גרמים,350.00,100 גרם,false,,5.50,0.0157,false,1,3620
7290002040064,false,קוסקוס דק להכנה מהירה בשקית 350 גרם,הנמל אריזות ושיווק (1984) בעמ,,קוסקוס דק,גרמים,350.00,100 גרם,false,,5.50,0.0157,false,1,3621
7290002040071,false,קוסקוס עבה להכנה קלה ומהירה 350 גרם,הנמל אריזות ושיווק (1984) בעמ,,קוסקוס עבה,גרמים,350.00,100 גרם,false,,5.50,0.0157,false,1,3622
7290002040088,false,קוסקוס מלא מזון קוסקוס (350 גרם),הנמל אריזות ושיווק (1984) בעמ,,קוסקוס מלא 350 גר',גרמים,350.00,100 גרם,false,,6.00,0.0171,true,1,11009
7290002040095,false,קוסקוס רגיל מארז 350X3ג' קוסקוס מזון,הנמל אריזות ושיווק (1984) בעמ,,מארז שלישיה קוסקוס,יחידה,1.05,יחידה,false,,13.50,12.8571,true,1,46470
7290002041368,false,"מידנייט דאודורנט ספריי 150 מ""ל",חלאבין,,דאוד' מיד נייט,מיליליטרים,150.00,"100 מ""ל",false,,18.90,0.1260,true,1,13937
7290002041801,false,"קרם גוף לאב ליין 275 מ""ל",תעשיות שיק,,קרם גוף חלאבין,מיליליטרים,300.00,"100 מ""ל",false,,39.90,0.1330,true,1,13938
7290002050025,false,"פרורי לחם מוזהב 1 ק""ג",זארובי,,פירורי לחם זהוב 1 קג,קילוגרמים,1.00,"ק""ג",false,,10.90,10.9000,true,1,59051
7290002050803,false,סוכריות גומי זארובי,זארובי,,מארז סוכריות גומי 60,גרמים,600.00,100 גרם,false,,21.90,0.0365,true,1,87195
7290002050940,false,ג'עלה פרימיום זארובי,זארובי,,ג'עלה פרימיום זארובי,גרמים,500.00,100 גרם,false,,29.90,0.0598,true,1,121780
7290002050988,false,גרנולה פרימיום זארוב,זארובי,,גרנולה פרימיום זארוב,גרמים,450.00,100 גרם,false,,17.90,0.0398,true,1,121783
7290002057017,false,זיתים ירוקים נובו קבוצת יבנה (540 גרם),קבוצת יבנה מוצרי מזון אגודה שי,,זית נובו מבוקע 340 ג,גרמים,340.00,100 גרם,false,,9.90,0.0291,true,1,9899
7290002057048,false,זית סורי מתובל בשמן קבוצת יבנה 560 גרם,"קבוצת יבנה מוצרי מזון בע""מ",,זית סורי מבוקע 340 ג,גרמים,340.00,100 גרם,false,,9.90,0.0291,true,1,2712
7290002057093,false,זיתים מנזנילו גדול קבוצת יבנה 340 גרם,קבוצת יבנה מוצרי מזון אגודה שי,,זיתים ירוקים מנזנילו,גרמים,340.00,100 גרם,false,,8.40,0.0247,true,1,9903
7290002057109,false,זיתים יבנה ירוקים גדולים מאוד שום מנזלינ,קבוצת יבנה מוצרי מזון בעמ,,זיתים מנזנילו גדולים,גרמים,340.00,100 גרם,false,,8.90,0.0262,true,1,9904
7290002057123,false,זיתים ירוקים מנזנילו קבוצת יבנה 560 גרם,קבוצת יבנה מוצרי מזון אגודה שי,,זיתים ירוקים נטולי ג,גרמים,275.00,100 גרם,false,,8.20,0.0298,true,1,9905
7290002057161,false,זיתים מרינט ביין גדול מאד קבוצת יבנה 340 גרם,קבוצת יבנה מוצרי מזון בעמ,,זית מרינד חתוך בחומץ,גרמים,275.00,100 גרם,false,,9.40,0.0342,true,1,9909
7290002057178,false,זיתים שחורים גדולים מנזלינו קבוצת יבנה 3,קבוצת יבנה מוצרי מזון בעמ,,זית שחור טבעי יבנה,גרמים,340.00,100 גרם,false,,9.40,0.0276,true,1,2714
7290002057185,false,טבעות זיתים ירוקים קבוצת יבנה 560 גרם,קבוצת יבנה מוצרי מזון אגודה שי,,טבעות זיתים ירוקים 2,גרמים,275.00,100 גרם,false,,8.20,0.0298,true,1,9910
7290002057352,false,מלפפונים במלח ‏9‏-‏7‏ קבוצת יבנה 320 גרם,"קבוצת יבנה מוצרי מזון בע""מ",,מלפפון במלח 7-9 320,גרמים,320.00,100 גרם,false,,6.20,0.0194,true,1,2716
7290002057369,false,מלפפונים במלח ‏12‏-‏10‏ קבוצת יבנה 320 גרם,"קבוצת יבנה מוצרי מזון בע""מ",,מלפפונים במלח 12-10,גרמים,320.00,100 גרם,false,,7.20,0.0225,true,1,2717
7290002057376,false,מלפפונים במלח ‏17‏-‏13‏ קבוצת יבנה 320 גרם,"קבוצת יבנה מוצרי מזון בע""מ",,מלפפון במלח 13-17 32,גרמים,320.00,100 גרם,false,,8.20,0.0256,false,1,2718
7290002057383,false,מלפפונים במלח ‏25‏-‏18‏ קבוצת יבנה 320 גרם,"קבוצת יבנה מוצרי מזון בע""מ",,מלפפון במלח 18-25 32,גרמים,320.00,100 גרם,false,,8.90,0.0278,true,1,9914
7290002057451,false,מלפפונים בחומץ ‏9‏-‏7 קבוצת יבנה 290 גרם,קבוצת יבנה מוצרי מזון אגודה שי,,מלפפון בחומץ 7-9 290,גרמים,290.00,100 גרם,false,,6.20,0.0214,true,1,2719
7290002057468,false,מלפפונים בחומץ בינוני קבוצת יבנה 560 גרם,"קבוצת יבנה מוצרי מזון בע""מ",,מלפפון בחומץ 10-12 2,גרמים,290.00,100 גרם,false,,7.20,0.0248,true,1,2720
7290002057475,false,מלפפונים בחומץ ‏17‏-‏13 קבוצת יבנה 290 גרם,קבוצת יבנה מוצרי מזון אגודה שי,,מלפפון בחומץ 13-17 2,גרמים,290.00,100 גרם,false,,8.20,0.0283,true,1,2721
7290002057482,false,מלפפון יבנה בחומץ קטנים מאוד 18-25 290 ג,קבוצת יבנה מוצרי מזון אגודה שי,,מלפפון בחומץ 18-25 2,גרמים,290.00,100 גרם,false,,8.90,0.0307,true,1,9918
7290002057628,false,זיתים מושחרים טבעות קבוצת יבנה (540 גרם),קבוצת יבנה מוצרי מזון אגודה שי,,זיתים טבעות מושחרים,גרמים,275.00,100 גרם,false,,9.40,0.0342,true,1,9921
7290002057703,false,חצילים במלח קבוצת יבנה 320 גרם,"קבוצת יבנה מוצרי מזון בע""מ",,חצילים במלח 320 גרם,גרמים,320.00,100 גרם,false,,6.50,0.0203,true,1,2722
7290002065555,false,שישיית לחמנייה הכי רכה בהפסקה אנג'ל 450 גרם,מאפיית שלמה א. אנג'\ל בע,,שש לחמניות אנג'ל,גרמים,450.00,100 גרם,false,,10.90,0.0242,true,1,600
7290002065616,false,לחם שיפון גרעינים פרוס אחדות (750 גרם),מאפיית שלמה א. אנג'\ל בע,,לחם שיפון גרעינים,גרמים,750.00,100 גרם,false,,13.90,0.0185,true,1,13780
7290002075035,false,אובלטים מלוחים דקיקים ברט (500 גרם),שוקוטרייד בעמ,,אובלטים 500 גר,גרמים,500.00,100 גרם,false,,15.90,0.0318,true,1,13400
7290002079033,false,לחם דגנים לייט פרוס 500 גרם,מאפיית דוידוביץ ובניו בע,,לחם דגנים לייט דוידו,גרמים,500.00,100 גרם,false,,13.50,0.0270,true,1,2505
7290002079156,false,פיתות דוידוביץ חמישי,מאפיית דוידוביץ ובני,,פיתות,גרמים,500.00,100 גרם,false,,8.40,0.0168,true,1,14631
7290002079316,false,חלה רגילה פרוסה 500 גרם,מאפית דוידוביץ ובניו,,חלה פרוסה,גרמים,500.00,100 גרם,false,,11.90,0.0238,true,1,14633
7290002079361,false,לחמניות המבורגר חתוך 6+2*60 ג',מאפיית דוידוביץ ובני,,לחמניות המבורגר,גרמים,400.00,100 גרם,false,,13.90,0.0348,true,1,14635
7290002079477,false,לחם אחיד פרוס דוידוב,מאפיית דוידוביץ ובניו בע,,לחם אחיד פרוס דוידוב,גרמים,750.00,100 גרם,false,,6.90,0.0092,false,1,2506
7290002079927,false,לחם דגנים מלא דוידוב,מאפיית דוידוביץ ובני,,לחם דגנים מלא דוידוב,גרמים,750.00,100 גרם,false,,12.90,0.0172,true,1,2509
7290002079996,false,לחם אחיד קל פרוס 750 גרם,מאפיית דוידוביץ ובני,,לחם אחיד קל פרוס,גרמים,750.00,100 גרם,false,,11.90,0.0159,true,1,2510
7290002096009,false,עוגיות דובשנית חפץ 4,חפץ,,דובשניות חפץ 450 גר,גרמים,450.00,100 גרם,false,,10.90,0.0242,true,1,13080
7290002096498,false,עוגיות דובשנית חפץ 6,חפץ אליקים,,"דובשניות חפץ 600 ג""ר",גרמים,600.00,100 גרם,false,,12.90,0.0215,true,1,5351
7290002107071,false,גבינת פטה עיזים מעודנת 16% משק צוריאל 200 גרם,החברה המרכזית טלהפצת משקאות בע,,פטה עיזים מעודנת,גרמים,200.00,100 גרם,false,,24.90,0.1245,true,1,7194
7290002107385,false,גליל גבינת עיזים מה עז משק צוריאל 180 גרם,החברה המרכזית טלהפצת משקאות בע,,דליקטס עז 20% 180 גר,גרמים,180.00,100 גרם,false,,23.90,0.1328,true,1,13119
7290002107491,false,גבינה לבנה מחלב עיזים למריחה 5% משק צוריאל 250 גרם,החברה המרכזית טלהפצת משקאות בע,,גבינת עיזים 5%,גרמים,250.00,100 גרם,false,,14.90,0.0596,false,1,7196
7290002107798,false,גבינה בולגרית מעודנת 5% משק צוריאל 250 גרם,החברה המרכזית טלהפצת משקאות בע,,בולגרית מעודנת 5% מש,גרמים,250.00,100 גרם,false,,22.50,0.0900,true,1,5000
7290002107965,false,גבינת טבורוג לאפייה ומילוי %5 500גרם,*החברה המרכזית להפצת משקאותבעמ,,טבורוג 5% 500 גר,גרמים,500.00,100 גרם,false,,25.90,0.0518,true,1,5001
7290002111450,false,גבינת גאודה,,,גבינת גאודה,קילוגרמים,1.00,"ק""ג",true,,95.00,95.0000,true,1,71184
7290002129462,false,פיצה איטלקית דקה שלושת האופים מארז זוג 640 ג',נטו מלינדה סחר בעמ,,מארז פיצה איטלקית דק,גרמים,640.00,100 גרם,false,,21.90,0.0342,true,1,67957
7290002129479,false,פיצה איטלקית דקה שלושת האופים 320 גר,האי נאם סי או אל.טי.,,פיצה איטלקית דקה שלו,גרמים,320.00,100 גרם,false,,13.90,0.0434,false,1,67958
7290002130567,false,דבש דבורים טהור פרחי בר יד מרדכי 350 גרם,מכוורת יד מרדכי שטראוס ב,,דבש יד מרדכי 350 גרם,גרמים,350.00,100 גרם,false,,16.90,0.0483,false,1,4531
7290002132011,false,עוגיות מזרחיות עם שומשום עבאדי (400 גר),מאפיית יוסף ושמחה עבאדי,,מזרחיות עגול,גרמים,400.00,100 גרם,false,,17.90,0.0447,false,1,762
7290002133032,false,פתיתי קשקבל 29% גבינות השומרון 300 גרם,"מחלבת השומרון בע""מ",,פתיתי קשקבל 22% גבינ,גרמים,300.00,100 גרם,false,,29.90,0.0997,true,1,6981
7290002133094,false,גבינת ברינזה צאן במש,"מחלבת השומרון בע""מ",,ברינזה צאן,קילוגרמים,1.00,"ק""ג",true,,79.90,79.9000,false,1,8792
7290002133117,false,בולגרית מעודנת 5% במשקל,"מחלבת השומרון בע""מ",,בולגרית 5% מעודנת במ,קילוגרמים,1.00,"ק""ג",true,,54.90,54.9000,false,1,8793
7290002133131,false,גבינה ריקוטה 5% 250 גרם,מחלבת השומרון,,גבינת אורדה בגביע 25,גרמים,250.00,100 גרם,false,,13.50,0.0540,true,1,25378
7290002133148,false,צפתית רכה שומרון במש,"מחלבת השומרון בע""מ",,צפתית שומרון טבעית/,קילוגרמים,1.00,"ק""ג",true,,55.90,55.9000,false,1,1846
7290002133162,false,גבינה בולגרית 5% גבינות השומרון 250 גרם,מחלבת שומרון בעמ`,,בולגרית גביע 5%,גרמים,250.00,100 גרם,false,,19.90,0.0796,true,1,6982
7290002133193,false,בולגרית שומרון מעדני,מחלבת השומרון בעמ,,בולגרית שומרון מעדני,קילוגרמים,1.00,"ק""ג",true,,55.90,55.9000,false,1,8795
7290002133247,false,לאבנה עם שמן זית וזעתר 5% גבינות השומרון 250 גרם,מחלבת שומרון בעמ`,,לבנה זעתר 5% - 250 ג,גרמים,250.00,100 גרם,false,,13.50,0.0540,true,1,1848
7290002133520,false,יוגורט של פעם 3% גבינות השומרון 400 גרם,מחלבת השומרון,,יוגורט של פעם 3%,גרמים,400.00,100 גרם,false,,9.90,0.0248,true,1,8798
7290002133643,false,גבינת פטה צאן 22% גבינות השומרון 200 גרם,מחלבת השומרון,,פטה גביע 22%,גרמים,200.00,100 גרם,false,,23.00,0.1150,true,1,6985
7290002133858,false,גבינה בולגרית צאן 18% גבינות השומרון 250 גרם,מחלבת השומרון,,בולגרית צאן 18%,גרמים,250.00,100 גרם,false,,22.90,0.0916,true,1,8803
7290002133889,false,גבינה בולגרית מעודנת 5% 250 גרם,מחלבת השומרון,,בולגרית מעודנת 5%,גרמים,250.00,100 גרם,false,,19.90,0.0796,true,1,1851
7290002150107,false,קובה בורגול במילוי ב,חמים וטעים,,קובה בורגול במילוי ב,קילוגרמים,1.00,"ק""ג",false,,36.90,36.9000,true,1,9875
7290002150305,false,סיגרים מרוקאים במילו,חמים וטעים בעמ,,סיגרים מרוקאים במילו,קילוגרמים,1.00,"ק""ג",false,,36.90,36.9000,true,1,9885
7290002150336,false,"פלאפל אמיתי בד""צ 800",חמים וטעים בעמ,,פלאפל אמיתי 800 גר',גרמים,800.00,100 גרם,false,,24.90,0.0311,true,1,9886
7290002150404,false,"סיגר תפו""א חמים וטעים 1 קג",חמים וטעים בעמ,,סיגרים מרוקאים במילו,קילוגרמים,1.00,"ק""ג",false,,32.90,32.9000,true,1,9887
7290002150503,false,אגרול סיני במילוי יר,חמים וטעים,,אגרול סיני במילוי יר,קילוגרמים,1.00,"ק""ג",false,,34.90,34.9000,true,1,9888
7290002150671,false,קרפלך במילוי בשר 1 ק'ג,חמים וטעים בעמ,,קרפלך במילוי בשר,קילוגרמים,1.00,"ק""ג",false,,36.90,36.9000,true,1,9892
7290002150688,false,קרפלך במילוי תפוחי א,חמים וטעים בעמ,,"קרפלך במילוי תפו""א",קילוגרמים,1.00,"ק""ג",false,,31.90,31.9000,true,1,9893
7290002150695,false,קובה למרק במילוי בשר,חמים וטעים,,קובה למרק במילוי בשר,קילוגרמים,1.00,"ק""ג",false,,49.90,49.9000,true,1,9894
7290002157953,false,מארז נתחי טונה בהירה בשמן קנולה - 4 יחידות,נטו מלינדה סחר בע`מ,,טונה קנולה 4*140 גר,גרמים,560.00,100 גרם,false,,18.90,0.0337,false,1,65428
7290002157960,false,טונה ויליגר רביעייה 140 גר במי מלח,נטו מילנדה סחר בעמ*,,טונה במים 4*140 גר ו,גרמים,560.00,100 גרם,false,,18.90,0.0337,false,1,65429
7290002195054,false,המבורגר קפוא בלדי (400 גרם),יוליניבר,,המבורגר בלדי 400 גר',גרמים,400.00,100 גרם,false,,11.90,0.0298,false,1,5206
7290002195078,false,קבב כבש קפוא בלדי (400 גרם),בלדי בעמ,,קבב כבש בלדי,גרמים,400.00,100 גרם,false,,11.90,0.0298,false,1,5207
7290002195085,false,קבב מזרחי קפוא בלדי (400 גרם),יוליניבר,,קבב מזרחי בלדי 400 ג,גרמים,400.00,100 גרם,false,,11.90,0.0298,false,1,5208
7290002195092,false,קבב רומני קפוא בלדי (400 גרם),בלדי בעמ,,קבב רומני בלדי,יחידה,0.00,יחידה,false,,11.90,0.0000,false,1,5209
7290002196105,false,דבש טהור משק לין 500,משק לין,,דבש טהור משק לין 500,גרמים,500.00,100 גרם,false,,29.00,0.0580,true,1,7435
7290002196129,false,דבש טהור 1 קג משק לי,משק לין,,דבש טהור 1 קג,יחידה,1.00,יחידה,false,,49.90,49.9000,true,1,7436
7290002196822,false,משק לין רוטב דבש שום לימון ושמו זית,משק דבורים לין,,רוטב דבש שום לימון,יחידה,320.00,יחידה,false,,21.90,0.0684,true,1,10365
7290002198048,false,פסטרמה הודו בתיבול שוואר,זוגלובק,,פסטרמה הודו בתיבול ש,קילוגרמים,1.00,"ק""ג",true,,79.90,79.9000,false,1,87790
7290002198062,false,פסטרמה הודו אקסטרהמעושנת,זוגלובק,,פסטרמה הודו אקסטרה מ,קילוגרמים,1.00,"ק""ג",true,,79.90,79.9000,false,1,118665
7290002198093,false,פסטרמה הודו מיקס פלפלים,זוגלובק,,פסטרמה הודו מיקס פלפ,קילוגרמים,1.00,"ק""ג",true,,79.90,79.9000,false,1,90651
7290002198109,false,צלעות אסאדו מעושנות מעדנייה,זוגלובק שיווק בעמ,,צלעות אסאדו מעושנת מ,קילוגרמים,1.00,"ק""ג",true,,134.90,134.9000,false,1,119233
7290002198116,false,"פסטרמה ברזילאית זוגלובק, מחיר לפי משקל",זוגלובק,,פסטרמה ברזילאית זוגל,קילוגרמים,1.00,"ק""ג",true,,109.90,109.9000,false,1,121145
7290002211044,false,"סולת חיטה 1 ק""ג טחנת רוט",טחנת קמח רוט קרית גת,,סולת 1 קג,קילוגרמים,1.00,"ק""ג",false,,6.50,6.5000,false,1,5352
7290002211112,false,"קמח לבן 1 ק""ג כחול טחנת רוט",,,"קמח 1 ק""ג",קילוגרמים,1.00,"ק""ג",false,,4.40,4.4000,false,1,33120
7290002232964,false,ציפוי לשניצל פז טחון דק 500 גרם דגש,"תירפז בע""מ",,פרורי לחם ללא גלוטן,גרמים,600.00,100 גרם,false,,26.90,0.0448,true,1,74204
7290002232995,false,ציפוי פז דגש 500גר ללא גלוטן.,נטורפוד בעמ,,פירורי לחם ללא גלוטן,גרמים,600.00,100 גרם,false,,26.90,0.0448,true,1,74205
7290002239185,false,אפונת גינה קפואה פרי גליל 800 גרם,ויטה- פרי גליל (החדשה) בעמ,,אפונה 800 פרי גל,גרמים,800.00,100 גרם,false,,9.90,0.0124,false,1,12941
7290002239215,false,אפונה וגזר פרי הגליל 800 גרם,ויטה- פרי גליל (החדשה) בעמ,,אפונה וגזר 800,גרמים,800.00,100 גרם,false,,9.90,0.0124,true,1,12942
7290002239277,false,גזר גמדי קפוא פרי גליל 800ג',ויטה פרי גליל (החדשה) בע`מ,,גזר גמדי פרי גלי,גרמים,800.00,100 גרם,false,,9.90,0.0124,true,1,12943
7290002239369,false,שעועית ירוקה שלמה 800 גרם פרי הגליל,ויטה פרי גליל (החדשה) בע`מ,,שעועית שלמה 800,גרמים,800.00,100 גרם,false,,9.90,0.0124,true,1,12946
7290002239420,false,תירס גרעינים 800 ג ' פרי הגליל,ויטה- פרי גליל (החדשה) בעמ,,תירס גרעינים 800,גרמים,800.00,100 גרם,false,,9.90,0.0124,true,1,12947
7290002253006,false,שום טרי כתוש צנצנת דורות 200 גרם,קבוצת אוסם סחר-שות.מוגבלת,,שום כתוש טרי 200גר ד,גרמים,200.00,100 גרם,false,,19.90,0.0995,true,1,6084
7290002253105,false,שום במגשית 20 שיניים כתושות קפוא 80,קבוצת אוסם סחר-שות.מוגבלת,,קוביות שום כתוש דורו,גרמים,80.00,100 גרם,false,,14.50,0.1813,false,1,6086
7290002253150,false,קוביות בזיליקום קצוץ דורות 70 גרם,קבוצת אוסם סחר שותפות מוגבלת,,בזיליקום קפוא קצוץ ד,גרמים,70.00,100 גרם,false,,11.00,0.1571,true,1,6087
7290002253167,false,פטרוזיליה טרייה קצוצה מוקפאת 70 גרם,קבוצת אוסם סחר שותפות מוגבלת,,פטרוזליה קצוצה דורות,גרמים,70.00,100 גרם,false,,11.00,0.1571,true,1,6088
7290002253174,false,קוביות שמיר קצוץ דורות 70 גרם,קבוצת אוסם סחר שותפות מוגבלת,,שמיר קצוץ דורות,גרמים,70.00,100 גרם,false,,11.00,0.1571,true,1,6089
7290002253181,false,כוסברה טרייה קצוצה 20 קוביות 70 גרם קפוא,קבוצת אוסם סחר שותפות מוגבלת,,כוסברה קצוצה דורות,גרמים,70.00,100 גרם,false,,11.00,0.1571,true,1,6090
7290002253235,false,דורות רוטב פסטו דורות,קבוצת אוסם סחר שותפות מוגבלת,,רוטב פסטו דורות,גרמים,160.00,100 גרם,false,,12.90,0.0806,true,1,58457
7290002253259,false,דורות רוטב עגבניות בזיליקום 160 גרם,עיצובים 2020 (3.8),,רוטב עגבניות בזיליקו,גרמים,160.00,100 גרם,false,,12.90,0.0806,true,1,58459
7290002253310,false,דורות שום צילי חריף קוביות תערובת 80 גר,קבוצת אוסם סחר שותפות מוגבלת,,קוביות שום צילי חריף,גרמים,80.00,100 גרם,false,,14.50,0.1813,false,1,76074
7290002253495,false,דורות תבל לטחינה ביתית תערובת קוביות 70 גרם,קבוצת אוסם סחר שותפות מוגבלת,,קוביות תבלין לטחינה,גרמים,70.00,100 גרם,false,,11.00,0.1571,true,1,76076
7290002281382,false,נתחי סלמון נורווגי דלידג קפוא,נטו מלינדה סחר בע`מ,,נתחי פילה סלמון קפוא,קילוגרמים,1.00,"ק""ג",true,,89.90,89.9000,false,1,75718
7290002281436,false,סטייק דג טונה בהירה קפוא ללא עור,בין דין פישרי ויאטנם,,"סטייק טונה בהירה ע""ע",קילוגרמים,1.00,"ק""ג",true,,49.90,49.9000,true,1,78471
7290002281498,false,גבינה צהובה מגורדת על בסיס חלב 500 ג' ריץ,נטו מילנדה סחר בעמ*,,גבינת ר'יץ מגורדת 50,גרמים,500.00,100 גרם,false,,22.90,0.0458,false,1,79224
7290002300878,false,צ'דר אנגלי,,,צ'דר אנגלי,קילוגרמים,1.00,"ק""ג",true,,125.00,125.0000,true,1,64262
7290002300885,false,צ'דר אנגלי כתום,,,צ'דר אנגלי כתום,קילוגרמים,1.00,"ק""ג",true,,110.00,110.0000,true,1,33439
7290002304203,false,קונפיטורה ביתית תות לייט 600 גר,ענבי ציון,,קונפיטורה תות שדה לי,גרמים,600.00,100 גרם,false,,22.90,0.0382,true,1,941
7290002304210,false,קונפיטורה ביתית משמש לייט 600 גר,ענבי ציון,,קונפיטורה משמש לייט,גרמים,600.00,100 גרם,false,,22.90,0.0382,true,1,942
7290002304227,false,קונפיטורה ביתית דובדבן חמוציות לייט 600,ענבי ציון,,קונפיטורה דובדבן חמו,גרמים,600.00,100 גרם,false,,22.90,0.0382,true,1,943
7290002304609,false,קונפיטורה ביתי ענבי ציון תות 600 גרם,ענבי ציון,,קונפיטורה תות שדה 60,גרמים,600.00,100 גרם,false,,17.90,0.0298,true,1,946
7290002304616,false,קונפיטורה ביתית ענבי ציון משמש 600 גרם,ענבי ציון,,קונפיטורה משמש 600 ג,גרמים,600.00,100 גרם,false,,17.90,0.0298,false,1,947
7290002304623,false,קונפיטורה ביתי ענבי ציון פירות יער 600 גר,ענבי ציון,,קונפיטורה פירות יער,גרמים,600.00,100 גרם,false,,17.90,0.0298,true,1,948
7290002317852,false,מלפפון ביתי בצנצנת מוטולה (900גר`),שימורי מוטולה בעמ,,מוטולה מלפפונים במלח,גרמים,900.00,100 גרם,false,,23.90,0.0266,true,1,21882
7290002327516,false,גחנון אפוי למיקרו או,אופרה,,ג'חנון אפוי 650 גר',גרמים,650.00,100 גרם,false,,15.90,0.0245,true,1,58200
7290002327615,false,ג'חנון 900 גר' אופרה,חסון את לוי,,ג'חנון 900 גר' אופרה,גרמים,900.00,100 גרם,false,,14.50,0.0161,true,1,2580
7290002327622,false,ג'חנון 650 גר אופרה,אופרה,,ג'חנון 650 גר אופרה,גרמים,650.00,100 גרם,false,,12.90,0.0198,false,1,2581
7290002327646,false,מלוואח אופרה 700 ג,אופרה,,מלווח אופרה,גרמים,700.00,100 גרם,false,,13.90,0.0199,false,1,2582
7290002327660,false,"בורקס תפו""א אופרה",חסון את לוי,,"בורקס תפו""א אופרה",גרמים,800.00,100 גרם,false,,14.50,0.0181,false,1,2583
7290002327677,false,בורקס גבינה אופרה,אופרה,,בורקס גבינה אופרה,גרמים,800.00,100 גרם,false,,18.90,0.0236,true,1,2584
7290002327684,false,בצק עלים 1 קג אופרה,אופרה,,בצק עלים 1 קג אופרה,קילוגרמים,1.00,"ק""ג",false,,15.90,15.9000,false,1,9845
7290002327691,false,אופרה בורקס מיני תפו,אופרה,,"מיני בורקס תפו""א",גרמים,800.00,100 גרם,false,,15.90,0.0199,false,1,2585
7290002327707,false,אופרה מיני בורקס גבי,אופרה,,מיני בורקס גבינה,גרמים,800.00,100 גרם,false,,18.90,0.0236,true,1,2586
7290002331025,false,"מים מינרלים נביעות ספורט 500 מ""ל פקדון",החברה המרכזית להפצת משקאות בעמ,,נביעות 0.5 ליטר -,יחידה,500.00,יחידה,false,,2.60,0.0052,true,1,7272
7290002331094,false,"מים מינרליים GO TO נביעות 755 מ""ל",החברה המרכזית להפצת משקאות בעמ,,נביעות 75 0.,יחידה,755.00,יחידה,false,,3.00,0.0040,true,1,7273
7290002331124,false,נביעות+ מים מינרליים בטעם תפוח,החברה המרכזית להפצת משקאות בעמ,,נביעות+ תפוח 0.5 ליט,יחידה,500.00,יחידה,false,,6.00,0.0120,false,1,7275
7290002331155,false,מים נביעות בטעם אפרסק 0.5 ליטר,החברה המרכזית להפצת משקאות בעמ,,נביעות+ אפרסק 0.5 לי,יחידה,500.00,יחידה,false,,6.00,0.0120,false,1,7278
7290002331360,false,"נביעות מים מינרליים טו גו מארז 500X6מ""ל",החברה המרכזית להפצת משקאות בעמ,,נביעות שישייה 0.5 ל',ליטרים,3.00,ליטר,false,,12.90,4.3000,false,1,41
7290002331421,false,"שישיית מים מינרליים GO TO נביעות 755 מ""ל",החברה המרכזית להפצת משקאות בעמ,,"נביעות שישיה 750 מ""ל",ליטרים,4.50,ליטר,false,,16.90,3.7556,false,1,7282
7290002331490,false,מים מינרלים נביעות (1 ליטר),החברה המרכזית להפצת משקאות בעמ,,נביעות 1 ליטר,ליטרים,1.00,ליטר,false,,2.90,2.9000,false,1,30753
7290002331711,false,נביעות מים מינרלים בטעם ענבים0.5ליטר,החברה המרכזית להפצת משקאות בעמ,,נביעות+ ענבים 0.5 לי,יחידה,500.00,יחידה,false,,6.00,0.0120,true,1,7284
7290002333500,false,עדשים אדומות אורגני 500 גרם - הרדוף,אול אורגני,,עדשים אדומים 500 גרם,גרמים,500.00,100 גרם,false,,11.90,0.0238,true,1,10418
7290002333838,false,כוסמת אורגנית ירוקה 500 גרם - הרדוף,אול אורגני,,כוסמת 500 גרם,גרמים,500.00,100 גרם,false,,10.90,0.0218,true,1,10421
7290002345015,false,סינטה דק דק אל גאוצ'ו 250ג' מינוט,"טיבון ויל אחזקות בע""\מ",,סינטה דקדק 250 גר,גרמים,250.00,100 גרם,false,,15.90,0.0636,true,1,71043
7290002345022,false,אנטריקוט דק דק מינוט סטייק אל גאוצ'ו 250 גרם,"טיבון ויל אחזקות בע""\מ",,אנטריקוט דקדק 250 גר,גרמים,250.00,100 גרם,false,,15.90,0.0636,true,1,71044
7290002345282,false,נתחי פילה סלמון קפוא דלידג,נטו מלינדה סחר בע`מ,,נתחי פילה סלמון קפוא,קילוגרמים,1.00,"ק""ג",true,,89.90,89.9000,false,1,71741
7290002348139,false,תחתיות ארטישוק ויליגר (390 גרם),נטו מילנדה סחר בעמ*,,תחתיות ארטישוק 400 ג,גרמים,400.00,100 גרם,false,,9.90,0.0248,true,1,11232
7290002348160,false,תירס גמדי שלם ויליגר 425 ג',גואנגדונג יוזהו פודס,,תירס צעיר שלם,גרמים,400.00,100 גרם,false,,6.50,0.0163,true,1,3730
7290002348306,false,'קוקטייל פירות ויליגר 850 ג,נטו מילנדה סחר בעמ*,,קוקטייל פירות 850 גר,גרמים,850.00,100 גרם,false,,8.90,0.0105,true,1,11238
7290002353249,false,חרדל דיז'ון מיילי 345 גרם,מיוצר עי קונדיטוריית,,דיג'ונז מייל 345 גר,גרמים,345.00,100 גרם,false,,19.90,0.0577,true,1,69042
7290002353836,false,סרדינים רוברט בשמן זית 115 גרם,קונסרבס פורטוגל נורטה,,סרדין רוברטס בשמן זי,גרמים,120.00,100 גרם,false,,7.50,0.0625,true,1,11242
7290002360124,false,חליטת צמחים ורד הבר והיביסקוס פומפדור 20 יחידות,ש. שסטוביץ בע`מ,,תה צמחים פומפדור 20,גרמים,30.00,100 גרם,false,,15.90,0.5300,true,1,7809
7290002360155,false,חליטת תה פרחי שומר פומפדור 20 שקיקים,ש.שסטוביץ בעמ,,תה פומפדור שומר 20 ש,גרמים,40.00,100 גרם,false,,15.90,0.3975,true,1,7810
7290002360278,false,חליטת צמחים פומפדור מנטה 20 יחידות,"איטיליאן פוד, אס.פי.",,תה פומפדור מינטה,גרמים,45.00,100 גרם,false,,15.90,0.3533,true,1,7813
7290002360285,false,חליטת צמחים פומפדור קמומיל 20 יחידות,ש. שסטוביץ בע`מ,,חליטת תה קמומיל פומפ,גרמים,30.00,100 גרם,false,,15.90,0.5300,true,1,7814
7290002370017,false,גבינת גאודה בזיליקום,ראובן קאסספליטאיטן,,גבינת גאודה פסטו,קילוגרמים,1.00,"ק""ג",true,,99.00,99.0000,true,1,63427
7290002370130,false,גבינת ברי צרפתית משקל,גולד פרוסט,,גבינת ברי צרפתית,קילוגרמים,1.00,"ק""ג",true,,120.00,120.0000,true,1,72137
7290002371533,false,דקניקים סלסולי פסטרמה דבש טירת צבי 120 גרם,תנובה מרכז שיתופי לשיווק תוצרת,,סילסולי פסטרמה ודבש,יחידה,0.00,יחידה,false,,15.90,0.0000,true,1,28800
7290002371540,false,דקניקים קורנדביף ללא גלוטן טירת צבי 120 גרם,תנובה מרכז שיתופי לשיווק תוצרת,,קורנדביף 120 גר',גרמים,120.00,100 גרם,false,,15.90,0.1325,true,1,28801
7290002371571,false,פסטרמה פרגיות לבאגט במשקלטירת צבי,טירת- צבי,,פסטרמה פרגיות טירת צ,קילוגרמים,1.00,"ק""ג",true,,84.90,84.9000,false,1,892
7290002371939,false,סרוולד בסגנון צרפתי דליקטיב 120 גרם,תנובה מרכז שיתופי לשיווק תוצרת,,סרוולד צרפתי 120 גר',גרמים,120.00,100 גרם,false,,26.90,0.2242,false,1,28802
7290002374268,false,שמן חמניות מזוכך ללא כולסטרול 1 ליטר,סוגת תעשיות בעמ,,שמן חמניות מילומ,ליטרים,1.00,ליטר,false,,10.90,10.9000,false,1,3948
7290002374312,false,שמן קנולה מזוכך 6% מילומור (1 ליטר),"נארז ע""י : א.ג. גילר",,שמן קנולה מילומו,ליטרים,1.00,ליטר,false,,9.90,9.9000,false,1,3949
7290002374640,false,שמן בריאות קנולה פלוס אומגה 3 עץ הזית 1 ליטר,סוגת תעשיות בעמ,,שמן קנולה פלוס אומגה,ליטרים,1.00,ליטר,false,,14.90,14.9000,false,1,33755
7290002385196,false,רוקפור דייניש בלו29%משקל,מחלבות גד,,רוקפור מחלבת גד,קילוגרמים,1.00,"ק""ג",true,,123.00,123.0000,true,1,64461
7290002385738,false,גד סדרת דליקטס מנצ'גו 34% במשקל,מחלבות גד,,גבינת מנצ'גו משולשים,קילוגרמים,1.00,"ק""ג",true,,144.00,144.0000,true,1,20115
7290002385745,false,גבינת פיקורינו משולשים גד,מחלבות גד,,פיקורינו משולשים גד,קילוגרמים,1.00,"ק""ג",true,,144.00,144.0000,true,1,20116
7290002395409,false,גבינה צהובה 28% נועם,החברה המרכזית,,גבינה צהובה נעם 28%,קילוגרמים,1.00,"ק""ג",true,,44.79,44.7900,false,1,26066
7290002395416,false,גבינה צהובה נעם 9%,החברה המרכזית,,גבינה צהובה נעם 9%,קילוגרמים,1.00,"ק""ג",true,,76.90,76.9000,false,1,26198
7290002395423,false,גבינה צהובה 22% נועם,החברה המרכזית,,גבינה צהובה נעם 22%,קילוגרמים,1.00,"ק""ג",true,,42.58,42.5800,false,1,26067
7290002407034,false,זית סורי ירוק( 800 גר`)גהשאן סורי,אבאל יזמות בעמ,,זית סורי מבוקע 800 ג,גרמים,800.00,100 גרם,false,,18.90,0.0236,false,1,10631
7290002407102,false,זית סנטה מבוקע ענק ג`השאן (800 גרם),אבאל יזמות בעמ,,זית סנטה גדול 800 גר,גרמים,800.00,100 גרם,false,,18.90,0.0236,false,1,10632
7290002407348,false,"שמן זית כתית מעולה 750 מ""ל ג'השאן",משק משפחת ג'השאן,,שמן זית 750 ג'השאן,מיליליטרים,750.00,"100 מ""ל",false,,29.90,0.0399,false,1,10635
7290002407454,false,שמן זית סורי כתית מעולה 750 מל,אבאל יזמות בעמ,,שמן זית 750 זן סורי,מיליליטרים,750.00,"100 מ""ל",false,,36.90,0.0492,false,1,10636
7290002407461,false,שמן זית כתית מעולה ג,ג'השאן,,שמן זית 750 זן נבאלי,מיליליטרים,750.00,"100 מ""ל",false,,36.90,0.0492,true,1,10637
7290002410713,false,קישקע- מעדני הטלה מוביל,לאטי עזרא גלם ודגים,,קישקע ממולא 500 גר',גרמים,500.00,100 גרם,false,,10.90,0.0218,true,1,433
7290002447214,false,מח עצם,,,מח עצם,קילוגרמים,1.00,"ק""ג",true,,37.90,37.9000,false,1,7086
7290002447436,false,כתף עגל טרי,,,כתף עגל טרי,קילוגרמים,1.00,"ק""ג",true,,75.00,75.0000,false,1,7089
7290002447443,false,צלי כתף עגל,,,צלי כתף עגל,קילוגרמים,1.00,"ק""ג",true,,89.90,89.9000,false,1,7090
7290002447450,false,פילה מדומה לקדירה,,,פילה מדומה לקדירה,קילוגרמים,1.00,"ק""ג",true,,79.90,79.9000,false,1,7091
7290002447467,false,אסדו עגל טרי,,,אסדו עגל טרי,קילוגרמים,1.00,"ק""ג",true,,55.00,55.0000,false,1,4410
7290002447474,false,צוואר עגל טרי.,,,צוואר עגל טרי.,קילוגרמים,1.00,"ק""ג",true,,74.90,74.9000,false,1,7092
7290002447481,false,צא'ך עגל טרי,אדום אדום,,צא'ך עגל טרי,קילוגרמים,1.00,"ק""ג",true,,74.90,74.9000,false,1,7093
7290002447498,false,ויסבראטן עגל טרי,אדום אדום,,ויסבראטן עגל טרי,קילוגרמים,1.00,"ק""ג",true,,74.90,74.9000,false,1,7094
7290002447528,false,אווזית לקדירה,אדום אדום,,אווזית לקדירה,קילוגרמים,1.00,"ק""ג",true,,74.90,74.9000,false,1,7095
7290002447542,false,אנטריקוט עגל טרי,אדום אדום,,אנטריקוט עגל טרי,קילוגרמים,1.00,"ק""ג",true,,159.00,159.0000,false,1,7096
7290002447559,false,סינטה עגל טרי,אדום אדום,,סינטה עגל טרי,קילוגרמים,1.00,"ק""ג",true,,129.00,129.0000,false,1,4411
7290002447566,false,אוסובוקו עגל טרי,,,אוסובוקו עגל טרי,קילוגרמים,1.00,"ק""ג",true,,55.00,55.0000,false,1,4409
7290002447573,false,שייטל עגל טרי,אדום אדום,,שייטל עגל טרי,קילוגרמים,1.00,"ק""ג",true,,84.90,84.9000,false,1,7097
7290002447580,false,פילה עגל טרי א.א במשקל,אדום אדום,,פילה עגל טרי,קילוגרמים,1.00,"ק""ג",true,,239.00,239.0000,false,1,7098
7290002447597,false,שריר הזרוע,,,שריר הזרוע,קילוגרמים,1.00,"ק""ג",true,,75.00,75.0000,true,1,7099
7290002447894,false,סטייק עם עצם,,,סטייק עם עצם,קילוגרמים,1.00,"ק""ג",true,,99.00,99.0000,false,1,7101
7290002447979,false,בשר כף טרי,אדום אדום,,בשר כף טרי,קילוגרמים,1.00,"ק""ג",true,,74.90,74.9000,false,1,7103
7290002460060,false,קמח לבן 1קג מן,מן,,קמח לבן 1קג מן,יחידה,1.00,יחידה,false,,3.90,3.9000,false,1,9933
7290002461562,false,מיני מרגז מעדני הטלה,מעדני הטלה והעגל,,מיני מרגז מעדני הטלה,גרמים,500.00,100 גרם,false,,22.90,0.0458,true,1,30072
7290002472186,false,עוגת מאפין שוקו צ'יפס550,"גידרון תעשיות בע""מ",,עוגת מאפין שוקו צ'יפ,יחידה,0.00,יחידה,false,,18.90,0.0000,true,1,17737
7290002472193,false,עוגת מאפין שוקו 550 גרם,"גידרון תעשיות בע""מ",,עוגת מאפין שוקולד גי,יחידה,550.00,יחידה,false,,18.90,0.0344,true,1,17738
7290002472209,false,מאפין שוקו וניל 550 גרם,"גידרון תעשיות בע""מ",,עוגת שוקו וניל גידרו,יחידה,0.00,יחידה,false,,18.90,0.0000,true,1,17744
7290002472223,false,עוגת מאפין תפוז 550 גרם,"גידרון תעשיות בע""מ",,עוגת מאפין תפוז,יחידה,550.00,יחידה,false,,18.90,0.0344,true,1,17745
7290002472254,false,עוגת מאפין אגוזים 550גרם,"גידרון תעשיות בע""מ",,עוגת מאפין אגוזים,יחידה,550.00,יחידה,false,,18.90,0.0344,true,1,17746
7290002478157,false,פרגיות ממולאות אורז מתקת,מעדני הטלה והעגל,,רבעי פרגיות ממולאות,קילוגרמים,1.00,"ק""ג",true,,51.90,51.9000,true,1,79738
7290002485025,false,סלט חומוס מסעדות 500 גרם,"סלטי שמיר 2006 בע""מ",,חומוס מסעדות 500גר,גרמים,500.00,100 גרם,false,,12.90,0.0258,true,1,436
7290002485049,false,סלט חומוס מסבחה 500 גרם,"סלטי שמיר 2006 בע""מ",,סלט חומוס מסבחה 500ג,גרמים,500.00,100 גרם,false,,12.90,0.0258,true,1,13739
7290002485063,false,סלט חומוס אבו גוש בי,"סלטי שמיר 2006 בע""מ",,חומוס אבו גוש 500גר,גרמים,500.00,100 גרם,false,,12.90,0.0258,true,1,13740
7290002502012,false,בונז'ור לחמניה קלועה חיטה מלא יח',בונז'ור,,לחמניה קלועה חיטה מל,יחידה,100.00,יחידה,false,,2.50,0.0250,true,1,166
7290002502036,false,בונז'ור לחמנית קשר 100ג',בונז'ור,,לחמניה קשר בונזור,יחידה,0.00,יחידה,false,,2.50,0.0000,true,1,89
7290002502043,false,בונז'ור לחמניה כריך,בונז'ור,,לחמניה כריך,יחידה,0.00,יחידה,false,,3.00,0.0000,true,1,5672
7290002502067,false,בונג'ור חלה קלועה 560 גרם,בונז'ור,,חלה רגילה קלועה,יחידה,0.00,יחידה,false,,9.90,0.0000,true,1,5673
7290002502203,false,בורקס גבינה,בונז'ור,,בורקס גבינה,קילוגרמים,1.00,"ק""ג",true,,42.00,42.0000,true,1,5675
7290002507604,false,פיצה שגב השף מאיטליה 350 גרם,האי נאם סי או אל.טי.,,פיצת השף מאיטליה 320,גרמים,320.00,100 גרם,false,,14.90,0.0466,true,1,68671
7290002515333,false,"ד""ר פישר - קמיל בלו סנסיטיב אל סבון עדין לתינוק 500 מ""ל","פישר תעשיות פרמצביטות בע""מ",,קמיל פלוס 500,יחידה,500.00,יחידה,false,,17.90,0.0358,true,1,13317
7290002515371,false,"קמיל בלו אל סבון לתינוקות ד""ר פישר 1 ליטר","פישר תעשיות פרמצביטות בע""מ",,קמיל בלו קלאסיק אל ס,ליטרים,1.00,ליטר,false,,26.90,26.9000,true,1,13319
7290002517269,false,"פלפל שחור שלם 350 גרם ""טעם וריח""",תבליני טעם וריח בעמ,,פלפל שחור שלם מיכל ק,גרמים,35.00,100 גרם,false,,9.50,0.2714,true,1,2740
7290002517276,false,פלפל אנגלי שלם 25 גר' טעם וריח,תבליני טעם וריח בעמ,,מיכל קטן פלפל אנגלי,גרמים,25.00,100 גרם,false,,5.50,0.2200,true,1,9996
7290002517337,false,אורגנו עלים 20 גר' טעם וריח,"תבליני טעם וריח בע""מ",,עשבי תיבול שקיות,גרמים,30.00,100 גרם,false,,5.90,0.1967,true,1,9998
7290002517375,false,בזילקום עלים 30 גר' טעם וריח,"תבליני טעם וריח בע""מ",,בזיליקום שקית 30 גר',גרמים,30.00,100 גרם,false,,5.90,0.1967,true,1,10000
7290002517603,false,תבלין בזיליקום מיכל 10ג',"תבליני טעם וריח בע""מ",,בזיליקום מיכל קטן,גרמים,10.00,100 גרם,false,,5.50,0.5500,true,1,10015
7290002517634,false,כוזברה 30 גר מיכל קט,תבליני טעם וריח בעמ,,כוזברה במיכל,גרמים,30.00,100 גרם,false,,5.50,0.1833,true,1,10018
7290002517689,false,תבלין קרי 40 גרם מיכל קטן,תבליני טעם וריח בעמ,,אבקת קרי במיכל,גרמים,40.00,100 גרם,false,,5.50,0.1375,true,1,10023
7290002517726,false,קינמון מקלות 15 גר' טעם וריח,"תבליני טעם וריח בע""מ",,מקלות קינמון במיכל,גרמים,15.00,100 גרם,false,,5.50,0.3667,true,1,10025
7290002517733,false,תבלין קצח טעם וריח 4,תבליני טעם וריח בעמ,,קצח מיכל קטן,גרמים,40.00,100 גרם,false,,5.50,0.1375,true,1,10026
7290002517801,false,תבלין צ'ילי כתוש - חריף (פלפל קיינה) 30 ג',"תבליני טעם וריח בע""מ",,צ'ילי כתוש-חריף מיכל,גרמים,30.00,100 גרם,false,,5.50,0.1833,true,1,10032
7290002517825,false,"פלפל לבן טחון 40 גרם ""טעם וריח""","תבליני טעם וריח בע""מ",,פלפל לבן טחון במיכל,גרמים,40.00,100 גרם,false,,9.50,0.2375,true,1,2744
7290002517863,false,תבלין ציפורן טחון 80ג',"תבליני טעם וריח בע""מ",,ציפורן טחון,גרמים,40.00,100 גרם,false,,9.50,0.2375,true,1,2745
7290002542506,false,"בקבוק בירה קורונה 355 מ""ל",קריניציה ויטמינה אס,,קורונה בירה בקבוק 35,מיליליטרים,355.00,"100 מ""ל",false,,10.00,0.0282,true,1,13562
7290002542780,false,"שישייה בירה סטלה ארטואה בקבוק 330X6 מ""ל","אינבב, ברוורייפליין",,שישיה בירה סטלה בק',מיליליטרים,1980.00,"100 מ""ל",false,,29.90,0.0151,false,1,117156
7290002542841,false,"שישייה בירה לף בלונד בקבוק 330X6 מ""ל","אינבב, ברוורייפליין",,שישיית בירה לף בלונד,ליטרים,1.98,ליטר,false,,44.90,22.6768,false,1,118510
7290002542865,false,"שישייה בירה הוגרדן בקבוק 330X6 מ""ל","אינבב, ברוורייפליין",,שישיית בירה הוגרדן,ליטרים,1.98,ליטר,false,,44.90,22.6768,false,1,118145
7290002543046,false,קלוגס פרוסטיס דגנים וסוכר 750ג',דיפלומט מפיצים (1968) בעמ**,,דגני קלוגס פרוסטיס 7,גרמים,750.00,100 גרם,false,,17.90,0.0239,false,1,7817
7290002543237,false,דגני בוקר קלוגס קורנפלקס 750 גרם,קלוגס קומפני אוף גרייט ב,,קורנפלקס קלוגס 750 ג,גרמים,750.00,100 גרם,false,,13.90,0.0185,false,1,7822
7290002551003,false,נתחי טונה בהירה בשמן סטארקיסט (160 גרם),דיפלומט מפיצים (1968) בעמ**,,טונה סטארקיסט בשמן 1,גרמים,160.00,100 גרם,false,,6.60,0.0412,false,1,10638
7290002628064,false,בשר בקר טחון קפוא בלדי (500 גרם),יוליניבר,,טחון בקר בלדי קפוא 5,גרמים,500.00,100 גרם,false,,19.90,0.0398,true,1,13264
7290002628248,false,שוקיים עוף קפוא בלדי,בלדי,,שוקיים עוף קפוא בלדי,קילוגרמים,1.00,"ק""ג",true,,31.90,31.9000,true,1,5194
7290002628255,false,כרעיים עוף קפוא בלדי,בלדי,,כרעיים עוף קפוא בלדי,קילוגרמים,1.00,"ק""ג",true,,28.90,28.9000,false,1,5195
7290002628293,false,טחון עוף קפוא 500 גרם בלדי,בלדי בע`מ,,טחון עוף בלדי 500 גר,גרמים,500.00,100 גרם,false,,9.90,0.0198,true,1,13286
7290002628484,false,כנפיים עוף קפוא בלדי,בלדי,,כנפיים עוף קפוא בלדי,קילוגרמים,1.00,"ק""ג",true,,13.90,13.9000,true,1,5197
7290002651116,false,גחנון חמסי ארוז 1 קג,מאפיית אריאל,,ג'חנון חמסי,קילוגרמים,1.00,"ק""ג",false,,15.90,15.9000,true,1,437
7290002651123,false,מלאווח חמסי ארוז 1 ק,מאפיית אריאל,,מלווח חמסי,קילוגרמים,1.00,"ק""ג",false,,15.90,15.9000,true,1,438
7290002654667,false,תערובת להכנת עוגת וניל כהאנס 560ג',נאמן לאורך זמן בעמ,,תערובת לעוגת וני,גרמים,560.00,100 גרם,false,,12.90,0.0230,true,1,8492
7290002654674,false,תערובת להכנת עוגת שוקולד כהאנס 560ג',נאמן לאורך זמן בעמ,,תערובת לעוגת שוק,גרמים,560.00,100 גרם,false,,12.90,0.0230,true,1,5547
7290002654681,false,תערובת להכנת כדורי שוקולד 500ג',נאמן לאורך זמן בעמ,,כדורי שוקולד 500,גרמים,500.00,100 גרם,false,,13.50,0.0270,true,1,8493
7290002661153,false,לחם דני קל פרוס ברמן (1 קג),מאפית י את א ברמן בע,,לחם דני קל,יחידה,1.00,יחידה,false,,17.90,17.9000,true,1,14134
7290002674221,false,"אקווה פרש משחת שינים משאבה מנטה 100 מ""ל",גלקסו סמית קליין,,אקווה פרש משאבה,גרמים,100.00,100 גרם,false,,16.90,0.1690,true,1,17897
7290002692393,false,שמן קנולה מזוכך מועשר עץ הזית (1 ליטר),סוגת תעשיות בעמ,,שמן קנולה ויטמין E,ליטרים,1.00,ליטר,false,,14.90,14.9000,false,1,11558
7290002692768,false,"תרסיס שמן קנולה מזוכך ללא תוספת גז עץ הזית 200 מ""ל",טרנסומס פוד איי בי,,תרסיס שמן קנולה,יחידה,200.00,יחידה,false,,14.90,0.0745,false,1,11561
7290002692775,false,"תרסיס שמן קנולה בטעם חמאה עץ הזית 200 מ""ל",סוגת תעשיות בעמ,,תרסיס שמן טעם חמאה,מיליליטרים,200.00,"100 מ""ל",false,,14.90,0.0745,false,1,76926
7290002692782,false,"תרסיס שמן זית כתית מעולה ללא תוספת גז עץ הזית 150 מ""ל",י.ב טכנולוגיות אריזה,,תרסיס שמן זית,יחידה,200.00,יחידה,false,,14.90,0.0745,false,1,11563
7290002706731,false,דלידג רצועות פילה הנסיכה קפוא 100%,דלידג ק.מלאכי,,רצועות פילה נילוס,קילוגרמים,1.00,"ק""ג",true,,65.90,65.9000,true,1,28117
7290002715504,false,ארוחת נודלס בטעם עוף מג`יק (70 גרם),נטו מלינדה סחר בע`מ,,מרק מג'יק,גרמים,70.00,100 גרם,false,,5.00,0.0714,false,1,11251
7290002715511,false,ארוחת נודלס בטעם בשר מג`יק (70 גרם),נטו מלינדה סחר בע`מ,,מרק מג'יק,גרמים,70.00,100 גרם,false,,5.00,0.0714,false,1,11252
7290002715528,false,ארוחת נודלס בטעם ירקות מג`יק (70 גרם),נטו מילנדה סחר בעמ*,,מרק מג'יק,גרמים,70.00,100 גרם,false,,5.00,0.0714,false,1,11253
7290002715580,false,ארוחת נודלס בטעם סיני חריף מג'יק 70 גרם,נטו מילנדה סחר בעמ*,,מרק מגיק,גרמים,70.00,100 גרם,false,,5.00,0.0714,false,1,11255
7290002730262,false,נוזל לניקוי כלים קלאסי פלמוליב (750 מל),יבואן ומשווק: ש. שסט,,פלמוליב קריסטל,מיליליטרים,750.00,"100 מ""ל",false,,9.90,0.0132,false,1,6652
7290002730521,false,צימרוני אוזניים בלונס בקופסא 200 יח',ש. שסטוביץ בע`מ,,צמרונים 200יח,יחידה,0.00,יחידה,false,,5.90,0.0000,true,1,6655
7290002730675,false,"קולגייט משחת שיניים אדומה משפחתי 100 מ""ל",קולגייט-פלמוליב,,משחת שיניים קולגייט,מיליליטרים,100.00,"100 מ""ל",false,,10.90,0.1090,false,1,490
7290002730811,false,"משחת שיניים ג'ל פסים מרעננים קולגייט 100 מ""ל",הנסיך- מפעל לייצור ט,,משחת שיניים קולגייט,מיליליטרים,100.00,"100 מ""ל",false,,11.90,0.1190,false,1,491
7290002730903,false,פלמוליב סבון מוצק ורדים רביעייה * 125 ג',הנסיך- מפעל לייצור ט,,סבון פלמוליב מוצ,גרמים,500.00,100 גרם,false,,17.00,0.0340,true,1,6660
7290002730941,false,כדורי צמר גפן בלונס 100 יחידות,הנסיך- מפעל לייצור ט,,בלונס צמר גפן,גרמים,100.00,100 גרם,false,,5.90,0.0590,true,1,6663
7290002730958,false,סבון מוצק בניחוח זיתים ואלוורה פלמוליב 4*100 גרם,הנסיך- מפעל לייצור ט,,סבון פלמוליב מוצ,גרמים,400.00,100 גרם,false,,17.00,0.0425,true,1,6664
7290002735007,false,"בצק עלים מרודד ינון 1 ק""ג",קפוא-זן תעשיות מזון בעמ - תפוג,,בצק עלים ינון,יחידה,1.00,יחידה,false,,13.90,13.9000,true,1,7219
7290002735014,false,מלווח ארוז יינון 800 גר`,קפוא-זן תעשיות מזון בעמ - תפוג,,מלווח ינון,גרמים,800.00,100 גרם,false,,13.90,0.0174,true,1,7220
7290002735021,false,ג`חנון ארוז 750 גר`יינון,קפוא-זן תעשיות מזון בעמ - תפוג,,ג'חנון ינון,גרמים,750.00,100 גרם,false,,13.90,0.0185,true,1,7221
7290002735212,false,קונכיות בצק ינון 750 גרם,לפ הקצבים שיווק מוצרי בשר,,קונכיות בצק 750 גר',גרמים,750.00,100 גרם,false,,13.90,0.0185,true,1,33982
7290002735274,false,ג'חנון אפוי ינון 600 גרם,קפוא-זן תעשיות מזון בעמ - תפוג,,ג'חנון יינון אפוי 60,גרמים,600.00,100 גרם,false,,16.90,0.0282,true,1,7224
7290002752332,false,"סוכריות מנטוס פירות בגליל, 37.5 גרם",הדקלאים אגודת שיתופי,,מנטוס פירות,גרמים,37.50,100 גרם,false,,2.90,0.0773,true,1,9679
7290002752349,false,סוכריות מנטוס מנטה 40יח' בגליל 38ג',ליימן שליסל בעמ,,מנטוס מנטה,גרמים,37.50,100 גרם,false,,2.90,0.0773,true,1,9680
7290002752493,false,רביעיה סוכריות מנטה 4* 16 ג' טיק טק,פרימיום-חברה לדברי מתיקה ולמסח,,טיק טק רביעיה,גרמים,64.00,100 גרם,false,,9.90,0.1547,true,1,9681
7290002753995,false,סוכריות עדשים לקישוט עוגה וורנר 6*25 גרם,היינץ צפון אמריקה מק,,קישוטי שוקולד,גרמים,150.00,100 גרם,false,,15.90,0.1060,true,1,9684
7290002757511,false,דלידג קציצות דג לבישול 750 גר קהילות,נטו מלינדה סחר בע`מ,,קציצות דג לבישול,גרמים,750.00,100 גרם,false,,31.90,0.0425,true,1,11261
7290002768043,false,"תיאדנט מי-פה ענק פלאוריד 150 מ""ל",החברה הדרומית לשיווק בעמ,,מי פה ענק+פלואור,מיליליטרים,150.00,"100 מ""ל",false,,17.90,0.1193,true,1,18582
7290002768074,false,אל סבון נוזלי רגיל דרמפון 1 ליטר,החברה הדרומית לשיווק בעמ,,דרמפון,ליטרים,1.00,ליטר,false,,15.90,15.9000,true,1,18583
7290002768159,false,"קצף אמבט בת אורן קרליין 500 מ""ל",החברה הדרומית לשיווק בעמ,,בת אורן,מיליליטרים,500.00,"100 מ""ל",false,,15.90,0.0318,true,1,5311
7290002769644,false,עוגת דבש/אגוזים 370 גר' עוגיות הזהב,,,עוגת דבש 400 גרם עוג,יחידה,0.00,יחידה,false,,10.90,0.0000,true,1,59708
7290002769996,false,קראנץ' מאפים מתוקים,ר.כ עוגיות הזהב,,קראנץ' שוקולד,יחידה,0.00,יחידה,false,,24.90,0.0000,true,1,68953
7290002771104,false,קפה עם הל אל נחלה 500 גרם,קפה אל נחלה בני רפיק,,קפה שחור אלנחלה 500,גרמים,500.00,100 גרם,false,,29.90,0.0598,false,1,7406
7290002771111,false,קפה עם הל אל נחלה 250 גרם,קפה אל נחלה בני רפיק,,קפה שחור אלנחלה עם ה,גרמים,250.00,100 גרם,false,,14.90,0.0596,false,1,7407
7290002771128,false,קפה אלנח'לה בלי הל 250 ג',קפה אל נחלה בני רפיק,,קפה שחור אלנחלה 250,גרמים,250.00,100 גרם,false,,14.90,0.0596,true,1,7408
7290002793311,false,שירות והחלפה מילוי גז 60 סודהסטרים,א.א צ יקו שיווק והפצה,,מילוי גז לבלון 60ליט,יחידה,0.00,יחידה,false,,56.90,0.0000,false,1,26325
7290002800361,false,המבורגר ואקום 500 גר`מסעדות,מעדני הטלה והעגל,,המבורגר מסעדות 500 ג,גרמים,500.00,100 גרם,false,,22.90,0.0458,true,1,439
7290002805151,false,סיף פנטסטיק לרצפות בניחוח סחלבים 4ל',יוניליוור ישראל שיווק בע`מ,,שמפו לרצפות 4 לי,ליטרים,4.00,ליטר,false,,19.90,4.9750,false,1,14439
7290002808527,false,חומץ תפוחים 5% טבעי,אולד דטש,,חומץ תפוחים,ליטרים,1.00,ליטר,false,,13.90,13.9000,true,1,12729
7290002814412,false,סנט מוריץ נוזל כלים 1.6 ליטר לימון ליים 18%,קומפלקס כימיקלים בעמ,,נוזל כלים 1.5 ליטר ל,ליטרים,1.50,ליטר,false,,9.90,6.6000,true,1,69120
7290002814436,false,סנט מוריץ נוזל כלים 1.6 ליטר לימון 18%,קומפלקס כימיקלים,,נוזל כלים 1.5 ליטר ל,ליטרים,1.50,ליטר,false,,9.90,6.6000,true,1,69123
7290002814528,false,סנט מוריץ נוזל לאסלה No1 ירוק 1 ליטר,קומפלקס כימיקלסבעמ ~~~,,סנט מוריץ לאסלה,ליטרים,1.00,ליטר,false,,7.00,7.0000,true,1,17599
7290002814603,false,"סנט מוריץ - מרסס מסיר שומנים קר מבושם לימון 750 מ""ל",קומפלקס כימיקלים בעמ,,מסיר שומנים מבושם 75,מיליליטרים,750.00,"100 מ""ל",false,,11.90,0.0159,false,1,70819
7290002814665,false,סנט מוריץ - מרסס מסיר עובש 1 ליטר,קומפלקס כימיקלים,,מסיר עובש 1 ליטר סנט,ליטרים,1.00,ליטר,false,,9.90,9.9000,true,1,90191
7290002814917,false,סנט מוריץ שמפו רצפות בניחוח לבנדר 4 ליטר,קומפלקס כימיקלים בעמ,,נוזל לניקוי רצפות 4,ליטרים,4.00,ליטר,false,,13.90,3.4750,true,1,32639
7290002814931,false,סנט מוריץ שמפו רצפות בניחוח פרחים 4 ליטר - מרכז,קומפלקס כימיקלסבעמ ~~~,,סנט מוריץ לרצפות,ליטרים,4.00,ליטר,false,,14.90,3.7250,true,1,17608
7290002824183,false,"גבינה לבנה סקי 500 גרם 5% ""שטראוס"" -מוצר בפיקוח",שטראוס גרופ בעמ/מצונן,,גבינת סקי 5% 500 גרם,גרמים,500.00,100 גרם,false,,9.96,0.0199,false,1,4468
7290002824466,false,יוגורט דנונה ביו לבן 0% שומן 200 גרם,שטראוס גרופ בעמ/מצונן,,דנונה טבעי 0%,מיליליטרים,200.00,"100 מ""ל",false,,3.50,0.0175,true,1,7126
7290002824640,false,"גבינת סקי 250 גרם 5% ""שטראוס"" -מוצר בפיקוח",שטראוס גרופ בעמ/מצונן,,גבינה סקי 5%,גרמים,250.00,100 גרם,false,,4.98,0.0199,false,1,4470
7290002830184,false,פילה לברק קפוא במשקל.,תנובה,,פילה לברק 7-9,קילוגרמים,1.00,"ק""ג",true,,51.90,51.9000,true,1,26499
7290002830948,false,גבינת עיזים מותכת 30% מון בלאן 120 גרם,סלס קרית מלאכי ישראל,,מון בלאן עיזים 30% -,גרמים,120.00,100 גרם,false,,11.90,0.0992,true,1,11134
7290002842002,false,פתיתי שיבולת שועל קוואקר אנגלי מורנפלייק,ליימן שליסל בעמ,,קוואקר אנגלי 500 גרם,גרמים,500.00,100 גרם,false,,11.50,0.0230,true,1,11788
7290002842293,false,סרדין מינרבה חריף 120 גרם,יו.אס.איי וליו קו,,סרדינים בשמן חמניות,גרמים,120.00,100 גרם,false,,6.20,0.0517,true,1,11790
7290002842309,false,סרדין מינרבה בשמן 120 גרם,יו.אס.איי וליו קו,,סרדינים מינרבה בשמן,גרמים,82.00,100 גרם,false,,6.20,0.0756,true,1,11791
7290002842415,false,פילה אנשובי אמיתי 50 גרם,יו.אס.איי וליו קו,,פילה אנשובי,גרמים,56.00,100 גרם,false,,6.50,0.1161,true,1,11792
7290002842569,false,משקה חמוציות 1.89 ל',קליפסטאר,,משקה קל חמוציות,ליטרים,1.89,ליטר,false,,21.00,11.1111,true,1,11794
7290002842699,false,יולה מיץ שזיפים יבשים 946 מל,קליפסטאר קונפוריישן,,מיץ שזיפים יולה ללא,מיליליטרים,946.00,"100 מ""ל",false,,19.90,0.0210,true,1,85315
7290002859512,false,חזה אווז ארוז - 12קג,שונות,,חזה אווז קפוא,קילוגרמים,1.00,"ק""ג",true,,165.00,165.0000,false,1,34221
7290002868996,false,"קוטג' 5% שומן, רכיבים טבעיים, 250 גרם",החברה המרכזית טלהפצת משקאות בע,,קוט'ג ביו 5% טרה,גרמים,250.00,100 גרם,false,,5.90,0.0236,false,1,5003
7290002871248,false,"בירה טובורג רד בקבוק 500 מ""ל חוזר",החברה המרכזית להפצת משקאות בעמ,,טובורג בירה בקבוק 50,מיליליטרים,500.00,"100 מ""ל",false,,7.60,0.0152,false,1,13552
7290002871361,false,"בירה קרלסברג בקבוק 500 מ""ל חוזר",החברה המרכזית להפצת משקאות בעמ,,קרלסברג בירה בקבוק 5,מיליליטרים,500.00,"100 מ""ל",false,,7.60,0.0152,false,1,13553
7290002879299,false,מלפפון מוחמצים בטעם חמוץ מתוק,דדוש דניאל,,מלפפונים כבושים,גרמים,860.00,100 גרם,false,,18.90,0.0220,true,1,11796
7290002879305,false,מלפפונים קטנים בחומץ,דדוש דניאל,,מלפפונים קטנים ב,גרמים,680.00,100 גרם,false,,19.90,0.0293,true,1,11797
7290002879411,false,מלפפונים פרוסים גריי,פרנצוסקה,,סלט מלפפונים חמוץ-מת,גרמים,370.00,100 גרם,false,,13.90,0.0376,true,1,26010
7290002879435,false,כרוב כבוש גרין ואלי,פרנצוסקה,,כרוב כבוש אורבנק 900,גרמים,900.00,100 גרם,false,,15.90,0.0177,true,1,10753
7290002879633,false,וופל בלגי אמיתי רזיט 550 גרם,אן.וי ביסקוויטרי טיז,,וופל בלגי 550 גרם,גרמים,550.00,100 גרם,false,,22.90,0.0416,true,1,90082
7290002881261,false,"ליצ'י שלם 565 גרם ""תומר""",גיבונג אינדסקיאלס,,ליצ'י שלם בסירופ קל,גרמים,230.00,100 גרם,false,,9.40,0.0409,true,1,65191
7290002900313,false,פסטרמה ספרדית טירת צבי,תנובה קפואים,,פסטרמה ספרדית טירת צ,קילוגרמים,1.00,"ק""ג",true,,84.90,84.9000,false,1,893
7290002900436,false,פסטרמה איטלקי מילנו משקל,טירת- צבי,,פסטרמה מילנו טירת צב,קילוגרמים,1.00,"ק""ג",true,,84.90,84.9000,false,1,894
7290002909804,false,פילה בקלה (מרלוזה ) ללא עור ארגנטיני,אל מאריסקו,,פילה בקלה ללא עור,קילוגרמים,1.00,"ק""ג",true,,31.90,31.9000,true,1,65543
7290002909880,false,"פולי סויה - אדממה - 400 גרם (בד""ץ עדה חרדית)",בלדי בעמ,,פולי סויה אדממה 400,גרמים,400.00,100 גרם,false,,8.50,0.0213,true,1,65824
7290002911005,false,דבש דבורים טהור 400,,,דבש דבורים טהור 400,גרמים,400.00,100 גרם,false,,19.90,0.0497,true,1,82278
7290002911029,false,דבש החורש צנצנת 350,,,דבש 350גר,יחידה,0.00,יחידה,false,,16.90,0.0000,true,1,9790
7290002911036,false,דבש החורש צנצנת 500,,,דבש חורש 500 גרם,גרמים,500.00,100 גרם,false,,22.90,0.0458,true,1,9791
7290002911043,false,צנצנת דבש החורש 1000,,,"דבש חורש 1 ק""ג",קילוגרמים,1.00,"ק""ג",false,,41.90,41.9000,true,1,9792
7290002911104,false,דבש לחיץ 400 גר חורש,,,דבש לחיץ 400 גר חורש,גרמים,400.00,100 גרם,false,,22.90,0.0572,false,1,58968
7290002911203,false,דבש דבורים טהור משק,,,דבש דבורים טהור משק,גרמים,250.00,100 גרם,false,,12.90,0.0516,true,1,121522
7290002921233,false,"קרבונה ניקוי יבש לכתמים שומניים 200 מ""ל",יעקב יעקבי ובניו בעמ,,קרבונה כתמים,גרמים,200.00,100 גרם,false,,24.90,0.1245,true,1,14949
7290002921240,false,"קרבונה שמפוזר לניקוי שטיחים וריפוד יעקבי 650 מ""ל",יעקב יעקבי ובניו בעמ,,שמפוזר,מיליליטרים,650.00,"100 מ""ל",false,,28.90,0.0445,true,1,14950
7290002921332,false,סבון פלא אסטוניש מסיר כתמים 75גר,"יעקב יעקבי ובניו בע""מ",,סבון אסטוניש,גרמים,75.00,100 גרם,false,,15.90,0.2120,true,1,14951
7290002921349,false,דבק סופר גלו לוקטיט אריזה זוגית יעקובי,יעקב יעקבי ובניו בע`מ,,סופר גלו,יחידה,0.00,יחידה,false,,13.90,0.0000,true,1,14952
7290002921516,false,סופג לחות טורבול,יעקובי,,טורבול סופג לחות,יחידה,340.00,יחידה,false,,31.90,0.0938,true,1,14953
7290002922117,false,מקלות קינמון וסוכר חום,הלל בן הלל שיווק ומסחר בעמ,,עוגיות בראוניס אקלר,גרמים,400.00,100 גרם,false,,23.90,0.0597,true,1,7516
7290002929130,false,גבינת דנאבלו במשקל,מאמן,,גבינת דנבלו נטו,קילוגרמים,1.00,"ק""ג",true,,84.90,84.9000,true,1,71272
7290002929512,false,שלושת האופים פלאפל 5,האי נאם סי או אל.טי.,,כדורי פלאפל 500 גר,גרמים,500.00,100 גרם,false,,12.90,0.0258,true,1,58822
7290002929536,false,שלושת האופים קובה למ,האי נאם סי או אל.טי.,,קובה למרק 600 גר,גרמים,600.00,גרם,false,,12.90,0.0215,true,1,58824
7290002929642,false,נתחי טונה בהירה בשמן ויליגר (140x4 גרם),דיאמנט פוד פרודקט קו,,טונה ויליגר בשמן 4*1,גרמים,560.00,100 גרם,false,,18.90,0.0337,false,1,33037
7290002973218,false,מחלבנה פטה יווני 400ג,סולי מאזו,,פטה יווני מחלבנה 400,גרמים,400.00,100 גרם,false,,18.00,0.0450,true,1,11281
7290002987963,false,"חומוס אחלה 1 ק""ג שטראוס",שטראוס גרופ בעמ/מצונן,,"חומוס אחלה 1 ק""ג",גרמים,1.00,גרם,false,,13.90,13.9000,false,1,17643
7290002994329,false,לחם אחיד פרוס אגמי,מאפיית אגמי,,לחם אחיד פרוס אגמי,גרמים,750.00,100 גרם,false,,6.90,0.0092,false,1,14220
7290002996484,false,בשר ראש מוכשר קפוא,פניסקור,,בשר ראש מוכשר,קילוגרמים,1.00,"ק""ג",true,,59.90,59.9000,false,1,72352
7290003009183,false,סירופ דיאט 750 מל בטעם תפוחים פריגת,החברה המרכזית להפצת משקאות בעמ,,סירופ דיאט תפוחים 75,יחידה,750.00,יחידה,false,,22.90,0.0305,true,1,7300
7290003009312,false,בוטן קלוי 200 גרם שקית קליית גת,הדקלאים אגודת שיתופי,,בוטן קלוי 200 גר,גרמים,200.00,100 גרם,false,,6.90,0.0345,true,1,14608
7290003009329,false,בוטנים אמריקאיים קליית גת (200 גרם),הדקלאים אגודת שיתופי,,בוטן אמריקאי 200,גרמים,200.00,100 גרם,false,,5.90,0.0295,true,1,14609
7290003009336,false,קבוקים קליית גת (200 גרם),הדקלאים אגודת שיתופי,,קבוקים גת 200 גר,גרמים,200.00,100 גרם,false,,5.90,0.0295,true,1,14610
7290003009596,false,סירופ דיאט אשכוליות 750 מל פיקדון,החברה המרכזית להפצת משקאות בעמ,,סירופ דיאט אשכוליות,יחידה,750.00,יחידה,false,,22.90,0.0305,false,1,7303
7290003009640,false,מיץ תפוזים סחוט רכיבים טבעיים פריגת 1 ליטר,החברה המרכזית טלהפצת משקאות בע,,פריגת סחוט תפוז 1 לי,ליטרים,1.00,ליטר,false,,16.00,16.0000,false,1,5004
7290003011087,false,אורז בסמטי 1 קג` שקית כחולה דין שיווק,דין שיווק וקליה 2021 בעמ,,"אורז בסמטי 1 ק""ג",קילוגרמים,1.00,"ק""ג",false,,9.90,9.9000,true,1,10218
7290003013128,false,פתיל צף מתומן כ-50 יחידות שלהבת,שלהבת,,פתיל צף,יחידה,0.00,יחידה,false,,3.50,0.0000,true,1,85952
7290003015627,false,"נוזל רצפות אפרסק 2 ליטר ""ריצפז פרש""",החברה הדרומית לשיווק בעמ,,ריצפז פרש אפרסק 2ל',ליטרים,2.00,ליטר,false,,17.90,8.9500,false,1,3515
7290003015641,false,"נוזל רצפות יסמין 2 ליטר ""ריצפז פרש""",החברה הדרומית לשיווק בעמ,,ריצפז פרש יסמין 2 לי,ליטרים,2.00,ליטר,false,,17.90,8.9500,false,1,3517
7290003026036,false,"ד""ר פישר - קמיל בלו סנסיטיב אל סבון עדין לתינוק 1 ליטר","פישר תעשיות פרמצביטות בע""מ",,קמיל בלו סנסיטיב ורו,ליטרים,1.00,ליטר,false,,29.90,29.9000,true,1,18418
7290003026227,false,"קמיל בלו שמפו לתינוק סנסיטיב אל דמע ד""ר פישר 1 ליטר","פישר תעשיות פרמצביטות בע""מ",,קמיל בלו שמפו סנסיטי,ליטרים,1.00,ליטר,false,,29.90,29.9000,true,1,13320
7290003026234,false,"ד""ר פישר - קמיל בלו תחליב לתינוק 500 מ""ל","פישר תעשיות פרמצבטיות בע""מ",,קמיל תחליב לתינוק הי,יחידה,500.00,יחידה,false,,29.90,0.0598,true,1,5228
7290003026319,false,"קמיל בלו משחת החתלה לתינוק ד""ר פישר 120 גרם","פישר תעשיות פרמצביטות בע""מ",,משחה לתינוק דר' פישר,גרמים,120.00,100 גרם,false,,19.90,0.1658,true,1,13321
7290003029181,false,משקה יטבתה שוקו' בקבוק 1ל מהדרין,שטראוס גרופ בעמ/מצונן,,שוקו 2% - 1 ליטר,ליטרים,1.00,ליטר,false,,11.80,11.8000,false,1,7131
7290003029372,false,יטבתה משקה בטעם בננה %3 בקבוק 1 ליטר,שטראוס גרופ בעמ/מצונן,,משקה חלב בננה 2% - 1,ליטרים,1.00,ליטר,false,,11.80,11.8000,false,1,7133
7290003029389,false,"משקה חלב בננה פקק ספורט 250 מ""ל יוטבתה",שטראוס גרופ בעמ/מצונן,,משקה חלב בננה 2%,מיליליטרים,250.00,"100 מ""ל",false,,5.20,0.0208,true,1,7134
7290003029433,false,"משקה יטבתה שוקו פקק 250 מ""ל מהדרין",שטראוס גרופ בעמ/מצונן,,שוקו יטבתה בקבוק 2%,מיליליטרים,250.00,"100 מ""ל",false,,5.20,0.0208,true,1,7136
7290003029532,false,מוקה בבקבוק יטבתה 1 ליטר מהדרין,שטראוס גרופ בעמ/מצונן,,מוקה יטבתה 2% - 1 לי,ליטרים,1.00,ליטר,false,,11.80,11.8000,false,1,7138
7290003029792,false,"משקה יטבתה שוקו שקיות מהדרין מארז 225X8מ""ל",שטראוס גרופ בעמ/מצונן,,שוקו מארז שמינייה 2%,ליטרים,1.80,ליטר,false,,19.90,11.0556,false,1,12059
7290003029815,false,כד חלב 3% יטבתה 2 ליטר מהדרין,שטראוס גרופ בעמ/מצונן,,חלב יטבתה 3% - 2 ליט,ליטרים,2.00,ליטר,false,,15.20,7.6000,false,1,12060
7290003029907,false,משקה חלב אייס קפה 2% יטבתה (1 ליטר,שטראוס גרופ בעמ/מצונן,,קפה יטבתה 2% 1 ליטר,ליטרים,1.00,ליטר,false,,11.80,11.8000,false,1,12063
7290003047642,false,תה שחור יילו לייבל 100*1.5 ג' שקיק ליפטון,"יוניליוור ישראלשיווק בע""מ",,תה ליפטון ילו לי,גרמים,150.00,100 גרם,false,,12.90,0.0860,false,1,2129
7290003054183,false,מסטמכר לחם שיפון מלא 500ג,דיפלומט מפיצים (1968) בעמ**,,לחם שיפון מלא,גרמים,500.00,100 גרם,false,,12.90,0.0258,true,1,15760
7290003054213,false,מסטמכר לחם שיפון כפרי 500ג,דיפלומט מפיצים (1968) בעמ**,,לחם שיפון,גרמים,500.00,100 גרם,false,,12.90,0.0258,true,1,15763
7290003054657,false,חרדל ריין דיז'ון אקסטרה פורטה 370 גרם,דיפלומט מפיצים (1968) בעמ**,,חרדל דיזו'ן 350 גרם,גרמים,350.00,100 גרם,false,,10.90,0.0311,true,1,10642
7290003054725,false,חרדל אנגלי קולמנס 100 גרם,,,חרדל אנגלי,גרמים,100.00,100 גרם,false,,12.50,0.1250,true,1,10369
7290003069590,false,"פילה פוטית עם עור קפוא דלידג 1 ק""ג",דאליאן גואופו אקאטיק,,סול ארוז,יחידה,1.00,יחידה,false,,37.90,37.9000,true,1,11142
7290003072804,false,פסטרמה של פעם עם 200 גר` טירת צבי,טיב טירת צבי 2000,,פסטרמה של פעם 200 גר,גרמים,200.00,100 גרם,false,,24.90,0.1245,true,1,79732
7290003072811,false,נקניקיות בראטוורסט מבשר בקר והודו,טיב טירת צבי 2000,,נקניקיות בראטוורסט 3,גרמים,320.00,100 גרם,false,,23.90,0.0747,true,1,79491
7290003072859,false,רוסטביף טירת צבי 120 גרם,הנסיך- מפעל לייצור ט,,רוסטביף 120 גר' טירת,גרמים,120.00,100 גרם,false,,26.90,0.2242,true,1,82162
7290003072972,false,קבנוס בתיבול מעושן טירת צבי 120 גרם,טיב טירת צבי 2000,,קבנוס בתיבול שום 120,גרמים,120.00,100 גרם,false,,10.90,0.0908,true,1,87282
7290003103287,false,גבינת פטינה ארלה,,,גבינת פטינה ארלה,קילוגרמים,1.00,"ק""ג",true,,37.00,37.0000,true,1,79149
7290003105809,false,גבינת בלוז כחולה במ,,,גבינת בלוז כחולה במ,קילוגרמים,1.00,"ק""ג",true,,89.90,89.9000,true,1,79150
7290003109265,false,עוגיות מרוקאיות 400,קונדיטורית יוסופוב י,,עוגיות מרוקאיות.,גרמים,500.00,100 גרם,false,,16.90,0.0338,true,1,7518
7290003121083,false,ארוחת נודלס בטעם בשר בשקית מג'יק 85 גרם,נטו מילנדה סחר בעמ*,,מג'יק בשר שקית,גרמים,85.00,100 גרם,false,,2.70,0.0318,true,1,11288
7290003121090,false,ארוחת נודלס ירקות בשקית מג'יק 85 גרם,נטו מלינדה סחר בעמ,,מג'יק ירקות שקית,גרמים,85.00,100 גרם,false,,2.70,0.0318,false,1,11289
7290003121106,false,ארוחת נודלס טעם עוף בשקית מג'יק 85 גרם,נטו מילנדה סחר בעמ*,,מג'יק עוף שקית,גרמים,85.00,100 גרם,false,,2.70,0.0318,true,1,11290
7290003126712,false,יוגורט עיזים מחלב מלא 3.7% משק צוריאל 150 גרם,החברה המרכזית טלהפצת משקאות בע,,יוגורט עיזים מחלב מל,מיליליטרים,140.00,"100 מ""ל",false,,6.20,0.0443,true,1,7199
7290003126958,false,טופו גבינה גוש בואקום צוריאל 300 ג',החברה המרכזית טלהפצת משקאות בע,,טופו צוריאל 9%,גרמים,300.00,100 גרם,false,,12.00,0.0400,true,1,4991
7290003140237,false,סילאן בבקבוק לחיץ קליית גת (360 גרם),ליימן שליסל בעמ,,סילאן לחיץ 360 גר' ק,גרמים,360.00,100 גרם,false,,11.90,0.0331,true,1,34711
7290003141159,false,יוגטה מרשמלו ממתק מוקצף בטעמי תות שדה ווניל 180 גרם,ליימן שליסל בעמ,,מרשמלו יוגטה,יחידה,0.00,יחידה,false,,8.50,0.0000,true,1,24344
7290003142361,false,פופקורן בטעם מתוק מלוח הוטפופ 100 גרם 5 יחידות,ליימן שליסל בעמ,,הוטפופ מתוק מלוח,גרמים,500.00,100 גרם,false,,15.00,0.0300,true,1,81091
7290003142477,false,ערמונים קלופים קלויים קלית גת.,הדקלאים אגודת שיתופי,,ערמונים קלופים וקלוי,גרמים,100.00,100 גרם,false,,6.40,0.0640,true,1,23189
7290003143139,false,סילאן תמרים קלית גת 900 ג',ליימן שליסל בעמ,,סילאן קליית גת 900 ג,גרמים,900.00,100 גרם,false,,14.90,0.0166,true,1,20165
7290003143146,false,ממרח תמרים קליית גת (450 גרם),הדקלאים אגודת שיתופי,,ממרח תמרים קליית גת,גרמים,450.00,100 גרם,false,,6.00,0.0133,true,1,20166
7290003143276,false,יוגטה מרשמלו ממתק מוקצף בטעם תות שדה 180 גרם,תות ממתקי איכות,,מרשמלו רול 180 גר' י,גרמים,180.00,100 גרם,false,,8.50,0.0472,true,1,28405
7290003143337,false,סילאן רכיבים טבעיים לחיץ קליית גת 350 גרם,ליימן שליסל בעמ,,סילאן טבעי לחיץ 350,גרמים,350.00,100 גרם,false,,14.50,0.0414,false,1,29381
7290003144310,false,תערובת אגוזים וחמוציות קליית גת 150 גרם,ליימן שליסל בעמ,,תערובת אגוזים וחמוצי,גרמים,150.00,100 גרם,false,,16.50,0.1100,true,1,60592
7290003144419,false,סילאן טבעי קליית גת (710 גרם),ליימן שליסל בעמ,,סילאן טבעי קליית גת,גרמים,710.00,100 גרם,false,,22.90,0.0323,true,1,60928
7290003145751,false,אגוזי קשיו קלויים קליית גת (200 גרם),הדקלאים אגודת שיתופי,,קשיו קלוי 200 גר',גרמים,200.00,100 גרם,false,,18.00,0.0900,true,1,5530
7290003145782,false,צנובר רכיבים טבעיים קליית גת 100 גרם,הדקלאים אגודת שיתופי,,צנובר טבעי 100ג',גרמים,100.00,100 גרם,false,,23.90,0.2390,true,1,2445
7290003145959,false,פקאן טבעי קליית גת 150 גרם,ליימן שליסל בעמ,,פקאן טבעי 150גר גת,גרמים,150.00,100 גרם,false,,18.90,0.1260,true,1,20069
7290003189199,false,צהובה טובה חריפה במש,צי תעשיות מזון יבנה,,גבינה מקסיקנית,קילוגרמים,1.00,"ק""ג",true,,41.90,41.9000,true,1,11440
7290003189274,false,בנוסח מעושנת גליל26%משקל,צי תעשיות מזון יבנה,,גבינה מעושנת,קילוגרמים,1.00,"ק""ג",true,,41.90,41.9000,true,1,11441
7290003219766,false,טורבול סופג לחות יעקבי,יעקובי,,שלישית מילוי טור,ליטרים,1.02,ליטר,false,,34.90,34.2157,true,1,14957
7290003222070,false,פיתות חומרים טבעי100*13ג,מאפיית המכבים,,פיתות 13 יח',יחידה,0.00,יחידה,false,,11.90,0.0000,true,1,67640
7290003222094,false,פיתה ביס תימני 11 יח מכבים,פיתות מכבים י.מ. בעמ,,פיתה ביס,יחידה,0.00,יחידה,false,,11.90,0.0000,true,1,64504
7290003222780,false,פיתות מקמח מלא מאפיית המכבים 5 יחידות,מאפיית המכבים,,פיתה קלה חיטה מלאה,גרמים,500.00,100 גרם,false,,6.40,0.0128,true,1,14229
7290003222797,false,פיתה קמח כוסמין 10 יח' המכבים,פיתות מכבים י.מ. בעמ,,פיתות מקמח כוסמין 10,גרמים,600.00,100 גרם,false,,13.50,0.0225,true,1,68110
7290003227402,false,מידנייט תחליב גוף 275 מל,חלאבין,,קרם גוף מיד נייט,מיליליטרים,400.00,"100 מ""ל",false,,28.90,0.0722,true,1,13942
7290003229109,false,פסטרמה הודו בפפריקה טירת צבי (400 גרם),תנובה מרכז שיתופי לשיווק תוצרת,,פסטרמה בפפריקה,גרמים,400.00,100 גרם,false,,31.90,0.0797,true,1,964
7290003229116,false,פסטרמה הודו בדבש שומן טירת צבי 400 גרם,תנובה מרכז שיתופי לשיווק תוצרת,,פסטרמה בדבש טירת,גרמים,400.00,100 גרם,false,,31.90,0.0797,true,1,965
7290003229123,false,פסטרמה הודו על גחלים 2% טירת צבי 400 גרם,תנובה מרכז שיתופי לשיווק תוצרת,,פסטרמה גחלים טיר,גרמים,400.00,100 גרם,false,,31.90,0.0797,true,1,966
7290003229147,false,נקניק סלמי איטלקי מעושן טירת צבי 300 גרם,תנובה מרכז שיתופי לשיווק תוצרת,,סלמי איטלקי 300,גרמים,300.00,100 גרם,false,,31.90,0.1063,true,1,967
7290003229154,false,נקניק סלמי קוניאק טירת צבי 300 גרם,תנובה מרכז שיתופי לשיווק תוצרת,,סלמי קוניאק 300,גרמים,300.00,100 גרם,false,,31.90,0.1063,true,1,968
7290003229192,false,נקניק כתף בקר מעושן 2% טירת צבי 400 גרם,תנובה מרכז שיתופי לשיווק תוצרת,,א.מ. כתף בקר מעושן 4,גרמים,400.00,100 גרם,false,,31.90,0.0797,true,1,969
7290003229208,false,פסטרמה ספרדית 2% טירת צבי 360 גרם,תנובה מרכז שיתופי לשיווק תוצרת,,פסטרמה ספרדית 360 גר,גרמים,360.00,100 גרם,false,,31.90,0.0886,true,1,970
7290003229222,false,נקניק סלמי תה טירת צבי 300 גרם,תנובה מרכז שיתופי לשיווק תוצרת,,סלמי תה טירת צבי,גרמים,300.00,100 גרם,false,,23.90,0.0797,true,1,13927
7290003287284,false,קבב ביתי קצביה ארוז 600 גר`באלדי,בלדי בע`מ,,קבב ביתי קצביה ארוז,גרמים,600.00,100 גרם,false,,26.90,0.0448,false,1,19755
7290003287291,false,קבב טלה וצנובר קצביה ארוז 600 ג' - 8 יח',יוליניבר,,קבב טלה וצנובר בלדי,גרמים,600.00,100 גרם,false,,25.90,0.0432,false,1,20080
7290003318100,false,וופל בטעם שוקולד מנעמים 200 ג',ח.כהן סוכנות מזון ומשקאות,,וופל שוקולד 200,גרמים,250.00,100 גרם,false,,3.50,0.0140,false,1,8266
7290003318131,false,ופל קלאסיק אגוז 200 גרם מנעמים,ח.כהן סוכנות מזון ומשקאות,,ופל מנעמים אגוזים,גרמים,200.00,100 גרם,false,,3.50,0.0175,false,1,8267
7290003318155,false,וופל טעם לימון מנעמים 200 ג',ח.כהן סוכנות מזון ומשקאות בע,,וופל לימון 200 גר,גרמים,250.00,100 גרם,false,,3.50,0.0140,false,1,8268
7290003319138,false,גפילטע פיש 6 קציצות הדג המיוחד 540 ג' PL,נאמן לאורך זמן בעמ,,גפילטע פיש צנצנת,גרמים,330.00,100 גרם,false,,17.90,0.0542,true,1,8494
7290003321155,false,יוגורט בר עם פקאן מצופה שוקולד 183 ג' דנונה,שטראוס גרופ בעמ/מצונן,,דנונה קראנצ' שבבי פק,מיליליטרים,175.00,"100 מ""ל",false,,4.60,0.0263,false,1,7140
7290003332007,false,קפה שחור עם הל נח`לה אדום (250 גרם),סובחי נחלה ובניו בעמ,,קפה נח'לה אדום 250 ג,גרמים,250.00,100 גרם,false,,13.90,0.0556,true,1,24159
7290003332014,false,קפה שחור עם הל נח`לה אדום (500 גרם),סובחי נחלה ובניו בעמ,,קפה נח'לה אדום 500 ג,גרמים,500.00,100 גרם,false,,26.90,0.0538,true,1,120439
7290003332045,false,קפה שחור בלי הל נח`לה אדום (250 גרם),סובחי נחלה ובניו בעמ,,קפה נח'לה אדום בלי ה,גרמים,250.00,100 גרם,false,,13.90,0.0556,true,1,34274
7290003387410,false,שלישיית פדים להסרת איפור בלונס 80 יחידות,ש. שסטוביץ בע`מ,,בלונס מסיר איפור שלש,יחידה,0.00,יחידה,false,,21.90,0.0000,true,1,6666
7290003400500,false,חטיף הרשי ריזס נאטרייגיס 47 גרם,ליימן מותגים,,חטיף נאטרייג'ס קרמל,גרמים,47.00,100 גרם,false,,4.50,0.0957,true,1,28749
7290003401635,false,נטורל פורמולה לחות מעצבת לפתיחת תלתלים,החברה הדרומית לשיווק בעמ,,לחות לפתיחת תלתלים 4,מיליליטרים,400.00,"100 מ""ל",false,,25.90,0.0647,true,1,5313
7290003402809,false,חטיף הרשי ריזס שוקולד לבן 39 גר,ליימן מותגים,,ריזס לבן 39 גר',גרמים,39.00,100 גרם,false,,4.50,0.1154,true,1,77730
7290003411054,false,שקיות צליה גדול דליקטס רוסטי הנמל 5יח`,הנמל אריזות ושיווק (1984) בעמ,,שקיות לצליה גדול- 5,יחידה,0.00,יחידה,false,,4.60,0.0000,true,1,16721
7290003411238,false,שמרים יבשים נמסים הנ,הנמל אריזות ושיווק (1984) בעמ,,שמרים נמסים 500 גר,גרמים,500.00,100 גרם,false,,14.60,0.0292,true,1,11012
7290003411276,false,עמבה הודית מובחרת הנמל 600ג',הנמל אריזות ושיווק (1984) בעמ,,עמבה 500 גר,גרמים,600.00,100 גרם,false,,10.90,0.0182,true,1,72430
7290003411405,false,נר נשמה להבית 24 שעות,מיוצר בסין.יבוא ושיו,,נר נשמה 24 שעות בפח,יחידה,0.00,יחידה,false,,1.80,0.0000,true,1,67629
7290003411566,false,צמרוני עץ הנמל 200 יחידות,הנמל אריזות ושיווק (1984) בעמ,,קיסמי אזניים 200 יח,יחידה,0.00,יחידה,false,,2.30,0.0000,true,1,68946
7290003411689,false,לפתניות פלסטיק חד פעמיות 25 יח`,הנמל אריזות ושיווק (1984) בעמ,,צלחות ליפתן 25 יח',יחידה,0.00,יחידה,false,,4.80,0.0000,true,1,16724
7290003411696,false,מרקיות פלסטיק חד פעמיות 25 יח`,הנמל אריזות ושיווק (1984) בעמ,,סט מרקיות 25 יח,יחידה,0.00,יחידה,false,,8.90,0.0000,true,1,16725
7290003411702,false,חומוס ענק הנמל 500 ג,הנמל אריזות ושיווק 1984 בע`מ,,חומוס ענק,גרמים,500.00,100 גרם,false,,8.90,0.0178,true,1,11018
7290003411726,false,קיסמי שיניים מלחיה הנמל 300יח',הנמל אריזות ושיווק (1984) בעמ,,קיסמי שיניים הנמ,יחידה,0.00,יחידה,false,,3.50,0.0000,true,1,16726
7290003411832,false,גרנולה אגוזים הנמל (400 גרם),הנמל אריזות ושיווק (1984) בעמ,,גרנולה אגוזים 400 גר,גרמים,400.00,100 גרם,false,,11.40,0.0285,true,1,11020
7290003411849,false,גרנולה עם תמרים ושקדים 400 גרם,הנמל אריזות ושיווק (1984) בעמ,,גרנולה תמרים 400 גרם,גרמים,400.00,100 גרם,false,,11.40,0.0285,true,1,11021
7290003411948,false,צמר גפן הנמל 100 יחידות,הנמל אריזות ושיווק 1984 בע`מ,,צמר גפן 100 גר הנמל,גרמים,100.00,100 גרם,false,,4.50,0.0450,true,1,25805
7290003411993,false,גפרורים הנמל 10 יחידות,הנמל אריזות ושיווק (1984) בעמ,,גפרורים,יחידה,0.00,יחידה,false,,2.60,0.0000,true,1,16727
7290003414406,false,הרשי ריזס נטיפי אפייה בוטנים 283 גר',ליימן מותגים,,ריזס נטיפים לאפייה,גרמים,283.00,100 גרם,false,,13.90,0.0491,true,1,58440
7290003423909,false,חטיף קוקיס אנד קרים לבן 43 גרם,ליימן מותגים,,חטיף קוקיז אנד קרים,יחידה,0.00,יחידה,false,,4.50,0.0000,true,1,19952
7290003427154,false,"שמן זית כתית מעולה טעם מעודן זיתא 750 מ""ל",תה ויסוצקי (ישראל) בעמ,,"שמן זית זיתא 750 מ""ל",יחידה,750.00,יחידה,false,,32.90,0.0439,false,1,763
7290003434657,false,אשכולות אגוזי לוז חמוציות ואורז מלא בשוקולד מריר 120 גרם,הום מייד,,אשכולות אגוזי לוז חמ,גרמים,120.00,100 גרם,false,,12.90,0.1075,true,1,88564
7290003434725,false,חטיף תמרים קשיו חמוציות וגרעיני חמניה 120 גרם,,,חטיף תמרים קשיו חמוצ,גרמים,120.00,100 גרם,false,,12.90,0.1075,true,1,88565
7290003438006,false,ממרח אולביה פסטו וצנובר איטלקי 190ג',תה ויסוצקי (ישראל) בעמ,,ממרח פסטו,גרמים,190.00,100 גרם,false,,13.90,0.0732,true,1,10430
7290003438013,false,7290003אוליביה ממרח זיתים ירוקים 190 גרם,תה ויסוצקי (ישראל) בעמ,,ממרח זיתים,גרמים,190.00,100 גרם,false,,13.90,0.0732,true,1,10431
7290003438020,false,אוליביה ממרח עגבניות מיובשות (190 גרם),תה ויסוצקי (ישראל) בעמ,,ממרח עגבניות,גרמים,190.00,100 גרם,false,,13.90,0.0732,true,1,10432
7290003438709,false,ממרח אולביה זיתים שחורים וירוקים 190 ג',תה ויסוצקי (ישראל) בעמ,,ממרח זיתים שחורים,גרמים,190.00,100 גרם,false,,13.90,0.0732,true,1,10434
7290003438853,false,אוליביה ממרח אריסה חריפה 185 גר ',תה ויסוצקי (ישראל) בעמ,,אריסה חריפה 185 גר',גרמים,185.00,100 גרם,false,,13.90,0.0751,true,1,58648
7290003438990,false,עיטורי עגבניות מיובשות וזיתים אוליביה 280 ג',תה ויסוצקי (ישראל) בעמ,,עיטורי עגבניות מיובש,גרמים,220.00,100 גרם,false,,19.90,0.0905,true,1,10436
7290003444009,false,הרשי ריזס חטיף במילוי בוטנים 42 גרם,ליימן מותגים,,ריזס שוקולד חלב הרשי,גרמים,42.00,100 גרם,false,,4.50,0.1071,true,1,19954
7290003450602,false,חרדל אמיתי צהוב בקבוק לחיץ 255 גר,היינץ צפון אמריקה מקבוצת ה.י.היינץ,,חרדל אמיתי היינץ,גרמים,255.00,100 גרם,false,,9.90,0.0388,true,1,10648
7290003457991,false,טילון קורנטו וניל עם וופל ואגוזי לוז מסוכרים,"גלידת שטראוס בע""\מ, רחוב",,מאגדת קורנטו קלאסיק,יח',6.00,יח',false,,34.90,5.8167,true,1,7655
7290003514571,false,מנה פריכיות אורז עם מלח 100 גר`כשלפ,ש. שסטוביץ בע`מ,,פרכיות אורז מנה,גרמים,100.00,100 גרם,false,,5.00,0.0500,true,1,21569
7290003520572,false,מטריות חרובים שקית בודד (בשרוול 6 שקיות),תופינית,,מארז שש מטריות משוקו,גרמים,45.00,100 גרם,false,,15.90,0.3533,true,1,22948
7290003521074,false,סרקל מרכך שיער לילדים דר. פישר (1 ליטר),"פישר תעשיות פרמצביטות בע""מ",,מרכך סרקל,ליטרים,1.00,ליטר,false,,27.90,27.9000,true,1,13322
7290003521081,false,"סרקל שמפו אל דמע לילדים ד""ר פישר 1 ליטר","פישר תעשיות פרמצביטות בע""מ",,סרקל שמפו 1 ליטר,ליטרים,1.00,ליטר,false,,27.90,27.9000,true,1,5229
7290003521166,false,"ד""ר פישר - סרקל קרם רוזמרין לילדים 325 מ""ל","פישר תעשיות פרמצביטות בע""מ",,סרקל קרם שיער רו,גרמים,325.00,100 גרם,false,,26.90,0.0828,true,1,13323
7290003521197,false,"ד""ר פישר - סרקל תרסיס מתיר קשרים 340 מ""ל","פישר תעשיות פרמצביטות בע""מ",,סרקל ספריי,מיליליטרים,340.00,"100 מ""ל",false,,26.90,0.0791,true,1,18425
7290003524297,false,אספרגוס לבן שלם בצנצנת ויליגר 330 גרם,צ'אמפהאוס טרידייג קו,,אספרגוס לבן שלם 330,גרמים,330.00,100 גרם,false,,9.90,0.0300,true,1,20089
7290003527380,false,דובדבן ללא חרצן בצנצנת ויליגר 680 גרם,נטו מילנדה סחר בעמ*,,דבדבן מתוק ללא חרצני,יחידה,680.00,יחידה,false,,8.90,0.0131,true,1,23239
7290003550753,false,נתחי טונה בהירה בשמן פוסידון (108x4 גרם),נטו מילנדה סחר בעמ*,,רביעייה טונה פוסידון,גרמים,432.00,100 גרם,false,,21.00,0.0486,false,1,11312
7290003550937,false,רגל פרוסה קפואה במגש,טיבון ויל - נטו,,רגל עגל פרוסה טיבון,קילוגרמים,1.00,"ק""ג",true,,37.90,37.9000,true,1,11149
7290003561032,false,בונז'ור בייגל רול דגנים 130ג',בונז'ור,,בייגל רול בונז'ור,גרמים,130.00,100 גרם,false,,3.50,0.0269,true,1,6477
7290003561193,false,בייבי חליות בונז'ור,בונז'ור,,בייבי חליות בונז'ור,גרמים,90.00,100 גרם,false,,2.50,0.0278,true,1,6105
7290003571550,false,סטייק טונה אלבקור בוואקום מהדרין,בלדי בעמ,,סטייק טונה בוואקום ב,קילוגרמים,1.00,"ק""ג",true,,45.90,45.9000,true,1,71470
7290003578290,false,וילי פוד מקלוני אורז בדץ 300ג,ג. וילי-פוד אינטרנשיונל בע`מ,,מקלוני אורז,גרמים,300.00,100 גרם,false,,5.60,0.0187,true,1,5397
7290003598311,false,דק דק אנטריקוט 300 גר` קפוא פרוס מינוט,"בלדי בע""\מ",,מינוט סטייק 300 גר',יחידה,0.00,יחידה,false,,26.90,0.0000,true,1,70448
7290003632367,false,פילה דג ברבוניה ארוז 400 גרם,ישראל פלדמן,,פילה ברבוניה בוואקום,יחידה,0.00,יחידה,false,,24.90,0.0000,true,1,31512
7290003643004,false,אורז בסמטי קלאסי סוגת (1 קג),האי נאם סי או אל.טי.,,אורז בסמטי קלאסי 1 ק,גרמים,1.00,גרם,false,,12.90,12.9000,false,1,1417
7290003643134,false,סוכר וניל סוגת 100 גרם מארז 10 יחידות,גוד פוד פרודקטס S.p,,סוכר וניל סוגת,גרמים,100.00,100 גרם,false,,2.80,0.0280,false,1,8665
7290003643158,false,קורנפולר שקית 200 ג' סוגת,סוגת תעשיות בעמ,,קורנפלור 200 גר,גרמים,200.00,100 גרם,false,,2.80,0.0140,true,1,8667
7290003643172,false,סוגת אבקת סוכר 100 גרם,א.ל ייצור ושיווק תבל,,אבקת סוכר 100 גר,גרמים,100.00,100 גרם,false,,2.20,0.0220,false,1,8669
7290003643325,false,קוסקוס בינוני סוגת (350 גרם),"אסיף תעשיות מזון בע""\מ",,קוסקוס בינוני סוגת,גרמים,350.00,100 גרם,false,,4.90,0.0140,false,1,8671
7290003643387,false,סוכר לבן בצנצנת פלסטיק 1 ק`ג,האי נאם סי או אל.טי.,,סוכר לבן צנצנת,יחידה,1.00,יחידה,false,,7.90,7.9000,false,1,8672
7290003643646,false,"סוכר דמררה קלאסי בצנצנת סוגת 1 ק""ג",האי נאם סי או אל.טי.,,סוכר דמררה צנצנת,גרמים,1.00,100 גרם,false,,11.90,11.9000,false,1,1421
7290003643684,false,אפונה יבשה סוגת 500 גר',האי נאם סי או אל.טי.,,אפונה יבשה 500,גרמים,500.00,100 גרם,false,,6.50,0.0130,true,1,8673
7290003643707,false,גריסים סוגת (500 גרם),"סוגת תעשיות בע""מ",,גריסים 500,גרמים,500.00,100 גרם,false,,4.90,0.0098,false,1,8674
7290003643714,false,חומוס גרגירים 500 גרם סוגת,האי נאם סי או אל.טי.,,חומוס 500 סוגת,גרמים,500.00,100 גרם,false,,7.90,0.0158,true,1,8675
7290003643738,false,חיטה סוגת (500 גרם),האי נאם סי או אל.טי.,,חיטה יבשה 500,גרמים,500.00,100 גרם,false,,4.90,0.0098,false,1,8676
7290003643745,false,כוסמת סוגת (500 גרם),האי נאם סי או אל.טי.,,כוסמת סוגת,גרמים,500.00,100 גרם,false,,7.90,0.0158,true,1,8677
7290003643752,false,עדשים ירוקים יבש סוגת 500 גר',האי נאם סי או אל.טי.,,עדשים ירוקים,גרמים,500.00,100 גרם,false,,7.90,0.0158,true,1,1422
7290003643769,false,עדשים אדומים יבש סוגת 500 גר',"סוגת תעשיות בע""\מ",,עדשים אדומים,גרמים,500.00,100 גרם,false,,7.90,0.0158,true,1,1423
7290003643776,false,"פופקורן גרעינים סוגת 500 ג' כשל""פ",האי נאם סי או אל.טי.,,פופקורן 500 גר,גרמים,500.00,100 גרם,false,,4.90,0.0098,true,1,8678
7290003643783,false,קוקוס טחון סוגת 100 גרם,האי נאם סי או אל.טי.,,קוקוס 100 גר,גרמים,100.00,100 גרם,false,,4.20,0.0420,true,1,8679
7290003643806,false,שעועית לבנה יבשה סוגת (500 גרם),האי נאם סי או אל.טי.,,שעועית לבנה 500,גרמים,500.00,100 גרם,false,,10.90,0.0218,true,1,1424
7290003643813,false,שעועית אדומה יבשה סוגת 500 גר',האי נאם סי או אל.טי.,,שעועית אדומה 500,גרמים,500.00,100 גרם,false,,10.90,0.0218,true,1,1425
7290003643820,false,חומוס ענק יבש סוגת 500 גרם,"סוגת תעשיות בע""\מ",,חומוס ענק 500 סו,גרמים,500.00,100 גרם,false,,11.90,0.0238,true,1,8680
7290003648016,false,דג מקרל מעושן בואקום,סלטי שמיר2006בעמ,,מקרל מעושן בואקום,קילוגרמים,1.00,"ק""ג",true,,83.90,83.9000,false,1,25
7290003648221,false,מקרל בשמן קנולה,,,מקרל בשמן קנולה,קילוגרמים,1.00,"ק""ג",true,,124.90,124.9000,true,1,27
7290003715107,false,בוטנים קלופים 400 גר,זארובי,,בוטנים קלויים 00,גרמים,400.00,100 גרם,false,,11.00,0.0275,true,1,13446
7290003715299,false,מעורב מובחר זארובי 3,זארובי,,פיצוחים מעורב,גרמים,200.00,100 גרם,false,,19.90,0.0995,true,1,13450
7290003715329,false,בוטן קלוי בקליפה 350,,,בוטנים עם קליפה,גרמים,350.00,100 גרם,false,,10.90,0.0311,true,1,31937
7290003715411,false,צנובר סיני גדול 100,זארובי פיצוחי הגליל,,צנובר 100 גר,גרמים,100.00,100 גרם,false,,26.90,0.2690,true,1,13453
7290003715596,false,אגוזי מלך 300 גר,זארובי,,אגוזי מלך 300 גר,גרמים,300.00,100 גרם,false,,28.90,0.0963,true,1,6
7290003715688,false,שקד מולבן גפרורים 10,זארובי,,שקד מולבן,גרמים,250.00,100 גרם,false,,9.90,0.0396,true,1,7
7290003715695,false,גרעיני חמניות מקולפי,זארובי,,חמניות מקולפים,גרמים,100.00,100 גרם,false,,3.50,0.0350,true,1,13457
7290003715701,false,גרעיני דלעת קלוף 100,זארובי,,גרעיני דלעת קלוף,גרמים,100.00,100 גרם,false,,6.50,0.0650,true,1,13458
7290003715718,false,פיסטוק מקולף,זארובי,,פיסטוק מקולף,גרמים,100.00,100 גרם,false,,19.90,0.1990,true,1,31358
7290003715732,false,שקד גרוס 100 גרם,זארובי,,שקד גרוס 100 גר,גרמים,100.00,100 גרם,false,,9.90,0.0990,true,1,9
7290003715749,false,אגוז מלך גרוס 100 גר,זארובי,,אגוזי מלך גרוסים,גרמים,100.00,100 גרם,false,,9.90,0.0990,true,1,10
7290003715824,false,פרג טחון 100 גר,זארובי,,פרג 100 גר',גרמים,100.00,100 גרם,false,,4.90,0.0490,true,1,74952
7290003715831,false,אגוזים טחונים 100גר',זארובי,,אגוזים טחונים 100גר',גרמים,100.00,100 גרם,false,,9.90,0.0990,true,1,11
7290003718993,false,פילה סלמון נורבגי שקיל,סקרגרק,,פילה סלמון נורבגי,קילוגרמים,1.00,"ק""ג",true,,79.90,79.9000,true,1,121987
7290003726141,false,טופו אמיתי כפרי בריא 300 גרם,מחלבות גד שיווק 1992 בעמ,,טופו טבעי 300 גר,גרמים,300.00,100 גרם,false,,11.90,0.0397,true,1,6971
7290003726592,false,טופו מתובל בפסטו במרקם קלאסי,שטראוס גרופ בעמ/מצונן,,טופו מתובל בפסטו -מש,גרמים,300.00,100 גרם,false,,11.90,0.0397,false,1,78165
7290003726615,false,"טופו ויילר 300 גרם ""שטראוס""",שטראוס גרופ בעמ/מצונן,,טופו הבית במרקם קשה-,גרמים,300.00,100 גרם,false,,11.90,0.0397,true,1,78166
7290003726622,false,טופו פיקנטי 300 ג' משק ויילר,שטראוס גרופ בעמ/מצונן,,טופו פיקנטי,גרמים,300.00,100 גרם,false,,12.90,0.0430,true,1,118906
7290003726684,false,טופו חומוס בטעם טבעי 300 ג' משק ויילר,שטראוס גרופ בעמ/מצונן,,טופו חומוס בטעם טבעי,גרמים,300.00,100 גרם,false,,12.90,0.0430,true,1,82141
7290003726868,false,טופו חומוס בתוספת עגבניות מיובשות 300 ג' משק ויילר,שטראוס גרופ בעמ/מצונן,,טופו חומוס בתוספת עג,גרמים,300.00,100 גרם,false,,12.90,0.0430,true,1,118974
7290003726875,false,טופו חומוס בתוספת פסטו ויילר 300 גרם,שטראוס גרופ בעמ/מצונן,,טופו חומוס בתוספת פס,גרמים,300.00,100 גרם,false,,12.90,0.0430,true,1,118973
7290003744428,false,אובלטים מלוחים דקדקים קימל ברט (300 גרם),שוקוטרייד בעמ,,אובלטים מלוחים דקיקי,גרמים,300.00,100 גרם,false,,10.90,0.0363,true,1,13405
7290003744831,false,אובלטים עם בצל 300 גר',שוקוטרייד בעמ,,אובלטים בצל ברט,גרמים,300.00,100 גרם,false,,10.90,0.0363,true,1,27469
7290003744855,false,אובלטים עם שומשום 300 גר,שוקוטרייד בעמ,,אובלטים מלוחים,גרמים,300.00,100 גרם,false,,10.90,0.0363,true,1,27471
7290003779499,false,גינגר ארוז 200 גרם,"מרינה פטריות הגליל בע""מ",,גינג'ר טרי,גרמים,200.00,100 גרם,false,,8.90,0.0445,true,1,3815
7290003781652,false,צלפים במי מלח וילי פוד 230 גרם,ג. וילי-פוד אינטרנשיונל בע`מ,,צלפים 370 גרם,גרמים,370.00,100 גרם,false,,9.90,0.0268,true,1,5407
7290003781850,false,גבינת קשקבל פרוסות 200 גרם - דיספליי (18),ג.וילי-פוד אינטרנשיונל **גבינו,,גבינת קשקבל פרוסות,גרמים,200.00,100 גרם,false,,19.90,0.0995,true,1,88813
7290003804252,false,תיבוליות לאורז בנוסח הודי קנור 80גרם,יוניליוור ישראל שיווק בע`מ,,תיבולית קנור הודי,גרמים,72.00,100 גרם,false,,10.00,0.1389,false,1,9340
7290003804320,false,תיבולית שום ופטרוזיליה קנור 72 גרם,יוניליוור ישראל שיווק בע`מ,,תיבולית שום ופטרוזיל,גרמים,72.00,100 גרם,false,,10.00,0.1389,false,1,9341
7290003804368,false,תיבוליות בזיליקום קנור (8 יח`- 72 גרם),יוניליוור ישראל שיווק בע`מ,,תיבולית קנור בזי,גרמים,72.00,100 גרם,false,,10.00,0.1389,false,1,9343
7290003804382,false,תיבוליות פטריות קנור (8 יח`- 72 גרם),יוניליוור ישראל שיווק בע`מ,,תיבולית פטריות,גרמים,72.00,100 גרם,false,,10.00,0.1389,false,1,9345
7290003805129,false,"קנור פירה בטעם ביתי 260 גרם כשל""פ",יוניליוור ישראל שיווק בעמ,,פירה ביתי תלמה,גרמים,260.00,100 גרם,false,,13.50,0.0519,false,1,9350
7290003805501,false,"פתית בסגנון שוודי תלמה בד""צ 300 גרם",יוניליוור ישראל שיווק בע`מ,,פתית שבדי חסכוני,גרמים,300.00,100 גרם,false,,18.50,0.0617,true,1,14445
7290003805587,false,"פתית חיטה מלאה בד""צ 250 גרם-קופסא",יוניליוור ישראל שיווק בע`מ,,פתית חיטה מלאה,גרמים,250.00,100 גרם,false,,18.50,0.0740,true,1,14446
7290003807178,false,"רוטב קנור סויה בסגנון סיני 300 מ""ל",יוניליוור ישראל שיווק בע`מ,,רוטב סויה בסגנון סינ,יחידה,300.00,יחידה,false,,12.90,0.0430,true,1,9363
7290003807482,false,קנור רוטב טריאקי מופחת נתרן 370 גרם,יוניליוור ישראל שיווק בע`מ,,רוטב טריאקי קנור,יחידה,300.00,יחידה,false,,12.90,0.0430,true,1,9368
7290003864478,false,סרדינים בשמן צמחי פתח קל ויליפוד 110 גרם,ג.וילי-פוד אינטרנשיונל בעמ,,סרדינים בשמן צמחי 11,גרמים,110.00,100 גרם,false,,4.90,0.0445,true,1,5413
7290003864492,false,סרדינים בשמן צמחי חריף פתח קל ויליפוד 110ג',ג. וילי-פוד אינטרנשיונל בע`מ,,סרדינים בשמן צמחי פי,גרמים,110.00,100 גרם,false,,4.90,0.0445,true,1,5415
7290003882922,false,עלי גפן ממולאים באורז וילי פוד 360 גרם,ג. וילי-פוד אינטרנשיונל בע`מ,,עלי גפן ממולאים 400,גרמים,400.00,100 גרם,false,,8.90,0.0223,true,1,3114
7290003893843,false,פילה אמנון ללא עור,איינן צ'דקסין,,פילה אמנון בלי עור,קילוגרמים,1.00,"ק""ג",true,,26.90,26.9000,true,1,75539
7290003896141,false,חטיף ספרדי פיקנטי אלמנדוס 200 גרם,הדקלאים אגודת שיתופי,,פיצוחים אלפנדוס,גרמים,200.00,100 גרם,false,,8.90,0.0445,true,1,5531
7290003903788,false,אבקת קפוצ`ינו וניל עלית (200 גרם),שטראוס גרופ בע`מ,,קפוצ'ינו וניל 200 גר,גרמים,200.00,100 גרם,false,,24.90,0.1245,true,1,12303
7290003956012,false,פטאקי 16% שומרון,"מחלבת השומרון בע""מ",,גבינת פטאקי 16%,קילוגרמים,1.00,"ק""ג",true,,38.90,38.9000,false,1,27059
7290003976003,false,אקופרינד-ניקוי אסלות 750 מל,אקופרנד,,אקופרנד ניקוי אסלות,מיליליטרים,750.00,"100 מ""ל",false,,13.90,0.0185,true,1,86515
7290003976058,false,אקופרינד-מרכך כביסה חבצלות מרוכז,אקופרנד,,אקופרנד מרכך כביסה מ,ליטרים,1.00,ליטר,false,,18.90,18.9000,true,1,84283
7290003976065,false,אקופרנד מרכך כביסה מרוכז קסם אביבי 1 ליט,אקופרנד,,אקופרנד מרכך כביסה מ,יחידה,0.00,יחידה,false,,18.90,0.0000,true,1,89423
7290003976089,false,אקופרנד ג'ל כביסה 4 ליטר,סאסטרק,,אקופרנד ג'ל כביסה 4,ליטרים,4.00,ליטר,false,,43.90,10.9750,true,1,81582
7290003976096,false,אקופרינד-גל כביסה מרוכז 1 ליטר,אקופרנד,,אקופרנד ג'ל כביסה מר,ליטרים,1.00,ליטר,false,,19.90,19.9000,true,1,81583
7290003976119,false,אקופרנד נוזל כלים לבנדר ללא 750SLS מל,אקופרנד,,אקופרנד נוזל כלים,יחידה,0.00,יחידה,false,,13.90,0.0000,true,1,82295
7290003976126,false,נוזל כלים לימון אלוורה ללא 750 SLS מל,אקופרנד,,אקופרנד נוזל כלים לי,מיליליטרים,750.00,"100 מ""ל",false,,13.90,0.0185,true,1,81580
7290003976331,false,"אקופרנד מחטא רב תכליתי 750 מ""ל",אקופרנד,,אקופרנד מחטא רב תכלי,מיליליטרים,750.00,"100 מ""ל",false,,14.90,0.0199,true,1,86516
7290003989539,false,רביולי עם גבינה שטראוס (400 גרם),שטראוס גרופ בעמ/מצונן,,רביולי גבינה,גרמים,400.00,100 גרם,false,,19.90,0.0497,true,1,12064
7290003989553,false,פסטה טורטליני גבינה ופטריות 400 גרם,שטראוס גרופ בעמ/מצונן,,טורטליני פיטריות,גרמים,400.00,100 גרם,false,,19.90,0.0497,true,1,12065
7290004011284,false,בסיס להכנת קצפת צמחי ריץ` (212 מל),ריצ' פרודקטס קורפריי,,בסיס להכנת קצפת ריץ',מיליליטרים,212.00,"100 מ""ל",false,,7.50,0.0354,true,1,11314
7290004011338,false,קצפת מתוקה מוכנה ספריי ריץ` (250 מל),נטו מלינדה סחר בע`מ,,ריץ' קצפת מיכל 22.5%,גרמים,250.00,100 גרם,false,,10.90,0.0436,false,1,3744
7290004011345,false,"ספריי קצפת מתוקה מוכנה פרווה ריץ' 238 מ""ל",האי נאם סי או אל.טי.,,ר'יצ קצפת פרווה 250,גרמים,250.00,100 גרם,false,,10.90,0.0436,false,1,3745
7290004011819,false,המבורגר ריב אנטריקוט אל גאוצ`ו 360 גר`ק,נטו מלינדה סחר בע`מ,,המבורגר ריב אנטריקוט,גרמים,360.00,100 גרם,false,,21.90,0.0608,false,1,20810
7290004011826,false,מיני המבורגר ריב אנטריקוט אל גאוצ`ו 360,טיבון ויל אחזקות בעמ,,מיני המבורגר ריב אנט,גרמים,320.00,100 גרם,false,,21.90,0.0684,false,1,20811
7290004014407,false,עדשי מ&מ'ס חמאת בוטנים46,מרס נדרלנד,,סוכריות אם אנד אם,גרמים,46.20,100 גרם,false,,4.90,0.1061,true,1,61630
7290004030018,false,"פריניב מיץ לימון סחוט פרי לתיבול 500 מ""ל",הנסיך- מפעל לייצור ט,,פרי ניב מיץ לימון 10,ליטרים,0.50,ליטר,false,,6.90,13.8000,true,1,13055
7290004030100,false,מיץ תפוזים ולנסיה סחוט 100% 1 ליטר,תנובה - פריניב,,מיץ תפוזים סחוט וולנ,ליטרים,1.00,ליטר,false,,14.90,14.9000,true,1,81658
7290004030445,false,מיץ תפוזים סחוט רכיבים טבעיים 1 ליטר פרי ניב,הנסיך- מפעל לייצור ט,,פרי ניב מיץ תפוזים 1,ליטרים,1.00,ליטר,false,,13.50,13.5000,true,1,13058
7290004030834,false,מיץ רימונים סחוט 100% רכיבים טבעיים פרי ניב 1 ליטר,תנובה - פריניב,,מיץ רימונים 1 ליטר,ליטרים,1.00,ליטר,false,,23.90,23.9000,true,1,13063
7290004033705,false,הבורגריה – 6 לחמניות המבורגר בשקית,מאפית י את א ברמן בע,,הבורגריה 6 לחמניות ה,גרמים,600.00,100 גרם,false,,14.90,0.0248,true,1,89895
7290004033712,false,לחם עננים מקמח מלא עם פרוסות עבות,מאפית י את א ברמן בע,,לחם עננים מקמח מלא ע,גרמים,750.00,100 גרם,false,,12.90,0.0172,true,1,89896
7290004033736,false,"עננים לחם לבן בסגנון בריוש עם פרוסות עבות, 500 גרם",מאפית י את א ברמן בע,,לחם עננים בסגנון ברי,גרמים,500.00,100 גרם,false,,12.90,0.0258,true,1,118682
7290004043108,false,עדשי מ&מ'ס שוקולד 89 גרם,מרס,,סוכריות אם אנד אם 89,גרמים,89.00,100 גרם,false,,7.90,0.0888,true,1,68970
7290004063016,false,מלח שולחן מעולה סלית (1 קג)פיקוח,האי נאם סי או אל.טי.,,מלח דק 1 קג,יחידה,1.00,יחידה,false,,1.90,1.9000,false,1,9930
7290004063092,false,"מלח הארץ מלח מדיח 2 ק""ג","מלח הארץ אילת בע""מ",,מלח למדיח 2קג,קילוגרמים,2.00,"ק""ג",false,,10.90,5.4500,false,1,13822
7290004063115,false,"מלח מטבח עבה להמלחת בשר ובישול 1 ק""ג 1ק""ג",האי נאם סי או אל.טי.,,מלח עבה 1 קג,יחידה,1.00,יחידה,false,,1.90,1.9000,false,1,9931
7290004064082,false,מטחנה מלח ים טבעי מלח הארץ 100 גרם,חברת מלח הארץ אילת ב,,מטחנה מלח ים טבעי,גרמים,250.00,100 גרם,false,,13.50,0.0540,true,1,63651
7290004064099,false,מטחנה מלח ים מהרי ההימלאיה מלח הארץ 100 גרם,"חברת מלח הארץ אילת בע""\מ",,מטחנה מלח מהרי ההימל,גרמים,250.00,100 גרם,false,,15.90,0.0636,true,1,63652
7290004064105,false,מטחנה מלח עשבי תיבול מלח הארץ 100 גרם,חברת מלח הארץ אילת ב,,מטחנה מלח ים עשבי תי,גרמים,250.00,100 גרם,false,,15.90,0.0636,true,1,63653
7290004064174,false,"תבלין מלח ההימלאיה דק בצנצנת 1 ק""ג","חברת מלח הארץ אילת בע""\מ",,מלח הארץ הימלאיה דק,קילוגרמים,1.00,"ק""ג",false,,15.90,15.9000,true,1,71303
7290004064181,false,"תבלין מלח ההימלאיה גס בצנצנת 1 ק""ג","חברת מלח הארץ אילת בע""\מ",,מלח הארץ הימלאיה גס,קילוגרמים,1.00,"ק""ג",false,,15.90,15.9000,true,1,71304
7290004064297,false,"מלח מועשר ביוד בצנצנת מלח הארץ 1 ק""ג","חברת מלח הארץ אילת בע""\מ",,מלח מועשר ביוד צנצנת,קילוגרמים,1.00,"ק""ג",false,,8.90,8.9000,true,1,78647
7290004064303,false,מלח אטלנטי בצנצנת מלח הארץ 800 גרם,"חברת מלח הארץ אילת בע""\מ",,מלח אטלנטי בצנצנת 80,גרמים,800.00,100 גרם,false,,18.90,0.0236,true,1,78648
7290004064310,false,מלח פלוס בצל מלחייה מלח הארץ 175 גרם,"חברת מלח הארץ אילת בע""\מ",,מלח עם בצל במלחייה ס,גרמים,175.00,100 גרם,false,,9.90,0.0566,true,1,89453
7290004064327,false,מלח פלוס פפריקה מלחייה 175 גרם,"חברת מלח הארץ אילת בע""\מ",,מלח עם פפריקה במלחיי,גרמים,175.00,100 גרם,false,,9.90,0.0566,true,1,89454
7290004064389,false,מלח הימלאיה דק 250ג מלחיה סוגת*,"חברת מלח הארץ אילת בע""\מ",,מלח הימאליה דק מלחיה,גרמים,250.00,100 גרם,false,,10.00,0.0400,false,1,86761
7290004068011,false,יוגורט כבשים בדלי 5% שומן 600 ג' גד,מחלבות גד שיווק 1992 בעמ,,יוגורט כבשים 600 גר,גרמים,600.00,100 גרם,false,,16.90,0.0282,true,1,23880
7290004068028,false,"יוגורט צזיקי לשתיה 3.5% 500 מ""ל רובין",מחלבות גד שיווק 1992 בעמ,,יוגורט ציזיקי לשתייה,מיליליטרים,500.00,"100 מ""ל",false,,9.10,0.0182,true,1,25487
7290004068035,false,"איירן יוגורט לשתייה 3% גד 500 מ""ל",מחלבות גד שיווק 1992 בעמ,,"יוגורט איירן 500 מ""ל",מיליליטרים,500.00,"100 מ""ל",false,,7.50,0.0150,true,1,25276
7290004068172,false,"יוגורט עיזים בדלי 5% 600 מ""ל רובין",מחלבות גד שיווק 1992 בעמ,,יוגורט עיזים דלי 600,גרמים,600.00,100 גרם,false,,16.90,0.0282,true,1,29373
7290004068332,false,קממבר בקר משולשים במשקל,מחלבות גד,,קממבר בקר משולשים,קילוגרמים,1.00,"ק""ג",true,,113.00,113.0000,true,1,29844
7290004068912,false,גרנה פדנו משולש במשקל,מחלבות גד,,גבינת גרנה פדנו גד,קילוגרמים,1.00,"ק""ג",true,,129.90,129.9000,true,1,82072
7290004078270,false,נוזל לניקוי כלים בריח לימון פלמוליב 1 ליטר,יבואן ומשווק: ש. שסט,,פלמוליב לכלים לימון,ליטרים,1.00,ליטר,false,,13.90,13.9000,false,1,6669
7290004078690,false,"אגקס נוזל לניקוי אסלות מרענן 750 מ""ל",הנסיך- מפעל לייצור ט,,אג'קס ג'ל לאסלה,יחידה,750.00,יחידה,false,,14.90,0.0199,true,1,6672
7290004078942,false,ליידי ספיד סטיק - דאודורנט ג'ל לאישה 65 גרם,קולגייט-פלמוליב,,ספיד סטיק ג'ל,גרמים,63.00,100 גרם,false,,19.90,0.3159,true,1,496
7290004091255,false,ג'ל פטרוליום טהור 100% וזלין 212 גרם,יוניליוור ישראל שיווק בע`מ,,ואזלין מס 3,גרמים,225.00,100 גרם,false,,22.90,0.1018,true,1,14452
7290004119133,false,כד יוגורט תנובה 6.5% שומן 1.5 ליטר,מיוצר עי קונדיטוריית,,יוגורט בכד 7% 1.5 לי,ליטרים,1.50,100 ליטר,false,,18.30,12.2000,true,1,6877
7290004119225,false,יופלה יוגורט בטעם אננס %3 150 גרם,תנובה מרכז שיתופי לש,,יופלה אננס ספונטני 3,מיליליטרים,150.00,"100 מ""ל",false,,5.10,0.0340,true,1,6878
7290004119928,false,מעדן חלב בטעם וניל 2% קרלו תנובה 125 גרם,מחלבת אלון תבור,,קרלו וניל 1.5%,גרמים,125.00,100 גרם,false,,3.00,0.0240,true,1,6880
7290004119973,false,קרלו מעדן שוקו רביעיה גביע 1.5% 125 גרם,תנובה מרכז שיתופי לש,,מעדן קרלו 1.5%,גרמים,125.00,100 גרם,false,,3.00,0.0240,true,1,6881
7290004120061,false,מעדן חלב בטעם שוקו וניל שוניל 2% קרלו 125 גרם,תנובה מרכז שיתופי לש,,קרלו מעדן שוניל 1.5%,גרמים,125.00,100 גרם,false,,3.00,0.0240,true,1,6882
7290004120108,false,יופלה דיאט יוגורט דובדבן %0 גביע 150גרם,תנובה מרכז שיתופי לש,,יופלה דבדבן 0%,מיליליטרים,150.00,"100 מ""ל",false,,5.10,0.0340,true,1,6883
7290004120283,false,"שוקו בשקית תנובה 225 מ""ל בד""ץ",תנובה -חלב,,"שוקו באדי בד""צ 250מל",מיליליטרים,225.00,"100 מ""ל",false,,3.00,0.0133,true,1,6885
7290004120566,false,גבינה בולגרית (25024% גרם)פיראוס תנובה,"תנובה בע""מ ***",,בולגרית פיראוס 24%,גרמים,250.00,100 גרם,false,,24.50,0.0980,false,1,6886
7290004120573,false,גבינה בולגרית (25016% גרם)פיראוס תנובה,תנובה מרכז שיתופי לש,,בולגרית פיראוס 16%,גרמים,250.00,100 גרם,false,,24.50,0.0980,false,1,6887
7290004120634,false,גבינה בולגרית (2505% גרם)פיראוס תנובה,תנובה מרכז שיתופי לש,,בולגרית פיראוס 5%,גרמים,250.00,100 גרם,false,,24.50,0.0980,false,1,6888
7290004120832,false,"חלב 2 ליטר 3% כד ""תנובה""- מוצר בפיקוח",תנובה מרכז שיתופי לש,,חלב כד 3% מהדרין,ליטרים,2.00,ליטר,false,,12.46,6.2300,false,1,6890
7290004121280,false,"שמנת חמוצה 9% חצי מנה תנובה 100 מ""ל",,,שמנת תנובה 9% חצי מנ,מיליליטרים,100.00,"100 מ""ל",false,,1.30,0.0130,false,1,74552
7290004121488,false,יוגורט ביו דיאט 0% אפרסק יופלה (150 גרם),תנובה מרכז שיתופי לש,,יופלה אפרסק חטוב 0%,מיליליטרים,150.00,"100 מ""ל",false,,5.10,0.0340,true,1,6891
7290004121754,false,יוגורט ביו עוגת גבינה ותות 3% יופלה 150 גרם,תנובה בעמ ***,,יופלה עוגת גבינה ותו,מיליליטרים,150.00,"100 מ""ל",false,,5.10,0.0340,true,1,6892
7290004121839,false,גבינת פטה כבשים (25020% גרם)פיראוס בול,תנובה מרכז שיתופי לש,,פטה כבשים 20% פיראוס,גרמים,250.00,100 גרם,false,,28.50,0.1140,false,1,6893
7290004121853,false,גבינה בולגרית קוביות (2005% גרם)פיראוס,תנובה מרכז שיתופי לש,,פיראוס קוביות בולגרי,גרמים,200.00,100 גרם,false,,21.90,0.1095,false,1,6894
7290004122119,false,פתיתי פרמזן לפסטה 23% השף הלבן 100 גרם,"תנובה בע""מ ***",,פתיתי פרמזן לאפיה 23,גרמים,100.00,100 גרם,false,,12.60,0.1260,true,1,6896
7290004122195,false,גוש חלב גבינה צהובה פרוסה 28% תנובה 200 גרם,"תנובה בע""מ ***",,גוש חלב פרוס 28%,גרמים,200.00,100 גרם,false,,14.60,0.0730,false,1,688
7290004122270,false,עמק קלאסית פרוסות גבינה חצי קשה 28% 200 גרם,תנובה מרכז שיתופי לש,,עמק פרוסות 28%,גרמים,200.00,100 גרם,false,,16.90,0.0845,false,1,689
7290004122348,false,גבינה צהובה מופחתת שומן 9% עמק (200 גרם),תנובה מרכז שיתופי לש,,עמק לייט 9%,גרמים,200.00,100 גרם,false,,17.90,0.0895,false,1,691
7290004122676,false,גבינה חמד לייט (2505% גרם)פיראוס תנובה,"תנובה,מחלבת טנא נוגה",,גבינת חמד 5% גביע 25,גרמים,250.00,100 גרם,false,,18.90,0.0756,false,1,8156
7290004122683,false,עמק חטיף אצבעות גבינה חצי קשה 28% שומן,תנובה מרכז שיתופי לש,,אצבעות חטיף גבינת עמ,גרמים,172.00,100 גרם,false,,16.90,0.0983,false,1,8157
7290004124168,false,יופלה לבן 3% יוגורט 150 ג',תנובה בעמ ***,,יופלה טבעי 3%,מיליליטרים,150.00,"100 מ""ל",false,,2.20,0.0147,true,1,6899
7290004124205,false,יופלה דיאט יוגורט תות %0 גביע 150 גרם,תנובה מרכז שיתופי לש,,יופלה תות קליל 0%,מיליליטרים,150.00,"100 מ""ל",false,,5.10,0.0340,true,1,6901
7290004124847,false,"קצפת צמחית השף הלבן 500 מ""ל תנובה",תנובה מרכז שיתופי לש,,קצפת צימחית השף הלבן,מיליליטרים,500.00,"100 מ""ל",false,,16.50,0.0330,true,1,8160
7290004125370,false,"שמנת חמוצה 9% מופחתת שומן תנובה 200 מ""ל מהדרין",תנובה מרכז שיתופי לש,,שמנת תנובה 9%,גרמים,200.00,100 גרם,false,,3.80,0.0190,true,1,6903
7290004125400,false,"אשל שלי מהדרין 200 מ""ל 4.5% ""תנובה""- מוצר בפיקוח",פארייפאבה אגרואינדוס,,שלי אשל 4.5%,מיליליטרים,200.00,"100 מ""ל",false,,1.69,0.0084,false,1,6904
7290004125417,false,"גיל 3% שלי 200 מ""ל ""תנובה"" -מוצר בפיקוח",תנובה מרכז שיתופי לש,,שלי גיל 3%,מיליליטרים,200.00,"100 מ""ל",false,,1.51,0.0076,false,1,6905
7290004125455,false,"שמנת חמוצה 200 מ""ל 15% ""תנובה"" -מוצר בפיקוח",תנובה מרכז שיתופי לש,,שמנת 15%,מיליליטרים,200.00,"100 מ""ל",false,,2.40,0.0120,false,1,6906
7290004125462,false,"שמנת חמוצה 15% תנובה 500 מ""ל מהדרין",תנובה מרכז שיתופי לש,,שמנת חמוצה 15%,יחידה,500.00,יחידה,false,,6.00,0.0120,false,1,6907
7290004125509,false,"שמנת חמוצה 15% מועשרת תנובה 100 מ""ל",תנובה מרכז שיתופי לש,,שמנת אורגינל 15%,מיליליטרים,100.00,"100 מ""ל",false,,1.70,0.0170,false,1,6908
7290004125578,false,משקה סויה מעושר בסידן תנובה 1ל',תנובה מרכז שיתופי לש,,משקה סויה מועשר 1.6%,ליטרים,1.00,ליטר,false,,9.90,9.9000,false,1,6909
7290004125585,false,משקה סויה בטעם וניל תנובה 1 ליטר,תנובה מרכז שיתופי לש,,משקה סויה וניל 1.45%,ליטרים,1.00,ליטר,false,,10.60,10.6000,false,1,6910
7290004125721,false,"השף הלבן שמנת עמידה לבישול 15% תנובה 250 מ""ל",תנובה מרכז שיתופי לש,,שמנת לבישול 15%,מיליליטרים,250.00,"100 מ""ל",false,,8.70,0.0348,true,1,6912
7290004125738,false,שמנת מתוקה להקצפה32% 250מל עמיד השף הלבן,תנובה מרכז שיתופי לש,,שמנת להקצפה 32%,מיליליטרים,250.00,"100 מ""ל",false,,6.90,0.0276,true,1,6913
7290004125776,false,גבינה צהובה קלאסית 28% עמק (400 גרם),"תנובה בע""מ ***",,עמק פרוס 28% 400 גרם,גרמים,400.00,100 גרם,false,,31.00,0.0775,false,1,8161
7290004126674,false,טל העמק פרוסות גבינה חצי קשה לייט %9 200 גרם בקופסא,תנובה מרכז שיתופי לש,,טל העמק לייט 9%,גרמים,200.00,100 גרם,false,,19.90,0.0995,true,1,697
7290004126759,false,דאיט יופלה פירות יער טו יוג פרי 150גר.,"תנובה בע""מ ***",,יופלה פירות יער 0%,מיליליטרים,150.00,"100 מ""ל",false,,5.10,0.0340,true,1,6914
7290004126872,false,משקאות חלב תנובה שוקו בקבוק 250מל,תנובה - חלב,,שוקו בקבוקון 2%,מיליליטרים,250.00,"100 מ""ל",false,,5.90,0.0236,true,1,8163
7290004127077,false,קוטג תנובה 3% גביע 250 גרם מהדרין,מיוצר עי קונדיטוריית,,קוט'ג תנובה 3%,גרמים,250.00,100 גרם,false,,5.50,0.0220,false,1,6915
7290004127329,false,קוטג תנובה גביע 250 גרם %5 ו.מהדרין,מיוצר עי קונדיטוריית,,קוטג' תנובה 5% 250 ג,גרמים,250.00,100 גרם,false,,5.50,0.0220,false,1,6916
7290004127336,false,קוטג תנובה גביע 250 גרם %9 ו.מהדרין,מיוצר עי קונדיטוריית,,קוטג' תנובה 9% 250 ג,גרמים,250.00,100 גרם,false,,5.50,0.0220,false,1,6917
7290004127800,false,"גבינה לבנה 500 גרם 5% ""תנובה"" -מוצר בפיקוח",מיוצר עי קונדיטוריית,,גבינה לבנה 5% 500 גר,גרמים,500.00,100 גרם,false,,9.96,0.0199,false,1,699
7290004127817,false,גבינה לבנה 9% שומן 500 ג' תנובה,מיוצר עי קונדיטוריית,,גבינה לבנה 9% 500 גר,גרמים,500.00,100 גרם,false,,10.00,0.0200,false,1,700
7290004127862,false,"גבינה לבנה 750 גרם 5% ""תנובה"" - מוצר בפיקוח",תנובה מרכז שיתופי לש,,גבינה 5% 750,גרמים,750.00,100 גרם,false,,14.94,0.0199,false,1,701
7290004128333,false,לאבנה על בסיס יוגורט %9 שומן 500 ג' פיראוס,תנובה בעמ ***,,לבנה פיראוס 9% - 500,גרמים,500.00,100 גרם,false,,20.90,0.0418,false,1,6920
7290004128340,false,קרם גבינת שמנת %5 בטעם טבעי 200 ג' תנובה,"תנובה בע""מ ***",,גבינת קרם 5% טבעית,גרמים,200.00,100 גרם,false,,11.90,0.0595,true,1,6921
7290004128401,false,גבינת פטה פיראוס במש,תנובה חלב,,פטה כבשים20% פיראוס,קילוגרמים,1.00,"ק""ג",true,,119.90,119.9000,true,1,8047
7290004128432,false,פתיתים מיוחדים לפיצה על בסיס גבינה 500 ג',תנובה - חלב,,פתיתים מיוחדים לפיצה,גרמים,500.00,100 גרם,false,,23.50,0.0470,false,1,707
7290004129101,false,גבינת שמנת 25% בטעם טבעי 225 ג' נפוליאון,תנובה מרכז שיתופי לש,,נפוליאון טבעי 30%,גרמים,225.00,100 גרם,false,,14.50,0.0644,false,1,6923
7290004129156,false,גבינת שמנת25% עם שום שמיר 225 ג' נפוליאון,תנובה מרכז שיתופי לש,,נפוליאון שום שמיר 30,גרמים,225.00,100 גרם,false,,14.50,0.0644,false,1,6925
7290004129767,false,"3% 'יופלה לבן מארז שמינייה 1.2 ק""ג",תנובה מרכז שיתופי לש,,יופלה טבעי 3% שמיניה,מיליליטרים,1200.00,"100 מ""ל",false,,18.40,0.0153,true,1,6928
7290004130794,false,משקה סויה במתיקות מופחתת תנובה (1 ליטר),תנובה מרכז שיתופי לש,,משקה סויה מועשר 1.6%,ליטרים,1.00,ליטר,false,,10.60,10.6000,false,1,6929
7290004130916,false,יוגורט יופלה פירות יער בשמנת 3% 150 גרם,תנובה מרכז שיתופי לש,,יופלה פירות יער בשמנ,מיליליטרים,150.00,"100 מ""ל",false,,5.10,0.0340,false,1,8168
7290004131074,false,"חלב 1 ליטר 3% קרטון ""תנובה""- מוצר בפיקוח",תנובה מרכז שיתופי לש,,חלב 3% טרי בקרטון מה,ליטרים,1.00,ליטר,false,,6.23,6.2300,false,1,6930
7290004131432,false,יוגורט יופלה לבן ביו 3% 200 גרם,מיוצר עי קונדיטוריית,,יופלה טבעי 3%,מיליליטרים,200.00,"100 מ""ל",false,,4.00,0.0200,true,1,6933
7290004131456,false,יוגורט ביו 1.5% שומן 200 ג' יופלה,מיוצר עי קונדיטוריית,,יופלה טבעי 1.5%,מיליליטרים,200.00,"100 מ""ל",false,,4.00,0.0200,true,1,6934
7290004131814,false,גבינת צפתית מעודנת (2005% גרם)פיראוס ת,פארייפאבה אגרואינדוס,,גבינת פיראוס צפתית מ,גרמים,200.00,100 גרם,false,,15.90,0.0795,false,1,6937
7290004131845,false,לאבנה גביע 9% 750 גר`פיראוס תנובה,תנובה מרכז שיתופי לש,,לאבנה פיראוס 9% 750,גרמים,750.00,100 גרם,false,,23.90,0.0319,false,1,23682
7290004132552,false,משקה סויה בטעם טבעי לייט תנובה 1 ליטר,תנובה מרכז שיתופי לש,,דיאט סויה טבעי 1.8%,ליטרים,1.00,ליטר,false,,10.60,10.6000,false,1,6939
7290004132712,false,חטיף אצבעות גבינת מוצרלה 20% 172 ג' עמק,תנובה מרכז שיתופי לש,,אצבעות גבינת מוצרלה,גרמים,174.00,100 גרם,false,,16.90,0.0971,false,1,6940
7290004133511,false,יופלה מאגדת לבן 1.5% מעודן 8 יח' * 150 ג',מיוצר עי קונדיטוריית,,שמיניית יופלה במתיקו,מיליליטרים,1200.00,"100 מ""ל",false,,21.90,0.0182,true,1,6943
7290004134945,false,יוגורט ביו 3% בטעם מוקה יופלה (150 גרם),תנובה מרכז שיתופי לש,,יופלה מוקה 3%,מיליליטרים,150.00,"100 מ""ל",false,,5.10,0.0340,true,1,8183
7290004135058,false,שמיניית קרלו מיני שוקולד 100 גרם מהדרין,תנובה מרכז שיתופי לש,,מאגדת מיני קרלו שמינ,גרמים,800.00,100 גרם,false,,14.70,0.0184,true,1,8184
7290004135119,false,מעדן חלב בטעם וניל בדץ קרלו (100x8 גרם),תנובה מרכז שיתופי לש,,קרלו מיני וניל מארז,יחידה,800.00,יחידה,false,,14.70,0.0184,true,1,8186
7290004135225,false,מעדן חלב דל קלוריות בטעם שוקולד 0.2שומ,תנובה מרכז שיתופי לש,,מעדן דיאט שוקולדה 0%,מיליליטרים,150.00,"100 מ""ל",false,,4.10,0.0273,true,1,715
7290004135324,false,פיראוס בולגרית מע5%משקל,תנובה מרכז שיתופי לש,,בולגרית 5% מעודנת תנ,קילוגרמים,1.00,"ק""ג",true,,49.90,49.9000,false,1,8052
7290004135614,false,גבינה בולגרית מעודנת 5% פיראוס 250 גרם,"תנובה בע""מ ***",,בולגרית מעודנת 5% תנ,גרמים,250.00,100 גרם,false,,23.90,0.0956,false,1,8187
7290004136154,false,"משקה חלב אייס קפה תנובה בבקבוק 340 מ""ל",גוד פוד פרודקטס S.p,,שוק אייס קפה 2% 340,מיליליטרים,650.00,"100 מ""ל",false,,7.30,0.0112,true,1,8193
7290004136291,false,צפתית 5% מעודנת תנוב,תנובה חלב,,צפתית מעודנת,קילוגרמים,1.00,"ק""ג",true,,59.90,59.9000,true,1,8055
7290004136598,false,מארז הפסקת אוכל עם קורנפלקס ומשקה חלב עמיד בטעם וניל,פארייפאבה אגרואינדוס,,מארז הפסקת אוכל חלב,מיליליטרים,150.00,"100 מ""ל",false,,9.30,0.0620,false,1,8199
7290004136857,false,מעדן ג`לי בטעם פטל תנובה (125 גרם),תנובה מרכז שיתופי לש,,ג'לי פטל תנובה,גרמים,125.00,100 גרם,false,,2.40,0.0192,true,1,8201
7290004136864,false,מעדן ג'לי בטעם אננס עם חתיכות תנובה 125 גרם,תנובה בעמ ***,,ג'לי אננס עם חתיכו א,גרמים,125.00,100 גרם,false,,2.80,0.0224,true,1,8202
7290004136871,false,מעדן ג'לי בטעם אפרסק עם חתיכות תנובה 125 גרם,תנובה מרכז שיתופי לש,,ג'לי אפרסק עם חתיכות,גרמים,125.00,100 גרם,false,,2.80,0.0224,true,1,8203
7290004137021,false,"שמנת עמידה לבישול מופחת שומן 10% השף הלבן 250 מ""ל",תנובה מרכז שיתופי לש,,שמנת לבישול מופחת שו,מיליליטרים,250.00,"100 מ""ל",false,,8.70,0.0348,false,1,8205
7290004137311,false,גבינה צהובה מופחתת שומן 9% עמק (400 גרם),"תנובה בע""מ ***",,עמק לייט 9% 400 גרם,גרמים,400.00,100 גרם,false,,31.90,0.0797,false,1,719
7290004137809,false,לאבנה אסלית 5% גביע (250 גרם)פיראוס תנו,"תנובה, מחלבת אלון תב",,לאבנה 5% פיראוס,גרמים,250.00,100 גרם,false,,13.00,0.0520,false,1,8206
7290004146986,false,נקה 7 שמפו לשיער צבוע ומובהר 750 מל,החברה הדרומית לשיווק בעמ,,נקה 7-שמפו צבוע כתו,מיליליטרים,750.00,"100 מ""ל",false,,11.90,0.0159,true,1,18591
7290004146993,false,נקה 7 מרכך שיער צבוע ומובהר 750 מל,החברה הדרומית לשיווק בעמ,,נקה 7-מייצב צבוע כתו,מיליליטרים,750.00,"100 מ""ל",false,,11.90,0.0159,true,1,18592
7290004147051,false,קיסמי שיניים רפואיים 300 יח`,קונסיגנציה- ש. י גיספאן 1993,,קיסמי שיניים צנצ,יחידה,0.00,יחידה,false,,10.90,0.0000,true,1,15411
7290004147150,false,ליפות/רצועות/וספוגים- מערוב,קונסיגנציה- ש. י גיספאן 1993,,רצועות מסאז' לגב,יחידה,0.00,יחידה,false,,12.90,0.0000,true,1,15413
7290004147235,false,פינצטה,,,פינצטה,יחידה,0.00,יחידה,false,,13.00,0.0000,true,1,25896
7290004147280,false,שקית כביסון,מיה טריידינג,,שקית כביסון,יחידה,750.00,יחידה,false,,9.90,0.0132,true,1,15419
7290004147310,false,מראות טיול מספר 4,קונסיגנציה- ש. י גיספאן 1993,,מראה לטיול מס 4,יחידה,0.00,יחידה,false,,6.90,0.0000,true,1,74143
7290004147327,false,מלבין כביסה 1 קג,,,מלבין כביסה 1 קג,מיליליטרים,1000.00,"100 מ""ל",false,,19.90,0.0199,true,1,15422
7290004147334,false,סוגרן שקיות מזון,מיה טריידינג,,סוגרן שקיות,יחידה,0.00,יחידה,false,,9.90,0.0000,true,1,15423
7290004147440,false,קוצץ ציפורניים,קונסיגנציה- ש. י גיספאן 1993,,קוצץ ציפורניים,יחידה,0.00,יחידה,false,,8.90,0.0000,true,1,15425
7290004147655,false,שרוכים לנעליים,,,שרוכים לנעליים,יחידה,0.00,יחידה,false,,8.00,0.0000,true,1,15427
7290004170097,false,עוגת קרנץ' שוקולד 450גרם,גדרון,,עוגת קראנץ שוקולד,גרמים,500.00,100 גרם,false,,18.90,0.0378,true,1,81706
7290004199272,false,בקבוק פיה רחבה,אינטרסן (1996) בעמ,,בקבוק פיה רחבה,יחידה,0.00,יחידה,false,,13.90,0.0000,true,1,10264
7290004200930,false,זיקוק זוג 15 סמ בשקית,שמחה זה אנחנו בע`מ,,זוג זיקוקין,יחידה,0.00,יחידה,false,,7.20,0.0000,true,1,13734
7290004218034,false,אוסובוקו קפוא,,,אוסובוקו קפוא,קילוגרמים,1.00,"ק""ג",true,,55.00,55.0000,false,1,7038
7290004219819,false,קומפלטה מלבין קפה הולנדי 200ג,ג. וילי-פוד אינטרנשיונל בע`מ,,מלבין קפה הולנדי,גרמים,200.00,100 גרם,false,,10.50,0.0525,true,1,5424
7290004221409,false,וובר רוטב חזרת 453 גרם בקבוק לחיץ,וובר ספרינגפילד,,רוטב חזרת SANDWICH P,גרמים,454.00,100 גרם,false,,19.90,0.0438,true,1,17752
7290004225025,false,בסגנון פטה במשקל,מאמן,,פטה בקר,קילוגרמים,1.00,"ק""ג",true,,32.90,32.9000,true,1,60831
7290004225278,false,בסגנון דנבלו 28% במשקל,נטו מלינדה סיימן,,גבינת דנאבלו,קילוגרמים,1.00,"ק""ג",true,,74.90,74.9000,true,1,24500
7290004225285,false,גבינה בסגנון דנאבלו 100 גר,האי נאם סי או אל.טי.,,גבינת דנבלו 100 גר,גרמים,100.00,100 גרם,false,,11.90,0.1190,true,1,28268
7290004225872,false,קרם קוקוס ויליגר 400 גרם,טקרנג פינאפלה אינדוס,,"קרם קוקוס 400 מ""ל",מיליליטרים,400.00,"100 מ""ל",false,,6.30,0.0157,true,1,26975
7290004229931,false,"אורז הבמאי הימליה 1ק""ג",נטו מילנדה סחר בעמ*,,אורז בסמטי 1 קג - הי,קילוגרמים,1.00,"ק""ג",false,,9.90,9.9000,true,1,77884
7290004230333,false,מקלות בורקס פילו תפ`א 600 גר` שגב קפוא,שלושת האופים שגמור,,מקלות בורקס פילו שגב,גרמים,600.00,100 גרם,false,,21.00,0.0350,true,1,25570
7290004230340,false,מקלות בורקס פילו תרד ובצל שגב 600 ג,שלושת האופים שגמור,,מקלות בורקס פילו תרד,גרמים,600.00,100 גרם,false,,21.00,0.0350,true,1,25571
7290004230357,false,שגב מקלות בורקס פילו גבינה ובטטה 600 גר,שלושת האופים שגמור,,מקלות בורקס פילו בטט,גרמים,600.00,100 גרם,false,,21.00,0.0350,true,1,25572
7290004230364,false,שגב מקלות בורקס פילו גבינה צרפתי 600 גר,שלושת האופים שגמור,,מקלות בורקס פילו גבי,גרמים,600.00,100 גרם,false,,21.00,0.0350,true,1,25573
7290004256371,false,ריץ פרוס 400 ג' -צהובה פרוסה,נטו מילנדה סחר בעמ*,,גבינת ריץ פרוסה 400,גרמים,400.00,100 גרם,false,,17.90,0.0447,false,1,79236
7290004256753,false,עלי לסיגר מרוקאי לפסטיליה 450 גרם,נטו מלינדה סחר בעמ,,עלי סיגר לפסטילייה,יחידה,0.00,יחידה,false,,13.90,0.0000,true,1,78248
7290004324605,false,גבינה מותכת למריחה בטעם רוקפור 7% מון בלאן 120 ג',נטו מילנדה סחר בעמ*,,מון בלאן רוקפור לייט,גרמים,120.00,100 גרם,false,,13.00,0.1083,true,1,11331
7290004329990,false,שניצל עוף פרוס קפוא,בלדי,,שניצל עוף פרוס,קילוגרמים,1.00,"ק""ג",true,,42.90,42.9000,true,1,13279
7290004339005,false,שניצל טופו תירס קינואה וחלבון אפונה 450גרם טבע דלי,,,שניצל טופו תירס קינו,גרמים,450.00,100 גרם,false,,27.90,0.0620,true,1,120274
7290004339012,false,שניצל עם חלבון אפונה 450 גרם,,,שניצל אמיתי עם חלבון,גרמים,450.00,100 גרם,false,,27.90,0.0620,true,1,120275
7290004339401,false,המבורגר אורז עדשים 400גרם טבע דלי,טבע דלי,,"בורגר מן הצומח ""טבע",גרמים,400.00,100 גרם,false,,24.90,0.0622,true,1,23961
7290004339425,false,שווארמה מהצומח 350 גרם טבע דלי,טבע דלי בעמ,,שווארמה מהצומח טבע ד,גרמים,350.00,100 גרם,false,,24.90,0.0711,true,1,27896
7290004339630,false,סייטן טבעי טבע דלי 350 גר,טבע דלי,,טבע דלי-סייטן בסגנון,גרמים,350.00,100 גרם,false,,19.90,0.0569,true,1,27897
7290004339784,false,המבורגר ניו יורק מהצומח על הגריל טבע דלי 400 גרם,טבע דלי,,טבע דלי-המבורגר מהצו,גרמים,400.00,100 גרם,false,,24.90,0.0622,true,1,31165
7290004339807,false,המבורגר כוסמת מש מונבט אורז מלא וצ'יה 400גר טבע דלי,ל.י.ב. (לחיות יותר בטבע) בעמ,,"המבורגר כוסמת ""טבע ד",גרמים,400.00,100 גרם,false,,24.90,0.0622,true,1,63665
7290004386825,false,שעועית בגודל ענק אפויה ברוטב עגבניות -מוכן לאכילה,ג. וילי-פוד אינטרנשיונל בע`מ,,שעועית ברוטב עגבניות,גרמים,420.00,100 גרם,false,,7.90,0.0188,true,1,5426
7290004390396,false,שיכר דובדבנים שרי וו,siebrand,,שרי יין- הולנד 750,יחידה,750.00,יחידה,false,,22.90,0.0305,true,1,32623
7290004480332,false,גבינת גאודה30%משולש משקל,מחלבות גד,,גאודה בקר משולשים,קילוגרמים,1.00,"ק""ג",true,,111.50,111.5000,true,1,118953
7290004480349,false,"משולש גבינת גאודה עיזים ""גד""",מחלבת אמלטי הולנד,,גאודה עיזים משולשים,קילוגרמים,1.00,"ק""ג",true,,122.90,122.9000,true,1,118961
7290004492274,false,בייגלה טבעות מלוחות בייגל בייגל 400 גרם,יוניליוור ישראל שיווק בע`מ,,בייגלה טבעות מלוחות,גרמים,400.00,100 גרם,false,,8.90,0.0223,true,1,2149
7290004492762,false,"נשנושים תירס אפוי טעם טבעי בייגל בייגל 325 גרם בד""צ",יוניליוור ישראל שיווק בע`מ,,נשנושים תירס,גרמים,325.00,100 גרם,false,,13.50,0.0415,false,1,2152
7290004494063,false,יין דלתון פטיט סירה 750 מל,הכרם -משקאות חריפים בעמ,,יין דלתון גליל פטיט,גרמים,750.00,100 גרם,false,,59.90,0.0799,true,1,27269
7290004494131,false,יין דלתון קברנה סוביניון גליל,הכרם - משקאות חריפים בעמ,,דלתון גליל קברנה סוב,מיליליטרים,750.00,"100 מ""ל",false,,59.90,0.0799,true,1,14709
7290004494148,false,"דלתון גליל מרלו 750 מ""ל",הכרם - משקאות חריפים בעמ,,דלתון גליל מרלו,מיליליטרים,750.00,"100 מ""ל",false,,59.90,0.0799,false,1,14710
7290004494179,false,יין דלתון שרדונה 750 מל,הכרם -משקאות חריפים בע`מ,,יין דלתון שרדונה,מיליליטרים,750.00,"100 מ""ל",false,,59.90,0.0799,true,1,25578
7290004494377,false,יין אדום יבש שיראז יקב דלתון (750 מל),הכרם - משקאות חריפים בעמ,,דלתון גליל שיראז,מיליליטרים,750.00,"100 מ""ל",false,,59.90,0.0799,true,1,14712
7290004494919,false,יין כנען קברנה שיראז 750 מל דלתון,הכרם - משקאות חריפים בעמ,,כנען קברנה שיראז,מיליליטרים,750.00,"100 מ""ל",false,,37.50,0.0500,true,1,66369
7290004518271,false,הרינג שלם מלוח בוואק,,,הרינג שלם מלוח בוואק,קילוגרמים,1.00,"ק""ג",true,,21.90,21.9000,true,1,80770
7290004584306,false,רבעיית גמדים בטעם תות בננה * 100 ג' שטראוס,שטראוס גרופ בעמ/מצונן,,סופר גמדים תות בננה,גרמים,400.00,100 גרם,false,,11.10,0.0277,true,1,7142
7290004584351,false,גבינה לבנה סימפוניה עם תוספות 200 ג' חמישית 200,שטראוס גרופ בעמ/מצונן,,סימפוניה 5%,גרמים,200.00,100 גרם,false,,11.20,0.0560,false,1,7143
7290004584528,false,יוגורט דנונה ביו לבן 1.7% שומן 200 גרם,שטראוס גרופ בעמ/מצונן,,יוגורט דנונה ביו 1.7,מיליליטרים,200.00,"100 מ""ל",false,,3.50,0.0175,true,1,7144
7290004585907,false,דני ועדן וניל 1.5% 125ג' שטראוס,שטראוס גרופ בעמ/מצונן,,דני וניל 1.5%,מיליליטרים,130.00,"100 מ""ל",false,,2.60,0.0200,true,1,7145
7290004603175,false,מלח הים האדום גס מלח הארץ (500 גרם),"חברת מלח הארץ אילת בע""\מ",,מלח גס 500 גר',גרמים,500.00,100 גרם,false,,7.90,0.0158,true,1,29355
7290004639006,false,קוסקוס תונסאי קפוא מטעמי פאר (800 גרם),מטעמי פאר (א.מ.נ) בעמ,,קוסקוס קפוא 800 גר',גרמים,800.00,100 גרם,false,,15.90,0.0199,true,1,8840
7290004658953,false,יין סוביניון בלאן פרייבט קולקשן יקבי כרמל,"כד בני דרום בע""מ",,סוביניון בלאן P.C,מיליליטרים,750.00,"100 מ""ל",false,,34.90,0.0465,false,1,2820
7290004658960,false,יין אמרלד ריזלינג פרייבט קולקשן יקבי כרמל,אגודת הכורמים הקואופרטיב,,אמרלד ריזלינג PRIVAT,מיליליטרים,750.00,"100 מ""ל",false,,34.90,0.0465,false,1,15124
7290004685010,false,לחם 100% שיפון פלוס לחם הארץ 500 גר',מאפית י את א ברמן בע,,לחם הארץ,גרמים,500.00,100 גרם,false,,17.90,0.0358,true,1,22343
7290004685089,false,לחם הארץ לחם חמניות 500 גר',מאפית י את א ברמן בע,,לחם הארץ חמניות,גרמים,500.00,100 גרם,false,,17.90,0.0358,true,1,22383
7290004685126,false,לחם 5 דגנים פרוס לחם הארץ (750 גרם),מאפית י את א ברמן בע,,לחם 5 דגנים הארץ,גרמים,750.00,100 גרם,false,,17.90,0.0239,true,1,14138
7290004685157,false,לחם שיפון 100% פרוס לחם הארץ (750 גרם),מאפית י את א ברמן בע,,לחם הארץ שיפון 100%,גרמים,750.00,100 גרם,false,,17.90,0.0239,true,1,14141
7290004685195,false,לחם 10 דגנים פרוס לחם הארץ (750 גרם),מאפית י את א ברמן בע,,לחם 10 דגנים הארץ,גרמים,750.00,100 גרם,false,,17.90,0.0239,true,1,14142
7290004685201,false,לחם הארץ שיפון אגוזים500,מאפית י את א ברמן בע,,לחם שיפון אגוזים,גרמים,500.00,100 גרם,false,,17.90,0.0358,true,1,14143
7290004685225,false,לחם פומפרניקל פרוס לחם הארץ (750 גרם),מאפית י את א ברמן בע,,לחם שיפון פומפרניקל,גרמים,750.00,100 גרם,false,,17.90,0.0239,true,1,14144
7290004685430,false,100% לחם כומסין 500 גר לחם הארץ,מאפית י את א ברמן בע,,לחם הארץ כוסמין 100%,גרמים,500.00,100 גרם,false,,17.90,0.0358,true,1,68323
7290004685447,false,לחמניות כוסמין 6 יח בשקית מלא 450 גר`E,מאפית ברמן מקבוצת י. את,,לחמניות כוסמין שישיי,גרמים,450.00,100 גרם,false,,13.90,0.0309,true,1,80316
7290004725600,false,גבינה סקנדינבית31% משקל,תנובה חלב,,גבינה סקנדינבית,קילוגרמים,1.00,"ק""ג",true,,79.90,79.9000,false,1,66020
7290004731083,false,אל סבון נוזלי ג`ינסנג כיף (1 ליטר),החברה הדרומית לשיווק בעמ,,כיף ג'נסינג 1 ליטר,ליטרים,1.00,ליטר,false,,12.90,12.9000,true,1,22314
7290004731090,false,אל סבון נוזלי קמומיל כיף (1 ליטר),החברה הדרומית לשיווק בעמ,,כיף קמומיל אל סבון 1,ליטרים,1.00,ליטר,false,,12.90,12.9000,true,1,27294
7290004731472,false,"שלישיית אלסבון צבעוני כיף 500 מ""ל",החברה הדרומית לשיווק בעמ,,כיף סבון נוזלי שלישי,ליטרים,1.50,ליטר,false,,19.90,13.2667,true,1,16245
7290004731519,false,"מקסימה מרכך ומבשם כביסה למייבש סנסיטיב סנו 750 מ""ל",החברה הדרומית לשיווק בעמ,,סנו מקסימה למייבש,מיליליטרים,750.00,"100 מ""ל",false,,19.90,0.0265,true,1,16246
7290004731557,false,"מקסימה תרסיס מרכך ומבשם כביסה במייבש מאסק סנו 750 מ""ל",החברה הדרומית לשיווק בעמ,,סנו מקסימה למייבש,מיליליטרים,750.00,"100 מ""ל",false,,19.90,0.0265,true,1,16247
7290004731564,false,"מקסימה מבשם ומרכך למייבש הכביסה בלו בלוסום 750 מ""ל",החברה הדרומית לשיווק בעמ,,סנו מקסימה ספריי למי,מיליליטרים,750.00,"100 מ""ל",false,,19.90,0.0265,true,1,69203
7290004731670,false,"מטהר אוויר דואופרש פצ'ולי לבנדר סנו 300 מ""ל",החברה הדרומית לשיווק בעמ,,דואופרש אפרסק ומנדרי,מיליליטרים,300.00,"100 מ""ל",false,,12.90,0.0430,true,1,16249
7290004731687,false,"מטהר אויר בניחוח וניל ולמון גראס סנו 300 מ""ל",סנו מפעלי ברונוס בעמ,,דואופרש וניל,יחידה,300.00,יחידה,false,,12.90,0.0430,true,1,16250
7290004737719,false,אספרגוס שלם מקולף בצנצנת ויליפוד 330 גרם,ג.וילי-פוד אינטרנשיונל בעמ,,אספרגוס שלם מקולף 33,גרמים,330.00,100 גרם,false,,9.90,0.0300,true,1,5430
7290004769451,false,גבינת שמנת במשקל,,,גבינת שמנת במשקל,קילוגרמים,1.00,"ק""ג",true,,59.90,59.9000,true,1,71195
7290004798130,false,שבבי סבון טבעיים ליטופית 750 גרם,נאמן לאורך זמן בעמ,,שבבי סבון,גרמים,750.00,100 גרם,false,,22.90,0.0305,true,1,13977
7290004829186,false,קולפן שוויצרי,,,קולפן שוויצרי,יחידה,0.00,יחידה,false,,16.90,0.0000,true,1,64958
7290004952778,false,טופו מפולי סויה אורגני הרדוף 300 גר,כפר בריא בעמ,,טופו אורגני 8.5%,גרמים,300.00,100 גרם,false,,13.90,0.0463,true,1,6949
7290004952785,false,פריכיות דקות מאורז מלא וכוסמת אורגני 100 גרם הרדוף,פרח תעשיות,,פריכיות אורז וכוסמת,גרמים,100.00,100 גרם,false,,11.90,0.1190,true,1,66166
7290004952792,false,פריכיות אורז מלא דקות אורגני הרדוף 100גר,פרח תעשיות,,פריכיות אורז מלא דקו,גרמים,100.00,100 גרם,false,,11.90,0.1190,true,1,66167
7290004955762,false,טחינה גולמית 450 גרם זארובי,זארובי,,טחינה 450 גר' זארובי,גרמים,450.00,100 גרם,false,,11.90,0.0264,true,1,86083
7290004982355,false,גבינת צדר טריפל במשק,א. סיימן סחר בעמ,,גבינת טריפל צ'דר,קילוגרמים,1.00,"ק""ג",true,,140.00,140.0000,true,1,63187
7290005008191,false,"סבון נוזלי ארומה בניחוח לבנדר פטצ'ולי וילנג ילנג פלמוליב 500 מ""ל",הנסיך- מפעל לייצור ט,,סבון נוזלי פלמוליב ס,מיליליטרים,500.00,"100 מ""ל",false,,14.90,0.0298,false,1,501
7290005041198,false,מעדני הטלה קבב ביתי,לאטי עזרא גלם ודגים,,"קבב ביתי 1 ק""ג",קילוגרמים,1.00,"ק""ג",false,,45.90,45.9000,true,1,26207
7290005068058,false,תירס קל מופחת קלוריות 550 ג' פרי הגליל,ויטה- פרי גליל (החדשה) בעמ,,תירס קל 550 גרם,גרמים,550.00,100 גרם,false,,6.90,0.0125,false,1,12959
7290005068492,false,לקט ירקות מעורבים 700 גרם פרי-גליל,ויטה- פרי גליל (החדשה) בעמ,,לקט ירקות מעורבים 70,גרמים,700.00,100 גרם,false,,9.90,0.0141,true,1,4854
7290005079290,false,גבנצ 15% נעם חריץ מעדנייה,החב` המרכזית - טרה,,גבינה צהובה 15% נעם,קילוגרמים,1.00,"ק""ג",true,,68.90,68.9000,false,1,62388
7290005079344,false,מוצרלה נועם רכיבים ט,מחלבת משק צוריאל,,מוצרלה נעם,קילוגרמים,1.00,"ק""ג",true,,81.90,81.9000,false,1,71565
7290005079412,false,חריץ אמנטל נועם מהדרין,החברה המרכזית טלהפצת משקאות בע,,נעם אמנטל מעדניה,קילוגרמים,1.00,"ק""ג",true,,63.90,63.9000,true,1,68877
7290005084355,false,סנסודין משחת שיניים דואל קר פלואוריד 75,גלקסו סמית קליין,,סנסודין דואל קר,מיליליטרים,75.00,"100 מ""ל",false,,21.90,0.2920,true,1,4711
7290005113222,false,זיתים קוקטייל וגמבה יבנה 350ג',קבוצת יבנה,,מיקס זיתים 340 גרם ל,גרמים,340.00,100 גרם,false,,9.90,0.0291,true,1,2724
7290005169939,false,תה טיבטי קלאסי נענע 90 שקיקים,SHALPHARM HMZRAH (SODOT,,תה טיבטי בטעם נענע 9,גרמים,180.00,100 גרם,false,,42.90,0.2383,true,1,10443
7290005174551,false,סלט חומוס עם צנוברים 125 ג' אחלה,שטראוס גרופ בעמ/מצונן,,סלט חומוס אחלה א,גרמים,125.00,100 גרם,false,,4.60,0.0368,true,1,17646
7290005174568,false,אחלה יום יום חצילים במיונז 125 גרם,שטראוס גרופ בעמ/מצונן,,סלט חצילים אישי,גרמים,125.00,100 גרם,false,,4.60,0.0368,true,1,17647
7290005174575,false,טחינה אחלה יום יום משובחת 125ג',שטראוס גרופ בעמ/מצונן,,סלט טחינה אישי א,גרמים,125.00,100 גרם,false,,4.60,0.0368,true,1,17648
7290005197758,false,"עוגיות חיוכים שוקולד עלית 150 גרם בד""צ",אפיפית נצרת תעשיות ב,,חיוכים שוקו עלית,גרמים,150.00,100 גרם,false,,5.00,0.0333,true,1,12308
7290005199288,false,גומי מאסט בטעם פטל לימון 28 ג' עלית,שטראוס גרופ בע`מ,,מסטיק מאסט טעם פטל ל,גרמים,28.00,100 גרם,false,,4.40,0.1571,false,1,12311
7290005199578,false,קפה נמס מיובש בהקפאה נטול קפאין 200ג,שטראוס קפה בי.וי.,,קפה נמס פלטינום נטול,גרמים,200.00,100 גרם,false,,31.90,0.1595,false,1,12315
7290005199738,false,גומי מאסט בטעם פפרמינט ריח פה נעים פליפטופ 28 ג' עלית,שטראוס גרופ בע`מ,,מסטיק מאסט בטעם פפרמ,גרמים,28.00,100 גרם,false,,4.40,0.1571,false,1,12317
7290005200786,false,תפוצ'יפס בטעם שמנת בצל עלית 50 גרם,"שטראוס פריטו ליי בע""\מ )",,תפוציפס 50,גרמים,50.00,100 גרם,false,,3.90,0.0780,true,1,12585
7290005201455,false,קפה נמס מגורען ארומה קלאסי עלית 200 גרם,שטראוס גרופ בע`מ,,קפה נמס מגורען ארומה,גרמים,200.00,100 גרם,false,,21.90,0.1095,false,1,12323
7290005201882,false,קפה טורקי בצלופן עלית 200 גרם,הנסיך- מפעל לייצור ט,,קפה טורקי 200,גרמים,200.00,100 גרם,false,,14.90,0.0745,false,1,12325
7290005270000,false,עלים לסיגר 500 גרם חמים וטעים,"חמים וטעים בע""מ",,עלי סיגר מרוקאי 500,גרמים,500.00,100 גרם,false,,14.90,0.0298,true,1,9896
7290005287206,false,רביעיית טונה בשמן סטארקיסט 160 גרם,דיפלומט מפיצים (1968) בעמ**,,רביעייה טונה בשמן 4x,גרמים,640.00,100 גרם,false,,24.90,0.0389,false,1,10658
7290005287251,false,רביעיית טונה במים סטארקיסט 160 גרם,דיפלומט מפיצים (1968) בעמ**,,רביעייה טונה סטארקיס,גרמים,640.00,100 גרם,false,,24.90,0.0389,false,1,10660
7290005287510,false,"סטארקיסט טונה בשמן עם פלפל חריף 160 גרם בד""צ",סטארקיסט דיפלומט היינץ,,טונה סטארקיסט בשמן פ,גרמים,160.00,100 גרם,false,,7.60,0.0475,true,1,25810
7290005287527,false,"סטארקיסט טונה בשמן עם לימון 160 גרם בד""צ",סטארקיסט דיפלומט היינץ,,טונה סטארקיסט בשמן ל,גרמים,160.00,100 גרם,false,,7.60,0.0475,true,1,26254
7290005287534,false,"סטארקיסט טונה בשמן עישון טבעי 160 גרם בד""צ",סטארקיסט דיפלומט היינץ,,טונה סטארקיסט בשמן ע,גרמים,160.00,100 גרם,false,,7.60,0.0475,true,1,26238
7290005287657,false,"סטארקיסט ממרח טונה 160 גרם בד""צ",דיפלומט מפיצים (1968) בעמ**,,ממרח טונה סטאר קיסט,גרמים,160.00,100 גרם,false,,7.90,0.0494,true,1,3340
7290005296246,false,"פותח סתימות דריין אאוט 946 מ""ל יעקבי","יעקב יעקבי ובניו בע""מ",,פותח סתימות,מיליליטרים,946.00,"100 מ""ל",false,,29.90,0.0316,true,1,14960
7290005296260,false,"אסטוניש ספריי רסס ונגב לניקוי כללי יעקבי 750 מ""ל",יעקב יעקבי ובניו בע`מ,,אסטוניש רסס נגב,מיליליטרים,750.00,"100 מ""ל",false,,11.90,0.0159,true,1,14961
7290005296857,false,"פוליבוי ספריי מנקה ומבריק הכל יעקבי 300 מ""ל","יעקב יעקבי ובניו בע""מ",,פוליבוי מרסס לכל הרה,מיליליטרים,300.00,"100 מ""ל",false,,14.90,0.0497,true,1,14965
7290005296871,false,פוליבוי-לרהיטים-מרסס,יעקב יעקבי ובניו בעמ,,פוליבוי לרהיטי ע,מיליליטרים,100.00,"100 מ""ל",false,,14.90,0.1490,true,1,14966
7290005296888,false,פוליבוי פוליטור לרהי,יעקב יעקבי ובניו בעמ,,פוליבוי פוליטורה,מיליליטרים,100.00,"100 מ""ל",false,,16.90,0.1690,true,1,14967
7290005326387,false,עגבניות מיובשות בשמן זית אוליביה 270 גרם,תה ויסוצקי (ישראל)בעמ,,עגבניות מיובשות אולי,גרמים,280.00,100 גרם,false,,19.90,0.0711,true,1,10450
7290005326523,false,ממרח פסטו פטרוזיליה ונענע אוליביה 180 גרם,תה ויסוצקי (ישראל) בעמ,,פסטו פטרוזליה ונענע,גרמים,180.00,100 גרם,false,,13.90,0.0772,true,1,58650
7290005326677,false,אוליביה רוטב ברביקין 350 גר`,תה ויסוצקי (ישראל) בעמ,,רוטב ברביקיו 350 גר',גרמים,350.00,100 גרם,false,,13.90,0.0397,true,1,74337
7290005384837,false,"מיץ לימונים מלימונים טריים 500 מ""ל",דריבדוס סיטרוס,,מיץ לימון טבעי,מיליליטרים,500.00,"100 מ""ל",false,,7.00,0.0140,true,1,5435
7290005400155,false,פתיתים כוסמין המקורי 500 גר` ללא גלוטן,גורי מוצרי צריכה (1991) בעמ,,פתיתים כוסמין אפויים,גרמים,500.00,100 גרם,false,,15.90,0.0318,true,1,71417
7290005423253,false,"סנו - מקסימה מרסס למייבש כביסה אולטרה פרש 750 מ""ל",החברה הדרומית לשיווק בעמ,,מבשם למייבש כביסה,מיליליטרים,750.00,"100 מ""ל",false,,19.90,0.0265,true,1,16253
7290005423369,false,סנו די קידס תחליב דוחה יתושים לילדים 100,טרופיקל דגיל תעשיות,,סנו די קידס,מיליליטרים,100.00,"100 מ""ל",false,,19.90,0.1990,true,1,83376
7290005423383,false,מטהר אוויר סנומוד גל,סנומוד,,סנומוד גלאמור,מיליליטרים,150.00,"100 מ""ל",false,,12.90,0.0860,true,1,71753
7290005423482,false,"קרם לניקוי כיריים קרמיים סנו 300 מ""ל",מיוצר עי קונדיטוריית,,קרם לניקוי כיריי,יחידה,300.00,יחידה,false,,19.90,0.0663,true,1,16258
7290005423499,false,"תרסיס לניקוי משטחי נירוסטה אירוסל סנו 500 מ""ל",החברה הדרומית לשיווק בעמ,,סנו נירוסטה,מיליליטרים,500.00,"100 מ""ל",false,,19.90,0.0398,true,1,16259
7290005423567,false,מטליות ניקוי רב שימושיות בגליל סנו סושי 40 יחידות,החברה הדרומית לשיווק בעמ,,מטליות לניקוי כללי צ,יחידה,0.00,יחידה,false,,19.90,0.0000,true,1,16261
7290005423635,false,ריצפז נוזל רצפות דוחה תיקנים סנו 2 ליטר,החברה הדרומית לשיווק בעמ,,ריצפז דוחה חרקים,ליטרים,2.00,ליטר,false,,21.90,10.9500,false,1,16262
7290005423734,false,מרכך כביסה מרוכז אולטרא פרש סנו מקסימה 4 ליטר,החברה הדרומית לשיווק בעמ,,מרכך סנו 4 ליטר,ליטרים,4.00,ליטר,false,,21.90,5.4750,false,1,3522
7290005423871,false,שלישיית משחת שיניים מנטול אורביטול 145 גרם,טרופיקל דגיל תעשיות קוסמ,,אורביטול שלישיה,גרמים,435.00,100 גרם,false,,19.90,0.0457,true,1,16264
7290005423918,false,סנו - מקסימה מרכך כביסה היפואלרגני אלוורה 4 ליטר,החברה הדרומית לשיווק בעמ,,מרכך כביסה סנו מקסימ,ליטרים,4.00,ליטר,false,,22.90,5.7250,false,1,3523
7290005424403,false,"אל סבון כיף אצות ים קטיפתי 1ליטר,",החברה הדרומית לשיווק בעמ,,כיף 1 ליטר אצות ים,ליטרים,1.00,ליטר,false,,12.90,12.9000,true,1,22315
7290005424700,false,סנו - פורטה פלוס מרסס מסיר שומנים 1 ליטר,החברה הדרומית לשיווק בעמ,,סנו פורטה פלוס 1 ליט,ליטרים,1.00,ליטר,false,,18.90,18.9000,true,1,73839
7290005424755,false,מטליות ריצפז פלוס לחות לניקוי רצפות דוחה תיקנים 10 יח' סנו,החברה הדרומית לשיווק בעמ,,מטליות לחות לניקוי ר,יחידה,0.00,יחידה,false,,15.90,0.0000,true,1,74021
7290005424762,false,ריצפז פלוס ווקס נוזל להברקת רצפות דוחה תיקנים סנו 2 ליטר,החברה הדרומית לשיווק בעמ,,ריצפז ווקס דוחה,ליטרים,2.00,ליטר,false,,31.90,15.9500,true,1,16276
7290005424847,false,"מפיות סופט לבנות לשולחן (150 יח') ""סנו""",החברה הדרומית לשיווק בעמ,,סנו סושי מפיות אירוח,יחידה,0.00,יחידה,false,,7.90,0.0000,true,1,16278
7290005425073,false,"מטהר אויר בניחוח יסמין ועץ סאנדלווד סנו 300 מ""ל",החברה הדרומית לשיווק בעמ,,דאודורנט פרש סנו,יחידה,300.00,יחידה,false,,12.90,0.0430,true,1,16285
7290005425127,false,"חיטוי משטחים 99.9% מתז לשומנים ואבנית 750 מ""ל",החברה הדרומית לשיווק בעמ,,סנו חיטוי וניקוי יסו,מיליליטרים,750.00,"100 מ""ל",false,,14.90,0.0199,true,1,77069
7290005425202,false,אבקת כביסה ביו מקסימה לכתמים קשים,החברה הדרומית לשיווק בעמ,,סנו מקסימה 5 2 ק,קילוגרמים,2.50,"ק""ג",false,,25.90,10.3600,false,1,3525
7290005425585,false,מטליות לחות לניקוי רהיטים סנו 20 יחידות,"סנו מפעלי ברונוס בע""\מ",,מטליות סנו רהיט,יחידה,0.00,יחידה,false,,13.90,0.0000,true,1,16288
7290005425646,false,קליר נוזל לניקוי חלונות רב תכליתי סנו 1 ליטר,החברה הדרומית לשיווק בעמ,,סנוקליר נוזל רב תכלי,ליטרים,1.00,ליטר,false,,11.90,11.9000,false,1,16289
7290005425660,false,סנומט חשמלי דוחה יתושים טבליות סנו 60 לילות,החברה הדרומית לשיווק בעמ,,סנומט טבליות 60,יחידה,0.00,יחידה,false,,34.90,0.0000,true,1,25591
7290005425714,false,"שמפו שטיחים סנו פלוס 600 מ""ל","סנו מפעלי ברונוס בע""\מ",,סנו שמפו שטיחים,מיליליטרים,600.00,"100 מ""ל",false,,23.90,0.0398,true,1,16291
7290005425745,false,אורביטול - משחת שיניים אלפיין פרש 145 גרם,החברה הדרומית לשיווק בעמ,,אורביטול אלפיין,גרמים,145.00,100 גרם,false,,8.90,0.0614,true,1,32804
7290005426193,false,ספוגית הפלא סנו סושי 6 יחידות,החברה הדרומית לשיווק בעמ,,ספוג פלא סנו סוש,יחידה,0.00,יחידה,false,,11.50,0.0000,false,1,16296
7290005426230,false,מטלית הפלא לרצפה מיקרופייבר סנו 1יח',החברה הדרומית לשיווק בעמ,,סושי סחבה לריצפה,יחידה,0.00,יחידה,false,,11.90,0.0000,false,1,16297
7290005426575,false,"קרמה לחות לשיער יבש ללא שטיפה 400 מ""ל",החברה הדרומית לשיווק בעמ,,לחות לשיער קרמה,מיליליטרים,400.00,"100 מ""ל",false,,22.90,0.0572,true,1,16306
7290005426803,false,מקסימה מרכך כביסה פצ'ולי לבנדר סגול סנו 4 ליטר,החברה הדרומית לשיווק בעמ,,מרכך סנו מקסימה,ליטרים,4.00,ליטר,false,,21.90,5.4750,false,1,3529
7290005426940,false,"סנו K-300 מדביר חרקים 475 מ""ל",טרופיקל דגיל תעשיות,,ק-300 פלוס 8,מיליליטרים,400.00,"100 מ""ל",false,,21.90,0.0547,false,1,16310
7290005427107,false,סנו - סושי מגבות נייר הפלא 6 יחידות,החברה הדרומית לשיווק בעמ,,סושי מגבות הפלא למטב,יחידה,0.00,יחידה,false,,11.90,0.0000,false,1,16312
7290005427725,false,"חמישיית מגבונים מבושם ""ליטופים""",טרופיקל דגיל קוסמטיק,,מגבונים ליטופים מארז,יחידה,0.00,יחידה,false,,18.90,0.0000,false,1,10907
7290005427763,false,אל סבון נוזלי בניחוח גינסינג כיף 2 ליטר,החברה הדרומית לשיווק בעמ,,כיף - אל סבון ג'ינסנ,ליטרים,2.00,ליטר,false,,19.90,9.9500,true,1,90081
7290005427848,false,מטליות ניקוי רב שימושיות בגליל סנו סושי 40 יחידות,החברה הדרומית לשיווק בעמ,,סנו מטליות בגליל ורו,יחידה,0.00,יחידה,false,,19.90,0.0000,true,1,3532
7290005427985,false,"קרמה תחליב רחצה לפנים בתוספת גרגירי פילינג 180 מ""ל",גוד פוד פרודקטס S.p,,תחליב פנים פילינג קר,מיליליטרים,180.00,"100 מ""ל",false,,14.90,0.0828,true,1,16336
7290005428845,false,מפיות סנו סופט 33*33 100 יחידות,החב הדרומית לשיווק,,סנו סופט מפיות 33*33,יחידה,0.00,יחידה,false,,8.90,0.0000,true,1,16345
7290005428852,false,ממחטות טישו צבעוניים סנו סופט 5 יח' *100דף,החברה הדרומית לשיווק בעמ,,סנו סופט מגבוני טישו,גרמים,650.00,100 גרם,false,,15.90,0.0245,true,1,16346
7290005429279,false,סנו מקסימה קומפקט קומפקט אפקט גאוול 6 ק,החברה הדרומית לשיווק בעמ,,סנו מקסימה אפקט ג'או,קילוגרמים,6.00,"ק""ג",false,,49.90,8.3167,false,1,16351
7290005429286,false,"אבקת כביסה מקסימה ביו 6 ק""ג סנו",החברה הדרומית לשיווק בעמ,,סנו מקסימה ביו 6 קג,קילוגרמים,6.00,"ק""ג",false,,49.90,8.3167,false,1,16352
7290005430480,false,"מטליות פלא מייקרופייבר כחול ""סנוסושי""",החברה הדרומית לשיווק בעמ,,מטלית הפלא סנו,יחידה,0.00,יחידה,false,,7.50,0.0000,true,1,16353
7290005430602,false,"סנו אוקסיג'ן ספריי להסרת כתמים עם חמצן פעיל 750 מ""ל",החברה הדרומית לשיווק בעמ,,מסיר כתמים סנו,מיליליטרים,750.00,"100 מ""ל",false,,19.90,0.0265,false,1,16357
7290005430961,false,שמפו לכביסה עדינה ביד בד גארד סנו מקסימה 1 ליטר,החברה הדרומית לשיווק בעמ,,בד גארד נוזל 1 ל,ליטרים,1.00,ליטר,false,,17.50,17.5000,true,1,16365
7290005431883,false,מלבי חלבי עדן קינוחים 165 גרם,עדן קינוחים Eden,,מלבי חלבי 165 גר',גרמים,165.00,100 גרם,false,,6.90,0.0418,true,1,80733
7290005431913,false,עוגת גבינה פירורים עדן קינוחים 92 גרם,עדן קינוחים Eden,,עוגת גבינה פירורים 9,גרמים,92.00,100 גרם,false,,6.90,0.0750,true,1,80736
7290005431920,false,עוגת גבינה פירורים לייט עדן קינוחים 78 גרם,עדן קינוחים Eden,,עוגת גבינה פירורים ל,גרמים,78.00,100 גרם,false,,6.90,0.0885,true,1,80737
7290005431937,false,מעדן טירמיסו 82 גר` עדן קינוחים,עדן קינוחים Eden,,טירמיסו 82 גר',גרמים,82.00,100 גרם,false,,6.90,0.0841,true,1,80738
7290005431968,false,מלבי שמנת עדן קינוחים 150 גרם,עדן קינוחים Eden,,מלבי שמנת,גרמים,150.00,100 גרם,false,,7.90,0.0527,true,1,84079
7290005477669,false,סבון נוזלי דרמפון מועשר לחות קרליין 1 ליטר,החברה הדרומית לשיווק בעמ,,דרמפון מועשר לחו,ליטרים,1.00,ליטר,false,,15.90,15.9000,true,1,18595
7290005509445,false,עוגיות מיני קוקיס חמאה בצנצנת כרמית 600 גרם,כרמית תעשיות ממתקים בעמ,,מיני קוקיס בטעם חמאה,גרמים,600.00,100 גרם,false,,15.90,0.0265,true,1,7833
7290005559587,false,מאפה נקניקיה בבצק מעדנות 800ג',תנובה מרכז שיתופי לשיווק תוצרת,,מאפה נקניקיה בבצק,גרמים,800.00,100 גרם,false,,27.90,0.0349,false,1,8419
7290005559709,false,בורקס פיצה מעדנות 700 גרם,מיוצר עי קונדיטוריית,,בורקס פיצה,גרמים,700.00,100 גרם,false,,24.90,0.0356,false,1,8421
7290005559907,false,פיצה משפחתית 100% גבינה מעדנות 500 גרם,תנובה מרכז שיתופי לשיווק תוצרת,,פיצה משפחתית גבינה,גרמים,500.00,100 גרם,false,,19.90,0.0398,false,1,975
7290005559914,false,פיצה משפחתית עם 100% גבינה בתוספת זיתים מעדנות 550 גרם,תנובה מרכז שיתופי לשיווק תוצרת,,פיצה משפחתית זיתים,גרמים,550.00,100 גרם,false,,19.90,0.0362,false,1,976
7290005559990,false,בצק עלים פילאס תורכי 600 גרם קפוא,תנובה מרכז שיתופי לשיווק תוצרת,,בצק פילס תורכי,גרמים,600.00,100 גרם,false,,19.90,0.0332,false,1,8423
7290005589027,false,סוכריות לקקני ישראל 10יח,,,לקקן מוצץ / תרנגול 1,גרמים,90.00,100 גרם,false,,12.90,0.1433,true,1,86948
7290005589492,false,שלווה חיטה מלאה דבש 200 גרם דגן,מפעלי דגן,,חיטה מלאה תפוחה בציפ,גרמים,200.00,100 גרם,false,,6.50,0.0325,true,1,59941
7290005589744,false,דגן פיצפוצי אורז מלא,מפעלי דגן,,דגן פיצפוצי אורז מלא,גרמים,200.00,100 גרם,false,,8.50,0.0425,true,1,60292
7290005589768,false,דגן פיצפוצי אורז מלא,מפעלי דגן,,דגן פיצפוצי אורז מלא,גרמים,130.00,100 גרם,false,,6.50,0.0500,true,1,60293
7290005591761,false,דבש טהור מפרחי בר בלחיץ 400 ג' יד מרדכי,מכוורת יד מרדכי שטרא,,דבש יד מרדכי לחיץ טה,גרמים,400.00,100 גרם,false,,26.90,0.0672,false,1,12326
7290005617379,false,יעה פלסטיק נופר,Moperia,,יעה,יחידה,0.00,יחידה,false,,6.20,0.0000,true,1,22584
7290005617492,false,דלי ידית פלסטיק 12ליטר,,,דלי ידית פלסטיק 12,יחידה,0.00,יחידה,false,,12.00,0.0000,true,1,22606
7290005617645,false,מגב שיש פלסטיק נופר,ideal houseware,,מגב חלון פלסטיק 20,יחידה,0.00,יחידה,false,,4.90,0.0000,true,1,22586
7290005617935,false,מברשת כלים ידית גומי נופר,Ningbo cleaning indu,,מברשת כלים ידית גומי,יחידה,0.00,יחידה,false,,10.90,0.0000,true,1,22589
7290005651069,false,"מזון חתולים לה קט מיקס 2.85 ק""ג",דיפלומט מפיצים (1968) בעמ**,,"לה קט מיקס 2.85 ק""ג",קילוגרמים,2.85,"ק""ג",false,,59.90,21.0175,false,1,3341
7290005651427,false,"בונזו מזון לכלבים מולטיפק 1.2 ק""ג מארז 3 יחידות",דיפלומט מפיצים (1968) בעמ**,,שלישיית מעדן בונזו מ,קילוגרמים,1.23,"ק""ג",false,,16.90,13.7398,true,1,15791
7290005658990,false,כעכים מלוחים שיבולת,,,כעכים מלוחים שיבולת,גרמים,300.00,100 גרם,false,,18.90,0.0630,true,1,121076
7290005684418,false,לחם כוסמין אורגני 700 גר,מאפיה מרחבית קרית שמונה,,לחם כוסמין אורגני,גרמים,600.00,100 גרם,false,,14.90,0.0248,true,1,5257
7290005684487,false,לחמניות כוסמין מקמח 6*70גר,המאפיה של הרמן בעמ,,לחמניות כוסמין שישיי,גרמים,420.00,100 גרם,false,,12.90,0.0307,true,1,74879
7290005684579,false,לחם מחמצת כוסמין 700 גרם,המאפיה של הרמן,,לחם מחמצת כוסמין,גרמים,700.00,100 גרם,false,,14.90,0.0213,true,1,83582
7290005789380,false,פרשיס קוסמטיקס מגבונים להסרת איפור 54 יח',ווטנאפס,,פרשיס קוסמטיקס להסרת,יחידה,0.00,יחידה,false,,14.90,0.0000,true,1,4196
7290005838002,false,מעדן גבינה ויוגורט בטעם וניל 88 ג' דניאלה,שטראוס גרופ בעמ/מצונן,,דניאלה 5%,מיליליטרים,150.00,"100 מ""ל",false,,4.10,0.0273,true,1,7146
7290005838613,false,קרם גבינה 3% בטעם וניל סקי (125 גרם),שטראוס גרופ בעמ/מצונן,,סקי וניל 3%,גרמים,125.00,100 גרם,false,,3.70,0.0296,false,1,4476
7290005838972,false,סקי יום יום גבינה לבנה %5 125 גרם,שטראוס גרופ בעמ/מצונן,,סקי % 3 125 גר,גרמים,125.00,100 גרם,false,,3.10,0.0248,true,1,4477
7290005839078,false,שמיניית יוגורט לבן 3% ביו דנונה 150 גרם,שטראוס גרופ בעמ/מצונן,,דנונה ביו 3% שמיניה,ליטרים,1.20,ליטר,false,,16.80,14.0000,true,1,7147
7290005839108,false,גבינה לבנה סימפוניה עם תוספות 200 ג'+זיתים 5%,שטראוס גרופ בעמ/מצונן,,סימפוניה זיתים 5%,גרמים,200.00,100 גרם,false,,11.20,0.0560,false,1,7148
7290005839313,false,מילקי Top עם שוקולדה מגולגלת 140 גרם,שטראוס גרופ בעמ/מצונן,,מילקי טופ 8%,מיליליטרים,130.00,"100 מ""ל",false,,4.60,0.0354,true,1,7149
7290005896415,false,"בירה איגל לאגר פרימיום 5% 500 מ""ל פחית","טמפו משקאות בע""מ",,בירה איגל פחית 500 מ,מיליליטרים,500.00,"100 מ""ל",false,,5.50,0.0110,true,1,69678
7290005896453,false,"בירה מכבי 7.9%, בירה חזקה, בקבוק חוזר 500 מ''ל",פארייפאבה אגרואינדוס,,בירה מכבי חוזר 7.9%,מיליליטרים,500.00,"100 מ""ל",false,,6.70,0.0134,false,1,66827
7290005896460,false,"בירה איגל לאגר חזקה 7.8% 500 מ""ל פחית",טמפו משקאות בעמ,,איגל בירה חזקה פחית,מיליליטרים,500.00,"100 מ""ל",false,,5.90,0.0118,true,1,71974
7290005896620,false,סאן בנדטו - מוגז עדין - 1.5 ליטר,אקווה מינרלה סאן בנד,,מים סאן בנדטו מו,ליטרים,1.50,ליטר,false,,4.50,3.0000,true,1,11505
7290005896637,false,סאן בנדטו - מים מינרלים טבעיים מהאלפים 1.5 ליטר,אקווה מינרלה סאן בנדטו ב,,מים סאן בנדטו 1.5 לי,ליטרים,1.50,ליטר,false,,4.00,2.6667,true,1,11506
7290005930010,false,קרם עיצוב וברק לשיער,,,קרם עיצוב וברק לשיער,מיליליטרים,0.00,"מ""ל",false,,32.90,0.0000,true,1,16946
7290005930102,false,ג'ל חוחובה חזק שיק קולור,,,ג`ל חזק לעיצוב השיער,ליטרים,400.00,100 ליטר,false,,19.90,0.0497,true,1,33779
7290005930249,false,קרם גולד שיק קולור,,,קרם גולד לשיער,מיליליטרים,400.00,"100 מ""ל",false,,17.50,0.0438,true,1,16940
7290005930720,false,חמאת גוף מסק שיק ספא,,,חמאת גוף מסק שיק ספא,מיליליטרים,350.00,"100 מ""ל",false,,25.90,0.0740,true,1,16949
7290005930744,false,שמן גוף מסק שיק ספא,,,שמן גוף מסק שיק ספא,מיליליטרים,250.00,"100 מ""ל",false,,25.90,0.1036,true,1,18885
7290005966033,false,הר חרמון לבן יקב רמת הגולן (750 מל),היכל היין שקד גולן בעמ,,הר חרמון לבן,מיליליטרים,750.00,"100 מ""ל",false,,29.90,0.0399,false,1,14337
7290005966088,false,"יין הר חרמון אדום עברית 750 מ""ל",היכל היין שקד גולן בעמ,,הר חרמון אדום,מיליליטרים,750.00,"100 מ""ל",false,,29.90,0.0399,false,1,14338
7290005966347,false,יין גמלא סובניון בלנק 750 מל,יקבי רמת הגולן קצרין,,גמלא השמורה סוביניון,מיליליטרים,750.00,"100 מ""ל",false,,49.90,0.0665,true,1,14341
7290005966361,false,"יין רמת הגולן גמלא שרדונה, 750 מ""ל י יקב רמת הגולן",יקבי רמת הגולן קצרין,,גמלא שרדונה 2020,מיליליטרים,750.00,"100 מ""ל",false,,54.90,0.0732,false,1,14343
7290005992018,false,"יוגורט עיזים לשתיה 3% מחלבות גד 500 מ""ל",מחלבות גד שיווק 1992 בעמ,,יוגורט עיזים,יחידה,500.00,יחידה,false,,13.20,0.0264,true,1,6973
7290005992575,false,גבינה בולגרית למריחה 5% גד (250 גרם),מחלבות גד שיווק 1992 בעמ,,בולגרית למריחה 5%,גרמים,250.00,100 גרם,false,,16.50,0.0660,true,1,1740
7290005992735,false,לאבנה טבעית 5% 250 גר' - רבנות,מחלבות גד שיווק 1992 בעמ,,לבנה 5% גד 250 גרם,גרמים,250.00,100 גרם,false,,11.20,0.0448,true,1,1743
7290005992858,false,גבינת פטה עיזים במשק,יושלם,,פטה עיזים גד 5%,קילוגרמים,1.00,"ק""ג",true,,112.00,112.0000,true,1,8740
7290005992872,false,גב.צפתית במים 5% במשקל,מחלבות גד,,צפתית 5% במים גד,קילוגרמים,1.00,"ק""ג",true,,59.80,59.8000,false,1,8741
7290005992889,false,גב.שמנת שום שמיר 30%משקל,מחלבות גד,,גבינת שמנת שום ושמיר,קילוגרמים,1.00,"ק""ג",true,,44.00,44.0000,true,1,8749
7290005996009,false,סלמי גלילי מעושן 400 גר`יחיעם,מעדני יחיעם (1993) בעמ,,סלמי גליל מעושן 400,גרמים,400.00,100 גרם,false,,21.90,0.0547,true,1,77766
7290005996054,false,סלמי סרוולט הונגרי ב,מעדני יחיעם,,סרוולט הונגרי יחיעם,קילוגרמים,1.00,"ק""ג",true,,209.90,209.9000,false,1,82659
7290005996078,false,סלמי סרוולט הונגרי יחיעם 150 גרם,מעדני יחיעם (1993) בעמ,,סרוולט הולגרי 125 גר,גרמים,125.00,100 גרם,false,,26.90,0.2152,true,1,82660
7290005996153,false,נקניקיות צרפתיות פרימיום 280 גר` יחיעם,מעדני יחיעם (1993) בעמ,,נקניקיות צרפתיות פרמ,גרמים,280.00,100 גרם,false,,20.90,0.0746,true,1,81353
7290005996160,false,נקניקיות צוריסו פרימיום יחיעם 280 גרם,מעדני יחיעם (1993) בעמ,,נקניקיות צוריסו פרימ,גרמים,280.00,100 גרם,false,,20.90,0.0746,true,1,81354
7290005996221,false,פסטרמה של פעם דק דק (120 גר`)יחיעם,מעדני יחיעם (1993) בעמ,,פסטרמה של פעם דק דק,גרמים,120.00,100 גרם,false,,11.90,0.0992,true,1,83494
7290005996238,false,פסטרמה בדבש דק דק (120 גר`)יחיעם,מעדני יחיעם (1993) בעמ,,פסטרמה בדבש דק דק 12,גרמים,120.00,100 גרם,false,,11.90,0.0992,true,1,83495
7290005996276,false,פסטרמה ברביקין דק דק (120 גר`)יחיעם,מעדני יחיעם (1993) בעמ,,פסטרמה ברביקיו דק דק,גרמים,120.00,100 גרם,false,,11.90,0.0992,true,1,83830
7290005996740,false,סלמי פפרוני 300 גר יחיעם,מעדני יחיעם (1993) בעמ,,סלמי פפרוני 300 גר',גרמים,300.00,100 גרם,false,,19.90,0.0663,true,1,88767
7290006199942,false,"שמיניית גלידל פרי דובדבן ""פלדמן""",הגלידות של פלדמן,,מאגדת גלידל דיאט קרח,גרמים,640.00,100 גרם,false,,24.90,0.0389,true,1,3847
7290006210180,false,קרואסון ביס במשקל,בונז'ור,,קרואסונים,קילוגרמים,1.00,"ק""ג",true,,42.00,42.0000,true,1,5694
7290006210197,false,רוגלך בטעם שוקולד,בונז'ור,,רוגלאך,קילוגרמים,1.00,"ק""ג",true,,42.00,42.0000,true,1,5695
7290006210203,false,"בונז'ור בורקס תפו""א שקילה",בונז'ור,,"בורקס תפו""א",קילוגרמים,1.00,"ק""ג",true,,42.00,42.0000,true,1,5696
7290006210210,false,בורקיטס גבינה,בונז'ור,,בורקיטס,קילוגרמים,1.00,"ק""ג",true,,44.90,44.9000,true,1,5697
7290006210357,false,שנק פיצה ביס1 קג,בונז'ור,,שנק פיצה,קילוגרמים,1.00,"ק""ג",true,,44.90,44.9000,true,1,5707
7290006210418,false,בורקס טורקי,בונז'ור,,בורקס טורקי,קילוגרמים,1.00,"ק""ג",true,,44.90,44.9000,true,1,5709
7290006210425,false,בורקס פילס תפוא במשק,בונז'ור,,פילאס תפוחי אדמה,קילוגרמים,1.00,"ק""ג",true,,44.90,44.9000,true,1,5710
7290006210449,false,בורקס פילס קשקבל במש,בונז'ור,,פילאס קשקבל,קילוגרמים,1.00,"ק""ג",true,,44.90,44.9000,true,1,5711
7290006210692,false,בונז'ור פטיט פאן כפרי 60 ג',בונז'ור,,פטיט פאן כפרי בונז'ו,גרמים,60.00,100 גרם,false,,1.10,0.0183,true,1,5727
7290006210791,false,בונז'ור לחמנוית המבורגר 100ג',בונז'ור,,לחמניית המבורגר בונז,יחידה,0.00,יחידה,false,,2.50,0.0000,true,1,6487
7290006210890,false,בונז'ור חליות 60*150,בונז'ור,,חליות בונזור,גרמים,150.00,100 גרם,false,,3.50,0.0233,true,1,98
7290006229427,false,סן בנדטו - מים מינרלים - מארז שישיית 500 מל,טמפו משקאות בע`מ,,סאן בנדטו שישייה 0.5,ליטרים,3.00,ליטר,false,,12.90,4.3000,false,1,3892
7290006229588,false,בירה איגל לאגר פרימיום חזקה 6.3% 500 מל,"טמפו משקאות בע""מ",,בירה איגל פחית 500 מ,מיליליטרים,500.00,"100 מ""ל",false,,5.50,0.0110,true,1,69679
7290006241153,false,אגוזי פקאן סיניים קליית גת (150 גרם),ליימן שליסל בעמ,,פקאן סיני 150 גר,גרמים,200.00,100 גרם,false,,19.00,0.0950,true,1,2448
7290006241191,false,אגוזי מלך טבעיים קליית גת (150 גרם),הדקלאים אגודת שיתופי,,אגוזי מלך 150 גר,גרמים,200.00,100 גרם,false,,16.50,0.0825,false,1,14614
7290006241214,false,שקדים טבעיים קליית גת (200 גרם),הדקלאים אגודת שיתופי,,שקד טבעי 200 גר,גרמים,200.00,100 גרם,false,,16.90,0.0845,true,1,2449
7290006241504,false,"משקה תפוזים קפוא פריגת 340 מ""ל",החברה המרכזית טלהפצת משקאות בע,,תרכיז פריגת תפוזים,מיליליטרים,340.00,"100 מ""ל",false,,12.90,0.0379,true,1,13125
7290006241511,false,"משקה לימונענע מרוכז קפוא פריגת 280 מ""ל",היינץ צפון אמריקה מק,,תרכיז פריגת לימונענע,מיליליטרים,340.00,"100 מ""ל",false,,12.90,0.0379,true,1,13126
7290006241535,false,"משקה מנגו קפוא פריגת 340 מ""ל",*החברה המרכזית להפצת משקאותבעמ,,תרכיז פריגת קפוא מנג,מיליליטרים,340.00,"100 מ""ל",false,,12.90,0.0379,true,1,13127
7290006251107,false,תה צ'אי מסאלה ויסוצקי 25 יחידות,תה ויסוצקי (ישראל) בעמ,,צ'אי מסאלה 25 שקיקים,גרמים,50.00,100 גרם,false,,18.90,0.3780,true,1,8276
7290006251268,false,תה ירוק בטעם תפוח וקינמון ויסוצקי 25 יחידות,תה ויסוצקי (ישראל)בעמ,,תה ירוק תפוח וקינמון,גרמים,37.50,100 גרם,false,,24.90,0.6640,false,1,767
7290006251275,false,תה ירוק סיני קלאסי ויסוצקי 25 יחידות,תה ויסוצקי (ישראל) בעמ,,תה ירוק סיני 25 שקיק,גרמים,37.50,100 גרם,false,,24.90,0.6640,false,1,768
7290006251282,false,חליטת חמוציות הגן הקסום ויסוצקי 25 יחידות,תה ויסוצקי (ישראל) בעמ,,תה חליטת קרנברי 25 ש,גרמים,75.00,100 גרם,false,,18.90,0.2520,false,1,769
7290006251343,false,חליטת פסיפלורה מנגו הגן הקסום ויסוצקי 25 יחידות,תה ויסוצקי (ישראל) בעמ,,תה חליטת מנגו ופסיפל,גרמים,62.50,100 גרם,false,,18.90,0.3024,false,1,770
7290006251374,false,תה ירוק לימונית וג'ינג'ר ויסוצקי 25 יחידות,תה ויסוצקי (ישראל) בעמ,,תה ירוק לימונית 25 ש,גרמים,25.00,100 גרם,false,,24.90,0.9960,false,1,771
7290006251589,false,תה ירוק עם עלי נענע 50 שקיקים ויסוצקי,תה ויסוצקי (ישראל) בעמ,,תה ירוק נענע,גרמים,75.00,100 גרם,false,,45.90,0.6120,false,1,772
7290006265500,false,פטריות שמפיניון ארוז מרינה,קונס`-מרינה פטריות הגליל בעמ*ש,,פטריות שמפניון בסלסל,גרמים,250.00,100 גרם,false,,8.90,0.0356,true,1,19158
7290006265548,false,נבטים סינים מרינה ארוז 360ג',"מרינה פטריות הגליל בע""מ",,נבטים סינים,גרמים,360.00,100 גרם,false,,5.90,0.0164,true,1,19160
7290006265890,false,נבטי גרעיני חמניה יח,"מרינה פטריות הגליל בע""מ",,נבטי חמניה מרינה,יחידה,0.00,יחידה,false,,8.90,0.0000,true,1,19164
7290006271174,false,ג'חנון לאפיה בתנור מעדנות 700 גרם,תנובה מרכז שיתופי לשיווק תוצרת,,ג'חנון מעדנות 700 גר,גרמים,700.00,100 גרם,false,,15.90,0.0227,false,1,982
7290006271181,false,ג'חנון אפוי למיקרוגל מעדנות 750 גרם,תנובה מרכז שיתופי לשיווק תוצרת,,ג'חנון אפוי 750 גר',גרמים,750.00,100 גרם,false,,22.90,0.0305,false,1,8424
7290006271648,false,מיני בורקס תפוחי אדמה מעדנות 800 גרם,תנובה מרכז שיתופי לשיווק תוצרת,,"מיני בורקס תפו""א",גרמים,800.00,100 גרם,false,,23.90,0.0299,false,1,984
7290006271655,false,מיני בורקס במילוי גבינה מעדנות (800 גרם),תנובה מרכז שיתופי לשיווק תוצרת,,מיני בורקס גבינה,גרמים,800.00,100 גרם,false,,26.50,0.0331,false,1,985
7290006272072,false,חטיפי פיצה גבינה מעדנות 650 גרם,תנובה קפואים,,חטיפי פיצה,גרמים,650.00,100 גרם,false,,25.90,0.0398,false,1,986
7290006272430,false,בצק עלים חמאה חלבי מעדנות (600 גרם),מיוצר עי קונדיטוריית,,בצק עלים חמאה,גרמים,600.00,100 גרם,false,,25.90,0.0432,false,1,8429
7290006306296,false,רביולי במילוי גבינה לילדים 400 ג' פסטה נונה,דורום תעשיות מזון ופסטה,,רביולי גבינה לילדים,יחידה,400.00,יחידה,false,,24.00,0.0600,true,1,14101
7290006306302,false,רביולי במילוי גבינות פרמזן ריקוטה 400 ג' פסטה נונה,דורום תעשיות מזון ופסטה,,רביולי גבינה פרמזן,גרמים,400.00,100 גרם,false,,24.00,0.0600,true,1,14102
7290006306319,false,רביולי במילוי בטטה 400 ג' פסטה נונה,דורום תעשיות מזון ופסטה,,רביולי בטטה,גרמים,400.00,100 גרם,false,,24.00,0.0600,true,1,14103
7290006306326,false,רביולי במילוי פטריות וגבינת פרמזן פסטה נונה 400 ג',דורום תעשיות מזון ופסטה,,רביולי פטריות,גרמים,400.00,100 גרם,false,,24.00,0.0600,true,1,14104
7290006306333,false,רביולי תרד וריקוטה פסטה נונה (400 גרם),דורום תעשיות מזון ופסטה,,רביולי תרד 400,גרמים,400.00,100 גרם,false,,24.00,0.0600,true,1,14105
7290006306340,false,"ניוקי תפו""א פסטה נונה גד 400 גרם",דורום תעשיות מזון ופסטה,,"ניוקי תפ""א 400",גרמים,340.00,100 גרם,false,,22.00,0.0647,true,1,14106
7290006306357,false,רביולי במילוי גבינת עיזים 400 ג' פסטה נונה,דורום תעשיות מזון ופסטה,,רביולי גבינת עיזים,גרמים,400.00,100 גרם,false,,25.50,0.0638,false,1,14107
7290006322104,false,לחם ריחיים קל פרוס 500גר,מאפיית דוידוביץ ובניו בע,,לחם ריחיים קל פרוס ד,גרמים,500.00,100 גרם,false,,9.50,0.0190,true,1,2515
7290006322111,false,לחמניות ריחיים 80*6 גרם,מאפיית דוידוביץ ובניו בע,,לחמניות ריחיים,גרמים,400.00,100 גרם,false,,9.90,0.0248,true,1,2516
7290006322128,false,לחמניות קלות 6 יח בחבילה,מאפיית דוידוביץ ובניו בע,,שש לחמניות קלות דויד,גרמים,400.00,100 גרם,false,,9.90,0.0248,true,1,2517
7290006322197,false,לחמנ.הבית כפולות 125X4גר,מאפיית דוידוביץ ובניו בע,,מארז לחמניות הבית כפ,גרמים,400.00,100 גרם,false,,12.90,0.0323,true,1,2520
7290006322838,false,לחם מקמח מלא דוידובי,מאפיית דוידוביץ ובניו בע,,לחם מקמח מלא דוידובי,מיליליטרים,750.00,"100 מ""ל",false,,10.90,0.0145,true,1,23913
7290006362209,false,"יין דרך ארץ קברנה סוביניון 750 מ""ל",היכל היין שקד גולן בעמ,,יין דרך ארץ קברנה סו,מיליליטרים,750.00,"100 מ""ל",false,,29.90,0.0399,true,1,16755
7290006374738,false,קונפיטורה תות יד מרדכי בטעם תות,אף.סי תבליני בגליל ב,,קונפיטורה תות יד מרד,גרמים,340.00,100 גרם,false,,13.50,0.0397,true,1,12336
7290006376053,false,"סוכר חום כהה בשקית 1 ק""ג",יושלם,,סוכר חום כהה בשקית 1,קילוגרמים,1.00,"ק""ג",false,,12.50,12.5000,true,1,81525
7290006461087,false,אנטריקוט אנגוס פיטום,קצביית פרימיום,,אנטריקוט אנגוס פיטום,קילוגרמים,1.00,"ק""ג",true,,189.90,189.9000,false,1,84444
7290006461100,false,אנטריקוט פרימיום מוכ,,,אנטריקוט פרימיום מוכ,קילוגרמים,1.00,"ק""ג",true,,199.90,199.9000,false,1,84445
7290006461155,false,פריים ריב פרוס מקוצב,,,פריים ריב פרוס מקוצב,קילוגרמים,1.00,"ק""ג",true,,159.90,159.9000,false,1,118298
7290006461605,false,אסאדו אנגוס מצונן מפ,קצביית פרימיום,,אסאדו אנגוס מצונן מפ,קילוגרמים,1.00,"ק""ג",true,,79.90,79.9000,false,1,85811
7290006461698,false,צלי כתף ארגנטינה אית,קצביית פרימיום,,צלי כתף לויתן,קילוגרמים,1.00,"ק""ג",true,,99.90,99.9000,false,1,84557
7290006461773,false,שריר מוזות מצונן בוו,,,שריר מוזות מצונן בוו,קילוגרמים,1.00,"ק""ג",true,,69.90,69.9000,false,1,85812
7290006492432,false,גבינה מוצרלה בייבי 18% גד (150 גרם),מחלבות גד שיווק 1992 בעמ,,מוצרלה בייבי 18%,גרמים,170.00,100 גרם,false,,14.50,0.0853,true,1,6976
7290006492616,false,גבינה בולגרית מעודנת פרוסות 5% גד 250 גרם,מחלבות גד שיווק 1992 בעמ,,פרוסות בולגרית מעודנ,גרמים,250.00,100 גרם,false,,26.70,0.1068,true,1,1750
7290006492630,false,גבינת פרומעז עיזים 22% גד 180 גרם,מחלבות גד שיווק 1992 בעמ,,גבינת גליל גד עזים 2,גרמים,180.00,100 גרם,false,,22.80,0.1267,true,1,6977
7290006492647,false,מטבעות גבינה עזים 22 אחוז 150גרם גד,מחלבות גד שיווק 1992 בעמ,,מטבעות עיזים 150 גרם,גרמים,150.00,100 גרם,false,,23.20,0.1547,true,1,6978
7290006492685,false,גבינת לאבנה עיזים 5% גד (250 גרם),מחלבות גד שיווק 1992 בעמ,,לבנה עיזים 3%,גרמים,250.00,100 גרם,false,,17.00,0.0680,true,1,21258
7290006492852,false,גבינת עיזים למריחה 5% שומן 250 ג' גד,מחלבות גד שיווק 1992 בעמ,,גבינת עיזים 5%,גרמים,250.00,100 גרם,false,,17.00,0.0680,true,1,8755
7290006492890,false,צפתית קצח,,,צפתית קצח,קילוגרמים,1.00,"ק""ג",true,,59.80,59.8000,true,1,21671
7290006492913,false,גבינת לאבנה ציזיקי 5% מחלבות גד 250 גרם,מחלבות גד שיווק 1992 בעמ,,לבנה צזיקי 250,גרמים,250.00,100 גרם,false,,12.80,0.0512,true,1,1751
7290006494924,false,טוסו וופל קלאסי במילוי קרם לימון 200 גרם,"דנשר (1963) בע,מ",,מרמולייט ופל בטעם לי,גרמים,180.00,100 גרם,false,,10.90,0.0606,true,1,10820
7290006496560,false,מחית וניל 90 גר',,,מחית וניל 90 גר',גרמים,90.00,100 גרם,false,,39.90,0.4433,true,1,89096
7290006498052,false,דנונה ביו יוגורט טבעי מהדרין 3% 150 ג',שטראוס גרופ בעמ/מצונן,,דנונה טבעי 3% מהדרין,יחידה,0.00,יחידה,false,,2.60,0.0000,true,1,27250
7290006511157,false,פטריות שמפניון שלמות וילי פוד (400 גרם),ג.וילי-פוד אינטרנשיונל בעמ,,פטריות שמפניון שלמות,גרמים,400.00,100 גרם,false,,7.50,0.0188,false,1,5441
7290006546012,false,שעועית בנוסח מקסיקני בטעם חריף 580 ג' פרי הגליל,ויטה פרי גליל (החדשה) בע`מ,,צ'ילי חריף בנוסח מקס,גרמים,580.00,100 גרם,false,,6.50,0.0112,false,1,55412
7290006546333,false,ציפס קפוא 700 גרם פרי-גליל,ויטה -פרי גליל (החדשה) בעמ,,ציפס מותג,גרמים,600.00,100 גרם,false,,8.50,0.0142,false,1,12963
7290006546395,false,לקט העונה קפוא פרי הגליל 800ג',ויטה- פרי גליל (החדשה) בעמ,,לקט ירקות פרי גל,גרמים,800.00,100 גרם,false,,9.90,0.0124,true,1,12964
7290006546500,false,צ'יפס זיגזג פרי הגליל 800 גרם,"פרי הגליל בע""""מ",,צ'יפס בזיגזג,גרמים,800.00,100 גרם,false,,9.90,0.0124,true,1,4859
7290006554017,false,עוגיות מרוקאיות 500 גרם ארקד,"ארקד מוצרי אפיה בע""מ",,עוגיות ארקד,גרמים,500.00,100 גרם,false,,18.90,0.0378,false,1,12844
7290006554024,false,עוגיות ביתיות תמרים,"ארקד מוצרי אפיה בע""מ",,עוגיות ביתיות תמ,גרמים,500.00,100 גרם,false,,18.90,0.0378,true,1,12845
7290006554031,false,עוגיות ביתיות אגוזים,"ארקד מוצרי אפיה בע""מ",,עוגיות ביתיות אג,גרמים,500.00,100 גרם,false,,18.90,0.0378,false,1,12846
7290006554055,false,עוגיות חלבה ביתיות 3,"ארקד מוצרי אפיה בע""מ",,עוגיות חלבה ארקד 300,יחידה,0.00,יחידה,false,,18.90,0.0000,true,1,4756
7290006554062,false,עוגיות גרנולה ארקד 2,"ארקד מוצרי אפיה בע""מ",,עוגיות גרנולה ארקד 2,גרמים,250.00,100 גרם,false,,18.90,0.0756,true,1,12848
7290006554079,false,עוגיות גרנולה ללא תו,"ארקד מוצרי אפיה בע""מ",,עוגיות ארקד גרנולה ל,גרמים,250.00,100 גרם,false,,18.90,0.0756,true,1,22235
7290006554093,false,עוגיות סהרונים ביתיו,"ארקד מוצרי אפיה בע""מ",,עוגיות סהרונים ארקד,גרמים,300.00,100 גרם,false,,18.90,0.0630,false,1,4757
7290006554123,false,עוגיות פריכות עם שקד,"ארקד מוצרי אפיה בע""מ",,עוגיות שקדים ארקד,גרמים,250.00,100 גרם,false,,18.90,0.0756,true,1,12851
7290006554154,false,עוגיות מרנג נשיקות 1,"ארקד מוצרי אפיה בע""מ",,עוגיות מרנג נשיקות 1,גרמים,100.00,100 גרם,false,,18.90,0.1890,true,1,22981
7290006554161,false,עוגיות משקפיים קינמו,"ארקד מוצרי אפיה בע""מ",,עוגיות משקפיים 250 ג,גרמים,250.00,100 גרם,false,,18.90,0.0756,false,1,29980
7290006554246,false,עוגיות משקפיים עם סו,"ארקד מוצרי אפיה בע""מ",,עוגיות משקפיים 250 ג,גרמים,250.00,100 גרם,false,,18.90,0.0756,true,1,34193
7290006554307,false,עוגיות מרוקאית ללא ס,"ארקד מוצרי אפיה בע""מ",,עוגיות מרוקאיות ללא,גרמים,300.00,100 גרם,false,,18.90,0.0630,true,1,4760
7290006554321,false,עוגיות אגוזי לוז ללא,"ארקד מוצרי אפיה בע""מ",,עוגיות עם אגוזי לוז,גרמים,250.00,100 גרם,false,,18.90,0.0756,true,1,33719
7290006554345,false,עוגיות תמרים ללא סוכ,"ארקד מוצרי אפיה בע""מ",,עוגיות במילוי ממרח ת,גרמים,250.00,100 גרם,false,,18.90,0.0756,false,1,69237
7290006554413,false,עוגיות מרוקאיות ארקד,"ארקד מוצרי אפיה בע""מ",,עוגיות מרוקאיות ארקד,יחידה,300.00,יחידה,false,,18.90,0.0630,false,1,12854
7290006554703,false,עוגיות כעכים מלוחים,יצרן 794,,כעכים מלוחים 400 גר',גרמים,400.00,100 גרם,false,,18.90,0.0472,false,1,62346
7290006554710,false,עוגיות מקלות מלוחים,יצרן 794,,מקלות מלוחים 400 גר',גרמים,400.00,100 גרם,false,,18.90,0.0472,false,1,62347
7290006554758,false,עוגיות מלוחות ללא סו,"ארקד מוצרי אפיה בע""מ",,עוגיות מלוחות ללא סו,גרמים,250.00,100 גרם,false,,18.90,0.0756,false,1,69238
7290006567048,false,פתיתי קוסקוס ישראלי אסם (350 גרם),קבוצת אוסם סחר שותפות מוגבלת,,פתיתי קוסקוס ישראלי,גרמים,350.00,100 גרם,false,,8.00,0.0229,false,1,6128
7290006573544,false,מיני קוראסון שקדים ב,,,מיני קוראסון שקדים ב,קילוגרמים,1.00,"ק""ג",true,,49.90,49.9000,true,1,33438
7290006618078,false,"מרסס לניקוי יסודי מטבח אסטוניש 750 מ""ל","יעקב יעקבי ובניו בע""מ",,אסטוניש מרסס למטבח,מיליליטרים,750.00,"100 מ""ל",false,,11.90,0.0159,true,1,14973
7290006618085,false,"אסטוניש תרסיס ניקוי אמבטיה וכיורים יעקבי 750 מ""ל",יעקב יעקבי ובניו בע`מ,,אסטוניש מרסס לאמבט,מיליליטרים,750.00,"100 מ""ל",false,,11.90,0.0159,true,1,14974
7290006618610,false,הפי ספוגיות לניקוי כלים חלביים ובשריים יעקבי 6 יחידות,יעקב יעקבי ובניו בעמ,,ספוגיות לכלים חלבי ב,יחידה,0.00,יחידה,false,,8.90,0.0000,true,1,14981
7290006625021,false,גאודה עיזים הולנדית,,,גאודה עיזים הולנדית,קילוגרמים,1.00,"ק""ג",true,,127.00,127.0000,true,1,20260
7290006652027,false,במבה חטיף בוטנים אסם 20*15 גרם,קבוצת אוסם סחר שותפות מוגבלת,,מארז 20 במבה,גרמים,300.00,100 גרם,false,,26.00,0.0867,false,1,6130
7290006653765,false,פרפקטו פסטה פטוצ'יני אסם 500 גרם,קבוצת אוסם סחר שותפות מוגבלת,,פסטה פרפקטו פטוצ'יני,גרמים,500.00,100 גרם,false,,7.70,0.0154,false,1,6135
7290006653819,false,קוסקוס אמיתי דק בשקית 350 גרם,קבוצת אוסם סחר שותפות מוגבלת,,קוסקוס דק אסם,גרמים,350.00,100 גרם,false,,8.00,0.0229,false,1,6136
7290006660596,false,קמח עדשים אדומות ללא גלוטן דגש 500 גרם,אף.סי תבליני בגליל ב,,דגש קמח עדשים אדומות,גרמים,500.00,100 גרם,false,,16.90,0.0338,true,1,77181
7290006660602,false,מי קוקוס אורגני גרין קוקו קרטונית 1 ליטר,תות תעשיות מזון (201,,משקה מי קוקוס אורגני,ליטרים,1.00,ליטר,false,,18.90,18.9000,true,1,76290
7290006664051,false,"אקטימל לבן 1.51 ק""ג מארז 14 יחידות",שטראוס גרופ בעמ/מצונן,,מארז אקטימל טבעי 1.6,ליטרים,1.40,ליטר,false,,29.90,21.3571,false,1,7154
7290006664310,false,גבינה לבנה 3% שומן 250 ג' שטראוס,שטראוס גרופ בעמ/מצונן,,סקי 3% 250 גר,גרמים,250.00,100 גרם,false,,4.75,0.0190,false,1,4478
7290006664402,false,גבינה לבנה סקי 5% שומן 750 גרם,שטראוס גרופ בעמ/מצונן,,גבינת סקי 5% 750 גר',גרמים,750.00,100 גרם,false,,14.94,0.0199,false,1,4479
7290006664532,false,יוגורט עם תות 3% שומן 150 ג' דנונה,שטראוס גרופ בעמ/מצונן,,דנונה תות 1.5%,מיליליטרים,150.00,"100 מ""ל",false,,3.60,0.0240,false,1,7160
7290006664655,false,דנונה Actimel יוגורט טבעי 8*100 מ``ל,שטראוס גרופ בעמ/מצונן,,שמיניה אקטימל טבעי 1,מיליליטרים,800.00,"100 מ""ל",false,,21.10,0.0264,false,1,7163
7290006664693,false,יוגורט עם אפרסק 3% שומן 150 ג' דנונה,שטראוס גרופ בעמ/מצונן,,דנונה אפרסק 3%,מיליליטרים,150.00,"100 מ""ל",false,,3.60,0.0240,false,1,7164
7290006664990,false,"יוגורט דנונה ביו לבן 1.7% שומן 8*150 מ""ל",שטראוס גרופ בעמ/מצונן,,מארז יוגורט ביו 1.5%,ליטרים,1.20,ליטר,false,,16.80,14.0000,true,1,7168
7290006677334,false,תה טיבטי פורטה קלאסי90שק,SHALPHARM HMZRAH (SODOT,,תה טיבטי קלאסי פורטה,יחידה,0.00,יחידה,false,,42.90,0.0000,true,1,20445
7290006681003,false,גלידה תות לימון סורבה 1.33 ל' קרמיסימו,"גלידת שטראוס בע""\מ, רחוב",,קרמיסימו סורבה תות ל,ליטרים,1.33,ליטר,false,,24.90,18.7218,false,1,7672
7290006681089,false,"מארז מיני שלגונים שוקו וניל ""שטראוס""","גלידת שטראוס בע""\מ, רחוב",,מאגדת לייט מיני סנדב,גרמים,250.00,100 גרם,false,,27.90,0.1116,true,1,7674
7290006681553,false,קרמבו בטעם וניל שטראוס 8 יחידות,"גלידות שטראוס בע""מ",,קרמבו וניל שמיניה,יחידה,0.00,יחידה,false,,15.90,0.0000,true,1,7678
7290006681560,false,קרמבו בטעם מוקה שטראוס 8 יחידות,"גלידות שטראוס בע""מ",,קרמבו שמיניה,גרמים,200.00,100 גרם,false,,15.90,0.0795,true,1,7679
7290006681577,false,מאגדת קרחון אסקימו לימון דובדובן 10 יח' שטראוס,"מיוצר ע""\י גלידת שטראוס",,מאגדת קרחונים אסקימו,יח',10.00,יח',false,,17.90,1.7900,false,1,7680
7290006696717,false,תירוש ענבים טבעי מוסקט אפרת (1 ליטר),יקב טפרברג 1870 בעמ (יינות ומש,,מיץ מוסקט לבן 1 ליטר,ליטרים,1.00,ליטר,false,,13.90,13.9000,true,1,62712
7290006704269,false,חסה עגולה יח',"מרינה פטריות הגליל בע""מ",,חסה עגולה,יחידה,0.00,יחידה,false,,6.90,0.0000,true,1,66128
7290006704511,false,"תפו""א גמדי אדום למיקרו מרינה 750ג'","מרינה פטריות הגליל בע""מ",,"תפ""א למיקרוגל לבן גמ",יחידה,0.00,יחידה,false,,6.90,0.0000,true,1,19181
7290006704573,false,בצל ירוק א שער מגש,"מרינה פטריות הגליל בע""מ",,בצל ירוק,יחידה,0.00,יחידה,false,,4.90,0.0000,true,1,76040
7290006704757,false,סלרי ראש מרינה,פאר לי שיווק פירות וירקות בע*ש,,סלרי ראש מרינה,יחידה,0.00,יחידה,false,,5.90,0.0000,true,1,76046
7290006707369,false,כרעיים עוף ללא אנטיביוטיקה במגש ע.טוב,עוף טוב,,כרעיים פטם במגש טרי,קילוגרמים,1.00,"ק""ג",true,,28.90,28.9000,true,1,34321
7290006707383,false,עוף טוב שוקיים עוף טרי ארוז,עוף טוב (שאן) בעמ,,שוקיים ארוז טרי,קילוגרמים,1.00,"ק""ג",true,,29.90,29.9000,true,1,31158
7290006707390,false,עוף טוב פרגיות טרי ארוז,עוף טוב (שאן) בעמ,,פרגיות טרי במגש,קילוגרמים,1.00,"ק""ג",true,,66.90,66.9000,true,1,34323
7290006707420,false,עוף טרי במגש מחיר לפי מש,עוף טוב,,עוף מצונן ארוז במגש,קילוגרמים,1.00,"ק""ג",true,,21.90,21.9000,true,1,34319
7290006707437,false,עוף טוב כנפיים עוף טרי ארוז,עוף טוב (שאן) בעמ,,כנפיים עוף טרי במגש,קילוגרמים,1.00,"ק""ג",true,,9.90,9.9000,true,1,30576
7290006707451,false,לבבות עוף טרי ארוז ע.ט,עוף טוב (שאן) בעמ,,לב עוף טרי במגש,קילוגרמים,1.00,"ק""ג",true,,25.90,25.9000,true,1,33409
7290006707468,false,כבד עוף טרי ארוז לצל,עוף טוב,,כבד עוף טרי ארוז,קילוגרמים,1.00,"ק""ג",true,,16.90,16.9000,true,1,32463
7290006707543,false,פילה פטם טרי במגש,עוף טוב,,פילה פטם טרי במגש,קילוגרמים,1.00,"ק""ג",true,,35.90,35.9000,true,1,34320
7290006708137,false,קוקטייל עוף טרי ארוז,עוף טוב ( שאן) בעמ,,קוקטייל עוף מצונן,קילוגרמים,1.00,"ק""ג",true,,28.90,28.9000,true,1,58052
7290006708151,false,חזה פרוס דק טרי מצונ,עוף טוב,,חזה פרוס דק טרי מצונ,קילוגרמים,1.00,"ק""ג",true,,39.90,39.9000,true,1,59510
7290006708847,false,חזה עוף טרי חצוי ארוז קג,עוף טוב,,חזה חצוי טרי ארוז עו,קילוגרמים,1.00,"ק""ג",true,,35.90,35.9000,true,1,73669
7290006712981,false,"משחת שיניים קולגייט ספיידרמן מגיל שש 50 מ""ל",הנסיך- מפעל לייצור ט,,משחת שינים קולגייט ס,מיליליטרים,50.00,"100 מ""ל",false,,10.90,0.2180,true,1,6679
7290006714428,false,רגל עגל פרוס קפוא קג,לאטי עזרא גלם ודגים,,רגל עגל פרוס,קילוגרמים,1.00,"ק""ג",true,,39.90,39.9000,true,1,431
7290006714824,false,עצמות מח קפוא ארוז קג,חיים פסקוביץ,,עצמות עגל,קילוגרמים,1.00,"ק""ג",true,,25.90,25.9000,true,1,33776
7290006724441,false,"דפי אורז מלא וטפיוקה 22 ס""מ לל""ג 270 גרם",,,ליב דפי אורז מלא 270,גרמים,270.00,100 גרם,false,,11.50,0.0426,true,1,88226
7290006724458,false,"דפי אורז וטפיוקה עגולים 22 ס""מ לל""ג 270",,,ליב דפי אורז עגולים,גרמים,270.00,100 גרם,false,,9.90,0.0367,true,1,88227
7290006724465,false,"דפי אורז טפיוקה מרובעים 22 ס""מ לל""ג 270",,,ליב דפי אורז מרובעים,גרמים,270.00,100 גרם,false,,9.90,0.0367,true,1,88228
7290006724472,false,טחינה אורגנית 500 גרם ליב,אחדות,,ליב-טחינה גולמית אור,גרמים,500.00,100 גרם,false,,15.90,0.0318,true,1,24362
7290006730077,false,ליקוקים קרחונים להקפ,קלית סיטבון בעמ,,ליקוקים קרחונים להקפ,יחידה,0.00,יחידה,false,,12.90,0.0000,true,1,13415
7290006730084,false,טרופיל COOL ללא צבעי מאכל אייס פופ,"קלית סיטבון בע""מ",,שלוק אייס פופ שמיניי,גרמים,800.00,100 גרם,false,,5.90,0.0074,true,1,82482
7290006738615,false,קבב פרימיום זהב 100% בשר זוגלובק 400 ג',נקניק נהריה כשר זוגל,,קבב זהב 400 גר'- 8 י,גרמים,400.00,100 גרם,false,,19.90,0.0497,true,1,1960
7290006739124,false,בצק עלים פילאס 500ג' זוגלובק,זוגלובק שיווק בעמ,,בצק פילאס 500 גר',גרמים,500.00,100 גרם,false,,14.90,0.0298,true,1,30966
7290006739131,false,בצק גולמי פילו זוגלובק 500ג',זוגלובק שיווק בעמ,,בצק פילו 500 גר',גרמים,500.00,100 גרם,false,,14.90,0.0298,true,1,30967
7290006739247,false,פסטרמה איטלקית זוגלו,זוגלובק,,פסטרמה איטלקית,קילוגרמים,1.00,"ק""ג",true,,79.90,79.9000,false,1,1949
7290006739407,false,שניצל תירס לייט זוגלובק (630 גרם),נקניק נהריה כשר זוגל,,שניצל תירס לייט,גרמים,630.00,100 גרם,false,,22.90,0.0363,true,1,1950
7290006739414,false,נקניק סלמי קוניאק זוגלובק 300 גרם,נקניק נהריה כשר זוגל,,סלמי קוניאק 300 גר',גרמים,300.00,100 גרם,false,,25.90,0.0863,false,1,14267
7290006739421,false,נקניק סלמי מעושן איטלקי זוגלובק 300 גרם,נקניק נהריה כשר זוגל,,סלמי מעושן איטלקי 30,גרמים,300.00,100 גרם,false,,25.90,0.0863,true,1,14268
7290006739445,false,שניצל תירס קלאסי 750 ג' זוגלובק,נקניק נהריה כשר זוגל,,שניצל תירס זוגלובק,גרמים,750.00,100 גרם,false,,22.90,0.0305,false,1,1961
7290006739544,false,כתף בקר 3% שומן זוגלובק (300 גרם),נקניק זוגלובק נהריה,,כתף בקר זוגלובק 300,גרמים,300.00,100 גרם,false,,28.90,0.0963,true,1,14269
7290006742162,false,המבורגר מזרחי זוגלובק 400 גרם,נקניק נהריה כשר זוגל,,המבורגר מזרחי 400 גר,גרמים,400.00,100 גרם,false,,19.90,0.0497,true,1,9060
7290006742278,false,פסטרמה הודו צלויה על לבנים 330 ג' זוגלובק,נקניק נהריה כשר זוגל,,פסטרממיה צלויה על לב,גרמים,330.00,100 גרם,false,,25.90,0.0785,true,1,14270
7290006742292,false,פסטרמה הודו בדבש 330 ג' זוגלובק,נקניק נהריה כשר זוגל,,פסטרממיה בדבש 330 גר,גרמים,330.00,100 גרם,false,,25.90,0.0785,true,1,14271
7290006742315,false,פסטרמה חזה הודו ברביקיו 2% זוגלובק 330 גרם,נקניק נהריה כשר זוגל,,חזה הודו ברביקיו 330,גרמים,330.00,100 גרם,false,,25.90,0.0785,true,1,14273
7290006764058,false,"נשר בירה לבנה נשר בקבוק חוזר 500 מ""ל","טמפו משקאות בע""\מt\",,נשר בירה לבנה בקבוק,מיליליטרים,500.00,"100 מ""ל",false,,4.90,0.0098,true,1,17072
7290006764065,false,בירה שחורה נשר מאלט חוזר (500 מל),"טמפו משקאות בע""\ם.",,בקבוק נשר מאלט חוזר,מיליליטרים,500.00,"100 מ""ל",false,,4.60,0.0092,false,1,3893
7290006764072,false,"בירה גולדסטאר בקבוק 500 מ""ל חוזר","טמפו משקאות בע""\מ",,גולדסטאר בירה בקבוק,מיליליטרים,500.00,"100 מ""ל",false,,6.70,0.0134,false,1,3894
7290006764096,false,"בירה איגל 500 מ""ל 3.8% בקבוק חוזר","טמפו משקאות בע""\מ",,בירה איגל 3.8% חוזר,מיליליטרים,500.00,"100 מ""ל",false,,4.90,0.0098,false,1,65927
7290006764157,false,"בירה גולדסטאר Unfiltered, בירה לא מסוננת, בקבוק חוזר 500 מ""ל",פארייפאבה אגרואינדוס,,גולדסטאר לא מסונן חו,מיליליטרים,500.00,"100 מ""ל",false,,7.50,0.0150,true,1,74764
7290006764478,false,"בירה נשר מאלט בקבוק זכוכית 330 מ""ל",החברה המרכזית להפצת משקאות בעמ,,נשר מאלט בקבוק 330 מ,מיליליטרים,330.00,"100 מ""ל",false,,4.20,0.0127,true,1,11512
7290006764485,false,"בירה שחורה נשר מאלט שישייה ח""פ 330*6 מ''ל","טמפו משקאות בע""\ם.",,נשר מאלט שישייה בקבו,ליטרים,1.98,ליטר,false,,28.90,14.5960,false,1,3896
7290006764737,false,בירה נשר מאלט דלת קלוריות ללא אלכוהול 500 מל,"טמפו משקאות בע""\ם.",,בקבוק דיאט נשר מאלט,מיליליטרים,500.00,"100 מ""ל",false,,4.60,0.0092,false,1,3898
7290006775023,false,עוגה אנגלית אחוה (450 גרם)אחוה,אחדות ביתחרושת לטחינה חלבה,,עוגה אנגלית אחוה,גרמים,450.00,100 גרם,false,,9.90,0.0220,true,1,5356
7290006775030,false,עוגת שוקו צ`יפס אחוה (450 גרם)אחוה,אחדות ביתחרושת לטחינה חלבה,,עוגה שוקו ציפס 450 ג,גרמים,450.00,100 גרם,false,,9.90,0.0220,true,1,5357
7290006775085,false,עוגת שמרים שוקולד אחוה (400 גרם),אחדות ביתחרושת לטחינה חלבה,,עוגת שמרים שוקולדאחו,גרמים,400.00,100 גרם,false,,11.00,0.0275,true,1,5360
7290006775344,false,עוגת שמרים במילוי קרם קינמון אחוה 400 גרם,אחדות ביתחרושת לטחינה חלבה,,עוגת שמרים קינמון וא,גרמים,400.00,100 גרם,false,,11.00,0.0275,true,1,5362
7290006775764,false,אחוה עוגת שוק`צ`יפס ללא סוכר 400 גר,אחדות ביתחרושת לטחינה חלבה,,עוגת שוקולד צ'יפס לל,גרמים,400.00,100 גרם,false,,11.50,0.0288,true,1,13421
7290006775795,false,עוגת תפוחי עץ עם מילוי מעודן אחוה 450 גרם,"אחדות ביח""ר לטחינה ח",,"עוגת תפ""ע אחווה",יחידה,450.00,יחידה,false,,11.50,0.0256,true,1,5364
7290006775894,false,אחדות עוגת שיש ללא תוספת סוכר 400 גרם,"אחדות ביח""ר לטחינה ח",,עוגת שיש ללא סוכר אח,יחידה,400.00,יחידה,false,,11.50,0.0288,true,1,13423
7290006785633,false,שקית 10 בלונים מיטלי,שמחה זה אנחנו בע`מ,,בלונים,יחידה,0.00,יחידה,false,,6.40,0.0000,true,1,34529
7290006788405,false,"קרליין - נושם אקטיב דאודורנט רול און לאישה ברודו 75 מ""ל",החברה הדרומית לשיווק בעמ,,רול און קרליין,גרמים,75.00,100 גרם,false,,12.90,0.1720,true,1,18621
7290006788412,false,"קרליין - נושם אקווה דאודורנט רול און לאישה כחול 75 מ""ל",החברה הדרומית לשיווק בעמ,,רול און קרליין,גרמים,50.00,100 גרם,false,,12.90,0.2580,true,1,18622
7290006788436,false,"קרליין - נושם פיור דאודורנט רול און לאישה ורוד 75 מ""ל",החברה הדרומית לשיווק בעמ,,רול און קרליין,גרמים,75.00,100 גרם,false,,12.90,0.1720,true,1,18624
7290006788443,false,"קרליין - נושם אוקסיג'ן דאודורנט רול און לאישה סגול 75 מ""ל",החברה הדרומית לשיווק בעמ,,רול און קרליין,גרמים,75.00,100 גרם,false,,12.90,0.1720,true,1,18625
7290006788504,false,"קרליין - נושם אוקסיג'ן דאודורנט ספריי לאישה סגול 200 מ""ל",החברה הדרומית לשיווק בעמ,,דאודורנט קרליין,מיליליטרים,200.00,"100 מ""ל",false,,12.90,0.0645,true,1,18631
7290006805355,false,"פילסברי, כדורים בטעם שוקולד, תערובת להכנת כדורים בטעם שוקולד. 500 גרם.",הדקלאים אגודת שיתופי,,תערובת כדורי שוק,גרמים,500.00,100 גרם,false,,17.90,0.0358,true,1,9703
7290006805850,false,תערובת להכנת פנקייקס פילסברי (500 גרם),הדקלאים אגודת שיתופי,,תערובת להכנת פנקייקס,גרמים,500.00,100 גרם,false,,17.90,0.0358,true,1,9704
7290006822192,false,נקטר דיאט חמוציות אושן ספריי פריגת 1 ליטר,החברה המרכזית להפצת משקאות בעמ,,מיץ חמוציות דיאט אוש,ליטרים,1.00,ליטר,false,,12.90,12.9000,false,1,7328
7290006855190,false,חטיף תמרים ואגוזי מלך עם בננה ללא תוספת סוכר,טבעית מוצרים מן הטבע בעמ,,ברבריא חטיף תמר א.מל,גרמים,120.00,100 גרם,false,,16.00,0.1333,true,1,90435
7290006855206,false,חטיף בר שזיפים קוקוס ואוכמניות מארז 120 גרם,טבעית מוצרים מן הטבע,,חטיף בר שזיפים קוקוס,גרמים,120.00,100 גרם,false,,16.00,0.1333,true,1,32965
7290006855244,false,ברבריא חטיף שקדים צימוקים ודבש 120 גרם,טבעית מוצרים מן הטבע בעמ,,חטיף בר אגוזים שקדים,גרמים,120.00,100 גרם,false,,16.00,0.1333,true,1,32966
7290006855251,false,ברבריא חטיף קשיו חמוציות וסילאן 120 גרם,טבעית מוצרים מן הטבע בעמ,,חטיף בר קשיו אגוזי מ,גרמים,120.00,100 גרם,false,,16.00,0.1333,true,1,32967
7290006866363,false,מיץ סחוט אשכוליות אדומות פרימור 1 ליטר,שטראוס גרופ בעמ/מצונן,,פרימור מיץ אשכולית א,ליטרים,1.00,ליטר,false,,15.90,15.9000,true,1,12069
7290006899187,false,סרמוני תה - 20 לימונית לואיזה - קופסת פירמידה,תה סרמוני בעמ,,סרמוני תה לימונית ול,גרמים,30.00,100 גרם,false,,16.90,0.5633,true,1,66267
7290006899224,false,סרמוני תה - 20 ירוק יסמין - קופסת פירמידה,תה סרמוני בעמ,,סרמוני תה ירוק יסמין,גרמים,40.00,100 גרם,false,,16.90,0.4225,true,1,118464
7290006899255,false,סרמוני תה - 20 ארל גריי - קופסת פירמידה,תה סרמוני בעמ,,תה סרמוני ארל גריי,גרמים,40.00,100 גרם,false,,16.90,0.4225,true,1,66268
7290006899293,false,סרמוני תה - 20 צ'אי הודי - קופסת פירמידה,תה סרמוני בעמ,,תה סרמוני צ'אי,גרמים,40.00,100 גרם,false,,16.90,0.4225,true,1,66269
7290006899316,false,תה סרמוני סנצה יפני 20 שקיות,תה סרמוני בעמ,,סרמוני תה ירוק סנצ'ה,גרמים,40.00,100 גרם,false,,16.90,0.4225,true,1,66270
7290006899354,false,סרמוני תה - 20 פרחי קמומיל - קופסת פירמידה,תה סרמוני בעמ,,תה סרמוני קמומיל,גרמים,21.00,100 גרם,false,,16.90,0.8048,true,1,66263
7290006899705,false,תה סרמוני ירוק לימונ,תה סרמוני בעמ,,סרמוני תה ירוק לימונ,גרמים,44.00,100 גרם,false,,16.90,0.3841,true,1,87585
7290006908360,false,שקדים קלויים פיצוחי חממה (150 גרם),בוטנת בעמ,,שקד קלוי 150 גר',גרמים,150.00,100 גרם,false,,13.90,0.0927,true,1,59726
7290006908384,false,פיסטוק חלבי פיצוחי חממה (150 גרם),בוטנת בעמ,,פיסטוק קלוי 150 גר',גרמים,150.00,100 גרם,false,,14.90,0.0993,true,1,59727
7290006908391,false,אגוזי קשיו קלויים פיצוחי חממה (150 גרם),בוטנת בעמ,,קשיו קלוי 150 גר',גרמים,150.00,100 גרם,false,,12.50,0.0833,true,1,59728
7290006908667,false,שזיף מגולען 200 גרם,בוטנת בעמ חברה לקלייה ואריזת פ,,שזיף מגולען 200 גר',גרמים,200.00,100 גרם,false,,11.50,0.0575,true,1,17510
7290006983152,false,קרוטונים מתובלים למרק אסם (400 גרם),קבוצת אוסם סחר שותפות מוגבלת,,קרוטונים מתובלים למר,גרמים,400.00,100 גרם,false,,18.90,0.0472,true,1,6146
7290006983176,false,קרקר לחמית שיפון אסם (230 גרם),קבוצת אוסם סחר שותפות מוגבלת,,לחמית שיפון,גרמים,230.00,100 גרם,false,,8.70,0.0378,true,1,6147
7290006983206,false,תערובת להכנת פלפל קלי קלות 180 גרם,קבוצת אוסם סחר שותפות מוגבלת,,פלאפל בקלי קלות 180,גרמים,180.00,100 גרם,false,,9.70,0.0539,true,1,6148
7290006983527,false,עוגת הבית תפוחי עץ עם פירורים 400 ג' אסם,קבוצת אוסם סחר שותפות מוגבלת,,עוגת הבית תפוחים עם,גרמים,400.00,100 גרם,false,,18.00,0.0450,false,1,176
7290006983763,false,עוגת הבית בטעם שוקולד אסם (400 גרם),קבוצת אוסם סחר שותפות מוגבלת,,עוגת הבית שוקולד,גרמים,400.00,100 גרם,false,,13.90,0.0348,false,1,64022
7290006983770,false,עוגת הבית שיש אסם (400 גרם),קבוצת אוסם סחר שותפות מוגבלת,,עוגת הבית שיש,גרמים,400.00,100 גרם,false,,13.90,0.0348,false,1,178
7290006983787,false,עוגת הבית שוקולד צ'יפס אסם 400 גרם,קבוצת אוסם סחר שותפות מוגבלת,,עוגת הבית שוקולד,גרמים,400.00,100 גרם,false,,13.90,0.0348,false,1,179
7290006983794,false,עוגת הבית בטעם תפוז אסם 400 גרם,קבוצת אוסם סחר שותפות מוגבלת,,עוגת הבית תפוז,גרמים,400.00,100 גרם,false,,13.90,0.0348,false,1,180
7290006992185,false,"מטרנה - דייסת אורז פרוביוטי כשל""פ 200 גרם",קבוצת אוסם סחר שותפות מוגבלת,,דייסת מטרנה אורז 200,גרמים,200.00,100 גרם,false,,13.90,0.0695,false,1,6155
7290006992208,false,מטרנה דייסת 8 דגנים מעורבים 200 גרם,קבוצת אוסם סחר שותפות מוגבלת,,דייסת דגנים 200,גרמים,200.00,100 גרם,false,,13.90,0.0695,false,1,6157
7290006992864,false,"לה קט חתלתולים 2.85 ק""ג",united pet food,,לה קט עוף חתלתולים 2,קילוגרמים,2.85,"ק""ג",false,,59.90,21.0175,true,1,33217
7290008000796,false,"סופרמן משחת שיניים לילדים בטעם פירות כצט 50 מ""ל",גורי ע.ע.ע. בע`מ,,סופרמן מ.שיניים,מיליליטרים,50.00,"100 מ""ל",false,,10.90,0.2180,true,1,17923
7290008000826,false,"משחת שיניים לילדים בטעם פירות לגילאים 2-6 כצט 50 מ""ל",גורי ע.ע.ע. בע`מ,,משחת שיניים לילדים ב,מיליליטרים,50.00,"100 מ""ל",false,,10.90,0.2180,true,1,17924
7290008023542,false,שמפו לרצפות בניחוח יסמין סיף פנטסטיק 4 ליטר,יוניליוור ישראל שיווק בע`מ,,שמפו רצפות 4 ליט,ליטרים,4.00,ליטר,false,,19.90,4.9750,false,1,14468
7290008084956,false,בייבי פסטה משחה לתינוק,בייבי פסטה,,בייבי פסטה משחה לתינ,גרמים,120.00,100 גרם,false,,15.90,0.1325,true,1,11922
7290008154222,false,שניצלונים עוף טוב 700 גרם,קבוצת אוסם סחר-שות.מוגבלת,,עוף טוב שניצלונים 70,גרמים,700.00,100 גרם,false,,18.90,0.0270,false,1,182
7290008175173,false,חמאה מפינלנד ללא מלח 200 גרם ויליפוד,ג.וילי-פוד אינטרנשיונל **גבינו,,חמאה ללא מלח 200 גר,גרמים,200.00,100 גרם,false,,10.90,0.0545,true,1,5447
7290008175210,false,גבינת פרמזן מגורדת 90ג' ויליפוד,ג.וילי-פוד אינטרנשיונל **גבינו,,גבינה פרמזן,גרמים,90.00,100 גרם,false,,15.90,0.1767,true,1,5448
7290008175814,false,וילי פוד פטריות שמפיניון חתוך בדץ 400ג,ג.וילי-פוד אינטרנשיונל בעמ,,פטריות שמפניון חתוכו,גרמים,400.00,100 גרם,false,,4.90,0.0123,false,1,3117
7290008190909,false,עוגיות מיני קוקיס שוקולד צ'יפס בצנצנת כרמית 600 גרם,כרמית תעשיות ממתקים בעמ,,עוגיות מיני קוקיס כר,גרמים,600.00,100 גרם,false,,15.90,0.0265,true,1,7848
7290008263030,false,פסטה פנה מלא אורגני הרדוף 500 גרם,פסטיפיסוי פליצ'טי,,פסטה פנה מקמח מלא,גרמים,500.00,100 גרם,false,,9.90,0.0198,true,1,10452
7290008263214,false,ממרח חרובים אורגני-הרדוף 350 גר,ברינקרס פוד,,ממרח חרובים אורגני,גרמים,350.00,100 גרם,false,,22.90,0.0654,true,1,10455
7290008263535,false,ממרח שוקולד אורגני-הרדוף 350 גר,ברינקרס פוד,,ממרח שוקולד אורגני 3,גרמים,350.00,100 גרם,false,,22.90,0.0654,true,1,70997
7290008263597,false,קוואקר אורגני הרדוף 500 גרם,אול אורגני,,קוואקר אורגני הרדוף,גרמים,500.00,100 גרם,false,,9.90,0.0198,true,1,10461
7290008263641,false,קוואקר עדין אורגני 500 גרם - הרדוף,אול אורגני,,קוואקר עדין אורגני 5,גרמים,500.00,100 גרם,false,,9.90,0.0198,true,1,10464
7290008330107,false,מרכך כביסה סגול בדין (4 ליטר),יוניליוור ישראל שיווק בע`מ,,בדין 4 ליטר מרען,ליטרים,4.00,ליטר,false,,19.90,4.9750,false,1,2158
7290008335515,false,אגרול+רוטב חמוץ/מתוק600ג,נטו מילנדה סחר בעמ*,,אגרול סיני,גרמים,600.00,100 גרם,false,,12.90,0.0215,true,1,46986
7290008335539,false,פלמיני במלית בשר 600 גר`שלושת האופים,נטו מלינדה סחר בע`מ,,פלמיני בשר,גרמים,600.00,100 גרם,false,,12.90,0.0215,true,1,46987
7290008335546,false,ורניקי במלית תפוא 600 גר` שלושת האופים,נטו מלינדה סחר בע`מ,,"ורניקי תפו""א 600",גרמים,600.00,100 גרם,false,,12.90,0.0215,true,1,46988
7290008335553,false,קובה בשר וצנובר 600ג שלושת האופים,נטו מילנדה סחר בעמ*,,קובה בשר וצנובר,גרמים,600.00,100 גרם,false,,12.90,0.0215,true,1,46989
7290008335560,false,סיגרים עם בשר שלשת האופים,האי נאם סי או אל.טי.,,סיגרים בשר,גרמים,600.00,100 גרם,false,,12.90,0.0215,true,1,46990
7290008335577,false,"פסטלים במילוי תפו""א 600ג",האי נאם סי או אל.טי.,,"פסטל תפ""א",גרמים,600.00,100 גרם,false,,12.90,0.0215,true,1,46991
7290008335584,false,סיגרים עם תפוחי אדמה שלשת האופים,האי נאם סי או אל.טי.,,"סיגרים תפ""א",גרמים,600.00,100 גרם,false,,12.90,0.0215,true,1,46992
7290008343466,false,בצק פילו שלושת האופים (500 גרם),שלושת האופים שגמור,,בצק פילו 500 גר',גרמים,500.00,100 גרם,false,,18.90,0.0378,true,1,11342
7290008347211,false,אצבעות דג מצופות דלידג (700 גרם),אף.סי תבליני בגליל ב,,אצבעות דג 700 גרם,גרמים,700.00,100 גרם,false,,22.90,0.0327,true,1,11359
7290008403498,false,גבינת גרנה פדנה,אמברוסי,,גבינת גרנה פדנה,קילוגרמים,1.00,"ק""ג",true,,169.90,169.9000,true,1,67288
7290008408073,false,"EVEN קרם קרטין טיפולי לשיער צבוע/פגום 500 מ""ל",י.שיאון,,מים מזוקקים 4 ל',ליטרים,4.00,ליטר,false,,13.90,3.4750,true,1,17450
7290008409049,false,שניצלונים בציפוי שומשום מיני מיני דק מאמא עוף 500 גרם,תנובה מרכז שיתופי לשיווק תוצרת,,מיני מיני שניצלונים,גרמים,500.00,100 גרם,false,,24.90,0.0498,false,1,24031
7290008409100,false,אצבעות שניצל בציפוי שומשום מאמא עוף 700 גרם,תנובה גליל שותפות מוגבלת,,אצבעות שניצל בציפוי,גרמים,700.00,100 גרם,false,,31.90,0.0456,false,1,989
7290008409124,false,מאמא עוף קפוא שניצל ג'ונגל פריך 700 גרם,תנובה מרכז שיתופי לשיווק תוצרת,,שניצל ג'ונגל מאמא עו,גרמים,700.00,100 גרם,false,,31.90,0.0456,false,1,8435
7290008409216,false,מאמא עוף קפוא שניצל דק פריך 700 גרם,תנובה מרכז שיתופי לשיווק תוצרת,,שניצל דק פריך מאמא ע,גרמים,700.00,100 גרם,false,,37.90,0.0541,false,1,8437
7290008409223,false,שניצל דק דק מתובל מאמא עוף (700 גרם),תנובה מרכז שיתופי לשיווק תוצרת,,שניצל דק מתובל מאמא,גרמים,700.00,100 גרם,false,,37.90,0.0541,false,1,8438
7290008409315,false,שניצלונים בציפוי פריך מיני מיני דק מאמא עוף 500 גרם,תנובה מרכז שיתופי לשיווק תוצרת,,מיני מיני דק שניצלונ,גרמים,500.00,100 גרם,false,,24.90,0.0498,false,1,24029
7290008409407,false,שניצל דק דק צ`יפס מאמא עוף (700 גרם),תנובה גליל שותפות מוגבלת,,שניצל דק צ'יפס,גרמים,700.00,100 גרם,false,,37.90,0.0541,false,1,8440
7290008409551,false,שניצל עוף אמיתי בציפוי מעודן 700 ג' מאמא עוף,תנובה מרכז שיתופי לשיווק תוצרת,,שניצל מעודן,גרמים,700.00,100 גרם,false,,37.90,0.0541,false,1,8442
7290008409582,false,שניצל עוף אמיתי בציפוי ביתי מאמא עוף 700 גרם,תנובה מרכז שיתופי לשיווק תוצרת,,שניצל אמיתי ביתי,גרמים,700.00,100 גרם,false,,37.90,0.0541,false,1,8445
7290008415071,false,צבר חומוס עם טחינה עגול 150 גרם,קבוצת אוסם סחר שותפות מוגבלת,,חומוס עם טחינה 150 ג,גרמים,150.00,100 גרם,false,,4.80,0.0320,true,1,6172
7290008415514,false,צבר חומוס עם חריף עגול 150 גרם,קבוצת אוסם סחר שותפות מוגבלת,,חומוס צבר חריף 150גר,גרמים,150.00,100 גרם,false,,4.80,0.0320,true,1,6175
7290008417006,false,פפריקה מתוקה עם שמן בצנצנת 100 גרם,הקולה על הדרך,,פפריקה מתוקה עם שמן,גרמים,100.00,100 גרם,false,,8.40,0.0840,true,1,9105
7290008417020,false,פפריקה חריפה 110,נווה תבלין,,פפריקה חריפה,גרמים,100.00,100 גרם,false,,8.40,0.0840,true,1,9107
7290008417037,false,פלפל שחור טחון במיכל,נווה תבלין,,פלפל שחור טחון במיכל,גרמים,80.00,100 גרם,false,,8.40,0.1050,true,1,9108
7290008417044,false,פלפל שחור גרוס במיכל,נווה תבלין,,פלפל שחור גרוס במיכל,גרמים,80.00,100 גרם,false,,8.40,0.1050,true,1,9109
7290008417068,false,כמון מזרחי מיכל פלסט,נווה תבלין,,כמון מזרחי מיכל פלסט,גרמים,110.00,100 גרם,false,,8.40,0.0764,true,1,9111
7290008417075,false,כורכום טחון מיכל פלס,נווה תבלין,,כורכום טחון מיכל פלס,גרמים,110.00,100 גרם,false,,8.40,0.0764,true,1,9112
7290008417105,false,קינמון טחון 110,נווה תבלין,,קינמון טחון,גרמים,120.00,100 גרם,false,,8.40,0.0700,true,1,9115
7290008417112,false,תבלין מלח לימון,נווה תבלין,,תבלין מלח לימון,גרמים,130.00,100 גרם,false,,8.40,0.0646,true,1,9116
7290008417129,false,עלי דפנה במיכל פלסטי,נווה תבלין,,עלי דפנה במיכל פלסטי,גרמים,35.00,100 גרם,false,,8.40,0.2400,true,1,9117
7290008417150,false,תבלין קארי טחון,נווה תבלין,,תבלין קארי טחון,גרמים,110.00,100 גרם,false,,8.40,0.0764,true,1,9119
7290008417167,false,קימל טחון/שלם,נווה תבלין,,קימל טחון/שלם,גרמים,110.00,100 גרם,false,,8.40,0.0764,true,1,9120
7290008417204,false,תבלין לשווארמה 110,נווה תבלין,,תבלין לשווארמה,גרמים,110.00,100 גרם,false,,8.40,0.0764,true,1,9124
7290008417228,false,תבלין על אש 110,נווה תבלין,,תבלין על האש,גרמים,110.00,100 גרם,false,,8.40,0.0764,true,1,9126
7290008417242,false,תבלין אורגנו,נווה תבלין,,תבלין אורגנו,גרמים,50.00,100 גרם,false,,8.40,0.1680,true,1,9128
7290008417259,false,תבלין לקציצות 110גרם,נווה תבלין,,תבלין לקציצות,גרמים,110.00,100 גרם,false,,8.40,0.0764,true,1,9129
7290008417266,false,זעתר עם שומשום מיכל,נווה תבלין,,זעתר עם שומשום מיכל,גרמים,110.00,100 גרם,false,,8.40,0.0764,true,1,9130
7290008417273,false,כוסברה ירק / שלם,נווה תבלין,,כוסברה ירק / שלם,גרמים,40.00,100 גרם,false,,8.40,0.2100,true,1,9131
7290008417280,false,אגוז מוסקט טחון 60 ג,נווה תבלין,,אגוז מוסקט - שלם / ט,גרמים,60.00,100 גרם,false,,8.40,0.1400,true,1,9132
7290008417372,false,תבלין לגריל עוף 120,נווה תבלין,,תבלין גריל עוף,גרמים,110.00,100 גרם,false,,8.40,0.0764,true,1,9134
7290008417389,false,שום גבישי 110 גר,נווה התבלין,,שום גבישי,גרמים,110.00,100 גרם,false,,8.40,0.0764,true,1,9135
7290008417396,false,טימין קורנית 110,נווה תבלין,,תבלין טימין,גרמים,50.00,100 גרם,false,,8.40,0.1680,true,1,9136
7290008417440,false,פלפל שחור שלם במיכל,נווה תבלין,,פלפל שחור שלם במיכל,גרמים,80.00,100 גרם,false,,8.40,0.1050,true,1,9141
7290008417495,false,פלפל אנגלי שלם במיכל,נווה תבלין,,פלפל אנגלי שלם במיכל,גרמים,100.00,100 גרם,false,,8.40,0.0840,true,1,9144
7290008417501,false,תבלין בהרט,נווה תבלין,,תבלין בהרט,גרמים,110.00,100 גרם,false,,8.40,0.0764,true,1,9145
7290008417549,false,תבלין לפיצה 120,נווה תבלין,,תבלין לפיצה,גרמים,120.00,100 גרם,false,,8.40,0.0700,true,1,9149
7290008417600,false,פפריקה מתוקה בצנצנת,נווה תבלין,,פפריקה מתוקה 400 ג,גרמים,400.00,100 גרם,false,,20.00,0.0500,true,1,22142
7290008417617,false,מלח לימון 600 גר,נווה תבלין,,מלח לימון 600 גר,גרמים,600.00,100 גרם,false,,20.00,0.0333,true,1,1985
7290008417624,false,פפריקה מתוקה 400 גר',נווה תבלין,,פפריקה מתוקה 400 גר',גרמים,400.00,100 גרם,false,,20.00,0.0500,true,1,9150
7290008417631,false,פפריקה מתוקה 110,נווה תבלין,,פפריקה מתוקה,גרמים,100.00,100 גרם,false,,8.40,0.0840,true,1,9151
7290008417655,false,מקלות קינמון במיכל פ,נווה תבלין,,מקלות קינמון במיכל פ,גרמים,110.00,100 גרם,false,,8.40,0.0764,true,1,9153
7290008417693,false,תבלין לדג עם שום,נווה תבלין,,תבלין לדג עם שום,גרמים,120.00,100 גרם,false,,8.40,0.0700,true,1,9102
7290008417723,false,תבלין קצח,נווה תבלין,,תבלין קצח,גרמים,90.00,100 גרם,false,,8.40,0.0933,true,1,9156
7290008417808,false,חילבה שלם,נווה תבלין,,חילבה שלם,יחידה,0.00,יחידה,false,,8.40,0.0000,true,1,9158
7290008417815,false,פפריקה מתוקה מעושנת,נווה תבלין,,פפריקה מתוקה מעושנת,גרמים,90.00,100 גרם,false,,8.40,0.0933,true,1,24151
7290008425186,false,זיתים אורגניים סורי400גר,,,זיתים סורים 400 גרם,גרמים,400.00,100 גרם,false,,22.90,0.0572,true,1,74906
7290008425339,false,"נקטר שזיף סמדר 330 מ""ל",,,"נקטר שזיף 330 מ""ל",מיליליטרים,330.00,"100 מ""ל",false,,12.90,0.0391,true,1,81167
7290008425483,false,נקטר אפרסק 1 ליטר אורגני,,,נקטר אפרסק 1 ליטר,ליטרים,1.00,ליטר,false,,22.90,22.9000,true,1,79265
7290008425513,false,מיץ תפוחים טבעי אורגני 1 ליטר,,,מיץ תפוחים אורגני 1,מיליליטרים,1000.00,"100 מ""ל",false,,24.90,0.0249,true,1,118866
7290008425575,false,סילאן אורגני 710 גרם,,,סילאן אורגני 710 גר',גרמים,710.00,100 גרם,false,,39.90,0.0562,true,1,68736
7290008443616,false,"מרכך לשיער יבש אדום נקה 7 750 מ""ל",החברה הדרומית לשיווק בעמ,,נקה 7-מייצב יבש אדו,מיליליטרים,750.00,"100 מ""ל",false,,11.90,0.0159,true,1,18669
7290008443630,false,"שמפו לשיער מתולתל סגול נקה 7 750 מ""ל",החברה הדרומית לשיווק בעמ,,נקה 7-שמפו מתולתל ס,מיליליטרים,750.00,"100 מ""ל",false,,11.90,0.0159,true,1,18671
7290008443647,false,"מרכך לשיער מתולתל סגול, 750 מ""ל נקה 7",החברה הדרומית לשיווק בעמ,,נקה 7-מייצב מתולתל ס,מיליליטרים,750.00,"100 מ""ל",false,,11.90,0.0159,true,1,18672
7290008461221,false,סרדינים רוברט בשמן חמניות 115 גרם,א. סיימן סחר בעמ,,סרדין רוברט בשמן 115,גרמים,115.00,100 גרם,false,,6.90,0.0600,true,1,11361
7290008461238,false,"סרדינים בשמן חמניות ופלפל חריף רוברט 84 גרם, 115 גרם",א. סיימן סחר בעמ,,סרדין רוברט חריף בשמ,גרמים,115.00,100 גרם,false,,6.90,0.0600,true,1,11362
7290008461283,false,גבינת טריפל צ'דר חצי קשה הגבינות של נני 200 גרם,שבינגטון,,צ'דר טריפל 200 גר,גרמים,200.00,100 גרם,false,,22.90,0.1145,true,1,67994
7290008462204,false,חרדל דיז'ון מקורי נטו מאי 380 גרם,א. סיימן סחר בעמ,,חרדל דיזו'ן MAILLE,גרמים,380.00,100 גרם,false,,14.90,0.0392,true,1,11364
7290008462259,false,חרדל דיז'ון גרגירים מיילי 380 גרם,א. סיימן סחר בעמ,,חרדל דיג'ון גרגירים,גרמים,380.00,100 גרם,false,,17.50,0.0461,true,1,11365
7290008462310,false,גבינת סנט מור עיזים משקל,סואניון,,גבינת סנט מור עיזים,קילוגרמים,1.00,"ק""ג",true,,149.90,149.9000,true,1,11173
7290008464024,false,"בירה גולדסטאר Unfiltered, בירה לא מסוננת, פחית 500 מ""ל","טמפו משקאות בע""מ",,פחית גולדסטאר לא מסו,מיליליטרים,500.00,"100 מ""ל",false,,8.50,0.0170,true,1,29894
7290008464130,false,"בירה גולדסטאר Unfiltered, בירה לא מסוננת, מארז שישייה, בקבוק 330 מ""ל",טמפו משקאות בעמ,,גולדסטאר לא מסונן שי,ליטרים,1.98,ליטר,false,,32.90,16.6162,false,1,25348
7290008464222,false,"בירה מכבי 7.9%, בירה חזקה, פחית 500 מ""ל","טמפו משקאות בע""\מ",,מכבי 7.9% פחית 500 מ,מיליליטרים,500.00,"100 מ""ל",false,,7.20,0.0144,true,1,59299
7290008464338,false,בירה מכבי בקבוק בודד 330 מל,טמפו משקאות בעמ,,מכבי בק' 330,יחידה,330.00,יחידה,false,,6.50,0.0197,true,1,17073
7290008464345,false,"בירה גולדסטאר, בקבוק 330 מ''ל",פארייפאבה אגרואינדוס,,גולדסטאר בק' 330,יחידה,330.00,יחידה,false,,7.00,0.0212,true,1,17074
7290008464390,false,"פחית דיאט סבן אפ 330 מ""ל",טמפו משקאות בעמ,,סבן אפ דיאט פחית,מיליליטרים,330.00,"100 מ""ל",false,,3.90,0.0118,true,1,84026
7290008464406,false,פפסי מקס – משקה מוגז דל קלוריות פחיות 300 מל' שישייה,טמפו משקאות בע`מ,,פפסי מקס פחית בו,מיליליטרים,330.00,"100 מ""ל",false,,3.90,0.0118,true,1,84027
7290008464468,false,בירה בפחית גולדסטאר (500 מל),פארייפאבה אגרואינדוס,,גולדסטאר בירה פחית 5,מיליליטרים,500.00,"100 מ""ל",false,,7.90,0.0158,false,1,3903
7290008464475,false,"בירה מכבי, פחית 500 מ""ל","טמפו משקאות בע""\מ",,מכבי בירה פחית 500 מ,מיליליטרים,500.00,"100 מ""ל",false,,6.90,0.0138,false,1,17077
7290008464505,false,סאן בנדטו מים מינרלים להחזרה 0.5 ל`,אקווה מינרלה סאן בנדטו ב,,מים סאן בנדטו,מיליליטרים,500.00,"100 מ""ל",false,,2.50,0.0050,true,1,11521
7290008464604,false,"בירה הייניקן פחית 500 מ""ל",טמפו משקאות בע''מ,,הייניקן בירה פחית 50,מיליליטרים,500.00,"100 מ""ל",false,,9.50,0.0190,false,1,3904
7290008464611,false,"הסודה של טמפו, מי סודה בגיזוז חזק, 275 מל",טמפו משקאות בעמ,,"סודה 275 מ""ל בקבוק",מיליליטרים,275.00,"100 מ""ל",false,,3.00,0.0109,true,1,74358
7290008464697,false,"בירה מכבי 7.9%, בירה חזקה, מארז שישייה, בקבוק 330 מ""ל",טמפו משקאות בעמ,,שישיית מכבי 7.9% אלכ,מיליליטרים,1980.00,"100 מ""ל",false,,32.90,0.0166,false,1,33542
7290008464703,false,"שישיית בירה מכבי בקבוק 330 מ""ל",טמפו משקאות בע''מ,,מכבי שישייה בקבוק 33,ליטרים,1.98,ליטר,false,,32.90,16.6162,false,1,17079
7290008464734,false,"שישיית בירה גולדסטאר לאגר SLOW BREW בקבוק 330 מ""ל",טמפו משקאות בע''מ,,גולדסטאר SLOW BREW,ליטרים,1.98,ליטר,false,,34.90,17.6263,false,1,68179
7290008464741,false,"בירה גולדסטאר, מארז שישייה, בקבוק 330 מ''ל","טמפו משקאות בע""\מ",,גולדסטאר שישייה בקבו,ליטרים,1.98,ליטר,false,,29.90,15.1010,false,1,3907
7290008464796,false,"בירה היינקן, מארז שישייה, בקבוק 330 מ''ל",טמפו משקאות בע''מ,,הייניקן שישייה בקבוק,ליטרים,1.98,ליטר,false,,32.90,16.6162,false,1,3909
7290008466677,false,עוגיות פרימיום ללא ס,דין שיווק,,עוגיות ללא סוכר,גרמים,300.00,100 גרם,false,,21.90,0.0730,true,1,120972
7290008466707,false,עוגיות פרימיום 200-250 גרם,דין שיווק,,עוגיות פרימיום 300 ג,גרמים,300.00,100 גרם,false,,21.90,0.0730,true,1,117711
7290008470766,false,שמינייה אורביט סטיקס בטעם פפרמינט,מרס ריגלי ישראל בעמ,,מארז שמינייה אורביט,יחידה,0.00,יחידה,false,,14.50,0.0000,true,1,27605
7290008482486,false,אבקת אינסטנט להכנת מלאבי פרווה 112ג' נאמן,נאמן לאורך זמן בעמ,,אבקת מלבי,גרמים,112.00,100 גרם,false,,7.50,0.0670,true,1,8500
7290008493413,false,פירורי לחם מאיר בייגל פירורי גריסיני 200 גרם,"דנשר (1963) בע,מ",,פירורי גריסיני 200 ג,גרמים,200.00,100 גרם,false,,6.50,0.0325,true,1,505
7290008493710,false,פרורי גריסני זהב פירורי לחם מאיר בייגל 200 גרם,"דנשר (1963) בע,מ",,פירורי גריסיני זהב 2,גרמים,200.00,100 גרם,false,,6.50,0.0325,true,1,57755
7290008499088,false,אסאדו עם עצם מנות,,,אסאדו עם עצם מנות,קילוגרמים,1.00,"ק""ג",true,,79.90,79.9000,false,1,85814
7290008609531,false,נייר אפייה 50 יח`פאלאס,פאלאס תעשיות נטו (2014) בעמ,,נייר אפיה נשלף 50 יח,יחידה,0.00,יחידה,false,,7.90,0.0000,true,1,74198
7290008644112,false,אחלה יום יום סלט מטבוחה יום יום 125 גרם,שטראוס גרופ בעמ/מצונן,,מטבוחה יום יום,גרמים,125.00,100 גרם,false,,4.60,0.0368,true,1,17650
7290008644235,false,מבחר עלי בייבי 120 גרם-טעם הטבע,שטראוס בריאות ירקות טריי,,לקט עלי בייבי שטראוס,גרמים,120.00,100 גרם,false,,9.90,0.0825,true,1,18933
7290008644945,false,סלט המושבה שטראוס 450 גר`-טעם הטבע,שטראוס בריאות ירקות טריי,,סלט המושבה שטראוס 45,גרמים,450.00,100 גרם,false,,11.90,0.0264,true,1,17656
7290008670005,false,רקנאטי גליל עליון שרדונה 750 מל,,,רקאנטי שרדונה 2017,מיליליטרים,750.00,"100 מ""ל",false,,49.90,0.0665,true,1,16758
7290008670135,false,רקנאטי גליל עליון סוביניון בלאן 750 מל,רקנאטי,,רקנאטי סובניון בלאן,מיליליטרים,750.00,"100 מ""ל",false,,49.90,0.0665,true,1,16762
7290008670159,false,"יין רקנאטי יסמין לבן 750 מ""ל",היכל היין שקד גולן בעמ,,יין רקנטי יסמין לבן,מיליליטרים,750.00,"100 מ""ל",false,,34.90,0.0465,true,1,16764
7290008670388,false,רקנאטי רוזה 2007 750 מל,רקנאטי,,רקנאטי רוזה 2006,יחידה,750.00,יחידה,false,,65.90,0.0879,true,1,16770
7290008670913,false,רקנאטי גליל עליון קברנה סובניון 750 מל,רקנאטי,,רקנאטי גליל עליון קב,מיליליטרים,750.00,"100 מ""ל",false,,49.90,0.0665,true,1,73405
7290008670920,false,יין רקנאטי גליל עליון מרלו 750 מל,,,רקנאטי גליל עליון מר,מיליליטרים,750.00,"100 מ""ל",false,,49.90,0.0665,true,1,73406
7290008679411,false,כפפות הנדי לבית ולמטבח S,קריות זול,,כפפות,יחידה,0.00,יחידה,false,,8.00,0.0000,true,1,13639
7290008679435,false,כפפות לבית ולמטבח גד,קריות זול,,כפפות,יחידה,0.00,יחידה,false,,8.00,0.0000,true,1,13640
7290008679459,false,כפפות הנדי רגישות במיוחד בינוני,גורי מוצרי צריכה בעמ,,כפפות רגישות במי,יחידה,0.00,יחידה,false,,8.00,0.0000,true,1,296
7290008679466,false,כפפות הנדי רגישות במיוחד גדול,קריות זול,,כפפות רגישות במי,יחידה,0.00,יחידה,false,,8.00,0.0000,true,1,297
7290008690713,false,נקטר חמוציות אושן ספריי פריגת (1 ליטר),החברה המרכזית להפצת משקאות בעמ,,חמוציות אושן ספריי פ,ליטרים,1.00,ליטר,false,,12.90,12.9000,true,1,7340
7290008693134,false,מעדן גבינה ויוגורט בטעם תות 5% שומן 88 ג' דניאלה,שטראוס גרופ בעמ/מצונן,,דניאלה תות שדה 5%,מיליליטרים,150.00,"100 מ""ל",false,,4.10,0.0273,true,1,7169
7290008713900,false,לחם שיפון עגול פרוס אחדות (750 גרם),מאפיית אנג'\ל אורנים מאפ,,לחם שיפון עגול 750 ג,גרמים,750.00,100 גרם,false,,13.90,0.0185,true,1,606
7290008739016,false,נר פילר זהב 70*90,יושלם,,נר ריחני 3*5,יחידה,0.00,יחידה,false,,19.90,0.0000,true,1,4912
7290008739955,false,נרות שולחן/חמסה ריחנ,,,ברכת הבית,יחידה,0.00,יחידה,false,,12.00,0.0000,true,1,4914
7290008745239,false,תפוצ'יפס קראנצ' בטעם טבעי עלית 50 גרם,"שטראוס פריטו ליי בע""\מ )",,תפוציפס 50 גר,גרמים,50.00,100 גרם,false,,3.90,0.0780,true,1,12588
7290008747547,false,תפוצ'יפס קראנץ' בטעם טבעי עלית 200 גרם,"שטראוס פריטו ליי בע""\מ )",,תפוציפס טבעי,גרמים,200.00,100 גרם,false,,10.90,0.0545,false,1,12590
7290008750264,false,"מסטיק מאסט ציקלס דובדבן 28 גרם לל""ס מגדים",שטראוס גרופ בע`מ,,מסטיק מאסט בטעם דובד,גרמים,28.00,100 גרם,false,,4.40,0.1571,false,1,12349
7290008752244,false,תפוצ'יפס קראנץ' בטעם גריל עלית 50 גרם,"שטראוס פריטו ליי בע""\מ )",,תפוציפס גריל,גרמים,50.00,100 גרם,false,,3.90,0.0780,true,1,12592
7290008753111,false,תפוצ'יפס קראנץ' בטעם מקסיקני עלית 50 גרם,"שטראוס פריטו ליי בע""\מ )",,תפוציפס 50 גר,גרמים,50.00,100 גרם,false,,3.90,0.0780,true,1,12594
7290008753364,false,דוריטוס גריל עלית 55 ג',שטראוס פריטו ליי בעמ,,דוריטוס גריל,גרמים,55.00,100 גרם,false,,2.90,0.0527,true,1,12596
7290008753371,false,דוריטוס 55 גר`נאצ`ו מקסיקני,שטראוס פריטו ליי בעמ,,דוריטוס נאצ'ו,גרמים,55.00,100 גרם,false,,2.90,0.0527,true,1,12597
7290008753388,false,דוריטוס טבעי עלית 55 ג',שטראוס פריטו ליי בעמ,,דוריטוס טבעי,גרמים,55.00,100 גרם,false,,2.90,0.0527,true,1,12598
7290008754415,false,גומי מאסט בטעם ספירמינט עדין פליפטופ 28 ג' עלית,שטראוס גרופ בע`מ,,מסטיק מאסט בטעם מנטה,גרמים,28.00,100 גרם,false,,4.40,0.1571,false,1,12360
7290008754422,false,גומי מאסט בטעם פפרמינט קלאסי פליפטופ 28 ג' עלית,שטראוס גרופ בע`מ,,מסטיק מאסט בטעם מנטה,גרמים,28.00,100 גרם,false,,4.40,0.1571,false,1,12361
7290008757980,false,קרטונית ספרינג נקטר רימונים 1 ליטר,יפאורה שותפות מוגבלת לשיווק,,ספרינג רימונים קרטונ,ליטרים,1.00,ליטר,false,,6.90,6.9000,false,1,10121
7290008775816,false,ערגליות עוגיות במילוי שוקולד אסם 300 גרם,קבוצת אוסם סחר שותפות מוגבלת,,ערגליות שוקו 300,גרמים,300.00,100 גרם,false,,10.60,0.0353,false,1,6182
7290008775823,false,ערגליות עוגיות תות שדה אסם 300 גרם,קבוצת אוסם סחר שותפות מוגבלת,,ערגליות תות שדה,גרמים,300.00,100 גרם,false,,10.60,0.0353,false,1,6183
7290008784450,false,צבטיות סוג א,,,צבטיות סוג א,יחידה,0.00,יחידה,false,,23.90,0.0000,true,1,25867
7290008784474,false,מספריים לציפורני,,,מספריים לציפורני,יחידה,0.00,יחידה,false,,14.90,0.0000,true,1,25897
7290008784542,false,ספוג רחצה קויוטה מסג,קונסיגנציה- ש. י גיספאן 1993,,קויוטה מסג',יחידה,0.00,יחידה,false,,7.00,0.0000,true,1,15437
7290008784603,false,ספוג איפור,,,ספוג איפור,יחידה,0.00,יחידה,false,,7.50,0.0000,true,1,29841
7290008784689,false,זוג קולבים נדבקים,קונסיגנציה- ש. י גיספאן 1993,,זוג קולבים נדבקים,יחידה,0.00,יחידה,false,,7.90,0.0000,true,1,66451
7290008801119,false,סלקטד סוביניון בלאן יקבי כרמל (750 מל),אגודת הכורמים הקואופרטיב,,סלקטד סוביניון בלאן,מיליליטרים,750.00,"100 מ""ל",false,,24.90,0.0332,false,1,15126
7290008801157,false,"יין מרלו סלקטד כרמל כרמל 750 מ""ל",אגודת הכורמים -כרמל מזרחי,,סלקטד מרלו,מיליליטרים,750.00,"100 מ""ל",false,,24.90,0.0332,false,1,15127
7290008801430,false,מיץ ענבים טבעי אדום תירוש,"כד בני דרום בע""מ",,מיץ ענבים תירוש אדום,מיליליטרים,750.00,"100 מ""ל",false,,15.90,0.0212,true,1,10168
7290008801461,false,"יין הנצחון לקידוש, 750 מ""ל",אגודת הכורמים -כרמל מזרחי,,יין הניצחון אדום מתו,מיליליטרים,750.00,"100 מ""ל",false,,19.90,0.0265,true,1,15129
7290008801478,false,יין טופז זהב אדום מתוק ייצוא 750 מל,אגודת הכורמים בעמ,,יין טופז זהב אדום מת,מיליליטרים,750.00,"100 מ""ל",false,,18.90,0.0252,true,1,15130
7290008801522,false,יין קינג דויד קונקורד אדום מתוק 750 מל,אגודת הכורמים הקואופרטיב,,קונקורד KING DAVID,מיליליטרים,750.00,"100 מ""ל",false,,19.90,0.0265,true,1,15131
7290008801546,false,יין מוסקט מתוק קינג דיוויד יקבי כרמל,אגודת הכורמים הקואופרטיב,,מוסקט KING DAVID לבן,מיליליטרים,750.00,"100 מ""ל",false,,19.90,0.0265,true,1,15133
7290008801843,false,סלקטד קברנה סובניון יקבי כרמל (750 מל),אגודת הכורמים בעמ,,סלקטד קברנה סוביניון,מיליליטרים,750.00,"100 מ""ל",false,,24.90,0.0332,false,1,15135
7290008801850,false,סלקטד אמרלד ריזלינג לבן חצי יבש 750 מל,אגודת הכורמים הקואופרטיב,,סלקטד אמרלד ריזלינג,מיליליטרים,750.00,"100 מ""ל",false,,24.90,0.0332,true,1,2821
7290008802291,false,יין מרלו פרייבט קולקשן יקבי כרמל,אגודת הכורמים הקואופרטיב,,מרלו PRIVATE COLLECT,מיליליטרים,750.00,"100 מ""ל",false,,34.90,0.0465,false,1,15136
7290008802529,false,"יין לבן חצי יבש וינו 750 מ""ל",אגודת הכורמים בעמ,,יין לבן וינו,מיליליטרים,750.00,"100 מ""ל",false,,19.90,0.0265,true,1,73865
7290008802895,false,יין קברנה סוביניון פרייבט קולקשן יקבי כרמל,אגודת הכורמים הקאופורטיב,,קברנה סוביניון PRIVA,מיליליטרים,750.00,"100 מ""ל",false,,34.90,0.0465,false,1,15139
7290008803014,false,"כרמל הוק אורגינל 750 מ""ל",יקבי כרמל,,כרמל הוק לבן חצי יבש,מיליליטרים,750.00,"100 מ""ל",false,,20.20,0.0269,true,1,15140
7290008803021,false,"כרמל אדום עתיק 750 מ""ל",כרמל מזרחי,,יין כרמל אדום עת,מיליליטרים,750.00,"100 מ""ל",false,,19.90,0.0265,true,1,15141
7290008804189,false,יין קברנה סוביניון גליל עליון סדרה אזורית יקבי כרמל,אגודת הכורמים הקואופרטיב,,קברנה סוביניון גליל,מיליליטרים,750.00,"100 מ""ל",false,,54.90,0.0732,false,1,15146
7290008804332,false,שיראז אדום יבש פריווט קולקשיין 750מל,אגודת הכורמים הקואופרטיב,,"שיראז 750 מ""ל .P.C",מיליליטרים,750.00,"100 מ""ל",false,,34.90,0.0465,false,1,15150
7290008804455,false,יין אזורית רוזה חצי יבש 750 מל,אגודת הכורמים הקואופרטיב,,יין רוזה יבש 2016,מיליליטרים,750.00,"100 מ""ל",false,,54.90,0.0732,false,1,67211
7290008805049,false,סלקטד זינפנדל סמוק יקבי כרמל (750 מל),"כד בני דרום בע""מ",,יין רוזה סלקטד,מיליליטרים,750.00,"100 מ""ל",false,,24.90,0.0332,false,1,15162
7290008805520,false,"יין קברנה/סוביניון סלקטד כרמל 750 מ""ל",אגודת הכורמים בעמ,,סלקטד קברנה סוביניון,מיליליטרים,750.00,"100 מ""ל",false,,24.90,0.0332,false,1,15164
7290008806961,false,גלידה שוקולד שבבי שוקולד פרה 1.33 ל' קרמיסימו,"גלידת שטראוס בע""\מ, רחוב",,גלידה קרמיסימו שוקול,ליטרים,1.33,ליטר,false,,24.90,18.7218,false,1,7690
7290008806985,false,נישנושים גלידה שוקו וניל בציפוי שוקולד 60 יח' קרמיסימו,"גלידת שטראוס בע""\מ, רחוב",,קרמיסימו נשנושים 60,גרמים,630.00,100 גרם,false,,49.90,0.0792,false,1,7691
7290008807012,false,"יין טבע מוסקט חצי יבש 750 מ""ל",ויטה פרי גליל (החדשה) בע`מ,,מוסקט טבע בנימינה,מיליליטרים,750.00,"100 מ""ל",false,,21.90,0.0292,false,1,15078
7290008807029,false,"יין טבע אמרלד ריזלינג 750 מ""ל",יקבי בינימינה,,בנימינה אמרלד ריזלינ,מיליליטרים,750.00,"100 מ""ל",false,,21.90,0.0292,false,1,15079
7290008807050,false,"יין טבע קברנה סובניון 750 מ""ל",יקבי בינימינה,,בנימינה טבע קברנה סו,מיליליטרים,750.00,"100 מ""ל",false,,21.90,0.0292,false,1,15081
7290008807067,false,"טבע מרלו אדום יבש 750מ""ל",יקבי בינימינה,,בנימינה טבע מרלו,מיליליטרים,750.00,"100 מ""ל",false,,21.90,0.0292,false,1,15082
7290008807302,false,"ליקר שוקולד 700 מ""ל",אליעז בנימינה,,ליקר שוקולד,יחידה,700.00,יחידה,false,,49.90,0.0713,true,1,15089
7290008807449,false,יין יוגב סובניון בלא,בנימינה Binyamina,,יין שרדונה 750מל,מיליליטרים,750.00,"100 מ""ל",false,,36.90,0.0492,true,1,15094
7290008807487,false,יין יוגב קברנה סובינ,יקבי בנימינה,,יוגב קברנה מרלו,יחידה,750.00,יחידה,false,,36.90,0.0492,true,1,15095
7290008807494,false,יוגב בלד ארומטי 2008,בנימינה Binyamina,,יוגב בלד ארומטי 2008,יחידה,750.00,יחידה,false,,36.90,0.0492,true,1,15096
7290008807654,false,יין רזרב סובניון בלא,יקבי בנימינה,,יין רזרב סובניון בלא,מיליליטרים,750.00,"100 מ""ל",false,,49.90,0.0665,true,1,43490
7290008835091,false,צלי כתף מס' 5 מוכשר,,,צלי כתף מס' 5 מוכשר,קילוגרמים,1.00,"ק""ג",true,,74.90,74.9000,false,1,119646
7290008835107,false,פילה מדומה מס' 6 מוכ,,,פילה מדומה מס' 6 מוכ,קילוגרמים,1.00,"ק""ג",true,,37.90,37.9000,false,1,119653
7290008835121,false,שריר הזרוע מס' 8 מוכשר פרגוואי,,,שריר הזרוע מוכשר ארג,קילוגרמים,1.00,"ק""ג",true,,29.90,29.9000,false,1,119654
7290008835138,false,שריר מוזה מוכשר ארגנ,,,שריר מוזה מוכשר ארגנ,קילוגרמים,1.00,"ק""ג",true,,37.90,37.9000,true,1,120309
7290008836494,false,מיץ ענבים תירוש אדום אפרת 1 ליטר,יקב טפרברג 1870 בעמ (יינות ומש,,מיץ ענבים 1 ליטר,ליטרים,1.00,ליטר,false,,13.90,13.9000,true,1,24798
7290008841634,false,קשיו חריף מתוק קופסא,זארובי,,קשיו קלוי בטעם חריף,גרמים,200.00,100 גרם,false,,16.90,0.0845,true,1,117184
7290008841740,false,אגוז קשיו טבעי 100 ג,זארובי,,אגוז קשיו טבעי 100 ג,גרמים,100.00,100 גרם,false,,10.90,0.1090,true,1,65424
7290008841795,false,תערובת אגוזים 200 גר,זארובי,,תערובת אגוזים 200 גר,גרמים,200.00,100 גרם,false,,18.50,0.0925,true,1,12
7290008841887,false,קשיו קלוי 180 גרם זארובי,זארובי,,קשיו קלוי 180 גר' קו,גרמים,180.00,100 גרם,false,,15.00,0.0833,true,1,117686
7290008846219,false,"שמן זית כתית מעולה חלוצה 750 מ""ל",האי נאם סי או אל.טי.,,שמן זית כתית מעולה ח,יחידה,750.00,יחידה,false,,39.90,0.0532,false,1,1389
7290008849470,false,פלפל צ'ומה חריף אוליביה 185 גרם,תה ויסוצקי (ישראל)בעמ,,ממרח פלפל צ'ומה,גרמים,185.00,100 גרם,false,,13.90,0.0751,true,1,10471
7290008849586,false,רוטב לעוף ריבת בצל אוליביה 310 גרם,תה ויסוצקי (ישראל) בעמ,,רוטב ריבת בצל לעוף,גרמים,310.00,100 גרם,false,,13.90,0.0448,true,1,3093
7290008849609,false,אוליביה רוטב לעוף שום דבש (330 גרם),תה ויסוצקי (ישראל) בעמ,,רוטב שום ודבש לעוף,גרמים,330.00,100 גרם,false,,13.90,0.0421,true,1,3094
7290008849739,false,רוטב סויה אמיתי אוליביה 310 גרם,תה ויסוצקי (ישראל)בעמ,,רוטב סויה קלאסי אולי,יחידה,290.00,יחידה,false,,13.90,0.0479,true,1,10475
7290008849753,false,רוטב טריאקי אוליביה 300 גרם,תה ויסוצקי (ישראל)בעמ,,רוטב טריאקי עשיר אול,יחידה,300.00,יחידה,false,,13.90,0.0463,true,1,10476
7290008849777,false,רוטב צ'ילי מתוק אוליביה 345 גרם,תה ויסוצקי (ישראל)בעמ,,רוטב צילי מתוק,גרמים,350.00,100 גרם,false,,13.90,0.0397,true,1,10478
7290008849838,false,טפנד זיתים אוליביה 190 גר',"אוליביה גורמה בע""מ",,טפנד זיתים -אוליביה,גרמים,190.00,100 גרם,false,,12.90,0.0679,true,1,73964
7290008866019,false,ברי עיזים בייבי28% משקל,גבינות יעקבס,,ברי עיזים בייבי יעקב,קילוגרמים,1.00,"ק""ג",true,,129.90,129.9000,true,1,118438
7290008881005,false,שמן זית ארבקינה פח 2,קיבוץ מגל,,שמן ארבקינה פח 2 ליט,ליטרים,2.00,ליטר,false,,94.90,47.4500,true,1,84066
7290008881050,false,שמן זית קורינייקי פח,קיבוץ מגל,,שמן קורינייקי פח 2 ל,ליטרים,2.00,ליטר,false,,94.90,47.4500,true,1,83221
7290008881203,false,שמן זית 2 ליטר מסיק,יושלם,,שמן זית פח 2 ליטר,ליטרים,2.00,ליטר,false,,94.90,47.4500,true,1,3800
7290008881227,false,"שמן הבית מסיק 750 מ""",עדן בריאות טבע מרקט,,"שמן הבית מסיק 750 מ""",יחידה,750.00,יחידה,false,,46.90,0.0625,true,1,11445
7290008881272,false,שמן זית פיקואל קיבוץ,מסיק קיבוץ מגל,,שמן זית פיקואל קיבוץ,מיליליטרים,750.00,"100 מ""ל",false,,46.90,0.0625,true,1,19884
7290008881296,false,שמן זית קורינייקי ק,מסיק קיבוץ מגל,,שמן זית קורינייקי ק,מיליליטרים,750.00,"100 מ""ל",false,,46.90,0.0625,true,1,11449
7290008881494,false,"שמן ארבקינה 750 מ""ל",מסיק קיבוץ מגל,,"שמן ארבקינה 750 מ""ל",מיליליטרים,750.00,"100 מ""ל",false,,46.90,0.0625,true,1,65858
7290008909761,false,"קרלסברג בקבוק יחיד 330מ""ל",החברה המרכזית להפצת משקאות בעמ,,"קרלסברג בק' 330 מ""ל",מיליליטרים,330.00,"100 מ""ל",false,,7.50,0.0227,true,1,13557
7290008909853,false,"קוקה קולה זירו בקבוק 500 מ""ל.",החברה המרכזית להפצת משקאות בעמ,,קוקה קולה ZERO בקבו,מיליליטרים,500.00,"100 מ""ל",false,,6.00,0.0120,false,1,7346
7290008909884,false,"קוקה קולה זירו 350 מ""ל בקבוק זכוכית",החברה המרכזית להפצת משקאות בעמ,,קוקה קולה 350 בקבוק,יחידה,350.00,יחידה,false,,5.50,0.0157,true,1,7349
7290008921015,false,תישבי קברנה פטיט סירה,יקב תשבי (יקבי הברון בעמ ),,תשבי קברנה סירה,מיליליטרים,750.00,"100 מ""ל",false,,29.90,0.0399,true,1,17107
7290008921022,false,יין תישבי פרנץ ריזלי,יקב תשבי (יקבי הברון בעמ ),,תשבי פרנץ' ריזלינג,מיליליטרים,750.00,"100 מ""ל",false,,29.90,0.0399,true,1,3941
7290008921060,false,יין מוסקט ויוניה תשב,יקבי תישבי,,מוסקט ויונייה 2018.,מיליליטרים,750.00,"100 מ""ל",false,,29.90,0.0399,true,1,77078
7290008921121,false,יין תשבי סוביניון בל,יקבי הבארון – תשבי,,יין תישבי סוביניון ב,מיליליטרים,750.00,"100 מ""ל",false,,39.90,0.0532,true,1,76183
7290008921169,false,"קברנה אדום סוביניון ""תשבי""",יקב תשבי (יקבי הברון בעמ ),,תשבי קברנה סוביניון,מיליליטרים,750.00,"100 מ""ל",false,,39.90,0.0532,true,1,3942
7290008921176,false,מרלו יין אדום יבש תישבי,יקב תשבי (יקבי הברון בעמ ),,יין תשבי מרלו,יחידה,750.00,יחידה,false,,39.90,0.0532,true,1,3943
7290008921190,false,"יין לבן אמרלד ריזלינג ""תשבי""",יקב תשבי,,תשבי אמרלד ריזלינג,מיליליטרים,750.00,"100 מ""ל",false,,29.90,0.0399,true,1,3944
7290008921213,false,"יין מוסקט יבש - ויונייה ""תישבי""",יקבי תישבי,,יין תשבי ויוניה לבן,מיליליטרים,750.00,"100 מ""ל",false,,45.00,0.0600,true,1,47538
7290008921275,false,"יין אדום שיראז ""תשבי""",יושלם,,תישבי שיראז 2008,יחידה,750.00,יחידה,false,,39.90,0.0532,true,1,17110
7290008921299,false,יין פטיט וורדו תישבי,,,יין פטיט וורדו תישבי,מיליליטרים,750.00,"100 מ""ל",false,,39.90,0.0532,true,1,60833
7290008921329,false,"יין מרלו ""תישבי אסטייט""",יקב תשבי (יקבי הברון בעמ ),,תשבי אסטייט מרלו,מיליליטרים,750.00,"100 מ""ל",false,,69.90,0.0932,true,1,17112
7290008921336,false,יין תישבי אסטייט שרד,"יקבי הבארון בע""מ",,תשבי אסטייט שרדו,יחידה,750.00,יחידה,false,,45.00,0.0600,true,1,17113
7290008921541,false,"יין קברנה מרלו ""תישבי אסטייט""",,,תשבי קברנה מרלו 2014,מיליליטרים,750.00,"100 מ""ל",false,,69.90,0.0932,true,1,85040
7290008945172,false,"שקיות אשפה עם שרוך 52 * 65 ס""מ גלילונית 40 יחידות","אשפלסט תעשיות בע""מ",,גלילונית לפח מטבח 40,יחידה,0.00,יחידה,false,,15.90,0.0000,true,1,16017
7290008945202,false,שקיות אשפה לפח ענק 90x75 גלילונית) (50,"קילט ניהול פרוייקטים בע""מ",,גלילונית לאשפה משרדי,יחידה,0.00,יחידה,false,,14.90,0.0000,true,1,16018
7290008961585,false,כוסמת פוסולסקי דבור 800 גר,סנקי,,כוסמת 800 גר,גרמים,800.00,100 גרם,false,,12.90,0.0161,true,1,82763
7290008975780,false,"מזון לכלבים בונזו מזון כלבים גזע קטן 3 ק""ג",דיפלומט מפיצים (1968) בעמ**,,בונזו בשר 3 קג,קילוגרמים,4.00,"ק""ג",false,,47.90,11.9750,false,1,15797
7290008981279,false,זעתר עם שומשום נחלה100גר,קפה אל נח'לה,,זעתר עם שומשום נח'לה,גרמים,100.00,100 גרם,false,,9.90,0.0990,true,1,7409
7290008989091,false,שלישיית פירכוני אורז בטר אנד דיפרנט 310 גרם,"בטר אנד דיפרנט בע""מ",,פריכיות אורז,גרמים,310.00,100 גרם,false,,12.90,0.0416,true,1,81678
7290008989602,false,בטר פצפוצי אורז מלא 450 גר`ללא גלוטן,בטר אנד דיפרנט בעמ,,פצפוצי אורז מלא,גרמים,450.00,100 גרם,false,,18.90,0.0420,true,1,57679
7290008989671,false,"ציפוי עדיף פריך ""ללא גלוטן"" בטר אנד דיפרנט 250 גרם",בטר אנד דיפרנט בעמ,,ציפוי עדיף פריך גס ל,גרמים,250.00,100 גרם,false,,9.90,0.0396,true,1,68238
7290009397642,false,מאפין שוקו חמישיה גד,"גידרון תעשיות בע""מ",,מאפין שוקו חמישיה גד,יחידה,0.00,יחידה,false,,8.90,0.0000,true,1,69681
7290009399806,false,עוגת קראנץ טעם שוקול,,,עוגת קראנץ טעם שוקול,גרמים,540.00,100 גרם,false,,18.90,0.0350,true,1,76241
7290010023141,false,תה לימונענע הגן הקסום ויסוצקי 25 יחידות,תה ויסוצקי (ישראל) בעמ,,תה חליטת לימון ונענע,גרמים,50.00,100 גרם,false,,18.90,0.3780,false,1,787
7290010023943,false,חליטה מצמח הרויבוש Red tea בטעם קינמון ווניל,תה ויסוצקי (ישראל)בעמ,,חליטת רויבוש קינמון,גרמים,50.00,100 גרם,false,,25.90,0.5180,true,1,8286
7290010065271,false,פרינוק - מחית תפוחי עץ 130 גרם,גורי מוצרי צריכה בעמ,,"מחית פרינוק תפו""ע 13",גרמים,130.00,100 גרם,false,,5.50,0.0423,true,1,70382
7290010065295,false,פרינוק - מחית תפוחי עץ ובננה 130 גרם,גורי מוצרי צריכה (1991) בעמ,,"מחית פרינוק תפו""ע+בנ",גרמים,130.00,100 גרם,false,,5.50,0.0423,true,1,7475
7290010065332,false,מחית תפוח עץ בננה ג'וניור פרינוק 190 גרם,גורי מוצרי צריכה (1991) בעמ,,"פרינוק גוניור תפ""ע ב",גרמים,760.00,100 גרם,false,,6.50,0.0086,true,1,7479
7290010066025,false,טונה פילטונה בודד בשמן 160 ג`.,תעשיות פיל טונה בעמ,,טונה פיל טונה בשמן,גרמים,112.00,100 גרם,false,,5.90,0.0527,false,1,78177
7290010066513,false,נתחי טונה בשמן צמחי רביעיה *158ג' פילטונה,תעשיות פילטונה בעמ,,פיל טונה רביעיה בשמן,גרמים,632.00,100 גרם,false,,22.90,0.0362,false,1,27187
7290010066520,false,נתחי טונה בהירה בשמן קנולה 160 גר G.Q,תעשיות פילטונה בעמ,,טונה פיל טונה קנולה,גרמים,112.00,100 גרם,false,,5.90,0.0527,false,1,78178
7290010066575,false,נתחי טונה במים רביעיה *158ג' פילטונה,תעשיות פילטונה בעמ,,פיל טונה רביעיה במים,גרמים,632.00,100 גרם,false,,22.90,0.0362,false,1,27185
7290010066582,false,נתחי טונה בשמן קנולה רביעיה * 158 ג' פילטונה,תעשיות פילטונה בעמ,,פיל טונה רביעיה בשמן,גרמים,632.00,100 גרם,false,,22.90,0.0362,false,1,27188
7290010066599,false,רביעיית נתחי טונה בשמן זית פילטונה 158X4 גרם,תעשיות פילטונה בעמ,,פיל טונה רביעיה בשמן,גרמים,632.00,100 גרם,false,,27.90,0.0441,true,1,27189
7290010092031,false,נס קפה-עוגיות מרוקאי,,,נס קפה-עוגיות מרוקאי,גרמים,450.00,100 גרם,false,,16.90,0.0376,true,1,61760
7290010092093,false,עוגיות שחר,שחר המתוקה,,עוגיות שחר,יחידה,0.00,יחידה,false,,14.90,0.0000,false,1,23675
7290010092604,false,רול תמר וקינמון נס ב,,,רול תמר וקינמון נס ב,גרמים,500.00,100 גרם,false,,25.90,0.0518,true,1,121074
7290010116980,false,שוקולית אבקה להכנת משקה שוקו שקית 850,הנסיך- מפעל לייצור ט,,שוקולית 850 גרם,גרמים,850.00,100 גרם,false,,16.90,0.0199,false,1,4539
7290010117857,false,דוריטוס חריף אש 55 ג' עלית,שטראוס פריטו ליי בעמ,,דוריטוס חריף אש,גרמים,55.00,100 גרם,false,,2.90,0.0527,true,1,12599
7290010117970,false,סבבה בוטנים קלויים מצופים - אריזה אישית,שטראוס פריטו ליי בע`מ,,בוטנים אמריקאים עלית,גרמים,50.00,100 גרם,false,,1.90,0.0380,true,1,17724
7290010119240,false,מארז תפוצ'יפס טבעי 216 גרם 12 יחידות,"שטראוס פריטו ליי בע""\מ )",,תפוציפס טבעי 12יח מא,גרמים,216.00,100 גרם,false,,16.50,0.0764,true,1,12603
7290010119950,false,חטיף דוריטוס בטעם חמוץ חריף 55 גרם,שטראוס פריטו ליי בע`מ,,דוריטוס חמוץ מתוק,גרמים,55.00,100 גרם,false,,2.90,0.0527,true,1,12604
7290010124213,false,אל מטאדור סינטה בקר דק דק 250 גרם בלדי,בלדי בעמ,,סינטה בקר דק דק 250,גרמים,250.00,100 גרם,false,,16.90,0.0676,true,1,78321
7290010124503,false,שומן כבש מעובד ארוז בלדי 200גר,בלדי בע`מ,,שומן כבש בלדי 200 גר,גרמים,200.00,100 גרם,false,,12.90,0.0645,true,1,20250
7290010163069,false,צנובר 100 גרם ששון הקולה,דין שיווק וקליה 2021 בעמ,,צנובר גדול 100 גר,גרמים,100.00,100 גרם,false,,22.90,0.2290,true,1,33604
7290010173037,false,"יין הרי גליל רוזה, 750 מ""ל י יקב הרי גליל",היכל היין שקד גולן בעמ,,יין גליל רוזה,מיליליטרים,750.00,"100 מ""ל",false,,31.90,0.0425,false,1,14352
7290010173068,false,יין בר הרי גליל קברנה סוביניון 750 מל,היכל היין שקד גולן בעמ,,הרי גליל קברנה סובינ,מיליליטרים,750.00,"100 מ""ל",false,,31.90,0.0425,false,1,14355
7290010173174,false,יין אדום יבש אלון יקב הרי גליל 750 מל,היכל היין שקד גולן בעמ,,יין הרי גליל אלון 20,מיליליטרים,750.00,"100 מ""ל",false,,50.00,0.0667,false,1,32291
7290010195268,false,פופקורן פופסטאר חמישייה מופחת שומן טבעי,דנשר (1963) בעמ,,פופסטאר מופחת שומן ט,גרמים,425.00,100 גרם,false,,12.90,0.0304,false,1,10849
7290010195275,false,פופ סטאר גרעיני תירס להכנת פופקורן במיקרוגל בטעם חמאה מופחת שומן 425 גרם,דנשר (1963) בעמ,,פופסטאר מופחת שומן ח,גרמים,425.00,100 גרם,false,,12.90,0.0304,false,1,10850
7290010195756,false,זוג רייד נוזלי 90 לילות,ג'ונסון,,RAIDנוזל מילוי 45ליל,יחידה,0.00,יחידה,false,,39.90,0.0000,true,1,16029
7290010228201,false,עוגיות נשיקות מרנג 80ג',יוסיפוב יעקב,,נשיקות מרנג,גרמים,300.00,100 גרם,false,,23.90,0.0797,true,1,13426
7290010237562,false,משקה מוגז בטעם תפוזים מירנדה (500 מל),טמפו משקאות בע`מ,,מירינדה בקבוק 0.5 ל',מיליליטרים,500.00,"100 מ""ל",false,,4.50,0.0090,false,1,11524
7290010237784,false,בירה שנדי בתוספת משקה לימון ליים - שישייה,"טמפו משקאות בע""\מ",,מכבי שנדי שישייה בקב,יחידה,1.98,יחידה,false,,31.90,16.1111,false,1,3918
7290010237890,false,"בירה הייניקן בקבוק 500 מ""ל חוזר",טמפו משקאות בע''מ,,הייניקן בירה בקבוק 5,מיליליטרים,500.00,"100 מ""ל",false,,8.00,0.0160,true,1,17082
7290010259311,false,מי קוקוס 400 גרם]וויליפו,ג.וילי-פוד אינטרנשיונל בעמ,,"קרם קוקוס 400 מ""ל",גרמים,400.00,100 גרם,false,,6.30,0.0157,true,1,78860
7290010259359,false,וילי פוד נודלס אטר.ביצים להקפצה בדץ 200ג,ג.וילי-פוד אינטרנשיונל בעמ,,אטריות נודלס ביצים מ,גרמים,200.00,100 גרם,false,,4.40,0.0220,true,1,5456
7290010259366,false,וילי פוד נודלס אטר.ביצים מסולסל בדץ 200ג,ג. וילי-פוד אינטרנשיונל בע`מ,,אטריות נודלס ביצים מ,גרמים,200.00,100 גרם,false,,4.40,0.0220,true,1,5457
7290010259823,false,מנת השף נודלס בטעם עוף וילי פוד (70 גרם),ג. וילי-פוד אינטרנשיונל בע`מ,,מנת השף מרק נודלס טע,גרמים,70.00,100 גרם,false,,4.90,0.0700,true,1,5458
7290010259847,false,מנת השף מרק עם נודלס בטעם תירס ויליפוד 70 גרם,ג. וילי-פוד אינטרנשיונל בע`מ,,מנת השף מרק עם נודלס,גרמים,70.00,100 גרם,false,,4.90,0.0700,true,1,5460
7290010259991,false,צנימים מיוחדים בטעם טבעי 250 ג',ג. וילי-פוד אינטרנשיונל בע`מ,,צנימים 250 גרם,גרמים,250.00,100 גרם,false,,6.90,0.0276,true,1,27010
7290010298143,false,יין שאטו בלריב דובוא,,,יין שאטו בלריב דובוא,מיליליטרים,750.00,"100 מ""ל",false,,56.90,0.0759,true,1,74630
7290010300501,false,"סוכר חום דמררה נאמן 1 ק""ג",נאמן לאורך זמן בעמ,,"סוכר חום בשקית 1 ק""ג",יחידה,1.00,יחידה,false,,9.90,9.9000,true,1,8504
7290010328093,false,ממרח חלווה אחווה 400 ג' מהדרין,אחדות בית חרושת לטחי,,ממרח חלבה אחוה 400 ג,גרמים,400.00,100 גרם,false,,11.90,0.0298,true,1,13428
7290010328178,false,חלבה מסולסלת שערות אחוה 250 ג',אחדות ביתחרושת לטחינה חלבה,,חלבה אחוה מסולסלת 25,גרמים,250.00,100 גרם,false,,11.90,0.0476,true,1,5365
7290010328246,false,טחינה גולמית שומשום מלא אחווה 500 ג',אחדות ביתחרושת לטחינה חלבה,,טחינה משומשום מלא אח,גרמים,500.00,100 גרם,false,,10.90,0.0218,false,1,5366
7290010328253,false,טחינה גולמית משומשום טבעי אחווה 500 גרם,אחדות ביתחרושת לטחינה חלבה,,טחינה שומשום טבעי אח,גרמים,500.00,100 גרם,false,,10.90,0.0218,false,1,13430
7290010328468,false,מארז מיני חלווה אחוה בטעמים 18 יחידות 216 גרם,שוורצקוף& הנקל דיסלד,,חטיפי מיני חלבה,גרמים,216.00,100 גרם,false,,10.90,0.0505,true,1,26432
7290010328505,false,"מארז מיני חלווה 15 יחידות לל""ס אחוה 150 גרם",אחדות ביחר לטחינה חל,,חטיפי מיני חלבה ללא,גרמים,150.00,100 גרם,false,,10.90,0.0727,true,1,29215
7290010328680,false,עוגה בטעם שוקולד עם שוקוצ'יפס מריר ולבן 450 גרם,אחדות ביחר לטחינה חל,,עוגה בטעם שוקולד עם,גרמים,450.00,100 גרם,false,,9.90,0.0220,true,1,57472
7290010328710,false,קצפיות אחווה 180 גר`חדש ללא חזרות*,אחדות ביחר לטחינה חל,,קצפיות אחוה,גרמים,180.00,100 גרם,false,,9.90,0.0550,true,1,60825
7290010328727,false,ממרח טחינה עם שוקולד אחווה 400 גרם,אחדות ביחר לטחינה חל,,ממרח טחינה עם שוקולד,גרמים,400.00,100 גרם,false,,11.90,0.0298,true,1,62368
7290010328734,false,ממרח טחינה עם סילאן משומשום מלא,אחדות ביחר לטחינה חל,,ממרח טחינה עם סילאן,גרמים,400.00,100 גרם,false,,11.90,0.0298,true,1,63724
7290010328819,false,"ממרח טחינה עם שוקולד לל""ס 400 ג' אחדות!.",אחדות ביחר לטחינה חל,,ממרח טחינה שוקולד לל,גרמים,400.00,100 גרם,false,,11.90,0.0298,true,1,66076
7290010373055,false,"ערק זחלאווי אלליאלי 500 מ""ל",אלנמרוד,,ערק זחלאווי אלליאלי5,יחידה,500.00,יחידה,false,,64.90,0.1298,true,1,17539
7290010429684,false,דבש טהור פרחי בר יד מרדכי 700 גרם מארז זוגי,"שטראוס גרופ בע""מ",,מארז זוג דבש,גרמים,700.00,100 גרם,false,,32.90,0.0470,false,1,4542
7290010471669,false,יוגורט תות עם קורנפלקס מצופה שוקולד ללא גלוטן 3.9%,שטראוס גרופ בעמ/מצונן,,דנונה קראנצ יוגורט ת,גרמים,175.00,100 גרם,false,,4.60,0.0263,true,1,7172
7290010472307,false,"שמיניית משקה גמדים תות בננה דיסני 108 מ""ל",שטראוס גרופ בעמ/מצונן,,גמדים לשתיה תות בננה,מיליליטרים,800.00,"100 מ""ל",false,,20.00,0.0250,true,1,7176
7290010472390,false,מארז 8 יחידות מעדן דני בטעם שוקולד 1.5%,שטראוס גרופ בעמ/מצונן,,מארז דני שוקולד 1.5%,ליטרים,1.00,ליטר,false,,16.40,16.4000,false,1,7178
7290010513727,false,פנקו פרורי לחם 200 גרם (קינגדאו),מזרח ומערב יבוא ושיווק,,פנקו מזרח ומערב,גרמים,200.00,100 גרם,false,,7.00,0.0350,true,1,34186
7290010535200,false,מברשת שיניים לילדים,,,מברשת שיניים לילדים,יחידה,0.00,יחידה,false,,7.90,0.0000,true,1,59666
7290010535309,false,משטח ייבוש כלים לשיי,,,משטח ייבוש כלים לשיי,יחידה,0.00,יחידה,false,,10.00,0.0000,true,1,59669
7290010535361,false,מברשת רחצה לגב,,,מברשת רחצה לגב,יחידה,0.00,יחידה,false,,17.90,0.0000,true,1,15442
7290010535408,false,שתי יח` קופ`למברשת שיניים,קונסיגנציה- ש. י גיספאן 1993,,מארז קופסאות למברשת,יחידה,0.00,יחידה,false,,9.90,0.0000,true,1,15444
7290010535460,false,מאפינס 50 יח,,,מאפינס 50 יח,יחידה,0.00,יחידה,false,,10.90,0.0000,true,1,63282
7290010535682,false,מטלית מיקרו פייבר,,,מטלית מיקרו פייבר,יחידה,0.00,יחידה,false,,8.90,0.0000,true,1,78314
7290010535699,false,חוט דנטאלי 50 מטר רפ,קונסיגנציה- ש. י גיספאן 1993,,חוט דנטלי סוג א 50 מ,יחידה,0.00,יחידה,false,,9.90,0.0000,true,1,15447
7290010535910,false,סקוטץ`קוצים 2 יח`,קונסיגנציה- ש. י גיספאן 1993,,סקוטץ קוצים 2 יח',יחידה,0.00,יחידה,false,,9.00,0.0000,true,1,15454
7290010548514,false,קוביות עשבי תיבול לבישול איטלקי דורות 70 גרם,קבוצת אוסם סחר שותפות מוגבלת,,עשבי תיבול לבישול אי,גרמים,70.00,100 גרם,false,,11.00,0.1571,true,1,6199
7290010561032,false,תערובת להכנת לפנקייק אקסטרה ויטמינים ומינרלים 400 גר',אשבל מזון פונקציונלי,,תערובת להכנת פנקייק,גרמים,400.00,100 גרם,false,,19.90,0.0497,true,1,88349
7290010561407,false,ברילי לחם פרוס extra ויטמינים ומינרלים 500 גרם,י.איטליאנו אחזקות בעמ,,ברילי לחם פרוס ואקסט,גרמים,500.00,100 גרם,false,,18.90,0.0378,true,1,86091
7290010561421,false,ברילי לחם כפרי EXTRA קמח טף 500 גרם,אשבל מזון פונקציונלי,,ברילי לחם כפרי אקסטר,גרמים,500.00,100 גרם,false,,19.90,0.0398,true,1,86092
7290010561445,false,עוגיות שוקוצ'יפס 180 גרם,י.איטליאנו אחזקות בעמ,,ברילי פיתות,גרמים,420.00,100 גרם,false,,19.90,0.0474,true,1,86074
7290010561469,false,מאפה אצבע ללא גלוטן 330 גרם,אשבל מזון פונקציונלי,,ברילי לחמניות אצבע,גרמים,330.00,100 גרם,false,,19.90,0.0603,true,1,117152
7290010561490,false,לחמניות 4 יח קפוא ללא גלוטן 370 גר,בר אל- ללא גלוטן,,ברילי לחמניות המבורג,גרמים,370.00,100 גרם,false,,19.90,0.0538,true,1,31398
7290010561964,false,"ג'בטה קמח טף ""ברילי"" 380 גרם ללא גלוטן",אשבל מזון פונקציונלי,,ברילי ג'בטה אקסטרה ק,גרמים,380.00,100 גרם,false,,19.90,0.0524,true,1,86073
7290010627004,false,טחינה גולמית מסורתית ירושלים 500 ג',תה ויסוצקי (ישראל) בעמ,,טחינה ירושלים 500 גר,גרמים,500.00,100 גרם,false,,14.90,0.0298,true,1,63862
7290010627844,false,טחינה גולמית שומשום מלא ירושלים 500גרם,תה ויסוצקי (ישראל) בעמ,,טחינה ירושלים 500 מל,גרמים,500.00,100 גרם,false,,14.90,0.0298,true,1,64845
7290010650002,false,פטריות יער טריות -יחידה,ביכורי שדה דרום 2002,,פטריות יער,גרמים,170.00,100 גרם,false,,12.90,0.0759,true,1,27630
7290010650019,false,אנדיב בלגי אמיתי חוות תקוע,חוות פטריות תקוע בעמ*קונסיגנצי,,אנדיב בלגי,גרמים,150.00,100 גרם,false,,13.90,0.0927,true,1,18992
7290010650033,false,בצלצלי שלוט מגשית 350 גר,ביכורי השדה צפון 1994 ג.ד. בעמ,,בצלצלי שאלוט 350 גר',גרמים,350.00,100 גרם,false,,14.90,0.0426,true,1,19715
7290010650040,false,פטריות שיטאקי חוות תקוע,ביכורי שדה דרום 2002,,פטריות שיטאקי טרי או,גרמים,100.00,100 גרם,false,,11.90,0.1190,true,1,18993
7290010650064,false,פטריות יער מיובשות חוות תקוע 25 גרם,ביכורי השדה צפון 1994 ג.ד. בעמ,,פטריות יער מיובשות 2,גרמים,20.00,100 גרם,false,,6.40,0.3200,true,1,4418
7290010650088,false,פטריות שמפיניון מיובשות 25 גרם,ביכורי השדה הצפון בעמ` 1964,,פטריות שמפיניון מיוב,גרמים,25.00,100 גרם,false,,8.40,0.3360,true,1,4420
7290010650194,false,זנגוויל (ג'ינג'ר)ארוז מגשית,"פסח בא בע""מ",,זנגוויל ארוז מגשית,גרמים,250.00,100 גרם,false,,8.90,0.0356,true,1,27808
7290010650231,false,פטריות מאיטקי מיובשו,חוות פטריות תקוע,,פטריות מאי- טאקי יבש,גרמים,20.00,100 גרם,false,,9.40,0.4700,true,1,1723
7290010650255,false,לקט פטריות למרק חוות תקוע 25 גרם,חוות פטריות תקוע,,לקט פטריות מיובשות ל,גרמים,25.00,100 גרם,false,,11.90,0.4760,true,1,11955
7290010650279,false,לקט פטריות מיובשות לפסטה,ביכורי השדה צפון 1994 ג.ד. בעמ,,לקט פטריות מיובשות ל,גרמים,25.00,100 גרם,false,,11.90,0.4760,true,1,11956
7290010650286,false,בייבי ברוקולי חוות תקוע,חוות פטריות תקוע בעמ*קונסיגנצי,,בייבי ברוקולי,גרמים,350.00,100 גרם,false,,12.90,0.0369,true,1,61941
7290010650293,false,בצלצלי שאלוט מקולף ת,תקוע,,שאלוט קלוף ארוז,גרמים,250.00,100 גרם,false,,12.90,0.0516,true,1,28426
7290010650354,false,שורש כורכום טרי חוות תקוע 120 גרם,ביכורי השדה צפון 1994 ג.ד. בעמ,,כורכום טרי,גרמים,120.00,100 גרם,false,,14.90,0.1242,true,1,28058
7290010650385,false,למון ליים אמיתי תקוע,פסטה נונה,,ליים,גרמים,400.00,100 גרם,false,,9.90,0.0248,true,1,27653
7290010650408,false,בצלצלי פנינה תקוע יח,פסטה לנסי,,בצלי פנינה 500 גר',גרמים,500.00,100 גרם,false,,14.90,0.0298,true,1,27654
7290010650415,false,עגבניות מיובשות 200 גרם תקוע,ביכורי השדה צפון 1994 ג.ד. בעמ,,עגבניות לחות מגשית,גרמים,200.00,100 גרם,false,,9.40,0.0470,true,1,27655
7290010650538,false,תירס סופר מתוק חוות תקוע,,,תירס סופר מתוק,גרמים,550.00,100 גרם,false,,18.90,0.0344,true,1,27659
7290010650552,false,בייבי פפאיה,,,בייבי פפאיה,גרמים,400.00,100 גרם,false,,6.90,0.0173,true,1,66049
7290010650576,false,פטריות שנוקי טרי ארו,חוות פטריות תקוע,,פטריות שינוקי,גרמים,150.00,100 גרם,false,,9.90,0.0660,true,1,28004
7290010650590,false,ריזוטו פטריות חוות תקוע,חוות פטריות תקוע,,ריזוטו פטריות,גרמים,275.00,100 גרם,false,,15.90,0.0578,true,1,27771
7290010650668,false,למון גראס -חוות תקוע,ביכורי השקמה,,למון גראס -חוות תקוע,יחידה,0.00,יחידה,false,,10.90,0.0000,true,1,28934
7290010650767,false,אנדיב אדום 220 גרם,פמילי,,אנדיב אדום ארוז,יחידה,0.00,יחידה,false,,19.90,0.0000,true,1,60074
7290010650798,false,לקט בורגול ופטריות חוות תקוע,קרלו,,לקט בורגול ופטריות,גרמים,310.00,100 גרם,false,,13.90,0.0448,true,1,75503
7290010650804,false,לקט פתיתים ופטריות חוות תקוע,קרלו,,לקט פתיתים ופטריות,גרמים,235.00,100 גרם,false,,13.90,0.0591,true,1,75504
7290010650828,false,פטריות שימג'י חוות תקוע 150 גרם,ביכורי השדה צפון 1994 ג.ד. בעמ,,פטריות שימג'י לבן,יחידה,0.00,יחידה,false,,10.90,0.0000,true,1,75034
7290010650910,false,עגבניות לחות בתיבול אורגנו ושום 200 גרם,חקלאי,,עגבניות לחות עם אורג,גרמים,200.00,100 גרם,false,,9.40,0.0470,true,1,81604
7290010650927,false,עגבניות לחות בתיבול בזיליקום ועלי דפנה 200 גרם,חקלאי,,עגבניות לחות עם בזיל,גרמים,200.00,100 גרם,false,,9.40,0.0470,true,1,81605
7290010650996,false,"פטריות שי מג'י חומות, 150 גרם חוות תקוע",ביכורי השדה צפון 1994 ג.ד. בעמ,,פטריות שימג'י חום,גרמים,150.00,100 גרם,false,,10.90,0.0727,true,1,89152
7290010657254,false,סרדין קזבלנקה בשמן ס,יוניון דה פחריס,,סרדין קזבלנקה בשמן ס,גרמים,125.00,100 גרם,false,,4.40,0.0352,true,1,11827
7290010657315,false,עלי גפן ממולאים 400 ג' סטאר פוד,,,עלי גפן ממולאים סטאר,גרמים,400.00,100 גרם,false,,9.40,0.0235,true,1,22706
7290010657490,false,סרדין קזבלנקה בשמן ח,יוניון דה פחריס,,סרדין קזבלנקה בשמן ח,גרמים,125.00,100 גרם,false,,4.90,0.0392,true,1,11832
7290010657506,false,סרדין קזבלנקה בשמן ז,יוניון דה פחריס,,סרדין קזבלנקה בשמן ז,גרמים,125.00,100 גרם,false,,5.60,0.0448,true,1,11833
7290010657568,false,סרדין מרוקאי בשמן ולימון סטאר פוד 125 ג',יוניון דה פחריס,,סרדין קזבלנקה בשמן ס,גרמים,125.00,100 גרם,false,,4.90,0.0392,true,1,11834
7290010657681,false,פילה מקרל בשמן צמחי 125 ג קזבלנקה,יוניון דה פחריס,,פילה מקרל בשמן צמחי,גרמים,125.00,100 גרם,false,,7.90,0.0632,true,1,11835
7290010657698,false,פילה מקרל פלפל חריף 125 ג קזבלנקה,יוניון דה פחריס,,פילה מקרל עם פלפל חר,גרמים,125.00,100 גרם,false,,8.50,0.0680,true,1,20970
7290010657704,false,פילה מקרל בשמן זית 125 ג קזבלנקה,יוניון דה פחריס,,פילה מקרל בשמן זית,גרמים,125.00,100 גרם,false,,9.40,0.0752,true,1,11836
7290010657728,false,אמנדה סטר פוד כבד דג שיבוט 115גר,כ. נועם סוכניותלשיווק בעמ,,כבד דג שיבוט בשמן הד,גרמים,120.00,100 גרם,false,,11.90,0.0992,true,1,86564
7290010672844,false,חלה רגילה קלועה אפויה-קפואה,ג`נרל מילס ישראל בעמ,,חלה קלועה רגילה ח.א,יחידה,0.00,יחידה,false,,11.90,0.0000,true,1,68769
7290010715336,false,להבונים 50 יח בשקית(פאלאס),פאלאס תעשיות נטו (2014) בעמ,,נרונים בשקית 50 יח',יחידה,0.00,יחידה,false,,10.90,0.0000,true,1,17798
7290010748853,false,"ד""ר פישר - אפקטיב קר קרם ידיים סנסיטיב 150 מ""ל","פישר תעשיות פרמצביטות בע""מ",,קרם ידיים וציפורניים,מיליליטרים,150.00,"100 מ""ל",false,,16.90,0.1127,true,1,18474
7290010766185,false,רוטב לפסטה עגבניות ובזיליקום אוליביה 420 גרם,תה ויסוצקי בע`מ,,רוטב לפסטה עגבניות ו,יחידה,0.00,יחידה,false,,13.90,0.0000,true,1,10484
7290010766307,false,רוטב לפסטה בולונז אוליביה 420 ג' אסם,תה ויסוצקי (ישראל) בעמ,,רוטב פסטה בולונז,גרמים,420.00,100 גרם,false,,13.90,0.0331,true,1,10486
7290010766697,false,אוליביה רוטב שקשוקה אוליביה (415 גרם),תה ויסוצקי (ישראל) בעמ,,רוטב שקשוקה,גרמים,415.00,100 גרם,false,,13.90,0.0335,true,1,10487
7290010766734,false,רוטב פיצה אוליביה אסם 430 ג',תה ויסוצקי (ישראל) בעמ,,רוטב פיצה 415 גר',גרמים,415.00,100 גרם,false,,13.90,0.0335,true,1,10488
7290010766949,false,ממרח תחתיות ארטישוק 180ג' אוליביה,תה ויסוצקי (ישראל)בעמ,,ממרח תחתיות ארטישוק,גרמים,180.00,100 גרם,false,,13.90,0.0772,true,1,10493
7290010766956,false,ממרח פלפלים מתוקים אדומים אוליביה 180 גרם,תה ויסוצקי (ישראל)בעמ,,ממרח פלפלים קלויים א,גרמים,180.00,100 גרם,false,,13.90,0.0772,true,1,10494
7290010778058,false,פטוציני לבן/ טריקולו,פסטה דיאורו,,פסטה פטוצ'יני טריה,גרמים,500.00,100 גרם,false,,19.90,0.0398,true,1,24276
7290010778089,false,טורטליני גבינה 500גר,פסטה דיאורו,,טורטליני גבינה,יחידה,0.00,יחידה,false,,36.90,0.0000,true,1,30658
7290010778126,false,"רוטב פסטו ""פסטה ד'יא",פסטה דיאורו,,"רוטב פסטו ""פסטה ד'יא",גרמים,220.00,100 גרם,false,,23.90,0.1086,true,1,24378
7290010778157,false,רביולי ריקוטה ותרד 5,פסטה דיאורו,,ריביולי ריקוטה תרד,גרמים,500.00,100 גרם,false,,31.90,0.0638,true,1,24279
7290010778164,false,ריביולי ריקוטה ופטרי,פסטה דיאורו,,ריביולי ריקוטה ופטרי,גרמים,500.00,100 גרם,false,,31.90,0.0638,true,1,24280
7290010778171,false,רביולי בטטה 500גר,פסטה דיאורו,,ריביולי בטטה,גרמים,500.00,100 גרם,false,,31.90,0.0638,true,1,24281
7290010778188,false,רביולי 4 גבינות 500ג,פסטה דיאורו,,ריביולי 4 גבינות,גרמים,500.00,100 גרם,false,,31.90,0.0638,true,1,24282
7290010778201,false,רוטב לפסטה שמנת אלפר,פסטה דיאורו,,רוטב לפסטה שמנת אלפר,גרמים,240.00,100 גרם,false,,21.90,0.0912,true,1,24283
7290010778218,false,רוטב לפסטה שמנת ופטר,פסטה דיאורו,,רוטב לפסטה שמנת ופטר,גרמים,240.00,100 גרם,false,,21.90,0.0912,true,1,24284
7290010778225,false,רוטב לפסטה שמנת עגבנ,פסטה דיאורו,,רוטב לפסטה שמנת עגבנ,גרמים,240.00,100 גרם,false,,21.90,0.0912,true,1,24285
7290010778256,false,ריביולי ריקוטה פרמזן,פסטה דיאורו,,ריביולי ריקוטה פרמזן,גרמים,500.00,100 גרם,false,,31.90,0.0638,true,1,24286
7290010778263,false,רביולי גבינות צאן 50,פסטה דיאורו,,ריביולי גבינות צאן,גרמים,500.00,100 גרם,false,,31.90,0.0638,true,1,24287
7290010778300,false,רביולי מוצרלה 500גר,פסטה דיאורו,,ריביולי מוצרלה,גרמים,500.00,100 גרם,false,,31.90,0.0638,true,1,24451
7290010778324,false,ניוקי בטטה פסטה טריה,פסטה דיאורו,,ניוקי בטטה פסטה טריה,גרמים,500.00,100 גרם,false,,19.90,0.0398,true,1,24288
7290010791538,false,מזון חתולים לה קט דליקטס עוף גורמה 85 גרם,דיפלומט מפיצים (1968) בעמ**,,לה קט עוף גורמה 85 ג,גרמים,85.00,100 גרם,false,,5.50,0.0647,true,1,15801
7290010791545,false,מזון חתולים לה קט דליקטס פטה כבד 85 גרם,דיפלומט מפיצים (1968) בעמ**,,לה קט דליקטס פטה כבד,גרמים,85.00,100 גרם,false,,5.50,0.0647,true,1,15802
7290010791552,false,לה-קט דליקטס טונה ברוטב 85 גר',דיפלומט מפיצים (1968) בעמ**,,לה קט דליקטס טונה,גרמים,85.00,100 גרם,false,,5.50,0.0647,true,1,15803
7290010791576,false,מזון חתולים לה קט דליקטס דגי אוקיאנוס 85 גרם,דיפלומט מפיצים (1968) בעמ**,,לה קט דליקטס דגי אוק,גרמים,85.00,100 גרם,false,,5.50,0.0647,true,1,15804
7290010791583,false,לה-קט דליקטס דגי אוקינוס וטונה 85 גר',דיפלומט מפיצים (1968) בעמ**,,לה קט דליקטס דגי אוק,גרמים,85.00,100 גרם,false,,5.50,0.0647,true,1,15805
7290010791644,false,בונזו ג`וי מקלוני עוף פריכים 90גר,דיפלומט מפיצים (1968) בעמ**,,בונזו גו'י מקלוני עו,גרמים,90.00,100 גרם,false,,17.00,0.1889,true,1,28672
7290010814244,false,שלשות שוקולד מריר 85 גרם*3 בלמינט *18 בקרטון,כרמית תעשיות ממתקים בעמ,,שוקולד מריר כרמית של,גרמים,300.00,100 גרם,false,,10.90,0.0363,true,1,19596
7290010814695,false,שוקולד מריר פרווה ללא תוספת סוכר כרמית 85 גרם,כרמית תעשיות ממתקים בעמ,,שוקולד מריר ללא תוספ,גרמים,85.00,100 גרם,false,,5.90,0.0694,true,1,7879
7290010814701,false,שוקולד חלב ללא תוספת סוכר וסטהיים,כרמית תעשיות ממתקים בעמ,,שוקולד חלב ללא תוספת,גרמים,85.00,100 גרם,false,,5.90,0.0694,true,1,7880
7290010838219,false,ממתיק על בסיס צמח הסטיביה - שקיות,"קיפל טבליות וממתיקים בע""מ",,מרמולייט סטיביה 100ש,יחידה,0.00,יחידה,false,,28.90,0.0000,true,1,21154
7290010838424,false,ג'ל לניקוי מתקדם בניחוח רענן - מארז זוג,"איטיליאן פוד, אס.פי.",,טואלט דאק * 750זוג *,ליטרים,1.50,ליטר,false,,17.90,11.9333,false,1,3443
7290010838431,false,דאק נוזל לניקוי אסלות זוג בניחוח ים 2*750 מל,מיוצר עי קונדיטוריית,,טואלט דאק * 750זוג *,ליטרים,1.50,ליטר,false,,17.90,11.9333,false,1,3444
7290010849529,false,"למברוסקו די לואיג`י ביאנקו 750מ""ל",הכרם - משקאות חריפים בעמ,,למברוסקו די לואיג'י,מיליליטרים,750.00,"100 מ""ל",false,,24.90,0.0332,true,1,34010
7290010883356,false,כפפות אלוורה רב שימושיות גדולות L סנו סושי,החברה הדרומית לשיווק בעמ,,סנו סושי זוג כפפות א,יחידה,0.00,יחידה,false,,9.90,0.0000,true,1,16369
7290010883363,false,כפפות אלוורה רב שימושיות קטנות S סנו סושי,החברה הדרומית לשיווק בעמ,,סנו סושי זוג כפפות א,יחידה,0.00,יחידה,false,,9.90,0.0000,true,1,16370
7290010883370,false,כפפות אלוורה רב שימושיות בינוניות M סנו סושי,החברה הדרומית לשיווק בעמ,,סנו סושי זוג כפפות א,יחידה,0.00,יחידה,false,,9.90,0.0000,true,1,16371
7290010945146,false,קוטג' 3% מועשר בסידן טרה 250 ג' מהדרין,החברה המרכזית טלהפצת משקאות בע,,קוט'ג 3% מועשר טרה,גרמים,250.00,100 גרם,false,,5.90,0.0236,false,1,5014
7290010945306,false,חלב טרה קרטון 2 ליטר מהדרין*%*3,החברה המרכזית טלהפצת משקאות בע,,חלב 2 ליטר מהדרין,ליטרים,2.00,ליטר,false,,12.46,6.2300,false,1,13131
7290010945450,false,גבינה לבנה 3% 250 גר מועשר בסידן וויטמין,החברה המרכזית טלהפצת משקאות בע,,גבינה לבנה 3% 250 גר,גרמים,250.00,100 גרם,false,,4.98,0.0199,false,1,5015
7290010970223,false,"חומץ יין אדום 500 מ""ל ""טעמים""","ג.מ טעם הארץ בע""\ם",,חומץ בן יין אדום,מיליליטרים,500.00,"100 מ""ל",false,,12.90,0.0258,true,1,32555
7290010970230,false,חומץ יין פירות הדר 500מל,ג.מ.טעם הארץ,,חומץ פירות הדר,מיליליטרים,500.00,"100 מ""ל",false,,17.90,0.0358,true,1,58230
7290010970254,false,חומץ בן יין לבן מונט,"ג.מ טעם הארץ בע""\ם",,חומץ בן יין לבן,מיליליטרים,500.00,"100 מ""ל",false,,12.90,0.0258,true,1,32556
7290011015862,false,סירופ דיאט 750 מל בטעם לימונענע פריגת,החברה המרכזית להפצת משקאות בעמ,,סירופ דיאט לימון נענ,יחידה,750.00,יחידה,false,,22.90,0.0305,true,1,7355
7290011017866,false,פחית קולה סליק קוקה-קולה (330 מל),החברה המרכזית להפצת משקאות בעמ,,קוקה קולה פחית,מיליליטרים,330.00,"100 מ""ל",false,,4.90,0.0148,false,1,23070
7290011017873,false,פחית זירו סליק קוקה-קולה (330 מל),החברה המרכזית להפצת משקאות בעמ,,קוקה קולה זירו פחית,מיליליטרים,330.00,"100 מ""ל",false,,4.50,0.0136,true,1,25139
7290011017880,false,פחית דיאט קולה סליק קוקה-קולה (330 מל),החברה המרכזית להפצת משקאות בעמ,,דיאט קולה פחית 330,מיליליטרים,330.00,"100 מ""ל",false,,4.50,0.0136,false,1,25640
7290011018184,false,תה קר בטעם אפרסק פיוז-טי (500 מל),החברה המרכזית להפצת משקאות בעמ,,FUZE tea אפרסק 0.5 ל,מיליליטרים,500.00,"100 מ""ל",false,,6.50,0.0130,true,1,22491
7290011018245,false,פיוז טי אפרסק בק.זכוכית 330מל,החברה המרכזית להפצת משקאות בעמ,,פיוז תה אפרסק 330 בק,מיליליטרים,330.00,"100 מ""ל",false,,5.90,0.0179,true,1,80681
7290011018368,false,ויינשטפן בירת חיטה לא מסוננת,החברה המרכזית להפצת משקאות בעמ,,שישיה בירה ויינשטפן,ליטרים,1.98,ליטר,false,,69.90,35.3030,false,1,25080
7290011018443,false,משקה מוגז אורנג` פאנטה (330 מל),החברה המרכזית להפצת משקאות בעמ,,פאנטה אורנ'ג פחית,מיליליטרים,330.00,"100 מ""ל",false,,4.90,0.0148,true,1,25608
7290011018474,false,"סומרסבי סיידר תפוחים אלכוהולי 300 מ""ל",החברה המרכזית להפצת משקאות בעמ,,סומרסבי סיידר בק' 33,מיליליטרים,330.00,"100 מ""ל",false,,9.50,0.0288,true,1,60052
7290011018832,false,"קוקה קולה פרידגפק סליק 330 מ""ל שישייה",החברה המרכזית להפצת משקאות בעמ,,מארז קולה פחיות 6*33,ליטרים,1.98,ליטר,false,,22.00,11.1111,false,1,26180
7290011018924,false,"מארז פחיות דיאט קוקה קולה שישייה 330 מ""ל",החברה המרכזית להפצת משקאות בעמ,,מארז שישיית פחיות די,ליטרים,1.98,ליטר,false,,21.90,11.0606,false,1,26026
7290011026066,false,"ד""ר פישר - סרקל שמפו + מרכך לילדים 1 ליטר","פישר תעשיות פרמצביטות בע""מ",,סרקל שמפו+מרכך 1 ליט,ליטרים,1.00,ליטר,false,,27.90,27.9000,true,1,5234
7290011051433,false,"שוופס מוגז עדין בטעם אפרסק 500 מ""ל",יפאורה - שותפות מוגבלת לשיווק,,שוופס מוגז עדין אפרס,מיליליטרים,500.00,"100 מ""ל",false,,4.90,0.0098,true,1,21875
7290011051440,false,שוופס מוגז עדין פירות יער 0.5 ליטר,יפאורה תבורי בעמ,,שוופס מוגז עדין 0.5,יחידה,500.00,יחידה,false,,4.90,0.0098,true,1,2793
7290011081492,false,גלידה בטעם שלושה שוקולדים 1.33ל' קרמיסימו,"גלידת שטראוס בע""\מ, רחוב",,קרמיסימו שלושה שוקול,ליטרים,1.33,ליטר,false,,24.90,18.7218,false,1,7705
7290011115159,false,סבון מוצק מועשר בקרם לחות ניחוח פרחים נקה 7 4*100 גרם,החברה הדרומית לשיווק בעמ,,נקה 7 לחות - סבון מו,גרמים,400.00,100 גרם,false,,11.90,0.0298,true,1,18708
7290011115166,false,נקה 7 ארומה סבון נוזלי לבנדר 1 ל',החברה הדרומית לשיווק בעמ,,נקה תחליב רחצה סגול,ליטרים,1.00,ליטר,false,,13.90,13.9000,true,1,18709
7290011115173,false,נקה 7 ארומה סבון נוזלי וניל 1 ל',טרופיקל דגיל תעשיות,,נקה תחליב רחצה וניל,ליטרים,1.00,ליטר,false,,13.90,13.9000,true,1,18710
7290011115203,false,אל סבון מוצק מבושם בניחוח עדין קלאסיק - מארז רביעיה,החברה הדרומית לשיווק בעמ,,נקה 7-סבון מוצק ורוד,גרמים,400.00,100 גרם,false,,11.90,0.0298,true,1,18711
7290011115241,false,אל סבון ארומטי מוצק ורוד ורד ויסמין - מארז רביעיה,החברה הדרומית לשיווק בעמ,,נקה 7 ארומה - סבון מ,גרמים,400.00,100 גרם,false,,11.90,0.0298,true,1,18712
7290011115258,false,אל סבון מוצק מבושם בניחוח עדין קלאסיק - מארז רביעיה,החברה הדרומית לשיווק בעמ,,נקה 7 סבון מוצק ירוק,גרמים,400.00,100 גרם,false,,11.90,0.0298,true,1,18713
7290011115265,false,מארז סבון מוצק ארומה אל סבון מועשר בשמנים ארומטיים,החברה הדרומית לשיווק בעמ,,נקה 7 ארומה - סבון מ,גרמים,400.00,100 גרם,false,,11.90,0.0298,true,1,18714
7290011115272,false,אל סבון מוצק מועשר בקרם לחות צמחים - מארז רביעיה,החברה הדרומית לשיווק בעמ,,נקה 7 לחות - סבון מו,גרמים,400.00,100 גרם,false,,11.90,0.0298,true,1,18715
7290011115289,false,אל סבון מוצק מבושם בניחוח עדין קלאסיק - מארז רביעיה,החברה הדרומית לשיווק בעמ,,נקה 7- סבון מוצק ליל,גרמים,400.00,100 גרם,false,,11.90,0.0298,true,1,18716
7290011115296,false,אל סבון מוצק מועשר בקרם לחות לבנדר - מארז רביעיה,נקה 7,,נקה 7 לחות - סבון מו,גרמים,400.00,100 גרם,false,,11.90,0.0298,true,1,18717
7290011115401,false,אל סבון ארומטי מוצק צהוב קמומיל - רביעייה,החברה הדרומית לשיווק בעמ,,נקה 7 ארומה - סבון מ,גרמים,400.00,100 גרם,false,,11.90,0.0298,true,1,18720
7290011126209,false,הגן הקסום תה טעם תפוח וקינמון סיידר ויסוצקי 25 יח',תה ויסוצקי (ישראל)בעמ,,תה חליטת תפוח וקינמו,גרמים,55.00,100 גרם,false,,18.90,0.3436,false,1,800
7290011126216,false,תה רויבוש קלאסי ויסוצקי 25 יחידות,תה ויסוצקי (ישראל) בעמ,,חליטת רויבוש קלאסית,גרמים,50.00,100 גרם,false,,25.90,0.5180,true,1,8290
7290011126452,false,הגן הקסום תה בטעם קמומיל ונענע ויסוצקי 25 יחידות,תה ויסוצקי (ישראל) בעמ,,תה חליטת קמומיל ונענ,גרמים,37.50,100 גרם,false,,18.90,0.5040,false,1,806
7290011126469,false,חליטת צמחים וקמומיל הגן הקסום ויסוצקי 25 יחידות,תה ויסוצקי (ישראל) בעמ,,תה חליטת קמומיל ודבש,גרמים,37.50,100 גרם,false,,18.90,0.5040,false,1,807
7290011126940,false,תה ירוק ויסוצקי בתוספת מרווה 25 שקיקים,תה ויסוצקי (ישראל) בעמ,,תה ירוק בתוספת מרווה,גרמים,37.50,100 גרם,false,,24.90,0.6640,false,1,814
7290011126957,false,תה ירוק ויסוצקי ארל גריי 25 שקיקים,תה ויסוצקי (ישראל) בעמ,,תה ירוק ארל גריי 25,גרמים,37.50,100 גרם,false,,24.90,0.6640,false,1,815
7290011131050,false,גרנולה בתוספת פקאן 1 קילו גרין,ויטליאה ניקולה דו,,"גרנולה 1 ק""ג פקאן",קילוגרמים,1.00,"ק""ג",false,,24.90,24.9000,true,1,26131
7290011131371,false,מוזלי קראנצ`י שקדים ואגוזים גרין (1 קג),ויטליאה ניקולה דו,,מוזלי קרנצ'י שקדים ו,קילוגרמים,1.00,"ק""ג",false,,24.90,24.9000,true,1,1390
7290011131395,false,מוזלי קראנצ`י 30% פירות גרין (1 קג),ויטליאה ניקולה דו,,מוזלי קרנצ'י 30% פיר,קילוגרמים,1.00,"ק""ג",false,,24.90,24.9000,true,1,1392
7290011131654,false,מוזלי קראנצ'י ביג מיקס עם פירות ואגוזים,משה סידס ובנו בעמ,,"מיזלי 1 ק""ג ביג מיקס",קילוגרמים,1.00,"ק""ג",false,,24.90,24.9000,true,1,33665
7290011131968,false,"גרנולה בתוספת שקדים ואגוזים גרין 1 ק""ג",ויטליה ניקולא דו,,"גרנולה 1 ק""ג אגוזים.",גרמים,1.00,גרם,false,,24.90,24.9000,true,1,8625
7290011131975,false,גרנולה בתוספת פירות מיובשים ומסוכרים,ויטליאה ניקולה דו,,"גרנולה 1 ק""ג פירות.",גרמים,1.00,גרם,false,,24.90,24.9000,true,1,8626
7290011132507,false,סן בנדטו- מים מנרליים - מוגז עדין 500 מל,אקווה מינרלה סאן בנדטו ב,,סאן בנדטו מוגז 0.5ל,מיליליטרים,500.00,"100 מ""ל",false,,2.50,0.0050,true,1,3922
7290011132552,false,רביעיית בירה פאולנר 330 מל בקבוק,טמפו משקאות בעמ,,פאולנר רביעיה בקבוק,יחידה,1.32,יחידה,false,,35.90,27.1970,false,1,17088
7290011132583,false,"מארז פפסי מקס 500 מ""ל*6 יח' בקבוק","טמפו משקאות בע""\מ",,פפסי מקס שישייה 0.5,ליטרים,3.00,ליטר,false,,19.90,6.6333,false,1,88820
7290011133368,false,בירה שנדי בתוספת משקה תפוח - שישייה,טמפו משקאות בע`מ,,שנדי תפוח שישיה 330,יחידה,1.98,יחידה,false,,31.90,16.1111,false,1,3927
7290011133375,false,בירה שנדי בתוספת משקה אפרסק - שישייה,"טמפו משקאות בע""מ",,שנדי אפרסק שישיה 330,יחידה,1.98,יחידה,false,,31.90,16.1111,false,1,3928
7290011133634,false,"פפסי מקס פחית צרה מארז שישייה 330 מ""ל","טמפו משקאות בע""\מ",,פפסי פחית צרה שישייה,ליטרים,1.98,ליטר,false,,18.90,9.5455,true,1,80282
7290011153885,false,נייר אכיל ממותג דיסני,שמחה זה אנחנו בע`מ,,נייר אכיל לעוגות,יחידה,0.00,יחידה,false,,18.40,0.0000,true,1,57689
7290011154035,false,"תרכיז תפוחים סחוט טעמי הגליל 500 מ""ל",ליימן שליסל בעמ,,תרכיז תפוחים סחוט טע,מיליליטרים,500.00,"100 מ""ל",false,,22.90,0.0458,true,1,82527
7290011154080,false,"תרכיז תפוחים צלול טעמי הגליל 500 מ""ל",ליימן שליסל בעמ,,תרכיז תפוחים צלול טע,מיליליטרים,500.00,"100 מ""ל",false,,22.90,0.0458,true,1,82528
7290011154882,false,"תרכיז תפוזים טבעי טעמי הגליל 500 מ""ל",ליימן שליסל בעמ,,תרכיז תפוזים טבעי 50,מיליליטרים,500.00,"100 מ""ל",false,,26.90,0.0538,true,1,118555
7290011154899,false,"תרכיז תפוזים וענבים טבעי טעמי הגליל 500 מ""ל",ליימן שליסל בעמ,,תרכיז תפוחים וענבים,מיליליטרים,500.00,"100 מ""ל",false,,26.90,0.0538,true,1,118556
7290011174323,false,"צ'יפס אמריקאי פרי הגליל 1.5 ק""ג",ויטה- פרי גליל (החדשה) בעמ,,צ'יפס אמריקאי 1.5 קי,יחידה,1.50,יחידה,false,,16.90,11.2667,true,1,4865
7290011174866,false,צ'יפס בטטה פרי הגליל 700 גרם,ויטה -פרי גליל (החדשה) בעמ,,צ'יפס בטטה 700גר פרי,גרמים,700.00,100 גרם,false,,14.90,0.0213,true,1,72452
7290011194215,false,מעדן גבינה ויוגורט בטעם בננה 5% שומן 88 ג' דניאלה,שטראוס גרופ בעמ/מצונן,,דניאלה בננה 5%,מיליליטרים,150.00,"100 מ""ל",false,,4.10,0.0273,true,1,12074
7290011194246,false,קוטג 5% 250 גרם עם סידן שטראוס,שטראוס גרופ בעמ/מצונן,,קוטג' שטראוס 5%,גרמים,250.00,100 גרם,false,,6.00,0.0240,false,1,12075
7290011210564,false,יין יוגב קברנה סוביניון פטי ורדו,בנימינה Binyamina,,יוגב קברנה פטיט וורד,יחידה,750.00,יחידה,false,,36.90,0.0492,true,1,29448
7290011210847,false,יין רזרב Reserve שרדונה גלבוע,בנימינה Binyamina,,יין רזרב שרדונה BINY,מיליליטרים,750.00,"100 מ""ל",false,,49.90,0.0665,true,1,87827
7290011223038,false,בונומי עלים לקרמשניט שכבות אפויות מבצק עלים 300 גרם,דנשר (1963) בעמ,,עלים לקרמשניט - בונו,גרמים,300.00,100 גרם,false,,16.00,0.0533,true,1,10855
7290011223045,false,בישקוטים ליידיפינגרז בונומי (200 גרם),דנשר (1963) בעמ,,בישקוטים בונומי 200ג,גרמים,200.00,100 גרם,false,,7.50,0.0375,true,1,10856
7290011223205,false,ריבת חלב ארגנטינאית 454 גרם,אשבל מזון פונקציונלי,,ריבת חלב ארגנטינאית,גרמים,454.00,100 גרם,false,,16.90,0.0372,true,1,10857
7290011223229,false,"טואלט דאק ג'ל לאסלה טיפות טל רעננות 55 מ""ל","איטיליאן פוד, אס.פי.",,ט.ד ג'ל אסלה טיפות ט,מיליליטרים,55.00,"100 מ""ל",false,,10.90,0.1982,true,1,16041
7290011223243,false,"טואלט דאק ג'ל לאסלה בניחוח לבנדר 55 מ""ל","איטיליאן פוד, אס.פי.",,ט.ד ג'ל אסלה ניחוח ל,מיליליטרים,55.00,"100 מ""ל",false,,10.90,0.1982,true,1,16042
7290011233068,false,עוגת אגוזים/הונגרי,,,עוגת אגוזים/הונגרי,יחידה,0.00,יחידה,false,,39.90,0.0000,true,1,74403
7290011233082,false,עוגה של ענת טרלובסקי,,,עוגה של ענת טרלובסקי,יחידה,0.00,יחידה,false,,39.90,0.0000,true,1,28376
7290011233099,false,עוגת נשיקולד ענת טרלובסקי 300 גרם,,,העוגיות של ענת,גרמים,330.00,100 גרם,false,,39.90,0.1209,true,1,28377
7290011249250,false,עלמה גביעי גלידה אמריקאי 24 יח',ח.כהן סוכנות מזון ומשקאות בע,,גביעיי גלידה אמריקאי,יחידה,0.00,יחידה,false,,9.50,0.0000,true,1,20990
7290011249748,false,רולים גלילי ופל במילוי קרם שוקולד 100 ג' עלמה,ח.כהן סוכנות מזון ומשקאות בע,,רולים גלילי וופל בטע,גרמים,100.00,100 גרם,false,,3.50,0.0350,true,1,32205
7290011249755,false,רולים גלילי ופל במילוי קרם אגוזים 100 ג' עלמה,ח.כהן סוכנות מזון ומשקאות בע,,רולים אגוזים 100 גר',גרמים,100.00,100 גרם,false,,3.50,0.0350,true,1,33026
7290011303570,false,מעדן רימון דודה ברטה,ברקת,,מעדן ללא סוכר רימון,גרמים,284.00,100 גרם,false,,13.90,0.0489,true,1,118098
7290011312381,false,פטריות סטייק פורטבלה ארוז,קונס`-מרינה פטריות הגליל בעמ*ש,,סטייק פורטובלה,יחידה,0.00,יחידה,false,,14.90,0.0000,true,1,62107
7290011378233,false,"חטיפי חלווה בארכה 126 גרם מארז 7 יחידות לל""ס",קבוצת אוסם סחר שותפות מוגבלת,,מאגדת 6 חטיפי חלבה ל,גרמים,108.00,100 גרם,false,,11.90,0.1102,true,1,27744
7290011378769,false,חטיף חלווה וניל בארכה 126 גרם מארז 7 יחידות,קבוצת אוסם סחר שותפות מוגבלת,,מאגדת 6 יחידות חטיף,יחידה,0.00,יחידה,false,,11.90,0.0000,true,1,23376
7290011378776,false,חטיף חלווה פיסטוק בארכה 126 גרם מארז 7 יחידות,קבוצת אוסם סחר שותפות מוגבלת,,מאגדת 6 יחידות חטיף,יחידה,0.00,יחידה,false,,11.90,0.0000,true,1,23377
7290011379018,false,מארז משפחתי שמפיניון 500 ג' מרינה,ביכורי השדה צפון 1994 ג.ד. בעמ,,מארז פטריות צמד חמד,גרמים,500.00,100 גרם,false,,15.90,0.0318,true,1,3839
7290011379025,false,פלפל צילי אדום חריף,"מרינה פטריות הגליל בע""מ",,"פלפל צ'ילי ""מרינה""",יחידה,0.00,יחידה,false,,5.90,0.0000,true,1,19197
7290011379926,false,סלרי עלים ארוז יח,"מרינה פטריות הגליל בע""מ",,סלרי עלים ארוז,יחידה,0.00,יחידה,false,,6.90,0.0000,true,1,31813
7290011417468,false,"שום קלוף 1 ק""ג",,,"שום קלוף 1 ק""ג",קילוגרמים,1.00,"ק""ג",false,,25.00,25.0000,true,1,122001
7290011424138,false,זרעים של חברות,,,זרעים של חברות,יחידה,0.00,יחידה,false,,5.90,0.0000,true,1,86987
7290011424312,false,זרעים אבטיח,,,זרעים אבטיח,יחידה,0.00,יחידה,false,,5.90,0.0000,true,1,86995
7290011424367,false,זרעים בצל נטורל גרין,,,זרעים בצל,יחידה,0.00,יחידה,false,,5.90,0.0000,true,1,86999
7290011424411,false,זרעים אורגניים-חסה י,,,זרעים חסה ירוקה,יחידה,0.00,יחידה,false,,5.90,0.0000,true,1,87004
7290011424435,false,זרעים חציל,,,זרעים חציל,יחידה,0.00,יחידה,false,,5.90,0.0000,true,1,87006
7290011424442,false,זרעים אורגניים-טימין,,,זרעים טימין,יחידה,0.00,יחידה,false,,5.90,0.0000,true,1,87007
7290011424459,false,זרעים כוסברה,,,זרעים כוסברה,יחידה,0.00,יחידה,false,,5.90,0.0000,true,1,87008
7290011424473,false,זרעים אורגניים-מיקס,,,זרעים מיקס חסות,יחידה,0.00,יחידה,false,,5.90,0.0000,true,1,87010
7290011424534,false,זרעים מלפפון,,,זרעים מלפפון,יחידה,0.00,יחידה,false,,5.90,0.0000,true,1,87016
7290011424572,false,זרעים סלרי,,,זרעים סלרי,יחידה,0.00,יחידה,false,,5.90,0.0000,true,1,87020
7290011424589,false,זרעים אורגניים-עגבני,,,זרעים עגבניה שרי,יחידה,0.00,יחידה,false,,5.90,0.0000,true,1,87021
7290011424596,false,זרעים אורגניים-עגבני,,,זרעים עגבנייה,יחידה,0.00,יחידה,false,,5.90,0.0000,true,1,87022
7290011424619,false,זרעים אורגניים-פטרוז,,,זרעים פטרוזיליה,יחידה,0.00,יחידה,false,,5.90,0.0000,true,1,87024
7290011424626,false,זרעים אורגניים-פלפל,,,זרעים פלפל מתוק,יחידה,0.00,יחידה,false,,5.90,0.0000,true,1,87025
7290011424640,false,זרעים אורגניים-צלוזי,,,זרעים צלוזיה,יחידה,0.00,יחידה,false,,5.90,0.0000,true,1,87027
7290011424657,false,זרעים אורגניים-צנוני,,,זרעים צנונית,יחידה,0.00,יחידה,false,,5.90,0.0000,true,1,87028
7290011424671,false,זרעים רוקט,,,זרעים רוקט,יחידה,0.00,יחידה,false,,5.90,0.0000,true,1,87030
7290011424695,false,זרעים אורגניים-שמיר,,,זרעים שמיר,יחידה,0.00,יחידה,false,,5.90,0.0000,true,1,87032
7290011424732,false,זרעים תרד,,,זרעים תרד,יחידה,0.00,יחידה,false,,5.90,0.0000,true,1,87035
7290011424749,false,זרעים אורגניים-גזר,,,זרעים גזר,יחידה,0.00,יחידה,false,,5.90,0.0000,true,1,87036
7290011424763,false,זרעים מיקס בזיל,,,זרעים מיקס בזיל,יחידה,0.00,יחידה,false,,5.90,0.0000,true,1,87038
7290011424770,false,זרעים אורגניים-כובע,,,זרעים כובע נזיר,יחידה,0.00,יחידה,false,,5.90,0.0000,true,1,87039
7290011424787,false,זרעים אורגניים-אפונה,,,זרעים אפונה ריחנית,יחידה,0.00,יחידה,false,,5.90,0.0000,true,1,87040
7290011424794,false,זרעים דלפיניום,,,זרעים דלפיניום,יחידה,0.00,יחידה,false,,5.90,0.0000,true,1,87041
7290011438142,false,"משקה יטבתה אייס קפה בבקבוק אישי 350 מ""ל",שטראוס גרופ בעמ/מצונן,,משקה אייס קפה 2%,מיליליטרים,350.00,"100 מ""ל",false,,6.30,0.0180,true,1,12082
7290011447014,false,מטרנה דייסת סלט פירות 200 גרם,קבוצת אוסם סחר שותפות מוגבלת,,דייסת סלט פירות,גרמים,200.00,100 גרם,false,,13.90,0.0695,true,1,6218
7290011447267,false,מטרנה פרימיום חלבי שלב 1 700 גרם חיסכון,קבוצת אוסם סחר שותפות מוגבלת,,מטרנה חלבי שלב1,גרמים,700.00,100 גרם,false,,60.00,0.0857,false,1,6502
7290011447304,false,מטרנה פרימיום חלבי שלב 3 700 גרם חיסכון,קבוצת אוסם סחר שותפות מוגבלת,,מטרנה שלב 3 חלבי 700,גרמים,700.00,100 גרם,false,,60.00,0.0857,false,1,6505
7290011447908,false,"מזון לחתולים מלא טעם עוף וכבד סופר קט 3 ק""ג",דיפלומט מפיצים (1968) בעמ**,,"סופר קט 3 ק""ג עוף כב",יחידה,3.00,יחידה,false,,52.90,17.6333,true,1,15816
7290011459031,false,נופר כחול לבן 10אטבי כביסה,cossato,,נופר-אטבי כביסה,יחידה,0.00,יחידה,false,,5.90,0.0000,true,1,23165
7290011459123,false,מברשת מגהץ סגורה מינ,,,מברשת מגהץ סגורה מינ,יחידה,0.00,יחידה,false,,5.90,0.0000,true,1,22591
7290011459147,false,מברשת שולחן גב עץ נופר,,,מברשת שולחן גב עץ,יחידה,0.00,יחידה,false,,10.00,0.0000,true,1,88430
7290011459253,false,"מגב פלסטיק איכותי 55 ס""מ נופר",,,מגב פלסטיק איכותי,יחידה,0.00,יחידה,false,,20.00,0.0000,true,1,23138
7290011459307,false,מגב מילניום פטנט נופר,,,מגב פטנט,יחידה,0.00,יחידה,false,,23.90,0.0000,true,1,22611
7290011459314,false,מטאטא לקה נופר,Mascot,,מטאטה לקה,יחידה,0.00,יחידה,false,,19.90,0.0000,true,1,23139
7290011459352,false,מגב שטיפה איכותי נופר,Atlas Kaya,,מגב שטיפה,יחידה,0.00,יחידה,false,,16.90,0.0000,true,1,22612
7290011459376,false,סט שירותים מונו מפואר,,,סט שרותים מונו מפואר,יחידה,0.00,יחידה,false,,17.50,0.0000,true,1,22620
7290011459390,false,"מברשת לניקוי שטיחים ""נופ",,,מברשת שטיחים,יחידה,0.00,יחידה,false,,8.90,0.0000,true,1,88431
7290011459437,false,מברשת כלים,ideal houseware,,מברשת כלים,יחידה,0.00,יחידה,false,,5.90,0.0000,true,1,22593
7290011459628,false,סט שירותים,,,סט שירותים,יחידה,0.00,יחידה,false,,17.50,0.0000,true,1,118832
7290011459666,false,יעה+מקל מפואר מתקפל יח,Moperia,,יעה + מקל מתקפל,יחידה,0.00,יחידה,false,,17.50,0.0000,true,1,23181
7290011459741,false,מברשת לניקוי בקבוקים נופר,Ningbo cleaning indu,,מברשת לניקוי בקבוקים,יחידה,0.00,יחידה,false,,5.00,0.0000,true,1,23182
7290011459956,false,מקל מתכת 1.5 מטר נופר,Metalstick,,מקל מתכת 150,יחידה,0.00,יחידה,false,,7.90,0.0000,true,1,24162
7290011461058,false,גומא - מקלות ריחניים,מוסקו בעמ,,ארומה בוקה,יחידה,0.00,יחידה,false,,20.00,0.0000,true,1,4915
7290011473006,false,קינואה אורגני לבנה 500 גרם,גורי מוצרי צריכה (1991) בעמ,,קינואה אורגנית 500 ג,גרמים,500.00,100 גרם,false,,14.90,0.0298,true,1,23170
7290011473051,false,קוואקר עבה אורגני 500 גרם,גורי מוצרי צריכה (1991) בעמ,,קוואקר אורגני תבואות,גרמים,500.00,100 גרם,false,,10.00,0.0200,true,1,24958
7290011473082,false,אורז בסמטי מלא אורגני 500 גר,תבואות,,תבואות-אורז בסמטי מל,גרמים,500.00,100 גרם,false,,11.90,0.0238,true,1,25692
7290011473099,false,אורז עגול מלא אורגני 500 גר,גורי מוצרי צריכה בעמ,,אורז עגול מלא אורגני,מיליליטרים,500.00,"100 מ""ל",false,,9.90,0.0198,true,1,25681
7290011473129,false,גרעיני חמניות קלוף אורגני 300 גרם,גורי מוצרי צריכה בעמ,,תבואות חמניות קלופות,גרמים,300.00,100 גרם,false,,10.90,0.0363,true,1,33500
7290011473150,false,שומשום מלא אורגני 400 גרם,תבואות,,תבואות שומשום מלא או,גרמים,400.00,100 גרם,false,,12.90,0.0323,true,1,30827
7290011473181,false,עדשים שחורים אורגני 500 גרם תבאות,גורי מוצרי צריכה (1991) בעמ,,עדשים שחורות אורגני,יחידה,0.00,יחידה,false,,15.00,0.0000,true,1,23114
7290011473198,false,עדשים חומים אורגני 500 גרם,,,תבואות עדשים חומים א,גרמים,500.00,100 גרם,false,,11.90,0.0238,true,1,29725
7290011473204,false,עדשים ירוקים אורגני 500 גרם,גורי מוצרי צריכה (1991) בעמ,,תבואות עדשים ירוקות,גרמים,500.00,100 גרם,false,,11.90,0.0238,true,1,31346
7290011473211,false,"עדשים אדומים אורגני 500 גרם ""תבואות""",גורי מוצרי צריכה (1991) בעמ,,עדשים אדומות אורגניו,גרמים,500.00,100 גרם,false,,11.90,0.0238,true,1,26220
7290011473228,false,אפונה ירוקה אורגנית 500 גרם,תבואות,,אפונה ירוקה אורגנית,גרמים,500.00,100 גרם,false,,10.00,0.0200,true,1,28160
7290011473242,false,פשתן זרעים אורגני 500 גרם,גורי מוצרי צריכה (1991) בעמ,,תבואות-פשתן אורגני,גרמים,500.00,100 גרם,false,,10.50,0.0210,true,1,25693
7290011473259,false,פשתן טחון אורגני 350 גרם,תבואות,,תבואות פשתן טחון אור,גרמים,350.00,100 גרם,false,,11.90,0.0340,true,1,28479
7290011473266,false,אמרנט אורגני 500 גר תבואות ללא גלוטן,תבואות,,אמרט אורגני 500 גר',גרמים,500.00,100 גרם,false,,13.90,0.0278,true,1,25469
7290011473273,false,בורגול מלא אורגני 500ג,גורי מוצרי צריכה בעמ,,בורגול אורגני 500 גר,גרמים,500.00,100 גרם,false,,8.90,0.0178,true,1,25407
7290011473280,false,חומוס אורגני תבואות,גורי מוצרי צריכה (1991) בעמ,,חומוס אורגני תבואות,גרמים,500.00,100 גרם,false,,10.90,0.0218,true,1,24348
7290011473297,false,גריסי פנינה אורגנים 500 גרם,גורי מוצרי צריכה בעמ,,גריסי פנינה אורגניים,גרמים,500.00,100 גרם,false,,10.00,0.0200,true,1,26221
7290011473334,false,שעועית לבנה אורגנית 500 גרם,גורי מוצרי צריכה בעמ,,שעועית לבנה אורגנית,גרמים,500.00,100 גרם,false,,11.90,0.0238,true,1,26390
7290011473341,false,שעועית אדומה 500 גרם תבואות,תבואות,,שעועית אדומה אורגנית,גרמים,500.00,100 גרם,false,,12.90,0.0258,true,1,28684
7290011473389,false,קמח כוסמין לבן אורגני 500 גרם,תבואות מוצרי מזון או,,קמח כוסמין לבן אורגנ,גרמים,500.00,100 גרם,false,,11.90,0.0238,true,1,19652
7290011473433,false,תבואת בר כוסמת אורגנ,גורי מוצרי צריכה (1991) בעמ,,כוסמת אורגנית 500 גר,גרמים,500.00,100 גרם,false,,9.90,0.0198,true,1,26222
7290011473440,false,גרעיני שיבולת שועל אורגני 500 גרם תבואות,תבואות,,גרעיני שיבולת שועל א,גרמים,500.00,100 גרם,false,,10.90,0.0218,true,1,28297
7290011473471,false,אורז בסמטי לבן אורגני 500 גרם,תבואות,,אורז בסמטי לבן אורגנ,גרמים,500.00,100 גרם,false,,11.90,0.0238,true,1,33496
7290011473495,false,שמרי בירה-פתיתים טבעי 200 גר,תבואות,,פתיתי בירה טבעי 200,גרמים,200.00,100 גרם,false,,22.90,0.1145,true,1,25409
7290011473525,false,אורז בר שחור טבעי 40,תבואות,,אורז בר שחור טבעי 40,גרמים,400.00,100 גרם,false,,31.90,0.0797,true,1,25274
7290011473570,false,קמח חומוס טבעי תבואות 500 גרם אורגני,גורי מוצרי צריכה (1991) בעמ,,קמח חומוס טבעי 500 ג,גרמים,500.00,100 גרם,false,,12.90,0.0258,true,1,25204
7290011473617,false,טיב הטבע ציה טבעי 300 גרם תבואות,גורי מוצרי צריכה (1991) בעמ,,זרעי צ'יה 300 גר',גרמים,300.00,100 גרם,false,,16.90,0.0563,true,1,57470
7290011473648,false,סוכר דמררה תבואות 1 קג אורגני,גורי מוצרי צריכה (1991) בעמ,,תבואות-סוכר דמררה או,קילוגרמים,1.00,"ק""ג",false,,10.90,10.9000,true,1,23488
7290011473655,false,סוכר קנים אורגני 1 קילו,גורי מוצרי צריכה (1991) בעמ,,סוכר קנים אורגני 1קג,קילוגרמים,1.00,"ק""ג",false,,9.90,9.9000,true,1,23094
7290011473709,false,קינואה אורגנית תבואו,,,קינואה אורגנית תבואו,קילוגרמים,1.00,"100 ק""ג",false,,26.90,26.9000,true,1,60177
7290011473723,false,הימליה דק שקית 1 קילו תבואות,גורי מוצרי צריכה (1991) בעמ,,מלח הימליה דק,קילוגרמים,1.00,"ק""ג",false,,14.90,14.9000,true,1,63561
7290011473891,false,עדשים צהובים אורגני 500 גרם,תבואות,,עדשים צהוב אורגני 50,גרמים,500.00,100 גרם,false,,11.90,0.0238,true,1,26911
7290011473952,false,קוואקר מהיר להכנה טבעי 400 גרם אורגני,גורי מוצרי צריכה (1991) בעמ,,קוואקר מהיר הכנה,גרמים,400.00,100 גרם,false,,6.90,0.0173,true,1,23200
7290011473969,false,קינואה טריו אורגנית 500 גרם,גורי מוצרי צריכה (1991) בעמ,,תבואות קינואה טריו א,גרמים,500.00,100 גרם,false,,21.90,0.0438,true,1,33998
7290011474010,false,"קמח כוסמין לבן טבעי 1 ק""ג תבואות",תבואות,,"קמח כוסמין 1 ק""ג תבו",קילוגרמים,1.00,"ק""ג",false,,14.90,14.9000,true,1,80156
7290011474058,false,ספגטי כוסמין מלא אורגני 500 ג',גורי מוצרי צריכה (1991) בעמ,,ספגטי כוסמין אורגני,גרמים,500.00,100 גרם,false,,18.90,0.0378,true,1,23224
7290011474072,false,פוזילי כוסמין אורגני 500 גר,תבואות,,פסטה כוסמין אורגני פ,גרמים,500.00,100 גרם,false,,18.90,0.0378,true,1,26829
7290011474249,false,ממרח שקדים טבעי 300 גרם,גי' אנד גי' בעמ,,ממרח שקדים,גרמים,300.00,100 גרם,false,,27.90,0.0930,true,1,63562
7290011474256,false,מלח הימליה גס שקית 1 קילו תבואות,גורי מוצרי צריכה (1991) בעמ,,הימליה מלח גס שקית 1,קילוגרמים,1.00,"100 ק""ג",false,,14.90,14.9000,true,1,69360
7290011474362,false,קמח עדשים תבואות 500 גרם אורגני,גורי מוצרי צריכה (1991) בעמ,,תבואות-קמח עדשים אור,גרמים,500.00,100 גרם,false,,12.90,0.0258,true,1,31404
7290011474386,false,קוואקר דק אורגני 500 גרם,גורי מוצרי צריכה (1991) בעמ,,קוואקר אורגני דק 500,גרמים,500.00,100 גרם,false,,10.00,0.0200,true,1,33499
7290011474447,false,קוואקר עבה טבעי תבואות 400 גרם אורגני,גורי מוצרי צריכה (1991) בעמ,,קוואקר עבה טבעי,גרמים,400.00,100 גרם,false,,6.50,0.0163,true,1,23202
7290011474454,false,שעועית MIX אורגני 500 גרם תבואות,תבואות,,תבואות שעועית מיקס א,גרמים,500.00,100 גרם,false,,13.90,0.0278,true,1,28242
7290011474706,false,פתיתי שפע טבעי 200 גרם תבואות,,,תבואות פתיתי שפע,גרמים,200.00,100 גרם,false,,7.50,0.0375,true,1,32400
7290011474898,false,סוכר קוקוס תבואות 300 גרם אורגני,גורי מוצרי צריכה (1991) בעמ,,תבואות-סוכר קוקוס או,גרמים,300.00,100 גרם,false,,13.90,0.0463,true,1,33207
7290011474997,false,ערמונים אורגניים 100 גר,תבואות,,ערמונים 100 גר' אורג,גרמים,100.00,100 גרם,false,,5.20,0.0520,true,1,68685
7290011482145,false,"מי ורדים 250 מ""ל",,,"מי ורדים 250 מ""ל",מיליליטרים,250.00,"100 מ""ל",false,,13.90,0.0556,true,1,28867
7290011482244,false,"סירופ מלבי 250 מ""ל",,,"סירופ מלבי 250 מ""ל",מיליליטרים,250.00,"100 מ""ל",false,,15.00,0.0600,true,1,69313
7290011498092,false,מרציפן נטו 56% 200 גרם,"אלמנדוס בע""מ",,מרציפן נטו 200 גרם,גרמים,200.00,100 גרם,false,,21.90,0.1095,true,1,81942
7290011498160,false,שמן קוקוס 100% שקד תבור 1 ליטר,שקד תבור,,שמן קוקוס אורגני 100,ליטרים,1.00,ליטר,false,,44.90,44.9000,true,1,82407
7290011498177,false,ממרח שקד לבן מקולף 700 ג,שקד תבור,,ממרח שקד לבן 700 גר,גרמים,700.00,100 גרם,false,,59.90,0.0856,true,1,63434
7290011498221,false,גרוסליין - סילאן טבעי 900 גרם,אלמנדוס,,סילאן תמרים טבעי 900,גרמים,900.00,100 גרם,false,,15.90,0.0177,true,1,69371
7290011498283,false,אגוזי אדמה חמאה בוטנים 700 גר,שקד תבור,,חמאת בוטנים טבעית 70,גרמים,700.00,100 גרם,false,,21.90,0.0313,true,1,81947
7290011498351,false,ממרח אילסר אגוזי לוז,שקד תבור,,חמאת אגוזי לוז,גרמים,200.00,100 גרם,false,,24.90,0.1245,true,1,63594
7290011498375,false,חמאת קוקוס אורגני 10,שקד תבור,,חמאת קוקוס אורגני 10,גרמים,300.00,100 גרם,false,,16.90,0.0563,true,1,63437
7290011498405,false,שמן קוקוס אורגני 350,שקד תבור,,שמן קוקוס אורגני 100,מיליליטרים,350.00,"100 מ""ל",false,,19.90,0.0569,true,1,63433
7290011498429,false,שוקולד אורגני מריר 70% 200 גרם,לובקה,,שוקולד אורגני מריר 7,גרמים,200.00,100 גרם,false,,23.90,0.1195,true,1,81974
7290011498504,false,ממרח חלבה פרווה (350 גרם),שקד תבור,,ממרח חלבה עשיר 350 ג,גרמים,350.00,100 גרם,false,,12.90,0.0369,true,1,81962
7290011498511,false,ממרח חלבה מלאה עשירה350ג,שקד תבור,,ממרח חלבה מלאה 350 ג,גרמים,350.00,100 גרם,false,,12.90,0.0369,true,1,82020
7290011498542,false,ערכת שוקולד ביתי 250 גרם,שקד תבור,,ערכת שוקולד ביתי 250,גרמים,250.00,100 גרם,false,,23.90,0.0956,true,1,68309
7290011498801,false,מרציפן פרימיום 65% 200 גרם,"אלמנדוס בע""מ",,מרציפן פרימיום 65%,גרמים,200.00,100 גרם,false,,23.90,0.1195,true,1,81946
7290011498863,false,רכז דבש חרובים ללא ת,שקד תבור,,רכז דבש חרובים ללא ת,גרמים,350.00,100 גרם,false,,12.90,0.0369,true,1,29420
7290011498887,false,מארז חטיפי תמר במילוי חמאת קוקוס 150 גרם,"אלמנדוס בע""מ",,מארז חטיפי תמר במילו,גרמים,150.00,100 גרם,false,,14.90,0.0993,true,1,81965
7290011498894,false,מארז חטיפי תמר במילוי חמאת בוטנים 150 גרם,מרכז השקד,,מארז חטיפי תמר במילו,גרמים,150.00,100 גרם,false,,14.90,0.0993,true,1,81966
7290011498900,false,מארז חטיפי תמר במילוי חמ.שקדים בציפוי שוקולד 100% קקאו 150 גרם,"אלמנדוס בע""מ",,מארז חטיפי תמר במילו,גרמים,150.00,100 גרם,false,,16.90,0.1127,true,1,81982
7290011498917,false,מארז חטיפי תמר במילוי חמ.קוקוס בציפוי שוקולד 100% קקאו 150 גרם,מרכז השקד,,מארז חטיפי תמר במיל,גרמים,150.00,100 גרם,false,,16.90,0.1127,true,1,82021
7290011498948,false,מארז חטיפי תמר מצופה שוקולד 100% קקאו 150 גרם,"אלמנדוס בע""מ",,מארז חטיפי תמר מצופה,גרמים,150.00,100 גרם,false,,16.90,0.1127,true,1,66546
7290011498955,false,אגוזי אדמה חמאת בוטנ300ג,שקד תבור,,חמאת בוטנים טבעית,גרמים,300.00,100 גרם,false,,10.90,0.0363,true,1,63441
7290011498962,false,שקד לבן בכבישה קרה 300 ג,"אלמונדס בע""מ",,ממרח שקד לבן 300 גר,גרמים,300.00,100 גרם,false,,29.90,0.0997,true,1,28408
7290011498979,false,שקד לבן בתוספת סיבים 300 גרם,מרכז השקד,,ממרח שקד לבן מועשר,גרמים,300.00,100 גרם,false,,29.90,0.0997,true,1,64507
7290011498986,false,מארז חטיפי תמר במילוי חמאת קשיו בציפוי שוקולד 100% קקאו,שקד תבור,,מארז חטיפי תמר במילו,גרמים,150.00,100 גרם,false,,16.90,0.1127,true,1,63442
7290011498993,false,קשיו לבן 100% טבעי 300 ג,מרכז השקד,,ממרח קשיו לבן,גרמים,300.00,100 גרם,false,,27.90,0.0930,true,1,63443
7290011499051,false,פטה כבשים מסורתית 20% בגביע 250 גרם - רובין,מחלבות גד שיווק 1992 בעמ,,פטה כבשים גביע גד 25,גרמים,250.00,100 גרם,false,,26.70,0.1068,true,1,8757
7290011499105,false,בולגרית מסורתית 5% 250 גרם -רבנות,מחלבות גד שיווק 1992 בעמ,,בולגרית 5% 250גר,גרמים,250.00,100 גרם,false,,22.70,0.0908,true,1,1752
7290011499112,false,בולגרית מסורתית 16% 250 גרם - רבנות,מחלבות גד שיווק 1992 בעמ,,בולגרית 16% 250גר,גרמים,250.00,100 גרם,false,,23.20,0.0928,true,1,1753
7290011499129,false,גבינה בולגרית מעודנת קוביות קטנות 5% גד 200 גרם,מחלבות גד שיווק 1992 בעמ,,קוביות בולגרית מעודנ,גרמים,200.00,100 גרם,false,,22.90,0.1145,true,1,1754
7290011499303,false,פטה עיזים מעודנת 5% בגביע 250 גרם - רבנות,מחלבות גד שיווק 1992 בעמ,,בולגרית מעודנת עיזים,גרמים,250.00,100 גרם,false,,29.00,0.1160,true,1,1759
7290011499327,false,גבינה בולגרית מעודנת 5% 250 גרם - רבנות,מחלבות גד שיווק 1992 בעמ,,בולגרית מעודנת חלב ב,גרמים,250.00,100 גרם,false,,23.20,0.0928,true,1,1761
7290011499341,false,גבינת קשקבל ארוז 26 אחוז 250גרם גד,מחלבות גד שיווק 1992 בעמ,,קאשקבל 22% 200 גרם ג,גרמים,200.00,100 גרם,false,,25.90,0.1295,true,1,8760
7290011499365,false,גבינת חלומי 24% מחלב בקר גד (200 גרם),מחלבות גד שיווק 1992 בעמ,,גבינת חלומי 24% 200,גרמים,200.00,100 גרם,false,,21.90,0.1095,true,1,1762
7290011499419,false,גבינה במרקם שמנת בטעם טבעי 5% ניו יורק,מחלבות גד שיווק 1992 בעמ,,גבינת קרם שמנת ניו י,גרמים,200.00,100 גרם,false,,12.00,0.0600,true,1,1764
7290011499525,false,גבינת לאבנה דרוזית 9% גד 500 גרם,מחלבות גד שיווק 1992 בעמ,,לאבנה 9% גד,גרמים,500.00,100 גרם,false,,19.50,0.0390,true,1,8763
7290011499624,false,שמנת 30% ניו יורק טבעי 200 גרם רבנות,מחלבות גד שיווק 1992 בעמ,,גבינת שמנת בטעם טבעי,גרמים,200.00,100 גרם,false,,13.20,0.0660,true,1,8765
7290011499846,false,גבינת ריקוטה פרסקה 9% גד (300 גרם),מחלבות גד שיווק 1992 בעמ,,ריקוטה פרסקה גד,גרמים,300.00,100 גרם,false,,17.90,0.0597,true,1,1772
7290011505585,false,סט סינרים לתינוק עם סקוטש-6 יח' טוליפס,,,סט סינרים לתינוק,יחידה,0.00,יחידה,false,,36.90,0.0000,true,1,10302
7290011515683,false,מאגדת טילון אקסטרים וניל נסטלה 6 יחידות,נגה גלידות שותפות מוגבלת,,מאגדת טילון אקסטרים,גרמים,432.00,100 גרם,false,,32.00,0.0741,true,1,8965
7290011515911,false,שלגוני לייט ריבת חלב עם סירופ 6*52 גרם,נגה גלידות שותפות מוגבלת,,מאגדת שלגון לייט ריב,גרמים,312.00,100 גרם,false,,26.90,0.0862,true,1,8967
7290011517564,false,רוז לאב ליין דאו.רול און 48 ללא אלומיניו,חלאבין Halvin,,רול און לאב ליין,מיליליטרים,80.00,"100 מ""ל",false,,16.90,0.2112,true,1,13955
7290011518561,false,"אקטימל תות 1.51 ק""ג מארז 14 יחידות",שטראוס גרופ בעמ/מצונן,,אקטימל תות 1.5% מארז,ליטרים,1.40,ליטר,false,,29.90,21.3571,false,1,12090
7290011524548,false,גרגרי חומוס מוקפאים 800 גר`פרי גליל,ויטה- פרי גליל (החדשה) בעמ,,גרגירי חומוס 800 גר',גרמים,800.00,100 גרם,false,,11.90,0.0149,true,1,13010
7290011524968,false,פולי סויה מוקפאים Green & Fresh,ויטה-פרי גליל (החדשה) בעמ,,"פולי סויה 1 ק""ג פרי",קילוגרמים,1.00,"ק""ג",false,,14.50,14.5000,true,1,77831
7290011525712,false,"קמיל בלו אל סבון סנסיטיב לפני השינה ד""ר פישר 1 ליטר","פישר תעשיות פרמצביטות בע""מ",,קמיל בלו סנסיטיב אל,ליטרים,1.00,ליטר,false,,29.90,29.9000,true,1,13335
7290011525729,false,שמפו לתינוק קמיל בלו סנסטיב לפני השינה עם לבנדר וקמומיל,"פישר תעשיות פרמצביטות בע""מ",,קמיל בלו סנסיטיב לפנ,ליטרים,1.00,ליטר,false,,29.90,29.9000,true,1,13336
7290011530471,false,פולי סויה אדממה בלדי (1 קג)בדץ,ד'\ג'\יאנג קינשור פודס ק,,"פולי סויה אדממה 1 ק""",קילוגרמים,1.00,"ק""ג",false,,16.90,16.9000,true,1,85881
7290011575007,false,"הפי מרסס שומר ברק למקלחון 750 מ""ל","יעקב יעקבי ובניו בע""מ",,הפי לאמבט ולמקלחון,מיליליטרים,750.00,"100 מ""ל",false,,19.90,0.0265,true,1,14995
7290011575014,false,מטליות הפי לניקוי רב שימושי 9 יח,יעקובי הפי,,מטליות הפי לניקוי כל,יחידה,0.00,יחידה,false,,11.90,0.0000,true,1,14996
7290011575250,false,מברשת הפי מבריק וצובע נעליים שחור יעקבי,יעקב יעקבי ובניו בעמ,,מבריק נעליים יעקבי,יחידה,0.00,יחידה,false,,10.90,0.0000,true,1,15001
7290011598211,false,"סנו - אנטי קאלק מרסס ניקוי כללי 4 ב-1 700 מ""ל",החברה הדרומית לשיווק בעמ,,סנו אנטי קאלק 4 באחד,מיליליטרים,700.00,"100 מ""ל",false,,18.90,0.0270,false,1,3539
7290011598259,false,"פרש מטהר אוויר אוטומטי בניחוח מאסק סנו 250 מ""ל",החברה הדרומית לשיווק בעמ,,סנו פרש אוטומטיק ג'י,מיליליטרים,250.00,"100 מ""ל",false,,14.90,0.0596,true,1,16387
7290011598365,false,רביעיית מטליות מיקרופייבר מקצועיות סנו סושי,החב הדרומית לשיווק,,מטליות סנו סושי מיקר,יחידה,0.00,יחידה,false,,15.90,0.0000,true,1,16388
7290011598372,false,"מטלית מקצועית לריצפה פרופישיונל ""סנו סושי""",החברה הדרומית לשיווק בעמ,,מטלית מיקרופייבר לרצ,יחידה,0.00,יחידה,false,,11.90,0.0000,true,1,16389
7290011598402,false,מקסימה מרכך כביסה ארומתרפי מאסק סנו 4 ליטר,החברה הדרומית לשיווק בעמ,,מרכך סנו מקסימה 4 לי,ליטרים,4.00,ליטר,false,,21.90,5.4750,false,1,3540
7290011607180,false,"אבקת כביסה קולון 101 1.25 ק""ג",רקיט בנקיזר (ניר איסט) בעמ,,קולון 101 1.25קג',יחידה,1.25,יחידה,false,,11.90,9.5200,false,1,18050
7290011607197,false,"קולון 101 אבקת כביסה 5 ק""ג",רקיט בנקיזר (ניר איסט) בעמ,,קולון 101 5קג',קילוגרמים,5.00,"ק""ג",false,,39.90,7.9800,false,1,61657
7290011615260,false,"טורטייה 20 ס""מ קוטר וילי פוד 540 גר",ג.וילי פוד אינטרנשיונל בעמ,,טורטיה וילי פוד 540ג,גרמים,540.00,100 גרם,false,,9.90,0.0183,true,1,3123
7290011618025,false,בייבי ביס הוט קידס נגיסי אורז לתינוק,גואנז'ו יונג וואנט פ,,נגיסי אורז לתינוקות,גרמים,50.00,100 גרם,false,,13.90,0.2780,true,1,10868
7290011618124,false,נגיסי אורז לתינוקות בטעם ירקות,גואנז'ו יונג וואנט פ,,נגיסי אורז לתינוקות,גרמים,50.00,100 גרם,false,,13.90,0.2780,true,1,10870
7290011622305,false,כתמטמינים חטיף לתינוקות אצבעות בוטנים ותירס - רביעיה,הארט Heart,,מארז 4 כתמטמינים 20,גרמים,80.00,100 גרם,false,,12.90,0.1613,true,1,62890
7290011695224,false,"רוטב צ'ילי מתוק 700 מ""ל",BAAECO,,רוטב צ'ילי מתוק 700מ,מיליליטרים,700.00,"100 מ""ל",false,,9.90,0.0141,true,1,23112
7290011695408,false,נאמן ציפוי מתובל לשניצל 350גר,עבדו,,ציפוי מתובל לשניצל ה,גרמים,350.00,100 גרם,false,,11.90,0.0340,true,1,63025
7290011695477,false,דבש טבעי מפרחי שדה,מכוורת עמק חפר,,דבש טבעי מפרחי שדה,גרמים,350.00,100 גרם,false,,22.90,0.0654,true,1,31156
7290011695620,false,סירופ מייפל טופ 700ג',מיטב תעשיות,,סירופ בטעם מייפל,גרמים,700.00,100 גרם,false,,10.90,0.0156,true,1,23894
7290011695651,false,צנימים עגולים 300 גרם נאמן,נאמן לאורך זמן בעמ,,צנימים עגולים,גרמים,300.00,100 גרם,false,,10.90,0.0363,true,1,13989
7290011695712,false,חמאת בוטנים עם שברי 510 ג' NEEMAN,SUPER NUTRI,,חמאת בוטנים נאמן קרמ,גרמים,510.00,100 גרם,false,,11.90,0.0233,true,1,1041
7290011717001,false,לחם בריאות ללא חומר,ג.א.ל שרותי ארוחות,,לחם בריאות,גרמים,650.00,100 גרם,false,,13.90,0.0214,true,1,4693
7290011723101,false,טחינה הר ברכה 1 ליטר,רזיט שיווק בעמ,,טחינה הר ברכה 950 גר,גרמים,950.00,100 גרם,false,,34.90,0.0367,true,1,30824
7290011723200,false,טחינה הר ברכה 100% שומשום טהור 500 גר,טחינה הר ברכה בעמ,,טחינה הר ברכה 450 גר,גרמים,450.00,100 גרם,false,,17.90,0.0398,true,1,30825
7290011728007,false,נאצוס תירס טבעי טרז פזוס 180 גרם,,,נאצ'וס תירס 180 גר',גרמים,180.00,100 גרם,false,,18.90,0.1050,true,1,70452
7290011728298,false,חלפיניו ירוק פרוס עם בצל 195 גר,"דוידוב סלמון בע""מ",,חלפניו ירוק פרוס עם,גרמים,195.00,100 גרם,false,,24.90,0.1277,true,1,27786
7290011728724,false,סלסה עגבניות חרוכות 200 גרם,,,סלסה עגבניות חרוכות,גרמים,200.00,100 גרם,false,,18.90,0.0945,true,1,74753
7290011728755,false,פלפל ארבול שלם מיובש 40 גר,,,פלפל ארבול שלם מיובש,גרמים,40.00,100 גרם,false,,9.90,0.2475,true,1,86961
7290011728762,false,פלפל צ'פוטלה יבש שלם 40 גר,,,פלפל ציפטולה יבש שלם,גרמים,40.00,100 גרם,false,,9.90,0.2475,true,1,86962
7290011728779,false,פלפל גואחילו שלם מיובש 40 גר,,,פלפל גואחילו שלם מיו,גרמים,40.00,100 גרם,false,,9.90,0.2475,true,1,117465
7290011745707,false,משחת שיניים פרונמל Pro namel לילדים לגילאי 6-12,גלקסו סמית קליין,,סנסודיין פרונאמל ילד,מיליליטרים,50.00,"100 מ""ל",false,,15.90,0.3180,true,1,17941
7290011765071,false,ג'ל גילוח לעור רגיל לחות והגנה Moisture,טרופיקל דגיל תעשיות,,קרמה ג'ל גילוח כתום,מיליליטרים,200.00,"100 מ""ל",false,,10.90,0.0545,true,1,3541
7290011765088,false,ג'ל גילוח לעור רגיל מנטול Cool,החברה הדרומית לשיווק בעמ,,קרמה ג'ל גילוח כחול,מיליליטרים,200.00,"100 מ""ל",false,,12.90,0.0645,true,1,16393
7290011765118,false,קצף גילוח קרמה מן דליקט 200 מל,"אביאפ, איסטנבול, תור",,קרמה קצף גילוח ירוק,מיליליטרים,200.00,"100 מ""ל",false,,12.90,0.0645,true,1,16396
7290011765392,false,"בוב ספוג שמפו לשיער לסירוק קל כיף 750 מ""ל",החברה הדרומית לשיווק בעמ,,שמפו כיף בוב ספוג 75,מיליליטרים,750.00,"100 מ""ל",false,,11.90,0.0159,true,1,16409
7290011765422,false,אל סבון מועשר בלחות ותמצית קמומיל - בוב ספוג,החברה הדרומית לשיווק בעמ,,אל סבון כייף לילדים,מיליליטרים,750.00,"100 מ""ל",false,,11.90,0.0159,true,1,16411
7290011765446,false,משחת שיניים לילדים בוב ספוג בטעם מיץ ענבים עם פלואוריד למניעת עששת,טרופיקל דגיל תעשיות קוסמ,,משחת שיניים אורביטול,גרמים,50.00,100 גרם,false,,9.90,0.1980,false,1,16413
7290011765613,false,סנו מסיר עובש בניחות לימון מתז 1 ל',החברה הדרומית לשיווק בעמ,,סנו מסיר עובש בניחוח,ליטרים,1.00,ליטר,false,,17.90,17.9000,true,1,77070
7290011800840,false,רפי כהן סלט טחינה בלאדי צבר 400 גרם,קבוצת אוסם סחר שותפות מוגבלת,,טחינה לבנה רפי,גרמים,400.00,100 גרם,false,,15.90,0.0398,true,1,6520
7290011830007,false,"סוכר חום אורגני השדה מוצרים אורגנים 1 ק""ג",השדה מוצרים אורגניים,,"סוכר חום אורגני 1 ק""",קילוגרמים,1.00,"ק""ג",false,,11.90,11.9000,true,1,33021
7290011830243,false,אטריות אורג. ללא גלוטן מאורז תאילנדי 250,השדה מוצרים אורגניים,,אטריות אורגניות מאור,גרמים,250.00,100 גרם,false,,14.90,0.0596,true,1,11039
7290011830250,false,נודלס אורגני ללא גלוטן 100% כווסמת 250 גרם,השדה מוצרים אורגניים,,נודלס 100% כוסמת,גרמים,250.00,100 גרם,false,,16.90,0.0676,true,1,33102
7290011830366,false,טליאטלה מקמח דורום 5 צבעים אורגני 500 גר,השדה מוצרים טבעיים ו,,פסטה אורגנית מקמח דו,גרמים,500.00,100 גרם,false,,25.90,0.0518,true,1,82893
7290011830991,false,צ'יקי מאנקי חטיף בוטנים אורגני 60 גרם ללא גלוטן,השדה מוצרים טבעיים ו,,חטיף צ'קי מאנקי,גרמים,60.00,100 גרם,false,,6.50,0.1083,true,1,69135
7290011851606,false,סחלב תערובת הכנה 500 ג',נאמן לאורך זמן בעמ,,תערובת להכנת סחלב,גרמים,500.00,100 גרם,false,,15.90,0.0318,true,1,8506
7290011876388,false,קציצות עוף ובקר מאמא עוף (600 גרם),תנובה מרכז שיתופי לשיווק תוצרת,,קציצות בקר ועוף 600,גרמים,600.00,100 גרם,false,,28.90,0.0482,false,1,23967
7290011877088,false,"רדיד אלומיניום רוחב 30 ס""מ, 18 מיקרון - מארז זוג",החברה הדרומית לשיווק בעמ,,סנו סושי צמד רדידי א,יחידה,0.00,יחידה,false,,16.90,0.0000,true,1,20974
7290011877095,false,"רדיד אלומיניום רוחב 45 ס""מ סנו סושי 2*7.5 מטר",החב הדרומית לשיווק,,זוג רדיד אלומיניום ס,יחידה,0.00,יחידה,false,,22.00,0.0000,true,1,21769
7290011877101,false,"סנומוד מטהר אוויר מאסק סנו 150 מ""ל",החברה הדרומית לשיווק בעמ,,סנו מוד,מיליליטרים,150.00,"100 מ""ל",false,,12.90,0.0860,true,1,16417
7290011877835,false,שקיות ואקום לאחסון XXL סנו סושי 2 יחידות,מיוצר עי קונדיטוריית,,סנו סושי אריזות ואקו,יחידה,0.00,יחידה,false,,23.90,0.0000,true,1,16425
7290011877859,false,סנו אינסטלטור חדש פותח סתימות 200ג',החברה הדרומית לשיווק בעמ,,סנו אינסטלטור,מיליליטרים,200.00,"100 מ""ל",false,,13.90,0.0695,true,1,16427
7290011877866,false,"מקסימה אבקת כביסה בניחוח מאסק סנו 6 ק""ג",החברה הדרומית לשיווק בעמ,,"מקסימה 6 ק""ג מאסק",קילוגרמים,6.00,"ק""ג",false,,49.90,8.3167,false,1,16428
7290011877910,false,אורביטול טריפלאקשיין בטעם פרש מינט,קוסמופארם,,מי פה טריפל ורוד 500,מיליליטרים,500.00,"100 מ""ל",false,,19.90,0.0398,true,1,16429
7290011878351,false,תמרים מגהול 400 גרם אורגני,,,תמרים מג'הול 400 גרם,גרמים,400.00,100 גרם,false,,27.90,0.0697,true,1,70981
7290011878368,false,תמרים זהידי 400 גרם,,,תמרים זהידי,גרמים,400.00,100 גרם,false,,15.90,0.0398,true,1,77959
7290011923068,false,הצהובה הקלאסית פרוס תחליף שומן צמחי 200גר,,,פרוסות צהובה קלאסית,גרמים,200.00,100 גרם,false,,17.50,0.0875,true,1,117645
7290011923082,false,גבינה פרוסות בסגנון מוצרלה טבעוני 200 ג,,,פרוסות בסגנון מוצרלה,גרמים,200.00,100 גרם,false,,17.50,0.0875,true,1,117549
7290011923105,false,"פרוסות גבינה בסגנון צ'דר 200 גרם ""ליב""",,,פרוסות בסגנון צ'דר,גרמים,200.00,100 גרם,false,,17.50,0.0875,true,1,117646
7290011923112,false,גבינת גוש בסגנון פטה יוונית טבעוני 200 ג,,,גוש בסגנון פטה יווני,גרמים,200.00,100 גרם,false,,17.50,0.0875,true,1,117550
7290011923273,false,טופו אורגני ליב (300 גרם),ל.י.ב. (לחיות יותר בטבע) בעמ,,טופו אורגני ליב,גרמים,300.00,100 גרם,false,,13.90,0.0463,true,1,27901
7290011923303,false,טופו טבעי ליב (300 גרם),ל.י.ב. (לחיות יותר בטבע) בעמ,,טופו טבעי 300 גר',גרמים,300.00,100 גרם,false,,11.90,0.0397,true,1,32519
7290011931162,false,סוכרלייט ממתיק נוזלי על בסיס סוכרלוז,אף.סי תבליני בגליל ב,,סוכרלייט נוזלי,יחידה,220.00,יחידה,false,,27.90,0.1268,true,1,12384
7290011931193,false,סוכרלייט סוכרזית כפית לכפית 100 גרם,שטראוס גרופ בע`מ,,סוכרלייט כפית לכפית,גרמים,105.00,100 גרם,false,,29.90,0.2848,true,1,12385
7290011947309,false,זיתים מצוננים סורי מבוקע ולימון כבוש זיתא 230 ג',תה ויסוצקי (ישראל) בעמ,,זית סורי מבוקע עם לי,גרמים,220.00,100 גרם,false,,12.90,0.0586,true,1,27911
7290011947316,false,זיתא זיתי קלמטה בשמן זית כתית מעולה 215ג,תה ויסוצקי (ישראל) בעמ,,זיתים קלמטה זיתא,יחידה,0.00,יחידה,false,,12.90,0.0000,true,1,34409
7290011947521,false,"שמן זית כתית מעולה 750 מ""ל טעם מודגש זיתא",תה ויסוצקי (ישראל) בעמ,,שמן זית כתית מעולה 7,מיליליטרים,750.00,"100 מ""ל",false,,32.90,0.0439,false,1,81584
7290011947743,false,זיתים זיתא מיקס זית ירוק וזית קלמטה 215 גרם,תה ויסוצקי (ישראל) בעמ,,מיקס זית ירוק וזית ק,גרמים,215.00,100 גרם,false,,12.90,0.0600,true,1,81711
7290011947781,false,מיקס זית ירוק וזית קלמטה ללא גלעין עם שמן זית כתית מעולה,תה ויסוצקי (ישראל) בעמ,,מיקס זית ירוק וזית ק,גרמים,190.00,100 גרם,false,,12.90,0.0679,true,1,86400
7290011947798,false,זית קלמטה ללא גלעין עם שמן זית כתית מעולה,תה ויסוצקי (ישראל) בעמ,,זית קלמטה ללא גלעין,גרמים,190.00,100 גרם,false,,12.90,0.0679,true,1,86401
7290011947866,false,זיתא מיקס זיתים בפח 250 גרם,תה ויסוצקי (ישראל) בעמ,,מיקס זיתים זיתא בפח,גרמים,250.00,100 גרם,false,,19.90,0.0796,true,1,87859
7290011947903,false,מיקס זיתים יווני זיתא 215 ג',תה ויסוצקי (ישראל) בעמ,,מיקס זיתים יווני זית,גרמים,215.00,100 גרם,false,,12.90,0.0600,true,1,88870
7290011964344,false,שום גבישי בקופ' 120 גר' טעם וריח,"תבליני טעם וריח בע""מ",,שום גבישי מיכל גדול,גרמים,120.00,100 גרם,false,,9.50,0.0792,true,1,10039
7290011964542,false,פפריקה מתוקה 400 גר' טעם וריח,"תבליני טעם וריח בע""מ",,פפריקה מתוקה 400 גר,גרמים,400.00,100 גרם,false,,23.90,0.0597,true,1,2747
7290011964566,false,גריל עוף 400 גר' טעם וריח,"תבליני טעם וריח בע""מ",,גריל עוף 400 גר' במי,גרמים,400.00,100 גרם,false,,23.90,0.0597,true,1,10041
7290011964573,false,פלפל שחור טחון במיכל 400 גר`טעם וריח,תבליני טעם וריח בעמ,,פלפל שחור טחון 400 ג,גרמים,400.00,100 גרם,false,,25.90,0.0647,true,1,83744
7290011964597,false,כמון טחון 400 גר' טעם וריח,"תבליני טעם וריח בע""מ",,כמון טחון 400 גר',גרמים,400.00,100 גרם,false,,23.90,0.0597,true,1,18807
7290011964603,false,כורכום 400 גר' טעם וריח,"תבליני טעם וריח בע""מ",,כורכום טחון 400 גר',יחידה,0.00,יחידה,false,,23.90,0.0000,true,1,10042
7290011964658,false,מלח לימון בקופ' 170 גר' טעם וריח,"תבליני טעם וריח בע""מ",,מלח לימון מיכל פלסטי,גרמים,170.00,100 גרם,false,,9.50,0.0559,true,1,10045
7290011964689,false,על האש לא מונוסודיום 100 גרם 100 גרם מיכל גדול,"תבליני טעם וריח בע""מ",,תערובת תיבול על האש,גרמים,100.00,100 גרם,false,,9.50,0.0950,true,1,10046
7290011964702,false,שווארמה ללא מונסודיום 100 גרם מיכל גדול,"תבליני טעם וריח בע""מ",,תערובת תיבול לשווארמ,גרמים,100.00,100 גרם,false,,9.50,0.0950,true,1,10048
7290011971694,false,ספגטי טריקולור מסמולינת דורום אורגני 500,פסטיפיסוי פליצ'טי,,ספגטי טריקולור דורום,יחידה,0.00,יחידה,false,,13.90,0.0000,true,1,67268
7290011971724,false,פתיתי כוסמין אורגני 500 גר,הרדוף,,פתיתי כוסמין אורגני,גרמים,500.00,100 גרם,false,,13.90,0.0278,true,1,77284
7290011988104,false,ווקס לשיער,,,ווקס לשיער,יחידה,0.00,יחידה,false,,25.90,0.0000,true,1,77030
7290011996000,false,טעם אסיה אטריות עגבניות 454 ג',טחנת האבן קואופ בעמ,,איטריות עגבניות,גרמים,454.00,100 גרם,false,,8.50,0.0187,true,1,10759
7290011996017,false,נודלס אטריות תרד טעמי אסיה (454 גרם),טחנת האבן קואופ בעמ,,איטריות תרד,גרמים,454.00,100 גרם,false,,8.50,0.0187,true,1,11842
7290011996031,false,אטריות ביצים טעמי אסיה (454 גרם),טחנת האבן קואופ בעמ,,איטריות ביצים,גרמים,454.00,100 גרם,false,,8.50,0.0187,true,1,10760
7290011996062,false,אורז לבן עגול מתאים להכנת סושי,טחנת האבן קואופ בעמ,,אורז לסושי 1 קג',יחידה,1.00,יחידה,false,,12.90,12.9000,true,1,11844
7290011996086,false,"רוטב צ`ילי חריף אסיה 700 מ""ל",טחנת האבן קואופ בעמ,,רוטב צ'ילי חריף 700,יחידה,700.00,יחידה,false,,10.90,0.0156,true,1,8893
7290011996093,false,"רוטב צילי מתוק 300 מ""ל ""אסיה""",טחנת האבן קואופ בעמ,,רוטב צ'ילי מתוק 300,יחידה,300.00,יחידה,false,,7.90,0.0263,true,1,8894
7290011996109,false,רוטב צ`ילי מתוק טעמי אסיה (700 מל),טחנת האבן קואופ בעמ,,רוטב צ'ילי מתוק 700,יחידה,700.00,יחידה,false,,9.90,0.0141,true,1,8895
7290011996123,false,אצות לסושי נורי גולד 10 יחידות,טחנת האבן קואופ בעמ,,אצות ים נורי גולד 10,גרמים,25.00,100 גרם,false,,10.90,0.4360,true,1,8896
7290011996130,false,אצות ים קלויות נורי לסושי - 10 דפים,טחנת האבן קואופ בעמ,,אצות ים נורי 10 דפים,גרמים,25.00,100 גרם,false,,10.90,0.4360,true,1,8897
7290011996178,false,"רוטב סויה בסגנון יפני 300 מ""ל",טחנת האבן קואופ בעמ,,רוטב סויה בסגנון יפנ,יחידה,280.00,יחידה,false,,9.90,0.0354,true,1,8899
7290011996185,false,חומץ אורז לבן לסושי טעמי אסיה (250 מל),טחנת האבן קואופ בעמ,,חומץ אורז לבן לסושי,יחידה,250.00,יחידה,false,,7.90,0.0316,true,1,8900
7290011996222,false,מי קוקוס טעמי אסיה (400 מל),טחנת האבן קואופ בעמ,,נוזל אגוזי קוקוס 400,גרמים,400.00,100 גרם,false,,5.90,0.0148,true,1,11845
7290011996277,false,מחצלת עגולה לגלגול סושי,מזרח ומערב יבוא ושיווק,,מחצלת עגולה לסושי,יחידה,0.00,יחידה,false,,5.90,0.0000,true,1,18897
7290011996284,false,"כלי לאידוי סטימר במבוק ""8",טעמי אסיה Taste of Asia,,"סטימר 8""",יחידה,0.00,יחידה,false,,21.90,0.0000,true,1,23629
7290011996291,false,כלי לאידוי קוטר 10,טעמי אסיה Taste of Asia,,"סטימר 10""",יחידה,0.00,יחידה,false,,28.90,0.0000,true,1,25839
7290011996482,false,צ'ופסטיקס חד פעמי 20 זוגות במארז,,,מקלות לסושי,יחידה,0.00,יחידה,false,,4.90,0.0000,true,1,8904
7290011996499,false,אטריות אורז דקות טעמי אסיה (400 גרם),טחנת האבן קואופ בעמ,,מקלוני אורז דקים,גרמים,400.00,100 גרם,false,,7.90,0.0198,true,1,8905
7290011996512,false,"טעם אסיה טעם אסיה אטריות אורז 3מ""מ 400ג'",טחנת האבן קואופ בעמ,,"מקלוני אורז 3 מ""מ 40",גרמים,400.00,100 גרם,false,,8.90,0.0223,true,1,8906
7290011996529,false,אטריות אורז 5 סמ טעמי אסיה (400 גרם),טחנת האבן קואופ בעמ,,"מקלוני אורז 5 מ""מ 40",גרמים,400.00,100 גרם,false,,8.90,0.0223,true,1,8907
7290011996567,false,רוטב סאטה אסיה 240 ג,קיי.אר.אס.ספייסי פוד,,רוטב סאטה 240ג',גרמים,240.00,100 גרם,false,,13.90,0.0579,true,1,8908
7290011996581,false,"רוטב חמוץ מתוק 300 מ""ל ""אסיה""",טחנת האבן קואופ בעמ,,רוטב חמוץ מתוק 300 מ,יחידה,300.00,יחידה,false,,9.90,0.0330,true,1,8909
7290011996604,false,רוטב פאד תאי טעמי אסיה (300 מל),טחנת האבן קואופ בעמ,,"רוטב פאד תאי 300 מ""ל",גרמים,366.00,100 גרם,false,,13.90,0.0380,true,1,8910
7290011996642,false,טעם אסיה שומשום שחור קלוי 100גר,טחנת האבן קואופ בעמ,,שומשום שחור קלוי,גרמים,100.00,100 גרם,false,,11.90,0.1190,true,1,11847
7290011996703,false,טעם אסיה אצות וקאמה 100גר,טחנת האבן קואופ בעמ,,אצות וואקאמה מיובשות,גרמים,100.00,100 גרם,false,,18.90,0.1890,true,1,22457
7290011996741,false,"חומץ אורז לסושי 500 מ""ל ""אסיה""",טחנת האבן קואופ בעמ,,חומץ אורז לסושי 500,יחידה,500.00,יחידה,false,,11.00,0.0220,true,1,8914
7290011996758,false,קמח טמפורה כשר מזרח ומערב 500 גר`,טחנת האבן קואופ בעמ,,קמח טמפורה,גרמים,500.00,100 גרם,false,,9.90,0.0198,true,1,8915
7290011996765,false,"אבקה ווסאבי 70 גרם ""אסיה""",טחנת האבן קואופ בעמ,,משחת וואסבי,גרמים,43.00,100 גרם,false,,9.00,0.2093,true,1,8916
7290011996789,false,פנקו פירורי לחם בסגנון יפני,טחנת האבן קואופ בעמ,,פנקו יפני,גרמים,200.00,100 גרם,false,,7.90,0.0395,true,1,11848
7290011996802,false,אבקת ווסאבי 70ג' טעמי אסיה,טעמי אסיה Taste of Asia,,אבקת ווסבי 70 ג',גרמים,70.00,100 גרם,false,,14.90,0.2129,true,1,11849
7290011996819,false,"מקלוני אטריות שעועית 250 גרם ""אסיה""",טחנת האבן קואופ בעמ,,איטריות שעועית בסגנו,גרמים,250.00,100 גרם,false,,3.90,0.0156,true,1,8917
7290011996888,false,רוטב טריאקי טעמי אסיה (300 מל),קיי.אר.אס.ספייסי פוד,,רוטב טריאקי 300ג',גרמים,365.00,100 גרם,false,,9.90,0.0271,true,1,8919
7290012001994,false,חרדל דיז'ון גרעינים 350 ג' ריין דיזון,דיפלומט מפיצים (1968) בעמ**,,חרדל דיג'ון גרעינים,גרמים,350.00,100 גרם,false,,11.90,0.0340,true,1,10705
7290012022203,false,פריכיות חיטה מלאה 60 גרם,דילייט 2005 בע`מ,,קליליות חיטה מלאה,גרמים,100.00,100 גרם,false,,13.50,0.1350,true,1,21853
7290012022227,false,פריכיות חיטה טבעי 60 גרם,דילייט 2005 בע`מ,,קליליות חיטה,גרמים,60.00,100 גרם,false,,11.50,0.1917,true,1,21851
7290012022272,false,פריכיות קליליות קידס,דילייט 2005 בעמ,,קליליות קידס 30 גר,גרמים,30.00,100 גרם,false,,10.70,0.3567,true,1,59068
7290012046193,false,ספוגי קרצוף קשיחים ירוקים קצרים 9יח,M3,,סקוטש ברייט תשעה ספו,יחידה,0.00,יחידה,false,,13.90,0.0000,true,1,119626
7290012052187,false,גרנולה חלבה תמרים ושקדים מרכיבים טבעיים,כרמית תעשיות ממתקים בעמ,,גרנולה טבעית חלבה תמ,יחידה,350.00,יחידה,false,,14.90,0.0426,true,1,10379
7290012052200,false,גרנולה רפאל-אגוזים זרעים ופירות 800 גרם,רפאלס,,גרנולה רפאל זרעים,יחידה,800.00,יחידה,false,,27.90,0.0349,true,1,18828
7290012052217,false,גרנולה עם אגוזים ופירות יבשים במתיקות מעודנת,רפאלס,,רפאל-זרעים אגוזים ופ,יחידה,800.00,יחידה,false,,27.90,0.0349,true,1,18829
7290012052224,false,גרנולה רפאל-חלבה תמרים ואגוזים 800 גרם,רפאלס,,רפאל-חלבה תמרים ושקד,יחידה,800.00,יחידה,false,,27.90,0.0349,true,1,18830
7290012052231,false,גרנולה חמוציות אוכמניות וקשיו 800 גרם,רפאלס,,גרנולה רפאל חמוציות,יחידה,800.00,יחידה,false,,27.90,0.0349,true,1,18831
7290012052309,false,גרנולה בננה צימוקים ושקדים מרכיבים טבעיים 1 ק''ג,כרמית תעשיות ממתקים בעמ,,גרנולה טבעית בננה צי,קילוגרמים,1.00,"ק""ג",false,,22.90,22.9000,true,1,76174
7290012052316,false,גרנולה תענוג - שפע פירות 1 קילו,כרמית תעשיות ממתקים בעמ,,"גרנולה תענוג 1 ק""ג ש",קילוגרמים,1.00,"ק""ג",false,,22.90,22.9000,true,1,81890
7290012052330,false,גרנולה תענוג חלבה ותמרים 1 ק''ג,כרמית תעשיות ממתקים בעמ,,"גרנולה תענוג 1 ק""ג",קילוגרמים,1.00,"ק""ג",false,,22.90,22.9000,true,1,76176
7290012052347,false,"גרנולה תענוג-צימוקים ושקדים ללא תוספת סוכר 1 ק""ג",כרמית תעשיות ממתקים בעמ,,גרנולה תענוג ללא תוס,קילוגרמים,1.00,"ק""ג",false,,22.90,22.9000,true,1,76177
7290012052354,false,גרנולה אגוזים זרעים שוקולד ואגוזי לוז,כרמית תעשיות ממתקים בעמ,,גרנולה רפאל שוקולד ו,גרמים,350.00,100 גרם,false,,14.90,0.0426,true,1,32810
7290012052385,false,מוזלי עם חמוציות ושקדים ללא תוספת סוכר,רפאלס,,גרנולה רפאל שקדים ופ,גרמים,800.00,100 גרם,false,,27.90,0.0349,true,1,24295
7290012052460,false,צ'וקולומומו - מיקס זרעים לסלט - אורגינל,רפאלס,,תערובת לסלט צוקולומו,גרמים,250.00,100 גרם,false,,15.90,0.0636,true,1,24296
7290012052477,false,צ'וקולומומו - מיקס זרעים לסלט - עשבי תיבול,כרמית תעשיות ממתקים בעמ,,תערובת תיבול לסלט צו,גרמים,250.00,100 גרם,false,,15.90,0.0636,true,1,24297
7290012116025,false,שמפו פיית הפרפרים לסירוק קל מכיל רוזמרין,החברה הדרומית לשיווק בעמ,,פיות שמפו לשיער 750מ,מיליליטרים,750.00,"100 מ""ל",false,,11.90,0.0159,true,1,16435
7290012116070,false,"אל סבון נוזלי פיות בתמציות אלוורה כיף 750 מ""ל",החברה הדרומית לשיווק בעמ,,פיות אל סבון אלוורה,גרמים,750.00,100 גרם,false,,11.90,0.0159,true,1,16438
7290012116537,false,"מקסימה אבקת כביסה בניחוח מאסק סנו 2.5 ק""ג",החברה הדרומית לשיווק בעמ,,סנו מקסימה אבקת כביס,קילוגרמים,2.50,"ק""ג",false,,25.90,10.3600,false,1,3550
7290012116551,false,אנטי קאלק נוזל לניקוי כללי סנו 2 ליטר,החברה הדרומית לשיווק בעמ,,אנטי קלאק 2 ליטר 4-ב,ליטרים,2.00,ליטר,false,,19.90,9.9500,true,1,16449
7290012116735,false,נייר טואלט דו שכבתי גליל כפול - מארז 24 גלילים,החברה הדרומית לשיווק בעמ,,נייר טואלט סופט ג'מב,גרמים,4300.00,100 גרם,false,,47.90,0.0111,false,1,16462
7290012117091,false,"אבקת כביסה סנסיטיב סנו מקסימה 6 ק""ג",החברה הדרומית לשיווק בעמ,,"סנו מקסימה 6 ק""ג סנס",קילוגרמים,6.00,"ק""ג",false,,49.90,8.3167,false,1,16479
7290012117275,false,"קליר שקית מילוי לניקוי חלונות סנו 750 מ""ל",החברה הדרומית לשיווק בעמ,,סנו קליר מילוי 750 מ,מיליליטרים,750.00,"100 מ""ל",false,,7.90,0.0105,true,1,16481
7290012117428,false,"ג'ל רחצה ושמפו מעיינות מנטה קרמה מן 700 מ""ל",החברה הדרומית לשיווק בעמ,,קרמה מן שמפו וג'ל רח,מיליליטרים,700.00,"100 מ""ל",false,,17.90,0.0256,true,1,16487
7290012117435,false,"קרמה - שמפו וג'ל רחצה 2 ב-1 אלוורה 700 מ""ל",החברה הדרומית לשיווק בעמ,,קרמה מן ג'ל רחצה אלו,מיליליטרים,700.00,"100 מ""ל",false,,17.90,0.0256,true,1,16488
7290012117534,false,מרכך כביסה מרוכז תכלת קול סנו מקסימה 1 ליטר,החברה הדרומית לשיווק בעמ,,מרכך מרוכז קול 1ל,ליטרים,1.00,ליטר,false,,16.90,16.9000,true,1,16494
7290012117541,false,מרכך כביסה מרוכז צהוב סנו מקסימה 1 ליטר,החברה הדרומית לשיווק בעמ,,מרכך מרוכז סנו זן 1ל,ליטרים,1.00,ליטר,false,,16.90,16.9000,true,1,16495
7290012117565,false,כפפות סנו סושי לטקס S אריזת 100יח',החב. הדרומית לשיווק,,כפפות סושי S לטקס,יחידה,0.00,יחידה,false,,29.90,0.0000,true,1,3554
7290012117572,false,כפפות סנו סושי לטקס M אריזת 100יח',החב. הדרומית לשיווק,,כפפות לטקס M,יחידה,0.00,יחידה,false,,29.90,0.0000,true,1,16497
7290012117589,false,כפפות סנו סושי לטקס L אריזת 100יח',החב. הדרומית לשיווק,,סושי 100כפפות לטקס L,יחידה,0.00,יחידה,false,,29.90,0.0000,true,1,16498
7290012117916,false,אינסטלטור נוזל לפתיחת סתימות סנו 1 ליטר,החברה הדרומית לשיווק בעמ,,סנו אינסטלטור נוזלי,ליטרים,1.00,ליטר,false,,24.90,24.9000,true,1,16508
7290012129711,false,פרשיס מגבונים לחים 7,,,פרשיס מגבונים לחים 7,יחידה,0.00,יחידה,false,,4.80,0.0000,true,1,32266
7290012129728,false,מגבונים לחים פרשיס ללא בישום חמישייה,,,פרשיס חמישייה מגבוני,יחידה,0.00,יחידה,false,,19.90,0.0000,true,1,33493
7290012129735,false,פרשיס מגבונים לחים תווית 72 יח' מבושם,,,פרשיס מגבונים לחים 7,יחידה,0.00,יחידה,false,,4.80,0.0000,true,1,32267
7290012129742,false,מגבונים פרשיס מבושם 72 יח' * חמישיה,,,פרשיס חמישייה מגבוני,יחידה,0.00,יחידה,false,,19.90,0.0000,true,1,33494
7290012139482,false,בג עצם לחוצה מעושנת בציפוי עוף 3 מקט ח,דיפלומט מפיצים (1968) בעמ**,,חטיף בונזו ג'וי-עצם,גרמים,160.00,100 גרם,false,,21.90,0.1369,true,1,15820
7290012139499,false,בג עצם לחוצה מעושנת בציפוי עוף 5 מקט ח,דיפלומט מפיצים (1968) בעמ**,,עצם בציפוי פירורי עו,גרמים,165.00,100 גרם,false,,21.90,0.1327,true,1,15821
7290012151538,false,אקונומיקה 4ליטר פולי,,,אקונומיקה 4ליטר פולי,ליטרים,4.00,ליטר,false,,10.90,2.7250,true,1,17841
7290012159411,false,לבבות דקל חתוך לינה 400 גרם,יורוסטנדרט בעמ,,לבבות דקל חתוך,גרמים,220.00,100 גרם,false,,7.90,0.0359,true,1,2016
7290012172380,false,מסננת סיליקון לכיור,,,מסננת סיליקון לכיור,יחידה,0.00,יחידה,false,,19.90,0.0000,true,1,84785
7290012173189,false,אגוז פקאן טבעי 150 גרם זארובי,זארובי,,אגוז פקאן,יחידה,150.00,יחידה,false,,18.90,0.1260,true,1,18
7290012173271,false,זארובי-שקד טבעי 350ג,,,זארובי-שקד טבעי 350ג,גרמים,350.00,100 גרם,false,,28.90,0.0826,true,1,32092
7290012173301,false,זארובי-פיסטוק קלוי 3,זארובי,,זארובי-פיסטוק קלוי 3,גרמים,300.00,100 גרם,false,,28.90,0.0963,true,1,32616
7290012173325,false,בוטנים קלופים קופסא,זארובי,,בוטנים קלופים 350 גר,גרמים,350.00,100 גרם,false,,15.50,0.0443,true,1,32640
7290012173493,false,תערובת אגוזים בקופסא 300 גרם,זארובי,,תערובת אגוזים ושקדים,גרמים,300.00,100 גרם,false,,26.90,0.0897,true,1,119318
7290012173615,false,פקאן סיני 150 גר',זארובי,,פקאן סיני 150 גר',גרמים,150.00,100 גרם,false,,18.90,0.1260,false,1,20928
7290012173820,false,זארובי-פיסטוק קלוי,,,זארובי-פיסטוק קלוי,גרמים,150.00,100 גרם,false,,14.90,0.0993,true,1,29585
7290012173837,false,אגוז קשיו קלוי 170 ג,,,זארובי-קשיו קלוי,גרמים,170.00,100 גרם,false,,14.90,0.0876,true,1,29586
7290012173844,false,שקד קלוי 170 גרם זארובי,זארובי,,זארובי-שקד קלוי,גרמים,170.00,100 גרם,false,,14.90,0.0876,true,1,29587
7290012173882,false,זארובי-גרעינים שחורי,זארובי,,זארובי-גרעינים שחורי,גרמים,350.00,100 גרם,false,,10.90,0.0311,true,1,32617
7290012173905,false,פיצוחים מעורב פרימיו,,,פיצוחים מעורב פרימיו,גרמים,350.00,100 גרם,false,,27.90,0.0797,true,1,31020
7290012193163,false,סבון נוזלי פמלי לקשרי פריחת הדובדבן 1 ל,אף.סי תבליני בגליל ב,,פמלי אל סבון ליטר פר,ליטרים,1.00,ליטר,false,,11.90,11.9000,true,1,20244
7290012226014,false,נקניקיות וינר זוגלובק 800 גרם,נקניק נהריה כשר זוגל,,נקניקיות וינר 800 גר,גרמים,800.00,100 גרם,false,,22.90,0.0286,true,1,1973
7290012226021,false,נקניק סלמי מעושן פראג זוגלובק (400 גרם),נקניק נהריה כשר זוגל,,סלמי מעושן פראג 400ג,גרמים,400.00,100 גרם,false,,21.50,0.0538,true,1,14277
7290012226120,false,קבנוס זוגלובק (45x3 גרם),נקניק נהריה כשר זוגל,,קבנוס 135 גר',גרמים,135.00,100 גרם,false,,10.00,0.0741,true,1,14279
7290012226922,false,קבנוס בטעם שום זוגלובק (45x3 גרם),נקניק נהריה כשר זוגל,,קבנוס עם שום,גרמים,135.00,100 גרם,false,,10.00,0.0741,true,1,14283
7290012226939,false,קבנוס עם צ'ילי חריף זוגלובק 135 גרם,נקניק נהריה כשר זוגל,,קבנוס עם צ'ילי חריף,גרמים,135.00,100 גרם,false,,10.00,0.0741,true,1,14284
7290012226991,false,"נקניקיות עוף באריזת ג''מבו 1.5 ק""ג זוגלובק",נקניק נהריה כשר זוגל,,נקניקיות ג'מבו,קילוגרמים,1.50,"ק""ג",false,,28.90,19.2667,true,1,1974
7290012227172,false,חרמן הודו בדבש וברביקיו זוג במארז 600 ג' זוגלובק,נקניק נהריה כשר זוגל,,מארז זוג פסטרמה זוגל,גרמים,600.00,100 גרם,false,,26.90,0.0448,true,1,21917
7290012227325,false,סלמי דק דק מעושן איטלקי 120 ג' זוגלובק,זוגלובק שיווק בעמ,,סלמי מעושן דק דק 120,גרמים,120.00,100 גרם,false,,13.90,0.1158,true,1,72014
7290012227400,false,נקניקיות עוף זוגלובק 800 גרם,נקניק נהריה כשר זוגל,,נקניקיות עוף 800 גר',גרמים,800.00,100 גרם,false,,22.90,0.0286,true,1,26187
7290012227912,false,קבנוס מעודן זוגלובק 135 גרם,נקניק זוגלובק נהריה,,קבנוס מעודן 135 גר',גרמים,135.00,100 גרם,false,,10.00,0.0741,true,1,69150
7290012227974,false,פסטרמה הודו בדבש טהור דק דק דק,זוגלובק שיווק בעמ,,פסטרמה בדבש 120 גר',גרמים,120.00,100 גרם,false,,13.90,0.1158,true,1,72015
7290012227981,false,פסטרמה דק דק ברביקיו 120 ג' זוגלובק,זוגלובק שיווק בעמ,,פסטרמה ברביקיו 120 ג,גרמים,120.00,100 גרם,false,,13.90,0.1158,true,1,72016
7290012227998,false,פסטרמה דק דק חזה בקר 120 ג' זוגלובק,זוגלובק שיווק בעמ,,חזה בקר 120 גר' דק ד,גרמים,120.00,100 גרם,false,,13.90,0.1158,true,1,72017
7290012228278,false,נקנקיות בוקוורסט עוף ובקר ריינהולד'ס 310 ג' זוגלובק,זוגלובק שיווק בעמ,,נקניקיות בוקוורסט הו,גרמים,310.00,100 גרם,false,,19.90,0.0642,true,1,67902
7290012228766,false,קבנוס מחפוד זוגלובק 120 גרם,זוגלובק שיווק בעמ,,קבנוס 120 גר' מחפוד,גרמים,120.00,100 גרם,false,,10.00,0.0833,true,1,84579
7290012245275,false,"גולד ציפס בטטה קריספי 1 ק""ג",קפוא זן תעשיות מזון בעמ,,גולד צ'יפס בטטה קריס,קילוגרמים,1.00,"ק""ג",false,,28.90,28.9000,true,1,88454
7290012245336,false,"גולד צ'יפס סטייק 1.5 ק""ג גולד שארית",קפוא-זן תעשיות מזון בעמ - תפוג,,צ'יפס גולד סטייק 1.5,גרמים,1500.00,100 גרם,false,,19.90,0.0133,true,1,76531
7290012256004,false,כף אובלית,,,כף אובלית,יחידה,0.00,יחידה,false,,11.90,0.0000,true,1,27714
7290012256011,false,תרבד עץ,,,תרבד עץ,יחידה,0.00,יחידה,false,,11.90,0.0000,true,1,27715
7290012256028,false,מרית מחורצת,,,מרית מחורצת,יחידה,0.00,יחידה,false,,11.90,0.0000,true,1,27734
7290012256080,false,מרית סיליקון,,,מרית סיליקון,יחידה,0.00,יחידה,false,,13.90,0.0000,true,1,27717
7290012309366,false,"דין שיווק וקליה אורז בסמטי 5 ק""ג",שקדיה,,אורז בסמטי 5 קג שקדי,קילוגרמים,5.00,"ק""ג",false,,44.90,8.9800,true,1,32033
7290012309878,false,חלבה עם פיסטוקים 500 גר`ששון הקולה,דין שיווק וקליה 2021 בעמ,,חלבה עם פיסטוק 500 ג,גרמים,500.00,100 גרם,false,,13.90,0.0278,true,1,58326
7290012309939,false,חלווה מסולסלת בקופסא ששון הקולה 500 גרם,דין שיווק וקליה 2021 בעמ,,חלבה מסולסלת 500 גר,גרמים,500.00,100 גרם,false,,14.90,0.0298,true,1,31729
7290012313073,false,מיקס זיתים מגולענים מרינד קבוצת יבנה 340 גרם,"קבוצת יבנה מוצרי מזון בע""מ",,מיקס חרוזית יבנה,גרמים,275.00,100 גרם,false,,10.90,0.0396,true,1,118749
7290012313547,false,זיתים שחורים קלמנטה,"קבוצת יבנה מוצרי מזון בע""מ",,זית קלמטה יבנה,גרמים,340.00,100 גרם,false,,9.40,0.0276,true,1,60105
7290012313554,false,עלי גפן ממולא 400 גרםיבנה,קבוצת יבנה מוצרי מזון בעמ,,עלי גפן ממולאים יבנה,גרמים,330.00,100 גרם,false,,8.90,0.0270,true,1,121810
7290012352027,false,קרם לחות מזינה עם שמן אגוז ברזילאי לשיער צבוע ופגום,נטורל פורמולה Natural Formula,,קרם לחות + שמן לשיער,מיליליטרים,400.00,"100 מ""ל",false,,25.90,0.0647,true,1,18737
7290012367717,false,קרם ידיים וציפורניים Intensive relief לעור יבש ומגורה,"פישר תעשיות פרמצביטות בע""מ",,קרם ידיים אפקטיב 150,גרמים,100.00,100 גרם,false,,16.90,0.1690,true,1,63754
7290012413636,false,תה ירוק צ'אי מסאלה ויסוצקי 25 יחידות,תה ויסוצקי (ישראל) בעמ,,תה ירוק צ'אי מסאלה 2,גרמים,37.50,100 גרם,false,,24.90,0.6640,false,1,827
7290012413643,false,תה ירוק קמומיל ויסוצקי 25 יחידות,תה ויסוצקי (ישראל) בעמ,,תה ירוק קמומיל,גרמים,37.50,100 גרם,false,,24.90,0.6640,false,1,23389
7290012475108,false,משקה משעורה נמס אורגני גרין פילד 75 גרם,י.איטליאנו אחזקות בעמ,,משקה שעורה נמס אורגנ,גרמים,75.00,100 גרם,false,,14.90,0.1987,true,1,25741
7290012475399,false,מיץ בטעם שזיפים אורגני גרין פילד 1 ליטר,גוקנור,,מיץ שזיפים אורגני 1,ליטרים,1.00,ליטר,false,,16.00,16.0000,true,1,13096
7290012522581,false,טבעול שניצל תירס ללא גלוטן טבעול 664 גרם,קבוצת אוסם סחר-שות.מוגבלת,,שניצל תירס ללא גלוטן,גרמים,664.00,100 גרם,false,,24.90,0.0375,false,1,19733
7290012561313,false,בצל קצוץ ומטוגן דורות 400 גרם,קבוצת אוסם סחר שותפות מוגבלת,,בצל מטוגן דורות 400,גרמים,400.00,100 גרם,false,,21.00,0.0525,true,1,81195
7290012561337,false,כורכום טרי כתוש קפוא דורות 70 גר,קבוצת אוסם סחר שותפות מוגבלת,,כורכום טרי כתוש דורו,גרמים,70.00,100 גרם,false,,12.00,0.1714,true,1,79160
7290012561405,false,בצל קצוץ ומטוגן דורות (180 גרם),קבוצת אוסם סחר שותפות מוגבלת,,בצל חצי מטוגן דורות,גרמים,180.00,100 גרם,false,,11.50,0.0639,true,1,6529
7290012594014,false,לחם שיפון פרוס 650 ג,מאפיית רפאל,,לחם שיפון כפרי,גרמים,650.00,100 גרם,false,,14.90,0.0229,true,1,27847
7290012594038,false,לחם ביאנקו 500 גר,מאפיית רפאל,,לחם פרנץ טוסט,גרמים,500.00,100 גרם,false,,10.90,0.0218,true,1,117791
7290012645020,false,"יוגורט עיזים טבעי בבקבוק חלב הארץ 500 מ""ל",שטראוס גרופ בעמ/מצונן,,יוגורט עיזים טבעי 5,מיליליטרים,500.00,"100 מ""ל",false,,11.90,0.0238,true,1,4423
7290012645051,false,יוגורט עיזים בגביע 350 גר` חלב הארץ,שטראוס גרופ בעמ/מצונן,,יוגורט עיזים 350 גר,גרמים,350.00,100 גרם,false,,11.50,0.0329,true,1,82940
7290012645068,false,ישראלה גבינה מותכת מחלב עיזים 16% 180 ג' חלב הארץ,שטראוס גרופ בעמ/מצונן,,ישראלה גבינה מותכת מ,גרמים,180.00,100 גרם,false,,22.90,0.1272,true,1,88746
7290012645075,false,יוגורט כבשים יווני גביע 350 גרם חלב הארץ,שטראוס גרופ בעמ/מצונן,,יוגורט כבשים יווני 3,גרמים,350.00,100 גרם,false,,11.50,0.0329,true,1,88726
7290012645112,false,יוגורט עיזים 2.8% בדלי חלב הארץ 750 גרם,שטראוס גרופ בעמ/מצונן,,יוגורט עיזים בדלי -,גרמים,750.00,100 גרם,false,,18.90,0.0252,true,1,65750
7290012645129,false,יוגורט כבשים 5% בדלי חלב הארץ 750 גרם,שטראוס גרופ בעמ/מצונן,,יוגורט כבשים בדלי -ח,גרמים,750.00,100 גרם,false,,18.90,0.0252,true,1,65751
7290012645174,false,גבינת עיזים 5% חלב הארץ 200 גרם,שטראוס גרופ בעמ/מצונן,,גבינת עיזים 5%,גרמים,200.00,100 גרם,false,,12.90,0.0645,true,1,120525
7290012645181,false,לאבנה עיזים 5% חלב הארץ 200 גרם,שטראוס גרופ בעמ/מצונן,,לאבנה עיזים 5%,גרמים,200.00,100 גרם,false,,12.90,0.0645,true,1,97976
7290012645280,false,יוגורט כבשים בסגנון יוני 5% חלב הארץ 150 גרם,שטראוס גרופ בעמ/מצונן,,יוגורט יווני מחלב כב,גרמים,150.00,100 גרם,false,,5.30,0.0353,true,1,32078
7290012645297,false,יוגורט עיזים ביו 2.8% טעם טבעי חלב הארץ 150 גרם,שטראוס גרופ בעמ/מצונן,,יוגורט מחלב עיזים,גרמים,150.00,100 גרם,false,,5.30,0.0353,true,1,32079
7290012645389,false,יוגורט עיזים טבעי 1 ליטר בבקבוק חלב האר,שטראוס גרופ בעמ/מצונן,,יוגורט עיזים טבעי 1,ליטרים,1.00,ליטר,false,,21.90,21.9000,true,1,22002
7290012668296,false,מעדן תות שדה דודה בר,,,אנט ברטה- מעדן תות,גרמים,284.00,100 גרם,false,,13.90,0.0489,true,1,64704
7290012668302,false,מעדן מנדרינה תפוז דו,,,ברטה- מעדן מנדרינה ת,גרמים,284.00,100 גרם,false,,13.90,0.0489,true,1,73773
7290012668319,false,מעדן דומדומניות שחור,,,אנט ברטה- מעדן דומדו,גרמים,284.00,100 גרם,false,,13.90,0.0489,true,1,70080
7290012668456,false,מעדן דובדבן דודה ברט,,,אנט ברטה- מעדן דובדב,גרמים,284.00,100 גרם,false,,13.90,0.0489,true,1,64706
7290012668616,false,אנט ברטה- מעדן פירות,,,אנט ברטה- מעדן פירות,גרמים,284.00,100 גרם,false,,13.90,0.0489,true,1,64707
7290012668630,false,מעדן משמש דודה ברטה,,,אנט ברטה- מעדן משמש,גרמים,284.00,100 גרם,false,,13.90,0.0489,true,1,64708
7290012697241,false,"סוכרזית מהטבע סטיוויה נוזלי 220מ""ל",אף.סי תבליני בגליל ב,,סוכרזית מצמח הסטיווי,יחידה,0.00,יחידה,false,,28.90,0.0000,true,1,21420
7290012724817,false,נענע יח בשקית,"מרינה פטריות הגליל בע""מ",,נענע בשקית,יחידה,0.00,יחידה,false,,3.90,0.0000,true,1,76042
7290012724831,false,כוסברה יח בשקית,"מרינה פטריות הגליל בע""מ",,כוסברה בשקית,יחידה,0.00,יחידה,false,,3.90,0.0000,true,1,76044
7290012759017,false,חטיף אישי קשיו שקד פיסטוק 50 גר' - ממה,טחנת האבן קואופ בעמ,,ממה-חטיף אנרגיה קשיו,גרמים,50.00,100 גרם,false,,7.50,0.1500,true,1,19911
7290012759024,false,חטיף אישי חמוציות ואגוזי מלך 50 גר`,טחנת האבן קואופ בעמ,,ממה-חטיף אנרגיה חמוצ,גרמים,50.00,100 גרם,false,,7.50,0.1500,true,1,19912
7290012759222,false,חטיף קינואה טחינה חמ,,,חטיף קינואה טחינה חמ,גרמים,25.00,100 גרם,false,,6.90,0.2760,true,1,22882
7290012759659,false,משפחתית בראוניז תמר שוקולד קוקוס ואגוז מ,ממה חטיפי אנרגיה,,עוגת בראוניז תמר שוק,גרמים,240.00,100 גרם,false,,24.90,0.1037,true,1,77657
7290012759673,false,משפחתית בראוניז חמאת בוטנים קשיו וגוג'י ברי 240 גר' - ממה,ממה חטיפי אנרגיה,,עוגיות בראוניז חמאת,גרמים,240.00,100 גרם,false,,24.90,0.1037,true,1,77023
7290012759727,false,חטיף בראוניז תמר שוקולד פקאן ופולי קקאו 40 גר' - ממה,טחנת האבן קואופ בעמ,,חטיף בראוניז 50 גר',גרמים,50.00,100 גרם,false,,7.90,0.1580,true,1,78653
7290012759734,false,חטיף בראוניז חמאת בוטנים קשיו וגוג'י ברי 2 שכבות 40 גר' - ממה,טחנת האבן קואופ בעמ,,חטיף בראוניז 40 גר',גרמים,40.00,100 גרם,false,,7.90,0.1975,true,1,78654
7290012759789,false,טראפלס שוקולד פקאן חדש,,,טראפלס שוקולד פקאן,גרמים,280.00,100 גרם,false,,31.90,0.1139,true,1,88571
7290012759949,false,חטיף אישי חלבון תמר לוז וצ`יה 50 גר`,טחנת האבן קואופ בעמ,,חטיף אישי חלבון תמר,גרמים,50.00,100 גרם,false,,9.90,0.1980,true,1,86026
7290012759956,false,חטיף אישי חלבון תמר פקאן וקשיו 50 גר`,טחנת האבן קואופ בעמ,,חטיף אישי חלבון תמר,גרמים,50.00,100 גרם,false,,9.90,0.1980,true,1,86027
7290012803055,false,סוכרלוז מרמולייט- 100שקיות אישיות,"קיפל טבליות וממתיקים בע""מ",,מרמולייט סוכרלוז 100,גרמים,100.00,100 גרם,false,,22.90,0.2290,true,1,3460
7290012803222,false,טוסו ופל בסגנון בלגי בטעם לימון ללא תוספת סוכר 200 גרם,בטר אנד דיפרנט,,טוסו ופל בלגי בטעם ל,גרמים,200.00,100 גרם,false,,10.90,0.0545,true,1,20674
7290012803314,false,ממתיק על בסיס סוכרלוז - טבליות,"קיפל טבליות וממתיקים בע""",,מרמולייט סוכרלוז 300,גרמים,246.00,100 גרם,false,,34.90,0.1419,true,1,10885
7290012803321,false,מרמולייט סוכרלוז 200 שקיות אישיות,דנשר (1963) בעמ,,מרמולייט סוכרלוז 200,גרמים,200.00,100 גרם,false,,36.90,0.1845,true,1,10886
7290012803352,false,רייד תרסיס קוטל יתושים/זבובים 300 מל,אס.סי.ג'ונסון מידרכט,,RAIDקוטל מעופפים 8שע,מיליליטרים,300.00,"100 מ""ל",false,,13.90,0.0463,false,1,3465
7290012803765,false,טוסו שוקולד מריר ללא תוספת סוכר 100 גרם,אלטינמארקה גידה סאן,,טוסו שוקולד מריר 100,גרמים,100.00,100 גרם,false,,12.90,0.1290,true,1,20724
7290012803772,false,טוסו שוקולד חלב ללא תוספת סוכר 100 גרם,אלטינמארקה גידה סאן,,טוסו שוקולד חלב 100ג,גרמים,100.00,100 גרם,false,,12.90,0.1290,true,1,20726
7290012803789,false,טוסו שוקולד מריר עם אגוזים ללא תוספת סוכר 100 גרם,האי נאם סי או אל.טי.,,טוסו שוקולד מריר עם,גרמים,100.00,100 גרם,false,,12.90,0.1290,true,1,20727
7290012823381,false,מקסימה מרכך כביסה מרוכז סנסטיב בייבי סנו 1 ליטר,החברה הדרומית לשיווק בעמ,,מרכך מרוכז סנסיטיב 1,ליטרים,1.00,ליטר,false,,16.90,16.9000,true,1,3563
7290012823398,false,מטליות חד פעמיות לניקוי הרצפה בניחוח מרכך כביסה 10יח' סנו,החברה הדרומית לשיווק בעמ,,ריצפז מטליות לחות לנ,יחידה,0.00,יחידה,false,,12.90,0.0000,true,1,70337
7290012823428,false,מגבוני בייבי כיף ללא בישום תה ירוק 4*72 יח',סנו,,מגבונים רביעיות לא מ,יחידה,0.00,יחידה,false,,18.90,0.0000,false,1,10920
7290012823541,false,ריצפז פרש מטליות לחות לרצפה בניחוח לבנדר 10 יחידות,החברה הדרומית לשיווק בעמ,,מטליות ריצפז פרש,יחידה,0.00,יחידה,false,,12.90,0.0000,true,1,3565
7290012823558,false,"מטליות לחות לרצפה 40*70 ס""מ סנו סושי 10 יחידות",החברה הדרומית לשיווק בעמ,,מטליות לחות לריצפה ס,יחידה,0.00,יחידה,false,,11.90,0.0000,false,1,3566
7290012823565,false,פוליויקס מטליות ענק לחות לפרקט סנו 10 יחידות,החב. הדרומית לשיווק,,מטלית פוליוקס פרקט,יחידה,0.00,יחידה,false,,14.90,0.0000,true,1,16528
7290012823589,false,ריצפז פרש בניחוח לימון מרענן,החברה הדרומית לשיווק בעמ,,ריצפז לימון 2 ליטר,ליטרים,2.00,ליטר,false,,17.90,8.9500,false,1,3567
7290012823602,false,נייר טואלט סופט סילק לבן 32 גלילים סנו,החברה הדרומית לשיווק בעמ,,נייר טואלט סופט סילק,גרמים,1950.00,100 גרם,false,,32.90,0.0169,false,1,3568
7290012823787,false,"סנו רסס ונגב שקית מילוי 750 מ""ל",סנו,,רסס ונגב מילוי 750מל,מיליליטרים,750.00,"100 מ""ל",false,,7.90,0.0105,true,1,16540
7290012823923,false,"מרכך כביסה מרוכז פרפיום גולדן מקסימה 750 מ""ל",החברה הדרומית לשיווק בעמ,,מרכך כביסה מרוכז פרפ,מיליליטרים,750.00,"100 מ""ל",false,,16.90,0.0225,true,1,16541
7290012823947,false,"סנו - מרכך כביסה מרוכז פרפיום קריסטל נואר 750 מ""ל",החברה הדרומית לשיווק בעמ,,מקסימה פרפיום מרכך כ,מיליליטרים,750.00,"100 מ""ל",false,,16.90,0.0225,true,1,16543
7290012865008,false,כפפות מטבח,,,כפפות מטבח,יחידה,0.00,יחידה,false,,19.90,0.0000,true,1,26997
7290012871054,false,שלווה חיטה מלאה דבש 200 גרם דגן,מפעלי דגן,,דגן-חיטה מלאה תפוחה,גרמים,220.00,100 גרם,false,,6.50,0.0295,true,1,61212
7290012871061,false,חטיף תירס פופ מתוק ד,מפעלי דגן,,דגן תירס פופ מתוק 15,גרמים,150.00,100 גרם,false,,6.50,0.0433,true,1,60457
7290012871382,false,דגן שלווה מלאה תפוחה,מפעלי דגן,,דגן שלווה מלאה תפוחה,גרמים,150.00,100 גרם,false,,6.90,0.0460,true,1,79180
7290012871436,false,דגנים מלאים 5 תפוחים,מפעלי דגן,,דגן 5 דגנים מלאים דב,גרמים,220.00,100 גרם,false,,8.90,0.0405,true,1,60458
7290012884986,false,צ`יפס לתנור עד 4% שומן תפוגן (1.5 קג),קבוצת אוסם סחר שותפות מוגבלת,,צ'יפס לתנור 4% שומן,קילוגרמים,1.50,"ק""ג",false,,24.90,16.6000,true,1,26250
7290012901355,false,דודלס ארוחת אטריות עם גבינה 206 גרם,האי נאם סי או אל.טי.,,פסטה גבינה לבן,גרמים,206.00,100 גרם,false,,10.90,0.0529,true,1,34437
7290012911088,false,"רוטב סויה בהירה 500 מ""ל ""אסיה""",טחנת האבן קואופ בעמ,,רוטב סויה בהירה 500מ,יחידה,500.00,יחידה,false,,11.50,0.0230,true,1,8922
7290012911156,false,"רוטב טריאקי שומשום 300 מ""ל ""אסיה""",קיי.אר.אס.ספייסי פוד,,רוטב טריאקי שומשום,יחידה,300.00,יחידה,false,,11.00,0.0367,true,1,8925
7290012911170,false,מיסו כהה-מחית פולי סויה,טחנת האבן קואופ בעמ,,מיסו כהה,גרמים,500.00,100 גרם,false,,10.90,0.0218,true,1,1881
7290012911187,false,מיסו בהיר-מחית פולי סויה,טחנת האבן קואופ בעמ,,מיסו בהיר,גרמים,500.00,100 גרם,false,,10.90,0.0218,true,1,1882
7290012911293,false,דפי אורז 22 סמ טעמי אסיה (300 גרם)-ללא,טחנת האבן קואופ בעמ,,דפי אורז 300גר,גרמים,300.00,100 גרם,false,,11.90,0.0397,true,1,8927
7290012911415,false,ממרח קארי ירוק טעמי אסיה (400 גרם),קיי אר אס ספייסי פוד,,ממרח קארי ירוק 400גר,גרמים,400.00,100 גרם,false,,17.90,0.0447,true,1,1884
7290012911422,false,ממרח קארי אדום טעמי אסיה (400 גרם),טחנת האבן קואופ בעמ,,ממרח קארי אדום 400גר,גרמים,400.00,100 גרם,false,,17.90,0.0447,true,1,1885
7290012911439,false,"קארי ממרח צהוב 400 גרם ""אסיה""",טחנת האבן קואופ בעמ,,ממרח קארי צהוב 400גר,גרמים,400.00,100 גרם,false,,17.90,0.0447,true,1,1886
7290012911477,false,קרם קוקוס טעמי אסיה (400 מל),אסיאטיק אגרו אינדסטר,,"קרם קוקוס 400 מ""ל",יחידה,400.00,יחידה,false,,7.90,0.0198,true,1,8929
7290012911583,false,רצועות דלעת כבושה קנפיו 100גר,טחנת האבן קואופ בעמ,,קנפיו רצועות דלעת כב,גרמים,100.00,100 גרם,false,,8.90,0.0890,true,1,1891
7290012911613,false,רצועות צנון יפני כבו,מזרח ומערב,,רצועות צנון יפני כבו,גרמים,100.00,100 גרם,false,,8.90,0.0890,true,1,65196
7290012911644,false,רוטב סריראצ'ה- רוטב צ'ילי חריף,טחנת האבן קואופ בעמ,,סריראג'ה-צ'ילי חריף,גרמים,435.00,100 גרם,false,,23.90,0.0549,true,1,8930
7290012911651,false,"מקלוני אורז 10 מ""מ Rice stick",טעמי אסיה Taste of Asia,,"מקלוני אורז 10 מ""מ",גרמים,400.00,100 גרם,false,,8.90,0.0223,true,1,29439
7290012911675,false,פטריות שטאקה טעמי אסיה (85 גרם),טחנת האבן קואופ בעמ,,פטריות שטאקה 85 גר',גרמים,85.00,100 גרם,false,,17.90,0.2106,true,1,19769
7290012911729,false,"ג'ינג'ר ורוד לסושי 250 גרם ""אסיה""",טחנת האבן קואופ בעמ,,ג'נג'ר ורוד לסושי 25,גרמים,250.00,100 גרם,false,,7.90,0.0316,true,1,23153
7290012911804,false,שמן שומשום טעמי אסיה (150 מל),גואנגדונג גוד טייסט,,"שמן שומשום 150מ""ל",יחידה,150.00,יחידה,false,,13.90,0.0927,true,1,8931
7290012911866,false,"דפי אורז מרוב עים 22 ס""מ 300 גרם",טחנת האבן קואופ בעמ,,"דפי אורז 22*22 ס""מ",גרמים,300.00,100 גרם,false,,11.90,0.0397,true,1,23861
7290012911934,false,שבבי אורז 227 גרם כש,טחנת האבן קואופ בעמ,,שבבי אורז,גרמים,227.00,100 גרם,false,,7.90,0.0348,true,1,24458
7290012911941,false,רוטב צ'ילי מתוק ללא תוספת סוכר,טחנת האבן קואופ בעמ,,רוטב צ'ילי מתוק 700מ,מיליליטרים,700.00,"100 מ""ל",false,,14.00,0.0200,true,1,24470
7290012911965,false,ג'ינג'ר לסושי ללא צבע כשר 250ג',טחנת האבן קואופ בעמ,,ג'ינג'ר לסושי ללא צב,גרמים,150.00,100 גרם,false,,7.90,0.0527,true,1,26234
7290012921025,false,"בקבוק בירה מלכה בהירה 330 מ""ל",הכרם - משקאות חריפים בעמ,,בירה מלכה,מיליליטרים,330.00,"100 מ""ל",false,,13.90,0.0421,true,1,33817
7290012921032,false,"בקבוק בירה מלכה אדמונית 330 מ""ל",הכרם - משקאות חריפים בעמ,,מלכה אדמונית בירה,מיליליטרים,330.00,"100 מ""ל",false,,13.90,0.0421,true,1,33818
7290012921049,false,בירה מלכה כהה בסגנון,הכרם -משקאות חריפים בעמ,,בירה מלכה כהה,מיליליטרים,330.00,"100 מ""ל",false,,13.90,0.0421,true,1,33823
7290012921056,false,"בקבוק בירה מלכה חיטה 330 מ""ל",הכרם - משקאות חריפים בעמ,,בירה מלכה חיטה,מיליליטרים,330.00,"100 מ""ל",false,,13.90,0.0421,true,1,33820
7290012938580,false,"סנסודיין משחת שיניים להלבנה עדינה 75 מ""ל",גלקסוסמית'\קליין קונסיומ,,סנסודיין הלבנה עדינה,מיליליטרים,75.00,"100 מ""ל",false,,21.90,0.2920,true,1,17954
7290012938740,false,"משחת שיניים פרש מינט מנטה 75מ""ל סנסודיין",גלקסו סמית קליין,,"סנסודיין מנטה 75 מ""ל",מיליליטרים,75.00,"100 מ""ל",false,,21.90,0.2920,true,1,22255
7290012938924,false,אקוהפרש מי פה ללא אלכוהול 500 מל,מולינו ניקולי s.p.a,,אקווה פרש מי פה 500,מיליליטרים,500.00,"100 מ""ל",false,,19.90,0.0398,true,1,23068
7290012982873,false,"פילה אמנון קפוא 7-9 בד""ץ",ג.עופר,,פילה אמנון 7-9,קילוגרמים,1.00,"ק""ג",true,,24.90,24.9000,false,1,33606
7290012983153,false,סילאן טבעי בקבוק לחיץ תמר כנרת 400 גר,תה ויסוצקי (ישראל)בעמ,,סילאן טבעי לחיץ 400,גרמים,400.00,100 גרם,false,,15.90,0.0398,true,1,30549
7290012983160,false,סילאן לחיץ 400גר חתם סופר,"חצר כנרת מוצרי תמר אגש""ח",,סילאן לחיץ 400 גרם,גרמים,400.00,100 גרם,false,,11.50,0.0288,true,1,59712
7290012996610,false,טבליות הפלא לניקוי האסלה הפי יעקבי 16 יחידות,יעקב יעקבי ובניו בעמ,,טבליות אסלה יעקבי,גרמים,400.00,100 גרם,false,,12.90,0.0323,true,1,15026
7290012996672,false,סבון אסלה + בושם ל24 שעות ביום הפי,יעקב יעקבי ובניו בעמ,,סבון אסלה+בושם,יחידה,80.00,יחידה,false,,9.90,0.1238,true,1,15031
7290012996702,false,הפי ג'ל דוחה עש ומבשם לארון הבגדים,יעקב יעקבי ובניו בעמ,,שקיות בד רחניות לבגד,יחידה,0.00,יחידה,false,,10.90,0.0000,true,1,15034
7290013027399,false,לחם קמח מלא קל בתוספת שיפון 750 ג' אנג'ל,מאפיית שלמה א. אנג'\ל בע,,לחם אנג'ל 100 בתוספת,גרמים,750.00,100 גרם,false,,15.90,0.0212,true,1,610
7290013038432,false,מים אקווה נובה בקבוק יחיד,טמפו משקאות בע`מ,,מים אקווה נובה 2ל,ליטרים,2.00,ליטר,false,,3.30,1.6500,true,1,11542
7290013083661,false,"מטרנה אקסטרה קר שלב 1 חסכון 700 גרם תמ""ל",קבוצת אוסם סחר-שות.מוגבלת,,מטרנה אקסטרה קר שלב,גרמים,700.00,100 גרם,false,,59.90,0.0856,false,1,6223
7290013083678,false,"מטרנה אקסטרה קר שלב 2 חסכון 700 גרם תמ""ל",קבוצת אוסם סחר-שות.מוגבלת,,מטרנה אקסטרה קר שלב,גרמים,700.00,100 גרם,false,,59.90,0.0856,false,1,6224
7290013083685,false,תחליף חלב מטרנה אקסטרה קר שלב 3 חסכון 700 גרם,קבוצת אוסם סחר-שות.מוגבלת,,מטרנה אקסטרה קר שלב,גרמים,700.00,100 גרם,false,,59.90,0.0856,false,1,6225
7290013117212,false,בורקס פילו במילוי גבינה מעדנות 600 גר,תנובה מרכז שיתופי לשיווק תוצרת,,בורקס פילו מילוי גבי,גרמים,600.00,100 גרם,false,,19.90,0.0332,false,1,8459
7290013117229,false,"בורקס פילו במילוי תפו""א מעדנות 600 גר",תנובה מרכז שיתופי לשיווק תוצרת,,"בורקס פילו מילוי תפ""",גרמים,600.00,100 גרם,false,,19.90,0.0332,false,1,8460
7290013117236,false,בורקס פילו פיצה מעדנות 600 גרם,תנובה מרכז שיתופי לשיווק תוצרת,,בורקס פילו פיצה מעדנ,גרמים,600.00,100 גרם,false,,19.90,0.0332,false,1,1018
7290013117243,false,בורקס פילו בולגרית מעדנות 600 גרם,תנובה מרכז שיתופי לשיווק תוצרת,,בורקס פילו בולגרית מ,גרמים,600.00,100 גרם,false,,19.90,0.0332,false,1,1019
7290013117410,false,בצק פריך מרודד למאפים מתוקים 900 ג' מעדנות,תנובה מרכז שיתופי לשיווק תוצרת,,בצק פריך מתוק מעדנות,גרמים,900.00,100 גרם,false,,21.90,0.0243,false,1,1020
7290013117427,false,בצק פריך מרודד למאפים מלוחים מעדנות 2*450 גרם,תנובה מרכז שיתופי לשיווק תוצרת,,בצק פריך מלוח מעדנות,גרמים,900.00,100 גרם,false,,19.90,0.0221,false,1,1021
7290013117526,false,בצק שמרים מרודד למאפים מתוקים מעדנות 900 גרם,תנובה מרכז שיתופי לשיווק תוצרת,,בצק שמרים למאפים מתו,גרמים,900.00,100 גרם,false,,19.90,0.0221,false,1,1022
7290013121011,false,חלת שבת 500 גרם ללא גלוטן,אביב קונדיטוריה מעול,,חלת שבת ללא גלוטן,יחידה,0.00,יחידה,false,,21.90,0.0000,true,1,27764
7290013121028,false,לחם לבן 500 גרם ללא גלוטן גרין לייט,אביב קונדיטוריה מעול,,לחם לבן ללא גלוטן גר,יחידה,0.00,יחידה,false,,17.90,0.0000,true,1,25621
7290013121035,false,לחם פשתן ללא גלוטן 500 גר קפוא,אביב קונדיטוריה מעול,,גרין ליין-לחם פשתן,גרמים,500.00,100 גרם,false,,19.90,0.0398,true,1,25688
7290013121042,false,לחם איטלקי ללא גלוטן 500 גר קפוא,אביב קונדיטוריה מעול,,גרין לייט-לחם איטלקי,גרמים,500.00,100 גרם,false,,19.90,0.0398,true,1,28019
7290013121103,false,רביעיית לחמניות סנדויץ ללא גלוטן 460 גרם,אביב קונדיטוריה מעול,,רביעיית שליש בגט ללא,יחידה,0.00,יחידה,false,,17.90,0.0000,true,1,25622
7290013121110,false,לחמניות בורגר ללא גלוטן גרין לייט 4 * 87 גרם,אביב קונדיטוריה מעול,,גרין לייט-לחמניות בו,גרמים,350.00,100 גרם,false,,15.90,0.0454,true,1,28020
7290013121127,false,לחמניות מיני ללא גלוטן גרין לייט 6 יחידות,אביב קונדיטוריה מעול,,לחמניות מיני ללא גלו,יחידה,0.00,יחידה,false,,17.90,0.0000,true,1,25623
7290013121134,false,בייגל ללא גלוטן 430 גר קפוא,אביב קונדיטוריה מעול,,גרין ליין-בייגל אמרי,יחידה,0.00,יחידה,false,,19.90,0.0000,true,1,33554
7290013121158,false,לחמניות סנדוויץ ללא גלוטן גרין לייט 4 * 115 גרם,אביב קונדיטוריה מעול,,גרין ליין-לחמניות רב,גרמים,460.00,100 גרם,false,,17.90,0.0389,true,1,25689
7290013121165,false,לחמניות נקניקיה ללא גלוטן גרין לייט 6 * 77 גרם,אביב קונדיטוריה מעול,,שישיות לחמניות נקניק,יחידה,0.00,יחידה,false,,17.90,0.0000,true,1,25624
7290013121189,false,רביעיית שליש לחמניות כפריות,,,לחמניות כפריות רביעי,גרמים,400.00,100 גרם,false,,24.90,0.0622,true,1,122115
7290013121684,false,כדורי שוקולד 400 גרם ללא גלוטן,אביב קונדיטוריה מעול,,כדורי שוקולד,גרמים,500.00,100 גרם,false,,23.90,0.0478,true,1,28264
7290013121691,false,שלישיית לאפות 80 גר`ליחידה ללא גולטן גר,"גרין לייט פוד בע""מ",,שלישיית לאפות גרין ל,יחידה,0.00,יחידה,false,,15.90,0.0000,true,1,76378
7290013121752,false,לחם לבן ביתי ללא גלוטן 700 גר קפוא,אביב קונדיטוריה מעול,,לחם לבן ביתי ללא גלו,גרמים,500.00,100 גרם,false,,21.90,0.0438,true,1,30571
7290013121769,false,רביעיית שליש באגט ללא תוספת סוכר וללא גלוטן,אביב קונדיטוריה מעול,,גרין ליין-לחמניות רב,גרמים,400.00,100 גרם,false,,17.90,0.0447,true,1,34295
7290013121776,false,לחם כפרי ללא תוספת סוכר וללא גלוטן,אביב קונדיטוריה מעול,,לחם כפרי ללא גלוטן ג,יחידה,0.00,יחידה,false,,21.90,0.0000,true,1,25629
7290013151322,false,סטאר פוד סרדין במי מלח 125 ג',יוניון דה פחריס,,סרדינים במי מלח,גרמים,125.00,100 גרם,false,,4.90,0.0392,true,1,28746
7290013151360,false,"סטאר פוד מי פריחת הדרים 500 מ""ל",אלימאד פוד,,מי פריחת הדרים,מיליליטרים,500.00,"100 מ""ל",false,,16.90,0.0338,true,1,29561
7290013151636,false,פילה סרדין בשמן זית,כ. נועם סוכניותלשיווק בעמ,,פילה סרדין בשמן זית,גרמים,90.00,100 גרם,false,,9.90,0.1100,true,1,64367
7290013153579,false,משקה בטעם אפרסק מרוכז קפוא,החברה המרכזית טלהפצת משקאות בע,,פריגת אפרסק קפוא 350,גרמים,350.00,100 גרם,false,,12.90,0.0369,true,1,68666
7290013185006,false,לחם בריאות משהו משהו,משהו משהו,,לחם בריאות משהו משהו,גרמים,700.00,100 גרם,false,,13.90,0.0199,true,1,84583
7290013185914,false,לחם בריאות מחמצת כוסמין קל,מאפיית רפאל,,לחם בריאות מחמצת כוס,גרמים,600.00,100 גרם,false,,16.90,0.0282,true,1,117790
7290013267665,false,סולרו מיני קלאסי - פירות טרופיים (חלבי),"מיוצר ע""\י גלידת שטראוס",,מאגדת מיני סולרו פיר,גרמים,354.00,100 גרם,false,,25.90,0.0732,true,1,19761
7290013268020,false,מקסימה מרכך כביסה מרוכז בניחוח אולטרא פרש סנו 1 ליטר,החברה הדרומית לשיווק בעמ,,מרכך מרוכז א. פרש 1ל,ליטרים,1.00,ליטר,false,,16.90,16.9000,true,1,16549
7290013268037,false,מקסימה מרכך כביסה מרוכז בניחוח לבנדר פצ'ולי סנו 1 ליטר,החברה הדרומית לשיווק בעמ,,מרכך כביסה מרוכז פצ',ליטרים,1.00,ליטר,false,,16.90,16.9000,true,1,16550
7290013268204,false,סנובון מגבונים לניקוי וחיטוי מושב האסלה,טרופיקל דגיל- תעשיות,,מגבונים לניקוי וחיטו,יחידה,0.00,יחידה,false,,9.90,0.0000,true,1,73671
7290013268242,false,תרכיז ריחני לניקוי רצפות בריח מלון מפנק ריצפז פרש,החברה הדרומית לשיווק בעמ,,ריצפז פרש הום מלון מ,ליטרים,2.00,ליטר,false,,21.90,10.9500,false,1,81058
7290013268372,false,פוליוויקס פרקט סנו בתוספת שמן ארגן (2 לי,החברה הדרומית לשיווק בעמ,,פוליווקס פרקט בתוספת,ליטרים,2.00,ליטר,false,,19.90,9.9500,true,1,84598
7290013268839,false,פוליויקס פרקט-תרכיז ריחני לניקוי רצפות עץ,החברה הדרומית לשיווק בעמ,,פוליויקס פרקט בניחוח,ליטרים,2.00,ליטר,false,,19.90,9.9500,true,1,73759
7290013268884,false,"נוזל רצפות מאסק 2 ליטר ""ריצפז פרש""",החברה הדרומית לשיווק בעמ,,ריצפז פרש מאסק 2 ל',ליטרים,2.00,ליטר,false,,17.90,8.9500,false,1,3598
7290013268891,false,אוקסיג'ן ג'ל ללא אקונומיקה עם חמצן פעיל סנו 3 ליטר,החברה הדרומית לשיווק בעמ,,ג'ל אוקסיג'ן 3 ליטר,ליטרים,3.00,ליטר,false,,29.90,9.9667,true,1,3599
7290013268907,false,ג'ל כביסה ביו בטמפרטורות נמוכות,החברה הדרומית לשיווק בעמ,,ג'ל כביסה ביו 3 ליטר,ליטרים,3.00,ליטר,false,,31.90,10.6333,true,1,3600
7290013268914,false,סנו מקסימה ג'ל כביסה סמארט 3 ל',החברה הדרומית לשיווק בעמ,,ג'ל כביסה 3 ליטר סמא,ליטרים,3.00,ליטר,false,,31.90,10.6333,true,1,70742
7290013268983,false,מרכך כביסה סופר מרוכז בבישום עוצמתי סנו מקסימה 1 ל',החברה הדרומית לשיווק בעמ,,מרכך מרוכז 1 ליטר JO,ליטרים,1.00,ליטר,false,,16.90,16.9000,false,1,90025
7290013268990,false,מרכך כביסה מרוכז לבן ביו סנו מקסימה 1 ליטר,החברה הדרומית לשיווק בעמ,,מרכך מרוכז מקסימה 1,ליטרים,1.00,ליטר,false,,16.90,16.9000,true,1,16570
7290013269003,false,מרכך כביסה סופר מרוכז בייבי לתינוקות ולעור רגיש,החברה הדרומית לשיווק בעמ,,מרכך מרוכז מקסימה בי,ליטרים,1.00,ליטר,false,,18.90,18.9000,true,1,16571
7290013269157,false,"מרכך מבשם למייבש כביסה לבנדר סנו מקסימה 750 מ""ל",החב הדרומית לשיווק,,מקסימה למייבש לבנדר,מיליליטרים,750.00,"100 מ""ל",false,,19.90,0.0265,true,1,16577
7290013269263,false,ג'ל כביסה מרוכז מקסימה בבישום קריסטל נואר,החברה הדרומית לשיווק בעמ,,ג'ל כביסה קריסטל 3 ל,ליטרים,3.00,ליטר,false,,31.90,10.6333,true,1,3603
7290013269287,false,סנו - מקסימה ג'ל כביסה מרוכז מאסק 3 ליטר,החברה הדרומית לשיווק בעמ,,ג'ל כביסה מאסק 3 ליט,ליטרים,3.00,ליטר,false,,31.90,10.6333,true,1,19959
7290013269621,false,ריצפז פרש לניקוי רצפות בניחוח מלון בוטיק,החברה הדרומית לשיווק בעמ,,ריצפז פרש הום בניחוח,ליטרים,2.00,ליטר,false,,21.90,10.9500,false,1,75531
7290013269638,false,ספוג הפלא אקסטרה Extra- מארז 6 יח',החברה הדרומית לשיווק בעמ,,ספוג הפלא EXTRA,יחידה,0.00,יחידה,false,,12.90,0.0000,true,1,25392
7290013269645,false,ריצפז פרש מטליות לחות לריצפה בניחוח מאסק 10 יחידות,החברה הדרומית לשיווק בעמ,,מטליות רצפז פרש,יחידה,0.00,יחידה,false,,12.90,0.0000,true,1,26556
7290013269652,false,פוליויקס נוזל לניקוי רצפות גרניט פורצלן סנו 2 ליטר,החברה הדרומית לשיווק בעמ,,פוליווקס פורצלן מסק,ליטרים,2.00,ליטר,false,,19.90,9.9500,true,1,21374
7290013269669,false,ריצפז בניחוח פנטזיה לניקוי הרצפה,החברה הדרומית לשיווק בעמ,,ריצפז פנטזיה 3 ליטר,ליטרים,3.00,ליטר,false,,12.90,4.3000,true,1,21375
7290013269751,false,מטליות לחותריצפז פרש לניקוי ריצפה בניחות מלון בוטיק 10 יח' סנו,החברה הדרומית לשיווק בעמ,,ריצפז מטליות לחות לנ,יחידה,0.00,יחידה,false,,12.90,0.0000,true,1,76009
7290013269867,false,סנו סושי זוג מפות אירוח צבעים שונים,החברה הדרומית לשיווק בעמ,,סושי זוג מפות אירוח,יחידה,0.00,יחידה,false,,9.90,0.0000,true,1,3606
7290013269942,false,קוטל מעופפים קיי פירטרום סנו (400 מל),החברה הדרומית לשיווק בעמ,,K פירטרום מעופפים,יחידה,0.00,יחידה,false,,22.90,0.0000,true,1,21042
7290013276124,false,"בקבוק בירה נגב אמבר אייל 330 מ""ל",הכרם - משקאות חריפים בעמ,,נגב אמבר אייל בירה,מיליליטרים,330.00,"100 מ""ל",false,,13.90,0.0421,true,1,60995
7290013358356,false,פירורי לחם מוזהבים מאסטר שף (320גרם),ש. שסטוביץ בע`מ,,מנה פירורי לחם מוזהב,גרמים,350.00,100 גרם,false,,6.90,0.0197,true,1,21578
7290013358363,false,מאסטר שף פרורי לחם פנקו עבים בסגנון יפני 300 גר,קריניציה ויטמינה אס,,פירורי לחם פנקו מוזה,גרמים,300.00,100 גרם,false,,9.90,0.0330,true,1,21579
7290013358417,false,מאסטר שף אסייאתי רוטב טריאקי 300 מל כשלפ,קריניציה ויטמינה אס,,רוטב טריאקי מנה,מיליליטרים,300.00,"100 מ""ל",false,,9.90,0.0330,true,1,58810
7290013358431,false,מאסטר שף קרוטונים לסלט עגבניות ובזיליקום,עינת תעשיות מזון אגו,,מנה קרוטונים לסלט בת,גרמים,200.00,100 גרם,false,,12.90,0.0645,true,1,27502
7290013358486,false,מאסטר שף פירורים מוזהבים ללא צורך בביצה 300 ג,"מיוצר ע""י מנה י.א בע",,פירורי לחם מנה ללא ב,גרמים,300.00,100 גרם,false,,7.90,0.0263,true,1,32876
7290013358493,false,מנה אסייאתי קרם קוקוס פחית 400 מל מ.שף,תאי קוקונט פבליק קומפני,,קרם קוקוס פחית מאסטר,מיליליטרים,400.00,"100 מ""ל",false,,8.90,0.0223,true,1,58747
7290013358523,false,מאסטר שף שבבי בצל מטוגן 150 גרם,קריניציה ויטמינה אס,,שבבי בצל מנה,גרמים,150.00,100 גרם,false,,12.90,0.0860,true,1,32520
7290013358530,false,מאסטר שף אסייאתי רוטב צ'ילי מתוק 700 מל כשלפ,קריניציה ויטמינה אס,,רוטב צ'ילי מתוק מנה,מיליליטרים,700.00,"100 מ""ל",false,,12.90,0.0184,true,1,58666
7290013358547,false,מאסטר שף אסייאתי רוטב צ'ילי חריף 700 מל כשלפ,קי.אר.אס. ספייסי פוד,,רוטב צ'ילי חריף מנה,מיליליטרים,700.00,"100 מ""ל",false,,12.90,0.0184,true,1,58748
7290013358578,false,מנה אסייאתי אטריות אורז רחבות 400 ג מ.שף,ליינג טונג רייספלוור,,איטריות אורז רחבות מ,גרמים,400.00,100 גרם,false,,7.90,0.0198,true,1,58749
7290013358585,false,מנה אסייאתי נודלס ביצים להקפצה 400 מ.שף,הנסיך- מפעל לייצור ט,,נודלס ביצים להקפצה מ,גרמים,400.00,100 גרם,false,,7.90,0.0198,true,1,59103
7290013358806,false,מנה מאגדת פריכיות אורז עם מלח 264 גרם,ש. שסטוביץ בע`מ,,מאגדת פרכיות עם מלח,גרמים,264.00,100 גרם,false,,12.90,0.0489,true,1,28355
7290013361981,false,צ'יפס קפוא חתוך פרי הגליל,ויטה- פרי גליל (החדשה) בעמ,,"צ'יפס 2 ק""ג פרי גליל",קילוגרמים,2.00,"ק""ג",false,,21.90,10.9500,true,1,31159
7290013361998,false,"סטייק צ'יפס פרי הגליל 2 ק""ג",ויטה- פרי גליל (החדשה) בעמ,,"סטייק צ'יפס 2 ק""ג פר",קילוגרמים,2.00,"ק""ג",false,,21.90,10.9500,true,1,31160
7290013366047,false,כרובית פיורטי (כרובית+ברוקולי),כרמלים שדות חדשים,,כרובית פיורטי 500 גר,גרמים,500.00,100 גרם,false,,21.90,0.0438,true,1,81263
7290013366085,false,תירס סופר סוויט ארוז,כרמלים שדות חדשים,,תירס מקולף מתוק במיו,יחידה,0.00,יחידה,false,,19.90,0.0000,true,1,59901
7290013366108,false,אספרגוס ירוק כרמלים,כרמלים שדות חדשים,,אספרגוס 400 גר' כרמל,גרמים,400.00,100 גרם,false,,32.90,0.0822,true,1,75889
7290013366153,false,ברוקומיני 300 גרם,,,ברוקומיני 300 גר',גרמים,300.00,100 גרם,false,,22.90,0.0763,true,1,83904
7290013366221,false,נבטי חמנייה כרמל יבו,שחף שיווק,,נבטי חמניה,יחידה,0.00,יחידה,false,,9.50,0.0000,true,1,19010
7290013366252,false,קטניות מונבטות יחידה,כרמלים שדות חדשים,,נבטוטי קטניות כרמל י,יחידה,0.00,יחידה,false,,8.90,0.0000,true,1,19013
7290013366634,false,כרמל יבולים חסה סלנו,ביכורי השדה הצפון בעמ` 1964,,חסה SALANOVA,יחידה,0.00,יחידה,false,,12.90,0.0000,true,1,2376
7290013366641,false,רוקולה כרמלים 160 גר,מרינה פטריות הגליל,,רוקלה כרמל יבולים,יחידה,0.00,יחידה,false,,12.90,0.0000,true,1,19025
7290013366665,false,חסה גמביט קראנצית יחידה,ביכורי השדה הצפון בעמ` 1964,,חסה גמביט,יחידה,0.00,יחידה,false,,12.90,0.0000,true,1,116760
7290013366719,false,פאק צ'וי כרמל יבולם,כרמלים שדות חדשים,,פאק צ'וי כרמל יבולם,יחידה,0.00,יחידה,false,,12.90,0.0000,true,1,33515
7290013366726,false,קייל כרמלים 160 גר,"שניב תעשיות נייר בע""",,עלי קייל,גרמים,260.00,100 גרם,false,,13.50,0.0519,true,1,29563
7290013366986,false,ביצי חופש 18 יח' L,,,ביצי חופש 18 יח' L,יחידה,0.00,יחידה,false,,26.90,0.0000,false,1,122026
7290013381088,false,עמבה הודית אורגינלית 500,נאמן לאורך זמן בעמ,,עמבה הודית,גרמים,500.00,100 גרם,false,,9.40,0.0188,true,1,83198
7290013381675,false,"סירופ מלבי 750מ""ל רוזטה",נאמן לאורך זמן בעמ,,סירופ מלבי 750 מל,מיליליטרים,750.00,"100 מ""ל",false,,17.90,0.0239,true,1,28794
7290013412966,false,רבעיית מגבונים תולי 72*4 יחידות,שקד תבל בעמ,,מגבונים רביעייה טולי,יחידה,0.00,יחידה,false,,10.00,0.0000,true,1,25052
7290013430083,false,"בירה אלכסנדר בלונד בקבוק 330 מ""ל",אגודת הכורמים -כרמל מזרחי,,אלכסנדר-BLOND בירה,מיליליטרים,330.00,"100 מ""ל",false,,12.90,0.0391,true,1,20011
7290013430090,false,בירה אלכסנדר אמברה AMBREE בירה ישראלית,מנדלז סי.אר. פרודקשן,,אלכסנדר-AMBREE בירה,מיליליטרים,330.00,"100 מ""ל",false,,12.90,0.0391,true,1,20012
7290013430250,false,אלכסנדר חיטה ישראלית בקבוק בודד 330 מל,אלכסנדר- בירה ישראלית מע,,בירה אלכסנדר חיטה יש,מיליליטרים,330.00,"100 מ""ל",false,,12.90,0.0391,true,1,72876
7290013430304,false,בירה אלכסנדר גרין GREEN בירה ישראלית,מנדלז סי.אר. פרודקשן,,בירה אלכסנדר גרין,מיליליטרים,330.00,"100 מ""ל",false,,12.90,0.0391,true,1,20891
7290013430403,false,"בירה אלכסנדר בלייזר 330 מ""ל","אביר הבר בע""מ",,בירה אלכסנדר בלייזר,מיליליטרים,330.00,"100 מ""ל",false,,12.90,0.0391,true,1,31032
7290013440648,false,מאגדת שלגוני אבטיח נסטלה 5 יחידות,נגה גלידות שותפות מוגבלת,,מאגדת קרחוני אבטיח 5,גרמים,540.00,100 גרם,false,,22.90,0.0424,true,1,19779
7290013442062,false,יוגורט עדין קטיפתי 6,מוטק'ה החולב,,יוגורט עדין קטיפתי,מיליליטרים,650.00,"100 מ""ל",false,,21.00,0.0323,false,1,13231
7290013442246,false,לבנה 9% מוטקה החולב,מוטק'ה החולב,,לבנה 9% מוטקה החולב,גרמים,280.00,100 גרם,false,,17.90,0.0639,false,1,119993
7290013442253,false,צפתית 16% מוטקה חולב,מוטק'ה החולב,,צפתית 16% מוטקה חולב,גרמים,250.00,100 גרם,false,,22.90,0.0916,false,1,119994
7290013442260,false,גבינה צפתית קצח כבשי,מוטק'ה החולב,,צפתית קצח 16% מוטקה,גרמים,250.00,100 גרם,false,,22.90,0.0916,false,1,119995
7290013442277,false,גבינה בסגנון פטה יוו,מוטק'ה החולב,,פטה 26% מוטקה החולב,גרמים,250.00,100 גרם,false,,31.90,0.1276,false,1,119996
7290013442284,false,גבינת ברי כבשים 140ג,מוטק'ה החולב,,ברי 22% מוטקה החולב,גרמים,140.00,100 גרם,false,,25.90,0.1850,true,1,119997
7290013442291,false,גבינת קממבר כבשים 14,מוטק'ה החולב,,קממבר 22% מוטקה החול,גרמים,140.00,100 גרם,false,,25.90,0.1850,false,1,119998
7290013442307,false,גבינת קממבר פקאן כבש,מוטק'ה החולב,,קממבר פקאן 23% מוטקה,גרמים,140.00,100 גרם,false,,25.90,0.1850,false,1,119999
7290013442314,false,גבינת סנט מור כבשים,מוטק'ה החולב,,סנט מור 22% מוטקה הח,גרמים,150.00,100 גרם,false,,28.90,0.1927,false,1,120000
7290013442321,false,גבינת כבשה צהובה בסגנון גאודה 150 גר,מוטק'ה החולב,,כבשה צהובה 27% מוטקה,גרמים,150.00,100 גרם,false,,25.90,0.1727,false,1,120001
7290013442338,false,גבינת כבשה חרדלית 150 גר,מוטק'ה החולב,,כבשה חרדלתי 27% מוטק,גרמים,150.00,100 גרם,false,,25.90,0.1727,false,1,120002
7290013442345,false,גבינה ארוטן כמהין עובש כמהין 150 גר,מוטק'ה החולב,,ארוטן כמהין 23% מוטק,גרמים,150.00,100 גרם,false,,29.90,0.1993,false,1,120003
7290013453068,false,עוגיות כוסמין ופירות יער ללא ת.ס 240 גר,האי נאם סי או אל.טי.,,עוגיות כוסמין ופירות,גרמים,240.00,100 גרם,false,,22.90,0.0954,true,1,23881
7290013453075,false,"דני וגלית עוגיות שיבולת שועל, טחינה וסילאן",דני וגלית בעמ,,עוגיות שיבולת שועל ט,גרמים,270.00,100 גרם,false,,22.90,0.0848,true,1,22185
7290013453082,false,עוגיות כוסמין שוקולדצ'יפס 230 גרם,,,עוגיות גרנולה ושוקול,גרמים,230.00,100 גרם,false,,22.90,0.0996,true,1,22186
7290013453136,false,עוגיות כוסמין שטרודל תפוחים ללא תוספת סוכר טבעוני,דני וגלית,,עוגיות כוסמין בניחוח,גרמים,230.00,100 גרם,false,,22.90,0.0996,true,1,22188
7290013453150,false,עוגיות קוקוס ואגוזי,האי נאם סי או אל.טי.,,עוגיות כוסמין קוקוס,גרמים,230.00,100 גרם,false,,22.90,0.0996,true,1,25749
7290013453181,false,קריספיס שקדים רוזמרין 170 גר,,,קריספי'ס קרקרים שקדי,גרמים,170.00,100 גרם,false,,24.90,0.1465,true,1,22201
7290013453259,false,עוגיות חטיפי חמאת קו,האי נאם סי או אל.טי.,,עוגיות חטיפי חמאת קו,גרמים,230.00,100 גרם,false,,22.90,0.0996,true,1,32534
7290013453266,false,מקלוני כוסמין וקצח 200 גר,"דני וגלית בע""מ",,מקלוני כוסמין קצח,יחידה,0.00,יחידה,false,,19.90,0.0000,true,1,70307
7290013453617,false,ביסקוטי שקדים וקוקוס 200 גרם,האי נאם סי או אל.טי.,,עוגיות ביסקוטי שקדים,גרמים,200.00,100 גרם,false,,24.90,0.1245,true,1,85251
7290013453624,false,דני וגלית עוגיות שוקולדצ'יפס מקמח שקדים וקמח אורז מלא 230 גרם,י.איטליאנו אחזקות בעמ,,עוגיות שוקולד צ'יפס,יחידה,0.00,יחידה,false,,24.90,0.0000,true,1,77636
7290013453631,false,דני וגלית עוגיות חמאת בוטנים שוקולדצ'יפס מפצפוצי אורז מלא 230 גרם,האי נאם סי או אל.טי.,,עוגיות כדורי חמאת בו,יחידה,0.00,יחידה,false,,24.90,0.0000,true,1,77637
7290013453648,false,דני וגלית עוגיות פירות יער מקמח שקדים וקמח אורז מלא 230 גרם,"דני וגלית בע""מ",,עוגיות פירות יער ללא,יחידה,0.00,יחידה,false,,24.90,0.0000,true,1,77638
7290013453655,false,עוגיות קוקוס ולוז מקמח שקדים וקמח אורז מלא,י.איטליאנו אחזקות בעמ,,עוגיות קוקוס לוז מקמ,יחידה,0.00,יחידה,false,,24.90,0.0000,true,1,77640
7290013453679,false,עוגיות אוכמניות ותפוז מקמח שקדים 230 גרם,,,עוגיות אוכמניות וגרי,גרמים,230.00,100 גרם,false,,24.90,0.1083,true,1,117238
7290013472199,false,ערמונים קלופים וקלויים 105 גרם,ג.וילי-פוד אינטרנשיונל בעמ,,ערמונים קלופים וקלוי,גרמים,105.00,100 גרם,false,,5.50,0.0524,true,1,5500
7290013472892,false,בולגריה קוביות במי מלח - מרכיבי חלב ושומן צמחי,ג.וילי-פוד אינטרנשיונל **גבינו,,KOLIOS-הבולגריה בקוב,גרמים,200.00,100 גרם,false,,12.90,0.0645,true,1,24138
7290013472908,false,הבולגריה בקוביות ויליפוד 400 גרם,ג.וילי-פוד אינטרנשיונל **גבינו,,בולגרית קוביות 400 ג,גרמים,400.00,100 גרם,false,,23.90,0.0597,true,1,23496
7290013493002,false,בירה בזלת פילזנר 750 מל,יקב רמת הגולן,,בירה בזלת פילזנר,מיליליטרים,750.00,"100 מ""ל",false,,26.00,0.0347,true,1,2000
7290013493026,false,בירה בזלת חיטה 750 מל,יקב רמת הגולן,,בירה בזלת חיטה 750 מ,מיליליטרים,750.00,"100 מ""ל",false,,29.90,0.0399,true,1,2002
7290013493033,false,"בירה בזלת חיטה 330 מ""ל",מברשת הגולן א.ח.ר 20,,בירה בזלת חיטה בק' 3,מיליליטרים,330.00,"100 מ""ל",false,,13.90,0.0421,true,1,2003
7290013493057,false,"בירה בזלת דאבל בוק 330 מ""ל",מברשת הגולן א.ח.ר 20,,בירה בזלת דבל בוק בק,מיליליטרים,330.00,"100 מ""ל",false,,14.90,0.0452,true,1,83303
7290013493064,false,"בירה בזלת אייל ענברי 750 מ""ל",יקב רמת הגולן,,בירה בזלת אייל ענברי,מיליליטרים,750.00,"100 מ""ל",false,,27.90,0.0372,true,1,2006
7290013493071,false,"בירה בזלת אייל ענברי 330 מ""ל",מברשת הגולן א.ח.ר 20,,בירה בזלת אייל ענברי,מיליליטרים,330.00,"100 מ""ל",false,,13.90,0.0421,true,1,83305
7290013504456,false,מצע ספוג לירקות ופירות שומר טריות,Ningbo cleaning indu,,ספוג שומר טריות למקר,יחידה,0.00,יחידה,false,,12.90,0.0000,true,1,26906
7290013504708,false,מטאטא נצנץ שחור - ז.,Mascot,,מטאטא נצנץ+מקל,יחידה,0.00,יחידה,false,,19.90,0.0000,true,1,32887
7290013504852,false,דלי מגבונים לניקוי כללי 400 יח',,,דלי מגבוני בד,יחידה,0.00,יחידה,false,,19.90,0.0000,true,1,67169
7290013504869,false,מטליות לחות לרצפה בדלי נ,,,דלי מטליות לחות 50'ח,יחידה,0.00,יחידה,false,,29.90,0.0000,true,1,68672
7290013520029,false,לחמניות שומשום כפולו,מאפיית אגמי,,לחמניות שומשום כפולו,יחידה,0.00,יחידה,false,,12.50,0.0000,true,1,77962
7290013520067,false,מארז לחמניות 10 יחיד,מאפיית אגמי,,מארז 10 לחמניות אצבע,גרמים,750.00,100 גרם,false,,12.90,0.0172,true,1,65613
7290013520111,false,מארז לחמניות המבורגר,מאפיית אגמי,,לחמניות המבורגר שישי,גרמים,600.00,100 גרם,false,,14.90,0.0248,true,1,66748
7290013520463,false,לחם בריאות ושובע כוס,מאפיית הראשונים מ.ל. בעמ,,לחם כוסמין אגמי,גרמים,600.00,100 גרם,false,,16.60,0.0277,true,1,63074
7290013520470,false,רביעיית לחמניות קלוע,מאפיית אגמי,,לחמניות שמיניות אגמי,יחידה,0.00,יחידה,false,,9.90,0.0000,true,1,66350
7290013520500,false,לחמניה ביס כוסמין מלא 8יח,מאפיית אגמי,,לחמניות ביס כוסמין,גרמים,400.00,100 גרם,false,,16.60,0.0415,true,1,69181
7290013520630,false,לחם מלא יום יום אגמי,מאפיית אגמי,,לחם מלא יום יום אגמי,גרמים,750.00,100 גרם,false,,10.90,0.0145,true,1,67909
7290013521101,false,פסטה כוסמין אורגנית תרד 350 גרם,השדה מוצרים אורגניים,,פטוצ'יני כוסמין תרד,גרמים,350.00,100 גרם,false,,18.90,0.0540,true,1,65961
7290013521385,false,רסק תפוחים אורגני השדה מוצרים אורגנים 700 גרם,השדה מוצרים אורגניים,,רסק תפוחים אורגני,גרמים,700.00,100 גרם,false,,17.50,0.0250,true,1,32547
7290013521392,false,רסק תפוחים אורגני 360 גר,מחנדל,,רסק תפוחים אורגני,גרמים,360.00,100 גרם,false,,12.90,0.0358,true,1,32548
7290013521491,false,קטשופ אורגני 567 גרם ללא גלוטן,שוורצקוף& הנקל דיסלד,,קטשופ אורגני,גרמים,567.00,100 גרם,false,,16.90,0.0298,true,1,65964
7290013521569,false,רסק תפוח בננה אורגני 360 גר,השדה מוצרים טבעיים ו,,רסק תפוח בננה 360 גר,גרמים,360.00,100 גרם,false,,12.90,0.0358,true,1,66529
7290013521866,false,חטיף אורגני מתפוחי אדמה ללא מלח 65 גרם,"סיבי, נובי פריס",,צ'יפס אפוי פיקנטי,גרמים,65.00,100 גרם,false,,10.90,0.1677,true,1,75413
7290013531117,false,רוטב פסטה לילדים יכין (240 גר`),"זנלכל בע""\מ",,רוטב פסטה לילדים יכי,גרמים,240.00,100 גרם,false,,4.90,0.0204,true,1,11437
7290013531346,false,סירופ דיאט בטעם לימונענע יכין 1 ליטר,זנלכול יכין,,סירופ דיאט לימונענע,ליטרים,1.00,ליטר,false,,16.90,16.9000,true,1,21808
7290013531377,false,תורמוס A2 יכין בית יוסף,היינץ צפון אמריקה מק,,תורמוס יכין 265 גר',גרמים,265.00,100 גרם,false,,8.90,0.0336,true,1,80343
7290013531490,false,שעועית לבנה אפויה יכין,זנלכול יכין,,פול מתובל יכין 580 ג,גרמים,580.00,100 גרם,false,,8.50,0.0147,true,1,32073
7290013531612,false,רוטב לפסטה נפוליטנה יכין 240 גרם,זנלכול יכין,,רוטב נפוליטנה 240 גר,גרמים,240.00,100 גרם,false,,4.90,0.0204,true,1,60932
7290013531629,false,רוטב לפסטה פומודורו 240 גרם יכין,היינץ צפון אמריקה מק,,פומודורו 240 גר' יכי,גרמים,240.00,100 גרם,false,,4.90,0.0204,true,1,61127
7290013531759,false,שעועית לבנה מבושלת במים יכין (550 גרם),זנלכול יכין,,שעועית לבנה מבושלת ב,גרמים,330.00,100 גרם,false,,8.90,0.0270,true,1,58753
7290013558824,false,תבלין רוקולה /בזיליקום 100 גר,תאי,,רוגולה / בזיליקום,גרמים,100.00,100 גרם,false,,6.90,0.0690,true,1,58635
7290013558930,false,צמד פטריות שמפיניון,אראל תוצרת חקלאית בע,,פטריות צמד לבן,יחידה,0.00,יחידה,false,,15.90,0.0000,true,1,119237
7290013558947,false,צמד פטריות שמפיניון,ל. פלמינגו ישראל,,פטריות צמד זברה,יחידה,0.00,יחידה,false,,15.90,0.0000,true,1,119238
7290013581648,false,אל מטאדור מינוט סטייק 250 גרם בלדי,בלדי בעמ,,מינוט סטייק 250 גר',גרמים,250.00,100 גרם,false,,15.90,0.0636,true,1,119119
7290013585233,false,"ספרייט זירו פחית סליק 330 מ""ל",החברה המרכזית להפצת משקאות בעמ,,ספרייט זירו פחית 330,מיליליטרים,330.00,"100 מ""ל",false,,4.50,0.0136,true,1,58796
7290013585387,false,בקבוק זירו קוקה-קולה (1 ליטר),החברה המרכזית להפצת משקאות בעמ,,קוקה קולה זירו 1 ליט,ליטרים,1.00,ליטר,false,,6.50,6.5000,false,1,58015
7290013585394,false,בקבוק קוקה-קולה (1 ליטר),החברה המרכזית להפצת משקאות בעמ,,קוקה קולה 1 ליטר,ליטרים,1.00,ליטר,false,,6.90,6.9000,false,1,58016
7290013585455,false,"ויינשטפן פסטביר בק 330 מ""ל",קוקה קולה,,בירה ווינשטפן פטסביר,מיליליטרים,330.00,"100 מ""ל",false,,12.90,0.0391,true,1,60124
7290013608260,false,מיץ רימונים 100%מיץ סחוט טרי מצונן 1ליט,שטראוס גרופ בעמ/מצונן,,מיץ רימונים פרימור 1,ליטרים,1.00,ליטר,false,,22.90,22.9000,true,1,31542
7290013608864,false,פרימור משקה פירות הדר 1 ליטר בתוספת ויטמין C,שטראוס גרופ בעמ/מצונן,,משקה פירות הדר בתוספ,ליטרים,1.00,ליטר,false,,15.90,15.9000,false,1,84839
7290013650108,false,שמן שומשום אורגני,גידוורד אינטרנשיונל,,שמן שומשום אורגני,מיליליטרים,500.00,"100 מ""ל",false,,42.90,0.0858,true,1,28459
7290013650153,false,"תמצית וניל טהורה 50 מ""ל",Global Gourmet Produ,,תמצית וניל טהורה,מיליליטרים,50.00,"100 מ""ל",false,,51.90,1.0380,true,1,75721
7290013650856,false,חמאת שקד לבן ללא סוכ,,,חמאת שקד לבן ללא סוכ,גרמים,700.00,100 גרם,false,,58.90,0.0841,true,1,31184
7290013652157,false,"ד""ר פישר - נטורל קר מגבונים להסרת איפור לעור רגיל יבש 30 יח' * 3","פישר תעשיות פרמבצטיות בע""מ",,מגבונים להסרת איפור,יחידה,0.00,יחידה,false,,24.90,0.0000,true,1,23174
7290013652164,false,"ד""ר פישר - נטורל קר מגבונים להסרת איפור לעור רגיש 30 יח' * 3","פישר תעשיות פרמצביטות בע""מ",,מגבונים להסרת איפור,יחידה,0.00,יחידה,false,,24.90,0.0000,true,1,23175
7290013675545,false,שניצל כלי תחבורה מאמא עוף (700 גרם),תנובה גליל שותפות מוגבלת,,שניצל כלי תחבורה,גרמים,700.00,100 גרם,false,,31.90,0.0456,true,1,73432
7290013702036,false,"שוופס וואטר אפרסק 500מ""ל",יפאורה שותפות מוגבלת לשיווק,,שוופס מים אפרסק 0.5,מיליליטרים,500.00,"100 מ""ל",false,,5.50,0.0110,true,1,59596
7290013702050,false,"שוופס וואטר ענבים 500מ""ל",יפאורה שותפות מוגבלת לשיווק,,שוופס Water ענבים 0.,מיליליטרים,500.00,"100 מ""ל",false,,5.50,0.0110,true,1,62134
7290013702883,false,"שוופס מוגז פירות לימונדה ורודה 500 מ""ל",יפאורה - שותפות מוגבלת לשיווק,,שוופס מוגז פינק למונ,מיליליטרים,500.00,"100 מ""ל",false,,4.90,0.0098,true,1,59597
7290013713018,false,"בירה JEM'S דארק לאגר בקבוק 330 מ""ל",,,בירה ג'מס לאגר כהה,מיליליטרים,330.00,"100 מ""ל",false,,12.90,0.0391,true,1,76704
7290013713025,false,"בירה ג'מס פילס בקבוק 330 מ""ל",אגודת הכורמים בעמ,,בירה ג'מס פילס,מיליליטרים,330.00,"100 מ""ל",false,,12.90,0.0391,true,1,76702
7290013713032,false,"בירה ג'מס חיטה בקבוק 330 מ""ל",אגודת הכורמים -כרמל מזרחי,,בירה ג'מס חיטה,מיליליטרים,330.00,"100 מ""ל",false,,12.90,0.0391,true,1,76705
7290013713049,false,בירה ג`מס בקבוק 8.80% אלכוהול ( 330 מל),אגודת הכורמים -כרמל מזרחי,,בירה ג'מס בקבוק,מיליליטרים,330.00,"100 מ""ל",false,,12.90,0.0391,true,1,76706
7290013713094,false,"בירה ג'יימס בלייזר בראון 330 מ""ל",אגודת הכורמים בעמ,,בירה IPA ג'מס,מיליליטרים,330.00,"100 מ""ל",false,,12.90,0.0391,true,1,76708
7290013755179,false,בן דוד מרלו קברנה סו,,,בן דוד מרלו קברנה סו,מיליליטרים,750.00,"100 מ""ל",false,,34.90,0.0465,true,1,119624
7290013760548,false,פירורי תיבול שניצל ג,,,פירורי תיבול שניצל ג,גרמים,400.00,100 גרם,false,,11.90,0.0298,true,1,64342
7290013760555,false,פירורי תיבול שניצל ק,,,פירורי תיבול שניצל ק,גרמים,400.00,100 גרם,false,,11.90,0.0298,true,1,64343
7290013760999,false,פרורי לחם מוזהבים 40,,,פרורי לחם מוזהבים 40,גרמים,400.00,100 גרם,false,,9.90,0.0248,true,1,67296
7290013771131,false,שומרון לאבנה עיזים 5,מיוצר עי קונדיטוריית,,לבנה עיזים 5%,גרמים,250.00,100 גרם,false,,18.00,0.0720,true,1,1853
7290013771216,false,פטאקי 16% גבינות השומרון,מיוצר עי קונדיטוריית,,גבינת פטאקי 250 גר',גרמים,250.00,100 גרם,false,,14.90,0.0596,true,1,27704
7290013771384,false,יוגורט יווני השומרון,מיוצר עי קונדיטוריית,,יוגורט יווני 400 גר',גרמים,400.00,100 גרם,false,,10.90,0.0273,true,1,66122
7290013787392,false,רביולי גבינות קלאסי 330 גרם ריקו בית יוסף,דודו איטליאן פרודקטס בע\,,רביולי גבינות קלאסי,גרמים,330.00,100 גרם,false,,25.90,0.0785,true,1,83137
7290013787408,false,רביולי בטטה 330 גרם ריקו בית יוסף,דודו איטליאן פרודקטס בע\,,רביולי בטטה 330 גר',גרמים,330.00,100 גרם,false,,25.90,0.0785,true,1,83138
7290013816016,false,שוקולד 100% קקאו - הולי קקאו,,,שוקולד הולי קקאו 100,גרמים,100.00,100 גרם,false,,18.90,0.1890,true,1,79773
7290013816245,false,שוקולד 60% קקאו עם קפה - הולי קקאו,"הולי קקאו שוקולד בע""",,שוקולד מריר 60% קקאו,גרמים,100.00,100 גרם,false,,18.90,0.1890,true,1,82435
7290013816443,false,שוקולד 80% קקאו - הולי קקאו,"הולי קקאו שוקולד בע""",,שוקולד הולי קקאו 80%,גרמים,100.00,100 גרם,false,,18.90,0.1890,true,1,79782
7290013816658,false,70% קקאו שוקולד מריר,,,70% קקאו שוקולד מריר,גרמים,100.00,100 גרם,false,,18.90,0.1890,true,1,84483
7290013847454,false,טונה סטאריקיסט בשמן קנולה רביעייה 160 גר,דיפלומט מפיצים (1968) בעמ**,,סטארקיסט רביעיית טונ,גרמים,640.00,100 גרם,false,,24.90,0.0389,false,1,67714
7290013847553,false,נתחי טונה בהירה במים דל נתרן - מארז רביעיה,דיפלומט מפיצים (1968) בעמ**,,טונה סטאר קיסט במים,גרמים,640.00,100 גרם,false,,24.90,0.0389,false,1,61722
7290013847812,false,נתחי טונה בהירה בשמן זית כתית מעולה Yellowfin,סטארקיסט דיפלומט היינץ,,טונה סטאר קיסט בשמן,גרמים,140.00,100 גרם,false,,8.90,0.0636,false,1,74498
7290013847867,false,מארז זוג טונה בשמן סויה 140 ג' סטארקיסט,דיפלומט מפיצים (1968) בעמ**,,זוג טונה סטאר קיסט ב,גרמים,280.00,100 גרם,false,,10.90,0.0389,false,1,122246
7290013847980,false,"טונה סטארקיסט שפע 425גר בד""ץ**מבצע**",סטארקיסט דיפלומט היינץ,,טונה סטאר קיסט שפע 4,גרמים,300.00,100 גרם,false,,17.90,0.0597,false,1,79767
7290013848017,false,תרסיס ניקוי והברקת נירוסטה,החברה הדרומית לשיווק בעמ,,"סנו נירוסטה 500 מ""ל",מיליליטרים,500.00,"100 מ""ל",false,,19.90,0.0398,true,1,74364
7290013848345,false,מארז מטליות לחיטוי וניקוי יסודי אנטיבקטריאלי 99.9%,החברה הדרומית לשיווק בעמ,,מטליות לחות לניקוי ש,יחידה,0.00,יחידה,false,,21.90,0.0000,true,1,77095
7290013848581,false,סנו סושי מגבות נייר בגליל ענק.,החברה הדרומית לשיווק בעמ,,סנו סושי-מגבת נייר 6,יחידה,0.00,יחידה,false,,11.90,0.0000,false,1,22881
7290013848611,false,רדיד אלומיניום סנו סושי (61 מטר),החברה הדרומית לשיווק בעמ,,רדידי אלומיניום 61 מ,יחידה,0.00,יחידה,false,,39.90,0.0000,true,1,24009
7290013848734,false,מכשיר אוטומטי לבישום אוויר בתוספת מילוי SOFT BALANCE,החברה הדרומית לשיווק בעמ,,סנו פרש מכשיר אוטומט,מיליליטרים,250.00,"100 מ""ל",false,,39.90,0.1596,true,1,70338
7290013848758,false,מקסימה גל כביסה מרוכז בייבי 3ליטר סנסטיב,החברה הדרומית לשיווק בעמ,,ג'ל כביסה בייבי 3 לי,ליטרים,3.00,ליטר,false,,34.90,11.6333,true,1,28147
7290013861412,false,המתוקים של ששון קוקוס 250 גרם,דין שיווק וקליה 2021 בעמ,,חטיף קוקוס 250גר' קו,גרמים,250.00,100 גרם,false,,9.90,0.0396,true,1,79382
7290013861429,false,המתוקים של ששון שומשום 250 גרם,דין שיווק וקליה 2021 בעמ,,חטיפי שומשום 250 גרם,גרמים,250.00,100 גרם,false,,9.90,0.0396,true,1,62085
7290013883407,false,"דזיטול מרסס לחיטוי כללי יעקבי 750 מ""ל",יעקב יעקבי ובניו בע`מ,,דזיטול מחטא ומשמיד ח,מיליליטרים,750.00,"100 מ""ל",false,,12.90,0.0172,true,1,21265
7290013883414,false,"מרסס מסיר כתמי חלודה איירון אאוט 473 מ""ל",יעקב יעקבי ובניו בעמ,,ספריי מסיר כתמי חלוד,מיליליטרים,470.00,"100 מ""ל",false,,29.90,0.0636,true,1,21687
7290013903327,false,טופו טבעי 500 יח 2 יח נפרדות ליב,ל.י.ב. (לחיות יותר בטבע) בעמ,,טופו טבעי 500 גר',גרמים,500.00,100 גרם,false,,15.90,0.0318,true,1,76674
7290013903549,false,טופו במרקם רך טבעי ליב 300 גר,ג'נרל מילס סאן אדריא,,טופו רך טבעי 300 גר',גרמים,300.00,100 גרם,false,,13.90,0.0463,true,1,76567
7290013906052,false,נקניקיות פרגיות טירת צבי 300 גרם,תנובה מרכז שיתופי לשיווק תוצרת,,נקניקיות פרגיות 300,גרמים,300.00,100 גרם,false,,11.90,0.0397,true,1,20841
7290013906205,false,פסטרמה שום וצילי טירת צבי (400 גרם),תנובה מרכז שיתופי לשיווק תוצרת,,פסטרמה שום וצ'ילי 40,גרמים,400.00,100 גרם,false,,31.90,0.0797,true,1,25899
7290013906212,false,"נקנקיות וינר טירת 1 ק""ג טירת צבי",תנובה מרכז שיתופי לשיווק תוצרת,,"נקניקיות וינר 1 ק""ג",קילוגרמים,1.00,"ק""ג",false,,26.90,26.9000,true,1,27092
7290013906441,false,קבנוס טירת צבי 120 גרם,תנובה מרכז שיתופי לשיווק תוצרת,,קבנוס 120 גר' ללא גל,גרמים,120.00,100 גרם,false,,10.90,0.0908,true,1,27664
7290013906458,false,קבנוס בטעם פיקנטי טירת צבי 120 גרם,תנובה מרכז שיתופי לשיווק תוצרת,,קבנוס פיקנטי 120 גר',גרמים,120.00,100 גרם,false,,10.90,0.0908,true,1,27665
7290013906489,false,חטיפי מיני קבנוס טירת צבי 120 גרם,תנובה מרכז שיתופי לשיווק תוצרת,,חטיפי קבנוס 120 גר',גרמים,120.00,100 גרם,false,,10.90,0.0908,true,1,27666
7290013906496,false,פסטרמה עגל בסגנון רומני טירת צבי 120 גר,הנסיך- מפעל לייצור ט,,פסטרמה עגל בסגנון רו,גרמים,120.00,100 גרם,false,,15.90,0.1325,true,1,33544
7290013906519,false,פרושוטו בקר טירת צבי 100 גרם,תנובה מרכז שיתופי לשיווק תוצרת,,פרושוטו בקר פרוס דק,גרמים,100.00,100 גרם,false,,26.90,0.2690,true,1,33545
7290013906694,false,נקניקיות שקית קילו וחצי טירת צבי,תנובה מרכז שיתופי לשיווק תוצרת,,"נקניקיות 1.5 ק""ג טיר",קילוגרמים,1.50,"ק""ג",false,,37.90,25.2667,true,1,118919
7290013927637,false,חלוה ללא תוספת סוכר במגש 400 גר' אחוה,אחדות ביחר לטחינה חל,,חלוה ללא תוספת סוכר,גרמים,400.00,100 גרם,false,,13.90,0.0348,true,1,76489
7290013937001,false,מאגדת שישיית ארטיקים,,,מארז 6 ארטיק מיני טע,גרמים,180.00,100 גרם,false,,22.90,0.1272,true,1,53000
7290013937025,false,מאגדת שישיית ארטיקים,,,מיני ארטיק תות בננה,יחידה,0.00,יחידה,false,,22.90,0.0000,true,1,20599
7290013937056,false,שלגוני פריז שישיות לימון נענע נעורב,,,מיני ארטיק פירות שיש,יחידה,0.00,יחידה,false,,22.90,0.0000,true,1,20602
7290013937063,false,שישיית שלגוני פריז קוקוס,שיבניס בעמ,,שישייה ארטיקים קוקוס,גרמים,180.00,100 גרם,false,,22.90,0.1272,true,1,25230
7290013937070,false,מאגדת שישיית ארטיקים,,,ארטיקים טיבעיים,יחידה,0.00,יחידה,false,,22.90,0.0000,true,1,25135
7290013937087,false,מאגדת שישיית ארטיקים,,,שישייה מיני ארטיק קו,יחידה,0.00,יחידה,false,,22.90,0.0000,true,1,63177
7290013937094,false,שישייה שלגונים קוקוס,שיבניס בעמ,,שישייה שלגונים קוקוס,גרמים,180.00,100 גרם,false,,22.90,0.1272,true,1,62817
7290013937971,false,מאגדת שישיית ארטיקים,,,מארז ארטיקים טבעיים,גרמים,180.00,100 גרם,false,,22.90,0.1272,true,1,72412
7290013994042,false,זרעי פשתן אורגניים הרדוף 300 גרם,אול אורגני,,זרעי פשתן אורגניים 3,גרמים,300.00,100 גרם,false,,8.90,0.0297,true,1,61036
7290013994073,false,פוזילי אורגני 400 גר מקמח כוסמין מלא,הרדוף,,פוזילי מקמח כוסמין מ,גרמים,400.00,100 גרם,false,,17.90,0.0447,true,1,66392
7290013994318,false,קינואה מעורבת - טריקולור אורגנית 500 גרם הרדוף,אול אורגני,,קינואה טריקולור אורג,גרמים,500.00,100 גרם,false,,18.90,0.0378,true,1,66291
7290013994547,false,אורז בסמטי חום אורגני 500 גר,אול אורגני,,אורז בסמטי מלא 500 ג,גרמים,500.00,100 גרם,false,,13.00,0.0260,true,1,58651
7290013994554,false,אורז בסמטי לבן 500 אורגני גרם - הרדוף,אול אורגני,,אורז בסמטי לבן 500 ג,גרמים,500.00,100 גרם,false,,13.00,0.0260,false,1,66029
7290013994653,false,קינואה רויאל אורגני 500 גרם - הרדוף,אול אורגני,,קינואה רויאל אורגנית,גרמים,500.00,100 גרם,false,,16.90,0.0338,true,1,66528
7290013994677,false,עדשים שחורות אורגניות הרדוף 500 גרם,אול אורגני,,עדשים שחורות אורגני,גרמים,500.00,100 גרם,false,,14.90,0.0298,true,1,58657
7290013994684,false,אפונה חצויה אורגנית הרדוף 500 גרם,אול אורגני,,אפונה ירוקה אורגנית,גרמים,500.00,100 גרם,false,,10.90,0.0218,true,1,58653
7290014002128,false,תה ירוק לימונית ומנטה 25 שקיקים ויסוצקי,תה ויסוצקי (ישראל)בעמ,,תה ירוק לימונית ומנט,גרמים,37.50,100 גרם,false,,24.90,0.6640,false,1,23390
7290014002135,false,תה ירוק מיקס 5 טעמים ויסוצקי 25 יחידות,תה ויסוצקי (ישראל) בעמ,,תה ירוק מיקס ויסוצקי,יחידה,0.00,יחידה,false,,24.90,0.0000,false,1,22497
7290014002197,false,חליטת קמומיל ולימונית הגן הקסום ויסוצקי 25 יחידות,תה ויסוצקי (ישראל) בעמ,,חליטת קמומיל ולימוני,יחידה,0.00,יחידה,false,,18.90,0.0000,false,1,23730
7290014002203,false,חליטת לימונית ולואיזה הגן הקסום ויסוצקי 25 יחידות,תה ויסוצקי (ישראל) בעמ,,חליטת לימונית ולואיז,יחידה,0.00,יחידה,false,,18.90,0.0000,false,1,23731
7290014002579,false,תה ירוק וניל ויסוצקי 25 יחידות,תה ויסוצקי (ישראל)בעמ,,תה ירוק וניל ויסוצקי,יחידה,0.00,יחידה,false,,24.90,0.0000,false,1,27385
7290014002944,false,גן קסום חליטת פירות וצמחים חמדת שקד 25 שקיקים,תה ויסוצקי (ישראל) בעמ,,תה חליטת פירות וצמחי,גרמים,57.50,100 גרם,false,,18.90,0.3287,false,1,33579
7290014002982,false,תה ירוק לימונית ולואיזה ויסוצקי 25 יחידות תוספת סטיביה,תה ויסוצקי (ישראל) בעמ,,תה ירוק סטיביה,יחידה,0.00,יחידה,false,,24.90,0.0000,false,1,30069
7290014012066,false,פירורי תיבול שניצל מ,,,פירורי תיבול שניצל מ,גרמים,400.00,100 גרם,false,,11.90,0.0298,true,1,64345
7290014012288,false,פירורי תיבול שניצל י,,,פירורי תיבול שניצל י,גרמים,400.00,100 גרם,false,,11.90,0.0298,true,1,64346
7290014017061,false,קורנפלור 500 ג ללא ג,"נטורל קייקס בע""מ",,קורנפלור 500 גר',גרמים,500.00,100 גרם,false,,9.90,0.0198,true,1,71611
7290014021518,false,פרי FREE חטיף אננס קראנצ'י 27 גרם,לנאקו שוואנגטי פודסטאף,,חטיף פרי אננס קראנצ',גרמים,20.00,100 גרם,false,,7.90,0.3950,true,1,73808
7290014021716,false,פרי FREE חטיף מנגו קראנצ'י 27 גרם,,,חטיף פרי מנגו קראנצ',גרמים,20.00,100 גרם,false,,7.90,0.3950,true,1,89921
7290014021778,false,מבוקשים- מארז 5 קשים בטעם שוקולד,,,5 קשים בטעם שוקולד,גרמים,30.00,100 גרם,false,,4.90,0.1633,true,1,89912
7290014021785,false,מבוקשים- מארז 5 קשים בטעם תות,,,5 קשים בטעם תות,גרמים,30.00,100 גרם,false,,4.90,0.1633,true,1,89913
7290014021792,false,מבוקשים- מארז 5 קשים בטעם בננה,,,5 קשים בטעם בננה,גרמים,30.00,100 גרם,false,,4.90,0.1633,true,1,89914
7290014021815,false,מארז 5 קשים בטעם אייס קפה 30 גרם,,,5 קשים בטעם אייס קפה,יחידה,0.00,יחידה,false,,4.90,0.0000,true,1,117253
7290014046016,false,פסטרמה של פעם דל שומן 2% רכיבים טבעיים,מעדני יחיעם ( 1993 ) בע`מ,,פסטרמה של פעם 250 גר,גרמים,250.00,100 גרם,false,,25.90,0.1036,true,1,29707
7290014046030,false,"מוס כבד עוף 140 גרם ""יחיעם""",מעדני יחיעם ( 1993 ) בע`מ,,מוס כבד עוף יחיעם,גרמים,140.00,100 גרם,false,,14.90,0.1064,true,1,58386
7290014046474,false,"נקניקיות עוף יחיעם 1.5 ק""ג",מעדני יחיעם ( 1993 ) בע`מ,,"נקניקיות עוף 1.5 ק""ג",קילוגרמים,1.50,"ק""ג",false,,26.90,17.9333,true,1,66317
7290014046580,false,פסטרמה מעודנת על גחלים יחיעם (300 גרם),מעדני יחיעם (1993) בעמ,,פסטרמה מעודנת על גחל,גרמים,300.00,100 גרם,false,,22.90,0.0763,true,1,33324
7290014046757,false,סלמי תה יחיעם (300 גרם),מעדני יחיעם (1993) בעמ,,סלמי תה 300 גר' יחיע,גרמים,300.00,100 גרם,false,,22.90,0.0763,true,1,69126
7290014056008,false,"בירה שפירא פייל אייל 330 מ""ל",שפירא,,בירה שפירא פייל 330,מיליליטרים,330.00,"100 מ""ל",false,,14.90,0.0452,true,1,82760
7290014056039,false,"בירה שפירא חיטה 330 מ""ל",שפירא,,בירה שפירא חיטה 330,מיליליטרים,330.00,"100 מ""ל",false,,14.90,0.0452,true,1,82761
7290014056046,false,"בירה שפירא לאגר 330 מ""ל",שפירא,,בירה שפירא לאגר 330,מיליליטרים,330.00,"100 מ""ל",false,,14.90,0.0452,true,1,83590
7290014056053,false,"בירה שפירא אי פי אי 330 מ""ל",שפירא,,בירה שפירא אי.פי.אי,מיליליטרים,330.00,"100 מ""ל",false,,14.90,0.0452,true,1,82762
7290014066359,false,לנדוור-קפסולות אספרסו בלנסד(06) - 10יח'12X יח,"קפה לנדוור בע""\מ",,לנדוור קפסולות אספרס,גרמים,50.00,100 גרם,false,,15.90,0.3180,true,1,82491
7290014066366,false,לנדוור-קפסולות אספרסו ריסטרטו(08) - 10יח'12X יח,ש.שסטוביץ בעמ,,לנדוור קפסולות אספרס,גרמים,50.00,100 גרם,false,,15.90,0.3180,true,1,82492
7290014066373,false,לנדוור-קפסולות אספרסו קלאסיק(09) - 10יח'12X יח,ש.שסטוביץ בעמ,,לנדוור קפסולות אספרס,גרמים,50.00,100 גרם,false,,15.90,0.3180,true,1,82493
7290014066380,false,לנדוור-קפסולות אספרסו סופרימו(10) - 10יח'12X יח,ש.שסטוביץ בעמ,,לנדוור קפסולות אספרס,גרמים,50.00,100 גרם,false,,15.90,0.3180,true,1,82494
7290014066441,false,לנדוור-קפסולות אספרסו נטול קפאין(07) - 10יח'12X יח,ש.שסטוביץ בעמ,,לנדוור- קפסולות אספר,גרמים,50.00,100 גרם,false,,15.90,0.3180,true,1,82534
7290014066526,false,לנדוור-קפסולות אספרסו תערובת הבית(11) - 10יח'12X יח,ש.שסטוביץ בעמ,,לנדוור קפסולות אספרס,גרמים,50.00,100 גרם,false,,15.90,0.3180,true,1,82495
7290014066533,false,לנדוור-קפסולות אספרסו קלייה כפולה(12) - 10יח'12X יח,ש.שסטוביץ בעמ,,לנדוור קפסולות אספרס,גרמים,50.00,100 גרם,false,,15.90,0.3180,true,1,82496
7290014079014,false,לבבות קיסר ארוז נספק,"מרינה פטריות הגליל בע""מ",,לבבות קיסר עלים,גרמים,300.00,100 גרם,false,,9.90,0.0330,true,1,3845
7290014079076,false,נבטי אלפלפא מרינה,"מרינה פטריות הגליל בע""מ",,נבטי אלפלפא מרינה,יחידה,0.00,יחידה,false,,5.90,0.0000,true,1,24392
7290014079847,false,פטריות בייבי בלה צמד מרינה,קונס`-מרינה פטריות הגליל בעמ*ש,,פטריות פורטובלה בייב,גרמים,500.00,100 גרם,false,,15.90,0.0318,true,1,69037
7290014079854,false,לבבות חסה ארץ הגליל מרינה,"מרינה פטריות הגליל בע""מ",,לבבות חסה ארץ הגליל,יחידה,0.00,יחידה,false,,10.90,0.0000,true,1,69332
7290014083479,false,גבינה פרוסה גאודה 27% שומן EURO CHEESE ויליפוד 150 גרם,ג.וילי פוד אינטרנשיונל בעמ,,גאודה 150 גר,גרמים,150.00,100 גרם,false,,11.50,0.0767,true,1,23948
7290014083806,false,עוגיות בטעם חמאה 350 גרם בפח,ג. וילי-פוד אינטרנשיונל בע`מ,,עוגיות בטעם חמאה בפח,גרמים,350.00,100 גרם,false,,10.00,0.0286,true,1,24058
7290014083813,false,וילי פוד מריגה שפרוטים מעושנים בשמן 190ג,ג. וילי-פוד אינטרנשיונל בע`מ,,שפרוטים מעושנים בשמן,גרמים,190.00,100 גרם,false,,8.50,0.0447,true,1,24106
7290014094260,false,שיני שום קלוף קמעונאי,קונס`-מרינה פטריות הגליל בעמ*ש,,שום קלוף,גרמים,170.00,100 גרם,false,,10.90,0.0641,true,1,35034
7290014094482,false,"רוטב צ''ילי חריף 700 מ""ל אהרוני",****דין שיווק וקליה 2021 בעמ,,רוטב צ'ילי חריף 700,מיליליטרים,700.00,"100 מ""ל",false,,9.90,0.0141,true,1,25931
7290014094505,false,אורז בסמתי טהור אהרוני 1 ק''ג,דין שיווק וקליה 2021 בעמ,,"אורז בסמטי 1 ק""ג אהר",קילוגרמים,1.00,"ק""ג",false,,9.90,9.9000,true,1,28384
7290014094543,false,תרסיס שמן קנולה מזוכך 186 מל שקדיה,דין שיווק וקליה 2021 בעמ,,תרסיס שמן קנולה,גרמים,170.00,100 גרם,false,,11.90,0.0700,true,1,32171
7290014094567,false,"שמן זית כתית מעולה 750מ""ל אהרוני",דין שיווק וקליה 2021 בעמ,,"שמן זית 750 מ""ל אהרו",מיליליטרים,750.00,"100 מ""ל",false,,29.90,0.0399,true,1,25932
7290014095861,false,שיבולת שועל דקה בשקית שקדיה 500 גרם,דין שיווק וקליה 2021 בעמ,,שיבולת שועל דקה 500,גרמים,500.00,100 גרם,false,,5.00,0.0100,true,1,31743
7290014095960,false,שיבולת שועל עבה בשקית שקדיה 500 גרם,דין שיווק וקליה 2021 בעמ,,שיבולת שועל עבה 500,גרמים,500.00,100 גרם,false,,5.00,0.0100,true,1,31744
7290014126343,false,בישוקטים בונומי וניל קקאו קקאו 200 גרם,"דנשר (1963) בע,מ",,בישקוטים בונומי וניל,גרמים,200.00,100 גרם,false,,7.50,0.0375,true,1,29986
7290014217003,false,פפריקה מעושנת בקופ' 90 גר' טעם וריח,"תבליני טעם וריח בע""מ",,פפריקה מעושנת 90 גר,גרמים,90.00,100 גרם,false,,9.50,0.1056,true,1,20823
7290014217010,false,דגים T130 -BUL בקופ' 90 גר' טעם וריח,"תבליני טעם וריח בע""מ",,מיכל תיבול לדגים,גרמים,90.00,100 גרם,false,,11.00,0.1222,true,1,22258
7290014217027,false,עוף T130 -BUL בקופ' 120 גר' טעם וריח,"תבליני טעם וריח בע""מ",,מיכל תיבול לעוף 120,גרמים,120.00,100 גרם,false,,11.00,0.0917,true,1,22259
7290014217065,false,אורגנו עלים בקופ' 30 גר' טעם וריח,"תבליני טעם וריח בע""מ",,אורגנו מיכל גדול 30,גרמים,30.00,100 גרם,false,,9.50,0.3167,true,1,20824
7290014217140,false,"מיכל ראס אל חנות 100 גר' ""טעם וריח""","תבליני טעם וריח בע""מ",,מיכל ראס אל חנות,גרמים,100.00,100 גרם,false,,9.50,0.0950,true,1,33165
7290014217164,false,תבלין פטרוזיליה מיכל גדול 20 ג',"תבליני טעם וריח בע""מ",,מיכל פטרוזיליה,גרמים,20.00,100 גרם,false,,9.50,0.4750,true,1,33167
7290014217171,false,תערובת תיבול תיבול גריל דג מיכל 100ג',"תבליני טעם וריח בע""מ",,מיכל תערובת תיבול גר,גרמים,100.00,100 גרם,false,,9.50,0.0950,true,1,33168
7290014217201,false,"תערובת תיבול סומק 45 גרם ""טעם וריח""","תבליני טעם וריח בע""מ",,תערובת תיבול סומק,גרמים,45.00,100 גרם,false,,5.50,0.1222,true,1,60675
7290014217225,false,גריל עוף בקופ' 120 גר' טעם וריח,"תבליני טעם וריח בע""מ",,מיכל גריל עוף 120 גר,גרמים,120.00,100 גרם,false,,9.50,0.0792,true,1,30001
7290014217263,false,תיבול לפרגית בקופ' 100 גר' טעם וריח,"תבליני טעם וריח בע""מ",,תערובת תיבול לפרגיות,גרמים,100.00,100 גרם,false,,9.50,0.0950,true,1,62797
7290014217348,false,"מיכל צ'ילי כתוש 70 גר' ""טעם וריח""","תבליני טעם וריח בע""מ",,מיכל צ'ילי כתוש 70 ג,גרמים,70.00,100 גרם,false,,9.50,0.1357,true,1,30004
7290014217355,false,קרי אבקה בקופ' 100 גר' טעם וריח,"תבליני טעם וריח בע""מ",,מיכל אבקת קרי 100 גר,גרמים,100.00,100 גרם,false,,9.50,0.0950,true,1,30005
7290014217362,false,תיבול לקציצות בקופ' 100 גר' טעם וריח,"תבליני טעם וריח בע""מ",,מיכל תיבול לקציצות 1,גרמים,100.00,100 גרם,false,,9.50,0.0950,true,1,30006
7290014217379,false,תבלין למרינדה קלאסית 80 גרם טעם וריח,תבליני טעם וריח בעמ,,מרינדה קלאסית לעוף ט,גרמים,80.00,100 גרם,false,,10.90,0.1363,true,1,88537
7290014217386,false,מרינדת צ'ילי חריף 80 גרם טעם וריח,תבליני טעם וריח בעמ,,מרינדת צ'ילי חריף טע,גרמים,80.00,100 גרם,false,,10.90,0.1363,true,1,88538
7290014217393,false,אבקת צ'ילי חריף 30 גרם מיכל קטן,"תבליני טעם וריח בע""מ",,אבקת צ'ילי חריף 30 ג,גרמים,30.00,100 גרם,false,,5.50,0.1833,true,1,89973
7290014217478,false,תערובת עשבי תיבול איטלקי ים תיכוני 30ג',"תבליני טעם וריח בע""מ",,תערובת עשבי תיבול אי,גרמים,30.00,100 גרם,false,,9.50,0.3167,true,1,63420
7290014217485,false,תיבול קייג'ון בקופ' 100 גר' טעם וריח,"תבליני טעם וריח בע""מ",,תערובת תיבול קייגו'ן,גרמים,100.00,100 גרם,false,,9.50,0.0950,true,1,65371
7290014217515,false,לציפוי מאפה מלוח מיכל 90 גר` טעם וריח,"תבליני טעם וריח בע""מ",,תערובת תבלינים לציפו,גרמים,90.00,100 גרם,false,,9.90,0.1100,true,1,73786
7290014217522,false,לחם שום תערובת מיכל 100 גר`טעם וריח,"תבליני טעם וריח בע""מ",,תערובת תיבול ללחם שו,גרמים,100.00,100 גרם,false,,9.90,0.0990,true,1,73783
7290014217560,false,מלח ים במטחנה 100 גר,תבליני טעם וריח,,מטחנת מלח ים 100 גר',גרמים,100.00,100 גרם,false,,7.90,0.0790,true,1,79401
7290014217607,false,מטחנת מלח הימלאיה 100 גרם,תבליני טעם וריח,,מטחנת מלח הימלאיה 10,גרמים,100.00,100 גרם,false,,12.00,0.1200,true,1,79400
7290014217911,false,תבלין פלפל אדום מתוק בשקית 150 גר,"תבליני טעם וריח בע""\מ",,פלפל מתוק שלם 150 גר,גרמים,150.00,100 גרם,false,,13.90,0.0927,true,1,76909
7290014218321,false,בורקס אישי יפו גבינה מעדנות 600 גרם,תנובה מרכז שיתופי לשיווק תוצרת,,בורקס יפו גבינה,גרמים,600.00,100 גרם,false,,18.50,0.0308,true,1,61822
7290014218338,false,"בורקס אישי יפו תפו""א מעדנות 600 גרם",מיוצר עי קונדיטוריית,,"בורקס יפו תפו""א",יחידה,0.00,יחידה,false,,15.90,0.0000,true,1,61823
7290014218932,false,חטיפי פיצה בתוספ זיתים בשקית מעדנות 710 גרם,מיוצר עי קונדיטוריית,,חטיפי פיצה זיתים מעד,גרמים,710.00,100 גרם,false,,26.90,0.0379,true,1,78420
7290014220225,false,אטבים ענק 10יח,,,אטבים ענק 10יח,יחידה,0.00,יחידה,false,,4.00,0.0000,true,1,3163
7290014220522,false,שקיות לזילוף 20 יח 3,,,שקיות לזילוף 20 יח 3,יחידה,0.00,יחידה,false,,11.90,0.0000,true,1,34424
7290014256491,false,גוורצטרמינר CARMEL VINEYARDS 750 2013,כרמל מזרחי,,גוורצטרמינר ויניארדס,מיליליטרים,750.00,"100 מ""ל",false,,54.90,0.0732,true,1,29171
7290014258730,false,תרכובת מזון צמחי לתינוקות מגיל 12 חודשים ואילך,קבוצת אוסם סחר שותפות מוגבלת,,מטרנה צמחי מגיל שנה,גרמים,700.00,100 גרם,false,,69.90,0.0999,false,1,34335
7290014265066,false,יין הר עמשא לבן יתיר 750 מל,,,יתיר הר עמשא לבן,מיליליטרים,750.00,"100 מ""ל",false,,99.90,0.1332,true,1,119414
7290014298491,false,אריזת מתנה שבבי סבון,מוסקו,,מארז פרחי סבון,יחידה,0.00,יחידה,false,,25.00,0.0000,true,1,31810
7290014305045,false,בירה יונק הדבש בסגנון בלגי כהה,הדובים,,בירה הדובים יונק הדב,מיליליטרים,330.00,"100 מ""ל",false,,14.90,0.0452,true,1,70511
7290014305236,false,בירה הדובים בהירה טייפון APA,הדובים,,בירה הדובים טייפון 3,מיליליטרים,330.00,"100 מ""ל",false,,14.90,0.0452,true,1,73050
7290014305571,false,"בירה הדובים עשן לבן 330 מ""ל",,,בירה הדובים עשן לבן,מיליליטרים,330.00,"100 מ""ל",false,,14.90,0.0452,true,1,117177
7290014318137,false,עגבניות מיובשות בשמן 285 ג' (12),,,עגבניות מיובשות בשמן,גרמים,285.00,100 גרם,false,,17.90,0.0628,true,1,70052
7290014318168,false,ממרח פסטו 190 גרם,,,ממרח פסטו 190 גר',גרמים,190.00,100 גרם,false,,14.90,0.0784,true,1,70053
7290014318243,false,פולנטה איטלקית עדינה בווקום 1 קג,,,קמח תירס פולנטה עדינ,קילוגרמים,1.00,"ק""ג",false,,10.90,10.9000,true,1,66359
7290014318250,false,"פולנטה איטלקית מקורית 1 ק""ג (10)",,,קמח תירס פולנטה מקור,קילוגרמים,1.00,"ק""ג",false,,10.90,10.9000,true,1,66360
7290014318311,false,מארז שלישיית עגבניות חתוכות דק במיץ עגבניות Rosso,,,עגבניות תמר פולפה של,גרמים,1200.00,100 גרם,false,,14.90,0.0124,true,1,70995
7290014318441,false,מחית עגבניות חלקה 680 ג',,,מחית עגבניות חלקה,גרמים,680.00,100 גרם,false,,11.90,0.0175,true,1,70151
7290014318458,false,מחית עגבניות חתוכות דק Rustica,איטליקה Italica,,עגבניות חתוכות דק 68,גרמים,680.00,100 גרם,false,,11.90,0.0175,true,1,70632
7290014318564,false,טחינה אתיופית מלאה 7,,,טחינה אתיופית מלאה 7,גרמים,720.00,100 גרם,false,,36.90,0.0512,true,1,79072
7290014318670,false,רוטב רימונים אורגני,,,"רכז רימונים 250 מ""ל",מיליליטרים,250.00,"100 מ""ל",false,,25.90,0.1036,true,1,74739
7290014318861,false,"קרם קוקוס אורגני 17.5% שומן 250 מ""ל",,,קרם קוקוס אורגני,מיליליטרים,250.00,"100 מ""ל",false,,9.90,0.0396,true,1,88653
7290014338968,false,מיני פנקייק הולנדי ט,טימפוד,,מיני פנקייק בייתי,גרמים,500.00,100 גרם,false,,29.90,0.0598,true,1,89021
7290014338975,false,קרפ הולנדי בייתי,טימפוד,,קרפ הולנדי בייתי,גרמים,600.00,100 גרם,false,,22.90,0.0382,true,1,89022
7290014397163,false,"מטהר אוויר פרש הום פריחת השקד, ורד אנגלי וכותנה",החברה הדרומית לשיווק בעמ,,סנו פרש מיכל מילוי,יחידה,0.00,יחידה,false,,14.90,0.0000,true,1,71555
7290014397279,false,שקיות מזון גדולות XL סנו סושי 300 יחידות,החברה הדרומית לשיווק בעמ,,שקיות מזון 300 יח' X,יחידה,0.00,יחידה,false,,12.90,0.0000,false,1,24010
7290014397286,false,מרכך כביסה מרוכז חלב ודבש סנו מקסימה 1 ליטר,החברה הדרומית לשיווק בעמ,,מרכך מרוכז חלב ודבש,ליטרים,1.00,ליטר,false,,16.90,16.9000,true,1,25563
7290014397453,false,סנו אוקסיגן גל מסיר כתמים כביסה לבנה 3 ל,החברה הדרומית לשיווק בעמ,,אוקסיג'ן כביסה לבנה,ליטרים,3.00,ליטר,false,,29.90,9.9667,true,1,25565
7290014397491,false,"מבשם אויר סנו פרש הום בניחוח וניל קוקוס 350 מ""ל",סנו פרש Fresh,,מטהר אוויר לבית וניל,מיליליטרים,350.00,"100 מ""ל",false,,12.90,0.0369,true,1,24512
7290014397538,false,"מבשם אויר סנו פרש הום בניחוח אביב 350 מ""ל",סנו מפעלי ברונוס בעמ,,מטהר אוויר לבית בוקר,מיליליטרים,350.00,"100 מ""ל",false,,12.90,0.0369,true,1,24516
7290014397675,false,סנו מקסימה מרכך כביסה חלב ודבש 4 ליטר,החברה הדרומית לשיווק בעמ,,מרכך כביסה מקסימה 4,ליטרים,4.00,ליטר,false,,21.90,5.4750,false,1,26636
7290014397781,false,סנו ריצפז פרש הום 2 ליטר בניחוח סבון,החברה הדרומית לשיווק בעמ,,רצפז פרש הום 2 ליטר,ליטרים,2.00,ליטר,false,,21.90,10.9500,false,1,26987
7290014397873,false,מרכך כביסה בבישום עוצמתי ג'נטל בריז,החברה הדרומית לשיווק בעמ,,מרכך כביסה סנו מקסימ,ליטרים,4.00,ליטר,false,,21.90,5.4750,false,1,80661
7290014426061,false,משחת שיניים הלו קיטי בטעם ענבים לגיל 2-6,גורי ע.ע.ע. בע`מ,,משחת שיניים הלו קיטי,מיליליטרים,50.00,"100 מ""ל",false,,10.90,0.2180,true,1,23295
7290014435704,false,סלמון מעושן פרוס 100ג(שמיר),שבעת הימים - שמיר,,שמיר-סלמון מעושן 100,גרמים,100.00,100 גרם,false,,18.90,0.1890,true,1,33279
7290014435803,false,מטיאס הולנדי (פרובנציאל) עם בצל בשמן 180 גרם,שבעת הימים - שמיר,,מטיאס הולנדי עם בצל,גרמים,180.00,100 גרם,false,,18.90,0.1050,true,1,29588
7290014435810,false,נתחי הרינג כבוש עם בצל במרינת חמוץ מתוק שמיר 220 גרם,שבעת הימים - שמיר,,הרינג כבוש עם בצל במ,גרמים,180.00,100 גרם,false,,18.90,0.1050,true,1,29602
7290014435827,false,פילה מקרל מעושן בשמן ויטהול 180 גר,"סלטי שמיר 2006 בע""מ",,פילה מקרל מעושן בשמן,גרמים,180.00,100 גרם,false,,24.90,0.1383,true,1,29589
7290014435834,false,מקרל מעושן פרוס בשמן שמיר 180 גרם,שבעת הימים - שמיר,,מקרל מעושן בשמן,גרמים,180.00,100 גרם,false,,24.90,0.1383,true,1,29590
7290014435841,false,פילה הרינג עם בצל בשמן מטיאס הולנדי שמיר 200 גרם,סלטי שמיר 2006 בעמ,,פילה מטיאס הולנדי בש,גרמים,180.00,100 גרם,false,,18.90,0.1050,true,1,29591
7290014435872,false,סלט הרינג עם מיונז שמיר 200 גרם,שבעת הימים - שמיר,,סלט הרינג עם מיונז,גרמים,180.00,100 גרם,false,,18.90,0.1050,true,1,29604
7290014435889,false,סלט מטיאס עם מיונז שמיר 200 גרם,שבעת הימים - שמיר,,סלט מטיאס עם מיונז,גרמים,180.00,100 גרם,false,,18.90,0.1050,true,1,29605
7290014435896,false,סלט סלמון עם מיונז שמיר 180 גרם,שבעת הימים - שמיר,,סלט סלמון עם מיונז,גרמים,180.00,100 גרם,false,,19.90,0.1106,true,1,29606
7290014441040,false,קיש ברוקולי וקישוא,,,קיש ברוקולי וקישוא,יחידה,0.00,יחידה,false,,51.90,0.0000,true,1,25450
7290014441057,false,קיש בצל וצנובר,,,קיש בצל וצנובר,יחידה,0.00,יחידה,false,,51.90,0.0000,true,1,25451
7290014441224,false,מיני קיש בטטה תרד ופ,,,מיני קיש בטטה תרד ופ,יחידה,0.00,יחידה,false,,54.90,0.0000,true,1,25461
7290014441231,false,מיני קיש פטריות בצל,,,מיני קיש פטריות בצל,יחידה,0.00,יחידה,false,,54.90,0.0000,true,1,25462
7290014451018,false,ספוג כלים אקולוגי 4 יח GF,גרין-פלאש,,ספוג כלים אקולוגי,יחידה,0.00,יחידה,false,,14.90,0.0000,true,1,72689
7290014451230,false,נייר אפייה טבעי 30 דפים GF,גרין פלאש,,נייר אפייה טבעי 30 ד,יחידה,0.00,יחידה,false,,16.90,0.0000,true,1,80380
7290014455245,false,גבינת גרנה פדנו משולש 29% 200 גרם בית יוסף,מחלבות גד שיווק 1992 בעמ,,גבינת גרנה פדנו משול,גרמים,200.00,100 גרם,false,,24.90,0.1245,true,1,61003
7290014455252,false,גבינת גרנה פדנו מגורדת 29% גד (100 גרם),מחלבות גד שיווק 1992 בעמ,,גבינת גרנה פדנו מגור,גרמים,100.00,100 גרם,false,,11.80,0.1180,true,1,61004
7290014455320,false,גבינה כדורי מוצרלה פרסקה גד 100ג',מחלבות גד שיווק 1992 בעמ,,מוצרלה פרסקה כדור -,גרמים,100.00,100 גרם,false,,9.20,0.0920,true,1,58072
7290014455467,false,ירח מתוק מעדן חלב 2% ושיבולת שועל גד 150ג',מחלבות גד שיווק 1992 בעמ,,מעדן שיבולת שועל וחל,גרמים,150.00,100 גרם,false,,5.40,0.0360,true,1,61595
7290014455627,false,יוגורט עיזים עם דובדבן אמרנה 125גר,מחלבות גד שיווק 1992 בעמ,,יוגורט עיזים עם דבדב,גרמים,125.00,100 גרם,false,,5.60,0.0448,true,1,65140
7290014459137,false,"תפוגן סטייק צ'יפס 1.5 ק""ג אסם",קבוצת אוסם סחר שותפות מוגבלת,,סטייק צ'יפס 1.5 קג,קילוגרמים,1.50,"ק""ג",false,,25.90,17.2667,true,1,28183
7290014459373,false,"צ'יפס קראנצ'י לתנור קפוא תפוגן 1.5ק""ג",קבוצת אוסם סחר שותפות מוגבלת,,תפוגן צ'יפס קראנצ'י,קילוגרמים,1.50,"ק""ג",false,,24.90,16.6000,true,1,61499
7290014459472,false,"תפוגן צ יפס קלאסי 2ק""ג (תפוגן)",קבוצת אוסם סחר שותפות מוגבלת,,צ'יפס קלאסי תפוגן 2,קילוגרמים,2.00,"ק""ג",false,,29.90,14.9500,true,1,65930
7290014466128,false,"יין הר חרמון אינדיגו 750 מ""ל",מיוצר וממולא על ידי יקב,,הר חרמון אינדיגו 201,מיליליטרים,750.00,"100 מ""ל",false,,29.90,0.0399,false,1,24065
7290014466609,false,יין גמלא מרלו עברית 2018*,היכל היין שקד גולן בעמ,,יין גמלא מרלו 2012,מיליליטרים,750.00,"100 מ""ל",false,,50.00,0.0667,true,1,64113
7290014466890,false,"יין גמלא השמורה קברנה מרלו 2020 750 מ""ל",היכל היין שקד גולן בעמ,,יין גמלא השמורה קברנ,מיליליטרים,750.00,"100 מ""ל",false,,49.90,0.0665,true,1,89736
7290014471412,false,"מוזלי בוטנים אגוזים ושקדים 1 ק""ג - 412 ירוק שקדיה",דין שיווק וקליה 2021 בעמ,,מיזלי בוטנים אגוזים,קילוגרמים,1.00,"ק""ג",false,,18.90,18.9000,true,1,27583
7290014471429,false,"מוזלי עם פירות 1 ק""ג - 429 סגול שקדיה",דין שיווק וקליה 2021 בעמ,,מיזלי פירות שקדיה 1,קילוגרמים,1.00,"ק""ג",false,,18.90,18.9000,true,1,27584
7290014471436,false,"מוזלי צימוקים תפוח קינמון וגרעיני חמניה 1 ק""ג כחול שקדיה",דין שיווק וקליה 2021 בעמ,,מיזלי צימוקים תפוח ק,קילוגרמים,1.00,"ק""ג",false,,19.90,19.9000,true,1,27585
7290014471443,false,"גרנולה צימוקים אגוזים ושקדים1 ק""ג חדש - 443 כתום שקדיה (כתום)",דין שיווק וקליה 2021 בעמ,,גרנולה צימוקים ואגוז,קילוגרמים,1.00,"ק""ג",false,,19.90,19.9000,true,1,28172
7290014472433,false,קונפיטורה תות שדה 70% פרי 450 גרם,דין שיווק וקליה 2021 בעמ,,קונפיטורה תות שדה שק,גרמים,450.00,100 גרם,false,,13.90,0.0309,true,1,118520
7290014501232,false,יין בר הרי גליל לבן 750 מל,היכל היין שקד גולן בעמ,,הר גליל לבן 2017,מיליליטרים,750.00,"100 מ""ל",false,,31.90,0.0425,true,1,73407
7290014503137,false,יין אדום יבש יובלים יקב דלתון (750 מל),הכרם - משקאות חריפים בעמ,,יובלים דלתון אדום,מיליליטרים,750.00,"100 מ""ל",false,,37.50,0.0500,true,1,66233
7290014503144,false,יין לבן יובלים יקב דלתון (750 מל),הכרם - משקאות חריפים בעמ,,יין יבולים דלתון לבן,מיליליטרים,750.00,"100 מ""ל",false,,37.50,0.0500,true,1,66958
7290014503328,false,"יין עלמה סקארלט 750 מ""ל דלתון",הכרם משקאות חריפים בעמ,,יין דלתון עלמה אדום,מיליליטרים,750.00,"100 מ""ל",false,,79.90,0.1065,true,1,32326
7290014525177,false,חטיף סלים פרוט Slim fruit בטעם יוגורט ופירות יער,סלים דליס Slim Delis,,חטיף דגנים יוגורט ופ,יחידה,0.00,יחידה,false,,10.90,0.0000,true,1,28577
7290014525290,false,חטיפי סלים דליס קריספי תות מרבה 125 גרם,סלים דליס Slim Delis,,מרבה סלים דליס קריספ,גרמים,125.00,100 גרם,false,,10.90,0.0872,true,1,63057
7290014648142,false,LA BELLE סמק -70% 100אלכוהול,פארמה דיל (פ.א.ב.) שיווק והפצה,,אלכוהול 70%,מיליליטרים,100.00,"100 מ""ל",false,,7.50,0.0750,true,1,72627
7290014648364,false,פלסטרים בגוון העור 40 יח`PHARMA AID,פארמה דיל (פ.א.ב.) שיווק והפצה,,פלסטרים 40 יח,יחידה,0.00,יחידה,false,,8.90,0.0000,true,1,74827
7290014648906,false,LA BELLEמסיר לק מהציפורניים 100 מל,פארמה דיל (פ.א.ב.) שיווק והפצה,,מסיר לק מהציפורניים,מיליליטרים,100.00,"100 מ""ל",false,,4.90,0.0490,true,1,77743
7290014692299,false,גבינת ברי EURO CHEESE ויליפוד 125 גרם,ג.וילי-פוד אינטרנשיונל **גבינו,,CASTELLO-גבינת ברי,גרמים,125.00,100 גרם,false,,20.00,0.1600,true,1,27118
7290014692305,false,גבינת קממבר EURO CHEESE ויליפוד 125 גרם,ג.וילי-פוד אינטרנשיונל **גבינו,,CASTELLO-גבינת קממבר,גרמים,125.00,100 גרם,false,,20.00,0.1600,true,1,27111
7290014692749,false,"שמן זית כתית מעולה ויליפוד 750 מ""ל",ג. וילי-פוד אינטרנשיונל בע`מ,,שמן זית כתית מעולה ו,מיליליטרים,750.00,"100 מ""ל",false,,29.90,0.0399,true,1,27300
7290014692817,false,גבינת מוצרלה מגורדתEURO CHEESE ויליפוד 200 גרם,ג.וילי-פוד אינטרנשיונל **גבינו,,מוצרלה מגורדת 200 גר,גרמים,200.00,100 גרם,false,,14.50,0.0725,true,1,33124
7290014748613,false,דג טוב מקלוני דגים בציפוי ציפס 600גר,קבוצת אוסם סחר שותפות מוגבלת,,מקלוני דגים בציפוי ד,גרמים,600.00,100 גרם,false,,29.90,0.0498,true,1,74673
7290014748651,false,פילה אמנון מצופה נתח שלם דג טוב 360 גרם,קבוצת אוסם סחר שותפות מוגבלת,,דג טוב פילה אמנון מצ,גרמים,360.00,100 גרם,false,,32.90,0.0914,true,1,74674
7290014748675,false,דג טוב קציצות דגים אסם 600 גרם,קבוצת אוסם סחר שותפות מוגבלת,,קציצות דגים דג טוב,גרמים,600.00,100 גרם,false,,29.90,0.0498,true,1,74675
7290014748958,false,דג טוב פופקורן מיני אמנון ציפס נ.שלם 400גר,קבוצת אוסם סחר שותפות מוגבלת,,דג טוב מיני אמנון צי,גרמים,400.00,100 גרם,false,,34.90,0.0872,true,1,76588
7290014749078,false,מקלוני קבנוס עוף טוב 200 גרם,קבוצת אוסם סחר שותפות מוגבלת,,מקלוני קבנוס 200 גר,גרמים,200.00,100 גרם,false,,14.90,0.0745,true,1,79140
7290014749245,false,ספיישל רצועות שניצל שומשום עוף טוב 600 גרם,קבוצת אוסם סחר שותפות מוגבלת,,עוף טוב צונגו רצועות,גרמים,600.00,100 גרם,false,,34.90,0.0582,true,1,81168
7290014749764,false,עוף טוב שניצל עוף ביתי עדין כזה 700 גרם,קבוצת אוסם סחר שותפות מוגבלת,,עוף טוב שניצל עוף בי,גרמים,700.00,100 גרם,false,,41.90,0.0599,true,1,82792
7290014749863,false,שניצל דק ענק קריספי צ'יפס עוף טוב 720 גרם,קבוצת אוסם סחר-שות.מוגבלת,,עוף טוב שניצל דק ענק,גרמים,720.00,100 גרם,false,,37.90,0.0526,true,1,88742
7290014749887,false,שניצל דק ענק קריספי קלאסי עוף טוב 720 גרם,קבוצת אוסם סחר שותפות מוגבלת,,עוף טוב שניצל דק ענק,גרמים,720.00,100 גרם,false,,37.90,0.0526,true,1,88852
7290014758100,false,מאגדת יוגורט ביו 3% שומן 8 יח' *150ג' תנובה,מיוצר עי קונדיטוריית,,מאגדת יוגורט ביו 3%,גרמים,1200.00,100 גרם,false,,16.50,0.0138,true,1,24795
7290014758117,false,מאגדת יוגורט ביו 1.5% שומן 8 יח' *150 ג' תנובה,מיוצר עי קונדיטוריית,,מאגדת יוגורט ביו שמי,גרמים,1200.00,100 גרם,false,,16.50,0.0138,true,1,24796
7290014758162,false,חלב עיזים מלא 3.6% שומן תנובה (1 ליטר),תנובה מרכז שיתופי לש,,חלב עיזים מלא 3.6%,ליטרים,1.00,ליטר,false,,16.00,16.0000,true,1,26623
7290014758681,false,גבינת קוטג`1% בגביע תנובה (250 גרם),מיוצר עי קונדיטוריית,,קוט'ג 1% תנובה,גרמים,250.00,100 גרם,false,,5.50,0.0220,false,1,25058
7290014759084,false,גבינת שמנת נפוליאון 16% מופחת שומן תנובה 225 גרם,תנובה מרכז שיתופי לש,,נפוליאון טבעי 16%,גרמים,225.00,100 גרם,false,,14.50,0.0644,false,1,28223
7290014759237,false,כד יוגורט תנובה 6.5% שומן 3 ליטר,תנובה - חלב,,יוגורט 6.5% 3 ליטר,ליטרים,3.00,ליטר,false,,31.90,10.6333,false,1,74894
7290014759534,false,גבינה בולגרית למריחה טבעי 5% 200 ג' פיראוס,"תנובה, מחלבת תל יוסף",,בולגרית למריחה טבעי,גרמים,200.00,100 גרם,false,,14.90,0.0745,true,1,29140
7290014759909,false,פטה עיזים 5% 250 גר`גביע פיראוס תנובה,"תנובה, מחלבת טנא נוג",,פטה עיזים 5%,גרמים,250.00,100 גרם,false,,29.50,0.1180,false,1,30049
7290014759978,false,קצ`קאבל פלח גלעד 200 גר`קולקשיין תנובה,"תנובה בע""מ ***",,גבינת גלעד קשקבל,גרמים,200.00,100 גרם,false,,26.90,0.1345,false,1,28972
7290014759985,false,פרמזן פלח גבע 23% 200 גר`קולקשיין תנובה,תנובה - חלב,,גבינת פרמזן 200 גר,גרמים,200.00,100 גרם,false,,24.90,0.1245,false,1,28973
7290014759992,false,פלח רוקפור גליל 26% 140 גר`קולקשיין תנו,"תנובה, מחלבת תל יוסף",,גבינת רוקפור 140 גר,גרמים,140.00,100 גרם,false,,19.90,0.1421,true,1,28974
7290014760134,false,"מעדן סויה בטעם וניל תנובה 125 מ""ל","תנובה בע""מ ***",,מעדן סויה וניל 1.5%,גרמים,125.00,100 גרם,false,,4.10,0.0328,true,1,72200
7290014760141,false,משקה שקדים טרי תנובה (1 ליטר),"תנובה בע""מ ***",,משקה שקדים טרי 1 ליט,ליטרים,1.00,ליטר,false,,12.60,12.6000,true,1,58969
7290014760912,false,גבינה צהובה 28% מהדרין גוש חלב (400 גרם),תנובה מרכז שיתופי לש,,גוש חלב מהדרין 400 ג,גרמים,400.00,100 גרם,false,,25.90,0.0647,false,1,31511
7290014761049,false,"שמנת חצי מנה 15% שומן 100 מ""ל תנובה",,,שמנית תנובה 15%,מיליליטרים,100.00,"100 מ""ל",false,,1.70,0.0170,false,1,117157
7290014761056,false,מעדן שוקולד חלב יולו תנובה 123 גרם,מיוצר עי קונדיטוריית,,מעדן שוקולד חלב YOLO,גרמים,123.00,100 גרם,false,,4.60,0.0374,false,1,33969
7290014761063,false,מעדן שוקולד מריר יולו תנובה 123 גרם,מיוצר עי קונדיטוריית,,מעדן שוקולד מריר YOL,גרמים,123.00,100 גרם,false,,4.60,0.0374,false,1,33970
7290014761070,false,מעדן שוקולד לבן יולו תנובה 123 גרם,מיוצר עי קונדיטוריית,,מעדן שוקולד לבן מעול,גרמים,123.00,100 גרם,false,,4.60,0.0374,false,1,33971
7290014761193,false,יוגורט עם פירות יער 1.5% שומן 125 ג' פרילי,תנובה מרכז שיתופי לש,,פרילי פירות יער 125,גרמים,125.00,100 גרם,false,,3.60,0.0288,true,1,34434
7290014761414,false,יולו מעדן שכבות שוקולד חלב ולבן 123 גר,מיוצר עי קונדיטוריית,,מעדן שכבות שןקולד חל,גרמים,123.00,100 גרם,false,,4.60,0.0374,true,1,33974
7290014761612,false,מעדן שכבות שוקולד מריר ולבן יולו 122 גרם,מיוצר עי קונדיטוריית,,יולו שכבות שוקולד מר,גרמים,120.00,100 גרם,false,,4.60,0.0383,false,1,58665
7290014762756,false,גבינת שמנת נפוליאון 16% עם בצל תנובה 225 גרם,תנובה - חלב,,נפוליאון בצל 16%,גרמים,225.00,100 גרם,false,,14.50,0.0644,false,1,61791
7290014762800,false,מעדן סויה שוקולד גביע 125 גרם אלטרנטיב,תנובה מרכז שיתופי לש,,גביע מעדן סויה בטעם,גרמים,125.00,100 גרם,false,,4.10,0.0328,true,1,69713
7290014762831,false,גבינת שמנת נפוליאון 16% עם פלפל חלפיניו תנובה 225 גרם,תנובה מרכז שיתופי לש,,נפוליאון חלפיניו,גרמים,225.00,100 גרם,false,,14.50,0.0644,false,1,63175
7290014762848,false,גבינה צהובה מגורדת 22% שומן 500 ג' פתיתי גלבוע,גלבוע - תנובה,,פתיתי גלבוע 500 גר,גרמים,500.00,100 גרם,false,,32.90,0.0658,false,1,71504
7290014762909,false,פתיתי מוצרלה השף הלבן 10% תוספת מתנה,"תנובה, מחלבת תל יוסף",,פתיתי מוצרלה,גרמים,200.00,100 גרם,false,,17.90,0.0895,false,1,63126
7290014763098,false,קרם גבינת שמנת 5% עם פלפל שום ובצל 200 ג' תנובה,תנובה - חלב,,קרם גבינת שמנת בניחו,גרמים,200.00,100 גרם,false,,11.90,0.0595,true,1,63102
7290014763272,false,יוגורט סויה BIO לשתיה תות ובננה אלטרנטיב,תות תעשיות מזון (201,,משקה סויה ביו עם תות,מיליליטרים,250.00,"100 מ""ל",false,,5.80,0.0232,true,1,64015
7290014763418,false,"כד יוגרט תנובה 4% שומן 1.5 ליטר, מהדרין",תנובה מרכז שיתופי לש,,יוגורט 1.5 ליטר תנו,ליטרים,1.50,ליטר,false,,17.50,11.6667,true,1,64867
7290014785007,false,גרגרי טפיוקה קטנים 400 גר`טעמי אסיה,טחנת האבן קואופ בעמ,,פניני טפיוקה קטן,גרמים,400.00,100 גרם,false,,8.90,0.0223,true,1,24990
7290014785014,false,גרגרי טפיוקה גדולים.,טעמי אסיה Taste of Asia,,פניני טפיוקה גדול,גרמים,400.00,100 גרם,false,,8.90,0.0223,true,1,26939
7290014785052,false,"רוטב פטריות צמחוני 500 מ""ל",טעמי אסיה Taste of Asia,,רוטב פטריות צמחוני ל,מיליליטרים,500.00,"100 מ""ל",false,,11.90,0.0238,true,1,33396
7290014785069,false,מירין משובח טעמי אסיה (250 מל),טחנת האבן קואופ בעמ,,"חומץ מירין 250 מ""ל",מיליליטרים,250.00,"100 מ""ל",false,,11.90,0.0476,true,1,32694
7290014785076,false,"קרם קוקוס ללא תוספות חומר משמר 400 מ""ל",טחנת האבן קואופ בעמ,,קרם קוקוס ללא חומר מ,מיליליטרים,400.00,"100 מ""ל",false,,8.90,0.0223,true,1,29189
7290014785113,false,רוטב טריאקי טעמי אסיה (500 מל),טחנת האבן קואופ בעמ,,"רוטב טריאקי 500 מ""ל",מיליליטרים,500.00,"100 מ""ל",false,,11.90,0.0238,true,1,65722
7290014785441,false,אטריות ביצים מקצועי 450 גרם,,,אטריות ביצים מקצועי,גרמים,450.00,100 גרם,false,,7.90,0.0176,true,1,69593
7290014785458,false,למון גראס ולימונית מ,,,למון גראס מיובש,גרמים,50.00,100 גרם,false,,8.90,0.1780,true,1,119930
7290014785465,false,שורש גלנגל מיובש 100,,,שורש גלנגל מיובש,גרמים,100.00,100 גרם,false,,11.90,0.1190,true,1,119931
7290014785472,false,עלי קפיר ליים מיובשי,,,עלי קפיר ליים מיובשי,גרמים,10.00,100 גרם,false,,5.90,0.5900,true,1,119927
7290014785564,false,אטריות אודון מוכנות 200 גר`,קינגדאן פרימה פודס ק,,אטריות מוכנות אודון,גרמים,200.00,100 גרם,false,,2.90,0.0145,true,1,78550
7290014785571,false,"אטריות מוכנות מתאים להקפצה, מרקים ומנות קרות",טחנת האבן קואופ בעמ,,אטריות מוכנות להקפצה,גרמים,200.00,100 גרם,false,,2.90,0.0145,true,1,78551
7290014785588,false,אטריות ראמן מוכנות 180 גר`,טחנת האבן קואופ בעמ,,אטריות מוכנות ראמן,גרמים,180.00,100 גרם,false,,2.90,0.0161,true,1,78552
7290014785922,false,מחית טום יאם 400 גר',,,מחית טום יאם 400 גר',גרמים,400.00,100 גרם,false,,18.90,0.0472,true,1,84411
7290014785991,false,רוטב סויה ללא גולטן 500 מל טעמי אסיה,טחנת האבן קואופ בעמ,,רוטב סויה ללא גלוטן,מיליליטרים,500.00,"100 מ""ל",false,,12.90,0.0258,true,1,73725
7290014789913,false,עוגיות אוראו קרם בטעם וניל מארז 176 גרם,דיפלומט מפיצים (1968) בעמ**,,מארז שלישיית עוגיות,גרמים,528.00,100 גרם,false,,21.90,0.0415,true,1,28259
7290014791091,false,"שוופס מוגז פירות לימונייד 500 מ""ל",יפאורה - שותפות מוגבלת לשיווק,,שוופס לימונייד 500 מ,מיליליטרים,500.00,"100 מ""ל",false,,4.90,0.0098,true,1,32618
7290014791725,false,"שוופס מוגז פירות תפוחים 500 מ""ל",יפאורה - שותפות מוגבלת לשיווק,,שוופס מוגז תפוח 0.5,מיליליטרים,500.00,"100 מ""ל",false,,4.90,0.0098,true,1,59603
7290014791848,false,FRUIT WATER טעם אננס 0.5 ליטר,יפאורה תבורי בעמ,,מים פרוט אננס 0.5 לי,מיליליטרים,500.00,"100 מ""ל",false,,5.50,0.0110,true,1,74449
7290014791879,false,FRUIT WATER טעם אבטיח 0.5 ליטר,יפאורה תבורי בעמ,,מים פרוט אבטיח 0.5 ל,מיליליטרים,500.00,"100 מ""ל",false,,5.50,0.0110,true,1,74450
7290014803206,false,"חומץ יין אדום 5% 500מ""ל",COMTEMP,,חומץ יין אדום 5%,מיליליטרים,500.00,"100 מ""ל",false,,13.50,0.0270,true,1,28216
7290014803213,false,"חומץ יין לבן 5% 500מ""ל נאמן",נאמן לאורך זמן בעמ,,חומץ יין לבן 5%,מיליליטרים,500.00,"100 מ""ל",false,,13.50,0.0270,true,1,28217
7290014803565,false,צנימים עגולים עם חיטה מלאה 300 גרם,נאמן לאורך זמן בעמ,,צנימים עם חיטה מלאה,גרמים,300.00,100 גרם,false,,11.90,0.0397,true,1,33078
7290014803732,false,ניוקי מתפוח אדמה 500 גר`,נאמן לאורך זמן בעמ,,ניוקי מתפוחי אדמה 50,גרמים,500.00,100 גרם,false,,8.90,0.0178,true,1,79660
7290014855434,false,מגבונים בייביסיטר פרפורמנס מבושם רביעיה,בייביסיטר Babysitter,,מגבונים בייביסיטר רב,יחידה,0.00,יחידה,false,,14.90,0.0000,true,1,60079
7290014860070,false,"מקלוני אורז ללא גלוטן 5 מ""מ 454גר' (אור)",מזרח ומערב יבוא ושיווק,,מקלוני אורז ללא גלוט,גרמים,454.00,100 גרם,false,,11.90,0.0262,true,1,65626
7290014890145,false,גבינת שמנת טבעי 225 גרם יעקובס,גבינות משק יעקבס,,גבינת שמנת טבעית,גרמים,225.00,100 גרם,false,,12.90,0.0573,true,1,69911
7290014890152,false,גבינת שמנת זיתים 225 גרם יעקובס,גבינות משק יעקבס,,גבינת שמנת זיתים 225,גרמים,225.00,100 גרם,false,,12.90,0.0573,true,1,70458
7290014890169,false,גבינת שמנת שום שמיר 225 גרם יעקובס,גבינות משק יעקבס,,גבינת שמנת שום שמיר,גרמים,225.00,100 גרם,false,,12.90,0.0573,true,1,70459
7290014890176,false,ריקוטה סגנון איטלק5% 250,מחלבת משק יעקובס,,ריקוטה 250 גר' יעקבס,גרמים,250.00,100 גרם,false,,11.90,0.0476,false,1,79170
7290014890206,false,קרם פרש 250גרם יעקוב,מחלבת משק יעקובס,,קרם פרש 250 גר' יעקב,גרמים,250.00,100 גרם,false,,13.90,0.0556,true,1,78253
7290014890237,false,גבינת קממברט יעקבס 125 גרם,גבינות משק יעקבס,,קממברט 125 גר',גרמים,125.00,100 גרם,false,,17.90,0.1432,true,1,67990
7290014890572,false,"יוגורט עיזים משק יעקבס 850 מ""ל",גבינות משק יעקבס,,יוגורט עיזים יעקבס,מיליליטרים,850.00,"100 מ""ל",false,,22.90,0.0269,false,1,119055
7290014890589,false,"יוגורט יווני משק יעקבס 850 מ""ל",גבינות משק יעקבס,,יוגורט יווני יעקבס,מיליליטרים,850.00,"100 מ""ל",false,,19.90,0.0234,false,1,119056
7290014890596,false,גבינת ברי עיזים בייב,גבינות יעקבס,,ברי עיזים בייבי יעקב,גרמים,125.00,100 גרם,false,,21.00,0.1680,true,1,119051
7290014890602,false,קממבר בקר אגוזים משק יעקבס 125 גרם,גבינות יעקבס,,קממבר בקר אגוזים יע,גרמים,125.00,100 גרם,false,,17.90,0.1432,false,1,119052
7290014901247,false,"שמפו קרטין לאחר החלקה ועיצוב בחום סטייל 750 מ""ל",א.ל. ארמן ייצור תמרו,,סטייל שמפו קרטין לאח,מיליליטרים,750.00,"100 מ""ל",false,,26.90,0.0359,true,1,30919
7290014901254,false,"מרכך קרטין לאחר החלקה ועיצוב בחום סטייל 750 מ""ל",א.ל ארמן ייצור תמרוק,,סטייל מרכך קרטין לאח,מיליליטרים,750.00,"100 מ""ל",false,,26.90,0.0359,true,1,30920
7290014901261,false,"מסכה קרטין לאחר החלקה ועיצוב בחום סטייל 500 מ""ל",א.ל ארמן ייצור תמרוק,,סטייל מסכת קרטין לאח,מיליליטרים,500.00,"100 מ""ל",false,,34.90,0.0698,true,1,30921
7290014901308,false,משחת שיניים לשיניים רגישות Complete protection,"סמית קליין ביצ'ם בע""",,סנסודיין הגנה מלאה,מיליליטרים,75.00,"100 מ""ל",false,,25.90,0.3453,true,1,32636
7290014901315,false,סנסודיין משחה הגנה מלאה אקסטרה פרש 75 מל,"סמית קליין ביצ'ם בע""",,סנסודיין הגנה מלאה פ,מיליליטרים,75.00,"100 מ""ל",false,,25.90,0.3453,true,1,32637
7290014901896,false,"מי פה סנסודיין מנטה מרענן 500 מ""ל",גלקסוסמיתקליין,,סנסודיין מי פה 500 מ,מיליליטרים,500.00,"100 מ""ל",false,,25.90,0.0518,true,1,60697
7290014905160,false,"הפי מטהר אוויר פניני ריח בניחוחות, 130 גרם","יעקב יעקבי ובניו בע""מ",,פטריה ריח XL,יחידה,0.00,יחידה,false,,9.90,0.0000,true,1,28636
7290014905207,false,"הג'ל הכחול לניקוי האסלה יעקבי 750 מ""ל",יעקב יעקבי ובניו בעמ,,"W.C אסלות 750 מ""ל",מיליליטרים,750.00,"100 מ""ל",false,,9.90,0.0132,true,1,28586
7290014905313,false,דזיטול מחטא ומשמיד חיידקים לניקוי רצפות ומשטחים 1.2 ליטר,יעקב יעקבי ובניו בעמ,,דזיטול לחיטוי רצפות,ליטרים,1.00,ליטר,false,,9.90,9.9000,true,1,28533
7290014905344,false,"הפי תרסיס קצף לניקוי שטיחים יעקביי 623 מ""ל",יעקב יעקבי ובניו בעמ,,הפי קצף לשטיחים,מיליליטרים,623.00,"100 מ""ל",false,,19.90,0.0319,true,1,29545
7290014905368,false,הפי עוד ועוד--מטלית דמוית בד--גליל לב,יעקב יעקבי ובניו בעמ,,הפי עוד ועוד מטלית ד,יחידה,0.00,יחידה,false,,8.50,0.0000,true,1,30968
7290014905498,false,הפי מטליות דו צדדיות בגליל 20 מטליות,"יעקב יעקבי ובניו בע""מ",,הפי גם וגם מטלית דו,יחידה,0.00,יחידה,false,,12.90,0.0000,true,1,30969
7290014905689,false,"נוזל כלים הפי מרוכז 24% תפוח 750 מ""ל","יעקב יעקבי ובניו בע""מ",,"הפי כלים 750 מ""ל ירו",מיליליטרים,750.00,"100 מ""ל",false,,7.90,0.0105,true,1,33233
7290014905696,false,"נוזל כלים הפי מרוכז 24% לימון 750 מ""ל","יעקב יעקבי ובניו בע""מ",,"הפי כלים 750 מ""ל צהו",מיליליטרים,750.00,"100 מ""ל",false,,7.90,0.0105,true,1,33234
7290014905719,false,הפי לימונית למדיח כלים - מנטרל ריחות רעים,"יעקב יעקבי ובניו בע""מ",,הפי לימונית למדיח,יחידה,0.00,יחידה,false,,13.90,0.0000,true,1,33856
7290014905733,false,נוזל לניקוי חלונות הפי (750 מל),"יעקב יעקבי ובניו בע""מ",,"הפי לחלונות 750 מ""ל",מיליליטרים,750.00,"100 מ""ל",false,,7.90,0.0105,true,1,33235
7290014905962,false,סבון אסלה הפי בושם 5טיפות ורוד לבנדר נתלה,"יעקב יעקבי ובניו בע""מ",,סבון אסלה 5 טיפות בו,יחידה,0.00,יחידה,false,,7.90,0.0000,true,1,57705
7290014910379,false,"מלפפונים במלח 690 גרם ""לינה""",יורוסטנדרט בעמ,,מלפפונים במלח לינה,גרמים,690.00,100 גרם,false,,8.90,0.0129,true,1,73229
7290014910386,false,"קורנישונים במלח 690 גרם ""לינה""",יורוסטנדרט בעמ,,קורנישון במלח 690 גר,גרמים,690.00,100 גרם,false,,9.90,0.0143,true,1,69054
7290014910461,false,"ערק יודה 700 מ""ל כשל",בני בהיג'\ קעואר לתעשייה,,ערק יודה,מיליליטרים,700.00,"100 מ""ל",false,,59.90,0.0856,true,1,75780
7290014910515,false,שימורי דגים שפרוטים מעושנים בשמן צמחי 250 גרם,יורוסטנדרט בעמ,,שימורי דגים שפרוטים,גרמים,250.00,100 גרם,false,,11.90,0.0476,true,1,70606
7290014931176,false,עלי חסה רומית מהדרין,רימון,,עלי חסה רומית,יחידה,0.00,יחידה,false,,8.90,0.0000,true,1,31557
7290014931206,false,גרגירי נחלים הידרופו,מהשורש לאורך חיים,,גרגר הנחלים,יחידה,0.00,יחידה,false,,8.50,0.0000,true,1,31558
7290014940901,false,לחם פשוט מלא לילדים פרוס אנג`ל (750 גרם),מאפיית שלמה א. אנג'\ל בע,,לחם פשוט מלא אנג'ל,מיליליטרים,750.00,"100 מ""ל",false,,13.90,0.0185,true,1,58242
7290014974562,false,גביעי גלידה רגיל טילון עלמה גילרו 24 יח',"א.ג גילרו בע""\מ",,גביעים לגלידה גילרו,גרמים,120.00,100 גרם,false,,6.90,0.0575,true,1,68579
7290014974593,false,גביעי גלידה 12 מגולגל ללא גלוטן גילרו*,ח.כהן סוכנות מזון ומשקאות בע,,גביעי גלידה ללא גלוט,גרמים,132.00,100 גרם,false,,13.50,0.1023,true,1,69003
7290014974647,false,גילרו בצק סוכר אדום,,,גילרו בצק סוכר אדום,גרמים,150.00,100 גרם,false,,5.90,0.0393,true,1,73740
7290014974654,false,גילרו בצק סוכר שחור,,,גילרו בצק סוכר שחור,גרמים,150.00,100 גרם,false,,5.90,0.0393,true,1,73741
7290014974715,false,גילרו בצק סוכר ורוד,,,גילרו בצק סוכר ורוד,גרמים,150.00,100 גרם,false,,5.90,0.0393,true,1,73742
7290015039246,false,נתחי טונה בשמן צמחי רביעיה * 160 ג' וילי פוד,ג.וילי-פוד אינטרנשיונל בעמ,,רביעיה טונה ויליפוד,גרמים,640.00,100 גרם,false,,19.90,0.0311,false,1,32139
7290015039253,false,עלי גפן במי מלח ויליפוד 620 גרם,ג. וילי-פוד אינטרנשיונל בע`מ,,עלי גפן במי מלח,גרמים,620.00,100 גרם,false,,11.00,0.0177,true,1,31334
7290015039338,false,נתחי טונה במי מלח רביעיה * 160 ג' וילי פוד,ג.וילי-פוד אינטרנשיונל בעמ,,רביעיה טונה במים ויל,גרמים,640.00,100 גרם,false,,19.90,0.0311,false,1,32144
7290015039499,false,ויליפוד עוגיות חמאה איטלקיות מובחרות 1ק,ג.וילי-פוד אינטרנשיונל בעמ,,עוגיות איטלקיות מובח,קילוגרמים,1.00,"ק""ג",false,,10.90,10.9000,true,1,58244
7290015129121,false,אטריות גל קונג`אק נודלס ללא גלוטן סקיני,הוויזאי וואנגייה פוד,,סקיני פסטה נודלס,גרמים,270.00,100 גרם,false,,10.90,0.0404,true,1,32844
7290015129145,false,אטריות קונג'אק בתוספת טפיוקה בצורת ספגטי,הוויזאי וואנגייה פוד,,סקיני פסטה ספגטי,גרמים,270.00,100 גרם,false,,10.90,0.0404,true,1,32769
7290015129220,false,איטריות גל קונג`אק בצורת קוסקוס סקיני פס,אף.סי תבליני בגליל ב,,סקיני פסטה בצורת קוס,גרמים,270.00,100 גרם,false,,10.90,0.0404,true,1,58138
7290015129251,false,איטריות גל קונג`אק בצורת פסטה פטוצ`יני ס,אף.סי תבליני בגליל ב,,סקיני פסטה בצורת פטו,יחידה,270.00,יחידה,false,,10.90,0.0404,true,1,59615
7290015129756,false,סקיני פסטה שיבולת שועל פטוצ'יני 270 גרם,הוויזאי וואנגייה,,אברמסון סקיני פסטה פ,גרמים,200.00,100 גרם,false,,10.90,0.0545,true,1,76716
7290015139250,false,"שוקולד מריר פצפוצי אורז כרמית 85 גרם לל""ס",כרמית תעשיות ממתקים בעמ,,שוקולד מריר עם פצפוצ,גרמים,85.00,100 גרם,false,,5.90,0.0694,true,1,59791
7290015139267,false,שוקולד מריר עם שקדים ללא תוספת סוכר וסטהיים,כרמית תעשיות ממתקים בעמ,,כרמית שוקולד מריר עם,גרמים,85.00,100 גרם,false,,5.90,0.0694,true,1,59344
7290015139526,false,חופשי ופל בציפוי ומילוי שוקו ללא גלוטן כרמית 125 גרם,כרמית תעשיות ממתקים בעמ,,חופשי ופל בציפוי ומי,גרמים,125.00,100 גרם,false,,9.90,0.0792,true,1,61501
7290015139533,false,חופשי ופל לימון ללא ציפוי ללא גלוטן כרמית 200 גרם,כרמית תעשיות ממתקים בעמ,,חופשי ופל לימון כרמי,גרמים,200.00,100 גרם,false,,9.90,0.0495,true,1,61281
7290015139557,false,חופשי ופל שוקו ללא גלוטן כרמית 200 גרם,כרמית תעשיות ממתקים בעמ,,חופשי ופל שוקו כרמי,גרמים,200.00,100 גרם,false,,9.90,0.0495,true,1,61283
7290015139571,false,חופשי ופל בארים בציפוי שוקולד 25 גר,כרמית תעשיות ממתקים בעמ,,חופשי ופל מצופה ללא,גרמים,125.00,100 גרם,false,,9.90,0.0792,true,1,61285
7290015150088,false,מחית עגבניות קלה גרנד איטליה 700 גרם,תה ויסוצקי (ישראל) בעמ,,מיץ עגבניות 700 גרם,גרמים,700.00,100 גרם,false,,12.90,0.0184,true,1,57808
7290015150118,false,שלישיית עגבניות חתוכות דק גרנד איטליה 400 גרם,תה ויסוצקי (ישראל) בעמ,,עגבניות חתוכות דק של,גרמים,1200.00,100 גרם,false,,13.90,0.0116,true,1,57809
7290015150361,false,תה ירוק נענע בתוספת סטיביה ויסוצקי) (25,תה ויסוצקי (ישראל) בעמ,,תה ירוק נענע סטיביה,גרמים,37.50,100 גרם,false,,24.90,0.6640,false,1,58217
7290015150583,false,תה ירוק בתוספת לימון ודבש ויסוצקי) (25,תה ויסוצקי (ישראל) בעמ,,תה ירוק לימון ודבש ו,מיליליטרים,37.50,"100 מ""ל",false,,24.90,0.6640,false,1,60210
7290015150590,false,תה ירוק ג'ינג'ר חריף ויסוצקי 25 יחידות,תה ויסוצקי (ישראל) בעמ,,תה ירוק ג'ינג'ר חריף,גרמים,37.50,100 גרם,false,,24.90,0.6640,false,1,60211
7290015150903,false,תה ירוק קינמון ודבש ויסוצקי 25 יחידות,תה ויסוצקי (ישראל) בעמ,,תה ירוק קינמון ודבש,יחידה,0.00,יחידה,false,,24.90,0.0000,false,1,64717
7290015155878,false,חטיף אורז אפוי לתינוקות טבעי חטיפטף 28גר,גורי מוצרי צריכה בעמ,,חטיפטף חטיף אורז אפו,גרמים,28.00,100 גרם,false,,8.50,0.3036,true,1,121342
7290015156790,false,מחית לפתן פירות חטיפטף ללא תוספת סוכר,גורי מוצרי צריכה (1991) בעמ,,מחית לפתן פירות פרינ,גרמים,120.00,100 גרם,false,,5.90,0.0492,true,1,74352
7290015161114,false,פסטה ספגטי כוסמין אורגני 500 גרם,,,פסטה ספגטי כוסמין או,גרמים,500.00,100 גרם,false,,16.90,0.0338,true,1,90537
7290015161244,false,"קרם קוקוס 17% אורגני ללא גלוטן 400 מ""ל נוטרה זן","אינסטנטה בע""מ",,קרם קוקוס אורגני 17%,מיליליטרים,400.00,"100 מ""ל",false,,9.90,0.0248,true,1,86562
7290015161350,false,אבקת מרק ירקות אורגני 200 גרם,ויטאם הפה פרודקט,,אבקת מרק ירקות אורגנ,גרמים,200.00,100 גרם,false,,23.90,0.1195,true,1,86051
7290015161466,false,"חומץ תפוחים 5% אורגני לא מסונן 750 מ""ל",י.איטליאנו אחזקות בעמ,,חומץ תפוחים אורגני נ,גרמים,300.00,100 גרם,false,,19.90,0.0663,true,1,87941
7290015161534,false,קוואקר שיבולת שועל עבה ללא גלוטן - 400 גרם,הלינסקי מילס אל.טי.די,,קוואקר עבה ללא גלוטן,גרמים,400.00,100 גרם,false,,21.90,0.0547,true,1,86043
7290015161565,false,גרנולה נוטרה זן 29% פירות ללא גלוטן 300 גרם,נוטרה זן NutraZen,,גרנולה 28% פירות ללא,גרמים,300.00,100 גרם,false,,23.90,0.0797,true,1,86045
7290015161589,false,פת פריכה אורגנית ללא גלוטן ירקות גינה 100 גרם,אקסטרודו בצ'\יצה,,פת פריכה אורגנית ללא,גרמים,100.00,100 גרם,false,,13.90,0.1390,true,1,86560
7290015161848,false,פת פריכה אורגנית ללא גלוטן - כוסמת וקינואה 100 גרם,י.איטליאנו אחזקות בעמ,,פת פריכה אורגנית ללא,גרמים,100.00,100 גרם,false,,13.90,0.1390,true,1,86047
7290015161855,false,פת פריכה אורגנית ללא גלוטן - קינואה וחרובים 100 גרם,אקסטרודו בצ'\יצה,,פת פירכית קינואה חרו,גרמים,100.00,1000גרם,false,,13.90,0.1390,true,1,122009
7290015161862,false,פת פריכה אורגנית ללא גלוטן - ערמונים 100 גרם,י.איטליאנו אחזקות בעמ,,פת פריכה אורגנית ללא,גרמים,100.00,100 גרם,false,,13.90,0.1390,true,1,86048
7290015161923,false,קרם קוקוס 22% אורגני ללא גלוטן נוטרה זן,"אינסטנטה בע""מ",,קרם קוקוס אורגני נוט,יחידה,0.00,יחידה,false,,12.90,0.0000,true,1,85963
7290015161930,false,"פסטPRO קסרצ'ה פתיתים אורגניים, ללא גלוטן",י.איטליאנו אחזקות בעמ,,פסטה פרו עדשים צהובו,גרמים,250.00,100 גרם,false,,16.90,0.0676,true,1,86033
7290015161978,false,פסטPRO עדשים אדומות חומוס ופשתן GF אורגנית 250 ג,י.איטליאנו אחזקות בעמ,,פסטה פרו עדשים אדומו,גרמים,250.00,100 גרם,false,,16.90,0.0676,true,1,86034
7290015172011,false,דים סאם גיוזה עוף 300 גרם,דים סאם,,דים סאם גיוזה עוף,גרמים,300.00,100 גרם,false,,29.90,0.0997,true,1,61309
7290015172028,false,דים סאם גיוזה בטטה 300 גרם,דים סאם מטבח מרכזי כ,,דים סאם גיוזה בטטה,גרמים,300.00,100 גרם,false,,29.90,0.0997,true,1,61310
7290015172073,false,דים סאם גיוזה פטריות 300 גרם,דים סאם מטבח מרכזי כ,,דים סאם גיוזה פטריות,גרמים,300.00,100 גרם,false,,29.90,0.0997,true,1,61312
7290015172097,false,דים סאם גיוזה בקר 300 גרם,דים סאם מטבח מרכזי כ,,דים סאם גיוזה בקר,גרמים,300.00,100 גרם,false,,29.90,0.0997,true,1,61313
7290015172202,false,דים סאם -גויזה אדממה,דים סאם,,דים סאם -גויזה אדממה,גרמים,300.00,100 גרם,false,,29.90,0.0997,true,1,90070
7290015172219,false,גיוזה עוף פטריות ופקאן,דים סאם,,דים סאם -גיוזה עוף פ,גרמים,300.00,100 גרם,false,,29.90,0.0997,true,1,90533
7290015172264,false,"מארז 8 לחמניות באן כפפה ""דים דאם""",דים סאם,,לחמניות באן מאודות,גרמים,400.00,100 גרם,false,,31.90,0.0797,true,1,119065
7290015178273,false,רוטב מרינדה לעוף בגריל אוליביה 270 גר,תה ויסוצקי (ישראל)בעמ,,רוטב מרינדה על האש א,גרמים,320.00,100 גרם,false,,13.90,0.0434,true,1,121574
7290015282000,false,איקרא אדומה SEVEN SEAS 200 גרם,שבעת הימים - שמיר,,איקרה אדומה 200 גר',גרמים,200.00,100 גרם,false,,12.90,0.0645,true,1,83754
7290015282024,false,איקרא לבנה SEVEN SEAS 200 גרם,שבעת הימים - שמיר,,איקרה לבנה 200 גר',גרמים,200.00,100 גרם,false,,12.90,0.0645,true,1,83755
7290015282390,false,סלט תורכי 200 גרם שמיר,"סלטי שמיר 2006 בע""מ",,סלט תורכי 200 גרם גו,גרמים,200.00,100 גרם,false,,11.90,0.0595,true,1,118163
7290015282581,false,חומוס אבו גוש עם חריף שמיר 200 גרם,"סלטי שמיר 2006 בע""מ",,חומוס אבו גוש עם חרי,גרמים,200.00,100 גרם,false,,9.90,0.0495,true,1,118148
7290015282598,false,חומוס מסעדות גורמה שמיר 200 גרם,"סלטי שמיר 2006 בע""מ",,חומוס מסעדות 200 גרם,גרמים,200.00,100 גרם,false,,9.90,0.0495,true,1,118149
7290015282604,false,טחינה מיוחדת גורמה שמיר 200 גרם,"סלטי שמיר 2006 בע""מ",,טחינה מיוחדת 200 גרם,גרמים,200.00,100 גרם,false,,9.90,0.0495,true,1,118151
7290015282628,false,חציל בטעם כבד גורמה שמיר 200 גרם,"סלטי שמיר 2006 בע""מ",,חציל בטעם כבד 200 גר,גרמים,200.00,100 גרם,false,,11.90,0.0595,true,1,118159
7290015282635,false,חומוס מסבחה גורמה שמיר 200 גרם,"סלטי שמיר 2006 בע""מ",,חומוס מסבחה 200 גרם,גרמים,200.00,100 גרם,false,,9.90,0.0495,true,1,118150
7290015282642,false,חומוס אבו גוש גורמה שמיר 200 גרם,"סלטי שמיר 2006 בע""מ",,חומוס אבו גוש 200 גר,גרמים,200.00,100 גרם,false,,9.90,0.0495,true,1,118152
7290015282666,false,סלט טונה עם ירקות 200 גר,"סלטי שמיר 2006 בע""מ",,סלט טונה עם ירקות 20,גרמים,200.00,100 גרם,false,,16.90,0.0845,true,1,118169
7290015282673,false,חציל במיונז ביתי גורמה שמיר 200 גרם,"סלטי שמיר 2006 בע""מ",,חציל במיונז ביתי 200,גרמים,200.00,100 גרם,false,,9.90,0.0495,true,1,118147
7290015282680,false,קישוא בטעם כבד גורמה שמיר 200 גרם,"סלטי שמיר 2006 בע""מ",,סלט קישוא בטעם כבד 2,גרמים,200.00,100 גרם,false,,11.90,0.0595,true,1,118164
7290015282697,false,כרוב אדום שמיר גורמה 200גר,"סלטי שמיר 2006 בע""מ",,כרוב אדום 200 גרם,גרמים,200.00,100 גרם,false,,11.90,0.0595,true,1,118165
7290015282734,false,מטבוחה ביתית גורמה שמיר 200 גרם,"סלטי שמיר 2006 בע""מ",,מטבוחה ביתית 200 גרם,גרמים,200.00,100 גרם,false,,11.90,0.0595,true,1,118160
7290015282741,false,חציל תאילנדי אסלי שמיר 200 ג',"סלטי שמיר 2006 בע""מ",,חציל תאילנדי 200 גרם,גרמים,200.00,100 גרם,false,,11.90,0.0595,true,1,118157
7290015282796,false,"סלט תפו""א שמיר במיונז 200ג'","סלטי שמיר 2006 בע""מ",,סלט תפוח אדמה 200 גר,גרמים,200.00,100 גרם,false,,11.90,0.0595,true,1,118167
7290015284004,false,שמפו לכל סוגי השיער ירקות ירוקים ECOLOVE,א.ל. ארמן,,שמפו משפחתי לכל סוגי,מיליליטרים,500.00,"100 מ""ל",false,,32.90,0.0658,true,1,31827
7290015284028,false,סבון גוף ירקות ירוקים 500 מל ECOLOVE,אורגניק זון,,סבון גוף משפחתי,מיליליטרים,500.00,"100 מ""ל",false,,32.90,0.0658,true,1,31829
7290015284035,false,סבון ידיים ירקות ירוקים 500 מל ECOLOVE,אורגניק זון,,סבון ידיים,מיליליטרים,500.00,"100 מ""ל",false,,25.90,0.0518,true,1,31830
7290015284042,false,שמפו לשיער רגיל/שמן ירקות אדומים ECOLOVE,אורגניק זון,,שמפו לשיער רגיל ושמן,מיליליטרים,500.00,"100 מ""ל",false,,32.90,0.0658,true,1,31831
7290015284059,false,מרכך לשיער רגיל/שמן ירקות אדומים ECOLOVE,אורגניק זון,,מרכך לשיער רגיל ושמן,מיליליטרים,500.00,"100 מ""ל",false,,32.90,0.0658,true,1,31832
7290015284066,false,סבון גוף ירקות אדומים 500 מל ECOLOVE,אורגניק זון,,סבון גוף,מיליליטרים,500.00,"100 מ""ל",false,,32.90,0.0658,true,1,31833
7290015284073,false,סבון ידיים ירקות אדומים 500 מל ECOLOVE,א.ל. ארמן,,סבון ידיים,מיליליטרים,500.00,"100 מ""ל",false,,25.90,0.0518,true,1,31834
7290015284080,false,שמפו לשיער רגיל/יבש ירקות כתומים ECOLOVE,אורגניק זון,,שמפו לשיער רגיל ויבש,מיליליטרים,500.00,"100 מ""ל",false,,32.90,0.0658,true,1,31835
7290015284097,false,מרכך לשיער רגיל/יבש ירקות כתומים ECOLOVE,א.ל. ארמן,,מרכך לשיער רגיל ויבש,מיליליטרים,500.00,"100 מ""ל",false,,32.90,0.0658,true,1,31836
7290015284103,false,סבון גוף ירקות כתומים 500 מל ECOLOVE,אורגניק זון,,סבון גוף,מיליליטרים,500.00,"100 מ""ל",false,,32.90,0.0658,true,1,31837
7290015284110,false,סבון ידיים ירקות כתומים 500 מל ECOLOVE,אורגניק זון,,סבון ידיים,מיליליטרים,500.00,"100 מ""ל",false,,25.90,0.0518,true,1,31838
7290015284202,false,ECOLOVE שמפו לשיער צבוע ויבש מאוד 500 מל,א.ל. ארמן,,שמפו לשיער ecolove,מיליליטרים,500.00,"100 מ""ל",false,,32.90,0.0658,true,1,61902
7290015284219,false,ECOLOVE מרכך לשיער צבוע ויבש מאוד 500 מל,א.ל. ארמן,,מרכך שיער ecolove,מיליליטרים,500.00,"100 מ""ל",false,,32.90,0.0658,true,1,61903
7290015284226,false,סבון גוף לעור יבש 500 מל,א.ל. ארמן,,סבון גוף ecolove,מיליליטרים,500.00,"100 מ""ל",false,,32.90,0.0658,true,1,61904
7290015284233,false,ECOLOVE סבון ידיים לעור יבש 500 מל,א.ל. ארמן,,סבון ידיים פירות סגו,מיליליטרים,500.00,"100 מ""ל",false,,25.90,0.0518,true,1,63593
7290015284646,false,ס.גוף אקולאב 500מל ס,א.ל. ארמן,,סבון גוף ecoLove להז,מיליליטרים,500.00,"100 מ""ל",false,,32.90,0.0658,true,1,119809
7290015284653,false,סבון ידיים אקולאב 50,א.ל. ארמן,,סבון ידיים ecoLove ל,מיליליטרים,500.00,"100 מ""ל",false,,25.90,0.0518,true,1,119811
7290015284660,false,שמפו לאחר החלקה 500 מל,א.ל. ארמן,,שמפו לאחר החלקה ללא,מיליליטרים,500.00,"100 מ""ל",false,,36.90,0.0738,true,1,68084
7290015284677,false,מרכך שיער שעבר החלקה ללא מלח אקולאב 500מ,א.ל. ארמן,,מרכך לאחר החלקה ללא,מיליליטרים,500.00,"100 מ""ל",false,,36.90,0.0738,true,1,68085
7290015306751,false,קמח עדשים אדומות 500 גרם,העידן האורגני,,קמח עדשים אדומות 500,גרמים,500.00,100 גרם,false,,14.90,0.0298,true,1,69773
7290015324007,false,פלפל שחור גרוס 80 גר' טעם וריח,"תבליני טעם וריח בע""מ",,פלפל שחור גרוס 80 גר,גרמים,80.00,100 גרם,false,,9.50,0.1188,true,1,30007
7290015324014,false,"פלפל שחור טחון בשקית 80 גרם ""טעם וריח""","תבליני טעם וריח בע""מ",,פלפל שחור טחון 80 גר,גרמים,80.00,100 גרם,false,,9.50,0.1188,true,1,30008
7290015324038,false,פפריקה מתוקה בשמן 100 גרם טעם וריח,"תבליני טעם וריח בע""מ",,פפריקה בשמן 80 גר שק,גרמים,80.00,100 גרם,false,,5.90,0.0738,true,1,30009
7290015324045,false,תבלין פפריקה חריפה 80 גר' שק',"תבליני טעם וריח בע""מ",,פפריקה חריפה שקית 80,גרמים,80.00,100 גרם,false,,5.90,0.0738,true,1,30010
7290015324052,false,פפריקה מתוקה 80 גר' טעם וריח,"תבליני טעם וריח בע""מ",,פפריקה מתוקה שקית 80,גרמים,80.00,100 גרם,false,,5.90,0.0738,true,1,30011
7290015324069,false,גריל עוף 80 גר' טעם וריח,"תבליני טעם וריח בע""מ",,גריל עוף שקית 80 גר,גרמים,80.00,100 גרם,false,,5.90,0.0738,true,1,30012
7290015324076,false,זעתר מעורב 80 גר' טעם וריח,"תבליני טעם וריח בע""מ",,זעתר שקית 80 גר,גרמים,80.00,100 גרם,false,,5.90,0.0738,true,1,30013
7290015324083,false,מלח לימון 80 גר' טעם וריח,"תבליני טעם וריח בע""מ",,מלח לימון שקית 80 גר,גרמים,80.00,100 גרם,false,,5.90,0.0738,true,1,30014
7290015324090,false,כמון טחון 80 גר' טעם וריח,"תבליני טעם וריח בע""מ",,כמון שקית 80 גר,גרמים,80.00,100 גרם,false,,5.90,0.0738,true,1,30015
7290015324106,false,כורכום טחון 80 גר' טעם וריח,"תבליני טעם וריח בע""מ",,כורכום שקית 80 גר,גרמים,80.00,100 גרם,false,,5.90,0.0738,true,1,30016
7290015324113,false,טעם וריח בהרט שקית 8,"תבליני טעם וריח בע""מ",,בהרט שקית 80 גר,גרמים,80.00,100 גרם,false,,5.90,0.0738,true,1,30017
7290015324120,false,שום גבישי 80 גר' טעם וריח,"תבליני טעם וריח בע""מ",,שום גבישי שקית 80 גר,גרמים,80.00,100 גרם,false,,5.90,0.0738,true,1,30018
7290015324151,false,חוואיג' למרק 80 גר' טעם וריח,"תבליני טעם וריח בע""מ",,חוויאג למרק 80 גר שק,גרמים,80.00,100 גרם,false,,5.90,0.0738,true,1,30019
7290015324168,false,שק 80 גרם על האש ללא מונוסטדיום,"תבליני טעם וריח בע""מ",,תבלין על האש שקית 80,גרמים,80.00,100 גרם,false,,5.90,0.0738,true,1,30020
7290015324175,false,תיבול לשווארמה 80 גר' טעם וריח,"תבליני טעם וריח בע""מ",,תבלין לשווארמה 80 גר,גרמים,80.00,100 גרם,false,,5.90,0.0738,true,1,30021
7290015324281,false,"בצל מטוגן שקית 200 גרם""טעם וריח""",תבליני טעם וריח בעמ,,בצל מטוגן שקית 200,גרמים,200.00,100 גרם,false,,9.50,0.0475,true,1,67647
7290015324427,false,סודה לשתיה טעם וריח 80 גר',"תבליני טעם וריח בע""מ",,סודה לשתיה שקית 80 ג,גרמים,80.00,100 גרם,false,,3.90,0.0487,true,1,70521
7290015324526,false,תערובת תיבול לפרגיות 80 גרם,"תבליני טעם וריח בע""מ",,תערובת תיבול לפרגיות,גרמים,80.00,100 גרם,false,,5.90,0.0738,true,1,79392
7290015324533,false,רוזמרין מיכל גדול 55 גרם,"תבליני טעם וריח בע""מ",,רוזמרין מיכל גדול 5,גרמים,55.00,100 גרם,false,,9.50,0.1727,true,1,79393
7290015324540,false,טימין מיכל גדול 30 גרם,"תבליני טעם וריח בע""מ",,טימין מיכל גדול 30 ג,גרמים,30.00,100 גרם,false,,9.50,0.3167,true,1,79394
7290015324557,false,בהרט לבישול מיכל גדול 80 גרם,"תבליני טעם וריח בע""מ",,בהרט לבישול מיכל גדו,גרמים,80.00,100 גרם,false,,9.50,0.1188,true,1,79395
7290015324564,false,בכוסברה טחונה מיכל גדול 70 גרם,"תבליני טעם וריח בע""מ",,כוסברה טחונה מיכל גד,גרמים,70.00,100 גרם,false,,9.50,0.1357,true,1,79396
7290015324571,false,פפריקה מתוקה בשמן בסגנון מרוקאי 400גרם.,"תבליני טעם וריח בע""\מ",,פפריקה מתוקה בשמן בס,גרמים,400.00,100 גרם,false,,18.90,0.0472,true,1,81199
7290015324588,false,פלפל לבן 100 גר` טעם וריח,"תבליני טעם וריח בע""מ",,פלפל לבן טחון 100 גר,גרמים,100.00,100 גרם,false,,12.90,0.1290,true,1,88510
7290015324595,false,פלפל שחור גרוס במיכל 400 גר`טעם וריח,תבליני טעם וריח בעמ,,פלפל שחור גרוס 400 ג,גרמים,400.00,100 גרם,false,,25.90,0.0647,true,1,83750
7290015324663,false,צ'ילי גרוס חריף אש 70 גרם,"תבליני טעם וריח בע""מ",,צ'ילי גרוס חריף במיכ,גרמים,70.00,100 גרם,false,,9.50,0.1357,true,1,87155
7290015324670,false,מטחנת פלפל שחור שלם 50 ג' טעם וריח,תבליני טעם וריח בעמ,,מטחנת פלפל שחור שלם,גרמים,50.00,100 גרם,false,,12.90,0.2580,true,1,119176
7290015324687,false,מטחנת לקט פלפל 50 ג' טעם וריח,תבליני טעם וריח בעמ,,מטחנת לקט פלפל,גרמים,50.00,100 גרם,false,,12.90,0.2580,true,1,119177
7290015324694,false,מטחנת מלח ים 100 ג' טעם וריח,תבליני טעם וריח בעמ,,מטחנת מלח ים,גרמים,100.00,100 גרם,false,,12.90,0.1290,true,1,119178
7290015324724,false,מחית צ`ילי חריף `טעם וריח' 230 גרם,ליני קאטייאמה פודסטאפס ב,,מחית צ'ילי חריף טעם,גרמים,230.00,100 גרם,false,,13.90,0.0604,true,1,119181
7290015335614,false,מעדן ביו עם תות 150 גרם,טרופיקל דגיל תעשיות,,יוגונאט תות 150 גר',גרמים,150.00,100 גרם,false,,7.40,0.0493,true,1,79667
7290015335621,false,יוגונאט פירות יער 150גר' ניה,טרופיקל דגיל תעשיות,,יוגונאט פירות יער 15,גרמים,150.00,100 גרם,false,,7.40,0.0493,true,1,87086
7290015335638,false,מעד ביו דובדבן 150 גר,טרופיקל דגיל תעשיות,,יוגונאט דובדבן 150 ג,גרמים,150.00,100 גרם,false,,7.40,0.0493,true,1,79668
7290015340199,false,ארץ- רכז רימונים 250,,,ארץ- רכז רימונים 250,מיליליטרים,250.00,"100 מ""ל",false,,16.90,0.0676,true,1,66280
7290015340236,false,ממרח שקד ללא סוכר 30,יושלם,,ממרח שקד ללא סוכר 30,גרמים,300.00,100 גרם,false,,31.90,0.1063,true,1,33128
7290015340281,false,קמח שקדים ללא גלוטן 500 גרם,"העידן האורגני בע""מ",,קמח שקדים ללא גלוטן,גרמים,400.00,100 גרם,false,,26.90,0.0672,true,1,33401
7290015340595,false,חמאת אגוז לוז שקדים,פון בק,,חמאת אגוז לוז שקדים,גרמים,300.00,100 גרם,false,,36.90,0.1230,true,1,63054
7290015340656,false,חמאת פיסטוק 250ג'- ה,פון בק,,חמאת פיסטוק 250ג'- ה,גרמים,250.00,100 גרם,false,,59.90,0.2396,true,1,66658
7290015354899,false,חרדל דיז'ון מעודן 350 גרם,דיפלומט מפיצים (1968) בעמ**,,חרדל דיז'ון מעודן 35,גרמים,350.00,100 גרם,false,,11.90,0.0340,true,1,74417
7290015375696,false,פרורי לחם עם שומשום,,,פרורי לחם עם שומשום,גרמים,400.00,100 גרם,false,,11.90,0.0298,true,1,71612
7290015470384,false,קרם ידיים מטפח אינטנסיב מועשר בשמן שקדים,אינטרקוסמא,,פנג'ל קרם ידיים מועש,מיליליטרים,100.00,"100 מ""ל",false,,12.90,0.1290,true,1,60332
7290015597210,false,מאגדת טילון קורנטו פרווה טבעוני-וויגן פרנדלי,"גלידת שטראוס בע""\מ, רחוב",,מאגדת טילון קורנטו ט,יחידה,0.00,יחידה,false,,34.90,0.0000,true,1,72668
7290015597326,false,מאגדת קרחוני אייס לייט 3 טעמים 260 גר,"גלידת שטראוס בע""\מ, רחוב",,מאגדת שלגונים אסקימו,יחידה,0.00,יחידה,false,,25.90,0.0000,true,1,61682
7290015599016,false,צהובה טבעונית עם זיתים 200 גרם,אריויה ס.א.,,צהובה טבעונית עם זית,גרמים,200.00,100 גרם,false,,21.90,0.1095,true,1,66993
7290015599023,false,VEGA צהובה טבעונית בטעם קלאסי 200 גרם,וגה מוצרים טבעוניים VEGA,,צהובה טבעונית בטעם ק,גרמים,200.00,100 גרם,false,,21.90,0.1095,true,1,66996
7290015599054,false,פרוסות צהובה טבעונית בטעם גבינת צ'דר,וגה מוצרים טבעוניים VEGA,,צהובה טבעונית בטעם צ,גרמים,200.00,100 גרם,false,,21.90,0.1095,true,1,66994
7290015599061,false,VEGA צהובה טבעונית בטעם מוצרלה 200 גרם,וגה מוצרים טבעוניים VEGA,,גבינה צהובה טבעונית,גרמים,200.00,100 גרם,false,,21.90,0.1095,true,1,66948
7290015599078,false,פרוסות צהובה טבעונית בתוספת עשבי תיבול,וגה מוצרים טבעוניים VEGA,,צהובה טבעונית עם עשב,גרמים,200.00,100 גרם,false,,21.90,0.1095,true,1,66997
7290015599191,false,VEGA ממרח טבעוני בסגנון גבינת שמנת בטעם קלאסי 170 גרם,ביוטי איילנד פודס בע,,ממרח טבעוני בטעם גב,יחידה,0.00,יחידה,false,,16.90,0.0000,true,1,66574
7290015599207,false,VEGA ממרח טבעוני בסגנון גבינת שמנת בטעם צ'דר 170 גרם,ביוטי איילנד פודס בע,,גבינת שמנת טבעונית ב,יחידה,0.00,יחידה,false,,16.90,0.0000,true,1,66576
7290015599306,false,גבינת שמנת טבעונית עם עירית 170 גרם,ביוטי איילנד פודס בע,,גבינת שמנת טבעונית ע,יחידה,0.00,יחידה,false,,16.90,0.0000,true,1,66577
7290015599313,false,גבינתשמנת טבעונית עם בצל ירוק ופלפל 170,וגה מוצרים טבעוניים בעמ,,גבינת שמנת טבעונית ב,יחידה,0.00,יחידה,false,,16.90,0.0000,true,1,66578
7290015599504,false,VEGA ממרח בטעם חמאה אורגני 225 גרם,גוד פוד פרודקטס S.p,,ממרח בטעם חמאה אורגנ,גרמים,225.00,100 גרם,false,,16.90,0.0751,true,1,74413
7290015599702,false,ממרח טבעוני בבסגנון גבינת שמנת בטעם עזים - ללא גלוטן,ביוטי איילנד פודס בע,,ממרח טבעוני בטעם גבי,גרמים,170.00,100 גרם,false,,16.90,0.0994,true,1,83255
7290015599719,false,VEGA פרמזן טבעוני 150 גרם,המאפיה של הרמן,,פרמזן טבעוני 150 גר',גרמים,150.00,100 גרם,false,,21.90,0.1460,true,1,82783
7290015603638,false,"אורז קלרוז 1 ק""ג (כ) (Minh)",מזרח ומערב יבוא ושיווק,,אורז עגול קלרוז,קילוגרמים,1.00,"ק""ג",false,,12.90,12.9000,true,1,63018
7290015634113,false,יין עמק האלה רוזה 2015 750 מל,יורוסטנדרט בעמ,,עמק האלה רוזה,מיליליטרים,750.00,"100 מ""ל",false,,36.90,0.0492,true,1,62516
7290015634120,false,יין עמק האלה אוורד לבן 2015 750 מל,עמק האלה,,עמק האלה לבן 2015,מיליליטרים,750.00,"100 מ""ל",false,,36.90,0.0492,true,1,62517
7290015634151,false,"עמק האלה קברנה סוביניון 2012 750 מ""ל",עמק האלה,,עמק האלה קברנה סובינ,מיליליטרים,750.00,"100 מ""ל",false,,69.90,0.0932,true,1,68960
7290015634175,false,עמק האלה אוור רד ק.סוביניון 2015 750 מל,,,עמק האלה קברנה 2015,מיליליטרים,750.00,"100 מ""ל",false,,36.90,0.0492,true,1,66299
7290015634182,false,עמק האלה אוורד קברנה/ מרלו 2015 750 מל,עמק האלה,,יין אוורד קברנה מרלו,מיליליטרים,750.00,"100 מ""ל",false,,36.90,0.0492,true,1,69625
7290015644297,false,שישיית לחמניות פשוט מלא אנג'ל 450 גרם,מאפיית שלמה א. אנג'\ל בע,,לחמניות פשוט מלא 6 י,גרמים,450.00,100 גרם,false,,11.90,0.0264,true,1,67423
7290015652605,false,פיסטוק קלוף השף 100 גרם,דין שיווק וקליה 2021 בעמ,,פיסטוק קלוף 100 גרם,גרמים,100.00,100 גרם,false,,22.90,0.2290,true,1,62088
7290015663021,false,תבלין ראס אל חנות,נווה תבלין,,תבלין ראס אל חנות,גרמים,100.00,100 גרם,false,,8.40,0.0840,true,1,33769
7290015673198,false,המבורגר טקסס עם פטריות טבע דלי 400 גרם,ל.י.ב. (לחיות יותר בטבע) בעמ,,המבורגר טקסס עם פטרי,גרמים,400.00,100 גרם,false,,24.90,0.0622,true,1,63134
7290015673204,false,קבב בולגרי עם פטרוזילה טבע דלי 400 גרם,טבע דלי בעמ,,קבב בולגרי עם פטרוזל,גרמים,400.00,100 גרם,false,,24.90,0.0622,true,1,62852
7290015673587,false,קריספי טופו -נגיסי טופו אסייתי טבע דלי 350 גרם,טבע דלי,,קריספי טופו אסייתי 3,גרמים,350.00,100 גרם,false,,25.90,0.0740,true,1,76452
7290015695800,false,נבטי ברוקולי אורגני יח,הנבטים של אודי,,נבטי ברוקולי,גרמים,120.00,100 גרם,false,,11.90,0.0992,true,1,60380
7290015695817,false,נבטי קייל אורגני יח,הנבטים של אודי,,נבטי קייל,גרמים,120.00,100 גרם,false,,11.90,0.0992,true,1,60381
7290015695831,false,נבטי צנונית אורגני יח,הנבטים של אודי,,נבטי צנונית,גרמים,120.00,100 גרם,false,,11.90,0.0992,true,1,60383
7290015695848,false,נבטי אלפלפא אורגני יח,אודי,,נבטי אלפלפא,גרמים,100.00,100 גרם,false,,11.90,0.1190,true,1,60384
7290015695855,false,נבטי חמניה אורגני יח,הנבטים של אודי,,נבטי חמניה,גרמים,100.00,100 גרם,false,,10.90,0.1090,true,1,60385
7290015695886,false,מיקס נבטים אורגני יח,הנבטים של אודי,,מיקס נבטים,גרמים,200.00,100 גרם,false,,11.90,0.0595,true,1,60388
7290015695893,false,מיקס נבטוטים אורגני יח,אודי,,מיקס נבטוטים,גרמים,120.00,100 גרם,false,,10.90,0.0908,true,1,60390
7290015695916,false,מיקס נבטים ענק אורגני יח,הנבטים של אודי,,מיקס נבטים ענק,גרמים,200.00,100 גרם,false,,19.90,0.0995,true,1,60468
7290015695923,false,נבטים סיניים אורגני יח,מושב אחיטוב,,נבטים סיניים,יחידה,0.00,יחידה,false,,9.90,0.0000,true,1,63706
7290015695947,false,נבטי אפונה ירוקה לסל,הנבטים של אודי,,נבטי אפונה,יחידה,0.00,יחידה,false,,10.90,0.0000,true,1,67887
7290015699730,false,סבון דה מארסיי יעקבי 1.5 ליטר *חדש-,"יעקב יעקבי ובניו בע""מ",,סבון רצפות דה מרסיי,ליטרים,1.50,ליטר,false,,11.90,7.9333,true,1,62768
7290015733120,false,מטרנה גולד שלב 1 תרכובת מזון על בסיס חלבי,קבוצת אוסם סחר שותפות מוגבלת,,מטרנה גולד שלב 1 700,גרמים,700.00,100 גרם,false,,75.90,0.1084,false,1,73415
7290015733168,false,מטרנה גולד שלב שלוש 700 ג',קבוצת אוסם סחר-שות.מוגבלת,,מטרנה גולד שלב 3 700,גרמים,700.00,100 גרם,false,,75.90,0.1084,false,1,73417
7290015753173,false,אטבי כביסה איכותיים 18 יח',,,אטבי כביסה סומו,יחידה,0.00,יחידה,false,,4.90,0.0000,true,1,60691
7290015753203,false,מטליות לניקוי כללי מיקרופייבר חמישייה,,,סומו- מטליות לניקוי,יחידה,0.00,יחידה,false,,6.90,0.0000,true,1,66320
7290015753210,false,מטליות מיקרופייבר לריצפה שלישייה,wuxi industries & tr,,סומו- מטליות לרצפה 3,יחידה,0.00,יחידה,false,,13.90,0.0000,true,1,66321
7290015753425,false,מגב סיליקון 42 עם תו,,,מגב סיליקון 42 עם תו,יחידה,0.00,יחידה,false,,39.90,0.0000,true,1,120735
7290015759007,false,נר נשמה פחית 24 שעות- הנמל,הנמל אריזות ושיווק (1984) בעמ,,נר נשמה 24 שעות בפח,יחידה,0.00,יחידה,false,,1.80,0.0000,true,1,121932
7290015781008,false,"יין VISION מרלו אדום טפרברג 750 מ""ל",יקב טפרברג 1870 בעמ (יינות ומש,,יין מרלו VISION טפרב,מיליליטרים,750.00,"100 מ""ל",false,,39.90,0.0532,true,1,59157
7290015781015,false,יין אדום מלבק ויז`יון טפרברג (750 מל),יקב טפרברג 1870 בעמ (יינות ומש,,יין מלבק VISION טפרב,מיליליטרים,750.00,"100 מ""ל",false,,39.90,0.0532,true,1,59158
7290015781046,false,"יין VISION לבן חצי יבש טפרברג 750 מ""ל",יקב טפרברג 1870 בעמ (יינות ומש,,יין לבן חצי יבש VISI,מיליליטרים,750.00,"100 מ""ל",false,,39.90,0.0532,true,1,59159
7290015781053,false,יין לבן יבש ויזון יקב טפרברג (750 מל),יקב טפרברג 1870 בעמ (יינות ומש,,יין לבן יבש VISION ט,מיליליטרים,750.00,"100 מ""ל",false,,39.90,0.0532,true,1,59160
7290015781091,false,"יין VISION קברנה סוביניון טפרברג 750 מ""ל",יקב טפרברג 1870 בעמ (יינות ומש,,יין קברנה סוביניון V,מיליליטרים,750.00,"100 מ""ל",false,,39.90,0.0532,true,1,59161
7290015781114,false,יין אדום אימפרשיין מרלו טפרברג (750 מל),יקב טפרברג 1870 בעמ (יינות ומש,,יין מרלו אימפריישן ט,מיליליטרים,750.00,"100 מ""ל",false,,49.90,0.0665,true,1,59084
7290015781121,false,"יין IMPRESSION קברנה סוביניון יבש טפרברג 750 מ""ל",יקב טפרברג 1870 בעמ (יינות ומש,,יין קברנה סוביניון א,מיליליטרים,750.00,"100 מ""ל",false,,49.90,0.0665,true,1,59085
7290015781138,false,"יין שרדונה 750 מ""ל IMPRESSION",יקב טפרברג 1870 בעמ (יינות ומש,,יין שרדונה אימפריישן,מיליליטרים,750.00,"100 מ""ל",false,,49.90,0.0665,true,1,59086
7290015781152,false,רוזה אימפרשון יקב טפרברג (750 מל),יקב טפרברג 1870 בעמ (יינות ומש,,יין רוזה אימפריישן ט,מיליליטרים,750.00,"100 מ""ל",false,,49.90,0.0665,true,1,59087
7290015781169,false,"יין IMPRESSION קברנה סוביניון חצי יבש טפרברג 750 מ""ל",יקב טפרברג 1870 בעמ (יינות ומש,,יין קברנה סוביניון ח,מיליליטרים,750.00,"100 מ""ל",false,,49.90,0.0665,true,1,59088
7290015781237,false,יין איסנפייר בלאנד ל,יקב טפרברג 1870,,יין לבן יבש דסטיטאז',גרמים,7580.00,100 גרם,false,,65.00,0.0086,true,1,59945
7290015781282,false,"יין IMPRESSION גוורצטרמינר טפרברג 750 מ""ל",יקב טפרברג 1870 בעמ (יינות ומש,,יין גוורצטמינר אימפר,מיליליטרים,750.00,"100 מ""ל",false,,49.90,0.0665,true,1,59089
7290015781299,false,יין שיראז ויזון יקב טפרברג (750 מל),יקב טפרברג 1870 בעמ (יינות ומש,,יין שיראז VISION טפר,מיליליטרים,750.00,"100 מ""ל",false,,39.90,0.0532,true,1,59162
7290015781305,false,יין אדום אימפרשיין סירה טפרברג (750 מל),יקב טפרברג 1870 בעמ (יינות ומש,,יין סירה אימפריישן ט,מיליליטרים,750.00,"100 מ""ל",false,,49.90,0.0665,true,1,59090
7290015781657,false,אלגרו למברוסקו רוזה 750 מל טפרברג,יקב טפרברג 1870 בעמ (יינות ומש,,אלגרו למברוסקו רוזה,מיליליטרים,750.00,"100 מ""ל",false,,29.90,0.0399,true,1,72011
7290015781664,false,אלגרו למברוסקו לבן 750 מל טפרברג,יקב טפרברג 1870 בעמ (יינות ומש,,אלגרו למברוסקו לבן,מיליליטרים,750.00,"100 מ""ל",false,,29.90,0.0399,true,1,72012
7290015790000,false,גרגירי רימונים בקופס,רון שיווק,,גרעיני רימון,גרמים,250.00,100 גרם,false,,14.90,0.0596,true,1,59473
7290015793469,false,"קרם להקלה בגירוי, צריבה ותפרחת חיתולים לעור רגיש",אורה קרם,,קרם לתינוק 90 גר' שפ,גרמים,90.00,100 גרם,false,,17.90,0.1989,true,1,85612
7290015804417,false,עגבניות מרוסקות מתובלות עם שום,ויטה- פרי גליל (החדשה) בעמ,,עגבניות מרוסקות עם ש,גרמים,250.00,100 גרם,false,,3.20,0.0128,false,1,62075
7290015804424,false,עגבניות מרוסקות בטעם בזיל ועשבי תיבול 260 ג' טל,ויטה- פרי גליל (החדשה) בעמ,,עגבניות מרוסקות בזיל,גרמים,250.00,100 גרם,false,,3.20,0.0128,false,1,62076
7290015804486,false,עגבניות מרוסקות בטעם שקשוקה טל 260 ג',ויטה- פרי גליל (החדשה) בעמ,,עגבניות מרוסקות בטעם,גרמים,250.00,100 גרם,false,,3.20,0.0128,false,1,62077
7290015809214,false,דגש תערובת להכנת פלאפל 180 גר,נטורפוד בעמ,,דגש פלאפל ללא גלוטן,גרמים,180.00,100 גרם,false,,10.90,0.0606,true,1,119954
7290015839013,false,שטרודל במילוי גבינה500ג,"נתי שטרודל וינאי בע""מ",,שטרודל וינאי במילוי,גרמים,560.00,100 גרם,false,,26.90,0.0480,true,1,80402
7290015839020,false,שטרודל במילוי פרג 500 גר,"נתי שטרודל וינאי בע""מ",,שטרודל וינאי במילוי,גרמים,500.00,100 גרם,false,,26.90,0.0538,true,1,80400
7290015839075,false,"שטרודל גבינה ללת""ס 500 ג","נתי שטרודל וינאי בע""מ",,שטרודל גבינה ללא תוס,גרמים,500.00,100 גרם,false,,26.90,0.0538,true,1,89972
7290015858106,false,"ממרח פסטו ביתי 180 גרם ""עללחם""",שטראוס גרופ בעמ/מצונן,,פסטו ביתי מצונן,גרמים,180.00,100 גרם,false,,15.90,0.0883,true,1,69536
7290015858113,false,"ממרח עגבניות מיובשות 180 גרם ""טריטרי""",שטראוס גרופ בעמ/מצונן,,ממרח עגבניות מיובשות,גרמים,180.00,100 גרם,false,,15.90,0.0883,true,1,69537
7290015858144,false,ממרח ארטישוק עללחם 180 גרם,שטראוס גרופ בעמ/מצונן,,ממרח ארטישוק מצונן,גרמים,180.00,100 גרם,false,,15.90,0.0883,true,1,69540
7290015858151,false,ממרח שום 180 גרם עללחם בית יוסף,שטראוס גרופ בעמ/מצונן,,ממרח שום מצונן,גרמים,180.00,100 גרם,false,,15.90,0.0883,true,1,69541
7290015858175,false,ממרח פלפלים קלויים עללחם 180 גרם,שטראוס גרופ בעמ/מצונן,,ממרח פלפלים קלויים מ,גרמים,180.00,100 גרם,false,,15.90,0.0883,true,1,69543
7290015858212,false,ממרח לימון כבוש עללחם 180 גרם,שטראוס גרופ בעמ/מצונן,,ממרח לימון כבוש מצונ,גרמים,180.00,100 גרם,false,,15.90,0.0883,true,1,69545
7290015858229,false,"טפנד זיתי קלמטה 180 גרם ""עללחם""",שטראוס גרופ בעמ/מצונן,,טפנד זיתי קלמטה מצונ,גרמים,180.00,100 גרם,false,,15.90,0.0883,true,1,69546
7290015858328,false,עללחם ממרח איולי פסטו 295 גרם,"מדשא תעשיות מזון בע""\מ",,איולי פסטו,גרמים,295.00,100 גרם,false,,15.90,0.0539,true,1,122094
7290015858441,false,עללחם ממרח איולי פלפלים 295 גרם,"מדשא תעשיות מזון בע""\מ",,איולי פלפלים,גרמים,295.00,100 גרם,false,,15.90,0.0539,true,1,122092
7290015858687,false,עללחם ממרח איולי שום 295 גרם,"מדשא תעשיות מזון בע""\מ",,איולי שום,גרמים,295.00,100 גרם,false,,15.90,0.0539,true,1,122093
7290015858694,false,עללחם ממרח איולי שום לימון 295 גרם,"מדשא תעשיות מזון בע""\מ",,איולי שום לימון,גרמים,295.00,100 גרם,false,,15.90,0.0539,true,1,122095
7290015859004,false,עירית משק בכור,קונסיגנציה-משק בכור מחוברים לא,,עירית,יחידה,0.00,יחידה,false,,5.50,0.0000,true,1,60491
7290015859028,false,תרד ניו זילנדי משק בכור,קונסיגנציה-משק בכור מחוברים לא,,תרד ניו זילנד,יחידה,0.00,יחידה,false,,11.90,0.0000,true,1,60480
7290015859042,false,לבבות קיסר משק בכור,קונסיגנציה-משק בכור מחוברים לא,,לבבות קיסר,יחידה,0.00,יחידה,false,,11.90,0.0000,true,1,60482
7290015859066,false,אורגנו משק בכור,קונסיגנציה-משק בכור מחוברים לא,,אורגנו,יחידה,0.00,יחידה,false,,5.50,0.0000,true,1,60492
7290015859073,false,רוזמרין משק בכור,קונסיגנציה-משק בכור מחוברים לא,,רוזמרין,יחידה,0.00,יחידה,false,,5.50,0.0000,true,1,60493
7290015859080,false,קורנית משק בכור,קונסיגנציה-משק בכור מחוברים לא,,קורנית,יחידה,0.00,יחידה,false,,5.50,0.0000,true,1,60705
7290015859103,false,מרווה משק בכור,קונסיגנציה-משק בכור מחוברים לא,,מרווה,יחידה,0.00,יחידה,false,,5.50,0.0000,true,1,60496
7290015859127,false,רוקולה,,,רוקולה,יחידה,0.00,יחידה,false,,10.90,0.0000,true,1,60498
7290015859202,false,בזיליקום משק בכור,קונסיגנציה-משק בכור מחוברים לא,,בזיליקום,יחידה,0.00,יחידה,false,,5.50,0.0000,true,1,60501
7290015859233,false,בכור קייל ירוק,,,קייל ירוק,יחידה,0.00,יחידה,false,,10.90,0.0000,true,1,60503
7290015859257,false,תרד תורכי,,,תרד תורכי,יחידה,0.00,יחידה,false,,9.90,0.0000,true,1,60488
7290015859271,false,עלי רוקט סלסלה משק בכור,קונסיגנציה-משק בכור מחוברים לא,,עלי רוקט,יחידה,0.00,יחידה,false,,9.90,0.0000,true,1,60505
7290015859288,false,עלי בייבי סלסלה משק בכר,קונסיגנציה-משק בכור מחוברים לא,,עלי בייבי,יחידה,0.00,יחידה,false,,9.90,0.0000,true,1,60506
7290015859301,false,חסה מסולסלת משי משק בכור,קונסיגנציה-משק בכור מחוברים לא,,חסה מסולסלת/משי,יחידה,0.00,יחידה,false,,10.90,0.0000,true,1,60489
7290015859394,false,אנדיב לבן,,,אנדיב לבן,יחידה,0.00,יחידה,false,,15.90,0.0000,true,1,88004
7290015859462,false,נבטי חמניה,,,נבטי חמניה,יחידה,0.00,יחידה,false,,8.90,0.0000,true,1,64441
7290015859479,false,נבטים סיניים,חקלאי,,נבטים סיניים,יחידה,0.00,יחידה,false,,6.90,0.0000,true,1,64442
7290015859493,false,חסה באטר קראנץ 300 ג,,,חסה באטר קראנץ 300 ג,גרמים,300.00,100 גרם,false,,9.90,0.0330,true,1,67116
7290015859509,false,חסה סלנובה משק בכור,קונסיגנציה-משק בכור מחוברים לא,,חסה סלנובה,יחידה,0.00,יחידה,false,,10.90,0.0000,true,1,66689
7290015859806,false,חסה לאליק,,,חסה לאליק,יחידה,0.00,יחידה,false,,10.90,0.0000,true,1,88310
7290015888301,false,שמן חמניות 3 ליטר שוקחה,בני ג`ורג` שוקחה (חיפה) בעמ,,שמן חמניות שוקחה 3 ל,ליטרים,3.00,ליטר,false,,34.90,11.6333,true,1,89172
7290015946001,false,מאסטר ספירולינה הזהב הירוק 200 גרם,אשבל,,מאסטר ספירולינה,גרמים,200.00,100 גרם,false,,59.90,0.2995,true,1,87371
7290015951227,false,"יין גמלא השמורה סירה 2021 750 מ""ל",מיוצר וממולא על ידי יקב,,יין גמלא סירה 2017,100 מל,750.00,100 מל,false,,59.90,0.0799,true,1,84919
7290015951616,false,"יין סנגובזה גמלא 2019 750 מ""ל",יקבי רמת הגולן,,גמלא סנג'ובזה 2015,מיליליטרים,750.00,"100 מ""ל",false,,54.90,0.0732,true,1,70737
7290015951869,false,"יין הר חרמון רוזה 750 מ""ל",מיוצר וממולא על ידי יקב,,הר חרמון רוזה עברית,מיליליטרים,750.00,"100 מ""ל",false,,29.90,0.0399,true,1,73401
7290015951890,false,"יין הר חרמון קברנה סוביניון 750 מ""ל.",היכל היין שקד גולן בעמ,,יין הר חרמון קברנה ס,מיליליטרים,750.00,"100 מ""ל",false,,29.90,0.0399,true,1,73677
7290016006025,false,שוופס סודה 0.50 ליטר בקבוק,יפאורה שותפות מוגבלת לשיווק,,שוופס סודה 0.5 ליטר,מיליליטרים,500.00,"100 מ""ל",false,,3.00,0.0060,true,1,63953
7290016006292,false,נקטר מנגו בננה מלון קרטונית 1 ל' ספרינג,יפאורה שותפות מוגבלת לשיווק,,ספרינג מנגו בננה מלו,ליטרים,1.00,ליטר,false,,6.90,6.9000,false,1,62924
7290016006322,false,מים מינרליים מי עדן,יפאורה שותפות מוגבלת לשיווק,,מי עדן 1 ליטר בקבוק,ליטרים,1.00,ליטר,false,,2.90,2.9000,false,1,78649
7290016006339,false,מים מינרלים מי עדן (1x4 ליטר),יפאורה שותפות מוגבלת לשיווק,,רביעייה מי עדן 1 ליט,ליטרים,4.00,ליטר,false,,10.00,2.5000,false,1,63466
7290016006346,false,שוופס סודה 0.5 ליטר מארז שישייה,יפאורה שותפות מוגבלת לשיווק,,שישייה סודה שוופס 0.,ליטרים,3.00,ליטר,false,,14.90,4.9667,true,1,62317
7290016035025,false,לחם פשתן 450 גרם (טרי) דל פחמימות,נאמן לאורך זמן בעמ,,לחם פשתן פרוס מזרעי,גרמים,450.00,100 גרם,false,,23.90,0.0531,true,1,76373
7290016077766,false,"שעועית אפויה ""היינץ"" 453 גרם",דיפלומט מפיצים (1968) בעמ**,,שעועית אפויה היינץ,גרמים,228.00,100 גרם,false,,8.90,0.0390,true,1,71357
7290016082203,false,בירת הגיבור בסגנון א,,,בירת הגיבור בסגנון א,מיליליטרים,330.00,"100 מ""ל",false,,12.90,0.0391,true,1,85529
7290016082210,false,בירת חיטה בווארית הג,,,בירת חיטה בווארית הג,מיליליטרים,330.00,"100 מ""ל",false,,12.90,0.0391,true,1,85526
7290016082234,false,בירת הגיבור בסגנון ס,,,בירת הגיבור בסגנון ס,מיליליטרים,330.00,"100 מ""ל",false,,12.90,0.0391,true,1,85530
7290016082241,false,בירת הגיבור בסגנון I,,,בירת הגיבור בסגנון I,מיליליטרים,330.00,"100 מ""ל",false,,12.90,0.0391,true,1,85527
7290016082326,false,"בירת הגיבורה 330 מ""ל",,,"בירת הגיבורה 330 מ""ל",מיליליטרים,330.00,"100 מ""ל",false,,12.90,0.0391,true,1,121616
7290016082333,false,בירת אייל זהובה קלאס,,,בירת אייל זהובה קלאס,מיליליטרים,330.00,"100 מ""ל",false,,12.90,0.0391,true,1,85528
7290016082364,false,בירת הגיבור פייל איי,,,בירת הגיבור פייל איי,מיליליטרים,330.00,"100 מ""ל",false,,12.90,0.0391,true,1,117379
7290016096491,false,נתחי טונה בהירה בשמן צמחי שלישיה *80ג' פילטונה,תעשיות פיל טונה בעמ,,שלישיית פיל טונה בשמ,גרמים,168.00,100 גרם,false,,10.90,0.0649,true,1,69900
7290016096507,false,טונה בשמן קנולה 80גרם*מארז שלישיה,תעשיות פילטונה בעמ,,שלישיית טונה קנולה פ,גרמים,168.00,100 גרם,false,,10.90,0.0649,true,1,69901
7290016096675,false,מארז טונה בשמן זית שלישייה 80 גרם,תעשיות פילטונה בעמ,,שלישיה פיל טונה בשמן,גרמים,168.00,100 גרם,false,,12.90,0.0768,false,1,78368
7290016114300,false,נייר טואלט דו שכבתי אורך כפול לבן לילי 16 גלילים,קימברלי קלארק ישראל שיווק בעמ,,נייר טואלט לילי לבן,יחידה,0.00,יחידה,false,,37.90,0.0000,false,1,65182
7290016136111,false,"תערובת קמח רב תכליתי ג'י פרי 500 גרם לל""ג",גורי מוצרי צריכה (1991) בעמ,,תערובת להכנת מאפים ל,גרמים,500.00,100 גרם,false,,19.90,0.0398,true,1,63614
7290016136692,false,משחת שיניים הגנה משולשת מנטה מרענן- שלישייה,גלקסוסמיתקליין,,משחת שיניים אקווה פר,מיליליטרים,300.00,"100 מ""ל",false,,19.90,0.0663,true,1,64535
7290016136708,false,משחת שיניים הגנה משולשת מנטה עדין- שלישייה,גלקסוסמיתקליין,,משחת שיניים אקווה פר,מיליליטרים,300.00,"100 מ""ל",false,,19.90,0.0663,true,1,64536
7290016136722,false,פתיתים פנה ללא גלוטן 340 גרם גי פרי,גורי מוצרי צריכה (1991) בעמ,,פתיתים פנה ללא גלוטן,גרמים,340.00,100 גרם,false,,10.90,0.0321,true,1,76828
7290016136739,false,GFREE פתיתי פוזילי על בסיס קמח תירס וקמח,גורי מוצרי צריכה (1991) בעמ,,פסטה פוזילי ללא גלוט,גרמים,340.00,100 גרם,false,,10.90,0.0321,true,1,70929
7290016144000,false,"קמח חיטה מלאה נפלאות 80% 1 ק""ג",תה ויסוצקי (ישראל)בעמ,,קמח חיטה 80% נפלאות,קילוגרמים,1.00,"ק""ג",false,,8.90,8.9000,true,1,87309
7290016144017,false,"קמח מלא נפלאות 100% ללא ניפוי 1 ק""ג",תה ויסוצקי (ישראל)בעמ,,קמח חיטה מלא 100% נפ,קילוגרמים,1.00,"ק""ג",false,,8.90,8.9000,true,1,87137
7290016144024,false,"קמח כוסמין מלא נפלאות 100% 1 ק""ג",תה ויסוצקי (ישראל)בעמ,,קמח נפלאות כוסמין מל,קילוגרמים,1.00,"ק""ג",false,,14.90,14.9000,true,1,86598
7290016144031,false,"נפלאות קמח חיטה לבן מנופה 1 ק""ג",תה ויסוצקי (ישראל)בעמ,,קמח חיטה לבן מנופה 1,קילוגרמים,1.00,"ק""ג",false,,6.90,6.9000,true,1,87308
7290016144048,false,"קמח כוסמין לבן נפלאות 1 ק""ג",תה ויסוצקי (ישראל)בעמ,,קמח נפלאות כוסמין לב,קילוגרמים,1.00,"ק""ג",false,,14.90,14.9000,true,1,86599
7290016144055,false,קמח כוסמין 80% קמח נפלאות 1 קג,תה ויסוצקי (ישראל)בעמ,,קמח נפלאות כוסמין בה,קילוגרמים,1.00,"ק""ג",false,,14.90,14.9000,true,1,86600
7290016144079,false,"קמח חיטה כפרי נפלאות 1 ק""ג",תה ויסוצקי (ישראל)בעמ,,קמח חיטה כפרי נפלאות,קילוגרמים,1.00,"ק""ג",false,,8.90,8.9000,true,1,119218
7290016144086,false,נפלאות קמח חלה מנופה 1 ק”ג,תה ויסוצקי (ישראל)בעמ,,קמח חלה מנופה נפלאות,קילוגרמים,1.00,"ק""ג",false,,7.90,7.9000,true,1,119219
7290016144093,false,נפלאות קמח לחם לבן מנופה 1 ק”ג,תה ויסוצקי (ישראל)בעמ,,קמח לחם מנופה נפלאות,קילוגרמים,1.00,"ק""ג",false,,7.90,7.9000,true,1,119220
7290016144109,false,קמח פיצה מנופה נפלאות 1קג,תה ויסוצקי (ישראל)בעמ,,קמח פיצה נפלאות,קילוגרמים,1.00,"ק""ג",false,,14.90,14.9000,true,1,119221
7290016144116,false,"קמח תופח נפלאות, 1 ק""ג",תה ויסוצקי (ישראל)בעמ,,קמח חיטה תופח נפלאות,קילוגרמים,1.00,"ק""ג",false,,8.90,8.9000,true,1,119222
7290016146004,false,קמח שקד מולבן 300 גרם,שקד תבור,,קמח שקד מולבן 300 גר,גרמים,300.00,100 גרם,false,,24.90,0.0830,true,1,65941
7290016146066,false,מחית 100% תמרים 500,"אלמנדוס בע""מ",,מחית 100% תמרים 500,גרמים,500.00,100 גרם,false,,12.90,0.0258,true,1,81967
7290016146141,false,"סירופ מייפל טהור אורגני 250 מ""ל",אלמנדוס,,סירופ מייפל אורגני,מיליליטרים,250.00,"100 מ""ל",false,,23.90,0.0956,true,1,69372
7290016146400,false,שוקולד תבור 60% גאנה100ג,שקד תבור,,שוקולד תבור 60% 100,גרמים,100.00,100 גרם,false,,15.90,0.1590,true,1,81956
7290016146424,false,שוקולד מריר תבור 70% 100 גרם BIO,שקד תבור,,שוקולד תבור 70% 100,גרמים,100.00,100 גרם,false,,15.90,0.1590,true,1,81957
7290016146431,false,שוקולד תבור 72% 100 גרם,שקד תבור,,שוקולד תבור 72% 100,גרמים,100.00,100 גרם,false,,15.90,0.1590,true,1,81958
7290016146448,false,שוקולד תבור 85% 100 גרם,לובקה,,שוקולד תבור 85% 100,גרמים,100.00,100 גרם,false,,15.90,0.1590,true,1,81959
7290016146455,false,שוקולד מריר תבור 100% 100 גרם BIO,שקד תבור,,שוקולד תבור 100% 100,גרמים,100.00,100 גרם,false,,15.90,0.1590,true,1,81960
7290016146462,false,שוקולד מריר תבור 88% BIO 100 גרם,שקד תבור,,שוקולד תבור 88% 100,גרמים,100.00,100 גרם,false,,15.90,0.1590,true,1,81961
7290016146509,false,גרנולה עשירה ללא סוכ,שקד תבור,,גרנולה עשירה 500 גרם,גרמים,500.00,100 גרם,false,,19.90,0.0398,true,1,81969
7290016197488,false,מטליות מיקרופייבר למשטחים ניקול 3יח',קימברלי קלארק ישראל שיווק בעמ,,מטליות לשיש מיקרו פי,יחידה,0.00,יחידה,false,,10.90,0.0000,true,1,62192
7290016197495,false,ניקול זוג מטליות הקסם מיקרופייבר לרצפה,קימברלי קלארק ישראל שיווק בעמ,,זוג מטליות מיקרופייב,יחידה,0.00,יחידה,false,,16.90,0.0000,true,1,62193
7290016197600,false,דיפנד - תחבושת לנשים נורמל 12 יח',קימברלי קלארק ישראל שיווק בעמ,,תחבושת דיפנד לנשים נ,יחידה,0.00,יחידה,false,,19.90,0.0000,true,1,64104
7290016197617,false,תחבושת לנשים אקסטרה דיפנד 10 יחידות,קימברלי קלארק ישראל שיווק בעמ,,תחבושת דיפנד לנשים א,יחידה,0.00,יחידה,false,,19.90,0.0000,true,1,64084
7290016197624,false,תחבושות לנשים סופר דיפנד 8 יחידות,קימברלי קלארק ישראל שיווק בעמ,,תחבושות דיפנד לנשים,יחידה,0.00,יחידה,false,,19.90,0.0000,true,1,64105
7290016197839,false,ניקול השקית החזקה 20 יח' XL,קימברלי קלארק ישראל שיווק בעמ,,השקית החזקה 20 יח XL,יחידה,0.00,יחידה,false,,21.90,0.0000,true,1,62194
7290016197877,false,שקיות אשפה לפחים בינוניים עם שרוך 50 * 53 ניקול 50 יחידות,קימברלי קלארק ישראל שיווק בעמ,,שקית ניקול לפח מטבח,יחידה,0.00,יחידה,false,,21.00,0.0000,true,1,62778
7290016217735,false,חציל על האש 200גרם גורמה,"סלטי שמיר 2006 בע""מ",,חציל על האש 200 גרם,גרמים,200.00,100 גרם,false,,9.90,0.0495,true,1,118155
7290016217742,false,חציל בטחינה 200גרם גורמה,"סלטי שמיר 2006 בע""מ",,חציל בטחינה 200 גרם,גרמים,200.00,100 גרם,false,,9.90,0.0495,true,1,118154
7290016217759,false,חציל מרוקאי 200גרם גורמה,"סלטי שמיר 2006 בע""מ",,חציל מרוקאי 200 גרם,גרמים,200.00,100 גרם,false,,11.90,0.0595,true,1,118162
7290016246018,false,חטיף מיקס פינוקיות חלבה בארכה 20ג*9,קבוצת אוסם סחר שותפות מוגבלת,,בארכה מיקס פינוקיות,גרמים,200.00,100 גרם,false,,12.90,0.0645,true,1,61985
7290016246025,false,בארכה מיקס פינוקיות חלווה ללא סוכר 10*20ג,קבוצת אוסם סחר שותפות מוגבלת,,בארכה פינוקיות חלבה,גרמים,200.00,100 גרם,false,,12.90,0.0645,true,1,62144
7290016246209,false,"חטיף חלבה וניל 100 גרם ""בארכה""",קבוצת אוסם סחר שותפות מוגבלת,,חלבה בארכה וניל 100,גרמים,100.00,100 גרם,false,,3.20,0.0320,false,1,66951
7290016246445,false,בארכה טחינה גולמית מעודנת שומשום מלא 310 גם,קבוצת אוסם סחר שותפות מוגבלת,,בארכה טחינה גולמית מ,גרמים,310.00,100 גרם,false,,12.90,0.0416,true,1,75324
7290016246452,false,בארכה טחינה גולמית מעודנת שום לימון 310 גרם,קבוצת אוסם סחר שותפות מוגבלת,,בארכה טחינה גולמית מ,גרמים,310.00,100 גרם,false,,12.90,0.0416,true,1,75325
7290016246711,false,טחינה גולמית מעודנת הריסה בארכה 310 גרם,קבוצת אוסם סחר שותפות מוגבלת,,בארכה טחינה גולמית מ,גרמים,310.00,100 גרם,false,,12.90,0.0416,true,1,80240
7290016246773,false,בארכה טחינה מתובלת גולמית מעודנת משומשום מלא זעתר 310 גרם,קבוצת אוסם סחר שותפות מוגבלת,,בארכה טחינה גולמית מ,גרמים,310.00,100 גרם,false,,12.90,0.0416,false,1,86077
7290016276169,false,טחינה אהרוני משומשום טבעי 500 גרם,****דין שיווק וקליה 2021 בעמ,,טחינה אהרוני שומשום,גרמים,500.00,100 גרם,false,,11.50,0.0230,true,1,65478
7290016276756,false,מעדן 4 פירות 100% רכיבי פרי שקדיה 284 ג',דין שיווק וקליה 2021 בעמ,,מעדן 4 פירות 100% רכ,גרמים,284.00,100 גרם,false,,10.00,0.0352,true,1,64683
7290016276763,false,מעדן שזיף 100% רכיבי פרי ללא סוכר שקדיה 284 ג',דין שיווק וקליה 2021 בעמ,,מעדן שזיף 100% רכיבי,גרמים,284.00,100 גרם,false,,10.00,0.0352,true,1,64684
7290016276787,false,מעדן אננס 100% רכיבי פרי ללא סוכר שקדיה 284 ג',דין שיווק וקליה 2021 בעמ,,מעדן אננס ללא סוכר ש,גרמים,284.00,100 גרם,false,,10.00,0.0352,true,1,67910
7290016276800,false,מעדן תפוח עץ 100% רכיבי פרי ללא סוכר שקדיה 284 ג',דין שיווק וקליה 2021 בעמ,,"מעדן תפ""ע ללא סוכר",גרמים,284.00,100 גרם,false,,10.00,0.0352,true,1,67911
7290016284003,false,חסה הידרופונית רומית,מעיינות הזורע,,חסה הידרופונית רומית,יחידה,0.00,יחידה,false,,8.90,0.0000,true,1,66693
7290016304404,false,לחם קוביות 100% כוסמין 600 גרם,מאפיית דוידוביץ ובניו בע,,לחם קוביות 100% כוסמ,גרמים,600.00,100 גרם,false,,12.90,0.0215,true,1,73137
7290016304596,false,לחמניות לסנדביץ 75 גרם,מאפית דוידוביץ ובניו,,מארז 10 לחמניות לסנד,גרמים,750.00,100 גרם,false,,12.90,0.0172,true,1,83885
7290016306002,false,"גלידת וניל קוקוס 473 מ""ל",היידי שוקולד בירונטי,,גלידת וניל קוקוס,מיליליטרים,473.00,"100 מ""ל",false,,34.90,0.0738,true,1,82039
7290016306026,false,גלידת שוקולד פצפוצים473מ,היידי שוקולד בירונטי,,גלידת שוקולד עם פצפו,מיליליטרים,473.00,"100 מ""ל",false,,34.90,0.0738,true,1,82037
7290016306101,false,גלידת קפוצינו שוק.מר473מ,גלידת אילו,,גלידת קפוצינו עם שבר,מיליליטרים,473.00,"100 מ""ל",false,,34.90,0.0738,true,1,82042
7290016306132,false,"גלידת אילו פיסטוק 473מ""ל",היידי שוקולד בירונטי,,גלידת פיסטוק עם קרנצ,מיליליטרים,473.00,"100 מ""ל",false,,34.90,0.0738,true,1,82043
7290016306187,false,גלידת קוקוס פירות יער473,גלידת אילו,,גלידת קוקוס עם פירות,מיליליטרים,473.00,"100 מ""ל",false,,34.90,0.0738,true,1,82046
7290016306217,false,בראוני שוק.אגוזים 473 מל,גלידת אילו,,גלידת שוקולד עם אגוז,מיליליטרים,473.00,"100 מ""ל",false,,34.90,0.0738,true,1,84041
7290016306224,false,"גלידת וניל פיצפוצ473מ""ל",גלידת אילו,,גלידת קוקו וניל פצפו,מיליליטרים,473.00,"100 מ""ל",false,,34.90,0.0738,true,1,90471
7290016306323,false,"גלידת שוקו בננה 473 מ""ל",גלידת אילו,,גלידה אילו שוקו בננה,מיליליטרים,473.00,"100 מ""ל",false,,34.90,0.0738,true,1,90472
7290016319118,false,מגע הדבש שעווה מתקלפת לפנים 100 גרם,המאפיה של הרמן,,מגע הדבש שעווה מתקלפ,גרמים,100.00,100 גרם,false,,29.90,0.2990,true,1,87519
7290016319309,false,סבון נוזלי מאסק קלאסי+משאבה פמלי 1 ל,הנסיך- מפעל לייצור ט,,פמלי אל סבון 1 ליטר,ליטרים,1.00,ליטר,false,,11.90,11.9000,false,1,65320
7290016320343,false,"דאק נוזל ג'ל לניקוי מתקדם בניחות לבנדר זוג * 750 מ""ל",אס. סי. ג'\ונסון מידרכט,,"דאק ג'ל נוזל 750 מ""ל",מיליליטרים,1500.00,"100 מ""ל",false,,17.90,0.0119,true,1,70799
7290016321531,false,רצועות שעווה לגוף מגע הדבש אלוורה 12+3יח,שוורצקוף& הנקל דיסלד,,מגע הדבש רצועות שעוו,יחידה,0.00,יחידה,false,,19.90,0.0000,true,1,83635
7290016321548,false,רצועות שעווה לגוף מגע הדבש קמומיל 12+3יח,דנשר (1963) בעמ,,מגע הדבש רצועות שעוו,יחידה,0.00,יחידה,false,,19.90,0.0000,true,1,83636
7290016321661,false,פרש וואנס SENSITIVE מגבונים ללא בישום רביעייה 72 יחידות,עלבד משואות יצחק,,מגבונים פרש וואנס לל,יחידה,0.00,יחידה,false,,15.90,0.0000,false,1,78604
7290016321678,false,מגבונים לחים בניחוח מרענן עם תמציות קמומיל ואלוורה,עלבד משואות יצחק,,מגבונים פרש וואנס עם,יחידה,0.00,יחידה,false,,15.90,0.0000,false,1,78605
7290016321777,false,מגע הדבש רצועות שעווה לפנים אלוורה 20 יח,שוורצקוף& הנקל דיסלד,,מגע הדבש רצועות שעוו,יחידה,0.00,יחידה,false,,19.90,0.0000,true,1,83639
7290016321883,false,פרשוואנס נייר טואלט מתכלה לילדים -מארז שלישייה,עלבד משואות יצחק בעמ,,פרש וואנס נייר טואלט,יחידה,0.00,יחידה,false,,12.90,0.0000,true,1,77501
7290016321890,false,פרשוואנס נייר טואלט מתכלה למבוגרים -מארז שלישייה,עלבד משואות יצחק בעמ,,פרש וואנס נייר טואלט,יחידה,0.00,יחידה,false,,12.90,0.0000,true,1,77502
7290016329308,false,"ד""ר פישר - סרקל קרם רוזמרין לשיער מתולתל 325 מ""ל","פישר תעשיות פרמצביטות בע""מ",,סרקל קרם רוזמרין לשי,מיליליטרים,325.00,"100 מ""ל",false,,26.90,0.0828,true,1,67518
7290016370065,false,זיתים נובו מבוקע יבנ,קבוצת יבנה מוצרי מזון בעמ,,זיתים נובו מבוקע יבנ,יחידה,0.00,יחידה,false,,9.90,0.0000,true,1,90079
7290016370096,false,זיתים שחורים מיובשים במלח יבנה 340 ג',קבוצת יבנה מוצרי מזון בעמ,,זית מרוקאי יבש יבנה,יחידה,0.00,יחידה,false,,12.90,0.0000,true,1,120625
7290016372373,false,רסק עגבניות ללא תוספת סוכר ומלח - מארז זוג,תה ויסוצקי (ישראל) בעמ,,רסק עגבניות זוגות בל,גרמים,280.00,100 גרם,false,,7.90,0.0282,true,1,70462
7290016372397,false,"תה ויסוצקי ירוק תפוז,ג'ינגר וכורכום 25 יח'",תה ויסוצקי (ישראל) בעמ,,תה ירוק תפוז ג'נג'ר,יחידה,0.00,יחידה,false,,24.90,0.0000,false,1,70408
7290016372458,false,חליטת לימונית ולואיזה הגן הקסום ויסוצקי 50 יחידות,תה ויסוצקי (ישראל) בעמ,,חליטת גן קסום לימוני,גרמים,75.00,100 גרם,false,,34.90,0.4653,true,1,70483
7290016372489,false,ויסוצקי חליטת ג'ינג'ר ולימון סודות הצמחים 25 שקיקים,תה ויסוצקי (ישראל) בעמ,,חליטת ג'ינג'ר לימון,גרמים,40.00,100 גרם,false,,18.90,0.4725,true,1,70413
7290016372922,false,תה ירוק בטעם קינמון גינגיר וכורכום עם מאצה יפנית,תה ויסוצקי (ישראל)בעמ,,תה ירוק ג'ינג'ר כורכ,גרמים,37.50,100 גרם,false,,24.90,0.6640,false,1,75264
7290016387339,false,מטליות מיקרופייבר ג'מבו לרצפה זוג,מ.א.ייצור ויבוא מטליות בעמ,,2 מטליות מיקרופייבר,יחידה,0.00,יחידה,false,,15.90,0.0000,true,1,67120
7290016387841,false,אטבי כביסה JOY צבעוני שייני 50 יחידות,מ.א.ייצור ויבוא מטליות בעמ,,אטבי כביסה איכותיים,יחידה,0.00,יחידה,false,,10.90,0.0000,true,1,75645
7290016408119,false,טרליני כעכים בטעם קלאסי 225 גר' - בדץ,כרמית תעשיות ממתקים בעמ,,טרליני כעכים בטעם קל,גרמים,225.00,100 גרם,false,,6.90,0.0307,true,1,64436
7290016408133,false,טרליני כעכים בטעם בצל וזיתים 225 גר' - בדץ,כרמית תעשיות ממתקים בעמ,,טרליני מיני כעכים אי,גרמים,225.00,100 גרם,false,,6.90,0.0307,true,1,64320
7290016408140,false,טריליני כעכים רוטב פיצה כרמית 225 גרם,כרמית תעשיות ממתקים בעמ,,טרליני כעכים בטעם רו,גרמים,225.00,100 גרם,false,,6.90,0.0307,true,1,64438
7290016408157,false,טריליני כעכים קמח מלא כרמית 225 גרם,כרמית תעשיות ממתקים בעמ,,טרליני כעכים עם קמח,גרמים,225.00,100 גרם,false,,6.90,0.0307,true,1,64439
7290016408294,false,"מרשמלו ורוד לבן וסטהיים 150 ג', 26 בקרטון",כרמית תעשיות ממתקים בעמ,,מרשמלו כרמית 150 גרם,גרמים,150.00,100 גרם,false,,4.90,0.0327,true,1,67550
7290016408393,false,חטיף קרקר עם שומשום פניני 130 ג',כרמית תעשיות ממתקים בעמ,,חטיף קרקר עם שומשום,גרמים,130.00,100 גרם,false,,5.90,0.0454,true,1,65528
7290016408423,false,חטיף קרקר עם זיתים שחורים ושום 130 גר,כרמית תעשיות ממתקים בעמ,,חטיף קרקר עם זיתים ש,גרמים,130.00,100 גרם,false,,5.90,0.0454,true,1,65531
7290016408430,false,קרקר עם תערובת תבלינים כרמית 130 גרם,כרמית תעשיות ממתקים בעמ,,חטיף קרקר עם תערובת,גרמים,130.00,100 גרם,false,,5.90,0.0454,true,1,65532
7290016408447,false,קרקר עגבניות ובזיליקום כרמית 130 גרם,כרמית תעשיות ממתקים בעמ,,חטיף קרקר עם עגבניות,גרמים,130.00,100 גרם,false,,5.90,0.0454,true,1,65533
7290016408744,false,מרשמלו טוויסטר כרמית 150 גרם,כרמית תעשיות ממתקים בעמ,,מרשמלו טוויסטר כרמית,גרמים,150.00,100 גרם,false,,4.90,0.0327,true,1,68581
7290016437614,false,"תחתוני חיתולים פרידום דריי מידה 3 6-11 ק""ג",קימברלי קלארק ישראל שיווק בעמ,,האגיס פנטס מידה 3,יחידה,0.00,יחידה,false,,44.90,0.0000,false,1,67721
7290016437621,false,חיתולי האגיס פרידום דריי pants מידה 4 36 יחידות,קימברלי קלארק ישראל שיווק בעמ,,האגיס פנטס מידה 4,יחידה,0.00,יחידה,false,,44.90,0.0000,false,1,67722
7290016437645,false,חיתולי האגיס פרידום דריי pants מידה 5 34 יחידות,קימברלי קלארק ישראל שיווק בעמ,,האגיס פנטס מידה 5,יחידה,0.00,יחידה,false,,44.90,0.0000,false,1,67723
7290016437652,false,חיתולי האגיס פרידום דריי pants מידה 6 30 יחידות,קימברלי קלארק ישראל שיווק בעמ,,האגיס פנטס מידה 6,יחידה,0.00,יחידה,false,,44.90,0.0000,false,1,67724
7290016439410,false,ממרח תמרים טבעי משק,,,ממרח תמרים טבעי משק,גרמים,300.00,100 גרם,false,,8.90,0.0297,true,1,118908
7290016439601,false,ממרח תמרים 450 גר צור עין יהב,"משק צור עין יהב בע""מ",,מחית תמרים משק צור 4,גרמים,450.00,100 גרם,false,,4.90,0.0109,true,1,121804
7290016440652,false,תערובת פרוסות ירקות חמוצים מעדני עופר 500 גרם,קפוא זן תעשיות מזון בעמ,,תערובת ירקות חמוצים,יחידה,0.00,יחידה,false,,18.90,0.0000,true,1,83672
7290016440911,false,מלפפונים ביתיים כבושים 500גר מעדני עופר,קפוא זן תעשיות מזון בעמ,,מלפפונים כבושים,גרמים,500.00,100 גרם,false,,19.90,0.0398,true,1,83668
7290016475067,false,מארז 4 לאפות במלאכת יד,פיתות מכבים י.מ. בעמ,,לאפות רביעייה,יחידה,0.00,יחידה,false,,11.90,0.0000,true,1,64505
7290016496208,false,פתיל צף עגול בינוני מוכן,צבע ומכחול (2014) בעמ,,פתיל צף מוכן,יחידה,0.00,יחידה,false,,4.90,0.0000,true,1,85943
7290016509793,false,ג'ל לכביסה לבנה וצבעונית אריזת XL,גורי שיווק בעמ,,פרסיל ג'ל 4 ליטר ירו,ליטרים,4.00,ליטר,false,,44.90,11.2250,true,1,73798
7290016509809,false,ג'ל מרוכז לכביסה קולור 2.5 ל' פרסיל,גורי שיווק בעמ,,פרסיל ג'ל 2.5 ליטר ק,ליטרים,2.50,ליטר,false,,34.90,13.9600,true,1,73799
7290016509816,false,ג'ל לכביסה צבעונית אריזת XL,גורי שיווק בעמ,,פרסיל ג'ל 4 ליטר קול,ליטרים,4.00,ליטר,false,,44.90,11.2250,true,1,73800
7290016510096,false,"הוואי שמפו מי קוקוס לשיער יבש 700 מ""ל",טרופיקל דגיל בעמ,,הוואי שמפו מי קוקוס,מיליליטרים,700.00,"100 מ""ל",false,,8.90,0.0127,false,1,72094
7290016510102,false,"מרכך הוואי מי קוקוס 700 מ""ל",טרופיקל דגיל בעמ,,הוואי מרכך מי קוקוס,מיליליטרים,700.00,"100 מ""ל",false,,8.90,0.0127,false,1,72095
7290016510232,false,"הוואי - תחליב רחצה יוגורט קוקוס 700 מ""ל",תאי פרזידנט פוד פאבל,,הוואי תחליב רחצה יוג,מיליליטרים,700.00,"100 מ""ל",false,,8.90,0.0127,false,1,73919
7290016510249,false,"הוואי - תחליב רחצה יוגורט שקדים 700 מ""ל",תאי פרזידנט פוד פאבל,,הוואי תחליב רחצה יוג,מיליליטרים,700.00,"100 מ""ל",false,,8.90,0.0127,false,1,73920
7290016510317,false,"הוואי תחליב רחצה לגבר פול פורס 700 מ""ל-מרכז",טרופיקל דגיל בעמ,,הוואי ג'ל רחצה 700 מ,מיליליטרים,700.00,"100 מ""ל",false,,8.90,0.0127,false,1,74004
7290016510430,false,"תחליב רחצה הוואי שמני הזנה מגנוליה 700 מ""ל",טרופיקל דגיל בעמ,,הוואי תחליב רחצה עם,מיליליטרים,700.00,"100 מ""ל",false,,8.90,0.0127,false,1,73926
7290016510768,false,"הוואי תחליב רחצה יוגורט ואוכמניות 700 מ""ל",טרופיקל דגיל בעמ,,תחליב רחצה הוואי יוג,מיליליטרים,700.00,"100 מ""ל",false,,8.90,0.0127,false,1,76521
7290016510898,false,הוואי שמפו לשיער רגיל 700 מל פריחת דודב,שוורצקוף& הנקל דיסלד,,שמפו הוואי תמצית דוב,מיליליטרים,700.00,"100 מ""ל",false,,8.90,0.0127,false,1,77837
7290016510904,false,"הוואי מרכך תמצית הדובדבן 700 מ""ל",שוורצקוף& הנקל דיסלד,,מרכך הוואי תמצית דוב,מיליליטרים,700.00,"100 מ""ל",false,,8.90,0.0127,false,1,77839
7290016537000,false,במיה הודית משק צ'רי,,,במיה הודית,יחידה,0.00,יחידה,false,,23.90,0.0000,true,1,74747
7290016537017,false,תרד גוליבר,,,תרד גוליבר,יחידה,0.00,יחידה,false,,14.90,0.0000,true,1,83020
7290016537031,false,אפונת שלג משק צ'ירי,,,אפונת שלג כפרי חן,יחידה,0.00,יחידה,false,,23.90,0.0000,true,1,75405
7290016545340,false,בירה קלוצמן ברגמוט,,,בירה קלוצמן ברגמוט,מיליליטרים,330.00,"100 מ""ל",false,,15.90,0.0482,true,1,84480
7290016545395,false,בירה קלוצמן קלמנסי 4,,,בירה קלוצמן קלמנסי 4,מיליליטרים,330.00,"100 מ""ל",false,,15.90,0.0482,true,1,121906
7290016564006,false,מבריקל הפלא ספוגיות להסרת כתמים קשים ושומנים 3יח,ח.כהן סוכנות מזון ומשקאות בע,,מבריקל הפלא,יחידה,0.00,יחידה,false,,9.90,0.0000,true,1,67483
7290016564211,false,מארז 3 מטליות מייקרופבר למטבח מבריקל,אבאל יזמות בעמ,,מבריקל הפלא מטליות מ,יחידה,0.00,יחידה,false,,13.90,0.0000,true,1,75651
7290016564266,false,מבריקל הפלא כיסוי הפלא 3,ח.כהן סוכנות מזון ומשקאות בע,,כיסוי הפלא מבריקל,יחידה,0.00,יחידה,false,,9.90,0.0000,true,1,79331
7290016564402,false,מטליות מיקרופייבר מארז שמיניה מבריקל,אבאל יזמות בעמ,,מבריקל הפלא מטליות מ,יחידה,0.00,יחידה,false,,9.90,0.0000,true,1,119145
7290016565096,false,פסטו משובח הידרופוני,,,פסטו משובח הידרופוני,יחידה,0.00,יחידה,false,,24.90,0.0000,true,1,84486
7290016565324,false,ממרח לימונים משובח,,,ממרח לימונים משובח,יחידה,0.00,יחידה,false,,24.90,0.0000,true,1,90175
7290016565348,false,לימון ליים 400 גרם,,,לימון ליים 400 גרם,גרמים,400.00,100 גרם,false,,7.50,0.0188,true,1,118503
7290016584011,false,חטיפוני גזר 350 גרם גיזרונים,קונס`-מרינה פטריות הגליל בעמ*ש,,חטיפוני גזר 350 גר',גרמים,350.00,100 גרם,false,,11.90,0.0340,true,1,65911
7290016584219,false,שעועית שלמה ירוקה וטריה 400 גרם,קונס`-מרינה פטריות הגליל בעמ*ש,,שעועית ירוקה שלמה טר,גרמים,410.00,100 גרם,false,,14.90,0.0363,true,1,84385
7290016634877,false,זרעים אורגניים-כרובי,,,זרעים כרובית,יחידה,0.00,יחידה,false,,5.90,0.0000,true,1,117959
7290016634907,false,זרעים אורגניים-מיקס,,,זרעים מיקס צנונית,יחידה,0.00,יחידה,false,,5.90,0.0000,true,1,117947
7290016634914,false,זרעים אורגניים-מיקס,,,זרעים מיקס שרי,יחידה,0.00,יחידה,false,,5.90,0.0000,true,1,117962
7290016646078,false,טחינה אתיופית טבעונית היילה 700 גרם,,,היילה טחינה אתיופית,גרמים,700.00,100 גרם,false,,23.90,0.0341,true,1,88667
7290016646177,false,היילה טחינה אתיופית,,,היילה טחינה אתיופית,גרמים,350.00,100 גרם,false,,16.90,0.0483,true,1,121118
7290016651263,false,צנטרים לעיצוב קרם שי,,,צנטרים לעיצוב קרם שי,יחידה,0.00,יחידה,false,,9.90,0.0000,true,1,85396
7290016651300,false,מברשת יוקרתית 300 סטייל חדש,קונסיגנציה- ש. י גיספאן 1993,,מברשת ראש יוקרה,יחידה,0.00,יחידה,false,,14.90,0.0000,true,1,69278
7290016651317,false,מברשת יוקרתית 317 סטייל שני,קונסיגנציה- ש. י גיספאן 1993,,מברשת ראש סטייל,יחידה,0.00,יחידה,false,,13.90,0.0000,true,1,69279
7290016651355,false,מראת הגדלה,,,מראת הגדלה,יחידה,0.00,יחידה,false,,19.90,0.0000,true,1,78772
7290016651362,false,קיסם+חוט דנטאלי 100 יח,קונסיגנציה- ש. י גיספאן 1993,,קיסמי שיניים עם חוט,יחידה,0.00,יחידה,false,,11.90,0.0000,true,1,69280
7290016651867,false,תחתית תחרה עגול גדול,,,תחתית תחרה עגול גדול,יחידה,0.00,יחידה,false,,16.90,0.0000,true,1,88660
7290016657012,false,סיכה סט פפיון,,,סיכה סט פפיון,יחידה,0.00,יחידה,false,,6.90,0.0000,true,1,68620
7290016667424,false,"חומץ יין לבן 5% 500מ""ל נאמן",נאמן לאורך זמן בעמ,,"חומץ אורז 500 מ""ל",מיליליטרים,500.00,"100 מ""ל",false,,13.90,0.0278,true,1,88316
7290016682052,false,"מיץ לימונענע 400 מ""ל ""פריניב""",פריניב תנובה,,פרי ניב לימונענע 400,מיליליטרים,400.00,"100 מ""ל",false,,8.50,0.0213,true,1,69930
7290016682335,false,מיץ תפוזים סחוט 2 ליטר פרי ניב,תנובה - פריניב,,מיץ תפוזים סחוט 2 לי,ליטרים,2.00,ליטר,false,,22.00,11.0000,true,1,117638
7290016682342,false,מיץ תפוזים וולנסיה פרי ניב 2 ליטר-,תנובה - פריניב,,מיץ תפוזים ולנסיה 2,ליטרים,2.00,ליטר,false,,25.90,12.9500,true,1,117639
7290016682359,false,מיץ תפוזים שמוטי פרי ניב 2 ליטר-,תנובה - פריניב,,מיץ תפוזים שמוטי 2 ל,ליטרים,2.00,ליטר,false,,25.90,12.9500,true,1,117640
7290016717099,false,"יין כרמל סלקטד אדום חצי יבש, 750 מ""ל",אגודת הכורמים בעמ,,סלקטד יין אדום יבש,מיליליטרים,750.00,"100 מ""ל",false,,24.90,0.0332,true,1,67983
7290016717754,false,יין היובל ישן נושן יקבי כרמל (750 מל),אגודת הכורמים הקואופרטיב,,יין ישן נושן,מיליליטרים,750.00,"100 מ""ל",false,,17.90,0.0239,true,1,73873
7290016717976,false,יין ספארקלינג בטעם אפרסק 750 מל BUZZ,אגודת הכורמים -כרמל מזרחי,,באז ספרקלינג אפרסק 7,מיליליטרים,750.00,"100 מ""ל",false,,23.90,0.0319,true,1,83276
7290016823004,false,בזיליקום יח freshlid,"מרינה פטריות הגליל בע""מ",,בזיליקום,יחידה,0.00,יחידה,false,,5.90,0.0000,true,1,67918
7290016823257,false,חסה סלנובה מהדרין יח,"מרינה פטריות הגליל בע""מ",,חסה סלנובה מרינה,יחידה,0.00,יחידה,false,,11.90,0.0000,true,1,74765
7290016823349,false,סלק מקולף בוואקום לי,"מרינה פטריות הגליל בע""מ",,סלק בוואקום,יחידה,0.00,יחידה,false,,6.90,0.0000,true,1,76039
7290016823448,false,ברוקולי יחידה 350 גרם,"מרינה פטריות הגליל בע""מ",,ברוקולי 350 גר' מרינ,גרמים,350.00,100 גרם,false,,9.90,0.0283,true,1,72214
7290016823462,false,חסה ערבית מרינה,"מרינה פטריות הגליל בע""מ",,חסה ערבית מרינה,יחידה,0.00,יחידה,false,,4.90,0.0000,true,1,76047
7290016823523,false,צנונית יח 500 גרם שמיטה,ביכורי השדה צפון 1994 ג.ד. בעמ,,צנונית 500 גר' מרינה,גרמים,500.00,100 גרם,false,,5.90,0.0118,true,1,71005
7290016866445,false,תערובת קמח תופח 500גר ללא גלוטן,גורי מוצרי צריכה (1991) בעמ,,תערובת קמח תופח 500,גרמים,500.00,100 גרם,false,,19.90,0.0398,true,1,69470
7290016866643,false,פרודונטקס מ.שיניים אקסטרה פרש 75 מל,פרודונטקס Parodontax,,משחת שיניים פרדונטקס,מיליליטרים,75.00,"100 מ""ל",false,,30.90,0.4120,true,1,74199
7290016866650,false,"פרודונטקס - משחת שיניים אוריג'ינל 75 מ""ל",פרודונטקס Parodontax,,משחת שיניים פרודונטק,מיליליטרים,75.00,"100 מ""ל",false,,30.90,0.4120,true,1,74200
7290016866667,false,"פרודונטקס - משחת שיניים ללא פלאוריד 75 מ""ל",פרודונטקס Parodontax,,משחת שיניים פרדונטקס,מיליליטרים,75.00,"100 מ""ל",false,,30.90,0.4120,true,1,74335
7290016866704,false,סטייל שמפו קרטין E 750 מל לשיקום שיער יב,גורי ע.ע.ע בעמ,,סטייל שמפו קרטין E,מיליליטרים,750.00,"100 מ""ל",false,,29.90,0.0399,true,1,71016
7290016866902,false,זוג סבון ידיים סטייל 1 לי,,,סבון ידיים זוג משאבה,ליטרים,1.00,ליטר,false,,9.90,9.9000,true,1,117548
7290016883176,false,"מוזלי פתיתי שיבולת שועל עם שוקולד מריר ושבבי קוקוס 1 ק""ג",דין שיווק וקליה 2021 בעמ,,מוזלי עם שוקולד מריר,קילוגרמים,1.00,"ק""ג",false,,19.90,19.9000,true,1,71899
7290016967074,false,לחם חיטה מלאה עם גרעינים ודגנים,מאפיית שלמה א. אנג'\ל בע,,לחם אנג'ל חיטה מלאה,מיליליטרים,750.00,"100 מ""ל",false,,14.90,0.0199,true,1,66897
7290016988017,false,קרקר כוסמין מלא ופשתן150,עידית וסביון פרגר,,קרקר כוסמין מלא עם ק,גרמים,150.00,100 גרם,false,,23.90,0.1593,true,1,69082
7290016988024,false,קרקר כוסמין מלא עם ק,,,קרקר כוסמין מלא עם ק,גרמים,150.00,100 גרם,false,,23.90,0.1593,true,1,69408
7290016988031,false,קרקר פרג,,,קרקר פרג,גרמים,150.00,100 גרם,false,,23.90,0.1593,true,1,69769
7290016988048,false,קרקר עירית,,,קרקר עירית,גרמים,150.00,100 גרם,false,,23.90,0.1593,true,1,69770
7290016988086,false,קרקר מקמח חומוס,,,קרקר מקמח חומוס,גרמים,150.00,100 גרם,false,,26.90,0.1793,true,1,77643
7290016988093,false,קרקר כוסמין מלא וסלק150ג,עידית וסביון פרגר,,קרקר סלק וכוסמין,גרמים,150.00,100 גרם,false,,26.90,0.1793,true,1,66740
7290016988635,false,קרקר כוסמת ירוקה וטף,,,קרקר כוסמת ירוקה וטף,גרמים,150.00,100 גרם,false,,26.90,0.1793,true,1,118324
7290016995008,false,פופקורן אורגני 500 גרם,תבואות,,פופקורן אורגני 500 ג,גרמים,500.00,100 גרם,false,,10.40,0.0208,true,1,69673
7290016995053,false,קמח טפיוקה 500 גר' ת,תבואות,,קמח טפיוקה 500 גר' ת,גרמים,500.00,100 גרם,false,,8.90,0.0178,true,1,68791
7290016995404,false,חומץ תפוחים מסונן אורגני 1 ליטר,תבואות,,חומץ תפוח אורגני 1 ל,ליטרים,1.00,ליטר,false,,21.90,21.9000,true,1,81640
7290016995435,false,"חומץ בלסמי אורגני 500 מ""ל",,,חומץ בלסמי אורגני תב,מיליליטרים,500.00,"100 מ""ל",false,,21.90,0.0438,true,1,77664
7290016995503,false,חמאת בוטנים קראנצי א,ריזאו שנגקנג,,חמאת בוטנים קראנצ'י,גרמים,510.00,100 גרם,false,,19.90,0.0390,true,1,76423
7290016995510,false,חמאת בוטנים אורגנית,ריזאו שנגקנג,,חמאת בוטנים אורגנית,גרמים,510.00,100 גרם,false,,19.90,0.0390,true,1,76225
7290016995701,false,מחית בננה תפוח אורגני 100 גרם,תבואות,,מחית בננה תפוח אורגנ,גרמים,100.00,100 גרם,false,,4.90,0.0490,true,1,81346
7290016995718,false,מחית אגס ותפוח אורגני 100 גרם,תבואות,,מחית אגס ותפוח אורגנ,גרמים,100.00,100 גרם,false,,4.90,0.0490,true,1,81347
7290016995725,false,מחית מנגו תפוח אפרסק אורגני 100 גרם,תבואות מוצרי מזון או,,מחית מנגו תפוח אפרסק,גרמים,100.00,100 גרם,false,,4.90,0.0490,true,1,81348
7290016995930,false,אבקת קקאו אורגנית 200 גרם,תבואות,,אבקת קקאו אורגנית 20,גרמים,200.00,100 גרם,false,,19.90,0.0995,true,1,81815
7290017023212,false,"שוויפס מוגז פירות תפוח מארז רביעייה* 330 מ""ל",יפאורה שותפות מוגבלת לשיווק,,רביעיית פחיות שוופס,מיליליטרים,1320.00,"100 מ""ל",false,,12.50,0.0095,true,1,72749
7290017023229,false,רביעיית פחיות שוופס מוגז פירות תות ליים 330 מל.,יפאורה שותפות מוגבלת לשיווק,,רביעיית פחיות שוופס,מיליליטרים,1320.00,"100 מ""ל",false,,12.50,0.0095,true,1,72750
7290017023236,false,רביעיית פחיות שוופס מוגז פירות ענבים 330 מל.,יפאורה שותפות מוגבלת לשיווק,,רביעיית פחיות שוופס,מיליליטרים,1320.00,"100 מ""ל",false,,12.50,0.0095,true,1,72751
7290017023663,false,"שוופס מיץ פירות לימונייד פחית מארז 330X4מ""ל",יפאורה שותפות מוגבלת לשיווק,,רביעיית פחיות שוופס,מיליליטרים,1320.00,"100 מ""ל",false,,12.50,0.0095,true,1,74300
7290017023816,false,"ספרינג  פירות טרופיים 250 מ""ל רביעייה",יפאורה שותפות מוגבלת לשיווק,,רביעיית ספרינג 250 מ,ליטרים,1.00,ליטר,false,,12.00,12.0000,false,1,78077
7290017023823,false,"רביעיית ספרינג תות בננה 250 מ""ל",יפאורה שותפות מוגבלת לשיווק,,רביעיית ספרינג 250 מ,ליטרים,1.00,ליטר,false,,12.00,12.0000,false,1,78078
7290017031156,false,דפים על בסיס קמח תירס ואורז ללא גלוטן בר-אל 250 גרם,גורי מוצרי צריכה 1991 בעמ,,דפים על בסיס קמח תיר,גרמים,250.00,100 גרם,false,,13.90,0.0556,true,1,78486
7290017031859,false,"פרודונטקס - משחת שיניים אולטרא קלין 75 מ""ל","מאסטרפוד אוסטריה בע""מ",,משחת שיניים פרדונטקס,מיליליטרים,75.00,"100 מ""ל",false,,30.90,0.4120,true,1,76571
7290017065007,false,פרוסות גבינה מוצרלה חצי קשה 22% שומן 200 ג' גד,מחלבות גד שיווק 1992 בעמ,,מוצרלה פרוסה גד,גרמים,200.00,100 גרם,false,,17.50,0.0875,true,1,67804
7290017065137,false,ריקוטה למריחה 5% טבעית 200 גר`מחלבות גד,מחלבות גד שיווק 1992 בעמ,,ריקוטה למריחה 5% עם,גרמים,200.00,100 גרם,false,,9.70,0.0485,true,1,71643
7290017065144,false,ריקוטה למריחה בתוספת בזיליקום 5% גד 200 גם,מחלבות גד שיווק 1992 בעמ,,ריקוטה למריחה 5% עם,גרמים,200.00,100 גרם,false,,9.70,0.0485,true,1,71650
7290017065168,false,גבינה כחולה denish blue cheese 100 גרם,מחלבות גד שיווק 1992 בעמ,,גבינה כחולה גד,גרמים,300.00,100 גרם,false,,16.50,0.0550,true,1,72940
7290017065212,false,גבינת קרם מסקרפונה מחלבות גד 250 גר,מחלבות גד שיווק 1992 בעמ,,קרם מסקרפונה גד,גרמים,250.00,100 גרם,false,,19.10,0.0764,true,1,72945
7290017065236,false,גבינה בולגרית מעודנת 24% גד (250 גרם),מחלבות גד שיווק 1992 בעמ,,בולגרית מעודנת 24% ג,גרמים,250.00,100 גרם,false,,23.20,0.0928,true,1,72946
7290017065380,false,גרנה פדנו שבבים 100 גר`מחלבות גד,מחלבות גד שיווק 1992 בעמ,,גבינת גרנה פדנו שבבי,גרמים,100.00,100 גרם,false,,13.90,0.1390,true,1,77319
7290017065434,false,גבינה גאודה פרוסה הולנדית 200 גר',מחלבות גד שיווק 1992 בעמ,,פרוסות גאודה בקר גד,גרמים,200.00,100 גרם,false,,21.00,0.1050,true,1,77646
7290017065441,false,גבינה גאודה עיזים פרוסה הולנדית 200 גר',מחלבות גד שיווק 1992 בעמ,,פרוסות גאודה עיזים ג,גרמים,200.00,100 גרם,false,,31.90,0.1595,true,1,77647
7290017065526,false,קוואטרו פורמאג'י 4 גבינות מגוררות 26%,מחלבות גד שיווק 1992 בעמ,,קוואטרו פורמאג'י,גרמים,300.00,100 גרם,false,,27.90,0.0930,true,1,77653
7290017065588,false,יוגורט יווני 600 גר`מחלבות גד,מחלבות גד שיווק 1992 בעמ,,יוגורט יווני,גרמים,600.00,100 גרם,false,,16.50,0.0275,true,1,82593
7290017065663,false,גבינת פטה עיזים מעודנת 16% גד 200 גרם,מחלבות גד שיווק 1992 בעמ,,פטה עיזים מעודנת 16%,גרמים,250.00,100 גרם,false,,29.90,0.1196,true,1,85348
7290017065731,false,גבינת שמנת 30% ניו יורק +כמהין 200 גרם רבנות,מחלבות גד שיווק 1992 בעמ,,גבינת שמנת ניו יורק,גרמים,200.00,100 גרם,false,,13.20,0.0660,true,1,88458
7290017065786,false,גבינה אנגלית קשה צ`דר 210 גר`גד,מחלבות גד שיווק 1992 בעמ,,גבינת צ'דר מחלבת גד,גרמים,210.00,100 גרם,false,,19.90,0.0948,true,1,118179
7290017065878,false,רוטב לפסטה מק אנד צ'יז גד 200 גרם,מחלבות גד שיווק 1992 בעמ,,רוטב מק אנד צ'יז גד,גרמים,200.00,100 גרם,false,,14.90,0.0745,true,1,120011
7290017088068,false,בייביסיטר - חיתולי סטנדרט מידה 4 - 42 יח',די.פי.אל תעשיות מוצרים ח,,בייביסיטר סטנדרט מיד,יחידה,0.00,יחידה,false,,29.90,0.0000,false,1,75111
7290017088075,false,בייביסיטר - חיתולי סטנדרט מידה 4+ - 40 יח',די.פי.אל תעשיות מוצרים ח,,בייבי סיטר 4+,יחידה,0.00,יחידה,false,,29.90,0.0000,false,1,76135
7290017088082,false,בייביסיטר - חיתולי סטנדרט מידה 5 - 36 יח',די.פי.אל תעשיות מוצרים ח,,בייביסיטר סטנדרט מיד,יחידה,0.00,יחידה,false,,29.90,0.0000,false,1,75112
7290017088099,false,בייביסיטר - חיתולי סטנדרט מידה 6 - 30 יח',די.פי.אל תעשיות מוצרים ח,,בייביסיטר סטנדרט מיד,יחידה,0.00,יחידה,false,,29.90,0.0000,false,1,75113
7290017088327,false,רבעיית מגבונים בייביסיטר אקסטרא סופט ללא בישום 64 יחידות,די.פי.אל בעמ,,מגבון בייביסיטר ללא,יחידה,0.00,יחידה,false,,14.90,0.0000,true,1,84637
7290017088396,false,קוויק מגבון מסיר כתמים 20 יח בקופ' 12 קופ' בקר,שקד תבל בעמ,,קוויק מגבון מסיר כתמ,יחידה,0.00,יחידה,false,,17.90,0.0000,true,1,84152
7290017088631,false,רבעיית מגבונים תולי ללא בישום 72*4 יחידות,שקד תבל בעמ,,מגבונים טולי רביעייה,יחידה,0.00,יחידה,false,,10.00,0.0000,true,1,83197
7290017094199,false,סלט קוביות חציל ברוטב שמיר 200 גרם,"סלטי שמיר 2006 בע""מ",,מעדן חצילים 200 גרם,גרמים,200.00,100 גרם,false,,9.90,0.0495,true,1,118156
7290017105062,false,גרגירי חומוס שלם יכין הקטניה הטובה 200 ג,היינץ צפון אמריקה מק,,חומוס OZ6 יכין,גרמים,105.00,100 גרם,false,,3.90,0.0371,true,1,73979
7290017105079,false,שעועית לבנה ברוטב עגבניות יכין הקטניה הט,היינץ צפון אמריקה מק,,שעועית לבנה ברוטב עג,גרמים,128.00,100 גרם,false,,3.90,0.0305,true,1,73727
7290017105123,false,פול מצרי הקטניה הטובה יכין 200/105 גרם,היינץ צפון אמריקה מק,,פול מצרי יכין,יחידה,0.00,יחידה,false,,3.90,0.0000,true,1,75347
7290017105468,false,מארז שלישייה אפונה קטנה יכין 3*200 גר,קשקמט קונסרב הונגריה,,שלישיית אפונה יכין,גרמים,600.00,100 גרם,false,,13.90,0.0232,true,1,81342
7290017105895,false,גרגרי חומוס להכנת חומוס משובח יכין 560 ג,זנלכל בעמ,,גרגירי חומוס להכנת ח,גרמים,560.00,100 גרם,false,,8.90,0.0159,true,1,84800
7290017106069,false,"קוביות סלק יכין, 550 גרם",היינץ צפון אמריקה מק,,קוביות סלק יכין,גרמים,290.00,100 גרם,false,,8.90,0.0307,true,1,77497
7290017121048,false,"פלפל צ'ומה 250 גרם ""עללחם""",שטראוס גרופ בעמ/מצונן,,פלפל צ'ומה על הלחם,גרמים,250.00,100 גרם,false,,13.90,0.0556,true,1,78014
7290017121086,false,"אריסה ביתית מתוקה עללחם, 250 גרם",שטראוס גרופ בעמ/מצונן,,אריסה ביתית מתוקה 25,גרמים,250.00,100 גרם,false,,13.90,0.0556,true,1,118905
7290017121093,false,"אריסה חריפה 250 גרם ""עללחם""",שטראוס גרופ בעמ/מצונן,,אריסה חריפה על הלחם,גרמים,250.00,100 גרם,false,,13.90,0.0556,true,1,78015
7290017129617,false,לקקן קולה לימונדה 450 גרם כרמית,כרמית תעשיות ממתקים בעמ,,לקקן קולה לימונה 50,יחידה,0.00,יחידה,false,,14.90,0.0000,true,1,74431
7290017129624,false,כרמית לקקן ענבים תפוח 450 גרם,כרמית תעשיות ממתקים בעמ,,לקקן ענבים תפוח 50 י,יחידה,0.00,יחידה,false,,14.90,0.0000,true,1,74432
7290017129754,false,"שוקולד מריר מעולה 70% מוצקי קקאו 100 גר בד""ץ",כרמית תעשיות ממתקים בעמ,,שוקולד פרימיום 70% כ,גרמים,100.00,100 גרם,false,,7.90,0.0790,true,1,74163
7290017129761,false,שוקולד פרימיום 70% מריר בטעם תפוז כרמית 100 גרם,כרמית תעשיות ממתקים בעמ,,שוקולד פרימיום 70% ב,גרמים,100.00,100 גרם,false,,7.90,0.0790,true,1,74164
7290017129778,false,שוקולד פרימיום 70% מריר בטעם קפה כרמית 100 גרם,כרמית תעשיות ממתקים בעמ,,שוקולד פרימיום 70% ב,גרמים,100.00,100 גרם,false,,7.90,0.0790,true,1,74165
7290017129839,false,שוקולד פרימיום 70% מריר בטעם פטל כרמית 100 גרם,כרמית תעשיות ממתקים בעמ,,שוקולד פרימיום 70% ב,גרמים,100.00,100 גרם,false,,7.90,0.0790,true,1,74166
7290017129846,false,עוגיות מיני קוקיס בטעם קרמל בצנצנת כרמית 600 גרם,כרמית תעשיות ממתקים בעמ,,מיני קוקיס בטעם קרמל,גרמים,600.00,100 גרם,false,,15.90,0.0265,true,1,74328
7290017129884,false,חמישיות שוקולד מריר 44% 85 גר*5*12 בקרטון,כרמית תעשיות ממתקים בעמ,,חמישיות שוקולד מריר,גרמים,425.00,100 גרם,false,,15.90,0.0374,true,1,74465
7290017129983,false,שוקולד צ'יפס לבן פרווה כרמית 250 גרם,כרמית תעשיות ממתקים בעמ,,שוקו ציפס לבן פרווה,גרמים,250.00,100 גרם,false,,11.90,0.0476,true,1,75807
7290017140063,false,קמח עדשים אדומות 500 גרם ללא גלוטן,גורי מוצרי צריכה (1991) בעמ,,קמח עדשים אדומות 500,גרמים,500.00,100 גרם,false,,15.90,0.0318,true,1,87855
7290017141008,false,בירה אוק אנד אש אמבר,,,אוק אנד אש - בירה אש,מיליליטרים,330.00,"100 מ""ל",false,,13.90,0.0421,true,1,117980
7290017141039,false,בירה אש דובדבן חמוץ 330 מל,,,אוק אנד אש - בירה אש,מיליליטרים,330.00,"100 מ""ל",false,,13.90,0.0421,true,1,119023
7290017141053,false,בירה אוק אנד אש ניפה,,,אוק אנד אש - בירה אש,מיליליטרים,330.00,"100 מ""ל",false,,13.90,0.0421,true,1,118017
7290017142005,false,"שמן קוקוס אורגני עץ הזית צנצנת 320מ""ל",סוגת תעשיות בעמ,,שמן קוקוס אורגני 320,מיליליטרים,320.00,"100 מ""ל",false,,25.90,0.0809,true,1,68956
7290017142012,false,"שמן קוקוס אורגני כתית 500מ""ל עץ הזית",סוגת תעשיות בעמ,,שמן קוקוס אורגני 500,מיליליטרים,500.00,"100 מ""ל",false,,36.90,0.0738,true,1,68957
7290017142111,false,פתיתי טונה בשמן זית טו גו עץ הזית 85 גרם,"יוניקורד ח.צ בע""מ",,פתיתי טונה בהירה בשמ,גרמים,85.00,100 גרם,false,,9.90,0.1165,false,1,73561
7290017142128,false,"שמן זית כתית מעולה קלאסי עץ הזית 750 מ""ל",סוגת תעשיות בעמ,,"שמן זית 750 מ""ל קלאס",מיליליטרים,750.00,"100 מ""ל",false,,29.90,0.0399,false,1,72505
7290017142159,false,"שלישיית נתחי טונה בהירה בשמן זית 80 גרם ""עץ הזית""",הנסיך- מפעל לייצור ט,,נתחי טונה בהירה בשמן,גרמים,168.00,100 גרם,false,,22.90,0.1363,false,1,73562
7290017142166,false,"פילה טונה פרוס עם שמן זית 120 גרם ""עץ הזית""","יוניקורד ח.צ בע""מ",,פילה טונה פרוס עם שמ,גרמים,120.00,100 גרם,false,,14.90,0.1242,true,1,77887
7290017142180,false,פילה טונה בשמן זית בטעם לימון עם פלפל שחור 120 ג',"יוניקורד ח.צ בע""מ",,פילה טונה פרוס עם שמ,גרמים,120.00,100 גרם,false,,14.90,0.1242,true,1,77888
7290017142203,false,"פילה טונה פרוס עם שמן זית בטעם מעושן 120 גרם ""עץ הזית""","יוניקורד ח.צ בע""מ",,פילה טונה פרוס עם שמ,גרמים,120.00,100 גרם,false,,14.90,0.1242,true,1,77889
7290017142234,false,"פתיתי טונה בהירה בשמן זית מעושן ""עץ הזית""","יוניקורד ח.צ בע""מ",,טונה TO GO מעושן 85,גרמים,85.00,100 גרם,false,,9.90,0.1165,false,1,79743
7290017142289,false,תרסיס שמן חמניות 200 מל ללא תוספת גז עץ,י.ב טכנולוגיות אריזה בעמ,,תרסיס שמן חמניות מזו,מיליליטרים,200.00,"100 מ""ל",false,,14.90,0.0745,false,1,76934
7290017142340,false,שמן זרעי ענבים מזוכך 1 ליטר עץ הזית*,אף.ג'\יי.סנצ'\ז סוקחורס,,שמן זרעי ענבים מזוכך,ליטרים,1.00,ליטר,false,,24.90,24.9000,true,1,81260
7290017142388,false,שמן חמניות פלוס אומגה 3 עץ הזית 1 ליטר,סוגת תעשיות בעמ,,שמן חמניות פלוס אומג,ליטרים,1.00,ליטר,false,,14.90,14.9000,false,1,79216
7290017142395,false,"LUNCH TO GO פסטה עם טונה בשמן זית 160 גרם ""עץ הזית""",יוניקורד ח.צ בעמ,,LUNCH TO GO פסטה עם,גרמים,160.00,100 גרם,false,,13.90,0.0869,true,1,81665
7290017142401,false,"LUNCH TO GO קינואה לבנה ואדומה טונה בשמן זית 160 גרם ""עץ הזית""",ג'נרל מילס סאן אדריא,,טונה עם קינואה לבנה,גרמים,160.00,100 גרם,false,,13.90,0.0869,true,1,85565
7290017142418,false,"LUNCH TO GO אורז עם עדשים טונה בשמן זית 160 גרם ""עץ הזית""",יוניקורד ח.צ בעמ,,אורז עם עדשים וטונה,גרמים,160.00,100 גרם,false,,13.90,0.0869,true,1,81666
7290017142456,false,מארז נתחי טונה בהירה בשמן זית 2 * 160 ג' עץ הזית,יוניקורד ח.צ בעמ,,נתחי טונה בהירה בשמן,גרמים,224.00,100 גרם,false,,19.90,0.0888,true,1,81814
7290017142487,false,"LUNCH TO GO בורגול עם חומוס טונה בשמן זית 160 גרם ""עץ הזית""",יוניקורד ח.צ בעמ,,טונה בורגול וחומוס ע,גרמים,160.00,100 גרם,false,,13.90,0.0869,true,1,88734
7290017142500,false,תרסיס שמן זית כתית מעולה בטעם שום 150מל,קומטמפ קומפניה פורטו,,תרסיס שמן זית בטעם ש,מיליליטרים,150.00,"100 מ""ל",false,,18.90,0.1260,true,1,120867
7290017142609,false,"תרסיס שמן זית בטעם לימון עץ הזית 150 מ""ל",סוגת תעשיות בעמ,,תרסיס שמן זית בטעם ל,מיליליטרים,150.00,"100 מ""ל",false,,18.90,0.1260,true,1,120869
7290017189192,false,"אדממה פולי סויה 1 ק""ג",משק ויילר,,אדממה פולי סויה 1 קג,קילוגרמים,1.00,"ק""ג",false,,14.90,14.9000,true,1,83682
7290017217307,false,נרות חימום ריחניים בניחות ורדים 50יח',אינטרסן (1996) בעמ,,נרות חימום ריחניים ב,יחידה,0.00,יחידה,false,,9.90,0.0000,true,1,87701
7290017217314,false,נרות חימום ריחניים בניחות הדרים 50יח',הוסטס,,נרות חימום ריחניים ב,יחידה,0.00,יחידה,false,,9.90,0.0000,true,1,87702
7290017217338,false,נרות חימום ריחניים בניחות וניל 50יח',אינטרסן (1996) בעמ,,נרות חימום ריחניים ב,יחידה,0.00,יחידה,false,,9.90,0.0000,true,1,87704
7290017247007,false,מלפפון בייבי,חקלאי,,מלפפון בייבי,יחידה,0.00,יחידה,false,,8.90,0.0000,true,1,68983
7290017247014,false,פלפלונים,חקלאי,,פלפלונים,יחידה,0.00,יחידה,false,,8.90,0.0000,true,1,68984
7290017253084,false,מגבונים לחים פרשיס דיספנסר 72 יח',,,פרשיס מגבונים לחים 7,יחידה,0.00,יחידה,false,,5.50,0.0000,true,1,75012
7290017253213,false,שלישייה פרשיס 60 מגבוני נייר טואלט לחים,,,פרשיס שלישייה מגבוני,יחידה,0.00,יחידה,false,,19.90,0.0000,true,1,89573
7290017266725,false,מארז וופל במילוי קרם בטעם שוקולד 12 גרם*40 יח',"גילרו בע""מ",,מארז 40 יח' וופל קרא,גרמים,480.00,100 גרם,false,,14.50,0.0302,true,1,85367
7290017275413,false,מיני קצפיות בטעם וניל אחוה 140 גרם,אחדות ביתחרושת לטחינה חלבה,,מיני קצפיות וניל 140,יחידה,0.00,יחידה,false,,8.90,0.0000,true,1,119236
7290017275420,false,מיני קצפיות בטעם תות אחוה 140 גרם,אחדות ביתחרושת לטחינה חלבה,,מיני קצפיות בטעם תות,גרמים,140.00,100 גרם,false,,9.90,0.0707,true,1,119189
7290017275444,false,מיני קצפיות בטעם ענבים אחוה 140 גרם,אחדות ביתחרושת לטחינה חלבה,,מיני קצפיות ענבים 14,גרמים,140.00,100 גרם,false,,9.90,0.0707,true,1,120501
7290017289618,false,"יין IMPRESSION פטיט סירה 150 שנה טפרברג 750 מ""ל",יקב טפרברג 1870 בעמ (יינות ומש,,IMPRESSION פטיט סירה,מיליליטרים,750.00,"750 מ""ל",false,,49.90,0.0665,true,1,83615
7290017289779,false,INSPIRE DEVOTAGE מלבק מרסלן 2019 750 מל,יקב טפרברג 1870,,יין מלבק טפרברג INSP,מיליליטרים,750.00,"100 מ""ל",false,,65.00,0.0867,true,1,88614
7290017289793,false,INSPIRE INTEGRITAGE גראנש סירה 19 750 מל,יקב טפרברג 1870,,יין אינספייר גראנש ס,מיליליטרים,750.00,"100 מ""ל",false,,65.00,0.0867,true,1,90084
7290017289908,false,"יין למברוסקו אלגרו אדום 750 מ""ל",יקב טפרברג 1870 בעמ,,אלגרו למברוסקו אדום,מיליליטרים,750.00,"100 מ""ל",false,,29.90,0.0399,true,1,117722
7290017297149,false,גרגירי חומוס להכנת חומוס ביתי פרי הגליל 550 גרם,ויטה- פרי גליל (החדשה) בעמ,,גרגירי חומוס להכנת ח,גרמים,290.00,100 גרם,false,,6.50,0.0224,true,1,86302
7290017297194,false,לקט לקט ירקות לתנור פרי הגליל 800 ג',ויטה- פרי גליל (החדשה) בעמ,,לקט ירקות לתנור 800,גרמים,800.00,100 גרם,false,,15.90,0.0199,true,1,86301
7290017297323,false,רוטב עגבניות מרוכז 100 גר' 22 BX טל וטרי,ויטה- פרי גליל (החדשה) בעמ,,רוטב עגבניות מרוכז 1,גרמים,100.00,100 גרם,false,,1.70,0.0170,false,1,90655
7290017297330,false,"טל רוטב עגבניות מרוכז, 240 גרם",ויטה- פרי גליל (החדשה) בעמ,,רוטב עגבניות 240 גר',גרמים,240.00,100 גרם,false,,3.20,0.0133,false,1,122082
7290017297620,false,רסק עגבניות טל וטרי 570 גרם,ויטה- פרי גליל (החדשה) בעמ,,רוטב עגבניות מרוכז ט,גרמים,570.00,100 גרם,false,,5.50,0.0096,true,1,118439
7290017297637,false,רכז עגבניות A2 BX28 טל וטרי 580 גר',ויטה-פרי גליל (החדשה) בעמ,,רוטב עגבניות A2 טל ו,גרמים,580.00,100 גרם,false,,6.50,0.0112,true,1,118291
7290017297644,false,ברוקולי קפוא גרין אנד פרש 800 גר',ויטה- פרי גליל (החדשה) בעמ,,ברוקולי green & fres,גרמים,800.00,100 גרם,false,,14.90,0.0186,true,1,118292
7290017304885,false,לחם שיפון מחיטה מלאה ללא תוספת סוכר 750 ג' אנג'ל,מאפיית שלמה א. אנג'\ל בע,,לחם אנג'ל שיפון וחיט,גרמים,750.00,100 גרם,false,,12.90,0.0172,true,1,78992
7290017313009,false,פיתות אופרה עשירייה,,,פיתות אופרה עשירייה,יחידה,0.00,יחידה,false,,14.90,0.0000,true,1,69981
7290017313054,false,נקניקיות עטופות בבצק,אופרה,,נקניקיות עטופות בבצק,גרמים,500.00,100 גרם,false,,16.90,0.0338,true,1,90086
7290017325316,false,"מיקס אורז מלא אפונה ועדשים הרדוף אורגני, 250 גרם",לה בונטה,,מיקס אורז מלא אפונה,גרמים,250.00,100 גרם,false,,12.90,0.0516,true,1,82914
7290017325361,false,מיקס בורגול וקינואה אורגני הרדוף 250 גרם,לה בונטה,,מיקס בורגול וקינואה,גרמים,250.00,100 גרם,false,,12.90,0.0516,true,1,82915
7290017325385,false,100% חמאה אורגנית 200 גרם - אדמה,,,חמאה אורגנית 200 גר',גרמים,200.00,100 גרם,false,,14.90,0.0745,true,1,89207
7290017325583,false,קוסקוס כוסמין אורגני 350 גרם הרדוף,הרדוף,,קוסקוס כוסמין מלא או,גרמים,350.00,100 גרם,false,,14.50,0.0414,true,1,118915
7290017325613,false,"משקה שיבולת שועל אורגני הרדוף לל""ג 1 ליטר",סוי מג'יק,,משקה שיבולת שועל אור,ליטרים,1.00,ליטר,false,,11.90,11.9000,true,1,84292
7290017325620,false,"משקה אורז בתוספת שקדים אורגני הרדוף לל""ג 1 ליטר",ליקואטס,,משקה אורז ושקדים אור,ליטרים,1.00,ליטר,false,,11.90,11.9000,true,1,84293
7290017325682,false,פריכיות כוסמת אורגני הרדוף 160 גרם,פרח תעשיות מזון,,פריכיות כוסמת אוגני,גרמים,160.00,100 גרם,false,,11.90,0.0744,true,1,121148
7290017325729,false,"קמח כוסמת ירוקה לל""ג אורגני 500 גרם",טחנת קמח דגן לישראל,,קמח כוסמת ירוקה אורג,גרמים,500.00,100 גרם,false,,17.90,0.0358,true,1,119625
7290017325743,false,"קמח עדשים אדומות לל""ג אורגני 500 גרם",טחנת קמח דגן לישראל,,קמח עדשים אדומות אור,גרמים,500.00,100 גרם,false,,15.90,0.0318,true,1,121336
7290017325804,false,קוואקר עדין אורגני 500 גרם הרדוף ללא גלוטן,אול אורגני,,קוואקר עדין אורגני 5,גרמים,500.00,100 גרם,false,,15.90,0.0318,true,1,120775
7290017325811,false,שעועית בובס אורגני 400 גרם הרדוף,אול אורגני,,שעועית בובס אורגני 4,גרמים,400.00,100 גרם,false,,12.90,0.0323,true,1,118874
7290017325842,false,פריכיות אורז מלא אורגני הרדוף 110 גרם,פרח תעשיות מזון,,פריכיות אורז מלא אור,גרמים,110.00,100 גרם,false,,9.40,0.0855,true,1,88007
7290017440286,false,"ד""ר פישר - קידס מרכך ויטמינים 750 מ""ל","פישר תעשיות פרמצביטות בע""מ",,"מרכך קידס 750 מ""ל",מיליליטרים,750.00,"100 מ""ל",false,,15.90,0.0212,true,1,79001
7290017440323,false,"ד""ר פישר - קידס שמפו + מרכך ויטמינים 750 מ""ל",פישר תעשיות פרמצבטיות בעמ,,שמפו+מרכך קידס 750 מ,מיליליטרים,750.00,"100 מ""ל",false,,15.90,0.0212,true,1,79003
7290017440965,false,אל סבון היגייני לניקוי יסודי ולהזנת העור clean & nourish,"פישר תעשיות פרמבצטיות בע""מ",,קמיל אל סבון נוזלי 1,ליטרים,1.00,ליטר,false,,15.90,15.9000,false,1,77824
7290017457710,false,"סוד ארומתרפי סגול מרכך כביסה מרוכז20%+בישום 900 מ""ל",גורי שיווק בעמ,,סוד מרכך מרוכז ארומת,מיליליטרים,900.00,"100 מ""ל",false,,11.90,0.0132,true,1,78287
7290017457727,false,"סוד כחול מרכך כביסה מרוכז20%+בישום 900 מ""ל",גורי שיווק בעמ,,סוד מרכך מרוכז כחול,מיליליטרים,900.00,"100 מ""ל",false,,11.90,0.0132,true,1,78288
7290017457734,false,"סוד ורוד מרכך כביסה מרוכז20%+בישום 900 מ""ל",גורי שיווק בעמ,,סוד מרכך מרוכז ורוד,מיליליטרים,900.00,"100 מ""ל",false,,11.90,0.0132,true,1,78289
7290017477305,false,זרעי צ`יה 250 גר`שקדיה,דין שיווק וקליה 2021 בעמ,,זרעי צ'יה 250 גרם שק,גרמים,250.00,100 גרם,false,,8.90,0.0356,true,1,74427
7290017477367,false,מטבעות שוקולד לבן לאפייה 300 גר`שקדיה,דין שיווק וקליה 2021 בעמ,,טבעות שוקולד לבן לאפ,גרמים,300.00,100 גרם,false,,13.90,0.0463,true,1,83247
7290017513393,false,תה ירוק ספירולינה וצמחים ירוקים 25 שקי,תה ויסוצקי (ישראל) בעמ,,תה ירוק סופר גרין 25,גרמים,37.50,100 גרם,false,,24.90,0.6640,false,1,80288
7290017513409,false,תה ירוק SUPER GREEN 87 גרםבטעם אוכמניות ואסאי,תה ויסוצקי (ישראל) בעמ,,תה ירוק סופר פרפל 25,גרמים,37.50,100 גרם,false,,24.90,0.6640,false,1,80289
7290017513485,false,מחית עגבניות רוסטיקה גרנד איטליה 680 גרם,תה ויסוצקי (ישראל) בעמ,,מחית עגבניות רוסטיקה,גרמים,680.00,100 גרם,false,,12.90,0.0190,true,1,80838
7290017513775,false,פליפז בייגלה מצופה שוקולד חלב מקוויטיס 140 גרם,תה ויסוצקי (ישראל) בעמ,,פליפז בייגלה מצופה ש,גרמים,140.00,100 גרם,false,,8.90,0.0636,true,1,81735
7290017513782,false,פליפז בייגלה מצופה שוקולד מריר מקוויטיס 140 גרם,תה ויסוצקי (ישראל) בעמ,,פליפז בייגלה מצופה ש,גרמים,140.00,100 גרם,false,,8.90,0.0636,true,1,81736
7290017516295,false,חטיף חלבון פרוטאין אגוז לוז שוקולד 50 גר,י.איטליאנו אחזקות בעמ,,חטיף פנגיאה פרוטאין,גרמים,50.00,100 גרם,false,,9.90,0.1980,true,1,86029
7290017516318,false,חטיפ בריאות פרוטאין שוקולד 50 גר`פנגיאה,י.איטליאנו אחזקות בעמ,,פרוטאין שוקולד,גרמים,50.00,100 גרם,false,,9.90,0.1980,true,1,86064
7290017516332,false,חטיפ בריאות פרוטאין חמאת בוטנים 50 גר`פ,י.איטליאנו אחזקות בעמ,,פרוטאין חמאת בוטנים,גרמים,50.00,100 גרם,false,,9.90,0.1980,true,1,86063
7290017521480,false,נופר מטליות בד רב פעמי 700,,,מטליות בד רב פעמיות,גרמים,700.00,100 גרם,false,,19.90,0.0284,true,1,86520
7290017529004,false,בירה שבט אייסמן 330,,,בירה שבט אייסמן 330,מיליליטרים,330.00,"100 מ""ל",false,,13.50,0.0409,true,1,83880
7290017529011,false,בירה שבט ווי לאדי 33,,,בירה שבט ווי לאדי 33,מיליליטרים,330.00,"100 מ""ל",false,,13.50,0.0409,true,1,83881
7290017529233,false,"בירה שבט 330 מ""ל HOP",,,"בירה שבט 330 מ""ל HOP",מיליליטרים,330.00,"100 מ""ל",false,,13.50,0.0409,true,1,120498
7290017529240,false,"בירה שבט 330 מ""ל RED",,,"בירה שבט 330 מ""ל RED",מיליליטרים,330.00,"100 מ""ל",false,,13.50,0.0409,true,1,120566
7290017529301,false,"בירה שבט 330 מ""ל",,,"בירה שבט 330 מ""ל",מיליליטרים,330.00,"100 מ""ל",false,,13.50,0.0409,true,1,120496
7290017589633,false,"רזרב גולד אדישיין קברנה סוביניון 750 מ""ל",טמפו משקאות בעמ,,יין רזרב קברנה GOLD,מיליליטרים,750.00,"100 מ""ל",false,,34.90,0.0465,false,1,76930
7290017599229,false,ממתיק סוכרלוז 200 טבליות סוכרזית,שטראוס גרופ בע`מ,,סוכרזית סוכרלוז 200,גרמים,17.00,100 גרם,false,,22.90,1.3471,true,1,117679
7290017599236,false,סוכרזית סיטיוויה 200 טבליות,סנו מפעלי ברונוס.,,סוכרזית סטיוויה 200,גרמים,17.00,100 גרם,false,,24.90,1.4647,true,1,117680
7290017599267,false,סוכרלוז 120 שקיות ממתיק שולחני,שטראוס גרופ בע`מ,,סוכרזית סוכרלוז 120,גרמים,120.00,100 גרם,false,,26.90,0.2242,true,1,121255
7290017617046,false,נתחי טונה בשמן זית כתית מעולה רביעיה * 140 ג',דיפלומט מפיצים (1968) בעמ**,,רביעיה טונה סטאר קיס,גרמים,560.00,100 גרם,false,,26.90,0.0480,false,1,81510
7290017617084,false,סטארקיסט מיקס טוגו טונה עם שעועית 185 גרם,דיפלומט מפיצים (1968) בעמ**,,סטארקיסט מיקס טונה ט,גרמים,185.00,100 גרם,false,,12.50,0.0676,true,1,87414
7290017617275,false,שלישיית ממרח טונה סטארקיסט 160X3 גרם,דיפלומט מפיצים (1968) בעמ**,,סטאר קיסט ממרח טונה,גרמים,480.00,100 גרם,false,,19.90,0.0415,false,1,117715
7290017617411,false,סטארקיסט מיקס סלמון עם אורז מלא וירקות 160 גרם,דיפלומט מפיצים (1968) בעמ**,,סטארקיסט מיקס סלמון,גרמים,160.00,100 גרם,false,,13.90,0.0869,true,1,120096
7290017617428,false,סטארקיסט מיקס סלמון עם פסטה ברוטב עגבניות 160 גרם,דיפלומט מפיצים (1968) בעמ**,,סטארקיסט מיקס סלמון,גרמים,160.00,100 גרם,false,,13.90,0.0869,true,1,120097
7290017617435,false,סטארקיסט מיקס סלמון עם עדשים קינואה וירק 160 גרם,דיפלומט מפיצים (1968) בעמ**,,סטארקיסט מיקס סלמון,גרמים,160.00,100 גרם,false,,13.90,0.0869,true,1,120098
7290017641096,false,"שוקולד פרימיום 70% לל""ס 100גרם בדצ *12יח*2 בדיס",כרמית תעשיות ממתקים בעמ,,שוקולד פרימיום 70% ל,גרמים,100.00,100 גרם,false,,8.50,0.0850,true,1,76689
7290017641102,false,שוקולד פרימיום 70% ללא סוכר בטעם תפוז 100 גרם,כרמית תעשיות ממתקים בעמ,,שוקולד פרימיום 70% ל,גרמים,100.00,100 גרם,false,,8.50,0.0850,true,1,76690
7290017641119,false,שוקולד פרימיום 85% מריר כרמית 100 גרם,כרמית תעשיות ממתקים בעמ,,שוקולד מריר פרימיום,גרמים,100.00,100 גרם,false,,7.90,0.0790,true,1,76610
7290017641188,false,קרקר עם שיפון מלא וסלק כרמית 130 גרם,כרמית תעשיות ממתקים בעמ,,קרקר עם שיפון מלא וס,גרמים,130.00,100 גרם,false,,5.90,0.0454,true,1,77783
7290017641379,false,חמישיות שוקולד חלב בדצ 85 ג*5 בלמינט*12 בקרט בדצ,כרמית תעשיות ממתקים בעמ,,חמישית שוקולד חלב כר,גרמים,425.00,100 גרם,false,,15.90,0.0374,true,1,120135
7290017641676,false,"שלישיית שוקולד מריר אגוזים אגו כרמית 255 גרם כשל""פ",כרמית תעשיות ממתקים בעמ,,אגו שלשות שוקולד מרי,גרמים,255.00,100 גרם,false,,10.90,0.0427,true,1,82194
7290017641720,false,שוקולד פרימיום 70% שברי שקד כרמית 100 גרם,כרמית תעשיות ממתקים בעמ,,שוקולד 70% שברי שקד,גרמים,100.00,100 גרם,false,,7.90,0.0790,true,1,82198
7290017641737,false,שוקולד פרימיום 70% שברי אגוז כרמית 100 גרם,כרמית תעשיות ממתקים בעמ,,שוקולד 70% שברי אגוז,גרמים,100.00,100 גרם,false,,7.90,0.0790,true,1,82199
7290017641997,false,"שוקולד מריר עם שברי אגוזי לוז פרימיום 70% לל""ס כרמית",כרמית תעשיות ממתקים בעמ,,"שוקולד אגו 70% לל""ס",גרמים,100.00,100 גרם,false,,8.50,0.0850,true,1,87944
7290017647425,false,"יין גמלא קברנה סוביניון שנת 2018 750 מ""ל",היכל היין שקד גולן בעמ,,גמלא קברנה סוביניון,מיליליטרים,750.00,"100 מ""ל",false,,59.90,0.0799,true,1,84939
7290017647760,false,יין ירדן סירה 2019 750 מל,יקבי רמת הגולן,,יין ירדן סירה 2019,מיליליטרים,750.00,"100 מ""ל",false,,89.90,0.1199,true,1,121748
7290017647791,false,"יין ירדן קברנה סוביניון 2019 750 מ""ל",יקבי רמת הגולן,,ירדן קברנה סוביניון,מיליליטרים,750.00,"100 מ""ל",false,,120.00,0.1600,true,1,121032
7290017675008,false,"טחינה גולמית 1 ק""ג שכם היונה",היונה,,טחינה היונה,גרמים,900.00,100 גרם,false,,25.90,0.0288,true,1,86062
7290017675015,false,טחינת היונה המקורית,,,טחינת היונה המקורית,גרמים,450.00,100 גרם,false,,13.90,0.0309,true,1,85967
7290017677804,false,"רוטב סויה קיקומן ללא חומרים משמרים 444 מ""ל",דיפלומט מפיצים (1968) בעמ**,,רוטב סויה קיקומן 444,מיליליטרים,444.00,"100 מ""ל",false,,19.90,0.0448,true,1,79326
7290017677811,false,"רוטב סויה קיקומן ללא חומרים משמרים 296 מ""ל",דיפלומט מפיצים (1968) בעמ**,,רוטב סויה קיקומן 296,מיליליטרים,296.00,"100 מ""ל",false,,13.90,0.0470,true,1,79214
7290017696393,false,בורגר פטריות מן הצומח 520 גר,קונס`-מרינה פטריות הגליל בעמ*ש,,בורגר פטריות מן הצומ,גרמים,520.00,100 גרם,false,,34.90,0.0671,true,1,83784
7290017724058,false,עוגיות מעדן תמר אגוז אקלר,הלל בן הלל שיווק ומסחר בעמ,,עוגיות מעדן תמר אגוז,גרמים,250.00,100 גרם,false,,23.90,0.0956,true,1,118373
7290017724065,false,"עוגיות מעדן תפו""ע ואגוז אקלר",הלל בן הלל שיווק ומסחר בעמ,,"עוגיות מעדן תפ""ע אגו",גרמים,250.00,100 גרם,false,,23.90,0.0956,true,1,118378
7290017724119,false,עוגיות אוזנים אקלר 200 גרם,הלל בן הלל שיווק ומסחר בעמ,,עוגיות אוזניים,גרמים,200.00,100 גרם,false,,23.90,0.1195,true,1,118382
7290017724164,false,עוגיות אוזניים ללא סוכר אקלר 200 גרם,הלל בן הלל שיווק ומסחר בעמ,,עוגיות אוזניים ללא ס,גרמים,20.00,100 גרם,false,,23.90,1.1950,true,1,118354
7290017724294,false,עוגיות גרנולה צ`יפס חמוציות ללס 200 גר`,אקלר בעמ,,עוגיות גרנולה צ'יפס,גרמים,200.00,100 גרם,false,,21.90,0.1095,true,1,118363
7290017724652,false,עוגיות רולדה תמר אגוז ואבקת סוכר אקלר,אקלר,,עוגיות רולדה תמר אגו,גרמים,200.00,100 גרם,false,,23.90,0.1195,true,1,118392
7290017746128,false,מיני פיתות קלאסי50*10 גר,מאפיית דוידוביץ ובני,,מארז 10 יח' פיתות בי,גרמים,500.00,100 גרם,false,,8.40,0.0168,true,1,85617
7290017746135,false,מארז 10 פיתות ביס כוסמין,מאפיית דוידוביץ ובני,,מיני פיתות כוסמין 10,גרמים,500.00,100 גרם,false,,13.50,0.0270,true,1,85679
7290017746159,false,לחם 100% קמח חיטה מל,,,לחם 100% קמח חיטה מל,גרמים,750.00,100 גרם,false,,14.50,0.0193,true,1,85048
7290017746272,false,פיתה בצל 4 יחידות 48,,,פיתה בצל 4 יח',גרמים,480.00,100 גרם,false,,13.50,0.0281,true,1,88108
7290017746289,false,פיתה זעתר 4 יחידות 4,,,פיתה זעתר 4 יח',גרמים,480.00,100 גרם,false,,13.50,0.0281,true,1,88109
7290017746708,false,רביעיית לחמניות שמינ,מאפיית דוידוביץ ובני,,מארז 4 לחמניות שמיני,גרמים,480.00,100 גרם,false,,12.90,0.0269,true,1,122096
7290017746746,false,מארז לחמניות הבית עם,מאפיית דוידוביץ ובני,,מארז לחמניות הבית עם,גרמים,480.00,100 גרם,false,,11.50,0.0240,true,1,122209
7290017786001,false,פירות קפואים תות 500 גרם frozenature,,,תות שדה מוקפא,גרמים,500.00,100 גרם,false,,21.90,0.0438,true,1,78255
7290017786018,false,פירות קפואים מנגו 500 גרם frozenature,,,מנגו חתוך מוקפא,גרמים,500.00,100 גרם,false,,21.90,0.0438,true,1,78256
7290017786025,false,פירות קפואים תמר 500 גרם frozenature,,,תמר לח מוקפא,גרמים,500.00,100 גרם,false,,14.50,0.0290,true,1,78258
7290017786032,false,פירות קפואים אננס 500 גרם frozenature,,,אננס חתוך מוקפא,גרמים,500.00,100 גרם,false,,21.90,0.0438,true,1,78259
7290017786049,false,פירות קפואים אוכמניות 500 גרם frozenature,,,אוכמניות כחולות מוקפ,גרמים,500.00,100 גרם,false,,23.90,0.0478,true,1,78257
7290017786056,false,פירות קפואים פ.יער 500 גרם frozenature,,,פירות יער מוקפאים,גרמים,500.00,100 גרם,false,,21.90,0.0438,true,1,78260
7290017786063,false,מחית אסאי קפואה,,,מחית אסאי קפואה,גרמים,200.00,100 גרם,false,,18.90,0.0945,true,1,88619
7290017786094,false,פירות קפואים פסיפלורה 500 גרם frozenature,,,קוביות פסיפלורה מוקפ,גרמים,500.00,100 גרם,false,,23.90,0.0478,true,1,88618
7290017791142,false,קרקר כוסמין מלא - פת במלח,טחנת האבן קואופ בעמ,,קרקר כוסמין מלא פת ב,גרמים,225.00,100 גרם,false,,21.90,0.0973,true,1,79795
7290017791203,false,קרקר כוסמין מלא - סלק - פת במלח,טחנת האבן קואופ בעמ,,קרקר כוסמין מלא סלק,גרמים,225.00,100 גרם,false,,21.90,0.0973,true,1,85467
7290017812052,false,יין שיראז-קברנה סוביניון אקסלנס יקבי כרמל,אגודת הכורמים בעמ,,אקסלנס שיראז-קברנה ס,מיליליטרים,750.00,"100 מ""ל",false,,24.90,0.0332,true,1,75808
7290017812069,false,יין אמרלד ריזלינג שרדונה אקסלנס Excellence,אגודת הכורמים -כרמל מזרחי,,אקסלנס ריזלינג-שרדונ,מיליליטרים,750.00,"100 מ""ל",false,,24.90,0.0332,true,1,75809
7290017812571,false,מיץ ענבים תירוש אדום 100% טבעי כרמל 1 ליטר,אגודת הכורמים -כרמל מזרחי,,מיץ ענבים תירוש אדום,ליטרים,1.00,ליטר,false,,19.90,19.9000,false,1,82168
7290017812588,false,מיץ ענבים תירוש לבן 100% טבעי כרמל 1 ליטר,אגודת הכורמים -כרמל מזרחי,,תירוש לבן 1 ל' 100%,מיליליטרים,1000.00,"100 מ""ל",false,,19.90,0.0199,true,1,82597
7290017812618,false,מיץ ענבים תירוש אדום רוזה כרמל 1 ליטר,אגודת הכורמים -כרמל מזרחי,,תירוש רוזה 100% ענבי,מיליליטרים,1000.00,"100 מ""ל",false,,19.90,0.0199,true,1,81904
7290017812670,false,"יין יתיר דרום אדום 750 מ""ל",כרמל מזרחי,,יין יתיר דרום אדום,מיליליטרים,750.00,"100 מ""ל",false,,69.90,0.0932,true,1,90513
7290017812830,false,יין רוזה פרייבט קולקשיין 750מל יקבי כרמל,"כד בני דרום בע""מ",,פ. קולקשיין רוזה,מיליליטרים,750.00,"100 מ""ל",false,,34.90,0.0465,true,1,87484
7290017812847,false,"יין פרנץ גוורצטרמינר סלקטד כרמל 750 מ""ל",אגודת הכורמים -כרמל מזרחי,,סלקטד פרנץ קולומברד,מיליליטרים,750.00,"100 מ""ל",false,,24.90,0.0332,true,1,86908
7290017812861,false,יין לבש יבש ( 750 מל) וינו,אגודת הכורמים -כרמל מזרחי,,וינו יין לבן יבש,מיליליטרים,750.00,"100 מ""ל",false,,19.90,0.0265,true,1,86909
7290017812878,false,"אקסלנס וזה -קברנה סוביניון כרמל 750 מ""ל",אגודת הכורמים בעמ,,אקסלנס יין רוזה,מיליליטרים,750.00,"100 מ""ל",false,,24.90,0.0332,true,1,89589
7290017812977,false,"יין קריניאנו סלקטדאננס באז כרמל 750 מ""ל",אגודת הכורמים -כרמל מזרחי,,באז ספרקלינג אננס,מיליליטרים,750.00,"100 מ""ל",false,,23.90,0.0319,true,1,88956
7290017816005,false,בייגלה כוסמין שמיניות שומשום 300 גר`,גורי מוצרי צריכה (1991) בעמ,,בייגלה כוסמין שמיניו,גרמים,300.00,100 גרם,false,,17.90,0.0597,true,1,78783
7290017816012,false,קרם קרקר כוסמין מקור הכוסמין 250 גר,גורי מוצרי צריכה (1991) בעמ,,קרם קרקר כוסמין 250,גרמים,250.00,100 גרם,false,,18.90,0.0756,true,1,78988
7290017816111,false,פתי בר הכוסמין המקורי 220 גר`,גורי מוצרי צריכה (1991) בעמ,,פתי בר כוסמין 220 גר,גרמים,220.00,100 גרם,false,,13.90,0.0632,true,1,84198
7290017816128,false,קרקר מקור הכוסמין 22,גורי מוצרי צריכה (1991) בעמ,,קרקר כוסמין,יחידה,0.00,יחידה,false,,18.90,0.0000,true,1,85677
7290017871370,false,פמילי יהלום- סבון ידיים מועשר בשמן אבוקדו לניקוי וטיפוח עור הידיים,המאפיה של הרמן,,פמלי יהלום סבון ידיי,מיליליטרים,500.00,"100 מ""ל",false,,10.00,0.0200,true,1,82740
7290017871950,false,פרשוואנס נייר טואלט לח מתכלה בניחוח לוונדר מארז שלישייה,עלבד משואות יצחק,,פרש וואנס נייר טואלט,יחידה,0.00,יחידה,false,,12.90,0.0000,true,1,87263
7290017871998,false,פודינג אינסטנט בטעם וניל 30 גר` טוסו,אשבל מזון פונקציונלי בע\,,פודינג אינסטנט בטעם,גרמים,30.00,100 גרם,false,,9.90,0.3300,true,1,83984
7290017872063,false,אל סבון ארומתרפי מארז שלישייה 500 מל פמ,אברנסל קוסמטיקס,,פמלי אל סבון ארומתרפ,מיליליטרים,1500.00,"100 מ""ל",false,,15.00,0.0100,true,1,84342
7290017872889,false,מארז שקיות אשפה אקס לארג גלילונית 2*22 יח',"אליף בע""\מ",,גלילונית שקיות אשפה,יחידה,0.00,יחידה,false,,21.90,0.0000,true,1,117475
7290017873008,false,גלילונית הקפאה זוג 275 יחידות,"אשפלסט תעשיות בע""מ",,גלילונית שקיות להקפא,יחידה,0.00,יחידה,false,,14.90,0.0000,true,1,117693
7290017873015,false,גלילונית גופיה עם ידיות 30יח,דנשר (1963) בעמ,,גלילונית שקיות אשפה,יחידה,0.00,יחידה,false,,19.90,0.0000,true,1,117309
7290017873039,false,מארז זוג שקיות לסנדוויץ גלילונית 2*160 יח',"קינג באג בע""מ",,גלילונית שקיות אוכל,יחידה,0.00,יחידה,false,,15.90,0.0000,true,1,117938
7290017888026,false,"משקה אננס תפוח גזר פרות & ווג 350 מ""ל",יפאורה שותפות מוגבלת לשיווק,,FRUITַ&VEG אננס תפוח,מיליליטרים,350.00,"100 מ""ל",false,,6.90,0.0197,true,1,77894
7290017888033,false,"משקה בננה מלון נענע פרות &ווג 350 מ""ל",יפאורה שותפות מוגבלת לשיווק,,FRUIT&VEG בננה מלון,מיליליטרים,350.00,"100 מ""ל",false,,6.90,0.0197,true,1,77895
7290017888095,false,"רביעיית פחיות שוופס מוגז עדין פירות יער 330 מ""ל.",יפאורה שותפות מוגבלת לשיווק,,רביעיית פחיות שוופס,מיליליטרים,1320.00,"100 מ""ל",false,,11.90,0.0090,false,1,78445
7290017888101,false,"שוויפס מוגז עדין אפרסק מארז רביעייה* 330 מ""ל",יפאורה שותפות מוגבלת לשיווק,,רביעיית פחיות שוופס,מיליליטרים,1320.00,"100 מ""ל",false,,11.90,0.0090,false,1,78446
7290017888644,false,"משקה אננס בננה כורכום פרות & ווג 350 מ""ל",יפאורה שותפות מוגבלת לשיווק,,FRUITַַ&VEG כורכום א,מיליליטרים,350.00,"100 מ""ל",false,,6.90,0.0197,true,1,83547
7290017888729,false,שוופס סודה בקבוק 1 ל',יפאורה שותפות מוגבלת לשיווק,,שוופס סודה 1 ליטר,ליטרים,1.00,ליטר,false,,3.90,3.9000,false,1,83548
7290017888972,false,בקבוק מי עדן פקק ספורט 1 ליטר,יפאורה שותפות מוגבלת לשיווק,,מי עדן פקק ספורט 1,ליטרים,1.00,ליטר,false,,3.50,3.5000,true,1,84024
7290017894010,false,גרין קוקו - מי קוקוס אורגני 1עם אננס 1 ליטר,בן טרה ג'\וינט סטוק )בטר,,גרין קוקו מי קוקוס א,ליטרים,1.00,ליטר,false,,18.90,18.9000,true,1,82300
7290017894089,false,קמח שיבולת שועל דגש 400 גרם,אף. סי תבליני הגליל,,דגש קמח שיבולת שועל,גרמים,500.00,100 גרם,false,,19.90,0.0398,true,1,86500
7290017894102,false,דגש פנה אורז תירס ללא גלוטן,נטורפוד בעמ,,פסטה פנה אורז תירס ל,גרמים,400.00,100 גרם,false,,8.90,0.0223,true,1,85908
7290017894119,false,פוזילי אורז תירס דגש 400 גרם,אנדריאני,,פסטה פוזילי אורז תיר,גרמים,400.00,100 גרם,false,,8.50,0.0213,true,1,85909
7290017894256,false,"פריכיות מאורז מלא לל""ג דגש 230 גרם",דגש,,דגש פריכיות מאורז מל,גרמים,230.00,100 גרם,false,,11.90,0.0517,true,1,119956
7290017894287,false,שקיות אוכל מנייר אקולוגי 50 יח,,,אקופרנד שקיות אוכל מ,יחידה,0.00,יחידה,false,,12.90,0.0000,true,1,121814
7290017894324,false,חמאת אגוזי נמר קשיו וקקאו 350 גרם,,,חמאת אגוזי נמר קשיו,גרמים,350.00,100 גרם,false,,31.00,0.0886,true,1,121363
7290017894348,false,חמאת אגוזי נמר שקדים ופיסטוק 350 גרם,,,חמאת אגוזי נמר שקדים,גרמים,350.00,100 גרם,false,,31.00,0.0886,true,1,121365
7290017907208,false,תערובת קמח רב תכליתי לנמנעים מגלוטן,י.איטליאנו אחזקות בעמ,,קמח תמי רב תכליתי לל,גרמים,500.00,100 גרם,false,,18.90,0.0378,true,1,87878
7290017907222,false,תערובת קמח תופח לנמנעים מגלוטן,י.איטליאנו אחזקות בעמ,,קמח תמי תופח ללא גלו,גרמים,500.00,100 גרם,false,,18.90,0.0378,true,1,87880
7290017907239,false,תערובת תמי לעוגת שוקולד ללא גלוטן 450 גר,י.איטליאנו אחזקות בעמ,,תערובת תמי לעוגת שוק,גרמים,450.00,100 גרם,false,,18.90,0.0420,true,1,117170
7290017907246,false,סולת מאורז לנמנעים מגלוטן,י.איטליאנו אחזקות בעמ,,תמי סולת ללא גלוטן,גרמים,300.00,100 גרם,false,,15.90,0.0530,true,1,88255
7290017907253,false,פתיתים מאורז לנמנעים מגלוטן,י.איטליאנו אחזקות בעמ,,תמי פתיתים ללא גלוטן,גרמים,300.00,100 גרם,false,,15.90,0.0530,true,1,87998
7290017917382,false,אל סבון היגייני לניקוי יסודי ולהרגע העור clean & calm,"פישר תעשיות פרמבצטיות בע""מ",,אל סבון נוזלי להרגעת,ליטרים,1.00,ליטר,false,,15.90,15.9000,true,1,79171
7290017917467,false,קמיל בלו סנסטי בשיבולת שועל אל סבון טיפולי לתינוק,"פישר תעשיות פרמצביטות בע""מ",,קמיל בלו אל סבון שיב,ליטרים,1.00,ליטר,false,,29.90,29.9000,true,1,79191
7290017925554,false,"חמישיית בירה לאגר באדוויזר 5*330 מ""ל+כוס",הכרם משקאות חריפים בעמ,,בירה באדוויזר + כוס,מיליליטרים,1650.00,"100 מ""ל",false,,27.90,0.0169,true,1,120637
7290017928036,false,מקלות גריסיני שומשום מאיר בייגל 175 גרם,מאיר את בייגל,,מקלות גריסיני שומשום,גרמים,175.00,100 גרם,false,,10.90,0.0623,true,1,80953
7290017928043,false,מקלות גריסיני קראנץ' מלח מאיר בייגל 175 גרם,מאיר את בייגל,,גריסיני קראנץ' מלח 1,גרמים,175.00,100 גרם,false,,10.90,0.0623,true,1,80954
7290017928098,false,בייגלה שטוח מלח 330 גר` מאיר בייגל,מאיר את בייגל,,שטוחל'ה עם מלח 330 ג,גרמים,330.00,100 גרם,false,,10.90,0.0330,true,1,118178
7290017928463,false,מאיר בייגל -סמאש-שבורים בטעם דבש חרדל ובצל 300 גרם,דנשר (1963) בעמ,,סמאש שברי בייגלה בטע,גרמים,300.00,100 גרם,false,,13.90,0.0463,true,1,87345
7290017928609,false,בייגלה טבעות שומשום מאיר בייגל 300 גרם,מאיר את בייגל,,טבעות שומשום מאיר בי,גרמים,300.00,100 גרם,false,,10.90,0.0363,true,1,80960
7290017928661,false,מאיר בייגל -סמאש-שבורים בטעם צ'דר 300 גרם,"דנשר (1963) בע,מ",,סמאש שברי בייגלה בטע,גרמים,300.00,100 גרם,false,,13.90,0.0463,true,1,87346
7290017928821,false,מקלות גריסיני קלאסי מאיר בייגל 200 גרם,מאיר את בייגל,,מקלות גריסיני קלאסי,גרמים,200.00,100 גרם,false,,10.90,0.0545,true,1,80963
7290017932088,false,תחתית אפויה לפאי 170 גרם גאלה,מור ים מרקטינג בעמ,,תחתית אפויה לפאי,גרמים,170.00,100 גרם,false,,12.90,0.0759,true,1,85538
7290017932231,false,"סירופ מייפל טהור גאלה 250 מ""ל",בולדוק מייפל פרודקס,,מייפל אמיתי טהור גאל,מיליליטרים,250.00,"100 מ""ל",false,,23.90,0.0956,true,1,119227
7290017947105,false,לחם אנג'ל בסגנון אמריקה 500 גרם,מאפיית שלמה א. אנג'\ל בע,,לחם בסגנון אמריקה אנ,גרמים,500.00,100 גרם,false,,13.50,0.0270,true,1,81898
7290017947457,false,חלה קלועה כוסמין אנג'ל ארוזה 500 גרם,מאפיית שלמה א.אנג'ל,,חלה קלועה כוסמין אנג,גרמים,500.00,100 גרם,false,,16.90,0.0338,true,1,117075
7290017947464,false,שמיניית פיתות כוסמין אנג'ל 8*50 גרם,מאפיית שלמה א.אנג'\ל בע\,,פיתות כוסמין 8 יח' א,גרמים,400.00,100 גרם,false,,12.90,0.0323,true,1,85216
7290017947495,false,לחמניות כוסמין 6 יח(450 גר`)אנג`ל,מאפיית שלמה א.אנג'\ל,,לחמניות כוסמין שישיי,גרמים,450.00,100 גרם,false,,14.90,0.0331,true,1,85927
7290017947891,false,לחם אנג'ל כוסמין וחיטה מלאה 750 גרם,מאפיית שלמה א. אנג'\ל בע,,לחם אנג'ל כוסמין וחי,גרמים,750.00,100 גרם,false,,12.90,0.0172,true,1,81843
7290017947921,false,לחמניות המבורגר בסגנון אמריקאי מארז 6 יח',מאפיית שלמה א. אנג'\ל בע,,שש לחמניות המבורגר א,גרמים,450.00,100 גרם,false,,12.50,0.0278,true,1,82036
7290017947938,false,מיני לחמניות המבורגר בסגנון אמריקה 400 ג' אנג'ל,מאפיית שלמה א. אנג'\ל בע,,לחמניות המבורגר 8 יח,גרמים,400.00,100 גרם,false,,13.90,0.0348,true,1,85218
7290017962153,false,עוגיות כוסמין שקדים חמוציו טבעוני 230 גר,,,עוגיות כוסמין שקדים,גרמים,230.00,100 גרם,false,,22.90,0.0996,true,1,119507
7290018043295,false,חטיף חלבון טעם ונילה קראנץ 60ג,דיפלומט מפיצים (1968) בעמ**,,חטיף חלבון בטעם וניל,גרמים,60.00,100 גרם,false,,11.90,0.1983,true,1,117547
7290018043844,false,חטיף חלבון בוטנים קרמל קראנץ 60 ג' פראוד,דיפלומט מפיצים (1968) בעמ**,,פראוד חטיף חלבון בוט,גרמים,60.00,100 גרם,false,,11.90,0.1983,true,1,120433
7290018045084,false,דגני בוקר בון בון במילוי קרם בטעם בראוני,ר.ב. מוצרי דגנים בעמ,,דגנים בון בון במילוי,גרמים,480.00,100 גרם,false,,21.90,0.0456,true,1,118621
7290018045695,false,דגני בוקר בון בון במילוי קרם בטעם קרמל מ,ר.ב. מוצרי דגנים בעמ,,דגנים בון בון במילוי,גרמים,480.00,100 גרם,false,,21.90,0.0456,true,1,118623
7290018045893,false,דגני בוקר בון בון במילוי קרם נוגט 480 גר,ר.ב. מוצרי דגנים בעמ,,דגנים בון בון במילוי,גרמים,480.00,100 גרם,false,,21.90,0.0456,true,1,118620
7290018071236,false,כפפות ניטרו V כחולות אלסטיות XL ללא אבקה 100 יחידות,אינטרסן (1996) בעמ,,כפפות ניטרו V כחולות,יחידה,0.00,יחידה,false,,22.90,0.0000,true,1,88518
7290018071250,false,כפפות פלסטיק M שחורות אלסטיות 100 יחידות,אינטרסן (1996) בעמ,,כפפות פלסטיק שחורות,יחידה,0.00,יחידה,false,,10.00,0.0000,true,1,87597
7290018071267,false,כפפות פלסטיק L שחורות אלסטיות 100 יחידות,אינטרסן (1996) בעמ,,כפפות פלסטיק שחורות,יחידה,0.00,יחידה,false,,10.00,0.0000,true,1,87598
7290018071274,false,כפפות פלסטיק XL שחורות אלסטיות 100 יחידות,אינטרסן (1996) בעמ,,כפפות פלסטיק שחורות,יחידה,0.00,יחידה,false,,10.00,0.0000,true,1,87599
7290018091074,false,בצק עוגיות שוקולד צ'יפס 300 גרם מעדנות,תנובה מרכז שיתופי לשיווק תוצרת,,בצק עוגיות שוקולד צ',גרמים,300.00,100 גרם,false,,16.90,0.0563,true,1,121283
7290018091234,false,פיצה מקסיקנית 270 גר מעדנות,תנובה קפואים,,פיצה מקסיקנית מעדנות,גרמים,270.00,100 גרם,false,,14.90,0.0552,false,1,85497
7290018091272,false,בצק עוגיות קקאו טריפל שוקולד צ'יפס 300 גרם מעדנות,תנובה מרכז שיתופי לשיווק תוצרת,,בצק עוגיות קקאו טריפ,גרמים,300.00,100 גרם,false,,16.90,0.0563,true,1,121284
7290018091470,false,גלילת ביסקוויטים בטעם שוקולד 300 גרם מעדנות,תנובה מרכז שיתופי לשיווק תוצרת,,גלילת ביסקוויטים בטע,גרמים,300.00,100 גרם,false,,16.90,0.0563,true,1,121285
7290018091661,false,פיצה ירקות שוק מעדנות 380 גרם,תנובה מרכז שיתופי לשיווק תוצרת,,פיצה ירקות שוק 380 ג,גרמים,380.00,100 גרם,false,,18.90,0.0497,true,1,117897
7290018091821,false,פיצה נפוליטנה מעדנות 200 גרם,תנובה ענף ב.ע.ד,,פיצה נפוליטנה מעדנות,גרמים,210.00,100 גרם,false,,14.90,0.0710,false,1,85498
7290018131053,false,נסטלה מאגדת קרחוני לימון אננס וולנס 70X10 גרם,גלידות נסטלה )נגה גלידות,,נסטלה מאגדת קרחוני ל,גרמים,735.00,100 גרם,false,,23.90,0.0325,true,1,81912
7290018131534,false,מאגדת מיני בייטס מילקה 201 גרם,שוורצקוף& הנקל דיסלד,,מאגדת מיני בייטס מיל,גרמים,250.00,100 גרם,false,,18.90,0.0756,true,1,85130
7290018131558,false,מאגדת מיני בייטס אוראו 201 גרם,שוורצקוף& הנקל דיסלד,,מאגדת שלגונים מיני ב,גרמים,240.00,100 גרם,false,,18.90,0.0787,true,1,85316
7290018131831,false,נסטלה מאגדת שלגון מילקה וניל חדש8 4*66ג,נגה גלידות שותפות מוגבלת,,מאגדת שלגונים מילקה,גרמים,284.00,100 גרם,false,,31.90,0.1123,true,1,87601
7290018131855,false,אקסטרים טילון בראוניז בדצ מאגדת 6*72 גרם נסטלה,נגה גלידות שותפות מוגבלת,,מאגדת אקסטרים בראוני,גרמים,432.00,100 גרם,false,,32.00,0.0741,true,1,87719
7290018131879,false,אקסטרים טילון חלב בדצ מאגדת 6*72 גרם נסטלה,נגה גלידות שותפות מוגבלת,,מאגדת אקסטרים ריבת ח,גרמים,432.00,100 גרם,false,,32.00,0.0741,true,1,87720
7290018131954,false,מאגדת לה פרוטה תות שוקולד נסטלה 350 גרם,נגה גלידות שותפות מוגבלת,,מאגדת שלגונים לה פרו,גרמים,350.00,100 גרם,false,,27.90,0.0797,true,1,87603
7290018132388,false,"מטרנה גולד בד""ץ שלב 2 700 גרם",קבוצת אוסם סחר שותפות מוגבלת,,מטרנה גולד שלב 2 700,גרמים,700.00,100 גרם,false,,75.90,0.1084,false,1,121066
7290018156124,false,"אל סבון קמיל צבעוני ד""ר פישר שלישיה* 500 מ""ל","פישר תעשיות פרמצביטות בע""מ",,אל סבון קמיל שלישייה,מיליליטרים,1500.00,"100 מ""ל",false,,18.90,0.0126,true,1,81491
7290018165447,false,רזרב גולד מרלו ( 750 מל) יקבי ברקן,יקבי ברקן שיווק והפצה בע,,רזרב גולד מרלו 750 מ,מיליליטרים,750.00,"100 מ""ל",false,,34.90,0.0465,false,1,87185
7290018192023,false,מקלות סלרי ארוז יח',קונס`-מרינה פטריות הגליל בעמ*ש,,מקלות סלרי,יחידה,0.00,יחידה,false,,6.90,0.0000,true,1,80410
7290018192658,false,מארז זוג פטריות פורטובלה ושמפיניון מרינה,קונס`-מרינה פטריות הגליל בעמ*ש,,צמד חמד שמפניון מרינ,יחידה,0.00,יחידה,false,,15.90,0.0000,true,1,84711
7290018198056,false,תפוגן קוביות תפוחי אדמה 9*1.5קג,קבוצת אוסם סחר שותפות מוגבלת,,תפוגן קוביות תפוחי א,קילוגרמים,1.50,"ק""ג",false,,25.90,17.2667,true,1,83277
7290018198148,false,"תפוגן קריספי צ'יפס קלאסי 1.25 ק""ג",קבוצת אוסם סחר-שות.מוגבלת,,תפוגן קריספי צ'יפס ק,קילוגרמים,1.25,"ק""ג",false,,25.90,20.7200,true,1,88585
7290018198209,false,צ'יפס בטטה קראנצ'י תפוגן 500 גרם,קבוצת אוסם סחר שותפות מוגבלת,,תפוגן צ'יפס בטטה קרא,גרמים,500.00,100 גרם,false,,19.90,0.0398,true,1,86509
7290018208052,false,תמר לח חיאני 500 גרם,,,תמר לח 500 גר,גרמים,500.00,100 גרם,false,,9.90,0.0198,true,1,84007
7290018213100,false,דלי מגבונים לניקוי כללי שייני focus,,,דלי מגבונים לניקוי כ,יחידה,0.00,יחידה,false,,19.90,0.0000,true,1,83985
7290018213124,false,דלי מטליות לחות לריצ,,,דלי מטליות לחות לריצ,יחידה,0.00,יחידה,false,,29.90,0.0000,true,1,122324
7290018219331,false,פיסטוק קלוי 150 גרם זארובי,זארובי,,פיסטוק קלוי 150 גר',גרמים,150.00,100 גרם,false,,10.00,0.0667,true,1,117687
7290018219584,false,ערמונים אורגניים קלויים קלופים 100 ג' זארובי,זארובי,,ערמונים אורגניים קלו,גרמים,100.00,100 גרם,false,,5.00,0.0500,false,1,119317
7290018228586,false,מפיץ ריח באמצעות מקל,,,מפיץ ריח באמצעות מקל,יחידה,0.00,יחידה,false,,29.90,0.0000,true,1,119645
7290018236086,false,"נקניקיות עוף טוב במליחות מעודנת 1ק""ג.",קבוצת אוסם סחר שותפות מוגבלת,,נקניקיות עוף במליחות,קילוגרמים,1.00,"ק""ג",false,,31.90,31.9000,true,1,83526
7290018237281,false,עוף טוב נקניק סלמי ירדן 550 גר',קבוצת אוסם סחר-שות.מוגבלת,,סלמי ירדן 550 גר,גרמים,550.00,100 גרם,false,,24.90,0.0453,true,1,89950
7290018237373,false,עוף טוב פסטרמה צרובה על הגריל נתח שלם 8*300 גרם,קבוצת אוסם סחר-שות.מוגבלת,,עוף טוב פסטרמה צרובה,גרמים,300.00,100 גרם,false,,26.90,0.0897,true,1,89669
7290018237397,false,עוף טוב פסטרמה מקורמלת נתח שלם 8*300 גרם,קבוצת אוסם סחר שותפות מוגבלת,,עוף טוב פסטרמה מקורמ,גרמים,300.00,100 גרם,false,,26.90,0.0897,true,1,89670
7290018237410,false,עוף טוב פסטרמה במעשנה נתח שלם 8*300 גרם,קבוצת אוסם סחר-שות.מוגבלת,,עוף טוב פסטרמה במעשנ,גרמים,300.00,100 גרם,false,,26.90,0.0897,true,1,89671
7290018237489,false,פסטרמה ברביקיו דק דק עוף טוב 200 גרם,קבוצת אוסם סחר-שות.מוגבלת,,עוף טוב דק דק פסטרמה,גרמים,220.00,100 גרם,false,,21.00,0.0955,true,1,118479
7290018237496,false,פסטרמה בדבש דק דק עוף טוב 200 גרם,קבוצת אוסם סחר-שות.מוגבלת,,עוף טוב דק דק פסטרמה,גרמים,220.00,100 גרם,false,,21.00,0.0955,true,1,118480
7290018237502,false,עוף טוב כתף בקר דק-דק 200 גרם,קבוצת אוסם סחר-שות.מוגבלת,,עוף טוב דק דק כתף בק,גרמים,200.00,100 גרם,false,,19.90,0.0995,true,1,118478
7290018237885,false,עוף טוב נקניקיות א.לארג ללחמנייה 370 גרם,קבוצת אוסם סחר-שות.מוגבלת,,נקנקיות אקסטרא לאר'ג,גרמים,370.00,100 גרם,false,,12.90,0.0349,true,1,119978
7290018237922,false,שניצלונים ציפוי צ'יפס עוף טוב 700 גרם,קבוצת אוסם סחר שותפות מוגבלת,,שניצלונים בציפוי צ'י,גרמים,700.00,100 גרם,false,,18.90,0.0270,true,1,119971
7290018237939,false,שניצלונים ציפוי שומשום עוף טוב 700 גרם,קבוצת אוסם סחר שותפות מוגבלת,,שניצלונים בציפוי שומ,גרמים,700.00,100 גרם,false,,18.90,0.0270,true,1,119970
7290018237960,false,עוף טוב כתף בקר עסיסי 265 גרם,קבוצת אוסם סחר שותפות מוגבלת,,עוף טוב כתף בקר עסיס,גרמים,265.00,100 גרם,false,,24.90,0.0940,true,1,120863
7290018249123,false,אינסטנט פודינג סוויטאנגו בטעם וניל,י.איטליאנו אחזקות בעמ,,אינסטנט פודינג וניל,גרמים,50.00,100 גרם,false,,12.50,0.2500,true,1,85276
7290018249154,false,ממרח קקאו עם אגוזי סוויטאנגו 350 גר`,י.איטליאנו אחזקות בעמ,,ממרח קקאו עם אגוזי ס,גרמים,350.00,100 גרם,false,,31.90,0.0911,true,1,120656
7290018249802,false,ממתיק סוויטאנגו צנצנת 280 גרם,י.איטליאנו אחזקות בעמ,,סווינטגו ממתיק 280 ג,גרמים,280.00,100 גרם,false,,28.90,0.1032,true,1,83952
7290018249994,false,סוויטאנגו תחליף סוכר ממתיק 700 גר',י.איטליאנו אחזקות בעמ,,ממתיק סווינאנגו 700,גרמים,700.00,100 גרם,false,,56.90,0.0813,true,1,83172
7290018282731,false,אל סבון מרובעים שלישה סוגים שונים500 מל,פארמה דיל (פ.א.ב.) שיווק והפצה,,אל סבון בניחוח מאסק,מיליליטרים,500.00,"100 מ""ל",false,,8.90,0.0178,true,1,87335
7290018293027,false,מקל וניל בורבון מדגס,לורן אויילס,,מקל וניל בורבון מדגס,גרמים,3.00,100 גרם,false,,21.00,7.0000,true,1,87440
7290018293058,false,"עלי טורטייה 20 ס""מ 8",,,"עלי טורטייה 20 ס""מ 8",גרמים,320.00,100 גרם,false,,9.90,0.0309,true,1,121209
7290018293454,false,"עלי טורטייה 25 ס""מ 6 יח' וינצ'י 370 גרם",,,"עלי טורטייה 25 ס""מ 6",גרמים,370.00,100 גרם,false,,9.90,0.0268,true,1,121210
7290018294208,false,"סלקטדאדום ישראלי יבש כרמל 750 מ""ל",אגודת הכורמים בעמ,,סלקטד אדום ישראלי,מיליליטרים,750.00,"100 מ""ל",false,,24.90,0.0332,true,1,90296
7290018294352,false,"ארק יקבי כרמל 700 מ""",אגודת הכורמים -כרמל מזרחי,,"ערק כרמל 700 מ""ל",מיליליטרים,700.00,"100 מ""ל",false,,49.90,0.0713,true,1,118486
7290018294369,false,"תירוש מיץ ענבים טבעי 700 מ""ל",יקבי כרמל Carmel Winery,,"תירוש אדום 700 מ""ל",מיליליטרים,700.00,"100 מ""ל",false,,13.90,0.0199,true,1,121487
7290018294901,false,"יין מונלייט אדום יבש 750 מ""ל כרמל",יקבי כרמל Carmel Winery,,יין כרמל MOONLIGHT א,מיליליטרים,750.00,"100 מ""ל",false,,34.90,0.0465,true,1,120650
7290018294918,false,מונלייט מוסקטו רוזה מתוק מבעבע 750מל,אגודת הכורמים -כרמל מזרחי,,יין כרמל MOONLIGHT מ,מיליליטרים,750.00,"100 מ""ל",false,,34.90,0.0465,true,1,120651
7290018296004,false,לחם מלא מלא דגנים קל,"מאפיית אגמי בע""מ",,לחם מלא מלא דגנים קל,גרמים,750.00,100 גרם,false,,13.90,0.0185,true,1,81268
7290018296042,false,לחם טוסט אמריקה אגמי,מאפיית אגמי,,לחם טוסט אמריקה אגמי,גרמים,500.00,100 גרם,false,,12.50,0.0250,true,1,90479
7290018296257,false,לחם בריאות ושובע שיבולת שועל 550 גר,מאפיית אגמי,,לחם בריאות ושובע שיב,גרמים,550.00,100 גרם,false,,16.60,0.0302,true,1,90295
7290018296400,false,לחם בריאות ושובע אגמ,"מאפיית אגמי בע""מ",,לחם בריאות ושובע אגמ,גרמים,600.00,100 גרם,false,,13.90,0.0232,true,1,81270
7290018296448,false,לחם בריוש 500 גרם,מאפיית אגמי,,לחם בריוש אגמי,גרמים,500.00,100 גרם,false,,13.90,0.0278,true,1,118809
7290018296455,false,לחם דגנים קל מרובע חלי ממן 750גר,מאפיית אגמי,,לחם דגנים קל מרובע ח,גרמים,750.00,100 גרם,false,,16.90,0.0225,true,1,120333
7290018296462,false,חליות במתיקות מעודנת,מאפיית אגמי,,חליות במתיקות מעודנת,גרמים,510.00,100 גרם,false,,18.50,0.0363,true,1,120132
7290018296608,false,לחם בריאות ושובע 9 דגנים קל,מאפיית אגמי,,לחם בריאות ושובע 9 ד,גרמים,600.00,100 גרם,false,,13.90,0.0232,true,1,81271
7290018296615,false,פיתה ביס כוסמין מלא 10יח,"מאפיית אגמי בע""מ",,פיתה ביס כוסמין מלא,גרמים,450.00,100 גרם,false,,16.60,0.0369,true,1,81273
7290018296646,false,חלת כוסמין תחתית קרט,מאפיית אגמי,,חלת כוסמין אגמי,גרמים,400.00,100 גרם,false,,17.50,0.0438,true,1,85872
7290018296653,false,לחם אחיד פלוס כוסמין מרובע 700גר,מאפיית אגמי,,לחם אחיד פלוס כוסמין,גרמים,700.00,100 גרם,false,,16.90,0.0241,true,1,120334
7290018296806,false,לחם בריאות ושובע מועשר בסיבים,מאפיית אגמי,,לחם בריאות ושובע מוע,גרמים,600.00,100 גרם,false,,13.90,0.0232,true,1,81267
7290018296813,false,פיתה ביס קלה 10 יח 4,"מאפיית אגמי בע""מ",,פיתה קלה ביס 10 יח',גרמים,450.00,100 גרם,false,,13.90,0.0309,true,1,81272
7290018333006,false,"שוקולד מריר עם שברי שקדים פרימיום 70% לל""ס כרמית","כרמית תעשיות ממתקים בע""\",,"שוקולד אגו 70% לל""ס",גרמים,100.00,100 גרם,false,,8.50,0.0850,true,1,87945
7290018333686,false,גרנולה פרו 250 גרם עם פקאן וחמוציות,רפאלס,,גרנולה פרו פקאן חמוצ,גרמים,250.00,100 גרם,false,,14.90,0.0596,true,1,119768
7290018333693,false,גרנולה פרו עם קשיו ופירות יבשים 600 גר',רפאלס,,גרנולה רפאל 600 גר',גרמים,600.00,100 גרם,false,,22.90,0.0382,true,1,90099
7290018333945,false,חטיף אגוזים רפאלס שקד ווניל בדצ 150 גר *12יח,כרמית תעשיות ממתקים בעמ,,חטיף אגוזים רפאלס שק,גרמים,150.00,100 גרם,false,,14.90,0.0993,true,1,89355
7290018333952,false,חטיף אגוזים רפאלס וחמוציות בדצ 150 גר *12יח,כרמית תעשיות ממתקים בעמ,,חטיף אגוזים וחמוציות,גרמים,150.00,100 גרם,false,,14.90,0.0993,true,1,89356
7290018333969,false,חטיף גרנולה רפאלס שקדים וטחינה בדצ 150 גר *12יח,כרמית תעשיות ממתקים בעמ,,חטיף גרנולה שקדים וט,גרמים,150.00,100 גרם,false,,14.90,0.0993,true,1,89357
7290018333976,false,חטיף גרנולה רפאלס קשיו וקוקוס בדצ 150 גר *12יח,כרמית תעשיות ממתקים בעמ,,חטיף גרנולה קשיו וקו,גרמים,150.00,100 גרם,false,,14.90,0.0993,true,1,89358
7290018338070,false,חיטה פריקי טבעי 500 גרם,תבואות,,חיטת פריקי 500 גר' ת,גרמים,500.00,100 גרם,false,,12.90,0.0258,true,1,86172
7290018338100,false,טחינה אורגנית משומשו,תבואות,,טחינה אורגנית משומשו,גרמים,500.00,100 גרם,false,,15.90,0.0318,true,1,87252
7290018338544,false,פסטה פוזילי כוסמין ל,פוד סרויס,,פוסילי מקמח כוסמין ל,גרמים,500.00,100 גרם,false,,14.90,0.0298,true,1,119515
7290018338698,false,פנה דורום מלא אורגני 500 גרם,תבואות,,פנה מקמח דורום אורגנ,גרמים,500.00,100 גרם,false,,8.40,0.0168,true,1,119117
7290018338827,false,פסטה כוסמין עדש וקינואה אורגני 400 גרם,תבואות,,פוזילי כוסמין עדשים,גרמים,400.00,100 גרם,false,,19.90,0.0497,true,1,117935
7290018338957,false,מחית תפוח אוכמניות רימון אורגני 100 גרם,תבואות,,מחית תפוח אוכמניות ר,גרמים,100.00,100 גרם,false,,4.90,0.0490,true,1,122155
7290018359112,false,פאסאטה מחית עגבניות איטלקיות קלה יכין690,אמיליאנה קונסרב,,מחית עגבניות יכין 69,גרמים,690.00,100 גרם,false,,8.90,0.0129,true,1,84801
7290018359129,false,פולפה עגבניות חתוכות מקולפות דק יכין 690 גרם,אמיליאנה קונסרב,,פולפה עגבניות מקולפו,גרמים,690.00,100 גרם,false,,8.90,0.0129,true,1,86148
7290018359334,false,רכז עגבניות טבעי פריכוז שף יכין 580 גרם,זנלכל בעמ,,פריכוז שף רסק עגבניו,גרמים,580.00,100 גרם,false,,10.90,0.0188,true,1,86149
7290018359358,false,שלישית רוטב עגבניות מרוכז מאודפריכוז יכין 200 גרם,זנלכל בעמ,,פריכוז יכין שלישייה,גרמים,600.00,100 גרם,false,,10.90,0.0182,true,1,88180
7290018359464,false,קראנצ`י תירס חטיף טבעי יכין 27גר,זנלכל בעמ,,קראנץ תירס טבעי יכין,גרמים,27.00,100 גרם,false,,5.90,0.2185,true,1,117121
7290018359471,false,קראנצ`י תפוח חטיף טבעי יכין 18גר,זנלכל בעמ,,קראנץ תפוח טבעי יכין,גרמים,18.00,100 גרם,false,,5.90,0.3278,true,1,117122
7290018359495,false,תירס מהשדה בלי תוספת סוכר יכין 550 גרם,היינץ צפון אמריקה מק,,תירס מהשדה ללא תוספת,גרמים,335.00,100 גרם,false,,8.90,0.0266,true,1,85575
7290018359518,false,תירס מהשדה בלי תוספת סוכר יכין מארז 200X3 גר',היינץ צפון אמריקה מק,,שלישיית תירס מהשדה ל,גרמים,600.00,100 גרם,false,,13.90,0.0232,true,1,86550
7290018359556,false,תירס מהשדה בלי תוספת סוכר יכין 400 גרם,זנלכל בעמ,,תירס מהשדה ללא סוכר,גרמים,400.00,100 גרם,false,,6.90,0.0173,true,1,86656
7290018359570,false,"שלישיית שעועית צ'ילי ""הקטניה הטובה"" יכין",זנלכל בעמ,,שעועית צ'ילי מארז של,גרמים,600.00,100 גרם,false,,12.90,0.0215,true,1,87501
7290018359587,false,חומוס שלם הקטניה הטובה יכין מארז 3*200,זנלכל בעמ,,חומוס מארז שלישייה ה,גרמים,600.00,100 גרם,false,,12.90,0.0215,true,1,87502
7290018359655,false,מארז פטריות חתוכות יכין 200X3 גרם,זנלכל בעמ,,פטריות חתוכות שלישיי,גרמים,345.00,100 גרם,false,,10.90,0.0316,true,1,120620
7290018359662,false,קוביות סלק יכין מארז שלישייה 3*200 גרם,זנלכל בעמ,,קוביות סלק יכין שליש,גרמים,600.00,100 גרם,false,,13.90,0.0232,true,1,88181
7290018359679,false,הקיסרית-שעועית לימה יכין 550 גרם,קריות זול,,שעועית לימה ענקית במ,גרמים,305.00,100 גרם,false,,8.90,0.0292,true,1,118748
7290018359686,false,יכין חומוס גדול 550 גר A2,היינץ צפון אמריקה מק,,חומוס ענק יכין,גרמים,290.00,100 גרם,false,,8.50,0.0293,true,1,90410
7290018359716,false,רוטב עגבניות פיצה טוסקנה 240 גרם יכין,"זנלכל בע""\מ",,רוטב פיצה טוקסנה 240,גרמים,240.00,100 גרם,false,,4.90,0.0204,true,1,88237
7290018359853,false,עדשים שחורות יכין 400 גרם,"זנלכל בע""מ",,עדשים שחורות יכין,גרמים,265.00,100 גרם,false,,6.90,0.0260,true,1,90411
7290018359860,false,רסק עגבניות ליקופן טבעי 2*200גר יכין .,זנלכל בעמ,,רסק עגבניות ליקופן 1,גרמים,400.00,100 גרם,false,,14.90,0.0373,true,1,118693
7290018359877,false,רסק עגבניות ליקופן טבעי 3*200גר יכין.,זנלכל בעמ,,רסק עגבניות טבעי 100,גרמים,600.00,100 גרם,false,,14.90,0.0248,true,1,118694
7290018359884,false,פולפה עגבניות ליקופן טבעית 2*400 יכין,זנלכול יכין,,פולפה ליקופן טבעית 1,גרמים,800.00,100 גרם,false,,16.90,0.0211,true,1,118695
7290018359938,false,"רוטב עגבניות לשקשוקה יכין, 400 גרם",זנלכול יכין,,רוטב עגבניות לשקשוקה,גרמים,400.00,100 גרם,false,,11.90,0.0298,true,1,120567
7290018359945,false,רוטב עגבניות פיקנטי מפלפלים וירקות יכין 400 גרם,זנלכול יכין,,חאריפה רוטב פיקנטי מ,גרמים,400.00,100 גרם,false,,11.90,0.0298,true,1,120528
7290018359952,false,רוטב עגבניות לפסטה יכין 400 גרם,זנלכול יכין,,רוטב עגבניות לפסטה י,גרמים,400.00,100 גרם,false,,11.90,0.0298,true,1,120529
7290018359969,false,רוטב עגבניות לפיצה יכין 400 גרם,זנלכול יכין,,רוטב עגבניות לפיצה י,גרמים,400.00,100 גרם,false,,11.90,0.0298,true,1,120530
7290018371299,false,אובלטים אורגניים מקמח חומוס 100 גרם,השדה מוצרים טבעיים ו,,אובלטים אורגניים מקמ,גרמים,100.00,100 גרם,false,,11.90,0.1190,true,1,88488
7290018371480,false,וופל קמח כוסמין חרובים אורגני 200 גרם,השדה מוצרים טבעיים ו,,וופל כוסמין חרובים 2,גרמים,200.00,100 גרם,false,,14.50,0.0725,true,1,118064
7290018371503,false,וופל קמח כוסמין אגוזים אורגני 200 גרם,השדה מוצרים טבעיים ו,,וופל קמח כוסמין אגוז,גרמים,200.00,100 גרם,false,,14.50,0.0725,true,1,117294
7290018394021,false,ח.תקוע פטריות מלך היער,חוות פטריות תקוע,,פטריות מלך היער,יחידה,0.00,יחידה,false,,13.90,0.0000,true,1,89054
7290018394038,false,פטריות שיטאקה מיובשות חוות תקוע 25 גרם,ביכורי השדה צפון 1994 ג.ד. בעמ,,פטריות שיטאקי מיובשו,גרמים,25.00,100 גרם,false,,8.40,0.3360,true,1,86368
7290018394083,false,שופ פנינה חוות תקוע 200 גרם,חוות פטריות תקוע בעמ*קונסיגנצי,,שום פנינה 250 גר' חו,גרמים,250.00,100 גרם,false,,12.90,0.0516,true,1,90101
7290018394113,false,דואט פטריות שי-מג'י חוות תקוע,,,דואט פטריות שי-מג'י,גרמים,300.00,100 גרם,false,,21.50,0.0717,true,1,120568
7290018394151,false,מיקס פטריות אקזוטי חוות תקוע,"פנטה אמפאק בע""מ",,מיקס פטריות אקזוטי,גרמים,400.00,100 גרם,false,,24.90,0.0622,true,1,120158
7290018394199,false,שום קלוף חוות תקוע 200ג,,,שום קלוף 170 גר' חוו,גרמים,170.00,100 גרם,false,,8.90,0.0524,true,1,122116
7290018400036,false,חגיגת טעמים כתומים לתנור סנפרוסט 800 גרם,תנובה קפואים,,חגיגית טעמים כתומים,גרמים,800.00,100 גרם,false,,21.00,0.0263,true,1,89226
7290018400661,false,לקט פאייה בסגנון ספרדי סנפרוסט 800 גרם,תנובה קפואים,,לקט פאייה בסגנון ספר,גרמים,800.00,100 גרם,false,,21.00,0.0263,true,1,90405
7290018400807,false,טברנה יוונית סנפרוסט 800 גרם,"סנפרוסט בע""מ",,לקט טברנה יוונית סנפ,גרמים,800.00,100 גרם,false,,21.00,0.0263,true,1,86138
7290018423028,false,יערת דבש 500 גר',,,יערת דבש 500 גר',גרמים,500.00,100 גרם,false,,36.90,0.0738,true,1,86556
7290018440070,false,תרכיז עגבניות בשפורפרת 28BX בלה איטליה 200 ג',תה ויסוצקי (ישראל) בעמ,,תרכיז עגבניות בשפורפ,יחידה,0.00,יחידה,false,,8.90,0.0000,true,1,86434
7290018440193,false,פליפז בייגלה בציפוי קרם בטעם חמאת בוטנים מקוויטיס 140 גרם,תה ויסוצקי (ישראל) בעמ,,פליפז בייגלה בציפוי,גרמים,140.00,100 גרם,false,,8.90,0.0636,true,1,87651
7290018440209,false,פליפז בייגלה בציפוי פאדג' לבן מקוויטיס 140 גרם,תה ויסוצקי (ישראל) בעמ,,פליפז בייגלה בציפוי,גרמים,140.00,100 גרם,false,,8.90,0.0636,true,1,87652
7290018440223,false,תה צ'אי מסאלה 25 שקיקים ויסוצקי,תה ויסוצקי (ישראל) בעמ,,צ'אי מסאלה,גרמים,50.00,100 גרם,false,,19.90,0.3980,true,1,117583
7290018440230,false,תה צ'אי ורדים 25 שקיקים ויסוצקי,תה ויסוצקי (ישראל) בעמ,,צ'אי ורדים,גרמים,50.00,100 גרם,false,,19.90,0.3980,true,1,117585
7290018440247,false,תה צ'אי שקדים0 25 שקיקים ויסוצקי,תה ויסוצקי (ישראל) בעמ,,צ'אי שקדים,גרמים,50.00,100 גרם,false,,19.90,0.3980,true,1,117584
7290018440254,false,תה צ'אי קרמל מלוח 25 שקיקים ויסוצקי,תה ויסוצקי (ישראל) בעמ,,צ'אי קרמל מלוח,גרמים,50.00,100 גרם,false,,19.90,0.3980,true,1,117586
7290018440384,false,תה ירוק מאטה לימון נענע ויסוצקי 25 יחידות,תה ויסוצקי (ישראל) בעמ,,תה ירוק מאטה לימון נ,גרמים,37.50,100 גרם,false,,24.90,0.6640,false,1,117567
7290018440407,false,תה ירוק מאטה קקאו לוז ויסוצקי 25 יחידות,תה ויסוצקי (ישראל) בעמ,,תה ירוק מאטה קקאו לו,גרמים,37.50,100 גרם,false,,24.90,0.6640,false,1,117565
7290018440438,false,Calvo טונה בשמן זית פתיחה קלה 3 * 65 גרם,תה ויסוצקי (ישראל) בעמ,,טונה EASY ELIP בשמן,גרמים,195.00,100 גרם,false,,25.90,0.1328,true,1,120608
7290018440476,false,פליפז בייגלה מצופה בקרם עוגת גבינה ותותים מקוויטיס 140 גרם,תה ויסוצקי (ישראל) בעמ,,בייגלה מצופה בקרם עו,גרמים,140.00,100 גרם,false,,8.90,0.0636,true,1,117389
7290018440483,false,פליפז בייגלה מצופה בקרמל מלוח ושוקולד מקוויטיס 140 גרם,תה ויסוצקי (ישראל) בעמ,,בייגלה מצופה בקרמל מ,גרמים,140.00,100 גרם,false,,8.90,0.0636,true,1,117390
7290018440490,false,סלט טונה קאלוו עם קוסקוס 150 גר,תה ויסוצקי (ישראל) בעמ,,סלט טונה עם קוסקוס 1,גרמים,150.00,100 גרם,false,,13.90,0.0927,true,1,120611
7290018441626,false,גלידת פיינטים מנטה עוגיות 430 ג' בן וג'ירי,מוצרי איכות אמריקאיים בעמ,,בן אנד ג'ריס גלידת מ,מיליליטרים,500.00,"100 מ""ל",false,,18.90,0.0378,true,1,118786
7290018468326,false,נקניקיה טבעונית בסגנון אמריקאי טירת צבי 400 גרם,תנובה מרכז שיתופי לשיווק תוצרת,,נקניקיה צמחונית בסגנ,גרמים,400.00,100 גרם,false,,32.90,0.0822,true,1,120155
7290018468401,false,פסטרמה צמחונית בטעם גריל 100 גר טירת צבי,תנובה מרכז שיתופי לשיווק תוצרת,,פסטרמה צמחונית בטעם,גרמים,120.00,100 גרם,false,,14.90,0.1242,true,1,121908
7290018468418,false,פסטרמה צמחונית טעם מפולפל 120 גרם טירת צבי,תנובה מרכז שיתופי לשיווק תוצרת,,פסטרמה צמחונית בטעם,גרמים,120.00,100 גרם,false,,14.90,0.1242,true,1,121911
7290018468425,false,נקניק טבעוני בטעם פיקנטי 100 גרם טירת צבי,תנובה מרכז שיתופי לשיווק תוצרת,,נקניק טבעוני בטעם פי,גרמים,100.00,100 גרם,false,,14.90,0.1490,true,1,121909
7290018468432,false,נקניק טבעוני בטעם מעושן 100 גרם טירת צבי,תנובה מרכז שיתופי לשיווק תוצרת,,נקניק טבעוני בטעם מע,גרמים,100.00,100 גרם,false,,14.90,0.1490,true,1,121910
7290018471111,false,שוופס ליים מוחיטו 330 מל זכוכית,יפאורה שותפות מוגבלת לשיווק,,שוופס ליים מוחיטו 33,מיליליטרים,330.00,"100 מ""ל",false,,4.90,0.0148,true,1,88433
7290018471180,false,משקה פרוט& ווג' אננס תפוח גזר 1 ליטר,יפאורה שותפות מוגבלת לשיווק,,פרוט & ווג' אננס תפו,ליטרים,1.00,ליטר,false,,11.90,11.9000,true,1,88598
7290018471197,false,פרוט אנד ווג` תפוח בננה מלון נענע 1 ליטר,יפאורה שותפות מוגבלת לשיווק,,פרוט & ווג' תפוח בננ,ליטרים,1.00,ליטר,false,,11.90,11.9000,true,1,88599
7290018471210,false,ספרינג נקטר אגס סברס תפוח 1ליטר קרטוני,יפאורה שותפות מוגבלת לשיווק,,ספרינג קרטונית אגס ת,ליטרים,1.00,ליטר,false,,6.90,6.9000,false,1,88604
7290018471395,false,משקה פרוט& ווג' תפוח רימון ג'ינג'ר 1 ליטר,יפאורה שותפות מוגבלת לשיווק,,פרוט & ווג' תפוח רימ,ליטרים,1.00,ליטר,false,,11.90,11.9000,true,1,88597
7290018471463,false,תפוזינה נקטר תפוז מנגו קרטונית 1 ליטר,יפאורה שותפות מוגבלת לשיווק,,תפוזינה נקטר תפוז מנ,ליטרים,1.00,ליטר,false,,6.90,6.9000,false,1,88918
7290018471470,false,תפוזינה נקטר תפוז פסיפלורה קרטונית 1 ליטר,יפאורה שותפות מוגבלת לשיווק,,תפוזינה נקטר תפוז פס,ליטרים,1.00,ליטר,false,,6.90,6.9000,false,1,88919
7290018471494,false,תפוזינה משקה תפוז גזר קרטונית 1 ליטר,יפאורה שותפות מוגבלת לשיווק,,תפוזינה משקה תפוז גז,ליטרים,1.00,ליטר,false,,6.90,6.9000,false,1,88921
7290018471616,false,שוופס אינדיאן טוניק 1 ליטר,יפאורה שותפות מוגבלת לשיווק,,שוופס טוניק קלאסי 1,ליטרים,1.00,ליטר,false,,9.00,9.0000,false,1,89378
7290018471630,false,שוופס טוניק מלפפון ליים 1 ליטר,יפאורה שותפות מוגבלת לשיווק,,שוופס טוניק מלפפון ל,ליטרים,1.00,ליטר,false,,9.00,9.0000,false,1,89379
7290018471906,false,שוופס מוגז פירות לימונדה ורודה 1.5 ליטר פיקדון,יפאורה - שותפות מוגבלת לשיווק,,שוופס מוגז פירות לימ,ליטרים,1.50,ליטר,false,,8.90,5.9333,false,1,117923
7290018471913,false,משקה מוגז פירות תפוחים שוופס 1.5 ליטר,יפאורה - שותפות מוגבלת לשיווק,,שוופס מוגז פירות תפו,ליטרים,1.50,ליטר,false,,8.90,5.9333,false,1,117924
7290018471920,false,שוופס מוגז פירות ענבים 1.5 ליטר פיקדון,יפאורה - שותפות מוגבלת לשיווק,,שוופס מוגז פירות ענב,ליטרים,1.50,ליטר,false,,8.90,5.9333,false,1,117925
7290018471937,false,שוופס מוגז פירות תות ליים 1.5 ליטר פיקדון,יפאורה - שותפות מוגבלת לשיווק,,שוופס מוגז פירות תות,ליטרים,1.50,ליטר,false,,8.90,5.9333,false,1,117926
7290018471944,false,שוופס מוגז פירות לימונייד 1.5 ליטר פיקדון,יפאורה - שותפות מוגבלת לשיווק,,שוופס מוגז פירות לימ,ליטרים,1.50,ליטר,false,,8.90,5.9333,false,1,117927
7290018471951,false,שוופס מוגז פירות אשכולית אדומה 1.5 ליטר פיקדון,יפאורה - שותפות מוגבלת לשיווק,,שוופס מוגז פירות אשכ,ליטרים,1.50,ליטר,false,,8.90,5.9333,false,1,117928
7290018493045,false,"קרם ידיים מועשר בשמן קוקוס ד""ר פישר 100 מ""ל",פישר תעשיות פרמבצטיות בעמ,,קרם ידיים מועשר בשמן,מיליליטרים,100.00,"100 מ""ל",false,,15.90,0.1590,true,1,87401
7290018493144,false,קמיל קלין &נוריש אל סבון מועשר בשמן ארגן 1 ליטר,"פישר תעשיות פרמצביטות בע""מ",,קמיל אל סבון מועשר ב,ליטרים,1.00,ליטר,false,,15.90,15.9000,true,1,87289
7290018500361,false,"לחם שחור פרוס 900 גרם ""אנג'ל"" -מוצר בפיקוח",מאפיית שלמה א. אנג'\ל בע,,לחם אחיד פרוס אנג'ל,גרמים,900.00,100 גרם,false,,8.53,0.0095,false,1,120652
7290018516324,false,פאוץ' פרינוק תפוח עץ עם שיבולת שועל 120 גרם,גורי מוצרי צריכה (1991) בעמ,,מחית תפוח ושיבולת שו,גרמים,120.00,100 גרם,false,,5.90,0.0492,true,1,90555
7290018516331,false,פאוץ' פרינוק תפוח בננה ושיבולת שועל 120 גרם,גורי מוצרי צריכה (1991) בעמ,,מחית תפוח בננה ושבול,גרמים,120.00,100 גרם,false,,5.90,0.0492,true,1,90556
7290018516348,false,מחית פרינוק פאוץ' שיבולת שועל סלט פירות 120 גרם,גורי מוצרי צריכה (1991) בעמ,,סלט פירות ושיבולת שו,גרמים,120.00,100 גרם,false,,5.90,0.0492,true,1,90557
7290018517024,false,"בסיס לפיצה בנוסח איטלקי 30 ס""מ 4 יח'",נאמן לאורך זמן בעמ,,בסיס לפיצה בנוסח איט,גרמים,440.00,100 גרם,false,,10.90,0.0248,true,1,87347
7290018517086,false,מעדן פרי דובדבן ללא סוכר 280גר,נאמן לאורך זמן בעמ,,מעדן פרי דובדבן ללא,גרמים,280.00,100 גרם,false,,11.50,0.0411,true,1,119094
7290018517093,false,מעדן פרי משמש ללא סוכר 280גר,נאמן לאורך זמן בעמ,,מעדן פרי משמש ללא תו,גרמים,280.00,100 גרם,false,,11.50,0.0411,true,1,119095
7290018517215,false,רסק תפוחי עץ ללא תוספת סוכר 710גר,נאמן לאורך זמן בעמ,,רסק תפוחי עץ ללא תוס,גרמים,710.00,100 גרם,false,,9.90,0.0139,true,1,90496
7290018517246,false,רוטב רימונים מרוכז נאמן 340 ג',נאמן לאורך זמן בעמ,,רוטב רימונים מרוכז 3,גרמים,340.00,100 גרם,false,,9.90,0.0291,true,1,117708
7290018540329,false,שקית פיתה פיתה בלדי 800 ג' אנג'ל,מאפיית שלמה א. אנג'\ל בע,,פיתות אנג'ל 8 יח',גרמים,880.00,100 גרם,false,,11.50,0.0131,true,1,87776
7290018540817,false,ארטיזנל לחם מחמצת כוסמין אנג'ל 500 גרם,שלמה א. אנג`ל בעמ,,ארטיזנל לחם מחמצת כו,גרמים,500.00,100 גרם,false,,14.90,0.0298,true,1,118130
7290018540824,false,ארטיזנל לחם מחמצת כפרי אנג'ל 500 גרם,שלמה א. אנג`ל בעמ,,ארטיזנל לחם מחמצת כפ,גרמים,500.00,100 גרם,false,,14.90,0.0298,true,1,118131
7290018540831,false,ארטיזנל לחם מחמצת חיטה מלאה ודגנים אנג'ל 500 גרם,שלמה א. אנג`ל בעמ,,ארטיזנל לחם מחמצת חי,גרמים,500.00,100 גרם,false,,14.90,0.0298,true,1,118132
7290018564622,false,"בני דרום - שום כתוש טבליות 80 ג""ר",קפוא זן תעשיות מזון בעמ,,שום כתוש טבליות 80 ג,גרמים,80.00,100 גרם,false,,9.90,0.1238,true,1,117815
7290018641439,false,ערק אשכולית אדומה מוגז 330 מל אוק אנד,טחנת האבן קואופ בעמ,,אוק אנד אש - ערק אשכ,מיליליטרים,330.00,"100 מ""ל",false,,13.90,0.0421,true,1,118941
7290018641446,false,אוק אנד אש - ערק לימונדה מוגז,,,אוק אנד אש - ערק לימ,מיליליטרים,330.00,"100 מ""ל",false,,13.90,0.0421,true,1,117981
7290018652039,false,לה קרמריה קרמל מלוח ונוגט בדצ 6*1.4 ליטר,נגה גלידות שותפות מוגבלת,,לה קרמריה קרמל מלוח,ליטרים,1.40,ליטר,false,,22.90,16.3571,true,1,87722
7290018652213,false,מאגדת חטיפי גלידה קראנץ בר 41X6 גרם,נגה גלידות שותפות מוגבלת,,נסטלה מאגדת קראנץ בר,גרמים,246.00,100 גרם,false,,22.90,0.0931,true,1,118964
7290018652671,false,"לה קרמריה שוקולד וניל 1.4 ליטר [תו אי""ל]",נגה גלידות שותפות מוגבלת,,לה קרמריה שוקו וניל,ליטרים,1.40,ליטר,false,,22.90,16.3571,false,1,119035
7290018652688,false,לה קרמריה פירות טרופיים ופירות יער נסטלה 700 גרם,נגה גלידות שותפות מוגבלת,,לה קרמריה פירות טרופ,ליטרים,1.40,ליטר,false,,22.90,16.3571,false,1,119036
7290018652886,false,שלגונים בשומן צמחי בטעמי שוקו ובננה מצופים צימקאו,נגה גלידות שותפות מוגבלת,,מאגדת שלגונים מצופים,גרמים,476.00,100 גרם,false,,26.90,0.0565,true,1,121282
7290018652909,false,מאגדת מאגנום קפה שוקולד ופקאן 5 *43 ג' נסטלה,נגה גלידות שותפות מוגבלת,,מאגדת אספרסו שוקולד,גרמים,225.00,100 גרם,false,,27.90,0.1240,true,1,118966
7290018677124,false,גרנולה קראנצ'י חמוציות ודובדבנים ללא גלוטן וללא תוספת סוכר נוטרה זן-300 גרם,י.איטליאנו אחזקות בעמ,,גרנולה קראנצ חמוציות,גרמים,300.00,100 גרם,false,,23.90,0.0797,true,1,118334
7290018677131,false,גרנולה קראנצ'י אגוזים ושקדים ללא גלוטן וללא תוספת סוכר נוטרה זן-300 גרם,י.איטליאנו אחזקות בעמ,,גרנולה קראנצי אגוזים,גרמים,300.00,100 גרם,false,,23.90,0.0797,true,1,118335
7290018677148,false,גרנולה קראנצ'י שוקולד וקוקוס ללא גלוטן וללא תוספת סוכר נוטרה זן-300 גרם,י.איטליאנו אחזקות בעמ,,גרנולה קראנצ'י שוקול,גרמים,300.00,100 גרם,false,,23.90,0.0797,true,1,120939
7290018677155,false,תער`קמחים רב תכליתית ללא גלוטון 500 גר`,י.איטליאנו אחזקות בעמ,,תערובת קמחים רב תכלי,גרמים,500.00,100 גרם,false,,22.90,0.0458,true,1,89937
7290018677162,false,תער`קמחים רב תכליתית ללא גלוטון 500 ג,י.איטליאנו אחזקות בעמ,,תערובת רב תכליתית לל,גרמים,500.00,100 גרם,false,,20.90,0.0418,true,1,89938
7290018677209,false,סירופ מייפל אורגני 250 מל,י.איטליאנו אחזקות בעמ,,סירופ מייפל אורגני נ,מיליליטרים,250.00,"100 מ""ל",false,,23.90,0.0956,true,1,119158
7290018684238,false,קמח אורז 500 גר',,,קמח אורז 500 גר',גרמים,500.00,100 גרם,false,,12.00,0.0240,true,1,120173
7290018684849,false,"סטיביה העידן 100 מ""ל",,,"סטיביה העידן 100 מ""ל",מיליליטרים,100.00,"100 מ""ל",false,,37.90,0.3790,true,1,87124
7290018703083,false,פראוד חטיף חלבון דאבל שוקולד 60 גרם קראנץ,דיפלומט מפיצים (1968) בעמ**,,פראוד חטיף חלבון דאב,גרמים,60.00,100 גרם,false,,11.90,0.1983,true,1,120378
7290018703311,false,פראוד - חטיף חלבון קרם עוגיות קראנצ' 60ג,דיפלומט מפיצים (1968) בעמ**,,חטיף חלבון בטעם קרם,גרמים,60.00,100 גרם,false,,11.90,0.1983,true,1,120371
7290018703496,false,פראוד - חטיף חלבון בטעם בננה טופי 60 גרם,דיפלומט מפיצים (1968) בעמ**,,פראוד חטיף חלבון בננ,גרמים,60.00,100 גרם,false,,11.90,0.1983,true,1,120379
7290018708118,false,חלבה וניל פיסטוק ללא סוכר בארכה 350 גרם,קבוצת אוסם סחר-שות.מוגבלת,,בארכה חלבה וניל פיסט,גרמים,350.00,100 גרם,false,,15.90,0.0454,true,1,118255
7290018708125,false,בארכה חלבה מסולסלת וניל 250 גרם,קבוצת אוסם סחר שותפות מוגבלת,,חלבה בארכה מסולסלת ו,גרמים,250.00,100 גרם,false,,15.90,0.0636,true,1,118650
7290018724446,false,פריכיות כוסמת עם שיב,,,פריכיות כוסמת עם קוו,גרמים,145.00,100 גרם,false,,11.90,0.0821,true,1,122176
7290018724552,false,קמח שקדים ללא גלוטן 250 גרם,י.איטליאנו אחזקות בעמ,,קמח שקדים ללא גלוטן,גרמים,250.00,100 גרם,false,,22.90,0.0916,true,1,117477
7290018724736,false,ממרח פיסטוק 100% טבע,,,ממרח פיסטוק 100% טבע,גרמים,200.00,100 גרם,false,,39.90,0.1995,true,1,120983
7290018724804,false,"זרעי צ'יה ""נטורלה"" 230 גרם",י.איטליאנו אחזקות בעמ,,זרעי צ'יה נטורלה,גרמים,230.00,100 גרם,false,,12.90,0.0561,true,1,86602
7290018770023,false,"שמן זית כתית מעולה קורניאקי 750 מ""ל גהשאן",,,שמן זית ג'השאן קורני,מיליליטרים,750.00,"100 מ""ל",false,,36.90,0.0492,true,1,87876
7290018770344,false,טחינה משומשום אתיופי,,,טחינה משומשום אתיופי,גרמים,500.00,100 גרם,false,,13.90,0.0278,true,1,121143
7290018770351,false,טחינה משומשום אתיופי,,,טחינה משומשום אתיופי,גרמים,500.00,100 גרם,false,,12.90,0.0258,true,1,121144
7290018792841,false,אבקת קקאו טבעי 150 גר` גאנה,תה ויסוצקי (ישראל) בעמ,,אבקת קקאו טבעי 150 ג,גרמים,150.00,100 גרם,false,,10.90,0.0727,true,1,120604
7290018795842,false,שיני שום קלופות 500ג מרינה,קונס`-מרינה פטריות הגליל בעמ*ש,,שיני שום קלופות 500,גרמים,500.00,100 גרם,false,,18.90,0.0378,true,1,121087
7290018874004,false,"יין יראון יקב הרי הגליל 2019 750 מ""ל",יקבי רמת הגולן,,יין יראון 2019,מיליליטרים,750.00,"100 מ""ל",false,,109.90,0.1465,true,1,120493
7290018878170,false,אגו שוקולד מריר 60% מוצקי קקאו 2*100גר,כרמית תעשיות ממתקים בעמ,,זוג שוקולד מריר אגו,גרמים,200.00,100 גרם,false,,9.90,0.0495,true,1,120642
7290018878224,false,עוגיות מיני קוקיס שוקולד בצנצנת כרמית 600 גרם,כרמית,,מיני קוקיס בטעם שוקו,גרמים,600.00,100 גרם,false,,15.90,0.0265,true,1,121793
7290018879979,false,מרשמלו רגיל לבן בטעם וניל 150 גרם ויסטהיים,כרמית תעשיות ממתקים בעמ,,מרשמלו לבן בטעם וניל,גרמים,150.00,100 גרם,false,,4.90,0.0327,true,1,121968
7290018893005,false,"חטיפי בייגלה אפוי בטעם חרדל ודבש, 160 גרם",ש.שסטוביץ בעמ,,צ'וקטה בייגלה בטעם ח,גרמים,200.00,100 גרם,false,,6.90,0.0345,true,1,117361
7290018893081,false,עוגות מגולגלות במילוי קרם חלבי וציפוי בטעם שוקולד,ש. שסטוביץ בע`מ,,צ'וקטה עוגות אישיות,גרמים,222.00,100 גרם,false,,8.90,0.0401,true,1,118009
7290018893098,false,צ'וקטה עוגויות ביסקוויט מצופה שוקולד חלב 100 גרם,דיסטרופר אוליבייר,,צ'וקטה עוגיות מצופות,גרמים,100.00,100 גרם,false,,6.90,0.0690,true,1,118767
7290018893128,false,צ'וקטה שוקולד חלב בלגי 34% 100 גרם,ש.שסטוביץ בעמ,,צ'וקטה שוקולד חלב בל,גרמים,100.00,100 גרם,false,,7.90,0.0790,true,1,118627
7290018893135,false,מקלות אפויים בתוספת מלח Salty,ש.שסטוביץ בעמ,,צ'וקטה גריסיני מלח,גרמים,120.00,100 גרם,false,,7.90,0.0658,true,1,120781
7290018893142,false,צ'וקטה גריסיני בתוספת שמן זית 120 גרם,ש.שסטוביץ בעמ,,צ'וקטה גריסיני שמן ז,גרמים,120.00,100 גרם,false,,7.90,0.0658,true,1,120782
7290018893258,false,צ'וקטה עוגות אישיות במילוי קרם קרמל ובציפוי בטעם שוקולד 300 גרם,פרדי קונדיטוריה אס.פ,,צ'וקטה עוגות אישיות,גרמים,300.00,100 גרם,false,,11.90,0.0397,true,1,90322
7290018893296,false,עוגיות חמאה מצופות שוקולד בעיטורי שוקולד לבן 100 ג',דיסטרופר אוליבייר,,צ'וקטה עוגיות חמאה מ,גרמים,100.00,100 גרם,false,,9.90,0.0990,true,1,119138
7290018893333,false,קרקרים במליחות מעודנ,סטרופוופל,,צ'וקטה קרקרים במליחו,גרמים,500.00,100 גרם,false,,12.90,0.0258,true,1,121753
7290018893456,false,צ'וקטה עוגות אישיות במילוי קרם ובציפוי בטעם שוקולד 300 גרם,"פרדי קונדיטוריה אס,פי.אי",,צ'וקטה עוגות אישיות,גרמים,300.00,100 גרם,false,,11.90,0.0397,true,1,90321
7290018893494,false,עלי וופל דקים בטעם חמאה ציוקטה 100 גר,דיסטרופר אוליבייר,,צ'וקטה עלי וופל חמאה,גרמים,100.00,100 גרם,false,,9.90,0.0990,true,1,118235
7290018893500,false,צ'וקטה עוגיות סנדביץ שוקו 180 גרם חלב נכרי,ש.שסטוביץ בעמ,,צ'וקטה עוגיות סנדווי,גרמים,180.00,100 גרם,false,,4.90,0.0272,true,1,118754
7290018893531,false,קרקרים מלוחים סלטי צ,סטרופוופל,,צ'וקטה קרקרים מלוחים,גרמים,500.00,100 גרם,false,,12.90,0.0258,true,1,121754
7290018893616,false,מארז צוקטה שוקולד מריר 48% 6*100 גר,ש. שסטוביץ בע`מ,,צ'וקטה מארז שוקולד מ,גרמים,600.00,100 גרם,false,,19.90,0.0332,true,1,118020
7290018893647,false,עוגיות סנדוויץ במילוי קרם וניל בציפוי שוקולד 150 גרם צ'וקטה,ש.שסטוביץ בעמ,,צ'וקטה עוגיות סנדביץ,גרמים,150.00,100 גרם,false,,8.90,0.0593,true,1,118297
7290018893661,false,עוגות אישיות במילוי קרם קקאו ציפוי בטעם שוקולד מריר,"פרדי קונדיטוריה אס,פי.אי",,צ'וקטה עוגות אישיות,גרמים,240.00,100 גרם,false,,10.90,0.0454,true,1,90323
7290018893708,false,עוגיות סנדוויץ' במילוי קרם בטעם שוקולד,ש.שסטוביץ בעמ,,צ'וקטה עוגיות סנדווי,גרמים,250.00,100 גרם,false,,6.90,0.0276,true,1,118752
7290018893746,false,צוקטה בייגלה עגבניות ועשבי תיבול 180 גרם,ש.שסטוביץ בעמ,,צ'וקטה בייגלה עגבניו,גרמים,180.00,100 גרם,false,,6.90,0.0383,true,1,121134
7290018893753,false,עלי וופל חמאה בטעם לימון 100 גר` צוקטה,ש.שסטוביץ בעמ,,צ'וקטה וופל חמאה בטע,גרמים,100.00,100 גרם,false,,9.90,0.0990,true,1,121085
7290018893807,false,צוקטה בטעם שוקולד מריר 60% 3 יח' 300 גרם,אייברקקאו אס אי. יו,,שוקולד צ'וקטה מריר 6,גרמים,300.00,100 גרם,false,,10.90,0.0363,true,1,117561
7290018893814,false,צ'וקטה חמישיית שוקולד מריר 48%,הדקלאים אגודת שיתופי,,שוקולד מריר 48% חמיש,גרמים,500.00,100 גרם,false,,15.90,0.0318,true,1,117370
7290018893852,false,חטיפי בייגלה דקיקים ופריכים שומשום צ'וקטה 200 ג',ש.שסטוביץ בעמ,,צ'וקטה בייגלה בתוספת,גרמים,200.00,100 גרם,false,,6.90,0.0345,true,1,117359
7290018893876,false,עוגות אישיות רכות עם מילוי קרם בטעם וניל,פרדי קונדיטוריה אס.פ,,צ'וקטה עוגות אישיות,גרמים,200.00,100 גרם,false,,10.90,0.0545,true,1,90325
7290018893913,false,"צ`וקטה ממרח אגוזי לוז עם מקלות גריסיני קקאו, 52 גרם",ש.שסטוביץ בעמ,,צוקטה מקלות גריסיני,גרמים,52.00,100 גרם,false,,6.50,0.1250,true,1,118930
7290018893920,false,לוקיטוס סוכריות ג'לי בטעמי פירות 700 גרם,ש. שסטוביץ בע`מ,,לוקיטוס סוכריות ג'לי,גרמים,700.00,100 גרם,false,,18.90,0.0270,true,1,121751
7290018893937,false,לוקיטוס סוכריות ג'לי בטעמי פירות 300 גרם,ש. שסטוביץ בע`מ,,לוקיטוס סוכריות ג'לי,גרמים,300.00,100 גרם,false,,9.90,0.0330,true,1,121752
7290018894002,false,קוביות וופל במילוי קרם קקאו - חלבי,ש. שסטוביץ בע`מ,,בלקוני וופל קוביות ק,גרמים,250.00,100 גרם,false,,10.90,0.0436,true,1,119139
7290018894200,false,וופל קוביות ווניל בלקוני 250 גרם,ש. שסטוביץ בע`מ,,בלקוני וופל קוביות ו,גרמים,250.00,100 גרם,false,,10.90,0.0436,true,1,118927
7290018894408,false,קוביות וופל במילוי קרם אגוזי לוז - חלבי,ש. שסטוביץ בע`מ,,בלקוני וופל קוביות א,גרמים,250.00,100 גרם,false,,10.90,0.0436,true,1,119141
7290018921609,false,"ד""ר פישר - קמיל בלו קרם החתלה קלנדולה 120 גרם","פישר תעשיות פרמצבטיות בע""מ",,קמיל בלו קרם החתלה ק,גרמים,120.00,100 גרם,false,,21.90,0.1825,true,1,121246
7290018925065,false,מיץ תפוזים סחוט פרימור (2 ליטר),שטראוס גרופ בעמ/מצונן,,מיץ תפוזים סחוט פרימ,ליטרים,2.00,ליטר,false,,26.90,13.4500,false,1,118251
7290018925072,false,פרימור טרי מיץ לימונים עם נענע 2 ליטר,שטראוס גרופ בעמ/מצונן,,משקה קל לימונים ונענ,ליטרים,2.00,ליטר,false,,27.90,13.9500,false,1,118252
7290018925089,false,"מיץ פרימור תפו""ע צלול סחוט 2 ליטר-",שטראוס גרופ בעמ/מצונן,,מיץ תפוחים צלול 100%,ליטרים,2.00,ליטר,false,,26.90,13.4500,false,1,118253
7290018925126,false,משקה קל תפוחי עץ פרימור 1.5 ליטר,גניר (1992) בעמ,,משקה קל תפוחי עץ ‏5‏,ליטרים,1.50,ליטר,false,,8.00,5.3333,false,1,117806
7290018925409,false,משקה לימון ואננס 400 מל פרימור,שטראוס גרופ בעמ/מצונן,,מיץ לימון ואננס 400,מיליליטרים,400.00,"100 מ""ל",false,,8.70,0.0218,true,1,121141
7290018949009,false,גרופר משקה קל מוגז אורגני תפוזזה 330 מל,טחנת האבן קואופ בעמ,,גרופר משקה קל מוגז א,מיליליטרים,330.00,"100 מ""ל",false,,7.90,0.0239,true,1,118013
7290018949016,false,גרופר משקה קל מוגז אורגני תפוחוחה 330 מל,טחנת האבן קואופ בעמ,,גרופר משקה קל מוגז א,מיליליטרים,330.00,"100 מ""ל",false,,7.90,0.0239,true,1,118014
7290018949023,false,גרופר משקה קל מוגז אורגני לימוננדה 330 מ,טחנת האבן קואופ בעמ,,גרופר משקה קל מוגז א,מיליליטרים,330.00,"100 מ""ל",false,,7.90,0.0239,true,1,118015
7290018989005,false,שלישיית פולפה עגבניות טבעי יכין 400X3 גרם,זנלכול יכין,,פולפה טבעית שלישייה,גרמים,1200.00,100 גרם,false,,16.90,0.0141,true,1,118696
7290018989081,false,יכין חומוס הבית להכנת חומוס טרי 410 גי,זנלכל בעמ,,חומוס הבית להכנת חומ,גרמים,250.00,100 גרם,false,,6.90,0.0276,true,1,120748
7290018989135,false,סירופ בטעם פטל יכין 1 ליטר,זנלכול יכין,,סירופ בטעם פטל יכין,ליטרים,1.00,ליטר,false,,18.90,18.9000,true,1,120741
7290019015154,false,"מבשם אוויר בוהו 250 מ""ל",,,מבשם בדים בוהו,יחידה,0.00,יחידה,false,,29.90,0.0000,true,1,119799
7290019015185,false,דפיוזר בוהו(פרחים לבנים),מוסקו בעמ,,מפיץ ריח,מיליליטרים,200.00,"100 מ""ל",false,,49.90,0.2495,true,1,119506
7290019056027,false,שוופס מוגז פירות תפוחים ללא סוכר 1.5 ליטר פיקדון,יפאורה - שותפות מוגבלת לשיווק,,שוופס מוגז פירות תפו,ליטרים,1.50,ליטר,false,,8.90,5.9333,false,1,117929
7290019056034,false,שוופס מוגז פירות אננס ללא סוכר 1.5 ליטר פיקדון,יפאורה - שותפות מוגבלת לשיווק,,שוופס מוגז פירות אננ,ליטרים,1.50,ליטר,false,,8.90,5.9333,false,1,117930
7290019056041,false,שוופס מוגז פירות לימונייד ללא סוכר 1.5 ליטר פיקדון,יפאורה - שותפות מוגבלת לשיווק,,שוופס מוגז פירות לימ,ליטרים,1.50,ליטר,false,,8.90,5.9333,false,1,117931
7290019056058,false,שוופס מוגז עדין תפוח ליים 1.5 ליטר פיקדון,יפאורה - שותפות מוגבלת לשיווק,,שוופס מוגז עדין תפוח,ליטרים,1.50,ליטר,false,,8.90,5.9333,false,1,117917
7290019056065,false,שוופס מוגז עדין פירות יער 1.5 ליטר פיקדון,יפאורה - שותפות מוגבלת לשיווק,,שוופס מוגז עדין פירו,ליטרים,1.50,ליטר,false,,8.90,5.9333,false,1,117918
7290019056072,false,שוופס מוגז עדין אננס 1.5 ליטר פיקדון,יפאורה - שותפות מוגבלת לשיווק,,שוופס מוגז עדין אננס,ליטרים,1.50,ליטר,false,,8.90,5.9333,false,1,117919
7290019056089,false,שוופס מוגז עדין ענבי ריזלינג 1.5 ליטר פיקדון,יפאורה - שותפות מוגבלת לשיווק,,שוופס מוגז עדין ענבי,ליטרים,1.50,ליטר,false,,8.90,5.9333,false,1,117920
7290019056096,false,שוופס מוגז עדין אפרסק 1.5 ליטר פיקדון,יפאורה - שותפות מוגבלת לשיווק,,שוופס מוגז עדין אפרס,ליטרים,1.50,ליטר,false,,8.90,5.9333,false,1,117921
7290019056119,false,שוופס סודה 1.5 ליטר פיקדון,יפאורה שותפות מוגבלת לשיווק,,שוופס סודה 1.5 ל',ליטרים,1.50,ליטר,false,,3.90,2.6000,false,1,117907
7290019056133,false,שוופס סודה נענע ליים 1.5 ליטר בק' בודד,יפאורה שותפות מוגבלת לשיווק,,שוופס סודה נענע ליים,ליטרים,1.50,ליטר,false,,3.90,2.6000,false,1,117911
7290019056164,false,שוופס סודה 1.5 ליטר רביעייה פיקדון,יפאורה - שותפות מוגבלת לשיווק,,שוופס סודה 1.5 ל' רב,ליטרים,6.00,ליטר,false,,12.50,2.0833,false,1,117908
7290019056171,false,שוופס סודה לימון 1.5 ליטר רביעייה פיקדון,יפאורה - שותפות מוגבלת לשיווק,,שוופס סודה לימון 1.5,ליטרים,6.00,ליטר,false,,12.50,2.0833,false,1,117909
7290019056188,false,שוופס סודה נענע ליים 1.5 ליטר רביעייה פיקדון,יפאורה - שותפות מוגבלת לשיווק,,שוופס סודה נענע ליים,ליטרים,6.00,ליטר,false,,12.50,2.0833,false,1,117912
7290019056201,false,שוופס סודה פירות יער 1.5 ליטר רביעייה פיקדון,יפאורה - שותפות מוגבלת לשיווק,,שוופס סודה פירות יער,ליטרים,6.00,ליטר,false,,12.50,2.0833,false,1,117916
7290019056232,false,משקה מוגז בטעם ליים מוחיטו 1.5 ל' שוופס,יפאורה - שותפות מוגבלת לשיווק,,שוופס ליים מוחיטו 1.,ליטרים,1.50,ליטר,false,,8.90,5.9333,false,1,117922
7290019056249,false,שוופס מים בטעמים ענבים 1.5 ליטר פיקדון,יפאורה - שותפות מוגבלת לשיווק,,שוופס מים בטעמים ענב,ליטרים,1.50,ליטר,false,,7.50,5.0000,false,1,117902
7290019056256,false,שוופס מים בטעמים תפוחים 1.5 ליטר פיקדון,יפאורה - שותפות מוגבלת לשיווק,,שוופס מים בטעמים תפו,ליטרים,1.50,ליטר,false,,7.50,5.0000,false,1,117903
7290019056263,false,שוופס מים בטעמים אפרסק 1.5 ליטר פיקדון,יפאורה - שותפות מוגבלת לשיווק,,שוופס מים בטעמים אפר,ליטרים,1.50,ליטר,false,,7.50,5.0000,false,1,117904
7290019056270,false,שוופס מים בטעמים פירות יער 1.5 ליטר פיקדון,יפאורה - שותפות מוגבלת לשיווק,,שוופס מים בטעמים פיר,ליטרים,1.50,ליטר,false,,7.50,5.0000,false,1,117905
7290019056287,false,שוופס מים בטעמים אפרסק ללא סוכר 1.5 ליטר פיקדון,יפאורה - שותפות מוגבלת לשיווק,,שוופס מים בטעמים אפר,ליטרים,1.50,ליטר,false,,7.50,5.0000,false,1,117906
7290019056294,false,שוופס ג`ינג`ר אייל 1.5 ליטר פיקדון,יפאורה - שותפות מוגבלת לשיווק,,שוופס ג'ינג'ר אייל 1,ליטרים,1.50,ליטר,false,,12.50,8.3333,false,1,117817
7290019056300,false,משקה בטעם ביטר לימון 1.5 ל' שוויפס,יפאורה - שותפות מוגבלת לשיווק,,שוופס ביטר למון 1.5,ליטרים,1.50,ליטר,false,,12.50,8.3333,false,1,117818
7290019056317,false,שוופס ראשן 1.5 ליטר פיקדון,יפאורה - שותפות מוגבלת לשיווק,,שוופס ראשן 1.5 ל',ליטרים,1.50,ליטר,false,,12.50,8.3333,false,1,117819
7290019056324,false,שוופס טוניק 1.5 ליטר פיקדון,יפאורה - שותפות מוגבלת לשיווק,,שוופס טוניק 1.5 ל',ליטרים,1.50,ליטר,false,,12.50,8.3333,false,1,117820
7290019056331,false,שוופס טוניק ללא סוכר 1.5 ליטר פיקדון,יפאורה - שותפות מוגבלת לשיווק,,שוופס טוניק ללא סוכר,ליטרים,1.50,ליטר,false,,12.50,8.3333,false,1,117821
7290019056355,false,תפוזינה לימונדה מיקס לימונענע 1.5 ליטר,יפאורה - שותפות מוגבלת לשיווק,,תפוזינה לימונענע 1.5,ליטרים,1.50,ליטר,false,,8.90,5.9333,false,1,117822
7290019056362,false,תפוזינה משקה קל ענבים 1.5 ליטר,יפאורה - שותפות מוגבלת לשיווק,,תפוזינה ענבים 1.5 ל',ליטרים,1.50,ליטר,false,,8.90,5.9333,false,1,117823
7290019056379,false,משקה קל תפוזינה 1.5 ליטר תפוזים,יפאורה - שותפות מוגבלת לשיווק,,תפוזינה תפוזים 1.5 ל,ליטרים,1.50,ליטר,false,,8.90,5.9333,false,1,117824
7290019056386,false,משקה קל תפוזינה 1.5 ליטר אשכוליות,יפאורה - שותפות מוגבלת לשיווק,,תפוזינה אשכוליות 1.5,ליטרים,1.50,ליטר,false,,8.90,5.9333,false,1,117825
7290019056393,false,משקה קל תפוזינה 1.5 ליטר תות בננה,יפאורה - שותפות מוגבלת לשיווק,,תפוזינה תות בננה 1.5,ליטרים,1.50,ליטר,false,,8.90,5.9333,false,1,117826
7290019056409,false,תפוזינה משקה קל מנגו עסיסי1.5ליטר,יפאורה - שותפות מוגבלת לשיווק,,תפוזינה מנגו 1.5 ל',ליטרים,1.50,ליטר,false,,8.90,5.9333,false,1,117827
7290019056416,false,מיץ בטעם לימונדה ורודה 1.5 ל' תפוזינה,יפאורה - שותפות מוגבלת לשיווק,,תפוזינה לימונדה ורוד,ליטרים,1.50,ליטר,false,,8.90,5.9333,false,1,117828
7290019056430,false,משקה קל תפוזינה 1.5 ליטר תפוזים לייט,יפאורה - שותפות מוגבלת לשיווק,,תפוזינה תפוזים לייט,ליטרים,1.50,ליטר,false,,8.90,5.9333,false,1,117830
7290019056447,false,משקה קל תפוזינה 1.5 ליטר אשכוליות לייט,יפאורה - שותפות מוגבלת לשיווק,,תפוזינה אשכוליות ליי,ליטרים,1.50,ליטר,false,,8.90,5.9333,false,1,117831
7290019056485,false,ספריג תה ירוק לימון לואיזה 1.5 ליטר פיקדון,יפאורה - שותפות מוגבלת לשיווק,,ספרינג תה תה ירוק לי,ליטרים,1.50,ליטר,false,,7.00,4.6667,false,1,117848
7290019056492,false,ספרינג תה מנגו אפרסק 1.5 ליטר פיקדון,יפאורה - שותפות מוגבלת לשיווק,,ספרינג תה מנגו אפרסק,ליטרים,1.50,ליטר,false,,7.00,4.6667,false,1,117849
7290019056508,false,פרוט ווטר ענבים 1.5 ליטר פיקדון,יפאורה - שותפות מוגבלת לשיווק,,פרוט ווטר ענבים 1.5,ליטרים,1.50,ליטר,false,,8.90,5.9333,false,1,117866
7290019056515,false,פרוט ווטר אננס 1.5 ליטר פיקדון,יפאורה - שותפות מוגבלת לשיווק,,פרוט ווטר אננס 1.5 ל,ליטרים,1.50,ליטר,false,,8.90,5.9333,false,1,117867
7290019056522,false,פרוט ווטר תות 1.5 ליטר פיקדון,יפאורה - שותפות מוגבלת לשיווק,,פרוט ווטר תות 1.5 ל',ליטרים,1.50,ליטר,false,,8.90,5.9333,false,1,117868
7290019056539,false,פרוט ווטר אפרסק 1.5 ליטר פיקדון,יפאורה שותפות מוגבלת לשיווק,,פרוט ווטר אפרסק 1.5,ליטרים,1.50,ליטר,false,,8.90,5.9333,false,1,117869
7290019056546,false,פרוט ווטר אבטיח 1.5 ליטר פיקדון,יפאורה - שותפות מוגבלת לשיווק,,פרוט ווטר אבטיח 1.5,ליטרים,1.50,ליטר,false,,8.90,5.9333,false,1,117870
7290019056553,false,שישיית מים מינרלים עין גדי 2 ליטר,יפאורה - שותפות מוגבלת לשיווק,,עין גדי 2 ל' שישיות,ליטרים,12.00,ליטר,false,,13.80,1.1500,false,1,118445
7290019056560,false,עין גדי מים מינרלים בקבוק 2 ליטר,יפאורה שותפות מוגבלת לשיווק,,עין גדי 2 ל' בק' בוד,ליטרים,2.00,ליטר,false,,3.80,1.9000,false,1,117934
7290019056577,false,ספרינג קל מנגו 1.5 ליטר פיקדון,יפאורה - שותפות מוגבלת לשיווק,,ספרינג מנגו 1.5 ל',ליטרים,1.50,ליטר,false,,8.90,5.9333,false,1,117851
7290019056584,false,משקה קל תפוזים ספרינג 1.5 ליטר,יפאורה - שותפות מוגבלת לשיווק,,ספרינג תפוזים 1.5 ל',ליטרים,1.50,ליטר,false,,8.90,5.9333,false,1,117852
7290019056591,false,משקה קל ענבים ספרינג 1.5 ליטר,יפאורה - שותפות מוגבלת לשיווק,,ספרינג ענבים 1.5 ל',ליטרים,1.50,ליטר,false,,8.90,5.9333,false,1,117853
7290019056607,false,משקה קל תפוחים ספרינג 1.5 ליטר,יפאורה - שותפות מוגבלת לשיווק,,ספרינג תפוחים 1.5 ל',ליטרים,1.50,ליטר,false,,8.90,5.9333,false,1,117854
7290019056614,false,משקה קל ספרינג 1.5 ליטר אפרסק,יפאורה - שותפות מוגבלת לשיווק,,ספרינג אפרסק 1.5 ל',ליטרים,1.50,ליטר,false,,8.90,5.9333,false,1,117855
7290019056621,false,משקה קל פירות טרופיים ספרינג 1.5 ליטר,יפאורה - שותפות מוגבלת לשיווק,,ספרינג פירות טרופיים,ליטרים,1.50,ליטר,false,,8.90,5.9333,false,1,117856
7290019056638,false,משקה קל תות בננה ספרינג 1.5 ליטר,יפאורה - שותפות מוגבלת לשיווק,,ספרינג תות בננה 1.5,ליטרים,1.50,ליטר,false,,8.90,5.9333,false,1,117857
7290019056645,false,משקה קל ספרינג 1.5 ליטר אגס תפוח סברס,יפאורה - שותפות מוגבלת לשיווק,,ספרינג אגס תפוח סברס,ליטרים,1.50,ליטר,false,,8.90,5.9333,false,1,117858
7290019056652,false,משקה קל ספרינג 1.5 ליטר אננס בננה,יפאורה - שותפות מוגבלת לשיווק,,ספרינג אננס בננה 1.5,ליטרים,1.50,ליטר,false,,8.90,5.9333,false,1,117859
7290019056669,false,משקה קל תפוחים דיאט ספרינג 1.5 ליטר,יפאורה - שותפות מוגבלת לשיווק,,ספרינג תפוחים דיאט 1,ליטרים,1.50,ליטר,false,,8.90,5.9333,false,1,117860
7290019056676,false,משקה קל אשכולית אננס דיאט ספרינג 1.5 ליטר,יפאורה - שותפות מוגבלת לשיווק,,ספרינג אשכוליות אננס,ליטרים,1.50,ליטר,false,,8.90,5.9333,false,1,117861
7290019056959,false,מי עדן בקבוק מתכווץ שקט 1.5 מ``ל,יפאורה - שותפות מוגבלת לשיווק,,מי עדן 1.5 ל' בק' בו,ליטרים,1.50,ליטר,false,,3.60,2.4000,false,1,117933
7290019056973,false,מי עדן שישיה בק `1.5ליטר פיקדון,יפאורה - שותפות מוגבלת לשיווק,,מי עדן 1.5 ל' שישייה,ליטרים,9.00,ליטר,false,,13.90,1.5444,false,1,117932
7290019068006,false,המבורגר אנגוס 880 גר,קצביית פרימיום,,המבורגר אנגוס 880 גר,גרמים,880.00,100 גרם,false,,69.90,0.0794,true,1,90237
7290019068013,false,קבב רומני ביתי 12 יח,קצביית פרימיום,,קבב רומני ביתי 12 יח,גרמים,840.00,100 גרם,false,,65.90,0.0785,true,1,90238
7290019068020,false,צ'וריסוס עגל טלה 12,,,צ'וריסוס עגל טלה 12,גרמים,900.00,100 גרם,false,,75.90,0.0843,true,1,90239
7290019068037,false,המבוגר אנגוס 100קפוא,קצביית פרימיום,,המבורגר אנגוס 600 גר,גרמים,600.00,100 גרם,false,,48.90,0.0815,true,1,90240
7290019068044,false,קציצות עירקיות 800 ג,,,קציצות עירקיות 800 ג,גרמים,800.00,100 גרם,false,,62.90,0.0786,true,1,90241
7290019068082,false,קבב קינמון 600 גרם ק,,,קבב קינמון 600 גר',גרמים,600.00,100 גרם,false,,71.90,0.1198,true,1,90245
7290019068099,false,קציצות עגל טלה 800 ג,,,קציצות עגל טלה 800 ג,גרמים,800.00,100 גרם,false,,62.90,0.0786,true,1,90246
7290019068129,false,קבב עגל טלה 650 גרם,,,קבב עגל טלה 650 גר',גרמים,650.00,100 גרם,false,,51.90,0.0798,true,1,90249
7290019074366,false,"אפקטיב קר תחליב רחצה מועשר בשמן ארגן 450 מ""ל",פישר תעשיות פרמצבטיות בעמ,,אפקטיב קר תחליב רחצה,מיליליטרים,450.00,"100 מ""ל",false,,14.90,0.0331,true,1,120974
7290019074762,false,"אפקטיב קר תחליב רחצה מועשר בשמן כותנה 450 מ""ל",פישר תעשיות פרמצבטיות בעמ,,אפקטיב קר תחליב רחצה,מיליליטרים,450.00,"100 מ""ל",false,,14.90,0.0331,true,1,120975
7290019074953,false,"אפקטיב קר תחליב רחצה מועשר תמצית אלוורה 450 מ""ל",פישר תעשיות פרמבצטיות בעמ,,אפקטיב קר תחליב רחצה,מיליליטרים,450.00,"100 מ""ל",false,,14.90,0.0331,true,1,120976
7290019078494,false,מארז חטיף מרציפן נטו,"אלמונדס בע""מ",,מארז מרציפן ללא תוס,גרמים,180.00,100 גרם,false,,29.90,0.1661,true,1,122021
7290019078500,false,מרציפן מצופה שוקולד,,,מרציפן מצופה שוקולד,גרמים,180.00,100 גרם,false,,29.90,0.1661,true,1,122022
7290019078722,false,מארז חטיפי מרציפן במילוי פיסתוק 6*30 גרם אלמנדוס,"אלמונדס בע""מ",,מארז חטיפי מרציפן במ,גרמים,180.00,100 גרם,false,,29.90,0.1661,true,1,122018
7290019078999,false,חטיפי מרציפן במילוי תפוז 180 גרם,"אלמונדס בע""מ",,מארז חטיפי מרציפן במ,גרמים,180.00,100 גרם,false,,29.90,0.1661,true,1,122019
7290019153078,false,שוופס ביטר למון 1.5 לייט ליטר פיקדון,יפאורה - שותפות מוגבלת לשיווק,,שוופס ביטר למון לייט,ליטרים,1.50,ליטר,false,,12.50,8.3333,false,1,119128
7290019153085,false,שוופס מוגז ליים מוחיטו ללא סוכר 1.5 ליטר-,יפאורה - שותפות מוגבלת לשיווק,,שוופס מוחיטו ללא סוכ,ליטרים,1.50,ליטר,false,,8.90,5.9333,false,1,119031
7290019153252,false,שוופס סודה תפוח 1.5 ליטר רביעייה פיקדון,יפאורה - שותפות מוגבלת לשיווק,,שוופס סודה תפוח 1.5,ליטרים,6.00,ליטר,false,,12.50,2.0833,false,1,120207
7290019153269,false,שוופס סודה אננס 1.5 ליטר רביעייה פיקדון,יפאורה - שותפות מוגבלת לשיווק,,שוופס סודה אננס 1.5,ליטרים,6.00,ליטר,false,,12.50,2.0833,false,1,120208
7290019153313,false,"משקהתפוח חמוציות אוכמניות 350 מ""ל פרות & ווג",יפאורה - שותפות מוגבלת לשיווק,,FRUITַ&VEG תפוח חמוצ,מיליליטרים,350.00,"100 מ""ל",false,,6.90,0.0197,true,1,120626
7290019153344,false,משקה קל תפוזינה 1.5 ליטר סנגרייה,יפאורה - שותפות מוגבלת לשיווק,,תפוזינה סנגרייה 1.5,ליטרים,1.50,ליטר,false,,8.90,5.9333,false,1,120364
7290019153375,false,משקה קל תפוזינה 1.5 ליטר מוחיטו,יפאורה - שותפות מוגבלת לשיווק,,תפוזינה מוחיטו 1.5 ל,ליטרים,1.50,ליטר,false,,8.90,5.9333,false,1,120366
7290019153566,false,משקה קל רימון אוכמניות דובדבן ספרינג 1.5 ליטר,יפאורה - שותפות מוגבלת לשיווק,,ספרינג רימון אוכמניו,ליטרים,1.50,ליטר,false,,8.90,5.9333,false,1,121525
7290019167020,false,עוגת גבינה עם פירות יער לייט עדן קינוחים 82 גרם,"תנובה בע""מ ***",,קינוח עוגת גבינה עם,גרמים,82.00,100 גרם,false,,6.60,0.0805,true,1,122066
7290019167037,false,תותים בקצפת עדן קינוחים 82 גרם,תנובה בעמ ***,,תותים בקצפת עדן קינו,גרמים,82.00,100 גרם,false,,6.60,0.0805,true,1,122068
7290019167044,false,קצפת עם קרם בייגלה מתוק מלוח עדן קינוחים 82 גרם,תנובה בעמ ***,,קצפת עם קרם בייגלה מ,גרמים,82.00,100 גרם,false,,6.60,0.0805,true,1,122067
7290019204008,false,עוף טוב פסטרמה ארבעה פלפלים 350 גרם,קבוצת אוסם סחר שותפות מוגבלת,,עוף טוב פסטרמה ארבעה,גרמים,350.00,100 גרם,false,,24.90,0.0711,true,1,120860
7290019204206,false,עוף טוב פסטרמה בסגנון רומני 320 גרם,קבוצת אוסם סחר-שות.מוגבלת,,עוף טוב פסטרמה בסגנו,גרמים,320.00,100 גרם,false,,24.90,0.0778,true,1,120862
7290019204305,false,חזה הודו פסטרמה ברביקיו 350 גר',קבוצת אוסם סחר שותפות מוגבלת,,עוף טוב פסטרמה ברביק,גרמים,350.00,100 גרם,false,,24.90,0.0711,true,1,120858
7290019232155,false,"חליטת ""לילה טוב"" קמומיל לבנדר ו25 שקיקים ויסוצקי",תה ויסוצקי (ישראל) בעמ,,חליטת לילה טוב קמומי,גרמים,37.50,100 גרם,false,,24.90,0.6640,true,1,122150
7290019232162,false,"חליטת ""לילה טוב"" קמומיל מליסה 25 שקיקים ויסוצקי",תה ויסוצקי (ישראל) בעמ,,חליטת לילה טוב קמומי,גרמים,37.50,100 גרם,false,,24.90,0.6640,true,1,122151
7290019232353,false,תה ירוק סיני 50 שקיקים ויסוצקי,תה ויסוצקי (ישראל) בעמ,,תה ירוק סיני 50 שקיק,גרמים,75.00,100 גרם,false,,45.90,0.6120,false,1,121697
7290019232803,false,הולגריין ביסקוויט+קרם חלב ושוקולד חלב 300 גרם רבנות,"אולקר ביסקווי סנאי, א.ס.",,הולגריין ביסקוויט עם,גרמים,300.00,100 גרם,false,,10.90,0.0363,true,1,121941
7290019232827,false,הולגריין ביסקוויט במילוי אגוזי לוז 300 גרם רבנות,"אולקר ביסקווי סנאי, א.ס.",,הולגריין ביסקוויט במ,גרמים,300.00,100 גרם,false,,10.90,0.0363,true,1,121942
7290019232834,false,פליפז בייגלה מצופה קרם עוגיות ושוקולד מקוויטיס 140 גרם,תה ויסוצקי (ישראל) בעמ,,FLIPZ בייגלה מצופה ק,גרמים,140.00,100 גרם,false,,8.90,0.0636,true,1,120440
7290019233008,false,רוטב עגבניות עם קוביות ארטישוק ושמן זית 420ג ויסוצקי,תה ויסוצקי (ישראל) בעמ,,רוטב שקשוקה ארטישוק,גרמים,420.00,100 גרם,false,,13.90,0.0331,true,1,120600
7290019233015,false,רוטב שקשוקה תבשיל ירקות עם שמן זית כתית מעולה 420ג זיתא,תה ויסוצקי (ישראל) בעמ,,רוטב שקשוקה ירוקה זי,גרמים,420.00,100 גרם,false,,13.90,0.0331,true,1,120601
7290019233022,false,רוטב עגבניות עם קוביות ושמן זית 420ג זיתא,תה ויסוצקי (ישראל) בעמ,,רוטב שקשוקה חצילים ז,גרמים,420.00,100 גרם,false,,13.90,0.0331,true,1,120602
7290019233039,false,רוטב עגבניות עם קוביות פלפלים ושמן זית 420ג' ויסוצקי,תה ויסוצקי (ישראל) בעמ,,רוטב שקשוקה קלאסית ז,מיליליטרים,420.00,"100 מ""ל",false,,13.90,0.0331,true,1,120603
7290019233046,false,זית קלמטה בלונד מרינד עם שמן זית 215 גרם,תה ויסוצקי (ישראל) בעמ,,זית קלמטה בלונדי זית,גרמים,215.00,100 גרם,false,,12.90,0.0600,true,1,118976
7290019297161,false,טורטיה ראפ מקמח תירס שקדיה 450 גרם,דין שיווק וקליה 2021 בעמ,,טורטיות ראפ מקמח תיר,גרמים,540.00,100 גרם,false,,9.90,0.0183,true,1,33312
7290019297420,false,מעדן תות שדה 100% רכיבי פרי 284 גר' ללא תוספת סוכר,דין שיווק וקליה 2021 בעמ,,מעדן תות שדה שקדיה,גרמים,284.00,100 גרם,false,,10.00,0.0352,true,1,58855
7290019297451,false,מי ורדים 500 מל דין שיווק,דין שיווק וקליה 2021 בעמ,,מי ורדים 500 מל,מיליליטרים,500.00,"100 מ""ל",false,,17.90,0.0358,true,1,60646
7290019297543,false,חמאת בוטנים 510 גר` דין שיווק,דין שיווק וקליה 2021 בעמ,,חמאת בוטנים 510 גר',גרמים,510.00,100 גרם,false,,11.90,0.0233,true,1,33308
7290019297550,false,בוטנים מטוגנים בקופסא 185 גרם,דין שיווק וקליה 2021 בעמ,,בוטנים מטוגנים בקופס,גרמים,185.00,100 גרם,false,,10.90,0.0589,true,1,64077
7290019462149,false,נבטים סינים ואלפלפא,מרינה,,נבטים סינים+אלפא,יחידה,0.00,יחידה,false,,10.90,0.0000,true,1,122291
7290055090801,false,כרמית שוקולד לבן ללא תוספת סוכר 85 גרם,כרמית תעשיות ממתקים בעמ,,כרמית שוקולד לבן ללא,גרמים,85.00,100 גרם,false,,5.90,0.0694,true,1,25921
7290100240137,false,"תרסיס ריחני למייבש כחול בדין 500 מ""ל",יוניליוור ישראל שיווק בע`מ,,תרסיס בדין למייבש כח,מיליליטרים,500.00,"100 מ""ל",false,,19.00,0.0380,true,1,14473
7290100240144,false,"תרסיס ריחני למייבש ורוד בדין 500 מ""ל",יוניליוור ישראל שיווק בע`מ,,תרסיס בדין למייבש,מיליליטרים,500.00,"100 מ""ל",false,,19.00,0.0380,true,1,14474
7290100240632,false,קרקר פתית 200-300ג' 6 דגנים 250 גרם,יוניליוור ישראל שיווק בע`מ,,פתית שישה דגנים 250,גרמים,250.00,100 גרם,false,,18.50,0.0740,true,1,14475
7290100240656,false,"פתית שיפון בד""צ חדש 300X24 גר'",יוניליוור ישראל שיווק בע`מ,,פתית שיפון 300ג' בדץ,גרמים,300.00,100 גרם,false,,18.50,0.0617,true,1,14476
7290100243084,false,מיונז אמיתי הלמנס 789גרם,יוניליוור ישראל שיווק בע`מ,,מיונז אמיתי הלמנס 78,גרמים,789.00,100 גרם,false,,26.50,0.0336,false,1,9430
7290100243671,false,"מרכך כביסה מרוכז אקסטרה כחול בדין 960 מ""ל",יוניליוור ישראל שיווק בע`מ,,בדין אקסטרא כחול 960,מיליליטרים,960.00,"100 מ""ל",false,,14.90,0.0155,false,1,2194
7290100245231,false,נמס בכוס מרק בטעם עוף עם אטריות ושקדי מרק-2 שקיות,יוניליוור ישראל שיווק בע`מ,,נמס בכוס ועוד טעם עו,גרמים,50.00,100 גרם,false,,7.00,0.1400,true,1,9455
7290100249598,false,רוטב לעוף בטעם שום ודבש קנור (320 גרם),יוניליוור ישראל שיווק בע`מ,,רוטב שום ודבש קנור 3,גרמים,310.00,100 גרם,false,,14.90,0.0481,true,1,9482
7290100412343,false,קוויק מטליות לחות 99.9% לניקוי כללי בריח לימון 50 יחידות,שקד תבל בע`מ,,מגבונים קוויק לניקוי,יחידה,0.00,יחידה,false,,7.90,0.0000,true,1,72937
7290100412466,false,מגבונים קוויק לניקוי וחיטוי רצפות בניחוח לימון 10 יח',שקד תבל בע`מ,,קוויק מגבונים לניקוי,יחידה,0.00,יחידה,false,,11.50,0.0000,true,1,84154
7290100653463,false,"פלמוליב - ארומה ג'ל רחצה מסאז' 500 מ""ל",קולגייט-פלמוליב,,פלמוליב ספא מסג',מיליליטרים,500.00,"100 מ""ל",false,,14.90,0.0298,true,1,528
7290100653586,false,"דאודורנט ג'ל פרש פיוזן 24/7 ליידי ספיד סטיק 65 מ""ל",ליידי ספיד סטיק Lady Speed Stick,,ליידי ספיד סטיק 24/7,גרמים,50.00,100 גרם,false,,19.90,0.3980,true,1,529
7290100658338,false,"נוזל לניקוי כלים אוקסי פלוס פלמוליב 750 מ""ל",הנסיך- מפעל לייצור ט,,פלמוליב אוקסי,מיליליטרים,750.00,"100 מ""ל",false,,9.90,0.0132,false,1,6693
7290100659090,false,פרי חטיפים ללא גלוטן ותוספת סוכר מארז 5 תמרים וקינמון,טבעית מוצרים מן הטבע בעמ,,חטיף דגנים תמרים וקי,גרמים,100.00,100 גרם,false,,16.50,0.1650,true,1,532
7290100680650,false,מנה חמה נודלס-אטריות ירקות טעם תאילנדי אסם 76 ג',קבוצת אוסם סחר שותפות מוגבלת,,מנה חמה נודלס איטריו,גרמים,76.00,100 גרם,false,,7.20,0.0947,false,1,6255
7290100680667,false,מנה חמה נודלס בסגנון סצ`ואן אסם (76 גרם),קבוצת אוסם סחר שותפות מוגבלת,,מנה חמה נודלס סצ'ואן,גרמים,76.00,100 גרם,false,,7.20,0.0947,false,1,6256
7290100680711,false,פירורית זהב אסם זהב 350ג',קבוצת אוסם סחר שותפות מוגבלת,,פירורית זהב 350גר',גרמים,350.00,100 גרם,false,,8.80,0.0251,false,1,6258
7290100680728,false,פירורית רגילה שקית 350 גרם,קבוצת אוסם סחר שותפות מוגבלת,,פירורית 350גר',גרמים,350.00,100 גרם,false,,7.00,0.0200,true,1,6259
7290100681015,false,אינסטנט פודינג בטעם ריבת חלב אסם 84 גרם,קבוצת אוסם סחר שותפות מוגבלת,,אינסטנט פודינג ריבת,גרמים,84.00,100 גרם,false,,5.80,0.0690,false,1,6262
7290100681138,false,מארז אפרופו חטיף תירס 3 יחידות,קבוצת אוסם סחר שותפות מוגבלת,,מארז אפרופו שלישיה,גרמים,150.00,100 גרם,false,,12.50,0.0833,false,1,6265
7290100681503,false,עסיס סירופ לימונענע דיאטטי 1 ליטר,קבוצת אוסם סחר שותפות מוגבלת,,עסיס סירופ לימונענע,ליטרים,1.00,ליטר,false,,17.90,17.9000,false,1,6267
7290100681510,false,סירופ דיאט בטעם אשכולית אדומה עסיס 1 ליטר,קבוצת אוסם סחר-שות.מוגבלת,,עסיס סירופ אשכולית א,ליטרים,1.00,ליטר,false,,17.90,17.9000,false,1,6268
7290100684764,false,במבה יום הולדת על סרט אסם 25 ג',קבוצת אוסם סחר שותפות מוגבלת,,במבה יום הולדת 25 גר,גרמים,25.00,100 גרם,false,,2.40,0.0960,true,1,6287
7290100685136,false,"אבקת מרק טעם עוף 1 ק""ג 1/8 אסם",קבוצת אוסם סחר שותפות מוגבלת,,אבקת מרק טעם עוף 1קג,קילוגרמים,1.00,"ק""ג",false,,12.90,12.9000,false,1,216
7290100685334,false,אבקת מרק עוף אמיתי בשרי רכיבים טבעיים אסם 400 גרם,קבוצת אוסם סחר שותפות מוגבלת,,אבקת מרק עוף רכיבים,גרמים,400.00,100 גרם,false,,19.90,0.0497,false,1,217
7290100685341,false,אבקת מרק טעם עוף זך רכיבים טבעיים אסם 400 גרם,קבוצת אוסם סחר שותפות מוגבלת,,אבקת מרק טעם עוף זך,גרמים,400.00,100 גרם,false,,16.90,0.0422,false,1,6295
7290100686171,false,מארז מולטיפק ביסלי גריל 6 יח 35 גר ליח,קבוצת אוסם סחר שותפות מוגבלת,,מארז ביסלי גריל,גרמים,210.00,100 גרם,false,,14.00,0.0667,false,1,6303
7290100688618,false,גביעי גלידה שוקולד אסם 95 גרם 24 יחידות,קבוצת אוסם סחר-שות.מוגבלת,,גביעי גלידה טעם שוקו,יחידה,0.00,יחידה,false,,15.50,0.0000,true,1,6310
7290100689301,false,אבקת מרק בטעם עוף זך עדיף אסם 400 גרם,קבוצת אוסם סחר שותפות מוגבלת,,אבקת מרק טעם עוף זך-,גרמים,400.00,100 גרם,false,,13.90,0.0348,false,1,6315
7290100700006,false,"סוגת חיטה 1 ק""ג","סוגת תעשיות בע""\מ",,חיטה 1קג סוגת,יחידה,1.00,יחידה,false,,7.90,7.9000,true,1,1426
7290100700020,false,גריסי פנינה סוגת (500 גרם),האי נאם סי או אל.טי.,,גריסי פנינה,גרמים,200.00,100 גרם,false,,4.90,0.0245,true,1,8681
7290100700068,false,סוגת שעועית צבעונית 500גרם,"סוגת תעשיות בע""מ",,שעועית צבעונית,גרמים,500.00,100 גרם,false,,7.90,0.0158,true,1,8682
7290100700075,false,פירורי לחם מוזהבים סוגת (200 גרם),"סוגת תעשיות בע""\מ",,פרורי לחם מוזהבים 20,גרמים,200.00,100 גרם,false,,4.00,0.0200,false,1,8683
7290100700242,false,אורז מלא עגול סוגת (1 קג),"סוגת תעשיות בע""\מ",,אורז מלא עגול 1 קג,יחידה,1.00,יחידה,false,,12.90,12.9000,true,1,8684
7290100700266,false,פירורי לחם לבנים סוגת 200 גרם,"סוגת תעשיות בע""מ",,פירורי לחם לבנים סוג,גרמים,200.00,100 גרם,false,,4.00,0.0200,false,1,1427
7290100700273,false,קינואה לבנה 500 ג סו,האי נאם סי או אל.טי.,,קינואה 500 גר סוגת,גרמים,500.00,100 גרם,false,,12.90,0.0258,true,1,8685
7290100700310,false,"סוגת כוסמת סוגת 1ק""ג","סוגת תעשיות בע""מ",,כוסמת 1קג סוגת,יחידה,1.00,יחידה,false,,13.90,13.9000,true,1,8687
7290100700334,false,קינואה לבנה 1 קג סוג,"סוגת תעשיות בע""מ",,קינואה לבנה 1 קג סוג,קילוגרמים,1.00,"ק""ג",false,,21.90,21.9000,true,1,71435
7290100700372,false,"אורז בסגנון בסמטי מלא 1 ק""ג",האי נאם סי או אל.טי.,,אורז בסמטי מלא 1קג',קילוגרמים,1.00,"ק""ג",false,,13.90,13.9000,false,1,8688
7290100700389,false,"אורז אדום 1 ק""ג ""סוגת""","סוגת תעשיות בע""\מ",,אורז אדום סוגת,קילוגרמים,1.00,"ק""ג",false,,13.90,13.9000,true,1,8689
7290100700396,false,"סוגת אורז יסמין קלאסי 1 ק""ג",האי נאם סי או אל.טי.,,אורז יסמין קלאסי 1קג,יחידה,1.00,יחידה,false,,11.90,11.9000,false,1,1428
7290100700402,false,"סוגת חומוס ענק 1 ק""ג",סוגת תעשיות בעמ,,חומוס ענק 1קג סוגת,קילוגרמים,1.00,"ק""ג",false,,19.90,19.9000,true,1,33589
7290100700419,false,"סוגת בורגול 1 ק""ג","סוגת תעשיות בע""\מ",,בורגול 1קג סוגת,יחידה,1.00,יחידה,false,,7.90,7.9000,true,1,31038
7290100700587,false,בורגול סוגת (500 גרם),האי נאם סי או אל.טי.,,בורגול סוגת 500גר,גרמים,500.00,100 גרם,false,,4.90,0.0098,false,1,8694
7290100701126,false,סוגת שעועית מש סוגת 500 גרם,סוגת תעשיות בעמ,,שעועית מש 500גר סוגת,יחידה,500.00,יחידה,false,,10.90,0.0218,true,1,8705
7290100701140,false,"אורז ריזוטו ארבוריו 1 ק""ג ""סוגת""","סוגת תעשיות בע""מ",,אורז ריזוטו ארבוריו,יחידה,1.00,יחידה,false,,13.90,13.9000,true,1,8706
7290100701157,false,אורז להכנת סושי סוגת (1 קג),"סוגת תעשיות בע""\מ",,אורז סושי 1קג סוגת,יחידה,1.00,יחידה,false,,12.90,12.9000,true,1,8707
7290100701300,false,קינואה אדומה סוגת (500 גרם),"סוגת תעשיות בע""\מ",,קינואה אדומה סוגת,גרמים,500.00,100 גרם,false,,12.90,0.0258,true,1,65237
7290100701331,false,קמח רב תכליתי שטיבל קמח חיטה לבן בהיר,"שטיבל בע""\מ - טחנות קמח",,"קמח רב תכליתי 1 ק""ג",קילוגרמים,1.00,"ק""ג",false,,6.90,6.9000,false,1,1442
7290100701348,false,"קמח שיפון מלא סוגת 1 ק""ג",שטיבל טחנות קמח,,"קמח שיפון מלא 1 ק""ג",קילוגרמים,1.00,"ק""ג",false,,6.90,6.9000,false,1,1443
7290100701409,false,קמח תירס סוגת (500 גרם),סוגת תעשיות בעמ,,קמח תירס 500 גר סוגת,גרמים,500.00,100 גרם,false,,6.20,0.0124,false,1,29502
7290100701454,false,בורגול דק גרישה סוגת (500 גרם),"סוגת תעשיות בע""\מ",,גרישה 500גר סוגת,גרמים,500.00,100 גרם,false,,4.90,0.0098,false,1,8712
7290100701577,false,קמח לחם קמח חיטה לבן שטיבל,טחנות קמח שטיבל באר שבע,,"קמח לחם 1 ק""ג סוגת",קילוגרמים,1.00,"ק""ג",false,,6.90,6.9000,false,1,1447
7290100701874,false,"קמח כוסמין מלא סוגת 1 ק""ג",טחנות קמח שטיבל באר,,קמח כוסמין 1 קג - סו,קילוגרמים,1.00,"ק""ג",false,,15.90,15.9000,false,1,26491
7290100701881,false,קמח פיצה ופוקצ'ה- קמח חיטה לבן בהיר שטיבל,"שטיבל בע""\מ - טחנת קמח",,קמח פיצה ופוקצ'ה סוג,קילוגרמים,1.00,"ק""ג",false,,6.90,6.9000,false,1,1458
7290100701898,false,קמח סוגת לפסטה 1 קג,שטיבל טחנות קמח,,קמח לפסטה -סוגת,קילוגרמים,1.00,"ק""ג",false,,12.90,12.9000,true,1,26492
7290100702260,false,קוסקוס דק סוגת 350 גרם,"אסיף תעשיות מזון בע""\מ",,קוסקוס דק סוגת,גרמים,350.00,100 גרם,false,,4.90,0.0140,false,1,23447
7290100702277,false,קוסקוס עבה סוגת 350 גרם,"אסיף תעשיות מזון בע""",,קוסקוס עבה סוגת,גרמים,350.00,100 גרם,false,,4.90,0.0140,false,1,23448
7290100702284,false,קוסקוס מלא סוגת (350 גרם),"אסיף תעשיות מזון בע""",,קוסקוס מלא סוגת,גרמים,350.00,100 גרם,false,,4.90,0.0140,false,1,23449
7290100702314,false,שעועית שחורה 500 גרם סוגת,סוגת תעשיות בעמ,,שעועית שחורה 500 גר,גרמים,500.00,100 גרם,false,,7.90,0.0158,true,1,24471
7290100702383,false,קמח תופח מס' 13 סוגת,"שטיבל בע""\מ - טחנות קמח",,קמח תופח מס' 13 סוגת,קילוגרמים,1.00,"ק""ג",false,,6.90,6.9000,false,1,24062
7290100702604,false,קמח פולנטה להכנה מהירה 500 ג',סוגת תעשיות בעמ,,פולנטה 500 גר סוגת,גרמים,500.00,100 גרם,false,,10.60,0.0212,true,1,29503
7290100702611,false,פתיתים אפויים אורז סוגת 500 גרם,"אסיף תעשיות מזון בע""\מ",,פתיתים אפויים אורז -,גרמים,500.00,100 גרם,false,,5.90,0.0118,false,1,26403
7290100702628,false,פתיתים אפויים קוסקוס סוגת 500 גרם,"אסיף תעשיות מזון בע""\מ",,פתיתים אפויים קוסקוס,גרמים,500.00,100 גרם,false,,5.90,0.0118,false,1,26404
7290100702635,false,פתיתים אפויים כוכבים סוגת 500 גרם,"אסיף תעשיות מזון בע""",,פתיתים אפויים כוכבים,גרמים,500.00,100 גרם,false,,5.90,0.0118,false,1,26405
7290100702666,false,פתיתים אפויים עם בצל 400 גר גרם סוגת,"אסיף תעשיות מזון בע""",,פתיתים אפויים עם בצל,גרמים,500.00,100 גרם,false,,5.90,0.0118,false,1,58812
7290100702673,false,פתיתים אפויים 3 צבעים 400 גר גרם סוגת,"אסיף תעשיות מזון בע""",,פתיתים אפויים 3 צבעי,גרמים,500.00,100 גרם,false,,5.90,0.0118,false,1,59082
7290100702741,false,"סוכר חום בהיר בצנצנת סוגת 1 ק""ג",סוגת תעשיות בעמ,,סוכר חום בהיר צנצנת,קילוגרמים,1.00,"ק""ג",false,,11.90,11.9000,true,1,30230
7290100702987,false,שיבולת שועל פתיתים סוגת 500 גרם,סוגת תעשיות בעמ,,שיבולת שועל 500 גר,גרמים,500.00,100 גרם,false,,4.90,0.0098,true,1,62006
7290100702994,false,סוכר דמררה קלאסי בשקית סוגת 500 גרם,"סוגת תעשיות בע""מ",,סוכר דמררה 500 גר,גרמים,500.00,100 גרם,false,,5.90,0.0118,true,1,60311
7290100703007,false,עדשים שחורות בלוגה סוגת (500 גרם),האי נאם סי או אל.טי.,,עדשים שחורים בלוגה 5,גרמים,500.00,100 גרם,false,,7.90,0.0158,true,1,60070
7290100703199,false,תבשיל אישי נודלס בטעם פיקנטי 65 ג' סוגת,קאונו גרודאי,,תבשיל אישי נודלס בטע,גרמים,65.00,100 גרם,false,,4.90,0.0754,true,1,80285
7290100703434,false,בורגול חום סוגת 500 ג',"סוגת תעשיות בע""מ",,בורגול חום סוגת,גרמים,500.00,100 גרם,false,,4.90,0.0098,false,1,64261
7290100703458,false,כוסמת לא קלויה 500ג סוגת*,"סוגת תעשיות בע""\מ",,כוסמת לא קלוי,גרמים,500.00,100 גרם,false,,7.90,0.0158,true,1,66310
7290100703489,false,פירורי לחם לבנים סוגת 500 ג',סוגת,,פירורי לחם לבנים 500,גרמים,500.00,100 גרם,false,,6.90,0.0138,true,1,66410
7290100703533,false,קמח קסם תערובת קמח שמרים סוגת 1 קג,טחנות קמח שטיבל באר שבע,,קמח קסם סוגת 1 קג,קילוגרמים,1.00,"ק""ג",false,,8.50,8.5000,true,1,66896
7290100703557,false,"קמח פוקצה 1 ק""ג ""סוגת""",סוגת תעשיות בעמ,,קמח פוקאצ'ה 1 קג סוג,קילוגרמים,1.00,"ק""ג",false,,6.90,6.9000,false,1,66170
7290100703564,false,"פתיתי שיבולת שועל עבה 500 גרם ""סוגת""",סוגת תעשיות בעמ,,שיבולת שועל עבה 500,גרמים,500.00,100 גרם,false,,4.90,0.0098,true,1,66172
7290100703625,false,קמח חיטה לבן ללא צורך בניפוי,סוגת תעשיות בעמ,,קמח לבן ללא ניפוי סו,קילוגרמים,1.00,"ק""ג",false,,7.90,7.9000,true,1,68404
7290100703632,false,קמח חיטה מלא ללא צורך בניפוי,סוגת תעשיות בעמ,,קמח מלא ללא ניפוי,קילוגרמים,1.00,"ק""ג",false,,7.90,7.9000,true,1,68407
7290100703670,false,"קמח כוסמין ללא ניפוי 1 ק""ג סוגת",סוגת תעשיות בעמ,,קמח כוסמין מלא ללא נ,קילוגרמים,1.00,"ק""ג",false,,15.90,15.9000,true,1,68410
7290100703687,false,"קמח חלה ללא ניפוי סוגת 1 ק""ג",סוגת תעשיות בעמ,,קמח חלה ללא ניפוי 1,קילוגרמים,1.00,"ק""ג",false,,7.90,7.9000,true,1,68445
7290100703847,false,קוביות סוכר לבן סוגת 500 גרם,טרופיקל,,קוביות סוכר לבן 500,גרמים,500.00,100 גרם,false,,9.90,0.0198,true,1,71260
7290100703861,false,"תערובת קסם לחלה ללא צורך בניפוי סוגת 1 ק""ג","שטיבל בע""\מ - טחנות קמח",,קמח קסם לחלה - סוגת,קילוגרמים,1.00,"ק""ג",false,,8.50,8.5000,true,1,70233
7290100703908,false,"סוכר דמררה 1 ק""ג בלמינט סוגת",סוגת תעשיות בעמ,,סוכר דמררה 1 קג,קילוגרמים,1.00,"ק""ג",false,,11.90,11.9000,true,1,70004
7290100703915,false,פופקורן להכנה במיקרוגל בטעם חמאה - מארז 6 שקיות,סוגת תעשיות בעמ,,מארז פופקורן למיקרוג,גרמים,540.00,100 גרם,false,,10.90,0.0202,true,1,72706
7290100703922,false,פופקורן להכנה במיקרוגל בטעם טבעי - מארז 6 שקיות,סוגת תעשיות בעמ,,מארז פופקורן למיקרוג,גרמים,540.00,100 גרם,false,,10.90,0.0202,true,1,72707
7290100703953,false,קוקוס לבן סוגת 500 ג,סוגת תעשיות בעמ,,קוקוס 500 גר סוגת,גרמים,500.00,100 גרם,false,,10.90,0.0218,true,1,71360
7290100703960,false,שומשום סוגת 500 גרם,סוגת תעשיות בעמ,,שומשום 500 גר סוגת,גרמים,500.00,100 גרם,false,,10.90,0.0218,true,1,71361
7290100704141,false,סוגת אבקת סודה לשתיה 100 גר`,א.ל. ייצור ושיווק תב,,סודה לשתיה 100 גר סו,גרמים,100.00,100 גרם,false,,2.50,0.0250,true,1,76014
7290100704493,false,קמח שמרים פיצה ללא צורך בניפוי 1 קג סוגת,"שטיבל בע""\מ - טחנת קמח",,קמח שמרים פיצה 1 קג,קילוגרמים,1.00,"ק""ג",false,,8.50,8.5000,true,1,86613
7290100704516,false,חומוס מיני סוגת (500 גרם),"סוגת תעשיות בע""\מ",,חומוס מיני 500 גר,גרמים,500.00,100 גרם,false,,6.50,0.0130,true,1,87800
7290100704530,false,"קמח כוסמין לבן תפוח מנופה סוגת 1 ק""ג",טחנות קמח שטיבל באר,,קמח כוסמין לבן ללא נ,קילוגרמים,1.00,"ק""ג",false,,16.90,16.9000,true,1,88098
7290100704578,false,"קמח כוסמין לבן תופח סוגת 1 ק""ג","שטיבל בע""\מ - טחנת קמח",,קמח כוסמין לבן 1 קג,קילוגרמים,1.00,"ק""ג",false,,14.90,14.9000,true,1,88099
7290100704615,false,סוכר לבן דק דק בצנצנת סוגת 500 גרם,"סוגת תעשיות בע""\מ",,סוכר לבן דק דק צנצנת,גרמים,500.00,100 גרם,false,,7.90,0.0158,false,1,90682
7290100704622,false,סוכר דמררה דק דק בצנצנת סוגת 500 גרם,"סוגת תעשיות בע""\מ",,סוכר דמררה דק דק בצנ,גרמים,500.00,100 גרם,false,,7.90,0.0158,false,1,90681
7290100704660,false,"קינואה מיקס סוגת, 500 גרם","סוגת תעשיות בע""\מ",,קינואה מיקס 500 גר,גרמים,500.00,100 גרם,false,,12.90,0.0258,true,1,88506
7290100704684,false,"קמח שמרים כוסמין סוגת רב תכליתי 1 ק""ג סוגת",סוגת תעשיות בעמ,,קמח שמרים כוסמין רב,קילוגרמים,1.00,"ק""ג",false,,19.90,19.9000,true,1,119412
7290100704707,false,אורז מיקס סוגת (500גרם),סוגת תעשיות בעמ,,אורז מיקס 500 גר - ס,גרמים,500.00,100 גרם,false,,9.90,0.0198,true,1,122170
7290100858592,false,אבקת קקאו עלית שקית 150 ג',הנסיך- מפעל לייצור ט,,קקאו עלית 150 גר,גרמים,150.00,100 גרם,false,,10.50,0.0700,true,1,12413
7290100921401,false,"שמפו הוואי מועשר בקרטין 700מ""ל",טרופיקל דגיל,,שמפו הוואי קרטין מחז,מיליליטרים,700.00,"100 מ""ל",false,,8.90,0.0127,false,1,30925
7290100921418,false,מרכך מועשר בקרטין הוואי (700 מל),טרופיקל דגיל קוסמטיק,,הוואי מרכך שיער קרטי,מיליליטרים,700.00,"100 מ""ל",false,,8.90,0.0127,false,1,30647
7290100922637,false,"הוואי שלישיית סבון נוזלי מי קוקוס 500 מ""ל",הנקל סוד בע`מ,,שלישיה אל סבון הוואי,ליטרים,1.50,ליטר,false,,15.90,10.6000,true,1,63251
7290100922651,false,הוואי - סבון מוצק מי קוקוס 100 גרם רביעייה,טרופיקל דגיל קוסמטיק,,הוואי סבון מוצק רביע,גרמים,400.00,100 גרם,false,,12.90,0.0323,true,1,68851
7290100924204,false,"פרסיל אבקה לכביסה רגיל 8 ק""ג",גורי שיווק בעמ,,אבקת כביסה פרסיל 8 ק,קילוגרמים,8.00,"ק""ג",false,,54.90,6.8625,true,1,59647
7290100924457,false,שלישיית כדוריות סבון לאסלה לימון סוד 50 גרם,גורי שיווק בעמ,,סוד מארז כדוריות לאס,גרמים,150.00,100 גרם,false,,19.90,0.1327,true,1,58363
7290100924631,false,מרכך כביסה מרוכז לבגדי תינוקות ובעלי עור רגיש,גורי שיווק בעמ,,מרכך כביסה מרוכז סוד,מיליליטרים,900.00,"100 מ""ל",false,,11.90,0.0132,true,1,61388
7290100925676,false,קולור קאצר 20 דפים לוכדי צבע למכונת כביס,גורי שיווק בעמ,,קולור קאצ'ר 20 דפים,יחידה,0.00,יחידה,false,,21.90,0.0000,true,1,64123
7290100925751,false,נוזל כלים תפוח סוד (650 מל),גורי שיווק בעמ,,"סוד נוזל כלים 650 מ""",מיליליטרים,650.00,"100 מ""ל",false,,6.90,0.0106,true,1,65321
7290100926147,false,אבקת כביסה פרסיל קולור שקית 2.5 קג,גורי שיווק בעמ,,פרסיל קולור שקית 2.5,קילוגרמים,2.50,"ק""ג",false,,24.90,9.9600,true,1,65999
7290100928516,false,סוד - ג'ל לכביסה ביד 1 ליטר,גורי שיווק בעמ,,סוד ג'ל שמפו לכביסה,ליטרים,1.00,ליטר,false,,13.90,13.9000,true,1,21266
7290101110811,false,מאגדת גלידל וניל מצופה סורבה פסיפלורה[8],פלקו בעמ חברה ישראלית,,מאגדת גלידל דיאט שלג,גרמים,600.00,100 גרם,false,,29.90,0.0498,true,1,3849
7290101112228,false,מאגדת פופסיקל גלידל פרי אננס 8 יח`,פלקו בעמ חברה ישראלית,,מאגדת שלגונים גלידל,גרמים,640.00,100 גרם,false,,24.90,0.0389,true,1,34330
7290101112921,false,"גלידל פרי פירות טרופים לל""ס 8 יחידות",פלקו בעמ חברה ישראלית,,גלידל פרי פירות טרופ,גרמים,640.00,100 גרם,false,,24.90,0.0389,true,1,73127
7290101113430,false,מאגדת גלידל סירופ שוקולד פלדמן 6 יחידות,"פלקו בע""\מ, חברה ישראלית",,גלידל שוקולד עם ריפל,גרמים,312.00,100 גרם,false,,27.90,0.0894,true,1,89593
7290101113447,false,עשירייה גלידל מיני קסטה בטעמי שוקו ווניל 270 ג' פלדמן,פלקו בעמ חברה ישראלית,,גלידל מיני סנדוויץ ב,גרמים,270.00,100 גרם,false,,29.90,0.1107,true,1,117653
7290101113454,false,מאגדת גלידל יוגורט אפרסק 8 יח 480 גרם,פלקו בעמ חברה ישראלית,,גלידל יוגורט אפרסק 8,גרמים,480.00,100 גרם,false,,35.90,0.0748,true,1,84763
7290101453871,false,נר מספר - 0 (1X12X60),שמחה זה אנחנו,,נר מספר 0,יחידה,0.00,יחידה,false,,3.90,0.0000,true,1,34543
7290101453888,false,נר מספר - 1 (1X12X60),שמחה זה אנחנו בע`מ,,נר מספר 1,יחידה,0.00,יחידה,false,,3.90,0.0000,true,1,34531
7290101453895,false,נר מספר - 2 (1X12X60),שמחה זה אנחנו,,נר מספר 2,יחידה,0.00,יחידה,false,,3.90,0.0000,true,1,34544
7290101453901,false,נר מספר - 3 (1X12X60),שמחה זה אנחנו בע`מ,,נר מספר 3,יחידה,0.00,יחידה,false,,3.90,0.0000,true,1,34532
7290101453918,false,נר מספר - 4 (1X12X60),שמחה זה אנחנו בע`מ,,נר מספר 4,יחידה,0.00,יחידה,false,,3.90,0.0000,true,1,34533
7290101453925,false,נר מספר - 5 (1X12X60),שמחה זה אנחנו בע`מ,,נר מספר- 5,יחידה,0.00,יחידה,false,,3.90,0.0000,true,1,34631
7290101453932,false,נר מספר - 6 (1X12X60),שמחה זה אנחנו בע`מ,,נר מספר 6,יחידה,0.00,יחידה,false,,3.90,0.0000,true,1,34534
7290101453949,false,נר מספר 7,שמחה זה אנחנו בע`מ,,נר מספר 7,יחידה,0.00,יחידה,false,,3.90,0.0000,true,1,34535
7290101453956,false,נר מספר - 8 (1X12X60),שמחה זה אנחנו,,נר מספר 8,יחידה,0.00,יחידה,false,,3.90,0.0000,true,1,34536
7290101453963,false,נר מספר - 9 (1X12X60),שמחה זה אנחנו,,נר מספר 9,יחידה,0.00,יחידה,false,,3.90,0.0000,true,1,34537
7290101455387,false,ביצת הפתעה עם ממתק,,,ביצת הפתעה עם ממתק,יחידה,0.00,יחידה,false,,8.00,0.0000,true,1,66088
7290101486688,false,חטיף דגנים עם שוקולד ללא גלוטן וסוכר פרי 5*20 גרם,טבעית מוצרים מן הטבע בעמ,,פרי חטיפי דגנים עם ש,גרמים,90.00,100 גרם,false,,16.50,0.1833,true,1,540
7290101488316,false,ליידי ספיד סטיק - דאודורנט סטיק לאישה ללא סימן ורוד סטיק 65 גרם,ליידי ספיד סטיק Lady Speed Stick,,ליידי ספיד סטיק ללא,גרמים,50.00,100 גרם,false,,19.90,0.3980,true,1,6708
7290101501138,false,כרובית ארוזה יחידה,ביכורי השדה צפון 1994 ג.ד. בעמ,,כרובית ארוזה,יחידה,0.00,יחידה,false,,9.90,0.0000,true,1,121122
7290101501374,false,עגבניות מגי,ביכורי השדה צפון 1994 ג.ד. בעמ,,דלעת ארוזה,קילוגרמים,1.00,"ק""ג",true,,8.90,8.9000,true,1,118868
7290101503507,false,מיני בטטה למיקרו נוף,חקלאי,,מיני בטטה למיקרו נוף,קילוגרמים,1.30,"ק""ג",false,,12.90,9.9231,true,1,79436
7290101551027,false,קפסולות קפה אספרסו חזק במיוחד 14 עלית 10 יח',הנסיך- מפעל לייצור ט,,קפסולות 14 למכונת נס,גרמים,50.00,100 גרם,false,,16.90,0.3380,true,1,76267
7290101551263,false,סילאן טבעי ללא תוספת סוכר,שטראוס גרופ בע`מ,,סילאן טבעי יד מרדכי,גרמים,700.00,100 גרם,false,,22.90,0.0327,true,1,75043
7290101551300,false,סילאן טבעי ללא תוספת סוכר בקבוק לחיץ,מכוורת יד מרדכי שטראוס ב,,סילאן טבעי לחיץ 380,גרמים,380.00,100 גרם,false,,14.90,0.0392,true,1,75044
7290101551539,false,יוגורט PRO בטעם אפרסק 0% 20 גרם חלבון בגביע,שטראוס גרופ בעמ/מצונן,,דנונה פרו 20 אפרסק,גרמים,200.00,100 גרם,false,,5.90,0.0295,false,1,75295
7290101551584,false,תפוצ'יפס קידס מארז 10 יח' * 20 ג',"שטראוס פריטו ליי בע""מ )פ",,מארז תפוצ'יפס קידס 9,גרמים,180.00,100 גרם,false,,13.90,0.0772,false,1,75568
7290101580089,false,יין יוגב קברנה סוביניון,בנימינה Binyamina,,יוגב קברנה סוביניון,יחידה,750.00,יחידה,false,,36.90,0.0492,true,1,15105
7290101581710,false,יין רזרב Reserve שיראז גליל,בנימינה Binyamina,,יין רזרב שיראז BINYA,מיליליטרים,750.00,"100 מ""ל",false,,49.90,0.0665,true,1,87829
7290101582359,false,יין בנימינה שרדונה 2017,בנימינה Binyamina,,יין המושבה שרדונה,מיליליטרים,750.00,"100 מ""ל",false,,27.90,0.0372,true,1,73576
7290101582373,false,יין המושבה גרנאש בלאש רוזה 2017,ויטה- פרי גליל (החדשה) בעמ,,יין המושבה גראנש בלא,מיליליטרים,750.00,"100 מ""ל",false,,27.90,0.0372,true,1,73574
7290101582380,false,יין בנימינה המושבה גוורצטרמינר 2017,,,יין המושבה גוורצטרמי,מיליליטרים,750.00,"100 מ""ל",false,,27.90,0.0372,true,1,73577
7290101582397,false,יין מרלו המושבה ביני,יקבי בינימינה,,יין המושבה מרלו,מיליליטרים,750.00,"100 מ""ל",false,,27.90,0.0372,true,1,73572
7290101582403,false,יין שיראז המושבה בינ,בנימינה Binyamina,,יין המושבה שיראז,מיליליטרים,750.00,"100 מ""ל",false,,27.90,0.0372,true,1,73575
7290101582618,false,יין לבן רזרב ויוניה,יקבי בנימינה,,יין רזרב ויוניה BINY,מיליליטרים,750.00,"100 מ""ל",false,,49.90,0.0665,true,1,87830
7290101828792,false,כפפות נטריל כחולות ללא אבקה S,,,כפפות ניטריל ללא אבק,יחידה,0.00,יחידה,false,,19.90,0.0000,true,1,118184
7290101828808,false,כפפות ניטריל ללא אבק,,,כפפות ניטריל ללא אבק,יחידה,0.00,יחידה,false,,19.90,0.0000,true,1,118186
7290101828815,false,כפפות נטריל כחולות ללא אבקה L,,,כפפות ניטריל ללא אבק,יחידה,0.00,יחידה,false,,19.90,0.0000,true,1,118185
7290101828822,false,כפפות ניטריל ללא אבק,,,כפפות ניטריל ללא אבק,יחידה,0.00,יחידה,false,,19.90,0.0000,true,1,118187
7290101863410,false,"סיליט באנג ספריי ניקוי עוצמתי מכיל אקונומיקה 750 מ""ל",רקיט בנקיזר (ניר איסט) בעמ,,סיליט באנג ספריי אקו,מיליליטרים,750.00,"100 מ""ל",false,,14.90,0.0199,false,1,18091
7290101864127,false,ספריי להסרת כתמים וניש קליה (750 מל),רקיט בנקיזר (ניר איסט) בעמ,,קליה אוקסי ספריי,יחידה,750.00,יחידה,false,,16.90,0.0225,true,1,18097
7290101865261,false,נוזל הברקה למדיח כלים פיניש (800 מל),רקיט בנקיזר (ניר איסט) בעמ,,פיניש נוזל הברקה 800,מיליליטרים,800.00,"100 מ""ל",false,,19.90,0.0249,true,1,4743
7290101866633,false,וניש קליה גל להסרת כתמים 3 ליטר אוקסיפרש,רקיט בנקיזר (ניר איסט) בעמ,,קליה וניש ג'ל 3 ליטר,ליטרים,3.00,ליטר,false,,29.90,9.9667,false,1,4749
7290101866787,false,וניש קליה נוזל מסיר כתמים לכביסה לבנה 3 ליטר,רקיט בנקיזר (ניר איסט) בעמ,,קליה 3 ליטר,ליטרים,3.00,ליטר,false,,29.90,9.9667,false,1,4752
7290101868460,false,"קולון 101 אבקת כביסה 8 ק""ג",רקיט בנקיזר (ניר איסט) בעמ,,"קולון 8 ק""ג 101 אבקת",קילוגרמים,8.00,"ק""ג",false,,49.90,6.2375,true,1,27611
7290101868958,false,פיניש נוזל הברקה למדיח בניחוח לימון,רקיט בנקיזר (ניר איסט) בעמ,,פיניש נוזל הברקה לימ,מיליליטרים,800.00,"100 מ""ל",false,,19.90,0.0249,true,1,33282
7290101869726,false,ג'ל מרוכז למדיח הכל ב-1 פיניש 1 ליטר,רקיט בנקיזר (ניר איסט) בעמ,,פיניש ג'ל 1 ליטר,ליטרים,1.00,ליטר,false,,39.90,39.9000,true,1,58662
7290101869733,false,פיניש ג'ל למדיח כלים בניחוח לימון 1 ליטר ALL IN 1,רקיט בנקיזר (ניר איסט) בעמ,,פיניש ג'ל לימון 1 לי,ליטרים,1.00,ליטר,false,,39.90,39.9000,true,1,58663
7290101869795,false,"מטהר אוויר אירוויק ספריי מילוי חלום ליל קיץ 250 מ""ל",רקיט בנקיזר (ניר איסט) בעמ,,מילוי מבשם אויר אטומ,מיליליטרים,250.00,"100 מ""ל",false,,14.90,0.0596,true,1,58419
7290101869818,false,"אירוויק מכשיר חשמלי+מילוי בניחוח חלום ליל קיץ 19 מ""ל",רקיט בנקיזר (ניר איסט) בעמ,,מבשם אוויר חשמלי מכש,מיליליטרים,19.00,"100 מ""ל",false,,29.90,1.5737,true,1,58421
7290101869825,false,"אירוויק מילוי למכשיר חשמלי בניחוח אואזיס 19 מ""ל",רקיט בנקיזר (ניר איסט) בעמ,,מילוי מבשם אויר חשמל,מיליליטרים,19.00,"100 מ""ל",false,,14.90,0.7842,true,1,58422
7290101869832,false,"אירוויק מילוי מבשם אויר חשמלי חלום ליל קיץ 19 מ""ל",רקיט בנקיזר (ניר איסט) בעמ,,מילוי מבשם אויר חשמל,מיליליטרים,19.00,"100 מ""ל",false,,14.90,0.7842,true,1,58423
7290101980919,false,שלישיית ביצי שוקולד פיניאס ופרב ***לא פעיל***,שמחה זה אנחנו בע`מ,,שלישיית ביצי הפתעה,גרמים,60.00,100 גרם,false,,12.90,0.2150,true,1,7612
7290101984412,false,זיקוק מספר,שמחה זה אנחנו בע`מ,,זיקוק מספר,יחידה,0.00,יחידה,false,,3.90,0.0000,true,1,34545
7290101985365,false,בקבוק אלומיניום גדול,,,בקבוק גדול ממותג,יחידה,0.00,יחידה,false,,28.90,0.0000,true,1,31853
7290101985433,false,הפתעות מארז 5 מעורב,שמחה זה אנחנו בע`מ,,הפתעות לילדים,יחידה,0.00,יחידה,false,,6.40,0.0000,true,1,57690
7290101999676,false,נרות מטה כוכבים מכונ,,,נרות מטה כוכבים מכונ,יחידה,0.00,יחידה,false,,6.40,0.0000,true,1,34517
7290101999713,false,נרות מטה לבבות - הלו קיטי(1X24),שמחה זה אנחנו בעמ,,נרות מטה לבבות הלו ק,יחידה,0.00,יחידה,false,,6.40,0.0000,true,1,34519
7290101999775,false,נרות מטה לבבות - פאוור ריינג''רס,שמחה זה אנחנו בעמ,,נרות מטה לבות,יחידה,0.00,יחידה,false,,6.40,0.0000,true,1,58868
7290102003778,false,נרות ג'מבו מאויירים,,,נרות ג'מבו מאויירים,יחידה,0.00,יחידה,false,,6.40,0.0000,true,1,61459
7290102006441,false,זר יום הולדת לראש עם פרחים לבן 1 יחידה,שמחה זה אנחנו,,זר יום הולדת לראש עם,יחידה,0.00,יחידה,false,,13.80,0.0000,true,1,34514
7290102030330,false,תפוצ`יפס אקסטרא מקסיקני 200 גרם +20 תו,"שטראוס פריטו ליי בע""\מ )",,תפוצ'יפס קראנצ' מקסי,גרמים,200.00,100 גרם,false,,10.90,0.0545,false,1,12613
7290102031276,false,מארז 8 יחידות אקטימל משקה יוגורט בטעם תות בננה,שטראוס גרופ בעמ/מצונן,,אקטימל תות 1.5% שמינ,מיליליטרים,800.00,"100 מ""ל",false,,21.10,0.0264,true,1,12098
7290102032334,false,אבקה להכנת משקה קפה בטעם וניל,שטראוס קפה בי.וי,,קפה נמס בטעם וניל 20,גרמים,200.00,100 גרם,false,,23.90,0.1195,false,1,12428
7290102060979,false,"אלמקס משחת שיניים למניעת עששת 100מ""ל",יבואן ומשווק: ש. שסט,,אלמקס משחת שיניים מש,גרמים,100.00,100 גרם,false,,15.90,0.1590,false,1,16078
7290102300822,false,גבינת צ`דר אנגלית כתומה 200 גרם,דאולי צ'יסמייקרס,,גבינת צ'דר אנגלי כתו,גרמים,200.00,100 גרם,false,,22.90,0.1145,true,1,65316
7290102300860,false,"גבינת צ'דר אנגלית לבן, 200 גרם",א. סיימן סחר בעמ,,גבינת צ'דר אנגלי,גרמים,200.00,100 גרם,false,,22.90,0.1145,true,1,65317
7290102302246,false,גבינת גאודה הולנדית 200 גרם,מיוצר עי קונדיטוריית,,גבינת גאודה 200 גר,גרמים,200.00,100 גרם,false,,22.90,0.1145,true,1,67632
7290102302253,false,"גבינת גאודה עיזים חצי קשה 34%, 200 גרם",מיוצר עי קונדיטוריית,,גאודה עיזים 200 גר,גרמים,200.00,100 גרם,false,,31.90,0.1595,true,1,67633
7290102302260,false,גבינת גרנה פדנו 200 גרם,הנסיך- מפעל לייצור ט,,גבינת גרנה פדנו 200,גרמים,200.00,100 גרם,false,,32.90,0.1645,true,1,67281
7290102302819,false,גושי טונה בהירה בשמן זית בצורת פילה 120 גרם,רמירז אנד קה פילהאוס,,גושי טונה בהירה בשמן,גרמים,120.00,100 גרם,false,,14.90,0.1242,true,1,83946
7290102302833,false,גאודה פרוסה 150 גר`הגבינות של נני,קאסמאקרי הנרי ויליך,,גאודה פרוסה 150 גר,גרמים,150.00,100 גרם,false,,21.90,0.1460,true,1,83201
7290102302840,false,גאודה עיזים פרוסה 150 גר` הגבינות של נני,מיוצר עי קונדיטוריית,,גאודה עיזים 150 גר,גרמים,150.00,100 גרם,false,,26.90,0.1793,true,1,83202
7290102302864,false,גבינה הולנדית עם פסטו ירוק 34%,הנרי ויליך Henri Willig,,גאודה פסטו ירוק,גרמים,200.00,100 גרם,false,,34.90,0.1745,true,1,82835
7290102302888,false,גבינת גאודה כמון 200 גרם,מיוצר עי קונדיטוריית,,גאודה כמון 200 גר,גרמים,200.00,100 גרם,false,,29.90,0.1495,true,1,81530
7290102303878,false,חמאת אלוויר נורמנדי 200 גרם,א.סיימן סחר בעמ,,חמאת אלוויר נורמדי,גרמים,200.00,100 גרם,false,,17.90,0.0895,true,1,90091
7290102303977,false,גוש טונה בשמן זית רוברט 140 גרם,קונסרבס פורטוגל נורטה,,גוש טונה בשמן זית,גרמים,140.00,100 גרם,false,,11.90,0.0850,true,1,121384
7290102303984,false,גוש טונה במים רוברט 140 גרם,קונסרבס פורטוגל נורטה,,גוש טונה רוברט במים,גרמים,140.00,100 גרם,false,,10.90,0.0779,true,1,121385
7290102390427,false,יוגורט ביו עם קציפת תות 3% שומן 150 ג' מולר,החברה המרכזית טלהפצת משקאות בע,,יוגורט תות 3% מולר 1,מיליליטרים,150.00,"100 מ""ל",false,,5.30,0.0353,true,1,13142
7290102390465,false,יוגורט ביו עם קציפת אפרסק ופסיפלורה 3% שומן 150 ג' מולר,החברה המרכזית טלהפצת משקאות בע,,יוגורט אפרסק ופסיפלו,מיליליטרים,150.00,"100 מ""ל",false,,5.30,0.0353,false,1,13144
7290102390489,false,יוגורט ביו עם קציפת לימון 3% שומן 150 ג' מולר,החברה המרכזית טלהפצת משקאות בע,,יוגורט לימון 3% - 15,מיליליטרים,150.00,"100 מ""ל",false,,5.30,0.0353,true,1,13145
7290102391844,false,יוגורט ביו עם קציפת פירות יער3% שומן 150 ג' מולר,החברה המרכזית טלהפצת משקאות בע,,יוגורט מולר פרופ פיר,מיליליטרים,150.00,"100 מ""ל",false,,5.30,0.0353,true,1,13153
7290102392094,false,חלב עיזים 3.7% בקרטון משק צוריאל 1 ליטר,החברה המרכזית טלהפצת משקאות בע,,חלב עיזים בקרטון 3.7,ליטרים,1.00,ליטר,false,,16.50,16.5000,true,1,13156
7290102392254,false,"חלב בקרטון 1% 2 ליטר בד""צ - מוצר בפיקוח",החברה המרכזית טלהפצת משקאות בע,,חלב 2 ליטר 1% בקרטון,ליטרים,2.00,ליטר,false,,11.72,5.8600,false,1,13159
7290102392728,false,מולר ביאנקו נטורל יוגורט טבעי 2.8%,*החברה המרכזית להפצת משקאותבעמ,,מולר ביאנקו נטורל 2.,יחידה,200.00,יחידה,false,,3.90,0.0195,true,1,13170
7290102393039,false,"יוגורט ביו קרמי מיקס פצפוצי שוקולד 7.6% מולר 170 מ""ל",החברה המרכזית טלהפצת משקאות בע,,מולר מיקס יוגורט עם,גרמים,170.00,100 גרם,false,,6.20,0.0365,false,1,13181
7290102393060,false,"יוגורט ביו קרמי מיקס גלילי ופל ואגוזים 5.9% מולר 170 מ""ל",*החברה המרכזית להפצת משקאותבעמ,,מולר מיקס יוגורט עם,גרמים,170.00,100 גרם,false,,6.20,0.0365,true,1,13182
7290102393169,false,"יוגורט סימפלי פרוט בטעם תות 3% מולר 150 מ""ל",*החברה המרכזית להפצת משקאותבעמ,,מולר סימפלי פרויט תו,מיליליטרים,150.00,"100 מ""ל",false,,5.30,0.0353,false,1,5024
7290102393176,false,סימפלי פרוט יוגורט אפרסק 3% שומן 150 ג' מולר,*החברה המרכזית להפצת משקאותבעמ,,מולר סימפלי פרויט אפ,מיליליטרים,150.00,"100 מ""ל",false,,5.30,0.0353,false,1,5025
7290102393190,false,"יוגורט סימפלי פרוט בטעם פירות יער 3% מולר 150 מ""ל",*החברה המרכזית להפצת משקאותבעמ,,מולר סימפלי פרויט פי,מיליליטרים,150.00,"100 מ""ל",false,,5.30,0.0353,false,1,5026
7290102393299,false,יוגורט עיזים לשתייה 3% משק צוריאל 500 גרם,*החברה המרכזית להפצת משקאותבעמ,,יוגורט עיזים לשתיה 3,גרמים,500.00,100 גרם,false,,12.90,0.0258,true,1,5029
7290102393848,false,יוגורט עיזים 2.4% עם תות משק צוריאל 150 גרם,*החברה המרכזית להפצת משקאותבעמ,,יוגורט עיזים תות 2.5,גרמים,140.00,100 גרם,false,,6.20,0.0443,true,1,13200
7290102393855,false,יוגורט עיזים 2.5% עם אפרסק משק צוריאל 150 גרם,*החברה המרכזית להפצת משקאותבעמ,,יוגורט עיזים אפרסק 2,גרמים,140.00,100 גרם,false,,6.20,0.0443,true,1,13201
7290102393947,false,סימפלי פרוט יוגורט בטעם קיווי 3% שומן 150 ג' מולר,*החברה המרכזית להפצת משקאותבעמ,,מולר סימפלי פרוט קיו,מיליליטרים,150.00,"100 מ""ל",false,,5.30,0.0353,false,1,5033
7290102394081,false,"יוגורט ביו קרמי מיקס קורנפלקס מצופה שוקולד מולר 170 מ""ל",*החברה המרכזית להפצת משקאותבעמ,,מולר מיקס יוגורט קרמ,גרמים,170.00,100 גרם,false,,6.20,0.0365,false,1,13214
7290102394258,false,גליל גבינת עיזים מה עז 9% משק צוריאל 180 גרם,*החברה המרכזית להפצת משקאותבעמ,,עז מה 180 גר' 9%,גרמים,180.00,100 גרם,false,,23.90,0.1328,true,1,13221
7290102394463,false,נעם גבינה צהובה פרוסה ואקום 28% טרה 500 גרם,החברה המרכזית טלהפצת משקאות בע,,גבינה צהובה 28% וואק,גרמים,500.00,100 גרם,false,,29.90,0.0598,true,1,26201
7290102394821,false,גבינה צהובה 28% דק דק לפתיחה חוזרת 200,החברה המרכזית טלהפצת משקאות בע,,גבינה צהובה טרה דק ד,גרמים,200.00,100 גרם,false,,16.90,0.0845,false,1,20405
7290102394845,false,נעם גבינה צהובה לייט פרוסה דק דק 9% טרה 200 גרם,החברה המרכזית טלהפצת משקאות בע,,גבינה צהובה לייט דק,גרמים,200.00,100 גרם,false,,17.50,0.0875,false,1,20417
7290102395217,false,מאגדת שמיניה מולר במתיקות מעודנת 1.2% 8*150 ג',החברה המרכזית טלהפצת משקאות בע,,מאגדת יוגורט מולר שמ,גרמים,1200.00,100 גרם,false,,21.00,0.0175,true,1,24331
7290102395224,false,שמיניית יוגורט ביו ביאנקו 1.7% מולר 150 גרם,החברה המרכזית טלהפצת משקאות בע,,מאגדת מולר לבן ביו 1,גרמים,1200.00,100 גרם,false,,18.50,0.0154,false,1,24272
7290102395231,false,שמיניית יוגורט ביו ביאנקו 2.8% מולר 150 גרם,*החברה המרכזית להפצת משקאותבעמ,,מאגדת יוגורט מולר בי,גרמים,1200.00,100 גרם,false,,18.50,0.0154,false,1,24050
7290102395262,false,מארז 8 גביעים יוגורט בטעם תות שדה ואפרסק 3% Simply Fruit,החברה המרכזית טלהפצת משקאות בע,,מאגדת מולר תות אפרסק,גרמים,1200.00,100 גרם,false,,31.90,0.0266,true,1,26441
7290102395347,false,"יוגורט 6% בכד 3 ק""ג רבנות",טרה,,יוגורט כד 3 ליטר 7%,ליטרים,3.00,ליטר,false,,31.00,10.3333,true,1,79118
7290102395378,false,נעם גבינה צהובה פרוסה ואקום 28% טרה 360 גרם,*החברה המרכזית להפצת משקאותבעמ,,גבינה צהובה נעם 28%,גרמים,360.00,100 גרם,false,,21.50,0.0597,true,1,26142
7290102395439,false,מארז 8 גביעים יוגורט בטעם פירות יער וקיווי 3% Simply Fruit,החברה המרכזית טלהפצת משקאות בע,,מאגדת שמינייה סימפלי,יחידה,0.00,יחידה,false,,31.90,0.0000,true,1,27475
7290102395477,false,מעדן חלב בטעם שוקולד עם קצפת 123 ג' טרה,החברה המרכזית טלהפצת משקאות בע,,מו מעדן שוקולד קצפת,גרמים,123.00,100 גרם,false,,2.90,0.0236,true,1,24266
7290102395521,false,"שמנת לבישול 15% שומן 500 מ""ל טרה",החברה המרכזית טלהפצת משקאות בע,,שמנת לבישול 15% + פק,מיליליטרים,500.00,"100 מ""ל",false,,16.90,0.0338,true,1,30531
7290102395958,false,יוגורט 4% בכד 3 ליטר רבנות,טרה,,יוגורט 3 ליטר טרה 4%,ליטרים,3.00,ליטר,false,,29.90,9.9667,true,1,72468
7290102396580,false,מעדן מוו שוקולד ומוס שוקולד טרה 118 גרם,החברה המרכזית טלהפצת משקאות בע,,מעדן מוו שוקולד ומוס,גרמים,123.00,100 גרם,false,,2.90,0.0236,true,1,32149
7290102396665,false,צהובה פרוסות דקדק פתח סגור 15% 200 גר`,החברה המרכזית טלהפצת משקאות בע,,גבינה צהובה נעם דק ד,גרמים,200.00,100 גרם,false,,16.90,0.0845,true,1,61918
7290102396719,false,יוגורט 0% תות סימפלי מולר (150 גרם),החברה המרכזית טלהפצת משקאות בע,,יוגורט סימפלי תות 0%,גרמים,150.00,100 גרם,false,,5.30,0.0353,false,1,33771
7290102396740,false,מארז 8 גביעים יוגורט בטעם תות שדה ואפרסק 0% Simply Fruit,החברה המרכזית טלהפצת משקאות בע,,מאגדת שמינייה מולר ס,גרמים,1200.00,100 גרם,false,,31.90,0.0266,true,1,33774
7290102397075,false,יוגורט בקרטון 4% שומן 1.5ל' טרה,*החברה המרכזית להפצת משקאותבעמ,,יוגורט 4% בקרטון 1.5,ליטרים,1.50,ליטר,false,,14.50,9.6667,true,1,58726
7290102397204,false,"גבנ""צ דק דק נעם פתיחה חוזרת 22% 200 גרם",*החברה המרכזית להפצת משקאותבעמ,,גבינה צהובה נעם דק ד,גרמים,200.00,100 גרם,false,,16.90,0.0845,true,1,60178
7290102397334,false,גבינה בולגרית גלילית 5% משק צוריאל 250 גרם,החברה המרכזית טלהפצת משקאות בע,,בולגרית 5% צוריאל,גרמים,250.00,100 גרם,false,,22.50,0.0900,true,1,61984
7290102397464,false,יוגורט ביו בתוספת גרעינים אגוזים וחמוציות 170 ג' מולר,החברה המרכזית טלהפצת משקאות בע,,יוגורט מולר נטורל+גר,גרמים,170.00,100 גרם,false,,6.20,0.0365,true,1,67815
7290102397600,false,מיקס יוגורט בתוספת שקדים ובוטנים מקורמלים 170 ג' מולר,החברה המרכזית טלהפצת משקאות בע,,מולר מיקס בתוספת שקד,גרמים,170.00,100 גרם,false,,6.20,0.0365,true,1,64195
7290102397617,false,יוגורט ביו קרמי עם כדורים מצופים שוקולד חום לבן,החברה המרכזית טלהפצת משקאות בע,,מולר מיקס בתוספת קלי,גרמים,170.00,100 גרם,false,,6.20,0.0365,true,1,64196
7290102397730,false,פרוסות גבינה אמנטל חצי קשה 30% שומן 200 ג' נעם,החברה המרכזית טלהפצת משקאות בע,,נעם אמנטל 100% רכיבי,גרמים,200.00,100 גרם,false,,17.50,0.0875,true,1,68876
7290102397747,false,פרוסות גבינת מוצרלה נעם מחלב בקר 22%,החברה המרכזית טלהפצת משקאות בע,,מוצרלה 200 גר' נעם,גרמים,200.00,100 גרם,false,,18.90,0.0945,true,1,71550
7290102397891,false,גבינה ניו יורק מותכת %16 4*25 גרם,החברה המרכזית טלהפצת משקאות בע,,גבינה מותכת 18% משק,גרמים,100.00,100 גרם,false,,7.30,0.0730,true,1,67814
7290102398065,false,חלב טרה בקרטון 2 ליטר מהדרין 3% - מוצר בפיקוח,החברה המרכזית טלהפצת משקאות בע,,חלב בקרטון 3% טרה 2,ליטרים,2.00,ליטר,false,,12.46,6.2300,false,1,69846
7290102398072,false,"חלב קרטון 3%-1 ליטר "" טרה"" -מוצר פיקוח",החברה המרכזית טלהפצת משקאות בע,,חלב טרה 3% בקרטון 1,ליטרים,1.00,ליטר,false,,6.23,6.2300,false,1,69368
7290102398331,false,חלב מועשר דל לקטוז 2% שומן טרה 1 ליטר,החברה המרכזית טלהפצת משקאות בע,,חלב מועשר דל לקטוז 1,ליטרים,1.00,ליטר,false,,7.80,7.8000,false,1,71617
7290102398553,false,משקה שוקו בקבוק 1.5 ליטר בבקבוק,*החברה המרכזית להפצת משקאותבעמ,,שוקו 1.5 ליטר טרה,ליטרים,1.50,ליטר,false,,16.90,11.2667,true,1,82307
7290102398560,false,משקה שוקו מועשר בבקבוק 1 ליטר טרה,החברה המרכזית טלהפצת משקאות בע,,שוקו טרה מועשר בקבוק,ליטרים,1.00,ליטר,false,,12.50,12.5000,true,1,75058
7290102398577,false,משקה חלב בטעם שוקו 2% בבקבוק אישי,החברה המרכזית טלהפצת משקאות בע,,שוקו טרה מועשר בקבוק,מיליליטרים,250.00,"100 מ""ל",false,,5.50,0.0220,true,1,75059
7290102398614,false,משקה חלב טרה ט. בננה 1ליטר בקבוק,החברה המרכזית טלהפצת משקאות בע,,משקה חלב בטעם בננה 1,ליטרים,1.00,ליטר,false,,12.50,12.5000,true,1,75391
7290102398669,false,משקה חלב אייס קפוצ'ינו טרה 1 ליטר,החברה המרכזית טלהפצת משקאות בע,,אייס קפוצ'ינו 1 ליטר,ליטרים,1.00,ליטר,false,,12.50,12.5000,true,1,84077
7290102398836,false,משקה שקדים קלאסי משק צוריאל 1 ליטר,החברה המרכזית טלהפצת משקאות בע,,משקה שקדים קלאסי משק,ליטרים,1.00,ליטר,false,,13.50,13.5000,true,1,80833
7290102399048,false,פרוסות גבינת קשקבל נעם 200 ג' טרה,*החברה המרכזית להפצת משקאותבעמ,,גבינת קשקבל נעם פתיח,גרמים,200.00,100 גרם,false,,22.90,0.1145,true,1,77953
7290102399635,false,"מולר פרופ יוגורט ביו עם קציפת קוקוס ואננס 150 מ""ל",החברה המרכזית טלהפצת משקאות בע,,יוגורט Bio עם קציפת,גרמים,150.00,100 גרם,false,,5.30,0.0353,true,1,84073
7290102399697,false,סימפלי פרוט מנגו 1.5% שומן 150 ג' מולר,*החברה המרכזית להפצת משקאותבעמ,,יוגורט סימפלי פרוט 1,מיליליטרים,150.00,"100 מ""ל",false,,5.00,0.0333,true,1,81561
7290102399772,false,מולר ספרדבל-ממרח חמאת מולר במליחות עדינה 250 גרם,החברה המרכזית טלהפצת משקאות בע,,ממרח חמאה במליחות עד,גרמים,250.00,100 גרם,false,,18.90,0.0756,true,1,84072
7290102399789,false,מולר ספרדבל-ממרח חמאת מולר ללא מלח 250 גרם,החברה המרכזית טלהפצת משקאות בע,,ממרח חמאה ללא מלח 25,גרמים,250.00,100 גרם,false,,18.90,0.0756,true,1,84068
7290102399796,false,מעדן יוגורט לבן מועשר בחלבון 200 ג' מולר אקטיב,החברה המרכזית טלהפצת משקאות בע,,מולר אקטיב יוגורט 25,גרמים,200.00,100 גרם,false,,5.80,0.0290,true,1,83793
7290102399802,false,יוגורט עם תות מולר אקטיב מועשר בחלבון 200 גר',החברה המרכזית טלהפצת משקאות בע,,מולר אקטיב יוגורט תו,גרמים,200.00,100 גרם,false,,6.20,0.0310,true,1,83794
7290102399819,false,יוגורט עם פירות יער מולר אקטיב מועשר בחלבון 200 גר',החברה המרכזית טלהפצת משקאות בע,,מולר אקטיב יוגורט פי,גרמים,200.00,100 גרם,false,,6.20,0.0310,true,1,83795
7290102399857,false,מולר אקטיב לייט 20 גרם חלבון 0% שומן עם תות 200 גרם,החברה המרכזית טלהפצת משקאות בע,,מולר אקטיב לייט עם ת,גרמים,200.00,100 גרם,false,,6.20,0.0310,true,1,84324
7290102840243,false,אבקה להכנת פלאן קרמל 112 גרם,נאמן לאורך זמן בעמ,,פלאן קרמל,יחידה,0.00,יחידה,false,,7.90,0.0000,true,1,8509
7290102841127,false,תערובת להכנת עוגת פרג נאמן 600ג',נאמן לאורך זמן בעמ,,אבקה להכנת עוגת פרג,גרמים,600.00,100 גרם,false,,14.00,0.0233,true,1,8517
7290102842360,false,תערובת להכנת סופלה בטעם שוקולד בלגי,נאמן לאורך זמן בעמ,,תערובת להכנת סופלה ש,יחידה,0.00,יחידה,false,,14.50,0.0000,true,1,1047
7290103120658,false,דאודורנט ספיד סטיק גל שחור 85 גרם,הנסיך- מפעל לייצור ט,,ספיד סטיק 24/7 ג'ל ש,גרמים,85.00,100 גרם,false,,19.90,0.2341,true,1,553
7290103126797,false,"משחת שיניים קולגייט סנסיטיב פרו רליף 75 מ""ל",הנסיך- מפעל לייצור ט,,קולגייט סנסטיב פרו ר,מיליליטרים,75.00,"100 מ""ל",false,,19.90,0.2653,false,1,6734
7290103128739,false,בלונס מקלות אוזניים לתינוק 56 יחידות,הנסיך- מפעל לייצור ט,,בלונס מקלות אזניים ל,יחידה,0.00,יחידה,false,,5.90,0.0000,true,1,20961
7290103129378,false,ספיד סטיק - דאודורנט ג'ל לגבר איקס 5 85 גרם,הנסיך- מפעל לייצור ט,,ספיד סטיק 24/7 ג'ל X,יחידה,0.00,יחידה,false,,19.90,0.0000,true,1,23642
7290103129408,false,ליידי ספיד סטיק - דאודורנט סטיק לאישה פרש אסנס פריחת הפרדס 65 גרם,ליידי ספיד סטיק Lady Speed Stick,,ליידי ספיד סטיק פריח,גרמים,65.00,100 גרם,false,,19.90,0.3062,true,1,24309
7290103400194,false,כרוב לבן 400 ג בדצ ירקות שטראוס טעם הטבע,שטראוס בריאות ירקות טריי,,כרוב לבן שטראוס 400ג,גרמים,400.00,100 גרם,false,,8.90,0.0223,true,1,17666
7290103400231,false,גזר גוליאן 400גר שטראוס טעם הטבע,שטראוס בריאות ירקות טריי,,"גזר שטראוס 400ג' בד""",גרמים,400.00,100 גרם,false,,8.90,0.0223,true,1,17667
7290103400255,false,סלט קולסלאו 400 ג בדצ ירקות שטראוס טעם ה,שטראוס בריאות ירקות טריי,,סלט קולסלאו 400ג' בד,גרמים,400.00,100 גרם,false,,8.90,0.0223,true,1,17668
7290103401429,false,קפה קצב ברזילאי אוריגינס 200 גר,הנסיך- מפעל לייצור ט,,קפה נמס קצב ברזילאי,גרמים,200.00,100 גרם,false,,24.90,0.1245,false,1,12447
7290103404758,false,סלט כרוב אדום במיונז אחלה 120 גרם,שטראוס גרופ בעמ/מצונן,,סלט כרוב 120 גר,גרמים,120.00,100 גרם,false,,5.00,0.0417,true,1,17670
7290103408206,false,עלי חסה ערבית שטופים 250 גר טעם הטבע,שטראוס בריאות ירקות טריי,,עלי חסה בקופסא שטראו,גרמים,250.00,100 גרם,false,,9.90,0.0396,true,1,18935
7290103681173,false,"יין הר קברנה סובניון יקבי תבור 750 מ""ל.",החברה המרכזית טלהפצת משקאות בע,,הר TABOR קברנה סובני,מיליליטרים,750.00,"100 מ""ל",false,,29.90,0.0399,true,1,77354
7290103681180,false,"יין הר מרלו מיתוג תנשמת 750 מ""ל",החברה המרכזית טלהפצת משקאות בע,,"הר TABOR מרלו 750 מ""",מיליליטרים,750.00,"100 מ""ל",false,,29.90,0.0399,true,1,77355
7290103681241,false,"יין הר מוסקטו מיתוג תנשמת 750 מ""ל",*החברה המרכזית להפצת משקאותבעמ,,יין תבור הר מוסקטו,מיליליטרים,750.00,"100 מ""ל",false,,29.90,0.0399,true,1,77719
7290103681623,false,"יין הר מוסקטו רוזה יקבי תבור 750 מ""ל",יקבי תבור,,"מוסקטו רוזה 750 מ""ל",מיליליטרים,750.00,"100 מ""ל",false,,29.90,0.0399,true,1,83105
7290104061417,false,סלט חומוס עם טחינה אחלה 400 גרם,שטראוס גרופ בעמ/מצונן,,חומוס טחינה אחלה 400,גרמים,400.00,100 גרם,false,,10.50,0.0263,true,1,17671
7290104061424,false,סלט חומוס עם זעתר אחלה 400 גרם,שטראוס גרופ בעמ/מצונן,,חומוס אחלה זעתר 400,גרמים,400.00,100 גרם,false,,10.50,0.0263,true,1,17672
7290104061431,false,סלט חומוס עם צנובר אחלה 400 גרם,שטראוס גרופ בעמ/מצונן,,חומוס אחלה צנובר 400,גרמים,400.00,100 גרם,false,,10.50,0.0263,true,1,17673
7290104061448,false,סלט חומוס עם חריף אחלה 400 גרם,שטראוס גרופ בעמ/מצונן,,חומוס אחלה חריף 400,גרמים,400.00,100 גרם,false,,10.50,0.0263,true,1,17674
7290104062599,false,מארז 8 יחידות מעדן גמדים בטעמי תות ובננה,שטראוס גרופ בעמ/מצונן,,מארז סופר גמדים תות,גרמים,800.00,100 גרם,false,,18.90,0.0236,true,1,12133
7290104065187,false,אבקה להכנת משקה קפה בטעם מוקה,שטראוס גרופ בע`מ,,קפה נמס בטעם מוקה 20,גרמים,200.00,100 גרם,false,,23.90,0.1195,false,1,12501
7290104065934,false,עלי רוקט שטראוס 150 גר`-טעם הטבע,שטראוס בריאות ירקות טריי,,עלי רוקט שטראוס 150,גרמים,150.00,100 גרם,false,,9.90,0.0660,true,1,19209
7290104067679,false,סלט טחינה אחלה 400גר,שטראוס גרופ בעמ/מצונן,,טחינה אחלה 400 גר,גרמים,400.00,100 גרם,false,,10.90,0.0273,true,1,28165
7290104068539,false,מאסט פליפטופ מלון ואבטיח ללא גרעינים,שטראוס גרופ בע`מ,,מסטיק מאסט בטעם מלון,גרמים,28.00,100 גרם,false,,4.40,0.1571,true,1,12527
7290104068546,false,גומי מאסט בטעם לימון קולה ללא סוכר 28 ג' עלית,שטראוס גרופ בע`מ,,מסטיק מאסט קולה ולימ,גרמים,28.00,100 גרם,false,,4.40,0.1571,true,1,12528
7290104500572,false,אפרופו חטיף תירס איטליאנו אסם 50 גרם,קבוצת אוסם סחר-שות.מוגבלת,,אפרופו איטליאנו 50 ג,גרמים,50.00,100 גרם,false,,5.20,0.1040,false,1,220
7290104501661,false,אינסטנט פודינג בטעם וניל צרפתי אסם 80 גרם,קבוצת אוסם סחר-שות.מוגבלת,,פודינג טעם וניל צרפת,גרמים,80.00,100 גרם,false,,5.80,0.0725,false,1,6325
7290104501784,false,בונג`ור מיני מאפינס שוקוציפס 40גר,**קבוצת אוסם סחר-שות.מוגבלת,,מיני מאפינס שוקוצ'יפ,גרמים,200.00,100 גרם,false,,8.90,0.0445,true,1,221
7290104501807,false,בונג`ור מיני מאפינס שוקו 40גר,**קבוצת אוסם סחר-שות.מוגבלת,,מיני מאפינס שוקו חמי,גרמים,200.00,100 גרם,false,,8.90,0.0445,true,1,222
7290104503184,false,הבית עוגת שבת בראוניס טעם שוקולד ריבת חלב 380 גרם,קבוצת אוסם סחר-שות.מוגבלת,,עוגת שבת בראוניס שוק,גרמים,380.00,100 גרם,false,,18.00,0.0474,false,1,226
7290104508189,false,אסם 24 גביעי גלידה ממותקים 95 גרם,קבוצת אוסם סחר שותפות מוגבלת,,גביעי גלידה ממותקים,יחידה,0.00,יחידה,false,,12.50,0.0000,true,1,235
7290104508202,false,גביעי גלידה אמריקאים אסם 120 גרם 24 יחידות,קבוצת אוסם סחר-שות.מוגבלת,,גביעי גלידה אמריקאים,יחידה,0.00,יחידה,false,,12.50,0.0000,true,1,236
7290104508943,false,במבה חטיף בוטנים אסם 200 גרם,קבוצת אוסם סחר-שות.מוגבלת,,במבה קלאסי 200גר אסם,גרמים,200.00,100 גרם,false,,9.70,0.0485,false,1,243
7290104570162,false,תמרים ללא חרצנים תמר כבוש 500 גרם,מ.ד אטיאס סוכנויות מזון בע`מ,,תמרים כבושים 500גר,גרמים,500.00,100 גרם,false,,9.90,0.0198,true,1,25594
7290104570292,false,"תמר מג'הול 1קג בד""ץ-אדום",,,תמר מג'הול 1 קג,קילוגרמים,1.00,"ק""ג",false,,19.90,19.9000,true,1,120204
7290104570629,false,ממרח גביע ירוק 450 ג' ירדן,מ.ד אטיאס סוכנויות מזון בע`מ,,ממרח תמרים 450 גר,גרמים,450.00,100 גרם,false,,4.90,0.0109,false,1,61133
7290104720499,false,מארז 8 יחידות מעדן דני בטעם וניל 1.5%,שטראוס גרופ בעמ/מצונן,,מארז 8 דני וניל,ליטרים,1.00,ליטר,false,,16.40,16.4000,false,1,12144
7290104721953,false,לקט מסולסלים 350 גרם שטראוס טעם הטבע,שטראוס בריאות ירקות טריי,,לקט מסולסלים שטראוס,גרמים,350.00,100 גרם,false,,12.90,0.0369,true,1,17684
7290104722530,false,תפוצ'יפס בטעם שמנת בצל עלית 200 גרם,"שטראוס פריטו ליי בע""\מ )",,תפוצ'יפס שמנת בצל 20,גרמים,200.00,100 גרם,false,,10.90,0.0545,true,1,12627
7290104726262,false,רביעייה מעדן דני שוקולד דיסני לבנים 125 גרם,שטראוס גרופ בעמ/מצונן,,מארז רביעיה דני לשתי,יחידה,500.00,יחידה,false,,11.00,0.0220,true,1,12181
7290104726712,false,מארז 8 יחידות מעדן מילקי בטעם שוקולד עם קצפת,שטראוס גרופ בעמ/מצונן,,מארז מילקי שמיניה,גרמים,1064.00,100 גרם,false,,21.20,0.0199,false,1,4496
7290104728310,false,"שמנת מתוקה עמידה 38% שומן ""יטבתה"" -מוצר בפיקוח",שטראוס גרופ בעמ/מצונן,,שמנת מתוקה עמידה 38%,מיליליטרים,250.00,"100 מ""ל",false,,6.47,0.0259,false,1,12188
7290104729003,false,שמן זית כתית יד מרדכי 750 גרם [מוצר מדבקה],מכוורת יד מרדכי שטרא,,שמן זית יד מרדכי,מיליליטרים,750.00,"100 מ""ל",false,,32.90,0.0439,false,1,12571
7290104852176,false,נרות נשמה 24 שעות פאלאס,פאלאס תעשיות נטו (2014) בעמ,,נר נשמה,יחידה,0.00,יחידה,false,,1.90,0.0000,true,1,25137
7290104852473,false,נר שבת 140 גרם 36*1 פאלאס (20),פאלאס תעשיות נטו (2014) בעמ,,נר שבת 20,יחידה,0.00,יחידה,false,,2.90,0.0000,true,1,24610
7290104859816,false,תבנית אלומניום בינונית R2 פאלאס 7 יח,פאלאס תעשיות נטו (2014) בעמ,,תבנית אלומיניום בינו,יחידה,0.00,יחידה,false,,7.90,0.0000,true,1,74195
7290104859823,false,תבנית אלומניום עמוקה R64 פאלאס 8 יח,פאלאס תעשיות נטו (2014) בעמ,,תבנית אלומיניום עמוק,יחידה,0.00,יחידה,false,,7.90,0.0000,true,1,74261
7290104961526,false,דאודורנט ספריי גוף טיטניום קלאסיק Titanium Classic,החברה הדרומית לשיווק בעמ,,טיטניום CLASSIC ספרי,מיליליטרים,150.00,"100 מ""ל",false,,11.90,0.0793,true,1,22050
7290104961540,false,דאודורנט ספריי גוף טיטניום מטאל Titanium Metal,החב הדרומית לשיווק,,טיטניום METAL ספריי,מיליליטרים,150.00,"100 מ""ל",false,,11.90,0.0793,true,1,22052
7290104961557,false,"טיטניום - דאודורנט ספריי לגבר בלו 150 מ""ל","אמיליה קוסמטיקס בע""מ",,טיטניום ICE ספריי גו,מיליליטרים,150.00,"100 מ""ל",false,,11.90,0.0793,true,1,22053
7290104961878,false,"שמפו לשיער קרטין אינטנס פורמולה 400 מ""ל נטורל",החברה הדרומית לשיווק בעמ,,שמפו קרטין טהור 400,מיליליטרים,400.00,"100 מ""ל",false,,29.90,0.0747,true,1,24160
7290104961885,false,מרכך קרטין טהור לשיער שעבר החלקה או עיצוב בחום,החברה הדרומית לשיווק בעמ,,מרכך קרטין טהור 400,מיליליטרים,400.00,"100 מ""ל",false,,30.00,0.0750,true,1,24161
7290104961892,false,מסכת קרטין טהור לשיער שעבר החלקה או עיצוב בחום,החברה הדרומית לשיווק בעמ,,מסכה לשיער קרטין,יחידה,0.00,יחידה,false,,39.90,0.0000,true,1,24345
7290104962684,false,"קרליין - נושם דאודורנט רול און לאישה ללא אלומיניום 75 מ""ל",החברה הדרומית לשיווק בעמ,,דאודורנט נושם רול או,יחידה,0.00,יחידה,false,,12.90,0.0000,true,1,54413
7290104963711,false,"שמפו סופטקר אלדמע משאבה 770 מ""ל",החברה הדרומית לשיווק בעמ,,סופטקר שמפו אל דמע,מיליליטרים,770.00,"100 מ""ל",false,,17.90,0.0232,true,1,74024
7290104964251,false,"תרחיץ פנים פעולה משולשת מסכה, פילינג וניקוי",@@@ החב הדרומית לשיווק בעמ,,תרחיץ פנים קרליין,מיליליטרים,150.00,"100 מ""ל",false,,24.90,0.1660,true,1,70477
7290104964725,false,סטיק הגנה שקוף SPF50 לפנים לילדים 13 ג' סקין גארד,החב הדרומית לשיווק,,סקינגארד סטיק לפנים,גרמים,13.00,100 גרם,false,,39.90,3.0692,true,1,120300
7290105360250,false,קפסולות 09 עשיר וארומטי למכונת נספרסו עלית 10יח',הנסיך- מפעל לייצור ט,,קפסולות מקיאטו למכונ,גרמים,50.00,100 גרם,false,,16.90,0.3380,false,1,24484
7290105360328,false,קפסולות אספרסו חזק למכונות נספרסו 10 יח',הנסיך- מפעל לייצור ט,,אספרסו חזק קפסולות,גרמים,50.00,100 גרם,false,,16.90,0.3380,false,1,24536
7290105360335,false,קפסולות אספרסו למכונות נספרסו 50 גר,הנסיך- מפעל לייצור ט,,קפסולות אספרסו,גרמים,50.00,100 גרם,false,,16.90,0.3380,false,1,24090
7290105360878,false,תפוציפס טבעי 50 גרם מארז רביעייה,"שטראוס פריטו ליי בע""\מ )",,מארז תפוצ'יפס רביעיי,גרמים,200.00,100 גרם,false,,11.50,0.0575,true,1,32869
7290105362339,false,"שמנת לבישול 15% 250 מ""ל יטבתה מהדרין",שטראוס גרופ בעמ/מצונן,,שמנת לבישול 15%,מיליליטרים,250.00,"100 מ""ל",false,,8.10,0.0324,true,1,20871
7290105363602,false,מקלות כיף כף קלאסי עלית (40 גרם),שולן צ'\יקולטה גידה סאן.,,כיף כף מקלות,גרמים,40.00,100 גרם,false,,5.20,0.1300,true,1,23781
7290105364289,false,מקלות כיף כף פצפוצים עלית 40 גרם,שולן צ'\יקולטה גידה סאן.,,כיף כף מקלות פצפוצים,גרמים,40.00,100 גרם,false,,5.20,0.1300,true,1,23751
7290105364302,false,"עלית חטיף שוקולד כיף כף מקלות אגוזים, 40 גרם",שולן צ'\יקולטה גידה סאן.,,כיף כף מקלות אגוזים,גרמים,42.00,100 גרם,false,,5.20,0.1238,true,1,23752
7290105364678,false,"אקטיביה משקה יוגורט בטעם אפרסק שטראוס 250 מ""ל",שטראוס גרופ בעמ/מצונן,,משקה אקטיביה אפרסק,מיליליטרים,250.00,"100 מ""ל",false,,4.90,0.0196,true,1,12202
7290105366023,false,סלט חצילים בטעם כבד אחלה 400 גרם,שטראוס גרופ בעמ/מצונן,,"חציל בטעם כבד 400 ג""",גרמים,400.00,100 גרם,false,,15.00,0.0375,true,1,17703
7290105366993,false,סימפוניה גבינת שמנת פלפל שיפקה 5% שטראוס 200 גרם,שטראוס גרופ בעמ/מצונן,,גבינת סימפוניה עם פל,גרמים,200.00,100 גרם,false,,11.20,0.0560,false,1,28518
7290105368331,false,מעדן מילקי בטעם תות עם קצפת,שטראוס גרופ בעמ/מצונן,,מילקי תות 8%,גרמים,133.00,100 גרם,false,,2.80,0.0211,true,1,21751
7290105368904,false,"שמנת מתוקה להקצפה 32% שומן 250 מ""ל יוטבתה",שטראוס גרופ בעמ/מצונן,,שמנת עמידה לקצפת 32%,מיליליטרים,250.00,"100 מ""ל",false,,7.30,0.0292,false,1,25375
7290105368928,false,שמנת חמוצה יטבתה %9 200 מל גביע מהדרין,שטראוס גרופ בעמ/מצונן,,שמנת 9% יטבתה,מיליליטרים,200.00,"100 מ""ל",false,,3.10,0.0155,true,1,20899
7290105369130,false,סימפוניה גבינת שמנת בצל ירוק 5% שטראוס 200 גרם,שטראוס גרופ בעמ/מצונן,,סימפוניה בצל ירוק 5%,גרמים,200.00,100 גרם,false,,11.20,0.0560,false,1,24549
7290105430441,false,פלמוליב ס.נוזלי סחלב שחור 750 מל משאבה,הנסיך- מפעל לייצור ט,,פלמוליב סחלב שחור 75,מיליליטרים,750.00,"100 מ""ל",false,,19.90,0.0265,true,1,25949
7290105430458,false,"פלמוליב - תחליב רחצה נטורלס שקדים 750 מ""ל",הנסיך- מפעל לייצור ט,,פלמוליב שקדים 750מל,מיליליטרים,750.00,"100 מ""ל",false,,19.90,0.0265,true,1,25950
7290105431516,false,מארז חטיף פריי תמרים ובוטנים ללא גלוטן ותוספת סוכר 125 גרם,טבעית מוצרים מן הטבע בעמ,,פרי חטיפי תמרים בוטנ,יחידה,0.00,יחידה,false,,16.50,0.0000,true,1,25903
7290105431868,false,"פלמוליב ספא קוקוס גרגרים נוזלי 500 מ""ל",הנסיך- מפעל לייצור ט,,פלמוליב ספא קוקוס גר,מיליליטרים,500.00,"100 מ""ל",false,,14.90,0.0298,true,1,28308
7290105433985,false,ליידי ספיד סטיק פרש אסנס פריחת הדובדבן סטיק 65 גר,ליידי ספיד סטיק Lady Speed Stick,,ליידי ספיד סטיק אסנס,יחידה,0.00,יחידה,false,,19.90,0.0000,true,1,30853
7290105436382,false,חטיף פרי תמרים קשיו ללא תוספת סוכר וגלוטן 5 יח,טבעית מוצרים מן הטבע בעמ,,חטיף פרי תמרים ואגוז,גרמים,125.00,100 גרם,false,,16.50,0.1320,true,1,32620
7290105438539,false,קוקי נייר אפייה 40 דפים,ש. שסטוביץ בע`מ,,קוקי נייר אפייה 40יח,יחידה,0.00,יחידה,false,,9.90,0.0000,true,1,34763
7290105438546,false,קוקי נייר אפייה פרימיום 40 יח',ש. שסטוביץ בע`מ,,קוקי נייר אפיה אקולו,יחידה,0.00,יחידה,false,,9.90,0.0000,true,1,54380
7290105439499,false,מאסטר שף מאסטר שף מיונז 480 גר כשלפ,רמיה סי.וי. הולנד,,מיונז מאסטר שף,גרמים,481.00,100 גרם,false,,10.90,0.0227,true,1,62185
7290105439505,false,מאסטר שף קרם בטעם מיונז לייט 479 גר כשלפ,רמיה סי.וי. הולנד,,מנה מאסטר שף קרם בטע,גרמים,479.00,100 גרם,false,,11.90,0.0248,true,1,66363
7290105439581,false,מנה מאסטר שף חרדל דיזיון צרפתי 370 גר,רמיה סי.וי.הולנד,,חרדל דיז'ון מאסטר שף,גרמים,370.00,100 גרם,false,,10.90,0.0295,true,1,62463
7290105473950,false,"חול מתגבש לחתולים 5ק""ג",דיפלומט מפיצים (1968) בעמ**,,חול מתגבש יורוקיטי 5,קילוגרמים,5.00,"ק""ג",false,,39.90,7.9800,true,1,31567
7290105474049,false,מעדן מוס לה קט עוף 1,דיפלומט מפיצים (1968) בעמ**,,לה קט מוס עוף 155 גר,גרמים,155.00,100 גרם,false,,5.90,0.0381,true,1,33043
7290105474056,false,לה קט מוס סלמון 155 גר`,דיפלומט מפיצים (1968) בעמ**,,לה קט מוס סלמון 155,גרמים,155.00,100 גרם,false,,5.90,0.0381,true,1,33044
7290105474063,false,לה קט מעדן מוס כבד 155ג,דיפלומט מפיצים {1968}בעמ,,לה קט מוס כבד 155 גר,גרמים,155.00,100 גרם,false,,5.90,0.0381,true,1,33045
7290105474070,false,לה קט מעדן מוס טונה 155ג,דיפלומט מפיצים (1968) בעמ**,,לה קט מוס טונה 155 ג,גרמים,155.00,100 גרם,false,,5.90,0.0381,true,1,32482
7290105475787,false,לה קט מארז שימורי שלישיה *400 ג',דיפלומט מפיצים {1968}בעמ,,לה קט שלישיה,קילוגרמים,1.20,"ק""ג",false,,19.90,16.5833,true,1,68133
7290105500151,false,וודקה פינלנדיה רגיל 700,"אלטיה קורפ, הלסינקי,",,וודקה פינלנדיה 700מל,מיליליטרים,700.00,"100 מ""ל",false,,59.90,0.0856,false,1,23916
7290105500953,false,"וויסקי ג'ק דניאלס דבש 700 מ""ל",מ.אקרמן בעמ,,ג'ק דניאלס דבש 700 מ,מיליליטרים,700.00,"100 מ""ל",false,,99.90,0.1427,true,1,61392
7290105691224,false,אסם חטיפי פריכונים טורטייה שום בצל 60 גרם,קבוצת אוסם סחר-שות.מוגבלת,,חטיפי פריכונים טורטי,גרמים,60.00,100 גרם,false,,7.70,0.1283,false,1,260
7290105691248,false,אסם חטיפי פריכונים טורטייה תירס 60 גרם,קבוצת אוסם סחר שותפות מוגבלת,,חטיפי טורטיות,גרמים,60.00,100 גרם,false,,7.70,0.1283,false,1,261
7290105691712,false,אסם עוגיות הפסקת קפה דגנים מלאים 230 גרם,קבוצת אוסם סחר שותפות מוגבלת,,עוגיות הפסקת קפה חיט,גרמים,230.00,100 גרם,false,,10.90,0.0474,true,1,21225
7290105691897,false,קוסקוס עם חיטה מלאה אסם 350 גרם,"מיוצר ע""י קוד יצרן K",,קוסקוס חיטה מלאה,גרמים,350.00,100 גרם,false,,8.90,0.0254,true,1,20821
7290105691934,false,קמח שמרים אסם 1 קילו,קבוצת אוסם סחר שותפות מוגבלת,,קמח שמרים אסם 1 קג,קילוגרמים,1.00,"ק""ג",false,,10.90,10.9000,false,1,23047
7290105693341,false,מארז עשיריית במבה אסם 25*10 גרם,קבוצת אוסם סחר שותפות מוגבלת,,במבה אסם מאגדת 25*10,גרמים,250.00,100 גרם,false,,14.90,0.0596,false,1,29256
7290105693457,false,עוגת הבית דמקה שוקו וניל 320 גר`בחושות,קבוצת אוסם סחר שותפות מוגבלת,,עוגת הבית דמקה שוקו,גרמים,320.00,100 גרם,false,,13.90,0.0434,false,1,21228
7290105693952,false,פירורית זהב אסם זהב שומשום 200 ג',קבוצת אוסם סחר שותפות מוגבלת,,פירורית זהב שומשום,גרמים,200.00,100 גרם,false,,6.00,0.0300,true,1,21673
7290105694614,false,פסטה אוסם ספגטי מהיר הכנה 500 גרם,קבוצת אוסם סחר שותפות מוגבלת,,ספגטי מהיר הכנה אסם,גרמים,500.00,100 גרם,false,,7.60,0.0152,false,1,22216
7290105694928,false,אבקת מרק בצל רכיבים טבעיים אסם 220 גרם,קבוצת אוסם סחר שותפות מוגבלת,,אבקת מרק בצל רכיבים,גרמים,220.00,100 גרם,false,,16.00,0.0727,true,1,23091
7290105695024,false,פתיתים אפויים אורז עם אטריות אסם 500 גרם,קבוצת אוסם סחר שותפות מוגבלת,,פתיתים אפויים אורז ע,גרמים,500.00,100 גרם,false,,7.50,0.0150,false,1,24025
7290105695321,false,עוגת הבית בראוניס פאדג' אסם 380 גרם,קבוצת אוסם סחר שותפות מוגבלת,,עוגת בראוניס פאדג' א,גרמים,380.00,100 גרם,false,,18.00,0.0474,false,1,23867
7290105962331,false,סחוג תימני אדום חריף מאוד זהבי הכרם 220 גרם,שטראוס גרופ בעמ/מצונן,,סחוג חריף מאוד זהבי,גרמים,220.00,100 גרם,false,,12.50,0.0568,true,1,21207
7290105962980,false,כרוב אדום במיונז 400 ג' אחלה,מיוצר עי קונדיטוריית,,כרוב אדום 400 גר אחל,גרמים,400.00,100 גרם,false,,10.90,0.0273,true,1,21824
7290105962997,false,חצילים אחלה במיונז 400 גר',שטראוס גרופ ***בעמ,,חציל מיונז אחלה 400,גרמים,400.00,100 גרם,false,,10.90,0.0273,true,1,21825
7290105963000,false,סלט מטבוחה 400 ג' אחלה,מיוצר עי קונדיטוריית,,מטבוחה אחלה 400 גר,גרמים,400.00,100 גרם,false,,10.90,0.0273,true,1,21864
7290105964564,false,חומוס אחלה 400 גרם. שטראוס,שטראוס גרופ בעמ/מצונן,,חומוס אחלה 400 ג',גרמים,400.00,100 גרם,false,,7.90,0.0198,true,1,22969
7290105965738,false,יוגורט לשתיה בטעם תות בננה267 ג' דנונה,שטראוס גרופ בעמ/מצונן,,דנונה לשתיה תות בננה,גרמים,267.00,100 גרם,false,,4.80,0.0180,true,1,30054
7290105966469,false,חומץ בלסמי ממודנה יד מרדכי (250 מל),אצטייה ג'וזפה קרמוני,,"חומץ בלסמי 250 מ""ל",מיליליטרים,250.00,"100 מ""ל",false,,15.90,0.0636,true,1,24931
7290105968654,false,רביולי עם בטטה פרווה שטראוס (400 גרם),שטראוס גרופ בעמ/מצונן,,רביולי בטטה פרווה 40,גרמים,400.00,100 גרם,false,,19.90,0.0497,true,1,23297
7290105968777,false,פריכיות 5 דגנים עם תחתית שוקולד מריר 70 גרם,"טחנת האבן תעשיות בע""",,פרכיות אנרג'י תחתית,גרמים,70.00,100 גרם,false,,8.40,0.1200,true,1,25744
7290106520066,false,"רבע לשבע שוקולד חלב במילוי אגוזים עלית 160 גרם בד""צ","הגביע מוצרי וופלים בע""\מ",,רבע לשבע גלילי וופל,גרמים,160.00,100 גרם,false,,12.00,0.0750,false,1,23753
7290106520288,false,יוגורט פרו חלבון עם תות 2.4% שומן 150 ג' דנונה,שטראוס גרופ בעמ/מצונן,,דנונה פרו תות,גרמים,150.00,100 גרם,false,,4.50,0.0300,true,1,61978
7290106520905,false,סלט טורקי אחלה (400 גרם),שטראוס גרופ בעמ/מצונן,,סלט טורקי אחלה 400ג',גרמים,400.00,100 גרם,false,,15.00,0.0375,true,1,24833
7290106520912,false,שמנת לבישול 9% שומן 258גר מהדרין יטבתה,שטראוס גרופ בעמ/מצונן,,שמנת לבישול 9%,גרמים,258.00,100 גרם,false,,8.10,0.0314,false,1,25966
7290106521049,false,אחלה טעמי השוק קוביות סלק 400 גר,שטראוס גרופ בעמ/מצונן,,קוביות סלק אחלה 400,גרמים,400.00,100 גרם,false,,15.00,0.0375,true,1,27924
7290106524439,false,"תפוצ'יפס פופס 60 גרם ""עלית""","שטראוס פריטו ליי בע""\מ )",,תפוצ'יפס פופס 60 גר',גרמים,60.00,100 גרם,false,,3.90,0.0650,false,1,71699
7290106525320,false,אבקת שוקולית לאפייה קופסא 500ג' עלית,הנסיך- מפעל לייצור ט,,שוקולית לאפיה 500 גר,גרמים,500.00,100 גרם,false,,17.50,0.0350,false,1,32933
7290106525368,false,גלילי וופל רבע לשבע אין סייד אוט 125 גר,"הגביע מוצרי וופלים בע""\מ",,רבע לשבע אין סייד אא,גרמים,125.00,100 גרם,false,,12.00,0.0960,true,1,28227
7290106525399,false,קפסולות 06 ברזיל למכונות נספרסו עלית 10יח',הנסיך- מפעל לייצור ט,,קפסולות קפה למכונת נ,גרמים,50.00,100 גרם,false,,16.90,0.3380,false,1,63780
7290106525405,false,קפסולות קפה עלית נטול קפאין אספרסו) (10,שטראוס קפה בי.וי.,,קפסולות קפה נטול למכ,גרמים,50.00,100 גרם,false,,16.90,0.3380,false,1,32090
7290106526822,false,פריכיות אורז חום מלא תחתית שוקולד חלב 80 גרם,"טחנת האבן תעשיות בע""",,פריכיות עם תחתית שוק,גרמים,80.00,100 גרם,false,,8.40,0.1050,true,1,29542
7290106528567,false,חטיף תירס גריל דוריטוס (185 גרם),"שטראוס פריטו ליי בע""\מ )",,דוריטוס גריל 185 גר',גרמים,185.00,100 גרם,false,,7.50,0.0405,true,1,63323
7290106528628,false,חטיף תירס בטעם טבעי דוריטוס (185 גרם),"שטראוס פריטו ליי בע""\מ )",,דוריטוס 185 גר' DiPP,גרמים,185.00,100 גרם,false,,7.50,0.0405,true,1,63533
7290106528949,false,סלט ערוגות שטראוס 450 גר`-טעם הטבע,שטראוס בריאות ירקות טריי,,לקט ערוגות 450 גר,גרמים,450.00,100 גרם,false,,11.90,0.0264,true,1,31141
7290106571921,false,פיטנס עוגיות עם חמוציות נסטלה (180 גרם),קבוצת אוסם סחר שותפות מוגבלת,,עוגיות פיטנס חמוציות,גרמים,180.00,100 גרם,false,,11.50,0.0639,true,1,31050
7290106572027,false,קרקר לחמית חמישה דגנים אסם (190 גרם),קבוצת אוסם סחר-שות.מוגבלת,,לחמית חמישה דגנים,גרמים,190.00,100 גרם,false,,8.70,0.0458,true,1,24096
7290106572065,false,חטיפי טורטיה בטעם חמוץ מתוק אסם (60 גרם),קבוצת אוסם סחר שותפות מוגבלת,,חטיפי טורטיה חמוץ מת,גרמים,60.00,100 גרם,false,,7.70,0.1283,false,1,24105
7290106572652,false,דובונים גן חיות 40 גרם,קבוצת אוסם סחר-שות.מוגבלת,,דובונים גן חיות,גרמים,40.00,100 גרם,false,,5.00,0.1250,false,1,27891
7290106572959,false,אפרופו חטיף קלאסי 5חי*25גר,קבוצת אוסם סחר שותפות מוגבלת,,מארז אפרופו 5*25,גרמים,125.00,100 גרם,false,,12.50,0.1000,false,1,25884
7290106573024,false,סירופ דיאט אננס 1 ליטר עסיס,קבוצת אוסם סחר שותפות מוגבלת,,סירופ עסיס דיאט אננס,ליטרים,1.00,ליטר,false,,17.90,17.9000,false,1,58296
7290106573598,false,חומוס לבנוני צבר (400 גרם),קבוצת אוסם סחר שותפות מוגבלת,,חומוס לבנוני 400 גר,גרמים,400.00,100 גרם,false,,12.00,0.0300,true,1,26150
7290106573628,false,חומוס עם טחינה צבר (400 גרם),קבוצת אוסם סחר שותפות מוגבלת,,חומוס עם טחינה 400 ג,גרמים,400.00,100 גרם,false,,12.00,0.0300,true,1,26151
7290106574793,false,עוגת הבית בטעם שוקו-שוקוצ'יפס 350 ג' אסם,קבוצת אוסם סחר שותפות מוגבלת,,עוגת שוקו שוקוצ'יפס,גרמים,350.00,100 גרם,false,,13.90,0.0397,false,1,27315
7290106574953,false,בייגלה שטוחים כעכים שטוחים עם שומשום,קבוצת אוסם סחר שותפות מוגבלת,,בייגלה שטוחים שומשום,גרמים,300.00,100 גרם,false,,11.90,0.0397,true,1,27612
7290106574977,false,בייגלה שטוחים טבעות עם מלח אסם (300 גרם),קבוצת אוסם סחר שותפות מוגבלת,,בייגלה שטוחים עם מלח,גרמים,300.00,100 גרם,false,,11.90,0.0397,true,1,27613
7290106575011,false,פתיתים אפויים קוסקוס מחיטה מלאה אסם 400 גרם,קבוצת אוסם סחר שותפות מוגבלת,,פתיתים אפויים קוסקוס,גרמים,400.00,100 גרם,false,,6.90,0.0173,false,1,27794
7290106575257,false,עוגת הבית סופלה בטעם שוקולד 340 ג' אסם,קבוצת אוסם סחר שותפות מוגבלת,,עוגת סופלה שוקולד,גרמים,340.00,100 גרם,false,,13.90,0.0409,false,1,28490
7290106575332,false,פתיתים אפויים פלוס בורגול 400 ג' אסם,קבוצת אוסם סחר שותפות מוגבלת,,פתיתים אפויים פלוס ב,גרמים,400.00,100 גרם,false,,7.50,0.0188,false,1,27796
7290106575431,false,עוגת הבית סופלה בטעם שוקוניל 340 ג' אסם,קבוצת אוסם סחר-שות.מוגבלת,,עוגת סופלה בטעם שוקו,גרמים,340.00,100 גרם,false,,13.90,0.0409,false,1,28491
7290106576223,false,"אפרופו שוקולד 40 גרם ""אסם""",קבוצת אוסם סחר שותפות מוגבלת,,אפרופו מצופה שוקולד,גרמים,40.00,100 גרם,false,,4.90,0.1225,false,1,65534
7290106576513,false,סלט רק חומוס צבר 400 גרם,קבוצת אוסם סחר שותפות מוגבלת,,חומוס 400 גר צבר,גרמים,400.00,100 גרם,false,,9.90,0.0248,true,1,29730
7290106576537,false,חומוס מסעדות צבר 700 גרם,קבוצת אוסם סחר שותפות מוגבלת,,חומוס מסעדות 700 ג',גרמים,700.00,100 גרם,false,,10.90,0.0156,false,1,28011
7290106576810,false,גלידה לה קרמריה ריבת חלב 1.4 ל' נסטלה,נגה גלידות שותפות מוגבלת,,לה קרמריה ריבת חלב 1,ליטרים,1.40,ליטר,false,,22.90,16.3571,false,1,29516
7290106576834,false,גלידה לה קרמריה פונטש בננה1.4 ל' נסטלה,נגה גלידות שותפות מוגבלת,,לה קרמריה פונטש בננה,ליטרים,1.40,ליטר,false,,22.90,16.3571,false,1,29517
7290106576858,false,גלידה לה קרמריה תותים בשמנת 1.4 ל' נסטלה,נגה גלידות שותפות מוגבלת,,לה קרמריה תותים בשמנ,ליטרים,1.40,ליטר,false,,22.90,16.3571,false,1,29518
7290106576919,false,"לה קרמריה סורבה תות לימו 1.4 ליטר כשל""פ",נגה גלידות שותפות מוגבלת,,לה קרמריה סורבה תות,ליטרים,1.40,ליטר,false,,22.90,16.3571,false,1,29520
7290106576971,false,גלידה לה קרמריה שוקולד בלגי 1.4 ל' נסטלה,נגה גלידות שותפות מוגבלת,,לה קרמריה שוקולד בלג,ליטרים,1.40,ליטר,false,,22.90,16.3571,false,1,29523
7290106576995,false,גלידה סורבה לה קרמריה תות מנגו לייט 1.4 ל' נסטלה,נגה גלידות שותפות מוגבלת,,לה קרמריה לייט סורבה,ליטרים,1.40,ליטר,false,,22.90,16.3571,false,1,29524
7290106577039,false,גלידה לה קרמריה שוקו וניל פליק 1.4 ל' נסטלה,נגה גלידות שותפות מוגבלת,,לה קרמריה שוקו וניל,ליטרים,1.40,ליטר,false,,22.90,16.3571,false,1,29525
7290106577282,false,טחינה אמיתית מרובע 400 ג' צבר,קבוצת אוסם סחר-שות.מוגבלת,,טחינה צבר 400 גר,גרמים,400.00,100 גרם,false,,11.90,0.0298,true,1,28364
7290106577527,false,סלט קולסלאו כרוב לבן וגזר 400 ג' צבר,קבוצת אוסם סחר-שות.מוגבלת,,סלט קולסלו 400 גר צב,גרמים,400.00,100 גרם,false,,11.90,0.0298,true,1,28416
7290106577541,false,צבר כרוב אדום מרובע 400גרם,קבוצת אוסם סחר-שות.מוגבלת,,כרוב אדום צבר 400 גר,גרמים,400.00,100 גרם,false,,11.90,0.0298,true,1,28370
7290106577572,false,מטבוחה אמיתית מרובע 400 ג' צבר,קבוצת אוסם סחר-שות.מוגבלת,,מטבוחה צבר 400 גר,גרמים,400.00,100 גרם,false,,11.90,0.0298,true,1,28440
7290106578692,false,ביסלי במבה מיקס מהדורת אליפות אסם 80 גרם,קבוצת אוסם סחר שותפות מוגבלת,,ביסלי -במבה מיקס 80,יחידה,0.00,יחידה,false,,4.90,0.0000,false,1,31033
7290106578821,false,עוגת הבית שמרים קלאסית שוקולד אסם 350 גרם,קבוצת אוסם סחר שותפות מוגבלת,,עוגת שמרים שוקולד קל,גרמים,350.00,100 גרם,false,,18.00,0.0514,false,1,30208
7290106652996,false,כיף כף מקלות קוקוס חלבי 40 גר',סולן בעבור שטראוס,,כיף כף מקלות קוקוס,גרמים,40.00,100 גרם,false,,5.20,0.1300,true,1,27206
7290106653689,false,לקט לסלט אסייתי 350 גר`-טעם הטבע,שטראוס בריאות ירקות טריי,,לקט אסיאתי 350 גר,גרמים,350.00,100 גרם,false,,10.90,0.0311,true,1,67711
7290106654099,false,מילקי CAKE עוגות אישיות במילוי קרם חלב,בובארד איטליה אס.פי.איי,,מארז מילקי CAKE שמינ,גרמים,272.00,100 גרם,false,,19.90,0.0732,true,1,61950
7290106658479,false,עלית וופל בטעם טורטית אגוזים 360גר,"שטראוס גרופ בע""\מ",,טורטית מגדים 40 גר,גרמים,40.00,100 גרם,false,,4.00,0.1000,false,1,63670
7290106662025,false,תפוציפס טבעי מלח ופלפל 50 גרם,שטראוס פריטו ליי בע`מ,,תפוצ'יפס 50 גר' מלח,גרמים,50.00,100 גרם,false,,3.90,0.0780,false,1,59820
7290106663091,false,"לאבנה 9 % עם שמן זית 500 גר' ""שטראוס""",שטראוס גרופ בעמ/מצונן,,לאבנה טבעי 9% שטראוס,גרמים,500.00,100 גרם,false,,17.90,0.0358,true,1,61079
7290106663183,false,צ'יטוס חטיף טעם גבינה 65ג,שטראוס פריטו ליי בעמ,,צ'יטוס גבינה 65 גר',גרמים,65.00,100 גרם,false,,3.50,0.0538,true,1,68487
7290106663503,false,קונפיטורת תות לייט יד מרדכי (230 גרם),אף.סי תבליני בגליל ב,,קונפיטורה לייט תות,גרמים,230.00,100 גרם,false,,12.90,0.0561,true,1,33709
7290106663558,false,"רוטב טריאקי ורימון יד מרדכי 280מ""ל",אף.סי תבליני בגליל ב,,רוטב טריאקי,מיליליטרים,320.00,"100 מ""ל",false,,13.90,0.0434,true,1,59260
7290106664067,false,לאבנה עם שמן זית וזעתר 10% שטראוס 400 ג',שטראוס גרופ בעמ/מצונן,,לאבנה עם שמן זית וזע,גרמים,400.00,100 גרם,false,,14.50,0.0363,true,1,61210
7290106664555,false,"רוטב שמנת עם עגבניות 9% שומן 250 מ""ל יוטבתה",שטראוס גרופ בעמ/מצונן,,רוטב שמנת עגבניות 9%,גרמים,250.00,100 גרם,false,,10.50,0.0420,true,1,60827
7290106664562,false,רוטב שמנת עם פטריות 9% שומן 258 ג' יוטבתה,שטראוס גרופ בעמ/מצונן,,רוטב שמנת פטריות 9%,גרמים,250.00,100 גרם,false,,10.50,0.0420,true,1,58039
7290106666788,false,עלית - סוכריות נוסטלגיה דבש ממולאות 80 גרם,שטראוס גרופ בע`מ,,סוכריות דבש עלית,גרמים,80.00,100 גרם,false,,5.50,0.0688,true,1,58841
7290106667266,false,חטיף תירס חמוץ חריף דוריטוס (185 גרם),"שטראוס פריטו ליי בע""\מ )",,דוריטוס חמוץ חריף 18,גרמים,185.00,100 גרם,false,,7.50,0.0405,true,1,63535
7290106668577,false,"מיץ לימון טיבעי 250 מ""ל יד מרדכי",האי נאם סי או אל.טי.,,מיץ לימון טבעי 250 מ,מיליליטרים,250.00,"100 מ""ל",false,,8.50,0.0340,true,1,59508
7290106668713,false,יוגורט עם פירות יער 3% שומן 150 ג' דנונה,שטראוס גרופ בעמ/מצונן,,דנונה פירות יער 3%,גרמים,150.00,100 גרם,false,,3.60,0.0240,true,1,59704
7290106669857,false,קפסולות אספרסו בטעם וניל עלית 10 יחידות,הנסיך- מפעל לייצור ט,,קפסולות קפה עלית בטע,גרמים,50.00,100 גרם,false,,16.90,0.3380,false,1,68298
7290106721807,false,אחלה סלט חציל פיקנטי מהדרין 400ג,מיוצר עי קונדיטוריית,,חציל פיקנטי אחלה 400,גרמים,400.00,100 גרם,false,,10.90,0.0273,true,1,62480
7290106721913,false,מסטיק מאסט MUST ללא סוכר בטעם מנטה מרעננת,שטראוס גרופ בע`מ,,מאסט צנצנת פפרמינט צ,גרמים,66.00,100 גרם,false,,9.90,0.1500,true,1,59251
7290106721920,false,צנצנת מסטיק מאסט בטעם ספירמינט עדין 66 ג' עלית,"שטראוס גרופ בע""\מ.",,מאסט צנצנת ספירמנט צ,גרמים,66.00,100 גרם,false,,9.90,0.1500,true,1,59252
7290106723689,false,עלי תרד בייבי 200 גר`שטראוס טעם הטבע,שטראוס בריאות ירקות טריי,,עלי תרד בייבי - שטרא,גרמים,200.00,100 גרם,false,,10.90,0.0545,true,1,33717
7290106725867,false,סירופ מייפל טהור ללס יד מרדכי 189 גר,שטראוס גרופ בע`מ,,סירופ מייפל טבעי 189,מיליליטרים,189.00,"100 מ""ל",false,,33.90,0.1794,true,1,61175
7290106725874,false,"סירופ מייפל טבעי 236 מ""ל ""יד מרדכי""",שטראוס גרופ בעמ,,סירופ מייפל טבעי 236,מיליליטרים,236.00,"100 מ""ל",false,,39.90,0.1691,true,1,61147
7290106726178,false,יוגורט PRO עם פירות יער 2.4% 10 גרם חלבון בגביע,שטראוס גרופ בעמ/מצונן,,דנונה פרו פירות יער,גרמים,150.00,100 גרם,false,,4.50,0.0300,true,1,61084
7290106727984,false,"כיף כף פצפצים בגביע 135 גרם ""עלית""",שולן צ'\יקולטה גידה סאן.,,כיף כף פצפצים בגביע,גרמים,135.00,100 גרם,false,,10.90,0.0807,true,1,64945
7290106729650,false,יוגורט עם תות מאגדת 8 יח' * 150ג' דנונה,שטראוס גרופ בעמ/מצונן,,מארז דנונה שמיניה תו,גרמים,1200.00,100 גרם,false,,23.90,0.0199,true,1,63044
7290106770577,false,גרוסליין- בלגה ממרח חלבה 350 גרם.,"אלמונדס בע""מ",,ממרח חלבה 350 גרם,גרמים,350.00,100 גרם,false,,11.90,0.0340,true,1,86486
7290106772472,false,גרוסליין- בלגה ממרח שוקולד 350 גרם,"אלמנדוס בע""מ",,ממרח BELGA,גרמים,350.00,100 גרם,false,,11.90,0.0340,true,1,81983
7290106774018,false,אבקת קקאו אלמנדוס 40,"אלמונדס בע""מ",,אבקת קקאו 400 גר',גרמים,400.00,100 גרם,false,,29.90,0.0747,true,1,83690
7290106774049,false,חמאת קקאו אלמנדוס 30,"אלמונדס בע""מ",,חמאת קקאו 300 ג',גרמים,300.00,100 גרם,false,,29.90,0.0997,true,1,120368
7290106774124,false,שבבי שוקולד מריר אלמ,"אלמונדס בע""מ",,שבבי שוקולד מריר,גרמים,110.00,100 גרם,false,,15.90,0.1445,true,1,83699
7290106774148,false,שבבי שוקולד לבן אלמנ,"אלמונדס בע""מ",,שבבי שוקולד לבן,גרמים,110.00,100 גרם,false,,15.90,0.1445,true,1,83701
7290106774254,false,סוכריות עדשים צבעוני,"אלמונדס בע""מ",,סוכריות עדשים צבעוני,גרמים,250.00,100 גרם,false,,18.90,0.0756,true,1,83711
7290106774261,false,שוקולד לבן פרווה 400 גרם,"אלמונדס בע""מ",,שוקולד לבן פרווה,גרמים,400.00,100 גרם,false,,34.90,0.0872,true,1,83712
7290106774285,false,שוקולד מריר 60% 500 גרם,"אלמונדס בע""מ",,שוקולד מריר 60%,גרמים,500.00,100 גרם,false,,32.90,0.0658,true,1,83714
7290106774292,false,שוקולד מריר 70% קקאו500ג,"אלמונדס בע""מ",,שוקולד מריר 70%,גרמים,500.00,100 גרם,false,,39.90,0.0798,true,1,83715
7290106774308,false,שוקולד חלב לאפיה אל,"אלמונדס בע""מ",,שוקולד חלב,גרמים,500.00,100 גרם,false,,35.90,0.0718,true,1,83716
7290106775053,false,מחית נוגט פרווה אלמנדוס,"אלמנדוס בע""מ",,מחית נוגט פרווה,גרמים,400.00,100 גרם,false,,24.90,0.0622,true,1,83722
7290106775091,false,מחית פיסטוק אלמנדוס,שקד תבור,,מחית פיסטוק 200 ג',גרמים,200.00,100 גרם,false,,32.90,0.1645,true,1,119638
7290107280013,false,"חמישיית מגבונים ל.מבושם ""ליטופים""",החברה הדרומית לשיווק בעמ,,מגבונים ליטופים חמיש,יחידה,0.00,יחידה,false,,18.90,0.0000,false,1,27769
7290107280020,false,שלישיית מטליות לחות לניקוי כללי סנו סושי 50 יחידות,החברה הדרומית לשיווק בעמ,,מטליות לחות שלישייה,יחידה,0.00,יחידה,false,,19.90,0.0000,false,1,27129
7290107280068,false,סנו סושי תבנית אלומיניום ענק א.לארג 2 יח,החברה הדרומית לשיווק בעמ,,תבניות אלומיניום 2 י,יחידה,0.00,יחידה,false,,9.90,0.0000,true,1,34749
7290107280075,false,סנו סושי תבנית אלומיניום לארג 4יח,החברה הדרומית לשיווק בעמ,,תבניות אלומיניום,יחידה,0.00,יחידה,false,,9.90,0.0000,true,1,34750
7290107280082,false,מארז 7 תבניות אלומיניום מוארכות לאפייה אינגליש קייק,החברה הדרומית לשיווק בעמ,,תבניות אינגליש אלומי,יחידה,0.00,יחידה,false,,9.90,0.0000,true,1,34751
7290107280099,false,שלישיית מגובנים נשטפים באסלה סופט סוד 48 יחידות,החברה הדרומית לשיווק בעמ,,מגבונים נשטפים באסלה,יחידה,0.00,יחידה,false,,15.90,0.0000,true,1,32689
7290107280129,false,סנו סושי 20 שקיות אשפה חזקות גדולות XXL,החברה הדרומית לשיווק בעמ,,סנו סושי 20 שקיות אש,יחידה,0.00,יחידה,false,,22.90,0.0000,true,1,34733
7290107280341,false,ריצפז מטליות לחות לניקוי הרצפה בניחוח מלון מפנק,החברה הדרומית לשיווק בעמ,,ריצפז מטליות לחות לנ,יחידה,0.00,יחידה,false,,12.90,0.0000,true,1,81506
7290107280396,false,"סנו - ג'ט מרסס לניקוי יסודי במטבח 750 מ""ל",החברה הדרומית לשיווק בעמ,,"סנו ג'ט למטבח 750 מ""",מיליליטרים,750.00,"100 מ""ל",false,,12.90,0.0172,false,1,28610
7290107280563,false,סנו אוקסיג`ן ג`ל לכביסה בייבי 3 ל`,החברה הדרומית לשיווק בעמ,,סנו אוקסיג'ן בייבי 3,ליטרים,3.00,ליטר,false,,31.90,10.6333,true,1,33599
7290107280655,false,"אבקת כביסה בייבי סנו מקסימה 3.25 ק""ג",החברה הדרומית לשיווק בעמ,,אבקת כביסה סנו מקסימ,קילוגרמים,3.25,"ק""ג",false,,29.90,9.2000,true,1,34734
7290107280709,false,ספארק נוזל הברקה למדיח סנו (700 מל),החברה הדרומית לשיווק בעמ,,סנו ספארק נוזל הברקה,מיליליטרים,900.00,"100 מ""ל",false,,14.90,0.0166,true,1,58758
7290107280716,false,מלח למדיח להגנה מפני אבנית סנו ספארק Spark,החברה הדרומית לשיווק בעמ,,סנו ספארק מלח למדיח,קילוגרמים,2.00,"ק""ג",false,,12.90,6.4500,true,1,58759
7290107280723,false,נוזל לניקוי כלים סנו ספארק Spark בניחוח לימון רענן,החברה הדרומית לשיווק בעמ,,סנו ספארק נוזל כלים,מיליליטרים,700.00,"100 מ""ל",false,,9.90,0.0141,true,1,34161
7290107280730,false,נוזל לניקוי כלים סנו ספארק Spark בניחוח לבנדר,החברה הדרומית לשיווק בעמ,,סנו ספארק נוזל כלים,מיליליטרים,700.00,"100 מ""ל",false,,9.90,0.0141,true,1,34342
7290107280747,false,נוזל לניקוי כלים סנו ספארק Spark קלאסי,החברה הדרומית לשיווק בעמ,,סנו ספארק נוזל לניקו,מיליליטרים,700.00,"100 מ""ל",false,,9.90,0.0141,true,1,34162
7290107280754,false,נוזל כלים סנו ספארק Spark היפואלרגני פריחת השקד,החברה הדרומית לשיווק בעמ,,סנו ספארק נוזל כלים,מיליליטרים,700.00,"100 מ""ל",false,,9.90,0.0141,true,1,34343
7290107280761,false,נוזל לניקוי כלים בניחוח לימון רענן סנו ספארק Spark,החברה הדרומית לשיווק בעמ,,סנו ספארק נוזל כלים,ליטרים,1.00,ליטר,false,,11.90,11.9000,true,1,57515
7290107280815,false,קוטל חרקים K301 סנו (300 מל),החברה הדרומית לשיווק בעמ,,סנו K 301,מיליליטרים,300.00,"100 מ""ל",false,,11.90,0.0397,true,1,57882
7290107644488,false,בייגל בייגל בייגלה שמיניות עם מלח 255 ג,יוניליוור ישראל שיווק בע`מ,,בייגלה שמיניות מלח 2,גרמים,255.00,100 גרם,false,,6.50,0.0255,true,1,72715
7290107645584,false,אבקת מרק עוף אמיתי רכיבים טבעיים 400 גרם - רבנות,יוניליוור ישראל שיווק בע`מ,,קנור מרק עוף אמיתי ר,גרמים,400.00,100 גרם,false,,19.90,0.0497,false,1,80647
7290107645591,false,אבקת מרק בטעם עוף 100% רכיבים טבעיים 400 גרם,יוניליוור ישראל שיווק בע`מ,,קנור מרק טעם עוף רכי,גרמים,400.00,100 גרם,false,,14.90,0.0373,false,1,74530
7290107646062,false,אבקת מרק בצל רכיבים טבעיים קנור 400 ג',יוניליוור ישראל שיווק בע`מ,,מרק קנור בצל רכיבים,גרמים,400.00,100 גרם,false,,19.90,0.0497,false,1,75101
7290107646147,false,"חטיף שוגי קורנפלקס תלמה 156 גרם מארז 6 יחידות בד""צ",יוניליוור ישראל שיווק בע`מ,,חטיפי שוגי קורנפלקס,גרמים,156.00,100 גרם,false,,12.90,0.0827,false,1,70504
7290107646154,false,"חטיף קוקומן פצפוצים תלמה 126 גרם מארז 6 יחידות בד""צ",יוניליוור ישראל שיווק בע`מ,,חטיפי קוקומן פצפוצים,גרמים,126.00,100 גרם,false,,12.90,0.1024,false,1,70505
7290107646826,false,"חטיף שוגי שוקו תלמה 156 גרם מארז 6 יחידות בד""צ",יוניליוור ישראל שיווק בע`מ,,מאגדת חטיפי שוגי שוק,גרמים,138.00,100 גרם,false,,12.90,0.0935,false,1,72892
7290107646895,false,קנור - רוטב פסטה נפוליטנה 415 גרם חתם סופר,יוניליוור ישראל שיווק בע`מ,,קנור רוטב לפסטה נפול,גרמים,415.00,100 גרם,false,,11.90,0.0287,true,1,70727
7290107646918,false,רוטב עגבניות ופלפלים לשקשוקה 415 ג' קנור,יוניליוור ישראל שיווק בע`מ,,קנור רוטב שקשוקה 415,גרמים,415.00,100 גרם,false,,11.90,0.0287,true,1,70729
7290107646970,false,"מיונז תלמה איולי שום 273 גר בד""ץ",יוניליוור ישראל שיווק בע`מ,,תלמה איולי שום 250 ג,גרמים,250.00,100 גרם,false,,8.90,0.0356,true,1,120761
7290107647359,false,דומסטוס סבון אסלה 5 הפועלות בניחות אוקיינוס 3 יח' * 55 ג',יוניליוור ישראל שיווק בע`מ,,דומסטוס סבון אסלה או,גרמים,165.00,100 גרם,false,,14.90,0.0903,true,1,72164
7290107647366,false,דומסטוס סבון אסלה 5 הפועלות בניחות ליים 3 יח' * 55 ג',יוניליוור ישראל שיווק בע`מ,,דומסטוס סבון אסלה לי,גרמים,165.00,100 גרם,false,,14.90,0.0903,true,1,72165
7290107647656,false,סולרו פרוט בוסט - קוקוס אננס (פרווה),"מיוצר ע""\י גלידת שטראוס",,מאגדת מיני סולרו קוק,גרמים,245.00,100 גרם,false,,25.90,0.1057,true,1,76544
7290107647731,false,קוקומן חום לבן 20% פחות סוכר 375 גרם ב,יוניליוור ישראל שיווק בע`מ,,קוקומן חום לבן 375 ג,גרמים,375.00,100 גרם,false,,19.90,0.0531,false,1,70791
7290107647816,false,"דגני ברנפלקס ללא תוספת סוכר 500 גרם בד""צ",יוניליוור ישראל שיווק בע`מ,,ברנפלקס ללא תוספת סו,גרמים,500.00,100 גרם,false,,19.90,0.0398,false,1,71202
7290107647823,false,"ברנפלקס פתיתי חיטה מלאה וסובין 500 גרם ""תלמה""",יוניליוור ישראל שיווק בע`מ,,"ברנפלקס בד""צ 500 גר'",גרמים,500.00,100 גרם,false,,19.90,0.0398,false,1,71203
7290107647854,false,"שוגי מופחת סוכר תלמה 500 ג' בד""צ",יוניליוור ישראל שיווק בע`מ,,שוגי 500 גר',גרמים,500.00,100 גרם,false,,19.90,0.0398,false,1,70575
7290107648974,false,קנור רוטב לפסטה עגבניות עם בזיליקום,יוניליוור ישראל שיווק בע`מ,,קנור רוטב לפסטה בזיל,גרמים,415.00,100 גרם,false,,11.90,0.0287,true,1,75656
7290107648981,false,רוטב עגבניות קלאסי פומודורו 415 ג' קנור,יוניליוור ישראל שיווק בע`מ,,קנור רוטב פומודורו ל,גרמים,415.00,100 גרם,false,,11.90,0.0287,true,1,72814
7290107649100,false,בייגלה טבעות שומשום 300 גרם.,יוניליוור ישראל שיווק בע`מ,,טבעות שומשום 300 גר',גרמים,300.00,100 גרם,false,,8.90,0.0297,true,1,75873
7290107649605,false,קליק אקסטרא לארג שוקולד חלב עם פתיתי תירס ודגנים,יוניליוור ישראל שיווק בע`מ,,קליק קורנפלקס חלב טב,גרמים,85.00,100 גרם,false,,7.00,0.0824,false,1,73662
7290107871297,false,אוסם - מיני פריכונים עשבי תיבול 25 גרם,קבוצת אוסם סחר שותפות מוגבלת,,פריכונים מיני עשבי ת,גרמים,25.00,100 גרם,false,,4.20,0.1680,false,1,57936
7290107871532,false,מאגדת קרחוני מלון דובדבן נסטלה 10 יחידות,נגה גלידות שותפות מוגבלת,,מאגדת קרחונים דובדבן,גרמים,750.00,100 גרם,false,,16.50,0.0220,true,1,57896
7290107871990,false,פסטה צינורות מהדרין אסם (500 גרם),קבוצת אוסם סחר שותפות מוגבלת,,פסטה צינורות 500 גר,גרמים,500.00,100 גרם,false,,5.90,0.0118,false,1,32586
7290107874427,false,מיני פריכונים בטעם זעתר אסם (25 גרם),קבוצת אוסם סחר שותפות מוגבלת,,פריכונים מיני זעתר 2,גרמים,25.00,100 גרם,false,,4.20,0.1680,false,1,58021
7290107874441,false,פריכונים מיני בצל מקורמל אסם (25 גרם),קבוצת אוסם סחר שותפות מוגבלת,,פריכונים מיני בצל מק,גרמים,25.00,100 גרם,false,,4.20,0.1680,false,1,57937
7290107874502,false,ביסלי גריל קדמ. מארז אחיד 10 4*55 גרם,קבוצת אוסם סחר שותפות מוגבלת,,מארז ביסלי גריל,גרמים,220.00,100 גרם,false,,11.90,0.0541,false,1,64035
7290107875271,false,ביסלי ברביקיו קדמ. מארז אחיד10 4*55 גרם,קבוצת אוסם סחר שותפות מוגבלת,,מארז ביסלי ברבקיו,גרמים,220.00,100 גרם,false,,11.90,0.0541,false,1,64160
7290107875400,false,גלידה לה קרמריה פיסטוק מוקה 1.4 ל' נסטלה,נגה גלידות שותפות מוגבלת,,לה קרמריה מוקה פיסטו,ליטרים,1.40,ליטר,false,,22.90,16.3571,false,1,34191
7290107875820,false,קרוטונים אפויים בתיבול ביתי אוסם 180 ג',קבוצת אוסם סחר שותפות מוגבלת,,קרוטונים אפויים בתיב,גרמים,180.00,100 גרם,false,,11.90,0.0661,true,1,57902
7290107877619,false,מארז במבה במילוי קרם נוגט 5*30ג' אסם,קבוצת אוסם סחר שותפות מוגבלת,,מארז במבה נוגט 5*30,גרמים,150.00,100 גרם,false,,13.50,0.0900,true,1,67484
7290107879132,false,פריכיות פיטנס מיני פריכיות שוקולד חלב 22 ג',קבוצת אוסם סחר שותפות מוגבלת,,פיטנס מיני פריכיות,גרמים,22.00,100 גרם,false,,4.90,0.2227,true,1,66633
7290107879521,false,קרחון לה פרוטה שרבט תות מאגדת 5יח',נגה גלידות שותפות מוגבלת,,מאגדת שלגונים לה פרו,גרמים,350.00,100 גרם,false,,23.90,0.0683,true,1,62880
7290107879569,false,קרחון לה פרוטה שרבט מנגו מאגדת 5יח',נגה גלידות שותפות מוגבלת,,מאגדת שלגונים לה פרו,גרמים,350.00,100 גרם,false,,23.90,0.0683,true,1,62881
7290107930321,false,קונפיטורת יד מרדכי דובדובן 340 גרם,"שטראוס גרופ בע""מ",,קונפיטורה דבדבן יד מ,גרמים,340.00,100 גרם,false,,13.50,0.0397,true,1,60636
7290107931397,false,כיף כף פצפוצים במילוי שוקולד 40 גרם,שולן צ'\יקולטה גידה סאן.,,כיף כף פיצפצים,גרמים,40.00,100 גרם,false,,5.20,0.1300,true,1,63339
7290107932080,false,חלב מועשר יוטבתה בבקבוק 3% 1 ליטר,שטראוס גרופ בעמ/מצונן,,חלב בקבוק 3% מועשר,ליטרים,1.00,ליטר,false,,7.50,7.5000,false,1,61057
7290107933155,false,לקט סלנובה 200 גר ירקות שטראוס טעם הטבע,שטראוס בריאות ירקות טריי,,לקט סלנובה 200 גר,גרמים,200.00,100 גרם,false,,12.90,0.0645,true,1,62115
7290107933193,false,סלק בוואקום מבושל שטראוס (500 גרם),ביכורי השדה הצפון בעמ` 1964,,סלק מבושל 500 גר שטר,גרמים,500.00,100 גרם,false,,7.90,0.0158,true,1,61691
7290107934473,false,שמינייה יוגורט לבן אקטיביה 1.5% דנונה 150 גרם,שטראוס גרופ בעמ/מצונן,,אקטיביה שמיניה 1.5%,גרמים,1200.00,100 גרם,false,,19.90,0.0166,true,1,60518
7290107936309,false,דנונה יוגורט 7% יווני לבן 130 ג',שטראוס גרופ בעמ/מצונן,,דנונה יווני לבן 7%,גרמים,130.00,100 גרם,false,,3.40,0.0262,true,1,66064
7290107936958,false,עד חצות ביסקוויט אצבעות שוקולד 125 גרם,ביסקוויטס טור ד'\אלבון,,עד חצות אצבעות,גרמים,125.00,100 גרם,false,,10.90,0.0872,true,1,70926
7290107936965,false,עיגולים עד חצות עם שוקולד חלב 225 גר,ביסקווטרי עוגיות סנט,,עד חצות עיגולים,גרמים,225.00,100 גרם,false,,13.90,0.0618,true,1,70927
7290107937542,false,משקה יוגורט אקטיביה עם תות 1.2% שומן,שטראוס גרופ בעמ/מצונן,,משקה אקטיביה תות,גרמים,265.00,100 גרם,false,,4.90,0.0185,true,1,63826
7290107937627,false,מסטיק מאסט Must קוביות ללא סוכר בטעם מנטה עדינה,שטראוס גרופ בע`מ,,מסטיק מאסט קוביות ספ,גרמים,58.00,100 גרם,false,,9.90,0.1707,true,1,66051
7290107937634,false,צנצנית מסטיק מאסט קוביות פפירמינט 58 ג' עלית,שטראוס גרופ בע`מ,,מסטיק מאסט קוביות צנ,גרמים,58.00,100 גרם,false,,9.90,0.1707,true,1,66052
7290107937641,false,צנצנת קוביות בזוקה גומי לעיסה 58גר,שטראוס גרופ בע`מ,,צנצנת בזוקה קוביות,גרמים,58.00,100 גרם,false,,9.90,0.1707,true,1,66053
7290107937856,false,קפסולות 11חזק למכונות נספרסו עלית 10יח',הנסיך- מפעל לייצור ט,,קפסולות קפה למכונות,גרמים,50.00,100 גרם,false,,16.90,0.3380,false,1,65691
7290107938396,false,שמיניית אקטימל תות דיסני בנים 108 גרם,שטראוס גרופ בעמ/מצונן,,אקטימל תות שמיניה,גרמים,864.00,100 גרם,false,,21.10,0.0244,true,1,64576
7290107939027,false,גזר דק דק 250 גר שטראוס ירקות טעם הטבע,שטראוס בריאות ירקות טריי,,גזר חתוך דק דק 250 ג,גרמים,250.00,100 גרם,false,,6.90,0.0276,true,1,66161
7290107940030,false,"חומוס אחלה מופחת שומן 650 גרם ""אחלה""","שטראוס גרופ ***בע""מ",,חומוס אחלה 650 גר,גרמים,650.00,100 גרם,false,,8.90,0.0137,false,1,73398
7290107940467,false,אקטיביה יוגורט קרמי 1.5% דנונה (200 גרם),שטראוס גרופ בעמ/מצונן,,אקטיביה 200 גר 1.5%,גרמים,200.00,100 גרם,false,,3.80,0.0190,true,1,64585
7290107941259,false,עדשים ירוקות מבושלות 475 גר ירקות שטראוס,ביכורי השדה הצפון בעמ` 1964,,עדשים ירוקות מבושלות,גרמים,475.00,100 גרם,false,,11.90,0.0251,true,1,66846
7290107941266,false,שעועית אדומה מבושלת 475 גר ירקות שטראוס,ביכורי השדה הצפון בעמ` 1964,,שעועית אדומה מבושלת,גרמים,475.00,100 גרם,false,,13.90,0.0293,true,1,66847
7290107941273,false,טעם הטבע חומוס מבושל שטראוס (475 גרם),ביכורי השדה הצפון בעמ` 1964,,חומוס מבושל -שטראוס,גרמים,475.00,100 גרם,false,,11.90,0.0251,true,1,66848
7290107942355,false,תפוצ`יפס מקלות בטעם טבעי 60 גרם,שטראוס פריטו ליי בע`מ,,תפוצ'יפס מקלות בטעם,גרמים,60.00,100 גרם,false,,3.90,0.0650,false,1,66530
7290107943192,false,"שמנת חמוצה מהערבה 27% שומן 200 מ""ל יטבתה",שטראוס גרופ בעמ/מצונן,,שמנת חמוצה מהערבה 27,גרמים,390.00,100 גרם,false,,4.00,0.0103,false,1,70925
7290107943369,false,קוואקר שיבולת שועל ללא גלוטן 511 גרם,שטראוס פריטו ליי בע`מ,,קוואקר שיבולת שועל ל,גרמים,511.00,100 גרם,false,,17.90,0.0350,true,1,70313
7290107944243,false,אפיפיות בטעם שוקולד 200 גרם כשר לפסח,"שטראוס גרופ בע""\מ",,אפיפית עלית 200 גר,גרמים,200.00,100 גרם,false,,7.90,0.0395,true,1,70184
7290107944427,false,חזרות-השוקו שלי שקית225מ,שטראוס,,שקית שוקו השוקו שלי,גרמים,225.00,100 גרם,false,,2.70,0.0120,false,1,66107
7290107944472,false,סימפוניה גבינה במרקם שמנת 5% שום שמיר,שטראוס גרופ בעמ/מצונן,,סימפוניה שום שמיר 5%,גרמים,200.00,100 גרם,false,,11.20,0.0560,true,1,66548
7290107945165,false,קונפיטורת משמש יד מרדכי 340 גרם,אף.סי תבליני בגליל ב,,קונפיטורה משמש יד מר,גרמים,340.00,100 גרם,false,,13.50,0.0397,true,1,67767
7290107950190,false,מעדן חלב דל קלוריות בטעם שוקולד מריר 0.5% שומן,שטראוס גרופ בעמ/מצונן,,מעדן שטראוס דיאט שוק,גרמים,130.00,100 גרם,false,,3.30,0.0254,true,1,66086
7290107950206,false,מעדן דיאט שוקולד שטראוס 130 גרם,שטראוס גרופ בעמ/מצונן,,מעדן שטראוס דיאט שוק,גרמים,130.00,100 גרם,false,,3.30,0.0254,true,1,66087
7290107951104,false,בפלות ופלים ארוכים בטעם שוקולד,"שטראוס גרופ בע""\מ",,בפלות שוקולד 200 גר,גרמים,200.00,100 גרם,false,,4.30,0.0215,true,1,66522
7290107951111,false,בפלות ופלים ארוכים בטעם לימון,שטראוס גרופ בע`מ,,בפלות לימון 200 גר,גרמים,200.00,100 גרם,false,,4.30,0.0215,true,1,66523
7290107951715,false,צנצנת מסטיק מאסט קוביות בטעם ענבים 58 ג' עלית,שטראוס גרופ בע`מ,,צנצנת מסטיק מאסט קוב,גרמים,58.00,100 גרם,false,,9.90,0.1707,true,1,67728
7290107953559,false,"מארז קפה טורקי עלית לדרך כשל""פ 168 גרם",הנסיך- מפעל לייצור ט,,מארז קפה טורקי לדרך,גרמים,168.00,100 גרם,false,,19.90,0.1185,false,1,67199
7290107954709,false,"קונפיטורת פירות יער ""יד מרדכי"" 340 גר'",שטראוס גרופ בע`מ,,קונפיטורה פירות יער,גרמים,340.00,100 גרם,false,,13.50,0.0397,true,1,69077
7290107954976,false,משקה חלב PRO עם קפה 1.5% 25 גרם חלבון בבקבוק,שטראוס גרופ בעמ/מצונן,,משקה יטבתה פרו קפה 3,מיליליטרים,350.00,"100 מ""ל",false,,6.30,0.0180,true,1,69443
7290107956543,false,דבש טהור מפרחי בר 900 ג' יד מרדכי,שטראוס גרופ בע`מ,,דבש יד מרדכי 900 גר,גרמים,900.00,100 גרם,false,,39.90,0.0443,false,1,73874
7290107956642,false,"תרסיס שמן זית 150 מ""ל יד מרדכי כשלפ",פארייפאבה אגרואינדוס,,"תרסיס שמן זית 150 מ""",מיליליטרים,150.00,"100 מ""ל",false,,17.90,0.1193,true,1,72623
7290107956895,false,קפסולות טעם קרמל למכונות נספרסו 50גר,שטראוס קפה בי.וי.,,קפסולות אספרסו בטעם,גרמים,50.00,100 גרם,false,,16.90,0.3380,true,1,72921
7290107956901,false,קפסולות בטעם אגוזים למכונת נספרסו עלית 10 יחידות,שטראוס קפה בי.וי.,,קפסולות אספרסו בטעם,גרמים,150.00,100 גרם,false,,16.90,0.1127,true,1,71192
7290107956925,false,קפסולות 13 אוגנדה למכונת נספרסו עלית 10יח',שטראוס קפה בי.וי.,,קפסולות קפה אוגנדה 1,גרמים,50.00,100 גרם,false,,16.90,0.3380,false,1,75286
7290107956932,false,קפסולות אספרסו אידונזיה למכונות 50 גר,שטראוס קפה בי.וי.,,קפסולות קפה עלית אינ,גרמים,100.00,100 גרם,false,,16.90,0.1690,false,1,70788
7290107957069,false,"מסטיק ע""למה ""בטעם אוכניות 66 גרם צנצנת ""עלית""","שטראוס גרופ בע""\מ",,צנצנת מסטיק עלמה אוכ,גרמים,66.00,100 גרם,false,,9.90,0.1500,true,1,70783
7290107957076,false,"מסטיק ""עלמה"" בטעם ספירמנט 66 גרם צנצנת ""עלית""","שטראוס גרופ בע""\מ",,צנצנת מסטיק עלמה בטע,גרמים,66.00,100 גרם,false,,9.90,0.1500,true,1,70784
7290107957229,false,שוקולד צ'יפס מריר מעולה לאפיה עלית 250 ג',שטראוס גרופ בע`מ,,נטיפי שוקולד צ'יפס מ,גרמים,250.00,100 גרם,false,,11.90,0.0476,true,1,72852
7290107957991,false,מילקי CAKE מיניס קרם חלב בציפוי שוקולד חלב שקית 16X9ג',בובארד איטליה אס.פי.איי,,מילקי קייק מיניס,גרמים,144.00,100 גרם,false,,13.90,0.0965,true,1,74553
7290107958035,false,יוגורט במתיקות מעודנת 2% ללא תוספת סוכר- מארז 8 יח,שטראוס גרופ בעמ/מצונן,,מארז דנונה מתיקות מע,גרמים,960.00,100 גרם,false,,18.50,0.0193,true,1,71118
7290107971744,false,"קולגייט - מי פה טוטל ירוק ספרמינט 500 מ""ל",יבואן ומשווק: ש. שסט,,קולגייט מי פה טוטל י,מיליליטרים,500.00,"100 מ""ל",false,,29.90,0.0598,true,1,63690
7290107973014,false,"סבון ידיים משאבה פלמוליב חלב ודבש 300 מ""ל",הנסיך- מפעל לייצור ט,,פלמוליב סבון ידיים ח,מיליליטרים,300.00,"100 מ""ל",false,,10.90,0.0363,true,1,64488
7290107973038,false,"סבון ידיים משאבה פלמוליב אקווריום 300 מ""ל",הנסיך- מפעל לייצור ט,,פלמוליב סבון ידיים א,מיליליטרים,300.00,"100 מ""ל",false,,10.90,0.0363,true,1,64490
7290107973793,false,שימורי עגבניות שלמות 400 ג' מאסטר שף,פראנו אריקו ופיגלי ס,,מנה עגבניות שלמות 40,גרמים,400.00,100 גרם,false,,6.00,0.0150,true,1,65547
7290107973861,false,מאסטר שף עגבניות קצוצות דק שלישיה 400ג*3 כשלפ,קונסרזיו קאסאלאסקו ד,,עגבניות קצוצות שלישי,גרמים,1200.00,100 גרם,false,,15.90,0.0133,true,1,65142
7290107974073,false,עלי טורטיה קמח לבן 320 גר`מנה מאסטר שף,אלקאטי קורביישיסי גי,,עלי טורטיה קמח לבן 2,גרמים,320.00,100 גרם,false,,9.90,0.0309,true,1,64157
7290107974080,false,עלי טורטיה קמח לבן 744 גר`מנה מאסטר שף,הדקלאים אגודת שיתופי,,עלי טורטיה קמח לבן 2,גרמים,840.00,100 גרם,false,,16.90,0.0201,true,1,64158
7290107974806,false,"אורז בסגנון בסמטי 1ק""ג מאסטר שף",דווה סינג שיהם סינג,,אורז בסמטי מנה 1 קג,קילוגרמים,1.00,"100 ק""ג",false,,11.90,11.9000,true,1,67618
7290107974813,false,מאסטר שף אורז יסמין 1 קג`,טאומי אינטרפרייד,,אורז יסמין 1 קג מנה,קילוגרמים,1.00,"ק""ג",false,,10.90,10.9000,true,1,67077
7290107974820,false,ממרח בטעם ספייסי מיונז מאסטר שף 250 גרם,רמיה סי.וי.הולנד,,ממרח מתובל ספייסי,גרמים,250.00,100 גרם,false,,7.90,0.0316,true,1,66364
7290107974837,false,מנה מאסטר שף ממרח מתובל שום 246 גר,רמיה סי.וי.הולנד,,ממרח מתובל שום מנה,גרמים,250.00,100 גרם,false,,7.90,0.0316,true,1,66365
7290107975292,false,ליידי ספיד סטיק - דאודורנט סטיק נערות ורוד 65 גרם,ליידי ספיד סטיק Lady Speed Stick,,ליידי ספיד סטיק נערו,יחידה,0.00,יחידה,false,,19.90,0.0000,true,1,69975
7290107975360,false,ליידי ספיד סטיק פיור פרשנס ג'ל נשים 65ג',ליידי ספיד סטיק Lady Speed Stick,,ליידי ספיד סטיק ג'ל,יחידה,0.00,יחידה,false,,19.90,0.0000,true,1,69130
7290107975544,false,"קולגייט משחת שיניים סמיילס ברבי לגילאי 6 50מ""ל",קולגייט- פלמוליב,,קולגייט סמיילס ברבי,מיליליטרים,50.00,"100 מ""ל",false,,10.90,0.2180,true,1,68475
7290107976428,false,קולגייט פלאקס קול מי,Colgate - Brazil,,קולגייט פלאקס קול מי,מיליליטרים,250.00,"100 מ""ל",false,,13.90,0.0556,true,1,117471
7290107976589,false,"שטיפת פה קולגייט אופטיק וייט 250 מ""ל",ש.שסטוביץ בעמ,,קולגייט מי פה אופטיק,מיליליטרים,250.00,"100 מ""ל",false,,13.90,0.0556,true,1,117472
7290107976848,false,פלמוליב סבון מוצק קמומיל רביעייה 360 ג,קולגייט-פלמוליב,,פלמוליב סבון מוצק קמ,גרמים,360.00,100 גרם,false,,17.00,0.0472,true,1,73009
7290107976916,false,"סבון ידיים משאבה פלמוליב זיתים 300 מ""ל",קולגייט פלמוליב,,פלמוליב סבון ידיים ח,מיליליטרים,30.00,"100 מ""ל",false,,10.90,0.3633,true,1,69609
7290107978101,false,מש.שיניים קולגייט א.וויט אקסטרה פאוור 75,קולגייט-פלמוליב,,קולגייט אופטיק וייט,מיליליטרים,75.00,"100 מ""ל",false,,25.90,0.3453,true,1,73008
7290107978323,false,איטריות דקיקות מאסטר שף 400 גרם,הדקלאים אגודת שיתופי,,איטריות דקיקות מאסטר,גרמים,400.00,100 גרם,false,,5.90,0.0148,true,1,69364
7290107978330,false,מאסטר שף איטריות דקות 400 גרם,הדקלאים אגודת שיתופי,,איטריות דקות מאסטר ש,גרמים,400.00,100 גרם,false,,5.90,0.0148,true,1,69365
7290107978347,false,איטריות בינוניות מאסטר שף 400 גרם,הדקלאים אגודת שיתופי,,איטריות בינוניות מאס,גרמים,400.00,100 גרם,false,,5.90,0.0148,true,1,69366
7290107978460,false,קראנצ וס פלאפל 60ג חדש,ש. שסטוביץ בע`מ,,קראנצוס פלאפל 70 גרם,יחידה,0.00,יחידה,false,,3.90,0.0000,true,1,70207
7290107979191,false,"תבנית אלומיניום עם נייר אפייה ענק 2 ""קוקי""",ש.שסטוביץ בעמ,,תבנית אלומיניום קוקי,יחידה,0.00,יחידה,false,,9.90,0.0000,true,1,69829
7290107979542,false,קוקי רדיד אלומיניום כוכבים זוג 2*30מ,ש.שסטוביץ בעמ,,רדיד אלומיניום זוג,יחידה,0.00,יחידה,false,,9.90,0.0000,true,1,69830
7290108070316,false,שקית בלונים פסטל מעורב צבעים 50יח,שמחה זה אנחנו,,בלונים איכותיים 50'ח,יחידה,0.00,יחידה,false,,10.90,0.0000,true,1,65470
7290108074888,false,נרות ג'מבו מאויירים-,,,נרות ג'מבו,יחידה,0.00,יחידה,false,,6.40,0.0000,true,1,63678
7290108079357,false,מארז בלונים על מקל לניפוח עצמי HAPPY BIRTHDAY - כסף,שמחה זה אנחנו בעמ,,מארז בלונים על מקל ל,יחידה,0.00,יחידה,false,,20.00,0.0000,true,1,70661
7290108200232,false,וניש מסיר כתמים ומלבין כביסה 470 גרם,רקיט בנקיזר (ניר איסט) בעמ,,וניש גולד אבקה 470 ג,גרמים,470.00,100 גרם,false,,16.90,0.0360,true,1,59096
7290108350128,false,סנו סושי שקיות אשפה חזקות במיוחד 40 יח',החברה הדרומית לשיווק בעמ,,סנו סושי 40 שקיות אש,יחידה,0.00,יחידה,false,,24.90,0.0000,true,1,34736
7290108350142,false,"שקיות רב שימושיות גדולות 25*35 ס""מ סנו סושי 270 יחידות",החברה הדרומית לשיווק בעמ,,סנו סושי שקיות רב שי,יחידה,0.00,יחידה,false,,13.90,0.0000,true,1,34737
7290108350203,false,"סנו סושי כריות קרצוף+ספוג מקציף 6 יחידות 12X9 ס""מ",החברה הדרומית לשיווק בעמ,,סקוטש+ספוג EXTRA,יחידה,0.00,יחידה,false,,10.00,0.0000,true,1,64204
7290108350210,false,סנו סושי 30 שקיות אשפה XL חזקות במיוחד,החברה הדרומית לשיווק בעמ,,שקיות XL חזקות 30 יח,יחידה,0.00,יחידה,false,,24.90,0.0000,true,1,60907
7290108350531,false,סנו ספארק נוזל כלים בניחוח קלאסי עם משאבה 1 ל',מיוצר עי קונדיטוריית,,נוזל לכלים ספארק משא,ליטרים,1.00,ליטר,false,,11.90,11.9000,true,1,59330
7290108350548,false,סנו ספארק נוזל כלים בניחוח לבנדר עם משאבה 1 ל',החברה הדרומית לשיווק בעמ,,נוזל כלים ספארק משאב,ליטרים,1.00,ליטר,false,,11.90,11.9000,true,1,59331
7290108350555,false,נוזל כלים סנו ספארק Spark היפואלרגני פריחת השקד,החברה הדרומית לשיווק בעמ,,נוזל כלים ספארק משאב,ליטרים,1.00,ליטר,false,,11.90,11.9000,true,1,59332
7290108350586,false,נוזל לניקוי כלים סנו ספארק Spark בניחוח לימון רענן,החברה הדרומית לשיווק בעמ,,סנו ספארק נוזל כלים,ליטרים,1.50,ליטר,false,,14.90,9.9333,true,1,60531
7290108350616,false,סנו - מקסימה מרכך כביסה מרוכז פריחה כחולה 1 ליטר,החברה הדרומית לשיווק בעמ,,מרכך מרוכז מקסימה 1,ליטרים,1.00,ליטר,false,,16.90,16.9000,true,1,64379
7290108350623,false,מרכך כביסה סופר מרוכז סופט סילק מקסימה 1 ל' סנו,החברה הדרומית לשיווק בעמ,,מרכך מרוכז מקסימה 1,ליטרים,1.00,ליטר,false,,16.90,16.9000,true,1,64380
7290108350685,false,"מנקה למדיח כלים סנו ספארק 250 מ""ל",סנו,,ספארק מנקה למדיח 250,מיליליטרים,250.00,"100 מ""ל",false,,12.90,0.0516,true,1,72179
7290108350692,false,"אבקת כביסה בלאק מקסימה 6 ק""ג",החברה הדרומית לשיווק בעמ,,"מקסימה בלאק 6 ק""ג",קילוגרמים,6.00,"100 ק""ג",false,,49.90,8.3167,true,1,66294
7290108351118,false,K4000 קוטל זבובים/יתושים,החברה הדרומית לשיווק בעמ,,קוטל מעופפים K400,מיליליטרים,750.00,"100 מ""ל",false,,29.90,0.0399,true,1,64848
7290108351149,false,ג'ל ניקוי כללי בתוספת אבקת סודה ריח כביסה סנו ג'ט 1.5 ליטר,החברה הדרומית לשיווק בעמ,,סנו ג'ל לניקוי כללי,ליטרים,1.50,ליטר,false,,13.90,9.2667,true,1,67075
7290108351156,false,ג'ל ניקוי כללי בתוספת חומץ בריח לבנדר סנו ג'ט 1.5 ליטר,החברה הדרומית לשיווק בעמ,,סנו ג'ל לניקוי כללי,ליטרים,1.50,ליטר,false,,13.90,9.2667,true,1,67076
7290108351507,false,מרכך כביסה אינספרישיין סנו מקסימה 4 ליטר,החברה הדרומית לשיווק בעמ,,מרכך כביסה אינספרישי,ליטרים,4.00,ליטר,false,,21.90,5.4750,false,1,66790
7290108351514,false,מרכך כביסה בלו בלוסום סנו מקסימה 4 ליטר,החברה הדרומית לשיווק בעמ,,מרכך כביסה פריחה כחו,ליטרים,4.00,ליטר,false,,21.90,5.4750,false,1,66791
7290108351552,false,"סנו - ג'ט לניקוי כללי בתוספת חומץ בניחוח לבנדר 750 מ""ל",החברה הדרומית לשיווק בעמ,,סנו ג'ט פלוס לניקוי,מיליליטרים,750.00,"100 מ""ל",false,,12.90,0.0172,true,1,71499
7290108351569,false,מבשם ומרכך למייבש כביסה Baby לתינוקות ולעור רגיש,החברה הדרומית לשיווק בעמ,,מקסימה למייבש בייבי,מיליליטרים,750.00,"100 מ""ל",false,,19.90,0.0265,true,1,69285
7290108351583,false,"סנו - ג'ט פלוס חומץ ג'ל לניקוי אסלות לבנדר 750 מ""ל",החברה הדרומית לשיווק בעמ,,סנו ג'ט לניקוי אסלות,מיליליטרים,750.00,"100 מ""ל",false,,11.90,0.0159,true,1,73588
7290108351590,false,"סנופרש הום בלו בלוסון בניחוח מרכך כביסה 350 מ""ל",החברה הדרומית לשיווק בעמ,,סנו פרש מבשם לבית נט,מיליליטרים,350.00,"100 מ""ל",false,,12.90,0.0369,true,1,69204
7290108351620,false,סנו פרש NO.2 לוכד ריחות רעים,"סנו מפעלי ברונוס בע""\מ",,לוכד ריחות באסלה,מיליליטרים,60.00,"100 מ""ל",false,,14.90,0.2483,true,1,70333
7290108351668,false,מטליות לחות לניקוי כללי בתוספת חומץ בניחוח לבנדר,טרופיקל דיגל- תעשיות,,מטליות לחות לניקוי כ,יחידה,0.00,יחידה,false,,9.90,0.0000,true,1,74043
7290108351699,false,סנו - ג'ט מטליות לחות לניקוי כללי בתוספת חומץ לבנדר שלישיה,החברה הדרומית לשיווק בעמ,,מגבונים ג'ט+חומץ מאר,יחידה,0.00,יחידה,false,,19.90,0.0000,true,1,74567
7290108351705,false,פניני בישום לכביסה275 גר` fresh linen,החברה הדרומית לשיווק בעמ,,פניני בישום לכביסה F,גרמים,275.00,100 גרם,false,,29.90,0.1087,true,1,80202
7290108351712,false,מקסימה פניני בישום לכביסה לובלי 275 גרם,החברה הדרומית לשיווק בעמ,,פניני בישום לכביסה L,גרמים,275.00,100 גרם,false,,29.90,0.1087,true,1,80203
7290108351729,false,נ.לניקוי אסלות סנו גרין פאוור אקולוגי750,החברה הדרומית לשיווק בעמ,,נוזל לניקוי אסלות אק,מיליליטרים,750.00,"100 מ""ל",false,,12.90,0.0172,true,1,82882
7290108351781,false,ג'ל לניקוי אסלות + חומץ ומלח לימון בריח הדרים,החברה הדרומית לשיווק בעמ,,סנו ג'ט לניקוי אסלות,מיליליטרים,750.00,"100 מ""ל",false,,11.90,0.0159,true,1,75821
7290108351804,false,מרכך כביסה סופר מרוכז Gentl Breeze סנו מקסימה 1 ליטר,החברה הדרומית לשיווק בעמ,,מרכך כביסה מקסימה סו,ליטרים,1.00,ליטר,false,,16.90,16.9000,false,1,79431
7290108351811,false,מרכך כביסה סופר מרוכז Floral touch סנו מקסימה 1 ליטר,החברה הדרומית לשיווק בעמ,,מרכך כביסה מקסימה סו,ליטרים,1.00,ליטר,false,,16.90,16.9000,false,1,79432
7290108351835,false,מרכך כביסה Pure Sensation סנו מקסימה 4 ליטר,החברה הדרומית לשיווק בעמ,,מרכך כביסה סנו מקסימ,ליטרים,4.00,ליטר,false,,21.90,5.4750,false,1,80662
7290108351842,false,"מקסימה בושם מרוכז לכביסה FOREVER כחול 600מ""ל",החברה הדרומית לשיווק בעמ,,מקסימה בושם מרוכז לכ,מיליליטרים,600.00,"100 מ""ל",false,,21.90,0.0365,true,1,76215
7290108351859,false,"סנו מקסימה בושם מרוכז לכביסה FOREVER ורוד 600 מ""ל",סנו מקסימה,,מקסימה בושם מרוכז לכ,מיליליטרים,600.00,"100 מ""ל",false,,21.90,0.0365,true,1,76216
7290108351866,false,"סנו מקסימה בושם מרוכז לכביסה FOREVER בורדו 600 מ""ל",החב. הדרומית לשיווק,,מקסימה בושם מרוכז לכ,מיליליטרים,600.00,"100 מ""ל",false,,21.90,0.0365,true,1,76217
7290108351910,false,סנו ספארק טבליות למדיח 30 יחידות,החברה הדרומית לשיווק בעמ,,טבליות למדיח ספארק 3,יחידה,0.00,יחידה,false,,21.90,0.0000,true,1,76627
7290108351927,false,סנו ספארק טבליות למדיח 70 יחידות,החברה הדרומית לשיווק בעמ,,טבליות למדיח ספארק 7,יחידה,0.00,יחידה,false,,39.90,0.0000,true,1,76628
7290108351996,false,"חיטוי בייבי 99.9% לחיטוי וניקוי בסביבת תינוקות 750 מ""ל",החברה הדרומית לשיווק בעמ,,מתז בייבי לחיטוי וני,מיליליטרים,750.00,"100 מ""ל",false,,14.90,0.0199,true,1,78151
7290108352061,false,משחת שיניים Go White אורביט 145 גרם עם פחם,טרופיקל דגיל תעשיות קוסמ,,משחת שיניים עם פחם א,גרמים,145.00,100 גרם,false,,14.90,0.1028,true,1,121251
7290108352078,false,"שטיפת פה protective salt אורביטול 500 מ""ל",החברה הדרומית לשיווק בעמ,,אורביטול מי פה מלח 5,מיליליטרים,500.00,"100 מ""ל",false,,24.90,0.0498,true,1,84504
7290108352092,false,משחת שיניים אורביטול פרוטקטיב סולט בטעם מנטה,טרופיקל דגיל תעשיות קוסמ,,אורביטול משחת שיניים,גרמים,145.00,100 גרם,false,,17.90,0.1234,true,1,84506
7290108352139,false,ג'ל כביסה גרין פוויר אקולוגי 3 ל' סנו,החברה הדרומית לשיווק בעמ,,ג'ל כביסה אקולוגי סנ,ליטרים,3.00,ליטר,false,,32.90,10.9667,true,1,82881
7290108352146,false,"סנובון נוזלי בניחוח מנגוליה ונרולי סנו 750 מ""ל",החברה הדרומית לשיווק בעמ,,סנובון נוזלי בניחוח,מיליליטרים,750.00,"100 מ""ל",false,,11.90,0.0159,true,1,83532
7290108352153,false,"סנובון נוזלי בניחוח לוטוס וסחלב סנו 750 מ""ל",החברה הדרומית לשיווק בעמ,,סנובון נוזלי בניחוח,מיליליטרים,750.00,"100 מ""ל",false,,11.90,0.0159,true,1,83533
7290108352207,false,מקסימה 40 קפסולות לכביסה בניחוח fresh burst,החברה הדרומית לשיווק בעמ,,קפסולות לכביסה 40 יח,יחידה,0.00,יחידה,false,,31.90,0.0000,true,1,83527
7290108352214,false,סנו - מקסימה קפסולות כביסה בניחוח בריזה מרעננת 40 יח',החברה הדרומית לשיווק בעמ,,קפסולות לכביסה 40 יח,יחידה,0.00,יחידה,false,,31.90,0.0000,true,1,83528
7290108352221,false,סנופרש הום מבשם נוזלי בניחוח מלון מפנק,החברה הדרומית לשיווק בעמ,,סנו פרש הום מלון מפנ,מיליליטרים,350.00,"100 מ""ל",false,,12.90,0.0369,true,1,84140
7290108352252,false,נוזל לניקוי כלים מתאים לניקוי ירקות ופירות סנו ספארק,החברה הדרומית לשיווק בעמ,,ספארק נוזל כלים משאב,ליטרים,1.00,ליטר,false,,11.90,11.9000,true,1,84599
7290108352276,false,סנו המטליות משמידות 99.9% מהחיידקים 10 יחידות,החברה הדרומית לשיווק בעמ,,סנו מטליות לניקוי רצ,יחידה,0.00,יחידה,false,,15.90,0.0000,true,1,83001
7290108352290,false,שלישיית מטליות לחיטוי ולניקוי יסודי לחדר האמבטיה סדרת 99.9%,החברה הדרומית לשיווק בעמ,,מטליות לחות שלישייה,יחידה,0.00,יחידה,false,,21.90,0.0000,true,1,85624
7290108352320,false,"מבשם אויר סנו פרש הום בניחוח כותנה מלטפת 350 מ""ל",החברה הדרומית לשיווק בעמ,,סנו פרש הום מלון בוט,מיליליטרים,350.00,"100 מ""ל",false,,12.90,0.0369,true,1,84141
7290108352399,false,ריצפז פרש הום בניחוח מרכך כביסה פלורל טאצ',החברה הדרומית לשיווק בעמ,,ריצפז פרש הום 2 ליטר,ליטרים,2.00,ליטר,false,,21.90,10.9500,false,1,118564
7290108352450,false,ריצפז פרש הום בניחוח מרכך כביסה בלו בלוסום,החברה הדרומית לשיווק בעמ,,ריצפז פרש הום בניחוח,ליטרים,2.00,ליטר,false,,21.90,10.9500,false,1,86534
7290108352504,false,מסכה פנים חד פעמית ל,,,מסכה פנים חד פעמית ל,יחידה,0.00,יחידה,false,,7.90,0.0000,true,1,87504
7290108352528,false,"מתז לחיטוי וניקוי חדר האמבטיה 99.9% 750 מ""ל",החברה הדרומית לשיווק בעמ,,תרסיס לחיטוי וניקוי,מיליליטרים,750.00,"100 מ""ל",false,,14.90,0.0199,true,1,88740
7290108352566,false,מרכך כביסה בבישום עוצמתי 4 ל' סנו מקסינה,החברה הדרומית לשיווק בעמ,,מרכך כביסה 4 ליטר סנ,ליטרים,4.00,ליטר,false,,21.90,5.4750,false,1,118563
7290108352573,false,מרכך כביסה סנו מקסימה בבישום עוצמתי 4 ליטר,החברה הדרומית לשיווק בעמ,,מרכך כביסה סנו מקסימ,ליטרים,4.00,ליטר,false,,21.90,5.4750,false,1,120191
7290108352641,false,סנו סושי מטלית הפלא לניקוי כללי במארז שלישייה,החברה הדרומית לשיווק בעמ,,סנו סושי מטלית הפלא,יחידה,0.00,יחידה,false,,14.90,0.0000,true,1,69160
7290108352689,false,כריות קרצוף ללכלוך קשה סנו סושי 9 יחידות,החברה הדרומית לשיווק בעמ,,סקוטש 9 יח',יחידה,0.00,יחידה,false,,10.00,0.0000,true,1,64205
7290108352702,false,סנו סופט שלישיית מגבוני טואלט נשטפים בוב ספוג 48 יחידות,החברה הדרומית לשיווק בעמ,,מגבונים בוב ספוג שלי,יחידה,0.00,יחידה,false,,15.90,0.0000,true,1,63329
7290108352801,false,"שקיות אשפה לפחים קטנים 45 * 56 ס""מ סנו סושי 100 יחידות",החברה הדרומית לשיווק בעמ,,שקיות אשפה לפח קטן,יחידה,0.00,יחידה,false,,19.90,0.0000,true,1,73414
7290108352818,false,מטלית במבוק לניקוי דוחה ריחות רעים,החברה הדרומית לשיווק בעמ,,סנו מטלית במבוק לניק,יחידה,0.00,יחידה,false,,7.90,0.0000,true,1,76336
7290108352825,false,ספוג הפלא נירוסטה סנו סושי 3יח',החברה הדרומית לשיווק בעמ,,סושי ספוג הפלא לניקו,יחידה,0.00,יחידה,false,,10.00,0.0000,true,1,74129
7290108352863,false,סנו סושי שקיות צלייה 20יח' מידה L,החברה הדרומית לשיווק בעמ,,סנו סושי 20 שקיות צל,יחידה,0.00,יחידה,false,,7.90,0.0000,true,1,75158
7290108352870,false,סנו סושי שקיות צלייה 10יח' מידה XL,החברה הדרומית לשיווק בעמ,,סנו סושי 10 שקיות צל,יחידה,0.00,יחידה,false,,7.90,0.0000,true,1,75159
7290108352894,false,סנו סושי מפת שולחן חגיגית,החב הדרומית לשיווק,,סנו סושי מפת שולחן ח,יחידה,0.00,יחידה,false,,8.50,0.0000,true,1,77371
7290108352900,false,מגבות נייר בגליל כפול סנו סושי 12=6 גלילים,החברה הדרומית לשיווק בעמ,,מגבות הפלא גליל כפול,יחידה,0.00,יחידה,false,,22.90,0.0000,true,1,78826
7290108352924,false,כפפות ניטריל כחולות 80 יח' M סנו סושי,החב. הדרומית לשיווק,,סנו סושי 80 כפפות ני,יחידה,0.00,יחידה,false,,24.90,0.0000,true,1,77256
7290108352931,false,כפפות ניטריל כחולות 80 יח' L סנו סושי,החב. הדרומית לשיווק,,סנו סושי 80 כפפות ני,יחידה,0.00,יחידה,false,,24.90,0.0000,true,1,77257
7290108353020,false,4 תבניות אפייה מנייר מלבנית גדולה סנו סו,החברה הדרומית לשיווק בעמ,,תבנית אפיה מנייר מלב,יחידה,0.00,יחידה,false,,14.90,0.0000,true,1,79650
7290108353037,false,"תבניות אפיה עגולות מנייר קוטר 21 ס""מ",החברה הדרומית לשיווק בעמ,,סנו סושי 4 תבניות אפ,יחידה,0.00,יחידה,false,,14.90,0.0000,true,1,79459
7290108353068,false,ספוג הפלא נירוסטה עם סיבי קירצוף סנו סושי 2 יח',החברה הדרומית לשיווק בעמ,,סנו סושי כרית קרצוף,יחידה,0.00,יחידה,false,,10.00,0.0000,true,1,79460
7290108353075,false,מפיות אירוח גדולות ועבות סנו סושי 50 יחידות,החברה הדרומית לשיווק בעמ,,סנו סושי 50 מפיות אי,יחידה,0.00,יחידה,false,,14.90,0.0000,true,1,78231
7290108353082,false,ממחטות אף בקופסה 2 שכבות סנו סופט 120 דף,החברה הדרומית לשיווק בעמ,,סנו סופט 120 ממחטות,יחידה,0.00,יחידה,false,,7.90,0.0000,true,1,79239
7290108353099,false,ממחטות אף במארז ניילון סנו סופט 5 יח' * 100 דף,החברה הדרומית לשיווק בעמ,,סנו soft ממחטות אף ב,יחידה,0.00,יחידה,false,,13.90,0.0000,true,1,79577
7290108353334,false,"שמפו למניעת קשקשים עם שמן עץ התה ואסאי 700 מ""ל כיף",החברה הדרומית לשיווק בעמ,,כיף שמפו למניעת קשקש,מיליליטרים,700.00,"100 מ""ל",false,,10.90,0.0156,true,1,80852
7290108353372,false,אורביטול צמד מברשות שיניים 12000 סיבי פחם,החברה הדרומית לשיווק בעמ,,מברשת שיניים סיבי פח,יחידה,0.00,יחידה,false,,29.90,0.0000,true,1,120843
7290108353389,false,"אורביטול - מי פה ג'וניור לגילאי 8+ 250 מ""ל",החברה הדרומית לשיווק בעמ,,אורביטול מי פה ג'וני,מיליליטרים,250.00,"100 מ""ל",false,,11.90,0.0476,true,1,119785
7290108353471,false,סנובון מוצק לאסלה DESIGN בניחוח ספא,החברה הדרומית לשיווק בעמ,,סנובון DESIGN בניחוח,יחידה,0.00,יחידה,false,,6.90,0.0000,true,1,80107
7290108353495,false,אורביטול - חוט דנטאלי 50 מטר בתוספת שעווה ופלואוריד,החב הדרומית לשיווק,,אורביטול חוט דנטאלי,יחידה,0.00,יחידה,false,,10.90,0.0000,true,1,120299
7290108353525,false,סנו סושי - תבניות אלומיניום עם ידיות אחיזה,החברה הדרומית לשיווק בעמ,,סנו סושי 2 תבניות אל,יחידה,0.00,יחידה,false,,11.90,0.0000,true,1,81586
7290108353532,false,"שקיות אשפה חזקות עם שרוך לארג' 54 * 65 ס""מ סנו סושי 100 יחידות",החברה הדרומית לשיווק בעמ,,סנו סושי 100 שקיות א,יחידה,0.00,יחידה,false,,29.90,0.0000,true,1,81849
7290108353549,false,נייר אפיה 100 דפים סנו סושי,החברה הדרומית לשיווק בעמ,,נייר אפייה 100 יח' ס,יחידה,0.00,יחידה,false,,19.90,0.0000,true,1,81251
7290108353563,false,צלחות מקנה סוכר טבעי סנו סושי - 10'' *25,החברה הדרומית לשיווק בעמ,,צלחות ענקיות מקנה סו,יחידה,0.00,יחידה,false,,21.90,0.0000,true,1,83500
7290108353648,false,סנו סושי - שקיות אוכל מנייר 70 יחידות,החברה הדרומית לשיווק בעמ,,שקיות אוכל מנייר 70,יחידה,0.00,יחידה,false,,10.90,0.0000,true,1,85311
7290108353686,false,מטלית חלומית לרצפה סנו סושי 1 יחידה,החברה הדרומית לשיווק בעמ,,סנו סושי מטלית חלומי,יחידה,0.00,יחידה,false,,11.90,0.0000,true,1,86537
7290108353693,false,"צלחות מעוטרות מקנה סוכר בקוטר 19 ס""מ",החברה הדרומית לשיווק בעמ,,צלחות גדולות מקנה סו,יחידה,0.00,יחידה,false,,14.90,0.0000,true,1,83503
7290108353709,false,סושי כפפות ניטריל שחורות 80 יחידות S,החברה הדרומית לשיווק בעמ,,כפפות ניטריל 80 יח',יחידה,0.00,יחידה,false,,24.90,0.0000,true,1,120878
7290108353723,false,"קרמה - תחליב רחצה חימר תה ירוק 500 מ""ל",החברה הדרומית לשיווק בעמ,,תחליב רחצה חימר תה י,מיליליטרים,500.00,"100 מ""ל",false,,12.90,0.0258,true,1,119464
7290108353730,false,"קרמה - תחליב רחצה חימר אוכמניות כחולות 500 מ""ל",החברה הדרומית לשיווק בעמ,,תחליב רחצה חימר אוכמ,מיליליטרים,500.00,"100 מ""ל",false,,12.90,0.0258,true,1,119465
7290108353761,false,"תחליב רחצה זן, בניחוח קשמיר 600 מ""ל קרימה",החברה הדרומית לשיווק בעמ,,קרמה תחליב רחצה זן ב,מיליליטרים,600.00,"100 מ""ל",false,,17.90,0.0298,true,1,120936
7290108353815,false,"תחליב רחצה מדיטציה בניחוח פצ'ולי לבנדר+משאבה 600 מ""ל",החב. הדרומית לשיווק,,קרמה תחליב רחצה מדיט,מיליליטרים,600.00,"100 מ""ל",false,,17.90,0.0298,true,1,120938
7290108353914,false,קרמה רול און נרולי ומגנוליה 70גר,"אמיליה קוסמטיקס בע""\מ",,דאודורנט רול און קרמ,מיליליטרים,70.00,"100 מ""ל",false,,19.90,0.2843,true,1,88756
7290108354034,false,"סבון ידיים קרמה חמאת שיאה וקוקוי 300 מ""ל",החברה הדרומית לשיווק בעמ,,סבון ידיים קרמה חמאת,מיליליטרים,300.00,"100 מ""ל",false,,10.90,0.0363,true,1,84874
7290108354270,false,מרכך כביסה מרוכז בבישום עוצמתי 1 ל' סנו מקסימה,החברה הדרומית לשיווק בעמ,,מרכך מרוכז 1 ליטר CA,ליטרים,1.00,ליטר,false,,16.90,16.9000,false,1,118062
7290108354362,false,"סנו מדיק אל סבון היגייני לידיים 500 מ""ל",החברה הדרומית לשיווק בעמ,,סנו מדיק אל סבון היג,מיליליטרים,500.00,"100 מ""ל",false,,10.00,0.0200,true,1,86156
7290108354430,false,"שמפו כיף לשיקום והזנה שמן קוקוס וקרטין 700 מ""ל",החברה הדרומית לשיווק בעמ,,כיף שמפו לשיקום והזנ,מיליליטרים,700.00,"100 מ""ל",false,,10.90,0.0156,true,1,87438
7290108354591,false,"תחליב רחצה בניחוח מי קקטוס ושמן באבאסו 750 מ""ל נקה 7",החברה הדרומית לשיווק בעמ,,תחליב רחצה ביו נקה 7,מיליליטרים,750.00,"100 מ""ל",false,,11.90,0.0159,true,1,120577
7290108354607,false,"שמפו בניחוח מי קקטוס ושמן באבאסו 750 מ""ל נקה 7",החברה הדרומית לשיווק בעמ,,שמפו ביו נקה 7,מיליליטרים,750.00,"100 מ""ל",false,,11.90,0.0159,true,1,120576
7290108354614,false,"מרכך בניחוח מי קקטוס ושמן באבאסו 750 מ""ל נקה 7",החברה הדרומית לשיווק בעמ,,מרכך ביו נקה 7,מיליליטרים,750.00,"100 מ""ל",false,,11.90,0.0159,true,1,120578
7290108354751,false,"סנו - ג'ט מרסס לניקוי כללי בתוספת אבקת סודה 750 מ""ל",החברה הדרומית לשיווק בעמ,,"ג'ט חומץ+סודה 750 מ""",מיליליטרים,750.00,"100 מ""ל",false,,12.90,0.0172,true,1,76053
7290108354973,false,"סבון ידיים קרמה ורד ווניל 300 מ""ל",החברה הדרומית לשיווק בעמ,,סבון ידיים קרמה ורד,מיליליטרים,300.00,"100 מ""ל",false,,10.90,0.0363,true,1,84875
7290108355161,false,"מרכך שיער שמני הזנה 750 מ""ל נקה 7",החברה הדרומית לשיווק בעמ,,"נקה 7 מרכך 750 מ""ל",מיליליטרים,750.00,"100 מ""ל",false,,11.90,0.0159,true,1,73762
7290108355192,false,"מרכך קרטין אינטנס למניעת קשקשים נטורל פורמולה 400 מ""ל",החברה הדרומית לשיווק בעמ,,מרכך קרטין אינטנס למ,מיליליטרים,400.00,"100 מ""ל",false,,29.90,0.0747,true,1,71754
7290108355208,false,"שמפו קרטין אינטנס למניעת קשקשים נטורל 400 מ""ל",החברה הדרומית לשיווק בעמ,,שמפו קרטין אינטנס למ,מיליליטרים,400.00,"100 מ""ל",false,,29.90,0.0747,true,1,71755
7290108355307,false,"נקה 7 - שמפו סירוק קל רוזמרין 750 מ""ל",החברה הדרומית לשיווק בעמ,,שמפו לסירוק קל נקה,מיליליטרים,750.00,"100 מ""ל",false,,12.90,0.0172,true,1,78454
7290108356090,false,קרמה תרחיץ גל לשטיפה אינטימית 220 מל,קוסמופארם בעמ,,תרחיץ ג'ל לשטיפה אינ,מיליליטרים,220.00,"100 מ""ל",false,,21.00,0.0955,true,1,89681
7290108356106,false,כיף תחליב רחצה חלב שקדים 700 מל,החברה הדרומית לשיווק בעמ,,כיף תחליב רחצה שקד 7,מיליליטרים,700.00,"100 מ""ל",false,,11.90,0.0170,true,1,75798
7290108356113,false,תחליב רחצה כיף ניחוח דבש 700 מל,החברה הדרומית לשיווק בעמ,,כיף תחליב רחצה דבש 7,מיליליטרים,700.00,"100 מ""ל",false,,11.90,0.0170,true,1,75799
7290108356120,false,תחליב רחצה כיף ניחוח קוקוס וניל700 מל,החברה הדרומית לשיווק בעמ,,כיף תחליב רחצה קוקוס,מיליליטרים,700.00,"100 מ""ל",false,,11.90,0.0170,true,1,75800
7290108356137,false,תחליב רחצה כיף ניחוח לבנדר 700 מל,החברה הדרומית לשיווק בעמ,,כיף תחליב רחצה לבנדר,מיליליטרים,700.00,"100 מ""ל",false,,11.90,0.0170,true,1,75801
7290108356151,false,תחליב רחצה כיף ניחוחמאסק יסמין 700 מל,החברה הדרומית לשיווק בעמ,,כיף תחליב רחצה מאסק,מיליליטרים,700.00,"100 מ""ל",false,,11.90,0.0170,true,1,75802
7290108356168,false,תחליב רחצה כיף ניחוח אוקיינס700 מל,החברה הדרומית לשיווק בעמ,,כיף תחליב רחצה אוקיי,מיליליטרים,700.00,"100 מ""ל",false,,11.90,0.0170,true,1,75803
7290108356274,false,"כיף - מוס רחצה בניחוח תותים ושמנת 150 מ""ל",החברה הדרומית לשיווק בעמ,,מוס רחצה בניחוח תותי,מיליליטרים,200.00,"100 מ""ל",false,,12.90,0.0645,true,1,117290
7290108356298,false,"כיף - מוס רחצה בניחוח קרם עוגיות 150 מ""ל",החברה הדרומית לשיווק בעמ,,מוס רחצה בניחוח קרם,מיליליטרים,200.00,"100 מ""ל",false,,12.90,0.0645,true,1,117291
7290108356519,false,קרליין שמפו 10למניעת קשקשים 700מל,החברה הדרומית לשיווק בעמ,,קרליין שמפו לשיער רג,מיליליטרים,700.00,"100 מ""ל",false,,12.90,0.0184,true,1,118820
7290108356526,false,"קרליין - שמפו 10 לשיער יבש 700 מ""ל",החברה הדרומית לשיווק בעמ,,קרליין שמפו לשיער יב,מיליליטרים,700.00,"100 מ""ל",false,,12.90,0.0184,true,1,118821
7290108356533,false,קרוליין 10 שמפו לשיער מתולתל 700 מל,החברה הדרומית לשיווק בעמ,,קרליין שמפו לשיער מת,מיליליטרים,700.00,"100 מ""ל",false,,12.90,0.0184,true,1,118822
7290108356571,false,"קרליין - מרכך 10 לשיער יבש 700 מ""ל",החברה הדרומית לשיווק בעמ,,קרליין מרכך לשיער יב,מיליליטרים,700.00,"100 מ""ל",false,,12.90,0.0184,true,1,118826
7290108356854,false,מגבוני בייבי כיף בניוח עדין מארז חמישייה,החברה הדרומית לשיווק בעמ,,מגבונים בייבי כיף חמ,יחידה,0.00,יחידה,false,,19.90,0.0000,true,1,87192
7290108356861,false,מגבוני בייבי כיף ללא בישום מארז חמישייה,החברה הדרומית לשיווק בעמ,,מגבוני בייבי כיף חמי,יחידה,0.00,יחידה,false,,19.90,0.0000,true,1,87193
7290108357004,false,כיף שמפו ורד ושמן קוקוי לרכות וברק,החברה הדרומית לשיווק בעמ,,כיף שמפו ורד ושמן קו,מיליליטרים,700.00,"100 מ""ל",false,,10.90,0.0156,true,1,81504
7290108357059,false,"קרליין - נושם ביו דאודורנט רול און 75 מ""ל Secret Garden לאישה",החברה הדרומית לשיווק בעמ,,קרליין נושם BIO דאוד,מיליליטרים,75.00,"100 מ""ל",false,,12.90,0.1720,true,1,119467
7290108357110,false,"קרליין - נושם ביו דאודורנט רול און 75 מ""ל Valvet Rose לאישה",החברה הדרומית לשיווק בעמ,,קרליין נושם BIO דאוד,מיליליטרים,75.00,"100 מ""ל",false,,12.90,0.1720,true,1,119468
7290108357189,false,"מבשם ומרכך למייבש הכביסה מקסימה פלורל 750 מ""ל סנו",החברה הדרומית לשיווק בעמ,,מקסימה למייבש פלורל,מיליליטרים,750.00,"100 מ""ל",false,,19.90,0.0265,true,1,82011
7290108357196,false,"ג'ט פלוס לניקוי כללי בתוספת תמצית עץ התה 750 מ""ל סנו",החברה הדרומית לשיווק בעמ,,מתז JET לניקוי וחיטו,מיליליטרים,750.00,"100 מ""ל",false,,12.90,0.0172,true,1,89835
7290108357202,false,סנוקליר לניקוי בניחוח בלו בלוסום 1 ליטר,החברה הדרומית לשיווק בעמ,,סנו קליר 1 ליטר,ליטרים,1.00,ליטר,false,,11.90,11.9000,true,1,87894
7290108357240,false,"אוקסיג'ן פאוור תוסף להסרת כתמים קשים 1.4 ק""ג",החברה הדרומית לשיווק בעמ,,אוקסיג'ן POWER לכביס,קילוגרמים,1.40,"ק""ג",false,,29.90,21.3571,true,1,119027
7290108357264,false,"פרש אוטומטי מילוי בניחוח מרכך הכביסה אולטרה 375 מ""ל סנו",החברה הדרומית לשיווק בעמ,,סנו פרש אוטומטי מילו,מיליליטרים,250.00,"100 מ""ל",false,,14.90,0.0596,true,1,120470
7290108357271,false,סנובון ג'ל לניקוי אסלות עם חמצן פעיל לניקוי עוצמתי,החברה הדרומית לשיווק בעמ,,סנובון נוזלי אוקסי 7,מיליליטרים,750.00,"100 מ""ל",false,,11.90,0.0159,true,1,120120
7290108357288,false,אקונומיקה ז'אוול בניחוח פריחה לבנה 4 ל' סנו,החברה הדרומית לשיווק בעמ,,סנו ז'אוול 4 ליטר אק,ליטרים,4.00,ליטר,false,,16.90,4.2250,false,1,119196
7290108357295,false,"מרסס אוקסיג'ן מסיר כתמים סנו לכביסה לבנה 750 מ""ל",החברה הדרומית לשיווק בעמ,,סנו אוקסיג'ן POWER ל,מיליליטרים,750.00,"100 מ""ל",false,,19.90,0.0265,true,1,120942
7290108357578,false,"קרם ידיים קרמה וניל ופלפל ורוד 100מ""ל",החברה הדרומית לשיווק בעמ,,קרם ידיים קרמה וניל,מיליליטרים,100.00,"100 מ""ל",false,,9.90,0.0990,true,1,117562
7290108357653,false,סנובון ג'ל לאסלה שלישיה בניחוח אוקיינוס,החברה הדרומית לשיווק בעמ,,סנובון Bubbles שלישי,יחידה,0.00,יחידה,false,,14.90,0.0000,true,1,122157
7290108357714,false,"כיף שמפו לשיער יבש -רימונים ושמן ארגן 700 מ""ל",החברה הדרומית לשיווק בעמ,,כיף שמפו יבש רימונים,מיליליטרים,700.00,"100 מ""ל",false,,10.90,0.0156,true,1,77045
7290108357752,false,"שמפו לשיער מעוצב רימונים ושמן ארגן 700 מ""ל כיף",החברה הדרומית לשיווק בעמ,,כיף שמפו מעוצב קרטין,מיליליטרים,700.00,"100 מ""ל",false,,10.90,0.0156,true,1,77046
7290108357851,false,"כיף - ג'ל רחצה אליקסיר אוילס מועשר בשמן קוקוס 700 מ""ל",החברה הדרומית לשיווק בעמ,,כיף ג'ל רחצה מועשר ב,מיליליטרים,700.00,"100 מ""ל",false,,11.90,0.0170,true,1,118709
7290108357868,false,"כיף - ג'ל רחצה אליקסיר אויל מועשר בשמן מקדמיה 700 מ""ל",החברה הדרומית לשיווק בעמ,,כיף ג'ל רחצה מועשר ב,מיליליטרים,700.00,"100 מ""ל",false,,11.90,0.0170,true,1,118710
7290108357875,false,"כיף - שמפו לחות מוגברת עם אפרסק וחמאת מורומורו 700 מ""ל",החברה הדרומית לשיווק בעמ,,כיף שמפו לחות מוגברת,מיליליטרים,700.00,"100 מ""ל",false,,10.90,0.0156,true,1,119980
7290108358070,false,"תחליב רחצה קרמה קלאסי 700 מ""ל",החברה הדרומית לשיווק בעמ,,תחליב רחצה קרמה קלאס,מיליליטרים,700.00,"100 מ""ל",false,,17.90,0.0256,true,1,85307
7290108358087,false,"תחליב רחצה קרמה מאסק 700 מ""ל",החברה הדרומית לשיווק בעמ,,תחליב רחצה קרמה מאסק,מיליליטרים,700.00,"100 מ""ל",false,,17.90,0.0256,true,1,85306
7290108358100,false,"פרש הום מקלות ריחניים בייבי בבקבוק 100 מ""ל",החברה הדרומית לשיווק בעמ,,סנו פרש הום מקלות רי,מיליליטרים,100.00,"100 מ""ל",false,,19.90,0.1990,true,1,119072
7290108358117,false,"פרש הום מקלות ריחניים לבית בניחוח כביסה רעננה 100 מ""ל",החברה הדרומית לשיווק בעמ,,סנו פרש הום מקלות רי,מיליליטרים,100.00,"100 מ""ל",false,,19.90,0.1990,true,1,119073
7290108358124,false,דפי בישום לחים למייבש הכביסה בניחוח מרכך כביסה 20 יח' מקסימה,טרופיגל דגיל תעשיות קוסמ,,מקסימה דפי בישום לחי,יחידה,0.00,יחידה,false,,12.90,0.0000,true,1,121912
7290108359060,false,סנו סושי כריות הפלא רב תכלתיות *4 לשבת,החברה הדרומית לשיווק בעמ,,כריות ניקוי לשבת רבי,יחידה,0.00,יחידה,false,,11.50,0.0000,true,1,117289
7290108359084,false,סנו סושי כיסוי ניילון עם גומי 30 יחידות M,החברה הדרומית לשיווק בעמ,,כיסוי ניילון עם גומי,יחידה,0.00,יחידה,false,,10.90,0.0000,true,1,121821
7290108359091,false,סנו סושי כיסוי ניילון עם גומי 30 יחידות L,החברה הדרומית לשיווק בעמ,,כיסוי ניילון+גומי L,יחידה,0.00,יחידה,false,,10.90,0.0000,true,1,121822
7290108359114,false,סנו סושי – 10 חמגשית אלומיניום עם מכסה,החברה הדרומית לשיווק בעמ,,סנו סושי חמגשית אלומ,יחידה,0.00,יחידה,false,,10.90,0.0000,true,1,119198
7290108359121,false,סנו סושי שקיות אשפה חזקות במיוחד 100 יח' L,החב הדרומית לשיווק,,שקיות אשפה חזקות 100,יחידה,0.00,יחידה,false,,59.90,0.0000,true,1,119028
7290108359138,false,סנו סושי שקיות אשפה מארז קופסא 200 יח,החברה הדרומית לשיווק בעמ,,שקיות אשפה 200 יח' ב,יחידה,0.00,יחידה,false,,59.90,0.0000,true,1,119029
7290108359145,false,סנו סושי דפי ספוג הפלא 12 יח`,החברה הדרומית לשיווק בעמ,,סנו סושי דפי ספוג הפ,יחידה,0.00,יחידה,false,,11.50,0.0000,true,1,122242
7290108359152,false,"תבנית אלומיניום עגולה 25 ס""מ -6 יחי סנו סושי",החברה הדרומית לשיווק בעמ,,תבניות אלומיניום עגו,יחידה,0.00,יחידה,false,,10.90,0.0000,true,1,121257
7290108359176,false,סופט ממחטות אף צמד בשקית לושן 3 שכבות,החברה הדרומית לשיווק בעמ,,ממחטות אף 3 שכבות בת,יחידה,0.00,יחידה,false,,12.90,0.0000,true,1,122245
7290108359183,false,שקית אשפה חזקות 70*50 60 יח' סנו סושי,החברה הדרומית לשיווק בעמ,,סנו סושי 60 שקיות אש,יחידה,0.00,יחידה,false,,24.90,0.0000,true,1,121823
7290108359824,false,"כיף - בייבי כיף קרם 500 מ""ל",החברה הדרומית לשיווק בעמ,,קרם גוף בייבי כיף 50,מיליליטרים,500.00,"100 מ""ל",false,,21.90,0.0438,true,1,75526
7290108359831,false,בייבי שמן לתינוק לעור עדין כיף (500 מל),החברה הדרומית לשיווק בעמ,,שמן גוף בייבי כיף,מיליליטרים,500.00,"100 מ""ל",false,,22.90,0.0458,true,1,75527
7290108359855,false,"שמפו אל דמע בייבי כיף+משאבה 750 מ""ל",החברה הדרומית לשיווק בעמ,,בייבי כיף שמפו 750 מ,מיליליטרים,750.00,"100 מ""ל",false,,15.90,0.0212,true,1,75660
7290108359893,false,"תחליב רחצה בייבי כיף+משאבה 750 מ""ל",החברה הדרומית לשיווק בעמ,,תחליב רחצה בייבי כיף,מיליליטרים,750.00,"100 מ""ל",false,,15.90,0.0212,true,1,75529
7290108359985,false,סנו - ז'אוול מרסס קצף לניקוי וחינו בניחוח פריחה לבנה 1 ליטר,החברה הדרומית לשיווק בעמ,,ז'אוול קצף ניקוי בתו,ליטרים,1.00,ליטר,false,,18.90,18.9000,true,1,119197
7290108500677,false,כבד דג שיבוט בשמן דג וילי פוד 115 גרם,ג. וילי-פוד אינטרנשיונל בע`מ,,כבד דג שיבוט מעושן,גרמים,115.00,100 גרם,false,,9.90,0.0861,true,1,67224
7290108501346,false,גבינה מגורדת גאודה 28% שומן EURO CHEESE ויליפוד 500 גרם,ג.וילי-פוד אינטרנשיונל **גבינו,,גאודה מגורדת 500 גר,גרמים,500.00,100 גרם,false,,24.90,0.0498,true,1,70638
7290108501353,false,פילה אנשובי אמיתי ארוך בשמן וילי פוד 45,ג. וילי-פוד אינטרנשיונל בע`מ,,אנשובי ארוך בשמן 45,גרמים,45.00,100 גרם,false,,7.00,0.1556,true,1,72092
7290108501391,false,גבינת חצי קשה מחלב עיזים פרוסות 150 גר`,ג. וילי-פוד אינטרנשיונל בע`מ,,גבינה חצי קשה מחלב ע,גרמים,150.00,100 גרם,false,,21.90,0.1460,true,1,72203
7290108501490,false,גבינת מוצרלה פרוסות 150 גר`וילי פוד,ג.וילי-פוד אינטרנשיונל **גבינו,,גבינת מוצרלה חצי קשה,גרמים,150.00,100 גרם,false,,14.50,0.0967,true,1,72206
7290108501827,false,קדאיף שערות בצק ויליפוד 450 גרם,ג.וילי-פוד אינטרנשיונל **גבינו,,קדאיף שערות בצק,גרמים,450.00,100 גרם,false,,19.90,0.0442,true,1,73447
7290108502305,false,גבינת גרנה פדנו משולש ויליפוד 150 גרם,ג.וילי-פוד אינטרנשיונל **גבינו,,גבינת גרנה פדנו משול,גרמים,150.00,100 גרם,false,,22.90,0.1527,true,1,74965
7290108502329,false,רביעיית טונה בשמן זית ויליפוד 4*160 גרם,ג. וילי-פוד אינטרנשיונל בע`מ,,טונה ויליפוד בשמן זי,גרמים,640.00,100 גרם,false,,27.90,0.0436,true,1,75003
7290108502381,false,בסיסים להכנת פיצה קוטר 26 וילי פוד 480ג',ג. וילי-פוד אינטרנשיונל בע`מ,,בסיס לפיצה 4 יח,גרמים,480.00,100 גרם,false,,11.90,0.0248,true,1,75984
7290108502541,false,גבינת שמנת טעם טבעי ויליפוד 200 גרם,ג.וילי-פוד אינטרנשיונל **גבינו,,גבינת שמנת טבעי 200,גרמים,200.00,100 גרם,false,,12.90,0.0645,true,1,75366
7290108502589,false,גבינת שמנת עם שום ויליפוד 200 גרם,ג.וילי-פוד אינטרנשיונל **גבינו,,גבינת שמנת שום,גרמים,200.00,100 גרם,false,,12.90,0.0645,true,1,75368
7290108502725,false,גבינת גאודה פרוסות ויליפוד 400 גרם,ג.וילי-פוד אינטרנשיונל **גבינו,,גבינת גאודה פרוסות 4,גרמים,400.00,100 גרם,false,,19.90,0.0497,true,1,74967
7290108502862,false,מלפפונים כבושים במלח 18-25 קטנים ויליפוד 600 גרם,ג. וילי-פוד אינטרנשיונל בע`מ,,מלפפונים כבושים במלח,גרמים,600.00,100 גרם,false,,9.50,0.0158,true,1,76077
7290108503043,false,תפוחונים חטיף פלחים מיובשים מארז 22X4ג',ג. וילי-פוד אינטרנשיונל בע`מ,,מארז חטיף תפוחונים,גרמים,88.00,100 גרם,false,,14.90,0.1693,true,1,76637
7290108503067,false,פרמז'נו משולש ויליפוד 150 גרם,ג.וילי-פוד אינטרנשיונל **גבינו,,פרמז'נו משולש 150 גר,גרמים,150.00,100 גרם,false,,18.90,0.1260,true,1,74969
7290108503159,false,גבינה כחולה עם עובש 31% ויליפוד 100 גרם,ג.וילי-פוד אינטרנשיונל **גבינו,,גבינת דנבלו,גרמים,100.00,100 גרם,false,,13.90,0.1390,true,1,75494
7290108503791,false,ניוקי תפוח אדמה 3 צבעים 500 גרם (ללא גלוטן),ג. וילי-פוד אינטרנשיונל בע`מ,,"ניוקי תפ""א 3 צבעים ל",גרמים,500.00,100 גרם,false,,10.00,0.0200,true,1,87969
7290108503975,false,פסטה איטליאנה קנלוני ויליפוד 250 גרם,ג. וילי-פוד אינטרנשיונל בע`מ,,קנלוני 250 גר ויליפו,גרמים,250.00,100 גרם,false,,8.90,0.0356,true,1,77906
7290108503999,false,פרוסות גבינה בטעם גאודה לכריכים וטוסטים ויליפוד 150 גרם,ג.וילי-פוד אינטרנשיונל **גבינו,,פרוסות גבינה בטעם גא,גרמים,150.00,100 גרם,false,,10.90,0.0727,true,1,79104
7290108504279,false,קשקבל \איבריקו\ מנצ'גו צ'אנק 150 גרם,ג. וילי-פוד אינטרנשיונל בע`מ,,קשקבל צ'אנק 150 גר,גרמים,150.00,100 גרם,false,,19.90,0.1327,true,1,79109
7290108504286,false,איבריקו צ`אנק 150 גר` וילי פוד,ג.וילי-פוד אינטרנשיונל **גבינו,,איבריקו צ'אנק 150 גר,גרמים,150.00,100 גרם,false,,19.90,0.1327,true,1,79110
7290108504293,false,מנצ`גו צ`אנק 150 גרם ויליפוד,ג.וילי-פוד אינטרנשיונל **גבינו,,מנצ'גו צ'אנק 150 גר,גרמים,150.00,100 גרם,false,,19.90,0.1327,true,1,79111
7290108504392,false,גבינת שמנת לייט עם זיתים 200 ג' - EURO CHEESE,ג. וילי-פוד אינטרנשיונל בע`מ,,גבינת שמנת לייט עם ז,גרמים,200.00,100 גרם,false,,12.90,0.0645,true,1,81061
7290108504699,false,רביעיית טונה בשמן קנולה פתח קל ויליפוד 4*160 גרם,ג.וילי-פוד אינטרנשיונל בעמ,,רביעיה נתחי טונה בשמ,גרמים,640.00,100 גרם,false,,19.90,0.0311,false,1,80579
7290108505740,false,קשקבל גבינה חצי קשה EURO CHEESE ויליפוד 200 גרם,ג.וילי-פוד אינטרנשיונל **גבינו,,גבינת קשקבל חצי קשה,גרמים,200.00,100 גרם,false,,13.90,0.0695,true,1,83508
7290108506495,false,"כנאפה מאפה בצק ""שערות"" קדאיף וגבינה",ג.וילי-פוד אינטרנשיונל **גבינו,,כנאפה קפוא,גרמים,192.50,100 גרם,false,,8.90,0.0462,true,1,82887
7290108506518,false,אצבעות בצק פילו ממולאות גבינה ותרד 500 ג' ויליפוד,ג.וילי-פוד אינטרנשיונל **גבינו,,אצבעות בצק פילו ממול,גרמים,500.00,100 גרם,false,,15.90,0.0318,true,1,119216
7290108506549,false,גליליות וופל במילוי קרם וניל פינוקים 400 גרם,ג. וילי-פוד אינטרנשיונל בע`מ,,גליליות וופל במילוי,גרמים,400.00,100 גרם,false,,14.90,0.0373,true,1,83282
7290108506624,false,גבינת עיזים צ'אנק ויליפוד 150 גרם,ג.וילי-פוד אינטרנשיונל **גבינו,,גבינת עיזים חצי קשה,גרמים,150.00,100 גרם,false,,18.90,0.1260,true,1,83384
7290108506662,false,רביולי פטריות ויליפוד 250 גרם,ג. וילי-פוד אינטרנשיונל בע`מ,,רביולי פטריות פסטה א,גרמים,250.00,100 גרם,false,,11.90,0.0476,true,1,83388
7290108506679,false,רביולי חצילים ומוצרלה ויליפוד 250 גרם,ג. וילי-פוד אינטרנשיונל בע`מ,,רביולי חצילים ומוצרל,גרמים,250.00,100 גרם,false,,11.90,0.0476,true,1,83389
7290108506709,false,גבינת פרמג`אנו ר`גיאנו 150 גר וילי פוד,ג.וילי-פוד אינטרנשיונל **גבינו,,גבינת פרמג'אנו רג'יא,גרמים,150.00,100 גרם,false,,17.90,0.1193,true,1,83227
7290108506815,false,גליליות וופל במילוי קרם קרמל מלוח פינוקים 400 גרם,ג. וילי-פוד אינטרנשיונל בע`מ,,גליליות וופל במילוי,גרמים,400.00,100 גרם,false,,14.90,0.0373,true,1,83283
7290108506969,false,מאפה בורקס מים תורכי גבינה ויליפוד 300 גרם,ג.וילי-פוד אינטרנשיונל **גבינו,,מאפה בורקס מים תורכי,גרמים,300.00,100 גרם,false,,14.90,0.0497,true,1,83287
7290108507010,false,מאפה בורקס מים תורכי תרד וגבינה ויליפוד 300 גרם,ג.וילי-פוד אינטרנשיונל **גבינו,,מאפה בורקס מים תורכי,גרמים,300.00,100 גרם,false,,14.90,0.0497,true,1,84377
7290108508499,false,"איירן משקה יוגורט בסגנון טורקי יורו 293 מ""ל",ג.וילי-פוד אינטרנשיונל **גבינו,,איירן משקה יוגורט בס,מיליליטרים,293.00,"100 מ""ל",false,,4.90,0.0167,true,1,88029
7290108508765,false,קונכיות פתיתים 400 גרם וילי פוד,ג. וילי-פוד אינטרנשיונל בע`מ,,קונכיות פתיתים וילי,גרמים,400.00,100 גרם,false,,5.90,0.0148,true,1,88830
7290108509052,false,מאפה פילו במילוי גבינת פטה ויליפוד 400 גרם,ג.וילי-פוד אינטרנשיונל **גבינו,,מאפה פילו ממולא גבינ,גרמים,400.00,100 גרם,false,,21.90,0.0547,true,1,88810
7290108509113,false,"גבינה בולגרית מעודנת 18% שומן 250 גרם חת""ס פ""ת",ג.וילי-פוד אינטרנשיונל **גבינו,,גבינה בולגרית מעודנת,גרמים,250.00,100 גרם,false,,11.90,0.0476,true,1,89642
7290108509120,false,גבינה בולגרית מעודנת 18% שומן יורו 500 ג',ג.וילי-פוד אינטרנשיונל **גבינו,,גבינה בולגרית מעודנת,גרמים,500.00,100 גרם,false,,19.90,0.0398,true,1,89643
7290108509137,false,"גבינה בולגרית מעודנת 5% שומן 250 גרם חת""ס פ""ת",ג.וילי-פוד אינטרנשיונל **גבינו,,גבינה בולגרית מעודנת,גרמים,250.00,100 גרם,false,,11.90,0.0476,true,1,89644
7290108509182,false,גבינה פטה 17% EUROויליפוד 250 גרם,ג.וילי-פוד אינטרנשיונל **גבינו,,גבינה פטה 17% שומן,גרמים,250.00,100 גרם,false,,12.90,0.0516,true,1,89645
7290108509199,false,גבינת פטה 17% שומן יורו 500 ג',ג.וילי-פוד אינטרנשיונל **גבינו,,גבינה פטה 17% שומן 5,גרמים,500.00,100 גרם,false,,22.90,0.0458,true,1,89646
7290108509250,false,"אנטיפסטי ארטישוק+עגבניות מיובשות וצלפים בשמן חמניות 380 מ""ל",ג. וילי-פוד אינטרנשיונל בע`מ,,אנטיפסטי ארטישוק צנצ,גרמים,310.00,100 גרם,false,,22.90,0.0739,true,1,88808
7290108509359,false,פופקורן בציפוי בטעם קרמל ויליפוד 90 גרם,ג. וילי-פוד אינטרנשיונל בע`מ,,פופקורן בציפוי בטעם,גרמים,90.00,100 גרם,false,,7.90,0.0878,true,1,118257
7290108509588,false,גבינה פטה 24% עם עשבי תיבול 153 גרם ויליפוד,ג.וילי-פוד אינטרנשיונל **גבינו,,גבינה מלוחה עם עשבי,גרמים,153.00,100 גרם,false,,14.90,0.0974,true,1,122160
7290108509595,false,גבינה פטה 24% עגבניות מיובשות וריחן 153 גרם ויליפוד,ג.וילי-פוד אינטרנשיונל **גבינו,,גבינה מלוחה עם עגבני,גרמים,153.00,100 גרם,false,,14.90,0.0974,true,1,122162
7290108509700,false,אורז פרסי 1 קג`DAAWAT וילי פוד,ג. וילי-פוד אינטרנשיונל בע`מ,,אורז פרסי DAAWAT,קילוגרמים,1.00,"ק""ג",false,,9.90,9.9000,true,1,118205
7290108509731,false,איירן משקה יוגורט בסגנון טורקי 2.3% שומן 1ל' יורו,ג.וילי-פוד אינטרנשיונל **גבינו,,משקה איירן 1 ליטר,ליטרים,1.00,ליטר,false,,14.90,14.9000,true,1,118222
7290108509755,false,EURO גבינת חלומי 23% שומן 250 גרם,ג.וילי-פוד אינטרנשיונל **גבינו,,גבינת חלומי 250 גר',גרמים,250.00,100 גרם,false,,24.90,0.0996,true,1,122163
7290108509908,false,"מנת השף בשקית-איטריות בטעם ירקות 85 ג' חתם סופר ב""ב",ג. וילי-פוד אינטרנשיונל בע`מ,,מנת השף איטריות בשקי,גרמים,85.00,100 גרם,false,,3.90,0.0459,true,1,118219
7290108509922,false,מנתהשף אטריות להכנה מהירה טעם עוף ויליפוד 85 גרם,ג. וילי-פוד אינטרנשיונל בע`מ,,מנת השף איטריות בשקי,גרמים,85.00,100 גרם,false,,3.90,0.0459,true,1,118220
7290108509939,false,פרוסות פילה טונה בשמן זית כתית מעולה,ג. וילי-פוד אינטרנשיונל בע`מ,,פרוסות פילה טונה,גרמים,120.00,100 גרם,false,,10.90,0.0908,true,1,118577
7290108894172,false,סרט ראש תחרה,,,סרט ראש תחרה,יחידה,0.00,יחידה,false,,8.90,0.0000,true,1,65673
7290108894301,false,סט חרוזים פרפר,,,סט חרוזים פרפר,יחידה,0.00,יחידה,false,,9.90,0.0000,true,1,62690
7290109351025,false,מלך החומוס חומוסטחינה 40% טחינה גולמית,קבוצת אוסם סחר שותפות מוגבלת,,צבר חומוסטחינה 400 ג,גרמים,400.00,100 גרם,false,,13.90,0.0348,true,1,61469
7290109351957,false,פריכיות פיטנס מיני גדולות שוקולד חלב 100ג',קבוצת אוסם סחר שותפות מוגבלת,,פיטנס פריכיות גדולות,גרמים,100.00,100 גרם,false,,7.90,0.0790,true,1,66238
7290109351971,false,פריכיות דגנים פיטנס מצופות שוקולד חלב,קבוצת אוסם סחר שותפות מוגבלת,,פיטנס בר פריכיות שוק,גרמים,84.00,100 גרם,false,,12.90,0.1536,true,1,64635
7290109354057,false,קרחון לה פרוטה שרבט אננס תפוז מאגדת 5 יח',נגה גלידות שותפות מוגבלת,,מאגדת שלגונים לה פרו,גרמים,350.00,100 גרם,false,,23.90,0.0683,true,1,64199
7290109354101,false,קרקר לחמית ללא גלוטן 200 גר אסם,קבוצת אוסם סחר שותפות מוגבלת,,לחמית ללא גלוטן 200,גרמים,200.00,100 גרם,false,,10.50,0.0525,true,1,69161
7290109358284,false,"שניצל תירס עם חלבון 664 גר' ""טבעול""",קבוצת אוסם סחר שותפות מוגבלת,,שניצל תירס טבעול עם,גרמים,664.00,100 גרם,false,,28.90,0.0435,false,1,69184
7290109358482,false,עוגיות קרמוגית במילוי קרם בטעם חלבה,קבוצת אוסם סחר שותפות מוגבלת,,קרמוגית במילוי חלווה,גרמים,200.00,100 גרם,false,,11.50,0.0575,true,1,76318
7290109580012,false,המבורגר אנטריקוט קלאסי 360 גר`זוגלובק,זוגלובק שיווק בעמ,,בורגר אנטריקוט קלאסי,גרמים,360.00,100 גרם,false,,21.90,0.0608,true,1,82718
7290109580043,false,"שניצל תירס קלאסי זוגלובק 1.75 ק""ג",נקניק זוגלובק נהריה,,"שניצל תירס 1.75 ק""ג",קילוגרמים,1.75,"ק""ג",false,,49.90,28.5143,true,1,86028
7290109580050,false,נקניקיות צ'וריסוס וונדרס 0% בשר טבעוני ללא גלוטן,זוגלובק שיווק בעמ ו/או וונדרס,,נקניקיות צ'וריסוס 22,גרמים,226.00,100 גרם,false,,29.90,0.1323,true,1,119403
7290109580067,false,וונדרס טחון מן הצומח 340 גר`,זוגלובק שיווק בעמ ו/או וונדרס,,טחון 340 גר' WONDERS,גרמים,340.00,100 גרם,false,,29.90,0.0879,true,1,119404
7290109580098,false,קבנוס בטעם סרירצ'ה זוגלובק 135 גרם,נקניק זוגלובק נהריה,,קבנוס בטעם סרירצ'ה 1,גרמים,135.00,100 גרם,false,,10.00,0.0741,true,1,119650
7290109580104,false,רוסטביף פרימיום זוגלובק 150 גרם,נקניק זוגלובק נהריה,,רוסטביף 150 גר' פרמי,גרמים,150.00,100 גרם,false,,25.90,0.1727,true,1,117166
7290109580111,false,צלעות אסאדו מעושנות פרימיום זוגלובק 120 גרם,נקניק זוגלובק נהריה,,צלעות אסאדו מעושנת פ,גרמים,120.00,100 גרם,false,,25.90,0.2158,true,1,119230
7290109580135,false,קורנדביף פרימיום 180 גרם זוגלובק,נקניק זוגלובק נהריה,,קורנביף 180 גר' פרימ,גרמים,180.00,100 גרם,false,,25.90,0.1439,true,1,89442
7290109580227,false,נקניקיות עוף ובקר בסגנון ברלינאי קאריוורסט,נקניק זוגלובק נהריה,,נקניקיות ריינהולד'ס,גרמים,300.00,100 גרם,false,,19.90,0.0663,true,1,118797
7290109580234,false,"נקניקיות מרגז חריפות וונדרס 0% בשר, טבעוני",זוגלובק שיווק בעמ ו/או וונדרס,,נקניקיות מרגז 226 גר,גרמים,226.00,100 גרם,false,,29.90,0.1323,true,1,119405
7290109580241,false,נאגטס מן הצומח זוגלובק 500 גרם,נקניק זוגלובק נהריה,,נאגטס מן הצומח 500 ג,גרמים,500.00,100 גרם,false,,22.90,0.0458,true,1,120733
7290109580319,false,"בורגר וונדרס 0% בשר , טבעוני",זוגלובק שיווק בעמ ו/או וונדרס,,בורגר 280 גר' WONDER,גרמים,280.00,100 גרם,false,,29.90,0.1068,true,1,119406
7290109580449,false,סלמי בטעם כמהין פרימיום זוגלובק 180 גרם,נקניק זוגלובק נהריה,,סלמי בטעם כמהין פרימ,גרמים,180.00,100 גרם,false,,25.90,0.1439,true,1,121105
7290109920146,false,"דורגול מסיר אבנית מקומקומים 750 מ""ל",יעקב יעקבי ובניו בע`מ,,דורגול מסיר אבנית מק,מיליליטרים,750.00,"100 מ""ל",false,,19.90,0.0265,true,1,65601
7290109920153,false,"מלבין לכביסה לבנה לובן צח, 790 גרם יעקבי","יעקב יעקבי ובניו בע""מ",,לובן צח לכביסה לבנה,גרמים,790.00,100 גרם,false,,25.90,0.0328,true,1,67262
7290109920313,false,"אסטוניש מרסס לניקוי חלונות 750 מ""ל","יעקב יעקבי ובניו בע""מ",,אסטוניש מרסס מבריק ח,מיליליטרים,750.00,"100 מ""ל",false,,11.90,0.0159,true,1,71328
7290109920597,false,"אסטוניש - מרסס לניקוי המקלחון 750 מ""ל",יעקב יעקבי ובניו בע`מ,,אסטוניש מרסס למקלחון,מיליליטרים,750.00,"100 מ""ל",false,,11.90,0.0159,true,1,71331
7290109920603,false,"אסטוניש קרם לניקוי המטבח 500 מ""ל",יעקב יעקבי ובניו בע`מ,,אסטוניש קרם לניקוי ה,מיליליטרים,500.00,"100 מ""ל",false,,12.90,0.0258,true,1,72846
7290109920627,false,"אסטוניש קרם ואקונומיקה לניקוי אמבטיות 500 מ""ל",יעקב יעקבי ובניו בע`מ,,אסטוניש קרם אמבט עם,מיליליטרים,500.00,"100 מ""ל",false,,9.90,0.0198,true,1,72215
7290109920658,false,"אסטוניש - מרסס אנטי בקטריאלי למטבח 750 מ""ל",יעקב יעקבי ובניו בעמ,,אסטוניש מרסס אנטי בק,מיליליטרים,750.00,"100 מ""ל",false,,11.90,0.0159,true,1,71332
7290109920665,false,אסטוניש מרסס מסיר אוכל שרוף במטבח יעקובי,יעקב יעקבי ובניו בע`מ,,אסטוניש מרסס מסיר או,מיליליטרים,750.00,"100 מ""ל",false,,11.90,0.0159,true,1,71333
7290109920740,false,מרכך כביסה מרוכז לבנדר הפי 1 ליטר,"יעקב יעקבי ובניו בע""מ",,הפי מרכך מרוכז לכביס,ליטרים,1.00,ליטר,false,,14.90,14.9000,true,1,72008
7290109920757,false,הפי מרכך כביסה מרוכז 1 ליטר ורדים יעקובי,"יעקב יעקבי ובניו בע""מ",,הפי מרכך מרוכז לכביס,ליטרים,1.00,ליטר,false,,14.90,14.9000,true,1,71843
7290109920795,false,אסטוניש נוזל לניקוי כללי לבנדר 1 ליטר יע,יעקב יעקבי ובניו בעמ,,אסטוניש רב תכליתי לב,ליטרים,1.00,ליטר,false,,9.90,9.9000,true,1,72216
7290109920825,false,צמד-דורגול אספרסו + דורגול מקציף חלב מתנה,"יעקב יעקבי ובניו בע""מ",,דורגול אספרסו,מיליליטרים,500.00,"100 מ""ל",false,,26.90,0.0538,true,1,76084
7290109920849,false,"אסטוניש - מרסס לניקוי כללי בניחוח תפוז 750 מ""ל",יעקב יעקבי ובניו בע`מ,,אסטוניש מרסס תפוז לנ,מיליליטרים,750.00,"100 מ""ל",false,,11.90,0.0159,true,1,71334
7290109920917,false,"ג'ל לניקוי אסלה עם כלור הפי 750 מ""ל","יעקב יעקבי ובניו בע""מ",,הפי לניקוי האסלה עם,מיליליטרים,750.00,"100 מ""ל",false,,9.90,0.0132,true,1,74268
7290109921129,false,מרכך כביסה סופר מרוכז בניחות סיגליות 1 ל' יעקבי,"יעקב יעקבי ובניו בע""מ",,הפי מרכך כביסה כחול,ליטרים,1.00,ליטר,false,,14.90,14.9000,true,1,74160
7290109921303,false,טורבול SLIM סופג לחות 2 מגשיות יעקבי,יעקב יעקבי ובניו בעמ,,טורבול סופג לחות יעק,גרמים,200.00,100 גרם,false,,26.90,0.1345,true,1,76233
7290109921334,false,אידאל קולור פרוטקט 15 דפי בד לכביסה.,"יעקב יעקבי ובניו בע""מ",,אדיאל פרוטקט מונע הע,יחידה,0.00,יחידה,false,,17.90,0.0000,true,1,76812
7290109921372,false,אסטוניש משחה לניקוי תנורים וגריל+ספוג 250 גר',"יעקב יעקבי ובניו בע""מ",,משחת אסטוניש+ספוג לנ,גרמים,250.00,100 גרם,false,,17.90,0.0716,true,1,78058
7290109921389,false,נוזל מקצועי לניקוי רצפות השיפוצניק יעקבי,יעקובי,,השיפוצניק שטיפת רצפו,מיליליטרים,900.00,"100 מ""ל",false,,19.90,0.0221,true,1,78059
7290109921488,false,"דורגול לניקוי וחיטוי מכונת הכביסה יעקבי 500 מ""ל","יעקב יעקבי ובניו בע""מ",,דורגול למכונת כביסה,מיליליטרים,500.00,"100 מ""ל",false,,27.90,0.0558,true,1,79746
7290109921563,false,רצפות שיש מבריק ואינו מחליק,וונדפוט,,יעקובי רצפות שיש 1.2,ליטרים,1.25,ליטר,false,,15.90,12.7200,true,1,80145
7290109921570,false,יעקבי רצפות לניקוי פרקט 1.25 ליטר,וונדפוט,,יעקובי לניקוי פרקט 1,ליטרים,1.25,ליטר,false,,15.90,12.7200,true,1,80146
7290109921686,false,מטליות לחות פוליבוי לניקוי רהיטים 24 יח',יעקב יעקבי ובניו בעמ,,פוליבוי 24 מטליות לח,יחידה,0.00,יחידה,false,,11.90,0.0000,true,1,82207
7290109921723,false,"דורגול ג'ל לאסלה 750 מ""ל",יעקב יעקבי ובניו בעמ,,דורגול ג'ל לאסלה 750,מיליליטרים,750.00,"100 מ""ל",false,,17.90,0.0239,true,1,88450
7290109921853,false,אסטוניש המשחה המקורית לניקוי עם עוצמה,"יעקב יעקבי ובניו בע""מ",,אסטוניש משחת פרימיום,גרמים,150.00,100 גרם,false,,17.90,0.1193,true,1,85893
7290109921952,false,ג'ל כביסה סופרו אקטיב יעקובי ירוק 2.5 ליטר,יעקב יעקבי ובניו בעמ,,ג'ל כביסה מרוכז לכבי,ליטרים,2.50,ליטר,false,,28.90,11.5600,true,1,87957
7290109922881,false,דורגול מרסס מרוכז למטבח 600 מל,יעקב יעקבי ובניו בעמ,,דורגול מרסס למטבח 60,מיליליטרים,600.00,"100 מ""ל",false,,19.90,0.0332,true,1,119952
7290109922898,false,דזיטול ספריי נגד קורונה לחיטוי משטחים,יעקב יעקבי ובניו בעמ,,דזיטול ספריי רב תכלי,מיליליטרים,400.00,"100 מ""ל",false,,12.90,0.0323,true,1,118514
7290109922911,false,דזיטול חיטוי נעליים מפטריות חיידקים וריחות 150מל,יעקב יעקבי ובניו בעמ,,דזיטול ספריי לחיטוי,מיליליטרים,150.00,"100 מ""ל",false,,17.90,0.1193,true,1,118517
7290109923031,false,"אסטוניש מרסס פרימיום ארומטיק למקלחון 750 מ""ל","יעקב יעקבי ובניו בע""מ",,אסטוניש מרסס פרימיום,מיליליטרים,750.00,"100 מ""ל",false,,13.90,0.0185,true,1,119326
7290109923048,false,"אסטוניש מרסס פרימיום ארומטיק לכל הבית 750 מ""ל","יעקב יעקבי ובניו בע""מ",,אסטוניש מרסס פרימיום,מיליליטרים,750.00,"100 מ""ל",false,,13.90,0.0185,true,1,119327
7290109923093,false,"אסטוניש - קרם כיריים הלוגן ומיקרו 500 מ""ל","יעקב יעקבי ובניו בע""מ",,אסטוניש קרם כיריים ה,מיליליטרים,500.00,"100 מ""ל",false,,13.90,0.0278,true,1,120482
7290109923109,false,סבון אסלה 5 צדפות +אקונומיקה 2 יח',יעקב יעקבי ובניו בעמ,,סבון אסלה 5 צדפות+אק,יחידה,0.00,יחידה,false,,12.90,0.0000,true,1,120483
7290109923147,false,אסטוניש מהדורה פרימיום פלא של אקונומיקה,יעקב יעקבי ובניו בע`מ,,אסטוניש פלא של אקונו,מיליליטרים,750.00,"100 מ""ל",false,,13.90,0.0185,true,1,120491
7290110001445,false,איטריות דקות מקמח כוסמין מלא 200 גרם,גיי אפ פי ייצור מזון,,איטריות דקות מקמח כו,גרמים,200.00,100 גרם,false,,8.90,0.0445,true,1,86262
7290110002039,false,חיטה תפוחה עם קקאו 400 גר(שלווה),בטר אנד דיפרנט בעמ,,חיטה תפוחה עם קקאו 4,גרמים,400.00,100 גרם,false,,13.90,0.0348,true,1,121800
7290110110277,false,"סומרסבי סיידר תפוחים אלכוהולי 4*300 מ""ל",החברה המרכזית להפצת משקאות בעמ,,סומרסבי רביעייה סייד,מיליליטרים,1320.00,"100 מ""ל",false,,35.90,0.0272,true,1,73885
7290110110369,false,"שישייה בירה קרלסברג LUMA בקבוק 330 מ""ל",החברה המרכזית להפצת משקאות בעמ,,שישיה קרלסברג לומה ל,מיליליטרים,1980.00,"100 מ""ל",false,,37.90,0.0191,false,1,84296
7290110111809,false,"מארז פחיות פאנטה אורנג' שישייה 330 מ""ל",החברה המרכזית לייצור משק,,מארז פאנטה פחיות שיש,ליטרים,1980.00,100 ליטר,false,,22.00,0.0111,false,1,77921
7290110113261,false,נקטר חמוציות 19 קלוריות SPRAY OCEAN פריגת 1 ליטר,החברה המרכזית להפצת משקאות בעמ,,חמוציות אושן ספריי 1,ליטרים,1.00,ליטר,false,,12.90,12.9000,false,1,90638
7290110113377,false,קוקה קולה מארז רביעיה 1X4 ליטר,החברה המרכזית להפצת משקאות בעמ,,מארז רביעיה קוקה קול,ליטרים,4.00,ליטר,false,,27.00,6.7500,false,1,120962
7290110113384,false,קוקה קולה זירו מארז רביעיה 1X4 ליטר,החברה המרכזית להפצת משקאות בעמ,,מארז רביעיה קולה זיר,ליטרים,4.00,ליטר,false,,25.90,6.4750,false,1,120963
7290110113476,false,בירה קרלסברג ללא אלכוהול - שישייה,החברה המרכזית להפצת משקאות בעמ,,שישיה קרלסברג 0% אלכ,מיליליטרים,1980.00,"100 מ""ל",false,,31.90,0.0161,false,1,82115
7290110113605,false,בירה שקמה אי פי איי,מבשלות בירה בינלאומי,,"בירה שקמה בק' 330 מ""",מיליליטרים,330.00,"100 מ""ל",false,,12.90,0.0391,true,1,119974
7290110113629,false,"בירה שקמה אייל ענברי בק 330 מ""ל",מבשלות בירה בינלאומי,,בירה שקמה אייל ענברי,מיליליטרים,330.00,"100 מ""ל",false,,12.90,0.0391,true,1,119975
7290110113636,false,"בירה שקמה מרצן לאגר בק 330 מ""ל",מבשלות בירה בינלאומי,,בירה שקמה מרצ'ן לאגר,מיליליטרים,330.00,"100 מ""ל",false,,12.90,0.0391,true,1,119976
7290110114787,false,נביעות+ מים מינרליים בטעם תפוח 1.5 ליטר,החברה המרכזית להפצת משקאות בעמ,,נביעות + תפוח 1.5 לי,ליטרים,1.50,ליטר,false,,8.90,5.9333,false,1,117604
7290110114794,false,נביעות+ מים מינרליים בטעם אפרסק 1.5 ליטר,החברה המרכזית להפצת משקאות בעמ,,נביעות + אפרסק 1.5 ל,ליטרים,1.50,ליטר,false,,8.90,5.9333,false,1,117605
7290110114800,false,נביעות+ מים מינרליים בטעם ענבים 1.5 ליטר,החברה המרכזית להפצת משקאות בעמ,,נביעות + ענבים 1.5 ל,ליטרים,1.50,ליטר,false,,8.90,5.9333,false,1,117606
7290110114824,false,נביעות+רכיבי פרי אבטיח 1.5 ליטר פיקדון,החברה המרכזית להפצת משקאות בעמ,,נביעות+ רכיבי פרי אב,ליטרים,1.50,ליטר,false,,9.50,6.3333,false,1,117608
7290110114855,false,"נביעות מים מינרליים, שישיה 6 * 1.5 ליטר פקדון",החברה המרכזית להפצת משקאות בעמ,,שישיה נביעות 1.5 ליט,ליטרים,9.00,ליטר,false,,12.90,1.4333,false,1,117611
7290110114893,false,מיץ תפוזים מפוסטר סחוט 2 ליטר,החברה המרכזית טלהפצת משקאות בע,,סחוט תפוז 2 ליטר פרי,ליטרים,2.00,ליטר,false,,29.90,14.9500,false,1,118312
7290110114954,false,מיץ תפוזים מתקתקים פריגת 2 ליטר,החברה המרכזית טלהפצת משקאות בע,,תפוזים מתקתק 100% 2,ליטרים,2.00,ליטר,false,,22.90,11.4500,false,1,118316
7290110114961,false,משקה קל בטעם תפוזים פריגת (1.5 ליטר),החברה המרכזית להפצת משקאות בעמ,,פריגת תפוז 1.5 ליטר,ליטרים,1.50,ליטר,false,,9.00,6.0000,false,1,117613
7290110114985,false,משקה קל בטעם אשכוליות פריגת (1.5 ליטר),החברה המרכזית להפצת משקאות בעמ,,פריגת אשכולית 1.5 לי,ליטרים,1.50,ליטר,false,,9.00,6.0000,false,1,117615
7290110114992,false,משקה קל בטעם אשכוליות לייט פריגת (1.5 לי,החברה המרכזית להפצת משקאות בעמ,,פריגת Light אשכולית,ליטרים,1.50,ליטר,false,,8.60,5.7333,false,1,117616
7290110115005,false,משקה קל בטעם ענבים פריגת (1.5 ליטר),החברה המרכזית להפצת משקאות בעמ,,פריגת ענבים 1.5 ליטר,ליטרים,1.50,ליטר,false,,9.00,6.0000,false,1,117617
7290110115036,false,משקה קל בטעם מנגו פריגת (1.5 ליטר),החברה המרכזית להפצת משקאות בעמ,,פריגת מנגו 1.5 ליטר,ליטרים,1.50,ליטר,false,,9.00,6.0000,false,1,117620
7290110115043,false,משקה קל בטעם לימונענע פריגת (1.5 ליטר),החברה המרכזית להפצת משקאות בעמ,,פריגת לימונענע 1.5 ל,ליטרים,1.50,ליטר,false,,9.00,6.0000,false,1,117621
7290110115050,false,משקה קל בטעם תות בננה פריגת (1.5 ליטר),החברה המרכזית להפצת משקאות בעמ,,פריגת מיקס תות בננה,ליטרים,1.50,ליטר,false,,9.00,6.0000,false,1,117622
7290110115081,false,פריגת צלול ענבים 1.5 ליטר פיקדון,החברה המרכזית להפצת משקאות בעמ,,פריגת צלול ענבים 1.5,ליטרים,1.50,ליטר,false,,8.60,5.7333,false,1,117625
7290110115104,false,פריגת צלול אפרסק 1.5 ליטר פיקדון,החברה המרכזית להפצת משקאות בעמ,,פריגת צלול אפרסק 1.5,ליטרים,1.50,ליטר,false,,8.60,5.7333,false,1,117627
7290110115128,false,פריגת צלול בטעם לימונענע 1.5 ליטר פיקדון,החברה המרכזית להפצת משקאות בעמ,,פריגת צלול בטעם לימו,ליטרים,1.50,ליטר,false,,8.60,5.7333,false,1,117629
7290110115227,false,קוקה קולה Zero בקבוק 1.5 ליטר פיקדון,החברה המרכזית להפצת משקאות בעמ,,קולה זירו 1.5 ליטר פ,ליטרים,1.50,ליטר,false,,8.50,5.6667,false,1,117764
7290110115234,false,קוקה קולה דיאט זירו 1.5 ליטר פיקדון,החברה המרכזית להפצת משקאות בעמ,,קולה זירו נטול 1.5 ל,ליטרים,1.50,ליטר,false,,8.50,5.6667,false,1,117765
7290110115241,false,קוקה קולה דיאט לימון 1.5 ליטר פיקדון,החברה המרכזית להפצת משקאות בעמ,,קולה זירו לימון 1.5,ליטרים,1.50,ליטר,false,,8.50,5.6667,false,1,117766
7290110115265,false,ספרייט לימון ליים 1.5 ליטר-,החברה המרכזית להפצת משקאות בעמ,,ספרייט 1.5 ליטר LIM,ליטרים,1.50,ליטר,false,,8.90,5.9333,false,1,117777
7290110115272,false,ZERO ספרייט 1.5 ליטר פיקדון,החברה המרכזית להפצת משקאות בעמ,,ZERO ספרייט 1.5 ליטר,ליטרים,1.50,ליטר,false,,8.50,5.6667,false,1,117778
7290110115296,false,גזוז בטעם תפוז פאנטה 1.5 ליטר פיקדון,החברה המרכזית להפצת משקאות בעמ,,פאנטה אורנג' 1.5 ליט,ליטרים,1.50,ליטר,false,,8.90,5.9333,false,1,117780
7290110115302,false,משקה מוגז אורנג' זירו פאנטה 1.5 ליטר,החברה המרכזית להפצת משקאות בעמ,,פאנטה ZERO אורנג' 1.,ליטרים,1.50,ליטר,false,,8.50,5.6667,false,1,117781
7290110115319,false,פאנטה אקזוטי פירות טרופיים 1.5ל פיקדון,החברה המרכזית להפצת משקאות בעמ,,פאנטה אקזוטיק 1.5 לי,ליטרים,1.50,ליטר,false,,8.90,5.9333,false,1,117782
7290110115357,false,קינלי סודה 1.5 ליטר פיקדון,החברה המרכזית להפצת משקאות בעמ,,קינלי סודה 1.5 ליטר,ליטרים,1.50,ליטר,false,,4.20,2.8000,false,1,117792
7290110115364,false,שישייה קוקה קולה 1.5 ליטר פיקדון,החברה המרכזית להפצת משקאות בעמ,,קוקה קולה שישיות 1.5,ליטרים,9.00,ליטר,false,,51.00,5.6667,false,1,117768
7290110115371,false,דיאט קוקה קולה שישיות 1.5 ליטר פיקדון,החברה המרכזית להפצת משקאות בעמ,,דיאט קוקה קולה שישיו,ליטרים,9.00,ליטר,false,,47.80,5.3111,false,1,117769
7290110115395,false,ספרייט זירו שישיות 1.5 ליטר פיקדון,החברה המרכזית להפצת משקאות בעמ,,ZERO ספרייט שישיות 1,ליטרים,9.00,ליטר,false,,47.80,5.3111,false,1,117788
7290110115401,false,קינלי סודה שישייה 1.5 ליטר פיקדון,החברה המרכזית להפצת משקאות בעמ,,קינלי סודה שישייה 1.,ליטרים,9.00,ליטר,false,,15.70,1.7444,false,1,117793
7290110115418,false,קוקה קולה זירו 1.5 ליטר מארז שישייה,החברה המרכזית להפצת משקאות בעמ,,קולה זירו שישיות 1.5,ליטרים,9.00,ליטר,false,,47.80,5.3111,false,1,117770
7290110115449,false,פיוז-טי תה מנגו אננס 1.5 ליטר פיקדון,החברה המרכזית להפצת משקאות בעמ,,FUZE tea מנגו אננס 1,ליטרים,1.50,ליטר,false,,9.50,6.3333,false,1,117796
7290110115463,false,פיוז-טי תה אפרסק 1.5 ליטר פיקדון,החברה המרכזית להפצת משקאות בעמ,,FUZE tea אפרסק 1.5 ל,ליטרים,1.50,ליטר,false,,9.50,6.3333,false,1,117798
7290110115494,false,תה קר בטעם ענבים פיוז טי 1.5 ליטר,החברה המרכזית להפצת משקאות בעמ,,FUZE tea ענבים 1.5 ל,ליטרים,1.50,ליטר,false,,9.50,6.3333,false,1,117801
7290110115593,false,פריגת אשכוליות 40% פחות סוכר 1.5 ליטר פיקדון,החברה המרכזית להפצת משקאות בעמ,,פריגת אשכוליות 40% פ,ליטרים,1.50,ליטר,false,,8.60,5.7333,true,1,117631
7290110115623,false,פיוז-טי תה אפרסק זירו 1.5 ליטר פיקדון,החברה המרכזית להפצת משקאות בעמ,,פיוז טי זירו אפרסק 1,מיליליטרים,1.50,"מ""ל",false,,8.90,5.9333,false,1,118435
7290110115777,false,מים מינרליים נביעות 1.5 ל,נביעות,,בק' נביעות 1.5 ליטר,ליטרים,1.50,ליטר,false,,3.60,2.4000,false,1,118507
7290110115845,false,קוקה קולה 1.5 ליטר פיקדון,"אינסטנטה בע""מ",,קוקה קולה רגיל 1.5 ל,ליטרים,1.50,ליטר,false,,8.90,5.9333,false,1,118533
7290110115852,false,דיאט קוקה קולה 1.5 ליטר -,תות תעשיות מזון (201,,קוקה קולה דיאט 1.5 ל,ליטרים,1.50,ליטר,false,,8.50,5.6667,false,1,118530
7290110115869,false,קוקה קולה זירו 1.5 ליטר פיקדון,תות תעשיות מזון (201,,קולה זירו 1.5 ליטר פ,ליטרים,1.50,ליטר,false,,8.50,5.6667,false,1,118485
7290110116125,false,"סירופ פריגת בטעם פטל 750 מ""ל פיקדון",החברה המרכזית להפצת משקאות בעמ,,סירופ בטעם פטל,מיליליטרים,750.00,"100 מ""ל",false,,22.90,0.0305,true,1,120960
7290110116132,false,"סירופ פריגת בטעם לימון 750 מ""ל פיקדון",החברה המרכזית להפצת משקאות בעמ,,סירופ בטעם לימון,מיליליטרים,750.00,"100 מ""ל",false,,22.90,0.0305,true,1,120959
7290110116149,false,"סירופ פריגת בטעם ענבים 750 מ""ל פיקדון",החברה המרכזית להפצת משקאות בעמ,,סירופ בטעם ענבים 750,מיליליטרים,750.00,"100 מ""ל",false,,22.90,0.0305,true,1,120957
7290110116194,false,נביעות+ סדרת 0 קלוריות לימון-ליים 1.5 ליטר,החברה המרכזית להפצת משקאות בעמ,,נביעות+ לימון-ליים 1,ליטרים,1.50,ליטר,false,,9.50,6.3333,false,1,120951
7290110116385,false,"פחיות סטפאני מרשמלו אבטיח תות זירו 330 מ""ל",החברה המרכזית להפצת משקאות בעמ,,פחית קולה זירו אבטיח,מיליליטרים,330.00,"100 מ""ל",false,,4.50,0.0136,false,1,121223
7290110116491,false,פריגת סחוט מיקס אפרסק משמש 1ליטר,*החברה המרכזית להפצת משקאותבעמ,,פריגת מיקס אפרסק משמ,ליטרים,1.00,ליטר,false,,16.00,16.0000,true,1,122303
7290110116507,false,פריגת סחוט מיקס אננס בננה אגס 1ליטר,*החברה המרכזית להפצת משקאותבעמ,,פריגת מיקס אננס בננה,ליטרים,1.00,ליטר,false,,16.00,16.0000,true,1,122304
7290110116514,false,פריגת סחוט מיקס תות בננה 400מל,*החברה המרכזית להפצת משקאותבעמ,,פריגת מיקס תות בננה,מיליליטרים,400.00,"100 מ""ל",false,,9.50,0.0238,true,1,122305
7290110116569,false,ספרייט זירו 1.5 ליטר LEMON HIT פיקדון,החברה המרכזית להפצת משקאות בעמ,,זירו ספרייט למון היט,ליטרים,1.50,ליטר,false,,8.50,5.6667,false,1,122002
7290110116637,false,בירה שקמה חיטה מעוננת Bitter Wheat,שקמה,,"בירה שיקמה 330 מ""ל",מיליליטרים,330.00,"100 מ""ל",false,,12.90,0.0391,true,1,121488
7290110116644,false,"מארז שקמה בטעמים שונים 5*330 מ""ל",,,מארז 5 בקבוקים בירה,יחידה,0.00,יחידה,false,,49.90,0.0000,true,1,122000
7290110320591,false,גבינה בולגרית במרקם מעודן 16% פיראוס,"תנובה בע""מ ***",,בולגרית 16% פיראוס ב,גרמים,250.00,100 גרם,false,,23.90,0.0956,true,1,68444
7290110320744,false,גבינת גרנה פדנו 150 גר`קולקשיין תנובה,תנובה - חלב,,גבינת גרנה פדנו 150ג,גרמים,150.00,100 גרם,false,,22.90,0.1527,true,1,72909
7290110320850,false,פתיתים גבינה חצי קשה מגורדת 28% שומן,תנובה מרכז שיתופי לש,,פתיתי עמק 200 גר,גרמים,200.00,100 גרם,false,,15.90,0.0795,false,1,70948
7290110320867,false,פתיתים גבינה חצי קשה מגורדת 28% שומן,תנובה מרכז שיתופי לש,,פתיתי עמק לאפיה 28%,גרמים,500.00,100 גרם,false,,36.90,0.0738,false,1,70726
7290110320935,false,פרוסות מוצרלה 150 גר`קולקשיין תנובה,תנובה מרכז שיתופי לש,,פרוסות מוצרלה 150 גר,גרמים,150.00,100 גרם,false,,16.90,0.1127,true,1,70725
7290110321031,false,מעדן חלב GO יוגורט מועשר בחלבון טבעי 200 ג' יופלה,"תנובה, מחלבת אלון תב",,יופלה GO,גרמים,200.00,100 גרם,false,,5.80,0.0290,true,1,70282
7290110321277,false,קוטג' בקטנה 5% תנובה 100 גרם מהדרין,פארייפאבה אגרואינדוס,,קוט'ג בקטנה 5% מהדרי,גרמים,100.00,100 גרם,false,,2.60,0.0260,false,1,71199
7290110321284,false,קוטג' בקטנה 9% תנובה 100 גרם מהדרין,פארייפאבה אגרואינדוס,,קוט'ג בקטנה 9% מהדרי,גרמים,100.00,100 גרם,false,,2.60,0.0260,false,1,71200
7290110321604,false,קוביות פיראוס בולגרית מעודנת 5% 200 גרם - רבנות,"תנובה בע""מ ***",,קוביית בולגרית מעודנ,גרמים,230.00,100 גרם,false,,21.90,0.0952,true,1,73875
7290110321680,false,יוגורט GO בטעם תות 20 גרם חלבון בגביע,מיוצר עי קונדיטוריית,,יופלה גו בטעמי פירות,גרמים,200.00,100 גרם,false,,6.20,0.0310,true,1,71804
7290110321697,false,יוגורט GO בטעם אפרסק 20 גרם חלבון בגביע,מיוצר עי קונדיטוריית,,יופלה גו אפרסק,גרמים,200.00,100 גרם,false,,6.20,0.0310,true,1,71805
7290110321703,false,יוגורט עם פירות יער בתוספת חלבוני חלב 2% שומן,מיוצר עי קונדיטוריית,,יופלה גו פירות יער,גרמים,200.00,100 גרם,false,,6.20,0.0310,true,1,73515
7290110321789,false,גבינת מסקרפונה 38% שומן 250 גר`השף הלבן,"תנובה בע""מ ***",,גבינת מסקרפונה 38% ה,גרמים,250.00,100 גרם,false,,20.50,0.0820,true,1,72907
7290110322014,false,טופו בטעם טבעי תנובה ALTERNATIVE,שוורצקוף& הנקל דיסלד,,טופו טבעי 300 גר,גרמים,300.00,100 גרם,false,,12.90,0.0430,true,1,73645
7290110322021,false,"תנובה טופו בזיליקום 300 גר' בד""צ",שוורצקוף& הנקל דיסלד,,טופו בזיליקום 300 גר,גרמים,300.00,100 גרם,false,,12.90,0.0430,true,1,73670
7290110322038,false,טופו בטעם פיקנטי 300 גר`תנובה,"תנובה בע""מ ***",,טופו פיקנטי 300 גר,גרמים,300.00,100 גרם,false,,12.90,0.0430,true,1,73646
7290110322946,false,יופלה טיוב יוגורט במרקם חלק בטעם תות בננה כשרות רבנות 348 ג',תנובה - חלב,,יופלה טיוב תות בננה,גרמים,348.00,100 גרם,false,,12.60,0.0362,false,1,75666
7290110323073,false,"משקה יוגורט יופלה גו תות פטל 250 מ""ל - רבנות",מיוצר עי קונדיטוריית,,משקה יוגורט יופלה תו,מיליליטרים,250.00,"100 מ""ל",false,,6.70,0.0268,true,1,75395
7290110323301,false,טל העמק בסגנון אמנטל 32% שומן 200 גרם,"תנובה בע""מ ***",,גבינת טל העמק 32% שו,גרמים,200.00,100 גרם,false,,19.90,0.0995,true,1,76896
7290110323585,false,יופלה יוגורט עם דובדבן מופחת קלוריות 200 ג' GO,"תנובה בע""מ ***",,יוגורט עם דבדבן מופח,גרמים,200.00,100 גרם,false,,6.20,0.0310,true,1,75961
7290110323592,false,יופלה יוגורט עם אפרסק מופחת קלוריות 200 ג' GO,תנובה בעמ ***,,יוגורט עם אפרסק מופח,גרמים,200.00,100 גרם,false,,6.20,0.0310,true,1,75962
7290110323714,false,משקה קוקוס שקדים תנובה E אלטרנטיב,מיוצר עי קונדיטוריית,,משקה קוקוס שקדים 1 ל,מיליליטרים,1000.00,"100 מ""ל",false,,12.60,0.0126,true,1,76609
7290110324070,false,גבינת חלומי מחלב בקר (30% 200 גר`)פירא,"תנובה בע""\מ",,גבינת חלומי 200 גר ת,גרמים,200.00,100 גרם,false,,19.90,0.0995,true,1,76736
7290110324353,false,יוגורט GO לייט בטעם אננס 20 גרם חלבון בגביע,מיוצר עי קונדיטוריית,,יופלה GO לייט אננס,מיליליטרים,200.00,"100 מ""ל",false,,6.20,0.0310,true,1,78497
7290110324551,false,יופלה טיוב יוגורט במרקם חלק תות כשרות מהדרין,"תנובה בע""מ ***",,יופלה טיוב תות,גרמים,348.00,100 גרם,false,,12.60,0.0362,false,1,77394
7290110324711,false,ממרח סויה 9% שומן בטעם טבעי תנובה 250 גרם,מיוצר עי קונדיטוריית,,ממרח סויה 9% בטעם טב,גרמים,250.00,100 גרם,false,,8.90,0.0356,true,1,78538
7290110324728,false,ממרח סויה 9% שומן עם שום שמיר תנובה 250 גרם,מיוצר עי קונדיטוריית,,ממרח סויה 9% עם שום,גרמים,250.00,100 גרם,false,,8.90,0.0356,true,1,78539
7290110324841,false,מעדן שקדים עם שוקולד מריר תנובה 125 גרם,מיוצר עי קונדיטוריית,,מעדן שקדים עם שוקולד,גרמים,125.00,100 גרם,false,,4.40,0.0352,false,1,80493
7290110324858,false,מעדן שקדים בטעם אגוזי לוז תנובה 125 גרם,מיוצר עי קונדיטוריית,,מעדן שקדים בטעם אגוז,גרמים,125.00,100 גרם,false,,4.40,0.0352,true,1,80496
7290110324872,false,גבינה צהובה גלבוע (5% 200 גר`)תנובה,גלבוע - תנובה,,גבינת גלבוע 200ר,גרמים,200.00,100 גרם,false,,18.90,0.0945,false,1,80777
7290110324926,false,משקה סויה ללא תוספת סוכר E אלטרנטיב,תנובה מרכז שיתופי לש,,משקה סויה ללא תוספת,מיליליטרים,1000.00,"100 מ""ל",false,,10.60,0.0106,false,1,80743
7290110325084,false,מאגדת שמינייה מיני קרלו שוניל 8*100גרם,"תנובה בע""מ ***",,מאגדת שמינייה מיני ק,גרמים,800.00,100 גרם,false,,14.70,0.0184,true,1,79618
7290110325114,false,"משקה יוגורט יופלה גו לייט תות בננה 250 מ""ל - רבנות",מיוצר עי קונדיטוריית,,משקה יוגורט גו לייט,גרמים,250.00,100 גרם,false,,6.70,0.0268,true,1,79206
7290110325121,false,"משקה יוגורט יופלה גו לייט מנגו אננס 250 מ""ל",תנובה בעמ ***,,משקה יוגורט גו לייט,גרמים,250.00,100 גרם,false,,6.70,0.0268,true,1,79207
7290110325169,false,פרוסות גאודה 170 גר`קולקשיין תנובה,תנובה בעמ ***,,גאודה פרוסות,גרמים,170.00,100 גרם,false,,19.50,0.1147,true,1,82737
7290110325305,false,יופלה GO סויה 20 גרם חלבון במתיקות מעודנת תנובה 200 גרם,מיוצר עי קונדיטוריית,,מעדן סויה גו 20 גרם,גרמים,200.00,100 גרם,false,,6.10,0.0305,true,1,80484
7290110325312,false,יופלה GO סויה 20 גרם חלבון בטעם תות תנובה 200 גרם,תנובה בעמ ***,,מעדן סויה גו 20 גרם,גרמים,200.00,100 גרם,false,,6.10,0.0305,true,1,80485
7290110325510,false,יופלה טיוב יוגורט במרקם חלק בטעם וניל-יוניקור,"תנובה בע""מ ***",,יופלה טיוב וניל,גרמים,348.00,100 גרם,false,,12.60,0.0362,false,1,80929
7290110325619,false,משקה שיבולת שועל תנובה E אלטרנטיב,מיוצר עי קונדיטוריית,,משקה שיבולת שועל 1 ל,ליטרים,1.00,ליטר,false,,12.60,12.6000,true,1,81411
7290110325701,false,פיראוס צזיקי יווני 9% שומן בשיטת יצור מסורתית על בסיס יוגורט,גוד פוד פרודקטס S.p,,פיראוס צזיקי יווני 9,גרמים,250.00,100 גרם,false,,12.90,0.0516,true,1,81887
7290110325893,false,משקה חלב GO מועשר בחלבון בטעם אייס קפה,מיוצר עי קונדיטוריית,,תנובה GO אייס קפה 34,מיליליטרים,340.00,"100 מ""ל",false,,8.00,0.0235,true,1,81410
7290110326210,false,יופלה און טופ פצפוצים תנובה 157 גרם,מיוצר עי קונדיטוריית,,יופלה און טופ פצפוצי,גרמים,157.00,100 גרם,false,,5.10,0.0325,true,1,82928
7290110326227,false,יופלה און טופ קורנפלקס תנובה 157 גרם,מיוצר עי קונדיטוריית,,יופלה און טופ קורנפל,גרמים,157.00,100 גרם,false,,5.10,0.0325,true,1,82929
7290110326234,false,יופלה און טופ כוכבים תנובה 157 גרם,מיוצר עי קונדיטוריית,,יופלה און טופ כוכבים,גרמים,157.00,100 גרם,false,,5.10,0.0325,true,1,82930
7290110326241,false,יופלה און טופ גרנולה תנובה 157 גרם,מיוצר עי קונדיטוריית,,יופלה און טופ גרנולה,גרמים,157.00,100 גרם,false,,5.10,0.0325,true,1,82931
7290110326333,false,פרוסות גבינה סקנדינבית 170 גר`קולקשיין,"תנובה בע""מ ***",,פרוסות גבינה סקנדינב,גרמים,170.00,100 גרם,false,,19.50,0.1147,false,1,85784
7290110326906,false,חלב נטול לקטוז 3% שומן( 1 ליטר)תנובה,מיוצר עי קונדיטוריית,,חלב נטול לקטוז 3% שו,ליטרים,1.00,ליטר,false,,7.20,7.2000,false,1,85682
7290110327033,false,משקה סויה תנובה גו מועשר בחלבון במתיקות מופחתת,מיוצר עי קונדיטוריית,,משקה סויה תנובה גו מ,מיליליטרים,1000.00,"100 מ""ל",false,,12.60,0.0126,true,1,85079
7290110327064,false,משקה אייס קפה שיבולת שועל בטעם קרמל 1 ל' ALTERNATIVE,תנובה מרכז שיתופי לש,,אייס קפה שיבולת שועל,ליטרים,1.00,ליטר,false,,11.90,11.9000,true,1,84220
7290110327514,false,alternative משקה שיבולת שועל בטעם אגוזי לוז תנובה 1 ליטר,תנובה מרכז שיתופי לש,,משקה שיבולת שועל בטע,ליטרים,1.00,ליטר,false,,12.60,12.6000,true,1,118134
7290110327545,false,יופלה און טופ בטעם תות בתוספת פצפוצים מצופים שוקולד 157 גרם,מיוצר עי קונדיטוריית,,יופלה און טופ בטעם ת,גרמים,150.00,100 גרם,false,,4.90,0.0327,true,1,86133
7290110327798,false,חטיף חלבון GO - שוקולד 60 ג' חלב נוכרי - רבנות,"בלמונט קונפקציות בע""\מ.",,חטיף חלבון GO בטעם ש,גרמים,60.00,100 גרם,false,,11.90,0.1983,true,1,89978
7290110327811,false,חטיף חלבון GO בטעם בצק קוקוס 20 גר`חלבו,"בלמונט קונפקציות בע""\מ.",,חטיף חלבון GO בטעם ק,גרמים,60.00,100 גרם,false,,11.90,0.1983,true,1,89980
7290110328016,false,משקה סויה מועשר בחלבון בטעם אגוזי לוז 250 גרם,תנובה מרכז שיתופי לש,,משקה סויה מועשר בחלב,גרמים,250.00,100 גרם,false,,6.30,0.0252,true,1,87331
7290110328092,false,פיראוס פטה יוונית קוביות 21% שומן 150 גרם,דודוני תעשיית החלב החקלא,,פיראוס פטה יוונית קו,גרמים,150.00,100 גרם,false,,19.40,0.1293,true,1,89331
7290110328474,false,פלח פרמג`יאנו רג`יאנו 150 גר`קולקשיין ת,מנדלז סי.אר. פרודקשן,,פלח פרמג'אנו רג'יאנו,גרמים,150.00,100 גרם,false,,29.90,0.1993,true,1,88356
7290110328481,false,פתיתי פרמג'יאנו רג'יאנו מחלב בקר 30%,ברטינלי גיאני א.,,פתיתי פרמג'אנו רג'יא,גרמים,100.00,100 גרם,false,,15.90,0.1590,true,1,88357
7290110328504,false,טריו - מיקס גבינות מוצרלה סקנדינבית וגאודה 300 גרם,מיוצר עי קונדיטוריית,,מיקס גבינות מוצרלה ס,גרמים,300.00,100 גרם,false,,26.50,0.0883,true,1,88342
7290110328627,false,יוגורט יופלה GO במרקם סמיך בטעם בננה קרמל 0%,מיוצר עי קונדיטוריית,,יוגורט גו סמיך 0% בנ,גרמים,200.00,100 גרם,false,,6.20,0.0310,true,1,89316
7290110328641,false,טופו טבעי 500 גר`אלטרנטיב 2*250 גר`,"תנובה בע""מ ***",,טופו טבעי 500 גר אלט,גרמים,500.00,100 גרם,false,,18.90,0.0378,false,1,90035
7290110328764,false,יוגורט יופלה GO במרקם סמיך עם תות 0%,מיוצר עי קונדיטוריית,,יוגורט גו סמיך 0% תו,גרמים,200.00,100 גרם,false,,6.20,0.0310,true,1,89315
7290110328771,false,יוגורט יופלה GO במרקם סמיך עם פירות יער 0%,מיוצר עי קונדיטוריית,,יוגורט גו סמיך 0% פי,גרמים,200.00,100 גרם,false,,6.20,0.0310,true,1,89318
7290110328788,false,יוגורט יופלה GO במרקם סמיך בטעם אפרסק 0%,תנובה מרכז שיתופי לש,,יוגורט גו סמיך 0% אפ,גרמים,200.00,100 גרם,false,,6.20,0.0310,true,1,89317
7290110328955,false,קוביות גבינת עזים בשמן מתובל פיראוס 350 גרם,דודוני תעשיית החלב החקלא,,קוביות גבינת עזים בש,גרמים,350.00,100 גרם,false,,26.50,0.0757,true,1,119423
7290110329136,false,מעדן חלב מעושר בחלבון בטעם שוקולד 120 ג' GO,תנובה מרכז שיתופי לש,,מעדן חלב גו בטעם שוק,גרמים,120.00,100 גרם,false,,4.90,0.0408,true,1,118019
7290110329143,false,מעדן חלב מעושר בחלבון בטעם וניל גביע 120 ג' GO,תנובה מרכז שיתופי לש,,מעדן חלב גו בטעם וני,גרמים,120.00,100 גרם,false,,4.90,0.0408,true,1,118012
7290110329266,false,יוגורט תנובה מחלב עיזים מלא תנובה 140 ג',תנובה בעמ ***,,יוגורט מחלב עיזים מל,גרמים,140.00,100 גרם,false,,6.20,0.0443,true,1,90212
7290110329273,false,יוגורט תנובה מחלב עיזים מלא 750 גרם,תנובה בעמ ***,,יוגורט מחלב עיזים מל,גרמים,750.00,100 גרם,false,,21.00,0.0280,true,1,90211
7290110329303,false,פרוסות בטעם צהובה קלאסית אלטרנטיב 200 גר,תנובה Alternative,,פרוסות גבינה בטעם צה,גרמים,200.00,100 גרם,false,,21.90,0.1095,false,1,118348
7290110329686,false,משקה GO חלב בטעם עוגיות 27 גר`חלבון,מיוצר עי קונדיטוריית,,משקה חלב GO בטעם עוג,מיליליטרים,340.00,"100 מ""ל",false,,8.00,0.0235,true,1,117881
7290110329716,false,משקה חלב קר בטעם קפוצ'ינו 230 גרם תנובה,תנובה מרכז שיתופי לש,,משקה קפה קר בטעם קפו,מיליליטרים,230.00,"100 מ""ל",false,,6.90,0.0300,true,1,120250
7290110329723,false,משקה חלב קר בטעם לאטה 230 גרם תנובה,תנובה מרכז שיתופי לש,,משקה קפה קר בטעם לאט,מיליליטרים,230.00,"100 מ""ל",false,,6.90,0.0300,true,1,120251
7290110329730,false,"משקה חלב עם שוקולד וקפה בסגנון לאטה 2.7%  230 מ""ל תנובה",תנובה מרכז שיתופי לש,,משקה חלב עם שוקולד ו,מיליליטרים,230.00,"100 מ""ל",false,,6.90,0.0300,true,1,120252
7290110329792,false,יוגורט סויה BIO Alternative אפרסק 150 ג' תנובה,מיוצר עי קונדיטוריית,,סויה ביו אפרסק Alter,גרמים,150.00,100 גרם,false,,4.60,0.0307,true,1,118491
7290110329808,false,יוגורט סויה BIO Alternative תות 150 ג' תנובה,מיוצר עי קונדיטוריית,,סויה ביו תות Alterna,גרמים,150.00,100 גרם,false,,4.60,0.0307,true,1,118488
7290110329815,false,סויה BIO מתיקות מעודנת גביע 150 גרם אלטרנטיב,מיוצר עי קונדיטוריית,,סויה ביו מתיקות מעוד,גרמים,150.00,100 גרם,false,,4.60,0.0307,true,1,118489
7290110329822,false,יוגורט סויה BIO Alternative פירות יער 150 ג' תנובה,מיוצר עי קונדיטוריית,,סויה ביו פירות יער A,גרמים,150.00,100 גרם,false,,4.60,0.0307,true,1,118490
7290110329839,false,פרוסות צהובה בטעם זיתים 200 ג' אלטרנטיב אלטרנטיב,מיוצר עי קונדיטוריית,,פרוסות צהובה בטעם זי,גרמים,200.00,100 גרם,false,,21.90,0.1095,false,1,118349
7290110329846,false,יוגורט סויה BIO Alternative בטעם טבעי 150 ג' תנובה,מיוצר עי קונדיטוריית,,סויה ביו טבעי Alter,גרמים,150.00,100 גרם,false,,4.60,0.0307,true,1,118492
7290110329914,false,מאגדת משקה שיבולת שועל ושקדים 100 גרם*6 יח' ביו אלטרנטיב,תנובה מרכז שיתופי לש,,מאגדת משקה שיבולת שו,גרמים,600.00,100 גרם,false,,18.90,0.0315,true,1,120536
7290110420000,false,תיק רחצה נשים,,,תיק רחצה נשים,יחידה,0.00,יחידה,false,,19.90,0.0000,true,1,64967
7290110424947,false,סיכת תיקנ תק תינוקות,,,סיכת תיקנ תק תינוקות,יחידה,0.00,יחידה,false,,5.90,0.0000,true,1,70593
7290110427016,false,מוצרי אופנה כללי,,,מוצרי אופנה כללי,יחידה,0.00,יחידה,false,,6.90,0.0000,true,1,88009
7290110427054,false,מוצרי אופנה כללי,,,מוצרי אופנה כללי,יחידה,0.00,יחידה,false,,9.90,0.0000,true,1,88013
7290110427078,false,מוצרי אופנה כללי,,,מוצרי אופנה כללי,יחידה,0.00,יחידה,false,,14.90,0.0000,true,1,88015
7290110427108,false,מוצרי אופנה כללי,,,מוצרי אופנה כללי,יחידה,0.00,יחידה,false,,19.90,0.0000,true,1,88018
7290110427115,false,מוצרי אופנה כללי,,,מוצרי אופנה כללי,יחידה,0.00,יחידה,false,,24.90,0.0000,true,1,88019
7290110427160,false,מטריה,,,מטריה,יחידה,0.00,יחידה,false,,29.90,0.0000,true,1,121918
7290110427177,false,מטריה,,,מטריה,יחידה,0.00,יחידה,false,,39.90,0.0000,true,1,121919
7290110427184,false,מטריה,,,מטריה,יחידה,0.00,יחידה,false,,44.90,0.0000,true,1,121920
7290110427191,false,מטריה,,,מטריה,יחידה,0.00,יחידה,false,,49.90,0.0000,true,1,121921
7290110427269,false,מוצרי אופנה כללי,,,מוצרי אופנה כללי,יחידה,0.00,יחידה,false,,29.90,0.0000,true,1,88022
7290110550202,false,מטבעות שוקולד חלב לאפיה 400 גרם עלית,שטראוס גרופ בע`מ,,מטבעות שוקולד חלב לא,גרמים,400.00,100 גרם,false,,31.90,0.0797,true,1,121347
7290110550219,false,מטבעות שוקולד לבן לאפיה 400 גרם עלית,שטראוס גרופ בע`מ,,מטבעות שוקולד לבן לא,גרמים,400.00,100 גרם,false,,31.90,0.0797,true,1,121349
7290110550226,false,מטבעות שוקולד מריר לאפיה 400 גרם עלית,שטראוס גרופ בע`מ,,מטבעות שוקולד מריר ל,גרמים,400.00,100 גרם,false,,31.90,0.0797,true,1,121348
7290110550370,false,פריכיות משולשות קינואה ופלפל שחור 65 גרם,שטראוס גרופ בע`מ,,משולשות קינואה ופלפל,גרמים,65.00,100 גרם,false,,10.60,0.1631,true,1,121506
7290110552121,false,יוגורט 5% בתוספת סידן וויטמין D היוגורט הראשון שלי,שטראוס גרופ בעמ/מצונן,,היוגורט הראשון שלי 1,גרמים,100.00,100 גרם,false,,2.20,0.0220,true,1,120073
7290110552220,false,יוגורט PRO בטעם תות 0% סוכר לבן 20 גרם חלבון בגביע,שטראוס גרופ בעמ/מצונן,,דנונה פרו תות ללא סו,גרמים,200.00,100 גרם,false,,5.90,0.0295,true,1,118589
7290110552237,false,יוגורט פרו בטעם אפרסק מנגו ללא סוכר 200 ג' דנונה,שטראוס גרופ בעמ/מצונן,,דנונה פרו אפרסק מנגו,גרמים,200.00,100 גרם,false,,5.90,0.0295,true,1,118590
7290110552817,false,צנצנת מסטיק - גלידה לימון 58 גרם וועסטהיים,שטראוס גרופ בע`מ,,מסטיק בטעם גלידה לימ,גרמים,58.00,100 גרם,false,,9.90,0.1707,true,1,120888
7290110553029,false,"אנרג'י קריספס-פריכיות חומוס, עדשים ואפונה עם קייל וסלק","פרח תעשיו מזון בע""מ",,פריכיות חלבון קייל,גרמים,60.00,100 גרם,false,,10.60,0.1767,true,1,118971
7290110553098,false,מאגדת חטיפים אנרג'י מיקס צימוקים אגוזים 100X4 גרם,אנרג'י Energy - שטראוס,,אנרג'י מיקס צימוקים,גרמים,100.00,100 גרם,false,,14.90,0.1490,true,1,121183
7290110553173,false,אנרגי פריכיות אורז בטעם קרמל 50 גרם,שטראוס גרופ בע`מ,,אנרגי פריכיות בטעם ק,גרמים,40.00,100 גרם,false,,6.50,0.1625,true,1,121507
7290110553180,false,אנרגי פריכיות אורז בטעם תפוח קינמון 50 ג,שטראוס גרופ בע`מ,,אנרגי פריכיות בטעם ת,גרמים,40.00,100 גרם,false,,6.50,0.1625,true,1,121508
7290110553425,false,קפה נמס 200 גרם +20% תוספת עלית,שטראוס קפה בי.וי,,קפה נמס 200 גר +20%ת,גרמים,240.00,100 גרם,false,,19.90,0.0829,false,1,118697
7290110554101,false,"סירופ מייפל בפאוץ' יד מרדכי 125 מ""ל",שטראוס גרופ בע`מ,,"מייפל בפאוץ' 125 מ""ל",מיליליטרים,125.00,"100 מ""ל",false,,17.90,0.1432,true,1,120066
7290110554125,false,דלישס נודלס בסגנון סצ`ואן חריף 350 גרם,קפוא-זן תעשיות מזון בעמ - תפוג,,נודלס סצ'ואן חריף דל,גרמים,350.00,100 גרם,false,,23.90,0.0683,true,1,117340
7290110554262,false,חלבית מלבין קפה חלבי 350 ג' עלית,שטראוס גרופ בע`מ,,חלבית 350 גרם,גרמים,350.00,100 גרם,false,,22.90,0.0654,true,1,119334
7290110554460,false,ציטוס קראנץ צ'דר חלפיניו 65 ג' עלית,שטראוס פריטו ליי בעמ,,צ'יטוס צ'דר חלפיניו,גרמים,65.00,100 גרם,false,,3.50,0.0538,true,1,120970
7290110554477,false,קפסולת אספרסו לאפוגטו טעם מייפל פקאן 50 ג' עלית,שטראוס קפה בי.וי.,,קפסולת אספרסו לאפוגט,גרמים,50.00,100 גרם,false,,16.90,0.3380,false,1,120511
7290110554583,false,מארז חטיפי צ'יטוס פאפס בטעם גבינה - 10 יחידות,"שטראוס פריטו ליי בע""\מ )",,צ'יטוס פאפס גבינה 10,גרמים,200.00,100 גרם,false,,12.90,0.0645,true,1,118683
7290110554699,false,"קפה עולה קפסולות אספרסו קלייה איטית וכהה מאוד, 10 * 50 ג'",שטראוס קפה בי.וי.,,קפסולות קפה בתי קליה,גרמים,50.00,100 גרם,false,,18.90,0.3780,true,1,121509
7290110554705,false,קפסולות נספרסו לקפה יוניקו סדרת בתי הקלייה 10יח,שטראוס קפה בי.וי.,,קפסולות קפה בתי קליה,גרמים,50.00,100 גרם,false,,18.90,0.3780,true,1,121510
7290110554712,false,"קפסולות קפה אספרסו קלייה איטית ובהירה, 10 * 50 ג'",שטראוס קפה בי.וי.,,קפסולות קפה בתי קליה,גרמים,50.00,100 גרם,false,,18.90,0.3780,true,1,121511
7290110554729,false,קפסולות עלית אספרסו 04 תואמות למכונות NESPRESSO,שטראוס קפה בי.וי.,,קפסולות קפה למכונת נ,גרמים,55.00,100 גרם,false,,16.90,0.3073,false,1,119485
7290110554798,false,פולי אספרסו עשירים וארומטיים עוצמה 8 עלית 250 גרם,שטראוס קפה בי. וי.,,פולי אספרסו עשירים ו,גרמים,250.00,100 גרם,false,,21.90,0.0876,false,1,119341
7290110555009,false,זוג פסאטה מחית עגבניות חלקה יד מרדכי 700 גרם,אמיליאנה קונסרב ס.פ.,,פסאטה זוגות 700 גרם,גרמים,700.00,100 גרם,false,,11.90,0.0170,true,1,120067
7290110555078,false,לאבנה עם שמן זית ועשבי תיבול שטראוס 250 גרם,שטראוס גרופ בעמ/מצונן,,לאבנה עם שמן זית ועש,גרמים,250.00,100 גרם,false,,10.90,0.0436,true,1,120068
7290110555092,false,לאבנה עם שמן זית וצ'ילי שטראוס 250 גרם,שטראוס גרופ בעמ/מצונן,,לאבנה עם שמן זית וצ',גרמים,250.00,100 גרם,false,,10.90,0.0436,true,1,120069
7290110555306,false,רבע לשבע טבעוני סינמון באן עלית 125 גרם,"הגביע מוצרי וופלים בע""\מ",,רבע לשבע טבעוני סינמ,גרמים,125.00,100 גרם,false,,12.00,0.0960,false,1,120514
7290110555603,false,ספלנדיד אבקה להכנת משקה בטעם שוקולטה,שטראוס גרופ בע`מ,,אבקה להכנת משקה בטעם,גרמים,360.00,100 גרם,false,,21.90,0.0608,true,1,122089
7290110556150,false,דבש טהור מפרחי בר עם ברכות באריזות אישיות 10 * 20 ג יד מרדכי,מכוורת יד מרדכי שטראוס ב,,דבש ברכות במאגדת,גרמים,200.00,100 גרם,false,,15.90,0.0795,true,1,121262
7290110556242,false,"שוקולד מריר פרווה 100 גר' בד""ץ תוצרת חוץ","שטראוס גרופ בע""מ.",,שוקולד מריר פרווה על,גרמים,100.00,100 גרם,false,,6.00,0.0600,false,1,121520
7290110557027,false,חומוס עשיר 50% טחינה גולמית 400 ג' אחלה,שטראוס גרופ בעמ/מצונן,,חומוס עשיר ב-50% טחי,גרמים,400.00,100 גרם,false,,12.90,0.0323,true,1,118285
7290110557102,false,מעדן חלב עם שוקולד מועשר בחלבון 150 ג' שטראוס,שטראוס גרופ בעמ/מצונן,,מעדן חלב עם שוקולד מ,גרמים,150.00,100 גרם,false,,4.90,0.0327,true,1,117155
7290110557133,false,מעדן הגולן וניל 125 ג' שטראוס,שטראוס גרופ בעמ/מצונן,,מעדן הגולן וניל,גרמים,125.00,100 גרם,false,,2.80,0.0224,false,1,117598
7290110557317,false,יוגורט בתוספת סידן וויטמין ד עם שיבולת שועל 100 ג' דנונה,שטראוס גרופ בעמ/מצונן,,היוגורט הראשון שלי ש,גרמים,100.00,100 גרם,false,,2.20,0.0220,true,1,120074
7290110557478,false,חומוס גלילי במרקם מעודן 600 גרם,שטראוס גרופ בעמ/מצונן,,חומוס גלילי,גרמים,600.00,100 גרם,false,,12.90,0.0215,true,1,119331
7290110557645,false,מאגדת חטיפים אנרג'י מיקס צימוקים חמוציות 100X4 גרם,שטראוס גרופ בע`מ,,אנרג'י מיקס צימוקים,גרמים,100.00,100 גרם,false,,14.90,0.1490,true,1,121184
7290110558130,false,יוגורט אקטיביה עם שיבולת שועל ודבש 150 גרם,שטראוס גרופ בעמ/מצונן,,אקטיביה עם שיבולת שו,גרמים,150.00,100 גרם,false,,4.60,0.0307,true,1,120516
7290110558154,false,דנונה לייט אנד פרי עוגת תפוחים 150ג דנונה,שטראוס גרופ בעמ/מצונן,,דנונה לייט אנד פרי ע,גרמים,150.00,100 גרם,false,,4.60,0.0307,true,1,121172
7290110558222,false,"וואו יוגורט עם שכבה בטעם בנופי פאי 5.4%, 150ג דנונה",שטראוס גרופ בעמ/מצונן,,דנונה WOW בנופי,גרמים,150.00,100 גרם,false,,4.50,0.0300,true,1,121167
7290110558239,false,"וואו יוגורט עם שכבה בטעם קראק פאי 5.4%, 150 ג דנונה",שטראוס גרופ בעמ/מצונן,,דנונה WOW קראק פאי,גרמים,150.00,100 גרם,false,,4.50,0.0300,true,1,121168
7290110558253,false,דנונה שייק נונה ריפרש בננה אננס וצ'יה,שטראוס גרופ בעמ/מצונן,,דנונה ריפרש בננה אננ,גרמים,250.00,100 גרם,false,,5.50,0.0220,true,1,120524
7290110558284,false,דנונה ביו מולטי שטראוס 200 גרם,שטראוס גרופ בעמ/מצונן,,דנונה ביו מולטי 200,גרמים,200.00,100 גרם,false,,3.90,0.0195,false,1,120895
7290110558307,false,יוגורט דנונה PRO עם שיבולת שועל במתיקות מעודנת,שטראוס גרופ בעמ/מצונן,,דנונה פרו 20 גרם חלב,גרמים,200.00,100 גרם,false,,6.20,0.0310,false,1,120042
7290110558314,false,דנונה פרו 20 גרם חלבון ללא סוכר פיסטוק 200 גרם,שטראוס גרופ בעמ/מצונן,,דנונה פרו 20 גר' ללא,גרמים,200.00,100 גרם,false,,5.90,0.0295,false,1,121170
7290110558338,false,דנונה פרו 25 ג' חלבון 200 ג' שטראוס,שטראוס גרופ בעמ/מצונן,,דנונה פרו 25 גרם חל,גרמים,200.00,100 גרם,false,,6.20,0.0310,true,1,120043
7290110558666,false,מעדן גבינה בטעם תפוח 88 ג' דניאלה,שטראוס גרופ בעמ/מצונן,,דניאלה בטעם תפוח,גרמים,88.00,100 גרם,false,,4.10,0.0466,true,1,122108
7290110559007,false,"שועועית חומה טעם הטבע קופסה, 380 גרם",שטראוס גרופ בע`מ,,שעועית חומה טעם הטבע,גרמים,380.00,100 גרם,false,,6.50,0.0171,true,1,121188
7290110559014,false,שעועית שחורה מבושלת טעם הטבע 380 גרם,שטראוס גרופ בע`מ,,שעועית שחורה טעם הטב,גרמים,380.00,100 גרם,false,,6.50,0.0171,true,1,121189
7290110559748,false,ריל מאגדת שקדים קוקוס ושוקולד מריר שטראוס 105 גרם,"ואמואליס פודס אס.איי,",,מאגדת ריל שקדים קוקו,גרמים,105.00,100 גרם,false,,14.90,0.1419,true,1,120930
7290110559755,false,ריל מאגדת בוטנים פיסטוק וחמוציות שטראוס 105 גרם,"ואמואליס פודס אס.איי,",,מאגדת ריל בוטנים פיס,גרמים,105.00,100 גרם,false,,14.90,0.1419,true,1,120928
7290110560300,false,"הפריכיות הטעימות חומוס, עדשים שחורות, קינואה ופלפל שחור",אנרג'י Energy - שטראוס,,פריכיות משולשות פלפל,גרמים,30.00,100 גרם,false,,5.50,0.1833,true,1,75967
7290110560317,false,"הפריכיות הטעימות חומוס, עדשים שחורות, קינואה ומלח ים","פרח תעשיו מזון בע""מ",,פריכיות משולשות מלח,גרמים,30.00,100 גרם,false,,5.50,0.1833,true,1,75968
7290110560324,false,"הפריכיות הטעימות תפו""א, אורז, אפונה ומלח ים","פרח תעשיו מזון בע""מ",,פריכיות משולשות אפונ,גרמים,30.00,100 גרם,false,,5.50,0.1833,true,1,75969
7290110561352,false,דנונה יוגורט ביו פרוביוטי 3% דל לקטוז 150ג',שטראוס גרופ בעמ/מצונן,,דנונה דל לקטוז,גרמים,200.00,100 גרם,false,,3.50,0.0175,true,1,73448
7290110561604,false,מארז 8 יחידות מעדן גמדים בטעם תות בננה,שטראוס גרופ בעמ/מצונן,,שמיניה גמדים תות בננ,גרמים,800.00,100 גרם,false,,18.90,0.0236,true,1,72351
7290110563431,false,"משקה קפה קר בסגנון קלאסי 230 מ""ל 1.6% יוטבתה",שטראוס גרופ בעמ/מצונן,,משקה קפה קר בסגנון ק,מיליליטרים,230.00,"100 מ""ל",false,,7.50,0.0326,true,1,76802
7290110563448,false,"משקה קפה קר בסגנון מעודן 230 מ""ל 1.6% יוטבתה",שטראוס גרופ בעמ/מצונן,,משקה קפה קר בסגנון מ,מיליליטרים,230.00,"100 מ""ל",false,,7.50,0.0326,true,1,76803
7290110563462,false,חלב 2% דל לקטוז בבקבוק יטבתה 1 ליטר.,שטראוס גרופ בעמ/מצונן,,חלב נטול לקטוז 2%,ליטרים,1.00,ליטר,false,,8.00,8.0000,false,1,77339
7290110564339,false,חומוס אחלה הסידרה המובחר 30% טחינה 400 גר',שטראוס גרופ בעמ/מצונן,,חומוס אחלה עשיר 30%,גרמים,400.00,100 גרם,false,,12.90,0.0323,true,1,72274
7290110564360,false,חומוס אחלה הסידרה המובחר 40% טחינה 400 גר',שטראוס גרופ בעמ/מצונן,,חומוס אחלה שיר 40% ט,גרמים,400.00,100 גרם,false,,12.90,0.0323,true,1,72275
7290110564414,false,חומוס אחלה הסידרה המובחר 30% טחינה 600 גר',שטראוס גרופ בעמ/מצונן,,חומוס אחלה עשיר 30%,גרמים,600.00,100 גרם,false,,14.90,0.0248,true,1,72278
7290110564742,false,"משקה קפה קר בסגנון חזק 230 מ""ל 1.2% יוטבתה",שטראוס גרופ בעמ/מצונן,,משקה קפה קר בסגנון ח,מיליליטרים,230.00,"100 מ""ל",false,,7.50,0.0326,true,1,76804
7290110565435,false,מעדן ג`לי בטעם פטל חלבי שטראוס (125 גרם,שטראוס גרופ בעמ/מצונן,,לימבו פטל חלבי,גרמים,125.00,100 גרם,false,,2.00,0.0160,true,1,71723
7290110565527,false,יוגורט PRO פרו 1.5% 20 גרם חלבון בגביע,שטראוס גרופ בעמ/מצונן,,דנונה פרו 20 גר חלב,גרמים,200.00,100 גרם,false,,5.90,0.0295,false,1,71114
7290110565572,false,מארז קפה טורקי עלית לדרך עם הל 168 גרם,שטראוס קפה בי.וי.,,מארז טורקי לדרך עם ה,גרמים,168.00,100 גרם,false,,19.90,0.1185,false,1,79084
7290110566043,false,יוגורט 4.5% שומן 3 ל' שטראוס,"מחלבות בר בכפר בע""מ",,יוגורט 4.5% 3 ליטר,ליטרים,3.00,ליטר,false,,27.70,9.2333,false,1,73996
7290110566623,false,קפסולות קולומביה עלית 08 למכונת נספרסו מארז 5X10ג',שטראוס קפה בי.וי.,,קפסולות קפה קולומביה,גרמים,50.00,100 גרם,false,,16.90,0.3380,false,1,74241
7290110566975,false,דנונה פרו יוגורט 0% תות עשיר בחלבון 200ג',שטראוס גרופ בעמ/מצונן,,דנונה פרו תות 20 גר,גרמים,200.00,100 גרם,false,,5.90,0.0295,false,1,72964
7290110567057,false,צנצנת מסטיק מאסט קוביות מנטה חזקה 66 ג' עלית,"שטראוס גרופ בע""מ",,בוקסי מנטה אקליפטוס,גרמים,64.00,100 גרם,false,,9.90,0.1547,true,1,75688
7290110568238,false,"קצפת צמחית 21% שומן 250 מ""ל יוטבתה",שטראוס גרופ בעמ/מצונן,,קצפת צמחית יטבתה,גרמים,250.00,100 גרם,false,,7.90,0.0316,false,1,74295
7290110568276,false,"משקה יוטבתה פרו וניל לשתיה 350מ""ל",שטראוס גרופ בעמ/מצונן,,משקה יטבתה פרו וניל,גרמים,350.00,100 גרם,false,,6.30,0.0180,true,1,73908
7290110568504,false,קונפיטורת משמש במתיקות מעודנת יד מרדכי 265 גרם,שטראוס גרופ בע`מ,,קונפיטורת משמש במתיק,גרמים,265.00,100 גרם,false,,13.50,0.0509,true,1,77697
7290110568511,false,קונפיטורית פירות יער במתיקות מעודנת 265 גר' יד מרדכי,שטראוס גרופ בע`מ,,קונפיטורת פירות יער,גרמים,265.00,100 גרם,false,,13.50,0.0509,true,1,77698
7290110568559,false,דוריטוס עלית מארז חמוץ חריף 10 יח' *25 ג',"שטראוס פריטו ליי בע""מ )פ",,מארז דוריטוס חמוץ עש,גרמים,250.00,100 גרם,false,,14.90,0.0596,false,1,74569
7290110570224,false,משקה קפה קר בטעם עוגיות (230 גר`) יטבתה,שטראוס גרופ בעמ/מצונן,,משקה קפה קר בטעם עוג,מיליליטרים,230.00,"100 מ""ל",false,,7.50,0.0326,true,1,121173
7290110570880,false,פולי אספרסו עשירים וארומטיים עוצמה 14 עלית 250 גרם,שטראוס גרופ בע`מ,,פולי אספרסו עשירים ו,גרמים,250.00,100 גרם,false,,21.90,0.0876,true,1,120070
7290110571184,false,עדשים חומות 380 גר` טעם הטבע שטראוס,שטראוס גרופ בע`מ,,עדשים חומות טעם הטבע,גרמים,380.00,100 גרם,false,,6.50,0.0171,true,1,121190
7290110571375,false,"אנרג'י מיקס תערובת צימוקים, תמרים, טופי ושברי פקאן",אנרג'י Energy - שטראוס,,אנרג'י צימוקים תמרים,גרמים,100.00,100 גרם,false,,14.90,0.1490,true,1,121185
7290110571382,false,מעדן חלב בטעם וניל מעושר בחלבון 150 ג' שטראוס,שטראוס גרופ בעמ/מצונן,,מעדן חלב בטעם וניל מ,גרמים,150.00,100 גרם,false,,4.90,0.0327,true,1,119299
7290110571405,false,עלית - מיני פינוקיות בגביע פסק זמן 180 גרם,שטראוס גרופ בע`מ,,מיני פינוקיות בגביע,גרמים,180.00,100 גרם,false,,11.50,0.0639,true,1,122073
7290110571412,false,מיני פינוקיות - פאדג' שוקולד בגביע 180 גרם,שטראוס גרופ בע`מ,,מיני פינוקיות בגביע,גרמים,180.00,100 גרם,false,,11.50,0.0639,true,1,122083
7290110571474,false,אצבעות רבע לשבע טבעוני פופקורן 125גר`,"הגביע מוצרי וופלים בע""\מ",,רבע לשבע טבעוני פופק,גרמים,125.00,100 גרם,false,,12.00,0.0960,false,1,120913
7290110571481,false,פחית קפה נמס קמפיין משפטים 200 גרם 2022,שטראוס קפה בי.וי,,קפה נמס משפטים עלית,גרמים,200.00,100 גרם,false,,19.90,0.0995,false,1,121113
7290110572129,false,כיף כף מקלות שוקולד לבן 40 ג' עלית,סולן בעבור שטראוס,,כיף כף מקלות שוקולד,גרמים,40.00,100 גרם,false,,5.20,0.1300,true,1,122075
7290110572884,false,"קפסולות קפה מספר 20 למכונת אספרס אספרסו, 50 גרם",שטראוס קפה בי.וי.,,קפסולות קפה חזק ועוצ,גרמים,50.00,100 גרם,false,,16.90,0.3380,false,1,122076
7290110572969,false,כיף כף פצפצים עלית קרם לבן (40 גר`),שולן צ'\יקולטה גידה סאן.,,כיף כף פצפצים קרם לב,גרמים,40.00,100 גרם,false,,5.20,0.1300,true,1,121186
7290110572976,false,כיף כף פצפצים בגביע במילוי קרם בטעם שוקולד לבן,שולן צ'יקולטה גידה ס,,כיף כף פצפצים קרם לב,גרמים,135.00,100 גרם,false,,10.90,0.0807,true,1,121187
7290110576318,false,מאגדת שלישיית שוקולד אגוז לבן 300 ג' עלית,שטראוס גרופ בע`מ,,מארז שלישיית אגוז לב,גרמים,300.00,100 גרם,false,,24.90,0.0830,false,1,121494
7290110576356,false,"שוקולד ספלנדיד מריר 64% - חלבי , מפולי קקאו מפרו",שטראוס גרופ בע`מ,,ספלנדיד שוקולד מריר,גרמים,100.00,100 גרם,false,,8.50,0.0850,true,1,120944
7290110576363,false,"שוקולד ספלנדיד מריר 80% חלבי ,פולי קקאו מאוגנדה",שטראוס גרופ בע`מ,,ספלנדיד שוקולד מריר,גרמים,100.00,100 גרם,false,,8.50,0.0850,true,1,120945
7290110576370,false,מארז שלישייה שוקולד מריר חלבי עם אגוזי לוז,שטראוס גרופ בע`מ,,מארז שלישיית אגוז מר,גרמים,300.00,100 גרם,false,,24.90,0.0830,false,1,121495
7290110576387,false,מאגדת שלישיית שוקולד אגוז חלב 300 ג' עלית,שטראוס גרופ בע`מ,,מארז שלישיית אגוז חל,גרמים,300.00,100 גרם,false,,24.90,0.0830,false,1,121496
7290110576752,false,טבלאות שוקולד ספלנדיד מריר 70% 100 ג' עלית,שטראוס גרופ בע`מ,,ספלנדיד מריר 70%,גרמים,100.00,100 גרם,false,,10.90,0.1090,true,1,122080
7290110576776,false,טבלאות שוקולד ספלנדיד מריר 85% 100 ג' עלית,שטראוס גרופ בע`מ,,ספלנדיד מריר 85%,גרמים,100.00,100 גרם,false,,10.90,0.1090,true,1,122081
7290110576790,false,סקי בטעם מוקה 3% (125 גר`) דנונה,שטראוס גרופ בעמ/מצונן,,סקי בטעם מוקה,גרמים,125.00,100 גרם,false,,3.70,0.0296,false,1,122106
7290110576868,false,רבעיית גמדים סלט פירוט * 100 ג' שטראוס,שטראוס גרופ בעמ/מצונן,,גמדים רביעיית סלט פי,מיליליטרים,400.00,"100 מ""ל",false,,11.10,0.0277,true,1,122111
7290110577230,false,משקה חלב בטעם פיסטוק בבקבוק יטבתה 1 ליטר,שטראוס גרופ בעמ/מצונן,,משקה חלב בטעם פיסטוק,ליטרים,1.00,ליטר,false,,11.80,11.8000,false,1,122103
7290111093760,false,קוויק מטליות לחות לניקוי רצפות ניחוח מרכך כביסה 10 יחידות,שקד תבל בע`מ,,קוויק מטליות לחות לנ,יחידה,0.00,יחידה,false,,11.50,0.0000,true,1,119964
7290111097546,false,קוויק מגבונים 99.9% לניקוי כללי למשטחים בניחוח מרכך כביסה 50 יחידות,שקד תבל בע`מ,,מגבונים קוויק לניקוי,יחידה,0.00,יחידה,false,,7.90,0.0000,true,1,120844
7290111097836,false,קוויק מגבונים 99.9% דוחה אבק למשטחים בניחוח מרכך כביסה 50 יחידות,שקד תבל בעמ,,מגבוני קוויק דוחה אב,יחידה,0.00,יחידה,false,,7.90,0.0000,true,1,119965
7290111285318,false,צלחת במבוק 23 סמ מיקי מאוס,שמחה זה אנחנו,,צלחת במבוק מיקי מאוס,יחידה,0.00,יחידה,false,,12.90,0.0000,true,1,78669
7290111285349,false,צלחת במבוק 23 מפרץ ההרפתקאות בנים,שמחה זה אנחנו בע`מ,,צלחת במבוק מפרץ ההרפ,יחידה,0.00,יחידה,false,,12.90,0.0000,true,1,78670
7290111285356,false,צלחת במבוק 23 סמ סמי הכבאי,שמחה זה אנחנו בע`מ,,צלחת במבוק סמי הכבאי,יחידה,0.00,יחידה,false,,12.90,0.0000,true,1,78671
7290111285400,false,קערה במבוק מיקי מאוס יח,שמחה זה אנחנו,,קערה במבוק מיקי מאוס,יחידה,0.00,יחידה,false,,8.90,0.0000,true,1,78679
7290111285417,false,קערה במבוק מיני מאוס יח,שמחה זה אנחנו,,קערה במבוק מיני מאוס,יחידה,0.00,יחידה,false,,8.90,0.0000,true,1,78680
7290111285431,false,קערה במבוק מפרץ ההרפתקאות בנים,שמחה זה אנחנו בעמ,,קערה במבוק מפרץ ההרפ,יחידה,0.00,יחידה,false,,8.90,0.0000,true,1,78685
7290111285448,false,קערה במבוק סמי הכבאי יח,שמחה זה אנחנו,,קערה במבוק סמי הכבאי,יחידה,0.00,יחידה,false,,8.90,0.0000,true,1,78686
7290111285493,false,כוס במבוק מיקי מאוס יח,שמחה זה אנחנו בע`מ,,כוס במבוק מיקי מאוס,יחידה,0.00,יחידה,false,,7.90,0.0000,true,1,78692
7290111285523,false,כוס במבוק מפרץ ההרפתקאות בנים,שמחה זה אנחנו,,כוס במבוק מפרץ ההרפת,יחידה,0.00,יחידה,false,,7.90,0.0000,true,1,78695
7290111285530,false,כוס במבוק סמי הכבאי יח,שמחה זה אנחנו בע`מ,,כוס במבוק סמי הכבאי,יחידה,0.00,יחידה,false,,7.90,0.0000,true,1,78696
7290111340109,false,דיפנד - מגן תחתון לנשים אקטיב 22 יח',קימברלי קלארק ישראל שיווק בעמ,,דיפנד מגן תחתון,יחידה,0.00,יחידה,false,,19.90,0.0000,true,1,81722
7290111340178,false,מטליות לחות ניקול לניקוי כללי בניחוח מרכך כביסה 50 יח',קימברלי קלארק ישראל שיווק בעמ,,מטליות ניקוי כללי בר,יחידה,0.00,יחידה,false,,10.90,0.0000,false,1,69533
7290111340185,false,מטליות לחות רצפה ניחוח מרכך כביסה ניקול 10 יחידות,קימברלי קלארק ישראל שיווק בעמ,,מטליות לחות לריצפה נ,יחידה,0.00,יחידה,false,,10.90,0.0000,false,1,69534
7290111340925,false,מטליות לחות ניקול XL לניקוי כללי בניחוח פריחה 40 יח',קימברלי קלארק ישראל שיווק בעמ,,מטליות לחות XL ניקו,יחידה,0.00,יחידה,false,,10.90,0.0000,false,1,72231
7290111340956,false,ניקול מטליות לחות לרצפה בניחוח פריחה לבנה,קימברלי קלארק ישראל שיווק בעמ,,מטליות לחות לניקוי ר,יחידה,0.00,יחידה,false,,10.90,0.0000,false,1,72232
7290111341359,false,ניקול רדיד אלומיניום חסכוני 60 מטר עם סכ,קימברלי קלארק ישראל שיווק בעמ,,רדיד אלומיניום 60 מט,יחידה,0.00,יחידה,false,,39.90,0.0000,false,1,74320
7290111341366,false,מפיות אירוח איכותיות ונעימות למגע ניקול,קימברלי קלארק ישראל שיווק בעמ,,מפיות אירוח חד שכבתי,יחידה,0.00,יחידה,false,,8.50,0.0000,true,1,74402
7290111341434,false,תחבושות דיפנד נורמל אקטיב לנשים 12 יח,קימברלי קלארק ישראל שיווק בעמ,,תחבושות דיפנד נורמל,יחידה,0.00,יחידה,false,,19.90,0.0000,true,1,76463
7290111341816,false,נייר אפייה ניקול עם סליידר 22 מ,קימברלי קלארק ישראל שיווק בעמ,,נייר אפיה עם מתקן לח,יחידה,0.00,יחידה,false,,21.90,0.0000,false,1,77076
7290111341984,false,לילי - מגבוני נייר טואלט לח פיור רביעייה,קימברלי קלארק ישראל שיווק בעמ,,מארז רביעיה לילי לח,יחידה,0.00,יחידה,false,,21.90,0.0000,true,1,79613
7290111342004,false,מגבוני נייר טואלט לחים 56 דף דיספנסר,קימברלי קלארק ישראל שיווק בעמ,,לילי לח מגבונים בודד,יחידה,0.00,יחידה,false,,8.90,0.0000,true,1,78476
7290111342042,false,ניקול כריות יפניות אנטיבקטריאלי 4 יחידות,קימברלי קלארק ישראל שיווק בעמ,,כריות יפניות אנטיבקט,יחידה,0.00,יחידה,false,,10.90,0.0000,true,1,81827
7290111342059,false,50 מטליות מיקרופייבר לשטחים אנטיבקטריאלי ניקול,קימברלי קלארק ישראל שיווק בעמ,,מטליות לחות אנטיבקטר,יחידה,0.00,יחידה,false,,10.90,0.0000,true,1,81858
7290111342073,false,מטליות מקרופייבר למשטחים אנטיבקטריאלי ניקול,קימברלי קלארק ישראל שיווק בעמ,,מיקרופייבר מטלית אנט,יחידה,0.00,יחידה,false,,12.90,0.0000,true,1,82145
7290111342523,false,מפיות אירוח לשימוש יומיומי ניקול 100 יח,קימברלי קלארק ישראל שיווק בעמ,,מפיות אירוח ניקול,יחידה,0.00,יחידה,false,,6.90,0.0000,true,1,81486
7290111342738,false,לילי - מגבוני נייר טואלט לח קידס רביעייה,קימברלי קלארק ישראל שיווק בעמ,,לילי לח קידס מארז רב,יחידה,0.00,יחידה,false,,21.90,0.0000,true,1,81655
7290111343117,false,קלינקס ממחטות לושן סופט פק זוגות 140דף,קימברלי קלארק ישראל שיווק בעמ,,קלינקס לושן אריזת ני,יחידה,0.00,יחידה,false,,13.90,0.0000,false,1,85879
7290111343797,false,מטליות לחות לניקוי חלונות 48 יח' ניקול,קימברלי קלארק ישראל שיווק בעמ,,מטליות לחות לניקוי ח,יחידה,0.00,יחידה,false,,10.90,0.0000,false,1,85070
7290111343841,false,ניקול ספוגית הקסם נירוסטה 3 יחידות,קימברלי קלארק ישראל שיווק בעמ,,ספוגית הקסם נירוסטה,יחידה,0.00,יחידה,false,,11.50,0.0000,true,1,85347
7290111344145,false,ניקול זוג מטליות מיקרופייבר אנטיבקטריאליות לרצפה,קימברלי קלארק ישראל שיווק בעמ,,מטלית ריצפה אנטיבקטר,יחידה,0.00,יחידה,false,,21.90,0.0000,true,1,85127
7290111344206,false,האגיס נטורל קר מגבונים לחים בבישום עדין רביעייה,קימברלי קלארק ישראל שיווק בעמ,,מגבוני האגיס נטורל ק,יחידה,0.00,יחידה,false,,19.90,0.0000,false,1,117873
7290111344459,false,קוטוקס תחבושות נייט אקסטרא לונג 20 יח',קימברלי קלארק ישראל שיווק בעמ,,תחבושות נייט אקסטרא,יחידה,0.00,יחידה,false,,17.90,0.0000,true,1,88708
7290111344510,false,נייר אפייה ניקול בשקית 100 יח,קימברלי קלארק ישראל שיווק בעמ,,ניירות אפיה נשלפים א,יחידה,0.00,יחידה,false,,23.90,0.0000,true,1,88250
7290111344527,false,ניקול שקיות אשפה XXL לפחים ענקיים 20 יחי,קימברלי קלארק ישראל שיווק בעמ,,שקיות אשפה לפח ענק X,יחידה,0.00,יחידה,false,,24.90,0.0000,true,1,87283
7290111344572,false,שקיות אשפה ניקול עם ידית נשיאה,קימברלי קלארק ישראל שיווק בעמ,,שקיות אשפה עם ידיות,יחידה,0.00,יחידה,false,,19.90,0.0000,true,1,118451
7290111344701,false,ניקול שקיות אוכל סנדויצון מניונים 250 יחידות,קימברלי קלארק ישראל שיווק בעמ,,ניקול סנדוויצ'ון מהד,יחידה,0.00,יחידה,false,,14.90,0.0000,false,1,121280
7290111344732,false,קלינקס - טיישו אלרג'י קומפורט ניילון זוגות 140 דף,קימברלי קלארק ישראל שיווק בעמ,,קלינקס אלרג'י קומפור,יחידה,0.00,יחידה,false,,13.90,0.0000,true,1,88707
7290111344824,false,מגן תחתון קוטקס אקסטרא אנטיבקטריאלי לארג',קימברלי קלארק ישראל שיווק בעמ,,מגן תחתון קוטקס אנטי,יחידה,0.00,יחידה,false,,17.90,0.0000,true,1,118454
7290111344831,false,קוטקס - מגיני יום אקסטרא פרוטקט נורמל ביג 60 יח',קימברלי קלארק ישראל שיווק בעמ,,מגן תחתון קוטקס אקסט,יחידה,0.00,יחידה,false,,17.90,0.0000,true,1,118452
7290111344855,false,קוטקס - מגיני יום אקסטרא פרוטקט לארג' ביג 52 יח',קימברלי קלארק ישראל שיווק בעמ,,מגן תחתון קוטקס אקסט,יחידה,0.00,יחידה,false,,17.90,0.0000,true,1,118453
7290111344879,false,קוטקס מגיני תחתון 2IN1 מחזור+שתן 44 יחיד,קימברלי קלארק ישראל שיווק בעמ,,מגן תחתון קוטקס 2 ב-,יחידה,0.00,יחידה,false,,17.90,0.0000,true,1,118455
7290111344916,false,ניקול שישיית כריות יפניות אנטיבקטריאליות,קימברלי קלארק ישראל שיווק בעמ,,ניקול כריות יפניות א,יחידה,0.00,יחידה,false,,10.90,0.0000,true,1,88705
7290111344930,false,מטליות לחות לרצפה בניחוח כביסה ארומתרפיה ניקול 10 יח',קימברלי קלארק ישראל שיווק בעמ,,ניקול מטליות לחות לר,יחידה,0.00,יחידה,false,,10.90,0.0000,true,1,118346
7290111344978,false,ניקול רדיד אלומיניום חסכוני 61 מטר עבה ב,קימברלי קלארק ישראל שיווק בעמ,,ניקול רדיד אלומיניום,יחידה,0.00,יחידה,false,,39.90,0.0000,true,1,88706
7290111345043,false,ניקול מטליות מיקרופייבר דו צדדית למשטחים,קימברלי קלארק ישראל שיווק בעמ,,מטליות מיקרופייבר למ,יחידה,0.00,יחידה,false,,13.90,0.0000,true,1,118330
7290111345050,false,כרית מיקרופייבר דו צדדית לניקוי עדין,קימברלי קלארק ישראל שיווק בעמ,,כריות ניקול מיקרופיי,יחידה,0.00,יחידה,false,,10.90,0.0000,true,1,118331
7290111345722,false,ניקול שקיות לשמירה על הטריות 5 יחידות,קימברלי קלארק ישראל שיווק בעמ,,שקיות ניקול לשמירת ה,יחידה,0.00,יחידה,false,,14.90,0.0000,false,1,121175
7290111345982,false,ניקול דפי ספוגית הקסם 10 יחידות,קימברלי קלארק ישראל שיווק בעמ,,דפי ספוגית הקסם ניק,יחידה,0.00,יחידה,false,,10.90,0.0000,false,1,119411
7290111346125,false,מארז שלישייה מגבוני דיילי קר ללא בישום *56 יח' האגיס,חוגלה קימברלי שיווק בע`מ,,מגבוני האגיס 1/3 ללא,יחידה,0.00,יחידה,false,,15.90,0.0000,false,1,121771
7290111346293,false,מגבת נייר ניקול 6 יחידות מהדורה חגיגית,קימברלי קלארק ישראל שיווק בעמ,,שישיה נייר מגבת ניקו,יחידה,0.00,יחידה,false,,10.90,0.0000,false,1,120269
7290111346347,false,מגבוני אף אוריגינל סופט חמישיה קלינקס,קימברלי קלארק ישראל שיווק בעמ,,טישו קלינקס אורגינל,יחידה,0.00,יחידה,false,,15.90,0.0000,false,1,121115
7290111350030,false,רסק תפוחי עץ טבעי בצנצנת 670 גרם קלית גת,ליימן שליסל בעמ,,רסק תפוחי עץ טבעי קל,גרמים,670.00,100 גרם,false,,10.90,0.0163,true,1,66760
7290111350047,false,תמרים מזן מגהול ללא חרצנים 500 גרם,ליימן שליסל בע`מ,,תמרים מג'הול ללא חרצ,גרמים,500.00,100 גרם,false,,11.50,0.0230,true,1,67555
7290111350672,false,צנצנת דבש קליית גת 700 גרם,חקלאות עין חרוד מאוח,,דבש צנצנת 700 גר' קל,גרמים,700.00,100 גרם,false,,32.90,0.0470,true,1,74265
7290111350719,false,חטיף נאצוס הוטפופ בסגנון מסעדות 322 גר,ליימן שליסל בע`מ,,נאצ'וס הוטפופ בסגנון,גרמים,322.00,100 גרם,false,,15.90,0.0494,true,1,77778
7290111350726,false,חטיף נאצוס הוטפופ בסגנון מקסיקני 322 גר,ליימן שליסל בע`מ,,נאצ'וס בסגנון מקסיקנ,גרמים,322.00,100 גרם,false,,15.90,0.0494,true,1,77779
7290111350740,false,הוט פופ קידס טבעי+מלח 500 ג' +5 גביעים,ליימן שליסל בעמ,,פופקורן הוטפופ אריזת,גרמים,500.00,100 גרם,false,,15.00,0.0300,true,1,76063
7290111351280,false,תערובת אגוזים קלויים ללא מלח 150 גרם קליית גת,ליימן שליסל,,תערובת אגוזים קלויים,גרמים,150.00,100 גרם,false,,16.50,0.1100,true,1,76433
7290111351334,false,קלית גת תמר מגהול650,הדקלאים אגודת שיתופי,,תמרים 650 גר',גרמים,650.00,100 גרם,false,,18.90,0.0291,true,1,77873
7290111351747,false,צ'וקטה טורטיה מקמח חיטה 320 גרם,ליימן שליסל,,"טורטייה 20 ס""מ מקמח",גרמים,320.00,100 גרם,false,,9.90,0.0309,true,1,83749
7290111352140,false,חמוציות מיובשות ברכז תפוחים קליית גת 150 גרם,ליימן שליסל בעמ,,חמוציות מיובשות ברכז,גרמים,150.00,100 גרם,false,,11.50,0.0767,true,1,80976
7290111352430,false,ממרח תמרים טבעי קליית גת 440 גרם,ליימן שליסל בע`מ,,ממרח תמרים טבעי 440,גרמים,440.00,100 גרם,false,,13.90,0.0316,true,1,81996
7290111352508,false,סילאן טבעי לחיץ קליית גת 840 גרם,ליימן שליסל בע`מ,,סילאן 840 גר' קליית,גרמים,840.00,100 גרם,false,,21.90,0.0261,true,1,82505
7290111352935,false,יוגטה סוכריות טופי ממולאות 600 גרם 3 טעמים,ליימן שליסל בע`מ,,יוגטה סוכריות טופי מ,גרמים,600.00,100 גרם,false,,14.90,0.0248,true,1,84590
7290111352942,false,יוגטה סוכריות טופי ללא גלוטן 850 ג',ליימן שליסל בע`מ,,יוגטה סוכריות טופי 8,גרמים,850.00,100 גרם,false,,19.90,0.0234,true,1,117323
7290111352966,false,יוגטה סוכריות ממולאות בטעם פירות 250 גרם ללא ג'לטין,ליימן שליסל בע`מ,,יוגטה סוכריות ממולאו,גרמים,250.00,100 גרם,false,,7.90,0.0316,true,1,84738
7290111352973,false,יוגוטה קוביות חמוצות ממולאות בטעם פירות,ליימן שליסל בע`מ,,קוביות חמוצות 220 גר,גרמים,220.00,100 גרם,false,,7.90,0.0359,true,1,86381
7290111353055,false,"גומי דובי 200 גר' וסטהיים (כש""לפ בית יוסף)",טופגם תעשיות ממתקים,,סוכריות גומי דובונים,גרמים,200.00,100 גרם,false,,9.90,0.0495,true,1,86472
7290111353123,false,"גומי נחש מסוכר 200 גר' וסטהיים (כש""לפ בית יוסף)",טופגם תעשיות ממתקים,,סוכריות גומי נחשים מ,גרמים,200.00,100 גרם,false,,9.90,0.0495,true,1,86473
7290111353437,false,חטיף בטטה ומלח ים 120 גרם הוט פופ,איץ.סיי גרופ אס.דה א,,צ'יפס חטיף בטטה ומלח,גרמים,120.00,100 גרם,false,,13.90,0.1158,true,1,87432
7290111353444,false,חטיף בטטות ומלח ים 120 גרם הוט פופ,איץ.סיי גרופ אס.דה א,,צ'יפס חטיף ירקות הוט,גרמים,120.00,100 גרם,false,,13.90,0.1158,true,1,87433
7290111353451,false,חטיף בירקות שורש ומלח ים הוטפופ 120 גרם,איץ.סיי גרופ אס.דה א,,צ'יפס חטיף ירקות שור,גרמים,120.00,100 גרם,false,,13.90,0.1158,true,1,87434
7290111353550,false,חמאת בוטנים טבעית קליית גת 300 גרם,ליימן שליסל בע`מ,,חמאת בוטנים טבעית 30,גרמים,300.00,100 גרם,false,,14.90,0.0497,true,1,87490
7290111353567,false,ממרח שקדים טבעי קליית גת 300 גרם,ליימן שליסל בע`מ,,ממרח שקדים טבעי 300,גרמים,300.00,100 גרם,false,,31.90,0.1063,true,1,87491
7290111353680,false,גרעיני חמנייה 350 גרם קליית גת,ליימן שליסל בעמ,,גרעיני חמנייה 350 גר,גרמים,350.00,100 גרם,false,,11.50,0.0329,true,1,88006
7290111354076,false,תמרים ללא חרצנים בוואקום קליית גת 500 גרם,קליית גת,,תמרים ללא חרצנים 500,גרמים,500.00,100 גרם,false,,15.90,0.0318,true,1,119917
7290111354137,false,ממרח פקאן מסוכר קליית גת 200 גרם,ליימן שליסל,,ממרח פקאן מסוכר 200,גרמים,200.00,100 גרם,false,,19.90,0.0995,true,1,120216
7290111354878,false,מארז סלסלה קש,,,מארז סלסלה קש,יחידה,0.00,יחידה,false,,99.90,0.0000,true,1,121589
7290111563492,false,סלטי צבר מטבוחה חריפה מרובע 6*400גרם,קבוצת אוסם סחר-שות.מוגבלת,,סלטי צבר מטבוחה חרי,גרמים,400.00,100 גרם,false,,11.90,0.0298,true,1,73094
7290111564239,false,מאגדת מיני קראנץ וניל 5 יח' נסטלה,נגה גלידות שותפות מוגבלת,,מאגדת שלגונים מיני ק,גרמים,275.00,100 גרם,false,,27.50,0.1000,true,1,71933
7290111564277,false,פריכיות דקות ונימוחות 3 דגנים פיטנס Fitness,קבוצת אוסם סחר שותפות מוגבלת,,פיטנס פריכיות 3 דגני,גרמים,120.00,100 גרם,false,,10.90,0.0908,true,1,69803
7290111564291,false,פריכיות דקות ונימוחות 3 דגנים וקינואה פיטנס Fitness,קבוצת אוסם סחר שותפות מוגבלת,,פיטנס פריכיות דקות ע,גרמים,120.00,100 גרם,false,,10.90,0.0908,true,1,69804
7290111564727,false,עוגיות אסם קרמוגית וקרם אגוזים אסם 200ג',קבוצת אוסם סחר שותפות מוגבלת,,קרמוגית במילוי אגוזי,גרמים,200.00,100 גרם,false,,11.50,0.0575,true,1,71561
7290111564956,false,"ביסלי במבה מיקס 200 גרם ""אסם""",קבוצת אוסם סחר שותפות מוגבלת,,חטיף ביסלי במבה 200,גרמים,200.00,100 גרם,false,,9.70,0.0485,false,1,73139
7290111565038,false,"לה קרמריה וניל קוקילידה בד""צ 1.4 ל'",נגה גלידות שותפות מוגבלת,,גלידת קרמריה וניל קו,יחידה,0.00,יחידה,false,,22.90,0.0000,false,1,73281
7290111566103,false,טבעול פלאפל מרכיבים ביתיים בלבד 590 גרם,קבוצת אוסם סחר שותפות מוגבלת,,טבעול פלאפל מרכיבים,גרמים,590.00,100 גרם,false,,31.00,0.0525,true,1,72417
7290111566240,false,שניצל דק מן הצומח בטעם צ'ילי חריף 700 גרם,קבוצת אוסם סחר שותפות מוגבלת,,שניצל דק בטעם צ'ילי,גרמים,564.00,100 גרם,false,,31.00,0.0550,true,1,72429
7290111566271,false,טבעול חטיפי תירס 657 גרם קפוא,קבוצת אוסם סחר שותפות מוגבלת,,טבעול חטיפי תירס 657,גרמים,657.00,100 גרם,false,,28.90,0.0440,false,1,71947
7290111566318,false,שניצל דק מן הצומח בטעם ביתי 700 גרם,קבוצת אוסם סחר שותפות מוגבלת,,טבעול שניצל דק מהצומ,גרמים,564.00,100 גרם,false,,31.00,0.0550,true,1,72577
7290111566332,false,"נקניקיות וינר מן הצומח 680 גרם ""טבעול""",קבוצת אוסם סחר שותפות מוגבלת,,טבעול נקנקיות וינר צ,גרמים,680.00,100 גרם,false,,31.00,0.0456,true,1,71855
7290111566417,false,טבעול טחון מן הצומח משופר 400 גרם,קבוצת אוסם סחר שותפות מוגבלת,,טבעול טחון צמחוני,גרמים,500.00,100 גרם,false,,29.90,0.0598,false,1,72787
7290111566547,false,טבעול חזה בגריל צמחוני 99 קלוריות 560ג',קבוצת אוסם סחר שותפות מוגבלת,,חזה בגריל צמחוני טבע,גרמים,560.00,100 גרם,false,,31.00,0.0554,true,1,72149
7290111566561,false,"שניצל ברוקולי 99 קלוריות 560 גר' ""טבעול""",קבוצת אוסם סחר שותפות מוגבלת,,טבעול שניצל ברוקולי,גרמים,560.00,100 גרם,false,,31.00,0.0554,true,1,72150
7290111566585,false,"שניצל צמחוני 99 קלוריות 650 גר' ""טבעול""",קבוצת אוסם סחר שותפות מוגבלת,,טבעול שניצל צמחוני 9,גרמים,650.00,100 גרם,false,,31.00,0.0477,true,1,72151
7290111566660,false,קציצות עדשים כתומות טבעול 530 גרם,קבוצת אוסם סחר שותפות מוגבלת,,טבעול קציצות עדשים כ,גרמים,530.00,100 גרם,false,,31.00,0.0585,true,1,73038
7290111566691,false,"שניצל תרד 99 קלוריות 560 גרם ""טבעול""",קבוצת אוסם סחר-שות.מוגבלת,,טבעול שניצל תרד 99 ק,גרמים,560.00,100 גרם,false,,31.00,0.0554,true,1,72152
7290111566714,false,טבעול המבורגר צמחוני 99 קלוריות 600 גרם,קבוצת אוסם סחר שותפות מוגבלת,,טבעול המבורגר צמחוני,גרמים,600.00,100 גרם,false,,31.00,0.0517,true,1,72153
7290111566752,false,טבעול שניצל תירס 99 קלוריות 693 גרם,קבוצת אוסם סחר שותפות מוגבלת,,טבעול שניצל תירס 99,גרמים,693.00,100 גרם,false,,31.00,0.0447,true,1,72154
7290111566776,false,"נקניקיות קוקטייל מן הצומח 680 גרם ""טבעול""",קבוצת אוסם סחר שותפות מוגבלת,,טבעול נקנקיות קוקטיי,גרמים,680.00,100 גרם,false,,31.00,0.0456,true,1,71856
7290111568206,false,ביסלי פארטי מיקס אסם 150 גר',קבוצת אוסם סחר שותפות מוגבלת,,ביסלי פארטי מיקס,גרמים,150.00,100 גרם,false,,9.00,0.0600,false,1,73553
7290111568251,false,אטריות נודלס להקפצה אסם אסייתי 350 גר',קבוצת אוסם סחר שותפות מוגבלת,,נודלס אטריות להקפצה,גרמים,350.00,100 גרם,false,,9.90,0.0283,true,1,73635
7290111568275,false,אטריות נודלס אורז רחבות אסם אסייתי 300גרם,קבוצת אוסם סחר שותפות מוגבלת,,נודלס אטריות אורז רח,גרמים,300.00,100 גרם,false,,9.90,0.0330,true,1,73636
7290111568299,false,אטריות נודלס עם תרד אסם אסייתי 300 גר',קבוצת אוסם סחר שותפות מוגבלת,,נודלס איטריות עם תרד,גרמים,300.00,100 גרם,false,,9.90,0.0330,true,1,74206
7290111568961,false,אסם בייגלה טבעות מלוח 400 גר`,קבוצת אוסם סחר שותפות מוגבלת,,בייגלה טבעות מלח אסם,גרמים,400.00,100 גרם,false,,11.00,0.0275,true,1,74076
7290111873607,false,כוס במבוק כח פי ג'יי יח,שמחה זה אנחנו בע`מ,,כוס במבוק כח פי ג'יי,יחידה,0.00,יחידה,false,,7.90,0.0000,true,1,78699
7290111873614,false,קערה במבוק כח פי ג'יי יח,שמחה זה אנחנו בע`מ,,קערה במבוק כח פי ג'י,יחידה,0.00,יחידה,false,,8.90,0.0000,true,1,78682
7290111930799,false,קראנצ'וס טעם בצל 55גר,ש. שסטוביץ בע`מ,,קראנצוס בצל 70 גרם,יחידה,0.00,יחידה,false,,3.90,0.0000,true,1,70208
7290111930805,false,קראנצ'וס טעם ברביקיו 55 גר',ש. שסטוביץ בע`מ,,קראנצוס ברביקיו 70 ג,יחידה,0.00,יחידה,false,,3.90,0.0000,true,1,70209
7290111930850,false,קראנצ'וס טעם פיצה 55גר',ש. שסטוביץ בע`מ,,קראנצוס פיצה 70 גרם,יחידה,0.00,יחידה,false,,3.90,0.0000,true,1,70205
7290111930898,false,חטיף פוף כוכבים גריל אמריקאי 40 גרם,ש. שסטוביץ בע`מ,,פוף כוכבים גריל אמרי,יחידה,0.00,יחידה,false,,3.90,0.0000,true,1,71096
7290111930904,false,חטיף פוף כוכבים בצל 40 גרם,ש. שסטוביץ בע`מ,,פוף כוכבים 40 גרם,יחידה,0.00,יחידה,false,,3.90,0.0000,true,1,71094
7290111930911,false,חטיף פוף לבבות קלאסי 40 גרם,ש. שסטוביץ בע`מ,,פוף לבבות קלאסי 40 ג,יחידה,0.00,יחידה,false,,3.90,0.0000,true,1,71095
7290111930928,false,חטיף פוף לבבות גריל 40 גרם,ש. שסטוביץ בע`מ,,פוף כוכבים גריל 40 ג,יחידה,0.00,יחידה,false,,3.90,0.0000,true,1,71097
7290111931321,false,"קולגייט משחת שיניים ילדים 6+ מיניונים 50 מ""ל",קולגייט- פלמוליב,,קולגייט משחת שיניים,מיליליטרים,50.00,"100 מ""ל",false,,10.90,0.2180,true,1,74313
7290111933462,false,"רוטב צ'ילי מתוק מאסטר שף 300 מ""ל",ש. שסטוביץ בע`מ,,רוטב צ'ילי מתוק מאסט,מיליליטרים,300.00,"100 מ""ל",false,,7.90,0.0263,true,1,73040
7290111933554,false,שלישייה עגבניות קוביות מאסטר שף 400 גרם,קונסוריזיו קאסאלסקו,,מאסטר שף עגבניות קוב,קילוגרמים,1.20,"ק""ג",false,,15.90,13.2500,true,1,75348
7290111933998,false,קוקי תבנית אינגליקייק עם נייר אפיה 4יח,ש.שסטוביץ בעמ,,קוקי תבנית אינגליש ק,יחידה,0.00,יחידה,false,,9.90,0.0000,true,1,77820
7290111934827,false,"פלמוליב סבון ידיים היגיינה 300 מ""ל",ש.שסטוביץ בעמ,,פלמוליב סבון ידיים ה,מיליליטרים,300.00,"100 מ""ל",false,,10.90,0.0363,true,1,77866
7290111935961,false,מאסטר שף מחית עגבניות 690 גרם,פראנו אנריקו ופיגלי,,מאסטר שף מחית עגבניו,גרמים,690.00,100 גרם,false,,11.90,0.0172,true,1,78238
7290111936296,false,"פלמוליב סבון נוזלי בניחוח סנסיישן מסאז' ,750 מ""ל",קולגייט פלמוליב,,פלמוליב ארומה סנסייש,מיליליטרים,750.00,"100 מ""ל",false,,19.90,0.0265,true,1,78029
7290111938481,false,"רוטב סויה בהירה מאסטר שף 300 מ""ל",ש. שסטוביץ בע`מ,,מאסטר שף רוטב סויה ב,מיליליטרים,300.00,"100 מ""ל",false,,8.90,0.0297,true,1,82746
7290111938498,false,"מנה אסייאתי רוטב סויה בהירה 700 מ""ל מ.שף",קי.אר.אס. ספייסי פוד,,מאסטר שף רוטב סויה ב,מיליליטרים,700.00,"100 מ""ל",false,,12.90,0.0184,true,1,81824
7290111939174,false,קוקי ניילון נצמד עם גומי מידה לארג,ש.שסטוביץ בעמ,,קוקי ניילון נצמד עם,יחידה,0.00,יחידה,false,,9.90,0.0000,true,1,81756
7290111939181,false,קוקי כיסוי ניילון עם גומי מיקס מידות,ש.שסטוביץ בעמ,,קוקי ניילון נצמד עם,יחידה,0.00,יחידה,false,,9.90,0.0000,true,1,81757
7290112000200,false,קולון ג'ל תה ירוק 3,קולון,,קולון ג'ל תה ירוק 3,ליטרים,3.00,ליטר,false,,24.90,8.3000,true,1,75532
7290112000293,false,"סיליט באנג ג'ל לחיטוי וניקוי האסלה פרש, 750 מ""ל",רקיט בנקיזר (ניר איסט) בעמ,,סיליט ג'ל אסלות פרש,מיליליטרים,750.00,"100 מ""ל",false,,9.90,0.0132,true,1,71715
7290112000385,false,מנקה ומחטא עוצמתי למטבח ללא אקונומיקה,רקיט בנקיזר (ניר איסט) בעמ,,דטול תרסיס למטבח 750,יחידה,0.00,יחידה,false,,14.90,0.0000,true,1,75166
7290112000392,false,מנקה ומחטא עוצמתי לחדר האמבטיה ללא אקונומיקה,רקיט בנקיזר (ניר איסט) בעמ,,דטול תרסיס לאמבטיה 7,יחידה,0.00,יחידה,false,,14.90,0.0000,true,1,75167
7290112000408,false,מנקה ומחטא עוצמתי לניקוי כללי בניחוח לימון,רקיט בנקיזר (ניר איסט) בעמ,,דטול תרסיס לניקוי כל,מיליליטרים,750.00,"100 מ""ל",false,,14.90,0.0199,true,1,75168
7290112000736,false,פיניש טבליות AIO 80 יח` אריזת חיסכון,רקיט בנקיזר (ניר איסט) בעמ,,פיניש 80 טבליות,יחידה,0.00,יחידה,false,,59.90,0.0000,true,1,73935
7290112000798,false,"דיטול תרסיסי חיטוי וניקוי אנטי בקטריאלי 750 מ""ל",רקיט בנקיזר (ניר איסט) בעמ,,דטול תרסיס חיטוי וני,יחידה,0.00,יחידה,false,,14.90,0.0000,true,1,75169
7290112000880,false,מטליות לחות למטבח מנקה ומחטא עוצמתי,רקיט בנקיזר (ניר איסט) בעמ,,דטול מגבונים למטבח 6,יחידה,0.00,יחידה,false,,14.90,0.0000,true,1,75173
7290112001221,false,מנקה מכונת כביסה בניחוח נקי ורענן,רקיט בנקיזר (ניר איסט) בעמ,,קולון מנקה מכונת כבי,מיליליטרים,250.00,"100 מ""ל",false,,19.90,0.0796,true,1,75837
7290112001238,false,"מנקה מכונת כביסה קולון לימון 250 מ""ל",רקיט בנקיזר (ניר איסט) בעמ,,קולון מנקה מכונת כבי,מיליליטרים,250.00,"100 מ""ל",false,,19.90,0.0796,true,1,75838
7290112001436,false,"פיניש מנקה מדיח כלים בניחוח לימון 250 מ""ל",רקיט בנקיזר (ניר איסט) בעמ,,פיניש מנקה מדיח בניח,יחידה,0.00,יחידה,false,,14.90,0.0000,true,1,81457
7290112001870,false,"סיליט באנג ספריי ניקוי אמבטיה 750 מ""ל",רקיט בנקיזר (ניר איסט) בעמ,,סיליט טריגר אמבטיה,מיליליטרים,750.00,"100 מ""ל",false,,14.90,0.0199,true,1,80636
7290112001900,false,פיניש ג'ל למדיח אקולוגי 1 ליטר,רקיט בנקיזר (ניר איסט) בעמ,,פיניש ג'ל 1 ליטר אקו,ליטרים,1.00,ליטר,false,,39.90,39.9000,true,1,80312
7290112002044,false,טבליות פיניש מנקה מדיח 3 יח,רקיט בנקיזר (ניר איסט) בעמ,,פיניש טבליות לניקוי,גרמים,51.00,100 גרם,false,,14.90,0.2922,true,1,80314
7290112002099,false,קולון גל כביסה מרוכז 2.5 ליטר קלאסי,רקיט בנקיזר (ניר איסט) בעמ,,קולון ג'ל כביסה 2.5,ליטרים,2.50,ליטר,false,,24.90,9.9600,true,1,80198
7290112002112,false,ג'ל כביסה מרוכז קולון 101 בניחוח ורדים,רקיט בנקיזר (ניר איסט) בעמ,,קולון ג'ל כביסה 2.5,ליטרים,2.50,ליטר,false,,24.90,9.9600,true,1,80200
7290112002129,false,ג'ל כביסה מרוכז קולון 101 בניחוח פריחה מרענן,רקיט בנקיזר (ניר איסט) בעמ,,קולון ג'ל כביסה 2.5,ליטרים,2.50,ליטר,false,,24.90,9.9600,true,1,80201
7290112002136,false,ג'ל כביסה מרוכז קולון 101 קלאסי,רקיט בנקיזר (ניר איסט) בעמ,,קולון ג'ל כביסה 4 לי,ליטרים,4.00,ליטר,false,,34.90,8.7250,true,1,80195
7290112002457,false,דטול - שלישיית מגבונים לניקוי וחיטוי בניחוח לימון,רקיט בנקיזר (ניר איסט) בעמ,,דטול מגבונים חיטוי ו,יחידה,0.00,יחידה,false,,24.90,0.0000,true,1,86410
7290112002983,false,"סיליט באנג ניקוי כללי רכיבים טבעיים 750 מ""ל",רקיט בנקיזר (ניר איסט) בעמ,,סיליט באנג ניקוי כלל,מיליליטרים,750.00,"100 מ""ל",false,,16.90,0.0225,true,1,84294
7290112002990,false,"סיליט ספריי אבקת סודה להסרת שומנים 750 מ""ל",רקיט בנקיזר (ניר איסט) בעמ,,מרסס סיליט באנג מסיר,מיליליטרים,750.00,"100 מ""ל",false,,16.90,0.0225,true,1,84295
7290112003188,false,קולון קפסולות ג'ל 60 יח' אריזת חיסכון,רקיט בנקיזר (ניר איסט) בעמ,,קולון קפסולות 60 יח',יחידה,0.00,יחידה,false,,49.90,0.0000,true,1,85802
7290112003959,false,וניש מסיר כתמים אבקה לכביסה צבעונית 470 גרם,רקיט בנקיזר (ניר איסט) בעמ,,וניש מסיר כתמים אבקה,גרמים,470.00,100 גרם,false,,16.90,0.0360,true,1,90512
7290112003966,false,"אבקה להסרת כתמים לכביסה לבנה ""וניש גולד""",רקיט בנקיזר (ניר איסט) בעמ,,וניש מסיר כתמים אבקה,גרמים,470.00,100 גרם,false,,16.90,0.0360,true,1,90362
7290112004031,false,ג'ל מסיר כתמים לכביסה צבעונית וניש אוקסי אקשן,רקיט בנקיזר (ניר איסט) בעמ,,"וניש גולד ג'ל 940 מ""",מיליליטרים,940.00,"100 מ""ל",false,,19.90,0.0212,true,1,118226
7290112004109,false,מטליות לחות לניקוי כללי וחיטוי בריח ליים ונענע- מארז,רקיט בנקיזר (ניר איסט) בעמ,,דטול מגבונים שלישייה,יחידה,0.00,יחידה,false,,24.90,0.0000,true,1,86771
7290112004185,false,"פיניש נוזל הברקה אקולוגי למדיח 400 מ""ל",רקיט בנקיזר,,פיניש נוזל הברקה למד,מיליליטרים,400.00,"100 מ""ל",false,,14.90,0.0373,true,1,117522
7290112004413,false,"ספריי וניש קליה להסרת כתמים לבגדים לבנים 750 מ""ל",רקיט בנקיזר (ניר איסט) בעמ,,וניש ספריי הסרת כתמי,מיליליטרים,750.00,"100 מ""ל",false,,16.90,0.0225,true,1,120095
7290112004468,false,דטול - מחטא כביסה לכותנה 1.50 ליטר,רקיט בנקיזר (ניר איסט) בעמ,,מחטא כביסה דטול בניח,ליטרים,1.50,ליטר,false,,24.90,16.6000,true,1,117772
7290112004611,false,"וניש קליה ג'ל מרוכז לטיפול נקודתי בכתמים 200 מ""ל",רקיט בנקיזר (ניר איסט) בעמ,,ווניש פאואר ג'ל 200,מיליליטרים,200.00,"100 מ""ל",false,,16.90,0.0845,true,1,119088
7290112004703,false,וניש תוסף כביסה גל מרוכז-כביסה צבעונית,רקיט בנקיזר (ניר איסט) בעמ,,וניש ג'ליסימו ורוד 7,מיליליטרים,750.00,"100 מ""ל",false,,19.90,0.0265,true,1,122220
7290112004710,false,וניש תוסף כביסה גל מרוכז-כביסה לבנה,רקיט בנקיזר (ניר איסט) בעמ,,וניש ג'ליסימו לבן 75,מיליליטרים,750.00,"100 מ""ל",false,,19.90,0.0265,true,1,122221
7290112004772,false,אירוויק מילוי מבשם חשמלי כביסה באוויר,רקיט בנקיזר (ניר איסט) בעמ,,מילוי מבשם אוויר חשמ,יחידה,0.00,יחידה,false,,14.90,0.0000,true,1,121203
7290112004970,false,פיניש אולטימייט קוואנטום 50 טבליות למדיח,רקיט בנקיזר (ניר איסט) בעמ,,פיניש אולטימייט 50 י,יחידה,0.00,יחידה,false,,54.90,0.0000,true,1,121350
7290112005045,false,וניש מסיר כתמים אבקה לכביסה לבנה 480 גרם,רקיט בנקיזר (ניר איסט) בעמ,,וניש אבקה לכביסה לבנ,גרמים,480.00,100 גרם,false,,16.90,0.0352,true,1,121078
7290112005052,false,וניש תוסף כביסה רב תכליתי לבגדים לבנים,רקיט בנקיזר (ניר איסט) בעמ,,וניש אבקה לכביסה לבנ,גרמים,1500.00,100 גרם,false,,39.90,0.0266,true,1,121001
7290112005076,false,וניש תוסף כביסה רב תכליתי צבעוני 480 גרם,רקיט בנקיזר (ניר איסט) בעמ,,וניש אבקה לכביסה צבע,גרמים,480.00,100 גרם,false,,16.90,0.0352,true,1,121079
7290112005083,false,וניש תוסף כביסה רב תכליתי לכביסה צבעונית,רקיט בנקיזר (ניר איסט) בעמ,,וניש אבקה לכביסה צבע,גרמים,1500.00,100 גרם,false,,39.90,0.0266,true,1,121077
7290112005168,false,פיניש אולטימייט קוואנטום לימון 60 טבליות למדיח,רקיט בנקיזר (ניר איסט) בעמ,,פיניש קוואנטום לימון,יחידה,0.00,יחידה,false,,59.90,0.0000,true,1,121204
7290112192875,false,"סנסודיין - משחת שיניים רגישות וחניכיים 75 מ""ל",סנסודיין Sensodyne,,משחת שיניים סנסודיין,יחידה,0.00,יחידה,false,,34.90,0.0000,true,1,81433
7290112192882,false,"סנסודיין - משחת שיניים רגישות וחניכיים מלבינה 75 מ""ל",ג'י.אס.קיי קונסיומר,,משחת שיניים סנסודיין,יחידה,0.00,יחידה,false,,34.90,0.0000,true,1,81434
7290112193582,false,תערובת להכנת עוגה שוקולד 500 גר G FREE,גורי מוצרי צריכה (1991) בעמ,,תערובת לעוגת שוקולד,גרמים,500.00,100 גרם,false,,22.90,0.0458,true,1,86693
7290112196514,false,חטיפי קרקר כוסמין 180 גר,גורי מוצרי צריכה (1991) בעמ,,חטיפי קרקר כוסמין 18,גרמים,180.00,100 גרם,false,,9.90,0.0550,true,1,90078
7290112196521,false,חטיפי קרקר כוסמין שומשום,,,חטיפי קרקר כוסמין שו,גרמים,180.00,100 גרם,false,,9.90,0.0550,true,1,90127
7290112196774,false,ביסקוויט כוסמין חצי מצופה 175 גרם,,,ביסקוויט מקמח כוסמין,גרמים,175.00,100 גרם,false,,11.90,0.0680,true,1,118326
7290112196781,false,קמח כוסמין בהיר מנופה 1 קג,,,קמח כוסמין בהיר מנופ,קילוגרמים,1.00,"ק""ג",false,,16.90,16.9000,true,1,90194
7290112196798,false,קמח כוסמין 8מלא מנופה 1קג,,,קמח כוסמין מלא מנופה,קילוגרמים,1.00,"ק""ג",false,,16.90,16.9000,true,1,90195
7290112196804,false,קמח כוסמין 80% מנופה 1קג,,,קמח כוסמין 80% מנופה,קילוגרמים,1.00,"ק""ג",false,,16.90,16.9000,true,1,90196
7290112197177,false,דגני בוקר במילוי קרם בטעם נוגט ללא גלוטן 375 ג' G FREE,גורי מוצרי צריכה (1991) בעמ,,דגני בוקר במילוי קרם,גרמים,375.00,100 גרם,false,,21.90,0.0584,true,1,121345
7290112197184,false,דגני בוקר במילוי קרם קרמל מלוח ללא גלוטן 375 ג' G FREE,גורי מוצרי צריכה (1991) בעמ,,דגני בוקר במילוי קרם,גרמים,375.00,100 גרם,false,,21.90,0.0584,true,1,121882
7290112197191,false,דגני בוקר כהים במילוי קרם וניל ללא גלוטן 375 ג' G FREE,גורי מוצרי צריכה (1991) בעמ,,דגני בוקר במילוי קרם,גרמים,375.00,100 גרם,false,,21.90,0.0584,true,1,121346
7290112197207,false,מיני כריות בציפוי שוקולד חלב מעולה 65ג,גורי מוצרי צריכה (1991) בעמ,,מיני כריות בציפוי שו,גרמים,65.00,100 גרם,false,,8.50,0.1308,true,1,121948
7290112197238,false,מיני קורנפלקס בציפוי שוקולד חלב מעולה,גורי מוצרי צריכה 1991 בע`מ,,מיני קורנפלקס בציפוי,גרמים,65.00,100 גרם,false,,8.50,0.1308,true,1,121949
7290112197719,false,פיצה משפחתית  זיתים 330 ג' ללא גלוטן ג'י פרי,גורי מוצרי צריכה (1991) בעמ,,פיצה זיתים,גרמים,330.00,100 גרם,false,,25.90,0.0785,true,1,122114
7290112330352,false,"יוגורט PRO בטעם וניל 0% , 20 גרם חלבון בגביע",שטראוס גרופ בעמ/מצונן,,דנונה פרו 20 גר וניל,גרמים,200.00,100 גרם,false,,5.90,0.0295,false,1,78159
7290112330390,false,דנונה פרו פירות יער 20 גרם חלבון 0% שומן 200 גרם,שטראוס גרופ בעמ/מצונן,,דנונה פרו 20 גר פירו,גרמים,200.00,100 גרם,false,,5.90,0.0295,false,1,78156
7290112330420,false,דנונה פרו לבן 2.9% שומן בודד 150גר,שטראוס גרופ בעמ/מצונן,,דנונה פרו לבן 2.9% ש,גרמים,150.00,100 גרם,false,,4.50,0.0300,true,1,76760
7290112332585,false,פריכיות משולש תפוא אורז בתיבול סלק ומלח ים אנרג'י 30 גרם,"פרח תעשיו מזון בע""מ",,"פריכיות תפו""א אורז ב",גרמים,30.00,100 גרם,false,,5.50,0.1833,true,1,78343
7290112332691,false,פינוקיות עוגיות קרם פסק זמן אגוזים 200 גרם,"הגביע מוצרי וופלים בע""\מ",,עוגיית קרם פסק זמן א,גרמים,200.00,100 גרם,false,,11.50,0.0575,true,1,79081
7290112332875,false,מסטיק מאסט קוביות בטעם מנטה עדינה 86 ג' עלית,שטראוס גרופ בע`מ,,מאסט קוביות מנטה עדי,גרמים,86.00,100 גרם,false,,14.90,0.1733,true,1,78195
7290112332899,false,עלית - צנצנת בזוקה פופים קלאסי 58 גרם,שטראוס גרופ בע`מ,,בזוקה פופים קלאסי,גרמים,58.00,100 גרם,false,,9.90,0.1707,true,1,78345
7290112334749,false,קפה טורקי בצלופן עלית 200 גרם+ 10% תוספת,שטראוס קפה בי.וי,,קפה טורקי עלית 200 ג,גרמים,220.00,100 גרם,false,,14.90,0.0677,false,1,79572
7290112335111,false,מסטיק מאסט קוביות בזוקה ללא גלוטן 86 גר,שטראוס גרופ בע`מ,,מאסט קוביות בטעם בזו,גרמים,86.00,100 גרם,false,,14.90,0.1733,true,1,78196
7290112335487,false,הפריכיות הטעימות קצח ודגנים אנרג'י 135 גרם,אנרג'י Energy - שטראוס,,הפריכיות הטעימות קצח,גרמים,135.00,100 גרם,false,,12.90,0.0956,true,1,78190
7290112335494,false,הפריכיות הטעימות תפוחי אדמה בטעם פוטטוס,"פרח תעשיות מזון בע""\מ",,הפריכיות הטעימות פוט,גרמים,135.00,100 גרם,false,,12.90,0.0956,true,1,78191
7290112335500,false,"פרכיות אנרג'י חומוס,אורז,עדשים שחורות וקינואה 135 גרם","פרח תעשיות מזון בע""\מ",,הפריכיות הטעימות חלב,גרמים,135.00,100 גרם,false,,12.90,0.0956,true,1,78192
7290112336613,false,עד חצות עוגיות סנדוויץ במילוי שוקולד חלב,שטראוס גרופ בע`מ,,עד חצות סנדוויץ,גרמים,135.00,100 גרם,false,,10.90,0.0807,true,1,81107
7290112336637,false,סוכריות מאסט Must ללא סוכר יוגורט תות ואוכניות,שטראוס גרופ בע`מ,,סוכריות יוגורט תות א,גרמים,80.00,100 גרם,false,,8.50,0.1063,false,1,80023
7290112336644,false,סוכריות מאסט ללא סוכר לימון 80 ג' עלית,שטראוס גרופ בע`מ,,סוכריות לימון ללא סו,גרמים,80.00,100 גרם,false,,8.50,0.1063,false,1,80024
7290112336651,false,סוכריות מאסט ללא סוכר ריבת חלב 80 ג' עלית,שטראוס גרופ בע`מ,,סוכריות ריבת חלב ללא,גרמים,80.00,100 גרם,false,,8.50,0.1063,false,1,80025
7290112336712,false,יוגורט PRO לבן 0% 21 גרם חלבון בגביע,שטראוס גרופ בעמ/מצונן,,דנונה פרו 21 0%,גרמים,200.00,100 גרם,false,,5.90,0.0295,false,1,77214
7290112337474,false,סוכריות מאסט ללא סוכר פטל לימון 80 ג' עלית,שטראוס גרופ בע`מ,,סוכריות פטל לימון לל,גרמים,80.00,100 גרם,false,,8.50,0.1063,false,1,80026
7290112337481,false,סוכריות מאסט ללא סוכר קפצ''ינו 80 ג' עלית,שטראוס גרופ בע`מ,,סוכריות קפוצ'ינו ללא,גרמים,80.00,100 גרם,false,,8.50,0.1063,false,1,80027
7290112338877,false,מעדן גבינה בטעם תות 3% 125ג' סקי,שטראוס גרופ בעמ/מצונן,,סקי תות,גרמים,125.00,100 גרם,false,,3.70,0.0296,false,1,76249
7290112339171,false,מעדן מוס שוקולד 81 גר`מילקי,שטראוס גרופ בעמ/מצונן,,מילקי מוס,גרמים,81.00,100 גרם,false,,3.30,0.0407,true,1,76258
7290112339362,false,דנונה לייט אנד פריי בטעם קפוצ'ינו 150 גרם,שטראוס גרופ בעמ/מצונן,,דנונה לייט אנד פריי,גרמים,150.00,100 גרם,false,,4.60,0.0307,true,1,80498
7290112339867,false,גמדים לדרך גבינה לבנה עם מחית תות,שטראוס גרופ בעמ/מצונן,,גמדים סקוויז בודד תו,גרמים,100.00,100 גרם,false,,5.70,0.0570,true,1,76794
7290112339874,false,גמדים לדרך גבינה לבנה עם מחיות תות ובננה,שטראוס גרופ בעמ/מצונן,,גמדים סקוויז בודד תו,גרמים,100.00,100 גרם,false,,5.70,0.0570,true,1,76795
7290112340122,false,הפריכיות הטעימות 3 דגנים אנרג'י 135 גרם,"פרח תעשיות מזון בע""\מ",,הפריכיות הטעימות 3 ד,גרמים,135.00,100 גרם,false,,12.90,0.0956,true,1,78194
7290112340245,false,מסטיק מאסט צנצנת בטעם דובדבן 66 גר` מגדי,"שטראוס גרופ בע""\מ",,צנצנת מאסט בטעם דובד,גרמים,66.00,100 גרם,false,,9.90,0.1500,true,1,77681
7290112340252,false,צנצנת מסטיק מאסט בטעם אבטיח מלון 66 ג' עלית,"שטראוס גרופ בע""\מ",,צנצנת מאסט בטעם אבטי,גרמים,66.00,100 גרם,false,,9.90,0.1500,true,1,77682
7290112340276,false,פינוקיות עוגיית קרם קפה נמס 200 גרם,"הגביע מוצרי וופלים בע""\מ",,עוגיות קרם קפה נמס,גרמים,200.00,100 גרם,false,,11.50,0.0575,true,1,79087
7290112340900,false,קפה טורקי האג נטול קפאין 200 גרם,הנסיך- מפעל לייצור ט,,קפה טורקי האג,גרמים,200.00,100 גרם,false,,25.90,0.1295,true,1,85114
7290112341556,false,יוגורט אקטיביה עם צ'יה ותות 150 גרם,שטראוס גרופ בעמ/מצונן,,אקטיביה עם צ'יה ותות,גרמים,150.00,100 גרם,false,,4.60,0.0307,true,1,80231
7290112341679,false,אקטיביה יוגורט 3% דנונה (200 גרם),שטראוס גרופ בעמ/מצונן,,אקטיביה 3%,גרמים,200.00,100 גרם,false,,3.80,0.0190,true,1,80006
7290112341686,false,שמינייה יוגורט לבן אקטיביה 3% דנונה 150 גרם.,שטראוס גרופ בעמ/מצונן,,מארז אקטיביה 3%,גרמים,1200.00,100 גרם,false,,19.90,0.0166,true,1,80007
7290112342102,false,סימפוניה גבינה במרקם שמנת בצל מקורמל 5%,שטראוס גרופ בעמ/מצונן,,סימפוניה בצל מקורמל,גרמים,200.00,100 גרם,false,,11.20,0.0560,true,1,81422
7290112343260,false,"יטבתה רוטב שמנת קלאסי 9% שומן 260 מ""ל",שטראוס גרופ בעמ/מצונן,,רוטב שמנת קלאסי 260,גרמים,260.00,100 גרם,false,,10.50,0.0404,true,1,81125
7290112343420,false,"משקה חלב עם דגנים מלאים ובננה פרו יטבתה 350מ""ל",שטראוס גרופ בעמ/מצונן,,יטבתה פרו ארוחת בוקר,מיליליטרים,350.00,"100 מ""ל",false,,7.40,0.0211,true,1,81122
7290112343499,false,חטיף צ'יטוס פאפס אפוי בטעם גבינה,"שטראוס פריטו ליי בע""\מ )",,צ'יטוס 55 גר' puffs,גרמים,55.00,100 גרם,false,,3.40,0.0618,true,1,117356
7290112343512,false,צ'יטוס puffs בטעם גבינה 180 גרם,"שטראוס פריטו ליי בע""\מ )",,צ'יטוס 160 גר' puffs,גרמים,160.00,100 גרם,false,,7.90,0.0494,true,1,117357
7290112344564,false,רביולי גבינה קלאסי שטראוס 400 ג',שטראוס גרופ בעמ/מצונן,,רביולי גבינה 400 גר',גרמים,400.00,100 גרם,false,,19.90,0.0497,true,1,80264
7290112344724,false,מילקי בטעם שוקולד בלונדי עם קצפת 133גר,שטראוס גרופ בעמ/מצונן,,מילקי בטעם שוקולד בל,גרמים,133.00,100 גרם,false,,3.30,0.0248,true,1,81113
7290112344755,false,מילקי עם 26% פחות סוכר 135 גר}שטראוס{,שטראוס גרופ בעמ/מצונן,,מילקי מופחת סוכר,גרמים,135.00,100 גרם,false,,2.80,0.0207,false,1,86714
7290112344786,false,קפה פלטינום קלאסיק עלית 200 גרם,הנסיך- מפעל לייצור ט,,פלטינום קלאסיק 200 ג,גרמים,200.00,100 גרם,false,,24.90,0.1245,false,1,82068
7290112344953,false,סימפוניה חציל קלוי גבינה במקרם שמנת 5%,שטראוס גרופ בעמ/מצונן,,סימפוניה חציל קלוי,גרמים,200.00,100 גרם,false,,11.20,0.0560,true,1,87613
7290112346360,false,בפלות אחת אחת ופל בטעם שוקולד מצופה שוקולד,הגביע מוצרי וופלים ב,,בפלות אחת אחת בציפוי,גרמים,180.00,100 גרם,false,,13.90,0.0772,true,1,82112
7290112346537,false,עוגיות פינוקיות בטעם טורטית 200 ג' עלית,"הגביע מוצרי ופלים בע""\מ",,פינוקיות בטעם טורטית,גרמים,200.00,100 גרם,false,,11.50,0.0575,true,1,81111
7290112346629,false,דנונה בר יוגורט+קורנפלקס מצופה שוקולד חלב ולבן 172 גרם,שטראוס גרופ בעמ/מצונן,,דנונה קראנצ עם קורנפ,גרמים,172.00,100 גרם,false,,4.60,0.0267,false,1,83767
7290112346773,false,יוגורט בטעם וניל 0% לייט אנד פרי 10 גרם חלבון בגביע,שטראוס גרופ בעמ/מצונן,,דנונה לייט אנד פריי,גרמים,150.00,100 גרם,false,,4.60,0.0307,true,1,87353
7290112346797,false,יוגורט אקטיביה שיבולת שועל ושזיף 150 גרם,שטראוס גרופ בעמ/מצונן,,אקטיביה שיבולת שועל,גרמים,150.00,100 גרם,false,,4.60,0.0307,true,1,82849
7290112346827,false,שמיניית אקטימל ויטמין C פטל 108 גרם,שטראוס גרופ בעמ/מצונן,,אקטימל ויטמין סי פטל,גרמים,864.00,100 גרם,false,,21.10,0.0244,false,1,86126
7290112347008,false,גמדים לדרך גבינה לבנה עם מחית תות ושיבולת שועל,שטראוס גרופ בעמ/מצונן,,גמדים ארוחת בוקר תות,גרמים,100.00,100 גרם,false,,5.70,0.0570,true,1,81116
7290112348616,false,עלית - קפה נמס אגוזי לוז 100 גרם,שטראוס קפה בי.וי,,קפה נמס אגוזי לוז,גרמים,100.00,100 גרם,false,,15.90,0.1590,false,1,85665
7290112348999,false,הפריכיות הטעימות תירס דקות אנרג'י 135 גרם,שטראוס גרופ בע`מ,,פריכיות טעימות תירס,גרמים,135.00,100 גרם,false,,12.90,0.0956,true,1,86726
7290112349316,false,מסטיק בזוקה פופים ממולא בטעם תות ללא סוכר,שטראוס גרופ בע`מ,,בזוקה בטעם תות,גרמים,86.00,100 גרם,false,,14.90,0.1733,true,1,82843
7290112349606,false,מעדן גבינה ויוגורט תות בננה 88 ג' דניאלה,שטראוס גרופ בעמ/מצונן,,דניאלה תות בננה,גרמים,88.00,100 גרם,false,,4.10,0.0466,true,1,118585
7290112349705,false,פומודורו רוטב עגבניות קלאסי לפסטה יד מרדכי 350 גרם,אמיליאנה קונסרב סוסייטה,,פומודורו רוטב עגבניו,גרמים,350.00,100 גרם,false,,11.90,0.0340,true,1,81499
7290112349736,false,בזיליקום רוטב עגבניות לפסטה יד מרדכי 350 גרם,אמיליאנה קונסרב סוסייטה,,בזיליקום רוטב עגבניו,גרמים,350.00,100 גרם,false,,11.90,0.0340,true,1,81500
7290112349750,false,פיצה רוטב עגבניות לפיצה יד מרדכי 350 גרם,אמיליאנה קונסרב סוסייטה,,רוטב עגבניות לפיצה,גרמים,350.00,100 גרם,false,,11.90,0.0340,true,1,81502
7290112349897,false,מסטיק מאסט Must קוביות בטעם מנטה ללא סוכר,שטראוס גרופ בע`מ,,מאסט קוביות מנטה,גרמים,86.00,100 גרם,false,,14.90,0.1733,true,1,82937
7290112350275,false,קפסולות LUNGO למכונת נספרסו עלית 10 יחידות,שטראוס קפה בי.וי,,קפסולות LUNGO למכונת,גרמים,55.00,100 גרם,false,,16.90,0.3073,false,1,82127
7290112350312,false,קפסולות 15 קפה יותר למכונות נספרסו עלית 10יח',הנסיך- מפעל לייצור ט,,קפסולות 15 למכונות נ,גרמים,50.00,100 גרם,false,,16.90,0.3380,false,1,84825
7290112350589,false,צ`יקו להכנת משקה צ`יקוריה עלית (65 גרם),שטראוס קפה בי.וי,,אבקת צ'יקו 65 גר,גרמים,65.00,100 גרם,false,,11.50,0.1769,false,1,85238
7290112351067,false,סילאן טבעי 100% תמר מג'הול ללא תוספת סוכר,שטראוס גרופ בע`מ,,סילאן טבעי לחיץ 630,גרמים,630.00,100 גרם,false,,25.90,0.0411,true,1,82938
7290112351104,false,שוקולד פרה ממולא פיצפוצי אורז 100 ג' עלית,"שטראוס גרופ בע""\מ",,שוקולד פרה פיצפוצי א,גרמים,100.00,100 גרם,false,,6.00,0.0600,false,1,83257
7290112351128,false,שוקולד פרה סוכריות קופצות וועסטהייים,"שטראוס גרופ בע""\מ",,שוקולד פרה סוכריות ק,גרמים,90.00,100 גרם,false,,6.00,0.0667,true,1,84301
7290112351258,false,עוגיית קקאו פינוקיות שחור לבן 200 גר,"הגביע מוצרי ופלים בע""\מ",,פינוקיות שחור לבן,גרמים,200.00,100 גרם,false,,11.50,0.0575,true,1,84823
7290112351463,false,שלישיית סוכריות מאסט FRESH פטל לימון 45 ג' עלית,"הליקון גידה בע""\מ",,סוכריות FRESH פטל לי,גרמים,45.00,100 גרם,false,,9.50,0.2111,true,1,83917
7290112351470,false,סוכריות ללא סוכר בטעם תות רימון מאסט פרש,"הליקון גידה בע""\מ",,סוכריות FRESH בטעם ר,גרמים,45.00,100 גרם,false,,9.50,0.2111,true,1,83918
7290112351524,false,עלי סלנובה 200 גר' שטראוס טעם הטבע,שטראוס בריאות ירקות טריי,,עלי סלנובה 200 גר ש,גרמים,200.00,100 גרם,false,,10.90,0.0545,true,1,84802
7290112353887,false,"משקה קפה קר בטעם אגוזים יטבתה 230 מ""ל",האי נאם סי או אל.טי.,,משקה קפה קר בטעם אגו,מיליליטרים,230.00,"100 מ""ל",false,,7.50,0.0326,true,1,84298
7290112354174,false,"פסטה רוזה 280 ג""ר ""דלישס"" שטראוס",קפוא-זן תעשיות מזון בעמ - תפוג,,פסטה רוזה דלישס,גרמים,280.00,100 גרם,false,,19.90,0.0711,true,1,117534
7290112354204,false,"ספגטי עגבניות 280 גר' ""דלישס"" שטראוס",קפוא-זן תעשיות מזון בעמ - תפוג,,ספגטי עגבניות דלישס,גרמים,280.00,100 גרם,false,,19.90,0.0711,true,1,117536
7290112354242,false,"קונוס פיצה ""דלישס"" שטראוס",קפוא זן תעשיות מזון בעמ,,קונוס פיצה דלישס,גרמים,280.00,100 גרם,false,,22.90,0.0818,true,1,117348
7290112354945,false,תפוצ'יפס WAVY בטעם טבעי 50 גרם,שטראוס פריטו ליי בע”,,תפוצ'יפס בטעם טבעי 5,גרמים,50.00,100 גרם,false,,3.90,0.0780,false,1,122166
7290112354952,false,תפוצ`יפס פפריקה (50 גרם)היתר מכירה,שטראוס פריטו ליי בע”,,תפוצ'יפס בטעם פפריקה,גרמים,50.00,100 גרם,false,,3.90,0.0780,false,1,122165
7290112354969,false,תפוצ'יפס בטעם טבעי 200 גרם היתר מכירה,שטראוס פריטו ליי בע”,,תפוצ'יפס טבעי 200 גר,גרמים,200.00,100 גרם,false,,10.90,0.0545,false,1,122167
7290112355027,false,דנונה פרו 20 גרם חלבון בטעם קרמל מלוח 200 גרם,שטראוס גרופ בעמ/מצונן,,דנונה פרו 20 גר קרמל,גרמים,200.00,100 גרם,false,,5.90,0.0295,false,1,86716
7290112355102,false,גמדים סקוויז 100 גרם פאוץ סלט פירות 100 גרם,שטראוס גרופ בעמ/מצונן,,גמדים פאו'ץ סלט פירו,גרמים,100.00,100 גרם,false,,5.70,0.0570,true,1,87395
7290112355386,false,יטבתה רוטב שמנת בטעם קרמל מלוח יטבתה 260 גרם,שטראוס גרופ בעמ/מצונן,,רוטב שמנת בטעם קרמל,מיליליטרים,260.00,"100 מ""ל",false,,10.50,0.0404,true,1,120050
7290112355393,false,"יטבתה רוטב שמנת+בטטה 9% שומן 250 מ""ל",שטראוס גרופ בעמ/מצונן,,רוטב שמנת עם בטטה,מיליליטרים,257.00,"100 מ""ל",false,,10.50,0.0409,true,1,122104
7290112355775,false,גבינת סימפוניה עם עירית 200 גרם,שטראוס גרופ בעמ/מצונן,,סימפוניה עירית 5%,גרמים,200.00,100 גרם,false,,11.20,0.0560,false,1,121166
7290112357045,false,עגבניות איטלקיות מרוסקות 390 גר' בקופסה טעם הטבע,"שטראוס גרופ בע""מ",,עגבניות איטלקיות מרו,גרמים,390.00,100 גרם,false,,6.50,0.0167,true,1,83459
7290112357069,false,מחית עגבניות איטלקיות בקופסה 500 גר' טעם הטבע,שטראוס גרופ בע`מ,,מחית עגבניות איטלקיו,גרמים,500.00,100 גרם,false,,6.90,0.0138,true,1,83460
7290112357076,false,קוביות עגבניות איטלקיות 390 גר' בקופסה טעם הטבע,"שטראוס גרופ בע""מ",,קוביות עגבניות איטלק,גרמים,390.00,100 גרם,false,,6.50,0.0167,true,1,84826
7290112357083,false,טעם הטבע אפונה ירוקה 380 גרם קופסה,הדקלאים אגודת שיתופי,,אפונת גינה טעם הטבע,גרמים,250.00,100 גרם,false,,6.50,0.0260,true,1,83456
7290112357106,false,שעועית אדומה 380 גר' בקופסה טעם הטבע,שטראוס גרופ בע`מ,,שעועית אדומה טעם הטב,גרמים,230.00,100 גרם,false,,6.50,0.0283,true,1,83461
7290112357113,false,גרגרי חומוס בקופסה 380 גר' טעם הטבע,שטראוס גרופ בע`מ,,גרגרי חומוס טעם הטבע,גרמים,230.00,100 גרם,false,,6.50,0.0283,true,1,83457
7290112357175,false,קפסולות BOOST למכונת נספרסו עלית 10 יחידות,שטראוס קפה בי.וי,,קפסולות BOOST למכונת,גרמים,50.00,100 גרם,false,,16.90,0.3380,false,1,82128
7290112357892,false,שלישיית סוכריות מאסט FRESH מנטה 45 גרם,"הליקון גידה בע""\מ",,סוכריות FRESH מנטה,גרמים,45.00,100 גרם,false,,9.50,0.2111,true,1,83919
7290112358004,false,פסק זמן חטיף קראנץ עלית( 32 גר`),שולן צ'\יקולטה גידה סאן.,,פסק זמן קראנץ',גרמים,32.00,100 גרם,false,,5.00,0.1563,false,1,86127
7290112358127,false,דנונה פרו חלבון+מגנזיום- וניל ועוגיות 200 גרם,שטראוס גרופ בעמ/מצונן,,דנונה פרו עם מגנזיום,גרמים,200.00,100 גרם,false,,6.20,0.0310,false,1,86206
7290112358219,false,רוטב צ`ילי מתוק יד מרדכי (300 גר`),אף.סי תבליני בגליל ב,,רוטב צ'ילי מתוק 300,גרמים,300.00,100 גרם,false,,13.90,0.0463,true,1,84308
7290112358233,false,רוטב צ`ילי חריף יד מרדכי (300 גר`),שטראוס גרופ בע`מ,,רוטב צילי חריף,גרמים,300.00,100 גרם,false,,13.90,0.0463,true,1,84827
7290112358240,false,רוטב גריל יד מרדכי 300 גרם,שטראוס גרופ בע`מ,,רוטב גריל,גרמים,300.00,100 גרם,false,,13.90,0.0463,true,1,83262
7290112358257,false,רוטב לעוף עם שזיפים יד מרדכי 300 גרם,שטראוס גרופ בע`מ,,רוטב לעוף עם שזיפים,גרמים,300.00,100 גרם,false,,13.90,0.0463,true,1,83263
7290112358431,false,עד חצות דאבל ביסקוויט עם שוקולד חלב -8 אריזות אישיות,ביסקוויטס טור ד'\אלבון,,עד חצות דאבל 200 גרם,גרמים,200.00,100 גרם,false,,13.90,0.0695,false,1,88683
7290112358554,false,מארז קפה נמס מנות אישיות לדרך 50.4 גר,שטראוס גרופ בע`מ,,מארז נמס לדרך,גרמים,50.00,100 גרם,false,,11.50,0.2300,false,1,84848
7290112358561,false,קפה נמס פלטינום קלאסי 47 ג' עלית,שטראוס גרופ בע`מ,,קפה פלטינום קלאסיק,גרמים,47.00,100 גרם,false,,6.90,0.1468,true,1,118286
7290112359353,false,קפה טורקי אלדין ( 200 גר`) עלית,שטראוס קפה בי.וי,,קפה טורקי אלדין 200,גרמים,200.00,100 גרם,false,,18.90,0.0945,false,1,120890
7290112359384,false,עלית - קפה נמס אלפחורס ריבת חלב 100 גרם,שטראוס קפה בי.וי,,קפה נמס אלפחורס ריבת,גרמים,100.00,100 גרם,false,,15.90,0.1590,false,1,85667
7290112359902,false,"קפה פלטינום ברזיל עלית, 47 גרם",שטראוס גרופ בע`מ,,קפה פלטינום ברזיל 47,גרמים,47.00,100 גרם,false,,6.90,0.1468,true,1,118545
7290112490117,false,קליק אקסטרא לארג שוקולד חלב עם וופל ואגוזים,יוניליוור ישראל שיווק בע`מ,,קליק טבלה וופל ואגוז,גרמים,85.00,100 גרם,false,,7.00,0.0824,false,1,74791
7290112490209,false,נמס בכוס מרק עגבניות עם קרוטונים רכיבים טבעיים,יוניליוור ישראל שיווק בע`מ,,נמס בכוס עגבניות קרו,גרמים,56.00,100 גרם,false,,7.00,0.1250,true,1,74683
7290112490230,false,מרק נמס בכוס אפונה קנור 100% רכיבים טבעיים,יוניליוור ישראל שיווק בע`מ,,נמס בכוס אפונה רכיבי,גרמים,50.00,100 גרם,false,,7.00,0.1400,true,1,74685
7290112490582,false,חרדל דיג'וןן צרפתי הלמנס 350 גר,יוניליוור ישראל שיווק בע`מ,,חרדל דיז'ון צרפתי,גרמים,350.00,100 גרם,false,,13.90,0.0397,true,1,74706
7290112490599,false,חרדל צרפתי עם גרגירים שלמים הלמנס 350 גר,יוניליוור ישראל שיווק בע`מ,,חרדל צרפתי עם גרגירי,גרמים,350.00,100 גרם,false,,13.90,0.0397,true,1,74707
7290112490698,false,קונפיטורה תות שדה לייט 300 גרם-צנצנת,יוניליוור ישראל שיווק בע`מ,,קונפיטורת תות לייט 7,גרמים,260.00,100 גרם,false,,15.90,0.0612,true,1,76309
7290112490728,false,מרק עשיר ירקות עם בורגול רכיבים טבעיים 95 ג' קנור,יוניליוור ישראל שיווק בע`מ,,מרק היום ירקות בורגו,גרמים,95.00,100 גרם,false,,12.90,0.1358,true,1,75518
7290112490735,false,מרק עשיר עגבניות עם פסטה ר.טבעיים 105 גרם קנור,יוניליוור ישראל שיווק בע`מ,,מרק היום עגבניות ופס,גרמים,105.00,100 גרם,false,,12.90,0.1229,true,1,75483
7290112490742,false,מרק עשיר פטריות עם גריסים רכיבים טבעיים 104 ג' קנור,יוניליוור ישראל שיווק בע`מ,,מרק עשיר פטריות גריס,גרמים,104.00,100 גרם,false,,12.90,0.1240,true,1,75175
7290112490759,false,מרק עשיר עוף עם אטריות רכיבים טבעיים 74 ג' קנור,יוניליוור ישראל שיווק בע`מ,,מרק היום עוף אטריות,גרמים,74.00,100 גרם,false,,12.90,0.1743,true,1,75484
7290112490827,false,תרסיס ריחני למייבש הכביסה בדין בייבי 500,יוניליוור ישראל שיווק בע`מ,,בדין תרסיס למייבש בי,מיליליטרים,500.00,"100 מ""ל",false,,19.00,0.0380,true,1,75149
7290112490896,false,"קנור רוטב צ'ילי חריף 370 מ""ל PAL",יוניליוור ישראל שיווק בע`מ,,רוטב צ'ילי חריף קנור,גרמים,370.00,100 גרם,false,,12.90,0.0349,true,1,75956
7290112491497,false,"מרק פטריות פרווה 400גרם כשל""פ",יוניליוור ישראל שיווק בעמ,,מרק פטריות 400 גר' ק,גרמים,400.00,100 גרם,false,,16.90,0.0422,true,1,82381
7290112491695,false,קונפיטורה משמש לייט 50%778פרי 260 גר',יוניליוור ישראל שיווק בע`מ,,קונפיטורה משמש לייט,גרמים,260.00,100 גרם,false,,15.90,0.0612,true,1,89121
7290112491701,false,ברנפלקס בטעם וניל מעודן 20% חלבון Extra Protein,יוניליוור ישראל שיווק בע`מ,,ברנפלקס אקסטרה פייבר,גרמים,375.00,100 גרם,false,,21.90,0.0584,false,1,77686
7290112491770,false,בייגלה דקים דקים מלח ים בייגל בייגל 300 גרם.,יוניליוור ישראל שיווק בע`מ,,בייגלה דקים דקים מלח,גרמים,300.00,100 גרם,false,,8.90,0.0297,true,1,76426
7290112491787,false,בייגלה דקים דקים עם שומשום בייגל בייגל 300 גרם,יוניליוור ישראל שיווק בע`מ,,בייגלה דקים דקים שומ,גרמים,300.00,100 גרם,false,,8.90,0.0297,true,1,76427
7290112491794,false,בייגלה דקים דקים בטעם שמנת ובצל בייגל בייגל 300 גרם,יוניליוור ישראל שיווק בע`מ,,בייגלה דקים דקים שמנ,גרמים,300.00,100 גרם,false,,8.90,0.0297,true,1,76428
7290112492449,false,פינוק שמפו שיער רגיל 700 מל-חדש,"יוניליוור ישראל שיווק בע""מ",,פינוק שמפו לשיער רגי,מיליליטרים,700.00,"100 מ""ל",false,,11.90,0.0170,false,1,83116
7290112492456,false,"שמפו פינוק לשיער יבש/פגום 700 מ""ל",יוניליוור ישראל שיווק בע`מ,,פינוק שמפו שיער יבש,מיליליטרים,700.00,"100 מ""ל",false,,11.90,0.0170,false,1,83118
7290112492463,false,"שמפו ומרכך 2 ב-1 לשיער רגיל פינוק 700 מ""ל.",יוניליוור ישראל שיווק בע`מ,,שמפו פינוק 2-ב-1 רגי,מיליליטרים,700.00,"100 מ""ל",false,,11.90,0.0170,false,1,83802
7290112492470,false,"שמפו ומרכך 2 ב-1 לשיער יבש פינוק 700 מ""ל.",יוניליוור ישראל שיווק בע`מ,,פינוק 2-ב-1 יבש 700,מיליליטרים,700.00,"100 מ""ל",false,,11.90,0.0170,false,1,87241
7290112492500,false,פינוק שמפו לשיער עם שמן קוקוס 700 מל,יוניליוור ישראל שיווק בע`מ,,שמפו פינוק שמן קוקוס,מיליליטרים,700.00,"100 מ""ל",false,,11.90,0.0170,false,1,83132
7290112492531,false,"פינוק קונדישנר לשיער רגיל 700מ""ל",יוניליוור ישראל שיווק בע`מ,,פינוק מרכך לשיער רגי,מיליליטרים,700.00,"100 מ""ל",false,,11.90,0.0170,false,1,80880
7290112492593,false,תחליב רחצה פינוק בניחוח פינוק קלאסי 700,יוניליוור ישראל שיווק בע`מ,,פינוק תחליב רחצה קלא,מיליליטרים,700.00,"100 מ""ל",false,,11.90,0.0170,false,1,80874
7290112492609,false,"תחליב רחצה פינוק 700 מ""ל לבנדר ווניל",יוניליוור ישראל שיווק בע`מ,,פינוק תחליב רחצה לבנ,מיליליטרים,700.00,"100 מ""ל",false,,11.90,0.0170,false,1,80875
7290112492630,false,"שמפו ג'ל רחצה וסבון פנים 3 ב-1 לגבר פינוק 700 מ""ל",יוניליוור ישראל שיווק בע`מ,,פינוק 3 ב-1 לגבר 700,מיליליטרים,700.00,"100 מ""ל",false,,11.90,0.0170,false,1,80885
7290112492753,false,"פינוק לילדים אל סבון לרחצה 700 מ""ל",יוניליוור ישראל שיווק בע`מ,,פינוק אל סבון לילדים,מיליליטרים,700.00,"100 מ""ל",false,,12.90,0.0184,true,1,84393
7290112492982,false,"אבקת מרק פטריות כשל""פ 100% רכיבים טבעיים 400 גרם",יוניליוור ישראל שיווק בע`מ,,קנור מרק פטריות רכיב,גרמים,400.00,100 גרם,false,,19.90,0.0497,false,1,80848
7290112492999,false,קנור מרק עוף אמיתי 400 גרם פרווה,יוניליוור ישראל שיווק בע`מ,,מרק טעם עוף קנור 400,גרמים,400.00,100 גרם,false,,13.90,0.0348,false,1,80849
7290112493064,false,"רוטב שזיפים להקפצה, לבישול ולאפיה",יוניליוור ישראל שיווק בע`מ,,קנור רוטב שזיפים 320,גרמים,320.00,100 גרם,false,,14.90,0.0466,true,1,80846
7290112493088,false,נמס בכוס עדשים מרק רכיבים טבעיים קנור 54 ג',יוניליוור ישראל שיווק בע`מ,,קנור מרק נמס בכוס עד,גרמים,54.00,100 גרם,false,,7.00,0.1296,false,1,79705
7290112493095,false,נמס בכוס מרק עגבניות חריף רכיבים טבעיים קנור 48 ג',יוניליוור ישראל שיווק בע`מ,,קנור מרק נמס בכוס עג,גרמים,85.00,100 גרם,false,,7.00,0.0824,false,1,79345
7290112493293,false,קנור - נמס ירקות וקרוטונים ר.טבעי 44 גרם,יוניליוור ישראל שיווק בע`מ,,קנור מרק נמס בכוס יר,גרמים,0.00,100 גרם,false,,7.00,0.0000,false,1,79346
7290112493316,false,מרק היום אפונה 100% רכיבים טביעיים קנור,יוניליוור ישראל שיווק בע`מ,,מרק היום אפונה 100%,גרמים,117.00,100 גרם,false,,12.90,0.1103,true,1,79704
7290112493927,false,גלידה בטעם ריבת חלב 1.33ל' קרמיסימו,"גלידת שטראוס בע""\מ, רחוב",,גלידה קרמיסימו ריבת,ליטרים,1.33,ליטר,false,,24.90,18.7218,false,1,80890
7290112493934,false,קרמיסימו מעדן קפוא טעם וניל צרפתי,"גלידת שטראוס בע""\מ, רחוב",,גלידה קרמיסימו וניל,ליטרים,1.33,ליטר,false,,24.90,18.7218,false,1,80891
7290112493965,false,קרמיסימו חלבית בטעם מסטיק וניל 665 גר,"גלידת שטראוס בע""\מ, רחוב",,גלידה קרמיסימו מסטיג,ליטרים,1.33,ליטר,false,,24.90,18.7218,false,1,80892
7290112494153,false,תיבוליות ניחוח צלי קנור( 72 גרם),יוניליוור ישראל שיווק בע`מ,,קנור תיבולית בניחוח,גרמים,72.00,100 גרם,false,,10.00,0.1389,true,1,81573
7290112494276,false,קליק כריות בתפזורת כשר לפסח,יוניליוור ישראל שיווק בע`מ,,קליק כריות,גרמים,65.00,100 גרם,false,,7.00,0.1077,false,1,80567
7290112494283,false,חטיף כדורים מעורב חום לבו 65 גר`קליק,יוניליוור ישראל שיווק בע`מ,,קליק חום לבן,גרמים,65.00,100 גרם,false,,7.00,0.1077,false,1,80568
7290112494313,false,קליק - קורנפלקס תפזורת 65 גרם,יוניליוור ישראל שיווק בע`מ,,קליק קורנפלקס,גרמים,65.00,100 גרם,false,,7.00,0.1077,false,1,80570
7290112494344,false,קורנפלקס של אלופים תלמה (850 גרם)רבנות,יוניליוור ישראל שיווק בע`מ,,קורנפלקס אלופים 850,גרמים,850.00,100 גרם,false,,18.90,0.0222,false,1,82342
7290112494382,false,פירה בטעם ביתי 260 גרם-קופסא,יוניליוור ישראל שיווק בע`מ,,קנור פירה ביתי 260 ג,גרמים,260.00,100 גרם,false,,13.90,0.0535,true,1,81083
7290112494566,false,דומסטוס ג'ל לניקוי ולחיטוי אסלות עם אקונומיקה מרוכזת בניחוח רענן,יוניליוור,,דומסטוס ג'ל אסלה פרש,מיליליטרים,750.00,"100 מ""ל",false,,8.90,0.0119,true,1,79368
7290112494580,false,דומסטוס ג'ל לניקוי וחיטוי אסלות עם אקונומיקה בניחוח פרחים,יוניליוור ישראל שיווק בע`מ,,דומסטוס ג'ל אסלה פרח,מיליליטרים,750.00,"100 מ""ל",false,,8.90,0.0119,true,1,79370
7290112494610,false,קנור רוטב עגבניות פיקנטי לדג 415 גרם,יוניליוור ישראל שיווק בע`מ,,קנור רוטב פיקנטי לדג,גרמים,415.00,100 גרם,false,,11.90,0.0287,true,1,80997
7290112494801,false,בדין-ג'ל לכביסה לבנה וצבעונית בניחוח עדין ורוד 2.5 ליטר,יוניליוור ישראל שיווק בע`מ,,בדין ג'ל לכביסה וורו,ליטרים,2.50,ליטר,false,,29.90,11.9600,true,1,80677
7290112494825,false,תרחיץ פנים לעור רגיש מכיל 25% קרם לחות,יוניליוור ישראל שיווק בע`מ,,דאב תרחיץ פנים לעור,מיליליטרים,180.00,"100 מ""ל",false,,12.90,0.0717,true,1,86441
7290112494993,false,כריות דגנים במילוי וניל בדצ 686 גרם,יוניליוור ישראל שיווק בע`מ,,כריות וניל תלמה 686,גרמים,686.00,100 גרם,false,,24.90,0.0363,false,1,80550
7290112495006,false,כריות דגנים במילוי נוגט בדצ 686 גרם,יוניליוור ישראל שיווק בע`מ,,כריות נוגט תלמה 686,גרמים,686.00,100 גרם,false,,26.90,0.0392,false,1,80552
7290112495037,false,דגני בוקר בטעם שוקולד כדורים 375 ג' קוקומן,יוניליוור ישראל שיווק בע`מ,,קוקומן כדורים תלמה ב,גרמים,375.00,100 גרם,false,,19.90,0.0531,false,1,80660
7290112495044,false,דגני קוקומן פצפוצים תלמה (375 גרם),יוניליוור ישראל שיווק בע`מ,,קוקומן פצפוצים תלמה,גרמים,375.00,100 גרם,false,,19.90,0.0531,false,1,80659
7290112495105,false,נשנושים טעם שמנת בצל בייגל בייגל 260 גרם,יוניליוור ישראל שיווק בע`מ,,נשנושים שמנת בצל,גרמים,260.00,100 גרם,false,,13.50,0.0519,false,1,80560
7290112495112,false,נשנושים טעם זעתר בייגל בייגל 260 גרם,יוניליוור ישראל שיווק בע`מ,,נשנושים זעתר,גרמים,260.00,100 גרם,false,,13.50,0.0519,false,1,80561
7290112495143,false,נשנושי קרקר קוקטייל מלוח בייגל בייגל 300 גרם,יוניליוור ישראל שיווק בע`מ,,נשנושי קרקר קוקטייל,גרמים,300.00,100 גרם,false,,14.90,0.0497,true,1,80555
7290112495150,false,נשנושי קרקר עיגולים מלח בייגל בייגל 300 גרם,יוניליוור ישראל שיווק בע`מ,,נשנושי קרקר עיגולים,גרמים,300.00,100 גרם,false,,14.90,0.0497,true,1,80556
7290112495174,false,נשנושי קרקר קוקטייל שומשום בייגל בייגל 300 גרם,יוניליוור ישראל שיווק בע`מ,,נשנושי קרקר קוקטייל,גרמים,300.00,100 גרם,false,,14.90,0.0497,true,1,80558
7290112495280,false,ברנפלקס ריבועי קינמון תלמה (400 גרם),יוניליוור ישראל שיווק בע`מ,,ברנפלקס ריבועי קינמו,גרמים,400.00,100 גרם,false,,19.90,0.0497,false,1,82277
7290112495433,false,דגני דליפקאן תוספת אגוזי פקאן ושקדים 400 גר,יוניליוור ישראל שיווק בע`מ,,דליפקאן 400 גר' תלמה,גרמים,400.00,100 גרם,false,,19.90,0.0497,false,1,79700
7290112495594,false,בייגלה שמיניות גדולות ללא מלח בייגל בייגל 400 גרם,יוניליוור ישראל שיווק בע`מ,,בייגלה שמיניות גדולו,גרמים,400.00,100 גרם,false,,13.90,0.0348,true,1,80847
7290112495662,false,קרקר חיטה מלאה ופשתן בייגל בייגל 300 גרם,יוניליוור ישראל שיווק בע`מ,,קרקר חיטה מלאה עם פש,גרמים,300.00,100 גרם,false,,9.90,0.0330,true,1,83863
7290112495686,false,"קרקר שומשום בייגל בייגל 220 גרם בד""צ",יוניליוור ישראל שיווק בע`מ,,קרקר שומשום 220 גר',גרמים,220.00,100 גרם,false,,9.90,0.0450,true,1,83123
7290112495754,false,רוטב לסלט אלף האיים הלמנס (305 מל),יוניליוור ישראל שיווק בע`מ,,הלמנס לסלט אלף האיים,גרמים,305.00,100 גרם,false,,12.90,0.0423,false,1,82279
7290112495761,false,רוטב לסלט אלף האיים לייט הלמנס (305 מל),יוניליוור ישראל שיווק בע`מ,,רוטב אלף האיים לייט,גרמים,305.00,100 גרם,false,,12.90,0.0423,true,1,81846
7290112495785,false,רוטב לסלט שום (300 גרם)הלמנס,יוניליוור ישראל שיווק בע`מ,,רוטב שום לסלט הלמנס,גרמים,300.00,100 גרם,false,,12.90,0.0430,true,1,81847
7290112495792,false,רוטב הלמנס שום לייט לסלט 305גר כשלפ,יוניליוור ישראל שיווק בע`מ,,רוטב שום לייט לסלט ה,גרמים,300.00,100 גרם,false,,12.90,0.0430,true,1,81848
7290112495808,false,רוטב לסלט חרדל ודבש הלמנס (305 מל),יוניליוור ישראל שיווק בע`מ,,הלמנס רוטב לסלט חרדל,גרמים,305.00,100 גרם,false,,12.90,0.0423,true,1,82813
7290112495822,false,כריות BLACK בטעם שוקולד וניל תלמה 686 גרם,יוניליוור ישראל שיווק בע`מ,,כריות בלאק 686 גר',גרמים,686.00,100 גרם,false,,24.90,0.0363,false,1,80850
7290112496027,false,"סירופ שוקולד לחיץ 580 מ""ל כשל""פ אפיכל",יוניליוור ישראל שיווק בע`מ,,אפיכל סירופ שוקולד 5,גרמים,580.00,100 גרם,false,,12.90,0.0222,true,1,82387
7290112496034,false,"סירופ מייפל לחיץ 580 מ""ל כשל""פ אפיכל",יוניליוור ישראל שיווק בע`מ,,סירופ מייפל 580 גר',גרמים,580.00,100 גרם,false,,12.90,0.0222,true,1,83112
7290112496270,false,"פתית צ'יפס תפו""א בתוספת עגבניות ועשבי תיבול 22 גרם",יוניליוור ישראל שיווק בע`מ,,"פתית צ'יפס תפו""א עם",גרמים,22.00,100 גרם,false,,4.90,0.2227,true,1,84182
7290112496287,false,פתית - צ'יפס בטטה בטעם טבעי 21 גרם,יוניליוור ישראל שיווק בע`מ,,פתית צ'יפס בטטה בטעם,גרמים,21.00,100 גרם,false,,4.90,0.2333,true,1,84183
7290112496294,false,חטיף פתית צ'יפס עם אפונה ירוקה צהובה וצ'ילי,יוניליוור ישראל שיווק בע`מ,,פתית צ'יפס עם אפונה,גרמים,22.00,100 גרם,false,,4.90,0.2227,true,1,84184
7290112496331,false,קורנפלקס בננה תלמה אלופים 448 גרם,"יוניליוור ישראל שיווק בע""מ",,קורנפלקס בננה 448 גר,גרמים,448.00,100 גרם,false,,19.90,0.0444,false,1,89208
7290112496430,false,קנור נמס בכוס אקסטרה עגבניות+איטריות 37 גרם - רבנות,יוניליוור ישראל שיווק בע`מ,,נמס בכוס אקסטרה עגבנ,גרמים,37.00,100 גרם,false,,4.50,0.1216,false,1,119032
7290112496447,false,נמס בכוס אקסטרה טעם עוף עם המון אטריות 27ג',יוניליוור ישראל שיווק בע`מ,,נמס בכוס אקסטרה טעם,גרמים,27.00,100 גרם,false,,4.50,0.1667,false,1,119033
7290112496461,false,נמס בכוס אקסטרה מרק ירקות עם המון אטריות,יוניליוור ישראל שיווק בע`מ,,נמס בכוס אקסטרה ירקו,גרמים,32.00,100 גרם,false,,4.50,0.1406,false,1,119034
7290112497000,false,פנטסטיק תרכיז ניקוי רב תכליתי בניחוח לימון,יוניליוור ישראל שיווק בע`מ,,סיף ניקוי כללי לימון,ליטרים,1.00,ליטר,false,,9.90,9.9000,true,1,83449
7290112497031,false,קנור רוטב עגבניות לקציצות 415 גרם,יוניליוור ישראל שיווק בע`מ,,רוטב עגבניות לקציצות,גרמים,415.00,100 גרם,false,,11.90,0.0287,true,1,89211
7290112497123,false,סחלב תערובת להכנת מעדן בטעם סחלב 112גרם,יוניליוור ישראל שיווק בע`מ,,סחלב קנור 112 גר',גרמים,112.00,100 גרם,false,,13.50,0.1205,true,1,86640
7290112497499,false,קליק אקסטרא לארג שוקולד לבן עוגיות 85 גרם,יוניליוור ישראל שיווק בע`מ,,קליק שוקולד לבן עם ע,גרמים,85.00,100 גרם,false,,7.00,0.0824,false,1,89716
7290112497505,false,"תחליב גוף וזלין ירוק עם אלוורה 600מ""ל",יוניליוור ישראל שיווק בע`מ,,וזלין תחליב גוף אלוו,מיליליטרים,600.00,"100 מ""ל",false,,27.90,0.0465,true,1,84185
7290112497710,false,פינוק בייבי שמפו אל דמע לתינוקות 700 מל,יוניליוור ישראל שיווק בע`מ,,פינוק שמפו אל דמע לת,מיליליטרים,700.00,"100 מ""ל",false,,14.90,0.0213,true,1,121233
7290112497727,false,פינוק בייבי אל סבון אל דמע לתינוקות 700,יוניליוור ישראל שיווק בע`מ,,פינוק אל סבון לתינוק,מיליליטרים,700.00,"100 מ""ל",false,,14.90,0.0213,true,1,121234
7290112497864,false,אבקת מרק בטעם עוף רכיבים טבעיים 33% פחות נתרן 400 גרם,יוניליוור ישראל שיווק בע`מ,,מרק עוף רכיביים טבעי,גרמים,400.00,100 גרם,false,,19.90,0.0497,true,1,87240
7290112497994,false,"גרנולה תלמה פרוטאין בתוספת חלבון ואגוזים, 300 גרם",יוניליוור ישראל שיווק בע`מ,,גרנולה פרוטאין בתוספ,גרמים,300.00,100 גרם,false,,14.90,0.0497,true,1,88752
7290112498007,false,גרנולה פרוטאין בתוספת חלבון שקדים וחמוציות תלמה 300 ג',יוניליוור ישראל שיווק בע`מ,,גרנולה פרוטאין בתוספ,גרמים,300.00,100 גרם,false,,14.90,0.0497,true,1,88748
7290112498052,false,מארז פתית צ`יפס בטטה בטעם טבעי 84 ג`,יוניליוור ישראל שיווק בע`מ,,מאגדת פתית צ'יפס עם,גרמים,84.00,100 גרם,false,,15.90,0.1893,true,1,89210
7290112498267,false,פינוק אל סבון לידיים בניחוח פינוק קלאסי,יוניליוור ישראל שיווק בע`מ,,פינוק סבון ידיים נוז,מיליליטרים,950.00,"100 מ""ל",false,,13.90,0.0146,true,1,89726
7290112498281,false,"אל סבון לידיים בתוספת שמן קוקוס פינוק 950 מ""ל",יוניליוור ישראל שיווק בע`מ,,פינוק סבון ידיים נוז,מיליליטרים,950.00,"100 מ""ל",false,,13.90,0.0146,true,1,89728
7290112498441,false,"קנור רוטב אסיאתי למוקפץ 300 מ""ל בד""ץ",יוניליוור ישראל שיווק בע`מ,,רוטב אסייתי למוקפץ ק,גרמים,370.00,100 גרם,false,,12.90,0.0349,false,1,88668
7290112498526,false,"פתית צ'יפס עם בטטה סגולה בטעם שמנת ובצל, 22 גרם",יוניליוור ישראל שיווק בע`מ,,פתית צ'יפס עם בטטה ס,גרמים,22.00,100 גרם,false,,4.90,0.2227,true,1,89719
7290112498632,false,מאגדת מיני קרצופים 250 ג,"גלידת שטראוס בע""\מ, רח'\",,קרצופים מעדן קפוא בט,גרמים,365.00,100 גרם,false,,32.90,0.0901,true,1,82467
7290112498748,false,מאגדת מיני סולרו וניל תות שדה 350 גר`,"מיוצר ע""\י גלידת שטראוס",,מאגדת שלגונים מיני ס,גרמים,350.00,100 גרם,false,,25.90,0.0740,true,1,87488
7290112498885,false,מאגדת גודי'ז תותים ושוקולד לבן 235 גרם,"גלידת שטראוס בע""\מ, רח'\",,מאגדת גודי'ס תותים ו,גרמים,235.00,100 גרם,false,,25.90,0.1102,true,1,87711
7290112498915,false,מאגדת מיני מגנום שקדים מובחר שטראוס 250 גרם,"מיוצר ע""\י גלידת שטראוס",,מאגדת מיני מגנום שקד,גרמים,250.00,100 גרם,false,,27.90,0.1116,true,1,89367
7290112498922,false,מאגדת מיני מגנום לבן שטראוס 250 גרם,"מיוצר ע""\י גלידת שטראוס",,מאגדת מיני מגנום שוק,גרמים,250.00,100 גרם,false,,27.90,0.1116,true,1,89366
7290112499097,false,מאגדת מיני מגנום מריר Intense Dark! 240 גרם,"מיוצר ע""\י גלידת שטראוס",,מיני מגנום מריר מאגד,גרמים,240.00,100 גרם,false,,27.90,0.1162,true,1,118957
7290112499196,false,גלידה בטעם החלב של הקורנפלקס 1.33 ל' קרמיסימו,"גלידת שטראוס בע""\מ, רחוב",,קרמיסימו חלב קורנפלק,ליטרים,1.33,ליטר,false,,22.90,17.2180,false,1,120933
7290112499226,false,גלידונית פיסטוק ובננהבקלקר 60 יח 700 גרם,"גלידת שטראוס בע""\מ, רחוב",,גלידונית בננה פיסטוק,גרמים,630.00,100 גרם,false,,49.90,0.0792,false,1,122182
7290112499455,false,פינוק תחליב רחצה 700 בתוספת שמן מרוקאי,יוניליוור ישראל שיווק בע`מ,,פינוק תחליב רחצה מרו,מיליליטרים,700.00,"100 מ""ל",false,,11.90,0.0170,false,1,89437
7290112499462,false,פינוק תחליב רחצה 700 בתוספת שמן קוקוס,יוניליוור ישראל שיווק בע`מ,,פינוק תחליב רחצה שמן,מיליליטרים,700.00,"100 מ""ל",false,,11.90,0.0170,false,1,89361
7290112499479,false,"פינוק - שמפו בתוספת קרטין 700 מ""ל",יוניליוור ישראל שיווק בע`מ,,פינוק שמפו קרטין 700,מיליליטרים,700.00,"100 מ""ל",false,,11.90,0.0170,false,1,87792
7290112499509,false,"רקסונה - דאודורנט ספריי לאישה בניחוח אפרסק ולמון גראס 150 מ""ל","יוניליוור ישראל שיווק בע""מ",,רקסונה דאודורנט אפרס,מיליליטרים,150.00,"100 מ""ל",false,,14.90,0.0993,true,1,121812
7290112499844,false,מאגדת מיני מגנום דואט שוקולד עם נוגט שטראוס 310 גרם,"מיוצר ע""\י גלידת שטראוס",,מאגדת מיני מגנום דוא,גרמים,310.00,100 גרם,false,,27.90,0.0900,true,1,81284
7290112499943,false,מיני מאגדת מיני מגנום טעמים שונים וניל+שוקו,"מיוצר ע""\י גלידת שטראוס",,מאגדת מיני מגנום קלא,גרמים,250.00,100 גרם,false,,27.90,0.1116,true,1,81290
7290112705426,false,צלחת במבוק חד קרן 23,שמחה זה אנחנו בע`מ,,צלחת במבוק חד-קרן,יחידה,0.00,יחידה,false,,12.90,0.0000,true,1,78668
7290112705457,false,קערה במבוק חג קרן יח,שמחה זה אנחנו בע`מ,,קערה במבוק חד-קרן,יחידה,0.00,יחידה,false,,8.90,0.0000,true,1,78683
7290112705488,false,כוס במבוק חד קרן יח,,,כוס במבוק חד-קרן,יחידה,0.00,יחידה,false,,7.90,0.0000,true,1,78700
7290112705501,false,כוס במבוק נסיכות יח,שמחה זה אנחנו,,כוס במבוק נסיכות,יחידה,0.00,יחידה,false,,7.90,0.0000,true,1,78701
7290112705518,false,כוס במבוק פנדה ורודה,שמחה זה אנחנו בע`מ,,כוס במבוק פנדה ורודה,יחידה,0.00,יחידה,false,,7.90,0.0000,true,1,78705
7290112705532,false,צלחת במבוק 23 פנדה ורודה,שמחה זה אנחנו בע`מ,,צלחת במבוק פנדה ורוד,יחידה,0.00,יחידה,false,,12.90,0.0000,true,1,78677
7290112961266,false,בייגלה כפיות פיזור איטלקי אסם 300 גרם,קבוצת אוסם סחר שותפות מוגבלת,,אסם בייגלה כפיות פיז,גרמים,300.00,100 גרם,false,,11.90,0.0397,true,1,77676
7290112961372,false,פיטנס חטיפי פריכיות דקות קינמון 60 גרם,קבוצת אוסם סחר שותפות מוגבלת,,פיטנס חטיפי פריכיות,גרמים,60.00,100 גרם,false,,8.50,0.1417,true,1,76693
7290112961440,false,פיטנס חטיפי פריכיות שוקולד מריר 84 גרם,קבוצת אוסם סחר שותפות מוגבלת,,פיטנס בר פריכיות שוק,גרמים,84.00,100 גרם,false,,12.90,0.1536,true,1,82225
7290112961464,false,פיטנס חטיפי פריכיות דגנים וחומוס מתובלות,קבוצת אוסם סחר שותפות מוגבלת,,חטיפי פריכיות פיטנס,גרמים,60.00,100 גרם,false,,8.50,0.1417,true,1,76694
7290112961754,false,עוגיות שוקולד ציפס עם קרם בטעם אגוזים 220 גר',קבוצת אוסם סחר שותפות מוגבלת,,עוגיות שוקוצ'יפס קרם,גרמים,220.00,100 גרם,false,,11.50,0.0523,true,1,76319
7290112962287,false,טבעול שווארמה טבעונית 6*450 גרם,קבוצת אוסם סחר שותפות מוגבלת,,טבעול שווארמה טבעוני,גרמים,450.00,100 גרם,false,,31.00,0.0689,true,1,81460
7290112962737,false,שניצל מן הצומח עם חלבון טבעול 664 גרם,קבוצת אוסם סחר שותפות מוגבלת,,שניצל טבעול מהצומח ע,גרמים,664.00,100 גרם,false,,28.90,0.0435,true,1,76073
7290112963321,false,גריסיני בייגלה שטוח ללא גלוטן אסם 300גרם,קבוצת אוסם סחר שותפות מוגבלת,,בייגלה גרפיטי שטוח ל,גרמים,300.00,100 גרם,false,,12.90,0.0430,true,1,83182
7290112963529,false,מאגדת טילון אקסטרים שוקו וניל פרווה נסטלה,נגה גלידות שותפות מוגבלת,,מאגדת אקסטרים שוקו ו,גרמים,444.00,100 גרם,false,,32.00,0.0721,true,1,77908
7290112963642,false,מקלות פילו פיצה,,,מקלות פילו פיצה,גרמים,90.00,100 גרם,false,,5.90,0.0656,true,1,78434
7290112963666,false,מקלות פילו גבינה,,,מקלות פילו גבינה,גרמים,90.00,100 גרם,false,,5.90,0.0656,true,1,78143
7290112963741,false,מקלות פילו תפוחים,,,מקלות פילו תפוחים,גרמים,90.00,100 גרם,false,,5.90,0.0656,true,1,78144
7290112963918,false,פיטנס חטיפי קרקר דק רוזמרין 140 גרם,קבוצת אוסם סחר שותפות מוגבלת,,פיטנס קרקר דק רוזמרי,גרמים,140.00,100 גרם,false,,11.90,0.0850,true,1,78536
7290112964410,false,אסם רוטב אלף האיים חדש לסלט 290 גרם,קבוצת אוסם סחר שותפות מוגבלת,,רוטב אלף האיים לסלט,מיליליטרים,290.00,"100 מ""ל",false,,12.00,0.0414,false,1,78514
7290112964434,false,אסם רוטב קיסר חדש לסלט 295 גרם,קבוצת אוסם סחר שותפות מוגבלת,,רוטב קיסר לסלט אסם 2,מיליליטרים,295.00,"100 מ""ל",false,,12.00,0.0407,true,1,78515
7290112964458,false,רוטב ויניגרט חדש לסלט 295 גרם אסם,קבוצת אוסם סחר שותפות מוגבלת,,רוטב ויניגרט לסלט אס,מיליליטרים,295.00,"100 מ""ל",false,,12.00,0.0407,false,1,78517
7290112964472,false,אסם רוטב שום חדש לסלט 290 גרם,קבוצת אוסם סחר שותפות מוגבלת,,רוטב שום לסלט אסם 29,מיליליטרים,290.00,"100 מ""ל",false,,12.00,0.0414,true,1,78516
7290112964502,false,רוטב אלף האיים לסלט אסם (600 מל),קבוצת אוסם סחר-שות.מוגבלת,,רוטב אלף האיים לסלט,מיליליטרים,600.00,"100 מ""ל",false,,18.50,0.0308,true,1,78522
7290112964564,false,רוטב אלף האיים לייט לסלט אסם (295 מל),קבוצת אוסם סחר שותפות מוגבלת,,רוטב אלף האיים לייט,מיליליטרים,295.00,"100 מ""ל",false,,12.00,0.0407,false,1,78518
7290112964601,false,רוטב בנוסח סצ'ואן הסדרה האסייתית,קבוצת אוסם סחר שותפות מוגבלת,,רוטב בנוסח סצו'אן 29,מיליליטרים,290.00,"100 מ""ל",false,,13.90,0.0479,true,1,78395
7290112964625,false,רוטב שום לייט לסלט 310 גרם אסם,קבוצת אוסם סחר שותפות מוגבלת,,רוטב שום לייט לסלט א,מיליליטרים,310.00,"100 מ""ל",false,,12.00,0.0387,false,1,78519
7290112964724,false,המבורגר צמחוני עם המון חלבון 580 גר,קבוצת אוסם סחר שותפות מוגבלת,,המבורגר טבעוני טבעול,גרמים,580.00,100 גרם,false,,31.00,0.0534,true,1,79229
7290112965141,false,תבשיל פתיתים אפויים עם ירקות 130 גרם,קבוצת אוסם סחר שותפות מוגבלת,,פתיתים אפויים עם ירק,גרמים,130.00,100 גרם,false,,10.90,0.0838,false,1,81078
7290112965165,false,מרק נמס פטריות אסם בדצ 48 גרם מארז זוגי,קבוצת אוסם סחר שותפות מוגבלת,,זוג מרק נמס פטריות א,גרמים,34.00,100 גרם,false,,5.90,0.1735,true,1,79334
7290112965240,false,מרק נמס בטעם עגבניות זוג * 44 ג' אסם,קבוצת אוסם סחר שותפות מוגבלת,,זוג מרק נמס עגבניות,גרמים,44.00,100 גרם,false,,5.90,0.1341,true,1,79336
7290112965264,false,אבקת מרק נמס אפונה אסם בדצ 52 גרם מארז זוגי,קבוצת אוסם סחר שותפות מוגבלת,,זוג מרק נמס אפונה אס,גרמים,30.00,100 גרם,false,,5.90,0.1967,true,1,79337
7290112965288,false,מרק נמס ירקות אסם בדצ 56 גרם מארז זוגי,קבוצת אוסם סחר שותפות מוגבלת,,זוג מרק נמס ירקות אס,גרמים,30.00,100 גרם,false,,5.90,0.1967,true,1,79338
7290112965301,false,זוג מרק נמס בטעם עוף עם שקדי מרק רגע חם,קבוצת אוסם סחר שותפות מוגבלת,,זוג מרק נמס טעם עוף,גרמים,38.00,100 גרם,false,,5.90,0.1553,true,1,79332
7290112965325,false,תבשיל אורז ספרדי אוסם 140 גרם,קבוצת אסם סחר שות. מוגבלת,,אורז ספרדי אסם,גרמים,140.00,100 גרם,false,,10.90,0.0779,false,1,81076
7290112965363,false,קציצות קינואה וברוקולי טבעול 525 גרם,קבוצת אוסם סחר שותפות מוגבלת,,קציצת קינואה וברוקול,גרמים,525.00,100 גרם,false,,31.00,0.0590,false,1,80796
7290112965585,false,פרפקטו פסטה קסרצה אסם 500 גרם,קבוצת אוסם סחר שותפות מוגבלת,,פסטה קסרצה פרפקטו,גרמים,500.00,100 גרם,false,,7.70,0.0154,false,1,78823
7290112965660,false,פיטנס - חטיף מולטיגריין מלח פלפל 25 גרם,קבוצת אוסם סחר שותפות מוגבלת,,פיטנס חטיף מולטיגריי,גרמים,25.00,100 גרם,false,,4.90,0.1960,true,1,86078
7290112965684,false,פיטנס - חטיף מולטיגריין עשבי תיבול 25 גרם,קבוצת אוסם סחר שותפות מוגבלת,,פיטנס חטיף מולטיגריי,גרמים,25.00,100 גרם,false,,4.90,0.1960,true,1,86079
7290112965707,false,פיטנס - חטיף מולטיגריין צילי מעודן 25 גרם,קבוצת אוסם סחר שותפות מוגבלת,,פיטנס חטיף מולטיגריי,גרמים,25.00,100 גרם,false,,4.90,0.1960,true,1,86080
7290112965745,false,אוסם - ביסלי פריסטייל בצל מעושן 60 גרם,קבוצת אוסם סחר שותפות מוגבלת,,ביסלי פריסטייל בצל מ,גרמים,60.00,100 גרם,false,,4.70,0.0783,true,1,89160
7290112965783,false,אוסם - ביסלי פריסטייל על האש 60 גרם,קבוצת אוסם סחר שותפות מוגבלת,,ביסלי פריסטייל על הא,גרמים,60.00,100 גרם,false,,4.70,0.0783,true,1,89161
7290112965806,false,אוסם - ביסלי פריסטייל חמוץ חריף 60 גרם,קבוצת אוסם סחר שותפות מוגבלת,,ביסלי פריסטייל חמוץ,גרמים,60.00,100 גרם,false,,4.70,0.0783,true,1,89162
7290112965868,false,קרם קרקר במתיקות מעודנת אסם 250 גרם,קבוצת אוסם סחר שותפות מוגבלת,,קרם קרקר במליחות מעו,גרמים,250.00,100 גרם,false,,8.50,0.0340,true,1,81036
7290112965905,false,בייגלה שמיניות במליחות מעודנת אסם 400 גרם,קבוצת אוסם סחר שותפות מוגבלת,,בייגלה אסם שמיניות ב,גרמים,400.00,100 גרם,false,,11.00,0.0275,true,1,81098
7290112965943,false,נאגטס ירקות ירוקים ( 500 גר`) טבעול,קבוצת אוסם סחר שותפות מוגבלת,,טבעול נאגטס ירקות יר,גרמים,500.00,100 גרם,false,,31.00,0.0620,true,1,83274
7290112965967,false,נאגטס ירקות כתומים ( 500 גר`) טבעול,קבוצת אוסם סחר שותפות מוגבלת,,טבעול נאגטס ירקות כת,גרמים,500.00,100 גרם,false,,31.00,0.0620,true,1,83272
7290112965981,false,"טבעול גורמה ארוחת דגנים, 450 גרם",קבוצת אוסם סחר-שות.מוגבלת,,טבעול גורמה ארוחת דג,גרמים,450.00,100 גרם,false,,33.90,0.0753,true,1,119135
7290112966001,false,"טבעול גורמה ארוחת ירוקים, 450 גרם",קבוצת אוסם סחר שותפות מוגבלת,,טבעול גורמה ארוחת יר,גרמים,450.00,100 גרם,false,,33.90,0.0753,true,1,119136
7290112966094,false,עוגת הבית בטעם תפוז מופחת סוכראסם (400 ג,קבוצת אוסם סחר שותפות מוגבלת,,עוגת הבית תפוז מופחת,גרמים,400.00,100 גרם,false,,13.90,0.0348,false,1,81038
7290112966247,false,לחמית כוסמין אסם 200 גרם,קבוצת אוסם סחר שותפות מוגבלת,,לחמית כוסמין 200 גרם,גרמים,200.00,100 גרם,false,,10.50,0.0525,false,1,82775
7290112966445,false,במבה מתוקה אריזה גדולה 100 גר`אסם,קבוצת אוסם סחר שותפות מוגבלת,,במבה מתוקה 100 גר,גרמים,100.00,100 גרם,false,,8.00,0.0800,false,1,80223
7290112966766,false,צבר טחינה בלאדי חציל עגבניות ושום 350 גרם,קבוצת אוסם סחר שותפות מוגבלת,,טחינה בלאדי חציל עגב,גרמים,350.00,100 גרם,false,,15.90,0.0454,true,1,80888
7290112966780,false,צבר טחינה בלאדי עם חציל קלוי 350 גרם,קבוצת אוסם סחר שותפות מוגבלת,,טחינה בלאדי עם חציל,גרמים,350.00,100 גרם,false,,15.90,0.0454,true,1,80244
7290112966803,false,אינסטנט פודינג בטעם שוקולד אסם (88 גרם),קבוצת אוסם סחר שותפות מוגבלת,,אינסטנט פודינג שוקול,גרמים,88.00,100 גרם,false,,5.80,0.0659,false,1,81079
7290112966841,false,אינסטנט פודינג בטעם שוקולד מריר 95 גרם,קבוצת אוסם סחר שותפות מוגבלת,,פודינג בטעם שוקולד מ,גרמים,90.00,100 גרם,false,,5.80,0.0644,false,1,81080
7290112967114,false,פיטנס חטיפי פריכיות קטניות ופלפל 60 גרם,קבוצת אוסם סחר שותפות מוגבלת,,פיטנס חטיפי פריכיות,גרמים,60.00,100 גרם,false,,8.50,0.1417,true,1,82226
7290112967381,false,פיטנס חטיפי פריכיות קטניות ומלח ים 60 גרם,קבוצת אוסם סחר שותפות מוגבלת,,פיטנס חטיפי פריכיות,גרמים,60.00,100 גרם,false,,8.50,0.1417,true,1,82227
7290112967510,false,בונז`ור בייבי חליות 90גר,קבוצת אוסם סחר-שות.מוגבלת,,בייבי חליות בונז'ור,גרמים,90.00,100 גרם,false,,2.50,0.0278,true,1,80921
7290112967572,false,"אסם רוטב ברביקיו 290 מ""ל אסם",קבוצת אוסם סחר שותפות מוגבלת,,רוטב ברביקיו אסם 290,מיליליטרים,290.00,"100 מ""ל",false,,12.00,0.0414,true,1,81074
7290112967824,false,בישולים מיקס קלאסי אוסם 200 גרם,קבוצת אוסם סחר שותפות מוגבלת,,אסם בישולים מיקס קלא,גרמים,200.00,100 גרם,false,,18.90,0.0945,true,1,81469
7290112967848,false,אבקה להכנת ג`לי בטעם תות אסם (90 גרם) מו,קבוצת אוסם סחר שותפות מוגבלת,,ג'לי תות שדה מופחת ס,גרמים,90.00,100 גרם,false,,6.50,0.0722,true,1,81081
7290112968203,false,צבר סלט טחינה בלאדי 6*250גרם,קבוצת אוסם סחר שותפות מוגבלת,,סלט טחינה בלאדי צבר,גרמים,250.00,100 גרם,false,,10.90,0.0436,true,1,82122
7290112968340,false,צבר חומוס סמיר הגדול 400 גר`,קבוצת אוסם סחר שותפות מוגבלת,,חומוס גרוס גס גס צבר,גרמים,400.00,100 גרם,false,,13.90,0.0348,true,1,81477
7290112968449,false,סלט טחינה כרוב אדום 250 גרם,קבוצת אוסם סחר שותפות מוגבלת,,סלט כרוב אדום צבר 25,גרמים,250.00,100 גרם,false,,10.90,0.0436,true,1,82123
7290112968708,false,"שניצל תירס עדה חרדית טבעול 1.3 ק""ג",קבוצת אוסם סחר שותפות מוגבלת,,שניצל תירס טבעול 1.3,קילוגרמים,1.30,"ק""ג",false,,39.90,30.6923,false,1,86760
7290112968784,false,טבעול חטיפי כרובית 450 גרם,קבוצת אוסם סחר שותפות מוגבלת,,טבעול חטיפי כרובית 4,גרמים,450.00,100 גרם,false,,31.00,0.0689,true,1,82782
7290112968807,false,80018416694פיטנס חטיפי קרקר דק סלק 150גר,קבוצת אוסם סחר שותפות מוגבלת,,פיטנס קרקר דק סלק,גרמים,140.00,100 גרם,false,,11.90,0.0850,true,1,86775
7290112968821,false,חטיפי קרקר דק בטטה 140 גר` פיטנס,קבוצת אוסם סחר שותפות מוגבלת,,פיטנס קרקר דק בטטה,גרמים,140.00,100 גרם,false,,11.90,0.0850,true,1,86778
7290112969286,false,בישולים רוטב חרדל ודבש ( 330 גר`) אסם,קבוצת אוסם סחר שותפות מוגבלת,,אסם בישולים רוטב חרד,גרמים,330.00,100 גרם,false,,15.90,0.0482,true,1,86465
7290112969903,false,נאגטס ירקות לבנים ( 500 גר`) טבעול,קבוצת אוסם סחר-שות.מוגבלת,,טבעול נאגטס ירקות לב,גרמים,500.00,100 גרם,false,,31.00,0.0620,true,1,83273
7290113190757,false,חלבה מסולסלת טעם וניל 300 גר`ששון הקו,דין שיווק וקליה 2021 בעמ,,חלבה תלתלים בטעם וני,גרמים,300.00,100 גרם,false,,13.90,0.0463,true,1,121024
7290113190771,false,חלבה מסולסלת שוקו וניל 300 גר`ששון הקו,דין שיווק וקליה 2021 בעמ,,חלבה תלתלים בטעם שוק,גרמים,300.00,100 גרם,false,,13.90,0.0463,true,1,121025
7290113191099,false,"סירופ מייפל 250מ""ל שקדיה","קופרדקס איי פי אם בע""\מ",,סירופ מייפל טהור שקד,מיליליטרים,250.00,"100 מ""ל",false,,19.90,0.0796,true,1,120734
7290113192300,false,זיתים מושחרים חרוזית 275 גרם בית השיטה,קבוצת אוסם סחר שותפות מוגבלת,,זיתים חרוזית מושחר 2,גרמים,275.00,100 גרם,false,,9.90,0.0360,true,1,81291
7290113192317,false,זיתים מושחרים טבעות בית השיטה (280 גרם),קבוצת אוסם סחר שותפות מוגבלת,,טבעות זיתים מושחרים,גרמים,280.00,100 גרם,false,,10.90,0.0389,true,1,81292
7290113192331,false,זיתים ירוקים מנזנילו 340 גר' בית השיטה,קבוצת אוסם סחר שותפות מוגבלת,,זיתים ירוקים גדולים,גרמים,340.00,100 גרם,false,,9.90,0.0291,true,1,81294
7290113192348,false,בית השיטה זיתים ירוקים גדול מאודבטעם שום,קבוצת אוסם סחר-שות.מוגבלת,,זיתים ירוקים 17-19 ב,גרמים,340.00,100 גרם,false,,9.90,0.0291,true,1,81296
7290113192355,false,חרוזית זיתים ירוקים ללא גלעין 275 ג' בית השיטה,קבוצת אוסם סחר שותפות מוגבלת,,זיתים ירוקים חרוזית,גרמים,275.00,100 גרם,false,,9.90,0.0360,false,1,81297
7290113192362,false,זיתים ירוקים טבעות A2 בית השיטה 280 גרם,קבוצת אוסם סחר שותפות מוגבלת,,זיתים ירוקים טבעות 2,גרמים,280.00,100 גרם,false,,10.90,0.0389,true,1,81298
7290113192379,false,בית השיטה זיתים ירוקים מבוקעים א2 340גר',קבוצת אוסם סחר-שות.מוגבלת,,זיתים ירוקים מבוקעים,גרמים,340.00,100 גרם,false,,9.90,0.0291,true,1,81309
7290113192386,false,בית השיטה זיתים ירוקים סורי מבוקע 340גרם,קבוצת אוסם סחר שותפות מוגבלת,,זיתים סורי מבוקע 340,גרמים,340.00,100 גרם,false,,10.90,0.0321,true,1,81310
7290113192393,false,בית השיטה קוקטייל זיתים א2 336 גרם,קבוצת אוסם סחר שותפות מוגבלת,,קוקטייל זיתים 336 גר,גרמים,336.00,100 גרם,false,,11.90,0.0354,true,1,81311
7290113192478,false,בית השיטה מלפפונים במלח בינוני 10-12 320 גרם,קבוצת אוסם סחר שותפות מוגבלת,,מלפפון במלח 10-12 32,גרמים,320.00,100 גרם,false,,7.90,0.0247,false,1,81319
7290113192485,false,בית השיטה מלפפונים בחומץ בינוני 10-12 290 גרם,קבוצת אוסם סחר שותפות מוגבלת,,מלפפון בחומץ 10-12 2,גרמים,290.00,100 גרם,false,,7.90,0.0272,true,1,81320
7290113192492,false,בית השיטה מלפפונים בחומץ קטנים 1317 290 גרם,קבוצת אוסם סחר שותפות מוגבלת,,מלפפון בחומץ 13-17 2,גרמים,290.00,100 גרם,false,,10.90,0.0376,false,1,81321
7290113192508,false,בית השיטה מלפפונים במלח קטן 1317 320 גרם,קבוצת אוסם סחר שותפות מוגבלת,,מלפפון במלח 13-17 ב,גרמים,320.00,100 גרם,false,,10.90,0.0341,false,1,81322
7290113192515,false,בית השיטה מלפפונים במלח קטן מאוד 1825 320 גרם,קבוצת אוסם סחר שותפות מוגבלת,,מלפפון במלח 18-25 32,גרמים,320.00,100 גרם,false,,12.90,0.0403,true,1,81327
7290113192522,false,בית השיטה מלפפונים בחומץ קטן מאוד 1825 290 גרם,קבוצת אוסם סחר שותפות מוגבלת,,מלפפון בחומץ 18-25 2,גרמים,290.00,100 גרם,false,,12.90,0.0445,true,1,81328
7290113192539,false,בית השיטה מלפפונים במלח גדול 79 320 גרם,קבוצת אוסם סחר שותפות מוגבלת,,מלפפון במלח 7-9 320,גרמים,320.00,100 גרם,false,,6.50,0.0203,false,1,81329
7290113192546,false,"מלפפונים בחומץ רכיבים טבעיים 7-9 ""בית השיטה""",קבוצת אוסם סחר שותפות מוגבלת,,מלפפון בחומץ 7-9 290,גרמים,290.00,100 גרם,false,,6.50,0.0224,false,1,81330
7290113192553,false,מלפפונים במלח 13-17 פיקנטי בית השיטה 320 גרם,קבוצת אוסם סחר-שות.מוגבלת,,מלפפון במלח בלדי 13-,גרמים,320.00,100 גרם,false,,10.90,0.0341,true,1,81331
7290113192560,false,פלפל חריף כבוש שיפקה בית השיטה (430 גר`),קבוצת אוסם סחר שותפות מוגבלת,,פלפל שיפקה 230 גרם,גרמים,230.00,100 גרם,false,,6.90,0.0300,true,1,81332
7290113192577,false,בית השיטה כרוב כבוש א2 12*430גרם חדש,קבוצת אוסם סחר שותפות מוגבלת,,כרוב כבוש 430 גרם,גרמים,430.00,100 גרם,false,,7.90,0.0184,false,1,81333
7290113192997,false,בית השיטה חזית מרוקאי 340 גר`,קבוצת אוסם סחר שותפות מוגבלת,,בית השיטה זיתים מרוק,גרמים,340.00,100 גרם,false,,12.90,0.0379,false,1,82213
7290113193000,false,בית השיטה פלפל שיפקונית 230 גרם*,קבוצת אוסם סחר שותפות מוגבלת,,פלפל שיפקונית בית הש,גרמים,230.00,100 גרם,false,,11.90,0.0517,true,1,82217
7290113193017,false,בית השיטה חרוזית קוקטייל זיתים 275 גרם,קבוצת אוסם סחר שותפות מוגבלת,,קוקטייל זיתים בית הש,גרמים,275.00,100 גרם,false,,12.90,0.0469,false,1,82214
7290113193031,false,חרוזית קלמטה - זיתים שחורים ללא גלעין קלמטה,קבוצת אוסם סחר שותפות מוגבלת,,חרוזית קלמטה בית השי,גרמים,275.00,100 גרם,false,,12.90,0.0469,false,1,82211
7290113193321,false,שמן זית כתית מעולה בית השיטה 750 מייל,קבוצת אוסם סחר שותפות מוגבלת,,שמן זית כתית מעולה 7,מיליליטרים,750.00,"100 מ""ל",false,,29.90,0.0399,false,1,82708
7290113193369,false,"תרסיס שמן קנולה מזוכך בית השיטה 150מ""ל",קבוצת אוסם סחר שותפות מוגבלת,,תרסיס שמן קנולה בית,מיליליטרים,150.00,"100 מ""ל",false,,13.90,0.0927,true,1,87553
7290113193406,false,"קוקטייל טבעות זיתים - זיתים ירוקים, שחורים מרינד",קבוצת אוסם סחר שותפות מוגבלת,,טבעות קוקטייל זיתים,גרמים,280.00,100 גרם,false,,12.90,0.0461,false,1,82689
7290113193888,false,חצילים מוחמצים בית השיטה 320 גרם,קבוצת אוסם סחר שותפות מוגבלת,,בית השיטה חצילים מוח,גרמים,320.00,100 גרם,false,,11.90,0.0372,true,1,86802
7290113194090,false,בית השיטה טבעות זיתים קלמטה 280 גרם,קבוצת אוסם סחר שותפות מוגבלת,,טבעות זיתים קלמטה בי,גרמים,280.00,100 גרם,false,,12.90,0.0461,false,1,85822
7290113194359,false,זיתים מגולענים בנוסח אנדלוס 215 גרם בית,קבוצת אוסם סחר-שות.מוגבלת,,זיתים מגולענים בנוח,גרמים,215.00,100 גרם,false,,12.90,0.0600,true,1,88363
7290113195042,false,מלפפון במלח כבישה ביתית בית השיטה 750 גרם,קבוצת אוסם סחר שותפות מוגבלת,,בית השיטה מלפפון במל,גרמים,750.00,100 גרם,false,,26.90,0.0359,true,1,87133
7290113195363,false,שמן חמניות מזוכך זית השיטה 1 ליטר,קבוצת אוסם סחר-שות.מוגבלת,,שמן חמניות בית השיטה,ליטרים,1.00,ליטר,false,,13.90,13.9000,true,1,89375
7290113196001,false,פסטה ספגטי שקדיה 500 גר` .,דין שיווק וקליה 2021 בעמ,,פסטה ספגטי שקדיה,גרמים,500.00,100 גרם,false,,3.90,0.0078,true,1,121833
7290113196018,false,פסטה ביסלי שקדיה 500 גרם,דין שיווק וקליה 2021 בעמ,,פסטה פוזילי 500 ג' ש,גרמים,500.00,100 גרם,false,,3.90,0.0078,true,1,121586
7290113196025,false,פסטה צינורות שקדיה 500 גר` .,דין שיווק וקליה 2021 בעמ,,פסטה צינורות שקדיה 5,גרמים,500.00,100 גרם,false,,3.90,0.0078,true,1,121576
7290113196032,false,פסטה צדפים שקדיה 500 גר` .,דין שיווק וקליה 2021 בעמ,,פסטה צדפים שקדיה,גרמים,500.00,100 גרם,false,,3.90,0.0078,true,1,121834
7290113196414,false,"אורז בסמטי 1 ק""ג - שקדיה כחול מטאלי",דין שיווק וקליה 2021 בעמ,,"אורז בסמטי 1 ק""ג שקד",קילוגרמים,1.00,"ק""ג",false,,9.90,9.9000,true,1,117994
7290113196490,false,פריכיות כוסמת בתוספת זרעי ציה שקדיה 150 גרם,דין שיווק וקליה 2021 בעמ,,פריכיות כוסמת בתוספת,גרמים,150.00,100 גרם,false,,9.90,0.0660,true,1,117992
7290113196520,false,פריכיות כוסמין ללא מלח שקדיה 150 גרם,דין שיווק וקליה 2021 בעמ,,פריכיות כוסמין ללא מ,גרמים,150.00,100 גרם,false,,9.90,0.0660,true,1,117993
7290113196780,false,ב.ה. זיתים ירוקים מבוקעים באלדי 900גרם,קבוצת אוסם סחר-שות.מוגבלת,,זיתים ירוקים מבוקעים,גרמים,900.00,100 גרם,false,,22.90,0.0254,true,1,118779
7290113196896,false,"תרסיס שמן זית שקדיה 170 מ""ל",דין שיווק וקליה 2021 בעמ,,תרסיס שמן זית שקדיה,מיליליטרים,170.00,"100 מ""ל",false,,11.90,0.0700,true,1,117466
7290113197800,false,פלפל קלוי קלוי 400 גרם בית השיטה,קבוצת אוסם סחר שותפות מוגבלת,,פלפל קלוי בית השיטה,גרמים,400.00,100 גרם,false,,11.90,0.0298,true,1,120318
7290113197817,false,חציל קלוי 670 גרם בית השיטה,קבוצת אוסם סחר שותפות מוגבלת,,חציל קלוי בית השיטה,גרמים,670.00,100 גרם,false,,11.90,0.0178,true,1,120319
7290113197824,false,לבבות דקל בית השיטה 220 גרם,קבוצת אוסם סחר-שות.מוגבלת,,בית השיטה לבבות דקל,גרמים,220.00,100 גרם,false,,9.90,0.0450,true,1,121609
7290113197855,false,תירס גמדי בית השיטה 230 גרם,קבוצת אוסם סחר-שות.מוגבלת,,בית השיטה תירס גמדי,גרמים,230.00,100 גרם,false,,9.90,0.0430,true,1,121610
7290113197923,false,טונה בשמן קנולה בית השיטה רביעייה,קבוצת אוסם סחר-שות.מוגבלת,,בית השיטה טונה בשמן,גרמים,392.00,100 גרם,false,,24.90,0.0635,false,1,121694
7290113199767,false,ממרח שקדים 300 גרם השקדיה,דין שיווק וקליה 2021 בעמ,,ממרח 100% שקדים,גרמים,300.00,100 גרם,false,,26.90,0.0897,true,1,120473
7290113199774,false,ממרח בוטנים 300 גרם השקדיה,דין שיווק וקליה 2021 בעמ,,ממרח 100% בוטנים,גרמים,300.00,100 גרם,false,,13.90,0.0463,true,1,120475
7290113199880,false,טורטיה בתוספת קמח כוסמין ושיבול שועל שקדיה 360 גרם,דין שיווק וקליה 2021 בעמ,,טורטיה בתוספת קמח כו,מיליליטרים,360.00,"100 מ""ל",false,,9.90,0.0275,true,1,121794
7290113284999,false,מסכה לפנים חד פעמית,,,מסכה לפנים חד פעמית,יחידה,0.00,יחידה,false,,10.90,0.0000,true,1,85825
7290113300224,false,פאוץ מתחוני לה קט עם סלמון ברוטב 85ג,דיפלומט מפיצים (1968) בעמ**,,לה קט נתחוני סלמון ב,גרמים,85.00,100 גרם,false,,4.90,0.0576,true,1,85247
7290113300262,false,פאוץ מתחוני לה קט עם טונה בגלי 85ג,דיפלומט מפיצים (1968) בעמ**,,לה קט נתחונים עם טונ,גרמים,85.00,100 גרם,false,,4.90,0.0576,true,1,85242
7290113560055,false,פרודונטקס מי פה טיפול יומי לחניכיים 500,"מאסטרפוד אוסטריה בע""מ",,פרדונטקס מי פה 500 מ,מיליליטרים,500.00,"100 מ""ל",false,,29.90,0.0598,true,1,84904
7290113560062,false,"סנסודיין - משחת שיניים להלבנה עדינה משאבה 100 מ""ל",גלקסוסמית'\קליין קונסיומ,,סנסודיין משאבה 185 מ,מיליליטרים,185.00,"100 מ""ל",false,,24.90,0.1346,true,1,84107
7290113560109,false,פרודונטקס מ.שיניים בטעם צמחי 75 מל,פרודונטקס Parodontax,,פרדונטקס בטעם צמחי 7,מיליליטרים,75.00,"100 מ""ל",false,,30.90,0.4120,true,1,87096
7290113763784,false,סודה סטרים - מכשיר TERRA בצבע שחור,סודה סטרים,,מכשיר סודה סטרים שח,יחידה,0.00,יחידה,false,,499.00,0.0000,false,1,121790
7290114151665,false,"סבון ידיים שמן קוקוס עץ התה 500 מ""ל",אף.סי תבליני בגליל ב,,סבון ידיים קוקוס אלו,מיליליטרים,500.00,"100 מ""ל",false,,15.90,0.0318,true,1,86497
7290114151672,false,"סבון ידיים לעור יבש בוטני 500 מ""ל",אף.סי תבליני בגליל ב,,סבון ידיים לבנדר/ארג,מיליליטרים,500.00,"100 מ""ל",false,,15.90,0.0318,true,1,86498
7290114310215,false,"שמנת מתוקה 38% רמת הגולן 250 מ""ל ווסטהיים - מוצר בפיקוח",החברה המרכזית טלהפצת משקאות בע,,"שמנת מתוקה 250 מ""ל 3",מיליליטרים,250.00,"100 מ""ל",false,,6.47,0.0259,true,1,83411
7290114310222,false,חלב מועשר בסידן וויטמין Dי 3% 1.5 ל' טרה,החברה המרכזית טלהפצת משקאות בע,,חלב מועשר בסידן וויט,ליטרים,1.50,ליטר,false,,11.90,7.9333,true,1,84105
7290114310239,false,חלב נטול לקטוז מועשר בוויטמין D י 2% 1.5 ל' טרה,החברה המרכזית טלהפצת משקאות בע,,חלב 2% דל לקטוז 1.5,ליטרים,1.50,ליטר,false,,11.90,7.9333,true,1,84099
7290114310246,false,גרנה פדנו צ'אנק משק צוריאל 125 גרם,*החברה המרכזית להפצת משקאותבעמ,,גרנה פדנו צ'אנק 125,גרמים,125.00,100 גרם,false,,18.50,0.1480,true,1,87132
7290114310338,false,צפתית מעודנת 5% בגביע 225 גרם משק צוריאל,החברה המרכזית טלהפצת משקאות בע,,צפתית 5% מעודנת 225,גרמים,225.00,100 גרם,false,,17.50,0.0778,true,1,87575
7290114310536,false,יוגורט לייט מעושר חלבון 25 גרם חלבון וניל MULLER ACTIVE,החברה המרכזית טלהפצת משקאות בע,,יוגורט לייט מועשר 25,גרמים,200.00,100 גרם,false,,6.20,0.0310,true,1,88117
7290114310550,false,גבינת פטה עיזים מעודנת 5% משק צוריאל 200 גרם,החברה המרכזית טלהפצת משקאות בע,,פטה עיזים מעודנת 5%,גרמים,200.00,100 גרם,false,,23.90,0.1195,true,1,88487
7290114310567,false,לאבנה עיזים 5% 200 גר` צוריאל,החברה המרכזית טלהפצת משקאות בע,,לאבנה עיזים 5% צוריא,גרמים,200.00,100 גרם,false,,14.90,0.0745,true,1,90313
7290114310574,false,צוריאל קרם שמנת עיזים מעודנת 5% 200 גר,החברה המרכזית טלהפצת משקאות בע,,גבינת קרם שמנת עיזים,גרמים,200.00,100 גרם,false,,14.50,0.0725,true,1,88718
7290114310611,false,"משקה חלב בננה בבקבוק פקק ספורט טרה 250 מ""ל",החברה המרכזית טלהפצת משקאות בע,,משקה חלב בטעם בננה 2,מיליליטרים,250.00,"100 מ""ל",false,,5.50,0.0220,true,1,88855
7290114310673,false,לאבנה מחלב בקר 9% שומן 250 גרם,החברה המרכזית טלהפצת משקאות בע,,לאבנה 9% טרה 250 גר',גרמים,250.00,100 גרם,false,,12.50,0.0500,true,1,88501
7290114310895,false,"סימפלי פרוט יוגורט עם מנגו תות, שמיניה 8 * 150 גרם",החברה המרכזית טלהפצת משקאות בע,,מאגדת שמינייה סימפלי,גרמים,1200.00,100 גרם,false,,31.90,0.0266,true,1,118088
7290114310901,false,"גבינה לבנה ""טרה"" 5% -מוצר בפיקוח",החברה המרכזית טלהפצת משקאות בע,,גבינה לבנה 250 גר' 5,גרמים,250.00,100 גרם,false,,4.98,0.0199,false,1,117175
7290114310963,false,יוגורט מחלב עיזים מלא כ3.8% שומן מועשר 500 גר',*החברה המרכזית להפצת משקאותבעמ,,יוגורט עיזים בדלי 3.,גרמים,500.00,100 גרם,false,,14.50,0.0290,true,1,119707
7290114311014,false,"משקה חלב אייס קפוצ'ינו פקק ספורט טרה 250 מ""ל",החברה המרכזית טלהפצת משקאות בע,,משקה חלב אייס קפוצ'י,מיליליטרים,250.00,"100 מ""ל",false,,5.50,0.0220,true,1,120198
7290114311021,false,"משקה חלב וניל עוגיות פקק ספורט טרה 250 מ""ל",החברה המרכזית טלהפצת משקאות בע,,משקה חלב וניל עוגיות,מיליליטרים,250.00,"100 מ""ל",false,,5.50,0.0220,true,1,120199
7290114311038,false,"שמנת מתוקה 32% עמידה בבקבוק טרה 250 מ""ל",החברה המרכזית טלהפצת משקאות בע,,שמנת מתוקה 32% בבקבו,מיליליטרים,250.00,"100 מ""ל",false,,6.90,0.0276,true,1,120145
7290114311069,false,יוגורט לבן מועשר בחלבון 0% שומן 200 גרם muller active,החברה המרכזית טלהפצת משקאות בע,,מולר אקטיב 25 גר' חל,גרמים,200.00,100 גרם,false,,5.80,0.0290,true,1,119455
7290114311076,false,"חמאת מולר צהובה עם שום, 200 גרם",החברה המרכזית טלהפצת משקאות בע,,חמאת מולר צהובה עם ש,גרמים,200.00,100 גרם,false,,11.90,0.0595,true,1,120193
7290114311144,false,מה עז 9% שום שמיר150 גרם,מחלבת משק צוריאל,,מה עז גבינת עיזים בג,גרמים,150.00,100 גרם,false,,22.90,0.1527,true,1,120156
7290114311298,false,יוגורט מולר פרופ בטעם תות בננה מלון 150,החברה המרכזית טלהפצת משקאות בע,,יוגורט מולר קציפת תו,גרמים,150.00,100 גרם,false,,5.30,0.0353,true,1,121265
7290114311304,false,יוגורט קציפת מנגו פסיפלורה בננה 150 ג' מולר,החברה המרכזית טלהפצת משקאות בע,,יוגורט מולר פרופ קצי,גרמים,150.00,100 גרם,false,,5.30,0.0353,true,1,121266
7290114311328,false,חלב מועשר דל לקטוז מעושר בויטמין Dי 2% שומן טרה 1 ליטר,החברה המרכזית טלהפצת משקאות בע,,חלב נטול לקטוז מועשר,ליטרים,1.00,ליטר,false,,7.80,7.8000,false,1,121178
7290114311359,false,יוגורט עם קציפת מנגו 3% שומן פרופ 150 ג' מולר,החברה המרכזית טלהפצת משקאות בע,,יוגורט מולר קציפת מנ,גרמים,150.00,100 גרם,false,,5.30,0.0353,true,1,121264
7290114311434,false,מולר אקטיב יוגורט חלבון קרמל מלוח 200 גרם,החברה המרכזית טלהפצת משקאות בע,,מולר אקטיב בטעם קרמל,גרמים,200.00,100 גרם,false,,6.20,0.0310,true,1,122349
7290114311441,false,מולר אקטיב יוגורט חלבון עוגיות חמאה 200 גרם,החברה המרכזית טלהפצת משקאות בע,,מולר אקטיב בטעם עוגי,גרמים,200.00,100 גרם,false,,6.20,0.0310,true,1,122350
7290114311458,false,חלב קרטון 3% מועשר ויטמין די 1 ליטר,החברה המרכזית טלהפצת משקאות בע,,חלב 3% מועשר 1 ליטר,ליטרים,1.00,ליטר,false,,7.50,7.5000,false,1,121773
7290114311496,false,קרטון חלב מועשר 1% שומן 1 ליטר טרה,החברה המרכזית טלהפצת משקאות בע,,חלב 1% מועשר 1 ליטר,ליטרים,1.00,ליטר,false,,7.50,7.5000,false,1,121772
7290114600927,false,עלי טורטייה חיטה מלאה מאסטר שף 320 גרם,אלקאטי קורביישיסי גי,,מאסטר שף עלי טורטיה,גרמים,320.00,100 גרם,false,,9.90,0.0309,true,1,86326
7290114600941,false,מאסטר שף מיונז הולנדי לחיץ 435 גרם,ש. שסטוביץ בע`מ,,מאסטר שף מיונז לחיץ,מיליליטרים,435.00,"100 מ""ל",false,,12.90,0.0297,true,1,84804
7290114600996,false,מאסטר שף רוטב שום 256 גרם,ש. שסטוביץ בע`מ,,מאסטר שף רוטב שום,מיליליטרים,256.00,"100 מ""ל",false,,9.90,0.0387,true,1,85571
7290114603034,false,"פרי גרנולה אגוזים צימוקים וחמוציות, 300 ג'",ש. שסטוביץ בע`מ,,פרי גרנולה אגוזים צי,גרמים,300.00,100 גרם,false,,13.90,0.0463,true,1,86773
7290114603508,false,"רוטב להקצפה מאסטר שף 300 מ""ל",ש. שסטוביץ בע`מ,,מאסטר שף רוטב להקפצה,מיליליטרים,300.00,"100 מ""ל",false,,7.90,0.0263,true,1,86290
7290114603539,false,קרוטונים למרק שום בצל מאסטר שף 350 גרם,"עינת תעשיות מזון, אגשח ב",,מאסטר שף קרוטונים למ,גרמים,350.00,100 גרם,false,,18.90,0.0540,true,1,86020
7290114603768,false,"מארז אג'קס כלורון נוזל לניקוי אסלות 750 מ""ל*2 יח'",קולגייט פלמוליב,,"אג'קס שירותים 750 מ""",מיליליטרים,1500.00,"100 מ""ל",false,,24.90,0.0166,true,1,84526
7290114604840,false,"דפי אורז קוטר 16 כשל""פ מאסטר שף",ש. שסטוביץ בע`מ,,מאסטר שף דפי אורז 16,גרמים,400.00,100 גרם,false,,12.90,0.0323,true,1,87531
7290114604857,false,"דפי אורז מאסטר שף קוטר 22 ס""מ 400 גרם",ש. שסטוביץ בע`מ,,מאסטר שף דפי אורז 22,גרמים,400.00,100 גרם,false,,12.90,0.0323,true,1,87375
7290114604895,false,מאסטר שף מיונז ספייסי לחיץ 446 גרם,ש. שסטוביץ בע`מ,,מאסטר שף ממרח ספייסי,גרמים,446.00,100 גרם,false,,12.90,0.0289,true,1,89421
7290114604901,false,ממרח שום לחיץ מאסטר שף 444 גרם,ש. שסטוביץ בע`מ,,מאסטר שף ממרח שום לח,גרמים,444.00,100 גרם,false,,12.90,0.0291,true,1,89420
7290114604925,false,מנה אסייאתי קרם קוקוס פחית לייט 400 מ`ל,"תאי קוקונאט חברה בע""",,קרם קוקוס לייט מאסטר,מיליליטרים,400.00,"100 מ""ל",false,,8.90,0.0223,true,1,118007
7290114604932,false,רוטב ברביקיו דבש מאסטר שף 520 גרם,רמיה סי.וי. הולנד,,מאסטר שף רוטב ברביקי,גרמים,520.00,100 גרם,false,,12.90,0.0248,true,1,89065
7290114604949,false,מאסטר שף רוטב ברביקיו 524 גרם,רמיה סי.וי. הולנד,,מאסטר שף רוטב ברביקי,גרמים,524.00,100 גרם,false,,12.90,0.0246,true,1,89064
7290114605533,false,משטח חיתוך חד פעמי 30 יח' קוקי,ש.שסטוביץ בעמ,,משטח חיתוך חד פעמי ק,יחידה,0.00,יחידה,false,,19.90,0.0000,true,1,119431
7290114606530,false,רוטב בטעם מיונז וקטשופ מאסטר שף 515 גרם,ש. שסטוביץ בע`מ,,מאסטר שף רוטב בטעם מ,גרמים,515.00,100 גרם,false,,12.90,0.0250,true,1,89476
7290114606547,false,מיונז פטריות כמהין לחיץ מאסטר שף 242 גרם,ש. שסטוביץ בע`מ,,מיונז עם פטריות כמהי,גרמים,242.00,100 גרם,false,,12.90,0.0533,true,1,89591
7290114606554,false,מיונז מופחת קלוריות בקבוק לחיץ,ש. שסטוביץ בע`מ,,מאסטר שף ממרח ספייסי,גרמים,470.00,100 גרם,false,,12.90,0.0274,true,1,89475
7290114606578,false,שקדי מרק מאסטר שף 400 גרם,ש. שסטוביץ בע`מ,,שקדי מרק מאסטר שף,גרמים,400.00,100 גרם,false,,9.90,0.0248,true,1,117088
7290114606592,false,רוטב סויה מסורתית 46% פולי סויה מאסטר שף 620 ג',קריניציה ויטמינה אס,,סויה מסורתית מאסטר ש,מיליליטרים,620.00,"100 מ""ל",false,,15.90,0.0256,true,1,117371
7290114606608,false,רוטב סויה מסורתי מאסטר שף דל נתרן 40 דל נתרן,קריניציה ויטמינה אס,,סויה דל נתרן מאסטר ש,מיליליטרים,620.00,"100 מ""ל",false,,15.90,0.0256,true,1,117372
7290114608633,false,"דפי אצה מאסטר שף, 25 גרם",ש. שסטוביץ בע`מ,,מאסטר שף דפי אצה,גרמים,25.00,100 גרם,false,,12.90,0.5160,true,1,118898
7290114659840,false,סוכריה ג'לי על מקל מ,,,סוכריה ג'לי על מקל מ,גרמים,20.00,100 גרם,false,,2.90,0.1450,true,1,87453
7290114750820,false,גילט קליר דאורדורנט גל ארטיק אייס 2יח,דיפלומט מפיצים (1986) בע`מ,,דאודורנט קליר ג'ל A,יחידה,0.00,יחידה,false,,28.90,0.0000,true,1,84618
7290115071481,false,6 מטבעות שוקולד באריזת רשת 31 גר LOL,שמחה זה אנחנו בעמ,,מטבעות שוקולד ברשת L,גרמים,31.00,100 גרם,false,,3.90,0.1258,true,1,87457
7290115071504,false,6 מטבעות שוקולד באריזת רשת 31 גר סמי הכב,שמחה זה אנחנו בעמ,,מטבעות שוקולד ברשת ס,גרמים,31.00,100 גרם,false,,3.90,0.1258,true,1,87466
7290115071535,false,מטבעות שוקולד ברשת מפרץ הרפתקאות 31 גר,שמחה זה אנחנו,,מטבעות שוקולד ברשת מ,גרמים,31.00,100 גרם,false,,3.90,0.1258,true,1,87469
7290115075182,false,6 מטבעות שוקולד באריזת רשת 31 גר חד קרן,שמחה זה אנחנו בעמ,,מטבעות שוקולד ברשת ח,גרמים,31.00,100 גרם,false,,3.90,0.1258,true,1,87460
7290115079371,false,בקבוק נירוסטה דופן כ,,,בקבוק נירוסטה דופן כ,יחידה,0.00,יחידה,false,,39.00,0.0000,true,1,117669
7290115190014,false,סיגריות מרלבורו רד קצר בוקס,פיליפ מוריס בעמ,,מרלבורו רד PP חפיסה,יחידה,0.00,יחידה,false,,34.00,0.0000,false,1,85704
7290115190083,false,מרלבורו גולד פאקט) (10 חדש,פיליפ מוריס בעמ,,פקט מרלבורו גולד PP,יחידה,0.00,יחידה,false,,333.00,0.0000,false,1,85737
7290115190090,false,סיגריות מרלבורו קצר בוקס בודד,פיליפ מוריס בעמ,,מרלבורו גולד PP חפיס,יחידה,0.00,יחידה,false,,34.00,0.0000,false,1,85701
7290115190137,false,סיגריות מרלבורו טאצ סילבר יחידה,פיליפ מוריס בעמ,,מרלבורו פיין טאץ' P,יחידה,0.00,יחידה,false,,30.00,0.0000,false,1,85706
7290115190151,false,סיגריות מרלבורו טאצ גולד,פיליפ מוריס בעמ,,מרלבורו טאץ' PP חפיס,יחידה,0.00,יחידה,false,,30.00,0.0000,false,1,85707
7290115190199,false,פרלמנט נייט ארוך חפיסה) (20,פיליפ מוריס בעמ,,פרלמנט נייט 100PP,יחידה,0.00,יחידה,false,,39.00,0.0000,false,1,87204
7290115190212,false,סיגריות פרלמנט בלו 100 BR בודד,פיליפ מוריס בעמ,,פרלמנט בלו 100 PP חפ,יחידה,0.00,יחידה,false,,39.00,0.0000,false,1,85694
7290115190236,false,סיגריות פרלמנט קצר בלו בודד,פיליפ מוריס בעמ,,פרלמנט בלו PP חפיסה,יחידה,0.00,יחידה,false,,39.00,0.0000,false,1,85695
7290115190250,false,סיגריות פרלמנט קצר בודד,פיליפ מוריס בעמ,,פרלמנט נייט PP חפיסה,יחידה,0.00,יחידה,false,,39.00,0.0000,false,1,85696
7290115190335,false,ל.מ.בלו לייבל ארוך בוקס חפיסה,פיליפ מוריס בעמ,,ל.מ בלו 100 PP,יחידה,0.00,יחידה,false,,30.00,0.0000,false,1,87210
7290115190359,false,אל.אמ בלו לייבל קצר חפיסה) (20,פיליפ מוריס בעמ,,ל.מ. בלו PP חפיסה,יחידה,0.00,יחידה,false,,30.00,0.0000,false,1,85683
7290115190373,false,סיגריות ל.מ. קפסולהP,פיליפ מוריס בעמ,,ל.מ. קפסולה PP חפיסה,יחידה,0.00,יחידה,false,,30.00,0.0000,false,1,85687
7290115190434,false,סיגריות L.M וייב סלימס בודד,פיליפ מוריס בעמ,,ל.מ. וייב PP חפיסה,יחידה,0.00,יחידה,false,,30.00,0.0000,false,1,85685
7290115190502,false,נקסט פיין פקאט 10 יחידות,פיליפ מוריס בעמ,,פקט נקסט פיין PP,יחידה,0.00,יחידה,false,,282.00,0.0000,false,1,85716
7290115190519,false,סיגריות נקסט פיין חפ,פיליפ מוריס בעמ,,נקסט פיין PP חפיסה,יחידה,0.00,יחידה,false,,29.00,0.0000,false,1,85689
7290115190595,false,סיגריות נקסט אוריגינ,פיליפ מוריס בעמ,,נקסט אוריג'ינל PP חפ,יחידה,0.00,יחידה,false,,29.00,0.0000,false,1,85691
7290115200003,false,פתי בר פינוקי וניל אסם 220 גרם,קבוצת אוסם סחר שותפות מוגבלת,,פתיבר פינוקי וניל אס,גרמים,220.00,100 גרם,false,,10.90,0.0495,true,1,84896
7290115200027,false,אסם פתי בר פינוקים שוקו 220 גרם,קבוצת אוסם סחר שותפות מוגבלת,,פתיבר פינוקי שוקו אס,גרמים,220.00,100 גרם,false,,10.90,0.0495,true,1,84897
7290115200676,false,עוגיות קרמוגית במילוי קרם בטעם קרמל מלוח,קבוצת אוסם סחר שותפות מוגבלת,,אסם קרמוגית קרמל מלו,גרמים,200.00,100 גרם,false,,11.50,0.0575,true,1,85900
7290115200713,false,במבה קלאסי מארז אחיד 5*50 גר` אסם,קבוצת אוסם סחר שותפות מוגבלת,,מארז במבה,גרמים,250.00,100 גרם,false,,12.90,0.0516,true,1,84580
7290115200881,false,בייגלה שטוחים שומשום מליחות מעודנת אסם 300 גרם,קבוצת אוסם סחר שותפות מוגבלת,,בייגלה שטוחים שומשום,גרמים,300.00,100 גרם,false,,11.90,0.0397,true,1,87095
7290115201031,false,פתי בר פינוקי דובי שוקולד 175גר.,קבוצת אוסם סחר שותפות מוגבלת,,פתיבר דובי שוקולד,גרמים,175.00,100 גרם,false,,10.90,0.0623,true,1,88424
7290115201451,false,לביבות בטטה וקארי 455 גר` טבעול גורמה,קבוצת אוסם סחר שותפות מוגבלת,,טבעול גורמה לביבות ב,גרמים,455.00,100 גרם,false,,33.90,0.0745,true,1,119378
7290115201475,false,טבעול גורמה לביבות כרישה 434 גרם,קבוצת אוסם סחר-שות.מוגבלת,,טבעול גורמה לביבות כ,גרמים,434.00,100 גרם,false,,33.90,0.0781,true,1,119379
7290115201536,false,"טבעול גורמה לביבות כרובית ותפו""א 442 גרם",קבוצת אוסם סחר שותפות מוגבלת,,טבעול גורמה לביבות כ,גרמים,442.00,100 גרם,false,,33.90,0.0767,true,1,119380
7290115201550,false,חטיף ביסלי קרנבל מיקס 150 גר אסם,קבוצת אוסם סחר שותפות מוגבלת,,ביסלי קרנבל מיקס 150,גרמים,150.00,100 גרם,false,,9.00,0.0600,false,1,85888
7290115201680,false,ביסלי חטיף בטעם ברביקין אסם (70 גרם),קבוצת אוסם סחר שותפות מוגבלת,,ביסלי ברביקיו 70 גרם,גרמים,70.00,100 גרם,false,,4.70,0.0671,false,1,85889
7290115201703,false,ביסלי חטיף בטעם ברביקין אסם (200 גרם),קבוצת אוסם סחר שותפות מוגבלת,,ביסלי ברביקיו 200 גר,גרמים,200.00,100 גרם,false,,9.00,0.0450,false,1,85890
7290115201727,false,ביסלי חטיף בטעם בצל אסם (200 גרם),קבוצת אוסם סחר-שות.מוגבלת,,ביסלי בצל 200 גרם,גרמים,200.00,100 גרם,false,,9.00,0.0450,false,1,85891
7290115201741,false,ביסלי חטיף בטעם בצל אסם (70 גרם),קבוצת אוסם סחר שותפות מוגבלת,,ביסלי בצל 70 גרם,גרמים,70.00,100 גרם,false,,4.70,0.0671,false,1,85892
7290115202212,false,טבעול גורמה לביבות סלק 434 גרם,קבוצת אוסם סחר-שות.מוגבלת,,טבעול גורמה לביבות ס,גרמים,434.00,100 גרם,false,,33.90,0.0781,true,1,119381
7290115202236,false,טופו קראנצי`ם 470 גרם טבעול,קבוצת אוסם סחר שותפות מוגבלת,,טבעול טופו קראנצ'ים,גרמים,470.00,100 גרם,false,,31.00,0.0660,false,1,90092
7290115202250,false,טופו קראנצי`ם צ`ילי פיקנטי 470 גרם טבעול,קבוצת אוסם סחר שותפות מוגבלת,,טבעול טופו קראנצ'ים,גרמים,470.00,100 גרם,false,,31.00,0.0660,false,1,90093
7290115202434,false,צבר סלט חומוס עם זעתר 375 גרם,קבוצת אוסם סחר שותפות מוגבלת,,צבר חומוס זעתר,גרמים,375.00,100 גרם,false,,12.00,0.0320,true,1,87622
7290115202762,false,מיני ניוקי טריקולור 500 גרם פרפקטו אסם,קבוצת אוסם סחר-שות.מוגבלת,,פרפקטו מיני ניוקי טר,גרמים,500.00,100 גרם,false,,13.90,0.0278,true,1,88592
7290115202786,false,מנה חמה פאוצ' נדלס.אטר.טעם בקר 70 גרם,קבוצת אוסם סחר שותפות מוגבלת,,מנה חמה פאוצ' בקר,גרמים,70.00,100 גרם,false,,4.40,0.0629,true,1,88593
7290115202816,false,מנה חמה פאוץ נודלס אטריות טעם עוף 70 גרם,קבוצת אוסם סחר שותפות מוגבלת,,מנה חמה פאוצ' עוף,גרמים,70.00,100 גרם,false,,4.40,0.0629,true,1,88594
7290115202847,false,מנה חמה פאוצ' נדלס ספייסי אסם 70 ג',קבוצת אוסם סחר שותפות מוגבלת,,מנה חמה פאוצ' נודלס,גרמים,70.00,100 גרם,false,,4.40,0.0629,true,1,88595
7290115202939,false,מנה חמה רייס נודלס עוף פטריות אסם 50 גרם,קבוצת אוסם סחר שותפות מוגבלת,,מנה חמה רייס נודלס ע,גרמים,50.00,100 גרם,false,,8.50,0.1700,true,1,117940
7290115203134,false,חטיף פופקו פופקורן במבה אסם (80 גרם),קבוצת אוסם סחר שותפות מוגבלת,,פופקו פופקורן במבה,גרמים,80.00,100 גרם,false,,5.30,0.0662,false,1,89163
7290115203172,false,במבה PRO מכיל 18 גרם חלבון בשקית,קבוצת אוסם סחר שותפות מוגבלת,,במבה פרו 80 גר',גרמים,80.00,100 גרם,false,,5.00,0.0625,false,1,120914
7290115203295,false,פרפקטו פסטה ריציאולי מהדורה 12*500גרם,קבוצת אוסם סחר שותפות מוגבלת,,פרפקטו פסטה ריציאולי,גרמים,500.00,100 גרם,false,,11.50,0.0230,false,1,88587
7290115203486,false,פירורית טעם ביסלי גריל אסם (200 גרם),קבוצת אוסם סחר שותפות מוגבלת,,פירורית בטעם ביסלי ג,גרמים,200.00,100 גרם,false,,6.00,0.0300,false,1,89169
7290115204056,false,"קטשופ מופחת סוכר אסם 690 גרם כשל""פ",קבוצת אוסם סחר שותפות מוגבלת,,קטשופ אסם מופחת סוכר,גרמים,690.00,100 גרם,false,,9.90,0.0143,false,1,89559
7290115204131,false,צבר סחוג ירוק 6*190גרם חדש,קבוצת אוסם סחר שותפות מוגבלת,,צבר סחוג ירוק,גרמים,190.00,100 גרם,false,,12.90,0.0679,true,1,118673
7290115204155,false,סחוג אדום המעדנייה ש,קבוצת אוסם סחר שותפות מוגבלת,,צבר סחוג אדום,גרמים,190.00,100 גרם,false,,12.90,0.0679,true,1,118674
7290115204186,false,פסטו המעדינה של צבר,קבוצת אוסם סחר שותפות מוגבלת,,צבר פסטו,גרמים,190.00,100 גרם,false,,16.90,0.0889,true,1,118539
7290115204247,false,ממרח עגבניות מיובשות 190 ג' צבר,קבוצת אוסם סחר שותפות מוגבלת,,צבר עגבניות מיובשות,גרמים,190.00,100 גרם,false,,16.90,0.0889,true,1,118540
7290115204261,false,אריסה חריפה המעדנייה,קבוצת אוסם סחר שותפות מוגבלת,,צבר אריסה,גרמים,190.00,100 גרם,false,,12.90,0.0679,true,1,118706
7290115205022,false,אוסם - שקדי מרק מקלונים 350 גרם,קבוצת אוסם סחר שותפות מוגבלת,,שקדי מרק מקלונים אסם,גרמים,350.00,100 גרם,false,,10.00,0.0286,false,1,117174
7290115205176,false,729001032825פיטנס חטיפי קרקר כפרי 140גר.,קבוצת אוסם סחר שותפות מוגבלת,,פיטנס קרקר דק כפרי,גרמים,140.00,100 גרם,false,,11.90,0.0850,true,1,117589
7290115205251,false,פריכיות קרמל מלוח פיטנס בר 84 גרם,קבוצת אוסם סחר שותפות מוגבלת,,פיטנס בר פריכיות קרמ,גרמים,84.00,100 גרם,false,,12.90,0.1536,true,1,121497
7290115205312,false,קרקר פיטנס דק עם זיתי קלמטה ועשבי תיבול,קבוצת אוסם סחר שותפות מוגבלת,,פיטנס קרקר זיתים,גרמים,140.00,100 גרם,false,,11.90,0.0850,true,1,120161
7290115205527,false,חטיף מולטיגריין עם עדשים ( 25 גר`) פיטנס,קבוצת אוסם סחר שותפות מוגבלת,,פיטנס חטיף מולטגריין,גרמים,25.00,100 גרם,false,,4.90,0.1960,true,1,120311
7290115205541,false,חטיף מולטיגריין עם חומוס ( 25 גר`) פיטנס,קבוצת אוסם סחר שותפות מוגבלת,,פיטנס חטיף מולטיגריי,גרמים,25.00,100 גרם,false,,4.90,0.1960,true,1,120312
7290115205619,false,אסם פתי בר פינוקי עוגת גבינה 220 גרם,קבוצת אוסם סחר שותפות מוגבלת,,פתיבר פינוקי עוגת גב,גרמים,220.00,100 גרם,false,,10.90,0.0495,true,1,120164
7290115205633,false,טבעול סנסשיונל/גורמה נקנקיות 350 גר',קבוצת אוסם סחר שותפות מוגבלת,,טבעול סנסשיונל נקנקי,גרמים,350.00,100 גרם,false,,33.90,0.0969,true,1,119134
7290115205695,false,אסם בונזור בצק מצונן לפיצה 460 גרם,קבוצת אוסם סחר-שות.מוגבלת,,בצק מצונן לפיצה בונז,גרמים,460.00,100 גרם,false,,17.90,0.0389,true,1,118854
7290115205718,false,אסם בונזור בצק מצונן עלים 230 גרם,קבוצת אוסם סחר-שות.מוגבלת,,בצק מצונן עלים בונז',גרמים,230.00,100 גרם,false,,13.90,0.0604,true,1,118855
7290115206135,false,טבעול גורמה ארוחת קינואה 450 גרם,קבוצת אוסם סחר שותפות מוגבלת,,טבעול גורמה ארוחת קי,גרמים,450.00,100 גרם,false,,33.90,0.0753,true,1,119137
7290115207163,false,פרפקטו ניוקי בזיליקום ושום אסם 500 גרם,קבוצת אוסם סחר-שות.מוגבלת,,פרפקטו ניוקי בזיליקו,גרמים,500.00,100 גרם,false,,14.90,0.0298,true,1,118700
7290115207309,false,אינסטנט פודינג בטעם טירמיסו אסם 70 גר`,קבוצת אוסם סחר-שות.מוגבלת,,אינסטנט פודינג טירמי,גרמים,70.00,100 גרם,false,,5.80,0.0829,false,1,120163
7290115207347,false,"אינסטנט פודינג פירות יער אסם 80 גרם בד""ץ",קבוצת אוסם סחר-שות.מוגבלת,,אינסטנט פודינג פירות,גרמים,80.00,100 גרם,false,,5.80,0.0725,false,1,120162
7290115207361,false,ביסקוויט פתיבר בטעם פיסטוק,קבוצת אוסם סחר שותפות מוגבלת,,פתיבר פיסטוק 500 גר,גרמים,500.00,100 גרם,false,,13.90,0.0278,false,1,120165
7290115207484,false,צבר סלט חציל על האש היתר 360 גרם,קבוצת אוסם סחר שותפות מוגבלת,,צבר חציל על האש,גרמים,400.00,100 גרם,false,,15.90,0.0398,true,1,118543
7290115207507,false,סלט טורקי צבר היתר 360 גר`,קבוצת אוסם סחר שותפות מוגבלת,,צבר סלט טורקי,גרמים,360.00,100 גרם,false,,15.90,0.0442,true,1,118542
7290115207620,false,"רוטב בסגנון סויה קלאסי 290 מ""ל אסם",קבוצת אוסם סחר שותפות מוגבלת,,רוטב בסגנון סויה קלא,מיליליטרים,290.00,"100 מ""ל",false,,13.90,0.0479,true,1,119969
7290115207682,false,אסם רוטב בסגנון סויה סיני 9*290מל חדש,קבוצת אוסם סחר שותפות מוגבלת,,רוטב סויה בסגנון סינ,מיליליטרים,290.00,"100 מ""ל",false,,12.00,0.0414,true,1,119967
7290115207798,false,טבעול המבורגר חריף טבעוני 420 גרם,קבוצת אוסם סחר שותפות מוגבלת,,טבעול בורגר חריף טבע,גרמים,420.00,100 גרם,false,,31.00,0.0738,true,1,120167
7290115207880,false,סירופ ויטמינציק פטל 2 ליטר,קבוצת אוסם סחר שותפות מוגבלת,,ויטמינצ'יק פטל 2 ליט,ליטרים,2.00,ליטר,false,,39.90,19.9500,false,1,118725
7290115207903,false,סירופ ויטמינציק תפוח 2 ליטר,קבוצת אוסם סחר שותפות מוגבלת,,ויטמינצ'יק תפוח 2 לי,ליטרים,2.00,ליטר,false,,39.90,19.9500,false,1,118726
7290115207941,false,סירופ אננס ויטמינצ'יק 1 ליטר,קבוצת אוסם סחר שותפות מוגבלת,,ויטמינצ'יק אננס 1 לי,ליטרים,1.00,ליטר,false,,21.90,21.9000,false,1,118719
7290115207965,false,סירופ מנגו אפרסק ויטמינצ'יק 1 ליטר,קבוצת אוסם סחר שותפות מוגבלת,,ויטמינצ'יק מנגו אפרס,ליטרים,1.00,ליטר,false,,21.90,21.9000,false,1,118721
7290115207989,false,סירופ לימון ויטמינצ'יק 1 ליטר,קבוצת אוסם סחר שותפות מוגבלת,,ויטמינצ'יק לימון 1 ל,ליטרים,1.00,ליטר,false,,21.90,21.9000,false,1,118834
7290115208009,false,סירופ ענבים ויטמינצ'יק 1 ליטר,קבוצת אוסם סחר שותפות מוגבלת,,ויטמינצ'יק ענבים 1 ל,ליטרים,1.00,ליטר,false,,21.90,21.9000,false,1,118728
7290115208023,false,סירופ ויטמינציק ענבים 2 ליטר,קבוצת אוסם סחר שותפות מוגבלת,,ויטמינצ'יק ענבים 2 ל,ליטרים,2.00,ליטר,false,,39.90,19.9500,false,1,118729
7290115208047,false,סירופ פטל ויטמינצ`יק (1 ליטר),קבוצת אוסם סחר שותפות מוגבלת,,ויטמינצ'יק פטל 1 ליט,ליטרים,1.00,ליטר,false,,21.90,21.9000,false,1,118720
7290115208061,false,סירופ תפוח ויטמינצ'יק 1 ליטר,קבוצת אוסם סחר שותפות מוגבלת,,ויטמינצ'יק תפוח 1 לי,ליטרים,1.00,ליטר,false,,21.90,21.9000,false,1,118722
7290115208320,false,אפרופו חטיף בטעם ביסלי בצל 50 גרם,קבוצת אוסם סחר שותפות מוגבלת,,אפרופו בטעם ביסלי בצ,גרמים,50.00,100 גרם,false,,5.20,0.1040,false,1,122123
7290115208344,false,שטוחים בייגלה כפיות שמנת בצל 300גר,קבוצת אוסם סחר שותפות מוגבלת,,בייגלה כפיות שמנת בצ,גרמים,300.00,100 גרם,false,,11.90,0.0397,false,1,121063
7290115208566,false,קרמוגית במילוי קרם בייגלה 200 גרם אסם,קבוצת אוסם סחר-שות.מוגבלת,,אסם קרמוגית מיניס קר,גרמים,200.00,100 גרם,false,,11.50,0.0575,true,1,120918
7290115208597,false,קרמוגית מיניס קרמל מלוח אסם 200 גרם,קבוצת אוסם סחר שותפות מוגבלת,,אסם קרמוגית מיניס קר,גרמים,200.00,100 גרם,false,,11.50,0.0575,true,1,120919
7290115208801,false,קרקר לחמית דבש ואגוזים אסם (190 גרם),קבוצת אוסם סחר שותפות מוגבלת,,לחמית דבש ואגוזים,גרמים,200.00,100 גרם,false,,10.50,0.0525,true,1,121062
7290115208849,false,"מנה חמה פסטה מוקרמת ט.עוף בד""צ 55גר",קבוצת אוסם סחר שותפות מוגבלת,,מנה חמה פירה עם בטטה,גרמים,51.00,100 גרם,false,,6.70,0.1314,false,1,122117
7290115209198,false,במבה אוורירית אסם 80 גרם,קבוצת אוסם סחר שותפות מוגבלת,,במבה אוורירית 80 גר,גרמים,80.00,100 גרם,false,,5.00,0.0625,false,1,120308
7290115209235,false,ביסקוויט פתי בר קפה אסם (500 גרם),קבוצת אוסם סחר שותפות מוגבלת,,אסם פתי בר קפה,גרמים,500.00,100 גרם,false,,13.90,0.0278,false,1,121500
7290115209358,false,במבה במילוי בראוניז אסם (60 גרם),קבוצת אוסם סחר שותפות מוגבלת,,במבה במילוי בראוניז,גרמים,60.00,100 גרם,false,,5.30,0.0883,true,1,122120
7290115209372,false,במבה במילוי בראוניז 150 גרם אוסם,קבוצת אוסם סחר שותפות מוגבלת,,במבה במילוי בראוניז,גרמים,150.00,100 גרם,false,,9.60,0.0640,false,1,122121
7290115250503,false,קרקר כוסמין שום ועשבי תיבול שקית 225 גרם,"מאפיית פת במלח בע""מ",,קרקר כוסמין שום ועשב,גרמים,225.00,100 גרם,false,,21.90,0.0973,true,1,121937
7290115251227,false,קרקר חומוס מתובל פתפ,"מאפיית פת במלח בע""מ",,קרקר חומוס מתובל פת,גרמים,225.00,100 גרם,false,,21.90,0.0973,true,1,121938
7290115252354,false,וירו - מנת קינואה - בסגנון ים תיכוני - זוקיני ובצל 340+130 מל',,,וירו - מנת קינואה בס,גרמים,470.00,100 גרם,false,,11.90,0.0253,true,1,117985
7290115252460,false,מקלות כוסמין פתפותים,"מאפיית פת במלח בע""מ",,מקלות כוסמין פתפותים,גרמים,200.00,100 גרם,false,,19.90,0.0995,true,1,88581
7290115252484,false,פאי כוסמין פיצוחים400ג,פתפותים לחמים ומאפים מקמ,,פאי פיצוחים פתפותים,גרמים,400.00,100 גרם,false,,44.90,0.1122,true,1,88582
7290115252521,false,פאי אגוזי לוז פתפותי,,,פאי אגוזי לוז פתפותי,מיליליטרים,400.00,"100 מ""ל",false,,44.90,0.1122,true,1,121935
7290115252545,false,עוגיות כוסמין מרוקאי,,,עוגיות כוסמין מרוקאי,גרמים,200.00,100 גרם,false,,18.90,0.0945,true,1,121864
7290115252798,false,עוגיות כוסמין חמאה פ,,,עוגיות כוסמין חמאה פ,גרמים,200.00,100 גרם,false,,18.90,0.0945,true,1,121866
7290115259223,false,"מרציפן קלאסי כשל""פ בעבודת יד",,,מרציפן קלאסי Fenster,גרמים,40.00,100 גרם,false,,9.90,0.2475,true,1,88320
7290115259407,false,מרציפן קלאסי בציפוי,,,מרציפן קלאסי בציפוי,גרמים,40.00,100 גרם,false,,9.90,0.2475,true,1,121868
7290115259414,false,מרציפן פיסטוק בציפוי,,,מרציפן פיסטוק בציפוי,גרמים,40.00,100 גרם,false,,9.90,0.2475,true,1,121867
7290115259421,false,מרציפן דובדבן בציפוי,,,מרציפן דובדבן בציפוי,גרמים,40.00,100 גרם,false,,9.90,0.2475,true,1,121976
7290115259438,false,מרציפן אספרסו בציפוי,,,מרציפן אספרסו בציפוי,גרמים,40.00,100 גרם,false,,9.90,0.2475,true,1,121975
7290115670677,false,אנרג`י גרנולה פירות טרופיים 400 גרם,שטראוס גרופ בע`מ,,גרנולה אנרג'י פירות,גרמים,400.00,100 גרם,false,,14.90,0.0373,true,1,88758
7290115670684,false,גרנולה שיבולת שועל עם אגוזי לוז,אנרג'י Energy - שטראוס,,גרנולה אנרג'י אגוזים,גרמים,400.00,100 גרם,false,,14.90,0.0373,true,1,88759
7290115670691,false,גרנולה שיבולת שועל עם פירות יער,אנרג'י Energy - שטראוס,,גרנולה אנרג'י פירות,גרמים,400.00,100 גרם,false,,14.90,0.0373,true,1,88761
7290115670707,false,גרנולה שיבולת שועל עם שוקולד ואגוזי לוז,אנרג'י Energy - שטראוס,,גרנולה אנרג'י שוקול,גרמים,400.00,100 גרם,false,,14.90,0.0373,true,1,88760
7290115671155,false,שלישיית סוכריות מאסט FRESH ענבים 45 גרם,שטראוס גרופ בע`מ,,שלישיית סוכריות פרש,גרמים,45.00,100 גרם,false,,9.50,0.2111,true,1,118601
7290115671223,false,מסטיק מאסט פאן אבטיח מנגו צנצנת 58 גרם,שטראוס גרופ בע`מ,,מאסט פאן אבטיח מנגו,גרמים,58.00,100 גרם,false,,9.90,0.1707,true,1,118599
7290115671308,false,מסטיק מאסט פאן תות דובדבן צנצנת 58 גרם,שטראוס גרופ בע`מ,,מאסט פאן תות דובדבן,גרמים,58.00,100 גרם,false,,9.90,0.1707,true,1,118600
7290115671339,false,מיני פינוקיות בראוניז בייגל בוטן עלית 180 ג' עלית,"הגביע מוצרי ופלים בע""\מ",,מיני פינוקיות בראוני,גרמים,180.00,100 גרם,false,,11.50,0.0639,true,1,90230
7290115671346,false,מיני פינוקיות טופי קרמל מלוח עלית 180 גרם,"הגביע מוצרי ופלים בע""\מ",,מיני פינוקיות טופי ק,גרמים,180.00,100 גרם,false,,11.50,0.0639,true,1,90231
7290115671353,false,מיני פינוקיות עוגיות קקאו במילוי קרם בטעם וניל,"הגביע מוצרי ופלים בע""\מ",,מיני פינוקיות שחור ל,גרמים,180.00,100 גרם,false,,11.50,0.0639,true,1,118606
7290115671421,false,פולי אספרסו עשירים וארומטיים עוצמה 10 עלית 250 גרם,שטראוס קפה בי. וי.,,פולי אספרסו עשירים ו,גרמים,250.00,100 גרם,false,,21.90,0.0876,false,1,119340
7290115675696,false,דגני בוקר קראנצ'ים שיבולת שועל עם אגוזים ושקדים,שטראוס פריטו ליי בע`מ,,קוואקר Cruesli אגוזי,גרמים,375.00,100 גרם,false,,19.90,0.0531,true,1,90261
7290115675702,false,דגני בוקר קראנצ'ים שיבולת שועל עם פירות מיובשים,שטראוס פריטו ליי בע`מ,,קוואקר Cruesli פירות,גרמים,375.00,100 גרם,false,,19.90,0.0531,true,1,90262
7290115675986,false,דנונה יוגורט בר עם אגוזים מקורמלים 173 גרם,שטראוס גרופ בעמ/מצונן,,דנונה קראנצ אגוזים מ,גרמים,173.00,100 גרם,false,,4.60,0.0266,false,1,87394
7290115676037,false,דנונה ריפרש יוגורט עם תות ודומדמניות 1.6% שומן,שטראוס גרופ בעמ/מצונן,,דנונה ריפרש תות דומד,גרמים,250.00,100 גרם,false,,5.50,0.0220,true,1,89266
7290115676051,false,"משקה אקטיביה שיבולת שועל במתיקות מעודנת 250 מ""ל",שטראוס גרופ בעמ/מצונן,,משקה אקטיביה עם שיבו,גרמים,265.00,100 גרם,false,,4.90,0.0185,true,1,117597
7290115676082,false,משקה דנונה פרו 20 יוגורט תות 255 ג' רבנות,שטראוס גרופ בעמ/מצונן,,משקה דנונה פרו תות,גרמים,255.00,100 גרם,false,,6.90,0.0271,true,1,89269
7290115676099,false,משקה דנונה פרו 20 יוגורט וניל 255 ג' רבנות,שטראוס גרופ בעמ/מצונן,,משקה דנונה פרו וניל,גרמים,255.00,100 גרם,false,,6.90,0.0271,true,1,89270
7290115676273,false,אבקת קקאו עלית 500 גרם+ 10% תוספת,שטראוס קפה בי.וי.,,קקאו 500 גרם +10% תו,גרמים,550.00,100 גרם,false,,26.90,0.0489,true,1,88684
7290115676341,false,אריזות דבש אישיות טו גו 18 * 162 ג' יד מרדכי,מכוורת יד מרדכי שטראוס ב,,מארז דבש מנות אישיות,גרמים,162.00,100 גרם,false,,21.90,0.1352,true,1,120911
7290115677423,false,אורז ירוק קארי חריף חריף דלישס 350 גרם,קפוא-זן תעשיות מזון בעמ - תפוג,,אורז קארי ירוק חריף,גרמים,350.00,100 גרם,false,,23.90,0.0683,true,1,117344
7290115677966,false,ממרח אבוקדו טעם הטבע 200 גרם,שטראוס גרופ בעמ/מצונן,,ממרח אבוקדו 200 גרם,גרמים,200.00,100 גרם,false,,13.90,0.0695,true,1,117381
7290115678222,false,מארז 8 גביעים יוגורט Greek בסגנון יווני 6.5% שומן,שטראוס גרופ בעמ/מצונן,,יוגורט יווני מארז שמ,קילוגרמים,1.04,"ק""ג",false,,23.90,22.9808,true,1,89268
7290115678376,false,מעדן הגולן שוקולד 125 גרם,שטראוס גרופ בעמ/מצונן,,מעדן הגולן שוקולד,גרמים,125.00,100 גרם,false,,2.80,0.0224,false,1,90301
7290115678383,false,מעדן הגולן שוקולד מריר בודד 125גר,שטראוס גרופ בעמ/מצונן,,מעדן הגולן מריר,גרמים,125.00,100 גרם,false,,2.80,0.0224,false,1,90302
7290115678635,false,נשנושי גבינה -גבינת שמנת 16%+כעכים שטוחים עם מלח,שטראוס גרופ בעמ/מצונן,,נשנושי גבינה 16% עם,גרמים,67.00,100 גרם,false,,10.00,0.1493,false,1,120896
7290115678642,false,נשנושי גבינה 16% עם חטיף אפוי עם זיתים 67 ג' שטראוס,שטראוס גרופ בעמ/מצונן,,נשנושי גבינה 16% עם,גרמים,67.00,100 גרם,false,,10.00,0.1493,false,1,120897
7290115678970,false,מארז סוכריות FRESH בטעם בזוקה עלית 3*15 ג',"הליקון גידה בע""\מ",,סוכריות FRESH בטעם ב,גרמים,45.00,100 גרם,false,,9.50,0.2111,true,1,90306
7290115679885,false,פיצה מבצק עם כרובית עם רוטב עגבניות ומוצרלה,קפוא זן תעשיות מזון בעמ,,פיצה מבצק כרובית,גרמים,320.00,100 גרם,false,,19.90,0.0622,true,1,119077
7290116530109,false,חטיף קליק נוגט ציפוי שוקולד לבן 35 גרם,"יוניליוור ישראל שיווק בע""מ",,קליק אוקיי נוגט לבן,גרמים,35.00,100 גרם,false,,5.00,0.1429,true,1,117204
7290116530161,false,"תחליב רחצה בניחוח שייק אננס, מלון וחלב שיבולת שועל",יוניליוור ישראל שיווק בע`מ,,פינוק תחליב רחצה אננ,מיליליטרים,700.00,"100 מ""ל",false,,11.90,0.0170,false,1,89299
7290116530185,false,"קורנפלקס דלישקד קרמל מלוח 400 גרם בד""ץ",יוניליוור ישראל שיווק בע`מ,,דלישקד 400 גר' תלמה,גרמים,400.00,100 גרם,false,,19.90,0.0497,false,1,117429
7290116530215,false,דאודרנט סטיק לגבר דרק טמפטיישן 76 ג' אקס,"יוניליוור ישראלשיווק בע""מ",,אקס שוקולד סטיק,גרמים,77.00,100 גרם,false,,15.90,0.2065,false,1,89294
7290116530482,false,תלמה מארז קורנפלקס אלופים 30 גרם*5 יחידו,יוניליוור ישראל שיווק בע`מ,,מאגדת קורנפלקס אלופי,גרמים,150.00,100 גרם,false,,11.90,0.0793,false,1,117430
7290116531090,false,בייגל בייגל דג דג במליחות עדינה 250 גרם,יוניליוור ישראל שיווק בע`מ,,דגדג במליחות מעודנת,גרמים,250.00,100 גרם,false,,11.50,0.0460,true,1,118659
7290116531243,false,"שמפו ומרכך 2ב-1 למניעת קשקשים 700 מ""ל פינוק","יוניליוור ישראל שיווק בע""מ",,פינוק שמפו 2-ב-1 קשק,מיליליטרים,700.00,"100 מ""ל",false,,11.90,0.0170,false,1,121954
7290116531496,false,קינמונים דגנים פריכים מצופים קינמון 375,"יוניליוור ישראל שיווק בע""מ",,קינמונים 375 גר',גרמים,375.00,100 גרם,false,,19.90,0.0531,false,1,120213
7290116531540,false,"קורנפלקס דבש 375 גרם כשל""פ רבנות","יוניליוור ישראלשיווק בע""מ",,"קורנפלקס דבש כשל""פ ת",גרמים,375.00,100 גרם,false,,15.90,0.0424,true,1,119576
7290116531557,false,"פריכיות פתית תירס עם מלח 150 גרם כשל""פ",יוניליוור ישראל שיווק בע`מ,,מאגדת פתית פריכיות ת,גרמים,150.00,100 גרם,false,,13.90,0.0927,true,1,119532
7290116531564,false,מאגדת פתית פריכיות תירס דקות עם קינואה ובזיליקום 150 ג',יוניליוור ישראל שיווק בע`מ,,מאגדת פתית פריכיות ק,גרמים,150.00,100 גרם,false,,13.90,0.0927,true,1,119533
7290116531762,false,דפים ריחניים למייבש כביסה בדין ורוד 40 יחידות,יוניליוור ישראל שיווק בע`מ,,בדין דפים למייבש ורו,יחידה,0.00,יחידה,false,,18.90,0.0000,true,1,120123
7290116531779,false,דפים ריחניים למייבש כביסה בדין כחול 40 יחידות,יוניליוור ישראל שיווק בע`מ,,בדין דפי מרכך כחול 4,יחידה,0.00,יחידה,false,,18.90,0.0000,true,1,120337
7290116531885,false,"מיונז הלמנס טיבעוני בד""ץ 500 גר",יוניליוור ישראל שיווק בע`מ,,הלמנס ממרח טבעוני 50,גרמים,500.00,100 גרם,false,,13.90,0.0278,true,1,120877
7290116531939,false,גלידה בשומן צמחי בטעם תות שדה בציפוי מכיל שוקולד,"גלידת שטראוס בע""\מ, רח'",,גלידונית תות שדה,מיליליטרים,955.00,"100 מ""ל",false,,49.90,0.0523,false,1,120126
7290116532219,false,קורנפלקס תות תלמה אלופים 448 גרם,"יוניליוור ישראל שיווק בע""מ",,קורנפלקס תות 448 תלמ,גרמים,500.00,100 גרם,false,,19.90,0.0398,false,1,120477
7290116532240,false,קליק טבלה שוקולד חלב פצפוצי דגנים ועוגי 85 גרם רבנות,יוניליוור ישראל שיווק בע`מ,,קליק טבלה שוקולד חלב,גרמים,85.00,100 גרם,false,,7.00,0.0824,false,1,120502
7290116532264,false,גודיז פרי אפרסק – שלגון מופחת קלוריות עם יוגורט בציפוי בטעם אפרסק,"גלידת שטראוס בע""\מ, רחוב",,מאגדת גודיז פרי אפרס,גרמים,300.00,100 גרם,false,,25.90,0.0863,true,1,120432
7290116532271,false,סנדוויץ לייט גודיז שוקולד וניל 270 ג' שטראוס,"גלידת שטראוס בע""\מ, רחוב",,מאגדת גודיז סנדוויץ,גרמים,270.00,100 גרם,false,,29.90,0.1107,true,1,120431
7290116532394,false,"אל סבון ידיים נוזלי חמאת קקאו 950 מ""ל פינוק",יוניליוור ישראל שיווק בע`מ,,פינוק סבון ידיים חמא,מיליליטרים,950.00,"100 מ""ל",false,,13.90,0.0146,true,1,120212
7290116532400,false,בייגל בייגל בייגלה מקלות עם מלח 235ג,"יוניליוור ישראל שיווק בע""מ",,בייגלה עם מלח אחד אח,גרמים,255.00,100 גרם,false,,6.50,0.0255,true,1,121955
7290116532462,false,גלידת שמנת קליק בטעמי שוקולד בננה 384 ג' שטראוס,"גלידת שטראוס בע""\מ, רחוב",,גלידת שמנת פיינט קלי,מיליליטרים,520.00,"100 מ""ל",false,,19.90,0.0383,true,1,119959
7290116532615,false,פינוק שמפו לשיער בתוספת גוגי ברי 700 מל,יוניליוור ישראל שיווק בע`מ,,פינוק שמפו גוג'י ברי,מיליליטרים,700.00,"100 מ""ל",false,,11.90,0.0170,false,1,120876
7290116532622,false,"מרכך לשיער בתוספת תמצית גוג'י ברי פינוק 700 מ""ל.",יוניליוור ישראל שיווק בע`מ,,פינוק מרכך גוג'י ברי,מיליליטרים,700.00,"100 מ""ל",false,,11.90,0.0170,false,1,120875
7290116532868,false,פינוק בייבי שמפו אל דמע לתינוקות 900 מל,יוניליוור ישראל שיווק בע`מ,,פינוק שמפו בייבי 900,מיליליטרים,900.00,"100 מ""ל",false,,19.90,0.0221,true,1,121343
7290116532875,false,פינוק בייבי אל סבון לתינוקות 970 מל-משאבה,יוניליוור ישראל שיווק בע`מ,,פינוק סבון נוזלי ביי,מיליליטרים,900.00,"100 מ""ל",false,,19.90,0.0221,true,1,121235
7290116532882,false,נישנושים איירביס טעם בצל 155 גר`,יוניליוור ישראל שיווק בע`מ,,נשנושים איירביס בצל,גרמים,155.00,100 גרם,false,,13.50,0.0871,false,1,121980
7290116532899,false,נישנושים איירביס טעם פלאפל 155 גר`,יוניליוור ישראל שיווק בע`מ,,נשנושים איירביס פלאפ,גרמים,155.00,100 גרם,false,,13.50,0.0871,false,1,121981
7290116532905,false,נישנושים איירביס טעם ברביקיו 155 גר`,יוניליוור ישראל שיווק בע`מ,,נשנושים איירביס ברבי,גרמים,155.00,100 גרם,false,,13.50,0.0871,false,1,121982
7290116533063,false,דגני בוקר שוגי קרטיב ענבים 400 גרם,יוניליוור ישראל שיווק בע`מ,,שוגי בטעם קרטיב ענבי,גרמים,400.00,100 גרם,false,,19.90,0.0497,false,1,120984
7290116930015,false,GO חטיף חלבון חטיף בוטנים קריספי 20 גרם חלבון,"בלמונט קונפקציות בע""\מ.",,חטיף חלבון GO קרמל ח,יחידה,0.00,יחידה,false,,11.90,0.0000,true,1,120989
7290116930282,false,ארוחה בקטנה לאבנה עם קרקרים 150ג' תנובה,"תנובה בע""מ ***",,ארוחה בקטנה לאבנה עם,גרמים,150.00,100 גרם,false,,7.60,0.0507,true,1,120964
7290116930435,false,יופלה גו במרקם סמיך עם דובדבן 0% 200מל,תנובה מרכז שיתופי לש,,יוגורט גו סמיך 0% דו,גרמים,200.00,100 גרם,false,,6.20,0.0310,true,1,120184
7290116930459,false,"יופלה שייק מנגו בננה אננס וקוקוס 230 מ""ל",קבוצת המזון אקטשלאר,,יופלה SHAKE בננה אננ,מיליליטרים,230.00,"100 מ""ל",false,,7.90,0.0343,false,1,120534
7290116930466,false,"משקה SHAKE בננה מנגן פסיפלורה והל 230 מ""ל יופלה",קבוצת המזון אקטשלאר,,יופלה SHAKE מנגו בננ,מיליליטרים,230.00,"100 מ""ל",false,,7.90,0.0343,false,1,120535
7290116930480,false,"משקה SHAKE בננה קיווי תפוח 230 מ""ל יופלה",קבוצת המזון אקטשלאר,,יופלה SHAKE בננה קיו,מיליליטרים,230.00,"100 מ""ל",false,,7.90,0.0343,false,1,120533
7290116930626,false,ארוחה בקטנה ציזיקי עם קרקרים 150ג' תנובה,"תנובה בע""מ ***",,ארוחה בקטנה צזיקי עם,גרמים,150.00,100 גרם,false,,7.60,0.0507,true,1,120965
7290116930657,false,"משקה חלב גו בטעם בננה תמר בתוספת שיבולת שועל במרקם חלק 340 מ""ל",תנובה מרכז שיתופי לש,,משקה גו בטעם בננה תמ,מיליליטרים,340.00,"100 מ""ל",false,,8.00,0.0235,true,1,122387
7290116930701,false,מעדן חלב GO מועשר בחלבון בטעם קרמל מלוח,תנובה מרכז שיתופי לש,,מעדן חלב גו בטעם קרמ,גרמים,120.00,100 גרם,false,,4.70,0.0392,true,1,120532
7290116930718,false,מעדן תנובה דיאט בטעם שוקולד וקרמל מלוח 0% 150ג' תנובה,"תנובה בע""\מ",,מעדן דיאט שוקולד קרמ,גרמים,150.00,100 גרם,false,,4.10,0.0273,false,1,120924
7290116930725,false,סויה BIO קוקוס גביע 150 גרם אלטרנטיב,תנובה בעמ ***,,סויה ביו קוקוס,גרמים,150.00,100 גרם,false,,4.40,0.0293,true,1,120966
7290116930954,false,יוגורט טעם פאי תפוחים 3% 150 ג' יופלה,תנובה בעמ ***,,יופלה פאי תפוחים 3%,גרמים,150.00,100 גרם,false,,5.10,0.0340,true,1,122332
7290116931074,false,צהובה פרוסות טל העמק 32% 300 גר,"תנובה בע""מ ***",,פרוסות טל העמק 32% 3,גרמים,300.00,100 גרם,false,,25.90,0.0863,false,1,121556
7290116931081,false,מעדן סויה - טופי קרמל 125 גרם אלטרנטיב,תנובה מרכז שיתופי לש,,מעדן סויה בטעם טופי,גרמים,125.00,100 גרם,false,,3.90,0.0312,true,1,120967
7290116931104,false,יופלה GO במרקם סמיך עם אננס 0% תנובה 200 גרם,"תנובה בע""מ ***",,יופלה גו במרקם סמיך,גרמים,200.00,100 גרם,false,,5.80,0.0290,true,1,120968
7290117100004,false,לחם כוסמין 80%,,,לחם כוסמין 80%,גרמים,730.00,100 גרם,false,,26.90,0.0368,true,1,89868
7290117100011,false,לחם כוסמין מלא וצ'יה,,,לחם כוסמין מלא וצ'יה,גרמים,730.00,100 גרם,false,,26.90,0.0368,true,1,89869
7290117100059,false,לחמניות כוסמין שומשו,,,לחמניות כוסמין שומשו,גרמים,360.00,100 גרם,false,,14.50,0.0403,true,1,121709
7290117100110,false,לחמניות דגנים 4 יח',,,לחמניות דגנים 4 יח',גרמים,360.00,100 גרם,false,,11.90,0.0331,true,1,121707
7290117100127,false,לחמניות כוסמין רכות,,,לחמניות כוסמין רכות,גרמים,340.00,100 גרם,false,,14.50,0.0426,true,1,121708
7290117260029,false,קונפיטורה דובדבנים ויליפוד 380 גרם,ג.וילי-פוד אינטרנשיונל בעמ,,קונפיטורה דבדבנים וי,גרמים,380.00,100 גרם,false,,8.90,0.0234,true,1,118212
7290117260050,false,קונפיטורה חבושים ויליפוד 380 גרם,ג. וילי-פוד אינטרנשיונל בע`מ,,קונפיטורה חבושים וי,גרמים,380.00,100 גרם,false,,8.90,0.0234,true,1,118213
7290117260395,false,מאפה פילו יווני מסורתי ממולא תרד וגבינת פטה,ג. וילי-פוד אינטרנשיונל בע`מ,,מאפה פילו ממולא תרד,גרמים,400.00,100 גרם,false,,21.90,0.0547,true,1,119201
7290117260401,false,גבינת מוצרלה מגורדת 25% שומן 500 ג' יורו,ג. וילי-פוד אינטרנשיונל בע`מ,,גבינת מוצרלה מגורדת,גרמים,500.00,100 גרם,false,,28.90,0.0578,true,1,119204
7290117260494,false,"ניוקי תפו""א מצונן 3 צבעים 500 גרם ויליפוד",ג.וילי-פוד אינטרנשיונל **גבינו,,ניוקי תפוחי אדמה 3,גרמים,500.00,100 גרם,false,,12.50,0.0250,true,1,122055
7290117261088,false,בוראטה גבינת מוצרלה רכה 18% שומן 125 גר`,ג.וילי-פוד אינטרנשיונל **גבינו,,בוראטה ג.מוצרלה רכה,גרמים,125.00,100 גרם,false,,19.90,0.1592,true,1,122012
7290117261354,false,גבינת ריקוטה 200 גרם 5%שומן מחלבת אירופה,ג.וילי-פוד אינטרנשיונל **גבינו,,גבינה ריקוטה 200גר 5,גרמים,200.00,100 גרם,false,,9.90,0.0495,true,1,121628
7290117261415,false,euro cheese יוגורט פרוביוטי 2.7% שומן 125 גרם,ג.וילי-פוד אינטרנשיונל **גבינו,,יוגורט פרוביוטי 2.7%,גרמים,125.00,100 גרם,false,,2.90,0.0232,true,1,122069
7290117261422,false,euro cheese יוגורט פרוביוטי תות שדה 2% שומן 125 גרם,ג.וילי-פוד אינטרנשיונל **גבינו,,יוגורט פרוביוטי עם ת,גרמים,125.00,100 גרם,false,,2.90,0.0232,true,1,122070
7290117261439,false,EURO יוגורט פרוביוטי עם פירות יער 2% 125 גרם,ג.וילי-פוד אינטרנשיונל **גבינו,,יוגורט פרוביוטי עם פ,גרמים,125.00,100 גרם,false,,2.90,0.0232,true,1,122071
7290117261521,false,סלמון אטלנטי בשמן קנולה 120 גרם ויליפוד,ג. וילי-פוד אינטרנשיונל בע`מ,,סלמון אטלנטי בשמן קנ,גרמים,120.00,100 גרם,false,,8.50,0.0708,true,1,121681
7290117261576,false,סרדינים בריסלינג מעושנים ברוטב עגבניות 185 גרם צנצנת,ג. וילי-פוד אינטרנשיונל בע`מ,,סרדינים בריסלינג מעו,גרמים,185.00,100 גרם,false,,13.90,0.0751,true,1,121624
7290117261590,false,סרדינים בריסלינג מעושנים בשמן זית 185 גרם צנצנת,ג. וילי-פוד אינטרנשיונל בע`מ,,סרדינים בריסלינג מעו,גרמים,185.00,100 גרם,false,,13.90,0.0751,true,1,121626
7290117261613,false,מגורדת טבעונית בטעם טבעי 200 גרם,ג.וילי פוד אינטרנשיונל בעמ,,מגורדת טבעונית טבעי2,גרמים,200.00,100 גרם,false,,14.90,0.0745,true,1,121692
7290117261668,false,לבנה בסגנון יווני טבעוני 200 גרם,ג.וילי פוד אינטרנשיונל בעמ,,לבנה טבעוני בסגנון י,גרמים,200.00,100 גרם,false,,13.90,0.0695,true,1,121636
7290117261675,false,מגורדת טבעונית בטעם צ'דר 200 גרם,ג.וילי פוד אינטרנשיונל בעמ,,מגורדת טבעונית צ'דר2,גרמים,200.00,100 גרם,false,,14.90,0.0745,true,1,121693
7290117261774,false,כדורי גבינת בייבי מוצרלה 14% שומן 150 גרםeuro cheese,ג.וילי-פוד אינטרנשיונל **גבינו,,כדורי גבינה בייבי מו,גרמים,150.00,100 גרם,false,,14.90,0.0993,true,1,121627
7290117262245,false,"משקה יוגורט פרוביוטי עם אפרסק ומשמש 200מ""ל 2.3%שומן יורו",ג.וילי-פוד אינטרנשיונל **גבינו,,משקה יוגורט פרוביטי,מיליליטרים,200.00,"100 מ""ל",false,,4.90,0.0245,true,1,121250
7290117380154,false,ררוטב אסיאתי עם סויה ושומשום 260 גר`מאס,ש. שסטוביץ בע`מ,,מאסטר שף רוטב אסייתי,גרמים,264.00,100 גרם,false,,9.90,0.0375,true,1,120291
7290117380857,false,"מרבה סלים דליס פייבר עוגות אישיות בטעם לימון, 120 גרם",ש. שסטוביץ בע`מ,,סלים דליס פייבר-עוגו,גרמים,120.00,100 גרם,false,,10.90,0.0908,true,1,120899
7290117380864,false,סלים דליס פייבר עוגות בראוניס אישיות בטעם שוקולד 120 גרם,ש.שסטוביץ בעמ,,מרבה סלים דליס פייבר,גרמים,120.00,100 גרם,false,,10.90,0.0908,true,1,120552
7290117380871,false,סלים דליס פייבר עוגות אישיות בטעם אוכמניות 120 גרם,ש.שסטוביץ בעמ,,מרבה סלים דליס פייבר,גרמים,120.00,100 גרם,false,,10.90,0.0908,true,1,120553
7290117380888,false,עוגיות סנדוויץ' עם 45% שוקולד חלב בלגי,ש.שסטוביץ בעמ,,מרבה טייק אווי- עוגי,גרמים,140.00,100 גרם,false,,8.90,0.0636,true,1,120828
7290117381182,false,"רוטב סרירציה 360 מ""ל מאסאר שף",ש.שסטוביץ בעמ,,רוטב סרירציה מאסטר ש,מיליליטרים,360.00,"100 מ""ל",false,,14.90,0.0414,true,1,121992
7290117381205,false,"מאסטר שף שמן שומשום 370 מ""ל",ש.שסטוביץ בעמ,,מאסטר שף שמן שומשום,מיליליטרים,370.00,"100 מ""ל",false,,21.90,0.0592,true,1,121797
7290117381236,false,פוף פריכיות מצופות שוקולד מריר 70 גרם,ש. שסטוביץ בע`מ,,פוף פריכיות מצופות ש,גרמים,70.00,100 גרם,false,,7.90,0.1129,true,1,121270
7290117381243,false,פוף פריכיות מצופות שוקולד חלב ותות 70 גר,ש. שסטוביץ בע`מ,,פוף פריכיות מצופות ש,גרמים,70.00,100 גרם,false,,7.90,0.1129,true,1,121271
7290117381250,false,פוף פריכיות מצופות שוקולד מריר ותפוח 70 גרם,ש. שסטוביץ בע`מ,,פוף פריכיות מצופות ש,גרמים,70.00,100 גרם,false,,7.90,0.1129,true,1,121272
7290117382318,false,סלים דליס - חטיף חלבון מצופה שוקולד מריר 60 גרם,"י. מרבה ישראל בע""\מ",,סלים דליס חטיף חלבון,גרמים,60.00,100 גרם,false,,11.90,0.1983,true,1,121239
7290117382325,false,סלים דליס - פרו 33 חטיף חלבון מצופה שוקולד חלב 60 גרם,"י. מרבה ישראל בע""\מ",,סלים דליס חטיף חלבון,גרמים,60.00,100 גרם,false,,11.90,0.1983,true,1,121240
7290117382332,false,סלים דליס - חטיף חלבון מצופה שוקולד בטעם עוגיות 60 גרם,"י. מרבה ישראל בע""\מ",,סלים דליס חטיף חלבון,גרמים,60.00,100 גרם,false,,11.90,0.1983,true,1,121241
7290117383711,false,"מארז זוג תחליב רחצה חלב ודבש *750 מ""ל פלמוליב",קולגייט פלמוליב,,פלמוליב חלב ודבש מאר,ליטרים,1.50,ליטר,false,,30.00,20.0000,true,1,122270
7290117383728,false,"מארז זוג תחליב רחצה לומינוס  אבוקדו 750 מ""ל פלמוליב",קולגייט פלמוליב,,פלמוליב לומינוס אבוק,ליטרים,1.50,100 ליטר,false,,30.00,20.0000,true,1,122136
7290117383742,false,"מארז זוג ג'ל רחצה לגבר 750 מ""ל פלמוליב",קולגייט פלמוליב,,פלמוליב גבר מרענן 75,מיליליטרים,1.50,"מ""ל",false,,30.00,20.0000,true,1,122134
7290117383780,false,מארז זוג סבון גוף ארומה מסאז' גרגירי פילינג,קולגייט פלמוליב,,פלמוליב ארומה מסאז',ליטרים,1.50,ליטר,false,,30.00,20.0000,true,1,122135
7290117901205,false,טורטיה דגנים בתוספת שומשום ופשתן שקדיה 420 גרם,דין שיווק וקליה 2021 בעמ,,טורטיה דגנים בתוספת,גרמים,420.00,100 גרם,false,,9.90,0.0236,true,1,121795
7290118420071,false,במבה ביסלי ברביקיו מיקס 80גר אסם{,קבוצת אוסם סחר שותפות מוגבלת,,במבה ביסלי ברבקיו מי,גרמים,80.00,100 גרם,false,,4.90,0.0613,false,1,122122
7290118420378,false,פתיבר פינוקים בטעם תותים בשמנת - חלבי,קבוצת אוסם סחר שותפות מוגבלת,,אסם פתי בר פינוקים ת,גרמים,220.00,100 גרם,false,,10.90,0.0495,true,1,122119
7290118420477,false,אסם בייגלה שטוחים בטעם ביסלי בצל 300 גרם,קבוצת אוסם סחר שותפות מוגבלת,,אסם בייגלה שטוחים בט,גרמים,300.00,100 גרם,false,,11.90,0.0397,true,1,122124
7290118420514,false,אינסטנט פודינג בטעם נוגט אסם 75 גרם,קבוצת אוסם סחר שותפות מוגבלת,,אסם אינסטנט פודינג נ,גרמים,75.00,100 גרם,false,,5.80,0.0773,false,1,122118
7291044050103,false,נורה אקו T2 ספירל 23W X2,,,נורה אקו ספירל 23W,יחידה,0.00,יחידה,false,,32.90,0.0000,true,1,27839
7291044050110,false,נורה אקו טי2 23וואט,,,נורה אקו ספירל 23W,יחידה,0.00,יחידה,false,,32.90,0.0000,true,1,27840
7291044065459,false,נורת לד 12 וואט,,,נורת לד 12 וואט,יחידה,0.00,יחידה,false,,7.90,0.0000,true,1,86834
7291044065466,false,נורת לד 12 וואט E27,,,נורת לד 12 וואט E27,יחידה,0.00,יחידה,false,,7.90,0.0000,true,1,86659
7291044069754,false,מפצל חשמל סמיקום 1 ל-3 תפזורת,,,מפצל חשמל 1 ל-3,יחידה,0.00,יחידה,false,,7.90,0.0000,true,1,60548
7291044081268,false,זוג נורות לד DL 10W E27 A60 SAFETY,ד.ג.ש ייבוא ושיווק בעמ,,זוג נורות לד 10 וואט,יחידה,0.00,יחידה,false,,12.90,0.0000,true,1,70747
7291044081275,false,זוג נורות לד 10 וואט,,,זוג נורות לד 10 וואט,יחידה,0.00,יחידה,false,,12.90,0.0000,true,1,70748
7291044081305,false,זוג נורות לד DL 12W E27 A60 SAFETY,סמיקום לקסיס בעמ,,זוג נורות לד 12 וואט,יחידה,0.00,יחידה,false,,13.90,0.0000,true,1,70749
7291044081312,false,זוג נורת לד WW 12W E27 A60 SAFETY,סמיקום לקסיס בעמ,,זוג נורות לד 12 וואט,יחידה,0.00,יחידה,false,,13.90,0.0000,true,1,70750
7291044094336,false,מנורות זוג 26W ספירל יונדאי,,,זוג נורות לד 27 15 ו,יחידה,0.00,יחידה,false,,16.90,0.0000,true,1,79387
7291044094343,false,זוג נורות לד WW 15W E27 A60 SAFETY,,,זוג נורות לד 27 15 ו,יחידה,0.00,יחידה,false,,16.90,0.0000,true,1,79388
7291546455635,false,תירס לבן מתוק ארוז,חקלאי,,תירס לבן כפרי חן,יחידה,0.00,יחידה,false,,19.90,0.0000,true,1,76446
7296035001805,false,נייר 4-A,,,נייר 4-A,יחידה,0.00,יחידה,false,,16.90,0.0000,true,1,85177
7296058000526,false,פריכיות כוסמת פרח 160 גרם,מ.ד אטיאס סוכנויות מזון בע`מ,,פרכיות פרח כוסמת 130,גרמים,130.00,100 גרם,false,,7.90,0.0608,true,1,33199
7296058110010,false,"פריכיות אורז פרח כשל""פ 110 גר'",מ.ד אטיאס סוכנויות מזון בע`מ,,פריכיות אורז פרח,גרמים,110.00,100 גרם,false,,4.90,0.0445,true,1,87971
7296058110041,false,פריכיות תירס ואורז פרח 110 גר',א.ג בחירה חכמה בעמ,,פריכיות אורז מלא ותי,גרמים,110.00,100 גרם,false,,4.90,0.0445,true,1,121972
7296073431862,false,עוגת מאפין שוקו וניל500ג,גידרון,,עוגת מאפין שוקו וניל,גרמים,550.00,100 גרם,false,,18.90,0.0344,true,1,88712
7296073431879,false,עוגת מאפין שוקו צ'יפס500,גידרון,,עוגת מאפין שוקו צ'יפ,גרמים,550.00,100 גרם,false,,18.90,0.0344,true,1,88713
7296073431893,false,עוגת מאפין אגוזים 500גרם,,,עוגת מאפין אגוזים,גרמים,550.00,100 גרם,false,,18.90,0.0344,true,1,88715
7296073431909,false,עוגת מאפין תפוח עץ500גרם,גידרון,,עוגת מאפין תפוח עץ,גרמים,550.00,100 גרם,false,,18.90,0.0344,true,1,88717
7296073431916,false,עוגת מאפין תפוז 500גרם,גידרון,,עוגת מאפין בטעם תפוז,גרמים,550.00,100 גרם,false,,18.90,0.0344,true,1,88716
7296082000035,false,"ביצים ""פלוס"" 6 יחידות",המכון למיון ושיווק ב,,ביצה פלוס 6 יח,יחידה,0.00,יחידה,false,,13.90,0.0000,true,1,7027
7296082000066,false,ביצה פלוס L תריסר,,,ביצה פלוס L תריסר,יחידה,0.00,יחידה,false,,22.50,0.0000,true,1,62008
7296082000080,false,ביצי חופש 12 יחידות,המכון למיון ושיווק ביצים,,ביצי חופש תריסר,יחידה,0.00,יחידה,false,,22.90,0.0000,true,1,19608
7296082000103,false,ביצים סופר טריות מדי,,,ביצה סופר טריה M 30,יחידה,0.00,יחידה,false,,27.88,0.0000,true,1,46579
7296082000110,false,ביצים סופר טריות 30י,,,"ביצה סופר טריה "" L",יחידה,0.00,יחידה,false,,30.13,0.0000,true,1,21794
7296082000127,false,ביצים רגילות אקסטרא,,,ביצים ענק XL,יחידה,0.00,יחידה,false,,13.10,0.0000,false,1,3645
7296082000134,false,ביצים רגילות לארג' 1,המכון למיון ושיווק ב,,ביצים גדול L,יחידה,0.00,יחידה,false,,12.05,0.0000,false,1,3646
7296082000141,false,ביצים רגילות מדיום 1,המכון למיון ושיווק ב,,ביצים בינוני M,יחידה,0.00,יחידה,false,,11.15,0.0000,false,1,3647
7296082000165,false,ביצים אורגניות תריסר,המכון למיון ושיווק ב,,ביצים אורגניות תריסר,יחידה,0.00,יחידה,false,,22.90,0.0000,true,1,19609
7296082000189,false,ביצה פלוס אומגה L 30,,,ביצה פלוס 30 יח' L,יחידה,0.00,יחידה,false,,37.90,0.0000,true,1,62137
7296082000202,false,ביצים סופר טריה לארג,,,ביצים סופר טריה 18 י,יחידה,0.00,יחידה,false,,18.08,0.0000,false,1,33775
7296083000027,false,טרופית,,,טרופית,יחידה,200.00,יחידה,false,,1.50,0.0075,false,1,5369
7296089001752,false,בדיקת קורונה 5 יח' ORIENT/ECOTEST,פארמה דיל,,בדיקת אנטיגן מהירה 5,יחידה,0.00,יחידה,false,,39.90,0.0000,false,1,118943
7296168017117,false,פלסטרים גוון עור 100 יחידות,איתן ספקים E,,פלסטר 100יח' פארמדוק,יחידה,0.00,יחידה,false,,12.90,0.0000,true,1,17451
7296168017193,false,פלסטר פארמדוקט 30 יח,,,פלסטר פארמדוקט 30 יח,יחידה,0.00,יחידה,false,,7.00,0.0000,true,1,17453
7296179000160,false,BCHIC-מסיר איפור דו,,,BCHIC-מסיר איפור דו,מיליליטרים,200.00,"100 מ""ל",false,,24.90,0.1245,true,1,33116
7296179000979,false,"שמפו מוגדור 250 מ""ל",,,"שמפו מוגדור 250 מ""ל",מיליליטרים,250.00,"100 מ""ל",false,,19.90,0.0796,true,1,29159
7296179000986,false,"מרכך מוגדור 250 מ""ל",,,"מרכך מוגדור 250 מ""ל",מיליליטרים,250.00,"100 מ""ל",false,,19.90,0.0796,true,1,29160
7296179006254,false,שיק לק עמיד 300,שיק לקים,,לק עמיד 300,מיליליטרים,17.00,"מ""ל",false,,11.90,0.7000,true,1,58547
7296179006292,false,שיק לק עמיד 282 יח,שיק לקים,,לק עמיד 282,מיליליטרים,17.00,"מ""ל",false,,11.90,0.7000,true,1,58549
7296179007039,false,שמן גוף שיק וניל פטצ,,,שמן גוף שיק וניל פטצ,מיליליטרים,250.00,"100 מ""ל",false,,24.90,0.0996,true,1,3857
7296179007046,false,שמן גוף שיק וניל לבנ,,,שמן גוף שיק וניל לבנ,מיליליטרים,250.00,"100 מ""ל",false,,24.90,0.0996,true,1,3858
7296179007305,false,רצועות לשעווה,,,רצועות לשעווה,יחידה,0.00,יחידה,false,,7.90,0.0000,true,1,16965
7296179007367,false,שעווה למיקרוגל עם פס,,,שעווה למיקרוגל עם פס,גרמים,600.00,100 גרם,false,,18.90,0.0315,true,1,16968
7296179007398,false,שיק.מסיר לק אלוורה250 מל,שיק לקים,,מסיר לק אלוורה,מיליליטרים,100.00,"100 מ""ל",false,,13.90,0.1390,true,1,16970
7296179007404,false,גל אלוורה שיק בשפורפ,,,גל אלוורה שיק בשפורפ,מיליליטרים,100.00,"100 מ""ל",false,,15.90,0.1590,true,1,84938
7296179008081,false,שיק לק עמיד 498,שיק לקים,,לק עמיד 498,מיליליטרים,17.00,"מ""ל",false,,11.90,0.7000,true,1,58558
7296179008159,false,לק מטאלי 906 ירוק טו,,,לק מטאלי 906 ירוק טו,יחידה,0.00,יחידה,false,,16.90,0.0000,true,1,65642
7296179008241,false,לכה טופ למראה ג'ל,שיק לקים,,לק ג'ל טופ קוט,יחידה,0.00,יחידה,false,,26.90,0.0000,true,1,26676
7296179010046,false,שיק לק עמיד 005,שיק לקים,,לק עמיד 005,מיליליטרים,17.00,"מ""ל",false,,11.90,0.7000,true,1,58473
7296179010152,false,שיק לק עמיד 016,שיק לקים,,לק עמיד 016,מיליליטרים,17.00,"מ""ל",false,,11.90,0.7000,true,1,58477
7296179010305,false,שיק לק עמיד 031,שיק לקים,,לק עמיד 031,מיליליטרים,17.00,"מ""ל",false,,11.90,0.7000,true,1,58480
7296179010312,false,שיק לק עמיד 032,שיק לקים,,לק עמיד 032,מיליליטרים,17.00,"מ""ל",false,,11.90,0.7000,true,1,58481
7296179010398,false,שיק לק עמיד 040,שיק לקים,,לק עמיד 040,מיליליטרים,17.00,"מ""ל",false,,11.90,0.7000,true,1,58494
7296179010510,false,שיק לק עמיד 052,שיק לקים,,לק עמיד 052,מיליליטרים,17.00,"מ""ל",false,,11.90,0.7000,true,1,58498
7296179010701,false,שיק לק עמיד 071,שיק לקים,,לק עמיד 071,מיליליטרים,17.00,"מ""ל",false,,11.90,0.7000,true,1,58502
7296179011104,false,שיק לק עמיד 218,שיק לקים,,לק עמיד 218,מיליליטרים,17.00,"מ""ל",false,,11.90,0.7000,true,1,58508
7296179011333,false,שיק לק עמיד 102,שיק לקים,,לק עמיד 102,מיליליטרים,17.00,"מ""ל",false,,11.90,0.7000,true,1,58514
7296179011470,false,שיק לק עמיד 116,שיק לקים,,לק עמיד 116,מיליליטרים,17.00,"מ""ל",false,,11.90,0.7000,true,1,58515
7296179011524,false,שיק לק עמיד 201,שיק לקים,,לק עמיד 201,מיליליטרים,17.00,"מ""ל",false,,11.90,0.7000,true,1,58518
7296179011579,false,שיק לק עמיד 226,שיק לקים,,לק עמיד 226,מיליליטרים,17.00,"מ""ל",false,,11.90,0.7000,true,1,58521
7296179011807,false,Coat Base לכת בסיס,שיק לקים,,לק בסיס,מיליליטרים,0.00,"מ""ל",false,,16.90,0.0000,true,1,3868
7296179011814,false,לק שכבת הגנה,שיק לקים,,לק שכבת הגנה,יחידה,0.00,יחידה,false,,16.90,0.0000,true,1,3869
7296179011968,false,שיק לק עמיד 284,שיק לקים,,לק עמיד 284,מיליליטרים,17.00,"מ""ל",false,,11.90,0.7000,true,1,58574
7296179012019,false,שיק לק עמיד 310,שיק לקים,,לק עמיד 310,מיליליטרים,17.00,"מ""ל",false,,11.90,0.7000,true,1,58576
7296179012033,false,שיק לק עמיד 261,שיק לקים,,לק עמיד 261,מיליליטרים,17.00,"מ""ל",false,,11.90,0.7000,true,1,58528
7296179012224,false,שיק לק עמיד 278,שיק לקים,,לק עמיד 278,מיליליטרים,17.00,"מ""ל",false,,11.90,0.7000,true,1,58590
7296179012309,false,שיק לק עמיד 407,שיק לקים,,לק עמיד 407,מיליליטרים,17.00,"מ""ל",false,,11.90,0.7000,true,1,58593
7296179012606,false,"מייבש לק וטופ קוט 17 מ""ל",,,מייבש לק וטופ,יחידה,0.00,יחידה,false,,34.90,0.0000,true,1,68678
7296179012712,false,שיק לק עמיד 313,שיק לקים,,לק עמיד 313,מיליליטרים,17.00,"מ""ל",false,,11.90,0.7000,true,1,58598
7296179014181,false,לק עמיד שיק 250,שיק לקים,,לק עמיד 250,מיליליטרים,17.00,"מ""ל",false,,11.90,0.7000,true,1,58533
7296179020007,false,חמאת גוף לבנדר שיק,,,חמאת גוף לבנדר שיק,מיליליטרים,0.00,"מ""ל",false,,25.90,0.0000,true,1,16978
7296179020014,false,חמאת גוף וניל-פצ'ולי,,,חמאת גוף וניל-פצ'ולי,מיליליטרים,0.00,"מ""ל",false,,25.90,0.0000,true,1,16979
7296179021028,false,לק עמיד 036,שיק לקים,,לק עמיד 036,מיליליטרים,17.00,"מ""ל",false,,11.90,0.7000,true,1,58486
7296179021059,false,לק עמיד שיק 483,שיק לקים,,לק עמיד 483,מיליליטרים,17.00,"מ""ל",false,,11.90,0.7000,true,1,58604
7296179024593,false,"מסיר לק קוקוס 100 מ""ל",,,"מסיק לק לבן 100 מ""ל",מיליליטרים,100.00,"100 מ""ל",false,,9.90,0.0990,true,1,72918
7296179028447,false,לק עמיד 821 יח',,,לק עמיד821,מיליליטרים,17.00,"100 מ""ל",false,,11.90,0.7000,true,1,78543
7296179028454,false,לק עמיד 822יח',,,לק עמיד822,מיליליטרים,17.00,"100 מ""ל",false,,11.90,0.7000,true,1,78544
7296179028607,false,סבון נשית קלאסי 250מל,חלאבין,,"סבון נשית 250 מ""ל קל",מיליליטרים,250.00,"100 מ""ל",false,,19.90,0.0796,true,1,85230
7297028133831,false,שלישיית קרסלויות פול,,,שלישיית קרסלויות פול,יחידה,0.00,יחידה,false,,17.90,0.0000,true,1,74583
7297028160622,false,גרבי נשים במבוק (3) שחור/לבן,,,גרביים,יחידה,0.00,יחידה,false,,15.90,0.0000,true,1,81702
7297028183102,false,גוזיה,,,גוזיה,יחידה,0.00,יחידה,false,,25.90,0.0000,true,1,120813
7297028185885,false,קרסוליות נשים,,,קרסוליות נשים,יחידה,0.00,יחידה,false,,15.90,0.0000,true,1,121551
7297028190469,false,קרסוליות נשים שלישיי,,,קרסוליות נשים שלישיי,יחידה,0.00,יחידה,false,,15.90,0.0000,true,1,121039
7297028190476,false,קרסוליות שלישייה,,,קרסוליות שלישייה,יחידה,0.00,יחידה,false,,15.90,0.0000,true,1,121040
7297028193484,false,תחתון נשים,,,תחתון נשים,יחידה,0.00,יחידה,false,,15.90,0.0000,true,1,121970
7297028193491,false,תחתון נשים,,,תחתון נשים,יחידה,0.00,יחידה,false,,15.90,0.0000,true,1,122016
7297391112983,false,גרביי חיילת שחורות,,,גרביי חיילת שחורות,יחידה,0.00,יחידה,false,,7.50,0.0000,true,1,66979
7297488098015,false,גרנולה קרנץ' עם שוקולד צ'יפס מריר ללא גלוטן 250 גרם דגש,תות תעשיות מזון (201,,דגש גרנולה קרנצ'י שו,גרמים,250.00,100 גרם,false,,14.90,0.0596,true,1,77379
7297488098152,false,קמח חומוס ללא גלוטן דגש 500 גרם,אף.סי תבליני בגליל ב,,דגש קמח חומוס,גרמים,500.00,100 גרם,false,,15.90,0.0318,true,1,77182
7297488098299,false,קמח טפיוקה ללא גלוטן500ג,אף סי תבליני הגליל ב,,קמח טפיוקה דגש 500 ג,גרמים,500.00,100 גרם,false,,8.90,0.0178,true,1,75582
7297488098305,false,"מרק דגש""קמח שקדים""250גרם",תות תעשיות מזון (201,,קמח שקדים דגש 250 גר,גרמים,250.00,100 גרם,false,,25.90,0.1036,true,1,75609
7297488098688,false,דגש פצפוצי אורז מלא ללא תוספת סוכר ומלח 450 גרם,משובח תעשיות מזון,,פצפוצי אורז מלא ללא,גרמים,450.00,100 גרם,false,,21.00,0.0467,true,1,76655
7297488099821,false,גרנולה ללא תוספת סוכר לנמנעים מגלוטן,תות תעשיות מזון (201,,דגש גרנולה ללא תוספת,גרמים,250.00,100 גרם,false,,14.90,0.0596,true,1,77382
7297488199606,false,פצפוצי אורז תפוח ללא תוספת סוכר ומלח ללא גלוטן,דגש- דוכן גן שמואל,,פצפוצי אורז מלא קל ל,גרמים,450.00,100 גרם,false,,21.00,0.0467,true,1,76656
7297488199620,false,פצפוצי אורז מלא תפוח ללא גלוטן,דגש- דוכן גן שמואל,,פצפוצי אורז מלא ללא,גרמים,450.00,100 גרם,false,,21.00,0.0467,true,1,76657
7312040017683,false,מארז אבסולוט רגיל(וודקה {}{700 עם כוס,טמפו משקאות בע`מ,,"וודקה אבסולוט 700 מ""",מיליליטרים,700.00,"100 מ""ל",false,,59.90,0.0856,false,1,26096
7321011040308,false,דוני 20 מפיות תלת שכבתי חלקות,דוני,,מפיות דוני 20 יח',יחידה,0.00,יחידה,false,,7.00,0.0000,true,1,17455
7321011404070,false,דוני 20מפיות מעוטרות תלת שכבתי צבעים,דוני,,מפיות ניר תלת שכבתי,יחידה,0.00,יחידה,false,,10.90,0.0000,true,1,17458
7394376123337,false,"משקה שיבולת שועל אורגני מפוקח ע""י סקאל",טרנסומס פוד איי.בי,,אוטלי משקה שיבולת שו,מיליליטרים,1000.00,"100 מ""ל",false,,13.90,0.0139,true,1,84328
7394376615825,false,אוטלי משקה שיבולת שועל מועשר בסידן וויטמינים 1 ליטר,ש. שסטוביץ בע`מ,,אוטלי משקה שיבולת שו,מיליליטרים,1000.00,"100 מ""ל",false,,13.90,0.0139,true,1,84329
7394376615832,false,אוטלי משקה שיבולת שועל בטעם שוקולד 1 ליטר,ש. שסטוביץ בע`מ,,אוטלי משקה שיבולת שו,מיליליטרים,1000.00,"100 מ""ל",false,,15.90,0.0159,true,1,84330
7394376616778,false,אוטלי משקה שיבולת שועל להקצפה בריסטה 1 ליטר,ש. שסטוביץ בע`מ,,אוטלי משקה שיבולת שו,מיליליטרים,1000.00,"100 מ""ל",false,,15.90,0.0159,true,1,84331
7394376620294,false,אוטלי משקה שיבולת שועל בטעם וניל 1 ליטר,איי אם פי אס איי תעש,,משקה שיבולת שועל בטע,ליטרים,1000.00,ליטר,false,,15.90,0.0159,true,1,121719
7412952888705,false,קליפסים אטימה 13 יחידות,,,קליפסים לאטימה 13 יח,יחידה,0.00,יחידה,false,,16.90,0.0000,true,1,85064
7501013101362,false,"נקטר בטעם קוקוס ואננס 500 מ""ל JUMEX",חומקס קומר קומרסאליזדורה,,ג'ומקס משקה קוקוס אנ,מיליליטרים,473.00,"100 מ""ל",false,,8.90,0.0188,true,1,80058
7501013122039,false,ג'ומקס מיץ מנגו קרטונית ליטר תריסר,חומקס קומר קומרסאליזדורה,,ג'ומקס נקטר מנגו קרט,ליטרים,1.00,ליטר,false,,8.90,8.9000,true,1,80529
7501013122053,false,ג'ומקס מיץ אפרסק קרטונית ליטר תריסר,חומקס קומר קומרסאליזדורה,,ג'ומקס נקטר אפרסק קר,ליטרים,1.00,ליטר,false,,8.90,8.9000,true,1,80527
7501013122114,false,"נקטר משקה אננס בקרטונית ג'ומקס, 1 ל'",חומקס קומר קומרסאליזדורה,,ג'ומקס אננס קרטונית,ליטרים,1.00,ליטר,false,,8.90,8.9000,true,1,80528
7501013122190,false,ג'ומקס מיץ תפוחים קרטונית ליטר תריסר,חומקס קומר קומרסאליזדורה,,ג'ומקס תפוחים קרטוני,ליטרים,1.00,ליטר,false,,8.90,8.9000,true,1,80530
7501013122992,false,ג'ומקס מיץ קוקוס אננס קרטונית ליטר תריסר,חומקס קומר קומרסאליזדורה,,ג'ומקס קוקוס אננס קר,ליטרים,1.00,ליטר,false,,8.90,8.9000,true,1,80531
7501013138047,false,משקה רימונים יוניקו פרסקו ג'ומקס בקרטונית 1 ליטר,חומקס קומר קומרסאליזדורה,,נקטר רימונים יוניקו,ליטרים,1.00,ליטר,false,,10.90,10.9000,false,1,32049
7501013138184,false,משקה חמוציות יוניקו פרסקו ג'ומקס קרטונית 1 ליטר,חומקס קומר קומרסאליזדורה,,נקטר חמוציות יוניקו,ליטרים,1.00,ליטר,false,,10.90,10.9000,false,1,33105
7501049936945,false,"שישיית בירה סול בקבוק 330 מ""ל",טמפו משקאות בע`מ,,בירה סול שישייה 330,מיליליטרים,1980.00,"100 מ""ל",false,,32.90,0.0166,false,1,83438
7501064191398,false,שישיית בירה קורונה אקסטרא *355 מל,קריניציה ויטמינה אס,,שישיית בירה קורונה -,ליטרים,2.13,ליטר,false,,34.90,16.3850,false,1,78116
7503012779306,false,סירופ אגבה כחולה 100% 330 גרם נטורפוד,נוטריגבאס דה מקסיקו,,סירופ אגבה 330מל,מיליליטרים,330.00,"100 מ""ל",false,,17.90,0.0542,true,1,18773
7509546061160,false,"משחת שיניים לילדים מיניונים 2-5 75 מ""ל קולגייט",קולגייט פלמוליב,,קולגייט משחת ילדים מ,מיליליטרים,75.00,"100 מ""ל",false,,15.90,0.2120,true,1,90186
7509546061665,false,דאודורנט סטיק ג'ל לגבר 24/7 אקסטרים אינטנס,קולגייט פלמוליב,,ספיד סטיק אקסטרים אי,גרמים,85.00,100 גרם,false,,19.90,0.2341,true,1,121359
7509546061672,false,דאודורנט סטיק אקסטרים אינטנס,קולגייט פלמוליב,,ספיד סטיק אקסטרים סט,גרמים,50.00,100 גרם,false,,19.90,0.3980,true,1,121360
7509546666846,false,"קולגייט טוטאל משחת שיניים פחם 75 מ""ל",קולגייט פלמוליב,,קולגייט טוטאל משחת ש,מיליליטרים,75.00,"100 מ""ל",false,,19.90,0.2653,true,1,89170
7509546678702,false,קולגייט משחת שיניים טוטל אנטי טרטר 100 מ,קולגייט-פלמוליב,,קולגייט משחת שיניים,מיליליטרים,100.00,"100 מ""ל",false,,16.90,0.1690,true,1,121163
7610008059073,false,רגוזה-קלאסיק שוק' במילוי פרלין אגוז לוז 100 גרם,RAGUSA,,טבלת רגוסה קלאסי,גרמים,100.00,100 גרם,false,,14.90,0.1490,true,1,85995
7610008059080,false,רגוזה-שוקולד מריר טראפל אגוזי לוז 100 גרם,RAGUSA,,טבלת רגוסה מריר,גרמים,100.00,100 גרם,false,,14.90,0.1490,true,1,85996
7610008059097,false,רגוזה-בלונד שוק לבן טרפל א.חלב מקורמלת 100 גרם,RAGUSA,,טבלת רגוסה בלונד,גרמים,100.00,100 גרם,false,,14.90,0.1490,true,1,85997
7610008622000,false,טבלת קמיל בלוך מוס מריר 100 גר,,,שוקולד מוס מריר קמיל,גרמים,100.00,100 גרם,false,,14.90,0.1490,true,1,67849
7610023050215,false,פמיליה קראנץ' איקס תערובת דגנים פריכים בתוספת צימוקים ואגוזי לוז 500 גרם,פמיליה familia,,"מיזלי ""קראנצ איקס 50",גרמים,500.00,100 גרם,false,,26.90,0.0538,true,1,11856
7610023051212,false,פמיליה שוקו איקס תערובת דגנים פריכים בתוספת שוקולד 500 גרם,מיוצר עי קונדיטוריית,,"מיזלי ""שוקו איקס 500",גרמים,500.00,100 גרם,false,,26.90,0.0538,true,1,11858
7610100034084,false,מיונז טומי בשפורפרת 265 גרם,ליימן שליסל בע`מ,,מיונז טומי 265 גר',גרמים,265.00,100 גרם,false,,12.90,0.0487,true,1,67903
7610113011652,false,בריזר - משקה כוהלי מוגז בטעם תפוח,בקרדי בריזר Bacardi Breezer,,בקרדי בריזר מוגז בטע,מיליליטרים,275.00,"100 מ""ל",false,,12.90,0.0469,false,1,84028
7610211130903,false,הרמזית ממתיק 800+200 טבליות,דיפלומט מפיצים (1968) בעמ**,,הרמזית 800 יח+ 200,גרמים,11.80,100 גרם,false,,29.90,2.5339,true,1,118850
7610243004463,false,"דורגול - מרסס להסרת אבנית במקלחון 600 מ""ל","יעקב יעקבי ובניו בע""מ",,דורגול מרסס,מיליליטרים,500.00,"100 מ""ל",false,,21.90,0.0438,true,1,15041
7610400014632,false,שוקולד לינדור בודד וואיט 100 ג',משה סידס ובנו בעמ,,שוקולד לינדט לבן,גרמים,100.00,100 גרם,false,,15.00,0.1500,true,1,8632
7610400014649,false,לינדור קוביות במילוי קרם שוקולד חלב 100 גרם,לינדט ושפרונגלי קילשברג,,שוקולד לינדט במילוי,גרמים,100.00,100 גרם,false,,15.00,0.1500,true,1,8633
7610400068369,false,לינדט לינדור טבלאה קוביות במילוי קרם ושב,משה סידס ובנו בעמ,,שוקולד לינדור אגוזים,גרמים,100.00,100 גרם,false,,15.00,0.1500,true,1,8635
7610400068505,false,לינדט לינדור בונבוניירה שוקולד חלב 200 גרם,לינדט ושפרונגלי קילשברג,,לינדור בונבונירה חלב,גרמים,200.00,100 גרם,false,,29.90,0.1495,false,1,8636
7610400068529,false,לינדט לינדור בונבוניירה כדורי שוקולד מטעמים 200 גרם,לינדט ושפרונגלי קילשברג,,לינדור בונבו' אסורטד,גרמים,200.00,100 גרם,false,,29.90,0.1495,false,1,8637
7610400070577,false,לינדט אקסלנס שוקולד צ'ילי 100 גרם,לינדט ושפרונגלי קילשברג,,שוקולד לינדט אקסלנס,גרמים,100.00,100 גרם,false,,15.00,0.1500,true,1,34165
7610400074155,false,לינדט לינדור קוביות במילוי קרם שוקולד 60% מוצקי קקאו 100 גרם,לינדט ושפרונגלי קילשברג,,שוקולד לינדור 60% קק,גרמים,100.00,100 גרם,false,,15.00,0.1500,true,1,8640
7610400075770,false,לינדט לה גרנד שוקולד מריר אגוז 150 גרם,לינדט ושפרונגלי קילשברג,,לינדט מריר אגוזים 15,גרמים,150.00,100 גרם,false,,23.90,0.1593,true,1,1403
7610400075787,false,לינדט לה גרנד שוקולד חלב אגוז 150 גרם,לינדט ושפרונגלי קילשברג,,שוקולד חלב עם אגוזים,גרמים,150.00,100 גרם,false,,23.90,0.1593,true,1,1404
7610400075794,false,לינדט לה גרנד שוקולד לבן ושקדים 150 גרם,לינדט ושפרונגלי,,לינדט לגרנד לבן שקד,גרמים,150.00,100 גרם,false,,23.90,0.1593,true,1,1405
7610400086202,false,שוקולד מריר לה גרנד עם אוכמניות וחמוציות,לינדט Lindt,,שוקולד לינדט לגרנד 1,גרמים,150.00,100 גרם,false,,23.90,0.1593,true,1,72631
7610400091060,false,שוקולד מריר לינדט אקסלנס בתוספת תפוז ושקדים,לינדט ושפרונגלי קילש,,שוקולד לינדט אקסלנס,גרמים,100.00,100 גרם,false,,15.00,0.1500,true,1,83396
7613030979647,false,דגני בוקר טריקס פירות עולם היורה 480 ג',קבוצת אוסם סחר שותפות מוגבלת,,טריקס 480 גר,גרמים,480.00,100 גרם,false,,19.90,0.0415,false,1,73433
7613031608850,false,פיטנס דגנים מחיטה מלאה ואורז נסטלה 625 גרם,קבוצת אוסם סחר-שות.מוגבלת,,פיטנס דגנים 625 גרם,גרמים,625.00,100 גרם,false,,24.90,0.0398,false,1,6342
7613032045753,false,פיטנס דגנים מחיטה מלאה שוקולד 375גרם,קבוצת אוסם סחר שותפות מוגבלת,,דגנים פיטנס שוקולד 3,גרמים,375.00,100 גרם,false,,21.90,0.0584,false,1,268
7613033174728,false,נסקפה דולצה גוסטו קפהאולאיט 16 קפס.160 ג,דולצ'ה גוסטו Nescafe Dolce Gusto,,קפסולות קפה דולצ'ה ג,גרמים,160.00,100 גרם,false,,26.90,0.1681,true,1,60430
7613033548192,false,פיטנס - דגני בוקר שוקולד מריר 375 גרם,קבוצת אוסם סחר שותפות מוגבלת,,פיטנס דגנים עם שוקול,גרמים,375.00,100 גרם,false,,21.90,0.0584,false,1,273
7613033635571,false,פורינה וואן - חתול סטרילייז סלמון 800 גרם,קבוצת אוסם סחר-שות.מוגבלת,,פורינה ONE חתול סטרי,גרמים,800.00,100 גרם,false,,32.90,0.0411,true,1,80204
7613034146656,false,מזון לכלבים קטנים בטעם בקר פורינה ONE,שחורי אריה ואנסטסיה,,פורינה ONE מיני בוגר,קילוגרמים,1.50,"ק""ג",false,,49.90,33.2667,true,1,80217
7613035378643,false,דנטלייף חטיף דנטלי לכלבים מגזע גדול - 4 יחידות,קבוצת אוסם סחר-שות.מוגבלת,,דנטלייף גזע גדול,גרמים,142.00,100 גרם,false,,13.90,0.0979,true,1,117350
7613035379817,false,דנטלייף חטיף דנטלי לכלבים מגזע קטן - 4 יחידות,קבוצת אוסם סחר-שות.מוגבלת,,דנטלייף גזע קטן,גרמים,115.00,100 גרם,false,,14.90,0.1296,true,1,117349
7613035614482,false,מזון לגור חתולים בטעם עוף פורינה ONE,קבוצת אוסם סחר-שות.מוגבלת,,פורינה ONE גור חתולי,גרמים,800.00,100 גרם,false,,35.90,0.0449,true,1,80211
7613035622623,false,פיטנס גרנולה שקדים ודבש נסטלה (300 גרם),קבוצת אוסם סחר-שות.מוגבלת,,פיטנס גרנולה דבש,גרמים,300.00,100 גרם,false,,15.90,0.0530,true,1,63426
7613035635845,false,פיטנס גרנולה שוקולד 300 גר`אסם,קבוצת אוסם סחר-שות.מוגבלת,,פיטנס גרנולה שוקולד,גרמים,300.00,100 גרם,false,,15.90,0.0530,true,1,63356
7613035758834,false,פיטנס סופר גרנולה וחמוציות 300 גרם,קבוצת אוסם סחר שותפות מוגבלת,,פיטנס גרנולה חמוציות,גרמים,300.00,100 גרם,false,,15.90,0.0530,true,1,65327
7613035807778,false,פרפקטו רוטב עגבניות לבולונז אסם 400 גרם,קבוצת אוסם סחר שותפות מוגבלת,,פרפקטו רוטב עגבניות,גרמים,400.00,100 גרם,false,,9.60,0.0240,true,1,65300
7613035809109,false,פרפקטו רוטב עגבניות ובזיליקום אסם 400 גרם,קבוצת אוסם סחר שותפות מוגבלת,,פרפקטו רוטב עגבניות,גרמים,400.00,100 גרם,false,,9.60,0.0240,true,1,65301
7613035809123,false,פרפקטו רוטב עגבניות עם פלפלים אסם 400 גרם,קבוצת אוסם סחר שותפות מוגבלת,,פרפקטו רוטב עגבניות,גרמים,400.00,100 גרם,false,,9.60,0.0240,true,1,65302
7613035809857,false,פרפקטו רוטב עגבניות לפסטה ולבישול אסם 400 גרם,קבוצת אוסם סחר שותפות מוגבלת,,פרפקטו רוטב עגבניות,גרמים,400.00,100 גרם,false,,9.60,0.0240,true,1,65303
7613036105545,false,"דוגלי גזע קטן 4*3 קילו ""אסם""",קבוצת אוסם סחר שותפות מוגבלת,,דוגלי גזע קטן 3קג,קילוגרמים,3.00,"ק""ג",false,,49.90,16.6333,false,1,70138
7613036314114,false,נסקפה גולד Gold קפה נמס מיובש בתוספת קפה קלוי,קבוצת אוסם סחר-שות.מוגבלת,,נס קפה גולד 200 גר,יחידה,0.00,יחידה,false,,48.90,0.0000,false,1,74321
7613036387798,false,פיטנס דגנים מלאים ואורז פתיתים ויוגורט 350ג',קבוצת אוסם סחר-שות.מוגבלת,,דגני פיטנס יוגורט 35,גרמים,350.00,100 גרם,false,,21.90,0.0626,false,1,71385
7613036520492,false,פרפקטו רוטב עגבניות לפיצה אסם 400 גרם,קבוצת אוסם סחר-שות.מוגבלת,,פרפקטו רוטב עגבניות,גרמים,400.00,100 גרם,false,,9.60,0.0240,true,1,72899
7613036710879,false,מארז מיני חטיפי קיט קט צ'אנקי Kit Kat Chanky,קבוצת אוסם סחר שותפות מוגבלת,,קיט קט צ'אנקי מיני,גרמים,194.00,100 גרם,false,,13.90,0.0716,true,1,75876
7613036725309,false,דנטלייף חטיף דנטלי לחתול בטעם עוף,קבוצת אוסם סחר-שות.מוגבלת,,דנטלייף חתול עוף,גרמים,40.00,100 גרם,false,,9.90,0.2475,true,1,117353
7613036737623,false,דגני בוקר קראנץ מיקס 410גר,קבוצת אוסם סחר שותפות מוגבלת,,קראנץ מקס נסטלה,גרמים,410.00,100 גרם,false,,19.90,0.0485,false,1,75025
7613036867870,false,נסקפה דולצה גוסטו אספרסו בריסטה קפסולות 112 ג',קבוצת אוסם סחר שותפות מוגבלת,,קפסולות קפה דולצה גו,גרמים,112.00,100 גרם,false,,26.90,0.2402,true,1,76586
7613037012200,false,גרבר מחית תפוח גזר ומנגו 90 גרם פאוץ,קבוצת אוסם סחר שותפות מוגבלת,,גרבר מחית תפוח מנגו,גרמים,90.00,100 גרם,false,,5.90,0.0656,true,1,81488
7613037204889,false,סטארבקס - פולי קפה אספרסו 450 גרם,קבוצת אוסם סחר-שות.מוגבלת,,סטארבקס פולי קפה אספ,גרמים,450.00,100 גרם,false,,45.90,0.1020,false,1,88508
7613037686906,false,פיטנס שקדים ודבש 355 גרם מופחת סוכר,קבוצת אוסם סחר שותפות מוגבלת,,פיטנס שקדים ודבש 355,גרמים,355.00,100 גרם,false,,21.90,0.0617,false,1,80458
7613037687132,false,דגני בוקר פיטנס שקדים ודבש 585 גרם,קבוצת אוסם סחר שותפות מוגבלת,,פיטנס שקדים ודבש 585,גרמים,585.00,100 גרם,false,,24.90,0.0426,false,1,80459
7613037811629,false,קורנפלקס גו פרי ללא גלוטן 500 גר`,קבוצת אוסם סחר שותפות מוגבלת,,גו פרי קורנפלקס,גרמים,500.00,100 גרם,false,,13.50,0.0270,false,1,82224
7613038268262,false,דגני בוקר צ'יריוס דבש ושקדים במתיקות מעודנת,קבוצת אוסם סחר שותפות מוגבלת,,האני נאט ציריוס מופח,גרמים,410.00,100 גרם,false,,19.90,0.0485,true,1,81899
7613038451954,false,דגני בוקר שוקולד מופחת סוכר 410 ג' קראנץ',קבוצת אוסם סחר-שות.מוגבלת,,דגני קראנץ שוקולד מו,גרמים,410.00,100 גרם,false,,19.90,0.0485,false,1,82057
7613039770450,false,טבעול סנסשיונל בורגר צמחוני 226 גרם,קבוצת אוסם סחר שותפות מוגבלת,,טבעול בורגר צמחוני,גרמים,226.00,100 גרם,false,,33.90,0.1500,false,1,85285
7613039882030,false,גרבר מחית תפוח גזר בטטה 6*190 גרם,קבוצת אוסם סחר-שות.מוגבלת,,גרבר מחית תפוח גזר ב,גרמים,190.00,100 גרם,false,,6.80,0.0358,true,1,89622
7613287008497,false,סטארבקס - פולי קפה פייק פלייס 450 גרם,קבוצת אוסם סחר-שות.מוגבלת,,סטארבקס פולי קפה פיי,גרמים,450.00,100 גרם,false,,45.90,0.1020,false,1,88509
7613287121783,false,סמארטיס מיני 16*187 גרם,קבוצת אוסם סחר שותפות מוגבלת,,סמארטיס מיני,גרמים,187.00,100 גרם,false,,13.90,0.0743,true,1,89154
7613287155832,false,מחית תפוח פאוץ 90 גר`גרבר כשלפ,קבוצת אוסם סחר שותפות מוגבלת,,גרבר מחית תפוח פאוץ,גרמים,90.00,100 גרם,false,,5.90,0.0656,false,1,88414
7613287155863,false,מחית אגס פאוץ 90 גר`גרבר כשלפ,קבוצת אוסם סחר שותפות מוגבלת,,גרבר מחית אגס פאו'ץ,גרמים,90.00,100 גרם,false,,5.90,0.0656,true,1,88032
7613287155894,false,"גרבר מחית אפרסק פאוץ כשל""פ 90 גרם",קבוצת אוסם סחר שותפות מוגבלת,,גרבר מחית אפרסק פאוץ,גרמים,90.00,100 גרם,false,,5.90,0.0656,true,1,88033
7613287186928,false,קפסולות קפה סומטרה (10 יח) סטארבקס (56 ג,קבוצת אוסם סחר שותפות מוגבלת,,סטארבקס קפסולות ברקפ,יחידה,0.00,יחידה,false,,21.90,0.0000,true,1,90018
7613287302373,false,סטארבקס קפסולות איטליאן סטייל רוסט 56 גרם,קבוצת אוסם סחר שותפות מוגבלת,,קפסולות סטארבקס סטיי,גרמים,56.00,100 גרם,false,,21.90,0.3911,true,1,87624
7613287325808,false,אוסם - דיפ אנד ספרד מטבל איולי שום 295 גרם,קבוצת אוסם סחר שותפות מוגבלת,,רוטב איולי שום אסם,גרמים,295.00,100 גרם,false,,14.90,0.0505,true,1,117189
7613287325822,false,אוסם - דיפ אנד ספרד מטבל מיקס 295 גרם,קבוצת אוסם סחר שותפות מוגבלת,,רוטב מיקס לחיץ אוסם,גרמים,295.00,100 גרם,false,,14.90,0.0505,true,1,117190
7613287325853,false,אוסם - דיפ אנד ספרד מטבל איולי ספייסי 295 גרם,קבוצת אוסם סחר שותפות מוגבלת,,רוטב ספייסי איולי לח,גרמים,295.00,100 גרם,false,,14.90,0.0505,true,1,117191
7613287325952,false,אוסם - דיפ אנד ספרד מטבל ברבקיו 345 גרם,קבוצת אוסם סחר שותפות מוגבלת,,רוטב ברביקיו לחיץ או,גרמים,345.00,100 גרם,false,,14.90,0.0432,true,1,117192
7613287394323,false,דגני בוקר מולטי צ'יריוס 600 גרם,קבוצת אוסם סחר שותפות מוגבלת,,דגני צ'ריוס מולטי 60,גרמים,600.00,100 גרם,false,,19.90,0.0332,false,1,89411
7613287476494,false,אוסם - דיפ אנד ספרד מיונז בסגנון צרפתי 280 גרם,קבוצת אוסם סחר שותפות מוגבלת,,רוטב מיונז לחיץ אוסם,גרמים,280.00,100 גרם,false,,14.90,0.0532,true,1,117194
7613287476678,false,דגני בוקר סינימיניס צ'ורוס נסטלה 360 ג',קבוצת אוסם סחר שותפות מוגבלת,,סינימיניס צו'רוס,גרמים,360.00,100 גרם,false,,19.90,0.0553,false,1,117108
7613287821348,false,נתחוני עוף טבעוני סנסשיונל טבעול 350 גרם,קבוצת אוסם סחר-שות.מוגבלת,,טבעול נתחוני עוף טבע,גרמים,350.00,100 גרם,false,,33.90,0.0969,true,1,118317
7613287855640,false,סטארבקס קפסולות קפה גוואטמלה 10 יחידות,קבוצת אוסם סחר שותפות מוגבלת,,קפסולות סטארבקס גווא,גרמים,55.00,100 גרם,false,,21.90,0.3982,true,1,121061
7622010001858,false,עוגיות אוראו ממולאות קרם וניל 176 גרם.,דיפלומט מפיצים (1968) בעמ**,,עוגיות אוראו ממולאות,גרמים,176.00,100 גרם,false,,8.90,0.0506,false,1,66362
7622201050757,false,מילקה שוקולד חלב במילוי קרם קרמל 100 ג,דיפלומט מפיצים (1968) בעמ**,,שוקולד מילקה קרמל 10,גרמים,100.00,100 גרם,false,,5.90,0.0590,false,1,10712
7622201139278,false,גבינת פילדלפיה שמנת 150 גר`% (27 שומן),מיודלז אספניה פרודוק,,גבינת פילדלפיה 150 ג,גרמים,150.00,100 גרם,false,,13.90,0.0927,true,1,82249
7622201401900,false,עוגיות סנסיישן אוראו מילקה 156 גרם,דיפלומט מפיצים (1968) בעמ**,,עוגיות מילקה סנסיין,גרמים,156.00,100 גרם,false,,12.90,0.0827,true,1,85661
7622201502515,false,עוגיות מילקה קוקי לופ שוקולד צ'יפס,דיפלומט מפיצים (1968) בעמ**,,עוגיות מילקה קוקי לו,גרמים,132.00,100 גרם,false,,12.90,0.0977,true,1,117363
7622201521493,false,גבינת פילדלפיה שום ועשבי תיבול 150 גר` (,מיודלז אספניה פרודוק,,פילדלפיה שום ועשבי ת,גרמים,150.00,100 גרם,false,,13.90,0.0927,true,1,120982
7622201798154,false,גבינת שמנת לייט מופחתת שומן 13% שומן,מיודלז אספניה פרודוק,,גבינת פילדלפיה לייט,גרמים,150.00,100 גרם,false,,13.90,0.0927,true,1,90730
7622201801809,false,מילקה שוקולד חלב עם אגוזים 100 גרם חדש,מנדלז דויצ'\לנד סנקס פרו,,מילקה שוקולד חלב עם,גרמים,100.00,100 גרם,false,,5.90,0.0590,true,1,90404
7622201802363,false,מילקה טבלת שוקולד חלב וצימוקים ואגוזים 100ג',מנדלז דויצ'\לנד סנקס פרו,,מילקה שוקולד חלב צימ,גרמים,100.00,100 גרם,false,,5.90,0.0590,true,1,90403
7622201802394,false,שוקולד מילקה חלב מסרונים 100 גרם,מנדלז דויצ'\לנד סנקס פרו,,מילקה שוקולד חלב 100,גרמים,100.00,100 גרם,false,,5.90,0.0590,false,1,117515
7622201808631,false,אוראו מיני עוגיות ממולאות קרם וניל 67גרם,דיפלומט מפיצים (1968) בעמ**,,אוראו מיני כוסות בטע,גרמים,67.00,100 גרם,false,,6.90,0.1030,true,1,90414
7622201809188,false,מילקה ביסקויט מצופה שוקולד 150 גר`,מונדלז פרנס ביסקוויט פרו,,מילקה ביסקביט 150 גר,גרמים,150.00,100 גרם,false,,12.90,0.0860,true,1,88832
7622201813390,false,עוגיות מילקה וואפל במילוי קרם קקאו 150 ג,דיפלומט מפיצים (1968) בעמ**,,מילקה וופל במילוי קר,גרמים,150.00,100 גרם,false,,12.90,0.0860,true,1,88833
7622201819170,false,שוקולד מילקה דרק שקדים 85 גרם.,דיפלומט מפיצים (1968) בעמ**,,מילקה דארק שקדים,גרמים,85.00,100 גרם,false,,6.90,0.0812,true,1,117364
7622201819408,false,שוקולד מילקה דרק קרמל 85 גרם.,מונדלז דויטשלנד סנאק,,מילקה דארק קרמל,גרמים,85.00,100 גרם,false,,6.90,0.0812,true,1,117365
7622201819552,false,מילקה דארק שוקולד 85 גרם חדש,מונדלז דויטשלנד סנאק,,שוקולד מילקה דארק,גרמים,85.00,100 גרם,false,,6.90,0.0812,true,1,117366
7622210078131,false,שוקולד חלב עם שבבי קרמל מילקה דיים 100 גרם,מנדלז דויצ'\לנד סנקס פרו,,שוקולד מילקה חלב שבר,גרמים,100.00,100 גרם,false,,5.90,0.0590,true,1,68763
7622210117762,false,"קוטדור בונבונירה בושה, 200 גרם כשל""פ",דיפלומט מפיצים {1968}בעמ,,קוטדור בושה 200 גר,גרמים,200.00,100 גרם,false,,17.90,0.0895,false,1,32328
7622210137234,false,אוראו עוגיות עם דאבל קרם בטעם וניל 170ג,דיפלומט מפיצים (1968) בעמ**,,אוראו דאבל,גרמים,170.00,100 גרם,false,,7.90,0.0465,true,1,64713
7622210163899,false,שוקולד חלב במילוי סוכריות עדשים,דיפלומט מפיצים (1968) בעמ**,,שוקולד מילקה חלב עם,גרמים,100.00,100 גרם,false,,5.90,0.0590,false,1,73708
7622210453327,false,עוגיות שוקוצ'יפס במילוי שוקולד סנסיישן,דיפלומט מפיצים (1968) בעמ**,,עוגיות מילקה סנסיישן,גרמים,156.00,100 גרם,false,,12.90,0.0827,true,1,71053
7622210637994,false,מיני עוגיות אוראו קראנצ'י בייטס אורגינל,דיפלומט מפיצים (1968) בעמ**,,אוראו ביס קראנצ'י או,גרמים,110.00,100 גרם,false,,8.50,0.0773,true,1,85745
7622210638021,false,מיני עוגיות אוראו קראנצ'י בייטס מצופים,דיפלומט מפיצים (1968) בעמ**,,אוראו ביס קראנצ'י בצ,גרמים,110.00,100 גרם,false,,8.50,0.0773,true,1,85762
7622210690852,false,מילקה שוקולד טריולד 280 גרם,דיפלומט היינץ,,שוקולד מילקה טריולד,גרמים,280.00,100 גרם,false,,14.90,0.0532,true,1,72438
7622210690883,false,מילקה שוקולד חלב-מהדורת מונדיאל 270 גרם,דיפלומט מפיצים (1968) בעמ**,,מילקה מונדיאל 270 גר,גרמים,270.00,100 גרם,false,,12.90,0.0478,false,1,122180
7622210693266,false,מילקה שוקולד אגוזים שלמים 270 גרם,מונדלז אוסטרייך פרודקשן,,מילקה אגוזים שלמים 2,גרמים,270.00,100 גרם,false,,14.90,0.0552,true,1,84725
7622210724519,false,קוטדור ביו שוקולד מריר אורגני 70% מוצק קקאו,דיפלומט מפיצים (1968) בעמ**,,קוטדור ביו 70% קקאו,גרמים,90.00,100 גרם,false,,15.90,0.1767,true,1,86824
7622210724557,false,"קוטדור ביו מלוח 90 גרם כשל""פ",דיפלומט מפיצים (1968) בעמ**,,קוטדור ביו מלוח,גרמים,90.00,100 גרם,false,,15.90,0.1767,true,1,86825
7622210826053,false,מילקה שוקולד אוראו סנדוויץ 100 גרם,דיפלומט מפיצים (1968) בעמ**,,שוקולד מילקה אוראו ס,גרמים,92.00,100 גרם,false,,5.90,0.0641,true,1,85852
7622210835338,false,אוראו עוגיות ממולאות טעם בראוניז 176 גרם,דיפלומט מפיצים (1968) בעמ**,,אוראו בראוניז,גרמים,176.00,100 גרם,false,,7.90,0.0449,true,1,85659
7622210869616,false,"קוטדור ביו 85% קקאו 90 גרם כשל""פ",דיפלומט מפיצים (1968) בעמ**,,קוטדור ביו 85% קקאו,גרמים,90.00,100 גרם,false,,15.90,0.1767,true,1,86826
7622300200237,false,שוקולד מילקה שוקולד חלב 250 גרם,דיפלומט מפיצים (1968) בעמ**,,מילקה שוקולד חלב 250,גרמים,250.00,100 גרם,false,,12.90,0.0516,false,1,20302
7622300270506,false,מילקה גריינס - עוגיות שיבולת שועל מצופות שוקולד 168 ג',דיפלומט מפיצים (1968) בעמ**,,עוגיות מילקה שוקו גר,גרמים,168.00,100 גרם,false,,12.90,0.0768,true,1,10714
7622300356767,false,מילקה - עוגיות עם גרנולה וחתיכות של שוקולד חלב,דיפלומט מפיצים (1968) בעמ**,,מילקה עוגיות שוקולד,גרמים,168.00,100 גרם,false,,12.90,0.0768,true,1,10716
7622300489427,false,עוגיות אוראו בציפוי בטעם שוקולד לבן 246 גרם,דיפלומט מפיצים (1968) בעמ**,,עוגיות אוראו בציפוי,גרמים,246.00,100 גרם,false,,16.90,0.0687,false,1,72774
7622300489434,false,"עוגיות אוראו פאדג' בציפוי שוקולד חלב, 246 גרם",דיפלומט מפיצים (1968) בעמ**,,עוגיות אוראו בציפוי,יחידה,0.00,יחידה,false,,16.90,0.0000,false,1,72775
7622300495046,false,מילקה שוקולד חלב עם אקסטרה קקאו 100 גרם,מנדלז דויצ'\לנד סנקס פרו,,שוקולד מילקה אקסטרא,גרמים,100.00,100 גרם,false,,5.90,0.0590,false,1,24071
7622300503079,false,עוגיות ביסקוויט מצופה שוקולד חלב מילקה 200 גרם,דיפלומט מפיצים (1968) בעמ**,,ביסקוויט מצופה שוקול,גרמים,200.00,100 גרם,false,,12.90,0.0645,true,1,10718
7622300617820,false,מילקה שוקולד חלב במילוי קרם חלב ווניל ושבבי עוגיות אוראו 100 גרם,מנדלז דויצ'\לנד סנקס פרו,,שוקולד מילקה אוראו 1,גרמים,100.00,100 גרם,false,,5.90,0.0590,false,1,24072
7622300761363,false,עוגיות מיני אוראו במילוי קרם בטעם שוקולד בכוס,דיפלומט מפיצים (1968) בעמ**,,אוראו מיני כוסות שוק,גרמים,67.00,100 גרם,false,,6.90,0.1030,true,1,78829
7622400005190,false,שוקולד חלב נגיעות שוקולד לבן מילקה 100 ג,מנדלז דויצ'\לנד סנקס פרו,,שוקולד מילקה חום לבן,גרמים,100.00,100 גרם,false,,5.90,0.0590,false,1,34230
7630311507016,false,קפסולות קפה סטארבקס סאני דיי 12*57גר`,קבוצת אוסם סחר שותפות מוגבלת,,קפסולות סטארבקס סאני,גרמים,57.00,100 גרם,false,,21.90,0.3842,true,1,119304
7630477891592,false,סטארבקס קפסולות קפה האוס בלנד 10 יחידות,קבוצת אוסם סחר שותפות מוגבלת,,קפסולות סטארבקס האוס,גרמים,57.00,100 גרם,false,,21.90,0.3842,true,1,84881
7630477891615,false,סטארבקס קפסולות קפה סומטרה 10 יחידות,קבוצת אוסם סחר שותפות מוגבלת,,קפסולות סטארבקס סומט,גרמים,55.00,100 גרם,false,,21.90,0.3982,true,1,84883
7630477891639,false,קפסולות קפה סומטרה (10 יח) סטארבקס ( 55,קבוצת אוסם סחר שותפות מוגבלת,,קפסולות סטארבקס ורונ,גרמים,55.00,100 גרם,false,,21.90,0.3982,true,1,84884
7630477891653,false,סטארבקס קפסולות קפה אספרסו נטול 10 יחידו,קבוצת אוסם סחר שותפות מוגבלת,,קפסולות סטארבקס אספר,גרמים,57.00,100 גרם,false,,21.90,0.3842,true,1,84885
7630477891677,false,סטארבקס קפסולות קפה פייק פלייס 10 יחידות,קבוצת אוסם סחר שותפות מוגבלת,,קפסולות סטארבקס פייק,גרמים,53.00,100 גרם,false,,21.90,0.4132,true,1,84886
7630477891691,false,קפסולות קפה קולומביה (10 יח) סטארבקס ( 5,קבוצת אוסם סחר שותפות מוגבלת,,קפסולות סטארבקס קולו,גרמים,57.00,100 גרם,false,,21.90,0.3842,true,1,84887
7630477891714,false,סטארבקס קפסולות קפה אספרסו 10 יחידות,קבוצת אוסם סחר שותפות מוגבלת,,קפסולות סטארבקס אספר,גרמים,57.00,100 גרם,false,,21.90,0.3842,true,1,84889
7630477891738,false,סטארבקס קפסולות קפה אספרסו בלונד 10 יחיד,קבוצת אוסם סחר שותפות מוגבלת,,קפסולות סטארבקס אספר,גרמים,53.00,100 גרם,false,,21.90,0.4132,true,1,84888
7638900083071,false,סוללות אלקליין למחשבונים A76 1.5V זוג,דנאגיס בעמ,,סוללות A76 זוג Energ,יחידה,0.00,יחידה,false,,12.90,0.0000,true,1,75611
7638900295641,false,זוג סוללות אנרגייזר A23,אנרג'ייזר,,סוללות אנרג'ייזר אלק,יחידה,0.00,יחידה,false,,17.90,0.0000,true,1,75614
7638900426663,false,9 V סוללות אנרג`יזר ריפרש,דנשר (1963) בעמ,,סוללות 9V ANERGIZER,יחידה,0.00,יחידה,false,,23.90,0.0000,true,1,81247
7638900426809,false,סוללות אנרגייזר מקס c ריפרש MAX,אנרג'יזר Energizer,,סוללות אלקליין MAX ר,יחידה,0.00,יחידה,false,,23.90,0.0000,true,1,82126
7702018271788,false,"דאודורנט קליר ג'ילט בניחוח ספורט 70 מ""ל",פארמה דיל (פ.א.ב.) שיווק והפצה,,ג'ילט פרו דאודורנט S,מיליליטרים,70.00,"100 מ""ל",false,,15.90,0.2271,true,1,23718
7702018321582,false,דאודורנט סטיק מתקדם ג`ילט (45 מל),דיפלומט מפיצים (1968) בעמ,,ג'ילט דאודורנט סטיק,יחידה,0.00,יחידה,false,,22.90,0.0000,true,1,26361
7702018357871,false,גילט גל גילוח פרוגלייד 2ב1 לעור רגיש,פרוקטר אנד גמבל,,ג'ל גילוח פרוגלייד 2,יחידה,0.00,יחידה,false,,24.00,0.0000,true,1,65537
7702018404476,false,קצף גילוח סירייס הגנה גילט 250 מל,דיפלומט מפיצים (1968) בעמ,,קצף גילוח סירייס 250,מיליליטרים,250.00,"100 מ""ל",false,,16.90,0.0676,true,1,67491
7702018471423,false,גילט פיוזן סטארט סכיני גילוח 4יח,דיפלומט מפיצים {1968}בעמ,,ג'ילט פיוז'ן רביעיה,יחידה,0.00,יחידה,false,,34.90,0.0000,false,1,80782
7702018489619,false,גילט בלו 3 סכין גילוח חד פעמי לגבר 3 יח,דיפלומט מפיצים 1968 בעמ,,ג'ילט סכיני גילוח חד,יחידה,0.00,יחידה,false,,16.90,0.0000,true,1,84560
7702018610303,false,גילט מארז סקינגארד אלוורה מכשיר+4 סכין,דיפלומט מפיצים 1968 בעמ,,סקינגארד אלוורה מארז,יחידה,0.00,יחידה,false,,99.90,0.0000,false,1,121260
7702018877591,false,סכיני גילוח רביעייה,,,סכיני גילוח ג'ילט רב,יחידה,0.00,יחידה,false,,65.90,0.0000,true,1,81275
7702024074625,false,פיטנס - חטיפי קרקר חיטה מלאה 234 גרם,קבוצת אוסם סחר שותפות מוגבלת,,פיטנס חטיפי קרקר חיט,גרמים,234.00,100 גרם,false,,11.90,0.0509,true,1,74780
7702024258322,false,"חטיפי קרקר עם חיטה מלאה, צ'יה וזרעי פשתן פיטנס",קבוצת אוסם סחר שותפות מוגבלת,,פיטנס חטיפי קרקר צ'י,גרמים,234.00,100 גרם,false,,11.90,0.0509,true,1,84840
7702174066631,false,לקקן יוגטה פין פופ במילוי מסטיק 170 גר,קומסטיבלס לה רוזה אס.איי,,פין פופ לקקנים,גרמים,180.00,100 גרם,false,,9.90,0.0550,true,1,9716
7702174068826,false,יוגטה מבחר סוכריות לקקן קשות ממולאות טופי בטעמי יוגורט ופירות 204 גרם,הדקלאים אגודת שיתופי,,לקקן יוגטה פירות 12,יחידה,0.00,יחידה,false,,9.90,0.0000,true,1,23420
7702174068833,false,יוגטה סוכריות קשות על מקל ממולאות טופי בטעמי גלידת פירות 12 יח' 204 גרם,הדקלאים אגודת שיתופי,,לקקן יוגטה גלידה 12,יחידה,0.00,יחידה,false,,9.90,0.0000,true,1,22548
7702174070201,false,יוגטה לקקן בטעם מסטיק ממולא טופי בטעם תות 12 יח' 204 גרם,הדקלאים אגודת שיתופי,,יוגטה מג'יק לקקנים,גרמים,216.00,100 גרם,false,,9.90,0.0458,true,1,24560
7702174073783,false,סוכריות על מקל בטעם קולה במילוי גומי לעיסה,הדקלאים אגודת שיתופי,,לקקן פין פופ קולה,גרמים,180.00,100 גרם,false,,9.90,0.0550,true,1,60447
7791875005353,false,ריבת חלב הוואנה דוצה דה לצה 450 גרם,משה סידס ובנו בעמ,,ריבת חלב הוואנה 450,גרמים,450.00,100 גרם,false,,17.90,0.0398,true,1,118662
7792860006218,false,סוכריות לקקן בייבי דול לריטייר (24 גרם),גוד פוד פרודקטס S.p,,בייבי דול לקקן,גרמים,24.00,100 גרם,false,,2.20,0.0917,true,1,8642
7798304600011,false,אוכמניות- טרי 125 גר,בראשית - אגודה שיתופית*שיק 45,,אוכמניות טריות,יחידה,0.00,יחידה,false,,9.90,0.0000,true,1,85186
7804414000860,false,קברנה סוביניון דון חוליו (750 מל),צ'ילה לואיס פיליפה אדוארדס,,דון חוליו קברנה סובי,מיליליטרים,750.00,"100 מ""ל",false,,24.90,0.0332,true,1,17568
7804414000877,false,יין דון חוליו מרלו אדוארדס,צ'ילה לואיס פיליפה אדוארדס,,דון חוליו מרלו,יחידה,750.00,יחידה,false,,24.90,0.0332,true,1,17569
7804414000884,false,שרדונה BIN דון חוליו (750 מל),צ'ילה לואיס פיליפה אדוארדס,,יין דון חוליו שרדונה,מיליליטרים,750.00,"100 מ""ל",false,,24.90,0.0332,true,1,34219
7804414001614,false,שיראז חצי יבש דון חוליו (750 מל),צ'ילה לואיס פיליפה אדוארדס,,יין דון חוליו שירז,מיליליטרים,750.00,"100 מ""ל",false,,24.90,0.0332,true,1,34220
7804414012344,false,יין סוביניון בלאן 750 מל דון חוליו,הכרם - משקאות חריפים בעמ,,יין דון חוליו סוביני,מיליליטרים,750.00,"100 מ""ל",false,,24.90,0.0332,true,1,72455
7804414012351,false,יין מלבק 750 מל דון חוליו,הכרם - משקאות חריפים בעמ,,דון חוליו מלבק יין א,מיליליטרים,750.00,"100 מ""ל",false,,24.90,0.0332,true,1,68775
7804414017110,false,"יין דון חוליו פינו נואר 750מ""ל.",הכרם משקאות חריפים בעמ,,דון חוליו פינו נואר,מיליליטרים,750.00,"100 מ""ל",false,,24.90,0.0332,true,1,81834
7860001961433,false,מלקחיים,,,מלקחיים,יחידה,0.00,יחידה,false,,13.90,0.0000,true,1,120270
7891024027998,false,קולגייט מי פה טוטאל הגנה מפני אבן 500 מל,קולגייט- פלמוליב,,קולגייט מי פה טוטל א,מיליליטרים,500.00,"100 מ""ל",false,,29.90,0.0598,true,1,121162
7891024124826,false,קולגייט משחת אופטיק ספרקלינג וייט 75מל,הנסיך- מפעל לייצור ט,,קולגייט אופטיק וייט,מיליליטרים,75.00,"100 מ""ל",false,,16.90,0.2253,true,1,24273
8000040000802,false,משקה קמפרי 1000 מל פ,קמפרי (יורו),,קמפרי 1 ליטר,ליטרים,1.00,ליטר,false,,89.90,89.9000,true,1,17570
8000070011878,false,לוואצה חוזק 3 דה קפינטו נטול קופאין 250 גר,לאוג'י לוואצה אס.פי.אי,,קפה לוואצה נטול קפאי,גרמים,250.00,100 גרם,false,,39.90,0.1596,false,1,21663
8000070012219,false,פולי קפה אורו זהב לוואצה 250 גר,לאוג'י לוואצה אס.פי.אי,,לוואצה אורו פולי קפה,גרמים,250.00,100 גרם,false,,36.90,0.1476,true,1,87539
8000070012783,false,קפה לוואצה קלוי וטחון חוזק 5 אורו 250 גר,לאוג'י לוואצה אס.פי.אי,,קפה לוואצה אורו 250,גרמים,250.00,100 גרם,false,,34.90,0.1396,false,1,11866
8000070032835,false,קפה לוואצה קלוי וטחון חוזק 10 מטינו 250 גר,לאוג'י לוואצה אס.פי.אי,,"לוואצה ""מטינו"" קפה ק",גרמים,250.00,100 גרם,false,,25.90,0.1036,true,1,11869
8000070035980,false,קפה לוואצה קלוי וטחון חוזק 5 רוסה 250 גר,לווצה טורינו,,קפה לוואצה רוסה אדום,גרמים,250.00,100 גרם,false,,28.90,0.1156,false,1,11870
8000070036321,false,פולי קפה לוואצה קואליטה רוסה 500 גר,צ'וקטה,,לוואצה פולי קפה רוסה,יחידה,0.00,יחידה,false,,64.90,0.0000,true,1,120486
8000070038868,false,קפה לוואצה קלוי וטחון חוזק 8 קלאסיקו 250 גר,לאוג'י לוואצה אס.פי.אי,,לוואצה קרמה גוסטו,גרמים,250.00,100 גרם,false,,27.90,0.1116,false,1,31971
8000070038974,false,"קרמה גוסטו פולי קפה 1 ג""ק לוואזה",,,לוואצה קרמה גוסטו פו,קילוגרמים,1.00,"ק""ג",false,,109.90,109.9000,true,1,87493
8000070053465,false,קפסולות לוואצה למכונת אספרסו חוזק 8,לאוג'י לוואצה אס.פי.אי,,קפסולות לוואצה אלומי,גרמים,55.00,100 גרם,false,,19.90,0.3618,false,1,122099
8000070053472,false,קפסולות קרמה גוסטו קלאסיקו חוזק 12 57 ג' לוואצה,לאוג'י לוואצה אס.פי.אי,,קפסולות לוואצה אלומי,גרמים,55.00,100 גרם,false,,19.90,0.3618,false,1,122097
8000070053526,false,קפסולות לוואצה למכונת אספרסו חוזק 10,לאוג'י לוואצה אס.פי.אי,,קפסולות לוואצה אלומי,גרמים,55.00,100 גרם,false,,19.90,0.3618,false,1,122100
8000070055254,false,לוואצה קרמה גוסטו פורטה מס' 13 קפסולות לקפה 55 גרם,ליימן שליסל בע`מ,,קפסולות לוואצה אלומי,גרמים,55.00,100 גרם,false,,19.90,0.3618,false,1,122098
8000070059832,false,קפסולות קרמה גוסטו ריקו חוזק 11 55 ג' לוואצה,לואיג'י לוואצה,,קפסולות לוואצה אלומי,גרמים,55.00,100 גרם,false,,19.90,0.3618,false,1,122101
8000070081154,false,קפסולות קפה אספרסו לג'רו 4 10 יחידות,לאוג'\י לוואצה אס.פי.אי,,לוואצה לג'רו,גרמים,55.00,100 גרם,false,,16.90,0.3073,true,1,74704
8000091200954,false,טורטיה ללא גלוטן 180 גרם,,,טורטיה ללא גלוטן 60*,גרמים,180.00,100 גרם,false,,17.90,0.0994,true,1,80425
8000215202406,false,מעדן אורז בטעם שוקו אורגני 400 גרם,בטר אנד דיפרנט,,מעדן אורז אורגני קקא,גרמים,400.00,100 גרם,false,,15.90,0.0398,true,1,73852
8000215204219,false,משקה אורז ביו אורגני ויטאריז 1 ליטר,בטר אנד דיפרנט,,חלב אורז אורגני 1 לי,ליטרים,1.00,ליטר,false,,12.90,12.9000,false,1,24588
8000215204240,false,משקה אורז ושקדים ביו אורגני ויטאריז 1 לי,בטר אנד דיפרנט,,VITARIZ-חלב אורז שקד,ליטרים,1.00,ליטר,false,,12.90,12.9000,false,1,18774
8000215204264,false,ויטריז - משקה אורז אישי אישי 200 גר,בטר אנד דיפרנט,,"חלב אורז אישי 200 מ""",מיליליטרים,200.00,"100 מ""ל",false,,3.80,0.0190,true,1,65612
8000215204271,false,ויטריז - משקה שקדים ואורז אישי 200 גר,"נטורפוד בע""מ",,ויטריז- חלב אורז שקד,מיליליטרים,200.00,"100 מ""ל",false,,3.90,0.0195,true,1,33119
8000215204370,false,"ויטאריז לבישול תחליף שמנת צחית אורגנית 200 מ""ל",נטורפוד בעמ,,VITARIZ- תחליף שמנת,מיליליטרים,200.00,"100 מ""ל",false,,5.90,0.0295,true,1,58187
8000215204394,false,משקה אורז ואגוזי לוז ביו אורגני ויטאריז,בטר אנד דיפרנט,,ויטריז-משקה אורז עם,ליטרים,1.00,ליטר,false,,14.90,14.9000,true,1,27406
8000215204554,false,ויטאריז משקה אורז קוקוס אורגני 1 ליטר,נטורפוד בעמ,,חלב אורז עם קוקוס או,ליטרים,1.00,ליטר,false,,12.90,12.9000,false,1,65611
8000215204561,false,משקה שקדים אורגני וללא גלוטן ויטאסי 1 לי,בטר אנד דיפרנט,,משקה שקדים אורגני vi,מיליליטרים,1000.00,"100 מ""ל",false,,14.90,0.0149,true,1,77172
8000215204653,false,משקה סויה ויטאסי 1 ליטר,בטר אנד דיפרנט,,משקה סויה 1 ליטר,ליטרים,1.00,ליטר,false,,10.90,10.9000,true,1,81400
8000215204677,false,ויטריז - משקה שיבולת שועל בריסטה אורגני,בטר אנד דיפרנט,,VITARIZ משקה שיבולת,ליטרים,1.00,ליטר,false,,12.90,12.9000,false,1,118805
8000215204714,false,משקה שיבולת שועל אורגני פרימונה 1 ליטר,בטר אנד דיפרנט,,משקה שיבולת שועל אור,ליטרים,1.00,ליטר,false,,12.90,12.9000,false,1,18775
8000215204745,false,משקה ש.שועל וניל אורגני 1 ליטר PRIMAVENA,אלינור,,משקה שיבולת שועל וני,ליטרים,1.00,ליטר,false,,12.90,12.9000,false,1,120881
8000320010026,false,עגבניות תמר מקולפות צ'ריו 400 גרם,דיפלומט מפיצים (1968) בעמ**,,עגבניות תמר מקולפות,גרמים,400.00,100 גרם,false,,6.20,0.0155,true,1,22171
8000320010088,false,"רוטב עגבניות במרקם גס 680 מ""ל MUTTI",דיפלומט מפיצים (1968) בעמ**,,צ'יריו רסק עגבניות,גרמים,816.00,100 גרם,false,,10.90,0.0134,true,1,11872
8000320010095,false,"רוטב עגבניות במרקם עדין 700 מ""ל MUTTI",דיפלומט מפיצים (1968) בעמ**,,פסאטה צ'יריו במרקם ע,מיליליטרים,700.00,"100 מ""ל",false,,10.90,0.0156,true,1,120099
8000353006386,false,ליקר לימוצלו לוקסרדו,,,לימונצ'לו לוקסרדו,מיליליטרים,700.00,"100 מ""ל",false,,99.90,0.1427,true,1,119439
8000380003723,false,וופלים גרנד פטיסרי במילוי קרם אגוזים 100,קריניציה ויטמינה אס,,עוגיות פטיסרי אגוזים,גרמים,100.00,100 גרם,false,,11.90,0.1190,true,1,9721
8000380003761,false,וופל גרנד פטיסרי שוקולד וקוקוס לואקר 100 גרם,קריניציה ויטמינה אס,,עוגיות פטיסרי קוקוס,גרמים,100.00,100 גרם,false,,11.90,0.1190,true,1,9722
8000380004669,false,וופל לואקר סנדוויץ קוביות ושוקולד 200ג',"א. לואקר, קונפקט ג'י",,וופל קקאו 200 גר',גרמים,200.00,100 גרם,false,,12.00,0.0600,false,1,2454
8000380004676,false,קוביות וופל סנדוויץ Sandwich עם וניל וחלב,"א. לואקר, קונפקט ג'י",,וופל וניל 200 גר,גרמים,200.00,100 גרם,false,,12.00,0.0600,false,1,2455
8000380004881,false,וופל קוארדטיני לואקר קוביות טרמיסו 220ג',קריניציה ויטמינה אס,,וופל קוארדטיני,גרמים,220.00,100 גרם,false,,13.90,0.0632,true,1,9724
8000380004911,false,קוביות וופל קואדרטיני Quadratini קרם אגוזים,קריניציה ויטמינה אס,,וופל קוארדטיני,גרמים,250.00,100 גרם,false,,13.90,0.0556,true,1,9725
8000380004966,false,וופל קוארדטיני לואקר קוביות שוקולד 250ג',קריניציה ויטמינה אס,,וופל קוארדטיני,גרמים,250.00,100 גרם,false,,13.90,0.0556,true,1,9727
8000380005598,false,מארז וופל שוקולד טורטינה Tortina שוקולד מריר,א. לואקר אס. פי. אי-אי.,,טורטינה שישיה מריר,גרמים,125.00,100 גרם,false,,16.00,0.1280,true,1,2456
8000380007257,false,וופל גרדנה במילוי קרם אגוזים מצופה,קריניציה ויטמינה אס,,וופל גרדנה 200 ג,גרמים,200.00,100 גרם,false,,13.90,0.0695,true,1,2458
8000380106028,false,טורטינה לואקר וופל שוקולד ואגוזים שישיה 125ג',קריניציה ויטמינה אס,,טורטינה 125 גר,גרמים,125.00,100 גרם,false,,16.00,0.1280,true,1,30933
8000380144044,false,גרדנה וופל מצופה שוקולד חלב לואקר 200 גרם,ליימן שליסל בע`מ,,וופל גרדנה שוקולד 20,גרמים,200.00,100 גרם,false,,13.90,0.0695,true,1,2461
8000380148035,false,וופל אגוזי לוג שוקולד מריר גראן פטיסרי Gran Pasticceria,קריניציה ויטמינה אס,,גרנד פטיסרי מריר אגו,גרמים,100.00,100 גרם,false,,11.90,0.1190,false,1,63245
8000380152704,false,מארז חטיפי אצבעות גרדנה אגוז לואקר 125 גרם,ליימן שליסל בע`מ,,חטיפי אצבעות גרדנה א,גרמים,125.00,100 גרם,false,,14.00,0.1120,true,1,21836
8000380152728,false,מארז חטיפי אצבעות גרנדה שוקולד 125 גרם,ליימן שליסל בע`מ,,חטיפי אצבעות שוקולד,גרמים,125.00,100 גרם,false,,14.00,0.1120,true,1,21837
8000380153534,false,מארז וופל שוקולד טורטינה Tortina שוקולד לבן,א. לואקר אס. פי. אי-אי.,,טורטינה שישיות לבן,גרמים,125.00,100 גרם,false,,16.00,0.1280,true,1,26555
8000380156009,false,פרלינים ורד הדולומיטים חלב לואקר 150 גרם,קריניציה ויטמינה אס,,דולימיטים 150 גר',גרמים,150.00,100 גרם,false,,25.90,0.1727,true,1,74392
8000380156573,false,לואקר בונבוניירה ורד הדולמיטים 150 גרם,קריניציה ויטמינה אס,,דולומיטים 150 גר',גרמים,150.00,100 גרם,false,,25.90,0.1727,true,1,33395
8000380157440,false,שוקולד חלב במילוי קרם אגוזי לוז לואקר 87 גרם,ליימן שליסל בע`מ,,שוקולד חלב ממולא קרם,גרמים,85.00,100 גרם,false,,6.90,0.0812,true,1,65599
8000380157570,false,וופלים לואקר קלאסיק אגוז 262.5 גר,ליימן שליסל בע`מ,,וופל לואקר אגוז 262.,גרמים,262.50,100 גרם,false,,10.00,0.0381,true,1,66195
8000380157587,false,וופלים לואקר קלאסיק קקאו 262.5 גר,ליימן שליסל בע`מ,,וופל לואקר קרם קקאו,גרמים,262.50,100 גרם,false,,10.00,0.0381,true,1,69456
8000380180745,false,וופל קוביות קקאו במילוי קרם חלב לואקר 250 גרם,"א. לואקר, קונפקט ג'י",,וופל קואדרטיני 250 ג,גרמים,250.00,100 גרם,false,,13.90,0.0556,true,1,62705
8000380180837,false,וופל גרנד פטיסרי קוקוס לבן מצופה שוקולד לבן לואקר 100 גרם,ליימן שליסל בע`מ,,גרנד פטיסרי לבן 100,גרמים,100.00,100 גרם,false,,11.90,0.1190,true,1,65078
8000380181032,false,"לואקר גרדנה חטיפי אצבעות אגוזים ושוקולד לבן, 125 גרם",ליימן שליסל בע`מ,,וופל גרדנה לבן 125 ג,גרמים,125.00,100 גרם,false,,14.00,0.1120,true,1,65079
8000380189281,false,מארז מיני מיקס לואקר בשקית 210 גרם,ליימן שליסל בעמ,,מארז לואקר מיני מיקס,גרמים,210.00,100 גרם,false,,21.90,0.1043,true,1,73444
8000380192588,false,וופלים קואדרטיני דאבל שוקולד לואקר 250 גרם,קריניציה ויטמינה אס,,לואקר קואדרטיני דאבל,גרמים,250.00,100 גרם,false,,13.90,0.0556,true,1,77920
8000500009673,false,בונבונרייה פררו רושר 300 גרם,פרימיום-חברה לדברי מתיקה ולמסח,,בונבוניירה רושר 300ג,גרמים,300.00,100 גרם,false,,45.90,0.1530,true,1,2464
8000500023624,false,חטיפי הפי היפו Happy Hippo במילוי קרם חלב וקקאו,פרימיום-חברה לדברי מתיקה ולמסח,,חטיף קינדר הפי היפו,גרמים,100.00,100 גרם,false,,12.90,0.1290,true,1,2465
8000500023976,false,בונבוניירת רפאלו פררו (150 גרם),פרימיום-חברה לדברי מתיקה ולמסח,,בונבונירה רפאלו 150,גרמים,150.00,100 גרם,false,,16.90,0.1127,true,1,2466
8000500026731,false,ביצי שוקולד קינדר מארז 3 יח סופרייז,פרימיום-חברה לדברי מתיקה ולמסח,,ביצי קינדר שלישייה,גרמים,60.00,100 גרם,false,,16.50,0.2750,false,1,56176
8000500028124,false,קינדר גוי ביצת הפתעה מארז שלישיה,פרימיום-חברה לדברי מתיקה ולמסח,,שלישיה קינדר ג'וי 3x,גרמים,60.00,100 גרם,false,,16.50,0.2750,false,1,2467
8000500029350,false,מארז וופל מצופה 3יח' *43 גרם קינדר בואנו,פרימיום-חברה לדברי מתיקה ולמסח,,שלישיה שוקולד קינדר,גרמים,129.00,100 גרם,false,,10.90,0.0845,true,1,9732
8000500032237,false,בונבונרייה פררו רושר 375 גרם,פרימיום-חברה לדברי מתיקה ולמסח,,בונבונירה רושר 375 ג,גרמים,375.00,100 גרם,false,,45.90,0.1224,true,1,2468
8000500071083,false,אצבעות שוקולד קינדר Kinder שש עשרה יחידות,פרימיום-חברה לדברי מתיקה ולמסח,,שוקולד קינדר 200 גר',גרמים,200.00,100 גרם,false,,12.90,0.0645,false,1,2470
8000500094976,false,"בונבוניירה פררו רושר רושה קונוס, 212 גרם T17X4",פרימיום-חברה לדברי מתיקה ולמסח,,פררו רושה קונוס 212,גרמים,212.00,100 גרם,false,,38.90,0.1835,true,1,23657
8000500121436,false,מארז קינדר בואנו Kinder Bueno לבן שלוש יחידות,פרימיום-חברה לדברי מתיקה ולמסח,,שלישיה קינדר בואנו ל,גרמים,129.00,100 גרם,false,,10.90,0.0845,true,1,9736
8000500127728,false,סלייס עוגת ספוג במילוי קרם חלבי ק'נדר מילק 112 ג',פררו טורקיה צ'\יקולטה וו,,קינדר מילק סלייס עוג,גרמים,112.00,100 גרם,false,,11.90,0.1063,true,1,88678
8000500167656,false,קינדר שוקולד עם דגנים סיריאל 94 ג',פרימיום-חברה לדברי מתיקה ולמסח,,קינדר סיריאל מארז רב,גרמים,94.00,100 גרם,false,,8.50,0.0904,true,1,80366
8000500227848,false,נוטלה - בי רדי אצבעות ביסקוויט במילוי שוקולד 6 יח' * 22 גרם,פרימיום-חברה לדברי מתיקה ולמסח,,וופל מלוח נוטלה מארז,גרמים,132.00,100 גרם,false,,11.90,0.0902,true,1,75925
8000500247167,false,פררו קולקשן - כדורי וופל מצופים 24 יחידו,פרימיום-חברה לדברי מתיקה ולמסח,,פררו קולקשיין,גרמים,269.00,100 גרם,false,,39.90,0.1483,true,1,69422
8000500256213,false,קינדר שוקולד חלב במילוי קרם חלבי,פרימיום-חברה לדברי מתיקה ולמסח,,קינדר שוקולד מיני,גרמים,120.00,100 גרם,false,,10.90,0.0908,true,1,119122
8000500267103,false,קינדר דליס עוגת ספוג קקאו במילוי חלבי*10,פרימיום-חברה לדברי מתיקה ולמסח,,קינדר דליס עשירייה,גרמים,390.00,100 גרם,false,,19.90,0.0510,true,1,74783
8000500269169,false,קינדר קארדס Kinder Cards - חמישייה,פרימיום-חברה לדברי מתיקה ולמסח,,קינדר קארדס חמישייה,גרמים,128.00,100 גרם,false,,12.90,0.1008,true,1,121286
8000698466265,false,בונבוניירה אליזה פילטי 400 גר FELETTI,H.D.I,,בונבוניירה אליזה פיל,גרמים,400.00,100 גרם,false,,66.90,0.1673,true,1,85034
8001003100164,false,יוגטה סוכריות ג'לי בטעמי פירות 450 גרם,ליימן שליסל בע`מ,,סוכריות ג'לי 450 גר',גרמים,450.00,100 גרם,false,,11.90,0.0264,true,1,73587
8001003202035,false,סוכריות ג'לי בטעם פירות יוגטה 80 גרם,ליימן שליסל בעמ,,יוגטה ג'לי בטעם פירו,גרמים,80.00,100 גרם,false,,4.50,0.0563,true,1,120169
8001090184375,false,"נוזל כלים פיירי 900 מ""ל ירוק אורגינל",דיפלומט מפיצים (1968) בעמ,,פרי לכלים אורגינל 90,מיליליטרים,900.00,"100 מ""ל",false,,12.90,0.0143,true,1,120313
8001090184412,false,"פיירי נוזל לניקוי כלים לימון שקוף, 900 מ""ל",דיפלומט מפיצים (1968) בעמ,,פרי לכלים לימון 900,מיליליטרים,900.00,"100 מ""ל",false,,12.90,0.0143,true,1,120314
8001090222428,false,"הרבל אסנסס - שמפו חלב קוקוס 400 מ""ל",דיפלומט מפיצים 1968 בעמ,,הרבל אסנסס שמפו חלב,מיליליטרים,400.00,"100 מ""ל",false,,17.90,0.0447,true,1,79161
8001090222541,false,הרבל אסנסס שמפו תות שדה ומנטה 400 גרם,דיפלומט מפיצים (1968) בעמ,,הרבל אסנסס שמפו תות,מיליליטרים,400.00,"100 מ""ל",false,,17.90,0.0447,true,1,79163
8001090222572,false,הרבל אסנסס מרכך תות שדה ומנטה 400 גרם,דיפלומט מפיצים (1968) בעמ,,הרבל אסנסס מרכך תות,מיליליטרים,400.00,"100 מ""ל",false,,17.90,0.0447,true,1,79164
8001090222725,false,"הרבל אסנסס - שמפו שמן מורינגה 400 מ""ל",דיפלומט מפיצים (1968) בעמ,,הרבל אסנסס שמפו שמן,מיליליטרים,400.00,"100 מ""ל",false,,17.90,0.0447,true,1,79165
8001090222756,false,"הרבל אסנס מרכך תות שמן מורינגה 400 מ""ל",דיפלומט מפיצים (1968) בעמ,,הרבל אסנסס מרכך שמן,יחידה,0.00,יחידה,false,,17.90,0.0000,true,1,79166
8001090222848,false,"הרבל אסנסס - שמפו שיקום שמן ארגן 400 מ""ל",דיפלומט מפיצים (1968) בעמ,,הרבל אסנסס שמפו שיקו,מיליליטרים,400.00,"100 מ""ל",false,,17.90,0.0447,true,1,79167
8001090222879,false,"הרבל אסנסס - מרכך שיקום שמן ארגן 400 מ""ל",דיפלומט מפיצים (1968) בעמ,,הרבל אסנסס מרכך שיקו,מיליליטרים,400.00,"100 מ""ל",false,,17.90,0.0447,true,1,79168
8001090290830,false,"אוראל בי משחת שיניים- להלבנה פנינה בוהקת 75 מ""ל",דיפלומט מפיצים (1968) בעמ,,אורל בי משחת שיניים3,100 מל,75.00,100 מל,false,,19.90,0.2653,true,1,90219
8001090290939,false,"אוראל בי משחת שיניים- להלבנה לובן בוהק 75 מ""ל",דיפלומט מפיצים (1968) בעמ,,אורל בי משחת שיניים3,100 מל,75.00,100 מל,false,,19.90,0.2653,true,1,90220
8001090290984,false,אורל בי 3D WHITE משחה-רעננות מעוררת,דיפלומט,,אורל בי משחה- רעננות,מיליליטרים,75.00,"100 מ""ל",false,,11.90,0.1587,true,1,122273
8001090336354,false,חיתולי ביביי דריי מידה 2 ( 46 יח) פמפרס,דיפלומט מפיצים (1986) בע`מ,,פמפרס בייבי דריי מיד,יחידה,0.00,יחידה,false,,31.90,0.0000,false,1,81005
8001090336491,false,פמפרס בייבי דריי חיתולים מידה +4 31 יח,דיפלומט מפיצים (1986) בע`מ,,פמפרס בייבי דריי מיד,יחידה,0.00,יחידה,false,,31.90,0.0000,false,1,81008
8001090336521,false,חיתולי פמפרס בייבי דריי מידה 5 30 יח` `,דיפלומט מפיצים (1986) בע`מ,,פמפרס בייבי דריי מיד,יחידה,0.00,יחידה,false,,31.90,0.0000,false,1,81009
8001090336606,false,פמפרס בייבי דריי חיתולים מידה 6 26 יח,דיפלומט מפיצים (1986) בע`מ,,פמפרס בייבי דריי מיד,יחידה,0.00,יחידה,false,,31.90,0.0000,false,1,81010
8001090364104,false,"משחת שיניים אורל בי G&E אורגינל 75 מ""ל",דיפלומט מפיצים (1968) בעמ,,משחת שיניים אורל בי,100 מל,75.00,100 מל,false,,15.90,0.2120,true,1,90215
8001090364159,false,"משחת שיניים אורל בי G&E רעננות מוגברת 75 מ""ל",דיפלומט מפיצים (1968) בעמ,,משחת שיניים אורל בי,100 מל,75.00,100 מל,false,,15.90,0.2120,true,1,90216
8001090379337,false,פמפרס פרימיום קר חיתולים שלב 3 40 יח VP,דיפלומט מפיצים (1986) בע`מ,,חיתולי פמפרס פרימיום,יחידה,0.00,יחידה,false,,31.90,0.0000,false,1,118803
8001090379368,false,פמפרס פרימיום קר חיתולים שלב 4 34 יח VP,דיפלומט מפיצים (1986) בע`מ,,חיתולי פמפרס פרימיום,יחידה,0.00,יחידה,false,,31.90,0.0000,false,1,118798
8001090379399,false,פמפרס פרימיום קר חיתולים שלב 5 30 יח VP,דיפלומט מפיצים (1986) בע`מ,,חיתולי פמפרס פרימיום,יחידה,0.00,יחידה,false,,31.90,0.0000,false,1,118799
8001090458353,false,סבון כלים פעולה אנטי-בקטריאלית אקליפטוס,דיפלומט מפיצים (1986) בע`מ,,פיירי אנטי בקטריאלי,מיליליטרים,515.00,"100 מ""ל",false,,9.90,0.0192,false,1,68986
8001090493637,false,"הד אנד שולדרס שמפו אולטרא טוטאל קר 450 מ""ל",דיפלומט מפיצים (1986) בע`מ,,הד אנד שולדרס שמפו ט,מיליליטרים,450.00,"100 מ""ל",false,,16.90,0.0376,true,1,70016
8001090540577,false,"מי פה אורל בי להלבנה 500 מ""ל",דיפלומט מפיצים (1968) בעמ,,אורל בי מי פה להלבנה,מיליליטרים,500.00,"100 מ""ל",false,,23.90,0.0478,true,1,119790
8001090580122,false,"הד אנד שולדרס שמפו סופרים משקם 400 מ""ל",דיפלומט מפיצים 1968 בעמ,,שמפו שולדרס משקם 400,מיליליטרים,400.00,"100 מ""ל",false,,16.90,0.0422,true,1,77163
8001090678614,false,"שמפו סופרים לחות הד אנד שולדרס 400 מ""ל",דיפלומט מפיצים (1986) בע`מ,,שמפו שולדרס לחות 400,מיליליטרים,400.00,"100 מ""ל",false,,16.90,0.0422,true,1,77164
8001090721099,false,טבליות ג'ל לכביסה 3 ב-1 בניחוח אביב הרים,דיפלומט מפיצים (1986) בע`מ,,אריאל קפסולות לכביסה,יחידה,0.00,יחידה,false,,29.90,0.0000,true,1,74792
8001090721129,false,אריאל קפסולות גל לכביסה 3ב1 קולור 27 יח,דיפלומט מפיצים (1986) בע`מ,,אריאל קפסולות לכביסה,יחידה,0.00,יחידה,false,,29.90,0.0000,true,1,74793
8001090737809,false,מגן תחתון אולוויז סינגל טנגה 36 יחידות,דיפלומט מפיצים (1968) בעמ,,מגן תחתון אולוויז סי,יחידה,0.00,יחידה,false,,16.90,0.0000,false,1,74419
8001090745903,false,אבקת כביסה טייד פרש אלפיין 4 קג,דיפלומט מפיצים (1986) בע`מ,,טייד אלפיין פרש 4 קג,קילוגרמים,4.00,"ק""ג",false,,29.90,7.4750,false,1,81649
8001090802385,false,קפסולות גל לכביסה טייד בניחוח לנור 26 יח,דיפלומט מפיצים (1986) בע`מ,,טייד קפסולות ג'ל 26,גרמים,100.00,100 גרם,false,,26.90,0.2690,false,1,84578
8001090832450,false,"שמפו פנטן הנוסחה הקלאסית 660 מ""ל",דיפלומט מפיצים (1986) בע`מ,,פנטן שמפו נוסחה קלאס,מיליליטרים,660.00,"100 מ""ל",false,,17.90,0.0271,false,1,86347
8001090832535,false,"שמפו פנטן שמן מרוקאי משקם 660 מ""ל",דיפלומט מפיצים (1986) בע`מ,,פנטן שמפו שמן מרוקאי,מיליליטרים,660.00,"100 מ""ל",false,,17.90,0.0271,false,1,86349
8001090832573,false,שמפו שמן לחות מוגברת 660 מל פנטן,דיפלומט מפיצים (1986) בע`מ,,פנטן שמפו לחות מוגבר,מיליליטרים,660.00,"100 מ""ל",false,,17.90,0.0271,false,1,86350
8001090832610,false,שמפו שמן למגע רך כמשי 660 מל פנטן,דיפלומט מפיצים (1986) בע`מ,,פנטן שמפו למגע רך כמ,מיליליטרים,660.00,"100 מ""ל",false,,17.90,0.0271,false,1,86351
8001090832696,false,"פנטן שמפו לתלתלים מושלמים 660 מ""ל",דיפלומט מפיצים (1986) בע`מ,,פנטן שמפו לתלתלים מו,מיליליטרים,660.00,"100 מ""ל",false,,17.90,0.0271,false,1,86353
8001090832771,false,"פנטן שמפו להזנת קרטין 660 מ""ל",דיפלומט מפיצים (1986) בע`מ,,פנטן שמפו הזנת קרטין,מיליליטרים,660.00,"100 מ""ל",false,,17.90,0.0271,false,1,86355
8001090832818,false,מרכך פנטן הנוסחה הקלאסית לשיער רגיל ומעורב,דיפלומט מפיצים (1986) בע`מ,,פנטן קונדישנר נוסחה,מיליליטרים,660.00,"100 מ""ל",false,,17.90,0.0271,false,1,86357
8001090832856,false,"פנטן 660 מ""ל קונדישינר מרוקאי משקם",דיפלומט מפיצים (1986) בע`מ,,פנטן קונדישנר מרוקאי,מיליליטרים,660.00,"100 מ""ל",false,,17.90,0.0271,false,1,86358
8001090832894,false,מרכך לשיער חלש ופגום לחות מוגברת,דיפלומט מפיצים (1986) בע`מ,,פנטן קונדישנר לחות מ,מיליליטרים,660.00,"100 מ""ל",false,,17.90,0.0271,false,1,86359
8001090832931,false,"פנטן 660 מ""ל קונדישינר למגע רך כמשי",דיפלומט מפיצים (1986) בע`מ,,פנטן קונדישנר למגע ר,מיליליטרים,660.00,"100 מ""ל",false,,17.90,0.0271,false,1,86360
8001090832979,false,"פנטן 660 מ""ל קונדישינר לתלתלים מושלמים",דיפלומט מפיצים (1986) בע`מ,,פנטן מרכך לתלתלים מו,מיליליטרים,660.00,"100 מ""ל",false,,17.90,0.0271,false,1,86361
8001090833051,false,"פנטן 660 מ""ל קונדישינר הזנת קרטין",דיפלומט מפיצים (1986) בע`מ,,פנטן מרכך הזנת קרטין,מיליליטרים,660.00,"100 מ""ל",false,,17.90,0.0271,false,1,86363
8001090833136,false,אריאל ג`ל כביסה 2.255 ליטר בייבי,דיפלומט מפיצים (1986) בע`מ,,אריאל ג'ל בייבי 2.25,ליטרים,2.26,ליטר,false,,27.90,12.3451,false,1,76090
8001090833198,false,אריאל נוזל כביסה 2.47 ליטר ניחוח מרענן,דיפלומט מפיצים (1986) בע`מ,,אריאל ג'ל כביסה 2.36,ליטרים,2.37,ליטר,false,,27.90,11.7722,false,1,76092
8001090833228,false,אריאל ג'ל כביסה קולור 2.365 ליטר,דיפלומט מפיצים (1986) בע`מ,,אריאל ג'ל כביסה 2.36,ליטרים,2.37,ליטר,false,,27.90,11.7722,false,1,76093
8001090833259,false,אריאל ג`ל כביסה 3.740 ליטר בניחוח הרים,דיפלומט מפיצים (1968) בעמ,,אריאל ג'ל כביסה 3.74,ליטרים,3.74,ליטר,false,,42.90,11.4706,false,1,76089
8001090861276,false,"פנטן קונדישנר סופר פוד 660 מ""ל",פרוקטר אנד גמבל,,פנטן קונדישנר סופר פ,מיליליטרים,660.00,"100 מ""ל",false,,17.90,0.0271,false,1,86364
8001090861795,false,"פנטן שמפו סופר פוד 660 מ""ל",פרוקטר אנד גמבל,,פנטן שמפו סופר פוד,מיליליטרים,660.00,"100 מ""ל",false,,17.90,0.0271,false,1,86356
8001090899194,false,תחבושות אולוויז פלטינום נורמל 24 יחידות,דיפלומט מפיצים (1986) בע`מ,,תחבושות אולוויז פלטי,יחידה,0.00,יחידה,false,,16.90,0.0000,true,1,80783
8001090899224,false,תחבושות אולוויז פלטינום לונג 20 יחידות,דיפלומט מפיצים (1986) בע`מ,,תחבושות אולוויז פלטי,יחידה,0.00,יחידה,false,,16.90,0.0000,true,1,80784
8001090899255,false,תחבושות אולוויז פלטינום לילה 16 יחידות,דיפלומט מפיצים (1986) בע`מ,,תחבושות אולוויז פלטי,יחידה,0.00,יחידה,false,,16.90,0.0000,true,1,80785
8001090899286,false,תחבושות אולוויז פלטינום לילה בטוח 14 יח',דיפלומט מפיצים (1986) בע`מ,,תחבושות אולוויז פלטי,יחידה,0.00,יחידה,false,,16.90,0.0000,true,1,80786
8001090992338,false,פיירי טבליות למדיח פלטינום פלוס 50 יחידו,דיפלומט מפיצים (1968) בעמ,,פיירי קפסולות למדיח,יחידה,0.00,יחידה,false,,49.90,0.0000,true,1,83393
8001160000888,false,"גטורייד משקה ספורט תפוז 500 מ""ל",אקווה מינרלה סאן בנדטו,,גטורייד-ספורט תפוז,מיליליטרים,500.00,"100 מ""ל",false,,9.50,0.0190,true,1,24592
8001160001786,false,"משקה אנרגיה גטורייד ספורט כחול 500מ""ל",אקווה מינרלה סאן בנדטו,,גטורייד ספורט כחול,מיליליטרים,590.00,"100 מ""ל",false,,9.50,0.0161,true,1,23893
8001160001892,false,"משקה אנרגיה גטורייד ספורט תפוז אדום 500מ""ל",אקווה מינרלה סאן בנדטו,,גטורייד-ספורט תפוז א,מיליליטרים,500.00,"100 מ""ל",false,,9.50,0.0190,true,1,24591
8001250003652,false,פסטה רדיאטורי דה ציק,דה צ'אקו DE CECCO,,פסטה רדיאטורי 500 גר,מיליליטרים,500.00,"100 מ""ל",false,,9.90,0.0198,true,1,25394
8001250009999,false,ניוקי דה ציקו תפוא 5,דה צ'אקו DE CECCO,,דה צ'קו ניוקי תפוחי,גרמים,500.00,100 גרם,false,,8.90,0.0178,true,1,11926
8001250110015,false,דה צ'קו לזניית ביצים 500גר,דה צ'אקו DE CECCO,,פסטה לזניה מס 1',גרמים,500.00,100 גרם,false,,16.90,0.0338,true,1,11928
8001250120151,false,פסטה בוקטיני דה ציקו,,,בוקטיני דה צ'יקו פסט,גרמים,500.00,100 גרם,false,,9.90,0.0198,true,1,18841
8001250120267,false,ריגטוני קצר 500 גרם DE CECCO,,,דה צ'יקו ריטוני קצר,יחידה,0.00,יחידה,false,,9.90,0.0000,true,1,4396
8001250120410,false,פסטה פנה ריגטה דה צ',רסטרטו יבוא ושיווק בעמ,,פסטה פנה ריגטה,גרמים,500.00,100 גרם,false,,9.90,0.0198,true,1,64832
8001250120465,false,קונכיות ניוקי 500 גרם DE CECCO,,,פסטה דה צ'קו ניו,יחידה,0.00,יחידה,false,,9.90,0.0000,true,1,18844
8001250120878,false,פסטה קוואטאפי דה ציק,,,פסטה דה צ'יקו,יחידה,0.00,יחידה,false,,9.90,0.0000,true,1,18845
8001250120939,false,פסטה פרפלה דה ציקו 5,,,פסטה דה צ'יקו,גרמים,500.00,100 גרם,false,,9.90,0.0198,true,1,20517
8001250152015,false,פסטה דורום פפרדלה דה,דה צ'אקו DE CECCO,,דה-צ'יקו פפרדלה 201,יחידה,0.00,יחידה,false,,13.90,0.0000,true,1,18848
8001250152091,false,קאפלי דאנגלו 500 גרם 209,General,,דה-צ'יקו קאפלי ד'אנג,יחידה,0.00,יחידה,false,,13.90,0.0000,true,1,70501
8001250861764,false,קמח מחיטת דורום דה צ,דה צקו,,קמח חיטת דורום 1,יחידה,0.00,יחידה,false,,15.90,0.0000,true,1,23975
8001432006013,false,למברוסקו גביולי אדום,,,למברוסקו גביולי אדום,מיליליטרים,750.00,"100 מ""ל",false,,24.60,0.0328,true,1,63687
8001440124167,false,"רוטב פומודורו לפסטה צ'ריו 446 מ""ל CIRIO",דיפלומט היינץ,,רוטב פומודורו לפסטה,מיליליטרים,446.00,"100 מ""ל",false,,11.90,0.0267,true,1,120102
8001440134487,false,עגבניות שרי מקולפות 400 גר CIRIO,דיפלומט מפיצים (1968) בעמ**,,עגבניות שרי מקולפות,גרמים,400.00,100 גרם,false,,8.90,0.0223,true,1,120107
8001505000160,false,מעדן דובדבנים אורגני 250 גר FIORDIFRUTT,פיור די פרוטה,,מעדן אורגני דובדבן,גרמים,250.00,100 גרם,false,,17.90,0.0716,true,1,80792
8001505000184,false,מעדן אוכמניות אורגני 250 גר FIORDIFRUTT,אף.סי תבליני בגליל ב,,מעדן אורגני אוכמניות,גרמים,250.00,100 גרם,false,,17.90,0.0716,true,1,82134
8001505000320,false,מעדן תותי יער אורגני 250 ג FIORDIFRUTTA,אף.סי תבליני בגליל ב,,מעדן תותים ותותי בר,גרמים,250.00,100 גרם,false,,17.90,0.0716,true,1,77384
8001505001105,false,ממרח אגוזי לוז אורגני 270 גרם NICCIOLATA,ריג'\וני דה אסינו,,ממרח אגוזי לוז אורגנ,גרמים,270.00,100 גרם,false,,19.90,0.0737,true,1,78351
8001505003963,false,ממרח אגוזי לוז קראנצי אורגני 270 גרם,,,ממרח אגוזי לוז קראנצ,גרמים,270.00,100 גרם,false,,19.90,0.0737,true,1,119778
8001620011935,false,"סן בנדטו- מים מינרלים מוגז - מארז שישיית 500 מ""ל",אקווה מינרלה סאן בנד,,סאן בנדטו מוגז שישיי,ליטרים,3.00,ליטר,false,,12.90,4.3000,false,1,3940
8001620017449,false,"סן בנדטו ספורט, מים מינרלים טבעיים 500 מל",אקווה מינרלה סאן בנדטו ב,,סאן בנדטו פלסטיק 500,מיליליטרים,500.00,"100 מ""ל",false,,3.00,0.0060,true,1,72411
8001620017456,false,"סן בנדטו ספורט, מים מינרלים טבעיים 500 מ""ל שישייה",אקווה מינרלה סאן בנדטו ב,,סאן בנדטו פקק ספורט,ליטרים,3.00,ליטר,false,,13.90,4.6333,true,1,72404
8001620018248,false,"מים מינרלים 750 מ""ל סאן בנדטו-פקק ספורט",אקווה מינרלה סאן בנדטו ב,,סאן בנדטו פקק ספורט,מיליליטרים,750.00,"100 מ""ל",false,,3.90,0.0052,true,1,78122
8001841041421,false,מגבונים ללא בישום אריזה בודדת 80 יח' פמפרס,פרוקטר & גמבל,,פמפרס מגבונים בניחוח,יחידה,0.00,יחידה,false,,5.90,0.0000,true,1,122276
8001841053806,false,תחבושות היגייניות אולוויז מקסי עבה לילה,דיפלומט מפיצים (1968) בעמ,,תחבושות אולוויז עבה,יחידה,0.00,יחידה,false,,11.90,0.0000,true,1,90023
8001841062624,false,פמפרס מגבונים לחים ללא בישום רביעייה,דיפלומט מפיצים (1968) בעמ,,מגבוני פמפרס ללא ביש,יחידה,0.00,יחידה,false,,15.90,0.0000,true,1,86365
8001841077598,false,מגבונים בניחוח רענן אריזה בודדת 80 יח' פמפרס,פרוקטר & גמבל,,פמפרס מגבונים ללא בי,יחידה,0.00,יחידה,false,,5.90,0.0000,true,1,122277
8001841077949,false,מארז מגבוני פמפרס בניחוח מרענן - רביעייה,דיפלומט מפיצים (1986) בע`מ,,פמפרס מגבונים פרש,יחידה,0.00,יחידה,false,,15.90,0.0000,false,1,79609
8001841104751,false,פמפרס פרימיום קר חיתולים שלב 1 52 יח VP,דיפלומט מפיצים (1968) בעמ,,חיתולי פמפרס פרימיום,יחידה,0.00,יחידה,false,,31.90,0.0000,false,1,118800
8001841105093,false,פמפרס פרימיום קר חיתולים שלב 6 26 יח VP,דיפלומט מפיצים (1986) בע`מ,,חיתולי פמפרס פרימיום,יחידה,0.00,יחידה,false,,31.90,0.0000,false,1,118802
8001841137179,false,קונדישינר הד&שולדרס הנוסחה הקלאסית 275מל,דיפלומט מפיצים (1986) בע`מ,,הד אנד שולדרס קונדיש,מיליליטרים,275.00,"100 מ""ל",false,,14.90,0.0542,true,1,80573
8001841137216,false,"קונדישנר למגע רך כמשי הד אנד שולדרס 275 מ""ל",דיפלומט מפיצים (1986) בע`מ,,הד אנד שולדרס קונדיש,מיליליטרים,275.00,"100 מ""ל",false,,14.90,0.0542,true,1,80574
8001841272757,false,אורל-בי משחת שיניים להלבנה פחם- לניקוי עמוק,דיפלומט מפיצים (1968) בעמ,,אורל בי משחת שיניים,מיליליטרים,75.00,"100 מ""ל",false,,19.90,0.2653,true,1,118309
8001841427126,false,מגן תחתון אולוויז מגה פק פרו פרש נורמל 64 יחי,דיפלומט מפיצים (1986) בע`מ,,מגן תחתון אולוויז מג,יחידה,0.00,יחידה,false,,16.90,0.0000,true,1,84631
8001841566771,false,לנור כדוריות בושם בניחוח יסמין 210 גרם,דיפלומט מפיצים (1968) בעמ,,לנור כדוריות הבושם ב,גרמים,210.00,100 גרם,false,,27.90,0.1329,true,1,85535
8001841623061,false,חיתולי פמפרס בייבי דריי שלב 1 21 יחידות,דיפלומט מפיצים (1968) בעמ,,חיתולי פמפרס בייבי ד,יחידה,0.00,יחידה,false,,14.90,0.0000,false,1,84613
8001841625188,false,סבון כלים פלטינום לימון X3 פעולות להסרת שומנים,דיפלומט מפיצים (1986) בע`מ,,פיירי פלטיניום לימון,מיליליטרים,515.00,"100 מ""ל",false,,9.90,0.0192,false,1,83813
8001841625287,false,סבון כלים פלטינום לימון X3 פעולות להסרת שומנים,דיפלומט מפיצים (1968) בעמ,,פיירי לימון 1.015 לי,ליטרים,1.01,ליטר,false,,13.90,13.7624,true,1,83288
8001841625362,false,"נוזל כלים בניחוח לימון פלטינום 780 מ""ל פיירי",דיפלומט מפיצים (1968) בעמ,,פרי לכלים לימון פלטי,מיליליטרים,780.00,"100 מ""ל",false,,12.90,0.0165,true,1,120315
8001841625461,false,סבון כלים פלטינום X3 פעולות להסרת שומנים,דיפלומט מפיצים (1986) בע`מ,,פיירי פלטיניום 515 מ,מיליליטרים,515.00,"100 מ""ל",false,,9.90,0.0192,false,1,83814
8001841625508,false,"נוזל כלים פיירי פלטינום אורגינל 1.015 ליטר בד""צ",דיפלומט מפיצים (1968) בעמ,,פיירי פלטיניום אורגי,מיליליטרים,1015.00,"100 מ""ל",false,,13.90,0.0137,true,1,83430
8001841660530,false,קרם לחות מינרלס במבוק + חלבון משקם לשיער ארוך,דיפלומט מפיצים (1968) בעמ,,פנטן מיראקלס קרם לחו,מיליליטרים,270.00,"100 מ""ל",false,,17.90,0.0663,true,1,89469
8001841669465,false,קפסולות לכביסה אריאל בניחוח לנור 24 יחידות,דיפלומט מפיצים (1986) בע`מ,,אריאל קפסולות 24 יח,יחידה,0.00,יחידה,false,,29.90,0.0000,false,1,88107
8001841669519,false,קפסולות לכביסה ALL IN ONE אריאל 55 יחידות,דיפלומט מפיצים (1986) בע`מ,,אריאל קפסולות כביסה,גרמים,1386.00,100 גרם,false,,54.90,0.0396,false,1,84689
8001841680989,false,מגן תחתון אולוויז מגה פק פרו פרש לארג' 60 יחי,דיפלומט מפיצים (1968) בעמ,,מגן תחתון אולוויז מג,יחידה,0.00,יחידה,false,,16.90,0.0000,true,1,84545
8001841715957,false,"ג'ל רחצה ושמפו ניקוי אינטנסיסי האד אנד שולדרס 360 מ""ל",דיפלומט מפיצים (1968) בעמ,,הד אנד שולדרס ג'ל רח,מיליליטרים,360.00,"100 מ""ל",false,,18.90,0.0525,true,1,89738
8001841716312,false,"ג'ל רחצה ושמפו ספורט האד אנד שולדרס 360 מ""ל",דיפלומט מפיצים (1986) בע`מ,,הד אנד שולדרס ג'ל רח,מיליליטרים,360.00,"100 מ""ל",false,,18.90,0.0525,true,1,89739
8001841716435,false,"ג'ל רחצה ושמפו לעור רגיש האד אנד שולדרס 360 מ""ל",דיפלומט מפיצים (1968) בעמ,,הד אנד שולדרס ג'ל רח,מיליליטרים,360.00,"100 מ""ל",false,,18.90,0.0525,true,1,89740
8001841716596,false,"ג'ל רחצה ושמפו מרענן האד אנד שולדרס 360 מ""ל",דיפלומט מפיצים (1968) בעמ,,הד אנד שולדרס ג'ל רח,מיליליטרים,360.00,"100 מ""ל",false,,18.90,0.0525,true,1,89741
8001841941929,false,אולוויז וליו פק לילה בטוח אקסטרא 16 יחידות,דיפלומט מפיצים (1986) בע`מ,,תחבושות אולוויז וליו,יחידה,0.00,יחידה,false,,16.90,0.0000,false,1,89473
8001841943961,false,לנור כדוריות בושם בניחוח אוקיינוס 210 גר,דיפלומט מפיצים (1968) בעמ,,לנור כדוריות הבושם א,גרמים,210.00,100 גרם,false,,27.90,0.1329,true,1,85536
8001841958460,false,פיירי טבליות למדיח אורגינל הכל באחד - מארז 48 יח',דיפלומט מפיצים (1986) בע`מ,,פיירי טבליות למדיח 4,יח',48.00,יח',false,,38.90,0.8104,true,1,86832
8001876002169,false,COLAVITA ניוקי 500 גר',,,ניוקי 500 גר',גרמים,500.00,100 גרם,false,,7.50,0.0150,true,1,80291
8001876012588,false,שמן זית כתית מעולה י,COLAVITA SpA,,COLAVITA MEDITERRAN,מיליליטרים,750.00,"100 מ""ל",false,,43.90,0.0585,true,1,57913
8001876020088,false,שמן זית קולאויטה כתי,COLAVITA SpA,,COLAVITA שמן זית 750,יחידה,750.00,יחידה,false,,43.90,0.0585,true,1,10381
8002205319835,false,מזון לחתולים בוגרים בטעם סלמון פורינה ONE,קבוצת אוסם סחר-שות.מוגבלת,,פורינה ONE חתול בוגר,גרמים,800.00,100 גרם,false,,32.90,0.0411,true,1,80213
8002205319903,false,מזון לחתולים בוגרים בטעם עוף פורינה ONE,קבוצת אוסם סחר-שות.מוגבלת,,פורינה ONE חתול בוגר,גרמים,800.00,100 גרם,false,,32.90,0.0411,true,1,80214
8002213004068,false,"קמח לפיצה pz2 {ורוד} 1 ק""ג",,,"קמח לפיצה 1 ק""ג",קילוגרמים,1.00,"ק""ג",false,,9.50,9.5000,true,1,72267
8002230000012,false,מארז משקה קוקטייל אפ,החברה המרכזית להפצת משקאות בעמ,,אפרול -משקה אפרטיף,ליטרים,1.00,ליטר,false,,90.00,90.0000,true,1,66888
8002270015656,false,מים מינרליים טבעיים מוגזים סן פלגרינו 750 מל זכוכית,סן פלגרינו ס.פ.א לוק,,מים סאן פלגרינו,מיליליטרים,750.00,"100 מ""ל",false,,8.90,0.0119,true,1,11544
8002270166594,false,"שישיית מים ""סאן פלגרינו"" 250*6 מ""ל",טמפו,,שישייה סאן פלגרינו,ליטרים,1.50,ליטר,false,,29.90,19.9333,true,1,65796
8002270236792,false,אסנזה משקה מוגז בטעם לימון גרידת לימון- שישייה,סן פלגרינו San Pellegrino,,סן פלגרינו אסנזה לימ,מיליליטרים,3000.00,"100 מ""ל",false,,29.90,0.0100,true,1,120025
8002450206003,false,משקה כהלי ורדי רימונים ספרקלטיני 750מ,הכרם - משקאות חריפים בעמ,,ספרקלטיני ורדי רימונ,מיליליטרים,750.00,"100 מ""ל",false,,22.90,0.0305,true,1,4383
8002450208007,false,ספרקלטיני גרין אפל ורדי בוסקה (750 מל),הכרם - משקאות חריפים בעמ,,ורדי גרין אפל כשר,מיליליטרים,750.00,"100 מ""ל",false,,22.90,0.0305,true,1,24735
8002450409206,false,"משקה כהלי ורדי אפרסק כשל""פ 750מ""ל",הכרם משקאות חריפים בעמ,,"ורדי אפרסק כשל""פ 750",מיליליטרים,750.00,"100 מ""ל",false,,22.90,0.0305,true,1,82350
8002450609200,false,"משקה כהלי ורדי רימונים כשל""פ 750מ""ל",הכרם - משקאות חריפים בעמ,,"ורדי רימונים כשל""פ 7",מיליליטרים,750.00,"100 מ""ל",false,,22.90,0.0305,true,1,82351
8002530121028,false,קפסולות מאורו צנטופר,,,קפה מאורו צ'נטו קפסו,גרמים,55.00,100 גרם,false,,15.90,0.2891,true,1,121572
8002530155122,false,קפסולות מאורו פרמיום,,,קפה מאורו פרימיום קפ,גרמים,55.00,100 גרם,false,,15.90,0.2891,false,1,59106
8002530155221,false,קפה מאורו דלוקס קפסו,,,קפה מאורו דלוקס קפסו,גרמים,55.00,100 גרם,false,,15.90,0.2891,true,1,59107
8002910043476,false,ויט רצועות שעווה מוכנות לקו הביקיני 12 יחידות,רקיט בנקיזר (ניר איסט) בעמ,,ויט רצועות שעווה לבי,יחידה,0.00,יחידה,false,,19.90,0.0000,true,1,72924
8003007800712,false,פסטה פיורי פרחים 4 טעמים 500 גרם,,,פסטה טארולרו פרחים 5,גרמים,500.00,100 גרם,false,,12.90,0.0258,true,1,63262
8003007800842,false,פסטה קונצינטלי 4 טעמים 500 גרם,,,פסטה טארולרו קונקילי,גרמים,500.00,100 גרם,false,,12.90,0.0258,true,1,63263
8003340091280,false,לינדט לינדור בונבוניירה 60% מוצקי קקאו 200 גרם,לינדט ושפרונגלי קילשברג,,בונבונירת לינדור 60%,גרמים,200.00,100 גרם,false,,29.90,0.1495,false,1,8643
8003440997833,false,מסטיק פיור פרש 100 יח בשקית בטעם פירות מנטה,פרפטי ואן מלה ברדה,,מסטיק פיור פרש 100 י,גרמים,200.00,100 גרם,false,,21.90,0.1095,true,1,89548
8003440997857,false,מסטיק פיור פרש בטעם מנטה אריזת חיסכון,פרפטי ואן מלה ברדה,,מסטיק פיור פרש 100 י,גרמים,200.00,100 גרם,false,,21.90,0.1095,true,1,89549
8003653008258,false,"tonkitaTK854 מגב לריצפה 44 ס""מ+מקל",טונקיטה,,"מגב ריצפה 44 ס""מ+מקל",יחידה,0.00,יחידה,false,,19.90,0.0000,true,1,84966
8003653010305,false,tonkitaTK605 מטאטא פנימי spazio+מקל,טונקיטה,,טונקיטה מטאטא פנימי,יחידה,0.00,יחידה,false,,24.90,0.0000,true,1,85928
8003653011807,false,אטבי פלסטיק 20 יחידו,טונקיטה,,אטבים מפלסטיק 20 יח,יחידה,0.00,יחידה,false,,12.90,0.0000,true,1,61564
8003753900469,false,אילי - אספרסו טחון בקליה כהה בפחית 250גר,ש.שסטוביץ בעמ,,קפה אילי טחון בקלייה,גרמים,250.00,100 גרם,false,,39.90,0.1596,false,1,6548
8004030022010,false,ירקות גינה עם טונה ריו מרה אינסלטיסימי 160 ג',"בולטון אלימנטרי בע""\מ",,ריו מארה אינסלטיסימי,גרמים,160.00,100 גרם,false,,15.90,0.0994,false,1,57507
8004030026018,false,"מקסיקני עם טונה ריו מרה אינסלטיסימי, 160 ג'","בולטון אלימנטרי בע""\מ",,ריו מארה אינסלטיסימי,גרמים,160.00,100 גרם,false,,15.90,0.0994,false,1,57508
8004030044005,false,נתחי טונה בהירה בשמן זית ריו מרה 112גרם,"בולטון אלימנטרי בע""\מ",,טונה ריו בשמן זית 16,גרמים,160.00,100 גרם,false,,17.90,0.1119,false,1,570
8004030081024,false,נתחי טונה עם שום ופלפל אדום ריו מרה 160 ג',"בולטון אלימנטרי בע""\מ",,טונה בשמן זית ופלפל,גרמים,160.00,100 גרם,false,,17.90,0.1119,false,1,571
8004030102033,false,טונה בשמן זית עם מיץ לימון ופלפל שחור - מארז 3 יח',בולטון אלימנטרי,,ריו מרה טונה בשמן זי,גרמים,240.00,100 גרם,false,,26.90,0.1121,true,1,76668
8004030177000,false,ריו מארה טונה בשמן זית עם צ`לי שלישיות 8,ש. שסטוביץ בע`מ,,ריו מרה טונה בשמן זי,גרמים,240.00,100 גרם,false,,26.90,0.1121,true,1,73544
8004030180000,false,ריו מרה טונה בשמן זית כתית מעולה 3*80 גרם,"בולטון אלימנטרי בע""\מ",,ריו מרה טונה בשמן זי,גרמים,240.00,100 גרם,false,,28.90,0.1204,true,1,120780
8004323110318,false,COLAVITA ריגטוני 31,,,COLAVITA ריגטוני 31,גרמים,500.00,100 גרם,false,,9.90,0.0198,true,1,22711
8004323110639,false,COLAVITA ראוטו 63,,,COLAVITA ראוטו 63,גרמים,500.00,100 גרם,false,,9.90,0.0198,true,1,18832
8004323212654,false,פסטה קפליני 265 קולא,INDULCO,,COLAVITA פסטה קפליני,גרמים,500.00,100 גרם,false,,10.90,0.0218,true,1,10387
8004323212708,false,פסטה פפארדלה 270 קול,INDULCO,,COLAVITA פסטה פפרדלה,גרמים,500.00,100 גרם,false,,10.90,0.0218,true,1,10389
8004323933696,false,פסטה רדיאטורי ב3 צבע,INDULCO,,COLAVITA רדיאטור טרי,יחידה,500.00,יחידה,false,,11.90,0.0238,true,1,18836
8004735092820,false,שלישיית ביצי שוקולד(חלב נוכרי) - ווינקס,שמחה זה אנחנו בעמ,,שלישיית ביצי שוקולד,יחידה,0.00,יחידה,false,,12.90,0.0000,true,1,119272
8004800000064,false,לאגו פלאסיר- גלילי ופל קרם קקאו בציפוי ש.חלב - 100 ג',תה ויסוצקי (ישראל) בעמ,,לאגו פלאסיר גלילי וו,גרמים,100.00,100 גרם,false,,11.90,0.1190,true,1,121374
8004800000071,false,לאגו פלאסיר- גלילי ופל במילוי קרם אגוזי לוז שוקולד חלב - 100 ג',תה ויסוצקי (ישראל) בעמ,,לאגו פלאסיר גליל ופל,גרמים,100.00,100 גרם,false,,11.90,0.1190,true,1,121375
8004800004802,false,לאגו פלאסיר גליליוופל קרם דומדמניות 100 גרם,תה ויסוצקי (ישראל) בעמ,,לאגו פלאסיר גלילי ופ,גרמים,100.00,100 גרם,false,,11.90,0.1190,true,1,121376
8004800004819,false,לאגו פלאסיר גלילי וופל קרם פסיפלורה 100 גרם,תה ויסוצקי (ישראל) בעמ,,לאגו פלאסיר וופלים מ,גרמים,110.00,100 גרם,false,,11.90,0.1082,true,1,121377
8004800004826,false,לאגו פלאסיר - וופלים במילוי קרם קוקוס שוקולד מריר - 98ג,תה ויסוצקי (ישראל) בעמ,,לאגו פלאסיר וופלים ב,גרמים,98.00,100 גרם,false,,11.90,0.1214,true,1,121378
8004800005502,false,וופל מיני רול גלילי ופל במילוי קרם קקאו- 125 ג' לאגו,תה ויסוצקי (ישראל) בעמ,,לאגו מיני רול גלילי,גרמים,125.00,100 גרם,false,,10.90,0.0872,true,1,121379
8004800005519,false,וופל רול גלילי במילוי קרם אגוזי לוז- 125 ג' לאגו,תה ויסוצקי (ישראל) בעמ,,לאגו מיני רול גלילי,גרמים,125.00,100 גרם,false,,10.90,0.0872,true,1,121380
8004800005526,false,וופל מיני רול גלילי ופל במילוי קרם קוקוס- 125 ג' לאגו,תה ויסוצקי (ישראל) בעמ,,לאגו מיני רול גלילי,גרמים,125.00,100 גרם,false,,10.90,0.0872,true,1,121381
8005110000416,false,עגבניות חתוכ.במיץ 300*2ג,מוטי אס.פי.אי,,מארז זוג עגבניות חתו,גרמים,600.00,100 גרם,false,,12.50,0.0208,true,1,122275
8005110001413,false,מארז זוג רסק עגבניות 140 ג' MUTTI,רסטרטו יבוא ושיווק בעמ,,מארז זוג רסק עגבניות,גרמים,280.00,100 גרם,false,,10.90,0.0389,true,1,80928
8005110001772,false,רוטב פסטה עגב.פיצוטלו400,מוטי אס.פי.אי,,רוטב עגבניות לפסטה מ,גרמים,400.00,100 גרם,false,,11.90,0.0298,true,1,122279
8005110002243,false,רכז עגבניות Doppio Concentr בשפופרת 185 ג' MUTTI,רסטרטו יבוא ושיווק בעמ*אין החז,,רכז עגבניות בשפורפרת,גרמים,185.00,100 גרם,false,,7.50,0.0405,true,1,85206
8005110002533,false,רוטב פסטה עגבנ.דטרינ400,מוטי אס.פי.אי,,רוטב עגבניות לפסטה מ,גרמים,400.00,100 גרם,false,,11.90,0.0298,true,1,122280
8005110002557,false,רוטב מעגבנ.רומא לפסטה400,מוטי אס.פי.אי,,רוטב עגבניות לפסטה מ,גרמים,400.00,100 גרם,false,,11.90,0.0298,true,1,122281
8005110060007,false,עגבניות מקולפות MUTTI 400 גרם,רסטרטו יבוא ושיווק בעמ,,עגבניות מקולפות,גרמים,400.00,100 גרם,false,,7.50,0.0188,true,1,20996
8005110170300,false,עגבניות מרוסקות חתוכות מוטי MUTTI שלישיה *400,רסטרטו יבוא ושיווק בעמ*אין החז,,עגבניות חתוכות במארז,קילוגרמים,1.20,"ק""ג",false,,16.90,14.0833,false,1,4399
8005110171215,false,עגבניות חתוכות 690 POLPAPEZZI ג' (כחול) MUTTI,רסטרטו יבוא ושיווק בעמ,,רסק עגבניות קצוצות,גרמים,690.00,100 גרם,false,,13.90,0.0201,true,1,11924
8005110191015,false,רסק עגבניות ובזיליקום MUTTI{ירוק } 700 גרם,רסטרטו יבוא ושיווק בעמ,,רסק עגבניות MUTTI,גרמים,700.00,100 גרם,false,,13.50,0.0193,true,1,60179
8005110550508,false,עגבניות שרי MUTTI 400 גרם,רסטרטו יבוא ושיווק בעמ,,MUTTI עגבניות שרי 40,גרמים,400.00,100 גרם,false,,8.90,0.0223,true,1,4400
8005110551253,false,רוטב לפיצה להכנת פיצה איטלקית קלאסית,רסטרטו יבוא ושיווק בעמ*אין החז,,רוטב עגבניות לפיצה 4,גרמים,400.00,100 גרם,false,,8.50,0.0213,true,1,82958
8005200256587,false,נסטי - תה קר בטעם אפרסק 1.5 ליטר,מפעל סאנפלגרינו S.P.A,,נסטי אפרסק 1.5 ליטר,ליטרים,1.50,ליטר,false,,8.90,5.9333,false,1,118044
8005200286584,false,תה קר נסטי מנגו אננס 1.5 ליטר פיקדון,מפעל סאנפלגרינו S.P.A,,נסטי מנגו אננס 1.5 ל,ליטרים,1.50,ליטר,false,,8.90,5.9333,false,1,118045
8005469951452,false,ממרח אנשובי עם שמן חמניות,בנדטו סקלייה סרל,,ממרח אנשובי איטלקי,גרמים,60.00,100 גרם,false,,12.50,0.2083,true,1,28267
8005709204041,false,ספגטו גרנד ארמנדו 500 גרם,,,ספגטו 500 גר',גרמים,500.00,100 גרם,false,,11.90,0.0238,true,1,70024
8005803010357,false,גריסיני קלאסי - מקלות אפויים עם שמן זית ומלח,ליימן שליסל בע`מ,,גריסיני קלאסי 125 גר,גרמים,125.00,100 גרם,false,,6.90,0.0552,true,1,66483
8005803010371,false,"גריסיני רוזמרין - מקלות אפויים עם שמן זית, מלח ורוזמרין",ליימן שליסל בע`מ,,גריסיני רוזמרין 125,גרמים,125.00,100 גרם,false,,6.90,0.0552,true,1,66484
8005803010586,false,"מקלות אפויים עם שמן זית, מלח, עגבניות ואורגנו, 125 גרם, אמור די פאן","הוסטה איטליה, ס.ר.ל.",,גריסיני פיצה 125 גר',גרמים,125.00,100 גרם,false,,6.90,0.0552,true,1,66485
8005803010661,false,"מקלות אפויים עם שמן זית, מלח, ושומשום, 125 גרם, אמור די פאן","הוסטה איטליה, ס.ר.ל.",,גריסיני שומשום 125 ג,גרמים,125.00,100 גרם,false,,6.90,0.0552,true,1,66486
8006227000399,false,מנצאטו-לחם פרוס לבן 400 גרם,,,לחם מחמצת פרוס לבן 4,גרמים,400.00,100 גרם,false,,12.90,0.0323,true,1,120278
8006227001372,false,סמנצאטו – לחם מחמצת לבן עם שמן זית ללא קשה 1400 גרם,רו. מאר ס.ר.ל,,סמנצאטו לחם מחמצת לב,גרמים,400.00,100 גרם,false,,15.90,0.0398,true,1,118815
8006227001389,false,סמנצאטו – לחם מחמצת עם שמן זית ללא קשה 1400 גרם,רו. מאר ס.ר.ל,,סמנצאטו לחם מחמצת קמ,גרמים,400.00,100 גרם,false,,15.90,0.0398,true,1,119129
8006423466388,false,בונבוניירה תיק זהב/כסף 150 גר SORINI,SORINI-Holding Dolci,,בונבונירה תיק זהב /,גרמים,150.00,100 גרם,false,,31.90,0.2127,true,1,86221
8006540091906,false,לנור כדוריות הבושם בניחוח אריאל 140 גרם,פטר קרמר עבור פרוקטור אנ,,לנור כדוריות הבושם ב,גרמים,140.00,100 גרם,false,,18.90,0.1350,true,1,117373
8006540091937,false,לנור כדוריות הבושם בניחוח אריאל 210 גרם,פטר קרמר עבור פרוקטור אנ,,לנור כדוריות הבושם ב,גרמים,210.00,100 גרם,false,,27.90,0.1329,true,1,117533
8006540112793,false,"מרכך כביסה מרוכז בניחוח יסמין לנור 900 מ""ל",דיפלומט מפיצים (1986) בע`מ,,לנור מרכך מרוכז בניח,מיליליטרים,900.00,"100 מ""ל",false,,14.90,0.0166,true,1,89007
8006540112823,false,"לנור מרכך כביסה מרוכז בניחוח האוקיינוס 900 מ""ל",דיפלומט מפיצים (1968) בעמ,,לנור מרכך מרוכז בניח,מיליליטרים,900.00,"100 מ""ל",false,,14.90,0.0166,true,1,89003
8006540112854,false,"מרכך כביסה מרוכז בניחוח סחלב לנור 900 מ""ל",דיפלומט מפיצים (1986) בע`מ,,לנור מרכך מרוכז בניח,מיליליטרים,900.00,"100 מ""ל",false,,14.90,0.0166,true,1,89008
8006540163986,false,אריאל קפסולות לכביסה 35 יח`,דיפלומט מפיצים (1968) בעמ,,אריאל קפסולות 35 יח,יחידה,0.00,יחידה,false,,39.90,0.0000,true,1,89009
8006540425930,false,אריאל קפסולות לכביסה ג'ל 24 יח' לכתמים קשים,דיפלומט מפיצים (1986) בע`מ,,אריאל קפסולות 24 יח,יחידה,0.00,יחידה,false,,29.90,0.0000,false,1,118306
8006540463550,false,פיירי טבליות למדיח פלטינום 63 יחידות,דיפלומט מפיצים (1968) בעמ,,פיירי טבליות למדיח פ,יחידה,0.00,יחידה,false,,49.90,0.0000,false,1,120806
8006540491539,false,"נוזל כלים פיירי פלטינום אוריגינל 780 מ""ל",דיפלומט מפיצים (1986) בע`מ,,פיירי פלטיניום אורגי,גרמים,780.00,100 גרם,false,,12.90,0.0165,false,1,120598
8006540495186,false,לנור מרכך כביסה מרוכז רגיש בייבי 900 מל,דיפלומט מפיצים (1986) בע`מ,,לנור מרכך כביסה 900,מיליליטרים,900.00,"100 מ""ל",false,,14.90,0.0166,true,1,120596
8006540495216,false,"לנור מרכך כביסה מרוכז בניחוח אמאטיסט 900 מ""ל",דיפלומט מפיצים (1986) בע`מ,,לנור מרכך כביסה 900,מיליליטרים,900.00,"100 מ""ל",false,,14.90,0.0166,true,1,120597
8006540495247,false,"לנור מרכך כביסה מרוכז בניחוח פרחי בר 900 מ""ל",דיפלומט מפיצים (1968) בעמ,,לנור מרכך כביסה 900,מיליליטרים,900.00,"100 מ""ל",false,,14.90,0.0166,true,1,120595
8006540566701,false,אריאל ג'ל כביסה להסרת כתמים קשים 1.925 ליטר,דיפלומט מפיצים (1986) בע`מ,,אריאל ג'ל כתמים קשים,ליטרים,1.92,ליטר,false,,27.90,14.5312,false,1,121715
8007150901623,false,שמן זרעי ענבים 1 ליטר 1/2 ליטר במארז כשר,,,שמן זרעי ענבים 1.5 ל,ליטרים,1.50,ליטר,false,,49.90,33.2667,true,1,71298
8007150906338,false,חומץ בלסמי ממדונה כש,,,חומץ בלסמי ממדונה 50,מיליליטרים,500.00,"100 מ""ל",false,,19.90,0.0398,true,1,70063
8007150907175,false,שמן אורז אוליטליה 1ל,אולאיטליה,,שמן אורז אוליטליה 1ל,ליטרים,1.00,ליטר,false,,32.90,32.9000,true,1,21231
8007150909513,false,"קרם בלסמי קלאסי כשר 250 מ""ל",,,קרם בלסמי קלאסי 250,מיליליטרים,250.00,"100 מ""ל",false,,27.90,0.1116,true,1,70088
8007150909551,false,שמן בוטנים אולאיטליה 1 ליטר,,,שמן בוטנים 1 ליטר,ליטרים,1.00,ליטר,false,,34.90,34.9000,true,1,32456
8007178120310,false,"חומץ בלסמי 500 מ""ל (דיפלומט)",דיפלומט מפיצים (1968) בעמ**,,חומץ בלסמי,יחידה,500.00,יחידה,false,,21.90,0.0438,true,1,3372
8007178223547,false,ג`קובזי קרם בלסמי מצומצם ממודנה 250 מל,דיפלומט מפיצים (1968) בעמ**,,קרם בלסמי מצומצם 250,מיליליטרים,250.00,"100 מ""ל",false,,23.90,0.0956,true,1,58012
8007270999012,false,שמן גרעיני ענבים קוסטה דורו 1 ליטר,קוסטה דיאורו,,שמן זרעי ענבים 1 ליט,ליטרים,1.00,ליטר,false,,34.90,34.9000,true,1,71751
8007537000543,false,"טורטיליה ציפס בטעם טבעי לל""ג 450 גרם",,,טורטייה צ'יפס טבעי,גרמים,450.00,100 גרם,false,,21.00,0.0467,true,1,75893
8007537006538,false,"טורטיליה ציפס תירס כחול לל""ג 450 גרם",,,טורטיליה צ'יפס תירס,גרמים,300.00,100 גרם,false,,21.90,0.0730,true,1,117773
8008245004861,false,ממרח אגוזי לוז עם חלב מובנפיק 300 גרם,יבואן ומשווק: ש. שסט,,ממרח אגוזי לוז עם ח,גרמים,300.00,100 גרם,false,,12.90,0.0430,true,1,85764
8008343200035,false,פסטה רומו ספגטי 500 גרם,רומו Rummo,,ספגטי רומו 500 גר,גרמים,500.00,100 גרם,false,,8.50,0.0170,true,1,71487
8008343200424,false,פסטה קונקילי ריגטה Conchiglie rigate,רומו Rummo,,פסטה קונקילי ריגטה ר,גרמים,500.00,100 גרם,false,,8.50,0.0170,true,1,71489
8008343200486,false,פסטה רומו פוזילי 500 גרם,רומו Rummo,,פוזילי רומו 500 גר,גרמים,500.00,100 גרם,false,,8.50,0.0170,true,1,71490
8008343200660,false,פסטה רומו פנה ריגטה500גר,רומו Rummo,,פנה ריגטה רומו 500 ג,גרמים,500.00,100 גרם,false,,8.50,0.0170,true,1,71478
8008343201377,false,פסטה רומו רדיאטורי 500גר,רומו Rummo,,פסטה רדיאטורי רומו 5,גרמים,500.00,100 גרם,false,,8.50,0.0170,true,1,71493
8008440222008,false,"בירה פרוני בקבוק 330 מ""ל",מבשל שיכר פרוני,,פרוני בירה בקבוק,מיליליטרים,330.00,"100 מ""ל",false,,7.90,0.0239,true,1,83551
8008440249425,false,בירה אסהי יבשה מאד 330 מל בקבוק,פרונרי,,בירה אסהי,מיליליטרים,330.00,"100 מ""ל",false,,7.90,0.0239,true,1,75436
8008660210014,false,מעדן משמש מנז אנד גאסר ויסוצקי 300 גרם,תה ויסוצקי (ישראל) בעמ,,ריבת מעדן משמש,גרמים,300.00,100 גרם,false,,15.90,0.0530,true,1,64016
8008660210021,false,מעדן ריבה מנץ אנד גאססר דובדבן 300 גר,תה ויסוצקי (ישראל) בעמ,,ריבת מעדן דובדבן,גרמים,300.00,100 גרם,false,,15.90,0.0530,true,1,64017
8008660210038,false,מעדן ריבה מנץ אנד גאססר תות שדה 300 גר,תה ויסוצקי (ישראל) בעמ,,ריבת מעדן תות שדה,גרמים,300.00,100 גרם,false,,15.90,0.0530,true,1,64018
8008660210045,false,מעדן פירות יער מנז אנד גאסר ויסוצקי 300 גרם,תה ויסוצקי (ישראל) בעמ,,ריבת מעדן פירות יער,גרמים,300.00,100 גרם,false,,15.90,0.0530,true,1,64019
8008660210052,false,מעדן פרי תפוז מנז אנד גאסר ויסוצקי 320 גרם,תה ויסוצקי (ישראל) בעמ,,מעדן פרי תפוז,גרמים,320.00,100 גרם,false,,15.90,0.0497,true,1,75813
8008698012857,false,ביסקויט פתי בר בטעם חמאה 165 גרם ללא גלוטן petit,ל.י.ב. (לחיות יותר בטבע) בעמ,,ביסקוויט פתי בר בטעם,גרמים,165.00,100 גרם,false,,17.50,0.1061,true,1,82298
8008698033876,false,קרקרים בתוספת דגנים ללא גלוטן 210גרם CEREAL CRACKERS,,,קרקרים בתוספת דגנים,גרמים,210.00,100 גרם,false,,26.90,0.1281,true,1,120237
8008698054109,false,מילוי גריס - ממרח אגוזי לוז עם קקאו בתוספות מקלות 52 גרם,"ד""ר שר ס.ר.ל",,ממרח אגוזי לוז בתוספ,גרמים,52.00,100 גרם,false,,11.90,0.2288,true,1,82475
8008912010034,false,ליגורי- ספגטי מספר 3 500גר,תה ויסוצקי (ישראל)בעמ,,פסטה LIGUORI ספגטי מ,גרמים,500.00,100 גרם,false,,7.90,0.0158,true,1,87169
8008912010270,false,"ליגורי פסטה קסרצ'ה מספר 27, 500 גר'",תה ויסוצקי (ישראל)בעמ,,פסטה קסרצ'ה,גרמים,500.00,100 גרם,false,,7.90,0.0158,true,1,117383
8008912010300,false,LIGUORI פסטה פרפלה 500 גרם מספר 30,תה ויסוצקי (ישראל)בעמ,,פסטה LIGUORI פרפלה 5,גרמים,500.00,100 גרם,false,,7.90,0.0158,true,1,86629
8008912010317,false,LIGUORI פסטה פוזילי 500 גרם מספר 31,תה ויסוצקי (ישראל)בעמ,,פסטה LIGUORI פוזילי,גרמים,500.00,100 גרם,false,,7.90,0.0158,true,1,87170
8008912010331,false,"ליגורי פסטה ניוקי סרדי בצורת קונכיות, 500 גר'",תה ויסוצקי (ישראל)בעמ,,פסטה ניוקטי סרדי קונ,גרמים,500.00,100 גרם,false,,7.90,0.0158,true,1,86789
8008912010423,false,פסטה פנה ריגטה מס (42 500 גר`)ליגורי,תה ויסוצקי (ישראל) בעמ,,פסטה LIGUORI פנה 500,גרמים,500.00,100 גרם,false,,7.90,0.0158,true,1,86630
8008912016012,false,ליגורי- לזניה מספר 102 500גר,פסטיפישיו פציון ס.פ.,,לזניה ליגורי,גרמים,500.00,100 גרם,false,,16.90,0.0338,true,1,90043
8008920990243,false,למברוסקו פסטה ביאנקו,,,למברוסקו פסטה ביאנקו,מיליליטרים,750.00,"100 מ""ל",false,,19.90,0.0265,true,1,69785
8008920990250,false,למברוסקו רוזה חצי מת,,,יין מבעבע רוזה חצי מ,מיליליטרים,750.00,"100 מ""ל",false,,19.90,0.0265,true,1,68601
8008990002167,false,יעה עם מקל מתכת ארוך טונקיטה,טונקיטה,,יעה עם מקל מתכת ארוך,יחידה,0.00,יחידה,false,,18.90,0.0000,true,1,61569
8009621006073,false,ניוקי תפוח-אדמה 500 גר,,,איטליה ניוקי תפוח אד,גרמים,500.00,100 גרם,false,,9.90,0.0198,true,1,29724
8009621006172,false,ניוקי תפוא מיני וינצ,,,ניוקי מיני פנינים 50,גרמים,500.00,גרם,false,,9.90,0.0198,true,1,29136
8009915000251,false,ספגטי לה וניצאן ללא גלוטן 250 ג',,,ספגטי לה וניצאן 250,גרמים,250.00,100 גרם,false,,12.90,0.0516,true,1,82290
8009915000282,false,פסטה פטוצ'יני ללא גלוטן 250 גר' - פוריו,LE VENEZIANE,,פסטה מקמח תירס מסולס,גרמים,250.00,100 גרם,false,,12.90,0.0516,true,1,30809
8009915001340,false,פסטה אליקה ללא גלוטן 250 גרם,לה וואניציאני La Venezian,,פסטה אליקה ללא גלטן,גרמים,250.00,100 גרם,false,,12.90,0.0516,true,1,11881
8009915004150,false,ביסקוויט מקמח תירס שוקולד אגוזים 250 גר,מולינו דה פירו,,ביסקוויט מקמח תירס ש,גרמים,250.00,100 גרם,false,,16.90,0.0676,true,1,75585
8009915004204,false,ביסקוויט מקמח תירס בטעם מעודן 300 גרם,מולינו דה פירו,,ביסקוויט מקמח תירס ק,גרמים,300.00,100 גרם,false,,16.50,0.0550,true,1,70361
8010024006010,false,חמאת שקדים 100% השקד נטורפוד 350 גרם,תות תעשיות מזון (201,,ממרח חמאת שקדים 350,גרמים,350.00,100 גרם,false,,37.90,0.1083,true,1,69889
8011033011279,false,קוסקוס אמיתי 1 קג מר,דין שיווק וקליה 2021 בעמ,,"קוסקוס מראקש 1 ק""ג",קילוגרמים,1.00,"ק""ג",false,,11.90,11.9000,true,1,22951
8013108005312,false,בונבוניירה קורנט קרמ,Lindt & Spr?ngli AG,,בונבוניירה קורנט קרמ,גרמים,165.00,100 גרם,false,,21.90,0.1327,true,1,90347
8014601011565,false,קמח קונדיטוריה קאפוט,קאפוטו,,קמח קונדיטוריה,קילוגרמים,1.00,"ק""ג",false,,11.90,11.9000,true,1,86828
8014601012456,false,קמח נובולה קאפוטו 1,קאפוטו,,קמח נובולה,קילוגרמים,1.00,"ק""ג",false,,15.90,15.9000,true,1,86829
8014601026354,false,"קמח ""00"" איטלקי לפיצה שף אדום 1 ק""ג",דיפלומט מפיצים (1968) בעמ**,,קמח פיצה שף (אדום),קילוגרמים,1.00,"ק""ג",false,,13.90,13.9000,true,1,59991
8014601028747,false,קמח 00 איטלקי כחול 1 קג CAPUTO,דיפלומט מפיצים (1968) בעמ**,,קמח אקסטרה לכל מטרה,קילוגרמים,1.00,"ק""ג",false,,11.50,11.5000,true,1,86830
8014601999870,false,"קמח סמולינה דורום שף קפוטו 1ק""ג",דיפלומט מפיצים (1968) בעמ**,,קמח סמולינה בטחינה כ,קילוגרמים,1.00,"ק""ג",false,,13.90,13.9000,true,1,59079
8015997000607,false,מאריני בישקוטים פריכים 200 גרם,Biscottificio Verona,,מאריני בישקוטים פריכ,גרמים,200.00,100 גרם,false,,6.50,0.0325,true,1,88311
8016867002646,false,מגן תחתון אורגניק ארוך במיוחד 20 יח,CORMAN,,מגן תחתון ארוך במיוח,יחידה,0.00,יחידה,false,,21.90,0.0000,true,1,31839
8016867008945,false,מגן תחתון 24 אורגניק באריזת תפזורת,corman,,מגן תחתון 24 באריזת,יחידה,0.00,יחידה,false,,21.90,0.0000,true,1,31840
8016867008969,false,טמפונים עם מוליך סופר אורגניק,COTTON HITEC,,טמפונים עם מוליך סופ,יחידה,0.00,יחידה,false,,31.90,0.0000,true,1,31842
8016867009911,false,טמפונים ללא מוליך סופר אורגניק,ontex,,טמפונים ללא מוליך סו,יחידה,0.00,יחידה,false,,28.90,0.0000,true,1,31846
8016867009928,false,טמפונים ללא מוליך רגולר אורגניק,ZONE ORGANYC,,טמפונים ללא מוליך רג,יחידה,0.00,יחידה,false,,28.90,0.0000,true,1,31847
8016867009935,false,תחבושות דקות 03 לזרימה מוגברת אורגניק,corman,,תחבושות דקות לזרימה,יחידה,0.00,יחידה,false,,29.90,0.0000,true,1,31848
8016867009942,false,תחבושות דקות 02 לזרימה רגילה אורגניק,corman,,תחבושות דקות לזרימה,יחידה,0.00,יחידה,false,,29.90,0.0000,true,1,31849
8016867009959,false,מגן תחתון באריזה אישית אורגניק,CORMAN,,מגן תחתון 24 יח',יחידה,0.00,יחידה,false,,25.90,0.0000,true,1,57736
8016867012584,false,תחבושת עבה עם כנפיים,CORMAN,,תחבושת עבה עם כנפיים,יחידה,0.00,יחידה,false,,36.90,0.0000,true,1,85708
8016867015080,false,מגן תחתון תפזורת 48,,,מגן תחתון תפזורת 48,יחידה,0.00,יחידה,false,,35.90,0.0000,true,1,119656
8017938005122,false,"נטורפוד חומץ תפוחים אורגני 750 מ""ל",מריה לוצ'יה מלצ'יורי,,חומץ תפוחים אורגני,ליטרים,1.00,ליטר,false,,18.90,18.9000,true,1,22952
8017938005764,false,מיץ תפוחים אורגני 100% 1 ליטר נטורפוד,נטורפוד בעמ,,נטור פוד-מיץ תפוחים,ליטרים,1.00,ליטר,false,,19.90,19.9000,true,1,22953
8019428000013,false,משקה אורז אורגני 1 ליטר,the bridge,,משקה אורז אורגני 1 ל,ליטרים,1.00,ליטר,false,,10.90,10.9000,true,1,70996
8019428000037,false,משקה אורז אורגני בטעם וניל 1 ליטר,,,משקה אורז אורגני וני,ליטרים,1.00,ליטר,false,,11.90,11.9000,true,1,70628
8019428000099,false,משקה אורז אורגני בתוספת שקדים 1 ליטר,the bridge,,חלב אורז אורגני ושקד,ליטרים,1.00,ליטר,false,,11.90,11.9000,true,1,30683
8019428000105,false,משקה שיבולת שועל אורגני 1 ליטר,the bridge,,משקה שיבולת שועל 1 ל,ליטרים,1.00,ליטר,false,,11.90,11.9000,true,1,70042
8019428004059,false,"משקה אורז אורגני 250 מ""ל",,,משקה אורז אורגני 25,מיליליטרים,250.00,"100 מ""ל",false,,4.90,0.0196,true,1,75479
8019428004080,false,משקה אורז אורגני-קוק,,,משקה אורז אורגני קוק,מיליליטרים,250.00,"100 מ""ל",false,,4.70,0.0188,true,1,75480
8019428004158,false,"משקה קפה בכוס אורגני, 220 מ""ל",,,משקה קפה אורגני בכוס,מיליליטרים,220.00,"100 מ""ל",false,,7.50,0.0341,true,1,120393
8019428005018,false,"שמנת אורגנית לבישול על בסיס אורז 240 מ""ל",,,תחליף שמנת לבישול על,מיליליטרים,200.00,"100 מ""ל",false,,6.50,0.0325,true,1,75478
8019428007005,false,משקה סויה אורגני 1 ליטר,the bridge,,משקה סויה אורגני 1 ל,ליטרים,1.00,ליטר,false,,10.90,10.9000,true,1,70032
8019428007111,false,משקה שקדים אורגני 1 ליטר,THE BRIDGE,,משקה שקדים אורגני 1,ליטרים,1.00,ליטר,false,,19.90,19.9000,true,1,64185
8019428007173,false,משקה אורז אורגני בתוספת קוקוס 1 ליטר,,,משקה אורז אורגני 1 ל,ליטרים,1.00,ליטר,false,,12.90,12.9000,true,1,75921
8019428007272,false,משקה שקדים אורגני 3%,,,משקה שקדים אורגני 3%,ליטרים,1.00,ליטר,false,,14.90,14.9000,true,1,73653
8019428009078,false,זוג מעדן אורז אורגני ווניל 260 גרם,The Bridge S.R.L,,מעדן אורז אורגני וונ,גרמים,260.00,100 גרם,false,,9.90,0.0381,true,1,119556
8019428009108,false,מעדן שיבולת שועל וני,דה ברידג' ס.ר.ל,,מעדן שיבולת שועל אור,גרמים,260.00,100 גרם,false,,9.90,0.0381,true,1,120742
8019428009122,false,מעדן שיבולת שועל שוק,דה ברידג' ס.ר.ל,,מעדן שיבולת שועל אור,גרמים,260.00,100 גרם,false,,9.90,0.0381,true,1,120743
8021423011499,false,רבעי ארטישוק על הגריל בשמן חמניות 510 ג' (12),אהלרומנה,,רבעי ארטישוק על הגרי,גרמים,310.00,100 גרם,false,,32.90,0.1061,true,1,66274
8022470213393,false,דרגיה שקד מריר 500 גר PRISCO MAX,ITALIANA CONFETTI-PR,,דרג'ה שקד מריר 500גר,גרמים,500.00,100 גרם,false,,26.90,0.0538,true,1,24565
8022470213416,false,דרגיה לוז חלב 500 גר PRISCO MAX,ITALIANA CONFETTI-PR,,MAX דרג'ה לוז בשוקול,גרמים,500.00,100 גרם,false,,26.90,0.0538,true,1,24741
8022470213478,false,דרגיה דובדובן לבן 500 גר PRISCO MAX,,,דרג'ה דובדבן בשוקולד,גרמים,500.00,100 גרם,false,,26.90,0.0538,true,1,23474
8022470213485,false,דרגיה דובדובן מריר 500 ג PRISCO MAX,ITALIANA CONFETTI-PR,,דרג'ה דובדבן בשוקולד,גרמים,500.00,100 גרם,false,,26.90,0.0538,true,1,23475
8022470213492,false,דרגיה דובדובן לבן 500 גר PRISCO MAX,ITALIANA CONFETTI-PR,,דרג'ה דבדבן לבן,גרמים,500.00,100 גרם,false,,26.90,0.0538,true,1,74314
8022470213515,false,דרגיה צימוקים מריר 500 גר PRISCO MAX,ITALIANA CONFETTI-PR,,דרג'ה צימוק מריר 500,גרמים,500.00,100 גרם,false,,21.90,0.0438,true,1,24206
8022470213546,false,דרגיה בוטנים מריר 500 גר PRISCO MAX,,,דרג'ה בוטנים מריר 50,גרמים,500.00,100 גרם,false,,21.90,0.0438,true,1,67396
8022470217780,false,דרגיה פריסקו לוז שיש,ITALIANA CONFETTI-PR,,דרג'ה לוז שיש,גרמים,500.00,100 גרם,false,,26.90,0.0538,true,1,33025
8022470226379,false,דרגיה קשיו מריר 500 גר PRISCO MAX,ITALIANA CONFETTI-PR,,דרג'ה קשיו בשוקולד מ,גרמים,500.00,100 גרם,false,,26.90,0.0538,true,1,70903
8023678161363,false,משקה שיבולת שועל טבעי אורגני 1ליטר ISOLA,איזולה ביו Isola Bio,,חלב שיבולת שועל,ליטרים,1.00,ליטר,false,,12.50,12.5000,true,1,9782
8023678162360,false,משקה שקדים טבעי אורגני 1ליטר ISOLA,לחיות יותר בטבע בעמ,,משקה שקדים טבעי אורג,ליטרים,1.00,ליטר,false,,15.90,15.9000,true,1,58733
8023678728832,false,משקה איזולה שיבולת שועל בריסטה 1 ליטר,,,משקה שיבולת שועל ברי,ליטרים,1.00,ליטר,false,,9.90,9.9000,true,1,120540
8024985002912,false,מחית סמוצ`י תפוח אגס בטטה אורגנית נטורה,נטורפוד בעמ,,סמוצ'י תפוח אגס בטטה,גרמים,100.00,100 גרם,false,,5.00,0.0500,true,1,75021
8024985002943,false,מחית סמוצ`י תפוח אננס קוקוס אורגנית נטור,נטורפוד בעמ,,סמוזי אננס קוקוס אור,גרמים,100.00,100 גרם,false,,5.00,0.0500,true,1,79991
8024985002950,false,מחית פירות סמוצ`י שזיף אורגנית נטורה נוב,נטורפוד בעמ,,סמוזי שזיף אורגני 10,גרמים,100.00,100 גרם,false,,5.00,0.0500,true,1,79580
8024985002967,false,מחית סמוצ`י בננה תרד נטורה נובה 100 גרם,נטורפוד בעמ,,סמוזי בננה תרד אורגנ,גרמים,100.00,100 גרם,false,,5.00,0.0500,true,1,79992
8024985003988,false,מחית פירות סמוצ`י תפוחים ובננה אורגנית ל,נטורפוד בעמ,,מחית תפוחים ובננה 10,גרמים,100.00,100 גרם,false,,5.00,0.0500,true,1,60319
8024985005234,false,מחית פירות סמוצ`י תפוח עץ ומנגו אורגנית,נטורפוד בעמ,,סמוצ'י אפרסק ומנגו א,גרמים,100.00,100 גרם,false,,5.00,0.0500,true,1,66668
8024985005296,false,סמוזי אגס בננה תפוח וקינואה אורגני,נטורפוד בעמ,,סמוצ'י אגס בננה תפוח,גרמים,120.00,100 גרם,false,,6.20,0.0517,true,1,69936
8024985005302,false,סמוזי תפוח רימון פטל אוכמנויות ואסאי אורגני,נטורפוד בעמ,,סמוצ'י תפוח רימון פט,גרמים,120.00,100 גרם,false,,6.20,0.0517,true,1,69937
8024985008037,false,מחית פירות סמוצ`י תפוח אורגנית ללא תוספת,"נטורפוד בע""מ",,סמוצ'י תפוחים אורגני,גרמים,100.00,100 גרם,false,,5.00,0.0500,true,1,33023
8024985008044,false,מחית פירות סמוצ`י אגס אורגנית ללתס נטור,"נטורפוד בע""מ",,מחית אגסים אורגני 10,גרמים,100.00,100 גרם,false,,5.00,0.0500,true,1,33236
8024985008051,false,מחית פירות סמוצ`י פירות אדומים אורגנית ל,"נטורפוד בע""מ",,סמוצ'י פירות אדומים,גרמים,100.00,100 גרם,false,,5.00,0.0500,true,1,33024
8024985011204,false,נטורה נובה-סמוזי תפוח תות בננה 100 גרם,נטורה נובה,,נטורה נובה סמוזי תפו,גרמים,100.00,100 גרם,false,,5.00,0.0500,true,1,89682
8032523530452,false,ממרח פיסטוק פיסטי אי,פיסטי,,ממרח פיסטוק 200 גר',גרמים,200.00,100 גרם,false,,31.90,0.1595,true,1,88656
8032523531015,false,ממרח פסטו פיסטוק אלת,,,ממרח פסטו פיסטוק 190,גרמים,190.00,100 גרם,false,,37.90,0.1995,true,1,88887
8032804430471,false,פליסיה קופסא - סדניני עדשים אדומות 250 גרם,אף.סי תבליני בגליל ב,,פסטה עדשים אדומים או,גרמים,250.00,100 גרם,false,,13.50,0.0540,true,1,72096
8032804432024,false,דפי לזניה אורז-תירס אורגנית ללא גלוטן,מולינו אנדריאני,,פליסיה דפי לזניה אור,גרמים,250.00,100 גרם,false,,17.90,0.0716,true,1,63513
8032817240319,false,אגרומנטה רוטב עגבניות שרי,מנורה,,רוטב עגבניות שרי 330,גרמים,330.00,100 גרם,false,,11.90,0.0361,true,1,71015
8033020445973,false,"PIVETTI קמח 00 לכל מטרה 1 ק""ג",פיווטי Pivetti,,"קמח 1 ק""ג רב תכליתי",קילוגרמים,1.00,"ק""ג",false,,8.00,8.0000,true,1,77812
8033020445997,false,"קמח איטלקי ללחמים 1 ק""ג 0 PIVETTI",PIVETTI,,קמח איטלקי ללחמים 1,קילוגרמים,1.00,"ק""ג",false,,11.50,11.5000,true,1,78125
8033020446000,false,"קמח איטלקי לפיצה ופוקצה 1 ק""ג 00 PIVETTI",פיווטי Pivetti,,קמח לפיצה ופוקצ'ה,קילוגרמים,1.00,"ק""ג",false,,10.90,10.9000,true,1,77868
8033087771374,false,ניוקי תפוח אדמה 500,צ'יאמה אלמינטרי,,"ניוקי תפ""א 500 גר",גרמים,500.00,100 גרם,false,,8.90,0.0178,true,1,66671
8033087771381,false,ניוקי ללא גלוטן לה ניוקריה 500 גרם,דיפלומט מפיצים (1968) בעמ**,,ניוקי ללא גלוטן 500,גרמים,500.00,100 גרם,false,,14.90,0.0298,true,1,31750
8033275522368,false,"יין מונטרו קיאנטי, 750 מ""ל י מונטרו",היכל היין שקד גולן בעמ,,מונטרו קיאנטי,מיליליטרים,750.00,"100 מ""ל",false,,52.90,0.0705,true,1,79616
8034023209272,false,ארטישוק א-לה רומנה בשמן חמניות 510 ג' (12),אהלרומנה,,"ארטישוק ""אל-לה רומנה",גרמים,510.00,100 גרם,false,,32.90,0.0645,true,1,22992
8076800195019,false,ברילה - צ.א ספגטי מס1 קפליני 500 גרם,ברילה גי.אי.אר פרטלי ס.פ,,ספגטי מס'1 קפליני.,גרמים,500.00,100 גרם,false,,6.90,0.0138,false,1,7938
8076800195033,false,ברילה - צ.א ספגטיני מס3 חדש 500 גרם,ברילה גי.אי.אר פרטלי ס.פ,,ברילה ספגטיני.,גרמים,500.00,100 גרם,false,,6.90,0.0138,false,1,7939
8076800195057,false,ברילה - צ.א ספגטי מס5 חדש 500 גרם,ברילה גי.אי.אר פרטלי ס.פ,,ספגטיני ברילה 5.,גרמים,500.00,100 גרם,false,,6.90,0.0138,false,1,7940
8076800195132,false,ברילה - צ.א בבטה מס13 500 גרם,ברילה גי.אי.אר פרטלי ס.פ,,ברילה איטריות בבטה מ,גרמים,500.00,100 גרם,false,,6.90,0.0138,false,1,7941
8076800315097,false,פסטה מקרוני בוקטיני מספר 9 ברילה 500 גרם,ברילה גי.אי.אר פרטלי ס.פ,,ברילה בוקטיני מס' 9,גרמים,500.00,100 גרם,false,,6.90,0.0138,false,1,7942
8076802085738,false,ברילה צ.ק פנה רגטה מס' 73 500 גרם,ברילה גי.אי.אר פרטלי ס.פ,,ברילה פנה רגטה מס' 7,גרמים,500.00,100 גרם,false,,6.90,0.0138,false,1,7945
8076802085837,false,ברילה - צ.ק טורטליוני מס83 500 גרם,הנסיך- מפעל לייצור ט,,ברילה טורטליוני מס',גרמים,500.00,100 גרם,false,,6.90,0.0138,false,1,7946
8076802085936,false,ברילה פסטה צ.ק. קונצילה ריגטה חדש,ברילה גי.אי.אר פרטלי ס.פ,,ברילה קונציליאה ריגא,גרמים,500.00,100 גרם,false,,6.90,0.0138,false,1,7948
8076802085981,false,ברילה - צ.ק פוזילי חדש 500 גרם,ברילה גי.אי.אר פרטלי ס.פ,,פוסילי ברילה 98.,גרמים,500.00,100 גרם,false,,6.90,0.0138,false,1,7949
8076808060654,false,פסטה פרפלה מספר 65 ברילה 500 גרם,ברילה גי.אי.אר פרטלי ס.פ,,ברילה פרפלה.,גרמים,500.00,100 גרם,false,,6.90,0.0138,false,1,7952
8076808070882,false,קנלוני מספר 88 ברילה (250 גרם),פאסטיפיקו ריגו אס.אר,,קנלוני ברילה,גרמים,500.00,100 גרם,false,,13.90,0.0278,true,1,7953
8076808150072,false,ברילה - צ.א ספגטוני מס7 חדש 500 גרם,ברילה גי.אי.אר פרטלי ס.פ,,ברילה ספגטי מס' 7.,גרמים,500.00,100 גרם,false,,6.90,0.0138,false,1,7954
8076809501415,false,ברילה קנלוני/פנה 500 ג' מצה פנה טרקולור 500 גרם,"ש. שסטוביץ בע""\מ",,פסטה פנה טריקולור,גרמים,500.00,100 גרם,false,,13.90,0.0278,true,1,7955
8076809512268,false,פסטה גירנדולה טורסדס מספר 34 ברילה 500 גרם,ברילה גי.אי.אר פרטלי ס.פ,,ברילה גירנדולה מס' 3,גרמים,500.00,100 גרם,false,,6.90,0.0138,false,1,7956
8076809513388,false,ברילה רוטב אראביאטה צילי לפסטה 400 ג,ברילה גי.אי.אר פרטלי ס.פ,,ברילה רוטב ארביאטה,גרמים,400.00,100 גרם,false,,13.90,0.0348,false,1,7957
8076809513395,false,ברילה פומודורו רוטב עגבניות קלאסי 400 גר,ברילה גי.אי.אר פרטלי ס.פ,,ברילה רוטב פומודורו,גרמים,400.00,100 גרם,false,,13.90,0.0348,true,1,7958
8076809513654,false,בסיס רוטב עגבניות לבולונז ברילה 400 גרם,ברילה גי.אי.אר פרטלי ס.פ,,רוטב ברילה בסיס לבול,גרמים,400.00,100 גרם,false,,13.90,0.0348,true,1,7959
8076809513692,false,רוטב עגבניות נפולטנה בתוספת ירקות,ברילה גי.אי.אר פרטלי ס.פ,,ברילה רוטב נפוליטנה,גרמים,400.00,100 גרם,false,,13.90,0.0348,true,1,7960
8076809513739,false,ברילה רוטב עגבניות עם בזיליקום 400 גרם,ברילה גי.אי.אר פרטלי ס.פ,,רוטב בזיליקום ברילה,גרמים,400.00,100 גרם,false,,13.90,0.0348,true,1,7961
8076809514774,false,ברילה פפרדלה איטריות ביצים 250 גרם,ברילה גי.אי.אר פרטלי ס.פ,,ברילה איטריות פפרדל,גרמים,250.00,100 גרם,false,,17.90,0.0716,true,1,7962
8076809523561,false,ברילה - רוטב פסטה בטעם טוסקנה 400 גרם,ברילה גי.אי.אר פרטלי ס.פ,,רוטב פסטה ברילה בטעם,גרמים,400.00,100 גרם,false,,13.90,0.0348,true,1,7968
8076809523714,false,איטריות טליאטלה ברילה 500 גרם,"ש. שסטוביץ בע""\מ",,ברילה טליאטלה 500 גר,גרמים,500.00,100 גרם,false,,25.90,0.0518,true,1,7970
8076809523738,false,דפי לזניה ברילה 500 גרם,ברילה גי.אי.אר פרטלי ס.פ,,לזניה ברילה,גרמים,500.00,100 גרם,false,,19.90,0.0398,true,1,7971
8076809529419,false,ספגטי מחיטה מלאה מס' 5 500 ג' ברילה,ברילה גי. אי. אר פרט,,ספגטי ברילה מחיטה מל,גרמים,500.00,100 גרם,false,,13.90,0.0278,true,1,7973
8076809529433,false,פסטה פנה ריגטה חיטה מלאה ברילה (500 גרם),"ש. שסטוביץ בע""\מ",,ברילה פנה רגטה מחיטה,גרמים,500.00,100 גרם,false,,13.90,0.0278,true,1,7974
8076809545457,false,ברילה אטריות ללא גלוטן 400 ג' צינורות 400 ג',ברילה ג'.אי.אר פרטלי,,ברילה ללא גלוטן צינו,גרמים,400.00,100 גרם,false,,14.90,0.0373,true,1,60708
8076809545464,false,ברילה פסטה ללא גלוטן צורת ספירלי 400 גר,מולינו אנדריאני אס.א,,ברילה ללא גלוטן ספיר,גרמים,400.00,100 גרם,false,,14.90,0.0373,true,1,60709
8076809547956,false,פסטה ברילה קיפרי 500 גרם,ברילה ג'.אי.אר פרטלי,,ברילה צ.ק קיפרי 500,גרמים,500.00,100 גרם,false,,6.90,0.0138,true,1,82828
8076809576352,false,ברילה לזניה ללא גלוטן 250 גר`כשלפ,ברילה גי.אי.אר פרטלי,,ברילה לזניה ללא גלוט,גרמים,250.00,100 גרם,false,,19.90,0.0796,true,1,89310
8076809578998,false,ברילה - צ.ק. סטלינה 500 גרם,ברילה גי. אי. אר פרטלי ס,,פסטה ברילה סטלינה,גרמים,500.00,100 גרם,false,,6.90,0.0138,true,1,89033
8358110076302,false,כוסות לחיים 40 יחידות,הנמל אריזות ושיווק (1984) בעמ,,"כוסות ליין ח""פ 40 יח",יחידה,0.00,יחידה,false,,6.50,0.0000,true,1,16728
8410076600622,false,חטיפי גרנולה קראנצ'י עם שוקולד מריר נייצ'ר ואלי 210 גרם,ג'נרל מילס סאן אדריאן,,נייטשר ואלי חמישייה,גרמים,210.00,100 גרם,false,,19.00,0.0905,true,1,24568
8410076610379,false,"חטיף בוטנים, חלבון סויה ושוקולד מריר עם ציפוי בטעם שוקולד",סריילטו ספיין פודס,,נייטשר ואלי פרוטאין,גרמים,160.00,100 גרם,false,,22.90,0.1431,true,1,63784
8410076610386,false,נייטשר ואלי פרוטאין בוטנים עם ציפוי בטעם קרמל מלוח 160 ג',ג'\נרל מילס סאן אדריאן S,,חטיף נייטשר ואלי פרו,גרמים,160.00,100 גרם,false,,22.90,0.1431,true,1,63785
8410076610492,false,חטיף שיבולת שועל מלאה ובוטנים בציפוי עם חמאת בוטנים,יבואן ומשווק: ש. שסט,,נייטשר ואלי צ'ואי בו,גרמים,150.00,100 גרם,false,,19.00,0.1267,true,1,66103
8410076610508,false,"חטיף שיבולת שועל מלאה עם בוטנים, שקדים ושוקולד מריר בציפוי בטעם שוקולד",נייצ'ר ואלי Nature Valley,,נייטשר ואלי צ'ואי בו,גרמים,150.00,100 גרם,false,,19.00,0.1267,true,1,66104
8410076621009,false,עוגות אישיות בטעם קרמל עם חתיכות בטעם קרמל מלוח,ליימן שליסל בע`מ,,חטיף פייבר 1 בטעם קר,גרמים,120.00,100 גרם,false,,14.90,0.1242,true,1,86627
8410076621047,false,עוגות אישיות בטעם שוקולד עם חתיכות בטעם שוקולד,ליימן שליסל בע`מ,,חטיפי פייבר 1 בראוני,גרמים,120.00,100 גרם,false,,14.90,0.1242,true,1,86533
8410104039134,false,"מנקה ומחדש מדיח כלים פיניש 250 מ""ל",רקיט בנקיזר (ניר איסט) בעמ,,פיניש מנקה ומחדש,מיליליטרים,250.00,"100 מ""ל",false,,14.90,0.0596,true,1,4755
8410104044916,false,אבקה למדיח כלים פיניש (2.7 קג),רקיט בנקיזר (ניר איסט) בעמ,,פיניש אבקה למדיח 2.7,קילוגרמים,2.70,"ק""ג",false,,39.90,14.7778,false,1,18140
8410104045111,false,"פיניש מלח למדיח כלים 2ק""ג",רקיט בנקיזר (ניר איסט) בעמ,,פיניש מלח למדיח,קילוגרמים,2.00,"ק""ג",false,,14.90,7.4500,true,1,82916
8410104437268,false,מפיג ריח רגיל למדיח פיניש 1 יחידה,רקיט בנקיזר (ניר איסט) בעמ,,פיניש ציטרו פרש,גרמים,27.00,100 גרם,false,,14.90,0.5519,true,1,18148
8410104511340,false,ויט רצועות שעווה מוכנות לעור יבש 12 יחידות,רקיט בנקיזר (ניר איסט) בעמ,,ויט רצועות שעווה,יחידה,0.00,יחידה,false,,19.90,0.0000,true,1,18150
8410128768324,false,משקה סויה שקדים קרטונית1 ל' ויוה סוי,טמפו משקאות בע`מ,,ויוה סוי שקדים קרטונ,ליטרים,1.00,ליטר,false,,12.90,12.9000,true,1,82432
8410128768355,false,ויוה סוי סויה קלאסי קרטונית ליטר,טמפו משקאות בע`מ,,ויוה סוי סויה קרטוני,ליטרים,1.00,ליטר,false,,11.90,11.9000,true,1,82433
8410179100043,false,שמן זית בורחס מעולה750מל,PONTU BORGES ACEITES,,שמן זית בורחס מעולה7,יחידה,750.00,יחידה,false,,37.90,0.0505,true,1,11883
8410342004796,false,שוקולד מריר 85% ללא סוכר טוראס 100ג',צ'יקולטס טוארס,,טוראס שוקולד מריר 85,גרמים,100.00,100 גרם,false,,14.90,0.1490,true,1,81587
8410342004994,false,"שוקולד מריר שבבי קקאו חמוציות ללת""ס 125",צ'יקולטס טוארס,,טוראס שוקולד מריר שב,גרמים,125.00,100 גרם,false,,14.90,0.1192,true,1,81718
8410342005632,false,טוראס שוקולד חלב שקד ללא סוכר 75 גרם,,,טוראס שוקולד חלב שקד,גרמים,75.00,100 גרם,false,,8.50,0.1133,true,1,87588
8410342006318,false,טוראס שוקולד מריר קפה ללא סוכר 75 גרם,,,טוראס שוקולד מריר קפ,גרמים,75.00,100 גרם,false,,8.50,0.1133,true,1,83886
8410342006585,false,"טוראס-שוקולד מריר 72% ללת""ס 75ג 1/12 (530)",,,טוראס שוקולד מריר 72,גרמים,75.00,100 גרם,false,,8.50,0.1133,true,1,84781
8410376009392,false,ביסקויט מחיטה מלאה ללא תוספת סוכר גולון 170 גרם,גאלטס גלון סא,,ביסקוויט מחיטה מלאה,גרמים,170.00,100 גרם,false,,9.90,0.0582,true,1,12004
8410376009408,false,גולון-דורדה ביסקוויט זהב ללא סוכר 330 גר'1/15,GULLON,,גולון דורדה ביסקוויט,גרמים,330.00,100 גרם,false,,17.90,0.0542,true,1,12005
8410376010701,false,"ביסקוויט ללת""ס גולון גלטה מריה 400 גר",תות תעשיות מזון (201,,גולון ביסקוויט מרי ל,גרמים,400.00,100 גרם,false,,17.90,0.0447,true,1,12007
8410376013191,false,קרקר פיק קוקטייל בצילינדר 350 גר גולון,GULLON,,גולון קרקר פיק קוקטי,יחידה,0.00,יחידה,false,,12.90,0.0000,true,1,4444
8410376016857,false,גולון - ביסקוויט דיאגסטיב דל שומן 400,GULLON,,ביסקוויט דיאג'סטיב ד,גרמים,400.00,100 גרם,false,,12.90,0.0323,true,1,29296
8410376017342,false,גולון-עוגיות שוקו צ'יפס ללא גלוטן 200 ג'1/12,גולון,,עוגיות שוקו ציפס -20,גרמים,200.00,100 גרם,false,,21.00,0.1050,true,1,12009
8410376023831,false,גולון-ביסקוויט ח.מלאה 400 גר' ללא סוכר 1/15,גולון,,גולון ביסקוויט חיטה,גרמים,400.00,100 גרם,false,,16.90,0.0422,true,1,30780
8410376037784,false,גולון ביסקויט סנדויץ שוקו ללא סוכר 250ג,תות תעשיות מזון (201,,גולון ביסקויט שוקו ל,גרמים,250.00,100 גרם,false,,13.50,0.0540,true,1,25620
8410376044393,false,עוגיות סנדוויץ וניל ללא תוספת סוכר 210,גולון,,גולון עוגיות סנדוויץ,גרמים,210.00,100 גרם,false,,18.90,0.0900,true,1,61232
8410376045024,false,גולון-דיאג'סטיב ביסקויט ללא גלוטן ולקטוז 150 גרם,GULLON,,ביסקוויט ללא גלוטן,גרמים,150.00,100 גרם,false,,13.50,0.0900,true,1,63506
8410376047509,false,גולון ביסקויט ללא תוספת סוכר 400 גרם,גלטס גולון,,גולון ביסקויט ללא סו,גרמים,400.00,100 גרם,false,,15.90,0.0398,true,1,66457
8410376052633,false,גולון-עוגיות שוקוצ'יפס ללא תוספת סוכר 150 ג 1/12,VIRGINIAS INDUSTRIAS,,גולון עוגיות שוקולד,גרמים,150.00,100 גרם,false,,12.90,0.0860,true,1,83815
8410376059397,false,גולון וופל שוקולד ללא תוספת סוכר 180 גרם,GULLON,,גולון וופל שוקולד לל,גרמים,200.00,100 גרם,false,,15.90,0.0795,true,1,88314
8410644611203,false,יין קאווה איבריקה לבן יבש Cava Iberica,טמפו משקאות בע`מ,,קאווה איבריקה לבן יב,מיליליטרים,750.00,"100 מ""ל",false,,26.90,0.0359,false,1,28053
8410655000409,false,מארז בירה סאן מיגל- שישייה 250 מל,אבאל יזמות בעמ,,"בירה סאן מיגל 250 מ""",מיליליטרים,1500.00,"100 מ""ל",false,,32.90,0.0219,true,1,119619
8410655000416,false,בירה סאן מיגל בודד 330 מל.,אגודת הכורמים,,בירה סאן מיגל 330 מל,מיליליטרים,330.00,"100 מ""ל",false,,8.90,0.0270,true,1,57930
8410655000423,false,בירה רביעייה 5.4% אלכוהול 330 מל סאן מי,סרבסס סאן מיגל אס.אל.יו,,בירה סאן מיגל רביעיי,ליטרים,1.32,ליטר,false,,24.90,18.8636,false,1,57931
8410655001147,false,סאן מיגל בירה 4.5% פחית 500מל,אבאל יזמות בעמ,,בירה סאן מיגל פחית 5,מיליליטרים,500.00,"100 מ""ל",false,,9.00,0.0180,true,1,73689
8410655006555,false,"בירה סאן מיגל פרסקה 330 מ""ל מארז שישייה",,,בירה סאן מיגל פרסקה,מיליליטרים,1980.00,"100 מ""ל",false,,34.90,0.0176,true,1,84567
8410655010019,false,צידנית שמיניית פחיות בירה סאן מיגל 500 מ,אבאל יזמות בעמ,,צידנית + שמיניית ביר,מיליליטרים,4000.00,"100 מ""ל",false,,59.90,0.0150,true,1,119588
8410721443611,false,פלפל שחור שלם-מטחנת זכוכית 45 גרם,ליימן שליסל,,פלפל שחור שלם 45 גרם,גרמים,45.00,100 גרם,false,,11.90,0.2644,true,1,83677
8410721443635,false,מלח ים-מטחנת זכוכית-100 גרם,ליימן שליסל בעמ,,מלח ים מטחנת זכוכית,גרמים,100.00,100 גרם,false,,11.90,0.1190,true,1,83678
8410721443659,false,תערובת פלפלים לתיבול-מטחנת זכוכית-40 גרם,ליימן שליסל,,תערובת פלפלים לתיבול,גרמים,40.00,100 גרם,false,,11.90,0.2975,true,1,83679
8410721443680,false,מלח ים מרקדו טייסט 425ג',,,מלח ים מטחנה 425 גר',גרמים,425.00,100 גרם,false,,21.90,0.0515,true,1,83675
8410743700297,false,יין קווה קסטילו פרלדה יבש 750 מל,פרלדה,,קסטילו פרלדה ברוט יי,מיליליטרים,750.00,"100 מ""ל",false,,31.90,0.0425,true,1,77226
8410743700303,false,יין קווה קסטילו פרלדה חצי יבש 750 מל,פרלדה,,קסטילו פרלדה חצי יבש,מיליליטרים,750.00,"100 מ""ל",false,,31.90,0.0425,true,1,77224
8410793262936,false,"אסטרייה דאם דאורה ללא גלוטן 330 מ""ל",החברה המרכזית להפצת משקאות בעמ,,דאורה דאם ללא גלוטן,מיליליטרים,330.00,"100 מ""ל",false,,10.90,0.0330,true,1,82177
8411277063049,false,קווה כשרה גאום סרה ב,ג'אום סרה,,קווה ג'אום סרה ברוט,מיליליטרים,750.00,"100 מ""ל",false,,29.90,0.0399,true,1,16797
8411277350118,false,"קאווה ""ג'ום סרה"" חצי יבש",ג'אום סרה,,קווה ג'אום סרה חצי י,יחידה,0.00,יחידה,false,,29.90,0.0000,true,1,16798
8411320334027,false,אורטיז נתחי טונה צהובה בשמן זית (פחית) 1,אורטיז ORTIZ,,ORTIZ-טונה בשמן זית,גרמים,82.00,100 גרם,false,,13.90,0.1695,true,1,33877
8411320382967,false,טונה צהובה בשמן זית (צנצנת) 220 גרם,אורטיז ORTIZ,,טונה צהובה בשמן זית,גרמים,220.00,100 גרם,false,,35.90,0.1632,true,1,73362
8411327521017,false,"מארז בירה סאן מיגל אספסיאל 330 מ""ל + כוס",אבאל יזמות בעמ,,בירה סאן מיגל מארז ר,מיליליטרים,1320.00,"100 מ""ל",false,,24.90,0.0189,true,1,122204
8412168002529,false,מחייה 13 משקה כוהלי בטעם לימונים,אגודת הכורמים -כרמל מזרחי,,מחייה 13% לימונים,מיליליטרים,700.00,"100 מ""ל",false,,49.90,0.0713,true,1,72407
8420708012822,false,קשקבל צאן ספרדי בשלה 200 גר,מיוצר עי קונדיטוריית,,גבינת קשקבל בשלה,גרמים,200.00,100 גרם,false,,22.90,0.1145,true,1,90151
8420708018817,false,גבינת מנצ'גו בשלה 150 גרם,האי נאם סי או אל.טי.,,גבינת מנצ'גו בשלה 15,גרמים,150.00,100 גרם,false,,28.90,0.1927,true,1,65704
8420822130600,false,"ספריי סופר מסיר שומנים 750מ""ל יעקבי","יעקב יעקבי ובניו בע""מ",,סופר מסיר שומנים 750,מיליליטרים,750.00,"100 מ""ל",false,,14.90,0.0199,true,1,118663
8420822130624,false,"ספריי סופר מסיר כתמים 750מ""ל יעקבי","יעקב יעקבי ובניו בע""מ",,סופר מסיר כתמים 750,מיליליטרים,750.00,"100 מ""ל",false,,17.90,0.0239,true,1,118664
8423207206488,false,סלים דליס חטיף דגנים מצופה שוקולד חלב מרבה 6*20 גרם,אף.סי תבליני בגליל ב,,חטיף דגנים מלאים מצו,יחידה,0.00,יחידה,false,,10.90,0.0000,true,1,22513
8423207206495,false,סלים דליס חטיף דגנים מצופה שוקולד מריר מרבה 6*20 גרם,אף.סי תבליני בגליל ב,,חטיף דגנים מלאים מצו,יחידה,0.00,יחידה,false,,10.90,0.0000,true,1,22514
8423207206501,false,סלים דליס חטיף דגנים עם שוקולד חלב מרבה 6*13 גרם,סלים דליס Slim Delis,,מרבה סלים דליס חצי מ,יחידה,0.00,יחידה,false,,10.90,0.0000,true,1,22515
8423207207362,false,חטיפי סלים דליס שוקולד לבן מרבה 6 יחידות,ביסנצ'ורי אס.אל.יו,,חטיף דגנים שוקולד לב,יחידה,0.00,יחידה,false,,10.90,0.0000,true,1,28581
8423207208260,false,מרבה סלים דליס 125 ג' ללא גלוטן שוקולד חלב,ביסנצ'ורי אס.אל.יו,,סלים דליס שוקולד חלב,יחידה,0.00,יחידה,false,,10.90,0.0000,true,1,59985
8423207208680,false,חטיף דגנים שוקולד סלים דליס לילדים מרבה 6 יחידות,ביסנצ'ורי אס.אל.יו,,סלים דליס לילדים עם,יחידה,0.00,יחידה,false,,10.90,0.0000,true,1,61298
8423207208697,false,חטיפי סלים דליס לילדים שוקולד לבן מרבה 6 יחידות,ביסנצ'ורי אס.אל.יו,,סלים דליס לילדים עם,יחידה,0.00,יחידה,false,,10.90,0.0000,true,1,61299
8423207208703,false,חטיפי סלים דליס שוקולד מריר מרבה 6 יחידות,ביסנצ'ורי אס.אל.יו,,סלים דליס לילדים עם,יחידה,0.00,יחידה,false,,10.90,0.0000,true,1,61300
8423207208871,false,פריכיות תירס בטעם טבעי סלים דליס 130 גרם,גורי מוצרי צריכה (1991) בעמ,,פרכיות תירס בטעם טבע,גרמים,130.00,100 גרם,false,,8.90,0.0685,true,1,65225
8423207208888,false,פריכיות תירס בטעם עגבניות ועשבי תיבול סלים דליס 123 ג',גורי מוצרי צריכה (1991) בעמ,,פריכיות תירס בטעם עג,גרמים,123.50,100 גרם,false,,8.90,0.0721,true,1,65084
8423207208895,false,פריכיות תירס בטעם זיתים ועירית סלים דליס 123 ג',גורי מוצרי צריכה (1991) בעמ,,פריכיות תירס בטעם זי,גרמים,123.50,100 גרם,false,,8.90,0.0721,true,1,65085
8423207209885,false,מרבה חטיפי סלים דליס מהדורה מיוחדת שוקולד חלב,סלים דליס Slim Delis,,מרבה סלים דליס מהדור,גרמים,125.00,100 גרם,false,,10.90,0.0872,true,1,71785
8423207210287,false,מרבה סלים דליס שוקולד לבן בטעם יוגורט 120 ג',סלים דליס Slim Delis,,מרבה סלים דליס שוקול,גרמים,120.00,100 גרם,false,,10.90,0.0908,true,1,75094
8423207210928,false,חטיף דגנים מצופה שוקולד חלב ואגוזי לוז - 5 במארז,נוטרישן אנד סנטה קוב,,סלים דליס טופינג אגו,גרמים,90.00,100 גרם,false,,10.90,0.1211,true,1,84608
8423207210942,false,חטיף דגנים מצופה שוקולד לבן ופירות יער,נוטרישן אנד סנטה קוב,,סלים דליס טופינג פיר,גרמים,90.00,100 גרם,false,,10.90,0.1211,true,1,84610
8423207210966,false,חטיף רב דגנים מצופה שוקולד לבן קוקוס ולימון,נוטרישן אנד סנטה קוב,,סלים דליס טופינג קוק,גרמים,90.00,100 גרם,false,,10.90,0.1211,true,1,84609
8423207210980,false,סלים דליס טופינג קליפת תפוז 90 גרם,נוטרישן אנד סנטה קוב,,סלים דליס טופינג קלי,גרמים,90.00,100 גרם,false,,10.90,0.1211,true,1,84639
8424842050016,false,צ'יפס בטעם כמהין 125 גרם רביו,א. סיימן סחר בעמ,,צ'יפס בטעם כמהין,גרמים,130.00,100 גרם,false,,12.90,0.0992,true,1,88551
8424842050030,false,צ'יפס בטעם מלח הימלאי 125 גרם רביו,א. סיימן סחר בעמ,,צ'יפס עם מלח הימלאי,גרמים,125.00,100 גרם,false,,12.90,0.1032,true,1,88549
8424842050085,false,צ'יפס בטעם חרדל ודבש 125 גרם רביו,א. סיימן סחר בעמ,,צ'יפס בטעם חרדל ודבש,גרמים,125.00,100 גרם,false,,12.90,0.1032,true,1,88550
8425206000081,false,ריבת חלב מרדל 450 גרם,גורי מוצרי צריכה (1991) בעמ,,ריבת חלב 450 גר',גרמים,450.00,100 גרם,false,,21.90,0.0487,true,1,32001
8428818164172,false,מלח ים אטלנטי אפור ל,,,מלח ים אטלנטי אפור ל,קילוגרמים,1.00,"ק""ג",false,,14.90,14.9000,true,1,34000
8435495805168,false,"תינוקלין לכביסה לעור רגיש אולימפיק 1.25ק""ג",מולינו ניקולי s.p.a,,"תינוקלין 1.25 ק""ג",קילוגרמים,1.25,"ק""ג",false,,24.90,19.9200,true,1,73353
8435495807605,false,תינוקלין מרכך כביסה היפואלרגני מרוכז 1 ליטר,מולינו ניקולי s.p.a,,תינוקלין מרכך כביסה,ליטרים,1.00,ליטר,false,,17.90,17.9000,false,1,76118
8435495807636,false,תינוקלין ג`ל כביסה בייבי סנסטיב היפואל,ליימן שליסל בע`מ,,תינוקלין ג'ל כביסה 2,ליטרים,2.00,ליטר,false,,29.90,14.9500,true,1,77108
8435495819363,false,תינוקלין מרכך כביסה היפואלרגני 1 ליטר,ליימן שליסל בע`מ,,תינוקלין מרכך כביסה,ליטרים,1.00,ליטר,false,,17.90,17.9000,true,1,117393
8436575292205,false,ארטיק חמשושים מאגדת 15*12 גר',נגה גלידות שותפות מוגבלת,,מאגדת חמושושים,גרמים,220.00,100 גרם,false,,19.50,0.0886,true,1,78224
8445290427120,false,דגני פיטנס Fitness שוקולד מריר ובננה,קבוצת אוסם סחר שותפות מוגבלת,,פיטנס שוקולד מריר וב,גרמים,330.00,100 גרם,false,,21.90,0.0664,false,1,121278
8593868006014,false,"בירה בלו מון 500מ""ל פחית 5.4%",הכרם - משקאות חריפים בעמ,,בירה בלו מון פחית 50,מיליליטרים,500.00,"100 מ""ל",false,,11.90,0.0238,true,1,86970
8594404001418,false,"בירה קוזל כהה בקבוק חוזר 500 מ""ל",פילזנסקי,,בירה קוזל כהה,מיליליטרים,500.00,"100 מ""ל",false,,7.90,0.0158,true,1,31193
8594404005096,false,בירה קוזל פרמיום בהירה 500 מל צכיה,פלזנסקי,,בירה קוזל פרימיום,מיליליטרים,500.00,"100 מ""ל",false,,9.90,0.0198,true,1,75513
8594404115115,false,בירה פילזנר אורקוול פחית 500 מל,פילזן,,פילזנר אורקוול פחית,מיליליטרים,500.00,"100 מ""ל",false,,8.90,0.0178,true,1,121171
8595028418774,false,סכין מדורגת רב שימוש,,,סכין מדורגת רב שימוש,יחידה,0.00,יחידה,false,,17.90,0.0000,true,1,75552
8595028439922,false,קליפס אטימה 5 יח,,,קליפס אטימה 5 יח,יחידה,0.00,יחידה,false,,9.90,0.0000,true,1,64368
8595028440522,false,קולפן כרוב,,,קולפן כרוב,יחידה,0.00,יחידה,false,,19.90,0.0000,true,1,34752
8595028441611,false,זוג מסננות כיור,,,זוג מסננות כיור,יחידה,0.00,יחידה,false,,13.90,0.0000,true,1,66972
8595028441628,false,מסננת סיליקון,,,מסננת סיליקון,יחידה,0.00,יחידה,false,,19.90,0.0000,true,1,58769
8595028498080,false,קולפן דו צדדי,,,קולפן דו צדדי,יחידה,0.00,יחידה,false,,16.90,0.0000,true,1,74720
8606018615827,false,גלידת וניל עם שברי עוגיות אוראו 480 גרם,נגה גלידות שותפות מוגבלת,,גלידת וניל עם שברי ע,גרמים,480.00,100 גרם,false,,17.90,0.0373,true,1,119037
8606018615841,false,גלידה וניל עם ליבת שוקולד חלב מעולה 480 גרם,נגה גלידות שותפות מוגבלת,,גלידת וניל עם ליבת ש,גרמים,480.00,100 גרם,false,,17.90,0.0373,true,1,119038
8606018615865,false,פיינט מילקה קרמל ליבת שוקולד 480 גרם,נגה גלידות שותפות מוגבלת,,גלידת קרמל,גרמים,480.00,100 גרם,false,,17.90,0.0373,true,1,119039
8606109023593,false,"פרוויטה - מיץ תפוחי עץ ואגסים 750 מ""ל",יורוסטנדרט בעמ,,פרוויטה מיץ תפוחי עץ,מיליליטרים,750.00,"100 מ""ל",false,,10.90,0.0145,true,1,89439
8606109023623,false,"פרוויטה - מיץ תפוחי עץ ולימון ליים 750 מ""ל",יורוסטנדרט בעמ,,פרוויטה מיץ תפוח עץ,מיליליטרים,750.00,"100 מ""ל",false,,10.90,0.0145,true,1,89440
8606109023715,false,"פרוויטה - מיץ תפוחי עץ ואפרסקים 750 מ""ל",יורוסטנדרט בעמ,,פרוויטה מיץ תפוחי עץ,מיליליטרים,750.00,"100 מ""ל",false,,10.90,0.0145,true,1,89557
8682139495388,false,צמר גפן מסיר איפור 5,,,צמר גפן מסיר איפור 5,יחידה,0.00,יחידה,false,,7.90,0.0000,true,1,121139
8683130008355,false,מיונז שום לחיץ אמיתי הלמנס 400 גרם,יוניליוור ישראל שיווק בע`מ,,מיונז הלמנס שום לחיץ,גרמים,400.00,100 גרם,false,,12.90,0.0323,true,1,117651
8683130008935,false,"הלמנס קטשיונז 425 גר{הרב רלב""ג}",יוניליוור ישראל שיווק בע`מ,,הלמנס קטשיונז 425 גר,גרמים,425.00,100 גרם,false,,12.90,0.0304,true,1,118658
8683130025581,false,"מרכך כביסה מרוכז אקסטרה ענבר בדין 960 מ""ל",יוניליוור ישראל שיווק בע`מ,,בדין אקסטרה ענבר 960,מיליליטרים,960.00,"100 מ""ל",false,,14.90,0.0155,false,1,120987
8683323063024,false,יוגטה שטיחים בטעם תותי פרוטי 220 גרם,ליימן שליסל בע`מ,,יוגטה שטיחים תותי פר,גרמים,220.00,100 גרם,false,,10.90,0.0495,true,1,66797
8690504081913,false,מקוויטיס טינס מצופה שוקולד חלב 150 גרם,תה ויסוצקי (ישראל) בעמ,,מיקוויטיס ביסקוויטים,גרמים,150.00,100 גרם,false,,10.00,0.0667,true,1,73351
8690504081937,false,מקוויטיס טינס שוקולד חלב וקפוצינו 150 גר,תה ויסוצקי (ישראל) בעמ,,מיקוויטיס ביסקוויטים,גרמים,150.00,100 גרם,false,,10.00,0.0667,true,1,73352
8690504153849,false,גודייבה שוקולד חלב במילוי קרם בטעם פרלין אגוזים 83 גרם,תה ויסוצקי (ישראל)בעמ,,שוקולד חלב קרם אגוזי,גרמים,83.00,100 גרם,false,,13.90,0.1675,true,1,74245
8690504156543,false,טבלת שוקלד חלב ממולא בקרם גנאש שוקולד חלב 88 גר',ביסקוט ביסקווי סילברי,,גודייבה שוקולד חלב מ,גרמים,88.00,100 גרם,false,,13.90,0.1580,true,1,86162
8690637073373,false,תה שחור ברגמוט ארל גריי ליפטון 25 יחידות,יוניליוור ישראל שיווק בע`מ,,תה ארל גריי סרוויס 2,גרמים,50.00,100 גרם,false,,8.00,0.1600,true,1,9498
8690637073434,false,תה ארל גריי בטעם ברגמוט ללא שקית100ש,יוניליוור ישראל שיווק בע`מ,,תה ארל גריי ליפטון 1,גרמים,200.00,100 גרם,false,,27.90,0.1395,true,1,9499
8690637503856,false,ממרח הלמנס כ- 40% פחות שומן לעומת מיונז,יוניליוור ישראל שיווק בע`מ,,ממרח הלמנס לחיץ 355,גרמים,355.00,100 גרם,false,,12.90,0.0363,false,1,86673
8690637504426,false,"קרם ניקוי סיף בניחוח לימון 500 מ""ל",יוניליוור ישראל שיווק בע`מ,,סיף קרם לימון,מיליליטרים,500.00,"100 מ""ל",false,,9.90,0.0198,true,1,118458
8690637505607,false,מרכך כביסה מרוכז בדין אקסטרה בניחוח פינוק כחול,יוניליוור ישראל שיווק בע`מ,,בדין אקסטרה פינוק קל,מיליליטרים,960.00,"100 מ""ל",false,,14.90,0.0155,false,1,90105
8690637555084,false,"מרכך כביסה מרוכז אקסטרה פריחת התפוז בדין 960 מ""ל",יוניליוור ישראל שיווק בע`מ,,בדין אקסטרא לבן 960מ,מיליליטרים,960.00,"100 מ""ל",false,,14.90,0.0155,false,1,2248
8690637704277,false,"שמפו ומרכך לשיער רגיל 600 מ""ל דאב","יוניליוור ישראל שיווק בע""מ",,דאב שמפו יום יומי 2-,מיליליטרים,600.00,"100 מ""ל",false,,15.90,0.0265,false,1,34116
8690637704291,false,שמפו לשיקום אינטנסיבי לשיער פגום,"יוניליוור ישראל שיווק בע""מ",,"דאב שמפו משקם 600 מ""",מיליליטרים,600.00,"100 מ""ל",false,,15.90,0.0265,false,1,34117
8690637704390,false,"מרכך שיער לטיפוח יום יומי דאב 600 מ""ל","יוניליוור ישראל שיווק בע""מ",,דאב מרכך יום יומי 60,מיליליטרים,600.00,"100 מ""ל",false,,15.90,0.0265,false,1,34267
8690637704437,false,שמפו עם שמני הזנה לטיפוח לשיער יבש,יוניליוור ישראל שיווק בע`מ,,דאב שמפו שמני הזנה 6,מיליליטרים,600.00,"100 מ""ל",false,,15.90,0.0265,false,1,34119
8690637835643,false,"תה ירוק לימונית ולאויזה 30 גרם ""ליפטון""",יוניליוור ישראל שיווק בע`מ,,תה ירוק לואיזה ולימו,גרמים,30.00,100 גרם,false,,14.90,0.4967,true,1,69888
8690637842399,false,מאגדת מגנום מיני דאבל פרי יער שוקולד 6 יח' נסטלה,יוניליוור סנאי וי סי,,מאגדת מיני מגנום דאב,יחידה,0.00,יחידה,false,,32.90,0.0000,true,1,72661
8690637858734,false,ג'ל לניקוי כללי בתוספת אקונומיקה בניחוח לימון,יוניליוור ישראל שיווק בע`מ,,סיף ג'ל אקונומיקה לי,מיליליטרים,750.00,"100 מ""ל",false,,10.90,0.0145,true,1,74571
8690637858741,false,ג'ל לניקוי כללי בתוספת אקונומיקה בניחוח רוח ים,יוניליוור ישראל שיווק בע`מ,,סיף ג'ל אקונומיקה רו,מיליליטרים,750.00,"100 מ""ל",false,,10.90,0.0145,true,1,81085
8690637866654,false,תה ירוק קלאסי בדצ 50 מעטפות ללא קפאין,יוניליוור ישראל שיווק בע`מ,,ליפטון תה ירוק קלאסי,יחידה,0.00,יחידה,false,,25.90,0.0000,true,1,75336
8690637871047,false,דאב שמפו בתוספת שמן קוקוס וכורכום 600 מל,"יוניליוור ישראל שיווק בע""מ",,דאב שמפו קוקוס 600 מ,מיליליטרים,600.00,"100 מ""ל",false,,15.90,0.0265,true,1,75379
8690637871061,false,"דאב שמפו עם שמן אבוקדו ותמצית קלנדולה 600 מ""ל",יוניליוור ישראל שיווק בע`מ,,דאב שמפו עם שמן אבוק,מיליליטרים,600.00,"100 מ""ל",false,,15.90,0.0265,true,1,75380
8690637871245,false,הלמנס מיונז אמיתי 395 גר' בקבוק לחיץ.,יוניליוור ישראל שיווק בע`מ,,הלמנס מיונז אמיתי לח,גרמים,395.00,100 גרם,false,,12.90,0.0327,true,1,78447
8690637890666,false,מאגדת מגנום מיני דאבל פיסטוק 6 יח' שטראוס,יוניליוור סנאיי וי ט,,מגנום דאבל פיסטוק מא,גרמים,282.00,100 גרם,false,,32.90,0.1167,true,1,77294
8690637916977,false,מרכך עם שמן קוקוס וכורכום למראה שיער משוקם,יוניליוור ישראל שיווק בעמ,,דאב מרכך קוקוס 600 מ,מיליליטרים,600.00,"100 מ""ל",false,,15.90,0.0265,false,1,79361
8690637916991,false,מרכך דאב עם שמן אבוקדו ותמצית קלנדולה600,"יוניליוור ישראל שיווק בע""מ",,דאב מרכך אבוקדו 600,מיליליטרים,600.00,"100 מ""ל",false,,15.90,0.0265,false,1,79008
8690637946301,false,"בדין - מרכך כביסה אקסטרא בייביי כחול 960 מ""ל",יוניליוור ישראל שיווק בע`מ,,בדין אקסטרא בייבי כח,מיליליטרים,960.00,"100 מ""ל",false,,14.90,0.0155,false,1,82664
8690637946318,false,"מרכך כביסה בדין מרוכז אקסטרה בייבי טלק 960 מ""ל",יוניליוור ישראל שיווק בע`מ,,בדין אקסטרה בייבי צה,מיליליטרים,960.00,"100 מ""ל",false,,14.90,0.0155,false,1,84751
8690637971310,false,"מרכך כביסה מרוכז אקסטרה בניחוח יערת הדבש בדין 960 מ""ל",יוניליוור ישראל שיווק בע`מ,,בדין אקסטרא יערת הדב,מיליליטרים,960.00,"100 מ""ל",false,,14.90,0.0155,false,1,86442
8690637976995,false,"מרכך כביסה מרוכז אקסטרה ורוד סחלבים פראי בדין 960 מ""ל",יוניליוור ישראל שיווק בע`מ,,בדין אקסטרה ורוד 960,מיליליטרים,960.00,"100 מ""ל",false,,14.90,0.0155,false,1,86619
8690637987274,false,דומסטוס קצף לניקוי כללי בתוספת אקונומי,יוניליוור ישראל שיווק בע`מ,,דומסטוס קצף אקונומיק,מיליליטרים,450.00,"100 מ""ל",false,,12.90,0.0287,true,1,87794
8690637987441,false,"מרכך כביסה אקסטרה פרח הכותנה ווניל 960 מ""ל בדין",יוניליוור ישראל שיווק בע`מ,,בדין אקסטרה כותנה ונ,מיליליטרים,960.00,"100 מ""ל",false,,14.90,0.0155,false,1,87725
8690637989612,false,שלגון שמנת בטעם וניל עם ריפל בטעם שוקולד 246 גרם,יונילוור סנאיי וי טיג'\,,מגנום מיני דאבל דולצ,גרמים,246.00,100 גרם,false,,32.90,0.1337,true,1,87715
8690766156367,false,טבלת שוקולד חלב מעולה 90 גר` גודייבה,תה ויסוצקי (ישראל) בעמ,,שוקולד חלב מעולה גוד,גרמים,90.00,100 גרם,false,,14.50,0.1611,true,1,84534
8690766156374,false,גודייבה שוקולד מריר מעולה 72% מוצקי קקאו 72גרם,תה ויסוצקי (ישראל) בעמ,,שוקולד מריר 72% גודי,גרמים,90.00,100 גרם,false,,14.50,0.1611,true,1,83855
8690766156381,false,גודייבה שוקולד מריר 90% מוצקי קקאו 90 גרם,תה ויסוצקי (ישראל) בעמ,,שוקולד מריר מעולה 90,גרמים,90.00,100 גרם,false,,14.50,0.1611,true,1,82665
8690766156404,false,שוקולד מריר מעולה גודייבה תפוז אדום 90 גרם,תה ויסוצקי (ישראל) בעמ,,שוקולד מריר מעולה בט,גרמים,90.00,100 גרם,false,,14.50,0.1611,true,1,82666
8690766156411,false,שוקולד מריר מעולה בטעם פלפל ורוד עם חתיכות תות מסוכר 90 גרם,תה ויסוצקי (ישראל)בעמ,,שוקולד גודייבה מריר,גרמים,90.00,100 גרם,false,,14.50,0.1611,true,1,82808
8690770322079,false,שמרים יבשים 450 גר` בדצ הנמל,הנמל אריזות ושיווק (1984) בעמ,,שמרים יבשים 450 גר,גרמים,450.00,100 גרם,false,,12.90,0.0287,true,1,60527
8690770322598,false,שמרים יבשים פוליבה הנמל 125 גרם,הנמל אריזות ושיווק (1984) בעמ,,שמרים יבשים 125 גר,גרמים,125.00,100 גרם,false,,5.00,0.0400,true,1,60472
8690777204071,false,פלפלים כבושים חריפים סרה 320 גרם,ג. וילי-פוד אינטרנשיונל בע`מ,,SERA פלפלים חריפים כ,גרמים,640.00,100 גרם,false,,10.90,0.0170,true,1,3143
8690777221405,false,פלפל אדום קלוי על האש 650 גר` ויליפוד,ג. וילי-פוד אינטרנשיונל בע`מ,,SERA פלפל אדום קלוי,גרמים,650.00,100 גרם,false,,10.90,0.0168,true,1,3145
8690784516440,false,דאק נוזל לניקוי מתקדם בניחוח לבנדה בודד 750מל,"אס.סי.ג'\ונסון מידרכט, ה",,דאק ג'ל נוזל לבנדר 7,מיליליטרים,750.00,"100 מ""ל",false,,8.90,0.0119,true,1,81611
8690784611442,false,סבון מוצק לניקוי אסלה בניחוח הדרים בתוספת אקונומיקה,דאופלור אס פי אי כונ,,דאק סבון אקטיבי עם א,יחידה,0.00,יחידה,false,,9.90,0.0000,true,1,88333
8690784614665,false,סבון דאק לניקוי אסלה בניחוח ים נתלה,דאופלור אס.פי.אי כונ,,דאק סבון ניקוי אסלה,גרמים,38.60,100 גרם,false,,9.90,0.2565,true,1,74443
8690784614771,false,דאק כדוריות ניקוי אסלה בניחוח רענן,דאופלור אס.פי.אי כונ,,דאק סבון ניקוי אסלה,גרמים,38.60,100 גרם,false,,9.90,0.2565,true,1,74444
8690784616775,false,סבון מוצק לאסלה דאק אקווה בלו 4 ב-1 80 ג,טואלט דאק (ג'ונסון),,דאק אקווה בלו,יחידה,0.00,יחידה,false,,9.90,0.0000,true,1,76218
8693323099107,false,מרשמלו לבבות בטעם תות ווניל,ליימן שליסל בעמ,,יוגטה מרשמלו לבבות 1,גרמים,150.00,100 גרם,false,,8.50,0.0567,true,1,71027
8693495041461,false,קולגייט זוג מברשות שיניים סלים סופט פחם,הנסיך- מפעל לייצור ט,,קולגייט מברשת סלים ס,יחידה,0.00,יחידה,false,,24.90,0.0000,true,1,31120
8693495050333,false,"פלמוליב סבון נוזלי לגבר לימון ירוק 500 מ""ל",קולגייט-פלמוליב,,פלמוליב סבון נוזלי ל,מיליליטרים,500.00,"100 מ""ל",false,,14.90,0.0298,true,1,69128
8693495051002,false,קולגייט מברשת שיניים מיניונים 6+ לילדים,קולגייט פלמוליב,,קולגייט מברשת שיניים,יחידה,0.00,יחידה,false,,9.90,0.0000,true,1,69458
8693495051255,false,מברשת שיניים קולגייט סלים סופט זהב זוג,קולגייט - פלמוליב,,קולגייט מברשות שיניי,יחידה,0.00,יחידה,false,,29.90,0.0000,true,1,70147
8693495052177,false,פלמוליב נטורלס תחליב רחצה זיתים 750 מל,קולגייט פלמוליב,,פלמוליב זיתים 750 מ',מיליליטרים,750.00,"100 מ""ל",false,,19.90,0.0265,true,1,71780
8696219363726,false,סט 4 יח' קופסאות איח,IRAK PLASTIC,,סט 4 יח' קופסאות איח,יחידה,0.00,יחידה,false,,27.90,0.0000,true,1,119591
8697418280333,false,שערות קדאיף מיובשות 500 גרם,פרינסיס און וה אונלו,,LAVALIA-שערות קדאיף,גרמים,500.00,100 גרם,false,,18.90,0.0378,true,1,57502
8697425880090,false,"מגב שיש איכותי 20 ס""מ",אושר א.א יבוא ושיווק כלי בית ב,,"מגב שייש 20 ס""מ",יחידה,0.00,יחידה,false,,6.90,0.0000,true,1,64959
8697437821852,false,כפיות שוקולד חלב ומר,,,כפיות שוקולד חלב ומר,גרמים,54.00,100 גרם,false,,12.90,0.2389,true,1,120023
8697530910743,false,סיגריות פאל מאל כחול קצר מטאליק,גלוברנדס בעמ - שיווק סיגריות,,פאל מאל כחול קצר מטא,יחידה,0.00,יחידה,false,,29.00,0.0000,false,1,4306
8697530910781,false,סיגריות פאל מאל אדום מטאליק,גלוברנדס בעמ - שיווק סיגריות,,פאל מאל אדום מטאליק,יחידה,0.00,יחידה,false,,29.00,0.0000,false,1,4310
8697659229832,false,"פרש אנד מור מילוי למטהר אוויר - ווניל ועץ פראי, 250 מ""ל","יעקב יעקבי ובניו בע""מ",,פרש&מור מילוי לטהר א,מיליליטרים,250.00,"100 מ""ל",false,,9.90,0.0396,true,1,75031
8697659232733,false,"מבשם אריגים פרש כותנה יעקובי 425מ""ל",יעקב יעקבי ובניו בעמ,,מבשם אריגים כותנה יע,מיליליטרים,425.00,"100 מ""ל",false,,12.90,0.0304,true,1,76209
8697659232788,false,"פרש& מור מבשם אריגים קצפת ותות שדה 425 מ""ל","יעקב יעקבי ובניו בע""מ",,פרש&מור מבשם אריגים,מיליליטרים,425.00,"100 מ""ל",false,,9.90,0.0233,true,1,79687
8697659234218,false,"דיסני שמפו פרוזן 600מ""ל",,,דיסני שמפו פרוזן 600,מיליליטרים,600.00,"100 מ""ל",false,,11.90,0.0198,true,1,82984
8697659234249,false,שמפו מיני מאוס 600 מ ל דיסני,פארמה דיל (פ.א.ב.) שיווק והפצה,,דיסני שמפו מיני מאוס,מיליליטרים,600.00,"100 מ""ל",false,,11.90,0.0198,true,1,82985
8697659238544,false,"דיסני אל סבון נוזלי מיני מאוס 400 מ""ל",,,דיסני אל סבון נוזלי,מיליליטרים,400.00,"100 מ""ל",false,,9.90,0.0248,true,1,82993
8697659244880,false,"אל סבון נוזלי דיסני באטמן 400 מ""ל",,,אל סבון נוזלי באטמן,מיליליטרים,430.00,"100 מ""ל",false,,9.90,0.0230,true,1,119922
8697826469092,false,טורטיה קטנה שקדיה 540 גרם 12 יחידות,דין שיווק וקליה 2021 בעמ,,טורטיה קטנה,יחידה,0.00,יחידה,false,,9.90,0.0000,true,1,32038
8710447211052,false,טרזמה בוטניק שמפו להזנה ושיקום 400 מל,"יוניליוור ישראל שיווק בע""מ",,טרזמה שמפו בוטניק 40,מיליליטרים,400.00,"100 מ""ל",false,,17.90,0.0447,true,1,76796
8710447275306,false,דאב קרם ידיים שמן אבוקדו ותמצית קלנדולה,יוניליוור ישראל שיווק בעמ,,דאב קרם ידיים אבוקדו,מיליליטרים,75.00,"100 מ""ל",false,,11.50,0.1533,true,1,78641
8710447275313,false,דאב קרם ידיים שמן קוקוס וחלב שקדים,יוניליוור ישראל שיווק בעמ,,דאב קרם ידיים קוקוס,מיליליטרים,75.00,"100 מ""ל",false,,11.50,0.1533,true,1,78642
8710448580089,false,מיונז אמיתי הולנדי 500מל,רמייה,,REMIA- מיונז אמיתי,מיליליטרים,500.00,"100 מ""ל",false,,11.90,0.0238,true,1,63795
8710448588740,false,רוטב חרדל דבש רמייה 500 גר,וואן האוטן,,רוטב חרדל ודבש רמיה,גרמים,500.00,100 גרם,false,,13.90,0.0278,true,1,76422
8710448595175,false,רוטב ברביקיו ט.מעושן450מ,רמייה,,רוטב ברביקיו מעושן 4,גרמים,450.00,100 גרם,false,,17.90,0.0398,true,1,72695
8710448595182,false,"רוטב ברביקיו מעושן דבש 500 מ""ל DALTON",רמייה,,רוטב ברביקיו מעושן ד,יחידה,0.00,יחידה,false,,17.90,0.0000,true,1,80127
8710496504983,false,דה רויטל - פירורי שוקולד חלב 400 גר,De ruijter,,פיצפוצי שוקולד חלב,גרמים,400.00,100 גרם,false,,21.90,0.0547,true,1,21087
8710502064814,false,עוגיות מרבה שוקולד ציפס במרקם רך 175 גר,בנקטבקריי מרבה בי.וי,,עוגיות שוקולד צ'יפס,גרמים,175.00,100 גרם,false,,8.90,0.0509,true,1,58801
8710502139017,false,עוגיות טריפל שוקולד צ`יפס מרבה (180 גרם),בנקטבקריי מרבה בי.וי,,עוגיות טריפל שוקולד,גרמים,180.00,100 גרם,false,,8.90,0.0494,true,1,10729
8710502194801,false,"עוגיות שוקלד ציפס רכה פירות יער ""מרבה"" 175 גרם",בנקטבקריי מרבה בי.וי,,מרבה עוגיות שוקולד צ,יחידה,0.00,יחידה,false,,8.90,0.0000,true,1,64606
8710502231018,false,מרבה עוגיות מיני שוקולד צ'יפס 175 גרם,ש. שסטוביץ בע`מ,,מרבה עוגיות שוקולד צ,מיליליטרים,175.00,"100 מ""ל",false,,10.90,0.0623,true,1,87376
8710502260032,false,מרבה עוגיות שוקוצ'יפס 150גרם,בנקטבקריי מרבה בי.וי,,מרבה עוגיות שוקולד צ,גרמים,150.00,100 גרם,false,,5.90,0.0393,true,1,61080
8710502279010,false,מרבה עוגיות שוקולד צ'יפס מצופות שוקולד 175 גרם,"י.מרבה ישראל בע""מ",,מרבה עוגיות שוקולד צ,גרמים,175.00,100 גרם,false,,8.90,0.0509,true,1,86621
8710502470028,false,עוגיות שוקולד צ'יפס ממולאות בקרם נוגט,קריניציה ויטמינה אס,,עוגיות נוגטלי שוקולד,גרמים,160.00,100 גרם,false,,8.90,0.0556,true,1,3379
8710502470035,false,מרבה פטיסרי עוגיות נוגטלי במילוי קרם אגו,ש. שסטוביץ בע`מ,,מרבה פטיסרי-עוגיות נ,גרמים,200.00,100 גרם,false,,9.90,0.0495,true,1,120902
8710625282164,false,"קוקטייל פור טו פינה קולדה 700 מ""ל",באוולנד,,קוקטייל פור 2 פינה ק,מיליליטרים,700.00,"100 מ""ל",false,,39.90,0.0570,true,1,83545
8710739494897,false,תחנת רוח וופל טוסט 12 יח במארז 250 גר,BANKETGRORP DE,,וופל טוסט 250 גר',גרמים,250.00,100 גרם,false,,9.90,0.0396,true,1,70644
8710800027573,false,סוכריות מיני בטעם פירות מנטוס 178 גרם,פרפטי ואן מלה ברדה,,מיני מנטוס,גרמים,178.00,100 גרם,false,,12.50,0.0702,true,1,9748
8710800961310,false,סוכריות בטעם תות מנטוס 4*375 גרם,פרפטי ואן מלה ברדה,,מנטוס רביעיה,גרמים,150.00,100 גרם,false,,10.90,0.0727,false,1,2472
8710812001844,false,ריבת מיקס פירות ביתי,,,ריבת מיקס פירות 450,גרמים,450.00,100 גרם,false,,12.90,0.0287,true,1,121386
8710812011102,false,ריבת תות שדה ביתית 450 גרם,,,ריבת תות,גרמים,450.00,100 גרם,false,,10.90,0.0242,true,1,59997
8710847942693,false,טרזמה מרכך לשיער יבש שמן המפ 400 מל,"יוניליוור ישראל שיווק בע""מ",,טרזמה מרכך שמן המפ 4,מיליליטרים,400.00,"100 מ""ל",false,,17.90,0.0447,true,1,117081
8710847973970,false,"תחליב רחצה דאב אלוורה מי עץ שדר, 750 מ""ל",יוניליוור ישראל שיווק בע`מ,,דאב תחליב רחצה אלוור,מיליליטרים,750.00,"100 מ""ל",false,,17.90,0.0239,false,1,87081
8710908326691,false,"תחליב רחצה פרח האדמונית דאב 750 מ""ל",יוניליוור ישראל שיווק בע`מ,,תחליב רחצה דאב אדמונ,מיליליטרים,750.00,"100 מ""ל",false,,17.90,0.0239,false,1,63947
8711000362617,false,לור קפסולות קפה אספרסו לונגו פרופונדו 8,דיפלומט מפיצים (1968) בעמ**,,קפסולות קפה לור 8,גרמים,52.00,100 גרם,false,,16.90,0.3250,true,1,75134
8711000362631,false,קפסולות קפה תואמות נספרסו אוניקס 12 ל'אור 10 יחידות,דיפלומט מפיצים (1968) בעמ**,,קפסולות קפה לור 12,גרמים,52.00,100 גרם,false,,16.90,0.3250,true,1,75135
8711000362655,false,קפסולות קפה אספרסו אבסולו) (9 52 גר`לור,דיפלומט מפיצים (1968) בעמ**,,לור קפסולות אספרסו א,יחידה,0.00,יחידה,false,,16.90,0.0000,true,1,84803
8711000362679,false,קפסולות קפה תואמות נספרסו קולומביה 8 ל'אור 10 יחידות,דיפלומט מפיצים (1968) בעמ**,,קפסולות קפה לור קולו,גרמים,52.00,100 גרם,false,,16.90,0.3250,true,1,79142
8711000362747,false,קפסולות קפה תואמות נספרסו ריסטרטו 11 ל'אור 10 יחידות,דיפלומט מפיצים (1968) בעמ**,,קפסולות קפה לור 11,גרמים,52.00,100 גרם,false,,16.90,0.3250,true,1,75136
8711000371183,false,ג'ייקובס קפסולות קפה אספרסו אינטסו עוצמה 10,ג'ייקובס דאו אגברטס צרפת,,ג'ייקובס קפסולות קפה,גרמים,52.00,100 גרם,false,,14.90,0.2865,true,1,76005
8711000371206,false,ג'ייקובס קפסולות קפה אספרסו ריסטרטו עוצמה 12,ג'ייקובס דאו אגברטס צרפת,,ג'ייקובס קפסולות קפה,גרמים,52.00,100 גרם,false,,14.90,0.2865,true,1,76006
8711000371244,false,"ג'ייקובס קפסולות אספרסו (8) 10 יח', 52ג' לונגו",דיפלומט מפיצים (1968) בעמ**,,ג'ייקובס קפסולות אספ,גרמים,52.00,100 גרם,false,,14.90,0.2865,true,1,84735
8711000431108,false,קפסולות קפה אספרסו הודו (10)52 גר`לור,דיפלומט מפיצים (1968) בעמ**,,קפסולות קפה לור הודו,גרמים,52.00,100 גרם,false,,16.90,0.3250,true,1,79144
8711000471296,false,קפסולות קפה תואמות נספרסו אולטימו 13 ל'אור 10 יחידות,דיפלומט מפיצים (1968) בעמ**,,לור קפסולות אספרסו א,גרמים,52.00,100 גרם,false,,16.90,0.3250,true,1,84565
8711000472040,false,קפסולות קפה אספרסו סלקשיין גייקובס 52 גר,דיפלומט מפיצים (1968) בעמ**,,ג'יקובס קפסולות בית,גרמים,52.00,100 גרם,false,,14.90,0.2865,true,1,90332
8711000495933,false,גייקובס בריסטה קפסול,JDE,,ג'ייקובס בריסטה קפסו,יחידה,0.00,יחידה,false,,18.90,0.0000,true,1,121695
8711000497050,false,קפסולות גייקובס בריס,JDE,,ג'ייקובס בריסטה קפסו,יחידה,0.00,יחידה,false,,18.90,0.0000,true,1,121696
8711200426034,false,חמאת בוטנים קראנצי 350 גר Calve,יוניקורן פיקלס,,חמאת בוטנים קראנצ'י,גרמים,350.00,100 גרם,false,,16.50,0.0471,true,1,80091
8711200443789,false,"חרדל דיז'ון גרגירים בבקבוק לחיץ סיימן 235 מ""ל",מיילי,,חרדל גרגרים 235 גר ל,גרמים,235.00,100 גרם,false,,14.90,0.0634,true,1,77885
8711200443802,false,"חרדל דיזון בבקבוק לחיץ 235 מ""ל",מיילי,,חרדל דיז'ון 235 גר ל,גרמים,235.00,100 גרם,false,,14.90,0.0634,true,1,77817
8711281013345,false,חרדל הולנדי מקורי גרגירים 335 גרם,HUISMAN DE,,חרדל הולנדי גרגרים,גרמים,335.00,100 גרם,false,,10.90,0.0325,true,1,70445
8711327475618,false,מגנום פיינט וניל קלאסיק 260 גר`,"מפעל גלידות בווספרם, רחו",,גלידת מגנום וניל קלא,גרמים,260.00,100 גרם,false,,21.90,0.0842,true,1,86813
8711351010090,false,גלידה סורבה לימונענע,,,גלידה רפאלו סורבה לי,מיליליטרים,750.00,"100 מ""ל",false,,21.90,0.0292,true,1,10343
8711351010113,false,גלידה רפאלו סורבה קו,יעקב בן יקר ובניו.,,גלידה רפאלו סורבה קו,מיליליטרים,750.00,"100 מ""ל",false,,21.90,0.0292,true,1,10344
8711351010120,false,"גלידה סורבה אננס 750 מ""ל",,,גלידה רפאלו סורבה אנ,מיליליטרים,750.00,"100 מ""ל",false,,21.90,0.0292,true,1,10345
8711351010137,false,"גלידה סורבה מנגו 750 מ""ל",יעקב בן יקר ובניו.,,גלידה רפאלו סורבה מנ,מיליליטרים,750.00,"100 מ""ל",false,,21.90,0.0292,true,1,10346
8711351010151,false,גלידה סורבה וניל חלב,,,גלידה איטלקית אש,יחידה,500.00,יחידה,false,,21.90,0.0438,true,1,10347
8711351010182,false,גלידה סורבה פסיפלורה,יעקב בן יקר ובניו.,,גלידה רפאלו סורבה פס,מיליליטרים,750.00,"100 מ""ל",false,,21.90,0.0292,true,1,10348
8711351010199,false,גלידה רפאלו סורבה פי,יעקב בן יקר ובניו.,,גלידה רפאלו סורבה פי,מיליליטרים,750.00,"100 מ""ל",false,,21.90,0.0292,true,1,10349
8711351010205,false,"גלידה סורבה תות 750 מ""ל",,,גלידה רפאלו סורבה תו,מיליליטרים,750.00,"100 מ""ל",false,,21.90,0.0292,true,1,10350
8712000051099,false,"שישיית בירה היינקן 0% אלכוהל בקבוק 330 מ""ל","מבשלת היינקן, ריטבלדנברג",,הייניקן 0% שישייה 33,מיליליטרים,1980.00,"100 מ""ל",false,,32.00,0.0162,false,1,76083
8712100739231,false,תה פיגי 40שקיקים פרמ,,,PG תה שחור פירמידה,גרמים,116.00,100 גרם,false,,17.90,0.1543,true,1,61519
8712400802499,false,תרכובת מזון המשך לפעוטות על בסיס חלב שלב 1,דיפלומט מפיצים (1968) בעמ**,,נוטרילון 1- 800גר,גרמים,800.00,100 גרם,false,,64.90,0.0811,false,1,3382
8712400802512,false,תרכובת מזון המשך לפעוטות על בסיס חלב שלב 2,דיפלומט מפיצים (1968) בעמ**,,נוטרילון 2- 800גר,גרמים,800.00,100 גרם,false,,64.90,0.0811,false,1,3384
8712400802536,false,תרכובת מזון המשך לפעוטות על בסיס חלב שלב 3,דיפלומט מפיצים (1968) בעמ**,,נוטרילון 3- 800גר,גרמים,800.00,100 גרם,false,,64.90,0.0811,false,1,3386
8712561594608,false,"דאב תחליב רחיצה להזנה עמוקה 750 מ""ל",יוניליוור ישראל שיווק בע`מ,,תחליב רחצה דאב 750,מיליליטרים,750.00,"100 מ""ל",false,,17.90,0.0239,false,1,59093
8712561626286,false,תחליב רחצה זוהר כמשי דאב (750 מל),יוניליוור ישראל שיווק בע`מ,,תחליב רחצה דאב 750 מ,מיליליטרים,750.00,"100 מ""ל",false,,17.90,0.0239,false,1,59695
8712561631570,false,"תחליב רחצה קוקוס ויסמין דאב 750 מ""ל",יוניליוור ישראל שיווק בע`מ,,תחליב רחצה דאב 750 מ,מיליליטרים,750.00,"100 מ""ל",false,,17.90,0.0239,false,1,59337
8712561692533,false,ספריי לחות לגוף וזלי,יוניליוור,,ספריי לחות לגוף וזלי,מיליליטרים,190.00,"100 מ""ל",false,,29.90,0.1574,true,1,61357
8714599410530,false,קפה ג`ייקובס קרוננג מיובש בהקפאה 200 ג,דיפלומט מפיצים (1968) בעמ**,,ג'קובס שקית 200 גר,גרמים,200.00,100 גרם,false,,19.90,0.0995,false,1,71710
8714599412336,false,קפה נמס בריסטה אמריקנו קלוי וטחון 160 ג' ג'ייקובס,דיפלומט מפיצים (1968) בעמ**,,ג'ייקובס בריסטה אמרי,גרמים,160.00,100 גרם,false,,22.90,0.1431,false,1,90340
8714599513781,false,"קפה נמס מיובש בהקפאה זהב צנצנת ג'ייקובס 200 גרם לל""ס",דיפלומט מפיצים (1968) בעמ**,,קפה נמס ג'יקובס גולד,גרמים,200.00,100 גרם,false,,24.90,0.1245,false,1,62125
8714599513835,false,גי'קובס קרונונג נייט אנד דיי - נטול קופיאין,דיפלומט מפיצים (1968) בעמ**,,ג'יקובס נטול קופאין,גרמים,200.00,100 גרם,false,,32.90,0.1645,false,1,64605
8714599513866,false,"קפה נמס מיובש בהקפאה קרונג צנצנת ג'ייקובס 200 גרם לל""ס",דיפלומט מפיצים (1968) בעמ**,,ג'קובס קרוננג מיובש,גרמים,200.00,100 גרם,false,,24.90,0.1245,false,1,62499
8714789177229,false,רבעיית מברשות שיניים קולגייט אקסטרה קלין 1 יחידה,הנסיך- מפעל לייצור ט,,רביעיה מברשות שיניים,יח',4.00,יח',false,,9.90,2.4750,true,1,6755
8714789303925,false,מברשת שיניים 360 סנסטיב רכה במיוחד קולגייט 2 יחידות,קולגייט- פלמוליב,,מברשת שיניים קולגייט,יחידה,0.00,יחידה,false,,24.90,0.0000,true,1,6764
8714789402918,false,נוזל לניקוי כללי ורצפות בניחוח פרחי בר אג'קס 1.5 ליטר,הנסיך- מפעל לייצור ט,,אג'קס חגיגת פרחים 1.,ליטרים,1.50,ליטר,false,,19.90,13.2667,true,1,578
8714789402932,false,נוזל לניקוי כללי ורצפות בניחוח ורדי בוקר אג'קס 1.5 ליטר,הנסיך- מפעל לייצור ט,,אג'קס חגיגת פרחים ור,ליטרים,1.50,ליטר,false,,19.90,13.2667,true,1,579
8714789402970,false,נוזל לניקוי כללי ורצפות בניחוח פרחי אביב אגק'ס 1.5 ליטר,הנסיך- מפעל לייצור ט,,אג'קס חגיגת פרחים 1.,ליטרים,1.50,ליטר,false,,19.90,13.2667,true,1,581
8714789450315,false,פלמוליב נוזל כלים לימון 1.5 ליטר,הנסיך- מפעל לייצור ט,,פלמוליב שקוף לכלים 1,ליטרים,1.50,ליטר,false,,15.90,10.6000,false,1,34606
8714789529561,false,"משחת שיניים סנסטיב פרו ריליף להלבנה קולגייט 75 מ""ל",קולגייט-פלמוליב,,קולגייט סנסטיב פרו ר,מיליליטרים,75.00,"100 מ""ל",false,,19.90,0.2653,false,1,588
8714789582764,false,אג'קס ספריי לניקוי חלונות ומשטחים,הנסיך- מפעל לייצור ט,,אג'קס חלונות 750 מל,מיליליטרים,750.00,"100 מ""ל",false,,14.90,0.0199,true,1,32314
8714789740058,false,מברשת שיניים טוויסטר סופט קולגייט 2 יחידות,הנסיך- מפעל לייצור ט,,קולגייט מברשת טוויסט,יחידה,0.00,יחידה,false,,17.90,0.0000,true,1,23431
8714789797786,false,"פלמוליב נוזל לניקוי כלים גריז בלסטר 750 מ""ל",יבואן ומשווק: ש. שסט,,פלמוליב כלים שקוף 4,מיליליטרים,750.00,"100 מ""ל",false,,9.90,0.0132,false,1,23317
8714789834467,false,פלמוליב נוזל לניקוי כלים קלאסי 1.5 ליטר,קולגייט-פלמוליב,,פלמוליב כלים קלאסי 1,ליטרים,1.50,ליטר,false,,15.90,10.6000,true,1,25951
8714789930848,false,"משחת שיניים אופטיק וייט הלבנה מיידית קולגייט 75 מ""ל",איינשטיין-צור יבוא-יצוא וסחר ב,,קולגייט משחת אופטיק,מיליליטרים,75.00,"100 מ""ל",false,,16.90,0.2253,true,1,31416
8715035520301,false,פונזו רוטב יפני מסורתי מבוסס על רוטב סויה ולימון,דיפלומט מפיצים (1968) בעמ**,,קיקומן רוטב יפני מסו,מיליליטרים,250.00,"100 מ""ל",false,,18.90,0.0756,true,1,78318
8715300238306,false,חמאה הולנדית ללא מלח 200 גרם,בני ג`ורג` שוקחה (חיפה) בעמ,,חמאה הולנדית ללא מלח,גרמים,200.00,100 גרם,false,,12.90,0.0645,true,1,121238
8715700110141,false,מיונז קרמי היינץ צנצנת 460ג',דיפלומט מפיצים (1968) בעמ**,,מיונז היינץ 460 גר,גרמים,460.00,100 גרם,false,,9.90,0.0215,false,1,71358
8715700110158,false,היינץ ממרח במרקם קרמי צנצנת 490 גרם,דיפלומט מפיצים (1968) בעמ**,,מיונז לייט צנצנת הי,גרמים,490.00,100 גרם,false,,9.90,0.0202,false,1,71359
8715700115641,false,ממרח מיונז לחיץ לייט במרקם קרמי 420 ג' היינץ,דיפלומט מפיצים (1968) בעמ**,,ממרח היינץ 420 גר,גרמים,420.00,100 גרם,false,,14.90,0.0355,true,1,70331
8715700117805,false,"קטשופ היינץ מתבל עגבניות ללא תוספת סוכר ומלח 425 מ""ל",דיפלומט מפיצים (1968) בעמ**,,קטשופ היינץ ללא תוספ,מיליליטרים,400.00,"100 מ""ל",false,,9.90,0.0248,false,1,82651
8715700118925,false,היינץ מתבל עגבניות חריף 460 גר`,דיפלומט מפיצים (1968) בע`מ,,קטשופ היינץ חריף,גרמים,460.00,100 גרם,false,,11.90,0.0259,true,1,122231
8715700120874,false,מתבל עגבניות היינץ בתוספת שום,דיפלומט מפיצים (1968) בעמ**,,קטשופ היינץ שום,גרמים,460.00,100 גרם,false,,9.90,0.0215,false,1,117133
8715700419695,false,רוטב ברביקיו מתוק היינץ 500 גרם,דיפלומט מפיצים (1968) בעמ**,,רוטב ברבקיו מתוק,גרמים,500.00,100 גרם,false,,15.90,0.0318,true,1,70746
8715700419732,false,מתבל עגבניות היינץ (700 גרם),דיפלומט מפיצים (1968) בעמ**,,קטשופ היינץ 700 גר,גרמים,700.00,100 גרם,false,,9.90,0.0141,false,1,31186
8715700421322,false,היינץ רוטב ברביקיו צ'ילי 490 גרם,דיפלומט מפיצים (1968) בעמ**,,רוטב ברבקיו בטעם צ'י,גרמים,490.00,100 גרם,false,,15.90,0.0324,true,1,70522
8715700422473,false,ממרח לכריכים וסלטים ללא ח. משמרים היינץ 395 גרם,דיפלומט מפיצים (1968) בעמ**,,ממרח היינץ 395 גר,גרמים,395.00,100 גרם,false,,14.90,0.0377,true,1,66366
8715700423906,false,היינץ מתבל עגבניות מופחת סוכר ומלח 50/50 550 גרם,דיפלומט מפיצים (1968) בעמ**,,מתבל עגבניות היינץ,גרמים,555.00,100 גרם,false,,9.90,0.0178,true,1,72305
8717163607305,false,דאב סבון מוצק גרגירים לעיסוי עדין *4,יוניליוור ישראל שיווק בע`מ,,רביעיה דאב גרגרי,גרמים,400.00,100 גרם,false,,13.90,0.0348,false,1,2257
8717163647196,false,אקס דאודורנט בודי ספריי אנרכי לאשה,יוניליוור ישראל שיווק בע`מ,,אקס ספריי גוף אנרכי,מיליליטרים,150.00,"100 מ""ל",false,,11.90,0.0793,false,1,78633
8717163647226,false,"אקס דאודורנט ספריי גוף בלאק 150 מ""ל",יוניליוור ישראל שיווק בע`מ,,דאודורנט אקס ספריי ג,מיליליטרים,150.00,"100 מ""ל",false,,11.90,0.0793,false,1,78778
8717163647240,false,"אקס דאודורנט ספריי גוף לגבר שוקולד 150 מ""ל",יוניליוור ישראל שיווק בע`מ,,דאודורנט אקס ספריי ג,מיליליטרים,150.00,"100 מ""ל",false,,11.90,0.0793,false,1,78634
8717163647264,false,"אקס דאודורנט ספריי גוף אייס צ'יל 150 מ""ל",יוניליוור ישראל שיווק בע`מ,,אקס דאודורנט ספריי ג,מיליליטרים,150.00,"100 מ""ל",false,,11.90,0.0793,false,1,77819
8717163655757,false,רקסונה דאו ספריי אינביזיבל,"יוניליוור אנגליה, דרך קו",,דאודורנט רקסונה ספרי,מיליליטרים,150.00,"100 מ""ל",false,,14.90,0.0993,true,1,80465
8717163655764,false,"רקסונה - דאודורנט ספריי לאישה שוואר פרש 150 מ""ל","יוניליוור ישראל שיווק בע""מ",,דאודורנט רקסונה ספרי,מיליליטרים,150.00,"100 מ""ל",false,,14.90,0.0993,true,1,80461
8717163947692,false,"אקס ג'ל רחצה לגבר פרש ברגמוט ופינק פפר 400 מ""ל",יוניליוור ישראל שיווק בע`מ,,אקס ג'ל רחצה פינק פפ,מיליליטרים,400.00,"100 מ""ל",false,,15.00,0.0375,true,1,82855
8717644390566,false,דאב סבון מוצק רביעייה- מלפפונים ותה ירו,יוניליוור ישראל שיווק בע`מ,,סבון דאב מוצק ירוק ר,גרמים,400.00,100 גרם,false,,13.90,0.0348,false,1,2259
8717677336593,false,טוניס שוקולד חלב 180 גרם רבנות - נוכרי,ליימן שליסל בע`מ,,טוניס שוקולד חלב,גרמים,180.00,100 גרם,false,,18.90,0.1050,true,1,118836
8717677336616,false,שוקולד מריר עם שקדים ומלח טוניס' שוקולונלי 180 גרם,ליימן שליסל בע`מ,,טוניס שוקולד מריר עם,גרמים,180.00,100 גרם,false,,18.90,0.1050,true,1,118837
8717677336630,false,שוקולד חלב עם שקדים ודבש טוניס' שוקולונלי 180 גרם,ליימן שליסל בע`מ,,טוניס שוקולד חלב עם,גרמים,180.00,100 גרם,false,,18.90,0.1050,true,1,118838
8717677336654,false,טוניס - שוקולד חלב מעולה עם שברי קרמל מלוח,ליימן שליסל בע`מ,,טוניס שוקולד חלב עם,גרמים,180.00,100 גרם,false,,18.90,0.1050,true,1,121368
8717677336661,false,טוניס שוקולד מריר מעולה 70% 180 גרם רבנות - נוכרי,ליימן שליסל בע`מ,,טוניס שוקולד מריר מע,גרמים,180.00,100 גרם,false,,18.90,0.1050,true,1,118839
8717677338436,false,שוקולד חלב עם אגוזי לוז טוניס' שוקולונלי 180 גרם,ליימן שליסל בע`מ,,טוניס שוקולד חלב עם,גרמים,180.00,100 גרם,false,,18.90,0.1050,true,1,118840
8718114734484,false,ממרח מיוני מיילי 320 גרם,א. סיימן סחר בעמ,,מיונז דיילי 320גר,גרמים,320.00,100 גרם,false,,12.90,0.0403,true,1,47116
8718951001589,false,"ספריי מסיר שומנים במטבח 600 מ""ל ""א'גקס""",הנסיך- מפעל לייצור ט,,אג'קס ספריי מסיר שומ,מיליליטרים,600.00,"100 מ""ל",false,,14.90,0.0248,true,1,59434
8718951001602,false,ספריי רב פעולות אג`קס (600 מל)-יבוא מקב,הנסיך- מפעל לייצור ט,,אג'קס ספריי רב פעולו,מיליליטרים,600.00,"100 מ""ל",false,,14.90,0.0248,true,1,59436
8718951030206,false,"קולגייט סנסיטיב פרוטקשן משחת שיניים לשיניים רגישות 75 מ""ל",קולגייט-פלמוליב,,קולגייט סנסיטיב מולט,מיליליטרים,75.00,"100 מ""ל",false,,14.90,0.1987,true,1,82875
8718951044913,false,משחת שיניים הלבנה מרידול (75 מל),קולגייט פלמוליב,,מרידול משחת שיניים ה,מיליליטרים,75.00,"100 מ""ל",false,,21.90,0.2920,true,1,59265
8718951048669,false,אג'קס ספריי לניקוי חלונות בניחוח חגיגת הפרחים,ש.שסטוביץ בעמ,,אג'קס ספריי לניקוי ח,100 מל,750.00,100 מל,false,,14.90,0.0199,true,1,119234
8718951079205,false,"קולגייט סנסיטיב פרו רליף רפיר אנד פריוונט 75 מ""ל",קולגייט-פלמוליב,,קולגייט סנסיטיב פרו,מיליליטרים,75.00,"100 מ""ל",false,,19.90,0.2653,true,1,71062
8718951160897,false,ספריי אקונומיקה עוצמת ה7 טריגר אגקס 500מ,קולגייט-פלמוליב,,אג'קס עוצמת ה7 טריגר,מיליליטרים,500.00,"100 מ""ל",false,,14.90,0.0298,true,1,69231
8718951166288,false,"משחת שיניים קולגייט מקס וייט 125 מ""ל",הנסיך- מפעל לייצור ט,,קולגייט משחת מקס ויי,מיליליטרים,125.00,"100 מ""ל",false,,15.90,0.1272,true,1,75628
8718951166561,false,משחת שיניים לרעננות מוגברת max fresh cooling crystals,הנסיך- מפעל לייצור ט,,קולגייט משחת מקס פרש,מיליליטרים,125.00,"100 מ""ל",false,,15.90,0.1272,true,1,75629
8718951167094,false,נוזל כלים פלמוליב צילינדר תפוז וליים 1 ל,יבואן ומשווק: ש. שסט,,פלמוליב צילינדר תפוז,ליטרים,1.00,ליטר,false,,13.90,13.9000,false,1,71522
8718951236790,false,"קולגייט טוטאל משחת שיניים קלין מינט לפה בריא 100 מ""ל",קולגייט פלמוליב,,קולגייט טוטל קלין מי,מיליליטרים,100.00,"100 מ""ל",false,,16.90,0.1690,true,1,76517
8718951236806,false,"קולגייט טוטאל הלבנה משחת שיניים המסייעת בהסרת כתמים 100 מ""ל",ש. שסטוביץ בע`מ,,קולגייט טוטל הלבנה מ,מיליליטרים,100.00,"100 מ""ל",false,,16.90,0.1690,true,1,76518
8718951236813,false,"קולגייט טוטאל משחת שיניים ניקוי מתקדם לפה בריא יותר 100 מ""ל",קולגייט פלמוליב,,קולגייט טוטאל אדוונס,מיליליטרים,100.00,"100 מ""ל",false,,16.90,0.1690,true,1,79463
8718951240742,false,"קולגייט טוטאל משחת שיניים פסים מרעננים 100 מ""ל",איינשטיין-צור יבוא-יצוא וסחר ב,,קולגייט טוטל פסים מר,מיליליטרים,100.00,"100 מ""ל",false,,16.90,0.1690,true,1,76514
8718951247871,false,"מרסס אגקס טריגר לשירותים 500 מ""ל",ש.שסטוביץ בעמ,,אג'קס טריגר לשירותים,מיליליטרים,500.00,"100 מ""ל",false,,14.90,0.0298,true,1,81812
8718951259409,false,"פלמוליב תחליב רחצה נטורלס לעור עדין 750 מ""ל",קולגייט פלמוליב,,פלמוליב נטורלס תחליב,מיליליטרים,750.00,"100 מ""ל",false,,19.90,0.0265,true,1,121756
8718951264618,false,"קולגייט אופטיק וייט פחם צ'רקול משחת שיניים, 75 מ""ל",איינשטיין-צור יבוא-יצוא וסחר ב,,קולגייט אופטיק וייט,מיליליטרים,75.00,"100 מ""ל",false,,25.90,0.3453,true,1,82680
8718951286733,false,"קולגייט אופטיק וייט לסטינג וייט משחת שיניים 75 מ""ל",ש. שסטוביץ בע`מ,,קולגייט אופטיק וויט,מיליליטרים,75.00,"100 מ""ל",false,,25.90,0.3453,true,1,117089
8718951289833,false,פלמוליב סבון מוצק רביעייה לומינוס 360 ג,קולגייט פלמוליב,,פלמוליב סבון מוצק לו,גרמים,360.00,100 גרם,false,,17.00,0.0472,true,1,81055
8718951315303,false,"קולגייט אדומה משחת שיניים להגנה מפני עששת 2*100 מ""ל",קולגייט-פלמוליב,,קולגייט אדומה ביטיוב,מיליליטרים,200.00,"100 מ""ל",false,,19.90,0.0995,true,1,83780
8718951333048,false,"פלמוליב סבון לידיים למטבח, 300 מ""ל",הנסיך- מפעל לייצור ט,,פלמוליב סבון ידיים ל,מיליליטרים,300.00,"100 מ""ל",false,,10.90,0.0363,true,1,87799
8718951334120,false,"סופלין מרכך כביסה מרוכז לבנדר 650 מ""ל",ש.שסטוביץ בעמ,,סופלין מרכך כביסה מר,מיליליטרים,650.00,"100 מ""ל",false,,9.90,0.0152,true,1,83228
8718951334151,false,"סופלין מרכך כביסה מרוכז היפואלרגני 650 מ""ל",ש.שסטוביץ בעמ,,סופלין מרכך כביסה מר,מיליליטרים,650.00,"100 מ""ל",false,,9.90,0.0152,true,1,120563
8718951338128,false,"ליידי ספיד סטיק רול און שאוור פרש 50 מ""ל",קולגייט פלמוליב,,ליידי ספיד סטיק רול,מיליליטרים,50.00,"100 מ""ל",false,,14.90,0.2980,true,1,90131
8718951345119,false,נוזל לניקוי רצפות וכללי היביסקוס 2 ליטר,הנסיך- מפעל לייצור ט,,אג'קס ניקוי כללי היב,ליטרים,2.00,ליטר,false,,22.90,11.4500,true,1,86662
8718951350137,false,"פלמוליב תחליב רחצה מקדמיה וקקאו עם חמאת שיאה 750 מ""ל",קולגייט פלמוליב,,פלמוליב נטורלס תחליב,מיליליטרים,750.00,"100 מ""ל",false,,19.90,0.0265,true,1,121757
8718951354807,false,נוזל רצפות אגקס חגיגת הפרחים יסמין 1.5 ל,קולגייט פלמוליב,,אג'קס חגיגת הפרחים י,מיליליטרים,1500.00,"100 מ""ל",false,,19.90,0.0133,true,1,85780
8718951381292,false,"משחת שיניים מקס דיטוקס פואם קולגייט 125 מ""ל",ש. שסטוביץ בע`מ,,קולגייט משחת מקס דיט,מיליליטרים,125.00,"100 מ""ל",false,,15.90,0.1272,true,1,87248
8718951382787,false,"משחת שיניים אופטיק וויט חימר ומינרלים 75 מ""ל קולגייט",ש.שסטוביץ בעמ,,קולגייט אופטיק וויט,מיליליטרים,75.00,"100 מ""ל",false,,25.90,0.3453,true,1,118616
8718951385290,false,אג`קס ניקוי כללי עוצמת ב -7כחול 2 ליטר,קולגייט פלמוליב,,אג'קס ניקוי כללי עוצ,ליטרים,2.00,ליטר,false,,22.90,11.4500,true,1,87481
8718951409798,false,זוג מברשות שיניים מקס וויט פחם קולגייט,הנסיך- מפעל לייצור ט,,קולגייט מברשת מקס וו,יחידה,0.00,יחידה,false,,23.90,0.0000,true,1,89171
8718951412378,false,משחת שיניים לחניכיים רגישות ולנשימה רעננה,קולגייט פלמוליב,,מרידול משחת שיניים נ,מיליליטרים,75.00,"100 מ""ל",false,,24.90,0.3320,true,1,120778
8718951433120,false,קולגייט טוטאל משחת שיניים לילדים לגילאי,קולגייט פלמוליב,,קולגייט טואל ג'וניור,מיליליטרים,50.00,"100 מ""ל",false,,15.90,0.3180,true,1,121135
8718951446564,false,"סבון נוזלי מומנטס עץ אלגום ולבנדר 500 מ""ל פלמוליב",ש.שסטוביץ בעמ,,פלמוליב סבון גוף מומ,100 מל,500.00,100 מל,false,,14.90,0.0298,true,1,119928
8718951470323,false,קולגייט סופט פואם פחם זוג מברשות שיניים,קולגייט פלמוליב,,קולגייט זוג מברשות ס,יחידה,0.00,יחידה,false,,29.90,0.0000,true,1,120777
8718951477384,false,"קולגייט משחת שיניים טוטאל ג'ל מתקדם פיור 75 מ""ל",קולגייט פלמוליב,,משחת שיניים קולגייט,מיליליטרים,75.00,"100 מ""ל",false,,19.90,0.2653,true,1,118755
8718951509627,false,"קולגייט אופטיק וייט לאוהבי קפה ותה משחת שיניים 75 מ""ל",קולגייט פלמוליב,,קולגייט אופטיק וויט,מיליליטרים,75.00,"100 מ""ל",false,,25.90,0.3453,true,1,119962
8719128117249,false,"סירופ פפסי מקס 440 מ""ל סודהסטרים",סודהסטרים ישראל בעמ,,סירופ פפסי מקס 440 מ,מיליליטרים,440.00,"100 מ""ל",false,,21.90,0.0498,true,1,88862
8719128118734,false,סודה סטרים - מילוי מיכל גז CQC עד 60 ליטר,סודה סטרים ישראל בעמ,,מילוי מיכל גז CQC עד,יחידה,0.00,יחידה,false,,56.90,0.0000,false,1,121801
8719200998001,false,מרגרינה לאפיה ובישול בלי מלח 200 ג' בלו בנד,יוניליוור ישראל מזון בע\,,בלובנד בלי מלח 200 ג,גרמים,200.00,100 גרם,false,,4.50,0.0225,false,1,80805
8719200998018,false,מחמאה מרגרינה בטעם חמאה בלובנד 200 גרם,"מיוצר ע""\י יוניליוור ישר",,מחמאה ב.בנד 200 גרם,גרמים,200.00,100 גרם,false,,4.60,0.0230,false,1,80830
8719200998032,false,"מרגרינה מזולה גלורי טעם חמאה 250גר 8 יחידות - כשל""פ","מיוצר ע""\י יוניליוור ישר",,מזולה גלורי טעם חמאה,גרמים,250.00,100 גרם,false,,9.90,0.0396,false,1,80822
8719200998049,false,"מרגרינה מזולה גלורי רגיל 250גר 8 יחידות -כשל""פ","מיוצר ע""\י יוניליוור ישר",,מזולה גלורי רגיל 250,גרמים,250.00,100 גרם,false,,9.50,0.0380,false,1,80820
8719200998094,false,"מרגרינה מזולה לאפיה ללא תוספת מלח 200גר - 40 יח' -כשל""פ","מיוצר ע""\י יוניליוור ישר",,מזולה לאפיה ללא מלח,גרמים,200.00,100 גרם,false,,6.50,0.0325,false,1,80828
8719200998100,false,מרגרינה מזולה לאפיה טעם חמאה 200גר - 40 יח',דיפלומט מפיצים (1968) בעמ**,,מזולה לאפיה בטעם חמא,גרמים,200.00,100 גרם,false,,6.50,0.0325,false,1,80829
8720100012445,false,וופל טוסט בלגי 6 יח 250 גרם בקרסלנד,דה בנקט גרופ,,בקרסלנד-וופל טוסט בל,גרמים,250.00,100 גרם,false,,9.90,0.0396,false,1,13442
8720181045912,false,"אקס דאודורנט ספריי גוף אפריקה 150 מ""ל",יוניליוור ישראל שיווק בע`מ,,אקס דאודורנט ספריי א,מיליליטרים,150.00,"100 מ""ל",false,,11.90,0.0793,true,1,85632
8720181046605,false,דאב - דאודורנט ספריי לאישה אורגינל כחול 150מל,יוניליוור ישראל שיווק בע`מ,,דאב דאודורנט ספריי א,מיליליטרים,150.00,"100 מ""ל",false,,16.90,0.1127,true,1,86592
8720181090202,false,"תחליב רחצה דאב עם שמן זית, 750 מ""ל",יוניליוור ישראל שיווק בע`מ,,דאב תחליב רחצה שמן ז,מיליליטרים,750.00,"100 מ""ל",false,,17.90,0.0239,false,1,88615
8720181090219,false,תחליב רחצה רימונים ותמצית פרח היביסקוס,יוניליוור ישראל שיווק בע`מ,,דאב תחליב רחצה רימונ,גרמים,750.00,100 גרם,false,,17.90,0.0239,false,1,89648
8722100023377,false,מיונז הולנדי גאודס 850 גר,גאוד'ס,,מיונז בקבוק לחיץ 850,מיליליטרים,850.00,"100 מ""ל",false,,31.90,0.0375,true,1,83356
8722700197508,false,"גלייז חומץ בלסמי 250מ""ל",א. סיימן סחר בעמ,,גלייז חומץ בלסמי,מיליליטרים,250.00,"100 מ""ל",false,,31.90,0.1276,true,1,121517
8723400782544,false,מנטוס סוכריות לעיסה בתפזורת בטעם מנטה 160 ג',ליימן שליסל בע`מ,,מנטוס תפזורת בשקית מ,גרמים,160.00,100 גרם,false,,9.90,0.0619,true,1,73862
8801055706440,false,מנות אישיות קפה נמס טייסטרס צ'ויס Taster's Choice,קבוצת אוסם סחר-שות.מוגבלת,,טייסטר צ'ויס טו גו 2,גרמים,36.00,100 גרם,false,,11.50,0.3194,true,1,6355
8801055707966,false,קפה טייסטרס צ`ויס בריסטה נסקפה (180 גרם),קבוצת אוסם סחר שותפות מוגבלת,,טסטר צו'יס בריסטה 18,גרמים,180.00,100 גרם,false,,31.90,0.1772,false,1,63811
8801055708772,false,קפה נמס טייסטרס צ`ויס 200 גר+ מילוי 50,קבוצת אוסם סחר-שות.מוגבלת,,מארז טסטר צו'יס 20,גרמים,250.00,100 גרם,false,,29.90,0.1196,false,1,74376
8801055709427,false,קפה נמס טסטר'ס צ'ויס אלטה ריקה 100 גרם,קבוצת אוסם סחר שותפות מוגבלת,,קפה נמס טסטר צוייס א,גרמים,100.00,100 גרם,false,,24.90,0.2490,false,1,90152
8801055709458,false,אבקה להכנת משקה קפה בטעם קפוצ'ינו קרמל,קבוצת אוסם סחר שותפות מוגבלת,,נסקפה קפוצ'ינו בטעם,גרמים,170.00,100 גרם,false,,19.00,0.1118,true,1,118937
8801055709465,false,אבקה להכנת משקה קפה בטעם קפוצ'ינו וניל,קבוצת אוסם סחר שותפות מוגבלת,,נסקפה קפוצ'ינו בטעם,גרמים,185.00,100 גרם,false,,19.00,0.1027,true,1,118938
8801055709472,false,נסטלה - נסקפה קפוצ'ינו קלאסי 12.50 גרם * 10,קבוצת אוסם סחר שותפות מוגבלת,,נסקפה קפוצ'ינו קלאסי,גרמים,125.00,100 גרם,false,,19.00,0.1520,true,1,118939
8801055709489,false,אבקה להכנת משקה קפה בטעם קפוצ'ינו אגוזים,קבוצת אוסם סחר שותפות מוגבלת,,נסקפה קפוצ'ינו בטעם,גרמים,180.00,100 גרם,false,,19.00,0.1056,true,1,118940
8801055709526,false,אבקה להכנת משקה קפה בטעם קפוצ'ינו שוקולד לבן,קבוצת אוסם סחר שותפות מוגבלת,,נס קפה קפוצ'ינו שוקו,גרמים,180.00,100 גרם,false,,19.00,0.1056,true,1,120645
8802241131664,false,חטיף אצות קלויות עם מלח ים Laverland Crunch,טחנת האבן קואופ בעמ,,חטיף אצות ים קלויות,גרמים,40.50,100 גרם,false,,22.90,0.5654,true,1,69597
8802241131671,false,חטיף אצות בטעם ווסאבי 4.5/9gr,טחנת האבן קואופ בעמ,,חטיף אצות בטעם ווסאב,יחידה,0.00,יחידה,false,,23.90,0.0000,true,1,80794
8802241132821,false,חטיף אצות קלויות עם מלח 3 * 13.5 ג',"מאן גו'ן פוד בע""מ",,חטיף אצות קלויות עם,גרמים,13.50,100 גרם,false,,9.90,0.7333,true,1,74073
8809022084324,false,קוצץ ערמונים,,,קוצץ ערמונים,יחידה,0.00,יחידה,false,,14.90,0.0000,true,1,70502
8850122103040,false,אטריות שעועית דאבל ק,,,אטריות שעועית דאבל ק,גרמים,200.00,100 גרם,false,,7.90,0.0395,true,1,120850
8850122103347,false,מארז סיבי שעועית דאב,,,מארז סיבי שעועית דאב,גרמים,400.00,100 גרם,false,,18.90,0.0472,true,1,120853
8850122201111,false,שבבי שעועית דאבל דרג,,,שבבי שעועית דאבל דרג,גרמים,190.00,100 גרם,false,,14.90,0.0784,true,1,120852
8850161161247,false,קוקו מקס 100% מי קוקוס 1 ליטר,טויו סייקאן קו.אל.טי.די,,מי קוקוס קוקו מקס 1,ליטרים,1.00,ליטר,false,,16.90,16.9000,true,1,78656
8850161167089,false,קוקו וואי משקה קוקוס 1 ליטר,טויו טייקאן קו.אל.טי.די,,חלב קוקוס קוקו וואי,ליטרים,1.00,ליטר,false,,15.90,15.9000,true,1,78657
8850367990443,false,"רוטב לסלט בסגנון אסייאתי 285 מ""לTCC (כ)ללא גלוטן",מזרח ומערב יבוא ושיווק,,רוטב לסלט בסגנון אסי,מיליליטרים,285.00,"100 מ""ל",false,,13.50,0.0474,true,1,73264
8850367992164,false,קרם קוקוס 250 מל 20-22% ללא חומר משמר,מזרח ומערב יבוא ושיווק,,קרם קוקוס ללא גלוטן,מיליליטרים,250.00,"100 מ""ל",false,,8.50,0.0340,true,1,64395
8850367992171,false,קרם קוקוס 1 ליטר 20-22% ללא חומר משמר,מזרח ומערב יבוא ושיווק,,קרם קוקוס ללא גלוטן,ליטרים,1.00,ליטר,false,,21.90,21.9000,true,1,34316
8850372000380,false,מקלוני שעועית תאילנדים 10 יח',סיטינאן,,מקלוני שעועית,יחידה,400.00,יחידה,false,,18.90,0.0472,true,1,26023
8850372000472,false,מקלוני שעועית תאילנד,טחנת האבן קואופ בעמ,,מקלוני שעועית,גרמים,200.00,100 גרם,false,,8.90,0.0445,true,1,11900
8850389103111,false,סאפי משקה אלוורה בטעם ענבים 300מל,פארייפאבה אגרואינדוס,,משקה סאפה אלוורה ענב,מיליליטרים,300.00,"100 מ""ל",false,,7.00,0.0233,true,1,2990
8850389103128,false,"משקה קל סאפה בטעם תפוח 300 מ""ל",פארייפאבה אגרואינדוס,,משקה סאפה אלוורה תפו,מיליליטרים,300.00,"100 מ""ל",false,,7.00,0.0233,true,1,2991
8850389103159,false,"משקה ליצ'י עם חתיכות גלי קוקוס 320 מ""ל מוגו מוגו",סאפה פובליק קומפני לימיט,,מוגו מוגו ליצ'י עם ח,מיליליטרים,320.00,"100 מ""ל",false,,6.90,0.0216,true,1,118989
8850389104637,false,"משקה קל סאפה אלוורה אפרסק 300 מ""ל",פארייפאבה אגרואינדוס,,סאפה אלוורה אפרסק,מיליליטרים,300.00,"100 מ""ל",false,,7.00,0.0233,true,1,10207
8850389105825,false,משקה אלוורה בטעם ענבים סאפה 1 ליטר,סאפה פובליק קומפני לימיט,,סאפה אלוורה ענבים 1,ליטרים,1.00,ליטר,false,,12.90,12.9000,true,1,2992
8850389105832,false,סאפה משקה אלוורה בטעם תפוח עם קוביות אלוורה 1 ליטר,סאפה פובליק קומפני לימיט,,סאפה אלוורה תפוח 1 ל,ליטרים,1.00,ליטר,false,,12.90,12.9000,true,1,10208
8850389105849,false,סאפה משקה אלוורה מופחת קלוריות בטעם אפרסק 1 ליטר,סאפה פובליק קומפני לימיט,,סאפה אלוורה אפרסק 1,ליטרים,1.00,ליטר,false,,12.90,12.9000,true,1,2993
8850389111352,false,"משקה מלון עם חתיכות גלי קוקוס 320 מ""ל מוגו מוגו",סאפה פובליק קומפני לימיט,,מוגו מוגו מלון עם חת,מיליליטרים,320.00,"100 מ""ל",false,,6.90,0.0216,true,1,118990
8850389115336,false,משקה אלוורה בטעם מלון סאפה 1 ליטר,סאפה פובליק קומפני לימיט,,סאפה מלון בקבוק ליטר,ליטרים,1.00,ליטר,false,,12.50,12.5000,true,1,72864
8850632601098,false,סוכריית גומי חמוצה,,,סוכריית גומי חמוצה,גרמים,40.00,100 גרם,false,,3.50,0.0875,true,1,32255
8850632601104,false,פס טעים יער 40 ג' 1/24 (8),,,סוכריית גומי חמוצה,גרמים,40.00,100 גרם,false,,3.50,0.0875,true,1,32256
8850632604259,false,"יוגטה, חיספוסים, ממתק חמוץ בצורת מקלות בטעם תות שדה,50 גרם",ליימן שליסל בע`מ,,יוגטה מקלות תות,גרמים,50.00,100 גרם,false,,4.50,0.0900,true,1,9755
8850632604266,false,"יוגטה, ממתק חמוץ בצורת מקלות בטעם קולה, 50 גרם",ליימן שליסל בע`מ,,יוגטה מקלות קולה,גרמים,50.00,100 גרם,false,,4.50,0.0900,true,1,9756
8850632604372,false,"יוגטה, חיספוסים בצורת שטיח בטעם תות שדה 50 גרם",ליימן שליסל בע`מ,,יוגטה שטיח תות,גרמים,50.00,100 גרם,false,,4.50,0.0900,true,1,9757
8850632604402,false,יוגטה חיספוסים בטעם מעורב תות שדה אבטיח ענבים בננה 50 גרם,ליימן שליסל בע`מ,,יוגטה טעם מעורב בצור,גרמים,50.00,100 גרם,false,,4.50,0.0900,true,1,9758
8850632605201,false,"יוגטה, חיספוסים, ממתק חמוץ בצורת שטיח, בטעם מעורב- תות בננה, תפוח, תפוז, 50 גרם",הדקלאים אגודת שיתופי,,יוגטה חיספוסים בצורת,גרמים,50.00,100 גרם,false,,4.50,0.0900,true,1,9759
8850632606390,false,"יוגטה, חיספוסים, ממתק חמוץ בצורת שטיח בטעם אבטיח, 50 גרם",ליימן שליסל בע`מ,,יוגטה שטיח אבטיח,גרמים,50.00,100 גרם,false,,4.50,0.0900,true,1,26487
8850854000013,false,"רוטב צדפות 700 מ""ל",,,"רוטב צדפות 700 מ""ל",מיליליטרים,700.00,"100 מ""ל",false,,13.90,0.0199,true,1,58044
8851613101378,false,"נוזל קוקוס ארוי די 250 מ""ל",גורי מוצרי צריכה (1991) בעמ,,"נוזל קוקוס 250 מ""ל",מיליליטרים,250.00,"100 מ""ל",false,,11.50,0.0460,true,1,74055
8851613101385,false,"חלב קוקוס ארוי-די קרטון 500מ""ל",גורי מוצרי צריכה (1991) בעמ,,"חלב קוקוס 500 מ""ל",מיליליטרים,500.00,"100 מ""ל",false,,12.90,0.0258,true,1,23356
8852633119039,false,רוטב דגים 300 מל- כשר,טחנת האבן קואופ בעמ,,"רוטב דגים 300 מ""ל",מיליליטרים,300.00,"100 מ""ל",false,,8.90,0.0297,true,1,63070
8853662056661,false,"רוטב סריראצ''ה מיו 455 מ""ל",EXOTIC FOOD PCL,,רוטב סריראצ'ה מיו 45,מיליליטרים,455.00,"100 מ""ל",false,,22.90,0.0503,true,1,75036
8853662056982,false,"רוטב סריראצ'ה צ'ילי ירוק חריף 455 מ""ל",EXOTIC FOOD PCL,,רוטב סריראצ'ה צ'ילי,מיליליטרים,455.00,"100 מ""ל",false,,22.90,0.0503,true,1,75037
8858271002887,false,"רוטב טרייאקי 250 מ""ל מקסצ`אפ",מזרח ומערב יבוא ושיווק,,MAXCHAP- רוטב טרייאק,מיליליטרים,250.00,"100 מ""ל",false,,13.90,0.0556,true,1,64413
8858271003075,false,"רוטב סויה מתוקה מקסצ'אפ 700 מ""ל",מזרח ומערב יבוא ושיווק,,רוטב סויה מתוקה 700,מיליליטרים,700.00,"100 מ""ל",false,,19.90,0.0284,true,1,64399
8858271003938,false,רוטב קארי ירוק 250 מ'ל - מקסצ'אפ,מזרח ומערב יבוא ושיווק,,MAXCHAP- רוטב קארי י,מיליליטרים,250.00,"100 מ""ל",false,,12.90,0.0516,true,1,64402
8858744800019,false,מחית קארי ירוק 550 גרם כשר,קנוקוואן פוד פרודקטס,,מחית קארי ירוק,גרמים,50.00,100 גרם,false,,5.00,0.1000,true,1,32280
8858744800033,false,מחית קארי פננג 50 גר`כשר,טחנת האבן קואופ בעמ,,מחית קארי פאנאנאג,גרמים,50.00,100 גרם,false,,4.90,0.0980,true,1,33031
8858744800057,false,מחית טום-יאם 30 גרם,קנוקוואן פוד פרודקטס,,מחית טום יאם,גרמים,30.00,100 גרם,false,,5.00,0.1667,true,1,32281
8858744800064,false,מחית קארי אדום 50 גרם כשר,קנוקוואן פוד פרודקטס,,מחית קארי אדום,גרמים,50.00,100 גרם,false,,5.00,0.1000,true,1,33032
8858744800088,false,מחית קארי מאסמן 50 גרם כשר,קנוקוואן פוד פרודקטס,,מחית קארי מאסאמאן,גרמים,50.00,100 גרם,false,,5.00,0.1000,true,1,33033
8858744800149,false,תערובת חמשת תבלינים 50 גר`,קנוקוואן פוד פרודקטס,,תערובת חמשת התבלינים,גרמים,50.00,100 גרם,false,,6.50,0.1300,true,1,32282
8886303210504,false,"קרם קוקוס 24% 500 מ""ל ""קארה""",ג'ומון,,"קרם קוקוס 500 מ""ל 24",מיליליטרים,500.00,"100 מ""ל",false,,13.90,0.0278,true,1,72177
8886303210542,false,"קארה קרם קוקונט 17% 400 מ""ל",ג'ומון,,"קרם קוקוס 400 מ""ל",מיליליטרים,400.00,"100 מ""ל",false,,9.90,0.0248,true,1,72254
8888021200256,false,סוללות אנרג'ייזר AA מקס 8 יחידות,יצרן: אנרג'ייזר סינג,,סוללות ENERGIZER 1X8,יחידה,0.00,יחידה,false,,27.90,0.0000,false,1,16092
8888021200720,false,סוללות אנרג'ייזר AAA מקס 8 יחידות,יצרן: אנרג'ייזר סינג,,סוללות ENERGIZER 1X8,יחידה,0.00,יחידה,false,,27.90,0.0000,false,1,16093
8888351100011,false,טופו טרי- במרקם משי 300 גרם - כשר T1 - מוצר מצונן,,,טופו טרי 300 גר',גרמים,300.00,100 גרם,false,,9.90,0.0330,true,1,67508
8888351200070,false,טופו טרי כשר במרקם קשה 400 גרם - T18 - מוצר מצונן,יוניקורד Unicurd,,טופו טרי 400 גר',גרמים,400.00,100 גרם,false,,13.90,0.0348,true,1,67511
8901483010482,false,"מלפפון בחומץ 690 גרם ""לינה""",יורוסטנדרט בעמ,,מלפפונים שלמים בחומץ,גרמים,383.00,100 גרם,false,,8.90,0.0232,true,1,62981
8901483010505,false,"קורנישונים בחומץ 690 גרם ""לינה""",יושלם,,מלפפון קורנישון בחומ,גרמים,690.00,100 גרם,false,,9.90,0.0143,true,1,63067
8901537024014,false,"אורז בסמטי מובחר 1 ק""ג - דוואט) יורה דיעה",ג. וילי-פוד אינטרנשיונל בע`מ,,אורז בסמטי מובחר 1 ק,קילוגרמים,1.00,"ק""ג",false,,11.90,11.9000,false,1,5516
8901537076679,false,אורז בסמטי חום מלא 1 קג`DAAWAT וילי פוד,ג. וילי-פוד אינטרנשיונל בע`מ,,אורז בסמטי חום מלא D,קילוגרמים,1.00,"ק""ג",false,,11.90,11.9000,true,1,73306
8904004402056,false,מהרג'ה - חטיף הודי הכל באחד,,,מהרג'ה חטיף הודי הכל,גרמים,200.00,100 גרם,false,,9.90,0.0495,true,1,121939
9000101536560,false,פרסיל פאוור קפסולות 70 יח,הנקל סוד,,פרסיל פאוור קפסולות,יחידה,0.00,יחידה,false,,69.90,0.0000,true,1,120648
9000101537550,false,פרסיל קאפסולות לכביסה לבנה וצבעונית 52 יח',גורי שיווק בעמ,,פרסיל פוואר קאפס יונ,יחידה,0.00,יחידה,false,,59.90,0.0000,true,1,120137
9000101537581,false,פרסיל קאפסולות לכביסה צבעונית 52 יחידו,גורי שיווק בעמ,,פרסיל פוואר קאפס קול,יחידה,0.00,יחידה,false,,59.90,0.0000,true,1,120138
9002859011061,false,מקלות אפויים עם מלח ים 250 גר גונץ,GUNZ WARENHANDELS,,גונץ מקלות אפויים עם,גרמים,250.00,100 גרם,false,,15.90,0.0636,true,1,27225
9002859025204,false,גונץ - גונץ פלחי מרמלדה 200 ג',GUNZ WARENHANDELS,,פלחי מרמלדה 200גר,גרמים,200.00,100 גרם,false,,10.90,0.0545,true,1,4446
9002859036583,false,לשונות חתול שוקולד חלב 100ג,GUNZ WARENHANDELS,,גונץ לשונות חתול חלב,גרמים,100.00,100 גרם,false,,9.90,0.0990,true,1,20113
9002859044694,false,דפדפי שוקולד מנטה - גונץ 200 גרם,Gunz BV,,שוקולד מריר ממולא קר,גרמים,100.00,100 גרם,false,,15.90,0.1590,true,1,32660
9002859050671,false,לבבות שוקולד ברשת 100 גרם גונץ,GUNZ WARENHANDELS,,גונץ- לבבות שוקולד ב,גרמים,100.00,100 גרם,false,,8.90,0.0890,true,1,33421
9002859064708,false,בוגי - סוכריותפירות בצנצנת 300 גר,,,בוגי סוכריות פירות ב,גרמים,300.00,100 גרם,false,,17.90,0.0597,true,1,24271
9002859067570,false,דפדפי שוקולד תפוז - גונץ 200 גרם,GUNZ WARENHANDELS,,גונץ דפדפי שוקולד תפ,גרמים,200.00,100 גרם,false,,14.90,0.0745,true,1,72032
9002859092657,false,גונץ-בננה ציפוי מריר 150 גר,Gunz,,גונץ בננה בציפוי מרי,גרמים,150.00,100 גרם,false,,7.50,0.0500,true,1,65246
9002975393812,false,סוכריות גילי הריבו האפי צירי 70 גרם,"האריבו , ג'\י.אם.בי.אייץ",,סוכריות הריבו האפי צ,גרמים,70.00,100 גרם,false,,6.90,0.0986,true,1,88497
9002975393829,false,סוכריות גילי הריבו פיציס 70 גרם,"האריבו , ג'\י.אם.בי.אייץ",,סוכריות הריבו פיצ'ס,גרמים,70.00,100 גרם,false,,6.90,0.0986,true,1,88499
9002975393836,false,סוכריות גילי הריבו האפי קולה 70 גרם,"האריבו , ג'\י.אם.בי.אייץ",,סוכריות הריבו האפי ק,גרמים,70.00,100 גרם,false,,6.90,0.0986,true,1,88498
9002975393843,false,סוכריות גילי הריבו גולדברס 70 גרם,"האריבו , ג'\י.אם.בי.אייץ",,סוכריות הריבו גולדבר,גרמים,70.00,100 גרם,false,,6.90,0.0986,true,1,88496
9002975393850,false,סוכריות גילי הריבו וורמס 70 גרם,"האריבו , ג'\י.אם.בי.אייץ",,סוכריות הריבו וורמס,גרמים,70.00,100 גרם,false,,6.90,0.0986,true,1,88500
9003400304939,false,"בירה שטיגל וייז חיטה 500 מ""ל",מבשלת שטיגל,,בירה שטיגל וויז חיטה,מיליליטרים,500.00,"100 מ""ל",false,,9.90,0.0198,true,1,66588
9003402660088,false,"בירה שטיגל גולדבראו 500 מ""ל פחית",שטיגל,,בירה שטיגל גולדבראו,מיליליטרים,500.00,"100 מ""ל",false,,8.90,0.0178,true,1,79405
9005835312626,false,קלרו 50 טבליות למדיח ללא פוספטים,"יעקב יעקבי ובניו בע""מ",,קלרו 50 טבליות למדיח,יחידה,0.00,יחידה,false,,45.90,0.0000,true,1,80143
9005835312640,false,קלרו 80 XXL טבליות למדיח ללא פוספטים,"יעקב יעקבי ובניו בע""מ",,קלרו 80 טבליות למדיח,יחידה,0.00,יחידה,false,,64.90,0.0000,true,1,80148
9005835312718,false,"קלרו פירמידה מלח למדיח כלים 1 ק""ג CLARO","יעקב יעקבי ובניו בע""מ",,קלרו פירמידה מלח אקו,קילוגרמים,1.00,"ק""ג",false,,9.90,9.9000,true,1,80132
9005835312732,false,"קלרו נוזל הברקה למדיח כלים 500 מ""ל CLARO","יעקב יעקבי ובניו בע""מ",,קלרו נוזל הברקה למדי,מיליליטרים,500.00,"100 מ""ל",false,,9.90,0.0198,true,1,80130
9005835312756,false,"קלרו ניקוי יסודי למדיח כלים 250 מ""ל CLARO","יעקב יעקבי ובניו בע""מ",,קלרו נוזל לניקוי יסו,מיליליטרים,250.00,"100 מ""ל",false,,9.90,0.0396,true,1,80144
9044400826861,false,סוכריות פז מילוי סוכריות בטעם בננה אגס אסיאתי,פז פרודקשיין יורו,,סוכריות פז מילוי בננ,גרמים,68.00,100 גרם,false,,8.90,0.1309,true,1,86665
9044400849105,false,סוכריות פז במגוון דמויות 10+1,ר.ב. מוצרי דגנים בעמ,,סוכריות פז 10 מילוי,גרמים,85.00,100 גרם,false,,13.90,0.1635,true,1,121289
9044400851672,false,סוכריות פז סוגים שונים + 3 מילויים,ר.ב. מוצרי דגנים בעמ,,סוכריות פז בטעם פירו,גרמים,25.50,100 גרם,false,,12.00,0.4706,true,1,119989
9044400885578,false,סוכ.פז מילוי ט.פירות68גר,ר.ב. מוצרי דגנים בעמ,,סוכריות פז מילוי בטע,גרמים,82.00,100 גרם,false,,8.90,0.1085,true,1,121059
9044400885745,false,פז סוכריות דחוסות בטעם פירות,ר.ב. מוצרי דגנים בעמ,,סוכריות פז דחוסות פי,גרמים,25.50,100 גרם,false,,12.90,0.5059,true,1,122207
9044400885752,false,פז סוכריות דחוסות בטעם פירות,ר.ב. מוצרי דגנים בעמ,,סוכריות פז דחוסות בט,גרמים,25.50,100 גרם,false,,12.90,0.5059,true,1,122208
9120025834723,false,חטיף אוראו מצונן 120 גרם רבנות,ג.וילי-פוד אינטרנשיונל **גבינו,,חטיף אוראו 120 גר מצ,גרמים,120.00,100 גרם,false,,13.90,0.1158,true,1,121620
9120025839896,false,חטיף מילקה מצונן 128 גרם,ג.וילי-פוד אינטרנשיונל **גבינו,,מארז חטיף מילקה,גרמים,128.00,100 גרם,false,,13.90,0.1086,true,1,121710
9120097310583,false,חטיף שוקו בננה מיניונים מצונן 108 גרם,ג.וילי-פוד אינטרנשיונל **גבינו,,חטיף שוקו בננה מיניו,גרמים,108.00,100 גרם,false,,13.90,0.1287,true,1,121622
9310072028743,false,טים טם ביסקוויט במילוי שוקולד 200 גרם,"ארנוטס ביסקוויטס בע""",,טים טם אוריגינל 200,גרמים,200.00,100 גרם,false,,19.90,0.0995,true,1,62845
9310072028750,false,חטיף שוקולד דאבל קרם טים טם (200 גרם),"ארנוטס ביסקוויטס בע""",,טים טם דאבל 200 גר',גרמים,200.00,100 גרם,false,,19.90,0.0995,true,1,62700
9322969000015,false,פריכיות תירס בטעם אורגינל ריל פודס 150 ג',אף.סי תבליני בגליל ב,,פריכיות תירס - 150ג',גרמים,150.00,100 גרם,false,,14.90,0.0993,true,1,18799
9322969000022,false,"ריל פוד פריכיות תירס עם סויה וזרעי פשתן, ללא גלוטן 150 גרם",אף.סי תבליני בגליל ב,,פריכיות תירס - 150ג',גרמים,150.00,100 גרם,false,,14.90,0.0993,true,1,18800
9322969000039,false,פריכיות תירס עם ארבע דגנים מלאים 150 גר`,ריאל פודס בעמ,,פרכיות תירס עם ד,גרמים,150.00,100 גרם,false,,14.90,0.0993,true,1,74798
9322969000046,false,פריכיות תירס שומשום אורגני ריל פודס 150 ג',אף.סי תבליני בגליל ב,,פריכיות תירס אורגניו,גרמים,150.00,100 גרם,false,,13.90,0.0927,true,1,18778
9322969000053,false,פריכיות אורז מלא ריל פוד 150 גרם,סנו מפעלי ברונוס.,,פריכיות אורז חום,גרמים,150.00,100 גרם,false,,14.90,0.0993,true,1,119351
9421018071508,false,מאד האוס סובינ.בלאן750מל,היכל היין שקד גולן בעמ,,מאד האוס סובניון בלא,מיליליטרים,750.00,"100 מ""ל",false,,50.00,0.0667,true,1,79617
9720107600019,false,כובע מצחיה,,,כובע מצחיה,יחידה,0.00,יחידה,false,,24.90,0.0000,true,1,29218
9720188050109,false,ממרח על בסיס סויה בסגנון גבינה טופוטי 225 גרם,החברה המרכזית טלהפצת משקאות בע,,ממרח טופו טבעי 27%,גרמים,225.00,100 גרם,false,,19.90,0.0884,true,1,5043
9770793914006,false,עיתון גירוסלים פוסט יום שישי,ג רוזלם פוסט בעמ,,עיתון ג'רוזלם פוסט,יחידה,0.00,יחידה,false,,22.00,0.0000,false,1,15293
9771565025005,false,עיתון מעריב סוף השבוע,ג`רוזלם פוסט בעמ,,סופהשבוע,יחידה,0.00,יחידה,false,,10.00,0.0000,false,1,23873
9771565039125,false,עיתון לאישה יום ב,ידיעות אחרונות בעמ,,"""לאשה""",יחידה,0.00,יחידה,false,,21.90,0.0000,false,1,15051
9771565051066,false,עיתון ידיעות אחרונות,ידיעות אחרונות בעמ,,"ידיעות אחרונות סופ""ש",יחידה,0.00,יחידה,false,,20.00,0.0000,false,1,15058
9771565290007,false,עיתון הארץ יום שישי,,,עיתון הארץ שישי,יחידה,0.00,יחידה,false,,33.00,0.0000,false,1,15306
