code,internal_code,name,manufacturer_name,manufacture_country,manufacturer_item_description,unit_qty,quantity,unit_of_measure,weighted,qty_in_package,price,unit_of_measure_price,allow_discount,status,item_id
189536,true,ניקול ש. אשפה 40 *,,,ניקול ש. אשפה 40 *,יחידה,0.00,יחידה,false,,20.00,0.0000,true,1,1399677
191546,true,טישו צבעוני שלשות,,,טישו צבעוני שלשות,00000000000000000000,0.00,00000000000000000000,false,,9.70,0.0000,true,1,1395327
191652,true,קלינקס שלישיה טישו,,,קלינקס שלישיה טישו,00000000000000000000,0.00,00000000000000000000,false,,10.90,0.0000,true,1,1399678
197326,true,רדיד אלומניום זוג ני,,,רדיד אלומניום זוג ני,00000000000000000000,0.00,00000000000000000000,false,,10.00,0.0000,true,1,1395329
197753,true,ניילון נצמד זוג 30 מ,,,ניילון נצמד זוג 30 מ,000000000000000יחידה,0.00,000000000000000יחידה,false,,10.00,0.0000,true,1,1395331
204215,true,כריות יפניות ניקול,,,כריות יפניות ניקול,00000000000000000000,0.00,00000000000000000000,false,,9.90,0.0000,true,1,1395334
245782,true,4 ליטר סוד מרכך ורוד,,,4 ליטר סוד מרכך ורוד,יחידה,0.00,יחידה,false,,18.90,0.0000,true,1,1399682
245799,true,4 ליטר סוד מרכך כחול,,,4 ליטר סוד מרכך כחול,יחידה,0.00,יחידה,false,,18.90,0.0000,true,1,1399683
554402,true,מעדן חלב מלבי גד 160,,,מעדן חלב מלבי גד 160,גרמים,0.00,00000000000000000גרם,false,,5.50,0.0000,true,1,1398988
554471,true,גבינת מוצרלה 22% גד,,,גבינת מוצרלה 22% גד,00000000000000000000,0.00,00000000000000000000,false,,15.90,0.0000,true,1,1398990
1214753,true,פיתה (קריצה) לשווארמ,,,פיתה (קריצה) לשווארמ,00000000000000000000,0.00,00000000000000000000,false,,1.90,0.0000,true,1,1402558
2128403,true,נרות שבת,,,נרות שבת,00000000000000000000,0.00,00000000000000000000,false,,2.90,0.0000,true,1,1399685
2374114,true,שמן סויה 1 ל',,,שמן סויה 1 ל',00000000000000000000,0.00,00000000000000000000,false,,7.90,0.0000,true,1,1399787
2663805,true,טוניק רגיל *,,,טוניק רגיל *,יחידה,0.00,יחידה,false,,8.90,0.0000,true,1,1399820
3726141,true,טופו 300 גרם,,,טופו 300 גרם,00000000000000000000,0.00,00000000000000000000,false,,9.90,0.0000,true,1,1398993
4068028,true,יוגורט ציזיקי,,,יוגורט ציזיקי,00000000000000000000,0.00,00000000000000000000,false,,8.90,0.0000,true,1,1398994
4068035,true,איירין חצי ליטר,,,איירין חצי ליטר,00000000000000000000,0.00,00000000000000000000,false,,7.90,0.0000,true,1,1398995
4199203,true,קיסמי שיניים עץ מלחי,,,קיסמי שיניים עץ מלחי,00000000000000000000,0.00,00000000000000000000,false,,2.00,0.0000,true,1,1399692
6492616,true,גבינה בולגרית מעודנת,,,גבינה בולגרית מעודנת,גרמים,0.00,00000000000000000גרם,false,,25.90,0.0000,true,1,1398998
6492685,true,לאבנה עיזים 5%,,,לאבנה עיזים 5%,00000000000000000000,0.00,00000000000000000000,false,,15.90,0.0000,true,1,1399000
10320850,false,גבינת עמק 28% שומן פ,,,גבינת עמק 28% שומן פ,גרמים,200.00,100 גרם,false,,15.90,0.0795,true,1,1407765
10321680,false,יוגורט 2.9% תות גו 2,,,יוגורט 2.9% תות גו 2,גרמים,200.00,100 גרם,false,,5.50,0.0275,true,1,1407494
10321697,false,יוגורט 2.9% אפרסק גו,,,יוגורט 2.9% אפרסק גו,גרמים,200.00,100 גרם,false,,5.70,0.0285,true,1,1407489
10322014,false,טופו טבעי 300 גרם,,,טופו טבעי 300 גרם,גרמים,300.00,100 גרם,false,,12.50,0.0417,true,1,1407567
10322021,false,טופו בזיליקום 300 גר,,,טופו בזיליקום 300 גר,גרמים,300.00,100 גרם,false,,12.50,0.0417,true,1,1407649
10323073,false,משקה יוגורט 1% 20 גר,,,משקה יוגורט 1% 20 גר,מיליליטרים,250.00,"100 מ""ל",false,,6.30,0.0252,true,1,1407854
10323585,false,יוגורט לייט 0.5% מוע,,,יוגורט לייט 0.5% מוע,גרמים,200.00,100 גרם,false,,5.70,0.0285,true,1,1407491
10323592,false,יוגורט לייט 0.5% מוע,,,יוגורט לייט 0.5% מוע,גרמים,200.00,100 גרם,false,,5.70,0.0285,true,1,1407492
10323714,false,משקה קוקוס שקדים תנו,,,משקה קוקוס שקדים תנו,מיליליטרים,1000.00,"100 מ""ל",false,,12.90,0.0129,true,1,1407496
10326227,false,יופלה און טופ קורנפל,,,יופלה און טופ קורנפל,גרמים,157.00,100 גרם,false,,5.00,0.0318,true,1,1407849
10326241,false,יופלה און טופ גרנולה,,,יופלה און טופ גרנולה,גרמים,157.00,100 גרם,false,,5.00,0.0318,true,1,1407635
13022038,false,טופו פיקנטי 300 גרם,תנובה 8+2 הזול מבניה,,טופו פיקנטי 300 גרם,גרמים,300.00,100 גרם,false,,12.90,0.0430,true,1,1407650
13024704,false,טופו פרובנס 300 גרם,תנובה 8+2 הזול מבניה,,טופו פרובנס 300 גרם,גרמים,300.00,100 גרם,false,,12.90,0.0430,true,1,1407651
14759978,false,קצקבל גלעד 27% פלח 2,,,קצקבל גלעד 27% פלח 2,גרמים,200.00,100 גרם,false,,25.90,0.1295,true,1,1405207
14759992,false,פלח רוקפור גליל 27%,,,פלח רוקפור גליל 27%,גרמים,140.00,100 גרם,false,,18.90,0.1350,true,1,1403456
14762794,true,מעדן סויה מתיקות מעו,,,מעדן סויה מתיקות מעו,יחידה,0.00,יחידה,false,,3.50,0.0000,true,1,1403353
32147230,false,מיץ לימון סיציליה 20,,,מיץ לימון סיציליה 20,מיליליטרים,200.00,"100 מ""ל",false,,6.90,0.0345,true,1,1396488
40052403,false,קיט קט 4 אצבעות 41.5,,,קיט קט 4 אצבעות 41.5,גרמים,41.00,100 גרם,false,,4.50,0.1098,true,1,1397938
42188889,false,פייב אבטיח 12 סטיקס,,,פייב אבטיח 12 סטיקס,גרמים,29.00,100 גרם,false,,6.60,0.2276,true,1,1401756
50204830,true,אוטן תרסיס דוחה יתוש,,,אוטן תרסיס דוחה יתוש,00000000000000000000,0.00,00000000000000000000,false,,19.90,0.0000,true,1,1399455
72918104,true,טעמי 28 חטיף 40 גרם,,,טעמי 28 חטיף 40 גרם,00000000000000000000,0.00,00000000000000000000,false,,3.50,0.0000,true,1,1401114
72940754,false,מילקי מעדן וניל עם ק,,,מילקי מעדן וניל עם ק,גרמים,133.00,100 גרם,false,,2.90,0.0218,true,1,1393053
72940761,false,"מילקי שוקולד 170 מ""ל",,,"מילקי שוקולד 170 מ""ל",מיליליטרים,170.00,"100 מ""ל",false,,2.90,0.0171,true,1,1393054
72941041,false,מיני מילקי בטעם שוקו,,,מיני מילקי בטעם שוקו,גרמים,71.00,100 גרם,false,,2.00,0.0282,true,1,1393058
72945308,false,שמרים טריים לאפיה שמ,,,שמרים טריים לאפיה שמ,גרמים,50.00,100 גרם,false,,3.60,0.0720,true,1,1393059
72961506,false,פרילי תות 1.5% 125 מ,,,פרילי תות 1.5% 125 מ,מיליליטרים,125.00,"100 מ""ל",false,,3.50,0.0280,true,1,1417336
72961520,false,פרילי אננס 1.5% 125,,,פרילי אננס 1.5% 125,מיליליטרים,125.00,"100 מ""ל",false,,3.50,0.0280,true,1,1417338
72964422,false,יוגורט לבן 4.5% תנוב,,,יוגורט לבן 4.5% תנוב,גרמים,200.00,100 גרם,false,,2.90,0.0145,true,1,1397357
72986370,false,גלידה וניל בן & ג'רי,,,גלידה וניל בן & ג'רי,מיליליטרים,500.00,"100 מ""ל",false,,23.90,0.0478,true,1,1401520
72986424,false,גלידה קרם עוגיות בן,,,גלידה קרם עוגיות בן,מיליליטרים,500.00,"100 מ""ל",false,,23.90,0.0478,true,1,1401521
72986448,false,גלידת וניל וטופי בן,,,גלידת וניל וטופי בן,מיליליטרים,473.00,"100 מ""ל",false,,23.90,0.0505,true,1,1401522
72986455,false,גלידת שוקולד ניו יור,,,גלידת שוקולד ניו יור,מיליליטרים,500.00,"100 מ""ל",false,,23.90,0.0478,true,1,1401523
72986479,false,גלידה צ'נקי מונקי בן,,,גלידה צ'נקי מונקי בן,מיליליטרים,500.00,"100 מ""ל",false,,23.90,0.0478,true,1,1401524
72989425,false,גלידת שוקולד עם חתיכ,,,גלידת שוקולד עם חתיכ,מיליליטרים,500.00,"100 מ""ל",false,,23.90,0.0478,true,1,1401526
72991886,false,גלידה עם ריבת חלב ופ,,,גלידה עם ריבת חלב ופ,מיליליטרים,500.00,"100 מ""ל",false,,23.90,0.0478,true,1,1401527
72993781,true,פסק זמן רול לבן,,,פסק זמן רול לבן,00000000000000000000,0.00,00000000000000000000,false,,4.50,0.0000,true,1,1401119
72994061,false,פסק זמן 2 גוד עלית 3,,,פסק זמן 2 גוד עלית 3,גרמים,36.00,100 גרם,false,,4.90,0.1361,true,1,1401120
80001027,false,חטיף טורטינה שוקולד,,,חטיף טורטינה שוקולד,גרמים,21.00,100 גרם,false,,4.90,0.2333,true,1,1404072
80001287,false,חטיף גרדנה אגוז 38 ג,,,חטיף גרדנה אגוז 38 ג,גרמים,38.00,100 גרם,false,,4.90,0.1289,true,1,1404073
80001461,false,חטיף גרדנה שוקולד 38,,,חטיף גרדנה שוקולד 38,גרמים,38.00,100 גרם,false,,4.90,0.1289,true,1,1404074
80001485,false,וופל גרדנה קוקוס 38,,,וופל גרדנה קוקוס 38,גרמים,38.00,100 גרם,false,,4.90,0.1289,true,1,1412266
80001799,false,וופל טורטינה לבן 21,,,וופל טורטינה לבן 21,גרמים,21.00,100 גרם,false,,4.90,0.2333,true,1,1412267
80001911,false,וופל גרדנה שוק' לבן,,,וופל גרדנה שוק' לבן,גרמים,38.00,100 גרם,false,,3.90,0.1026,true,1,1412268
80050025,false,סוכריות טיק טק תפוז,,,סוכריות טיק טק תפוז,גרמים,16.00,100 גרם,false,,3.00,0.1875,true,1,1400315
80176800,false,ממרח אגוזי לוז עם קק,,,ממרח אגוזי לוז עם קק,גרמים,750.00,100 גרם,false,,25.90,0.0345,true,1,1400323
80177173,false,ממרח אגוזי לוז עם קק,,,ממרח אגוזי לוז עם קק,גרמים,350.00,100 גרם,false,,14.90,0.0426,true,1,1400324
80177609,false,אצבעות שוקולד במילוי,,,אצבעות שוקולד במילוי,גרמים,50.00,100 גרם,false,,3.90,0.0780,true,1,1400325
80177616,false,קינדר 100 גרם 10 יחי,,,קינדר 100 גרם 10 יחי,גרמים,100.00,100 גרם,false,,6.90,0.0690,true,1,1400326
80310167,false,קינדר מקסי שישייה 12,,,קינדר מקסי שישייה 12,גרמים,126.00,100 גרם,false,,9.90,0.0786,true,1,1403002
80773429,false,מסטיק מנטוס בקבוק מע,,,מסטיק מנטוס בקבוק מע,גרמים,60.00,100 גרם,false,,9.90,0.1650,true,1,1397943
80773443,false,גומי לעיסה בטעם מנטה,,,גומי לעיסה בטעם מנטה,גרמים,60.00,100 גרם,false,,9.90,0.1650,true,1,1397944
80790990,false,מסטיק מנטוס מעוגל 60,,,מסטיק מנטוס מעוגל 60,גרמים,60.00,100 גרם,false,,9.90,0.1650,true,1,1397945
80831402,false,סוכריות מנטוס מרעננו,,,סוכריות מנטוס מרעננו,גרמים,21.00,100 גרם,false,,6.90,0.3286,true,1,1415285
80843184,false,מסטיק מנטוס בקבוק מע,,,מסטיק מנטוס בקבוק מע,גרמים,60.00,100 גרם,false,,9.90,0.1650,true,1,1414244
80854753,false,סוכריות מנטוס מרעננו,,,סוכריות מנטוס מרעננו,גרמים,21.00,100 גרם,false,,6.90,0.3286,true,1,1415286
80864295,false,מסטיק מנטוס בקבוק מע,,,מסטיק מנטוס בקבוק מע,גרמים,60.00,100 גרם,false,,9.90,0.1650,true,1,1414245
80896081,false,מסטיק מנטוס בקבוק מע,,,מסטיק מנטוס בקבוק מע,גרמים,60.00,100 גרם,false,,9.90,0.1650,true,1,1397949
80913467,false,מסטיק מנטוס מנטה מעו,,,מסטיק מנטוס מנטה מעו,גרמים,60.00,100 גרם,false,,9.90,0.1650,true,1,1397950
80979128,false,מסטיק מנטוס בקבוק מע,,,מסטיק מנטוס בקבוק מע,גרמים,60.00,100 גרם,false,,9.90,0.1650,true,1,1414247
80982470,false,מנטוס מסטיק פיור פרו,,,מנטוס מסטיק פיור פרו,גרמים,60.00,100 גרם,false,,9.90,0.1650,true,1,1411781
80986348,false,מסטיק מנטוס בקבוק מע,,,מסטיק מנטוס בקבוק מע,גרמים,60.00,100 גרם,false,,9.90,0.1650,true,1,1414248
80995128,false,מנטוס מסטיק הדרים בת,,,מנטוס מסטיק הדרים בת,גרמים,60.00,100 גרם,false,,9.90,0.1650,true,1,1419324
87108019,false,סוכריות בגליל בטעם מ,,,סוכריות בגליל בטעם מ,גרמים,37.50,100 גרם,false,,3.50,0.0933,true,1,1406832
87108538,false,סוכריות בגליל בטעם ת,,,סוכריות בגליל בטעם ת,גרמים,37.00,100 גרם,false,,3.50,0.0946,true,1,1397955
87311396,false,סוכריות מנטוס ריינבו,,,סוכריות מנטוס ריינבו,גרמים,37.50,100 גרם,false,,3.50,0.0933,true,1,1397960
88888000,true,Temp SuperDept,,,Temp SuperDept,,0.00,,false,,0.00,0.0000,true,1,1401983
88888001,true,אוכל,,,אוכל,,0.00,,false,,0.00,0.0000,true,1,1401984
88888002,true,שתיה,,,שתיה,,0.00,,false,,0.00,0.0000,true,1,1420224
88888003,true,אימפולס,,,אימפולס,,0.00,,false,,0.00,0.0000,true,1,1420225
88888004,true,תוספות לקפה,,,תוספות לקפה,,0.00,,false,,0.00,0.0000,true,1,1401985
88888005,true,חומרי גלם,,,חומרי גלם,,0.00,,false,,0.00,0.0000,true,1,1401986
88888006,true,פירות וירקות,,,פירות וירקות,,0.00,,false,,0.00,0.0000,true,1,1420226
88888008,true,ללא מעמ,,,ללא מעמ,,0.00,,false,,0.00,0.0000,true,1,1401987
88888009,true,ניר פוד,,,ניר פוד,,0.00,,false,,0.00,0.0000,true,1,1420227
88888010,true,אלכוהול,,,אלכוהול,,0.00,,false,,0.00,0.0000,true,1,1420228
88888014,true,נון פוד,,,נון פוד,,0.00,,false,,0.00,0.0000,true,1,1420229
88888016,true,תפעול,,,תפעול,,0.00,,false,,0.00,0.0000,true,1,1420230
88888018,true,שוויצריה הקטנה,,,שוויצריה הקטנה,,0.00,,false,,0.00,0.0000,true,1,1405588
88888100,true,"מפעל-ללא מע""מ",,,"מפעל-ללא מע""מ",,0.00,,false,,0.00,0.0000,true,1,1420231
88888102,true,גלידות ושלגונים,,,גלידות ושלגונים,,0.00,,false,,0.00,0.0000,true,1,1404227
88888119,true,מאפים,,,מאפים,,0.00,,false,,0.00,0.0000,true,1,1420232
88888124,true,משקאות לא אלכוהוליים,,,משקאות לא אלכוהוליים,,0.00,,false,,0.00,0.0000,true,1,1420233
88888144,true,קינוחים,,,קינוחים,,0.00,,false,,0.00,0.0000,true,1,1420234
88888156,true,פירות וירקות לסחיטה,,,פירות וירקות לסחיטה,,0.00,,false,,0.00,0.0000,true,1,1401988
88888158,true,מוצרי מכולת,,,מוצרי מכולת,,0.00,,false,,0.00,0.0000,true,1,1401989
88888159,true,משקאות,,,משקאות,,0.00,,false,,0.00,0.0000,true,1,1401990
88888160,true,מצוננים,,,מצוננים,,0.00,,false,,0.00,0.0000,true,1,1401991
88888161,true,קפואים,,,קפואים,,0.00,,false,,0.00,0.0000,true,1,1401992
88888162,true,ירקות ופירות טריים,,,ירקות ופירות טריים,,0.00,,false,,0.00,0.0000,true,1,1401993
88888164,true,מוצרים לבית,,,מוצרים לבית,,0.00,,false,,0.00,0.0000,true,1,1401994
88888165,true,י שירות/ עזר לסניפים,,,י שירות/ עזר לסניפים,,0.00,,false,,0.00,0.0000,true,1,1401995
88888166,true,ארוחות מבושלות,,,ארוחות מבושלות,,0.00,,false,,0.00,0.0000,true,1,1401996
88888167,true,אריזות לזכיינים,,,אריזות לזכיינים,,0.00,,false,,0.00,0.0000,true,1,1420235
88888168,true,זיכויים,,,זיכויים,,0.00,,false,,0.00,0.0000,true,1,1401997
88888169,true,אבזרי עזר וייצור,,,אבזרי עזר וייצור,,0.00,,false,,0.00,0.0000,true,1,1401998
88888170,true,מזון טרי,,,מזון טרי,,0.00,,false,,0.00,0.0000,true,1,1401999
88888171,true,משקאות קרון,,,משקאות קרון,,0.00,,false,,0.00,0.0000,true,1,1402000
88888172,true,ירקות ופירות מעמ,,,ירקות ופירות מעמ,,0.00,,false,,0.00,0.0000,true,1,1402001
88888173,true,ל-חומרי גלם ואביזרים,,,ל-חומרי גלם ואביזרים,,0.00,,false,,0.00,0.0000,true,1,1420236
88888174,true,מפעל-תוצרת גמורה,,,מפעל-תוצרת גמורה,,0.00,,false,,0.00,0.0000,true,1,1402002
88888175,true,סיגריות,,,סיגריות,,0.00,,false,,0.00,0.0000,true,1,1402003
88888176,true,מאפה טרי פרדס,,,מאפה טרי פרדס,,0.00,,false,,0.00,0.0000,true,1,1402127
88888177,true,קצבייה פרדס,,,קצבייה פרדס,,0.00,,false,,0.00,0.0000,true,1,1402501
88888178,true,ואביזרים (ללא מלאי),,,ואביזרים (ללא מלאי),,0.00,,false,,0.00,0.0000,true,1,1420237
88888179,true,פירות יבשים ללא מעמ,,,פירות יבשים ללא מעמ,,0.00,,false,,0.00,0.0000,true,1,1410232
88888999,true,,,,,,0.00,,false,,0.00,0.0000,true,1,1402004
90087066,false,מיץ תפוזים 100% טבעי,,,מיץ תפוזים 100% טבעי,מיליליטרים,1000.00,"100 מ""ל",false,,11.90,0.0119,true,1,1416350
90087547,false,מיץ עגבניות ראוצ' 1,,,מיץ עגבניות ראוצ' 1,מיליליטרים,1000.00,"100 מ""ל",false,,11.90,0.0119,true,1,1416569
90087974,false,חומץ טבעי מתפוחים רא,,,חומץ טבעי מתפוחים רא,מיליליטרים,750.00,"100 מ""ל",false,,12.90,0.0172,true,1,1416352
90162800,false,משקה אנרגיה רד בול ל,,,משקה אנרגיה רד בול ל,מיליליטרים,250.00,"100 מ""ל",false,,6.90,0.0276,true,1,1405167
4023288518,false,אוכמניות יחידה,,,אוכמניות יחידה,גרמים,125.00,100 גרם,false,,19.90,0.1592,true,1,1419401
8112100298,false,שמן שומשום טהור 185,,,שמן שומשום טהור 185,מיליליטרים,500.00,"100 מ""ל",false,,14.90,0.0298,true,1,1397882
11182700916,false,שעועית לבנה קינג קול,,,שעועית לבנה קינג קול,גרמים,439.00,100 גרם,false,,9.90,0.0226,true,1,1414013
11182700954,false,קינג קול שעועית שחור,,,קינג קול שעועית שחור,גרמים,439.00,100 גרם,false,,9.90,0.0226,true,1,1414097
16000185517,false,פייבר וואן 555 גרם,,,פייבר וואן 555 גרם,גרמים,555.00,100 גרם,false,,28.90,0.0521,true,1,1415185
16000423534,false,חטיפי גרנולה שיבולת,,,חטיפי גרנולה שיבולת,גרמים,210.00,100 גרם,false,,19.90,0.0948,true,1,1397963
16000548404,false,חטיפי גרנולה שיבולת,,,חטיפי גרנולה שיבולת,גרמים,210.00,100 גרם,false,,19.90,0.0948,true,1,1397964
16000548602,false,חטיפי גרנולה קינמון,,,חטיפי גרנולה קינמון,גרמים,120.00,100 גרם,false,,19.90,0.1658,true,1,1397966
16000548909,false,חטיפי גרנולה במגוון,,,חטיפי גרנולה במגוון,גרמים,210.00,100 גרם,false,,19.90,0.0948,true,1,1397967
25675120006,false,מקלות חמצוצים 100 גר,,,מקלות חמצוצים 100 גר,גרמים,100.00,100 גרם,false,,8.90,0.0890,true,1,1418350
25675120020,false,מקלות חמצוצים 100 גר,,,מקלות חמצוצים 100 גר,גרמים,100.00,100 גרם,false,,8.90,0.0890,true,1,1418351
25675120037,false,מקלות חמצוצים` 100 ג,,,מקלות חמצוצים` 100 ג,גרמים,100.00,100 גרם,false,,8.90,0.0890,true,1,1418352
25675120068,false,מקלות חמצוצים` 100 ג,,,מקלות חמצוצים` 100 ג,גרמים,100.00,100 גרם,false,,8.90,0.0890,true,1,1418354
25675301108,false,סוכריות חמצוצים בטעם,,,סוכריות חמצוצים בטעם,גרמים,50.00,100 גרם,false,,4.90,0.0980,true,1,1408308
25675301153,false,סוכריות חמצוצים בטעם,,,סוכריות חמצוצים בטעם,גרמים,50.00,100 גרם,false,,4.90,0.0980,true,1,1408309
25700005650,false,זיפלוק שקיות הקפאה ג,,,זיפלוק שקיות הקפאה ג,יחידה,14.00,יחידה,false,,13.90,0.9929,true,1,1410406
25700005698,false,זיפלוק שקיות אחסון ב,,,זיפלוק שקיות אחסון ב,יחידה,24.00,יחידה,false,,13.90,0.5792,true,1,1410407
30000315989,false,קוואקר פרוטאין חמוצי,,,קוואקר פרוטאין חמוצי,גרמים,372.00,100 גרם,false,,22.90,0.0616,true,1,1403957
33383220291,false,אוכמניות יחידה,,,אוכמניות יחידה,גרמים,125.00,100 גרם,false,,19.90,0.1592,true,1,1414549
34000470563,false,ריסז מיניס פאוצ' 215,,,ריסז מיניס פאוצ' 215,גרמים,215.00,100 גרם,false,,18.90,0.0879,true,1,1414996
37600207188,false,חמאת בוטנים קלאסית ס,,,חמאת בוטנים קלאסית ס,גרמים,462.00,100 גרם,false,,18.90,0.0409,true,1,1395045
37600207256,false,חמאת בוטנים סקיפי עם,,,חמאת בוטנים סקיפי עם,גרמים,462.00,100 גרם,false,,18.90,0.0409,true,1,1395046
37600297967,false,מטבל סלסה Chi-Chi's,,,מטבל סלסה Chi-Chi's,גרמים,439.00,100 גרם,false,,19.90,0.0453,true,1,1419177
38000232169,false,פרינגלס אורגינל 67 ג,,,פרינגלס אורגינל 67 ג,גרמים,67.00,100 גרם,false,,5.90,0.0881,true,1,1406430
38000232183,false,פרינגלס אורגינל 149,,,פרינגלס אורגינל 149,גרמים,149.00,100 גרם,false,,8.90,0.0597,true,1,1406432
38000845253,false,פרינגלס שמנת בצל 71,,,פרינגלס שמנת בצל 71,גרמים,71.00,100 גרם,false,,5.90,0.0831,true,1,1395051
38527591053,false,קוואקר ריבועים קנמון,,,קוואקר ריבועים קנמון,גרמים,411.00,100 גרם,false,,19.90,0.0484,true,1,1393529
38527591060,false,קוואקר ריבועים סוכר,,,קוואקר ריבועים סוכר,גרמים,411.00,100 גרם,false,,19.90,0.0484,true,1,1393530
40000512943,false,סוכריות שוקולד במילו,,,סוכריות שוקולד במילו,גרמים,303.00,100 גרם,false,,21.90,0.0723,true,1,1415070
40000513568,false,סוכריות שוקולד אם אנ,,,סוכריות שוקולד אם אנ,גרמים,156.00,100 גרם,false,,11.90,0.0763,true,1,1401759
40000514480,false,סוכריות שוקולד צבעונ,,,סוכריות שוקולד צבעונ,גרמים,48.00,100 גרם,false,,4.90,0.1021,true,1,1401761
40000514510,false,סוכריות שוקולד במילו,,,סוכריות שוקולד במילו,גרמים,49.00,100 גרם,false,,4.90,0.1000,true,1,1401762
40232885518,false,אוכמניות יחידה,,,אוכמניות יחידה,גרמים,125.00,100 גרם,false,,19.90,0.1592,true,1,1419112
41190069484,false,רוטב עגבניות בזיליקו,,,רוטב עגבניות בזיליקו,גרמים,680.00,100 גרם,false,,16.90,0.0249,true,1,1414019
41390001079,false,רוטב סויה דל נתרן קי,,,רוטב סויה דל נתרן קי,מיליליטרים,444.00,"100 מ""ל",false,,20.90,0.0471,true,1,1395054
55369902557,false,רסק תפוחים רביעייה 1,,,רסק תפוחים רביעייה 1,גרמים,452.00,100 גרם,false,,15.90,0.0352,true,1,1414011
55369902564,false,רסק תפוחים ללא סוכר,,,רסק תפוחים ללא סוכר,גרמים,452.00,100 גרם,false,,15.90,0.0352,true,1,1414012
64144090013,false,תרסיס שמן קנולה בטעם,,,תרסיס שמן קנולה בטעם,גרמים,148.00,100 גרם,false,,17.90,0.1209,true,1,1404080
64144090051,false,פאם קנולה 148 מ'ל,,,פאם קנולה 148 מ'ל,גרמים,170.00,100 גרם,false,,17.90,0.1053,true,1,1397970
70221011116,false,טובלרון 100 גרם,,,טובלרון 100 גרם,גרמים,100.00,100 גרם,false,,11.90,0.1190,true,1,1415961
72600062320,false,הר חטיף בוטנים עם גב,,,הר חטיף בוטנים עם גב,גרמים,198.00,100 גרם,false,,23.90,0.1207,true,1,1414031
76840002542,false,גלידת חמאת בוטנים עם,,,גלידת חמאת בוטנים עם,מיליליטרים,500.00,"100 מ""ל",false,,23.90,0.0478,true,1,1408028
76840100156,false,גלידה צ'רי גרסיה בן&,,,גלידה צ'רי גרסיה בן&,100 0,500.00,100 0,false,,23.90,0.0478,true,1,1401532
76840100583,false,גלידת וניל עם בצק עו,,,גלידת וניל עם בצק עו,מיליליטרים,473.00,"100 מ""ל",false,,23.90,0.0505,true,1,1401533
76840400218,false,גלידה בטעם עוגת גבינ,,,גלידה בטעם עוגת גבינ,מיליליטרים,473.00,"100 מ""ל",false,,23.90,0.0505,true,1,1401540
76840620029,false,גלידה בטעם תות שדה ב,,,גלידה בטעם תות שדה ב,100 0,500.00,100 0,false,,23.90,0.0478,true,1,1401546
77245110573,true,סוכריות ללס יוגורט ת,,,סוכריות ללס יוגורט ת,00000000000000000000,0.00,00000000000000000000,false,,6.80,0.0000,true,1,1401125
77245110597,true,סוכריות ללס לימון 80,,,סוכריות ללס לימון 80,00000000000000000000,0.00,00000000000000000000,false,,6.80,0.0000,true,1,1401126
77245110610,false,"סוכריות לל""ס מאסט מנ",,,"סוכריות לל""ס מאסט מנ",גרמים,80.00,100 גרם,false,,7.90,0.0988,true,1,1401127
77245111136,true,סוכריות ללס ריבת חלב,,,סוכריות ללס ריבת חלב,00000000000000000000,0.00,00000000000000000000,false,,6.80,0.0000,true,1,1401128
77975094631,false,סניידרס סנדביץ קרם צ,,,סניידרס סנדביץ קרם צ,גרמים,266.00,100 גרם,false,,16.90,0.0635,true,1,1409800
77975094761,false,סניידרס בטעם צ'דר 34,,,סניידרס בטעם צ'דר 34,גרמים,340.00,100 גרם,false,,16.90,0.0497,true,1,1411764
77975094778,false,סניידרס דבש וחרדל 34,,,סניידרס דבש וחרדל 34,גרמים,340.00,100 גרם,false,,14.90,0.0438,true,1,1412427
77975095133,false,סניידרס- שברי בייגלה,,,סניידרס- שברי בייגלה,גרמים,319.00,100 גרם,false,,16.90,0.0530,true,1,1419438
77975095157,false,סניידרס- שברי בייגלה,,,סניידרס- שברי בייגלה,גרמים,318.00,100 גרם,false,,16.90,0.0531,true,1,1417105
77975095164,false,סניידרס- שברי בייגלה,,,סניידרס- שברי בייגלה,גרמים,318.00,100 גרם,false,,16.90,0.0531,true,1,1419437
85696608044,false,טופו ללא גלוטן 349 ג,,,טופו ללא גלוטן 349 ג,גרמים,349.00,100 גרם,false,,12.90,0.0370,true,1,1397886
401800628512,true,חטיף קורני,,,חטיף קורני,00000000000000000000,0.00,00000000000000000000,false,,15.10,0.0000,true,1,1399456
608614310456,false,אוכמניות יחידה,,,אוכמניות יחידה,גרמים,125.00,100 גרם,false,,0.00,0.0000,true,1,1414061
608614310463,false,אוכמניות יחידה,,,אוכמניות יחידה,גרמים,125.00,100 גרם,false,,19.90,0.1592,true,1,1419436
608614331475,false,כרובית,,,כרובית,יח',1.00,יח',false,,9.90,9.9000,true,1,1404770
609628012114,false,זיתי קלמטה שלמים במי,,,זיתי קלמטה שלמים במי,גרמים,430.00,100 גרם,false,,16.90,0.0393,true,1,1418685
651080647519,false,פלאקרס חוט דנטלי ירו,,,פלאקרס חוט דנטלי ירו,יחידה,1.00,יחידה,false,,11.00,11.0000,true,1,1396489
693493016865,false,מפיץ ריח יוקרתי למון,,,מפיץ ריח יוקרתי למון,יחידה,1.00,יחידה,false,,14.90,14.9000,true,1,1411412
728229123590,false,טרה ירקות שורש בטעם,,,טרה ירקות שורש בטעם,גרמים,110.00,100 גרם,false,,14.90,0.1355,true,1,1396490
728229123811,false,טרה ירקות ים תיכוני,,,טרה ירקות ים תיכוני,גרמים,110.00,100 גרם,false,,14.90,0.1355,true,1,1399458
728229130154,false,טרה בטטה וסלק 110 גר,,,טרה בטטה וסלק 110 גר,גרמים,110.00,100 גרם,false,,14.90,0.1355,true,1,1396492
729007639093,true,פילה אמנון בלו פיש 5,,,פילה אמנון בלו פיש 5,קילוגרמים,1.00,"ק""ג",true,,29.90,29.9000,true,1,1402718
732494000500,false,קרטורס פופקורן קרמל,,,קרטורס פופקורן קרמל,גרמים,710.00,100 גרם,false,,24.90,0.0351,true,1,1414045
732494000524,false,קרטורס פופקורן קרמל,,,קרטורס פופקורן קרמל,גרמים,213.00,100 גרם,false,,24.90,0.1169,true,1,1414046
768404001640,false,"בן אנד ג""ריז קפה",,,"בן אנד ג""ריז קפה",100 0,500.00,100 0,false,,23.90,0.0478,true,1,1401548
805278001847,false,"אורז בסמטי תומר 1 ק""",,,"אורז בסמטי תומר 1 ק""",גרמים,1000.00,100 גרם,false,,10.90,0.0109,true,1,1418781
818570007066,false,תמצית וניל טהור ווטק,,,תמצית וניל טהור ווטק,מיליליטרים,29.00,"100 מ""ל",false,,29.90,1.0310,true,1,1414749
839762002379,false,"איילנד מנגו 350 מ""ל",,,"איילנד מנגו 350 מ""ל",מיליליטרים,350.00,"100 מ""ל",false,,8.20,0.0234,true,1,1396708
841058006633,false,אד'ג ג'ל גילוח מועשר,,,אד'ג ג'ל גילוח מועשר,גרמים,198.00,100 גרם,false,,16.90,0.0854,true,1,1410411
856591000512,false,עוגיות מזרחיות מקלות,,,עוגיות מזרחיות מקלות,גרמים,400.00,100 גרם,false,,19.90,0.0497,true,1,1393805
856591000949,false,מאפה חיטה מלוח 350 ג,,,מאפה חיטה מלוח 350 ג,גרמים,350.00,100 גרם,false,,19.90,0.0569,true,1,1413689
884912102102,false,דגני בוקר סלקטס עם א,,,דגני בוקר סלקטס עם א,גרמים,382.00,100 גרם,false,,24.90,0.0652,true,1,1407771
884912126115,false,דגני גרייט גריינס דט,,,דגני גרייט גריינס דט,גרמים,453.00,100 גרם,false,,24.90,0.0550,true,1,1403686
884920630143,true,חמישיית בצק צבעוני ל,,,חמישיית בצק צבעוני ל,יחידה,0.00,יחידה,false,,18.90,0.0000,true,1,1405178
893594002068,false,פופקורנס מלח ים 28 ג,,,פופקורנס מלח ים 28 ג,גרמים,28.00,100 גרם,false,,5.90,0.2107,true,1,1418319
3014260289287,false,חמישיית סכיני בלו 2,,,חמישיית סכיני בלו 2,יחידה,5.00,יחידה,false,,15.90,3.1800,true,1,1401463
3046920028004,false,שוקולד לינדט אקסלנס,,,שוקולד לינדט אקסלנס,גרמים,100.00,100 גרם,false,,14.90,0.1490,true,1,1414751
3046920028363,false,שוקולד לינדט אקסלנס,,,שוקולד לינדט אקסלנס,גרמים,100.00,100 גרם,false,,14.90,0.1490,true,1,1414752
3046920028752,false,שוקולד לינדט אקסלנס,,,שוקולד לינדט אקסלנס,גרמים,100.00,100 גרם,false,,14.90,0.1490,true,1,1414753
3046920029674,false,שוקולד לינדט אקס' סו,,,שוקולד לינדט אקס' סו,גרמים,100.00,100 גרם,false,,14.90,0.1490,true,1,1414754
3059943016507,false,מבשם אויר איירוויק ס,,,מבשם אויר איירוויק ס,מיליליטרים,240.00,"100 מ""ל",false,,9.90,0.0413,true,1,1412485
3059943016569,false,מבשם אויר איירוויק ס,,,מבשם אויר איירוויק ס,מיליליטרים,240.00,"100 מ""ל",false,,9.90,0.0413,true,1,1412486
3068320055008,false,מים מינרליים אויאן 5,,,מים מינרליים אויאן 5,מיליליטרים,500.00,"100 מ""ל",false,,7.90,0.0158,true,1,1418650
3073781162790,false,בייבי בל אדם 120 גר',,,בייבי בל אדם 120 גר',גרמים,120.00,100 גרם,false,,19.90,0.1658,true,1,1417288
3120581456267,false,יין לבן ייבש שבליס 7,,,יין לבן ייבש שבליס 7,מיליליטרים,750.00,"100 מ""ל",false,,89.90,0.1199,true,1,1412472
3161911229199,false,חמאה רכה אלוויר 250,,,חמאה רכה אלוויר 250,גרמים,250.00,100 גרם,false,,21.90,0.0876,true,1,1395540
3161911366429,false,חמאה רכה מלוחה אלווי,,,חמאה רכה מלוחה אלווי,גרמים,250.00,100 גרם,false,,21.90,0.0876,true,1,1395542
3178530417340,false,עוגות אישיות בראוניז,,,עוגות אישיות בראוניז,גרמים,210.00,100 גרם,false,,16.90,0.0805,true,1,1414212
3178530417357,false,עוגות אישיות בראוניז,,,עוגות אישיות בראוניז,גרמים,210.00,100 גרם,false,,16.90,0.0805,true,1,1414213
3179732348913,false,פרייה מים מינרליים,,,פרייה מים מינרליים,מיליליטרים,6000.00,"100 מ""ל",false,,9.90,0.0017,true,1,1419065
3228022910023,false,חמאה צרפתית פריזידאן,,,חמאה צרפתית פריזידאן,גרמים,200.00,100 גרם,false,,15.90,0.0795,true,1,1411147
3387390320244,false,דגני פיטנס פירות נסט,,,דגני פיטנס פירות נסט,גרמים,375.00,100 גרם,false,,19.90,0.0531,true,1,1393965
3523230026888,false,פירמידה עיזים 140 גר,,,פירמידה עיזים 140 גר,גרמים,140.00,100 גרם,false,,24.90,0.1779,true,1,1395556
3574661530697,false,גונסון בייבי תרחיץ ו,,,גונסון בייבי תרחיץ ו,מיליליטרים,500.00,"100 מ""ל",false,,17.90,0.0358,true,1,1404274
3574669907781,false,גונסון בייבי שמפו גו,,,גונסון בייבי שמפו גו,מיליליטרים,750.00,"100 מ""ל",false,,24.90,0.0332,true,1,1404276
3607343817547,false,דאודורנט ספריי לגבר,,,דאודורנט ספריי לגבר,מיליליטרים,150.00,"100 מ""ל",false,,13.90,0.0927,true,1,1409908
3607345264356,true,דאודורנט,,,דאודורנט,00000000000000000000,0.00,00000000000000000000,false,,14.90,0.0000,true,1,1399460
3661163934983,true,דאו סטיק טים פורס,,,דאו סטיק טים פורס,00000000000000000000,0.00,00000000000000000000,false,,14.90,0.0000,true,1,1399461
3661163970448,true,דאו ספריי לגבר,,,דאו ספריי לגבר,00000000000000000000,0.00,00000000000000000000,false,,14.90,0.0000,true,1,1399462
3661163990323,true,דאודורנט ספריי אדידס,,,דאודורנט ספריי אדידס,מיליליטרים,0.00,"00000000000000000מ""ל",false,,14.90,0.0000,true,1,1399463
3661163990781,true,דאודורנט ספריי אדידס,,,דאודורנט ספריי אדידס,מיליליטרים,0.00,"00000000000000000מ""ל",false,,14.90,0.0000,true,1,1399464
3800020403631,false,קיט קט צ'אנקי חמאת ב,,,קיט קט צ'אנקי חמאת ב,גרמים,42.00,100 גרם,false,,4.50,0.1071,true,1,1410264
3800020423578,false,קיט קט צ'אנקי חלב 40,,,קיט קט צ'אנקי חלב 40,גרמים,40.00,100 גרם,false,,4.50,0.1125,true,1,1397977
3800163830011,false,זיתים שחורים שלמים ב,,,זיתים שחורים שלמים ב,גרמים,600.00,100 גרם,false,,24.90,0.0415,true,1,1419080
4000417022004,false,שוקולד חלב עם צימוקי,,,שוקולד חלב עם צימוקי,גרמים,100.00,100 גרם,false,,8.90,0.0890,true,1,1397981
4000417025005,false,שוקולד מריר במילוי מ,,,שוקולד מריר במילוי מ,גרמים,100.00,100 גרם,false,,8.90,0.0890,true,1,1397982
4000417026002,false,שוקולד פרלין ריטר ספ,,,שוקולד פרלין ריטר ספ,גרמים,100.00,100 גרם,false,,8.90,0.0890,true,1,1404084
4000417101211,false,וופל אמיצ'לי 150 גרם,,,וופל אמיצ'לי 150 גרם,גרמים,150.00,100 גרם,false,,18.90,0.1260,true,1,1414999
4000417101310,false,אמיצ'לי קרם קקאו 150,,,אמיצ'לי קרם קקאו 150,גרמים,150.00,100 גרם,false,,18.90,0.1260,true,1,1420298
4000417211002,false,שוקולד ריטר מוס קרמל,,,שוקולד ריטר מוס קרמל,גרמים,100.00,100 גרם,false,,10.90,0.1090,true,1,1404085
4000417212009,false,שוקולד מריר עם תפוז,,,שוקולד מריר עם תפוז,גרמים,100.00,100 גרם,false,,8.90,0.0890,true,1,1404086
4000417222008,false,שוקולד ריטר חלב שברי,,,שוקולד ריטר חלב שברי,גרמים,100.00,100 גרם,false,,8.90,0.0890,true,1,1397983
4000417298003,false,שוקולד קוקוס ריטר ספ,,,שוקולד קוקוס ריטר ספ,גרמים,100.00,100 גרם,false,,8.90,0.0890,true,1,1404090
4000522009747,false,בייגלה צ'יו מקלות תפ,,,בייגלה צ'יו מקלות תפ,גרמים,80.00,100 גרם,false,,3.90,0.0487,true,1,1403690
4001518003800,false,גריסיני מקלות פריכים,,,גריסיני מקלות פריכים,גרמים,125.00,100 גרם,false,,17.90,0.1432,true,1,1411295
4002590000039,false,סוכריות קלפני הדרים,,,סוכריות קלפני הדרים,גרמים,150.00,100 גרם,false,,9.90,0.0660,true,1,1415002
4005500534600,false,שוקולד קראנץ לבן  10,,,שוקולד קראנץ לבן  10,,1.00,יח,false,,11.90,11.9000,true,1,1419154
4005900555540,false,לבלו כחול אורגינל,,,לבלו כחול אורגינל,יחידה,1.00,יחידה,false,,10.90,10.9000,true,1,1405072
4006387084578,false,קנקן בריטה Marella כ,,,קנקן בריטה Marella כ,יחידה,1.00,יחידה,false,,129.00,129.0000,true,1,1407455
4006387085407,false,שלישיית פילטר MAXTRA,,,שלישיית פילטר MAXTRA,יחידה,3.00,יחידה,false,,129.00,43.0000,true,1,1407456
4008287051032,false,בירה קרומבאכר פילס 5,,,בירה קרומבאכר פילס 5,מיליליטרים,500.00,"100 מ""ל",false,,10.90,0.0218,true,1,1411709
4008287762020,false,בירה קרומבאכר חיטה 5,,,בירה קרומבאכר חיטה 5,מיליליטרים,500.00,"100 מ""ל",false,,10.90,0.0218,true,1,1411703
4009300522935,false,תה ירוק לימונית ולוא,,,תה ירוק לימונית ולוא,גרמים,35.00,100 גרם,false,,16.90,0.4829,true,1,1399287
4009300522966,false,תה ירוק נענע פומפדור,,,תה ירוק נענע פומפדור,גרמים,36.00,100 גרם,false,,16.90,0.4694,true,1,1399288
4009300525684,false,חליטת לימון ג'ינג'ר,,,חליטת לימון ג'ינג'ר,גרמים,35.00,100 גרם,false,,15.90,0.4543,true,1,1411066
4009900402965,false,וייט פירות בקבוקון ד,,,וייט פירות בקבוקון ד,גרמים,64.00,100 גרם,false,,9.90,0.1547,true,1,1401765
4009900403023,false,וויט קלאסי בקבקון דא,,,וויט קלאסי בקבקון דא,גרמים,64.00,100 גרם,false,,9.90,0.1547,true,1,1401766
4009900420129,false,פרופשיונל בקבוקון פפ,,,פרופשיונל בקבוקון פפ,גרמים,64.00,100 גרם,false,,9.90,0.1547,true,1,1401767
4009900455299,false,סקיטלס - פירות 174 ג,,,סקיטלס - פירות 174 ג,גרמים,174.00,100 גרם,false,,9.90,0.0569,true,1,1401768
4009900479998,false,אוכמניות בקבוקון דאב,,,אוכמניות בקבוקון דאב,גרמים,64.00,100 גרם,false,,9.90,0.1547,true,1,1401771
4009900482417,false,בבלמינט בקבוקון דאבל,,,בבלמינט בקבוקון דאבל,גרמים,64.00,100 גרם,false,,9.90,0.1547,true,1,1401772
4009900531122,false,פרופשיונל בקבוקון פפ,,,פרופשיונל בקבוקון פפ,גרמים,64.00,100 גרם,false,,9.90,0.1547,true,1,1401778
4009900535823,false,אורביט רפרשרס באבלמי,,,אורביט רפרשרס באבלמי,גרמים,15.60,100 גרם,false,,3.90,0.2500,true,1,1410701
4009900536288,false,אורביט רפרשרס פפרמינ,,,אורביט רפרשרס פפרמינ,גרמים,67.00,100 גרם,false,,11.90,0.1776,true,1,1410697
4009900539340,false,סקיטלס ג'יינט סאוור,,,סקיטלס ג'יינט סאוור,גרמים,141.00,100 גרם,false,,9.90,0.0702,true,1,1414692
4009900539432,false,פייב באונס אבטיח 14.,,,פייב באונס אבטיח 14.,גרמים,14.40,100 גרם,false,,3.90,0.2708,true,1,1416512
4009900539685,false,פייב מנטה בקבוקון 61,,,פייב מנטה בקבוקון 61,גרמים,61.80,100 גרם,false,,11.90,0.1926,true,1,1416513
4009900539746,false,פייב אבטיח בקבוקון 6,,,פייב אבטיח בקבוקון 6,גרמים,61.80,100 גרם,false,,11.90,0.1926,true,1,1416514
4009900540551,false,גומי לעיסה פירות טרו,,,גומי לעיסה פירות טרו,גרמים,67.00,100 גרם,false,,11.90,0.1776,true,1,1415324
4011800290030,false,קורני חלבון שוקו 50,,,קורני חלבון שוקו 50,גרמים,50.00,100 גרם,false,,8.90,0.1780,true,1,1417458
4011800290054,false,קורני חלבון קוקוס 50,,,קורני חלבון קוקוס 50,גרמים,50.00,100 גרם,false,,8.90,0.1780,true,1,1417459
4011800290078,false,קורני חלבון עוגיות 5,,,קורני חלבון עוגיות 5,גרמים,50.00,100 גרם,false,,9.90,0.1980,true,1,1419530
4011800290092,false,קורני חלבון וניל 50,,,קורני חלבון וניל 50,גרמים,50.00,100 גרם,false,,9.90,0.1980,true,1,1419531
4011800562014,true,חטיף קורני 2,,,חטיף קורני 2,00000000000000000000,0.00,00000000000000000000,false,,12.10,0.0000,true,1,1399465
4011800628512,false,קורני בייס שוקו 150,,,קורני בייס שוקו 150,גרמים,150.00,100 גרם,false,,10.90,0.0727,true,1,1396493
4011800630515,false,קורני בייס שוק בננה,,,קורני בייס שוק בננה,גרמים,150.00,100 גרם,false,,10.90,0.0727,true,1,1396496
4011800633516,false,קורני בייס דרק שוק 1,,,קורני בייס דרק שוק 1,גרמים,138.00,100 גרם,false,,10.90,0.0790,true,1,1396497
4011800635510,true,חטיף קורני,,,חטיף קורני,00000000000000000000,0.00,00000000000000000000,false,,15.10,0.0000,true,1,1399469
4011800638511,true,חטיף קורני טעים במיו,,,חטיף קורני טעים במיו,00000000000000000000,0.00,00000000000000000000,false,,15.10,0.0000,true,1,1399471
4011800658113,true,חטיף קורני שוקולד לב,,,חטיף קורני שוקולד לב,00000000000000000000,0.00,00000000000000000000,false,,15.10,0.0000,true,1,1399472
4014400900217,false,בונבוניירה מרסי ליימ,,,בונבוניירה מרסי ליימ,גרמים,400.00,100 גרם,false,,49.90,0.1247,true,1,1409844
4014400907902,false,סוכריות חמאה ללא תוס,,,סוכריות חמאה ללא תוס,גרמים,42.00,100 גרם,false,,6.90,0.1643,true,1,1397987
4014400909692,false,וורטר בוקס קפה ללא ת,,,וורטר בוקס קפה ללא ת,גרמים,42.00,100 גרם,false,,6.90,0.1643,true,1,1397988
4014400914696,false,סוכריות חמאה ללא סוכ,,,סוכריות חמאה ללא סוכ,גרמים,80.00,100 גרם,false,,8.90,0.1113,true,1,1397991
4014400914924,false,סוכריות ללא סוכר קפה,,,סוכריות ללא סוכר קפה,גרמים,80.00,100 גרם,false,,9.50,0.1188,true,1,1397992
4014400920857,false,סוכריות ללא סוכר קרמ,,,סוכריות ללא סוכר קרמ,גרמים,70.00,100 גרם,false,,9.90,0.1414,true,1,1397993
4014400923711,false,בונבוניירה טופיפי 12,,,בונבוניירה טופיפי 12,גרמים,125.00,100 גרם,false,,12.90,0.1032,true,1,1397994
4015000519915,false,פה דאודורנט ספריי פי,,,פה דאודורנט ספריי פי,מיליליטרים,200.00,"100 מ""ל",false,,9.90,0.0495,true,1,1399969
4015400564034,false,מגן תחתון אולוויז מג,,,מגן תחתון אולוויז מג,גרמים,250.00,100 גרם,false,,19.90,0.0796,true,1,1410794
4015400564454,false,מגן תחתון אולוויז מג,,,מגן תחתון אולוויז מג,גרמים,234.00,100 גרם,false,,19.90,0.0850,true,1,1401464
4015400681670,false,תחבושות אולוויז וליו,,,תחבושות אולוויז וליו,גרמים,126.00,100 גרם,false,,19.90,0.1579,true,1,1401466
4015400755241,false,תחבושות אולוויז וליו,,,תחבושות אולוויז וליו,גרמים,136.00,100 גרם,false,,19.90,0.1463,true,1,1401472
4015400990482,false,אבקת כביסה אריאל קול,,,אבקת כביסה אריאל קול,גרמים,3000.00,100 גרם,false,,34.90,0.0116,true,1,1409981
4015600762742,false,שמפו לשיער הנוסחה הק,,,שמפו לשיער הנוסחה הק,מיליליטרים,500.00,"100 מ""ל",false,,19.90,0.0398,true,1,1401476
4015600762780,false,שמפו וקונדישינר לשיע,,,שמפו וקונדישינר לשיע,מיליליטרים,500.00,"100 מ""ל",false,,19.90,0.0398,true,1,1409692
4100130937163,false,בירה בק'ס שישייה 275,,,בירה בק'ס שישייה 275,מיליליטרים,1650.00,"100 מ""ל",false,,29.90,0.0181,true,1,1407130
4100470106700,false,"חומץ תפוחים 750 מ""ל",,,"חומץ תפוחים 750 מ""ל",מיליליטרים,750.00,"100 מ""ל",false,,21.90,0.0292,true,1,1406979
4600682409458,false,בירה בלטיקה מס0.45 9,,,בירה בלטיקה מס0.45 9,מיליליטרים,450.00,"100 מ""ל",false,,8.90,0.0198,true,1,1408343
4603400000043,false,וודקה רוסקי סטנדרט 7,,,וודקה רוסקי סטנדרט 7,מיליליטרים,700.00,"100 מ""ל",false,,64.90,0.0927,true,1,1408339
4605561011975,false,חתיכות פילה הרינג בש,,,חתיכות פילה הרינג בש,גרמים,150.00,100 גרם,false,,7.90,0.0527,true,1,1417049
4605561012613,false,פילה הרינג (קצוץ) בש,,,פילה הרינג (קצוץ) בש,גרמים,400.00,100 גרם,false,,16.90,0.0422,true,1,1414802
4605561013009,false,פילה הרינג בשמן 400,,,פילה הרינג בשמן 400,גרמים,400.00,100 גרם,false,,16.90,0.0422,true,1,1414803
4640018993343,false,פיניש קוואנטום 30 קפ,,,פיניש קוואנטום 30 קפ,יחידה,30.00,יחידה,false,,39.90,1.3300,true,1,1412490
4710068001692,false,מאסטר קפה לאטה,,,מאסטר קפה לאטה,מיליליטרים,240.00,"100 מ""ל",false,,7.20,0.0300,true,1,1396712
4710068001715,false,קפה בטעם טירמיסו מאס,,,קפה בטעם טירמיסו מאס,מיליליטרים,240.00,"100 מ""ל",false,,6.90,0.0288,true,1,1396713
4750021005725,false,וודקה ללא גלוטן כשרה,,,וודקה ללא גלוטן כשרה,מיליליטרים,700.00,"100 מ""ל",false,,74.90,0.1070,true,1,1411506
4751007738064,false,שפרוטים מעושנים לרסן,,,שפרוטים מעושנים לרסן,גרמים,160.00,100 גרם,false,,11.90,0.0744,true,1,1417785
4770179109991,false,בונ' שוק' עם וודקה,,,בונ' שוק' עם וודקה,גרמים,190.00,100 גרם,false,,18.90,0.0995,true,1,1418425
4770179125045,false,טב' שוקולד מריר עם ק,,,טב' שוקולד מריר עם ק,גרמים,100.00,100 גרם,false,,5.90,0.0590,true,1,1418429
4770179125076,false,"שוק ""טב ""שוקולד מריר",,,"שוק ""טב ""שוקולד מריר",גרמים,100.00,100 גרם,false,,5.50,0.0550,true,1,1411557
4770179125144,false,שוקולד מריר עם קרם ק,,,שוקולד מריר עם קרם ק,גרמים,100.00,100 גרם,false,,5.50,0.0550,true,1,1411559
4770179998397,false,בונבוניירה פרליני שו,,,בונבוניירה פרליני שו,גרמים,110.00,100 גרם,false,,10.90,0.0991,true,1,1413714
4770577201204,false,סלק אדום מקולף 1 קיל,,,סלק אדום מקולף 1 קיל,יחידה,1.00,יחידה,false,,9.90,9.9000,true,1,1404111
4810168000011,false,פילה דג הרינג מלוח מ,,,פילה דג הרינג מלוח מ,גרמים,250.00,100 גרם,false,,13.90,0.0556,true,1,1414804
4810168000998,false,פילה הרינג מלוח עם ב,,,פילה הרינג מלוח עם ב,גרמים,260.00,100 גרם,false,,18.90,0.0727,true,1,1414806
4810168001056,false,פילה הרינג מלוח מצונ,,,פילה הרינג מלוח מצונ,גרמים,260.00,100 גרם,false,,18.90,0.0727,true,1,1414807
4810168018795,false,חתיכות פילה דג הרינג,,,חתיכות פילה דג הרינג,גרמים,200.00,100 גרם,false,,13.90,0.0695,true,1,1414808
4810168055035,false,כיסונים במילוי טבורו,,,כיסונים במילוי טבורו,גרמים,450.00,100 גרם,false,,15.90,0.0353,true,1,1414820
4810168055165,false,לביבות גבינת טבורוג,,,לביבות גבינת טבורוג,גרמים,450.00,100 גרם,false,,18.90,0.0420,true,1,1414822
4810168058975,false,פילה דג הרינג סקנדינ,,,פילה דג הרינג סקנדינ,גרמים,260.00,100 גרם,false,,18.90,0.0727,true,1,1418303
4810168058999,false,פילה דג הרינג סקנדינ,,,פילה דג הרינג סקנדינ,גרמים,250.00,100 גרם,false,,13.90,0.0556,true,1,1417381
4823077608513,false,רושן סוכריות טופי חל,,,רושן סוכריות טופי חל,גרמים,205.00,100 גרם,false,,6.90,0.0337,true,1,1414826
4823077613203,false,שוקולד רושן מריר עם,,,שוקולד רושן מריר עם,גרמים,90.00,100 גרם,false,,8.50,0.0944,true,1,1414830
4823077613630,false,חטיף שוקולד רושן ממו,,,חטיף שוקולד רושן ממו,גרמים,43.00,100 גרם,false,,3.50,0.0814,true,1,1414831
4823077614675,false,ביסקוויט לקפה רושן ב,,,ביסקוויט לקפה רושן ב,גרמים,185.00,100 גרם,false,,3.90,0.0211,true,1,1417111
4823077614699,false,ביסקוויט לקפה רושן ב,,,ביסקוויט לקפה רושן ב,גרמים,185.00,100 גרם,false,,3.90,0.0211,true,1,1417112
4823077614767,false,שוקולד רושן חלב נוגט,,,שוקולד רושן חלב נוגט,גרמים,90.00,100 גרם,false,,4.90,0.0544,true,1,1414832
4823077614804,false,שוקולד רושן חלב נוגט,,,שוקולד רושן חלב נוגט,גרמים,90.00,100 גרם,false,,4.90,0.0544,true,1,1414833
4823077617041,false,חטיף שוקולד רושן ממו,,,חטיף שוקולד רושן ממו,גרמים,43.00,100 גרם,false,,2.90,0.0674,true,1,1414835
4823077618161,false,גליליות רושן קונאפטו,,,גליליות רושן קונאפטו,גרמים,140.00,100 גרם,false,,6.90,0.0493,true,1,1415960
4823077618901,false,בונבוניירה רושן SHOO,,,בונבוניירה רושן SHOO,גרמים,150.00,100 גרם,false,,13.90,0.0927,true,1,1414836
4823077623684,false,רושן סוכריות ממולאות,,,רושן סוכריות ממולאות,גרמים,150.00,100 גרם,false,,4.90,0.0327,true,1,1414841
4823077623714,false,רושן סוכריות טופי ממ,,,רושן סוכריות טופי ממ,גרמים,150.00,100 גרם,false,,6.90,0.0460,true,1,1414842
4823077624223,false,רושן ממתקי סוכריות ג,,,רושן ממתקי סוכריות ג,גרמים,200.00,100 גרם,false,,6.90,0.0345,true,1,1414843
4823077624247,false,רושן ממתקי סוכריות ג,,,רושן ממתקי סוכריות ג,גרמים,200.00,100 גרם,false,,6.90,0.0345,true,1,1414844
4823077625145,false,בונבוניירה רושן דובד,,,בונבוניירה רושן דובד,גרמים,155.00,100 גרם,false,,13.90,0.0897,true,1,1414850
4823077625589,false,וופל רושן בטעם חלב 2,,,וופל רושן בטעם חלב 2,גרמים,216.00,100 גרם,false,,6.90,0.0319,true,1,1414851
4823077625602,false,וופל רושן בטעם שוקול,,,וופל רושן בטעם שוקול,גרמים,216.00,100 גרם,false,,5.90,0.0273,true,1,1414852
4823077625626,false,וופל רושן בטעם אגוז,,,וופל רושן בטעם אגוז,גרמים,216.00,100 גרם,false,,5.90,0.0273,true,1,1414853
4823077626203,false,שוקולד רושן אורירי מ,,,שוקולד רושן אורירי מ,גרמים,80.00,100 גרם,false,,6.90,0.0863,true,1,1414855
4823077626227,false,שוקולד רושן אורירי ח,,,שוקולד רושן אורירי ח,גרמים,80.00,100 גרם,false,,6.90,0.0863,true,1,1414856
4823077626241,false,שוקולד רושן אורירי ל,,,שוקולד רושן אורירי ל,גרמים,80.00,100 גרם,false,,6.90,0.0863,true,1,1414857
4823077626364,false,שוקולד אורירי לבן רו,,,שוקולד אורירי לבן רו,גרמים,80.00,100 גרם,false,,6.90,0.0863,true,1,1415308
4823077629136,false,שוקולדרושן חלב 90 גר,,,שוקולדרושן חלב 90 גר,גרמים,90.00,100 גרם,false,,6.90,0.0767,true,1,1417900
4823077630996,false,סנדוויץ' קרקר קקאו-א,,,סנדוויץ' קרקר קקאו-א,גרמים,235.00,100 גרם,false,,9.90,0.0421,true,1,1414868
4823077631467,false,קרקר עם מלח ים רושן,,,קרקר עם מלח ים רושן,גרמים,168.00,100 גרם,false,,5.50,0.0327,true,1,1414869
4823077631474,false,קרקר קלאסי רושן 168,,,קרקר קלאסי רושן 168,גרמים,168.00,100 גרם,false,,5.50,0.0327,true,1,1414870
4823077631856,false,גליליות רושן קונאפטו,,,גליליות רושן קונאפטו,גרמים,140.00,100 גרם,false,,6.90,0.0493,true,1,1414871
4823077631863,false,גליליות רושן קונאפטו,,,גליליות רושן קונאפטו,גרמים,140.00,100 גרם,false,,6.90,0.0493,true,1,1414872
4823077632112,false,וופל רושן בטעם קקאו,,,וופל רושן בטעם קקאו,גרמים,216.00,100 גרם,false,,6.90,0.0319,true,1,1414874
4823077632259,false,חטיף שוקולד רושן עם,,,חטיף שוקולד רושן עם,גרמים,38.00,100 גרם,false,,3.50,0.0921,true,1,1414875
4823077632570,false,שוקולד רושן מריר 85,,,שוקולד רושן מריר 85,גרמים,85.00,100 גרם,false,,6.50,0.0765,true,1,1414880
4823077632587,false,שוקולד רושן חלב עם ש,,,שוקולד רושן חלב עם ש,גרמים,90.00,100 גרם,false,,8.50,0.0944,true,1,1414881
4823077632594,false,שוקולד רושן חלב עם א,,,שוקולד רושן חלב עם א,גרמים,90.00,100 גרם,false,,8.50,0.0944,true,1,1414882
4823077633034,false,גליליות רושן קונאפטו,,,גליליות רושן קונאפטו,גרמים,140.00,100 גרם,false,,6.90,0.0493,true,1,1414885
4823077633058,false,גליליות רושן קונאפטו,,,גליליות רושן קונאפטו,גרמים,140.00,100 גרם,false,,6.90,0.0493,true,1,1414886
4823077633317,false,עוגיות לביטה שוקולד,,,עוגיות לביטה שוקולד,גרמים,150.00,100 גרם,false,,6.90,0.0460,true,1,1414887
4823077633324,false,עוגיות שוקוצ'יפס לבי,,,עוגיות שוקוצ'יפס לבי,גרמים,150.00,100 גרם,false,,6.90,0.0460,true,1,1414888
4823077633348,false,עוגיות רושן לביטה עם,,,עוגיות רושן לביטה עם,גרמים,15.00,100 גרם,false,,6.90,0.4600,true,1,1414889
4823077633508,false,חטיף וופל במילוי קרם,,,חטיף וופל במילוי קרם,גרמים,34.00,100 גרם,false,,3.50,0.1029,true,1,1417902
4823077633515,false,חטיף וופל במילוי קרם,,,חטיף וופל במילוי קרם,גרמים,34.00,100 גרם,false,,3.50,0.1029,true,1,1417903
4823077634369,false,שוקולד רושן חלב אוור,,,שוקולד רושן חלב אוור,גרמים,85.00,100 גרם,false,,6.90,0.0812,true,1,1417905
4823077634376,false,שוקולד רושן חלב אוור,,,שוקולד רושן חלב אוור,גרמים,85.00,100 גרם,false,,6.90,0.0812,true,1,1417906
4823077634420,false,עוגות אישיות חלב 270,,,עוגות אישיות חלב 270,גרמים,270.00,100 גרם,false,,14.90,0.0552,true,1,1414901
4823077635533,false,וופל רושן קרם חלב גו,,,וופל רושן קרם חלב גו,גרמים,350.00,100 גרם,false,,17.90,0.0511,true,1,1415647
4823077636172,false,וופל רושן בטעם לימון,,,וופל רושן בטעם לימון,גרמים,216.00,100 גרם,false,,5.90,0.0273,true,1,1417380
4823077636547,false,סוכריות ממולאות בטעם,,,סוכריות ממולאות בטעם,גרמים,468.00,100 גרם,false,,12.90,0.0276,true,1,1417262
4860019001346,false,מים מינרליים בורז'ומ,,,מים מינרליים בורז'ומ,מיליליטרים,500.00,"100 מ""ל",false,,7.90,0.0158,true,1,1408348
4891228430085,false,סכיני גילוח 3 להבים,,,סכיני גילוח 3 להבים,יחידה,4.00,יחידה,false,,19.90,4.9750,true,1,1409455
4903001904192,false,רוטב סויה יאמסה 500,,,רוטב סויה יאמסה 500,מיליליטרים,500.00,"100 מ""ל",false,,18.90,0.0378,true,1,1397998
5000127533196,false,קלוגס ווראייטי 191 ג,,,קלוגס ווראייטי 191 ג,גרמים,191.00,100 גרם,false,,22.90,0.1199,true,1,1395058
5000146057710,false,וינדולין ספריי לניקו,,,וינדולין ספריי לניקו,מיליליטרים,750.00,"100 מ""ל",false,,8.90,0.0119,true,1,1412493
5000157143365,false,רוטב טעם מיונז וקטשו,,,רוטב טעם מיונז וקטשו,מיליליטרים,425.00,"100 מ""ל",false,,15.90,0.0374,true,1,1408011
5000159020312,false,מלטיזרס 37 גרם,,,מלטיזרס 37 גרם,גרמים,37.00,100 גרם,false,,4.90,0.1324,true,1,1401781
5000159376655,false,סקיטלס פירות 38 גרם,,,סקיטלס פירות 38 גרם,גרמים,38.00,100 גרם,false,,3.00,0.0789,true,1,1401782
5000159461122,false,חטיף סניקרס 50 גרם,,,חטיף סניקרס 50 גרם,גרמים,50.00,100 גרם,false,,3.90,0.0780,true,1,1401793
5000159538640,false,מאגדת באונטי 5*57 גר,,,מאגדת באונטי 5*57 גר,גרמים,285.00,100 גרם,false,,12.90,0.0453,true,1,1412024
5000168199245,false,שוקולד חלב מעולה קרם,,,שוקולד חלב מעולה קרם,גרמים,90.00,100 גרם,false,,14.90,0.1656,true,1,1393812
5000171030696,true,סרדינים בשמן זית 120,,,סרדינים בשמן זית 120,גרמים,0.00,00000000000000000גרם,false,,10.90,0.0000,true,1,1399473
5000189974579,false,קיט קט מיני חטיף ופל,,,קיט קט מיני חטיף ופל,גרמים,200.00,100 גרם,false,,14.90,0.0745,true,1,1397999
5000204048803,false,נוזל לניקוי נעלי ספו,,,נוזל לניקוי נעלי ספו,מיליליטרים,75.00,"100 מ""ל",false,,16.90,0.2253,true,1,1414474
5000204182057,false,גלייד ג'ל ריחני בניח,,,גלייד ג'ל ריחני בניח,גרמים,180.00,100 גרם,false,,15.90,0.0883,true,1,1412405
5000204657883,true,משחת נעליים צבע חום,,,משחת נעליים צבע חום,00000000000000000000,0.00,00000000000000000000,false,,5.90,0.0000,true,1,1399474
5010182998861,false,נוזל לניקוי אסלה ירו,,,נוזל לניקוי אסלה ירו,מיליליטרים,750.00,"100 מ""ל",false,,9.90,0.0132,true,1,1409512
5010327000046,false,"גרנט'ס וויסקי 700 מ""",,,"גרנט'ס וויסקי 700 מ""",מיליליטרים,700.00,"100 מ""ל",false,,92.60,0.1323,true,1,1397711
5010677551281,false,משקה אלכוהולי 4% לימ,,,משקה אלכוהולי 4% לימ,מיליליטרים,275.00,"100 מ""ל",false,,14.70,0.0535,true,1,1396718
5010677551397,false,משקה אלכוהולי ליים 4,,,משקה אלכוהולי ליים 4,מיליליטרים,275.00,"100 מ""ל",false,,15.00,0.0545,true,1,1415682
5010677554398,false,משקה אלכוהולי 4% אבט,,,משקה אלכוהולי 4% אבט,מיליליטרים,275.00,"100 מ""ל",false,,14.70,0.0535,true,1,1396720
5010852000917,false,"ויסקי בארקליס 700 מ""",,,"ויסקי בארקליס 700 מ""",מיליליטרים,700.00,"100 מ""ל",false,,69.90,0.0999,true,1,1408349
5011007003005,false,וויסקי אירי ג'יימסון,,,וויסקי אירי ג'יימסון,מיליליטרים,700.00,"100 מ""ל",false,,100.90,0.1441,true,1,1396721
5011157630281,false,אורז בסמטי טילדה 1 ק,,,אורז בסמטי טילדה 1 ק,גרמים,1000.00,100 גרם,false,,22.90,0.0229,true,1,1404279
5011157671222,false,אורז בסמטי חום מלא ט,,,אורז בסמטי חום מלא ט,גרמים,1000.00,100 גרם,false,,23.90,0.0239,true,1,1413796
5014271350424,false,מעדן 4 פירות 284 גרם,,,מעדן 4 פירות 284 גרם,גרמים,284.00,100 גרם,false,,19.90,0.0701,true,1,1395560
5014271360423,false,מעדן תפוז 284 גרם סא,,,מעדן תפוז 284 גרם סא,גרמים,284.00,100 גרם,false,,19.90,0.0701,true,1,1395561
5014271400426,false,מעדן סאנט דלפור תות,,,מעדן סאנט דלפור תות,גרמים,284.00,100 גרם,false,,19.90,0.0701,true,1,1395563
5029053510811,false,תחבושות קוטקס נורמל+,,,תחבושות קוטקס נורמל+,יחידה,28.00,יחידה,false,,18.90,0.6750,true,1,1395343
5053827213998,false,קלוגס ספיישל קיי 375,,,קלוגס ספיישל קיי 375,גרמים,375.00,100 גרם,false,,21.90,0.0584,true,1,1419520
5060517886516,false,משקה אנרגיה זירו מונ,,,משקה אנרגיה זירו מונ,מיליליטרים,500.00,"100 מ""ל",false,,8.20,0.0164,true,1,1405690
5200100943824,false,עוגיות סובין במילוי,,,עוגיות סובין במילוי,גרמים,170.00,100 גרם,false,,11.90,0.0700,true,1,1415372
5200133120506,false,גליליות קקאו אגוזים,,,גליליות קקאו אגוזים,גרמים,150.00,100 גרם,false,,6.90,0.0460,true,1,1395064
5201004020338,false,קפריס רולס קלאסיק 40,,,קפריס רולס קלאסיק 40,גרמים,400.00,100 גרם,false,,19.90,0.0497,true,1,1414761
5201004021328,true,גליליות וופלים ממולא,,,גליליות וופלים ממולא,00000000000000000000,0.00,00000000000000000000,false,,7.90,0.0000,true,1,1399475
5201184066508,true,נר מספר,,,נר מספר,00000000000000000000,0.00,00000000000000000000,false,,2.50,0.0000,true,1,1399839
5201246002215,false,בירה פילס היילס 500,,,בירה פילס היילס 500,מיליליטרים,500.00,"100 מ""ל",false,,6.20,0.0124,true,1,1404436
5201940010011,false,זיתים שחורים טבעיים,,,זיתים שחורים טבעיים,גרמים,454.00,100 גרם,false,,15.90,0.0350,true,1,1410526
5201940010110,false,זיתים שחורים מזן קלמ,,,זיתים שחורים מזן קלמ,גרמים,454.00,100 גרם,false,,15.90,0.0350,true,1,1410527
5202175001515,false,נאצ'וס בטעם מלוח 225,,,נאצ'וס בטעם מלוח 225,גרמים,225.00,100 גרם,false,,10.90,0.0484,true,1,1397888
5202175001546,false,נאצ'וס בטעם ברביקיו,,,נאצ'וס בטעם ברביקיו,גרמים,225.00,100 גרם,false,,10.90,0.0484,true,1,1397889
5202175002451,false,"טורטיה 25 ס""מ",,,"טורטיה 25 ס""מ",יחידה,4.00,יחידה,false,,8.90,2.2250,true,1,1404650
5202175002581,false,"טורטיה 20 ס""מ",,,"טורטיה 20 ס""מ",יחידה,5.00,יחידה,false,,8.90,1.7800,true,1,1397890
5202287008020,false,צלחות חד פעמיות גדול,,,צלחות חד פעמיות גדול,יחידה,50.00,יחידה,false,,12.90,0.2580,true,1,1400561
5410076933129,false,אבקת כביסה אריאל שוש,,,אבקת כביסה אריאל שוש,קילוגרמים,3.00,"ק""ג",false,,34.90,11.6333,true,1,1401492
5410126006087,false,עוגיות לוטוס 700 גרם,,,עוגיות לוטוס 700 גרם,גרמים,700.00,100 גרם,false,,26.90,0.0384,true,1,1407347
5410126106183,false,ביסקויט ביסקפה לוטוס,,,ביסקויט ביסקפה לוטוס,גרמים,312.00,100 גרם,false,,19.90,0.0638,true,1,1395068
5410126116953,false,לוטוס ממרח ביסקוויט,,,לוטוס ממרח ביסקוויט,גרמים,400.00,100 גרם,false,,23.90,0.0597,true,1,1395069
5410126666038,false,ביסקוויט בטעם קרמל ל,,,ביסקוויט בטעם קרמל ל,גרמים,279.00,100 גרם,false,,12.90,0.0462,true,1,1410498
5410228267515,false,בירה באדוויזר שישייה,,,בירה באדוויזר שישייה,מיליליטרים,1980.00,"100 מ""ל",false,,34.90,0.0176,true,1,1405205
5410769100081,false,"בקבוק לה שוף 330 מ""ל",,,"בקבוק לה שוף 330 מ""ל",מיליליטרים,330.00,"100 מ""ל",false,,15.90,0.0482,true,1,1397713
5411188081852,false,אלפרו משקה סויה וניל,,,אלפרו משקה סויה וניל,מיליליטרים,1000.00,"100 מ""ל",false,,13.90,0.0139,true,1,1399295
5411188110835,false,אלפרו משקה שקדים 1 ל,,,אלפרו משקה שקדים 1 ל,מיליליטרים,1000.00,"100 מ""ל",false,,13.90,0.0139,true,1,1399299
5411188112549,false,אלפרו משקה אורז 1 לי,,,אלפרו משקה אורז 1 לי,מיליליטרים,1000.00,"100 מ""ל",false,,13.90,0.0139,true,1,1399301
5411188112709,false,אלפרו משקה שקדים ללס,,,אלפרו משקה שקדים ללס,מיליליטרים,1000.00,"100 מ""ל",false,,13.90,0.0139,true,1,1399302
5411188115366,false,אלפרו משקה שיבולת שו,,,אלפרו משקה שיבולת שו,מיליליטרים,1000.00,"100 מ""ל",false,,13.90,0.0139,true,1,1399303
5411188115472,false,אלפרו משקה סויה 1 לי,,,אלפרו משקה סויה 1 לי,מיליליטרים,1000.00,"100 מ""ל",false,,13.90,0.0139,true,1,1412076
5411188124689,false,אלפרו משקה שיבולת שו,,,אלפרו משקה שיבולת שו,מיליליטרים,1000.00,"100 מ""ל",false,,13.90,0.0139,true,1,1410190
5411188124726,false,אלפרו משקה ש.שועל שק,,,אלפרו משקה ש.שועל שק,גרמים,1000.00,100 גרם,false,,13.90,0.0139,true,1,1404290
5411188134985,false,אלפרו שיבולת שועל 3.,,,אלפרו שיבולת שועל 3.,מיליליטרים,1000.00,"100 מ""ל",false,,13.90,0.0139,true,1,1413850
5411188135005,false,אלפרו שיבולת שועל 1.,,,אלפרו שיבולת שועל 1.,מיליליטרים,1000.00,"100 מ""ל",false,,13.90,0.0139,true,1,1413851
5411188543398,false,"אלפרו משקה סויה לל""ס",,,"אלפרו משקה סויה לל""ס",מיליליטרים,1000.00,"100 מ""ל",false,,13.90,0.0139,true,1,1410090
5412956213772,false,טב' שוקולד חלב עם שב,,,טב' שוקולד חלב עם שב,גרמים,100.00,100 גרם,false,,9.90,0.0990,true,1,1418434
5412956221197,false,קאשט FUN BAR  חלב עם,,,קאשט FUN BAR  חלב עם,גרמים,180.00,100 גרם,false,,12.90,0.0717,true,1,1418437
5413548040479,false,רפאלו שוקולד מצופה ק,,,רפאלו שוקולד מצופה ק,גרמים,240.00,100 גרם,false,,23.90,0.0996,true,1,1409801
5566774568870,false,"סיר מיני שף 14 ס""מ",,,"סיר מיני שף 14 ס""מ",יחידה,1.00,יחידה,false,,44.90,44.9000,true,1,1402937
5566774569129,false,מברשת סיליקון איכותי,,,מברשת סיליקון איכותי,יחידה,1.00,יחידה,false,,9.90,9.9000,true,1,1405200
5566774569136,false,לקקן סיליקון איכותי,,,לקקן סיליקון איכותי,יחידה,1.00,יחידה,false,,9.90,9.9000,true,1,1405201
5566774569198,false,קולפן פטנט 3 מצבים,,,קולפן פטנט 3 מצבים,יחידה,1.00,יחידה,false,,19.90,19.9000,true,1,1406231
5566774569693,false,סכין סנטוקו,,,סכין סנטוקו,יחידה,1.00,יחידה,false,,19.90,19.9000,true,1,1406233
5566774570590,false,סט 2 משטחי במבוק,,,סט 2 משטחי במבוק,יחידה,1.00,יחידה,false,,34.90,34.9000,true,1,1408543
5566774570682,false,מחבת לפנקייק +מקל,,,מחבת לפנקייק +מקל,יחידה,1.00,יחידה,false,,54.90,54.9000,true,1,1406241
5566774573799,false,מפצל חשמל 1 ל 3 בליס,,,מפצל חשמל 1 ל 3 בליס,יחידה,1.00,יחידה,false,,9.90,9.9000,true,1,1415728
5601008200444,false,עוגיות גודיס טבעות מ,,,עוגיות גודיס טבעות מ,גרמים,150.00,100 גרם,false,,6.90,0.0460,true,1,1399310
5701932026964,false,פופקורן למיקרוגל בתו,,,פופקורן למיקרוגל בתו,גרמים,600.00,100 גרם,false,,16.90,0.0282,true,1,1398002
5701932026971,false,פופקורן למיקרוגל בטע,,,פופקורן למיקרוגל בטע,גרמים,600.00,100 גרם,false,,16.90,0.0282,true,1,1398003
5701932026995,false,פופקורן בטעם טבעי הו,,,פופקורן בטעם טבעי הו,גרמים,510.00,100 גרם,false,,15.90,0.0312,true,1,1407758
5711953106583,false,גבינת שמנת 24.5% בטע,,,גבינת שמנת 24.5% בטע,גרמים,200.00,100 גרם,false,,15.90,0.0795,true,1,1405616
5711953106590,false,גבינת שמנת 24% שומן,,,גבינת שמנת 24% שומן,גרמים,200.00,100 גרם,false,,15.90,0.0795,true,1,1405617
5711953106606,false,גבינת שמנת 23.5% עם,,,גבינת שמנת 23.5% עם,גרמים,200.00,100 גרם,false,,15.90,0.0795,true,1,1405618
5740900403215,false,ממרח לורפק עם מלח 25,,,ממרח לורפק עם מלח 25,גרמים,250.00,100 גרם,false,,16.90,0.0676,true,1,1393064
5740900403222,false,ממרח לורפק עם מלח מו,,,ממרח לורפק עם מלח מו,גרמים,250.00,100 גרם,false,,16.90,0.0676,true,1,1393065
5740900403239,false,ממרח לורפק בלי מלח 2,,,ממרח לורפק בלי מלח 2,גרמים,250.00,100 גרם,false,,16.90,0.0676,true,1,1393066
5740900403260,false,ממרח לורפק ללא מלח מ,,,ממרח לורפק ללא מלח מ,גרמים,250.00,100 גרם,false,,16.90,0.0676,true,1,1393069
5740900403864,false,חמאה עם מלח לורפק 20,,,חמאה עם מלח לורפק 20,גרמים,200.00,100 גרם,false,,11.90,0.0595,true,1,1413852
5900020012814,false,דגני בוקר תפוחים בטע,,,דגני בוקר תפוחים בטע,גרמים,500.00,100 גרם,false,,23.90,0.0478,true,1,1393968
5900020015174,false,פיטנס חטיף דגנים שוק,,,פיטנס חטיף דגנים שוק,גרמים,141.00,100 גרם,false,,14.90,0.1057,true,1,1393969
5900020020710,false,חטיף קראנץ' שוקו וני,,,חטיף קראנץ' שוקו וני,גרמים,150.00,100 גרם,false,,14.90,0.0993,true,1,1393976
5900020026552,false,צ'ריוס האני נאט פרוו,,,צ'ריוס האני נאט פרוו,גרמים,625.00,100 גרם,false,,23.90,0.0382,true,1,1393989
5900020032539,false,חטיף דגני בוקר עם עו,,,חטיף דגני בוקר עם עו,גרמים,138.00,100 גרם,false,,14.90,0.1080,true,1,1411803
5900020034991,false,דגני בוקר צדפים בטעם,,,דגני בוקר צדפים בטעם,גרמים,450.00,100 גרם,false,,23.90,0.0531,true,1,1408030
5900020036407,false,דגני בוקר ליון בטעם,,,דגני בוקר ליון בטעם,גרמים,480.00,100 גרם,false,,23.90,0.0498,true,1,1407936
5900020037916,false,צ'ריוס שיבולת שועל 3,,,צ'ריוס שיבולת שועל 3,גרמים,375.00,100 גרם,false,,15.90,0.0424,true,1,1412325
5902198160403,false,"אקסל 250 TEN מ""ל",,,"אקסל 250 TEN מ""ל",מיליליטרים,250.00,"100 מ""ל",false,,4.10,0.0164,true,1,1396728
5902581683779,false,שוקולד חלב ברון 90 ג,,,שוקולד חלב ברון 90 ג,גרמים,90.00,100 גרם,false,,5.50,0.0611,true,1,1412430
5902581683793,false,שוקולד חלב ממולא קרמ,,,שוקולד חלב ממולא קרמ,גרמים,100.00,100 גרם,false,,5.50,0.0550,true,1,1412432
5906485301012,false,משקה אנרגיה אקסל 250,,,משקה אנרגיה אקסל 250,מיליליטרים,250.00,"100 מ""ל",false,,4.80,0.0192,true,1,1396729
5906485301067,true,שישית אקסל משקה אנרג,,,שישית אקסל משקה אנרג,00000000000000000000,0.00,00000000000000000000,false,,20.00,0.0000,true,1,1396730
5949152110821,false,איירוויק מבשם אוויר,,,איירוויק מבשם אוויר,מיליליטרים,345.00,"100 מ""ל",false,,14.90,0.0432,true,1,1419063
5998710131877,false,ממתק שוקולד 36 גרם C,,,ממתק שוקולד 36 גרם C,גרמים,36.00,100 גרם,false,,4.50,0.1250,true,1,1414903
6111094000013,false,קוסקוס בינוני להכנה,,,קוסקוס בינוני להכנה,גרמים,1000.00,100 גרם,false,,16.90,0.0169,true,1,1417769
6111094000228,false,קוסקוס דק דארי 1 קיל,,,קוסקוס דק דארי 1 קיל,גרמים,1000.00,100 גרם,false,,17.90,0.0179,true,1,1417770
6111094002123,false,אטריות דקות דארי 550,,,אטריות דקות דארי 550,גרמים,550.00,100 גרם,false,,9.90,0.0180,true,1,1419249
6253507370600,false,כוסות נייר שתיה חמה,,,כוסות נייר שתיה חמה,יחידה,50.00,יחידה,false,,11.90,0.2380,true,1,1411437
6902176502491,false,סלק מבושל בוואקום,,,סלק מבושל בוואקום,גרמים,500.00,100 גרם,false,,5.90,0.0118,true,1,1419431
6902176502507,false,סלק מבושל בוואקום,,,סלק מבושל בוואקום,גרמים,500.00,100 גרם,false,,5.90,0.0118,true,1,1419432
6910191800287,false,אצות נורי בלו 10 דף,,,אצות נורי בלו 10 דף,יחידה,10.00,יחידה,false,,11.90,1.1900,true,1,1397891
6912977000140,false,אטריות שעועית 250 גר,,,אטריות שעועית 250 גר,גרמים,250.00,100 גרם,false,,8.90,0.0356,true,1,1397892
6922276100083,false,מחית וואסבי -חזרת 43,,,מחית וואסבי -חזרת 43,גרמים,43.00,100 גרם,false,,8.90,0.2070,true,1,1397893
6930548976243,false,שום ארוז יבוא,,,שום ארוז יבוא,יחידה,1.00,יחידה,false,,7.90,7.9000,true,1,1407488
6934932049728,false,אוכמניות יחידה,,,אוכמניות יחידה,גרמים,125.00,100 גרם,false,,19.90,0.1592,true,1,1419111
6936613888667,false,שום ארוז יבוא,,,שום ארוז יבוא,יחידה,1.00,יחידה,false,,7.90,7.9000,true,1,1417161
6970011910237,false,מצת פרמיום,,,מצת פרמיום,יחידה,1.00,יחידה,false,,9.90,9.9000,true,1,1414050
6974640730167,false,פטריות שיטאקה 100 גר,,,פטריות שיטאקה 100 גר,גרמים,100.00,100 גרם,false,,13.90,0.1390,true,1,1417614
7271730901261,false,ארוחת פסטה עם גבינה,,,ארוחת פסטה עם גבינה,גרמים,156.00,100 גרם,false,,12.90,0.0827,true,1,1414008
7290000000035,false,תוספת שתיה בקירור,,,תוספת שתיה בקירור,יחידה,0.00,יחידה,false,,1.00,0.0000,true,1,1413952
7290000000374,false,פטריות שמפיניון א.א.,,,פטריות שמפיניון א.א.,יחידה,1.00,יחידה,false,,9.90,9.9000,true,1,1409949
7290000000411,false,שום ארוז יבוא,,,שום ארוז יבוא,יחידה,1.00,יחידה,false,,7.90,7.9000,true,1,1396878
7290000000695,false,אספרגוס יחידה,,,אספרגוס יחידה,יחידה,1.00,יחידה,false,,29.90,29.9000,true,1,1403827
7290000000912,false,כוס מיץ גזר גדול,,,כוס מיץ גזר גדול,יחידה,0.00,יחידה,false,,14.00,0.0000,true,1,1410346
7290000000951,false,מילוי בלון גומי,,,מילוי בלון גומי,יחידה,1.00,יחידה,false,,6.00,6.0000,true,1,1420380
7290000000960,false,"פקדון רביעיה 1.2 ש""ח",,,"פקדון רביעיה 1.2 ש""ח",יחידה,0.00,יחידה,false,,1.20,0.0000,true,1,1410104
7290000000961,false,"פקדון שישיה 1.8 ש""ח",,,"פקדון שישיה 1.8 ש""ח",יחידה,0.00,יחידה,false,,1.80,0.0000,true,1,1410105
7290000000998,false,פקדון,,,פקדון,יחידה,0.00,יחידה,false,,0.30,0.0000,true,1,1409912
7290000001104,false,פטריות פורטבלה ארוז,,,פטריות פורטבלה ארוז,יחידה,1.00,יחידה,false,,10.90,10.9000,true,1,1401920
7290000005001,false,החזר פקדון 30 אגורות,,,החזר פקדון 30 אגורות,יחידה,0.00,יחידה,false,,0.30,0.0000,true,1,1396694
7290000005002,false,החזר פקדון 1.2 שקל,,,החזר פקדון 1.2 שקל,יחידה,0.00,יחידה,false,,1.20,0.0000,true,1,1396695
7290000009001,false,בננה,,,בננה,קילוגרמים,1.00,"ק""ג",true,,8.70,8.7000,true,1,1401872
7290000009002,false,עגבניה,5 יחידות,,עגבניה,קילוגרמים,1.00,"ק""ג",true,,7.70,7.7000,true,1,1401873
7290000009003,false,מלפפון ירוק,6 יחידות,,מלפפון ירוק,קילוגרמים,1.00,"ק""ג",true,,7.70,7.7000,true,1,1401874
7290000009004,false,לימון,5 יחידות,,לימון,קילוגרמים,1.00,"ק""ג",true,,8.70,8.7000,true,1,1401875
7290000009005,false,אבוקדו,,,אבוקדו,קילוגרמים,1.00,"ק""ג",true,,10.70,10.7000,true,1,1401876
7290000009007,false,תפוח עץ ירוק סמיט,,,תפוח עץ ירוק סמיט,קילוגרמים,1.00,"ק""ג",true,,10.90,10.9000,true,1,1401878
7290000009008,false,תפוח עץ אדום חרמון,,,תפוח עץ אדום חרמון,קילוגרמים,1.00,"ק""ג",true,,9.90,9.9000,true,1,1401879
7290000009010,false,פלפל אדום,5 יחידות,,פלפל אדום,קילוגרמים,1.00,"ק""ג",true,,10.70,10.7000,true,1,1401880
7290000009011,false,קלמנטינה,,,קלמנטינה,קילוגרמים,1.00,"ק""ג",true,,6.90,6.9000,true,1,1401881
7290000009012,false,אפרסמון,,,אפרסמון,קילוגרמים,1.00,"ק""ג",true,,12.90,12.9000,true,1,1401882
7290000009013,false,תפוזים,3 יחידות,,תפוזים,קילוגרמים,1.00,"ק""ג",true,,5.90,5.9000,true,1,1401883
7290000009014,false,תפוח פינק ליידי,,,תפוח פינק ליידי,קילוגרמים,1.00,"ק""ג",true,,15.90,15.9000,true,1,1401884
7290000009015,false,בצל יבש לבן,4 יחידות,,בצל יבש לבן,קילוגרמים,1.00,"ק""ג",true,,4.70,4.7000,true,1,1401885
7290000009016,false,בטטה,,,בטטה,קילוגרמים,1.00,"ק""ג",true,,7.70,7.7000,true,1,1401886
7290000009017,false,אגס ירוק,,,אגס ירוק,קילוגרמים,1.00,"ק""ג",true,,12.90,12.9000,true,1,1401887
7290000009018,false,תפוח עץ מוזהב,,,תפוח עץ מוזהב,קילוגרמים,1.00,"ק""ג",true,,9.90,9.9000,true,1,1401888
7290000009019,false,פלפל צהוב,5 יחידות,,פלפל צהוב,קילוגרמים,1.00,"ק""ג",true,,10.70,10.7000,true,1,1401889
7290000009020,false,שזיף אדום,,,שזיף אדום,קילוגרמים,1.00,"ק""ג",true,,16.70,16.7000,true,1,1401890
7290000009021,false,בצל אדום,4 יחידות,,בצל אדום,קילוגרמים,1.00,"ק""ג",true,,6.70,6.7000,true,1,1401891
7290000009022,false,רימון,,,רימון,קילוגרמים,1.00,"ק""ג",true,,8.70,8.7000,true,1,1401892
7290000009023,false,אננס,,,אננס,יחידה,1.00,יחידה,false,,29.90,29.9000,true,1,1401893
7290000009024,false,חציל,3 יחידות,,חציל,קילוגרמים,1.00,"ק""ג",true,,6.90,6.9000,true,1,1401894
7290000009025,false,כרוב לבן שלם,1 יחידה,,כרוב לבן שלם,קילוגרמים,1.00,"ק""ג",true,,5.70,5.7000,true,1,1401895
7290000009026,false,אשכולית אדומה,,,אשכולית אדומה,קילוגרמים,1.00,"ק""ג",true,,7.70,7.7000,true,1,1401896
7290000009027,false,קיווי,,,קיווי,קילוגרמים,1.00,"ק""ג",true,,12.90,12.9000,true,1,1401897
7290000009029,false,מלון,,,מלון,קילוגרמים,1.00,"ק""ג",true,,6.90,6.9000,true,1,1401899
7290000009030,false,פומלה,,,פומלה,קילוגרמים,1.00,"ק""ג",true,,8.90,8.9000,true,1,1401900
7290000009031,false,פלפל ירוק,5 יחידות,,פלפל ירוק,קילוגרמים,1.00,"ק""ג",true,,9.70,9.7000,true,1,1401901
7290000009032,false,אבטיח אישי,,,אבטיח אישי,קילוגרמים,1.00,"ק""ג",true,,5.90,5.9000,true,1,1401902
7290000009033,false,כרוב אדום שלם,,,כרוב אדום שלם,קילוגרמים,1.00,"ק""ג",true,,5.70,5.7000,true,1,1401903
7290000009034,false,קולורבי,,,קולורבי,קילוגרמים,1.00,"ק""ג",true,,8.90,8.9000,true,1,1401904
7290000009036,false,דלורית,,,דלורית,קילוגרמים,1.00,"ק""ג",true,,6.90,6.9000,true,1,1401906
7290000009037,false,זוקיני ירוק,,,זוקיני ירוק,קילוגרמים,1.00,"ק""ג",true,,9.70,9.7000,true,1,1401907
7290000009039,false,פומלית,,,פומלית,קילוגרמים,1.00,"ק""ג",true,,6.70,6.7000,true,1,1401909
7290000009040,false,שומר,,,שומר,קילוגרמים,1.00,"ק""ג",true,,8.90,8.9000,true,1,1401910
7290000009043,false,גויאבה,,,גויאבה,קילוגרמים,1.00,"ק""ג",true,,14.90,14.9000,true,1,1401913
7290000009046,false,קישוא,5 יחידות,,קישוא,קילוגרמים,1.00,"ק""ג",true,,8.90,8.9000,true,1,1401916
7290000009051,false,"תפו""א לבן תפזורת",,,"תפו""א לבן תפזורת",קילוגרמים,1.00,"ק""ג",true,,4.90,4.9000,true,1,1402539
7290000009052,false,"תפו""א אדום תפזורת",,,"תפו""א אדום תפזורת",קילוגרמים,1.00,"ק""ג",true,,5.90,5.9000,true,1,1402540
7290000009053,false,"תפו""ע לוליפופ",,,"תפו""ע לוליפופ",קילוגרמים,1.00,"ק""ג",true,,15.90,15.9000,true,1,1402541
7290000009054,false,פלפל חריף,,,פלפל חריף,קילוגרמים,1.00,"ק""ג",true,,10.90,10.9000,true,1,1402542
7290000009056,false,סלק אדום תפזורת,,,סלק אדום תפזורת,קילוגרמים,1.00,"ק""ג",true,,4.90,4.9000,true,1,1402544
7290000009061,false,גזר ארוז,,,גזר ארוז,קילוגרמים,1.00,"ק""ג",true,,4.90,4.9000,true,1,1402779
7290000009063,false,כרובית,,,כרובית,יחידה,1.00,יחידה,false,,9.90,9.9000,true,1,1402934
7290000009066,false,צנון,,,צנון,קילוגרמים,1.00,"ק""ג",true,,6.90,6.9000,true,1,1403647
7290000009067,false,לפת,,,לפת,קילוגרמים,1.00,"ק""ג",true,,6.90,6.9000,true,1,1403648
7290000009068,false,שום בתפזורת,,,שום בתפזורת,קילוגרמים,1.00,"ק""ג",true,,22.90,22.9000,true,1,1403649
7290000009072,false,אבטיח,,,אבטיח,קילוגרמים,1.00,"ק""ג",true,,5.90,5.9000,true,1,1403653
7290000009074,false,ענב אדום,,,ענב אדום,קילוגרמים,1.00,"ק""ג",true,,24.90,24.9000,true,1,1403655
7290000009075,false,תירס מתוק,,,תירס מתוק,קילוגרמים,1.00,"ק""ג",true,,8.70,8.7000,true,1,1403656
7290000009078,false,פפאיה,,,פפאיה,קילוגרמים,1.00,"ק""ג",true,,17.90,17.9000,true,1,1403764
7290000009079,false,פלפל בהיר,,,פלפל בהיר,קילוגרמים,1.00,"ק""ג",true,,10.90,10.9000,true,1,1403763
7290000009080,false,ענב ירוק שקיל,,,ענב ירוק שקיל,קילוגרמים,1.00,"ק""ג",true,,24.90,24.9000,true,1,1403833
7290000009096,false,ענבים שחורים,,,ענבים שחורים,קילוגרמים,1.00,"ק""ג",true,,19.90,19.9000,true,1,1404619
7290000009097,false,אגס נאשי,,,אגס נאשי,קילוגרמים,1.00,"ק""ג",true,,14.90,14.9000,true,1,1404667
7290000009101,false,חבוש,,,חבוש,קילוגרמים,1.00,"ק""ג",true,,12.90,12.9000,true,1,1404765
7290000009109,false,קוקוס,,,קוקוס,יחידה,1.00,יחידה,false,,6.90,6.9000,true,1,1404867
7290000009110,false,אנונה,,,אנונה,קילוגרמים,1.00,"ק""ג",true,,19.90,19.9000,true,1,1404868
7290000009112,false,תפוז ברשת,,,תפוז ברשת,קילוגרמים,1.00,"ק""ג",true,,4.90,4.9000,true,1,1404916
7290000009114,false,אשכולית צהובה,,,אשכולית צהובה,קילוגרמים,1.00,"ק""ג",true,,4.90,4.9000,true,1,1404943
7290000009115,false,"תפו""א לבן ארוז",,,"תפו""א לבן ארוז",קילוגרמים,1.00,"ק""ג",true,,5.90,5.9000,true,1,1404953
7290000009116,false,פלפל כתום,5 יחידות,,פלפל כתום,קילוגרמים,1.00,"ק""ג",true,,10.70,10.7000,true,1,1404954
7290000009124,false,שום ארוז יבוא,,,שום ארוז יבוא,יחידה,1.00,יחידה,false,,7.90,7.9000,true,1,1406351
7290000009133,false,מלון ספרדי,,,מלון ספרדי,קילוגרמים,1.00,"ק""ג",true,,7.90,7.9000,true,1,1409482
7290000009136,false,בצל שאלוט,,,בצל שאלוט,קילוגרמים,1.00,"ק""ג",false,,11.90,11.9000,true,1,1409510
7290000009143,false,אפרסמון קרמבו,,,אפרסמון קרמבו,קילוגרמים,1.00,"ק""ג",true,,12.90,12.9000,true,1,1410212
7290000009146,false,פומלית אדומה,,,פומלית אדומה,קילוגרמים,1.00,"ק""ג",true,,6.90,6.9000,true,1,1410659
7290000009163,false,אוכמניות יחידה,,,אוכמניות יחידה,גרמים,125.00,100 גרם,false,,19.90,0.1592,true,1,1418755
7290000023007,false,"ברנדי שטוק 84 750 מ""",,,"ברנדי שטוק 84 750 מ""",מיליליטרים,750.00,"100 מ""ל",false,,67.90,0.0905,true,1,1396733
7290000023083,false,ערק אשקלון בקבוק 700,,,ערק אשקלון בקבוק 700,מיליליטרים,700.00,"100 מ""ל",false,,50.90,0.0727,true,1,1396734
7290000023809,false,יין אדום קלאסיק קברנ,,,יין אדום קלאסיק קברנ,מיליליטרים,750.00,"100 מ""ל",false,,32.90,0.0439,true,1,1396735
7290000023816,false,יין לבן חצי יבש קלאס,,,יין לבן חצי יבש קלאס,מיליליטרים,750.00,"100 מ""ל",false,,32.90,0.0439,true,1,1396736
7290000023977,false,יין מרלו ברקן קלאסיק,,,יין מרלו ברקן קלאסיק,מיליליטרים,750.00,"100 מ""ל",false,,32.90,0.0439,true,1,1396738
7290000024202,false,יין אדום רזרב קברנה,,,יין אדום רזרב קברנה,מיליליטרים,750.00,"100 מ""ל",false,,48.20,0.0643,true,1,1396739
7290000024240,false,יין לבן יבש רזרב שרד,,,יין לבן יבש רזרב שרד,מיליליטרים,750.00,"100 מ""ל",false,,48.20,0.0643,true,1,1396741
7290000024264,false,יין אדום רזרב מרלו י,,,יין אדום רזרב מרלו י,מיליליטרים,750.00,"100 מ""ל",false,,48.20,0.0643,true,1,1396742
7290000024455,false,יין מתוק לקידוש גליה,,,יין מתוק לקידוש גליה,מיליליטרים,187.00,"100 מ""ל",false,,6.00,0.0321,true,1,1396744
7290000024523,false,מיץ ענבים טבעי תירוש,,,מיץ ענבים טבעי תירוש,מיליליטרים,1000.00,"100 מ""ל",false,,15.90,0.0159,true,1,1396745
7290000024530,false,יין גליה מתוק ברקן 7,,,יין גליה מתוק ברקן 7,מיליליטרים,750.00,"100 מ""ל",false,,15.20,0.0203,true,1,1396746
7290000040042,false,יופלה יוגורט תות %3,,,יופלה יוגורט תות %3,גרמים,150.00,100 גרם,false,,5.00,0.0333,true,1,1397358
7290000040066,false,יופלה יוגורט דובדבן,,,יופלה יוגורט דובדבן,מיליליטרים,150.00,"100 מ""ל",false,,5.00,0.0333,true,1,1397253
7290000040080,false,יופלה יוגורט אפרסק %,,,יופלה יוגורט אפרסק %,מיליליטרים,150.00,"100 מ""ל",false,,5.00,0.0333,true,1,1405209
7290000040301,false,גבינת קממבר בקר 24%,,,גבינת קממבר בקר 24%,גרמים,125.00,100 גרם,false,,17.80,0.1424,true,1,1397359
7290000040318,false,גבינת עדי ברי 24% תנ,,,גבינת עדי ברי 24% תנ,גרמים,125.00,100 גרם,false,,18.90,0.1512,true,1,1397360
7290000040974,false,חלב בקרטון דל לקטוז,,,חלב בקרטון דל לקטוז,מיליליטרים,1000.00,"100 מ""ל",false,,6.90,0.0069,true,1,1402860
7290000040974,false,חלב בקרטון דל לקטוז,,,חלב בקרטון דל לקטוז,מיליליטרים,1000.00,"100 מ""ל",false,,6.90,0.0069,true,1,1405206
7290000041445,false,גבינת קוטג' 5% תנובה,,,גבינת קוטג' 5% תנובה,גרמים,250.00,100 גרם,false,,5.70,0.0228,true,1,1397255
7290000041445,false,גבינת קוטג' 5% תנובה,,,גבינת קוטג' 5% תנובה,גרמים,250.00,100 גרם,false,,5.70,0.0228,true,1,1397361
7290000041452,false,"גבינת קוטג' 9% בד""ץ",,,"גבינת קוטג' 9% בד""ץ",גרמים,250.00,100 גרם,false,,5.70,0.0228,true,1,1397362
7290000041858,false,שמנת חמוצה מועשרת 15,,,שמנת חמוצה מועשרת 15,מיליליטרים,200.00,"100 מ""ל",false,,2.40,0.0120,true,1,1393070
7290000042435,false,חלב בקרטון תנובה 1%,,,חלב בקרטון תנובה 1%,מיליליטרים,1000.00,"100 מ""ל",false,,5.86,0.0059,true,1,1397364
7290000042640,false,"חלב עמיד 250 מ""ל 3%",,,"חלב עמיד 250 מ""ל 3%",מיליליטרים,250.00,"100 מ""ל",false,,2.60,0.0104,true,1,1406676
7290000042961,true,מוקה יטבתה קרטון 500,,,מוקה יטבתה קרטון 500,מיליליטרים,0.00,"00000000000000000מ""ל",false,,6.80,0.0000,true,1,1393076
7290000043111,false,חמאה תנובה 200 גרם,,,חמאה תנובה 200 גרם,גרמים,200.00,100 גרם,false,,7.80,0.0390,true,1,1397367
7290000043814,false,השף הלבן שמנת עמידה,,,השף הלבן שמנת עמידה,מיליליטרים,250.00,"100 מ""ל",false,,6.47,0.0259,true,1,1397369
7290000043890,false,רויון 1.5% תנובה 1 ל,,,רויון 1.5% תנובה 1 ל,מיליליטרים,1000.00,"100 מ""ל",false,,11.30,0.0113,true,1,1397370
7290000045580,false,גבינה מותכת 25% נעמה,,,גבינה מותכת 25% נעמה,גרמים,240.00,100 גרם,false,,17.40,0.0725,true,1,1397375
7290000046327,false,גבינה צהובה פרוסה 22,,,גבינה צהובה פרוסה 22,גרמים,200.00,100 גרם,false,,12.90,0.0645,true,1,1397266
7290000046327,false,גבינה צהובה פרוסה 22,,,גבינה צהובה פרוסה 22,גרמים,200.00,100 גרם,false,,12.90,0.0645,true,1,1397377
7290000047546,false,גבינת כנען 5% תנובה,,,גבינת כנען 5% תנובה,גרמים,500.00,100 גרם,false,,23.90,0.0478,true,1,1397378
7290000047621,false,גבינה לבנה 5% מהדרין,,,גבינה לבנה 5% מהדרין,גרמים,250.00,100 גרם,false,,4.98,0.0199,true,1,1397379
7290000048185,false,גבינה לבנה 5% תנובה,,,גבינה לבנה 5% תנובה,גרמים,250.00,100 גרם,false,,4.98,0.0199,true,1,1397380
7290000048437,false,גבינה צפתית 5% פיראו,,,גבינה צפתית 5% פיראו,גרמים,200.00,100 גרם,false,,14.90,0.0745,true,1,1397383
7290000049458,false,פטה עיזים פיראוס 16%,,,פטה עיזים פיראוס 16%,גרמים,250.00,100 גרם,false,,28.50,0.1140,true,1,1397271
7290000050447,false,יוגורט ביו 3% בטעם ת,,,יוגורט ביו 3% בטעם ת,מיליליטרים,500.00,"100 מ""ל",false,,12.70,0.0254,true,1,1397274
7290000050447,false,יוגורט ביו 3% בטעם ת,,,יוגורט ביו 3% בטעם ת,מיליליטרים,500.00,"100 מ""ל",false,,12.70,0.0254,true,1,1405210
7290000051307,false,מארז הפסקת בטעם וניל,,,מארז הפסקת בטעם וניל,יחידה,1.00,יחידה,false,,9.90,9.9000,true,1,1397386
7290000051376,false,יופלה דיאט אננס גביע,,,יופלה דיאט אננס גביע,מיליליטרים,150.00,"100 מ""ל",false,,5.00,0.0333,true,1,1405211
7290000052311,false,גבינה צהובה פרוסה 15,,,גבינה צהובה פרוסה 15,גרמים,200.00,100 גרם,false,,15.90,0.0795,true,1,1397283
7290000052311,false,גבינה צהובה פרוסה 15,,,גבינה צהובה פרוסה 15,גרמים,200.00,100 גרם,false,,15.90,0.0795,true,1,1397390
7290000055015,false,פיראוס פטה כבשים 5%,,,פיראוס פטה כבשים 5%,גרמים,250.00,100 גרם,false,,26.50,0.1060,true,1,1397286
7290000055329,false,יופלה משקה יוגורט תו,,,יופלה משקה יוגורט תו,גרמים,250.00,100 גרם,false,,5.40,0.0216,true,1,1397287
7290000055336,false,יופלה משקה יוגורט בנ,,,יופלה משקה יוגורט בנ,גרמים,250.00,100 גרם,false,,5.40,0.0216,true,1,1397288
7290000055893,false,חמאה מהדרין תנובה 20,,,חמאה מהדרין תנובה 20,גרמים,200.00,100 גרם,false,,7.80,0.0390,true,1,1397395
7290000056753,false,עמק פרוס בקופסא 28%,,,עמק פרוס בקופסא 28%,גרמים,200.00,100 גרם,false,,15.70,0.0785,true,1,1397396
7290000056845,false,חלב טרי 3% בקרטון תנ,,,חלב טרי 3% בקרטון תנ,מיליליטרים,1500.00,"100 מ""ל",false,,9.34,0.0062,true,1,1402780
7290000056906,false,יוגורט לבן 1.5% יופל,,,יוגורט לבן 1.5% יופל,מיליליטרים,1200.00,"100 מ""ל",false,,17.30,0.0144,true,1,1407298
7290000056951,false,שמנת לבישול 15% 500,,,שמנת לבישול 15% 500,מיליליטרים,500.00,"100 מ""ל",false,,15.90,0.0318,true,1,1397398
7290000057088,false,עמק פרוס דק דק 28% 2,,,עמק פרוס דק דק 28% 2,גרמים,200.00,100 גרם,false,,15.90,0.0795,true,1,1397400
7290000057118,false,גבינת עמק קלאסית פרו,,,גבינת עמק קלאסית פרו,גרמים,400.00,100 גרם,false,,20.90,0.0522,true,1,1397401
7290000057552,false,יופלה דיאט עוגת גבינ,,,יופלה דיאט עוגת גבינ,מיליליטרים,150.00,"100 מ""ל",false,,5.00,0.0333,true,1,1404724
7290000058047,false,שמנת להקצפה 38% שומן,,,שמנת להקצפה 38% שומן,מיליליטרים,500.00,"100 מ""ל",false,,12.94,0.0259,true,1,1408009
7290000060088,false,בייגלה אסם מקלות מלו,,,בייגלה אסם מקלות מלו,גרמים,375.00,100 גרם,false,,9.90,0.0264,true,1,1393995
7290000060200,false,פתיתים אפויים קוסקוס,,,פתיתים אפויים קוסקוס,גרמים,500.00,100 גרם,false,,6.90,0.0138,true,1,1393999
7290000060217,false,פסטה מקרוני מספר 7 א,,,פסטה מקרוני מספר 7 א,גרמים,500.00,100 גרם,false,,5.90,0.0118,true,1,1394000
7290000060248,false,פסטה תלתלים פרומנטי,,,פסטה תלתלים פרומנטי,גרמים,500.00,100 גרם,false,,5.90,0.0118,true,1,1394001
7290000060408,false,פתיתים אפויים טבעות,,,פתיתים אפויים טבעות,גרמים,500.00,100 גרם,false,,6.90,0.0138,true,1,1394006
7290000060576,false,פתיתים אפויים כוכבים,,,פתיתים אפויים כוכבים,גרמים,500.00,100 גרם,false,,6.90,0.0138,true,1,1394012
7290000060781,false,פסטה פוסילי אסם 500,,,פסטה פוסילי אסם 500,גרמים,500.00,100 גרם,false,,5.90,0.0118,true,1,1394013
7290000060828,false,פסטה פרומנטי קרניים,,,פסטה פרומנטי קרניים,גרמים,500.00,100 גרם,false,,5.90,0.0118,true,1,1394014
7290000060842,false,פסטה צדפים אסם 500 ג,,,פסטה צדפים אסם 500 ג,גרמים,500.00,100 גרם,false,,5.90,0.0118,true,1,1394015
7290000060880,false,פסטה ספגטי מספר 8 אס,,,פסטה ספגטי מספר 8 אס,גרמים,500.00,100 גרם,false,,5.90,0.0118,true,1,1394018
7290000060958,false,אטריות בינוניות אסם,,,אטריות בינוניות אסם,גרמים,402.00,100 גרם,false,,6.90,0.0172,true,1,1394020
7290000060965,false,אטריות רחבות אסם 400,,,אטריות רחבות אסם 400,גרמים,403.00,100 גרם,false,,6.90,0.0171,true,1,1394021
7290000061061,false,קרקר חיטה עם בצל אסם,,,קרקר חיטה עם בצל אסם,גרמים,250.00,100 גרם,false,,10.90,0.0436,true,1,1394023
7290000061108,false,רוטב טריאקי אסם 360,,,רוטב טריאקי אסם 360,מיליליטרים,294.00,"100 מ""ל",false,,10.90,0.0371,true,1,1394025
7290000061214,false,פתיתים אפויים קוסקוס,,,פתיתים אפויים קוסקוס,גרמים,500.00,100 גרם,false,,6.90,0.0138,true,1,1394026
7290000061245,false,עוגיות שוקוצ'יפס עם,,,עוגיות שוקוצ'יפס עם,גרמים,220.00,100 גרם,false,,10.90,0.0495,true,1,1394027
7290000061450,false,פתיתים אפויים קוסקוס,,,פתיתים אפויים קוסקוס,גרמים,500.00,100 גרם,false,,6.90,0.0138,true,1,1394028
7290000062952,false,מיני קרוטונים מתובלי,,,מיני קרוטונים מתובלי,גרמים,250.00,100 גרם,false,,14.90,0.0596,true,1,1394032
7290000063102,false,אסם קמח עוגה תופח מא,,,אסם קמח עוגה תופח מא,גרמים,350.00,100 גרם,false,,4.90,0.0140,true,1,1394033
7290000063133,false,אסם שקדי מרק רכיבים,,,אסם שקדי מרק רכיבים,גרמים,100.00,100 גרם,false,,5.90,0.0590,true,1,1394034
7290000063140,false,אסם שקדי מרק רכיבים,,,אסם שקדי מרק רכיבים,גרמים,400.00,100 גרם,false,,11.90,0.0298,true,1,1394035
7290000063157,false,קמח תופח מאליו אסם 1,,,קמח תופח מאליו אסם 1,גרמים,1000.00,100 גרם,false,,8.90,0.0089,true,1,1394036
7290000064758,false,אסם קוסקוס אמיתי 350,,,אסם קוסקוס אמיתי 350,גרמים,350.00,100 גרם,false,,7.90,0.0226,true,1,1394043
7290000064871,false,"מנה חמה פירה תפו""א ו",,,"מנה חמה פירה תפו""א ו",גרמים,56.00,100 גרם,false,,5.90,0.1054,true,1,1394044
7290000065090,false,אסם מיני קרוטונים למ,,,אסם מיני קרוטונים למ,גרמים,400.00,100 גרם,false,,21.90,0.0547,true,1,1394045
7290000065557,false,מנה חמה קוסקוס וירקו,,,מנה חמה קוסקוס וירקו,גרמים,84.00,100 גרם,false,,5.90,0.0702,true,1,1394049
7290000066264,false,דובונים 40 גרם,,,דובונים 40 גרם,גרמים,40.00,100 גרם,false,,4.50,0.1125,true,1,1394057
7290000066295,false,במבה מתוקה בטעם תות,,,במבה מתוקה בטעם תות,גרמים,30.00,100 גרם,false,,2.90,0.0967,true,1,1394058
7290000066332,false,אפרופו 50 גרם,,,אפרופו 50 גרם,גרמים,50.00,100 גרם,false,,4.90,0.0980,true,1,1394060
7290000066349,false,אפרופו 100 גרם,,,אפרופו 100 גרם,גרמים,100.00,100 גרם,false,,8.90,0.0890,true,1,1408151
7290000066431,false,פופקו חמאה ודבש 80 ג,,,פופקו חמאה ודבש 80 ג,גרמים,80.00,100 גרם,false,,5.40,0.0675,true,1,1394061
7290000067599,false,מנה חמה ספגטי בולונז,,,מנה חמה ספגטי בולונז,גרמים,65.00,100 גרם,false,,5.90,0.0908,true,1,1394067
7290000068138,false,פודינג אינסטנט בטעם,,,פודינג אינסטנט בטעם,גרמים,80.00,100 גרם,false,,5.50,0.0688,true,1,1394072
7290000068190,false,ג'לי בטעם תות פרווה,,,ג'לי בטעם תות פרווה,גרמים,90.00,100 גרם,false,,6.30,0.0700,true,1,1394075
7290000068206,false,ג'לי בטעם משמש פרווה,,,ג'לי בטעם משמש פרווה,גרמים,85.00,100 גרם,false,,6.30,0.0741,true,1,1394076
7290000069364,false,אסם פריכונים עגול או,,,אסם פריכונים עגול או,גרמים,140.00,100 גרם,false,,7.90,0.0564,true,1,1394086
7290000069609,false,חטיפי קרקר זעתר אסם,,,חטיפי קרקר זעתר אסם,גרמים,300.00,100 גרם,false,,11.90,0.0397,true,1,1403982
7290000069715,false,חטיפי קרקר מלוח אסם,,,חטיפי קרקר מלוח אסם,גרמים,300.00,100 גרם,false,,11.90,0.0397,true,1,1403983
7290000070308,false,אסם מרק עוף אמיתי 40,,,אסם מרק עוף אמיתי 40,גרמים,400.00,100 גרם,false,,18.70,0.0467,true,1,1394091
7290000070322,false,מרק פטריות רכיבים טב,,,מרק פטריות רכיבים טב,גרמים,400.00,100 גרם,false,,26.90,0.0672,true,1,1394092
7290000070353,false,מרק בצל מרכיבים טבעי,,,מרק בצל מרכיבים טבעי,גרמים,400.00,100 גרם,false,,24.90,0.0622,true,1,1394093
7290000072623,false,קטשופ אסם בקבוק לחיץ,,,קטשופ אסם בקבוק לחיץ,גרמים,750.00,100 גרם,false,,10.90,0.0145,true,1,1394101
7290000072630,false,קטשופ חריף אסם 750 ג,,,קטשופ חריף אסם 750 ג,גרמים,750.00,100 גרם,false,,12.90,0.0172,true,1,1406612
7290000072753,false,קפה נמס מיובש בהקפאה,,,קפה נמס מיובש בהקפאה,גרמים,200.00,100 גרם,false,,29.90,0.1495,true,1,1394103
7290000072760,false,קפה נמס טסטר'ס צ'ויס,,,קפה נמס טסטר'ס צ'ויס,גרמים,100.00,100 גרם,false,,24.90,0.2490,true,1,1406605
7290000072777,false,טייסטר צ'וייס נטול ק,,,טייסטר צ'וייס נטול ק,גרמים,200.00,100 גרם,false,,38.90,0.1945,true,1,1402933
7290000072968,false,סיני מיניס 500 גרם,,,סיני מיניס 500 גרם,גרמים,500.00,100 גרם,false,,23.90,0.0478,true,1,1394107
7290000073125,false,מנה חמה פסטה עם עגב.,,,מנה חמה פסטה עם עגב.,גרמים,62.00,100 גרם,false,,5.90,0.0952,true,1,1394108
7290000073415,false,מנה חמה פסטה ברוטב פ,,,מנה חמה פסטה ברוטב פ,גרמים,61.00,100 גרם,false,,5.90,0.0967,true,1,1394109
7290000073699,false,סלט חומוס סלטי צבר 1,,,סלט חומוס סלטי צבר 1,גרמים,150.00,100 גרם,false,,5.50,0.0367,true,1,1394111
7290000073750,false,מנה חמה נודלס אטר.+י,,,מנה חמה נודלס אטר.+י,גרמים,70.00,100 גרם,false,,5.90,0.0843,true,1,1394112
7290000073774,false,מנה חמה ירקות בטעם פ,,,מנה חמה ירקות בטעם פ,גרמים,70.00,100 גרם,false,,5.90,0.0843,true,1,1394114
7290000074153,false,פתי בר שוקו אסם 500,,,פתי בר שוקו אסם 500,גרמים,500.00,100 גרם,false,,12.90,0.0258,true,1,1394118
7290000074184,false,פתי בר קלאסי אסם 500,,,פתי בר קלאסי אסם 500,גרמים,500.00,100 גרם,false,,10.90,0.0218,true,1,1394120
7290000074245,false,אסם קרם קרקר 250 גרם,,,אסם קרם קרקר 250 גרם,גרמים,250.00,100 גרם,false,,9.90,0.0396,true,1,1394121
7290000074252,false,אסם קרקר שומשום 250,,,אסם קרקר שומשום 250,גרמים,250.00,100 גרם,false,,9.90,0.0396,true,1,1394122
7290000074276,false,קרקר פיקנטי אסם 250,,,קרקר פיקנטי אסם 250,גרמים,250.00,100 גרם,false,,9.90,0.0396,true,1,1394123
7290000074375,false,אסם קרקר זהב 150 גרם,,,אסם קרקר זהב 150 גרם,גרמים,150.00,100 גרם,false,,7.90,0.0527,true,1,1394124
7290000074764,false,אסם קרקר זהב 900 גרם,,,אסם קרקר זהב 900 גרם,גרמים,900.00,100 גרם,false,,22.90,0.0254,true,1,1403990
7290000075204,false,לחמית קרקר מקמח חיטה,,,לחמית קרקר מקמח חיטה,גרמים,250.00,100 גרם,false,,9.50,0.0380,true,1,1394129
7290000075693,false,הבית עוגת שמרים בריו,,,הבית עוגת שמרים בריו,גרמים,360.00,100 גרם,false,,16.90,0.0469,true,1,1394130
7290000076133,false,בייגלה אסם שמיניה קט,,,בייגלה אסם שמיניה קט,גרמים,400.00,100 גרם,false,,9.90,0.0248,true,1,1394132
7290000077253,false,לחמית כפרית 190 גרם,,,לחמית כפרית 190 גרם,גרמים,190.00,100 גרם,false,,9.90,0.0521,true,1,1394136
7290000079233,false,אסם קרם קרקר דל נתרן,,,אסם קרם קרקר דל נתרן,גרמים,250.00,100 גרם,false,,10.90,0.0436,true,1,1394140
7290000080758,false,אסם טוסטעים 100 גרם,,,אסם טוסטעים 100 גרם,גרמים,100.00,100 גרם,false,,10.90,0.1090,true,1,1394146
7290000080765,false,אסם טוסטעים עם שומשו,,,אסם טוסטעים עם שומשו,גרמים,100.00,100 גרם,false,,10.90,0.1090,true,1,1394147
7290000081663,false,אסם בייגלה טבעות שומ,,,אסם בייגלה טבעות שומ,גרמים,300.00,100 גרם,false,,9.90,0.0330,true,1,1394149
7290000090016,false,בננה,,,בננה,קילוגרמים,1.00,"ק""ג",true,,8.70,8.7000,true,1,1412527
7290000090023,false,עגבניה,5 יחידות,,עגבניה,קילוגרמים,1.00,"ק""ג",true,,7.70,7.7000,true,1,1412522
7290000090030,false,מלפפון ירוק,6 יחידות,,מלפפון ירוק,קילוגרמים,1.00,"ק""ג",true,,7.70,7.7000,true,1,1412539
7290000090047,false,לימון,5 יחידות,,לימון,קילוגרמים,1.00,"ק""ג",true,,8.70,8.7000,true,1,1412528
7290000090054,false,אבוקדו,,,אבוקדו,קילוגרמים,1.00,"ק""ג",true,,10.70,10.7000,true,1,1412540
7290000090078,false,תפוח עץ ירוק סמיט,,,תפוח עץ ירוק סמיט,קילוגרמים,1.00,"ק""ג",true,,10.90,10.9000,true,1,1412541
7290000090085,false,תפוח עץ אדום חרמון,,,תפוח עץ אדום חרמון,קילוגרמים,1.00,"ק""ג",true,,9.90,9.9000,true,1,1412542
7290000090108,false,פלפל אדום,5 יחידות,,פלפל אדום,קילוגרמים,1.00,"ק""ג",true,,10.70,10.7000,true,1,1412529
7290000090115,false,קלמנטינה,,,קלמנטינה,קילוגרמים,1.00,"ק""ג",true,,6.90,6.9000,true,1,1412543
7290000090122,false,אפרסמון,,,אפרסמון,קילוגרמים,1.00,"ק""ג",true,,12.90,12.9000,true,1,1414355
7290000090139,false,תפוזים,3 יחידות,,תפוזים,קילוגרמים,1.00,"ק""ג",true,,5.90,5.9000,true,1,1412544
7290000090146,false,תפוח פינק ליידי,,,תפוח פינק ליידי,קילוגרמים,1.00,"ק""ג",true,,15.90,15.9000,true,1,1412545
7290000090153,false,בצל יבש לבן,4 יחידות,,בצל יבש לבן,קילוגרמים,1.00,"ק""ג",true,,4.70,4.7000,true,1,1412530
7290000090160,false,בטטה,,,בטטה,קילוגרמים,1.00,"ק""ג",true,,7.70,7.7000,true,1,1412546
7290000090177,false,אגס ירוק,,,אגס ירוק,קילוגרמים,1.00,"ק""ג",true,,12.90,12.9000,true,1,1412547
7290000090184,false,תפוח עץ מוזהב,,,תפוח עץ מוזהב,קילוגרמים,1.00,"ק""ג",true,,9.90,9.9000,true,1,1412548
7290000090191,false,פלפל צהוב,5 יחידות,,פלפל צהוב,קילוגרמים,1.00,"ק""ג",true,,10.70,10.7000,true,1,1412549
7290000090207,false,שזיף אדום,,,שזיף אדום,קילוגרמים,1.00,"ק""ג",true,,16.70,16.7000,true,1,1412550
7290000090214,false,בצל אדום,4 יחידות,,בצל אדום,קילוגרמים,1.00,"ק""ג",true,,6.70,6.7000,true,1,1412551
7290000090221,false,רימון,,,רימון,קילוגרמים,1.00,"ק""ג",true,,8.70,8.7000,true,1,1412552
7290000090238,false,אננס,,,אננס,יחידה,1.00,יחידה,false,,29.90,29.9000,true,1,1412553
7290000090245,false,חציל,3 יחידות,,חציל,קילוגרמים,1.00,"ק""ג",true,,6.90,6.9000,true,1,1412531
7290000090252,false,כרוב לבן שלם,1 יחידה,,כרוב לבן שלם,קילוגרמים,1.00,"ק""ג",true,,5.70,5.7000,true,1,1412532
7290000090269,false,אשכולית אדומה,,,אשכולית אדומה,קילוגרמים,1.00,"ק""ג",true,,7.70,7.7000,true,1,1412554
7290000090276,false,קיווי,,,קיווי,קילוגרמים,1.00,"ק""ג",true,,12.90,12.9000,true,1,1412555
7290000090290,false,מלון,,,מלון,קילוגרמים,1.00,"ק""ג",true,,6.90,6.9000,true,1,1412533
7290000090306,false,פומלה,,,פומלה,קילוגרמים,1.00,"ק""ג",true,,8.90,8.9000,true,1,1412556
7290000090313,false,פלפל ירוק,5 יחידות,,פלפל ירוק,קילוגרמים,1.00,"ק""ג",true,,9.70,9.7000,true,1,1412557
7290000090320,false,אבטיח אישי,,,אבטיח אישי,קילוגרמים,1.00,"ק""ג",true,,5.90,5.9000,true,1,1412524
7290000090337,false,כרוב אדום שלם,,,כרוב אדום שלם,קילוגרמים,1.00,"ק""ג",true,,5.70,5.7000,true,1,1412558
7290000090344,false,קולורבי,,,קולורבי,קילוגרמים,1.00,"ק""ג",true,,8.90,8.9000,true,1,1412559
7290000090368,false,דלורית,,,דלורית,קילוגרמים,1.00,"ק""ג",true,,6.90,6.9000,true,1,1412561
7290000090375,false,זוקיני ירוק,,,זוקיני ירוק,קילוגרמים,1.00,"ק""ג",true,,9.70,9.7000,true,1,1412562
7290000090399,false,פומלית,,,פומלית,קילוגרמים,1.00,"ק""ג",true,,6.70,6.7000,true,1,1412563
7290000090405,false,שומר,,,שומר,קילוגרמים,1.00,"ק""ג",true,,8.90,8.9000,true,1,1412564
7290000090436,false,גויאבה,,,גויאבה,קילוגרמים,1.00,"ק""ג",true,,14.90,14.9000,true,1,1412566
7290000090467,false,קישוא,5 יחידות,,קישוא,קילוגרמים,1.00,"ק""ג",true,,8.90,8.9000,true,1,1412534
7290000090481,false,"תפו""ע לוליפופ",,,"תפו""ע לוליפופ",קילוגרמים,1.00,"ק""ג",true,,15.90,15.9000,true,1,1415088
7290000090511,false,"תפו""א לבן תפזורת",,,"תפו""א לבן תפזורת",קילוגרמים,1.00,"ק""ג",true,,4.90,4.9000,true,1,1412568
7290000090528,false,"תפו""א אדום תפזורת",,,"תפו""א אדום תפזורת",קילוגרמים,1.00,"ק""ג",true,,5.90,5.9000,true,1,1412569
7290000090535,false,"תפו""ע לוליפופ",,,"תפו""ע לוליפופ",קילוגרמים,1.00,"ק""ג",true,,15.90,15.9000,true,1,1412570
7290000090542,false,פלפל חריף,,,פלפל חריף,קילוגרמים,1.00,"ק""ג",true,,10.90,10.9000,true,1,1412571
7290000090566,false,סלק אדום תפזורת,,,סלק אדום תפזורת,קילוגרמים,1.00,"ק""ג",true,,4.90,4.9000,true,1,1412535
7290000090610,false,גזר ארוז,,,גזר ארוז,קילוגרמים,1.00,"ק""ג",true,,4.90,4.9000,true,1,1412536
7290000090634,false,כרובית,,,כרובית,יח',1.00,יח',false,,9.90,9.9000,true,1,1412575
7290000090665,false,צנון,,,צנון,קילוגרמים,1.00,"ק""ג",true,,6.90,6.9000,true,1,1412577
7290000090672,false,לפת,,,לפת,קילוגרמים,1.00,"ק""ג",true,,6.90,6.9000,true,1,1412578
7290000090689,false,שום בתפזורת,,,שום בתפזורת,קילוגרמים,1.00,"ק""ג",true,,22.90,22.9000,true,1,1412579
7290000090726,false,אבטיח,,,אבטיח,קילוגרמים,1.00,"ק""ג",true,,5.90,5.9000,true,1,1412525
7290000090740,false,ענב אדום,,,ענב אדום,קילוגרמים,1.00,"ק""ג",true,,24.90,24.9000,true,1,1412584
7290000090757,false,תירס מתוק,,,תירס מתוק,קילוגרמים,1.00,"ק""ג",true,,8.70,8.7000,true,1,1412537
7290000090788,false,פפאיה,,,פפאיה,קילוגרמים,1.00,"ק""ג",true,,17.90,17.9000,true,1,1412587
7290000090795,false,פלפל בהיר,,,פלפל בהיר,קילוגרמים,1.00,"ק""ג",true,,10.90,10.9000,true,1,1412588
7290000090801,false,ענב ירוק שקיל,,,ענב ירוק שקיל,קילוגרמים,1.00,"ק""ג",true,,24.90,24.9000,true,1,1412589
7290000090962,false,ענבים שחורים,,,ענבים שחורים,קילוגרמים,1.00,"ק""ג",true,,19.90,19.9000,true,1,1413652
7290000090979,false,אגס נאשי,,,אגס נאשי,קילוגרמים,1.00,"ק""ג",true,,14.90,14.9000,true,1,1412593
7290000091013,false,חבוש,,,חבוש,קילוגרמים,1.00,"ק""ג",true,,12.90,12.9000,true,1,1412595
7290000091099,false,קוקוס,,,קוקוס,יחידה,1.00,יחידה,false,,6.90,6.9000,true,1,1415171
7290000091105,false,אנונה,,,אנונה,קילוגרמים,1.00,"ק""ג",true,,19.90,19.9000,true,1,1412600
7290000091129,false,תפוז ברשת,,,תפוז ברשת,קילוגרמים,1.00,"ק""ג",true,,4.90,4.9000,true,1,1412601
7290000091143,false,אשכולית צהובה,,,אשכולית צהובה,קילוגרמים,1.00,"ק""ג",true,,4.90,4.9000,true,1,1412602
7290000091150,false,"תפו""א לבן ארוז",,,"תפו""א לבן ארוז",קילוגרמים,1.00,"ק""ג",true,,5.90,5.9000,true,1,1412603
7290000091167,false,פלפל כתום,5 יחידות,,פלפל כתום,קילוגרמים,1.00,"ק""ג",true,,10.70,10.7000,true,1,1412604
7290000091242,false,שום ארוז יבוא,,,שום ארוז יבוא,יחידה,1.00,יחידה,false,,7.90,7.9000,true,1,1412606
7290000091334,false,מלון ספרדי,,,מלון ספרדי,קילוגרמים,1.00,"ק""ג",true,,7.90,7.9000,true,1,1412538
7290000091365,false,בצל שאלוט,,,בצל שאלוט,קילוגרמים,1.00,"ק""ג",false,,11.90,11.9000,true,1,1412613
7290000091433,false,אפרסמון קרמבו,,,אפרסמון קרמבו,קילוגרמים,1.00,"ק""ג",true,,12.90,12.9000,true,1,1414356
7290000091464,false,פומלית אדומה,,,פומלית אדומה,קילוגרמים,1.00,"ק""ג",true,,6.90,6.9000,true,1,1412617
7290000100135,false,דובדבן מתוק 100% פרי,,,דובדבן מתוק 100% פרי,גרמים,300.00,100 גרם,false,,17.90,0.0597,true,1,1412048
7290000100142,false,תערובת של אננס מנגו,,,תערובת של אננס מנגו,גרמים,300.00,100 גרם,false,,16.90,0.0563,true,1,1412049
7290000101194,true,סלק אדום סנפרוסט 800,,,סלק אדום סנפרוסט 800,גרמים,0.00,100 גרם,false,,18.90,0.0000,true,1,1404628
7290000101941,false,אננס חתוך 100% פרי ט,,,אננס חתוך 100% פרי ט,גרמים,300.00,100 גרם,false,,17.90,0.0597,true,1,1412052
7290000101965,true,פטל שחור סנפרוסט,,,פטל שחור סנפרוסט,00000000000000000000,0.00,00000000000000000000,false,,16.90,0.0000,true,1,1397593
7290000103822,false,לקט לעוף פרווה סנפרו,,,לקט לעוף פרווה סנפרו,גרמים,800.00,100 גרם,false,,22.90,0.0286,true,1,1397596
7290000103839,false,מרק כתום סנפרוסט 572,,,מרק כתום סנפרוסט 572,גרמים,572.00,100 גרם,false,,17.90,0.0313,true,1,1397597
7290000103860,false,מרק עדשים סנפרוסט 57,,,מרק עדשים סנפרוסט 57,גרמים,572.00,100 גרם,false,,17.90,0.0313,true,1,1410566
7290000104201,false,אפונה עדינה סנפרוסט,,,אפונה עדינה סנפרוסט,גרמים,600.00,100 גרם,false,,17.90,0.0298,true,1,1397600
7290000104218,false,במיה סנפרוסט 600 גרם,,,במיה סנפרוסט 600 גרם,גרמים,600.00,100 גרם,false,,15.90,0.0265,true,1,1397601
7290000104676,false,אפונת גינה סנפרוסט 8,,,אפונת גינה סנפרוסט 8,גרמים,800.00,100 גרם,false,,17.90,0.0224,true,1,1397602
7290000104683,false,שעועית ירוקה שלמה סנ,,,שעועית ירוקה שלמה סנ,גרמים,800.00,100 גרם,false,,19.90,0.0249,true,1,1397603
7290000104690,false,גרעיני תירס 800 גרם,,,גרעיני תירס 800 גרם,גרמים,800.00,100 גרם,false,,17.70,0.0221,true,1,1397604
7290000104720,false,שעועית ירוקה חתוכה ס,,,שעועית ירוקה חתוכה ס,גרמים,800.00,100 גרם,false,,18.70,0.0234,true,1,1397607
7290000104737,false,שעועית צהובה חתוכה ס,,,שעועית צהובה חתוכה ס,גרמים,800.00,100 גרם,false,,18.90,0.0236,true,1,1406299
7290000104744,false,כרובית 800 גרם סנפרו,,,כרובית 800 גרם סנפרו,גרמים,800.00,100 גרם,false,,24.90,0.0311,true,1,1397608
7290000104768,false,עלי תרד סנפרוסט 800,,,עלי תרד סנפרוסט 800,גרמים,800.00,100 גרם,false,,24.90,0.0311,true,1,1397609
7290000104805,false,גרגרי חומוס מבושל סנ,,,גרגרי חומוס מבושל סנ,גרמים,800.00,100 גרם,false,,19.90,0.0249,true,1,1397568
7290000104805,false,גרגרי חומוס מבושל סנ,,,גרגרי חומוס מבושל סנ,גרמים,800.00,100 גרם,false,,19.90,0.0249,true,1,1397611
7290000104911,false,לקט נורמנדי סנפרוסט,,,לקט נורמנדי סנפרוסט,גרמים,800.00,100 גרם,false,,22.90,0.0286,true,1,1397615
7290000107189,false,תחתיות ארטישוק סנפרו,,,תחתיות ארטישוק סנפרו,גרמים,800.00,100 גרם,false,,23.90,0.0299,true,1,1397618
7290000107295,false,תפרחות ברוקולי סנפרו,,,תפרחות ברוקולי סנפרו,גרמים,800.00,100 גרם,false,,24.90,0.0311,true,1,1397619
7290000111117,false,בדין מרכך כביסה לבן,,,בדין מרכך כביסה לבן,ליטרים,4.00,ליטר,false,,19.90,4.9750,true,1,1405471
7290000112220,false,טחינה גולמית 100% בא,,,טחינה גולמית 100% בא,גרמים,500.00,100 גרם,false,,13.90,0.0278,true,1,1394150
7290000116884,false,רוטב ברביקיו פרווה ק,,,רוטב ברביקיו פרווה ק,גרמים,350.00,100 גרם,false,,10.90,0.0311,true,1,1395940
7290000117720,false,נמס בכוס מרק פטריות,,,נמס בכוס מרק פטריות,גרמים,41.00,100 גרם,false,,6.90,0.1683,true,1,1395947
7290000118277,false,קניידלך כופתאות מצה,,,קניידלך כופתאות מצה,גרמים,130.00,100 גרם,false,,10.90,0.0838,true,1,1395948
7290000120836,false,מיונז הלמנס אמיתי צנ,,,מיונז הלמנס אמיתי צנ,גרמים,394.00,100 גרם,false,,10.90,0.0277,true,1,1395954
7290000121093,false,מון בלאן שויצרית 120,,,מון בלאן שויצרית 120,גרמים,120.00,100 גרם,false,,11.40,0.0950,true,1,1395569
7290000121109,false,מון בלאן זיתים 120 ג,,,מון בלאן זיתים 120 ג,גרמים,120.00,100 גרם,false,,11.40,0.0950,true,1,1395570
7290000121154,false,מון בלאן סלמון 120 ג,,,מון בלאן סלמון 120 ג,גרמים,120.00,100 גרם,false,,11.40,0.0950,true,1,1395572
7290000135311,false,פפסי מקס בטעם ליים 1,,,פפסי מקס בטעם ליים 1,מיליליטרים,1500.00,"100 מ""ל",false,,7.80,0.0052,true,1,1410745
7290000135342,false,סודה 500,,,סודה 500,מיליליטרים,500.00,"100 מ""ל",false,,3.20,0.0064,true,1,1416348
7290000136141,false,פפסי משקה קולה מוגז,,,פפסי משקה קולה מוגז,מיליליטרים,1500.00,"100 מ""ל",false,,7.80,0.0052,true,1,1415037
7290000136158,false,פפסי מקס 1.5 ליטר,,,פפסי מקס 1.5 ליטר,מיליליטרים,1500.00,"100 מ""ל",false,,7.80,0.0052,true,1,1415038
7290000136172,false,סבן אפ 1.5 ליטר,,,סבן אפ 1.5 ליטר,מיליליטרים,1500.00,"100 מ""ל",false,,7.80,0.0052,true,1,1415040
7290000136189,false,דיאט סבן אפ 1.5 ליטר,,,דיאט סבן אפ 1.5 ליטר,מיליליטרים,1500.00,"100 מ""ל",false,,7.20,0.0048,true,1,1415041
7290000136240,false,מי סודה טמפו 1.5 ליט,,,מי סודה טמפו 1.5 ליט,מיליליטרים,1500.00,"100 מ""ל",false,,3.00,0.0020,true,1,1415042
7290000136646,false,בירה שחורה נשר מאלט,,,בירה שחורה נשר מאלט,מיליליטרים,1500.00,"100 מ""ל",false,,9.20,0.0061,true,1,1415325
7290000136653,false,בירה נשר מאלט דיאט 1,,,בירה נשר מאלט דיאט 1,מיליליטרים,1500.00,"100 מ""ל",false,,9.20,0.0061,true,1,1415052
7290000136660,false,מי סודה טמפו 1.5 ליט,,,מי סודה טמפו 1.5 ליט,מיליליטרים,1500.00,"100 מ""ל",false,,3.00,0.0020,true,1,1415794
7290000136677,false,פפסי משקה קולה מוגז,,,פפסי משקה קולה מוגז,מיליליטרים,1500.00,"100 מ""ל",false,,7.80,0.0052,true,1,1415795
7290000136684,false,פפסי מקס 1.5 ליטר,,,פפסי מקס 1.5 ליטר,מיליליטרים,1500.00,"100 מ""ל",false,,7.80,0.0052,true,1,1415796
7290000136776,false,שישיית פפסי מקס 1.5,,,שישיית פפסי מקס 1.5,מיליליטרים,9000.00,"100 מ""ל",false,,40.50,0.0045,true,1,1415056
7290000136783,false,שישיית מירנדה 1.5 לי,,,שישיית מירנדה 1.5 לי,מיליליטרים,9000.00,"100 מ""ל",false,,40.70,0.0045,true,1,1415057
7290000136790,false,מי סודה במארז טמפו 6,,,מי סודה במארז טמפו 6,מיליליטרים,9000.00,"100 מ""ל",false,,17.70,0.0020,true,1,1415058
7290000136844,false,שישיית אקווה נובה 2,,,שישיית אקווה נובה 2,מיליליטרים,1200.00,"100 מ""ל",false,,13.70,0.0114,true,1,1415059
7290000136851,false,סבן אפ 1.5 ליטר,,,סבן אפ 1.5 ליטר,מיליליטרים,1500.00,"100 מ""ל",false,,7.80,0.0052,true,1,1415798
7290000136936,false,דיאט סבן אפ 1.5 ליטר,,,דיאט סבן אפ 1.5 ליטר,מיליליטרים,1500.00,"100 מ""ל",false,,7.20,0.0048,true,1,1415799
7290000137513,false,קרמיסימו גלידונית ונ,,,קרמיסימו גלידונית ונ,יחידה,60.00,יחידה,false,,43.90,0.7317,true,1,1404670
7290000137643,false,מאגדת טעמקור שוקו ונ,,,מאגדת טעמקור שוקו ונ,יחידה,8.00,יחידה,false,,33.90,4.2375,true,1,1404671
7290000143187,false,הוואי שמפו לגבר 700,,,הוואי שמפו לגבר 700,מיליליטרים,700.00,"100 מ""ל",false,,8.90,0.0127,true,1,1399972
7290000143200,false,הוואי מרכך לשיער יבש,,,הוואי מרכך לשיער יבש,מיליליטרים,700.00,"100 מ""ל",false,,8.90,0.0127,true,1,1403940
7290000143217,false,הוואי שמפו לשיער יבש,,,הוואי שמפו לשיער יבש,מיליליטרים,700.00,"100 מ""ל",false,,8.90,0.0127,true,1,1403941
7290000143255,false,הוואי שמפו לשיער רגי,,,הוואי שמפו לשיער רגי,מיליליטרים,700.00,"100 מ""ל",false,,8.90,0.0127,true,1,1399973
7290000143286,false,הוואי מרכך לשיער רגי,,,הוואי מרכך לשיער רגי,מיליליטרים,700.00,"100 מ""ל",false,,8.90,0.0127,true,1,1399975
7290000144474,false,שמן קנולה בריאות עץ,,,שמן קנולה בריאות עץ,מיליליטרים,1000.00,"100 מ""ל",false,,15.90,0.0159,true,1,1405084
7290000158105,false,שניצל עוף מיני דינוז,,,שניצל עוף מיני דינוז,גרמים,700.00,100 גרם,false,,34.90,0.0499,true,1,1403991
7290000162812,true,מיקספלקס+ טרופי 400,,,מיקספלקס+ טרופי 400,גרמים,0.00,00000000000000000גרם,false,,19.90,0.0000,true,1,1395979
7290000162829,true,מיקספלקס+ אגוזים 400,,,מיקספלקס+ אגוזים 400,000000000000000קרטון,0.00,000000000000000קרטון,false,,19.90,0.0000,true,1,1395980
7290000169538,false,נמס בכוס מרק עגבניות,,,נמס בכוס מרק עגבניות,גרמים,62.00,100 גרם,false,,6.90,0.1113,true,1,1395997
7290000174044,true,בפלות בטעם שוקולד 1,,,בפלות בטעם שוקולד 1,00000000000000000000,0.00,00000000000000000000,false,,17.90,0.0000,true,1,1401133
7290000174723,false,שוקולית קופסא עלית 5,,,שוקולית קופסא עלית 5,גרמים,500.00,100 גרם,false,,11.90,0.0238,true,1,1401135
7290000176079,false,קפה טורקי עם הל 100,,,קפה טורקי עם הל 100,גרמים,100.00,100 גרם,false,,8.90,0.0890,true,1,1401137
7290000176116,true,עלית טורקי ואקום 1 ק,,,עלית טורקי ואקום 1 ק,00000000000000000000,0.00,00000000000000000000,false,,79.80,0.0000,true,1,1401139
7290000176192,true,האג טורקי ואקום 200,,,האג טורקי ואקום 200,גרמים,0.00,00000000000000000גרם,false,,24.90,0.0000,true,1,1401140
7290000176413,true,עלית נמס אבקתי 50 ג/,,,עלית נמס אבקתי 50 ג/,00000000000000000000,0.00,00000000000000000000,false,,8.90,0.0000,true,1,1401141
7290000176420,false,קפה נמס עלית 200 גרם,,,קפה נמס עלית 200 גרם,גרמים,200.00,100 גרם,false,,19.90,0.0995,true,1,1401142
7290000176468,false,קפה נמס נטול האג עלי,,,קפה נמס נטול האג עלי,גרמים,50.00,100 גרם,false,,10.90,0.2180,true,1,1401143
7290000177694,true,עלית טורקי ואקום 200,,,עלית טורקי ואקום 200,00000000000000000000,0.00,00000000000000000000,false,,18.80,0.0000,true,1,1401145
7290000178707,false,תפוציפס טבעי 50 גרם,,,תפוציפס טבעי 50 גרם,גרמים,50.00,100 גרם,false,,4.00,0.0800,true,1,1393533
7290000178721,false,תפוציפס 200 גרם,,,תפוציפס 200 גרם,גרמים,200.00,100 גרם,false,,10.90,0.0545,true,1,1393534
7290000182766,true,ממרח חלב 500/6מיכל/5,,,ממרח חלב 500/6מיכל/5,00000000000000000000,0.00,00000000000000000000,false,,10.90,0.0000,true,1,1401149
7290000184708,true,"בפלות שוקולד לל""ס 50",,,"בפלות שוקולד לל""ס 50",00000000000000000000,0.00,00000000000000000000,false,,18.90,0.0000,true,1,1401150
7290000194185,false,עוף מס 2 קפוא מחפוד,,,עוף מס 2 קפוא מחפוד,קילוגרמים,1.00,"ק""ג",true,,24.90,24.9000,true,1,1414735
7290000199313,false,תחבושות קוטקס יאנג 2,,,תחבושות קוטקס יאנג 2,יחידה,28.00,יחידה,false,,18.90,0.6750,true,1,1395405
7290000204086,false,סקוטש ניקול,,,סקוטש ניקול,יחידה,3.00,יחידה,false,,10.90,3.6333,true,1,1395333
7290000204611,false,ספוגית הקסם ניקול 6,,,ספוגית הקסם ניקול 6,יחידה,6.00,יחידה,false,,10.90,1.8167,true,1,1395419
7290000207162,false,רוטב עגבניות יכין 22,,,רוטב עגבניות יכין 22,גרמים,100.00,100 גרם,false,,2.50,0.0250,true,1,1399711
7290000208114,false,אפונה וגזר יכין 550,,,אפונה וגזר יכין 550,גרמים,335.00,100 גרם,false,,8.50,0.0254,true,1,1406183
7290000208213,false,שעועית לבנה רוטב עגב,,,שעועית לבנה רוטב עגב,גרמים,355.00,100 גרם,false,,8.90,0.0251,true,1,1399668
7290000208312,false,גרעיני תירס מתוק יכי,,,גרעיני תירס מתוק יכי,גרמים,245.00,100 גרם,false,,6.90,0.0282,true,1,1406185
7290000208329,false,גרעיני תירס מתוק יכי,,,גרעיני תירס מתוק יכי,גרמים,335.00,100 גרם,false,,8.50,0.0254,true,1,1406186
7290000208336,false,יכין רוטב עגבניות 26,,,יכין רוטב עגבניות 26,גרמים,260.00,100 גרם,false,,4.50,0.0173,true,1,1406187
7290000208428,false,חומוס שלם יכין 550 ג,,,חומוס שלם יכין 550 ג,גרמים,550.00,100 גרם,false,,8.90,0.0162,true,1,1399669
7290000208893,false,גרעיני תירס לייט יכי,,,גרעיני תירס לייט יכי,גרמים,246.00,100 גרם,false,,6.90,0.0280,true,1,1406188
7290000208947,false,עגבניות מרוסקות יכין,,,עגבניות מרוסקות יכין,גרמים,260.00,100 גרם,false,,6.50,0.0250,true,1,1406554
7290000209012,false,חומץ 5% יכין 1 ליטר,,,חומץ 5% יכין 1 ליטר,מיליליטרים,1000.00,"100 מ""ל",false,,5.90,0.0059,true,1,1406190
7290000209043,false,מיץ לימון משומר יכין,,,מיץ לימון משומר יכין,מיליליטרים,1000.00,"100 מ""ל",false,,6.90,0.0069,true,1,1406191
7290000209722,false,רוטב עגבניות פריכוז,,,רוטב עגבניות פריכוז,גרמים,580.00,100 גרם,false,,10.90,0.0188,true,1,1406195
7290000209944,false,רוטב עגבניות לשקשוקה,,,רוטב עגבניות לשקשוקה,גרמים,260.00,100 גרם,false,,6.50,0.0250,true,1,1406196
7290000209951,false,רוטב עגבניות לפיצה י,,,רוטב עגבניות לפיצה י,גרמים,260.00,100 גרם,false,,6.50,0.0250,true,1,1406197
7290000211169,false,אורז תאילנדי סוגת 1,,,אורז תאילנדי סוגת 1,גרמים,1000.00,100 גרם,false,,6.90,0.0069,true,1,1393680
7290000211312,false,אורז מלא ארוך סוגת 1,,,אורז מלא ארוך סוגת 1,גרמים,1000.00,100 גרם,false,,8.90,0.0089,true,1,1393681
7290000211442,false,אורז פרסי קלאסי סוגת,,,אורז פרסי קלאסי סוגת,גרמים,1000.00,100 גרם,false,,10.50,0.0105,true,1,1393682
7290000211503,false,"סוכר לבן נייר 1 ק""ג",,,"סוכר לבן נייר 1 ק""ג",גרמים,1000.00,100 גרם,false,,4.50,0.0045,true,1,1393683
7290000211985,false,אורז לבן עגול סוגת 1,,,אורז לבן עגול סוגת 1,גרמים,1000.00,100 גרם,false,,9.90,0.0099,true,1,1399789
7290000229123,false,פסטרמה הודו על גחלים,,,פסטרמה הודו על גחלים,גרמים,400.00,100 גרם,false,,27.90,0.0697,true,1,1397569
7290000238036,false,מלאווח מעדנות 700 גר,,,מלאווח מעדנות 700 גר,גרמים,700.00,100 גרם,false,,16.90,0.0241,true,1,1397621
7290000238173,false,בורקס גבינה מעדנות 8,,,בורקס גבינה מעדנות 8,גרמים,800.00,100 גרם,false,,19.90,0.0249,true,1,1397622
7290000238180,false,בורקס תפוחי אדמה מעד,,,בורקס תפוחי אדמה מעד,גרמים,800.00,100 גרם,false,,18.90,0.0236,true,1,1397623
7290000272696,false,מיץ לימון משומר מרכז,,,מיץ לימון משומר מרכז,מיליליטרים,1000.00,"100 מ""ל",false,,9.90,0.0099,true,1,1394169
7290000272726,false,חומץ טבעי 5% עסיס 1,,,חומץ טבעי 5% עסיס 1,מיליליטרים,1000.00,"100 מ""ל",false,,6.90,0.0069,true,1,1394170
7290000281382,false,מעדניה - נתחי פילה ס,,,מעדניה - נתחי פילה ס,קילוגרמים,1.00,"ק""ג",true,,89.90,89.9000,true,1,1414322
7290000284347,false,קינלי סודה 1.5 ליטר,,,קינלי סודה 1.5 ליטר,מיליליטרים,1500.00,"100 מ""ל",false,,4.00,0.0027,true,1,1398758
7290000284361,false,דיאט קוקה קולה 1.5 ל,,,דיאט קוקה קולה 1.5 ל,מיליליטרים,1500.00,"100 מ""ל",false,,8.80,0.0059,true,1,1398759
7290000287102,false,"שמפו שטיחים 600 מ""ל",,,"שמפו שטיחים 600 מ""ל",מיליליטרים,600.00,"100 מ""ל",false,,20.90,0.0348,true,1,1396327
7290000287195,false,סנו רהיט אירוסול 300,,,סנו רהיט אירוסול 300,מיליליטרים,300.00,"100 מ""ל",false,,13.90,0.0463,true,1,1396328
7290000287492,false,סנובון נוזלי לימון 7,,,סנובון נוזלי לימון 7,מיליליטרים,750.00,"100 מ""ל",false,,10.90,0.0145,true,1,1396330
7290000287621,false,מנקה אסלות wc אנטי ק,,,מנקה אסלות wc אנטי ק,מיליליטרים,700.00,"100 מ""ל",false,,11.90,0.0170,true,1,1396332
7290000288017,false,סנו זאוול אוקונומיקה,,,סנו זאוול אוקונומיקה,מיליליטרים,1000.00,"100 מ""ל",false,,8.90,0.0089,true,1,1396333
7290000288017,false,סנו זאוול אוקונומיקה,,,סנו זאוול אוקונומיקה,מיליליטרים,1000.00,"100 מ""ל",false,,8.90,0.0089,true,1,1404410
7290000288024,false,אקונומיקה בריח לימון,,,אקונומיקה בריח לימון,מיליליטרים,4000.00,"100 מ""ל",false,,17.90,0.0045,true,1,1396334
7290000288048,false,מרסס לבנדר JAVEL 1 ל,,,מרסס לבנדר JAVEL 1 ל,מיליליטרים,750.00,"100 מ""ל",false,,18.90,0.0252,true,1,1396335
7290000288079,false,אקונומיקה לימון סנו,,,אקונומיקה לימון סנו,מיליליטרים,2000.00,"100 מ""ל",false,,11.90,0.0060,true,1,1396336
7290000288079,false,אקונומיקה לימון סנו,,,אקונומיקה לימון סנו,מיליליטרים,2000.00,"100 מ""ל",false,,11.90,0.0060,true,1,1404411
7290000288109,false,אבקת כביסה סנו מקסימ,,,אבקת כביסה סנו מקסימ,גרמים,1250.00,100 גרם,false,,14.90,0.0119,true,1,1396337
7290000288352,false,קוטל חרקים קיי - 300,,,קוטל חרקים קיי - 300,מיליליטרים,630.00,"100 מ""ל",false,,21.90,0.0348,true,1,1396338
7290000288352,false,קוטל חרקים קיי - 300,,,קוטל חרקים קיי - 300,מיליליטרים,630.00,"100 מ""ל",false,,21.90,0.0348,true,1,1403667
7290000288383,false,קוטל נמלים ותיקנים ק,,,קוטל נמלים ותיקנים ק,מיליליטרים,400.00,"100 מ""ל",false,,22.90,0.0572,true,1,1396339
7290000288413,false,דוחה יתושים רול און,,,דוחה יתושים רול און,מיליליטרים,50.00,"100 מ""ל",false,,21.90,0.4380,true,1,1396340
7290000289069,false,מרסס לימון JAVEL 1 ל,,,מרסס לימון JAVEL 1 ל,מיליליטרים,1000.00,"100 מ""ל",false,,18.90,0.0189,true,1,1396342
7290000289380,false,ג'ל לימון לאסלות זאו,,,ג'ל לימון לאסלות זאו,מיליליטרים,750.00,"100 מ""ל",false,,11.90,0.0159,true,1,1396343
7290000291956,false,סנו זאוול אוקונומיקה,,,סנו זאוול אוקונומיקה,מיליליטרים,1000.00,"100 מ""ל",false,,8.90,0.0089,true,1,1396346
7290000292311,false,פוליווקס סחלבים 2 לי,,,פוליווקס סחלבים 2 לי,מיליליטרים,2000.00,"100 מ""ל",false,,21.90,0.0109,true,1,1396348
7290000292687,false,סנובון כחול לניקוי ה,,,סנובון כחול לניקוי ה,גרמים,165.00,100 גרם,false,,16.90,0.1024,true,1,1396349
7290000293073,false,מרכך כביסה ביו לבן ס,,,מרכך כביסה ביו לבן ס,מיליליטרים,4000.00,"100 מ""ל",false,,21.90,0.0055,true,1,1396350
7290000293943,false,אנטי קאלק מרסס 1 ליט,,,אנטי קאלק מרסס 1 ליט,מיליליטרים,1000.00,"100 מ""ל",false,,17.90,0.0179,true,1,1396353
7290000295336,false,מקסימה אבקת כביסה 1.,,,מקסימה אבקת כביסה 1.,גרמים,1250.00,100 גרם,false,,14.90,0.0119,true,1,1402507
7290000295367,false,מקסימה אבקת כביסה זא,,,מקסימה אבקת כביסה זא,גרמים,2500.00,100 גרם,false,,25.90,0.0104,true,1,1396354
7290000295404,false,סנו סושי 60 שקיות אש,,,סנו סושי 60 שקיות אש,יחידה,60.00,יחידה,false,,23.90,0.3983,true,1,1396355
7290000295503,false,שקיות אוכל מתכלות 19,,,שקיות אוכל מתכלות 19,יחידה,2.00,יחידה,false,,14.90,7.4500,true,1,1396356
7290000295558,false,צמד רדיד אלומיניום,,,צמד רדיד אלומיניום,יחידה,2.00,יחידה,false,,10.90,5.4500,true,1,1396357
7290000300900,false,שניצל תירס הסדרה הקל,,,שניצל תירס הסדרה הקל,גרמים,750.00,100 גרם,false,,27.90,0.0372,true,1,1394175
7290000304663,false,סלט טונה נון 160 גרם,,,סלט טונה נון 160 גרם,גרמים,160.00,100 גרם,false,,6.90,0.0431,true,1,1395070
7290000311210,false,ופל לימון מן 200 גרם,,,ופל לימון מן 200 גרם,גרמים,200.00,100 גרם,false,,5.50,0.0275,true,1,1403972
7290000311227,false,וופלים עם קפה מן 200,,,וופלים עם קפה מן 200,גרמים,200.00,100 גרם,false,,5.50,0.0275,true,1,1406549
7290000311432,false,עוגיות גרנולה קינמון,,,עוגיות גרנולה קינמון,גרמים,200.00,100 גרם,false,,11.90,0.0595,true,1,1419069
7290000311463,false,עוגיות חיטה מלאה חמא,,,עוגיות חיטה מלאה חמא,גרמים,200.00,100 גרם,false,,11.90,0.0595,true,1,1419070
7290000311845,false,עוגיות חיטה מלאה ללא,,,עוגיות חיטה מלאה ללא,גרמים,200.00,100 גרם,false,,11.90,0.0595,true,1,1419107
7290000311883,false,עוגיות גרנולה ללא תו,,,עוגיות גרנולה ללא תו,גרמים,200.00,100 גרם,false,,11.90,0.0595,true,1,1419106
7290000313290,false,נודלס אטריות מסולסלו,,,נודלס אטריות מסולסלו,גרמים,200.00,100 גרם,false,,9.90,0.0495,true,1,1394183
7290000318127,false,נקניקיות ביס ללא גלו,,,נקניקיות ביס ללא גלו,גרמים,380.00,100 גרם,false,,11.90,0.0313,true,1,1402845
7290000318479,false,פרושטו בקר 5% 28% לל,,,פרושטו בקר 5% 28% לל,גרמים,100.00,100 גרם,false,,25.90,0.2590,true,1,1402846
7290000318677,false,סלמי סרוולט בפריסה ד,,,סלמי סרוולט בפריסה ד,גרמים,150.00,100 גרם,false,,24.90,0.1660,true,1,1402847
7290000318943,false,פסטרמה של פעם יחיעם,,,פסטרמה של פעם יחיעם,גרמים,200.00,100 גרם,false,,23.90,0.1195,true,1,1402848
7290000319063,false,כתף בקר מעושן בציפוי,,,כתף בקר מעושן בציפוי,גרמים,150.00,100 גרם,false,,24.90,0.1660,true,1,1402849
7290000319131,false,נקניקיות עוף ללא גלו,,,נקניקיות עוף ללא גלו,גרמים,400.00,100 גרם,false,,11.90,0.0298,true,1,1411385
7290000319520,false,סלמי בסגנון צרפתי 25,,,סלמי בסגנון צרפתי 25,גרמים,100.00,100 גרם,false,,19.90,0.1990,true,1,1402850
7290000334684,false,טבעות בצל תפוגן 700,,,טבעות בצל תפוגן 700,גרמים,700.00,100 גרם,false,,17.90,0.0256,true,1,1408156
7290000339566,false,בדין מרכך כביסה ורוד,,,בדין מרכך כביסה ורוד,ליטרים,4.00,ליטר,false,,19.90,4.9750,true,1,1396005
7290000341071,false,מרכך כביסה בייבי בדי,,,מרכך כביסה בייבי בדי,מיליליטרים,2000.00,"100 מ""ל",false,,16.90,0.0084,true,1,1396006
7290000345208,false,תה קלאסיק מעודן ויסו,,,תה קלאסיק מעודן ויסו,יחידה,25.00,יחידה,false,,7.40,0.2960,true,1,1393821
7290000345284,false,תה קלאסי טעם עשיר וי,,,תה קלאסי טעם עשיר וי,יחידה,100.00,יחידה,false,,16.90,0.1690,true,1,1393823
7290000345291,false,תה ארל גריי ויסוצקי,,,תה ארל גריי ויסוצקי,יחידה,25.00,יחידה,false,,15.90,0.6360,true,1,1393824
7290000346120,false,חליטת קסם הקינמון הג,,,חליטת קסם הקינמון הג,יחידה,25.00,יחידה,false,,17.90,0.7160,true,1,1393827
7290000346137,false,חליטת הילולי פירות ה,,,חליטת הילולי פירות ה,יחידה,25.00,יחידה,false,,17.90,0.7160,true,1,1393828
7290000346199,false,חליטת פירות וצמחים פ,,,חליטת פירות וצמחים פ,יחידה,25.00,יחידה,false,,17.90,0.7160,true,1,1393829
7290000346205,false,חליטת גן קסום קמומיל,,,חליטת גן קסום קמומיל,יחידה,25.00,יחידה,false,,17.90,0.7160,true,1,1393830
7290000347738,false,תה ירוק נענע ויסוצקי,,,תה ירוק נענע ויסוצקי,יחידה,25.00,יחידה,false,,24.90,0.9960,true,1,1393832
7290000347752,false,תה ירוק לימונית ולוא,,,תה ירוק לימונית ולוא,יחידה,25.00,יחידה,false,,24.90,0.9960,true,1,1393833
7290000359441,true,פטרוזיליה שקית,,,פטרוזיליה שקית,000000000000000יחידה,0.00,000000000000000יחידה,false,,4.90,0.0000,true,1,1402707
7290000363899,false,נקניקיות הודו פיקנטי,,,נקניקיות הודו פיקנטי,גרמים,400.00,100 גרם,false,,13.90,0.0348,true,1,1406303
7290000364261,false,דקניקים פסטרמה כתף ב,,,דקניקים פסטרמה כתף ב,גרמים,120.00,100 גרם,false,,14.90,0.1242,true,1,1397627
7290000364278,false,דקניקים סלמי איטלקי,,,דקניקים סלמי איטלקי,גרמים,120.00,100 גרם,false,,14.90,0.1242,true,1,1397628
7290000364285,false,דקניקים פסטרמה הודו,,,דקניקים פסטרמה הודו,גרמים,120.00,100 גרם,false,,14.90,0.1242,true,1,1397629
7290000364292,false,דקניקים פסטרמה הודו,,,דקניקים פסטרמה הודו,גרמים,120.00,100 גרם,false,,14.90,0.1242,true,1,1397630
7290000364810,false,נקניקיות עגל 500 גרם,,,נקניקיות עגל 500 גרם,גרמים,500.00,100 גרם,false,,28.90,0.0578,true,1,1397575
7290000364858,false,"נקנ' עוף טרי 1 ק""ג",,,"נקנ' עוף טרי 1 ק""ג",קילוגרמים,1.00,"ק""ג",false,,23.90,23.9000,true,1,1397576
7290000364872,false,נקניקיות עוף 400 גרם,,,נקניקיות עוף 400 גרם,גרמים,400.00,100 גרם,false,,11.90,0.0298,true,1,1397577
7290000367590,false,פסטרמה כפרית וסלמי פ,,,פסטרמה כפרית וסלמי פ,גרמים,800.00,100 גרם,false,,29.90,0.0374,true,1,1397632
7290000369037,false,סלט קוביות בולגרית 2,,,סלט קוביות בולגרית 2,גרמים,200.00,100 גרם,false,,13.90,0.0695,true,1,1411516
7290000369617,false,מעדן כדורי פטה בשמן,,,מעדן כדורי פטה בשמן,גרמים,230.00,100 גרם,false,,16.90,0.0735,true,1,1411518
7290000369709,false,חמאה עירונית בתוספת,,,חמאה עירונית בתוספת,גרמים,100.00,100 גרם,false,,12.90,0.1290,true,1,1411519
7290000379258,false,חלה קונדיטוריה ארוזה,,,חלה קונדיטוריה ארוזה,גרמים,500.00,100 גרם,false,,13.80,0.0276,true,1,1407256
7290000390826,true,נענע שקית,,,נענע שקית,000000000000000יחידה,0.00,000000000000000יחידה,false,,4.90,0.0000,true,1,1402709
7290000396330,true,שמיר שקית,,,שמיר שקית,000000000000000יחידה,0.00,000000000000000יחידה,false,,4.90,0.0000,true,1,1402711
7290000408316,false,יוגורט דנונה ביו 3%,,,יוגורט דנונה ביו 3%,גרמים,200.00,100 גרם,false,,3.70,0.0185,true,1,1393077
7290000408354,false,דנונה בר פצפוצים 173,,,דנונה בר פצפוצים 173,גרמים,173.00,100 גרם,false,,4.60,0.0266,true,1,1393078
7290000416021,false,ממרח שוקולד השחר 500,,,ממרח שוקולד השחר 500,גרמים,500.00,100 גרם,false,,13.90,0.0278,true,1,1399099
7290000416618,false,שוקולד השחר פרווה 40,,,שוקולד השחר פרווה 40,גרמים,400.00,100 גרם,false,,12.90,0.0323,true,1,1399100
7290000419107,false,קפה שחור לנדוור המקו,,,קפה שחור לנדוור המקו,גרמים,100.00,100 גרם,false,,8.90,0.0890,true,1,1394189
7290000419452,false,עוף טרי ארוז מחפוד,,,עוף טרי ארוז מחפוד,קילוגרמים,1.00,"ק""ג",true,,25.90,25.9000,true,1,1406028
7290000419453,false,חזה עוף טרי ארוז מחפ,,,חזה עוף טרי ארוז מחפ,קילוגרמים,1.00,"ק""ג",true,,33.90,33.9000,true,1,1406029
7290000419454,false,כרעיים עוף טרי ארוז,,,כרעיים עוף טרי ארוז,קילוגרמים,1.00,"ק""ג",true,,33.90,33.9000,true,1,1406030
7290000419455,false,כנפיים עוף טרי ארוז,,,כנפיים עוף טרי ארוז,קילוגרמים,1.00,"ק""ג",true,,15.90,15.9000,true,1,1406031
7290000419456,false,ירכיים עוף טרי ארוז,,,ירכיים עוף טרי ארוז,קילוגרמים,1.00,"ק""ג",true,,32.90,32.9000,true,1,1406032
7290000419457,false,שוקיים עוף טרי ארוז,,,שוקיים עוף טרי ארוז,קילוגרמים,1.00,"ק""ג",true,,34.90,34.9000,true,1,1406033
7290000419458,false,פרגיות עוף טרי ארוז,,,פרגיות עוף טרי ארוז,קילוגרמים,1.00,"ק""ג",true,,69.90,69.9000,true,1,1406034
7290000419459,false,כבד עוף טרי ארוז מחפ,,,כבד עוף טרי ארוז מחפ,קילוגרמים,1.00,"ק""ג",true,,29.90,29.9000,true,1,1406035
7290000419460,false,לבבות עוף טרי ארוז מ,,,לבבות עוף טרי ארוז מ,קילוגרמים,1.00,"ק""ג",true,,29.90,29.9000,true,1,1406036
7290000419463,false,שניצל עוף פרוס טרי א,,,שניצל עוף פרוס טרי א,קילוגרמים,1.00,"ק""ג",true,,34.90,34.9000,true,1,1406038
7290000419482,false,שניצל עוף פרמיום דק,,,שניצל עוף פרמיום דק,קילוגרמים,1.00,"ק""ג",true,,44.90,44.9000,true,1,1406042
7290000420325,false,פופקורן טבעי למיקרוג,,,פופקורן טבעי למיקרוג,יחידה,5.00,יחידה,false,,13.90,2.7800,true,1,1396500
7290000420332,false,פופקורן חמאה למיקרוג,,,פופקורן חמאה למיקרוג,יחידה,5.00,יחידה,false,,13.90,2.7800,true,1,1396501
7290000420417,false,שקיות אשפה עם שרוך 5,,,שקיות אשפה עם שרוך 5,יחידה,60.00,יחידה,false,,19.90,0.3317,true,1,1409513
7290000450209,false,טונה פוסידון 108 גרם,,,טונה פוסידון 108 גרם,גרמים,108.00,100 גרם,false,,5.90,0.0546,true,1,1395509
7290000453019,false,שימרית שמרים טריים ב,,,שימרית שמרים טריים ב,גרמים,50.00,100 גרם,false,,4.50,0.0900,true,1,1393079
7290000453798,false,שמרים יבשים אקטיבים,,,שמרים יבשים אקטיבים,גרמים,500.00,100 גרם,false,,14.90,0.0298,true,1,1401154
7290000462141,false,זחוק תימני אדום חריף,,,זחוק תימני אדום חריף,גרמים,150.00,100 גרם,false,,7.90,0.0527,true,1,1393086
7290000462172,false,זחוק תימני ירוק חריף,,,זחוק תימני ירוק חריף,גרמים,150.00,100 גרם,false,,7.90,0.0527,true,1,1393088
7290000462981,false,זחוק חריף אש 150 גרם,,,זחוק חריף אש 150 גרם,גרמים,150.00,100 גרם,false,,8.90,0.0593,true,1,1408120
7290000465289,false,ב.הש.זיתים ירוקים מב,,,ב.הש.זיתים ירוקים מב,גרמים,340.00,100 גרם,false,,10.90,0.0321,true,1,1408180
7290000467320,false,סלט חומוס אבו מרוואן,,,סלט חומוס אבו מרוואן,גרמים,400.00,100 גרם,false,,13.90,0.0348,true,1,1394201
7290000467511,false,ביסלי ברביקיו 55 גרם,,,ביסלי ברביקיו 55 גרם,גרמים,55.00,100 גרם,false,,3.90,0.0709,true,1,1394202
7290000467887,false,ביסלי פיצה 55 גרם,,,ביסלי פיצה 55 גרם,גרמים,55.00,100 גרם,false,,3.90,0.0709,true,1,1403897
7290000468747,false,ביסלי גריל 55 גרם,,,ביסלי גריל 55 גרם,גרמים,55.00,100 גרם,false,,3.90,0.0709,true,1,1394203
7290000468877,false,ביסלי בצל 55 גרם,,,ביסלי בצל 55 גרם,גרמים,55.00,100 גרם,false,,3.90,0.0709,true,1,1394204
7290000474090,false,חלב בקרטון 1% - 1 לי,,,חלב בקרטון 1% - 1 לי,מיליליטרים,1000.00,"100 מ""ל",false,,5.86,0.0059,true,1,1398887
7290000474373,false,שמנת חמוצה לבישול וא,,,שמנת חמוצה לבישול וא,מיליליטרים,200.00,"100 מ""ל",false,,2.40,0.0120,true,1,1410424
7290000474502,false,גבינה לבנה 5% טרה 25,,,גבינה לבנה 5% טרה 25,גרמים,250.00,100 גרם,false,,4.98,0.0199,true,1,1398889
7290000474540,false,גבינה לבנה חצי קשה 3,,,גבינה לבנה חצי קשה 3,גרמים,250.00,100 גרם,false,,11.70,0.0468,true,1,1410258
7290000480107,false,שיבולת שועל הולנדי ק,,,שיבולת שועל הולנדי ק,גרמים,500.00,100 גרם,false,,13.90,0.0278,true,1,1393535
7290000480442,false,קוואקר שיבולת שועל ש,,,קוואקר שיבולת שועל ש,גרמים,500.00,100 גרם,false,,12.80,0.0256,true,1,1393536
7290000482019,false,שקיות לצלייה מהירה 2,,,שקיות לצלייה מהירה 2,יחידה,10.00,יחידה,false,,12.90,1.2900,true,1,1399313
7290000483887,false,מרציפן המרשלג ללא סו,,,מרציפן המרשלג ללא סו,גרמים,75.00,100 גרם,false,,13.90,0.1853,true,1,1414762
7290000484747,false,"ערק עלית הארק 700 מ""",,,"ערק עלית הארק 700 מ""",מיליליטרים,700.00,"100 מ""ל",false,,59.90,0.0856,true,1,1405222
7290000484747,false,"ערק עלית הארק 700 מ""",,,"ערק עלית הארק 700 מ""",מיליליטרים,700.00,"100 מ""ל",false,,59.90,0.0856,true,1,1405491
7290000493176,false,אסם אבקת רוטב צלי לב,,,אסם אבקת רוטב צלי לב,גרמים,22.00,100 גרם,false,,4.50,0.2045,true,1,1394205
7290000493183,false,אסם אבקת רוטב פטריות,,,אסם אבקת רוטב פטריות,גרמים,30.00,100 גרם,false,,4.00,0.1333,true,1,1394206
7290000504025,false,סוכרזית קלאסי פטרייה,,,סוכרזית קלאסי פטרייה,יחידה,300.00,יחידה,false,,8.90,0.0297,true,1,1401155
7290000504209,true,דיאטיפ נוזל,,,דיאטיפ נוזל,00000000000000000000,0.00,00000000000000000000,false,,14.80,0.0000,true,1,1401156
7290000504278,false,סוכרזית קלאסי פטנט 7,,,סוכרזית קלאסי פטנט 7,יחידה,700.00,יחידה,false,,14.90,0.0213,true,1,1401157
7290000521008,false,יין אדום יבש יקבי סג,,,יין אדום יבש יקבי סג,מיליליטרים,750.00,"100 מ""ל",false,,21.90,0.0292,true,1,1402996
7290000521015,false,יין לבן יבש יקבי סגל,,,יין לבן יבש יקבי סגל,מיליליטרים,750.00,"100 מ""ל",false,,21.90,0.0292,true,1,1402997
7290000521022,false,יין לבן חצי יבש יקבי,,,יין לבן חצי יבש יקבי,מיליליטרים,750.00,"100 מ""ל",false,,21.90,0.0292,true,1,1402998
7290000523125,false,מלח ים יבש מלח הארץ,,,מלח ים יבש מלח הארץ,גרמים,250.00,100 גרם,false,,5.90,0.0236,true,1,1393793
7290000523125,false,מלח ים יבש מלח הארץ,,,מלח ים יבש מלח הארץ,גרמים,250.00,100 גרם,false,,5.90,0.0236,true,1,1393834
7290000523224,false,מלח ים דק מלח הארץ 5,,,מלח ים דק מלח הארץ 5,גרמים,500.00,100 גרם,false,,7.90,0.0158,true,1,1393835
7290000523514,false,מלח הארץ 50% מכמות ה,,,מלח הארץ 50% מכמות ה,גרמים,250.00,100 גרם,false,,10.50,0.0420,true,1,1403532
7290000523521,false,מלח הארץ מועשר ביוד,,,מלח הארץ מועשר ביוד,גרמים,250.00,100 גרם,false,,6.90,0.0276,true,1,1393800
7290000525969,false,מיץ תפוזים סחוט פרי,,,מיץ תפוזים סחוט פרי,מיליליטרים,1000.00,"100 מ""ל",false,,16.20,0.0162,true,1,1393092
7290000530086,false,סלמי מעושן 7000 600,,,סלמי מעושן 7000 600,גרמים,600.00,100 גרם,false,,29.90,0.0498,true,1,1402129
7290000530291,false,נקניק מבשר הודו קטן,,,נקניק מבשר הודו קטן,גרמים,750.00,100 גרם,false,,19.90,0.0265,true,1,1402130
7290000530413,false,המבורגר זהב 400 גרם,,,המבורגר זהב 400 גרם,גרמים,400.00,100 גרם,false,,19.90,0.0497,true,1,1400257
7290000530703,false,תה מעושן 400 גרם + פ,,,תה מעושן 400 גרם + פ,גרמים,800.00,100 גרם,false,,29.90,0.0374,true,1,1400258
7290000531601,false,סטייק בורגר זהב 400,,,סטייק בורגר זהב 400,גרמים,400.00,100 גרם,false,,19.90,0.0497,true,1,1400259
7290000536743,false,קריספי סטיקס תירס 50,,,קריספי סטיקס תירס 50,גרמים,500.00,100 גרם,false,,17.90,0.0358,true,1,1400261
7290000537566,false,נקניקיות עוף זוגלובק,,,נקניקיות עוף זוגלובק,גרמים,400.00,100 גרם,false,,12.90,0.0323,true,1,1400262
7290000537603,false,"נקניקיות עוף 1 ק""ג",,,"נקניקיות עוף 1 ק""ג",גרמים,1000.00,100 גרם,false,,25.90,0.0259,true,1,1402137
7290000538709,false,תה מעושן זוגלובק 200,,,תה מעושן זוגלובק 200,גרמים,200.00,100 גרם,false,,14.90,0.0745,true,1,1400263
7290000552194,false,קישקע טיבון ויל 500,,,קישקע טיבון ויל 500,גרמים,500.00,100 גרם,false,,12.90,0.0258,true,1,1395511
7290000552194,false,קישקע טיבון ויל 500,,,קישקע טיבון ויל 500,גרמים,500.00,100 גרם,false,,12.90,0.0258,true,1,1395574
7290000552569,false,סטייק בורגר 400 גרם,,,סטייק בורגר 400 גרם,גרמים,400.00,100 גרם,false,,19.90,0.0497,true,1,1395575
7290000554402,false,מעדן חלב מלבי גד 160,,,מעדן חלב מלבי גד 160,גרמים,160.00,100 גרם,false,,5.50,0.0344,true,1,1399003
7290000554471,false,גבינת מוצרלה 22% גד,,,גבינת מוצרלה 22% גד,גרמים,180.00,100 גרם,false,,17.90,0.0994,true,1,1399005
7290000554532,false,צפתית מעודנת 5% מחלב,,,צפתית מעודנת 5% מחלב,גרמים,200.00,100 גרם,false,,14.60,0.0730,true,1,1399006
7290000554600,false,גבינת מוצרלה מגורדת,,,גבינת מוצרלה מגורדת,גרמים,300.00,100 גרם,false,,24.90,0.0830,true,1,1399007
7290000554624,false,מעדן ירח מתוק 3% 150,,,מעדן ירח מתוק 3% 150,גרמים,150.00,100 גרם,false,,5.90,0.0393,true,1,1399008
7290000554686,false,גבינת לאבנה בשמן זית,,,גבינת לאבנה בשמן זית,גרמים,250.00,100 גרם,false,,15.00,0.0600,true,1,1399009
7290000554822,false,ריקוטה 5% 250 גרם,,,ריקוטה 5% 250 גרם,גרמים,250.00,100 גרם,false,,14.90,0.0596,true,1,1399010
7290000554839,false,גבינת מסקרפונה 40% ג,,,גבינת מסקרפונה 40% ג,גרמים,250.00,100 גרם,false,,19.90,0.0796,true,1,1399011
7290000560021,true,ג'ל גילוח אדג',,,ג'ל גילוח אדג',00000000000000000000,0.00,00000000000000000000,false,,18.80,0.0000,true,1,1399476
7290000560533,false,ג'ל גילוח ירוק לעור,,,ג'ל גילוח ירוק לעור,גרמים,200.00,100 גרם,false,,15.90,0.0795,true,1,1396502
7290000560557,true,ג'ל לגילוח לעור יבש,,,ג'ל לגילוח לעור יבש,00000000000000000000,0.00,00000000000000000000,false,,18.80,0.0000,true,1,1399477
7290000560861,true,ג'ל לגילוח לניקוי עו,,,ג'ל לגילוח לניקוי עו,00000000000000000000,0.00,00000000000000000000,false,,19.90,0.0000,true,1,1399478
7290000572529,false,חלוה פיסטוק 400 גרם,,,חלוה פיסטוק 400 גרם,גרמים,400.00,100 גרם,false,,14.90,0.0373,true,1,1405003
7290000572543,false,חלווה שיש 400 גרם במ,,,חלווה שיש 400 גרם במ,גרמים,400.00,100 גרם,false,,12.90,0.0323,true,1,1399790
7290000599861,false,מגב 40 פלסטיק,,,מגב 40 פלסטיק,יחידה,1.00,יחידה,false,,11.90,11.9000,true,1,1397192
7290000603049,false,12 ביצים אומגה 3 L ג,,,12 ביצים אומגה 3 L ג,יחידה,12.00,יחידה,false,,20.90,1.7417,true,1,1397690
7290000604022,false,12 ביצים L גדול,,,12 ביצים L גדול,יחידה,12.00,יחידה,false,,12.05,1.0042,true,1,1397693
7290000604022,false,12 ביצים L גדול,,,12 ביצים L גדול,יחידה,12.00,יחידה,false,,12.05,1.0042,true,1,1407059
7290000604534,false,ביצים בינוניות M תנו,,,ביצים בינוניות M תנו,יחידה,30.00,יחידה,false,,27.80,0.9267,true,1,1407065
7290000604534,false,ביצים בינוניות M תנו,,,ביצים בינוניות M תנו,יחידה,30.00,יחידה,false,,27.80,0.9267,true,1,1407070
7290000644783,false,מנות סלמון בואקום,,,מנות סלמון בואקום,קילוגרמים,1.00,"ק""ג",true,,84.90,84.9000,true,1,1397579
7290000654355,false,שקית גופיה רמי לוי ב,,,שקית גופיה רמי לוי ב,קילוגרמים,1.00,"ק""ג",false,,0.10,0.1000,true,1,1407577
7290000654546,false,פילה אמנון קפוא 7-9,,,פילה אמנון קפוא 7-9,קילוגרמים,1.00,"ק""ג",true,,36.90,36.9000,true,1,1417479
7290000655376,false,פילה דניס קפוא דגי ת,,,פילה דניס קפוא דגי ת,קילוגרמים,1.00,"ק""ג",true,,94.90,94.9000,true,1,1417480
7290000663135,false,קוביות סלמון קפוא דג,,,קוביות סלמון קפוא דג,גרמים,300.00,100 גרם,false,,29.90,0.0997,true,1,1417482
7290000684345,false,שלישיית פילטר בריטה,,,שלישיית פילטר בריטה,יחידה,3.00,יחידה,false,,119.00,39.6667,true,1,1407460
7290000692227,false,נוזל לניקוי כלים 18%,,,נוזל לניקוי כלים 18%,מיליליטרים,1000.00,"100 מ""ל",false,,14.50,0.0145,true,1,1404293
7290000805795,false,חול חתולים 10 קג,,,חול חתולים 10 קג,קילוגרמים,10.00,"ק""ג",false,,34.90,3.4900,true,1,1395074
7290000805900,false,"לה קט עוף 2.85 ק""ג",,,"לה קט עוף 2.85 ק""ג",קילוגרמים,2.85,"ק""ג",false,,68.90,24.1754,true,1,1395075
7290000961491,true,נבטי ברוקולי יחידה,,,נבטי ברוקולי יחידה,000000000000000יחידה,0.00,000000000000000יחידה,false,,7.90,0.0000,true,1,1401921
7290000961804,false,דלעת חתוכה,,,דלעת חתוכה,קילוגרמים,1.00,"ק""ג",true,,9.80,9.8000,true,1,1403587
7290000995410,false,נבטים סיניים נבטי הע,,,נבטים סיניים נבטי הע,יחידה,1.00,יחידה,false,,6.90,6.9000,true,1,1403588
7290001045688,false,משקה תפוזים פרימור 4,,,משקה תפוזים פרימור 4,מיליליטרים,400.00,"100 מ""ל",false,,10.20,0.0255,true,1,1393097
7290001121238,false,קורנד ביף 180גר',,,קורנד ביף 180גר',גרמים,180.00,100 גרם,false,,24.90,0.1383,true,1,1399620
7290001121979,false,סלמי הרץ 150גר',,,סלמי הרץ 150גר',גרמים,150.00,100 גרם,false,,24.90,0.1660,true,1,1402851
7290001123775,false,שווארמה פרגיות 500 ג,,,שווארמה פרגיות 500 ג,גרמים,500.00,100 גרם,false,,24.90,0.0498,true,1,1395580
7290001123782,false,שווארמה הודו 500 גרם,,,שווארמה הודו 500 גרם,גרמים,500.00,100 גרם,false,,29.90,0.0598,true,1,1395581
7290001136287,false,שמפו לשיער רגיל ירוק,,,שמפו לשיער רגיל ירוק,מיליליטרים,750.00,"100 מ""ל",false,,11.90,0.0159,true,1,1396360
7290001136683,false,מרכך לשיער רגיל ירוק,,,מרכך לשיער רגיל ירוק,מיליליטרים,750.00,"100 מ""ל",false,,11.90,0.0159,true,1,1396361
7290001179291,false,צלחת 9' קרם (25 יח'),,,צלחת 9' קרם (25 יח'),יחידה,25.00,יחידה,false,,12.90,0.5160,true,1,1400562
7290001216040,false,טחינה אל ארז שומשום,,,טחינה אל ארז שומשום,גרמים,500.00,100 גרם,false,,16.90,0.0338,true,1,1403770
7290001216231,false,טחינה אל ארז שומשום,,,טחינה אל ארז שומשום,גרמים,500.00,100 גרם,false,,17.20,0.0344,true,1,1404108
7290001246009,false,ג'ל לכביסה אדום 3 לי,,,ג'ל לכביסה אדום 3 לי,מיליליטרים,3000.00,"100 מ""ל",false,,22.90,0.0076,true,1,1404982
7290001246016,false,ג'ל לכביסה ירוק 3 לי,,,ג'ל לכביסה ירוק 3 לי,מיליליטרים,3000.00,"100 מ""ל",false,,22.90,0.0076,true,1,1404983
7290001246023,false,ג'ל לכביסה כחול 3 לי,,,ג'ל לכביסה כחול 3 לי,מיליליטרים,3000.00,"100 מ""ל",false,,22.90,0.0076,true,1,1404984
7290001246320,false,ג'ל אסלות לימון 750,,,ג'ל אסלות לימון 750,מיליליטרים,750.00,"100 מ""ל",false,,10.90,0.0145,true,1,1404981
7290001246337,false,ג'ל אסלות אורנים 750,,,ג'ל אסלות אורנים 750,מיליליטרים,750.00,"100 מ""ל",false,,10.90,0.0145,true,1,1404985
7290001246801,false,נוזל רצפות פרקט טאצ,,,נוזל רצפות פרקט טאצ,מיליליטרים,2000.00,"100 מ""ל",false,,18.90,0.0094,true,1,1418325
7290001247082,false,ספרינג קרטוניות עגבנ,,,ספרינג קרטוניות עגבנ,מיליליטרים,1000.00,"100 מ""ל",false,,6.50,0.0065,true,1,1394710
7290001247099,false,קרטוניות ספרינג מנגו,,,קרטוניות ספרינג מנגו,מיליליטרים,1000.00,"100 מ""ל",false,,6.80,0.0068,true,1,1394711
7290001247112,false,ספרינג קרטוניות לימו,,,ספרינג קרטוניות לימו,מיליליטרים,1000.00,"100 מ""ל",false,,6.80,0.0068,true,1,1394712
7290001247129,false,ספרינג קרטוניות תפוז,,,ספרינג קרטוניות תפוז,מיליליטרים,1000.00,"100 מ""ל",false,,6.80,0.0068,true,1,1394713
7290001247143,false,נקטר תפוחים בקרטון ס,,,נקטר תפוחים בקרטון ס,מיליליטרים,1000.00,"100 מ""ל",false,,6.80,0.0068,true,1,1394714
7290001258415,false,רוקפור ואקום 180גרם,,,רוקפור ואקום 180גרם,גרמים,180.00,100 גרם,false,,23.90,0.1328,true,1,1401047
7290001258446,false,יעקבס יוגורט כבשים 5,,,יעקבס יוגורט כבשים 5,מיליליטרים,850.00,"100 מ""ל",false,,19.50,0.0229,true,1,1401048
7290001258576,false,גבינת גאודה יעקבס 20,,,גבינת גאודה יעקבס 20,גרמים,200.00,100 גרם,false,,19.70,0.0985,true,1,1401049
7290001258668,false,גבינת עז מה 5% יעקבס,,,גבינת עז מה 5% יעקבס,גרמים,250.00,100 גרם,false,,14.90,0.0596,true,1,1401050
7290001258682,false,יעקבס יוגורט עיזים 3,,,יעקבס יוגורט עיזים 3,מיליליטרים,500.00,"100 מ""ל",false,,13.30,0.0266,true,1,1401051
7290001258729,false,יעקבס לאבנה עיזים 25,,,יעקבס לאבנה עיזים 25,גרמים,250.00,100 גרם,false,,13.90,0.0556,true,1,1401052
7290001258774,false,מוצרלה בייבי 150 גרם,,,מוצרלה בייבי 150 גרם,גרמים,150.00,100 גרם,false,,12.90,0.0860,true,1,1405552
7290001258804,false,קשקבל ואקום 180 גרם,,,קשקבל ואקום 180 גרם,גרמים,180.00,100 גרם,false,,21.70,0.1206,true,1,1401053
7290001258958,false,מוצרלה מגורדת 200 גר,,,מוצרלה מגורדת 200 גר,גרמים,200.00,100 גרם,false,,22.50,0.1125,true,1,1401054
7290001258972,false,חלומי ואקום 200 גרם,,,חלומי ואקום 200 גרם,גרמים,200.00,100 גרם,false,,17.90,0.0895,true,1,1401055
7290001274200,false,שלגון אבטיח על מקל,,,שלגון אבטיח על מקל,גרמים,100.00,100 גרם,false,,5.90,0.0590,true,1,1417642
7290001274231,false,שלגון פסטיק,,,שלגון פסטיק,גרמים,75.00,100 גרם,false,,5.90,0.0787,true,1,1417643
7290001302279,false,במבה קלאסי 60 גרם,,,במבה קלאסי 60 גרם,גרמים,60.00,100 גרם,false,,4.30,0.0717,true,1,1394208
7290001327180,false,גלידת קרמיסימו 1.33,,,גלידת קרמיסימו 1.33,מיליליטרים,1330.00,"100 מ""ל",false,,18.90,0.0142,true,1,1404672
7290001327791,false,גלידת קרמיסימו1.33 ל,,,גלידת קרמיסימו1.33 ל,מיליליטרים,1330.00,"100 מ""ל",false,,18.90,0.0142,true,1,1407922
7290001343845,false,"גרנולה פירות 1ק""ג",,,"גרנולה פירות 1ק""ג",קילוגרמים,1.00,"ק""ג",false,,19.90,19.9000,true,1,1409851
7290001419892,false,ופלים קלאסיים בטעם ל,,,ופלים קלאסיים בטעם ל,גרמים,200.00,100 גרם,false,,3.50,0.0175,true,1,1406170
7290001468159,false,ממרח ריבת חלב 300 גר,,,ממרח ריבת חלב 300 גר,גרמים,300.00,100 גרם,false,,14.90,0.0497,true,1,1418895
7290001468272,false,פלסטרים מעורב בסטנד,,,פלסטרים מעורב בסטנד,יחידה,1.00,יחידה,false,,6.90,6.9000,true,1,1418896
7290001468319,false,מיץ לימון משומר 200,,,מיץ לימון משומר 200,מיליליטרים,200.00,"100 מ""ל",false,,4.90,0.0245,true,1,1418897
7290001468326,false,מיץ לימון טבעי 500 מ,,,מיץ לימון טבעי 500 מ,מיליליטרים,500.00,"100 מ""ל",false,,11.90,0.0238,true,1,1418898
7290001468609,false,סוכר וניל 10*10גר,,,סוכר וניל 10*10גר,גרמים,100.00,100 גרם,false,,2.50,0.0250,true,1,1418900
7290001468616,false,אבקת אפייה 10יחידות,,,אבקת אפייה 10יחידות,גרמים,100.00,100 גרם,false,,2.50,0.0250,true,1,1418901
7290001468692,false,קורנפלור 200 גרם,,,קורנפלור 200 גרם,גרמים,200.00,100 גרם,false,,3.90,0.0195,true,1,1418903
7290001468708,false,קורנפלור 500 גרם,,,קורנפלור 500 גרם,גרמים,500.00,100 גרם,false,,6.90,0.0138,true,1,1418904
7290001468715,false,אבקת סוכר 100גר,,,אבקת סוכר 100גר,גרמים,100.00,100 גרם,false,,2.00,0.0200,true,1,1418905
7290001468753,false,"קמח תפו""א 500 גרם",,,"קמח תפו""א 500 גרם",גרמים,500.00,100 גרם,false,,5.90,0.0118,true,1,1407057
7290001468883,false,ריבה נאמן שזיף משמש,,,ריבה נאמן שזיף משמש,גרמים,820.00,100 גרם,false,,13.90,0.0170,true,1,1418907
7290001482094,false,פרמז'נו 200 גרם,,,פרמז'נו 200 גרם,גרמים,200.00,100 גרם,false,,19.90,0.0995,true,1,1395234
7290001482186,false,אננס חתוך בסירופ קל,,,אננס חתוך בסירופ קל,גרמים,565.00,100 גרם,false,,6.90,0.0122,true,1,1410528
7290001485019,false,גבינת קרם שמנת 5% טב,,,גבינת קרם שמנת 5% טב,גרמים,200.00,100 גרם,false,,11.50,0.0575,true,1,1398892
7290001591710,false,המבורגר אנגוס טיבון,,,המבורגר אנגוס טיבון,גרמים,600.00,100 גרם,false,,23.90,0.0398,true,1,1415442
7290001591734,false,נקניקיה מרגז בסגנון,,,נקניקיה מרגז בסגנון,גרמים,500.00,100 גרם,false,,23.90,0.0478,true,1,1415443
7290001591741,false,קבבוני טלה טיבון ויל,,,קבבוני טלה טיבון ויל,גרמים,500.00,100 גרם,false,,23.90,0.0478,true,1,1415441
7290001594155,false,"קוקה קולה 500 מ""ל",,,"קוקה קולה 500 מ""ל",מיליליטרים,500.00,"100 מ""ל",false,,6.50,0.0130,true,1,1398766
7290001594179,false,"פאנטה אורנג' 500 מ""ל",,,"פאנטה אורנג' 500 מ""ל",מיליליטרים,500.00,"100 מ""ל",false,,6.50,0.0130,true,1,1398767
7290001594575,false,בירה טובורג פחית 500,,,בירה טובורג פחית 500,מיליליטרים,500.00,"100 מ""ל",false,,9.10,0.0182,true,1,1398775
7290001594858,false,טובורג רד שישיה 330,,,טובורג רד שישיה 330,מיליליטרים,1980.00,"100 מ""ל",false,,39.90,0.0202,true,1,1398776
7290001594865,false,"קרלסברג שישיה 330 מ""",,,"קרלסברג שישיה 330 מ""",מיליליטרים,1980.00,"100 מ""ל",false,,41.70,0.0211,true,1,1398777
7290001598085,false,לחם קסטן משפחתי חיטה,,,לחם קסטן משפחתי חיטה,גרמים,1000.00,100 גרם,false,,16.90,0.0169,true,1,1416053
7290001598115,false,לחם חיטה מלאה 700 גר,,,לחם חיטה מלאה 700 גר,גרמים,700.00,100 גרם,false,,12.90,0.0184,true,1,1416054
7290001598122,false,לחם מיוחד שיפון עם ח,,,לחם מיוחד שיפון עם ח,גרמים,700.00,100 גרם,false,,12.90,0.0184,true,1,1416055
7290001598191,false,לחם שיפון קל ברון 55,,,לחם שיפון קל ברון 55,גרמים,550.00,100 גרם,false,,12.90,0.0235,true,1,1416056
7290001598276,false,לחם קסטן מחמצת עם דג,,,לחם קסטן מחמצת עם דג,גרמים,1000.00,100 גרם,false,,16.90,0.0169,true,1,1416057
7290001598429,false,לחם פרנה ברון 520 גר,,,לחם פרנה ברון 520 גר,גרמים,520.00,100 גרם,false,,12.90,0.0248,true,1,1416058
7290001598528,false,לחם כוסמין חמשת מיני,,,לחם כוסמין חמשת מיני,גרמים,450.00,100 גרם,false,,16.90,0.0376,true,1,1416061
7290001598573,false,לחמניות כוסמין חמשת,,,לחמניות כוסמין חמשת,גרמים,1000.00,100 גרם,false,,16.90,0.0169,true,1,1416062
7290001598580,false,פיתות כוסמין חמשת מי,,,פיתות כוסמין חמשת מי,גרמים,372.00,100 גרם,false,,16.90,0.0454,true,1,1416063
7290001598597,false,פיתה 99 קלוריות חמשת,,,פיתה 99 קלוריות חמשת,גרמים,300.00,100 גרם,false,,15.90,0.0530,true,1,1416064
7290001598856,false,פיתות כוסמין ביס חמש,,,פיתות כוסמין ביס חמש,גרמים,400.00,100 גרם,false,,15.90,0.0398,true,1,1416065
7290001690208,false,גבינת גאודה בקר הולנ,,,גבינת גאודה בקר הולנ,גרמים,200.00,100 גרם,false,,22.90,0.1145,true,1,1414620
7290001789711,false,סט 3 קופסאות מלבניות,,,סט 3 קופסאות מלבניות,יחידה,3.00,יחידה,false,,10.90,3.6333,true,1,1419526
7290001791349,false,אקונומיקה ריחנית פיס,,,אקונומיקה ריחנית פיס,מיליליטרים,4000.00,"100 מ""ל",false,,11.90,0.0030,true,1,1396362
7290001865453,false,פמלי לקשרי 1ליטר לבנ,,,פמלי לקשרי 1ליטר לבנ,מיליליטרים,1000.00,"100 מ""ל",false,,11.90,0.0119,true,1,1409520
7290001873472,false,קבב בלק אנגוס 320 גר,,,קבב בלק אנגוס 320 גר,גרמים,320.00,100 גרם,false,,24.90,0.0778,true,1,1416874
7290001901656,false,גפילטע פיש צנצנת 7 ק,,,גפילטע פיש צנצנת 7 ק,גרמים,555.00,100 גרם,false,,14.90,0.0268,true,1,1418909
7290001901670,false,שימורי געפילטע פיש ל,,,שימורי געפילטע פיש ל,גרמים,470.00,100 גרם,false,,22.90,0.0487,true,1,1418910
7290001990148,false,סוכר גולדן קלאסי בצנ,,,סוכר גולדן קלאסי בצנ,קילוגרמים,1.00,"ק""ג",false,,11.90,11.9000,true,1,1406616
7290002000136,true,שעווה דבש למיקרוגל,,,שעווה דבש למיקרוגל,00000000000000000000,0.00,00000000000000000000,false,,17.80,0.0000,true,1,1399480
7290002000266,true,שעווה תפוח למיקרוגל,,,שעווה תפוח למיקרוגל,00000000000000000000,0.00,00000000000000000000,false,,17.80,0.0000,true,1,1399481
7290002019787,false,פריניר רוטב עגבניות,,,פריניר רוטב עגבניות,גרמים,260.00,100 גרם,false,,3.90,0.0150,true,1,1398662
7290002019794,false,רסק עגבניות פריניר 1,,,רסק עגבניות פריניר 1,גרמים,100.00,100 גרם,false,,1.90,0.0190,true,1,1398663
7290002026341,true,צ'יפס בטטה,,,צ'יפס בטטה,00000000000000000000,0.00,00000000000000000000,false,,17.90,0.0000,true,1,1399807
7290002043218,false,ציפס אורז חום מלא מל,,,ציפס אורז חום מלא מל,גרמים,60.00,100 גרם,false,,7.20,0.1200,true,1,1410459
7290002043225,false,ציפס אורז חום מלא פפ,,,ציפס אורז חום מלא פפ,גרמים,60.00,100 גרם,false,,7.20,0.1200,true,1,1410460
7290002043782,false,ציפס אורז חום מלא טק,,,ציפס אורז חום מלא טק,גרמים,60.00,100 גרם,false,,7.20,0.1200,true,1,1410461
7290002057031,false,זיתים מבוקעים פיקנטי,,,זיתים מבוקעים פיקנטי,גרמים,560.00,100 גרם,false,,8.90,0.0159,true,1,1409789
7290002057123,false,זית חרוזית ירוק 275,,,זית חרוזית ירוק 275,גרמים,275.00,100 גרם,false,,9.50,0.0345,true,1,1396294
7290002057185,false,טבעות זיתים ירוקים ‏,,,טבעות זיתים ירוקים ‏,גרמים,275.00,100 גרם,false,,9.90,0.0360,true,1,1396296
7290002057260,false,שי זיתים מנזנילו גדו,,,שי זיתים מנזנילו גדו,גרמים,540.00,100 גרם,false,,8.50,0.0157,true,1,1404740
7290002057352,false,מלפפונים גדולים במלח,,,מלפפונים גדולים במלח,גרמים,320.00,100 גרם,false,,6.90,0.0216,true,1,1396298
7290002057369,false,מלפפון קטן במלח 540,,,מלפפון קטן במלח 540,גרמים,540.00,100 גרם,false,,7.90,0.0146,true,1,1396299
7290002057376,false,מלפפון קטן במלח 540,,,מלפפון קטן במלח 540,גרמים,540.00,100 גרם,false,,9.90,0.0183,true,1,1404741
7290002057383,false,מלפפון קטן במלח 18-2,,,מלפפון קטן במלח 18-2,גרמים,540.00,100 גרם,false,,12.90,0.0239,true,1,1396300
7290002057451,false,מלפפון גדול בחומץ 7-,,,מלפפון גדול בחומץ 7-,גרמים,540.00,100 גרם,false,,6.90,0.0128,true,1,1396288
7290002057475,false,מלפפון קטן בחומץ 13-,,,מלפפון קטן בחומץ 13-,גרמים,560.00,100 גרם,false,,9.90,0.0177,true,1,1396302
7290002057482,false,מלפפון בחומץ 18-25 -,,,מלפפון בחומץ 18-25 -,גרמים,560.00,100 גרם,false,,12.90,0.0230,true,1,1396303
7290002057604,false,פלפל חריף שיפקה 225,,,פלפל חריף שיפקה 225,גרמים,225.00,100 גרם,false,,5.90,0.0262,true,1,1396304
7290002057628,false,זיתים מושחרים טבעות,,,זיתים מושחרים טבעות,גרמים,540.00,100 גרם,false,,9.90,0.0183,true,1,1396305
7290002065555,false,הלחמניה - לחמניות רכ,,,הלחמניה - לחמניות רכ,יחידה,6.00,יחידה,false,,11.90,1.9833,true,1,1405366
7290002065555,false,הלחמניה - לחמניות רכ,,,הלחמניה - לחמניות רכ,יחידה,6.00,יחידה,false,,11.90,1.9833,true,1,1405678
7290002065616,false,לחם שיפון גרעינים פר,,,לחם שיפון גרעינים פר,גרמים,750.00,100 גרם,false,,12.90,0.0172,true,1,1405150
7290002077268,false,קציצות דג מיני 500 ג,,,קציצות דג מיני 500 ג,גרמים,500.00,100 גרם,false,,21.90,0.0438,true,1,1415444
7290002079033,false,לחם דגנים לייט 500 ג,,,לחם דגנים לייט 500 ג,גרמים,500.00,100 גרם,false,,12.90,0.0258,true,1,1394871
7290002079217,false,מחמצת עם אגוזים שיפו,,,מחמצת עם אגוזים שיפו,גרמים,650.00,100 גרם,false,,13.90,0.0214,true,1,1394873
7290002079361,false,מארז המבורגר 2+6 יחי,,,מארז המבורגר 2+6 יחי,יחידה,8.00,יחידה,false,,18.90,2.3625,true,1,1394875
7290002079477,false,לחם אחיד פרוס 750 גר,,,לחם אחיד פרוס 750 גר,גרמים,750.00,100 גרם,false,,6.90,0.0092,true,1,1394868
7290002079477,false,לחם אחיד פרוס 750 גר,,,לחם אחיד פרוס 750 גר,גרמים,750.00,100 גרם,false,,6.90,0.0092,true,1,1404919
7290002079996,false,לחם אחיד קל פרוס 750,,,לחם אחיד קל פרוס 750,גרמים,750.00,100 גרם,false,,11.90,0.0159,true,1,1394879
7290002105145,false,צלעות 2 צרכני בקר קפ,,,צלעות 2 צרכני בקר קפ,קילוגרמים,1.00,"ק""ג",true,,54.90,54.9000,true,1,1407050
7290002105190,false,פילה מדומה קפוא מחפו,,,פילה מדומה קפוא מחפו,קילוגרמים,1.00,"ק""ג",true,,59.90,59.9000,true,1,1409880
7290002107385,false,גליל גבינת עיזים מה,,,גליל גבינת עיזים מה,גרמים,180.00,100 גרם,false,,21.90,0.1217,true,1,1398897
7290002107798,false,בולגרית מעודנת 5% בג,,,בולגרית מעודנת 5% בג,גרמים,250.00,100 גרם,false,,22.50,0.0900,true,1,1409899
7290002128205,false,נרות חנוכה לוקס 45 י,,,נרות חנוכה לוקס 45 י,יחידה,45.00,יחידה,false,,6.90,0.1533,true,1,1404743
7290002129479,false,פיצה איטלקית דקה שלו,,,פיצה איטלקית דקה שלו,גרמים,320.00,100 גרם,false,,15.90,0.0497,true,1,1395586
7290002130567,false,דבש טהור יד מרדכי 35,,,דבש טהור יד מרדכי 35,גרמים,350.00,100 גרם,false,,16.90,0.0483,true,1,1401161
7290002130574,false,דבש טהור 500 גרם,,,דבש טהור 500 גרם,גרמים,500.00,100 גרם,false,,24.90,0.0498,true,1,1401162
7290002157960,false,רביעיית טונה במים 56,,,רביעיית טונה במים 56,גרמים,560.00,100 גרם,false,,19.90,0.0355,true,1,1395587
7290002190141,false,ריבת חלב 7% חלבי קונ,,,ריבת חלב 7% חלבי קונ,גרמים,450.00,100 גרם,false,,13.90,0.0309,true,1,1416370
7290002253006,false,דורות שום כתוש טרי 2,,,דורות שום כתוש טרי 2,גרמים,200.00,100 גרם,false,,15.90,0.0795,true,1,1394218
7290002253150,false,דורות בזיליקום קצוץ,,,דורות בזיליקום קצוץ,גרמים,70.00,100 גרם,false,,11.90,0.1700,true,1,1394221
7290002263562,false,"מיץ לימון 200 מ""ל 10",,,"מיץ לימון 200 מ""ל 10",מיליליטרים,200.00,"100 מ""ל",false,,6.70,0.0335,true,1,1406637
7290002277927,false,מעדניה - פילה אמנון,,,מעדניה - פילה אמנון,קילוגרמים,1.00,"ק""ג",true,,30.90,30.9000,true,1,1409248
7290002278528,false,שבת כלין,,,שבת כלין,יחידה,2.00,יחידה,false,,8.60,4.3000,true,1,1400091
7290002279211,false,חלה מתוקה ארוזה אלומ,,,חלה מתוקה ארוזה אלומ,גרמים,500.00,100 גרם,false,,10.90,0.0218,true,1,1394880
7290002281382,false,מעדניה - נתחי פילה ס,,,מעדניה - נתחי פילה ס,קילוגרמים,1.00,"ק""ג",true,,89.90,89.9000,true,1,1414323
7290002281382,false,מעדניה - נתחי פילה ס,,,מעדניה - נתחי פילה ס,קילוגרמים,1.00,"ק""ג",true,,89.90,89.9000,true,1,1395591
7290002281436,false,סטייק טונה בהירה,,,סטייק טונה בהירה,קילוגרמים,1.00,"ק""ג",true,,54.90,54.9000,true,1,1406106
7290002321750,false,מעדניה - פילה אמנון,,,מעדניה - פילה אמנון,קילוגרמים,1.00,"ק""ג",true,,30.90,30.9000,true,1,1409249
7290002327028,false,ג'חנון שלושת האופים,,,ג'חנון שלושת האופים,גרמים,650.00,100 גרם,false,,19.90,0.0306,true,1,1395592
7290002327042,false,בורקס תפוחי אדמה שלו,,,בורקס תפוחי אדמה שלו,גרמים,800.00,100 גרם,false,,19.90,0.0249,true,1,1395593
7290002327059,false,בצק עלים מרודד שלושת,,,בצק עלים מרודד שלושת,גרמים,1000.00,100 גרם,false,,21.90,0.0219,true,1,1395594
7290002327073,false,בורקס גבינה שלושת הא,,,בורקס גבינה שלושת הא,גרמים,800.00,100 גרם,false,,21.90,0.0274,true,1,1395595
7290002327103,false,ג'חנון שלושת האופים,,,ג'חנון שלושת האופים,גרמים,900.00,100 גרם,false,,19.90,0.0221,true,1,1413758
7290002331018,false,מים מינרלים נביעות 5,,,מים מינרלים נביעות 5,מיליליטרים,500.00,"100 מ""ל",false,,3.90,0.0078,true,1,1398778
7290002331025,false,נביעות TO GO 500,,,נביעות TO GO 500,מיליליטרים,500.00,"100 מ""ל",false,,3.90,0.0078,true,1,1398779
7290002331094,false,"נביעות 755 מ""ל",,,"נביעות 755 מ""ל",מיליליטרים,755.00,"100 מ""ל",false,,6.50,0.0086,true,1,1398780
7290002331322,false,מים מינרילים נביעות,,,מים מינרילים נביעות,ליטרים,9.00,ליטר,false,,11.90,1.3222,true,1,1398787
7290002331360,false,נביעות TOGO שישייה 5,,,נביעות TOGO שישייה 5,מיליליטרים,3000.00,"100 מ""ל",false,,14.90,0.0050,true,1,1398788
7290002331421,false,נביעות מיניונים 755,,,נביעות מיניונים 755,יחידה,6.00,יחידה,false,,19.40,3.2333,true,1,1398789
7290002331483,false,מים מינרלים נביעות 6,,,מים מינרלים נביעות 6,מיליליטרים,1920.00,"100 מ""ל",false,,15.70,0.0082,true,1,1398790
7290002342038,false,מיקרופייבר זכוכית JU,,,מיקרופייבר זכוכית JU,יחידה,1.00,יחידה,false,,8.50,8.5000,true,1,1405145
7290002345015,false,סינטה דקדק 250 גרם,,,סינטה דקדק 250 גרם,גרמים,250.00,100 גרם,false,,27.90,0.1116,true,1,1419323
7290002345022,false,אנטריקוט דק דק מינוט,,,אנטריקוט דק דק מינוט,גרמים,250.00,100 גרם,false,,22.90,0.0916,true,1,1413749
7290002345077,false,שניצל מילנסה דקדק אל,,,שניצל מילנסה דקדק אל,גרמים,250.00,100 גרם,false,,18.90,0.0756,true,1,1395598
7290002345275,false,סלמון מעושן 100 גרם,,,סלמון מעושן 100 גרם,גרמים,100.00,100 גרם,false,,19.90,0.1990,true,1,1401940
7290002345282,false,נתחי סלמון דלידג,,,נתחי סלמון דלידג,קילוגרמים,1.00,"ק""ג",true,,89.90,89.9000,true,1,1411284
7290002345435,false,פילה מרלוזה ארגנטינא,,,פילה מרלוזה ארגנטינא,קילוגרמים,1.00,"ק""ג",true,,29.90,29.9000,true,1,1411274
7290002349044,false,ספוג הקסם שלישייה-רמ,,,ספוג הקסם שלישייה-רמ,יחידה,3.00,יחידה,false,,8.90,2.9667,true,1,1411264
7290002349198,false,ספוג רחצה סאקי,,,ספוג רחצה סאקי,יחידה,1.00,יחידה,false,,7.90,7.9000,true,1,1411974
7290002349228,false,ספוג פלא עם שכבה ירו,,,ספוג פלא עם שכבה ירו,יחידה,1.00,יחידה,false,,8.90,8.9000,true,1,1411004
7290002360285,false,חליטת צמחים קמומיל פ,,,חליטת צמחים קמומיל פ,גרמים,30.00,100 גרם,false,,15.90,0.5300,true,1,1409454
7290002371540,false,קורנדביף 120 גרם טיר,,,קורנדביף 120 גרם טיר,גרמים,120.00,100 גרם,false,,14.90,0.1242,true,1,1406311
7290002371939,false,סרוולד צרפתי מ.ק. 12,,,סרוולד צרפתי מ.ק. 12,גרמים,120.00,100 גרם,false,,28.90,0.2408,true,1,1406312
7290002381808,false,נר נשמה 24 שעות,,,נר נשמה 24 שעות,יחידה,1.00,יחידה,false,,1.90,1.9000,true,1,1420333
7290002404491,true,"מיץ תירוש ""כרמים""",,,"מיץ תירוש ""כרמים""",00000000000000000000,0.00,00000000000000000000,false,,9.60,0.0000,true,1,1399482
7290002479352,true,דבש 350 צנצנת עמק חפ,,,דבש 350 צנצנת עמק חפ,00000000000000000000,0.00,00000000000000000000,false,,16.90,0.0000,true,1,1399483
7290002488057,false,תמר מגהול פרימיום 2,,,תמר מגהול פרימיום 2,קילוגרמים,2.00,"ק""ג",false,,44.90,22.4500,true,1,1407381
7290002542780,false,סטלה ארטואה שישיה -3,,,סטלה ארטואה שישיה -3,מיליליטרים,1980.00,"100 מ""ל",false,,37.90,0.0191,true,1,1417721
7290002543237,false,קלוגס קורנפלקס 750 ג,,,קלוגס קורנפלקס 750 ג,גרמים,750.00,100 גרם,false,,14.90,0.0199,true,1,1395079
7290002577492,false,הרינג מלוח דלידג בשמ,,,הרינג מלוח דלידג בשמ,גרמים,240.00,100 גרם,false,,24.90,0.1037,true,1,1395615
7290002577508,false,הרינג שמן בצל דלידג,,,הרינג שמן בצל דלידג,גרמים,240.00,100 גרם,false,,24.90,0.1037,true,1,1395616
7290002596677,false,מעדניה - פילה אמנון,,,מעדניה - פילה אמנון,קילוגרמים,1.00,"ק""ג",true,,30.90,30.9000,true,1,1409843
7290002603986,false,פיצה מרגריטה רמי לוי,,,פיצה מרגריטה רמי לוי,גרמים,640.00,100 גרם,false,,20.90,0.0327,true,1,1417455
7290002603993,false,פיצה מרגריטה זית רמי,,,פיצה מרגריטה זית רמי,גרמים,340.00,100 גרם,false,,12.90,0.0379,true,1,1417456
7290002627135,false,פיצה אקסטרא גבינה רמ,,,פיצה אקסטרא גבינה רמ,גרמים,340.00,100 גרם,false,,12.90,0.0379,true,1,1417457
7290002627616,false,מעדניה - פילה אמנון,,,מעדניה - פילה אמנון,קילוגרמים,1.00,"ק""ג",true,,30.90,30.9000,true,1,1409928
7290002627623,false,מעדניה - פילה אמנון,,,מעדניה - פילה אמנון,קילוגרמים,1.00,"ק""ג",true,,30.90,30.9000,true,1,1410161
7290002654674,false,אבקת אינסטנט עוגת שו,,,אבקת אינסטנט עוגת שו,גרמים,560.00,100 גרם,false,,15.00,0.0268,true,1,1418913
7290002657866,false,מעדניה - פילה אמנון,,,מעדניה - פילה אמנון,קילוגרמים,1.00,"ק""ג",true,,30.90,30.9000,true,1,1407451
7290002657866,false,מעדניה - פילה אמנון,פילה אמנון 2 קילו ב,,מעדניה - פילה אמנון,קילוגרמים,1.00,"ק""ג",true,,29.90,29.9000,true,1,1409927
7290002692478,false,שמן זית כתית מעולה מ,,,שמן זית כתית מעולה מ,מיליליטרים,750.00,"100 מ""ל",false,,33.90,0.0452,true,1,1410611
7290002706960,false,פילה דג בינתן לא מעו,,,פילה דג בינתן לא מעו,גרמים,400.00,100 גרם,false,,26.90,0.0672,true,1,1417814
7290002730521,false,בלונס מקלות אוזניים,,,בלונס מקלות אוזניים,יחידה,200.00,יחידה,false,,5.90,0.0295,true,1,1404294
7290002730941,false,בלונס צמר גפן 100 גר,,,בלונס צמר גפן 100 גר,גרמים,100.00,100 גרם,false,,6.50,0.0650,true,1,1399329
7290002735823,false,מלווח רמי לוי 700 גר,,,מלווח רמי לוי 700 גר,גרמים,700.00,100 גרם,false,,12.90,0.0184,true,1,1399071
7290002735847,false,רמי לוי בורקס גבינה,,,רמי לוי בורקס גבינה,גרמים,800.00,100 גרם,false,,13.90,0.0174,true,1,1399073
7290002752332,false,סוכריות בגליל בטעם פ,,,סוכריות בגליל בטעם פ,גרמים,37.50,100 גרם,false,,3.50,0.0933,true,1,1397933
7290002752349,false,סוכריות בגליל בטעם מ,,,סוכריות בגליל בטעם מ,גרמים,37.50,100 גרם,false,,3.50,0.0933,true,1,1397934
7290002757139,false,שלושת האופים מלאווח,,,שלושת האופים מלאווח,גרמים,700.00,100 גרם,false,,15.90,0.0227,true,1,1395623
7290002757535,false,בורקס פילו אצבעות גב,,,בורקס פילו אצבעות גב,גרמים,700.00,100 גרם,false,,21.90,0.0313,true,1,1395626
7290002757672,false,המבורגר 400 גרם,,,המבורגר 400 גרם,גרמים,400.00,100 גרם,false,,10.90,0.0273,true,1,1395628
7290002771111,false,קפה עם הל אל נחלה 25,,,קפה עם הל אל נחלה 25,גרמים,250.00,100 גרם,false,,16.90,0.0676,true,1,1409937
7290002771128,false,קפה אל נחלה 250 גרם,,,קפה אל נחלה 250 גרם,גרמים,250.00,100 גרם,false,,16.90,0.0676,true,1,1409938
7290002782131,false,דאודורנט מס' 1 150 מ,,,דאודורנט מס' 1 150 מ,מיליליטרים,150.00,"100 מ""ל",false,,24.90,0.1660,true,1,1403165
7290002782759,false,"קרם גוף 2 340 מ""ל פנ",,,"קרם גוף 2 340 מ""ל פנ",מיליליטרים,340.00,"100 מ""ל",false,,23.90,0.0703,true,1,1403166
7290002793304,false,מיכל גז סודה סטרים ב,,,מיכל גז סודה סטרים ב,יחידה,1.00,יחידה,false,,110.00,110.0000,true,1,1407462
7290002793311,false,שירות והחלפה מילוי ג,,,שירות והחלפה מילוי ג,יחידה,1.00,יחידה,false,,55.90,55.9000,true,1,1407463
7290002824183,false,גבינה לבנה סקי 5% 50,,,גבינה לבנה סקי 5% 50,גרמים,500.00,100 גרם,false,,9.95,0.0199,true,1,1393099
7290002824466,false,דנונה ביו 0% 200 גרם,,,דנונה ביו 0% 200 גרם,גרמים,200.00,100 גרם,false,,3.70,0.0185,true,1,1393100
7290002824640,false,גבינה לבנה סקי 5% שט,,,גבינה לבנה סקי 5% שט,גרמים,250.00,100 גרם,false,,4.98,0.0199,true,1,1393101
7290002825722,false,כרוב סגול במיונז 500,,,כרוב סגול במיונז 500,גרמים,575.00,100 גרם,false,,13.80,0.0240,true,1,1393102
7290002827320,false,נקניקיות מרגז 400 גר,,,נקניקיות מרגז 400 גר,גרמים,400.00,100 גרם,false,,21.90,0.0547,true,1,1412948
7290002845157,true,פלפל שיפקה,,,פלפל שיפקה,גרמים,0.00,00000000000000000גרם,false,,5.00,0.0000,true,1,1395736
7290002868996,false,גבינת קוטג' מועשר 5%,,,גבינת קוטג' מועשר 5%,גרמים,250.00,100 גרם,false,,5.50,0.0220,true,1,1398899
7290002871361,true,"קרלסברג חוזר 500 מ""ל",,,"קרלסברג חוזר 500 מ""ל",00000000000000000000,0.00,00000000000000000000,false,,6.90,0.0000,true,1,1398795
7290002871491,true,פריגת דיאט אשכוליות,,,פריגת דיאט אשכוליות,00000000000000000000,0.00,00000000000000000000,false,,6.70,0.0000,true,1,1398800
7290002881018,false,קונפ' סן מורנו תות ש,,,קונפ' סן מורנו תות ש,גרמים,284.00,100 גרם,false,,10.90,0.0384,true,1,1416372
7290002881056,false,קונפ' סן מורנו משמש,,,קונפ' סן מורנו משמש,גרמים,284.00,100 גרם,false,,10.90,0.0384,true,1,1416374
7290002881230,false,חתיכות אננס בסירופ ק,,,חתיכות אננס בסירופ ק,יחידה,0.00,יחידה,false,,10.90,0.0000,true,1,1418580
7290002881247,false,פרוסות אננס בסירופ ק,,,פרוסות אננס בסירופ ק,יחידה,0.00,יחידה,false,,10.90,0.0000,true,1,1418581
7290002881278,false,ליפתן חצאי אפרסקים ת,,,ליפתן חצאי אפרסקים ת,גרמים,820.00,100 גרם,false,,11.90,0.0145,true,1,1416376
7290002881742,false,לבבות דקל פרוסות 400,,,לבבות דקל פרוסות 400,גרמים,400.00,100 גרם,false,,8.00,0.0200,true,1,1394815
7290002881803,false,שמן קנולה 1 ליטר תומ,,,שמן קנולה 1 ליטר תומ,מיליליטרים,1000.00,"100 מ""ל",false,,10.90,0.0109,true,1,1413701
7290002881865,false,פטריות חתוכות תומר 4,,,פטריות חתוכות תומר 4,גרמים,400.00,100 גרם,false,,5.50,0.0138,true,1,1394816
7290002881919,false,פטריות שלמות 400 גרם,,,פטריות שלמות 400 גרם,גרמים,400.00,100 גרם,false,,6.90,0.0173,true,1,1418692
7290002921349,false,לוקטייט סופר גלו 3 -,,,לוקטייט סופר גלו 3 -,גרמים,4.00,100 גרם,false,,13.90,3.4750,true,1,1415357
7290002929499,false,מעדניה - פילה אמנון,,,מעדניה - פילה אמנון,קילוגרמים,1.00,"ק""ג",true,,30.90,30.9000,true,1,1409250
7290002929642,false,טונה ויליגר שמן 4*14,,,טונה ויליגר שמן 4*14,גרמים,560.00,100 גרם,false,,19.90,0.0355,true,1,1395633
7290002929734,false,גפילטעפיש דלידג 560,,,גפילטעפיש דלידג 560,מיליליטרים,560.00,"100 מ""ל",false,,13.90,0.0248,true,1,1395519
7290002971009,false,"קמח לבן שטיבל 1 ק""ג",,,"קמח לבן שטיבל 1 ק""ג",קילוגרמים,1.00,"ק""ג",false,,4.90,4.9000,true,1,1417789
7290002972419,true,קמח חיטה לבן שטיבל 1,,,קמח חיטה לבן שטיבל 1,גרמים,0.00,00000000000000000גרם,false,,5.00,0.0000,true,1,1395042
7290002986652,false,גטניו פתי בר שוקו 47,,,גטניו פתי בר שוקו 47,גרמים,470.00,100 גרם,false,,10.90,0.0232,true,1,1403775
7290002987963,false,חומוס אחלה 1 קג,,,חומוס אחלה 1 קג,גרמים,1000.00,100 גרם,false,,13.80,0.0138,true,1,1393103
7290003001064,false,מעדניה - פילה אמנון,,,מעדניה - פילה אמנון,קילוגרמים,1.00,"ק""ג",true,,30.90,30.9000,true,1,1410377
7290003009596,false,סירופ דיאט אשכוליות,,,סירופ דיאט אשכוליות,מיליליטרים,750.00,"100 מ""ל",false,,24.20,0.0323,true,1,1398804
7290003009640,false,מיץ תפוזים פריגת סחו,,,מיץ תפוזים פריגת סחו,מיליליטרים,1000.00,"100 מ""ל",false,,16.20,0.0162,true,1,1398805
7290003023196,true,מוקה יטבתה,,,מוקה יטבתה,00000000000000000000,0.00,00000000000000000000,false,,2.80,0.0000,true,1,1393105
7290003026586,true,אולטרסול סנסטיב 34 ק,,,אולטרסול סנסטיב 34 ק,00000000000000000000,0.00,00000000000000000000,false,,34.90,0.0000,true,1,1399484
7290003029181,false,שוקו בבקבוק 2% יטבתה,,,שוקו בבקבוק 2% יטבתה,מיליליטרים,1000.00,"100 מ""ל",false,,11.90,0.0119,true,1,1393107
7290003029372,false,משקה חלב בננה 2% בקב,,,משקה חלב בננה 2% בקב,מיליליטרים,1000.00,"100 מ""ל",false,,11.90,0.0119,true,1,1393109
7290003029389,false,משקה חלב בננה 2% פקק,,,משקה חלב בננה 2% פקק,מיליליטרים,250.00,"100 מ""ל",false,,5.50,0.0220,true,1,1393110
7290003029433,false,שוקו יטבתה 2% פקק יט,,,שוקו יטבתה 2% פקק יט,גרמים,250.00,100 גרם,false,,5.50,0.0220,true,1,1393111
7290003029532,false,משקה מוקה יטבתה 1 לי,,,משקה מוקה יטבתה 1 לי,מיליליטרים,1000.00,"100 מ""ל",false,,11.90,0.0119,true,1,1393112
7290003029815,false,כד 2 ליטר חלב 3%- מה,,,כד 2 ליטר חלב 3%- מה,מיליליטרים,2000.00,"100 מ""ל",false,,14.90,0.0075,true,1,1393115
7290003029907,false,אייס קפה 1 ליטר,,,אייס קפה 1 ליטר,מיליליטרים,1000.00,"100 מ""ל",false,,11.90,0.0119,true,1,1393117
7290003060009,false,קמח חיטה לבן בהיר 1,,,קמח חיטה לבן בהיר 1,גרמים,1000.00,100 גרם,false,,4.50,0.0045,true,1,1403776
7290003060023,false,"סולת חיטה 1 ק""ג",,,"סולת חיטה 1 ק""ג",גרמים,1000.00,100 גרם,false,,5.90,0.0059,true,1,1403777
7290003060030,false,"קמח חיטה מלא 1 ק""ג",,,"קמח חיטה מלא 1 ק""ג",גרמים,1000.00,100 גרם,false,,6.90,0.0069,true,1,1403778
7290003126712,false,יוגורט עיזים טבעי 15,,,יוגורט עיזים טבעי 15,גרמים,150.00,100 גרם,false,,6.70,0.0447,true,1,1398900
7290003133505,false,לחם שיפונטו 750 גרם,,,לחם שיפונטו 750 גרם,גרמים,750.00,100 גרם,false,,11.90,0.0159,true,1,1394883
7290003143146,false,ממרח תמרים קלית גת 4,,,ממרח תמרים קלית גת 4,גרמים,450.00,100 גרם,false,,5.90,0.0131,true,1,1398006
7290003185719,false,קבב רומני טיבון ויל,,,קבב רומני טיבון ויל,גרמים,500.00,100 גרם,false,,19.90,0.0398,true,1,1416881
7290003185726,false,קבב מזרחי 500 גרם,,,קבב מזרחי 500 גרם,גרמים,500.00,100 גרם,false,,19.90,0.0398,true,1,1395635
7290003220380,false,מעדני המלך סנדוויץ',,,מעדני המלך סנדוויץ',גרמים,150.00,100 גרם,false,,3.50,0.0233,true,1,1406347
7290003220397,false,מעדני המלך סנדוויץ',,,מעדני המלך סנדוויץ',גרמים,150.00,100 גרם,false,,3.50,0.0233,true,1,1406348
7290003220533,false,רוטב צ'ילי מתוק 700,,,רוטב צ'ילי מתוק 700,מיליליטרים,700.00,"100 מ""ל",false,,12.90,0.0184,true,1,1411206
7290003220595,false,"ווק אורז לסושי 1 ק""ג",,,"ווק אורז לסושי 1 ק""ג",גרמים,1000.00,100 גרם,false,,12.90,0.0129,true,1,1405234
7290003220779,false,ווק אטריות אורז עובי,,,ווק אטריות אורז עובי,גרמים,400.00,100 גרם,false,,9.90,0.0248,true,1,1405237
7290003220786,false,ווק אטריות אורז עובי,,,ווק אטריות אורז עובי,גרמים,400.00,100 גרם,false,,9.90,0.0248,true,1,1405238
7290003220830,false,ווק חומץ אורז יסמין,,,ווק חומץ אורז יסמין,מיליליטרים,500.00,"100 מ""ל",false,,14.90,0.0298,true,1,1405239
7290003220939,false,ווק אטריות אורז דקיק,,,ווק אטריות אורז דקיק,גרמים,400.00,100 גרם,false,,9.90,0.0248,true,1,1405240
7290003229109,false,א.מ. פסטר' בפפריקה 4,,,א.מ. פסטר' בפפריקה 4,גרמים,400.00,100 גרם,false,,25.90,0.0647,true,1,1397587
7290003229116,false,פסטרמה הודו בדבש 3%,,,פסטרמה הודו בדבש 3%,גרמים,400.00,100 גרם,false,,25.90,0.0647,true,1,1397637
7290003229192,false,נקניק כתף בקר מעושן,,,נקניק כתף בקר מעושן,גרמים,400.00,100 גרם,false,,34.90,0.0872,true,1,1397640
7290003229208,false,פסטרמה ספרדית 2% טיר,,,פסטרמה ספרדית 2% טיר,גרמים,360.00,100 גרם,false,,25.90,0.0719,true,1,1406315
7290003268764,false,חלה רגילה דגנית 500,,,חלה רגילה דגנית 500,גרמים,500.00,100 גרם,false,,5.17,0.0103,true,1,1413111
7290003321155,false,דנונה בר פקאן 183 גר,,,דנונה בר פקאן 183 גר,גרמים,183.00,100 גרם,false,,4.60,0.0251,true,1,1393118
7290003400500,false,הרשי ריזס נאטרייגס,,,הרשי ריזס נאטרייגס,גרמים,57.00,100 גרם,false,,4.90,0.0860,true,1,1397935
7290003423909,false,הרשי חטיף שוקולד לבן,,,הרשי חטיף שוקולד לבן,גרמים,45.00,100 גרם,false,,5.00,0.1111,true,1,1397936
7290003427154,false,שמן זית זייתא כתית מ,,,שמן זית זייתא כתית מ,מיליליטרים,750.00,"100 מ""ל",false,,32.90,0.0439,true,1,1393839
7290003444009,false,ריזס שוקולד חלב במיל,,,ריזס שוקולד חלב במיל,גרמים,42.00,100 גרם,false,,4.90,0.1167,true,1,1397937
7290003514007,false,שקדי מרק 400 גרם,,,שקדי מרק 400 גרם,גרמים,400.00,100 גרם,false,,9.90,0.0248,true,1,1399332
7290003521760,true,אפטרסול ג'ל אלוורה,,,אפטרסול ג'ל אלוורה,00000000000000000000,0.00,00000000000000000000,false,,19.90,0.0000,true,1,1399485
7290003550753,false,נתחי טונה בהירה בשמן,,,נתחי טונה בהירה בשמן,גרמים,432.00,100 גרם,false,,20.90,0.0484,true,1,1395524
7290003569021,false,כרובית,,,כרובית,יח',1.00,יח',false,,9.90,9.9000,true,1,1403657
7290003578290,false,מקלוני אורז 300 גרם,,,מקלוני אורז 300 גרם,גרמים,300.00,100 גרם,false,,6.90,0.0230,true,1,1395241
7290003578313,false,דובדבנים חמוצים ללא,,,דובדבנים חמוצים ללא,גרמים,680.00,100 גרם,false,,9.90,0.0146,true,1,1411927
7290003578672,false,שמן חמניות מזוכך ויל,,,שמן חמניות מזוכך ויל,מיליליטרים,1000.00,"100 מ""ל",false,,13.90,0.0139,true,1,1411431
7290003632442,false,מעדניה - פילה אמנון,,,מעדניה - פילה אמנון,קילוגרמים,1.00,"ק""ג",true,,30.90,30.9000,true,1,1410253
7290003643004,false,אורז בסמטי קלאסי סוג,,,אורז בסמטי קלאסי סוג,גרמים,1000.00,100 גרם,false,,13.90,0.0139,true,1,1393686
7290003643387,false,סוכר לבן בצנצנת סוגת,,,סוכר לבן בצנצנת סוגת,גרמים,1000.00,100 גרם,false,,7.90,0.0079,true,1,1393690
7290003643646,false,סוכר דמררה בצנצנת סו,,,סוכר דמררה בצנצנת סו,גרמים,1000.00,100 גרם,false,,12.90,0.0129,true,1,1403902
7290003643684,false,אפונה ירוקה יבשה סוג,,,אפונה ירוקה יבשה סוג,גרמים,500.00,100 גרם,false,,6.50,0.0130,true,1,1393691
7290003643707,false,גריסים סוגת 500 גרם,,,גריסים סוגת 500 גרם,גרמים,500.00,100 גרם,false,,5.90,0.0118,true,1,1393692
7290003643714,false,חומוס יבש סוגת 500 ג,,,חומוס יבש סוגת 500 ג,גרמים,500.00,100 גרם,false,,7.90,0.0158,true,1,1393693
7290003643738,false,חיטה סוגת 500 גרם,,,חיטה סוגת 500 גרם,גרמים,500.00,100 גרם,false,,5.90,0.0118,true,1,1393694
7290003643745,false,כוסמת סוגת 500 גרם,,,כוסמת סוגת 500 גרם,גרמים,500.00,100 גרם,false,,7.90,0.0158,true,1,1393695
7290003643752,false,עדשים ירוקות סוגת 50,,,עדשים ירוקות סוגת 50,גרמים,500.00,100 גרם,false,,7.90,0.0158,true,1,1393696
7290003643769,false,עדשים אדומות סוגת 50,,,עדשים אדומות סוגת 50,גרמים,500.00,100 גרם,false,,7.90,0.0158,true,1,1393697
7290003643776,false,פופקורן סוגת 500 גרם,,,פופקורן סוגת 500 גרם,גרמים,500.00,100 גרם,false,,5.90,0.0118,true,1,1393698
7290003643783,false,קוקוס טחון סוגת 100,,,קוקוס טחון סוגת 100,גרמים,100.00,100 גרם,false,,4.50,0.0450,true,1,1393699
7290003643806,false,שעועית לבנה יבשה סוג,,,שעועית לבנה יבשה סוג,גרמים,500.00,100 גרם,false,,11.90,0.0238,true,1,1393700
7290003643813,false,שעועית אדומה סוגת 50,,,שעועית אדומה סוגת 50,גרמים,500.00,100 גרם,false,,10.90,0.0218,true,1,1393701
7290003726141,false,טופו 300 גרם,,,טופו 300 גרם,גרמים,300.00,100 גרם,false,,12.90,0.0430,true,1,1399012
7290003726615,false,טופו ויילר 300 גרם,,,טופו ויילר 300 גרם,גרמים,300.00,100 גרם,false,,10.90,0.0363,true,1,1407498
7290003726868,false,טופו חומוס עם עגבניו,,,טופו חומוס עם עגבניו,גרמים,300.00,100 גרם,false,,13.50,0.0450,true,1,1415936
7290003781652,false,צלפים 350 גרם צנצנת,,,צלפים 350 גרם צנצנת,גרמים,350.00,100 גרם,false,,8.90,0.0254,true,1,1395243
7290003804252,false,תיבולית הודי קנור 72,,,תיבולית הודי קנור 72,גרמים,72.00,100 גרם,false,,8.90,0.1236,true,1,1396018
7290003804320,false,תיבולית שום פטרוזליה,,,תיבולית שום פטרוזליה,גרמים,72.00,100 גרם,false,,8.90,0.1236,true,1,1396019
7290003804368,false,תיבולית בזיליקום קנו,,,תיבולית בזיליקום קנו,גרמים,72.00,100 גרם,false,,8.90,0.1236,true,1,1396022
7290003807178,false,רוטב סויה בסגנון סינ,,,רוטב סויה בסגנון סינ,מיליליטרים,300.00,"100 מ""ל",false,,10.90,0.0363,true,1,1396038
7290003864478,false,סרדין בשמן צמחי 110,,,סרדין בשמן צמחי 110,גרמים,110.00,100 גרם,false,,5.90,0.0536,true,1,1395244
7290003864485,false,סרדין ברוטב עגבניות,,,סרדין ברוטב עגבניות,גרמים,110.00,100 גרם,false,,5.90,0.0536,true,1,1395245
7290003864492,false,סרדין בשמן צמחי חריף,,,סרדין בשמן צמחי חריף,גרמים,110.00,100 גרם,false,,5.90,0.0536,true,1,1395246
7290003882922,false,עלי גפן ממולא 400 גר,,,עלי גפן ממולא 400 גר,גרמים,400.00,100 גרם,false,,9.50,0.0238,true,1,1395247
7290003893539,false,מעדניה - פילה אמנון,,,מעדניה - פילה אמנון,קילוגרמים,1.00,"ק""ג",true,,30.90,30.9000,true,1,1409251
7290003903771,false,קפוצ'ינו פחית 200 גר,,,קפוצ'ינו פחית 200 גר,גרמים,200.00,100 גרם,false,,23.90,0.1195,true,1,1401165
7290003904389,true,פרה מריר ללא סוכר/12,,,פרה מריר ללא סוכר/12,00000000000000000000,0.00,00000000000000000000,false,,7.80,0.0000,true,1,1401167
7290003905362,true,פרה חלב ללא סוכר/12י,,,פרה חלב ללא סוכר/12י,00000000000000000000,0.00,00000000000000000000,false,,7.80,0.0000,true,1,1401169
7290003941230,true,פופסטאר חמאה 3 יח,,,פופסטאר חמאה 3 יח,00000000000000000000,0.00,00000000000000000000,false,,11.70,0.0000,true,1,1399486
7290003976607,false,ג'ל אקונומיקה סמיכה,,,ג'ל אקונומיקה סמיכה,מיליליטרים,4000.00,"100 מ""ל",false,,13.90,0.0035,true,1,1418326
7290003976614,false,ג'ל אקונומיקה סמיכה,,,ג'ל אקונומיקה סמיכה,מיליליטרים,4000.00,"100 מ""ל",false,,13.90,0.0035,true,1,1418327
7290003989096,false,חציל פיקנטי 500,,,חציל פיקנטי 500,גרמים,575.00,100 גרם,false,,15.90,0.0277,true,1,1393120
7290003989539,false,רביולי גבינה 400 גרם,,,רביולי גבינה 400 גרם,גרמים,400.00,100 גרם,false,,19.80,0.0495,true,1,1393121
7290004011284,false,בסיס הכנת קצפת ריצ',,,בסיס הכנת קצפת ריצ',מיליליטרים,212.00,"100 מ""ל",false,,9.90,0.0467,true,1,1395641
7290004011796,false,קבבונים המבורגר טיבו,,,קבבונים המבורגר טיבו,גרמים,400.00,100 גרם,false,,22.90,0.0572,true,1,1413750
7290004014407,false,M&M's חמאת בוטנים אר,,,M&M's חמאת בוטנים אר,גרמים,46.00,100 גרם,false,,4.90,0.1065,true,1,1401749
7290004023041,false,לחם שיפון מחמצת 750,,,לחם שיפון מחמצת 750,גרמים,750.00,100 גרם,false,,14.90,0.0199,true,1,1410310
7290004030216,false,נקטר חמוציות 1 ליטר,,,נקטר חמוציות 1 ליטר,מיליליטרים,1000.00,"100 מ""ל",false,,13.90,0.0139,true,1,1397413
7290004048518,false,מעדניה - פילה אמנון,,,מעדניה - פילה אמנון,קילוגרמים,1.00,"ק""ג",true,,30.90,30.9000,true,1,1409483
7290004048518,false,מעדניה - פילה אמנון,,,מעדניה - פילה אמנון,קילוגרמים,1.00,"ק""ג",true,,29.90,29.9000,true,1,1409252
7290004048525,false,מעדניה - פילה אמנון,,,מעדניה - פילה אמנון,קילוגרמים,1.00,"ק""ג",true,,30.90,30.9000,true,1,1395649
7290004048532,false,מעדניה - פילה אמנון,,,מעדניה - פילה אמנון,קילוגרמים,1.00,"ק""ג",true,,30.90,30.9000,true,1,1409253
7290004063016,false,"מלח שולחן דק 1 ק""ג",,,"מלח שולחן דק 1 ק""ג",גרמים,1000.00,100 גרם,false,,1.90,0.0019,true,1,1401633
7290004063016,false,"מלח שולחן דק 1 ק""ג",,,"מלח שולחן דק 1 ק""ג",גרמים,1000.00,100 גרם,false,,1.90,0.0019,true,1,1403765
7290004063115,true,"מלח בישול 1 ק""ג",,,"מלח בישול 1 ק""ג",גרמים,0.00,00000000000000000גרם,false,,1.50,0.0000,true,1,1401634
7290004063115,false,"מלח עבה 1 ק""ג",,,"מלח עבה 1 ק""ג",גרמים,1000.00,100 גרם,false,,1.90,0.0019,true,1,1403766
7290004064099,false,מלח הימלאיה במטחנה 3,,,מלח הימלאיה במטחנה 3,גרמים,300.00,100 גרם,false,,16.90,0.0563,true,1,1393844
7290004068011,false,יוגורט כבשים בדלי 5%,,,יוגורט כבשים בדלי 5%,גרמים,600.00,100 גרם,false,,16.90,0.0282,true,1,1399013
7290004068028,false,משקה ציזיקי גד 500 מ,,,משקה ציזיקי גד 500 מ,מיליליטרים,500.00,"100 מ""ל",false,,9.90,0.0198,true,1,1399014
7290004068035,false,יוגורט איירן 3% 500,,,יוגורט איירן 3% 500,מיליליטרים,500.00,"100 מ""ל",false,,8.50,0.0170,true,1,1399015
7290004068172,false,יוגורט עיזים בדלי 5%,,,יוגורט עיזים בדלי 5%,גרמים,600.00,100 גרם,false,,16.90,0.0282,true,1,1399016
7290004078225,false,מי פה בטעם מנטה עדינ,,,מי פה בטעם מנטה עדינ,מיליליטרים,500.00,"100 מ""ל",false,,29.90,0.0598,true,1,1404298
7290004119225,false,יופלה יוגורט אננס %3,,,יופלה יוגורט אננס %3,מיליליטרים,150.00,"100 מ""ל",false,,5.00,0.0333,true,1,1405212
7290004120566,false,גבינה בולגרית 24% פי,,,גבינה בולגרית 24% פי,גרמים,250.00,100 גרם,false,,22.90,0.0916,true,1,1405213
7290004120573,false,פיראוס בולגרית גביע,,,פיראוס בולגרית גביע,גרמים,250.00,100 גרם,false,,22.90,0.0916,true,1,1397416
7290004120634,false,גבינה בולגרית 5% פיר,,,גבינה בולגרית 5% פיר,גרמים,250.00,100 גרם,false,,22.90,0.0916,true,1,1397417
7290004121754,false,יופלה יוגורט עוגת גב,,,יופלה יוגורט עוגת גב,גרמים,150.00,100 גרם,false,,5.50,0.0367,true,1,1415644
7290004121839,false,פטה כבשים 20% פיראוס,,,פטה כבשים 20% פיראוס,גרמים,250.00,100 גרם,false,,26.50,0.1060,true,1,1397419
7290004121853,false,קוביות גבינה בולגרית,,,קוביות גבינה בולגרית,גרמים,250.00,100 גרם,false,,20.90,0.0836,true,1,1405215
7290004122119,false,פתיתי פרמזן מגורדת 2,,,פתיתי פרמזן מגורדת 2,גרמים,100.00,100 גרם,false,,12.10,0.1210,true,1,1397310
7290004122119,false,פתיתי פרמזן מגורדת 2,,,פתיתי פרמזן מגורדת 2,גרמים,100.00,100 גרם,false,,12.10,0.1210,true,1,1407444
7290004122195,false,גוש חלב פרוס 200 גרם,,,גוש חלב פרוס 200 גרם,גרמים,200.00,100 גרם,false,,13.80,0.0690,true,1,1397421
7290004122270,false,גבינה עמק פרוס 28% ב,,,גבינה עמק פרוס 28% ב,גרמים,200.00,100 גרם,false,,15.90,0.0795,true,1,1397422
7290004122683,false,עמק אצבעות גבינה 28%,,,עמק אצבעות גבינה 28%,גרמים,172.00,100 גרם,false,,16.40,0.0953,true,1,1397425
7290004124175,false,יוגורט יופלה 1.5% 15,,,יוגורט יופלה 1.5% 15,גרמים,150.00,100 גרם,false,,2.90,0.0193,true,1,1397427
7290004124205,false,יופלה דיאט יוגורט תו,,,יופלה דיאט יוגורט תו,גרמים,150.00,100 גרם,false,,5.00,0.0333,true,1,1397428
7290004124847,false,קצפת צמחית 20% השף ה,,,קצפת צמחית 20% השף ה,מיליליטרים,500.00,"100 מ""ל",false,,15.90,0.0318,true,1,1397429
7290004125370,false,שמנת חמוצה 9% תנובה,,,שמנת חמוצה 9% תנובה,גרמים,200.00,100 גרם,false,,3.70,0.0185,true,1,1397430
7290004125400,false,שלי אשל 4.5% תנובה 2,,,שלי אשל 4.5% תנובה 2,מיליליטרים,200.00,"100 מ""ל",false,,1.69,0.0084,true,1,1397431
7290004125417,false,שלי גיל 3% תנובה 200,,,שלי גיל 3% תנובה 200,מיליליטרים,200.00,"100 מ""ל",false,,1.51,0.0076,true,1,1397432
7290004125455,false,שמנת אורגינל 15% תנו,,,שמנת אורגינל 15% תנו,מיליליטרים,200.00,"100 מ""ל",false,,2.40,0.0120,true,1,1397433
7290004125509,false,שמנת חמוצה 15% תנובה,,,שמנת חמוצה 15% תנובה,מיליליטרים,100.00,"100 מ""ל",false,,1.70,0.0170,true,1,1397434
7290004125578,false,משקה סויה מועשר בסיד,,,משקה סויה מועשר בסיד,מיליליטרים,1000.00,"100 מ""ל",false,,10.90,0.0109,true,1,1404872
7290004125585,false,משקה סויה בטעם וניל,,,משקה סויה בטעם וניל,מיליליטרים,1000.00,"100 מ""ל",false,,10.90,0.0109,true,1,1404873
7290004125721,false,שמנת לבישול 15% השף,,,שמנת לבישול 15% השף,מיליליטרים,250.00,"100 מ""ל",false,,8.10,0.0324,true,1,1397436
7290004125738,false,שמנת מתוקה להקצפה 32,,,שמנת מתוקה להקצפה 32,מיליליטרים,250.00,"100 מ""ל",false,,6.20,0.0248,true,1,1397316
7290004125776,false,עמק גבינה צהובה פרוס,,,עמק גבינה צהובה פרוס,גרמים,400.00,100 גרם,false,,27.80,0.0695,true,1,1397437
7290004126674,false,טל העמק פרוס 9% 200,,,טל העמק פרוס 9% 200,גרמים,200.00,100 גרם,false,,18.80,0.0940,true,1,1397439
7290004127077,false,גבינת קוטג' 3% תנובה,,,גבינת קוטג' 3% תנובה,גרמים,250.00,100 גרם,false,,5.70,0.0228,true,1,1397441
7290004127329,false,גבינת קוטג' 5% תנובה,,,גבינת קוטג' 5% תנובה,גרמים,250.00,100 גרם,false,,5.70,0.0228,true,1,1397319
7290004127336,false,גבינת קוטג' 9% תנובה,,,גבינת קוטג' 9% תנובה,גרמים,250.00,100 גרם,false,,5.70,0.0228,true,1,1397442
7290004127800,false,גבינה לבנה תנובה 5%,,,גבינה לבנה תנובה 5%,גרמים,500.00,100 גרם,false,,9.95,0.0199,true,1,1397443
7290004127817,false,גבינה לבנה תנובה 9%,,,גבינה לבנה תנובה 9%,גרמים,500.00,100 גרם,false,,9.95,0.0199,true,1,1397444
7290004128432,false,פתיתי לפיצה 500 גרם,,,פתיתי לפיצה 500 גרם,גרמים,500.00,100 גרם,false,,22.90,0.0458,true,1,1407533
7290004129101,false,גבינת שמנת 25% בטעם,,,גבינת שמנת 25% בטעם,גרמים,225.00,100 גרם,false,,13.90,0.0618,true,1,1415339
7290004129156,false,נפוליאון שום שמיר 22,,,נפוליאון שום שמיר 22,גרמים,225.00,100 גרם,false,,13.90,0.0618,true,1,1397324
7290004129767,false,יוגורט לבן 3% יופלה,,,יוגורט לבן 3% יופלה,מיליליטרים,1200.00,"100 מ""ל",false,,17.30,0.0144,true,1,1407299
7290004130794,false,משקה סויה טבעי במתיק,,,משקה סויה טבעי במתיק,מיליליטרים,1000.00,"100 מ""ל",false,,9.90,0.0099,true,1,1397449
7290004131074,false,חלב קרטון 3% תנובה 1,,,חלב קרטון 3% תנובה 1,מיליליטרים,1000.00,"100 מ""ל",false,,6.23,0.0062,true,1,1397450
7290004131814,false,צפתית מעודנת,,,צפתית מעודנת,קילוגרמים,1.00,"ק""ג",false,,14.60,14.6000,true,1,1397332
7290004132552,false,משקה סויה לייט בטעם,,,משקה סויה לייט בטעם,מיליליטרים,1000.00,"100 מ""ל",false,,10.90,0.0109,true,1,1404874
7290004132712,false,עמק אצבעות מוצרלה תנ,,,עמק אצבעות מוצרלה תנ,גרמים,174.00,100 גרם,false,,16.40,0.0943,true,1,1397455
7290004133207,false,יופלה לבן דיאט 0% גב,,,יופלה לבן דיאט 0% גב,גרמים,200.00,100 גרם,false,,3.90,0.0195,true,1,1397459
7290004133511,false,מאגדת לבן 1.5% מעודן,,,מאגדת לבן 1.5% מעודן,מיליליטרים,1200.00,"100 מ""ל",false,,20.70,0.0172,true,1,1397337
7290004135614,false,גבינה בולגרית מעודנת,,,גבינה בולגרית מעודנת,גרמים,250.00,100 גרם,false,,21.90,0.0876,true,1,1397341
7290004136598,false,מארז הפסקת אוכל חלב,,,מארז הפסקת אוכל חלב,גרמים,150.00,100 גרם,false,,9.50,0.0633,true,1,1397344
7290004136598,false,מארז הפסקת אוכל חלב,,,מארז הפסקת אוכל חלב,גרמים,150.00,100 גרם,false,,9.50,0.0633,true,1,1397467
7290004136857,false,ג'לי בטעם פטל 125,,,ג'לי בטעם פטל 125,גרמים,125.00,100 גרם,false,,2.60,0.0208,true,1,1397468
7290004136864,false,ג'לי אננס עם חתיכות,,,ג'לי אננס עם חתיכות,גרמים,125.00,100 גרם,false,,2.80,0.0224,true,1,1397345
7290004136871,false,ג'לי אפרסק עם חתיכות,,,ג'לי אפרסק עם חתיכות,גרמים,125.00,100 גרם,false,,2.80,0.0224,true,1,1397346
7290004137021,false,שמנת עמידה לבישול 10,,,שמנת עמידה לבישול 10,מיליליטרים,250.00,"100 מ""ל",false,,8.00,0.0320,true,1,1397347
7290004137311,false,עמק לייט משפחתי 9% 4,,,עמק לייט משפחתי 9% 4,גרמים,400.00,100 גרם,false,,29.90,0.0747,true,1,1397348
7290004194185,false,עוף מס 2 קפוא מחפוד,,,עוף מס 2 קפוא מחפוד,קילוגרמים,1.00,"ק""ג",true,,24.90,24.9000,true,1,1414736
7290004194529,false,עוף טרי ארוז מחפוד,,,עוף טרי ארוז מחפוד,קילוגרמים,1.00,"ק""ג",true,,25.90,25.9000,true,1,1402841
7290004194536,false,חזה עוף טרי ארוז מחפ,,,חזה עוף טרי ארוז מחפ,קילוגרמים,1.00,"ק""ג",true,,33.90,33.9000,true,1,1402842
7290004194543,false,כרעיים עוף טרי ארוז,,,כרעיים עוף טרי ארוז,קילוגרמים,1.00,"ק""ג",true,,33.90,33.9000,true,1,1402843
7290004194550,false,כנפיים עוף טרי ארוז,,,כנפיים עוף טרי ארוז,קילוגרמים,1.00,"ק""ג",true,,15.90,15.9000,true,1,1402967
7290004194567,false,ירכיים עוף טרי ארוז,,,ירכיים עוף טרי ארוז,קילוגרמים,1.00,"ק""ג",true,,32.90,32.9000,true,1,1402968
7290004194574,false,שוקיים עוף טרי ארוז,,,שוקיים עוף טרי ארוז,קילוגרמים,1.00,"ק""ג",true,,34.90,34.9000,true,1,1402844
7290004194581,false,פרגיות עוף טרי ארוז,,,פרגיות עוף טרי ארוז,קילוגרמים,1.00,"ק""ג",true,,69.90,69.9000,true,1,1402969
7290004194598,false,כבד עוף טרי ארוז מחפ,,,כבד עוף טרי ארוז מחפ,קילוגרמים,1.00,"ק""ג",true,,29.90,29.9000,true,1,1402970
7290004194604,false,לבבות עוף טרי ארוז מ,,,לבבות עוף טרי ארוז מ,קילוגרמים,1.00,"ק""ג",true,,29.90,29.9000,true,1,1402971
7290004194635,false,שניצל עוף פרוס טרי א,,,שניצל עוף פרוס טרי א,קילוגרמים,1.00,"ק""ג",true,,34.90,34.9000,true,1,1402973
7290004194826,false,שניצל עוף פרמיום דק,,,שניצל עוף פרמיום דק,קילוגרמים,1.00,"ק""ג",true,,44.90,44.9000,true,1,1402977
7290004200923,true,הזמנות ליום הולדת,,,הזמנות ליום הולדת,00000000000000000000,0.00,00000000000000000000,false,,4.00,0.0000,true,1,1399843
7290004219819,false,מלבין קפה הולנדי ויל,,,מלבין קפה הולנדי ויל,גרמים,200.00,100 גרם,false,,11.90,0.0595,true,1,1410532
7290004225285,false,גבינה בסגנון דנאלבו,,,גבינה בסגנון דנאלבו,גרמים,100.00,100 גרם,false,,11.90,0.1190,true,1,1395526
7290004225285,false,גבינה בסגנון דנאלבו,,,גבינה בסגנון דנאלבו,גרמים,100.00,100 גרם,false,,11.90,0.1190,true,1,1395651
7290004228354,false,מעדניה - פילה אמנון,,,מעדניה - פילה אמנון,קילוגרמים,1.00,"ק""ג",true,,30.90,30.9000,true,1,1409256
7290004494131,false,יין אדום קברנה סובינ,,,יין אדום קברנה סובינ,מיליליטרים,750.00,"100 מ""ל",false,,59.90,0.0799,true,1,1397718
7290004494377,false,יין אדום יבש שיראז ג,,,יין אדום יבש שיראז ג,מיליליטרים,750.00,"100 מ""ל",false,,59.90,0.0799,true,1,1397720
7290004584351,false,גבינה במרקם שמנת סימ,,,גבינה במרקם שמנת סימ,גרמים,200.00,100 גרם,false,,11.00,0.0550,true,1,1393124
7290004584528,false,דנונה ביו 1.7% 200 ג,,,דנונה ביו 1.7% 200 ג,גרמים,200.00,100 גרם,false,,3.70,0.0185,true,1,1393125
7290004658847,false,"תירוש 187 מ""ל",,,"תירוש 187 מ""ל",מיליליטרים,187.00,"100 מ""ל",false,,6.90,0.0369,true,1,1405384
7290004658953,false,יין סוביניון בלאן 75,,,יין סוביניון בלאן 75,מיליליטרים,750.00,"100 מ""ל",false,,39.90,0.0532,true,1,1410747
7290004731472,false,אל סבון צבעוני כיף 3,,,אל סבון צבעוני כיף 3,מיליליטרים,1500.00,"100 מ""ל",false,,19.90,0.0133,true,1,1396368
7290004731564,false,מקסימה למייבש בלו בו,,,מקסימה למייבש בלו בו,מיליליטרים,750.00,"100 מ""ל",false,,16.30,0.0217,true,1,1396369
7290004737900,false,חלב מרוכז ממותק 397,,,חלב מרוכז ממותק 397,גרמים,397.00,100 גרם,false,,10.90,0.0275,true,1,1395249
7290005008436,false,אוניברסל מטליות רב ש,,,אוניברסל מטליות רב ש,יח',90.00,יח',false,,14.90,0.1656,true,1,1418915
7290005113123,false,זיתים מושחרים נטולי,,,זיתים מושחרים נטולי,גרמים,540.00,100 גרם,false,,11.90,0.0220,true,1,1404746
7290005113222,false,זיתים מיקס יבנה 540,,,זיתים מיקס יבנה 540,גרמים,540.00,100 גרם,false,,9.80,0.0181,true,1,1396310
7290005113888,false,טבעות זיתים מושחרים,,,טבעות זיתים מושחרים,גרמים,540.00,100 גרם,false,,8.90,0.0165,true,1,1404747
7290005113901,false,זיתים חתוכים מרינד ב,,,זיתים חתוכים מרינד ב,גרמים,540.00,100 גרם,false,,8.90,0.0165,true,1,1404748
7290005174513,false,חצילים במיונז 500 ג,,,חצילים במיונז 500 ג,גרמים,500.00,100 גרם,false,,15.90,0.0318,true,1,1393127
7290005174551,false,סלט חומוס יום יום אח,,,סלט חומוס יום יום אח,גרמים,125.00,100 גרם,false,,4.90,0.0392,true,1,1393128
7290005174568,false,סלט חצילים במיונז יו,,,סלט חצילים במיונז יו,גרמים,125.00,100 גרם,false,,4.90,0.0392,true,1,1393129
7290005200786,false,תפוציפס שמנת ובצל 50,,,תפוציפס שמנת ובצל 50,גרמים,50.00,100 גרם,false,,4.00,0.0800,true,1,1393542
7290005201455,false,קפה נמס מגורען ארומה,,,קפה נמס מגורען ארומה,גרמים,200.00,100 גרם,false,,21.90,0.1095,true,1,1401175
7290005287206,false,טונה סטארקיסט בשמן 4,,,טונה סטארקיסט בשמן 4,גרמים,640.00,100 גרם,false,,24.90,0.0389,true,1,1395083
7290005287251,false,נתחי טונה סטארקיסט ב,,,נתחי טונה סטארקיסט ב,גרמים,640.00,100 גרם,false,,24.90,0.0389,true,1,1395084
7290005287657,false,ממרח טונה 160 גרם,,,ממרח טונה 160 גרם,גרמים,160.00,100 גרם,false,,6.90,0.0431,true,1,1395085
7290005326523,true,פסטו פטרוזיליה ונענע,,,פסטו פטרוזיליה ונענע,00000000000000000000,0.00,00000000000000000000,false,,12.90,0.0000,true,1,1399487
7290005326585,false,פסטו בזיליקום אוליבי,,,פסטו בזיליקום אוליבי,גרמים,180.00,100 גרם,false,,12.90,0.0717,true,1,1397471
7290005423253,false,מקסימה למייבש אולטרא,,,מקסימה למייבש אולטרא,מיליליטרים,750.00,"100 מ""ל",false,,16.30,0.0217,true,1,1396372
7290005423383,false,מבשם אוויר נטול גז ג,,,מבשם אוויר נטול גז ג,מיליליטרים,150.00,"100 מ""ל",false,,10.90,0.0727,true,1,1396373
7290005423635,false,סנו ריצפז דוחה חרקים,,,סנו ריצפז דוחה חרקים,מיליליטרים,2000.00,"100 מ""ל",false,,21.90,0.0109,true,1,1396375
7290005423734,false,מרכך כביסה מקסימה 4,,,מרכך כביסה מקסימה 4,מיליליטרים,4000.00,"100 מ""ל",false,,22.90,0.0057,true,1,1396376
7290005423918,false,מקסימה מרכך 4 ליטר ב,,,מקסימה מרכך 4 ליטר ב,מיליליטרים,4000.00,"100 מ""ל",false,,21.90,0.0055,true,1,1396377
7290005424700,false,פורטה פלוס 1 ליטר,,,פורטה פלוס 1 ליטר,מיליליטרים,1000.00,"100 מ""ל",false,,17.90,0.0179,true,1,1411484
7290005424991,false,מילוי פרש אוטומטיק ב,,,מילוי פרש אוטומטיק ב,מיליליטרים,350.00,"100 מ""ל",false,,12.90,0.0369,true,1,1406581
7290005430602,false,אוקסיג'ן מרסס מסיר כ,,,אוקסיג'ן מרסס מסיר כ,מיליליטרים,750.00,"100 מ""ל",false,,19.90,0.0265,true,1,1396387
7290005437540,false,פטריות חתוכות טעמן 2,,,פטריות חתוכות טעמן 2,גרמים,290.00,100 גרם,false,,4.50,0.0155,true,1,1417273
7290005559587,false,מאפה נקניקיות בבצק מ,,,מאפה נקניקיות בבצק מ,גרמים,800.00,100 גרם,false,,26.90,0.0336,true,1,1406316
7290005559907,false,פיצה משפחתית 100% גב,,,פיצה משפחתית 100% גב,גרמים,500.00,100 גרם,false,,23.90,0.0478,true,1,1397642
7290005559914,false,פיצה משפחתית זיתים מ,,,פיצה משפחתית זיתים מ,גרמים,550.00,100 גרם,false,,23.90,0.0435,true,1,1397643
7290005591761,false,דבש טהור לחיץ 400 גר,,,דבש טהור לחיץ 400 גר,גרמים,400.00,100 גרם,false,,21.90,0.0547,true,1,1401176
7290005678387,false,ענב אדום,,,ענב אדום,קילוגרמים,1.00,"ק""ג",true,,24.90,24.9000,true,1,1414176
7290005678745,false,ענב אדום,,,ענב אדום,קילוגרמים,1.00,"ק""ג",true,,24.90,24.9000,true,1,1414284
7290005838002,false,דניאלה וניל 150 גרם,,,דניאלה וניל 150 גרם,גרמים,150.00,100 גרם,false,,4.10,0.0273,true,1,1393132
7290005839078,false,מארז 8 חסכון - ביו 3,,,מארז 8 חסכון - ביו 3,גרמים,1200.00,100 גרם,false,,15.90,0.0133,true,1,1393135
7290005839108,false,גבינה במרקם שמנת 5%,,,גבינה במרקם שמנת 5%,גרמים,200.00,100 גרם,false,,11.00,0.0550,true,1,1393136
7290005839313,false,מילקי טופ מגולגלת 17,,,מילקי טופ מגולגלת 17,מיליליטרים,170.00,"100 מ""ל",false,,4.90,0.0288,true,1,1393137
7290005896415,false,בירה איגל ירוק 500 מ,,,בירה איגל ירוק 500 מ,מיליליטרים,500.00,"100 מ""ל",false,,7.50,0.0150,true,1,1419445
7290005938245,false,פסטו קלאסי 220 גרם,,,פסטו קלאסי 220 גרם,גרמים,220.00,100 גרם,false,,18.90,0.0859,true,1,1395668
7290005938610,false,טפנד זיתים ירוקים,,,טפנד זיתים ירוקים,גרמים,220.00,100 גרם,false,,17.90,0.0814,true,1,1395670
7290005951039,false,כרובית,,,כרובית,יח',1.00,יח',false,,9.90,9.9000,true,1,1411073
7290005992018,false,יוגורט לשתייה מחלב ע,,,יוגורט לשתייה מחלב ע,מיליליטרים,500.00,"100 מ""ל",false,,12.20,0.0244,true,1,1399017
7290005992575,false,גבינה בולגרית למריחה,,,גבינה בולגרית למריחה,גרמים,250.00,100 גרם,false,,15.90,0.0636,true,1,1399019
7290005992735,false,גבינת לאבנה טבעית 5%,,,גבינת לאבנה טבעית 5%,גרמים,250.00,100 גרם,false,,11.90,0.0476,true,1,1399020
7290005996979,false,סלמי פרח 200 גרם,,,סלמי פרח 200 גרם,גרמים,200.00,100 גרם,false,,24.90,0.1245,true,1,1416560
7290006199942,false,גלידל פרי דובדבן (8),,,גלידל פרי דובדבן (8),גרמים,640.00,100 גרם,false,,24.90,0.0389,true,1,1417523
7290006229427,false,שישיית מים סאן בנדטו,,,שישיית מים סאן בנדטו,מיליליטרים,3000.00,"100 מ""ל",false,,12.90,0.0043,true,1,1396776
7290006229427,false,שישיית מים סאן בנדטו,,,שישיית מים סאן בנדטו,מיליליטרים,3000.00,"100 מ""ל",false,,12.90,0.0043,true,1,1404041
7290006251275,false,תה ירוק סיני,,,תה ירוק סיני,יחידה,25.00,יחידה,false,,24.90,0.9960,true,1,1393850
7290006271181,false,ג'חנון אפוי מוקפא לה,,,ג'חנון אפוי מוקפא לה,גרמים,750.00,100 גרם,false,,25.50,0.0340,true,1,1397647
7290006271273,true,מיני בורקס תפוא מעדנ,,,מיני בורקס תפוא מעדנ,00000000000000000000,0.00,00000000000000000000,false,,25.20,0.0000,true,1,1397648
7290006271280,true,מיני בורקס גבינה מעד,,,מיני בורקס גבינה מעד,00000000000000000000,0.00,00000000000000000000,false,,29.00,0.0000,true,1,1397649
7290006272430,false,בצק עלים חמאה מעדנות,,,בצק עלים חמאה מעדנות,גרמים,600.00,100 גרם,false,,27.90,0.0465,true,1,1397653
7290006322104,false,לחם ריחיים קל פרוס 5,,,לחם ריחיים קל פרוס 5,גרמים,500.00,100 גרם,false,,12.90,0.0258,true,1,1394889
7290006322111,false,לחמניות רחיים קלות 7,,,לחמניות רחיים קלות 7,גרמים,450.00,100 גרם,false,,12.90,0.0287,true,1,1394890
7290006322128,false,לחמניות קלות 75 גרם,,,לחמניות קלות 75 גרם,גרמים,450.00,100 גרם,false,,8.90,0.0198,true,1,1394891
7290006322166,false,לחמניות רגילות 6*75,,,לחמניות רגילות 6*75,יחידה,6.00,יחידה,false,,9.90,1.6500,true,1,1411751
7290006322838,false,לחם קמח מלא 100% מאפ,,,לחם קמח מלא 100% מאפ,גרמים,750.00,100 גרם,false,,12.90,0.0172,true,1,1394900
7290006322968,false,לחם זיץ ברויט 1.2 ק',,,לחם זיץ ברויט 1.2 ק',גרמים,1200.00,100 גרם,false,,14.90,0.0124,true,1,1394901
7290006342072,false,גרעין לבן 200 גרם,,,גרעין לבן 200 גרם,גרמים,200.00,100 גרם,false,,8.90,0.0445,true,1,1412372
7290006342553,false,קבוקים 200 גר' שקית,,,קבוקים 200 גר' שקית,גרמים,200.00,100 גרם,false,,6.90,0.0345,true,1,1412374
7290006374738,false,קונפיטורת תות 340 גר,,,קונפיטורת תות 340 גר,גרמים,340.00,100 גרם,false,,13.90,0.0409,true,1,1401178
7290006376862,false,קפה פרימיום שלישייה,,,קפה פרימיום שלישייה,גרמים,300.00,100 גרם,false,,15.00,0.0500,true,1,1418916
7290006492432,false,בייבי מוצרלה 18% 150,,,בייבי מוצרלה 18% 150,גרמים,150.00,100 גרם,false,,14.90,0.0993,true,1,1399021
7290006492616,false,גבינה בולגרית מעודנת,,,גבינה בולגרית מעודנת,גרמים,250.00,100 גרם,false,,26.80,0.1072,true,1,1399022
7290006492685,false,גבינת לאבנה עיזים 5%,,,גבינת לאבנה עיזים 5%,גרמים,250.00,100 גרם,false,,16.40,0.0656,true,1,1399023
7290006492852,false,גבינת עזים למריחה 5%,,,גבינת עזים למריחה 5%,גרמים,250.00,100 גרם,false,,17.90,0.0716,true,1,1399024
7290006492913,false,גבינת לאבנה ציזיקי 5,,,גבינת לאבנה ציזיקי 5,גרמים,250.00,100 גרם,false,,12.90,0.0516,true,1,1399025
7290006498052,false,יוגורט דנונה ביו 150,,,יוגורט דנונה ביו 150,גרמים,150.00,100 גרם,false,,2.60,0.0173,true,1,1393138
7290006511751,false,שלישית פטריות חתוך ו,,,שלישית פטריות חתוך ו,יחידה,3.00,יחידה,false,,11.90,3.9667,true,1,1411939
7290006618078,false,מרסס לניקוי המטבח אס,,,מרסס לניקוי המטבח אס,מיליליטרים,750.00,"100 מ""ל",false,,13.90,0.0185,true,1,1415458
7290006618146,false,נוזל להדלקת פחמים הפ,,,נוזל להדלקת פחמים הפ,מיליליטרים,500.00,"100 מ""ל",false,,16.90,0.0338,true,1,1415358
7290006653819,false,אסם קוסקוס דק 350 גר,,,אסם קוסקוס דק 350 גר,גרמים,350.00,100 גרם,false,,7.90,0.0226,true,1,1394237
7290006664051,false,"אקטימל לבן 14*100 מ""",,,"אקטימל לבן 14*100 מ""",מיליליטרים,1400.00,"100 מ""ל",false,,29.90,0.0214,true,1,1393140
7290006664150,true,סימפוניה 3% טבעי,,,סימפוניה 3% טבעי,00000000000000000000,0.00,00000000000000000000,false,,10.90,0.0000,true,1,1393141
7290006664167,true,סימפוניה 3% שום שמיר,,,סימפוניה 3% שום שמיר,00000000000000000000,0.00,00000000000000000000,false,,10.50,0.0000,true,1,1393142
7290006664310,false,גבינה לבנה 3% סקי שט,,,גבינה לבנה 3% סקי שט,גרמים,250.00,100 גרם,false,,4.98,0.0199,true,1,1393143
7290006664969,true,מארז 8 מתיקות מעודנת,,,מארז 8 מתיקות מעודנת,00000000000000000000,0.00,00000000000000000000,false,,17.90,0.0000,true,1,1393149
7290006664990,false,מארז 8 חסכון - ביו 1,,,מארז 8 חסכון - ביו 1,גרמים,1200.00,100 גרם,false,,15.90,0.0133,true,1,1393150
7290006681553,false,קרמבו שטראוס וניל 8*,,,קרמבו שטראוס וניל 8*,יחידה,8.00,יחידה,false,,16.90,2.1125,true,1,1401516
7290006681560,false,קרמבו בטעם מוקה שטרא,,,קרמבו בטעם מוקה שטרא,יחידה,8.00,יחידה,false,,16.90,2.1125,true,1,1401517
7290006681577,false,אסקימו קרחונים בטעם,,,אסקימו קרחונים בטעם,גרמים,700.00,100 גרם,false,,15.90,0.0227,true,1,1407923
7290006730077,true,פופס קידס,,,פופס קידס,00000000000000000000,0.00,00000000000000000000,false,,8.90,0.0000,true,1,1399488
7290006738615,false,קבב זהב 400 גרם,,,קבב זהב 400 גרם,גרמים,400.00,100 גרם,false,,19.90,0.0497,true,1,1400264
7290006739346,false,נקניקיות מבשר פרגיות,,,נקניקיות מבשר פרגיות,גרמים,400.00,100 גרם,false,,16.30,0.0408,true,1,1402143
7290006739414,false,סלמי קוניאק 300 גרם,,,סלמי קוניאק 300 גרם,גרמים,300.00,100 גרם,false,,25.90,0.0863,true,1,1400266
7290006739421,false,נקניק סלמי מעושן איט,,,נקניק סלמי מעושן איט,גרמים,300.00,100 גרם,false,,25.90,0.0863,true,1,1400267
7290006739421,false,נקניק סלמי מעושן איט,,,נקניק סלמי מעושן איט,גרמים,300.00,100 גרם,false,,25.90,0.0863,true,1,1404377
7290006739445,false,שניצל תירס קלאסי 750,,,שניצל תירס קלאסי 750,גרמים,750.00,100 גרם,false,,22.90,0.0305,true,1,1400268
7290006742278,false,פסטרמה צלויה על לבני,,,פסטרמה צלויה על לבני,גרמים,330.00,100 גרם,false,,25.90,0.0785,true,1,1400274
7290006742292,false,פסטרמה בדבש 330 גרם,,,פסטרמה בדבש 330 גרם,גרמים,330.00,100 גרם,false,,25.90,0.0785,true,1,1400275
7290006742315,false,פסטרמה חזה הודו ברבי,,,פסטרמה חזה הודו ברבי,גרמים,330.00,100 גרם,false,,25.90,0.0785,true,1,1400277
7290006764263,false,גולדסטאר בקבוק 330,,,גולדסטאר בקבוק 330,מיליליטרים,330.00,"100 מ""ל",false,,6.30,0.0191,true,1,1396779
7290006775016,false,עוגת תפוז 450 גרם אח,,,עוגת תפוז 450 גרם אח,גרמים,450.00,100 גרם,false,,10.90,0.0242,true,1,1406533
7290006775023,false,עוגה אנגלית 450 גרם,,,עוגה אנגלית 450 גרם,גרמים,450.00,100 גרם,false,,10.90,0.0242,true,1,1406534
7290006775030,false,עוגת שוקולד צ'יפס 45,,,עוגת שוקולד צ'יפס 45,גרמים,450.00,100 גרם,false,,10.90,0.0242,true,1,1406535
7290006775047,false,עוגת שוקולד 450 גרם,,,עוגת שוקולד 450 גרם,גרמים,450.00,100 גרם,false,,10.90,0.0242,true,1,1406536
7290006775054,false,עוגת שיש 450 גרם אחו,,,עוגת שיש 450 גרם אחו,גרמים,450.00,100 גרם,false,,10.90,0.0242,true,1,1406537
7290006775078,false,עוגת דבש אחוה 400 גר,,,עוגת דבש אחוה 400 גר,גרמים,400.00,100 גרם,false,,9.90,0.0248,true,1,1419160
7290006775085,false,עוגת שמרים שוקולד 40,,,עוגת שמרים שוקולד 40,גרמים,400.00,100 גרם,false,,10.90,0.0273,true,1,1406538
7290006775344,false,עוגת שמרים קינמון וא,,,עוגת שמרים קינמון וא,גרמים,400.00,100 גרם,false,,10.90,0.0273,true,1,1406540
7290006805850,false,תערובת לאפייה פילסבר,,,תערובת לאפייה פילסבר,גרמים,500.00,100 גרם,false,,16.90,0.0338,true,1,1413633
7290006822192,false,פריגת דיאט חמוציות 1,,,פריגת דיאט חמוציות 1,מיליליטרים,1000.00,"100 מ""ל",false,,11.90,0.0119,true,1,1398815
7290006866363,false,מיץ אשכוליות אדומות,,,מיץ אשכוליות אדומות,מיליליטרים,1000.00,"100 מ""ל",false,,16.20,0.0162,true,1,1393151
7290006983527,false,הבית עוגת תפוחי עץ ע,,,הבית עוגת תפוחי עץ ע,גרמים,400.00,100 גרם,false,,14.90,0.0373,true,1,1394243
7290006983763,false,עוגת הבית תפוחים פיר,,,עוגת הבית תפוחים פיר,גרמים,400.00,100 גרם,false,,11.90,0.0298,true,1,1394244
7290006983770,false,עוגת הבית בטעם שוקול,,,עוגת הבית בטעם שוקול,גרמים,400.00,100 גרם,false,,11.90,0.0298,true,1,1394245
7290006983787,false,עוגת הבית שיש אסם 40,,,עוגת הבית שיש אסם 40,גרמים,400.00,100 גרם,false,,11.90,0.0298,true,1,1394246
7290006992161,false,מטרנה דייסת קורנפלור,,,מטרנה דייסת קורנפלור,גרמים,200.00,100 גרם,false,,13.90,0.0695,true,1,1394249
7290006992185,false,מטרנה דייסת אורז פרו,,,מטרנה דייסת אורז פרו,גרמים,200.00,100 גרם,false,,13.90,0.0695,true,1,1394250
7290006992390,false,מטרנה דייסת וניל פרו,,,מטרנה דייסת וניל פרו,גרמים,200.00,100 גרם,false,,13.90,0.0695,true,1,1394253
7290007065007,false,מוצרלה פרוסות 22% 20,,,מוצרלה פרוסות 22% 20,גרמים,200.00,100 גרם,false,,17.70,0.0885,true,1,1399002
7290008154222,false,שניצלונים בציפוי מעו,,,שניצלונים בציפוי מעו,גרמים,700.00,100 גרם,false,,19.90,0.0284,true,1,1394254
7290008175173,false,חמאה מפינלנד 200 גרם,,,חמאה מפינלנד 200 גרם,גרמים,200.00,100 גרם,false,,11.90,0.0595,true,1,1395253
7290008175814,false,פטריות חתוכות 400 גר,,,פטריות חתוכות 400 גר,גרמים,400.00,100 גרם,false,,5.50,0.0138,true,1,1395257
7290008343466,false,בצק פילו שלושת האופי,,,בצק פילו שלושת האופי,גרמים,500.00,100 גרם,false,,21.90,0.0438,true,1,1395671
7290008343558,false,בצק פילו שלושת האופי,,,בצק פילו שלושת האופי,גרמים,1000.00,100 גרם,false,,21.90,0.0219,true,1,1395672
7290008343565,false,סיגרים שלולשת האופים,,,סיגרים שלולשת האופים,גרמים,1000.00,100 גרם,false,,21.90,0.0219,true,1,1395673
7290008343602,false,קובה בשר שלושת האופי,,,קובה בשר שלושת האופי,גרמים,1000.00,100 גרם,false,,21.90,0.0219,true,1,1395674
7290008344272,false,המבורגר 100% 400 גרם,,,המבורגר 100% 400 גרם,גרמים,400.00,100 גרם,false,,19.90,0.0497,true,1,1395676
7290008345118,false,מקרל בשמן דלידג 240,,,מקרל בשמן דלידג 240,גרמים,240.00,100 גרם,false,,28.90,0.1204,true,1,1395677
7290008345132,false,הרינג כבוש דלידג 240,,,הרינג כבוש דלידג 240,גרמים,240.00,100 גרם,false,,24.90,0.1037,true,1,1395678
7290008345156,false,פילה מקרוסקה דלידג 2,,,פילה מקרוסקה דלידג 2,קילוגרמים,1.00,"ק""ג",true,,117.90,117.9000,true,1,1413752
7290008345583,false,איקרה ביתית ורוד 300,,,איקרה ביתית ורוד 300,גרמים,300.00,100 גרם,false,,20.90,0.0697,true,1,1395680
7290008347181,false,מעדניה - פילה אמנון,,,מעדניה - פילה אמנון,קילוגרמים,1.00,"ק""ג",true,,30.90,30.9000,true,1,1409254
7290008347211,false,אצבעות דג מצופות דלי,,,אצבעות דג מצופות דלי,גרמים,700.00,100 גרם,false,,22.90,0.0327,true,1,1395534
7290008347891,false,מעדניה - פילה אמנון,,,מעדניה - פילה אמנון,קילוגרמים,1.00,"ק""ג",true,,30.90,30.9000,true,1,1409255
7290008409643,true,פילה עוף על האש מאמא,,,פילה עוף על האש מאמא,00000000000000000000,0.00,00000000000000000000,false,,42.90,0.0000,true,1,1397664
7290008415071,false,צבר חומוס עם טחינה 1,,,צבר חומוס עם טחינה 1,גרמים,150.00,100 גרם,false,,4.90,0.0327,true,1,1394255
7290008415514,false,צבר חומוס עם חריף 15,,,צבר חומוס עם חריף 15,גרמים,150.00,100 גרם,false,,4.90,0.0327,true,1,1394256
7290008461221,false,סרדינים רוברט שמן חמ,,,סרדינים רוברט שמן חמ,גרמים,115.00,100 גרם,false,,6.90,0.0600,true,1,1395682
7290008461238,false,סרדינים רוברט שמן חמ,,,סרדינים רוברט שמן חמ,גרמים,115.00,100 גרם,false,,6.90,0.0600,true,1,1395683
7290008462204,false,חרדל דז'ון מקורי 380,,,חרדל דז'ון מקורי 380,גרמים,380.00,100 גרם,false,,14.90,0.0392,true,1,1395686
7290008464024,false,גולדסטאר לא מסונן פח,,,גולדסטאר לא מסונן פח,מיליליטרים,500.00,"100 מ""ל",false,,8.90,0.0178,true,1,1396785
7290008464208,false,"מכבי 7.9% 330 מ""ל",,,"מכבי 7.9% 330 מ""ל",מיליליטרים,330.00,"100 מ""ל",false,,6.90,0.0209,true,1,1396788
7290008464345,false,"גולדסטאר 330 מ""ל",,,"גולדסטאר 330 מ""ל",מיליליטרים,330.00,"100 מ""ל",false,,7.20,0.0218,true,1,1396794
7290008464505,false,מים סאן בנדטו 500 מל,,,מים סאן בנדטו 500 מל,מיליליטרים,500.00,"100 מ""ל",false,,3.00,0.0060,true,1,1396796
7290008464604,false,"בירה הייניקן 500 מ""ל",,,"בירה הייניקן 500 מ""ל",מיליליטרים,500.00,"100 מ""ל",false,,11.90,0.0238,true,1,1396698
7290008464604,false,"בירה הייניקן 500 מ""ל",,,"בירה הייניקן 500 מ""ל",מיליליטרים,500.00,"100 מ""ל",false,,11.90,0.0238,true,1,1396797
7290008464611,false,"סודה 275 מ""ל",,,"סודה 275 מ""ל",מיליליטרים,275.00,"100 מ""ל",false,,3.50,0.0127,true,1,1396798
7290008464697,false,מכבי 7.9% 330 שישייה,,,מכבי 7.9% 330 שישייה,מיליליטרים,1980.00,"100 מ""ל",false,,35.90,0.0181,true,1,1396799
7290008464741,false,בירה גולד סטאר שישיי,,,בירה גולד סטאר שישיי,מיליליטרים,1980.00,"100 מ""ל",false,,38.40,0.0194,true,1,1396802
7290008464796,false,מארז שישייה הייניקן,,,מארז שישייה הייניקן,מיליליטרים,1980.00,"100 מ""ל",false,,38.40,0.0194,true,1,1396803
7290008464987,false,מי סודה במארז טמפו 6,,,מי סודה במארז טמפו 6,מיליליטרים,1980.00,"100 מ""ל",false,,15.90,0.0080,true,1,1396805
7290008493710,false,פירורי גריסיני זהב מ,,,פירורי גריסיני זהב מ,גרמים,200.00,100 גרם,false,,6.20,0.0310,true,1,1395094
7290008644112,false,סלט מטבוחה אחלה 125,,,סלט מטבוחה אחלה 125,גרמים,125.00,100 גרם,false,,4.90,0.0392,true,1,1393152
7290008645935,false,חומוס אחלה 750 גרם,,,חומוס אחלה 750 גרם,גרמים,750.00,100 גרם,false,,10.90,0.0145,true,1,1393153
7290008690164,true,דיאט קוקה קולה לימון,,,דיאט קוקה קולה לימון,00000000000000000000,0.00,00000000000000000000,false,,6.50,0.0000,true,1,1398817
7290008690713,false,נקטר חמוציות 1 ליטר,,,נקטר חמוציות 1 ליטר,ליטרים,1.00,ליטר,false,,12.20,12.2000,true,1,1398818
7290008693134,false,"דניאלה תות 150 מ""ל",,,"דניאלה תות 150 מ""ל",גרמים,150.00,100 גרם,false,,4.10,0.0273,true,1,1393154
7290008713900,false,לחם שיפון עגול פרוס,,,לחם שיפון עגול פרוס,גרמים,750.00,100 גרם,false,,12.90,0.0172,true,1,1405151
7290008745239,false,תפוציפס קראנצ' טבעי,,,תפוציפס קראנצ' טבעי,גרמים,50.00,100 גרם,false,,4.00,0.0800,true,1,1393543
7290008750264,false,מאסט דובדבן מגדים 28,,,מאסט דובדבן מגדים 28,גרמים,28.00,100 גרם,false,,4.50,0.1607,true,1,1401183
7290008752244,false,תפוציפס קראנצ' גריל,,,תפוציפס קראנצ' גריל,גרמים,50.00,100 גרם,false,,4.00,0.0800,true,1,1393544
7290008753111,false,תפוציפס קראנצ מקסיקנ,,,תפוציפס קראנצ מקסיקנ,גרמים,50.00,100 גרם,false,,4.00,0.0800,true,1,1393546
7290008753364,false,דוריטוס גריל 55 גרם,,,דוריטוס גריל 55 גרם,גרמים,55.00,100 גרם,false,,3.50,0.0636,true,1,1393547
7290008753371,false,דוריטוס נאצ'ו 55 גרם,,,דוריטוס נאצ'ו 55 גרם,גרמים,55.00,100 גרם,false,,3.30,0.0600,true,1,1393548
7290008754415,false,מאסט ספירמינט מגדים,,,מאסט ספירמינט מגדים,גרמים,28.00,100 גרם,false,,4.50,0.1607,true,1,1401188
7290008754422,false,Must LL קלאסי פפרמינ,,,Must LL קלאסי פפרמינ,גרמים,28.00,100 גרם,false,,4.50,0.1607,true,1,1401189
7290008757980,false,ספרינג קרטוניות רימו,,,ספרינג קרטוניות רימו,יחידה,1000.00,יחידה,false,,6.80,0.0068,true,1,1394729
7290008775816,false,ערגליות שוקולד שקית,,,ערגליות שוקולד שקית,גרמים,300.00,100 גרם,false,,9.90,0.0330,true,1,1394260
7290008801010,false,יין קברנה מרלו פרייב,,,יין קברנה מרלו פרייב,מיליליטרים,750.00,"100 מ""ל",false,,39.90,0.0532,true,1,1401655
7290008801157,false,יין אדום מרלו סלקטד,,,יין אדום מרלו סלקטד,מיליליטרים,750.00,"100 מ""ל",false,,29.90,0.0399,true,1,1401656
7290008801522,false,יין אדום מתוק קונקור,,,יין אדום מתוק קונקור,מיליליטרים,750.00,"100 מ""ל",false,,21.90,0.0292,true,1,1401658
7290008801539,false,יין כרמל קינג דיויד,,,יין כרמל קינג דיויד,מיליליטרים,750.00,"100 מ""ל",false,,19.90,0.0265,true,1,1414119
7290008801546,false,יין לבן מתוק מוסקט ק,,,יין לבן מתוק מוסקט ק,מיליליטרים,750.00,"100 מ""ל",false,,21.90,0.0292,true,1,1413838
7290008801843,false,יין אדום יבש קברנה ס,,,יין אדום יבש קברנה ס,מיליליטרים,750.00,"100 מ""ל",false,,29.90,0.0399,true,1,1401659
7290008801850,false,יין לבן חצי יבש אמרל,,,יין לבן חצי יבש אמרל,מיליליטרים,750.00,"100 מ""ל",false,,29.90,0.0399,true,1,1401660
7290008802291,false,יין מרלו פרייבט קולק,,,יין מרלו פרייבט קולק,מיליליטרים,750.00,"100 מ""ל",false,,39.90,0.0532,true,1,1410748
7290008802512,false,יין אדום יבש וינו 75,,,יין אדום יבש וינו 75,מיליליטרים,750.00,"100 מ""ל",false,,22.20,0.0296,true,1,1405386
7290008802529,false,יין לבן חצי יבש וינו,,,יין לבן חצי יבש וינו,מיליליטרים,750.00,"100 מ""ל",false,,22.20,0.0296,true,1,1405387
7290008802895,false,יין אדום יבש קברנה ס,,,יין אדום יבש קברנה ס,מיליליטרים,750.00,"100 מ""ל",false,,39.90,0.0532,true,1,1401661
7290008806961,false,גלידת קרמיסימו 1.33,,,גלידת קרמיסימו 1.33,מיליליטרים,1330.00,"100 מ""ל",false,,18.90,0.0142,true,1,1404688
7290008806985,false,קרמיסימו נשנושים שוק,,,קרמיסימו נשנושים שוק,יחידה,60.00,יחידה,false,,43.90,0.7317,true,1,1404689
7290008909853,false,קולה ZERO בקבוק 500,,,קולה ZERO בקבוק 500,מיליליטרים,500.00,"100 מ""ל",false,,6.50,0.0130,true,1,1398823
7290008909877,false,קולה זירו קוקה קולה,,,קולה זירו קוקה קולה,ליטרים,9.00,ליטר,false,,44.30,4.9222,true,1,1398825
7290010002047,false,מלח לימון במיכל תבלי,,,מלח לימון במיכל תבלי,גרמים,200.00,100 גרם,false,,10.90,0.0545,true,1,1399108
7290010002061,false,פלפל לבן טחון במיכל,,,פלפל לבן טחון במיכל,גרמים,100.00,100 גרם,false,,17.90,0.1790,true,1,1399109
7290010002092,false,פלפל שחור גרוס דק במ,,,פלפל שחור גרוס דק במ,גרמים,90.00,100 גרם,false,,15.50,0.1722,true,1,1399111
7290010002108,false,פלפל שחור גרוס גס במ,,,פלפל שחור גרוס גס במ,גרמים,90.00,100 גרם,false,,15.50,0.1722,true,1,1399112
7290010002139,false,פפריקה הונגרית חריפה,,,פפריקה הונגרית חריפה,גרמים,100.00,100 גרם,false,,11.90,0.1190,true,1,1399114
7290010002191,false,מקלות קינמון במיכל ת,,,מקלות קינמון במיכל ת,גרמים,50.00,100 גרם,false,,15.50,0.3100,true,1,1399117
7290010002283,false,תיבול על האש במיכל ת,,,תיבול על האש במיכל ת,גרמים,100.00,100 גרם,false,,11.90,0.1190,true,1,1399120
7290010002320,false,תיבול לגריל עוף במיכ,,,תיבול לגריל עוף במיכ,גרמים,100.00,100 גרם,false,,11.90,0.1190,true,1,1399123
7290010002344,false,תיבול לדג 100 גרם צנ,,,תיבול לדג 100 גרם צנ,גרמים,100.00,100 גרם,false,,11.90,0.1190,true,1,1416849
7290010002351,false,זעתר עם שומשום במיכל,,,זעתר עם שומשום במיכל,גרמים,100.00,100 גרם,false,,11.90,0.1190,true,1,1399124
7290010002368,false,תערובת חוויאג' למרק,,,תערובת חוויאג' למרק,גרמים,100.00,100 גרם,false,,11.90,0.1190,true,1,1399125
7290010002399,false,בזיליקום יבש במיכל ת,,,בזיליקום יבש במיכל ת,גרמים,40.00,100 גרם,false,,9.90,0.2475,true,1,1399128
7290010002405,false,טימין במיכל תבליני מ,,,טימין במיכל תבליני מ,גרמים,40.00,100 גרם,false,,9.90,0.2475,true,1,1399129
7290010002443,false,רוזמרין במיכל תבליני,,,רוזמרין במיכל תבליני,גרמים,40.00,100 גרם,false,,9.90,0.2475,true,1,1399130
7290010002481,false,שום טחון במיכל תבלינ,,,שום טחון במיכל תבלינ,גרמים,100.00,100 גרם,false,,15.50,0.1550,true,1,1399131
7290010002498,false,שום גבישי במיכל תבלי,,,שום גבישי במיכל תבלי,גרמים,120.00,100 גרם,false,,15.50,0.1292,true,1,1399132
7290010002726,false,תיבול לפרגיות במיכל,,,תיבול לפרגיות במיכל,גרמים,100.00,100 גרם,false,,11.90,0.1190,true,1,1399133
7290010003709,false,פלפל שחור טחון בשקית,,,פלפל שחור טחון בשקית,גרמים,50.00,100 גרם,false,,7.90,0.1580,true,1,1399139
7290010003754,false,כמון טחון בשקית מימו,,,כמון טחון בשקית מימו,גרמים,50.00,100 גרם,false,,6.30,0.1260,true,1,1399140
7290010003792,false,מלח לימון בשקית תבלי,,,מלח לימון בשקית תבלי,גרמים,100.00,100 גרם,false,,6.30,0.0630,true,1,1399144
7290010003808,false,זעתר ושומשום בשקית מ,,,זעתר ושומשום בשקית מ,גרמים,80.00,100 גרם,false,,6.30,0.0787,true,1,1399145
7290010003822,false,פפריקה חריפה בשקית ת,,,פפריקה חריפה בשקית ת,גרמים,80.00,100 גרם,false,,6.30,0.0787,true,1,1399146
7290010003846,false,אורגנו בשקית תבליני,,,אורגנו בשקית תבליני,גרמים,20.00,100 גרם,false,,6.30,0.3150,true,1,1399148
7290010065349,false,פרינוק סלט פירות 190,,,פרינוק סלט פירות 190,גרמים,190.00,100 גרם,false,,6.50,0.0342,true,1,1404204
7290010116898,true,שוקולד אוורירי מריר/,,,שוקולד אוורירי מריר/,00000000000000000000,0.00,00000000000000000000,false,,4.90,0.0000,true,1,1401193
7290010117857,false,דוריטוס חריף אש 55 ג,,,דוריטוס חריף אש 55 ג,גרמים,55.00,100 גרם,false,,3.50,0.0636,true,1,1393550
7290010117970,false,בוטנים אמריקאים 50 ג,,,בוטנים אמריקאים 50 ג,גרמים,50.00,100 גרם,false,,2.90,0.0580,true,1,1393551
7290010119950,false,דוריטוס חמוץ חריף 55,,,דוריטוס חמוץ חריף 55,גרמים,55.00,100 גרם,false,,3.50,0.0636,true,1,1393552
7290010129003,false,עוגיות אוזניים 600 ג,,,עוגיות אוזניים 600 ג,גרמים,600.00,100 גרם,false,,19.90,0.0332,true,1,1399223
7290010129010,false,עוגיות כתר ריבה 600,,,עוגיות כתר ריבה 600,גרמים,600.00,100 גרם,false,,19.90,0.0332,true,1,1399224
7290010129027,false,עוגיות מרוקאיות 600,,,עוגיות מרוקאיות 600,גרמים,600.00,100 גרם,false,,19.90,0.0332,true,1,1399225
7290010129553,false,עוגיות רולדה תמרים 6,,,עוגיות רולדה תמרים 6,גרמים,600.00,100 גרם,false,,19.90,0.0332,true,1,1403922
7290010154005,false,סחוג תימני 250 ביטון,,,סחוג תימני 250 ביטון,גרמים,250.00,100 גרם,false,,13.90,0.0556,true,1,1414053
7290010154012,false,לימון כבוש 250 גרם,,,לימון כבוש 250 גרם,גרמים,250.00,100 גרם,false,,13.90,0.0556,true,1,1395688
7290010154241,false,חזרת ביטון 250 גרם,,,חזרת ביטון 250 גרם,גרמים,250.00,100 גרם,false,,13.90,0.0556,true,1,1416901
7290010154265,false,פלפל צ'ומה 250 גרם,,,פלפל צ'ומה 250 גרם,גרמים,250.00,100 גרם,false,,12.90,0.0516,true,1,1395691
7290010154418,false,סחוג אדום 130 גרם,,,סחוג אדום 130 גרם,גרמים,130.00,100 גרם,false,,8.90,0.0685,true,1,1395692
7290010154425,false,סחוג ירוק 130 גרם,,,סחוג ירוק 130 גרם,גרמים,130.00,100 גרם,false,,8.90,0.0685,true,1,1395693
7290010154678,false,אריסה מרוקאית 250 גר,,,אריסה מרוקאית 250 גר,גרמים,250.00,100 גרם,false,,13.90,0.0556,true,1,1395695
7290010154685,false,סלט שום כתוש 250 גרם,,,סלט שום כתוש 250 גרם,גרמים,250.00,100 גרם,false,,13.90,0.0556,true,1,1395696
7290010192120,false,צנוניות 400 גרם,,,צנוניות 400 גרם,גרמים,400.00,100 גרם,false,,5.90,0.0148,true,1,1418746
7290010195275,true,פופסטאר חמאה מופחת ש,,,פופסטאר חמאה מופחת ש,00000000000000000000,0.00,00000000000000000000,false,,14.00,0.0000,true,1,1399489
7290010237685,false,בירה הייניקן 330מל צ,,,בירה הייניקן 330מל צ,מיליליטרים,330.00,"100 מ""ל",false,,8.20,0.0248,true,1,1417246
7290010259359,false,אטריות רחבות נודלס ו,,,אטריות רחבות נודלס ו,גרמים,200.00,100 גרם,false,,4.90,0.0245,true,1,1411959
7290010259366,false,אטריות מסולסלות נודל,,,אטריות מסולסלות נודל,גרמים,200.00,100 גרם,false,,4.90,0.0245,true,1,1411960
7290010259823,false,נודלס בטעם עוף מנת ה,,,נודלס בטעם עוף מנת ה,גרמים,70.00,100 גרם,false,,5.50,0.0786,true,1,1395258
7290010259847,false,מנת השף נודלס בטעם ת,,,מנת השף נודלס בטעם ת,גרמים,70.00,100 גרם,false,,5.50,0.0786,true,1,1414564
7290010259854,false,נודלס מנת השף בטעם פ,,,נודלס מנת השף בטעם פ,גרמים,70.00,100 גרם,false,,5.50,0.0786,true,1,1395260
7290010259861,false,נודלס עם ירקות מנת ה,,,נודלס עם ירקות מנת ה,גרמים,70.00,100 גרם,false,,5.50,0.0786,true,1,1414565
7290010259977,false,שמן קנולה 1 ליטר,,,שמן קנולה 1 ליטר,מיליליטרים,1000.00,"100 מ""ל",false,,10.90,0.0109,true,1,1395263
7290010300310,false,מנגל אלומיניום+רשת,,,מנגל אלומיניום+רשת,100 יחידה,1.00,100 יחידה,false,,29.90,29.9000,true,1,1418919
7290010300501,false,סוכר חום בשקית השף א,,,סוכר חום בשקית השף א,גרמים,1000.00,100 גרם,false,,13.00,0.0130,true,1,1418922
7290010300532,false,חומץ סינטטי 5% 1 ליט,,,חומץ סינטטי 5% 1 ליט,מיליליטרים,1000.00,"100 מ""ל",false,,4.90,0.0049,true,1,1405578
7290010300570,false,קוקוס טחון נאמן 200,,,קוקוס טחון נאמן 200,גרמים,200.00,100 גרם,false,,8.90,0.0445,true,1,1418924
7290010300587,false,שומשום 200 גרם נאמן,,,שומשום 200 גרם נאמן,גרמים,200.00,100 גרם,false,,8.90,0.0445,true,1,1418925
7290010328093,false,ממרח חלווה אחווה 400,,,ממרח חלווה אחווה 400,גרמים,400.00,100 גרם,false,,11.90,0.0298,true,1,1404771
7290010328246,false,טחינה גולמית משומשום,,,טחינה גולמית משומשום,גרמים,500.00,100 גרם,false,,12.90,0.0258,true,1,1396577
7290010328253,false,טחינה גולמית אחוה 50,,,טחינה גולמית אחוה 50,גרמים,500.00,100 גרם,false,,12.90,0.0258,true,1,1396578
7290010328468,false,מיני חלווה חטיפי חלו,,,מיני חלווה חטיפי חלו,יחידה,18.00,יחידה,false,,11.90,0.6611,true,1,1404750
7290010328505,false,חטיפי מיני חלווה ללא,,,חטיפי מיני חלווה ללא,יחידה,15.00,יחידה,false,,11.90,0.7933,true,1,1404751
7290010328727,false,ממרח טחינה עם שוקולד,,,ממרח טחינה עם שוקולד,גרמים,400.00,100 גרם,false,,12.90,0.0323,true,1,1406541
7290010328734,false,ממרח שומשום מלא עם ס,,,ממרח שומשום מלא עם ס,גרמים,400.00,100 גרם,false,,12.90,0.0323,true,1,1405009
7290010328796,true,עוגה בטעם שוקולד אחד,,,עוגה בטעם שוקולד אחד,גרמים,0.00,00000000000000000גרם,false,,5.00,0.0000,true,1,1396579
7290010328819,false,אחווה ממרח טחינה ושו,,,אחווה ממרח טחינה ושו,גרמים,400.00,100 גרם,false,,12.90,0.0323,true,1,1405010
7290010429295,true,מעדן משמש,,,מעדן משמש,00000000000000000000,0.00,00000000000000000000,false,,11.90,0.0000,true,1,1401195
7290010429554,false,שמן זית כתית מעולה ק,,,שמן זית כתית מעולה ק,מיליליטרים,750.00,"100 מ""ל",false,,33.90,0.0452,true,1,1401197
7290010471669,false,דנונה בר תות קורנפלק,,,דנונה בר תות קורנפלק,גרמים,175.00,100 גרם,false,,4.30,0.0246,true,1,1393155
7290010472307,false,גמדים תות בננה 8*100,,,גמדים תות בננה 8*100,מיליליטרים,800.00,"100 מ""ל",false,,19.90,0.0249,true,1,1393157
7290010472765,true,4 גמדים תות,,,4 גמדים תות,00000000000000000000,0.00,00000000000000000000,false,,10.80,0.0000,true,1,1393159
7290010513703,false,צ'ופסטיקס צפצפה - 20,,,צ'ופסטיקס צפצפה - 20,יחידה,20.00,יחידה,false,,6.90,0.3450,true,1,1397898
7290010546565,false,גרנולה שוקולד 400 גר,,,גרנולה שוקולד 400 גר,גרמים,400.00,100 גרם,false,,19.90,0.0497,true,1,1418380
7290010627004,false,טחינה ירושלים 500 גר,,,טחינה ירושלים 500 גר,גרמים,500.00,100 גרם,false,,15.90,0.0318,true,1,1393861
7290010627844,false,טחינה שומשום מלא ירו,,,טחינה שומשום מלא ירו,גרמים,500.00,100 גרם,false,,15.90,0.0318,true,1,1393862
7290010650019,false,אנדיב / עולש חוות תק,,,אנדיב / עולש חוות תק,יחידה,1.00,יחידה,false,,11.00,11.0000,true,1,1406809
7290010650033,false,בצלצלי שאלוט חוות תק,,,בצלצלי שאלוט חוות תק,גרמים,350.00,100 גרם,false,,11.90,0.0340,true,1,1405141
7290010814251,false,שוקולד חלב אגו 3 * 8,,,שוקולד חלב אגו 3 * 8,גרמים,255.00,100 גרם,false,,10.90,0.0427,true,1,1405045
7290010814695,false,שוקולד מריר פרווה לל,,,שוקולד מריר פרווה לל,גרמים,85.00,100 גרם,false,,5.90,0.0694,true,1,1394954
7290010814701,false,שוקולד חלב ללא תוספת,,,שוקולד חלב ללא תוספת,גרמים,85.00,100 גרם,false,,5.90,0.0694,true,1,1394955
7290010838219,false,סטיביה 100 שקיות,,,סטיביה 100 שקיות,יחידה,100.00,יחידה,false,,28.90,0.2890,true,1,1396513
7290010883356,false,כפפות אלוורה L,,,כפפות אלוורה L,יחידה,1.00,יחידה,false,,10.90,10.9000,true,1,1402512
7290010883363,false,כפפות אלוורה S,,,כפפות אלוורה S,יחידה,1.00,יחידה,false,,10.90,10.9000,true,1,1402513
7290010886210,true,סט 4 זיקוק עבה צבעונ,,,סט 4 זיקוק עבה צבעונ,00000000000000000000,0.00,00000000000000000000,false,,16.00,0.0000,true,1,1399849
7290010903344,false,אצבעות שניצל רמי לוי,,,אצבעות שניצל רמי לוי,גרמים,1000.00,100 גרם,false,,34.90,0.0349,true,1,1411016
7290010931330,false,מטבוחה 500,,,מטבוחה 500,גרמים,575.00,100 גרם,false,,13.80,0.0240,true,1,1393160
7290010945146,false,גבינת קוטג' מועשרת 3,,,גבינת קוטג' מועשרת 3,גרמים,250.00,100 גרם,false,,5.50,0.0220,true,1,1409893
7290010945450,false,גבינה לבנה 3% טרה 25,,,גבינה לבנה 3% טרה 25,גרמים,250.00,100 גרם,false,,4.98,0.0199,true,1,1404572
7290010945481,false,גבינה לבנה 5% טרה 50,,,גבינה לבנה 5% טרה 50,גרמים,500.00,100 גרם,false,,9.95,0.0199,true,1,1398901
7290010955602,false,יין עשוי רימונים 17%,,,יין עשוי רימונים 17%,מיליליטרים,750.00,"100 מ""ל",false,,59.90,0.0799,true,1,1408346
7290010984879,false,שום כתוש קפוא בצנצנת,,,שום כתוש קפוא בצנצנת,גרמים,200.00,100 גרם,false,,11.90,0.0595,true,1,1406131
7290010984893,false,פטרוזיליה קצוצה קפוא,,,פטרוזיליה קצוצה קפוא,גרמים,70.00,100 גרם,false,,8.90,0.1271,true,1,1406133
7290010984923,false,שום כתוש קפוא במגשית,,,שום כתוש קפוא במגשית,גרמים,80.00,100 גרם,false,,7.90,0.0988,true,1,1406136
7290011015862,false,סירופ דיאט לימונענע,,,סירופ דיאט לימונענע,מיליליטרים,750.00,"100 מ""ל",false,,24.20,0.0323,true,1,1398827
7290011016524,true,פריגת מיץ תפוזים 100,,,פריגת מיץ תפוזים 100,00000000000000000000,0.00,00000000000000000000,false,,9.90,0.0000,true,1,1398829
7290011017866,false,סליק קוקה קולה 330 מ,,,סליק קוקה קולה 330 מ,מיליליטרים,330.00,"100 מ""ל",false,,6.20,0.0188,true,1,1398830
7290011017873,false,סליק קולה ZERO 330 מ,,,סליק קולה ZERO 330 מ,מיליליטרים,330.00,"100 מ""ל",false,,6.20,0.0188,true,1,1398831
7290011017880,false,"סליק דק""ק 330 מ""ל מב",,,"סליק דק""ק 330 מ""ל מב",מיליליטרים,330.00,"100 מ""ל",false,,6.20,0.0188,true,1,1398832
7290011018184,false,FUZE tea אפרסק 0.5 ל,,,FUZE tea אפרסק 0.5 ל,מיליליטרים,500.00,"100 מ""ל",false,,8.40,0.0168,true,1,1398833
7290011018443,false,סליק פאנטה אורנג' 33,,,סליק פאנטה אורנג' 33,מיליליטרים,330.00,"100 מ""ל",false,,6.20,0.0188,true,1,1398838
7290011018832,false,שישית פחיות קוקה קול,,,שישית פחיות קוקה קול,מיליליטרים,1980.00,"100 מ""ל",false,,26.70,0.0135,true,1,1398840
7290011018924,false,שישיית פחיות דיאט קו,,,שישיית פחיות דיאט קו,מיליליטרים,1980.00,"100 מ""ל",false,,25.70,0.0130,true,1,1404911
7290011043049,false,כוסות נייר שתיה חמה,,,כוסות נייר שתיה חמה,יחידה,50.00,יחידה,false,,11.90,0.2380,true,1,1409579
7290011064020,false,ניצן בולגרית למריחה,,,ניצן בולגרית למריחה,גרמים,200.00,100 גרם,false,,13.90,0.0695,true,1,1411520
7290011064075,false,ניצן אבו גוש מעדן לא,,,ניצן אבו גוש מעדן לא,גרמים,200.00,100 גרם,false,,13.90,0.0695,true,1,1411521
7290011064099,false,טאפס שכונתי 125 גרם,,,טאפס שכונתי 125 גרם,גרמים,125.00,100 גרם,false,,19.90,0.1592,true,1,1411522
7290011081690,false,גלידת קרמיסימו 1.33,,,גלידת קרמיסימו 1.33,מיליליטרים,1330.00,"100 מ""ל",false,,18.90,0.0142,true,1,1404691
7290011126452,false,חליטת קמומיל ונענע ה,,,חליטת קמומיל ונענע ה,יחידה,25.00,יחידה,false,,17.90,0.7160,true,1,1393866
7290011126469,false,חליטת קמומיל ודבש הג,,,חליטת קמומיל ודבש הג,יחידה,25.00,יחידה,false,,17.90,0.7160,true,1,1393867
7290011126957,false,תה ירוק ארל גריי ויס,,,תה ירוק ארל גריי ויס,יחידה,25.00,יחידה,false,,24.90,0.9960,true,1,1393868
7290011131395,false,מיזל קראנצ'30%פירות,,,מיזל קראנצ'30%פירות,גרמים,1000.00,100 גרם,false,,25.90,0.0259,true,1,1414765
7290011133368,false,שישיית שנדי תפוח 330,,,שישיית שנדי תפוח 330,מיליליטרים,1980.00,"100 מ""ל",false,,31.90,0.0161,true,1,1396821
7290011148591,false,כרובית,,,כרובית,יח',1.00,יח',false,,9.90,9.9000,true,1,1414324
7290011194215,false,דניאלה בננה 150 גרם,,,דניאלה בננה 150 גרם,גרמים,150.00,100 גרם,false,,4.10,0.0273,true,1,1393161
7290011194246,false,גבינת קוטג 5% שטראוס,,,גבינת קוטג 5% שטראוס,גרמים,250.00,100 גרם,false,,5.90,0.0236,true,1,1393162
7290011223045,false,בישקוטים בונומי 200,,,בישקוטים בונומי 200,גרמים,200.00,100 גרם,false,,6.90,0.0345,true,1,1396514
7290011223205,true,ריבת חלב,,,ריבת חלב,00000000000000000000,0.00,00000000000000000000,false,,15.00,0.0000,true,1,1399490
7290011239213,false,ממתק מחרום 100 גרם,,,ממתק מחרום 100 גרם,גרמים,100.00,100 גרם,false,,5.90,0.0590,true,1,1395905
7290011276485,false,חסה עגולה רמי לוי,,,חסה עגולה רמי לוי,יחידה,1.00,יחידה,false,,6.90,6.9000,true,1,1403590
7290011300975,false,סבון ורוד פרדייז 500,,,סבון ורוד פרדייז 500,מיליליטרים,500.00,"100 מ""ל",false,,5.90,0.0118,true,1,1403418
7290011300982,false,סבון כחול אושן 500 מ,,,סבון כחול אושן 500 מ,מיליליטרים,500.00,"100 מ""ל",false,,5.90,0.0118,true,1,1403419
7290011308780,true,טבעות שומשום 300 גרם,,,טבעות שומשום 300 גרם,גרמים,0.00,00000000000000000גרם,false,,9.90,0.0000,true,1,1396060
7290011432751,false,שקית גופיה רמי לוי ב,,,שקית גופיה רמי לוי ב,קילוגרמים,1.00,"ק""ג",false,,0.10,0.1000,true,1,1407909
7290011435349,true,מעדן תפוז,,,מעדן תפוז,00000000000000000000,0.00,00000000000000000000,false,,11.90,0.0000,true,1,1401198
7290011438142,false,אייס קפה 2% יטבתה 35,,,אייס קפה 2% יטבתה 35,מיליליטרים,350.00,"100 מ""ל",false,,6.20,0.0177,true,1,1393164
7290011447267,false,מטרנה חלבי חיסכון של,,,מטרנה חלבי חיסכון של,גרמים,700.00,100 גרם,false,,49.90,0.0713,true,1,1409653
7290011488062,false,בצל שאלוט,,,בצל שאלוט,קילוגרמים,1.00,"ק""ג",false,,11.90,11.9000,true,1,1420249
7290011489533,true,בייגלה שמיניות עם מל,,,בייגלה שמיניות עם מל,גרמים,0.00,00000000000000000גרם,false,,4.90,0.0000,true,1,1394852
7290011499051,false,גבינת פטה כבשים 20%,,,גבינת פטה כבשים 20%,גרמים,250.00,100 גרם,false,,26.50,0.1060,true,1,1399026
7290011499105,false,בולגרית מסורתית 5% 2,,,בולגרית מסורתית 5% 2,גרמים,250.00,100 גרם,false,,22.90,0.0916,true,1,1399027
7290011499129,false,קוביות גבינה בולגרית,,,קוביות גבינה בולגרית,גרמים,200.00,100 גרם,false,,22.90,0.1145,true,1,1399029
7290011499303,false,גבינת פטה עיזים מעוד,,,גבינת פטה עיזים מעוד,גרמים,250.00,100 גרם,false,,30.90,0.1236,true,1,1399031
7290011499327,false,‏בולגרית מעודנת 5% 2,,,‏בולגרית מעודנת 5% 2,גרמים,250.00,100 גרם,false,,22.90,0.0916,true,1,1399032
7290011499365,false,חלומי 24% 200 גרם,,,חלומי 24% 200 גרם,גרמים,200.00,100 גרם,false,,20.90,0.1045,true,1,1399036
7290011499419,false,גבינה במרקם שמנת ניו,,,גבינה במרקם שמנת ניו,גרמים,200.00,100 גרם,false,,11.90,0.0595,true,1,1399037
7290011499624,false,גבינת שמנת ניו יורק,,,גבינת שמנת ניו יורק,גרמים,200.00,100 גרם,false,,12.90,0.0645,true,1,1399039
7290011518561,false,"אקטימל תות 14*100 מ""",,,"אקטימל תות 14*100 מ""",מיליליטרים,1400.00,"100 מ""ל",false,,29.90,0.0214,true,1,1393168
7290011525729,false,קמיל בלו סנסיטיב לפנ,,,קמיל בלו סנסיטיב לפנ,מיליליטרים,1000.00,"100 מ""ל",false,,31.90,0.0319,true,1,1401691
7290011570644,false,קמח כרגיל ללחם אשבל,,,קמח כרגיל ללחם אשבל,גרמים,500.00,100 גרם,false,,17.90,0.0358,true,1,1416385
7290011570804,true,לחמניות המבורגר ללא,,,לחמניות המבורגר ללא,גרמים,0.00,00000000000000000גרם,false,,5.00,0.0000,true,1,1398746
7290011587055,false,שמן זית כתית מעולה ת,,,שמן זית כתית מעולה ת,מיליליטרים,750.00,"100 מ""ל",false,,29.90,0.0399,true,1,1416336
7290011587079,false,חרדל דיז'ון גרגירים,,,חרדל דיז'ון גרגירים,גרמים,370.00,100 גרם,false,,7.90,0.0214,true,1,1405563
7290011587123,false,קרם אגוזי קוקוס 400,,,קרם אגוזי קוקוס 400,מיליליטרים,400.00,"100 מ""ל",false,,10.00,0.0250,true,1,1416386
7290011587697,false,ממרח עגבניות מיובשות,,,ממרח עגבניות מיובשות,גרמים,360.00,100 גרם,false,,12.90,0.0358,true,1,1416392
7290011587758,false,נודלס דק 200 גרם,,,נודלס דק 200 גרם,גרמים,200.00,100 גרם,false,,4.90,0.0245,true,1,1416393
7290011587765,false,נודלס עבה 200 גרם,,,נודלס עבה 200 גרם,גרמים,200.00,100 גרם,false,,4.90,0.0245,true,1,1416394
7290011587826,false,חרדל דיז'ון 370 גרם,,,חרדל דיז'ון 370 גרם,גרמים,370.00,100 גרם,false,,7.90,0.0214,true,1,1394823
7290011587840,false,עגבניות מיובשות קצוצ,,,עגבניות מיובשות קצוצ,גרמים,340.00,100 גרם,false,,12.90,0.0379,true,1,1416396
7290011598211,false,אנטי קאלק מרסס 4 ב-,,,אנטי קאלק מרסס 4 ב-,מיליליטרים,750.00,"100 מ""ל",false,,17.90,0.0239,true,1,1396395
7290011598365,false,4 מטליות פרופישוניל,,,4 מטליות פרופישוניל,יחידה,4.00,יחידה,false,,14.90,3.7250,true,1,1402901
7290011607180,false,אבקת כביסה 101 כתמים,,,אבקת כביסה 101 כתמים,גרמים,1250.00,100 גרם,false,,14.90,0.0119,true,1,1412498
7290011618025,false,בייבי ביס חטיף אורז,,,בייבי ביס חטיף אורז,גרמים,50.00,100 גרם,false,,11.90,0.2380,true,1,1396515
7290011668570,false,גרנולה פירות יבשים 4,,,גרנולה פירות יבשים 4,גרמים,450.00,100 גרם,false,,24.90,0.0553,true,1,1403175
7290011668587,false,גרנולה טעם עשיר 500,,,גרנולה טעם עשיר 500,גרמים,500.00,100 גרם,false,,24.90,0.0498,true,1,1403176
7290011695248,false,רוטב צ'ילי חריף 700,,,רוטב צ'ילי חריף 700,מיליליטרים,700.00,"100 מ""ל",false,,11.90,0.0170,true,1,1418933
7290011695408,false,ציפוי מתובל לשניצל ה,,,ציפוי מתובל לשניצל ה,גרמים,350.00,100 גרם,false,,13.90,0.0397,true,1,1418936
7290011695477,false,דבש לחיץ 350 גרם,,,דבש לחיץ 350 גרם,גרמים,350.00,100 גרם,false,,24.90,0.0711,true,1,1418938
7290011695484,false,מפיות נייר ציור,,,מפיות נייר ציור,יחידה,1.00,יחידה,false,,5.90,5.9000,true,1,1418939
7290011695620,false,סירופ בטעם מייפל 500,,,סירופ בטעם מייפל 500,מיליליטרים,500.00,"100 מ""ל",false,,12.90,0.0258,true,1,1418940
7290011695651,false,צנימים עגולים 300 גר,,,צנימים עגולים 300 גר,גרמים,300.00,100 גרם,false,,12.90,0.0430,true,1,1418941
7290011695712,false,חמאת בוטנים קרמי אדו,,,חמאת בוטנים קרמי אדו,גרמים,510.00,100 גרם,false,,12.90,0.0253,true,1,1418942
7290011695781,false,"דבש טבעי 1 ק""ג -בד""ץ",,,"דבש טבעי 1 ק""ג -בד""ץ",גרמים,1000.00,100 גרם,false,,49.90,0.0499,true,1,1418943
7290011870256,true,סוללות AA פוג'יקום 4,,,סוללות AA פוג'יקום 4,000000000000000יחידה,0.00,000000000000000יחידה,false,,6.00,0.0000,true,1,1396254
7290011877859,false,אינסטלטור פותח סתימו,,,אינסטלטור פותח סתימו,מיליליטרים,200.00,"100 מ""ל",false,,16.90,0.0845,true,1,1396403
7290011947309,false,זית סורי מבוקע עם לי,,,זית סורי מבוקע עם לי,גרמים,230.00,100 גרם,false,,13.90,0.0604,true,1,1393870
7290011947767,false,שמן זית כתית מעולה ק,,,שמן זית כתית מעולה ק,מיליליטרים,750.00,"100 מ""ל",false,,43.90,0.0585,true,1,1405486
7290012019012,false,אספרגוס לבן שלם בצנצ,,,אספרגוס לבן שלם בצנצ,גרמים,330.00,100 גרם,false,,9.90,0.0300,true,1,1417738
7290012022203,false,קליליות פרכיות חיטה,,,קליליות פרכיות חיטה,גרמים,100.00,100 גרם,false,,13.90,0.1390,true,1,1413810
7290012022227,false,קליליות פרכיות בטעם,,,קליליות פרכיות בטעם,גרמים,70.00,100 גרם,false,,11.90,0.1700,true,1,1413811
7290012022272,false,קליליות קידס פרכיות,,,קליליות קידס פרכיות,גרמים,30.00,100 גרם,false,,10.90,0.3633,true,1,1413812
7290012025822,false,סלק אסלי 400 גרם,,,סלק אסלי 400 גרם,גרמים,400.00,100 גרם,false,,10.90,0.0273,true,1,1415242
7290012025839,false,מטבוחה אסלי 400 גרם,,,מטבוחה אסלי 400 גרם,גרמים,400.00,100 גרם,false,,11.90,0.0298,true,1,1415243
7290012052460,false,צ'וקולומומו מיקס זרע,,,צ'וקולומומו מיקס זרע,גרמים,250.00,100 גרם,false,,17.90,0.0716,true,1,1403242
7290012052477,false,צ'וקולומומו מיקס זרע,,,צ'וקולומומו מיקס זרע,גרמים,250.00,100 גרם,false,,17.90,0.0716,true,1,1403243
7290012117091,false,מקסימה אבקת כביסה סנ,,,מקסימה אבקת כביסה סנ,גרמים,6000.00,100 גרם,false,,46.90,0.0078,true,1,1396405
7290012117534,false,מקסימה מרכך מרוכז 1,,,מקסימה מרכך מרוכז 1,מיליליטרים,1000.00,"100 מ""ל",false,,17.90,0.0179,true,1,1402525
7290012117558,false,מרכך מרוכז מאסק 1 לי,,,מרכך מרוכז מאסק 1 לי,מיליליטרים,1000.00,"100 מ""ל",false,,17.90,0.0179,true,1,1396406
7290012117565,false,כפפות לטקס S,,,כפפות לטקס S,יחידה,1.00,יחידה,false,,29.90,29.9000,true,1,1396407
7290012117589,false,כפפות לטקס L,,,כפפות לטקס L,יחידה,1.00,יחידה,false,,29.90,29.9000,true,1,1396409
7290012159275,false,מיונז לינה 430 גרם,,,מיונז לינה 430 גרם,גרמים,430.00,100 גרם,false,,11.90,0.0277,true,1,1408351
7290012159497,false,יין לבן יבש מבעבע גו,,,יין לבן יבש מבעבע גו,מיליליטרים,750.00,"100 מ""ל",false,,27.90,0.0372,true,1,1408360
7290012193170,true,פמלי סבון נוזלי שלשל,,,פמלי סבון נוזלי שלשל,00000000000000000000,0.00,00000000000000000000,false,,14.90,0.0000,true,1,1399491
7290012193286,true,מגבונים רביעייה ללא,,,מגבונים רביעייה ללא,00000000000000000000,0.00,00000000000000000000,false,,19.90,0.0000,true,1,1399492
7290012226120,false,קבנוס זוגלובק 135 גר,,,קבנוס זוגלובק 135 גר,גרמים,135.00,100 גרם,false,,10.90,0.0807,true,1,1400280
7290012226342,false,נקנקיה טבעונית 460 ג,,,נקנקיה טבעונית 460 ג,גרמים,460.00,100 גרם,false,,27.90,0.0607,true,1,1400281
7290012226922,false,קבנוס עם שום 135 גרם,,,קבנוס עם שום 135 גרם,גרמים,135.00,100 גרם,false,,10.90,0.0807,true,1,1402147
7290012227172,false,זוג פסטרמות במארז חר,,,זוג פסטרמות במארז חר,גרמים,600.00,100 גרם,false,,26.60,0.0443,true,1,1400285
7290012227325,false,סלמי מעושן דק דק 120,,,סלמי מעושן דק דק 120,גרמים,120.00,100 גרם,false,,14.70,0.1225,true,1,1400287
7290012227912,false,קבנוס מעודן 135 גרם,,,קבנוס מעודן 135 גרם,גרמים,135.00,100 גרם,false,,10.20,0.0756,true,1,1400289
7290012227974,false,פסטרמה בדבש 120 גרם,,,פסטרמה בדבש 120 גרם,גרמים,120.00,100 גרם,false,,14.70,0.1225,true,1,1400290
7290012227981,false,פסטרמה ברביקיו 120 ג,,,פסטרמה ברביקיו 120 ג,גרמים,120.00,100 גרם,false,,14.70,0.1225,true,1,1400291
7290012227998,false,חזה בקר 120 גרם,,,חזה בקר 120 גרם,גרמים,120.00,100 גרם,false,,14.70,0.1225,true,1,1400292
7290012367700,false,"אפקטיב קר קרם גוף ש""",,,"אפקטיב קר קרם גוף ש""",מיליליטרים,700.00,"100 מ""ל",false,,30.90,0.0441,true,1,1401692
7290012367915,true,"שמפו קידס 750 מ""ל",,,"שמפו קידס 750 מ""ל",00000000000000000000,0.00,00000000000000000000,false,,17.90,0.0000,true,1,1399493
7290012413643,false,תה ירוק קמומיל,,,תה ירוק קמומיל,יחידה,25.00,יחידה,false,,24.90,0.9960,true,1,1393877
7290012522581,false,טבעול שניצל תירס ללא,,,טבעול שניצל תירס ללא,גרמים,664.00,100 גרם,false,,30.90,0.0465,true,1,1394281
7290012642586,false,ערמונים קלופים 100 ג,,,ערמונים קלופים 100 ג,גרמים,100.00,100 גרם,false,,4.90,0.0490,true,1,1394825
7290012645112,false,"יוגורט עיזים 750 מ""ל",,,"יוגורט עיזים 750 מ""ל",מיליליטרים,750.00,"100 מ""ל",false,,19.90,0.0265,true,1,1393170
7290012645273,true,יוגורט עיזים עם פסיפ,,,יוגורט עיזים עם פסיפ,00000000000000000000,0.00,00000000000000000000,false,,5.50,0.0000,true,1,1393172
7290012645280,false,יוגורט כבשים בסגנון,,,יוגורט כבשים בסגנון,גרמים,150.00,100 גרם,false,,5.80,0.0387,true,1,1393173
7290012645310,true,יוגורט עיזים עם פירו,,,יוגורט עיזים עם פירו,00000000000000000000,0.00,00000000000000000000,false,,5.50,0.0000,true,1,1393176
7290012697234,true,סוכרזית סטיויה,,,סוכרזית סטיויה,00000000000000000000,0.00,00000000000000000000,false,,14.80,0.0000,true,1,1401201
7290012803055,false,סוכרלוז 100 שקיות,,,סוכרלוז 100 שקיות,יחידה,100.00,יחידה,false,,26.90,0.2690,true,1,1396520
7290012803215,false,ופל בלגי ללא תוספת ס,,,ופל בלגי ללא תוספת ס,גרמים,200.00,100 גרם,false,,9.90,0.0495,true,1,1396521
7290012803222,false,ופל בלגי בטעם לימון,,,ופל בלגי בטעם לימון,גרמים,200.00,100 גרם,false,,9.90,0.0495,true,1,1396522
7290012803765,false,טוסו שוקולד מריר ללא,,,טוסו שוקולד מריר ללא,גרמים,10.00,100 גרם,false,,9.90,0.9900,true,1,1396524
7290012803772,false,טוסו שוקולד חלב ללא,,,טוסו שוקולד חלב ללא,גרמים,10.00,100 גרם,false,,9.90,0.9900,true,1,1396525
7290012803796,false,טוסו שוקולד חלב עם א,,,טוסו שוקולד חלב עם א,גרמים,10.00,100 גרם,false,,9.90,0.9900,true,1,1396527
7290012823381,false,מקסימה מרכך מרוכז 1,,,מקסימה מרכך מרוכז 1,מיליליטרים,1000.00,"100 מ""ל",false,,17.90,0.0179,true,1,1402521
7290012901355,false,ארוחת מקרוני עם רוטב,,,ארוחת מקרוני עם רוטב,גרמים,206.00,100 גרם,false,,12.90,0.0626,true,1,1414009
7290012901959,false,ארוחת פסטה עם רוטב ג,,,ארוחת פסטה עם רוטב ג,גרמים,156.00,100 גרם,false,,12.90,0.0827,true,1,1414049
7290012936937,false,בהרט במיכל תבליני מי,,,בהרט במיכל תבליני מי,גרמים,40.00,100 גרם,false,,11.90,0.2975,true,1,1399170
7290012936944,false,אגוז מוסקט טחון במיכ,,,אגוז מוסקט טחון במיכ,גרמים,40.00,100 גרם,false,,14.90,0.3725,true,1,1399171
7290012938580,false,סניסודיין הלבנה עדינ,,,סניסודיין הלבנה עדינ,מיליליטרים,75.00,"100 מ""ל",false,,21.90,0.2920,true,1,1408258
7290013027399,false,לחם קל פרוס 100% קמח,,,לחם קל פרוס 100% קמח,גרמים,750.00,100 גרם,false,,13.90,0.0185,true,1,1405152
7290013038432,false,מים מזוככים אקווה נו,,,מים מזוככים אקווה נו,מיליליטרים,2000.00,"100 מ""ל",false,,3.90,0.0019,true,1,1412296
7290013089809,false,מעדניה - פילה אמנון,,,מעדניה - פילה אמנון,קילוגרמים,1.00,"ק""ג",true,,30.90,30.9000,true,1,1409257
7290013117212,false,בורקס פילו גבינה מעד,,,בורקס פילו גבינה מעד,גרמים,600.00,100 גרם,false,,19.90,0.0332,true,1,1397665
7290013117526,false,בצק שמרים מרודד למאפ,,,בצק שמרים מרודד למאפ,גרמים,900.00,100 גרם,false,,22.90,0.0254,true,1,1397669
7290013144201,false,תערובת פנקייק 400 גר,,,תערובת פנקייק 400 גר,גרמים,400.00,100 גרם,false,,17.50,0.0438,true,1,1400143
7290013144249,false,פודינג שוקולד 95 גרם,,,פודינג שוקולד 95 גרם,גרמים,95.00,100 גרם,false,,5.00,0.0526,true,1,1400147
7290013144263,false,מלבי 100 גרם,,,מלבי 100 גרם,גרמים,100.00,100 גרם,false,,9.90,0.0990,true,1,1402549
7290013144317,false,ג'וני - גלילית וופל,,,ג'וני - גלילית וופל,גרמים,150.00,100 גרם,false,,22.90,0.1527,true,1,1400149
7290013144355,true,וופל הולנדי עגול,,,וופל הולנדי עגול,00000000000000000000,0.00,00000000000000000000,false,,14.90,0.0000,true,1,1399494
7290013144393,false,מימונס תמצית בטעם ונ,,,מימונס תמצית בטעם ונ,גרמים,50.00,100 גרם,false,,4.90,0.0980,true,1,1400151
7290013144409,false,מימונס תמצית בטעם רו,,,מימונס תמצית בטעם רו,גרמים,50.00,100 גרם,false,,5.20,0.1040,true,1,1400152
7290013144416,false,מימונס תמצית בטעם שק,,,מימונס תמצית בטעם שק,גרמים,50.00,100 גרם,false,,5.20,0.1040,true,1,1400153
7290013144522,false,מימונס צבע מאכל ירוק,,,מימונס צבע מאכל ירוק,גרמים,50.00,100 גרם,false,,4.50,0.0900,true,1,1400156
7290013144560,false,מימונס צבע מאכל כחול,,,מימונס צבע מאכל כחול,גרמים,50.00,100 גרם,false,,4.50,0.0900,true,1,1400158
7290013144805,false,אייס קפה לייט 250 גר,,,אייס קפה לייט 250 גר,גרמים,250.00,100 גרם,false,,20.90,0.0836,true,1,1417748
7290013144812,false,אייס קפה בטעם וניל,,,אייס קפה בטעם וניל,גרמים,320.00,100 גרם,false,,17.90,0.0559,true,1,1417749
7290013145017,false,אגוז מלך קלוף 100 גר,,,אגוז מלך קלוף 100 גר,גרמים,100.00,100 גרם,false,,12.90,0.1290,true,1,1400162
7290013145048,false,"צנוברים כשל""פ 100 גר",,,"צנוברים כשל""פ 100 גר",גרמים,100.00,100 גרם,false,,26.90,0.2690,true,1,1400164
7290013145130,false,שקד מולבן חצוי 100 ג,,,שקד מולבן חצוי 100 ג,גרמים,100.00,100 גרם,false,,13.50,0.1350,true,1,1402554
7290013145178,false,מימונס קוקוס טחון לב,,,מימונס קוקוס טחון לב,גרמים,100.00,100 גרם,false,,5.00,0.0500,true,1,1400170
7290013145192,false,מימונס שומשום 100 גר,,,מימונס שומשום 100 גר,גרמים,100.00,100 גרם,false,,4.60,0.0460,true,1,1400171
7290013145277,false,עלים לקרמשניט 300 גר,,,עלים לקרמשניט 300 גר,גרמים,300.00,100 גרם,false,,16.90,0.0563,true,1,1400173
7290013145437,false,מימונס שוקולד ציפס 4,,,מימונס שוקולד ציפס 4,גרמים,250.00,100 גרם,false,,14.90,0.0596,true,1,1400174
7290013145536,false,סוכריות שוקולד לקישו,,,סוכריות שוקולד לקישו,גרמים,85.00,100 גרם,false,,4.80,0.0565,true,1,1400176
7290013145567,false,מיני עדשים 90 גרם,,,מיני עדשים 90 גרם,גרמים,90.00,100 גרם,false,,10.90,0.1211,true,1,1400177
7290013145574,false,ערכה לקישוט (מזרה עי,,,ערכה לקישוט (מזרה עי,גרמים,100.00,100 גרם,false,,13.20,0.1320,true,1,1400178
7290013145598,true,טיפות לקישוט 60 גרם,,,טיפות לקישוט 60 גרם,00000000000000000000,0.00,00000000000000000000,false,,14.90,0.0000,true,1,1399495
7290013145628,false,מימונס סוכריות צבעונ,,,מימונס סוכריות צבעונ,גרמים,200.00,100 גרם,false,,9.90,0.0495,true,1,1400179
7290013145727,true,קליפות הדרים מסוכרים,,,קליפות הדרים מסוכרים,00000000000000000000,0.00,00000000000000000000,false,,6.80,0.0000,true,1,1399496
7290013145840,false,סוכר וניל 10 יח' בצל,,,סוכר וניל 10 יח' בצל,גרמים,100.00,100 גרם,false,,2.50,0.0250,true,1,1400182
7290013145857,false,אבקת אפיה 10 יח' בצל,,,אבקת אפיה 10 יח' בצל,גרמים,100.00,100 גרם,false,,2.50,0.0250,true,1,1400183
7290013145956,false,שמרים יבשים בואקום 5,,,שמרים יבשים בואקום 5,גרמים,500.00,100 גרם,false,,13.90,0.0278,true,1,1400188
7290013145963,false,מימונס שמרים יבשים ב,,,מימונס שמרים יבשים ב,גרמים,125.00,100 גרם,false,,5.90,0.0472,true,1,1400189
7290013146199,false,קרם נוגט לדברי מאפה,,,קרם נוגט לדברי מאפה,גרמים,400.00,100 גרם,false,,16.90,0.0422,true,1,1407206
7290013146656,false,כוכבים תכלת ירוק לבן,,,כוכבים תכלת ירוק לבן,גרמים,60.00,100 גרם,false,,11.90,0.1983,true,1,1406640
7290013146755,false,קצפת מעולה %24 שומן,,,קצפת מעולה %24 שומן,מיליליטרים,500.00,"100 מ""ל",false,,13.90,0.0278,true,1,1411968
7290013146762,false,קצפת מעולה %24 שומן,,,קצפת מעולה %24 שומן,מיליליטרים,200.00,"100 מ""ל",false,,6.90,0.0345,true,1,1411969
7290013153432,false,"סחוט לימונענע 400 מ""",,,"סחוט לימונענע 400 מ""",מיליליטרים,400.00,"100 מ""ל",false,,9.90,0.0248,true,1,1410431
7290013153593,false,מיץ תפוזים מתקתקים פ,,,מיץ תפוזים מתקתקים פ,מיליליטרים,1000.00,"100 מ""ל",false,,11.60,0.0116,true,1,1398846
7290013267665,false,מאגדת סולרו מיני קלא,,,מאגדת סולרו מיני קלא,יחידה,5.00,יחידה,false,,23.90,4.7800,true,1,1404693
7290013268020,false,סנו מרכך מרוכז אולטר,,,סנו מרכך מרוכז אולטר,מיליליטרים,1000.00,"100 מ""ל",false,,17.90,0.0179,true,1,1396412
7290013268037,false,מקסימה מרכך מרוכז 1,,,מקסימה מרכך מרוכז 1,מיליליטרים,1000.00,"100 מ""ל",false,,17.90,0.0179,true,1,1396413
7290013268372,false,פוליויקס נוזל לניקוי,,,פוליויקס נוזל לניקוי,מיליליטרים,2000.00,"100 מ""ל",false,,21.90,0.0109,true,1,1410353
7290013268884,false,ריצפז פרש מאסק 2 ליט,,,ריצפז פרש מאסק 2 ליט,מיליליטרים,2000.00,"100 מ""ל",false,,18.90,0.0094,true,1,1396414
7290013268983,false,מרכך כביסה סנו מקסימ,,,מרכך כביסה סנו מקסימ,מיליליטרים,1000.00,"100 מ""ל",false,,17.90,0.0179,true,1,1415071
7290013268990,false,מרכך מרוכז ביו 1 ליט,,,מרכך מרוכז ביו 1 ליט,מיליליטרים,1000.00,"100 מ""ל",false,,17.90,0.0179,true,1,1396416
7290013269003,false,מקסימהמרכך מרוכז 1 ל,,,מקסימהמרכך מרוכז 1 ל,מיליליטרים,1000.00,"100 מ""ל",false,,17.90,0.0179,true,1,1402902
7290013269621,false,ריצפז הום פרש - מלון,,,ריצפז הום פרש - מלון,מיליליטרים,2000.00,"100 מ""ל",false,,19.90,0.0099,true,1,1403952
7290013269867,false,סנו סושי זוג מפות חד,,,סנו סושי זוג מפות חד,יחידה,2.00,יחידה,false,,10.90,5.4500,true,1,1396420
7290013284105,true,זיתים טבעות ירוק *,,,זיתים טבעות ירוק *,00000000000000000000,0.00,00000000000000000000,false,,7.90,0.0000,true,1,1401202
7290013284112,true,זיתים חרוזית ירוק *,,,זיתים חרוזית ירוק *,00000000000000000000,0.00,00000000000000000000,false,,4.80,0.0000,true,1,1401203
7290013284136,true,מלפפון 7-9 במלח 560,,,מלפפון 7-9 במלח 560,00000000000000000000,0.00,00000000000000000000,false,,4.80,0.0000,true,1,1401204
7290013284143,true,מלפפון 10-12 במלח 56,,,מלפפון 10-12 במלח 56,00000000000000000000,0.00,00000000000000000000,false,,4.80,0.0000,true,1,1401205
7290013284174,true,מלפפון 7-9 בחומץ 560,,,מלפפון 7-9 בחומץ 560,00000000000000000000,0.00,00000000000000000000,false,,4.80,0.0000,true,1,1401206
7290013284181,true,מלפפון 10-12 בחומץ 5,,,מלפפון 10-12 בחומץ 5,00000000000000000000,0.00,00000000000000000000,false,,4.80,0.0000,true,1,1401207
7290013358356,false,פירורי לחם מוזהבים מ,,,פירורי לחם מוזהבים מ,גרמים,320.00,100 גרם,false,,7.80,0.0244,true,1,1399342
7290013358363,false,פירורי לחם בסגנון יפ,,,פירורי לחם בסגנון יפ,גרמים,300.00,100 גרם,false,,11.90,0.0397,true,1,1409421
7290013358417,false,רוטב טריאקי מאסטר שף,,,רוטב טריאקי מאסטר שף,מיליליטרים,300.00,"100 מ""ל",false,,10.90,0.0363,true,1,1409422
7290013358530,false,רוטב צ'ילי מתוק מאסט,,,רוטב צ'ילי מתוק מאסט,מיליליטרים,700.00,"100 מ""ל",false,,13.90,0.0199,true,1,1399348
7290013381088,false,עמבה הודית 500 גרם,,,עמבה הודית 500 גרם,גרמים,500.00,100 גרם,false,,9.90,0.0198,true,1,1418946
7290013381538,false,פירורי לחם נאמן 800,,,פירורי לחם נאמן 800,גרמים,800.00,100 גרם,false,,10.90,0.0136,true,1,1418950
7290013381545,false,פירורי לחם מוזהבים נ,,,פירורי לחם מוזהבים נ,גרמים,800.00,100 גרם,false,,11.90,0.0149,true,1,1418951
7290013381576,false,רוזטה תרכיז שקדים נא,,,רוזטה תרכיז שקדים נא,מיליליטרים,1000.00,"100 מ""ל",false,,25.00,0.0250,true,1,1419055
7290013381897,false,טורטיות מקמח חיטה 20,,,טורטיות מקמח חיטה 20,יחידה,8.00,יחידה,false,,10.90,1.3625,true,1,1418954
7290013381910,false,"טורטיות מדגנים 20 ס""",,,"טורטיות מדגנים 20 ס""",יחידה,8.00,יחידה,false,,10.90,1.3625,true,1,1418956
7290013381989,false,סרדינים בשמן צמחי עם,,,סרדינים בשמן צמחי עם,גרמים,125.00,100 גרם,false,,4.90,0.0392,true,1,1418958
7290013381996,false,סרדינים בשמן זית נאמ,,,סרדינים בשמן זית נאמ,גרמים,125.00,100 גרם,false,,5.90,0.0472,true,1,1418959
7290013389114,false,"לה פסטה ניוקי תפו""""א",,,"לה פסטה ניוקי תפו""""א",גרמים,500.00,100 גרם,false,,9.00,0.0180,true,1,1394826
7290013389145,false,לה פסטה ניוקי מיני 5,,,לה פסטה ניוקי מיני 5,גרמים,500.00,100 גרם,false,,9.00,0.0180,true,1,1416407
7290013430083,false,בירה אלכסנדר בלונד 3,,,בירה אלכסנדר בלונד 3,מיליליטרים,330.00,"100 מ""ל",false,,12.90,0.0391,true,1,1411392
7290013430250,false,בירה אלכסנדר חיטה יש,,,בירה אלכסנדר חיטה יש,מיליליטרים,330.00,"100 מ""ל",false,,12.90,0.0391,true,1,1411395
7290013430304,false,בירה אלכסנדר גרין 33,,,בירה אלכסנדר גרין 33,מיליליטרים,330.00,"100 מ""ל",false,,12.90,0.0391,true,1,1411396
7290013542526,false,כוסות נייר שתיה חמה,,,כוסות נייר שתיה חמה,יחידה,50.00,יחידה,false,,11.90,0.2380,true,1,1409876
7290013584144,true,ספרייט 0.5 ל',,,ספרייט 0.5 ל',00000000000000000000,0.00,00000000000000000000,false,,6.00,0.0000,true,1,1398849
7290013584175,true,ספרייט שישייה 1.5 לי,,,ספרייט שישייה 1.5 לי,ליטרים,0.00,ליטר,false,,38.90,0.0000,true,1,1398850
7290013584182,true,ספרייט 1.5 ל',,,ספרייט 1.5 ל',00000000000000000000,0.00,00000000000000000000,false,,6.00,0.0000,true,1,1398851
7290013585233,false,סליק ספרייט זירו 330,,,סליק ספרייט זירו 330,מיליליטרים,330.00,"100 מ""ל",false,,6.20,0.0188,true,1,1398854
7290013585387,false,קוקה קולה זירו בקבוק,,,קוקה קולה זירו בקבוק,מיליליטרים,1000.00,"100 מ""ל",false,,6.90,0.0069,true,1,1398858
7290013585394,false,קוקה קולה בקבוק 1 לי,,,קוקה קולה בקבוק 1 לי,מיליליטרים,1000.00,"100 מ""ל",false,,7.50,0.0075,true,1,1398859
7290013585660,true,פריגת EXTRA אננס פסי,,,פריגת EXTRA אננס פסי,00000000000000000000,0.00,00000000000000000000,false,,6.90,0.0000,true,1,1398864
7290013585684,true,פריגת EXTRA טרופי 42,,,פריגת EXTRA טרופי 42,00000000000000000000,0.00,00000000000000000000,false,,6.60,0.0000,true,1,1398866
7290013608260,false,מיץ רימונים 100% סחו,,,מיץ רימונים 100% סחו,מיליליטרים,1000.00,"100 מ""ל",false,,22.90,0.0229,true,1,1393180
7290013608277,true,מיץ רימון תפוח 100%,,,מיץ רימון תפוח 100%,00000000000000000000,0.00,00000000000000000000,false,,19.60,0.0000,true,1,1393181
7290013743824,true,"אל סבון קידס 750 מ""ל",,,"אל סבון קידס 750 מ""ל",00000000000000000000,0.00,00000000000000000000,false,,17.90,0.0000,true,1,1399497
7290013787736,false,רביולי במילוי גבינה,,,רביולי במילוי גבינה,גרמים,400.00,100 גרם,false,,21.90,0.0547,true,1,1399083
7290013843968,false,כוסות נייר שתיה חמה,,,כוסות נייר שתיה חמה,יחידה,50.00,יחידה,false,,11.90,0.2380,true,1,1400569
7290013847102,false,נתחי טונה בשמן סטארק,,,נתחי טונה בשמן סטארק,גרמים,240.00,100 גרם,false,,13.90,0.0579,true,1,1406346
7290013847645,false,טונה בהירה בשמן זית,,,טונה בהירה בשמן זית,גרמים,240.00,100 גרם,false,,17.90,0.0746,true,1,1406815
7290013847867,false,טונה בהירה בשמן קנול,,,טונה בהירה בשמן קנול,גרמים,280.00,100 גרם,false,,10.90,0.0389,true,1,1415220
7290013848758,false,ג'ל כביסה מרוכז בייב,,,ג'ל כביסה מרוכז בייב,מיליליטרים,3000.00,"100 מ""ל",false,,34.90,0.0116,true,1,1396421
7290013883407,false,מרסס לחיטוי כללי דזי,,,מרסס לחיטוי כללי דזי,מיליליטרים,750.00,"100 מ""ל",false,,13.90,0.0185,true,1,1415460
7290013906441,false,קבנוס 120 גרם טירת צ,,,קבנוס 120 גרם טירת צ,גרמים,120.00,100 גרם,false,,11.90,0.0992,true,1,1397673
7290013906519,false,פרושוטו בקר 100 גרם,,,פרושוטו בקר 100 גרם,גרמים,100.00,100 גרם,false,,28.90,0.2890,true,1,1406330
7290013927637,false,חלווה ללא תוספת סוכר,,,חלווה ללא תוספת סוכר,גרמים,400.00,100 גרם,false,,14.90,0.0373,true,1,1405013
7290014002203,false,חליטת לימונית לואיזה,,,חליטת לימונית לואיזה,יחידה,25.00,יחידה,false,,17.90,0.7160,true,1,1393882
7290014002944,false,חליטת חמדת השקד הגן,,,חליטת חמדת השקד הגן,יחידה,25.00,יחידה,false,,17.50,0.7000,true,1,1393886
7290014066380,false,קפסולות קפה תואמות נ,,,קפסולות קפה תואמות נ,יחידה,10.00,יחידה,false,,15.90,1.5900,true,1,1409424
7290014066526,false,קפסולות קפה תואמות נ,,,קפסולות קפה תואמות נ,יחידה,10.00,יחידה,false,,15.90,1.5900,true,1,1409425
7290014066533,false,קפסולות קפה תואמות נ,,,קפסולות קפה תואמות נ,יחידה,10.00,יחידה,false,,15.90,1.5900,true,1,1409426
7290014079076,true,‏נבטים אלפלפא,,,‏נבטים אלפלפא,00000000000000000000,0.00,00000000000000000000,false,,7.90,0.0000,true,1,1396912
7290014083479,false,גבינת גאודה פרוסות 2,,,גבינת גאודה פרוסות 2,גרמים,150.00,100 גרם,false,,9.90,0.0660,true,1,1395270
7290014083806,false,עוגיות בטעם חמאה 350,,,עוגיות בטעם חמאה 350,גרמים,350.00,100 גרם,false,,11.90,0.0340,true,1,1395272
7290014083813,false,שפרוטים מעושנים בשמן,,,שפרוטים מעושנים בשמן,גרמים,190.00,100 גרם,false,,8.90,0.0468,true,1,1395273
7290014089006,false,זר פרחים גדול,,,זר פרחים גדול,יחידה,1.00,יחידה,false,,28.90,28.9000,true,1,1407666
7290014089037,false,נענע בעציץ,,,נענע בעציץ,יחידה,1.00,יחידה,false,,8.90,8.9000,true,1,1407667
7290014089129,false,רקפת בעציץ,,,רקפת בעציץ,יחידה,1.00,יחידה,false,,19.90,19.9000,true,1,1407675
7290014089143,false,בזיליקום בעציץ,,,בזיליקום בעציץ,יחידה,1.00,יחידה,false,,8.90,8.9000,true,1,1407677
7290014089358,false,טגטס בעציץ,,,טגטס בעציץ,יחידה,1.00,יחידה,false,,8.90,8.9000,true,1,1407688
7290014089570,false,אמנון ותמר בעציץ,,,אמנון ותמר בעציץ,יחידה,1.00,יחידה,false,,8.90,8.9000,true,1,1407704
7290014089662,false,חרצית בעציץ,,,חרצית בעציץ,יחידה,1.00,יחידה,false,,14.90,14.9000,true,1,1407710
7290014094543,false,תרסיס שמן קנולה שקדי,,,תרסיס שמן קנולה שקדי,מיליליטרים,170.00,"100 מ""ל",false,,14.90,0.0876,true,1,1414410
7290014094642,false,קשיו טבעי 250 בקופסא,,,קשיו טבעי 250 בקופסא,גרמים,250.00,100 גרם,false,,24.90,0.0996,true,1,1417092
7290014094826,false,שזיף מיובש מגולען שק,,,שזיף מיובש מגולען שק,גרמים,300.00,100 גרם,false,,21.90,0.0730,true,1,1417095
7290014094833,false,צימוק בהיר שקית 300,,,צימוק בהיר שקית 300,גרמים,300.00,100 גרם,false,,14.90,0.0497,true,1,1417096
7290014094840,false,צימוק כהה שקית 300 ג,,,צימוק כהה שקית 300 ג,גרמים,300.00,100 גרם,false,,11.90,0.0397,true,1,1417097
7290014094857,false,פקאן סיני מסוכר 150,,,פקאן סיני מסוכר 150,גרמים,150.00,100 גרם,false,,19.90,0.1327,true,1,1412381
7290014094864,false,פיסטוק קלוי 170 גר',,,פיסטוק קלוי 170 גר',גרמים,170.00,100 גרם,false,,19.90,0.1171,true,1,1412382
7290014094901,false,פקאן טבעי 150 גר' שק,,,פקאן טבעי 150 גר' שק,גרמים,150.00,100 גרם,false,,19.90,0.1327,true,1,1412383
7290014126428,false,סטיביה 150 טבליות,,,סטיביה 150 טבליות,יחידה,150.00,יחידה,false,,27.90,0.1860,true,1,1396529
7290014126824,true,ממתיק נוזלי על בסיס,,,ממתיק נוזלי על בסיס,00000000000000000000,0.00,00000000000000000000,false,,26.30,0.0000,true,1,1399498
7290014138988,false,לפידונים נוזלי קופסא,,,לפידונים נוזלי קופסא,יחידה,44.00,יחידה,false,,56.90,1.2932,true,1,1404753
7290014218932,false,חטיפי פיצה בתוספת זי,,,חטיפי פיצה בתוספת זי,גרמים,710.00,100 גרם,false,,32.90,0.0463,true,1,1406337
7290014256620,false,יין מבעבע אדום באז ק,,,יין מבעבע אדום באז ק,מיליליטרים,750.00,"100 מ""ל",false,,27.90,0.0372,true,1,1401664
7290014256637,false,יין מבעבע לבן מתוק ב,,,יין מבעבע לבן מתוק ב,מיליליטרים,750.00,"100 מ""ל",false,,27.90,0.0372,true,1,1401665
7290014397170,false,מילוי פרש ונילה ולבנ,,,מילוי פרש ונילה ולבנ,מיליליטרים,250.00,"100 מ""ל",false,,13.90,0.0556,true,1,1396422
7290014435827,false,פילה מקרל מעושן בשמן,,,פילה מקרל מעושן בשמן,גרמים,230.00,100 גרם,false,,24.90,0.1083,true,1,1415247
7290014435834,false,מקרל מעושן פרוס בשמן,,,מקרל מעושן פרוס בשמן,גרמים,180.00,100 גרם,false,,24.90,0.1383,true,1,1415248
7290014435889,false,סלט מטיאס עם מיונז 1,,,סלט מטיאס עם מיונז 1,גרמים,180.00,100 גרם,false,,19.90,0.1106,true,1,1415251
7290014455245,false,גבינת גרנה פדנו קשה,,,גבינת גרנה פדנו קשה,גרמים,200.00,100 גרם,false,,25.90,0.1295,true,1,1399042
7290014455252,false,פרמז'ן גרנה פדנו מגו,,,פרמז'ן גרנה פדנו מגו,גרמים,100.00,100 גרם,false,,12.40,0.1240,true,1,1399043
7290014455320,false,מוצרלה פרסקה 100 גרם,,,מוצרלה פרסקה 100 גרם,גרמים,100.00,100 גרם,false,,9.80,0.0980,true,1,1399044
7290014455467,false,מעדן שיבולת שועל וחל,,,מעדן שיבולת שועל וחל,גרמים,150.00,100 גרם,false,,5.90,0.0393,true,1,1399045
7290014471436,false,מוזלי צימוקים תפוח ק,,,מוזלי צימוקים תפוח ק,גרמים,1000.00,100 גרם,false,,21.90,0.0219,true,1,1409853
7290014471443,false,גרנולה צימוקים ואגוז,,,גרנולה צימוקים ואגוז,גרמים,1000.00,100 גרם,false,,19.90,0.0199,true,1,1408334
7290014472136,false,גרעין שחור קלוי  150,,,גרעין שחור קלוי  150,גרמים,150.00,100 גרם,false,,4.90,0.0327,true,1,1419434
7290014472990,false,ממרח 100% שקדים שקדי,,,ממרח 100% שקדים שקדי,גרמים,300.00,100 גרם,false,,33.90,0.1130,true,1,1412387
7290014503137,false,יין אדום יבש כנען יק,,,יין אדום יבש כנען יק,מיליליטרים,750.00,"100 מ""ל",false,,41.90,0.0559,true,1,1397729
7290014673007,false,תערובת עשבי תיבול בס,,,תערובת עשבי תיבול בס,גרמים,40.00,100 גרם,false,,11.90,0.2975,true,1,1414539
7290014673038,false,תערובת תיבול טוסקנה,,,תערובת תיבול טוסקנה,גרמים,120.00,100 גרם,false,,11.90,0.0992,true,1,1414540
7290014673045,false,תערובת תיבול לצ'יפס,,,תערובת תיבול לצ'יפס,גרמים,100.00,100 גרם,false,,11.90,0.1190,true,1,1414541
7290014673052,false,תערובת תיבול לתפוחי,,,תערובת תיבול לתפוחי,גרמים,120.00,100 גרם,false,,11.90,0.0992,true,1,1414542
7290014673137,false,תערובת תיבול לפיצה 1,,,תערובת תיבול לפיצה 1,גרמים,100.00,100 גרם,false,,11.90,0.1190,true,1,1414544
7290014673434,false,פלפל שחור גרוס דק בש,,,פלפל שחור גרוס דק בש,גרמים,80.00,100 גרם,false,,8.90,0.1113,true,1,1399180
7290014692541,false,אמה מגורדת 500 גרם E,,,אמה מגורדת 500 גרם E,גרמים,500.00,100 גרם,false,,22.90,0.0458,true,1,1395276
7290014692565,false,גרעיני תירס מתוק ויל,,,גרעיני תירס מתוק ויל,גרמים,320.00,100 גרם,false,,5.90,0.0184,true,1,1410524
7290014692749,false,שמן זית כתית מעולה ו,,,שמן זית כתית מעולה ו,גרמים,750.00,100 גרם,false,,32.90,0.0439,true,1,1416939
7290014692817,false,מוצרלה מגורדת חצי קש,,,מוצרלה מגורדת חצי קש,גרמים,200.00,100 גרם,false,,14.80,0.0740,true,1,1395277
7290014749245,false,צ'ונגו רצועות שניצל,,,צ'ונגו רצועות שניצל,100 0,600.00,100 0,false,,34.90,0.0582,true,1,1409695
7290014749764,false,שניצל עוף ביתי עדין,,,שניצל עוף ביתי עדין,גרמים,700.00,100 גרם,false,,44.90,0.0641,true,1,1410494
7290014758117,false,יוגורט ביו 1.5% תנוב,,,יוגורט ביו 1.5% תנוב,יחידה,8.00,יחידה,false,,16.90,2.1125,true,1,1397479
7290014759084,false,נפוליאון גבינת שמנת,,,נפוליאון גבינת שמנת,גרמים,225.00,100 גרם,false,,13.90,0.0618,true,1,1397482
7290014759909,false,פטה עיזים 5% פיראוס,,,פטה עיזים 5% פיראוס,גרמים,250.00,100 גרם,false,,27.90,0.1116,true,1,1397483
7290014759978,false,קצקבל גלעד 27% פלח 2,,,קצקבל גלעד 27% פלח 2,גרמים,200.00,100 גרם,false,,25.90,0.1295,true,1,1397484
7290014759985,false,פלח פרמזן גבע 23% 20,,,פלח פרמזן גבע 23% 20,גרמים,200.00,100 גרם,false,,23.90,0.1195,true,1,1397485
7290014759992,false,פלח רוקפור גליל 27%,,,פלח רוקפור גליל 27%,גרמים,140.00,100 גרם,false,,18.90,0.1350,true,1,1403457
7290014760134,false,מאגדת מעדן סויה וניל,,,מאגדת מעדן סויה וניל,גרמים,250.00,100 גרם,false,,4.20,0.0168,true,1,1397489
7290014760141,false,משקה שקדים טרי 1 ליט,,,משקה שקדים טרי 1 ליט,מיליליטרים,1000.00,"100 מ""ל",false,,12.90,0.0129,true,1,1397490
7290014761056,false,מעדן חלב עם שוקולד ח,,,מעדן חלב עם שוקולד ח,גרמים,123.00,100 גרם,false,,4.70,0.0382,true,1,1397492
7290014761063,false,מעדן חלב עם שוקולד מ,,,מעדן חלב עם שוקולד מ,גרמים,123.00,100 גרם,false,,4.70,0.0382,true,1,1397493
7290014761070,false,מעדן חלב עם שוקולד ל,,,מעדן חלב עם שוקולד ל,גרמים,123.00,100 גרם,false,,4.70,0.0382,true,1,1397494
7290014761193,false,פרילי פירות יער 1.5%,,,פרילי פירות יער 1.5%,מיליליטרים,125.00,"100 מ""ל",false,,3.50,0.0280,true,1,1417339
7290014761612,false,מעדן שכבות שוקולד לב,,,מעדן שכבות שוקולד לב,גרמים,123.00,100 גרם,false,,4.70,0.0382,true,1,1397498
7290014762282,true,דיאט יופלה אוכמניות,,,דיאט יופלה אוכמניות,00000000000000000000,0.00,00000000000000000000,false,,4.80,0.0000,true,1,1397509
7290014762756,false,נפוליאון גבינת שמנת,,,נפוליאון גבינת שמנת,גרמים,225.00,100 גרם,false,,13.90,0.0618,true,1,1397510
7290014762800,false,מעדן סויה שוקולד גבי,,,מעדן סויה שוקולד גבי,גרמים,125.00,100 גרם,false,,4.20,0.0336,true,1,1397513
7290014762831,false,נפוליאון גבינת שמנת,,,נפוליאון גבינת שמנת,גרמים,225.00,100 גרם,false,,13.90,0.0618,true,1,1397515
7290014762909,false,מוצרלה פתיתים 20% שו,,,מוצרלה פתיתים 20% שו,גרמים,200.00,100 גרם,false,,15.90,0.0795,true,1,1397516
7290014763272,false,יוגורט סויה לשתיה תו,,,יוגורט סויה לשתיה תו,מיליליטרים,250.00,"100 מ""ל",false,,5.80,0.0232,true,1,1397517
7290014763890,true,חלב לקפה אגוזי לוז,,,חלב לקפה אגוזי לוז,מיליליטרים,0.00,"00000000000000000מ""ל",false,,5.90,0.0000,true,1,1397527
7290014803213,false,חומץ בן יין לבן 5% 5,,,חומץ בן יין לבן 5% 5,מיליליטרים,500.00,"100 מ""ל",false,,15.90,0.0318,true,1,1418961
7290014803565,false,צנימים עגולים עם קמח,,,צנימים עגולים עם קמח,גרמים,300.00,100 גרם,false,,13.90,0.0463,true,1,1418963
7290014803770,false,סילאן סירופ תמרים נא,,,סילאן סירופ תמרים נא,גרמים,900.00,100 גרם,false,,14.90,0.0166,true,1,1418965
7290014803923,false,שקית רוכסן ריצ'רץ' ג,,,שקית רוכסן ריצ'רץ' ג,יחידה,1.00,יחידה,false,,13.90,13.9000,true,1,1418966
7290014821569,false,כבל 2 מטר אייפון,,,כבל 2 מטר אייפון,יחידה,1.00,יחידה,false,,29.90,29.9000,true,1,1400705
7290014860155,false,מחצלת במבו שטוחה 24X,,,מחצלת במבו שטוחה 24X,יחידה,1.00,יחידה,false,,7.90,7.9000,true,1,1397901
7290014890145,false,גבינת שמנת טבעית 225,,,גבינת שמנת טבעית 225,גרמים,225.00,100 גרם,false,,10.90,0.0484,true,1,1401057
7290014890176,false,ריקוטה 250 גרם,,,ריקוטה 250 גרם,גרמים,250.00,100 גרם,false,,10.90,0.0436,true,1,1404649
7290014890237,false,גבינת קממבר בייבי 12,,,גבינת קממבר בייבי 12,גרמים,125.00,100 גרם,false,,14.70,0.1176,true,1,1401060
7290014901988,false,משחת שיניים מלבינה ס,,,משחת שיניים מלבינה ס,מיליליטרים,75.00,"100 מ""ל",false,,25.90,0.3453,true,1,1408261
7290014905207,false,ג'ל כחול מבושם לניקו,,,ג'ל כחול מבושם לניקו,מיליליטרים,750.00,"100 מ""ל",false,,10.90,0.0145,true,1,1415461
7290014905696,false,נוזל לכלים - 24% חומ,,,נוזל לכלים - 24% חומ,מיליליטרים,750.00,"100 מ""ל",false,,8.90,0.0119,true,1,1415463
7290014905733,false,מרסס לניקוי חלונות ה,,,מרסס לניקוי חלונות ה,מיליליטרים,750.00,"100 מ""ל",false,,8.90,0.0119,true,1,1415464
7290014910461,false,"ערק יודה 700 מ""ל",,,"ערק יודה 700 מ""ל",מיליליטרים,700.00,"100 מ""ל",false,,59.90,0.0856,true,1,1408344
7290014910515,false,שפרוטים מעושנים ריגה,,,שפרוטים מעושנים ריגה,גרמים,440.00,100 גרם,false,,11.90,0.0270,true,1,1408362
7290014918009,false,דלי איכותי,,,דלי איכותי,יחידה,1.00,יחידה,false,,17.90,17.9000,true,1,1408621
7290014940901,false,לחם פשוט מלא 750 גרם,,,לחם פשוט מלא 750 גרם,גרמים,750.00,100 גרם,false,,13.90,0.0185,true,1,1405153
7290014974869,false,רולים שוקולד ללא גלו,,,רולים שוקולד ללא גלו,גרמים,100.00,100 גרם,false,,7.50,0.0750,true,1,1403786
7290015014082,false,לבבות קיסר 250 גרם,,,לבבות קיסר 250 גרם,גרמים,250.00,100 גרם,false,,10.90,0.0436,true,1,1420304
7290015014182,false,לבבות קיסר בשקית רמי,,,לבבות קיסר בשקית רמי,יחידה,1.00,יחידה,false,,9.90,9.9000,true,1,1403608
7290015014274,false,צנוניות רמי לוי 500,,,צנוניות רמי לוי 500,גרמים,500.00,100 גרם,false,,5.90,0.0118,true,1,1403610
7290015014427,false,אורגנו,,,אורגנו,יחידה,1.00,יחידה,false,,5.90,5.9000,true,1,1403611
7290015014458,false,מרווה,,,מרווה,יחידה,1.00,יחידה,false,,5.90,5.9000,true,1,1403612
7290015014465,false,רוזמרין,,,רוזמרין,יחידה,1.00,יחידה,false,,5.90,5.9000,true,1,1403613
7290015014472,false,טימין תקומה,,,טימין תקומה,יחידה,1.00,יחידה,false,,5.90,5.9000,true,1,1403614
7290015039246,false,נתחי טונה בהירה בשמן,,,נתחי טונה בהירה בשמן,גרמים,640.00,100 גרם,false,,21.90,0.0342,true,1,1395279
7290015039338,false,נתחי טונה במי מלח וי,,,נתחי טונה במי מלח וי,גרמים,640.00,100 גרם,false,,21.90,0.0342,true,1,1395280
7290015057851,true,מיץ תפוזים עדה חרדית,,,מיץ תפוזים עדה חרדית,00000000000000000000,0.00,00000000000000000000,false,,7.60,0.0000,true,1,1395146
7290015139090,true,לקקן כדורגל,,,לקקן כדורגל,00000000000000000000,0.00,00000000000000000000,false,,9.80,0.0000,true,1,1399501
7290015139229,true,מטבעות שוקולד חלב זה,,,מטבעות שוקולד חלב זה,00000000000000000000,0.00,00000000000000000000,false,,3.90,0.0000,true,1,1399502
7290015139731,true,שלשות שוקולד מריר 85,,,שלשות שוקולד מריר 85,גרמים,0.00,00000000000000000גרם,false,,10.90,0.0000,true,1,1394965
7290015139762,true,שלשות שוקולד מריר עם,,,שלשות שוקולד מריר עם,גרמים,0.00,00000000000000000גרם,false,,10.90,0.0000,true,1,1394967
7290015150088,false,מחית עגבניות קלה גרא,,,מחית עגבניות קלה גרא,גרמים,700.00,100 גרם,false,,12.30,0.0176,true,1,1393892
7290015150118,false,עגבניות חתוכות דק 3*,,,עגבניות חתוכות דק 3*,גרמים,1200.00,100 גרם,false,,16.80,0.0140,true,1,1393893
7290015150200,false,עגבניות חתוכות דק 40,,,עגבניות חתוכות דק 40,גרמים,400.00,100 גרם,false,,7.90,0.0198,true,1,1418330
7290015155830,false,פאוץ' פרינוק תפוח בנ,,,פאוץ' פרינוק תפוח בנ,גרמים,120.00,100 גרם,false,,6.50,0.0542,true,1,1395502
7290015156813,false,פאוץ' פרינוק פירות מ,,,פאוץ' פרינוק פירות מ,גרמים,120.00,100 גרם,false,,6.50,0.0542,true,1,1418385
7290015164832,false,מחית קארי ירוקה 400,,,מחית קארי ירוקה 400,גרמים,400.00,100 גרם,false,,19.90,0.0497,true,1,1410087
7290015193559,false,אובלטים מלוחים מעדני,,,אובלטים מלוחים מעדני,גרמים,300.00,100 גרם,false,,9.90,0.0330,true,1,1414535
7290015193566,false,אובלטים שומשום מעדני,,,אובלטים שומשום מעדני,גרמים,300.00,100 גרם,false,,9.90,0.0330,true,1,1414536
7290015193573,false,ווק אטריות אורז עובי,,,ווק אטריות אורז עובי,גרמים,400.00,100 גרם,false,,9.90,0.0248,true,1,1405241
7290015193634,false,אובלטים קימל מעדני מ,,,אובלטים קימל מעדני מ,גרמים,300.00,100 גרם,false,,9.90,0.0330,true,1,1414537
7290015193832,false,ארומה קרקר שומשום 30,,,ארומה קרקר שומשום 30,גרמים,300.00,100 גרם,false,,7.50,0.0250,true,1,1404123
7290015282024,false,איקרה לבנה 200 גרם,,,איקרה לבנה 200 גרם,גרמים,200.00,100 גרם,false,,13.90,0.0695,true,1,1415255
7290015282581,false,חומוס אבו גוש עם חרי,,,חומוס אבו גוש עם חרי,גרמים,200.00,100 גרם,false,,10.90,0.0545,true,1,1415256
7290015282598,false,חומוס מסעדות 200 גרם,,,חומוס מסעדות 200 גרם,גרמים,200.00,100 גרם,false,,10.90,0.0545,true,1,1415257
7290015282628,false,חציל בטעם כבד 200 גר,,,חציל בטעם כבד 200 גר,גרמים,200.00,100 גרם,false,,11.90,0.0595,true,1,1415259
7290015282673,false,חציל במיונז ביתי 200,,,חציל במיונז ביתי 200,גרמים,200.00,100 גרם,false,,10.90,0.0545,true,1,1415260
7290015282697,false,כרוב אדום 200 גרם,,,כרוב אדום 200 גרם,גרמים,200.00,100 גרם,false,,11.90,0.0595,true,1,1415261
7290015282741,false,חציל תאילנדי 200 גרם,,,חציל תאילנדי 200 גרם,גרמים,200.00,100 גרם,false,,11.90,0.0595,true,1,1415262
7290015350402,false,יין רוזה מוסקט ורוד,,,יין רוזה מוסקט ורוד,מיליליטרים,750.00,"100 מ""ל",false,,48.20,0.0643,true,1,1396839
7290015366359,false,מכשיר יתושים 8 שעות,,,מכשיר יתושים 8 שעות,100 יחידה,1.00,100 יחידה,false,,28.90,28.9000,true,1,1412007
7290015437479,true,עגבניות חתוכות 400 ג,,,עגבניות חתוכות 400 ג,גרמים,0.00,00000000000000000גרם,false,,5.00,0.0000,true,1,1394833
7290015530910,false,חלה חצי מתוקה 350 גר,,,חלה חצי מתוקה 350 גר,גרמים,350.00,100 גרם,false,,5.90,0.0169,true,1,1394913
7290015597326,false,קרחוני אייס לייט לימ,,,קרחוני אייס לייט לימ,יחידה,10.00,יחידה,false,,24.90,2.4900,true,1,1406365
7290015597937,false,קורנטו קלאסיק וניל,,,קורנטו קלאסיק וניל,יחידה,1.00,יחידה,false,,6.90,6.9000,true,1,1404696
7290015603188,false,איטריות ביצים 454 גר,,,איטריות ביצים 454 גר,גרמים,454.00,100 גרם,false,,10.90,0.0240,true,1,1397902
7290015603195,false,אטריות תרד 454 גרם,,,אטריות תרד 454 גרם,גרמים,454.00,100 גרם,false,,10.90,0.0240,true,1,1397903
7290015603218,false,איטריות עם עגבניות 4,,,איטריות עם עגבניות 4,גרמים,454.00,100 גרם,false,,10.90,0.0240,true,1,1397905
7290015603225,false,איטריות עם גזר 454 ג,,,איטריות עם גזר 454 ג,גרמים,454.00,100 גרם,false,,10.90,0.0240,true,1,1397906
7290015603232,false,איטריות עם דלעת 454,,,איטריות עם דלעת 454,גרמים,454.00,100 גרם,false,,10.90,0.0240,true,1,1397907
7290015603522,false,נוזל אגוזי קוקוס 5-7,,,נוזל אגוזי קוקוס 5-7,מיליליטרים,400.00,"100 מ""ל",false,,6.90,0.0173,true,1,1397908
7290015603560,false,קרם קוקוס 20% - 22%,,,קרם קוקוס 20% - 22%,מיליליטרים,400.00,"100 מ""ל",false,,9.90,0.0248,true,1,1397909
7290015603584,false,ג'ינגר לבן כבוש ללא,,,ג'ינגר לבן כבוש ללא,גרמים,160.00,100 גרם,false,,7.90,0.0494,true,1,1397910
7290015644297,false,לחמניות פשוט מלא אנג,,,לחמניות פשוט מלא אנג,יחידה,6.00,יחידה,false,,11.10,1.8500,true,1,1405154
7290015644433,false,לחם צרפתי שיפון 100%,,,לחם צרפתי שיפון 100%,גרמים,650.00,100 גרם,false,,15.90,0.0245,true,1,1405155
7290015652070,false,קשיו קלוי 150 גרם שק,,,קשיו קלוי 150 גרם שק,גרמים,150.00,100 גרם,false,,12.90,0.0860,true,1,1412388
7290015681100,false,שניצלונים בציפוי שומ,,,שניצלונים בציפוי שומ,גרמים,600.00,100 גרם,false,,24.90,0.0415,true,1,1406137
7290015681117,false,חטיפי עוף רמי לוי 60,,,חטיפי עוף רמי לוי 60,גרמים,600.00,100 גרם,false,,24.90,0.0415,true,1,1406138
7290015681131,false,שניצלוני גן חיות רמי,,,שניצלוני גן חיות רמי,גרמים,600.00,100 גרם,false,,24.90,0.0415,true,1,1406139
7290015681155,false,כוכבי תירס רמי לוי 6,,,כוכבי תירס רמי לוי 6,גרמים,600.00,100 גרם,false,,19.90,0.0332,true,1,1406141
7290015681162,false,שניצל תירס רמי לוי 7,,,שניצל תירס רמי לוי 7,גרמים,750.00,100 גרם,false,,19.90,0.0265,true,1,1406142
7290015681186,false,שניצל עוף אמיתי בציפ,,,שניצל עוף אמיתי בציפ,גרמים,700.00,100 גרם,false,,27.90,0.0399,true,1,1406144
7290015681209,false,רצועות הודו צ'ונגו ב,,,רצועות הודו צ'ונגו ב,גרמים,650.00,100 גרם,false,,29.90,0.0460,true,1,1406145
7290015781077,false,יין ויז'ן קברנה סובנ,,,יין ויז'ן קברנה סובנ,מיליליטרים,750.00,"100 מ""ל",false,,39.90,0.0532,true,1,1419404
7290015821179,false,כוסות נייר שתיה חמה,,,כוסות נייר שתיה חמה,יחידה,50.00,יחידה,false,,11.90,0.2380,true,1,1416104
7290015834209,false,רמי לוי צ'יפס קלאסי,,,רמי לוי צ'יפס קלאסי,גרמים,2000.00,100 גרם,false,,23.90,0.0119,true,1,1399090
7290015834445,false,רמי לוי סטיק צ'יפס 2,,,רמי לוי סטיק צ'יפס 2,גרמים,2000.00,100 גרם,false,,23.90,0.0119,true,1,1399092
7290015835039,false,כריות יפניות עבות רמ,,,כריות יפניות עבות רמ,יחידה,6.00,יחידה,false,,8.90,1.4833,true,1,1401851
7290015835060,false,כריות קרצוף 10 יחידו,,,כריות קרצוף 10 יחידו,יחידה,10.00,יחידה,false,,5.90,0.5900,true,1,1401852
7290015835077,false,ברזלית 4 יח במארז,,,ברזלית 4 יח במארז,יחידה,4.00,יחידה,false,,7.90,1.9750,true,1,1412141
7290015835114,false,צמר פלדה 100 גרם,,,צמר פלדה 100 גרם,גרמים,100.00,100 גרם,false,,4.50,0.0450,true,1,1408027
7290015835121,false,מטליות רמי לוי 9 יח,,,מטליות רמי לוי 9 יח,יחידה,9.00,יחידה,false,,8.90,0.9889,true,1,1401854
7290015835411,false,גרנולה עם צימוקים וא,,,גרנולה עם צימוקים וא,גרמים,400.00,100 גרם,false,,10.90,0.0273,true,1,1407529
7290015835435,false,מוזלי אגוזים רמי לוי,,,מוזלי אגוזים רמי לוי,גרמים,400.00,100 גרם,false,,10.40,0.0260,true,1,1407530
7290015835756,false,שיבולת שועל דקה 500,,,שיבולת שועל דקה 500,גרמים,500.00,100 גרם,false,,4.90,0.0098,true,1,1401811
7290015835763,false,שיבולת שועל עבה 500,,,שיבולת שועל עבה 500,גרמים,500.00,100 גרם,false,,4.90,0.0098,true,1,1401812
7290015835978,false,ממחטות טישו רמי לוי,,,ממחטות טישו רמי לוי,יחידה,5.00,יחידה,false,,13.90,2.7800,true,1,1402912
7290015848862,true,אולטרסול תחליב הגנה,,,אולטרסול תחליב הגנה,00000000000000000000,0.00,00000000000000000000,false,,39.90,0.0000,true,1,1399503
7290015848886,true,אולטרסול קידס,,,אולטרסול קידס,00000000000000000000,0.00,00000000000000000000,false,,39.90,0.0000,true,1,1399504
7290015848992,true,אולטרסול קידס קרם פנ,,,אולטרסול קידס קרם פנ,00000000000000000000,0.00,00000000000000000000,false,,29.90,0.0000,true,1,1399507
7290015858106,false,ממרח פסטו ביתי עללחם,,,ממרח פסטו ביתי עללחם,גרמים,180.00,100 גרם,false,,15.90,0.0883,true,1,1411438
7290015858144,false,ממרח ארטישוק עללחם 1,,,ממרח ארטישוק עללחם 1,גרמים,180.00,100 גרם,false,,16.90,0.0939,true,1,1412319
7290015858243,false,צ'ימיצ'ורי עללחם 180,,,צ'ימיצ'ורי עללחם 180,גרמים,180.00,100 גרם,false,,15.90,0.0883,true,1,1412322
7290015858434,false,שום כתוש עללחם 250 ג,,,שום כתוש עללחם 250 ג,גרמים,250.00,100 גרם,false,,13.90,0.0556,true,1,1412326
7290015858441,false,איולי פלפלים עללחם 2,,,איולי פלפלים עללחם 2,גרמים,295.00,100 גרם,false,,15.90,0.0539,true,1,1419462
7290015858687,false,איולי שום עללחם 295,,,איולי שום עללחם 295,גרמים,295.00,100 גרם,false,,15.90,0.0539,true,1,1419463
7290015858694,false,איולי שום לימון עללח,,,איולי שום לימון עללח,גרמים,295.00,100 גרם,false,,15.90,0.0539,true,1,1419464
7290015866132,false,כרובית,,,כרובית,יח',1.00,יח',false,,9.90,9.9000,true,1,1411899
7290015899239,false,אקונומיקה מבושמת רמי,,,אקונומיקה מבושמת רמי,מיליליטרים,4000.00,"100 מ""ל",false,,11.90,0.0030,true,1,1404992
7290015899246,false,מרכך כביסה צהוב 4 לי,,,מרכך כביסה צהוב 4 לי,מיליליטרים,4000.00,"100 מ""ל",false,,16.90,0.0042,true,1,1405545
7290015899253,false,מרכך כביסה ורוד 4 לי,,,מרכך כביסה ורוד 4 לי,מיליליטרים,4000.00,"100 מ""ל",false,,16.90,0.0042,true,1,1405546
7290015899260,false,מרכך כביסה לבן 4 ליט,,,מרכך כביסה לבן 4 ליט,מיליליטרים,4000.00,"100 מ""ל",false,,16.90,0.0042,true,1,1405547
7290015899277,false,מרכך כביסה כחול 4 לי,,,מרכך כביסה כחול 4 לי,מיליליטרים,4000.00,"100 מ""ל",false,,16.90,0.0042,true,1,1405548
7290015899307,false,מרכך מרוכז ורוד רמי,,,מרכך מרוכז ורוד רמי,מיליליטרים,1000.00,"100 מ""ל",false,,9.90,0.0099,true,1,1404986
7290015996754,true,סוכרזית סטיוויה 300,,,סוכרזית סטיוויה 300,00000000000000000000,0.00,00000000000000000000,false,,31.90,0.0000,true,1,1401209
7290016006025,false,"שוופס סודה 500 מ""ל",,,"שוופס סודה 500 מ""ל",מיליליטרים,500.00,"100 מ""ל",false,,3.90,0.0078,true,1,1394757
7290016006346,false,שישיית שוופס סודה 50,,,שישיית שוופס סודה 50,מיליליטרים,3000.00,"100 מ""ל",false,,14.20,0.0047,true,1,1394760
7290016087024,true,זיתים ירוקים בינוניי,,,זיתים ירוקים בינוניי,00000000000000000000,0.00,00000000000000000000,false,,6.90,0.0000,true,1,1401210
7290016087116,true,רוטב עגבניות מתובל ב,,,רוטב עגבניות מתובל ב,00000000000000000000,0.00,00000000000000000000,false,,4.80,0.0000,true,1,1401211
7290016087123,false,פריניר רוטב פסטה קלא,,,פריניר רוטב פסטה קלא,גרמים,240.00,100 גרם,false,,5.50,0.0229,true,1,1410035
7290016087147,false,פריניר רוטב פיצה מרג,,,פריניר רוטב פיצה מרג,גרמים,240.00,100 גרם,false,,5.50,0.0229,true,1,1398667
7290016087192,false,פריניר עגבניות מרוסק,,,פריניר עגבניות מרוסק,גרמים,230.00,100 גרם,false,,5.50,0.0239,true,1,1401212
7290016087208,false,פריניר עגבניות מרוסק,,,פריניר עגבניות מרוסק,גרמים,230.00,100 גרם,false,,5.50,0.0239,true,1,1401213
7290016087215,false,פריניר עגבניות מרוסק,,,פריניר עגבניות מרוסק,גרמים,240.00,100 גרם,false,,5.50,0.0229,true,1,1401214
7290016087222,false,פריניר רוטב עגבניות,,,פריניר רוטב עגבניות,גרמים,230.00,100 גרם,false,,5.50,0.0239,true,1,1398668
7290016087239,false,פריניר שקשוקה חריף 2,,,פריניר שקשוקה חריף 2,גרמים,230.00,100 גרם,false,,5.50,0.0239,true,1,1398669
7290016087499,false,עגבניות חתוכות דק פר,,,עגבניות חתוכות דק פר,גרמים,400.00,100 גרם,false,,12.90,0.0323,true,1,1398670
7290016094008,true,אולטרסול מבוגרים קרם,,,אולטרסול מבוגרים קרם,00000000000000000000,0.00,00000000000000000000,false,,29.90,0.0000,true,1,1399508
7290016094091,true,אולטרסול קידס קוליפה,,,אולטרסול קידס קוליפה,00000000000000000000,0.00,00000000000000000000,false,,39.90,0.0000,true,1,1399511
7290016094824,true,אולטרסול ספריי שמן א,,,אולטרסול ספריי שמן א,00000000000000000000,0.00,00000000000000000000,false,,39.90,0.0000,true,1,1399512
7290016106411,false,"פרוסות מנגו בסירופ """,,,"פרוסות מנגו בסירופ """,גרמים,425.00,100 גרם,false,,6.90,0.0162,true,1,1395157
7290016135718,true,כוס אימון עם ידיות 1,,,כוס אימון עם ידיות 1,000000000000000יחידה,0.00,000000000000000יחידה,false,,17.90,0.0000,true,1,1403116
7290016136043,true,פירורי לחם ללא גלוטן,,,פירורי לחם ללא גלוטן,00000000000000000000,0.00,00000000000000000000,false,,14.90,0.0000,true,1,1399514
7290016144031,false,קמח חיטה לבן מנופה נ,,,קמח חיטה לבן מנופה נ,גרמים,1000.00,100 גרם,false,,7.90,0.0079,true,1,1408137
7290016144048,false,קמח כוסמין לבן נפלאו,,,קמח כוסמין לבן נפלאו,גרמים,1000.00,100 גרם,false,,17.90,0.0179,true,1,1408141
7290016144062,false,קמח שיפון מלא נפלאות,,,קמח שיפון מלא נפלאות,קילוגרמים,1.00,"100 ק""ג",false,,12.20,12.2000,true,1,1417662
7290016150117,false,סלק מבושל בוואקום,,,סלק מבושל בוואקום,גרמים,500.00,100 גרם,false,,5.90,0.0118,true,1,1403904
7290016217971,false,נסיכת הנילוס מעושנת,,,נסיכת הנילוס מעושנת,גרמים,100.00,100 גרם,false,,21.90,0.2190,true,1,1415266
7290016233773,true,רוטב טריאקי כשלפ 300,,,רוטב טריאקי כשלפ 300,גרמים,0.00,00000000000000000גרם,false,,5.00,0.0000,true,1,1394838
7290016233995,false,אנשובי בפח עם שמן זי,,,אנשובי בפח עם שמן זי,גרמים,45.00,100 גרם,false,,6.90,0.1533,true,1,1416414
7290016234008,false,אנשובי צנצנת עם שמן,,,אנשובי צנצנת עם שמן,גרמים,100.00,100 גרם,false,,10.90,0.1090,true,1,1416415
7290016255324,false,פותח סתימות בצנרת ני,,,פותח סתימות בצנרת ני,מיליליטרים,1000.00,"100 מ""ל",false,,12.90,0.0129,true,1,1404994
7290016255737,false,מרכך כביסה סגול לוונ,,,מרכך כביסה סגול לוונ,מיליליטרים,4000.00,"100 מ""ל",false,,16.90,0.0042,true,1,1405549
7290016270273,false,כרובית,,,כרובית,יח',1.00,יח',false,,9.90,9.9000,true,1,1406097
7290016270709,false,עגבניות שרי,,,עגבניות שרי,יחידה,1.00,יחידה,false,,8.90,8.9000,true,1,1396949
7290016272741,true,מספריים איכותיים לתי,,,מספריים איכותיים לתי,000000000000000יחידה,0.00,000000000000000יחידה,false,,9.90,0.0000,true,1,1403119
7290016272765,true,נשכן סיליקון רמי לוי,,,נשכן סיליקון רמי לוי,000000000000000יחידה,0.00,000000000000000יחידה,false,,9.90,0.0000,true,1,1403120
7290016272772,true,כפית סיליקון רמי לוי,,,כפית סיליקון רמי לוי,000000000000000יחידה,0.00,000000000000000יחידה,false,,9.90,0.0000,true,1,1403121
7290016272802,false,מגבות נייר רמי לוי 6,,,מגבות נייר רמי לוי 6,יחידה,6.00,יחידה,false,,10.90,1.8167,true,1,1402913
7290016272819,false,צמר גפן רמי לוי 100,,,צמר גפן רמי לוי 100,גרמים,100.00,100 גרם,false,,5.90,0.0590,true,1,1405365
7290016272949,true,בקבוקי תינוקות 250 מ,,,בקבוקי תינוקות 250 מ,000000000000000יחידה,0.00,000000000000000יחידה,false,,13.90,0.0000,true,1,1403124
7290016272963,true,מוצץ סיליקון פטמה או,,,מוצץ סיליקון פטמה או,000000000000000יחידה,0.00,000000000000000יחידה,false,,17.90,0.0000,true,1,1403125
7290016272970,true,מוצץ סיליקון פטמה או,,,מוצץ סיליקון פטמה או,000000000000000יחידה,0.00,000000000000000יחידה,false,,17.90,0.0000,true,1,1403126
7290016272987,true,כוס אימון עם ידיות 2,,,כוס אימון עם ידיות 2,000000000000000יחידה,0.00,000000000000000יחידה,false,,16.90,0.0000,true,1,1403127
7290016272994,true,מוצץ סיליקון פטמה או,,,מוצץ סיליקון פטמה או,000000000000000יחידה,0.00,000000000000000יחידה,false,,17.90,0.0000,true,1,1403128
7290016273168,true,רמי לוי - טבלת אצבעו,,,רמי לוי - טבלת אצבעו,גרמים,0.00,00000000000000000גרם,false,,4.80,0.0000,true,1,1396261
7290016273182,false,רמי לוי צ'יפס אמריקא,,,רמי לוי צ'יפס אמריקא,גרמים,1500.00,100 גרם,false,,18.90,0.0126,true,1,1399094
7290016304060,false,חלה רגילה 500 גרם,,,חלה רגילה 500 גרם,גרמים,500.00,100 גרם,false,,5.17,0.0103,true,1,1404266
7290016304596,false,לחמניות רגילות דוידו,,,לחמניות רגילות דוידו,גרמים,750.00,100 גרם,false,,13.90,0.0185,true,1,1407643
7290016319200,false,טוסו עוגיות סנדוויץ',,,טוסו עוגיות סנדוויץ',גרמים,300.00,100 גרם,false,,17.90,0.0597,true,1,1409523
7290016319262,true,מואי גליל וופל במילו,,,מואי גליל וופל במילו,00000000000000000000,0.00,00000000000000000000,false,,9.90,0.0000,true,1,1399515
7290016321661,false,מגבונים לחים ללא ביש,,,מגבונים לחים ללא ביש,יחידה,4.00,יחידה,false,,15.90,3.9750,true,1,1409516
7290016321678,false,מגבונים לחים בניחוח,,,מגבונים לחים בניחוח,יחידה,4.00,יחידה,false,,15.90,3.9750,true,1,1409517
7290016329278,true,רביעיית קמיל בלו,,,רביעיית קמיל בלו,00000000000000000000,0.00,00000000000000000000,false,,19.90,0.0000,true,1,1399516
7290016334036,false,עירית,,,עירית,יחידה,1.00,יחידה,false,,5.90,5.9000,true,1,1403615
7290016334050,false,סלרי חתוך,,,סלרי חתוך,יחידה,1.00,יחידה,false,,5.90,5.9000,true,1,1403616
7290016334166,false,לוף רגיל ארוז,,,לוף רגיל ארוז,יחידה,1.00,יחידה,false,,7.90,7.9000,true,1,1403618
7290016334173,false,פלפלונים רמי לוי,,,פלפלונים רמי לוי,יחידה,1.00,יחידה,false,,9.90,9.9000,true,1,1399622
7290016334180,false,מלפפון בייבי רמי לוי,,,מלפפון בייבי רמי לוי,יחידה,1.00,יחידה,false,,9.90,9.9000,true,1,1399623
7290016334296,false,ברוקולי רמי לוי,,,ברוקולי רמי לוי,יחידה,1.00,יחידה,false,,9.90,9.9000,true,1,1403620
7290016334388,false,פלפל צ'ילי רמי לוי,,,פלפל צ'ילי רמי לוי,יחידה,1.00,יחידה,false,,6.90,6.9000,true,1,1403621
7290016334395,false,שיבה,,,שיבה,יחידה,1.00,יחידה,false,,5.90,5.9000,true,1,1403622
7290016334432,false,שורש פטרוזליה,,,שורש פטרוזליה,יחידה,1.00,יחידה,false,,5.90,5.9000,true,1,1403623
7290016334456,false,בזיליקום,,,בזיליקום,יחידה,1.00,יחידה,false,,5.90,5.9000,true,1,1403624
7290016334500,false,זוג לבבות חסה,,,זוג לבבות חסה,יחידה,1.00,יחידה,false,,9.90,9.9000,true,1,1403626
7290016334623,false,סלרי אמריקאי,,,סלרי אמריקאי,יחידה,1.00,יחידה,false,,5.90,5.9000,true,1,1403632
7290016334654,false,תרד ניו זילנדי רמי ל,,,תרד ניו זילנדי רמי ל,גרמים,300.00,100 גרם,false,,12.90,0.0430,true,1,1403634
7290016334784,false,ג'ינג'ר ארוז,,,ג'ינג'ר ארוז,יחידה,1.00,יחידה,false,,8.90,8.9000,true,1,1403635
7290016334814,false,חסה סלנובה רמי לוי,,,חסה סלנובה רמי לוי,יחידה,1.00,יחידה,false,,9.90,9.9000,true,1,1403637
7290016334883,false,עגבניות שרי תמר,,,עגבניות שרי תמר,יחידה,1.00,יחידה,false,,9.90,9.9000,true,1,1403638
7290016334890,false,עגבניות שרי ליקופן,,,עגבניות שרי ליקופן,יחידה,1.00,יחידה,false,,9.90,9.9000,true,1,1403639
7290016334906,false,עגבניות שרי מיקס,,,עגבניות שרי מיקס,יחידה,1.00,יחידה,false,,11.90,11.9000,true,1,1403640
7290016334975,false,אספרגוס יחידה,,,אספרגוס יחידה,יחידה,1.00,יחידה,false,,29.90,29.9000,true,1,1417736
7290016372489,true,חליטת ג'ינג'ר לימון,,,חליטת ג'ינג'ר לימון,00000000000000000000,0.00,00000000000000000000,false,,17.50,0.0000,true,1,1393911
7290016372519,true,חליטת CLEAN בטעם פיר,,,חליטת CLEAN בטעם פיר,00000000000000000000,0.00,00000000000000000000,false,,17.50,0.0000,true,1,1393913
7290016408072,true,סרגילי מסטיקים,,,סרגילי מסטיקים,00000000000000000000,0.00,00000000000000000000,false,,6.90,0.0000,true,1,1399517
7290016408294,false,מרשמלו ורוד לבן כרמי,,,מרשמלו ורוד לבן כרמי,גרמים,150.00,100 גרם,false,,4.90,0.0327,true,1,1411670
7290016408393,false,חטיף קרקר עם שומשום,,,חטיף קרקר עם שומשום,גרמים,130.00,100 גרם,false,,5.90,0.0454,true,1,1394974
7290016408423,false,חטיף קרקר עם זיתים ש,,,חטיף קרקר עם זיתים ש,גרמים,130.00,100 גרם,false,,5.90,0.0454,true,1,1394975
7290016408447,false,חטיף קרקר עם עגבניות,,,חטיף קרקר עם עגבניות,גרמים,130.00,100 גרם,false,,5.90,0.0454,true,1,1394976
7290016408522,true,טבלת פינוק בטעם שוקו,,,טבלת פינוק בטעם שוקו,00000000000000000000,0.00,00000000000000000000,false,,6.90,0.0000,true,1,1399518
7290016408539,true,טבלת פינוק בטעם שוקו,,,טבלת פינוק בטעם שוקו,00000000000000000000,0.00,00000000000000000000,false,,6.90,0.0000,true,1,1399519
7290016408980,false,מטבעות שוקולד חלב 36,,,מטבעות שוקולד חלב 36,גרמים,36.00,100 גרם,false,,2.90,0.0806,true,1,1394979
7290016475029,false,פיתות אסלי המכבים 5,,,פיתות אסלי המכבים 5,יחידה,5.00,יחידה,false,,6.90,1.3800,true,1,1394924
7290016509342,false,סבון לאסלה כחול אקטי,,,סבון לאסלה כחול אקטי,גרמים,150.00,100 גרם,false,,18.90,0.1260,true,1,1414181
7290016601466,false,נוזל רצפות רמי לוי 2,,,נוזל רצפות רמי לוי 2,מיליליטרים,2000.00,"100 מ""ל",false,,9.90,0.0050,true,1,1404989
7290016601473,false,נוזל רצפות רמי לוי 2,,,נוזל רצפות רמי לוי 2,מיליליטרים,2000.00,"100 מ""ל",false,,9.90,0.0050,true,1,1404996
7290016609141,false,אפונה וגזר רמי לוי 5,,,אפונה וגזר רמי לוי 5,גרמים,550.00,100 גרם,false,,6.50,0.0118,true,1,1399937
7290016609172,false,שעועית לבנה אפויה בר,,,שעועית לבנה אפויה בר,גרמים,580.00,100 גרם,false,,6.50,0.0112,true,1,1399939
7290016609189,false,גרעיני תירס מתוק רמי,,,גרעיני תירס מתוק רמי,גרמים,550.00,100 גרם,false,,5.90,0.0107,true,1,1399940
7290016609196,false,תירס לייט רמי לוי 55,,,תירס לייט רמי לוי 55,גרמים,550.00,100 גרם,false,,6.90,0.0125,true,1,1399941
7290016667462,false,פריכיות אורז 265 גרם,,,פריכיות אורז 265 גרם,גרמים,265.00,100 גרם,false,,12.90,0.0487,true,1,1419083
7290016667646,false,רוטב סרירצ'ה חריף 36,,,רוטב סרירצ'ה חריף 36,מיליליטרים,360.00,"100 מ""ל",false,,11.90,0.0331,true,1,1418972
7290016667806,false,מלח הימלאיה עבה 500,,,מלח הימלאיה עבה 500,גרמים,500.00,100 גרם,false,,13.90,0.0278,true,1,1411502
7290016667813,false,מלח הימלאיה דק 500 ג,,,מלח הימלאיה דק 500 ג,גרמים,500.00,100 גרם,false,,13.90,0.0278,true,1,1418974
7290016717051,false,יין מבעבע אדום רימון,,,יין מבעבע אדום רימון,מיליליטרים,750.00,"100 מ""ל",false,,27.90,0.0372,true,1,1406903
7290016717631,false,יין לבן מבעבע מוסקטו,,,יין לבן מבעבע מוסקטו,מיליליטרים,750.00,"100 מ""ל",false,,39.90,0.0532,true,1,1401670
7290016733006,true,"אצטון רמי לוי 100 מ""",,,"אצטון רמי לוי 100 מ""",מיליליטרים,0.00,"00000000000000000מ""ל",false,,3.90,0.0000,true,1,1403129
7290016733044,false,סחבת רצפה מיקרופייבר,,,סחבת רצפה מיקרופייבר,יחידה,3.00,יחידה,false,,15.90,5.3000,true,1,1401856
7290016733051,false,מטליות מיקרופייבר 10,,,מטליות מיקרופייבר 10,יחידה,10.00,יחידה,false,,14.90,1.4900,true,1,1401857
7290016733891,false,טבעות בצל רמי לוי 60,,,טבעות בצל רמי לוי 60,גרמים,600.00,100 גרם,false,,14.90,0.0248,true,1,1406150
7290016823073,true,מרווה ארוז,,,מרווה ארוז,00000000000000000000,0.00,00000000000000000000,false,,5.90,0.0000,true,1,1396958
7290016865080,false,שניצל דק בציפוי שומש,,,שניצל דק בציפוי שומש,גרמים,700.00,100 גרם,false,,27.90,0.0399,true,1,1406151
7290016865103,false,שניצל דק בציפוי צ'יפ,,,שניצל דק בציפוי צ'יפ,גרמים,700.00,100 גרם,false,,27.90,0.0399,true,1,1406153
7290016865141,false,שניצל צמחי דק רמי לו,,,שניצל צמחי דק רמי לו,גרמים,700.00,100 גרם,false,,20.90,0.0299,true,1,1406157
7290016865219,true,"מסיר לק 100 מ""ל רמי",,,"מסיר לק 100 מ""ל רמי",מיליליטרים,0.00,"00000000000000000מ""ל",false,,4.90,0.0000,true,1,1403130
7290016866650,false,משחת פרודונטקס אוריג,,,משחת פרודונטקס אוריג,גרמים,75.00,100 גרם,false,,30.90,0.4120,true,1,1404188
7290016867039,false,פיתות קלות כוסמין בת,,,פיתות קלות כוסמין בת,גרמים,324.00,100 גרם,false,,14.90,0.0460,true,1,1412025
7290016867046,false,פיתות קלות כוסמין במ,,,פיתות קלות כוסמין במ,גרמים,303.00,100 גרם,false,,14.90,0.0492,true,1,1412026
7290016867053,false,לחם קל כוסמין בתוספת,,,לחם קל כוסמין בתוספת,גרמים,450.00,100 גרם,false,,19.90,0.0442,true,1,1412027
7290016867077,false,לחמניות כוסמין מלא ס,,,לחמניות כוסמין מלא ס,גרמים,300.00,100 גרם,false,,15.90,0.0530,true,1,1416549
7290016867084,false,לחם כוסמין מלא סיבים,,,לחם כוסמין מלא סיבים,גרמים,450.00,100 גרם,false,,18.90,0.0420,true,1,1416550
7290016867091,false,פיתות כוסמין מלא סיב,,,פיתות כוסמין מלא סיב,גרמים,300.00,100 גרם,false,,15.90,0.0530,true,1,1416551
7290016867114,false,לחם קל כוסמין 500 גר,,,לחם קל כוסמין 500 גר,גרמים,500.00,100 גרם,false,,18.90,0.0378,true,1,1410423
7290016867145,false,פיתות קלות קמח מלא 4,,,פיתות קלות קמח מלא 4,גרמים,408.00,100 גרם,false,,13.90,0.0341,true,1,1410317
7290016867152,false,פיתות קלות כוסמין 33,,,פיתות קלות כוסמין 33,גרמים,330.00,100 גרם,false,,14.90,0.0452,true,1,1410318
7290016867176,false,לחמניות ק. כוסמין שו,,,לחמניות ק. כוסמין שו,גרמים,351.00,100 גרם,false,,14.90,0.0425,true,1,1410319
7290016867237,false,לחם קל כוסמין במתיקו,,,לחם קל כוסמין במתיקו,גרמים,400.00,100 גרם,false,,19.90,0.0497,true,1,1410313
7290016867244,false,לחמניות קלות כוסמין,,,לחמניות קלות כוסמין,גרמים,321.00,100 גרם,false,,14.90,0.0464,true,1,1410320
7290016967074,false,לחם חיטה מלאה אנג'ל,,,לחם חיטה מלאה אנג'ל,גרמים,750.00,100 גרם,false,,14.90,0.0199,true,1,1405156
7290016967456,false,לחם צרפתי כוסמין 100,,,לחם צרפתי כוסמין 100,גרמים,600.00,100 גרם,false,,15.90,0.0265,true,1,1405157
7290016998184,false,עלי חסה ערבית שטופים,,,עלי חסה ערבית שטופים,גרמים,250.00,100 גרם,false,,10.90,0.0436,true,1,1410576
7290016998191,false,מיקס עלי בייבי 120 ג,,,מיקס עלי בייבי 120 ג,גרמים,120.00,100 גרם,false,,10.90,0.0908,true,1,1410577
7290016998207,false,לקט קסם השדה 350 גרם,,,לקט קסם השדה 350 גרם,גרמים,350.00,100 גרם,false,,12.90,0.0369,true,1,1410578
7290016998221,false,מיקס צבעי הטבע 350 ג,,,מיקס צבעי הטבע 350 ג,גרמים,350.00,100 גרם,false,,12.90,0.0369,true,1,1410580
7290016998238,false,כרוב לבן קצוץ 400 גר,,,כרוב לבן קצוץ 400 גר,גרמים,400.00,100 גרם,false,,10.90,0.0273,true,1,1410581
7290016998269,false,לקט קולסלאו 400 גרם,,,לקט קולסלאו 400 גרם,גרמים,400.00,100 גרם,false,,10.90,0.0273,true,1,1410584
7290016998276,false,גזר חתוך דק 250 גרם,,,גזר חתוך דק 250 גרם,גרמים,250.00,100 גרם,false,,9.90,0.0396,true,1,1410585
7290016998320,false,לבבות קיסר 250 גרם,,,לבבות קיסר 250 גרם,גרמים,250.00,100 גרם,false,,10.90,0.0436,true,1,1411701
7290017023212,false,רביעיית פחיות שוופס,,,רביעיית פחיות שוופס,מיליליטרים,330.00,"100 מ""ל",false,,14.10,0.0427,true,1,1404554
7290017023236,false,רביעיית פחיות שוופס,,,רביעיית פחיות שוופס,מיליליטרים,330.00,"100 מ""ל",false,,14.10,0.0427,true,1,1404556
7290017031705,false,משחת שיניים רגישות ק,,,משחת שיניים רגישות ק,מיליליטרים,75.00,"100 מ""ל",false,,21.90,0.2920,true,1,1408262
7290017065007,false,מוצרלה פרוסות 22% 20,,,מוצרלה פרוסות 22% 20,גרמים,200.00,100 גרם,false,,17.70,0.0885,true,1,1399046
7290017065137,false,ריקוטה למריחה 5% טבע,,,ריקוטה למריחה 5% טבע,גרמים,200.00,100 גרם,false,,10.70,0.0535,true,1,1399047
7290017065236,false,בולגרית מעודנת 24% 2,,,בולגרית מעודנת 24% 2,גרמים,250.00,100 גרם,false,,22.90,0.0916,true,1,1399051
7290017065380,false,גרנה פדנו שבבים 100,,,גרנה פדנו שבבים 100,גרמים,100.00,100 גרם,false,,13.90,0.1390,true,1,1403799
7290017065434,false,פרוסות גאודה הולנדית,,,פרוסות גאודה הולנדית,גרמים,200.00,100 גרם,false,,20.90,0.1045,true,1,1405078
7290017065441,false,פרוסות גאודה עיזים 2,,,פרוסות גאודה עיזים 2,גרמים,200.00,100 גרם,false,,32.90,0.1645,true,1,1405079
7290017065526,false,קוואטרו פורמאג'י 300,,,קוואטרו פורמאג'י 300,גרמים,300.00,100 גרם,false,,29.90,0.0997,true,1,1403805
7290017065588,false,יוגורט יווני 600 גרם,,,יוגורט יווני 600 גרם,גרמים,600.00,100 גרם,false,,15.40,0.0257,true,1,1407270
7290017094847,false,סלט תפוח אדמה אסלי 4,,,סלט תפוח אדמה אסלי 4,גרמים,400.00,100 גרם,false,,11.90,0.0298,true,1,1415270
7290017105468,false,אפונה שלשות יכין 420,,,אפונה שלשות יכין 420,גרמים,420.00,100 גרם,false,,11.90,0.0283,true,1,1406198
7290017105895,false,יכין - גרגירי חומוס,,,יכין - גרגירי חומוס,גרמים,550.00,100 גרם,false,,9.90,0.0180,true,1,1410945
7290017121093,false,אריסה חריפה עללחם 25,,,אריסה חריפה עללחם 25,גרמים,250.00,100 גרם,false,,13.90,0.0556,true,1,1411441
7290017129167,true,שלשות שוקולד חלב עם,,,שלשות שוקולד חלב עם,00000000000000000000,0.00,00000000000000000000,false,,10.90,0.0000,true,1,1394986
7290017129495,false,אגו מיקס כדורי תירס,,,אגו מיקס כדורי תירס,גרמים,55.00,100 גרם,false,,3.90,0.0709,true,1,1394992
7290017129501,false,אגו מיקס כדורי תירס,,,אגו מיקס כדורי תירס,גרמים,55.00,100 גרם,false,,3.90,0.0709,true,1,1394993
7290017129778,false,שוקולד מריר בטעם קפה,,,שוקולד מריר בטעם קפה,גרמים,100.00,100 גרם,false,,7.90,0.0790,true,1,1411739
7290017142128,false,שמן זית כתית מעולה ק,,,שמן זית כתית מעולה ק,מיליליטרים,750.00,"100 מ""ל",false,,33.90,0.0452,true,1,1410612
7290017142159,false,נתחי טונה בהירה בשמן,,,נתחי טונה בהירה בשמן,גרמים,240.00,100 גרם,false,,23.90,0.0996,true,1,1410484
7290017142395,false,ארוחת טונה עם פסטה ב,,,ארוחת טונה עם פסטה ב,גרמים,160.00,100 גרם,false,,14.90,0.0931,true,1,1410485
7290017197043,false,אל סבון קלאסיק מרענן,,,אל סבון קלאסיק מרענן,מיליליטרים,1000.00,"100 מ""ל",false,,9.50,0.0095,true,1,1404383
7290017197067,false,מגבונים לחים בייבי,,,מגבונים לחים בייבי,יחידה,1.00,יחידה,false,,5.90,5.9000,true,1,1400577
7290017197395,false,מגבונים לחים הפי דיי,,,מגבונים לחים הפי דיי,יחידה,6.00,יחידה,false,,19.90,3.3167,true,1,1400582
7290017197425,false,מגבונים לחים ללא ביש,,,מגבונים לחים ללא ביש,יחידה,4.00,יחידה,false,,15.90,3.9750,true,1,1407264
7290017197432,false,מגבונים לחים ללא ביש,,,מגבונים לחים ללא ביש,יחידה,4.00,יחידה,false,,15.90,3.9750,true,1,1407265
7290017197449,false,מגבונים לחים ללא ביש,,,מגבונים לחים ללא ביש,יחידה,4.00,יחידה,false,,15.90,3.9750,true,1,1400583
7290017197654,false,מטליות לחות לניקוי ר,,,מטליות לחות לניקוי ר,יחידה,10.00,יחידה,false,,9.90,0.9900,true,1,1400590
7290017197685,false,מגבוני נייר טואלט רמ,,,מגבוני נייר טואלט רמ,יחידה,3.00,יחידה,false,,10.90,3.6333,true,1,1400592
7290017197975,false,סבון קצף לילדים בניח,,,סבון קצף לילדים בניח,מיליליטרים,500.00,"100 מ""ל",false,,6.90,0.0138,true,1,1411727
7290017232218,false,לחם כפרי כהה איסטיין,,,לחם כפרי כהה איסטיין,גרמים,430.00,100 גרם,false,,24.90,0.0579,true,1,1414334
7290017232225,false,לחם גלילי בהיר איסטי,,,לחם גלילי בהיר איסטי,גרמים,450.00,100 גרם,false,,24.90,0.0553,true,1,1414335
7290017266503,false,גלילי ופל ללס במילוי,,,גלילי ופל ללס במילוי,גרמים,100.00,100 גרם,false,,7.50,0.0750,true,1,1404758
7290017266916,false,וופלים מעולים במילוי,,,וופלים מעולים במילוי,גרמים,200.00,100 גרם,false,,5.50,0.0275,true,1,1417179
7290017291123,false,שום ארוז יבוא,,,שום ארוז יבוא,יחידה,1.00,יחידה,false,,7.90,7.9000,true,1,1416620
7290017304519,false,חלה חצי מתוקה ארוזה,,,חלה חצי מתוקה ארוזה,גרמים,500.00,100 גרם,false,,13.80,0.0276,true,1,1407257
7290017304885,false,לחם שיפון וחיטה מלאה,,,לחם שיפון וחיטה מלאה,גרמים,750.00,100 גרם,false,,14.90,0.0199,true,1,1405158
7290017389394,false,דלעת מקולפת 200 גרם-,,,דלעת מקולפת 200 גרם-,גרמים,200.00,100 גרם,false,,9.90,0.0495,true,1,1400360
7290017389431,false,שקד מולבן משובב 200,,,שקד מולבן משובב 200,גרמים,200.00,100 גרם,false,,16.90,0.0845,true,1,1400364
7290017389912,false,זרעי צ'יה 300 גר' קו,,,זרעי צ'יה 300 גר' קו,גרמים,300.00,100 גרם,false,,15.90,0.0530,true,1,1400403
7290017389967,false,ערמונים קלופים שלמים,,,ערמונים קלופים שלמים,גרמים,100.00,100 גרם,false,,5.90,0.0590,true,1,1400406
7290017390482,false,מטבעות שוקולד חלב לא,,,מטבעות שוקולד חלב לא,גרמים,300.00,100 גרם,false,,10.90,0.0363,true,1,1412367
7290017390499,false,מטבעות שוקולד לבן לא,,,מטבעות שוקולד לבן לא,גרמים,300.00,100 גרם,false,,10.90,0.0363,true,1,1412368
7290017390505,false,מטבעות שוקולד ציפס מ,,,מטבעות שוקולד ציפס מ,גרמים,300.00,100 גרם,false,,10.90,0.0363,true,1,1412369
7290017390512,false,סוכריות גומי נחשים ב,,,סוכריות גומי נחשים ב,גרמים,300.00,100 גרם,false,,10.90,0.0363,true,1,1400422
7290017390529,false,סוכריות גומידובונים,,,סוכריות גומידובונים,גרמים,300.00,100 גרם,false,,10.90,0.0363,true,1,1400423
7290017418230,true,מוש גליליות חלב 75 ג,,,מוש גליליות חלב 75 ג,גרמים,0.00,00000000000000000גרם,false,,3.90,0.0000,true,1,1401797
7290017418247,true,מוש גליליות לבן 75 ג,,,מוש גליליות לבן 75 ג,גרמים,0.00,00000000000000000גרם,false,,3.90,0.0000,true,1,1401798
7290017418254,true,מוש עוגיות חלב 75 גר,,,מוש עוגיות חלב 75 גר,גרמים,0.00,00000000000000000גרם,false,,3.90,0.0000,true,1,1401799
7290017418261,true,מוש כדורים מיקס 75 ג,,,מוש כדורים מיקס 75 ג,גרמים,0.00,00000000000000000גרם,false,,3.90,0.0000,true,1,1401800
7290017418285,true,מוש קוביות חלב 75 גר,,,מוש קוביות חלב 75 גר,גרמים,0.00,00000000000000000גרם,false,,3.90,0.0000,true,1,1401801
7290017457727,false,מרכך מרוכז כחול סוד,,,מרכך מרוכז כחול סוד,מיליליטרים,900.00,"100 מ""ל",false,,11.90,0.0132,true,1,1404552
7290017477596,false,תמר מג'הול ענק אקסטר,,,תמר מג'הול ענק אקסטר,גרמים,400.00,100 גרם,false,,19.90,0.0497,true,1,1410870
7290017504001,false,פטריות שמפניון ארוז,,,פטריות שמפניון ארוז,יחידה,1.00,יחידה,false,,9.90,9.9000,true,1,1404372
7290017504018,false,פטריות זוגות לבן (פט,,,פטריות זוגות לבן (פט,יחידה,1.00,יחידה,false,,17.90,17.9000,true,1,1404373
7290017504025,false,פטריות פורטבלה א.א (,,,פטריות פורטבלה א.א (,יחידה,1.00,יחידה,false,,10.90,10.9000,true,1,1404374
7290017504032,false,פטריות זוגות איטלקי,,,פטריות זוגות איטלקי,יחידה,1.00,יחידה,false,,17.90,17.9000,true,1,1404412
7290017513393,false,תה ירוק בתוספת ספירו,,,תה ירוק בתוספת ספירו,יחידה,25.00,יחידה,false,,24.90,0.9960,true,1,1404455
7290017513409,false,תה ירוק עם צמחים סגו,,,תה ירוק עם צמחים סגו,יחידה,25.00,יחידה,false,,24.90,0.9960,true,1,1404457
7290017513775,false,FLIPZ - בייגלה מצופה,,,FLIPZ - בייגלה מצופה,גרמים,140.00,100 גרם,false,,9.50,0.0679,true,1,1405436
7290017513782,false,FLIPZ - בייגלה מצופה,,,FLIPZ - בייגלה מצופה,גרמים,140.00,100 גרם,false,,9.50,0.0679,true,1,1405437
7290017586007,false,גזר ארוז,,,גזר ארוז,קילוגרמים,1.00,"ק""ג",true,,4.90,4.9000,true,1,1419263
7290017599229,false,סוכרלוז 200 טבליות,,,סוכרלוז 200 טבליות,גרמים,74.00,100 גרם,false,,21.90,0.2959,true,1,1415608
7290017599236,false,סטיוויה 200 טבליות,,,סטיוויה 200 טבליות,גרמים,74.00,100 גרם,false,,22.90,0.3095,true,1,1415609
7290017599250,false,סוכרזית קלאסי 120  ש,,,סוכרזית קלאסי 120  ש,גרמים,100.00,100 גרם,false,,16.90,0.1690,true,1,1417851
7290017599267,false,סוכרזית סוכרלוז 120,,,סוכרזית סוכרלוז 120,גרמים,100.00,100 גרם,false,,24.90,0.2490,true,1,1417852
7290017617411,false,סטארקיסט מיקס סלמון,,,סטארקיסט מיקס סלמון,גרמים,160.00,100 גרם,false,,15.90,0.0994,true,1,1417382
7290017617428,false,סטארקיסט מיקס סלמון,,,סטארקיסט מיקס סלמון,גרמים,160.00,100 גרם,false,,15.90,0.0994,true,1,1417383
7290017617435,false,סטארקיסט מיקס סלמון,,,סטארקיסט מיקס סלמון,גרמים,160.00,100 גרם,false,,15.90,0.0994,true,1,1417384
7290017641119,false,שוקולד פרימיום 85% ב,,,שוקולד פרימיום 85% ב,גרמים,100.00,100 גרם,false,,7.90,0.0790,true,1,1405051
7290017641188,false,קרקר עם שיפון מלא וס,,,קרקר עם שיפון מלא וס,גרמים,130.00,100 גרם,false,,5.90,0.0454,true,1,1403223
7290017641720,false,שוקולד 70% שברי שקד,,,שוקולד 70% שברי שקד,גרמים,100.00,100 גרם,false,,7.90,0.0790,true,1,1406564
7290017677804,false,רוטב סויה קיקומן 444,,,רוטב סויה קיקומן 444,מיליליטרים,444.00,"100 מ""ל",false,,20.90,0.0471,true,1,1405168
7290017715315,false,זית צלוי על הגריל 70,,,זית צלוי על הגריל 70,גרמים,700.00,100 גרם,false,,19.90,0.0284,true,1,1418722
7290017746197,false,מארז 6 לחמניות המבור,,,מארז 6 לחמניות המבור,יחידה,6.00,יחידה,false,,16.90,2.8167,true,1,1410575
7290017746258,false,פרנה לחם מרוקאי מסור,,,פרנה לחם מרוקאי מסור,יחידה,4.00,יחידה,false,,15.50,3.8750,true,1,1410833
7290017746272,false,פיתה בצל 4 יחידות 48,,,פיתה בצל 4 יחידות 48,יחידה,4.00,יחידה,false,,13.90,3.4750,true,1,1411697
7290017746289,false,פיתה זעתר 4 יחידות 4,,,פיתה זעתר 4 יחידות 4,יחידה,4.00,יחידה,false,,13.90,3.4750,true,1,1411698
7290017746326,false,חלה קלועה טייכהולץ א,,,חלה קלועה טייכהולץ א,גרמים,750.00,100 גרם,false,,16.90,0.0225,true,1,1412213
7290017746593,false,לחם מחמצת זיתים דויד,,,לחם מחמצת זיתים דויד,גרמים,550.00,100 גרם,false,,21.90,0.0398,true,1,1417554
7290017746609,false,לחם מחמצת עם בצל דוי,,,לחם מחמצת עם בצל דוי,גרמים,550.00,100 גרם,false,,21.90,0.0398,true,1,1417555
7290017812052,false,יין אדום יבש אקסלנס,,,יין אדום יבש אקסלנס,מיליליטרים,750.00,"100 מ""ל",false,,27.20,0.0363,true,1,1401672
7290017812083,false,תירוש ענבים אדום רמי,,,תירוש ענבים אדום רמי,מיליליטרים,1000.00,"100 מ""ל",false,,13.90,0.0139,true,1,1403255
7290017812090,false,תירוש ענבים לבן רמי,,,תירוש ענבים לבן רמי,מיליליטרים,1000.00,"100 מ""ל",false,,13.90,0.0139,true,1,1403256
7290017812571,false,תירוש אדום 1 ליטר,,,תירוש אדום 1 ליטר,מיליליטרים,1000.00,"100 מ""ל",false,,19.90,0.0199,true,1,1414117
7290017812663,false,מיץ ענבים טבעי מבעבע,,,מיץ ענבים טבעי מבעבע,מיליליטרים,750.00,"100 מ""ל",false,,19.90,0.0265,true,1,1411193
7290017812847,false,יין לבן חצי יבש גוור,,,יין לבן חצי יבש גוור,מיליליטרים,750.00,"100 מ""ל",false,,30.20,0.0403,true,1,1410750
7290017812861,false,יין לבן יבש וינו 750,,,יין לבן יבש וינו 750,מיליליטרים,750.00,"100 מ""ל",false,,22.20,0.0296,true,1,1410751
7290017812977,false,יין מבעבע לבן אננס ב,,,יין מבעבע לבן אננס ב,מיליליטרים,750.00,"100 מ""ל",false,,27.90,0.0372,true,1,1411901
7290017845029,false,פטריות צמד משפחתי (מ,,,פטריות צמד משפחתי (מ,יחידה,1.00,יחידה,false,,17.90,17.9000,true,1,1406776
7290017845043,false,פטריות חצי חצי (מוגו,,,פטריות חצי חצי (מוגו,יחידה,1.00,יחידה,false,,17.90,17.9000,true,1,1406777
7290017845203,false,פטריות א.א (מוג'ו),,,פטריות א.א (מוג'ו),יחידה,1.00,יחידה,false,,9.90,9.9000,true,1,1403643
7290017864259,false,בזילקום 100 גרם,,,בזילקום 100 גרם,גרמים,100.00,100 גרם,false,,9.90,0.0990,true,1,1407428
7290017864341,false,"תפו""א למיקרו 700 גרם",,,"תפו""א למיקרו 700 גרם",יחידה,1.00,יחידה,false,,7.90,7.9000,true,1,1407143
7290017864358,false,נענע ארוז רמי לוי,,,נענע ארוז רמי לוי,יחידה,1.00,יחידה,false,,4.90,4.9000,true,1,1410025
7290017864365,false,פטרוזיליה ארוז רמי ל,,,פטרוזיליה ארוז רמי ל,יחידה,1.00,יחידה,false,,4.90,4.9000,true,1,1410026
7290017864372,false,שמיר ארוז רמי לוי,,,שמיר ארוז רמי לוי,יחידה,1.00,יחידה,false,,4.90,4.9000,true,1,1410027
7290017864389,false,כוסברה ארוז רמי לוי,,,כוסברה ארוז רמי לוי,יחידה,1.00,יחידה,false,,4.90,4.9000,true,1,1410028
7290017864396,false,סלרי ארוז רמי לוי,,,סלרי ארוז רמי לוי,יחידה,1.00,יחידה,false,,6.90,6.9000,true,1,1410029
7290017864402,false,עלי מנגולד ארוז רמי,,,עלי מנגולד ארוז רמי,יחידה,1.00,יחידה,false,,6.90,6.9000,true,1,1410030
7290017864419,false,שורש פטרוזיליה ארוז,,,שורש פטרוזיליה ארוז,יחידה,1.00,יחידה,false,,5.90,5.9000,true,1,1410031
7290017864426,false,בצל ירוק רמי לוי,,,בצל ירוק רמי לוי,יחידה,1.00,יחידה,false,,6.90,6.9000,true,1,1410032
7290017864457,false,סלרי ראש רמי לוי,,,סלרי ראש רמי לוי,יחידה,1.00,יחידה,false,,5.90,5.9000,true,1,1410033
7290017864464,false,לוף/כרישה,,,לוף/כרישה,יחידה,1.00,יחידה,false,,7.90,7.9000,true,1,1406737
7290017864594,false,שום צנצנת רמי לוי,,,שום צנצנת רמי לוי,יחידה,1.00,יחידה,false,,12.90,12.9000,true,1,1407937
7290017871363,false,סבון ידיים עם שמן מק,,,סבון ידיים עם שמן מק,מיליליטרים,500.00,"100 מ""ל",false,,10.90,0.0218,true,1,1409518
7290017871370,false,סבון ידיים עם שמן אב,,,סבון ידיים עם שמן אב,מיליליטרים,500.00,"100 מ""ל",false,,10.90,0.0218,true,1,1409519
7290017872896,false,גלילונית ש. אשפה L ח,,,גלילונית ש. אשפה L ח,יחידה,44.00,יחידה,false,,22.90,0.5205,true,1,1414477
7290017873015,false,גלילונית ש. אשפה XL,,,גלילונית ש. אשפה XL,יחידה,30.00,יחידה,false,,19.90,0.6633,true,1,1414478
7290017894034,false,דגש – פתיתי שיבולת ש,,,דגש – פתיתי שיבולת ש,גרמים,400.00,100 גרם,false,,19.90,0.0497,true,1,1407011
7290017928036,false,גריסיני שומשום 175 ג,,,גריסיני שומשום 175 ג,גרמים,175.00,100 גרם,false,,11.90,0.0680,true,1,1405265
7290017928043,false,גריסיני קראנץ' מלח 1,,,גריסיני קראנץ' מלח 1,גרמים,175.00,100 גרם,false,,11.90,0.0680,true,1,1405266
7290017928074,false,מאיר בייגל-בייגלה שט,,,מאיר בייגל-בייגלה שט,גרמים,250.00,100 גרם,false,,7.90,0.0316,true,1,1410474
7290017928098,false,שטוחלה מלח מאיר בייג,,,שטוחלה מלח מאיר בייג,גרמים,330.00,100 גרם,false,,11.90,0.0361,true,1,1414084
7290017928128,false,בייגלה מקלות מלח מאי,,,בייגלה מקלות מלח מאי,גרמים,400.00,100 גרם,false,,11.90,0.0298,true,1,1419403
7290017928227,false,שטוח פינוקים 300 גרם,,,שטוח פינוקים 300 גרם,גרמים,300.00,100 גרם,false,,11.90,0.0397,true,1,1409239
7290017928432,false,גריסיני קראנץ' פרג 1,,,גריסיני קראנץ' פרג 1,גרמים,175.00,100 גרם,false,,11.90,0.0680,true,1,1407365
7290017928463,false,סמאש- שבורים בטעם דב,,,סמאש- שבורים בטעם דב,גרמים,300.00,100 גרם,false,,14.90,0.0497,true,1,1411012
7290017928616,false,שטוח שומשום 300 גרם,,,שטוח שומשום 300 גרם,גרמים,300.00,100 גרם,false,,11.90,0.0397,true,1,1405264
7290017928630,false,גריסיני קראנץ' פינוק,,,גריסיני קראנץ' פינוק,גרמים,175.00,100 גרם,false,,11.90,0.0680,true,1,1407366
7290017928661,false,סמאש- שבורים בטעם צ',,,סמאש- שבורים בטעם צ',גרמים,300.00,100 גרם,false,,14.90,0.0497,true,1,1411013
7290017928685,false,שמיניות מלח מאיר ביי,,,שמיניות מלח מאיר ביי,גרמים,400.00,100 גרם,false,,11.90,0.0298,true,1,1414086
7290017928722,false,בייגלה שטוח ניגובים,,,בייגלה שטוח ניגובים,גרמים,300.00,100 גרם,false,,11.90,0.0397,true,1,1414087
7290017928821,false,גריסיני קלאסי 200 גר,,,גריסיני קלאסי 200 גר,גרמים,200.00,100 גרם,false,,11.90,0.0595,true,1,1405267
7290017947105,false,לחם סגנון אמריקה אנג,,,לחם סגנון אמריקה אנג,גרמים,500.00,100 גרם,false,,12.90,0.0258,true,1,1407324
7290017947372,false,חלה מתוקה ארוזה 500,,,חלה מתוקה ארוזה 500,גרמים,500.00,100 גרם,false,,13.80,0.0276,true,1,1407260
7290017947457,false,חלה קלועה כוסמין 500,,,חלה קלועה כוסמין 500,גרמים,500.00,100 גרם,false,,16.90,0.0338,true,1,1414321
7290017947464,false,פיתות כוסמין אנג'ל 4,,,פיתות כוסמין אנג'ל 4,יחידה,8.00,יחידה,false,,14.90,1.8625,true,1,1411761
7290017947495,false,לחמניות כוסמין 6 יחי,,,לחמניות כוסמין 6 יחי,יחידה,6.00,יחידה,false,,13.90,2.3167,true,1,1412106
7290017947891,false,לחם כוסמין וחיטה מלא,,,לחם כוסמין וחיטה מלא,גרמים,750.00,100 גרם,false,,14.90,0.0199,true,1,1410074
7290017947921,false,שישיית לחמניות המבור,,,שישיית לחמניות המבור,גרמים,450.00,100 גרם,false,,11.90,0.0264,true,1,1407325
7290017947938,false,8 לחמניות המבורגר בס,,,8 לחמניות המבורגר בס,גרמים,400.00,100 גרם,false,,13.90,0.0348,true,1,1414391
7290018045695,false,בון בון דגנים במילוי,,,בון בון דגנים במילוי,גרמים,480.00,100 גרם,false,,21.90,0.0456,true,1,1415450
7290018045893,false,בון בון דגנים 480 גר,,,בון בון דגנים 480 גר,גרמים,480.00,100 גרם,false,,21.90,0.0456,true,1,1415447
7290018192610,false,עגבניות שרי,,,עגבניות שרי,יחידה,1.00,יחידה,false,,8.90,8.9000,true,1,1409534
7290018192658,false,פטריות זוגות איטלקי,,,פטריות זוגות איטלקי,יחידה,1.00,יחידה,false,,17.90,17.9000,true,1,1416007
7290018198254,false,תפוגן קריספי צ'יפס פ,,,תפוגן קריספי צ'יפס פ,גרמים,1250.00,100 גרם,false,,22.90,0.0183,true,1,1413666
7290018237373,false,פסטרמה צרובה על הגרי,,,פסטרמה צרובה על הגרי,גרמים,300.00,100 גרם,false,,27.90,0.0930,true,1,1413670
7290018237397,false,עוף טוב פסטרמה מקורמ,,,עוף טוב פסטרמה מקורמ,גרמים,300.00,100 גרם,false,,27.90,0.0930,true,1,1413671
7290018237410,false,עוף טוב פסטרמה במעשנ,,,עוף טוב פסטרמה במעשנ,גרמים,300.00,100 גרם,false,,27.90,0.0930,true,1,1413672
7290018237960,false,כתף בקר עסיסי עוף טו,,,כתף בקר עסיסי עוף טו,גרמים,265.00,100 גרם,false,,25.90,0.0977,true,1,1417623
7290018294192,false,יין אדום יבש בלנד הי,,,יין אדום יבש בלנד הי,מיליליטרים,750.00,"100 מ""ל",false,,39.90,0.0532,true,1,1415111
7290018294208,false,סלקטד אדום ישראלי 75,,,סלקטד אדום ישראלי 75,מיליליטרים,750.00,"100 מ""ל",false,,29.90,0.0399,true,1,1414007
7290018294352,false,"ארק כרמל 700 מ""ל",,,"ארק כרמל 700 מ""ל",מיליליטרים,700.00,"100 מ""ל",false,,55.20,0.0789,true,1,1415066
7290018294369,false,תירוש אדום יקבי כרמל,,,תירוש אדום יקבי כרמל,מיליליטרים,700.00,"100 מ""ל",false,,14.90,0.0213,true,1,1419252
7290018294901,false,יין אדום יבש מונלייט,,,יין אדום יבש מונלייט,מיליליטרים,750.00,"100 מ""ל",false,,50.20,0.0669,true,1,1419379
7290018333082,false,אגו מיקס קורנפלקס מצ,,,אגו מיקס קורנפלקס מצ,גרמים,55.00,100 גרם,false,,3.90,0.0709,true,1,1409667
7290018333259,false,טופי בטעם תות 50 גרם,,,טופי בטעם תות 50 גרם,גרמים,50.00,100 גרם,false,,1.50,0.0300,true,1,1410129
7290018380406,false,עוגיות פח בטעם חמאה,,,עוגיות פח בטעם חמאה,גרמים,114.00,100 גרם,false,,5.90,0.0518,true,1,1419251
7290018380482,false,אורז תאילנדי תומר 1,,,אורז תאילנדי תומר 1,גרמים,1000.00,100 גרם,false,,6.40,0.0064,true,1,1418732
7290018440209,false,FLIPZ - בייגלה פאדג',,,FLIPZ - בייגלה פאדג',גרמים,140.00,100 גרם,false,,9.50,0.0679,true,1,1411425
7290018440230,false,צ'אי ורדים ויסוצקי 5,,,צ'אי ורדים ויסוצקי 5,גרמים,50.00,100 גרם,false,,21.90,0.4380,true,1,1414435
7290018440247,false,צ'אי שקדים ויסוצקי 5,,,צ'אי שקדים ויסוצקי 5,גרמים,50.00,100 גרם,false,,21.90,0.4380,true,1,1414436
7290018440254,false,צ'אי קרמל מלוח ויסוצ,,,צ'אי קרמל מלוח ויסוצ,גרמים,50.00,100 גרם,false,,21.90,0.4380,true,1,1414437
7290018440391,false,תה ירוק מאטה נענע גו,,,תה ירוק מאטה נענע גו,גרמים,37.50,100 גרם,false,,24.90,0.6640,true,1,1414439
7290018440407,false,תה ירוק מאטה קקאו לו,,,תה ירוק מאטה קקאו לו,גרמים,37.50,100 גרם,false,,24.90,0.6640,true,1,1414440
7290018440438,false,טונה איזי פליפ בשמן,,,טונה איזי פליפ בשמן,גרמים,195.00,100 גרם,false,,25.90,0.1328,true,1,1417058
7290018440445,false,טונה בשמן זית קלבו 1,,,טונה בשמן זית קלבו 1,גרמים,160.00,100 גרם,false,,16.90,0.1056,true,1,1417059
7290018440483,false,FLIPZ - בייגלה מצופה,,,FLIPZ - בייגלה מצופה,גרמים,140.00,100 גרם,false,,9.50,0.0679,true,1,1412703
7290018441626,false,פיינט מנטה עוגיות 50,,,פיינט מנטה עוגיות 50,מיליליטרים,500.00,"100 מ""ל",false,,23.90,0.0478,true,1,1416110
7290018443040,false,נבטים סינים,,,נבטים סינים,יחידה,1.00,יחידה,false,,6.90,6.9000,true,1,1410623
7290018443057,false,נבטי חמניה,,,נבטי חמניה,יחידה,1.00,יחידה,false,,9.90,9.9000,true,1,1410624
7290018443064,false,נבטי אלפלפא,,,נבטי אלפלפא,יחידה,1.00,יחידה,false,,6.90,6.9000,true,1,1410625
7290018443545,false,פלפל צ'ילי אדום 200,,,פלפל צ'ילי אדום 200,גרמים,200.00,גרם,false,,10.90,0.0545,true,1,1418766
7290018443728,false,באק צ'וי זוג רמי לוי,,,באק צ'וי זוג רמי לוי,יחידה,1.00,יחידה,false,,12.90,12.9000,true,1,1414608
7290018443736,false,בייבי מיקס רמי לוי 1,,,בייבי מיקס רמי לוי 1,גרמים,150.00,100 גרם,false,,9.90,0.0660,true,1,1414609
7290018443743,false,חמציץ רמי לוי פראש,,,חמציץ רמי לוי פראש,יחידה,1.00,יחידה,false,,9.90,9.9000,true,1,1414610
7290018443781,false,רוקט 150 ג' רמי לוי,,,רוקט 150 ג' רמי לוי,גרמים,150.00,100 גרם,false,,9.90,0.0660,true,1,1414614
7290018468425,false,נקניק טבעוני בטעם פי,,,נקניק טבעוני בטעם פי,גרמים,100.00,100 גרם,false,,19.90,0.1990,true,1,1419021
7290018468432,false,נקניק טבעוני בטעם מע,,,נקניק טבעוני בטעם מע,גרמים,100.00,100 גרם,false,,19.90,0.1990,true,1,1419022
7290018471906,false,שוופס מוגז פינק למונ,,,שוופס מוגז פינק למונ,מיליליטרים,1500.00,"100 מ""ל",false,,9.10,0.0061,true,1,1414905
7290018471913,false,שוופס מוגז תפוחים 1.,,,שוופס מוגז תפוחים 1.,מיליליטרים,1500.00,"100 מ""ל",false,,9.30,0.0062,true,1,1414906
7290018471937,false,שוופס מוגז פירות תות,,,שוופס מוגז פירות תות,מיליליטרים,1500.00,"100 מ""ל",false,,9.10,0.0061,true,1,1414907
7290018471944,false,שוופס מוגז למונייד 1,,,שוופס מוגז למונייד 1,מיליליטרים,1500.00,"100 מ""ל",false,,9.10,0.0061,true,1,1414908
7290018500231,false,לחם וויקנד אנג'ל 750,,,לחם וויקנד אנג'ל 750,גרמים,750.00,100 גרם,false,,15.90,0.0212,true,1,1417875
7290018516348,false,פאוץ' פרינוק סלט פיר,,,פאוץ' פרינוק סלט פיר,גרמים,120.00,100 גרם,false,,6.50,0.0542,true,1,1418388
7290018517024,false,בסיס לפיצה בנוסח איט,,,בסיס לפיצה בנוסח איט,יחידה,4.00,יחידה,false,,12.90,3.2250,true,1,1418979
7290018517147,false,פופקורן למיקרוגל בטע,,,פופקורן למיקרוגל בטע,גרמים,300.00,100 גרם,false,,9.90,0.0330,true,1,1418981
7290018517161,false,פופקורן בטעם לייט 30,,,פופקורן בטעם לייט 30,גרמים,300.00,100 גרם,false,,9.90,0.0330,true,1,1418982
7290018540329,false,פיתה פיתה באלדי אנג',,,פיתה פיתה באלדי אנג',יחידה,8.00,יחידה,false,,12.90,1.6125,true,1,1411762
7290018540817,false,לחם מחמצת כוסמין ארט,,,לחם מחמצת כוסמין ארט,גרמים,500.00,100 גרם,false,,17.90,0.0358,true,1,1415188
7290018540824,false,לחם מחמצת כפרי ארטיז,,,לחם מחמצת כפרי ארטיז,גרמים,500.00,100 גרם,false,,16.90,0.0338,true,1,1415189
7290018540831,false,לחם מחמצת חיטה מלאה,,,לחם מחמצת חיטה מלאה,גרמים,500.00,100 גרם,false,,16.90,0.0338,true,1,1415190
7290018564004,false,גזר גמדי 800 גרם רמי,,,גזר גמדי 800 גרם רמי,גרמים,800.00,100 גרם,false,,8.90,0.0111,true,1,1412029
7290018564011,false,אפונת גינה 800 גרם ר,,,אפונת גינה 800 גרם ר,גרמים,800.00,100 גרם,false,,8.90,0.0111,true,1,1412030
7290018564028,false,אפונה עדינה 600 גרם,,,אפונה עדינה 600 גרם,גרמים,600.00,100 גרם,false,,10.90,0.0182,true,1,1412031
7290018564066,false,אפונה וגזר 800 גרם ר,,,אפונה וגזר 800 גרם ר,גרמים,800.00,100 גרם,false,,9.90,0.0124,true,1,1412035
7290018564073,false,במיה 600 גרם רמי לוי,,,במיה 600 גרם רמי לוי,גרמים,600.00,100 גרם,false,,8.90,0.0148,true,1,1412036
7290018564080,false,לקט ירקות העונה 800,,,לקט ירקות העונה 800,גרמים,800.00,100 גרם,false,,10.90,0.0136,true,1,1412037
7290018564110,false,ארטישוק קפוא 400 גרם,,,ארטישוק קפוא 400 גרם,גרמים,400.00,100 גרם,false,,8.90,0.0223,true,1,1412038
7290018564127,false,לקט לקוסקוס 800 גרם,,,לקט לקוסקוס 800 גרם,גרמים,800.00,100 גרם,false,,11.90,0.0149,true,1,1412039
7290018564141,false,גרעיני חומוס מבושלים,,,גרעיני חומוס מבושלים,גרמים,800.00,100 גרם,false,,9.90,0.0124,true,1,1412041
7290018564158,false,שעועית לבנה מבושלת 8,,,שעועית לבנה מבושלת 8,גרמים,800.00,100 גרם,false,,9.90,0.0124,true,1,1412042
7290018564165,false,כרובית 800 גרם רמי ל,,,כרובית 800 גרם רמי ל,גרמים,800.00,100 גרם,false,,9.90,0.0124,true,1,1412043
7290018564202,false,לקט ירקות למרק 800 ג,,,לקט ירקות למרק 800 ג,גרמים,800.00,100 גרם,false,,11.90,0.0149,true,1,1412046
7290018564561,false,ירקות חמוצים בסגנון,,,ירקות חמוצים בסגנון,גרמים,500.00,100 גרם,false,,22.90,0.0458,true,1,1413662
7290018720004,false,עוגיות סנדוויץ תות 1,,,עוגיות סנדוויץ תות 1,גרמים,150.00,100 גרם,false,,3.50,0.0233,true,1,1413686
7290018720103,false,וופל ללא סוכר מעדני,,,וופל ללא סוכר מעדני,גרמים,250.00,100 גרם,false,,8.90,0.0356,true,1,1414255
7290018732205,false,אוכמניות יחידה,,,אוכמניות יחידה,גרמים,125.00,100 גרם,false,,19.90,0.1592,true,1,1417639
7290018825013,false,"תפו""א אדום תפזורת",3 יחידות,,"תפו""א אדום תפזורת",קילוגרמים,1.00,"ק""ג",true,,5.90,5.9000,true,1,1419264
7290018825211,false,"תפו""א לבן תפזורת",3 יחידות,,"תפו""א לבן תפזורת",קילוגרמים,1.00,"ק""ג",true,,4.90,4.9000,true,1,1419265
7290018878002,false,אגו מיקס קרקר מצופה,,,אגו מיקס קרקר מצופה,גרמים,55.00,100 גרם,false,,3.90,0.0709,true,1,1417165
7290018878170,false,זוג שוקולד 60% מריר,,,זוג שוקולד 60% מריר,גרמים,200.00,100 גרם,false,,9.90,0.0495,true,1,1417160
7290018893005,false,צ'וקטה בייגלה שטוח ח,,,צ'וקטה בייגלה שטוח ח,גרמים,160.00,100 גרם,false,,6.90,0.0431,true,1,1414604
7290018893456,false,צ'וקטה עוגות אישיות,,,צ'וקטה עוגות אישיות,גרמים,300.00,100 גרם,false,,11.90,0.0397,true,1,1413930
7290018893715,false,בייגלה שטוח מצופה שו,,,בייגלה שטוח מצופה שו,גרמים,80.00,100 גרם,false,,6.90,0.0863,true,1,1415472
7290018894019,false,בלקוני עוגות אישיות,,,בלקוני עוגות אישיות,גרמים,350.00,100 גרם,false,,14.90,0.0426,true,1,1415966
7290018921852,false,תחליב רחצה מועשר בשמ,,,תחליב רחצה מועשר בשמ,מיליליטרים,700.00,"100 מ""ל",false,,16.90,0.0241,true,1,1414510
7290018925065,false,מיץ תפוזים סחוט פרימ,,,מיץ תפוזים סחוט פרימ,מיליליטרים,2000.00,"100 מ""ל",false,,27.20,0.0136,true,1,1415076
7290018925072,false,מיץ לימונענע פרימור,,,מיץ לימונענע פרימור,מיליליטרים,2000.00,"100 מ""ל",false,,27.20,0.0136,true,1,1415077
7290018972021,false,קיינד א קבב מזרחי 40,,,קיינד א קבב מזרחי 40,גרמים,400.00,100 גרם,false,,19.90,0.0497,true,1,1416989
7290018972083,false,קיינד א שוארמה בטורט,,,קיינד א שוארמה בטורט,גרמים,360.00,100 גרם,false,,22.90,0.0636,true,1,1416990
7290018972106,false,כרובית מצופה תומר 50,,,כרובית מצופה תומר 50,גרמים,500.00,100 גרם,false,,29.90,0.0598,true,1,1416991
7290018972113,false,ברוקולי מצופה תומר 5,,,ברוקולי מצופה תומר 5,גרמים,500.00,100 גרם,false,,29.90,0.0598,true,1,1416992
7290018972144,false,שניצל תירס תומר 500,,,שניצל תירס תומר 500,גרמים,500.00,100 גרם,false,,19.90,0.0398,true,1,1416993
7290018972199,false,שניצל צמחי תומר 500,,,שניצל צמחי תומר 500,גרמים,500.00,100 גרם,false,,19.90,0.0398,true,1,1416995
7290019036234,false,שיני שום קלופות 200,,,שיני שום קלופות 200,גרמים,200.00,100 גרם,false,,13.90,0.0695,true,1,1420264
7290019044000,false,"תפו""א לבן ארוז",,,"תפו""א לבן ארוז",קילוגרמים,1.00,"ק""ג",true,,5.90,5.9000,true,1,1414288
7290019056027,false,שוופס מוגז פירות ללס,,,שוופס מוגז פירות ללס,מיליליטרים,1500.00,"100 מ""ל",false,,8.20,0.0055,true,1,1414909
7290019056065,false,שוופס מוגז עדין פירו,,,שוופס מוגז עדין פירו,מיליליטרים,1500.00,"100 מ""ל",false,,8.80,0.0059,true,1,1414910
7290019056072,false,שוופס מוגז עדין אננס,,,שוופס מוגז עדין אננס,מיליליטרים,1500.00,"100 מ""ל",false,,8.80,0.0059,true,1,1414911
7290019056096,false,שוופס מוגז עדין אפרס,,,שוופס מוגז עדין אפרס,מיליליטרים,1500.00,"100 מ""ל",false,,8.80,0.0059,true,1,1414912
7290019056119,false,משקה שוופס סודה 1.5,,,משקה שוופס סודה 1.5,מיליליטרים,1500.00,"100 מ""ל",false,,4.30,0.0029,true,1,1419488
7290019056164,false,רביעית שוופס סודה 1.,,,רביעית שוופס סודה 1.,מיליליטרים,1500.00,"100 מ""ל",false,,12.10,0.0081,true,1,1414913
7290019056232,false,שוופס ליים מוחיטו 1.,,,שוופס ליים מוחיטו 1.,מיליליטרים,1500.00,"100 מ""ל",false,,9.10,0.0061,true,1,1414917
7290019056249,false,מים בטעם ענבים שוופס,,,מים בטעם ענבים שוופס,מיליליטרים,1500.00,"100 מ""ל",false,,8.20,0.0055,true,1,1414918
7290019056263,false,מים בטעם אפרסק שוופס,,,מים בטעם אפרסק שוופס,מיליליטרים,1500.00,"100 מ""ל",false,,8.20,0.0055,true,1,1414919
7290019056294,false,שוופס ג'ינג'ר 1.5 לי,,,שוופס ג'ינג'ר 1.5 לי,מיליליטרים,1500.00,"100 מ""ל",false,,12.20,0.0081,true,1,1414920
7290019056300,false,שוופס ביטר 1.5 ליטר,,,שוופס ביטר 1.5 ליטר,מיליליטרים,1500.00,"100 מ""ל",false,,12.20,0.0081,true,1,1414921
7290019056317,false,משקה Russchian שוופס,,,משקה Russchian שוופס,מיליליטרים,1500.00,"100 מ""ל",false,,12.20,0.0081,true,1,1414922
7290019056324,false,שוופס טוניק 1.5 ליטר,,,שוופס טוניק 1.5 ליטר,מיליליטרים,1500.00,"100 מ""ל",false,,12.20,0.0081,true,1,1414923
7290019056331,false,שוופס טוניק ללס 1.5,,,שוופס טוניק ללס 1.5,מיליליטרים,1500.00,"100 מ""ל",false,,12.20,0.0081,true,1,1414924
7290019056355,false,תפוזינה לימונענע 1.5,,,תפוזינה לימונענע 1.5,מיליליטרים,1500.00,"100 מ""ל",false,,9.60,0.0064,true,1,1414925
7290019056379,false,תפוזינה תפוזים 1.5 ל,,,תפוזינה תפוזים 1.5 ל,מיליליטרים,1500.00,"100 מ""ל",false,,9.60,0.0064,true,1,1414926
7290019056447,false,תפוזינה אשכוליות ליי,,,תפוזינה אשכוליות ליי,מיליליטרים,1500.00,"100 מ""ל",false,,8.80,0.0059,true,1,1414927
7290019056553,false,מים מינרלים עין גדי,,,מים מינרלים עין גדי,ליטרים,12.00,ליטר,false,,13.80,1.1500,true,1,1414933
7290019056560,false,עין גדי 2 ליטר בקבוק,,,עין גדי 2 ליטר בקבוק,מיליליטרים,2000.00,"100 מ""ל",false,,3.80,0.0019,true,1,1415666
7290019056577,false,ספרינג מנגו 1.5 ליטר,,,ספרינג מנגו 1.5 ליטר,מיליליטרים,1500.00,"100 מ""ל",false,,9.40,0.0063,true,1,1414789
7290019056584,false,משקה קל תפוזים ספרינ,,,משקה קל תפוזים ספרינ,מיליליטרים,1500.00,"100 מ""ל",false,,9.40,0.0063,true,1,1414934
7290019056591,false,ספרינג ענבים 1.5 ליט,,,ספרינג ענבים 1.5 ליט,מיליליטרים,1500.00,"100 מ""ל",false,,9.40,0.0063,true,1,1414935
7290019056621,false,ספרינג פירות טרופיים,,,ספרינג פירות טרופיים,מיליליטרים,1500.00,"100 מ""ל",false,,9.40,0.0063,true,1,1414937
7290019056638,false,ספרינג תות בננה 1.5,,,ספרינג תות בננה 1.5,מיליליטרים,1500.00,"100 מ""ל",false,,9.40,0.0063,true,1,1414938
7290019056645,false,ספרינג אגס סברס תפוח,,,ספרינג אגס סברס תפוח,מיליליטרים,1500.00,"100 מ""ל",false,,9.40,0.0063,true,1,1414939
7290019056652,false,ספרינג אננס בננה 1.5,,,ספרינג אננס בננה 1.5,מיליליטרים,1500.00,"100 מ""ל",false,,9.40,0.0063,true,1,1414940
7290019056669,false,ספרינג תפוחים לייט 1,,,ספרינג תפוחים לייט 1,מיליליטרים,1500.00,"100 מ""ל",false,,8.20,0.0055,true,1,1414941
7290019056942,false,עין גדי 2 ליטר בקבוק,,,עין גדי 2 ליטר בקבוק,מיליליטרים,2000.00,"100 מ""ל",false,,3.80,0.0019,true,1,1415667
7290019056959,false,מי עדן 1.5 ליטר,,,מי עדן 1.5 ליטר,מיליליטרים,1500.00,"100 מ""ל",false,,4.50,0.0030,true,1,1415668
7290019056966,false,מי עדן 1.5 ליטר,,,מי עדן 1.5 ליטר,מיליליטרים,1500.00,"100 מ""ל",false,,4.50,0.0030,true,1,1415669
7290019056973,false,מים מינרליים מי עדן,,,מים מינרליים מי עדן,מיליליטרים,9000.00,"100 מ""ל",false,,14.70,0.0016,true,1,1414942
7290019153085,false,שוופס מוחיטו ללא סוכ,,,שוופס מוחיטו ללא סוכ,מיליליטרים,1500.00,"100 מ""ל",false,,8.90,0.0059,true,1,1416165
7290019204008,false,פסטרמה ארבעה פלפלים,,,פסטרמה ארבעה פלפלים,גרמים,350.00,100 גרם,false,,25.90,0.0740,true,1,1417625
7290019204107,false,פסטרמה בטעם אווז עוף,,,פסטרמה בטעם אווז עוף,גרמים,320.00,100 גרם,false,,25.90,0.0809,true,1,1417626
7290019204206,false,פסטרמה בסגנון רומני,,,פסטרמה בסגנון רומני,גרמים,320.00,100 גרם,false,,25.90,0.0809,true,1,1417627
7290019204305,false,פסטרמה ברביקיו עוף ט,,,פסטרמה ברביקיו עוף ט,גרמים,350.00,100 גרם,false,,25.90,0.0740,true,1,1417628
7290019232155,false,"תה ""לילה טוב"" קמומיל",,,"תה ""לילה טוב"" קמומיל",גרמים,37.50,100 גרם,false,,25.90,0.6907,true,1,1419527
7290019232162,false,"תה ""לילה טוב"" קמומיל",,,"תה ""לילה טוב"" קמומיל",גרמים,37.50,100 גרם,false,,25.90,0.6907,true,1,1419528
7290019233008,false,רוטב שקשוקה ארטישוק,,,רוטב שקשוקה ארטישוק,גרמים,420.00,100 גרם,false,,13.90,0.0331,true,1,1417144
7290019233039,false,רוטב שקשוקה קלאסית ז,,,רוטב שקשוקה קלאסית ז,גרמים,420.00,100 גרם,false,,13.90,0.0331,true,1,1417147
7290019297161,false,טורטיה ראפ מקמח תירס,,,טורטיה ראפ מקמח תירס,גרמים,450.00,100 גרם,false,,9.90,0.0220,true,1,1412390
7290019297239,false,צימוק חום 330 גר' קו,,,צימוק חום 330 גר' קו,גרמים,330.00,100 גרם,false,,12.90,0.0391,true,1,1417103
7290019297246,false,שזיפים 330 גר' בקופס,,,שזיפים 330 גר' בקופס,גרמים,330.00,100 גרם,false,,18.90,0.0573,true,1,1417104
7290019297512,false,רוטב רימונים שקדיה 3,,,רוטב רימונים שקדיה 3,גרמים,340.00,100 גרם,false,,10.90,0.0321,true,1,1412391
7290019297642,false,גרעין שחור קלוי ללא,,,גרעין שחור קלוי ללא,גרמים,150.00,100 גרם,false,,4.90,0.0327,true,1,1419435
7290055090597,true,מטבעות שוקולד לבן,,,מטבעות שוקולד לבן,00000000000000000000,0.00,00000000000000000000,false,,3.90,0.0000,true,1,1399520
7290055090740,true,כרמית לקקן תות,,,כרמית לקקן תות,00000000000000000000,0.00,00000000000000000000,false,,9.80,0.0000,true,1,1399521
7290100243671,false,מרכך כביסה מרוכז כחו,,,מרכך כביסה מרוכז כחו,מיליליטרים,960.00,"100 מ""ל",false,,17.90,0.0186,true,1,1396076
7290100245231,false,נמס בכוס עוף עם אטרי,,,נמס בכוס עוף עם אטרי,גרמים,50.00,100 גרם,false,,6.90,0.1380,true,1,1396081
7290100680650,false,מנה חמה נודלס בסגנון,,,מנה חמה נודלס בסגנון,גרמים,76.00,100 גרם,false,,5.90,0.0776,true,1,1394317
7290100680667,false,מנה חמה נודלס בסגנון,,,מנה חמה נודלס בסגנון,גרמים,76.00,100 גרם,false,,5.90,0.0776,true,1,1394318
7290100680711,false,פירורי לחם מוזהבים פ,,,פירורי לחם מוזהבים פ,גרמים,350.00,100 גרם,false,,8.50,0.0243,true,1,1394319
7290100680728,false,פירורי לחם לבנים פיר,,,פירורי לחם לבנים פיר,גרמים,350.00,100 גרם,false,,7.50,0.0214,true,1,1394320
7290100681138,false,מארז 3 אפרופו 50 גרם,,,מארז 3 אפרופו 50 גרם,גרמים,150.00,100 גרם,false,,12.90,0.0860,true,1,1394324
7290100684139,false,פסטה מיני מקרוני 500,,,פסטה מיני מקרוני 500,גרמים,500.00,100 גרם,false,,5.90,0.0118,true,1,1394331
7290100685136,false,מרק בטעם עוף פרווה כ,,,מרק בטעם עוף פרווה כ,גרמים,1000.00,100 גרם,false,,14.90,0.0149,true,1,1394336
7290100685334,false,מרק עוף אמיתי מרכיבי,,,מרק עוף אמיתי מרכיבי,גרמים,400.00,100 גרם,false,,21.50,0.0538,true,1,1394338
7290100685341,false,מרק בטעם עוף זך מרכי,,,מרק בטעם עוף זך מרכי,גרמים,400.00,100 גרם,false,,15.90,0.0398,true,1,1394339
7290100687109,false,במבה במילוי קרם נוגט,,,במבה במילוי קרם נוגט,גרמים,60.00,100 גרם,false,,4.90,0.0817,true,1,1394344
7290100689301,false,אסם עדיף זך טעם עוף,,,אסם עדיף זך טעם עוף,גרמים,400.00,100 גרם,false,,13.90,0.0348,true,1,1394347
7290100700020,false,גריסי פנינה סוגת 500,,,גריסי פנינה סוגת 500,גרמים,500.00,100 גרם,false,,5.90,0.0118,true,1,1399797
7290100700242,false,אורז מלא עגול סוגת 1,,,אורז מלא עגול סוגת 1,גרמים,1000.00,100 גרם,false,,9.90,0.0099,true,1,1404451
7290100700273,false,קינואה סוגת 500 גרם,,,קינואה סוגת 500 גרם,גרמים,500.00,100 גרם,false,,13.90,0.0278,true,1,1393733
7290100700297,true,עדשים שחורות 500 ג',,,עדשים שחורות 500 ג',00000000000000000000,0.00,00000000000000000000,false,,6.50,0.0000,true,1,1399798
7290100700372,false,אורז בסמטי מלא סוגת,,,אורז בסמטי מלא סוגת,גרמים,1000.00,100 גרם,false,,13.90,0.0139,true,1,1406617
7290100700396,false,אורז יסמין קלאסי סוג,,,אורז יסמין קלאסי סוג,גרמים,1000.00,100 גרם,false,,12.30,0.0123,true,1,1393734
7290100700587,false,בורגול סוגת 500 גרם,,,בורגול סוגת 500 גרם,גרמים,500.00,100 גרם,false,,5.90,0.0118,true,1,1393735
7290100701348,false,קמח שיפון מלא שטיבל,,,קמח שיפון מלא שטיבל,גרמים,1000.00,100 גרם,false,,7.90,0.0079,true,1,1409791
7290100701454,false,גרישה בורגול דק סוגת,,,גרישה בורגול דק סוגת,גרמים,500.00,100 גרם,false,,5.90,0.0118,true,1,1399800
7290100702994,false,סוכר דמררה בשקית סוג,,,סוכר דמררה בשקית סוג,גרמים,500.00,100 גרם,false,,5.90,0.0118,true,1,1393744
7290100850381,true,משפחחתית מיני טעמי 1,,,משפחחתית מיני טעמי 1,00000000000000000000,0.00,00000000000000000000,false,,14.80,0.0000,true,1,1401217
7290100853047,true,שוקולד חלב אוורירי,,,שוקולד חלב אוורירי,00000000000000000000,0.00,00000000000000000000,false,,4.90,0.0000,true,1,1401220
7290100856253,true,"ממרח שוקולד פרה לל""ס",,,"ממרח שוקולד פרה לל""ס",00000000000000000000,0.00,00000000000000000000,false,,16.80,0.0000,true,1,1401223
7290100858592,false,שקית קקאו עלית 150 ג,,,שקית קקאו עלית 150 ג,גרמים,150.00,100 גרם,false,,9.90,0.0660,true,1,1401227
7290100859209,true,עלמה בטעם אוכמניות,,,עלמה בטעם אוכמניות,00000000000000000000,0.00,00000000000000000000,false,,4.00,0.0000,true,1,1401228
7290100921593,false,סוד כדוריות נתלה לימ,,,סוד כדוריות נתלה לימ,יחידה,1.00,יחידה,false,,8.90,8.9000,true,1,1395475
7290101112228,false,פופסיקל אננס 8,,,פופסיקל אננס 8,גרמים,640.00,100 גרם,false,,24.90,0.0389,true,1,1417525
7290101112921,false,פופסיקל פירות טרופי,,,פופסיקל פירות טרופי,גרמים,640.00,100 גרם,false,,24.90,0.0389,true,1,1417527
7290101113157,false,שישייה  גלידל וניל ע,,,שישייה  גלידל וניל ע,גרמים,312.00,100 גרם,false,,26.90,0.0862,true,1,1417528
7290101113447,false,עשירייה גלידל מיני ק,,,עשירייה גלידל מיני ק,גרמים,270.00,100 גרם,false,,29.90,0.1107,true,1,1417536
7290101113539,false,טילון יולו קטן שוקול,,,טילון יולו קטן שוקול,גרמים,80.00,100 גרם,false,,5.90,0.0738,true,1,1417656
7290101113546,false,טילון יולו קטן שוקול,,,טילון יולו קטן שוקול,גרמים,80.00,100 גרם,false,,5.90,0.0738,true,1,1417657
7290101113560,false,טילון יולו שוקולד לב,,,טילון יולו שוקולד לב,גרמים,115.00,100 גרם,false,,8.90,0.0774,true,1,1417539
7290101113690,false,שלגון יולו שוקולד לב,,,שלגון יולו שוקולד לב,גרמים,75.00,100 גרם,false,,7.90,0.1053,true,1,1417544
7290101113706,false,שלגון יולו שוקולד חל,,,שלגון יולו שוקולד חל,גרמים,75.00,100 גרם,false,,7.90,0.1053,true,1,1417545
7290101113720,false,שלגון יולו שוקולד לב,,,שלגון יולו שוקולד לב,גרמים,75.00,100 גרם,false,,7.90,0.1053,true,1,1417546
7290101113805,false,מאגדת (5) יופלה שייק,,,מאגדת (5) יופלה שייק,גרמים,350.00,100 גרם,false,,20.90,0.0597,true,1,1417552
7290101453871,true,נר מספר,,,נר מספר,00000000000000000000,0.00,00000000000000000000,false,,2.50,0.0000,true,1,1399853
7290101453888,true,נר מספר,,,נר מספר,00000000000000000000,0.00,00000000000000000000,false,,2.50,0.0000,true,1,1399854
7290101453895,true,נר מספר,,,נר מספר,00000000000000000000,0.00,00000000000000000000,false,,2.50,0.0000,true,1,1399855
7290101453901,true,נר מספר - 3,,,נר מספר - 3,00000000000000000000,0.00,00000000000000000000,false,,2.50,0.0000,true,1,1399856
7290101453918,true,נר מספר,,,נר מספר,00000000000000000000,0.00,00000000000000000000,false,,2.50,0.0000,true,1,1399857
7290101453925,true,נר מספר,,,נר מספר,00000000000000000000,0.00,00000000000000000000,false,,2.50,0.0000,true,1,1399858
7290101453932,true,נר מספר,,,נר מספר,00000000000000000000,0.00,00000000000000000000,false,,2.50,0.0000,true,1,1399859
7290101453949,true,נר מספר,,,נר מספר,00000000000000000000,0.00,00000000000000000000,false,,2.50,0.0000,true,1,1399860
7290101453956,true,נר מספר,,,נר מספר,00000000000000000000,0.00,00000000000000000000,false,,2.50,0.0000,true,1,1399861
7290101453963,true,נר מספר,,,נר מספר,00000000000000000000,0.00,00000000000000000000,false,,2.50,0.0000,true,1,1399862
7290101454038,true,נרות יום הולדת,,,נרות יום הולדת,00000000000000000000,0.00,00000000000000000000,false,,3.00,0.0000,true,1,1399863
7290101454045,true,נרות יום הולדת,,,נרות יום הולדת,00000000000000000000,0.00,00000000000000000000,false,,3.00,0.0000,true,1,1399864
7290101454052,true,נרות יום הולדת,,,נרות יום הולדת,00000000000000000000,0.00,00000000000000000000,false,,3.00,0.0000,true,1,1399865
7290101454151,true,נר ג'מבו,,,נר ג'מבו,00000000000000000000,0.00,00000000000000000000,false,,6.00,0.0000,true,1,1399866
7290101454168,true,נרות מטה - סמי הכבאי,,,נרות מטה - סמי הכבאי,00000000000000000000,0.00,00000000000000000000,false,,6.00,0.0000,true,1,1399867
7290101501176,false,פלפלונים רמי לוי,,,פלפלונים רמי לוי,יחידה,1.00,יחידה,false,,9.90,9.9000,true,1,1399624
7290101501305,false,מלפפון בייבי רמי לוי,,,מלפפון בייבי רמי לוי,יחידה,1.00,יחידה,false,,9.90,9.9000,true,1,1399625
7290101551027,false,קפסולות 14 למכונות N,,,קפסולות 14 למכונות N,יחידה,10.00,יחידה,false,,17.90,1.7900,true,1,1403094
7290101551300,false,סילאן טבעי לחיץ 380,,,סילאן טבעי לחיץ 380,גרמים,380.00,100 גרם,false,,14.90,0.0392,true,1,1401230
7290101551539,false,דנונה פרו 20 גר אפרס,,,דנונה פרו 20 גר אפרס,גרמים,200.00,100 גרם,false,,5.90,0.0295,true,1,1393186
7290101551584,false,מארז תפוצ'יפס קידס 1,,,מארז תפוצ'יפס קידס 1,גרמים,200.00,100 גרם,false,,12.90,0.0645,true,1,1403149
7290101551638,false,מארז ציטוס כאפה 10*2,,,מארז ציטוס כאפה 10*2,גרמים,200.00,100 גרם,false,,12.90,0.0645,true,1,1403153
7290101863410,false,סיליט ניקוי עוצמתי מ,,,סיליט ניקוי עוצמתי מ,מיליליטרים,750.00,"100 מ""ל",false,,14.90,0.0199,true,1,1393924
7290101864127,false,ספריי להסרת כתמים או,,,ספריי להסרת כתמים או,מיליליטרים,750.00,"100 מ""ל",false,,17.90,0.0239,true,1,1393925
7290101865261,false,נוזל הברקה למדיח פינ,,,נוזל הברקה למדיח פינ,מיליליטרים,800.00,"100 מ""ל",false,,21.90,0.0274,true,1,1400102
7290101866633,false,קליה ג'ל מסיר כתמים,,,קליה ג'ל מסיר כתמים,מיליליטרים,3000.00,"100 מ""ל",false,,29.90,0.0100,true,1,1393927
7290101866787,false,קליה ג'ל מסיר כתמים,,,קליה ג'ל מסיר כתמים,מיליליטרים,3000.00,"100 מ""ל",false,,29.90,0.0100,true,1,1412499
7290101869788,false,מילוי מבשם אויר אטומ,,,מילוי מבשם אויר אטומ,מיליליטרים,250.00,"100 מ""ל",false,,15.90,0.0636,true,1,1412503
7290101992042,true,כרזת יום הולדת- מזל,,,כרזת יום הולדת- מזל,00000000000000000000,0.00,00000000000000000000,false,,4.00,0.0000,true,1,1399873
7290101992059,true,כרזת יום הולדת,,,כרזת יום הולדת,00000000000000000000,0.00,00000000000000000000,false,,4.00,0.0000,true,1,1399874
7290101992073,true,כרזת יום הולדת,,,כרזת יום הולדת,00000000000000000000,0.00,00000000000000000000,false,,4.00,0.0000,true,1,1399875
7290101999584,true,נרות מטה - הלו קיטי,,,נרות מטה - הלו קיטי,00000000000000000000,0.00,00000000000000000000,false,,6.00,0.0000,true,1,1399878
7290102006427,true,זר יום הולדת לראש כת,,,זר יום הולדת לראש כת,00000000000000000000,0.00,00000000000000000000,false,,9.00,0.0000,true,1,1399882
7290102006434,true,זר יום הולדת לראש עם,,,זר יום הולדת לראש עם,00000000000000000000,0.00,00000000000000000000,false,,9.00,0.0000,true,1,1399883
7290102030330,false,תפוצ'פס קראנצ מקסיקנ,,,תפוצ'פס קראנצ מקסיקנ,גרמים,200.00,100 גרם,false,,10.90,0.0545,true,1,1393560
7290102031276,false,אקטימל תות בננה 8*10,,,אקטימל תות בננה 8*10,מיליליטרים,800.00,"100 מ""ל",false,,20.90,0.0261,true,1,1393202
7290102039241,true,סימפוניה פלפל קלוי 5,,,סימפוניה פלפל קלוי 5,00000000000000000000,0.00,00000000000000000000,false,,10.50,0.0000,true,1,1393205
7290102300853,false,צ'דר פרוס לבן 200 גר,,,צ'דר פרוס לבן 200 גר,גרמים,200.00,100 גרם,false,,24.90,0.1245,true,1,1395702
7290102300860,false,צ'דר אנגלית 200 גרם,,,צ'דר אנגלית 200 גרם,גרמים,200.00,100 גרם,false,,20.90,0.1045,true,1,1395703
7290102302253,false,גבינת עיזים חצי קשה,,,גבינת עיזים חצי קשה,גרמים,200.00,100 גרם,false,,29.90,0.1495,true,1,1414216
7290102390427,false,יוגורט ביו פרופ קציפ,,,יוגורט ביו פרופ קציפ,מיליליטרים,150.00,"100 מ""ל",false,,5.20,0.0347,true,1,1398903
7290102390465,false,יוגורט ביו פרופ קציפ,,,יוגורט ביו פרופ קציפ,מיליליטרים,150.00,"100 מ""ל",false,,5.20,0.0347,true,1,1398904
7290102390489,false,יוגורט ביו פרופ קציפ,,,יוגורט ביו פרופ קציפ,גרמים,150.00,100 גרם,false,,5.20,0.0347,true,1,1398905
7290102391844,false,יוגורט ביו פרופ קציפ,,,יוגורט ביו פרופ קציפ,מיליליטרים,150.00,"100 מ""ל",false,,5.20,0.0347,true,1,1398908
7290102392094,false,חלב עיזים בקרטון 1 ל,,,חלב עיזים בקרטון 1 ל,מיליליטרים,1000.00,"100 מ""ל",false,,16.90,0.0169,true,1,1398909
7290102392728,false,יוגורט ביו נטורל טבע,,,יוגורט ביו נטורל טבע,מיליליטרים,200.00,"100 מ""ל",false,,4.00,0.0200,true,1,1398912
7290102393060,false,יוגורט מיקס גלילי וו,,,יוגורט מיקס גלילי וו,גרמים,170.00,100 גרם,false,,5.90,0.0347,true,1,1398914
7290102393169,false,יוגורט סימפלי פרוט ת,,,יוגורט סימפלי פרוט ת,גרמים,150.00,100 גרם,false,,5.10,0.0340,true,1,1398915
7290102393176,false,יוגורט סימפלי פרוט א,,,יוגורט סימפלי פרוט א,מיליליטרים,150.00,"100 מ""ל",false,,5.10,0.0340,true,1,1398916
7290102393190,false,יוגורט סימפלי פרוט פ,,,יוגורט סימפלי פרוט פ,מיליליטרים,150.00,"100 מ""ל",false,,5.10,0.0340,true,1,1398917
7290102393268,false,גבינה לבנה 5% טרה 75,,,גבינה לבנה 5% טרה 75,גרמים,750.00,100 גרם,false,,14.25,0.0190,true,1,1398918
7290102393299,false,יוגורט עיזים לשתייה,,,יוגורט עיזים לשתייה,גרמים,500.00,100 גרם,false,,12.90,0.0258,true,1,1398919
7290102393718,false,גבינת חלומי מחלב בקר,,,גבינת חלומי מחלב בקר,גרמים,200.00,100 גרם,false,,19.90,0.0995,true,1,1411713
7290102393855,false,יוגורט עיזים עם אפרס,,,יוגורט עיזים עם אפרס,גרמים,150.00,100 גרם,false,,6.10,0.0407,true,1,1409900
7290102393947,false,יוגורט סימפלי פרוט ק,,,יוגורט סימפלי פרוט ק,גרמים,150.00,100 גרם,false,,5.10,0.0340,true,1,1398922
7290102394258,false,גבינת עיזים מה עז 9%,,,גבינת עיזים מה עז 9%,גרמים,180.00,100 גרם,false,,23.90,0.1328,true,1,1398924
7290102394821,false,פרוסות גבינה צהובה 2,,,פרוסות גבינה צהובה 2,גרמים,200.00,100 גרם,false,,15.80,0.0790,true,1,1398928
7290102394845,false,פרוסות גבינה צהובה 9,,,פרוסות גבינה צהובה 9,גרמים,200.00,100 גרם,false,,17.00,0.0850,true,1,1398929
7290102395224,false,מאגדת שמיניה מולר 1.,,,מאגדת שמיניה מולר 1.,גרמים,1200.00,100 גרם,false,,18.50,0.0154,true,1,1398930
7290102395231,false,מאגדת שמינייה 2.8% מ,,,מאגדת שמינייה 2.8% מ,גרמים,1200.00,100 גרם,false,,18.50,0.0154,true,1,1398931
7290102395262,false,מאגדת שמינייה סימפלי,,,מאגדת שמינייה סימפלי,גרמים,1200.00,100 גרם,false,,31.90,0.0266,true,1,1412363
7290102395439,false,מאגדת שמינייה סימפלי,,,מאגדת שמינייה סימפלי,גרמים,1200.00,100 גרם,false,,31.90,0.0266,true,1,1412364
7290102396580,false,מעדן מוו שוקולד ומוס,,,מעדן מוו שוקולד ומוס,גרמים,118.00,100 גרם,false,,2.90,0.0246,true,1,1398936
7290102396665,false,פרוסות גבינה חצי קשה,,,פרוסות גבינה חצי קשה,גרמים,200.00,100 גרם,false,,15.90,0.0795,true,1,1398938
7290102396672,false,פרוסות גבינה חצי קשה,,,פרוסות גבינה חצי קשה,גרמים,360.00,100 גרם,false,,28.90,0.0803,true,1,1398939
7290102396719,false,יוגורט ביו סימפלי פר,,,יוגורט ביו סימפלי פר,גרמים,150.00,100 גרם,false,,5.10,0.0340,true,1,1398941
7290102397204,false,פרוסות גבינה צהובה 2,,,פרוסות גבינה צהובה 2,גרמים,200.00,100 גרם,false,,16.10,0.0805,true,1,1398952
7290102397327,true,יוגורט עיזים 500 בגב,,,יוגורט עיזים 500 בגב,00000000000000000000,0.00,00000000000000000000,false,,12.90,0.0000,true,1,1398953
7290102397464,false,יוגורט ביו נטורל פקא,,,יוגורט ביו נטורל פקא,גרמים,170.00,100 גרם,false,,5.90,0.0347,true,1,1398956
7290102397600,false,יוגורט ביו מיקס שקדי,,,יוגורט ביו מיקס שקדי,גרמים,170.00,100 גרם,false,,5.90,0.0347,true,1,1398961
7290102397617,false,יוגורט ביו מיקס ביו,,,יוגורט ביו מיקס ביו,גרמים,180.00,100 גרם,false,,5.90,0.0328,true,1,1398962
7290102397679,false,קוטג' וחצי 5% 375 גר,,,קוטג' וחצי 5% 375 גר,גרמים,375.00,100 גרם,false,,7.70,0.0205,true,1,1412236
7290102397686,true,בולגרית 5% מעודנת,,,בולגרית 5% מעודנת,00000000000000000000,0.00,00000000000000000000,false,,14.90,0.0000,true,1,1398963
7290102397747,false,פרוסות מוצרלה חלב בק,,,פרוסות מוצרלה חלב בק,גרמים,200.00,100 גרם,false,,17.90,0.0895,true,1,1404850
7290102397891,false,גבינה מותכת 100 גרם,,,גבינה מותכת 100 גרם,גרמים,100.00,100 גרם,false,,7.70,0.0770,true,1,1404851
7290102398478,false,לאבנה 9% 500 גרם,,,לאבנה 9% 500 גרם,גרמים,500.00,100 גרם,false,,21.90,0.0438,true,1,1410143
7290102398560,false,שוקו טרה מועשר בבקבו,,,שוקו טרה מועשר בבקבו,מיליליטרים,1000.00,"100 מ""ל",false,,11.90,0.0119,true,1,1402855
7290102398577,false,שוקו טרה מועשר בבקבו,,,שוקו טרה מועשר בבקבו,מיליליטרים,250.00,"100 מ""ל",false,,5.60,0.0224,true,1,1410139
7290102398614,false,משקה חלב בטעם בננה 1,,,משקה חלב בטעם בננה 1,מיליליטרים,1000.00,"100 מ""ל",false,,11.90,0.0119,true,1,1409896
7290102398638,false,משקה חלב בטעם מוקה,,,משקה חלב בטעם מוקה,מיליליטרים,1000.00,"100 מ""ל",false,,11.90,0.0119,true,1,1409897
7290102398782,false,משקה סויה קלאסי צורי,,,משקה סויה קלאסי צורי,מיליליטרים,1000.00,"100 מ""ל",false,,10.90,0.0109,true,1,1405230
7290102398799,false,משקה סויה במתיקות מו,,,משקה סויה במתיקות מו,מיליליטרים,1000.00,"100 מ""ל",false,,10.90,0.0109,true,1,1405231
7290102398836,false,משקה שקדים קלאסי צור,,,משקה שקדים קלאסי צור,מיליליטרים,1000.00,"100 מ""ל",false,,12.50,0.0125,true,1,1405232
7290102399048,false,קשקבל נעם 200 גרם,,,קשקבל נעם 200 גרם,גרמים,200.00,100 גרם,false,,22.90,0.1145,true,1,1410429
7290102399772,false,ממרח חמאה מולר במליח,,,ממרח חמאה מולר במליח,גרמים,250.00,100 גרם,false,,17.90,0.0716,true,1,1408007
7290102399789,false,ממרח חמאה מולר ללא מ,,,ממרח חמאה מולר ללא מ,גרמים,250.00,100 גרם,false,,17.90,0.0716,true,1,1408008
7290102399802,false,יוגורט ביו 20 גרם חל,,,יוגורט ביו 20 גרם חל,גרמים,200.00,100 גרם,false,,6.20,0.0310,true,1,1407986
7290102399819,false,יוגורט ביו 20 גרם חל,,,יוגורט ביו 20 גרם חל,גרמים,200.00,100 גרם,false,,6.20,0.0310,true,1,1407987
7290102399857,false,יוגורט לייט 20 גרם ח,,,יוגורט לייט 20 גרם ח,גרמים,200.00,100 גרם,false,,6.20,0.0310,true,1,1407989
7290102841899,false,תערובת להכנת פלאפל 1,,,תערובת להכנת פלאפל 1,גרמים,180.00,100 גרם,false,,11.90,0.0661,true,1,1418986
7290102842346,false,סוכרזית סוויט לוז 10,,,סוכרזית סוויט לוז 10,יחידה,100.00,יחידה,false,,30.00,0.3000,true,1,1418987
7290103124601,false,תחליב רחצה חלב דבש מ,,,תחליב רחצה חלב דבש מ,מיליליטרים,750.00,"100 מ""ל",false,,23.90,0.0319,true,1,1409428
7290103401429,false,קפה פלטינום ברזילאי,,,קפה פלטינום ברזילאי,גרמים,200.00,100 גרם,false,,24.90,0.1245,true,1,1401236
7290103402839,true,אצבעות פרה במילוי עד,,,אצבעות פרה במילוי עד,00000000000000000000,0.00,00000000000000000000,false,,6.40,0.0000,true,1,1401238
7290103402853,true,אצבעות פרה חלב מגדים,,,אצבעות פרה חלב מגדים,00000000000000000000,0.00,00000000000000000000,false,,6.40,0.0000,true,1,1401239
7290103403973,true,מאגדת SHAPE חטיף אגו,,,מאגדת SHAPE חטיף אגו,00000000000000000000,0.00,00000000000000000000,false,,13.90,0.0000,true,1,1401240
7290103404024,true,"מאגדת SHAPE חטיף לל""",,,"מאגדת SHAPE חטיף לל""",00000000000000000000,0.00,00000000000000000000,false,,13.90,0.0000,true,1,1401241
7290103404758,false,סלט כרוב אחלה 120 גר,,,סלט כרוב אחלה 120 גר,גרמים,120.00,100 גרם,false,,4.90,0.0408,true,1,1393206
7290103407902,true,מארז מיני מילקי שמינ,,,מארז מיני מילקי שמינ,00000000000000000000,0.00,00000000000000000000,false,,10.90,0.0000,true,1,1393207
7290103681241,false,יין לבן מוסקטו יקב ת,,,יין לבן מוסקטו יקב ת,מיליליטרים,750.00,"100 מ""ל",false,,39.90,0.0532,true,1,1406250
7290103702533,false,מגבות נייר כפול 6 יח,,,מגבות נייר כפול 6 יח,יחידה,6.00,יחידה,false,,19.90,3.3167,true,1,1404998
7290103702939,false,נייר טואלט רמי לוי 1,,,נייר טואלט רמי לוי 1,יחידה,16.00,יחידה,false,,29.90,1.8687,true,1,1402915
7290104061127,true,עוגת שוקוציפ,,,עוגת שוקוציפ,00000000000000000000,0.00,00000000000000000000,false,,9.90,0.0000,true,1,1401244
7290104061417,false,סלט חומוס וטחינה אחל,,,סלט חומוס וטחינה אחל,גרמים,400.00,100 גרם,false,,10.90,0.0273,true,1,1393208
7290104061424,false,סלט חומוס וזעתר אחלה,,,סלט חומוס וזעתר אחלה,גרמים,400.00,100 גרם,false,,10.90,0.0273,true,1,1393209
7290104061431,false,חומוס עם צנובר אחלה,,,חומוס עם צנובר אחלה,גרמים,400.00,100 גרם,false,,10.90,0.0273,true,1,1393210
7290104061448,false,סלט חומוס וחריף אחלה,,,סלט חומוס וחריף אחלה,גרמים,400.00,100 גרם,false,,10.90,0.0273,true,1,1393211
7290104062599,false,מעדן גמדים תות בננה,,,מעדן גמדים תות בננה,גרמים,800.00,100 גרם,false,,17.90,0.0224,true,1,1393212
7290104062681,true,סוכריות פטל לימון 80,,,סוכריות פטל לימון 80,00000000000000000000,0.00,00000000000000000000,false,,6.80,0.0000,true,1,1401246
7290104066566,false,טחינה 500 גרם,,,טחינה 500 גרם,גרמים,500.00,100 גרם,false,,14.90,0.0298,true,1,1393214
7290104067495,true,כיף כף אקסטרה קרם חל,,,כיף כף אקסטרה קרם חל,00000000000000000000,0.00,00000000000000000000,false,,3.80,0.0000,true,1,1401248
7290104067679,true,טחינה 400,,,טחינה 400,00000000000000000000,0.00,00000000000000000000,false,,9.90,0.0000,true,1,1393215
7290104067693,false,חומוס חריף אחלה 150,,,חומוס חריף אחלה 150,גרמים,150.00,100 גרם,false,,5.50,0.0367,true,1,1393216
7290104068546,false,מאסט קולה לימון ללא,,,מאסט קולה לימון ללא,גרמים,28.00,100 גרם,false,,4.50,0.1607,true,1,1401251
7290104069116,true,סוכריות ללס קפוצ'ינו,,,סוכריות ללס קפוצ'ינו,00000000000000000000,0.00,00000000000000000000,false,,6.80,0.0000,true,1,1401252
7290104500572,false,אפרופו איטליאנו אסם,,,אפרופו איטליאנו אסם,גרמים,50.00,100 גרם,false,,4.90,0.0980,true,1,1394352
7290104501661,false,פודינג אינסטנט בטעם,,,פודינג אינסטנט בטעם,גרמים,80.00,100 גרם,false,,4.90,0.0613,true,1,1394353
7290104570131,false,תמר מג'הול ששון ושות,,,תמר מג'הול ששון ושות,יחידה,1.00,יחידה,false,,19.90,19.9000,true,1,1402720
7290104570292,false,"תמר מג'הול 1 ק""ג אדו",,,"תמר מג'הול 1 ק""ג אדו",יחידה,1.00,יחידה,false,,19.90,19.9000,true,1,1404816
7290104570513,false,"תמר מג'הול 1 ק""ג",,,"תמר מג'הול 1 ק""ג",גרמים,1000.00,100 גרם,false,,19.90,0.0199,true,1,1401806
7290104722028,true,שוקולד פרה לבן,,,שוקולד פרה לבן,00000000000000000000,0.00,00000000000000000000,false,,4.90,0.0000,true,1,1401253
7290104722530,false,תפוציפס שמנת בצל 200,,,תפוציפס שמנת בצל 200,גרמים,200.00,100 גרם,false,,10.90,0.0545,true,1,1393562
7290104728310,false,שמנת להקצפה 38% יטבת,,,שמנת להקצפה 38% יטבת,מיליליטרים,250.00,"100 מ""ל",false,,6.47,0.0259,true,1,1393226
7290104728747,true,חומוס במרקם חלק 500,,,חומוס במרקם חלק 500,00000000000000000000,0.00,00000000000000000000,false,,12.80,0.0000,true,1,1393227
7290104729539,true,מאג.דגנ.ציפוי שוק.חל,,,מאג.דגנ.ציפוי שוק.חל,00000000000000000000,0.00,00000000000000000000,false,,13.90,0.0000,true,1,1401259
7290105360250,false,קפסולות 09 למכונות N,,,קפסולות 09 למכונות N,יחידה,10.00,יחידה,false,,17.90,1.7900,true,1,1409855
7290105360328,false,קפסולות 10 למכונות N,,,קפסולות 10 למכונות N,יחידה,10.00,יחידה,false,,17.90,1.7900,true,1,1401260
7290105360335,false,קפסולות 07 למכונות N,,,קפסולות 07 למכונות N,יחידה,10.00,יחידה,false,,17.90,1.7900,true,1,1401261
7290105360755,false,"שמן זית 3 חזק 750 מ""",,,"שמן זית 3 חזק 750 מ""",מיליליטרים,750.00,"100 מ""ל",false,,33.90,0.0452,true,1,1401262
7290105360762,false,שמן זית 1 עדין 750 מ,,,שמן זית 1 עדין 750 מ,מיליליטרים,750.00,"100 מ""ל",false,,33.90,0.0452,true,1,1401263
7290105361578,true,חומוס מתובל עשיר בטח,,,חומוס מתובל עשיר בטח,00000000000000000000,0.00,00000000000000000000,false,,12.80,0.0000,true,1,1393229
7290105362339,false,שמנת לבישול 15% יטבת,,,שמנת לבישול 15% יטבת,מיליליטרים,250.00,"100 מ""ל",false,,7.90,0.0316,true,1,1393230
7290105363602,false,כיף כף מקלות קלאסי 4,,,כיף כף מקלות קלאסי 4,גרמים,40.00,100 גרם,false,,4.90,0.1225,true,1,1401266
7290105364302,false,כיף כף מקלות אגוזים,,,כיף כף מקלות אגוזים,גרמים,40.00,100 גרם,false,,4.90,0.1225,true,1,1401268
7290105366023,false,חציל בטעם כבד 400 גר,,,חציל בטעם כבד 400 גר,גרמים,400.00,100 גרם,false,,15.90,0.0398,true,1,1393232
7290105366047,false,טחינה לבנה 400 גר,,,טחינה לבנה 400 גר,גרמים,400.00,100 גרם,false,,15.90,0.0398,true,1,1393233
7290105366962,true,בונבוניירת מיני שוקו,,,בונבוניירת מיני שוקו,00000000000000000000,0.00,00000000000000000000,false,,17.50,0.0000,true,1,1401272
7290105366993,false,גבינת סימפוניה פילפל,,,גבינת סימפוניה פילפל,גרמים,200.00,100 גרם,false,,11.00,0.0550,true,1,1393235
7290105368331,false,מילקי תות שטראוס 133,,,מילקי תות שטראוס 133,גרמים,133.00,100 גרם,false,,2.90,0.0218,true,1,1393238
7290105368881,true,חלב מועשר 3% 1.75 לי,,,חלב מועשר 3% 1.75 לי,00000000000000000000,0.00,00000000000000000000,false,,12.90,0.0000,true,1,1393239
7290105368904,false,שמנת מתוקה להקצפה 32,,,שמנת מתוקה להקצפה 32,מיליליטרים,250.00,"100 מ""ל",false,,7.30,0.0292,true,1,1393241
7290105369130,false,סימפוניה בצל ירוק 20,,,סימפוניה בצל ירוק 20,גרמים,200.00,100 גרם,false,,11.00,0.0550,true,1,1393244
7290105436382,false,חטיף בריאות פרי תמרי,,,חטיף בריאות פרי תמרי,גרמים,125.00,100 גרם,false,,16.90,0.1352,true,1,1399366
7290105439499,false,מאסטר שף מיונז הולנד,,,מאסטר שף מיונז הולנד,גרמים,483.00,100 גרם,false,,11.90,0.0246,true,1,1399368
7290105439505,false,מאסטר שף קרם בטעם מי,,,מאסטר שף קרם בטעם מי,גרמים,521.00,100 גרם,false,,11.90,0.0228,true,1,1409451
7290105439581,false,חרדל דיז'ון צרפתי מא,,,חרדל דיז'ון צרפתי מא,גרמים,370.00,100 גרם,false,,11.90,0.0322,true,1,1409452
7290105691224,false,אסם חטיפי פריכונים ט,,,אסם חטיפי פריכונים ט,גרמים,60.00,100 גרם,false,,7.90,0.1317,true,1,1394371
7290105691897,false,קוסקוס עם קמח חיטה מ,,,קוסקוס עם קמח חיטה מ,גרמים,350.00,100 גרם,false,,8.90,0.0254,true,1,1394375
7290105691934,false,קמח שמרים אסם 1 קילו,,,קמח שמרים אסם 1 קילו,גרמים,1000.00,100 גרם,false,,9.90,0.0099,true,1,1394376
7290105693341,false,חטיף בוטנים במבה 10*,,,חטיף בוטנים במבה 10*,גרמים,250.00,100 גרם,false,,14.90,0.0596,true,1,1394382
7290105693457,false,הבית עוגת דמקה שוקו,,,הבית עוגת דמקה שוקו,גרמים,320.00,100 גרם,false,,11.90,0.0372,true,1,1394383
7290105693952,false,אסם פירורית זהב שומש,,,אסם פירורית זהב שומש,גרמים,200.00,100 גרם,false,,6.40,0.0320,true,1,1394384
7290105695024,false,אסם פתיתים אפויים או,,,אסם פתיתים אפויים או,גרמים,500.00,100 גרם,false,,6.90,0.0138,true,1,1394389
7290105695321,false,הבית עוגת בראוניס פא,,,הבית עוגת בראוניס פא,גרמים,350.00,100 גרם,false,,14.90,0.0426,true,1,1394392
7290105961532,true,עד חצות לבן,,,עד חצות לבן,00000000000000000000,0.00,00000000000000000000,false,,11.90,0.0000,true,1,1401276
7290105961549,true,עד חצות שוקולד חלב,,,עד חצות שוקולד חלב,00000000000000000000,0.00,00000000000000000000,false,,11.90,0.0000,true,1,1401277
7290105962331,false,סחוג חריף מאד זהבי 2,,,סחוג חריף מאד זהבי 2,גרמים,220.00,100 גרם,false,,10.90,0.0495,true,1,1393246
7290105963000,true,אחלה מטבוחה,,,אחלה מטבוחה,00000000000000000000,0.00,00000000000000000000,false,,9.90,0.0000,true,1,1393248
7290105965615,true,אקטיביה בר,,,אקטיביה בר,00000000000000000000,0.00,00000000000000000000,false,,4.50,0.0000,true,1,1393251
7290105965738,false,יוגורט לשתיה 1.5 תות,,,יוגורט לשתיה 1.5 תות,מיליליטרים,267.00,"100 מ""ל",false,,4.80,0.0180,true,1,1393252
7290105966469,false,חומץ בלסמי יד מרדכי,,,חומץ בלסמי יד מרדכי,מיליליטרים,287.00,"100 מ""ל",false,,14.70,0.0512,true,1,1401283
7290105966667,true,מסטיק בזוקה ג'ולים צ,,,מסטיק בזוקה ג'ולים צ,00000000000000000000,0.00,00000000000000000000,false,,18.90,0.0000,true,1,1401284
7290105968098,false,קולסלאו 500 גרם,,,קולסלאו 500 גרם,גרמים,500.00,100 גרם,false,,15.90,0.0318,true,1,1393253
7290105968654,false,רביולי בטטה פרווה 40,,,רביולי בטטה פרווה 40,גרמים,400.00,100 גרם,false,,19.80,0.0495,true,1,1393254
7290106520066,false,רבע לשבע קרם אגוזים,,,רבע לשבע קרם אגוזים,גרמים,160.00,100 גרם,false,,10.90,0.0681,true,1,1401286
7290106520127,true,ספלנדיד חוף השנהב חל,,,ספלנדיד חוף השנהב חל,00000000000000000000,0.00,00000000000000000000,false,,9.90,0.0000,true,1,1401287
7290106520288,false,דנונה WOW תות 150 גר,,,דנונה WOW תות 150 גר,גרמים,150.00,100 גרם,false,,4.70,0.0313,true,1,1393255
7290106520387,true,בזוקה עיגולים מגדים,,,בזוקה עיגולים מגדים,00000000000000000000,0.00,00000000000000000000,false,,4.60,0.0000,true,1,1401288
7290106520905,false,סלט טורקי 400 גרם,,,סלט טורקי 400 גרם,גרמים,400.00,100 גרם,false,,15.90,0.0398,true,1,1393259
7290106520981,true,החומוסיה של אבי גרגר,,,החומוסיה של אבי גרגר,00000000000000000000,0.00,00000000000000000000,false,,13.90,0.0000,true,1,1393261
7290106521049,false,קוביות סלק 400,,,קוביות סלק 400,גרמים,400.00,100 גרם,false,,15.90,0.0398,true,1,1393262
7290106525382,false,קפה טורקי עלית 125 ג,,,קפה טורקי עלית 125 ג,גרמים,125.00,100 גרם,false,,9.90,0.0792,true,1,1401292
7290106525399,false,קפסולות 06 ברזיל למכ,,,קפסולות 06 ברזיל למכ,יחידה,10.00,יחידה,false,,17.90,1.7900,true,1,1409856
7290106525962,true,חומוס גרגרים עשיר רו,,,חומוס גרגרים עשיר רו,00000000000000000000,0.00,00000000000000000000,false,,12.80,0.0000,true,1,1393267
7290106526822,false,פריכיות אורז חום מלא,,,פריכיות אורז חום מלא,גרמים,80.00,100 גרם,false,,8.00,0.1000,true,1,1401294
7290106527461,true,מארז 4 אקטיביה 0% שז,,,מארז 4 אקטיביה 0% שז,גרמים,0.00,00000000000000000גרם,false,,19.30,0.0000,true,1,1393269
7290106528567,false,דוריטוס גריל 185 גרם,,,דוריטוס גריל 185 גרם,גרמים,185.00,100 גרם,false,,7.90,0.0427,true,1,1393570
7290106529700,true,4 גמדים בננה,,,4 גמדים בננה,00000000000000000000,0.00,00000000000000000000,false,,10.80,0.0000,true,1,1393270
7290106572027,false,לחמית חמישה דגנים 19,,,לחמית חמישה דגנים 19,גרמים,190.00,100 גרם,false,,9.50,0.0500,true,1,1394405
7290106572065,false,חטיפי טורטיה תירס בט,,,חטיפי טורטיה תירס בט,גרמים,60.00,100 גרם,false,,7.90,0.1317,true,1,1394406
7290106573598,false,חומוס לבנוני צבר 400,,,חומוס לבנוני צבר 400,גרמים,400.00,100 גרם,false,,11.90,0.0298,true,1,1394415
7290106573628,false,חומוס עם טחינה צבר 4,,,חומוס עם טחינה צבר 4,גרמים,400.00,100 גרם,false,,11.90,0.0298,true,1,1394416
7290106574953,false,בייגלה שטוחים שומשום,,,בייגלה שטוחים שומשום,גרמים,300.00,100 גרם,false,,9.90,0.0330,true,1,1394428
7290106575257,false,עוגת הבית סופלה בטעם,,,עוגת הבית סופלה בטעם,גרמים,340.00,100 גרם,false,,11.90,0.0350,true,1,1394433
7290106575431,false,עוגת הבית סופלה בטעם,,,עוגת הבית סופלה בטעם,גרמים,340.00,100 גרם,false,,11.90,0.0350,true,1,1394436
7290106576513,false,חומוס חלק צבר 400 גר,,,חומוס חלק צבר 400 גר,גרמים,400.00,100 גרם,false,,9.90,0.0248,true,1,1394441
7290106576537,false,חומוס מסעדה צבר 700,,,חומוס מסעדה צבר 700,גרמים,700.00,100 גרם,false,,10.90,0.0156,true,1,1394442
7290106577282,false,סלט טחינה צבר 400 גר,,,סלט טחינה צבר 400 גר,גרמים,400.00,100 גרם,false,,12.90,0.0323,true,1,1394444
7290106577527,false,סלט קולסלאו כרוב לבן,,,סלט קולסלאו כרוב לבן,גרמים,400.00,100 גרם,false,,12.90,0.0323,true,1,1394449
7290106577572,false,סלט מטבוחה אמיתית צב,,,סלט מטבוחה אמיתית צב,גרמים,400.00,100 גרם,false,,12.90,0.0323,true,1,1394451
7290106578821,false,עוגת הבית שמרים קלאס,,,עוגת הבית שמרים קלאס,גרמים,350.00,100 גרם,false,,16.90,0.0483,true,1,1394457
7290106652835,true,אנרגי מאג פז וועסטהי,,,אנרגי מאג פז וועסטהי,00000000000000000000,0.00,00000000000000000000,false,,13.90,0.0000,true,1,1401299
7290106652996,false,כיף כף מקלות קוקוס 4,,,כיף כף מקלות קוקוס 4,גרמים,40.00,100 גרם,false,,4.90,0.1225,true,1,1419465
7290106654761,true,MUST 45 פפרמינט,,,MUST 45 פפרמינט,00000000000000000000,0.00,00000000000000000000,false,,5.50,0.0000,true,1,1401300
7290106657748,true,עדשים קנדי קראש,,,עדשים קנדי קראש,00000000000000000000,0.00,00000000000000000000,false,,6.90,0.0000,true,1,1401305
7290106662025,false,תפוצ'יפס מלח פלפל 50,,,תפוצ'יפס מלח פלפל 50,גרמים,50.00,100 גרם,false,,4.00,0.0800,true,1,1405180
7290106662384,true,בונבוניירת איחולים מ,,,בונבוניירת איחולים מ,00000000000000000000,0.00,00000000000000000000,false,,7.90,0.0000,true,1,1401312
7290106662650,true,טחינה לניגוב 400 גרם,,,טחינה לניגוב 400 גרם,גרמים,0.00,00000000000000000גרם,false,,12.80,0.0000,true,1,1393277
7290106662810,true,פריכיות תחתית שוק. מ,,,פריכיות תחתית שוק. מ,00000000000000000000,0.00,00000000000000000000,false,,7.50,0.0000,true,1,1401313
7290106662902,true,חטיפי אנרג'י בטעם תו,,,חטיפי אנרג'י בטעם תו,00000000000000000000,0.00,00000000000000000000,false,,9.80,0.0000,true,1,1401314
7290106663183,false,ציטוס קראצ בטעם גבינ,,,ציטוס קראצ בטעם גבינ,גרמים,65.00,100 גרם,false,,3.50,0.0538,true,1,1393580
7290106663541,true,רוטב צ'ילי שום 280 מ,,,רוטב צ'ילי שום 280 מ,מיליליטרים,0.00,"00000000000000000מ""ל",false,,13.90,0.0000,true,1,1401321
7290106664555,false,רוטב שמנת עם עגבניות,,,רוטב שמנת עם עגבניות,גרמים,257.00,100 גרם,false,,10.90,0.0424,true,1,1393282
7290106666399,true,מאגדת SHAPE חטיף דגנ,,,מאגדת SHAPE חטיף דגנ,00000000000000000000,0.00,00000000000000000000,false,,13.90,0.0000,true,1,1401324
7290106666412,true,מאגדת SHAPE בטעם שוק,,,מאגדת SHAPE בטעם שוק,00000000000000000000,0.00,00000000000000000000,false,,13.90,0.0000,true,1,1401325
7290106667266,false,דוריטוס חמוץ חריף 18,,,דוריטוס חמוץ חריף 18,גרמים,185.00,100 גרם,false,,7.90,0.0427,true,1,1393583
7290106668782,true,שוקו בטעם מקופלת,,,שוקו בטעם מקופלת,00000000000000000000,0.00,00000000000000000000,false,,2.90,0.0000,true,1,1393286
7290106669642,true,אנרג'י קידס חלב פטל,,,אנרג'י קידס חלב פטל,00000000000000000000,0.00,00000000000000000000,false,,9.90,0.0000,true,1,1401329
7290106669857,false,קפסולות וניל למכונות,,,קפסולות וניל למכונות,יחידה,10.00,יחידה,false,,17.90,1.7900,true,1,1401331
7290106721807,true,חציל פיקנטי 400 גר',,,חציל פיקנטי 400 גר',00000000000000000000,0.00,00000000000000000000,false,,12.90,0.0000,true,1,1393287
7290106721913,false,צנצנת מאסט מנטה מרענ,,,צנצנת מאסט מנטה מרענ,גרמים,66.00,100 גרם,false,,9.90,0.1500,true,1,1401335
7290106721920,false,"צנצנת ספירמינט לל""ס",,,"צנצנת ספירמינט לל""ס",גרמים,66.00,100 גרם,false,,9.90,0.1500,true,1,1401336
7290106721951,true,מטבעות שוקולד 42 ג',,,מטבעות שוקולד 42 ג',00000000000000000000,0.00,00000000000000000000,false,,4.50,0.0000,true,1,1401339
7290106723634,true,עד חצות+ קרמל ש. חלב,,,עד חצות+ קרמל ש. חלב,00000000000000000000,0.00,00000000000000000000,false,,11.90,0.0000,true,1,1401341
7290106725126,true,בונבוניירת סלפנדיד פ,,,בונבוניירת סלפנדיד פ,00000000000000000000,0.00,00000000000000000000,false,,33.90,0.0000,true,1,1401343
7290106725560,true,רבע לשבע חלבה בדצ- 2,,,רבע לשבע חלבה בדצ- 2,00000000000000000000,0.00,00000000000000000000,false,,3.90,0.0000,true,1,1401345
7290106725867,false,סירופ מייפל טבעי 189,,,סירופ מייפל טבעי 189,מיליליטרים,189.00,"100 מ""ל",false,,29.90,0.1582,true,1,1401347
7290106726178,false,יוגורט פרו 10 גרם חל,,,יוגורט פרו 10 גרם חל,גרמים,150.00,100 גרם,false,,4.70,0.0313,true,1,1393290
7290106727984,false,גביע פצפצים 135 גרם,,,גביע פצפצים 135 גרם,גרמים,135.00,100 גרם,false,,10.60,0.0785,true,1,1401349
7290106728059,true,עוגת תפוח - יד מרדכי,,,עוגת תפוח - יד מרדכי,00000000000000000000,0.00,00000000000000000000,false,,8.90,0.0000,true,1,1401350
7290106728066,true,עוגת בננה,,,עוגת בננה,00000000000000000000,0.00,00000000000000000000,false,,8.90,0.0000,true,1,1401351
7290106728264,true,אקטיביה בר עם חמוציו,,,אקטיביה בר עם חמוציו,00000000000000000000,0.00,00000000000000000000,false,,4.50,0.0000,true,1,1393294
7290106728387,true,חומוס עשיר בטחינה בת,,,חומוס עשיר בטחינה בת,00000000000000000000,0.00,00000000000000000000,false,,12.80,0.0000,true,1,1393297
7290106729933,true,מעדן פרי תפוח אגס 25,,,מעדן פרי תפוח אגס 25,גרמים,0.00,00000000000000000גרם,false,,11.90,0.0000,true,1,1401354
7290107280105,false,ממחטות נייר בקופסא 1,,,ממחטות נייר בקופסא 1,יחידה,120.00,יחידה,false,,9.90,0.0825,true,1,1396429
7290107280341,false,מטליות לחות לרצפה בנ,,,מטליות לחות לרצפה בנ,יחידה,1.00,יחידה,false,,12.90,12.9000,true,1,1406595
7290107280549,false,קוטל מעופפים זבובים,,,קוטל מעופפים זבובים,מיליליטרים,300.00,"100 מ""ל",false,,12.90,0.0430,true,1,1402904
7290107280570,false,ג'ל כביסה מקסימה 3 ל,,,ג'ל כביסה מקסימה 3 ל,מיליליטרים,3000.00,"100 מ""ל",false,,29.90,0.0100,true,1,1396432
7290107280662,false,אבקת כביסה מרוכזת לת,,,אבקת כביסה מרוכזת לת,מיליליטרים,1250.00,"100 מ""ל",false,,16.90,0.0135,true,1,1396434
7290107280730,false,נוזל כלים ספארק 700,,,נוזל כלים ספארק 700,מיליליטרים,700.00,"100 מ""ל",false,,9.90,0.0141,true,1,1396436
7290107280747,false,נוזל כלים ספארק 700,,,נוזל כלים ספארק 700,מיליליטרים,700.00,"100 מ""ל",false,,9.90,0.0141,true,1,1396437
7290107280754,false,נוזל כלים ספארק 700,,,נוזל כלים ספארק 700,מיליליטרים,700.00,"100 מ""ל",false,,9.90,0.0141,true,1,1396438
7290107645584,false,קנור עוף אמיתי רכיבי,,,קנור עוף אמיתי רכיבי,גרמים,400.00,100 גרם,false,,22.90,0.0572,true,1,1396110
7290107646062,false,קנור בצל רכיבים טבעי,,,קנור בצל רכיבים טבעי,גרמים,400.00,100 גרם,false,,21.90,0.0547,true,1,1404505
7290107646901,true,קנור רוטב פסטה ארביא,,,קנור רוטב פסטה ארביא,גרמים,0.00,00000000000000000גרם,false,,14.90,0.0000,true,1,1396126
7290107646918,false,קנור רוטב שקשוקה 415,,,קנור רוטב שקשוקה 415,גרמים,415.00,100 גרם,false,,10.90,0.0263,true,1,1396127
7290107647656,false,מאגדת סולרו פרוט בוס,,,מאגדת סולרו פרוט בוס,יחידה,5.00,יחידה,false,,23.90,4.7800,true,1,1404700
7290107647823,false,ברנפלקס 500 גרם,,,ברנפלקס 500 גרם,גרמים,500.00,100 גרם,false,,21.90,0.0438,true,1,1396136
7290107649858,false,טילון מגנום לבן,,,טילון מגנום לבן,יחידה,1.00,יחידה,false,,9.90,9.9000,true,1,1404710
7290107871990,false,אסם פסטה צינורות איט,,,אסם פסטה צינורות איט,גרמים,500.00,100 גרם,false,,5.90,0.0118,true,1,1394472
7290107874502,false,ביסלי גריל 4 * 55 גר,,,ביסלי גריל 4 * 55 גר,גרמים,220.00,100 גרם,false,,12.50,0.0568,true,1,1394486
7290107875271,false,ביסלי ברביקיו 4 * 55,,,ביסלי ברביקיו 4 * 55,גרמים,220.00,100 גרם,false,,12.50,0.0568,true,1,1394490
7290107876889,false,במבה במילוי קרם נוגט,,,במבה במילוי קרם נוגט,גרמים,45.00,100 גרם,false,,4.30,0.0956,true,1,1394499
7290107877619,false,במבה במילוי קרם נוגט,,,במבה במילוי קרם נוגט,גרמים,150.00,100 גרם,false,,13.90,0.0927,true,1,1394502
7290107930215,true,חטיף דגנים ושוקולד ל,,,חטיף דגנים ושוקולד ל,00000000000000000000,0.00,00000000000000000000,false,,13.90,0.0000,true,1,1401355
7290107932080,false,חלב מועשר בקבוק 3% י,,,חלב מועשר בקבוק 3% י,מיליליטרים,1000.00,"100 מ""ל",false,,7.70,0.0077,true,1,1393301
7290107932226,true,שוקולד פרה אקסטרה חל,,,שוקולד פרה אקסטרה חל,00000000000000000000,0.00,00000000000000000000,false,,5.90,0.0000,true,1,1401359
7290107932233,true,אקסטרא חלב צימוקים ו,,,אקסטרא חלב צימוקים ו,00000000000000000000,0.00,00000000000000000000,false,,5.90,0.0000,true,1,1401360
7290107932899,true,מאסט באבל מינט,,,מאסט באבל מינט,00000000000000000000,0.00,00000000000000000000,false,,4.00,0.0000,true,1,1401367
7290107933483,true,רוטב שמנת עם בזיליקו,,,רוטב שמנת עם בזיליקו,00000000000000000000,0.00,00000000000000000000,false,,9.90,0.0000,true,1,1393305
7290107933520,true,פלאן קרמל ס. קינוחי,,,פלאן קרמל ס. קינוחי,00000000000000000000,0.00,00000000000000000000,false,,14.90,0.0000,true,1,1393306
7290107933537,true,קרם ברולה ס. קינוחי,,,קרם ברולה ס. קינוחי,00000000000000000000,0.00,00000000000000000000,false,,14.90,0.0000,true,1,1393307
7290107933612,true,מילקשייק בטעם תות,,,מילקשייק בטעם תות,00000000000000000000,0.00,00000000000000000000,false,,6.40,0.0000,true,1,1393308
7290107936309,false,יוגורט דנונה יווני ל,,,יוגורט דנונה יווני ל,גרמים,130.00,100 גרם,false,,3.40,0.0262,true,1,1393314
7290107936798,true,מאסט סורבה בטעם מנגו,,,מאסט סורבה בטעם מנגו,00000000000000000000,0.00,00000000000000000000,false,,4.00,0.0000,true,1,1401372
7290107936835,true,מאסט סורבה בטעם פטל,,,מאסט סורבה בטעם פטל,00000000000000000000,0.00,00000000000000000000,false,,4.00,0.0000,true,1,1401373
7290107937337,true,חומוס 250 גרם,,,חומוס 250 גרם,00000000000000000000,0.00,00000000000000000000,false,,6.50,0.0000,true,1,1393316
7290107937597,true,רבע לשבע אגוזים,,,רבע לשבע אגוזים,00000000000000000000,0.00,00000000000000000000,false,,3.90,0.0000,true,1,1401375
7290107937627,false,צנצנת קוביות מנטה עד,,,צנצנת קוביות מנטה עד,גרמים,58.00,100 גרם,false,,9.90,0.1707,true,1,1401376
7290107937641,false,צנצנת קוביות בזוקה 5,,,צנצנת קוביות בזוקה 5,גרמים,58.00,100 גרם,false,,9.90,0.1707,true,1,1401378
7290107937856,false,קפסולות 11 גואטמלה ל,,,קפסולות 11 גואטמלה ל,יחידה,10.00,יחידה,false,,17.90,1.7900,true,1,1401379
7290107938495,true,מארז 4 דני לשתיה,,,מארז 4 דני לשתיה,00000000000000000000,0.00,00000000000000000000,false,,9.90,0.0000,true,1,1393320
7290107938822,true,דבש עם נגיעות לימוני,,,דבש עם נגיעות לימוני,גרמים,0.00,00000000000000000גרם,false,,13.90,0.0000,true,1,1401380
7290107938839,true,דבש עם נגיעות ג'ינג',,,דבש עם נגיעות ג'ינג',גרמים,0.00,00000000000000000גרם,false,,14.90,0.0000,true,1,1401381
7290107939256,true,'דני לשתייה וניל פיק,,,'דני לשתייה וניל פיק,00000000000000000000,0.00,00000000000000000000,false,,9.90,0.0000,true,1,1393323
7290107939690,true,חנוכייה 2017 מגדים,,,חנוכייה 2017 מגדים,00000000000000000000,0.00,00000000000000000000,false,,11.90,0.0000,true,1,1401383
7290107939737,true,סביבון 2017 מגדים,,,סביבון 2017 מגדים,00000000000000000000,0.00,00000000000000000000,false,,9.80,0.0000,true,1,1401384
7290107939898,true,נר 2017 מגדים,,,נר 2017 מגדים,00000000000000000000,0.00,00000000000000000000,false,,7.90,0.0000,true,1,1401385
7290107939997,true,אקטיביה בר עםגרנולה,,,אקטיביה בר עםגרנולה,00000000000000000000,0.00,00000000000000000000,false,,4.50,0.0000,true,1,1393327
7290107940269,true,מילקי אייסקפה,,,מילקי אייסקפה,00000000000000000000,0.00,00000000000000000000,false,,2.80,0.0000,true,1,1393329
7290107940467,false,יוגורט 1.5% דנונה אק,,,יוגורט 1.5% דנונה אק,גרמים,200.00,100 גרם,false,,4.00,0.0200,true,1,1393331
7290107940528,true,מארז גמדים ארטיק,,,מארז גמדים ארטיק,00000000000000000000,0.00,00000000000000000000,false,,10.90,0.0000,true,1,1393333
7290107940818,true,ספלנדיד ט אגוזי לוז,,,ספלנדיד ט אגוזי לוז,00000000000000000000,0.00,00000000000000000000,false,,9.90,0.0000,true,1,1401387
7290107941921,true,"כשל""פ ספלנדיד מריר 6",,,"כשל""פ ספלנדיד מריר 6",00000000000000000000,0.00,00000000000000000000,false,,9.90,0.0000,true,1,1401389
7290107942027,true,דנונה זירו פירות יער,,,דנונה זירו פירות יער,00000000000000000000,0.00,00000000000000000000,false,,4.50,0.0000,true,1,1393334
7290107942072,true,דנונה בר גליליות,,,דנונה בר גליליות,00000000000000000000,0.00,00000000000000000000,false,,4.30,0.0000,true,1,1393335
7290107942331,true,מילקי מוס שוקולד מרי,,,מילקי מוס שוקולד מרי,00000000000000000000,0.00,00000000000000000000,false,,3.30,0.0000,true,1,1393342
7290107942348,true,מילקי בטעם שוקולד צ',,,מילקי בטעם שוקולד צ',00000000000000000000,0.00,00000000000000000000,false,,3.50,0.0000,true,1,1393343
7290107942485,true,שישיית מילקי שוט,,,שישיית מילקי שוט,00000000000000000000,0.00,00000000000000000000,false,,19.90,0.0000,true,1,1393344
7290107943369,false,קוואקר שיבולת שועל ל,,,קוואקר שיבולת שועל ל,גרמים,511.00,100 גרם,false,,19.90,0.0389,true,1,1393597
7290107943697,true,פריכיות אורז מלא מצו,,,פריכיות אורז מלא מצו,00000000000000000000,0.00,00000000000000000000,false,,7.50,0.0000,true,1,1401395
7290107943710,true,פריכיות אנרג' תחתית,,,פריכיות אנרג' תחתית,00000000000000000000,0.00,00000000000000000000,false,,7.50,0.0000,true,1,1401396
7290107944267,true,עוגת דבש - יד מרדכי,,,עוגת דבש - יד מרדכי,00000000000000000000,0.00,00000000000000000000,false,,7.90,0.0000,true,1,1401399
7290107944472,false,סימפוניה שום שמיר 5%,,,סימפוניה שום שמיר 5%,גרמים,200.00,100 גרם,false,,11.00,0.0550,true,1,1393350
7290107944540,true,רבע לשבע ארטיק שוקו,,,רבע לשבע ארטיק שוקו,00000000000000000000,0.00,00000000000000000000,false,,10.90,0.0000,true,1,1401402
7290107944564,true,פתיבר 500 גרם מהדורת,,,פתיבר 500 גרם מהדורת,00000000000000000000,0.00,00000000000000000000,false,,8.90,0.0000,true,1,1401403
7290107944601,true,חומוס אבי בתוספת פלפ,,,חומוס אבי בתוספת פלפ,גרמים,0.00,00000000000000000גרם,false,,12.80,0.0000,true,1,1393351
7290107945042,true,מילקי cake שוקו שוקו,,,מילקי cake שוקו שוקו,00000000000000000000,0.00,00000000000000000000,false,,9.90,0.0000,true,1,1393352
7290107945110,true,סוכריות מנטה ספירמינ,,,סוכריות מנטה ספירמינ,גרמים,0.00,00000000000000000גרם,false,,6.80,0.0000,true,1,1401405
7290107945165,false,קונפיטורת משמש 340 ג,,,קונפיטורת משמש 340 ג,גרמים,340.00,100 גרם,false,,13.90,0.0409,true,1,1401406
7290107945257,true,מילקי אייריש קרים,,,מילקי אייריש קרים,00000000000000000000,0.00,00000000000000000000,false,,3.50,0.0000,true,1,1393353
7290107945301,true,"השוקו שלי 350 מ""ל",,,"השוקו שלי 350 מ""ל",מיליליטרים,0.00,"00000000000000000מ""ל",false,,6.10,0.0000,true,1,1393354
7290107945424,true,דנונה פרו 2.9% טבעי,,,דנונה פרו 2.9% טבעי,גרמים,0.00,00000000000000000גרם,false,,5.80,0.0000,true,1,1393355
7290107945448,true,חומוס לניגוב 150 גרם,,,חומוס לניגוב 150 גרם,גרמים,0.00,00000000000000000גרם,false,,5.90,0.0000,true,1,1393356
7290107945684,true,מארז דנונה טריו תות,,,מארז דנונה טריו תות,00000000000000000000,0.00,00000000000000000000,false,,8.90,0.0000,true,1,1393357
7290107945691,true,דנונה טריו אננס קוקו,,,דנונה טריו אננס קוקו,00000000000000000000,0.00,00000000000000000000,false,,8.90,0.0000,true,1,1393358
7290107950053,true,מארז דנונה תות,,,מארז דנונה תות,00000000000000000000,0.00,00000000000000000000,false,,11.90,0.0000,true,1,1393370
7290107950060,true,דנונה פרו טריפל זירו,,,דנונה פרו טריפל זירו,00000000000000000000,0.00,00000000000000000000,false,,4.50,0.0000,true,1,1393371
7290107950091,true,אקטימל רימון שמינייה,,,אקטימל רימון שמינייה,00000000000000000000,0.00,00000000000000000000,false,,19.90,0.0000,true,1,1393372
7290107950107,true,אקטימל 8 ליים,,,אקטימל 8 ליים,00000000000000000000,0.00,00000000000000000000,false,,19.90,0.0000,true,1,1393373
7290107950114,true,דנונה פרו טעם קפה,,,דנונה פרו טעם קפה,00000000000000000000,0.00,00000000000000000000,false,,4.50,0.0000,true,1,1393374
7290107950121,true,דנונה שלוק 4 תות דיס,,,דנונה שלוק 4 תות דיס,00000000000000000000,0.00,00000000000000000000,false,,11.90,0.0000,true,1,1393375
7290107950145,true,דנונה יווני תות,,,דנונה יווני תות,00000000000000000000,0.00,00000000000000000000,false,,3.20,0.0000,true,1,1393376
7290107950152,true,דנונה יווני פירות יע,,,דנונה יווני פירות יע,00000000000000000000,0.00,00000000000000000000,false,,3.20,0.0000,true,1,1393377
7290107950299,true,ספלנדיד שכבות מוס שו,,,ספלנדיד שכבות מוס שו,00000000000000000000,0.00,00000000000000000000,false,,3.90,0.0000,true,1,1393384
7290107950374,true,מילקי בטעם טופי קרמל,,,מילקי בטעם טופי קרמל,00000000000000000000,0.00,00000000000000000000,false,,2.80,0.0000,true,1,1393386
7290107950428,true,גמדים אפרסק,,,גמדים אפרסק,00000000000000000000,0.00,00000000000000000000,false,,10.80,0.0000,true,1,1393387
7290107950442,true,סקי פאי תפוחים 3%,,,סקי פאי תפוחים 3%,00000000000000000000,0.00,00000000000000000000,false,,3.60,0.0000,true,1,1393388
7290107950534,true,סימפוניה חריפה סחוג,,,סימפוניה חריפה סחוג,00000000000000000000,0.00,00000000000000000000,false,,10.50,0.0000,true,1,1393392
7290107950541,true,סימפוניה חריפה אריסה,,,סימפוניה חריפה אריסה,00000000000000000000,0.00,00000000000000000000,false,,10.50,0.0000,true,1,1393393
7290107950565,true,סימפוניה קימל 5%,,,סימפוניה קימל 5%,00000000000000000000,0.00,00000000000000000000,false,,10.50,0.0000,true,1,1393394
7290107950589,true,סימפוניה פרג וקצח 5%,,,סימפוניה פרג וקצח 5%,00000000000000000000,0.00,00000000000000000000,false,,10.50,0.0000,true,1,1393395
7290107950909,true,חומוס אבי חלק,,,חומוס אבי חלק,00000000000000000000,0.00,00000000000000000000,false,,13.90,0.0000,true,1,1393396
7290107950916,true,חומוס עם פלפל אדום ק,,,חומוס עם פלפל אדום ק,גרמים,0.00,00000000000000000גרם,false,,10.20,0.0000,true,1,1393397
7290107950923,true,חומוס עם עמבה 400 גר,,,חומוס עם עמבה 400 גר,גרמים,0.00,00000000000000000גרם,false,,10.20,0.0000,true,1,1393398
7290107950947,true,חומוס אבי בתוספת טחי,,,חומוס אבי בתוספת טחי,גרמים,0.00,00000000000000000גרם,false,,12.80,0.0000,true,1,1393399
7290107950954,true,חומוס אבי בתוספת שום,,,חומוס אבי בתוספת שום,גרמים,0.00,00000000000000000גרם,false,,12.80,0.0000,true,1,1393400
7290107951104,false,בפלות שוקולד 200 גרם,,,בפלות שוקולד 200 גרם,יחידה,0.00,יחידה,false,,4.90,0.0000,true,1,1401413
7290107951128,true,בפלות וניל 200 גרם,,,בפלות וניל 200 גרם,00000000000000000000,0.00,00000000000000000000,false,,3.90,0.0000,true,1,1401414
7290107951258,true,קונפיטורת שזיף 340 ג,,,קונפיטורת שזיף 340 ג,גרמים,0.00,00000000000000000גרם,false,,11.90,0.0000,true,1,1401415
7290107951371,true,מילקשייק שוקולד לבן,,,מילקשייק שוקולד לבן,מיליליטרים,0.00,"00000000000000000מ""ל",false,,6.40,0.0000,true,1,1393402
7290107951500,true,ספלנדיד פרופיטרול זו,,,ספלנדיד פרופיטרול זו,00000000000000000000,0.00,00000000000000000000,false,,14.90,0.0000,true,1,1393406
7290107951791,true,מרשמלו וניל 150 גר,,,מרשמלו וניל 150 גר,גרמים,0.00,00000000000000000גרם,false,,4.90,0.0000,true,1,1401423
7290107951845,true,מאסט סורבה בטעם לימו,,,מאסט סורבה בטעם לימו,00000000000000000000,0.00,00000000000000000000,false,,4.00,0.0000,true,1,1401424
7290107952354,true,אנרג'י קידס פרוזן ת.,,,אנרג'י קידס פרוזן ת.,00000000000000000000,0.00,00000000000000000000,false,,9.90,0.0000,true,1,1401425
7290107953733,true,פסק זמן קוקוס,,,פסק זמן קוקוס,00000000000000000000,0.00,00000000000000000000,false,,4.10,0.0000,true,1,1401427
7290107953740,true,פסק זמן וניל קרמל,,,פסק זמן וניל קרמל,00000000000000000000,0.00,00000000000000000000,false,,4.10,0.0000,true,1,1401428
7290107953917,true,פרכיות גדולות תפוחי,,,פרכיות גדולות תפוחי,00000000000000000000,0.00,00000000000000000000,false,,9.90,0.0000,true,1,1401430
7290107954006,true,דנונה פרו תפוח,,,דנונה פרו תפוח,00000000000000000000,0.00,00000000000000000000,false,,4.50,0.0000,true,1,1393411
7290107954129,true,סימפוניה פטה,,,סימפוניה פטה,00000000000000000000,0.00,00000000000000000000,false,,18.90,0.0000,true,1,1393412
7290107954143,true,דנונה יווני אננס,,,דנונה יווני אננס,00000000000000000000,0.00,00000000000000000000,false,,3.20,0.0000,true,1,1393413
7290107954327,true,מארז דנונה יווני,,,מארז דנונה יווני,00000000000000000000,0.00,00000000000000000000,false,,8.90,0.0000,true,1,1393414
7290107954334,true,דנונה לשתיה לימונענע,,,דנונה לשתיה לימונענע,00000000000000000000,0.00,00000000000000000000,false,,4.80,0.0000,true,1,1393415
7290107954341,true,דנונה לשתיה תות,,,דנונה לשתיה תות,00000000000000000000,0.00,00000000000000000000,false,,4.80,0.0000,true,1,1393416
7290107954433,true,אנרג'י מאג.מוקה ש.חל,,,אנרג'י מאג.מוקה ש.חל,00000000000000000000,0.00,00000000000000000000,false,,13.90,0.0000,true,1,1401433
7290107954440,true,אנרג'י מאג.צאי מסלה,,,אנרג'י מאג.צאי מסלה,00000000000000000000,0.00,00000000000000000000,false,,13.90,0.0000,true,1,1401434
7290107954525,true,סוכריות אשכולית אדומ,,,סוכריות אשכולית אדומ,00000000000000000000,0.00,00000000000000000000,false,,6.80,0.0000,true,1,1401436
7290107954662,true,אייס קפה שלי 350 מל,,,אייס קפה שלי 350 מל,00000000000000000000,0.00,00000000000000000000,false,,6.10,0.0000,true,1,1393417
7290107954693,true,קונפיטורת תאנה אגס 3,,,קונפיטורת תאנה אגס 3,גרמים,0.00,00000000000000000גרם,false,,11.90,0.0000,true,1,1401438
7290107954709,false,קונפיטורת פירות יער,,,קונפיטורת פירות יער,גרמים,340.00,100 גרם,false,,13.90,0.0409,true,1,1401439
7290107954716,true,קונפיטורת אפרסק פסיפ,,,קונפיטורת אפרסק פסיפ,00000000000000000000,0.00,00000000000000000000,false,,9.90,0.0000,true,1,1401440
7290107954723,true,קונפיטורת תפוח אגס 3,,,קונפיטורת תפוח אגס 3,גרמים,0.00,00000000000000000גרם,false,,9.90,0.0000,true,1,1401441
7290107955249,true,נמס בטעם קרמל 100 גר,,,נמס בטעם קרמל 100 גר,גרמים,0.00,00000000000000000גרם,false,,16.90,0.0000,true,1,1401442
7290107955508,true,דנונה בר גליליות שוק,,,דנונה בר גליליות שוק,00000000000000000000,0.00,00000000000000000000,false,,4.30,0.0000,true,1,1393419
7290107955546,true,"חבילת שי כשל""פ",,,"חבילת שי כשל""פ",00000000000000000000,0.00,00000000000000000000,false,,59.90,0.0000,true,1,1401444
7290107956178,true,אקטיביה שזיף אוכמניו,,,אקטיביה שזיף אוכמניו,00000000000000000000,0.00,00000000000000000000,false,,4.50,0.0000,true,1,1393420
7290107956253,true,אקטיביה בר חצוי בתוס,,,אקטיביה בר חצוי בתוס,00000000000000000000,0.00,00000000000000000000,false,,4.50,0.0000,true,1,1393421
7290107956529,true,דנונה פרו לבן 700 גר,,,דנונה פרו לבן 700 גר,00000000000000000000,0.00,00000000000000000000,false,,19.90,0.0000,true,1,1393422
7290107956642,false,"תרסיס שמן זית 150 מ""",,,"תרסיס שמן זית 150 מ""",מיליליטרים,150.00,"100 מ""ל",false,,17.90,0.1193,true,1,1401447
7290107956826,true,עוגיות שוקולד ציפס ת,,,עוגיות שוקולד ציפס ת,00000000000000000000,0.00,00000000000000000000,false,,8.90,0.0000,true,1,1401448
7290107956932,false,קפסולות 12 אינדונזיה,,,קפסולות 12 אינדונזיה,יחידה,10.00,יחידה,false,,17.90,1.7900,true,1,1401450
7290107958035,false,מארז דנונה מתיקות מע,,,מארז דנונה מתיקות מע,גרמים,1200.00,100 גרם,false,,17.90,0.0149,true,1,1393438
7290107974806,false,מאסטר שף אורז בסמטי,,,מאסטר שף אורז בסמטי,גרמים,1000.00,100 גרם,false,,11.90,0.0119,true,1,1409430
7290107974820,false,מנה ממרח ספייסי מתוב,,,מנה ממרח ספייסי מתוב,גרמים,252.00,100 גרם,false,,7.90,0.0313,true,1,1399379
7290107974837,false,מאסטר שף ממרח מתובל,,,מאסטר שף ממרח מתובל,גרמים,253.00,100 גרם,false,,7.90,0.0312,true,1,1399380
7290107979542,false,קוקי רדיד אלומיניום,,,קוקי רדיד אלומיניום,יחידה,0.00,יחידה,false,,9.90,0.0000,true,1,1399393
7290108075724,true,משאבה לבלוני מים עם,,,משאבה לבלוני מים עם,00000000000000000000,0.00,00000000000000000000,false,,28.90,0.0000,true,1,1399889
7290108271171,false,מגשית אלומיניום עם מ,,,מגשית אלומיניום עם מ,יחידה,3.00,יחידה,false,,7.90,2.6333,true,1,1400603
7290108271188,false,כוסות נייר שתיה חמה,,,כוסות נייר שתיה חמה,יחידה,50.00,יחידה,false,,11.90,0.2380,true,1,1403079
7290108271416,false,שקיות אשפה 52/65 עם,,,שקיות אשפה 52/65 עם,יחידה,1.00,יחידה,false,,18.90,18.9000,true,1,1400608
7290108271430,false,שקית אשפה עם שרוך זו,,,שקית אשפה עם שרוך זו,גרמים,760.00,100 גרם,false,,14.60,0.0192,true,1,1405020
7290108271454,false,שקיות מזון בקופסא רמ,,,שקיות מזון בקופסא רמ,יחידה,300.00,יחידה,false,,9.90,0.0330,true,1,1400609
7290108271461,false,שקיות הקפאה-זוגות גל,,,שקיות הקפאה-זוגות גל,יחידה,2.00,יחידה,false,,8.30,4.1500,true,1,1405021
7290108271492,false,נייר אפייה רמי לוי 3,,,נייר אפייה רמי לוי 3,יחידה,50.00,יחידה,false,,8.90,0.1780,true,1,1400610
7290108271621,false,רדיד אלומיניום עבה (,,,רדיד אלומיניום עבה (,יחידה,1.00,יחידה,false,,23.90,23.9000,true,1,1407433
7290108271652,false,צמרוני עץ רמי לוי 10,,,צמרוני עץ רמי לוי 10,יחידה,100.00,יחידה,false,,1.90,0.0190,true,1,1400614
7290108271812,false,קופסאות אחסון 2 ליטר,,,קופסאות אחסון 2 ליטר,יחידה,4.00,יחידה,false,,9.90,2.4750,true,1,1400617
7290108272130,false,נייר סנדויץ 25*35 רמ,,,נייר סנדויץ 25*35 רמ,יחידה,100.00,יחידה,false,,8.90,0.0890,true,1,1400623
7290108272154,false,מרקיות רמי לוי 25 יח,,,מרקיות רמי לוי 25 יח,יחידה,25.00,יחידה,false,,7.90,0.3160,true,1,1400625
7290108272185,false,צלחת בינוני רמי לוי,,,צלחת בינוני רמי לוי,יחידה,50.00,יחידה,false,,13.90,0.2780,true,1,1400628
7290108272192,false,זוג מפות לבן חלק רמי,,,זוג מפות לבן חלק רמי,יחידה,2.00,יחידה,false,,9.90,4.9500,true,1,1400629
7290108272451,false,מרקיה קרם רמי לוי 25,,,מרקיה קרם רמי לוי 25,יחידה,25.00,יחידה,false,,7.90,0.3160,true,1,1400632
7290108272550,false,שקיות אוכל מנייר (50,,,שקיות אוכל מנייר (50,יחידה,50.00,יחידה,false,,7.90,0.1580,true,1,1407434
7290108272659,false,שקיות מזון 18*24 (20,,,שקיות מזון 18*24 (20,100 יחידה,200.00,100 יחידה,false,,3.90,0.0195,true,1,1417389
7290108273083,false,צלחת 7' קרם (25 יח'),,,צלחת 7' קרם (25 יח'),יחידה,25.00,יחידה,false,,6.90,0.2760,true,1,1400634
7290108273106,false,צלחת 7' כסף (25 יח'),,,צלחת 7' כסף (25 יח'),יחידה,25.00,יחידה,false,,6.90,0.2760,true,1,1406395
7290108273168,false,צלחת 9' קרם (25 יח'),,,צלחת 9' קרם (25 יח'),יחידה,25.00,יחידה,false,,12.90,0.5160,true,1,1400635
7290108273182,false,צלחת 9' כסף (25 יח'),,,צלחת 9' כסף (25 יח'),יחידה,25.00,יחידה,false,,12.90,0.5160,true,1,1406396
7290108273427,false,ניילון נצמד 150 מ' ס,,,ניילון נצמד 150 מ' ס,יחידה,1.00,יחידה,false,,17.00,17.0000,true,1,1400638
7290108273601,false,קשים צבעוניים רמי לו,,,קשים צבעוניים רמי לו,יחידה,225.00,יחידה,false,,10.90,0.0484,true,1,1400640
7290108273632,false,שיפודי עץ רמי לוי 10,,,שיפודי עץ רמי לוי 10,יחידה,100.00,יחידה,false,,3.90,0.0390,true,1,1400642
7290108273656,false,תבניות אלומניום צרות,,,תבניות אלומניום צרות,יחידה,5.00,יחידה,false,,7.90,1.5800,true,1,1407317
7290108273663,false,מגשיות אלומיניום גדו,,,מגשיות אלומיניום גדו,יחידה,5.00,יחידה,false,,6.90,1.3800,true,1,1400643
7290108273670,false,תבניות אלומניום ענקי,,,תבניות אלומניום ענקי,יחידה,3.00,יחידה,false,,8.90,2.9667,true,1,1400644
7290108273694,false,תבנית אינגליש קייק ר,,,תבנית אינגליש קייק ר,יחידה,10.00,יחידה,false,,7.90,0.7900,true,1,1400645
7290108273847,false,תבנית מאפין אישית (5,,,תבנית מאפין אישית (5,יחידה,50.00,יחידה,false,,9.90,0.1980,true,1,1407436
7290108274059,false,מגשיות אלומיניום קטנ,,,מגשיות אלומיניום קטנ,יחידה,8.00,יחידה,false,,7.90,0.9875,true,1,1400654
7290108274127,false,שקיות אשפה 52/65 (10,,,שקיות אשפה 52/65 (10,יחידה,100.00,יחידה,false,,19.90,0.1990,true,1,1406402
7290108274585,false,כוסות נייר שתיה חמה,,,כוסות נייר שתיה חמה,יחידה,50.00,יחידה,false,,11.90,0.2380,true,1,1400657
7290108274592,false,נייר אפייה רמי לוי 3,,,נייר אפייה רמי לוי 3,יחידה,50.00,יחידה,false,,8.90,0.1780,true,1,1409325
7290108274622,false,מרקיות רמי לוי 25 יח,,,מרקיות רמי לוי 25 יח,יחידה,25.00,יחידה,false,,7.90,0.3160,true,1,1406804
7290108274639,false,צלחת בינוני רמי לוי,,,צלחת בינוני רמי לוי,יחידה,50.00,יחידה,false,,13.90,0.2780,true,1,1406805
7290108274707,false,צלחת 9' קרם (25 יח'),,,צלחת 9' קרם (25 יח'),יחידה,25.00,יחידה,false,,12.90,0.5160,true,1,1400658
7290108275124,false,כפפות גומי (L) רמי ל,,,כפפות גומי (L) רמי ל,יחידה,1.00,יחידה,false,,5.90,5.9000,true,1,1400662
7290108275544,false,מזלג לבן (100 יח') ב,,,מזלג לבן (100 יח') ב,יחידה,100.00,יחידה,false,,9.90,0.0990,true,1,1400665
7290108275551,false,כף לבן 100 יחידות,,,כף לבן 100 יחידות,יחידה,100.00,יחידה,false,,9.90,0.0990,true,1,1400666
7290108275568,false,כפית לבן 100 יחידות,,,כפית לבן 100 יחידות,יחידה,100.00,יחידה,false,,7.90,0.0790,true,1,1400667
7290108276343,false,מטליות רצפה זיגזג 3,,,מטליות רצפה זיגזג 3,יחידה,3.00,יחידה,false,,7.90,2.6333,true,1,1400676
7290108277241,false,קשיות עבות 100 יחידו,,,קשיות עבות 100 יחידו,יחידה,100.00,יחידה,false,,4.90,0.0490,true,1,1408315
7290108277432,false,כוסות עם מכסה 30 יחי,,,כוסות עם מכסה 30 יחי,יחידה,30.00,יחידה,false,,17.90,0.5967,true,1,1408316
7290108277555,false,שקיות אשפה 75*90 רמי,,,שקיות אשפה 75*90 רמי,יחידה,40.00,יחידה,false,,19.90,0.4975,true,1,1400682
7290108277579,false,שקיות אשפה לפחים קטנ,,,שקיות אשפה לפחים קטנ,יחידה,100.00,יחידה,false,,10.90,0.1090,true,1,1400683
7290108350616,false,מרכך מרוכז 1 ליטר מק,,,מרכך מרוכז 1 ליטר מק,מיליליטרים,1000.00,"100 מ""ל",false,,17.90,0.0179,true,1,1396440
7290108350623,false,מרכך מרוכז 1 ליטר סו,,,מרכך מרוכז 1 ליטר סו,מיליליטרים,1000.00,"100 מ""ל",false,,17.90,0.0179,true,1,1396441
7290108350968,false,דאודורנט תרסיס להגנה,,,דאודורנט תרסיס להגנה,מיליליטרים,200.00,"100 מ""ל",false,,9.90,0.0495,true,1,1406597
7290108351507,false,מרכך 4 ליטר סופט סיל,,,מרכך 4 ליטר סופט סיל,מיליליטרים,4000.00,"100 מ""ל",false,,21.90,0.0055,true,1,1396443
7290108351552,false,"ג'ט חומץ מרסס 750 מ""",,,"ג'ט חומץ מרסס 750 מ""",מיליליטרים,750.00,"100 מ""ל",false,,15.90,0.0212,true,1,1396445
7290108351583,false,ג'ט לאסלה בתוספת חומ,,,ג'ט לאסלה בתוספת חומ,מיליליטרים,750.00,"100 מ""ל",false,,11.90,0.0159,true,1,1396446
7290108351767,false,מכשיר אוטומטיק + מיל,,,מכשיר אוטומטיק + מיל,יחידה,1.00,יחידה,false,,44.90,44.9000,true,1,1406599
7290108351804,false,מקסימה מרכךסופר מרוכ,,,מקסימה מרכךסופר מרוכ,מיליליטרים,1000.00,"100 מ""ל",false,,17.90,0.0179,true,1,1405420
7290108351811,false,מקסימה מרכךסופר מרוכ,,,מקסימה מרכךסופר מרוכ,מיליליטרים,1000.00,"100 מ""ל",false,,17.90,0.0179,true,1,1405421
7290108352399,false,ריצפז פרש הום פלורל,,,ריצפז פרש הום פלורל,מיליליטרים,2000.00,"100 מ""ל",false,,19.90,0.0099,true,1,1415853
7290108352566,false,מרכך כביסה סנו מקסימ,,,מרכך כביסה סנו מקסימ,מיליליטרים,4000.00,"100 מ""ל",false,,21.90,0.0055,true,1,1415072
7290108352672,false,מטליות הפלא לריצפה מ,,,מטליות הפלא לריצפה מ,יחידה,2.00,יחידה,false,,19.90,9.9500,true,1,1396450
7290108352825,false,ספוג הפלא נירוסטה סנ,,,ספוג הפלא נירוסטה סנ,יחידה,1.00,יחידה,false,,11.90,11.9000,true,1,1403953
7290108354270,false,מרכך מרוכז כאלם 1 לי,,,מרכך מרוכז כאלם 1 לי,מיליליטרים,1000.00,"100 מ""ל",false,,17.90,0.0179,true,1,1415073
7290108359077,false,ממחטות לושן 120 יחיד,,,ממחטות לושן 120 יחיד,יחידה,120.00,יחידה,false,,13.90,0.1158,true,1,1415856
7290108359855,false,שמפו אל דמע לתינוק ב,,,שמפו אל דמע לתינוק ב,מיליליטרים,750.00,"100 מ""ל",false,,18.90,0.0252,true,1,1396473
7290108468939,false,גרבי בריאות (3) גבר,,,גרבי בריאות (3) גבר,100 יחידה,1.00,100 יחידה,false,,20.00,20.0000,true,1,1418057
7290108500677,false,כבד דג שיבוט בשמן הד,,,כבד דג שיבוט בשמן הד,גרמים,115.00,100 גרם,false,,9.90,0.0861,true,1,1410531
7290108501353,false,אנשובי ארוך בשמן 45,,,אנשובי ארוך בשמן 45,גרמים,45.00,100 גרם,false,,6.90,0.1533,true,1,1395290
7290108501360,false,גבינת צ'דר בשלה 200,,,גבינת צ'דר בשלה 200,גרמים,200.00,100 גרם,false,,19.90,0.0995,true,1,1410537
7290108501391,false,גבינה חצי קשה מחלב ע,,,גבינה חצי קשה מחלב ע,גרמים,150.00,100 גרם,false,,22.90,0.1527,true,1,1413674
7290108501490,false,גבינת מוצרלה פרוסות,,,גבינת מוצרלה פרוסות,גרמים,150.00,100 גרם,false,,13.90,0.0927,true,1,1395292
7290108502305,false,גבינת גרנה פדנו משול,,,גבינת גרנה פדנו משול,גרמים,150.00,100 גרם,false,,19.90,0.1327,true,1,1410534
7290108502329,false,נתחי טונה בהירה בשמן,,,נתחי טונה בהירה בשמן,גרמים,640.00,100 גרם,false,,29.90,0.0467,true,1,1414062
7290108502558,false,גבינה במרקם שמנת ליי,,,גבינה במרקם שמנת ליי,גרמים,200.00,100 גרם,false,,12.90,0.0645,true,1,1395305
7290108502725,false,גבינת גאודה פרוסות 2,,,גבינת גאודה פרוסות 2,גרמים,400.00,100 גרם,false,,19.90,0.0497,true,1,1395311
7290108502763,false,גבינת קממבר יורו 200,,,גבינת קממבר יורו 200,גרמים,200.00,100 גרם,false,,20.90,0.1045,true,1,1414063
7290108502862,false,מלפפונים כבושים במלח,,,מלפפונים כבושים במלח,גרמים,600.00,100 גרם,false,,11.90,0.0198,true,1,1405504
7290108503043,false,תפוחי עץ מיובשים תפו,,,תפוחי עץ מיובשים תפו,גרמים,88.00,100 גרם,false,,14.90,0.1693,true,1,1404440
7290108503067,false,פרמז'נו משולש יורו 1,,,פרמז'נו משולש יורו 1,גרמים,150.00,100 גרם,false,,15.90,0.1060,true,1,1410535
7290108503159,false,גבינה כחולה 31% עם ע,,,גבינה כחולה 31% עם ע,גרמים,100.00,100 גרם,false,,14.90,0.1490,true,1,1395314
7290108503982,false,פרוסות גבינה בטעם צ',,,פרוסות גבינה בטעם צ',גרמים,150.00,100 גרם,false,,10.90,0.0727,true,1,1404444
7290108503999,false,פרוסות גבינה בטעם גא,,,פרוסות גבינה בטעם גא,גרמים,150.00,100 גרם,false,,10.90,0.0727,true,1,1404445
7290108504002,false,פרוסות גבינה לייט 9%,,,פרוסות גבינה לייט 9%,גרמים,150.00,100 גרם,false,,10.90,0.0727,true,1,1404446
7290108505375,false,גבינה צהובה פרוסה גו,,,גבינה צהובה פרוסה גו,גרמים,400.00,100 גרם,false,,20.90,0.0522,true,1,1418770
7290108505689,false,גבינת גרנה פדנו מגור,,,גבינת גרנה פדנו מגור,גרמים,100.00,100 גרם,false,,10.90,0.1090,true,1,1405539
7290108505733,false,צמות - גבינה חצי קשה,,,צמות - גבינה חצי קשה,גרמים,200.00,100 גרם,false,,14.90,0.0745,true,1,1409296
7290108505740,false,גבינת קשקבל חצי קשה,,,גבינת קשקבל חצי קשה,גרמים,200.00,100 גרם,false,,14.90,0.0745,true,1,1409297
7290108506624,false,עיזים צ'אנק יורו 150,,,עיזים צ'אנק יורו 150,גרמים,150.00,100 גרם,false,,17.90,0.1193,true,1,1418874
7290108506709,false,גבינת פרמג'יאנו רג'י,,,גבינת פרמג'יאנו רג'י,גרמים,150.00,100 גרם,false,,24.90,0.1660,true,1,1416461
7290108507065,false,גבינת פרמג'יאנו רג'י,,,גבינת פרמג'יאנו רג'י,גרמים,100.00,100 גרם,false,,13.90,0.1390,true,1,1411202
7290108507072,false,שבבי גבינת גרנה פדנו,,,שבבי גבינת גרנה פדנו,גרמים,100.00,100 גרם,false,,10.90,0.1090,true,1,1411209
7290108508147,false,עגבניות איטלקיות בקר,,,עגבניות איטלקיות בקר,גרמים,500.00,100 גרם,false,,9.90,0.0198,true,1,1414570
7290108509113,false,גבינה בולגרית מעודנת,,,גבינה בולגרית מעודנת,גרמים,250.00,100 גרם,false,,11.90,0.0476,true,1,1413681
7290108509137,false,גבינה בולגרית מעודנת,,,גבינה בולגרית מעודנת,גרמים,250.00,100 גרם,false,,11.90,0.0476,true,1,1413673
7290108509267,false,ארוחת פסטה עם רוטב ג,,,ארוחת פסטה עם רוטב ג,גרמים,250.00,100 גרם,false,,7.90,0.0316,true,1,1413682
7290108509700,false,אורז פרסי DAAWAT 1 ק,,,אורז פרסי DAAWAT 1 ק,גרמים,1000.00,100 גרם,false,,9.90,0.0099,true,1,1414575
7290108509960,false,נתחי טונה בשמן זית 3,,,נתחי טונה בשמן זית 3,גרמים,240.00,100 גרם,false,,15.90,0.0663,true,1,1415346
7290108538977,false,מטריה קופיקס,,,מטריה קופיקס,יחידה,1.00,יחידה,false,,8.00,8.0000,true,1,1396633
7290109352916,false,פריכיות שוקולד לבן,,,פריכיות שוקולד לבן,גרמים,84.00,100 גרם,false,,12.90,0.1536,true,1,1394535
7290109358482,false,קרמוגית במילוי חלבה,,,קרמוגית במילוי חלבה,גרמים,200.00,100 גרם,false,,9.90,0.0495,true,1,1404012
7290109580098,false,קבנוס בטעם סרירצ'ה ז,,,קבנוס בטעם סרירצ'ה ז,גרמים,135.00,100 גרם,false,,10.90,0.0807,true,1,1416546
7290109580166,false,סרוולד פרימיום זוגלו,,,סרוולד פרימיום זוגלו,גרמים,150.00,100 גרם,false,,24.90,0.1660,true,1,1411140
7290109580227,false,נקניקיות ריינהולד'ס,,,נקניקיות ריינהולד'ס,גרמים,300.00,100 גרם,false,,21.90,0.0730,true,1,1414320
7290109920627,false,קרם לניקוי האמבט אסט,,,קרם לניקוי האמבט אסט,מיליליטרים,500.00,"100 מ""ל",false,,12.90,0.0258,true,1,1415363
7290109923031,false,אסטוניש מרסס פרמיום,,,אסטוניש מרסס פרמיום,מיליליטרים,750.00,"100 מ""ל",false,,17.90,0.0239,true,1,1416563
7290109923048,false,אסטוניש מרסס פרמיום,,,אסטוניש מרסס פרמיום,מיליליטרים,750.00,"100 מ""ל",false,,17.90,0.0239,true,1,1416564
7290109923147,false,אסטוניש מרסס פלא של,,,אסטוניש מרסס פלא של,מיליליטרים,750.00,"100 מ""ל",false,,17.90,0.0239,true,1,1418773
7290110110369,false,בירה קרלסברג LUMA שי,,,בירה קרלסברג LUMA שי,מיליליטרים,1980.00,"100 מ""ל",false,,39.90,0.0202,true,1,1407861
7290110110659,false,סליק ספרייט LIME 330,,,סליק ספרייט LIME 330,מיליליטרים,330.00,"100 מ""ל",false,,6.20,0.0188,true,1,1398883
7290110110703,false,מארז ספרייט חדש 6 פח,,,מארז ספרייט חדש 6 פח,מיליליטרים,1980.00,"100 מ""ל",false,,24.10,0.0122,true,1,1404914
7290110111809,false,פאנטה אורנג' 6 פח FR,,,פאנטה אורנג' 6 פח FR,מיליליטרים,1980.00,"100 מ""ל",false,,24.10,0.0122,true,1,1404915
7290110114787,false,מים בטעם תפוח נביעות,,,מים בטעם תפוח נביעות,מיליליטרים,1500.00,"100 מ""ל",false,,9.20,0.0061,true,1,1415344
7290110114794,false,מים בטעם אפרסק נביעו,,,מים בטעם אפרסק נביעו,מיליליטרים,1500.00,"100 מ""ל",false,,9.20,0.0061,true,1,1414943
7290110114800,false,מים מינרליים בטעם ענ,,,מים מינרליים בטעם ענ,מיליליטרים,1500.00,"100 מ""ל",false,,9.20,0.0061,true,1,1414944
7290110114855,false,מים מינרילים נביעות,,,מים מינרילים נביעות,מיליליטרים,9000.00,"100 מ""ל",false,,13.70,0.0015,true,1,1414947
7290110114893,false,סחוט תפוז 2 ליטר,,,סחוט תפוז 2 ליטר,ליטרים,2.00,ליטר,false,,29.20,14.6000,true,1,1415017
7290110114954,false,פריגת 2 ליטר 100% מי,,,פריגת 2 ליטר 100% מי,מיליליטרים,2000.00,"100 מ""ל",false,,24.90,0.0124,true,1,1415298
7290110114961,false,פריגת תפוזים 1.5 ליט,,,פריגת תפוזים 1.5 ליט,מיליליטרים,1500.00,"100 מ""ל",false,,9.10,0.0061,true,1,1414948
7290110114985,false,פריגת אשכוליות 1.5 ל,,,פריגת אשכוליות 1.5 ל,מיליליטרים,1500.00,"100 מ""ל",false,,9.10,0.0061,true,1,1414950
7290110115005,false,משקה קל ענבים פריגת,,,משקה קל ענבים פריגת,מיליליטרים,1500.00,"100 מ""ל",false,,9.10,0.0061,true,1,1414951
7290110115036,false,פריגת מנגו 1.5 ליטר,,,פריגת מנגו 1.5 ליטר,מיליליטרים,1500.00,"100 מ""ל",false,,9.10,0.0061,true,1,1414954
7290110115043,false,פריגת לימונענע 1.5 ל,,,פריגת לימונענע 1.5 ל,מיליליטרים,1500.00,"100 מ""ל",false,,9.10,0.0061,true,1,1414955
7290110115050,false,פריגת מיקס תות-בננה,,,פריגת מיקס תות-בננה,מיליליטרים,1500.00,"100 מ""ל",false,,9.10,0.0061,true,1,1414956
7290110115081,false,פריגת צלול בטעם ענבי,,,פריגת צלול בטעם ענבי,מיליליטרים,1500.00,"100 מ""ל",false,,8.80,0.0059,true,1,1414958
7290110115104,false,פריגת צלול בטעם אפרס,,,פריגת צלול בטעם אפרס,מיליליטרים,1500.00,"100 מ""ל",false,,8.80,0.0059,true,1,1414960
7290110115180,false,מים מינרילים נביעות,,,מים מינרילים נביעות,מיליליטרים,1500.00,"100 מ""ל",false,,4.50,0.0030,true,1,1419446
7290110115203,false,קוקה קולה 1.5 ליטר,,,קוקה קולה 1.5 ליטר,מיליליטרים,1500.00,"100 מ""ל",false,,8.90,0.0059,true,1,1414968
7290110115210,false,דיאט קוקה קולה 1.5 ל,,,דיאט קוקה קולה 1.5 ל,מיליליטרים,1500.00,"100 מ""ל",false,,8.60,0.0057,true,1,1414969
7290110115227,false,קוקה קולה זירו בקבוק,,,קוקה קולה זירו בקבוק,מיליליטרים,1500.00,"100 מ""ל",false,,8.80,0.0059,true,1,1414970
7290110115272,false,ספרייט זירו בקבוק 1.,,,ספרייט זירו בקבוק 1.,מיליליטרים,1500.00,"100 מ""ל",false,,8.60,0.0057,true,1,1414973
7290110115319,false,פאנטה אקזוטיק 1.5 לי,,,פאנטה אקזוטיק 1.5 לי,מיליליטרים,1500.00,"100 מ""ל",false,,9.10,0.0061,true,1,1414975
7290110115333,false,פאנטה תות 1.5 ליטר,,,פאנטה תות 1.5 ליטר,מיליליטרים,1500.00,"100 מ""ל",false,,9.10,0.0061,true,1,1414977
7290110115340,false,פאנטה ענבים 1.5 ליטר,,,פאנטה ענבים 1.5 ליטר,מיליליטרים,1500.00,"100 מ""ל",false,,9.10,0.0061,true,1,1414978
7290110115357,false,קינלי סודה 1.5 ליטר,,,קינלי סודה 1.5 ליטר,מיליליטרים,1500.00,"100 מ""ל",false,,4.30,0.0029,true,1,1414979
7290110115364,false,קוקה קולה 6*1.5 ליטר,,,קוקה קולה 6*1.5 ליטר,ליטרים,9.00,ליטר,false,,51.10,5.6778,true,1,1414980
7290110115371,false,דיאט קוקה קולה 6*1.5,,,דיאט קוקה קולה 6*1.5,ליטרים,9.00,ליטר,false,,49.70,5.5222,true,1,1415343
7290110115401,false,שישיית קינלי סודה 1.,,,שישיית קינלי סודה 1.,מיליליטרים,9000.00,"100 מ""ל",false,,15.70,0.0017,true,1,1414983
7290110115418,false,קולה זירו קוקה קולה,,,קולה זירו קוקה קולה,מיליליטרים,9000.00,"100 מ""ל",false,,49.70,0.0055,true,1,1414984
7290110115463,false,תה קר אפרסק פיוז-טי,,,תה קר אפרסק פיוז-טי,מיליליטרים,1500.00,"100 מ""ל",false,,9.50,0.0063,true,1,1414989
7290110115616,false,פיוז תה גרין אננס זי,,,פיוז תה גרין אננס זי,מיליליטרים,1500.00,"100 מ""ל",false,,8.90,0.0059,true,1,1417331
7290110115623,false,פיוז תה אפרסק זירו 1,,,פיוז תה אפרסק זירו 1,מיליליטרים,1500.00,"100 מ""ל",false,,8.90,0.0059,true,1,1417332
7290110115838,false,ספרייט זירו  1.5 ליט,,,ספרייט זירו  1.5 ליט,מיליליטרים,1500.00,"100 מ""ל",false,,8.90,0.0059,true,1,1419248
7290110115876,false,קינלי סודה 1.5 ליטר,,,קינלי סודה 1.5 ליטר,מיליליטרים,1500.00,"100 מ""ל",false,,4.30,0.0029,true,1,1419180
7290110116064,false,פאנטה ZERO  פירות יר,,,פאנטה ZERO  פירות יר,מיליליטרים,1500.00,"100 מ""ל",false,,9.10,0.0061,true,1,1417636
7290110116132,false,סירופ לימון 750 פריג,,,סירופ לימון 750 פריג,מיליליטרים,750.00,"100 מ""ל",false,,24.90,0.0332,true,1,1419086
7290110116194,false,נביעות+ לימון ליים 0,,,נביעות+ לימון ליים 0,מיליליטרים,1500.00,"100 מ""ל",false,,9.90,0.0066,true,1,1418415
7290110116217,false,נביעות+ אשכולית 0 קל,,,נביעות+ אשכולית 0 קל,מיליליטרים,1500.00,"100 מ""ל",false,,9.90,0.0066,true,1,1418416
7290110116552,false,ספרייט למון היט 1.5,,,ספרייט למון היט 1.5,מיליליטרים,1500.00,"100 מ""ל",false,,8.90,0.0059,true,1,1419447
7290110116569,false,ספרייט זירו למון היט,,,ספרייט זירו למון היט,מיליליטרים,1500.00,"100 מ""ל",false,,8.60,0.0057,true,1,1419448
7290110320850,false,גבינת עמק 28% שומן פ,,,גבינת עמק 28% שומן פ,גרמים,200.00,100 גרם,false,,15.90,0.0795,true,1,1397540
7290110320867,false,פתיתי עמק 28% שומן,,,פתיתי עמק 28% שומן,גרמים,500.00,100 גרם,false,,29.90,0.0598,true,1,1397541
7290110320935,false,פרוסות מוצרלה מחלב ב,,,פרוסות מוצרלה מחלב ב,גרמים,150.00,100 גרם,false,,16.90,0.1127,true,1,1397476
7290110321277,false,קוטג' בקטנה 5%,,,קוטג' בקטנה 5%,גרמים,100.00,100 גרם,false,,2.70,0.0270,true,1,1397547
7290110321680,false,יוגורט 2.9% תות גו 2,,,יוגורט 2.9% תות גו 2,גרמים,200.00,100 גרם,false,,5.50,0.0275,true,1,1397552
7290110321697,false,יוגורט 2.9% אפרסק גו,,,יוגורט 2.9% אפרסק גו,גרמים,200.00,100 גרם,false,,5.70,0.0285,true,1,1397553
7290110321703,false,יוגורט 2.9% פירות יע,,,יוגורט 2.9% פירות יע,גרמים,200.00,100 גרם,false,,5.70,0.0285,true,1,1397554
7290110322014,false,טופו טבעי 300 גרם,,,טופו טבעי 300 גרם,גרמים,300.00,100 גרם,false,,12.50,0.0417,true,1,1397560
7290110322021,false,טופו בזיליקום 300 גר,,,טופו בזיליקום 300 גר,גרמים,300.00,100 גרם,false,,12.50,0.0417,true,1,1397561
7290110323073,false,משקה יוגורט 1% 20 גר,,,משקה יוגורט 1% 20 גר,מיליליטרים,250.00,"100 מ""ל",false,,6.30,0.0252,true,1,1397564
7290110323301,false,גבינת טל העמק 32% שו,,,גבינת טל העמק 32% שו,גרמים,200.00,100 גרם,false,,18.90,0.0945,true,1,1404882
7290110323585,false,יוגורט לייט 0.5% מוע,,,יוגורט לייט 0.5% מוע,גרמים,200.00,100 גרם,false,,5.70,0.0285,true,1,1404884
7290110323592,false,יוגורט לייט 0.5% מוע,,,יוגורט לייט 0.5% מוע,גרמים,200.00,100 גרם,false,,5.70,0.0285,true,1,1404885
7290110323714,false,משקה קוקוס שקדים תנו,,,משקה קוקוס שקדים תנו,מיליליטרים,1000.00,"100 מ""ל",false,,12.90,0.0129,true,1,1404890
7290110324353,false,יוגורט 0.5% מועשר אנ,,,יוגורט 0.5% מועשר אנ,גרמים,200.00,100 גרם,false,,5.70,0.0285,true,1,1404892
7290110324711,false,ממרח סויה בטעם טבעי,,,ממרח סויה בטעם טבעי,גרמים,250.00,100 גרם,false,,9.90,0.0396,true,1,1404898
7290110324728,false,גבינת סויה עם שום שמ,,,גבינת סויה עם שום שמ,גרמים,250.00,100 גרם,false,,8.10,0.0324,true,1,1404899
7290110324841,false,מעדן שקדים שוקולד מר,,,מעדן שקדים שוקולד מר,גרמים,125.00,100 גרם,false,,4.20,0.0336,true,1,1411461
7290110324858,false,מעדן שקדים אגוזי לוז,,,מעדן שקדים אגוזי לוז,גרמים,125.00,100 גרם,false,,4.20,0.0336,true,1,1411462
7290110324926,false,משקה סויה ללא תוספת,,,משקה סויה ללא תוספת,מיליליטרים,1000.00,"100 מ""ל",false,,10.90,0.0109,true,1,1404905
7290110325305,false,מעדן סויה גו מועשר ב,,,מעדן סויה גו מועשר ב,גרמים,200.00,100 גרם,false,,5.70,0.0285,true,1,1411454
7290110325312,false,מעדן סויה גו מועשר ת,,,מעדן סויה גו מועשר ת,גרמים,200.00,100 גרם,false,,5.70,0.0285,true,1,1411455
7290110325619,false,משקה שיבולת שועל 1 ל,,,משקה שיבולת שועל 1 ל,מיליליטרים,1000.00,"100 מ""ל",false,,12.90,0.0129,true,1,1409578
7290110325879,false,פתיתי גאודה 200 גרם,,,פתיתי גאודה 200 גרם,גרמים,200.00,100 גרם,false,,16.90,0.0845,true,1,1407303
7290110325893,false,תנובה GO אייס קפה 34,,,תנובה GO אייס קפה 34,מיליליטרים,340.00,"100 מ""ל",false,,7.70,0.0226,true,1,1411464
7290110326210,false,יופלה און טופ פצפוצי,,,יופלה און טופ פצפוצי,גרמים,157.00,100 גרם,false,,5.00,0.0318,true,1,1407293
7290110326227,false,יופלה און טופ קורנפל,,,יופלה און טופ קורנפל,גרמים,157.00,100 גרם,false,,5.00,0.0318,true,1,1407294
7290110326234,false,יופלה און טופ כוכבים,,,יופלה און טופ כוכבים,גרמים,157.00,100 גרם,false,,5.00,0.0318,true,1,1407295
7290110326241,false,יופלה און טופ גרנולה,,,יופלה און טופ גרנולה,גרמים,157.00,100 גרם,false,,5.00,0.0318,true,1,1407296
7290110326333,false,פרוסות גבינה סקנדינב,,,פרוסות גבינה סקנדינב,גרמים,170.00,100 גרם,false,,19.90,0.1171,true,1,1410596
7290110327033,false,משקה סויה מועשר בחלב,,,משקה סויה מועשר בחלב,מיליליטרים,1000.00,"100 מ""ל",false,,12.90,0.0129,true,1,1410573
7290110327514,false,משקה שיבולת שועל אגו,,,משקה שיבולת שועל אגו,מיליליטרים,1000.00,"100 מ""ל",false,,12.90,0.0129,true,1,1413896
7290110328481,false,פתיתי פרמג'יאנו רג'י,,,פתיתי פרמג'יאנו רג'י,גרמים,100.00,100 גרם,false,,16.90,0.1690,true,1,1412074
7290110328504,false,טריו פתיתים מוצרלה ס,,,טריו פתיתים מוצרלה ס,גרמים,300.00,100 גרם,false,,25.90,0.0863,true,1,1412075
7290110328610,false,משקה אורז ושקדים ברי,,,משקה אורז ושקדים ברי,מיליליטרים,1000.00,"100 מ""ל",false,,12.90,0.0129,true,1,1417695
7290110328627,false,יוגורט גו סמיך בננה,,,יוגורט גו סמיך בננה,גרמים,200.00,100 גרם,false,,5.90,0.0295,true,1,1414480
7290110328764,false,יוגורט גו סמיך תות י,,,יוגורט גו סמיך תות י,גרמים,200.00,100 גרם,false,,5.90,0.0295,true,1,1414481
7290110328771,false,יוגורט גו סמיך 0% פי,,,יוגורט גו סמיך 0% פי,גרמים,200.00,100 גרם,false,,5.90,0.0295,true,1,1414482
7290110328788,false,יוגורט גו סמיך אפרסק,,,יוגורט גו סמיך אפרסק,גרמים,200.00,100 גרם,false,,5.90,0.0295,true,1,1414483
7290110328887,false,חלב 3% מהדרין בקבוק,,,חלב 3% מהדרין בקבוק,מיליליטרים,1000.00,"100 מ""ל",false,,6.23,0.0062,true,1,1416346
7290110328955,false,קוביות גבינת עזים בש,,,קוביות גבינת עזים בש,גרמים,350.00,100 גרם,false,,24.90,0.0711,true,1,1417046
7290110329136,false,מעדן חלב גו בטעם שוק,,,מעדן חלב גו בטעם שוק,גרמים,120.00,100 גרם,false,,4.90,0.0408,true,1,1414654
7290110329143,false,מעדן חלב גו בטעם וני,,,מעדן חלב גו בטעם וני,גרמים,120.00,100 גרם,false,,4.90,0.0408,true,1,1414655
7290110329426,false,טופו טבעי 250 גרם עם,,,טופו טבעי 250 גרם עם,גרמים,610.00,100 גרם,false,,13.90,0.0228,true,1,1417696
7290110329433,false,טופו טבעי 250 גרם עם,,,טופו טבעי 250 גרם עם,גרמים,310.00,100 גרם,false,,13.90,0.0448,true,1,1417697
7290110329686,false,משקה חלב גו בטעם עוג,,,משקה חלב גו בטעם עוג,מיליליטרים,340.00,"100 מ""ל",false,,7.90,0.0232,true,1,1414658
7290110329716,false,משקה קפה קר בטעם קפו,,,משקה קפה קר בטעם קפו,גרמים,230.00,100 גרם,false,,7.90,0.0343,true,1,1417198
7290110329730,false,משקה חלב עם שוקולד ו,,,משקה חלב עם שוקולד ו,גרמים,230.00,100 גרם,false,,7.90,0.0343,true,1,1417200
7290110329792,false,מעדן סויה ביו אפרסק,,,מעדן סויה ביו אפרסק,גרמים,150.00,100 גרם,false,,4.80,0.0320,true,1,1415395
7290110329808,false,מעדן סויה ביו תות אל,,,מעדן סויה ביו תות אל,גרמים,150.00,100 גרם,false,,4.80,0.0320,true,1,1415396
7290110329815,false,מעדן סויה ביו מתיקות,,,מעדן סויה ביו מתיקות,גרמים,150.00,100 גרם,false,,4.80,0.0320,true,1,1415394
7290110329822,false,מעדן סויה ביו פירות,,,מעדן סויה ביו פירות,גרמים,150.00,100 גרם,false,,4.80,0.0320,true,1,1415393
7290110329839,false,פרוסות צהובה בטעם זי,,,פרוסות צהובה בטעם זי,גרמים,200.00,100 גרם,false,,22.90,0.1145,true,1,1414660
7290110329846,false,מעדן סויה ביו טבעי א,,,מעדן סויה ביו טבעי א,גרמים,150.00,100 גרם,false,,4.80,0.0320,true,1,1415400
7290110550370,false,משולשות קינואה ופלפל,,,משולשות קינואה ופלפל,גרמים,65.00,100 גרם,false,,9.90,0.1523,true,1,1419024
7290110553036,false,פריכת חלבון בטטה סגו,,,פריכת חלבון בטטה סגו,גרמים,60.00,100 גרם,false,,9.90,0.1650,true,1,1415899
7290110553180,false,פריכיות תפוח קינמון,,,פריכיות תפוח קינמון,גרמים,40.00,100 גרם,false,,5.90,0.1475,true,1,1419026
7290110554118,false,ארוחת נודלס מלזי חרי,,,ארוחת נודלס מלזי חרי,גרמים,350.00,100 גרם,false,,26.90,0.0769,true,1,1414379
7290110554422,false,רוטב עגבניות ופלפלים,,,רוטב עגבניות ופלפלים,גרמים,350.00,100 גרם,false,,11.90,0.0340,true,1,1415901
7290110554460,false,ציטוס קראנץ צ'דר חלפ,,,ציטוס קראנץ צ'דר חלפ,גרמים,65.00,100 גרם,false,,3.50,0.0538,true,1,1417378
7290110554712,false,קפסולות קפה נחת נספר,,,קפסולות קפה נחת נספר,גרמים,50.00,100 גרם,false,,18.90,0.3780,true,1,1419029
7290110555306,false,רבע לשבע טבעוני סינמ,,,רבע לשבע טבעוני סינמ,גרמים,125.00,100 גרם,false,,10.90,0.0872,true,1,1417507
7290110556242,false,שוקולד מריר פרווה על,,,שוקולד מריר פרווה על,גרמים,100.00,100 גרם,false,,5.50,0.0550,true,1,1419039
7290110557102,false,מעדן פרו חלב עם שוקו,,,מעדן פרו חלב עם שוקו,גרמים,150.00,100 גרם,false,,4.90,0.0327,true,1,1416905
7290110557133,false,מעדן הגולן וניל 125,,,מעדן הגולן וניל 125,גרמים,125.00,100 גרם,false,,2.90,0.0232,true,1,1414460
7290110557478,false,חומוס גלילי אחלה 600,,,חומוס גלילי אחלה 600,גרמים,600.00,100 גרם,false,,12.90,0.0215,true,1,1416533
7290110558253,false,דנונה ריפרש בננה אננ,,,דנונה ריפרש בננה אננ,גרמים,250.00,100 גרם,false,,5.70,0.0228,true,1,1417572
7290110558314,false,דנונה פרו ללא סוכר פ,,,דנונה פרו ללא סוכר פ,גרמים,200.00,100 גרם,false,,5.90,0.0295,true,1,1418313
7290110558338,false,דנונה פרו 25 גרם חלב,,,דנונה פרו 25 גרם חלב,גרמים,200.00,100 גרם,false,,5.90,0.0295,true,1,1417008
7290110558666,false,דניאלה בטעם תפוח 88,,,דניאלה בטעם תפוח 88,גרמים,88.00,100 גרם,false,,4.10,0.0466,true,1,1419387
7290110559007,false,שעועית חומה שטראוס ט,,,שעועית חומה שטראוס ט,גרמים,380.00,100 גרם,false,,6.80,0.0179,true,1,1418219
7290110559014,false,שעועית שחורה שטראוס,,,שעועית שחורה שטראוס,גרמים,380.00,100 גרם,false,,6.80,0.0179,true,1,1418220
7290110559762,false,ריל מאגדת אגוזים תמר,,,ריל מאגדת אגוזים תמר,גרמים,105.00,100 גרם,false,,15.90,0.1514,true,1,1417511
7290110563431,false,משקה קפה קר קלאסי 1.,,,משקה קפה קר קלאסי 1.,מיליליטרים,230.00,"100 מ""ל",false,,7.90,0.0343,true,1,1403700
7290110563462,false,חלב בבקבוק נטול לקטו,,,חלב בבקבוק נטול לקטו,מיליליטרים,1000.00,"100 מ""ל",false,,7.90,0.0079,true,1,1403702
7290110564360,false,חומוס עשיר 40% טחינה,,,חומוס עשיר 40% טחינה,גרמים,400.00,100 גרם,false,,13.90,0.0348,true,1,1393472
7290110564414,false,חומוס עשיר 30% טחינה,,,חומוס עשיר 30% טחינה,גרמים,600.00,100 גרם,false,,14.90,0.0248,true,1,1393476
7290110565527,false,יוגורט פרו 20 גרם חל,,,יוגורט פרו 20 גרם חל,גרמים,200.00,100 גרם,false,,5.90,0.0295,true,1,1393485
7290110566975,false,יוגורט דנונה פרו 20,,,יוגורט דנונה פרו 20,גרמים,200.00,100 גרם,false,,5.90,0.0295,true,1,1393490
7290110568238,false,קצפת צמחית 21% 250 מ,,,קצפת צמחית 21% 250 מ,מיליליטרים,250.00,"100 מ""ל",false,,7.90,0.0316,true,1,1393498
7290110568559,false,דוריטוס חמוץ חריף 10,,,דוריטוס חמוץ חריף 10,גרמים,250.00,100 גרם,false,,14.90,0.0596,true,1,1393601
7290110570224,false,משקה קפה קר בטעם עוג,,,משקה קפה קר בטעם עוג,מיליליטרים,230.00,"100 מ""ל",false,,7.90,0.0343,true,1,1418314
7290110571184,false,עדשים חומות שטראוס ט,,,עדשים חומות שטראוס ט,גרמים,380.00,100 גרם,false,,6.80,0.0179,true,1,1418221
7290110571382,false,מעדן חלב בטעם וניל מ,,,מעדן חלב בטעם וניל מ,גרמים,150.00,100 גרם,false,,4.90,0.0327,true,1,1416537
7290110571405,false,מיני פינוקיות בגביע,,,מיני פינוקיות בגביע,גרמים,180.00,100 גרם,false,,10.90,0.0606,true,1,1419472
7290110571412,false,מיני פינוקיות בגביע,,,מיני פינוקיות בגביע,גרמים,180.00,100 גרם,false,,10.90,0.0606,true,1,1419473
7290110571474,false,רבע לשבע טבעוני פופק,,,רבע לשבע טבעוני פופק,גרמים,125.00,100 גרם,false,,10.90,0.0872,true,1,1417858
7290110572129,false,כיף כף מקלות שוקולד,,,כיף כף מקלות שוקולד,גרמים,40.00,100 גרם,false,,4.90,0.1225,true,1,1419474
7290110572884,false,קפסולות 20 למכונות נ,,,קפסולות 20 למכונות נ,גרמים,50.00,100 גרם,false,,17.90,0.3580,true,1,1419475
7290110572969,false,כיף כף פצפצים קרם לב,,,כיף כף פצפצים קרם לב,גרמים,40.00,100 גרם,false,,5.00,0.1250,true,1,1418223
7290110572976,false,כיף כף פצפצים קרם לב,,,כיף כף פצפצים קרם לב,גרמים,135.00,100 גרם,false,,10.60,0.0785,true,1,1418224
7290110576356,false,ספלנדיד שוקולד מריר,,,ספלנדיד שוקולד מריר,גרמים,100.00,100 גרם,false,,7.90,0.0790,true,1,1417860
7290110576363,false,ספלנדיד שוקולד מריר,,,ספלנדיד שוקולד מריר,גרמים,100.00,100 גרם,false,,7.90,0.0790,true,1,1417861
7290110576752,false,שוקולד ספלנדיד מריר,,,שוקולד ספלנדיד מריר,גרמים,100.00,100 גרם,false,,10.90,0.1090,true,1,1419478
7290110576776,false,שוקולד ספלנדיד מריר,,,שוקולד ספלנדיד מריר,גרמים,100.00,100 גרם,false,,10.90,0.1090,true,1,1419479
7290110576868,false,גמדים רביעיית סלט פי,,,גמדים רביעיית סלט פי,מיליליטרים,400.00,"100 מ""ל",false,,11.40,0.0285,true,1,1419391
7290110577230,false,משקה חלב בטעם פיסטוק,,,משקה חלב בטעם פיסטוק,מיליליטרים,1000.00,"100 מ""ל",false,,11.90,0.0119,true,1,1419392
7290110577247,false,משקה חלב בטעם פיסטוק,,,משקה חלב בטעם פיסטוק,מיליליטרים,350.00,"100 מ""ל",false,,6.20,0.0177,true,1,1419393
7290111342004,false,לילי לח קידס 56 דפים,,,לילי לח קידס 56 דפים,יחידה,56.00,יחידה,false,,7.90,0.1411,true,1,1404727
7290111350726,false,חטיף נאצ'וס בסגנון מ,,,חטיף נאצ'וס בסגנון מ,גרמים,332.00,100 גרם,false,,16.90,0.0509,true,1,1411531
7290111533181,true,עוגיות סנדוויץ' שוקו,,,עוגיות סנדוויץ' שוקו,גרמים,0.00,00000000000000000גרם,false,,11.90,0.0000,true,1,1403134
7290111533228,true,עוגיות עניבות קינמון,,,עוגיות עניבות קינמון,גרמים,0.00,גרם,false,,11.90,0.0000,true,1,1401977
7290111533259,true,עוגיות סנדוויץ' שוקו,,,עוגיות סנדוויץ' שוקו,גרמים,0.00,גרם,false,,11.90,0.0000,true,1,1401979
7290111563492,false,מטבוחה חריפה צבר 400,,,מטבוחה חריפה צבר 400,גרמים,400.00,100 גרם,false,,12.90,0.0323,true,1,1404015
7290111566240,false,טבעול שניצל דק בטעם,,,טבעול שניצל דק בטעם,גרמים,564.00,100 גרם,false,,31.90,0.0566,true,1,1403692
7290111566271,false,טבעול חטיפי תירס 657,,,טבעול חטיפי תירס 657,גרמים,657.00,100 גרם,false,,30.90,0.0470,true,1,1394621
7290111566332,false,טבעול נקניקיות וינר,,,טבעול נקניקיות וינר,גרמים,680.00,100 גרם,false,,31.90,0.0469,true,1,1394622
7290111566752,false,טבעול שניצל תירס 99,,,טבעול שניצל תירס 99,גרמים,693.00,100 גרם,false,,31.90,0.0460,true,1,1402679
7290111566776,false,טבעול נקניקיות קוקטי,,,טבעול נקניקיות קוקטי,גרמים,680.00,100 גרם,false,,31.90,0.0469,true,1,1402680
7290111568206,false,ביסלי פארטי מיקס 150,,,ביסלי פארטי מיקס 150,גרמים,150.00,100 גרם,false,,7.90,0.0527,true,1,1408004
7290111568299,false,נודלס אטריות עם תרד,,,נודלס אטריות עם תרד,גרמים,300.00,100 גרם,false,,9.90,0.0330,true,1,1394631
7290111568466,false,אסם רוטב אסייתי למוק,,,אסם רוטב אסייתי למוק,מיליליטרים,290.00,"100 מ""ל",false,,11.90,0.0410,true,1,1394636
7290111738876,false,חמישית תחתוני נשים M,,,חמישית תחתוני נשים M,יחידה,1.00,יחידה,false,,34.90,34.9000,true,1,1409334
7290111739071,false,שלישיית בוקסר (M) לי,,,שלישיית בוקסר (M) לי,100 יחידה,1.00,100 יחידה,false,,49.90,49.9000,true,1,1409339
7290111739088,false,שלישיית בוקסר (L) לי,,,שלישיית בוקסר (L) לי,100 יחידה,1.00,100 יחידה,false,,49.90,49.9000,true,1,1409340
7290111739095,false,שלישיית בוקסר (XL) ל,,,שלישיית בוקסר (XL) ל,100 יחידה,1.00,100 יחידה,false,,49.90,49.9000,true,1,1409341
7290111936241,false,דאודורנט ספריי גוף ל,,,דאודורנט ספריי גוף ל,מיליליטרים,140.00,"100 מ""ל",false,,19.90,0.1421,true,1,1403759
7290111936265,false,דאודורנט ספריי גוף ל,,,דאודורנט ספריי גוף ל,מיליליטרים,140.00,"100 מ""ל",false,,19.90,0.1421,true,1,1403761
7290111938481,false,רוטב סויה בהיר מאסטר,,,רוטב סויה בהיר מאסטר,מיליליטרים,300.00,"100 מ""ל",false,,9.90,0.0330,true,1,1409436
7290111938498,false,רוטב סויה בהיר מאסטר,,,רוטב סויה בהיר מאסטר,מיליליטרים,700.00,"100 מ""ל",false,,14.90,0.0213,true,1,1409437
7290111939136,false,קוקי נייר אפייה עגול,,,קוקי נייר אפייה עגול,יחידה,20.00,יחידה,false,,7.90,0.3950,true,1,1409438
7290112000408,false,דטול מנקה ומחטא לניק,,,דטול מנקה ומחטא לניק,מיליליטרים,750.00,"100 מ""ל",false,,15.90,0.0212,true,1,1412508
7290112000798,false,דטול מחטא משטחים לימ,,,דטול מחטא משטחים לימ,מיליליטרים,750.00,"100 מ""ל",false,,15.90,0.0212,true,1,1412509
7290112000828,false,דטול מטליות לחות מחט,,,דטול מטליות לחות מחט,יחידה,60.00,יחידה,false,,15.90,0.2650,true,1,1412510
7290112000842,false,דטול מטליות לחות מנק,,,דטול מטליות לחות מנק,יחידה,60.00,יחידה,false,,15.90,0.2650,true,1,1412511
7290112002105,false,ג'ל כביסה מרוכז בניח,,,ג'ל כביסה מרוכז בניח,מיליליטרים,2500.00,"100 מ""ל",false,,25.90,0.0104,true,1,1412515
7290112004963,false,פיניש אולטימייט 25,,,פיניש אולטימייט 25,יחידה,25.00,יחידה,false,,39.90,1.5960,true,1,1419064
7290112005045,false,וניש אבקה לכביסה לבנ,,,וניש אבקה לכביסה לבנ,גרמים,480.00,100 גרם,false,,17.90,0.0373,true,1,1417762
7290112330352,false,דנונה פרו 20 גר וניל,,,דנונה פרו 20 גר וניל,גרמים,200.00,100 גרם,false,,5.90,0.0295,true,1,1405621
7290112330390,false,דנונה פרו 20 גר פירו,,,דנונה פרו 20 גר פירו,גרמים,200.00,100 גרם,false,,5.90,0.0295,true,1,1411900
7290112332585,false,"פריכיות תפו""א אורז ס",,,"פריכיות תפו""א אורז ס",גרמים,30.00,100 גרם,false,,4.90,0.1633,true,1,1404596
7290112332691,false,פינוקיות קרם פסק זמן,,,פינוקיות קרם פסק זמן,גרמים,200.00,100 גרם,false,,10.90,0.0545,true,1,1404590
7290112335487,false,פריכיות 3 דגנים עם ק,,,פריכיות 3 דגנים עם ק,גרמים,135.00,100 גרם,false,,10.90,0.0807,true,1,1410059
7290112336637,false,"סוכריות לל""ס יוגורט",,,"סוכריות לל""ס יוגורט",גרמים,80.00,100 גרם,false,,7.90,0.0988,true,1,1407968
7290112336712,false,דנונה פרו 21 גר 0% ש,,,דנונה פרו 21 גר 0% ש,גרמים,200.00,100 גרם,false,,5.90,0.0295,true,1,1403717
7290112337481,false,"סוכריות לל""ס קפוצינו",,,"סוכריות לל""ס קפוצינו",גרמים,80.00,100 גרם,false,,7.90,0.0988,true,1,1407860
7290112339867,false,גמדים סקוויז בודד תו,,,גמדים סקוויז בודד תו,גרמים,100.00,100 גרם,false,,5.80,0.0580,true,1,1403722
7290112339874,false,גמדים סקוויז בודד תו,,,גמדים סקוויז בודד תו,גרמים,100.00,100 גרם,false,,5.80,0.0580,true,1,1403723
7290112340245,false,צנצנת MUST בטעם דובד,,,צנצנת MUST בטעם דובד,גרמים,66.00,100 גרם,false,,9.90,0.1500,true,1,1407956
7290112341679,false,יוגורט פרוביוטי 3% א,,,יוגורט פרוביוטי 3% א,גרמים,200.00,100 גרם,false,,4.00,0.0200,true,1,1405629
7290112342102,false,סימפוניה בצל מקורמל,,,סימפוניה בצל מקורמל,גרמים,200.00,100 גרם,false,,11.00,0.0550,true,1,1405634
7290112343260,false,רוטב שמנת קלאסי 260,,,רוטב שמנת קלאסי 260,גרמים,260.00,100 גרם,false,,10.90,0.0419,true,1,1405639
7290112343420,false,יטבתה פרו ארוחת בוקר,,,יטבתה פרו ארוחת בוקר,מיליליטרים,350.00,"100 מ""ל",false,,7.50,0.0214,true,1,1405642
7290112343499,false,צ'יטוס פאפס 55 גרם,,,צ'יטוס פאפס 55 גרם,גרמים,55.00,100 גרם,false,,3.50,0.0636,true,1,1414081
7290112344724,false,מילקי בטעם שוקולד בל,,,מילקי בטעם שוקולד בל,גרמים,170.00,100 גרם,false,,3.50,0.0206,true,1,1405647
7290112344755,false,מילקי עם 26% פחות סו,,,מילקי עם 26% פחות סו,גרמים,133.00,100 גרם,false,,2.90,0.0218,true,1,1410727
7290112344786,false,פלטינום קלאסיק 200 ג,,,פלטינום קלאסיק 200 ג,גרמים,200.00,100 גרם,false,,24.90,0.1245,true,1,1407335
7290112344953,false,סימפוניה חציל קלוי 2,,,סימפוניה חציל קלוי 2,גרמים,200.00,100 גרם,false,,11.00,0.0550,true,1,1411105
7290112346827,false,אקטימל ויטמין C פטל,,,אקטימל ויטמין C פטל,מיליליטרים,864.00,"100 מ""ל",false,,20.90,0.0242,true,1,1410432
7290112347008,false,גמדים ארוחת בוקר תות,,,גמדים ארוחת בוקר תות,גרמים,100.00,100 גרם,false,,5.80,0.0580,true,1,1405664
7290112349606,false,דניאלה תות בננה 88 ג,,,דניאלה תות בננה 88 ג,גרמים,88.00,100 גרם,false,,4.10,0.0466,true,1,1415594
7290112349705,false,פומודור רוטב עגבניות,,,פומודור רוטב עגבניות,גרמים,350.00,100 גרם,false,,11.90,0.0340,true,1,1406207
7290112349736,false,בזיליקום רוטב עגבניו,,,בזיליקום רוטב עגבניו,גרמים,350.00,100 גרם,false,,11.90,0.0340,true,1,1406203
7290112349750,false,פיצה רוטב עגבניות לפ,,,פיצה רוטב עגבניות לפ,גרמים,350.00,100 גרם,false,,11.90,0.0340,true,1,1406208
7290112349903,false,רוטב שמנת עם גרגירי,,,רוטב שמנת עם גרגירי,מיליליטרים,260.00,"100 מ""ל",false,,10.90,0.0419,true,1,1417027
7290112350312,false,קפסולות 15 למכונות N,,,קפסולות 15 למכונות N,יחידה,10.00,יחידה,false,,17.90,1.7900,true,1,1409958
7290112350589,false,צ'יקו 65 גרם,,,צ'יקו 65 גרם,גרמים,65.00,100 גרם,false,,11.90,0.1831,true,1,1409822
7290112351067,false,סילאן טבעי לחיץ 630,,,סילאן טבעי לחיץ 630,גרמים,600.00,100 גרם,false,,23.90,0.0398,true,1,1407342
7290112354211,false,פיצה מרגריטה 400 גרם,,,פיצה מרגריטה 400 גרם,גרמים,400.00,100 גרם,false,,25.90,0.0647,true,1,1414382
7290112354235,false,ברקטה פיצה 300 גרם,,,ברקטה פיצה 300 גרם,גרמים,300.00,100 גרם,false,,25.90,0.0863,true,1,1414384
7290112354945,false,תפוציפס wavy טבעי  5,,,תפוציפס wavy טבעי  5,גרמים,50.00,100 גרם,false,,4.00,0.0800,true,1,1419455
7290112354952,false,תפוציפס wavy פפריקה,,,תפוציפס wavy פפריקה,גרמים,50.00,100 גרם,false,,4.00,0.0800,true,1,1419456
7290112355027,false,דנונה פרו 20 גרם בטע,,,דנונה פרו 20 גרם בטע,גרמים,200.00,100 גרם,false,,5.90,0.0295,true,1,1410725
7290112355102,false,גמדים פאוץ סלט פירות,,,גמדים פאוץ סלט פירות,גרמים,100.00,100 גרם,false,,5.80,0.0580,true,1,1411107
7290112355263,false,רוטב שמנת עם שוקולד,,,רוטב שמנת עם שוקולד,מיליליטרים,265.00,"100 מ""ל",false,,10.90,0.0411,true,1,1417028
7290112355393,false,רוטב שמנת עם בטטה יט,,,רוטב שמנת עם בטטה יט,מיליליטרים,257.00,"100 מ""ל",false,,10.90,0.0424,true,1,1419394
7290112357045,false,עגבניות איטלקיות מרו,,,עגבניות איטלקיות מרו,גרמים,390.00,100 גרם,false,,6.80,0.0174,true,1,1407880
7290112357106,false,שעועית אדומה מבושלת,,,שעועית אדומה מבושלת,גרמים,380.00,100 גרם,false,,6.80,0.0179,true,1,1407883
7290112358004,false,פסק זמן קראנץ' 32 גר,,,פסק זמן קראנץ' 32 גר,גרמים,32.00,100 גרם,false,,4.90,0.1531,true,1,1410634
7290112358127,false,דנונה פרו 20 גר' עם,,,דנונה פרו 20 גר' עם,גרמים,200.00,100 גרם,false,,6.50,0.0325,true,1,1410434
7290112358219,false,רוטב צ'ילי מתוק 300,,,רוטב צ'ילי מתוק 300,גרמים,300.00,100 גרם,false,,11.90,0.0397,true,1,1409820
7290112490032,false,נמס בכוס מרק תירס קנ,,,נמס בכוס מרק תירס קנ,גרמים,45.00,100 גרם,false,,6.90,0.1533,true,1,1396152
7290112490209,false,נמס בכוס מרק עגבניות,,,נמס בכוס מרק עגבניות,גרמים,56.00,100 גרם,false,,6.90,0.1232,true,1,1396157
7290112490216,false,נמס בכוס מרק בטעם עו,,,נמס בכוס מרק בטעם עו,גרמים,48.00,100 גרם,false,,6.90,0.1438,true,1,1396158
7290112490230,false,נמס בכוס מרק אפונה ק,,,נמס בכוס מרק אפונה ק,גרמים,50.00,100 גרם,false,,6.90,0.1380,true,1,1396159
7290112490674,false,קונפיטורת דובדבנים (,,,קונפיטורת דובדבנים (,גרמים,340.00,100 גרם,false,,13.90,0.0409,true,1,1396163
7290112490698,false,קונפיטורת תות שדה לי,,,קונפיטורת תות שדה לי,גרמים,260.00,100 גרם,false,,13.90,0.0535,true,1,1396165
7290112490728,false,מרק ירקות עם בורגול,,,מרק ירקות עם בורגול,גרמים,95.00,100 גרם,false,,12.90,0.1358,true,1,1396167
7290112490735,false,מרק עגבניות עם פסטה,,,מרק עגבניות עם פסטה,גרמים,105.00,100 גרם,false,,12.90,0.1229,true,1,1396168
7290112490759,false,מרק עוף עם אטריות קנ,,,מרק עוף עם אטריות קנ,גרמים,74.00,100 גרם,false,,12.90,0.1743,true,1,1396170
7290112490896,false,רוטב צ'ילי חריף קנור,,,רוטב צ'ילי חריף קנור,מיליליטרים,370.00,"100 מ""ל",false,,10.90,0.0295,true,1,1396174
7290112492470,false,פינוק 2 ב-1 יבש 700,,,פינוק 2 ב-1 יבש 700,גרמים,700.00,100 גרם,false,,11.90,0.0170,true,1,1412297
7290112492678,false,שמפו לשיער רגיל לנסי,,,שמפו לשיער רגיל לנסי,מיליליטרים,100.00,"100 מ""ל",false,,5.90,0.0590,true,1,1417469
7290112492968,false,מרק בצל קנור כשר לפס,,,מרק בצל קנור כשר לפס,גרמים,400.00,100 גרם,false,,21.90,0.0547,true,1,1406690
7290112492999,false,אבקת מרק בטעם עוף פר,,,אבקת מרק בטעם עוף פר,גרמים,400.00,100 גרם,false,,14.90,0.0373,true,1,1405551
7290112493316,false,מרק אפונה קנור 117 ג,,,מרק אפונה קנור 117 ג,גרמים,117.00,100 גרם,false,,12.90,0.1103,true,1,1404823
7290112493927,false,גלידת קרמיסימו 1.33,,,גלידת קרמיסימו 1.33,מיליליטרים,1330.00,"100 מ""ל",false,,18.90,0.0142,true,1,1407382
7290112493934,false,גלידת קרמיסימו 1.33,,,גלידת קרמיסימו 1.33,מיליליטרים,1330.00,"100 מ""ל",false,,18.90,0.0142,true,1,1407314
7290112493965,false,גלידת קרמיסימו 1.33,,,גלידת קרמיסימו 1.33,מיליליטרים,1330.00,"100 מ""ל",false,,18.90,0.0142,true,1,1407311
7290112494283,false,קליק מעורב חום לבן ת,,,קליק מעורב חום לבן ת,גרמים,65.00,100 גרם,false,,5.90,0.0908,true,1,1405115
7290112494566,false,דומסטוס ג'ל לינקוי ו,,,דומסטוס ג'ל לינקוי ו,מיליליטרים,750.00,"100 מ""ל",false,,11.90,0.0159,true,1,1404834
7290112494580,false,דומסטוס ג'ל לינקוי ו,,,דומסטוס ג'ל לינקוי ו,מיליליטרים,750.00,"100 מ""ל",false,,11.90,0.0159,true,1,1404835
7290112494603,false,דומסטוס מגבונים לאסל,,,דומסטוס מגבונים לאסל,יחידה,20.00,יחידה,false,,9.90,0.4950,true,1,1404837
7290112495044,false,קוקומן פצפוצים 375 ג,,,קוקומן פצפוצים 375 ג,גרמים,375.00,100 גרם,false,,20.90,0.0557,true,1,1408044
7290112495754,false,הלמנס לסלט אלף האיים,,,הלמנס לסלט אלף האיים,מיליליטרים,305.00,"100 מ""ל",false,,10.90,0.0357,true,1,1406482
7290112495785,false,הלמנ'ס לסלט שום 300,,,הלמנ'ס לסלט שום 300,גרמים,300.00,100 גרם,false,,10.90,0.0363,true,1,1406214
7290112495808,false,הלמנס לסלט חרדל דבש,,,הלמנס לסלט חרדל דבש,גרמים,305.00,100 גרם,false,,10.90,0.0357,true,1,1407213
7290112495815,false,הלמנ'ס סלט חרדל דבש,,,הלמנ'ס סלט חרדל דבש,גרמים,305.00,100 גרם,false,,10.90,0.0357,true,1,1407214
7290112495822,false,כריות בלאק 686 גרם,,,כריות בלאק 686 גרם,גרמים,686.00,100 גרם,false,,24.90,0.0363,true,1,1407388
7290112495976,false,פתית פריכיות שוקולד,,,פתית פריכיות שוקולד,גרמים,35.00,100 גרם,false,,4.90,0.1400,true,1,1407555
7290112496430,false,נמס בכוס אקסטרה-קנור,,,נמס בכוס אקסטרה-קנור,גרמים,37.00,100 גרם,false,,4.90,0.1324,true,1,1414332
7290112496461,false,נמס בכוס אקסטרה ירקו,,,נמס בכוס אקסטרה ירקו,גרמים,32.00,100 גרם,false,,4.90,0.1531,true,1,1414333
7290112497000,false,סיף ניקוי כללי לימון,,,סיף ניקוי כללי לימון,מיליליטרים,1000.00,"100 מ""ל",false,,10.40,0.0104,true,1,1407885
7290112497499,false,קליק טבלת שוקולד לבן,,,קליק טבלת שוקולד לבן,גרמים,85.00,100 גרם,false,,5.30,0.0624,true,1,1412977
7290112498748,false,מאגדת מיני סולרו תות,,,מאגדת מיני סולרו תות,יחידה,5.00,יחידה,false,,23.90,4.7800,true,1,1411000
7290112498915,false,מאגדת מיני מגנום שקד,,,מאגדת מיני מגנום שקד,גרמים,250.00,100 גרם,false,,25.90,0.1036,true,1,1411924
7290112498922,false,מאגדת מיני מגנום שוק,,,מאגדת מיני מגנום שוק,גרמים,250.00,100 גרם,false,,25.90,0.1036,true,1,1411925
7290112499097,false,מאגדת מיני מגנום מרי,,,מאגדת מיני מגנום מרי,יחידה,5.00,יחידה,false,,25.90,5.1800,true,1,1416075
7290112499110,false,טילון קורנטו קליק שו,,,טילון קורנטו קליק שו,גרמים,72.00,100 גרם,false,,6.90,0.0958,true,1,1417723
7290112499127,false,מגנום שוקולד לבן תות,,,מגנום שוקולד לבן תות,יחידה,1.00,יחידה,false,,9.90,9.9000,true,1,1416074
7290112499196,false,קרמיסימו קורנפלקס 1.,,,קרמיסימו קורנפלקס 1.,מיליליטרים,1330.00,"100 מ""ל",false,,18.90,0.0142,true,1,1417725
7290112499219,false,גודיז בטעמי פיסטוק ו,,,גודיז בטעמי פיסטוק ו,גרמים,235.00,100 גרם,false,,22.90,0.0974,true,1,1416615
7290112499646,false,קורנטו סופר פקאנים,,,קורנטו סופר פקאנים,יחידה,1.00,יחידה,false,,9.90,9.9000,true,1,1406271
7290112499677,false,מגנום שוקiלד לבן,,,מגנום שוקiלד לבן,יחידה,1.00,יחידה,false,,9.90,9.9000,true,1,1406267
7290112499776,false,מאגדת גודיז 3 שוקולד,,,מאגדת גודיז 3 שוקולד,גרמים,240.00,100 גרם,false,,22.90,0.0954,true,1,1407186
7290112499844,false,מיני מגנום דואט שוקו,,,מיני מגנום דואט שוקו,יחידה,5.00,יחידה,false,,25.90,5.1800,true,1,1406273
7290112499936,false,מגנום שקדים מובחרים,,,מגנום שקדים מובחרים,יחידה,1.00,יחידה,false,,9.90,9.9000,true,1,1406274
7290112499943,false,מיני מגנום קלאסיק חו,,,מיני מגנום קלאסיק חו,יחידה,5.00,יחידה,false,,25.90,5.1800,true,1,1406275
7290112961372,false,פיטנס חטיפי פריכיות,,,פיטנס חטיפי פריכיות,גרמים,60.00,100 גרם,false,,8.90,0.1483,true,1,1408204
7290112962287,false,טבעול שווארמה טבעוני,,,טבעול שווארמה טבעוני,גרמים,450.00,100 גרם,false,,31.90,0.0709,true,1,1410493
7290112963918,false,פיטנס קרקר THIN רוזמ,,,פיטנס קרקר THIN רוזמ,גרמים,140.00,100 גרם,false,,11.90,0.0850,true,1,1408213
7290112964410,false,רוטב לסלט אלף האיים,,,רוטב לסלט אלף האיים,גרמים,290.00,100 גרם,false,,11.90,0.0410,true,1,1404864
7290112964458,false,רוטב לסלט וינגרט 295,,,רוטב לסלט וינגרט 295,מיליליטרים,290.00,"100 מ""ל",false,,11.90,0.0410,true,1,1405132
7290112964601,false,רוטב בנוסח סצ'ואן הס,,,רוטב בנוסח סצ'ואן הס,מיליליטרים,290.00,"100 מ""ל",false,,11.90,0.0410,true,1,1408034
7290112964625,false,רוטב לסלט שום לייט 3,,,רוטב לסלט שום לייט 3,מיליליטרים,290.00,"100 מ""ל",false,,11.90,0.0410,true,1,1405134
7290112965240,false,מרק נמס עגבניות רגע,,,מרק נמס עגבניות רגע,גרמים,60.00,100 גרם,false,,6.20,0.1033,true,1,1408219
7290112965264,false,מרק נמס אפונה רגע חם,,,מרק נמס אפונה רגע חם,גרמים,52.00,100 גרם,false,,6.20,0.1192,true,1,1410171
7290112965288,false,מרק נמס ירקות רגע חם,,,מרק נמס ירקות רגע חם,גרמים,56.00,100 גרם,false,,6.20,0.1107,true,1,1410172
7290112965301,false,מרק נמס בטעם עוף עם,,,מרק נמס בטעם עוף עם,גרמים,52.00,100 גרם,false,,6.20,0.1192,true,1,1406632
7290112965981,false,טבעול גורמה ארוחת דג,,,טבעול גורמה ארוחת דג,גרמים,450.00,100 גרם,false,,33.90,0.0753,true,1,1416133
7290112966001,false,טבעול גורמה ארוחת יר,,,טבעול גורמה ארוחת יר,גרמים,450.00,100 גרם,false,,33.90,0.0753,true,1,1416134
7290112966247,false,לחמית כוסמין 200 גרם,,,לחמית כוסמין 200 גרם,גרמים,200.00,100 גרם,false,,9.90,0.0495,true,1,1413927
7290112966766,false,טחינה חציל עגבניות ו,,,טחינה חציל עגבניות ו,גרמים,350.00,100 גרם,false,,14.90,0.0426,true,1,1408239
7290112966841,false,פודינג שוקולד בלגי מ,,,פודינג שוקולד בלגי מ,גרמים,90.00,100 גרם,false,,5.50,0.0611,true,1,1408332
7290112967244,false,ביסלי גריל אסם 10 *,,,ביסלי גריל אסם 10 *,גרמים,200.00,100 גרם,false,,14.90,0.0745,true,1,1409574
7290112967848,false,אסם ג'לי תות שדה מופ,,,אסם ג'לי תות שדה מופ,גרמים,90.00,100 גרם,false,,5.90,0.0656,true,1,1408333
7290112968340,false,חומוס גרוס גס גס צבר,,,חומוס גרוס גס גס צבר,גרמים,400.00,100 גרם,false,,13.90,0.0348,true,1,1408247
7290112968807,false,פיטנס קרקר THIN סלק,,,פיטנס קרקר THIN סלק,גרמים,140.00,100 גרם,false,,11.90,0.0850,true,1,1412108
7290112968821,false,פיטנס קרקר THIN בטטה,,,פיטנס קרקר THIN בטטה,גרמים,140.00,100 גרם,false,,11.90,0.0850,true,1,1412109
7290112969248,false,רוטב לעוף בתנור סילא,,,רוטב לעוף בתנור סילא,גרמים,335.00,100 גרם,false,,16.90,0.0504,true,1,1410164
7290113190467,false,"אפונה ירוקה 1 ק""ג זי",,,"אפונה ירוקה 1 ק""ג זי",גרמים,1000.00,100 גרם,false,,7.50,0.0075,true,1,1406793
7290113190474,false,"בורגול 1 ק""ג זיפר -",,,"בורגול 1 ק""ג זיפר -",גרמים,1000.00,100 גרם,false,,6.50,0.0065,true,1,1406794
7290113190504,false,"חומוס גדול 1 ק""ג זיפ",,,"חומוס גדול 1 ק""ג זיפ",גרמים,1000.00,100 גרם,false,,11.90,0.0119,true,1,1406796
7290113190511,false,"חומוס ענק 1 ק""ג זיפר",,,"חומוס ענק 1 ק""ג זיפר",גרמים,1000.00,100 גרם,false,,13.90,0.0139,true,1,1406797
7290113190528,false,"חיטה 1 ק""ג זיפר - רמ",,,"חיטה 1 ק""ג זיפר - רמ",גרמים,1000.00,100 גרם,false,,6.50,0.0065,true,1,1406798
7290113190535,false,"כוסמת קלויה 1 ק""ג זי",,,"כוסמת קלויה 1 ק""ג זי",גרמים,1000.00,100 גרם,false,,8.50,0.0085,true,1,1406799
7290113190580,false,"עדשים אדומות 1 ק""ג ז",,,"עדשים אדומות 1 ק""ג ז",גרמים,1000.00,100 גרם,false,,10.90,0.0109,true,1,1406790
7290113190597,false,"עדשים ירוקות 1 ק""ג ז",,,"עדשים ירוקות 1 ק""ג ז",גרמים,1000.00,100 גרם,false,,10.90,0.0109,true,1,1406791
7290113190641,false,"שעועית לבנה 1 ק""ג זי",,,"שעועית לבנה 1 ק""ג זי",גרמים,1000.00,100 גרם,false,,9.90,0.0099,true,1,1406788
7290113192164,false,אגוזי קשיו קלופים 15,,,אגוזי קשיו קלופים 15,גרמים,150.00,100 גרם,false,,15.90,0.1060,true,1,1412395
7290113192324,false,בית השיטה זיתים ירוק,,,בית השיטה זיתים ירוק,גרמים,340.00,100 גרם,false,,10.90,0.0321,true,1,1409488
7290113192331,false,בית השיטה זיתים ירוק,,,בית השיטה זיתים ירוק,גרמים,340.00,100 גרם,false,,9.90,0.0291,true,1,1409489
7290113192355,false,חרוזית זיתים ירוקים,,,חרוזית זיתים ירוקים,גרמים,275.00,100 גרם,false,,10.50,0.0382,true,1,1406745
7290113192362,false,בית השיטה טבעות זיתי,,,בית השיטה טבעות זיתי,גרמים,280.00,100 גרם,false,,10.90,0.0389,true,1,1409490
7290113192379,false,ב.הש.זיתים ירוקים מב,,,ב.הש.זיתים ירוקים מב,גרמים,340.00,100 גרם,false,,10.90,0.0321,true,1,1408254
7290113192393,false,קוקטייל זיתים בית הש,,,קוקטייל זיתים בית הש,גרמים,336.00,100 גרם,false,,11.90,0.0354,true,1,1405364
7290113192478,false,מלפפונים במלח בינוני,,,מלפפונים במלח בינוני,גרמים,320.00,100 גרם,false,,8.50,0.0266,true,1,1408126
7290113192485,false,מלפפונים בחומץ בינונ,,,מלפפונים בחומץ בינונ,גרמים,290.00,100 גרם,false,,8.50,0.0293,true,1,1407552
7290113192508,false,מלפפונים במלח  קטן 1,,,מלפפונים במלח  קטן 1,גרמים,320.00,100 גרם,false,,10.90,0.0341,true,1,1407553
7290113192515,false,מלפפון במלח בית השיט,,,מלפפון במלח בית השיט,גרמים,320.00,100 גרם,false,,12.90,0.0403,true,1,1407551
7290113192522,false,מלפפון בחומץ בית השי,,,מלפפון בחומץ בית השי,גרמים,290.00,100 גרם,false,,12.90,0.0445,true,1,1408127
7290113192539,false,מלפפונים במלח גדול 7,,,מלפפונים במלח גדול 7,גרמים,560.00,100 גרם,false,,6.90,0.0123,true,1,1407554
7290113192546,false,בית השיטה מלפפון בחו,,,בית השיטה מלפפון בחו,גרמים,560.00,100 גרם,false,,6.90,0.0123,true,1,1408128
7290113192560,false,בית השיטה פלפל שיפקה,,,בית השיטה פלפל שיפקה,גרמים,230.00,100 גרם,false,,7.90,0.0343,true,1,1409494
7290113192577,false,בית השיטה כרוב כבוש,,,בית השיטה כרוב כבוש,גרמים,430.00,100 גרם,false,,7.90,0.0184,true,1,1409495
7290113192881,false,טורטיה חיטה מופחת קל,,,טורטיה חיטה מופחת קל,גרמים,270.00,100 גרם,false,,11.90,0.0441,true,1,1408020
7290113193321,false,שמן זית כתית מעולה ב,,,שמן זית כתית מעולה ב,מיליליטרים,750.00,"100 מ""ל",false,,29.90,0.0399,true,1,1410234
7290113193369,false,תרסיס שמן קנולה מזוכ,,,תרסיס שמן קנולה מזוכ,מיליליטרים,150.00,"100 מ""ל",false,,13.90,0.0927,true,1,1416961
7290113193666,false,זיתים ירוקים שלמים ס,,,זיתים ירוקים שלמים ס,גרמים,700.00,100 גרם,false,,15.90,0.0227,true,1,1408017
7290113193673,false,זיתים שחורים יבשים ב,,,זיתים שחורים יבשים ב,גרמים,400.00,100 גרם,false,,15.90,0.0398,true,1,1408018
7290113193888,false,בית השיטה חצילים מוח,,,בית השיטה חצילים מוח,גרמים,320.00,100 גרם,false,,9.90,0.0309,true,1,1410774
7290113194649,false,מלפפונים במלח קוביות,,,מלפפונים במלח קוביות,גרמים,320.00,100 גרם,false,,9.90,0.0309,true,1,1416962
7290113195073,false,חלבה טורקית עם פיסטו,,,חלבה טורקית עם פיסטו,גרמים,400.00,100 גרם,false,,13.90,0.0348,true,1,1410820
7290113195509,false,זרעי פשתן 300 גרם -,,,זרעי פשתן 300 גרם -,גרמים,300.00,100 גרם,false,,7.90,0.0263,true,1,1410829
7290113196414,false,אורז בסמטי הודי מובח,,,אורז בסמטי הודי מובח,גרמים,1000.00,100 גרם,false,,11.90,0.0119,true,1,1413774
7290113196513,false,פריכיות כוסמת בתוספת,,,פריכיות כוסמת בתוספת,גרמים,150.00,100 גרם,false,,11.90,0.0793,true,1,1414413
7290113197800,false,פלפל קלוי בית השיטה,,,פלפל קלוי בית השיטה,גרמים,400.00,100 גרם,false,,12.90,0.0323,true,1,1416963
7290113288485,false,כוסות נייר שתיה חמה,,,כוסות נייר שתיה חמה,יחידה,50.00,יחידה,false,,11.90,0.2380,true,1,1415445
7290113470026,false,גפרורים אקסטרה לארג',,,גפרורים אקסטרה לארג',יחידה,3.00,יחידה,false,,6.90,2.3000,true,1,1405026
7290113470958,false,כפפות ניטריל M שחור,,,כפפות ניטריל M שחור,יחידה,100.00,יחידה,false,,25.90,0.2590,true,1,1406784
7290113470965,false,כפפות ניטריל L שחור,,,כפפות ניטריל L שחור,יחידה,100.00,יחידה,false,,25.90,0.2590,true,1,1406785
7290113472075,false,שום ארוז יבוא,,,שום ארוז יבוא,יחידה,1.00,יחידה,false,,7.90,7.9000,true,1,1407025
7290113472105,false,כוסות נייר שתיה חמה,,,כוסות נייר שתיה חמה,יחידה,50.00,יחידה,false,,11.90,0.2380,true,1,1407056
7290113473898,false,"בקבוק חיות (650 מ""ל)",,,"בקבוק חיות (650 מ""ל)",100 יחידה,1.00,100 יחידה,false,,34.90,34.9000,true,1,1418081
7290113474345,false,חמישיית גרבי גבר לבן,,,חמישיית גרבי גבר לבן,יחידה,1.00,יחידה,false,,24.90,24.9000,true,1,1407876
7290113475557,false,מפיות מודפסות שחור א,,,מפיות מודפסות שחור א,100 יחידה,20.00,100 יחידה,false,,5.90,0.2950,true,1,1417394
7290113476295,false,50 להבונים בשקית,,,50 להבונים בשקית,יחידה,50.00,יחידה,false,,11.90,0.2380,true,1,1410555
7290113476301,false,נר נשמה 24 שעות,,,נר נשמה 24 שעות,יחידה,1.00,יחידה,false,,1.90,1.9000,true,1,1410556
7290113476325,false,נר נשמה שבועי,,,נר נשמה שבועי,יחידה,1.00,יחידה,false,,9.60,9.6000,true,1,1410558
7290113476417,false,בקבוק ספורט שחור שיק,,,בקבוק ספורט שחור שיק,100 יחידה,1.00,100 יחידה,false,,34.90,34.9000,true,1,1418094
7290113479593,false,חמישיית תחתוני נשים,,,חמישיית תחתוני נשים,100 יחידה,1.00,100 יחידה,false,,39.90,39.9000,true,1,1418107
7290113479708,false,נייר מגבת למטבח (235,,,נייר מגבת למטבח (235,יחידה,235.00,יחידה,false,,13.90,0.0591,true,1,1412097
7290113655645,false,שלישיית מגבות מטבח -,,,שלישיית מגבות מטבח -,100 יחידה,1.00,100 יחידה,false,,16.90,16.9000,true,1,1410501
7290113660106,false,כוסות נייר שתיה חמה,,,כוסות נייר שתיה חמה,יחידה,50.00,יחידה,false,,11.90,0.2380,true,1,1402899
7290114134408,false,חמישיית תחתוני בנות,,,חמישיית תחתוני בנות,100 יחידה,1.00,100 יחידה,false,,24.90,24.9000,true,1,1418126
7290114134415,false,חמישיית תחתוני בנות,,,חמישיית תחתוני בנות,100 יחידה,1.00,100 יחידה,false,,24.90,24.9000,true,1,1418127
7290114134422,false,חמישיית תחתוני בנות,,,חמישיית תחתוני בנות,100 יחידה,1.00,100 יחידה,false,,24.90,24.9000,true,1,1418128
7290114134491,false,עקביות גבר עשירייה,,,עקביות גבר עשירייה,100 יחידה,1.00,100 יחידה,false,,29.90,29.9000,true,1,1412825
7290114310215,false,שמנת מתוקה 38% 250 מ,,,שמנת מתוקה 38% 250 מ,מיליליטרים,250.00,"100 מ""ל",false,,6.47,0.0259,true,1,1411070
7290114310338,false,גבינה צפתית מעודנת 5,,,גבינה צפתית מעודנת 5,גרמים,225.00,100 גרם,false,,17.90,0.0796,true,1,1411720
7290114310536,false,יוגורט מולר אקטיב לי,,,יוגורט מולר אקטיב לי,גרמים,200.00,100 גרם,false,,5.90,0.0295,true,1,1411723
7290114310550,false,גבינת פטה עיזים מעוד,,,גבינת פטה עיזים מעוד,גרמים,200.00,100 גרם,false,,23.70,0.1185,true,1,1412101
7290114310567,false,לאבנה עיזים 5% צוריא,,,לאבנה עיזים 5% צוריא,גרמים,200.00,100 גרם,false,,14.90,0.0745,true,1,1412104
7290114310673,false,לאבנה מחלב בקר 9% 25,,,לאבנה מחלב בקר 9% 25,גרמים,200.00,100 גרם,false,,11.90,0.0595,true,1,1412105
7290114311069,false,מולר אקטיב 25 גרם חל,,,מולר אקטיב 25 גרם חל,גרמים,200.00,100 גרם,false,,5.90,0.0295,true,1,1416501
7290114311328,false,חלב נטול לקטוז מועשר,,,חלב נטול לקטוז מועשר,מיליליטרים,1000.00,"100 מ""ל",false,,7.90,0.0079,true,1,1418328
7290114311458,false,חלב 3% מועשר וויטמין,,,חלב 3% מועשר וויטמין,מיליליטרים,1000.00,"100 מ""ל",false,,7.50,0.0075,true,1,1418664
7290114600996,false,רוטב שום מאסטר שף 25,,,רוטב שום מאסטר שף 25,מיליליטרים,250.00,"100 מ""ל",false,,9.90,0.0396,true,1,1409442
7290114603539,false,מאסטר שף קרוטונים למ,,,מאסטר שף קרוטונים למ,גרמים,350.00,100 גרם,false,,19.90,0.0569,true,1,1410891
7290114604925,false,מאסטר שף קרם קוקוס ל,,,מאסטר שף קרם קוקוס ל,מיליליטרים,400.00,"100 מ""ל",false,,9.90,0.0248,true,1,1414605
7290114605557,false,קוקי - נייר עטיפה לס,,,קוקי - נייר עטיפה לס,יחידה,80.00,יחידה,false,,11.90,0.1488,true,1,1411827
7290115200003,false,פתי בר פינוקי וניל א,,,פתי בר פינוקי וניל א,גרמים,220.00,100 גרם,false,,9.90,0.0450,true,1,1409575
7290115200027,false,פתי בר פינוקי שוקו א,,,פתי בר פינוקי שוקו א,גרמים,220.00,100 גרם,false,,9.90,0.0450,true,1,1409576
7290115200676,false,קרמוגית קרמל מלוח 20,,,קרמוגית קרמל מלוח 20,גרמים,200.00,100 גרם,false,,10.90,0.0545,true,1,1410163
7290115201031,false,אסם פתי בר דובוני שו,,,אסם פתי בר דובוני שו,גרמים,175.00,100 גרם,false,,9.90,0.0566,true,1,1411802
7290115202434,false,חומוס עם זעתר צבר 37,,,חומוס עם זעתר צבר 37,גרמים,375.00,100 גרם,false,,11.90,0.0317,true,1,1411920
7290115203134,false,פופקו פופקורן במבה 8,,,פופקו פופקורן במבה 8,גרמים,80.00,100 גרם,false,,5.40,0.0675,true,1,1412349
7290115203806,false,"רוטב בסיס אסם 290 מ""",,,"רוטב בסיס אסם 290 מ""",מיליליטרים,290.00,"100 מ""ל",false,,11.90,0.0410,true,1,1414161
7290115204056,false,קטשופ מופחת סוכר ללא,,,קטשופ מופחת סוכר ללא,גרמים,690.00,100 גרם,false,,11.90,0.0172,true,1,1411373
7290115205176,false,פיטנס חטיפי קרקר טינ,,,פיטנס חטיפי קרקר טינ,גרמים,140.00,100 גרם,false,,11.90,0.0850,true,1,1415645
7290115205312,false,פיטנס קרקר Thin Deli,,,פיטנס קרקר Thin Deli,גרמים,140.00,100 גרם,false,,11.90,0.0850,true,1,1416967
7290115205978,false,פתי בר אצבעות שוקולד,,,פתי בר אצבעות שוקולד,גרמים,180.00,100 גרם,false,,11.90,0.0661,true,1,1416136
7290115207484,false,חציל על האש צבר 400,,,חציל על האש צבר 400,גרמים,400.00,100 גרם,false,,15.90,0.0398,true,1,1415579
7290115207620,false,רוטב בסגנון סויה קלא,,,רוטב בסגנון סויה קלא,מיליליטרים,290.00,"100 מ""ל",false,,11.90,0.0410,true,1,1417258
7290115207682,false,רוטב בסגנון סויה סינ,,,רוטב בסגנון סויה סינ,מיליליטרים,290.00,"100 מ""ל",false,,10.90,0.0376,true,1,1417259
7290115207941,false,ויטמינצ'יק אננס 1 לי,,,ויטמינצ'יק אננס 1 לי,מיליליטרים,1000.00,"100 מ""ל",false,,21.90,0.0219,true,1,1415924
7290115207989,false,ויטמינצ'יק לימון 1 ל,,,ויטמינצ'יק לימון 1 ל,מיליליטרים,1000.00,"100 מ""ל",false,,21.90,0.0219,true,1,1415926
7290115208009,false,ויטמינצ'יק ענבים 1 ל,,,ויטמינצ'יק ענבים 1 ל,מיליליטרים,1000.00,"100 מ""ל",false,,21.90,0.0219,true,1,1415927
7290115208047,false,ויטמינצ'יק פטל 1 ליט,,,ויטמינצ'יק פטל 1 ליט,מיליליטרים,1000.00,"100 מ""ל",false,,21.90,0.0219,true,1,1415928
7290115208061,false,ויטמינצ'יק תפוח 1 לי,,,ויטמינצ'יק תפוח 1 לי,מיליליטרים,1000.00,"100 מ""ל",false,,21.90,0.0219,true,1,1415929
7290115208597,false,קרמוגית מיניס קרמל מ,,,קרמוגית מיניס קרמל מ,גרמים,200.00,100 גרם,false,,10.90,0.0545,true,1,1417796
7290115208801,false,לחמית דבש ואגוזים 19,,,לחמית דבש ואגוזים 19,גרמים,190.00,100 גרם,false,,9.90,0.0521,true,1,1418498
7290115209174,false,במבה אורירית אסם 60,,,במבה אורירית אסם 60,גרמים,60.00,100 גרם,false,,4.30,0.0717,true,1,1417632
7290115209358,false,במבה במילוי בראוניז,,,במבה במילוי בראוניז,גרמים,60.00,100 גרם,false,,4.90,0.0817,true,1,1419492
7290115400847,false,עוגיות פרפריות רמי ל,,,עוגיות פרפריות רמי ל,גרמים,500.00,100 גרם,false,,14.90,0.0298,true,1,1417203
7290115400861,false,עוגיות מעמול תמר רמי,,,עוגיות מעמול תמר רמי,גרמים,500.00,100 גרם,false,,14.90,0.0298,true,1,1417205
7290115400878,false,עוגיות ממולאות בטעם,,,עוגיות ממולאות בטעם,גרמים,500.00,100 גרם,false,,14.90,0.0298,true,1,1417206
7290115400908,false,עוגיות מגולגלות תמרי,,,עוגיות מגולגלות תמרי,גרמים,500.00,100 גרם,false,,14.90,0.0298,true,1,1417208
7290115401097,false,עוגיות נסיכה בטעם תו,,,עוגיות נסיכה בטעם תו,גרמים,500.00,100 גרם,false,,14.90,0.0298,true,1,1417209
7290115401103,false,עוגיות נסיכה מיקס רמ,,,עוגיות נסיכה מיקס רמ,גרמים,500.00,100 גרם,false,,14.90,0.0298,true,1,1417210
7290115401110,false,עוגיות בסגנון מרוקאי,,,עוגיות בסגנון מרוקאי,גרמים,500.00,100 גרם,false,,14.90,0.0298,true,1,1417211
7290115401196,false,עוגיות קוואקר פריכות,,,עוגיות קוואקר פריכות,גרמים,500.00,100 גרם,false,,14.90,0.0298,true,1,1417214
7290115410884,false,חציל על האש רמי לוי,,,חציל על האש רמי לוי,גרמים,400.00,100 גרם,false,,10.90,0.0273,true,1,1415550
7290115410891,false,חומוס מסבחה רמי לוי,,,חומוס מסבחה רמי לוי,גרמים,400.00,100 גרם,false,,10.90,0.0273,true,1,1415064
7290115410907,false,מטבוחה רמי לוי 400 ג,,,מטבוחה רמי לוי 400 ג,גרמים,400.00,100 גרם,false,,10.90,0.0273,true,1,1415551
7290115410914,false,חציל רומני רמי לוי 4,,,חציל רומני רמי לוי 4,גרמים,400.00,100 גרם,false,,10.90,0.0273,true,1,1415552
7290115410921,false,חומוס ירושלמי רמי לו,,,חומוס ירושלמי רמי לו,גרמים,400.00,100 גרם,false,,10.90,0.0273,true,1,1415553
7290115410938,false,טחינה רמי לוי 400 גר,,,טחינה רמי לוי 400 גר,גרמים,400.00,100 גרם,false,,10.90,0.0273,true,1,1415065
7290115410945,false,חומוס זעתר רמי לוי 4,,,חומוס זעתר רמי לוי 4,גרמים,400.00,100 גרם,false,,10.90,0.0273,true,1,1415554
7290115410952,false,חציל במיונז רמי לוי,,,חציל במיונז רמי לוי,גרמים,400.00,100 גרם,false,,10.90,0.0273,true,1,1415555
7290115411454,false,חומוס ירושלמי המזטים,,,חומוס ירושלמי המזטים,גרמים,250.00,100 גרם,false,,8.90,0.0356,true,1,1410902
7290115411577,false,חציל אש במיונז המזטי,,,חציל אש במיונז המזטי,גרמים,250.00,100 גרם,false,,8.90,0.0356,true,1,1410905
7290115411638,false,קוביות חציל בטחינה ה,,,קוביות חציל בטחינה ה,גרמים,250.00,100 גרם,false,,8.90,0.0356,true,1,1410908
7290115480016,false,סוד קפסולות ג'ל 3+1,,,סוד קפסולות ג'ל 3+1,יחידה,26.00,יחידה,false,,29.90,1.1500,true,1,1417162
7290115671223,false,מאסט פאן אבטיח מנגו,,,מאסט פאן אבטיח מנגו,גרמים,58.00,100 גרם,false,,9.90,0.1707,true,1,1415620
7290115671308,false,תות דובדבן מאסט פאן,,,תות דובדבן מאסט פאן,גרמים,58.00,100 גרם,false,,9.90,0.1707,true,1,1415621
7290115671339,false,מיני פינוקיות בראוני,,,מיני פינוקיות בראוני,גרמים,180.00,100 גרם,false,,10.90,0.0606,true,1,1413872
7290115671346,false,מיני פינוקיות טופי ק,,,מיני פינוקיות טופי ק,גרמים,180.00,100 גרם,false,,10.90,0.0606,true,1,1413873
7290115671353,false,מיני פינוקיות שחור ל,,,מיני פינוקיות שחור ל,גרמים,180.00,100 גרם,false,,10.90,0.0606,true,1,1415622
7290115675559,false,מארז טורקי לדרך 70 ג,,,מארז טורקי לדרך 70 ג,גרמים,70.00,100 גרם,false,,7.90,0.1129,true,1,1415904
7290115675696,false,קוואקר Cruesli אגוזי,,,קוואקר Cruesli אגוזי,גרמים,375.00,100 גרם,false,,19.90,0.0531,true,1,1413657
7290115675702,false,קוואקר Cruesli פירות,,,קוואקר Cruesli פירות,גרמים,375.00,100 גרם,false,,19.90,0.0531,true,1,1413658
7290115675986,false,דנונה בר עם אגוזים מ,,,דנונה בר עם אגוזים מ,גרמים,173.00,100 גרם,false,,4.60,0.0266,true,1,1411111
7290115676037,false,דנונה ריפרש תות דומד,,,דנונה ריפרש תות דומד,גרמים,250.00,100 גרם,false,,5.70,0.0228,true,1,1412916
7290115676082,false,משקה דנונה פרו 20 תו,,,משקה דנונה פרו 20 תו,גרמים,250.00,100 גרם,false,,6.90,0.0276,true,1,1412918
7290115676099,false,משקה דנונה פרו 20 ונ,,,משקה דנונה פרו 20 ונ,גרמים,255.00,100 גרם,false,,6.90,0.0271,true,1,1412919
7290115677089,false,קונפיטורת תפוח קינמו,,,קונפיטורת תפוח קינמו,גרמים,340.00,100 גרם,false,,13.90,0.0409,true,1,1413878
7290115677362,false,ארוחת נודלס טריאקי 3,,,ארוחת נודלס טריאקי 3,גרמים,350.00,100 גרם,false,,26.90,0.0769,true,1,1414386
7290115677423,false,ארוחת אורז קארי ירוק,,,ארוחת אורז קארי ירוק,גרמים,350.00,100 גרם,false,,26.90,0.0769,true,1,1414387
7290115678376,false,מעדן הגולן שוקולד 12,,,מעדן הגולן שוקולד 12,גרמים,125.00,100 גרם,false,,2.90,0.0232,true,1,1413857
7290115678383,false,מעדן הגולן שוקולד מר,,,מעדן הגולן שוקולד מר,גרמים,125.00,100 גרם,false,,2.90,0.0232,true,1,1413863
7290115679885,false,פיצה מבצק עם כרובית,,,פיצה מבצק עם כרובית,גרמים,320.00,100 גרם,false,,26.90,0.0841,true,1,1416443
7290115679915,false,פיצה מבצק עם דלעת דל,,,פיצה מבצק עם דלעת דל,גרמים,320.00,100 גרם,false,,28.90,0.0903,true,1,1416722
7290115679960,false,ציטוס פופקורן טבעי 6,,,ציטוס פופקורן טבעי 6,גרמים,60.00,100 גרם,false,,5.00,0.0833,true,1,1414083
7290116051895,false,צלחות בלה 10.4' (8 י,,,צלחות בלה 10.4' (8 י,100 יחידה,8.00,100 יחידה,false,,27.90,3.4875,true,1,1417423
7290116051901,false,מרקייה בלה (8 יח') ש,,,מרקייה בלה (8 יח') ש,100 יחידה,8.00,100 יחידה,false,,18.90,2.3625,true,1,1417424
7290116052465,false,גופיות נשים כתפיה ספ,,,גופיות נשים כתפיה ספ,100 יחידה,1.00,100 יחידה,false,,20.00,20.0000,true,1,1418152
7290116052496,false,גופיות נשים כתפיה ספ,,,גופיות נשים כתפיה ספ,100 יחידה,1.00,100 יחידה,false,,20.00,20.0000,true,1,1418155
7290116052700,false,סכין שקוף רמי לוי 40,,,סכין שקוף רמי לוי 40,100 יחידה,40.00,100 יחידה,false,,8.90,0.2225,true,1,1418043
7290116052731,false,כף שקוף רמי לוי 40 י,,,כף שקוף רמי לוי 40 י,100 יחידה,40.00,100 יחידה,false,,8.90,0.2225,true,1,1418046
7290116052748,false,סכין קרם רמי לוי 40,,,סכין קרם רמי לוי 40,100 יחידה,40.00,100 יחידה,false,,8.90,0.2225,true,1,1418047
7290116052762,false,מזלג קרם רמי לוי 40,,,מזלג קרם רמי לוי 40,100 יחידה,40.00,100 יחידה,false,,8.90,0.2225,true,1,1418049
7290116052885,false,כוס מרוקאי קרם (25 י,,,כוס מרוקאי קרם (25 י,100 יחידה,25.00,100 יחידה,false,,8.90,0.3560,true,1,1417674
7290116052922,false,פחמים איכותיים - 2 ק,,,פחמים איכותיים - 2 ק,גרמים,2000.00,גרם,false,,11.90,0.0060,true,1,1418511
7290116053028,false,מזלג פרימיום שקוף 40,,,מזלג פרימיום שקוף 40,100 יחידה,40.00,100 יחידה,false,,7.90,0.1975,true,1,1417687
7290116053172,false,אטבי כביסה צבעוניים,,,אטבי כביסה צבעוניים,יחידה,30.00,יחידה,false,,10.90,0.3633,true,1,1418786
7290116053424,false,חמישיית מגבות ידיים,,,חמישיית מגבות ידיים,100 יחידה,5.00,100 יחידה,false,,15.90,3.1800,true,1,1418657
7290116053561,false,מספריים רב שימושיות,,,מספריים רב שימושיות,יחידה,1.00,יחידה,false,,16.90,16.9000,true,1,1419363
7290116053837,false,מגב חלון איכותי,,,מגב חלון איכותי,יחידה,1.00,יחידה,false,,8.90,8.9000,true,1,1418788
7290116053943,false,טי שרט לבן V (מידה S,,,טי שרט לבן V (מידה S,100 יחידה,1.00,100 יחידה,false,,20.90,20.9000,true,1,1418158
7290116054230,false,צלחת 8.5 לבן בסט ולי,,,צלחת 8.5 לבן בסט ולי,יחידה,50.00,יחידה,false,,17.90,0.3580,true,1,1416869
7290116054247,false,צלחת 8.5 קרם בסט ולי,,,צלחת 8.5 קרם בסט ולי,יחידה,50.00,יחידה,false,,17.90,0.3580,true,1,1416870
7290116055657,false,כוס חם 8 (40 יח') רמ,,,כוס חם 8 (40 יח') רמ,100 יחידה,40.00,100 יחידה,false,,9.90,0.2475,true,1,1417690
7290116055664,false,כוס חם 10 רמי לוי,,,כוס חם 10 רמי לוי,יחידה,40.00,יחידה,false,,17.90,0.4475,true,1,1416913
7290116056302,false,צלחת 9 לבן 50 יחידות,,,צלחת 9 לבן 50 יחידות,יחידה,1.00,יחידה,false,,21.90,21.9000,true,1,1416842
7290116056968,false,מטליות לניקוי וחיטוי,,,מטליות לניקוי וחיטוי,יחידה,50.00,יחידה,false,,7.90,0.1580,true,1,1414667
7290116530185,false,דלישקד 400 גרם תלמה,,,דלישקד 400 גרם תלמה,גרמים,400.00,100 גרם,false,,20.90,0.0522,true,1,1414353
7290116531496,false,קינמונים דגני בוקר,,,קינמונים דגני בוקר,גרמים,375.00,100 גרם,false,,20.90,0.0557,true,1,1417475
7290116531885,false,ממרח טבעוני ויגן תלמ,,,ממרח טבעוני ויגן תלמ,גרמים,500.00,100 גרם,false,,13.90,0.0278,true,1,1417755
7290116531939,false,גלידונית תות שדה,,,גלידונית תות שדה,מיליליטרים,955.00,"1000מ""ל",false,,43.90,0.0460,true,1,1416616
7290116532219,false,קורנפלקס תות דגני בו,,,קורנפלקס תות דגני בו,גרמים,448.00,100 גרם,false,,17.90,0.0400,true,1,1417476
7290116532264,false,מאגדת גודיז פרי אפרס,,,מאגדת גודיז פרי אפרס,גרמים,300.00,100 גרם,false,,22.90,0.0763,true,1,1416617
7290116532271,false,מאגדת גודיז סנדוויץ',,,מאגדת גודיז סנדוויץ',גרמים,270.00,100 גרם,false,,24.90,0.0922,true,1,1416618
7290116533063,false,דגני בוקר שוגי בטעם,,,דגני בוקר שוגי בטעם,גרמים,400.00,100 גרם,false,,20.90,0.0522,true,1,1417759
7290116930435,false,יוגורט יופלה גו סמיך,,,יוגורט יופלה גו סמיך,גרמים,200.00,100 גרם,false,,5.90,0.0295,true,1,1417202
7290116930459,false,יופלה שייק בננה  אננ,,,יופלה שייק בננה  אננ,מיליליטרים,230.00,"100 מ""ל",false,,7.90,0.0343,true,1,1417700
7290116930466,false,יופלה שייק מנגו  בננ,,,יופלה שייק מנגו  בננ,מיליליטרים,230.00,"100 מ""ל",false,,7.90,0.0343,true,1,1417701
7290116930701,false,מעדן חלב גו בטעם קרמ,,,מעדן חלב גו בטעם קרמ,גרמים,120.00,100 גרם,false,,4.90,0.0408,true,1,1417708
7290116930725,false,מעדן סויה ביו קוקוס,,,מעדן סויה ביו קוקוס,גרמים,150.00,100 גרם,false,,4.80,0.0320,true,1,1418333
7290116931081,false,מעדן סויה בטעם טופי,,,מעדן סויה בטעם טופי,גרמים,125.00,100 גרם,false,,4.20,0.0336,true,1,1418334
7290117260449,false,בולגרית מעודנת למריח,,,בולגרית מעודנת למריח,גרמים,200.00,100 גרם,false,,11.90,0.0595,true,1,1416927
7290117260470,false,בולגרית מעודנת למריח,,,בולגרית מעודנת למריח,גרמים,200.00,100 גרם,false,,11.90,0.0595,true,1,1416930
7290117260968,false,"ביסקוויטים לל""ג כשלפ",,,"ביסקוויטים לל""ג כשלפ",גרמים,125.00,100 גרם,false,,9.90,0.0792,true,1,1416924
7290117261378,false,גבינת קשקבל לייט יור,,,גבינת קשקבל לייט יור,גרמים,250.00,100 גרם,false,,14.90,0.0596,true,1,1418877
7290117380178,false,סוויט פוף שוקולד חלב,,,סוויט פוף שוקולד חלב,גרמים,50.00,100 גרם,false,,4.50,0.0900,true,1,1417341
7290117380185,false,סוויט פוף שוקולד חלב,,,סוויט פוף שוקולד חלב,גרמים,50.00,100 גרם,false,,4.50,0.0900,true,1,1417342
7290117380215,false,פוף קראנצ בטעם טאקו,,,פוף קראנצ בטעם טאקו,גרמים,60.00,100 גרם,false,,3.90,0.0650,true,1,1415181
7290117900932,false,גרעיני אבטיח קלויים,,,גרעיני אבטיח קלויים,גרמים,130.00,100 גרם,false,,10.90,0.0838,true,1,1417876
7290117900949,false,בוטנים מצופים אמריקא,,,בוטנים מצופים אמריקא,גרמים,250.00,100 גרם,false,,10.90,0.0436,true,1,1417877
7290117900956,false,תערובת פיצוחים קלויי,,,תערובת פיצוחים קלויי,גרמים,180.00,100 גרם,false,,15.90,0.0883,true,1,1417878
7290117900963,false,בוטנים קלויים ששון ה,,,בוטנים קלויים ששון ה,גרמים,270.00,100 גרם,false,,10.90,0.0404,true,1,1417879
7290117900970,false,שקדים קלויים ששון הק,,,שקדים קלויים ששון הק,גרמים,180.00,100 גרם,false,,15.90,0.0883,true,1,1417880
7290117900987,false,אגוז פקאן קלוף ששון,,,אגוז פקאן קלוף ששון,גרמים,140.00,100 גרם,false,,15.90,0.1136,true,1,1417881
7290117900994,false,פקאן סיני מסוכר ששון,,,פקאן סיני מסוכר ששון,גרמים,140.00,100 גרם,false,,15.90,0.1136,true,1,1417882
7290117901007,false,פיסטוקים קלויים ששון,,,פיסטוקים קלויים ששון,גרמים,130.00,100 גרם,false,,15.90,0.1223,true,1,1417883
7290117901014,false,קשיו קלוי ששון הקולה,,,קשיו קלוי ששון הקולה,גרמים,160.00,100 גרם,false,,15.90,0.0994,true,1,1417884
7290117901021,false,קבוקים בוטנים מצופים,,,קבוקים בוטנים מצופים,גרמים,220.00,100 גרם,false,,10.90,0.0495,true,1,1417885
7290117901038,false,אגוזי מלך קלופים ששו,,,אגוזי מלך קלופים ששו,גרמים,190.00,100 גרם,false,,15.90,0.0837,true,1,1417886
7290117901045,false,בוטן רביולי ששון הקו,,,בוטן רביולי ששון הקו,גרמים,200.00,100 גרם,false,,15.90,0.0795,true,1,1417887
7290117901052,false,שקדים קלופים ששון הק,,,שקדים קלופים ששון הק,גרמים,180.00,100 גרם,false,,15.90,0.0883,true,1,1417888
7290118070177,false,שלישית ווים ניצמדים,,,שלישית ווים ניצמדים,יחידה,3.00,יחידה,false,,6.90,2.3000,true,1,1418792
7290118070276,false,פותחן ליין,,,פותחן ליין,יחידה,1.00,יחידה,false,,16.90,16.9000,true,1,1418795
7290118072515,false,מחבת ווד אדישן מקצוע,,,מחבת ווד אדישן מקצוע,יחידה,1.00,יחידה,false,,69.90,69.9000,true,1,1419398
7290118072980,false,סביבון חללית,,,סביבון חללית,יחידה,1.00,יחידה,false,,15.90,15.9000,true,1,1420318
7290118073512,false,זוג קופסאות אחסון מי,,,זוג קופסאות אחסון מי,יחידה,1.00,יחידה,false,,5.90,5.9000,true,1,1419366
7290118073710,false,מקל מטאטא מחוזק 130,,,מקל מטאטא מחוזק 130,יחידה,1.00,יחידה,false,,7.90,7.9000,true,1,1420322
7290118420514,false,אסם אינסטנט פודינג נ,,,אסם אינסטנט פודינג נ,גרמים,75.00,100 גרם,false,,4.90,0.0653,true,1,1419497
7291044077209,false,מארז סוללות 12 יח,,,מארז סוללות 12 יח,יחידה,1.00,יחידה,false,,14.90,14.9000,true,1,1402945
7296082000080,true,ביצי חופש L-רמות השב,,,ביצי חופש L-רמות השב,00000000000000000000,0.00,00000000000000000000,false,,16.60,0.0000,true,1,1399923
7296168010590,false,פדים להסרת איפור 80*,,,פדים להסרת איפור 80*,יחידה,80.00,יחידה,false,,16.90,0.2112,true,1,1411407
7296168070600,true,קיסמי שיניים דנטלים,,,קיסמי שיניים דנטלים,000000000000000יחידה,0.00,000000000000000יחידה,false,,9.90,0.0000,true,1,1403131
7297488097995,false,דגש גרנולה דבש 250 ג,,,דגש גרנולה דבש 250 ג,גרמים,250.00,100 גרם,false,,13.90,0.0556,true,1,1407005
7297488098169,false,דגש קמח תירס 500 גרם,,,דגש קמח תירס 500 גרם,גרמים,500.00,100 גרם,false,,9.90,0.0198,true,1,1406985
7297488098688,false,פצפוצי אורז מלא ללא,,,פצפוצי אורז מלא ללא,גרמים,450.00,100 גרם,false,,19.90,0.0442,true,1,1406988
7298171178922,false,רביעיית מגבונים מיקי,,,רביעיית מגבונים מיקי,100 יחידה,1.00,100 יחידה,false,,19.90,19.9000,true,1,1418201
7299854145262,false,כוסות נייר שתיה חמה,,,כוסות נייר שתיה חמה,יחידה,50.00,יחידה,false,,11.90,0.2380,true,1,1411092
7312040017683,false,"וודקה אבסולוט 700 מ""",,,"וודקה אבסולוט 700 מ""",מיליליטרים,700.00,"100 מ""ל",false,,67.90,0.0970,true,1,1396845
7394376616778,false,משקה שיבולת שועל להק,,,משקה שיבולת שועל להק,מיליליטרים,1000.00,"100 מ""ל",false,,15.90,0.0159,true,1,1409445
7501013122039,false,ג'ומקס נקטר מנגו קרט,,,ג'ומקס נקטר מנגו קרט,מיליליטרים,1000.00,"100 מ""ל",false,,9.50,0.0095,true,1,1404547
7501013122053,false,ג'ומקס נקטר אפרסק קר,,,ג'ומקס נקטר אפרסק קר,מיליליטרים,1000.00,"100 מ""ל",false,,9.50,0.0095,true,1,1404548
7501013122992,false,ג'ומקס משקה קוקוס אנ,,,ג'ומקס משקה קוקוס אנ,מיליליטרים,1000.00,"100 מ""ל",false,,9.50,0.0095,true,1,1404551
7501049936945,false,בירה סול שישייה 330,,,בירה סול שישייה 330,מיליליטרים,1980.00,"100 מ""ל",false,,34.90,0.0176,true,1,1407223
7501064191398,false,בירה קורונה שישייה 3,,,בירה קורונה שישייה 3,מיליליטרים,2130.00,"100 מ""ל",false,,39.90,0.0187,true,1,1404155
7509546666846,false,קולגייט טוטאל משחת ש,,,קולגייט טוטאל משחת ש,יחידה,1.00,יחידה,false,,19.90,19.9000,true,1,1412094
7610023050215,true,מוזלי קראנץ,,,מוזלי קראנץ,00000000000000000000,0.00,00000000000000000000,false,,23.90,0.0000,true,1,1399523
7610023051212,true,מוזלי קראנץ,,,מוזלי קראנץ,00000000000000000000,0.00,00000000000000000000,false,,23.90,0.0000,true,1,1399524
7610100034084,false,מיונז טומי 265 גרם,,,מיונז טומי 265 גרם,גרמים,265.00,100 גרם,false,,14.90,0.0562,true,1,1398030
7610243004463,false,מרסס להסרת אבנית במק,,,מרסס להסרת אבנית במק,מיליליטרים,600.00,"100 מ""ל",false,,19.90,0.0332,true,1,1415467
7610400075787,false,שוקולד לינדט לגרנד ח,,,שוקולד לינדט לגרנד ח,גרמים,150.00,100 גרם,false,,23.90,0.1593,true,1,1414774
7610400091060,false,שוקולד לינדט אקסלנס,,,שוקולד לינדט אקסלנס,גרמים,100.00,100 גרם,false,,14.90,0.1490,true,1,1414776
7613030979647,false,דגני תירס תפוחים בטע,,,דגני תירס תפוחים בטע,גרמים,480.00,100 גרם,false,,23.90,0.0498,true,1,1394642
7613032045753,false,פיטנס שוקולד 375 גרם,,,פיטנס שוקולד 375 גרם,גרמים,375.00,100 גרם,false,,19.90,0.0531,true,1,1394645
7613033548192,false,פיטנס שוקולד מריר 37,,,פיטנס שוקולד מריר 37,גרמים,375.00,100 גרם,false,,19.90,0.0531,true,1,1394655
7613035807778,false,פרפקטו רוטב עגבניות,,,פרפקטו רוטב עגבניות,גרמים,400.00,100 גרם,false,,10.50,0.0263,true,1,1394667
7613035809109,false,פרפקטו רוטב עגבניות,,,פרפקטו רוטב עגבניות,גרמים,400.00,100 גרם,false,,10.50,0.0263,true,1,1394668
7613035809857,false,פרפקטו רוטב עגבניות,,,פרפקטו רוטב עגבניות,גרמים,400.00,100 גרם,false,,10.50,0.0263,true,1,1394670
7613036288958,false,"דוגלי אקטיב 3 ק""ג",,,"דוגלי אקטיב 3 ק""ג",גרמים,3000.00,100 גרם,false,,48.90,0.0163,true,1,1394679
7613036520492,false,רוטב עגבניות לפיצה פ,,,רוטב עגבניות לפיצה פ,גרמים,400.00,100 גרם,false,,10.50,0.0263,true,1,1394681
7613036710879,false,קיט קט צנקי מיני 12*,,,קיט קט צנקי מיני 12*,גרמים,194.00,100 גרם,false,,14.90,0.0768,true,1,1410124
7613036737623,false,קראנץ מקס 410 גרם,,,קראנץ מקס 410 גרם,גרמים,410.00,100 גרם,false,,23.90,0.0583,true,1,1404039
7613037686906,false,דגני בוקר עם שקדים ו,,,דגני בוקר עם שקדים ו,גרמים,355.00,100 גרם,false,,19.90,0.0561,true,1,1406285
7613038268262,false,האני נאט ציריוס מופח,,,האני נאט ציריוס מופח,גרמים,410.00,100 גרם,false,,19.90,0.0485,true,1,1408031
7613287121783,false,סמארטיס מיני 187 גרם,,,סמארטיס מיני 187 גרם,גרמים,187.00,100 גרם,false,,14.90,0.0797,true,1,1412359
7613287476678,false,סינימיניס צ'ורוס 360,,,סינימיניס צ'ורוס 360,גרמים,360.00,100 גרם,false,,23.90,0.0664,true,1,1413640
7614500035788,false,טובלרון 200 גרם,,,טובלרון 200 גרם,גרמים,200.00,100 גרם,false,,17.90,0.0895,true,1,1415962
7622010001858,false,אוראו וניל 176 גרם ב,,,אוראו וניל 176 גרם ב,גרמים,176.00,100 גרם,false,,9.90,0.0563,true,1,1395097
7622201139278,false,גבינת שמנת 27% פילדל,,,גבינת שמנת 27% פילדל,גרמים,150.00,100 גרם,false,,14.90,0.0993,true,1,1406682
7622201521493,false,גבינת שמנת שום ועשבי,,,גבינת שמנת שום ועשבי,גרמים,150.00,100 גרם,false,,14.90,0.0993,true,1,1417612
7622201798154,false,גבינת שמנת פילדלפיה,,,גבינת שמנת פילדלפיה,גרמים,150.00,100 גרם,false,,14.90,0.0993,true,1,1414139
7622201801809,false,שוקולד חלב עם שברי א,,,שוקולד חלב עם שברי א,גרמים,100.00,100 גרם,false,,6.90,0.0690,true,1,1414092
7622201802363,false,שוקולד חלב עם אגוזים,,,שוקולד חלב עם אגוזים,גרמים,100.00,100 גרם,false,,5.90,0.0590,true,1,1414093
7622201802394,false,שוקולד חלב מילקה 100,,,שוקולד חלב מילקה 100,גרמים,100.00,100 גרם,false,,6.90,0.0690,true,1,1414094
7622201819408,false,מילקה דארק קרמל 85 ג,,,מילקה דארק קרמל 85 ג,גרמים,85.00,100 גרם,false,,7.90,0.0929,true,1,1414680
7622210078131,false,שוק' מילקה דאיים 100,,,שוק' מילקה דאיים 100,גרמים,100.00,100 גרם,false,,6.90,0.0690,true,1,1414618
7622210149718,true,קדבורי שישיית חטיפי,,,קדבורי שישיית חטיפי,גרמים,0.00,00000000000000000גרם,false,,10.00,0.0000,true,1,1396266
7622210163899,false,מילקה שוקולד חלב עם,,,מילקה שוקולד חלב עם,גרמים,100.00,100 גרם,false,,6.90,0.0690,true,1,1395098
7622210392589,false,טובלרון טייני חלב 20,,,טובלרון טייני חלב 20,גרמים,200.00,100 גרם,false,,17.90,0.0895,true,1,1418512
7622210464729,false,אוראו גולדן 154 גרם,,,אוראו גולדן 154 גרם,גרמים,154.00,100 גרם,false,,6.90,0.0448,true,1,1407413
7622210664150,false,עוגיות אוראו וניל 39,,,עוגיות אוראו וניל 39,גרמים,396.00,100 גרם,false,,15.90,0.0402,true,1,1418514
7622210835338,false,עוגיות אוראו בראוניז,,,עוגיות אוראו בראוניז,גרמים,176.00,100 גרם,false,,8.90,0.0506,true,1,1395101
7622300315283,false,אוראו וניל 154 גרם,,,אוראו וניל 154 גרם,גרמים,154.00,100 גרם,false,,6.90,0.0448,true,1,1414096
7622300489434,false,אוראו עוגיות מצופות,,,אוראו עוגיות מצופות,גרמים,246.00,100 גרם,false,,18.90,0.0768,true,1,1409485
7622300617820,false,מילקה אוראו 100 גרם,,,מילקה אוראו 100 גרם,גרמים,100.00,100 גרם,false,,6.90,0.0690,true,1,1395106
7702024074625,false,פיטנס חטיפי קרקר חיט,,,פיטנס חטיפי קרקר חיט,גרמים,234.00,100 גרם,false,,11.90,0.0509,true,1,1394685
7702174070201,false,לקקן יוגטה מג'יק 12,,,לקקן יוגטה מג'יק 12,גרמים,216.00,100 גרם,false,,10.90,0.0505,true,1,1404068
7777555502725,false,ראש לטוש גדול מנקו,,,ראש לטוש גדול מנקו,יחידה,1.00,יחידה,false,,49.90,49.9000,true,1,1408807
7777555509625,false,מברשת לניקוי איכותית,,,מברשת לניקוי איכותית,יחידה,1.00,יחידה,false,,14.90,14.9000,true,1,1408859
7777555510799,false,זוג דבק 3 שניות,,,זוג דבק 3 שניות,גרמים,6.00,100 גרם,false,,6.90,1.1500,true,1,1402185
7777555510836,false,סט 3 קופסאות אחסון,,,סט 3 קופסאות אחסון,יחידה,3.00,יחידה,false,,29.90,9.9667,true,1,1402186
7777884400105,false,קערת נרוסטה S,,,קערת נרוסטה S,יחידה,1.00,יחידה,false,,10.90,10.9000,true,1,1409046
7777886600107,false,שישיית כפות,,,שישיית כפות,יחידה,1.00,יחידה,false,,9.90,9.9000,true,1,1407592
7777886600695,false,מברשת שירותים,,,מברשת שירותים,יחידה,1.00,יחידה,false,,7.90,7.9000,true,1,1409065
7777886600732,false,קליפסים ארוכים לשקיו,,,קליפסים ארוכים לשקיו,יחידה,1.00,יחידה,false,,6.90,6.9000,true,1,1407895
7777886602057,false,מספריים לציפורניים,,,מספריים לציפורניים,יחידה,1.00,יחידה,false,,9.90,9.9000,true,1,1409083
7777886602637,false,מטאטא סלקטה,,,מטאטא סלקטה,יחידה,1.00,יחידה,false,,15.90,15.9000,true,1,1402204
7777886602699,false,מצע לפירות וירקות 30,,,מצע לפירות וירקות 30,יחידה,1.00,יחידה,false,,9.90,9.9000,true,1,1402206
7777886604891,false,מחבת יציקה איכותית 2,,,מחבת יציקה איכותית 2,יחידה,1.00,יחידה,false,,44.90,44.9000,true,1,1402215
7777886604914,false,מחבת יציקה איכותית 2,,,מחבת יציקה איכותית 2,יחידה,1.00,יחידה,false,,69.90,69.9000,true,1,1402217
7777886605768,false,יעה פס גומי,,,יעה פס גומי,יחידה,1.00,יחידה,false,,5.00,5.0000,true,1,1411045
7777887755554,false,סט סכינים רב שימושיו,,,סט סכינים רב שימושיו,יחידה,1.00,יחידה,false,,19.90,19.9000,true,1,1402220
7798378440018,false,אוכמניות יחידה,,,אוכמניות יחידה,גרמים,125.00,100 גרם,false,,19.90,0.1592,true,1,1419402
7798382150019,false,אוכמניות יחידה,,,אוכמניות יחידה,גרמים,125.00,100 גרם,false,,19.90,0.1592,true,1,1420285
7804414000860,false,יין דון חוליו קברנה,,,יין דון חוליו קברנה,מיליליטרים,750.00,"100 מ""ל",false,,31.50,0.0420,true,1,1397730
7804414000877,false,יין מרלו דון חוליו ה,,,יין מרלו דון חוליו ה,מיליליטרים,750.00,"100 מ""ל",false,,31.50,0.0420,true,1,1397731
7804414000884,false,יין לבן יבש שרדונה ד,,,יין לבן יבש שרדונה ד,מיליליטרים,750.00,"100 מ""ל",false,,31.50,0.0420,true,1,1397732
7804414001614,false,יין אדום שיראז דון ח,,,יין אדום שיראז דון ח,מיליליטרים,750.00,"100 מ""ל",false,,31.50,0.0420,true,1,1397733
7804414012344,false,יין לבן יבש סוביניון,,,יין לבן יבש סוביניון,מיליליטרים,750.00,"100 מ""ל",false,,31.50,0.0420,true,1,1397734
7804414012351,false,יין אדום יבש מלבק דו,,,יין אדום יבש מלבק דו,מיליליטרים,750.00,"100 מ""ל",false,,31.50,0.0420,true,1,1397735
7804414012368,false,יין אדום רוזה דון חו,,,יין אדום רוזה דון חו,מיליליטרים,750.00,"100 מ""ל",false,,31.50,0.0420,true,1,1397736
7804651030026,false,אוכמניות יחידה,,,אוכמניות יחידה,גרמים,125.00,100 גרם,false,,19.90,0.1592,true,1,1418756
7804667480082,false,אוכמניות יחידה,,,אוכמניות יחידה,גרמים,125.00,100 גרם,false,,19.90,0.1592,true,1,1416100
7809530602189,false,אוכמניות יחידה,,,אוכמניות יחידה,גרמים,125.00,100 גרם,false,,19.90,0.1592,true,1,1405104
7920005431364,true,"עוגת גבינה כלש""פ",,,"עוגת גבינה כלש""פ",000000000000000יחידה,0.00,000000000000000יחידה,false,,6.00,0.0000,true,1,1394777
8000070053465,false,לוואצה אורו 58 גרם,,,לוואצה אורו 58 גרם,גרמים,55.00,100 גרם,false,,21.90,0.3982,true,1,1419325
8000070081000,false,קפסולות הרמוניקו חוז,,,קפסולות הרמוניקו חוז,יחידה,10.00,יחידה,false,,19.90,1.9900,true,1,1398037
8000070081017,false,קפסולות קפה דיצ'ו חו,,,קפסולות קפה דיצ'ו חו,יחידה,11.00,יחידה,false,,19.90,1.8091,true,1,1398038
8000215204387,false,רוטב בשמל צמחי אורגנ,,,רוטב בשמל צמחי אורגנ,מיליליטרים,500.00,"100 מ""ל",false,,13.90,0.0278,true,1,1404793
8000215204394,false,משקה אורז ואגוזי לוז,,,משקה אורז ואגוזי לוז,מיליליטרים,1000.00,"100 מ""ל",false,,17.90,0.0179,true,1,1404794
8000215204554,false,משקה קוקוס ויטאריז 1,,,משקה קוקוס ויטאריז 1,מיליליטרים,1000.00,"100 מ""ל",false,,13.90,0.0139,true,1,1404795
8000300300390,false,שוקולד קראנץ מריר 10,,,שוקולד קראנץ מריר 10,,1.00,יח,false,,11.90,11.9000,true,1,1419157
8000300389067,false,שקית באצ'י 125 גרם,,,שקית באצ'י 125 גרם,גרמים,125.00,100 גרם,false,,19.90,0.1592,true,1,1419153
8000320010088,false,פסאטה צ'יריו במרקם ג,,,פסאטה צ'יריו במרקם ג,מיליליטרים,680.00,"100 מ""ל",false,,11.90,0.0175,true,1,1418660
8000320010095,false,פסאטה צ'יריו במרקם ע,,,פסאטה צ'יריו במרקם ע,מיליליטרים,700.00,"100 מ""ל",false,,11.90,0.0170,true,1,1418661
8000350001124,false,וישנזי חטיף עוגיה פר,,,וישנזי חטיף עוגיה פר,גרמים,125.00,100 גרם,false,,8.90,0.0712,true,1,1417124
8000380003723,false,לואקר גרנד פטיסרי אג,,,לואקר גרנד פטיסרי אג,גרמים,100.00,100 גרם,false,,12.90,0.1290,true,1,1404092
8000380003761,false,לואקר גרנד פטיסרי קו,,,לואקר גרנד פטיסרי קו,גרמים,100.00,100 גרם,false,,12.90,0.1290,true,1,1407134
8000380004676,false,וופלים עם קרם וניל ל,,,וופלים עם קרם וניל ל,גרמים,200.00,100 גרם,false,,12.90,0.0645,true,1,1410615
8000380004911,false,קואדרטיני אגוז 250 ג,,,קואדרטיני אגוז 250 ג,גרמים,250.00,100 גרם,false,,14.90,0.0596,true,1,1398042
8000380004966,false,קואדרטיני שוקולד 250,,,קואדרטיני שוקולד 250,גרמים,250.00,100 גרם,false,,14.90,0.0596,true,1,1398043
8000380007219,false,ופלים אגוזים נאפוליט,,,ופלים אגוזים נאפוליט,גרמים,175.00,100 גרם,false,,11.90,0.0680,true,1,1410616
8000380007257,false,גרדנה אגוז 200 גרם,,,גרדנה אגוז 200 גרם,גרמים,200.00,100 גרם,false,,13.90,0.0695,true,1,1398044
8000380007264,false,ופלים שוקולד קרם קקא,,,ופלים שוקולד קרם קקא,גרמים,175.00,100 גרם,false,,11.90,0.0680,true,1,1411468
8000380106028,false,ופל טורטינה קרם אגוז,,,ופל טורטינה קרם אגוז,גרמים,125.00,100 גרם,false,,16.90,0.1352,true,1,1398045
8000380144044,false,גרדנה שוקולד 200 גרם,,,גרדנה שוקולד 200 גרם,גרמים,200.00,100 גרם,false,,13.90,0.0695,true,1,1404094
8000380153442,false,לואקר בטעם אגוז 90 ג,,,לואקר בטעם אגוז 90 ג,גרמים,90.00,100 גרם,false,,5.00,0.0556,true,1,1398046
8000380153466,false,לואקר בטעם קקאו 90 ג,,,לואקר בטעם קקאו 90 ג,גרמים,90.00,100 גרם,false,,5.00,0.0556,true,1,1398047
8000380156849,false,לואקר שוקולד מריר 87,,,לואקר שוקולד מריר 87,גרמים,87.00,100 גרם,false,,7.90,0.0908,true,1,1417109
8000380156856,false,לואקר שוקולד לבן 87,,,לואקר שוקולד לבן 87,גרמים,87.00,100 גרם,false,,7.90,0.0908,true,1,1417110
8000380157440,false,לואקר שוקולד אגוז 85,,,לואקר שוקולד אגוז 85,גרמים,85.00,100 גרם,false,,7.90,0.0929,true,1,1407140
8000380180721,false,ופל קקאו במילוי קרם,,,ופל קקאו במילוי קרם,גרמים,175.00,100 גרם,false,,11.90,0.0680,true,1,1411470
8000380180745,false,קואדרטיני שוקו-חלב 2,,,קואדרטיני שוקו-חלב 2,גרמים,250.00,100 גרם,false,,14.90,0.0596,true,1,1407136
8000380187775,false,לואקר גרדנה אגוז 136,,,לואקר גרדנה אגוז 136,גרמים,136.00,100 גרם,false,,11.90,0.0875,true,1,1419179
8000380192199,false,לואקר דאבל שוקולד 17,,,לואקר דאבל שוקולד 17,גרמים,125.00,100 גרם,false,,11.90,0.0952,true,1,1411471
8000380201396,false,טורטינה 1/6 קרמל,,,טורטינה 1/6 קרמל,יחידה,6.00,יחידה,false,,16.90,2.8167,true,1,1411788
8000380205400,false,וופל קואדרטיני חמאת,,,וופל קואדרטיני חמאת,גרמים,250.00,100 גרם,false,,14.90,0.0596,true,1,1416955
8000380207183,false,וופל טורטינה חמאת בו,,,וופל טורטינה חמאת בו,גרמים,126.00,100 גרם,false,,16.90,0.1341,true,1,1416958
8000500023624,false,קינדר הפי היפו חמישי,,,קינדר הפי היפו חמישי,גרמים,103.50,100 גרם,false,,11.90,0.1150,true,1,1400337
8000500029350,false,קינדר בואנו שלישיה 3,,,קינדר בואנו שלישיה 3,גרמים,129.00,100 גרם,false,,10.90,0.0845,true,1,1400340
8000500094976,false,בונבונירות רושה קונו,,,בונבונירות רושה קונו,גרמים,212.00,100 גרם,false,,38.90,0.1835,true,1,1409802
8000500121436,false,קינדר בואנו לבן שלשה,,,קינדר בואנו לבן שלשה,גרמים,117.00,100 גרם,false,,10.90,0.0932,true,1,1400344
8000500192801,false,פררו רושר שוקולד עם,,,פררו רושר שוקולד עם,גרמים,100.00,100 גרם,false,,14.90,0.1490,true,1,1419524
8000500256213,false,קינדר שוקולד מיני 12,,,קינדר שוקולד מיני 12,גרמים,120.00,100 גרם,false,,9.90,0.0825,true,1,1400354
8000500269169,false,קינדר קרדס  128 גרם,,,קינדר קרדס  128 גרם,גרמים,128.00,100 גרם,false,,13.90,0.1086,true,1,1418780
8000500386941,false,ממרח קקאו עם אגוזי ל,,,ממרח קקאו עם אגוזי ל,גרמים,900.00,100 גרם,false,,29.90,0.0332,true,1,1416914
8001090493637,false,הד אנד שולדרס שמפו א,,,הד אנד שולדרס שמפו א,מיליליטרים,450.00,"100 מ""ל",false,,19.90,0.0442,true,1,1409691
8001090678614,false,הד אנד שולדרס שמפו ס,,,הד אנד שולדרס שמפו ס,מיליליטרים,400.00,"100 מ""ל",false,,19.90,0.0497,true,1,1411970
8001090802385,false,טייד קפסולות ג'ל בני,,,טייד קפסולות ג'ל בני,יחידה,26.00,יחידה,false,,29.90,1.1500,true,1,1409804
8001090832856,false,פנטן מרכך מרוקאי משק,,,פנטן מרכך מרוקאי משק,מיליליטרים,660.00,"100 מ""ל",false,,20.90,0.0317,true,1,1409812
8001090832894,false,פנטן מרכך לחות מוגבר,,,פנטן מרכך לחות מוגבר,מיליליטרים,660.00,"100 מ""ל",false,,20.90,0.0317,true,1,1409813
8001090833167,false,אריאל ג'ל כביסה ניחו,,,אריאל ג'ל כביסה ניחו,מיליליטרים,2365.00,"100 מ""ל",false,,32.90,0.0139,true,1,1401511
8001090833198,false,אריאל ג'ל כביסה ניחו,,,אריאל ג'ל כביסה ניחו,מיליליטרים,2365.00,"100 מ""ל",false,,32.90,0.0139,true,1,1401512
8001440118944,false,שלישיית עגבניות פולפ,,,שלישיית עגבניות פולפ,גרמים,1200.00,100 גרם,false,,15.90,0.0133,true,1,1418662
8001620019160,false,סן בנדטו אפרסק 400 מ,,,סן בנדטו אפרסק 400 מ,מיליליטרים,400.00,"100 מ""ל",false,,6.90,0.0172,true,1,1417463
8001620019177,false,סן בנדטו ענבים 400 מ,,,סן בנדטו ענבים 400 מ,מיליליטרים,400.00,"100 מ""ל",false,,6.90,0.0172,true,1,1417464
8001841062624,false,מגבונים לחים ללא ביש,,,מגבונים לחים ללא ביש,גרמים,1237.00,100 גרם,false,,19.90,0.0161,true,1,1412717
8001841077949,false,מארז מגבונים בניחוח,,,מארז מגבונים בניחוח,גרמים,1236.00,100 גרם,false,,19.90,0.0161,true,1,1412718
8001841625188,false,פיירי פלטינום לימון,,,פיירי פלטינום לימון,מיליליטרים,515.00,"100 מ""ל",false,,10.90,0.0212,true,1,1409916
8001841625461,false,נוזל לניקוי כלים פלט,,,נוזל לניקוי כלים פלט,מיליליטרים,515.00,"100 מ""ל",false,,10.90,0.0212,true,1,1409917
8001841716435,false,ג'ל רחצה ושמפו לעור,,,ג'ל רחצה ושמפו לעור,מיליליטרים,360.00,"100 מ""ל",false,,19.90,0.0553,true,1,1412746
8001841943961,false,לנור כדוריות הבושם א,,,לנור כדוריות הבושם א,גרמים,210.00,100 גרם,false,,26.90,0.1281,true,1,1414150
8001931120944,false,פסטה קן לציפור דק 50,,,פסטה קן לציפור דק 50,גרמים,500.00,100 גרם,false,,7.90,0.0158,true,1,1418988
8001931120982,false,פסטה קן לציפור עבה 5,,,פסטה קן לציפור עבה 5,גרמים,500.00,100 גרם,false,,7.90,0.0158,true,1,1418989
8001931121002,false,פסטה קן לציפור רחב 5,,,פסטה קן לציפור רחב 5,גרמים,500.00,100 גרם,false,,7.90,0.0158,true,1,1418990
8002267016475,false,ביצת הפתעה צעצוע בוב,,,ביצת הפתעה צעצוע בוב,גרמים,60.00,100 גרם,false,,11.90,0.1983,true,1,1404070
8002450201008,false,"ורדי רסברי 750 מ""ל",,,"ורדי רסברי 750 מ""ל",מיליליטרים,750.00,"100 מ""ל",false,,24.90,0.0332,true,1,1397737
8002450204009,false,"ורדי אפרסק 750 מ""ל",,,"ורדי אפרסק 750 מ""ל",מיליליטרים,750.00,"100 מ""ל",false,,24.90,0.0332,true,1,1397738
8002450208007,false,"ורדי גרין אפל 750 מ""",,,"ורדי גרין אפל 750 מ""",מיליליטרים,750.00,"100 מ""ל",false,,24.90,0.0332,true,1,1397741
8002670504279,false,גרנרולו בורגר צמחי 2,,,גרנרולו בורגר צמחי 2,גרמים,220.00,100 גרם,false,,22.90,0.1041,true,1,1417000
8003440997710,false,גומי לעיסה ביג באבול,,,גומי לעיסה ביג באבול,גרמים,27.60,100 גרם,false,,2.90,0.1051,true,1,1414251
8003440997741,false,גומי לעיסה ביג באבול,,,גומי לעיסה ביג באבול,גרמים,27.60,100 גרם,false,,2.90,0.1051,true,1,1414252
8003440997772,false,גומי לעיסה ביג באבול,,,גומי לעיסה ביג באבול,גרמים,27.60,100 גרם,false,,2.90,0.1051,true,1,1414253
8004030044005,false,טונה בהירה בשמן זית,,,טונה בהירה בשמן זית,גרמים,160.00,100 גרם,false,,16.90,0.1056,true,1,1399400
8004030344938,false,נתתי טונה בהירה בשמן,,,נתתי טונה בהירה בשמן,גרמים,240.00,100 גרם,false,,24.90,0.1037,true,1,1399401
8004800000064,false,גלילי ופל במילוי קרם,,,גלילי ופל במילוי קרם,גרמים,100.00,100 גרם,false,,11.90,0.1190,true,1,1418502
8004800000071,false,גלילי ופל בקרם אגוזי,,,גלילי ופל בקרם אגוזי,גרמים,100.00,100 גרם,false,,11.90,0.1190,true,1,1418503
8005200286584,false,נסטי מנגו אננס 1.5 ל,,,נסטי מנגו אננס 1.5 ל,מיליליטרים,1500.00,"100 מ""ל",false,,8.90,0.0059,true,1,1415062
8005200316588,false,נסטי דיאט אפרסק 1.5,,,נסטי דיאט אפרסק 1.5,מיליליטרים,1500.00,"100 מ""ל",false,,8.90,0.0059,true,1,1415063
8006540112823,false,לנור מרכך מרוכז בניח,,,לנור מרכך מרוכז בניח,מיליליטרים,900.00,"100 מ""ל",false,,15.90,0.0177,true,1,1412085
8006540112854,false,לנור מרכך מרוכז בניח,,,לנור מרכך מרוכז בניח,מיליליטרים,900.00,"100 מ""ל",false,,15.90,0.0177,true,1,1412086
8006540222089,false,מגבונים היגיינים לתי,,,מגבונים היגיינים לתי,גרמים,267.00,100 גרם,false,,7.90,0.0296,true,1,1414243
8006540383018,false,פיירי טבליות פלטינום,,,פיירי טבליות פלטינום,יחידה,23.00,יחידה,false,,39.90,1.7348,true,1,1416850
8006540425930,false,קפסולות לכתמים קשים,,,קפסולות לכתמים קשים,גרמים,681.00,100 גרם,false,,34.90,0.0512,true,1,1415289
8006540495247,false,לנור מרכך כביסה בניח,,,לנור מרכך כביסה בניח,מיליליטרים,900.00,"100 מ""ל",false,,16.90,0.0188,true,1,1417747
8008698003961,false,מקלות בציפוי שוקולד,,,מקלות בציפוי שוקולד,גרמים,150.00,100 גרם,false,,22.90,0.1527,true,1,1418859
8008698004548,false,ביסקוויט בציפוי קרם,,,ביסקוויט בציפוי קרם,גרמים,150.00,100 גרם,false,,19.90,0.1327,true,1,1418860
8008698005231,false,עוגיות שוקולד במילוי,,,עוגיות שוקולד במילוי,גרמים,165.00,100 גרם,false,,19.90,0.1206,true,1,1418862
8008698005347,false,ביסקוויט עם שוקולד ל,,,ביסקוויט עם שוקולד ל,גרמים,150.00,100 גרם,false,,14.90,0.0993,true,1,1418863
8008698008157,false,עוגיות בטעם שוקולד ב,,,עוגיות בטעם שוקולד ב,גרמים,100.00,100 גרם,false,,11.90,0.1190,true,1,1418864
8008698012857,false,ביסקוויט פתי בר בטעם,,,ביסקוויט פתי בר בטעם,גרמים,165.00,100 גרם,false,,17.90,0.1085,true,1,1418865
8008698032084,false,עוגיות מיני וחברים ל,,,עוגיות מיני וחברים ל,גרמים,125.00,100 גרם,false,,11.90,0.0952,true,1,1418867
8008698033876,false,קרקרים בתוספת דגנים,,,קרקרים בתוספת דגנים,גרמים,210.00,100 גרם,false,,22.90,0.1090,true,1,1418868
8008698054109,false,מילי גריס שר 52 גרם,,,מילי גריס שר 52 גרם,גרמים,52.00,100 גרם,false,,12.90,0.2481,true,1,1418869
8008857200194,false,פסטה ספגטי פסטה רג'י,,,פסטה ספגטי פסטה רג'י,גרמים,500.00,100 גרם,false,,5.90,0.0118,true,1,1416423
8008857200200,false,פסטה ספגטיני פסטה רג,,,פסטה ספגטיני פסטה רג,גרמים,500.00,100 גרם,false,,5.90,0.0118,true,1,1416492
8008857300238,false,פסטה אליקוידלי (סליל,,,פסטה אליקוידלי (סליל,גרמים,500.00,100 גרם,false,,5.90,0.0118,true,1,1416493
8008857300344,false,פסטה פנה רג'יאה 500,,,פסטה פנה רג'יאה 500,גרמים,500.00,100 גרם,false,,5.90,0.0118,true,1,1416424
8008857300481,false,פסטה פוסילי פסטה רג',,,פסטה פוסילי פסטה רג',גרמים,500.00,100 גרם,false,,5.90,0.0118,true,1,1416425
8008857300580,false,פסטה קרניים פסטה רג',,,פסטה קרניים פסטה רג',גרמים,500.00,100 גרם,false,,5.90,0.0118,true,1,1416494
8008857300603,false,פסטה גומיטי ריגטה פס,,,פסטה גומיטי ריגטה פס,גרמים,500.00,100 גרם,false,,5.90,0.0118,true,1,1416495
8008857300634,false,פסטה קוואטאפי פסטה ר,,,פסטה קוואטאפי פסטה ר,גרמים,500.00,100 גרם,false,,5.90,0.0118,true,1,1416426
8008857300641,false,פסטה ניוקי פסטה רג'י,,,פסטה ניוקי פסטה רג'י,גרמים,500.00,100 גרם,false,,5.90,0.0118,true,1,1416496
8008857300771,false,איטריות מרק פסטה רג',,,איטריות מרק פסטה רג',גרמים,500.00,100 גרם,false,,5.90,0.0118,true,1,1416497
8008857500003,false,פסטה קאפלי פסטה רג'י,,,פסטה קאפלי פסטה רג'י,גרמים,500.00,100 גרם,false,,8.90,0.0178,true,1,1416498
8008912010034,false,פסטה ספגטי 3 ליגורי,,,פסטה ספגטי 3 ליגורי,גרמים,500.00,100 גרם,false,,7.90,0.0158,true,1,1415312
8008912010072,false,פסטה לינגוויני 7 ליג,,,פסטה לינגוויני 7 ליג,גרמים,500.00,100 גרם,false,,7.90,0.0158,true,1,1416489
8008912010300,false,פסטה פרפלה ליגורי 50,,,פסטה פרפלה ליגורי 50,גרמים,500.00,100 גרם,false,,7.90,0.0158,true,1,1416487
8008912010423,false,פסטה ריגטה 42 ליגורי,,,פסטה ריגטה 42 ליגורי,גרמים,500.00,100 גרם,false,,7.90,0.0158,true,1,1415315
8008920990236,false,למברוסקו פסטה רוסו 7,,,למברוסקו פסטה רוסו 7,מיליליטרים,750.00,"100 מ""ל",false,,22.90,0.0305,true,1,1408364
8009470009225,false,מזון לחתול פטה בטעם,,,מזון לחתול פטה בטעם,גרמים,100.00,100 גרם,false,,4.50,0.0450,true,1,1419004
8023492000091,false,שוקולד ג'נדויה חלב ע,,,שוקולד ג'נדויה חלב ע,גרמים,150.00,100 גרם,false,,14.90,0.0993,true,1,1411299
8023492000695,false,סטיק שוקולד ג'נדויה,,,סטיק שוקולד ג'נדויה,גרמים,150.00,100 גרם,false,,14.90,0.0993,true,1,1411632
8023492003665,false,סטיק שוקולד ג'נדויה,,,סטיק שוקולד ג'נדויה,גרמים,150.00,100 גרם,false,,14.90,0.0993,true,1,1411354
8023492004327,false,סטיק נוגט טורונה עם,,,סטיק נוגט טורונה עם,גרמים,150.00,100 גרם,false,,14.90,0.0993,true,1,1413160
8076800195019,false,ספגטי מספר 1 קפליני,,,ספגטי מספר 1 קפליני,גרמים,500.00,100 גרם,false,,6.90,0.0138,true,1,1404327
8076800195033,false,ספגטיני מספר 3 ברילה,,,ספגטיני מספר 3 ברילה,גרמים,500.00,100 גרם,false,,6.90,0.0138,true,1,1399402
8076800195057,false,פסטה ספגטי מספר 5 בר,,,פסטה ספגטי מספר 5 בר,גרמים,500.00,100 גרם,false,,6.90,0.0138,true,1,1399403
8076800315097,false,ספגטי בוקטיני מספר 9,,,ספגטי בוקטיני מספר 9,גרמים,500.00,100 גרם,false,,6.90,0.0138,true,1,1404328
8076802085738,false,פסטה פנה רגטה מספר 7,,,פסטה פנה רגטה מספר 7,גרמים,500.00,100 גרם,false,,6.90,0.0138,true,1,1399406
8076802085837,false,פסטה טורטיליוני מספר,,,פסטה טורטיליוני מספר,גרמים,500.00,100 גרם,false,,6.90,0.0138,true,1,1399407
8076802085936,false,פסטה קונצ'ילי ריגטה,,,פסטה קונצ'ילי ריגטה,גרמים,500.00,100 גרם,false,,6.90,0.0138,true,1,1399408
8076802085981,false,פסטה פוזילי מספר 98,,,פסטה פוזילי מספר 98,גרמים,500.00,100 גרם,false,,6.90,0.0138,true,1,1399409
8076808060654,false,פסטה פרפלה מספר 64 ב,,,פסטה פרפלה מספר 64 ב,גרמים,500.00,100 גרם,false,,6.90,0.0138,true,1,1399411
8076808150072,false,פסטה ספגטי מספר 7 בר,,,פסטה ספגטי מספר 7 בר,גרמים,500.00,100 גרם,false,,6.90,0.0138,true,1,1399413
8076809512268,false,פסטה גירנדולה מספר 3,,,פסטה גירנדולה מספר 3,גרמים,500.00,100 גרם,false,,6.90,0.0138,true,1,1399414
8076809523738,false,ברילה צ.מ לזניה 500,,,ברילה צ.מ לזניה 500,גרמים,500.00,100 גרם,false,,19.90,0.0398,true,1,1399421
8076809576352,false,ברילה לזניה ללא גלוט,,,ברילה לזניה ללא גלוט,גרמים,250.00,100 גרם,false,,23.90,0.0956,true,1,1416503
8076809580496,false,ברילה צ.מ פפירי 450,,,ברילה צ.מ פפירי 450,גרמים,450.00,100 גרם,false,,14.90,0.0331,true,1,1414606
8410104425906,false,"ויט שעווה חמה 250 מ""",,,"ויט שעווה חמה 250 מ""",מיליליטרים,250.00,"100 מ""ל",false,,29.90,0.1196,true,1,1412520
8410644611203,true,קאווה יבש אימבריקה 7,,,קאווה יבש אימבריקה 7,00000000000000000000,0.00,00000000000000000000,false,,24.60,0.0000,true,1,1396865
8420822130624,false,סופר מסיר כתמים 750,,,סופר מסיר כתמים 750,מיליליטרים,750.00,"100 מ""ל",false,,21.90,0.0292,true,1,1415625
8423207206488,false,חטיף דגנים מלאים מצו,,,חטיף דגנים מלאים מצו,יחידה,5.00,יחידה,false,,10.90,2.1800,true,1,1399427
8423207208871,false,פרכיות תירס בטעם טבע,,,פרכיות תירס בטעם טבע,גרמים,123.00,100 גרם,false,,9.90,0.0805,true,1,1395504
8423207210928,false,חטיף דגנים מצופה שוק,,,חטיף דגנים מצופה שוק,יחידה,5.00,יחידה,false,,10.90,2.1800,true,1,1409671
8425206000081,false,ריבת חלב 450 גרם,,,ריבת חלב 450 גרם,גרמים,450.00,100 גרם,false,,20.90,0.0464,true,1,1399593
8445290427120,false,פיטנס שוקולד מריר וב,,,פיטנס שוקולד מריר וב,גרמים,330.00,100 גרם,false,,19.90,0.0603,true,1,1418500
8606109023593,false,פרוויטה - מיץ תפוחי,,,פרוויטה - מיץ תפוחי,מיליליטרים,750.00,"100 מ""ל",false,,13.90,0.0185,true,1,1409730
8606109023609,false,פרוויטה - מיץ תפוחי,,,פרוויטה - מיץ תפוחי,מיליליטרים,750.00,"100 מ""ל",false,,13.90,0.0185,true,1,1409731
8606109023715,false,פרוויטה - מיץ תפוחי,,,פרוויטה - מיץ תפוחי,מיליליטרים,750.00,"100 מ""ל",false,,13.90,0.0185,true,1,1413808
8606109023722,false,פרוויטה - מיץ תפוחי,,,פרוויטה - מיץ תפוחי,מיליליטרים,750.00,"100 מ""ל",false,,13.90,0.0185,true,1,1413809
8683130008355,false,מיונז עם שום הלמנס 4,,,מיונז עם שום הלמנס 4,גרמים,400.00,100 גרם,false,,14.90,0.0373,true,1,1415108
8683130008935,false,ממרח קטשיונז הלמנס 4,,,ממרח קטשיונז הלמנס 4,גרמים,425.00,100 גרם,false,,14.90,0.0351,true,1,1415109
8690526029191,false,מיני וופל במילוי קרם,,,מיני וופל במילוי קרם,גרמים,140.00,100 גרם,false,,13.90,0.0993,true,1,1418368
8690526029238,false,וופל בציפוי עם שוקול,,,וופל בציפוי עם שוקול,גרמים,150.00,100 גרם,false,,9.90,0.0660,true,1,1417492
8690526039190,false,מארז חמישיה וופל במי,,,מארז חמישיה וופל במי,גרמים,145.00,100 גרם,false,,9.90,0.0683,true,1,1418370
8690526049335,false,שוקולד חלב עם פיסטוק,,,שוקולד חלב עם פיסטוק,גרמים,90.00,100 גרם,false,,6.50,0.0722,true,1,1417494
8690637842382,false,מגנום דאבל פרי יער,,,מגנום דאבל פרי יער,יחידה,1.00,יחידה,false,,9.90,9.9000,true,1,1404714
8690637842399,false,מיני מגנום דאבל פרי,,,מיני מגנום דאבל פרי,יחידה,6.00,יחידה,false,,27.90,4.6500,true,1,1404715
8690637890666,false,מיני מגנום פיסטוק שו,,,מיני מגנום פיסטוק שו,יחידה,6.00,יחידה,false,,27.90,4.6500,true,1,1404717
8690637946301,false,מרכך בדין אקסטרה ביי,,,מרכך בדין אקסטרה ביי,מיליליטרים,960.00,"100 מ""ל",false,,15.60,0.0162,true,1,1407159
8690637976995,false,מרכך בדין אקסטרה ורו,,,מרכך בדין אקסטרה ורו,מיליליטרים,960.00,"100 מ""ל",false,,17.90,0.0186,true,1,1410665
8690637989612,false,מגנום מיני דאבל דולצ,,,מגנום מיני דאבל דולצ,יחידה,6.00,יחידה,false,,27.90,4.6500,true,1,1411837
8690766156367,false,שוקולד חלב מעולה 90,,,שוקולד חלב מעולה 90,גרמים,90.00,100 גרם,false,,14.90,0.1656,true,1,1405487
8690766156374,false,שוקולד מריר מעולה 72,,,שוקולד מריר מעולה 72,גרמים,90.00,100 גרם,false,,14.90,0.1656,true,1,1405488
8690766156381,false,שוקולד מריר מעולה 90,,,שוקולד מריר מעולה 90,גרמים,90.00,100 גרם,false,,14.90,0.1656,true,1,1410170
8690766156398,false,שוקולד חלב מעולה בתו,,,שוקולד חלב מעולה בתו,גרמים,90.00,100 גרם,false,,14.90,0.1656,true,1,1405489
8690766156411,false,שוקולד מריר מעולה בט,,,שוקולד מריר מעולה בט,גרמים,90.00,100 גרם,false,,14.90,0.1656,true,1,1405490
8690777203012,false,פלפלים ירוקים כבושים,,,פלפלים ירוקים כבושים,גרמים,600.00,100 גרם,false,,12.90,0.0215,true,1,1395316
8690777206051,false,חציל קלוי על האש בצנ,,,חציל קלוי על האש בצנ,גרמים,650.00,100 גרם,false,,12.90,0.0198,true,1,1395318
8690777221405,false,פלפל אדום קלוי סרה 6,,,פלפל אדום קלוי סרה 6,גרמים,650.00,100 גרם,false,,12.90,0.0198,true,1,1395319
8690784312448,true,מפיץ ריח גלייד מארז,,,מפיץ ריח גלייד מארז,000000000000000יחידה,0.00,000000000000000יחידה,false,,44.90,0.0000,true,1,1399525
8690784816779,true,גלייד מילוי אוטומטי,,,גלייד מילוי אוטומטי,00000000000000000000,0.00,00000000000000000000,false,,17.90,0.0000,true,1,1399526
8697431460064,false,קונפיטורה 70% מישמש,,,קונפיטורה 70% מישמש,גרמים,450.00,100 גרם,false,,15.50,0.0344,true,1,1416428
8697431460217,false,קונפיטורה 70% תפוזים,,,קונפיטורה 70% תפוזים,גרמים,450.00,100 גרם,false,,15.50,0.0344,true,1,1418738
8697431460378,false,קונפיטורה 70% שזיף 4,,,קונפיטורה 70% שזיף 4,גרמים,450.00,100 גרם,false,,15.50,0.0344,true,1,1418739
8697431921701,false,קונפטורה 70% תות שדה,,,קונפטורה 70% תות שדה,גרמים,450.00,100 גרם,false,,15.50,0.0344,true,1,1416429
8697431921718,false,קונפיטורה 70% דובדבן,,,קונפיטורה 70% דובדבן,גרמים,450.00,100 גרם,false,,15.50,0.0344,true,1,1418740
8697431925143,false,קונפיטורה 70% פירות,,,קונפיטורה 70% פירות,גרמים,450.00,100 גרם,false,,15.50,0.0344,true,1,1416430
8697826469092,false,טורטיה קטנה 540 גרם,,,טורטיה קטנה 540 גרם,גרמים,540.00,100 גרם,false,,9.90,0.0183,true,1,1412403
8698996006490,false,מגבות נייר 9ב1,,,מגבות נייר 9ב1,יחידה,1.00,יחידה,false,,13.90,13.9000,true,1,1411976
8699237890212,true,"צלחת 9"" 25 יחידות *",,,"צלחת 9"" 25 יחידות *",יחידה,0.00,יחידה,false,,10.00,0.0000,true,1,1399634
8699250035041,false,זית שחור טבעי 700 גר,,,זית שחור טבעי 700 גר,גרמים,700.00,100 גרם,false,,19.90,0.0284,true,1,1418742
8710502064814,false,עוגיות שוקולד צ'יפס,,,עוגיות שוקולד צ'יפס,גרמים,175.00,100 גרם,false,,8.90,0.0509,true,1,1404331
8710502279010,false,עוגיות שוקולד צ'יפס,,,עוגיות שוקולד צ'יפס,גרמים,175.00,100 גרם,false,,8.90,0.0509,true,1,1410689
8714599104330,false,ג'ייקובס קפה שחור 85,,,ג'ייקובס קפה שחור 85,גרמים,85.00,100 גרם,false,,7.90,0.0929,true,1,1407574
8714599410530,false,ג'ייקובס קרוננג 200,,,ג'ייקובס קרוננג 200,גרמים,200.00,100 גרם,false,,19.90,0.0995,true,1,1395109
8714599410806,false,קפה נמס מיובש בהקפאה,,,קפה נמס מיובש בהקפאה,גרמים,160.00,100 גרם,false,,18.90,0.1181,true,1,1405173
8714599513828,false,קפה נמס מיובש בהקפאה,,,קפה נמס מיובש בהקפאה,גרמים,47.50,100 גרם,false,,6.90,0.1453,true,1,1395111
8714599513866,false,קפה נמס מיובש בהקפאה,,,קפה נמס מיובש בהקפאה,גרמים,200.00,100 גרם,false,,27.90,0.1395,true,1,1395112
8714789582764,false,אג'קס ספריי לניקוי ח,,,אג'קס ספריי לניקוי ח,מיליליטרים,750.00,"100 מ""ל",false,,15.90,0.0212,true,1,1399442
8714789930848,false,משחת שיניים אופטיק ו,,,משחת שיניים אופטיק ו,מיליליטרים,75.00,"100 מ""ל",false,,19.90,0.2653,true,1,1399444
8715700110141,false,ממרח מיונז היינץ 460,,,ממרח מיונז היינץ 460,גרמים,460.00,100 גרם,false,,10.90,0.0237,true,1,1395114
8715700110158,false,מיונז היינץ לייט צנצ,,,מיונז היינץ לייט צנצ,גרמים,490.00,100 גרם,false,,10.90,0.0222,true,1,1395115
8715700117805,false,היינץ מתבל עגבניות ל,,,היינץ מתבל עגבניות ל,גרמים,400.00,100 גרם,false,,10.90,0.0273,true,1,1409506
8715700419718,false,קטשופ היינץ 910 גרם,,,קטשופ היינץ 910 גרם,גרמים,910.00,100 גרם,false,,12.90,0.0142,true,1,1395116
8715700419732,false,קטשופ היינץ 700 גרם,,,קטשופ היינץ 700 גרם,גרמים,700.00,100 גרם,false,,10.90,0.0156,true,1,1395117
8715700423906,false,היינץ מתבל עגבניות מ,,,היינץ מתבל עגבניות מ,גרמים,555.00,100 גרם,false,,10.90,0.0196,true,1,1395120
8717644390566,false,סבון מוצק מלפפונים ד,,,סבון מוצק מלפפונים ד,יחידה,4.00,יחידה,false,,14.90,3.7250,true,1,1404538
8717677338436,false,שוקולד חלב אגוזי לוז,,,שוקולד חלב אגוזי לוז,גרמים,180.00,100 גרם,false,,19.90,0.1106,true,1,1415409
8718114734484,false,מיונז מיילי 320 גרם,,,מיונז מיילי 320 גרם,גרמים,320.00,100 גרם,false,,15.90,0.0497,true,1,1395709
8718692610835,false,שלישיית בקבוקי פיוז,,,שלישיית בקבוקי פיוז,יחידה,1.00,יחידה,false,,59.90,59.9000,true,1,1407468
8718951236790,false,משחת שיניים קלין מינ,,,משחת שיניים קלין מינ,מיליליטרים,100.00,"100 מ""ל",false,,16.90,0.1690,true,1,1404333
8718951264618,false,קולגייט אופטיק וייט,,,קולגייט אופטיק וייט,מיליליטרים,75.00,"100 מ""ל",false,,30.90,0.4120,true,1,1407378
8718951365865,false,מברשת שיניים קולגייט,,,מברשת שיניים קולגייט,יחידה,1.00,יחידה,false,,33.90,33.9000,true,1,1412906
8718951428522,false,פלמוליב סבון רחצה לג,,,פלמוליב סבון רחצה לג,מיליליטרים,750.00,"100 מ""ל",false,,23.90,0.0319,true,1,1414607
8718951431614,false,פלמוליב סבון רחצה סו,,,פלמוליב סבון רחצה סו,מיליליטרים,750.00,"100 מ""ל",false,,23.90,0.0319,true,1,1414358
8718951509627,false,קולגייט אופטיק וויט,,,קולגייט אופטיק וויט,מיליליטרים,75.00,"100 מ""ל",false,,30.90,0.4120,true,1,1417033
8719128110363,false,סירופ אשכולית אדומה,,,סירופ אשכולית אדומה,מיליליטרים,500.00,"100 מ""ל",false,,22.90,0.0458,true,1,1407477
8719128117256,false,סירופ סבן אפ - 440 מ,,,סירופ סבן אפ - 440 מ,מיליליטרים,440.00,"100 מ""ל",false,,22.90,0.0520,true,1,1411916
8719128117294,false,סירופ סבן אפ דיאט –,,,סירופ סבן אפ דיאט –,מיליליטרים,440.00,"100 מ""ל",false,,22.90,0.0520,true,1,1411918
8719200998001,false,מרגרינה לאפיה ובישול,,,מרגרינה לאפיה ובישול,גרמים,200.00,100 גרם,false,,4.50,0.0225,true,1,1406656
8719200998018,false,מחמאה ב.בנד 200 גרם,,,מחמאה ב.בנד 200 גרם,גרמים,200.00,100 גרם,false,,4.70,0.0235,true,1,1406217
8719200998094,false,מזולה לאפיה ללא מלח,,,מזולה לאפיה ללא מלח,גרמים,200.00,100 גרם,false,,6.50,0.0325,true,1,1407161
8801055707966,false,טייסטרס צ'וייס בריסט,,,טייסטרס צ'וייס בריסט,גרמים,180.00,100 גרם,false,,31.90,0.1772,true,1,1394688
8801055709458,false,נסקפה קפוצ'ינו קרמל,,,נסקפה קפוצ'ינו קרמל,גרמים,170.00,100 גרם,false,,19.90,0.1171,true,1,1416143
8801055709465,false,נסקפה קפוצ'ינו וניל,,,נסקפה קפוצ'ינו וניל,גרמים,185.00,100 גרם,false,,19.90,0.1076,true,1,1416144
8801055709526,false,נסקפה קפוצ'ינו שוקול,,,נסקפה קפוצ'ינו שוקול,גרמים,180.00,100 גרם,false,,18.90,0.1050,true,1,1417260
8809168840471,false,חטיף אצות מיובשות 9,,,חטיף אצות מיובשות 9,יחידה,9.00,יחידה,false,,24.90,2.7667,true,1,1411509
8850161166204,false,קרם קוקוס 17-19% אמפ,,,קרם קוקוס 17-19% אמפ,מיליליטרים,500.00,"100 מ""ל",false,,11.90,0.0238,true,1,1405164
8850206250592,false,רוטב צ'ילי סיראצ'ה 5,,,רוטב צ'ילי סיראצ'ה 5,גרמים,530.00,100 גרם,false,,19.90,0.0375,true,1,1397916
8850206280049,false,רוטב צ'ילי מיו חריף,,,רוטב צ'ילי מיו חריף,מיליליטרים,250.00,"100 מ""ל",false,,17.90,0.0716,true,1,1414142
8850367992164,false,"קרם קוקוס 250 מ""ל 20",,,"קרם קוקוס 250 מ""ל 20",מיליליטרים,250.00,"100 מ""ל",false,,7.90,0.0316,true,1,1397917
8850367994779,false,מחית קארי ירוקה 50 ג,,,מחית קארי ירוקה 50 ג,גרמים,50.00,100 גרם,false,,5.90,0.1180,true,1,1412077
8850367994793,false,מחית קארי צהובה 50 ג,,,מחית קארי צהובה 50 ג,גרמים,50.00,100 גרם,false,,5.90,0.1180,true,1,1412079
8850389105825,false,סאפה אלוורה ענבים 1,,,סאפה אלוורה ענבים 1,מיליליטרים,1000.00,"100 מ""ל",false,,13.20,0.0132,true,1,1396867
8850389105849,false,סאפה אלוורה בטעם אפר,,,סאפה אלוורה בטעם אפר,מיליליטרים,1000.00,"100 מ""ל",false,,13.20,0.0132,true,1,1396869
8850632604372,false,חיספוסים רצועות תות,,,חיספוסים רצועות תות,גרמים,50.00,100 גרם,false,,4.50,0.0900,true,1,1398081
8850632604402,false,חיספוסים רצועות בטעם,,,חיספוסים רצועות בטעם,גרמים,50.00,100 גרם,false,,4.50,0.0900,true,1,1398082
8850632605201,false,חיספוסים רצועות בטעם,,,חיספוסים רצועות בטעם,גרמים,50.00,100 גרם,false,,3.90,0.0780,true,1,1398083
8851613101378,false,"חלב קוקוס 250 מ""ל",,,"חלב קוקוס 250 מ""ל",גרמים,250.00,100 גרם,false,,9.90,0.0396,true,1,1418394
8858271002870,false,רוטב פאד תאי 250 מ'ל,,,רוטב פאד תאי 250 מ'ל,מיליליטרים,250.00,"100 מ""ל",false,,10.90,0.0436,true,1,1397919
8858271002887,false,רוטב טריאקי 250 מ'ל,,,רוטב טריאקי 250 מ'ל,מיליליטרים,250.00,"100 מ""ל",false,,10.90,0.0436,true,1,1397920
8858271003020,false,רוטב סויה פורמולה 1,,,רוטב סויה פורמולה 1,מיליליטרים,700.00,"100 מ""ל",false,,15.90,0.0227,true,1,1397921
8858271003075,false,רוטב סויה מתוקה 700,,,רוטב סויה מתוקה 700,מיליליטרים,700.00,"100 מ""ל",false,,16.90,0.0241,true,1,1397922
8858271004034,false,רוטב צ'ילי חריף 700,,,רוטב צ'ילי חריף 700,מיליליטרים,700.00,"100 מ""ל",false,,15.90,0.0227,true,1,1397923
8858271004126,false,רוטב חמוץ מתוק 700 מ,,,רוטב חמוץ מתוק 700 מ,מיליליטרים,700.00,"100 מ""ל",false,,15.90,0.0227,true,1,1397924
8858271005451,false,רוטב סויה פורמולה 1,,,רוטב סויה פורמולה 1,מיליליטרים,250.00,"100 מ""ל",false,,10.90,0.0436,true,1,1397927
8888021200720,false,סוללות MAXאנרג'ייזר,,,סוללות MAXאנרג'ייזר,יחידה,10.00,יחידה,false,,27.90,2.7900,true,1,1410792
8901537024014,false,"אורז בסמטי 1 ק""ג DAA",,,"אורז בסמטי 1 ק""ג DAA",גרמים,1000.00,100 גרם,false,,12.90,0.0129,true,1,1395323
8934878081811,false,"דפי אורז 22 ס""מ 400",,,"דפי אורז 22 ס""מ 400",גרמים,400.00,100 גרם,false,,11.90,0.0298,true,1,1404394
8938535541366,false,דפי אורז צבעוניים 40,,,דפי אורז צבעוניים 40,גרמים,400.00,100 גרם,false,,14.90,0.0373,true,1,1411203
9000000000411,false,שום יבוא ארוז,,,שום יבוא ארוז,מארז,1.00,מארז,false,,7.90,7.9000,true,1,1410475
9002490100490,false,רד בול רביעייה 250*4,,,רד בול רביעייה 250*4,גרמים,1124.00,100 גרם,false,,22.80,0.0203,true,1,1406345
9002975393812,false,סוכריות הריבו האפי צ,,,סוכריות הריבו האפי צ,גרמים,70.00,100 גרם,false,,6.90,0.0986,true,1,1416775
9002975393836,false,סוכריות הריבו קולה 7,,,סוכריות הריבו קולה 7,גרמים,70.00,100 גרם,false,,6.90,0.0986,true,1,1414779
9002975393850,false,סוכריות הריבו וורמס,,,סוכריות הריבו וורמס,גרמים,70.00,100 גרם,false,,6.90,0.0986,true,1,1414781
9044400849105,false,שקית פז + 10 מילויים,,,שקית פז + 10 מילויים,גרמים,85.00,100 גרם,false,,14.90,0.1753,true,1,1419320
9310072028743,false,טיםטם אורגינל 200 גר,,,טיםטם אורגינל 200 גר,גרמים,200.00,100 גרם,false,,19.90,0.0995,true,1,1414782
9310072028750,false,טיםטם דאבל 200 גרם,,,טיםטם דאבל 200 גרם,גרמים,200.00,100 גרם,false,,19.90,0.0995,true,1,1414783
9322969000015,false,פריכיות תירס בטעם או,,,פריכיות תירס בטעם או,גרמים,150.00,100 גרם,false,,12.90,0.0860,true,1,1399527
9322969000053,false,"פרכיות אורז מלא לל""ג",,,"פרכיות אורז מלא לל""ג",גרמים,150.00,100 גרם,false,,12.90,0.0860,true,1,1415024
9720188050109,false,טופוטי - ממרח על בסי,,,טופוטי - ממרח על בסי,גרמים,225.00,100 גרם,false,,22.90,0.1018,true,1,1398972
9771565025005,false,עיתון מעריב,,,עיתון מעריב,יחידה,1.00,יחידה,false,,6.00,6.0000,true,1,1398745
9771565051066,false,עיתון ידיעות אחרונות,,,עיתון ידיעות אחרונות,יחידה,1.00,יחידה,false,,20.00,20.0000,true,1,1397801
