code,internal_code,name,manufacturer_name,manufacture_country,manufacturer_item_description,unit_qty,quantity,unit_of_measure,weighted,qty_in_package,price,unit_of_measure_price,allow_discount,status,item_id
10320850,false,גבינת עמק 28% שומן פ,,,גבינת עמק 28% שומן פ,גרמים,200.00,100 גרם,false,,15.90,0.0795,true,1,152691
10322014,false,טופו טבעי 300 גרם,,,טופו טבעי 300 גרם,גרמים,300.00,100 גרם,false,,12.50,0.0417,true,1,152502
10323592,false,יוגורט לייט 0.5% מוע,,,יוגורט לייט 0.5% מוע,גרמים,200.00,100 גרם,false,,5.70,0.0285,true,1,152419
10323714,false,משקה קוקוס שקדים תנו,,,משקה קוקוס שקדים תנו,מיליליטרים,1000.00,"100 מ""ל",false,,12.90,0.0129,true,1,152425
11179345,false,כוסות שתיה קרה 100 י,כוסות שתיה קרה 4 ב 1,,כוסות שתיה קרה 100 י,יחידה,100.00,יחידה,false,,7.90,0.0790,true,1,148406
11179345,false,כוסות שתיה קרה 100 י,כוסות שתיה קרה 4 ב 1,,כוסות שתיה קרה 100 י,Unknown,100.00,יחידה,false,,7.90,0.0790,true,1,148406
17280730,true,נוזל כלים ספארק 700,,,נוזל כלים ספארק 700,,0.00,,false,,11.80,0.0000,true,1,156521
17280747,true,נוזל כלים ספארק 700,,,נוזל כלים ספארק 700,,0.00,,false,,8.90,0.0000,true,1,156522
40052403,false,קיט קט 4 אצבעות שוקולד חלב,נסטלה Nestle,DE,קיט קט 4 אצבעות 41.5,גרמים,41.00,100 גרם,false,,4.50,0.1098,true,1,141819
40084107,false,ביצת שוקולד הפתעה קינדר,פרדי קונדטוריה אס פי,IT,קינדר ביצת הפתעה 20,גרמים,20.00,100 גרם,false,,5.90,0.2950,true,1,144128
72917367,false,טעמי חטיף במילוי קרם נוגט וקרמל,"שטראוס גרופ בע""מ",IL,טעמי 40 גרם,גרמים,40.00,100 גרם,false,,3.90,0.0975,true,1,140348
72940754,false,"מילקי מעדן וניל עם קצפת שטראוס 133 מ""ל","שטראוס גרופ בע""\מ",IL,מילקי מעדן וניל עם ק,גרמים,133.00,100 גרם,false,,2.90,0.0218,true,1,145310
72940761,false,"מילקי מעדן שוקולד עם קצפת שטראוס 133 מ""ל",מיוצר עי קונדיטוריית,IL,"מילקי שוקולד 170 מ""ל",מיליליטרים,170.00,"100 מ""ל",false,,2.90,0.0171,true,1,140352
72940952,false,מעדן מילקי בטעם שוקולד עם אקסטרה קצפת,"שטראוס גרופ בע""\מ",IL,מילקי אקסטרה קצפת 17,מיליליטרים,170.00,"100 מ""ל",false,,3.90,0.0229,true,1,155745
72940976,false,סלט כרוב אדום אחלה 250 גרם,מיוצר עי קונדיטוריית,IL,כרוב אדום 250 גרם,גרמים,250.00,100 גרם,false,,7.40,0.0296,true,1,146564
72940983,false,סלט חומוס 250 גר אחל,אחלה - שטראוס,IL,חומוס אחלה 250 גרם,גרמים,250.00,100 גרם,false,,6.90,0.0276,true,1,146565
72941041,false,מעדן מילקי מיני בטעם שוקולד עם קצפת,"שטראוס גרופ בע""\מ",IL,מיני מילקי בטעם שוקו,גרמים,71.00,100 גרם,false,,2.00,0.0282,true,1,146566
72945308,false,קוביות שמרים לאפיה שמרית 2*25 ג',"פאקא תעשיות בע""\מ",IL,שמרים טריים לאפיה שמ,גרמים,50.00,100 גרם,false,,3.60,0.0720,true,1,147368
72961520,false,"פרילי יוגורט עם אננס 1.5% תנובה 125 מ""ל",מיוצר עי קונדיטוריית,IL,פרילי אננס 1.5% 125,מיליליטרים,125.00,"100 מ""ל",false,,3.50,0.0280,true,1,164374
72986370,false,"גלידת בן & ג'ריס פיינטים וניל 500מ""ל",מוצרי איכות אמריקאיים,IL,גלידה וניל בן & ג'רי,מיליליטרים,500.00,"100 מ""ל",false,,21.90,0.0438,true,1,145353
72986424,false,"גלידת בן & ג'ריס פיינטים קרם עוגיות 500מ""ל",מוצרי איכות אמריקאיים בע,IL,גלידה קרם עוגיות בן,מיליליטרים,500.00,"100 מ""ל",false,,21.90,0.0438,true,1,145354
72986448,false,"גלידת בן & ג'ריס פיינטים טופי קראנץ 500מ""ל",מוצרי איכות אמריקאיים בע,IL,גלידת וניל וטופי בן,מיליליטרים,473.00,"100 מ""ל",false,,21.90,0.0463,true,1,145355
72986479,false,"צ'אנקי מנקי גלידת וניל, בננות, חתיכות פאדג' ואגוזים",מוצרי איכות אמריקאיים בע,IL,גלידה צ'נקי מונקי בן,מיליליטרים,500.00,"100 מ""ל",false,,21.90,0.0438,true,1,145357
72989395,false,טילון ורמונט קרם עוגיות,מוצרי איכות אמריקאיים בע,IL,טילון קרם עוגיות בן&,יחידה,100.00,יחידה,false,,9.90,0.0990,true,1,145358
72989395,false,טילון ורמונט קרם עוגיות,מוצרי איכות אמריקאיים בע,IL,טילון קרם עוגיות בן&,Unknown,100.00,יחידה,false,,9.90,0.0990,true,1,145358
72993637,false,מעדן חלב בטעם שוקולד 125 ג' דני,"שטראוס גרופ בע""\מ",IL,דני מעדן חלב בטעם שו,גרמים,125.00,100 גרם,false,,2.70,0.0216,true,1,140355
72994061,false,חטיף פסק זמן GOOD גלילית לבן 40 גרם,שולן צ'\יקולטה גידה סאן.,TR,פסק זמן 2 גוד עלית 3,גרמים,36.00,100 גרם,false,,4.90,0.1361,true,1,152857
80001027,false,לואקר טורטינה שוקולד חלב,"כד בני דרום בע""מ",IT,חטיף טורטינה שוקולד,גרמים,21.00,100 גרם,false,,4.90,0.2333,true,1,148926
80001287,false,וופל חטיף לואקר אגוז 38 גר',ליימן מותגים,AT,חטיף גרדנה אגוז 38 ג,גרמים,38.00,100 גרם,false,,4.90,0.1289,true,1,148927
80001461,false,חטיף גרנדה שוקולד 38 גרם,"א. לואקר קונפקט בע""מ",AT,חטיף גרדנה שוקולד 38,גרמים,38.00,100 גרם,false,,4.90,0.1289,true,1,148928
80001485,false,חטיף גרנדה קוקוס 38 גרם,קריניציה ויטמינה אס,IT,וופל גרדנה קוקוס 38,גרמים,38.00,100 גרם,false,,4.90,0.1289,true,1,157018
80001737,false,לואקר וופל סנדוויץ שוקולד 25 גרם,ליימן שליסל,IT,חטיף וופל שוקולד 25,גרמים,25.00,100 גרם,false,,2.90,0.1160,true,1,148929
80001751,false,לואקר וופל סנדוויץ וניל 25 גרם,ליימן שליסל,IT,חטיף וופל וניל 25 גר,גרמים,25.00,100 גרם,false,,2.90,0.1160,true,1,148930
80001799,false,חטיף טורטינה קרם אגוזים 21 גרם,"כד בני דרום בע""מ",IT,וופל טורטינה לבן 21,גרמים,21.00,100 גרם,false,,4.90,0.2333,true,1,157019
80050025,false,סוכריות טיק טק תפוז 16 גרם,פררו - אלבה,ZA,סוכריות טיק טק תפוז,גרמים,16.00,100 גרם,false,,3.00,0.1875,true,1,144129
80050124,false,סוכריות טיק טק מנטה 16 גרם,פררו - אלבה,ZA,סוכריות טיק טק מנטה,גרמים,16.00,100 גרם,false,,3.00,0.1875,true,1,144130
80050278,false,פררו רושר חטיף כדורים שלישיה 40ג',פררו - אלבה,IT,פררו רושר שלשה 37.5,גרמים,37.50,100 גרם,false,,5.40,0.1440,true,1,144131
80052487,false,חטיף+ציפוי קוקוס רפאלו30,פררו - אלבה,PL,רפאלו שלשה 30 גרם,גרמים,30.00,100 גרם,false,,4.90,0.1633,true,1,144134
80052760,false,קינדר בואנו Kinder Bueno עם חלב ואגוזי לוז,פררו - אלבה,PL,קינדר בואנו חלב 43 ג,גרמים,43.00,100 גרם,false,,3.90,0.0907,true,1,144135
80052883,false,סוכריות טיק טק מנטה חזק 16 גרם,צ'וקטה,ZA,סוכריות טיק טק בטעם,גרמים,16.00,100 גרם,false,,3.00,0.1875,true,1,155321
80177173,false,ממרח שוקולד נוטלה 350 גרם,פררו - אלבה,IT,ממרח אגוזי לוז עם קק,גרמים,350.00,100 גרם,false,,14.90,0.0426,true,1,144138
80177609,false,אצבעות שוקולד קינדר Kinder ארבע יחידות,פררו - אלבה,IT,אצבעות שוקולד במילוי,גרמים,50.00,100 גרם,false,,3.90,0.0780,true,1,144139
80310167,false,קינדר שוקולד מקסי 126 גר,קינדר,DE,קינדר מקסי שישייה 12,גרמים,126.00,100 גרם,false,,9.90,0.0786,true,1,147656
80761761,false,קינדר בואנו לבן בודד 39 גרם,ליימן שליסל,PL,קינדר בואנו לבן 39 ג,גרמים,39.00,100 גרם,false,,3.90,0.1000,true,1,144140
80773429,false,מנטוס בקבוק מעוגל - מסטיק ללא סוכר בטעם תות 60 גרם,"פרפטי ואן מלה ג'\ידה,סאן",TR,מסטיק מנטוס בקבוק מע,גרמים,60.00,100 גרם,false,,9.90,0.1650,true,1,144662
80790990,false,מסטיק מנטוס בבקבוק מעוגל בטעם פירות -מנטה 60 ג',"פרפטי ואן מלה ג'\ידה,סאן",TR,מסטיק מנטוס מעוגל 60,גרמים,60.00,100 גרם,false,,9.90,0.1650,true,1,148585
80820970,false,שוקולד חלב ממולא קרם קרמל ועלי וופל פריכ,לואקר,IT,וופל טורטינה קרמל 21,גרמים,21.00,100 גרם,false,,3.90,0.1857,true,1,156553
80831402,false,סוכריות מנטוס מנטה עדינה 30 יח' ללא סוכר CLEAN BREATH,פרפטי ואן מלה,NL,סוכריות מנטוס מרעננו,גרמים,21.00,100 גרם,false,,6.90,0.3286,true,1,159147
80832560,false,סוכריות מנטוס פירות יער 21 ג' ללא סוכר CLEAN BREATH,פרפטי ואן מלה,TR,סוכריות מנטוס מרעננו,גרמים,21.00,100 גרם,false,,6.90,0.3286,true,1,165796
80864295,false,סוכריות פיור וויט טעם מנטה עדינה 60 ג' מנטוס,"פרפטי ואן מלה ג'ידה,סאן",TR,מסטיק מנטוס בקבוק מע,גרמים,60.00,100 גרם,false,,9.90,0.1650,true,1,158308
80913467,false,מנטוס בקבוק מעוגל - מסטיק ללא סוכר בטעם מנטה,פרפטי ואן מלה הולנד,TR,מסטיק מנטוס מנטה מעו,גרמים,60.00,100 גרם,false,,9.90,0.1650,true,1,148586
80936848,false,סוכריות טיק טק תות שדה 24 יח',ליימן-שליסל,ZA,סוכריות טיק טק תות 1,גרמים,16.00,100 גרם,false,,3.00,0.1875,true,1,144142
87108019,false,סוכריות מנטוס מנטה37.5גר,פרפטי ואן מלה,NL,סוכריות בגליל בטעם מ,גרמים,37.50,100 גרם,false,,3.50,0.0933,true,1,151745
87108538,false,סוכריות בטעם תות מנטוס 37.5 גרם,הדקלאים אגודת שיתופי,NL,סוכריות בגליל בטעם ת,גרמים,37.00,100 גרם,false,,3.50,0.0946,true,1,142805
87311396,false,מנטוס ריינבאוו סוכריות לעיסה בטעמי פירות,פרפטי ואן מלה ברדה,NL,סוכריות מנטוס ריינבו,גרמים,37.50,100 גרם,false,,3.50,0.0933,true,1,142810
87354041,false,סוכריות מנטוס גליל בטעם דובדבן,פרפטי ואן מלה,NL,סוכריות מנטוס גליל ד,גרמים,37.50,100 גרם,false,,3.50,0.0933,true,1,156786
88888000,true,Temp SuperDept,,,Temp SuperDept,,0.00,,false,,0.00,0.0000,true,1,154412
88888001,true,אוכל,,,אוכל,,0.00,,false,,0.00,0.0000,true,1,154413
88888002,true,שתיה,,,שתיה,,0.00,,false,,0.00,0.0000,true,1,154414
88888003,true,אימפולס,,,אימפולס,,0.00,,false,,0.00,0.0000,true,1,168300
88888004,true,תוספות לקפה,,,תוספות לקפה,,0.00,,false,,0.00,0.0000,true,1,154415
88888005,true,חומרי גלם,,,חומרי גלם,,0.00,,false,,0.00,0.0000,true,1,154416
88888006,true,פירות וירקות,,,פירות וירקות,,0.00,,false,,0.00,0.0000,true,1,168301
88888008,true,ללא מעמ,,,ללא מעמ,,0.00,,false,,0.00,0.0000,true,1,154417
88888009,true,ניר פוד,,,ניר פוד,,0.00,,false,,0.00,0.0000,true,1,168302
88888010,true,אלכוהול,,,אלכוהול,,0.00,,false,,0.00,0.0000,true,1,168303
88888014,true,נון פוד,,,נון פוד,,0.00,,false,,0.00,0.0000,true,1,168304
88888016,true,תפעול,,,תפעול,,0.00,,false,,0.00,0.0000,true,1,168305
88888018,true,שוויצריה הקטנה,,,שוויצריה הקטנה,,0.00,,false,,0.00,0.0000,true,1,154418
88888100,true,"מפעל-ללא מע""מ",,,"מפעל-ללא מע""מ",,0.00,,false,,0.00,0.0000,true,1,154419
88888102,true,גלידות ושלגונים,,,גלידות ושלגונים,,0.00,,false,,0.00,0.0000,true,1,154420
88888119,true,מאפים,,,מאפים,,0.00,,false,,0.00,0.0000,true,1,168306
88888124,true,משקאות לא אלכוהוליים,,,משקאות לא אלכוהוליים,,0.00,,false,,0.00,0.0000,true,1,168307
88888144,true,קינוחים,,,קינוחים,,0.00,,false,,0.00,0.0000,true,1,168308
88888156,true,פירות וירקות לסחיטה,,,פירות וירקות לסחיטה,,0.00,,false,,0.00,0.0000,true,1,154421
88888158,true,מוצרי מכולת,,,מוצרי מכולת,,0.00,,false,,0.00,0.0000,true,1,154422
88888159,true,משקאות,,,משקאות,,0.00,,false,,0.00,0.0000,true,1,154423
88888160,true,מצוננים,,,מצוננים,,0.00,,false,,0.00,0.0000,true,1,154424
88888161,true,קפואים,,,קפואים,,0.00,,false,,0.00,0.0000,true,1,154425
88888162,true,ירקות ופירות טריים,,,ירקות ופירות טריים,,0.00,,false,,0.00,0.0000,true,1,154426
88888165,true,י שירות/ עזר לסניפים,,,י שירות/ עזר לסניפים,,0.00,,false,,0.00,0.0000,true,1,154427
88888166,true,ארוחות מבושלות,,,ארוחות מבושלות,,0.00,,false,,0.00,0.0000,true,1,154428
88888167,true,אריזות לזכיינים,,,אריזות לזכיינים,,0.00,,false,,0.00,0.0000,true,1,168309
88888168,true,זיכויים,,,זיכויים,,0.00,,false,,0.00,0.0000,true,1,154429
88888169,true,אבזרי עזר וייצור,,,אבזרי עזר וייצור,,0.00,,false,,0.00,0.0000,true,1,154430
88888170,true,מזון טרי,,,מזון טרי,,0.00,,false,,0.00,0.0000,true,1,154431
88888171,true,משקאות קרון,,,משקאות קרון,,0.00,,false,,0.00,0.0000,true,1,154432
88888172,true,ירקות ופירות מעמ,,,ירקות ופירות מעמ,,0.00,,false,,0.00,0.0000,true,1,154433
88888173,true,ל-חומרי גלם ואביזרים,,,ל-חומרי גלם ואביזרים,,0.00,,false,,0.00,0.0000,true,1,154434
88888174,true,מפעל-תוצרת גמורה,,,מפעל-תוצרת גמורה,,0.00,,false,,0.00,0.0000,true,1,154435
88888175,true,סיגריות,,,סיגריות,,0.00,,false,,0.00,0.0000,true,1,154436
88888176,true,מאפה טרי פרדס,,,מאפה טרי פרדס,,0.00,,false,,0.00,0.0000,true,1,154437
88888177,true,קצבייה פרדס,,,קצבייה פרדס,,0.00,,false,,0.00,0.0000,true,1,154438
88888178,true,ואביזרים (ללא מלאי),,,ואביזרים (ללא מלאי),,0.00,,false,,0.00,0.0000,true,1,154439
88888179,true,פירות יבשים ללא מעמ,,,פירות יבשים ללא מעמ,,0.00,,false,,0.00,0.0000,true,1,155547
88888999,true,,,,,,0.00,,false,,0.00,0.0000,true,1,154440
90162602,false,רד בול משקה אנרגיה פקדון 30 אג,רד בול ג'י.אם.בי. אץ,IL,משקה אנרגיה רד בול 2,מיליליטרים,250.00,"100 מ""ל",false,,6.90,0.0276,true,1,150044
9800800056,false,חטיף שוקולד עם מקלות לחם אנד גו,פררו - אלבה,DE,נוטלה טו גו 52 גרם,גרמים,52.00,100 גרם,false,,5.00,0.0962,true,1,145164
25675120006,false,חמצוצים 4 צבעים טעמים טבעי 100 גרם,פאסין ב.ו,NL,מקלות חמצוצים 100 גר,גרמים,100.00,100 גרם,false,,8.90,0.0890,true,1,165386
25675950016,false,פשקס אודלס טופי גרגי,,,פשקס אודלס טופי גרגי,יחידה,1.00,יחידה,false,,1.50,1.5000,true,1,161633
25675950016,false,פשקס אודלס טופי גרגי,,,פשקס אודלס טופי גרגי,Unknown,1.00,יחידה,false,,1.50,1.5000,true,1,161633
25675950054,false,פשקס אודלס קטן דובדבן,,IL,"אודלס 16 ג ""דובדבן",יחידה,1.00,יחידה,false,,1.50,1.5000,true,1,161634
25675950054,false,פשקס אודלס קטן דובדבן,,IL,"אודלס 16 ג ""דובדבן",Unknown,1.00,יחידה,false,,1.50,1.5000,true,1,161634
31200001597,false,חמוציות אושן ספריי קליית גת בשקית 170 גרם,ליימן מותגים,US,חמוציות אושן ספריי 1,גרמים,170.00,100 גרם,false,,10.90,0.0641,true,1,155697
34000470563,false,ריסז מיניס באריזה משפחתית 215 גרם,ליימן מותגים,US,ריסז מיניס פאוצ' 215,גרמים,215.00,100 גרם,false,,18.90,0.0879,true,1,158948
37600207188,false,חמאת בוטנים קלאסי סקיפי 462 גרם,חברת המזון אלגוד,US,חמאת בוטנים קלאסית ס,גרמים,462.00,100 גרם,false,,18.90,0.0409,true,1,146248
37600297943,false,מטבל סלסה חריף- צ'י צ'י 439 גר,מותגים,US,מטבל סלסה חריף Chi-C,גרמים,439.00,100 גרם,false,,19.90,0.0453,true,1,166227
38000138638,false,חטיף צ'יפס פרינגלס פיצה 158 גרם,פרינגלס מנופקצ'ורינג קונ,US,פרינגלס בטעם פיצה 15,גרמים,158.00,100 גרם,false,,8.90,0.0563,true,1,154497
38000138720,false,חטיף צ'יפס פרינגלס ראנץ 158 גרם,פרינגלס מנופקצ'ורינג קונ,US,פרינגלס ראנץ 158 גרם,גרמים,158.00,100 גרם,false,,8.90,0.0563,true,1,154498
38000183690,false,חטיף צ'יפס פרינגלס מידי ברביקיו 71 גרם,פרינגלס מנופקצ'ורינג,US,פרינגלס ברביקיו 71 ג,גרמים,71.00,100 גרם,false,,5.90,0.0831,true,1,141237
38000183928,false,פרינגלס חרדל ודבש 158 גרם,פרינגלס מניופקצ'ורינ,US,פרינגלס חרדל ודבש 15,גרמים,158.00,100 גרם,false,,8.90,0.0563,true,1,158748
38000197840,false,פרינגלס גלי בטעם חריף מתוק 137 ג',פרינגלס מניופקצ'\ורינג ק,US,פרינגלס wavy ברביקיו,גרמים,137.00,100 גרם,false,,8.90,0.0650,true,1,158749
38000202278,false,חטיף צ'יפס גלי בטעם אורגינל מלוח,פרינגלס מניופקצ'\ורינג ק,US,פרינגלס wavy אורגינל,גרמים,137.00,100 גרם,false,,8.90,0.0650,true,1,158750
38000232152,false,פרינגלס חטיפי תפוח אדמה בטעם ברביקיו 158 גרם,פרינגלס מנופקצ'ורינג קומ,US,פרינגלס ברביקיו 158,גרמים,149.00,100 גרם,false,,8.90,0.0597,true,1,152414
38000232169,false,פרינגלס מידי אורגינל 67 גרם.,פרינגלס מנופקצ'ורינג קונ,US,פרינגלס אורגינל 67 ג,גרמים,67.00,100 גרם,false,,5.90,0.0881,true,1,151287
38000232176,false,פרינגלס ביג שמנת בצל 158 גרם,פרינגלס מנופקצ'ורינג קונ,US,פרינגלס שמנת בצל 161,גרמים,158.00,100 גרם,false,,8.90,0.0563,true,1,151288
38000232183,false,פרינגלס ביג אורגינל 149 גרם,פרינגלס מנופקצ'ורינג קונ,US,פרינגלס אורגינל 149,גרמים,149.00,100 גרם,false,,8.90,0.0597,true,1,151289
38000845253,false,חטיף צ'יפס פרינגלס מידי שמנת בצל 71 גרם,פרינגלס מנופקצ'ורינג קונ,US,פרינגלס שמנת בצל 71,גרמים,71.00,100 גרם,false,,5.90,0.0831,true,1,141239
38527591053,false,קואקר דגנים מרובעים שיבולת שועל וקינמון,קוואקר אוטס קומפני,US,קוואקר ריבועים קנמון,גרמים,411.00,100 גרם,false,,19.90,0.0484,true,1,145139
40000513568,false,סוכריות אם אנד אמס M&M שוקולד חלב,M&M אם אנד אם,US,סוכריות שוקולד אם אנ,גרמים,156.00,100 גרם,false,,11.90,0.0763,true,1,146836
40000514480,false,M&M אריזה קטנה's שוקולד אריזה קטנה 48 גרם,M&M אם אנד אם,US,סוכריות שוקולד צבעונ,גרמים,48.00,100 גרם,false,,4.90,0.1021,true,1,146838
40000514510,false,M&M אריזה קטנה's בוטנים אריזה קטנה 49 גרם,M&M אם אנד אם,US,סוכריות שוקולד במילו,גרמים,49.00,100 גרם,false,,4.90,0.1000,true,1,146839
46214731552,false,עוגיות שוקולד צ'יפס 37% גודיס 225 גרם,קריניציה ויטמינה אס,NL,עוגיות שוקולד צ'יפס,גרמים,225.00,100 גרם,false,,8.90,0.0396,true,1,146121
54881000055,false,תה שחור מבחר פירות 20 שקיות אחמד,אחמד תה אנגליה,,חליטת פירות יער והיב,יחידה,20.00,יחידה,false,,9.90,0.4950,true,1,165714
54881000055,false,תה שחור מבחר פירות 20 שקיות אחמד,אחמד תה אנגליה,,חליטת פירות יער והיב,Unknown,20.00,יחידה,false,,9.90,0.4950,true,1,165714
54881003988,false,תה שחור ארבעת הסוגים,תה אחמד Ahmad tea,,תה 4 טעמים אחמד טי 4,יחידה,20.00,יחידה,false,,9.90,0.4950,true,1,160647
54881003988,false,תה שחור ארבעת הסוגים,תה אחמד Ahmad tea,,תה 4 טעמים אחמד טי 4,Unknown,20.00,יחידה,false,,9.90,0.4950,true,1,160647
54881006941,false,תה שחור תפוח 20 שקיקים אחמד,גיבונג אינדסקיאלס,,תה שחור תפוח אחמד טי,יחידה,20.00,יחידה,false,,9.90,0.4950,true,1,165719
54881006941,false,תה שחור תפוח 20 שקיקים אחמד,גיבונג אינדסקיאלס,,תה שחור תפוח אחמד טי,Unknown,20.00,יחידה,false,,9.90,0.4950,true,1,165719
54881008174,false,תה אחמד ארל גריי 100 שקיקים,תה אחמד Ahmad tea,AE,תה שחור ברגמוט ארל ג,יחידה,100.00,יחידה,false,,18.90,0.1890,true,1,165724
54881008174,false,תה אחמד ארל גריי 100 שקיקים,תה אחמד Ahmad tea,AE,תה שחור ברגמוט ארל ג,Unknown,100.00,יחידה,false,,18.90,0.1890,true,1,165724
54881009522,false,תה שחור פטל 20 שקיקים אחמד,אחמד תה אנגליה,,תה שחור פטל אחמד טי,יחידה,20.00,יחידה,false,,9.90,0.4950,true,1,160655
54881009522,false,תה שחור פטל 20 שקיקים אחמד,אחמד תה אנגליה,,תה שחור פטל אחמד טי,Unknown,20.00,יחידה,false,,9.90,0.4950,true,1,160655
55369901673,false,אפלסנקס רביעיות רסק תפוחי עץ אפרסק ללא תוספת סוכר,ליייהי אורצ'רדס,CA,מחית תפוחי עץ ואפרסק,גרמים,452.00,100 גרם,false,,15.90,0.0352,true,1,158086
70177077563,false,תה ארל גריי 25 שקיות טוינינגס 50 גר,אר. טווינינגס אנד קומפני,PL,תה ארל גריי 25 יח' 5,גרמים,50.00,100 גרם,false,,17.90,0.3580,true,1,158793
70177173166,false,תה יסמין ירוק 25 שקיקים TWININGS,אר. טווינינגס אנד קומפני,PL,תה ירוק יסמין 45 גרם,גרמים,45.00,100 גרם,false,,19.90,0.4422,true,1,158797
70177177737,false,חליטה פיור קמומיל 20 גרם טווינינג,אר. טווינינגס אנד קומפני,PL,חליטת קמומיל 20 יח',גרמים,20.00,100 גרם,false,,16.90,0.8450,true,1,158801
70221011116,false,טובלרון - שוקולד חלב 100 גרם,טובלרון Toblerone,CH,טובלרון 100 גרם,גרמים,100.00,100 גרם,false,,11.90,0.1190,true,1,159556
70970471285,false,מייק אנד אייק רד רייג'רס 141 גר',גאסט בורן,US,מייק & אייק רייג'רס,גרמים,141.00,100 גרם,false,,10.90,0.0773,true,1,161637
72600062290,false,הר חטיף גבינה חלפניו חריף 198 גרם,הר פודס,US,הרס חטיף גבינה בטעם,גרמים,198.00,100 גרם,false,,23.90,0.1207,true,1,158110
72600062313,false,הר חטיף גבינה בפאלו גבינה כחולה 198 גרם,הר פודס,US,הרס חטיף בוטנים עם ג,גרמים,198.00,100 גרם,false,,23.90,0.1207,true,1,158112
76840100156,false,"בן אנד גריס גלידת צרי גרסיה 500 מ""ל",מוצרי איכות אמריקאיים בע,IL,גלידה צ'רי גרסיה בן&,100 0,500.00,100 0,false,,21.90,0.0438,true,1,145365
76840100583,false,"גלידת וניל עם בצק עוגיות בן וג'ירי 473 מ""ל",מוצרי איכות אמריקאיים בע,IL,גלידת וניל עם בצק עו,מיליליטרים,473.00,"100 מ""ל",false,,21.90,0.0463,true,1,145366
77245110610,false,סוכריות מאסט ללא סוכר בטעם מנטה 80 ג'עלית,MIESZKO S.A - MS. JO,PL,"סוכריות לל""ס מאסט מנ",גרמים,80.00,100 גרם,false,,7.90,0.0988,true,1,152878
77975094631,false,סניידרס סנדוויץ' בייגלה במילוי קרם בטעם צ'דר 226 גרם,סניידרס לאנס,US,סניידרס סנדביץ קרם צ,גרמים,266.00,100 גרם,false,,16.90,0.0635,true,1,154806
77975094778,false,שברי בייגלה סניידרס בטעם דבש חרדל 340 גר,סניידרס אוף האנובר,US,סניידרס דבש וחרדל 34,גרמים,340.00,100 גרם,false,,14.90,0.0438,true,1,157186
77975095133,false,שברי בייגלה בטעם פיקנטי 318 ג' סניידרס,סניידרס Snyder's,US,סניידרס- שברי בייגלה,גרמים,319.00,100 גרם,false,,16.90,0.0530,true,1,166397
77975095157,false,סניידרס שברי בייגלה בטעם חלפיניו 318 גרם,סניידרס Snyder's,US,סניידרס- שברי בייגלה,גרמים,318.00,100 גרם,false,,16.90,0.0531,true,1,164135
78652673064,false,סט 3 קופסאות ריבועיות עם מכסה טורקיז,,,סט 3 קופסאות ריבועיו,יחידה,1.00,יחידה,false,,9.90,9.9000,true,1,165604
78652673064,false,סט 3 קופסאות ריבועיות עם מכסה טורקיז,,,סט 3 קופסאות ריבועיו,Unknown,1.00,יחידה,false,,9.90,9.9000,true,1,165604
78652693062,false,סט 3 קופסאות ריבועיות עם מכסה אדום,,,סט 3 קופסאות ריבועיו,יחידה,1.00,יחידה,false,,9.90,9.9000,true,1,165605
78652693062,false,סט 3 קופסאות ריבועיות עם מכסה אדום,,,סט 3 קופסאות ריבועיו,Unknown,1.00,יחידה,false,,9.90,9.9000,true,1,165605
608614331475,false,כרובית ארוזה ביכורי,חקלאי,IL,כרובית,יחידה,1.00,יחידה,false,,9.90,9.9000,true,1,150548
608614331475,false,כרובית ארוזה ביכורי,חקלאי,IL,כרובית,Unknown,1.00,יחידה,false,,9.90,9.9000,true,1,150548
613008753320,false,"בקבוק אריזונה ג'ינג'ר ודבש 450 מ""ל",נובה טרייד אל טי די,BG,אריזונה ג'ינסנג ודבש,מיליליטרים,450.00,"100 מ""ל",false,,8.20,0.0182,true,1,148494
613008753351,false,"בקבוק אריזונה רימונים 450 מ""ל",אריזונה Arizona,BG,אריזונה רימונים בקבו,מיליליטרים,450.00,"100 מ""ל",false,,8.20,0.0182,true,1,148495
613008753382,false,"בקבוק אריזונה אוכמניות 450 מ""ל",נובה טרייד אל טי די,BG,אריזונה אוכמניות בקב,מיליליטרים,450.00,"100 מ""ל",false,,8.20,0.0182,true,1,148496
633824913432,false,"וודקה וואן גוך אסאי בלוברי 750 מ""ל",מזקקת קוימאנס טילבורג,NL,וודקה אסאי ואן גוך 7,מיליליטרים,750.00,"100 מ""ל",false,,139.00,0.1853,true,1,145917
655956000910,false,ג'לי בינס כדורים דוב,,,ג'לי בינס כדורים דוב,גרמים,85.00,100 גרם,false,,9.90,0.1165,true,1,159871
673879000602,false,"קאברד ברידג חטיף תפו""א מלח ים חומץ 170 ג",קאבר ברידג',CA,"חטיף תפו""א מלח ים חו",גרמים,170.00,100 גרם,false,,21.90,0.1288,true,1,158098
673879000633,false,חטיף קאברד ברידג תפו,קאבר ברידג',CA,קאברד ברידג' חטיף תפ,גרמים,170.00,100 גרם,false,,21.90,0.1288,true,1,158100
686464447003,false,לקקן אבקה חמוצה באסל,,,לקקן אבקה חמוצה באסל,גרמים,39.00,100 גרם,false,,7.90,0.2026,true,1,161652
693493158657,false,תפוח אדמה גורמה דוד,חקלאי,IL,תפוח אדמה גורמה דוד,קילוגרמים,1.00,"ק""ג",true,,6.90,6.9000,true,1,166251
693493158657,false,תפוח אדמה גורמה דוד,חקלאי,IL,תפוח אדמה גורמה דוד,קילוגרמים,1.00,"ק""ג",true,,6.90,6.9000,true,1,166251
728229123590,false,טרה אורגינל חטיף על בסיס ירקות שורש בטעם טבעי 110 גרם,הונדורס צ'יפס יצור א,HN,טרה ירקות שורש בטעם,גרמים,110.00,100 גרם,false,,14.90,0.1355,true,1,145849
728229123811,false,טרה חטיף על בסיס ירקות שורש בתיבול ים תיכוני 110 גרם,הונדורס צ'יפס יצור א,HN,טרה ירקות ים תיכוני,גרמים,110.00,100 גרם,false,,14.90,0.1355,true,1,160460
728229124764,false,טרה חטיף על בסיס בטטה עם מלח ים 110 גרם,היין פיוצ'ור נטורל פ,IN,טרה ציפס בטטה מלח ים,גרמים,110.00,100 גרם,false,,14.90,0.1355,true,1,160461
732494000500,false,קרטורס חטיף פופקורן קרמל 227 גרם,איגל פודס ווקיגאן מפ,US,קרטורס פופקורן קרמל,גרמים,710.00,100 גרם,false,,24.90,0.0351,true,1,158117
732494000524,false,קרטורס פופקורן שיקגו קרמל 213 גרם,איגל פודס ווקיגאן מפ,US,קרטורס פופקורן קרמל,גרמים,213.00,100 גרם,false,,24.90,0.1169,true,1,158118
753182231761,false,"משקה אנרגיה BLU ללא תוספת סוכר 250 מ""ל",אקווה ויט,PL,משקה אנרגיה בלו ללא,מיליליטרים,250.00,"100 מ""ל",false,,4.20,0.0168,true,1,141580
856591000062,false,עוגיות מזרחיות עם מלח עבאדי 400 גרם,מאפיית יוסף ושמחה עבאדי,IL,עוגיות מזרחיות מלח ע,גרמים,400.00,100 גרם,false,,19.90,0.0497,true,1,145263
859547004466,false,קירצוף וספוג ניקוי SCRUB DADDY,סקראב דאבי,VN,ספוג ניקוי דו צדדי ס,גרמים,34.00,100 גרם,false,,18.90,0.5559,true,1,159885
884912126115,false,גרייט גריינס דגני בוקר עם פירות יבשים פוסט 453 גרם,הנסיך- מפעל לייצור ט,US,דגני גרייט גריינס דט,גרמים,453.00,100 גרם,false,,24.90,0.0550,true,1,148352
884912365200,false,דגני בוקר אוראו שחור ולבן 311 גרם,פוסט ארצות הברית,US,דגני בוקר אוראו פוסט,גרמים,311.00,100 גרם,false,,22.90,0.0736,true,1,166276
893594002051,false,"חטיף פופקורן צ`יפס בטעם גבינת צ`דר, 28ג Medora snacks",PepsiCo inc. Frito lay Division,US,פופקורנס גבינת צ'דר,גרמים,28.00,100 גרם,false,,5.90,0.2107,true,1,165349
893594002068,false,"חטיף פופקורן צ`יפס עם מלח ים,28 ג HANTRONIX",PepsiCo inc. Frito lay Division,US,פופקורנס מלח ים 28 ג,גרמים,28.00,100 גרם,false,,5.90,0.2107,true,1,165350
3046920028363,false,לינדט אקסלנס 85% מוצקי קקאו 100 גרם,לינדט ושפרונגלי קילשברג,FR,שוקולד לינדט אקסלנס,גרמים,100.00,100 גרם,false,,14.90,0.1490,true,1,158806
3046920028752,false,שוקולד לינדט אקסלנס מינט 100 גרם,לינדט ושפרונגלי קילשברג,FR,שוקולד לינדט אקסלנס,גרמים,100.00,100 גרם,false,,14.90,0.1490,true,1,158807
3387390730852,false,פיטנס דגנים מחיטה מלאה ואורז נסטלה 375 גרם,נסטלה צרפת איטנקורט,FR,דגני בוקר פיטנס נסטל,גרמים,375.00,100 גרם,false,,19.90,0.0531,true,1,148698
3574660389142,false,"ליסטרין מי פה ירוק פרש בורסט 500 מ""ל",,,"ליסטרין 500 מ""ל FRES",מיליליטרים,500.00,"100 מ""ל",false,,19.90,0.0398,true,1,152274
3574661552576,false,קרפרי מגן תחתון רגיל טנגה לבן 56 יח חדש,הדקלאים אגודת שיתופי,GR,קרפרי מגן תחתון רגיל,יחידה,56.00,יחידה,false,,15.90,0.2839,true,1,157829
3574661552576,false,קרפרי מגן תחתון רגיל טנגה לבן 56 יח חדש,הדקלאים אגודת שיתופי,GR,קרפרי מגן תחתון רגיל,Unknown,56.00,יחידה,false,,15.90,0.2839,true,1,157829
3800020403631,false,קיט קט וופל פריך עם קרם בוטנים (19%) בציפוי שוקולד חלב (61.8%),נסטלה בולגריה A.D.,BG,קיט קט צ'אנקי חמאת ב,גרמים,42.00,100 גרם,false,,4.50,0.1071,true,1,155054
3800020423578,false,חטיף שוקולד חלב צאנקי 40 ג' קיט קט,נסטלה בולגריה A.D,BG,קיט קט צ'אנקי חלב 40,גרמים,40.00,100 גרם,false,,4.50,0.1125,true,1,141833
4000417101211,false,גלילי וופל עם קרם אגוזי לוז בציפוי שוקולד חלב,אמיצ'לי Amicelli,AT,וופל אמיצ'לי 150 גרם,גרמים,150.00,100 גרם,false,,18.90,0.1260,true,1,158951
4000417212009,false,ריטר ספורט שוקולד מריר מעולה עם שקדים קצוצים וקליפות תפוז מסוכרות,ריטר ספורט Ritter sport,DE,שוקולד מריר עם תפוז,גרמים,100.00,100 גרם,false,,8.90,0.0890,true,1,148942
4000417222008,false,שוקולד ריטר ספורט חלב+שברי אגוזים 100 גרם חלב נוכרי,ריטר ספורט Ritter sport,DE,שוקולד ריטר חלב שברי,גרמים,100.00,100 גרם,false,,8.90,0.0890,true,1,144669
4000417294005,false,שוקולד ריטר מוס קקאו 100 גרם חלב נוכרי,ריטר ספורט Ritter sport,DE,שוקולד חלב מוס קקאו,גרמים,100.00,100 גרם,false,,8.90,0.0890,true,1,148945
4000522009747,false,"בייגלה צ'יו מקלות תפו""א 80 גר'",טרופיקל דגיל תעשיות,HU,בייגלה צ'יו מקלות תפ,גרמים,80.00,100 גרם,false,,3.90,0.0487,true,1,148356
4000522061752,false,בייגלה צ'יו מקלות מלוחים 100 גרם,צ'יו Chio,HU,בייגלה צ'יו מקלות 10,גרמים,100.00,100 גרם,false,,3.90,0.0390,true,1,148357
4003754092006,false,מרציפן קלאסי סרגל 125 גרם CARETENS,אירסמי אנד קארסטנס,DE,סרגל מרציפן מעולה מצ,גרמים,125.00,100 גרם,false,,11.90,0.0952,true,1,162946
4005500534600,false,טבלת שוקולד קראנץ' ל,,,שוקולד קראנץ לבן 10,,1.00,יח,false,,11.90,11.9000,true,1,166205
4006814000720,false,סנטה קלנדר 75 גר WAWI,WAWI GROUP,DE,סנטה קלנדר 75 גרם,גרמים,75.00,100 גרם,false,,9.90,0.1320,true,1,168326
4006814000751,false,סנטה בודד עם כובע 80 גר,WAWI GROUP,DE,שוקולד חלב סנטה עם כ,גרמים,80.00,100 גרם,false,,12.90,0.1613,true,1,162951
4006814011061,false,שוקולד סנטה קלאוז בו,WAWI Euro Gmbh,DE,"שוק ""סנטה בודד60 ג """,גרמים,60.00,100 גרם,false,,5.50,0.0917,true,1,162953
4006814011108,false,שוקולד סנטה קלאוס בו,WAWI-EURO,DE,שוקולד סנטה קלאוס בו,גרמים,150.00,100 גרם,false,,9.90,0.0660,true,1,162954
4006814031304,false,שוקולד אייסקונפקט קר,,,צילינדר אייסקונפקט ק,גרמים,500.00,100 גרם,false,,29.90,0.0598,true,1,168327
4006814071003,false,שוקולד סנטה שקית 100,WAWI-EURO,,סנטה שקית 100 גר',גרמים,100.00,100 גרם,false,,9.90,0.0990,true,1,162955
4006814072000,false,שוקולד סנטה שקית 200,WAWI Euro Gmbh,DE,סנטה שקית 200 גר',גרמים,200.00,100 גרם,false,,16.90,0.0845,true,1,162956
4008287058161,false,בירה קרומבאכר פילס 4.8% שישיה 6 * 330 מל,מנדלז סי.אר. פרודקשן,DE,בירה קרומבאכר פילס 3,יחידה,6.00,יחידה,false,,37.90,6.3167,true,1,156472
4008287058161,false,בירה קרומבאכר פילס 4.8% שישיה 6 * 330 מל,מנדלז סי.אר. פרודקשן,DE,בירה קרומבאכר פילס 3,Unknown,6.00,יחידה,false,,37.90,6.3167,true,1,156472
4008400230726,false,ביצת שוקולד הפתעה קינדר ענקית 100ג' בנים,קינדר Kinder,IT,ביצת הפתעה גדולה מקס,גרמים,100.00,100 גרם,false,,22.90,0.2290,true,1,147657
4009900379564,false,מסטיק הובה בובה Hubba Bubba טייפ בטעם פירות,מרס ריגלי קונפקשונרי,GB,הובה בובה מסטיק בטעם,גרמים,56.00,100 גרם,false,,6.90,0.1232,true,1,151376
4009900402965,false,אורביט וויט בטעם פירות בקבוקון 46מלבניות,ריגלי פולין,PL,וייט פירות בקבוקון ד,גרמים,64.00,100 גרם,false,,9.90,0.1547,true,1,146842
4009900403023,false,אורביט וויט בטעם מנטה בקבוקון 46 מלבניות,"ב.א מזון בע""מ",PL,וויט קלאסי בקבקון דא,גרמים,64.00,100 גרם,false,,9.90,0.1547,true,1,146843
4009900465304,false,סוכריות סקיטלס פירות חמוצים 174 גרם,ריגלי ממתקים,CZ,סקיטלס - חמוץ 174 גר,גרמים,174.00,100 גרם,false,,9.90,0.0569,true,1,146847
4009900482417,false,מסטיק אורביט פירות מנטה בקבוקון באבל מינט 45יח,ריגלי פולין,PL,בבלמינט בקבוקון דאבל,גרמים,64.00,100 גרם,false,,9.90,0.1547,true,1,146849
4009900531122,false,"מסטיק בטעם מנטה ספירמינט, 64 ג' פרופשיונל אורפיט",מרס נדרלנד,PL,פרופשיונל בקבוקון פפ,גרמים,64.00,100 גרם,false,,9.90,0.1547,true,1,146855
4009900532327,false,סוכריות סקיטלס סמודיס בטעמי יוגורט ופירות,ריגלי ממתקים,CZ,סקיטלס סמודיס 38 גרם,גרמים,38.00,100 גרם,false,,3.00,0.0789,true,1,148228
4009900539746,false,"מסטיק פייב באונס בטעם אבטיח בקבוקון, 61.8 גרם",ריגלי בעמ רוסיה,PL,פייב אבטיח בקבוקון 6,גרמים,61.80,100 גרם,false,,11.90,0.1926,true,1,160202
4011800290078,false,חטיף חלבון עוגיות ללא תוספת סוכר,סידס,CZ,קורני חלבון עוגיות 5,גרמים,50.00,100 גרם,false,,9.90,0.1980,true,1,166492
4011800290092,false,חטיף חלבון וניל ללא תוספת סוכר,סידס,CZ,קורני חלבון וניל 50,גרמים,50.00,100 גרם,false,,9.90,0.1980,true,1,166493
4011800567613,false,מאגדת קורני מילק דרק & ואיט 120 גרם,מיוצר עי קונדיטוריית,DE,קורני מילק דרק&ואיט,גרמים,120.00,100 גרם,false,,10.90,0.0908,true,1,158812
4011800617714,false,"""קורני"" ביג שוקו בננה50 גרם",מיוצר עי קונדיטוריית,DE,קורני ביג שוקו בננה,גרמים,50.00,100 גרם,false,,4.90,0.0980,true,1,161670
4011800628512,false,חטיף קורני שוקולד חלב 6 יח 150 גר,מיוצר עי קונדיטוריית,DE,קורני בייס שוקו 150,גרמים,150.00,100 גרם,false,,10.90,0.0727,true,1,145852
4014400901191,false,בונבונריית מרסי מבחר ממתקי שוקולד 250 גרם,ליימן מותגים,DE,בונבוניירת שוקולד חל,גרמים,250.00,100 גרם,false,,26.90,0.1076,true,1,144665
4014400923711,false,בונבוניירה שוקולד אגוזים טופיפי 125 גרם,ליימן מותגים,DE,בונבוניירה טופיפי 12,גרמים,125.00,100 גרם,false,,12.90,0.1032,true,1,142817
4014400925319,false,וורטרס אורגינל פופקורן קרמל 140 גרם,וורטרס Werther's,DE,וורטר פופקורן קרמל 1,גרמים,140.00,100 גרם,false,,15.90,0.1136,true,1,155194
4015400564034,false,מגן תחתון אולוויז מגה פק לונג פלוס 58 יחידות,פרוקטר אנד גמבל,DE,מגן תחתון אולוויז מג,גרמים,250.00,100 גרם,false,,19.90,0.0796,true,1,155822
4015400564454,false,מגני תחתון אולוויז לארג' עם ניחוח מגה פק,פרוקטר אנד גמבל,DE,מגן תחתון אולוויז מג,גרמים,234.00,100 גרם,false,,19.90,0.0850,true,1,141244
4015400681670,false,תחבושות אולוויז וליו פק לילה בטוח 18 יחידות,פרוקטר אנד גמבל,UA,תחבושות אולוויז וליו,גרמים,126.00,100 גרם,false,,19.90,0.1579,true,1,141246
4015400731719,false,תחבושות היגייניות אולוויז יום ולילה Day & Night,פרוקטר אנד גמבל,UA,תחבושות אולוויז וליו,גרמים,126.00,100 גרם,false,,19.90,0.1579,true,1,141250
4015400755241,false,תחבושות היגייניות אולוויז אולטרה נורמל - 28 יח',פרוקטר אנד גמבל,UA,תחבושות אולוויז וליו,גרמים,136.00,100 גרם,false,,19.90,0.1463,true,1,141252
4015600762742,false,שמפו יומיומי למניעת קשקשים הנוסחה הקלאסית,פרוקטר אנד גמבל,RO,שמפו לשיער הנוסחה הק,מיליליטרים,500.00,"100 מ""ל",false,,19.90,0.0398,true,1,141256
4015600762780,false,שמפו וקונדישינר יומיומי למניעת קשקשים הנוסחה הקלאסית 2in1,פרוקטר אנד גמבל,RO,שמפו וקונדישינר לשיע,מיליליטרים,500.00,"100 מ""ל",false,,19.90,0.0398,true,1,154714
4015600763022,false,שמפו יומיומי למניעת קשקשים לשיער יבש/פגום לשיער רך כמשי,פרוקטר אנד גמבל,RO,שמפו לאישה למגע משי,מיליליטרים,500.00,"100 מ""ל",false,,19.90,0.0398,true,1,141258
4017100198151,false,בלזן היט ביסקוויט עם מלית קרם בטעם וניל (41%) 220 גרם,הדקלאים אגודת שיתופי,PL,עוגיות היט וניל 220,גרמים,220.00,100 גרם,false,,9.90,0.0450,true,1,142818
4017100364112,false,בלזן היט בסקוויט סנדביץ עם מלית קרם בטעם שוקולד קקאו (41%) 220 גרם,הדקלאים אגודת שיתופי,PL,עוגיות היט קקאו 220,גרמים,220.00,100 גרם,false,,9.90,0.0450,true,1,142819
4022025001929,false,"בלו ווין מבעבע כחול 750 מ""ל",היי סישל סוהן טראבן,DE,יין בלו ווין מבעבע כ,מיליליטרים,750.00,"100 מ""ל",false,,59.90,0.0799,true,1,152431
4022025261002,false,יין בלו ווין גוורצטרמינר 750 מל,לנגוט טראבן,DE,יין בלו ווין גוורצטר,מיליליטרים,750.00,"100 מ""ל",false,,49.90,0.0665,true,1,152432
4022025290408,false,"בלו ווין פינק כשר 750 מ""ל",יקב רמת הגולן,DE,יין בלו ווין רוזה 75,מיליליטרים,750.00,"100 מ""ל",false,,49.90,0.0665,true,1,152433
4025700001962,false,מילקה טבלת שוקולד לבן 100 גרם,פי אר ג'יי אס סי מונ,UA,שוקולד לבן מילקה 100,גרמים,100.00,100 גרם,false,,6.90,0.0690,true,1,152558
4067600001123,false,פילה הרינג מעושן בשמן לארסן 190 גר,,LV,פילה הרינג מעושן לרס,גרמים,190.00,100 גרם,false,,11.90,0.0626,true,1,164811
4605561011975,false,חתיכות פילה דג הרינג בשמן מצונן 150 גרם,LTD BREMOR SANTA SD,BY,חתיכות פילה הרינג בש,גרמים,150.00,100 גרם,false,,7.90,0.0527,true,1,164079
4710068001739,false,"מאסטר קפה קולומביאני 250 מ""ל",יוני פרזינדנט אנטרפר,TW,קפה קולומביאני קלאסי,מיליליטרים,240.00,"100 מ""ל",false,,7.20,0.0300,true,1,146438
4710068002798,false,מאסטר קפה וונילה פחית 240 מל,מאיטה פוד אינדוסטריאל קו,TW,קפה קר בפחית בטעם ונ,מיליליטרים,240.00,"100 מ""ל",false,,7.20,0.0300,true,1,148577
4751007738101,false,סלט סלמון עם ירקות איטלקי 220 ג' לארסן,ס.י.א קרבלה,LV,סלט סלמון איטלקי לרס,גרמים,200.00,100 גרם,false,,11.90,0.0595,true,1,164815
4770179998090,false,ממתקי ממולאים 348 גר ROSES PERGALE,BARILLA G.E.R.,BE,בונבוניירה רוזס שוקו,גרמים,348.00,100 גרם,false,,24.90,0.0716,true,1,159369
4770237049290,false,גלידת שמנת בטעם וניל בציפוי צימקאו על מקל פלומביר 58 גר' SVALIA,פיאנו זיואיגזדס,LV,גלידת שמנת בטעם וניל,גרמים,58.00,100 גרם,false,,5.90,0.1017,true,1,164749
4770237057578,false,חטיף גבינה שוקולד סבלה 40 גרם,,,חטיף גבינה שוקולד סו,גרמים,40.00,100 גרם,false,,4.90,0.1225,true,1,160402
4770577201204,false,"סלק מבושל בוואקום 1 ק""ג",,,סלק אדום מקולף 1 קיל,יחידה,1.00,יחידה,false,,9.90,9.9000,true,1,150550
4770577201204,false,"סלק מבושל בוואקום 1 ק""ג",,,סלק אדום מקולף 1 קיל,Unknown,1.00,יחידה,false,,9.90,9.9000,true,1,150550
4810168000998,false,פילה דג הרינג מלוח מצונן עם בצל בצנצנת חתיכות 260גרם,סנטה ברמור,BY,פילה הרינג מלוח עם ב,גרמים,260.00,100 גרם,false,,18.90,0.0727,true,1,160406
4810168001056,false,פילה דג הרינג מלוח מצונן בצנצנת חתיכות 260גרם,סנטה ברמור,BY,פילה הרינג מלוח מצונ,גרמים,260.00,100 גרם,false,,18.90,0.0727,true,1,160407
4810168018795,false,חתיכות פילה דג הרינג מלוח מצונן 200גרם,סנטה ברמור,BY,חתיכות פילה דג הרינג,גרמים,200.00,100 גרם,false,,13.90,0.0695,true,1,160408
4810168019051,false,חתיכות פילה דג הרינג מלוח מצונן עם תבלין 200גרם,סנטה ברמור,BY,חתיכות פילה דג הרינג,גרמים,200.00,100 גרם,false,,13.90,0.0695,true,1,160409
4810168024512,false,פילה דג הרינג מלוח מצונן עם תבלין בצנצנת חתיכות 260 גרם,סנטה ברמור,BY,פילה הרינג מלוח עם ת,גרמים,260.00,100 גרם,false,,18.90,0.0727,true,1,160410
4810168038977,false,גלידת שמנת בטעם וניל בגביע וופל אישי פלומביר 75 גרם YUKKI,Santa Bremor,BY,גלידת שמנת בטעם וניל,גרמים,75.00,100 גרם,false,,5.90,0.0787,true,1,164743
4810168038984,false,גלידת שמנת משובחת בטעם וניל וופל בין השכבות 80 גר YUKKI,Santa Bremor,BY,גלידת שמנת משובחת בט,גרמים,80.00,100 גרם,false,,5.90,0.0738,true,1,164744
4810168038991,false,גלידת שמנת בטעם שוקולד בגביע וופל אישי פלומביר 75 גר YUKKI,Santa Bremor,BY,גלידת שמנת בטעם שוקו,גרמים,75.00,100 גרם,false,,5.90,0.0787,true,1,164745
4810168055899,false,פילה דג הרינג מומלח בשמן מצונן 1200 גרם,,BY,פילה דג הרינג מומלח,גרמים,1200.00,100 גרם,false,,45.90,0.0382,true,1,165858
4810168058975,false,חתיכות פילה דג הרינג סקנדינבי מלוח מצונן 260 גר,סנטה ברמור,BY,פילה דג הרינג סקנדינ,גרמים,260.00,100 גרם,false,,18.90,0.0727,true,1,165335
4820015165213,false,גלידת שמנת משובחת בטעם וניל פלומביר מס 1 בין שכבות וופל 90 גר',ז'יטומרסקי זאבוד,LV,גלידת שמנת בטעם וניל,גרמים,90.00,100 גרם,false,,5.90,0.0656,true,1,164747
4820154723442,false,"גלידת שמנת משובחת בטעם וניל ושוקולד בגביע וופל ""אמפרזה"" 100 גר'",,,גלידת שמנת וניל ושוק,גרמים,100.00,100 גרם,false,,6.90,0.0690,true,1,164622
4823077608513,false,רושן סוכריות טופי חלב קורבקה 205 גרם,הופבר האוס וולסרס,UA,רושן סוכריות טופי חל,גרמים,205.00,100 גרם,false,,6.90,0.0337,true,1,159185
4823077614675,false,ביסקוויט לקפה רושן בטעם חלב 185 גרם,קייב קרמנציק,,ביסקוויט לקפה רושן ב,גרמים,185.00,100 גרם,false,,3.90,0.0211,true,1,164141
4823077614699,false,ביסקוויט לקפה רושן בטעם חמאה וניל 185 גרם,קייב קרמנציק,,ביסקוויט לקפה רושן ב,גרמים,185.00,100 גרם,false,,3.90,0.0211,true,1,164142
4823077614767,false,שוקולד רושן חלב נוגט בטעם אגוזי לוז 90 גרם,רושן,UA,שוקולד רושן חלב נוגט,גרמים,90.00,100 גרם,false,,4.90,0.0544,true,1,159192
4823077614804,false,שוקולד רושן חלב נוגט בטעם אוכמניות כחולות 90 גרם,רושן Roshen,UA,שוקולד רושן חלב נוגט,גרמים,90.00,100 גרם,false,,4.90,0.0544,true,1,159193
4823077617041,false,חטיף שוקולד רושן ממולה קרם קרמל 43 גרם,רושן Roshen,UA,חטיף שוקולד רושן ממו,גרמים,43.00,100 גרם,false,,3.50,0.0814,true,1,159195
4823077618901,false,בונבוניירה רושן דובדבן ליקר רום 150 גרם,רושן,UA,בונבוניירה רושן SHOO,גרמים,150.00,100 גרם,false,,13.90,0.0927,true,1,159196
4823077621635,false,חטיף שוקולד רושן בטעם חלב 72 גרם,Unknown,UA,וופל רושן בטעם חלב 7,גרמים,72.00,100 גרם,false,,3.50,0.0486,true,1,159197
4823077621642,false,חטיף שוקולד רושן בטעם שוקולד 72 גר,Unknown,,וופל רושן בטעם שוקול,גרמים,72.00,100 גרם,false,,3.50,0.0486,true,1,159198
4823077621659,false,חטיף שוקולד רושן בטעם אגוז 72 גר,Unknown,UA,וופל רושן בטעם אגוז,גרמים,72.00,100 גרם,false,,3.50,0.0486,true,1,159199
4823077625145,false,ממתקי שוקולד מריר עם דובדבן בליקר דובדבן,רושן Roshen,UA,בונבוניירה רושן דובד,גרמים,155.00,100 גרם,false,,13.90,0.0897,true,1,159210
4823077625589,false,וופל וואפרס חלב רושן 216 גר,,UA,וופל רושן בטעם חלב 2,גרמים,216.00,100 גרם,false,,6.90,0.0319,true,1,159211
4823077625602,false,וופל וואפרס שוקולד רושן 216 גר,,UA,וופל רושן בטעם שוקול,גרמים,216.00,100 גרם,false,,6.90,0.0319,true,1,159212
4823077625626,false,וופל וואפרס אגוז רושן 216 גר,,UA,וופל רושן בטעם אגוז,גרמים,216.00,100 גרם,false,,6.90,0.0319,true,1,159213
4823077626227,false,שוקולד רושן אורירי חלב 80 גרם,רושן Roshen,UA,שוקולד רושן אורירי ח,גרמים,80.00,100 גרם,false,,6.90,0.0863,true,1,159216
4823077631467,false,קרקר עם מלח ים רושן 168 גר HI DAY,רושן,UA,קרקר עם מלח ים רושן,גרמים,168.00,100 גרם,false,,5.50,0.0327,true,1,159229
4823077631474,false,קרקר קלאסי רושן 168 גר HI DAY,רושן,UA,קרקר קלאסי רושן 168,גרמים,168.00,100 גרם,false,,5.50,0.0327,true,1,159230
4823077631863,false,גליליות ופל רושן קונפטו וניל 140 גרם,רושן,UA,גליליות רושן קונאפטו,גרמים,140.00,100 גרם,false,,6.90,0.0493,true,1,159232
4823077632112,false,וופל רושן בטעם קקאו חלב 216 גרם,,,וופל רושן בטעם קקאו,גרמים,216.00,100 גרם,false,,6.90,0.0319,true,1,159234
4823077632259,false,חטיף שוקולד רושן עם בוטנים 43 גרם,רושן Roshen,UA,חטיף שוקולד רושן עם,גרמים,38.00,100 גרם,false,,3.50,0.0921,true,1,159235
4823077632570,false,שוקולד רושן BRUT מריר 85 גרם,רושן,UA,שוקולד רושן מריר 85,גרמים,85.00,100 גרם,false,,6.90,0.0812,true,1,159240
4823077633034,false,"גליליות וופל רושן ""קונאפטו"" קקאו 140 ג",רושן,UA,גליליות רושן קונאפטו,גרמים,140.00,100 גרם,false,,6.90,0.0493,true,1,159245
4823077633317,false,עוגיות שוקוצ'יפס LOVITA שוקולד עם חתיכות שוקולד 150 גרם,,UA,עוגיות לביטה שוקולד,גרמים,150.00,100 גרם,false,,6.90,0.0460,true,1,159247
4823077633331,false,עוגיות שוקוצ'יפס LOVITA בטעם תפוז 150 גרם,,UA,עוגיות רושן לוביטה ב,גרמים,150.00,100 גרם,false,,6.90,0.0460,true,1,164144
4823077633348,false,עוגיות שוקוצ'יפס LOVITA עם חתיכות בוטנים 150 גרם,,UA,עוגיות רושן לביטה עם,גרמים,15.00,100 גרם,false,,6.90,0.4600,true,1,159249
4823077633515,false,חטיף שוקולד רושן במילוי קרם חלבי מצופה 34 גרם,,UA,חטיף וופל במילוי קרם,גרמים,34.00,100 גרם,false,,3.50,0.1029,true,1,164935
4823077634192,false,עוגיות רושן LOVITA במילוי דובדבן וניל 168 גרם,,UA,עוגיות לביטה עם מילו,גרמים,168.00,100 גרם,false,,6.90,0.0411,true,1,159256
4823077634222,false,עוגיות Lovita ממולאות ג'לי תפוז מצופות צימקאו,רושן Roshen,,עוגיות לביטה תפוז 13,גרמים,135.00,100 גרם,false,,6.90,0.0511,true,1,159257
4823077634246,false,עוגיות Lovita ממולאות ג'לי פטל מצופות צימקאו,רושן Roshen,,עוגיות לביטה פטל 135,גרמים,135.00,100 גרם,false,,6.90,0.0511,true,1,159258
4823077634277,false,עוגיות Lovita ממולאות ג'לי תות שדה מצופות צימקאו,רושן Roshen,,עוגיות תות שדה לוביט,גרמים,135.00,100 גרם,false,,6.90,0.0511,true,1,164145
4823077634413,false,עוגות אישיות TOO COOL תות שדה 270 גרם,,,עוגות אישיות תות שדה,גרמים,270.00,100 גרם,false,,14.90,0.0552,true,1,159260
4823077634420,false,"עוגות אישיות ""TOO COOL"" חלב 270 גר 6 יחידות",,,עוגות אישיות חלב 270,גרמים,270.00,100 גרם,false,,14.90,0.0552,true,1,159261
4823077635489,false,חטיף וופל רושן קרם קקאו JOHNY KROCKERי 350 גרם,,UA,וופל רושן קרם קקאו ג,גרמים,350.00,100 גרם,false,,17.90,0.0511,true,1,160390
4823077635533,false,חטיף וופל רושן קרם חלב JOHNY KROCKERי 350 גרם,,UA,וופל רושן קרם חלב גו,גרמים,350.00,100 גרם,false,,17.90,0.0511,true,1,160391
4823077636004,false,עוגיות Lovita ממולאות ג'לי דובדבן מצופות צימקאו,רושן Roshen,,עוגיות קקאו דובדבן ל,גרמים,135.00,100 גרם,false,,6.90,0.0511,true,1,164149
4823077636172,false,וופל רושן בטעם לימון 216 גרם,,UA,וופל רושן בטעם לימון,גרמים,216.00,100 גרם,false,,5.90,0.0273,true,1,164416
4823077636332,false,עוגיות רושן LOVITA במילוי קרם שוקולד 127 גרם,,,עוגיות רושן במילוי ק,גרמים,127.00,100 גרם,false,,6.90,0.0543,true,1,168479
4823077636547,false,סוכריות ממולאות בטעם פירות בים בום 468 גרם,רושן,UA,סוכריות ממולאות בטעם,גרמים,468.00,100 גרם,false,,12.90,0.0276,true,1,164298
4823077636592,false,רושן סוכריות ג'לי קרייזי פצ'ולקה 378 גרם,רושן,UA,סוכריות ג'לי רושן 37,גרמים,378.00,100 גרם,false,,12.90,0.0341,true,1,164303
4823077636608,false,רושן סוכריות טופי במילוי שוקולד טופלין 325 גרם,רושן,UA,סוכריות טופי רושן במ,גרמים,325.00,100 גרם,false,,12.90,0.0397,true,1,164304
4987176071545,false,מברשות שיניים אורל בי שישייה,,IN,מברשת שיניים אורל בי,יחידה,6.00,יחידה,false,,10.90,1.8167,true,1,168656
4987176071545,false,מברשות שיניים אורל בי שישייה,,IN,מברשת שיניים אורל בי,Unknown,6.00,יחידה,false,,10.90,1.8167,true,1,168656
5000159020312,false,מלטיזרס אריזה קטנה 37 גרם,מלטיזרס Maltesers,NL,מלטיזרס 37 גרם,גרמים,37.00,100 גרם,false,,4.90,0.1324,true,1,146858
5000159376792,false,סוכריות סקיטלס Skittles פירות חמוצים,ריגלי ממתקים,CZ,סקיטלס פירות חמוצים,גרמים,38.00,100 גרם,false,,3.00,0.0789,true,1,146860
5000159409179,false,מארז חטיפי מיני סניקרס Snickers,מרס הולנד בי.וי.,NL,סניקרס מיני 403 גרם,גרמים,403.00,100 גרם,false,,21.90,0.0543,true,1,146864
5000159452977,false,מיקס שקית מיניס 400 גרם מרס-באונטי-טוויק,מרס הולנד בי.וי.,NL,מיקס מיני 400 גרם,גרמים,400.00,100 גרם,false,,21.90,0.0547,true,1,146866
5000159461122,false,חטיף שוקולד סניקרס מקס קרמל 50 ג',"נארז ע""י : א.ג. גילר",NL,חטיף סניקרס 50 גרם,גרמים,50.00,100 גרם,false,,3.90,0.0780,true,1,141837
5000189974579,false,מארז מיני חטיפי קיט קט Kit Kat,נסטלה גרמניה,DE,קיט קט מיני חטיף ופל,גרמים,200.00,100 גרם,false,,14.90,0.0745,true,1,144656
5010026519368,false,מורנפלייק שיבולת שועל בשקית 500 גר,,,שיבולת שועל מורנפליי,גרמים,500.00,100 גרם,false,,8.90,0.0178,true,1,155699
5010677551397,false,"בקרדי בריזר לימון ליים 275 מ""ל",בקרדי בריזר Bacardi Breezer,BE,משקה אלכוהולי ליים 4,מיליליטרים,275.00,"100 מ""ל",false,,15.00,0.0545,true,1,159659
5011007003005,false,"וויסקי ג'יימסון אירי מזוקק 700 מ""ל",אייריש דיסטילרז,IE,וויסקי אירי ג'יימסון,מיליליטרים,700.00,"100 מ""ל",false,,100.90,0.1441,true,1,142116
5011157630281,false,אורז לבן ארוך בסמטי טילדה Tilda,אלסקה/ טילדה,GB,אורז בסמטי טילדה 1 ק,גרמים,1000.00,100 גרם,false,,22.90,0.0229,true,1,149144
5014271360423,false,"מעדן תפוזים לל""ס סאן דלפור 284 גרם",סאן דלפור - שמבור,FR,מעדן תפוז 284 גרם סא,גרמים,284.00,100 גרם,false,,19.90,0.0701,true,1,146084
5035766060253,false,"בירה מרפיס, בירת סטאוט, פחית 500 מ""ל",מרפיס Murphys,GB,בירה מרפיס פחית סטאו,מיליליטרים,500.00,"100 מ""ל",false,,12.90,0.0258,true,1,145344
5060517886486,false,"משקה אנרגיה מונסטר אנרג'י בפחית 500 מ""ל",מונסטר אנרג'י Monster Energy,RS,משקה אנרגיה מונסטר א,מיליליטרים,500.00,"100 מ""ל",false,,7.50,0.0150,true,1,150814
5060517886516,false,"משקה אנרגיה מונסטר אנרג'י זירו בפחית 500 מ""ל",מונסטר אנרג'י Monster Energy,RS,משקה אנרגיה זירו מונ,מיליליטרים,500.00,"100 מ""ל",false,,8.20,0.0164,true,1,150815
5060639128051,false,"משקה אנרגיה מונסטר אולטרה בפחית 500 מ""ל",מונסטר אנרג'י Monster Energy,RS,משקה אנרגיה זירו ללא,מיליליטרים,500.00,"100 מ""ל",false,,7.30,0.0146,true,1,154878
5060751218173,false,"משקה אנרגיה מונסטר אנרג'י piplin punch בפחית 500 מ""ל",מונסטר אנרג'י לימטד,RS,משקה אנרגיה מונסטר 5,מיליליטרים,500.00,"100 מ""ל",false,,7.50,0.0150,true,1,164217
5060751219033,false,"משקה אנרגיה מונסטר אנרג'י זירו paradise בפחית 500 מ""ל",מונסטר אנרג'י לימטד,RS,משקה אנרגיה מונסטר 5,מיליליטרים,500.00,"100 מ""ל",false,,7.50,0.0150,true,1,164218
5200100945200,false,זירו עוגיות קקאו עם,,,זירו עוגיות קקאו עם,גרמים,170.00,100 גרם,false,,13.90,0.0818,true,1,164151
5201583042028,false,סוכ' ל.סוכר טופי פיר,PALLAS,GR,סוכ' ל.סוכר טופי פיר,גרמים,175.00,100 גרם,false,,12.00,0.0686,true,1,162983
5201583115098,false,סוכריות ג'לי פירות 1,PALLAS,,סוכ' ג'לי פירות מש',גרמים,1000.00,100 גרם,false,,29.00,0.0290,true,1,162995
5201940010011,false,זיתים שחורים טבעיים בפח 454 גרם,סיוארס אס.איי,GR,זיתים שחורים טבעיים,גרמים,454.00,100 גרם,false,,15.90,0.0350,true,1,155556
5201940010110,false,זיתים שחורים קלמטה וילי פוד 250 גרם,סיוארס אס.איי,GR,זיתים שחורים מזן קלמ,גרמים,454.00,100 גרם,false,,15.90,0.0350,true,1,155557
5202175001546,false,"נאצוס בטעם ברביקיו לל""ג 225 גרם",אל סבור מקסיקן פוד,TW,נאצ'וס בטעם ברביקיו,גרמים,225.00,100 גרם,false,,10.90,0.0484,true,1,142770
5202287008020,false,צלחות חד פעמיות גדולות,לפיד,,צלחות חד פעמיות גדול,יחידה,50.00,יחידה,false,,12.90,0.2580,true,1,144255
5202287008020,false,צלחות חד פעמיות גדולות,לפיד,,צלחות חד פעמיות גדול,Unknown,50.00,יחידה,false,,12.90,0.2580,true,1,144255
5400265021492,false,פרלין בלגי באריזת מתנה-בורדו 125 גרם,,,בונבוניירת המלט בורד,גרמים,125.00,100 גרם,false,,21.90,0.1752,true,1,160927
5400265022796,false,המלט- שוקוליס דפדפי קריספי 125 גר,HAMLET NV,BE,דפדפי שוקולד חלב פרי,גרמים,125.00,100 גרם,false,,15.00,0.1200,true,1,160928
5400265035932,false,המלט פרלינים אקסלסיום כסף 180 גרם,,BE,פרלינים אקסלסיום כסף,גרמים,180.00,100 גרם,false,,16.90,0.0939,true,1,160939
5400265040479,false,המלט-שוקו סטיקס חלב 100 גרם,,,שוקולד סטיקס חלב המל,גרמים,100.00,100 גרם,false,,12.90,0.1290,true,1,160949
5410126106183,false,עוגיות לוטוס 50 יחידות ארוזות בנפרד 312 גרם,כלורוקס אוקלנד,BE,ביסקויט ביסקפה לוטוס,גרמים,312.00,100 גרם,false,,19.90,0.0638,true,1,141270
5410126116953,false,ממרח ביסקוויט קרמל לוטוס 400 גרם,לוטוס בייקרי בלגיה נ,BE,לוטוס ממרח ביסקוויט,גרמים,400.00,100 גרם,false,,23.90,0.0597,true,1,141271
5411188120957,false,"אלפרו תערובת לבישול על בסיס קוקוס 250 מ""ל",אלפרו C.V.A,BE,קוקוס לבישול אלפרו 2,מיליליטרים,250.00,"100 מ""ל",false,,9.90,0.0396,true,1,159428
5411188121978,false,"משקה סויה בטעם שוקולד 3 * 250 מ""ל אלפרו",אלפרו סי.וי. איי,BE,אלפרו משקה סויה שוקו,מיליליטרים,750.00,"100 מ""ל",false,,14.90,0.0199,true,1,149158
5411188134985,false,אלפרו 3.5% NOT M*LK שיבולת שועל 1 ליטר בית יוסף,הנסיך- מפעל לייצור ט,BE,אלפרו שיבולת שועל 3.,מיליליטרים,1000.00,"100 מ""ל",false,,13.90,0.0139,true,1,157915
5411188135005,false,אלפרו 1.8% NOT M*LK שיבולת שועל 1 ליטר בית יוסף,הנסיך- מפעל לייצור ט,BE,אלפרו שיבולת שועל 1.,מיליליטרים,1000.00,"100 מ""ל",false,,13.90,0.0139,true,1,157917
5411188300328,false,אלפרו סויה שוקו 1 ליטר * 8 יחי,הנסיך- מפעל לייצור ט,BE,אלפרו משקה סויה שוקו,מיליליטרים,1000.00,"100 מ""ל",false,,13.90,0.0139,true,1,146126
5413121351602,false,בונבוניירה BCG לבבות שוקולד 65 גר,BCG,,לבבות שוקולד בלגי בל,גרמים,65.00,100 גרם,false,,9.90,0.1523,true,1,159627
5413548280189,false,קינדר שוקו בון 1 יחידות 125 גרם,פררו - אלבה,BE,מיני ביצי שוקולד חלב,גרמים,125.00,100 גרם,false,,12.70,0.1016,true,1,145207
5420066370025,false,טראפלס בלגי בטעם קפה,,,טראפלס בלגי בטעם קפה,גרמים,150.00,100 גרם,false,,9.90,0.0660,true,1,160969
5566774569129,false,מברשת סיליקון איכותית,,,מברשת סיליקון משובח,יחידה,1.00,יחידה,false,,9.90,9.9000,true,1,150076
5566774569129,false,מברשת סיליקון איכותית,,,מברשת סיליקון משובח,Unknown,1.00,יחידה,false,,9.90,9.9000,true,1,150076
5566774569693,false,סכין שף סנטוקו איכות,,,סכין שף סנטוקו איכות,יחידה,1.00,יחידה,false,,19.90,19.9000,true,1,151183
5566774569693,false,סכין שף סנטוקו איכות,,,סכין שף סנטוקו איכות,Unknown,1.00,יחידה,false,,19.90,19.9000,true,1,151183
5566774574161,false,אלמוגית רב שימושית ק,,,אלמוגית רב שימושית ק,יחידה,1.00,יחידה,false,,9.90,9.9000,true,1,159095
5566774574161,false,אלמוגית רב שימושית ק,,,אלמוגית רב שימושית ק,Unknown,1.00,יחידה,false,,9.90,9.9000,true,1,159095
5566774574192,false,שעון שבת איכותי,,,שעון שבת,יחידה,1.00,יחידה,false,,19.90,19.9000,true,1,159107
5566774574192,false,שעון שבת איכותי,,,שעון שבת,Unknown,1.00,יחידה,false,,19.90,19.9000,true,1,159107
5601008200444,false,עוגיות גודיס טבעות מצופות שוקולד חלב מרבה 150 גרם,הנסיך- מפעל לייצור ט,PT,עוגיות גודיס טבעות מ,גרמים,150.00,100 גרם,false,,6.90,0.0460,true,1,146127
5601008200468,false,עוגיות גודיס טבעות מצופות שוקולד לבו מרבה 150 גרם,קריניציה ויטמינה אס,PT,עוגיות גודיס טבעות מ,גרמים,150.00,100 גרם,false,,6.90,0.0460,true,1,149165
5701932026964,false,"הוטפופ גרעיני תירס להכנת פופקורן במיקרוגל בטעם טבעי, בתוספת מלח, 600 גרם",ליימן מותגים,US,פופקורן למיקרוגל בתו,גרמים,600.00,100 גרם,false,,16.90,0.0282,true,1,148954
5701932026971,false,הוטפופ גרעיני תירס להכנת פופקורן במיקרוגל בטעם חמאה 600 גרם,ליימן מותגים,US,פופקורן למיקרוגל בטע,גרמים,600.00,100 גרם,false,,16.90,0.0282,true,1,148955
5701932026995,false,"הוטפופ גרעיני תירס להכנת פופקורן במיקרוגל בטעם טבעי מופחת שומן, 510 גרם",קריניציה ויטמינה אס,US,פופקורן בטעם טבעי הו,גרמים,510.00,100 גרם,false,,15.90,0.0312,true,1,152687
5711953106590,false,גבינת שמנת ארלה שמנת שום 200 גרם,ארלה פודס אמבה,DK,גבינת שמנת 24% שומן,גרמים,200.00,100 גרם,false,,15.90,0.0795,true,1,150741
5711953148347,false,"גבינת שמנת טבעי ארלה, 300 גרם",ארלה,DK,ארלה גבינת שמנת טבעי,גרמים,300.00,100 גרם,false,,22.90,0.0763,true,1,168492
5740900403215,false,ממרח מחמאת לורפק עם מלח 250 ג',ארלה פודס אמבה,DK,ממרח לורפק עם מלח 25,גרמים,250.00,100 גרם,false,,16.90,0.0676,true,1,146568
5740900403239,false,ממרח לורפק ללא תוספת מלח 250 גר,ארלה פודס אמבה,DK,ממרח לורפק בלי מלח 2,גרמים,250.00,100 גרם,false,,16.90,0.0676,true,1,146570
5740900403260,false,ממרח מחמאת לורפק ללא מלח 27% פחות שומן,ארלה פודס אמבה,DK,ממרח לורפק ללא מלח מ,גרמים,250.00,100 גרם,false,,16.90,0.0676,true,1,146573
5740900403284,false,חמאה ללא מלח 200 גרם לורפק כשרות או קיי,ארלה פודס אמבה,DK,חמאה ללא מלח לורפק 2,גרמים,200.00,100 גרם,false,,11.90,0.0595,true,1,155005
5900020020741,false,חטיפי דגנים נסקוויק בר שוקו שוקו 6*25 גר,נסטלה פולין ברים,PL,חטיף דגני בוקר נסקוו,גרמים,150.00,100 גרם,false,,14.90,0.0993,true,1,145739
5900020024817,false,פיטנס דליס Fitness Delice חטיף דגנים עם שוקולד לבן,נסטלה פולין ברים,PL,פיטנס בר דליס שוקולד,גרמים,135.00,100 גרם,false,,15.90,0.1178,true,1,152504
5900020026552,false,דגני בוקר האני נאט צ'יריוס בטעם דבש ושקדים,נסטלה צרפת איטנקורט,FR,צ'ריוס האני נאט פרוו,גרמים,625.00,100 גרם,false,,23.90,0.0382,true,1,140773
5900020034021,false,חטיף דגנים פיטנס שוקולד בננה 141 גרם,מיוצר עי קונדיטוריית,PL,חטיף דגני בוקר עם שו,גרמים,135.00,100 גרם,false,,14.90,0.1104,true,1,152506
5900020034991,false,דגני בוקר צדפים בטעם שוקולד 450 ג' קראנץ',סי. פי. פולין,PL,דגני בוקר צדפים בטעם,גרמים,450.00,100 גרם,false,,23.90,0.0531,true,1,152970
5900020036407,false,ליון דגני בוקר שוקולד וקרמל נסטלה 480 גרם,נסטלה פולין דגני בוק,PL,דגני בוקר ליון בטעם,גרמים,480.00,100 גרם,false,,23.90,0.0498,true,1,154365
5900020039620,false,פיטנס חטיף דגנים שקדים ודבש פרווה 8 6*23 ג,נסטלה פולין ברים,PL,חטיף דגנים עם שקדים,גרמים,141.00,100 גרם,false,,14.90,0.1057,true,1,157681
5900020041142,false,קורנפלקס פיטנס 500 ג' אסם,נסטלה צרפת איטנקורט,PL,קורנפלקס פיטנס 500,גרמים,500.00,100 גרם,false,,15.90,0.0318,true,1,166449
5900951283963,false,חטיף סניקרס עם חמאת בוטנים Creamy Peanut Butter,סנו מפעלי ברונוס.,PL,חטיף סניקרס קרמי 50,גרמים,50.00,100 גרם,false,,3.90,0.0780,true,1,158192
5901177152613,false,בונבוניירת שוקולד צד,,,בונבוניירת שוקולד צד,גרמים,45.00,100 גרם,false,,6.90,0.1533,true,1,163040
5902198160403,false,XL משקה אנרגיה מוגז ללא סוכר עד 10 קלוריות לפחית 250 מל,"טמפו משקאות בע""\מ",IL,"אקסל 250 TEN מ""ל",מיליליטרים,250.00,"100 מ""ל",false,,4.80,0.0192,true,1,142117
5902581689344,false,ברון שוקולד מריר 70% עם קפה 100 גרם,,PL,שוקולד דק מריר קפה 7,גרמים,100.00,100 גרם,false,,8.90,0.0890,true,1,166105
5904941750312,false,"משקה אנרגיה BLU מוחיטו בודד 250 מ""ל",אקו - ביט,PL,משקה אנרגיה בלו מוחי,מיליליטרים,250.00,"100 מ""ל",false,,4.20,0.0168,true,1,141583
5904941751302,false,"משקה אנרגיה בלו 250 מ""ל- בודד",אקו - ביט,PL,משקה אנרגיה בלו 250,מיליליטרים,250.00,"100 מ""ל",false,,4.20,0.0168,true,1,141584
5904941751524,false,"משקה אנרגיה BLU DAY אבטיח בודד 250 מ""ל",אקו - ביט,PL,משקה אנרגיה בלו אבטי,מיליליטרים,250.00,"100 מ""ל",false,,4.20,0.0168,true,1,146159
5904941751715,false,"משקה אנרגיה בלו קרנברי 250 מ""ל -בודד",אקו - ביט,PL,משקה אנרגיה בלו קרנב,מיליליטרים,250.00,"100 מ""ל",false,,4.20,0.0168,true,1,146160
5904941751920,false,בלו משקה אנרגיה דיי חצי מכמות הקלו250 מל,אקו - ביט,PL,משקה אנרגיה בלו דיי,מיליליטרים,250.00,"100 מ""ל",false,,4.20,0.0168,true,1,146161
5904941751975,false,"בלו משקה אנרגיה דיי ענבים 250 מ""ל",אקו - ביט,PL,משקה אנרגיה בלו ענבי,מיליליטרים,250.00,"100 מ""ל",false,,4.20,0.0168,true,1,156989
5906485301012,false,"משקה אנרגיה XL פחית 250 מ""ל","טמפו משקאות בע""מ",IL,משקה אנרגיה אקסל 250,מיליליטרים,250.00,"100 מ""ל",false,,4.80,0.0192,true,1,142118
5996496000721,false,בונבוניירה רושן דובדבן ליקר שרי 192 גרם,בונבון טטי ק.פ.ט,UA,בונבוניירה 192 גרם C,גרמים,192.00,100 גרם,false,,24.90,0.1297,true,1,159262
5998710131877,false,בונבונטי חטיף דובדבן בשוקולד 36 גרם,,HU,ממתק שוקולד 36 גרם C,גרמים,36.00,100 גרם,false,,4.50,0.1250,true,1,159263
6111094000242,false,תומר קוסקוס דארי דק 500גר,דארי קוספאט אס. איי. או,MA,קוסקוס דק להכנה מהיר,גרמים,500.00,100 גרם,false,,9.90,0.0198,true,1,160659
6253507370600,false,כוסות נייר שתיה חמה,כוסות שתייה חמה 3 ב,,כוסות נייר שתיה חמה,יחידה,50.00,יחידה,false,,12.90,0.2580,true,1,156195
6253507370600,false,כוסות נייר שתיה חמה,כוסות שתייה חמה 3 ב,,כוסות נייר שתיה חמה,Unknown,50.00,יחידה,false,,12.90,0.2580,true,1,156195
6902176502491,false,סלק אדום בוואקום 50,,,סלק מבושל בוואקום,גרמים,500.00,100 גרם,false,,5.90,0.0118,true,1,166390
6902176502507,false,סלק אדום בוואקום 500,,,סלק מבושל בוואקום,גרמים,500.00,100 גרם,false,,5.90,0.0118,true,1,166391
6910191800287,false,אצות נורי בלו 10 דף (ננגטונג),ננטונג היידה אקווטוק,CN,אצות נורי בלו 10 דף,יחידה,10.00,יחידה,false,,11.90,1.1900,true,1,142772
6910191800287,false,אצות נורי בלו 10 דף (ננגטונג),ננטונג היידה אקווטוק,CN,אצות נורי בלו 10 דף,Unknown,10.00,יחידה,false,,11.90,1.1900,true,1,142772
6923634954683,false,סטיקס אבקת סוכריות טעם א,,IL,סיסי סטיקס אבטיח 13,גרמים,13.00,100 גרם,false,,1.50,0.1154,true,1,161692
6926832407074,false,בראל חטיף אורז יפני 100גרם,קסימן די ברייט,CN,חטיף אורז יפני 100 ג,גרמים,100.00,100 גרם,false,,7.90,0.0790,true,1,166458
6930548976243,false,מארז שום הלפרין,,IL,שום ארוז יבוא,יחידה,1.00,יחידה,false,,7.90,7.9000,true,1,152417
6930548976243,false,מארז שום הלפרין,,IL,שום ארוז יבוא,Unknown,1.00,יחידה,false,,7.90,7.9000,true,1,152417
6934931264726,false,קופסת אחסון אניגליש קייק,,,קופסת אחסון אינגלייש,יחידה,1.00,יחידה,false,,9.90,9.9000,true,1,165607
6934931264726,false,קופסת אחסון אניגליש קייק,,,קופסת אחסון אינגלייש,Unknown,1.00,יחידה,false,,9.90,9.9000,true,1,165607
6936613888667,false,שום ארוז יבוא,,,שום ארוז יבוא,יחידה,1.00,יחידה,false,,7.90,7.9000,true,1,164191
6936613888667,false,שום ארוז יבוא,,,שום ארוז יבוא,Unknown,1.00,יחידה,false,,7.90,7.9000,true,1,164191
6970011910237,false,מצית לגז אקדח גדול,,IL,מצת איכותי חדש,יחידה,1.00,יחידה,false,,9.90,9.9000,true,1,158107
6970011910237,false,מצית לגז אקדח גדול,,IL,מצת איכותי חדש,Unknown,1.00,יחידה,false,,9.90,9.9000,true,1,158107
7290000000035,false,תוספת שתיה בקירור,,,תוספת שתיה בקירור,יחידה,0.00,יחידה,false,,1.00,0.0000,true,1,158031
7290000000035,false,תוספת שתיה בקירור,,,תוספת שתיה בקירור,Unknown,0.00,יחידה,false,,1.00,0.0000,true,1,158031
7290000000039,false,שתיה קרה 1.5 ליטר,,,תווי קניה,יחידה,0.00,יחידה,false,,1.00,0.0000,true,1,160457
7290000000039,false,שתיה קרה 1.5 ליטר,,,תווי קניה,Unknown,0.00,יחידה,false,,1.00,0.0000,true,1,160457
7290000000044,false,סופגניה מיני עם תוספ,,,סופגניה מיני עם תוספ,יחידה,1.00,יחידה,false,,4.90,4.9000,true,1,158684
7290000000044,false,סופגניה מיני עם תוספ,,,סופגניה מיני עם תוספ,Unknown,1.00,יחידה,false,,4.90,4.9000,true,1,158684
7290000000300,false,נקניקיות עוף זוגלובק,ביכורי השקמה,,קפוצ'ינו הפוך,יחידה,0.00,יחידה,false,,6.00,0.0000,true,1,144395
7290000000300,false,נקניקיות עוף זוגלובק,ביכורי השקמה,,קפוצ'ינו הפוך,Unknown,0.00,יחידה,false,,6.00,0.0000,true,1,144395
7290000000301,false,אספרסו קצר,,,אספרסו קצר,יחידה,0.00,יחידה,false,,6.00,0.0000,true,1,144396
7290000000301,false,אספרסו קצר,,,אספרסו קצר,Unknown,0.00,יחידה,false,,6.00,0.0000,true,1,144396
7290000000303,false,אספרסו כפול,,,אספרסו כפול,יחידה,0.00,יחידה,false,,8.00,0.0000,true,1,144398
7290000000303,false,אספרסו כפול,,,אספרסו כפול,Unknown,0.00,יחידה,false,,8.00,0.0000,true,1,144398
7290000000311,false,קרואסון ביס בטעמים ח,,,תה ארל גריי,יחידה,0.00,יחידה,false,,5.00,0.0000,true,1,144406
7290000000311,false,קרואסון ביס בטעמים ח,,,תה ארל גריי,Unknown,0.00,יחידה,false,,5.00,0.0000,true,1,144406
7290000000312,false,קולורבי סגול,,,תה ירוק נענע,יחידה,0.00,יחידה,false,,5.00,0.0000,true,1,144407
7290000000312,false,קולורבי סגול,,,תה ירוק נענע,Unknown,0.00,יחידה,false,,5.00,0.0000,true,1,144407
7290000000318,false,שוקו קר/חם קטן,מאפיית דוידוביץ ובני,,שוקו קר/חם קטן,יחידה,0.00,יחידה,false,,8.00,0.0000,true,1,144411
7290000000318,false,שוקו קר/חם קטן,מאפיית דוידוביץ ובני,,שוקו קר/חם קטן,Unknown,0.00,יחידה,false,,8.00,0.0000,true,1,144411
7290000000336,false,כרטיס כניסה לאיי ג'א,,,מיני מאפה ביסקוטי,יחידה,1.00,יחידה,false,,3.00,3.0000,true,1,166365
7290000000336,false,כרטיס כניסה לאיי ג'א,,,מיני מאפה ביסקוטי,Unknown,1.00,יחידה,false,,3.00,3.0000,true,1,166365
7290000000336,false,כרטיס כניסה לאיי ג'א,,,לוף רגיל ארוז,יחידה,1.00,יחידה,false,,0.00,0.0000,true,1,151019
7290000000336,false,כרטיס כניסה לאיי ג'א,,,לוף רגיל ארוז,Unknown,1.00,יחידה,false,,0.00,0.0000,true,1,151019
7290000000339,false,סוכריות/סוכריות גומי,,,סוכריות/סוכריות גומי,קילוגרמים,1.00,"ק""ג",true,,3.90,3.9000,true,1,163820
7290000000351,false,אייס קפה קטן,,,אייס קפה קטן,יחידה,1.00,יחידה,false,,10.00,10.0000,true,1,144425
7290000000351,false,אייס קפה קטן,,,אייס קפה קטן,Unknown,1.00,יחידה,false,,10.00,10.0000,true,1,144425
7290000000374,false,"פטריות שמפיניון בד""ץ (רביבים)",חוות השמפיניון,IL,פטריות שמפיניון א.א.,יחידה,1.00,יחידה,false,,9.90,9.9000,true,1,154978
7290000000374,false,"פטריות שמפיניון בד""ץ (רביבים)",חוות השמפיניון,IL,פטריות שמפיניון א.א.,Unknown,1.00,יחידה,false,,9.90,9.9000,true,1,154978
7290000000411,false,שום יבש יבוא רמי לוי,אראל תוצרת חקלאית בע,IL,שום ארוז יבוא,יחידה,1.00,יחידה,false,,7.90,7.9000,true,1,142208
7290000000411,false,שום יבש יבוא רמי לוי,אראל תוצרת חקלאית בע,IL,שום ארוז יבוא,Unknown,1.00,יחידה,false,,7.90,7.9000,true,1,142208
7290000000472,false,קפוצ'ינו פלוס,"ולדמן ביח""ר לנקניק ו",,קפוצ'ינו פלוס,יחידה,0.00,יחידה,false,,9.00,0.0000,true,1,144433
7290000000472,false,קפוצ'ינו פלוס,"ולדמן ביח""ר לנקניק ו",,קפוצ'ינו פלוס,Unknown,0.00,יחידה,false,,9.00,0.0000,true,1,144433
7290000000585,false,אייס קפה גדול,מעדני מניה תעשיות בש,,אייס קפה גדול,יחידה,0.00,יחידה,false,,12.00,0.0000,true,1,144464
7290000000585,false,אייס קפה גדול,מעדני מניה תעשיות בש,,אייס קפה גדול,Unknown,0.00,יחידה,false,,12.00,0.0000,true,1,144464
7290000000634,false,שקית גופיה סופרקופיק,,,שקית גופיה סופרקופיק,יחידה,1.00,יחידה,false,,0.10,0.1000,true,1,152516
7290000000634,false,שקית גופיה סופרקופיק,,,שקית גופיה סופרקופיק,Unknown,1.00,יחידה,false,,0.10,0.1000,true,1,152516
7290000000839,false,"משקל 39 ש""ח לק""ג",,,"משקל 39 ש""ח לק""ג",קילוגרמים,1.00,"ק""ג",true,,39.00,39.0000,true,1,163817
7290000000869,false,"משקל 69 ש""ח לק""ג",,,"משקל 69 ש""ח לק""ג",קילוגרמים,1.00,"ק""ג",true,,69.00,69.0000,true,1,163650
7290000000960,false,"פקדון רביעיה 1.2 ש""ח",,,"פקדון רביעיה 1.2 ש""ח",יחידה,0.00,יחידה,false,,1.20,0.0000,true,1,155243
7290000000960,false,"פקדון רביעיה 1.2 ש""ח",,,"פקדון רביעיה 1.2 ש""ח",Unknown,0.00,יחידה,false,,1.20,0.0000,true,1,155243
7290000000961,false,"פקדון שישיה 1.8 ש""ח",,,"פקדון שישיה 1.8 ש""ח",יחידה,0.00,יחידה,false,,1.80,0.0000,true,1,155241
7290000000961,false,"פקדון שישיה 1.8 ש""ח",,,"פקדון שישיה 1.8 ש""ח",Unknown,0.00,יחידה,false,,1.80,0.0000,true,1,155241
7290000000998,false,פקדון,,,פקדון,יחידה,0.00,יחידה,false,,0.30,0.0000,true,1,154938
7290000000998,false,פקדון,,,פקדון,Unknown,0.00,יחידה,false,,0.30,0.0000,true,1,154938
7290000001104,false,פטריות חורש מיני ארוז 200 ג',"מרינה פטריות הגליל בע""מ",IL,פטריות פורטבלה ארוז,יחידה,1.00,יחידה,false,,10.90,10.9000,true,1,151029
7290000001104,false,פטריות חורש מיני ארוז 200 ג',"מרינה פטריות הגליל בע""מ",IL,פטריות פורטבלה ארוז,Unknown,1.00,יחידה,false,,10.90,10.9000,true,1,151029
7290000001170,false,מרק עדשים קטן,,,מרק עדשים קטן,יחידה,1.00,יחידה,false,,12.00,12.0000,true,1,155384
7290000001170,false,מרק עדשים קטן,,,מרק עדשים קטן,Unknown,1.00,יחידה,false,,12.00,12.0000,true,1,155384
7290000002004,false,דניש קומבי וויט פטה,Ceko,,סוכריות על מקל,יחידה,0.00,יחידה,false,,1.50,0.0000,true,1,161258
7290000002004,false,דניש קומבי וויט פטה,Ceko,,סוכריות על מקל,Unknown,0.00,יחידה,false,,1.50,0.0000,true,1,161258
7290000003345,false,נביעות מים מינרלים ש,,,נביעות מים מינרלים ש,מיליליטרים,1500.00,"100 מ""ל",false,,5.00,0.0033,true,1,143527
7290000005094,false,תרומה לעיוור-מחזיק מ,,,תרומה לעיוור-מחזיק מ,100 יחידה,1.00,100 יחידה,false,,10.00,10.0000,true,1,168684
7290000009001,false,בננה,,,בננה,קילוגרמים,1.00,"ק""ג",true,,7.70,7.7000,true,1,150431
7290000009001,false,בננה,,,בננה,קילוגרמים,1.00,"ק""ג",true,,7.70,7.7000,true,1,150431
7290000009002,false,לחם בטעמים אגדת לחם,5 יחידות,,עגבניה,קילוגרמים,1.00,"ק""ג",true,,7.70,7.7000,true,1,150432
7290000009002,false,לחם בטעמים אגדת לחם,5 יחידות,,עגבניה,קילוגרמים,1.00,"ק""ג",true,,7.70,7.7000,true,1,150432
7290000009002,false,לחם בטעמים אגדת לחם,5 יחידות,,עגבניה,קילוגרמים,1.00,"ק""ג",true,,7.70,7.7000,true,1,150432
7290000009002,false,לחם בטעמים אגדת לחם,5 יחידות,,עגבניה,קילוגרמים,1.00,"ק""ג",true,,7.70,7.7000,true,1,150432
7290000009003,false,מלפפון ירוק,6 יחידות,,מלפפון ירוק,קילוגרמים,1.00,"ק""ג",true,,7.70,7.7000,true,1,150433
7290000009003,false,מלפפון ירוק,6 יחידות,,מלפפון ירוק,קילוגרמים,1.00,"ק""ג",true,,7.70,7.7000,true,1,150433
7290000009003,false,מלפפון ירוק,6 יחידות,,מלפפון ירוק,קילוגרמים,1.00,"ק""ג",true,,7.70,7.7000,true,1,150433
7290000009003,false,מלפפון ירוק,6 יחידות,,מלפפון ירוק,קילוגרמים,1.00,"ק""ג",true,,7.70,7.7000,true,1,150433
7290000009004,false,לימון,,,לימון,קילוגרמים,1.00,"ק""ג",true,,7.70,7.7000,true,1,150434
7290000009004,false,לימון,,,לימון,קילוגרמים,1.00,"ק""ג",true,,7.70,7.7000,true,1,150434
7290000009005,false,אבוקדו,,,אבוקדו,קילוגרמים,1.00,"ק""ג",true,,10.70,10.7000,true,1,150435
7290000009005,false,אבוקדו,,,אבוקדו,קילוגרמים,1.00,"ק""ג",true,,10.70,10.7000,true,1,150435
7290000009007,false,תפוח עץ ירוק סמיט,4 יחידות,,תפוח עץ ירוק סמיט,קילוגרמים,1.00,"ק""ג",true,,10.90,10.9000,true,1,150437
7290000009007,false,תפוח עץ ירוק סמיט,4 יחידות,,תפוח עץ ירוק סמיט,קילוגרמים,1.00,"ק""ג",true,,10.90,10.9000,true,1,150437
7290000009008,false,תפוח עץ אדום חרמון,4 יחידות,,תפוח עץ אדום חרמון,קילוגרמים,1.00,"ק""ג",true,,9.90,9.9000,true,1,150438
7290000009008,false,תפוח עץ אדום חרמון,4 יחידות,,תפוח עץ אדום חרמון,קילוגרמים,1.00,"ק""ג",true,,9.90,9.9000,true,1,150438
7290000009010,false,פלפל אדום,5 יחידות,,פלפל אדום,קילוגרמים,1.00,"ק""ג",true,,10.70,10.7000,true,1,150439
7290000009010,false,פלפל אדום,5 יחידות,,פלפל אדום,קילוגרמים,1.00,"ק""ג",true,,10.70,10.7000,true,1,150439
7290000009010,false,פלפל אדום,5 יחידות,,פלפל אדום,קילוגרמים,1.00,"ק""ג",true,,10.70,10.7000,true,1,150439
7290000009010,false,פלפל אדום,5 יחידות,,פלפל אדום,קילוגרמים,1.00,"ק""ג",true,,10.70,10.7000,true,1,150439
7290000009011,false,קלמנטינה,,,קלמנטינה,קילוגרמים,1.00,"ק""ג",true,,6.90,6.9000,true,1,150440
7290000009011,false,קלמנטינה,,,קלמנטינה,קילוגרמים,1.00,"ק""ג",true,,6.90,6.9000,true,1,150440
7290000009012,false,אפרסמון,,,אפרסמון,קילוגרמים,1.00,"ק""ג",true,,12.90,12.9000,true,1,150441
7290000009012,false,אפרסמון,,,אפרסמון,קילוגרמים,1.00,"ק""ג",true,,12.90,12.9000,true,1,150441
7290000009013,false,תפוזים,3 יחידות,,תפוזים,קילוגרמים,1.00,"ק""ג",true,,5.90,5.9000,true,1,150442
7290000009013,false,תפוזים,3 יחידות,,תפוזים,קילוגרמים,1.00,"ק""ג",true,,5.90,5.9000,true,1,150442
7290000009013,false,תפוזים,3 יחידות,,תפוזים,קילוגרמים,1.00,"ק""ג",true,,5.90,5.9000,true,1,150442
7290000009013,false,תפוזים,3 יחידות,,תפוזים,קילוגרמים,1.00,"ק""ג",true,,5.90,5.9000,true,1,150442
7290000009014,false,תפוח פינק ליידי,,,תפוח פינק ליידי,קילוגרמים,1.00,"ק""ג",true,,15.90,15.9000,true,1,150443
7290000009014,false,תפוח פינק ליידי,,,תפוח פינק ליידי,קילוגרמים,1.00,"ק""ג",true,,15.90,15.9000,true,1,150443
7290000009015,false,בצל יבש לבן,4 יחידות,,בצל יבש לבן,קילוגרמים,1.00,"ק""ג",true,,4.70,4.7000,true,1,150444
7290000009015,false,בצל יבש לבן,4 יחידות,,בצל יבש לבן,קילוגרמים,1.00,"ק""ג",true,,4.70,4.7000,true,1,150444
7290000009015,false,בצל יבש לבן,4 יחידות,,בצל יבש לבן,קילוגרמים,1.00,"ק""ג",true,,4.70,4.7000,true,1,150444
7290000009015,false,בצל יבש לבן,4 יחידות,,בצל יבש לבן,קילוגרמים,1.00,"ק""ג",true,,4.70,4.7000,true,1,150444
7290000009016,false,בטטה,,,בטטה,קילוגרמים,1.00,"ק""ג",true,,7.70,7.7000,true,1,150445
7290000009016,false,בטטה,,,בטטה,קילוגרמים,1.00,"ק""ג",true,,7.70,7.7000,true,1,150445
7290000009017,false,אגס ירוק,5 יחידות,,אגס ירוק,קילוגרמים,1.00,"ק""ג",true,,12.90,12.9000,true,1,150446
7290000009017,false,אגס ירוק,5 יחידות,,אגס ירוק,קילוגרמים,1.00,"ק""ג",true,,12.90,12.9000,true,1,150446
7290000009018,false,תפוח עץ מוזהב,4 יחידות,,תפוח עץ מוזהב,קילוגרמים,1.00,"ק""ג",true,,9.90,9.9000,true,1,150447
7290000009018,false,תפוח עץ מוזהב,4 יחידות,,תפוח עץ מוזהב,קילוגרמים,1.00,"ק""ג",true,,9.90,9.9000,true,1,150447
7290000009019,false,פלפל צהוב,5 יחידות,,פלפל צהוב,קילוגרמים,1.00,"ק""ג",true,,10.70,10.7000,true,1,150448
7290000009019,false,פלפל צהוב,5 יחידות,,פלפל צהוב,קילוגרמים,1.00,"ק""ג",true,,10.70,10.7000,true,1,150448
7290000009019,false,פלפל צהוב,5 יחידות,,פלפל צהוב,קילוגרמים,1.00,"ק""ג",true,,10.70,10.7000,true,1,150448
7290000009019,false,פלפל צהוב,5 יחידות,,פלפל צהוב,קילוגרמים,1.00,"ק""ג",true,,10.70,10.7000,true,1,150448
7290000009021,false,בצל אדום,4 יחידות,,בצל אדום,קילוגרמים,1.00,"ק""ג",true,,6.70,6.7000,true,1,150450
7290000009021,false,בצל אדום,4 יחידות,,בצל אדום,קילוגרמים,1.00,"ק""ג",true,,6.70,6.7000,true,1,150450
7290000009021,false,בצל אדום,4 יחידות,,בצל אדום,קילוגרמים,1.00,"ק""ג",true,,6.70,6.7000,true,1,150450
7290000009021,false,בצל אדום,4 יחידות,,בצל אדום,קילוגרמים,1.00,"ק""ג",true,,6.70,6.7000,true,1,150450
7290000009022,false,רימון,,,רימון,קילוגרמים,1.00,"ק""ג",true,,8.70,8.7000,true,1,150451
7290000009022,false,רימון,,,רימון,קילוגרמים,1.00,"ק""ג",true,,8.70,8.7000,true,1,150451
7290000009023,false,אננס,,,אננס,יחידה,1.00,יחידה,false,,29.90,29.9000,true,1,150452
7290000009023,false,אננס,,,אננס,Unknown,1.00,יחידה,false,,29.90,29.9000,true,1,150452
7290000009024,false,חציל,3 יחידות,,חציל,קילוגרמים,1.00,"ק""ג",true,,7.90,7.9000,true,1,150453
7290000009024,false,חציל,3 יחידות,,חציל,קילוגרמים,1.00,"ק""ג",true,,7.90,7.9000,true,1,150453
7290000009025,false,פיתה ל.גלוטן 70יח,1 יחידה,,כרוב לבן שלם,קילוגרמים,1.00,"ק""ג",true,,5.70,5.7000,true,1,150454
7290000009025,false,פיתה ל.גלוטן 70יח,1 יחידה,,כרוב לבן שלם,קילוגרמים,1.00,"ק""ג",true,,5.70,5.7000,true,1,150454
7290000009025,false,פיתה ל.גלוטן 70יח,1 יחידה,,כרוב לבן שלם,קילוגרמים,1.00,"ק""ג",true,,5.70,5.7000,true,1,150454
7290000009025,false,פיתה ל.גלוטן 70יח,1 יחידה,,כרוב לבן שלם,קילוגרמים,1.00,"ק""ג",true,,5.70,5.7000,true,1,150454
7290000009026,false,אשכולית אדומה,,,אשכולית אדומה,קילוגרמים,1.00,"ק""ג",true,,6.70,6.7000,true,1,150455
7290000009026,false,אשכולית אדומה,,,אשכולית אדומה,קילוגרמים,1.00,"ק""ג",true,,6.70,6.7000,true,1,150455
7290000009027,false,קיווי,,,קיווי,קילוגרמים,1.00,"ק""ג",true,,12.90,12.9000,true,1,150456
7290000009027,false,קיווי,,,קיווי,קילוגרמים,1.00,"ק""ג",true,,12.90,12.9000,true,1,150456
7290000009030,false,פומלה,,,פומלה,קילוגרמים,1.00,"ק""ג",true,,8.90,8.9000,true,1,150459
7290000009030,false,פומלה,,,פומלה,קילוגרמים,1.00,"ק""ג",true,,8.90,8.9000,true,1,150459
7290000009031,false,פלפל ירוק,5 יחידות,,פלפל ירוק,קילוגרמים,1.00,"ק""ג",true,,9.70,9.7000,true,1,150460
7290000009031,false,פלפל ירוק,5 יחידות,,פלפל ירוק,קילוגרמים,1.00,"ק""ג",true,,9.70,9.7000,true,1,150460
7290000009033,false,כרוב אדום שלם,,,כרוב אדום שלם,קילוגרמים,1.00,"ק""ג",true,,5.70,5.7000,true,1,150462
7290000009033,false,כרוב אדום שלם,,,כרוב אדום שלם,קילוגרמים,1.00,"ק""ג",true,,5.70,5.7000,true,1,150462
7290000009034,false,קולורבי,,,קולורבי,קילוגרמים,1.00,"ק""ג",true,,8.90,8.9000,true,1,150463
7290000009034,false,קולורבי,,,קולורבי,קילוגרמים,1.00,"ק""ג",true,,8.90,8.9000,true,1,150463
7290000009035,false,דלעת ערמונים,,,דלעת ערמונים,קילוגרמים,1.00,"ק""ג",true,,9.90,9.9000,true,1,150464
7290000009035,false,דלעת ערמונים,,,דלעת ערמונים,קילוגרמים,1.00,"ק""ג",true,,9.90,9.9000,true,1,150464
7290000009036,false,דלורית,,,דלורית,קילוגרמים,1.00,"ק""ג",true,,6.90,6.9000,true,1,150465
7290000009036,false,דלורית,,,דלורית,קילוגרמים,1.00,"ק""ג",true,,6.90,6.9000,true,1,150465
7290000009037,false,זוקיני ירוק,,,זוקיני ירוק,קילוגרמים,1.00,"ק""ג",true,,9.70,9.7000,true,1,150466
7290000009037,false,זוקיני ירוק,,,זוקיני ירוק,קילוגרמים,1.00,"ק""ג",true,,9.70,9.7000,true,1,150466
7290000009039,false,פומלית,,,פומלית,קילוגרמים,1.00,"ק""ג",true,,6.70,6.7000,true,1,150468
7290000009039,false,פומלית,,,פומלית,קילוגרמים,1.00,"ק""ג",true,,6.70,6.7000,true,1,150468
7290000009046,false,קישוא,5 יחידות,,קישוא,קילוגרמים,1.00,"ק""ג",true,,8.90,8.9000,true,1,150474
7290000009046,false,קישוא,5 יחידות,,קישוא,קילוגרמים,1.00,"ק""ג",true,,8.90,8.9000,true,1,150474
7290000009046,false,קישוא,5 יחידות,,קישוא,קילוגרמים,1.00,"ק""ג",true,,8.90,8.9000,true,1,150474
7290000009046,false,קישוא,5 יחידות,,קישוא,קילוגרמים,1.00,"ק""ג",true,,8.90,8.9000,true,1,150474
7290000009051,false,"תפו""א לבן תפזורת",3 יחידות,,"תפו""א לבן תפזורת",קילוגרמים,1.00,"ק""ג",true,,4.90,4.9000,true,1,150477
7290000009051,false,"תפו""א לבן תפזורת",3 יחידות,,"תפו""א לבן תפזורת",קילוגרמים,1.00,"ק""ג",true,,4.90,4.9000,true,1,150477
7290000009052,false,"תפו""א אדום תפזורת",3 יחידות,,"תפו""א אדום תפזורת",קילוגרמים,1.00,"ק""ג",true,,5.90,5.9000,true,1,150478
7290000009052,false,"תפו""א אדום תפזורת",3 יחידות,,"תפו""א אדום תפזורת",קילוגרמים,1.00,"ק""ג",true,,5.90,5.9000,true,1,150478
7290000009054,false,פלפל חריף,,,פלפל חריף,קילוגרמים,1.00,"ק""ג",true,,10.90,10.9000,true,1,150480
7290000009054,false,פלפל חריף,,,פלפל חריף,קילוגרמים,1.00,"ק""ג",true,,10.90,10.9000,true,1,150480
7290000009056,false,גבינה מגורדת במש,תנובה חלב,,סלק אדום תפזורת,קילוגרמים,1.00,"ק""ג",true,,4.90,4.9000,true,1,150482
7290000009056,false,גבינה מגורדת במש,תנובה חלב,,סלק אדום תפזורת,קילוגרמים,1.00,"ק""ג",true,,4.90,4.9000,true,1,150482
7290000009061,false,גזר ארוז,,,גזר ארוז,קילוגרמים,1.00,"ק""ג",true,,4.90,4.9000,true,1,150486
7290000009061,false,גזר ארוז,,,גזר ארוז,קילוגרמים,1.00,"ק""ג",true,,4.90,4.9000,true,1,150486
7290000009063,false,כרובית,,,כרובית,יחידה,1.00,יחידה,false,,9.90,9.9000,true,1,150487
7290000009063,false,כרובית,,,כרובית,Unknown,1.00,יחידה,false,,9.90,9.9000,true,1,150487
7290000009075,false,תירס מתוק,,,תירס מתוק,קילוגרמים,1.00,"ק""ג",true,,8.70,8.7000,true,1,150498
7290000009075,false,תירס מתוק,,,תירס מתוק,קילוגרמים,1.00,"ק""ג",true,,8.70,8.7000,true,1,150498
7290000009078,false,פפאיה,,,פפאיה,קילוגרמים,1.00,"ק""ג",true,,17.90,17.9000,true,1,150500
7290000009078,false,פפאיה,,,פפאיה,קילוגרמים,1.00,"ק""ג",true,,17.90,17.9000,true,1,150500
7290000009086,false,מנגו,,,מנגו,קילוגרמים,1.00,"ק""ג",true,,7.70,7.7000,true,1,150504
7290000009086,false,מנגו,,,מנגו,קילוגרמים,1.00,"ק""ג",true,,7.70,7.7000,true,1,150504
7290000009096,false,ענבים שחורים,,,ענבים שחורים,קילוגרמים,1.00,"ק""ג",true,,19.90,19.9000,true,1,150514
7290000009096,false,ענבים שחורים,,,ענבים שחורים,קילוגרמים,1.00,"ק""ג",true,,19.90,19.9000,true,1,150514
7290000009097,false,אגס נאשי,,,אגס נאשי,קילוגרמים,1.00,"ק""ג",true,,14.90,14.9000,true,1,150515
7290000009097,false,אגס נאשי,,,אגס נאשי,קילוגרמים,1.00,"ק""ג",true,,14.90,14.9000,true,1,150515
7290000009104,false,תפוח עץ גלה,4 יחידות,,תפוח עץ גלה,קילוגרמים,1.00,"ק""ג",true,,9.90,9.9000,true,1,150522
7290000009104,false,תפוח עץ גלה,4 יחידות,,תפוח עץ גלה,קילוגרמים,1.00,"ק""ג",true,,9.90,9.9000,true,1,150522
7290000009110,false,אנונה,,,אנונה,קילוגרמים,1.00,"ק""ג",true,,19.90,19.9000,true,1,150528
7290000009110,false,אנונה,,,אנונה,קילוגרמים,1.00,"ק""ג",true,,19.90,19.9000,true,1,150528
7290000009112,false,סוכריית פז,Unknown,,תפוז ברשת,קילוגרמים,1.00,"ק""ג",true,,4.90,4.9000,true,1,150530
7290000009112,false,סוכריית פז,Unknown,,תפוז ברשת,קילוגרמים,1.00,"ק""ג",true,,4.90,4.9000,true,1,150530
7290000009115,false,"תפו""א לבן ארוז",,,"תפו""א לבן ארוז",קילוגרמים,1.00,"ק""ג",true,,5.90,5.9000,true,1,150533
7290000009115,false,"תפו""א לבן ארוז",,,"תפו""א לבן ארוז",קילוגרמים,1.00,"ק""ג",true,,5.90,5.9000,true,1,150533
7290000009116,false,פלפל כתום,5 יחידות,,פלפל כתום,קילוגרמים,1.00,"ק""ג",true,,10.70,10.7000,true,1,150534
7290000009116,false,פלפל כתום,5 יחידות,,פלפל כתום,קילוגרמים,1.00,"ק""ג",true,,10.70,10.7000,true,1,150534
7290000009124,false,שום ארוז יבוא,,,שום ארוז יבוא,יחידה,1.00,יחידה,false,,7.90,7.9000,true,1,151252
7290000009124,false,שום ארוז יבוא,,,שום ארוז יבוא,Unknown,1.00,יחידה,false,,7.90,7.9000,true,1,151252
7290000009143,false,אפרסמון קרמבו,,,אפרסמון קרמבו,קילוגרמים,1.00,"ק""ג",true,,12.90,12.9000,true,1,155036
7290000009143,false,אפרסמון קרמבו,,,אפרסמון קרמבו,קילוגרמים,1.00,"ק""ג",true,,12.90,12.9000,true,1,155036
7290000009145,false,תפוז אדום,,,תפוז אדום,קילוגרמים,1.00,"ק""ג",true,,6.90,6.9000,true,1,155637
7290000009145,false,תפוז אדום,,,תפוז אדום,קילוגרמים,1.00,"ק""ג",true,,6.90,6.9000,true,1,155637
7290000009147,false,תות שדה 500 גרם,,,תות שדה 500 גרם,גרמים,500.00,100 גרם,false,,24.90,0.0498,true,1,155765
7290000009150,false,תפוח אדמה גורמה דוד,,,תפוח אדמה גורמה דוד,קילוגרמים,1.00,"ק""ג",true,,6.90,6.9000,true,1,156256
7290000009150,false,תפוח אדמה גורמה דוד,,,תפוח אדמה גורמה דוד,קילוגרמים,1.00,"ק""ג",true,,6.90,6.9000,true,1,156256
7290000009164,false,גזר תפזורת,,,גזר תפזורת,קילוגרמים,1.00,"ק""ג",true,,6.90,6.9000,true,1,168404
7290000009164,false,גזר תפזורת,,,גזר תפזורת,קילוגרמים,1.00,"ק""ג",true,,6.90,6.9000,true,1,168404
7290000023809,false,"יין קלאסיק קברנה סוביניון ברקן 750 מ""ל",יקבי ברקן שיווק והפצה בע,IL,יין אדום קלאסיק קברנ,מיליליטרים,750.00,"100 מ""ל",false,,32.90,0.0439,true,1,146196
7290000023816,false,"יין קלאסיק אמרלד ריזלינג ברקן 750 מ""ל",יקבי ברקן שיווק והפצה בע,IL,יין לבן חצי יבש קלאס,מיליליטרים,750.00,"100 מ""ל",false,,32.90,0.0439,true,1,146193
7290000023977,false,"יין קלאסיק מרלו ברקן 750 מ""ל",יקבי ברקן שיווק והפצה בע,IL,יין מרלו ברקן קלאסיק,מיליליטרים,750.00,"100 מ""ל",false,,32.90,0.0439,true,1,146194
7290000024219,false,"יין רזרב אמרלד ריזלינג ברקן 750 מ""ל",יקבי ברקן,IL,יין רזרב אמרלד ריזלי,מיליליטרים,750.00,"100 מ""ל",false,,50.20,0.0669,true,1,145039
7290000024219,false,"יין רזרב אמרלד ריזלינג ברקן 750 מ""ל",יקבי ברקן,IL,יין רזרב אמרלד ריזלי,מיליליטרים,750.00,"100 מ""ל",false,,50.20,0.0669,true,1,145043
7290000030554,false,קוביית בלונדיז עטופה,,,קוביית בלונדיז עטופה,יחידה,1.00,יחידה,false,,12.00,12.0000,true,1,155148
7290000030554,false,קוביית בלונדיז עטופה,,,קוביית בלונדיז עטופה,Unknown,1.00,יחידה,false,,12.00,12.0000,true,1,155148
7290000032353,false,מקרון בטעמים,,,מקרון בטעמים,יחידה,1.00,יחידה,false,,5.00,5.0000,true,1,154945
7290000032353,false,מקרון בטעמים,,,מקרון בטעמים,Unknown,1.00,יחידה,false,,5.00,5.0000,true,1,154945
7290000040042,false,יופלה יוגורט תות %3 גביע 150 גרם,תנובה חלב,IL,יופלה יוגורט תות %3,גרמים,150.00,100 גרם,false,,5.00,0.0333,true,1,145407
7290000040974,false,חלב דל לקטוז 2% תנובה קרטון 1 ליטר,תנובה מרכז שיתופי לש,IL,חלב בקרטון דל לקטוז,מיליליטרים,1000.00,"100 מ""ל",false,,6.90,0.0069,true,1,148478
7290000040974,false,חלב דל לקטוז 2% תנובה קרטון 1 ליטר,תנובה מרכז שיתופי לש,IL,חלב בקרטון דל לקטוז,מיליליטרים,1000.00,"100 מ""ל",false,,6.90,0.0069,true,1,150102
7290000041858,false,"שמנת חמוצה 15% מועשרת יטבתה 200 מ""ל",שטראוס גרופ,IL,שמנת חמוצה מועשרת 15,מיליליטרים,200.00,"100 מ""ל",false,,2.40,0.0120,true,1,140363
7290000041865,false,"לבן 4.5% שומן מהדרין ""יטבתה""",שטראוס גרופ,IL,"לבן 4.5% 200 מ""ל",מיליליטרים,200.00,"100 מ""ל",false,,2.00,0.0100,true,1,146574
7290000041872,false,"לבן 3% יטבתה 200מ""ל מהדרין",שטראוס גרופ,IL,"לבן 3% שומן 200 מ""ל",מיליליטרים,200.00,"100 מ""ל",false,,2.00,0.0100,true,1,146575
7290000042435,false,חלב דל שומן בקרטון+פקק תנובה 1 ליטר,תנובה מרכז שיתופי לש,IL,חלב בקרטון תנובה 1%,מיליליטרים,1000.00,"100 מ""ל",false,,5.86,0.0059,true,1,142545
7290000042640,false,"חלב תנובה עמיד 3% קרטון 250 מ""ל",תנובה חלב,IL,"חלב עמיד 250 מ""ל 3%",מיליליטרים,250.00,"100 מ""ל",false,,2.60,0.0104,true,1,151537
7290000042855,false,"שוקו בשקית 250 מ""ל ""יטבתה""",שטראוס גרופ,IL,שוקו בשקית יטבתה 225,מיליליטרים,225.00,"100 מ""ל",false,,2.50,0.0111,true,1,140364
7290000043814,false,השף הלבן שמנת להקצפה 38% שומן 250 מל - מוצר בפיקוח,תנובה מרכז שיתופי לש,IL,השף הלבן שמנת עמידה,מיליליטרים,250.00,"100 מ""ל",false,,6.47,0.0259,true,1,142547
7290000043890,false,תנובה רויון לבן מחלב מפסוטר 1.5%,תנובה מרכז שיתופי לש,IL,רויון 1.5% תנובה 1 ל,מיליליטרים,1000.00,"100 מ""ל",false,,11.30,0.0113,true,1,145410
7290000043944,false,כד יוגורט תנובה 4% שומן 1.5 ליטר,מיוצר עי קונדיטוריית,IL,יוגורט תנובה כד 1.5,מיליליטרים,1500.00,"100 מ""ל",false,,16.30,0.0109,true,1,145411
7290000044248,false,"רויון קרטון 1.5% שומן 500 מ""ל תנובה",תנובה חלב,IL,רויון ביו 1.5% תנובה,מיליליטרים,500.00,"100 מ""ל",false,,6.60,0.0132,true,1,142548
7290000045573,false,גבינת מותכת משולשים 25% שומן 200 ג' נעמה,תנובה חלב,IL,גבינה מותכת נעמה 25%,גרמים,200.00,100 גרם,false,,14.90,0.0745,true,1,145412
7290000045580,false,גבינה מותכת נעמה חורש תנובה 240 גרם,תנובה מרכז שיתופי לש,IL,גבינה מותכת 25% נעמה,גרמים,240.00,100 גרם,false,,17.40,0.0725,true,1,142549
7290000046327,false,גלבוע גבינה צהובה פרוסה 22% תנובה 200 גרם,תנובה מרכז שיתופי לש,IL,גבינה צהובה פרוסה 22,גרמים,200.00,100 גרם,false,,12.90,0.0645,true,1,145413
7290000046327,false,גלבוע גבינה צהובה פרוסה 22% תנובה 200 גרם,תנובה מרכז שיתופי לש,IL,גבינה צהובה פרוסה 22,גרמים,200.00,100 גרם,false,,12.90,0.0645,true,1,145480
7290000047942,false,**תנובה גבינה לבנה מהדרין 9% 250ג,תנובה מרכז שיתופי לש,IL,גבינה לבנה 9% 250 גר,גרמים,250.00,100 גרם,false,,4.98,0.0199,true,1,148602
7290000048185,false,גבינה לבנה 5% תנובה 250 גרם מהדרין,מיוצר עי קונדיטוריית,IL,גבינה לבנה 5% תנובה,גרמים,250.00,100 גרם,false,,4.98,0.0199,true,1,144713
7290000048192,false,גבינה לבנה 9% תנובה 250 גרם מהדרין,מחלבת אלון תבור,IL,גבינה לבנה 9% תנובה,גרמים,250.00,100 גרם,false,,4.98,0.0199,true,1,144708
7290000048307,false,גבינת קוטג' עם זיתים 5% תנובה 250 גרם,מיוצר עי קונדיטוריית,IL,גבינת קוטג' עם זיתים,גרמים,250.00,100 גרם,false,,5.70,0.0228,true,1,156389
7290000048413,false,פיראוס חמד גבינה מלוחה 16% שומן,תנובה מרכז שיתופי לש,IL,גבינת מלוחה חמד 16%,גרמים,250.00,100 גרם,false,,18.30,0.0732,true,1,145415
7290000048437,false,פיראוס צפתית 5% שומן 200 גרם,פארייפאבה אגרואינדוס,IL,גבינה צפתית 5% פיראו,גרמים,200.00,100 גרם,false,,14.90,0.0745,true,1,144630
7290000050447,false,"יוגורט ביו בטעם תות YYY יופלה 500 מ""ל",מיוצר עי קונדיטוריית,IL,יוגורט ביו 3% בטעם ת,מיליליטרים,500.00,"100 מ""ל",false,,12.70,0.0254,true,1,150083
7290000050447,false,"יוגורט ביו בטעם תות YYY יופלה 500 מ""ל",מיוצר עי קונדיטוריית,IL,יוגורט ביו 3% בטעם ת,מיליליטרים,500.00,"100 מ""ל",false,,12.70,0.0254,true,1,150085
7290000050454,false,יוגורט יופלה אפרסק 3% שומן 500 גרם,מיוצר עי קונדיטוריית,IL,יופלה YYY אפרסק 3%,יחידה,0.00,יחידה,false,,12.70,0.0000,true,1,161116
7290000050454,false,יוגורט יופלה אפרסק 3% שומן 500 גרם,מיוצר עי קונדיטוריית,IL,יופלה YYY אפרסק 3%,Unknown,0.00,יחידה,false,,12.70,0.0000,true,1,161116
7290000051307,false,"מארז הפסקת אוכל עם דגני עוגי ומשקה חלב עמיד בטעם וניל 150 מ""ל",תנובה מרכז שיתופי לש,IL,מארז הפסקת בטעם וניל,יחידה,1.00,יחידה,false,,9.90,9.9000,true,1,161137
7290000051307,false,"מארז הפסקת אוכל עם דגני עוגי ומשקה חלב עמיד בטעם וניל 150 מ""ל",תנובה מרכז שיתופי לש,IL,מארז הפסקת בטעם וניל,Unknown,1.00,יחידה,false,,9.90,9.9000,true,1,161137
7290000051376,false,יוגורט יופלה דיאט אננס 0% שומן 150 גרם,תנובה מרכז שיתופי לש,IL,יופלה דיאט אננס גביע,מיליליטרים,150.00,"100 מ""ל",false,,5.00,0.0333,true,1,150093
7290000052311,false,גבינה צהובה עמק לייט 15% שומן 200 גרם,תנובה מרכז שיתופי לש,IL,גבינה צהובה פרוסה 15,גרמים,200.00,100 גרם,false,,15.90,0.0795,true,1,145417
7290000052311,false,גבינה צהובה עמק לייט 15% שומן 200 גרם,תנובה מרכז שיתופי לש,IL,גבינה צהובה פרוסה 15,גרמים,200.00,100 גרם,false,,15.90,0.0795,true,1,145469
7290000052717,false,גבינת קוטג' שום שמיר 5% תנובה 250 גרם,מיוצר עי קונדיטוריית,IL,גבינת קוטג' 5% עם שו,גרמים,250.00,100 גרם,false,,5.70,0.0228,true,1,156388
7290000055015,false,פיראוס גבינת פטה כבשים 5% תנובה 250 גרם,תנובה מרכז שיתופי לש,IL,פיראוס פטה כבשים 5%,גרמים,250.00,100 גרם,false,,26.50,0.1060,true,1,158151
7290000055336,false,"משקה יוגורט 1.5% בטעם בננה אפרסק יופלה 250 מ""ל",תנובה מרכז שיתופי לש,IL,יופלה משקה יוגורט בנ,גרמים,250.00,100 גרם,false,,5.40,0.0216,true,1,142518
7290000055343,false,משקה יוגורט יופלה פירות טרופיים 250 גרם,תנובה מרכז שיתופי לש,IL,יופלה משקה יוגורט טר,גרמים,250.00,100 גרם,false,,5.40,0.0216,true,1,142519
7290000056906,false,מאגדת לבן טבעי 1.5% שומן 8 יח' * 150 ג' יופלה,מחלבת אלון תבור,IL,יוגורט לבן 1.5% יופל,מיליליטרים,1200.00,"100 מ""ל",false,,17.30,0.0144,true,1,152216
7290000056951,false,"תנובה, השף הלבן, שמנת לבישול 15% שומן 500 מל",תנובה מרכז שיתופי לש,IL,שמנת לבישול 15% 500,מיליליטרים,500.00,"100 מ""ל",false,,15.90,0.0318,true,1,152306
7290000057088,false,עמק גבינה צהובה פרוסה דק דק 28% תנובה 200 גרם,תנובה מרכז שיתופי לש,IL,עמק פרוס דק דק 28% 2,גרמים,200.00,100 גרם,false,,15.90,0.0795,true,1,142552
7290000057118,false,גבינה צהובה עמק 28% שומן ואקום 400 גרם,תנובה מרכז שיתופי לש,IL,גבינת עמק קלאסית פרו,גרמים,400.00,100 גרם,false,,20.90,0.0522,true,1,144631
7290000057132,false,יוגורט תנובה טבעי 1.5% גביע 200 גרם,מחלבת אלון תבור,IL,יוגורט ביו תנובה טבע,גרמים,200.00,100 גרם,false,,3.20,0.0160,true,1,145419
7290000057149,false,יוגורט תנובה טבעי 3% גביע 200 גרם,מיוצר עי קונדיטוריית,IL,יוגורט טבעי ביו 3% ת,גרמים,200.00,100 גרם,false,,3.20,0.0160,true,1,145420
7290000058047,false,שמנת להקצפה 38% 500מל מהדרין עמיד השף הלבן,תנובה מרכז שיתופי לש,IL,שמנת להקצפה 38% שומן,מיליליטרים,500.00,"100 מ""ל",false,,12.94,0.0259,true,1,152937
7290000060071,false,אוסם - חטיפי פריכונים מאורז מלא קלוי 80גר,"פרח תעשיות מזון בע""מ.",IL,חטיפי פריכונים אורז,גרמים,80.00,100 גרם,false,,8.20,0.1025,true,1,146972
7290000060088,false,בייגלה מקלות מלוחים אסם 400 גרם,מיוצר עי קונדיטוריית,IL,בייגלה אסם מקלות מלו,גרמים,375.00,100 גרם,false,,9.90,0.0264,true,1,140774
7290000060200,false,פסטה אסם פתיתים אפויים קוסקוס 500גר,"אסם תעשיות בע""מ",IL,פתיתים אפויים קוסקוס,גרמים,500.00,100 גרם,false,,6.90,0.0138,true,1,140776
7290000060217,false,פסטה מקרוני מספר 7 אסם 500 גרם,קריות זול,IT,פסטה מקרוני מספר 7 א,גרמים,500.00,100 גרם,false,,5.90,0.0118,true,1,149314
7290000060248,false,פסטה אסם פתיתים תלתלים 500 גר',קריות זול,IT,פסטה תלתלים פרומנטי,גרמים,500.00,100 גרם,false,,5.90,0.0118,true,1,148700
7290000060408,false,פסטה אסם פתיתים אפויים טבעות 500 גר,"אסם השקעות בע""\מ",IL,פתיתים אפויים טבעות,גרמים,500.00,100 גרם,false,,6.90,0.0138,true,1,148701
7290000060781,false,פסטה אסם פתיתים מסולסלים 500גר,קריות זול,IT,פסטה פוסילי אסם 500,גרמים,500.00,100 גרם,false,,5.90,0.0118,true,1,148703
7290000060828,false,פסטה קרניים בינוניות אסם 500 גרם,קריות זול,IT,פסטה פרומנטי קרניים,גרמים,500.00,100 גרם,false,,5.90,0.0118,true,1,140777
7290000060842,false,פסטה אסם פתיתים צדפים גדולים 500גר,קריות זול,IT,פסטה צדפים אסם 500 ג,גרמים,500.00,100 גרם,false,,5.90,0.0118,true,1,148704
7290000060880,false,פסטה ספגטי מספר 8 אסם 500 גרם,קריות זול,IT,פסטה ספגטי מספר 8 אס,גרמים,500.00,100 גרם,false,,5.90,0.0118,true,1,140778
7290000060903,false,פסטה אסם פתיתים אפויים אורז 500גר,"אסם השקעות בע""\מ",IL,פתיתים אפויים אורז א,גרמים,500.00,100 גרם,false,,6.90,0.0138,true,1,140779
7290000060958,false,פסטה אסם אטריות בינוניות 400 גרם,"אסם השקעות בע""\מ",IL,אטריות בינוניות אסם,גרמים,402.00,100 גרם,false,,6.90,0.0172,true,1,148707
7290000061061,false,קרקר חיטה עם בצל אסם,"אסם השקעות בע""\מ",IL,קרקר חיטה עם בצל אסם,גרמים,250.00,100 גרם,false,,10.90,0.0436,true,1,148709
7290000061085,false,"רוטב צילי מתוק 290 מ""ל-בקבוק","אסם השקעות בע""\מ",IL,רוטב צ'ילי מתוק אסם,מיליליטרים,290.00,"100 מ""ל",false,,10.90,0.0376,true,1,145745
7290000061108,false,"רוטב טריאקי 290 מ""ל-בקבוק","אסם השקעות בע""\מ",IL,רוטב טריאקי אסם 360,מיליליטרים,294.00,"100 מ""ל",false,,10.90,0.0371,true,1,145746
7290000061214,false,פתיתים אפויים קוסקוס עם בצל אסם 500 גרם,"אסם השקעות בע""\מ",IL,פתיתים אפויים קוסקוס,גרמים,500.00,100 גרם,false,,6.90,0.0138,true,1,148710
7290000061764,false,קפה נמס מגורען רד מאג 200 גרם,נסטלה ספרד קפה,ES,קפה נמס מגורען רד מא,גרמים,200.00,100 גרם,false,,21.90,0.1095,true,1,147916
7290000062952,false,אוסם - מיני קרוטונים למרק ולסלט 250 גרם,עינת תעשיות מזון אגו,IL,מיני קרוטונים מתובלי,גרמים,250.00,100 גרם,false,,14.90,0.0596,true,1,146973
7290000063102,false,קמח עוגה תופח מאליו אסם 350 גרם,"אסם השקעות בע""\מ",IL,אסם קמח עוגה תופח מא,גרמים,350.00,100 גרם,false,,4.90,0.0140,true,1,140783
7290000063133,false,אסם שקדי מרק רכיבים טבעיים 24*100גרם,"אסם השקעות בע""מ",IL,אסם שקדי מרק רכיבים,גרמים,100.00,100 גרם,false,,5.90,0.0590,true,1,145580
7290000063140,false,שקדי מרק רכיבים טבעיים בשקית 400 ג' אסם,"אסם תעשיות בע""מ",IL,אסם שקדי מרק רכיבים,גרמים,400.00,100 גרם,false,,11.90,0.0298,true,1,140784
7290000063157,false,"קמח עוגה תופח מאליו אסם 1 ק""ג","אסם השקעות בע""\מ",IL,קמח תופח מאליו אסם 1,גרמים,1000.00,100 גרם,false,,8.90,0.0089,true,1,148466
7290000064758,false,קוסקוס בינוני אמיתי אסם 350 ג',"מיוצר ע""י קוד יצרן K",IL,אסם קוסקוס אמיתי 350,גרמים,350.00,100 גרם,false,,7.90,0.0226,true,1,140787
7290000064871,false,"אוסם - מנה חמה פירה תפו""א עם בצל 56 גרם","אסם תעשיות בע""מ",IL,"מנה חמה פירה תפו""א ו",גרמים,56.00,100 גרם,false,,5.90,0.1054,true,1,140788
7290000065540,false,אוסם - מנה חמה פסטה מוקרמת בטעם עוף 55 גרם,"אסם תעשיות בע""מ",IL,מנה חמה פסטה מוקרמת,גרמים,55.00,100 גרם,false,,5.90,0.1073,true,1,140790
7290000065557,false,אוסם - מנה חמה קוסקוס עם ירקות 84 גרם,"אסם תעשיות מזון בע""מ",IL,מנה חמה קוסקוס וירקו,גרמים,84.00,100 גרם,false,,5.90,0.0702,true,1,140791
7290000065977,false,חטיפי פריכונים תירס שומשום אסם 80 גרם,"פרח תעשיות מזון בע""מ.",IL,חטיפי פריכונים תירס,גרמים,80.00,100 גרם,false,,8.20,0.1025,true,1,148717
7290000066189,false,ביסלי חטיף בטעם פלאפל אסם 200 גרם,"אסם השקעות בע""\מ",IL,ביסלי פלאפל 200 גרם,גרמים,200.00,100 גרם,false,,7.90,0.0395,true,1,153149
7290000066196,false,ביסלי חטיף בטעם גריל אסם 200 גרם,מיוצר עי קונדיטוריית,IL,ביסלי גריל 200 גרם,גרמים,200.00,100 גרם,false,,7.90,0.0395,true,1,153150
7290000066226,false,ביסלי חטיף בטעם פיצה אסם 200 גרם,מיוצר עי קונדיטוריית,IL,ביסלי פיצה 200 גרם,גרמים,200.00,100 גרם,false,,7.90,0.0395,true,1,153153
7290000066295,false,במבה מתוקה מחומרים טבעיים 30 גרם,מיוצר עי קונדיטוריית,IL,במבה מתוקה בטעם תות,גרמים,30.00,100 גרם,false,,2.90,0.0967,true,1,140794
7290000066332,false,אפרופו חטיף תירס אסם 50 גרם,מיוצר עי קונדיטוריית,IL,אפרופו 50 גרם,גרמים,50.00,100 גרם,false,,4.90,0.0980,true,1,140796
7290000066431,false,פופקו חטיף פופקורן בטעם חמאה ודבש אסם 80 גרם,מיוצר עי קונדיטוריית,IL,פופקו חמאה ודבש 80 ג,גרמים,80.00,100 גרם,false,,5.40,0.0675,true,1,140797
7290000067131,false,אסם גלי בזק תות צבע טבעי 88 גרם,מיוצר עי קונדיטוריית,IL,גלי בזק תות כשלפ 88,גרמים,88.00,100 גרם,false,,6.50,0.0739,true,1,140799
7290000067544,false,פירורית זהב פירורי לחם אסם 200 גרם,עינת תעשיות מזון אגו,IL,אסם פירורית פירורי ל,גרמים,200.00,100 גרם,false,,6.40,0.0320,true,1,148723
7290000067599,false,מנה חמה ספגטי ברוטב בולונז אסם 65 גרם,"אסם השקעות בע""\מ",IL,מנה חמה ספגטי בולונז,גרמים,65.00,100 גרם,false,,5.90,0.0908,true,1,140800
7290000067735,false,פרפקטו ניוקי בצקיות תפוחי אדמה 500 ג' אסם,גרנדי פסטי,IT,פרפקטו ניוקי בצקיות,גרמים,500.00,100 גרם,false,,11.90,0.0238,true,1,148528
7290000068138,false,אינסטנט פודינג בטעם וניל אסם 80 גרם,מיוצר עי קונדיטוריית,IL,פודינג אינסטנט בטעם,גרמים,80.00,100 גרם,false,,5.50,0.0688,true,1,140803
7290000068190,false,אסם ג'לי תות שדה צבעים טבעיים 90 גרם,מיוצר עי קונדיטוריית,IL,ג'לי בטעם תות פרווה,גרמים,90.00,100 גרם,false,,6.30,0.0700,true,1,140806
7290000068251,false,אבקה להכנת ג'לי בטעם אננס אסם 85 גרם,מיוצר עי קונדיטוריית,IL,ג'לי בטעם אננס פרווה,גרמים,85.00,100 גרם,false,,6.30,0.0741,true,1,152965
7290000068343,false,אסם פריכונים פרוסות קלויות מלא,"פרח תעשיות מזון בע""מ.",IL,אסם פריכונים מאורז מ,גרמים,140.00,100 גרם,false,,7.90,0.0564,true,1,140809
7290000070308,false,אבקת מרק עוף אמיתי בשרי אסם 400 גרם,"אסם השקעות בע""\מ",IL,אסם מרק עוף אמיתי 40,גרמים,400.00,100 גרם,false,,18.70,0.0467,true,1,140814
7290000072623,false,קטשופ אסם בקבוק לחיץ 750 גרם,"אסם תעשיות בע""מ",IL,קטשופ אסם בקבוק לחיץ,גרמים,750.00,100 גרם,false,,10.90,0.0145,true,1,140816
7290000072753,false,קפה נמס מגורען טסטרס צ'ויס 200 גרם-,נסטלה קוריאה - קפה,KR,קפה נמס מיובש בהקפאה,גרמים,200.00,100 גרם,false,,29.90,0.1495,true,1,140817
7290000072760,false,נסקפה טייסטרס צויס 100 גר אוריגנל,נסטלה קוריאה - קפה,KR,קפה נמס טסטר'ס צ'ויס,גרמים,100.00,100 גרם,false,,24.90,0.2490,true,1,151459
7290000072777,false,קפה נמס מגורען נטול קפאין טסטרס צ'ויס 200 גרם,נסטלה קוריאה - קפה,KR,טייסטר צ'וייס נטול ק,גרמים,200.00,100 גרם,false,,38.90,0.1945,true,1,147632
7290000072968,false,דגני בוקר סיני מיניס חיטה מלאה וקינמון נסטלה 500 גרם,נסטלה פולין דגני בוק,PL,סיני מיניס 500 גרם,גרמים,500.00,100 גרם,false,,23.90,0.0478,true,1,140818
7290000073125,false,מנה חמה פסטה ברוטב עגבניות אסם 62 גרם,"אסם השקעות בע""\מ",IL,מנה חמה פסטה עם עגב.,גרמים,62.00,100 גרם,false,,5.90,0.0952,true,1,145609
7290000073415,false,אוסם - מנה חמה פסטה ברוטב פיצה 61 גרם,"אסם השקעות בע""\מ",IL,מנה חמה פסטה ברוטב פ,גרמים,61.00,100 גרם,false,,5.90,0.0967,true,1,140819
7290000073750,false,מנה חמה נודלס אטר+ירקות טעם עוף 70 גרם,PUB FOODS PRESIDENT THAI,TH,מנה חמה נודלס אטר.+י,גרמים,70.00,100 גרם,false,,5.90,0.0843,true,1,140820
7290000073767,false,מנה חמה נודלס אטר.+ירקות טעם בקר 70 גרם,PUB FOODS PRESIDENT THAI,TH,מנה חמה נודלס אטר.+י,גרמים,70.00,100 גרם,false,,5.90,0.0843,true,1,140821
7290000074153,false,ביסקוויט פתי בר שוקולד אסם 500 גרם,מיוצר עי קונדיטוריית,IL,פתי בר שוקו אסם 500,גרמים,500.00,100 גרם,false,,12.90,0.0258,true,1,140823
7290000074184,false,ביסקוויט פתי בר אסם 500 גרם,"אסם השקעות בע""\מ",IL,פתי בר קלאסי אסם 500,גרמים,500.00,100 גרם,false,,10.90,0.0218,true,1,140824
7290000074245,false,אוסם - קרם קרקר אסם 250 גרם,"אסם השקעות בע""\מ",IL,אסם קרם קרקר 250 גרם,גרמים,250.00,100 גרם,false,,9.90,0.0396,true,1,140825
7290000074276,false,קרקר פיקנטי טבעון 250 ג' אסם,"אסם השקעות בע""\מ",IL,קרקר פיקנטי אסם 250,גרמים,250.00,100 גרם,false,,9.90,0.0396,true,1,148730
7290000074375,false,אוסם - קרקר זהב 150 גרם,"אסם השקעות בע""\מ",IL,אסם קרקר זהב 150 גרם,גרמים,150.00,100 גרם,false,,7.90,0.0527,true,1,140827
7290000074481,false,לחמית אגוזים אסם 160 גרם,"אסם השקעות בע""\מ",IL,לחמית קרקר מקמח חיטה,גרמים,160.00,100 גרם,false,,9.90,0.0619,true,1,140828
7290000075204,false,אוסם - לחמית חיטה מלאה 250 גרם,"אסם השקעות בע""\מ",IL,לחמית קרקר מקמח חיטה,גרמים,250.00,100 גרם,false,,9.50,0.0380,true,1,140830
7290000076133,false,בייגלה שמיניות קטנות עם מלח אסם 400 גרם,"אסם השקעות בע""\מ",IL,בייגלה אסם שמיניה קט,גרמים,400.00,100 גרם,false,,9.90,0.0248,true,1,140831
7290000076645,false,טוסטעים פת קלויה חיטה מלאה אסם 100 גרם,ון דר מולן האלום,NL,אסם טוסטעים חיטה מלא,גרמים,100.00,100 גרם,false,,10.90,0.1090,true,1,148739
7290000077253,false,אוסם - לחמית כפרית עם דגנים מלאים 190 גרם,"אסם השקעות בע""\מ",IL,לחמית כפרית 190 גרם,גרמים,190.00,100 גרם,false,,9.90,0.0521,true,1,140833
7290000078762,false,אוסם - חטיפי פריכונים מאורז מלא בטעם דבש 80גר,סנורייס בלגיום אן. ו,GB,חטיפי פריכונים אורז,גרמים,80.00,100 גרם,false,,8.20,0.1025,true,1,140834
7290000079233,false,קרם קרקר דיאטטי דל נתרן 250 גרם,"אסם תעשיות בע""מ",IL,אסם קרם קרקר דל נתרן,גרמים,250.00,100 גרם,false,,10.90,0.0436,true,1,140835
7290000081663,false,"בייגלה טבעות שומשום אסם 300 גרם בד""ץ",מיוצר עי קונדיטוריית,IL,אסם בייגלה טבעות שומ,גרמים,300.00,100 גרם,false,,9.90,0.0330,true,1,146978
7290000085180,false,גטניו פתי בר וניל 470 גרם,"אחים גטניו בע""מ",IL,גטניו פתי בר 470 גרם,גרמים,470.00,100 גרם,false,,10.90,0.0232,true,1,148421
7290000090016,false,בננה,,,בננה,קילוגרמים,1.00,"ק""ג",true,,7.70,7.7000,true,1,157292
7290000090016,false,בננה,,,בננה,קילוגרמים,1.00,"ק""ג",true,,7.70,7.7000,true,1,157292
7290000090021,false,עגבניה,,,עגבניה,קילוגרמים,1.00,"ק""ג",true,,6.90,6.9000,true,1,157286
7290000090021,false,עגבניה,,,עגבניה,קילוגרמים,1.00,"ק""ג",true,,6.90,6.9000,true,1,157286
7290000090023,false,עגבניה,5 יחידות,,עגבניה,קילוגרמים,1.00,"ק""ג",true,,7.70,7.7000,true,1,157287
7290000090023,false,עגבניה,5 יחידות,,עגבניה,קילוגרמים,1.00,"ק""ג",true,,7.70,7.7000,true,1,157287
7290000090023,false,עגבניה,5 יחידות,,עגבניה,קילוגרמים,1.00,"ק""ג",true,,7.70,7.7000,true,1,157287
7290000090023,false,עגבניה,5 יחידות,,עגבניה,קילוגרמים,1.00,"ק""ג",true,,7.70,7.7000,true,1,157287
7290000090030,false,מלפפון ירוק,6 יחידות,,מלפפון ירוק,קילוגרמים,1.00,"ק""ג",true,,7.70,7.7000,true,1,157304
7290000090030,false,מלפפון ירוק,6 יחידות,,מלפפון ירוק,קילוגרמים,1.00,"ק""ג",true,,7.70,7.7000,true,1,157304
7290000090030,false,מלפפון ירוק,6 יחידות,,מלפפון ירוק,קילוגרמים,1.00,"ק""ג",true,,7.70,7.7000,true,1,157304
7290000090030,false,מלפפון ירוק,6 יחידות,,מלפפון ירוק,קילוגרמים,1.00,"ק""ג",true,,7.70,7.7000,true,1,157304
7290000090047,false,לימון,,,לימון,קילוגרמים,1.00,"ק""ג",true,,7.70,7.7000,true,1,157293
7290000090047,false,לימון,,,לימון,קילוגרמים,1.00,"ק""ג",true,,7.70,7.7000,true,1,157293
7290000090054,false,ממרח חמאה דנית,,,אבוקדו,קילוגרמים,1.00,"ק""ג",true,,10.70,10.7000,true,1,157305
7290000090054,false,ממרח חמאה דנית,,,אבוקדו,קילוגרמים,1.00,"ק""ג",true,,10.70,10.7000,true,1,157305
7290000090078,false,תפוח עץ ירוק סמיט,4 יחידות,,תפוח עץ ירוק סמיט,קילוגרמים,1.00,"ק""ג",true,,10.90,10.9000,true,1,157306
7290000090078,false,תפוח עץ ירוק סמיט,4 יחידות,,תפוח עץ ירוק סמיט,קילוגרמים,1.00,"ק""ג",true,,10.90,10.9000,true,1,157306
7290000090085,false,תפוח עץ אדום חרמון,4 יחידות,,תפוח עץ אדום חרמון,קילוגרמים,1.00,"ק""ג",true,,9.90,9.9000,true,1,157307
7290000090085,false,תפוח עץ אדום חרמון,4 יחידות,,תפוח עץ אדום חרמון,קילוגרמים,1.00,"ק""ג",true,,9.90,9.9000,true,1,157307
7290000090108,false,פלפל אדום,5 יחידות,,פלפל אדום,קילוגרמים,1.00,"ק""ג",true,,10.70,10.7000,true,1,157294
7290000090108,false,פלפל אדום,5 יחידות,,פלפל אדום,קילוגרמים,1.00,"ק""ג",true,,10.70,10.7000,true,1,157294
7290000090108,false,פלפל אדום,5 יחידות,,פלפל אדום,קילוגרמים,1.00,"ק""ג",true,,10.70,10.7000,true,1,157294
7290000090108,false,פלפל אדום,5 יחידות,,פלפל אדום,קילוגרמים,1.00,"ק""ג",true,,10.70,10.7000,true,1,157294
7290000090115,false,קלמנטינה,,,קלמנטינה,קילוגרמים,1.00,"ק""ג",true,,6.90,6.9000,true,1,157308
7290000090115,false,קלמנטינה,,,קלמנטינה,קילוגרמים,1.00,"ק""ג",true,,6.90,6.9000,true,1,157308
7290000090122,false,אפרסמון,,,אפרסמון,קילוגרמים,1.00,"ק""ג",true,,12.90,12.9000,true,1,158416
7290000090122,false,אפרסמון,,,אפרסמון,קילוגרמים,1.00,"ק""ג",true,,12.90,12.9000,true,1,158416
7290000090139,false,תפוזים,3 יחידות,,תפוזים,קילוגרמים,1.00,"ק""ג",true,,5.90,5.9000,true,1,157309
7290000090139,false,תפוזים,3 יחידות,,תפוזים,קילוגרמים,1.00,"ק""ג",true,,5.90,5.9000,true,1,157309
7290000090139,false,תפוזים,3 יחידות,,תפוזים,קילוגרמים,1.00,"ק""ג",true,,5.90,5.9000,true,1,157309
7290000090139,false,תפוזים,3 יחידות,,תפוזים,קילוגרמים,1.00,"ק""ג",true,,5.90,5.9000,true,1,157309
7290000090146,false,תפוח פינק ליידי,,,תפוח פינק ליידי,קילוגרמים,1.00,"ק""ג",true,,15.90,15.9000,true,1,157310
7290000090146,false,תפוח פינק ליידי,,,תפוח פינק ליידי,קילוגרמים,1.00,"ק""ג",true,,15.90,15.9000,true,1,157310
7290000090153,false,בצל יבש לבן,4 יחידות,,בצל יבש לבן,קילוגרמים,1.00,"ק""ג",true,,4.70,4.7000,true,1,157295
7290000090153,false,בצל יבש לבן,4 יחידות,,בצל יבש לבן,קילוגרמים,1.00,"ק""ג",true,,4.70,4.7000,true,1,157295
7290000090153,false,בצל יבש לבן,4 יחידות,,בצל יבש לבן,קילוגרמים,1.00,"ק""ג",true,,4.70,4.7000,true,1,157295
7290000090153,false,בצל יבש לבן,4 יחידות,,בצל יבש לבן,קילוגרמים,1.00,"ק""ג",true,,4.70,4.7000,true,1,157295
7290000090160,false,בטטה,,,בטטה,קילוגרמים,1.00,"ק""ג",true,,7.70,7.7000,true,1,157311
7290000090160,false,בטטה,,,בטטה,קילוגרמים,1.00,"ק""ג",true,,7.70,7.7000,true,1,157311
7290000090177,false,אגס ירוק,5 יחידות,,אגס ירוק,קילוגרמים,1.00,"ק""ג",true,,12.90,12.9000,true,1,157312
7290000090177,false,אגס ירוק,5 יחידות,,אגס ירוק,קילוגרמים,1.00,"ק""ג",true,,12.90,12.9000,true,1,157312
7290000090184,false,תפוח עץ מוזהב,4 יחידות,,תפוח עץ מוזהב,קילוגרמים,1.00,"ק""ג",true,,9.90,9.9000,true,1,157313
7290000090184,false,תפוח עץ מוזהב,4 יחידות,,תפוח עץ מוזהב,קילוגרמים,1.00,"ק""ג",true,,9.90,9.9000,true,1,157313
7290000090191,false,פלפל צהוב,5 יחידות,,פלפל צהוב,קילוגרמים,1.00,"ק""ג",true,,10.70,10.7000,true,1,157314
7290000090191,false,פלפל צהוב,5 יחידות,,פלפל צהוב,קילוגרמים,1.00,"ק""ג",true,,10.70,10.7000,true,1,157314
7290000090191,false,פלפל צהוב,5 יחידות,,פלפל צהוב,קילוגרמים,1.00,"ק""ג",true,,10.70,10.7000,true,1,157314
7290000090191,false,פלפל צהוב,5 יחידות,,פלפל צהוב,קילוגרמים,1.00,"ק""ג",true,,10.70,10.7000,true,1,157314
7290000090214,false,בצל אדום,4 יחידות,,בצל אדום,קילוגרמים,1.00,"ק""ג",true,,6.70,6.7000,true,1,157316
7290000090214,false,בצל אדום,4 יחידות,,בצל אדום,קילוגרמים,1.00,"ק""ג",true,,6.70,6.7000,true,1,157316
7290000090214,false,בצל אדום,4 יחידות,,בצל אדום,קילוגרמים,1.00,"ק""ג",true,,6.70,6.7000,true,1,157316
7290000090214,false,בצל אדום,4 יחידות,,בצל אדום,קילוגרמים,1.00,"ק""ג",true,,6.70,6.7000,true,1,157316
7290000090221,false,רימון,,,רימון,קילוגרמים,1.00,"ק""ג",true,,8.70,8.7000,true,1,157317
7290000090221,false,רימון,,,רימון,קילוגרמים,1.00,"ק""ג",true,,8.70,8.7000,true,1,157317
7290000090238,false,אננס,,,אננס,יחידה,1.00,יחידה,false,,29.90,29.9000,true,1,157318
7290000090238,false,אננס,,,אננס,Unknown,1.00,יחידה,false,,29.90,29.9000,true,1,157318
7290000090245,false,חציל,3 יחידות,,חציל,קילוגרמים,1.00,"ק""ג",true,,7.90,7.9000,true,1,157296
7290000090245,false,חציל,3 יחידות,,חציל,קילוגרמים,1.00,"ק""ג",true,,7.90,7.9000,true,1,157296
7290000090252,false,כרוב לבן שלם,1 יחידה,,כרוב לבן שלם,קילוגרמים,1.00,"ק""ג",true,,5.70,5.7000,true,1,157297
7290000090252,false,כרוב לבן שלם,1 יחידה,,כרוב לבן שלם,קילוגרמים,1.00,"ק""ג",true,,5.70,5.7000,true,1,157297
7290000090252,false,כרוב לבן שלם,1 יחידה,,כרוב לבן שלם,קילוגרמים,1.00,"ק""ג",true,,5.70,5.7000,true,1,157297
7290000090252,false,כרוב לבן שלם,1 יחידה,,כרוב לבן שלם,קילוגרמים,1.00,"ק""ג",true,,5.70,5.7000,true,1,157297
7290000090269,false,אשכולית אדומה,,,אשכולית אדומה,קילוגרמים,1.00,"ק""ג",true,,6.70,6.7000,true,1,157319
7290000090269,false,אשכולית אדומה,,,אשכולית אדומה,קילוגרמים,1.00,"ק""ג",true,,6.70,6.7000,true,1,157319
7290000090276,false,קיווי,,,קיווי,קילוגרמים,1.00,"ק""ג",true,,12.90,12.9000,true,1,157320
7290000090276,false,קיווי,,,קיווי,קילוגרמים,1.00,"ק""ג",true,,12.90,12.9000,true,1,157320
7290000090306,false,פומלה,,,פומלה,קילוגרמים,1.00,"ק""ג",true,,8.90,8.9000,true,1,157321
7290000090306,false,פומלה,,,פומלה,קילוגרמים,1.00,"ק""ג",true,,8.90,8.9000,true,1,157321
7290000090313,false,פלפל ירוק,5 יחידות,,פלפל ירוק,קילוגרמים,1.00,"ק""ג",true,,9.70,9.7000,true,1,157322
7290000090313,false,פלפל ירוק,5 יחידות,,פלפל ירוק,קילוגרמים,1.00,"ק""ג",true,,9.70,9.7000,true,1,157322
7290000090337,false,כרוב אדום שלם,,,כרוב אדום שלם,קילוגרמים,1.00,"ק""ג",true,,5.70,5.7000,true,1,157323
7290000090337,false,כרוב אדום שלם,,,כרוב אדום שלם,קילוגרמים,1.00,"ק""ג",true,,5.70,5.7000,true,1,157323
7290000090344,false,קולורבי,,,קולורבי,קילוגרמים,1.00,"ק""ג",true,,8.90,8.9000,true,1,157324
7290000090344,false,קולורבי,,,קולורבי,קילוגרמים,1.00,"ק""ג",true,,8.90,8.9000,true,1,157324
7290000090351,false,דלעת ערמונים,,,דלעת ערמונים,קילוגרמים,1.00,"ק""ג",true,,9.90,9.9000,true,1,157325
7290000090351,false,דלעת ערמונים,,,דלעת ערמונים,קילוגרמים,1.00,"ק""ג",true,,9.90,9.9000,true,1,157325
7290000090368,false,דלורית,,,דלורית,קילוגרמים,1.00,"ק""ג",true,,6.90,6.9000,true,1,157326
7290000090368,false,דלורית,,,דלורית,קילוגרמים,1.00,"ק""ג",true,,6.90,6.9000,true,1,157326
7290000090375,false,זוקיני ירוק,,,זוקיני ירוק,קילוגרמים,1.00,"ק""ג",true,,9.70,9.7000,true,1,157327
7290000090375,false,זוקיני ירוק,,,זוקיני ירוק,קילוגרמים,1.00,"ק""ג",true,,9.70,9.7000,true,1,157327
7290000090399,false,פומלית,,,פומלית,קילוגרמים,1.00,"ק""ג",true,,6.70,6.7000,true,1,157328
7290000090399,false,פומלית,,,פומלית,קילוגרמים,1.00,"ק""ג",true,,6.70,6.7000,true,1,157328
7290000090467,false,קישוא,5 יחידות,,קישוא,קילוגרמים,1.00,"ק""ג",true,,8.90,8.9000,true,1,157299
7290000090467,false,קישוא,5 יחידות,,קישוא,קילוגרמים,1.00,"ק""ג",true,,8.90,8.9000,true,1,157299
7290000090467,false,קישוא,5 יחידות,,קישוא,קילוגרמים,1.00,"ק""ג",true,,8.90,8.9000,true,1,157299
7290000090467,false,קישוא,5 יחידות,,קישוא,קילוגרמים,1.00,"ק""ג",true,,8.90,8.9000,true,1,157299
7290000090511,false,"תפו""א לבן תפזורת",3 יחידות,,"תפו""א לבן תפזורת",קילוגרמים,1.00,"ק""ג",true,,4.90,4.9000,true,1,157333
7290000090511,false,"תפו""א לבן תפזורת",3 יחידות,,"תפו""א לבן תפזורת",קילוגרמים,1.00,"ק""ג",true,,4.90,4.9000,true,1,157333
7290000090528,false,"תפו""א אדום תפזורת",3 יחידות,,"תפו""א אדום תפזורת",קילוגרמים,1.00,"ק""ג",true,,5.90,5.9000,true,1,157334
7290000090528,false,"תפו""א אדום תפזורת",3 יחידות,,"תפו""א אדום תפזורת",קילוגרמים,1.00,"ק""ג",true,,5.90,5.9000,true,1,157334
7290000090542,false,פלפל חריף,,,פלפל חריף,קילוגרמים,1.00,"ק""ג",true,,10.90,10.9000,true,1,157336
7290000090542,false,פלפל חריף,,,פלפל חריף,קילוגרמים,1.00,"ק""ג",true,,10.90,10.9000,true,1,157336
7290000090566,false,סלק אדום תפזורת,5 יחידות,,סלק אדום תפזורת,קילוגרמים,1.00,"ק""ג",true,,4.90,4.9000,true,1,157300
7290000090566,false,סלק אדום תפזורת,5 יחידות,,סלק אדום תפזורת,קילוגרמים,1.00,"ק""ג",true,,4.90,4.9000,true,1,157300
7290000090610,false,גזר ארוז,,,גזר ארוז,קילוגרמים,1.00,"ק""ג",true,,4.90,4.9000,true,1,157301
7290000090610,false,גזר ארוז,,,גזר ארוז,קילוגרמים,1.00,"ק""ג",true,,4.90,4.9000,true,1,157301
7290000090634,false,כרובית,,,כרובית,יחידה,1.00,יחידה,false,,9.90,9.9000,true,1,157340
7290000090634,false,כרובית,,,כרובית,Unknown,1.00,יחידה,false,,9.90,9.9000,true,1,157340
7290000090757,false,תירס מתוק,,,תירס מתוק,קילוגרמים,1.00,"ק""ג",true,,8.70,8.7000,true,1,157302
7290000090757,false,תירס מתוק,,,תירס מתוק,קילוגרמים,1.00,"ק""ג",true,,8.70,8.7000,true,1,157302
7290000090788,false,פפאיה,,,פפאיה,קילוגרמים,1.00,"ק""ג",true,,17.90,17.9000,true,1,157352
7290000090788,false,פפאיה,,,פפאיה,קילוגרמים,1.00,"ק""ג",true,,17.90,17.9000,true,1,157352
7290000090863,false,מנגו,,,מנגו,קילוגרמים,1.00,"ק""ג",true,,7.70,7.7000,true,1,157594
7290000090863,false,מנגו,,,מנגו,קילוגרמים,1.00,"ק""ג",true,,7.70,7.7000,true,1,157594
7290000090962,false,ענבים שחורים,,,ענבים שחורים,קילוגרמים,1.00,"ק""ג",true,,19.90,19.9000,true,1,157748
7290000090962,false,ענבים שחורים,,,ענבים שחורים,קילוגרמים,1.00,"ק""ג",true,,19.90,19.9000,true,1,157748
7290000090979,false,אגס נאשי,,,אגס נאשי,קילוגרמים,1.00,"ק""ג",true,,14.90,14.9000,true,1,157358
7290000090979,false,אגס נאשי,,,אגס נאשי,קילוגרמים,1.00,"ק""ג",true,,14.90,14.9000,true,1,157358
7290000091044,false,תפוח עץ גלה,4 יחידות,,תפוח עץ גלה,קילוגרמים,1.00,"ק""ג",true,,9.90,9.9000,true,1,157361
7290000091044,false,תפוח עץ גלה,4 יחידות,,תפוח עץ גלה,קילוגרמים,1.00,"ק""ג",true,,9.90,9.9000,true,1,157361
7290000091105,false,אנונה,,,אנונה,קילוגרמים,1.00,"ק""ג",true,,19.90,19.9000,true,1,157365
7290000091105,false,אנונה,,,אנונה,קילוגרמים,1.00,"ק""ג",true,,19.90,19.9000,true,1,157365
7290000091129,false,תפוז ברשת,,,תפוז ברשת,קילוגרמים,1.00,"ק""ג",true,,4.90,4.9000,true,1,157366
7290000091129,false,תפוז ברשת,,,תפוז ברשת,קילוגרמים,1.00,"ק""ג",true,,4.90,4.9000,true,1,157366
7290000091150,false,"תפו""א לבן ארוז",,,"תפו""א לבן ארוז",קילוגרמים,1.00,"ק""ג",true,,5.90,5.9000,true,1,157368
7290000091150,false,"תפו""א לבן ארוז",,,"תפו""א לבן ארוז",קילוגרמים,1.00,"ק""ג",true,,5.90,5.9000,true,1,157368
7290000091167,false,פלפל כתום,5 יחידות,,פלפל כתום,קילוגרמים,1.00,"ק""ג",true,,10.70,10.7000,true,1,157369
7290000091167,false,פלפל כתום,5 יחידות,,פלפל כתום,קילוגרמים,1.00,"ק""ג",true,,10.70,10.7000,true,1,157369
7290000091242,false,שום ארוז יבוא,,,שום ארוז יבוא,יחידה,1.00,יחידה,false,,7.90,7.9000,true,1,157371
7290000091242,false,שום ארוז יבוא,,,שום ארוז יבוא,Unknown,1.00,יחידה,false,,7.90,7.9000,true,1,157371
7290000091433,false,אפרסמון קרמבו,,,אפרסמון קרמבו,קילוגרמים,1.00,"ק""ג",true,,12.90,12.9000,true,1,158418
7290000091433,false,אפרסמון קרמבו,,,אפרסמון קרמבו,קילוגרמים,1.00,"ק""ג",true,,12.90,12.9000,true,1,158418
7290000091457,false,תפוז אדום,,,תפוז אדום,קילוגרמים,1.00,"ק""ג",true,,6.90,6.9000,true,1,157381
7290000091457,false,תפוז אדום,,,תפוז אדום,קילוגרמים,1.00,"ק""ג",true,,6.90,6.9000,true,1,157381
7290000091471,false,תות שדה 500 גרם,,,תות שדה 500 גרם,גרמים,500.00,100 גרם,false,,24.90,0.0498,true,1,157383
7290000091501,false,תפוח אדמה גורמה דוד,,,תפוח אדמה גורמה דוד,קילוגרמים,1.00,"ק""ג",true,,6.90,6.9000,true,1,157386
7290000091501,false,תפוח אדמה גורמה דוד,,,תפוח אדמה גורמה דוד,קילוגרמים,1.00,"ק""ג",true,,6.90,6.9000,true,1,157386
7290000101934,false,מיקס פירות יער מוקפאות 300 ג' סנפרוסט,"סנפרוסט בע""\מ",IL,תערובת פירות יער 100,גרמים,300.00,100 גרם,false,,14.90,0.0497,true,1,161177
7290000101941,false,אננס חתוך מוקפא סנפרוסט 300ג',"סנפרוסט בע""\מ",IL,אננס חתוך 100% פרי ט,גרמים,300.00,100 גרם,false,,17.90,0.0597,true,1,156822
7290000101958,false,מנגו חתוך מוקפא סנפרוסט 300ג',"סנפרוסט בע""\מ",IL,מנגו חתוך 100% פרי ט,גרמים,300.00,100 גרם,false,,14.90,0.0497,true,1,156823
7290000104201,false,אפונה עדינה סנפרוסט 600 גרם,"איי, בי, אינבוו",IL,אפונה עדינה סנפרוסט,גרמים,600.00,100 גרם,false,,17.90,0.0298,true,1,145531
7290000104218,false,סנפרוסט במיה 600 גרם,"איי, בי, אינבוו",IL,במיה סנפרוסט 600 גרם,גרמים,600.00,100 גרם,false,,15.90,0.0265,true,1,161180
7290000104676,false,אפונה קפואה סנפרוסט 800 גרם,"איי, בי, אינבוו",IL,אפונת גינה סנפרוסט 8,גרמים,800.00,100 גרם,false,,17.90,0.0224,true,1,145532
7290000104713,false,פול ירוק סנפרוסט 800 גרם,"איי, בי, אינבוו",IL,תרד סנפרוסט 800 גרם,גרמים,800.00,100 גרם,false,,23.90,0.0299,true,1,161182
7290000104744,false,כרובית סנפרוסט 800 גרם,"סנפרוסט בע""\מ",IL,כרובית 800 גרם סנפרו,גרמים,800.00,100 גרם,false,,24.90,0.0311,true,1,145544
7290000104805,false,גרגירי חומוס מבושלים סנפרוסט 800 גרם,"איי, בי, אינבוו",IL,גרגרי חומוס מבושל סנ,גרמים,800.00,100 גרם,false,,19.90,0.0249,true,1,145538
7290000104805,false,גרגירי חומוס מבושלים סנפרוסט 800 גרם,"איי, בי, אינבוו",IL,גרגרי חומוס מבושל סנ,גרמים,800.00,100 גרם,false,,19.90,0.0249,true,1,145541
7290000104836,false,שעועית ירוקה עדינה שלמה סנפרוסט 600 גרם,"סנפרוסט בע""\מ",IL,שעועית עדינה שלמה סנ,גרמים,600.00,100 גרם,false,,21.90,0.0365,true,1,145533
7290000107165,false,חטיף סויה אדממה סנפרוסט 400 גרם,"איי, בי, אינבוו",IL,פולי סויה אדממה סנפר,גרמים,400.00,100 גרם,false,,14.90,0.0373,true,1,161191
7290000107295,false,תפרחות ברוקולי סנפרוסט 800 גרם,"איי, בי, אינבוו",IL,תפרחות ברוקולי סנפרו,גרמים,800.00,100 גרם,false,,24.90,0.0311,true,1,142613
7290000112220,false,טחינה גולמית שומשום טהור בארכה 500 גרם,"רושדי תעשיות מזון בע""\מ",IL,טחינה גולמית 100% בא,גרמים,500.00,100 גרם,false,,13.90,0.0278,true,1,145749
7290000112497,false,מרק עשיר עוף אטריות קנור 75 גרם - שקיות,יוניליוור ישראל מזון בע\,IL,מרק עשיר עוף עם איטר,גרמים,68.00,100 גרם,false,,11.90,0.1750,true,1,144763
7290000112503,false,מרק עשיר ירקות קנור 69 גרם - שקיות,יוניליוור ישראל מזון בע\,IL,מרק קנור עשיר ירקות,גרמים,61.00,100 גרם,false,,9.30,0.1525,true,1,144764
7290000116884,false,"רוטב ברביקיו קנור 300 גרם בד""צ",יוניליוור ישראל מזון בע\,IL,רוטב ברביקיו פרווה ק,גרמים,350.00,100 גרם,false,,10.90,0.0311,true,1,144765
7290000117720,false,נמס בכוס פטריות קנור 21.5 גרם מארז זוגי,יוניליוור ישראל מזון בע\,IL,נמס בכוס מרק פטריות,גרמים,41.00,100 גרם,false,,6.90,0.1683,true,1,141754
7290000118277,false,כופתאות מצה להכנת מהירה 65 ג' קנור,יוניליוור ישראל מזון בע\,IL,קניידלך כופתאות מצה,גרמים,130.00,100 גרם,false,,10.90,0.0838,true,1,141755
7290000118352,false,לטקס תפוחי אדמה קנור 2*85 גרם,יוניליוור ישראל מזון בעמ,IL,לטקס תפוחי אדמה קנור,גרמים,170.00,100 גרם,false,,13.90,0.0818,true,1,147993
7290000121031,false,החתול המחייך גבינה מותכת 14% מון בלאן 120 גרם,שלושת האופים,IL,גבינה מותכת למריחה ה,גרמים,120.00,100 גרם,false,,10.60,0.0883,true,1,145962
7290000121109,false,גבינה מותכת לייט עם זיתים 7% מון בלאן 120 גרם,האי נאם סי או אל.טי.,IL,מון בלאן זיתים 120 ג,גרמים,120.00,100 גרם,false,,11.40,0.0950,true,1,145966
7290000135045,false,"XL TEN משקה אנרגיה פתוח ללא סוכר 250 מ""ל","טמפו משקאות בע""\מ",IL,פחית XL TEN תפוח 250,מיליליטרים,250.00,"100 מ""ל",false,,4.80,0.0192,true,1,148409
7290000135052,false,"XL TEN משקה אנרגיה מנגו ללא סוכר 250 מ""ל","טמפו משקאות בע""\מ",IL,משקה אנרגיה מוגז בטע,מיליליטרים,250.00,"100 מ""ל",false,,4.80,0.0192,true,1,148410
7290000135113,false,"משקה אנרגיה XL פחית ten נענע ליים 250 מ""ל","טמפו משקאות בע""\מ",IL,פחית XL TEN נענע-ליי,מיליליטרים,250.00,"100 מ""ל",false,,4.80,0.0192,true,1,150141
7290000136141,false,משקה בטעם קולה 1.5ל' פפסי,"טמפו משקאות בע""\מ",IL,פפסי משקה קולה מוגז,מיליליטרים,1500.00,"100 מ""ל",false,,7.80,0.0052,true,1,158988
7290000136158,false,פפסי מקס 1.5 ליטר פיקדון,"טמפו משקאות בע""\מ",IL,פפסי מקס 1.5 ליטר,מיליליטרים,1500.00,"100 מ""ל",false,,7.80,0.0052,true,1,158989
7290000136165,false,משקה מירינדה 1.5ליטר,"טמפו משקאות בע""\מ",IL,מירנדה 1.5 ליטר,מיליליטרים,1500.00,"100 מ""ל",false,,7.80,0.0052,true,1,158990
7290000136172,false,סבן אפ בקבוק 1.5 ליט,"טמפו משקאות בע""\מ",IL,סבן אפ 1.5 ליטר,מיליליטרים,1500.00,"100 מ""ל",false,,7.80,0.0052,true,1,158991
7290000136240,false,סודה 1.5 ליטר שישייה בודד,"טמפו משקאות בע""\מ",IL,מי סודה טמפו 1.5 ליט,מיליליטרים,1500.00,"100 מ""ל",false,,3.80,0.0025,true,1,158993
7290000136516,false,משקה בטעם מנגו פסיפלורה תריסר 1.5 ל' ג'אמפ,טמפו משקאות בעמ,IL,ג'אמפ מנגו פסיפלורה,מיליליטרים,1500.00,"100 מ""ל",false,,7.50,0.0050,true,1,158998
7290000136561,false,משקה בטעם תות בננה תריסר 1.5 ל' ג'אמפ,"טמפו משקאות בע""\מ",IL,ג'אמפ תות בננה 1.5 ל,מיליליטרים,1500.00,"100 מ""ל",false,,7.50,0.0050,true,1,159000
7290000136653,false,דיאט נשר מאלט ללא אלכוהול 1.5 ליטר,"טמפו משקאות בע""\מ",IL,בירה נשר מאלט דיאט 1,מיליליטרים,1500.00,"100 מ""ל",false,,9.20,0.0061,true,1,159003
7290000136660,false,סודה טמפו ליטר וחצי,טמפו,IL,מי סודה טמפו 1.5 ליט,מיליליטרים,1500.00,"100 מ""ל",false,,3.80,0.0025,true,1,159663
7290000136677,false,פפסי קולה פיקדון 1.5 ליטר,טמפו,IL,פפסי משקה קולה מוגז,מיליליטרים,1500.00,"100 מ""ל",false,,7.80,0.0052,true,1,159664
7290000136684,false,פפסי מקס משקה מוגז דל קלוריות בטעם קולה,טמפו,IL,פפסי מקס 1.5 ליטר,מיליליטרים,1500.00,"100 מ""ל",false,,7.80,0.0052,true,1,159665
7290000136707,false,טמפו מירינדה 1.5 ליטר,טמפו,IL,מירנדה 1.5 ליטר,מיליליטרים,1500.00,"100 מ""ל",false,,7.80,0.0052,true,1,159667
7290000136851,false,סבן אפ פיקדון 1.5 ליטר,טמפו,IL,סבן אפ 1.5 ליטר,מיליליטרים,1500.00,"100 מ""ל",false,,7.80,0.0052,true,1,159671
7290000136868,false,סאן בנדטו - מים מינרלים - מארז שישיית 1.5 ליטר,אקווה מינרלה סאן בנדטו ב,IT,מים מינרלים סאן בנדט,ליטרים,9.00,ליטר,false,,20.40,2.2667,true,1,159672
7290000136868,false,סאן בנדטו - מים מינרלים - מארז שישיית 1.5 ליטר,אקווה מינרלה סאן בנדטו ב,IT,מים מינרלים סאן בנדט,קילוגרמים,9.00,ליטר,false,,20.40,2.2667,true,1,159672
7290000137513,false,גלידונית גלידה וניל בציפוי שוקולד 60 יח' קרמיסימו,"גלידת שטראוס בע""\מ, רחוב",IL,קרמיסימו גלידונית ונ,יחידה,60.00,יחידה,false,,43.90,0.7317,true,1,150242
7290000137513,false,גלידונית גלידה וניל בציפוי שוקולד 60 יח' קרמיסימו,"גלידת שטראוס בע""\מ, רחוב",IL,קרמיסימו גלידונית ונ,Unknown,60.00,יחידה,false,,43.90,0.7317,true,1,150242
7290000144160,false,"שמן זית כתית מעולה ארומתי עץ הזית 750 מ""ל","מרקאולאו, ספרד.אבסה,",IT,שמן זית ארומטי עץ הז,מיליליטרים,750.00,"100 מ""ל",false,,33.90,0.0452,true,1,149964
7290000144474,false,שמן עץ הזית קנולה 1 ליטר בריאות מהטבע,שמן תעשיות בעמ,EE,שמן קנולה בריאות עץ,מיליליטרים,1000.00,"100 מ""ל",false,,15.90,0.0159,true,1,149966
7290000158105,false,שניצל עוף מיני דינוזאור ללא אנטיביוטיקה מ100% ר.טבעי,"מוצרי עוף טוב (2001) בע""",IL,שניצל עוף מיני דינוז,גרמים,700.00,100 גרם,false,,34.90,0.0499,true,1,148743
7290000169538,false,"נמס בכוס עגבניות וקרוטונים מרק כשרות בד""ץ 62 ג' קנור",יוניליוור ישראל מזון בע\,IL,נמס בכוס מרק עגבניות,גרמים,62.00,100 גרם,false,,6.90,0.1113,true,1,141765
7290000170053,false,"שוקולד פרה חלב 100 גרם בד""צ לל""ג","שטראוס גרופ בע""\מ.",IL,שוקולד פרה חלב 100 ג,גרמים,100.00,100 גרם,false,,5.90,0.0590,true,1,140365
7290000174723,false,שוקולית אבקה להכנת משקה שוקו 500 גרם,הנסיך- מפעל לייצור ט,IL,שוקולית קופסא עלית 5,גרמים,500.00,100 גרם,false,,11.90,0.0238,true,1,140369
7290000176079,false,קפה עלית טורקי עם הל 100 גרם,הנסיך- מפעל לייצור ט,IL,קפה טורקי עם הל 100,גרמים,100.00,100 גרם,false,,8.90,0.0890,true,1,140370
7290000176420,false,קפה נמס פחית עלית 200 גרם,שטראוס קפה בי.וי,IL,קפה נמס עלית 200 גרם,גרמים,200.00,100 גרם,false,,19.90,0.0995,true,1,140371
7290000176468,false,קפה נמס נטול קפאין 50 ג' קפה האג,"איי, בי, אינבוו",IL,קפה נמס נטול האג עלי,גרמים,50.00,100 גרם,false,,10.90,0.2180,true,1,146442
7290000178707,false,תפוצ'יפס בטעם טבעי 50 גרם,"שטראוס פריטו ליי בע""\מ )",IL,תפוציפס טבעי 50 גרם,גרמים,50.00,100 גרם,false,,4.00,0.0800,true,1,140570
7290000178721,false,תפוצ'יפס בטעם טבעי 200 גרם,"שטראוס פריטו ליי בע""\מ )",IL,תפוציפס 200 גרם,גרמים,200.00,100 גרם,false,,10.90,0.0545,true,1,145094
7290000187860,false,מגבוני טואלט לחים לילי דיספנסר 40יח',עלבד משואות יצחק בעמ,IL,מגבוני נייר טואלט לח,יחידה,56.00,יחידה,false,,7.90,0.1411,true,1,141471
7290000187860,false,מגבוני טואלט לחים לילי דיספנסר 40יח',עלבד משואות יצחק בעמ,IL,מגבוני נייר טואלט לח,Unknown,56.00,יחידה,false,,7.90,0.1411,true,1,141471
7290000202152,false,מאפה קינמון העדה החר,,,מאפה קינמון העדה החר,יחידה,1.00,יחידה,false,,10.00,10.0000,true,1,160033
7290000202152,false,מאפה קינמון העדה החר,,,מאפה קינמון העדה החר,Unknown,1.00,יחידה,false,,10.00,10.0000,true,1,160033
7290000202153,false,בורקס גבינה העדה החר,,,בורקס גבינה העדה החר,יחידה,1.00,יחידה,false,,8.00,8.0000,true,1,160034
7290000202153,false,בורקס גבינה העדה החר,,,בורקס גבינה העדה החר,Unknown,1.00,יחידה,false,,8.00,8.0000,true,1,160034
7290000202157,false,מאפה גבינה מתוקה העד,,,מאפה גבינה מתוקה העד,יחידה,1.00,יחידה,false,,8.00,8.0000,true,1,160038
7290000202157,false,מאפה גבינה מתוקה העד,,,מאפה גבינה מתוקה העד,Unknown,1.00,יחידה,false,,8.00,8.0000,true,1,160038
7290000208114,false,"אפונה וגזר יכין A2 פ""ק בית יוסף","זנלכל בע""\מ",IL,אפונה וגזר יכין 550,גרמים,335.00,100 גרם,false,,8.50,0.0254,true,1,151131
7290000208213,false,שעועית לבנה אפויה A2 ברוטב עגבניות יכין 560ג',היינץ צפון אמריקה מק,IL,שעועית לבנה רוטב עגב,גרמים,355.00,100 גרם,false,,8.90,0.0251,true,1,151133
7290000208329,false,גרעיני תירס מתוק 550 גרם יכין,"זנלכל בע""\מ",IL,גרעיני תירס מתוק יכי,גרמים,335.00,100 גרם,false,,8.50,0.0254,true,1,151135
7290000208428,false,גרגרי חומוס שלם 550 גרם יכין,"זנלכל בע""\מ",IL,חומוס שלם יכין 550 ג,גרמים,550.00,100 גרם,false,,8.90,0.0162,true,1,151137
7290000209012,false,חומץ 1ליטר יכין הדרים,"זנלכל בע""\מ",IL,חומץ 5% יכין 1 ליטר,מיליליטרים,1000.00,"100 מ""ל",false,,5.90,0.0059,true,1,151140
7290000209722,false,רסק עגבניות 28% פריכוז 580 גרם יכין,"זנלכל בע""\מ",IL,רוטב עגבניות פריכוז,גרמים,580.00,100 גרם,false,,10.90,0.0188,true,1,151145
7290000211442,false,"סוגת אורז פרסי קלאסי שקית 1 ק""ג",האי נאם סי או אל.טי.,IL,אורז פרסי קלאסי סוגת,גרמים,1000.00,100 גרם,false,,10.90,0.0109,true,1,145037
7290000211503,false,סוכר לבן ארוז בשקית,"סוגת תעשיות בע""\מ",IL,"סוכר לבן נייר 1 ק""ג",גרמים,1000.00,100 גרם,false,,4.50,0.0045,true,1,145664
7290000229147,false,סלמי בסגנון איטלקי 3,,,סלמי בסגנון איטלקי 3,גרמים,300.00,100 גרם,false,,26.90,0.0897,true,1,146209
7290000238029,false,"בצק עלים צרפתי מרודד מעדנות 1 ק""ג",מיוצר עי קונדיטוריית,IL,בצק עלים צרפתי מרודד,גרמים,1000.00,100 גרם,false,,21.90,0.0219,true,1,145534
7290000238036,false,מלאווח בקופסא מעדנות 700 גרם,מיוצר עי קונדיטוריית,IL,מלאווח מעדנות 700 גר,גרמים,700.00,100 גרם,false,,16.90,0.0241,true,1,142614
7290000238173,false,בורקס גבינה מעדנות 800 גרם,מיוצר עי קונדיטוריית,IL,בורקס גבינה מעדנות 8,גרמים,800.00,100 גרם,false,,19.90,0.0249,true,1,142615
7290000245478,false,"אבקת כביסה לבגדי תינוקות 1.25 ק""ג סוד","הנקל סוד בע""מ",IL,אבקת כביסה בייבי סוד,גרמים,1250.00,100 גרם,false,,12.90,0.0103,true,1,150623
7290000261018,false,חזה עוף ארוז קפוא חת,,,חזה עוף ארוז קפוא חת,קילוגרמים,1.00,"ק""ג",true,,23.90,23.9000,true,1,162212
7290000261018,false,חזה עוף ארוז קפוא חת,,,חזה עוף ארוז קפוא חת,קילוגרמים,1.00,"ק""ג",true,,23.90,23.9000,true,1,162212
7290000261026,false,לבבות עוף ארוז קפוא,,,לבבות עוף ארוז קפוא,קילוגרמים,1.00,"ק""ג",true,,24.90,24.9000,true,1,162220
7290000261026,false,לבבות עוף ארוז קפוא,,,לבבות עוף ארוז קפוא,קילוגרמים,1.00,"ק""ג",true,,24.90,24.9000,true,1,162220
7290000272696,false,עסיס מיץ לימון טבעי משומר 1 ל' אסם,בית-השיטה עסיס תעשיות מז,IL,מיץ לימון משומר מרכז,מיליליטרים,1000.00,"100 מ""ל",false,,9.90,0.0099,true,1,140841
7290000272726,false,חומץ רכיבים רכיבים טבעיים 5% עסיס 1 ליטר,בית-השיטה עסיס תעשיות מז,IL,חומץ טבעי 5% עסיס 1,מיליליטרים,1000.00,"100 מ""ל",false,,6.90,0.0069,true,1,140842
7290000274832,false,כבד עוף ארוז קפוא שק,,,כבד עוף ארוז קפוא שק,קילוגרמים,1.00,"ק""ג",true,,9.90,9.9000,true,1,162249
7290000274832,false,כבד עוף ארוז קפוא שק,,,כבד עוף ארוז קפוא שק,קילוגרמים,1.00,"ק""ג",true,,9.90,9.9000,true,1,162249
7290000281382,false,נתחי פילה דג סלמון ק,,,מעדניה - נתחי פילה ס,קילוגרמים,1.00,"ק""ג",true,,89.90,89.9000,true,1,158384
7290000281382,false,נתחי פילה דג סלמון ק,,,מעדניה - נתחי פילה ס,קילוגרמים,1.00,"ק""ג",true,,89.90,89.9000,true,1,158384
7290000282730,false,נקנקיות עוף 400 גרם,,,נקנקיות עוף 400 גרם,גרמים,400.00,100 גרם,false,,10.90,0.0273,true,1,152284
7290000287492,false,"סנובון נוזל לניקוי אסלות בריח לימון סנו 750 מ""ל","סנו מפעלי ברונוס בע""מ",IL,סנובון נוזלי לימון 7,מיליליטרים,750.00,"100 מ""ל",false,,10.90,0.0145,true,1,145614
7290000287621,false,"אנטי קאלק נוזל לניקוי אסלות סנו 750 מ""ל",מיוצר עי קונדיטוריית,IL,מנקה אסלות wc אנטי ק,מיליליטרים,700.00,"100 מ""ל",false,,11.90,0.0170,true,1,147296
7290000288017,false,אקונומיקה בריח לימון סנו ז'אוול 1 ליטר,"סנו מפעלי ברונוס בע""",IL,סנו זאוול אוקונומיקה,מיליליטרים,1000.00,"100 מ""ל",false,,8.90,0.0089,true,1,147297
7290000288017,false,אקונומיקה בריח לימון סנו ז'אוול 1 ליטר,"סנו מפעלי ברונוס בע""",IL,סנו זאוול אוקונומיקה,מיליליטרים,1000.00,"100 מ""ל",false,,8.90,0.0089,true,1,149278
7290000288048,false,סנו זאוול מרסס מונבלאן 1 ליטר,"סנו מפעלי ברונוס בע""מ",IL,מרסס לבנדר JAVEL 1 ל,מיליליטרים,750.00,"100 מ""ל",false,,18.90,0.0252,true,1,145194
7290000289069,false,סנו - ז'אוול מרסס קצף ניקוי בתוספת אקונומיקה בריח לימון 1 ליטר,"סנו מפעלי ברונוס בע""מ",IL,מרסס לימון JAVEL 1 ל,מיליליטרים,1000.00,"100 מ""ל",false,,18.90,0.0189,true,1,141913
7290000289748,false,"מסיר שומנים לתנורים פורטה פלוס סנו 750 מ""ל","סנו מפעלי ברונוס בע""\מ",IL,מסיר שומנים פורטה פל,מיליליטרים,750.00,"100 מ""ל",false,,14.90,0.0199,true,1,141914
7290000295336,false,סנו מקסימה אבקת כביסה סנסטיב מילוי1.25,סנו מפעלי ברונוס בעמ,IL,מקסימה אבקת כביסה 1.,גרמים,1250.00,100 גרם,false,,14.90,0.0119,true,1,147304
7290000295343,false,"אבקת כביסה מקסימה ביו 1.25 ק""ג סנו",סנו מקסימה,IL,מקסימה אבקת כביסה 1.,גרמים,1250.00,100 גרם,false,,14.90,0.0119,true,1,147305
7290000295558,false,"רדיד אלומיניום רוחב 30 ס""מ סנו סושי 2 יח' 7.5 מטר",מולינו ניקולי s.p.a,TR,צמד רדיד אלומיניום,יחידה,2.00,יחידה,false,,10.90,5.4500,true,1,147308
7290000295558,false,"רדיד אלומיניום רוחב 30 ס""מ סנו סושי 2 יח' 7.5 מטר",מולינו ניקולי s.p.a,TR,צמד רדיד אלומיניום,Unknown,2.00,יחידה,false,,10.90,5.4500,true,1,147308
7290000300900,false,שניצל תירס מרכיבים טבעיים טבעול 750 גרם,עיצובים 2020 (4.8),IL,שניצל תירס הסדרה הקל,גרמים,750.00,100 גרם,false,,27.90,0.0372,true,1,140843
7290000311180,false,ופל ופליתעשיריות מן 250 גרם מארז 10 יחידות,"רוקחמן בע""מ",IL,וופל מן עוגיות 250 ג,יחידה,20.00,יחידה,false,,8.50,0.4250,true,1,151397
7290000311180,false,ופל ופליתעשיריות מן 250 גרם מארז 10 יחידות,"רוקחמן בע""מ",IL,וופל מן עוגיות 250 ג,Unknown,20.00,יחידה,false,,8.50,0.4250,true,1,151397
7290000311203,false,"וופלים בטעם שוקולד ""מן"" 200 גרם",תות ממתקי איכות,IL,וופלים בטעם שוקולד מ,גרמים,200.00,100 גרם,false,,5.50,0.0275,true,1,148685
7290000311210,false,"וופלים בטעם לימון ""מן"" 200 גרם","רוקחמן בע""מ",IL,ופל לימון מן 200 גרם,גרמים,200.00,100 גרם,false,,5.50,0.0275,true,1,148686
7290000311227,false,"וופלים במילוי קרם קפה ""מן"" 200 גרם","רוקחמן בע""מ",IL,וופלים עם קפה מן 200,גרמים,200.00,100 גרם,false,,5.50,0.0275,true,1,151401
7290000311425,false,ופל מצופה עשיריות מן 220 גרם מארז 10 יחידות,תות ממתקי איכות,IL,ופל מצופה אישי מן 10,גרמים,220.00,100 גרם,false,,8.90,0.0405,true,1,148687
7290000311432,false,עוגיות גרנולה קינמון ללא תוספת סוכר 200ג,"רוקחמן בע""מ",IL,עוגיות גרנולה קינמון,גרמים,200.00,100 גרם,false,,11.90,0.0595,true,1,166120
7290000311463,false,מן עוגיות חיטה מלאה חמאה ללא סוכר 200 גרם,"רוקחמן בע""מ",IL,עוגיות חיטה מלאה חמא,גרמים,200.00,100 גרם,false,,11.90,0.0595,true,1,166121
7290000311470,false,מיני ופלים בטעם שוקולד ללא סוכר מן 200 גרם,"רוקחמן בע""מ",IL,מיני וופלים בטעם שוק,גרמים,200.00,100 גרם,false,,12.90,0.0645,true,1,165330
7290000311500,false,מן וופלים בטעם שוקולד 500 ג-נ.ל.פ,"רוקחמן בע""מ",IL,ופלים שוקולד מן 500,גרמים,500.00,100 גרם,false,,9.90,0.0198,true,1,151403
7290000311708,false,מן עוגיות מחיטה מלאה 300 גרם*נ.ל.פ,תות ממתקי איכות,IL,עוגיות חיטה מלאה מן,גרמים,300.00,100 גרם,false,,7.90,0.0263,true,1,151393
7290000311715,false,מן עוגיות כוכבים בטעם שוקולד 300 גרם*נ.ל.פ,תות ממתקי איכות,IL,עוגיות כוכבים בטעם ש,גרמים,300.00,100 גרם,false,,7.90,0.0263,true,1,151394
7290000311722,false,מן עוגיות כוכבים וניל 300 גרם,תות ממתקי איכות,IL,עוגיות כוכבים מן 300,גרמים,300.00,100 גרם,false,,7.90,0.0263,true,1,151399
7290000311845,false,מן עוגיות חיטה מלאה ללא תוספת סוכר 200 ג,"רוקחמן בע""מ",IL,עוגיות חיטה מלאה ללא,גרמים,200.00,100 גרם,false,,11.90,0.0595,true,1,166158
7290000311869,false,מן-וופלים בטעם שוק ללא תוספת סוכר 180ג,תות ממתקי איכות,IL,ופלים בטעם שוקולד לל,גרמים,180.00,100 גרם,false,,9.90,0.0550,true,1,166159
7290000311876,false,מן-וופלים בטעם וניל ללא תוספת סוכר 180ג,"רוקחמן בע""מ",IL,ופלים בטעם וניל ללא,גרמים,180.00,100 גרם,false,,9.90,0.0550,true,1,166160
7290000311883,false,מן עוגיות גרנולה ללא תוספת סוכר 200 גר,תות ממתקי איכות,IL,עוגיות גרנולה ללא תו,גרמים,200.00,100 גרם,false,,11.90,0.0595,true,1,166161
7290000311890,false,מן וופל לימון ללא סוכר 180 גר-חדש,"רוקחמן בע""מ",IL,וופלים בטעם לימון לל,גרמים,180.00,100 גרם,false,,9.90,0.0550,true,1,166122
7290000313290,false,אסם נודלס נודלס אטריות מסולסלות 200גר,תאי פרזידנט פוד בנגק,TH,נודלס אטריות מסולסלו,גרמים,200.00,100 גרם,false,,9.90,0.0495,true,1,152957
7290000318127,false,"נקניקיות ביס 380 גרם ""יחיעם""",מעדני יחיעם 1993,IL,נקניקיות ביס ללא גלו,גרמים,380.00,100 גרם,false,,11.90,0.0313,true,1,150712
7290000318677,false,נקניק סלמי סרוולט יחיעם 150 גרם,מעדני יחיעם 1993,IL,סלמי סרוולט בפריסה ד,גרמים,150.00,100 גרם,false,,24.90,0.1660,true,1,150714
7290000318943,false,פסטרמה של פעם מעושן 1.5% יחיעם 200 גרם,תאי פרזידנט פוד פאבל,IL,פסטרמה של פעם יחיעם,גרמים,200.00,100 גרם,false,,23.90,0.1195,true,1,150715
7290000319063,false,כתף בקר מפולפל יחיעם 150 גרם,מעדני יחיעם,IL,כתף בקר מעושן בציפוי,גרמים,150.00,100 גרם,false,,24.90,0.1660,true,1,150716
7290000319520,false,נקניק סלמי צרפתי יחיעם 100 גרם,מעדני יחיעם 1993,IL,סלמי בסגנון צרפתי 25,גרמים,100.00,100 גרם,false,,19.90,0.1990,true,1,150717
7290000327068,false,שוופס סודה נענע ליים 1.5 ל' בק' בודד,,,סודה אננס טמפו 500 מ,מיליליטרים,500.00,"100 מ""ל",false,,5.20,0.0104,true,1,164766
7290000334684,false,טבעות בצל תפוגן 700 גרם,"תעשיות תפוגן בע""\מ",IL,טבעות בצל תפוגן 700,גרמים,700.00,100 גרם,false,,17.90,0.0256,true,1,153163
7290000340500,false,סלרי חתוך,,,סלרי חתוך,יחידה,1.00,יחידה,false,,5.90,5.9000,true,1,151037
7290000340500,false,סלרי חתוך,,,סלרי חתוך,Unknown,1.00,יחידה,false,,5.90,5.9000,true,1,151037
7290000345208,false,תה כחול קלאסיק ויסוצקי 25 יחידות,תה ויסוצקי,IL,תה קלאסיק מעודן ויסו,יחידה,25.00,יחידה,false,,7.40,0.2960,true,1,147649
7290000345208,false,תה כחול קלאסיק ויסוצקי 25 יחידות,תה ויסוצקי,IL,תה קלאסיק מעודן ויסו,Unknown,25.00,יחידה,false,,7.40,0.2960,true,1,147649
7290000345260,false,תה קלאסיק מעטפות ויסוצקי 25 יחידות,מולינו ניקולי s.p.a,IL,תה קלאסי טעם עשיר וי,יחידה,25.00,יחידה,false,,7.90,0.3160,true,1,145264
7290000345260,false,תה קלאסיק מעטפות ויסוצקי 25 יחידות,מולינו ניקולי s.p.a,IL,תה קלאסי טעם עשיר וי,Unknown,25.00,יחידה,false,,7.90,0.3160,true,1,145264
7290000345277,false,תה ויסוצקי קלאסי אריזה ירוקה מרובעת (50שקיקים),מולינו ניקולי s.p.a,IL,תה קלאסיק מעטפות ויס,יחידה,50.00,יחידה,false,,12.90,0.2580,true,1,147899
7290000345277,false,תה ויסוצקי קלאסי אריזה ירוקה מרובעת (50שקיקים),מולינו ניקולי s.p.a,IL,תה קלאסיק מעטפות ויס,Unknown,50.00,יחידה,false,,12.90,0.2580,true,1,147899
7290000345284,false,תה ויסוצקי קלאסי אריזה ירוקה מרובעת (100 שקיקים),מולינו ניקולי s.p.a,IL,תה קלאסי טעם עשיר וי,יחידה,100.00,יחידה,false,,16.90,0.1690,true,1,145265
7290000345284,false,תה ויסוצקי קלאסי אריזה ירוקה מרובעת (100 שקיקים),מולינו ניקולי s.p.a,IL,תה קלאסי טעם עשיר וי,Unknown,100.00,יחידה,false,,16.90,0.1690,true,1,145265
7290000345291,false,תה ארל גריי ויסוצקי 25 יחידות,תה ויסוצקי,IL,תה ארל גריי ויסוצקי,יחידה,25.00,יחידה,false,,15.90,0.6360,true,1,145266
7290000345291,false,תה ארל גריי ויסוצקי 25 יחידות,תה ויסוצקי,IL,תה ארל גריי ויסוצקי,Unknown,25.00,יחידה,false,,15.90,0.6360,true,1,145266
7290000346120,false,חליטת קינמון הגן הקסום ויסוצקי 25 יחידות,תה ויסוצקי,IL,חליטת קסם הקינמון הג,יחידה,25.00,יחידה,false,,17.90,0.7160,true,1,147933
7290000346120,false,חליטת קינמון הגן הקסום ויסוצקי 25 יחידות,תה ויסוצקי,IL,חליטת קסם הקינמון הג,Unknown,25.00,יחידה,false,,17.90,0.7160,true,1,147933
7290000346199,false,חליטת פירות יער הגן הקסום ויסוצקי 25 יחידות,תה ויסוצקי,IL,חליטת פירות וצמחים פ,יחידה,25.00,יחידה,false,,17.90,0.7160,true,1,147935
7290000346199,false,חליטת פירות יער הגן הקסום ויסוצקי 25 יחידות,תה ויסוצקי,IL,חליטת פירות וצמחים פ,Unknown,25.00,יחידה,false,,17.90,0.7160,true,1,147935
7290000346205,false,חליטת קמומיל הגן הקסום ויסוצקי 25 יחידות,תה ויסוצקי,IL,חליטת קמומיל הגן הקס,יחידה,25.00,יחידה,false,,17.90,0.7160,true,1,145267
7290000346205,false,חליטת קמומיל הגן הקסום ויסוצקי 25 יחידות,תה ויסוצקי,IL,חליטת קמומיל הגן הקס,Unknown,25.00,יחידה,false,,17.90,0.7160,true,1,145267
7290000347738,false,תה ירוק נענע ויסוצקי 25 יחידות,תה ויסוצקי,IL,תה ירוק נענע ויסוצקי,יחידה,25.00,יחידה,false,,24.90,0.9960,true,1,145269
7290000347738,false,תה ירוק נענע ויסוצקי 25 יחידות,תה ויסוצקי,IL,תה ירוק נענע ויסוצקי,Unknown,25.00,יחידה,false,,24.90,0.9960,true,1,145269
7290000347752,false,תה ירוק לימונית ולואיזה 25 שקיקים *1.5 ג'' ויסוצקי,תה ויסוצקי,IL,תה ירוק לימונית ולוא,יחידה,25.00,יחידה,false,,24.90,0.9960,true,1,145270
7290000347752,false,תה ירוק לימונית ולואיזה 25 שקיקים *1.5 ג'' ויסוצקי,תה ויסוצקי,IL,תה ירוק לימונית ולוא,Unknown,25.00,יחידה,false,,24.90,0.9960,true,1,145270
7290000363363,false,קבנוס נקניק מעושן יבש 160 גרם,הנסיך- מפעל לייצור ט,IL,קבנוס מיוחד טירת צבי,גרמים,160.00,100 גרם,false,,14.90,0.0931,true,1,161193
7290000364261,false,"דקניקים, סלסולי פסטרמה כתף בקר מעושנת 120 גרם",הנסיך- מפעל לייצור ט,IL,דקניקים פסטרמה כתף ב,גרמים,120.00,100 גרם,false,,14.90,0.1242,true,1,146204
7290000364278,false,דקניקים סלסולי סלמי איטלקי משובח טירת צבי 120 גרם,הנסיך- מפעל לייצור ט,IL,דקניקים סלמי איטלקי,גרמים,120.00,100 גרם,false,,14.90,0.1242,true,1,146205
7290000367590,false,פסטרמה כפרית וסלמי פריזר כפרי טירת צבי 2*400 גרם,טיב טירת צבי 2000,IL,פסטרמה כפרית וסלמי פ,גרמים,800.00,100 גרם,false,,29.90,0.0374,true,1,155912
7290000369037,false,סלט קוביות בולגרית גבינות ניצן 200 גרם,גבינות אמיר ניצן בעמ,IL,סלט קוביות בולגרית 2,גרמים,200.00,100 גרם,false,,13.90,0.0695,true,1,156373
7290000369617,false,מעדן כדורי פטה בשמן מתובל ניצן 230 גרם,גבינות אמיר ניצן בעמ,IL,מעדן כדורי פטה בשמן,גרמים,230.00,100 גרם,false,,16.90,0.0735,true,1,156375
7290000369709,false,חמאה עירונית בתוספת ריחן ושום טרי גבינות ניצן 100 גרם,גבינות אמיר ניצן בעמ,IL,חמאה עירונית בתוספת,גרמים,100.00,100 גרם,false,,12.90,0.1290,true,1,156376
7290000377612,false,מיץ תפוזים סחוט טבעי פריגת 400 מל,גת גבעת חיים,IL,מיץ פריגת סחוט תפוזי,מיליליטרים,400.00,"100 מ""ל",false,,9.90,0.0248,true,1,143536
7290000379258,false,"חלה מתוקה קונדטוריה ארוזה ""אנג'ל""",מאפיית שלמה א. אנג'\ל בע,IL,חלה קונדיטוריה ארוזה,גרמים,500.00,100 גרם,false,,13.80,0.0276,true,1,152173
7290000408316,false,יוגורט דנונה דל לקטוז 200 גרם,מיוצר עי קונדיטוריית,IL,יוגורט דנונה ביו 3%,גרמים,200.00,100 גרם,false,,3.70,0.0185,true,1,147369
7290000408354,false,יוגורט עם אורז מצופה שוקולד קקאו 175 ג' דנונה,"שטראוס בריאות בע""\מ",IL,דנונה בר פצפוצים 173,גרמים,173.00,100 גרם,false,,4.60,0.0266,true,1,140376
7290000416021,false,ממרח בטעם שוקולד השחר חלבי 500,השחר העולה,IL,ממרח שוקולד השחר 500,גרמים,500.00,100 גרם,false,,13.90,0.0278,true,1,145697
7290000416618,false,"ממרח שוקולד פרווה השחר 400 גרם כשל""פ",השחר העולה תעשייות מ,IL,שוקולד השחר פרווה 40,גרמים,400.00,100 גרם,false,,12.90,0.0323,true,1,145698
7290000419107,false,לנדוור קפה מקורי לבוקר טחון טורקי 100 גרם,קפה לנדוור בע''מ,IL,קפה שחור לנדוור המקו,גרמים,100.00,100 גרם,false,,8.90,0.0890,true,1,148749
7290000419909,false,לנדוור קפה שחור לבוקר טחון טורקי 100 גרם,מולינו ניקולי s.p.a,IL,קפה שחור בטעם אספרסו,גרמים,100.00,100 גרם,false,,7.90,0.0790,true,1,153165
7290000450209,false,פוסידון טונה בהירה בשמן 77 גרם,"מיוצר עי וליגר בעמ,",IL,טונה פוסידון 108 גרם,גרמים,108.00,100 גרם,false,,5.90,0.0546,true,1,145934
7290000450308,false,פוסידון טונה בהירה במי מלח 77 גרם,ויליגר בעמ עבור נטו,IL,נתחי טונה בהירה במי,גרמים,108.00,100 גרם,false,,5.90,0.0546,true,1,145935
7290000453019,false,שמרים טריים לאפייה שקית שמרית 50 ג',"פאקא תעשיות בע""\מ",IL,שימרית שמרים טריים ב,גרמים,50.00,100 גרם,false,,4.50,0.0900,true,1,147370
7290000453200,false,בלילה להכנת פנקייק עם רכיבים ביתיים,"פאקא תעשיות בע""מ",DE,בלילה מצוננת להכנת פ,גרמים,750.00,100 גרם,false,,21.90,0.0292,true,1,157919
7290000453415,false,בצק עלים מצונן ומוכן לאפייה שמרית 300 גרם,"פאקא תעשיות בע""מ",FR,בצק עלים מצונן ומוכן,גרמים,300.00,100 גרם,false,,15.90,0.0530,true,1,155581
7290000453880,false,מרגרינה ללא מלח לאפיה ובישול שמרית 200גר,"פאקא תעשיות בע""מ",IL,מרגרינה ללא מלח לאפי,גרמים,200.00,100 גרם,false,,5.90,0.0295,true,1,146581
7290000462141,false,סחוג אדום תימני מקורי חריף מאוד זהבי 150 גרם,קריניסה ויטמין אס אי,IL,זחוק תימני אדום חריף,גרמים,150.00,100 גרם,false,,7.90,0.0527,true,1,146584
7290000462172,false,סחוג תימני ירוק חריף זהבי הכרם 150 גרם,קריניסה ויטמין אס אי,IL,זחוק תימני ירוק חריף,גרמים,150.00,100 גרם,false,,7.90,0.0527,true,1,146586
7290000467320,false,מלך החומוס אבו מרוואן 400 גרם,סלטי צבר,IL,סלט חומוס אבו מרוואן,גרמים,400.00,100 גרם,false,,13.90,0.0348,true,1,148752
7290000467511,false,ביסלי חטיף ברביקיו אסם 55 ג',"אסם השקעות בע""מ",IL,ביסלי ברביקיו 55 גרם,גרמים,55.00,100 גרם,false,,3.90,0.0709,true,1,140855
7290000467887,false,ביסלי בטעם פיצה 55 גרם אסם,"אסם השקעות בע""מ",IL,ביסלי פיצה 55 גרם,גרמים,55.00,100 גרם,false,,3.90,0.0709,true,1,153169
7290000468747,false,ביסלי חטיף גריל אסם 55 ג',"אסם השקעות בע""\מ",IL,ביסלי גריל 55 גרם,גרמים,55.00,100 גרם,false,,3.90,0.0709,true,1,140856
7290000468877,false,ביסלי בטעם בצל 55 גרם אסם,"אסם השקעות בע""מ",IL,ביסלי בצל 55 גרם,גרמים,55.00,100 גרם,false,,3.90,0.0709,true,1,140857
7290000474502,false,גבינה לבנה טרה 5% מרכיבים טבעיים,הפריט בפיקוח,IL,גבינה לבנה 5% טרה 25,גרמים,250.00,100 גרם,false,,4.98,0.0199,true,1,149492
7290000474540,false,טוב טעם גבינה לבנה 3% טרה 250 גרם,קריות זול,IL,גבינה לבנה חצי קשה 3,גרמים,250.00,100 גרם,false,,11.70,0.0468,true,1,155248
7290000480107,false,קוואקר שיבולת שועל פחית 500 גרם,וולקרס סנקס לימיטד,GB,שיבולת שועל הולנדי ק,גרמים,500.00,100 גרם,false,,13.90,0.0278,true,1,140377
7290000480442,false,קוואקר שיבולת שועל בשקית 500 גרם,פריטו ליי FRITO-LAY,IL,קוואקר שיבולת שועל ש,גרמים,500.00,100 גרם,false,,12.80,0.0256,true,1,145143
7290000481029,false,פיתות בטעם ביתי 10 יחידו,דגנית עין בר תעשיות מזון,IL,מארז פיתות מזרחיות ע,יחידה,10.00,יחידה,false,,10.90,1.0900,true,1,163778
7290000481029,false,פיתות בטעם ביתי 10 יחידו,דגנית עין בר תעשיות מזון,IL,מארז פיתות מזרחיות ע,Unknown,10.00,יחידה,false,,10.90,1.0900,true,1,163778
7290000481043,false,10 פיתות מקמח כוסמין מלא דגנית,דגנית עין בר תעשיות מזון,IL,פיתות כוסמין מלא 10,גרמים,700.00,100 גרם,false,,15.90,0.0227,true,1,158186
7290000481531,false,דגנית עין בר לחמניות אצבע מחיטה מלאה בשקית 750 ג',דגנית עין בר תעשיות מזון,IL,עשיריית לחמניות מחיט,גרמים,750.00,100 גרם,false,,11.90,0.0159,true,1,163780
7290000481883,false,דגנית עין בר מארז לחמניות 10 יח'*75 ג',דגנית עין בר תעשיות מזון,IL,עשיריית לחמניות אצבע,גרמים,750.00,100 גרם,false,,11.90,0.0159,true,1,163781
7290000484747,false,עראק עלית 700 מל 40% כהל,יקב הגליל יוסף גולד ובניו,IL,"ערק עלית הארק 700 מ""",מיליליטרים,700.00,"100 מ""ל",false,,59.90,0.0856,true,1,150114
7290000484747,false,עראק עלית 700 מל 40% כהל,יקב הגליל יוסף גולד ובניו,IL,"ערק עלית הארק 700 מ""",מיליליטרים,700.00,"100 מ""ל",false,,59.90,0.0856,true,1,150373
7290000493183,false,אבקת רוטב פטריות לבשר-30 גרם,"אסם השקעות בע""\מ",IL,אסם אבקת רוטב פטריות,גרמים,30.00,100 גרם,false,,4.00,0.1333,true,1,140859
7290000504025,false,ממתיק סוכרזית פטרייה עלית 300 גרם,אף.סי תבליני בגליל ב,IL,סוכרזית קלאסי פטרייה,יחידה,300.00,יחידה,false,,8.90,0.0297,true,1,145669
7290000504025,false,ממתיק סוכרזית פטרייה עלית 300 גרם,אף.סי תבליני בגליל ב,IL,סוכרזית קלאסי פטרייה,Unknown,300.00,יחידה,false,,8.90,0.0297,true,1,145669
7290000521008,false,יין אדום יבש של סגל750מל,"כרמי צבי - אחים סגל בע""\",IL,יין אדום יבש יקבי סג,מיליליטרים,750.00,"100 מ""ל",false,,21.90,0.0292,true,1,147651
7290000521015,false,"יין לבן יבש של סגל750מ""ל","מיוצר ע""י כרמי צבי-",IL,יין לבן יבש יקבי סגל,מיליליטרים,750.00,"100 מ""ל",false,,21.90,0.0292,true,1,147652
7290000521411,false,יין מרום גליל סינגל מרלו 750 מל,כרמי צבי אחים סגל בע,IL,יין אדום יבש מרלו של,מיליליטרים,750.00,"100 מ""ל",false,,32.90,0.0439,true,1,142140
7290000523224,false,מלח הארץ הים האדום 500 ג' עדין,"חברת מלח הארץ אילת בע""\מ",IL,מלח ים דק מלח הארץ 5,גרמים,500.00,100 גרם,false,,7.90,0.0158,true,1,140741
7290000525969,false,מיץ תפוזים סחוט רכיבים טבעיים פרימור 1 ליטר,"גניר (1992) בע""מ",IL,מיץ תפוזים סחוט פרי,מיליליטרים,1000.00,"100 מ""ל",false,,16.20,0.0162,true,1,146590
7290000530086,false,נקניק סלמי מעושן זוגלובק 600 גרם,נקניק נהריה כשר זוגל,IL,סלמי מעושן 7000 600,גרמים,600.00,100 גרם,false,,29.90,0.0498,true,1,152508
7290000530116,false,נקניק סלמי מעושן בשן 470 ג' זוגלובק,נקניק נהריה כשר זוגל,IL,נקניק סלמי בשן 470 ג,גרמים,470.00,100 גרם,false,,24.90,0.0530,true,1,161935
7290000530291,false,נקניק מבשר הודו קטן זוגלובק 750 גרם,נקניק נהריה כשר זוגל,IL,נקניק מבשר הודו קטן,גרמים,750.00,100 גרם,false,,19.90,0.0265,true,1,152509
7290000530413,false,המבורגר זהב זוגלובק 400 גרם,נקניק נהריה כשר זוגל,IL,המבורגר זהב 400 גרם,גרמים,400.00,100 גרם,false,,19.90,0.0497,true,1,145209
7290000530598,false,נקניקיות עוף וינר זוגלובק 500 גרם,נקניק נהריה כשר זוגל,IL,נקניקיות וינר 500 גר,גרמים,500.00,100 גרם,false,,15.80,0.0316,true,1,151304
7290000530604,false,נקניקיות וינר חריפות גוליבר 500ג זוגלובק,נקניק נהריה כשר זוגל,IL,נקניקיות חריפות 400,גרמים,400.00,100 גרם,false,,14.90,0.0373,true,1,151305
7290000530703,false,פסטרמה חרמון כפרית ונקניק תה מעושן זוגלובק 2*400 גרם,נקניק נהריה כשר זוגל,IL,תה מעושן 400 גרם + פ,גרמים,800.00,100 גרם,false,,29.90,0.0374,true,1,145210
7290000537566,false,נקניקיות עוף טרי 400 ג' זוגלובק,נקניק נהריה כשר זוגל,IL,נקניקיות עוף זוגלובק,גרמים,400.00,100 גרם,false,,12.90,0.0323,true,1,145214
7290000537603,false,"נקניקיות עוף זוגלובק 1 ק""ג",זוגלובק,IL,"נקניקיות עוף 1 ק""ג",גרמים,1000.00,100 גרם,false,,25.90,0.0259,true,1,151576
7290000538105,false,נקניק סלמי סרוולד 200 ג' זוגלובק,נקניק נהריה כשר זוגל,,סרבלד 200 גרם,גרמים,200.00,100 גרם,false,,38.90,0.1945,true,1,161937
7290000538709,false,נקניק סלמי תה מעושן זוגלובק 200 גרם,זוגלובק,IL,תה מעושן זוגלובק 200,גרמים,200.00,100 גרם,false,,14.90,0.0745,true,1,146914
7290000552569,false,סטייקבורגר בקר טיבון ויל 400 גרם,"טיבון ויל אחזקות בע""\מ",IL,סטייק בורגר 400 גרם,גרמים,400.00,100 גרם,false,,19.90,0.0497,true,1,145970
7290000554402,false,מעדן חלב מלבי 5% גד 170 גרם,"מיוצר ע""\י קוד יצרן EDNK",IL,מעדן חלב מלבי גד 160,גרמים,160.00,100 גרם,false,,5.50,0.0344,true,1,145797
7290000554457,false,גבינה צפתית במליחות עדינה 5% גד 350 גרם,"מחלבות גד בע""\מ",IL,גבינה צפתית 5% גד 35,גרמים,350.00,100 גרם,false,,21.90,0.0626,true,1,145790
7290000554471,false,נקניק מוצרלה 22 אחוז 180גרם גד מהדרין,"מחלבות גד בע""\מ",IL,גבינת מוצרלה 22% גד,גרמים,180.00,100 גרם,false,,17.90,0.0994,true,1,145791
7290000554532,false,גבינה צפתית מעודנת במלח ים 5% 200 ג' גד,הנסיך- מפעל לייצור ט,IL,צפתית מעודנת 5% מחלב,גרמים,200.00,100 גרם,false,,14.60,0.0730,true,1,143645
7290000554600,false,מוצרלה מגורדת 22 אחוז 300גרם גד מהדרין,מחלבות גד בעמ,IL,גבינת מוצרלה מגורדת,גרמים,300.00,100 גרם,false,,24.90,0.0830,true,1,145792
7290000554624,false,מעדן חלב ירח מתוק עם אורז 3% גד 150 גרם,"מיוצר ע""\י קוד יצרן EDNK",IL,מעדן ירח מתוק 3% 150,גרמים,150.00,100 גרם,false,,5.90,0.0393,true,1,143646
7290000554686,false,גבינת לאבנה בתוספת שמן זית וזעתר 5% גד 250 גרם,מחלבות גד בעמ,IL,גבינת לאבנה בשמן זית,גרמים,250.00,100 גרם,false,,15.00,0.0600,true,1,143647
7290000554822,false,ריקוטה גבינה לבנה בסגנון איטלקי 5% גד 250 גרם,מחלבות גד בעמ,IL,ריקוטה 5% 250 גרם,גרמים,250.00,100 גרם,false,,14.90,0.0596,true,1,143648
7290000554839,false,מסקרפונה שמנת מתוקה קשה בסגנון איטלקי 40% גד 250 גרם,מחלבות גד בעמ,IL,גבינת מסקרפונה 40% ג,גרמים,250.00,100 גרם,false,,19.90,0.0796,true,1,145793
7290000572208,false,חלוה בטעם וניל אחווה 100 גרם,שוורצקוף& הנקל דיסלד,IL,חלווה אחווה 100 גרם,גרמים,100.00,100 גרם,false,,2.90,0.0290,true,1,141989
7290000572628,false,חטיפי חלווה ללא סוכר בקופסא 250 גרם,שוורצקוף& הנקל דיסלד,IL,חטיפי חלווה ללא תוספ,גרמים,275.00,100 גרם,false,,13.50,0.0491,true,1,149883
7290000574028,false,לחם שחור מועשר בחומצה פולית וויטמינים דגנים 750 גרם,יוניליוור גרמניה Gm,IL,לחם שחור מועשר דגנית,גרמים,750.00,100 גרם,false,,7.50,0.0100,true,1,163783
7290000574141,false,לחם חיטה מלא 750ג' דגנית עין בר,דגנית עין בר תעשיות מזון,IL,לחם חיטה מלא דגנית 7,גרמים,750.00,100 גרם,false,,13.90,0.0185,true,1,163786
7290000574165,false,חלה פרוסה מעודנת 500,מולינו ניקולי s.p.a,IL,חלה פרוסה דגנית 500,גרמים,500.00,100 גרם,false,,8.90,0.0178,true,1,163787
7290000574172,false,לחם קל מחיטה מלאה 750 ג' דגנית עין בר,דגנית עין בר תעשיות מזון,IL,לחם קל מחיטה מלאה דג,גרמים,750.00,100 גרם,false,,13.90,0.0185,true,1,163788
7290000574332,false,חלה קלה פרוסה דגנית,דגנית עין בר,IL,חלה קלה פרוסה דגנית,גרמים,500.00,100 גרם,false,,10.90,0.0218,true,1,163789
7290000574455,false,לחם חיטה מלא פלוס כוסמין 750 ג' דגנית עין בר,פריט ללא פיקוח,IL,לחם חיטה+כוסמין דגני,גרמים,750.00,100 גרם,false,,13.90,0.0185,true,1,163791
7290000604022,false,ביצים גדולות L תנובה 12 יחידות,ביצי תנובה,,12 ביצים L גדול,יחידה,12.00,יחידה,false,,12.05,1.0042,true,1,142638
7290000604022,false,ביצים גדולות L תנובה 12 יחידות,ביצי תנובה,,12 ביצים L גדול,Unknown,12.00,יחידה,false,,12.05,1.0042,true,1,142638
7290000604022,false,ביצים גדולות L תנובה 12 יחידות,ביצי תנובה,,12 ביצים L גדול,יחידה,12.00,יחידה,false,,12.05,1.0042,true,1,151976
7290000604022,false,ביצים גדולות L תנובה 12 יחידות,ביצי תנובה,,12 ביצים L גדול,Unknown,12.00,יחידה,false,,12.05,1.0042,true,1,151976
7290000604534,false,ביצים בינוניות M תנובה 30 יחידות,תנובה,IL,ביצים בינוניות M תנו,יחידה,30.00,יחידה,false,,27.80,0.9267,true,1,151981
7290000604534,false,ביצים בינוניות M תנובה 30 יחידות,תנובה,IL,ביצים בינוניות M תנו,Unknown,30.00,יחידה,false,,27.80,0.9267,true,1,151981
7290000604534,false,ביצים בינוניות M תנובה 30 יחידות,תנובה,IL,ביצים בינוניות M תנו,יחידה,30.00,יחידה,false,,27.80,0.9267,true,1,151987
7290000604534,false,ביצים בינוניות M תנובה 30 יחידות,תנובה,IL,ביצים בינוניות M תנו,Unknown,30.00,יחידה,false,,27.80,0.9267,true,1,151987
7290000654355,false,שקית גופיה רמי לוי ב,,,שקית גופיה רמי לוי ב,קילוגרמים,1.00,"ק""ג",false,,0.10,0.1000,true,1,163652
7290000654355,false,שקית גופיה רמי לוי ב,,,שקית גופיה רמי לוי ב,פריט,1.00,"ק""ג",false,,0.10,0.1000,true,1,163652
7290000654546,false,פילה אמנון 7-9 100% דג תנובה,תנובה,CN,פילה אמנון קפוא 7-9,קילוגרמים,1.00,"ק""ג",true,,36.90,36.9000,true,1,164516
7290000654546,false,פילה אמנון 7-9 100% דג תנובה,תנובה,CN,פילה אמנון קפוא 7-9,קילוגרמים,1.00,"ק""ג",true,,36.90,36.9000,true,1,164516
7290000688114,false,מים מינרלים מי עדן 1.5 ליטר,מים מינרליים,IL,מי עדן 1.5 ליטר,מיליליטרים,1500.00,"100 מ""ל",false,,3.20,0.0021,true,1,140970
7290000688381,false,שישיית מי עדן פקק ספורט 0.5 ליטר,"מופק ממקור בזלתי עדן ,1",IL,מים מינרליים פקק ספו,מיליליטרים,3000.00,"100 מ""ל",false,,16.70,0.0056,true,1,140975
7290000688503,false,"מים מינרלים פקק ספורט מי עדן 6*750 מ""ל","מופק ממקור בזלתי עדן ,1",IL,מים מינרלים פקק ספור,מיליליטרים,4500.00,"100 מ""ל",false,,17.40,0.0039,true,1,156715
7290000688732,false,שישיית מי עדן 1.5 ליטר משפחתי,"מופק ממקור בזלתי עדן ,1",IL,מים מינרליים מי עדן,מיליליטרים,9000.00,"100 מ""ל",false,,14.70,0.0016,true,1,140976
7290000692227,false,נוזל כלים פלמוליב צילינדר קלאסי 1 ליטר,יבואן ומשווק: ש. שסט,GR,נוזל לניקוי כלים 18%,מיליליטרים,1000.00,"100 מ""ל",false,,14.50,0.0145,true,1,149166
7290000900566,false,פסטרמה ברביקיו דלת-ש,,,פסטרמה ברביקיו דלת-ש,גרמים,360.00,100 גרם,false,,25.90,0.0719,true,1,146211
7290000961804,false,תבלין עמבה,ברכת קטיף,IL,דלעת חתוכה,קילוגרמים,1.00,"ק""ג",true,,9.80,9.8000,true,1,151038
7290000961804,false,תבלין עמבה,ברכת קטיף,IL,דלעת חתוכה,קילוגרמים,1.00,"ק""ג",true,,9.80,9.8000,true,1,151038
7290001045657,false,פרימור מיץ תפוחים סחוט מקורר 400מל,פרימור,IL,משקה תפוחים צלול פרי,מיליליטרים,400.00,"100 מ""ל",false,,8.30,0.0208,true,1,140378
7290001045688,false,"מיץ תפוזים סחוט פרימור 400 מ""ל",פרימור,IL,משקה תפוזים פרימור 4,מיליליטרים,400.00,"100 מ""ל",false,,10.20,0.0255,true,1,140379
7290001121238,false,נקניק קורנדביף 4% יחיעם 180 גרם,מעדני יחיעם 1993,IL,קורנד ביף 180גר',גרמים,180.00,100 גרם,false,,24.90,0.1383,true,1,155282
7290001123775,false,שווארמה אמיתית פרגיות טיבון ויל 500 גרם,"טיבול ויל אחזקות בע""",IL,שווארמה פרגיות 500 ג,גרמים,500.00,100 גרם,false,,24.90,0.0498,true,1,145971
7290001123782,false,שווארמה אמיתית הודו טיבון ויל 500 גרם,טיבון ויל - נטו,IL,שווארמה הודו 500 גרם,גרמים,500.00,100 גרם,false,,29.90,0.0598,true,1,145972
7290001136287,false,"שמפו לשיער רגיל בבושם פרחים נקה 7 750 מ""ל","אמיליה קוסמטיקס בע""מ",IL,שמפו לשיער רגיל ירוק,מיליליטרים,750.00,"100 מ""ל",false,,11.90,0.0159,true,1,145180
7290001216040,false,טחינה גולמית שומשום טהור אל ארז 500 גרם,אגס ירוק מסחר ושירותים,IL,טחינה אל ארז שומשום,גרמים,500.00,100 גרם,false,,16.90,0.0338,true,1,148422
7290001245835,false,נוזל רצפות אורנים 4 ל' טאצ,,IL,נוזל רצפות אורנים טא,מיליליטרים,4000.00,"100 מ""ל",false,,14.90,0.0037,true,1,165351
7290001246023,false,ג'ל לכביסה כחול 3לי רמילוי,,,ג'ל לכביסה כחול 3 לי,מיליליטרים,3000.00,"100 מ""ל",false,,22.90,0.0076,true,1,149862
7290001246085,false,טאצ' מרסס ניקוי חלונות 1 ליטר,,IL,מרסס ניקוי חלונות 1,מיליליטרים,1000.00,"100 מ""ל",false,,7.90,0.0079,true,1,165352
7290001246757,false,נוזל רצפות מלון בוטיק טאצ' 2 ליטר,סאסאטק,IL,נוזל רצפות מלון בוטי,מיליליטרים,2000.00,"100 מ""ל",false,,18.90,0.0094,true,1,165354
7290001247099,false,קרטונית נקטר ספרינג מנגו 1 ליטר,יפאורה שותפות מובגלת לשיווק,IL,קרטוניות ספרינג מנגו,מיליליטרים,1000.00,"100 מ""ל",false,,6.80,0.0068,true,1,140978
7290001247129,false,נקטר ספרינג תפוזים קרטונית 1 ל',יפאורה שותפות מובגלת לשיווק,IL,ספרינג קרטוניות תפוז,מיליליטרים,1000.00,"100 מ""ל",false,,6.80,0.0068,true,1,140980
7290001247143,false,קרטונית נקטר ספרינג תפוחים 1 ליטר,יפאורה שותפות מובגלת לשיווק,IL,נקטר תפוחים בקרטון ס,מיליליטרים,1000.00,"100 מ""ל",false,,6.80,0.0068,true,1,140981
7290001247723,false,"ספרינג נקטר תות בננה פחית 330 מ""ל",יפאורה תבורי בעמ,IL,ספרינג נקטר תות בננה,מיליליטרים,330.00,"100 מ""ל",false,,6.20,0.0188,true,1,168362
7290001247730,false,"נקטר ספרינג בטעם מנגו פחית 330 מ""ל",יפאורה תבורי בעמ,IL,ספרינג נקטר מנגו פחי,מיליליטרים,330.00,"100 מ""ל",false,,6.20,0.0188,true,1,168363
7290001247891,false,"ספרינג נקטר אפרסקים פחית 330 מ""ל",יפאורה תבורי בעמ,IL,ספרינג נקטר אפרסקים,מיליליטרים,330.00,"100 מ""ל",false,,6.20,0.0188,true,1,168365
7290001302279,false,אוסם - במבה קלאסי 60 גרם,מיוצר עי קונדיטוריית,IL,במבה קלאסי 60 גרם,גרמים,60.00,100 גרם,false,,4.30,0.0717,true,1,140860
7290001305188,false,"נוזל לניקוי כלים בריח לימון פלמוליב 750 מ""ל",יבואן ומשווק: ש. שסט,GR,נוזל לניקוי כלים 18%,מיליליטרים,750.00,"100 מ""ל",false,,11.90,0.0159,true,1,148262
7290001327180,false,שטראוס קרמיסימו וניל ציפ 1.33 ליטר,"גלידת שטראוס בע""\מ, רחוב",IL,גלידת קרמיסימו 1.33,מיליליטרים,1330.00,"100 מ""ל",false,,18.90,0.0142,true,1,150244
7290001361184,false,צנצנת מוס אוראו (9 ב,,,צנצנת מוס אוראו (9 ב,יחידה,1.00,יחידה,false,,15.00,15.0000,true,1,155205
7290001361184,false,צנצנת מוס אוראו (9 ב,,,צנצנת מוס אוראו (9 ב,Unknown,1.00,יחידה,false,,15.00,15.0000,true,1,155205
7290001361191,false,צנצנת מוס גבינה פירו,,,צנצנת מוס גבינה פירו,יחידה,1.00,יחידה,false,,15.00,15.0000,true,1,155206
7290001361191,false,צנצנת מוס גבינה פירו,,,צנצנת מוס גבינה פירו,Unknown,1.00,יחידה,false,,15.00,15.0000,true,1,155206
7290001361238,false,כוס קריסטלית טריקולד,,,כוס קריסטלית טריקולד,יחידה,1.00,יחידה,false,,15.00,15.0000,true,1,155207
7290001361238,false,כוס קריסטלית טריקולד,,,כוס קריסטלית טריקולד,Unknown,1.00,יחידה,false,,15.00,15.0000,true,1,155207
7290001407769,false,טחינה גולמית שומשום מלא בארכה 500 גרם,"רושדי תעשיות מזון בע""\מ",IL,בארכה טחינה 100% שומ,גרמים,500.00,100 גרם,false,,14.90,0.0298,true,1,146197
7290001419618,false,וופל בלגי עלמה שחור לבן וניל 200ג',"גילרו בע""מ",IL,ופלים בסגנון בלגי בט,גרמים,200.00,100 גרם,false,,3.50,0.0175,true,1,151001
7290001419779,false,וופל שוקו' עלמה קלאסי 200 גר,"גילרו בע""מ",IL,ופלים בטעם שוקולד על,גרמים,200.00,100 גרם,false,,3.50,0.0175,true,1,151002
7290001419892,false,"ופל קלאסי בטעם לימון ""עלמה"" 200 גרם","גילרו בע""מ",IL,ופלים קלאסיים בטעם ל,גרמים,200.00,100 גרם,false,,3.50,0.0175,true,1,151003
7290001591710,false,המבורגר אנגוס טיבון ויל 600 גרם,טיבון ויל,IL,המבורגר אנגוס טיבון,גרמים,600.00,100 גרם,false,,23.90,0.0398,true,1,159616
7290001594155,false,"קוקה-קולה בבקבוק אישי 500 מ""ל",החברה המרכזית לייצור משקאות,IL,"קוקה קולה 500 מ""ל",מיליליטרים,500.00,"100 מ""ל",false,,6.50,0.0130,true,1,143545
7290001594179,false,"פאנטה אורנג' בבקבוק אישי 500 מ""ל",החברה המרכזית לייצור משקאות,IL,"פאנטה אורנג' 500 מ""ל",מיליליטרים,500.00,"100 מ""ל",false,,6.50,0.0130,true,1,143546
7290001594230,false,קינלי סודה בבקבוק זכוכית,החברה המרכזית לייצור,IL,"קינלי סודה 250 מ""ל",מיליליטרים,250.00,"100 מ""ל",false,,3.90,0.0156,true,1,143547
7290001594520,false,"בירה טובורג רד בקבוק 330 מ""ל",מבשלות בירה בינלאומיות ב,IL,"בירה טובורג 330 מ""ל",מיליליטרים,330.00,"100 מ""ל",false,,7.10,0.0215,true,1,143548
7290001594568,false,"קרלסברג פחית 500 מ""ל פקדון",מבשלות בירה בינלאומיות ב,RO,בירה קרלסברג פחית 50,מיליליטרים,500.00,"100 מ""ל",false,,8.90,0.0178,true,1,143549
7290001594575,false,"בירה טובורג רד פחית 500 מ""ל",מבשלות בירה בינלאומיות ב,IL,בירה טובורג פחית 500,מיליליטרים,500.00,"100 מ""ל",false,,9.10,0.0182,true,1,143550
7290001594858,false,"שישייה בירה טובורג רד בקבוק 330 מ""ל",מבשלות בירה בינלאומיות ב,IL,טובורג רד שישיה 330,מיליליטרים,1980.00,"100 מ""ל",false,,39.90,0.0202,true,1,149925
7290001594865,false,"שישייה בירה קרלסברג בקבוק 330 מ""ל",מבשלות בירה בינלאומיות ב,IL,"קרלסברג שישיה 330 מ""",מיליליטרים,1980.00,"100 מ""ל",false,,41.70,0.0211,true,1,149926
7290001789742,false,סט 3 קופסאות ריבועיות עם מכסה אדום,,,סט 3 קופסאות ריבועיו,יחידה,1.00,יחידה,false,,9.90,9.9000,true,1,168601
7290001789742,false,סט 3 קופסאות ריבועיות עם מכסה אדום,,,סט 3 קופסאות ריבועיו,Unknown,1.00,יחידה,false,,9.90,9.9000,true,1,168601
7290001817728,false,צ'יטוס אפוי כאפה בטעם קטשופ 55 גרם,"שטראוס פריטו ליי בע""\מ )",IL,ציטוס כאפה 55 גרם,גרמים,55.00,100 גרם,false,,3.50,0.0636,true,1,140573
7290001990148,false,"סוכר גולדן קלאסי בצנצנת סוגת 1 ק""ג",האי נאם סי או אל.טי.,IL,סוכר גולדן קלאסי בצנ,קילוגרמים,1.00,"ק""ג",false,,12.90,12.9000,true,1,151473
7290001990148,false,"סוכר גולדן קלאסי בצנצנת סוגת 1 ק""ג",האי נאם סי או אל.טי.,IL,סוכר גולדן קלאסי בצנ,פריט,1.00,"ק""ג",false,,12.90,12.9000,true,1,151473
7290002007241,true,סודה לשתיה 50 גרם,,,סודה לשתיה 50 גרם,,0.00,,false,,5.00,0.0000,true,1,141704
7290002007982,false,מזלגות חד פעמי 100 יח',הנמל אריזות ושיווק ב,IL,מזלגות לבן 100 יח',יחידה,100.00,יחידה,false,,5.00,0.0500,true,1,150660
7290002007982,false,מזלגות חד פעמי 100 יח',הנמל אריזות ושיווק ב,IL,מזלגות לבן 100 יח',Unknown,100.00,יחידה,false,,5.00,0.0500,true,1,150660
7290002019787,false,רוטב עגבניות מרוכז מאוד 260 גרם פריניר,פריניר ( הדס 1987) ב,IL,פריניר רוטב עגבניות,גרמים,260.00,100 גרם,false,,3.90,0.0150,true,1,145719
7290002019794,false,רוטב עגבניות מרוכז מאוד 100 גרם פריניר,פריניר ( הדס 1987) ב,IL,רסק עגבניות פריניר 1,גרמים,100.00,100 גרם,false,,1.90,0.0190,true,1,145720
7290002022152,false,מרשמלו ורוד לבן וסטהיים 100ג36X שקיות בקרטון,מנדלז סי.אר. פרודקשן,IL,מרשמלו מושי 100 גרם,גרמים,100.00,100 גרם,false,,3.90,0.0390,true,1,141147
7290002026303,false,"דולצ'ה דה לצ'ה 150 מ""ל - שורטי",מוצרי איכות אמריקאיי,IL,דולצ'ה דה לצ'ה 150 מ,מיליליטרים,150.00,"100 מ""ל",false,,9.90,0.0660,true,1,145385
7290002043225,false,אקסטרה צ'יפס אורז חום מלא פפריקה 60 גרם,נוהלס ג'\י אס סי.,BG,ציפס אורז חום מלא פפ,גרמים,60.00,100 גרם,false,,7.20,0.1200,true,1,155316
7290002057031,false,זיתים מבוקעים פיקנטי קבוצת יבנה 340 גרם,קבוצת יבנה,IL,זיתים מבוקעים פיקנטי,גרמים,560.00,100 גרם,false,,8.90,0.0159,true,1,154808
7290002057123,false,זיתים ירוקים מנזנילו קבוצת יבנה 560 גרם,קבוצת יבנה,IL,זית חרוזית ירוק 275,גרמים,275.00,100 גרם,false,,9.50,0.0345,true,1,145832
7290002057185,false,טבעות זיתים ירוקים קבוצת יבנה 560 גרם,קבוצת יבנה,IL,טבעות זיתים ירוקים ‏,גרמים,275.00,100 גרם,false,,9.90,0.0360,true,1,145834
7290002057352,false,מלפפונים במלח ‏9‏-‏7‏ קבוצת יבנה 320 גרם,קבוצת יבנה מוצרי מזון,IL,מלפפונים גדולים במלח,גרמים,320.00,100 גרם,false,,6.90,0.0216,true,1,141900
7290002057369,false,מלפפונים במלח ‏12‏-‏10‏ קבוצת יבנה 320 גרם,קבוצת יבנה,IL,מלפפון קטן במלח 540,גרמים,540.00,100 גרם,false,,7.90,0.0146,true,1,141901
7290002057376,false,מלפפונים במלח ‏17‏-‏13‏ קבוצת יבנה 320 גרם,קבוצת יבנה,IL,מלפפון קטן במלח 540,גרמים,540.00,100 גרם,false,,9.90,0.0183,true,1,149616
7290002057475,false,מלפפונים בחומץ ‏17‏-‏13 קבוצת יבנה 290 גרם,קבוצת יבנה,IL,מלפפון קטן בחומץ 13-,גרמים,560.00,100 גרם,false,,9.90,0.0177,true,1,145666
7290002057482,false,מלפפונים קטנים בחומץ קבוצת יבנה 560 גרם,קבוצת יבנה,IL,מלפפון בחומץ 18-25 -,גרמים,560.00,100 גרם,false,,12.90,0.0230,true,1,145803
7290002065555,false,שישיית לחמנייה הכי רכה בהפסקה אנג'ל 450 גרם,מאפיית שלמה א. אנג'\ל בע,IL,הלחמניה - לחמניות רכ,יחידה,6.00,יחידה,false,,11.90,1.9833,true,1,150198
7290002065555,false,שישיית לחמנייה הכי רכה בהפסקה אנג'ל 450 גרם,מאפיית שלמה א. אנג'\ל בע,IL,הלחמניה - לחמניות רכ,Unknown,6.00,יחידה,false,,11.90,1.9833,true,1,150198
7290002065555,false,שישיית לחמנייה הכי רכה בהפסקה אנג'ל 450 גרם,מאפיית שלמה א. אנג'\ל בע,IL,הלחמניה - לחמניות רכ,יחידה,6.00,יחידה,false,,11.90,1.9833,true,1,150802
7290002065555,false,שישיית לחמנייה הכי רכה בהפסקה אנג'ל 450 גרם,מאפיית שלמה א. אנג'\ל בע,IL,הלחמניה - לחמניות רכ,Unknown,6.00,יחידה,false,,11.90,1.9833,true,1,150802
7290002065616,false,לחם שיפון גרעינים פרוס אחדות 750 גרם,מאפיית שלמה א. אנג'\ל בע,IL,לחם שיפון גרעינים פר,גרמים,750.00,100 גרם,false,,12.90,0.0172,true,1,150028
7290002065623,false,לחם שיפון של פעם כפרי פרוס אורנים 750 גרם,מאפיית שלמה א. אנג'\ל בע,IL,לחם שיפון כפרי 750 ג,גרמים,750.00,100 גרם,false,,11.90,0.0159,true,1,164595
7290002077268,false,מיני קציצות דג לבישול 500 גרם קהילות,האי נאם סי או אל.טי.,IL,קציצות דג מיני 500 ג,גרמים,500.00,100 גרם,false,,21.90,0.0438,true,1,159621
7290002079156,false,פיתות דוידוביץ חמישי,מאפיית דוידוביץ ובני,IL,פיתות 5 יחידות דוידו,יחידה,5.00,יחידה,false,,9.90,1.9800,true,1,141096
7290002079156,false,פיתות דוידוביץ חמישי,מאפיית דוידוביץ ובני,IL,פיתות 5 יחידות דוידו,Unknown,5.00,יחידה,false,,9.90,1.9800,true,1,141096
7290002079361,false,לחמניות המבורגר חתוך 6+2*60 ג',מאפיית דוידוביץ ובני,IL,מארז המבורגר 2+6 יחי,יחידה,8.00,יחידה,false,,18.90,2.3625,true,1,147170
7290002079361,false,לחמניות המבורגר חתוך 6+2*60 ג',מאפיית דוידוביץ ובני,IL,מארז המבורגר 2+6 יחי,Unknown,8.00,יחידה,false,,18.90,2.3625,true,1,147170
7290002079477,false,לחם אחיד פרוס דוידוב,מאפיית דוידוביץ ובניו בע,IL,לחם אחיד פרוס 750 גר,גרמים,750.00,100 גרם,false,,6.90,0.0092,true,1,141093
7290002079477,false,לחם אחיד פרוס דוידוב,מאפיית דוידוביץ ובניו בע,IL,לחם אחיד פרוס 750 גר,גרמים,750.00,100 גרם,false,,6.90,0.0092,true,1,152356
7290002079613,false,חלה קלועה מתוקה ארוז,מאפיית דוידוביץ ובני,IL,חלה מתוקה ארוזה דויד,גרמים,500.00,100 גרם,false,,10.90,0.0218,true,1,141098
7290002079996,false,לחם אחיד קל פרוס 750 גרם,מאפיית דוידוביץ ובני,IL,לחם אחיד קל פרוס 750,גרמים,750.00,100 גרם,false,,11.90,0.0159,true,1,145700
7290002105671,false,טחון עוף 500 גר' קפוא מחפוד,עוף ירושלים,IL,עוף טחון מחפוד 500 ג,גרמים,500.00,100 גרם,false,,15.90,0.0318,true,1,152355
7290002105749,false,"טחון בקר 100% קפוא 1 ק""ג גאלט מחפוד",עוף ירושלים,IL,"טחון בקר נקי 1 ק""ג ק",גרמים,1000.00,100 גרם,false,,45.90,0.0459,true,1,165855
7290002107491,false,גבינה לבנה מחלב עיזים למריחה 5% משק צוריאל 250 גרם,מחלבת משק צוריאל,IL,גבינת עיזים למריחה 5,גרמים,250.00,100 גרם,false,,15.90,0.0636,true,1,155249
7290002128205,false,נרות לא נוטפים 45יח-מנורה,,,נרות חנוכה לוקס 45 י,יחידה,45.00,יחידה,false,,6.90,0.1533,true,1,149618
7290002128205,false,נרות לא נוטפים 45יח-מנורה,,,נרות חנוכה לוקס 45 י,Unknown,45.00,יחידה,false,,6.90,0.1533,true,1,149618
7290002132011,false,עוגיות מזרחיות מלוחות עבאדי 400 גרם,מאפיית יוסף ושמחה עבאדי,IL,עוגיות מזרחיות עבאדי,גרמים,400.00,100 גרם,false,,19.90,0.0497,true,1,145271
7290002157953,false,מארז נתחי טונה בהירה בשמן קנולה - 4 יחידות,דיאמנט פוד פרודקט,IL,טונה ויליגר שמן קנול,גרמים,560.00,100 גרם,false,,19.90,0.0355,true,1,145939
7290002157960,false,רביעיית טונה במים ויליגר 140 גרם,ויליגר,IL,רביעיית טונה במים 56,גרמים,560.00,100 גרם,false,,19.90,0.0355,true,1,163894
7290002190516,false,"ריבת חלב גלעם-קומידה 500ג' 12X-כשל""פ",אשבל מזון פונקציונלי בע\,IL,ממרח ריבת חלב קומידה,גרמים,500.00,100 גרם,false,,15.90,0.0318,true,1,160663
7290002253006,false,שום כתוש דורות בצנצנת 200 גרם,עיצובים 2020 (3.8),IL,דורות שום כתוש טרי 2,גרמים,200.00,100 גרם,false,,15.90,0.0795,true,1,145753
7290002263562,false,"מיץ לימוןLEMON TREE משומר 200 מ""ל",,IT,"מיץ לימון 200 מ""ל 10",מיליליטרים,200.00,"100 מ""ל",false,,6.70,0.0335,true,1,152100
7290002278528,false,כריות ניקוי שבתכלין ביאנקו שייני 2 יחידות,מ.א ייצור ושיווק מטל,IL,שבת כלין,יחידה,2.00,יחידה,false,,8.60,4.3000,true,1,144005
7290002278528,false,כריות ניקוי שבתכלין ביאנקו שייני 2 יחידות,מ.א ייצור ושיווק מטל,IL,שבת כלין,Unknown,2.00,יחידה,false,,8.60,4.3000,true,1,144005
7290002281382,false,נתח סלמון נורווגי 100 % דלידג,דלידג,IL,מעדניה - נתחי פילה ס,קילוגרמים,1.00,"ק""ג",true,,89.90,89.9000,true,1,145980
7290002281382,false,נתח סלמון נורווגי 100 % דלידג,דלידג,IL,מעדניה - נתחי פילה ס,קילוגרמים,1.00,"ק""ג",true,,89.90,89.9000,true,1,145980
7290002281382,false,נתח סלמון נורווגי 100 % דלידג,דלידג,IL,מעדניה - נתחי פילה ס,קילוגרמים,1.00,"ק""ג",true,,89.90,89.9000,true,1,158385
7290002281382,false,נתח סלמון נורווגי 100 % דלידג,דלידג,IL,מעדניה - נתחי פילה ס,קילוגרמים,1.00,"ק""ג",true,,89.90,89.9000,true,1,158385
7290002327059,false,"בצק עלים 1 ק""ג שלושת האופים קהילות",שלושת האופים,IL,בצק עלים מרודד שלושת,גרמים,1000.00,100 גרם,false,,21.90,0.0219,true,1,147465
7290002331018,false,"נביעות מים עם פקק ספורט 500מ""ל",נביעות טבע הגליל בעמ,IL,מים מינרלים נביעות 5,מיליליטרים,500.00,"100 מ""ל",false,,3.90,0.0078,true,1,143551
7290002331025,false,"מים מינרלים נביעות ספורט 500 מ""ל פקדון",נביעות טבע הגליל בעמ,IL,נביעות TO GO 500,מיליליטרים,500.00,"100 מ""ל",false,,3.90,0.0078,true,1,143552
7290002331360,false,"נביעות מים מינרליים טו גו מארז 500X6מ""ל",נביעות טבע,IL,נביעות TOGO שישייה 5,מיליליטרים,3000.00,"100 מ""ל",false,,14.90,0.0050,true,1,143557
7290002345046,false,סטייק אנטירקוט קפוא 300 ג,,,אנטריקוט דק דק 300 ג,גרמים,300.00,100 גרם,false,,29.90,0.0997,true,1,145987
7290002345077,false,שניצל בקר מינוט אל גאוצ'ו קפוא 250 גר,"טיבון ויל אחזקות בע""\מ",IL,שניצל מילנסה דקדק אל,גרמים,250.00,100 גרם,false,,18.90,0.0756,true,1,145988
7290002345282,false,נתחי פילה סלמון קפוא דלידג,דלידג,IL,נתחי סלמון דלידג,קילוגרמים,1.00,"ק""ג",true,,89.90,89.9000,true,1,156601
7290002349228,false,ספוג פלא עם שכבה ירוקה רמי לוי,,,ספוג פלא עם שכבה ירו,יחידה,1.00,יחידה,false,,8.90,8.9000,true,1,155989
7290002349228,false,ספוג פלא עם שכבה ירוקה רמי לוי,,,ספוג פלא עם שכבה ירו,Unknown,1.00,יחידה,false,,8.90,8.9000,true,1,155989
7290002349907,false,מטלית רצפה מיקרופייבר,,,מיקרופייבר סחבה עם ח,יחידה,1.00,יחידה,false,,8.90,8.9000,true,1,168457
7290002349907,false,מטלית רצפה מיקרופייבר,,,מיקרופייבר סחבה עם ח,Unknown,1.00,יחידה,false,,8.90,8.9000,true,1,168457
7290002371533,false,דקניקים סלסולי פסטרמה דבש טירת צבי 120 גרם,הנסיך- מפעל לייצור ט,IL,סלסולי פסטרמה דבש 12,גרמים,120.00,100 גרם,false,,14.90,0.1242,true,1,146213
7290002371540,false,דקניקים קורנדביף ללא גלוטן טירת צבי 120 גרם,הנסיך- מפעל לייצור ט,IL,קורנדביף 120 גרם טיר,גרמים,120.00,100 גרם,false,,14.90,0.1242,true,1,152922
7290002381808,false,נר נשמה שלהבת 24 שעות,,CN,נר נשמה 24 שעות,יחידה,1.00,יחידה,false,,1.90,1.9000,true,1,168405
7290002381808,false,נר נשמה שלהבת 24 שעות,,CN,נר נשמה 24 שעות,Unknown,1.00,יחידה,false,,1.90,1.9000,true,1,168405
7290002488057,false,"תמר מגהול פרימיום 2 ק""",,,תמר מגהול פרימיום 2,קילוגרמים,2.00,"ק""ג",false,,44.90,22.4500,true,1,152302
7290002488057,false,"תמר מגהול פרימיום 2 ק""",,,תמר מגהול פרימיום 2,פריט,2.00,"ק""ג",false,,44.90,22.4500,true,1,152302
7290002507451,false,קציצות דג סלמון דלידג 750 גר',דלידג בעמ,IL,קציצות דג סלמון 750,גרמים,750.00,100 גרם,false,,31.30,0.0417,true,1,146003
7290002507604,false,פיצה שגב השף מאיטליה 350 גרם,האי נאם סי או אל.טי.,IT,פיצת השף שגב 320 גרם,גרמים,320.00,100 גרם,false,,16.90,0.0528,true,1,146004
7290002542506,false,"בקבוק בירה קורונה 355 מ""ל",קריניציה ויטמינה אס,MX,בירה קורונה בקבוק 35,מיליליטרים,355.00,"100 מ""ל",false,,7.90,0.0223,true,1,144056
7290002542780,false,"שישייה בירה סטלה ארטואה בקבוק 330X6 מ""ל","אינבב, ברוורייפליין",BE,סטלה ארטואה שישיה -3,מיליליטרים,1980.00,"100 מ""ל",false,,37.90,0.0191,true,1,164754
7290002543046,false,קלוגס פרוסטיס דגנים וסוכר 750ג',קלוג מנייופרטורינג א,ES,קלוגס פרוסטיס 750 גר,גרמים,750.00,100 גרם,false,,17.90,0.0239,true,1,146261
7290002603917,false,מאפה עלים למילוי 500 גר רמי לוי,,,עלים למילוי סיגר 600,גרמים,600.00,100 גרם,false,,11.90,0.0198,true,1,151536
7290002603948,false,"מאפה פסטל תפו""א 600 גר רמי לוי",,,פסטל תפוא 600 גרם רמ,גרמים,600.00,100 גרם,false,,11.90,0.0198,true,1,150950
7290002603955,false,מאפה סיגר בשר 600 גר רמי לוי,,,סיגרים בשר 600 גרם ר,גרמים,600.00,100 גרם,false,,11.90,0.0198,true,1,150951
7290002603986,false,פיצה מרגריטה זוג 640 גרם רמי לוי,,,פיצה מרגריטה רמי לוי,גרמים,640.00,100 גרם,false,,20.90,0.0327,true,1,164492
7290002610182,false,חזה עוף קפוא ארוז חתם סופר,,,חזה עוף ארוז קפוא חת,קילוגרמים,1.00,"ק""ג",true,,23.90,23.9000,true,1,162557
7290002610182,false,חזה עוף קפוא ארוז חתם סופר,,,חזה עוף ארוז קפוא חת,קילוגרמים,1.00,"ק""ג",true,,23.90,23.9000,true,1,162557
7290002610267,false,לבבות עוף קפוא ארוז חתם סופר,,,לבבות עוף ארוז קפוא,קילוגרמים,1.00,"ק""ג",true,,24.90,24.9000,true,1,162565
7290002610267,false,לבבות עוף קפוא ארוז חתם סופר,,,לבבות עוף ארוז קפוא,קילוגרמים,1.00,"ק""ג",true,,24.90,24.9000,true,1,162565
7290002627135,false,פיצה איטלקית ד.גבינה 340 ג,,,פיצה אקסטרא גבינה רמ,גרמים,340.00,100 גרם,false,,12.90,0.0379,true,1,164494
7290002692478,false,"שמן זית כתית מעולה קלאסי מעודן 750 מ""ל עץ הזית","מרקאולאו, ספרד.אבסה,",IT,שמן זית כתית מעולה מ,מיליליטרים,750.00,"100 מ""ל",false,,33.90,0.0452,true,1,155647
7290002730262,false,"נוזל לניקוי כלים קלאסי פלמוליב 750 מ""ל",יבואן ומשווק: ש. שסט,GR,נוזל כלים 18% קלאסי,מיליליטרים,750.00,"100 מ""ל",false,,11.90,0.0159,true,1,146400
7290002730675,false,"קולגייט משחת שיניים אדומה משפחתי 100 מ""ל",קולגייט-פלמוליב,PL,קולגייט משחה אדומה מ,מיליליטרים,100.00,"100 מ""ל",false,,10.90,0.1090,true,1,146402
7290002730903,false,פלמוליב סבון מוצק ורדים רביעייה * 125 ג',הנסיך- מפעל לייצור ט,TR,סבון רחצה מוצק חלב ו,גרמים,360.00,100 גרם,false,,16.90,0.0469,true,1,149170
7290002730958,false,סבון מוצק בניחוח זיתים ואלוורה פלמוליב 4*100 גרם,הנסיך- מפעל לייצור ט,TR,סבון רחצה מוצק זיתים,גרמים,360.00,100 גרם,false,,16.90,0.0469,true,1,149171
7290002735809,false,בצק עלים רמי לוי 1קג,ינון,IL,רמי לוי בצק עלים 1 ק,גרמים,1000.00,100 גרם,false,,12.90,0.0129,true,1,146766
7290002735823,false,מלווח רמי לוי 700 גרם,ינון,IL,מלווח רמי לוי 700 גר,גרמים,700.00,100 גרם,false,,12.90,0.0184,true,1,146768
7290002735830,false,בורקס תפוא רמי לוי 800 גרם,ינון,IL,רמי לוי בורקס תפו'א,גרמים,800.00,100 גרם,false,,11.90,0.0149,true,1,146769
7290002735847,false,בורקס גבינה רמי לוי 800 גרם,ינון,IL,רמי לוי בורקס גבינה,גרמים,800.00,100 גרם,false,,13.90,0.0174,true,1,146770
7290002748328,false,כבד עוף ארוז קפוא שק,עוף ירושלים,,כבד עוף ארוז קפוא שק,קילוגרמים,1.00,"ק""ג",true,,9.90,9.9000,true,1,162594
7290002748328,false,כבד עוף ארוז קפוא שק,עוף ירושלים,,כבד עוף ארוז קפוא שק,קילוגרמים,1.00,"ק""ג",true,,9.90,9.9000,true,1,162594
7290002750406,false,סופגניה עם ריבה פילסברי 95 גרם,פילסברי,,סופגנייה עם ריבה פיל,יחידה,1.00,יחידה,false,,4.90,4.9000,true,1,162779
7290002750406,false,סופגניה עם ריבה פילסברי 95 גרם,פילסברי,,סופגנייה עם ריבה פיל,Unknown,1.00,יחידה,false,,4.90,4.9000,true,1,162779
7290002752332,false,"סוכריות מנטוס פירות בגליל, 37.5 גרם",הדקלאים אגודת שיתופי,NL,סוכריות בגליל בטעם פ,גרמים,37.50,100 גרם,false,,3.50,0.0933,true,1,142799
7290002752349,false,סוכריות מנטוס מנטה 40יח' בגליל 38ג',פרפטי ואן מלה,NL,סוכריות בגליל בטעם מ,גרמים,37.50,100 גרם,false,,3.50,0.0933,true,1,142800
7290002757535,false,בורקס פילו אצבעות גבינה שלושת האופים 700 גרם,שלושת האופים שגמור,IL,בורקס פילו אצבעות גב,גרמים,700.00,100 גרם,false,,21.90,0.0313,true,1,146019
7290002824183,false,"גבינה לבנה סקי 500 גרם 5% ""שטראוס"" -מוצר בפיקוח",מיוצר עי קונדיטוריית,IL,גבינה לבנה סקי 5% 50,גרמים,500.00,100 גרם,false,,9.95,0.0199,true,1,140383
7290002824466,false,יוגורט דנונה ביו לבן 0% שומן 200 גרם,"שטראוס בריאות בע""\מ",IL,דנונה ביו 0% 200 גרם,גרמים,200.00,100 גרם,false,,3.70,0.0185,true,1,147371
7290002824640,false,"גבינת סקי 250 גרם 5% ""שטראוס"" -מוצר בפיקוח",מיוצר עי קונדיטוריית,IL,גבינה לבנה סקי 5% שט,גרמים,250.00,100 גרם,false,,4.98,0.0199,true,1,145312
7290002825722,false,סלט כרוב אדום אחלה 500 גרם,מיוצר עי קונדיטוריית,IL,כרוב סגול במיונז 500,גרמים,575.00,100 גרם,false,,13.80,0.0240,true,1,146595
7290002827306,false,נקניקיות עוף ירושלים מחפוד 400 ג',עוף ירושלים,IL,נקנקיות עוף 400 גרם,גרמים,400.00,100 גרם,false,,10.90,0.0273,true,1,152286
7290002868996,false,"קוטג' 5% שומן, רכיבים טבעיים, 250 גרם",קריות זול,IL,גבינת קוטג' מועשר 5%,גרמים,250.00,100 גרם,false,,5.50,0.0220,true,1,143559
7290002871361,false,"בירה קרלסברג בקבוק 500 מ""ל חוזר",מבשלות בירה בינלאומיות ב,IL,"בירה קרלסברג 500 מ""ל",מיליליטרים,500.00,"100 מ""ל",false,,7.90,0.0158,true,1,168599
7290002879640,false,וופל בלגי פלוטקין 100 גרם,ביסקוטר,BE,וופל בלגי 100 גרם,גרמים,100.00,גרם,false,,6.90,0.0690,true,1,164636
7290002881018,false,מעדן תות שדה 100% 284 גרם,קריות זול,,קונפ' סן מורנו תות ש,גרמים,284.00,100 גרם,false,,10.90,0.0384,true,1,160664
7290002881230,false,חתיכות אננס בסירופ קל תומר 850 גרם,"אניס פארם בע""מ",VN,חתיכות אננס בסירופ ק,יחידה,0.00,יחידה,false,,10.90,0.0000,true,1,165613
7290002881230,false,חתיכות אננס בסירופ קל תומר 850 גרם,"אניס פארם בע""מ",VN,חתיכות אננס בסירופ ק,Unknown,0.00,יחידה,false,,10.90,0.0000,true,1,165613
7290002881803,false,שמן קנולה מזוכך 1 ליטר,,BE,שמן קנולה 1 ליטר תומ,מיליליטרים,1000.00,"100 מ""ל",false,,10.90,0.0109,true,1,160675
7290002881919,false,פיטריות שמפניון שלמות קטנות תומר 400 גרם,גיבונג אינדסקיאלס,,פטריות שלמות 400 גרם,גרמים,400.00,100 גרם,false,,6.90,0.0173,true,1,165735
7290002881964,false,סרדינים מרוקאי ברוטב עגבניות 125ג' תומר,Union des pecheries,MA,שימורי סרדין מרוקאי,גרמים,125.00,100 גרם,false,,5.90,0.0472,true,1,160678
7290002900566,false,פסטרמה ברביקיו דל שומן טירת צבי 400 גרם,הנסיך- מפעל לייצור ט,IL,פסטרמה ברביקיו דלת-ש,גרמים,360.00,100 גרם,false,,25.90,0.0719,true,1,146212
7290002929642,false,רביעיית טונה בשמן ויליגר 140 גרם,דיאמנט פוד פרודקט קו,TH,טונה ויליגר שמן 4*14,גרמים,560.00,100 גרם,false,,19.90,0.0355,true,1,146023
7290002986652,false,גטניו פתי בר שוקו 470 גרם,"אחים גטניו בע""מ",IL,גטניו פתי בר שוקו 47,גרמים,470.00,100 גרם,false,,10.90,0.0232,true,1,148427
7290003000131,false,פיצה זיתים- אובלית,,,פיצה זיתים- אובלית,יחידה,1.00,יחידה,false,,15.00,15.0000,true,1,156127
7290003000131,false,פיצה זיתים- אובלית,,,פיצה זיתים- אובלית,Unknown,1.00,יחידה,false,,15.00,15.0000,true,1,156127
7290003000149,false,מאפה קינמון,,,מאפה קינמון,יחידה,1.00,יחידה,false,,10.00,10.0000,true,1,158433
7290003000149,false,מאפה קינמון,,,מאפה קינמון,Unknown,1.00,יחידה,false,,10.00,10.0000,true,1,158433
7290003000157,false,מאפה גביניות,,,מאפה גביניות,יחידה,1.00,יחידה,false,,10.00,10.0000,true,1,158441
7290003000157,false,מאפה גביניות,,,מאפה גביניות,Unknown,1.00,יחידה,false,,10.00,10.0000,true,1,158441
7290003001064,false,מעדניה - פילה אמנון,,,מעדניה - פילה אמנון,קילוגרמים,1.00,"ק""ג",true,,30.90,30.9000,true,1,155122
7290003001064,false,מעדניה - פילה אמנון,,,מעדניה - פילה אמנון,קילוגרמים,1.00,"ק""ג",true,,30.90,30.9000,true,1,155122
7290003015627,false,"נוזל רצפות אפרסק 2 ליטר ""ריצפז פרש""","סנו מפעלי ברונוס בע""",IL,ריצפז פרש אפרסק 2 לי,מיליליטרים,2000.00,"100 מ""ל",false,,18.90,0.0094,true,1,148010
7290003029181,false,משקה יטבתה שוקו' בקבוק 1ל מהדרין,שטראוס גרופ,IL,שוקו בבקבוק 2% יטבתה,מיליליטרים,1000.00,"100 מ""ל",false,,11.90,0.0119,true,1,147372
7290003029372,false,משקה חלב בטעם בננה יטבתה 1 ליטר,שטראוס גרופ,IL,משקה חלב בננה 2% בקב,מיליליטרים,1000.00,"100 מ""ל",false,,11.90,0.0119,true,1,147373
7290003029389,false,"משקה חלב בננה פקק ספורט 250 מ""ל יוטבתה",שטראוס גרופ,IL,משקה חלב בננה 2% פקק,מיליליטרים,250.00,"100 מ""ל",false,,5.50,0.0220,true,1,147374
7290003029433,false,"משקה יטבתה שוקו פקק 250 מ""ל מהדרין",שטראוס גרופ,IL,שוקו יטבתה 2% פקק יט,גרמים,250.00,100 גרם,false,,5.50,0.0220,true,1,140384
7290003029532,false,מוקה בבקבוק יטבתה 1 ליטר מהדרין,שטראוס גרופ,IL,משקה מוקה יטבתה 1 לי,מיליליטרים,1000.00,"100 מ""ל",false,,11.90,0.0119,true,1,147375
7290003029792,false,"משקה יטבתה שוקו שקיות מהדרין מארז 225X8מ""ל",שטראוס גרופ,IL,מארז 8 שקיות שוקו -,יחידה,8.00,יחידה,false,,19.90,2.4875,true,1,140385
7290003029792,false,"משקה יטבתה שוקו שקיות מהדרין מארז 225X8מ""ל",שטראוס גרופ,IL,מארז 8 שקיות שוקו -,Unknown,8.00,יחידה,false,,19.90,2.4875,true,1,140385
7290003029815,false,כד חלב 3% יטבתה 2 ליטר מהדרין,שטראוס גרופ,IL,כד 2 ליטר חלב 3%- מה,מיליליטרים,2000.00,"100 מ""ל",false,,14.90,0.0075,true,1,147377
7290003029907,false,אייס קפה יטבתה 1 ליטר מהדרין,שטראוס גרופ,IL,אייס קפה 1 ליטר,מיליליטרים,1000.00,"100 מ""ל",false,,11.90,0.0119,true,1,146601
7290003060009,false,"קמח חיטה לבן בהיר טחנות ישראליות 1 ק""ג",טחנות ישראליות,IL,קמח חיטה לבן בהיר 1,גרמים,1000.00,100 גרם,false,,4.50,0.0045,true,1,148428
7290003060023,false,"סולת חיטה 1 ק""ג מטחנות ישראליות",טחנות ישראליות,IL,"סולת חיטה 1 ק""ג",גרמים,1000.00,100 גרם,false,,5.90,0.0059,true,1,148429
7290003060047,false,קמח תופח בשקיות טחנות ישראליות,טחנות ישראליות,IL,"קמח תופח 1 ק""ג",גרמים,1000.00,100 גרם,false,,6.50,0.0065,true,1,148431
7290003126958,false,טופו גבינה גוש בואקום צוריאל 300 ג',א.י.ן תעשיות מזון בע,IL,טופו גולמי 300 גרם,גרמים,300.00,100 גרם,false,,12.90,0.0430,true,1,154915
7290003141159,false,יוגטה מרשמלו ממתק מוקצף בטעמי תות שדה ווניל 180 גרם,יוגוטה,IL,יוגטה מרשמלו - 180 ג,גרמים,180.00,100 גרם,false,,6.90,0.0383,true,1,152899
7290003142477,false,ערמונים קלופים וקלויים 100 גרם,הדקלאים אגודת שיתופי,IL,ערמונים קלויים 100 ג,גרמים,100.00,100 גרם,false,,5.90,0.0590,true,1,147116
7290003143337,false,סילאן רכיבים טבעיים לחיץ קליית גת 350 גרם,ליימן מותגים,IL,סילאן רכיבים טבעיים,גרמים,350.00,100 גרם,false,,15.90,0.0454,true,1,149261
7290003144419,false,סילאן טבעי קליית גת 710 גרם,"טעמי הגליל בע""\מ",IL,סילאן רכיבים טבעיים,גרמים,710.00,100 גרם,false,,22.90,0.0323,true,1,149262
7290003217014,false,חמישיית פיתות מזרחיות דגנית,יוניליוור גרמניה Gm,IL,מארז פיתות מזרחיות ח,גרמים,500.00,100 גרם,false,,6.90,0.0138,true,1,163793
7290003217052,false,חמישיית פיתות כפריות דגנית,יוניליוור גרמניה Gm,IL,מארז פיתות כפריות מח,גרמים,500.00,100 גרם,false,,6.90,0.0138,true,1,163794
7290003220380,false,"עוגיות סנדויץ' במילוי קרם שוקולד ""מעדני המלך"" 150 גרם",אחים פפושדו,IL,מעדני המלך סנדוויץ',גרמים,150.00,100 גרם,false,,3.50,0.0233,true,1,151246
7290003220397,false,עוגיות סנדוויץ וניל 150 ג' נאפה מעדני מלך,אחים פפושדו,IL,מעדני המלך סנדוויץ',גרמים,150.00,100 גרם,false,,3.50,0.0233,true,1,151247
7290003220403,false,מעדני המלך- קרקר מלוח 110 גרם,מגדנית הדר,IL,קרקר מלח מעדני מלך 1,גרמים,110.00,100 גרם,false,,3.20,0.0291,true,1,158590
7290003220410,false,קרקר שומשום 110 ג' נאפה מעדני מלך,מגדנית הדר,IL,קרקר שומשום מעדני מל,גרמים,110.00,100 גרם,false,,3.20,0.0291,true,1,158591
7290003220434,false,פתי פר מעדני המלך וניל 110 גרם,מגדנית הדר,IL,פתי בר וניל מעדני מל,גרמים,110.00,100 גרם,false,,2.90,0.0264,true,1,158592
7290003220441,false,פתי בר מעדני המלך שוקו 110 גרם,מגדנית הדר,IL,פתי בר שוקו מעדני מל,גרמים,110.00,100 גרם,false,,2.90,0.0264,true,1,158593
7290003220465,false,פתי בר שוקו' מעדני המלך 500 גר',מגדנית הדר,IL,פתי בר שוקו מעדני מל,גרמים,500.00,100 גרם,false,,8.50,0.0170,true,1,158595
7290003220595,false,"ווק אורז לסושי 1 ק""ג WOK","מיה תעשיות מזון בע""מ",IL,"ווק אורז לסושי 1 ק""ג",גרמים,1000.00,100 גרם,false,,12.90,0.0129,true,1,150127
7290003220649,false,שמן שומשום 100% טהור150מ,הו צ'קינג הינג אוי פ,SG,ווק שמן שומשום 100%,מיליליטרים,150.00,"100 מ""ל",false,,14.50,0.0967,true,1,150128
7290003220779,false,"ווק אטריות אורז עובי 3 מ""מ 400 גרם",אסיאן סופירה פודס חב,TH,ווק אטריות אורז עובי,גרמים,400.00,100 גרם,false,,9.90,0.0248,true,1,150130
7290003220830,false,"WOK חומץ אורז יסמין 500 מ""ל",דיאמונד פריזרוד פודס,TH,ווק חומץ אורז יסמין,מיליליטרים,500.00,"100 מ""ל",false,,14.90,0.0298,true,1,150132
7290003220939,false,אטריות אורז דקיקות ללא גלוטן 400 ג' WOK,אסיאן סופירה פודס חב,TH,ווק אטריות אורז דקיק,גרמים,400.00,100 גרם,false,,9.90,0.0248,true,1,150133
7290003220977,false,עוגיות חצי ירח מצופה 175 נאפה מעדני מלך,מגדנית הדר,IL,מעדני מלך ביסקוויט י,גרמים,175.00,100 גרם,false,,6.90,0.0394,true,1,156615
7290003229109,false,פסטרמה הודו בפפריקה טירת צבי 400 גרם,הנסיך- מפעל לייצור ט,IL,א.מ. פסטר' בפפריקה 4,גרמים,400.00,100 גרם,false,,25.90,0.0647,true,1,159687
7290003229147,false,נקניק סלמי איטלקי מעושן טירת צבי 300 גרם,הנסיך- מפעל לייצור ט,IL,סלמי בסגנון איטלקי 3,גרמים,300.00,100 גרם,false,,26.90,0.0897,true,1,146215
7290003229192,false,נקניק כתף בקר מעושן 2% טירת צבי 400 גרם,טיב טירת צבי 2000,IL,נקניק כתף בקר מעושן,גרמים,400.00,100 גרם,false,,34.90,0.0872,true,1,161198
7290003229208,false,פסטרמה ספרדית 2% טירת צבי 360 גרם,טירת צבי - מדף,IL,פסטרמה ספרדית 2% טיר,גרמים,360.00,100 גרם,false,,25.90,0.0719,true,1,161199
7290003268030,false,חלה ת מגש דגנית 500,,IL,חלה ת מגש דגנית 500,גרמים,500.00,100 גרם,false,,5.17,0.0103,true,1,163795
7290003268252,false,לחם חיטה מלא לילדים 750 ג' דגנית עין בר,דגנית עין בר תעשיות מזון,IL,לחם חיטה לילדים דגני,גרמים,750.00,100 גרם,false,,13.90,0.0185,true,1,163796
7290003268429,false,לחם ירוק מקמח מלא 750 ג' דגנית עין בר,דגנית עין בר תעשיות מזון,IL,לחם ירוק דגנית 750 ג,גרמים,750.00,100 גרם,false,,13.90,0.0185,true,1,163797
7290003321292,false,גבינה לבנה 9% שומן 250 ג' שטראוס,מיוצר עי קונדיטוריית,IL,גבינה לבנה סקי 9% סק,גרמים,250.00,100 גרם,false,,4.98,0.0199,true,1,146602
7290003423909,false,חטיף קוקיס אנד קרים לבן 43 גרם,ליימן מותגים,US,הרשי חטיף שוקולד לבן,גרמים,45.00,100 גרם,false,,5.00,0.1111,true,1,142801
7290003457861,false,סולרו קלאסיק חלבי - פירות טרופיים,"מיוצר ע""\י גלידת שטראוס",IL,סולרו קלאסיק חלבי -,יחידה,1.00,יחידה,false,,8.50,8.5000,true,1,150249
7290003457861,false,סולרו קלאסיק חלבי - פירות טרופיים,"מיוצר ע""\י גלידת שטראוס",IL,סולרו קלאסיק חלבי -,Unknown,1.00,יחידה,false,,8.50,8.5000,true,1,150249
7290003550753,false,רביעיית טונה בשמן פוסידון 108 גרם,"מיוצר עי וליגר בעמ,",IL,נתחי טונה בהירה בשמן,גרמים,432.00,100 גרם,false,,20.90,0.0484,true,1,145949
7290003569021,false,כרובית ארוזה יח' רמי לוי,,,כרובית,יחידה,1.00,יחידה,false,,9.90,9.9000,true,1,150555
7290003569021,false,כרובית ארוזה יח' רמי לוי,,,כרובית,Unknown,1.00,יחידה,false,,9.90,9.9000,true,1,150555
7290003578108,false,חתיכות אננס בסירופ קל וילי פוד 850 גרם,טקרנג פינאפל אינדסטר,TH,אננס חתוך 850 גרם,גרמים,850.00,100 גרם,false,,8.90,0.0105,true,1,159579
7290003578177,false,תירס צעיר שלם וילי פוד 210 גרם,מגסטיק פוד אידסטרי ק,TH,תירס גמדי 410 גרם,גרמים,410.00,100 גרם,false,,7.50,0.0183,true,1,141437
7290003578672,false,ויליפוד שמן חמניות 1 ליטר{בית יוסף},וילי פוד,TR,שמן חמניות מזוכך ויל,מיליליטרים,1000.00,"100 מ""ל",false,,13.90,0.0139,true,1,156188
7290003643004,false,"סוגת אורז בסמטי קלאסי 1 ק""ג",האי נאם סי או אל.טי.,IL,אורז בסמטי קלאסי סוג,גרמים,1000.00,100 גרם,false,,13.90,0.0139,true,1,145036
7290003643646,false,"סוכר דמררה קלאסי בצנצנת סוגת 1 ק""ג",האי נאם סי או אל.טי.,IL,סוכר דמררה בצנצנת סו,גרמים,1000.00,100 גרם,false,,12.90,0.0129,true,1,148579
7290003643684,false,אפונה יבשה סוגת 500 גר',האי נאם סי או אל.טי.,IL,אפונה ירוקה יבשה סוג,גרמים,500.00,100 גרם,false,,6.50,0.0130,true,1,140687
7290003643714,false,חומוס גרגירים 500 גרם סוגת,האי נאם סי או אל.טי.,IL,חומוס יבש סוגת 500 ג,גרמים,500.00,100 גרם,false,,7.90,0.0158,true,1,140689
7290003643738,false,סוגת חיטה 500 גרם,האי נאם סי או אל.טי.,IL,חיטה סוגת 500 גרם,גרמים,500.00,100 גרם,false,,5.90,0.0118,true,1,140690
7290003643745,false,סוגת כוסמת 500 גרם,האי נאם סי או אל.טי.,IL,כוסמת סוגת 500 גרם,גרמים,500.00,100 גרם,false,,7.90,0.0158,true,1,140691
7290003643769,false,עדשים אדומים יבש סוגת 500 גר',"סוגת תעשיות בע""\מ",IL,עדשים אדומות סוגת 50,גרמים,500.00,100 גרם,false,,7.90,0.0158,true,1,140693
7290003643776,false,"פופקורן גרעינים סוגת 500 ג' כשל""פ",האי נאם סי או אל.טי.,IL,פופקורן סוגת 500 גרם,גרמים,500.00,100 גרם,false,,5.90,0.0118,true,1,140694
7290003643806,false,שעועית לבנה יבשה סוגת 500 ג',האי נאם סי או אל.טי.,IL,שעועית לבנה יבשה סוג,גרמים,500.00,100 גרם,false,,11.90,0.0238,true,1,146144
7290003643813,false,שעועית אדומה יבשה סוגת 500 גר',האי נאם סי או אל.טי.,IL,שעועית אדומה סוגת 50,גרמים,500.00,100 גרם,false,,10.90,0.0218,true,1,146145
7290003726615,false,"טופו ויילר 300 גרם ""שטראוס""",הדקלאים אגודת שיתופי,IL,טופו ויילר 300 גרם,גרמים,300.00,100 גרם,false,,10.90,0.0363,true,1,152427
7290003726875,false,טופו חומוס בתוספת פסטו 300 ג' משק ויילר,"משק ויילר בע""\מ",IL,טופו חומוס עם פסטו מ,גרמים,300.00,100 גרם,false,,13.50,0.0450,true,1,159432
7290003864478,false,סרדינים בשמן צמחי פתח קל ויליפוד 110 גרם,גולדן פרייז קאנינג א,TH,סרדין בשמן צמחי 110,גרמים,110.00,100 גרם,false,,5.90,0.0536,true,1,141438
7290003864492,false,סרדינים בשמן צמחי חריף פתח קל ויליפוד 110ג',גולדן פרייז קאנינג א,TH,סרדין בשמן צמחי חריף,גרמים,110.00,100 גרם,false,,5.90,0.0536,true,1,141440
7290003882922,false,עלי גפן ממולאים באורז וילי פוד 360 גרם,הזה פלאקספו פוד קו ב,CN,עלי גפן ממולא 400 גר,גרמים,400.00,100 גרם,false,,9.50,0.0238,true,1,145138
7290003976607,false,גל אקונומיקה סמיכה לבנדר טאצ' לבנדר 4 ל',סאסאטק,IL,ג'ל אקונומיקה סמיכה,מיליליטרים,4000.00,"100 מ""ל",false,,13.90,0.0035,true,1,165357
7290003989096,false,סלט חצילים פיקנטי אחלה 500 גרם,מיוצר עי קונדיטוריית,IL,חציל פיקנטי 500,גרמים,575.00,100 גרם,false,,15.90,0.0277,true,1,146603
7290003989539,false,לורנצו רביולי במילוי גבינה,מיוצר עי קונדיטוריית,IL,רביולי גבינה 400 גרם,גרמים,400.00,100 גרם,false,,19.80,0.0495,true,1,140388
7290003989553,false,פסטה טורטליני גבינה ופטריות 400 גרם,מיוצר עי קונדיטוריית,IL,טרטוליני פטריות 400,גרמים,400.00,100 גרם,false,,19.80,0.0495,true,1,146604
7290004011284,false,ריצ בסיס להכנת קצפת 25% 212מל,ריצ' פרודקטס קורפריי,US,בסיס הכנת קצפת ריצ',מיליליטרים,212.00,"100 מ""ל",false,,9.90,0.0467,true,1,146027
7290004011338,false,"ספריי קצפת מתוקה מוכנה ריץ' 250 מ""ל",האי נאם סי או אל.טי.,IT,ריצ' קצפת חלבי,מיליליטרים,250.00,"100 מ""ל",false,,14.90,0.0596,true,1,141543
7290004011819,false,המבורגר ריב אנטריקוט אל גאוצ'ו 360 גרם,האי נאם סי או אל.טי.,IL,המבורגר ריב אנטריקוט,גרמים,360.00,100 גרם,false,,22.90,0.0636,true,1,146031
7290004014407,false,עדשי מ&מ'ס חמאת בוטנים46,מרס נדרלנד,US,M&M's חמאת בוטנים אר,גרמים,46.00,100 גרם,false,,4.90,0.1065,true,1,146827
7290004030216,false,משקה בטעם חמוציות 1 ליטר פריניב,פריניב בעמ,IL,נקטר חמוציות 1 ליטר,מיליליטרים,1000.00,"100 מ""ל",false,,13.90,0.0139,true,1,145497
7290004030445,false,מיץ תפוזים סחוט רכיבים טבעיים 1 ליטר פרי ניב,פריניב בעמ,IL,מיץ תפוזים 100 סחוט,מיליליטרים,1000.00,"100 מ""ל",false,,15.10,0.0151,true,1,145425
7290004063016,false,מלח שולחן -מוצר בפיקוח,האי נאם סי או אל.טי.,IL,"מלח שולחן דק 1 ק""ג",גרמים,1000.00,100 גרם,false,,1.90,0.0019,true,1,143883
7290004063016,false,מלח שולחן -מוצר בפיקוח,האי נאם סי או אל.טי.,IL,"מלח שולחן דק 1 ק""ג",גרמים,1000.00,100 גרם,false,,1.90,0.0019,true,1,148417
7290004063115,false,"מלח מטבח עבה להמלחת בשר ובישול 1 ק""ג 1ק""ג",האי נאם סי או אל.טי.,IL,"מלח עבה 1 ק""ג",גרמים,1000.00,100 גרם,false,,1.90,0.0019,true,1,148418
7290004068028,false,"יוגורט צזיקי לשתייה 3.5% 500 מ""ל רובין",מיוצר על ידי קוד יצר,IL,משקה ציזיקי גד 500 מ,מיליליטרים,500.00,"100 מ""ל",false,,9.90,0.0198,true,1,145674
7290004068035,false,"יוגורט לשתייה איירן 3% גד 500 מ""ל","מיוצר ע""י קוד יצרן M",IL,יוגורט איירן 3% 500,מיליליטרים,500.00,"100 מ""ל",false,,8.50,0.0170,true,1,145675
7290004068172,false,יוגורט עזים בדלי 5% שומן 600 ג' גד,קוד יצרן MKN,IL,יוגורט עיזים בדלי 5%,גרמים,600.00,100 גרם,false,,16.90,0.0282,true,1,145676
7290004078270,false,נוזל לניקוי כלים בריח לימון פלמוליב 1 ליטר,יבואן ומשווק: ש. שסט,GR,נוזל לניקוי כלים 18%,מיליליטרים,1000.00,"100 מ""ל",false,,14.50,0.0145,true,1,149174
7290004078690,false,"אגקס נוזל לניקוי אסלות מרענן 750 מ""ל",הנסיך- מפעל לייצור ט,GR,ג'ל עם אקונומיקה בני,מיליליטרים,750.00,"100 מ""ל",false,,15.90,0.0212,true,1,146405
7290004119522,false,"משקה תנובה שוקו 2% קרלו שקית 225מ""ל",תנובה מרכז שיתופי לש,IL,שוקו שוק בשקית 225 מ,מיליליטרים,225.00,"100 מ""ל",false,,2.90,0.0129,true,1,142530
7290004119973,false,קרלו מעדן שוקו רביעיה גביע 1.5% 125 גרם,תנובה מרכז שיתופי לש,IL,קרלו שוקולד 125 גרם,גרמים,125.00,100 גרם,false,,2.90,0.0232,true,1,161126
7290004121754,false,יוגורט ביו עוגת גבינה ותות 3% יופלה 150 גרם,תנובה חלב,IL,יופלה יוגורט עוגת גב,גרמים,150.00,100 גרם,false,,5.50,0.0367,true,1,159677
7290004121853,false,גבינה בולגרית פיראוס 5% קוביות 200 גרם,תנובה מרכז שיתופי לש,IL,קוביות גבינה בולגרית,גרמים,250.00,100 גרם,false,,20.90,0.0836,true,1,150101
7290004122119,false,פתיתי פרמזן לפסטה 23% השף הלבן 100 גרם,פ.פ.ח. שאביט,IL,פתיתי פרמזן מגורדת 2,גרמים,100.00,100 גרם,false,,12.10,0.1210,true,1,152463
7290004122119,false,פתיתי פרמזן לפסטה 23% השף הלבן 100 גרם,פ.פ.ח. שאביט,IL,פתיתי פרמזן מגורדת 2,גרמים,100.00,100 גרם,false,,12.10,0.1210,true,1,152464
7290004122195,false,גוש חלב גבינה צהובה פרוסה 28% תנובה 200 גרם,תנובה חלב,IL,גוש חלב פרוס 200 גרם,גרמים,200.00,100 גרם,false,,13.80,0.0690,true,1,145426
7290004122270,false,עמק קלאסית פרוסות גבינה חצי קשה 28% 200 גרם,תנובה מרכז שיתופי לש,IL,גבינה עמק פרוס 28% ב,גרמים,200.00,100 גרם,false,,15.90,0.0795,true,1,145427
7290004122348,false,גבינת עמק לייט פרוס בקופסא 200 גרם,תנובה מרכז שיתופי לש,IL,עמק לייט פרוס 9% 200,גרמים,200.00,100 גרם,false,,16.60,0.0830,true,1,142558
7290004122676,false,גבינת חמד לייט 5% פיראוס 250 ג',"תנובה,מחלבת טנא נוגה",IL,פיראוס חמד 5% גביע 2,גרמים,250.00,100 גרם,false,,18.50,0.0740,true,1,145428
7290004122683,false,עמק חטיף אצבעות גבינה חצי קשה 28% שומן,תנובה מרכז שיתופי לש,IL,עמק אצבעות גבינה 28%,גרמים,172.00,100 גרם,false,,16.40,0.0953,true,1,152465
7290004124205,false,יופלה דיאט יוגורט תות %0 גביע 150 גרם,תנובה מרכז שיתופי לש,IL,יופלה דיאט יוגורט תו,גרמים,150.00,100 גרם,false,,5.00,0.0333,true,1,145429
7290004125370,false,"שמנת חמוצה 9% מופחתת שומן תנובה 200 מ""ל מהדרין",תנובה מרכז שיתופי לש,IL,שמנת חמוצה 9% תנובה,גרמים,200.00,100 גרם,false,,3.70,0.0185,true,1,159164
7290004125400,false,"אשל שלי מהדרין 200 מ""ל 4.5% ""תנובה""- מוצר בפיקוח",פארייפאבה אגרואינדוס,IL,שלי אשל 4.5% תנובה 2,מיליליטרים,200.00,"100 מ""ל",false,,1.69,0.0084,true,1,144632
7290004125417,false,"גיל 3% שלי 200 מ""ל ""תנובה"" -מוצר בפיקוח",תנובה מרכז שיתופי לש,IL,שלי גיל 3% תנובה 200,מיליליטרים,200.00,"100 מ""ל",false,,1.51,0.0076,true,1,144633
7290004125455,false,"שמנת חמוצה 200 מ""ל 15% ""תנובה"" -מוצר בפיקוח",תנובה מרכז שיתופי לש,IL,שמנת אורגינל 15% תנו,מיליליטרים,200.00,"100 מ""ל",false,,2.40,0.0120,true,1,144637
7290004125509,false,"שמנת חמוצה 15% מועשרת תנובה 100 מ""ל",תנובה מרכז שיתופי לש,IL,שמנת חמוצה 15% תנובה,מיליליטרים,100.00,"100 מ""ל",false,,1.70,0.0170,true,1,159165
7290004125578,false,משקה סויה מעושר בסידן תנובה 1ל',תנובה מרכז שיתופי לש,IL,משקה סויה מועשר בסיד,מיליליטרים,1000.00,"100 מ""ל",false,,10.90,0.0109,true,1,149743
7290004125585,false,משקה סויה בטעם וניל תנובה 1 ליטר,תנובה מרכז שיתופי לש,IL,משקה סויה בטעם וניל,מיליליטרים,1000.00,"100 מ""ל",false,,10.90,0.0109,true,1,149744
7290004125721,false,"השף הלבן שמנת עמידה לבישול 15% תנובה 250 מ""ל",תנובה מרכז שיתופי לש,IL,שמנת לבישול 15% השף,מיליליטרים,250.00,"100 מ""ל",false,,8.10,0.0324,true,1,142562
7290004125738,false,שמנת מתוקה להקצפה32% 250מל עמיד השף הלבן,תנובה מרכז שיתופי לש,IL,שמנת מתוקה להקצפה 32,מיליליטרים,250.00,"100 מ""ל",false,,6.20,0.0248,true,1,150080
7290004125776,false,גבינה צהובה עמק 28% 400 גרם בקופסא,תנובה חלב,IL,עמק גבינה צהובה פרוס,גרמים,400.00,100 גרם,false,,27.80,0.0695,true,1,152093
7290004126674,false,טל העמק פרוסות גבינה חצי קשה לייט %9 200 גרם בקופסא,תנובה מרכז שיתופי לש,IL,טל העמק פרוס 9% 200,גרמים,200.00,100 גרם,false,,18.80,0.0940,true,1,159166
7290004127077,false,קוטג תנובה 3% גביע 250 גרם מהדרין,מיוצר עי קונדיטוריית,IL,גבינת קוטג' 3% תנובה,גרמים,250.00,100 גרם,false,,5.70,0.0228,true,1,142564
7290004127329,false,קוטג תנובה גביע 250 גרם %5 ו.מהדרין,מיוצר עי קונדיטוריית,IL,גבינת קוטג' 5% תנובה,גרמים,250.00,100 גרם,false,,5.70,0.0228,true,1,142534
7290004127336,false,קוטג תנובה גביע 250 גרם %9 ו.מהדרין,מיוצר עי קונדיטוריית,IL,גבינת קוטג' 9% תנובה,גרמים,250.00,100 גרם,false,,5.70,0.0228,true,1,142565
7290004127800,false,"גבינה לבנה 500 גרם 5% ""תנובה"" -מוצר בפיקוח",מיוצר עי קונדיטוריית,IL,גבינה לבנה תנובה 5%,גרמים,500.00,100 גרם,false,,9.95,0.0199,true,1,144636
7290004128333,false,לאבנה על בסיס יוגורט %9 שומן 500 ג' פיראוס,תנובה חלב,IL,פיראוס לבנה גביע 500,גרמים,500.00,100 גרם,false,,19.40,0.0388,true,1,161142
7290004128432,false,פתיתים מיוחדים לפיצה על בסיס גבינה 500 ג',תנובה חלב,IL,פתיתי לפיצה 500 גרם,גרמים,500.00,100 גרם,false,,22.90,0.0458,true,1,152467
7290004129101,false,גבינת שמנת 25% בטעם טבעי 225 ג' נפוליאון,תנובה מרכז שיתופי לש,IL,גבינת שמנת 25% בטעם,גרמים,225.00,100 גרם,false,,13.90,0.0618,true,1,159281
7290004129156,false,גבינת שמנת25% עם שום שמיר 225 ג' נפוליאון,תנובה מרכז שיתופי לש,IL,נפוליאון שום שמיר 22,גרמים,225.00,100 גרם,false,,13.90,0.0618,true,1,142537
7290004130794,false,משקה סויה במתיקות מופחתת תנובה 1 ליטר,תנובה מרכז שיתופי לש,IL,משקה סויה טבעי במתיק,מיליליטרים,1000.00,"100 מ""ל",false,,9.90,0.0099,true,1,142567
7290004131074,false,"חלב 1 ליטר 3% קרטון ""תנובה""- מוצר בפיקוח",תנובה מרכז שיתופי לש,IL,חלב קרטון 3% תנובה 1,מיליליטרים,1000.00,"100 מ""ל",false,,6.23,0.0062,true,1,142568
7290004131432,false,יוגורט יופלה לבן ביו 3% 200 גרם,מיוצר עי קונדיטוריית,IL,יופלה לבן 3% גביע 20,גרמים,200.00,100 גרם,false,,4.00,0.0200,true,1,158559
7290004131456,false,יוגורט ביו 1.5% שומן 200 ג' יופלה,מיוצר עי קונדיטוריית,IL,יופלה לבן 1.5% גביע,גרמים,200.00,100 גרם,false,,4.00,0.0200,true,1,158560
7290004131814,false,גבינה צפתית 5% מעודנת 200 ג' פיראוס,פארייפאבה אגרואינדוס,IL,צפתית מעודנת,קילוגרמים,1.00,"ק""ג",false,,14.60,14.6000,true,1,161129
7290004131814,false,גבינה צפתית 5% מעודנת 200 ג' פיראוס,פארייפאבה אגרואינדוס,IL,צפתית מעודנת,פריט,1.00,"ק""ג",false,,14.60,14.6000,true,1,161129
7290004132552,false,משקה סויה בטעם טבעי לייט תנובה 1 ליטר,תנובה מרכז שיתופי לש,IL,משקה סויה לייט בטעם,מיליליטרים,1000.00,"100 מ""ל",false,,10.90,0.0109,true,1,149745
7290004132712,false,חטיף אצבעות גבינת מוצרלה 20% 172 ג' עמק,תנובה מרכז שיתופי לש,IL,עמק אצבעות מוצרלה תנ,גרמים,174.00,100 גרם,false,,16.40,0.0943,true,1,152462
7290004132903,false,גבינה לבנה 3% מהדרין תנובה 250 גרם,תנובה מרכז שיתופי לש,IL,גבינה לבנה 3% 250 גר,גרמים,250.00,100 גרם,false,,4.98,0.0199,true,1,148610
7290004133511,false,יופלה מאגדת לבן 1.5% מעודן 8 יח' * 150 ג',מיוצר עי קונדיטוריית,IL,מאגדת לבן 1.5% מעודן,מיליליטרים,1200.00,"100 מ""ל",false,,20.70,0.0172,true,1,161130
7290004135614,false,גבינה בולגרית מעודנת 5% פיראוס 250 גרם,תנובה חלב,IL,גבינה בולגרית מעודנת,גרמים,250.00,100 גרם,false,,21.90,0.0876,true,1,155155
7290004136598,false,מארז הפסקת אוכל עם קורנפלקס ומשקה חלב עמיד בטעם וניל,פארייפאבה אגרואינדוס,IL,מארז הפסקת אוכל חלב,גרמים,150.00,100 גרם,false,,9.50,0.0633,true,1,145436
7290004136598,false,מארז הפסקת אוכל עם קורנפלקס ומשקה חלב עמיד בטעם וניל,פארייפאבה אגרואינדוס,IL,מארז הפסקת אוכל חלב,גרמים,150.00,100 גרם,false,,9.50,0.0633,true,1,145485
7290004136857,false,מעדן גלי פטל תנובה 125 גרם,תנובה מרכז שיתופי לש,IL,ג'לי בטעם פטל 125,גרמים,125.00,100 גרם,false,,2.60,0.0208,true,1,142572
7290004136871,false,מעדן ג'לי בטעם אפרסק עם חתיכות תנובה 125 גרם,תנובה מרכז שיתופי לש,IL,ג'לי אפרסק עם חתיכות,גרמים,125.00,100 גרם,false,,2.80,0.0224,true,1,142541
7290004137021,false,"שמנת עמידה לבישול מופחת שומן 10% השף הלבן 250 מ""ל",תנובה מרכז שיתופי לש,IL,שמנת עמידה לבישול 10,מיליליטרים,250.00,"100 מ""ל",false,,8.00,0.0320,true,1,152380
7290004137809,false,פיראוס לאבנה 5% גביע 250 גרם,"תנובה, מחלבת אלון תב",IL,פיראוס לאבנה 5% גביע,גרמים,250.00,100 גרם,false,,12.50,0.0500,true,1,145437
7290004267766,true,אוזני המן בטעמים 175,,,אוזני המן בטעמים 175,,0.00,,false,,5.00,0.0000,true,1,142442
7290004554330,false,"קרחון בטעם דובדבן ""שטראוס""","מיוצר ע""\י גלידת שטראוס",IL,אסקימו דובדבן,יחידה,1.00,יחידה,false,,2.90,2.9000,true,1,150254
7290004554330,false,"קרחון בטעם דובדבן ""שטראוס""","מיוצר ע""\י גלידת שטראוס",IL,אסקימו דובדבן,Unknown,1.00,יחידה,false,,2.90,2.9000,true,1,150254
7290004554798,false,שלגון מטרה פטל לימון וענבים שטראוס,"מיוצר ע"" גלידת שטראו",IL,מטרה,יחידה,1.00,יחידה,false,,5.90,5.9000,true,1,150257
7290004554798,false,שלגון מטרה פטל לימון וענבים שטראוס,"מיוצר ע"" גלידת שטראו",IL,מטרה,Unknown,1.00,יחידה,false,,5.90,5.9000,true,1,150257
7290004584351,false,גבינה לבנה סימפוניה עם תוספות 200 ג' חמישית 200,"שטראוס בריאות בע""\מ",IL,גבינה במרקם שמנת סימ,גרמים,200.00,100 גרם,false,,11.00,0.0550,true,1,145313
7290004584528,false,יוגורט דנונה ביו לבן 1.7% שומן 200 גרם,מיוצר עי קונדיטוריית,IL,דנונה ביו 1.7% 200 ג,גרמים,200.00,100 גרם,false,,3.70,0.0185,true,1,147378
7290004731670,false,"מטהר אוויר דואופרש פצ'ולי לבנדר סנו 300 מ""ל","סנו מפעלי ברונוס בע""\מ",IL,סנו מטהר אויר דואופר,מיליליטרים,330.00,"100 מ""ל",false,,11.90,0.0361,true,1,141917
7290004737900,false,חלב כחוש מרוכז וממותק בתוספת שמן צמחי ויליפוד 397 גרם,יו.איי.בי מאריג'אמפו,LT,חלב מרוכז ממותק 397,גרמים,397.00,100 גרם,false,,10.90,0.0275,true,1,147788
7290004914912,false,מפיץ סטייל יוקרתי,,,מפיץ יוקרתי,יחידה,1.00,יחידה,false,,17.90,17.9000,true,1,149565
7290004914912,false,מפיץ סטייל יוקרתי,,,מפיץ יוקרתי,Unknown,1.00,יחידה,false,,17.90,17.9000,true,1,149565
7290005174513,false,סלט חצילים במיונז אחלה 500 גרם,מיוצר עי קונדיטוריית,IL,חצילים במיונז 500 ג,גרמים,500.00,100 גרם,false,,15.90,0.0318,true,1,146605
7290005174551,false,סלט חומוס עם צנוברים 125 ג' אחלה,מיוצר עי קונדיטוריית,IL,סלט חומוס יום יום אח,גרמים,125.00,100 גרם,false,,4.90,0.0392,true,1,140391
7290005174568,false,סלט חצילים במיונז אחלה 125 גרם,"שטראוס גרופ בע""\מ",IL,סלט חצילים במיונז יו,גרמים,125.00,100 גרם,false,,4.90,0.0392,true,1,147379
7290005174575,false,טחינה אחלה יום יום משובחת 125ג',מיוצר עי קונדיטוריית,IL,סלט טחינה יום יום אח,גרמים,125.00,100 גרם,false,,4.90,0.0392,true,1,147380
7290005175428,false,"קמח תירס לל""ג ריבארה 500 ג'",קריות זול,AR,קמח תירס אינסטנט 500,גרמים,500.00,100 גרם,false,,5.90,0.0118,true,1,145101
7290005197758,false,"עוגיות חיוכים שוקולד עלית 150 גרם בד""צ",אפיפית נצרת תעשיות ב,IL,חיוכים שוקו 150 גרם,גרמים,150.00,100 גרם,false,,4.90,0.0327,true,1,140392
7290005200786,false,תפוצ'יפס בטעם שמנת בצל עלית 50 גרם,"שטראוס פריטו ליי בע""\מ )",IL,תפוציפס שמנת ובצל 50,גרמים,50.00,100 גרם,false,,4.00,0.0800,true,1,140576
7290005287206,false,רביעיית טונה בשמן סטארקיסט 160 גרם,"סטארקיסט פודור בע""מ",VN,טונה סטארקיסט בשמן 4,גרמים,640.00,100 גרם,false,,24.90,0.0389,true,1,141278
7290005287251,false,רביעיית טונה במים סטארקיסט 160 גרם,"סטארקיסט פודור בע""מ",VN,נתחי טונה סטארקיסט ב,גרמים,640.00,100 גרם,false,,24.90,0.0389,true,1,141279
7290005287657,false,"סטארקיסט ממרח טונה 160 גרם בד""צ","סטארקיסט פודור בע""מ",TH,ממרח טונה 160 גרם,גרמים,160.00,100 גרם,false,,6.90,0.0431,true,1,141280
7290005423253,false,"סנו - מקסימה מרסס למייבש כביסה אולטרה פרש 750 מ""ל","סנו מפעלי ברונוס בע""\מ",IL,מקסימה למייבש אולטרא,מיליליטרים,750.00,"100 מ""ל",false,,16.30,0.0217,true,1,147312
7290005425646,false,קליר נוזל לניקוי חלונות רב תכליתי סנו 1 ליטר,"סנו מפעלי ברונוס בע""\מ",IL,ספריי רב תכליתי לניק,מיליליטרים,1000.00,"100 מ""ל",false,,12.90,0.0129,true,1,141921
7290005431906,false,קדאיף עדן קינוחים 82 גרם,עדן קינוחים Eden,IL,מעדן קדאיף עדן קינוח,גרמים,82.00,100 גרם,false,,6.90,0.0841,true,1,158975
7290005431913,false,עוגת גבינה פירורים עדן קינוחים 92 גרם,עדן קינוחים Eden,IL,עוגת גבינה פירורים ע,גרמים,92.00,100 גרם,false,,6.90,0.0750,true,1,158976
7290005431968,false,מלבי שמנת עדן קינוחים 150 גרם,עדן קינוחים Eden,IL,מלבי שמנת עדן קינוחי,גרמים,150.00,100 גרם,false,,6.90,0.0460,true,1,158977
7290005509445,false,עוגיות מיני קוקיס חמאה בצנצנת כרמית 600 גרם,כרמית תעשיות ממתקים,IL,מיני קוקיס בטעם חמאה,גרמים,600.00,100 גרם,false,,16.90,0.0282,true,1,147633
7290005559907,false,פיצה משפחתית 100% גבינה מעדנות 500 גרם,מיוצר עי קונדיטוריית,IL,פיצה משפחתית 100% גב,גרמים,500.00,100 גרם,false,,23.90,0.0478,true,1,145536
7290005559914,false,פיצה משפחתית עם 100% גבינה בתוספת זיתים מעדנות 550 גרם,מיוצר עי קונדיטוריית,IL,פיצה משפחתית זיתים מ,גרמים,550.00,100 גרם,false,,23.90,0.0435,true,1,145537
7290005591761,false,דבש טהור מפרחי בר בלחיץ 400 ג' יד מרדכי,מכוורת יד מרדכי שטראוס ב,IL,דבש טהור לחיץ 400 גר,גרמים,400.00,100 גרם,false,,21.90,0.0547,true,1,145068
7290005610127,false,תפוח אדמה גורמה דוד משה,אראל תוצרת חקלאית בע,IL,תפוח אדמה גורמה דוד,קילוגרמים,1.00,"ק""ג",true,,6.90,6.9000,true,1,151612
7290005610127,false,תפוח אדמה גורמה דוד משה,אראל תוצרת חקלאית בע,IL,תפוח אדמה גורמה דוד,קילוגרמים,1.00,"ק""ג",true,,6.90,6.9000,true,1,151612
7290005838002,false,מעדן גבינה ויוגורט בטעם וניל 88 ג' דניאלה,"שטראוס בריאות בע""מ",IL,דניאלה וניל 150 גרם,גרמים,150.00,100 גרם,false,,4.10,0.0273,true,1,140393
7290005838613,false,"סקי וניל בודד 125 גרם ""שטראוס""","שטראוס בריאות בע""\מ",IL,סקי וניל 125 בודד,גרמים,125.00,100 גרם,false,,3.70,0.0296,true,1,146607
7290005839078,false,שמיניית יוגורט לבן 3% ביו דנונה 150 גרם,מיוצר עי קונדיטוריית,IL,מארז 8 חסכון - ביו 3,גרמים,1200.00,100 גרם,false,,15.90,0.0133,true,1,158191
7290005839108,false,גבינה לבנה סימפוניה עם תוספות 200 ג'+זיתים 5%,"שטראוס בריאות בע""\מ",IL,גבינה במרקם שמנת 5%,גרמים,200.00,100 גרם,false,,11.00,0.0550,true,1,145314
7290005839313,false,"מילקי טופ מגולגלת שטראוס 170 מ""ל",מיוצר עי קונדיטוריית,IL,מילקי טופ מגולגלת 17,מיליליטרים,170.00,"100 מ""ל",false,,4.90,0.0288,true,1,140395
7290005896637,false,סאן בנדטו - מים מינרלים טבעיים מהאלפים 1.5 ליטר,אקווה מינרלה סאן בנדטו ב,IT,מים מינרליים טבעיים,מיליליטרים,9000.00,"100 מ""ל",false,,4.80,0.0005,true,1,165521
7290005938245,false,ממרח פסטו קלאסי פרסקו 220ג' מצונן,מיוצר עי פרסקו חצבה,IL,פסטו קלאסי 220 גרם,גרמים,220.00,100 גרם,false,,18.90,0.0859,true,1,146050
7290005938610,false,טפנד זיתים ירוקים 220 ג,פרסקו חצבה,IL,טפנד זיתים ירוקים,גרמים,220.00,100 גרם,false,,17.90,0.0814,true,1,146052
7290005951039,false,כרובית ארוזה,,,כרובית,יחידה,1.00,יחידה,false,,9.90,9.9000,true,1,156048
7290005951039,false,כרובית ארוזה,,,כרובית,Unknown,1.00,יחידה,false,,9.90,9.9000,true,1,156048
7290005992018,false,"יוגורט עיזים לשתיה 3% מחלבות גד 500 מ""ל","מיוצר ע""\י קוד יצרן MKN",IL,יוגורט לשתייה מחלב ע,מיליליטרים,500.00,"100 מ""ל",false,,12.20,0.0244,true,1,145677
7290005992575,false,גבינה בולגרית למריחה 5% גד 250 גרם,מחלבות גד בעמ,IL,גבינה בולגרית למריחה,גרמים,250.00,100 גרם,false,,15.90,0.0636,true,1,145794
7290005992735,false,לאבנה טבעי 5 אחוז 250גרם גד,הנסיך- מפעל לייצור ט,IL,גבינת לאבנה טבעית 5%,גרמים,250.00,100 גרם,false,,11.90,0.0476,true,1,145679
7290006229427,false,סן בנדטו - מים מינרלים - מארז שישיית 500 מל,קריות זול,IT,שישיית מים סאן בנדטו,מיליליטרים,3000.00,"100 מ""ל",false,,12.90,0.0043,true,1,142146
7290006229427,false,סן בנדטו - מים מינרלים - מארז שישיית 500 מל,קריות זול,IT,שישיית מים סאן בנדטו,מיליליטרים,3000.00,"100 מ""ל",false,,12.90,0.0043,true,1,148869
7290006251275,false,תה ירוק סיני קלאסי ויסוצקי 25 יחידות,תה ויסוצקי,IL,תה ירוק סיני קלאסי ו,יחידה,25.00,יחידה,false,,24.90,0.9960,true,1,150574
7290006251275,false,תה ירוק סיני קלאסי ויסוצקי 25 יחידות,תה ויסוצקי,IL,תה ירוק סיני קלאסי ו,Unknown,25.00,יחידה,false,,24.90,0.9960,true,1,150574
7290006272072,false,חטיפי פיצה גבינה מעדנות 650 גרם,"מעדנות בע""\מ",IL,חטיפי פיצה 24 יחידות,גרמים,650.00,100 גרם,false,,32.90,0.0506,true,1,142620
7290006322104,false,לחם ריחיים קל פרוס 500גר,מאפיית דוידוביץ ובניו בע,IL,לחם ריחיים קל פרוס 5,גרמים,500.00,100 גרם,false,,12.90,0.0258,true,1,141103
7290006322128,false,לחמניות קלות 6 יח בחבילה,מאפיית דוידוביץ ובניו בע,IL,לחמניות קלות 75 גרם,גרמים,450.00,100 גרם,false,,8.90,0.0198,true,1,145708
7290006322838,false,לחם מקמח מלא דוידובי,מאפיית דוידוביץ ובניו בע,IL,לחם קמח מלא 100% מאפ,גרמים,750.00,100 גרם,false,,12.90,0.0172,true,1,145711
7290006342447,false,גרעיני אבטיח ששון הקולה 200 גרם,"דין שיווק וקלייה בע""",IL,גרעין אבטיח 200 גרם,גרמים,200.00,100 גרם,false,,12.90,0.0645,true,1,157129
7290006342560,false,בוטן אמריקאי 200 גרם ששון הקולה,"דין שיווק וקלייה בע""",IL,בוטן אמריקאי 200 גרם,גרמים,200.00,100 גרם,false,,6.90,0.0345,true,1,157131
7290006492432,false,גבינת מוצרלה בייבי 18% גד 150 גרם,מחלבות גד בעמ,IL,בייבי מוצרלה 18% 150,גרמים,150.00,100 גרם,false,,14.90,0.0993,true,1,143649
7290006492616,false,גבינה בולגרית מעודנת פרוסות 5% גד 250 גרם,DSH עבור מחלבות גד ב,IL,גבינה בולגרית מעודנת,גרמים,250.00,100 גרם,false,,26.80,0.1072,true,1,145787
7290006492852,false,גבינת עיזים למריחה 5% שומן 250 ג' גד,גבינות מדף,IL,גבינת עזים למריחה 5%,גרמים,250.00,100 גרם,false,,17.90,0.0716,true,1,143650
7290006653819,false,פתיתי קוסקוס דק 350 גרם,"מיוצר ע""י קוד יצרן K",IL,אסם קוסקוס דק 350 גר,גרמים,350.00,100 גרם,false,,7.90,0.0226,true,1,149315
7290006664037,false,גמדים דגנים ארוחת בוקר מארז 100X4ג',"שטראוס בריאות בע""\מ",IL,גמדים תפוח בננה רביע,גרמים,400.00,100 גרם,false,,11.40,0.0285,true,1,147381
7290006664310,false,גבינה לבנה 3% שומן 250 ג' שטראוס,מיוצר עי קונדיטוריית,IL,גבינה לבנה 3% סקי שט,גרמים,250.00,100 גרם,false,,4.98,0.0199,true,1,145315
7290006664402,false,גבינה לבנה סקי 5% שומן 750 גרם,מיוצר עי קונדיטוריית,IL,גבינה לבנה סקי % 5 7,גרמים,750.00,100 גרם,false,,14.90,0.0199,true,1,146608
7290006664532,false,יוגורט עם תות 3% שומן 150 ג' דנונה,מיוצר עי קונדיטוריית,IL,"דנונה תות 3% 150 מ""ל",גרמים,150.00,100 גרם,false,,3.90,0.0260,true,1,145316
7290006664655,false,"אקטימל לבן טבעי מארז 100X8 מ""ל",מיוצר עי קונדיטוריית,IL,"אקטימל לבן 8*100 מ""ל",מיליליטרים,800.00,"100 מ""ל",false,,20.90,0.0261,true,1,146610
7290006664990,false,"יוגורט דנונה ביו לבן 1.7% שומן 8*150 מ""ל",מיוצר עי קונדיטוריית,IL,מארז 8 חסכון - ביו 1,גרמים,1200.00,100 גרם,false,,15.90,0.0133,true,1,147382
7290006681065,false,"קסטה שוקו וניל ""שטראוס""","מיוצר ע""\י גלידת שטראוס",IL,שלגון סנקור וניל ושו,יחידה,1.00,יחידה,false,,7.90,7.9000,true,1,150260
7290006681065,false,"קסטה שוקו וניל ""שטראוס""","מיוצר ע""\י גלידת שטראוס",IL,שלגון סנקור וניל ושו,Unknown,1.00,יחידה,false,,7.90,7.9000,true,1,150260
7290006681553,false,קרמבו בטעם וניל שטראוס 8 יחידות,"גלידת שטראוס בע""\מ",IL,קרמבו שטראוס 8*25 גר,יחידה,8.00,יחידה,false,,16.90,2.1125,true,1,145287
7290006681553,false,קרמבו בטעם וניל שטראוס 8 יחידות,"גלידת שטראוס בע""\מ",IL,קרמבו שטראוס 8*25 גר,Unknown,8.00,יחידה,false,,16.90,2.1125,true,1,145287
7290006681560,false,קרמבו בטעם מוקה שטראוס 8 יחידות,"גלידת שטראוס בע""\מ",IL,קרמבו בטעם מוקה שטרא,יחידה,8.00,יחידה,false,,16.90,2.1125,true,1,145288
7290006681560,false,קרמבו בטעם מוקה שטראוס 8 יחידות,"גלידת שטראוס בע""\מ",IL,קרמבו בטעם מוקה שטרא,Unknown,8.00,יחידה,false,,16.90,2.1125,true,1,145288
7290006739292,false,נקניק פסטרמה פרגיות ציפוי תירס,נקניק נהריה כשר זוגל,IL,פסטרמה תבור 330 גר',גרמים,330.00,100 גרם,false,,25.90,0.0785,true,1,158149
7290006739346,false,נקניקיות פרגיות טרי 400 גרם זוגלובק,נקניק נהריה כשר זוגל,IL,נקניקיות מבשר פרגיות,גרמים,400.00,100 גרם,false,,16.30,0.0408,true,1,151306
7290006739414,false,נקניק סלמי קוניאק זוגלובק 300 גרם,נקניק נהריה כשר זוגל,IL,סלמי קוניאק 300 גרם,גרמים,300.00,100 גרם,false,,25.90,0.0863,true,1,146915
7290006739421,false,נקניק סלמי מעושן איטלקי זוגלובק 300 גרם,נקניק נהריה כשר זוגל,IL,נקניק סלמי מעושן איט,גרמים,300.00,100 גרם,false,,25.90,0.0863,true,1,146916
7290006739421,false,נקניק סלמי מעושן איטלקי זוגלובק 300 גרם,נקניק נהריה כשר זוגל,IL,נקניק סלמי מעושן איט,גרמים,300.00,100 גרם,false,,25.90,0.0863,true,1,149250
7290006739445,false,שניצל תירס קלאסי 750 ג' זוגלובק,נקניק נהריה כשר זוגל,IL,שניצל תירס קלאסי 750,גרמים,750.00,100 גרם,false,,22.90,0.0305,true,1,145217
7290006739544,false,נקניק כתף בקר 3% 300 גרם,זוגלובק,IL,כתף בקר 300 גרם,גרמים,300.00,100 גרם,false,,29.90,0.0997,true,1,145218
7290006742162,false,המבורגר מזרחי זוגלובק 400 גרם,נקניק נהריה כשר זוגל,IL,המבורגר מזרחי 400 גר,גרמים,400.00,100 גרם,false,,19.90,0.0497,true,1,151972
7290006742292,false,פסטרמה הודו בדבש 330 ג' זוגלובק,נקניק נהריה כשר זוגל,IL,פסטרמה בדבש 330 גרם,גרמים,330.00,100 גרם,false,,25.90,0.0785,true,1,145224
7290006742315,false,פסטרמה חזה הודו ברביקיו 2% זוגלובק 330 גרם,נקניק נהריה כשר זוגל,IL,פסטרמה חזה הודו ברבי,גרמים,330.00,100 גרם,false,,25.90,0.0785,true,1,145226
7290006775016,false,עוגה מבית טוב 450 גרם תפוז,אחדות ביחר לטחינה חל,IL,עוגת תפוז 450 גרם אח,גרמים,450.00,100 גרם,false,,10.90,0.0242,true,1,151383
7290006775023,false,"עוגה מבית טוב"" 450 גרם אנגלית",אחדות ביחר לטחינה חל,IL,עוגה אנגלית 450 גרם,גרמים,450.00,100 גרם,false,,10.90,0.0242,true,1,151384
7290006775078,false,עוגת דבש תשרי אחוה 400 גרם,אחווה,,עוגת דבש אחוה 400 גר,גרמים,400.00,100 גרם,false,,9.90,0.0248,true,1,166211
7290006775078,false,עוגת דבש תשרי אחוה 400 גרם,אחווה,,עוגת דבש 400 גרם,גרמים,400.00,100 גרם,false,,9.90,0.0248,true,1,166268
7290006775085,false,עוגת שמרים במילוי שוקולד אחוה,אחדות ביחר לטחינה חל,IL,עוגת שמרים שוקולד 40,גרמים,400.00,100 גרם,false,,10.90,0.0273,true,1,151388
7290006822192,false,נקטר דיאט חמוציות אושן ספריי פריגת 1 ליטר,מבשלות בירה בינלאומיות ב,IL,פריגת דיאט חמוציות 1,מיליליטרים,1000.00,"100 מ""ל",false,,11.90,0.0119,true,1,150734
7290006983527,false,עוגת הבית תפוחי עץ עם פירורים 400 ג' אסם,מיוצר עי קונדיטוריית,IL,הבית עוגת תפוחי עץ ע,גרמים,400.00,100 גרם,false,,14.90,0.0373,true,1,148757
7290006983763,false,עוגת הבית שוקולד 400 גרם אסם.,מיוצר עי קונדיטוריית,IL,עוגת הבית תפוחים פיר,גרמים,400.00,100 גרם,false,,11.90,0.0298,true,1,148408
7290006983770,false,עוגת הבית שיש אסם 400 גרם,מיוצר עי קונדיטוריית,IL,עוגת הבית בטעם שוקול,גרמים,400.00,100 גרם,false,,11.90,0.0298,true,1,140867
7290006983787,false,עוגת הבית שוקולד צ'יפס אסם 400 גרם,מיוצר עי קונדיטוריית,IL,עוגת הבית שיש אסם 40,גרמים,400.00,100 גרם,false,,11.90,0.0298,true,1,140868
7290007065007,false,מוצרלה פרוסות 22% 20,,,מוצרלה פרוסות 22% 20,גרמים,200.00,100 גרם,false,,17.70,0.0885,true,1,145819
7290007933925,false,נסטלה נרדס סוכריות ב,,,נסטלה נרדס סוכריות ב,גרמים,46.70,100 גרם,false,,5.90,0.1263,true,1,161625
7290008154222,false,שניצלונים עוף טוב 700 גרם,"מוצרי עוף טוב (2001) בע""",IL,שניצלונים בציפוי מעו,גרמים,700.00,100 גרם,false,,19.90,0.0284,true,1,148758
7290008175814,false,וילי פוד פטריות שמפיניון חתוך בדץ 400ג,"אוקצ'מפ אס, איי אויי",PL,פטריות חתוכות 400 גר,גרמים,400.00,100 גרם,false,,5.50,0.0138,true,1,141445
7290008190909,false,עוגיות מיני קוקיס שוקולד צ'יפס בצנצנת כרמית 600 גרם,כרמית תעשיות ממתקים,IL,מיני קוקיס שוקו ציפס,גרמים,600.00,100 גרם,false,,16.90,0.0282,true,1,147634
7290008343466,false,בצק פילו 500 גרם שלושת האופים,שלושת האופים שגמור,IL,בצק פילו שלושת האופי,גרמים,500.00,100 גרם,false,,21.90,0.0438,true,1,147475
7290008344272,false,המבורגר 100% טיבון ויל 400 גרם,טיבון ויל אחזקות בעמ,IL,המבורגר 100% 400 גרם,גרמים,400.00,100 גרם,false,,19.90,0.0497,true,1,146057
7290008347211,false,אצבעות דג מצופות דלידג 700 גרם,אף.סי תבליני בגליל ב,IL,אצבעות דג מצופות דלי,גרמים,700.00,100 גרם,false,,22.90,0.0327,true,1,147460
7290008409100,false,אצבעות שניצל בציפוי שומשום מאמא עוף 700 גרם,תנובה גליל שותפות מוגבלת,IL,אצבעות שניצל בציפוי,גרמים,700.00,100 גרם,false,,34.90,0.0499,true,1,145555
7290008409216,false,מאמא עוף קפוא שניצל דק פריך 700 גרם,תנובה גליל,IL,שניצל דק דק פריך מאמ,גרמים,700.00,100 גרם,false,,39.90,0.0570,true,1,144894
7290008409407,false,שניצל דק צ'יפס מאמא עוף 700 גרם,תנובה גליל שותפות מוגבלת,IL,מאמא עוף שניצל דק צי,גרמים,700.00,100 גרם,false,,39.90,0.0570,true,1,145556
7290008409568,false,שניצל עוף אמיתי בציפוי שבבי ציפס 700 גר,תנובה גליל שותפות מוגבלת,IL,שניצל צ'יפס אמיתי מא,גרמים,700.00,100 גרם,false,,39.90,0.0570,true,1,145570
7290008409605,false,כוכבי עוף בציפוי מעודן מאמא עוף 700 גרם,תנובה גליל שותפות מוגבלת,IL,כוכבי עוף בציפוי מעו,גרמים,700.00,100 גרם,false,,34.90,0.0499,true,1,161203
7290008464208,false,"בירה מכבי 7.9%, בירה חזקה, בקבוק 330 מ''ל",טמפו משקאות בע''מ,IL,"מכבי 7.9% 330 מ""ל",מיליליטרים,330.00,"100 מ""ל",false,,6.90,0.0209,true,1,142151
7290008464406,false,פפסי מקס – משקה מוגז דל קלוריות פחיות 300 מל' שישייה,"טמפו משקאות בע""מ",IL,"פפסי מקס פחית 330 מ""",מיליליטרים,330.00,"100 מ""ל",false,,3.90,0.0118,true,1,164755
7290008464468,false,"בירה גולדסטאר, פחית 500 מ""ל","טמפו משקות בע""\מ",IL,"גולדסטאר פחית 500 מ""",מיליליטרים,500.00,"100 מ""ל",false,,8.40,0.0168,true,1,145489
7290008464505,false,"בקבוק מים בודד סאן בנדיטו 500 מ""ל",אקווה מינרלה סאן בנדטו ב,IT,מים סאן בנדטו 500 מל,מיליליטרים,500.00,"100 מ""ל",false,,3.00,0.0060,true,1,142155
7290008464604,false,"בירה הייניקן פחית 500 מ""ל",טמפו משקאות בע''מ,NL,"בירה הייניקן 500 מ""ל",מיליליטרים,500.00,"100 מ""ל",false,,11.90,0.0238,true,1,145487
7290008464604,false,"בירה הייניקן פחית 500 מ""ל",טמפו משקאות בע''מ,NL,"בירה הייניקן 500 מ""ל",מיליליטרים,500.00,"100 מ""ל",false,,11.90,0.0238,true,1,145490
7290008464611,false,"הסודה של טמפו, מי סודה בגיזוז חזק, 275 מל",טמפו משקאות בעמ,IL,"סודה 275 מ""ל",מיליליטרים,275.00,"100 מ""ל",false,,3.50,0.0127,true,1,144758
7290008464741,false,"בירה גולדסטאר, מארז שישייה, בקבוק 330 מ''ל","טמפו משקאות בע""\מ",IL,בירה גולד סטאר שישיי,מיליליטרים,1980.00,"100 מ""ל",false,,38.40,0.0194,true,1,142158
7290008464796,false,"בירה היינקן, מארז שישייה, בקבוק 330 מ''ל",טמפו משקאות בע''מ,IL,מארז שישייה הייניקן,מיליליטרים,1980.00,"100 מ""ל",false,,38.40,0.0194,true,1,145612
7290008500128,false,עוגת שמרים פרימיום ש,ב- פילסברי (ג'נל מיל,IL,עוגת שמרים שוקולד,יחידה,1.00,יחידה,false,,27.90,27.9000,true,1,162828
7290008500128,false,עוגת שמרים פרימיום ש,ב- פילסברי (ג'נל מיל,IL,עוגת שמרים שוקולד,Unknown,1.00,יחידה,false,,27.90,27.9000,true,1,162828
7290008644112,false,סלט מטבוחה יום יום אחלה 125 גרם,"שטראוס גרופ בע""\מ",IL,סלט מטבוחה אחלה 125,גרמים,125.00,100 גרם,false,,4.90,0.0392,true,1,147383
7290008645935,false,חומוס לניגוב אחלה 750 ג',"שטראוס גרופ בע""\מ",IL,חומוס אחלה 750 גרם,גרמים,750.00,100 גרם,false,,10.90,0.0145,true,1,146613
7290008690713,false,נקטר חמוציות אושן ספריי פריגת 1 ליטר,מבשלות בירה בינלאומיות ב,IL,נקטר חמוציות 1 ליטר,ליטרים,1.00,ליטר,false,,12.20,12.2000,true,1,143571
7290008690713,false,נקטר חמוציות אושן ספריי פריגת 1 ליטר,מבשלות בירה בינלאומיות ב,IL,נקטר חמוציות 1 ליטר,קילוגרמים,1.00,ליטר,false,,12.20,12.2000,true,1,143571
7290008693134,false,מעדן גבינה ויוגורט בטעם תות 5% שומן 88 ג' דניאלה,"שטראוס בריאות בע""מ",IL,"דניאלה תות 150 מ""ל",גרמים,150.00,100 גרם,false,,4.10,0.0273,true,1,140399
7290008713900,false,לחם שיפון עגול פרוס אנג'ל 750 גרם,מאפיית אנג'\ל אורנים מאפ,IL,לחם שיפון עגול פרוס,גרמים,750.00,100 גרם,false,,12.90,0.0172,true,1,150029
7290008745239,false,תפוצ'יפס קראנצ' בטעם טבעי עלית 50 גרם,"שטראוס פריטו ליי בע""\מ )",IL,תפוציפס קראנצ' טבעי,גרמים,50.00,100 גרם,false,,4.00,0.0800,true,1,140577
7290008750264,false,"מסטיק מאסט ציקלס דובדבן 28 גרם לל""ס מגדים","שטראוס גרופ בע""מ",IL,מאסט דובדבן מגדים 28,גרמים,28.00,100 גרם,false,,4.50,0.1607,true,1,140403
7290008753111,false,תפוצ'יפס קראנץ' בטעם מקסיקני עלית 50 גרם,"שטראוס פריטו ליי בע""\מ )",IL,תפוציפס קראנצ מקסיקנ,גרמים,50.00,100 גרם,false,,4.00,0.0800,true,1,140580
7290008753364,false,דוריטוס גריל עלית 55 ג',שטראוס פריטו ליי בע,IL,דוריטוס גריל 55 גרם,גרמים,55.00,100 גרם,false,,3.50,0.0636,true,1,140581
7290008753371,false,דוריטוס נאצו מקסיקני 55 גר,STRAUSS-ISRAEL,IL,דוריטוס נאצ'ו 55 גרם,גרמים,55.00,100 גרם,false,,3.30,0.0600,true,1,140582
7290008753388,false,דוריטוס טבעי עלית 55 ג',שטראוס פריטו ליי בע,IL,דוריטוס טבעי 55 גר,גרמים,55.00,100 גרם,false,,3.50,0.0636,true,1,146871
7290008754415,false,גומי מאסט בטעם ספירמינט עדין פליפטופ 28 ג' עלית,"שטראוס גרופ בע""מ",IL,מאסט ספירמינט מגדים,גרמים,28.00,100 גרם,false,,4.50,0.1607,true,1,140406
7290008754422,false,גומי מאסט בטעם פפרמינט קלאסי פליפטופ 28 ג' עלית,"שטראוס גרופ בע""מ",IL,Must LL קלאסי פפרמינ,גרמים,28.00,100 גרם,false,,4.50,0.1607,true,1,147772
7290008775816,false,ערגליות עוגיות במילוי שוקולד אסם 300 גרם,מיוצר עי קונדיטוריית,IL,ערגליות שוקולד שקית,גרמים,300.00,100 גרם,false,,9.90,0.0330,true,1,140870
7290008775823,false,ערגליות עוגיות תות שדה אסם 300 גרם,מיוצר עי קונדיטוריית,IL,ערגליות אסם 300 גרם,גרמים,300.00,100 גרם,false,,9.90,0.0330,true,1,140871
7290008801843,false,"יין קברנה סוביניון סלקטד כרמל 750 מ""ל","כד בני דרום בע""מ",IL,יין אדום יבש קברנה ס,מיליליטרים,750.00,"100 מ""ל",false,,29.90,0.0399,true,1,146287
7290008801850,false,סלקטד אמרלד ריזלינג לבן חצי יבש 750 מל,אגודת הכורמים הקואופרטיב,IL,יין לבן חצי יבש אמרל,מיליליטרים,750.00,"100 מ""ל",false,,29.90,0.0399,true,1,146288
7290008802512,false,"יין וינו אדום ""כרמל מזרחי""","כד בני דרום בע""מ",IL,יין אדום יבש וינו 75,מיליליטרים,750.00,"100 מ""ל",false,,22.20,0.0296,true,1,150218
7290008815468,false,"שקית ואקום דגש 55*85 ס""מ",דגש,,שקית וואקום דגש 55*8,יחידה,1.00,יחידה,false,,16.90,16.9000,true,1,147705
7290008815468,false,"שקית ואקום דגש 55*85 ס""מ",דגש,,שקית וואקום דגש 55*8,Unknown,1.00,יחידה,false,,16.90,16.9000,true,1,147705
7290008909761,false,"קרלסברג בקבוק יחיד 330מ""ל",מבשלות בירה בינלאומי,IL,בירה קרלסברג בקבוק ח,מיליליטרים,330.00,"100 מ""ל",false,,8.10,0.0245,true,1,143574
7290008909853,false,"קוקה קולה זירו בקבוק 500 מ""ל.",החברה המרכזית לייצור משקאות,IL,קולה ZERO בקבוק 500,מיליליטרים,500.00,"100 מ""ל",false,,6.50,0.0130,true,1,143576
7290010002078,false,פלפל שחור טחון תבליני מימון 100 גרם,א.ל ייצור ושיווק תבלינים,IL,פלפל שחור טחון במיכל,גרמים,100.00,100 גרם,false,,15.50,0.1550,true,1,144827
7290010002108,false,תבלין פלפל שחור גרוס גס תבליני מימון 90,א.ל ייצור ושיווק תבלינים,IL,פלפל שחור גרוס גס במ,גרמים,90.00,100 גרם,false,,15.50,0.1722,true,1,147478
7290010002146,false,פפריקה מרוקאית מתוקה תבליני מימון 100 גרם,א.ל ייצור ושיווק תבלינים,IL,פפריקה מרוקאית מתוקה,גרמים,100.00,100 גרם,false,,11.90,0.1190,true,1,144831
7290010002351,false,זעתר ושומשום תבליני מימון 100 גרם,א.ל ייצור ושיווק תבלינים,IL,זעתר עם שומשום במיכל,גרמים,100.00,100 גרם,false,,11.90,0.1190,true,1,144834
7290010002368,false,תערובת חווויג' תבליני מימון 100 גרם,א.ל ייצור ושיווק תבלינים,IL,תערובת חוויאג' למרק,גרמים,100.00,100 גרם,false,,11.90,0.1190,true,1,147485
7290010002375,false,קארי תבליני מימון 100 גרם,א.ל ייצור ושיווק תבל,IL,תערובת קארי במיכל תב,גרמים,100.00,100 גרם,false,,11.90,0.1190,true,1,147486
7290010002399,false,תבלין בזיליקום תבליני מימון 40 גרם,א.ל ייצור ושיווק תבלינים,IL,בזיליקום יבש במיכל ת,גרמים,40.00,100 גרם,false,,9.90,0.2475,true,1,147487
7290010002481,false,תבלין שום טחון תבליני מימון 100 גרם,א.ל ייצור ושיווק תבלינים,IL,שום טחון במיכל תבלינ,גרמים,100.00,100 גרם,false,,15.50,0.1550,true,1,144836
7290010002498,false,תבלין שום גבישי תבליני מימון 120 גרם,א.ל ייצור ושיווק תבלינים,IL,שום גבישי במיכל תבלי,גרמים,120.00,100 גרם,false,,15.50,0.1292,true,1,144837
7290010003693,false,פפריקה מתוקה בשקית תבליני מימון 80 גרם,א.ל ייצור ושיווק תבל,IL,פפריקה מתוקה בשקית ת,גרמים,80.00,100 גרם,false,,6.30,0.0787,true,1,147495
7290010003709,false,פלפל שחור טחון בשקית תבליני מימון 50 גרם,א.ל ייצור ושיווק תבל,IL,פלפל שחור טחון בשקית,גרמים,50.00,100 גרם,false,,7.90,0.1580,true,1,147496
7290010003778,false,תיבול לגריל עוף בשקית תבליני מימון 80 גרם,א.ל ייצור ושיווק תבל,IL,תיבול לגריל עוף בשקי,גרמים,80.00,100 גרם,false,,6.30,0.0787,true,1,147499
7290010003822,false,פפריקה חריפה בשקית תבליני מימון 80 גרם,א.ל ייצור ושיווק תבל,IL,פפריקה חריפה בשקית ת,גרמים,80.00,100 גרם,false,,6.30,0.0787,true,1,147503
7290010116980,false,אבקת שוקולית שקית עלית 850 ג',הנסיך- מפעל לייצור ט,IL,שוקולית 850 גרם,גרמים,850.00,100 גרם,false,,17.90,0.0211,true,1,146455
7290010117857,false,דוריטוס חריף אש 55 ג' עלית,STRAUSS-ISRAEL,IL,דוריטוס חריף אש 55 ג,גרמים,55.00,100 גרם,false,,3.50,0.0636,true,1,140583
7290010117970,false,סבבה בוטנים קלויים מצופים - אריזה אישית,"שטראוס פריטו ליי בע""",IL,בוטנים אמריקאים 50 ג,גרמים,50.00,100 גרם,false,,2.90,0.0580,true,1,140584
7290010119950,false,דוריטוס חמוץ חריף 55 גרם-סטריפ,שטראוס גרופ,,דוריטוס חמוץ חריף 55,גרמים,55.00,100 גרם,false,,3.50,0.0636,true,1,140585
7290010129942,false,עוגיות שמרים 500 גרם דולצה ויטה,קונדטוריית אנגל,IL,עוגת קראנץ שמרים שוק,גרמים,500.00,100 גרם,false,,12.90,0.0258,true,1,144728
7290010129959,false,עוגיות שמרים 400 גרם דולצה ויטה,קונדטוריית אנגל,IL,עוגיות שמרים רוגלך 4,גרמים,400.00,100 גרם,false,,11.90,0.0298,true,1,143737
7290010154012,false,לימון בלאדי כבוש תבליני ביטון 250 גרם,תבליני יוחאי ביטון,IL,לימון כבוש 250 גרם,גרמים,250.00,100 גרם,false,,13.90,0.0556,true,1,146062
7290010154029,false,אריסה מתוקה יוחאי ביטון 250 גרם,תבליני יוחאי ביטון,IL,אריסה מתוקה 250 גרם,גרמים,250.00,100 גרם,false,,13.90,0.0556,true,1,146063
7290010154241,false,סלט חזרת ריף ביטון 250 ג',תבליני יוחאי ביטון,IL,חזרת ביטון 250 גרם,גרמים,250.00,100 גרם,false,,13.90,0.0556,true,1,163931
7290010154425,false,סחוג ירוק תבליני ביטון 130 גרם,תבליני יוחאי ביטון,IL,סחוג ירוק 130 גרם,גרמים,130.00,100 גרם,false,,8.90,0.0685,true,1,150942
7290010237531,false,"פפסי קולה פלסטיק 500 מ""ל","טמפו משקאות בע""ם.",IL,"פפסי קולה 500 מ""ל",מיליליטרים,500.00,"100 מ""ל",false,,4.50,0.0090,true,1,142160
7290010237548,false,"פפסי מקס דל קלוריות 500 מ""ל בקבוק",טמפו משקאות בעמ,IL,"פפסי מקס 500 מ""ל",מיליליטרים,500.00,"100 מ""ל",false,,4.50,0.0090,true,1,142161
7290010237562,false,משקה פפסי מרינדה קוו,"טמפו משקאות בע""מ",IL,"מירנדה 500 מ""ל",מיליליטרים,500.00,"100 מ""ל",false,,4.50,0.0090,true,1,142162
7290010237579,false,משקה סבן אפ קוול 500,"טמפו משקאות בע""מ",IL,"סבן אפ 500 מ""ל",מיליליטרים,500.00,"100 מ""ל",false,,4.50,0.0090,true,1,142163
7290010237685,false,"הייניקן בירה צואר ארוך 330מ""ל",טמפו משקאות בע''מ,IL,בירה הייניקן 330מל צ,מיליליטרים,330.00,"100 מ""ל",false,,8.20,0.0248,true,1,164282
7290010237777,false,בירה שנדי בתוספת משקה לימון ליים,טמפו משקאות בע''מ,IL,מכבי שנדי למון ליים,מיליליטרים,330.00,"100 מ""ל",false,,6.00,0.0182,true,1,142168
7290010259359,false,וילי פוד נודלס אטר.ביצים להקפצה בדץ 200ג,פוג'יאן לונגהאי אנלי,CN,אטריות רחבות נודלס ו,גרמים,200.00,100 גרם,false,,4.90,0.0245,true,1,156727
7290010259823,false,מנת השף-מרק עם נודלס בטעם עוף ויליפוד,נמצ'או(תאילנד) בעמ,TH,נודלס בטעם עוף מנת ה,גרמים,70.00,100 גרם,false,,5.50,0.0786,true,1,147790
7290010259830,false,מנת השף נודלס בסגנון סיני פיקנטי וילי פוד 70 גרם,נמצ'או(תאילנד) בעמ,TH,נודלס בסגנון סיני פי,גרמים,70.00,100 גרם,false,,5.50,0.0786,true,1,147791
7290010259847,false,מנת השף מרק עם נודלס בטעם תירס ויליפוד 70 גרם,קריות זול,TH,מנת השף נודלס בטעם ת,גרמים,70.00,100 גרם,false,,5.50,0.0786,true,1,158625
7290010259854,false,מנת השף מרק עם נודלס בטעם פטריות ויליפוד 70 גרם,נמצ'או(תאילנד) בעמ,TH,נודלס מנת השף בטעם פ,גרמים,70.00,100 גרם,false,,5.50,0.0786,true,1,147792
7290010259861,false,מנת השף מרק עם נודלס בטעם ירקות ויליפוד 70 גרם,קריות זול,TH,נודלס עם ירקות מנת ה,גרמים,70.00,100 גרם,false,,5.50,0.0786,true,1,158626
7290010259977,false,שמן קנולה מזוכך ויליפוד 1 ליטר,בונגי פולין אס.פי.זד,PL,שמן קנולה 1 ליטר ויל,מיליליטרים,1000.00,"100 מ""ל",false,,10.90,0.0109,true,1,141448
7290010300532,false,חומץ סינטטי 5% נאמן,הילל תעשיות,,חומץ סינטטי 5% 1 ליט,מיליליטרים,1000.00,"100 מ""ל",false,,4.90,0.0049,true,1,150689
7290010328253,false,טחינה גולמית משומשום טבעי אחווה 500 גרם,"אחדות ביח""ר לטחינה ח",IL,טחינה גולמית אחוה 50,גרמים,500.00,100 גרם,false,,12.90,0.0258,true,1,150695
7290010328468,false,מארז מיני חלווה אחוה בטעמים 18 יחידות 216 גרם,שוורצקוף& הנקל דיסלד,IL,מיני חלווה חטיפי חלו,יחידה,18.00,יחידה,false,,11.90,0.6611,true,1,149625
7290010328468,false,מארז מיני חלווה אחוה בטעמים 18 יחידות 216 גרם,שוורצקוף& הנקל דיסלד,IL,מיני חלווה חטיפי חלו,Unknown,18.00,יחידה,false,,11.90,0.6611,true,1,149625
7290010328505,false,"מארז מיני חלווה 15 יחידות לל""ס אחוה 150 גרם",אחדות ביחר לטחינה חל,IL,חטיפי מיני חלווה ללא,יחידה,15.00,יחידה,false,,11.90,0.7933,true,1,149626
7290010328505,false,"מארז מיני חלווה 15 יחידות לל""ס אחוה 150 גרם",אחדות ביחר לטחינה חל,IL,חטיפי מיני חלווה ללא,Unknown,15.00,יחידה,false,,11.90,0.7933,true,1,149626
7290010328796,true,עוגה בטעם שוקולד אחד,,,עוגה בטעם שוקולד אחד,,0.00,,false,,5.00,0.0000,true,1,141994
7290010328819,false,ממרח טחינה עם שוקולד משומשום מלא אחווה 400 גרם,אחדות ביחר לטחינה חל,IL,אחווה ממרח טחינה ושו,גרמים,400.00,100 גרם,false,,12.90,0.0323,true,1,149888
7290010429554,false,"שמן זית כתית מעולה יד מרדכי 2 קלאסי, 750 מ""ל",מכוורת יד מרדכי שטראוס ב,IL,שמן זית כתית מעולה ק,מיליליטרים,750.00,"100 מ""ל",false,,33.90,0.0452,true,1,140407
7290010471669,false,יוגורט תות עם קורנפלקס מצופה שוקולד ללא גלוטן 3.9%,"שטראוס בריאות בע""\מ",IL,דנונה בר תות קורנפלק,גרמים,175.00,100 גרם,false,,4.30,0.0246,true,1,140408
7290010513703,false,צ'ופסטיקס צפצפה - 20 יחידות,גולין פנגזו,IL,צ'ופסטיקס צפצפה - 20,יחידה,20.00,יחידה,false,,6.90,0.3450,true,1,142778
7290010513703,false,צ'ופסטיקס צפצפה - 20 יחידות,גולין פנגזו,IL,צ'ופסטיקס צפצפה - 20,Unknown,20.00,יחידה,false,,6.90,0.3450,true,1,142778
7290010627004,false,טחינה גולמית מסורתית ירושלים 500 ג',"בראשית ירושלים בע""מ",IL,טחינה ירושלים 500 גר,גרמים,500.00,100 גרם,false,,15.90,0.0318,true,1,145276
7290010627844,false,טחינה גולמית שומשום מלא ירושלים 500גרם,"טחינה ירושליים בע""מ",IL,טחינה שומשום מלא ירו,גרמים,500.00,100 גרם,false,,15.90,0.0318,true,1,145277
7290010814244,false,שלשות שוקולד מריר 85 גרם*3 בלמינט *18 בקרטון,"כרמית תעשיות ממתקים בע""\",IL,שוקולד מריר 60% מוצק,גרמים,255.00,100 גרם,false,,10.90,0.0427,true,1,149923
7290010814695,false,שוקולד מריר פרווה ללא תוספת סוכר כרמית 85 גרם,כרמית תעשיות ממתקים בעמ,IL,שוקולד מריר פרווה לל,גרמים,85.00,100 גרם,false,,5.90,0.0694,true,1,141154
7290010814701,false,שוקולד חלב ללא תוספת סוכר וסטהיים,"כרמית תעשיות ממתקים בע""\",IL,שוקולד חלב ללא תוספת,גרמים,85.00,100 גרם,false,,5.90,0.0694,true,1,141155
7290010903344,false,אצבעות שניצל רמי לוי 1 קג,,,אצבעות שניצל רמי לוי,גרמים,1000.00,100 גרם,false,,34.90,0.0349,true,1,155999
7290010945030,true,חלב 3% 10 ליטר *,,,חלב 3% 10 ליטר,,0.00,,false,,2999.90,0.0000,true,1,143578
7290010945146,false,קוטג' 3% מועשר בסידן טרה 250 ג' מהדרין,קריות זול,IL,גבינת קוטג' מועשרת 3,גרמים,250.00,100 גרם,false,,5.50,0.0220,true,1,154918
7290010945450,false,גבינה לבנה 3% 250 גר מועשר בסידן וויטמין,הפריט בפיקוח,IL,גבינה לבנה 3% טרה 25,גרמים,250.00,100 גרם,false,,4.98,0.0199,true,1,149493
7290010984879,false,שום כתוש בצנצנת 200ג רמילוי,,,שום כתוש קפוא בצנצנת,גרמים,200.00,100 גרם,false,,11.90,0.0595,true,1,150961
7290011015374,false,"סחוט תפוחים צלול פריגת 400 מ""ל",היינץ צפון אמריקה מק,IL,מיץ פריגת סחוט תפוח,100 0,400.00,100 0,false,,9.90,0.0248,true,1,155251
7290011017866,false,קוקה קולה קלאסי בפחית,החברה המרכזית לייצור משקאות,IL,סליק קוקה קולה 330 מ,מיליליטרים,330.00,"100 מ""ל",false,,6.20,0.0188,true,1,143580
7290011017873,false,"פחיות קוקה קולה זירו 330 מ""ל",החברה המרכזית לייצור משקאות,IL,סליק קולה ZERO 330 מ,מיליליטרים,330.00,"100 מ""ל",false,,6.20,0.0188,true,1,143581
7290011017880,false,דיאט קוקה קולה פחית סליק 330מל,החברה המרכזית לייצור משקאות,IL,"סליק דק""ק 330 מ""ל מב",מיליליטרים,330.00,"100 מ""ל",false,,6.20,0.0188,true,1,143582
7290011018184,false,פיוז טי תה קר בטעם אפרסק,מבשלות בירה בינלאומי,IL,FUZE tea אפרסק 0.5 ל,מיליליטרים,500.00,"100 מ""ל",false,,8.40,0.0168,true,1,154214
7290011018443,false,"פנטה אורנג פחית סליק 330 מ""ל",החברה המרכזית לייצור משקאות,IL,סליק פאנטה אורנג' 33,מיליליטרים,330.00,"100 מ""ל",false,,6.20,0.0188,true,1,143586
7290011018474,false,"סומרסבי סיידר תפוחים אלכוהולי 300 מ""ל","קרלסברג קרואטיה , יב",HR,סומרסבי סיידר בק' 33,מיליליטרים,330.00,"100 מ""ל",false,,8.90,0.0270,true,1,148328
7290011043049,false,כוסות נייר שתיה חמה,כוסות שתייה חמה 3 ב,,כוסות נייר שתיה חמה,יחידה,50.00,יחידה,false,,12.90,0.2580,true,1,154598
7290011043049,false,כוסות נייר שתיה חמה,כוסות שתייה חמה 3 ב,,כוסות נייר שתיה חמה,Unknown,50.00,יחידה,false,,12.90,0.2580,true,1,154598
7290011051433,false,שוופס מוגז עדין אפרסק 0.5 ליטר,יפאורה תבורי בעמ,IL,שוופס מוגז עדין 0.5,מיליליטרים,500.00,"100 מ""ל",false,,5.50,0.0110,true,1,166334
7290011064020,false,בולגרית למריחה בטעמים 200 גר,גבינות אמיר ניצן בעמ,IL,ניצן בולגרית למריחה,גרמים,200.00,100 גרם,false,,13.90,0.0695,true,1,156377
7290011081492,false,גלידה בטעם שלושה שוקולדים 1.33ל' קרמיסימו,"גלידת שטראוס בע""\מ, רחוב",IL,גלידת קרמיסימו 1.33,מיליליטרים,1330.00,"100 מ""ל",false,,18.90,0.0142,true,1,150265
7290011126469,false,חליטת צמחים וקמומיל הגן הקסום ויסוצקי 25 יחידות,תה ויסוצקי,IL,חליטת קמומיל ודבש הג,יחידה,25.00,יחידה,false,,17.90,0.7160,true,1,147943
7290011126469,false,חליטת צמחים וקמומיל הגן הקסום ויסוצקי 25 יחידות,תה ויסוצקי,IL,חליטת קמומיל ודבש הג,Unknown,25.00,יחידה,false,,17.90,0.7160,true,1,147943
7290011131395,false,"מוזלי בתוספת 30% פירות 1 ק""ג גרין",ויטליאה ניקולה דו,MK,מיזל קראנצ'30%פירות,גרמים,1000.00,100 גרם,false,,25.90,0.0259,true,1,158823
7290011132309,false,"בירה לאגר כהה בלאק רוסט מהדורה מיוחדת גולדסטאר 6 * 330 מ""ל","טמפו משקאות בע""\מ",IL,בירה גולדסטאר שישייה,מיליליטרים,1980.00,"100 מ""ל",false,,41.70,0.0211,true,1,164314
7290011133504,false,"מכבי שנדי אפרסק בקבוק בודד 330 מ""ל",טמפו משקאות בע''מ,IL,"שנדי אפרסק 330 מ""ל",מיליליטרים,330.00,"100 מ""ל",false,,6.00,0.0182,true,1,142174
7290011148591,false,שיני שום שלוף 500 גר,עטרה,IL,כרובית,יחידה,1.00,יחידה,false,,9.90,9.9000,true,1,158386
7290011148591,false,שיני שום שלוף 500 גר,עטרה,IL,כרובית,Unknown,1.00,יחידה,false,,9.90,9.9000,true,1,158386
7290011194246,false,קוטג' 5% עם סידן 250 ג' שטראוס,מיוצר עי קונדיטוריית,IL,גבינת קוטג 5% שטראוס,גרמים,250.00,100 גרם,false,,5.90,0.0236,true,1,140411
7290011223045,false,בישקוטים בונומי 200 גרם,בונומי ס.פ.א,IT,בישקוטים בונומי 200,גרמים,200.00,100 גרם,false,,6.90,0.0345,true,1,145866
7290011249212,false,וופל עלמה בלגי לימון 200 גר' ללא סוכר,"גילרו בע""מ",IL,ופלים בטעם לימון עלמ,גרמים,200.00,100 גרם,false,,3.50,0.0175,true,1,151004
7290011249748,false,רולים גלילי ופל במילוי קרם שוקולד 100 ג' עלמה,"גילרו בע""מ",IL,רולים שוקו 100 גרם,גרמים,100.00,100 גרם,false,,3.90,0.0390,true,1,148432
7290011249755,false,רולים גלילי ופל במילוי קרם אגוזים 100 ג' עלמה,"גילרו בע""מ",IL,רולים אגוז 100 גרם,גרמים,100.00,100 גרם,false,,3.90,0.0390,true,1,148433
7290011432751,false,שקית גופיה רמי לוי ב,,,שקית גופיה רמי לוי ב,קילוגרמים,1.00,"ק""ג",false,,0.10,0.1000,true,1,163653
7290011432751,false,שקית גופיה רמי לוי ב,,,שקית גופיה רמי לוי ב,פריט,1.00,"ק""ג",false,,0.10,0.1000,true,1,163653
7290011432775,false,שקית גופיה סופרקופיק,,,שקית גופיה סופרקופיק,יחידה,1.00,יחידה,false,,0.10,0.1000,true,1,152835
7290011432775,false,שקית גופיה סופרקופיק,,,שקית גופיה סופרקופיק,Unknown,1.00,יחידה,false,,0.10,0.1000,true,1,152835
7290011438142,false,"משקה יטבתה אייס קפה בבקבוק אישי 350 מ""ל",שטראוס גרופ,IL,אייס קפה 2% יטבתה 35,מיליליטרים,350.00,"100 מ""ל",false,,6.20,0.0177,true,1,147384
7290011486693,false,מרשמלו ורוד לבן וסטהיים 30ג'48X בקרטון,כרמית,,מרשמלו ורוד לבן וסטה,גרמים,30.00,100 גרם,false,,1.90,0.0633,true,1,147683
7290011499051,false,פטה כבשים מסורתית 20% בגביע 250 גרם - רובין,MKN עבור מחלבות גד ב,IL,גבינת פטה כבשים 20%,גרמים,250.00,100 גרם,false,,26.50,0.1060,true,1,145681
7290011499112,false,בולגרית מסורתית 16% 250 גרם - רבנות,"מיוצר ע""י dsh",IL,גבינה בולגרית 16% 25,גרמים,250.00,100 גרם,false,,23.50,0.0940,true,1,145682
7290011499129,false,גבינה בולגרית מעודנת קוביות קטנות 5% גד 200 גרם,קוד יצרן DSH,IL,קוביות גבינה בולגרית,גרמים,200.00,100 גרם,false,,22.90,0.1145,true,1,143651
7290011499327,false,גבינה בולגרית מעודנת 5% 250 גרם - רבנות,מיוצר על ידי DSH עבו,IL,‏בולגרית מעודנת 5% 2,גרמים,250.00,100 גרם,false,,22.90,0.0916,true,1,145789
7290011499419,false,גבינה במרקם שמנת בטעם טבעי 5% ניו יורק,גבינות מדף,IL,גבינה במרקם שמנת ניו,גרמים,200.00,100 גרם,false,,11.90,0.0595,true,1,145686
7290011499624,false,שמנת 30% ניו יורק טבעי 200 גרם רבנות,גבינות מדף,IL,גבינת שמנת ניו יורק,גרמים,200.00,100 גרם,false,,12.90,0.0645,true,1,145688
7290011499846,false,גבינת ריקוטה פרסקה 9% גד 300 גרם,מחלבות גד בעמ,IL,גבינת ריקוטה פרסקה 9,גרמים,300.00,100 גרם,false,,18.90,0.0630,true,1,145690
7290011499853,false,שמנת 30% ניו יורק זיתים מחלבות גד,מחלבות גד (שיווק 199,IL,גבינת שמנת עם זיתים,גרמים,200.00,100 גרם,false,,12.90,0.0645,true,1,149459
7290011570507,false,קמח כרגיל ללא גלוטן 450 גרם,אשבל מזון פונקציונלי בע\,IL,קמח נטול גלוטן כרגיל,גרמים,450.00,100 גרם,false,,17.90,0.0398,true,1,160680
7290011570804,true,לחמניות המבורגר ללא,,,לחמניות המבורגר ללא,,0.00,,false,,5.00,0.0000,true,1,143524
7290011587055,false,שמן זית כתית מעולה ת,,,שמן זית כתית מעולה ת,מיליליטרים,750.00,"100 מ""ל",false,,29.90,0.0399,true,1,159549
7290011587123,false,קרם קוקוס תומר 400 מ,Thai coconut co ltd,IL,קרם אגוזי קוקוס 400,מיליליטרים,400.00,"100 מ""ל",false,,10.00,0.0250,true,1,160682
7290011587697,false,ממרח עגבניות מיובשות פסטו תומר 340 ג',Sunto gida sun ve ti,TR,ממרח עגבניות מיובשות,גרמים,360.00,100 גרם,false,,12.90,0.0358,true,1,160688
7290011587758,false,אטריות נודלס דק 200 גר' -תומר,אופאל,CN,נודלס דק 200 גרם,גרמים,200.00,100 גרם,false,,4.90,0.0245,true,1,160689
7290011598211,false,"סנו - אנטי קאלק מרסס ניקוי כללי 4 ב-1 700 מ""ל",מיוצר עי קונדיטוריית,IL,אנטי קאלק מרסס 4 ב-,מיליליטרים,750.00,"100 מ""ל",false,,17.90,0.0239,true,1,141924
7290011695477,false,דבש טבעי מפרחי שדה,מכוורת עמק חפר,,דבש לחיץ 350 גרם,גרמים,350.00,100 גרם,false,,24.90,0.0711,true,1,165988
7290011923068,false,הצהובה הקלאסית פרוס תחליף שומן צמחי 200גר,,GR,פרוסות הצהובה הקלאסי,גרמים,200.00,100 גרם,false,,18.90,0.0945,true,1,165895
7290011923082,false,גבינה פרוסות בסגנון מוצרלה טבעוני 200 ג,,GR,פרוסות בסגנון מוצרלה,גרמים,200.00,100 גרם,false,,18.90,0.0945,true,1,165896
7290011923105,false,"פרוסות גבינה בסגנון צ'דר 200 גרם ""ליב""",,GR,פרוסות בסגנון צ'דר ל,גרמים,200.00,100 גרם,false,,18.90,0.0945,true,1,165897
7290011947309,false,זיתים מצוננים סורי מבוקע ולימון כבוש זיתא 230 ג',זיתא – י.ט.ב תעשיות,IL,זית סורי מבוקע עם לי,גרמים,230.00,100 גרם,false,,13.90,0.0604,true,1,147945
7290011947521,false,"שמן זית כתית מעולה 750 מ""ל טעם מודגש זיתא",זיתא - י.ט.ב תעשיות,IL,שמן זית כתית מעולה ט,מיליליטרים,750.00,"100 מ""ל",false,,32.90,0.0439,true,1,149453
7290011947743,false,זיתים זיתא מיקס זית ירוק וזית קלמטה 215 גרם,זיתא - י.ט.ב תעשיות,IL,מיקס זית ירוק וזית ק,גרמים,215.00,100 גרם,false,,13.90,0.0647,true,1,150358
7290011947798,false,זית קלמטה ללא גלעין עם שמן זית כתית מעולה,זיתא - י.ט.ב תעשיות,IL,זית קלמטה ללא גלעין,גרמים,190.00,100 גרם,false,,13.90,0.0732,true,1,155043
7290012019265,false,רביעיית מחית תפוח עץ ללא תוספת סוכר תומר 113 גרם,אינדיאן סאמר קו אופ אינק,US,מחית תפוחי עץ ללא תו,גרמים,452.00,100 גרם,false,,11.00,0.0243,true,1,160695
7290012052170,false,גרנולה עם אגוזים ופירות יבשים במתיקות מעודנת,רפאלס,IL,גרנולה רפאל - ללא סו,גרמים,350.00,100 גרם,false,,17.90,0.0511,true,1,147989
7290012052361,false,גרנולה מוזלי בטעם מרכיבים טבעיים 350 גרם,רפאלס,IL,גרנולה רפאל - מוזלי,גרמים,350.00,100 גרם,false,,17.90,0.0511,true,1,156028
7290012226120,false,"קבנוס 135 גרם ""זוגלובק""",נקניק נהריה כשר זוגל,IL,קבנוס זוגלובק 135 גר,גרמים,135.00,100 גרם,false,,10.90,0.0807,true,1,145229
7290012226922,false,קבנוס בטעם שום זוגלובק 135 גרם,נקניק נהריה כשר זוגל,IL,קבנוס עם שום 135 גרם,גרמים,135.00,100 גרם,false,,10.90,0.0807,true,1,150166
7290012226939,false,קבנוס עם צ'ילי חריף זוגלובק 135 גרם,נקניק נהריה כשר זוגל,IL,קבנוס עם צ'ילי חריף,גרמים,135.00,100 גרם,false,,10.90,0.0807,true,1,150167
7290012227172,false,חרמן הודו בדבש וברביקיו זוג במארז 600 ג' זוגלובק,נקניק נהריה כשר זוגל,IL,זוג פסטרמות במארז חר,גרמים,600.00,100 גרם,false,,26.60,0.0443,true,1,145234
7290012227240,false,סלמי איטלקי מעושן רמי לוי 300 גרם,,,סלמי איטלקי מעושן רמ,גרמים,300.00,100 גרם,false,,22.90,0.0763,true,1,168409
7290012227325,false,סלמי דק דק מעושן איטלקי 120 ג' זוגלובק,זוגלובק,IL,סלמי מעושן דק דק 120,גרמים,120.00,100 גרם,false,,14.70,0.1225,true,1,145236
7290012227912,false,קבנוס מעודן זוגלובק 135 גרם,זוגלובק,IL,קבנוס מעודן 135 גרם,גרמים,135.00,100 גרם,false,,10.20,0.0756,true,1,145238
7290012227974,false,פסטרמה הודו בדבש טהור דק דק דק,זוגלובק,IL,פסטרמה בדבש 120 גרם,גרמים,120.00,100 גרם,false,,14.70,0.1225,true,1,145239
7290012227981,false,פסטרמה דק דק ברביקיו 120 ג' זוגלובק,זוגלובק,IL,פסטרמה ברביקיו 120 ג,גרמים,120.00,100 גרם,false,,14.70,0.1225,true,1,145240
7290012227998,false,פסטרמה דק דק חזה בקר 120 ג' זוגלובק,זוגלובק,IL,חזה בקר 120 גרם,גרמים,120.00,100 גרם,false,,14.70,0.1225,true,1,145241
7290012228018,false,נקניקיות עוף 400רמי לוי גרם,,,נקניקיות עוף רמי לוי,גרמים,400.00,100 גרם,false,,9.90,0.0248,true,1,168410
7290012228124,false,קבנוס סטיקס עם נגיעות מלח ים סדרת ריינהולד'ס,זוגלובק,IL,קבנוסטיקס - חטיף קבנ,גרמים,50.00,100 גרם,false,,9.90,0.1980,true,1,145242
7290012228261,false,נקנקיות קנקרס הודו ועוף ריינהולד'ס זוגלובק 300 ג',זוגלובק,IL,נקניקיות הודו פרמיום,גרמים,300.00,100 גרם,false,,21.90,0.0730,true,1,145248
7290012228421,false,פסטרמה בדבש 120ג דק דק רמילוי,,,פסטרמה הודו בדבש דק,גרמים,120.00,100 גרם,false,,11.90,0.0992,true,1,168413
7290012228445,false,קבנוס רמי לוי 135 גר,,,קבנוס רמי לוי 135 גר,גרמים,135.00,100 גרם,false,,9.90,0.0733,true,1,168415
7290012228971,false,סלמי תה פפרוני זוגלובק 180 ג',זוגלובק,IL,סלמי תה פפרוני 180 ג,גרמים,180.00,100 גרם,false,,14.90,0.0828,true,1,153131
7290012295973,false,רוקט 150 ג' רמי לוי,,,רוקט 150 ג' רמי לוי,גרמים,150.00,100 גרם,false,,9.90,0.0660,true,1,151052
7290012313141,false,מלפפונים פרוסות במלח קבוצת יבנה 330 גרם,אף.סי תבליני בגליל ב,IL,פרוסות מלפפונים במלח,גרמים,540.00,100 גרם,false,,6.90,0.0128,true,1,155229
7290012313264,false,כרוב כבוש קבוצת יבנה,קדבורי,IL,כרוב כבוש 560 גרם יב,גרמים,560.00,100 גרם,false,,8.90,0.0159,true,1,145667
7290012413636,false,תה ירוק צ'אי מסאלה ויסוצקי 25 יחידות,ויסוצקי ירוק,IL,תה ירוק צ'אי מסאלה 2,יחידה,25.00,יחידה,false,,24.90,0.9960,true,1,147948
7290012413636,false,תה ירוק צ'אי מסאלה ויסוצקי 25 יחידות,ויסוצקי ירוק,IL,תה ירוק צ'אי מסאלה 2,Unknown,25.00,יחידה,false,,24.90,0.9960,true,1,147948
7290012413643,false,תה ירוק קמומיל ויסוצקי 25 יחידות,ויסוצקי ירוק,IL,תה ירוק קמומיל ויסוצ,יחידה,25.00,יחידה,false,,24.90,0.9960,true,1,145279
7290012413643,false,תה ירוק קמומיל ויסוצקי 25 יחידות,ויסוצקי ירוק,IL,תה ירוק קמומיל ויסוצ,Unknown,25.00,יחידה,false,,24.90,0.9960,true,1,145279
7290012526602,false,כוסות שתיה קרה 100 י,כוסות שתיה קרה 4 ב 1,,כוסות שתיה קרה 100 י,יחידה,100.00,יחידה,false,,7.90,0.0790,true,1,146529
7290012526602,false,כוסות שתיה קרה 100 י,כוסות שתיה קרה 4 ב 1,,כוסות שתיה קרה 100 י,Unknown,100.00,יחידה,false,,7.90,0.0790,true,1,146529
7290012576607,false,"יין קברנה סוביניון פרמייר מלבק אדום ברקן 750 מ""ל","ברקן שיווק והפצה בע""",IL,יין אדום קברנה סובני,מיליליטרים,750.00,"100 מ""ל",false,,24.20,0.0323,true,1,142177
7290012642852,false,פלפל אדום על האש תומר 330 גרם,סאטקו,BG,פלפל אדום על האש 540,מיליליטרים,540.00,"100 מ""ל",false,,13.00,0.0241,true,1,160700
7290012645280,false,"יוגורט כבשים טבעי 2.8% בגביע חלב הארץ 150מ""ל",מחלבות סוסיא,IL,יוגורט כבשים בסגנון,גרמים,150.00,100 גרם,false,,5.80,0.0387,true,1,146615
7290012645389,false,יוגורט עיזים 3.7%בבקבוק חלב הארץ 1 ליטר,מחלבות סוסיא,IL,יוגורט עיזים טבעי 1,מיליליטרים,1000.00,"100 מ""ל",false,,21.90,0.0219,true,1,146616
7290012823398,false,מטליות חד פעמיות לניקוי הרצפה בניחוח מרכך כביסה 10יח' סנו,סנו מפעלי ברונו בעמ,IL,מטליות לחות לרצפה בנ,יחידה,1.00,יחידה,false,,12.90,12.9000,true,1,145188
7290012823398,false,מטליות חד פעמיות לניקוי הרצפה בניחוח מרכך כביסה 10יח' סנו,סנו מפעלי ברונו בעמ,IL,מטליות לחות לרצפה בנ,Unknown,1.00,יחידה,false,,12.90,12.9000,true,1,145188
7290012901355,false,דודלס ארוחת אטריות עם גבינה 206 גרם,האי נאם סי או אל.טי.,US,ארוחת מקרוני עם רוטב,גרמים,206.00,100 גרם,false,,12.90,0.0626,true,1,158076
7290012983160,false,סילאן בקבוק לחיץ 400 גרם,"חצר כנרת מוצרי תמר אגש""ח",IL,סילאן בקבוק לחיץ תמר,גרמים,400.00,100 גרם,false,,11.90,0.0298,true,1,154804
7290013027399,false,לחם קמח מלא קל בתוספת שיפון 750 ג' אנג'ל,מאפיית שלמה א. אנג'\ל בע,IL,לחם קל פרוס 100% קמח,גרמים,750.00,100 גרם,false,,13.90,0.0185,true,1,150030
7290013083661,false,תחליף חלב מטרנה אקסטרה קר שלב 1 700 גרם,מטרנה תעשיות ש.מ,IL,מטרנה אקסטרה קר שלב,גרמים,700.00,100 גרם,false,,59.90,0.0856,true,1,146988
7290013117212,false,בורקס פילו במילוי גבינה מעדנות 600 גר,מיוצר עי קונדיטוריית,IL,בורקס פילו גבינה מעד,גרמים,600.00,100 גרם,false,,19.90,0.0332,true,1,161206
7290013117427,false,בצק פריך מרודד למאפים מלוחים מעדנות 2*450 גרם,מיוצר עי קונדיטוריית,IL,בצק פריך מרודד למאפי,גרמים,900.00,100 גרם,false,,24.90,0.0277,true,1,157951
7290013144010,true,"קמח תופח מימונס 1 ק""",,,"קמח תופח מימונס 1 ק""",,0.00,,false,,6.50,0.0000,true,1,144891
7290013144270,false,תערובת להכנת קרם פטיסייר מיימונס 100 גרם,א.ל ייצור ושיווק תבלינים,IL,תערובת להכנת קרם פטי,גרמים,100.00,100 גרם,false,,9.90,0.0990,true,1,156669
7290013144805,false,אבקת אייס קפה דיאט 320 גרם מימונס,מימונס אפייה,IL,אייס קפה לייט 250 גר,גרמים,250.00,100 גרם,false,,20.90,0.0836,true,1,164781
7290013145024,false,מיימונס אגוז מלך טחון 100 גרם,א.ל ייצור ושיווק תבלינים,IL,אגוז מלך טחון 100 גר,גרמים,100.00,100 גרם,false,,13.50,0.1350,true,1,144040
7290013145093,false,"שקד מולבן גרוס 100 גרם ""מיימונס",א.ל ייצור ושיווק תבלינים,IL,שקד מולבן גרוס 100 ג,גרמים,100.00,100 גרם,false,,13.50,0.1350,true,1,152111
7290013145109,false,שקד מולבון טחון מימונס 100 גרם,א.ל ייצור ושיווק תבלינים,IL,שקד מולבן טחון 100 ג,גרמים,100.00,100 גרם,false,,13.50,0.1350,true,1,144044
7290013145178,false,קוקוס טחון לבן מיימונס 100 גרם,א.ל ייצור ושיווק תבלינים,IL,מימונס קוקוס טחון לב,גרמים,100.00,100 גרם,false,,5.00,0.0500,true,1,144046
7290013145192,false,שומשום מיימונס 100 גרם,א.ל ייצור ושיווק תבלינים,IL,מימונס שומשום 100 גר,גרמים,100.00,100 גרם,false,,4.60,0.0460,true,1,144047
7290013145628,false,סוכריות צבעוניות לקישוט מימונס 200 גרם,א.ל ייצור ושיווק תבלינים,IL,מימונס סוכריות צבעונ,גרמים,200.00,100 גרם,false,,9.90,0.0495,true,1,144049
7290013145840,false,סוכר וניל מיימונס 10 יחידות,א.ל ייצור ושיווק תבלינים,IL,סוכר וניל 10 יח' בצל,גרמים,100.00,100 גרם,false,,2.50,0.0250,true,1,144051
7290013145857,false,אבקת אפיה מיימונס 10 יחידות,מימונס אפייה,IL,אבקת אפיה 10 יח' בצל,גרמים,100.00,100 גרם,false,,2.50,0.0250,true,1,144052
7290013146267,false,"פודינג בטעם וניל שקית מימונס 1 ק""ג",א.ל ייצור ושיווק תבלינים,IL,פודינג וניל מימונס ב,גרמים,1000.00,100 גרם,false,,21.90,0.0219,true,1,158600
7290013153593,false,תפוזים מתקתק 100% פריגת 1 ליטר,"גת גבעת חיים,",IL,מיץ תפוזים מתקתקים פ,מיליליטרים,1000.00,"100 מ""ל",false,,11.60,0.0116,true,1,158210
7290013215017,false,פטריות זוגות חוות השמפניון,אראל תוצרת חקלאית בע,IL,דואט פטריות,יחידה,1.00,יחידה,false,,17.90,17.9000,true,1,154979
7290013215017,false,פטריות זוגות חוות השמפניון,אראל תוצרת חקלאית בע,IL,דואט פטריות,Unknown,1.00,יחידה,false,,17.90,17.9000,true,1,154979
7290013269751,false,מטליות לחותריצפז פרש לניקוי ריצפה בניחות מלון בוטיק 10 יח' סנו,טרופיקל דגיל תעשיות,IL,מטליות לחות לריצפה ה,יחידה,1.00,יחידה,false,,12.90,12.9000,true,1,151441
7290013269751,false,מטליות לחותריצפז פרש לניקוי ריצפה בניחות מלון בוטיק 10 יח' סנו,טרופיקל דגיל תעשיות,IL,מטליות לחות לריצפה ה,Unknown,1.00,יחידה,false,,12.90,12.9000,true,1,151441
7290013284181,true,מלפפון 10-12 בחומץ 5,,,מלפפון 10-12 בחומץ 5,,0.00,,false,,5.00,0.0000,true,1,140418
7290013284662,false,רוטב פיצה פיתה לילדים 240 ג' פריניר,פריניר ( הדס 1987) ב,IL,רוטב פיצה פיתה פריני,גרמים,240.00,100 גרם,false,,5.50,0.0229,true,1,140420
7290013358417,false,מאסטר שף אסייאתי רוטב טריאקי 300 מל כשלפ,קריניציה ויטמינה אס,TH,רוטב טריאקי מאסטר שף,מיליליטרים,300.00,"100 מ""ל",false,,10.90,0.0363,true,1,154451
7290013358530,false,מאסטר שף אסייאתי רוטב צ'ילי מתוק 700 מל כשלפ,קריניציה ויטמינה אס,TH,רוטב צ'ילי מתוק מאסט,מיליליטרים,700.00,"100 מ""ל",false,,13.90,0.0199,true,1,154481
7290013542526,false,כוסות נייר שתיה חמה,כוסות שתייה חמה 3 ב,CN,כוסות נייר שתיה חמה,יחידה,50.00,יחידה,false,,12.90,0.2580,true,1,154900
7290013542526,false,כוסות נייר שתיה חמה,כוסות שתייה חמה 3 ב,CN,כוסות נייר שתיה חמה,Unknown,50.00,יחידה,false,,12.90,0.2580,true,1,154900
7290013585233,false,"ספרייט זירו פחית סליק 330 מ""ל",החברה המרכזית לייצור משקאות,IL,סליק ספרייט זירו 330,מיליליטרים,330.00,"100 מ""ל",false,,6.20,0.0188,true,1,143592
7290013585257,false,ספרייט זירו בבקבוק אישי,החברה המרכזית לייצור משקאות,IL,"ZERO ספרייט 500 מ""ל",מיליליטרים,500.00,"100 מ""ל",false,,6.50,0.0130,true,1,143594
7290013585387,false,קוקה קולה זירו בקבוק,החברה המרכזית לייצור משקאות,IL,קוקה קולה זירו בקבוק,מיליליטרים,1000.00,"100 מ""ל",false,,6.90,0.0069,true,1,143595
7290013585394,false,קוקה קולה 1ליטר בודד,החברה המרכזית לייצור משקאות,IL,קוקה קולה בקבוק 1 לי,מיליליטרים,1000.00,"100 מ""ל",false,,7.50,0.0075,true,1,143596
7290013585967,false,מארז ספרייט זירו 6 * 330 פח Fridge- pack,קוקה קולה ישראל,IL,שישיית פחיות ספרייט,מיליליטרים,1980.00,"100 מ""ל",false,,25.70,0.0130,true,1,149791
7290013586711,true,ויסוצקי ICE היביסקוס,,,ויסוצקי ICE היביסקוס,,0.00,,false,,8.00,0.0000,true,1,143598
7290013608260,false,מיץ רימונים 100%מיץ סחוט טרי מצונן 1ליט,"גניר (1992) בע""מ",IL,מיץ רימונים 100% סחו,מיליליטרים,1000.00,"100 מ""ל",false,,22.90,0.0229,true,1,146617
7290013608352,true,מיץ תפוזים 2 ליטר,,,מיץ תפוזים 2 ליטר,,0.00,,false,,2999.90,0.0000,true,1,141405
7290013683557,false,מיני דונאטס,,,מיני דונאטס,יחידה,1.00,יחידה,false,,6.00,6.0000,true,1,149279
7290013683557,false,מיני דונאטס,,,מיני דונאטס,Unknown,1.00,יחידה,false,,6.00,6.0000,true,1,149279
7290013702883,false,"שוופס מוגז פינק למונייד 500 מ""ל",יפאורה שותפות מובגלת לשיווק,IL,שוופס מ. פירות פינק,מיליליטרים,500.00,"100 מ""ל",false,,5.50,0.0110,true,1,140988
7290013843050,false,כוסות שתיה קרה 100 י,כוסות שתיה קרה 4 ב 1,,כוסות שתיה קרה 100 י,יחידה,100.00,יחידה,false,,7.90,0.0790,true,1,149635
7290013843050,false,כוסות שתיה קרה 100 י,כוסות שתיה קרה 4 ב 1,,כוסות שתיה קרה 100 י,Unknown,100.00,יחידה,false,,7.90,0.0790,true,1,149635
7290013843968,false,כוסות קרטון 8 אוז 50 יח',כוסות שתייה חמה 3 ב,,כוסות נייר שתיה חמה,יחידה,50.00,יחידה,false,,12.90,0.2580,true,1,145106
7290013843968,false,כוסות קרטון 8 אוז 50 יח',כוסות שתייה חמה 3 ב,,כוסות נייר שתיה חמה,Unknown,50.00,יחידה,false,,12.90,0.2580,true,1,145106
7290013847867,false,מארז זוג טונה בשמן סויה 140 ג' סטארקיסט,טונה ויטנאם קו. אל.ט,IL,טונה בהירה בשמן קנול,גרמים,280.00,100 גרם,false,,12.90,0.0461,true,1,159123
7290013848345,false,מארז מטליות לחיטוי וניקוי יסודי אנטיבקטריאלי 99.9%,סנו מפעלי ברונוס בעמ,IL,מגבונים 99.9% לחיטוי,יחידה,3.00,יחידה,false,,21.90,7.3000,true,1,151518
7290013848345,false,מארז מטליות לחיטוי וניקוי יסודי אנטיבקטריאלי 99.9%,סנו מפעלי ברונוס בעמ,IL,מגבונים 99.9% לחיטוי,Unknown,3.00,יחידה,false,,21.90,7.3000,true,1,151518
7290013849205,false,כוס קר שקוף קלאסי מצוין - 100 יחידות,כוסות שתיה קרה 4 ב 1,,כוסות שתיה קרה 100 י,יחידה,100.00,יחידה,false,,7.90,0.0790,true,1,154702
7290013849205,false,כוס קר שקוף קלאסי מצוין - 100 יחידות,כוסות שתיה קרה 4 ב 1,,כוסות שתיה קרה 100 י,Unknown,100.00,יחידה,false,,7.90,0.0790,true,1,154702
7290013903549,false,טופו במרקם רך טבעי ליב 300 גר,ג'נרל מילס סאן אדריא,IL,טופו רך טבעי ליב 30,גרמים,300.00,100 גרם,false,,9.90,0.0330,true,1,165903
7290013906205,false,פסטרמה עם שום וצילי טירת צבי 400 ג',הנסיך- מפעל לייצור ט,IL,פסטרמה שום וצ'לי 400,גרמים,400.00,100 גרם,false,,26.90,0.0672,true,1,161212
7290013906496,false,פסטרמה עגל בסגנון רומני טירת צבי 120 גר,הנסיך- מפעל לייצור ט,IL,פסטרמה עגל רומנית 12,גרמים,120.00,100 גרם,false,,14.90,0.1242,true,1,158566
7290014002203,false,חליטת לימונית ולואיזה הגן הקסום ויסוצקי 25 יחידות,תה ויסוצקי,IL,חליטת צמחים לימונית,יחידה,25.00,יחידה,false,,17.90,0.7160,true,1,145281
7290014002203,false,חליטת לימונית ולואיזה הגן הקסום ויסוצקי 25 יחידות,תה ויסוצקי,IL,חליטת צמחים לימונית,Unknown,25.00,יחידה,false,,17.90,0.7160,true,1,145281
7290014002944,false,גן קסום חליטת פירות וצמחים חמדת שקד 25 שקיקים,תה ויסוצקי,IL,חליטת חמדת השקד הגן,יחידה,25.00,יחידה,false,,17.50,0.7000,true,1,147950
7290014002944,false,גן קסום חליטת פירות וצמחים חמדת שקד 25 שקיקים,תה ויסוצקי,IL,חליטת חמדת השקד הגן,Unknown,25.00,יחידה,false,,17.50,0.7000,true,1,147950
7290014046436,false,נשנושי קבנוס יחיעם 125 גרם,מעדני יחיעם 1993,IL,נישנושי קבנוס יחיעם,גרמים,125.00,100 גרם,false,,12.90,0.1032,true,1,161931
7290014083813,false,וילי פוד מריגה שפרוטים מעושנים בשמן 190ג,הנסיך- מפעל לייצור ט,LV,שפרוטים מעושנים בשמן,גרמים,190.00,100 גרם,false,,8.90,0.0468,true,1,155564
7290014089006,false,זר פרחים גדול,פרח הארץ,IL,זר פרחים גדול,יחידה,1.00,יחידה,false,,29.90,29.9000,true,1,152595
7290014089006,false,זר פרחים גדול,פרח הארץ,IL,זר פרחים גדול,Unknown,1.00,יחידה,false,,29.90,29.9000,true,1,152595
7290014089143,false,בזיליקום בעציץ יחידה,פרח הארץ,IL,בזיליקום בעציץ,יחידה,1.00,יחידה,false,,14.90,14.9000,true,1,152606
7290014089143,false,בזיליקום בעציץ יחידה,פרח הארץ,IL,בזיליקום בעציץ,Unknown,1.00,יחידה,false,,14.90,14.9000,true,1,152606
7290014089310,false,פטוניה בעציץ יחידה,פרח הארץ,IL,פטוניה בעציץ,יחידה,1.00,יחידה,false,,9.90,9.9000,true,1,152616
7290014089310,false,פטוניה בעציץ יחידה,פרח הארץ,IL,פטוניה בעציץ,Unknown,1.00,יחידה,false,,9.90,9.9000,true,1,152616
7290014094406,false,צימוק לבן בקופסא ששון הקולה 330 גרם,"דין שיווק וקלייה בע""",,צימוק לבן 330 גר' -,גרמים,330.00,100 גרם,false,,17.90,0.0542,true,1,164120
7290014094543,false,"תרסיס שמן קנולה שקדיה 186 מ""ל",שקדיה,TR,תרסיס שמן קנולה שקדי,מיליליטרים,170.00,"100 מ""ל",false,,14.90,0.0876,true,1,158483
7290014138988,false,לפידונים נוזלי 44 כוסיות עם שמן זית להדלקה בחנוכה,מנורה,,לפידונים נוזלי קופסא,יחידה,44.00,יחידה,false,,56.90,1.2932,true,1,149628
7290014138988,false,לפידונים נוזלי 44 כוסיות עם שמן זית להדלקה בחנוכה,מנורה,,לפידונים נוזלי קופסא,Unknown,44.00,יחידה,false,,56.90,1.2932,true,1,149628
7290014174092,false,סופגניות בטעמים,,,סופגניות בטעמים,יחידה,1.00,יחידה,false,,6.00,6.0000,true,1,149919
7290014174092,false,סופגניות בטעמים,,,סופגניות בטעמים,Unknown,1.00,יחידה,false,,6.00,6.0000,true,1,149919
7290014218536,false,בצק עלים מרודד מופחת שומן מעדנות 1 קג,תנובה מעדנות,IL,בצק עלים מופחת שומן,גרמים,1000.00,100 גרם,false,,21.90,0.0219,true,1,158783
7290014218932,false,חטיפי פיצה בתוספ זיתים בשקית מעדנות 710 גרם,מיוצר עי קונדיטוריית,IL,חטיפי פיצה בתוספת זי,גרמים,710.00,100 גרם,false,,32.90,0.0463,true,1,161218
7290014236127,true,תבנית אלומיניום אינג,,,תבנית אלומיניום אינג,,0.00,,false,,5.00,0.0000,true,1,143842
7290014455245,false,גבינת גרנה פדנו משולש 29% 200 גרם בית יוסף,מחלבת סוציאלה מנטובה,IT,גבינת גרנה פדנו קשה,גרמים,200.00,100 גרם,false,,25.90,0.1295,true,1,145691
7290014455252,false,גבינה קשה מגורדת גרנה פדנו 29% שומן,מחלבות גד שיווק 1992,IT,פרמז'ן גרנה פדנו מגו,גרמים,100.00,100 גרם,false,,12.40,0.1240,true,1,143654
7290014455320,false,גבינה כדורי מוצרלה פרסקה גד 100ג',מחלבות גד בעמ,IL,מוצרלה פרסקה 100 גרם,גרמים,100.00,100 גרם,false,,9.80,0.0980,true,1,143655
7290014455467,false,ירח מתוק מעדן חלב 2% ושיבולת שועל גד 150ג',גבינות מדף,IL,מעדן שיבולת שועל וחל,גרמים,150.00,100 גרם,false,,5.90,0.0393,true,1,143656
7290014459472,false,"צ'יפס קפוא תפוגן 2 ק""ג כשל""פ","תעשיות תפוגן בע""מ",IL,תפוגן צ'יפס קלאסי 2,גרמים,2000.00,100 גרם,false,,26.90,0.0134,true,1,157762
7290014472136,false,גרעיני חמנייה ששון הקולה 150 גרם,"דין שיווק וקלייה בע""",IL,גרעין שחור קלוי 150,גרמים,150.00,100 גרם,false,,4.90,0.0327,true,1,166393
7290014525672,false,מרבה על חלל עוגיות קקאו וסוכריות שוקולד חלב 140 גרם,"מרבה בע""\מ",NL,עוגיות עם סוכריות שו,יחידה,6.00,יחידה,false,,9.90,1.6500,true,1,156352
7290014525672,false,מרבה על חלל עוגיות קקאו וסוכריות שוקולד חלב 140 גרם,"מרבה בע""\מ",NL,עוגיות עם סוכריות שו,Unknown,6.00,יחידה,false,,9.90,1.6500,true,1,156352
7290014534674,false,"פסטה ""לה פסטה"" 400 ג' פרפר 400 ג'",מוטלו,TR,פסטה פארפלה חיטה דור,גרמים,400.00,100 גרם,false,,4.50,0.0113,true,1,160707
7290014603028,false,שלגון סולרו שרבט תות-חלבי,"מיוצר ע""י גלידת שטרא",IL,סולרו תות 76 גרם,יחידה,1.00,יחידה,false,,8.50,8.5000,true,1,155979
7290014603028,false,שלגון סולרו שרבט תות-חלבי,"מיוצר ע""י גלידת שטרא",IL,סולרו תות 76 גרם,Unknown,1.00,יחידה,false,,8.50,8.5000,true,1,155979
7290014692565,false,גרעיני תירס מתוק וילי פוד 320 גרם,אקו קונסרויפרי קי.אפ,HU,גרעיני תירס מתוק ויל,גרמים,320.00,100 גרם,false,,5.90,0.0184,true,1,155562
7290014692749,false,"שמן זית כתית מעולה ויליפוד 750 מ""ל",אסטיאס בורגס,ES,שמן זית כתית מעולה ו,גרמים,750.00,100 גרם,false,,32.90,0.0439,true,1,163969
7290014749245,false,ספיישל רצועות שניצל שומשום עוף טוב 600 גרם,מוצרי עוף טוב (2001) בע\,IL,צ'ונגו רצועות שניצל,100 0,600.00,100 0,false,,34.90,0.0582,true,1,154718
7290014749764,false,עוף טוב שניצל עוף ביתי עדין כזה 700 גרם,מוצרי עוף טוב (2001) בע\,IL,שניצל עוף ביתי עדין,גרמים,700.00,100 גרם,false,,44.90,0.0641,true,1,155058
7290014758117,false,מאגדת יוגורט ביו 1.5% שומן 8 יח' *150 ג' תנובה,מיוצר עי קונדיטוריית,IL,יוגורט ביו 1.5% תנוב,יחידה,8.00,יחידה,false,,16.90,2.1125,true,1,157022
7290014758117,false,מאגדת יוגורט ביו 1.5% שומן 8 יח' *150 ג' תנובה,מיוצר עי קונדיטוריית,IL,יוגורט ביו 1.5% תנוב,Unknown,8.00,יחידה,false,,16.90,2.1125,true,1,157022
7290014758162,false,חלב עיזים מלא 3.6% קרטון 1 ל' תנובה,תנובה מרכז שיתופי לש,IL,חלב עיזים מלא 3.6% ת,מיליליטרים,1000.00,"100 מ""ל",false,,14.90,0.0149,true,1,161146
7290014758681,false,קוטג תנובה 1% גביע 250 גרם,מיוצר עי קונדיטוריית,IL,קוטג 1% תנובה 250 גר,גרמים,250.00,100 גרם,false,,5.70,0.0228,true,1,145443
7290014759084,false,גבינת שמנת נפוליאון 16% מופחת שומן תנובה 225 גרם,תנובה מרכז שיתופי לש,IL,נפוליאון גבינת שמנת,גרמים,225.00,100 גרם,false,,13.90,0.0618,true,1,142575
7290014759534,false,גבינה בולגרית למריחה טבעי 5% 200 ג' פיראוס,"תנובה, מחלבת תל יוסף",IL,גבינה בולגרית למריחה,גרמים,200.00,100 גרם,false,,13.90,0.0695,true,1,161147
7290014759909,false,פטה עיזים 5% פיראוס גביע 250 גרם,"תנובה, מחלבת טנא נוג",IL,פטה עיזים 5% פיראוס,גרמים,250.00,100 גרם,false,,27.90,0.1116,true,1,159167
7290014760141,false,משקה שקדים תנובה E אלטרנטיב,תנובה Alternative,IL,משקה שקדים טרי 1 ליט,מיליליטרים,1000.00,"100 מ""ל",false,,12.90,0.0129,true,1,150109
7290014761056,false,מעדן שוקולד חלב יולו תנובה 123 גרם,מיוצר עי קונדיטוריית,IL,מעדן חלב עם שוקולד ח,גרמים,123.00,100 גרם,false,,4.70,0.0382,true,1,142580
7290014761063,false,מעדן שוקולד מריר יולו תנובה 123 גרם,מיוצר עי קונדיטוריית,IL,מעדן חלב עם שוקולד מ,גרמים,123.00,100 גרם,false,,4.70,0.0382,true,1,142581
7290014761070,false,מעדן שוקולד לבן יולו תנובה 123 גרם,מיוצר עי קונדיטוריית,IL,מעדן חלב עם שוקולד ל,גרמים,123.00,100 גרם,false,,4.70,0.0382,true,1,142582
7290014761193,false,יוגורט עם פירות יער 1.5% שומן 125 ג' פרילי,תנובה מרכז שיתופי לש,IL,פרילי פירות יער 1.5%,מיליליטרים,125.00,"100 מ""ל",false,,3.50,0.0280,true,1,164375
7290014761414,false,יולו מעדן שכבות שוקולד חלב ולבן 123 גר,מיוצר עי קונדיטוריית,IL,מעדן חלב עם שכבות שו,גרמים,123.00,100 גרם,false,,4.70,0.0382,true,1,142585
7290014761612,false,מעדן שכבות שוקולד מריר ולבן יולו 122 גרם,מיוצר עי קונדיטוריית,IL,מעדן שכבות שוקולד לב,גרמים,123.00,100 גרם,false,,4.70,0.0382,true,1,142586
7290014762756,false,גבינת שמנת נפוליאון 16% עם בצל תנובה 225 גרם,תנובה חלב,IL,נפוליאון גבינת שמנת,גרמים,225.00,100 גרם,false,,13.90,0.0618,true,1,152313
7290014762831,false,גבינת שמנת נפוליאון 16% עם פלפל חלפיניו תנובה 225 גרם,תנובה מרכז שיתופי לש,IL,נפוליאון גבינת שמנת,גרמים,225.00,100 גרם,false,,13.90,0.0618,true,1,152314
7290014763272,false,יוגורט סויה BIO לשתייה תות ובננה אלטרנטיב,תות תעשיות מזון (201,IL,יוגורט סויה לשתיה תו,מיליליטרים,250.00,"100 מ""ל",false,,5.80,0.0232,true,1,142596
7290014791091,false,"שוויפס לימונייד 500 מ""ל",יפאורה שותפות מובגלת לשיווק,IL,שוופס מ. פירות למוני,מיליליטרים,500.00,"100 מ""ל",false,,5.50,0.0110,true,1,140989
7290014791336,false,"מי עדן 500 מ""ל פקק ספורט",מים מינרליים,IL,מים מינרלים מי עדן פ,מיליליטרים,500.00,"100 מ""ל",false,,3.90,0.0078,true,1,140990
7290014791725,false,"שוויפס תפוחים מוגז 500 מ""ל",יפאורה שותפות מובגלת לשיווק,IL,שוופס מוגז תפוחים 50,מיליליטרים,500.00,"100 מ""ל",false,,5.50,0.0110,true,1,140991
7290014791831,false,פרוט ווטר ענבים 0.5 ליטר,יפאורה,IL,פרוט ווטר ענבים 500,מיליליטרים,500.00,"100 מ""ל",false,,6.50,0.0130,true,1,168372
7290014791848,false,פרוט ווטר אננס 0.5 ליטר,יפאורה תבורי בעמ,IL,פרוט ווטר אננס 500 מ,מיליליטרים,500.00,"100 מ""ל",false,,6.50,0.0130,true,1,168373
7290014791862,false,"שוופס פרוט ווטר אפרסק 500מ""ל",יפאורה תבורי בעמ,IL,פרוט ווטר אפרסק 500,מיליליטרים,500.00,"100 מ""ל",false,,6.20,0.0124,true,1,168374
7290014791879,false,פרוט ווטר אבטיח 0.5 ליטר,יפאורה תבורי בעמ,IL,פרוט ווטר אבטיח 500,מיליליטרים,500.00,"100 מ""ל",false,,6.20,0.0124,true,1,168375
7290014803565,false,צנימים עגולים עם חיטה מלאה 300 גרם,NEWLAT,,צנימים עגולים עם קמח,גרמים,300.00,100 גרם,false,,13.90,0.0463,true,1,166013
7290014860087,false,"מקלוני אורז ללא גלוטן 5מ""מ 250גר' (אור)",Oriental food co. lt,TH,מקלוני אורז ללא גלוט,גרמים,250.00,100 גרם,false,,7.90,0.0316,true,1,142781
7290014897137,false,פלפל צ'ילי רמי לוי,,,פלפל צ'ילי רמי לוי,יחידה,1.00,יחידה,false,,6.90,6.9000,true,1,158129
7290014897137,false,פלפל צ'ילי רמי לוי,,,פלפל צ'ילי רמי לוי,Unknown,1.00,יחידה,false,,6.90,6.9000,true,1,158129
7290014918009,false,דלי שטיפה+פיה,פלנרו,IL,דלי איכותי,יחידה,1.00,יחידה,false,,17.90,17.9000,true,1,153575
7290014918009,false,דלי שטיפה+פיה,פלנרו,IL,דלי איכותי,Unknown,1.00,יחידה,false,,17.90,17.9000,true,1,153575
7290014940901,false,לחם פשוט מלא אנג'ל 750 גרם,מאפיית שלמה א. אנג'\ל בע,IL,לחם פשוט מלא 750 גרם,גרמים,750.00,100 גרם,false,,13.90,0.0185,true,1,150031
7290014945654,true,מדליק פחמים ועץ,,,מדליק פחמים ועץ,,0.00,,false,,5.00,0.0000,true,1,142456
7290014974876,false,גלילי ופל במילוי קרם אגוז ל.גלוטן 100 גר,כרמית תעשיות ממתקים,IL,רולים אגוז ללא גלוטן,גרמים,100.00,100 גרם,false,,7.50,0.0750,true,1,148439
7290015014168,false,בייבי מיקס רמי לוי,,,עלי בייבי 120 גרם,גרמים,120.00,100 גרם,false,,9.90,0.0825,true,1,151065
7290015014182,false,לבבות קיסר בנספק רמי לוי,קטיף.,IL,לבבות קיסר בשקית רמי,יחידה,1.00,יחידה,false,,9.90,9.9000,true,1,151067
7290015014182,false,לבבות קיסר בנספק רמי לוי,קטיף.,IL,לבבות קיסר בשקית רמי,Unknown,1.00,יחידה,false,,9.90,9.9000,true,1,151067
7290015014274,false,צנוניות רמי לוי 500ג,,,צנוניות רמי לוי 500,גרמים,500.00,100 גרם,false,,5.90,0.0118,true,1,151069
7290015014465,false,רוזמרין רמילוי,,,רוזמרין,יחידה,1.00,יחידה,false,,5.90,5.9000,true,1,151072
7290015014465,false,רוזמרין רמילוי,,,רוזמרין,Unknown,1.00,יחידה,false,,5.90,5.9000,true,1,151072
7290015014472,false,קורנית(בוסתן),,,טימין תקומה,יחידה,1.00,יחידה,false,,5.90,5.9000,true,1,151073
7290015014472,false,קורנית(בוסתן),,,טימין תקומה,Unknown,1.00,יחידה,false,,5.90,5.9000,true,1,151073
7290015039246,false,נתחי טונה בשמן צמחי רביעיה * 160 ג' וילי פוד,וילי פוד,TH,נתחי טונה בהירה בשמן,גרמים,640.00,100 גרם,false,,21.90,0.0342,true,1,141456
7290015039338,false,נתחי טונה במי מלח רביעיה * 160 ג' וילי פוד,וילי פוד,TH,נתחי טונה במי מלח וי,גרמים,640.00,100 גרם,false,,21.90,0.0342,true,1,141457
7290015139267,false,שוקולד מריר עם שקדים ללא תוספת סוכר וסטהיים,"כרמית תעשיות ממתקים בע""\",IL,שוקולד מריר עם שקדים,גרמים,85.00,100 גרם,false,,5.90,0.0694,true,1,164390
7290015139465,false,כרמית מיקסים בייגלה מצופה שוקולד חלב,כרמית תעשיות ממתקים בעמ,IL,אגו מיקס בייגלה מצופ,גרמים,55.00,100 גרם,false,,3.90,0.0709,true,1,141157
7290015155830,false,מחית תפוחי עץ ובננה חטיפטף ללא תוספת סוכר,פרוטה פודווין איי.אס,CZ,פאוץ' פרינוק תפוח בנ,גרמים,120.00,100 גרם,false,,6.50,0.0542,true,1,145026
7290015156813,false,פאוץ' מחית פירות מעורבים פרינוק 120 גרם,פרוטה פודווין איי.אס,CZ,פאוץ' פרינוק פירות מ,גרמים,120.00,100 גרם,false,,6.50,0.0542,true,1,165419
7290015193559,false,מעדני המלך אובלטים מלוחים 300 גרם,אם החיטה,IL,אובלטים מלוחים מעדני,גרמים,300.00,100 גרם,false,,9.90,0.0330,true,1,158596
7290015193832,false,קרקר עם שומשום ארומה 300 גרם,פפושדו,IL,ארומה קרקר שומשום 30,גרמים,300.00,100 גרם,false,,7.50,0.0250,true,1,148994
7290015193849,false,קרקר עם מלח ארומה 300 גרם,פפושדו,IL,ארומה קרקר מלח 300גר,גרמים,300.00,100 גרם,false,,7.50,0.0250,true,1,148995
7290015325806,false,תחליב רחצה בניחוח קקטוס 750מל רמילוי,,,נועה תחליב רחצה פרח,מיליליטרים,750.00,"100 מ""ל",false,,8.90,0.0119,true,1,146925
7290015325820,false,תחליב רחצה קוקוס 750מל רמילוי,,,נועה תחליב רחצה קוקו,מיליליטרים,750.00,"100 מ""ל",false,,8.90,0.0119,true,1,146926
7290015395939,false,חטיף אורז בטעם מתוק מלוח 120 גרם,דין שיווק,IL,חטיף יפני 150 גרם-שש,גרמים,150.00,100 גרם,false,,15.90,0.1060,true,1,152954
7290015395960,false,בוטן רביולי בציפוי בטעם מלוח מתוק 150 ג,דין שיווק,IL,בוטן רביולי 150 גרם-,גרמים,150.00,100 גרם,false,,15.90,0.1060,true,1,152955
7290015530910,false,חלה חצי מתוקה 350 גר,,,חלה חצי מתוקה 350 גר,גרמים,350.00,100 גרם,false,,5.90,0.0169,true,1,141117
7290015568289,false,כוס טרמית TO GO,,,כוס טרמית TO GO,יחידה,1.00,יחידה,false,,16.90,16.9000,true,1,147707
7290015568289,false,כוס טרמית TO GO,,,כוס טרמית TO GO,Unknown,1.00,יחידה,false,,16.90,16.9000,true,1,147707
7290015597937,false,קורנטו וניל קלאסי שטראוס 70 גר,"מיוצר ע""\י גלידת שטראוס",IL,טילון קורנטו קלאסיק,יחידה,1.00,יחידה,false,,6.90,6.9000,true,1,150272
7290015597937,false,קורנטו וניל קלאסי שטראוס 70 גר,"מיוצר ע""\י גלידת שטראוס",IL,טילון קורנטו קלאסיק,Unknown,1.00,יחידה,false,,6.90,6.9000,true,1,150272
7290015603188,false,אטריות ביצים 454ג' (כ) (fu),פוגיאן לונגהי אנלידה אינ,CN,איטריות ביצים 454 גר,גרמים,454.00,100 גרם,false,,10.90,0.0240,true,1,147250
7290015603218,false,אטריות עם עגבניה מזרח מערב 454 גרם,פוגקן לונגהי אנלידה,CN,איטריות עם עגבניות 4,גרמים,454.00,100 גרם,false,,10.90,0.0240,true,1,147253
7290015603232,false,איטריות בתוספת דלעת 454 גרם,פוגקן לונגהי אנלידה,CN,איטריות עם דלעת 454,גרמים,454.00,100 גרם,false,,10.90,0.0240,true,1,147255
7290015603522,false,"נוזל אגוזי קוקוס 5%-7% 400 מ""ל",אסי אטיק גרו אינדוסט,TH,נוזל אגוזי קוקוס 5-7,מיליליטרים,400.00,"100 מ""ל",false,,6.90,0.0173,true,1,142783
7290015603584,false,ג'ינגר לבן כבוש ללא מונוסודיום 160 גרם (כ),לאיווי איפנג פודס קו,CN,ג'ינגר לבן כבוש ללא,גרמים,160.00,100 גרם,false,,7.90,0.0494,true,1,142785
7290015603591,false,גינגר ורוד כבוש ללא מונוסודיום 160 גרם,ננטונג הידה אקוטיק פ,CN,ג'ינג'ר ורוד כבוש לל,גרמים,160.00,100 גרם,false,,7.90,0.0494,true,1,154895
7290015652070,false,קשוי קלוי בשקית ששון הקולה 150 גרם,"דין שיווק וקלייה בע""",IL,קשיו קלוי 150 גרם שק,גרמים,150.00,100 גרם,false,,12.90,0.0860,true,1,157144
7290015652087,false,תערובת פיצוחים בשקית ששון הקולה 150 גרם,דין שיווק,IL,תערובת פיצוחים 150 ג,גרמים,150.00,100 גרם,false,,12.90,0.0860,true,1,157145
7290015664714,false,תבנית אלומיניום אינג,טעמן,IL,תבנית אלומיניום אינג,יחידה,0.00,יחידה,false,,8.00,0.0000,true,1,141326
7290015664714,false,תבנית אלומיניום אינג,טעמן,IL,תבנית אלומיניום אינג,Unknown,0.00,יחידה,false,,8.00,0.0000,true,1,141326
7290015673570,false,קריספי טופו-נגיסי טופו מוכנים לאכילה,טבע דלי,IL,קריספי טופו מוכן 350,גרמים,350.00,100 גרם,false,,25.90,0.0740,true,1,165904
7290015681162,false,שניצל תירס רמי לוי 750 גרם,רמי לוי,IL,שניצל תירס רמי לוי 7,גרמים,750.00,100 גרם,false,,19.90,0.0265,true,1,150972
7290015681179,false,שניצל צמחי רמי לוי 750 גרם,רמי לוי,IL,שניצל צמחי רמי לוי 7,גרמים,750.00,100 גרם,false,,19.90,0.0265,true,1,150973
7290015681186,false,שניצל עוף אמיתי עם שומשום רמי לוי 700 גרם,רמי לוי,IL,שניצל עוף אמיתי בציפ,גרמים,700.00,100 גרם,false,,27.90,0.0399,true,1,150974
7290015681759,false,מיזלי פירות רמי לוי,רמי לוי,,מיזלי פירות 400 גרם,גרמים,400.00,100 גרם,false,,10.40,0.0260,true,1,152456
7290015681773,false,קינואה רמי לוי 400 גרם,דין שיווק,,קינואה 400 גרם - רמי,גרמים,400.00,100 גרם,false,,10.90,0.0273,true,1,153105
7290015733427,false,מטרנה דייסת גם וגם וניל פרו12*300ג 2019,מולינו ניקולי s.p.a,IL,מטרנה דייסת גם וגם ו,גרמים,300.00,100 גרם,false,,18.90,0.0630,true,1,154613
7290015834209,false,"ציפס קלאסי רמי לוי 2 ק""ג",קפוא-זן,BE,רמי לוי צ'יפס קלאסי,גרמים,2000.00,100 גרם,false,,23.90,0.0119,true,1,146787
7290015834339,false,דבש בצנצנת רמי לוי 350 גרם,דבש עמק חפר,RO,דבש בצנצנת רמי לוי 3,גרמים,350.00,100 גרם,false,,16.70,0.0477,true,1,141332
7290015834445,false,"ציפס סטיק רמי לוי 2 ק""ג",קפוא-זן,BE,רמי לוי סטיק צ'יפס 2,גרמים,2000.00,100 גרם,false,,23.90,0.0119,true,1,146789
7290015835039,false,כריות יפניות עבות רמי לוי 6 יח,רמי לוי,,כריות יפניות עבות רמ,יחידה,6.00,יחידה,false,,8.90,1.4833,true,1,144012
7290015835039,false,כריות יפניות עבות רמי לוי 6 יח,רמי לוי,,כריות יפניות עבות רמ,Unknown,6.00,יחידה,false,,8.90,1.4833,true,1,144012
7290015835060,false,כריות קרצוף רמי לוי 10 יח,רמי לוי,,כריות קרצוף 10 יחידו,יחידה,10.00,יחידה,false,,5.90,0.5900,true,1,144013
7290015835060,false,כריות קרצוף רמי לוי 10 יח,רמי לוי,,כריות קרצוף 10 יחידו,Unknown,10.00,יחידה,false,,5.90,0.5900,true,1,144013
7290015835077,false,ברזלית צילינדר רמי לוי 4 יח רמי לוי,פלסטו פוליש,IL,ברזלית 4 יח במארז,יחידה,4.00,יחידה,false,,7.90,1.9750,true,1,156898
7290015835077,false,ברזלית צילינדר רמי לוי 4 יח רמי לוי,פלסטו פוליש,IL,ברזלית 4 יח במארז,Unknown,4.00,יחידה,false,,7.90,1.9750,true,1,156898
7290015835114,false,צמר פלדה רמי לוי 100 גרם,רמי לוי,,צמר פלדה 100 גרם,גרמים,100.00,100 גרם,false,,4.50,0.0450,true,1,152956
7290015835121,false,מטליות רמי לוי 9 יח,רמי לוי,,מטליות רמי לוי 9 יח,יחידה,9.00,יחידה,false,,8.90,0.9889,true,1,144015
7290015835121,false,מטליות רמי לוי 9 יח,רמי לוי,,מטליות רמי לוי 9 יח,Unknown,9.00,יחידה,false,,8.90,0.9889,true,1,144015
7290015835763,false,שיבולת שועל עבה רמי לוי 500 גרם,רמי לוי,,שיבולת שועל עבה 500,גרמים,500.00,100 גרם,false,,4.90,0.0098,true,1,144606
7290015858175,false,ממרח פלפלים קלויים עללחם 180 גרם,"מדשא תעשיות מזון בע""\מ",IL,ממרח פלפלים קלויים ע,גרמים,180.00,100 גרם,false,,16.90,0.0939,true,1,157077
7290015858229,false,"טפנד זיתי קלמטה 180 גרם ""עללחם""","מדשא תעשיות מזון בע""\מ",IL,טפנד זיתי קלמטה עללח,גרמים,180.00,100 גרם,false,,15.90,0.0883,true,1,157078
7290015858694,false,עללחם ממרח איולי שום לימון 295 גרם,"מדשא תעשיות מזון בע""\מ",IL,איולי שום לימון עללח,גרמים,295.00,100 גרם,false,,15.90,0.0539,true,1,166424
7290015866132,false,כרובית,,,כרובית,יחידה,1.00,יחידה,false,,9.90,9.9000,true,1,156671
7290015866132,false,כרובית,,,כרובית,Unknown,1.00,יחידה,false,,9.90,9.9000,true,1,156671
7290015899239,false,אקונומיקה מבושמת רמי לוי 4 ליטר,רמי לוי,IL,אקונומיקה מבושמת רמי,מיליליטרים,4000.00,"100 מ""ל",false,,11.90,0.0030,true,1,149872
7290015899307,false,מרכך מרוכז ורוד רמי לוי 1 ליטר,רמי לוי,IL,מרכך מרוכז ורוד רמי,מיליליטרים,1000.00,"100 מ""ל",false,,9.90,0.0099,true,1,149864
7290015899314,false,מרכך מרוכז לבן רמי לוי 1 ליטר,רמי לוי,IL,מרכך מרוכז לבן רמי ל,מיליליטרים,1000.00,"100 מ""ל",false,,9.90,0.0099,true,1,149865
7290015899321,false,מרכך מרוכז כחול רמי לוי 1 ליטר,רמי לוי,IL,מרכך מרוכז כחול רמי,מיליליטרים,1000.00,"100 מ""ל",false,,9.90,0.0099,true,1,149866
7290015899338,false,"מבשם כביסה לבן רמי לוי 500 מ""ל",רמי לוי,IL,מבשם כביסה לבן רמי ל,מיליליטרים,500.00,"100 מ""ל",false,,11.90,0.0238,true,1,149873
7290016006148,false,"שוופס מוגז עדין ענבים בקבוק 500מ""ל",יפאורה שותפות מובגלת לשיווק,IL,שוופס מ. פירות ענבים,מיליליטרים,500.00,"100 מ""ל",false,,5.50,0.0110,true,1,140993
7290016006339,false,מים מינרלים - מארז רביעייה,"מופק ממקור בזלתי עדן ,1",IL,רביעייה מי עדן 1 ליט,מיליליטרים,4000.00,"100 מ""ל",false,,12.10,0.0030,true,1,148653
7290016006346,false,שוופס סודה 0.5 ליטר מארז שישייה,יפאורה שותפות מובגלת לשיווק,IL,שישיית שוופס סודה 50,מיליליטרים,3000.00,"100 מ""ל",false,,14.20,0.0047,true,1,140994
7290016035025,false,לחם פשתן 450 גרם (טרי) דל פחמימות,מאפית ביכורים,IL,לחם פשתן -לחם פרוס מ,גרמים,450.00,100 גרם,false,,24.90,0.0553,true,1,168584
7290016087024,true,זיתים ירוקים בינוניי,,,זיתים ירוקים בינוניי,,0.00,,false,,5.00,0.0000,true,1,140421
7290016087123,false,רוטב מתובל לפסטה בסגנון קלאסי פריניר 240 גרם,פריניר,IL,פריניר רוטב פסטה קלא,גרמים,240.00,100 גרם,false,,5.50,0.0229,true,1,155230
7290016087208,false,עגבניות מרוסקות מרוכזות ובזיליקום 230 גרם פריניר,פריניר,IL,פריניר עגבניות מרוסק,גרמים,230.00,100 גרם,false,,5.50,0.0239,true,1,155232
7290016087215,false,עגבניות מרוסקות מרוכזות ושום 230 גרם פריניר,פריניר ( הדס 1987) ב,IL,פריניר עגבניות מרוסק,גרמים,240.00,100 גרם,false,,5.50,0.0229,true,1,155233
7290016087239,false,רוטב עגבניות מרוכז לשקשוקה פיקנטי פריניר 230 גרם,פריניר,IL,פריניר שקשוקה חריף 2,גרמים,230.00,100 גרם,false,,5.50,0.0239,true,1,145726
7290016087499,false,פריניר עגבניות חתוכות דק שלישיה 3 * 400 גרם,פריניר ) הדס (1987 בעמ,IL,עגבניות חתוכות דק פר,גרמים,400.00,100 גרם,false,,12.90,0.0323,true,1,145727
7290016144017,false,"קמח מלא נפלאות 100% ללא ניפוי 1 ק""ג",קמח מלכים,IL,קמח חיטה מלא 100% נפ,גרמים,1000.00,100 גרם,false,,9.90,0.0099,true,1,153017
7290016144031,false,קמח חיטה לבן מנופה נפלאות,קמח מלכים,IL,קמח חיטה לבן מנופה נ,גרמים,1000.00,100 גרם,false,,7.90,0.0079,true,1,153019
7290016144048,false,"קמח כוסמין לבן נפלאות 1 ק""ג","קמח מלכים בע""מ",IL,קמח כוסמין לבן נפלאו,גרמים,1000.00,100 גרם,false,,17.90,0.0179,true,1,153020
7290016144055,false,"קמח כוסמין נפלאות 80% 1 ק""ג",קמח מלכים,IL,קמח כוסמין 80% נפלאו,גרמים,1000.00,100 גרם,false,,16.90,0.0169,true,1,153021
7290016144062,false,"קמח שיפון מלא נפלאות, 1 ק""ג",קמח מלכים,IL,קמח שיפון מלא נפלאות,קילוגרמים,1.00,"100 ק""ג",false,,12.20,12.2000,true,1,164695
7290016150117,false,סלק אדום מבושל 500 ג' בוואקום,ג'ואבג'י יואייבי,LE,סלק מבושל בוואקום,גרמים,500.00,100 גרם,false,,5.90,0.0118,true,1,148580
7290016188608,false,GIACOBAZZI למברוסקו לבן חצי יבש יקבי כרמל,יקב גאקובזי,IT,יין לבן חצי יבש למבר,מיליליטרים,750.00,"100 מ""ל",false,,26.90,0.0359,true,1,146296
7290016233384,false,גפילטע פיש 7 קציצות תומר 555 גרם,דג טעים ירושלים,IL,גפילטע פיש 555 גרם,יחידה,7.00,יחידה,false,,14.90,2.1286,true,1,150614
7290016233384,false,גפילטע פיש 7 קציצות תומר 555 גרם,דג טעים ירושלים,IL,גפילטע פיש 555 גרם,Unknown,7.00,יחידה,false,,14.90,2.1286,true,1,150614
7290016245929,false,לחם טחינה עשיר בחלבון 450 ג' ביכורים,מאפיית ביכורים,IL,לחם טחינה עשיר בחלבו,גרמים,0.00,100 גרם,false,,24.90,0.0000,true,1,168585
7290016255737,false,מרכך כביסה סגול רמילוי 4 ליט,,,מרכך כביסה סגול לוונ,מיליליטרים,4000.00,"100 מ""ל",false,,16.90,0.0042,true,1,150429
7290016270273,false,כרובית ארוזה גן הירק,משתנה,IL,כרובית,יחידה,1.00,יחידה,false,,9.90,9.9000,true,1,150999
7290016270273,false,כרובית ארוזה גן הירק,משתנה,IL,כרובית,Unknown,1.00,יחידה,false,,9.90,9.9000,true,1,150999
7290016270709,false,עגבניות שרי אשכולות,ביכורי השקמה,IL,עגבניות שרי,יחידה,1.00,יחידה,false,,8.90,8.9000,true,1,142269
7290016270709,false,עגבניות שרי אשכולות,ביכורי השקמה,IL,עגבניות שרי,Unknown,1.00,יחידה,false,,8.90,8.9000,true,1,142269
7290016272796,false,נייר טואלט רמי לוי 30 יח,,,נייר טואלט רמי לוי 3,יחידה,30.00,יחידה,false,,29.90,0.9967,true,1,147608
7290016272796,false,נייר טואלט רמי לוי 30 יח,,,נייר טואלט רמי לוי 3,Unknown,30.00,יחידה,false,,29.90,0.9967,true,1,147608
7290016272802,false,מגבות נייר רמי לוי 6,,,מגבות נייר רמי לוי 6,יחידה,6.00,יחידה,false,,10.90,1.8167,true,1,147612
7290016272802,false,מגבות נייר רמי לוי 6,,,מגבות נייר רמי לוי 6,Unknown,6.00,יחידה,false,,10.90,1.8167,true,1,147612
7290016273182,false,ציפס אמריקאי רמי לוי,,,רמי לוי צ'יפס אמריקא,גרמים,1500.00,100 גרם,false,,18.90,0.0126,true,1,146791
7290016304060,false,חלה רגילה 500 גרם,,,חלה רגילה 500 גרם,גרמים,500.00,100 גרם,false,,5.17,0.0103,true,1,149125
7290016304237,false,חלה רגילה עגולה 500,,,חלה רגילה עגולה 500,גרמים,500.00,100 גרם,false,,5.17,0.0103,true,1,149126
7290016304404,false,לחם קוביות 100% כוסמין 600 גרם,מאפיית דוידוביץ ובניו בע,IL,לחם קוביות כוסמין 60,גרמים,600.00,100 גרם,false,,16.90,0.0282,true,1,141122
7290016304596,false,לחמניות לסנדביץ 75 גרם,מאפית דוידוביץ ובניו,IL,לחמניות רגילות דוידו,גרמים,750.00,100 גרם,false,,13.90,0.0185,true,1,154411
7290016334050,false,סלרי חתוך,,,סלרי חתוך,יחידה,1.00,יחידה,false,,5.90,5.9000,true,1,151076
7290016334050,false,סלרי חתוך,,,סלרי חתוך,Unknown,1.00,יחידה,false,,5.90,5.9000,true,1,151076
7290016334166,false,לוף רגיל ארוז ליח,,,לוף רגיל ארוז,יחידה,1.00,יחידה,false,,7.90,7.9000,true,1,151078
7290016334166,false,לוף רגיל ארוז ליח,,,לוף רגיל ארוז,Unknown,1.00,יחידה,false,,7.90,7.9000,true,1,151078
7290016334173,false,פלפל טינקרבל ארוז,קטיף.,IL,פלפלונים רמי לוי,יחידה,1.00,יחידה,false,,9.90,9.9000,true,1,151079
7290016334173,false,פלפל טינקרבל ארוז,קטיף.,IL,פלפלונים רמי לוי,Unknown,1.00,יחידה,false,,9.90,9.9000,true,1,151079
7290016334180,false,מלפפון בייבי רמי לוי,,,מלפפון בייבי רמי לוי,יחידה,1.00,יחידה,false,,9.90,9.9000,true,1,151080
7290016334180,false,מלפפון בייבי רמי לוי,,,מלפפון בייבי רמי לוי,Unknown,1.00,יחידה,false,,9.90,9.9000,true,1,151080
7290016334296,false,ברוקולי ארוז מגשית,,,ברוקולי רמי לוי,יחידה,1.00,יחידה,false,,9.90,9.9000,true,1,151082
7290016334296,false,ברוקולי ארוז מגשית,,,ברוקולי רמי לוי,Unknown,1.00,יחידה,false,,9.90,9.9000,true,1,151082
7290016334388,false,פלפל צ'ילי רמי לוי,קטיף.,IL,פלפל צ'ילי רמי לוי,יחידה,1.00,יחידה,false,,6.90,6.9000,true,1,151083
7290016334388,false,פלפל צ'ילי רמי לוי,קטיף.,IL,פלפל צ'ילי רמי לוי,Unknown,1.00,יחידה,false,,6.90,6.9000,true,1,151083
7290016334456,false,בזיליקום רמי לוי,,,בזיליקום,יחידה,1.00,יחידה,false,,5.90,5.9000,true,1,151086
7290016334456,false,בזיליקום רמי לוי,,,בזיליקום,Unknown,1.00,יחידה,false,,5.90,5.9000,true,1,151086
7290016334500,false,לבבות חסה זוגות בשקי,,,זוג לבבות חסה,יחידה,1.00,יחידה,false,,9.90,9.9000,true,1,151088
7290016334500,false,לבבות חסה זוגות בשקי,,,זוג לבבות חסה,Unknown,1.00,יחידה,false,,9.90,9.9000,true,1,151088
7290016334654,false,תרד ניו זילנדי רמי לוי,,,תרד ניו זילנדי רמי ל,גרמים,300.00,100 גרם,false,,12.90,0.0430,true,1,151096
7290016334784,false,ג'ינג'ר ארוז ברכת קטיף 200 גרם,,,ג'ינג'ר ארוז,יחידה,1.00,יחידה,false,,8.90,8.9000,true,1,151098
7290016334784,false,ג'ינג'ר ארוז ברכת קטיף 200 גרם,,,ג'ינג'ר ארוז,Unknown,1.00,יחידה,false,,8.90,8.9000,true,1,151098
7290016334883,false,עגבניות שרי תמר,,,עגבניות שרי תמר,יחידה,1.00,יחידה,false,,9.90,9.9000,true,1,151101
7290016334883,false,עגבניות שרי תמר,,,עגבניות שרי תמר,Unknown,1.00,יחידה,false,,9.90,9.9000,true,1,151101
7290016334890,false,עגבניות שרי ליקופן,,,עגבניות שרי ליקופן,יחידה,1.00,יחידה,false,,9.90,9.9000,true,1,151102
7290016334890,false,עגבניות שרי ליקופן,,,עגבניות שרי ליקופן,Unknown,1.00,יחידה,false,,9.90,9.9000,true,1,151102
7290016334906,false,עגבניות שרי מיקס,,,עגבניות שרי מיקס,יחידה,1.00,יחידה,false,,11.90,11.9000,true,1,151103
7290016334906,false,עגבניות שרי מיקס,,,עגבניות שרי מיקס,Unknown,1.00,יחידה,false,,11.90,11.9000,true,1,151103
7290016408393,false,חטיף קרקר עם שומשום פניני 130 ג',דנוויטה ג'\יי. אס. סי,LT,חטיף קרקר עם שומשום,גרמים,130.00,100 גרם,false,,5.90,0.0454,true,1,141169
7290016408423,false,חטיף קרקר עם זיתים שחורים ושום 130 גר,תות תעשיות מזון (201,LT,חטיף קרקר עם זיתים ש,גרמים,130.00,100 גרם,false,,5.90,0.0454,true,1,141170
7290016408447,false,קרקר עגבניות ובזיליקום כרמית 130 גרם,דנוויטה ג'\יי. אס. סי,LT,חטיף קרקר עם עגבניות,גרמים,130.00,100 גרם,false,,5.90,0.0454,true,1,141171
7290016408980,false,"מטבעות שוקולד חלב 36 ג' כשל""פ בד""ץ",כרמית תעשיות מזון,IL,מטבעות שוקולד חלב 36,גרמים,36.00,100 גרם,false,,3.90,0.1083,true,1,141173
7290016509342,false,סוד מארז טריו כדוריות לאסלה כחול אקטיבי אקונומיקה,הנקל סוד,HU,סבון לאסלה כחול אקטי,גרמים,150.00,100 גרם,false,,18.90,0.1260,true,1,158242
7290016509786,false,פרסיל גל לכביסה לבנה וצבעונית-ירוק 2.5 ל,"הנקל סוד בע""\מ",IL,פרסיל ג'ל 2.5 ליטר י,מיליליטרים,2500.00,"100 מ""ל",false,,35.90,0.0144,true,1,149042
7290016509823,false,ג'ל לכביסה לבנה וצבעונית בניחוח רענן,"הנקל סוד בע""\מ",IL,פרסיל ג'ל 2.5 ל' בלו,גרמים,2500.00,100 גרם,false,,35.90,0.0144,true,1,153049
7290016601466,false,נוזל רצפות רמי לוי 2 ליטר,,,נוזל רצפות רמי לוי 2,מיליליטרים,2000.00,"100 מ""ל",false,,9.90,0.0050,true,1,149867
7290016601473,false,נוזל רצפות רמי לוי 2 ליטר,,,נוזל רצפות רמי לוי 2,מיליליטרים,2000.00,"100 מ""ל",false,,9.90,0.0050,true,1,149868
7290016601558,false,מגבונים לניקוי כללי,,,מגבונים לניקוי כללי,יחידה,400.00,יחידה,false,,20.90,0.0522,true,1,151726
7290016601558,false,מגבונים לניקוי כללי,,,מגבונים לניקוי כללי,Unknown,400.00,יחידה,false,,20.90,0.0522,true,1,151726
7290016609141,false,אפונה וגזר רמי לוי 5,,,אפונה וגזר רמי לוי 5,גרמים,550.00,100 גרם,false,,6.50,0.0118,true,1,143911
7290016609158,false,חומוס גרגירים 290 גר רמי לוי,,,חומוס גרגירים רמי לו,גרמים,550.00,100 גרם,false,,6.50,0.0118,true,1,143912
7290016609172,false,שעועית לבנה ברוטב עגבניות 335 גר,,,שעועית לבנה אפויה בר,גרמים,580.00,100 גרם,false,,6.50,0.0112,true,1,143913
7290016609189,false,גרעיני תירס 335 גר רמי לוי,,,גרעיני תירס מתוק רמי,גרמים,550.00,100 גרם,false,,5.90,0.0107,true,1,143914
7290016609196,false,גרעיני תירס לייט 335 גר רמי לוי,,,תירס לייט רמי לוי 55,גרמים,550.00,100 גרם,false,,6.90,0.0125,true,1,143915
7290016667080,false,חטיף ציפס טורטיה ברביקיו 250 גרם,ROGER&ROGER,BE,חטיף טורטיה צ'יפס בר,גרמים,250.00,100 גרם,false,,10.90,0.0436,true,1,166019
7290016667097,false,חטיף ציפס טורטיה מלוח 250 גרם,ROGER&ROGER,BE,חטיף טורטיה צ'יפס מל,גרמים,250.00,100 גרם,false,,10.90,0.0436,true,1,166020
7290016667462,false,חסכוני פרכיות אורז 265 גרם,פרח תעשיות,,פריכיות אורז 265 גרם,גרמים,265.00,100 גרם,false,,12.90,0.0487,true,1,166134
7290016682038,false,"מיץ תפוזים סחוט 100% טבעי. מפוסטר, מקורר",פרי ניב,IL,מיץ תפוזים סחוט 100%,מיליליטרים,400.00,"100 מ""ל",false,,9.20,0.0230,true,1,145445
7290016682052,false,"משקה קל לימונענע. מפוסטר, מקורר",פרי ניב,IL,משקה קל לימונענע פרי,מיליליטרים,400.00,"100 מ""ל",false,,9.20,0.0230,true,1,145446
7290016682083,false,"פריניב נקטר תות בננה 400 מ""ל",פרי ניב,IL,שייק תות בננה 40% פר,מיליליטרים,400.00,"100 מ""ל",false,,9.20,0.0230,true,1,145525
7290016682380,false,מיץ טבעי לימונדה ולואיזה פרי ניב 2 ליטר-,פרי ניב,IL,לימונדה לואיזה ולימו,מיליליטרים,2000.00,"100 מ""ל",false,,26.20,0.0131,true,1,159678
7290016733044,false,מטליות ריצפה מיקרופייבר שלישייה רמי לוי,,,סחבת רצפה מיקרופייבר,יחידה,3.00,יחידה,false,,15.90,5.3000,true,1,144016
7290016733044,false,מטליות ריצפה מיקרופייבר שלישייה רמי לוי,,,סחבת רצפה מיקרופייבר,Unknown,3.00,יחידה,false,,15.90,5.3000,true,1,144016
7290016733051,false,מטליות ניקוי כללי מיקרופייבר עשירייה רמי לוי,,,מטליות מיקרופייבר 10,יחידה,10.00,יחידה,false,,14.90,1.4900,true,1,144017
7290016733051,false,מטליות ניקוי כללי מיקרופייבר עשירייה רמי לוי,,,מטליות מיקרופייבר 10,Unknown,10.00,יחידה,false,,14.90,1.4900,true,1,144017
7290016733259,false,סלק מבושל בוואקום 500ג,,,סלק אדום מקולף רמי ל,יחידה,1.00,יחידה,false,,5.90,5.9000,true,1,150563
7290016733259,false,סלק מבושל בוואקום 500ג,,,סלק אדום מקולף רמי ל,Unknown,1.00,יחידה,false,,5.90,5.9000,true,1,150563
7290016865080,false,שניצל דק בציפוי שומשום 700 ג,,,שניצל דק בציפוי שומש,גרמים,700.00,100 גרם,false,,27.90,0.0399,true,1,150981
7290016865103,false,שניצל דק בציפוי ציפס 700 ג,,,שניצל דק בציפוי צ'יפ,גרמים,700.00,100 גרם,false,,27.90,0.0399,true,1,150983
7290016912500,false,"ד""ר פישר - אפקטיב קר תרחיץ פנים לעור רגיש 180 מ""ל",פישר מעבדות פרמצבטיות בע,IL,אפקטיב קר תרחיץ פנים,מיליליטרים,180.00,"100 מ""ל",false,,17.90,0.0994,true,1,146243
7290016967074,false,לחם חיטה מלאה עם גרעינים ודגנים,מאפיית שלמה א. אנג'\ל בע,IL,לחם חיטה מלאה אנג'ל,גרמים,750.00,100 גרם,false,,14.90,0.0199,true,1,150034
7290017023861,false,סודה בטעם לימון בקבוקים אישיים - מארז 4 יח',יפאורה תבורי בעמ,IL,שוופס סודה לימון זכו,מיליליטרים,1000.00,"100 מ""ל",false,,11.90,0.0119,true,1,159527
7290017023953,false,"ספרינג אגס סברס תפוח 250 מ""ל בקבוק",יפאורה שותפות מובגלת לשי,IL,ספרינג אגס סברס תפוח,מיליליטרים,250.00,"100 מ""ל",false,,3.30,0.0132,true,1,159529
7290017023960,false,"ספרינג פירות טרופים 250 מ""ל בודד",,IL,ספרינג  פירות טרופיי,מיליליטרים,250.00,"100 מ""ל",false,,3.30,0.0132,true,1,159530
7290017023977,false,"ספרינג תות בננה 250 מ""ל בקבוק",יפאורה שותפות מובגלת לשי,IL,ספרינג תות בננה 250,מיליליטרים,250.00,"100 מ""ל",false,,3.30,0.0132,true,1,159531
7290017058092,false,שיבולת שועל שלמה 600 גר גוד מורנינג,,LT,שיבולת שועל 600 גרם,גרמים,600.00,100 גרם,false,,5.90,0.0098,true,1,165757
7290017065007,false,פרוסות גבינה מוצרלה חצי קשה 22% שומן 200 ג' גד,מחלבות גד בעמ,IL,מוצרלה פרוסות 22% 20,גרמים,200.00,100 גרם,false,,17.70,0.0885,true,1,145796
7290017065137,false,ריקוטה למריחה 5% טבעית 200 גרם - רובין,האי נאם סי או אל.טי.,IL,ריקוטה למריחה 5% טבע,גרמים,200.00,100 גרם,false,,10.70,0.0535,true,1,145692
7290017065236,false,גבינה בולגרית מעודנת 24% גד 250 גרם,הנסיך- מפעל לייצור ט,IL,בולגרית מעודנת 24% 2,גרמים,250.00,100 גרם,false,,22.90,0.0916,true,1,145695
7290017065441,false,גבינה גאודה עיזים פרוסה הולנדית 200 גר',גבינות מדף,NL,פרוסות גאודה עיזים 2,גרמים,200.00,100 גרם,false,,32.90,0.1645,true,1,149959
7290017065526,false,קוואטרו פורמאג'י 4 גבינות מגוררות 26%,"מחלבות גד בע""\מ",IL,קוואטרו פורמאג'י 300,גרמים,300.00,100 גרם,false,,29.90,0.0997,true,1,148457
7290017065618,false,גבינת פקורינו פרוס מחלב כבשים,הנסיך- מפעל לייצור ט,ES,פקורינו פרוס 150 גרם,גרמים,150.00,100 גרם,false,,19.90,0.1327,true,1,152188
7290017065878,false,רוטב לפסטה מק אנד צ'יז גד 200 גרם,גבינות מדף,IL,גבינת מק אנד צ'יז גד,גרמים,200.00,100 גרם,false,,15.90,0.0795,true,1,164106
7290017065960,false,רוטב פורצ'יני מחלבות גד 200 גרם,גבינות מדף,IL,רוטב פורצ'יני גד 200,גרמים,200.00,100 גרם,false,,16.90,0.0845,true,1,168408
7290017105468,false,מארז שלישייה אפונה קטנה יכין 3*200 גר,קשקמט קונסרב הונגריה,IL,אפונה שלשות יכין 420,גרמים,420.00,100 גרם,false,,11.90,0.0283,true,1,151148
7290017129495,false,אגו מיקס כדורי תירס מצופים שוקולד חלב כרמית 55 גרם,כרמית תעשיות ממתקים בעמ,IL,אגו מיקס כדורי תירס,גרמים,55.00,100 גרם,false,,3.90,0.0709,true,1,141183
7290017129501,false,אגו מיקס כדורי תירס מצופים שוקולד לבן כרמית 55 גרם,כרמית,IL,אגו מיקס כדורי תירס,גרמים,55.00,100 גרם,false,,3.90,0.0709,true,1,141184
7290017129518,false,אגו מיקס כדורי תירס מצופים שוקולד חלב ולבן כרמית 55 גרם,כרמית,IL,אגו מיקס כדורי תירס,גרמים,55.00,100 גרם,false,,3.90,0.0709,true,1,141185
7290017129532,false,סוכריות לקקן תות 90 גרם כרמית,שוגבי,TR,לקקן תות 90 גרם,יחידה,10.00,יחידה,false,,4.90,0.4900,true,1,144703
7290017129532,false,סוכריות לקקן תות 90 גרם כרמית,שוגבי,TR,לקקן תות 90 גרם,Unknown,10.00,יחידה,false,,4.90,0.4900,true,1,144703
7290017129549,false,סוכריות לקקן גלידה כרמית 90 גרם,כרמית,TR,לקקן גלידה 90 גרם,גרמים,90.00,100 גרם,false,,4.90,0.0544,true,1,144714
7290017129761,false,שוקולד פרימיום 70% מריר בטעם תפוז כרמית 100 גרם,"כרמית תעשיות ממתקים בע""\",IL,שוקולד מריר מעולה 70,גרמים,100.00,100 גרם,false,,7.90,0.0790,true,1,149929
7290017129778,false,שוקולד פרימיום 70% מריר בטעם קפה כרמית 100 גרם,"כרמית תעשיות ממתקים בע""\",IL,שוקולד מריר בטעם קפה,גרמים,100.00,100 גרם,false,,7.90,0.0790,true,1,156503
7290017129822,false,מטבעות שוקולד מריר כרמית 36 גרם,כרמית,IL,מטבעות שוקולד מריר 3,גרמים,36.00,100 גרם,false,,3.90,0.1083,true,1,145304
7290017129839,false,שוקולד פרימיום 70% מריר בטעם פטל כרמית 100 גרם,"כרמית תעשיות ממתקים בע""\",IL,שוקולד מריר מעולה 70,גרמים,100.00,100 גרם,false,,7.90,0.0790,true,1,149930
7290017142395,false,"LUNCH TO GO פסטה עם טונה בשמן זית 160 גרם ""עץ הזית""",יוניקורד ח.צ בעמ,TH,ארוחת טונה עם פסטה ב,גרמים,160.00,100 גרם,false,,14.90,0.0931,true,1,155235
7290017162614,false,קש לבאבלס,,,קש לבאבלס,יחידה,0.00,יחידה,false,,2999.90,0.0000,true,1,158064
7290017162614,false,קש לבאבלס,,,קש לבאבלס,Unknown,0.00,יחידה,false,,2999.90,0.0000,true,1,158064
7290017189192,false,אדממה פולי סויה 1 קג,משק ויילר,CN,"פולי סויה אדממה 1 ק""",קילוגרמים,1.00,"ק""ג",false,,15.90,15.9000,true,1,159341
7290017189192,false,אדממה פולי סויה 1 קג,משק ויילר,CN,"פולי סויה אדממה 1 ק""",פריט,1.00,"ק""ג",false,,15.90,15.9000,true,1,159341
7290017197067,false,מגבונים בייבי בישום עדין 100 יח רמי לוי,,,מגבונים לחים בייבי,יחידה,1.00,יחידה,false,,5.90,5.9000,true,1,144262
7290017197067,false,מגבונים בייבי בישום עדין 100 יח רמי לוי,,,מגבונים לחים בייבי,Unknown,1.00,יחידה,false,,5.90,5.9000,true,1,144262
7290017197159,false,שמפו ומרכך 2 ב1 נועה נגד קשקשים 750 מל רמי לוי,,,נועה שמפו ומרכך נגד,מיליליטרים,750.00,"100 מ""ל",false,,8.90,0.0119,true,1,164425
7290017197388,false,מגבונים הפי דייז מבושם 72*6 רמי לוי,,,מגבונים לחים הפי דיי,יחידה,6.00,יחידה,false,,21.90,3.6500,true,1,146930
7290017197388,false,מגבונים הפי דייז מבושם 72*6 רמי לוי,,,מגבונים לחים הפי דיי,Unknown,6.00,יחידה,false,,21.90,3.6500,true,1,146930
7290017197425,false,מגבונים בייבי מבושם 4*72 רמי לוי,,,מגבונים לחים ללא ביש,יחידה,4.00,יחידה,false,,15.90,3.9750,true,1,152181
7290017197425,false,מגבונים בייבי מבושם 4*72 רמי לוי,,,מגבונים לחים ללא ביש,Unknown,4.00,יחידה,false,,15.90,3.9750,true,1,152181
7290017197432,false,מגבונים בייבי ללא בישום 4*72 רמי לוי,,,מגבונים לחים ללא ביש,יחידה,4.00,יחידה,false,,15.90,3.9750,true,1,152182
7290017197432,false,מגבונים בייבי ללא בישום 4*72 רמי לוי,,,מגבונים לחים ללא ביש,Unknown,4.00,יחידה,false,,15.90,3.9750,true,1,152182
7290017197449,false,מגבונים בייבי לעור רגיש 4*72 רמי לוי,,,מגבונים לחים ללא ביש,יחידה,4.00,יחידה,false,,15.90,3.9750,true,1,144263
7290017197449,false,מגבונים בייבי לעור רגיש 4*72 רמי לוי,,,מגבונים לחים ללא ביש,Unknown,4.00,יחידה,false,,15.90,3.9750,true,1,144263
7290017197517,false,שמפו נועה לשיער רגיל 750 מל רמי לוי,,,נועה שמפו לשיער רגיל,מיליליטרים,750.00,"100 מ""ל",false,,8.90,0.0119,true,1,146933
7290017197616,false,אל סבון בניחוח פירות 1 ליטר,,,אל סבון בניחוח פירות,מיליליטרים,1000.00,"100 מ""ל",false,,8.90,0.0089,true,1,152358
7290017197647,false,אל סבון בניחוח מאסק 1 ליטר,,,אל סבון בניחוח מאסק,מיליליטרים,1000.00,"100 מ""ל",false,,8.90,0.0089,true,1,152360
7290017197654,false,מטליות לחות לניקוי ר,,,מטליות לחות לניקוי ר,יחידה,10.00,יחידה,false,,9.90,0.9900,true,1,144264
7290017197654,false,מטליות לחות לניקוי ר,,,מטליות לחות לניקוי ר,Unknown,10.00,יחידה,false,,9.90,0.9900,true,1,144264
7290017197678,false,מגבוני ניקיון שלישייה -רמי לוי,,,מגבונים לניקוי כללי,יחידה,3.00,יחידה,false,,15.90,5.3000,true,1,144265
7290017197678,false,מגבוני ניקיון שלישייה -רמי לוי,,,מגבונים לניקוי כללי,Unknown,3.00,יחידה,false,,15.90,5.3000,true,1,144265
7290017197685,false,שלישייה מגבוני טואלט לחים,,,מגבוני נייר טואלט רמ,יחידה,3.00,יחידה,false,,10.90,3.6333,true,1,144266
7290017197685,false,שלישייה מגבוני טואלט לחים,,,מגבוני נייר טואלט רמ,Unknown,3.00,יחידה,false,,10.90,3.6333,true,1,144266
7290017232218,false,לחם קלאסי מופחת פחמימות איטסיין 430 גרם,,IL,לחם כפרי כהה איסטיין,גרמים,430.00,100 גרם,false,,24.90,0.0579,true,1,158396
7290017232225,false,לחם גלילי מופחת פחמימות איטסיין 450 גרם,דבידוביץ,IL,לחם גלילי בהיר איסטי,גרמים,450.00,100 גרם,false,,24.90,0.0553,true,1,158397
7290017266312,false,וופל מילוי קרם בטעם שוקולד 150 גרם,גילרו,IL,וופל אייר במילוי קרם,גרמים,150.00,100 גרם,false,,3.50,0.0233,true,1,148441
7290017291093,false,סלק אדום מקולף רמי ל,,,סלק אדום מקולף רמי ל,יחידה,1.00,יחידה,false,,5.90,5.9000,true,1,154515
7290017291093,false,סלק אדום מקולף רמי ל,,,סלק אדום מקולף רמי ל,Unknown,1.00,יחידה,false,,5.90,5.9000,true,1,154515
7290017291123,false,שום ייבוא ליח,עטרה,,שום ארוז יבוא,יחידה,1.00,יחידה,false,,7.90,7.9000,true,1,159467
7290017291123,false,שום ייבוא ליח,עטרה,,שום ארוז יבוא,Unknown,1.00,יחידה,false,,7.90,7.9000,true,1,159467
7290017304885,false,לחם שיפון מחיטה מלאה ללא תוספת סוכר 750 ג' אנג'ל,מאפיית שלמה א. אנג'\ל בע,IL,לחם שיפון וחיטה מלאה,גרמים,750.00,100 גרם,false,,14.90,0.0199,true,1,150036
7290017389660,false,צימוק בהיר 400 גרם-,,,צימוק בהיר 400 גרם-,גרמים,400.00,100 גרם,false,,19.90,0.0497,true,1,144177
7290017390482,false,מטבעות שוקולד חלב לאפיה 300 גר,,,מטבעות שוקולד חלב לא,גרמים,300.00,100 גרם,false,,10.90,0.0363,true,1,157160
7290017457734,false,"סוד ורוד מרכך כביסה מרוכז20%+בישום 900 מ""ל",הנקל סוד,IL,מרכך מרוכז ורוד סוד,מיליליטרים,900.00,"100 מ""ל",false,,11.90,0.0132,true,1,149472
7290017504001,false,פטריות שמפניון ארוז,חקלאי,IL,פטריות שמפניון ארוז,יחידה,1.00,יחידה,false,,9.90,9.9000,true,1,151106
7290017504001,false,פטריות שמפניון ארוז,חקלאי,IL,פטריות שמפניון ארוז,Unknown,1.00,יחידה,false,,9.90,9.9000,true,1,151106
7290017504025,false,פטריות פורטבלה ברכת קטיף,,,פטריות פורטבלה א.א (,יחידה,1.00,יחידה,false,,10.90,10.9000,true,1,151108
7290017504025,false,פטריות פורטבלה ברכת קטיף,,,פטריות פורטבלה א.א (,Unknown,1.00,יחידה,false,,10.90,10.9000,true,1,151108
7290017504032,false,זוג פטריות שמפניון ו,,,פטריות זוגות איטלקי,יחידה,1.00,יחידה,false,,17.90,17.9000,true,1,151109
7290017504032,false,זוג פטריות שמפניון ו,,,פטריות זוגות איטלקי,Unknown,1.00,יחידה,false,,17.90,17.9000,true,1,151109
7290017513775,false,פליפז בייגלה מצופה שוקולד חלב מקוויטיס 140 גרם,שוורצקוף& הנקל דיסלד,TR,FLIPZ - בייגלה מצופה,גרמים,140.00,100 גרם,false,,9.50,0.0679,true,1,150317
7290017513782,false,פליפז בייגלה מצופה שוקולד מריר מקוויטיס 140 גרם,שוורצקוף& הנקל דיסלד,TR,FLIPZ - בייגלה מצופה,גרמים,140.00,100 גרם,false,,9.50,0.0679,true,1,150318
7290017516318,false,חטיף חלבון פרוטאין שוקולד 50 גר,פנגיאה,IL,חטיף חלבון בטעם שוקו,גרמים,60.00,100 גרם,false,,10.00,0.1667,true,1,158849
7290017516509,false,חטיף פרוטאין בטעם קרמל מלוח,פנגיאה,IL,חטיף חלבון בטעם קרמל,גרמים,60.00,100 גרם,false,,10.00,0.1667,true,1,158852
7290017516592,false,חטיף שוקולד עם חרוב,,,חטיף שוקולד עם חרוב,גרמים,40.00,100 גרם,false,,8.00,0.2000,true,1,158854
7290017586007,false,גזר ארוז,,,גזר ארוז,קילוגרמים,1.00,"ק""ג",true,,4.90,4.9000,true,1,166253
7290017586007,false,גזר ארוז,,,גזר ארוז,קילוגרמים,1.00,"ק""ג",true,,4.90,4.9000,true,1,166253
7290017599229,false,ממתיק סוכרלוז 200 טבליות סוכרזית,"סוכרזית בע""מ",IL,סוכרלוז 200 טבליות,גרמים,74.00,100 גרם,false,,21.90,0.2959,true,1,160069
7290017599267,false,סוכרלוז 120 שקיות ממתיק שולחני,סוכרזית Sucrazit,IL,סוכרזית סוכרלוז 120,גרמים,100.00,100 גרם,false,,24.90,0.2490,true,1,164880
7290017599304,false,סוכרזית מהטבע סטיוויה כפית לכפית 400 גרם,ביסקול בעמ,IL,סוכרזית סטיוויה כפית,גרמים,400.00,100 גרם,false,,34.90,0.0872,true,1,165248
7290017641102,false,שוקולד פרימיום 70% ללא סוכר בטעם תפוז 100 גרם,כרמית תעשיות ממתקים,IL,שוקולד פרימיום 70% ל,גרמים,100.00,100 גרם,false,,7.90,0.0790,true,1,148470
7290017641607,false,מרשמלו מושי 100 גרם,,,מרשמלו מושי 100 גרם,גרמים,100.00,100 גרם,false,,3.90,0.0390,true,1,151325
7290017641737,false,שוקולד פרימיום 70% שברי אגוז כרמית 100 גרם,כרמית תעשיות ממתקים בעמ,IL,שוקולד 70% שברי אגוז,גרמים,100.00,100 גרם,false,,7.90,0.0790,true,1,151418
7290017668062,false,סושי בטעמים,,,סושי בטעמים,יחידה,8.00,יחידה,false,,20.00,2.5000,true,1,157782
7290017668062,false,סושי בטעמים,,,סושי בטעמים,Unknown,8.00,יחידה,false,,20.00,2.5000,true,1,157782
7290017668086,false,סושי צמחוני,,,סושי צמחוני,יחידה,8.00,יחידה,false,,18.00,2.2500,true,1,157783
7290017668086,false,סושי צמחוני,,,סושי צמחוני,Unknown,8.00,יחידה,false,,18.00,2.2500,true,1,157783
7290017687360,false,שקית מולחמת רמי לוי,,,שקית מולחמת רמי לוי,יחידה,1.00,יחידה,false,,1.90,1.9000,true,1,162923
7290017687360,false,שקית מולחמת רמי לוי,,,שקית מולחמת רמי לוי,Unknown,1.00,יחידה,false,,1.90,1.9000,true,1,162923
7290017687377,false,תיק תפור רמי לוי בשכ,,,תיק תפור רמי לוי בשכ,יחידה,1.00,יחידה,false,,2.90,2.9000,true,1,161609
7290017687377,false,תיק תפור רמי לוי בשכ,,,תיק תפור רמי לוי בשכ,Unknown,1.00,יחידה,false,,2.90,2.9000,true,1,161609
7290017746128,false,מיני פיתות קלאסי50*10 גר,מאפיית דוידוביץ ובני,IL,פיתות ביס 10 יחידות,יחידה,10.00,יחידה,false,,13.90,1.3900,true,1,154908
7290017746128,false,מיני פיתות קלאסי50*10 גר,מאפיית דוידוביץ ובני,IL,פיתות ביס 10 יחידות,Unknown,10.00,יחידה,false,,13.90,1.3900,true,1,154908
7290017746135,false,מארז 10 פיתות ביס כוסמין,מאפיית דוידוביץ ובני,IL,פיתות כוסמין 10 יחיד,יחידה,10.00,יחידה,false,,14.90,1.4900,true,1,154909
7290017746135,false,מארז 10 פיתות ביס כוסמין,מאפיית דוידוביץ ובני,IL,פיתות כוסמין 10 יחיד,Unknown,10.00,יחידה,false,,14.90,1.4900,true,1,154909
7290017746258,false,מארז רביעיית לחמניות פרנה,מאפיית דוראל,IL,פרנה לחם מרוקאי מסור,יחידה,4.00,יחידה,false,,15.50,3.8750,true,1,155857
7290017746258,false,מארז רביעיית לחמניות פרנה,מאפיית דוראל,IL,פרנה לחם מרוקאי מסור,Unknown,4.00,יחידה,false,,15.50,3.8750,true,1,155857
7290017812052,false,יין שיראז-קברנה סוביניון אקסלנס יקבי כרמל,יקבי כרמל Carmel Winery,IL,יין אדום יבש אקסלנס,מיליליטרים,750.00,"100 מ""ל",false,,27.20,0.0363,true,1,146300
7290017812069,false,יין אמרלד ריזלינג שרדונה אקסלנס Excellence,יקבי כרמל Carmel Winery,IL,יין לבן חצי יבש אקסל,מיליליטרים,750.00,"100 מ""ל",false,,27.20,0.0363,true,1,146301
7290017812083,false,מיץ תירוש אדום רמי לוי 1 לי,,,תירוש ענבים אדום רמי,מיליליטרים,1000.00,"100 מ""ל",false,,13.90,0.0139,true,1,148007
7290017812847,false,"יין פרנץ גוורצטרמינר סלקטד כרמל 750 מ""ל","כד בני דרום בע""מ",IL,יין לבן חצי יבש גוור,מיליליטרים,750.00,"100 מ""ל",false,,30.20,0.0403,true,1,155774
7290017845029,false,פטריות צמד משפחתי (מ,,,פטריות צמד משפחתי (מ,יחידה,1.00,יחידה,false,,17.90,17.9000,true,1,151687
7290017845029,false,פטריות צמד משפחתי (מ,,,פטריות צמד משפחתי (מ,Unknown,1.00,יחידה,false,,17.90,17.9000,true,1,151687
7290017845043,false,פטריות חצי חצי (מוגו,,,פטריות חצי חצי (מוגו,יחידה,1.00,יחידה,false,,17.90,17.9000,true,1,151688
7290017845043,false,פטריות חצי חצי (מוגו,,,פטריות חצי חצי (מוגו,Unknown,1.00,יחידה,false,,17.90,17.9000,true,1,151688
7290017845203,false,שמפיניון ארוז א.א-מוגו,,,פטריות א.א (מוג'ו),יחידה,1.00,יחידה,false,,9.90,9.9000,true,1,151110
7290017845203,false,שמפיניון ארוז א.א-מוגו,,,פטריות א.א (מוג'ו),Unknown,1.00,יחידה,false,,9.90,9.9000,true,1,151110
7290017864259,false,בזיליקום 100ג רמי לוי,,,בזילקום 100 גרם,גרמים,100.00,100 גרם,false,,9.90,0.0990,true,1,152357
7290017864341,false,תפוא למיקרו רמי לוי,,,"תפו""א למיקרו 700 גרם",יחידה,1.00,יחידה,false,,7.90,7.9000,true,1,152060
7290017864341,false,תפוא למיקרו רמי לוי,,,"תפו""א למיקרו 700 גרם",Unknown,1.00,יחידה,false,,7.90,7.9000,true,1,152060
7290017864358,false,נענע ארוז רמי לוי,,,נענע ארוז רמי לוי,יחידה,1.00,יחידה,false,,4.90,4.9000,true,1,155498
7290017864358,false,נענע ארוז רמי לוי,,,נענע ארוז רמי לוי,Unknown,1.00,יחידה,false,,4.90,4.9000,true,1,155498
7290017864365,false,פטרוזליה ארוז רמי לוי,,,פטרוזיליה ארוז רמי ל,יחידה,1.00,יחידה,false,,4.90,4.9000,true,1,155499
7290017864365,false,פטרוזליה ארוז רמי לוי,,,פטרוזיליה ארוז רמי ל,Unknown,1.00,יחידה,false,,4.90,4.9000,true,1,155499
7290017864372,false,שמיר ארוז רמי לוי,,,שמיר ארוז רמי לוי,יחידה,1.00,יחידה,false,,4.90,4.9000,true,1,155500
7290017864372,false,שמיר ארוז רמי לוי,,,שמיר ארוז רמי לוי,Unknown,1.00,יחידה,false,,4.90,4.9000,true,1,155500
7290017864389,false,כוסברה ארוז רמי לוי,,,כוסברה ארוז רמי לוי,יחידה,1.00,יחידה,false,,4.90,4.9000,true,1,155501
7290017864389,false,כוסברה ארוז רמי לוי,,,כוסברה ארוז רמי לוי,Unknown,1.00,יחידה,false,,4.90,4.9000,true,1,155501
7290017864396,false,סלרי ארוז רמי לוי,,,סלרי ארוז רמי לוי,יחידה,1.00,יחידה,false,,6.90,6.9000,true,1,155502
7290017864396,false,סלרי ארוז רמי לוי,,,סלרי ארוז רמי לוי,Unknown,1.00,יחידה,false,,6.90,6.9000,true,1,155502
7290017864402,false,עלי מנגולד ארוז רמי לוי,,,עלי מנגולד ארוז רמי,יחידה,1.00,יחידה,false,,6.90,6.9000,true,1,155503
7290017864402,false,עלי מנגולד ארוז רמי לוי,,,עלי מנגולד ארוז רמי,Unknown,1.00,יחידה,false,,6.90,6.9000,true,1,155503
7290017864426,false,בצל ירוק ארוז רמי לוי,,,בצל ירוק רמי לוי,יחידה,1.00,יחידה,false,,6.90,6.9000,true,1,155505
7290017864426,false,בצל ירוק ארוז רמי לוי,,,בצל ירוק רמי לוי,Unknown,1.00,יחידה,false,,6.90,6.9000,true,1,155505
7290017864457,false,סלרי ראש רמי לוי,,,סלרי ראש רמי לוי,יחידה,1.00,יחידה,false,,5.90,5.9000,true,1,155507
7290017864457,false,סלרי ראש רמי לוי,,,סלרי ראש רמי לוי,Unknown,1.00,יחידה,false,,5.90,5.9000,true,1,155507
7290017864464,false,לוף פרסה ארוז רמי לוי,,,לוף/כרישה,יחידה,1.00,יחידה,false,,7.90,7.9000,true,1,151606
7290017864464,false,לוף פרסה ארוז רמי לוי,,,לוף/כרישה,Unknown,1.00,יחידה,false,,7.90,7.9000,true,1,151606
7290017888019,false,"משקה תפוח רימון סלק גינגיר פרות &ווג 350 מ""ל",פרוט אנד וג' Fruit & Veg,IL,פרוט & וג' תפוח רימו,מיליליטרים,330.00,"100 מ""ל",false,,7.80,0.0236,true,1,149478
7290017888026,false,"משקה אננס תפוח גזר פרות & ווג 350 מ""ל",פרוט אנד וג' Fruit & Veg,IL,פרוט & וג' אננס תפוח,מיליליטרים,330.00,"100 מ""ל",false,,7.80,0.0236,true,1,149479
7290017888347,false,מי עדן פקק ספורטאים 500,"מי עדן בע""מ",IL,מי עדן ספורט 0.5 ליט,מיליליטרים,500.00,"100 מ""ל",false,,3.90,0.0078,true,1,157051
7290017888644,false,"משקה אננס בננה כורכום פרות & ווג 350 מ""ל",פרוט אנד וג' Fruit & Veg,IL,פרוט & ווג' אננס בננ,מיליליטרים,350.00,"100 מ""ל",false,,7.80,0.0223,true,1,158455
7290017888729,false,שוופס סודה בקבוק 1 ל',"יפאורה תבורי בע""\מ",IL,שוופס סודה 1 ליטר,מיליליטרים,1000.00,"100 מ""ל",false,,4.20,0.0042,true,1,159536
7290017888972,false,בקבוק מי עדן פקק ספורט 1 ליטר,"מופק ממקור בזלתי עדן ,1",IL,מי עדן פקק ספורט 1 ל,מיליליטרים,1000.00,"100 מ""ל",false,,5.20,0.0052,true,1,153128
7290017947105,false,לחם אנג'ל בסגנון אמריקה 500 גרם,מאפיית שלמה א. אנג'\ל בע,IL,לחם סגנון אמריקה אנג,גרמים,500.00,100 גרם,false,,12.90,0.0258,true,1,152245
7290017947457,false,חלה קלועה כוסמין אנג'ל ארוזה 500 גרם,מאפיית שלמה א.אנג'ל,IL,חלה קלועה כוסמין 500,גרמים,500.00,100 גרם,false,,16.90,0.0338,true,1,158383
7290017947464,false,שמיניית פיתות כוסמין אנג'ל 8*50 גרם,מאפיית שלמה א.אנג'\ל בע\,IL,פיתות כוסמין אנג'ל 4,יחידה,8.00,יחידה,false,,14.90,1.8625,true,1,156528
7290017947464,false,שמיניית פיתות כוסמין אנג'ל 8*50 גרם,מאפיית שלמה א.אנג'\ל בע\,IL,פיתות כוסמין אנג'ל 4,Unknown,8.00,יחידה,false,,14.90,1.8625,true,1,156528
7290017947495,false,6 לחמניות כוסמין 450 גרם אנג'ל,מאפיית שלמה א.אנג'\ל,IL,לחמניות כוסמין 6 יחי,יחידה,6.00,יחידה,false,,13.90,2.3167,true,1,156862
7290017947495,false,6 לחמניות כוסמין 450 גרם אנג'ל,מאפיית שלמה א.אנג'\ל,IL,לחמניות כוסמין 6 יחי,Unknown,6.00,יחידה,false,,13.90,2.3167,true,1,156862
7290017947891,false,לחם אנג'ל כוסמין וחיטה מלאה 750 גרם,מאפיית שלמה א. אנג'\ל בע,IL,לחם כוסמין וחיטה מלא,גרמים,750.00,100 גרם,false,,14.90,0.0199,true,1,155053
7290017947938,false,מיני לחמניות המבורגר בסגנון אמריקה 400 ג' אנג'ל,מאפיית שלמה א. אנג'\ל בע,IL,8 לחמניות המבורגר בס,גרמים,400.00,100 גרם,false,,13.90,0.0348,true,1,158454
7290018192610,false,עגבניות שרי,עגבניות שרי 2 ב 15,,עגבניות שרי,יחידה,1.00,יחידה,false,,8.90,8.9000,true,1,154571
7290018192610,false,עגבניות שרי,עגבניות שרי 2 ב 15,,עגבניות שרי,Unknown,1.00,יחידה,false,,8.90,8.9000,true,1,154571
7290018192658,false,מארז זוג פטריות פורטובלה ושמפיניון מרינה,"מרינה פטריות הגליל בע""מ",IL,פטריות זוגות איטלקי,יחידה,1.00,יחידה,false,,17.90,17.9000,true,1,160194
7290018192658,false,מארז זוג פטריות פורטובלה ושמפיניון מרינה,"מרינה פטריות הגליל בע""מ",IL,פטריות זוגות איטלקי,Unknown,1.00,יחידה,false,,17.90,17.9000,true,1,160194
7290018195345,false,"שמן קנולה ""טעים"" 1 ליטר טעמן",טעים,IL,"שמן קנולה ""טעים"" 1 ל",מיליליטרים,1000.00,"100 מ""ל",false,,10.90,0.0109,true,1,159569
7290018237397,false,עוף טוב פסטרמה מקורמלת נתח שלם 8*300 גרם,מוצרי עוף טוב (2001) בע\,IL,עוף טוב פסטרמה מקורמ,גרמים,300.00,100 גרם,false,,27.90,0.0930,true,1,157760
7290018237410,false,עוף טוב פסטרמה במעשנה נתח שלם 8*300 גרם,מוצרי עוף טוב (2001) בע\,IL,עוף טוב פסטרמה במעשנ,גרמים,300.00,100 גרם,false,,27.90,0.0930,true,1,157761
7290018237502,false,עוף טוב כתף בקר דק-דק 200 גרם,"עוף טוב (שאן) בע""מ",IL,דק דק כתף בקר עוף טו,גרמים,200.00,100 גרם,false,,18.90,0.0945,true,1,159477
7290018282205,false,רביעיית מגבונים 72 יחידות,,,רביעיית מגבונים בביש,100 יחידה,1.00,100 יחידה,false,,12.90,12.9000,true,1,165085
7290018282212,false,רביעיית מגבונים 72 יחידות,,,רביעיית מגבונים ללא,100 יחידה,1.00,100 יחידה,false,,12.90,12.9000,true,1,165086
7290018294208,false,"סלקטדאדום ישראלי יבש כרמל 750 מ""ל","כד בני דרום בע""מ",IL,סלקטד אדום ישראלי 75,מיליליטרים,750.00,"100 מ""ל",false,,29.90,0.0399,true,1,158074
7290018294352,false,"ארק יקבי כרמל 700 מ""",יקבי כרמל Carmel Winery,ES,"ארק כרמל 700 מ""ל",מיליליטרים,700.00,"100 מ""ל",false,,55.20,0.0789,true,1,159012
7290018333044,false,"שלוקים-משקה קל בטעם ענבים קש 18 יח' 200 מ""ל","כרמית מזון בע""\מ",IL,טרופיות- משקה קל בטע,יחידה,18.00,יחידה,false,,12.90,0.7167,true,1,155734
7290018333044,false,"שלוקים-משקה קל בטעם ענבים קש 18 יח' 200 מ""ל","כרמית מזון בע""\מ",IL,טרופיות- משקה קל בטע,Unknown,18.00,יחידה,false,,12.90,0.7167,true,1,155734
7290018333945,false,חטיף אגוזים רפאלס שקד ווניל בדצ 150 גר *12יח,כרמית תעשיות ממתקים,IL,חטיף אגוזים רפאלס שק,גרמים,150.00,100 גרם,false,,14.90,0.0993,true,1,159551
7290018333952,false,חטיף אגוזים רפאלס וחמוציות בדצ 150 גר *12יח,כרמית תעשיות ממתקים,IL,חטיף אגוזים רפאלס וח,גרמים,150.00,100 גרם,false,,14.90,0.0993,true,1,159552
7290018333969,false,חטיף גרנולה רפאלס שקדים וטחינה בדצ 150 גר *12יח,כרמית תעשיות ממתקים,IL,חטיף גרנולה רפאלס שק,גרמים,150.00,100 גרם,false,,14.90,0.0993,true,1,159553
7290018380079,false,אפונת גינה גדולה 550 ג' תומר,,HU,אפונת גינה תומר 550,גרמים,550.00,100 גרם,false,,5.90,0.0107,true,1,160724
7290018380482,false,"אורז תאילנדי 1 ק""ג 20X",,,אורז תאילנדי תומר 1,גרמים,1000.00,100 גרם,false,,6.40,0.0064,true,1,165775
7290018380499,false,"אורז יסמין הום מלי 1 ק""ג ""תומר""",,,"אורז יסמין תומר 1 ק""",גרמים,1000.00,100 גרם,false,,10.90,0.0109,true,1,165776
7290018440193,false,פליפז בייגלה בציפוי קרם בטעם חמאת בוטנים מקוויטיס 140 גרם,שוורצקוף& הנקל דיסלד,TR,FLIPZ - בייגלה מצופה,גרמים,140.00,100 גרם,false,,9.50,0.0679,true,1,156179
7290018440209,false,פליפז בייגלה בציפוי פאדג' לבן מקוויטיס 140 גרם,שוורצקוף& הנקל דיסלד,TR,FLIPZ - בייגלה פאדג',גרמים,140.00,100 גרם,false,,9.50,0.0679,true,1,156180
7290018440490,false,סלט טונה קאלוו עם קוסקוס 150 גר,"קאלוו קונסרבס ס.ל.יו. ,",ES,סלט טונה עם קוסקוס ק,גרמים,150.00,100 גרם,false,,14.90,0.0993,true,1,164091
7290018440513,false,סלט קליפורנייה קאלוו עם טונה 150 גר,"קאלוו קונסרבס ס.ל.יו. ,",ES,סלט קליפורניה עם טונ,גרמים,150.00,100 גרם,false,,14.90,0.0993,true,1,164093
7290018441886,false,"דולצה דה לצה שורטי 150 מ""ל",מוצרי איכות אמריקאים,IL,דולצ'ה דה לצ'ה 150 מ,מיליליטרים,150.00,"100 מ""ל",false,,9.90,0.0660,true,1,159320
7290018443545,false,פלפל צילי אדום 200 גרם,,,פלפל צ'ילי אדום 200,גרמים,200.00,גרם,false,,10.90,0.0545,true,1,165814
7290018443736,false,בייבי מיקס רמי לוי 150 גרם,,,בייבי מיקס רמי לוי 1,גרמים,150.00,100 גרם,false,,9.90,0.0660,true,1,158664
7290018443781,false,רוקט 150 גרם רמי לוי,,,רוקט 150 ג' רמי לוי,גרמים,150.00,100 גרם,false,,9.90,0.0660,true,1,158669
7290018468401,false,פסטרמה צמחונית בטעם גריל 100 גר טירת צבי,טיב טירת צבי 2000,IL,פסטרמה צמחונית בטעם,גרמים,120.00,100 גרם,false,,19.90,0.1658,true,1,166073
7290018468425,false,נקניק טבעוני בטעם פיקנטי 100 גרם טירת צבי,טיב טירת צבי 2000,IL,נקניק טבעוני בטעם פי,גרמים,100.00,100 גרם,false,,19.90,0.1990,true,1,166071
7290018468432,false,נקניק טבעוני בטעם מעושן 100 גרם טירת צבי,טיב טירת צבי 2000,IL,נקניק טבעוני בטעם מע,גרמים,100.00,100 גרם,false,,19.90,0.1990,true,1,166072
7290018471050,false,"ספרינג נקטר אגס תפוח סברס פחית 330 מ""ל",יפאורה תבורי בעמ,IL,ספרינג נקטר אגס תפוח,מיליליטרים,330.00,"100 מ""ל",false,,6.20,0.0188,true,1,168367
7290018471401,false,משקה פרוט& ווג' אננס בננה כורכום 1 ליטר,פרוט אנד וג' Fruit & Veg,IL,פרוט & ווג' אננס בננ,מיליליטרים,1000.00,"100 מ""ל",false,,13.40,0.0134,true,1,157012
7290018471531,false,"ספרינג ענבים 250 מ""ל בקבוק",,IL,"ספרינג ענבים 250 מ""ל",מיליליטרים,250.00,"100 מ""ל",false,,3.30,0.0132,true,1,159539
7290018471913,false,משקה מוגז פירות תפוחים שוופס 1.5 ליטר,"יפאורה תבורי בע""\מ",IL,שוופס מוגז תפוחים 1.,מיליליטרים,1500.00,"100 מ""ל",false,,9.30,0.0062,true,1,158857
7290018471937,false,שוופס מוגז פירות תות ליים 1.5 ליטר פיקדון,"יפאורה תבורי בע""\מ",IL,שוופס מוגז פירות תות,מיליליטרים,1500.00,"100 מ""ל",false,,9.10,0.0061,true,1,158858
7290018471944,false,שוופס מוגז פירות לימונייד 1.5 ליטר פיקדון,"יפאורה תבורי בע""\מ",IL,שוופס מוגז למונייד 1,מיליליטרים,1500.00,"100 מ""ל",false,,9.10,0.0061,true,1,158859
7290018540329,false,שקית פיתה פיתה בלדי 800 ג' אנג'ל,מאפיית שלמה א. אנג'\ל בע,IL,פיתה פיתה באלדי אנג',יחידה,8.00,יחידה,false,,12.90,1.6125,true,1,156529
7290018540329,false,שקית פיתה פיתה בלדי 800 ג' אנג'ל,מאפיית שלמה א. אנג'\ל בע,IL,פיתה פיתה באלדי אנג',Unknown,8.00,יחידה,false,,12.90,1.6125,true,1,156529
7290018564004,false,גזר גמדי רמילוי 800 גר,,,גזר גמדי 800 גרם רמי,גרמים,800.00,100 גרם,false,,8.90,0.0111,true,1,156800
7290018564011,false,אפונת גינה רמילוי 800 גר,,,אפונת גינה 800 גרם ר,גרמים,800.00,100 גרם,false,,8.90,0.0111,true,1,156801
7290018564028,false,אפונה עדינה 600ג רמילוי,,,אפונה עדינה 600 גרם,גרמים,600.00,100 גרם,false,,10.90,0.0182,true,1,156802
7290018564059,false,שעועית ירוקה שלמה עדינה 600ג רמילוי,,,שעועית ירוקה שלמה עד,גרמים,600.00,100 גרם,false,,10.90,0.0182,true,1,156805
7290018564073,false,במיה קפוא 600ג רמילוי,,,במיה 600 גרם רמי לוי,גרמים,600.00,100 גרם,false,,8.90,0.0148,true,1,156807
7290018564080,false,לקט ירקות רמילוי 800 גר,,,לקט ירקות העונה 800,גרמים,800.00,100 גרם,false,,10.90,0.0136,true,1,156808
7290018564141,false,גרגירי חומוס מבושלים 800גר רמי לוי,,,גרעיני חומוס מבושלים,גרמים,800.00,100 גרם,false,,9.90,0.0124,true,1,156812
7290018564158,false,שעועית לבנה מבושלים 800גר רמי לוי,,,שעועית לבנה מבושלת 8,גרמים,800.00,100 גרם,false,,9.90,0.0124,true,1,156813
7290018564165,false,כרובית 800גר רמי לוי,,,כרובית 800 גרם רמי ל,גרמים,800.00,100 גרם,false,,9.90,0.0124,true,1,156814
7290018564172,false,ברוקולי 800גר רמי לוי,,,ברוקולי 800 גרם רמי,גרמים,800.00,100 גרם,false,,14.90,0.0186,true,1,156815
7290018711071,false,מיונז אמיתי 500ג רמילוי,,,מיונז רמי לוי 500 גר,גרמים,500.00,100 גרם,false,,8.90,0.0178,true,1,168657
7290018720004,false,"עוגיות סנדוויץ במילוי קרם תות ""מעדני המלך"" 150 גרם",סנו מפעלי ברונוס.,IL,עוגיות סנדוויץ תות 1,גרמים,150.00,100 גרם,false,,3.50,0.0233,true,1,157778
7290018720011,false,ביסקוויט קרנבל חיות בטעם וניל 250 ג' מעדני מלך,הגביע מוצרי וופלים,IL,מעדני מלך- קרנבל חיו,גרמים,250.00,100 גרם,false,,6.90,0.0276,true,1,156616
7290018720028,false,קרנבל אותיות ביסקוויט בטעם חמאה 250 ג' מעדני מלך,הגביע מוצרי וופלים,IL,מעדני מלך- אותיות 25,גרמים,250.00,100 גרם,false,,6.90,0.0276,true,1,156617
7290018720103,false,"אפיפיות וופל בטעם שוקו לל""ס הדר 250 גרם","א.ג גילרו בע""\מ",IL,וופל ללא סוכר מעדני,גרמים,250.00,100 גרם,false,,8.90,0.0356,true,1,158317
7290018720110,false,מעדני המלך- יאמי עוגיות ממולאות בקרם אגוזים 30% 150 גרם,"הגביע מוצרי ופלים בע""\מ",IL,עוגיות ממולאות בקרם,גרמים,150.00,100 גרם,false,,6.90,0.0460,true,1,157986
7290018720288,false,עוגיות לג'אני עוגיות מרוקאיות ללא תוספת סוכר,,,עוגיות מרוקאיות ללא,גרמים,350.00,100 גרם,false,,18.90,0.0540,true,1,168620
7290018720295,false,עוגיות לג'אני עוגיות מרוקאיות מקמח מלא,,,עוגיות מרוקאיות ללא,גרמים,350.00,100 גרם,false,,18.90,0.0540,true,1,168621
7290018825013,false,"תפו""א אדום תפזורת",3 יחידות,,"תפו""א אדום תפזורת",קילוגרמים,1.00,"ק""ג",true,,5.90,5.9000,true,1,166254
7290018825013,false,"תפו""א אדום תפזורת",3 יחידות,,"תפו""א אדום תפזורת",קילוגרמים,1.00,"ק""ג",true,,5.90,5.9000,true,1,166254
7290018825013,false,"תפו""א אדום תפזורת",3 יחידות,,"תפו""א אדום תפזורת",קילוגרמים,1.00,"ק""ג",true,,5.90,5.9000,true,1,166254
7290018825013,false,"תפו""א אדום תפזורת",3 יחידות,,"תפו""א אדום תפזורת",קילוגרמים,1.00,"ק""ג",true,,5.90,5.9000,true,1,166254
7290018825211,false,"תפו""א לבן תפזורת",3 יחידות,,"תפו""א לבן תפזורת",קילוגרמים,1.00,"ק""ג",true,,4.90,4.9000,true,1,166255
7290018825211,false,"תפו""א לבן תפזורת",3 יחידות,,"תפו""א לבן תפזורת",קילוגרמים,1.00,"ק""ג",true,,4.90,4.9000,true,1,166255
7290018825211,false,"תפו""א לבן תפזורת",3 יחידות,,"תפו""א לבן תפזורת",קילוגרמים,1.00,"ק""ג",true,,4.90,4.9000,true,1,166255
7290018825211,false,"תפו""א לבן תפזורת",3 יחידות,,"תפו""א לבן תפזורת",קילוגרמים,1.00,"ק""ג",true,,4.90,4.9000,true,1,166255
7290018878002,false,אגו מיקס קרקר מצופה שוקולד חלב כרמית 55 גרם,"כרמית תעשיות ממתקים בע""\",IL,אגו מיקס קרקר מצופה,גרמים,55.00,100 גרם,false,,3.90,0.0709,true,1,164195
7290018878170,false,אגו שוקולד מריר 60% מוצקי קקאו 2*100גר,"כרמית תעשיות ממתקים בע""\",IL,זוג שוקולד 60% מריר,גרמים,200.00,100 גרם,false,,9.90,0.0495,true,1,164190
7290018878446,false,טופי אצבעות בטעם תות 24 גרם,,IL,טופי אצבעות בטעם תות,גרמים,24.00,100 גרם,false,,1.90,0.0792,true,1,168424
7290018893005,false,"חטיפי בייגלה אפוי בטעם חרדל ודבש, 160 גרם",צ'וקטה Chocketa,RO,צ'וקטה בייגלה שטוח ח,גרמים,160.00,100 גרם,false,,6.90,0.0431,true,1,158675
7290018893036,false,צ'וקטה ביסקוויט בטעם שוקוטלד במילוי קרם בטעם וניל 176 גרם,צ'וקטה Chocketa,ES,צ'וקטה ביסקוויט שוקו,גרמים,176.00,100 גרם,false,,6.90,0.0392,true,1,158615
7290018893098,false,צ'וקטה עוגויות ביסקוויט מצופה שוקולד חלב 100 גרם,דיסטרופר אוליבייר,ES,ביסקוויט מצופה שוקול,גרמים,100.00,100 גרם,false,,6.90,0.0690,true,1,159893
7290018893104,false,צ'וקטה עוגויות ביסקוויט מצופה שוקולד מריר 100 גרם,דיסטרופר אוליבייר,ES,ביסקוויט מצופה שוקול,גרמים,100.00,100 גרם,false,,6.90,0.0690,true,1,159894
7290018893258,false,צ'וקטה עוגות אישיות במילוי קרם קרמל ובציפוי בטעם שוקולד 300 גרם,פרדי קונדיטוריה אס.פ,IT,צ'וקטה עוגות אישיות,גרמים,300.00,100 גרם,false,,11.90,0.0397,true,1,158007
7290018893456,false,צ'וקטה עוגות אישיות במילוי קרם ובציפוי בטעם שוקולד 300 גרם,"פרדי קונדיטוריה אס,פי.אי",IT,צ'וקטה עוגות אישיות,גרמים,300.00,100 גרם,false,,11.90,0.0397,true,1,158008
7290018893654,false,חטיפי בייגלה דקיקים ופריכים מלח צ'וקטה 200 ג',צ'וקטה Chocketa,RO,צ'וקטה בייגלה בתוספת,גרמים,200.00,100 גרם,false,,6.90,0.0345,true,1,158620
7290018893852,false,חטיפי בייגלה דקיקים ופריכים שומשום צ'וקטה 200 ג',צ'וקטה Chocketa,RO,צ'וקטה בייגלה בתוספת,גרמים,200.00,100 גרם,false,,6.90,0.0345,true,1,158623
7290018894019,false,עוגות אישיות במילוי קרם חלבי ובציפוי קרם קקאו,בלקוני Balconi,IT,בלקוני עוגות אישיות,גרמים,350.00,100 גרם,false,,14.90,0.0426,true,1,159899
7290018894217,false,עוגות אישיות במילוי קרם קקאו ובציפוי קרם קקאו,בלקוני Balconi,IT,בלקוני עוגות אישיות,גרמים,350.00,100 גרם,false,,14.90,0.0426,true,1,159901
7290018894408,false,קוביות וופל במילוי קרם אגוזי לוז - חלבי,בלקוני Balconi,IT,בלקוני וופל קוביות א,גרמים,250.00,100 גרם,false,,11.90,0.0476,true,1,159902
7290018925065,false,מיץ פרימור תפוזים סחוט 2 ליטר-,"גניר (1992) בע""מ",IL,מיץ תפוזים סחוט פרימ,מיליליטרים,2000.00,"100 מ""ל",false,,27.20,0.0136,true,1,159020
7290018925072,false,משקה קל לימונים ונענע 2 ל פרימור,"גניר (1992) בע""מ",IL,מיץ לימונענע פרימור,מיליליטרים,2000.00,"100 מ""ל",false,,27.20,0.0136,true,1,159021
7290018925409,false,"מיץ לימון ואננס 400 מ""ל פרימור",קריות זול,IL,מיץ לימון ואננס פרימ,מיליליטרים,400.00,"100 מ""ל",false,,8.30,0.0208,true,1,165336
7290018925416,false,"מיץ לימון ופסיפלורה 400 מ""ל פרימור",קריות זול,IL,מיץ לימון ופסיפלורה,מיליליטרים,400.00,"100 מ""ל",false,,8.30,0.0208,true,1,165337
7290019044000,false,"תפו""א לבן ארוז",,,"תפו""א לבן ארוז",קילוגרמים,1.00,"ק""ג",true,,5.90,5.9000,true,1,158350
7290019044000,false,"תפו""א לבן ארוז",,,"תפו""א לבן ארוז",קילוגרמים,1.00,"ק""ג",true,,5.90,5.9000,true,1,158350
7290019056027,false,שוופס מוגז פירות תפוחים ללא סוכר 1.5 ליטר פיקדון,"יפאורה תבורי בע""\מ",IL,שוופס מוגז פירות ללס,מיליליטרים,1500.00,"100 מ""ל",false,,8.20,0.0055,true,1,158860
7290019056294,false,שוופס ג'ינג'ר אייל 1.5 ליטר פיקדון,"יפאורה תבורי בע""\מ",IL,שוופס ג'ינג'ר 1.5 לי,מיליליטרים,1500.00,"100 מ""ל",false,,12.20,0.0081,true,1,158870
7290019056379,false,תפוזינה תפוזים 1.5 ליטר פיקדון,"יפאורה תבורי בע""\מ",IL,תפוזינה תפוזים 1.5 ל,מיליליטרים,1500.00,"100 מ""ל",false,,9.60,0.0064,true,1,158876
7290019056522,false,פרוט ווטר תות 1.5 ליטר פיקדון,"יפאורה תבורי בע""\מ",IL,משקה בטעם תות פרוט ו,מיליליטרים,1500.00,"100 מ""ל",false,,8.80,0.0059,true,1,158881
7290019056546,false,פרוט ווטר אבטיח 1.5 ליטר פיקדון,"יפאורה תבורי בע""\מ",IL,משקה בטעם אבטיח פרוט,מיליליטרים,1500.00,"100 מ""ל",false,,8.80,0.0059,true,1,158882
7290019056584,false,משקה קל תפוזים ספרינג 1.5 ליטר,"יפאורה תבורי בע""\מ",IL,משקה קל תפוזים ספרינ,מיליליטרים,1500.00,"100 מ""ל",false,,9.40,0.0063,true,1,158884
7290019056591,false,משקה קל ענבים ספרינג 1.5 ליטר,"יפאורה תבורי בע""\מ",IL,ספרינג ענבים 1.5 ליט,מיליליטרים,1500.00,"100 מ""ל",false,,9.40,0.0063,true,1,158885
7290019056638,false,משקה קל תות בננה ספרינג 1.5 ליטר,"יפאורה תבורי בע""\מ",IL,ספרינג תות בננה 1.5,מיליליטרים,1500.00,"100 מ""ל",false,,9.40,0.0063,true,1,158888
7290019056652,false,משקה קל אננס בננה ספרינג 1.5 ליטר,"יפאורה תבורי בע""\מ",IL,ספרינג אננס בננה 1.5,מיליליטרים,1500.00,"100 מ""ל",false,,9.40,0.0063,true,1,158890
7290019056959,false,מי עדן 1.5 ליטר בק' בודד פיקדון,"מופק ממקור בזלתי עדן ,1",IL,מי עדן 1.5 ליטר,מיליליטרים,1500.00,"100 מ""ל",false,,4.50,0.0030,true,1,159543
7290019056966,false,מי עדן בקבוק פיקדון 1.5 ליטר,"מי עדן בע""מ",IL,מי עדן 1.5 ליטר,מיליליטרים,1500.00,"100 מ""ל",false,,4.50,0.0030,true,1,159544
7290019056973,false,שישיית מי עדן 1.5 ליטר משפחתי,"מופק ממקור בזלתי עדן ,1",IL,מים מינרליים מי עדן,מיליליטרים,9000.00,"100 מ""ל",false,,14.70,0.0016,true,1,158892
7290019153221,false,שוופס סודה בטעם אננס 0.5 ליטר,יפאורה תבורי,IL,שוופס סודה אננס 0.5,מיליליטרים,500.00,"100 מ""ל",false,,4.90,0.0098,true,1,164068
7290019153238,false,שוופס סודה בטעם תפוח 0.5 ליטר,יפאורה תבורי,IL,שוופס סודה תפוח 0.5,מיליליטרים,500.00,"100 מ""ל",false,,4.90,0.0098,true,1,164069
7290019153245,false,שוופס סודה בטעם לימון 0.5 ליטר,יפאורה תבורי,IL,שוופס סודה לימון 0.5,מיליליטרים,500.00,"100 מ""ל",false,,4.90,0.0098,true,1,164070
7290019153269,false,שוופס סודה אננס 1.5 ליטר רביעייה פיקדון,"יפאורה תבורי בע""\מ",IL,שוופס סודה אננס 1.5,מיליליטרים,6000.00,"100 מ""ל",false,,12.10,0.0020,true,1,164072
7290019167020,false,עוגת גבינה עם פירות יער לייט עדן קינוחים 82 גרם,עדן קינוחים Eden,IL,עוגת גבינה עם פירות,גרמים,80.00,100 גרם,false,,6.90,0.0863,true,1,166291
7290019167037,false,תותים בקצפת עדן קינוחים 82 גרם,עדן קינוחים Eden,IL,תותים בקצפת עדן 82 ג,גרמים,82.00,100 גרם,false,,6.90,0.0841,true,1,166292
7290019167044,false,קצפת עם קרם בייגלה מתוק מלוח עדן קינוחים 82 גרם,עדן קינוחים Eden,IL,קצפת עם קרם בייגלה מ,גרמים,82.00,100 גרם,false,,6.90,0.0841,true,1,166293
7290019204107,false,עוף טוב פסטרמה בטעם אווז 320 גרם,עיצובים 2020 (4.9),IL,פסטרמה בטעם אווז עוף,גרמים,320.00,100 גרם,false,,25.90,0.0809,true,1,164659
7290019297628,false,שקד טבעי בשקית ששון הקולה 150 גרם,"דין שיווק וקלייה בע""",IL,שקד טבעי 150 גרם ששו,גרמים,150.00,100 גרם,false,,13.90,0.0927,true,1,157149
7290019297642,false,גרעין שחור קלוי ללא מלח ששון הקולה 150 ג',"דין שיווק וקלייה בע""",IL,גרעין שחור קלוי ללא,גרמים,150.00,100 גרם,false,,4.90,0.0327,true,1,166394
7290100240137,false,"תרסיס ריחני למייבש כחול בדין 500 מ""ל","זוהר דליה, קיבוץ דליה, 1",IL,בדין תרסיס למייבש כב,מיליליטרים,500.00,"100 מ""ל",false,,16.90,0.0338,true,1,149392
7290100245231,false,נמס בכוס מרק בטעם עוף עם אטריות ושקדי מרק-2 שקיות,יוניליוור ישראל מזון בע\,IL,נמס בכוס עוף עם אטרי,גרמים,50.00,100 גרם,false,,6.90,0.1380,true,1,144792
7290100249598,false,"רוטב לעוף שום ודבש קנור 320 גרם בד""צ",יוניליוור ישראל מזון בע\,IL,רוטב לעוף שום ודבש ק,גרמים,320.00,100 גרם,false,,10.90,0.0341,true,1,148132
7290100249659,false,"רוטב לעוף צ'ילי מתוק ושום קנור 320 גרם בד""צ",יוניליוור ישראל מזון בע\,IL,רוטב לעוף צ'ילי שום,גרמים,320.00,100 גרם,false,,10.90,0.0341,true,1,148133
7290100680650,false,מנה חמה נודלס-אטריות ירקות טעם תאילנדי אסם 76 ג',PUB FOODS PRESIDENT THAI,TH,מנה חמה נודלס בסגנון,גרמים,76.00,100 גרם,false,,5.90,0.0776,true,1,140886
7290100680667,false,מנה חמה נודלס-אטריות+ירקות טעם סצ'ואן,PUB FOODS PRESIDENT THAI,TH,מנה חמה נודלס בסגנון,גרמים,76.00,100 גרם,false,,5.90,0.0776,true,1,140887
7290100680728,false,פירורית רגילה שקית 350 גרם,מיוצר עי קונדיטוריית,IL,פירורי לחם לבנים פיר,גרמים,350.00,100 גרם,false,,7.50,0.0214,true,1,148775
7290100681015,false,אינסטנט פודינג בטעם ריבת חלב אסם 84 גרם,מיוצר עי קונדיטוריית,IL,פודינג אינסטנט בטעם,גרמים,84.00,100 גרם,false,,5.50,0.0655,true,1,152966
7290100681138,false,מארז אפרופו חטיף תירס 3 יחידות,"אסם השקעות בע""\מ",IL,מארז 3 אפרופו 50 גרם,גרמים,150.00,100 גרם,false,,12.90,0.0860,true,1,140890
7290100685334,false,אבקת מרק עוף אמיתי בשרי רכיבים טבעיים אסם 400 גרם,"אסם השקעות בע""\מ",IL,מרק עוף אמיתי מרכיבי,גרמים,400.00,100 גרם,false,,21.50,0.0538,true,1,148779
7290100685341,false,אבקת מרק טעם עוף זך רכיבים טבעיים אסם 400 גרם,"אסם השקעות בע""\מ",IL,מרק בטעם עוף זך מרכי,גרמים,400.00,100 גרם,false,,15.90,0.0398,true,1,145582
7290100700020,false,סוגת גריסי פנינה 500 גרם,האי נאם סי או אל.טי.,IL,גריסי פנינה סוגת 500,גרמים,500.00,100 גרם,false,,5.90,0.0118,true,1,151480
7290100700273,false,קינואה לבנה 500 ג סו,האי נאם סי או אל.טי.,IL,קינואה סוגת 500 גרם,גרמים,500.00,100 גרם,false,,13.90,0.0278,true,1,140696
7290100700372,false,"סוגת אורז בסמטי מלא 1 ק""ג",האי נאם סי או אל.טי.,IL,אורז בסמטי מלא סוגת,גרמים,1000.00,100 גרם,false,,13.90,0.0139,true,1,151476
7290100700396,false,"סוגת אורז יסמין קלאסי 1 ק""ג",האי נאם סי או אל.טי.,IL,אורז יסמין קלאסי סוג,גרמים,1000.00,100 גרם,false,,12.30,0.0123,true,1,140697
7290100700587,false,"בורגול ""סוגת"" 500 גרם",האי נאם סי או אל.טי.,IL,בורגול סוגת 500 גרם,גרמים,500.00,100 גרם,false,,5.90,0.0118,true,1,140698
7290100702994,false,סוכר דמררה קלאסי בשקית סוגת 500 גרם,"סוגת תעשיות בע""מ",IL,סוכר דמררה בשקית סוג,גרמים,500.00,100 גרם,false,,5.90,0.0118,true,1,140700
7290100858592,false,אבקת קקאו עלית שקית 150 ג',הנסיך- מפעל לייצור ט,IL,שקית קקאו עלית 150 ג,גרמים,150.00,100 גרם,false,,9.90,0.0660,true,1,140426
7290101113904,false,מארז מנבו וניל 12 יח' פלדמן,הגלידות של פלדמן,IL,מנבו וניל 12 יחידות,גרמים,288.00,100 גרם,false,,22.90,0.0795,true,1,166388
7290101488286,false,"ליידי ספיד סטיק - דאודורנט ספריי לאישה 24/7 פרש פיוזן ורוד 150 מ""ל",ליידי ספיד סטיק Lady Speed Stick,RU,דאודורנט תרסיס ורוד,מיליליטרים,150.00,"100 מ""ל",false,,19.90,0.1327,true,1,148267
7290101501176,false,פלפלונים רמי לוי,מ.ע יזמות,IL,פלפלונים רמי לוי,יחידה,1.00,יחידה,false,,9.90,9.9000,true,1,151121
7290101501176,false,פלפלונים רמי לוי,מ.ע יזמות,IL,פלפלונים רמי לוי,Unknown,1.00,יחידה,false,,9.90,9.9000,true,1,151121
7290101501305,false,מלפפון מיני בייבי אורגני ארוז,חקלאי,IL,מלפפון בייבי רמי לוי,יחידה,1.00,יחידה,false,,9.90,9.9000,true,1,151122
7290101501305,false,מלפפון מיני בייבי אורגני ארוז,חקלאי,IL,מלפפון בייבי רמי לוי,Unknown,1.00,יחידה,false,,9.90,9.9000,true,1,151122
7290101551027,false,קפסולות קפה אספרסו חזק במיוחד 14 עלית 10 יח',הנסיך- מפעל לייצור ט,IL,קפסולות 14 למכונות N,יחידה,10.00,יחידה,false,,17.90,1.7900,true,1,147785
7290101551027,false,קפסולות קפה אספרסו חזק במיוחד 14 עלית 10 יח',הנסיך- מפעל לייצור ט,IL,קפסולות 14 למכונות N,Unknown,10.00,יחידה,false,,17.90,1.7900,true,1,147785
7290101551539,false,יוגורט PRO בטעם אפרסק 0% 20 גרם חלבון בגביע,"שטראוס בריאות בע""מ",IL,דנונה פרו 20 גר אפרס,גרמים,200.00,100 גרם,false,,5.90,0.0295,true,1,146622
7290101551584,false,תפוצ'יפס קידס מארז 10 יח' * 20 ג',"שטראוס פריטו ליי בע""מ )פ",IL,מארז תפוצ'יפס קידס 1,גרמים,200.00,100 גרם,false,,12.90,0.0645,true,1,147848
7290101551614,false,חטיף צ'יטוס קראנץ בטעם גבינה - מארז 8 יח',"שטראוס פריטו ליי בע""מ )פ",IL,חטיף צ'יטוס קראנץ' ג,גרמים,240.00,100 גרם,false,,14.90,0.0621,true,1,147850
7290101551638,false,חטיף צ'יטוס כאפה בטעם קטשופ - מארז 10 יח',"שטראוס פריטו ליי בע""מ )פ",IL,מארז ציטוס כאפה 10*2,גרמים,200.00,100 גרם,false,,12.90,0.0645,true,1,147852
7290101864127,false,"ספריי להסרת כתמים 750 מ""ל וניש קליה",קליה וניש Kalia Vanish,IL,ספריי להסרת כתמים או,מיליליטרים,750.00,"100 מ""ל",false,,17.90,0.0239,true,1,149804
7290102030330,false,תפוצ'יפס קראנצ' בטעם מקסיקני 200 גרם,"שטראוס פריטו ליי בע""\מ )",IL,תפוצ'פס קראנצ מקסיקנ,גרמים,200.00,100 גרם,false,,10.90,0.0545,true,1,145095
7290102031276,false,מארז 8 יחידות אקטימל משקה יוגורט בטעם תות בננה,מיוצר עי קונדיטוריית,IL,אקטימל תות בננה 8*10,מיליליטרים,800.00,"100 מ""ל",false,,20.90,0.0261,true,1,145319
7290102032334,false,אבקה להכנת משקה קפה בטעם וניל,שטראוס קפה בי.וי,IL,קפה נמס וניל 200 גרם,גרמים,200.00,100 גרם,false,,21.90,0.1095,true,1,146459
7290102390427,false,יוגורט ביו עם קציפת תות 3% שומן 150 ג' מולר,מולר Muller,IL,יוגורט ביו פרופ קציפ,מיליליטרים,150.00,"100 מ""ל",false,,5.20,0.0347,true,1,149721
7290102390465,false,יוגורט ביו עם קציפת אפרסק ופסיפלורה 3% שומן 150 ג' מולר,מולר Muller,IL,יוגורט ביו פרופ קציפ,מיליליטרים,150.00,"100 מ""ל",false,,5.20,0.0347,true,1,149722
7290102390489,false,יוגורט ביו עם קציפת לימון 3% שומן 150 ג' מולר,מולר Muller,IL,יוגורט ביו פרופ קציפ,גרמים,150.00,100 גרם,false,,5.20,0.0347,true,1,155253
7290102391844,false,יוגורט ביו עם קציפת פירות יער3% שומן 150 ג' מולר,מולר Muller,IL,יוגורט ביו פרופ קציפ,מיליליטרים,150.00,"100 מ""ל",false,,5.20,0.0347,true,1,149723
7290102392254,false,"חלב בקרטון 1% 2 ליטר בד""צ - מוצר בפיקוח",מילקו תעשיות בעמ,IL,חלב בקרטון 2 ליטר- 1,מיליליטרים,2000.00,"100 מ""ל",false,,11.18,0.0056,true,1,165261
7290102392728,false,יוגורט ביו ביאנקו 2.8% מולר 200 גרם,"טרה, פארק תעשיות בע""",IL,יוגורט ביו נטורל טבע,מיליליטרים,200.00,"100 מ""ל",false,,4.00,0.0200,true,1,155255
7290102393039,false,"יוגורט ביו קרמי מיקס פצפוצי שוקולד 7.6% מולר 170 מ""ל",קריות זול,IL,יוגורט מיקס פצפוצי ש,גרמים,170.00,100 גרם,false,,5.90,0.0347,true,1,143602
7290102393060,false,"יוגורט ביו קרמי מיקס גלילי ופל ואגוזים 5.9% מולר 170 מ""ל",קריות זול,IL,יוגורט מיקס גלילי וו,גרמים,170.00,100 גרם,false,,5.90,0.0347,true,1,143603
7290102393169,false,"יוגורט סימפלי פרוט בטעם תות 3% מולר 150 מ""ל",מולר Muller,IL,יוגורט סימפלי פרוט ת,גרמים,150.00,100 גרם,false,,5.10,0.0340,true,1,148249
7290102393176,false,סימפלי פרוט יוגורט אפרסק 3% שומן 150 ג' מולר,מילקו תעשיות בעמ,IL,יוגורט סימפלי פרוט א,מיליליטרים,150.00,"100 מ""ל",false,,5.10,0.0340,true,1,148250
7290102393299,false,יוגורט עיזים לשתייה 3% משק צוריאל 500 גרם,מיוצר עי קוד יצרן HG,IL,יוגורט עיזים לשתייה,גרמים,500.00,100 גרם,false,,12.90,0.0258,true,1,149725
7290102393855,false,יוגורט עיזים 2.5% עם אפרסק משק צוריאל 150 גרם,מחלבת משק צוריאל,IL,יוגורט עיזים עם אפרס,גרמים,150.00,100 גרם,false,,6.10,0.0407,true,1,154926
7290102394081,false,"יוגורט ביו קרמי מיקס קורנפלקס מצופה שוקולד מולר 170 מ""ל",מילקו תעשייה בעמ,IL,יוגורט מיקס עם קורנפ,גרמים,170.00,100 גרם,false,,5.90,0.0347,true,1,143606
7290102394821,false,נעם גבינה צהובה פרוסה 28% טרה 200 גרם,מילקו תעשיות בעמ,IL,פרוסות גבינה צהובה 2,גרמים,200.00,100 גרם,false,,15.80,0.0790,true,1,148252
7290102395101,false,ממרח גבינה ושוקולד מוו טרה 200 גרם,מילקו תעשיות בעמ,IL,ממרח גבינה ושוקולד מ,גרמים,200.00,100 גרם,false,,11.50,0.0575,true,1,156992
7290102395231,false,שמיניית יוגורט ביו ביאנקו 2.8% מולר 150 גרם,מולר Muller,IL,מאגדת שמינייה 2.8% מ,גרמים,1200.00,100 גרם,false,,18.50,0.0154,true,1,149639
7290102396597,false,מעדן מוו וניל ומוס שוקולד טרה 118 גרם,טרה,IL,מעדן מוו וניל ומוס ש,גרמים,118.00,100 גרם,false,,2.90,0.0246,true,1,143612
7290102397600,false,מיקס יוגורט בתוספת שקדים ובוטנים מקורמלים 170 ג' מולר,מילקו תעשייה בעמ,IL,יוגורט ביו מיקס שקדי,גרמים,170.00,100 גרם,false,,5.90,0.0347,true,1,143621
7290102397617,false,יוגורט ביו קרמי עם כדורים מצופים שוקולד חום לבן,מולר Muller,IL,יוגורט ביו מיקס ביו,גרמים,180.00,100 גרם,false,,5.90,0.0328,true,1,143622
7290102397679,false,קוטג' וחצי טרה 5% מרכיבים טבעיים,מילקו,IL,קוטג' וחצי 5% 375 גר,גרמים,375.00,100 גרם,false,,7.70,0.0205,true,1,156993
7290102397747,false,פרוסות גבינת מוצרלה נעם מחלב בקר 22%,טרה,IL,פרוסות מוצרלה חלב בק,גרמים,200.00,100 גרם,false,,17.90,0.0895,true,1,149727
7290102397891,false,גבינה מותכת משק צוריאל 100 גרם,משק צוריאל,IL,גבינה מותכת 100 גרם,גרמים,100.00,100 גרם,false,,7.70,0.0770,true,1,149728
7290102398577,false,משקה חלב בטעם שוקו 2% בבקבוק אישי,מילקו תעשיות בעמ,IL,שוקו טרה מועשר בבקבו,מיליליטרים,250.00,"100 מ""ל",false,,5.60,0.0224,true,1,155269
7290102398638,false,משקה חלב בטעם מוקה טרה 1 ליטר,מילקו תעשיות בעמ,IL,משקה חלב בטעם מוקה,מיליליטרים,1000.00,"100 מ""ל",false,,11.90,0.0119,true,1,154922
7290102398836,false,משקה שקדים קלאסי משק צוריאל 1 ליטר,מחלבת משק צוריאל,IT,משקה שקדים קלאסי צור,מיליליטרים,1000.00,"100 מ""ל",false,,12.50,0.0125,true,1,150124
7290102399796,false,מעדן יוגורט לבן מועשר בחלבון 200 ג' מולר אקטיב,מולר Muller,IL,מולר אקטיב 25 גרם חל,גרמים,200.00,100 גרם,false,,5.90,0.0295,true,1,152901
7290102399802,false,יוגורט עם תות מולר אקטיב מועשר בחלבון 200 גר',מולר Muller,IL,יוגורט ביו 20 גרם חל,גרמים,200.00,100 גרם,false,,6.20,0.0310,true,1,152904
7290102842346,false,סוויט לוז- ממתיק דל קלוריות,ר.ש.חברה ליבוא ויצור מזו,IL,סוכרזית סוויט לוז 10,יחידה,100.00,יחידה,false,,30.00,0.3000,true,1,166037
7290102842346,false,סוויט לוז- ממתיק דל קלוריות,ר.ש.חברה ליבוא ויצור מזו,IL,סוכרזית סוויט לוז 10,Unknown,100.00,יחידה,false,,30.00,0.3000,true,1,166037
7290103404758,false,סלט כרוב אדום במיונז אחלה 120 גרם,מיוצר עי קונדיטוריית,IL,סלט כרוב אחלה 120 גר,גרמים,120.00,100 גרם,false,,4.90,0.0408,true,1,147405
7290104061417,false,סלט חומוס עם טחינה אחלה 400 גרם,"שטראוס גרופ בע""\מ",IL,סלט חומוס וטחינה אחל,גרמים,400.00,100 גרם,false,,10.90,0.0273,true,1,147406
7290104061424,false,סלט חומוס עם זעתר אחלה 400 גרם,מיוצר עי קונדיטוריית,IL,סלט חומוס וזעתר אחלה,גרמים,400.00,100 גרם,false,,10.90,0.0273,true,1,146625
7290104061431,false,סלט חומוס עם צנובר אחלה 400 גרם,"שטראוס גרופ בע""\מ",IL,חומוס עם צנובר אחלה,גרמים,400.00,100 גרם,false,,10.90,0.0273,true,1,147407
7290104061448,false,סלט חומוס עם חריף אחלה 400 גרם,מיוצר עי קונדיטוריית,IL,סלט חומוס וחריף אחלה,גרמים,400.00,100 גרם,false,,10.90,0.0273,true,1,147408
7290104062599,false,מארז 8 יחידות מעדן גמדים בטעמי תות ובננה,"שטראוס בריאות בע""\מ",IL,מעדן גמדים תות בננה,גרמים,800.00,100 גרם,false,,17.90,0.0224,true,1,145320
7290104066566,false,טחינה שומשום מלא אחלה 500 גר',מיוצר עי קונדיטוריית,IL,טחינה 500 גרם,גרמים,500.00,100 גרם,false,,14.90,0.0298,true,1,146626
7290104068539,false,מאסט פליפטופ מלון ואבטיח ללא גרעינים,"שטראוס גרופ בע""מ",IL,מאסט מלון אבטיח כשלפ,גרמים,28.00,100 גרם,false,,4.50,0.1607,true,1,140435
7290104503184,false,הבית עוגת שבת בראוניס טעם שוקולד ריבת חלב 380 גרם,מיוצר עי קונדיטוריית,IL,עוגת הבית בראוניס שו,גרמים,380.00,100 גרם,false,,14.90,0.0392,true,1,148780
7290104508943,false,במבה חטיף בוטנים אסם 200 גרם,"אסם השקעות בע""\מ",IL,במבה קלאסי 200 גרם,גרמים,200.00,100 גרם,false,,8.90,0.0445,true,1,153202
7290104570513,false,"תמר מגהול כחול 1 ק""",פרי וירק טמרה ושותפי,IL,"תמר מג'הול 1 ק""ג",גרמים,1000.00,100 גרם,false,,19.90,0.0199,true,1,145165
7290104721533,false,רצועות פלפלים קלויים אחלה 400 ג',מיוצר עי קונדיטוריית,IL,פלפלים קלויים 400 גר,גרמים,400.00,100 גרם,false,,15.90,0.0398,true,1,147409
7290104722530,false,תפוצ'יפס בטעם שמנת בצל עלית 200 גרם,"שטראוס פריטו ליי בע""\מ )",IL,תפוציפס שמנת בצל 200,גרמים,200.00,100 גרם,false,,10.90,0.0545,true,1,145096
7290104726712,false,מארז 8 יחידות מעדן מילקי בטעם שוקולד עם קצפת,"שטראוס גרופ בע""\מ",IL,מארז 8 מילקי בטעם שו,גרמים,1064.00,100 גרם,false,,19.90,0.0187,true,1,147410
7290104728310,false,"שמנת מתוקה עמידה 38% שומן ""יטבתה"" -מוצר בפיקוח",שטראוס גרופ,IL,שמנת להקצפה 38% יטבת,מיליליטרים,250.00,"100 מ""ל",false,,6.47,0.0259,true,1,146632
7290104960239,false,"תחליב רחצה נקה 7 ארומה לבן 750 מ""ל",טרופיקל דגיל תעשיות קוסמ,IL,נקה 7 ת.רחצה לבן - ק,מיליליטרים,750.00,"100 מ""ל",false,,12.90,0.0172,true,1,145189
7290105360755,false,"שמן זית 3 חזק 750 מ""ל יד מרדכי",מכוורת יד מרדכי שטראוס ב,IL,"שמן זית 3 חזק 750 מ""",מיליליטרים,750.00,"100 מ""ל",false,,33.90,0.0452,true,1,146463
7290105360878,false,תפוציפס טבעי 50 גרם מארז רביעייה,"שטראוס פריטו ליי בע""\מ )",IL,תפוצ'יפס טבעי עלית 4,גרמים,200.00,100 גרם,false,,11.90,0.0595,true,1,145294
7290105362339,false,"שמנת לבישול 15% 250 מ""ל יטבתה מהדרין",שטראוס גרופ,IL,שמנת לבישול 15% יטבת,מיליליטרים,250.00,"100 מ""ל",false,,7.90,0.0316,true,1,146633
7290105364302,false,"עלית חטיף שוקולד כיף כף מקלות אגוזים, 40 גרם",שולן צ'\יקולטה גידה סאן.,TR,כיף כף מקלות אגוזים,גרמים,40.00,100 גרם,false,,4.90,0.1225,true,1,140445
7290105364678,false,"אקטיביה משקה יוגורט בטעם אפרסק שטראוס 250 מ""ל",מיוצר עי קונדיטוריית,IL,משקה אקטיביה אפרסק 1,מיליליטרים,250.00,"100 מ""ל",false,,4.90,0.0196,true,1,140446
7290105366047,false,טחינה לבנה אחלה 400 גרם,מיוצר עי קונדיטוריית,IL,טחינה לבנה 400 גר,גרמים,400.00,100 גרם,false,,15.90,0.0398,true,1,147411
7290105366993,false,סימפוניה גבינת שמנת פלפל שיפקה 5% שטראוס 200 גרם,"שטראוס בריאות בע""מ",IL,גבינת סימפוניה פילפל,גרמים,200.00,100 גרם,false,,11.00,0.0550,true,1,146635
7290105368904,false,"שמנת מתוקה להקצפה 32% שומן 250 מ""ל יוטבתה",שטראוס גרופ,IL,שמנת מתוקה להקצפה 32,מיליליטרים,250.00,"100 מ""ל",false,,7.30,0.0292,true,1,146637
7290105369130,false,סימפוניה גבינת שמנת בצל ירוק 5% שטראוס 200 גרם,"שטראוס בריאות בע""\מ",IL,סימפוניה בצל ירוק 20,גרמים,200.00,100 גרם,false,,11.00,0.0550,true,1,146638
7290105439499,false,מאסטר שף מאסטר שף מיונז 480 גר כשלפ,רמיה סי.וי. הולנד,NL,מאסטר שף מיונז הולנד,גרמים,483.00,100 גרם,false,,11.90,0.0246,true,1,143775
7290105439581,false,מנה מאסטר שף חרדל דיזיון צרפתי 370 גר,רמיה סי.וי.הולנד,FR,חרדל דיז'ון צרפתי מא,גרמים,370.00,100 גרם,false,,11.90,0.0322,true,1,154482
7290105691248,false,אסם חטיפי פריכונים טורטייה תירס 60 גרם,"פרח תעשיות מזון בע""מ.",IL,אסם חטיפי פריכונים ט,גרמים,60.00,100 גרם,false,,7.90,0.1317,true,1,148781
7290105691712,false,אסם עוגיות הפסקת קפה דגנים מלאים 230 גרם,היינץ צפון אמריקה מק,IL,עוגיות הפסקת קפה עם,גרמים,230.00,100 גרם,false,,10.90,0.0474,true,1,148783
7290105691934,false,קמח שמרים אסם 1 קילו,תאי פרזידנט פוד פאבל,IL,קמח שמרים אסם 1 קילו,גרמים,1000.00,100 גרם,false,,9.90,0.0099,true,1,140899
7290105693341,false,מארז עשיריית במבה אסם 25*10 גרם,"אסם השקעות בע""\מ",IL,חטיף בוטנים במבה 10*,גרמים,250.00,100 גרם,false,,14.90,0.0596,true,1,148059
7290105693457,false,עוגת הבית דמקה שוקו וניל אסם 320 גרם,מיוצר עי קונדיטוריית,IL,הבית עוגת דמקה שוקו,גרמים,320.00,100 גרם,false,,11.90,0.0372,true,1,148784
7290105695321,false,עוגת הבית בראוניס פאדג' אסם 380 גרם,מיוצר עי קונדיטוריית,IL,הבית עוגת בראוניס פא,גרמים,350.00,100 גרם,false,,14.90,0.0426,true,1,148786
7290105964564,false,סלט חומוס אחלה 400גר,מיוצר עי קונדיטוריית,IL,סלט חומוס אחלה 400 ג,גרמים,400.00,100 גרם,false,,8.50,0.0213,true,1,147415
7290105965738,false,יוגורט לשתיה בטעם תות בננה267 ג' דנונה,מיוצר עי קונדיטוריית,IL,יוגורט לשתיה 1.5 תות,מיליליטרים,267.00,"100 מ""ל",false,,4.80,0.0180,true,1,140450
7290105968098,false,"סלט קולסלאו 500 גרם ""אחלה""",שטראוס גרופ סלטים,IL,קולסלאו 500 גרם,גרמים,500.00,100 גרם,false,,15.90,0.0318,true,1,146642
7290105968654,false,רביולי בטטה פרווה פסטה נונה 400 ג',מיוצר עי קונדיטוריית,IL,רביולי בטטה פרווה 40,גרמים,400.00,100 גרם,false,,19.80,0.0495,true,1,140451
7290105968777,false,פריכיות 5 דגנים עם תחתית שוקולד מריר 70 גרם,"טחנת האבן תעשיות בע""",IL,פריכיות 5 דגנים תחתי,גרמים,70.00,100 גרם,false,,8.00,0.1143,true,1,156169
7290106520066,false,"רבע לשבע שוקולד חלב במילוי אגוזים עלית 160 גרם בד""צ","הגביע מוצרי וופלים בע""\מ",IL,רבע לשבע קרם אגוזים,גרמים,160.00,100 גרם,false,,10.90,0.0681,true,1,140452
7290106520905,false,סלט טורקי אחלה 400 גרם,"שטראוס גרופ בע""\מ",IL,סלט טורקי 400 גרם,גרמים,400.00,100 גרם,false,,15.90,0.0398,true,1,146643
7290106521049,false,אחלה טעמי השוק קוביות סלק 400 גר,מיוצר עי קונדיטוריית,IL,קוביות סלק 400,גרמים,400.00,100 גרם,false,,15.90,0.0398,true,1,146645
7290106524439,false,"תפוצ'יפס פופס 60 גרם ""עלית""","שטראוס פריטו ליי בע""\מ )",IL,תפוצ'יפס פופס 60 גרם,גרמים,60.00,100 גרם,false,,4.00,0.0667,true,1,140589
7290106525382,false,קפה טורקי עלית 125 גר,עלית,,קפה טורקי עלית 125 ג,גרמים,125.00,100 גרם,false,,9.90,0.0792,true,1,145527
7290106528567,false,"דוריטוס גריל 185 גרם ""עלית""","שטראוס פריטו ליי בע""\מ )",IL,דוריטוס גריל 185 גרם,גרמים,185.00,100 גרם,false,,7.90,0.0427,true,1,145147
7290106528628,false,"דוריטוס טבעי 185 גרם ""עלית""","שטראוס פריטו ליי בע""\מ )",IL,דוריטוס טבעי 185 גרם,גרמים,185.00,100 גרם,false,,7.90,0.0427,true,1,145148
7290106572027,false,אוסם - לחמית חמישה דגנים 190 גרם,"אסם השקעות בע""\מ",IL,לחמית חמישה דגנים 19,גרמים,190.00,100 גרם,false,,9.50,0.0500,true,1,148789
7290106572065,false,חטיפי פריכונים טורטיה חמוץ מתוק 60 גרם,"פרח תעשיות מזון בע""מ",IL,חטיפי טורטיה תירס בט,גרמים,60.00,100 גרם,false,,7.90,0.1317,true,1,148790
7290106573598,false,צבר חומוס לבנוני 400 גרם,סלטי צבר,IL,חומוס לבנוני צבר 400,גרמים,400.00,100 גרם,false,,11.90,0.0298,true,1,148794
7290106574793,false,עוגת הבית בטעם שוקו-שוקוצ'יפס 350 ג' אסם,מיוצר עי קונדיטוריית,IL,עוגת הבית שוקו שוקוצ,גרמים,350.00,100 גרם,false,,11.90,0.0340,true,1,148796
7290106574953,false,בייגלה שטוחים כעכים שטוחים עם שומשום,מיוצר עי קונדיטוריית,IL,בייגלה שטוחים שומשום,גרמים,300.00,100 גרם,false,,9.90,0.0330,true,1,152166
7290106574977,false,בייגלה שטוחים כעכים שטוחים עם מלח,מיוצר עי קונדיטוריית,IL,בייגלה כעכים שטוחים,גרמים,300.00,100 גרם,false,,9.90,0.0330,true,1,140911
7290106576223,false,"אפרופו שוקולד 40 גרם ""אסם""",מיוצר עי קונדיטוריית,IL,אפרופו שוקולד כלפ 40,גרמים,40.00,100 גרם,false,,4.90,0.1225,true,1,151585
7290106577541,false,כרוב אדום מרובע 400 ג' צבר,סלטי צבר,IL,סלט כרוב אדום צבר 40,גרמים,400.00,100 גרם,false,,12.90,0.0323,true,1,140920
7290106578692,false,ביסלי במבה מיקס מהדורת אליפות אסם 80 גרם,פרו מן יו פתרונות אר,IL,במבה ביסלי מיקס 80 ג,גרמים,80.00,100 גרם,false,,4.90,0.0613,true,1,152839
7290106652996,false,כיף כף מקלות קוקוס חלבי 40 גר',סולן בעבור שטראוס,TR,כיף כף מקלות קוקוס 4,גרמים,40.00,100 גרם,false,,4.90,0.1225,true,1,166425
7290106653504,false,סבבה בוטנים אמריקאים ברביקיו 50 גרם,"שטראוס פריטו ליי בע""",IL,בוטנים אמריקאים ברבי,גרמים,50.00,100 גרם,false,,2.90,0.0580,true,1,140590
7290106658479,false,עלית וופל בטעם טורטית אגוזים 360גר,"שטראוס גרופ בע""\מ",IL,טורטית מגדים 40 גרם,גרמים,40.00,100 גרם,false,,4.50,0.1125,true,1,140466
7290106660410,false,"רביולי תרד וגבינה 400 גרם ""שטראוס""",מיוצר עי קונדיטוריית,IL,רביולי תרד וגבינה 40,גרמים,400.00,100 גרם,false,,19.80,0.0495,true,1,146646
7290106663091,false,"לאבנה 9 % עם שמן זית 500 גר' ""שטראוס""",הדקלאים אגודת שיתופי,IL,לאבנה 9% 500 גרם,גרמים,500.00,100 גרם,false,,17.90,0.0358,true,1,146647
7290106663121,false,"עוגה אישית במילוי קרם חלב ""מילקי קייק"" שטראוס",בובארד איטליה אס.פי.איי,IT,מילקי קייק 34 גרם,גרמים,34.00,100 גרם,false,,2.90,0.0853,true,1,140476
7290106663183,false,צ'יטוס חטיף טעם גבינה 65ג,שטראוס גרופ,IL,ציטוס קראצ בטעם גבינ,גרמים,65.00,100 גרם,false,,3.50,0.0538,true,1,140592
7290106664067,false,לאבנה עם שמן זית וזעתר 10% שטראוס 400 ג',הדקלאים אגודת שיתופי,IL,לאבנה שמן זית וזעתר,גרמים,400.00,100 גרם,false,,14.90,0.0373,true,1,146648
7290106667266,false,"דוריטוס חמוץ חריף 185 גרם ""עלית""","שטראוס פריטו ליי בע""\מ )",IL,דוריטוס חמוץ חריף 18,גרמים,185.00,100 גרם,false,,7.90,0.0427,true,1,145097
7290106668133,false,עלית אבקת שוקולית בש,,,שוקולית בשקית 400 גר,גרמים,400.00,100 גרם,false,,10.90,0.0273,true,1,140477
7290106668577,false,"מיץ לימון טיבעי 250 מ""ל יד מרדכי",האי נאם סי או אל.טי.,IT,מיץ לימון טבעי 250 מ,מיליליטרים,250.00,"100 מ""ל",false,,7.90,0.0316,true,1,144899
7290106721913,false,מסטיק מאסט MUST ללא סוכר בטעם מנטה מרעננת,"שטראוס גרופ בע""מ",IL,צנצנת מאסט מנטה מרענ,גרמים,66.00,100 גרם,false,,9.90,0.1500,true,1,147777
7290107280020,false,שלישיית מטליות לחות לניקוי כללי סנו סושי 50 יחידות,טרופיקל דגיל- תעשיות,IL,מטליות לחות לניקוי כ,יחידה,3.00,יחידה,false,,17.90,5.9667,true,1,151446
7290107280020,false,שלישיית מטליות לחות לניקוי כללי סנו סושי 50 יחידות,טרופיקל דגיל- תעשיות,IL,מטליות לחות לניקוי כ,Unknown,3.00,יחידה,false,,17.90,5.9667,true,1,151446
7290107280112,false,סנו סופט נייר טואלט 24 גל.,Unknown,IL,נייר טואלט סנו סופט,יחידה,24.00,יחידה,false,,26.90,1.1208,true,1,168498
7290107280112,false,סנו סופט נייר טואלט 24 גל.,Unknown,IL,נייר טואלט סנו סופט,Unknown,24.00,יחידה,false,,26.90,1.1208,true,1,168498
7290107646925,false,ברנפלקס אקסטרה פייבר תלמה 410 גרם,יוניליוור ישראל מזון בע\,IL,ברנפלקס אקסטרה פייבר,גרמים,410.00,100 גרם,false,,20.80,0.0507,true,1,149409
7290107647656,false,סולרו פרוט בוסט - קוקוס אננס (פרווה),"מיוצר ע""\י גלידת שטראוס",IL,מאגדת סולרו פרוט בוס,יחידה,5.00,יחידה,false,,23.90,4.7800,true,1,150276
7290107647656,false,סולרו פרוט בוסט - קוקוס אננס (פרווה),"מיוצר ע""\י גלידת שטראוס",IL,מאגדת סולרו פרוט בוס,Unknown,5.00,יחידה,false,,23.90,4.7800,true,1,150276
7290107649858,false,טילון מגנוםלבן -גלידת שמנת,"מיוצר ע""\י גלידת שטראוס",IL,טילון מגנום לבן,יחידה,1.00,יחידה,false,,9.90,9.9000,true,1,150286
7290107649858,false,טילון מגנוםלבן -גלידת שמנת,"מיוצר ע""\י גלידת שטראוס",IL,טילון מגנום לבן,Unknown,1.00,יחידה,false,,9.90,9.9000,true,1,150286
7290107871297,false,אוסם - מיני פריכונים עשבי תיבול 25 גרם,"פרח תעשיות מזון בע""מ.",IL,אסם פריכונים מיני עש,גרמים,23.00,100 גרם,false,,4.20,0.1826,true,1,140927
7290107871990,false,"פסטה צינורות 500 גרם ""אסם""",פסטה זארה,IT,אסם פסטה צינורות איט,גרמים,500.00,100 גרם,false,,5.90,0.0118,true,1,140928
7290107874427,false,אוסם - מיני פריכונים זעתר 25 גרם,"פרח תעשיות מזון בע""מ.",IL,אסם פריכונים מיני זע,גרמים,25.00,100 גרם,false,,4.20,0.1680,true,1,152478
7290107874441,false,פריכונים מיני בצל מקורמל 25 גרם אסם,"פרח תעשיות מזון בע""מ.",IL,אסם פריכונים מיני בצ,גרמים,23.00,100 גרם,false,,4.20,0.1826,true,1,140933
7290107874502,false,ביסלי גריל קדמ. מארז אחיד 10 4*55 גרם,מיוצר עי קונדיטוריית,IL,ביסלי גריל 4 * 55 גר,גרמים,220.00,100 גרם,false,,12.50,0.0568,true,1,140934
7290107875271,false,ביסלי ברביקיו קדמ. מארז אחיד10 4*55 גרם,"אסם השקעות בע""\מ",IL,ביסלי ברביקיו 4 * 55,גרמים,220.00,100 גרם,false,,12.50,0.0568,true,1,140936
7290107876889,false,אוסם - במבה במילוי קרם נוגט 45 גרם,"אסם השקעות בע""מ",IL,במבה במילוי קרם נוגט,גרמים,45.00,100 גרם,false,,4.30,0.0956,true,1,140937
7290107877619,false,מארז במבה במילוי קרם נוגט 5*30ג' אסם,"אסם השקעות בע""\מ",IL,במבה במילוי קרם נוגט,גרמים,150.00,100 גרם,false,,13.90,0.0927,true,1,140940
7290107879132,false,פריכיות פיטנס מיני פריכיות שוקולד חלב 22 ג',כרמית,IL,פיטנס מיני פריכיות ש,גרמים,22.00,100 גרם,false,,4.90,0.2227,true,1,148810
7290107909006,false,סיר מקושט 2 ל אותנטי,,,סיר מיקרוגל 2 ליטר,יחידה,1.00,יחידה,false,,11.90,11.9000,true,1,157601
7290107909006,false,סיר מקושט 2 ל אותנטי,,,סיר מיקרוגל 2 ליטר,Unknown,1.00,יחידה,false,,11.90,11.9000,true,1,157601
7290107909495,false,סט לאנץ בוקס משובח,,,קופסת אוכל מקושטת,יחידה,1.00,יחידה,false,,22.90,22.9000,true,1,157096
7290107909495,false,סט לאנץ בוקס משובח,,,קופסת אוכל מקושטת,Unknown,1.00,יחידה,false,,22.90,22.9000,true,1,157096
7290107931397,false,כיף כף פצפוצים במילוי שוקולד 40 גרם,שולן צ'\יקולטה גידה סאן.,TR,כיף כף פצפצים 40 גרם,גרמים,135.00,100 גרם,false,,5.00,0.0370,true,1,140494
7290107932080,false,חלב מועשר יוטבתה בבקבוק 3% 1 ליטר,מחלבת יטבתה,IL,חלב מועשר בקבוק 3% י,מיליליטרים,1000.00,"100 מ""ל",false,,7.70,0.0077,true,1,147418
7290107932134,false,חלב מועשר יוטבתה בבקבוק 1% 1 ליטר,מחלבת יטבתה,IL,חלב מועשר בקבוק 1% י,מיליליטרים,1000.00,"100 מ""ל",false,,7.70,0.0077,true,1,147419
7290107934473,false,שמינייה יוגורט לבן אקטיביה 1.5% דנונה 150 גרם,"שטראוס גרופ בע""\מ",IL,מארז אקטיביה שמינייה,גרמים,1200.00,100 גרם,false,,19.90,0.0166,true,1,147980
7290107936309,false,דנונה יוגורט 7% יווני לבן 130 ג',"שטראוס בריאות בע""מ",IL,יוגורט דנונה יווני ל,גרמים,130.00,100 גרם,false,,3.40,0.0262,true,1,147423
7290107936958,false,עד חצות ביסקוויט אצבעות שוקולד 125 גרם,ביסקוויטס טור ד'\אלבון,FR,עד חצות אצבעות 125 ג,גרמים,125.00,100 גרם,false,,9.90,0.0792,true,1,165794
7290107936965,false,עיגולים עד חצות עם שוקולד חלב 225 גר,ביסקווטרי עוגיות סנט,FR,עד חצות עיגולים 225,גרמים,225.00,100 גרם,false,,12.90,0.0573,true,1,146477
7290107937542,false,משקה יוגורט אקטיביה עם תות 1.2% שומן,מיוצר עי קונדיטוריית,IL,משקה אקטיביה תות 1.2,מיליליטרים,250.00,"100 מ""ל",false,,4.90,0.0196,true,1,140505
7290107937627,false,מסטיק מאסט Must קוביות ללא סוכר בטעם מנטה עדינה,אסקום קונפקשיין,DE,צנצנת קוביות מנטה עד,גרמים,58.00,100 גרם,false,,9.90,0.1707,true,1,140506
7290107937634,false,צנצנית מסטיק מאסט קוביות פפירמינט 58 ג' עלית,אסקום קונפקשיין,DE,צנצנת קוביות מנטה 58,גרמים,58.00,100 גרם,false,,9.90,0.1707,true,1,140507
7290107937641,false,צנצנת מסטיק בזוקה קוביות ללא סוכר,אסקום קונפקשיין,DE,צנצנת קוביות בזוקה 5,גרמים,58.00,100 גרם,false,,9.90,0.1707,true,1,140508
7290107938396,false,שמיניית אקטימל תות דיסני בנים 108 גרם,מיוצר עי קונדיטוריית,IL,אקטימל תות דיסני 8*1,מיליליטרים,800.00,"100 מ""ל",false,,20.90,0.0261,true,1,146660
7290107940467,false,אקטיביה יוגורט 1.5% שומן 200 ג' דנונה,מיוצר עי קונדיטוריית,IL,יוגורט 1.5% דנונה אק,גרמים,200.00,100 גרם,false,,4.00,0.0200,true,1,146664
7290107943369,false,קוואקר שיבולת שועל ללא גלוטן 511 גרם,היידי שוקולד בירונטי,US,קוואקר שיבולת שועל ל,גרמים,511.00,100 גרם,false,,19.90,0.0389,true,1,145155
7290107944243,false,אפיפיות בטעם שוקולד 200 גרם כשר לפסח,"שטראוס גרופ בע""\מ",IL,אפיפיות בטעם שוקולד,גרמים,200.00,100 גרם,false,,6.90,0.0345,true,1,140519
7290107944472,false,סימפוניה גבינה במרקם שמנת 5% שום שמיר,"שטראוס בריאות בע""\מ",IL,סימפוניה שום שמיר 5%,גרמים,200.00,100 גרם,false,,11.00,0.0550,true,1,145327
7290107950190,false,מעדן חלב דל קלוריות בטעם שוקולד מריר 0.5% שומן,מיוצר עי קונדיטוריית,IL,מעדן שטראוס דיאט מרי,גרמים,130.00,100 גרם,false,,3.20,0.0246,true,1,140525
7290107950206,false,מעדן חלב דל קלוריות בטעם שוקולד 0% שומן,מיוצר עי קונדיטוריית,IL,מעדן שטראוס דיאט שוק,גרמים,130.00,100 גרם,false,,3.20,0.0246,true,1,140526
7290107951104,false,בפלות ופלים ארוכים בטעם שוקולד,"שטראוס גרופ בע""\מ",IL,בפלות שוקולד 200 גרם,יחידה,0.00,יחידה,false,,4.90,0.0000,true,1,164901
7290107951104,false,בפלות ופלים ארוכים בטעם שוקולד,"שטראוס גרופ בע""\מ",IL,בפלות שוקולד 200 גרם,Unknown,0.00,יחידה,false,,4.90,0.0000,true,1,164901
7290107956925,false,קפסולות 13 אוגנדה למכונת נספרסו עלית 10יח',שטראוס קפה בי.וי.,IL,קפסולות 13 אוגנדה למ,יחידה,10.00,יחידה,false,,17.90,1.7900,true,1,147786
7290107956925,false,קפסולות 13 אוגנדה למכונת נספרסו עלית 10יח',שטראוס קפה בי.וי.,IL,קפסולות 13 אוגנדה למ,Unknown,10.00,יחידה,false,,17.90,1.7900,true,1,147786
7290107956932,false,קפסולות אספרסו אידונזיה למכונות 50 גר,שטראוס קפה בי.וי.,IL,קפסולות 12 אינדונזיה,יחידה,10.00,יחידה,false,,17.90,1.7900,true,1,146490
7290107956932,false,קפסולות אספרסו אידונזיה למכונות 50 גר,שטראוס קפה בי.וי.,IL,קפסולות 12 אינדונזיה,Unknown,10.00,יחידה,false,,17.90,1.7900,true,1,146490
7290107957069,false,"מסטיק ע""למה ""בטעם אוכניות 66 גרם צנצנת ""עלית""","שטראוס גרופ בע""\מ",IL,צנצנת עלמה בטעם אוכמ,גרמים,66.00,100 גרם,false,,9.90,0.1500,true,1,152862
7290107957076,false,"מסטיק ""עלמה"" בטעם ספירמנט 66 גרם צנצנת ""עלית""","שטראוס גרופ בע""\מ",IL,צנצנת עלמה בטעם ספיר,גרמים,66.00,100 גרם,false,,9.90,0.1500,true,1,152863
7290107958035,false,יוגורט במתיקות מעודנת 2% ללא תוספת סוכר- מארז 8 יח,"שטראוס בריאות בע""\מ",IL,מארז דנונה מתיקות מע,גרמים,1200.00,100 גרם,false,,17.90,0.0149,true,1,146701
7290107958639,false,"מטבוחה מרוקאית חריפה 400 גרם ""אחלה""",מיוצר עי קונדיטוריית,IL,מטבוחה חריפה אש 400,גרמים,400.00,100 גרם,false,,15.90,0.0398,true,1,146706
7290107973038,false,"סבון ידיים משאבה פלמוליב אקווריום 300 מ""ל",הנסיך- מפעל לייצור ט,IT,סבון ידיים אקווריום,מיליליטרים,300.00,"100 מ""ל",false,,10.90,0.0363,true,1,146128
7290107974066,false,"עלי טורטיה קמח מלא 20ס""מ 8יח' מאסטר שף 320ג'",אלקאטי קורביישיסי גי,ES,עלי טורטייה 5 דגנים,גרמים,320.00,100 גרם,false,,9.90,0.0309,true,1,149184
7290107974073,false,מנה עלי טורטיה קמח לבן מ.שף 20 סמ 320 גר,אלקאטי קורביישיסי גי,ES,עלי טורטיה מקמח לבן,גרמים,320.00,100 גרם,false,,9.90,0.0309,true,1,149185
7290107974806,false,"מאסטר שף - אורז בסמטי 1 ק""ג",דווה סינג שיהם סינג,IN,מאסטר שף אורז בסמטי,גרמים,1000.00,100 גרם,false,,11.90,0.0119,true,1,154459
7290107974820,false,ממרח בטעם ספייסי מיונז מאסטר שף 250 גרם,רמיה סי.וי.הולנד,NL,מנה ממרח ספייסי מתוב,גרמים,252.00,100 גרם,false,,7.90,0.0313,true,1,154484
7290107978637,false,"מרידול משחת שיניים 75 מ""ל כשל""פ-מרכז",קולגייט פלמוליב,PL,מרידול משחת שיניים 7,מיליליטרים,75.00,"100 מ""ל",false,,19.90,0.2653,true,1,146421
7290108271164,false,מגשית אלומיניום קטנה עם מכסה R29 (5 יח'),ב.ה. דבליו,,מגשית אלומיניום עם מ,יחידה,5.00,יחידה,false,,7.90,1.5800,true,1,146941
7290108271164,false,מגשית אלומיניום קטנה עם מכסה R29 (5 יח'),ב.ה. דבליו,,מגשית אלומיניום עם מ,Unknown,5.00,יחידה,false,,7.90,1.5800,true,1,146941
7290108271416,false,שקיות אשפה 52/65 עם שרוך רמי לוי,רמי לוי,,שקיות אשפה 52/65 עם,יחידה,1.00,יחידה,false,,18.90,18.9000,true,1,144274
7290108271416,false,שקיות אשפה 52/65 עם שרוך רמי לוי,רמי לוי,,שקיות אשפה 52/65 עם,Unknown,1.00,יחידה,false,,18.90,18.9000,true,1,144274
7290108271454,false,שקיות מזון בקופסא רמי לוי 300 יח,רמי לוי,,שקיות מזון בקופסא רמ,יחידה,300.00,יחידה,false,,9.90,0.0330,true,1,144275
7290108271454,false,שקיות מזון בקופסא רמי לוי 300 יח,רמי לוי,,שקיות מזון בקופסא רמ,Unknown,300.00,יחידה,false,,9.90,0.0330,true,1,144275
7290108271461,false,שקיות רב שימושיות (הקפאה) 200 יחידות,רמי לוי,,שקיות הקפאה-זוגות גל,יחידה,2.00,יחידה,false,,8.30,4.1500,true,1,149899
7290108271461,false,שקיות רב שימושיות (הקפאה) 200 יחידות,רמי לוי,,שקיות הקפאה-זוגות גל,Unknown,2.00,יחידה,false,,8.30,4.1500,true,1,149899
7290108271485,false,שקיות גופייה 75/90 רמי לוי 25 יח,איכותית,IL,שקיות גופייה אפור HD,יחידה,25.00,יחידה,false,,14.60,0.5840,true,1,149910
7290108271485,false,שקיות גופייה 75/90 רמי לוי 25 יח,איכותית,IL,שקיות גופייה אפור HD,Unknown,25.00,יחידה,false,,14.60,0.5840,true,1,149910
7290108271492,false,נייר אפייה רמי לוי 37*42,רמי לוי,,נייר אפייה רמי לוי 3,יחידה,50.00,יחידה,false,,8.90,0.1780,true,1,144276
7290108271492,false,נייר אפייה רמי לוי 37*42,רמי לוי,,נייר אפייה רמי לוי 3,Unknown,50.00,יחידה,false,,8.90,0.1780,true,1,144276
7290108271577,false,כוסות עם מכסה רמי לוי 30 יח,רמי לוי,,כוסות עם מכסה 300 יח,יחידה,300.00,יחידה,false,,16.90,0.0563,true,1,144277
7290108271577,false,כוסות עם מכסה רמי לוי 30 יח,רמי לוי,,כוסות עם מכסה 300 יח,Unknown,300.00,יחידה,false,,16.90,0.0563,true,1,144277
7290108271607,false,"רדיד אלומיניום זוגות רמי לוי 30 ס""מ",רמי לוי,,רדיד אלומיניום זוגות,יחידה,2.00,יחידה,false,,11.90,5.9500,true,1,144278
7290108271607,false,"רדיד אלומיניום זוגות רמי לוי 30 ס""מ",רמי לוי,,רדיד אלומיניום זוגות,Unknown,2.00,יחידה,false,,11.90,5.9500,true,1,144278
7290108271652,false,צמרוני עץ רמי לוי 100 יח,רמי לוי,,צמרוני עץ רמי לוי 10,יחידה,100.00,יחידה,false,,1.90,0.0190,true,1,144280
7290108271652,false,צמרוני עץ רמי לוי 100 יח,רמי לוי,,צמרוני עץ רמי לוי 10,Unknown,100.00,יחידה,false,,1.90,0.0190,true,1,144280
7290108271683,false,צמרוני פלסטיק מרובע רמי לוי 200 יח,רמי לוי,,צמרוני פלסטיק מרובע,יחידה,200.00,יחידה,false,,4.90,0.0245,true,1,144282
7290108271683,false,צמרוני פלסטיק מרובע רמי לוי 200 יח,רמי לוי,,צמרוני פלסטיק מרובע,Unknown,200.00,יחידה,false,,4.90,0.0245,true,1,144282
7290108272000,false,כוסות שתיה קרה 100 יחידות,חגיגית,,כוסות שתיה קרה 100 י,יחידה,100.00,יחידה,false,,7.90,0.0790,true,1,144285
7290108272000,false,כוסות שתיה קרה 100 יחידות,חגיגית,,כוסות שתיה קרה 100 י,Unknown,100.00,יחידה,false,,7.90,0.0790,true,1,144285
7290108272079,false,מגבונים לניקוי כללי 400 יח דלי,רמי לוי,,מגבונים לניקוי כללי,יחידה,400.00,יחידה,false,,20.90,0.0522,true,1,146948
7290108272079,false,מגבונים לניקוי כללי 400 יח דלי,רמי לוי,,מגבונים לניקוי כללי,Unknown,400.00,יחידה,false,,20.90,0.0522,true,1,146948
7290108272161,false,קערית אובלית קטן רמי לוי 25 יח,רמי לוי,,קערית אובלית קטן רמי,יחידה,25.00,יחידה,false,,5.50,0.2200,true,1,144289
7290108272161,false,קערית אובלית קטן רמי לוי 25 יח,רמי לוי,,קערית אובלית קטן רמי,Unknown,25.00,יחידה,false,,5.50,0.2200,true,1,144289
7290108272185,false,צלחת בינוני רמי לוי 50 יח,רמי לוי,,צלחת בינוני רמי לוי,יחידה,50.00,יחידה,false,,13.90,0.2780,true,1,144291
7290108272185,false,צלחת בינוני רמי לוי 50 יח,רמי לוי,,צלחת בינוני רמי לוי,Unknown,50.00,יחידה,false,,13.90,0.2780,true,1,144291
7290108272192,false,חגיגית - זוג מפות אלבד לבן,רמי לוי,,זוג מפות לבן חלק רמי,יחידה,2.00,יחידה,false,,9.90,4.9500,true,1,144292
7290108272192,false,חגיגית - זוג מפות אלבד לבן,רמי לוי,,זוג מפות לבן חלק רמי,Unknown,2.00,יחידה,false,,9.90,4.9500,true,1,144292
7290108272376,false,צלחות אובליות קרם רמי לוי 25 יח,חגיגית,,אובלי קרם 25 יח' רמי,יחידה,25.00,יחידה,false,,5.90,0.2360,true,1,144294
7290108272376,false,צלחות אובליות קרם רמי לוי 25 יח,חגיגית,,אובלי קרם 25 יח' רמי,Unknown,25.00,יחידה,false,,5.90,0.2360,true,1,144294
7290108272451,false,מרקיה קרם רמי לוי 25 יח,,,מרקיה קרם רמי לוי 25,יחידה,25.00,יחידה,false,,7.90,0.3160,true,1,144295
7290108272451,false,מרקיה קרם רמי לוי 25 יח,,,מרקיה קרם רמי לוי 25,Unknown,25.00,יחידה,false,,7.90,0.3160,true,1,144295
7290108272550,false,שקיות אוכל מנייר 50 יחידות,,,שקיות אוכל מנייר (50,יחידה,50.00,יחידה,false,,7.90,0.1580,true,1,152363
7290108272550,false,שקיות אוכל מנייר 50 יחידות,,,שקיות אוכל מנייר (50,Unknown,50.00,יחידה,false,,7.90,0.1580,true,1,152363
7290108273427,false,ניילון נצמד 150 מטר + סכין עליון רמי לוי,רמי לוי,,ניילון נצמד 150 מ' ס,יחידה,1.00,יחידה,false,,17.00,17.0000,true,1,146949
7290108273427,false,ניילון נצמד 150 מטר + סכין עליון רמי לוי,רמי לוי,,ניילון נצמד 150 מ' ס,Unknown,1.00,יחידה,false,,17.00,17.0000,true,1,146949
7290108273434,false,שקיות צלייה 28/35 רמי לוי 10 יח,רמי לוי,,שקיות צלייה 28/35 רמ,יחידה,10.00,יחידה,false,,3.30,0.3300,true,1,144301
7290108273434,false,שקיות צלייה 28/35 רמי לוי 10 יח,רמי לוי,,שקיות צלייה 28/35 רמ,Unknown,10.00,יחידה,false,,3.30,0.3300,true,1,144301
7290108273601,false,קשים צבעוניים רמי לוי 225 יח,רמי לוי,,קשים צבעוניים רמי לו,יחידה,225.00,יחידה,false,,10.90,0.0484,true,1,144302
7290108273601,false,קשים צבעוניים רמי לוי 225 יח,רמי לוי,,קשים צבעוניים רמי לו,Unknown,225.00,יחידה,false,,10.90,0.0484,true,1,144302
7290108273632,false,שיפודי עץ רמי לוי 100 יח,רמי לוי,,שיפודי עץ רמי לוי 10,יחידה,100.00,יחידה,false,,3.90,0.0390,true,1,144304
7290108273632,false,שיפודי עץ רמי לוי 100 יח,רמי לוי,,שיפודי עץ רמי לוי 10,Unknown,100.00,יחידה,false,,3.90,0.0390,true,1,144304
7290108273663,false,מגשיות אלומיניום גדולות (5 יח') R33 רמי,רמי לוי,,מגשיות אלומיניום גדו,יחידה,5.00,יחידה,false,,6.90,1.3800,true,1,144305
7290108273663,false,מגשיות אלומיניום גדולות (5 יח') R33 רמי,רמי לוי,,מגשיות אלומיניום גדו,Unknown,5.00,יחידה,false,,6.90,1.3800,true,1,144305
7290108273694,false,מגשיות אלומיניום אינגליש (10 יח') R88 רמ,רמי לוי,,תבנית אינגליש קייק ר,יחידה,10.00,יחידה,false,,7.90,0.7900,true,1,144307
7290108273694,false,מגשיות אלומיניום אינגליש (10 יח') R88 רמ,רמי לוי,,תבנית אינגליש קייק ר,Unknown,10.00,יחידה,false,,7.90,0.7900,true,1,144307
7290108273816,false,כפפות ניטריל כחולות L רמי לוי,רמי לוי,,כפפות ניטריל ללא אבק,יחידה,1.00,יחידה,false,,23.90,23.9000,true,1,146951
7290108273816,false,כפפות ניטריל כחולות L רמי לוי,רמי לוי,,כפפות ניטריל ללא אבק,Unknown,1.00,יחידה,false,,23.90,23.9000,true,1,146951
7290108274059,false,מגשיות אלומיניום קטנות (8 יח') R29 רמי ל,,,מגשיות אלומיניום קטנ,יחידה,8.00,יחידה,false,,7.90,0.9875,true,1,144314
7290108274059,false,מגשיות אלומיניום קטנות (8 יח') R29 רמי ל,,,מגשיות אלומיניום קטנ,Unknown,8.00,יחידה,false,,7.90,0.9875,true,1,144314
7290108274127,false,שקיות גדולות 100 יח רמי לוי,,,שקיות אשפה 52/65 (10,יחידה,100.00,יחידה,false,,19.90,0.1990,true,1,151651
7290108274127,false,שקיות גדולות 100 יח רמי לוי,,,שקיות אשפה 52/65 (10,Unknown,100.00,יחידה,false,,19.90,0.1990,true,1,151651
7290108274332,false,שקיות צליה 28/35 (10 יח') בסט וליו,,,שקיות צלייה 28/35 רמ,יחידה,10.00,יחידה,false,,3.30,0.3300,true,1,149550
7290108274332,false,שקיות צליה 28/35 (10 יח') בסט וליו,,,שקיות צלייה 28/35 רמ,Unknown,10.00,יחידה,false,,3.30,0.3300,true,1,149550
7290108274592,false,נייר אפייה רמי לוי 3,נייר אפיה 3 ב 21,,נייר אפייה רמי לוי 3,יחידה,50.00,יחידה,false,,8.90,0.1780,true,1,154288
7290108274592,false,נייר אפייה רמי לוי 3,נייר אפיה 3 ב 21,,נייר אפייה רמי לוי 3,Unknown,50.00,יחידה,false,,8.90,0.1780,true,1,154288
7290108274615,false,קעריות אובליות לבן 25 יחידות,,,קערית אובלית קטן רמי,יחידה,25.00,יחידה,false,,5.50,0.2200,true,1,154784
7290108274615,false,קעריות אובליות לבן 25 יחידות,,,קערית אובלית קטן רמי,Unknown,25.00,יחידה,false,,5.50,0.2200,true,1,154784
7290108274639,false,צלחות קטנות לבן 50 יחידות-רמי,,,צלחת בינוני רמי לוי,יחידה,50.00,יחידה,false,,13.90,0.2780,true,1,151716
7290108274639,false,צלחות קטנות לבן 50 יחידות-רמי,,,צלחת בינוני רמי לוי,Unknown,50.00,יחידה,false,,13.90,0.2780,true,1,151716
7290108274677,false,קרם קסרול (25 יח') בסט וליו,,,אובלי קרם 25 יח' רמי,יחידה,25.00,יחידה,false,,5.90,0.2360,true,1,151717
7290108274677,false,קרם קסרול (25 יח') בסט וליו,,,אובלי קרם 25 יח' רמי,Unknown,25.00,יחידה,false,,5.90,0.2360,true,1,151717
7290108275407,false,כוס שתייה קרה 100 יח-חגיגית,כוסות שתיה קרה 4 ב 1,,כוסות שתיה קרה 100 י,יחידה,100.00,יחידה,false,,7.90,0.0790,true,1,145634
7290108275407,false,כוס שתייה קרה 100 יח-חגיגית,כוסות שתיה קרה 4 ב 1,,כוסות שתיה קרה 100 י,Unknown,100.00,יחידה,false,,7.90,0.0790,true,1,145634
7290108275544,false,מזלג לבן (100 יח') ב,,,מזלג לבן (100 יח') ב,יחידה,100.00,יחידה,false,,9.90,0.0990,true,1,144317
7290108275544,false,מזלג לבן (100 יח') ב,,,מזלג לבן (100 יח') ב,Unknown,100.00,יחידה,false,,9.90,0.0990,true,1,144317
7290108275551,false,כף לבנה 100 יחידות,,,כף לבן (100 יח') בסט,יחידה,100.00,יחידה,false,,9.90,0.0990,true,1,144318
7290108275551,false,כף לבנה 100 יחידות,,,כף לבן (100 יח') בסט,Unknown,100.00,יחידה,false,,9.90,0.0990,true,1,144318
7290108275568,false,כפית לבן 100 יחידות,,,כפית לבן (100 יח') ב,יחידה,100.00,יחידה,false,,7.90,0.0790,true,1,144319
7290108275568,false,כפית לבן 100 יחידות,,,כפית לבן (100 יח') ב,Unknown,100.00,יחידה,false,,7.90,0.0790,true,1,144319
7290108276343,false,מטליות רצפה זיגזג רמי לוי,,,מטליות רצפה זיגזג 3,יחידה,3.00,יחידה,false,,7.90,2.6333,true,1,146959
7290108276343,false,מטליות רצפה זיגזג רמי לוי,,,מטליות רצפה זיגזג 3,Unknown,3.00,יחידה,false,,7.90,2.6333,true,1,146959
7290108277241,false,קשיות עבות 100 יחידו,,,קשיות עבות 100 יחידו,יחידה,100.00,יחידה,false,,5.90,0.0590,true,1,153083
7290108277241,false,קשיות עבות 100 יחידו,,,קשיות עבות 100 יחידו,Unknown,100.00,יחידה,false,,5.90,0.0590,true,1,153083
7290108279481,false,תות שדה 500 גרם,,,תות שדה 500 גרם,גרמים,500.00,100 גרם,false,,24.90,0.0498,true,1,151000
7290108351156,false,ג'ל ניקוי כללי בתוספת חומץ בריח לבנדר סנו ג'ט 1.5 ליטר,"סנו מפעלי ברונוס בע""\מ",IL,גיט ניקוי כללי 1.5 ל,מיליליטרים,1500.00,"100 מ""ל",false,,14.90,0.0099,true,1,148018
7290108356120,false,"תחליב רחצה כיף קוקוס וניל 700 מ""ל",קוסמופארם,IL,כיף תחליב רחצה קוקוס,מיליליטרים,700.00,"100 מ""ל",false,,12.90,0.0184,true,1,146755
7290108357714,false,"כיף שמפו לשיער יבש -רימונים ושמן ארגן 700 מ""ל",גוד פוד פרודקטס S.p,IL,כיף שמפו לשיער יבש ו,מיליליטרים,700.00,"100 מ""ל",false,,12.90,0.0184,true,1,147356
7290108357745,false,שמפו ומרכך 2 ב-1 תאנה ומנטה לכל סוגי השיער,גוד פוד פרודקטס S.p,IL,כיף שמפו ומרכך 2ב1 7,מיליליטרים,700.00,"100 מ""ל",false,,12.90,0.0184,true,1,147358
7290108503043,false,תפוחונים חטיף פלחים מיובשים מארז 22X4ג',הביי דונגפנג פוד קו. בעמ,CN,תפוחי עץ מיובשים תפו,גרמים,88.00,100 גרם,false,,14.90,0.1693,true,1,149306
7290108507492,false,קרקרים עם שומשום 105ג רמילוי,,,קרקרים עם שומשום רמי,גרמים,105.00,100 גרם,false,,5.50,0.0524,true,1,156270
7290108508147,false,מחית עגבניות איטלקיות ויליפוד 500 גרם,וילי פוד,IT,עגבניות איטלקיות בקר,גרמים,500.00,100 גרם,false,,9.90,0.0198,true,1,158631
7290108508765,false,קונכיות פתיתים ויליפוד 400גרם,וילי פוד,TR,קונכיות פתיתים ויליפ,גרמים,400.00,100 גרם,false,,6.90,0.0173,true,1,157005
7290108509267,false,ארוחת פסטה עם רוטב גבינה ויליפוד 206 גרם,הנסיך- מפעל לייצור ט,UA,ארוחת פסטה עם רוטב ג,גרמים,250.00,100 גרם,false,,7.90,0.0316,true,1,157774
7290108509359,false,פופקורן בציפוי בטעם קרמל ויליפוד 90 גרם,סנרו ס.א,UA,פופקורן בציפוי בטעם,גרמים,90.00,100 גרם,false,,6.90,0.0767,true,1,159590
7290108509700,false,"אורז פרסי DAAWAT מהדרין 1 ק""ג",אל.טי.פודס לימיטד,IN,אורז פרסי DAAWAT 1 ק,גרמים,1000.00,100 גרם,false,,9.90,0.0099,true,1,158636
7290108530131,true,"מים מינרליים 500 מ""ל",,,"מים מינרליים 500 מ""ל",,0.00,,false,,5.00,0.0000,true,1,141394
7290108530506,true,בלונים 10 יחידות,,,בלונים 10 יחידות,,0.00,,false,,5.00,0.0000,true,1,142043
7290108531619,true,טבליות למדיח כלים 7,,,טבליות למדיח כלים 7,,0.00,,false,,5.00,0.0000,true,1,141976
7290108534078,false,קופיקס-עוגיות ממולאו,,,קופיקס-עוגיות ממולאו,יחידה,1.00,יחידה,false,,7.00,7.0000,true,1,141130
7290108534078,false,קופיקס-עוגיות ממולאו,,,קופיקס-עוגיות ממולאו,Unknown,1.00,יחידה,false,,7.00,7.0000,true,1,141130
7290108538045,false,לחמניית טונה CFF,,,לחמניית טונה CFF,יחידה,1.00,יחידה,false,,12.00,12.0000,true,1,144542
7290108538045,false,לחמניית טונה CFF,,,לחמניית טונה CFF,Unknown,1.00,יחידה,false,,12.00,12.0000,true,1,144542
7290109351971,false,פריכיות דגנים פיטנס מצופות שוקולד חלב,פרח תעשיות,IL,פיטנס בר פריכיות שוק,גרמים,84.00,100 גרם,false,,12.90,0.1536,true,1,140942
7290109352916,false,פריכיות דגנים פיטנס מצופות שוקולד לבן,פרח תעשיות,IL,פריכיות שוקולד לבן 1,גרמים,84.00,100 גרם,false,,12.90,0.1536,true,1,148814
7290109354101,false,"לחמית ללא גלוטן 200 גר' ""אסם""","אסם תעשיות בע""מ",IL,לחמית ללא גלוטן 200,גרמים,200.00,100 גרם,false,,9.90,0.0495,true,1,148815
7290109358482,false,עוגיות קרמוגית במילוי קרם בטעם חלבה,"הגביע מוצרי וופלים בע""\מ",IL,קרמוגית במילוי חלבה,גרמים,200.00,100 גרם,false,,9.90,0.0495,true,1,148818
7290109580098,false,קבנוס בטעם סרירצ'ה זוגלובק 135 גרם,זוגלובק,IL,קבנוס בטעם סרירצ'ה ז,גרמים,135.00,100 גרם,false,,10.90,0.0807,true,1,159950
7290109580135,false,קורנדביף פרימיום 180 גרם זוגלובק,זוגלובק,IL,קורנדביף פרימיום זוג,גרמים,180.00,100 גרם,false,,24.90,0.1383,true,1,156312
7290109580159,false,פסטרמה בנוסח טוסקנה פרימיום זוגלובק 180 גרם,זוגלובק,IL,פסטרמה בנוסח טוסקנה,גרמים,180.00,100 גרם,false,,24.90,0.1383,true,1,156313
7290109580166,false,סרוולד קלאסי פרימיום זוגלובק 150 גרם,זוגלובק,IL,סרוולד פרימיום זוגלו,גרמים,150.00,100 גרם,false,,24.90,0.1660,true,1,156314
7290109580210,false,נקנקיות ריינהולד'ס הצרפתיה זוגלובק 300 ג',זוגלובק,IL,נקניקיות ריינהולד'ס,גרמים,300.00,100 גרם,false,,21.90,0.0730,true,1,158370
7290109580241,false,נאגטס מן הצומח זוגלובק 500 גרם,זוגלובק טבע,IL,נאגטס מן הצומח זוגלו,גרמים,500.00,100 גרם,false,,25.90,0.0518,true,1,164216
7290109580432,false,פסטרמה חזה הודו מעושן דק דק זוגלובק 120 גרם,זוגלובק,IL,פסטרמה אקסטרה מעושנת,גרמים,120.00,100 גרם,false,,14.90,0.1242,true,1,164515
7290109580449,false,סלמי בטעם כמהין פרימיום זוגלובק 180 גרם,זוגלובק,IL,סלמי בטעם כמהין פרמי,גרמים,180.00,100 גרם,false,,24.90,0.1383,true,1,165360
7290110110277,false,"סומרסבי סיידר תפוחים אלכוהולי 4*300 מ""ל","קרלסברג קרואטיה , יב",HR,רבעיית סומרסבי סיידר,מיליליטרים,1320.00,"100 מ""ל",false,,34.90,0.0264,true,1,148413
7290110110611,false,ספרייט מופחת 1.5 ליט,החברה המרכזית לייצור משק,IL,ספרייט ליים 1.5 ליטר,מיליליטרים,1500.00,"100 מ""ל",false,,8.70,0.0058,true,1,157813
7290110110635,false,ספרייט 0.5 ליים חייב פקדון,החברה המרכזית לייצור,IL,"ספרייט 500 מ""ל LIME",מיליליטרים,500.00,"100 מ""ל",false,,6.50,0.0130,true,1,143626
7290110110659,false,"ספרייט לימון ליים פחית 330מ""ל",החברה המרכזית לייצור משק,IL,סליק ספרייט LIME 330,מיליליטרים,330.00,"100 מ""ל",false,,6.20,0.0188,true,1,143627
7290110110703,false,מארז ספרייט שישייה פחיות FRIDGE PACK,החברה המרכזית לייצור משק,IL,מארז ספרייט חדש 6 פח,מיליליטרים,1980.00,"100 מ""ל",false,,24.10,0.0122,true,1,149793
7290110114794,false,נביעות+ מים מינרליים בטעם אפרסק 1.5 ליטר,"נביעות טבע הגליל בע""\מ ,",IL,מים בטעם אפרסק נביעו,מיליליטרים,1500.00,"100 מ""ל",false,,9.20,0.0061,true,1,158893
7290110114855,false,"נביעות מים מינרליים, שישיה 6 * 1.5 ליטר פקדון",נביעות טבע הגליל בעמ,IL,מים מינרילים נביעות,מיליליטרים,9000.00,"100 מ""ל",false,,13.70,0.0015,true,1,158897
7290110114954,false,מיץ תפוזים מתקתקים פריגת 2 ליטר,פריגת מצוננים,IL,פריגת 2 ליטר 100% מי,מיליליטרים,2000.00,"100 מ""ל",false,,24.90,0.0124,true,1,158943
7290110114961,false,משקה קל תפוזים פריגת 1.5 ליטר,מבשלות בירה בינלאומיות ב,IL,פריגת תפוזים 1.5 ליט,מיליליטרים,1500.00,"100 מ""ל",false,,9.10,0.0061,true,1,158898
7290110114985,false,משקה קל אשכוליות פריגת 1.5 ליטר,מבשלות בירה בינלאומיות ב,IL,פריגת אשכוליות 1.5 ל,מיליליטרים,1500.00,"100 מ""ל",false,,9.10,0.0061,true,1,158900
7290110115029,false,"פריגת משק""ל תפוח 1.5 ליטר פיקדון",מבשלות בירה בינלאומיות ב,IL,פריגת תפוחים 1.5 ליט,מיליליטרים,1500.00,"100 מ""ל",false,,9.10,0.0061,true,1,158903
7290110115036,false,משקה קל מנגו פריגת 1.5 ליטר,מבשלות בירה בינלאומיות ב,IL,פריגת מנגו 1.5 ליטר,מיליליטרים,1500.00,"100 מ""ל",false,,9.10,0.0061,true,1,158904
7290110115043,false,משקה קל לימונענע פריגת 1.5 ליטר,מבשלות בירה בינלאומיות ב,IL,פריגת לימונענע 1.5 ל,מיליליטרים,1500.00,"100 מ""ל",false,,9.10,0.0061,true,1,158905
7290110115050,false,פריגת מיקס תות בננה 1.5 ליטר פיקדון,מבשלות בירה בינלאומיות ב,IL,פריגת מיקס תות-בננה,מיליליטרים,1500.00,"100 מ""ל",false,,9.10,0.0061,true,1,158906
7290110115203,false,קוקה קולה 1.5 ליטר פיקדון,החברה המרכזית לייצור משק,IL,קוקה קולה 1.5 ליטר,מיליליטרים,1500.00,"100 מ""ל",false,,8.90,0.0059,true,1,158918
7290110115227,false,קוקה-קולה זירו בקבוק 1.5 ליטר,החברה המרכזית לייצור משק,IL,קוקה קולה זירו בקבוק,מיליליטרים,1500.00,"100 מ""ל",false,,8.80,0.0059,true,1,158920
7290110115265,false,ספרייט לימון ליים 1.5 ליטר-,החברה המרכזית לייצור משק,IL,ספרייט ליים 1.5 ליטר,מיליליטרים,1500.00,"100 מ""ל",false,,8.90,0.0059,true,1,158922
7290110115272,false,ZERO ספרייט זירו 1.5 ליטר פיקדון,החברה המרכזית לייצור משק,IL,ספרייט זירו בקבוק 1.,מיליליטרים,1500.00,"100 מ""ל",false,,8.60,0.0057,true,1,158923
7290110115319,false,פאנטה אקזוטיק 1.5 ליטר פיקדון,החברה המרכזית לייצור משק,IL,פאנטה אקזוטיק 1.5 לי,מיליליטרים,1500.00,"100 מ""ל",false,,9.10,0.0061,true,1,158925
7290110115326,false,פאנטה אורנג' מנגו 1.5 ליטר פיקדון,החברה המרכזית לייצור משק,IL,פאנטה אורנג' מנגו 1.,מיליליטרים,1500.00,"100 מ""ל",false,,9.10,0.0061,true,1,158926
7290110115357,false,קינלי סודה 1.5 ליטר פיקדון,החברה המרכזית לייצור משק,IL,קינלי סודה 1.5 ליטר,מיליליטרים,1500.00,"100 מ""ל",false,,4.30,0.0029,true,1,158929
7290110115623,false,משקה פיוז טי זירו ZERO בטעם אפרסק,מבשלות בירה בינלאומיות ב,IL,פיוז תה אפרסק זירו 1,מיליליטרים,1500.00,"100 מ""ל",false,,8.90,0.0059,true,1,164368
7290110115821,false,"ספרייט לימון, 1.5 ליטר פקדון",כלורוקס אוקלנד,IL,ספרייט ליים 1.5 ליטר,מיליליטרים,1500.00,"100 מ""ל",false,,8.70,0.0058,true,1,159810
7290110115838,false,ספרייט לימון- ליים 1.5 ליטר,"אינסטנטה בע""מ",IL,ספרייט זירו 1.5 ליט,מיליליטרים,1500.00,"100 מ""ל",false,,8.90,0.0059,true,1,166236
7290110115876,false,קינלי סודה 1.5ליטר-,"אינסטנטה בע""מ",IL,קינלי סודה 1.5 ליטר,מיליליטרים,1500.00,"100 מ""ל",false,,4.30,0.0029,true,1,166231
7290110116064,false,פאנטה ZERO פירות ירוק 1.5 ליטר פיקדון,החברה המרכזית לייצור משק,IL,פאנטה ZERO פירות ירו,מיליליטרים,1500.00,"100 מ""ל",false,,9.10,0.0061,true,1,164669
7290110116156,false,נביעות+רכיבי פרי מנגו-פסיפלורה 1.5 ליטר-,"נביעות טבע הגליל בע""\מ",IL,נביעות+ רכיבי פרי מנ,מיליליטרים,1500.00,"100 מ""ל",false,,9.90,0.0066,true,1,165447
7290110116170,false,נביעות+רכיבי פרי אננס-קוקוס 1.5 ליטר-,"נביעות טבע הגליל בע""\מ",IL,נביעות+ רכיבי פרי קו,מיליליטרים,1500.00,"100 מ""ל",false,,9.90,0.0066,true,1,165448
7290110116217,false,נביעות+ סדרת 0 קלוריות אשכוליות 1.5 ליטר,"נביעות טבע הגליל בע""\מ",IL,נביעות+ אשכולית 0 קל,מיליליטרים,1500.00,"100 מ""ל",false,,9.90,0.0066,true,1,165450
7290110320850,false,פתיתים גבינה חצי קשה מגורדת 28% שומן,תנובה מרכז שיתופי לש,IL,גבינת עמק 28% שומן פ,גרמים,200.00,100 גרם,false,,15.90,0.0795,true,1,142606
7290110320867,false,פתיתים גבינה חצי קשה מגורדת 28% שומן,תנובה מרכז שיתופי לש,IL,פתיתי עמק 28% שומן,גרמים,500.00,100 גרם,false,,29.90,0.0598,true,1,152469
7290110320935,false,גבינת מוצרלה תנובה 150ג' פרוסות,תנובה מרכז שיתופי לש,IL,פרוסות מוצרלה מחלב ב,גרמים,150.00,100 גרם,false,,16.90,0.1127,true,1,150110
7290110321031,false,מעדן חלב GO יוגורט מועשר בחלבון טבעי 200 ג' יופלה,"תנובה, מחלבת אלון תב",IL,יופלה GO יוגורט מועש,גרמים,200.00,100 גרם,false,,5.50,0.0275,true,1,145450
7290110321277,false,קוטג' בקטנה 5% תנובה 100 גרם מהדרין,פארייפאבה אגרואינדוס,IL,קוטג' בקטנה 5%,גרמים,100.00,100 גרם,false,,2.70,0.0270,true,1,150306
7290110321789,false,גבינת מסקרפונה 38% השף הלבן 250 גרם,תנובה חלב,IL,גבינת מסקרפונה השף ה,גרמים,250.00,100 גרם,false,,19.90,0.0796,true,1,149755
7290110322014,false,טופו בטעם טבעי תנובה ALTERNATIVE,שוורצקוף& הנקל דיסלד,IL,טופו טבעי 300 גרם,גרמים,300.00,100 גרם,false,,12.50,0.0417,true,1,145457
7290110323592,false,יופלה יוגורט עם אפרסק מופחת קלוריות 200 ג' GO,יופלה Yoplait,IL,יוגורט לייט 0.5% מוע,גרמים,200.00,100 גרם,false,,5.70,0.0285,true,1,149764
7290110323714,false,משקה קוקוס שקדים תנובה E אלטרנטיב,מיוצר עי קונדיטוריית,IL,משקה קוקוס שקדים תנו,מיליליטרים,1000.00,"100 מ""ל",false,,12.90,0.0129,true,1,149769
7290110324070,false,גבינת חלומי מחלב בקר תנובה 200 גרם,"תנובה בע""\מ",IL,גבינת חלומי מחלב בקר,גרמים,200.00,100 גרם,false,,19.90,0.0995,true,1,157795
7290110324353,false,יוגורט GO לייט בטעם אננס 20 גרם חלבון בגביע,"תנובה בע""\מ",IL,יוגורט 0.5% מועשר אנ,גרמים,200.00,100 גרם,false,,5.70,0.0285,true,1,149771
7290110324711,false,ממרח סויה 9% שומן בטעם טבעי תנובה 250 גרם,מיוצר עי קונדיטוריית,IL,ממרח סויה בטעם טבעי,גרמים,250.00,100 גרם,false,,9.90,0.0396,true,1,149777
7290110324872,false,גבינה צהובה גלבוע 5% שומן 200 גרם,גלבוע - תנובה,IL,פרוסות גבינה חצי קשה,גרמים,200.00,100 גרם,false,,17.90,0.0895,true,1,155608
7290110324926,false,משקה סויה ללא תוספת סוכר E אלטרנטיב,תנובה מרכז שיתופי לש,IL,משקה סויה ללא תוספת,מיליליטרים,1000.00,"100 מ""ל",false,,10.90,0.0109,true,1,149784
7290110325169,false,פרוסות גאודה תנובה 170 גרם,תנובה חלב,IL,פרוסות גבינת גאודה ח,גרמים,170.00,100 גרם,false,,19.90,0.1171,true,1,152221
7290110325305,false,יופלה GO סויה 20 גרם חלבון במתיקות מעודנת תנובה 200 גרם,מיוצר עי קונדיטוריית,IL,מעדן סויה גו מועשר ב,גרמים,200.00,100 גרם,false,,5.70,0.0285,true,1,156218
7290110325619,false,משקה שיבולת שועל תנובה E אלטרנטיב,מיוצר עי קונדיטוריית,IL,משקה שיבולת שועל 1 ל,מיליליטרים,1000.00,"100 מ""ל",false,,12.90,0.0129,true,1,154597
7290110325879,false,פתיתי גאודה תנובה 200 גרם,תנובה- השף הלבן,IL,פתיתי גאודה 200 גרם,גרמים,200.00,100 גרם,false,,16.90,0.0845,true,1,152222
7290110325893,false,משקה חלב GO מועשר בחלבון בטעם אייס קפה,מיוצר עי קונדיטוריית,IL,תנובה GO אייס קפה 34,מיליליטרים,340.00,"100 מ""ל",false,,7.70,0.0226,true,1,156221
7290110326173,false,יולו COOKIES שוקולדלבן בטעם קרם עוגיות+עוגיות ונטיפי שוקולד 120 ג',תנובה חלב,IL,יולו קוקיס שוקולד לב,גרמים,120.00,100 גרם,false,,4.90,0.0408,true,1,166459
7290110326180,false,יולו בטעם נוגט בתוס' עוגיות ונטיפים בטעם שוקולד 120גר',תנובה חלב,IL,יולו קוקיס שוקולד קר,גרמים,120.00,100 גרם,false,,4.90,0.0408,true,1,166460
7290110326210,false,יופלה און טופ פצפוצים תנובה 157 גרם,מיוצר עי קונדיטוריית,IL,יופלה און טופ פצפוצי,גרמים,157.00,100 גרם,false,,5.00,0.0318,true,1,152210
7290110326333,false,פרוסות גבינה סקנדינבית תנובה 170 גרם,פ.פ.ח. שאביט,IL,פרוסות גבינה סקנדינב,גרמים,170.00,100 גרם,false,,19.90,0.1171,true,1,161148
7290110326876,false,פיראוס לאבנה עיזים 5% גביע 250 גרם,תנובה חלב,IL,לאבנה עיזים 250 גרם,גרמים,250.00,100 גרם,false,,16.90,0.0676,true,1,168562
7290110327514,false,alternative משקה שיבולת שועל בטעם אגוזי לוז תנובה 1 ליטר,תנובה מרכז שיתופי לש,IL,משקה שיבולת שועל אגו,מיליליטרים,1000.00,"100 מ""ל",false,,12.90,0.0129,true,1,157973
7290110327545,false,יופלה און טופ בטעם תות בתוספת פצפוצים מצופים שוקולד 157 גרם,מיוצר עי קונדיטוריית,IL,יוגורט יופלה און טופ,גרמים,157.00,100 גרם,false,,5.00,0.0318,true,1,159680
7290110328016,false,משקה סויה מועשר בחלבון בטעם אגוזי לוז 250 גרם,תנובה מרכז שיתופי לש,IL,משקה סויה מועשר בחלב,מיליליטרים,250.00,"100 מ""ל",false,,6.90,0.0276,true,1,156206
7290110328023,false,משקה סויה מועשר בחלבון בטעם קפה 250 גרם,תנובה מרכז שיתופי לש,IL,משקה סויה מועשר בחלב,מיליליטרים,250.00,"100 מ""ל",false,,6.90,0.0276,true,1,156207
7290110328481,false,פתיתי פרמג'יאנו רג'יאנו מחלב בקר 30%,ברטינלי גיאני א.,IT,פתיתי פרמג'יאנו רג'י,גרמים,100.00,100 גרם,false,,16.90,0.1690,true,1,156966
7290110328504,false,טריו - מיקס גבינות מוצרלה סקנדינבית וגאודה 300 גרם,מיוצר עי קונדיטוריית,IL,טריו פתיתים מוצרלה ס,גרמים,300.00,100 גרם,false,,25.90,0.0863,true,1,156897
7290110328627,false,יוגורט יופלה GO במרקם סמיך בטעם בננה קרמל 0%,מיוצר עי קונדיטוריית,IL,יוגורט גו סמיך בננה,גרמים,200.00,100 גרם,false,,5.90,0.0295,true,1,158554
7290110328764,false,יוגורט יופלה GO במרקם סמיך עם תות 0%,מיוצר עי קונדיטוריית,IL,יוגורט גו סמיך תות י,גרמים,200.00,100 גרם,false,,5.90,0.0295,true,1,158555
7290110328771,false,יוגורט יופלה GO במרקם סמיך עם פירות יער 0%,מיוצר עי קונדיטוריית,IL,יוגורט גו סמיך 0% פי,גרמים,200.00,100 גרם,false,,5.90,0.0295,true,1,158556
7290110328788,false,יוגורט יופלה GO במרקם סמיך בטעם אפרסק 0%,תנובה מרכז שיתופי לש,IL,יוגורט גו סמיך אפרסק,גרמים,200.00,100 גרם,false,,5.90,0.0295,true,1,158557
7290110328887,false,"חלב תנובה בקבוק 3%, כשרות מהדרין, 1 ליטר",תנובה מרכז שיתופי לש,IL,חלב 3% מהדרין בקבוק,מיליליטרים,1000.00,"100 מ""ל",false,,6.23,0.0062,true,1,159682
7290110329136,false,מעדן חלב מעושר בחלבון בטעם שוקולד 120 ג' GO,תנובה מרכז שיתופי לש,IL,מעדן חלב גו בטעם שוק,גרמים,120.00,100 גרם,false,,4.90,0.0408,true,1,158717
7290110329143,false,מעדן חלב מעושר בחלבון בטעם וניל גביע 120 ג' GO,תנובה מרכז שיתופי לש,IL,מעדן חלב גו בטעם וני,גרמים,120.00,100 גרם,false,,4.90,0.0408,true,1,158718
7290110329426,false,טופו טבעי 250 ג'+רוטב קרם קוקוס קארי פיקנטי 60 ג' אלטרנטיב,תנובה חלב,IL,טופו טבעי 250 גרם עם,גרמים,610.00,100 גרם,false,,13.90,0.0228,true,1,164729
7290110329433,false,טופו טבעי עם רוטב סצ'ואן אלטרנטיב 250 גרם,תנובה חלב,IL,טופו טבעי 250 גרם עם,גרמים,310.00,100 גרם,false,,13.90,0.0448,true,1,164730
7290110329686,false,"משקה חלב גו בטעם עוגיות 340 מ""ל",מיוצר עי קונדיטוריית,IL,משקה חלב גו בטעם עוג,מיליליטרים,340.00,"100 מ""ל",false,,7.90,0.0232,true,1,158721
7290110329716,false,משקה חלב קר בטעם קפוצ'ינו 230 גרם תנובה,תנובה מרכז שיתופי לש,IL,משקה קפה קר בטעם קפו,גרמים,230.00,100 גרם,false,,7.90,0.0343,true,1,164229
7290110329723,false,משקה חלב קר בטעם לאטה 230 גרם תנובה,תנובה מרכז שיתופי לש,IL,משקה קפה קר בטעם לאט,גרמים,230.00,100 גרם,false,,7.90,0.0343,true,1,164230
7290110329730,false,"משקה חלב עם שוקולד וקפה בסגנון לאטה 2.7%  230 מ""ל תנובה",תנובה מרכז שיתופי לש,IL,משקה חלב עם שוקולד ו,גרמים,230.00,100 גרם,false,,7.90,0.0343,true,1,164231
7290110329822,false,יוגורט סויה BIO Alternative פירות יער 150 ג' תנובה,מיוצר עי קונדיטוריית,IL,מעדן סויה ביו פירות,גרמים,150.00,100 גרם,false,,4.80,0.0320,true,1,159302
7290110329846,false,יוגורט סויה BIO Alternative בטעם טבעי 150 ג' תנובה,תנובה Alternative,IL,מעדן סויה ביו טבעי א,גרמים,150.00,100 גרם,false,,4.80,0.0320,true,1,159308
7290110550370,false,פריכיות משולשות קינואה ופלפל שחור 65 גרם,שטראוס גרופ,IL,משולשות קינואה ופלפל,גרמים,65.00,100 גרם,false,,9.90,0.1523,true,1,166075
7290110552220,false,יוגורט PRO בטעם תות 0% סוכר לבן 20 גרם חלבון בגביע,"שטראוס בריאות בע""\מ",IL,דנונה פרו 20 גרם ללא,גרמים,200.00,100 גרם,false,,5.90,0.0295,true,1,159434
7290110552237,false,יוגורט פרו בטעם אפרסק מנגו ללא סוכר 200 ג' דנונה,"שטראוס בריאות בע""\מ",IL,דנונה פרו 20 גרם ללא,גרמים,200.00,100 גרם,false,,5.90,0.0295,true,1,159435
7290110553029,false,"אנרג'י קריספס-פריכיות חומוס, עדשים ואפונה עם קייל וסלק","פרח תעשיו מזון בע""מ",IL,פריכיות חלבון קייל ח,גרמים,60.00,100 גרם,false,,9.90,0.1650,true,1,160081
7290110553104,false,נסקפה קפוצ'ינו סטיק קלאסי 130 ג' עלית,מוקטה אס.פי.,PL,קפוצ'ינו סטיק קלאסי,גרמים,130.00,100 גרם,false,,13.90,0.1069,true,1,166426
7290110553135,false,נסקפה קפוצ'ינו סטיק וניל 130 ג' עלית,מוקטה אס.פי.,IL,קפוצ'ינו סטיק וניל ע,גרמים,130.00,100 גרם,false,,13.90,0.1069,true,1,166427
7290110554460,false,ציטוס קראנץ צ'דר חלפיניו 65 ג' עלית,עלית,,ציטוס קראנץ צ'דר חלפ,גרמים,65.00,100 גרם,false,,3.50,0.0538,true,1,164414
7290110554583,false,מארז חטיפי צ'יטוס פאפס בטעם גבינה - 10 יחידות,"שטראוס פריטו ליי בע""\מ )",IL,מארז ציטוס פאפ גבינה,גרמים,200.00,100 גרם,false,,12.90,0.0645,true,1,159168
7290110554729,false,קפסולות עלית אספרסו 04 תואמות למכונות NESPRESSO,שטראוס קפה בי.וי.,IL,קפסולות אספרסו 04 תו,גרמים,50.00,100 גרם,false,,17.90,0.3580,true,1,163806
7290110555092,false,לאבנה עם שמן זית וצ'ילי שטראוס 250 גרם,"מחלבות בר בכפר בע""\מ",IL,לאבנה עם שמן זית וצ',גרמים,250.00,100 גרם,false,,10.90,0.0436,true,1,164049
7290110555603,false,ספלנדיד אבקה להכנת משקה בטעם שוקולטה,"ג'אלוסיס י. בע""\מ",GR,שוקולוטה ספלנדיד 360,גרמים,360.00,100 גרם,false,,20.90,0.0581,true,1,166428
7290110555788,false,נסקפה קפוצ'ינו פחית וניל 200 ג' עלית,מוקטה אס.פי.,PL,קפוצ'ינו פחית וניל ע,גרמים,200.00,100 גרם,false,,19.90,0.0995,true,1,166430
7290110555795,false,נסקפה קפוצ'ינו פחית קלאסי 200 ג' עלית,מוקטה אס.פי.,PL,קפוצ'ינו פחית קלאסי,גרמים,200.00,100 גרם,false,,19.90,0.0995,true,1,166431
7290110556242,false,"שוקולד מריר פרווה 100 גר' בד""ץ תוצרת חוץ","שטראוס גרופ בע""מ.",FR,שוקולד מריר פרווה על,גרמים,100.00,100 גרם,false,,5.50,0.0550,true,1,166090
7290110557027,false,חומוס עשיר 50% טחינה גולמית 400 ג' אחלה,מיוצר עי קונדיטוריית,IL,חומוס 50% טחינה 400,גרמים,400.00,100 גרם,false,,13.90,0.0348,true,1,159132
7290110557102,false,מעדן חלב עם שוקולד מועשר בחלבון 150 ג' שטראוס,מיוצר עי קונדיטוריית,IL,מעדן פרו חלב עם שוקו,גרמים,150.00,100 גרם,false,,4.90,0.0327,true,1,163935
7290110557133,false,מעדן הגולן וניל 125 ג' שטראוס,מיוצר עי קונדיטוריית,IL,מעדן הגולן וניל 125,גרמים,125.00,100 גרם,false,,2.90,0.0232,true,1,158523
7290110557645,false,מאגדת חטיפים אנרג'י מיקס צימוקים חמוציות 100X4 גרם,קונסרב איטליה,GB,אנרג'י מיקס צימוקים,גרמים,100.00,100 גרם,false,,15.90,0.1590,true,1,165250
7290110558154,false,דנונה לייט אנד פרי עוגת תפוחים 150ג דנונה,"שטראוס בריאות בע""\מ",IL,דנונה לייט אנד פרי ע,גרמים,150.00,100 גרם,false,,4.50,0.0300,true,1,165340
7290110558215,false,"דנונה קראנצ`פיסטוק עם פיצפוץ לבן קראנצי פיסטוק, 173 גרם","שטראוס בריאות בע""\מ",IL,דנונה קראנצ' פיסטוק,גרמים,173.00,100 גרם,false,,4.60,0.0266,true,1,166345
7290110558284,false,דנונה ביו מולטי שטראוס 200 גרם,"שטראוס בריאות בע""\מ",IL,דנונה ביו מולטי 200,גרמים,200.00,100 גרם,false,,4.90,0.0245,true,1,164859
7290110558307,false,יוגורט דנונה PRO עם שיבולת שועל במתיקות מעודנת,"שטראוס בריאות בע""\מ",IL,דנונה פרו 20 גרם עם,גרמים,200.00,100 גרם,false,,6.50,0.0325,true,1,164053
7290110558314,false,דנונה פרו 20 גרם חלבון ללא סוכר פיסטוק 200 גרם,"שטראוס בריאות בע""\מ",IL,דנונה פרו ללא סוכר פ,גרמים,200.00,100 גרם,false,,5.90,0.0295,true,1,165344
7290110558666,false,מעדן גבינה בטעם תפוח 88 ג' דניאלה,"שטראוס בריאות בע""\מ",IL,דניאלה בטעם תפוח 88,גרמים,88.00,100 גרם,false,,4.10,0.0466,true,1,166346
7290110559007,false,"שועועית חומה טעם הטבע קופסה, 380 גרם",קונסרב איטליה,IT,שעועית חומה שטראוס ט,גרמים,380.00,100 גרם,false,,6.80,0.0179,true,1,165251
7290110563448,false,"משקה קפה קר בסגנון מעודן 230 מ""ל 1.6% יוטבתה",האי נאם סי או אל.טי.,AT,משקה קפה קר מעודן 1.,מיליליטרים,230.00,"100 מ""ל",false,,7.90,0.0343,true,1,148365
7290110563462,false,חלב 2% דל לקטוז בבקבוק יטבתה 1 ליטר.,מחלבת יטבתה,IL,חלב בבקבוק נטול לקטו,מיליליטרים,1000.00,"100 מ""ל",false,,7.90,0.0079,true,1,148366
7290110564339,false,חומוס אחלה הסידרה המובחר 30% טחינה 400 גר',מיוצר עי קונדיטוריית,IL,חומוס עשיר ב 30% טחי,גרמים,400.00,100 גרם,false,,13.90,0.0348,true,1,146722
7290110564360,false,חומוס אחלה הסידרה המובחר 40% טחינה 400 גר',מיוצר עי קונדיטוריית,IL,חומוס עשיר 40% טחינה,גרמים,400.00,100 גרם,false,,13.90,0.0348,true,1,146723
7290110564742,false,"משקה קפה קר בסגנון חזק 230 מ""ל 1.2% יוטבתה",האי נאם סי או אל.טי.,AT,משקה קפה קר בסגנון ח,מיליליטרים,230.00,"100 מ""ל",false,,7.90,0.0343,true,1,148368
7290110565527,false,יוגורט PRO פרו 1.5% 20 גרם חלבון בגביע,"שטראוס בריאות בע""מ",IL,יוגורט פרו 20 גרם חל,גרמים,200.00,100 גרם,false,,5.90,0.0295,true,1,145331
7290110566975,false,דנונה פרו יוגורט 0% תות עשיר בחלבון 200ג',"שטראוס בריאות בע""\מ",IL,יוגורט דנונה פרו 20,גרמים,200.00,100 גרם,false,,5.90,0.0295,true,1,146736
7290110568238,false,"קצפת צמחית 21% שומן 250 מ""ל יוטבתה",מחלבת יטבתה,IL,קצפת צמחית 21% 250 מ,מיליליטרים,250.00,"100 מ""ל",false,,7.90,0.0316,true,1,146743
7290110568559,false,דוריטוס עלית מארז חמוץ חריף 10 יח' *25 ג',"שטראוס פריטו ליי בע""מ )פ",IL,דוריטוס חמוץ חריף 10,גרמים,250.00,100 גרם,false,,14.90,0.0596,true,1,145295
7290110568627,false,עלית - פסק זמן רול שוקולד חלב עם קרם אגוזים 26 גרם,שולן צ'\יקולטה גידה סאן.,TR,פסק זמן רול שוקולד ח,גרמים,26.00,100 גרם,false,,4.50,0.1731,true,1,152855
7290110570125,false,"משקה קפה קר בטעם אייריש קרים230 מ""ל יוטבתה",אנסטל מילק kg,AT,קפה קר בטעם אייריש ק,מיליליטרים,230.00,"100 מ""ל",false,,7.90,0.0343,true,1,166347
7290110571184,false,עדשים חומות 380 גר שטראוס טעם הטבע,קונסרב איטליה,IT,עדשים חומות שטראוס ט,גרמים,380.00,100 גרם,false,,6.80,0.0179,true,1,165253
7290110571375,false,"אנרג'י מיקס תערובת צימוקים, תמרים, טופי ושברי פקאן",אנרג'י Energy - שטראוס,GB,אנרג'י מיקס צימוקים,גרמים,100.00,100 גרם,false,,15.90,0.1590,true,1,165254
7290110571382,false,מעדן חלב בטעם וניל מעושר בחלבון 150 ג' שטראוס,"שטראוס בריאות בע""\מ",IL,מעדן חלב בטעם וניל מ,גרמים,150.00,100 גרם,false,,4.90,0.0327,true,1,159451
7290110571405,false,עלית - מיני פינוקיות בגביע פסק זמן 180 גרם,"הגביע מוצרי ופלים בע""\מ",IL,מיני פינוקיות בגביע,גרמים,180.00,100 גרם,false,,10.90,0.0606,true,1,166432
7290110571412,false,מיני פינוקיות - פאדג' שוקולד בגביע 180 גרם,"הגביע מוצרי ופלים בע""\מ",IL,מיני פינוקיות בגביע,גרמים,180.00,100 גרם,false,,10.90,0.0606,true,1,166433
7290110572969,false,כיף כף פצפצים עקרם לבן 40ג' עלית,שולן צ'\יקולטה גידה סאן.,TR,כיף כף פצפצים קרם לב,גרמים,40.00,100 גרם,false,,5.00,0.1250,true,1,165255
7290110572976,false,כיף כף פצפצים בגביע במילוי קרם בטעם שוקולד לבן,שולן צ'יקולטה גידה ס,TR,כיף כף פצפצים קרם לב,גרמים,135.00,100 גרם,false,,10.60,0.0785,true,1,165256
7290110574413,false,עלית - פופקורן בטעם טעמי 70 גרם,סראנו בעבור שטראוס,קפריסין,פופקורן בטעם טעמי על,גרמים,70.00,100 גרם,false,,6.90,0.0986,true,1,166436
7290110574420,false,עלית - פופקורן בטעם פסק זמן 70 גרם,סראנו בעבור שטראוס,קפריסין,פופקורן בטעם פסק זמן,גרמים,70.00,100 גרם,false,,6.90,0.0986,true,1,166437
7290110576356,false,"שוקולד ספלנדיד מריר 64% - חלבי , מפולי קקאו מפרו",קימ'\ס גריפלנן,BE,ספלנדיד שוקולד מריר,גרמים,100.00,100 גרם,false,,7.90,0.0790,true,1,164888
7290110576363,false,"שוקולד ספלנדיד מריר 80% חלבי ,פולי קקאו מאוגנדה",קימ'\ס גריפלנן,BE,ספלנדיד שוקולד מריר,גרמים,100.00,100 גרם,false,,7.90,0.0790,true,1,164889
7290110576370,false,מארז שלישייה שוקולד מריר חלבי עם אגוזי לוז,סמואה,FR,שוקולד אגוז מריר עלי,גרמים,300.00,100 גרם,false,,24.90,0.0830,true,1,166082
7290110576776,false,טבלאות שוקולד ספלנדיד מריר 85% 100 ג' עלית,קימ'ס גריפלנן,BE,שוקולד ספלנדיד מריר,גרמים,100.00,100 גרם,false,,10.90,0.1090,true,1,166439
7290110576790,false,גבינת סקי 3% בטעם מוקה 125 גרם,"שטראוס בריאות בע""\מ",IL,סקי בטעם מוקה שטראוס,גרמים,125.00,100 גרם,false,,3.70,0.0296,true,1,166348
7290110576868,false,רבעיית גמדים סלט פירוט * 100 ג' שטראוס,"שטראוס בריאות בע""\מ",IL,גמדים רביעיית סלט פי,מיליליטרים,400.00,"100 מ""ל",false,,11.40,0.0285,true,1,166350
7290110577230,false,משקה חלב בטעם פיסטוק בבקבוק יטבתה 1 ליטר,שטראוס גרופ,IL,משקה חלב בטעם פיסטוק,מיליליטרים,1000.00,"100 מ""ל",false,,11.90,0.0119,true,1,166351
7290110577247,false,"יטבתה משקה חלב-פיסטוק בבקבוק 350 מ""ל",מחלבת יטבתה,IL,משקה חלב בטעם פיסטוק,מיליליטרים,350.00,"100 מ""ל",false,,6.20,0.0177,true,1,166352
7290110577711,false,"משקה שייק חלבון מי גבינה עם אפרסק ומנגו350מ""ל יטבתה",מחלבת יטבתה,IL,שייק חלבון מי גבינה,מיליליטרים,350.00,"100 מ""ל",false,,6.90,0.0197,true,1,168488
7290110577728,false,"משקה שייק חלבון מי גבינה עם פירות יער 350מ""ל יטבתה",מחלבת יטבתה,IL,שייק חלבון מי גבינה,מיליליטרים,350.00,"100 מ""ל",false,,6.90,0.0197,true,1,168489
7290111342004,false,נייר טואלט לילי לח קידס 56 דפים,חוגלה קימברלי,IL,לילי לח קידס 56 דפים,יחידה,56.00,יחידה,false,,7.90,0.1411,true,1,149602
7290111342004,false,נייר טואלט לילי לח קידס 56 דפים,חוגלה קימברלי,IL,לילי לח קידס 56 דפים,Unknown,56.00,יחידה,false,,7.90,0.1411,true,1,149602
7290111350719,false,חטיף נאצוס הוטפופ בסגנון מסעדות 322 גר,ליימן מותגים,US,חטיף נאצ'וס בסגנון מ,גרמים,332.00,100 גרם,false,,16.90,0.0509,true,1,156390
7290111350726,false,חטיף נאצוס הוטפופ בסגנון מקסיקני 322 גר,ליימן מותגים,US,חטיף נאצ'וס בסגנון מ,גרמים,332.00,100 גרם,false,,16.90,0.0509,true,1,156391
7290111352966,false,יוגטה סוכריות ממולאות בטעם פירות 250 גרם ללא ג'לטין,ליימן שליסל,TR,סוכריות גומי ממולאות,גרמים,250.00,100 גרם,false,,9.90,0.0396,true,1,154532
7290111352973,false,יוגוטה קוביות חמוצות ממולאות בטעם פירות,יוגטה yogueta,TR,קוביות חמוצות 220 גר,גרמים,220.00,100 גרם,false,,9.90,0.0450,true,1,154533
7290111564277,false,פריכיות דקות ונימוחות 3 דגנים פיטנס Fitness,פרח תעשיות בעמ,IL,פריכיות 3 דגנים דקות,גרמים,120.00,100 גרם,false,,10.90,0.0908,true,1,140954
7290111564291,false,פריכיות דקות ונימוחות 3 דגנים וקינואה פיטנס Fitness,פרח תעשיות בעמ,IL,פריכיות דקות 3 דגנים,גרמים,120.00,100 גרם,false,,10.90,0.0908,true,1,148824
7290111566318,false,שניצל דק מן הצומח בטעם ביתי 700 גרם,עיצובים 2020 (4.8),IL,טבעול שניצל דק מן הצ,גרמים,564.00,100 גרם,false,,31.90,0.0566,true,1,148837
7290111566332,false,"נקניקיות וינר מן הצומח 680 גרם ""טבעול""",עיצובים 2020 (4.8),IL,טבעול נקניקיות וינר,גרמים,680.00,100 גרם,false,,31.90,0.0469,true,1,148233
7290111568206,false,"מיקס ביסלי, אפרופו ופיצוחים מתובלים",פרו מן יו פתרונות אר,IL,ביסלי פארטי מיקס 150,גרמים,150.00,100 גרם,false,,7.90,0.0527,true,1,152928
7290111568961,false,בייגלה טבעות מלח אסם 400 גרם,אסם,IL,אסם בייגלה טבעות מלח,גרמים,400.00,100 גרם,false,,10.90,0.0273,true,1,146997
7290111936296,false,"פלמוליב סבון נוזלי בניחוח סנסיישן מסאז' ,750 מ""ל",קולגייט פלמוליב,TR,ג'ל רחצה ארומה סנסיי,מיליליטרים,750.00,"100 מ""ל",false,,23.90,0.0319,true,1,154464
7290111938481,false,"רוטב סויה בהירה מאסטר שף 300 מ""ל",מאסטר שף,TH,רוטב סויה בהיר מאסטר,מיליליטרים,300.00,"100 מ""ל",false,,9.90,0.0330,true,1,154465
7290112191076,false,טורטיה מקמח חיטה 320,,,טורטיה מקמח חיטה 320,,8.00,100 יחידו,false,,9.90,1.2375,true,1,165441
7290112197030,false,בארון - כדורי אנרגיה עם תמרים אגוזי לוז וקינמון מצופים שוקולד מריר 100 גרם,,SI,שקדים מצופים שוקולד,גרמים,100.00,100 גרם,false,,19.90,0.1990,true,1,165425
7290112197047,false,בארון - כדורי אנרגיה בטעם בראוני אגוזים 100 גרם,,,כדורי אנרגיה בטעם בר,גרמים,100.00,100 גרם,false,,19.90,0.1990,true,1,165426
7290112197054,false,בארון - כדורי אנרגיה עם תמרים קשיו חמוציות ואסאי 100 גרם,,,כדורי אנרגיה עם תמרי,גרמים,100.00,100 גרם,false,,19.90,0.1990,true,1,165427
7290112290366,false,לחמניית סביח כשלפ,,,לחמניית סביח כשלפ,יחידה,1.00,יחידה,false,,15.00,15.0000,true,1,144369
7290112290366,false,לחמניית סביח כשלפ,,,לחמניית סביח כשלפ,Unknown,1.00,יחידה,false,,15.00,15.0000,true,1,144369
7290112290632,false,בייגל טוסט,,,בייגל טוסט,יחידה,1.00,יחידה,false,,10.00,10.0000,true,1,141033
7290112290632,false,בייגל טוסט,,,בייגל טוסט,Unknown,1.00,יחידה,false,,10.00,10.0000,true,1,141033
7290112291455,true,כריך סלמון כפול cff,,,כריך סלמון כפול cff,,0.00,,false,,12.00,0.0000,true,1,144571
7290112292063,false,עוגת קראנץ קינמון,,,עוגת קראנץ קינמון,יחידה,1.00,יחידה,false,,12.00,12.0000,true,1,145553
7290112292063,false,עוגת קראנץ קינמון,,,עוגת קראנץ קינמון,Unknown,1.00,יחידה,false,,12.00,12.0000,true,1,145553
7290112292537,false,פסטה פיצה CFF,,,פסטה פיצה CFF,יחידה,1.00,יחידה,false,,18.00,18.0000,true,1,148180
7290112292537,false,פסטה פיצה CFF,,,פסטה פיצה CFF,Unknown,1.00,יחידה,false,,18.00,18.0000,true,1,148180
7290112292582,false,סלט קופיקס (בטטה צ'י,,,סלט קופיקס (בטטה צ'י,גרמים,335.00,100 גרם,false,,27.00,0.0806,true,1,148159
7290112292896,false,טוסט פיצה עם זיתים 2,פוד פקטורי,IL,בייגל טוסט עם זיתים,יחידה,1.00,יחידה,false,,18.00,18.0000,true,1,148594
7290112292896,false,טוסט פיצה עם זיתים 2,פוד פקטורי,IL,בייגל טוסט עם זיתים,Unknown,1.00,יחידה,false,,18.00,18.0000,true,1,148594
7290112293084,false,סלט ים תיכוני 270גר,פוד פקטורי,IL,סלט ים תיכוני cff,גרמים,270.00,100 גרם,false,,27.00,0.1000,true,1,149906
7290112293305,false,סלט ישראלי cff,,,סלט ישראלי cff,גרמים,450.00,100 גרם,false,,27.00,0.0600,true,1,151366
7290112293428,false,טוסט גבינות בפרנה,פוד פקטורי,IL,טוסט גבינות בפרנה,יחידה,1.00,יחידה,false,,20.00,20.0000,true,1,152444
7290112293428,false,טוסט גבינות בפרנה,פוד פקטורי,IL,טוסט גבינות בפרנה,Unknown,1.00,יחידה,false,,20.00,20.0000,true,1,152444
7290112293558,false,סנדוויץ טונה 150 גרם,,,סנדוויץ טונה 150 גרם,יחידה,1.00,יחידה,false,,18.00,18.0000,true,1,151620
7290112293558,false,סנדוויץ טונה 150 גרם,,,סנדוויץ טונה 150 גרם,Unknown,1.00,יחידה,false,,18.00,18.0000,true,1,151620
7290112293749,false,כריך שקשוקה cff,,,כריך שקשוקה cff,יחידה,1.00,יחידה,false,,18.00,18.0000,true,1,152446
7290112293749,false,כריך שקשוקה cff,,,כריך שקשוקה cff,Unknown,1.00,יחידה,false,,18.00,18.0000,true,1,152446
7290112294197,false,כריך טונה מחמצת פריז,פוד פקטורי,IL,כריך טונה פריזאית cf,יחידה,1.00,יחידה,false,,20.00,20.0000,true,1,154194
7290112294197,false,כריך טונה מחמצת פריז,פוד פקטורי,IL,כריך טונה פריזאית cf,Unknown,1.00,יחידה,false,,20.00,20.0000,true,1,154194
7290112295248,false,קש לבאבלס,,,קש לבאבלס,יחידה,0.00,יחידה,false,,2999.90,0.0000,true,1,157178
7290112295248,false,קש לבאבלס,,,קש לבאבלס,Unknown,0.00,יחידה,false,,2999.90,0.0000,true,1,157178
7290112295873,false,סלט פסטה פסטו חם/קר,,,סלט פסטה פסטו חם/קר,יחידה,1.00,יחידה,false,,19.00,19.0000,true,1,160045
7290112295873,false,סלט פסטה פסטו חם/קר,,,סלט פסטה פסטו חם/קר,Unknown,1.00,יחידה,false,,19.00,19.0000,true,1,160045
7290112295897,false,כריך ביס סביח cff,,,כריך ביס סביח cff,יחידה,1.00,יחידה,false,,12.00,12.0000,true,1,160047
7290112295897,false,כריך ביס סביח cff,,,כריך ביס סביח cff,Unknown,1.00,יחידה,false,,12.00,12.0000,true,1,160047
7290112295903,false,כריך כפרי שקשוקה cff,,,כריך כפרי שקשוקה cff,יחידה,1.00,יחידה,false,,15.00,15.0000,true,1,160048
7290112295903,false,כריך כפרי שקשוקה cff,,,כריך כפרי שקשוקה cff,Unknown,1.00,יחידה,false,,15.00,15.0000,true,1,160048
7290112295910,false,כריך כפרי חביתה cff,,,כריך כפרי חביתה cff,יחידה,1.00,יחידה,false,,15.00,15.0000,true,1,160049
7290112295910,false,כריך כפרי חביתה cff,,,כריך כפרי חביתה cff,Unknown,1.00,יחידה,false,,15.00,15.0000,true,1,160049
7290112295934,false,סלט אסייתי בינוני cf,,,סלט אסייתי בינוני cf,יחידה,1.00,יחידה,false,,19.00,19.0000,true,1,160051
7290112295934,false,סלט אסייתי בינוני cf,,,סלט אסייתי בינוני cf,Unknown,1.00,יחידה,false,,19.00,19.0000,true,1,160051
7290112296122,false,"כריך ביס גבנ""צ cff",,,"כריך ביס גבנ""צ cff",יחידה,1.00,יחידה,false,,12.00,12.0000,true,1,160061
7290112296122,false,"כריך ביס גבנ""צ cff",,,"כריך ביס גבנ""צ cff",Unknown,1.00,יחידה,false,,12.00,12.0000,true,1,160061
7290112296139,false,כריך ביס ביצה cff,,,כריך ביס ביצה cff,יחידה,1.00,יחידה,false,,12.00,12.0000,true,1,160062
7290112296139,false,כריך ביס ביצה cff,,,כריך ביס ביצה cff,Unknown,1.00,יחידה,false,,12.00,12.0000,true,1,160062
7290112296436,false,כריך טונה 180 גר'ם כ,,,כריך טונה 180 גר'ם כ,יחידה,1.00,יחידה,false,,18.00,18.0000,true,1,164167
7290112296436,false,כריך טונה 180 גר'ם כ,,,כריך טונה 180 גר'ם כ,Unknown,1.00,יחידה,false,,18.00,18.0000,true,1,164167
7290112330352,false,"יוגורט PRO בטעם וניל 0% , 20 גרם חלבון בגביע","שטראוס בריאות בע""\מ",IL,דנונה פרו 20 גר וניל,גרמים,200.00,100 גרם,false,,5.90,0.0295,true,1,150745
7290112330390,false,דנונה פרו פירות יער 20 גרם חלבון 0% שומן 200 גרם,"שטראוס בריאות בע""\מ",IL,דנונה פרו 20 גר פירו,גרמים,200.00,100 גרם,false,,5.90,0.0295,true,1,156673
7290112332585,false,פריכיות משולש תפוא אורז בתיבול סלק ומלח ים אנרג'י 30 גרם,"פרח תעשיו מזון בע""מ",IL,"פריכיות תפו""א אורז ס",גרמים,30.00,100 גרם,false,,4.90,0.1633,true,1,149536
7290112332691,false,פינוקיות עוגיות קרם פסק זמן אגוזים 200 גרם,"הגביע מוצרי וופלים בע""\מ",IL,פינוקיות קרם פסק זמן,גרמים,200.00,100 גרם,false,,10.90,0.0545,true,1,149512
7290112332899,false,עלית - צנצנת בזוקה פופים קלאסי 58 גרם,אסקום קונפקשיין,IL,בזוקה פופים קלאסי 58,גרמים,58.00,100 גרם,false,,9.90,0.1707,true,1,149538
7290112335500,false,"פרכיות אנרג'י חומוס,אורז,עדשים שחורות וקינואה 135 גרם","פרח תעשיות מזון בע""\מ",IL,פריכיות חומוס אורז ע,גרמים,135.00,100 גרם,false,,10.90,0.0807,true,1,155426
7290112336644,false,סוכריות מאסט ללא סוכר לימון 80 ג' עלית,שטראוס גרופ,PL,"סוכריות לל""ס לימון 8",גרמים,80.00,100 גרם,false,,7.90,0.0988,true,1,152883
7290112336651,false,סוכריות מאסט ללא סוכר ריבת חלב 80 ג' עלית,שטראוס גרופ,PL,"סוכריות לל""ס ריבת חל",גרמים,80.00,100 גרם,false,,7.90,0.0988,true,1,152884
7290112336712,false,יוגורט PRO לבן 0% 21 גרם חלבון בגביע,"שטראוס בריאות בע""מ",IL,דנונה פרו 21 גר 0% ש,גרמים,200.00,100 גרם,false,,5.90,0.0295,true,1,148381
7290112337481,false,סוכריות מאסט ללא סוכר קפצ''ינו 80 ג' עלית,שטראוס גרופ,PL,"סוכריות לל""ס קפוצינו",גרמים,80.00,100 גרם,false,,7.90,0.0988,true,1,152786
7290112338877,false,מעדן גבינה בטעם תות 3% 125ג' סקי,"שטראוס בריאות בע""\מ",IL,סקי תות 125 גרם,גרמים,125.00,100 גרם,false,,3.70,0.0296,true,1,155010
7290112339171,false,מילקי מוס עם שוקולד וקצפת,מיוצר עי קונדיטוריית,IL,מילקי מוס עם שוקולד,גרמים,81.00,100 גרם,false,,3.30,0.0407,true,1,157742
7290112339867,false,גמדים לדרך גבינה לבנה עם מחית תות,"שטראוס בריאות בע""\מ",IL,גמדים סקוויז בודד תו,גרמים,100.00,100 גרם,false,,5.80,0.0580,true,1,148386
7290112340252,false,צנצנת מסטיק מאסט בטעם אבטיח מלון 66 ג' עלית,"שטראוס גרופ בע""\מ",IL,צנצנת מאסט בטעם אבטי,גרמים,66.00,100 גרם,false,,9.90,0.1500,true,1,152865
7290112340276,false,פינוקיות עוגיות קרם קפה 200 גרם,"הגביע מוצרי וופלים בע""\מ",IL,פינוקיות קרם קפה נמס,גרמים,200.00,100 גרם,false,,10.90,0.0545,true,1,149518
7290112341686,false,שמינייה יוגורט לבן אקטיביה 3% דנונה 150 גרם.,מיוצר עי קונדיטוריית,IL,מארז אקטיביה 3% 150,גרמים,1.20,100 גרם,false,,19.90,16.5833,true,1,150754
7290112342102,false,סימפוניה גבינה במרקם שמנת בצל מקורמל 5%,"שטראוס בריאות בע""\מ",IL,סימפוניה בצל מקורמל,גרמים,200.00,100 גרם,false,,11.00,0.0550,true,1,150758
7290112342270,false,קפה פלטינום אינטנס מחוזק ב- 10% אספרסו,שטראוס קפה בי.וי,IL,פלטינום אינטנס 10% 1,גרמים,125.00,100 גרם,false,,17.90,0.1432,true,1,149982
7290112342515,false,דוריטוס צ'יזי טוויסט 55 גרם,STRAUSS-ISRAEL,IL,דוריטוס קול ראנצ' 55,גרמים,55.00,100 גרם,false,,3.50,0.0636,true,1,150311
7290112343420,false,"משקה חלב עם דגנים מלאים ובננה פרו יטבתה 350מ""ל",מחלבת יטבתה,IL,יטבתה פרו ארוחת בוקר,מיליליטרים,350.00,"100 מ""ל",false,,7.50,0.0214,true,1,150766
7290112343499,false,חטיף צ'יטוס פאפס אפוי בטעם גבינה,"שטראוס פריטו ליי בע""\מ )",IL,צ'יטוס פאפס 55 גרם,גרמים,55.00,100 גרם,false,,3.50,0.0636,true,1,158153
7290112343512,false,צ'יטוס puffs בטעם גבינה 180 גרם,"שטראוס פריטו ליי בע""\מ )",IL,צ'יטוס פאפס 160 גרם,גרמים,160.00,100 גרם,false,,7.90,0.0494,true,1,158154
7290112344564,false,רביולי גבינה קלאסי שטראוס 400 ג',מיוצר עי קונדיטוריית,IL,רביולי גבינה 400 גר,גרמים,400.00,100 גרם,false,,19.80,0.0495,true,1,150768
7290112344755,false,מילקי שוקולד 26% פחות סוכר 135 גרם,מיוצר עי קונדיטוריית,IL,מילקי עם 26% פחות סו,גרמים,133.00,100 גרם,false,,2.90,0.0218,true,1,155761
7290112344953,false,סימפוניה חציל קלוי גבינה במקרם שמנת 5%,"שטראוס בריאות בע""\מ",IL,סימפוניה חציל קלוי 2,גרמים,200.00,100 גרם,false,,11.00,0.0550,true,1,156243
7290112346360,false,בפלות אחת אחת ופל בטעם שוקולד מצופה שוקולד,הגביע מוצרי וופלים ב,GR,בפלות אחת אחת בציפוי,גרמים,180.00,100 גרם,false,,12.90,0.0717,true,1,152264
7290112346537,false,עוגיות פינוקיות בטעם טורטית 200 ג' עלית,"הגביע מוצרי ופלים בע""\מ",IL,פינוקיות בטעם טורטית,גרמים,200.00,100 גרם,false,,10.90,0.0545,true,1,165829
7290112346629,false,דנונה בר יוגורט+קורנפלקס מצופה שוקולד חלב ולבן 172 גרם,"שטראוס בריאות בע""\מ",IL,דנונה בר עם קורנפלקס,גרמים,183.00,100 גרם,false,,4.30,0.0235,true,1,153000
7290112346773,false,יוגורט בטעם וניל 0% לייט אנד פרי 10 גרם חלבון בגביע,מיוצר עי קונדיטוריית,IL,דנונה לייט אנד פריי,גרמים,150.00,100 גרם,false,,4.50,0.0300,true,1,156244
7290112347008,false,גמדים לדרך גבינה לבנה עם מחית תות ושיבולת שועל,מיוצר עי קונדיטוריית,IL,גמדים ארוחת בוקר תות,גרמים,100.00,100 גרם,false,,5.80,0.0580,true,1,150788
7290112348616,false,עלית - קפה נמס אגוזי לוז 100 גרם,שטראוס קפה בי.וי,IL,קפה נמס אגוזי לוז על,גרמים,100.00,100 גרם,false,,13.90,0.1390,true,1,155435
7290112349736,false,בזיליקום רוטב עגבניות לפסטה יד מרדכי 350 גרם,אמיליאנה קונסרב סוסייטה,IT,בזיליקום רוטב עגבניו,גרמים,350.00,100 גרם,false,,11.90,0.0340,true,1,151154
7290112351104,false,שוקולד פרה ממולא פיצפוצי אורז 100 ג' עלית,"שטראוס גרופ בע""\מ",IL,שוקולד פרה חלב פצפוצ,גרמים,100.00,100 גרם,false,,5.90,0.0590,true,1,152680
7290112351128,false,שוקולד פרה סוכריות קופצות וועסטהייים,"שטראוס גרופ בע""\מ",IL,שוקולד פרה סוכריות ק,גרמים,90.00,100 גרם,false,,5.90,0.0656,true,1,154833
7290112351258,false,עוגיית קקאו פינוקיות שחור לבן 200 גר,"הגביע מוצרי ופלים בע""\מ",IL,פינוקיות שחור לבן 20,גרמים,200.00,100 גרם,false,,10.90,0.0545,true,1,154847
7290112353887,false,"משקה קפה קר בטעם אגוזים יטבתה 230 מ""ל",אנסטל מילק kg,AT,משקה קפה קר בטעם אגו,מיליליטרים,230.00,"100 מ""ל",false,,7.90,0.0343,true,1,153337
7290112354945,false,תפוצ'יפס WAVY בטעם טבעי 50 גרם,שטראוס פריטו ליי בע”,IL,תפוציפס wavy טבעי 5,גרמים,50.00,100 גרם,false,,4.00,0.0800,true,1,166415
7290112354952,false,"תפוציפס WAVY בטעם פפריקה , 50 גרם",שטראוס פריטו ליי בע”,IL,תפוציפס wavy פפריקה,גרמים,50.00,100 גרם,false,,4.00,0.0800,true,1,166416
7290112354969,false,תפוצ'יפס בטעם טבעי 200 גרם היתר מכירה,שטראוס פריטו ליי בע”,IL,תפוציפס wavy טבעי 2,גרמים,200.00,100 גרם,false,,10.90,0.0545,true,1,166417
7290112355027,false,דנונה פרו 20 גרם חלבון בטעם קרמל מלוח 200 גרם,"שטראוס בריאות בע""\מ",IL,דנונה פרו 20 גרם בטע,גרמים,200.00,100 גרם,false,,5.90,0.0295,true,1,155757
7290112355102,false,גמדים סקוויז 100 גרם פאוץ סלט פירות 100 גרם,"שטראוס בריאות בע""\מ",IL,גמדים פאוץ סלט פירות,גרמים,100.00,100 גרם,false,,5.80,0.0580,true,1,156247
7290112355393,false,"יטבתה רוטב שמנת+בטטה 9% שומן 250 מ""ל",שטראוס גרופ,IL,רוטב שמנת עם בטטה יט,מיליליטרים,257.00,"100 מ""ל",false,,10.90,0.0424,true,1,166353
7290112355867,false,מילקי קצפת טופ פיצפוצים 86 גרם,"שטראוס גרופ בע""\מ",IL,מילקי קצפת טופ פיצפו,גרמים,86.00,100 גרם,false,,4.20,0.0488,true,1,158528
7290112357083,false,טעם הטבע אפונה ירוקה 380 גרם קופסה,שטראוס טעם הטבע,IT,אפונה ירוקה מבושלת ט,גרמים,380.00,100 גרם,false,,6.80,0.0179,true,1,152809
7290112357113,false,גרגרי חומוס בקופסה 380 גר' טעם הטבע,שטראוס טעם הטבע,IT,גרגרי חומוס טעם הטבע,גרמים,380.00,100 גרם,false,,6.80,0.0179,true,1,152811
7290112358004,false,פסק זמן קראנצ' עלית 32 גרם,שולן צ'\יקולטה גידה סאן.,TR,פסק זמן קראנץ' 32 גר,גרמים,32.00,100 גרם,false,,4.90,0.1531,true,1,155668
7290112358127,false,דנונה פרו חלבון+מגנזיום- וניל ועוגיות 200 גרם,מיוצר עי קונדיטוריית,IL,דנונה פרו 20 גר' עם,גרמים,200.00,100 גרם,false,,6.50,0.0325,true,1,155029
7290112358219,false,רוטב צ'ילי מתוק יד מרדכי 300 גרם,אף.סי תבליני בגליל ב,IL,רוטב צ'ילי מתוק 300,גרמים,300.00,100 גרם,false,,11.90,0.0397,true,1,154828
7290112358240,false,רוטב גריל יד מרדכי 300 גרם,"בית אל מזון בע""מ",IL,רוטב גריל 300 גרם,גרמים,300.00,100 גרם,false,,11.90,0.0397,true,1,152677
7290112358257,false,רוטב לעוף עם שזיפים יד מרדכי 300 גרם,"ב.א. מזון בע""\מ",IL,רוטב לעוף עם שזיפים,גרמים,300.00,100 גרם,false,,11.90,0.0397,true,1,152678
7290112358554,false,מארז קפה נמס מנות אישיות לדרך 50.4 גר,שטראוס רומניה,RO,מארז נמס לדרך 28 יחי,יחידה,28.00,יחידה,false,,10.90,0.3893,true,1,154989
7290112358554,false,מארז קפה נמס מנות אישיות לדרך 50.4 גר,שטראוס רומניה,RO,מארז נמס לדרך 28 יחי,Unknown,28.00,יחידה,false,,10.90,0.3893,true,1,154989
7290112358561,false,קפה נמס פלטינום קלאסי 47 ג' עלית,"אינסטנטבה בע""\מ",PL,פלטינום קלאסיק 47 גר,גרמים,47.00,100 גרם,false,,5.90,0.1255,true,1,160091
7290112359490,false,תפוציפס מקלות ברבקיו,,,תפוציפס מקלות ברבקיו,גרמים,60.00,100 גרם,false,,4.30,0.0717,true,1,154679
7290112359902,false,"קפה פלטינום ברזיל עלית, 47 גרם","אינסטנטבה בע""\מ",PL,פלטינום ברזיל 47 גרם,גרמים,47.00,100 גרם,false,,5.90,0.1255,true,1,160092
7290112490032,false,"נמס בכוס טעם תירס קנור 31 גרם מארז זוגי בד""צ",יוניליוור ישראל מזון בעמ,IL,נמס בכוס מרק תירס קנ,גרמים,45.00,100 גרם,false,,6.90,0.1533,true,1,145929
7290112490209,false,נמס בכוס מרק עגבניות עם קרוטונים רכיבים טבעיים,יוניליוור ישראל מזון בעמ,IL,נמס בכוס מרק עגבניות,גרמים,56.00,100 גרם,false,,6.90,0.1232,true,1,146379
7290112490216,false,מרק נמס בכוס בטעם עוף קנור 100% רכיבים טבעיים,יוניליוור ישראל מזון בעמ,IL,נמס בכוס מרק בטעם עו,גרמים,48.00,100 גרם,false,,6.90,0.1438,true,1,146381
7290112490230,false,מרק נמס בכוס אפונה קנור 100% רכיבים טבעיים,יוניליוור ישראל מזון בעמ,IL,נמס בכוס מרק אפונה ק,גרמים,50.00,100 גרם,false,,6.90,0.1380,true,1,146380
7290112492449,false,פינוק שמפו שיער רגיל 700 מל-חדש,יוניליוור ישראל טיפוח אי,IL,פינוק שמפו שיער רגיל,גרמים,700.00,100 גרם,false,,11.90,0.0170,true,1,152075
7290112492463,false,"שמפו ומרכך 2 ב-1 לשיער רגיל פינוק 700 מ""ל.",יוניליוור ישראל טיפו,IL,פינוק 2 ב-1 רגיל 700,גרמים,700.00,100 גרם,false,,11.90,0.0170,true,1,152586
7290112492470,false,"שמפו ומרכך 2 ב-1 לשיער יבש פינוק 700 מ""ל.",יוניליוור פארם,IL,פינוק 2 ב-1 יבש 700,גרמים,700.00,100 גרם,false,,11.90,0.0170,true,1,157053
7290112492609,false,"תחליב רחצה פינוק 700 מ""ל לבנדר ווניל",יוניליוור ישראל טיפוח אי,IL,פינוק תח.רחצה לבנדר,מיליליטרים,700.00,"100 מ""ל",false,,11.90,0.0170,true,1,152077
7290112493293,false,קנור - נמס ירקות וקרוטונים ר.טבעי 44 גרם,יוניליוור ישראל מזון בעמ,IL,נמס בכוס מרק ירקות ק,גרמים,44.00,100 גרם,false,,6.90,0.1568,true,1,149689
7290112493903,false,גלידת ננסים בארבע טעמים 60 גר,"מיוצר ע""\י גלידת שטראוס",IL,ננסים,יחידה,1.00,יחידה,false,,8.90,8.9000,true,1,151230
7290112493903,false,גלידת ננסים בארבע טעמים 60 גר,"מיוצר ע""\י גלידת שטראוס",IL,ננסים,Unknown,1.00,יחידה,false,,8.90,8.9000,true,1,151230
7290112495020,false,כריות צוקולדה בדצ מאוחד 750 גר,"יוניליוור ישראל מזון בע""",IL,כריות צ'וקולדה 686 ג,גרמים,686.00,100 גרם,false,,24.90,0.0363,true,1,149996
7290112495808,false,"רטבי הלמנס לסלט 300 מ""ל חרדל ודבש",יוניליוור ישראל מזון בעמ,IL,הלמנס לסלט חרדל דבש,גרמים,305.00,100 גרם,false,,10.90,0.0357,true,1,152125
7290112495822,false,כריות BLACK בטעם שוקולד וניל תלמה 686 גרם,"יוניליוור שפע ישראל בע""\",IL,כריות בלאק 686 גרם,גרמים,686.00,100 גרם,false,,24.90,0.0363,true,1,152310
7290112495976,false,פריכיות אורז בציפוי שוקולד חלב 35גר-חדש,"גוד פוד פרודקטס ,Sp.zo.o",PL,פתית פריכיות שוקולד,גרמים,35.00,100 גרם,false,,4.90,0.1400,true,1,152490
7290112495983,false,פרכיות פתיתבציפוי שוקולד חלב ושבבי קרמל מלוח 39 גר',"גוד פוד פרודקטס ,Sp.zo.o",PL,פתית פריכיות שוקולד,גרמים,39.00,100 גרם,false,,4.90,0.1256,true,1,152491
7290112496294,false,חטיף פתית צ'יפס עם אפונה ירוקה צהובה וצ'ילי,JLM גלובל פודסn37\ דרך א,GB,פתית צ'יפס אפונה בתו,גרמים,22.00,100 גרם,false,,4.90,0.2227,true,1,154762
7290112496331,false,קורנפלקס בננה תלמה אלופים 448 גרם,"יוניליוור שפע ישראל בע""\",IL,קורנפלקס בננה תלמה 4,גרמים,448.00,100 גרם,false,,17.90,0.0400,true,1,157692
7290112496430,false,קנור נמס בכוס אקסטרה עגבניות+אטריות 37 גרם - רבנות,יוניליוור ישראל מזון בע\,IL,נמס בכוס אקסטרה-קנור,גרמים,37.00,100 גרם,false,,4.90,0.1324,true,1,158394
7290112496447,false,נמס בכוס אקסטרה טעם עוף עם המון אטריות 27ג',יוניליוור ישראל מזון בע\,IL,נמס בכוס אקסטרה עוף,גרמים,28.00,100 גרם,false,,4.90,0.1750,true,1,159637
7290112496461,false,נמס בכוס אקסטרה מרק ירקות עם המון אטריות,יוניליוור ישראל מזון בע\,IL,נמס בכוס אקסטרה ירקו,גרמים,32.00,100 גרם,false,,4.90,0.1531,true,1,158395
7290112498526,false,"פתית צ'יפס עם בטטה סגולה בטעם שמנת ובצל, 22 גרם",JLM גלובל פודסn37\ דרך א,GB,פתית צ'יפס בטטה סגול,גרמים,22.00,100 גרם,false,,4.90,0.2227,true,1,159035
7290112498915,false,מאגדת מיני מגנום שקדים מובחר שטראוס 250 גרם,"מיוצר ע""\י גלידת שטראוס",IL,מאגדת מיני מגנום שקד,גרמים,250.00,100 גרם,false,,25.90,0.1036,true,1,156700
7290112499097,false,מאגדת מיני מגנום מריר Intense Dark! 240 גרם,"מיוצר ע""\י גלידת שטראוס",IL,מאגדת מיני מגנום מרי,יחידה,5.00,יחידה,false,,25.90,5.1800,true,1,160107
7290112499097,false,מאגדת מיני מגנום מריר Intense Dark! 240 גרם,"מיוצר ע""\י גלידת שטראוס",IL,מאגדת מיני מגנום מרי,Unknown,5.00,יחידה,false,,25.90,5.1800,true,1,160107
7290112499141,false,סולרו וניל ותפוח ירוק 76 ג' שטראוס,שטראוס גרופ גלידות,IL,סולרו וניל ותפוח ירו,גרמים,76.00,100 גרם,false,,8.50,0.1118,true,1,160110
7290112499257,false,שלגון שוקובו עם ציפוי שוקולד לבן 85 גרם,שטראוס גרופ גלידות,IL,שוקובו לבן,יחידה,1.00,יחידה,false,,8.90,8.9000,true,1,168417
7290112499257,false,שלגון שוקובו עם ציפוי שוקולד לבן 85 גרם,שטראוס גרופ גלידות,IL,שוקובו לבן,Unknown,1.00,יחידה,false,,8.90,8.9000,true,1,168417
7290112499639,false,טילון סופר מגנום וניל צ'יפ שוקולד 110 גרם,"מיוצר ע""\י גלידת שטראוס",IL,טילון סופר מגנום וני,יחידה,1.00,יחידה,false,,9.90,9.9000,true,1,151217
7290112499639,false,טילון סופר מגנום וניל צ'יפ שוקולד 110 גרם,"מיוצר ע""\י גלידת שטראוס",IL,טילון סופר מגנום וני,Unknown,1.00,יחידה,false,,9.90,9.9000,true,1,151217
7290112499677,false,מגנום וניל בציפוי שוקולד לבן,"מיוצר ע""\י גלידת שטראוס",IL,מגנום שוקiלד לבן,יחידה,1.00,יחידה,false,,9.90,9.9000,true,1,151219
7290112499677,false,מגנום וניל בציפוי שוקולד לבן,"מיוצר ע""\י גלידת שטראוס",IL,מגנום שוקiלד לבן,Unknown,1.00,יחידה,false,,9.90,9.9000,true,1,151219
7290112499905,false,טילון קורנטו קליק בטעם מרשמלו,"מיוצר ע""\י גלידת שטראוס",IL,קורנטו קליק מרשמלו,יחידה,1.00,יחידה,false,,6.90,6.9000,true,1,154410
7290112499905,false,טילון קורנטו קליק בטעם מרשמלו,"מיוצר ע""\י גלידת שטראוס",IL,קורנטו קליק מרשמלו,Unknown,1.00,יחידה,false,,6.90,6.9000,true,1,154410
7290112499936,false,מגנום שקדים אימפלס פסח 125מל,"מיוצר ע""\י גלידת שטראוס",IL,מגנום שקדים מובחרים,יחידה,1.00,יחידה,false,,9.90,9.9000,true,1,151222
7290112499936,false,מגנום שקדים אימפלס פסח 125מל,"מיוצר ע""\י גלידת שטראוס",IL,מגנום שקדים מובחרים,Unknown,1.00,יחידה,false,,9.90,9.9000,true,1,151222
7290112499943,false,מיני מאגדת מיני מגנום טעמים שונים וניל+שוקו,"מיוצר ע""\י גלידת שטראוס",IL,מיני מגנום קלאסיק חו,יחידה,5.00,יחידה,false,,25.90,5.1800,true,1,151225
7290112499943,false,מיני מאגדת מיני מגנום טעמים שונים וניל+שוקו,"מיוצר ע""\י גלידת שטראוס",IL,מיני מגנום קלאסיק חו,Unknown,5.00,יחידה,false,,25.90,5.1800,true,1,151225
7290112961372,false,פיטנס חטיפי פריכיות דקות קינמון 60 גרם,"פרח תעשיות מזון בע""\מ",IL,פיטנס חטיפי פריכיות,גרמים,60.00,100 גרם,false,,8.90,0.1483,true,1,153244
7290112963918,false,פיטנס חטיפי קרקר דק רוזמרין 140 גרם,נסטלה Nestle,IL,פיטנס קרקר THIN רוזמ,גרמים,140.00,100 גרם,false,,11.90,0.0850,true,1,153253
7290112964410,false,אסם רוטב אלף האיים חדש לסלט 290 גרם,"אסם תעשיות בע""מ",IL,רוטב לסלט אלף האיים,גרמים,290.00,100 גרם,false,,11.90,0.0410,true,1,149738
7290112964472,false,אסם רוטב שום חדש לסלט 290 גרם,"אסם תעשיות בע""מ",IL,רוטב לסלט שום 290 גר,מיליליטרים,290.00,"100 מ""ל",false,,11.90,0.0410,true,1,150011
7290112965745,false,אוסם - ביסלי פריסטייל בצל מעושן 60 גרם,"אסם השקעות בע""\מ",IL,ביסלי פריסטייל בצל מ,גרמים,60.00,100 גרם,false,,4.40,0.0733,true,1,157105
7290112966766,false,צבר טחינה בלאדי חציל עגבניות ושום 350 גרם,שוורצקוף& הנקל דיסלד,IL,טחינה חציל עגבניות ו,גרמים,350.00,100 גרם,false,,14.90,0.0426,true,1,153279
7290112966803,false,אסם פודינג אינסטנט שוקולד 95 גרם,"אסם השקעות בע""\מ",IL,פודינג שוקולד 88 גרם,גרמים,88.00,100 גרם,false,,5.50,0.0625,true,1,153078
7290112967114,false,פיטנס חטיפי פריכיות קטניות ופלפל 60 גרם,"פרח תעשיות מזון בע""\מ",IL,פיטנס חטיפי פריכיות,גרמים,60.00,100 גרם,false,,8.90,0.1483,true,1,154586
7290112967220,false,ביסלי מארז ברביקיו 20 גר'*10 יח' אסם,"אסם השקעות בע""\מ",IL,ביסלי ברביקיו 10 * 2,גרמים,200.00,100 גרם,false,,14.90,0.0745,true,1,154593
7290112967244,false,ביסלי גריל מארז 20 גר'*10 יח' אסם,,,ביסלי גריל אסם 10 *,גרמים,200.00,100 גרם,false,,14.90,0.0745,true,1,154592
7290112967381,false,פיטנס חטיפי פריכיות קטניות ומלח ים 60 גרם,"פרח תעשיות מזון בע""\מ",IL,פיטנס חטיפי פריכיות,גרמים,60.00,100 גרם,false,,8.90,0.1483,true,1,154585
7290112968807,false,פיטנס - קרקר דק סלק 140 גרם,מפעל אסם יקנעם,IL,פיטנס קרקר THIN סלק,גרמים,140.00,100 גרם,false,,11.90,0.0850,true,1,156863
7290112968821,false,פיטנס - קרקר דק בטטה 140 גרם,מפעל אסם יקנעם,IL,פיטנס קרקר THIN בטטה,גרמים,140.00,100 גרם,false,,11.90,0.0850,true,1,156865
7290113190467,false,אפונה שקית זיפר 1קג רמילוי,,,"אפונה ירוקה 1 ק""ג זי",גרמים,1000.00,100 גרם,false,,7.50,0.0075,true,1,151704
7290113190474,false,בורגול שקית זיפר 1קג רמילוי,,,"בורגול 1 ק""ג זיפר -",גרמים,1000.00,100 גרם,false,,6.90,0.0069,true,1,151705
7290113190511,false,חומוס ענק שקית זיפר 1קג רמילוי,,,"חומוס ענק 1 ק""ג זיפר",גרמים,1000.00,100 גרם,false,,13.90,0.0139,true,1,151708
7290113190535,false,"כוסמת קלויה 1 ק""ג זי",,,"כוסמת קלויה 1 ק""ג זי",גרמים,1000.00,100 גרם,false,,8.50,0.0085,true,1,151710
7290113190580,false,עדשים אדומות שקית זי,,,"עדשים אדומות 1 ק""ג ז",גרמים,1000.00,100 גרם,false,,11.90,0.0119,true,1,151701
7290113190597,false,עדשים ירוקות שקית זיפר 1קג רמילוי,,,"עדשים ירוקות 1 ק""ג ז",גרמים,1000.00,100 גרם,false,,10.90,0.0109,true,1,151702
7290113191747,false,"דפי אורז מרובעים 22 ס""מ שקדיה 250 גרם",תראן ראנח,VN,דפי אורז מרובעים 22,גרמים,250.00,100 גרם,false,,9.90,0.0396,true,1,152944
7290113192331,false,זיתים ירוקים מנזנילו 340 גר' בית השיטה,בית-השיטה עסיס תעשיות מז,IL,בית השיטה זיתים ירוק,גרמים,340.00,100 גרם,false,,9.90,0.0291,true,1,154523
7290113192355,false,חרוזית זיתים ירוקים ללא גלעין 275 ג' בית השיטה,בית-השיטה עסיס תעשיות מז,IL,חרוזית זיתים ירוקים,גרמים,275.00,100 גרם,false,,10.50,0.0382,true,1,151614
7290113192362,false,זיתים ירוקים טבעות A2 בית השיטה 280 גרם,בית-השיטה עסיס תעשיות מז,IL,בית השיטה טבעות זיתי,גרמים,280.00,100 גרם,false,,10.90,0.0389,true,1,154524
7290113192393,false,בית השיטה קוקטייל זיתים א2 336 גרם,בית-השיטה עסיס תעשיות מז,IL,קוקטייל זיתים בית הש,גרמים,336.00,100 גרם,false,,11.90,0.0354,true,1,150196
7290113192485,false,בית השיטה מלפפונים בחומץ בינוני 10-12 290 גרם,בית-השיטה עסיס תעשיות מז,IL,מלפפונים בחומץ בינונ,גרמים,290.00,100 גרם,false,,8.50,0.0293,true,1,152487
7290113192508,false,בית השיטה מלפפונים במלח קטן 1317 320 גרם,בית-השיטה עסיס תעשיות מז,IL,מלפפונים במלח  קטן 1,גרמים,320.00,100 גרם,false,,10.90,0.0341,true,1,152488
7290113192515,false,בית השיטה מלפפונים במלח קטן מאוד 1825 320 גרם,בית-השיטה עסיס תעשיות מז,IL,מלפפון במלח בית השיט,גרמים,320.00,100 גרם,false,,12.90,0.0403,true,1,152486
7290113192522,false,בית השיטה מלפפונים בחומץ קטן מאוד 1825 290 גרם,בית-השיטה עסיס תעשיות מז,IL,מלפפון בחומץ בית השי,גרמים,290.00,100 גרם,false,,12.90,0.0445,true,1,153009
7290113192539,false,בית השיטה מלפפונים במלח גדול 79 320 גרם,בית-השיטה עסיס תעשיות מז,IL,מלפפונים במלח גדול 7,גרמים,560.00,100 גרם,false,,6.90,0.0123,true,1,152489
7290113192546,false,"מלפפונים בחומץ רכיבים טבעיים 7-9 ""בית השיטה""",בית-השיטה עסיס תעשיות מז,IL,בית השיטה מלפפון בחו,גרמים,560.00,100 גרם,false,,6.90,0.0123,true,1,153010
7290113192560,false,בית השיטה פלפל שיפקה חריף כבוש 230 גרם,בית-השיטה עסיס תעשיות מז,IL,בית השיטה פלפל שיפקה,גרמים,230.00,100 גרם,false,,7.90,0.0343,true,1,154528
7290113193321,false,"שמן זית כתית מעולה בית השיטה 750 מ""ל",אצטס אבסה אס. איי. יו.,IL,שמן זית כתית מעולה ב,מיליליטרים,750.00,"100 מ""ל",false,,29.90,0.0399,true,1,155071
7290113196414,false,"אורז בסמטי 1 ק""ג - שקדיה כחול מטאלי",דאבה סינג שאם סינג,IN,אורז בסמטי הודי מובח,גרמים,1000.00,100 גרם,false,,11.90,0.0119,true,1,157837
7290113197152,false,לבבות דקל שלם בצנצנת 410 גרם שקדיה,שקדיה,EC,לבבות דקל במי מלח 41,גרמים,410.00,100 גרם,false,,13.90,0.0339,true,1,157839
7290113317086,false,שלישיית ביצי שוקולד,,,שלישיית ביצי שוקולד,יחידה,3.00,יחידה,false,,15.90,5.3000,true,1,148185
7290113317086,false,שלישיית ביצי שוקולד,,,שלישיית ביצי שוקולד,Unknown,3.00,יחידה,false,,15.90,5.3000,true,1,148185
7290113470026,false,גפרורים אקסטרה לארג',,,גפרורים אקסטרה לארג',יחידה,3.00,יחידה,false,,6.90,2.3000,true,1,149904
7290113470026,false,גפרורים אקסטרה לארג',,,גפרורים אקסטרה לארג',Unknown,3.00,יחידה,false,,6.90,2.3000,true,1,149904
7290113470286,false,מגבונים לניקוי כללי,,,מגבונים לניקוי כללי,יחידה,400.00,יחידה,false,,20.90,0.0522,true,1,152301
7290113470286,false,מגבונים לניקוי כללי,,,מגבונים לניקוי כללי,Unknown,400.00,יחידה,false,,20.90,0.0522,true,1,152301
7290113470941,false,כפפות ניטרל S שחור(100 יחידות ),,,כפפות ניטריל S שחור,יחידה,100.00,יחידה,false,,25.90,0.2590,true,1,151694
7290113470941,false,כפפות ניטרל S שחור(100 יחידות ),,,כפפות ניטריל S שחור,Unknown,100.00,יחידה,false,,25.90,0.2590,true,1,151694
7290113470958,false,כפפות ניטרל M שחור(100 יחידות ),,,כפפות ניטריל M שחור,יחידה,100.00,יחידה,false,,25.90,0.2590,true,1,151695
7290113470958,false,כפפות ניטרל M שחור(100 יחידות ),,,כפפות ניטריל M שחור,Unknown,100.00,יחידה,false,,25.90,0.2590,true,1,151695
7290113471580,false,סבון אסלה לימון רמילוי,,,סבון אסלה לימון רמי,יחידה,1.00,יחידה,false,,10.90,10.9000,true,1,152764
7290113471580,false,סבון אסלה לימון רמילוי,,,סבון אסלה לימון רמי,Unknown,1.00,יחידה,false,,10.90,10.9000,true,1,152764
7290113471627,false,ערמונים ברשת,,,ערמונים ברשת,יחידה,10.00,יחידה,false,,22.90,2.2900,true,1,150571
7290113471627,false,ערמונים ברשת,,,ערמונים ברשת,Unknown,10.00,יחידה,false,,22.90,2.2900,true,1,150571
7290113472075,false,שום ארוז יבוא,,,שום ארוז יבוא,יחידה,1.00,יחידה,false,,7.90,7.9000,true,1,151940
7290113472075,false,שום ארוז יבוא,,,שום ארוז יבוא,Unknown,1.00,יחידה,false,,7.90,7.9000,true,1,151940
7290113474017,false,צלחת עגולה גדולה (10 יח') עלי דקל,,,צלחת עגולה גדולה (10,יחידה,10.00,יחידה,false,,19.90,1.9900,true,1,155341
7290113474017,false,צלחת עגולה גדולה (10 יח') עלי דקל,,,צלחת עגולה גדולה (10,Unknown,10.00,יחידה,false,,19.90,1.9900,true,1,155341
7290113474048,false,צלחת ריבועית גדולה (10 יח') עלי דקל,,,צלחת ריבועית גדולה (,יחידה,10.00,יחידה,false,,18.90,1.8900,true,1,155344
7290113474048,false,צלחת ריבועית גדולה (10 יח') עלי דקל,,,צלחת ריבועית גדולה (,Unknown,10.00,יחידה,false,,18.90,1.8900,true,1,155344
7290113476295,false,50 להבונים בשקית,,,50 להבונים בשקית,יחידה,50.00,יחידה,false,,11.90,0.2380,true,1,155590
7290113476295,false,50 להבונים בשקית,,,50 להבונים בשקית,Unknown,50.00,יחידה,false,,11.90,0.2380,true,1,155590
7290113476301,false,נר נשמה 24 שעות,,,נר נשמה 24 שעות,יחידה,1.00,יחידה,false,,1.90,1.9000,true,1,155588
7290113476301,false,נר נשמה 24 שעות,,,נר נשמה 24 שעות,Unknown,1.00,יחידה,false,,1.90,1.9000,true,1,155588
7290113476325,false,נר נשמה שבועי,,,נר נשמה שבועי,יחידה,1.00,יחידה,false,,9.60,9.6000,true,1,155591
7290113476325,false,נר נשמה שבועי,,,נר נשמה שבועי,Unknown,1.00,יחידה,false,,9.60,9.6000,true,1,155591
7290113479708,false,גליל נייר מגבת מודפס איכותי למטבח,,,נייר מגבת למטבח (235,יחידה,235.00,יחידה,false,,16.90,0.0719,true,1,156853
7290113479708,false,גליל נייר מגבת מודפס איכותי למטבח,,,נייר מגבת למטבח (235,Unknown,235.00,יחידה,false,,16.90,0.0719,true,1,156853
7290113627376,false,צימוק בהיר גדול נספא,,,צימוק בהיר גדול נספא,גרמים,300.00,100 גרם,false,,17.90,0.0597,true,1,155967
7290113655645,false,שלישיית מגבות מטבח ברכות,,,שלישיית מגבות מטבח,100 יחידה,1.00,100 יחידה,false,,16.90,16.9000,true,1,155526
7290113660106,false,מארז 50 כוסות אמנון ותמר,כוסות שתייה חמה 3 ב,,כוסות נייר שתיה חמה,יחידה,50.00,יחידה,false,,12.90,0.2580,true,1,147603
7290113660106,false,מארז 50 כוסות אמנון ותמר,כוסות שתייה חמה 3 ב,,כוסות נייר שתיה חמה,Unknown,50.00,יחידה,false,,12.90,0.2580,true,1,147603
7290114310239,false,חלב נטול לקטוז מועשר בוויטמין D י 2% 1.5 ל' טרה,מילקו תעשיות בעמ,IL,חלב נטול לקטוז מועשר,מיליליטרים,1500.00,"100 מ""ל",false,,12.90,0.0086,true,1,152974
7290114310574,false,גבינת קרם שמנת עיזים 5% 200 גרם צוריאל,מחלבת משק צוריאל,IL,קרם שמנת עיזים מעודנ,גרמים,200.00,100 גרם,false,,13.90,0.0695,true,1,156860
7290114310673,false,גבינת לאבנה 9% 250 גרם,Unknown,IL,לאבנה מחלב בקר 9% 25,גרמים,200.00,100 גרם,false,,11.90,0.0595,true,1,156861
7290114311014,false,"משקה חלב אייס קפוצ'ינו פקק ספורט טרה 250 מ""ל",מילקו תעשיות בעמ,IL,משקה אייס קפוצ'ינו ט,גרמים,250.00,100 גרם,false,,5.60,0.0224,true,1,159356
7290114311021,false,"משקה חלב וניל עוגיות פקק ספורט טרה 250 מ""ל",Unknown,IL,משקה וניל עוגיות טרה,גרמים,250.00,100 גרם,false,,5.60,0.0224,true,1,159357
7290114311038,false,"שמנת מתוקה 32% עמידה בבקבוק טרה 250 מ""ל",מילקו תעשיות בעמ,IL,שמנת מתוקה 32% טרה 2,גרמים,250.00,100 גרם,false,,6.90,0.0276,true,1,159358
7290114311298,false,יוגורט מולר פרופ בטעם תות בננה מלון 150,מולר Muller,IL,קציפת תות בננה מלון,גרמים,150.00,100 גרם,false,,5.20,0.0347,true,1,164872
7290114311304,false,יוגורט קציפת מנגו פסיפלורה בננה 150 ג' מולר,מולר Muller,IL,קציפת מנגו פסיפלורה,גרמים,150.00,100 גרם,false,,5.20,0.0347,true,1,164873
7290114311328,false,חלב מועשר דל לקטוז מעושר בויטמין Dי 2% שומן טרה 1 ליטר,ג'י.אר.אמ.גרופו אלימ,IL,חלב נטול לקטוז מועשר,מיליליטרים,1000.00,"100 מ""ל",false,,7.90,0.0079,true,1,165359
7290114311359,false,יוגורט עם קציפת מנגו 3% שומן פרופ 150 ג' מולר,מולר Muller,IL,קציפת מנגו 3% שומן מ,גרמים,150.00,100 גרם,false,,5.20,0.0347,true,1,164874
7290114311434,false,מולר אקטיב יוגורט חלבון קרמל מלוח 200 גרם,מולר Muller,IL,מולר אטקיב בטעם קרמל,גרמים,200.00,100 גרם,false,,6.20,0.0310,true,1,165930
7290114311441,false,מולר אקטיב יוגורט חלבון עוגיות חמאה 200 גרם,מולר Muller,IL,מולר אטקיב בטעם עוגי,גרמים,200.00,100 גרם,false,,6.20,0.0310,true,1,165931
7290114311458,false,קרטון חלב 3% מועשר ויטמין די 1ליטר,Unknown,IL,חלב 3% מועשר וויטמין,מיליליטרים,1000.00,"100 מ""ל",false,,7.50,0.0075,true,1,165706
7290114311502,false,משקה חלב בטעם סחלב בבקבוק 1 ליטר,מילקו תעשיות בעמ,IL,משקה חלב בטעם סחלב ט,מיליליטרים,1000.00,"100 מ""ל",false,,12.90,0.0129,true,1,168606
7290114600927,false,עלי טורטייה חיטה מלאה מאסטר שף 320 גרם,אלקאטי קורביישיסי גי,ES,עלי טורטיה מחיטה מלא,גרמים,320.00,100 גרם,false,,9.90,0.0309,true,1,154994
7290114600989,false,"רוטב אלף האיים מאסטר שף 250 מ""ל",קפה לנדוור,NL,רוטב אלף האיים מאסטר,מיליליטרים,250.00,"100 מ""ל",false,,9.90,0.0396,true,1,154470
7290114600996,false,"רוטב שום מאסטר שף 250 מ""ל",קפה לנדוור,NL,רוטב שום מאסטר שף 25,מיליליטרים,250.00,"100 מ""ל",false,,9.90,0.0396,true,1,154471
7290114603539,false,קרוטונים למרק שום בצל מאסטר שף 350 גרם,"עינת תעשיות מזון, אגשח ב",IL,מאסטר שף קרוטונים למ,גרמים,350.00,100 גרם,false,,19.90,0.0569,true,1,155915
7290114604864,false,קוסקוס סולת דק מאסטר שף 350 גרם,דוידוביץ,IL,קוסקוס סולת דק מאסטר,גרמים,350.00,100 גרם,false,,5.90,0.0169,true,1,155720
7290114604949,false,מאסטר שף רוטב ברביקיו 524 גרם,רמיה סי.וי. הולנד,NL,רוטב ברביקיו מאסטר ש,גרמים,524.00,100 גרם,false,,12.90,0.0246,true,1,156844
7290114604963,false,פירורי לחם מתובלים מאסטר שף 230 גרם,מאסטר שף,IL,פירורי לחם מתובלים מ,גרמים,230.00,100 גרם,false,,7.80,0.0339,true,1,156044
7290114606578,false,שקדי מרק מאסטר שף 400 גרם,שסטוביץ,IL,שקדי מרק מאסטר שף 40,גרמים,400.00,100 גרם,false,,9.90,0.0248,true,1,158662
7290114608640,false,קרוטונים לסלט כוסמין מאסטר שף 260 גרם,עינת תעשיות מזון אגו,IL,קרוטונים אפויים לסלט,גרמים,260.00,100 גרם,false,,19.90,0.0765,true,1,157848
7290115071481,false,6 מטבעות שוקולד באריזת רשת 31 גר LOL,שמחה זה אנחנו,NL,מטבעות שוקולד ברשת 3,גרמים,31.00,100 גרם,false,,3.90,0.1258,true,1,156071
7290115072938,false,מקל מוזיקה בצורת כוכב אל או אל עם סוכריות 5גר' 12/6,,CN,מקל מוזיקה בצורת כוכ,גרמים,5.00,100 גרם,false,,15.90,3.1800,true,1,158699
7290115072945,false,מקל מוזיקה בצורת כוכב בארבי עם סוכריות 5גר' 12/6,,CN,מקל מוזיקה בצורת כוכ,גרמים,5.00,100 גרם,false,,15.90,3.1800,true,1,158700
7290115075199,false,מטבעות שוקולד ברשת ליגת הצגק 31 גר,סטילנד שוקולד,NL,מטבעות שוקולד ברשת ל,גרמים,31.00,100 גרם,false,,3.90,0.1258,true,1,159928
7290115075878,false,גביע וופל ממולא קרם שוקולד 25 גר(12 יח),שמחה זה אנחנו,CN,גביע וופל ממולא קרם,גרמים,25.00,100 גרם,false,,5.00,0.2000,true,1,159929
7290115200003,false,פתי בר פינוקי וניל אסם 220 גרם,תאי פרזידנט פוד פאבל,PL,פתי בר פינוקי וניל א,גרמים,220.00,100 גרם,false,,9.90,0.0450,true,1,154594
7290115200676,false,עוגיות קרמוגית במילוי קרם בטעם קרמל מלוח,"הגביע מוצרי וופלים בע""\מ",IL,קרמוגית קרמל מלוח 20,גרמים,200.00,100 גרם,false,,10.90,0.0545,true,1,155072
7290115201031,false,אסם פתי בר דובי שוקולד 175 גרם,טרופיקל דגיל תעשיות,PL,אסם פתי בר דובוני שו,גרמים,175.00,100 גרם,false,,9.90,0.0566,true,1,156571
7290115201703,false,ביסלי ברביקיו גדול אסם 200 גרם,מיוצר עי קונדיטוריית,IL,ביסלי ברביקיו 200 גר,גרמים,200.00,100 גרם,false,,7.90,0.0395,true,1,155076
7290115202977,false,אוסם - מנה חמה רייס נודלס רוטב סויה סיני 55 גרם,מיוצר עי קונדיטוריית,TH,מנה חמה רייס נודלס ר,גרמים,55.00,100 גרם,false,,6.90,0.1255,true,1,158586
7290115203134,false,פופקו פופקורן במבה - פופקורן בציפוי קרמל ובוטנים,"אסם השקעות בע""\מ",IL,פופקו פופקורן במבה 8,גרמים,80.00,100 גרם,false,,5.40,0.0675,true,1,157110
7290115203172,false,במבה PRO מכיל 18 גרם חלבון בשקית,"אסם השקעות בע""\מ",IL,במבה פרו 80 גרם,גרמים,80.00,100 גרם,false,,4.90,0.0613,true,1,165528
7290115204056,false,"קטשופ מופחת סוכר אסם 690 גרם כשל""פ","אסם תעשיות בע""מ",IL,קטשופ מופחת סוכר ללא,גרמים,690.00,100 גרם,false,,10.90,0.0158,true,1,156124
7290115204957,false,לחמית איטלקית 160 גרם,"אסם תעשיות בע""מ",IL,לחמית איטלקית אסם 16,גרמים,160.00,100 גרם,false,,9.90,0.0619,true,1,163995
7290115205176,false,פיטנס - קרקר דק כפרי פיטנס 140 גרם,נסטלה Nestle,IL,פיטנס חטיפי קרקר טינ,גרמים,140.00,100 גרם,false,,11.90,0.0850,true,1,159492
7290115205312,false,קרקר פיטנס דק עם זיתי קלמטה ועשבי תיבול,"אסם השקעות בע""\מ",IL,פיטנס קרקר Thin Deli,גרמים,140.00,100 גרם,false,,11.90,0.0850,true,1,163997
7290115205978,false,פתיבר ואצבעות שוקולד 180 גרם - רבנות,"t\ד""\ר ג'\רארד בע""\מn\",PL,פתי בר אצבעות שוקולד,גרמים,180.00,100 גרם,false,,11.90,0.0661,true,1,159499
7290115207941,false,סירופ אננס ויטמינצ'יק 1 ליטר,בית-השיטה עסיס תעשיות מז,IL,ויטמינצ'יק אננס 1 לי,מיליליטרים,1000.00,"100 מ""ל",false,,21.90,0.0219,true,1,159513
7290115207989,false,סירופ לימון ויטמינצ'יק 1 ליטר,בית-השיטה עסיס תעשיות מז,IL,ויטמינצ'יק לימון 1 ל,מיליליטרים,1000.00,"100 מ""ל",false,,21.90,0.0219,true,1,159515
7290115208009,false,סירופ ענבים ויטמינצ'יק 1 ליטר,בית-השיטה עסיס תעשיות מז,IL,ויטמינצ'יק ענבים 1 ל,מיליליטרים,1000.00,"100 מ""ל",false,,21.90,0.0219,true,1,159516
7290115208061,false,סירופ תפוח ויטמינצ'יק 1 ליטר,בית השיטה עסיס תעשיות מז,IL,ויטמינצ'יק תפוח 1 לי,מיליליטרים,1000.00,"100 מ""ל",false,,21.90,0.0219,true,1,159518
7290115208597,false,קרמוגית מיניס קרמל מלוח אסם 200 גרם,"אסם השקעות בע""\מ",IL,קרמוגית מיניס קרמל מ,גרמים,200.00,100 גרם,false,,10.90,0.0545,true,1,164824
7290115208801,false,לחמית דבש ואגוזים אסם 190 גרם,לחמית,IL,לחמית דבש ואגוזים 19,גרמים,190.00,100 גרם,false,,9.90,0.0521,true,1,165532
7290115209174,false,במבה אורירית קלאסי 60 גר',אסם השקעות בעמ,IL,במבה אורירית אסם 60,גרמים,60.00,100 גרם,false,,4.30,0.0717,true,1,164665
7290115400847,false,עוגיות פרפריות רמי לוי 500 גרם,,,עוגיות פרפריות רמי ל,גרמים,500.00,100 גרם,false,,14.90,0.0298,true,1,164237
7290115400861,false,עוגיות מעמול רמי לוי 500 גרם,,,עוגיות מעמול תמר רמי,גרמים,500.00,100 גרם,false,,14.90,0.0298,true,1,164239
7290115400908,false,עוגיות מגולגלות תמרים רמי לוי 500 גרם,,,עוגיות מגולגלות תמרי,גרמים,500.00,100 גרם,false,,14.90,0.0298,true,1,164242
7290115401097,false,עוגיות נסיכה טעם תות רמי לוי 500 גרם,,,עוגיות נסיכה בטעם תו,גרמים,500.00,100 גרם,false,,14.90,0.0298,true,1,164243
7290115401110,false,עוגיות מיני מרוקאי רמי לוי 500 גרם,,,עוגיות בסגנון מרוקאי,גרמים,500.00,100 גרם,false,,14.90,0.0298,true,1,164245
7290115401158,false,עוגיות מלוחות קריספי רמי לוי 500 גרם,,,עוגיוים מלוחות קריספ,גרמים,500.00,100 גרם,false,,14.90,0.0298,true,1,164246
7290115410877,false,סלט כרוב אדום במיונז,,,סלט כרוב אדום במיונז,גרמים,400.00,100 גרם,false,,10.90,0.0273,true,1,161617
7290115410884,false,חציל על האש 400ג רמילוי,,,חציל על האש רמי לוי,גרמים,400.00,100 גרם,false,,10.90,0.0273,true,1,161618
7290115410891,false,חומוס מסבחה 400ג רמילוי,,,חומוס מסבחה רמי לוי,גרמים,400.00,100 גרם,false,,10.90,0.0273,true,1,159010
7290115410952,false,חציל במיונז 400ג רמילוי,,,חציל במיונז רמי לוי,גרמים,400.00,100 גרם,false,,10.90,0.0273,true,1,161623
7290115410969,false,חומוס לפיתה 700ג רמילוי,,,סלט חומוס לפיתה רמי,גרמים,700.00,100 גרם,false,,10.90,0.0156,true,1,155916
7290115411157,false,חומוס עם חריף 400ג רמילוי,,,חומוס עם חריף רמי לו,גרמים,400.00,100 גרם,false,,10.90,0.0273,true,1,161624
7290115480016,false,סוד פאוור קאפס לכביסה צבעונית 26 יחי,סוד,HU,סוד קפסולות ג'ל 3+1,יחידה,26.00,יחידה,false,,29.90,1.1500,true,1,164192
7290115480016,false,סוד פאוור קאפס לכביסה צבעונית 26 יחי,סוד,HU,סוד קפסולות ג'ל 3+1,Unknown,26.00,יחידה,false,,29.90,1.1500,true,1,164192
7290115671346,false,מיני פינוקיות טופי קרמל מלוח עלית 180 גרם,"הגביע מוצרי ופלים בע""\מ",IL,מיני פינוקיות טופי ק,גרמים,180.00,100 גרם,false,,10.90,0.0606,true,1,157942
7290115671353,false,מיני פינוקיות עוגיות קקאו במילוי קרם בטעם וניל,"הגביע מוצרי ופלים בע""\מ",IL,מיני פינוקיות שחור ל,גרמים,180.00,100 גרם,false,,10.90,0.0606,true,1,160098
7290115675559,false,מארז קפה טורקי לדרך 10 יחידות,שטראוס קפה בי.וי.,IL,מארז טורקי לדרך 70 ג,גרמים,70.00,100 גרם,false,,7.90,0.1129,true,1,160101
7290115676051,false,"משקה אקטיביה שיבולת שועל במתיקות מעודנת 250 מ""ל",מיוצר עי קונדיטוריית,IL,"משקה אקטיביה עם ש""ש",מיליליטרים,265.00,"100 מ""ל",false,,5.10,0.0192,true,1,158529
7290115676099,false,משקה דנונה פרו 20 יוגורט וניל 255 ג' רבנות,"שטראוס בריאות בע""\מ.",IL,משקה דנונה פרו 20 ונ,גרמים,255.00,100 גרם,false,,6.90,0.0271,true,1,157637
7290115677904,false,חומוס פלפלים חריף אחלה 235 גרם,מיוצר עי קונדיטוריית,IL,חומוס פלפלים חריף אח,גרמים,235.00,100 גרם,false,,11.90,0.0506,true,1,156765
7290115677966,false,ממרח אבוקדו טעם הטבע 200 גרם,ג'י. אר. סימפלוט,MX,ממרח אבוקדו שטראוס 2,גרמים,200.00,100 גרם,false,,14.90,0.0745,true,1,168701
7290115678376,false,מעדן הגולן שוקולד 125 גרם,מיוצר עי קונדיטוריית,IL,מעדן הגולן שוקולד 12,גרמים,125.00,100 גרם,false,,2.90,0.0232,true,1,157924
7290115678383,false,מעדן הגולן שוקולד מריר 125 גרם,מיוצר עי קונדיטוריית,IL,מעדן הגולן שוקולד מר,גרמים,125.00,100 גרם,false,,2.90,0.0232,true,1,157925
7290116051888,false,צלחות בלה 9' (8 יח'),,,צלחות בלה 9' (8 יח'),100 יחידה,8.00,100 יחידה,false,,25.90,3.2375,true,1,164459
7290116052700,false,סכין שקוף רמי לוי 40,,,סכין שקוף רמי לוי 40,100 יחידה,40.00,100 יחידה,false,,8.90,0.2225,true,1,165075
7290116052717,false,כפית שקוף רמי לוי 40,,,כפית שקוף רמי לוי 40,100 יחידה,40.00,100 יחידה,false,,7.90,0.1975,true,1,165076
7290116052724,false,מזלג שקוף רמי לוי 40,,,מזלג שקוף רמי לוי 40,100 יחידה,40.00,100 יחידה,false,,8.90,0.2225,true,1,165077
7290116052731,false,כף שקוף רמי לוי 40 י,,,כף שקוף רמי לוי 40 י,100 יחידה,40.00,100 יחידה,false,,8.90,0.2225,true,1,165078
7290116053028,false,מזלג פרימיום שקוף 40,,,מזלג פרימיום שקוף 40,100 יחידה,40.00,100 יחידה,false,,7.90,0.1975,true,1,164720
7290116053172,false,אטבי כביסה צבעוניים 30 יח',,,אטבי כביסה צבעוניים,יחידה,30.00,יחידה,false,,10.90,0.3633,true,1,165833
7290116053172,false,אטבי כביסה צבעוניים 30 יח',,,אטבי כביסה צבעוניים,Unknown,30.00,יחידה,false,,10.90,0.3633,true,1,165833
7290116054247,false,מארז 50 צלחות קרם 8.5' בסט וליו,,,צלחת 8.5 קרם בסט ולי,יחידה,50.00,יחידה,false,,17.90,0.3580,true,1,163899
7290116054247,false,מארז 50 צלחות קרם 8.5' בסט וליו,,,צלחת 8.5 קרם בסט ולי,Unknown,50.00,יחידה,false,,17.90,0.3580,true,1,163899
7290116055657,false,כוסות חד פעמי לשתייה חמה 40 יח,,,כוס חם 8 (40 יח') רמ,100 יחידה,40.00,100 יחידה,false,,12.90,0.3225,true,1,164723
7290116056296,false,צלחת 9' קרם (50 יח') בסט וליו,,,צלחת 9 קרם 50 יחידות,יחידה,1.00,יחידה,false,,21.90,21.9000,true,1,163868
7290116056296,false,צלחת 9' קרם (50 יח') בסט וליו,,,צלחת 9 קרם 50 יחידות,Unknown,1.00,יחידה,false,,21.90,21.9000,true,1,163868
7290116056302,false,צלחת 9' לבן (50 יח') בסט וליו,,,צלחת 9 לבן 50 יחידות,יחידה,1.00,יחידה,false,,21.90,21.9000,true,1,163869
7290116056302,false,צלחת 9' לבן (50 יח') בסט וליו,,,צלחת 9 לבן 50 יחידות,Unknown,1.00,יחידה,false,,21.90,21.9000,true,1,163869
7290116056968,false,מטליות 50יח לניקוי וחיטוי 99.9%,,,מטליות לניקוי וחיטוי,יחידה,50.00,יחידה,false,,7.90,0.1580,true,1,158730
7290116056968,false,מטליות 50יח לניקוי וחיטוי 99.9%,,,מטליות לניקוי וחיטוי,Unknown,50.00,יחידה,false,,7.90,0.1580,true,1,158730
7290116242408,false,מיני פופ סוכריה על מקל עם כדור 8 גר' ריינבוקורן,Unknown,IL,מיני פופ סוכריה על מ,גרמים,8.00,100 גרם,false,,10.90,1.3625,true,1,159931
7290116244051,false,אצבעות שוקולד חלב 84 גרם LOL,סטילנד שוקולד,NL,אצבעות שוקולד חלב אל,גרמים,84.00,100 גרם,false,,7.90,0.0940,true,1,159935
7290116530871,false,נשנושים מיקס בייגל בייגל 240 גרם,"דרך השוקולד ,1 צפת 13404",IL,נשנושים מיקס 240 גרם,גרמים,240.00,100 גרם,false,,11.90,0.0496,true,1,164509
7290116531090,false,בייגל בייגל דג דג במליחות עדינה 250 גרם,"דרך השוקולד ,1 צפת 13404",IL,דגדג חטיף אפוי במליח,גרמים,250.00,100 גרם,false,,9.90,0.0396,true,1,159639
7290116531793,false,הלמנ'ס רוטב לסלט קיסר 295 גרם,יוניליוור ישראל מזון בע\,IL,רוטב לסלט קיסר 295 ג,גרמים,295.00,100 גרם,false,,10.80,0.0366,true,1,159046
7290116532011,false,קליק אוקיי נוגט בציפוי שוקולד חלב 35 גרם,תות תעשיות מזון (2014) ב,IL,חטיף נוגט קליק 35 גר,גרמים,35.00,100 גרם,false,,4.90,0.1400,true,1,159646
7290116930282,false,ארוחה בקטנה לאבנה עם קרקרים 150ג' תנובה,תנובה חלב,IL,ארוחה בקטנה לאבנה עם,גרמים,150.00,100 גרם,false,,8.50,0.0567,true,1,165366
7290116930435,false,יוגורט יופלה GO במרקם סמיך עם דובדבן 0%,תנובה מרכז שיתופי לש,IL,יוגורט יופלה גו סמיך,גרמים,200.00,100 גרם,false,,5.90,0.0295,true,1,164233
7290116930459,false,"יופלה שייק מנגו בננה אננס וקוקוס 230 מ""ל",קבוצת המזון אקטשלאר,IL,יופלה שייק בננה אננ,מיליליטרים,230.00,"100 מ""ל",false,,7.90,0.0343,true,1,164733
7290116930466,false,"משקה SHAKE בננה מנגן פסיפלורה והל 230 מ""ל יופלה",קבוצת המזון אקטשלאר,IL,יופלה שייק מנגו בננ,מיליליטרים,230.00,"100 מ""ל",false,,7.90,0.0343,true,1,164734
7290116930480,false,"משקה SHAKE בננה קיווי תפוח 230 מ""ל יופלה",קבוצת המזון אקטשלאר,IL,יופלה שייק בננה קיו,מיליליטרים,230.00,"100 מ""ל",false,,7.90,0.0343,true,1,164735
7290116930626,false,ארוחה בקטנה ציזיקי עם קרקרים 150ג' תנובה,תנובה חלב,IL,ארוחה בקטנה ציזיקי ע,גרמים,150.00,100 גרם,false,,8.50,0.0567,true,1,165367
7290116930657,false,"משקה חלב גו בטעם בננה תמר בתוספת שיבולת שועל במרקם חלק 340 מ""ל",תנובה מרכז שיתופי לש,IL,משקה חלב גו בננה תמר,גרמים,340.00,100 גרם,false,,7.90,0.0232,true,1,166461
7290116930701,false,מעדן חלב GO מועשר בחלבון בטעם קרמל מלוח,תנובה מרכז שיתופי לש,IL,מעדן חלב גו בטעם קרמ,גרמים,120.00,100 גרם,false,,4.90,0.0408,true,1,164741
7290116930718,false,מעדן תנובה דיאט בטעם שוקולד וקרמל מלוח 0% 150ג' תנובה,"תנובה בע""\מ",IL,מעדן תנובה דיאט בטעם,גרמים,150.00,100 גרם,false,,4.00,0.0267,true,1,164855
7290116930954,false,יוגורט טעם פאי תפוחים 3% 150 ג' יופלה,"תנובה בע""\מ",IL,יופלה פאי תפוחים 3%,גרמים,150.00,100 גרם,false,,5.00,0.0333,true,1,166462
7290116931081,false,מעדן סויה - טופי קרמל 125 גרם אלטרנטיב,תנובה מרכז שיתופי לש,IL,מעדן סויה בטעם טופי,גרמים,125.00,100 גרם,false,,4.20,0.0336,true,1,165369
7290116931289,false,יופלה גו במרקם סמיך אלפחורס 200מל,תנובה מרכז שיתופי לש,IL,גו סמיך אלפחורס 200,גרמים,200.00,100 גרם,false,,6.10,0.0305,true,1,168565
7290117260890,false,פופקורן בציפוי בטעם קוקוס 90 גרם,אלאלסי,UA,פופקורן בטעם קוקוס ו,גרמים,90.00,100 גרם,false,,6.90,0.0767,true,1,159598
7290117260906,false,פופקורן בציפוי בטעם פירות 90 גרם,אלאלסי,UA,פופקורן בטעם פירות ו,גרמים,90.00,100 גרם,false,,6.90,0.0767,true,1,159599
7290117261514,false,סלמון אטלנטי בשמן קנולה ולימון 120 גרם ויליפוד,קריות זול,LV,סלמון אטלנטי בשמן קנ,גרמים,120.00,100 גרם,false,,10.90,0.0908,true,1,165669
7290117261521,false,סלמון אטלנטי בשמן קנולה 120 גרם ויליפוד,קריות זול,LV,סלמון אטלנטי בשמן קנ,גרמים,120.00,100 גרם,false,,10.90,0.0908,true,1,165670
7290117261569,false,סלמון אטלנטי מעושן בשמן קנולה 120 גרם ויליפוד,קריות זול,LV,סלמון אטלנטי מעושן ב,גרמים,120.00,100 גרם,false,,10.90,0.0908,true,1,165672
7290117261583,false,סרדינים בריסלינג מעושנים בשמן קנולה 129 גרם (צנצנת),גולדן פרייז קאנינג אל.טי,LV,סרדינים בריסלינג מעו,גרמים,185.00,100 גרם,false,,13.90,0.0751,true,1,166214
7290117262030,false,רגע-וופל במילוי קרם טעם שוקולד 200 גרם ויליפוד,,GR,וופל במילוי קרם בטעם,גרמים,200.00,100 גרם,false,,14.90,0.0745,true,1,164875
7290117262061,false,רגע-וופל במילוי טעם קקאו ואגוזי לוז 200 גרם ויליפוד,,GR,וופל במילוי קרם בטעם,גרמים,200.00,100 גרם,false,,14.90,0.0745,true,1,164878
7290117262290,false,פרלינים אגוזים במילוי פצפוצי דגנים פריכים מצופים שוקולד חלב 50 גרם,מודרן צוקולטה,TR,פרלינים אגוזים במילו,גרמים,50.00,100 גרם,false,,5.90,0.1180,true,1,168310
7290117380185,false,סוויט פוף חטיף מצופה שוקולד חלב ולבן,"טחנת האבן תעשיות בע""",IL,סוויט פוף שוקולד חלב,גרמים,50.00,100 גרם,false,,4.50,0.0900,true,1,164378
7290117380864,false,סלים דליס פייבר עוגות בראוניס אישיות בטעם שוקולד 120 גרם,הלמה הלום,NL,עוגות אישיות בטעם שו,גרמים,120.00,100 גרם,false,,11.90,0.0992,true,1,164380
7290117821466,false,ביצת הפתעה סוכ. חיות חוו,PAZARLAMA GIDA GLOBAL,IL,ביצת הפתעה עם סוכרי,גרמים,20.00,100 גרם,false,,7.90,0.3950,true,1,166316
7290117829592,false,צ.גפן מתוק בדלי פיג'יי,קוטון קנדי,IL,צמר גפן מתוק בדלי 50,גרמים,50.00,100 גרם,false,,10.90,0.2180,true,1,166317
7290117829615,false,צמר גפן מתוק בדלי 50,,,צמר גפן מתוק בדלי 50,גרמים,50.00,100 גרם,false,,10.90,0.2180,true,1,166318
7290117900932,false,גרעין אבטיח קלוי 130 גרם,דין שיווק וקלייה בעמ,IL,גרעיני אבטיח קלויים,גרמים,130.00,100 גרם,false,,10.90,0.0838,true,1,164908
7290117900949,false,בוטנים מצופים אמריקאים 250 גרם,"שקדיה גבע תעשיות בע""",IL,בוטנים מצופים אמריקא,גרמים,250.00,100 גרם,false,,10.90,0.0436,true,1,164909
7290117900956,false,תערובת פיצוחים קלויים ששון הקולה 180 גרם,"שקדיה גבע תעשיות בע""",IL,תערובת פיצוחים קלויי,גרמים,180.00,100 גרם,false,,15.90,0.0883,true,1,164910
7290117900970,false,שקדים קלויים ששון הקולה 180 גם,דין שיווק וקלייה בעמ,IL,שקדים קלויים ששון הק,גרמים,180.00,100 גרם,false,,15.90,0.0883,true,1,164912
7290117900987,false,אגוז פקאן קלוף ששון הקולה 140 גרם,"שקדיה גבע תעשיות בע""",IL,אגוז פקאן קלוף ששון,גרמים,140.00,100 גרם,false,,15.90,0.1136,true,1,164913
7290117900994,false,פקאן סיני מסוכר ששון הקולה 140 גרם,"שקדיה גבע תעשיות בע""",IL,פקאן סיני מסוכר ששון,גרמים,140.00,100 גרם,false,,15.90,0.1136,true,1,164914
7290117901007,false,פיסטוקים קלויים ששון הקולה 130 גרם,"שקדיה גבע תעשיות בע""",IL,פיסטוקים קלויים ששון,גרמים,130.00,100 גרם,false,,15.90,0.1223,true,1,164915
7290117901014,false,קשיו קלוי ששון הקולה 160 גרם,"שקדיה גבע תעשיות בע""",IL,קשיו קלוי ששון הקולה,גרמים,160.00,100 גרם,false,,15.90,0.0994,true,1,164916
7290117901021,false,קבוקים בוטנים מצופים עם שומשום 220 גרם,"שקדיה גבע תעשיות בע""",IL,קבוקים בוטנים מצופים,גרמים,220.00,100 גרם,false,,10.90,0.0495,true,1,164917
7290117901038,false,אגוזי מלך קלופים ששון הקולה 190 גרם,"שקדיה גבע תעשיות בע""",IL,אגוזי מלך קלופים ששו,גרמים,190.00,100 גרם,false,,15.90,0.0837,true,1,164918
7290117901045,false,בוטן רביולי ששון הקולה 200 גרם,דין שיווק וקלייה בעמ,IL,בוטן רביולי ששון הקו,גרמים,200.00,100 גרם,false,,15.90,0.0795,true,1,164919
7290117901052,false,שקדים קלופים ששון הק,"שקדיה גבע תעשיות בע""",IL,שקדים קלופים ששון הק,גרמים,180.00,100 גרם,false,,15.90,0.0883,true,1,164920
7290118070276,false,פותחן ליין,,,פותחן ליין,יחידה,1.00,יחידה,false,,16.90,16.9000,true,1,165842
7290118070276,false,פותחן ליין,,,פותחן ליין,Unknown,1.00,יחידה,false,,16.90,16.9000,true,1,165842
7290118072966,false,חנוכיה אורות,,,חנוכיה אורות,יחידה,1.00,יחידה,false,,69.90,69.9000,true,1,168389
7290118072966,false,חנוכיה אורות,,,חנוכיה אורות,Unknown,1.00,יחידה,false,,69.90,69.9000,true,1,168389
7290118072997,false,סביבון קשת,,,סביבון קשת,יחידה,1.00,יחידה,false,,16.90,16.9000,true,1,168391
7290118072997,false,סביבון קשת,,,סביבון קשת,Unknown,1.00,יחידה,false,,16.90,16.9000,true,1,168391
7290118073697,false,חנוכייה מתכת צבעונית,,,חנוכייה מתכת צבעונית,יחידה,1.00,יחידה,false,,11.90,11.9000,true,1,168600
7290118073697,false,חנוכייה מתכת צבעונית,,,חנוכייה מתכת צבעונית,Unknown,1.00,יחידה,false,,11.90,11.9000,true,1,168600
7290118073710,false,מקל מטאטא מחוזק 130סמ צבעוני,,,מקל מטאטא מחוזק 130,יחידה,1.00,יחידה,false,,7.90,7.9000,true,1,168394
7290118073710,false,מקל מטאטא מחוזק 130סמ צבעוני,,,מקל מטאטא מחוזק 130,Unknown,1.00,יחידה,false,,7.90,7.9000,true,1,168394
7290118420514,false,אינסטנט פודינג בטעם נוגט אסם 75 גרם,"אסם תעשיות בע""מ",IL,אסם אינסטנט פודינג נ,גרמים,75.00,100 גרם,false,,4.90,0.0653,true,1,166457
7291044077209,false,מארז סוללות רמי לוי,,,מארז סוללות רמי לוי,יחידה,1.00,יחידה,false,,14.90,14.9000,true,1,147711
7291044077209,false,מארז סוללות רמי לוי,,,מארז סוללות רמי לוי,Unknown,1.00,יחידה,false,,14.90,14.9000,true,1,147711
7291049187897,false,בקבוק שמפניה+פרלינים,,,בקבוק שמפניה+פרלינים,יחידה,1.00,יחידה,false,,39.90,39.9000,true,1,166485
7291049187897,false,בקבוק שמפניה+פרלינים,,,בקבוק שמפניה+פרלינים,Unknown,1.00,יחידה,false,,39.90,39.9000,true,1,166485
7291049189464,false,בקבוק שמפניה מרובע כ,,,בקבוק שמפניה מרובע כ,יחידה,1.00,יחידה,false,,29.90,29.9000,true,1,166486
7291049189464,false,בקבוק שמפניה מרובע כ,,,בקבוק שמפניה מרובע כ,Unknown,1.00,יחידה,false,,29.90,29.9000,true,1,166486
7291049214869,false,"באקט מתכת 10 ס""מ למו",,,"באקט מתכת 10 ס""מ למו",יחידה,1.00,יחידה,false,,29.90,29.9000,true,1,164840
7291049214869,false,"באקט מתכת 10 ס""מ למו",,,"באקט מתכת 10 ס""מ למו",Unknown,1.00,יחידה,false,,29.90,29.9000,true,1,164840
7299854145262,false,כוסות נייר שתיה חמה,כוסות שתייה חמה 3 ב,,כוסות נייר שתיה חמה,יחידה,50.00,יחידה,false,,12.90,0.2580,true,1,156324
7299854145262,false,כוסות נייר שתיה חמה,כוסות שתייה חמה 3 ב,,כוסות נייר שתיה חמה,Unknown,50.00,יחידה,false,,12.90,0.2580,true,1,156324
7312040017683,false,"אבסולוט וודקה, 700 מ''ל",חברת אבסולוט,SE,"וודקה אבסולוט 700 מ""",מיליליטרים,700.00,"100 מ""ל",false,,67.90,0.0970,true,1,142186
7501013101348,false,"נקטר בטעם מנגו 500 מ""ל JUMEX",חומקס קומר קומרסאליזדורה,MX,ג'ומקס נקטר מנגו 473,מיליליטרים,473.00,"100 מ""ל",false,,8.40,0.0178,true,1,149678
7501013101355,false,"נקטר בטעם אפרסק 500 מ""ל JUMEX",חומקס קומר קומרסאליזדורה,MX,ג'ומקס נקטר אפרסק 47,מיליליטרים,473.00,"100 מ""ל",false,,8.40,0.0178,true,1,149677
7501013101362,false,"נקטר בטעם קוקוס ואננס 500 מ""ל JUMEX",חומקס קומר קומרסאליזדורה,MX,ג'ומקס משקה קוקוס אנ,מיליליטרים,473.00,"100 מ""ל",false,,8.40,0.0178,true,1,149679
7501013122039,false,ג'ומקס מיץ מנגו קרטונית ליטר תריסר,חומקס קומר קומרסאליזדורה,MX,ג'ומקס נקטר מנגו קרט,מיליליטרים,1000.00,"100 מ""ל",false,,9.50,0.0095,true,1,149468
7501013122053,false,ג'ומקס מיץ אפרסק קרטונית ליטר תריסר,חומקס קומר קומרסאליזדורה,MX,ג'ומקס נקטר אפרסק קר,מיליליטרים,1000.00,"100 מ""ל",false,,9.50,0.0095,true,1,149466
7501013122114,false,"נקטר משקה אננס בקרטונית ג'ומקס, 1 ל'",חומקס קומר קומרסאליזדורה,MX,ג'ומקס משקה אננס קרט,מיליליטרים,1000.00,"100 מ""ל",false,,9.50,0.0095,true,1,149467
7501013122190,false,ג'ומקס מיץ תפוחים קרטונית ליטר תריסר,חומקס קומר קומרסאליזדורה,MX,ג'ומקס משקה תפוחים ק,מיליליטרים,1000.00,"100 מ""ל",false,,9.50,0.0095,true,1,149469
7501013122992,false,ג'ומקס מיץ קוקוס אננס קרטונית ליטר תריסר,חומקס קומר קומרסאליזדורה,MX,ג'ומקס משקה קוקוס אנ,מיליליטרים,1000.00,"100 מ""ל",false,,9.50,0.0095,true,1,149470
7501064191398,false,שישיית בירה קורונה אקסטרא *355 מל,קריניציה ויטמינה אס,MX,בירה קורונה שישייה 3,מיליליטרים,2130.00,"100 מ""ל",false,,39.90,0.0187,true,1,149018
7610008641506,false,טורינו מריר שוקולד שוויצרי,קמיל בלוך,CH,שוקולד מריר טורינו 1,גרמים,100.00,100 גרם,false,,17.90,0.1790,true,1,160987
7610400068505,false,לינדט לינדור בונבוניירה שוקולד חלב 200 גרם,לינדט ושפרונגלי קילשברג,CH,לינדור בונ' מילק 200,גרמים,200.00,100 גרם,false,,29.90,0.1495,true,1,158828
7610400068529,false,לינדט לינדור בונבוניירה כדורי שוקולד מטעמים 200 גרם,לינדט ושפרונגלי קילשברג,CH,לינדור בונ' אסורטד 2,גרמים,200.00,100 גרם,false,,29.90,0.1495,true,1,158829
7613030979647,false,דגני בוקר טריקס פירות עולם היורה 480 ג',ג'נרל מילס סאן אדריא,CL,דגני תירס תפוחים בטע,גרמים,480.00,100 גרם,false,,23.90,0.0498,true,1,145779
7613032045753,false,פיטנס - דגני בוקר שוקולד 375 גרם,נסטלה צרפת איטנקורט,FR,פיטנס שוקולד 375 גרם,גרמים,375.00,100 גרם,false,,19.90,0.0531,true,1,145780
7613033548192,false,פיטנס - דגני בוקר שוקולד מריר 375 גרם,נסטלה צרפת איטנקורט,FR,פיטנס שוקולד מריר 37,גרמים,375.00,100 גרם,false,,19.90,0.0531,true,1,145781
7613035622623,false,פיטנס - גרנולה שקדים ודבש 300 גרם,שוורצקוף& הנקל דיסלד,LT,פיטנס גרנולה שקדים ו,גרמים,300.00,100 גרם,false,,14.90,0.0497,true,1,145784
7613036520492,false,פרפקטו רוטב עגבניות לפיצה אסם 400 גרם,אסם פרפקטו Perfecto,ES,רוטב עגבניות לפיצה פ,גרמים,400.00,100 גרם,false,,10.50,0.0263,true,1,147011
7613036737623,false,קראנץ' רולס נסטלה 410 גרם,"אסם תעשיות בע""מ",FR,קראנץ מקס 410 גרם,גרמים,410.00,100 גרם,false,,23.90,0.0583,true,1,148864
7613287121783,false,סמארטיס מיני 16*187 גרם,נסטלה גרמניה,DE,סמארטיס מיני 187 גרם,גרמים,187.00,100 גרם,false,,14.90,0.0797,true,1,157115
7613287186928,false,סטארבקס קפסולות קפה ברקפסט רוסט 10יח,נסטלה שוויץ - קפה,CH,סטארבקס קפסולות ברקפ,גרמים,56.00,100 גרם,false,,22.90,0.4089,true,1,157687
7613287325808,false,אוסם - דיפ אנד ספרד מטבל איולי שום 295 גרם,נסטלה פולין,PL,רוטב איולי שום לחיץ,גרמים,295.00,100 גרם,false,,12.90,0.0437,true,1,158724
7613287325822,false,אוסם - דיפ אנד ספרד מטבל מיקס 295 גרם,נסטלה,PL,רוטב מיקס לחיץ אסם 2,גרמים,295.00,100 גרם,false,,12.90,0.0437,true,1,158725
7613287325853,false,אוסם - דיפ אנד ספרד מטבל איולי ספייסי 295 גרם,נסטלה פולין,PL,אסם רוטב ספייסי איול,גרמים,295.00,100 גרם,false,,12.90,0.0437,true,1,158726
7622010001858,false,עוגיות אוראו ממולאות קרם וניל 176 גרם.,פי אר ג'\יי אס אי מנדלז,UA,אוראו וניל 176 גרם ב,גרמים,176.00,100 גרם,false,,9.90,0.0563,true,1,141285
7622201050757,false,שוקולד מילקה טבלת חלב עם קרמל 100 ג',מילקה Milka,DE,שוקולד חלב במילוי קר,גרמים,100.00,100 גרם,false,,6.90,0.0690,true,1,150655
7622201401900,false,עוגיות סנסיישן אוראו מילקה 156 גרם,מונדלז פולסקה פרודקש,PL,עוגיות מילקה סנסיישן,גרמים,156.00,100 גרם,false,,10.90,0.0699,true,1,155098
7622201798154,false,גבינת שמנת לייט מופחתת שומן 13% שומן,מיודלז אספניה פרודוק,ES,גבינת שמנת פילדלפיה,גרמים,150.00,100 גרם,false,,14.90,0.0993,true,1,158201
7622201801809,false,מילקה שוקולד חלב עם אגוזים 100 גרם חדש,מנדלז דויצ'\לנד סנקס פרו,DE,שוקולד חלב עם שברי א,גרמים,100.00,100 גרם,false,,6.90,0.0690,true,1,158164
7622201802363,false,מילקה טבלת שוקולד חלב וצימוקים ואגוזים 100ג',מנדלז דויצ'\לנד סנקס פרו,DE,שוקולד חלב עם אגוזים,גרמים,100.00,100 גרם,false,,6.90,0.0690,true,1,158165
7622201802394,false,שוקולד מילקה חלב מסרונים 100 גרם,מנדלז דויצ'\לנד סנקס פרו,DE,שוקולד חלב מילקה 100,גרמים,100.00,100 גרם,false,,6.90,0.0690,true,1,158166
7622201808631,false,אוראו מיני עוגיות ממולאות קרם וניל 67גרם,פי.טי. מונדלז אינדונ,ID,אוראו מיני כוסות בטע,גרמים,67.00,100 גרם,false,,7.90,0.1179,true,1,159559
7622201813390,false,עוגיות מילקה וואפל במילוי קרם קקאו 150 ג,מונדליז סי.אר. ביסקוויט,CZ,מילקה וואפל במילוי ק,גרמים,132.00,100 גרם,false,,10.90,0.0826,true,1,158742
7622201819170,false,שוקולד מילקה דרק שקדים 85 גרם.,מונדלז דויטשלנד סנאק,DE,מילקה דארק שקדים 85,גרמים,85.00,100 גרם,false,,7.90,0.0929,true,1,158743
7622201819408,false,שוקולד מילקה דרק קרמל 85 גרם.,מונדלז דויטשלנד סנאק,DE,מילקה דארק קרמל 85 ג,גרמים,85.00,100 גרם,false,,7.90,0.0929,true,1,158744
7622201823733,false,עוגיות מילקה ת'ינס - דקות 151 גרם,מונדלייז,ES,עוגיות מילקה ת'ינס ד,גרמים,151.00,100 גרם,false,,10.90,0.0722,true,1,168319
7622210078131,false,שוקולד חלב עם שבבי קרמל מילקה דיים 100 גרם,מנדלז דויצ'\לנד סנקס פרו,DE,שוק' מילקה דאיים 100,גרמים,100.00,100 גרם,false,,6.90,0.0690,true,1,158679
7622210163899,false,שוקולד חלב במילוי סוכריות עדשים,מונדלז דויצ'לנד סנקס,DE,מילקה שוקולד חלב עם,גרמים,100.00,100 גרם,false,,6.90,0.0690,true,1,146271
7622210392589,false,טובלרון טייני שוקולד חלב 200 גרם,מונדלז סוויצרלנד פרודקשן,CH,טובלרון טייני חלב 20,גרמים,200.00,100 גרם,false,,17.90,0.0895,true,1,161515
7622210453327,false,עוגיות שוקוצ'יפס במילוי שוקולד סנסיישן,מנדלז פולסקה פרודקשן,PL,מילקה סנסיישן עוגיות,גרמים,158.00,100 גרם,false,,11.90,0.0753,true,1,168673
7622210464729,false,אוראו גולדן עוגיות וניל במילוי קרם וניל,מונדלייז,CZ,אוראו גולדן 154 גרם,גרמים,154.00,100 גרם,false,,6.90,0.0448,true,1,152338
7622210597915,false,פרלינים לבבות שוקולד חלב ממולא קרם נוגט,מונדלז בולגריה פרודק,BG,מילקה לבבות פרלינים,גרמים,110.00,100 גרם,false,,11.90,0.1082,true,1,165546
7622210637994,false,מיני עוגיות אוראו קראנצ'י בייטס אורגינל,מונדלז אספניה ג'לאטס,ES,אוראו ביס קראנ'צי או,גרמים,110.00,100 גרם,false,,9.90,0.0900,true,1,155099
7622210638021,false,מיני עוגיות אוראו קראנצ'י בייטס מצופים,מונדלז אספניה ג'לאטס,ES,אוראו ביס קראנ'צי בצ,גרמים,110.00,100 גרם,false,,9.90,0.0900,true,1,155100
7622210664150,false,"עוגיות אוראו וניל, 396 גרם",מונדלייז,CZ,עוגיות אוראו וניל 39,גרמים,396.00,100 גרם,false,,15.90,0.0402,true,1,165547
7622210690852,false,מילקה שוקולד טריולד 280 גרם,מונדלייז,AT,מילקה טריולד 280 גרם,גרמים,280.00,100 גרם,false,,17.90,0.0639,true,1,163884
7622210693266,false,מילקה שוקולד אגוזים שלמים 270 גרם,מונדלז אוסטרייך פרודקשן,AT,מילקה אגוזים שלמים 2,גרמים,270.00,100 גרם,false,,17.90,0.0663,true,1,163887
7622210826053,false,שוקולד מילקה אוראו סנדוויץ 92 גר',גיאורי קאקסז קייאףטי,HU,שוקולד מילקה אוראו ס,גרמים,92.00,100 גרם,false,,6.90,0.0750,true,1,155101
7622300441715,false,עוגיות מילקה ביסקוויט ממולא קרם חלב מצופה למחצה בשוקולד חלב 150 גר',מוביל בעל מוניטין,CZ,מילקה עוגיות שוקו מי,גרמים,150.00,100 גרם,false,,11.90,0.0793,true,1,161548
7622300489427,false,עוגיות אוראו בציפוי בטעם שוקולד לבן 246 גרם,מנדלז אספנה גאלטס פר,ES,אוראו עוגיות מצופות,גרמים,246.00,100 גרם,false,,18.90,0.0768,true,1,154519
7622300489434,false,"עוגיות אוראו פאדג' בציפוי שוקולד חלב, 246 גרם",מנדלז אספנה גאלטס פר,ES,אוראו עוגיות מצופות,גרמים,246.00,100 גרם,false,,18.90,0.0768,true,1,154520
7622300503079,false,עוגיות ביסקוויט מצופה שוקולד חלב מילקה 200 גרם,מונדלז פולסקה פרודקש,PL,מילקה מוו ביסקוויט מ,גרמים,200.00,100 גרם,false,,10.90,0.0545,true,1,141290
7622300761363,false,אוראו מיני עוגיות ממולאות קרם שוקו 67 גר,פי.טי. מונדלז אינדונ,ID,אוראו מיני עוגיות עם,גרמים,67.00,100 גרם,false,,7.90,0.1179,true,1,150702
7622400005190,false,שוקולד חלב נגיעות שוקולד לבן מילקה 100 ג,מנדלז דויצ'\לנד סנקס פרו,DE,שוקולד חלב חום לבן מ,גרמים,100.00,100 גרם,false,,6.90,0.0690,true,1,150657
7630477891639,false,סטארבקס קפסולות קפה ורונה 10 יחידות,נסטלה שוויץ - קפה,CH,קפסולות קפה קפה ורונ,גרמים,55.00,100 גרם,false,,22.90,0.4164,true,1,154957
7630477891653,false,סטארבקס קפסולות קפה אספרסו נטול 10 יחידו,נסטלה שוויץ - קפה,CH,קפסולות קפה נטול קפא,גרמים,57.00,100 גרם,false,,22.90,0.4018,true,1,154958
7630477891677,false,סטארבקס קפסולות קפה פייק פלייס 10 יחידות,נסטלה שוויץ - קפה,CH,קפסולות קפה פייק פלי,גרמים,53.00,100 גרם,false,,22.90,0.4321,true,1,154959
7630477891691,false,סטארבקס קפסולות קפה קולמביה 10 יחידות,נסטלה שוויץ - קפה,CH,קפסולות קפה קולומביה,גרמים,57.00,100 גרם,false,,22.90,0.4018,true,1,154960
7630477891714,false,סטארבקס קפסולות קפה אספרסו 10 יחידות,נסטלה שוויץ - קפה,CH,קפסולות קפה אספרסו ר,גרמים,57.00,100 גרם,false,,22.90,0.4018,true,1,154961
7640103867013,false,"שערות סבתא ""תות "" 15 גרם",אסאבא פוד,ID,שערות סבתא תות 1/24,גרמים,15.00,100 גרם,false,,3.90,0.2600,true,1,161793
7702024074625,false,פיטנס - חטיפי קרקר חיטה מלאה 234 גרם,קומסטיבלס לה רוזה אס.איי,CO,פיטנס חטיפי קרקר חיט,גרמים,234.00,100 גרם,false,,11.90,0.0509,true,1,148865
7777555509625,false,מברשת לניקוי איכותית,,IT,מברשת לניקוי איכותית,יחידה,1.00,יחידה,false,,14.90,14.9000,true,1,153813
7777555509625,false,מברשת לניקוי איכותית,,IT,מברשת לניקוי איכותית,Unknown,1.00,יחידה,false,,14.90,14.9000,true,1,153813
7777886600091,false,שישיית כפיות,,,שישיית כפיות,יחידה,1.00,יחידה,false,,7.90,7.9000,true,1,152534
7777886600091,false,שישיית כפיות,,,שישיית כפיות,Unknown,1.00,יחידה,false,,7.90,7.9000,true,1,152534
7777886600664,false,שלישית כפיות לימונדה,,,שלישית כפיות לימונדה,יחידה,1.00,יחידה,false,,6.90,6.9000,true,1,152532
7777886600664,false,שלישית כפיות לימונדה,,,שלישית כפיות לימונדה,Unknown,1.00,יחידה,false,,6.90,6.9000,true,1,152532
7777886602347,false,מטאטא פיורנטינה,,,מטאטא פיורנטינה,יחידה,1.00,יחידה,false,,24.90,24.9000,true,1,154042
7777886602347,false,מטאטא פיורנטינה,,,מטאטא פיורנטינה,Unknown,1.00,יחידה,false,,24.90,24.9000,true,1,154042
7777886604914,false,מחבת יציקה איכותית 28 wood edition,,,מחבת יציקה איכותית 2,יחידה,1.00,יחידה,false,,69.90,69.9000,true,1,147761
7777886604914,false,מחבת יציקה איכותית 28 wood edition,,,מחבת יציקה איכותית 2,Unknown,1.00,יחידה,false,,69.90,69.9000,true,1,147761
7777886605225,false,קולפן מקצועי רב שימושי,,,קולפן גרמני מקצועי,יחידה,1.00,יחידה,false,,19.90,19.9000,true,1,149962
7777886605225,false,קולפן מקצועי רב שימושי,,,קולפן גרמני מקצועי,Unknown,1.00,יחידה,false,,19.90,19.9000,true,1,149962
7777887755554,false,סט סכינים רב שימושיות רמי לוי,,,סט סכינים רב שימושיו,יחידה,1.00,יחידה,false,,19.90,19.9000,true,1,147765
7777887755554,false,סט סכינים רב שימושיות רמי לוי,,,סט סכינים רב שימושיו,Unknown,1.00,יחידה,false,,19.90,19.9000,true,1,147765
7920005431364,true,"עוגת גבינה כלש""פ",,,"עוגת גבינה כלש""פ",,0.00,,false,,6.00,0.0000,true,1,141004
8000300389067,false,בונ.באצ'י פרימיום שק125ג,באצי פרוגינה איטליה,IT,שקית באצ'י 125 גרם,גרמים,125.00,100 גרם,false,,19.90,0.1592,true,1,166204
8000320010088,false,"רוטב עגבניות במרקם גס 680 מ""ל MUTTI",קונסרב,IT,פסאטה צ'יריו במרקם ג,מיליליטרים,680.00,"100 מ""ל",false,,11.90,0.0175,true,1,165700
8000320010095,false,"רוטב עגבניות במרקם עדין 700 מ""ל MUTTI",קונסרב,IT,פסאטה צ'יריו במרקם ע,מיליליטרים,700.00,"100 מ""ל",false,,11.90,0.0170,true,1,165701
8000380003754,false,עוגיות וופל קפה קפוצ'ינו 100 גרם לואקר,"כד בני דרום בע""מ",IT,גרנד פטיסרי קפוצ'ינו,גרמים,100.00,100 גרם,false,,12.90,0.1290,true,1,148958
8000380003761,false,וופל גרנד פטיסרי שוקולד וקוקוס לואקר 100 גרם,קריניציה ויטמינה אס,IT,לואקר גרנד פטיסרי קו,גרמים,100.00,100 גרם,false,,12.90,0.1290,true,1,152053
8000380005598,false,מארז וופל שוקולד טורטינה Tortina שוקולד מריר,א. לואקר אס. פי. אי-אי.,IT,ופלים טורטינה מריר ל,גרמים,125.00,100 גרם,false,,16.90,0.1352,true,1,157708
8000380007219,false,וופלים בטעם אגוזים לואקר 175 גרם,ליימן מותגים,AT,ופלים אגוזים נאפוליט,גרמים,175.00,100 גרם,false,,11.90,0.0680,true,1,155650
8000380007264,false,וופלים בטעם קקאו לואקר 175 גרם,קריניציה ויטמינה אס,AT,ופלים שוקולד קרם קקא,גרמים,175.00,100 גרם,false,,11.90,0.0680,true,1,156226
8000380007271,false,וופל במילוי קרם חלב לואקר 175 גרם,ליימן מותגים,AT,וופל במילוי קרם חלב,גרמים,175.00,100 גרם,false,,11.90,0.0680,true,1,156227
8000380142484,false,קוביות וופל קואדרטיני Quadratini בטעם שוקולד מריר,"אינסטנטה בע""מ",AT,ופל קוביות קוואדרטינ,גרמים,250.00,100 גרם,false,,14.90,0.0596,true,1,152052
8000380153442,false,וופל קלאסיק בטעם אגוזים לואקר 90 גרם,ליימן שליסל,IT,לואקר בטעם אגוז 90 ג,גרמים,90.00,100 גרם,false,,5.00,0.0556,true,1,142839
8000380153466,false,וופל קלאסיק בטעם קקאו לואקר 90 גרם,קריניציה ויטמינה אס,IT,לואקר בטעם קקאו 90 ג,גרמים,90.00,100 גרם,false,,5.00,0.0556,true,1,142840
8000380153534,false,מארז וופל שוקולד טורטינה Tortina שוקולד לבן,א. לואקר אס. פי. אי-אי.,IT,ופל טורטינה מצופה שו,גרמים,125.00,100 גרם,false,,16.90,0.1352,true,1,155694
8000380180721,false,לואקר וופל קקאו במילוי קרם חלבי 175 גר,קריניציה ויטמינה אס,AT,ופל קקאו במילוי קרם,גרמים,175.00,100 גרם,false,,11.90,0.0680,true,1,156228
8000380201396,false,שוקולד חלב ממולא קרם קרמל ועלי וופל פריכ,ליימן מותגים,AT,טורטינה 1/6 קרמל,יחידה,6.00,יחידה,false,,16.90,2.8167,true,1,156555
8000380201396,false,שוקולד חלב ממולא קרם קרמל ועלי וופל פריכ,ליימן מותגים,AT,טורטינה 1/6 קרמל,Unknown,6.00,יחידה,false,,16.90,2.8167,true,1,156555
8000380205400,false,וופלים קואדרטיני חמאת בוטנים לואקר 250 גרם,ליימן מותגים,AT,וופל קואדרטיני חמאת,גרמים,250.00,100 גרם,false,,14.90,0.0596,true,1,163985
8000380206896,false,וופל גרדנה חמאת בוטנים לואקר 200 גרם,ליימן מותגים,IT,וופל גרדנה חמאת בוטנ,גרמים,200.00,100 גרם,false,,13.90,0.0695,true,1,163987
8000392006132,false,מגב אייפל פטנט,,CN,מגב אייפל פטנט,יחידה,1.00,יחידה,false,,26.90,26.9000,true,1,147766
8000392006132,false,מגב אייפל פטנט,,CN,מגב אייפל פטנט,Unknown,1.00,יחידה,false,,26.90,26.9000,true,1,147766
8000500018828,false,שלישיית קינדר שוקולד חצי מטר 100 גרם,קינדר Kinder,IT,קינדר שוקולד חצי מטר,יחידה,1.00,יחידה,false,,20.90,20.9000,true,1,148034
8000500018828,false,שלישיית קינדר שוקולד חצי מטר 100 גרם,קינדר Kinder,IT,קינדר שוקולד חצי מטר,Unknown,1.00,יחידה,false,,20.90,20.9000,true,1,148034
8000500023976,false,בונבוניירת רפאלו פררו 150 גרם,פררו - אלבה,PL,רפאלו 150 גרם,גרמים,150.00,100 גרם,false,,14.90,0.0993,true,1,144146
8000500026731,false,שוקולד ביצי הפתעה קינדר שלישייה,פררו אס.פי.אי,IT,קינדר ביצת הפתעה שלש,גרמים,60.00,100 גרם,false,,14.90,0.2483,true,1,144147
8000500028124,false,קינדר גוי ביצת הפתעה מארז שלישיה,ליימן שליסל,ZA,קינדר גוי שלשות 60 ג,גרמים,60.00,100 גרם,false,,14.90,0.2483,true,1,166148
8000500029350,false,מארז וופל מצופה 3יח' *43 גרם קינדר בואנו,פררו - אלבה,PL,קינדר בואנו שלישיה 3,גרמים,129.00,100 גרם,false,,10.90,0.0845,true,1,144148
8000500032237,false,בונבונרייה פררו רושר 375 גרם,פררו - אלבה,IT,פררו רושר 375 גרם,גרמים,375.00,100 גרם,false,,39.90,0.1064,true,1,149502
8000500071083,false,אצבעות שוקולד קינדר Kinder שש עשרה יחידות,פררו - אלבה,IT,קינדר אצבעות שוקולד,גרמים,200.00,100 גרם,false,,11.90,0.0595,true,1,144150
8000500121436,false,מארז קינדר בואנו Kinder Bueno לבן שלוש יחידות,פררו - אלבה,PL,קינדר בואנו לבן שלשה,גרמים,117.00,100 גרם,false,,10.90,0.0932,true,1,144152
8000500192801,false,בונבוניירה רושה 100 גרם,פררו,IT,פררו רושר שוקולד עם,גרמים,100.00,100 גרם,false,,14.90,0.1490,true,1,166484
8000500224281,false,נוטלה בי רדי חטיף קופה,פררו,IT,נוטלה בי רדי 22 גרם,גרמים,22.00,100 גרם,false,,2.50,0.1136,true,1,159953
8000500227848,false,נוטלה - בי רדי אצבעות ביסקוויט במילוי שוקולד 6 יח' * 22 גרם,פררו,IT,נוטלה בי רדי 6*22 גר,גרמים,132.00,100 גרם,false,,10.90,0.0826,true,1,146821
8000500249352,false,קינדר בואנו מיני מיקס שקית 205 ג',פררו - אלבה,PL,קינדר בואנו מיני מיק,גרמים,205.00,100 גרם,false,,19.90,0.0971,true,1,144157
8000500267103,false,קינדר דליס עוגת ספוג קקאו במילוי חלבי*10,קינדר Kinder,IT,קינדר עוגיות אישיות,גרמים,390.00,100 גרם,false,,19.90,0.0510,true,1,146819
8000500269169,false,קינדר קארדס Kinder Cards - חמישייה,קריות זול,IT,קינדר קרדס 128 גרם,גרמים,128.00,100 גרם,false,,13.90,0.1086,true,1,161562
8000500294345,false,רושר איש שלג שוקולד חלב ואגוזי לוז 90 גר,פררו,PL,פררו רושה איש שלג 90,גרמים,90.00,100 גרם,false,,14.90,0.1656,true,1,150043
8000500310397,false,נוטלה עוגיות נוטלה בגליל 12יח' - NUTELLA BISCUITTS,קריות זול,IT,נוטלה ביסקוויט 166 ג,גרמים,166.00,100 גרם,false,,15.00,0.0904,true,1,168482
8000500360262,false,קינדר שוקולד דמויות חנוכה,צ'וקטה,PL,"קינדר ""חנוכיה"" 135 ג",גרמים,135.00,100 גרם,false,,16.90,0.1252,true,1,155329
8000500366073,false,נוטלה עוגיות נוטלה בשקית 20 יח'- NUTELLA BISCUITTS,נוטלה Nutella,IT,נוטלה ביסקוויט 276 ג,גרמים,276.00,100 גרם,false,,19.90,0.0721,true,1,168483
8000500374542,false,שוקולד מריר מעולה אגוזי לוז פררו רושה125,רושר,PL,גרנד פררו רושה דארק,גרמים,125.00,100 גרם,false,,14.90,0.1192,true,1,159345
8000500386941,false,"ממרח קקאו עם אגוזי לוז, 900 גרם",קדבורי,IT,ממרח קקאו עם אגוזי ל,גרמים,900.00,100 גרם,false,,29.90,0.0332,true,1,163944
8000698463295,false,בונבוניירה אלודי 250 גר FELETTI,H.D.I,IT,בונ' אלודי 250 ג' FE,גרמים,250.00,100 גרם,false,,59.90,0.2396,true,1,163059
8000920704974,false,"בן אנד ג'ריס שוקולד בראוניס 150 מ""ל",מוצרי איכות אמריקאיי,IL,שוקולד בראוניס 150 מ,גרמים,150.00,100 גרם,false,,9.90,0.0660,true,1,145397
8001160000888,false,"גטורייד משקה ספורט תפוז 500 מ""ל",אקווה מינרלה סאן בנדטו,IT,גטורייד ספורט תפוז 5,מיליליטרים,500.00,"100 מ""ל",false,,10.40,0.0208,true,1,152902
8001160001786,false,"משקה אנרגיה גטורייד ספורט כחול 500מ""ל",אקווה מינרלה סאן בנדטו,IT,גטורייד ספורט כחול 5,מיליליטרים,500.00,"100 מ""ל",false,,10.40,0.0208,true,1,152903
8001160001892,false,"משקה אנרגיה גטורייד ספורט תפוז אדום 500מ""ל",אקווה מינרלה סאן בנדטו,IT,גטורייד ספורט תפוז א,מיליליטרים,500.00,"100 מ""ל",false,,10.40,0.0208,true,1,154369
8001620015636,false,"משקה פירות פרוטה-מיקס פירות 400 מ""ל סאן בנדטו",אקווה מינרלה סאן בנדטו ב,IT,סן בנדטו מיקס פירות,מיליליטרים,400.00,"100 מ""ל",false,,7.30,0.0182,true,1,156837
8001620018408,false,"משקה פירות בטעם מנגו תפוח 400 מ""ל פרוטה",אקווה מינרלה סאן בנדטו ב,IT,סן בנדטו מנגו תפוח 4,מיליליטרים,400.00,"100 מ""ל",false,,7.30,0.0182,true,1,159087
8001620019160,false,"סן בנדטו מים מינרלים בטעם אפרסק 500 מ""ל",אקווה מינרלה סאן בנדטו ב,IT,סן בנדטו אפרסק 400 מ,מיליליטרים,400.00,"100 מ""ל",false,,6.90,0.0172,true,1,164500
8001620019177,false,"סן בנדטו מים מינרלים בטעם ענבים 500 מ""ל",אקווה מינרלה סאן בנדטו ב,IT,סן בנדטו ענבים 400 מ,מיליליטרים,400.00,"100 מ""ל",false,,6.90,0.0172,true,1,164501
8001841716596,false,"ג'ל רחצה ושמפו מרענן האד אנד שולדרס 360 מ""ל","נארז ע""י : א.ג. גילר",FR,ג'ל רחצה ושמפו מרענן,מיליליטרים,360.00,"100 מ""ל",false,,19.90,0.0553,true,1,157476
8002085001257,false,חטיף צ'יפס בקופסא-טב,,,חטיף צ'יפס בקופסא-טב,גרמים,100.00,100 גרם,false,,11.90,0.1190,true,1,168594
8002085001264,false,חטיף צ'יפס בקופסא- פ,,,חטיף צ'יפס בקופסא- פ,גרמים,100.00,100 גרם,false,,11.90,0.1190,true,1,168595
8002085001776,false,חטיף צ'יפס בקופסא- ש,,,חטיף צ'יפס בקופסא- ש,גרמים,100.00,100 גרם,false,,11.90,0.1190,true,1,168596
8002085001899,false,חטיף צ'יפס בקופסא- ב,,,חטיף צ'יפס בקופסא- ב,גרמים,100.00,100 גרם,false,,11.90,0.1190,true,1,168597
8003440997710,false,מסטיק ביג באבול בטעם קולה לימון צ'ופה צ'ופס 27.6 גרם,מותגים,IT,גומי לעיסה ביג באבול,גרמים,27.60,100 גרם,false,,2.90,0.1051,true,1,158313
8003440997741,false,גומי לעיסה ביג באבול בטעם תפוח ירוק 27.6 ג',,TR,גומי לעיסה ביג באבול,גרמים,27.60,100 גרם,false,,2.90,0.1051,true,1,158314
8003440997772,false,מסטיק ביג באבול בטעם פטל כחול צ'ופה צ'ופס 27.6 גרם,מותגים,IT,גומי לעיסה ביג באבול,גרמים,27.60,100 גרם,false,,2.90,0.1051,true,1,158315
8004030022010,false,ירקות גינה עם טונה ריו מרה אינסלטיסימי 160 ג',"בולטון אלימנטרי בע""\מ",IT,סלט ירקות גינה עם טו,גרמים,160.00,100 גרם,false,,15.90,0.0994,true,1,149201
8004030026018,false,"מקסיקני עם טונה ריו מרה אינסלטיסימי, 160 ג'","בולטון אלימנטרי בע""\מ",IT,סלט ירקות שעועית ותי,גרמים,160.00,100 גרם,false,,15.90,0.0994,true,1,149202
8004030102033,false,טונה בשמן זית עם מיץ לימון ופלפל שחור - מארז 3 יח',בולטון אלימנטרי,IT,נתחי טונה בהירה בשמן,גרמים,240.00,100 גרם,false,,24.90,0.1037,true,1,148146
8004030344938,false,"ריו מרה טונה בשמן זית 3X80 גרם מתכון חדש כשל""פ","בולטון אלימנטרי בע""\מ",IT,נתתי טונה בהירה בשמן,גרמים,240.00,100 גרם,false,,24.90,0.1037,true,1,146139
8005110170300,false,עגבניות מרוסקות חתוכות מוטי MUTTI שלישיה *400,מוטי Mutti,IT,עגבניות מרוסקות מוטי,גרמים,1200.00,100 גרם,false,,17.90,0.0149,true,1,146521
8005110191015,false,רסק עגבניות ובזיליקום 700 ג' (ירוק) MUTTI,"איי, בי, אינבוו",IT,מחית עגבניות פסאטה ו,גרמים,700.00,100 גרם,false,,16.90,0.0241,true,1,146523
8005110200014,false,רסק עגבניות מרוכז - מוטי,"איי, בי, אינבוו",IT,רסק עגבניות 22° בתוס,גרמים,210.00,100 גרם,false,,8.50,0.0405,true,1,146524
8005110551253,false,רוטב לפיצה להכנת פיצה איטלקית קלאסית,"איי, בי, אינבוו",IT,רוטב עגבניות לפיצה מ,גרמים,400.00,100 גרם,false,,9.90,0.0248,true,1,152163
8005200256587,false,נסטי - תה קר בטעם אפרסק 1.5 ליטר,מפעל סאנפלגרינו S.P.A,IT,נסטי אפרסק 1.5 ליטר,מיליליטרים,1500.00,"100 מ""ל",false,,8.90,0.0059,true,1,159007
8005200316588,false,תה קר דיאט בטעם אפרסק נסטי 1.5 ליטר,מפעל סאנפלגרינו s.p.a,IT,נסטי דיאט אפרסק 1.5,מיליליטרים,1500.00,"100 מ""ל",false,,8.90,0.0059,true,1,159009
8005200486526,false,"נסטי, תה קר בטעם אפרסק 500 מל",מפעל סאנפלגרינו S.p.,IT,נסטי אפרסק בקבוק 500,מיליליטרים,500.00,"100 מ""ל",false,,7.80,0.0156,true,1,142197
8006423461789,false,בונבונירה כדור בונבו,SORINI-Holding Dolci,IT,בונ' כדור בונבון סור,גרמים,450.00,100 גרם,false,,59.90,0.1331,true,1,158778
8006423461987,false,בונבוניירה סילין 300 גרם SORINI,הולדינג דולסיירה,IT,סוריני סילין שוקולד,גרמים,300.00,100 גרם,false,,35.00,0.1167,true,1,163095
8006423462502,false,בונבוניירה קלאסיק 265 גרם SORINI,HDI SORINI,IT,בונ' סוריני קלאסיק 2,גרמים,280.00,100 גרם,false,,45.00,0.1607,true,1,163098
8006423463073,false,בונבוניירה ולנטיין קטנה 120 גר SORINI,,IT,בונ' ולנטיין קטנה 12,גרמים,120.00,100 גרם,false,,32.90,0.2742,true,1,163100
8006423469624,false,בונבוניירה ונציה 290 גר SORINI,HDI SORINI,,סוריני ונצריה שוקולד,גרמים,290.00,100 גרם,false,,55.00,0.1897,true,1,163112
8006540383018,false,טבליות למדיח פלטינום דיפ קלין 23 יח פיירי,פרוקטר אנד גמבל,BE,פיירי טבליות פלטינום,יחידה,23.00,יחידה,false,,39.90,1.7348,true,1,163878
8006540383018,false,טבליות למדיח פלטינום דיפ קלין 23 יח פיירי,פרוקטר אנד גמבל,BE,פיירי טבליות פלטינום,Unknown,23.00,יחידה,false,,39.90,1.7348,true,1,163878
8006540495186,false,לנור מרכך כביסה מרוכז רגיש בייבי 900 מל,פרוקטר אנד גמבל,FR,לנור מרכך כביסה בייב,מיליליטרים,900.00,"100 מ""ל",false,,16.90,0.0188,true,1,164778
8006540495247,false,"לנור מרכך כביסה מרוכז בניחוח פרחי בר 900 מ""ל",פרוקטר אנד גמבל,FR,לנור מרכך כביסה בניח,מיליליטרים,900.00,"100 מ""ל",false,,16.90,0.0188,true,1,164780
8008698004548,false,שר ביסקוויט בציפוי קרם שוקולד חלב ללא גלוטן 150 גר',"ד""ר שר ס.ר.ל",DE,ביסקוויט בציפוי קרם,גרמים,150.00,100 גרם,false,,19.90,0.1327,true,1,165910
8008698005347,false,"ביסקוויט מצופות שוקולד מריר לל""ג 150 גר",שר Schar,IT,ביסקוויט עם שוקולד ל,גרמים,150.00,100 גרם,false,,14.90,0.0993,true,1,165913
8008698032084,false,עוגיות מיני וחברים ללא גלוטן 125 גר,,DE,עוגיות מיני וחברים ל,גרמים,125.00,100 גרם,false,,11.90,0.0952,true,1,165917
8008698054109,false,מילוי גריס - ממרח אגוזי לוז עם קקאו בתוספות מקלות 52 גרם,"ד""ר שר ס.ר.ל",IT,מילי גריס שר 52 גרם,גרמים,52.00,100 גרם,false,,12.90,0.2481,true,1,165919
8008857200057,false,פסטה רג'ייה ספגטי שטוח 500 גר',רגיה,IT,פסטה לינגוויני פסטה,גרמים,500.00,100 גרם,false,,5.90,0.0118,true,1,160728
8008857200194,false,פסטה רגיה 19 ספגטי תומר 500 גרם,רגיה,IT,פסטה ספגטי פסטה רג'י,גרמים,500.00,100 גרם,false,,5.90,0.0118,true,1,160729
8008857300344,false,פסטה רגיה 34. צינור תומר 500 גרם,רגיה,IT,פסטה פנה רג'יאה 500,גרמים,500.00,100 גרם,false,,5.90,0.0118,true,1,160732
8008857300481,false,פסטה רגיה 48 בורג תומר 500 גרם,רגיה,IT,פסטה פוסילי פסטה רג',גרמים,500.00,100 גרם,false,,5.90,0.0118,true,1,160733
8013108003509,false,בונבוניירה מיקס שוקולד 160 גר CAFFAREL,CAFFAREL,IT,בונ' כרית מיקס שוקול,גרמים,160.00,100 גרם,false,,29.90,0.1869,true,1,163114
8023492000336,false,סטיק שוקולד מריר עם אגוזים 150 גר DG 3,די.גי 3 דולצאריה ס.ר,IT,שוקולד מריר עם אגוזי,גרמים,150.00,100 גרם,false,,14.90,0.0993,true,1,163156
8032880800243,false,פיקניק הפתעה - אגוזי לוז ומקלות אפויים,"הוסטה איטליה, ס.ר.ל.",IT,פיקניק הפתעה 50 גרם,גרמים,50.00,100 גרם,false,,7.20,0.1440,true,1,144670
8076800195033,false,ברילה - צ.א ספגטיני מס3 חדש 500 גרם,ברילה גי.אי.אר פרטלי ס.פ,IT,ספגטיני מספר 3 ברילה,גרמים,500.00,100 גרם,false,,6.90,0.0138,true,1,141876
8076800195057,false,ברילה - צ.א ספגטי מס5 חדש 500 גרם,ברילה גי.אי.אר פרטלי ס.פ,IT,פסטה ספגטי מספר 5 בר,גרמים,500.00,100 גרם,false,,6.90,0.0138,true,1,143778
8076802085738,false,ברילה צ.ק פנה רגטה מס' 73 500 גרם,ברילה גי.אי.אר פרטלי ס.פ,IT,פסטה פנה רגטה מספר 7,גרמים,500.00,100 גרם,false,,6.90,0.0138,true,1,143780
8076802085981,false,ברילה - צ.ק פוזילי חדש 500 גרם,ברילה גי.אי.אר פרטלי ס.פ,IT,פסטה פוזילי מספר 98,גרמים,500.00,100 גרם,false,,6.90,0.0138,true,1,141877
8076808060654,false,פסטה פרפלה מספר 65 ברילה 500 גרם,ברילה גי.אי.אר פרטלי ס.פ,IT,פסטה פרפלה מספר 64 ב,גרמים,500.00,100 גרם,false,,6.90,0.0138,true,1,143781
8076808150072,false,ברילה - צ.א ספגטוני מס7 חדש 500 גרם,ברילה גי.אי.אר פרטלי ס.פ,IT,פסטה ספגטי מספר 7 בר,גרמים,500.00,100 גרם,false,,6.90,0.0138,true,1,146424
8076809513739,false,ברילה רוטב עגבניות עם בזיליקום 400 גרם,ברילה גי.אי.אר פרטלי ס.פ,IT,רוטב עגבניות לפסטה ב,גרמים,400.00,100 גרם,false,,14.90,0.0373,true,1,143785
8410076610386,false,נייטשר ואלי פרוטאין בוטנים עם ציפוי בטעם קרמל מלוח 160 ג',ג'\נרל מילס סאן אדריאן S,ES,נייצ'ר וואלי פרוטאין,גרמים,160.00,100 גרם,false,,26.90,0.1681,true,1,148961
8410076621047,false,עוגות אישיות בטעם שוקולד עם חתיכות בטעם שוקולד,"גלאטס סירו בע""\מ",ES,עוגות אישיות פייבר ו,יחידה,5.00,יחידה,false,,14.90,2.9800,true,1,155585
8410076621047,false,עוגות אישיות בטעם שוקולד עם חתיכות בטעם שוקולד,"גלאטס סירו בע""\מ",ES,עוגות אישיות פייבר ו,Unknown,5.00,יחידה,false,,14.90,2.9800,true,1,155585
8410109056549,false,ואלור טב שוק חלב במילוי קרם אגוזים 100,,,שוקולד חלב במילוי קר,גרמים,100.00,100 גרם,false,,12.90,0.1290,true,1,163169
8410128768416,false,ויוה סוי סויה מקצועי קרטונית 1ל',S.A.U\n PASCUAL CALIDAD,ES,ויוה סוי סויה בריסטה,מיליליטרים,1000.00,"100 מ""ל",false,,10.90,0.0109,true,1,166129
8410342005595,false,"טוראס-שוקולד חלב ללת""ס 75 גרם",,ES,טוראס-שוקולד חלב 75,גרמים,75.00,100 גרם,false,,8.90,0.1187,true,1,161003
8410342005625,false,"טוראס-שוקולד חלב אגוז ללת""ס 75 גרם",,ES,טוראס-שוקולד חלב אגו,גרמים,75.00,100 גרם,false,,8.90,0.1187,true,1,161004
8410342006318,false,טוראס שוקולד מריר קפה ללא סוכר 75 גרם,,ES,טוראס-שוקולד מריר קפ,גרמים,75.00,100 גרם,false,,8.90,0.1187,true,1,161006
8410342006585,false,"טוראס-שוקולד מריר 72% ללת""ס 75ג 1/12 (530)",,,טוראס-שוקולד מריר 72,גרמים,75.00,100 גרם,false,,8.90,0.1187,true,1,161007
8410342007049,false,"טוראס-שוקולד מריר 85% ללת""ס 75 גרם",,,טוראס-שוקולד מריר 85,גרמים,75.00,100 גרם,false,,8.90,0.1187,true,1,161008
8410376033267,false,גולון ביסקוויט דגנים ללא סוכר 410 ג',GULLON,,ביסקויט דגנים ללא תו,גרמים,410.00,100 גרם,false,,17.90,0.0437,true,1,168580
8413664611611,false,פאפאס ארגנטה-ציפס דליקטס 180 גרם 1/12 121007,פאפאס ארג'\נטה ס.א.ו.,ES,צ'יפס דליקטס פאפאס א,גרמים,180.00,100 גרם,false,,18.90,0.1050,true,1,161022
8423207206495,false,סלים דליס חטיף דגנים מצופה שוקולד מריר מרבה 6*20 גרם,אף.סי תבליני בגליל ב,ES,חטיף דגנים מלאים מצו,יחידה,1.00,יחידה,false,,10.90,10.9000,true,1,143791
8423207206495,false,סלים דליס חטיף דגנים מצופה שוקולד מריר מרבה 6*20 גרם,אף.סי תבליני בגליל ב,ES,חטיף דגנים מלאים מצו,Unknown,1.00,יחידה,false,,10.90,10.9000,true,1,143791
8423207208680,false,חטיף דגנים שוקולד סלים דליס לילדים מרבה 6 יחידות,ביסנצ'ורי אס.אל.יו,ES,חטיף דגנים מצופה אקס,גרמים,120.00,100 גרם,false,,10.90,0.0908,true,1,143792
8423207208871,false,פריכיות תירס בטעם טבעי סלים דליס 130 גרם,סלים דליס Slim Delis,ES,פרכיות תירס בטעם טבע,גרמים,123.00,100 גרם,false,,9.90,0.0805,true,1,145027
8423207209885,false,מרבה חטיפי סלים דליס מהדורה מיוחדת שוקולד חלב,סלים דליס Slim Delis,ES,חטיף דגנים מצופה אקס,יחידה,1.00,יחידה,false,,10.90,10.9000,true,1,143794
8423207209885,false,מרבה חטיפי סלים דליס מהדורה מיוחדת שוקולד חלב,סלים דליס Slim Delis,ES,חטיף דגנים מצופה אקס,Unknown,1.00,יחידה,false,,10.90,10.9000,true,1,143794
8423207210928,false,חטיף דגנים מצופה שוקולד חלב ואגוזי לוז - 5 במארז,נוטרישן אנד סנטה קוב,ES,חטיף דגנים מצופה שוק,יחידה,5.00,יחידה,false,,10.90,2.1800,true,1,154694
8423207210928,false,חטיף דגנים מצופה שוקולד חלב ואגוזי לוז - 5 במארז,נוטרישן אנד סנטה קוב,ES,חטיף דגנים מצופה שוק,Unknown,5.00,יחידה,false,,10.90,2.1800,true,1,154694
8423207210942,false,חטיף דגנים מצופה שוקולד לבן ופירות יער,נוטרישן אנד סנטה קוב,ES,חטיף דגנים מצופה שוק,יחידה,5.00,יחידה,false,,10.90,2.1800,true,1,154695
8423207210942,false,חטיף דגנים מצופה שוקולד לבן ופירות יער,נוטרישן אנד סנטה קוב,ES,חטיף דגנים מצופה שוק,Unknown,5.00,יחידה,false,,10.90,2.1800,true,1,154695
8423207210966,false,חטיף רב דגנים מצופה שוקולד לבן קוקוס ולימון,נוטרישן אנד סנטה קוב,ES,חטיף דגנים מצופה שוק,יחידה,5.00,יחידה,false,,10.90,2.1800,true,1,154696
8423207210966,false,חטיף רב דגנים מצופה שוקולד לבן קוקוס ולימון,נוטרישן אנד סנטה קוב,ES,חטיף דגנים מצופה שוק,Unknown,5.00,יחידה,false,,10.90,2.1800,true,1,154696
8423207210980,false,סלים דליס טופינג קליפת תפוז 90 גרם,נוטרישן אנד סנטה קוב,ES,חטיף דגנים מצופה שוק,יחידה,5.00,יחידה,false,,10.90,2.1800,true,1,154697
8423207210980,false,סלים דליס טופינג קליפת תפוז 90 גרם,נוטרישן אנד סנטה קוב,ES,חטיף דגנים מצופה שוק,Unknown,5.00,יחידה,false,,10.90,2.1800,true,1,154697
8681270462174,false,דונאט מיני סופגניות,,,דונאט מיני סופגניות,יחידה,1.00,יחידה,false,,1.50,1.5000,true,1,161580
8681270462174,false,דונאט מיני סופגניות,,,דונאט מיני סופגניות,Unknown,1.00,יחידה,false,,1.50,1.5000,true,1,161580
8682151530067,false,בונ' לבנה עם פרחים 3,,,בונ' לבנה עם פרחים 3,גרמים,323.00,100 גרם,false,,69.90,0.2164,true,1,165510
8683130008935,false,"הלמנס קטשיונז 425 גר{הרב רלב""ג}",יוניליוור ישראל שיוו,TR,ממרח קטשיונז הלמנס 4,גרמים,425.00,100 גרם,false,,14.90,0.0351,true,1,159053
8683323063024,false,יוגטה שטיחים בטעם תותי פרוטי 220 גרם,ליימן מותגים,TR,יוגטה שטיחים תותי פר,גרמים,220.00,100 גרם,false,,9.90,0.0450,true,1,142846
8690504081913,false,מקוויטיס טינס מצופה שוקולד חלב 150 גרם,"אולקר ביסקווי סנאי,",TR,טינס מצופה שוקולד חל,גרמים,150.00,100 גרם,false,,10.90,0.0727,true,1,164235
8690504081920,false,מקוויטיס טינס מצופה שוקולד מריר 150 גרם,"אולקר ביסקווי סנאי, א.ס.",TR,טינס מצופה שוקולד מר,גרמים,150.00,100 גרם,false,,10.90,0.0727,true,1,164234
8690504081937,false,מקוויטיס טינס שוקולד חלב וקפוצינו 150 גר,"אולקר ביסקווי סנאי,",TR,טינס מצופה שוקולד חל,גרמים,150.00,100 גרם,false,,10.90,0.0727,true,1,164236
8690504153740,false,גודייבה שוקולד מריר במילוי קרם גנאש 86 גרם,ביסקוט ביסקווי סילבר,TR,גודייבה מריר 86 גרם,גרמים,86.00,100 גרם,false,,14.90,0.1733,true,1,147962
8690637555084,false,"מרכך כביסה מרוכז אקסטרה פריחת התפוז בדין 960 מ""ל",יוניליוור סנאיי וי טיקאר,TR,מרכך כביסה מרוכז לבן,מיליליטרים,960.00,"100 מ""ל",false,,17.90,0.0186,true,1,144817
8690637842382,false,מגנום דאבל פרי יער שטראוס 82 גר,"מיוצר ע""\י יונילוור סנאי",TR,מגנום דאבל פרי יער,יחידה,1.00,יחידה,false,,9.90,9.9000,true,1,150290
8690637842382,false,מגנום דאבל פרי יער שטראוס 82 גר,"מיוצר ע""\י יונילוור סנאי",TR,מגנום דאבל פרי יער,Unknown,1.00,יחידה,false,,9.90,9.9000,true,1,150290
8690637976995,false,"מרכך כביסה מרוכז אקסטרה ורוד סחלבים פראי בדין 960 מ""ל",יוניליוור סנאיי וי טיקאר,TR,מרכך בדין אקסטרה ורו,מיליליטרים,960.00,"100 מ""ל",false,,17.90,0.0186,true,1,155698
8690777203012,false,פלפלים ירוקים כבושים לא חריפים סרה ויליפוד 600 גרם,יוליניבר,TR,פלפלים ירוקים כבושים,גרמים,600.00,100 גרם,false,,12.90,0.0215,true,1,147809
8697431925143,false,קונפיטורה 70% פירות יער 450 ג' FRUPPA,פרוטנגו Fruitango,,קונפיטורה 70% פירות,גרמים,450.00,100 גרם,false,,15.50,0.0344,true,1,160744
8698996006490,false,מגבות נייר 9ב1 רמילוי,,,מגבות נייר 9ב1,יחידה,1.00,יחידה,false,,13.90,13.9000,true,1,156743
8698996006490,false,מגבות נייר 9ב1 רמילוי,,,מגבות נייר 9ב1,Unknown,1.00,יחידה,false,,13.90,13.9000,true,1,156743
8710502064814,false,עוגיות מרבה שוקולד ציפס במרקם רך 175 גר,בנקטבקריי מרבה בי.וי,NL,עוגיות שוקולד צ'יפס,גרמים,175.00,100 גרם,false,,8.90,0.0509,true,1,149208
8710502231018,false,מרבה מיני עוגיות שוקולד צ'יפס 175 גרם,"מרבה בע""\מ",NL,עוגיות שוקולד צ'יפס,גרמים,175.00,100 גרם,false,,9.90,0.0566,true,1,156045
8710502405204,false,עוגיות שוקולד צ'יפס עם קרם שוקולד מרבה 175 גרם,קריניציה ויטמינה אס,NL,עוגיות שוקולד צ'יפס,גרמים,175.00,100 גרם,false,,8.90,0.0509,true,1,146140
8710502470028,false,עוגיות שוקולד צ'יפס ממולאות בקרם נוגט,קריניציה ויטמינה אס,NL,עוגיות שוקולד צ'יפס,גרמים,160.00,100 גרם,false,,8.90,0.0556,true,1,149209
8711327475618,false,"מגנום פיינט וניל קלאסיק 440 מ""ל","מפעל גלידות בווספרם, רחו",HU,מגנום פיינט וניל קלא,גרמים,260.00,100 גרם,false,,20.90,0.0804,true,1,155984
8711327475663,false,מגנום פיינט וניל שוקולד לבן 260 גרם,"מפעל גלידות בווספרם, רחו",HU,מגנום פיינט שוקולד ל,גרמים,260.00,100 גרם,false,,20.90,0.0804,true,1,155985
8712561611183,false,דאב סבון נוזלי 500 תמציות מלפפונים ותה,"יוניליוור גרמניה, Gmbh &",DE,תחליב רחצה עם תה ירו,מיליליטרים,500.00,"100 מ""ל",false,,14.90,0.0298,true,1,149449
8714599104330,false,ג'ייקובס קפה שחור 85 גרם קלוי וטחון טורקי,ג'ייקובס Jacobs,RU,ג'ייקובס קפה שחור 85,גרמים,85.00,100 גרם,false,,7.90,0.0929,true,1,152514
8714599410530,false,גייקובס קרונינג שקית רפיל 200 גרם,ג'יי.די.אי.,UA,ג'ייקובס קרוננג 200,גרמים,200.00,100 גרם,false,,19.90,0.0995,true,1,146276
8714599513828,false,ג'ייקובס קרוננג מיובש בהקפאה 47.5 גרם צנצנת,מאיר בייגל,RU,קפה נמס מיובש בהקפאה,גרמים,47.50,100 גרם,false,,6.90,0.1453,true,1,141298
8714599513866,false,"קפה נמס מיובש בהקפאה קרונג צנצנת ג'ייקובס 200 גרם לל""ס",אל.אל.סי גייקובס דאו,DE,קפה נמס מיובש בהקפאה,גרמים,200.00,100 גרם,false,,27.90,0.1395,true,1,141299
8714789930848,false,"משחת שיניים אופטיק וייט הלבנה מיידית קולגייט 75 מ""ל",הנסיך- מפעל לייצור ט,PL,משחת שיניים אופטיק ו,מיליליטרים,75.00,"100 מ""ל",false,,19.90,0.2653,true,1,146430
8715700110141,false,מיונז קרמי היינץ צנצנת 460ג',ה.י.היינץ הולדינג בי.וי,NL,ממרח מיונז היינץ 460,גרמים,460.00,100 גרם,false,,10.90,0.0237,true,1,141301
8715700110158,false,היינץ ממרח במרקם קרמי צנצנת 490 גרם,ה.י.היינץ הולדינג בי.וי,NL,מיונז היינץ לייט צנצ,גרמים,490.00,100 גרם,false,,10.90,0.0222,true,1,143893
8715700419718,false,מתבל עגבניות היינץ 910 גרם,ה.י. היינץ,NL,קטשופ היינץ 910 גרם,גרמים,910.00,100 גרם,false,,12.90,0.0142,true,1,141302
8715700419732,false,מתבל עגבניות היינץ 700 גרם,ה.י. היינץ,NL,קטשופ היינץ 700 גרם,גרמים,700.00,100 גרם,false,,10.90,0.0156,true,1,145820
8715700423906,false,היינץ מתבל עגבניות מופחת סוכר ומלח 50/50 550 גרם,היינץ צפון אמריקה מק,NL,היינץ מתבל עגבניות מ,גרמים,555.00,100 גרם,false,,10.90,0.0196,true,1,146278
8717163647226,false,"אקס דאודורנט ספריי גוף בלאק 150 מ""ל",ארנסט. רחוב קומבינצק,GB,דאודורנט ספריי גוף ל,מיליליטרים,150.00,"100 מ""ל",false,,13.90,0.0927,true,1,148670
8717163647233,false,"אקס דאודורנט ספריי גוף בלאק נייט 150 מ""ל",ארנסט. רחוב קומבינצק,GB,דאודורנט ספריי גוף ל,מיליליטרים,150.00,"100 מ""ל",false,,13.90,0.0927,true,1,149272
8717677336593,false,טוניס שוקולד חלב 180 גרם רבנות - נוכרי,טוניס/שוקולונלי,NL,שוקולד חלב טוניס 180,גרמים,180.00,100 גרם,false,,19.90,0.1106,true,1,159775
8717677336616,false,שוקולד מריר עם שקדים ומלח טוניס' שוקולונלי 180 גרם,טוניס/שוקולונלי,NL,שוקולד מריר שקדים ומ,גרמים,180.00,100 גרם,false,,19.90,0.1106,true,1,159776
8717677336630,false,שוקולד חלב עם שקדים ודבש טוניס' שוקולונלי 180 גרם,טוניס/שוקולונלי,NL,שוקולד חלב שקדים ודב,גרמים,180.00,100 גרם,false,,19.90,0.1106,true,1,159777
8717677338436,false,שוקולד חלב עם אגוזי לוז טוניס' שוקולונלי 180 גרם,טוניס/שוקולונלי,NL,שוקולד חלב אגוזי לוז,גרמים,180.00,100 גרם,false,,19.90,0.1106,true,1,159779
8718951236790,false,"קולגייט טוטאל משחת שיניים קלין מינט לפה בריא 100 מ""ל",קולגייט פלמוליב,PL,משחת שיניים קלין מינ,מיליליטרים,100.00,"100 מ""ל",false,,16.90,0.1690,true,1,149211
8718951236806,false,"קולגייט טוטאל הלבנה משחת שיניים המסייעת בהסרת כתמים 100 מ""ל",קולגייט Colgate,PL,משחת שיניים עם פלואו,מיליליטרים,100.00,"100 מ""ל",false,,16.90,0.1690,true,1,149212
8718951264618,false,"קולגייט אופטיק וייט פחם צ'רקול משחת שיניים, 75 מ""ל",קולגייט-פלמוליב,PL,קולגייט אופטיק וייט,מיליליטרים,75.00,"100 מ""ל",false,,30.90,0.4120,true,1,152299
8718951428522,false,"פלמוליב סבון רחצה לגבר 4 ב-1 המפ 750 מ""ל",שסטוביץ,TR,פלמוליב סבון רחצה לג,מיליליטרים,750.00,"100 מ""ל",false,,23.90,0.0319,true,1,158678
8718951509627,false,"קולגייט אופטיק וייט לאוהבי קפה ותה משחת שיניים 75 מ""ל",קולגייט פלמוליב,PL,קולגייט אופטיק וויט,מיליליטרים,75.00,"100 מ""ל",false,,30.90,0.4120,true,1,164063
8719200998001,false,מרגרינה לאפיה ובישול בלי מלח 200 ג' בלו בנד,יוניליוור ישראל מזון בע\,IL,מרגרינה לאפיה ובישול,גרמים,200.00,100 גרם,false,,4.50,0.0225,true,1,151517
8719200998094,false,"מרגרינה מזולה לאפיה ללא תוספת מלח 200גר - 40 יח' -כשל""פ","מיוצר ע""\י יוניליוור ישר",IL,מזולה לאפיה ללא מלח,גרמים,200.00,100 גרם,false,,6.50,0.0325,true,1,152080
8719200998100,false,מרגרינה מזולה לאפיה טעם חמאה 200גר - 40 יח',פארייפאבה אגרואינדוס,IL,מזולה לאפיה טעם חמאה,גרמים,200.00,100 גרם,false,,6.50,0.0325,true,1,150841
8726585222263,false,סוכריות קופצות תות ענבים,,,סוכריות קופצות 1/40,יחידה,1.00,יחידה,false,,1.50,1.5000,true,1,161897
8726585222263,false,סוכריות קופצות תות ענבים,,,סוכריות קופצות 1/40,Unknown,1.00,יחידה,false,,1.50,1.5000,true,1,161897
8801055709465,false,אבקה להכנת משקה קפה בטעם קפוצ'ינו וניל,נסטלה קוריאה - קפה,KR,נסקפה קפוצ'ינו וניל,גרמים,185.00,100 גרם,false,,19.90,0.1076,true,1,159520
8801055709472,false,נסטלה - נסקפה קפוצ'ינו קלאסי 12.50 גרם * 10,נסטלה קוריאה - קפה,KR,נסקפה קפוצ'ינו קלאסי,גרמים,125.00,100 גרם,false,,19.90,0.1592,true,1,159521
8809168840471,false,חטיף אצות מיובשות 9*4.5 גרם,ג'י וואן גלובול נאט,KR,חטיף אצות מיובשות 9,יחידה,9.00,יחידה,false,,24.90,2.7667,true,1,156366
8809168840471,false,חטיף אצות מיובשות 9*4.5 גרם,ג'י וואן גלובול נאט,KR,חטיף אצות מיובשות 9,Unknown,9.00,יחידה,false,,24.90,2.7667,true,1,156366
8850180040028,false,קמח טמפורה להכנת בלי,קרנחם אוטאי פחרה,TH,טמפורה 500 גרם,גרמים,500.00,100 גרם,false,,10.90,0.0218,true,1,142788
8850206250592,false,רוטב צ'ילי סריראצ'ה 540 גרם (מזרח ומערב),יאן וואל יון קו.לטד,TH,רוטב צ'ילי סיראצ'ה 5,גרמים,530.00,100 גרם,false,,19.90,0.0375,true,1,142789
8850389103111,false,סאפי משקה אלוורה בטעם ענבים 300מל,סאפה פובליק קומפני ל,TH,סאפה אלוורה בטעם ענב,מיליליטרים,300.00,"100 מ""ל",false,,7.70,0.0257,true,1,142201
8850389105825,false,משקה אלוורה בטעם ענבים סאפה 1 ליטר,סאפה פובליק קומפני לימיט,TH,סאפה אלוורה ענבים 1,מיליליטרים,1000.00,"100 מ""ל",false,,13.20,0.0132,true,1,142202
8850389105832,false,סאפה משקה אלוורה בטעם תפוח עם קוביות אלוורה 1 ליטר,סאפה פובליק קומפני לימיט,TH,סאפה אלוורה תפוחים 1,מיליליטרים,1000.00,"100 מ""ל",false,,13.20,0.0132,true,1,142203
8850389105849,false,סאפה משקה אלוורה מופחת קלוריות בטעם אפרסק 1 ליטר,סאפה פובליק קומפני לימיט,TH,סאפה אלוורה בטעם אפר,מיליליטרים,1000.00,"100 מ""ל",false,,13.20,0.0132,true,1,144719
8850389115312,false,"סאפה אלוורה מלון בקבוק 300 מ""ל",סאפה פובליק קומפני ל,TH,סאפה מלון בקבוק 300,מיליליטרים,300.00,"100 מ""ל",false,,7.70,0.0257,true,1,142204
8850389115336,false,משקה אלוורה בטעם מלון סאפה 1 ליטר,סאפה פובליק קומפני לימיט,TH,סאפה אלוורה מלון בקב,מיליליטרים,1000.00,"100 מ""ל",false,,13.20,0.0132,true,1,145526
8850632601098,false,סוכריית גומי חמוצה,,,מלמ רולר תות ורוד 1/,גרמים,40.00,100 גרם,false,,3.90,0.0975,true,1,161899
8858271002887,false,רוטב טריאקי 250 מ'ל - מקסצ'אפ,דאנינג יוה פודס קו,TH,רוטב טריאקי 250 מ'ל,מיליליטרים,250.00,"100 מ""ל",false,,10.90,0.0436,true,1,142793
8901537024014,false,"אורז בסמטי מובחר 1 ק""ג - דוואט) יורה דיעה",הנסיך- מפעל לייצור ט,IN,"אורז בסמטי 1 ק""ג DAA",גרמים,1000.00,100 גרם,false,,12.90,0.0129,true,1,147813
8990899089908,false,GOOD PHARM - מפיץ ריח זכוכית,,,מפיץ ריח יוקרתי - רמ,גרמים,150.00,100 גרם,false,,15.90,0.1060,true,1,144033
9002859053849,false,גונץ-שוקולד סטיקס מריר תפוז 75 גרם,,,שוקולד סטיקס תפוז גו,גרמים,100.00,100 גרם,false,,10.90,0.1090,true,1,165652
9002859066894,false,גונץ - חטיף מרציפן מצופה שוקולד 100 גרם,Gunz,IL,מרציפן מצופה שוקולד,גרמים,100.00,100 גרם,false,,7.90,0.0790,true,1,161035
9002859100536,false,בונבוניירה אצבעות שוקולד מוצרט 200 גרם,GUNZ WARENHANDELS,,מוצרט (גונץ) אצבעות,גרמים,200.00,100 גרם,false,,14.90,0.0745,true,1,161047
9002859105630,false,גונץ מרציפן מצופה שוקולד חלב ונוגט 75 גר,,AT,מרציפן מצופה שוקולד,גרמים,75.00,100 גרם,false,,7.90,0.1053,true,1,161048
9002975393812,false,סוכריות גילי הריבו האפי צירי 70 גרם,"האריבו , ג'\י.אם.בי.אייץ",AT,סוכריות הריבו האפי צ,גרמים,70.00,100 גרם,false,,6.90,0.0986,true,1,159425
9002975393829,false,סוכריות גילי הריבו פיציס 70 גרם,"האריבו , ג'\י.אם.בי.אייץ",AT,סוכריות הריבו האפי 7,גרמים,70.00,100 גרם,false,,6.90,0.0986,true,1,159426
9002975393836,false,סוכריות גילי הריבו האפי קולה 70 גרם,"האריבו , ג'\י.אם.בי.אייץ",AT,סוכריות הריבו קולה 7,גרמים,70.00,100 גרם,false,,6.90,0.0986,true,1,158837
9002975393843,false,סוכריות גילי הריבו גולדברס 70 גרם,"האריבו , ג'\י.אם.בי.אייץ",AT,סוכריות הריבו גולדבר,גרמים,70.00,100 גרם,false,,6.90,0.0986,true,1,158838
9002975393850,false,סוכריות גילי הריבו וורמס 70 גרם,"האריבו , ג'\י.אם.בי.אייץ",AT,סוכריות הריבו וורמס,גרמים,70.00,100 גרם,false,,6.90,0.0986,true,1,158839
9044400849105,false,סוכריות פז בשקית 10+1 85 גר,פז פרודוקשיין,HU,שקית פז + 10 מילויים,גרמים,85.00,100 גרם,false,,14.90,0.1753,true,1,166277
9044400851672,false,סוכריות פז סוגים שונים + 3 מילויים,פז פרודקשיין יורו,HU,סוכריות פז 1+3,גרמים,22.50,100 גרם,false,,10.90,0.4844,true,1,164598
9310072028750,false,טים טם Tim Tam וופל שוקולד ציפוי כפול,"ארנוטס ביסקוויטס בע""",AU,טיםטם דאבל 200 גרם,גרמים,200.00,100 גרם,false,,19.90,0.0995,true,1,158841
9771565025005,false,עיתון מעריב סוף השבוע,,IL,עיתון מעריב,יחידה,1.00,יחידה,false,,6.00,6.0000,true,1,155238
9771565025005,false,עיתון מעריב סוף השבוע,,IL,עיתון מעריב,Unknown,1.00,יחידה,false,,6.00,6.0000,true,1,155238
9771565051066,false,עיתון ידיעות אחרונות,ידיעות אחרונות,,עיתון ידיעות אחרונות,יחידה,1.00,יחידה,false,,20.00,20.0000,true,1,142685
9771565051066,false,עיתון ידיעות אחרונות,ידיעות אחרונות,,עיתון ידיעות אחרונות,Unknown,1.00,יחידה,false,,20.00,20.0000,true,1,142685
