code,internal_code,name,manufacturer_name,manufacture_country,manufacturer_item_description,unit_qty,quantity,unit_of_measure,weighted,qty_in_package,price,unit_of_measure_price,allow_discount,status,item_id
10320850,false,גבינת עמק 28% שומן פ,,,גבינת עמק 28% שומן פ,גרמים,200.00,100 גרם,false,,15.90,0.0795,true,1,1429747
10321680,false,יוגורט 2.9% תות גו 2,,,יוגורט 2.9% תות גו 2,גרמים,200.00,100 גרם,false,,5.50,0.0275,true,1,1429414
10321697,false,יוגורט 2.9% אפרסק גו,,,יוגורט 2.9% אפרסק גו,גרמים,200.00,100 גרם,false,,5.70,0.0285,true,1,1429409
10323073,false,משקה יוגורט 1% 20 גר,,,משקה יוגורט 1% 20 גר,מיליליטרים,250.00,"100 מ""ל",false,,6.30,0.0252,true,1,1429864
10323585,false,יוגורט לייט 0.5% מוע,,,יוגורט לייט 0.5% מוע,גרמים,200.00,100 גרם,false,,5.70,0.0285,true,1,1429410
10323592,false,יוגורט לייט 0.5% מוע,,,יוגורט לייט 0.5% מוע,גרמים,200.00,100 גרם,false,,5.70,0.0285,true,1,1429411
10326227,false,יופלה און טופ קורנפל,,,יופלה און טופ קורנפל,גרמים,157.00,100 גרם,false,,5.00,0.0318,true,1,1429859
11179345,false,כוסות שתיה קרה 100 י,כוסות שתיה קרה 4 ב 1,,כוסות שתיה קרה 100 י,יחידה,100.00,יחידה,false,,7.90,0.0790,true,1,1415615
40052403,false,קיט קט 4 אצבעות שוקולד חלב,נסטלה Nestle,,קיט קט 4 אצבעות 41.5,גרמים,41.00,100 גרם,false,,4.50,0.1098,true,1,1412171
40122007,false,חומץ יין אדום 6% 500,,,חומץ יין אדום 6% 500,מיליליטרים,500.00,"100 מ""ל",false,,14.00,0.0280,true,1,1423642
41001356,false,"בירה בקס פחית 500 מ""ל",יבואן ומשווק: ש. שסט,,"בקס פחית 500 מ""ל",מיליליטרים,500.00,"100 מ""ל",false,,9.90,0.0198,true,1,1411159
72940754,false,"מילקי מעדן וניל עם קצפת שטראוס 133 מ""ל","שטראוס גרופ בע""\מ",,מילקי מעדן וניל עם ק,גרמים,133.00,100 גרם,false,,2.90,0.0218,true,1,1405555
72940761,false,"מילקי מעדן שוקולד עם קצפת שטראוס 133 מ""ל",מיוצר עי קונדיטוריית,,"מילקי שוקולד 170 מ""ל",מיליליטרים,170.00,"100 מ""ל",false,,2.90,0.0171,true,1,1405556
72940952,false,מעדן מילקי בטעם שוקולד עם אקסטרה קצפת,"שטראוס גרופ בע""\מ",,מילקי אקסטרה קצפת 17,מיליליטרים,170.00,"100 מ""ל",false,,3.90,0.0229,true,1,1405557
72940976,false,סלט כרוב אדום אחלה 250 גרם,מיוצר עי קונדיטוריית,,כרוב אדום 250 גרם,גרמים,250.00,100 גרם,false,,7.40,0.0296,true,1,1405558
72940983,false,סלט חומוס 250 גר אחל,מיוצר עי קונדיטוריית,,חומוס אחלה 250 גרם,גרמים,250.00,100 גרם,false,,6.90,0.0276,true,1,1405559
72941041,false,מעדן מילקי מיני בטעם שוקולד עם קצפת,"שטראוס גרופ בע""\מ",,מיני מילקי בטעם שוקו,גרמים,71.00,100 גרם,false,,2.00,0.0282,true,1,1405560
72945308,false,קוביות שמרים לאפיה שמרית 2*25 ג',"פאקא תעשיות בע""\מ",,שמרים טריים לאפיה שמ,גרמים,50.00,100 גרם,false,,3.60,0.0720,true,1,1405561
72961506,false,יוגורט עם תות 1.5% שומן 125 ג' פרילי,מיוצר עי קונדיטוריית,,פרילי תות 1.5% 125 מ,מיליליטרים,125.00,"100 מ""ל",false,,3.50,0.0280,true,1,1411359
72961520,false,"פרילי יוגורט עם אננס 1.5% תנובה 125 מ""ל",מיוצר עי קונדיטוריית,,פרילי אננס 1.5% 125,מיליליטרים,125.00,"100 מ""ל",false,,3.50,0.0280,true,1,1411361
72961544,false,"באדי יוגורט בטעם תות שדה 3% תנובה 125 מ""ל",מחלבת אלון תבור,,באדי יוגרט תות גביע,מיליליטרים,125.00,"100 מ""ל",false,,3.00,0.0240,true,1,1411362
72964422,false,יוגורט פרחים 4.5% שומן 200 גרם,מחלבת תנובה,,יוגורט לבן 4.5% תנוב,גרמים,200.00,100 גרם,false,,2.90,0.0145,true,1,1411367
72986370,false,"גלידת בן & ג'ריס פיינטים וניל 500מ""ל",מוצרי איכות אמריקאיים,,גלידה וניל בן & ג'רי,מיליליטרים,500.00,"100 מ""ל",false,,21.90,0.0438,true,1,1416850
72986424,false,"גלידת בן & ג'ריס פיינטים קרם עוגיות 500מ""ל",מוצרי איכות אמריקאיים בע,,גלידה קרם עוגיות בן,מיליליטרים,500.00,"100 מ""ל",false,,21.90,0.0438,true,1,1416851
72986448,false,"גלידת בן & ג'ריס פיינטים טופי קראנץ 500מ""ל",מוצרי איכות אמריקאיים בע,,גלידת וניל וטופי בן,מיליליטרים,473.00,"100 מ""ל",false,,21.90,0.0463,true,1,1416852
72986455,false,"גלידה ניו יורק סופר פאדג' צ'אנק בן אנד ג'ריס 500 מ""ל",מוצרי איכות אמריקאיים בע,,גלידת שוקולד ניו יור,מיליליטרים,500.00,"100 מ""ל",false,,21.90,0.0438,true,1,1416853
72986479,false,"גלידה שוקולד אגוז עם בננות בן וג'ירי 500 מ""ל",מוצרי איכות אמריקאיים בע,,גלידה צ'נקי מונקי בן,מיליליטרים,500.00,"100 מ""ל",false,,21.90,0.0438,true,1,1416854
72989425,false,"גלידת בן & ג'ריס פיינטים שוקולד בראוניז 500מ""ל",מוצרי איכות אמריקאיים בע,,גלידת שוקולד עם חתיכ,מיליליטרים,500.00,"100 מ""ל",false,,21.90,0.0438,true,1,1416856
72991886,false,"גלידת דולצ'ה בטעם ריבת חלב עם פאדג' בן וג'ירי 500 מ""ל",מוצרי איכות אמריקאיים בע,,גלידה עם ריבת חלב ופ,מיליליטרים,500.00,"100 מ""ל",false,,21.90,0.0438,true,1,1416857
72993637,false,מעדן חלב בטעם שוקולד 125 ג' דני,"שטראוס גרופ בע""\מ",,דני מעדן חלב בטעם שו,גרמים,125.00,100 גרם,false,,2.70,0.0216,true,1,1405564
72994061,false,חטיף פסק זמן GOOD גלילית לבן 40 גרם,שולן צ'\יקולטה גידה סאן.,,פסק זמן 2 גוד עלית 3,גרמים,36.00,100 גרם,false,,4.90,0.1361,true,1,1416437
80001027,false,לואקר טורטינה שוקולד חלב,"כד בני דרום בע""מ",,חטיף טורטינה שוקולד,גרמים,21.00,100 גרם,false,,4.90,0.2333,true,1,1412172
80001751,false,לואקר וופל סנדוויץ וניל 25 גרם,ליימן שליסל,,חטיף וופל וניל 25 גר,גרמים,25.00,100 גרם,false,,3.90,0.1560,true,1,1412184
80001799,false,לואקר טורטינה שוקולד לבן,"כד בני דרום בע""מ",,וופל טורטינה לבן 21,גרמים,21.00,100 גרם,false,,4.90,0.2333,true,1,1414421
80050124,false,סוכריות טיק טק מנטה 16 גרם,פררו - אלבה,,סוכריות טיק טק מנטה,גרמים,16.00,100 גרם,false,,3.00,0.1875,true,1,1415380
80052760,false,קינדר בואנו Kinder Bueno עם חלב ואגוזי לוז,פררו - אלבה,,קינדר בואנו חלב 43 ג,גרמים,43.00,100 גרם,false,,3.90,0.0907,true,1,1415386
80136194,false,חטיפי הפי היפו Happy Hippo במילוי קרם חלבי ואגוזי לוז,קינדר Kinder,,קינדר הפי היפו אגוז,גרמים,103.50,100 גרם,false,,12.50,0.1208,true,1,1415387
80176800,false,נוטלה ממרח שוקולד 750 גרם,פררו תעשיות איטליה ס,,ממרח אגוזי לוז עם קק,גרמים,750.00,100 גרם,false,,25.90,0.0345,true,1,1415388
80177173,false,ממרח שוקולד נוטלה 350 גרם,פררו - אלבה,,ממרח אגוזי לוז עם קק,גרמים,350.00,100 גרם,false,,14.90,0.0426,true,1,1415389
80177609,false,אצבעות שוקולד קינדר Kinder ארבע יחידות,פררו - אלבה,,אצבעות שוקולד במילוי,גרמים,50.00,100 גרם,false,,3.90,0.0780,true,1,1415391
80177616,false,אצבעות שוקולד קינדר Kinder שמונה יחידות,פררו - אלבה,,קינדר 100 גרם 10 יחי,גרמים,100.00,100 גרם,false,,6.90,0.0690,true,1,1415392
80773429,false,מנטוס בקבוק מעוגל - מסטיק ללא סוכר בטעם תות 60 גרם,"פרפטי ואן מלה ג'\ידה,סאן",,מסטיק מנטוס בקבוק מע,גרמים,60.00,100 גרם,false,,9.90,0.1650,true,1,1412191
80773443,false,מנטוס בקבוק מעוגל - מסטיק ללא סוכר בטעם מנטה 60 גרם,"פרפטי ואן מלה ג'\ידה,סאן",,גומי לעיסה בטעם מנטה,גרמים,60.00,100 גרם,false,,9.90,0.1650,true,1,1412192
80790990,false,מסטיק מנטוס בבקבוק מעוגל בטעם פירות -מנטה 60 ג',"פרפטי ואן מלה ג'\ידה,סאן",,מסטיק מנטוס מעוגל 60,גרמים,60.00,100 גרם,false,,9.90,0.1650,true,1,1412196
80843184,false,מנטוס מסטיק פיור פרש בטעם ענבים 60גר,פרפטי ואן מלה הולנד,,מסטיק מנטוס בקבוק מע,גרמים,60.00,100 גרם,false,,9.90,0.1650,true,1,1437185
80864295,false,סוכריות פיור וויט טעם מנטה עדינה 60 ג' מנטוס,"פרפטי ואן מלה ג'ידה,סאן",,מסטיק מנטוס בקבוק מע,גרמים,60.00,100 גרם,false,,9.90,0.1650,true,1,1437186
80896081,false,מנטוס בקבוק מעוגל - מסטיק ללא סוכר בטעם אבטיח 60 גרם,"פרפטי ואן מלה ג'\ידה,סאן",,מסטיק מנטוס בקבוק מע,גרמים,60.00,100 גרם,false,,9.90,0.1650,true,1,1412206
80913467,false,מנטוס בקבוק מעוגל - מסטיק ללא סוכר בטעם מנטה,פרפטי ואן מלה הולנד,,מסטיק מנטוס מנטה מעו,גרמים,60.00,100 גרם,false,,9.90,0.1650,true,1,1412207
80945468,false,סוכריות פיור וויט טעם מנטה מתוקה 60 ג' מנטוס,"פרפטי ואן מלה ג'ידה,סאן",,מסטיק מנטוס בקבוק מע,גרמים,60.00,100 גרם,false,,9.90,0.1650,true,1,1437187
80979128,false,מנטוס מסטיק בקבוק מעוגל בטעם דובדבן,פרפטי ואן מלה הולנד,,מסטיק מנטוס בקבוק מע,גרמים,60.00,100 גרם,false,,9.90,0.1650,true,1,1437188
80982470,false,מנטוס מסטיק פיור פרוסט בטעם מנטה חזקה 60 ג',פרפטי ואן מלה ברדה,,מנטוס מסטיק פיור פרו,גרמים,60.00,100 גרם,false,,9.90,0.1650,true,1,1434522
80986348,false,סוכריות פיור וויט טעם מנטה 60 ג' מנטוס,"פרפטי ואן מלה ג'ידה,סאן",,מסטיק מנטוס בקבוק מע,גרמים,60.00,100 גרם,false,,9.90,0.1650,true,1,1437189
80995128,false,מנטוס בקבוק עגול בטעם הדרים בתוספת ויטמינים 60 גרם,פרפטי ואן מלה הולנד,,מנטוס מסטיק הדרים בת,גרמים,60.00,100 גרם,false,,9.90,0.1650,true,1,1441522
87108019,false,סוכריות מנטוס מנטה37.5גר,פרפטי ואן מלה,,סוכריות בגליל בטעם מ,גרמים,37.50,100 גרם,false,,3.50,0.0933,true,1,1428515
87108538,false,סוכריות בטעם תות מנטוס 37.5 גרם,הדקלאים אגודת שיתופי,,סוכריות בגליל בטעם ת,גרמים,37.00,100 גרם,false,,3.50,0.0946,true,1,1412212
87311396,false,מנטוס ריינבאוו סוכריות לעיסה בטעמי פירות,פרפטי ואן מלה ברדה,,סוכריות מנטוס ריינבו,גרמים,37.50,100 גרם,false,,3.50,0.0933,true,1,1412218
88888000,true,Temp SuperDept,,,Temp SuperDept,,0.00,,false,,0.00,0.0000,true,1,1420743
88888001,true,אוכל,,,אוכל,,0.00,,false,,0.00,0.0000,true,1,1420744
88888002,true,שתיה,,,שתיה,,0.00,,false,,0.00,0.0000,true,1,1442485
88888003,true,אימפולס,,,אימפולס,,0.00,,false,,0.00,0.0000,true,1,1442486
88888004,true,תוספות לקפה,,,תוספות לקפה,,0.00,,false,,0.00,0.0000,true,1,1420745
88888005,true,חומרי גלם,,,חומרי גלם,,0.00,,false,,0.00,0.0000,true,1,1420746
88888006,true,פירות וירקות,,,פירות וירקות,,0.00,,false,,0.00,0.0000,true,1,1442487
88888008,true,ללא מעמ,,,ללא מעמ,,0.00,,false,,0.00,0.0000,true,1,1420747
88888009,true,ניר פוד,,,ניר פוד,,0.00,,false,,0.00,0.0000,true,1,1442488
88888010,true,אלכוהול,,,אלכוהול,,0.00,,false,,0.00,0.0000,true,1,1442489
88888014,true,נון פוד,,,נון פוד,,0.00,,false,,0.00,0.0000,true,1,1442490
88888016,true,תפעול,,,תפעול,,0.00,,false,,0.00,0.0000,true,1,1442491
88888018,true,שוויצריה הקטנה,,,שוויצריה הקטנה,,0.00,,false,,0.00,0.0000,true,1,1420768
88888100,true,"מפעל-ללא מע""מ",,,"מפעל-ללא מע""מ",,0.00,,false,,0.00,0.0000,true,1,1442492
88888102,true,גלידות ושלגונים,,,גלידות ושלגונים,,0.00,,false,,0.00,0.0000,true,1,1420748
88888119,true,מאפים,,,מאפים,,0.00,,false,,0.00,0.0000,true,1,1442493
88888124,true,משקאות לא אלכוהוליים,,,משקאות לא אלכוהוליים,,0.00,,false,,0.00,0.0000,true,1,1442494
88888144,true,קינוחים,,,קינוחים,,0.00,,false,,0.00,0.0000,true,1,1442495
88888156,true,פירות וירקות לסחיטה,,,פירות וירקות לסחיטה,,0.00,,false,,0.00,0.0000,true,1,1420749
88888158,true,מוצרי מכולת,,,מוצרי מכולת,,0.00,,false,,0.00,0.0000,true,1,1420750
88888159,true,משקאות,,,משקאות,,0.00,,false,,0.00,0.0000,true,1,1420751
88888160,true,מצוננים,,,מצוננים,,0.00,,false,,0.00,0.0000,true,1,1420752
88888161,true,קפואים,,,קפואים,,0.00,,false,,0.00,0.0000,true,1,1420753
88888162,true,ירקות ופירות טריים,,,ירקות ופירות טריים,,0.00,,false,,0.00,0.0000,true,1,1420754
88888164,true,מוצרים לבית,,,מוצרים לבית,,0.00,,false,,0.00,0.0000,true,1,1420755
88888165,true,י שירות/ עזר לסניפים,,,י שירות/ עזר לסניפים,,0.00,,false,,0.00,0.0000,true,1,1420756
88888166,true,ארוחות מבושלות,,,ארוחות מבושלות,,0.00,,false,,0.00,0.0000,true,1,1420757
88888167,true,אריזות לזכיינים,,,אריזות לזכיינים,,0.00,,false,,0.00,0.0000,true,1,1442496
88888168,true,זיכויים,,,זיכויים,,0.00,,false,,0.00,0.0000,true,1,1420758
88888169,true,אבזרי עזר וייצור,,,אבזרי עזר וייצור,,0.00,,false,,0.00,0.0000,true,1,1420759
88888170,true,מזון טרי,,,מזון טרי,,0.00,,false,,0.00,0.0000,true,1,1420760
88888171,true,משקאות קרון,,,משקאות קרון,,0.00,,false,,0.00,0.0000,true,1,1420761
88888172,true,ירקות ופירות מעמ,,,ירקות ופירות מעמ,,0.00,,false,,0.00,0.0000,true,1,1420762
88888173,true,ל-חומרי גלם ואביזרים,,,ל-חומרי גלם ואביזרים,,0.00,,false,,0.00,0.0000,true,1,1442497
88888174,true,מפעל-תוצרת גמורה,,,מפעל-תוצרת גמורה,,0.00,,false,,0.00,0.0000,true,1,1420763
88888175,true,סיגריות,,,סיגריות,,0.00,,false,,0.00,0.0000,true,1,1420764
88888176,true,מאפה טרי פרדס,,,מאפה טרי פרדס,,0.00,,false,,0.00,0.0000,true,1,1420765
88888177,true,קצבייה פרדס,,,קצבייה פרדס,,0.00,,false,,0.00,0.0000,true,1,1420766
88888178,true,ואביזרים (ללא מלאי),,,ואביזרים (ללא מלאי),,0.00,,false,,0.00,0.0000,true,1,1442498
88888179,true,פירות יבשים ללא מעמ,,,פירות יבשים ללא מעמ,,0.00,,false,,0.00,0.0000,true,1,1432524
88888180,true,קצבייה שוויצריה,,,קצבייה שוויצריה,,0.00,,false,,0.00,0.0000,true,1,1429913
88888999,true,,,,,,0.00,,false,,0.00,0.0000,true,1,1420767
90087011,false,מיץ תפוחים 100% קרטונית ראוך,Rauch fruchtsafte gm,,נקטר תפוחי עץ ראוצ',מיליליטרים,1000.00,"100 מ""ל",false,,11.90,0.0119,true,1,1407721
90087271,false,נקטר אוכמניות 1 ליטר קרטונית ראוך,Rauch fruchtsafte gm,,נקטר אוכמניות 1 ליטר,מיליליטרים,1000.00,"100 מ""ל",false,,13.10,0.0131,true,1,1407723
90087547,false,מיץ עגבניות 1 ליטר ראוך קרטונית,Rauch fruchtsafte gm,,מיץ עגבניות ראוצ' 1,מיליליטרים,1000.00,"100 מ""ל",false,,11.90,0.0119,true,1,1407724
90087769,false,מיץ אננס 100% קרטונית ראוך,Rauch fruchtsafte gm,,מיץ אננס ראוצ' 1 ליט,מיליליטרים,1000.00,"100 מ""ל",false,,11.90,0.0119,true,1,1407725
90087806,false,מיץ אשכוליות 100% 1 ליטר,ראוך Rauch,,מיץ אשכוליות 100% 1,מיליליטרים,1000.00,"100 מ""ל",false,,11.90,0.0119,true,1,1407726
90087974,false,חומץ טבעי מתפוחים 750 מל,ראוך פרוכטסאפה,,חומץ טבעי מתפוחים רא,מיליליטרים,750.00,"100 מ""ל",false,,12.90,0.0172,true,1,1407727
90087998,false,"מיץ לימון טבעי 250 מ""ל",Rauch fruchtsafte gm,,מיץ לימון תומר 250 מ,מיליליטרים,250.00,"100 מ""ל",false,,4.90,0.0196,true,1,1407728
90162602,false,רד בול משקה אנרגיה פקדון 30 אג,רד בול ג'י.אם.בי. אץ,,משקה אנרגיה רד בול 2,מיליליטרים,250.00,"100 מ""ל",false,,6.90,0.0276,true,1,1408156
2567512478,false,מרשמלו 226 גרם מיני,,,מרשמלו 226 גרם מיני,גרמים,226.00,100 גרם,false,,14.90,0.0659,true,1,1441268
2567512480,false,מרשמלו 226 גרם לבן,,,מרשמלו 226 גרם לבן,גרמים,226.00,100 גרם,false,,14.90,0.0659,true,1,1441269
8112100298,false,"שמן שומשום טהור מזרח ומערב 185 מ""ל",Flavor full foods in,,שמן שומשום טהור 185,מיליליטרים,500.00,"100 מ""ל",false,,14.90,0.0298,true,1,1412105
9800800056,false,חטיף שוקולד עם מקלות לחם אנד גו,פררו - אלבה,,נוטלה טו גו 52 גרם,גרמים,52.00,100 גרם,false,,5.00,0.0962,true,1,1415400
16229924263,false,"ארוי-די קרם קוקוס 250 מ""ל",תאי אגרי פוד פובליק קו'\,,"קרם קוקוס 250 מ""ל",גרמים,250.00,100 גרם,false,,9.90,0.0396,true,1,1440922
25675120020,false,סאוור סטיקס Sour Sticks בטעם אוכמניות,פשקס קנדי,,מקלות חמצוצים 100 גר,גרמים,100.00,100 גרם,false,,8.90,0.0890,true,1,1440902
25675120037,false,מקלות חמצוצים תות פשקז 100 גרם,פשקס קנדי,,מקלות חמצוצים` 100 ג,גרמים,100.00,100 גרם,false,,8.90,0.0890,true,1,1440903
25675120068,false,מקלות חמצוצים בטעם קולה פשקז 100 גרם,פשקז Paskesz,,מקלות חמצוצים` 100 ג,גרמים,100.00,100 גרם,false,,8.90,0.0890,true,1,1440905
25675301108,false,מקלות חמוצים חמצוצים תות 50 גרם,פאסין,,סוכריות חמצוצים בטעם,גרמים,50.00,100 גרם,false,,4.90,0.0980,true,1,1430140
25675301184,false,חמצוצים מקלות חמוצים קולה 50 גרם,פשקז Paskesz,,סוכריות חמצוצים בטעם,גרמים,50.00,100 גרם,false,,4.90,0.0980,true,1,1408784
30000315989,false,קוואקר פרוטאין חמוציות ושקדים 372 גרם,קוואקר אוטס קומפני,,קוואקר פרוטאין חמוצי,גרמים,372.00,100 גרם,false,,22.90,0.0616,true,1,1406125
34000996643,false,הרשי דרופס באריזה משפחתית 215 גרם,ליימן מותגים,,הרשי דרופס פאוצ' 215,גרמים,215.00,100 גרם,false,,18.90,0.0879,true,1,1437934
37600207188,false,חמאת בוטנים סקיפי קלאסי 462 גרם,חברת המזון אלגוד,,חמאת בוטנים קלאסית ס,גרמים,462.00,100 גרם,false,,18.90,0.0409,true,1,1408158
37600297967,false,מטבל סלסה בחריפות עדינה צי צי 439 גר,מותגים,,מטבל סלסה Chi-Chi's,גרמים,439.00,100 גרם,false,,19.90,0.0453,true,1,1441478
38000138638,false,חטיף צ'יפס פרינגלס פיצה 158 גרם,פרינגלס מנופקצ'ורינג קונ,,פרינגלס בטעם פיצה 15,גרמים,158.00,100 גרם,false,,8.90,0.0563,true,1,1420491
38000138720,false,חטיף צ'יפס פרינגלס ראנץ 158 גרם,פרינגלס מנופקצ'ורינג קונ,,פרינגלס ראנץ 158 גרם,גרמים,158.00,100 גרם,false,,8.90,0.0563,true,1,1420492
38000183690,false,חטיף צ'יפס פרינגלס מידי ברביקיו 71 גרם,פרינגלס מנופקצ'ורינג,,פרינגלס ברביקיו 71 ג,גרמים,71.00,100 גרם,false,,5.90,0.0831,true,1,1408162
38000183928,false,פרינגלס דבש וחרדל 158 גרם,פרינגלס מניופקצ'ורינ,,פרינגלס חרדל ודבש 15,גרמים,158.00,100 גרם,false,,8.90,0.0563,true,1,1420498
38000197840,false,פרינגלס גלי בטעם חריף מתוק 137 ג',פרינגלס מניופקצ'ורינ,,פרינגלס wavy ברביקיו,גרמים,137.00,100 גרם,false,,8.90,0.0650,true,1,1437673
38000202278,false,חטיף צ'יפס גלי בטעם אורגינל מלוח,פרינגלס מניופקצ'ורינ,,פרינגלס wavy אורגינל,גרמים,137.00,100 גרם,false,,8.90,0.0650,true,1,1437674
38000232152,false,פרינגלס חטיפי תפוח אדמה בטעם ברביקיו 158 גרם,פרינגלס מנופקצ'ורינג קומ,,פרינגלס ברביקיו 158,גרמים,149.00,100 גרם,false,,8.90,0.0597,true,1,1427988
38000232169,false,פרינגלס מידי אורגינל 67 גרם.,פרינגלס מנופקצ'ורינג קונ,,פרינגלס אורגינל 67 ג,גרמים,67.00,100 גרם,false,,5.90,0.0881,true,1,1427985
38000232176,false,פרינגלס ביג שמנת בצל 158 גרם,פרינגלס מנופקצ'ורינג קונ,,פרינגלס שמנת בצל 161,גרמים,158.00,100 גרם,false,,8.90,0.0563,true,1,1427986
38000232183,false,פרינגלס ביג אורגינל 149 גרם,פרינגלס מנופקצ'ורינג קונ,,פרינגלס אורגינל 149,גרמים,149.00,100 גרם,false,,8.90,0.0597,true,1,1427987
38000845253,false,חטיף צ'יפס פרינגלס מידי שמנת בצל 71 גרם,פרינגלס מנופקצ'ורינג קונ,,פרינגלס שמנת בצל 71,גרמים,71.00,100 גרם,false,,5.90,0.0831,true,1,1408164
38527591053,false,קואקר דגנים מרובעים שיבולת שועל וקינמון,קוואקר אוטס קומפני,,קוואקר ריבועים קנמון,גרמים,411.00,100 גרם,false,,19.90,0.0484,true,1,1406126
41390001079,false,"רוטב סויה קיקומן מופחת נתרן 444 מ""ל",קיקומן פודז אינק,,רוטב סויה דל נתרן קי,מיליליטרים,444.00,"100 מ""ל",false,,20.90,0.0471,true,1,1408168
41500013183,false,רוטב סויה וורצסטר פרנצס גדול,,,רוטב וורצסטר French',גרמים,443.00,100 גרם,false,,23.90,0.0540,true,1,1439519
46214731552,false,עוגיות שוקולד צ'יפס 37% גודיס 225 גרם,קריניציה ויטמינה אס,,עוגיות שוקולד צ'יפס,גרמים,225.00,100 גרם,false,,8.90,0.0396,true,1,1414114
54881000031,false,תה שחור ורד דובדבן 20 שקיות אחמד,תה אחמד Ahmad tea,,חליטת ורד היביסקוס ו,יחידה,20.00,יחידה,false,,9.90,0.4950,true,1,1407729
54881000048,false,תה במבחר פרי הדר 20 שקיקים אחמד,אחמד תה אנגליה,,חליטת פירות הדר אחמד,יחידה,20.00,יחידה,false,,9.90,0.4950,true,1,1407730
54881000055,false,תה שחור מבחר פירות 20 שקיות אחמד,אחמד תה אנגליה,,חליטת פירות יער והיב,יחידה,20.00,יחידה,false,,9.90,0.4950,true,1,1407731
54881000062,false,תה שחור לימונית וקמומיל 20 שקיות אחמד,אחמד תה אנגליה,,חליטת לימונית וקמומי,יחידה,20.00,יחידה,false,,9.90,0.4950,true,1,1407732
54881001779,false,קופסת תה 12 טעמים 60 שקיות,תה אחמד Ahmad tea,,תה 12 טעמים אחמד טי,יחידה,60.00,יחידה,false,,29.90,0.4983,true,1,1407735
54881003971,false,תה ירוק מבחר 20 שקיקים,אחמד תה אנגליה,,מבחר סוגי תה ירוק אח,יחידה,20.00,יחידה,false,,11.90,0.5950,true,1,1407736
54881004787,false,תה ירוק אחמד 100 שקיות,Sunshine tea (pvt) l,,תה ירוק אחמד טי 100,יחידה,100.00,יחידה,false,,18.90,0.1890,true,1,1407739
54881006941,false,תה שחור תפוח 20 שקיקים אחמד,גיבונג אינדסקיאלס,,תה שחור תפוח אחמד טי,יחידה,20.00,יחידה,false,,9.90,0.4950,true,1,1407741
54881006958,false,תה שחור קינמון 20 שקיקים אחמד,אחמד תה אנגליה,,תה שחור קינמון אחמד,יחידה,20.00,יחידה,false,,9.90,0.4950,true,1,1407742
54881006996,false,תה אפרסק ופסיפלורה 20 שקיקים אחמד,אחמד תה אנגליה,,תה שחור אפרסק ופסיפל,יחידה,20.00,יחידה,false,,9.90,0.4950,true,1,1407744
54881007108,false,תה שחור דומדמניות 20 שקיקים אחמד,תה אחמד Ahmad tea,,תה שחור דומדמניות אח,יחידה,20.00,יחידה,false,,9.90,0.4950,true,1,1407745
54881007115,false,תה שחור וניל 20 שקיקים אחמד,אחמד תה אנגליה,,תה שחור וניל אחמד טי,יחידה,20.00,יחידה,false,,9.90,0.4950,true,1,1407746
54881007511,false,תה ירוק בטעם מנטה 20 שקיות AHMAD TEA,אחמד תה אנגליה,,תה ירוק בטעם מנטה אח,יחידה,20.00,יחידה,false,,11.90,0.5950,true,1,1407747
54881007535,false,תה ירוק בטעם לימון 20 שקיקים 40 גרם,אחמד תה אנגליה,,תה ירוק בטעם לימון א,יחידה,20.00,יחידה,false,,11.90,0.5950,true,1,1407748
54881008167,false,תה אינגליש ברקפסט 100 שקיות AHMAD TEA,תה אחמד Ahmad tea,,תה אינגליש ברקפסט אח,יחידה,100.00,יחידה,false,,18.90,0.1890,true,1,1407749
54881008174,false,תה אחמד ארל גריי 100 שקיקים,תה אחמד Ahmad tea,,תה שחור ברגמוט ארל ג,יחידה,100.00,יחידה,false,,18.90,0.1890,true,1,1407750
54881008181,false,תה אחמד אינגליש 100 שקיקים,תה אחמד Ahmad tea,,תה שחור בטעם ברגמוט,יחידה,100.00,יחידה,false,,18.90,0.1890,true,1,1407751
54881009522,false,תה שחור פטל 20 שקיקים אחמד,אחמד תה אנגליה,,תה שחור פטל אחמד טי,יחידה,20.00,יחידה,false,,9.90,0.4950,true,1,1407754
64144090013,false,פאם תרסיס על בסיס שמן קנולה בטעם חמאה,קונאגרה פודס,,תרסיס שמן קנולה בטעם,גרמים,148.00,100 גרם,false,,17.90,0.1209,true,1,1412236
64144090020,false,"ספריי שמן PAM בטעם שמן זית 141 מ""ל",ליימן מותגים,,תרסיס שמן זית פאם 14,מיליליטרים,148.00,"100 מ""ל",false,,17.90,0.1209,true,1,1412237
64144090051,false,"ספריי שמן PAM קנולה אורגינל 148 מ""ל",קונאגרה פודס,,פאם קנולה 148 מ'ל,גרמים,170.00,100 גרם,false,,17.90,0.1053,true,1,1412238
70221011116,false,טובלרון - שוקולד חלב 100 גרם,טובלרון Toblerone,,טובלרון 100 גרם,גרמים,100.00,100 גרם,false,,11.90,0.1190,true,1,1438691
70970471285,false,מייק אנד אייק רד רייג'רס 141 גר',גאסט בורן,,מייק & אייק רייג'רס,גרמים,141.00,100 גרם,false,,10.90,0.0773,true,1,1413864
71505022415,false,קרם ציז במשקל,,,קרם צ'יז,קילוגרמים,1.00,"ק""ג",true,,54.90,54.9000,true,1,1432887
76840002542,false,"גלידת בן & ג'ריס פיינט נטפליקס וצ'ילד 500מ""ל",מוצרי איכות אמריקאיים בע,,גלידת חמאת בוטנים עם,מיליליטרים,500.00,"100 מ""ל",false,,21.90,0.0438,true,1,1430043
76840100156,false,"בן אנד גריס גלידת צרי גרסיה 500 מ""ל",מוצרי איכות אמריקאיים בע,,גלידה צ'רי גרסיה בן&,100 0,500.00,100 0,false,,21.90,0.0438,true,1,1416863
76840100583,false,גלידה וניל +בצק עוגיות ושוקולד צי'פס 473ג,מוצרי איכות אמריקאיים בע,,גלידת וניל עם בצק עו,מיליליטרים,473.00,"100 מ""ל",false,,21.90,0.0463,true,1,1416864
76840400218,false,"גלידה בן&ג'ריס תות שדה ועוגת גבינה 500מ""ל",מוצרי איכות אמריקאיים בע,,גלידה בטעם עוגת גבינ,מיליליטרים,473.00,"100 מ""ל",false,,21.90,0.0463,true,1,1416872
76840620029,false,"גלידה בן&ג'ריס שמנת עם תות 500מ""ל",מוצרי איכות אמריקאיים בע,,גלידה בטעם תות שדה ב,100 0,500.00,100 0,false,,21.90,0.0438,true,1,1416878
77245110610,false,סוכריות מאסט ללא סוכר בטעם מנטה 80 ג'עלית,MIESZKO S.A - MS. JO,,"סוכריות לל""ס מאסט מנ",גרמים,80.00,100 גרם,false,,7.90,0.0988,true,1,1416444
77975094631,false,סניידרס סנדוויץ' בייגלה במילוי קרם בטעם צ'דר 226 גרם,סניידרס Snyder's,,סניידרס סנדביץ קרם צ,גרמים,266.00,100 גרם,false,,16.90,0.0635,true,1,1431708
77975094761,false,סניידרס חטיפים על בסיס קמח חיטה בטעם גבינת צ'דר,סניידרס אוף האנובר,,סניידרס בטעם צ'דר 34,גרמים,340.00,100 גרם,false,,16.90,0.0497,true,1,1434505
77975094778,false,סניידרס שברי בייגלה בטעם דבש חרדל ובצל,סניידרס אוף האנובר,,סניידרס דבש וחרדל 34,גרמים,340.00,100 גרם,false,,14.90,0.0438,true,1,1435354
77975095133,false,שברי בייגלה בטעם פיקנטי 318 ג' סניידרס,סניידרס Snyder's,,סניידרס- שברי בייגלה,גרמים,319.00,100 גרם,false,,16.90,0.0530,true,1,1441628
77975095157,false,סניידרס שברי בייגלה בטעם חלפיניו 318 גרם,ליימן מותגים,,סניידרס- שברי בייגלה,גרמים,318.00,100 גרם,false,,16.90,0.0531,true,1,1439694
78652693062,false,סט 3 קופסאות ריבועיות עם מכסה אדום,,,סט 3 קופסאות ריבועיו,יחידה,1.00,יחידה,false,,9.90,9.9000,true,1,1441037
80432402931,false,"וויסקי סקוטי, שיבאס ריגאל 12 שנה, 700 מ''ל",מזקקת האחים שיבאס,,וויסקי שיבאס רגאל 12,מיליליטרים,700.00,"100 מ""ל",false,,135.00,0.1929,true,1,1410584
308910525744,false,אטריות אורז דקות 454 גרם ורמיצ'לי (כ),ליאן תאי רייס,,אטריות אורז דקות 454,גרמים,454.00,100 גרם,false,,10.90,0.0240,true,1,1412110
608614331475,false,כרובית ארוזה ביכורי,חקלאי,,כרובית,יח',1.00,יח',false,,9.90,9.9000,true,1,1406409
609628012114,false,זיתי קלמטה שלמים במי מלח בפח,,,זיתי קלמטה שלמים במי,גרמים,430.00,100 גרם,false,,16.90,0.0393,true,1,1421018
633824913432,false,"וודקה וואן גוך בטעם אסאי בלוברי, 750 מ''ל",מזקקת קוימאנס טילבורג,,וודקה אסאי ואן גוך 7,מיליליטרים,750.00,"100 מ""ל",false,,139.00,0.1853,true,1,1410597
681131129855,false,"שלוס בירה בלגית 5% פחית 500 מ""ל",מבשלת מרטנס,,בירה בלגית שלוס 5% פ,מיליליטרים,500.00,"100 מ""ל",false,,7.20,0.0144,true,1,1435338
693493182614,false,קפסולות טרדיציונה פרמיום רמי לוי,,,קפסולות תואם נספרסו,גרמים,55.00,100 גרם,false,,10.90,0.1982,true,1,1440790
693493182621,false,קפסולות אורו פרמיום רמי לוי,,,קפסולות תואם נספרסו,גרמים,55.00,100 גרם,false,,10.90,0.1982,true,1,1441193
693493182645,false,קפסולות ברזיל פרמיום רמי לוי,,,קפסולות תואם נספרסו,גרמים,55.00,100 גרם,false,,10.90,0.1982,true,1,1440787
768404001640,false,"גלידה בן&ג'ריס קפה משפחתית 500מ""ל",מוצרי איכות אמריקאיים בע,,"בן אנד ג""ריז קפה",100 0,500.00,100 0,false,,21.90,0.0438,true,1,1416880
805278001847,false,אורז בסמטי תומר 1 קג,,,"אורז בסמטי תומר 1 ק""",גרמים,1000.00,100 גרם,false,,9.90,0.0099,true,1,1435623
838948002257,false,עוגיות ש.ציפס אגוזים 200,שניידרס,,שניידרס עוגיות שוקו,גרמים,200.00,100 גרם,false,,10.90,0.0545,true,1,1436620
838948004497,false,עוגיות שוקוצ'יפס 200 גרם,שניידרס,,שניידרס עוגיות שוקול,גרמים,200.00,100 גרם,false,,10.90,0.0545,true,1,1436622
839762000641,false,משקה איילנד מנגו נקטר 1 ל',פארייפאבה אגרואינדוס,,משקה איילנד מנגו 1 ל,מיליליטרים,1000.00,"100 מ""ל",false,,12.90,0.0129,true,1,1410599
839762000658,false,איילנד גויאבה המשקה של חופי סיני 1 ליטר,The Egyptian Co. for,,משקה איילנד גוייאבה,מיליליטרים,1000.00,"100 מ""ל",false,,12.90,0.0129,true,1,1410600
839762002386,false,"איילנד גויאבה בקבוק 350 מ""ל",פארייפאבה אגרואינדוס,,"איילנד גויאבה 350 מ""",מיליליטרים,350.00,"100 מ""ל",false,,6.50,0.0186,true,1,1410602
850307005624,false,איטריות ביצים ורמישל,א.ל.ב. גולד,,איטריות ביצים ורמישל,גרמים,500.00,100 גרם,false,,10.00,0.0200,true,1,1406024
850307005693,false,אטריות ביצים לפשה דק,א.ל.ב. גולד,,איטריות ביצים לפשה 5,גרמים,500.00,100 גרם,false,,10.00,0.0200,true,1,1406026
856591000062,false,עוגיות מזרחיות עם מלח עבאדי 400 גרם,מאפיית יוסף ושמחה עבאדי,,עוגיות מזרחיות מלח ע,גרמים,400.00,100 גרם,false,,19.90,0.0497,true,1,1406615
856591000109,false,עבאדי עוגיות מזרחיות פריך במיוחד 400 גרם,מאפיית יוסף ושמחה עבאדי,,עוגיות מזרחיות פריך,גרמים,400.00,100 גרם,false,,19.90,0.0497,true,1,1406616
856591000970,false,מאפה חיטה עבאדי מקלונים בטעם חריף 400 גר,עבאדי,,מאפה חיטה מקלונים בט,גרמים,400.00,100 גרם,false,,19.90,0.0497,true,1,1439731
859547004329,false,ספוג ניקוי צבעוני סקראב דדי Scrub Daddy,סקארקיסט,,ספוג ניקוי בצבעים סק,גרמים,34.00,100 גרם,false,,18.90,0.5559,true,1,1439157
884912126115,false,גרייט גריינס דגני בוקר עם פירות יבשים פוסט 453 גרם,הנסיך- מפעל לייצור ט,,דגני גרייט גריינס דט,גרמים,453.00,100 גרם,false,,24.90,0.0550,true,1,1414028
884912129512,false,דגני בוקר קוקו פוסט פלינסטונס 311 גרם,פוסט לקיוויל,,קוקו פבלס פלינסון פו,גרמים,311.00,100 גרם,false,,21.90,0.0704,true,1,1441399
884912342737,false,דגני בוקר קריספי וופל פוסט 326 גרם.,הנסיך- מפעל לייצור ט,,דגני בוקר וופל קריספ,גרמים,326.00,100 גרם,false,,21.50,0.0660,true,1,1429045
884912359162,false,האני באנצ' דגני בוקר עם שקדים פוסט 411 גרם,פוסט ארצות הברית,,האני באנצס שקדים פוס,גרמים,340.00,100 גרם,false,,22.90,0.0674,true,1,1439522
884912377142,false,דגני בוקר האני באנצ'ס וניל פוסט 340 גרם,פוסט ארצות הברית,,האני באנצס וניל פוסט,גרמים,340.00,100 גרם,false,,22.90,0.0674,true,1,1439526
893594002051,false,"חטיף פופקורן צ`יפס בטעם גבינת צ`דר, 28ג Medora snacks",PepsiCo inc. Frito lay Division,,פופקורנס גבינת צ'דר,גרמים,28.00,100 גרם,false,,5.90,0.2107,true,1,1440870
2999200001116,false,בונ' צדפות בלגיים DE,,,בונ' צדפות בלגיים DE,גרמים,250.00,100 גרם,false,,16.90,0.0676,true,1,1441126
3046920028752,false,שוקולד לינדט אקסלנס מינט 100 גרם,לינדט ושפרונגלי קילשברג,,שוקולד לינדט אקסלנס,גרמים,100.00,100 גרם,false,,14.90,0.1490,true,1,1417902
3046920029780,false,שוקולד לינדט אקסלנס קקאו 70 %,לינדט ושפרונגלי קילשברג,,שוקולד לינדט אקס'מיל,גרמים,100.00,100 גרם,false,,14.90,0.1490,true,1,1428198
3073781161663,false,גבינה מותכת 18.5% שומן לה וואש קירי,בני ג`ורג` שוקחה (חיפה) בעמ,,גבינה מותכת לה ואש ק,גרמים,128.00,100 גרם,false,,12.90,0.1008,true,1,1437196
3073781161687,false,גבינה לוואש קרי(מותכת) 16 יח 256 גר,בני ג`ורג` שוקחה (חיפה) בעמ,,גבינה מותכת לה ואש ק,גרמים,256.00,100 גרם,false,,23.90,0.0934,true,1,1437197
3073781162790,false,גבינה מותכת בייבי בל 120 גרם,א. סיימן סחר בעמ,,בייבי בל אדם 120 גר',גרמים,120.00,100 גרם,false,,19.90,0.1658,true,1,1439873
3161911229199,false,חמאה צרפתית רכה למריחה אל & ויר 250 גרם,א. סיימן סחר בעמ,,חמאה רכה אלוויר 250,גרמים,250.00,100 גרם,false,,21.90,0.0876,true,1,1408940
3161911366429,false,חמאה צרפתית מלוחה רכה למריחה אלוויר 250 גר',א. סיימן סחר בעמ,,חמאה רכה מלוחה אלווי,גרמים,250.00,100 גרם,false,,21.90,0.0876,true,1,1408942
3178530407938,false,עוגיות מיני מדליין עם שוקוצ'יפס סאן מישל 175 גרם,א. סיימן סחר בעמ,,מיני מדליין 175 גרם,גרמים,175.00,100 גרם,false,,11.90,0.0680,true,1,1408950
3178530411478,false,ביסקוויטים גאלט עם חמאה ומלח ים,א. סיימן סחר בעמ,,גאלט חמאה קלאסי 150,גרמים,150.00,100 גרם,false,,12.90,0.0860,true,1,1408951
3178530417340,false,בראוניז שוקולד סאן מישל 210 גרם,א. סיימן סחר בעמ,,עוגות אישיות בראוניז,גרמים,210.00,100 גרם,false,,16.90,0.0805,true,1,1437151
3179732348913,false,פרייה מים מינרליים טבעיים מבעבעים 1 ליטר פלסטיק,נסטלה ווטרס ספלאי,,פרייה מים מינרליים,מיליליטרים,6000.00,"100 מ""ל",false,,9.90,0.0017,true,1,1410604
3254550033217,false,סנט מור גבינת ברי איסיני 220 גרם,אף.סי תבליני בגליל ב,,גבינת ברי מרובעת איז,גרמים,220.00,100 גרם,false,,27.90,0.1268,true,1,1408953
3387390320244,false,פיטנס דגני בוקר מחיטה מלאה עם פירות נסטלה 375 גרם,קבוצת אוסם סחר שותפות מוגבלת,,דגני פיטנס פירות נסט,גרמים,375.00,100 גרם,false,,19.90,0.0531,true,1,1406804
3387390525960,false,קראנץ' דגני בוקר עם שוקולד חלב נסטלה 500 גרם,קבוצת אוסם סחר שותפות מוגבלת,,דגני בוקר פריכים עם,גרמים,500.00,100 גרם,false,,22.90,0.0458,true,1,1406805
3387390730852,false,פיטנס דגנים מחיטה מלאה ואורז נסטלה 375 גרם,קבוצת אוסם סחר-שות.מוגבלת,,דגני בוקר פיטנס נסטל,גרמים,375.00,100 גרם,false,,19.90,0.0531,true,1,1406806
3523230026826,false,"גבינת עיזים למריחה פירמידה, 140 גרם",א. סיימן סחר בעמ,,פירמידה עיזים 140 גר,גרמים,140.00,100 גרם,false,,24.90,0.1779,true,1,1408959
3574661487625,false,מגן תחתון קרפרי מקסי לארג 48 יחידות,הדקלאים אגודת שיתופי,,קרפרי מגן תחתון מקסי,יחידה,48.00,יחידה,false,,15.90,0.3313,true,1,1436757
3800020403631,false,קיט קט וופל פריך עם קרם בוטנים (19%) בציפוי שוקולד חלב (61.8%),קבוצת אוסם סחר שותפות מוגבלת,,קיט קט צ'אנקי חמאת ב,גרמים,42.00,100 גרם,false,,4.50,0.1071,true,1,1432551
3800020423578,false,חטיף שוקולד חלב צאנקי 40 ג' קיט קט,קבוצת אוסם סחר שותפות מוגבלת,,קיט קט צ'אנקי חלב 40,גרמים,40.00,100 גרם,false,,4.50,0.1125,true,1,1412252
3800163830011,false,זיתים שחורים שלמים בשמן 600 גרם נאמן,נאמן לאורך זמן בעמ,,זיתים שחורים שלמים ב,גרמים,600.00,100 גרם,false,,24.90,0.0415,true,1,1441384
4000415004408,false,שוגטן שוקולד קקאו מריר אגוזים 100 גר,לודוויג שוקולד,,שוגטן מריר אגוזים 10,גרמים,100.00,100 גרם,false,,5.90,0.0590,true,1,1419619
4000415039707,false,שוקולד שוגטן עוגיות וניל טבעי 100ג,לודוויג שוקולד,,שוגטן עוגיות וניל,גרמים,100.00,100 גרם,false,,5.90,0.0590,true,1,1419625
4000415851705,false,שוקולד נוגט טבעי שוגטן 100 גרם,"לודוויג שוקולד בע""\מ",,שוגטן נוגט 100 גרם,גרמים,100.00,100 גרם,false,,5.90,0.0590,true,1,1419648
4000417025005,false,שוקולד מריר במילוי מרציפן ריטר ספורט 100 גרם,ריטר ספורט Ritter sport,,שוקולד מריר במילוי מ,גרמים,100.00,100 גרם,false,,8.90,0.0890,true,1,1412261
4000417101211,false,גלילי וופל עם קרם אגוזי לוז בציפוי שוקולד חלב,ליימן שליסל בע`מ,,וופל אמיצ'לי 150 גרם,גרמים,150.00,100 גרם,false,,18.90,0.1260,true,1,1437443
4000417212009,false,ריטר ספורט שוקולד מריר מעולה עם שקדים קצוצים וקליפות תפוז מסוכרות,ריטר ספורט Ritter sport,,שוקולד מריר עם תפוז,גרמים,100.00,100 גרם,false,,8.90,0.0890,true,1,1412264
4000607850004,false,שוקולד חלב טבעי שוגטן 100 גרם,"לודוויג שוקולד בע""\מ",,שוגטן חלב 100 גרם,גרמים,100.00,100 גרם,false,,5.90,0.0590,true,1,1419660
4000607851001,false,שוקולד חלב אגוזים טבעי שוגטן 100 גרם,"לודוויג שוקולד בע""\מ",,שוגטן אגוזים 100 גרם,גרמים,100.00,100 גרם,false,,5.90,0.0590,true,1,1419661
4001432773230,false,יין בלו ווין מוסקטו כשר 1 ליטר מאר,היכל היין שקד גולן בעמ,,בלו ווין מוסקטו 1 לי,מיליליטרים,1000.00,"100 מ""ל",false,,49.90,0.0499,true,1,1441358
4002448017684,false,"סיליט באנג ספריי ניקוי כללי מסיר אבנית 750 מ""ל",רקיט בנקיזר (ניר איסט) בעמ,,ספריי לניקוי כללי סי,מיליליטרים,750.00,"100 מ""ל",false,,14.90,0.0199,true,1,1410498
4002575016253,false,מרציפן מצופה שוקולד זנטיס (100 גרם),הדקלאים אגודת שיתופי,,מרציפן מצופה שוקולד,גרמים,100.00,100 גרם,false,,9.90,0.0990,true,1,1412273
4002590000046,false,סוכריות בטעם מנטה מרענן קלפני 150 גרם,ליימן שליסל בע`מ,,סוכריות קלפני מרענן,גרמים,150.00,100 גרם,false,,9.90,0.0660,true,1,1437939
4004666042004,false,"מלרוד מרסס משמיד עובש יעקבי 500 מ""ל","יעקב יעקבי ובניו בע""מ",,מרסס משמיד עובש מלרו,מיליליטרים,500.00,"100 מ""ל",false,,32.90,0.0658,true,1,1438216
4005500534600,false,טבלת שוקולד קראנץ' ל,,,שוקולד קראנץ לבן 10,,1.00,יח,false,,11.90,11.9000,true,1,1441456
4006387085407,false,שלישיית פילטר מקסטרא סודהסטרים,סודה סטרים ישראל בעמ,,שלישיית פילטר MAXTRA,יחידה,3.00,יחידה,false,,129.00,43.0000,true,1,1429372
4008287058161,false,בירה קרומבאכר פילס 4.8% שישיה 6 * 330 מל,אגודת הכורמים -כרמל מזרחי,,בירה קרומבאכר פילס 3,יחידה,6.00,יחידה,false,,37.90,6.3167,true,1,1434378
4008287762020,false,בירה קרומבאכר חיטה 0.50 ליטר בקבוק,אגודת הכורמים -כרמל מזרחי,,בירה קרומבאכר חיטה 5,מיליליטרים,500.00,"100 מ""ל",false,,10.90,0.0218,true,1,1434384
4008287905786,false,בירה קרומבאכר חיטה 5.3% פחית 500 מל,אגודת הכורמים -כרמל מזרחי,,בירה קרומבכר חיטה 50,מיליליטרים,500.00,"100 מ""ל",false,,10.90,0.0218,true,1,1434385
4008535095351,false,בננית חטיף ממולא קרם בטעם בננה בציפוי שוקולד 300 גר',שקדיה,,מקצף ממתק בטעם בננה,יחידה,1.00,יחידה,false,,10.90,10.9000,true,1,1437400
4009300525684,false,חליטת צמחים פומפדור ג'ינג'ר ולימון 20 יחידות,ש. שסטוביץ בע`מ,,חליטת לימון ג'ינג'ר,גרמים,35.00,100 גרם,false,,15.90,0.4543,true,1,1433711
4011800528416,false,קורני חטיף דגנים עם בוטנים מתוק-מלוח*6,משה סידס ובנו בעמ,,קורני בייס סויט&סול,גרמים,150.00,100 גרם,false,,10.90,0.0727,true,1,1437721
4011800628512,false,חטיף קורני שוקולד חלב 6 יח 150 גר,מיוצר עי קונדיטוריית,,קורני בייס שוקו 150,גרמים,150.00,100 גרם,false,,10.90,0.0727,true,1,1410374
4011800629519,false,"מארז חטיפי דגנים אגוזים ""קורני""",משה סידס ובנו בעמ,,קורני בייס נאטס 150,גרמים,150.00,100 גרם,false,,10.90,0.0727,true,1,1414394
4011800630515,false,חטיף קורני שוקולד חלב ובננה 6 יח 150 גר,מיוצר עי קונדיטוריית,,קורני בייס שוק בננה,גרמים,150.00,100 גרם,false,,10.90,0.0727,true,1,1410377
4011800632519,false,חטיף קורני שישייה שוקולד חלבי וקוקוס,מיוצר עי קונדיטוריית,,קורני בייס קוקונט 15,גרמים,150.00,100 גרם,false,,10.90,0.0727,true,1,1414395
4011800633516,false,קורני בציפוי שוקולד מריר מעולה 6*23,משה סידס ובנו בעמ,,קורני בייס דרק שוק 1,גרמים,138.00,100 גרם,false,,10.90,0.0790,true,1,1410378
4011800636517,false,קורני פרי שוקולד חלב מעולה ללא סוכר 6*1,מיוצר עי קונדיטוריית,,קורני פרי שוק 120 גר,גרמים,120.00,100 גרם,false,,10.90,0.0908,true,1,1414396
4013197767010,false,קבנדיש סוכריות בפחית בטעם פירות,שוקוטרייד בעמ,,"סוכ ""פח לרכב בטעם פי",גרמים,200.00,100 גרם,false,,10.00,0.0500,true,1,1419117
4013197767027,false,קוונדיש סוכריות בפחית דובדבן,שוקוטרייד בעמ,,"סוכ ""פח לרכב בטעם דו",גרמים,200.00,100 גרם,false,,10.00,0.0500,true,1,1419118
4013197767119,false,קוונדיש סוכריות בפחית מנטה קליר,שוקוטרייד בעמ,,"סוכ ""פח לרכב בטעם מנ",גרמים,200.00,100 גרם,false,,10.00,0.0500,true,1,1419120
4014400900217,false,בונבונריית מרסי מבחר ממתקי שוקולד 400 גרם,קריניציה ויטמינה אס,,בונבוניירה מרסי ליימ,גרמים,400.00,100 גרם,false,,49.90,0.1247,true,1,1412274
4014400901191,false,בונבונריית מרסי מבחר ממתקי שוקולד 250 גרם,ליימן שליסל בע`מ,,בונבוניירת שוקולד חל,גרמים,250.00,100 גרם,false,,26.90,0.1076,true,1,1412275
4014400901412,false,מרסי בונבוניירה שוק`מריר 250 גר כשלפ,ליימן שליסל בע`מ,,בונבוניירה שוקולד מר,גרמים,250.00,100 גרם,false,,26.90,0.1076,true,1,1412277
4014400910063,false,סוכריות חמאה וורטרס אורגינל (135 גרם),ליימן שליסל בע`מ,,סוכריות חמאה וורטר ו,גרמים,135.00,100 גרם,false,,9.50,0.0704,true,1,1412282
4014400913910,false,וורטרס אורגינל סוכריות חמאה ממולאות קרם קרמל בשקית,ליימן שליסל בע`מ,,סוכריות חמאה במילוי,גרמים,125.00,100 גרם,false,,9.90,0.0792,true,1,1412283
4014400914696,false,וורטרס אורגינל סוכריות ללא סוכר 80 גרם,ליימן שליסל בע`מ,,סוכריות חמאה ללא סוכ,גרמים,80.00,100 גרם,false,,8.90,0.1113,true,1,1412284
4014400914924,false,"סוכריות בטעם קפה וורטר אורגינל לל""ס 80 גרם",קריניציה ויטמינה אס,,סוכריות ללא סוכר קפה,גרמים,80.00,100 גרם,false,,9.50,0.1188,true,1,1412285
4014400920857,false,וורטר אורגינל ללא סוכר בטעם שוקולד-שקית 70 גרם,קריניציה ויטמינה אס,,סוכריות ללא סוכר קרמ,גרמים,70.00,100 גרם,false,,9.90,0.1414,true,1,1412286
4014400923711,false,בונבוניירה שוקולד אגוזים טופיפי 125 גרם,ליימן שליסל בע`מ,,בונבוניירה טופיפי 12,גרמים,125.00,100 גרם,false,,12.90,0.1032,true,1,1412287
4015000280372,false,"דאודורנט רול און בניחוח לימון פה 50 מ""ל",שוורצקופף והנקל,,פה דאודורנט רול און,מיליליטרים,50.00,"100 מ""ל",false,,9.90,0.1980,true,1,1414916
4015000615891,false,"פה - דאודורנט ספריי לאישה אקווה 200 מ""ל",שוורצקופף והנקל,,פה דאודורנט ספריי אק,מיליליטרים,200.00,"100 מ""ל",false,,9.90,0.0495,true,1,1422073
4015000615921,false,"פה - דאודורנט ספריי לגבר ספורט 200 מ""ל",שוורצקופף והנקל,,פה דאודורנט ספריי ספ,מיליליטרים,200.00,"100 מ""ל",false,,9.90,0.0495,true,1,1414918
4015100190786,false,גליס מסכת סרום לשיקום עמוק עם קרטין,שוורצקופף והנקל,,גליס מסכה סרום שיקום,מיליליטרים,300.00,"100 מ""ל",false,,24.90,0.0830,true,1,1414919
4015100190793,false,גליס מסכה לשיער יבש ופגום במיוחד Ultimate Repair,שוורצקופף והנקל,,גליס מסכה שיקום אולט,מיליליטרים,300.00,"100 מ""ל",false,,24.90,0.0830,true,1,1414920
4015400564454,false,מגני תחתון אולוויז לארג' עם ניחוח מגה פק,דיפלומט מפיצים (1986) בע`מ,,מגן תחתון אולוויז מג,גרמים,234.00,100 גרם,false,,19.90,0.0850,true,1,1416724
4015400681670,false,תחבושות אולוויז וליו פק לילה בטוח 18 יחידות,דיפלומט מפיצים (1986) בע`מ,,תחבושות אולוויז וליו,גרמים,126.00,100 גרם,false,,19.90,0.1579,true,1,1416726
4015400731719,false,תחבושות היגייניות אולוויז יום ולילה Day & Night,דיפלומט מפיצים (1986) בע`מ,,תחבושות אולוויז וליו,גרמים,126.00,100 גרם,false,,19.90,0.1579,true,1,1416730
4015400746812,false,מגני תחתון אולוויז נורמל עם ניחוח מגה פק,דיפלומט מפיצים (1986) בע`מ,,מגן תחתון אולוויז מג,גרמים,186.00,100 גרם,false,,19.90,0.1070,true,1,1416731
4015400755241,false,תחבושות היגייניות אולוויז אולטרה נורמל - 28 יח',דיפלומט מפיצים (1986) בע`מ,,תחבושות אולוויז וליו,גרמים,136.00,100 גרם,false,,19.90,0.1463,true,1,1416732
4015400755487,false,תחבושות היגייניות אולוויז אולטרה לונג - 24 יח',דיפלומט מפיצים (1986) בע`מ,,תחבושות אולוויז וליו,גרמים,132.00,100 גרם,false,,19.90,0.1508,true,1,1416733
4015400990482,false,אבקת כביסה אריאל קולור 3 ק`ג,דיפלומט מפיצים (1986) בע`מ,,אבקת כביסה אריאל קול,גרמים,3000.00,100 גרם,false,,34.90,0.0116,true,1,1431975
4015600762742,false,שמפו יומיומי למניעת קשקשים הנוסחה הקלאסית,דיפלומט מפיצים (1986) בע`מ,,שמפו לשיער הנוסחה הק,מיליליטרים,500.00,"100 מ""ל",false,,19.90,0.0398,true,1,1416736
4017100198151,false,בלזן היט ביסקוויט עם מלית קרם בטעם וניל (41%) 220 גרם,הדקלאים אגודת שיתופי,,עוגיות היט וניל 220,גרמים,220.00,100 גרם,false,,9.90,0.0450,true,1,1412290
4017100210105,false,וופל מגולגל מצופה שוקולד מריר בלזן 100 גרם,הדקלאים אגודת שיתופי,,וופלטן גלילי ופל עם,גרמים,100.00,100 גרם,false,,11.90,0.1190,true,1,1412291
4017100290008,false,בלזן בסקויט חמאה מצופה שוקולד חלב 125 גרם,הדקלאים אגודת שיתופי,,בלזן ביסקוויט מצופה,גרמים,100.00,100 גרם,false,,11.90,0.1190,true,1,1412296
4017100290503,false,ביסקוויט מצופה שוקולד בטעם תפוז בלזן 125 גרם,ליימן שליסל בע`מ,,בלזן ביסקוויט מצופה,גרמים,125.00,100 גרם,false,,11.90,0.0952,true,1,1441479
4017100364112,false,בלזן היט בסקוויט סנדביץ עם מלית קרם בטעם שוקולד קקאו (41%) 220 גרם,הדקלאים אגודת שיתופי,,עוגיות היט קקאו 220,גרמים,220.00,100 גרם,false,,9.90,0.0450,true,1,1412300
4022025261002,false,"בלו ווין גוורצטרמינר כשר 750 מ""ל",היכל היין שקד גולן בעמ,,יין בלו ווין גוורצטר,מיליליטרים,750.00,"100 מ""ל",false,,49.90,0.0665,true,1,1429422
4023800012055,false,מרציפן מצופה 50 גרם,שוקוטרייד בעמ,,מרציפן מצופה 50 גר',גרמים,50.00,100 גרם,false,,4.90,0.0980,true,1,1419121
4023800122105,false,מרציפן לא מצופה 82 גרם,שוקוטרייד בעמ,,מרציפן לא מצופה 82גר,גרמים,82.00,100 גרם,false,,6.90,0.0841,true,1,1419123
4023800231647,false,בונבוניירה מוצארט 200 גרם Mozartkugeln,שוקוטרייד בעמ,,בונ. מוצרט 200 גרם,גרמים,200.00,100 גרם,false,,19.90,0.0995,true,1,1419124
4025700001962,false,מילקה טבלה 100 גר' לבן 1/22 (4248023),דיפלומט מפיצים (1968) בעמ**,,שוקולד לבן מילקה 100,גרמים,100.00,100 גרם,false,,6.90,0.0690,true,1,1422867
4037719068317,false,קוונדיש סוכריות בפחית פירות יער,קוונדיש והרווי C&H,,סוכריות בטעם פירות י,גרמים,175.00,100 גרם,false,,10.00,0.0571,true,1,1419128
4037719657290,false,קוונדיש סוכריות צנצנת שי 300ג,שוקוטרייד בעמ,,סוכריות בטעמי פירות,גרמים,300.00,100 גרם,false,,16.90,0.0563,true,1,1419129
4037719680212,false,סוכריות קוונדיש תות שדה 200ג' (9),שוקוטרייד בעמ,,סוכריות בטעם תות בפח,גרמים,175.00,100 גרם,false,,10.00,0.0571,true,1,1419130
4072700003649,false,"בירה פרנסיסקאנר בהירה 500מ""ל בקבוק",הכרם - משקאות חריפים בעמ,,פרנסיסקאנר מעוננת בק,מיליליטרים,500.00,"100 מ""ל",false,,11.20,0.0224,true,1,1411176
4084500088917,false,נוזל לניקוי כלים לימון פיירי (650 מל),דיפלומט מפיצים (1986) בע`מ,,"פיירי לימון 650 מ""ל",מיליליטרים,650.00,"100 מ""ל",false,,10.90,0.0168,true,1,1416747
4084500149526,false,טייד גל כביסה 2.48 ליטר אלפים רענן,דיפלומט מפיצים (1986) בע`מ,,נוזל כביסה לבנה טייד,מיליליטרים,2480.00,"100 מ""ל",false,,26.90,0.0108,true,1,1408172
4100130937163,false,בירה בקס שישייה 6*275 מל,הכרם -משקאות חריפים בע`מ,,בירה בק'ס שישייה 275,מיליליטרים,1650.00,"100 מ""ל",false,,29.90,0.0181,true,1,1419585
4100470106700,false,חומץ תפוחים אורגני-נטורפוד.,נטורפוד בעמ,,"חומץ תפוחים 750 מ""ל",מיליליטרים,750.00,"100 מ""ל",false,,21.90,0.0292,true,1,1428684
4600659010854,false,וודקה סטוליצ`יניה (700 מל),הכרם -משקאות חריפים בע`מ,,"סטולי פרימיום 700 מ""",מיליליטרים,700.00,"100 מ""ל",false,,59.90,0.0856,true,1,1428903
4600682407096,false,"בירה בלטיקה מס 7 900 מ""ל פחית",BALTIKA,,בירה בלטיקה מס' 7 0.,מיליליטרים,900.00,"100 מ""ל",false,,14.90,0.0166,true,1,1416231
4600682409458,false,"בירה בלטיקה מס 9 450 מ""ל פחית",BALTIKA,,בירה בלטיקה מס0.45 9,מיליליטרים,450.00,"100 מ""ל",false,,8.90,0.0198,true,1,1416234
4603400000043,false,וודקה רוסקי יורוסטנדרט (700 מל),רוסקי סטנדרט וודקה,,וודקה רוסקי סטנדרט 7,מיליליטרים,700.00,"100 מ""ל",false,,64.90,0.0927,true,1,1416245
4605561010305,false,"חתיכות פילה הרינג עם שמיר בשמן 17.6 אונקיה, 500 גרם",דילר בי.אם.די פורמולה בעמ,,פילה הרינג עם שמיר ב,גרמים,500.00,100 גרם,false,,27.90,0.0558,true,1,1437817
4605561010343,false,פילה דג הרינג חתיכות בשמן 500 גרם,דילר בי.אמ.די פורמולה בעמ,,פילה הרינג בשמן חתיכ,גרמים,500.00,100 גרם,false,,27.90,0.0558,true,1,1437819
4605561012613,false,פילה דג הרינג קצוץ בשמן 400 גרם,דילר בי.אם.די. פורמולה בעמ,,פילה הרינג (קצוץ) בש,גרמים,400.00,100 גרם,false,,16.90,0.0422,true,1,1437821
4605561013009,false,פילה דג הרינג בשמן 400 גרם,דילר בי.אם.די. פורמולה בעמ,,פילה הרינג בשמן 400,גרמים,400.00,100 גרם,false,,16.90,0.0422,true,1,1437822
4606260000185,false,תערובת לתיבול שישליק,,,תערובת לתיבול שישליק,גרמים,15.00,100 גרם,false,,2.90,0.1933,true,1,1434898
4606260000192,false,תערובת לתיבול פלוב ר,,,תערובת לתיבול פלוב ר,גרמים,15.00,100 גרם,false,,2.90,0.1933,true,1,1434899
4606260000208,false,תערובת לתיבול דג 15,,,תערובת לתיבול דג 15,גרמים,15.00,100 גרם,false,,2.90,0.1933,true,1,1434900
4606260000222,false,תערובת לתיבול עוף 15,,,תערובת לתיבול עוף 15,גרמים,15.00,100 גרם,false,,2.90,0.1933,true,1,1434901
4606260000260,false,תבלין קארי טחון 15 ג,,,תבלין קארי טחון 15 ג,גרמים,15.00,100 גרם,false,,2.90,0.1933,true,1,1434902
4606260000499,false,תבלין קחמלי סונלי 15,,,תבלין חמלי סונלי 15,גרמים,15.00,100 גרם,false,,2.90,0.1933,true,1,1434904
4606260000505,false,תערובת לתיבול כיסוני,,,תערובת לתיבול כיסוני,גרמים,15.00,100 גרם,false,,2.90,0.1933,true,1,1434905
4606260000529,false,תערובת לתיבול תפוחי,,,תערובת לתיבול תפוחי,גרמים,15.00,100 גרם,false,,2.90,0.1933,true,1,1434906
4606260000765,false,תבלין ציפורן 10 גרם,,,תבלין ציפורן 10 גרם,גרמים,10.00,100 גרם,false,,3.90,0.3900,true,1,1434907
4606260000888,false,תבלין שום מיובש 10 ג,,,תבלין שום מיובש 10 ג,גרמים,10.00,100 גרם,false,,2.90,0.2900,true,1,1434908
4606260001038,false,תבלין פלפל שחור טחון,,,תבלין פלפל שחור טחון,גרמים,50.00,100 גרם,false,,7.90,0.1580,true,1,1434909
4606260002653,false,תבלין אוניברסאלי 15,,,תבלין אוניברסאלי 15,גרמים,15.00,100 גרם,false,,2.90,0.1933,true,1,1434910
4606260004374,false,ויטקס תערובת תיבול ל,,,ויטקס תערובת תיבול ל,גרמים,200.00,100 גרם,false,,8.90,0.0445,true,1,1434911
4606260004473,false,תערובת לתיבול דג אדו,,,תערובת לתיבול דג אדו,גרמים,15.00,100 גרם,false,,2.90,0.1933,true,1,1434917
4606260004541,false,תבלין זירה 10 גרם וי,,,תבלין זירה 10 גרם וי,גרמים,10.00,100 גרם,false,,2.90,0.2900,true,1,1434918
4606260004633,false,תבלין טימין 10 גרם ו,,,תבלין טימין 10 גרם ו,גרמים,10.00,100 גרם,false,,2.90,0.2900,true,1,1434922
4606260004657,false,תבלין כוסברה 10 גרם,,,תבלין כוסברה 10 גרם,גרמים,10.00,100 גרם,false,,2.90,0.2900,true,1,1434923
4606260004909,false,תבלין מלח לימון 50 ג,,,תבלין מלח לימון 50 ג,גרמים,50.00,100 גרם,false,,3.90,0.0780,true,1,1434924
4606260004985,false,ויטקס תערובת תיבול ירק מיובש 30 גרם,,,ויטקס תערובת תיבול י,גרמים,30.00,100 גרם,false,,6.90,0.2300,true,1,1434925
4606260005098,false,תערובת לתיבול כרעיים,,,תערובת לתיבול כרעיים,גרמים,15.00,100 גרם,false,,2.90,0.1933,true,1,1434926
4606260005258,false,תבלין פפריקה 10 גרם,,,תבלין פפריקה 10 גרם,גרמים,10.00,100 גרם,false,,2.90,0.2900,true,1,1434928
4606260005340,false,ויטקס תערובת תיבול מטבח עולמי 200 גרם,,,ויטקס תערובת תיבול מ,גרמים,200.00,100 גרם,false,,8.90,0.0445,true,1,1434930
4606260005456,false,ויטקס תערובת תיבול בצל וגזר 55 גרם,,,ויטקס תערובת תיבול ב,גרמים,55.00,100 גרם,false,,6.90,0.1255,true,1,1434931
4606260005678,false,תבלין פלפל שחור שלם,,,תבלין פלפל שחור שלם,גרמים,50.00,100 גרם,false,,7.90,0.1580,true,1,1434933
4606260005722,false,תבלין בצל ירוק 7 גרם,,,תבלין בצל ירוק 7 גרם,גרמים,7.00,100 גרם,false,,2.90,0.4143,true,1,1434934
4607012351005,false,גרעיני חמניות מרטין ללא מלח 200 גרם,"נארז ע""י : א.ג. גילר",,כשלפ מרטין גרעיני חמ,גרמים,200.00,100 גרם,false,,12.90,0.0645,true,1,1437010
4607012351999,false,גרעיני חמניות מרטין עם מלח 200 גרם,"נארז ע""י : א.ג. גילר",,כשלפ מרטין גרעיני חמ,גרמים,200.00,100 גרם,false,,12.90,0.0645,true,1,1436752
4607012352453,false,גרעיני חמניות מרטין פסים עם מלח 150 גר,אל אל סי מרטין,,כשלפ מרטין גרעיני חמ,גרמים,150.00,100 גרם,false,,11.90,0.0793,true,1,1436753
4640018993350,false,פיניש קוואנטום קפסולות ג'ל למדיח כלים לימון 30 יח',רקיט בנקיזר (ניר איסט) בעמ,,פיניש קוואנטום 30 קפ,יחידה,30.00,יחידה,false,,39.90,1.3300,true,1,1435410
4710068001715,false,משקה בטעם טירמיסו מאסטר קפה (240 מל),יוני פרזינדנט אנטרפר,,קפה בטעם טירמיסו מאס,מיליליטרים,240.00,"100 מ""ל",false,,6.90,0.0288,true,1,1410607
4751001581475,false,ש.דג ריגה זהב קילקה ברוטב 280 ג צנצ.חדש,GAMMA-A,,שימורי דג קילקה שלמי,גרמים,280.00,100 גרם,false,,8.00,0.0286,true,1,1406066
4751003924003,false,סלט טונה עם ירקות איטלקי 185 ג' לארסן,,,סלט טונה איטלקי לרסן,גרמים,185.00,100 גרם,false,,11.90,0.0643,true,1,1440323
4751007738064,false,שפרוטים מעושנים בשמן לארסן 160 גרם,ס.י.א קרבלה,,שפרוטים מעושנים לרסן,גרמים,160.00,100 גרם,false,,11.90,0.0744,true,1,1440324
4751007738095,false,סלט סלמון וירקות מקסיקני לארסן 220 גרם,ס.י.א קרבלה,,סלט סלמון מקסיקני לר,גרמים,220.00,100 גרם,false,,11.90,0.0541,true,1,1440325
4770179100349,false,שוקולד פרגלה מריר 72,,,טב' שוקולד מריר 72%,,215.00,250 גרם,false,,12.90,0.0600,true,1,1419261
4770179106976,false,שוקולד פרגלה מריר עם,,,"שוק ""טב ""מריר עם חמו",גרמים,93.00,100 גרם,false,,5.50,0.0591,true,1,1419265
4770179107430,false,שוקולד פרגלה מריר עם,,,טב' שוק' מריר עם שקד,גרמים,220.00,100 גרם,false,,14.90,0.0677,true,1,1441132
4770179107447,false,טב' שוק' מריר חמוציו,,,טב' שוק' מריר חמוציו,גרמים,220.00,100 גרם,false,,14.90,0.0677,true,1,1419268
4770179109991,false,בונ שוק עם וודקה 190 ג PERGALE,MIESZKO,,בונ' שוק' עם וודקה,גרמים,190.00,100 גרם,false,,18.90,0.0995,true,1,1441133
4770179110096,false,בונ שוק עם ברנדי 190 ג PERGALE,MIESZKO,,בונ' שוק' עם ברנדי 1,גרמים,190.00,100 גרם,false,,18.90,0.0995,true,1,1441134
4770179110126,false,בונ שוק עם ליקר שרי 190 ג PERGALE,BARILLA G.E.R.,,בונ' שוק' עם ליקר שר,גרמים,190.00,100 גרם,false,,18.90,0.0995,true,1,1441135
4770179125045,false,טב' שוקולד מריר עם ק,,,טב' שוקולד מריר עם ק,גרמים,100.00,100 גרם,false,,5.90,0.0590,true,1,1441137
4770179125076,false,שוקולד פרגלה מריר עם,PERGALE,,"שוק ""טב ""שוקולד מריר",גרמים,100.00,100 גרם,false,,5.50,0.0550,true,1,1419280
4770179125144,false,שוקולד פרגלה מריר עם,PERGALE,,שוקולד מריר עם קרם ק,גרמים,100.00,100 גרם,false,,5.50,0.0550,true,1,1419282
4770179125281,false,שוקולד חלב עם קרם פי,PERGALE,,טב' שוקולד חלב עם קר,גרמים,100.00,100 גרם,false,,5.90,0.0590,true,1,1419283
4770179182864,false,ממתקי שוקולד ממולאים 360 גרם,,,בונ' פח שוקולד מריר,גרמים,355.00,100 גרם,false,,54.90,0.1546,true,1,1441139
4770179998366,false,בונבוניירה פרליני שו,,,בונבוניירה פרליני שו,גרמים,113.00,100 גרם,false,,10.90,0.0965,true,1,1436716
4770237049443,false,גלידת שמנת בטעם קרמל- קרם ברולה פלומביר בגביע וופל אישי 70 גר' SVALIA,אייס דילר בי.אמ.די בעמ,,גלידת שמנת בטעם קרמל,גרמים,70.00,100 גרם,false,,5.90,0.0843,true,1,1420336
4770237049450,false,גלידת שמנת בטעם וניל בגביע וופל אישי פלומביר 70 גר' SVALIA,אייס דילר בי.אמ.די בעמ,,גלידת שמנת בטעם וניל,גרמים,70.00,100 גרם,false,,5.90,0.0843,true,1,1420337
4770237050432,false,גלידת שמנת בטעם שוקולד פלומביר בגביע וופל אישי 70 גר' SVALIA,אייס דילר בי.אמ.די בעמ,,גלידת שמנת בטעם שו,גרמים,70.00,100 גרם,false,,5.90,0.0843,true,1,1420338
4770237056748,false,גלידת שמנת משובחת בטעם וניל בציפוי בטעם מסטיק SVALIA גר 58,אייס דילר בי.אמ.די בעמ,,גלידת שמנת בטעם וניל,מיליליטרים,58.00,"100 מ""ל",false,,5.90,0.1017,true,1,1440144
4770577201204,false,"סלק מבושל בוואקום 1 ק""ג",,,סלק אדום מקולף 1 קיל,יחידה,1.00,יחידה,false,,9.90,9.9000,true,1,1406411
4796019790013,false,שמן קוקוס כבישה קרה אורגני גרין קוקו 300,נטורפוד בעמ,,שמן קוקוס כבישה קרה,מיליליטרים,300.00,"100 מ""ל",false,,19.90,0.0663,true,1,1417438
4810168000998,false,פילה דג הרינג מלוח מצונן עם בצל בצנצנת חתיכות 260גרם,דילר בי.אם.די. פורמולה בעמ,,פילה הרינג מלוח עם ב,גרמים,260.00,100 גרם,false,,18.90,0.0727,true,1,1420363
4810168001056,false,פילה דג הרינג מלוח מצונן בצנצנת חתיכות 260גרם,דילר בי.אם.די. פורמולה בעמ,,פילה הרינג מלוח מצונ,גרמים,260.00,100 גרם,false,,18.90,0.0727,true,1,1420364
4810168019051,false,חתיכות פילה דג הרינג מלוח מצונן עם תבלין 200גרם,דילר בי.אם.די. פורמולה בעמ,,חתיכות פילה דג הרינג,גרמים,200.00,100 גרם,false,,13.90,0.0695,true,1,1420367
4810168024512,false,פילה דג הרינג מלוח מצונן עם תבלין בצנצנת חתיכות 260 גרם,דילר בי.אם.די. פורמולה בעמ,,פילה הרינג מלוח עם ת,גרמים,260.00,100 גרם,false,,18.90,0.0727,true,1,1420372
4810168038267,false,גלידת שמנת בטעם וניל פלומביר בציפוי צימקאו אסקימו 65 גר YUKKI,אייס דילר בי.אמ.די בעמ,,גלידה שמנת בטעם וניל,גרמים,65.00,100 גרם,false,,5.90,0.0908,true,1,1420377
4810168038977,false,גלידת שמנת בטעם וניל בגביע וופל אישי פלומביר 75 גרם YUKKI,אייס דילר בי.אמ.די בעמ,,גלידת שמנת בטעם וניל,גרמים,75.00,100 גרם,false,,5.90,0.0787,true,1,1420378
4810168038984,false,גלידת שמנת משובחת בטעם וניל וופל בין השכבות 80 גר YUKKI,אייס דילר בי.אמ.די בעמ,,גלידת שמנת משובחת בט,גרמים,80.00,100 גרם,false,,5.90,0.0738,true,1,1420379
4810168055035,false,כיסונים במילוי טבורוג וצימוקים מוקפאות 450 גרם,דילר בי.אמ.די פורמולה בעמ,,כיסונים במילוי טבורו,גרמים,450.00,100 גרם,false,,15.90,0.0353,true,1,1437832
4810168057435,false,חתיכות פילה דג XXLהרינג מלוח בשמן מצונן 400 גרם,דילר בי.אם.די. פורמולה בעמ,,חתיכות פילה דג הרינג,גרמים,400.00,100 גרם,false,,27.90,0.0697,true,1,1439643
4810168057510,false,חתיכות פילה דג הרינג מתובל מלוח בשמן 400 גרם,דילר בי.אם.די. פורמולה בעמ,,חתיכות פילה דג הרינג,גרמים,400.00,100 גרם,false,,27.90,0.0697,true,1,1439644
4810168058975,false,חתיכות פילה דג הרינג סקנדינבי מלוח מצונן 260 גר,דילר בי.אם.די. פורמולה בעמ,,פילה דג הרינג סקנדינ,גרמים,260.00,100 גרם,false,,18.90,0.0727,true,1,1440855
4810168058982,false,חתיכות פילה דג הרינג סקנדינבי מלוח בשמן 400 גר,דילר בי.אם.די. פורמולה בעמ,,חתיכות פילה דג הרינג,גרמים,400.00,100 גרם,false,,28.90,0.0722,true,1,1440856
4820006010676,false,שיבולת שועל סקוירה ב,מפעל לעיבוד תבואה,,שיבולת שועל סקוירה ב,גרמים,500.00,100 גרם,false,,4.90,0.0098,true,1,1437225
4820015165206,false,גלידת שמנת משובחת בטעם וניל בגביע וופל אישי פלומביר 70 גר',אייס דילר בי.אמ.די בעמ,,גלידת שמנת בטעם וניל,גרמים,70.00,100 גרם,false,,5.90,0.0843,true,1,1420386
4820015165213,false,גלידת שמנת משובחת בטעם וניל פלומביר שכבות וופל 90 גרם,ז'יטומרסקי זאבוד,,גלידת שמנת בטעם וניל,גרמים,90.00,100 גרם,false,,5.90,0.0656,true,1,1420387
4820154722469,false,גלידה בטעם וניל בכוס אסקימוס 80 גרם,אייס דילר בי.אמ.די בעמ,,גלידת שמנת משובחת בט,גרמים,80.00,100 גרם,false,,5.90,0.0738,true,1,1420393
4823077602863,false,רושן סוכריות ג'לי קרייזי פצ'ולקה 200 גרם,דילר בי.אמ.די.אינטרנשויונל בעמ,,רושן סוכריות ג'לי קר,גרמים,200.00,100 גרם,false,,6.90,0.0345,true,1,1437757
4823077605215,false,"סוכריות גלי 1 ק""ג רושן",קייב קרמנציק,,סוכריות ג'ילי רושן 1,גרמים,1000.00,100 גרם,false,,34.90,0.0349,true,1,1420017
4823077607530,false,"סוכריות בטעם אגס רושן 1 ק""ג",,,רושן סוכריות בטעם אג,גרמים,1000.00,100 גרם,false,,16.90,0.0169,true,1,1420022
4823077608513,false,רושן סוכריות טופי חלב קורבקה 205 גרם,דילר בי.אמ.די.אינטרנשויונל בעמ,,רושן סוכריות טופי חל,גרמים,205.00,100 גרם,false,,6.90,0.0337,true,1,1420023
4823077612732,false,רושן סוכריות ממולאות בטעם פירות ביים בום 200 גרם,דילר בי.אמ.די.אינטרנשויונל בעמ,,רושן סוכריות בטעם פי,גרמים,200.00,100 גרם,false,,4.90,0.0245,true,1,1437761
4823077613203,false,שוקולד רושן מריר + פונדוק שלם 90 גר רושן,דילר בי.אמ.די.אינטרנשויונל בעמ,,שוקולד רושן מריר עם,גרמים,90.00,100 גרם,false,,8.50,0.0944,true,1,1420034
4823077613630,false,חטיף שוקולד רושן ממולה קרם בורלה 43 גרם,דילר בי.אמ.די.אינטרנשויונל בעמ,,חטיף שוקולד רושן ממו,גרמים,43.00,100 גרם,false,,3.50,0.0814,true,1,1420038
4823077614675,false,48230776ביסקוויט לקפה רושן בטעם חלב 18,דילר בי.אמ.די.אינטרנשויונל בעמ,,ביסקוויט לקפה רושן ב,גרמים,185.00,100 גרם,false,,3.90,0.0211,true,1,1439701
4823077614699,false,ביסקוויט לקפה רושן בטעם חמאה וניל 185 גרם,דילר בי.אמ.די.אינטרנשויונל בעמ,,ביסקוויט לקפה רושן ב,גרמים,185.00,100 גרם,false,,3.90,0.0211,true,1,1439702
4823077614767,false,שוקולד רושן חלב נוגט בטעם אגוזי לוז 90 גרם,דילר בי.אמ.די.אינטרנשויונל בעמ,,שוקולד רושן חלב נוגט,גרמים,90.00,100 גרם,false,,4.90,0.0544,true,1,1437762
4823077614804,false,שוקולד רושן חלב נוגט בטעם אוכמניות כחולות 90 גרם,דילר בי.אמ.די.אינטרנשויונל בעמ,,שוקולד רושן חלב נוגט,גרמים,90.00,100 גרם,false,,4.90,0.0544,true,1,1420041
4823077617041,false,חטיף שוקולד רושן ממולה קרם קרמל 43 גרם,דילר בי.אמ.די.אינטרנשויונל בעמ,,חטיף שוקולד רושן ממו,גרמים,43.00,100 גרם,false,,3.50,0.0814,true,1,1420049
4823077618161,false,גליליות ופל רושן קונפטו חלב 140 גרם,דילר בי.אמ.די.אינטרנשויונל בעמ,,גליליות רושן קונאפטו,גרמים,140.00,100 גרם,false,,6.90,0.0493,true,1,1438690
4823077618901,false,בונבוניירה רושן דובדבן ליקר רום 150 גרם,דילר בי.אמ.די.אינטרנשויונל בעמ,,בונבוניירה רושן SHOO,גרמים,150.00,100 גרם,false,,13.90,0.0927,true,1,1420053
4823077621635,false,חטיף שוקולד רושן בטעם חלב 72 גרם,דילר בי.אמ.די.אינטרנשויונל בעמ,,וופל רושן בטעם חלב 7,גרמים,72.00,100 גרם,false,,3.50,0.0486,true,1,1437764
4823077621642,false,חטיף שוקולד רושן בטעם שוקולד 72 גר,דילר בי.אמ.די.אינטרנשויונל בעמ,,וופל רושן בטעם שוקול,גרמים,72.00,100 גרם,false,,3.50,0.0486,true,1,1437765
4823077621659,false,חטיף שוקולד רושן בטעם אגוז 72 גר,דילר בי.אמ.די.אינטרנשויונל בעמ,,וופל רושן בטעם אגוז,גרמים,72.00,100 גרם,false,,3.50,0.0486,true,1,1437766
4823077623684,false,רושן סוכריות ממולאות קרם בטעם חלב סוייט דרופס 150 גרם,דילר בי.אמ.די.אינטרנשויונל בעמ,,רושן סוכריות ממולאות,גרמים,150.00,100 גרם,false,,4.90,0.0327,true,1,1437767
4823077623714,false,רושן סוכריות טופי ממולאים בטעם חלב מילקי ספלש 150 גרם,דילר בי.אמ.די.אינטרנשויונל בעמ,,רושן סוכריות טופי ממ,גרמים,150.00,100 גרם,false,,6.90,0.0460,true,1,1420076
4823077624223,false,"רושן ממתקי סוכריות ג'ילי ""בוני פרוט"" בטעמי פירות 200 גר",דילר בי.אמ.די.אינטרנשויונל בעמ,,רושן ממתקי סוכריות ג,גרמים,200.00,100 גרם,false,,6.90,0.0345,true,1,1420077
4823077624247,false,"רושן ממתקי סוכריות ג'ילי ""בוני פרוט"" בטעם הדרים 200 גר",דילר בי.אמ.די.אינטרנשויונל בעמ,,רושן ממתקי סוכריות ג,גרמים,200.00,100 גרם,false,,6.90,0.0345,true,1,1420078
4823077624391,false,"רושן סוכריות טופי ""מינקי בינקי"" 185 גר",דילר בי.אמ.די.אינטרנשויונל בעמ,,רושן סוכריות טופי מי,גרמים,185.00,100 גרם,false,,6.90,0.0373,true,1,1437768
4823077625145,false,ממתקי שוקולד מריר עם דובדבן בליקר דובדבן,דילר בי.אמ.די.אינטרנשויונל בעמ,,בונבוניירה רושן דובד,גרמים,155.00,100 גרם,false,,13.90,0.0897,true,1,1420088
4823077625589,false,וופל וואפרס חלב רושן 216 גר,דילר בי.אמ.די.אינטרנשויונל בעמ,,וופל רושן בטעם חלב 2,גרמים,216.00,100 גרם,false,,6.90,0.0319,true,1,1420091
4823077625602,false,וופל וואפרס שוקולד רושן 216 גר,דילר בי.אמ.די.אינטרנשויונל בעמ,,וופל רושן בטעם שוקול,גרמים,216.00,100 גרם,false,,6.90,0.0319,true,1,1420092
4823077625626,false,וופל וואפרס אגוז רושן 216 גר,דילר בי.אמ.די.אינטרנשויונל בעמ,,וופל רושן בטעם אגוז,גרמים,216.00,100 גרם,false,,6.90,0.0319,true,1,1420093
4823077626203,false,שוקולד רושן אורירי מריר 80 גרם,דילר בי.אמ.די.אינטרנשויונל בעמ,,שוקולד רושן אורירי מ,גרמים,80.00,100 גרם,false,,6.90,0.0863,true,1,1422479
4823077626227,false,שוקולד רושן אורירי חלב 80 גרם,דילר בי.אמ.די.אינטרנשויונל בעמ,,שוקולד רושן אורירי ח,גרמים,80.00,100 גרם,false,,6.90,0.0863,true,1,1437769
4823077626241,false,שוקולד רושן אורירי לבן קרמל 80 גרם,דילר בי.אמ.די.אינטרנשויונל בעמ,,שוקולד רושן אורירי ל,גרמים,80.00,100 גרם,false,,6.90,0.0863,true,1,1437770
4823077626364,false,שוקולד רושן אורירי לבן 80 גרם,דילר בי.אמ.די.אינטרנשויונל בעמ,,שוקולד אורירי לבן רו,גרמים,80.00,100 גרם,false,,6.90,0.0863,true,1,1438173
4823077629136,false,שוקולד רושן חלב lacmuי 90 גרם,דילר בי.אמ.די.אינטרנשויונל בעמ,,שוקולדרושן חלב 90 גר,גרמים,90.00,100 גרם,false,,6.90,0.0767,true,1,1440580
4823077630422,false,"סנדוויץ' קרקר חלב וניל רושן 235 גרם "" 2 CRACK """,דילר בי.אמ.די.אינטרנשויונל בעמ,,סנדוויץ' קרקר חלב ונ,גרמים,235.00,100 גרם,false,,9.90,0.0421,true,1,1441257
4823077630439,false,"סנדוויץ' קרקר שוקולד רושן 235 גרם "" 2 CRACK """,דילר בי.אמ.די.אינטרנשויונל בעמ,,סנדוויץ' קרקר שוקולד,גרמים,235.00,100 גרם,false,,9.90,0.0421,true,1,1437775
4823077630996,false,"סנדוויץ' קרקר קקאו-אגוז רושן 235 גרם "" 2 CRACK """,דילר בי.אמ.די.אינטרנשויונל בעמ,,סנדוויץ' קרקר קקאו-א,גרמים,235.00,100 גרם,false,,9.90,0.0421,true,1,1437781
4823077631467,false,קרקר עם מלח ים רושן 168 גר HI DAY,דילר בי.אמ.די.אינטרנשויונל בעמ,,קרקר עם מלח ים רושן,גרמים,168.00,100 גרם,false,,5.50,0.0327,true,1,1437782
4823077631474,false,קרקר קלאסי רושן 168 גר HI DAY,דילר בי.אמ.די.אינטרנשויונל בעמ,,קרקר קלאסי רושן 168,גרמים,168.00,100 גרם,false,,5.50,0.0327,true,1,1437783
4823077631856,false,גליליות ופל רושן קונפטו קוקוס 140 גרם,דילר בי.אמ.די.אינטרנשויונל בעמ,,גליליות רושן קונאפטו,גרמים,140.00,100 גרם,false,,6.90,0.0493,true,1,1437784
4823077631863,false,גליליות ופל רושן קונפטו וניל 140 גרם,דילר בי.אמ.די.אינטרנשויונל בעמ,,גליליות רושן קונאפטו,גרמים,140.00,100 גרם,false,,6.90,0.0493,true,1,1437785
4823077632112,false,וופל רושן בטעם קקאו חלב 2.16 גר`,דילר בי.אמ.די.אינטרנשויונל בעמ,,וופל רושן בטעם קקאו,גרמים,216.00,100 גרם,false,,6.90,0.0319,true,1,1437787
4823077632259,false,חטיף שוקולד רושן עם בוטנים 43 גרם,דילר בי.אמ.די.אינטרנשויונל בעמ,,חטיף שוקולד רושן עם,גרמים,38.00,100 גרם,false,,3.50,0.0921,true,1,1437788
4823077632570,false,שוקולד רושן BRUT מריר 85 גרם,דילר בי.אמ.די.אינטרנשויונל בעמ,,שוקולד רושן מריר 85,גרמים,85.00,100 גרם,false,,6.90,0.0812,true,1,1437793
4823077632587,false,שוקולד רושן חלב עם שקד שלם 90 גר` LACMI,דילר בי.אמ.די.אינטרנשויונל בעמ,,שוקולד רושן חלב עם ש,גרמים,90.00,100 גרם,false,,8.50,0.0944,true,1,1437794
4823077633034,false,"גליליות וופל רושן ""קונאפטו"" קקאו 140 ג",דילר בי.אמ.די.אינטרנשויונל בעמ,,גליליות רושן קונאפטו,גרמים,140.00,100 גרם,false,,6.90,0.0493,true,1,1437798
4823077633058,false,"גליליות וופל רושן ""קונאפטו"" אגוז 140 ג",דילר בי.אמ.די.אינטרנשויונל בעמ,,גליליות רושן קונאפטו,גרמים,140.00,100 גרם,false,,6.90,0.0493,true,1,1437799
4823077633317,false,עוגיות שוקוצ'יפס LOVITA שוקולד עם חתיכות שוקולד 150 גרם,דילר בי.אמ.די.אינטרנשויונל בעמ,,עוגיות לביטה שוקולד,גרמים,150.00,100 גרם,false,,6.90,0.0460,true,1,1437800
4823077633324,false,עוגיות שוקוצ'יפס LOVITA עם חתיכות שוקולד 150 גרם,דילר בי.אמ.די.אינטרנשויונל בעמ,,עוגיות שוקוצ'יפס לבי,גרמים,150.00,100 גרם,false,,6.90,0.0460,true,1,1437801
4823077633331,false,עוגיות שוקוצ'יפס LOVITA בטעם תפוז 150 גרם,דילר בי.אמ.די.אינטרנשויונל בעמ,,עוגיות רושן לוביטה ב,גרמים,150.00,100 גרם,false,,6.90,0.0460,true,1,1439704
4823077633348,false,עוגיות שוקוצ'יפס LOVITA עם חתיכות בוטנים 150 גרם,דילר בי.אמ.די.אינטרנשויונל בעמ,,עוגיות רושן לביטה עם,גרמים,15.00,100 גרם,false,,6.90,0.4600,true,1,1437802
4823077633508,false,חטיף שוקולד רושן במילוי קרם קקאו מצופה 34 גרם,דילר בי.אמ.די.אינטרנשויונל בעמ,,חטיף וופל במילוי קרם,גרמים,34.00,100 גרם,false,,3.50,0.1029,true,1,1440582
4823077633515,false,חטיף שוקולד רושן במילוי קרם חלבי מצופה 34 גרם,דילר בי.אמ.די.אינטרנשויונל בעמ,,חטיף וופל במילוי קרם,גרמים,34.00,100 גרם,false,,3.50,0.1029,true,1,1440583
4823077633690,false,בונבוניירה רושן שוטרס ויסקי 150 גרם,דילר בי.אמ.די.אינטרנשיונל בעמ,,בונבוניירה רושן שוטר,גרמים,150.00,100 גרם,false,,13.90,0.0927,true,1,1437806
4823077634116,false,"סוכריות קורובקה 1 ק""ג רושן",,,רושן סוכריות טופי חל,גרמים,1000.00,100 גרם,false,,24.90,0.0249,true,1,1437807
4823077634178,false,עוגיות רושן LOVITA במילוי תפוח קינמון 168 גרם,דילר בי.אמ.די.אינטרנשויונל בעמ,,עוגיות לביטה עם מילו,גרמים,168.00,100 גרם,false,,6.90,0.0411,true,1,1437808
4823077634192,false,עוגיות רושן LOVITA במילוי דובדבן וניל 168 גרם,דילר בי.אמ.די.אינטרנשויונל בעמ,,עוגיות לביטה עם מילו,גרמים,168.00,100 גרם,false,,6.90,0.0411,true,1,1437809
4823077634222,false,עוגיות Lovita ממולאות ג'לי תפוז מצופות צימקאו,דילר בי.אמ.די.אינטרנשויונל בעמ,,עוגיות לביטה תפוז 13,גרמים,135.00,100 גרם,false,,6.90,0.0511,true,1,1437810
4823077634246,false,עוגיות Lovita ממולאות ג'לי פטל מצופות צימקאו,דילר בי.אמ.די.אינטרנשויונל בעמ,,עוגיות לביטה פטל 135,גרמים,135.00,100 גרם,false,,6.90,0.0511,true,1,1437811
4823077634277,false,עוגיות Lovita ממולאות ג'לי תות שדה מצופות צימקאו,דילר בי.אמ.די.אינטרנשויונל בעמ,,עוגיות תות שדה לוביט,גרמים,135.00,100 גרם,false,,6.90,0.0511,true,1,1439705
4823077634369,false,שוקולד רושן חלב אוורירי ופצפוצי אורז 85 גר LACMI CRISP,דילר בי.אמ.די.אינטרנשויונל בעמ,,שוקולד רושן חלב אוור,גרמים,85.00,100 גרם,false,,6.90,0.0812,true,1,1440585
4823077634413,false,"עוגות אישיות ""TOO COOL"" תות שדה 270 גר",דילר בי.אמ.די.אינטרנשיונל בעמ,,עוגות אישיות תות שדה,גרמים,270.00,100 גרם,false,,14.90,0.0552,true,1,1437813
4823077634420,false,"עוגות אישיות ""TOO COOL"" חלב 270 גר 6 יחידות",דילר בי.אמ.די.אינטרנשיונל בעמ,,עוגות אישיות חלב 270,גרמים,270.00,100 גרם,false,,14.90,0.0552,true,1,1437814
4823077634741,false,עוגיות רושן LOVITA במילוי תות שדה 168 גרם,דילר בי.אמ.די.אינטרנשויונל בעמ,,עוגיות עם מילוי תות,גרמים,168.00,100 גרם,false,,6.90,0.0411,true,1,1439706
4823077635489,false,חטיף וופל רושן קרם קקאו JOHNY KROCKERי 350 גרם,דילר בי.אמ.די.אינטרנשויונל בעמ,,וופל רושן קרם קקאו ג,גרמים,350.00,100 גרם,false,,17.90,0.0511,true,1,1438414
4823077635533,false,חטיף וופל רושן קרם חלב JOHNY KROCKERי 350 גרם,דילר בי.אמ.די.אינטרנשויונל בעמ,,וופל רושן קרם חלב גו,גרמים,350.00,100 גרם,false,,17.90,0.0511,true,1,1438415
4823077635564,false,חטיף וופל רושן קרם קקאו במשקל,,,חטיף וופל רושן קרם ק,גרמים,1000.00,100 גרם,false,,39.90,0.0399,true,1,1439707
4823077636004,false,עוגיות Lovita ממולאות ג'לי דובדבן מצופות צימקאו,דילר בי.אמ.די.אינטרנשויונל בעמ,,עוגיות קקאו דובדבן ל,גרמים,135.00,100 גרם,false,,6.90,0.0511,true,1,1439709
4823077636172,false,וופל רושן בטעם לימון 216 גרם,דילר בי.אמ.די.אינטרנשויונל בעמ,,וופל רושן בטעם לימון,גרמים,216.00,100 גרם,false,,5.90,0.0273,true,1,1439956
4823077636554,false,סוכריות ממולאות קרם בטעם חלב טיפת חלב 378 גרם,דילר בי.אמ.די.אינטרנשויונל בעמ,,סוכריות ממולאות קרם,גרמים,378.00,100 גרם,false,,12.90,0.0341,true,1,1439849
4823077636561,false,סוכריות ממולאות בטעם חלב קפה קפה לייק 378 גרם,דילר בי.אמ.די.אינטרנשויונל בעמ,,סוכריות ממולאות בטעם,גרמים,378.00,100 גרם,false,,12.90,0.0341,true,1,1439850
4823077636592,false,רושן סוכריות ג'לי קרייזי פצ'ולקה 378 גרם,דילר בי.אמ.די.אינטרנשויונל בעמ,,סוכריות ג'לי רושן 37,גרמים,378.00,100 גרם,false,,12.90,0.0341,true,1,1439853
4823077636608,false,רושן סוכריות טופי במילוי שוקולד טופלין 325 גרם,דילר בי.אמ.די.אינטרנשויונל בעמ,,סוכריות טופי רושן במ,גרמים,325.00,100 גרם,false,,12.90,0.0397,true,1,1439854
4823097809747,false,גלידת שמנת משובחת כם שבבי שוקולד 70גר,אייס דילר בי.אמ.די בעמ,,גלידה שמנת שוקולד פל,גרמים,70.00,100 גרם,false,,5.90,0.0843,true,1,1440157
4860009000014,false,מיץ רימונים 100% סחוט ללא תוספת סוכר,תומר ייבוא ושיווק מוצרי מזון [,,מיץ רימונים גרוזיני,מיליליטרים,1000.00,"100 מ""ל",false,,18.90,0.0189,true,1,1407767
4860019001346,false,בורז'ומי מים מינרליים טבעיים 500מ'ל חדש,אי די אס בורגומי,,מים מינרליים בורז'ומ,מיליליטרים,500.00,"100 מ""ל",false,,7.90,0.0158,true,1,1416254
4860019001414,false,מים מינרליים 750 מל בורזוימי,האי נאם סי או אל.טי.,,מים מינרלים בורז'ומי,מיליליטרים,750.00,"100 מ""ל",false,,8.90,0.0119,true,1,1416255
4903001904192,false,"רוטב סויה יאמאסה פרימיום 500מ""ל",הדקלאים אגודת שיתופי,,רוטב סויה יאמסה 500,מיליליטרים,500.00,"100 מ""ל",false,,18.90,0.0378,true,1,1412305
5000127533196,false,קלוגס וורייטי שמינייה 191 גרם,דיפלומט מפיצים (1968) בע`מ,,קלוגס ווראייטי 191 ג,גרמים,191.00,100 גרם,false,,22.90,0.1199,true,1,1408174
5000157143365,false,מתבל בטעם מיונז וקטשופ היינץ 425 גרם,דיפלומט מפיצים (1968) בעמ**,,רוטב טעם מיונז וקטשו,מיליליטרים,425.00,"100 מ""ל",false,,15.90,0.0374,true,1,1430016
5000168199245,false,שוקולד חלב מעולה בתוספת קרמל מלוח פיור גודייבה 90 ג',"אולקר מקבוצת פלאדיס, ציק",,שוקולד חלב מעולה קרם,גרמים,90.00,100 גרם,false,,14.90,0.1656,true,1,1434814
5000189974579,false,מארז מיני חטיפי קיט קט Kit Kat,קבוצת אוסם סחר שותפות מוגבלת,,קיט קט מיני חטיף ופל,גרמים,200.00,100 גרם,false,,14.90,0.0745,true,1,1412306
5000204227161,false,"גלייד מבשם ריח מקלות ניחוח הפרדס 80 מ""ל","דנשר (1963) בע,מ",,גלייד מבשם ריח מקלות,מיליליטרים,80.00,"100 מ""ל",false,,29.90,0.3737,true,1,1437458
5010182997253,false,רייד תרסיס קוטל ג'וקים/תיקנים 300 מל,אס.סי.ג'ונסון מידרכט,,ספריי קוטל חרקים ריי,מיליליטרים,300.00,"100 מ""ל",false,,14.90,0.0497,true,1,1421130
5010182998861,false,דאק נוזל לניקוי אסלות בניחוח רענן 750 מל,מיוצר עי קונדיטוריית,,נוזל לניקוי אסלה ירו,מיליליטרים,750.00,"100 מ""ל",false,,9.90,0.0132,true,1,1431350
5010327000046,false,"וויסקי גרנטס וויסקי 700 מ""ל","וויליאם גראנט ובניו בע""\",,"גרנט'ס וויסקי 700 מ""",מיליליטרים,700.00,"100 מ""ל",false,,92.60,0.1323,true,1,1428906
5010677551281,false,בריזר לימון בבקבוק בקרדי (275 מל),בקרדי בריזר Bacardi Breezer,,משקה אלכוהולי 4% לימ,מיליליטרים,275.00,"100 מ""ל",false,,14.70,0.0535,true,1,1410615
5010677551397,false,"בקרדי בריזר בטעם לימון ליים 275 מ""ל",בקרדי בריזר Bacardi Breezer,,משקה אלכוהולי ליים 4,מיליליטרים,275.00,"100 מ""ל",false,,15.00,0.0545,true,1,1410616
5010677552387,false,"בקרדי בריזר אננס 275 מ""ל בקבוק",בקרדי בריזר Bacardi Breezer,,משקה אלכוהולי 4% אננ,מיליליטרים,275.00,"100 מ""ל",false,,14.70,0.0535,true,1,1410617
5010677554398,false,בריזר אבטיח בבקבוק בקרדי (275 מל),בקרדי בריזר Bacardi Breezer,,משקה אלכוהולי 4% אבט,מיליליטרים,275.00,"100 מ""ל",false,,14.70,0.0535,true,1,1410618
5010852000917,false,ווסקי בארקליס 0.7 ליטר,יורוסטנדרט בעמ,,"ויסקי בארקליס 700 מ""",מיליליטרים,700.00,"100 מ""ל",false,,69.90,0.0999,true,1,1416257
5011157671222,false,"טילדה אורז בסמטי חום מלא 1 ק""ג",ש.שסטוביץ בעמ,,אורז בסמטי חום מלא ט,גרמים,1000.00,100 גרם,false,,23.90,0.0239,true,1,1437323
5014271300429,false,"מעדן משמש 100% פרי סנטדלפור 284 גרם לל""ס",סאן דלפור - שמבור,,מעדן משמש 284 גרם סא,גרמים,284.00,100 גרם,false,,19.90,0.0701,true,1,1408962
5014271310428,false,מעדן דובדבנים שחורים ללא תוספת סוכר 284 גרם,סאן דלפור - שמבור,,מעדן דבדבן שחור 284,גרמים,284.00,100 גרם,false,,19.90,0.0701,true,1,1408963
5014271330426,false,מעדן אוכמניות כחולות ללא תוספת סוכר 284 גרם,סאן דלפור - שמבור,,מעדן אוכ' כחול 284 ג,גרמים,284.00,100 גרם,false,,19.90,0.0701,true,1,1408964
5014271350424,false,מעדן ארבעה פירות ללא תוספת סוכר 284 גרם,סאן דלפור - שמבור,,מעדן 4 פירות 284 גרם,גרמים,284.00,100 גרם,false,,19.90,0.0701,true,1,1408965
5014271370422,false,מעדן אפרסקים ללא תוספת סוכר 284 גרם,סאן דלפור - שמבור,,מעדן אפרסק 284 גרם ס,גרמים,284.00,100 גרם,false,,19.90,0.0701,true,1,1408967
5014271560427,false,מעדן תפוז וג'ינג'ר ללא סוכר סאן דלפור 284 גר,סאן דלפור - שמבור,,מעדן סאנט דלפור תפוז,גרמים,284.00,100 גרם,false,,19.90,0.0701,true,1,1432759
5035766044673,false,"סטרונגבואו גולד, סיידר תפוחים אלכוהולי, בקבוק 330 מ''ל",האי נאם סי או אל.טי.,,סיידר תפוחים סטרונגב,מיליליטרים,330.00,"100 מ""ל",false,,8.80,0.0267,true,1,1410621
5035766060253,false,"בירה מרפיס, בירת סטאוט, פחית 500 מ""ל",טמפו משקאות בע`מ,,בירה מרפיס פחית סטאו,מיליליטרים,500.00,"100 מ""ל",false,,12.90,0.0258,true,1,1410624
5053827213998,false,דגני בוקר קלוגס ספיישל קיי 375 גר,,,קלוגס ספיישל קיי 375,גרמים,375.00,100 גרם,false,,21.90,0.0584,true,1,1441701
5060517886486,false,"משקה אנרגיה מונסטר אנרג'י בפחית 500 מ""ל",החברה המרכזית להפצת משקאות בעמ,,משקה אנרגיה מונסטר א,מיליליטרים,500.00,"100 מ""ל",false,,7.50,0.0150,true,1,1425669
5060517886516,false,"משקה אנרגיה מונסטר אנרג'י זירו בפחית 500 מ""ל",החברה המרכזית להפצת משקאות בעמ,,משקה אנרגיה זירו מונ,מיליליטרים,500.00,"100 מ""ל",false,,8.20,0.0164,true,1,1425670
5060639128051,false,"משקה אנרגיה מונסטר אולטרה בפחית 500 מ""ל",החברה המרכזית להפצת משקאות בעמ,,משקה אנרגיה זירו ללא,מיליליטרים,500.00,"100 מ""ל",false,,7.30,0.0146,true,1,1431784
5060751218173,false,"משקה אנרגיה מונסטר אנרג'י piplin punch בפחית 500 מ""ל",החברה המרכזית להפצת משקאות בעמ,,משקה אנרגיה מונסטר 5,מיליליטרים,500.00,"100 מ""ל",false,,7.50,0.0150,true,1,1439779
5060751219033,false,"משקה אנרגיה מונסטר אנרג'י זירו paradise בפחית 500 מ""ל",החברה המרכזית להפצת משקאות בעמ,,משקה אנרגיה מונסטר 5,מיליליטרים,500.00,"100 מ""ל",false,,7.50,0.0150,true,1,1439780
5201004020338,false,גליליות קפריס קרם אגוזים שוקולד 400 גר,משה סידס ובנו בעמ,,קפריס רולס קלאסיק 40,גרמים,400.00,100 גרם,false,,19.90,0.0497,true,1,1437725
5201246002215,false,"בירה פילס היילס ויליפוד 500 מ""ל",ג. וילי-פוד אינטרנשיונל בע`מ,,בירה פילס היילס 500,מיליליטרים,500.00,"100 מ""ל",false,,6.20,0.0124,true,1,1408359
5201340003385,false,TRATA טונה מעושנת שמן סויה 160 גרם,נורט אגיאוסי קנריס,,טונה מעושנת שמן סויה,גרמים,160.00,100 גרם,false,,15.90,0.0994,true,1,1437573
5201583084035,false,סוכ.4 טעמים ללא סוכר,LAVDAS,,סוכ' 4 טעמים ללא סוכ,גרמים,150.00,100 גרם,false,,11.90,0.0793,true,1,1419299
5202175001515,false,חטיף נאצוס בטעם טבעי 225גרם,מזרח ומערב יבוא ושיווק,,נאצ'וס בטעם מלוח 225,גרמים,225.00,100 גרם,false,,10.90,0.0484,true,1,1412111
5202175001546,false,חטיף נאצוס בטעם ברביקיו 225גרם,מזרח ומערב יבוא ושיווק,,נאצ'וס בטעם ברביקיו,גרמים,225.00,100 גרם,false,,10.90,0.0484,true,1,1412112
5202175002581,false,עלי טורטיה 200 גר' 5 יח'.,S Foods Mexican Sabor El,,"טורטיה 20 ס""מ",יחידה,5.00,יחידה,false,,8.90,1.7800,true,1,1412114
5202287008020,false,צלחות חד פעמיות גדולות,לפיד,,צלחות חד פעמיות גדול,יחידה,50.00,יחידה,false,,12.90,0.2580,true,1,1415616
5391523058063,false,סימילאק אדבנס פלוס 1 תרכובת מזון על בסיס חלב,טרופיקל דגיל תעשיות,,סימילאק אדוונס פלוס,גרמים,700.00,100 גרם,false,,64.90,0.0927,true,1,1416927
5391523058070,false,סימילאק אדבנס פלוס 3 תרכובת מזון על בסיס חלב,אבוט מעבדות רפואיות,,סימילאק אדוונס פלוס,גרמים,700.00,100 גרם,false,,64.90,0.0927,true,1,1416928
5400265026152,false,המלט -באריזת מתנה 250 גרם קלאסיק,HAMLET NV,,מתנה קלאסיק המלט 2,גרמים,100.00,100 גרם,false,,74.90,0.7490,true,1,1441046
5400265035932,false,המלט פרלינים אקסלסיום כסף 180 גרם,,,פרלינים אקסלסיום כסף,גרמים,180.00,100 גרם,false,,16.90,0.0939,true,1,1435842
5400265038841,false,המלט-שוקו פרינסס שוקולד חלב 100 גרם,,,שוקולד חלב פרינסס המ,גרמים,100.00,100 גרם,false,,11.90,0.1190,true,1,1438273
5410076933129,false,אריאל אבקת כביסה שושן צחור 3 קג,דיפלומט מפיצים (1986) בע`מ,,אבקת כביסה אריאל שוש,קילוגרמים,3.00,"ק""ג",false,,34.90,11.6333,true,1,1416753
5410126006087,false,ביסקויט ביסקפה לוטוס בטעם קרמל 700גר`ב,דיפלומט מפיצים (1968) בעמ**,,עוגיות לוטוס 700 גרם,גרמים,700.00,100 גרם,false,,26.90,0.0384,true,1,1408184
5410126106183,false,עוגיות לוטוס 50 יחידות ארוזות בנפרד 312 גרם,דיפלומט מפיצים (1968) בעמ**,,ביסקויט ביסקפה לוטוס,גרמים,312.00,100 גרם,false,,19.90,0.0638,true,1,1408187
5410126116953,false,ממרח ביסקוויט קרמל לוטוס (400 גרם),דיפלומט מפיצים (1968) בעמ**,,לוטוס ממרח ביסקוויט,גרמים,400.00,100 גרם,false,,23.90,0.0597,true,1,1408188
5410126666038,false,"ביסקוויט קרמל לוטוס 279 גרם בד""צ",דיפלומט מפיצים (1968) בעמ**,,ביסקוויט בטעם קרמל ל,גרמים,279.00,100 גרם,false,,12.90,0.0462,true,1,1432783
5410228267515,false,"שישיית בירה לאגר באדוויזר 6*330 מ""ל",הכרם - משקאות חריפים בעמ,,בירה באדוויזר שישייה,מיליליטרים,1980.00,"100 מ""ל",false,,39.90,0.0202,true,1,1411855
5410316983693,false,וודקה סמירנוף אייס בודד 275 מ``ל.,החברה המרכזית להפצת משקאות בעמ,,משקה סמירנוף אייס 27,מיליליטרים,275.00,"100 מ""ל",false,,12.90,0.0469,true,1,1413427
5410769100081,false,"בירה לה שוף קטן 330 מ""ל בקבוק",הכרם משקאות חריפים בעמ,,"בקבוק לה שוף 330 מ""ל",מיליליטרים,330.00,"100 מ""ל",false,,15.90,0.0482,true,1,1411856
5410769200088,false,"בירה מק שוף קטן 330 מ""ל בקבוק",הכרם משקאות חריפים בעמ,,"בקבוק מק שוף 330 מ""ל",מיליליטרים,330.00,"100 מ""ל",false,,15.90,0.0482,true,1,1411857
5410769800097,false,"בירה לה צרי שוף 8% 330 מ""ל בקבוק",הכרם - משקאות חריפים בעמ,,בקבוק צ'רי שוף 330 מ,מיליליטרים,330.00,"100 מ""ל",false,,15.90,0.0482,true,1,1411858
5411188081852,false,אלפרו משקה סויה בטעם וניל 1 ליטר,הנסיך- מפעל לייצור ט,,אלפרו משקה סויה וניל,מיליליטרים,1000.00,"100 מ""ל",false,,13.90,0.0139,true,1,1414142
5411188094159,false,רביעיית מעדן סויה שוקו מריר אלפרו 125 גרם,הנסיך- מפעל לייצור ט,,אלפרו מעדן סויה שוקו,מיליליטרים,500.00,"100 מ""ל",false,,16.90,0.0338,true,1,1414143
5411188096108,false,"אלפרו שמנת צמחית לבישול לייט 250מ""ל",שטראוס גרופ בעמ/מצונן,,אלפרו סויה לבישול 4.,מיליליטרים,250.00,"100 מ""ל",false,,9.90,0.0396,true,1,1414145
5411188106159,false,אלפרו סויה לייט מופחת שומן 1.2% 1 ליטר,הנסיך- מפעל לייצור ט,,אלפרו משקה סויה מופח,מיליליטרים,1000.00,"100 מ""ל",false,,13.90,0.0139,true,1,1414146
5411188110835,false,אלפרו חלב סויה שקדים וניל 1ל',הנסיך- מפעל לייצור ט,,אלפרו משקה שקדים 1 ל,מיליליטרים,1000.00,"100 מ""ל",false,,13.90,0.0139,true,1,1414147
5411188112709,false,"משקה קוקוס אלפרו 1 ליטר משקה שקדים לל""ס",הנסיך- מפעל לייצור ט,,אלפרו משקה שקדים ללס,מיליליטרים,1000.00,"100 מ""ל",false,,13.90,0.0139,true,1,1414151
5411188115366,false,משקה קוקוס אלפרו 1 ליטר משקה שיבולת שועל 1 ליטר,הנסיך- מפעל לייצור ט,,אלפרו משקה שיבולת שו,מיליליטרים,1000.00,"100 מ""ל",false,,13.90,0.0139,true,1,1414153
5411188115434,false,משקה אלפרו בריסטה סויה 1 ליטר,"שטראוס גרופ בע""מ",,משקה סויה בריסטה אלפ,גרמים,1000.00,100 גרם,false,,13.90,0.0139,true,1,1438583
5411188115472,false,משקה סויה 1 ליטר אלפרו,הנסיך- מפעל לייצור ט,,אלפרו משקה סויה 1 לי,מיליליטרים,1000.00,"100 מ""ל",false,,13.90,0.0139,true,1,1434876
5411188118732,false,משקה קוקוס ושקדים אלפרו (1 ליטר),הנסיך- מפעל לייצור ט,,אלפרו משקה שקדים קוק,מיליליטרים,1000.00,"100 מ""ל",false,,13.90,0.0139,true,1,1414156
5411188121978,false,אלפרו משקה סויה עמיד מועשר בסידן 3*250,"שטראוס גרופ בע""מ",,אלפרו משקה סויה שוקו,מיליליטרים,750.00,"100 מ""ל",false,,14.90,0.0199,true,1,1414159
5411188124689,false,משקה אלפרו שיבולת שועל ללא סוכר 1 ליטר,שטראוס גרופ בע`מ,,אלפרו משקה שיבולת שו,מיליליטרים,1000.00,"100 מ""ל",false,,13.90,0.0139,true,1,1432487
5411188134985,false,אלפרו 3.5% NOT M*LK שיבולת שועל 1 ליטר בית יוסף,שטראוס גרופ בעמ/מצונן,,אלפרו שיבולת שועל 3.,מיליליטרים,1000.00,"100 מ""ל",false,,13.90,0.0139,true,1,1436823
5411188135005,false,אלפרו 1.8% NOT M*LK שיבולת שועל 1 ליטר בית יוסף,שטראוס גרופ בעמ/מצונן,,אלפרו שיבולת שועל 1.,מיליליטרים,1000.00,"100 מ""ל",false,,13.90,0.0139,true,1,1436824
5411188513483,false,"סויה לבישול 14% שומן אלפרו 250 מ""ל",שטראוס גרופ בעמ/מצונן,,סויה לבישול 14% שומן,מיליליטרים,250.00,"100 מ""ל",false,,9.90,0.0396,true,1,1438664
5411188543398,false,אלפרו משקה סויה 1 ליטר ללא סוכר,הנסיך- מפעל לייצור ט,,"אלפרו משקה סויה לל""ס",מיליליטרים,1000.00,"100 מ""ל",false,,13.90,0.0139,true,1,1432143
5412956214519,false,שוקולד מריר עם תפוז ושקדים 100 גרם,Kim's Chocolates NV,,טבלת שוקולד מריר בלג,גרמים,100.00,100 גרם,false,,9.90,0.0990,true,1,1419304
5412956214533,false,שוקולד מריר עם לימון ופלפל שחור 100 גרם,Kim's Chocolates NV,,טבלת שוקולד מריר בלג,גרמים,100.00,100 גרם,false,,9.90,0.0990,true,1,1419306
5412956221180,false,שוקולד קאשט מריר שברי שקדים ומלח ים 180ג,KIMS,,קאשט FUN BAR מריר עם,גרמים,180.00,100 גרם,false,,12.90,0.0717,true,1,1441143
5412956221203,false,שוקולד חלב קאשט שברי קרמל ומלח ים 180 גר,KIMS,,קאשט FUN BAR חלב עם,גרמים,180.00,100 גרם,false,,12.90,0.0717,true,1,1441145
5413121355082,false,שוקולד בלגי מריר משובח 72 פרסטיז 100 גרם,BCG,,שוקולד בלגי מריר 72%,גרמים,100.00,100 גרם,false,,11.90,0.1190,true,1,1441057
5413121359769,false,לבבות וצדפי שוקולד 195ג' בלגיאן,בי סי ג'י אולן,,בונבונירה צדפי שוקול,גרמים,195.00,100 גרם,false,,13.90,0.0713,true,1,1409277
5413121361670,false,בונ.בלגיאן סוסוני ים במילוי שוק.מריר 135,,,בלג'יאן שוקולד מריר,גרמים,531.00,100 גרם,false,,15.90,0.0299,true,1,1421065
5413121361694,false,בונ.בלגיאן סוסוני ים במילוי קרם אגוז 135,BCG,,בלג'יאן-סוסוני ים במ,גרמים,135.00,100 גרם,false,,15.90,0.1178,true,1,1421829
5413121365616,false,שוקולד בלגי מריר 90% בלגיאן 100 גרם,BCG,,שוקולד מריר משובח 90,גרמים,100.00,100 גרם,false,,11.90,0.1190,true,1,1441062
5413548040479,false,בונבוניירה רפאלו 240 גרם,פרימיום חברה לדברי מתיקה ולמסח,,רפאלו שוקולד מצופה ק,גרמים,240.00,100 גרם,false,,23.90,0.0996,true,1,1415406
5413548280189,false,קינדר שוקו בון 1 יחידות 125 גרם,פרימיום - חברה לדברי מתיקה ולמ,,מיני ביצי שוקולד חלב,גרמים,125.00,100 גרם,false,,12.70,0.1016,true,1,1415407
5420066330142,false,ביאנקה-טרופל בטעם שמפניה 175 גר,,,טרופל בטעם שמפניה ב,גרמים,100.00,100 גרם,false,,13.90,0.1390,true,1,1441065
5420066330234,false,ביאנקה טרופל בטעם אגוזים 175 גרם,,,טראפלס בטעם אגוזים ב,גרמים,100.00,100 גרם,false,,11.90,0.1190,true,1,1441067
5420066370025,false,טראפל שוקולד בלגי קפ,,,טראפלס בלגי בטעם קפה,גרמים,150.00,100 גרם,false,,10.90,0.0727,true,1,1409285
5420066370032,false,טראפל בלגי מריר 150 גרם,CHOCOLATE Q,,טראפלס בלגי בטעם מרי,גרמים,150.00,100 גרם,false,,10.90,0.0727,true,1,1409286
5420066370049,false,טראפל בלגי תפוז 150 גרם,,,טראפלס בלגי בטעם תפו,גרמים,150.00,100 גרם,false,,10.90,0.0727,true,1,1409287
5420066370384,false,טראפל בלגי אגוזים 150 גרם,,,טראפלס בלגי בטעם אגו,גרמים,150.00,100 גרם,false,,10.90,0.0727,true,1,1409288
5566774569136,false,לקקן סיליקון איכותי,ד.ג.ש ייבוא ושיווק בעמ,,לקקן סיליקון איכותי,יחידה,1.00,יחידה,false,,9.90,9.9000,true,1,1417216
5566774569198,false,קולפן פטנט 3 מצבים,ד.ג.ש ייבוא ושיווק בעמ,,קולפן פטנט 3 מצבים,יחידה,1.00,יחידה,false,,19.90,19.9000,true,1,1427765
5566774570439,false,פורס ביצה מעוצב משובח,ד.ג.ש ייבוא ושיווק בעמ,,פורס ביצה משובח,יחידה,1.00,יחידה,false,,14.90,14.9000,true,1,1417236
5566774570903,false,כדורי ספוג עדינים שלישייה רמילוי,,,כדורי ספוג עדינים של,יחידה,3.00,יחידה,false,,9.90,3.3000,true,1,1429944
5566774574260,false,תבנית הפלא לתנור,,,תבנית הפלא לתנור,יחידה,1.00,יחידה,false,,69.90,69.9000,true,1,1438476
5600395034076,false,טונה בהירה בשמן זית אורגני 110 גרם,קופיסה אס.איי,,נתחי טונה בהירה בשמן,גרמים,120.00,100 גרם,false,,8.90,0.0742,true,1,1437198
5600395034748,false,מקרלים בשמן זית אורגני 120 גר,קופיסה אס.איי,,מקרלים בשמן זית אורג,גרמים,120.00,100 גרם,false,,8.90,0.0742,true,1,1437200
5701932026964,false,"הוטפופ גרעיני תירס להכנת פופקורן במיקרוגל בטעם טבעי, בתוספת מלח, 600 גרם",ליימן שליסל בע`מ,,פופקורן למיקרוגל בתו,גרמים,600.00,100 גרם,false,,16.90,0.0282,true,1,1412311
5701932026971,false,הוטפופ גרעיני תירס להכנת פופקורן במיקרוגל בטעם חמאה 600 גרם,ליימן שליסל בע`מ,,פופקורן למיקרוגל בטע,גרמים,600.00,100 גרם,false,,16.90,0.0282,true,1,1412312
5705550300963,false,ביצי דג שיבוט 200 גרם יורו פוד,בני ג`ורג` שוקחה (חיפה) בעמ,,ביצי דג שיבוט סקגן 2,גרמים,200.00,100 גרם,false,,11.90,0.0595,true,1,1437201
5711953106583,false,גבינת שמנת בטעם טבעי 200 גרם ארלה,שטראוס גרופ בעמ/מצונן,,גבינת שמנת 24.5% בטע,גרמים,200.00,100 גרם,false,,15.90,0.0795,true,1,1422620
5711953106590,false,גבינת שמנת ארלה שמנת שום 200 גרם,שטראוס גרופ בעמ/מצונן,,גבינת שמנת 24% שומן,גרמים,200.00,100 גרם,false,,15.90,0.0795,true,1,1422621
5711953106606,false,גבינת שמנת עם תבלינים ועשבי תיבול 23.5%,שטראוס גרופ בעמ/מצונן,,גבינת שמנת 23.5% עם,גרמים,200.00,100 גרם,false,,15.90,0.0795,true,1,1422622
5740900403215,false,ממרח חמאה דנית לורפק עם מלח 250 גרם,שטראוס גרופ בעמ/מצונן,,ממרח לורפק עם מלח 25,גרמים,250.00,100 גרם,false,,16.90,0.0676,true,1,1405566
5740900403222,false,ממרח לורפק חמאה עם מלח מופחת שומן 250 ג,שטראוס גרופ בעמ/מצונן,,ממרח לורפק עם מלח מו,גרמים,250.00,100 גרם,false,,16.90,0.0676,true,1,1405567
5740900403239,false,ממרח חמאה דנית לורפק ללא מלח 250 גרם,שטראוס גרופ בעמ/מצונן,,ממרח לורפק בלי מלח 2,גרמים,250.00,100 גרם,false,,16.90,0.0676,true,1,1405568
5740900403246,false,ממרח לורפק ללא תוספת מלח 500 גר,שטראוס גרופ בעמ/מצונן,,ממרח לורפק בלי מלח 5,גרמים,500.00,100 גרם,false,,28.90,0.0578,true,1,1405569
5740900403253,false,ממרח מחמאת לורפק עם מלח 500 ג',שטראוס גרופ בעמ/מצונן,,ממרח לורפק עם מלח 50,גרמים,500.00,100 גרם,false,,28.90,0.0578,true,1,1405570
5740900403260,false,ממרח מחמאת לורפק ללא מלח 27% פחות שומן,שטראוס גרופ בעמ/מצונן,,ממרח לורפק ללא מלח מ,גרמים,250.00,100 גרם,false,,16.90,0.0676,true,1,1405571
5740900403864,false,חמאה +מלח 200 גרם לורפק כשרות או קיי,שטראוס גרופ בעמ/מצונן,,חמאה עם מלח לורפק 20,גרמים,200.00,100 גרם,false,,11.90,0.0595,true,1,1436828
5900020012814,false,דגנים תפוחים בטעם שוקולד נסקוויק נסטלה 500 גרם,קבוצת אוסם סחר שותפות מוגבלת,,דגני בוקר תפוחים בטע,גרמים,500.00,100 גרם,false,,23.90,0.0478,true,1,1406808
5900020015174,false,פיטנס חטיפי אנרגיה דגנים בטעם שוקולד נסטלה 6*23.5 גרם,קבוצת אוסם סחר-שות.מוגבלת,,פיטנס חטיף דגנים שוק,גרמים,141.00,100 גרם,false,,14.90,0.1057,true,1,1406809
5900020018892,false,חטיף בטעם קרם עוגיות 6*23.5 ג' פיטנס,לוביץ',,פיטנס חטיף דגנים קרם,גרמים,23.50,100 גרם,false,,3.90,0.1660,true,1,1440781
5900020020710,false,מארז חטיף דגנים קראנץ' בטעם שוקו וניל נסטלה,קבוצת אוסם סחר שותפות מוגבלת,,חטיף קראנץ' שוקו וני,גרמים,150.00,100 גרם,false,,14.90,0.0993,true,1,1406816
5900020020741,false,חטיפי דגנים נסקוויק בר שוקו שוקו 6*25 גר,קבוצת אוסם סחר שותפות מוגבלת,,חטיף דגני בוקר נסקוו,גרמים,150.00,100 גרם,false,,14.90,0.0993,true,1,1406818
5900020022325,false,חטיף סיני מיניס Cini Minis בטעם קינמון - 6 במארז,קבוצת אוסם סחר שותפות מוגבלת,,חטיפי דגנים סיני מינ,100 0,150.00,100 0,false,,14.90,0.0993,true,1,1406821
5900020024770,false,פיטנס - דליס חטיף דגנים שוקולד אגוז 22.50 גרם * 6,קבוצת אוסם סחר שותפות מוגבלת,,חטיף דגנים בטעם אגוז,גרמים,135.00,100 גרם,false,,14.90,0.1104,true,1,1406822
5900020026552,false,דגני בוקר האני נאט צ'יריוס בטעם דבש ושקדים,קבוצת אוסם סחר שותפות מוגבלת,,צ'ריוס האני נאט פרוו,גרמים,625.00,100 גרם,false,,23.90,0.0382,true,1,1406828
5900020031877,false,נסטלה האני ציריוס חטיף דגני בוקר שישייה,קבוצת אוסם סחר-שות.מוגבלת,,חטיף דגנים מ5 סוגי ד,גרמים,132.00,100 גרם,false,,14.90,0.1129,true,1,1406832
5900020034021,false,פיטנס חטיף דגנים שוקו בננה נסטלה (23.5x6,קבוצת אוסם סחר שותפות מוגבלת,,חטיף דגני בוקר עם שו,גרמים,135.00,100 גרם,false,,14.90,0.1104,true,1,1406834
5900020036407,false,ליון דגני בוקר שוקולד וקרמל נסטלה 480 גרם,קבוצת אוסם סחר שותפות מוגבלת,,דגני בוקר ליון בטעם,גרמים,480.00,100 גרם,false,,23.90,0.0498,true,1,1429973
5900020037916,false,דגני בוקר שיבולת שועל צ'ריוס 375ג',קבוצת אוסם סחר שותפות מוגבלת,,צ'ריוס שיבולת שועל 3,גרמים,375.00,100 גרם,false,,15.90,0.0424,true,1,1435233
5900020039613,false,חטיף דגנים שקדים ודבש 6*23.5 ג' פיטנס,נסטלה,,פיטנס חטיף דגנים שקד,גרמים,23.50,100 גרם,false,,3.90,0.1660,true,1,1440782
5900396017345,false,לויד פרימידה תה שחור קלאסי,,,תה שחור פירמידה לויד,יחידה,20.00,יחידה,false,,6.90,0.3450,true,1,1406079
5900627026429,false,"סיליט באנג גיל לניקוי אסלות בתוספת אקונומיקה 750מ""ל",תה ויסוצקי בע`מ,,סיליט באנג לשירותים,מיליליטרים,750.00,"100 מ""ל",false,,11.90,0.0159,true,1,1435414
5900627063233,false,טבליות למדיח הכל ב-1 פיניש מקס 50 יחידות,רקיט בנקיזר (ניר איסט) בעמ,,טבליות למדיח כלים פי,יחידה,50.00,יחידה,false,,39.90,0.7980,true,1,1415067
5901414200411,false,בלזן היט מיני ביסקוויט סנדוויץ' עם מילוי קרם בטעם שוקולד 130 גרם,ליימן שליסל בע`מ,,עוגיות היט מיני קרם,גרמים,130.00,100 גרם,false,,6.90,0.0531,true,1,1412313
5901677009011,false,שוקולד מריר 70% ברון 100 גרם,,,שוקולד מריר 70% ברון,גרמים,100.00,100 גרם,false,,6.90,0.0690,true,1,1410001
5902198160403,false,XL משקה אנרגיה מוגז ללא סוכר עד 10 קלוריות לפחית 250 מל,"טמפו משקאות בע""\מ",,"אקסל 250 TEN מ""ל",מיליליטרים,250.00,"100 מ""ל",false,,4.80,0.0192,true,1,1410626
5904941750312,false,"משקה אנרגיה BLU מוחיטו בודד 250 מ""ל",בני פאוזי שמשום (2009) בעמ,,משקה אנרגיה בלו מוחי,מיליליטרים,250.00,"100 מ""ל",false,,4.20,0.0168,true,1,1409156
5904941751302,false,משקה אנרגיה בפחית בלו (250 מל),בני פאוזי שמשום (2009) בעמ,,משקה אנרגיה בלו 250,מיליליטרים,250.00,"100 מ""ל",false,,4.20,0.0168,true,1,1409157
5904941751524,false,"משקה אנרגיה BLU DAY אבטיח בודד 250 מ""ל",בני פאוזי שמשום (2009) בעמ,,משקה אנרגיה בלו אבטי,מיליליטרים,250.00,"100 מ""ל",false,,4.20,0.0168,true,1,1409159
5904941751715,false,משקה אנרגיה Blu פחיתבטעם חמוציות 250מל,בני פאוזי שמשום (2009) בעמ,,משקה אנרגיה בלו קרנב,מיליליטרים,250.00,"100 מ""ל",false,,4.20,0.0168,true,1,1409160
5904941751920,false,בלו משקה אנרגיה דיי חצי מכמות הקלו250 מל,בני פאוזי שמשום (2009) בעמ,,משקה אנרגיה בלו דיי,מיליליטרים,250.00,"100 מ""ל",false,,4.20,0.0168,true,1,1409163
5904941751975,false,"בלו משקה אנרגיה דיי ענבים 250 מ""ל",בני פאוזי שמשום (2009) בעמ,,משקה אנרגיה בלו ענבי,מיליליטרים,250.00,"100 מ""ל",false,,4.20,0.0168,true,1,1435137
5906485301012,false,משקה אנרגיה XL מוגז פחית 250 מל,"טמפו משקאות בע""מ",,משקה אנרגיה אקסל 250,מיליליטרים,250.00,"100 מ""ל",false,,4.80,0.0192,true,1,1410627
5941021000899,false,טבלת שוקולד מריר אגוז היידי גראנדור 100 ג',היידי שוקולד בירונטי,,גראנד'ור שוקולד מריר,גרמים,110.00,100 גרם,false,,12.90,0.1173,true,1,1441069
5998749108574,false,חטיף בקר לחתולים 60 גרם וויסקס,שחורי אריה ואנסטסיה,,ויסקאס חטיף בקר 60 ג,גרמים,60.00,100 גרם,false,,13.90,0.2317,true,1,1421876
6111094000198,false,קוסקוס דארי בינוני 350 גרם,דארי קוספאט אס. איי. או,,קוסקוס דק דארי 350 ג,גרמים,350.00,100 גרם,false,,6.90,0.0197,true,1,1407769
6111094000228,false,"קוסקוס דארי דק תומר 1 ק""ג",תומר ייבוא ושיווק מוצרי מזון [,,קוסקוס דק דארי 1 קיל,גרמים,1000.00,100 גרם,false,,17.90,0.0179,true,1,1407770
6111094000242,false,תומר קוסקוס דארי דק 500גר,תומר ייבוא ושיווק מוצרי מזון [,,קוסקוס דק להכנה מהיר,גרמים,500.00,100 גרם,false,,9.90,0.0198,true,1,1407771
6111094000259,false,קוסקוס דארי בינוני 500 גר`,תומר ייבוא ושיווק מוצרי מזון [,,קוסקוס בינוני להכנה,גרמים,500.00,100 גרם,false,,9.90,0.0198,true,1,1407772
6111094001164,false,דארי אטריות מרוקאיות 500 גרם,תומר יבוא ושיווק מוצרי מזון (1,,דארי אט' מרוקאיות 50,גרמים,500.00,100 גרם,false,,9.90,0.0198,true,1,1437576
6111094002123,false,דארי אטריות דקות תוספת 10% 550 גרם,דארי,,אטריות דקות דארי 550,גרמים,550.00,100 גרם,false,,9.90,0.0180,true,1,1441484
6253507370600,false,כוסות נייר שתיה חמה,כוסות שתייה חמה 3 ב,,כוסות נייר שתיה חמה,יחידה,50.00,יחידה,false,,11.90,0.2380,true,1,1434210
6902176502491,false,סלק אדום מקולף מבושל 500 גרם לירון,ביג פוד כחול לבן בעמ*שיק 30 יו,,סלק מבושל בוואקום,גרמים,500.00,100 גרם,false,,5.90,0.0118,true,1,1441621
6902176502507,false,סלק אדום בוואקום 500 גרם,ביג פוד כחול לבן בעמ*שיק 30 יו,,סלק מבושל בוואקום,גרמים,500.00,100 גרם,false,,5.90,0.0118,true,1,1441622
6910191800287,false,אצות נורי בלו 10 דף (ננגטונג),מזרח ומערב יבוא ושיווק,,אצות נורי בלו 10 דף,יחידה,10.00,יחידה,false,,11.90,1.1900,true,1,1412115
6912977000140,false,אטריות שעועית 250 גר' ( Yantai)ללא גלוטן(כ),מזרח ומערב יבוא ושיווק,,אטריות שעועית 250 גר,גרמים,250.00,100 גרם,false,,8.90,0.0356,true,1,1412116
6922276100083,false,מחית וואסבי -חזרת 43 גרם (דליאן),מזרח ומערב יבוא ושיווק,,מחית וואסבי -חזרת 43,גרמים,43.00,100 גרם,false,,8.90,0.2070,true,1,1412117
6926832407074,false,בראל חטיף אורז יפני 100גרם,קסימן די ברייט,,חטיף אורז יפני 100 ג,גרמים,100.00,100 גרם,false,,7.90,0.0790,true,1,1441679
6930548976243,false,מארז שום הלפרין,אראל תוצרת חקלאית בע,,שום ארוז יבוא,יחידה,1.00,יחידה,false,,7.90,7.9000,true,1,1429403
6936613888667,false,שום ארוז יבוא,ביכורי השדה צפון 1994 ג.ד. בעמ,,שום ארוז יבוא,יחידה,1.00,יחידה,false,,7.90,7.9000,true,1,1439750
6974640730167,false,פטריות שיטאקה 100 גר (כ) (Zhejiang),מזרח ומערב יבוא ושיווק,,פטריות שיטאקה 100 גר,גרמים,100.00,100 גרם,false,,13.90,0.1390,true,1,1440180
7290000000035,false,תוספת שתיה בקירור,,,תוספת שתיה בקירור,יחידה,0.00,יחידה,false,,1.00,0.0000,true,1,1436917
7290000000374,false,"פטריות שמפיניון בד""ץ (רביבים)",ביכורי השדה צפון 1994 ג.ד. בעמ,,פטריות שמפיניון א.א.,יחידה,1.00,יחידה,false,,9.90,9.9000,true,1,1414502
7290000000411,false,שום יבש יבוא רמי לוי,אראל תוצרת חקלאית בע,,שום ארוז יבוא,יחידה,1.00,יחידה,false,,7.90,7.9000,true,1,1410803
7290000000875,false,"משקל 75 ש""ח לק""ג ללא",מעדני בשר השוקת,,"משקל 75 ש""ח לק""ג ללא",קילוגרמים,1.00,"ק""ג",true,,75.00,75.0000,true,1,1420870
7290000000911,false,כוס מיץ גזר קטן,,,כוס מיץ גזר קטן,יחידה,0.00,יחידה,false,,12.00,0.0000,true,1,1432644
7290000000952,false,מילוי בלון הליום,,,מילוי בלון הליום,יחידה,1.00,יחידה,false,,10.00,10.0000,true,1,1442654
7290000000960,false,"פקדון רביעיה 1.2 ש""ח",,,"פקדון רביעיה 1.2 ש""ח",יחידה,0.00,יחידה,false,,1.20,0.0000,true,1,1432162
7290000000961,false,"פקדון שישיה 1.8 ש""ח",,,"פקדון שישיה 1.8 ש""ח",יחידה,0.00,יחידה,false,,1.80,0.0000,true,1,1432163
7290000000978,false,חסה גוש קטיף ירק הארץ היתר מכירה,ביכורי השדה צפון 1994 ג.ד. בעמ,,חסה מהדרין קטיף טרי,יחידה,1.00,יחידה,false,,6.90,6.9000,true,1,1420899
7290000000978,false,חסה גוש קטיף ירק הארץ היתר מכירה,ביכורי השדה צפון 1994 ג.ד. בעמ,,חסה מהדרין קטיף טרי,יחידה,1.00,יחידה,false,,6.90,6.9000,true,1,1441840
7290000000985,false,פטרוזיליה ברכת קטיף ייבול נוכרי בוסתן,ביכורי השדה צפון 1994 ג.ד. בעמ,,פטרוזיליה מהדרין קטי,יחידה,1.00,יחידה,false,,6.90,6.9000,true,1,1420900
7290000000985,false,פטרוזיליה ברכת קטיף ייבול נוכרי בוסתן,ביכורי השדה צפון 1994 ג.ד. בעמ,,פטרוזיליה מהדרין קטי,יחידה,1.00,יחידה,false,,6.90,6.9000,true,1,1442439
7290000000998,false,פקדון,,,פקדון,יחידה,0.00,יחידה,false,,0.30,0.0000,true,1,1431879
7290000001043,false,כרוב לבן מהדרין-ברכת קטיף,ביכורי השדה צפון 1994 ג.ד. בעמ,,כרוב לבן מהדרין קטיף,יחידה,1.00,יחידה,false,,12.90,12.9000,true,1,1420901
7290000001104,false,פטריות חורש מיני ארוז 200 ג',"בכורי השדה צפון1994 ג.ד. בע""מ",,פטריות פורטבלה ארוז,יחידה,1.00,יחידה,false,,10.90,10.9000,true,1,1427646
7290000001579,false,סלרי מהדרין קטיף טרי,ביכורי השדה צפון 1994 ג.ד. בעמ,,סלרי מהדרין קטיף טרי,יחידה,1.00,יחידה,false,,6.90,6.9000,true,1,1420904
7290000001586,false,שמיר מהדרין קטיף טרי,ביכורי השדה צפון 1994 ג.ד. בעמ,,שמיר מהדרין קטיף טרי,יחידה,1.00,יחידה,false,,5.90,5.9000,true,1,1420905
7290000001593,false,נענע מהדרין קטיף טרי,ביכורי השדה צפון 1994 ג.ד. בעמ,,נענע מהדרין קטיף טרי,יחידה,1.00,יחידה,false,,5.90,5.9000,true,1,1420906
7290000001616,false,כוסברה ירק הארץ גוש היתר מכירה,ביכורי השדה צפון 1994 ג.ד. בעמ,,כוסברה מהדרין קטיף ט,יחידה,1.00,יחידה,false,,5.90,5.9000,true,1,1420908
7290000003902,false,מאפה מלוח במשקל,,,מאפה מלוח במשקל,קילוגרמים,1.00,"ק""ג",true,,42.00,42.0000,true,1,1431606
7290000003908,false,מאפה מתוק במשקל,,,מאפה מתוק במשקל,קילוגרמים,1.00,"ק""ג",true,,42.00,42.0000,true,1,1431607
7290000006120,false,פלפלוני שרי ממולאים,,,פלפלוני שרי ממולאים,קילוגרמים,1.00,"ק""ג",true,,159.00,159.0000,true,1,1437685
7290000009001,false,בננה,5 יחידות,,בננה,קילוגרמים,1.00,"ק""ג",true,,8.70,8.7000,true,1,1406289
7290000009002,false,לחם בטעמים אגדת לחם,5 יחידות,,עגבניה,קילוגרמים,1.00,"ק""ג",true,,7.70,7.7000,true,1,1406290
7290000009003,false,מלפפון ירוק,6 יחידות,,מלפפון ירוק,קילוגרמים,1.00,"ק""ג",true,,7.70,7.7000,true,1,1406291
7290000009004,false,לימון,,,לימון,קילוגרמים,1.00,"ק""ג",true,,7.70,7.7000,true,1,1406292
7290000009005,false,אבוקדו,,,אבוקדו,קילוגרמים,1.00,"ק""ג",true,,10.70,10.7000,true,1,1406293
7290000009007,false,תפוח עץ ירוק סמיט,4 יחידות,,תפוח עץ ירוק סמיט,קילוגרמים,1.00,"ק""ג",true,,10.90,10.9000,true,1,1406295
7290000009008,false,תפוח עץ אדום חרמון,4 יחידות,,תפוח עץ אדום חרמון,קילוגרמים,1.00,"ק""ג",true,,9.90,9.9000,true,1,1406296
7290000009010,false,פלפל אדום,5 יחידות,,פלפל אדום,קילוגרמים,1.00,"ק""ג",true,,10.70,10.7000,true,1,1406297
7290000009011,false,קלמנטינה,,,קלמנטינה,קילוגרמים,1.00,"ק""ג",true,,5.90,5.9000,true,1,1406298
7290000009012,false,אפרסמון,,,אפרסמון,קילוגרמים,1.00,"ק""ג",true,,12.90,12.9000,true,1,1406299
7290000009013,false,תפוזים,3 יחידות,,תפוזים,קילוגרמים,1.00,"ק""ג",true,,5.90,5.9000,true,1,1406300
7290000009014,false,תפוח פינק ליידי,,,תפוח פינק ליידי,קילוגרמים,1.00,"ק""ג",true,,15.90,15.9000,true,1,1406301
7290000009015,false,בצל יבש לבן,4 יחידות,,בצל יבש לבן,קילוגרמים,1.00,"ק""ג",true,,4.70,4.7000,true,1,1406302
7290000009016,false,בטטה,,,בטטה,קילוגרמים,1.00,"ק""ג",true,,7.70,7.7000,true,1,1406303
7290000009017,false,אגס ירוק,5 יחידות,,אגס ירוק,קילוגרמים,1.00,"ק""ג",true,,12.90,12.9000,true,1,1406304
7290000009018,false,תפוח עץ מוזהב,4 יחידות,,תפוח עץ מוזהב,קילוגרמים,1.00,"ק""ג",true,,9.90,9.9000,true,1,1406305
7290000009019,false,פלפל צהוב,5 יחידות,,פלפל צהוב,קילוגרמים,1.00,"ק""ג",true,,10.70,10.7000,true,1,1406306
7290000009020,false,שזיף אדום,,,שזיף אדום,קילוגרמים,1.00,"ק""ג",true,,16.70,16.7000,true,1,1406307
7290000009021,false,בצל אדום,4 יחידות,,בצל אדום,קילוגרמים,1.00,"ק""ג",true,,6.70,6.7000,true,1,1406308
7290000009022,false,רימון,,,רימון,קילוגרמים,1.00,"ק""ג",true,,8.70,8.7000,true,1,1406309
7290000009023,false,אננס,,,אננס,יחידה,1.00,יחידה,false,,29.90,29.9000,true,1,1406310
7290000009024,false,חציל,3 יחידות,,חציל,קילוגרמים,1.00,"ק""ג",true,,7.90,7.9000,true,1,1406311
7290000009025,false,פיתה ל.גלוטן 70יח,1 יחידה,,כרוב לבן שלם,קילוגרמים,1.00,"ק""ג",true,,5.70,5.7000,true,1,1406312
7290000009026,false,אשכולית אדומה,,,אשכולית אדומה,קילוגרמים,1.00,"ק""ג",true,,6.70,6.7000,true,1,1406313
7290000009027,false,קיווי,,,קיווי,קילוגרמים,1.00,"ק""ג",true,,12.90,12.9000,true,1,1406314
7290000009028,false,פיטיה אדום,,,פיטיה אדום,קילוגרמים,1.00,"ק""ג",true,,19.90,19.9000,true,1,1406315
7290000009030,false,פומלה,,,פומלה,קילוגרמים,1.00,"ק""ג",true,,8.90,8.9000,true,1,1406317
7290000009031,false,פלפל ירוק,5 יחידות,,פלפל ירוק,קילוגרמים,1.00,"ק""ג",true,,9.70,9.7000,true,1,1406318
7290000009033,false,כרוב אדום שלם,,,כרוב אדום שלם,קילוגרמים,1.00,"ק""ג",true,,5.70,5.7000,true,1,1406320
7290000009034,false,קולורבי,,,קולורבי,קילוגרמים,1.00,"ק""ג",true,,8.90,8.9000,true,1,1406321
7290000009036,false,דלורית,,,דלורית,קילוגרמים,1.00,"ק""ג",true,,6.90,6.9000,true,1,1406323
7290000009039,false,פומלית,,,פומלית,קילוגרמים,1.00,"ק""ג",true,,6.70,6.7000,true,1,1406326
7290000009040,false,שומר,,,שומר,קילוגרמים,1.00,"ק""ג",true,,8.90,8.9000,true,1,1406327
7290000009046,false,קישוא,5 יחידות,,קישוא,קילוגרמים,1.00,"ק""ג",true,,8.90,8.9000,true,1,1406332
7290000009051,false,"תפו""א לבן תפזורת",3 יחידות,,"תפו""א לבן תפזורת",קילוגרמים,1.00,"ק""ג",true,,4.90,4.9000,true,1,1406335
7290000009052,false,"תפו""א אדום תפזורת",3 יחידות,,"תפו""א אדום תפזורת",קילוגרמים,1.00,"ק""ג",true,,5.90,5.9000,true,1,1406336
7290000009054,false,פלפל חריף,,,פלפל חריף,קילוגרמים,1.00,"ק""ג",true,,10.90,10.9000,true,1,1406338
7290000009056,false,גבינה מגורדת במש,תנובה חלב,,סלק אדום תפזורת,קילוגרמים,1.00,"ק""ג",true,,4.90,4.9000,true,1,1406340
7290000009061,false,גזר ארוז,,,גזר ארוז,קילוגרמים,1.00,"ק""ג",true,,4.90,4.9000,true,1,1406344
7290000009063,false,כרובית,,,כרובית,יחידה,1.00,יחידה,false,,9.90,9.9000,true,1,1406345
7290000009074,false,ענב אדום,,,ענב אדום,קילוגרמים,1.00,"ק""ג",true,,24.90,24.9000,true,1,1427902
7290000009075,false,תירס מתוק,,,תירס מתוק,קילוגרמים,1.00,"ק""ג",true,,8.70,8.7000,true,1,1406356
7290000009076,false,שום לח,,,שום לח,קילוגרמים,1.00,"ק""ג",true,,19.90,19.9000,true,1,1428799
7290000009096,false,ענבים שחורים,,,ענבים שחורים,קילוגרמים,1.00,"ק""ג",true,,19.90,19.9000,true,1,1406372
7290000009097,false,אגס נאשי,,,אגס נאשי,קילוגרמים,1.00,"ק""ג",true,,14.90,14.9000,true,1,1406373
7290000009104,false,תפוח עץ גלה,4 יחידות,,תפוח עץ גלה,קילוגרמים,1.00,"ק""ג",true,,9.90,9.9000,true,1,1406380
7290000009109,false,קוקוס,,,קוקוס,יחידה,1.00,יחידה,false,,6.90,6.9000,true,1,1406385
7290000009110,false,אנונה,,,אנונה,קילוגרמים,1.00,"ק""ג",true,,19.90,19.9000,true,1,1406386
7290000009112,false,סוכריית פז,Unknown,,תפוז ברשת,קילוגרמים,1.00,"ק""ג",true,,4.90,4.9000,true,1,1406388
7290000009114,false,אשכולית צהובה,,,אשכולית צהובה,קילוגרמים,1.00,"ק""ג",true,,6.70,6.7000,true,1,1406390
7290000009115,false,"תפו""א לבן ארוז",,,"תפו""א לבן ארוז",קילוגרמים,1.00,"ק""ג",true,,5.90,5.9000,true,1,1406391
7290000009116,false,פלפל כתום,5 יחידות,,פלפל כתום,קילוגרמים,1.00,"ק""ג",true,,10.70,10.7000,true,1,1406392
7290000009124,false,שום ארוז יבוא,,,שום ארוז יבוא,יחידה,1.00,יחידה,false,,7.90,7.9000,true,1,1427903
7290000009136,false,בצל שאלוט,,,בצל שאלוט,קילוגרמים,1.00,"ק""ג",false,,11.90,11.9000,true,1,1431348
7290000013006,false,פסטרמה מקסיקנית זוגל,,,פסטרמה מקסיקנית,קילוגרמים,1.00,"ק""ג",true,,69.90,69.9000,true,1,1415269
7290000013174,false,פסטרמה של פעם זוגלוב,,,פסט' של פעם ד. שומן,קילוגרמים,1.00,"ק""ג",true,,69.90,69.9000,true,1,1415270
7290000017002,false,גבינה צפתית מעדניה ג,,,גבינה צפתית מעדניה ג,קילוגרמים,1.00,"ק""ג",true,,34.90,34.9000,true,1,1434676
7290000017019,false,גבינת קאש ללא מלח מע,,,גבינת קאש ללא מלח מע,קילוגרמים,1.00,"ק""ג",true,,34.90,34.9000,true,1,1416361
7290000017026,false,גבינה צפתית קשה מעדנ,,,גבינה צפתית קשה מעדנ,קילוגרמים,1.00,"ק""ג",true,,57.90,57.9000,true,1,1434677
7290000017033,false,גבינה גרוזינית מעדני,,,גבינה גרוזינית מעדני,קילוגרמים,1.00,"ק""ג",true,,57.90,57.9000,true,1,1434678
7290000017040,false,גבינת טברוג 5% געש,,,גבינת טברוג 5% געש,קילוגרמים,1.00,"ק""ג",true,,26.90,26.9000,true,1,1434679
7290000017095,false,גבינת מוצרלה נקניק מ,,,גבינת מוצרלה נקניק מ,קילוגרמים,1.00,"ק""ג",true,,65.90,65.9000,true,1,1434680
7290000017149,false,קרם פרש 42%-מעדניה ג,,,קרם פרש 42%-מעדניה ג,קילוגרמים,1.00,"ק""ג",true,,39.90,39.9000,true,1,1431528
7290000017163,false,גבינת שמנת חמוצה 15%,,,גבינת שמנת חמוצה 15%,קילוגרמים,1.00,"ק""ג",true,,17.90,17.9000,true,1,1434682
7290000017170,false,אצבעות שוקלד -מעדניה,,,אצבעות שוקלד -מעדניה,קילוגרמים,1.00,"ק""ג",true,,54.90,54.9000,true,1,1434683
7290000017187,false,גבינת טברוג דובדבן ג,,,גבינת טברוג דובדבן ג,קילוגרמים,1.00,"ק""ג",true,,29.90,29.9000,true,1,1434684
7290000017316,false,גבינת טברוג צימוקים,,,גבינת טברוג צימוקים,קילוגרמים,1.00,"ק""ג",true,,29.90,29.9000,true,1,1434685
7290000017323,false,גבינת טברוג 16% געש,,,גבינת טברוג 16% געש,קילוגרמים,1.00,"ק""ג",true,,29.90,29.9000,true,1,1434686
7290000017330,false,גבינת שמנת שמיר 25%,,,גבינת שמנת שמיר 25%,קילוגרמים,1.00,"ק""ג",true,,37.90,37.9000,true,1,1434687
7290000017347,false,גבינת שמנת זיתים- מע,,,גבינת שמנת זיתים- מע,קילוגרמים,1.00,"ק""ג",true,,37.90,37.9000,true,1,1434688
7290000017354,false,גבינת שמנת טבעי 25%-,,,גבינת שמנת טבעי 25%-,קילוגרמים,1.00,"ק""ג",true,,37.90,37.9000,true,1,1433501
7290000017361,false,בייבי מוצרלה מובחר,,,בייבי מוצרלה מובחר,קילוגרמים,1.00,"ק""ג",true,,59.90,59.9000,true,1,1434689
7290000017422,false,גבינה בולגרית מעודנת,,,גבינה בולגרית מעודנת,קילוגרמים,1.00,"ק""ג",true,,47.90,47.9000,true,1,1434691
7290000017477,false,צפתית רכה עגולה,,,צפתית רכה עגולה,קילוגרמים,1.00,"ק""ג",true,,34.90,34.9000,true,1,1439058
7290000017514,false,גבינת חלומי שקיל,,,גבינת חלומי שקיל,קילוגרמים,1.00,"ק""ג",true,,69.90,69.9000,true,1,1439751
7290000017552,false,כדורי מוצרלה ענק,,,כדורי מוצרלה ענק,קילוגרמים,1.00,"ק""ג",true,,57.90,57.9000,true,1,1439032
7290000017590,false,מסקרפונה געש,,,מסקרפונה געש,קילוגרמים,1.00,"ק""ג",true,,39.90,39.9000,true,1,1439033
7290000017767,false,גבינת טבורוג חמוציות,,,גבינת טבורוג חמוציות,קילוגרמים,1.00,"ק""ג",true,,29.90,29.9000,true,1,1438070
7290000022030,false,צמות גבינה במי מלח,,,צמות גבינה במי מלח,קילוגרמים,1.00,"ק""ג",true,,74.90,74.9000,true,1,1441534
7290000022085,false,גבינת פוקרינו מחלב כ,,,גבינת פקורינו מחלב כ,קילוגרמים,1.00,"ק""ג",true,,135.00,135.0000,true,1,1441093
7290000022177,false,רמי לוי-חלבה עם קקאו,,,רמי לוי-חלבה עם קקאו,קילוגרמים,1.00,"ק""ג",true,,59.90,59.9000,true,1,1442546
7290000023007,false,"ברנדי שטוק 84 37 % 750 מ""ל",טמפו משקאות בעמ,,"ברנדי שטוק 84 750 מ""",מיליליטרים,750.00,"100 מ""ל",false,,67.90,0.0905,true,1,1410629
7290000023083,false,ערק אשקלון בקבוק 700,טמפו משקאות בע`מ,,ערק אשקלון בקבוק 700,מיליליטרים,700.00,"100 מ""ל",false,,50.90,0.0727,true,1,1410630
7290000023977,false,קלאסיק מרלו יקבי ברקן (750 מל),יקבי ברקן שיווק והפצה בע,,יין מרלו ברקן קלאסיק,מיליליטרים,750.00,"100 מ""ל",false,,32.90,0.0439,true,1,1410636
7290000024264,false,רזרב מרלו יקבי ברקן (750 מל),"כרמי צבי - אחים סגל בע""\",,יין אדום רזרב מרלו י,מיליליטרים,750.00,"100 מ""ל",false,,48.20,0.0643,true,1,1410640
7290000024523,false,"תירוש של סגל ,מיץ ענבים , 1 ליטר",כרמי צבי - האחים סגל,,מיץ ענבים טבעי תירוש,מיליליטרים,1000.00,"100 מ""ל",false,,15.90,0.0159,true,1,1410643
7290000024530,false,יין אדום מתוק קידוש של סגל 750 מל,"כרמי צבי - אחים סגל בע""\",,יין גליה מתוק ברקן 7,מיליליטרים,750.00,"100 מ""ל",false,,15.20,0.0203,true,1,1410644
7290000026036,false,ג'מבו,,,ג'מבו,קילוגרמים,1.00,"ק""ג",true,,84.90,84.9000,true,1,1419908
7290000026050,false,פסטרמה רומנית,,,פסטרמה רומנית,קילוגרמים,1.00,"ק""ג",true,,69.90,69.9000,true,1,1419909
7290000026067,false,כתף עגל מעושן הוד מע,,,כתף עגל מעושן הוד מע,קילוגרמים,1.00,"ק""ג",true,,89.90,89.9000,true,1,1419910
7290000026241,false,חזה הודו דל שומן,,,חזה הודו דל שומן,קילוגרמים,1.00,"ק""ג",true,,64.90,64.9000,true,1,1422370
7290000026319,false,אווז מעושן הוד מעדן,,,אווז מעושן הוד מעדן,קילוגרמים,1.00,"ק""ג",true,,94.90,94.9000,true,1,1419912
7290000026364,false,"דוקטורסקיה ק""ג",,,"דוקטורסקיה ק""ג",קילוגרמים,1.00,"ק""ג",true,,34.90,34.9000,true,1,1419913
7290000026432,false,"סלמי פרח ק""ג",,,"סלמי פרח ק""ג",קילוגרמים,1.00,"ק""ג",true,,84.90,84.9000,true,1,1419915
7290000026463,false,מילנו הוד מעדן,,,מילנו הוד מעדן,קילוגרמים,1.00,"ק""ג",true,,64.90,64.9000,true,1,1419916
7290000026487,false,כתף עגל מתובל הוד מע,,,כתף עגל מתובל הוד מע,קילוגרמים,1.00,"ק""ג",true,,84.90,84.9000,true,1,1419917
7290000026500,false,חזה הודו דל שומן ברב,,,חזה הודו דל שומן ברב,קילוגרמים,1.00,"ק""ג",true,,64.90,64.9000,true,1,1422512
7290000026531,false,קורנביף,,,קורנביף,קילוגרמים,1.00,"ק""ג",true,,84.90,84.9000,true,1,1419918
7290000026586,false,פס' של פעם הוד מעדן,,,פס' של פעם הוד מעדן,קילוגרמים,1.00,"ק""ג",true,,64.90,64.9000,true,1,1419919
7290000026807,false,פסטרמה נוסטלגיה מעוש,,,פסטרמה נוסטלגיה מעוש,קילוגרמים,1.00,"ק""ג",true,,69.90,69.9000,true,1,1419921
7290000040042,false,יוגורט יופלה תות 3% שומן 150 גרם,"תנובה בע""מ ***",,יופלה יוגורט תות %3,גרמים,150.00,100 גרם,false,,5.00,0.0333,true,1,1411370
7290000040066,false,יוגורט יופלה דובדבן 3% שומן 150 גרם,תנובה מרכז שיתופי לש,,יופלה יוגורט דובדבן,מיליליטרים,150.00,"100 מ""ל",false,,5.00,0.0333,true,1,1411252
7290000040080,false,יוגורט יופלה אפרסק 3% שומן 150 גרם,"תנובה בע""מ ***",,יופלה יוגורט אפרסק %,מיליליטרים,150.00,"100 מ""ל",false,,5.00,0.0333,true,1,1411371
7290000040301,false,תנובה עין גדי קממבר מחלב בקר 24% שומן,תנובה מרכז שיתופי לש,,גבינת קממבר בקר 24%,גרמים,125.00,100 גרם,false,,17.80,0.1424,true,1,1411372
7290000040318,false,גבינת עדי ברי 24% קולאז` (125 גרם)קולקש,תנובה מרכז שיתופי לש,,גבינת עדי ברי 24% תנ,גרמים,125.00,100 גרם,false,,18.90,0.1512,true,1,1411373
7290000040974,false,חלב 2% דל לקטוז בקרטון תנובה (1 ליטר),תנובה מרכז שיתופי לש,,חלב בקרטון דל לקטוז,מיליליטרים,1000.00,"100 מ""ל",false,,6.90,0.0069,true,1,1411254
7290000040974,false,חלב 2% דל לקטוז בקרטון תנובה (1 ליטר),תנובה מרכז שיתופי לש,,חלב בקרטון דל לקטוז,מיליליטרים,1000.00,"100 מ""ל",false,,6.90,0.0069,true,1,1411375
7290000041858,false,"שמנת חמוצה 15% מועשרת יטבתה 200 מ""ל",שטראוס גרופ בעמ/מצונן,,שמנת חמוצה מועשרת 15,מיליליטרים,200.00,"100 מ""ל",false,,2.40,0.0120,true,1,1405572
7290000041865,false,"לבן 4.5% שומן מהדרין ""יטבתה""",שטראוס גרופ בעמ/מצונן,,"לבן 4.5% 200 מ""ל",מיליליטרים,200.00,"100 מ""ל",false,,2.00,0.0100,true,1,1405573
7290000042435,false,חלב דל שומן 1% בקרטון תנובה (1 ליטר)פיק,תנובה מרכז שיתופי לש,,חלב בקרטון תנובה 1%,מיליליטרים,1000.00,"100 מ""ל",false,,5.86,0.0059,true,1,1411382
7290000042640,false,"חלב תנובה עמיד 3% קרטון 250 מ""ל",תנובה מרכז שיתופי לש,,"חלב עמיד 250 מ""ל 3%",מיליליטרים,250.00,"100 מ""ל",false,,2.60,0.0104,true,1,1411385
7290000042855,false,"שוקו בשקית 250 מ""ל ""יטבתה""",שטראוס גרופ בעמ/מצונן,,שוקו בשקית יטבתה 225,מיליליטרים,225.00,"100 מ""ל",false,,2.50,0.0111,true,1,1405577
7290000043012,false,"שוקו עמיד 2% בקרטון 250 מ""ל תנובה",תנובה מרכז שיתופי לש,,שוק.שוקו עמיד 2% בקר,מיליליטרים,250.00,"100 מ""ל",false,,4.60,0.0184,true,1,1411387
7290000043111,false,תנובה חמאה 200 גרם - מוצר בפיקוח,תנובה מרכז שיתופי לש,,חמאה תנובה 200 גרם,גרמים,200.00,100 גרם,false,,7.80,0.0390,true,1,1411388
7290000043814,false,השף הלבן שמנת להקצפה 38% שומן 250 מל - מוצר בפיקוח,תנובה מרכז שיתופי לש,,השף הלבן שמנת עמידה,מיליליטרים,250.00,"100 מ""ל",false,,6.47,0.0259,true,1,1411390
7290000043890,false,תנובה רויון לבן מחלב מפסוטר 1.5%,תנובה מרכז שיתופי לש,,רויון 1.5% תנובה 1 ל,מיליליטרים,1000.00,"100 מ""ל",false,,11.30,0.0113,true,1,1411391
7290000043944,false,כד יוגורט תנובה 4% שומן 1.5 ליטר,מיוצר עי קונדיטוריית,,יוגורט תנובה כד 1.5,מיליליטרים,1500.00,"100 מ""ל",false,,16.30,0.0109,true,1,1411392
7290000044080,false,"גמבה במרינדה ק""ג",,,"גמבה במרינדה ק""ג",קילוגרמים,1.00,"ק""ג",true,,34.90,34.9000,true,1,1425502
7290000044098,false,"כרוב כבוש ק""ג",,,"כרוב כבוש ק""ג",קילוגרמים,1.00,"ק""ג",true,,27.90,27.9000,true,1,1419938
7290000044712,false,יוגורט עם תות 1.5% שומן 500 ג' פרילי,מיוצר עי קונדיטוריית,,"פרילי תות 500 מ""ל 1.",מיליליטרים,500.00,"100 מ""ל",false,,10.30,0.0206,true,1,1411262
7290000044880,false,יוגורט בטעם תות שדה 3% באדי (500 גרם),מיוצר עי קונדיטוריית,,"באדי תות 500 מ""ל 3%",מיליליטרים,500.00,"100 מ""ל",false,,8.90,0.0178,true,1,1411263
7290000045580,false,גבינה מותכת נעמה חורש תנובה 240 גרם,תנובה מרכז שיתופי לש,,גבינה מותכת 25% נעמה,גרמים,240.00,100 גרם,false,,17.40,0.0725,true,1,1411396
7290000045917,false,תנובה פרומעז גבינה מותכת מחלב עיזים 23% שומן,תנובה בעמ ***,,פרומעז גבינת עזים גל,גרמים,200.00,100 גרם,false,,25.50,0.1275,true,1,1411398
7290000046020,false,"גלבוע 22% שקילה}גבנ""צ{*.",תנובה מרכז שיתופי לש,,גלבוע 22% במשקל,קילוגרמים,1.00,"ק""ג",true,,42.50,42.5000,true,1,1411265
7290000046327,false,גלבוע גבינה צהובה פרוסה 22% תנובה 200 גרם,תנובה מרכז שיתופי לש,,גבינה צהובה פרוסה 22,גרמים,200.00,100 גרם,false,,12.90,0.0645,true,1,1411266
7290000046327,false,גלבוע גבינה צהובה פרוסה 22% תנובה 200 גרם,תנובה מרכז שיתופי לש,,גבינה צהובה פרוסה 22,גרמים,200.00,100 גרם,false,,12.90,0.0645,true,1,1411399
7290000047027,false,גב.קולאז' גלעד 27% במשקל,תנובה מרכז שיתופי לש,,גבינת גלעד 27% משקל,קילוגרמים,1.00,"ק""ג",true,,129.90,129.9000,true,1,1411269
7290000047034,false,רוקפור (26% גליל) חריץ תנובה,תנובה מרכז שיתופי לש,,גבינה צאן קולאז' רוק,קילוגרמים,1.00,"ק""ג",true,,119.90,119.9000,true,1,1411270
7290000047485,false,גבינה בולגרית במשקל,תנובה מרכז שיתופי לש,,גבינת בולגרית 24% תנ,קילוגרמים,1.00,"ק""ג",true,,57.00,57.0000,true,1,1411271
7290000047942,false,**תנובה גבינה לבנה מהדרין 9% 250ג,תנובה מרכז שיתופי לש,,גבינה לבנה 9% 250 גר,גרמים,250.00,100 גרם,false,,4.98,0.0199,true,1,1411273
7290000048185,false,גבינה לבנה 5% תנובה 250 גרם מהדרין,מיוצר עי קונדיטוריית,,גבינה לבנה 5% תנובה,גרמים,250.00,100 גרם,false,,4.98,0.0199,true,1,1411402
7290000048192,false,גבינה לבנה 9% תנובה 250 גרם מהדרין,מחלבת אלון תבור,,גבינה לבנה 9% תנובה,גרמים,250.00,100 גרם,false,,4.98,0.0199,true,1,1411403
7290000048437,false,גבינת צפתית (2005% גרם)פיראוס תנובה,פארייפאבה אגרואינדוס,,גבינה צפתית 5% פיראו,גרמים,200.00,100 גרם,false,,14.90,0.0745,true,1,1411405
7290000050447,false,"יוגורט ביו בטעם תות YYY יופלה 500 מ""ל",מיוצר עי קונדיטוריית,,יוגורט ביו 3% בטעם ת,מיליליטרים,500.00,"100 מ""ל",false,,12.70,0.0254,true,1,1411281
7290000050447,false,"יוגורט ביו בטעם תות YYY יופלה 500 מ""ל",מיוצר עי קונדיטוריית,,יוגורט ביו 3% בטעם ת,מיליליטרים,500.00,"100 מ""ל",false,,12.70,0.0254,true,1,1411406
7290000050454,false,יוגורט ביו 3% אפרסק יופלה (500 גרם),מיוצר עי קונדיטוריית,,יופלה YYY אפרסק 3%,יחידה,0.00,יחידה,false,,12.70,0.0000,true,1,1411282
7290000051307,false,"מארז הפסקת אוכל עם דגני עוגי ומשקה חלב עמיד בטעם וניל 150 מ""ל",תנובה מרכז שיתופי לש,,מארז הפסקת בטעם וניל,יחידה,1.00,יחידה,false,,9.90,9.9000,true,1,1411407
7290000051376,false,יוגורט יופלה דיאט אננס 0% שומן 150 גרם,תנובה מרכז שיתופי לש,,יופלה דיאט אננס גביע,מיליליטרים,150.00,"100 מ""ל",false,,5.00,0.0333,true,1,1411409
7290000051710,false,פיראוס גבינת לאבנה אסלית על בסיס יוגורט תנובה 263 גרם,"תנובה, מחלבת אלון תב",,פיראוס לאבנה5% עם שמ,גרמים,263.00,100 גרם,false,,13.90,0.0529,true,1,1411410
7290000052311,false,גבינה צהובה עמק לייט 15% שומן 200 גרם,תנובה מרכז שיתופי לש,,גבינה צהובה פרוסה 15,גרמים,200.00,100 גרם,false,,15.90,0.0795,true,1,1411289
7290000052311,false,גבינה צהובה עמק לייט 15% שומן 200 גרם,תנובה מרכז שיתופי לש,,גבינה צהובה פרוסה 15,גרמים,200.00,100 גרם,false,,15.90,0.0795,true,1,1411412
7290000052649,false,לאבנה אסלית (5005% גרם)פיראוס תנובה,תנובה מרכז שיתופי לש,,פיראוס לאבנה 5% גביע,מיליליטרים,500.00,"100 מ""ל",false,,18.90,0.0378,true,1,1411290
7290000053219,false,טל העמק חריץ 32% במשקל,תנובה מרכז שיתופי לש,,חריץ טל עמק 32%,קילוגרמים,1.00,"ק""ג",true,,59.90,59.9000,true,1,1411291
7290000055343,false,משקה יוגורט יופלה פירות טרופיים 250 גרם,תנובה מרכז שיתופי לש,,יופלה משקה יוגורט טר,גרמים,250.00,100 גרם,false,,5.40,0.0216,true,1,1411295
7290000055350,false,גבינה צהובה חריץ עמק 28% במשקל,תנובה מרכז שיתופי לש,,גבינת עמק 28% במשקל,קילוגרמים,1.00,"ק""ג",true,,44.79,44.7900,true,1,1411296
7290000055893,false,חמאה משמנת מפוסטרת 200גרם 82% כ.מהדרין - מוצר בפיקוח,תנובה מרכז שיתופי לש,,חמאה מהדרין תנובה 20,גרמים,200.00,100 גרם,false,,7.80,0.0390,true,1,1411416
7290000056883,false,שמיניית יוגורט יופלה 3% טעמים שונים 150 גרם,תנובה מרכז שיתופי לש,,יוגורט בטעמים שונים,מיליליטרים,1200.00,"100 מ""ל",false,,29.90,0.0249,true,1,1411418
7290000056890,false,שמיניית דיאט יופלה 0% טעמים שונים 150 גרם,מיוצר עי קונדיטוריית,,יוגורט דיאט ביו 0% ב,גרמים,1200.00,100 גרם,false,,28.90,0.0241,true,1,1411419
7290000056906,false,מאגדת לבן טבעי 1.5% שומן 8 יח' * 150 ג' יופלה,מחלבת אלון תבור,,יוגורט לבן 1.5% יופל,מיליליטרים,1200.00,"100 מ""ל",false,,17.30,0.0144,true,1,1429142
7290000056951,false,"תנובה, השף הלבן, שמנת לבישול 15% שומן 500 מל",תנובה מרכז שיתופי לש,,שמנת לבישול 15% 500,מיליליטרים,500.00,"100 מ""ל",false,,15.90,0.0318,true,1,1411420
7290000057088,false,עמק גבינה צהובה פרוסה דק דק 28% תנובה 200 גרם,תנובה מרכז שיתופי לש,,עמק פרוס דק דק 28% 2,גרמים,200.00,100 גרם,false,,15.90,0.0795,true,1,1411422
7290000057118,false,גבינה צהובה עמק 28% שומן ואקום 400 גרם,תנובה מרכז שיתופי לש,,גבינת עמק קלאסית פרו,גרמים,400.00,100 גרם,false,,20.90,0.0522,true,1,1411423
7290000057132,false,יוגורט תנובה טבעי 1.5% גביע 200 גרם,מחלבת אלון תבור,,יוגורט ביו תנובה טבע,גרמים,200.00,100 גרם,false,,3.20,0.0160,true,1,1411424
7290000057149,false,יוגורט תנובה טבעי 3% גביע 200 גרם,מיוצר עי קונדיטוריית,,יוגורט טבעי ביו 3% ת,גרמים,200.00,100 גרם,false,,3.20,0.0160,true,1,1411425
7290000057552,false,יופלה דיאט עוגת גבינה ותות 0% גביע 150ג',תנובה - חלב,,יופלה דיאט עוגת גבינ,מיליליטרים,150.00,"100 מ""ל",false,,5.00,0.0333,true,1,1411427
7290000058047,false,שמנת להקצפה 38% 500מל מהדרין עמיד השף הלבן,תנובה מרכז שיתופי לש,,שמנת להקצפה 38% שומן,מיליליטרים,500.00,"100 מ""ל",false,,12.94,0.0259,true,1,1411429
7290000060088,false,בייגלה מקלות עם מלח אסם (400 גרם),קבוצת אוסם סחר שותפות מוגבלת,,בייגלה אסם מקלות מלו,גרמים,375.00,100 גרם,false,,9.90,0.0264,true,1,1406836
7290000060156,false,פסטה אסם אטריות ביצים דקות 200גר,קבוצת אוסם סחר-שות.מוגבלת,,אטריות ביצים דקיקות,גרמים,200.00,100 גרם,false,,6.90,0.0345,true,1,1406837
7290000060163,false,פסטה אסם אטריות דקות 400גר,קבוצת אוסם סחר שותפות מוגבלת,,אטריות דקות אסם 400,גרמים,401.00,100 גרם,false,,6.90,0.0172,true,1,1406838
7290000060200,false,פסטה אסם פתיתים אפויים קוסקוס 500גר,קבוצת אוסם סחר שותפות מוגבלת,,פתיתים אפויים קוסקוס,גרמים,500.00,100 גרם,false,,6.90,0.0138,true,1,1406839
7290000060408,false,פסטה אסם פתיתים אפויים טבעות 500 גר,קבוצת אוסם סחר שותפות מוגבלת,,פתיתים אפויים טבעות,גרמים,500.00,100 גרם,false,,6.90,0.0138,true,1,1406845
7290000060576,false,פתיתים אפויים כוכבים אסם (500 גרם),קבוצת אוסם סחר שותפות מוגבלת,,פתיתים אפויים כוכבים,גרמים,500.00,100 גרם,false,,6.90,0.0138,true,1,1406849
7290000060828,false,פסטה קרניים בינוניות אסם (500 גרם),קבוצת אוסם סחר שותפות מוגבלת,,פסטה פרומנטי קרניים,גרמים,500.00,100 גרם,false,,5.90,0.0118,true,1,1406851
7290000060842,false,פסטה אסם פתיתים צדפים גדולים 500גר,קבוצת אוסם סחר שותפות מוגבלת,,פסטה צדפים אסם 500 ג,גרמים,500.00,100 גרם,false,,5.90,0.0118,true,1,1406852
7290000060880,false,פסטה ספגטי מספר 8 אסם 500 גרם,קבוצת אוסם סחר שותפות מוגבלת,,פסטה ספגטי מספר 8 אס,גרמים,500.00,100 גרם,false,,5.90,0.0118,true,1,1406854
7290000060958,false,אטריות מובחרות בינוניות אסם (400 גרם),קבוצת אוסם סחר שותפות מוגבלת,,אטריות בינוניות אסם,גרמים,402.00,100 גרם,false,,6.90,0.0172,true,1,1406857
7290000060965,false,פסטה אסם אטריות רחבות 400גר,קבוצת אוסם סחר שותפות מוגבלת,,אטריות רחבות אסם 400,גרמים,403.00,100 גרם,false,,6.90,0.0171,true,1,1406858
7290000060972,false,פסטה אסם אטריות דקיקות 400 גרם,קבוצת אוסם סחר-שות.מוגבלת,,אטריות דקיקות אסם 40,גרמים,400.00,100 גרם,false,,6.90,0.0173,true,1,1406859
7290000061061,false,קרקר חיטה עם בצל אסם,קבוצת אוסם סחר שותפות מוגבלת,,קרקר חיטה עם בצל אסם,גרמים,250.00,100 גרם,false,,10.90,0.0436,true,1,1406860
7290000061214,false,פתיתים אפויים קוסקוס עם בצל אסם 500 גרם,קבוצת אסם סחר שות. מוגבלת,,פתיתים אפויים קוסקוס,גרמים,500.00,100 גרם,false,,6.90,0.0138,true,1,1406863
7290000061245,false,עוגיות שוקוצ'יפס במילוי שוקולד אסם 220 גרם,קבוצת אוסם סחר-שות.מוגבלת,,עוגיות שוקוצ'יפס עם,גרמים,220.00,100 גרם,false,,10.90,0.0495,true,1,1406864
7290000061764,false,קפה נמס מגורען רד מאג 200 גרם,קבוצת אוסם סחר שותפות מוגבלת,,קפה נמס מגורען רד מא,גרמים,200.00,100 גרם,false,,21.90,0.1095,true,1,1406866
7290000062952,false,אוסם - מיני קרוטונים למרק ולסלט 250 גרם,קבוצת אוסם סחר שותפות מוגבלת,,מיני קרוטונים מתובלי,גרמים,250.00,100 גרם,false,,14.90,0.0596,true,1,1406870
7290000063102,false,קמח עוגה תופח מאליו אסם 350 גרם,קבוצת אוסם סחר שותפות מוגבלת,,אסם קמח עוגה תופח מא,גרמים,350.00,100 גרם,false,,4.90,0.0140,true,1,1406873
7290000063133,false,אסם שקדי מרק רכיבים טבעיים 24*100גרם,קבוצת אוסם סחר שותפות מוגבלת,,אסם שקדי מרק רכיבים,גרמים,100.00,100 גרם,false,,5.90,0.0590,true,1,1406874
7290000063157,false,"קמח עוגה תופח מאליו אסם 1 ק""ג",קבוצת אוסם סחר שותפות מוגבלת,,קמח תופח מאליו אסם 1,גרמים,1000.00,100 גרם,false,,8.90,0.0089,true,1,1406876
7290000064758,false,קוסקוס בינוני אמיתי אסם 350 ג',קבוצת אוסם סחר שותפות מוגבלת,,אסם קוסקוס אמיתי 350,גרמים,350.00,100 גרם,false,,7.90,0.0226,true,1,1406879
7290000064871,false,"אוסם - מנה חמה פירה תפו""א עם בצל 56 גרם",קבוצת אוסם סחר שותפות מוגבלת,,"מנה חמה פירה תפו""א ו",גרמים,56.00,100 גרם,false,,5.90,0.1054,true,1,1406880
7290000065335,false,אוסם - מנה חמה פירה עם ירקות 55 גרם,קבוצת אוסם סחר שותפות מוגבלת,,מנה חמה פירה וירקות,גרמים,55.00,100 גרם,false,,5.90,0.1073,true,1,1406882
7290000065540,false,אוסם - מנה חמה פסטה מוקרמת בטעם עוף 55 גרם,קבוצת אוסם סחר שותפות מוגבלת,,מנה חמה פסטה מוקרמת,גרמים,55.00,100 גרם,false,,5.90,0.1073,true,1,1406883
7290000065557,false,אוסם - מנה חמה קוסקוס עם ירקות 84 גרם,קבוצת אוסם סחר שותפות מוגבלת,,מנה חמה קוסקוס וירקו,גרמים,84.00,100 גרם,false,,5.90,0.0702,true,1,1406884
7290000066189,false,ביסלי חטיף בטעם פלאפל אסם (200 גרם),קבוצת אוסם סחר שותפות מוגבלת,,ביסלי פלאפל 200 גרם,גרמים,200.00,100 גרם,false,,7.90,0.0395,true,1,1406895
7290000066196,false,ביסלי חטיף בטעם גריל אסם (200 גרם),קבוצת אוסם סחר שותפות מוגבלת,,ביסלי גריל 200 גרם,גרמים,200.00,100 גרם,false,,7.90,0.0395,true,1,1406896
7290000066226,false,ביסלי חטיף בטעם פיצה אסם (200 גרם),קבוצת אוסם סחר שותפות מוגבלת,,ביסלי פיצה 200 גרם,גרמים,200.00,100 גרם,false,,7.90,0.0395,true,1,1406899
7290000066295,false,אסם במבה תות מחומרים טבעיים 30גר,קבוצת אוסם סחר שותפות מוגבלת,,במבה מתוקה בטעם תות,גרמים,30.00,100 גרם,false,,2.90,0.0967,true,1,1406901
7290000066332,false,אפרופו חטיף תירס אסם (50 גרם),קבוצת אוסם סחר שותפות מוגבלת,,אפרופו 50 גרם,גרמים,50.00,100 גרם,false,,4.90,0.0980,true,1,1406903
7290000066349,false,אפרופו חטיף תירס אסם (100 גרם),קבוצת אוסם סחר-שות.מוגבלת,,אפרופו 100 גרם,גרמים,100.00,100 גרם,false,,8.90,0.0890,true,1,1406904
7290000067599,false,מנה חמה ספגטי ברוטב בולונז אסם 65 גרם,קבוצת אוסם סחר שותפות מוגבלת,,מנה חמה ספגטי בולונז,גרמים,65.00,100 גרם,false,,5.90,0.0908,true,1,1406915
7290000068138,false,אינסטנט פודינג בטעם וניל אסם 80 גרם,קבוצת אוסם סחר שותפות מוגבלת,,פודינג אינסטנט בטעם,גרמים,80.00,100 גרם,false,,5.50,0.0688,true,1,1406919
7290000068206,false,אסם ג'לי משמש צבעים טבעיים 85 גרם,קבוצת אוסם סחר שותפות מוגבלת,,ג'לי בטעם משמש פרווה,גרמים,85.00,100 גרם,false,,6.30,0.0741,true,1,1406923
7290000068343,false,אוסם - פירכונים מאורז מלא 140 גרם,קבוצת אוסם סחר שותפות מוגבלת,,אסם פריכונים מאורז מ,גרמים,140.00,100 גרם,false,,7.90,0.0564,true,1,1406928
7290000069364,false,פריכונים מאורז מלא ללא תוספת סוכר אסם 140 גרם,קבוצת אוסם סחר שותפות מוגבלת,,אסם פריכונים עגול או,גרמים,140.00,100 גרם,false,,7.90,0.0564,true,1,1406933
7290000070308,false,אבקת מרק עוף אמיתי בשרי אסם 400 גרם,קבוצת אוסם סחר שותפות מוגבלת,,אסם מרק עוף אמיתי 40,גרמים,400.00,100 גרם,false,,18.70,0.0467,true,1,1406939
7290000070322,false,אבקת מרק פטריות רכיבים טבעיים אסם 400 גרם,קבוצת אוסם סחר שותפות מוגבלת,,מרק פטריות רכיבים טב,גרמים,400.00,100 גרם,false,,26.90,0.0672,true,1,1406940
7290000070353,false,אבקת מרק בצל רכיבים טבעיים אסם 400 גרם,קבוצת אוסם סחר שותפות מוגבלת,,מרק בצל מרכיבים טבעי,גרמים,400.00,100 גרם,false,,24.90,0.0622,true,1,1406941
7290000071008,false,בייגלה שטוחים טבעות עם מלח אסם (60 גרם),קבוצת אוסם סחר שותפות מוגבלת,,בייגלה כעכים שטוחים,גרמים,60.00,100 גרם,false,,3.10,0.0517,true,1,1406944
7290000072241,false,"רוטב פיצה 290 מ""ל-בקבוק",קבוצת אוסם סחר שותפות מוגבלת,,רוטב לפיצה 320 גרם,מיליליטרים,290.00,"100 מ""ל",false,,10.90,0.0376,true,1,1406948
7290000072333,false,בונז'ור לחמנית דגנים 120ג',בונז'ור,,בונזור לחמניית דגנים,גרמים,120.00,100 גרם,false,,3.90,0.0325,true,1,1406949
7290000072623,false,קטשופ אסם בקבוק לחיץ 750 גרם,קבוצת אוסם סחר שותפות מוגבלת,,קטשופ אסם בקבוק לחיץ,גרמים,750.00,100 גרם,false,,10.90,0.0145,true,1,1406951
7290000072630,false,קטשופ אסם חריף 750 גרם-בקבוק,קבוצת אוסם סחר שותפות מוגבלת,,קטשופ חריף אסם 750 ג,גרמים,750.00,100 גרם,false,,12.90,0.0172,true,1,1406952
7290000072753,false,קפה נמס מגורען טסטרס צ'ויס 200 גרם-,קבוצת אוסם סחר שותפות מוגבלת,,קפה נמס מיובש בהקפאה,גרמים,200.00,100 גרם,false,,29.90,0.1495,true,1,1406953
7290000072760,false,נסקפה טייסטרס צויס 100 גר אוריגנל,קבוצת אוסם סחר שותפות מוגבלת,,קפה נמס טסטר'ס צ'ויס,גרמים,100.00,100 גרם,false,,24.90,0.2490,true,1,1428163
7290000072777,false,קפה נמס מגורען נטול קפאין טסטרס צ'ויס 200 גרם,קבוצת אוסם סחר שותפות מוגבלת,,טייסטר צ'וייס נטול ק,גרמים,200.00,100 גרם,false,,38.90,0.1945,true,1,1406954
7290000072968,false,דגני בוקר סיני מיניס חיטה מלאה וקינמון נסטלה 500 גרם,קבוצת אוסם סחר-שות.מוגבלת,,סיני מיניס 500 גרם,גרמים,500.00,100 גרם,false,,23.90,0.0478,true,1,1406957
7290000073125,false,מנה חמה פסטה ברוטב עגבניות אסם (62 גרם),קבוצת אוסם סחר שותפות מוגבלת,,מנה חמה פסטה עם עגב.,גרמים,62.00,100 גרם,false,,5.90,0.0952,true,1,1406958
7290000073415,false,אוסם - מנה חמה פסטה ברוטב פיצה 61 גרם,קבוצת אוסם סחר שותפות מוגבלת,,מנה חמה פסטה ברוטב פ,גרמים,61.00,100 גרם,false,,5.90,0.0967,true,1,1406959
7290000073699,false,סלט חומוס צבר 150 גרם,קבוצת אוסם סחר שותפות מוגבלת,,סלט חומוס סלטי צבר 1,גרמים,150.00,100 גרם,false,,5.50,0.0367,true,1,1406960
7290000073750,false,מנה חמה נודלס אטר+ירקות טעם עוף 70 גרם,קבוצת אוסם סחר שותפות מוגבלת,,מנה חמה נודלס אטר.+י,גרמים,70.00,100 גרם,false,,5.90,0.0843,true,1,1406961
7290000073767,false,מנה חמה נודלס אטר.+ירקות טעם בקר 70 גרם,קבוצת אוסם סחר שותפות מוגבלת,,מנה חמה נודלס אטר.+י,גרמים,70.00,100 גרם,false,,5.90,0.0843,true,1,1406962
7290000073774,false,מנה חמה נודלס אטר+ירקות טעם צילי 70 גרם,קבוצת אוסם סחר שותפות מוגבלת,,מנה חמה ירקות בטעם פ,גרמים,70.00,100 גרם,false,,5.90,0.0843,true,1,1406963
7290000074153,false,ביסקוויט פתי בר שוקולד אסם (500 גרם),קבוצת אוסם סחר שותפות מוגבלת,,פתי בר שוקו אסם 500,גרמים,500.00,100 גרם,false,,12.90,0.0258,true,1,1406966
7290000074184,false,ביסקוויט פתי בר אסם (500 גרם),קבוצת אוסם סחר שותפות מוגבלת,,פתי בר קלאסי אסם 500,גרמים,500.00,100 גרם,false,,10.90,0.0218,true,1,1406967
7290000074245,false,אוסם - קרם קרקר אסם 250 גרם,קבוצת אוסם סחר שותפות מוגבלת,,אסם קרם קרקר 250 גרם,גרמים,250.00,100 גרם,false,,9.90,0.0396,true,1,1406968
7290000074252,false,אסם קרקר שומשום 250 גרם,קבוצת אוסם סחר שותפות מוגבלת,,אסם קרקר שומשום 250,גרמים,250.00,100 גרם,false,,9.90,0.0396,true,1,1406969
7290000074375,false,אוסם - קרקר זהב 150 גרם,קבוצת אוסם סחר שותפות מוגבלת,,אסם קרקר זהב 150 גרם,גרמים,150.00,100 גרם,false,,7.90,0.0527,true,1,1406972
7290000074764,false,קרקר הזהב אסם 900 גרם,קבוצת אוסם סחר שותפות מוגבלת,,אסם קרקר זהב 900 גרם,גרמים,900.00,100 גרם,false,,22.90,0.0254,true,1,1406978
7290000075204,false,קרקר לחמית חיטה מלאה אסם (250 גרם),קבוצת אוסם סחר שותפות מוגבלת,,לחמית קרקר מקמח חיטה,גרמים,250.00,100 גרם,false,,9.50,0.0380,true,1,1406981
7290000075693,false,עוגת הבית שמרים בריוש שוקולד אסם 360 גרם,קבוצת אסם סחר שות. מוגבלת,,הבית עוגת שמרים בריו,גרמים,360.00,100 גרם,false,,16.90,0.0469,true,1,1406982
7290000076133,false,בייגלה שמיניות קטנות עם מלח אסם 400 גרם,קבוצת אוסם סחר שותפות מוגבלת,,בייגלה אסם שמיניה קט,גרמים,400.00,100 גרם,false,,9.90,0.0248,true,1,1406984
7290000076645,false,טוסטעים פת קלויה חיטה מלאה אסם 100 גרם,קבוצת אסם סחר שות. מוגבלת,,אסם טוסטעים חיטה מלא,גרמים,100.00,100 גרם,false,,10.90,0.1090,true,1,1406985
7290000077017,false,עוגיות קרמוגית במילוי קרם שוקולד אסם 200 גרם,קבוצת אוסם סחר שותפות מוגבלת,,אסם קרמוגית במילוי ש,גרמים,200.00,100 גרם,false,,10.90,0.0545,true,1,1406986
7290000077253,false,אוסם - לחמית כפרית עם דגנים מלאים 190 גרם,קבוצת אסם סחר שות. מוגבלת,,לחמית כפרית 190 גרם,גרמים,190.00,100 גרם,false,,9.90,0.0521,true,1,1406987
7290000078762,false,אוסם - חטיפי פריכונים מאורז מלא בטעם דבש 80גר,קבוצת אוסם סחר-שות.מוגבלת,,חטיפי פריכונים אורז,גרמים,80.00,100 גרם,false,,8.20,0.1025,true,1,1406990
7290000079233,false,קרם קרקר דיאטטי דל נתרן 250 גרם,קבוצת אוסם סחר שותפות מוגבלת,,אסם קרם קרקר דל נתרן,גרמים,250.00,100 גרם,false,,10.90,0.0436,true,1,1406991
7290000079412,false,אמנטל נעם מהדרין במש,,,חריץ אמנטל נעם 3.15,קילוגרמים,1.00,"ק""ג",true,,69.90,69.9000,true,1,1426019
7290000081663,false,"בייגלה טבעות שומשום אסם 300 גרם בד""ץ",קבוצת אוסם סחר שותפות מוגבלת,,אסם בייגלה טבעות שומ,גרמים,300.00,100 גרם,false,,9.90,0.0330,true,1,1406996
7290000085180,false,גטניו פתי בר וניל 470 גרם,"אחים גטניו בע""מ",,גטניו פתי בר 470 גרם,גרמים,470.00,100 גרם,false,,10.90,0.0232,true,1,1413152
7290000089274,false,נקניק מעושן מעדנייה,,,גבינה מעושנת נקניק,קילוגרמים,1.00,"ק""ג",true,,49.90,49.9000,true,1,1419704
7290000089380,false,צהובה שום שמיר במשקל,,,שום שמיר בלוק,קילוגרמים,1.00,"ק""ג",true,,49.90,49.9000,true,1,1419705
7290000090016,false,בננה,5 יחידות,,בננה,קילוגרמים,1.00,"ק""ג",true,,8.70,8.7000,true,1,1435439
7290000090023,false,עגבניה,5 יחידות,,עגבניה,קילוגרמים,1.00,"ק""ג",true,,7.70,7.7000,true,1,1435433
7290000090030,false,מלפפון ירוק,6 יחידות,,מלפפון ירוק,קילוגרמים,1.00,"ק""ג",true,,7.70,7.7000,true,1,1435451
7290000090047,false,לימון,,,לימון,קילוגרמים,1.00,"ק""ג",true,,7.70,7.7000,true,1,1435440
7290000090054,false,ממרח חמאה דנית,,,אבוקדו,קילוגרמים,1.00,"ק""ג",true,,10.70,10.7000,true,1,1435452
7290000090078,false,תפוח עץ ירוק סמיט,4 יחידות,,תפוח עץ ירוק סמיט,קילוגרמים,1.00,"ק""ג",true,,10.90,10.9000,true,1,1435453
7290000090085,false,תפוח עץ אדום חרמון,4 יחידות,,תפוח עץ אדום חרמון,קילוגרמים,1.00,"ק""ג",true,,9.90,9.9000,true,1,1435454
7290000090108,false,פלפל אדום,5 יחידות,,פלפל אדום,קילוגרמים,1.00,"ק""ג",true,,10.70,10.7000,true,1,1435441
7290000090115,false,קלמנטינה,,,קלמנטינה,קילוגרמים,1.00,"ק""ג",true,,5.90,5.9000,true,1,1435455
7290000090122,false,אפרסמון,,,אפרסמון,קילוגרמים,1.00,"ק""ג",true,,12.90,12.9000,true,1,1437319
7290000090139,false,תפוזים,3 יחידות,,תפוזים,קילוגרמים,1.00,"ק""ג",true,,5.90,5.9000,true,1,1435456
7290000090146,false,תפוח פינק ליידי,,,תפוח פינק ליידי,קילוגרמים,1.00,"ק""ג",true,,15.90,15.9000,true,1,1435457
7290000090153,false,בצל יבש לבן,4 יחידות,,בצל יבש לבן,קילוגרמים,1.00,"ק""ג",true,,4.70,4.7000,true,1,1435442
7290000090160,false,בטטה,,,בטטה,קילוגרמים,1.00,"ק""ג",true,,7.70,7.7000,true,1,1435458
7290000090177,false,אגס ירוק,5 יחידות,,אגס ירוק,קילוגרמים,1.00,"ק""ג",true,,12.90,12.9000,true,1,1435459
7290000090184,false,תפוח עץ מוזהב,4 יחידות,,תפוח עץ מוזהב,קילוגרמים,1.00,"ק""ג",true,,9.90,9.9000,true,1,1435460
7290000090191,false,פלפל צהוב,5 יחידות,,פלפל צהוב,קילוגרמים,1.00,"ק""ג",true,,10.70,10.7000,true,1,1435461
7290000090207,false,שזיף אדום,,,שזיף אדום,קילוגרמים,1.00,"ק""ג",true,,16.70,16.7000,true,1,1435462
7290000090214,false,בצל אדום,4 יחידות,,בצל אדום,קילוגרמים,1.00,"ק""ג",true,,6.70,6.7000,true,1,1435463
7290000090221,false,רימון,,,רימון,קילוגרמים,1.00,"ק""ג",true,,8.70,8.7000,true,1,1435464
7290000090238,false,אננס,,,אננס,יחידה,1.00,יחידה,false,,29.90,29.9000,true,1,1435465
7290000090245,false,חציל,3 יחידות,,חציל,קילוגרמים,1.00,"ק""ג",true,,7.90,7.9000,true,1,1435443
7290000090252,false,כרוב לבן שלם,1 יחידה,,כרוב לבן שלם,קילוגרמים,1.00,"ק""ג",true,,5.70,5.7000,true,1,1435444
7290000090269,false,אשכולית אדומה,,,אשכולית אדומה,קילוגרמים,1.00,"ק""ג",true,,6.70,6.7000,true,1,1435466
7290000090276,false,קיווי,,,קיווי,קילוגרמים,1.00,"ק""ג",true,,12.90,12.9000,true,1,1435467
7290000090283,false,פיטיה אדום,,,פיטיה אדום,קילוגרמים,1.00,"ק""ג",true,,19.90,19.9000,true,1,1436954
7290000090306,false,פומלה,,,פומלה,קילוגרמים,1.00,"ק""ג",true,,8.90,8.9000,true,1,1435468
7290000090313,false,פלפל ירוק,5 יחידות,,פלפל ירוק,קילוגרמים,1.00,"ק""ג",true,,9.70,9.7000,true,1,1435469
7290000090337,false,כרוב אדום שלם,,,כרוב אדום שלם,קילוגרמים,1.00,"ק""ג",true,,5.70,5.7000,true,1,1435470
7290000090344,false,קולורבי,,,קולורבי,קילוגרמים,1.00,"ק""ג",true,,8.90,8.9000,true,1,1435471
7290000090368,false,דלורית,,,דלורית,קילוגרמים,1.00,"ק""ג",true,,6.90,6.9000,true,1,1435473
7290000090399,false,פומלית,,,פומלית,קילוגרמים,1.00,"ק""ג",true,,6.70,6.7000,true,1,1435475
7290000090405,false,שומר,,,שומר,קילוגרמים,1.00,"ק""ג",true,,8.90,8.9000,true,1,1435476
7290000090467,false,קישוא,5 יחידות,,קישוא,קילוגרמים,1.00,"ק""ג",true,,8.90,8.9000,true,1,1435446
7290000090511,false,"תפו""א לבן תפזורת",3 יחידות,,"תפו""א לבן תפזורת",קילוגרמים,1.00,"ק""ג",true,,4.90,4.9000,true,1,1435480
7290000090528,false,"תפו""א אדום תפזורת",3 יחידות,,"תפו""א אדום תפזורת",קילוגרמים,1.00,"ק""ג",true,,5.90,5.9000,true,1,1435481
7290000090542,false,פלפל חריף,,,פלפל חריף,קילוגרמים,1.00,"ק""ג",true,,10.90,10.9000,true,1,1435483
7290000090566,false,סלק אדום תפזורת,5 יחידות,,סלק אדום תפזורת,קילוגרמים,1.00,"ק""ג",true,,4.90,4.9000,true,1,1435447
7290000090610,false,גזר ארוז,,,גזר ארוז,קילוגרמים,1.00,"ק""ג",true,,4.90,4.9000,true,1,1435448
7290000090634,false,כרובית,,,כרובית,יח',1.00,יח',false,,9.90,9.9000,true,1,1435487
7290000090740,false,ענב אדום,,,ענב אדום,קילוגרמים,1.00,"ק""ג",true,,24.90,24.9000,true,1,1435496
7290000090757,false,תירס מתוק,,,תירס מתוק,קילוגרמים,1.00,"ק""ג",true,,8.70,8.7000,true,1,1435449
7290000090764,false,שום לח,,,שום לח,קילוגרמים,1.00,"ק""ג",true,,19.90,19.9000,true,1,1435497
7290000090962,false,לימון פרסי טחון במשק,,,ענבים שחורים,קילוגרמים,1.00,"ק""ג",true,,19.90,19.9000,true,1,1436511
7290000090979,false,אגס נאשי,,,אגס נאשי,קילוגרמים,1.00,"ק""ג",true,,14.90,14.9000,true,1,1435505
7290000091044,false,תפוח עץ גלה,4 יחידות,,תפוח עץ גלה,קילוגרמים,1.00,"ק""ג",true,,9.90,9.9000,true,1,1435508
7290000091099,false,קוקוס,,,קוקוס,יחידה,1.00,יחידה,false,,6.90,6.9000,true,1,1438055
7290000091105,false,אנונה,,,אנונה,קילוגרמים,1.00,"ק""ג",true,,19.90,19.9000,true,1,1435512
7290000091129,false,תפוז ברשת,,,תפוז ברשת,קילוגרמים,1.00,"ק""ג",true,,4.90,4.9000,true,1,1435513
7290000091143,false,אשכולית צהובה,,,אשכולית צהובה,קילוגרמים,1.00,"ק""ג",true,,6.70,6.7000,true,1,1435514
7290000091150,false,"תפו""א לבן ארוז",,,"תפו""א לבן ארוז",קילוגרמים,1.00,"ק""ג",true,,5.90,5.9000,true,1,1435515
7290000091167,false,פלפל כתום,5 יחידות,,פלפל כתום,קילוגרמים,1.00,"ק""ג",true,,10.70,10.7000,true,1,1435516
7290000091242,false,שום ארוז יבוא,,,שום ארוז יבוא,יחידה,1.00,יחידה,false,,7.90,7.9000,true,1,1435518
7290000091365,false,בצל שאלוט,,,בצל שאלוט,קילוגרמים,1.00,"ק""ג",false,,11.90,11.9000,true,1,1435525
7290000100792,false,שקית גופיה שוויצריה,,,שקית גופיה שוויצריה,יחידה,1.00,יחידה,false,,0.10,0.1000,true,1,1429528
7290000101132,false,לקט קטניות לחמין 800 גר סנפרוסט,"סנפרוסט בע""\מ",,לקט קטניות לחמין סנפ,גרמים,800.00,100 גרם,false,,22.90,0.0286,true,1,1411727
7290000104683,false,שעועית ירוקה שלמה סנפרוסט (800 גרם),תנובה מרכז שיתופי לשיווק תוצרת,,שעועית ירוקה שלמה סנ,גרמים,800.00,100 גרם,false,,19.90,0.0249,true,1,1411738
7290000104720,false,שעועית ירוקה חתוכה סנפרוסט (800 גרם),תנובה מרכז שיתופי לשיווק תוצרת,,שעועית ירוקה חתוכה ס,גרמים,800.00,100 גרם,false,,18.70,0.0234,true,1,1411741
7290000104737,false,שעועית צהובה חתוכה סנפרוסט 800 גרם,תנובה מרכז שיתופי לשיווק תוצרת,,שעועית צהובה חתוכה ס,גרמים,800.00,100 גרם,false,,18.90,0.0236,true,1,1411742
7290000107165,false,חטיף סויה אדממה סנפרוסט (400 גרם),תנובה מרכז שיתופי לשיווק תוצרת,,פולי סויה אדממה סנפר,גרמים,400.00,100 גרם,false,,14.90,0.0373,true,1,1431672
7290000111186,false,"מיונז אמיתי תלמה 500 גרם בד""צ","יוניליוור ישראל שיווק בע""מ",,מיונז אמיתי תלמה 500,גרמים,500.00,100 גרם,false,,9.90,0.0198,true,1,1409593
7290000111353,false,מיונז אמיתי תלמה (1 קג),"יוניליוור ישראל שיווק בע""מ",,מיונז אמיתי תלמה 1 ק,גרמים,1000.00,100 גרם,false,,16.90,0.0169,true,1,1409594
7290000111384,false,חרדל אמיתי בצנצנת 550 ג' תלמה,יוניליוור ישראל שיווק בע`מ,,חרדל תלמה 550 גרם,גרמים,250.00,100 גרם,false,,9.90,0.0396,true,1,1409596
7290000112220,false,טחינה גולמית שומשום טהור בארכה 500 גרם,קבוצת אוסם סחר שותפות מוגבלת,,טחינה גולמית 100% בא,גרמים,500.00,100 גרם,false,,13.90,0.0278,true,1,1406997
7290000112497,false,מרק עשיר עוף אטריות קנור 75 גרם - שקיות,יוניליוור ישראל שיווק בע`מ,,מרק עשיר עוף עם איטר,גרמים,68.00,100 גרם,false,,11.90,0.1750,true,1,1409597
7290000112503,false,מרק עשיר ירקות קנור 69 גרם - שקיות,יוניליוור ישראל שיווק בע`מ,,מרק קנור עשיר ירקות,גרמים,61.00,100 גרם,false,,9.30,0.1525,true,1,1409598
7290000112619,false,אבקת מרק עוף אמיתי קנור 400 ג' כשלפ,יוניליוור ישראל שיווק בע`מ,,קנור מרק עוף אמיתי 4,גרמים,400.00,100 גרם,false,,19.90,0.0497,true,1,1409600
7290000116884,false,"קנור רוטב ברביקיו 300 מ""ל כשלפ",יוניליוור ישראל שיווק בע`מ,,רוטב ברביקיו פרווה ק,גרמים,350.00,100 גרם,false,,10.90,0.0311,true,1,1409607
7290000121079,false,גבינה מותכת למריחה עם שום שמיר 9% מון בלאן 120 גרם,נטו מילנדה סחר בעמ*,,מון בלאן שמיר 120 גר,גרמים,120.00,100 גרם,false,,11.40,0.0950,true,1,1408972
7290000121093,false,גבינה מותכת לייט בטעם שוויצרי 7% מון בלאן 120 גר',האי נאם סי או אל.טי.,,מון בלאן שויצרית 120,גרמים,120.00,100 גרם,false,,11.40,0.0950,true,1,1408973
7290000121154,false,גבינה מותכת לייט עם סלמון 7% מון בלאן 120 גרם,נטו מלינדה סחר בע`מ,,מון בלאן סלמון 120 ג,גרמים,120.00,100 גרם,false,,11.40,0.0950,true,1,1408976
7290000129457,false,אבקת רוטב פטריות קנור 28 ג' שקית,יוניליוור ישראל שיווק בע`מ,,קנור רוטב פטריות באב,גרמים,28.00,100 גרם,false,,3.90,0.1393,true,1,1409642
7290000130255,false,קמח מצה 500 גר בשקית פסח,מצות אביב 2014 מאפה בעמ,,קמח מצות 500 גרם,גרמים,500.00,100 גרם,false,,6.90,0.0138,true,1,1439776
7290000135045,false,"XL TEN משקה אנרגיה פתוח ללא סוכר 250 מ""ל","טמפו משקאות בע""\מ",,פחית XL TEN תפוח 250,מיליליטרים,250.00,"100 מ""ל",false,,4.80,0.0192,true,1,1410647
7290000135052,false,"XL TEN משקה אנרגיה מנגו ללא סוכר 250 מ""ל","טמפו משקאות בע""\מ",,משקה אנרגיה מוגז בטע,מיליליטרים,250.00,"100 מ""ל",false,,4.80,0.0192,true,1,1410648
7290000135113,false,"משקה אנרגיה XL פחית ten נענע ליים 250 מ""ל","טמפו משקאות בע""\מ",,פחית XL TEN נענע-ליי,מיליליטרים,250.00,"100 מ""ל",false,,4.80,0.0192,true,1,1410649
7290000135311,false,פפסי מקס ליים 1.5 ליטר בודד,"טמפו משקאות בע""\מ",,פפסי מקס בטעם ליים 1,מיליליטרים,1500.00,"100 מ""ל",false,,7.80,0.0052,true,1,1433220
7290000135324,false,פיראוס בולגרית מעודנ,,,בולגרית פיראוס 5% תנ,קילוגרמים,1.00,"ק""ג",true,,49.00,49.0000,true,1,1420991
7290000135342,false,"מי סודה טמפו בקבוק 500 מ""ל","טמפו משקאות בע""\מ",,סודה 500,מיליליטרים,500.00,"100 מ""ל",false,,3.20,0.0064,true,1,1439036
7290000135595,false,פפסי מקס בטעם דובדבן 1.5 ללא סוכר,"טמפו משקאות בע""\מ",,פפסי מקס דובדבן 1.5,מיליליטרים,1500.00,"100 מ""ל",false,,7.80,0.0052,true,1,1435045
7290000135625,false,"רביעיית פחיות בירה גולדסטאר 500 מ""ל",טמפו משקאות בעמ,,רביעית פחיות גולדסטא,מיליליטרים,2000.00,"100 מ""ל",false,,33.60,0.0168,true,1,1437438
7290000136141,false,פפסי קולה 1.5 ליטר פיקדון,"טמפו משקאות בע""\מ",,פפסי משקה קולה מוגז,מיליליטרים,1500.00,"100 מ""ל",false,,7.80,0.0052,true,1,1437967
7290000136158,false,פפסי מקס משקה מוגז דל קלוריות בטעם קולה,"טמפו משקאות בע""\מ",,פפסי מקס 1.5 ליטר,מיליליטרים,1500.00,"100 מ""ל",false,,7.80,0.0052,true,1,1437968
7290000136165,false,מירינדה אורנג` 1.5 ליטר פיקדון,"טמפו משקאות בע""\מ",,מירנדה 1.5 ליטר,מיליליטרים,1500.00,"100 מ""ל",false,,7.80,0.0052,true,1,1437969
7290000136172,false,משקה 7UP בקבוק 1.5 ליטר פיקדון,"טמפו משקאות בע""\מ",,סבן אפ 1.5 ליטר,מיליליטרים,1500.00,"100 מ""ל",false,,7.80,0.0052,true,1,1437970
7290000136189,false,משקה דיאט 7UP בקבוק 1.5 ליטר פיקדון,"טמפו משקאות בע""\ם.",,דיאט סבן אפ 1.5 ליטר,מיליליטרים,1500.00,"100 מ""ל",false,,7.20,0.0048,true,1,1437971
7290000136240,false,סודה 1.5 ליטר שישייה בודד,"טמפו משקאות בע""\מ",,מי סודה טמפו 1.5 ליט,מיליליטרים,1500.00,"100 מ""ל",false,,3.80,0.0025,true,1,1437972
7290000136288,false,"סירופ בטעם תפוחים ג'ויסר סיידר הגליל 330 מ""ל","טמפו משקאות בע""\מ",,סירופ בטעם תפוחים סי,מיליליטרים,330.00,"100 מ""ל",false,,16.90,0.0512,true,1,1440035
7290000136295,false,"סירופ בטעם פטל ג'ויסר סיידר הגליל 330 מ""ל","טמפו משקאות בע""\מ",,סירופ בטעם פטל סיידר,מיליליטרים,330.00,"100 מ""ל",false,,16.90,0.0512,true,1,1440036
7290000136455,false,משקה בטעם אשכוליות תריסר 1.5 ל' ג'אמפ,"טמפו משקאות בע""\ם.",,ג'אמפ אשכוליות 1.5 ל,מיליליטרים,1500.00,"100 מ""ל",false,,7.50,0.0050,true,1,1437975
7290000136523,false,ג`אמפ משקה קל ענבים 1.5 ליטר פיקדון,"טמפו משקאות בע""\ם.",,ג'אמפ ענבים 1.5 ליטר,מיליליטרים,1500.00,"100 מ""ל",false,,7.50,0.0050,true,1,1437978
7290000136561,false,משקה בטעם תות בננה תריסר 1.5 ל' ג'אמפ,"טמפו משקאות בע""\מ",,ג'אמפ תות בננה 1.5 ל,מיליליטרים,1500.00,"100 מ""ל",false,,7.50,0.0050,true,1,1437979
7290000136585,false,משקה בטעם תפוזים תריסר 1.5 ל' ג'אמפ,"טמפו משקאות בע""\ם.",,ג'אמפ תפוזים 1.5 ליט,מיליליטרים,1500.00,"100 מ""ל",false,,7.50,0.0050,true,1,1437980
7290000136646,false,בירה נשר מאלט ללא אלכוהול 1.5 ליטר,"טמפו משקאות בע""\מ",,בירה שחורה נשר מאלט,מיליליטרים,1500.00,"100 מ""ל",false,,9.20,0.0061,true,1,1438189
7290000136653,false,בירה שחורה נשר מאלט דיאט בקבוק 1.5ל`,"טמפו משקאות בע""\מ",,בירה נשר מאלט דיאט 1,מיליליטרים,1500.00,"100 מ""ל",false,,9.20,0.0061,true,1,1437982
7290000136660,false,סודה טמפו ליטר וחצי,טמפו,,מי סודה טמפו 1.5 ליט,מיליליטרים,1500.00,"100 מ""ל",false,,3.80,0.0025,true,1,1438488
7290000136677,false,פפסי קולה פיקדון 1.5 ליטר,טמפו,,פפסי משקה קולה מוגז,מיליליטרים,1500.00,"100 מ""ל",false,,7.80,0.0052,true,1,1438489
7290000136684,false,פפסי מקס משקה מוגז דל קלוריות בטעם קולה,טמפו משקאות בע`מ,,פפסי מקס 1.5 ליטר,מיליליטרים,1500.00,"100 מ""ל",false,,7.80,0.0052,true,1,1438490
7290000136707,false,טמפו מירינדה 1.5 ליטר,טמפו,,מירנדה 1.5 ליטר,מיליליטרים,1500.00,"100 מ""ל",false,,7.80,0.0052,true,1,1438491
7290000136790,false,טמפו מי סודה 6*1.5 ליטר פיקדון,"טמפו משקאות בע""\מ",,מי סודה במארז טמפו 6,מיליליטרים,9000.00,"100 מ""ל",false,,17.70,0.0020,true,1,1437988
7290000136844,false,מארז מים מזוככים אקווה נובה שישיית 2 ליטר,"טמפו משקאות בע""\מ",,שישיית אקווה נובה 2,מיליליטרים,1200.00,"100 מ""ל",false,,13.70,0.0114,true,1,1437989
7290000136851,false,סבן אפ פיקדון 1.5 ליטר,טמפו משקאות בע`מ,,סבן אפ 1.5 ליטר,מיליליטרים,1500.00,"100 מ""ל",false,,7.80,0.0052,true,1,1438492
7290000136868,false,סאן בנדטו - מים מינרלים - מארז שישיית 1.5 ליטר,אקווה מינרלה סאן בנדטו ב,,מים מינרלים סאן בנדט,ליטרים,9.00,ליטר,false,,20.40,2.2667,true,1,1438395
7290000136875,false,שישיית מים מינרליים מוגזים סן בנדטו 1.5 ליטר,סאן בנדטו San Benedetto,,מים סן בנדטו מוגז 1.,מיליליטרים,9000.00,"100 מ""ל",false,,21.40,0.0024,true,1,1437990
7290000136936,false,דיאט סבן אפ 1.5 ליטר-,טמפו,,דיאט סבן אפ 1.5 ליטר,מיליליטרים,1500.00,"100 מ""ל",false,,7.20,0.0048,true,1,1438493
7290000137137,false,גבינת טוסטי בתפזורת,,,גבינת טוסטי בתפזורת,קילוגרמים,1.00,"ק""ג",true,,40.00,40.0000,true,1,1411310
7290000137513,false,גלידונית גלידה וניל בציפוי שוקולד 60 יח' קרמיסימו,"גלידת שטראוס בע""\מ, רחוב",,קרמיסימו גלידונית ונ,יחידה,60.00,יחידה,false,,43.90,0.7317,true,1,1416776
7290000139104,false,שלווה חיטה תפוחה מתוקה אשבול 230 גרם,"אשב""ל בע""מ",,שלווה חיטה תפוחה ומת,גרמים,230.00,100 גרם,false,,8.90,0.0387,true,1,1414440
7290000144160,false,"שמן זית כתית מעולה ארומתי עץ הזית 750 מ""ל","מרקאולאו, ספרד.אבסה,",,שמן זית ארומטי עץ הז,מיליליטרים,750.00,"100 מ""ל",false,,33.90,0.0452,true,1,1413153
7290000144474,false,שמן עץ הזית קנולה 1 ליטר בריאות מהטבע,סוגת תעשיות בעמ,,שמן קנולה בריאות עץ,מיליליטרים,1000.00,"100 מ""ל",false,,15.90,0.0159,true,1,1413155
7290000146980,false,פלאוריד משחת שיניים ס.וויט 100מל,עיסא ערטול בעמ-סוכן הנקל סוד,,משחת שיניים פלאוריד,מיליליטרים,100.00,"100 מ""ל",false,,6.90,0.0690,true,1,1417107
7290000158105,false,שניצל עוף מיני דינוזאור ללא אנטיביוטיקה מ100% ר.טבעי,קבוצת אסם סחר שות. מוגבלת,,שניצל עוף מיני דינוז,גרמים,700.00,100 גרם,false,,34.90,0.0499,true,1,1407007
7290000161358,false,מיונז אמיתי משמן קנולה תלמה (500 גרם),"יוניליוור ישראל שיווק בע""מ",,מיונז אמיתי שמן קנול,גרמים,500.00,100 גרם,false,,12.90,0.0258,true,1,1409649
7290000168173,false,"ברנפלקס קרנצ'ים תלמה בד""ץ 375 גרם",יוניליוור ישראל שיווק בעמ,,ברנפלקס קרנצ'ים תלמה,גרמים,375.00,100 גרם,false,,20.90,0.0557,true,1,1409666
7290000169798,false,"עוגי מופחת סוכר 20% פצפוצי שוקו' 500ג' בד""צ",יוניליוור ישראל שיווק בע`מ,,עוגי תלמה 500 גרם,גרמים,500.00,100 גרם,false,,19.90,0.0398,true,1,1409672
7290000174723,false,שוקולית אבקה להכנת משקה שוקו 500 גרם,הנסיך- מפעל לייצור ט,,שוקולית קופסא עלית 5,גרמים,500.00,100 גרם,false,,11.90,0.0238,true,1,1416451
7290000175777,false,איבריקו ויליפוד31%,,,גבינת איבריקו,קילוגרמים,1.00,"ק""ג",true,,109.00,109.0000,true,1,1421793
7290000176079,false,קפה טורקי עם הל עלית (100 גרם),הנסיך- מפעל לייצור ט,,קפה טורקי עם הל 100,גרמים,100.00,100 גרם,false,,8.90,0.0890,true,1,1416453
7290000176147,false,קפה לפילטר קלוי וטחון מוקה מספר 1 עלית 500 גרם,"שטראוס גרופ בע""מ",,קפה לפילטר 500 גרם,גרמים,500.00,100 גרם,false,,49.90,0.0998,true,1,1433733
7290000176420,false,קפה נמס פחית עלית 200 גרם,פיקסל אם.גי.אם בעמ,,קפה נמס עלית 200 גרם,גרמים,200.00,100 גרם,false,,19.90,0.0995,true,1,1416455
7290000176468,false,קפה נמס נטול קפאין 50 ג' קפה האג,"שטראוס גרופ בע""מ",,קפה נמס נטול האג עלי,גרמים,50.00,100 גרם,false,,10.90,0.2180,true,1,1416456
7290000178707,false,חטיף צ`יפס בטעם טבעי תפוצ`יפס (50 גרם),"שטראוס פריטו ליי בע""\מ )",,תפוציפס טבעי 50 גרם,גרמים,50.00,100 גרם,false,,4.00,0.0800,true,1,1406130
7290000178721,false,חטיף צ`יפס בטעם טבעי תפוצ`יפס (200 גרם),"שטראוס פריטו ליי בע""\מ )",,תפוציפס 200 גרם,גרמים,200.00,100 גרם,false,,10.90,0.0545,true,1,1406131
7290000185590,false,סילאן טבעי בבקבוק לחיץ 650 גרם,"טעמי הגליל בע""\מ עבור וי",,סילאן טבעי בבקבוק לח,גרמים,635.00,100 גרם,false,,19.90,0.0313,true,1,1434198
7290000189045,false,הולנדית,,,הולנדית,קילוגרמים,1.00,"ק""ג",true,,49.90,49.9000,true,1,1419706
7290000191187,false,הרינג ים תיכוני מלוח,,,הרינג ים תיכוני מלוח,קילוגרמים,1.00,"ק""ג",true,,33.90,33.9000,true,1,1420827
7290000197425,false,חיתולים פרידום דריי שלב 3 האגיס 52 יחידות,קימברלי קלארק ישראל שיווק בעמ,,האגיס פרידום דריי של,יחידה,54.00,יחידה,false,,44.90,0.8315,true,1,1408715
7290000198109,false,צלעות אסאדו מעושנות,,,צלעות אסאדו מעושנות,קילוגרמים,1.00,"ק""ג",true,,139.00,139.0000,true,1,1438466
7290000204611,false,שישיית ספוגית הקסם ניקול 6 יחידות,קימברלי קלארק ישראל שיווק בעמ,,ספוגית הקסם ניקול 6,יחידה,6.00,יחידה,false,,10.90,1.8167,true,1,1408745
7290000207162,false,רוטב עגבניות מרכיב טבעי 100 ג' יכין,זנלכול יכין,,רוטב עגבניות יכין 22,גרמים,100.00,100 גרם,false,,2.50,0.0250,true,1,1414587
7290000208075,false,ברינזה צאן,,,ברינזה צאן,קילוגרמים,1.00,"ק""ג",true,,69.90,69.9000,true,1,1419489
7290000208114,false,"אפונה וגזר יכין A2 פ""ק בית יוסף",זנלכול יכין,,אפונה וגזר יכין 550,גרמים,335.00,100 גרם,false,,8.50,0.0254,true,1,1409532
7290000208213,false,שעועית לבנה אפויה A2 ברוטב עגבניות יכין 560ג',היינץ צפון אמריקה מק,,שעועית לבנה רוטב עגב,גרמים,355.00,100 גרם,false,,8.90,0.0251,true,1,1414557
7290000208312,false,גרעיני תירס מתוק בואקום יכין 400 גר',"זנלכל בע""\מ",,גרעיני תירס מתוק יכי,גרמים,245.00,100 גרם,false,,6.90,0.0282,true,1,1427732
7290000208329,false,גרעיני תירס מתוק יכין (550 גרם),זנלכול יכין,,גרעיני תירס מתוק יכי,גרמים,335.00,100 גרם,false,,8.50,0.0254,true,1,1409536
7290000208336,false,רסק יכין 240גר 22% יכין בית יוסף,"זנלכל בע""\מ",,יכין רוטב עגבניות 26,גרמים,260.00,100 גרם,false,,4.50,0.0173,true,1,1427733
7290000208428,false,גרגרי חומוס שלם 550 גרם יכין,היינץ צפון אמריקה מק,,חומוס שלם יכין 550 ג,גרמים,290.00,100 גרם,false,,8.90,0.0307,true,1,1414558
7290000208947,false,עגבניות מרוסקות יכין (240 גרם),היינץ צפון אמריקה מק,,עגבניות מרוסקות יכין,גרמים,260.00,100 גרם,false,,6.50,0.0250,true,1,1409542
7290000209012,false,חומץ 1ליטר יכין הדרים,"זנלכל בע""\מ",,חומץ 5% יכין 1 ליטר,מיליליטרים,1000.00,"100 מ""ל",false,,5.90,0.0059,true,1,1409543
7290000209043,false,מיץ לימון משומר לתיבול יכין (1 ליטר),היינץ צפון אמריקה מק,,מיץ לימון משומר יכין,מיליליטרים,1000.00,"100 מ""ל",false,,6.90,0.0069,true,1,1409544
7290000209371,false,מארז גרעיני תירס מתוק יכין (200x3 גרם),היינץ צפון אמריקה מק,,גרעיני תירס מתוק יכי,גרמים,420.00,100 גרם,false,,14.90,0.0355,true,1,1409545
7290000209722,false,רוטב עגבניות 28% יכין (580 גרם)פריכוז,"זנלכל בע""\מ",,רוטב עגבניות פריכוז,גרמים,580.00,100 גרם,false,,10.90,0.0188,true,1,1409555
7290000209944,false,רוטב לעגבניות בסיס לשקשוקה 240 ג' יכין,"זנלכל בע""\מ",,רוטב עגבניות לשקשוקה,גרמים,260.00,100 גרם,false,,6.50,0.0250,true,1,1427737
7290000209951,false,רוטב עגבניות לפיצה 260 גרם יכין,"זנלכל בע""\מ",,רוטב עגבניות לפיצה י,גרמים,260.00,100 גרם,false,,6.50,0.0250,true,1,1427738
7290000211169,false,"אורז תאילנדי אחד אחד סוגת 1 ק""ג",האי נאם סי או אל.טי.,,אורז תאילנדי סוגת 1,גרמים,1000.00,100 גרם,false,,6.90,0.0069,true,1,1413156
7290000211312,false,סוגת אורז מלא פרסי אחד אחד 1 קג,האי נאם סי או אל.טי.,,אורז מלא ארוך סוגת 1,גרמים,1000.00,100 גרם,false,,8.90,0.0089,true,1,1413157
7290000211442,false,אורז בסגנון פרסי קלאסי סוגת (1 קג),האי נאם סי או אל.טי.,,אורז פרסי קלאסי סוגת,גרמים,1000.00,100 גרם,false,,10.90,0.0109,true,1,1413158
7290000211503,false,סוכר לבן ארוז בשקית,"סוגת תעשיות בע""\מ",,"סוכר לבן נייר 1 ק""ג",גרמים,1000.00,100 גרם,false,,4.50,0.0045,true,1,1413159
7290000211985,false,אורז עגול ריזוטו אחד אחד 1 קג,"סוגת תעשיות בע""\מ",,אורז לבן עגול סוגת 1,גרמים,1000.00,100 גרם,false,,9.90,0.0099,true,1,1413160
7290000225278,false,סיימן מסוג דנבלו 27%,,,דנאבלו נטו,קילוגרמים,1.00,"ק""ג",true,,59.90,59.9000,true,1,1427898
7290000226514,false,עוגת דובוש טעם ריבת חלב קפולסקי 450 גרם,תופינים מקבוצת קפולסקי,,עוגת דובוש טעם ריבת,גרמים,450.00,100 גרם,false,,39.90,0.0887,true,1,1437046
7290000226545,false,"עוגת טורט היער השחור קפולסקי 1 ק""ג",קפולסקי שיווק וקמעונ,,עוגת טורט היער השחור,יחידה,1000.00,יחידה,false,,64.90,0.0649,true,1,1437047
7290000226552,false,קפולסקי עוגת טורט ריבת חלב+ קוקוס קפוא,קפולסקי שיווק וקמעונ,,עוגת טורט טעם ריבת ח,גרמים,1000.00,100 גרם,false,,64.90,0.0649,true,1,1437048
7290000226569,false,עוגת טורט קצפת שוקולד קפולסקי (1 קג),תופינים מקבוצת קפולסקי,,עוגת טורט קצפת שוקול,קילוגרמים,1.00,"ק""ג",false,,64.90,64.9000,true,1,1437049
7290000226576,false,"עוגת טורט מצופה שוקולד קפולסקי 1 ק""ג",תופינים מקבוצת קפולסקי,,עוגת טורט מצופה שוקו,יחידה,1000.00,יחידה,false,,64.90,0.0649,true,1,1437050
7290000238029,false,"בצק עלים צרפתי מרודד מעדנות 1 ק""ג",תנובה מרכז שיתופי לשיווק תוצרת,,בצק עלים צרפתי מרודד,גרמים,1000.00,100 גרם,false,,21.90,0.0219,true,1,1411754
7290000238036,false,מלאווח מעדנות 6 יח`700 גרם קפוא,תנובה מרכז שיתופי לשיווק תוצרת,,מלאווח מעדנות 700 גר,גרמים,700.00,100 גרם,false,,16.90,0.0241,true,1,1411755
7290000238173,false,.בורקס במילוי גבינה 800 גרם מעדנות,מיוצר עי קונדיטוריית,,בורקס גבינה מעדנות 8,גרמים,800.00,100 גרם,false,,19.90,0.0249,true,1,1411756
7290000238180,false,בורקס במילוי תפוא 800 גרם מעדנות,מיוצר עי קונדיטוריית,,בורקס תפוחי אדמה מעד,גרמים,800.00,100 גרם,false,,18.90,0.0236,true,1,1411757
7290000245287,false,"פרסיל אבקת כביסה 1.250 ק""ג קולור ויניגר",גורי שיווק בעמ,,פרסיל אבקת כביסה 1.2,גרמים,1250.00,100 גרם,false,,15.90,0.0127,true,1,1408817
7290000245294,false,"פרסיל אבקת כביסה סופרא 2.5ק""ג",גורי שיווק בעמ,,פרסיל אבקת כביסה 2.5,גרמים,2500.00,100 גרם,false,,24.90,0.0100,true,1,1430116
7290000245539,false,"קומפקט סוד 1.250 ק""ג קולור לכביסה צבעונית",גורי שיווק בעמ,,סוד אבקת כביסה קולור,גרמים,1250.00,100 גרם,false,,12.90,0.0103,true,1,1408821
7290000245799,false,סוד סופט מרכך כביסה כחול 4 ליטר,גורי שיווק בעמ,,מרכך כביסה סוד כחול,מיליליטרים,4000.00,"100 מ""ל",false,,17.90,0.0045,true,1,1414568
7290000256180,false,גאודה הולנדית,,,גאודה הולנדית,קילוגרמים,1.00,"ק""ג",true,,79.90,79.9000,true,1,1419526
7290000256197,false,גאודה עיזים הולנדית,,,"גאודה עיזים 4.5 ק""ג",קילוגרמים,1.00,"ק""ג",true,,99.00,99.0000,true,1,1429070
7290000258118,false,גבינת קממבר בקר משק,,,מעדניה - קממבר,קילוגרמים,1.00,"ק""ג",true,,89.90,89.9000,true,1,1433206
7290000258347,false,מעדניה - שמנת ירקות,,,מעדניה - שמנת ירקות,קילוגרמים,1.00,"ק""ג",true,,34.90,34.9000,true,1,1433210
7290000258514,false,גבינת ריקוטה משק יעק,,,מעדניה - ריקוטה,קילוגרמים,1.00,"ק""ג",true,,34.90,34.9000,true,1,1433212
7290000258996,false,מעדניה - שמנת שום שמ,,,מעדניה - שמנת שום שמ,קילוגרמים,1.00,"ק""ג",true,,34.90,34.9000,true,1,1433217
7290000261015,false,עוף מס' 1 קפוא חתם ס,,,עוף מס' 1 קפוא חתם ס,קילוגרמים,1.00,"ק""ג",true,,19.90,19.9000,true,1,1428302
7290000261017,false,כרעיים עוף ארוז קפוא,,,כרעיים עוף ארוז קפוא,קילוגרמים,1.00,"ק""ג",true,,24.90,24.9000,true,1,1428304
7290000261018,false,חזה עוף ארוז קפוא חת,,,חזה עוף ארוז קפוא חת,קילוגרמים,1.00,"ק""ג",true,,23.90,23.9000,true,1,1428305
7290000261023,false,שניצל עוף פרוס ארוז,,,שניצל עוף פרוס ארוז,קילוגרמים,1.00,"ק""ג",true,,26.90,26.9000,true,1,1428310
7290000272696,false,מיץ לימון טבעי משומר 1 ליטר עסיס כלפ,קבוצת אוסם סחר שותפות מוגבלת,,מיץ לימון משומר מרכז,מיליליטרים,1000.00,"100 מ""ל",false,,9.90,0.0099,true,1,1407016
7290000272726,false,חומץ רכיבים רכיבים טבעיים 5% עסיס 1 ליטר,קבוצת אוסם סחר שותפות מוגבלת,,חומץ טבעי 5% עסיס 1,מיליליטרים,1000.00,"100 מ""ל",false,,6.90,0.0069,true,1,1407017
7290000277064,false,גבינה צהובה ריץ,,,גבינה צהובה ריץ,קילוגרמים,1.00,"ק""ג",true,,36.90,36.9000,true,1,1408897
7290000288048,false,ז`אוול מרסס לניקוי כללי לבנדר סנו (1 ליט,החברה הדרומית לשיווק בעמ,,מרסס לבנדר JAVEL 1 ל,מיליליטרים,750.00,"100 מ""ל",false,,18.90,0.0252,true,1,1410044
7290000288109,false,"אבקת כביסה מקסימה אפקט ג''אוול 1.25 ק""ג סנו",החברה הדרומית לשיווק בעמ,,אבקת כביסה סנו מקסימ,גרמים,1250.00,100 גרם,false,,14.90,0.0119,true,1,1410046
7290000288352,false,"קוטל חרקים וזוחלים K-300 סנו 630 מ""ל",החברה הדרומית לשיווק בעמ,,קוטל חרקים קיי - 300,מיליליטרים,630.00,"100 מ""ל",false,,21.90,0.0348,true,1,1410047
7290000288352,false,"קוטל חרקים וזוחלים K-300 סנו 630 מ""ל",החברה הדרומית לשיווק בעמ,,קוטל חרקים קיי - 300,מיליליטרים,630.00,"100 מ""ל",false,,21.90,0.0348,true,1,1423177
7290000288383,false,"קוטל נמלים ותיקנים K-500 סנו 400 מ""ל",החברה הדרומית לשיווק בעמ,,קוטל נמלים ותיקנים ק,מיליליטרים,400.00,"100 מ""ל",false,,22.90,0.0572,true,1,1410048
7290000288413,false,סנו-די דוחה יתושים כדורי סנו (50 מל),החברה הדרומית לשיווק בעמ,,דוחה יתושים רול און,מיליליטרים,50.00,"100 מ""ל",false,,21.90,0.4380,true,1,1410049
7290000289069,false,סנו - ז'אוול מרסס קצף ניקוי בתוספת אקונומיקה בריח לימון 1 ליטר,החברה הדרומית לשיווק בעמ,,מרסס לימון JAVEL 1 ל,מיליליטרים,1000.00,"100 מ""ל",false,,18.90,0.0189,true,1,1410051
7290000289748,false,"מסיר שומנים לתנורים פורטה פלוס סנו 750 מ""ל",החברה הדרומית לשיווק בעמ,,מסיר שומנים פורטה פל,מיליליטרים,750.00,"100 מ""ל",false,,14.90,0.0199,true,1,1410055
7290000292311,false,פוליויקס נוזל רצפות בניחוח סחלבים סנו 2 ליטר,החברה הדרומית לשיווק בעמ,,פוליווקס סחלבים 2 לי,מיליליטרים,2000.00,"100 מ""ל",false,,21.90,0.0109,true,1,1410059
7290000292687,false,סנובון מוצק לניקוי אסלה קלאסיק כחול סנו 3 יחידות,החברה הדרומית לשיווק בעמ,,סנובון כחול לניקוי ה,גרמים,165.00,100 גרם,false,,16.90,0.1024,true,1,1410061
7290000293943,false,"מרסס לבן מסיר אבנית 1 ליטר אנטי קאלק ""סנו""",החברה הדרומית לשיווק בעמ,,אנטי קאלק מרסס 1 ליט,מיליליטרים,1000.00,"100 מ""ל",false,,17.90,0.0179,true,1,1410066
7290000295336,false,סנו מקסימה אבקת כביסה סנסטיב מילוי1.25,החברה הדרומית לשיווק בעמ,,מקסימה אבקת כביסה 1.,גרמים,1250.00,100 גרם,false,,14.90,0.0119,true,1,1410068
7290000295343,false,"אבקת כביסה מקסימה ביו 1.25 ק""ג סנו",החברה הדרומית לשיווק בעמ,,מקסימה אבקת כביסה 1.,גרמים,1250.00,100 גרם,false,,14.90,0.0119,true,1,1410069
7290000295367,false,"מקסימה אבקת כביסה אפקט ז'אוול סנו 2.5 ק""ג",החברה הדרומית לשיווק בעמ,,מקסימה אבקת כביסה זא,גרמים,2500.00,100 גרם,false,,25.90,0.0104,true,1,1410070
7290000295404,false,שקיות אשפה עם שרוך 54 * 65 סנו סושי 60 יחידות,החברה הדרומית לשיווק בעמ,,סנו סושי 60 שקיות אש,יחידה,60.00,יחידה,false,,23.90,0.3983,true,1,1410071
7290000300900,false,שניצל תירס מרכיבים טבעיים טבעול 750 גרם,קבוצת אוסם סחר שותפות מוגבלת,,שניצל תירס הסדרה הקל,גרמים,750.00,100 גרם,false,,27.90,0.0372,true,1,1407022
7290000311128,false,עוגיות מובחרות בטעם חמאה מן (300 גרם),רוקחמן בעמ מפעל לייצור ופלים ו,,עוגיות בטעם חמאה פרו,גרמים,300.00,100 גרם,false,,7.90,0.0263,true,1,1418993
7290000311180,false,ופל ופליתעשיריות מן 250 גרם מארז 10 יחידות,ח.כהן סוכנות מזון ומשקאות בע,,וופל מן עוגיות 250 ג,יחידה,20.00,יחידה,false,,8.50,0.4250,true,1,1418996
7290000311203,false,"וופלים בטעם שוקולד ""מן"" 200 גרם",רוקחמן בעמ מפעל לייצור ופלים ו,,וופלים בטעם שוקולד מ,גרמים,200.00,100 גרם,false,,5.50,0.0275,true,1,1413161
7290000311210,false,"וופלים בטעם לימון ""מן"" 200 גרם",רוקחמן בעמ מפעל לייצור ופלים ו,,ופל לימון מן 200 גרם,גרמים,200.00,100 גרם,false,,5.50,0.0275,true,1,1413162
7290000311227,false,"וופלים במילוי קרם קפה ""מן"" 200 גרם",ח.כהן סוכנות מזון ומשקאות בע,,וופלים עם קפה מן 200,גרמים,200.00,100 גרם,false,,5.50,0.0275,true,1,1418997
7290000311470,false,מיני ופלים בטעם שוקולד ללא סוכר מן 200 גרם,"רוקחמן בע""מ",,מיני וופלים בטעם שוק,גרמים,200.00,100 גרם,false,,12.90,0.0645,true,1,1440851
7290000311500,false,וופלים מן שוקו ללא כולסטרול 500 גרם,רוקחמן בעמ מפעל לייצור ופלים ו,,ופלים שוקולד מן 500,גרמים,500.00,100 גרם,false,,9.90,0.0198,true,1,1419005
7290000311708,false,מן עוגיות מחיטה מלאה 300 גרם*נ.ל.פ,רוקחמן בעמ מפעל לייצור ופלים ו,,עוגיות חיטה מלאה מן,גרמים,300.00,100 גרם,false,,7.90,0.0263,true,1,1419007
7290000311715,false,מן עוגיות כוכבים בטעם שוקולד 300 גרם*נ.ל.פ,רוקחמן בעמ מפעל לייצור ופלים ו,,עוגיות כוכבים בטעם ש,גרמים,300.00,100 גרם,false,,7.90,0.0263,true,1,1419008
7290000311722,false,מן עוגיות כוכבים וניל 300 גרם,רוקחמן בעמ מפעל לייצור ופלים ו,,עוגיות כוכבים מן 300,גרמים,300.00,100 גרם,false,,7.90,0.0263,true,1,1419009
7290000311845,false,מן עוגיות חיטה מלאה ללא תוספת סוכר 200 ג,רוקחמן בעמ מפעל לייצור ופלים ו,,עוגיות חיטה מלאה ללא,גרמים,200.00,100 גרם,false,,11.90,0.0595,true,1,1419012
7290000311876,false,מן-וופלים בטעם וניל ללא תוספת סוכר 180ג,"רוקחמן בע""מ",,ופלים בטעם וניל ללא,גרמים,180.00,100 גרם,false,,9.90,0.0550,true,1,1419014
7290000311883,false,עוגיות גרנולה ללא תוספת סוכר מן 200 גרם,רוקחמן בעמ מפעל לייצור ופלים ו,,עוגיות גרנולה ללא תו,גרמים,200.00,100 גרם,false,,11.90,0.0595,true,1,1419015
7290000313184,false,עוגיות חברים גן חיות וניל אסם 250 גר',קבוצת אוסם סחר שותפות מוגבלת,,עוגיות גן חיות בטעם,גרמים,250.00,100 גרם,false,,7.90,0.0316,true,1,1407026
7290000313290,false,אסם נודלס נודלס איטריות מסולסלות 200גר,קבוצת אוסם סחר שותפות מוגבלת,,נודלס אטריות מסולסלו,גרמים,200.00,100 גרם,false,,9.90,0.0495,true,1,1407027
7290000315133,false,קנור ציר בקר משחתי 300ג,יוניליוור ישראל שיווק בע`מ,,ציר בקר קנור 300 גרם,גרמים,300.00,100 גרם,false,,24.20,0.0807,true,1,1422716
7290000318011,false,נקניקיות עוף והודו ע,,,נקניקיות עוף והודו ע,גרמים,1000.00,100 גרם,false,,19.90,0.0199,true,1,1414513
7290000318103,false,פסטרמה ברביקיו מעדניה,מעדני יחיעם ( 1993 ) בע`מ,,פסטרמה ברביקיו,קילוגרמים,1.00,"ק""ג",true,,79.90,79.9000,true,1,1414504
7290000318127,false,נקניקיות ביס יחיעם (380 גרם),מעדני יחיעם (1993) בעמ,,נקניקיות ביס ללא גלו,גרמים,380.00,100 גרם,false,,11.90,0.0313,true,1,1414514
7290000318677,false,נקניק סלמי סרוולט יחיעם 150 גרם,מעדני יחיעם (1993) בעמ,,סלמי סרוולט בפריסה ד,גרמים,150.00,100 גרם,false,,24.90,0.1660,true,1,1414517
7290000318806,false,נקניק סרוולד סלמי מעדניה,מעדני יחיעם ( 1993 ) בע`מ,,סלמי סרוולט,קילוגרמים,1.00,"ק""ג",true,,129.90,129.9000,true,1,1414505
7290000318929,false,סלמי צרפתי מובחר במשקל,מעדני יחיעם ( 1993 ) בע`מ,,סלמי צרפתי,קילוגרמים,1.00,"ק""ג",true,,129.90,129.9000,true,1,1414507
7290000318943,false,פסטרמה של פעם מעושן 1.5% יחיעם 200 גרם,מעדני יחיעם ( 1993 ) בע`מ,,פסטרמה של פעם יחיעם,גרמים,200.00,100 גרם,false,,23.90,0.1195,true,1,1414519
7290000319131,false,נקניקיות עוף יחיעם 400 גרם,מעדני יחיעם (1993) בעמ,,נקניקיות עוף ללא גלו,גרמים,400.00,100 גרם,false,,11.90,0.0298,true,1,1414521
7290000319292,false,"נקניקיות וינר פלוס יחיעם 1 ק""ג",מעדני יחיעם (1993) בעמ,,נקניקיות וינר פלוס ע,גרמים,1000.00,100 גרם,false,,19.90,0.0199,true,1,1414522
7290000319315,false,נקניקיות קראנץ 1 קג,,,נקניקיות קראנץ 1 קג,גרמים,1000.00,100 גרם,false,,19.90,0.0199,true,1,1414523
7290000319391,false,"נקנקיות צ'ופר 1 ק""ג יחיעם",מעדני יחיעם (1993) בעמ,,נקניקיות צ'ופר עוף ו,גרמים,1000.00,100 גרם,false,,19.90,0.0199,true,1,1414524
7290000319520,false,נקניק סלמי צרפתי יחיעם 100 גרם,מעדני יחיעם (1993) בעמ,,סלמי בסגנון צרפתי 25,גרמים,100.00,100 גרם,false,,19.90,0.1990,true,1,1414525
7290000334325,false,ציפס למיקרו מארז שלישיה 125 ג' תפוגן,קבוצת אוסם סחר שותפות מוגבלת,,תפוגן צ'יפס מיקרוגל,גרמים,375.00,100 גרם,false,,13.90,0.0371,true,1,1407031
7290000334684,false,תפוגן טבעות בצל לתנור 700 גרם,קבוצת אוסם סחר שותפות מוגבלת,,טבעות בצל תפוגן 700,גרמים,700.00,100 גרם,false,,17.90,0.0256,true,1,1407032
7290000339191,false,רן אבקת הלבנה לכביסה 350 גרם,יוניליוור ישראל שיווק בע`מ,,אבקת הלבנה רן 350 גר,גרמים,350.00,100 גרם,false,,17.90,0.0511,true,1,1409677
7290000343018,false,סולוגוני,,,סולוגוני,קילוגרמים,1.00,"ק""ג",true,,59.90,59.9000,true,1,1419493
7290000343032,false,גבינה עיראקית,,,גבינה עיראקית,קילוגרמים,1.00,"ק""ג",true,,49.90,49.9000,true,1,1419494
7290000343124,false,שמנת חמוצה,,,שמנת חמוצה,קילוגרמים,1.00,"ק""ג",true,,16.90,16.9000,true,1,1419498
7290000343148,false,סליפקי,,,סליפקי,קילוגרמים,1.00,"ק""ג",true,,37.90,37.9000,true,1,1421529
7290000343186,false,אורדה,,,אורדה,קילוגרמים,1.00,"ק""ג",true,,34.90,34.9000,true,1,1419500
7290000343735,false,בולגרית רכה 5%,,,בולגרית רכה 5%,קילוגרמים,1.00,"ק""ג",true,,42.90,42.9000,true,1,1419502
7290000345060,false,"מאסדם ק""ג",,,"מאסדם ק""ג",קילוגרמים,1.00,"ק""ג",true,,79.90,79.9000,true,1,1408898
7290000345208,false,תה כחול קלאסיק ויסוצקי 25 יחידות,תה ויסוצקי (ישראל) בעמ,,תה קלאסיק מעודן ויסו,יחידה,25.00,יחידה,false,,7.40,0.2960,true,1,1406642
7290000345284,false,תה ויסוצקי קלאסי אריזה ירוקה מרובעת (100 שקיקים),תה ויסוצקי (ישראל) בעמ,,תה קלאסי טעם עשיר וי,יחידה,100.00,יחידה,false,,16.90,0.1690,true,1,1406645
7290000345291,false,תה ארל גרי 1.5/ 25 שקיקים ויסוצקי,תה ויסוצקי (ישראל) בעמ,,תה ארל גריי ויסוצקי,יחידה,25.00,יחידה,false,,15.90,0.6360,true,1,1406646
7290000346137,false,חליטת הילולי פירות הגן הקסום ויסוצקי 25 יחידות,תה ויסוצקי (ישראל) בעמ,,חליטת הילולי פירות ה,יחידה,25.00,יחידה,false,,17.90,0.7160,true,1,1406648
7290000346199,false,חליטת פירות יער הגן הקסום ויסוצקי 25 יחידות,תה ויסוצקי (ישראל) בעמ,,חליטת פירות וצמחים פ,יחידה,25.00,יחידה,false,,17.90,0.7160,true,1,1406649
7290000347738,false,תה ירוק בתוספת עלי נענע 25 שקיקים,תה ויסוצקי (ישראל) בעמ,,תה ירוק נענע ויסוצקי,יחידה,25.00,יחידה,false,,24.90,0.9960,true,1,1406654
7290000347752,false,תה ירוק לימונית ולואיזה 25 שקיקים *1.5 ג'' ויסוצקי,תה ויסוצקי (ישראל) בעמ,,תה ירוק לימונית ולוא,יחידה,25.00,יחידה,false,,24.90,0.9960,true,1,1406655
7290000356222,false,הרינג דונאי גדול,,,הרינג דונאי גדול,קילוגרמים,1.00,"ק""ג",true,,26.90,26.9000,true,1,1420192
7290000356234,false,מקרל מעושן בוואקום ק,,,מקרל מעושן בוואקום ק,קילוגרמים,1.00,"ק""ג",true,,69.90,69.9000,true,1,1433215
7290000356258,false,מקרל מעושן בינוני,,,מקרל מעושן בינוני,קילוגרמים,1.00,"ק""ג",true,,54.90,54.9000,true,1,1420194
7290000356289,false,פילה הרינג מעושן,,,פילה הרינג מעושן,קילוגרמים,1.00,"ק""ג",true,,65.90,65.9000,true,1,1420195
7290000356418,false,פילה הרינג בשמן,,,פילה הרינג בשמן,קילוגרמים,1.00,"ק""ג",true,,48.90,48.9000,true,1,1420197
7290000356425,false,פילה הרינג בסגנון מט,,,פילה הרינג בסגנון מט,קילוגרמים,1.00,"ק""ג",true,,48.90,48.9000,true,1,1420198
7290000356500,false,קילקה מתובל בלי ראש,,,קילקה מתובל בלי ראש,קילוגרמים,1.00,"ק""ג",true,,49.90,49.9000,true,1,1433248
7290000356630,false,פילה הרינג כבוש,,,פילה הרינג כבוש,קילוגרמים,1.00,"ק""ג",true,,49.90,49.9000,true,1,1420201
7290000356715,false,סאלאקה מעושנת,,,סאלאקה מעושנת,קילוגרמים,1.00,"ק""ג",true,,69.90,69.9000,true,1,1425542
7290000356951,false,פילה סלמון פרוס בעיש,,,סלמון מעושן פרוס למס,קילוגרמים,1.00,"ק""ג",true,,199.90,199.9000,true,1,1420203
7290000356999,false,לש מעושן,,,לש מעושן,קילוגרמים,1.00,"ק""ג",true,,74.90,74.9000,true,1,1420205
7290000363011,false,סלמי קוניאק מובחר טירת צבי במשקל,הנסיך- מפעל לייצור ט,,קוניאק מובחר,קילוגרמים,1.00,"ק""ג",true,,75.00,75.0000,true,1,1422484
7290000363400,false,סלמי פפרוני טירת צבי,הנסיך- מפעל לייצור ט,,נקניק סלמי פפרוני טי,קילוגרמים,1.00,"ק""ג",true,,75.00,75.0000,true,1,1422485
7290000363462,false,סלמי איטלקי מעושן ט.צבי,תנובה בשר,,סלמי איטלקי,קילוגרמים,1.00,"ק""ג",true,,75.00,75.0000,true,1,1411705
7290000363486,false,נקניק תה טירת צבי מע,תנובה בשר,,נקניק תה מעושן,קילוגרמים,1.00,"ק""ג",true,,44.90,44.9000,true,1,1411706
7290000363899,false,נקניקיות פיקנטיות טירת צבי 400 גרם,תנובה ענף ב.ע.ד,,נקניקיות הודו פיקנטי,גרמים,400.00,100 גרם,false,,13.90,0.0348,true,1,1411759
7290000364100,false,נקניק סלמי פריזר במש,טירת צבי,,פריזר,קילוגרמים,1.00,"ק""ג",true,,44.90,44.9000,true,1,1411707
7290000364131,false,סלמי פריזר כפרי טירת 400 ג' צבי,תנובה ענף ב.ע.ד,,סלמי פריזר כפרי טירת,גרמים,400.00,100 גרם,false,,13.90,0.0348,true,1,1427857
7290000364261,false,"דקניקים, סלסולי פסטרמה כתף בקר מעושנת 120 גרם",תנובה מרכז שיתופי לשיווק תוצרת,,דקניקים פסטרמה כתף ב,גרמים,120.00,100 גרם,false,,14.90,0.1242,true,1,1411761
7290000364285,false,דקניקים סלסולי פסטרמה הודו טירת צבי 120 גרם,תנובה מרכז שיתופי לשיווק תוצרת,,דקניקים פסטרמה הודו,גרמים,120.00,100 גרם,false,,14.90,0.1242,true,1,1411763
7290000364292,false,דקניקים סלסולי פסטרמה הודו על גחלים 1% טירת צבי 120 גרם,תנובה מרכז שיתופי לשיווק תוצרת,,דקניקים פסטרמה הודו,גרמים,120.00,100 גרם,false,,14.90,0.1242,true,1,1411764
7290000364544,false,פסטרמה עוף בגריל במש,טירת צבי,,פסטרמה עוף בגריל,קילוגרמים,1.00,"ק""ג",true,,85.00,85.0000,true,1,1421941
7290000364810,false,נקניקיות עגל 500 גרםטירת צבי,הנסיך- מפעל לייצור ט,,נקניקיות עגל 500 גרם,גרמים,500.00,100 גרם,false,,28.90,0.0578,true,1,1411712
7290000364858,false,"נקניקיות עוף טרי טירת צבי 1 ק""ג",הנסיך- מפעל לייצור ט,,"נקנ' עוף טרי 1 ק""ג",קילוגרמים,1.00,"ק""ג",false,,23.90,23.9000,true,1,1430013
7290000364872,false,נקניקיות עוף טירת צבי (400 גרם),טיב טירת צבי 2000,,נקניקיות עוף 400 גרם,גרמים,400.00,100 גרם,false,,11.90,0.0298,true,1,1411713
7290000365398,false,חזה הודו בדבשטירת צבי,תנובה בשר,,חזה הודו בדבש,קילוגרמים,1.00,"ק""ג",true,,85.00,85.0000,true,1,1411714
7290000365756,false,פסטרמה על גחלים ד.ש משקל,תנובה קפואים,,פסטרמה ברביקיו דל שו,קילוגרמים,1.00,"ק""ג",true,,85.00,85.0000,true,1,1421942
7290000365817,false,המבורגר טירת צבי 500ג',הנסיך- מפעל לייצור ט,,המבורגר טירת צבי 500,גרמים,500.00,100 גרם,false,,17.90,0.0358,true,1,1427858
7290000365909,false,פסטרמה הודו מעושנתטירת צבי,טירת- צבי,,פסטרמה טבעית,קילוגרמים,1.00,"ק""ג",true,,85.00,85.0000,true,1,1411715
7290000365954,false,פסטרמה גחלים טירת צבי,תנובה בשר,,פסטרמה גחלים,קילוגרמים,1.00,"ק""ג",true,,85.00,85.0000,true,1,1411716
7290000367590,false,פסטרמה כפרית וסלמי פריזר כפרי טירת צבי 2*400 גרם,תנובה מרכז שיתופי לשיווק תוצרת,,פסטרמה כפרית וסלמי פ,גרמים,800.00,100 גרם,false,,29.90,0.0374,true,1,1422732
7290000370475,false,מב גבינה כחולה עם עו,,,מעדניה - גבינה כחולה,קילוגרמים,1.00,"ק""ג",true,,109.00,109.0000,true,1,1433133
7290000370512,false,גבינת פרמז'ן שקיל שמ,,,גבינת פרמז'ן שקיל שמ,קילוגרמים,1.00,"ק""ג",true,,99.00,99.0000,true,1,1433800
7290000370543,false,גבינת מנצ'גו מחלב כב,,,גבינת מנצ'גו מחלב כב,קילוגרמים,1.00,"ק""ג",true,,99.90,99.9000,true,1,1433801
7290000370598,false,גבינת גאודה מהולנד 3,,,גבינת גאודה מהולנד 3,קילוגרמים,1.00,"ק""ג",true,,69.00,69.0000,true,1,1433806
7290000370628,false,רמי לוי - גבינת קשקב,,,רמי לוי - גבינת קשקב,קילוגרמים,1.00,"ק""ג",true,,69.00,69.0000,true,1,1433809
7290000371571,false,פסט.פרגיות לבאגט ט.צ,,,פסטרמה פרגיות לבאגט,קילוגרמים,1.00,"ק""ג",true,,85.00,85.0000,true,1,1411719
7290000379258,false,"חלה מתוקה קונדטוריה ארוזה ""אנג'ל""",מאפיית שלמה א. אנג'\ל בע,,חלה קונדיטוריה ארוזה,גרמים,500.00,100 גרם,false,,13.80,0.0276,true,1,1429094
7290000395408,false,גבינה צהובה נעם 28%,,,גבינה צהובה נעם 28%,קילוגרמים,1.00,"ק""ג",true,,44.79,44.7900,true,1,1413580
7290000395415,false,"חריץ גבנ""צ 9% נעם ק""",,,"חריץ גבנ""צ 9% נעם ק""",קילוגרמים,1.00,"ק""ג",true,,89.90,89.9000,true,1,1422492
7290000395422,false,גבינה צהובה נעם 22%,,,גבינה צהובה נעם 22%,קילוגרמים,1.00,"ק""ג",true,,42.50,42.5000,true,1,1413581
7290000408316,false,יוגורט דנונה דל לקטוז 200 גרם,שטראוס גרופ בעמ/מצונן,,יוגורט דנונה ביו 3%,גרמים,200.00,100 גרם,false,,3.70,0.0185,true,1,1405578
7290000408354,false,יוגורט עם אורז מצופה שוקולד קקאו 175 ג' דנונה,שטראוס גרופ בעמ/מצונן,,דנונה בר פצפוצים 173,גרמים,173.00,100 גרם,false,,4.60,0.0266,true,1,1405579
7290000416021,false,ממרח בטעם שוקולד השחר העולה (500 גרם),השחר העולה תעשית ממתקים בעמ,,ממרח שוקולד השחר 500,גרמים,500.00,100 גרם,false,,13.90,0.0278,true,1,1413164
7290000416618,false,"ממרח שוקולד פרווה השחר 400 גרם כשל""פ",השחר העולה תעשית ממתקים בעמ,,שוקולד השחר פרווה 40,גרמים,400.00,100 גרם,false,,12.90,0.0323,true,1,1413165
7290000419107,false,לנדוור קפה מקורי לבוקר טחון טורקי 100 גרם,קפה לנדוור בע''מ,,קפה שחור לנדוור המקו,גרמים,100.00,100 גרם,false,,8.90,0.0890,true,1,1407036
7290000419909,false,לנדוור קפה שחור לבוקר טחון טורקי 100 גרם,מולינו ניקולי s.p.a,,קפה שחור בטעם אספרסו,גרמים,100.00,100 גרם,false,,7.90,0.0790,true,1,1428189
7290000420325,false,"פופסטאר פופקורן למקירוגל בטעם טבעי 5 שקיות,500 גרם","דנשר (1963) בע,מ",,פופקורן טבעי למיקרוג,יחידה,5.00,יחידה,false,,13.90,2.7800,true,1,1410381
7290000420332,false,פופסטאר פופקורן למיקרוגל בטעם חמאה 5 יחידות 500 גרם,"דנשר (1963) בע,מ",,פופקורן חמאה למיקרוג,יחידה,5.00,יחידה,false,,13.90,2.7800,true,1,1410382
7290000420417,false,גלילונית שקיות אשפה 52X65 עם שרוך 60 יחידות,"איטיליאן פוד, אס.פי.",,שקיות אשפה עם שרוך 5,יחידה,60.00,יחידה,false,,19.90,0.3317,true,1,1431351
7290000450308,false,פוסידון טונה בהירה במי מלח 77 גרם,ויליגר בעמ עבור נטו,,נתחי טונה בהירה במי,גרמים,108.00,100 גרם,false,,5.90,0.0546,true,1,1408977
7290000453019,false,שמרים טריים לאפייה שקית שמרית 50 ג',שטראוס גרופ בעמ/מצונן,,שימרית שמרים טריים ב,גרמים,50.00,100 גרם,false,,4.50,0.0900,true,1,1405580
7290000453125,false,שמרית שמרים טריים לאפיה +משפר אפיה 100ג,שטראוס גרופ בעמ/מצונן,,שימרית שמרים טרי שקי,גרמים,100.00,100 גרם,false,,7.80,0.0780,true,1,1405581
7290000453385,false,שמרים יבשים פארא אינסטנט 500 גרם עלית,שטראוס גרופ בע`מ,,שמרים יבשים- פאקא 50,גרמים,500.00,100 גרם,false,,13.90,0.0278,true,1,1416463
7290000453415,false,בצק עלים מצונן ומוכן לאפייה שמרית 300 גרם,שטראוס גרופ בעמ/מצונן,,בצק עלים מצונן ומוכן,גרמים,300.00,100 גרם,false,,15.90,0.0530,true,1,1432827
7290000453798,false,שמרים יבשים אקטיביים שימרית 500 ג',"גי' בי' רכיבים בע""מ",,שמרים יבשים אקטיבים,גרמים,500.00,100 גרם,false,,14.90,0.0298,true,1,1416464
7290000453866,false,נטורינה תחליף מרגרינה לבישול ואפיה קוקוס שמרית 200 גרם,שטראוס גרופ בעמ/מצונן,,נטורינה קוקוס לאפייה,גרמים,200.00,100 גרם,false,,8.50,0.0425,true,1,1405582
7290000453880,false,מרגרינה ללא מלח לאפיה ובישול שמרית 200גר,שטראוס גרופ בעמ (ח),,מרגרינה ללא מלח לאפי,גרמים,200.00,100 גרם,false,,5.90,0.0295,true,1,1405584
7290000461625,false,בייגלה שמיניות מלח בייגל בייגל 400 ג',יוניליוור ישראל שיווק בע`מ,,בייגלה שמיניות חטיף,גרמים,400.00,100 גרם,false,,10.40,0.0260,true,1,1409683
7290000461793,false,בייגלה ארוך ארוך סידרה ירוקה בייגל בייגל 150 גרם,יוניליוור ישראל שיווק בע`מ,,בייגלה ארוך ארוך מקל,גרמים,150.00,100 גרם,false,,7.50,0.0500,true,1,1409687
7290000462103,false,סחוג תימני אדום חריף עדין זהבי הכרם 150 גרם,שטראוס גרופ בעמ/מצונן,,זחוק תימני אדום חריף,גרמים,150.00,100 גרם,false,,7.90,0.0527,true,1,1405586
7290000462141,false,סחוג אדום תימני מקורי חריף מאוד זהבי 150 גרם,שטראוס גרופ בעמ/מצונן,,זחוק תימני אדום חריף,גרמים,150.00,100 גרם,false,,7.90,0.0527,true,1,1405587
7290000462172,false,סחוג זחוק ירוק תימני חריף זהבי (150 גרם),שטראוס גרופ בעמ/מצונן,,זחוק תימני ירוק חריף,גרמים,150.00,100 גרם,false,,7.90,0.0527,true,1,1405589
7290000465289,false,זיתים ירוקים מבוקעים,בית השיטה,,ב.הש.זיתים ירוקים מב,גרמים,340.00,100 גרם,false,,10.90,0.0321,true,1,1428409
7290000467153,false,מלך החומוס סמיר הגדול 400 גרם צבר,קבוצת אוסם סחר שותפות מוגבלת,,חומוס סמיר הגדול עם,גרמים,400.00,100 גרם,false,,13.90,0.0348,true,1,1407043
7290000467320,false,מלך החומוס אבו מרוואן 400 גרם,קבוצת אוסם סחר שותפות מוגבלת,,סלט חומוס אבו מרוואן,גרמים,400.00,100 גרם,false,,13.90,0.0348,true,1,1407045
7290000467511,false,ביסלי חטיף ברביקיו אסם 55 ג',"אסם השקעות בע""מ",,ביסלי ברביקיו 55 גרם,גרמים,55.00,100 גרם,false,,3.90,0.0709,true,1,1407046
7290000467887,false,ביסלי בטעם פיצה 55 גרם אסם,"אסם השקעות בע""מ",,ביסלי פיצה 55 גרם,גרמים,55.00,100 גרם,false,,3.90,0.0709,true,1,1407047
7290000468747,false,ביסלי חטיף גריל אסם 55 ג',"אסם השקעות בע""מ",,ביסלי גריל 55 גרם,גרמים,55.00,100 גרם,false,,3.90,0.0709,true,1,1407048
7290000468877,false,ביסלי בטעם בצל 55 גרם אסם,"אסם השקעות בע""מ",,ביסלי בצל 55 גרם,גרמים,55.00,100 גרם,false,,3.90,0.0709,true,1,1407049
7290000474090,false,"חלב בקרטון 1%- 1 ליטר בד""צ - מוצר בפיקוח",*החברה המרכזית להפצת משקאותבעמ,,חלב בקרטון 1% - 1 לי,מיליליטרים,1000.00,"100 מ""ל",false,,5.86,0.0059,true,1,1413587
7290000474373,false,"שמנת חמוצה 15% שומן 200 מ""ל טרה",החברה המרכזית טלהפצת משקאות בע,,שמנת חמוצה לבישול וא,מיליליטרים,200.00,"100 מ""ל",false,,2.40,0.0120,true,1,1413589
7290000474502,false,גבינה לבנה טרה 5% מרכיבים טבעיים,*החברה המרכזית להפצת משקאותבעמ,,גבינה לבנה 5% טרה 25,גרמים,250.00,100 גרם,false,,4.98,0.0199,true,1,1413591
7290000474540,false,גבינה טוב טעם 3% טרה 250ג' מהדרין,החברה המרכזית טלהפצת משקאות בע,,גבינה לבנה חצי קשה 3,גרמים,250.00,100 גרם,false,,11.70,0.0468,true,1,1413592
7290000480107,false,קוואקר שיבולת שועל פחית 500 גרם,שטראוס פריטו ליי בעמ,,שיבולת שועל הולנדי ק,גרמים,500.00,100 גרם,false,,13.90,0.0278,true,1,1406132
7290000480332,false,גד גבינת גאודה בקר מ,,,גאודה בקר משולש,קילוגרמים,1.00,"ק""ג",true,,110.00,110.0000,true,1,1439047
7290000480442,false,קוואקר שיבולת שועל בשקית 500 גרם,שטראוס פריטו ליי בע`מ,,קוואקר שיבולת שועל ש,גרמים,500.00,100 גרם,false,,12.80,0.0256,true,1,1406133
7290000484747,false,"ארק עלית 700 מ""ל 40% יקב הגליל*",יקב הגליל יוסף גולד ובניו,,"ערק עלית הארק 700 מ""",מיליליטרים,700.00,"100 מ""ל",false,,59.90,0.0856,true,1,1413135
7290000484747,false,"ארק עלית 700 מ""ל 40% יקב הגליל*",יקב הגליל יוסף גולד ובניו,,"ערק עלית הארק 700 מ""",מיליליטרים,700.00,"100 מ""ל",false,,59.90,0.0856,true,1,1413166
7290000490397,false,מנבו וניל פלדמן 20 יחידות,הגלידות של פלדמן,,מנבו וניל 20 יחידות,גרמים,480.00,100 גרם,false,,34.90,0.0727,true,1,1441609
7290000490762,false,גלידל שוקו פלדמן מארז שמינייה,הגלידות של פלדמן,,גלידל שוקו (8),גרמים,400.00,100 גרם,false,,29.90,0.0747,true,1,1440088
7290000493176,false,אסם אבקת רוטב צלי לבשר 22 ג',קבוצת אוסם סחר שותפות מוגבלת,,אסם אבקת רוטב צלי לב,גרמים,22.00,100 גרם,false,,4.50,0.2045,true,1,1407050
7290000493183,false,אבקת רוטב פטריות לבשר-30 גרם,קבוצת אוסם סחר שותפות מוגבלת,,אסם אבקת רוטב פטריות,גרמים,30.00,100 גרם,false,,4.00,0.1333,true,1,1407051
7290000499983,false,גבינה מגורדת,,,גבינה מגורדת,קילוגרמים,1.00,"ק""ג",true,,49.90,49.9000,true,1,1417710
7290000504278,false,ממתיק סוכרזית אריזת פטנט 700 טבליות,אף.סי תבליני בגליל ב,,סוכרזית קלאסי פטנט 7,יחידה,700.00,יחידה,false,,14.90,0.0213,true,1,1416466
7290000511137,false,מעדניה - פטה עיזים,,,מעדניה - פטה עיזים,קילוגרמים,1.00,"ק""ג",true,,99.90,99.9000,true,1,1420994
7290000511236,false,מעדניה-בולגרית חלקה,,,מעדניה-בולגרית חלקה,קילוגרמים,1.00,"ק""ג",true,,46.90,46.9000,true,1,1420996
7290000511250,false,_שמנת שום שמיר 30%,,,_שמנת שום שמיר 30%,קילוגרמים,1.00,"ק""ג",true,,39.90,39.9000,true,1,1417155
7290000511274,false,_שמנת זיתים 30%,,,_שמנת זיתים 30%,קילוגרמים,1.00,"ק""ג",true,,39.90,39.9000,true,1,1417156
7290000511281,false,מעדניה-ברינזה צאן,,,מעדניה-ברינזה צאן,קילוגרמים,1.00,"ק""ג",true,,79.90,79.9000,true,1,1420999
7290000511904,false,בייבי אדם הולנד וילי,,,מעדניה- גבינת אדם כד,קילוגרמים,1.00,"ק""ג",true,,79.00,79.0000,true,1,1408354
7290000521008,false,יין אדום יבש של סגל (750 מל),"כרמי צבי - אחים סגל בע""\",,יין אדום יבש יקבי סג,מיליליטרים,750.00,"100 מ""ל",false,,21.90,0.0292,true,1,1410663
7290000521015,false,יין לבן יבש של סגל (750 מל),פארייפאבה אגרואינדוס,,יין לבן יבש יקבי סגל,מיליליטרים,750.00,"100 מ""ל",false,,21.90,0.0292,true,1,1410664
7290000523125,false,מלח הארץ הים האדום 250 ג' עדין,"חברת מלח הארץ אילת בע""\מ",,מלח ים יבש מלח הארץ,גרמים,250.00,100 גרם,false,,5.90,0.0236,true,1,1406613
7290000523125,false,מלח הארץ הים האדום 250 ג' עדין,"חברת מלח הארץ אילת בע""\מ",,מלח ים יבש מלח הארץ,גרמים,250.00,100 גרם,false,,5.90,0.0236,true,1,1406657
7290000523224,false,מלח הארץ הים האדום 500 ג' עדין,"חברת מלח הארץ אילת בע""\מ",,מלח ים דק מלח הארץ 5,גרמים,500.00,100 גרם,false,,7.90,0.0158,true,1,1406658
7290000523521,false,מלח ים מלח הארץ 250 גרם מועשר ביוד,חברת מלח הארץ אילת ב,,מלח הארץ מועשר ביוד,גרמים,250.00,100 גרם,false,,6.90,0.0276,true,1,1406659
7290000525969,false,מיץ תפוזים סחוט רכיבים טבעיים פרימור 1 ליטר,שטראוס גרופ בעמ/מצונן,,מיץ תפוזים סחוט פרי,מיליליטרים,1000.00,"100 מ""ל",false,,16.20,0.0162,true,1,1405593
7290000530024,false,נקניק תה מעושן רחב במשקל,נקניק זוגלובק נהריה,,נקניק תה מעושן,קילוגרמים,1.00,"ק""ג",true,,44.90,44.9000,true,1,1415271
7290000530031,false,סלמי פיין צר זוגלובק,זוגלובק,,פיין סלמי,קילוגרמים,1.00,"ק""ג",true,,55.90,55.9000,true,1,1424892
7290000530048,false,נקניק סלמי פפרוני במ,נקניק זוגלובק נהריה,,נק' סלמי פפרוני,קילוגרמים,1.00,"ק""ג",true,,44.90,44.9000,true,1,1415272
7290000530062,false,נקניק מעושן איטלקי במשקל,זוגלובק שיווק בעמ,,נקניק מעושן איטלקי,קילוגרמים,1.00,"ק""ג",true,,69.90,69.9000,true,1,1415273
7290000530116,false,נקניק סלמי מעושן בשן 470 ג' זוגלובק,נקניק נהריה כשר זוגל,,נקניק סלמי בשן 470 ג,גרמים,470.00,100 גרם,false,,24.90,0.0530,true,1,1415287
7290000530260,false,נקניק מרטדלה רחב במשקל,זוגלובק שיווק בעמ,,נקניק מורטודלה -טבעי,קילוגרמים,1.00,"ק""ג",true,,29.90,29.9000,true,1,1415275
7290000530291,false,נקניק מבשר הודו קטן זוגלובק 750 גרם,נקניק נהריה כשר זוגל,,נקניק מבשר הודו קטן,גרמים,750.00,100 גרם,false,,19.90,0.0265,true,1,1415288
7290000530413,false,המבורגר זהב זוגלובק 400 גרם,נקניק נהריה כשר זוגל,,המבורגר זהב 400 גרם,גרמים,400.00,100 גרם,false,,19.90,0.0497,true,1,1415289
7290000530444,false,כתף בקר מעושן אורלנדו מש,זוגלובק שיווק בעמ,,כתף בקר מעושן,קילוגרמים,1.00,"ק""ג",true,,89.90,89.9000,true,1,1424893
7290000530598,false,נקניקיות עוף וינר זוגלובק 500 גרם,נקניק נהריה כשר זוגל,,נקניקיות וינר 500 גר,גרמים,500.00,100 גרם,false,,15.80,0.0316,true,1,1415290
7290000530703,false,פסטרמה חרמון כפרית ונקניק תה מעושן זוגלובק 2*400 גרם,נקניק נהריה כשר זוגל,,תה מעושן 400 גרם + פ,גרמים,800.00,100 גרם,false,,29.90,0.0374,true,1,1415292
7290000531601,false,סטייק בורגר בקר זהב 400 גרם קפוא,נקניק נהריה כשר זוגל,,סטייק בורגר זהב 400,גרמים,400.00,100 גרם,false,,19.90,0.0497,true,1,1415293
7290000532400,false,פסטרמה חזה הודו ברביקיו זוגלובק,נקניק זוגלובק נהריה,,פסט' חזה הודו BAR-B-,קילוגרמים,1.00,"ק""ג",true,,69.90,69.9000,true,1,1415277
7290000532721,false,כתף בקר מעושן בפלפל טורו מעדניה,נקניק זוגלובק נהריה,,כתף בקר מפולפל,קילוגרמים,1.00,"ק""ג",true,,89.90,89.9000,true,1,1424894
7290000534718,false,פסטרמה הודו תבור 1% שומן זוגלובק,נקניק זוגלובק נהריה,,פסט' תבור חזה מעושן,קילוגרמים,1.00,"ק""ג",true,,69.90,69.9000,true,1,1415278
7290000534800,false,פסטרמה הודו רומני מעדניה,נקניק זוגלובק נהריה,,פסט' רומנית,קילוגרמים,1.00,"ק""ג",true,,69.90,69.9000,true,1,1415279
7290000537566,false,נקניקיות עוף טרי 400 ג' זוגלובק,נקניק נהריה כשר זוגל,,נקניקיות עוף זוגלובק,גרמים,400.00,100 גרם,false,,12.90,0.0323,true,1,1415297
7290000537610,false,סלמי עממי}זוגלובק{שקיל,נקניק זוגלובק נהריה,,נק' סלמי עממי,קילוגרמים,1.00,"ק""ג",true,,44.90,44.9000,true,1,1415281
7290000538105,false,נקניק סלמי סרוולד 200 ג' זוגלובק,נקניק נהריה כשר זוגל,,סרבלד 200 גרם,גרמים,200.00,100 גרם,false,,38.90,0.1945,true,1,1422788
7290000538372,false,נקניק קוניאק אקסטרה,זוגלובק,,נקניק קוניאק,קילוגרמים,1.00,"ק""ג",true,,49.90,49.9000,true,1,1421278
7290000538709,false,נקניק סלמי תה מעושן זוגלובק 200 גרם,נקניק זוגלובק נהריה,,תה מעושן זוגלובק 200,גרמים,200.00,100 גרם,false,,14.90,0.0745,true,1,1415298
7290000554457,false,גבינה צפתית 5% 350 גרם - רבנות,מחלבות גד שיווק 1992 בעמ,,גבינה צפתית 5% גד 35,גרמים,350.00,100 גרם,false,,21.90,0.0626,true,1,1413747
7290000554532,false,גבינה צפתית מעודנת במלח ים 5% 200 ג' גד,מחלבות גד שיווק 1992 בעמ,,צפתית מעודנת 5% מחלב,גרמים,200.00,100 גרם,false,,14.60,0.0730,true,1,1413749
7290000554686,false,גבינת לאבנה בתוספת שמן זית וזעתר 5% גד 250 גרם,מחלבות גד שיווק 1992 בעמ,,גבינת לאבנה בשמן זית,גרמים,250.00,100 גרם,false,,15.00,0.0600,true,1,1413752
7290000554815,false,גבינת מוצרלה נקניק מעדנייה גד,מחלבות גד שיווק 1992 בעמ,,מוצרלה נקניק טבעי גד,קילוגרמים,1.00,"ק""ג",true,,69.00,69.0000,true,1,1413743
7290000554822,false,ריקוטה גבינה לבנה בסגנון איטלקי 5% גד 250 גרם,מחלבות גד שיווק 1992 בעמ,,ריקוטה 5% 250 גרם,גרמים,250.00,100 גרם,false,,14.90,0.0596,true,1,1413753
7290000554839,false,מסקרפונה שמנת מתוקה קשה בסגנון איטלקי 40% גד 250 גרם,מחלבות גד שיווק 1992 בעמ,,גבינת מסקרפונה 40% ג,גרמים,250.00,100 גרם,false,,19.90,0.0796,true,1,1413754
7290000554969,false,גב.שמנת 30%שומן1קג משקל,מחלבות גד,,גבינת שמנת 30% טבעית,קילוגרמים,1.00,"ק""ג",true,,43.00,43.0000,true,1,1438551
7290000554976,false,גבינת שמנת זיתים גד,מחלבות גד,,גבינת שמנת 30% זיתים,קילוגרמים,1.00,"ק""ג",true,,43.00,43.0000,true,1,1438552
7290000572208,false,חלוה בטעם וניל אחווה 100 גרם,שוורצקוף& הנקל דיסלד,,חלווה אחווה 100 גרם,גרמים,100.00,100 גרם,false,,2.90,0.0290,true,1,1413167
7290000572222,false,חלווה בלוק וניל אחוה 500 גרם,שוורצקוף& הנקל דיסלד,,חלווה 500 גרם אחווה,גרמים,500.00,100 גרם,false,,11.90,0.0238,true,1,1410450
7290000572529,false,חלוה עם פיסטוק אחווה 400 גרם,אחדות ביתחרושת לטחינה חלבה,,חלוה פיסטוק 400 גרם,גרמים,400.00,100 גרם,false,,14.90,0.0373,true,1,1413169
7290000572536,false,אחווה חלווה ווניל במגש 400 גר,אחדות ביתחרושת לטחינה חלבה,,חלוה מגש וניל 400 גר,גרמים,400.00,100 גרם,false,,12.90,0.0323,true,1,1413170
7290000572543,false,חלוה בטעם שוקו וניל אחווה 400 גרם,אחדות ביתחרושת לטחינה חלבה,,חלווה שיש 400 גרם במ,גרמים,400.00,100 גרם,false,,12.90,0.0323,true,1,1413171
7290000572628,false,חלבה חטיף לייט 25 ג* 11יח קופ`שי אחוה,אחדות ביחר לטחינה חל,,חטיפי חלווה ללא תוספ,גרמים,275.00,100 גרם,false,,13.50,0.0491,true,1,1413172
7290000599861,false,"מגב פלסטיק 40 ס""מ + הברגה",מ.א.ייצור ויבוא מטליות בעמ,,מגב 40 פלסטיק,יחידה,1.00,יחידה,false,,11.90,11.9000,true,1,1441401
7290000604015,false,תנובה ביצים רגילות אקסטרא לארג' 12יח,תנובה,,ביצים ענקיות XL תנוב,יחידה,12.00,יחידה,false,,13.10,1.0917,true,1,1428807
7290000604015,false,תנובה ביצים רגילות אקסטרא לארג' 12יח,תנובה,,ביצים ענקיות XL תנוב,יחידה,12.00,יחידה,false,,13.10,1.0917,true,1,1428815
7290000604022,false,ביצים גדולות L תנובה 12 יחידות,ביצי תנובה,,12 ביצים L גדול,יחידה,12.00,יחידה,false,,12.05,1.0042,true,1,1428808
7290000604022,false,ביצים גדולות L תנובה 12 יחידות,ביצי תנובה,,12 ביצים L גדול,יחידה,12.00,יחידה,false,,12.05,1.0042,true,1,1411840
7290000604039,false,ביצים בינוניות M תנובה 12 יחידות,תנובה,,12 ביצים M בנוני,יחידה,12.00,יחידה,false,,11.15,0.9292,true,1,1411841
7290000625600,false,גבינת חריץ סקנדינבית,,,גבינת חריץ סקנדינבית,קילוגרמים,1.00,"ק""ג",true,,77.90,77.9000,true,1,1420992
7290000625607,false,גבינת חריץ סקנדינבית,,,גבינת חריץ סקנדינבית,קילוגרמים,1.00,"ק""ג",true,,75.00,75.0000,true,1,1411352
7290000639246,false,פסטרמה איטלקית,,,פסטרמה איטלקית,קילוגרמים,1.00,"ק""ג",true,,69.90,69.9000,true,1,1415282
7290000644783,false,נתחי פילה סלמון קפוא קג,תנובה קפואים,,מנות סלמון בואקום,קילוגרמים,1.00,"ק""ג",true,,84.90,84.9000,true,1,1432172
7290000654546,false,פילה אמנון 7-9 100% דג תנובה,תנובה,,פילה אמנון קפוא 7-9,קילוגרמים,1.00,"ק""ג",true,,36.90,36.9000,true,1,1440054
7290000655376,false,פילה דניס קפוא בוואקום 100% דג תנובה,תנובה קפואים,,פילה דניס קפוא דגי ת,קילוגרמים,1.00,"ק""ג",true,,94.90,94.9000,true,1,1440055
7290000663135,false,קוביות סלומון קפוא 100% דג 300 גרם תנובה,תנובה מרכז שיתופי לשיווק תוצרת,,קוביות סלמון קפוא דג,גרמים,300.00,100 גרם,false,,29.90,0.0997,true,1,1440057
7290000670140,false,פטה רכה,,,פטה רכה,קילוגרמים,1.00,"ק""ג",true,,29.90,29.9000,true,1,1419715
7290000688381,false,מים מינרלים פקק ספורט מי עדן (500x6 מל),יפאורה שותפות מוגבלת לשיווק,,מים מינרליים פקק ספו,מיליליטרים,3000.00,"100 מ""ל",false,,16.70,0.0056,true,1,1407555
7290000692227,false,נוזל כלים פלמוליב צילינדר קלאסי 1 ליטר,יבואן ומשווק: ש. שסט,,נוזל לניקוי כלים 18%,מיליליטרים,1000.00,"100 מ""ל",false,,14.50,0.0145,true,1,1414174
7290000725600,false,גבינת חריץ סקנדינבית,,,גבינת חריץ סקנדינבית,קילוגרמים,1.00,"ק""ג",true,,75.00,75.0000,true,1,1433499
7290000770147,false,פטה רכה,,,פטה רכה,קילוגרמים,1.00,"ק""ג",true,,29.90,29.9000,true,1,1433277
7290000827634,false,צלעות כבש פרוס ארוז,,,צלעות כבש פרוס ארוז,קילוגרמים,1.00,"ק""ג",true,,199.90,199.9000,true,1,1439433
7290000837350,false,קרם צ'יז,,,קרם צ'יז,קילוגרמים,1.00,"ק""ג",true,,54.90,54.9000,true,1,1419717
7290000861025,false,מעדניה - בולגרית מסו,,,מעדניה - בולגרית מסו,קילוגרמים,1.00,"ק""ג",true,,46.90,46.9000,true,1,1433214
7290000861278,false,_גבינה שמנת טבעי 30%,,,_גבינה שמנת טבעי 30%,קילוגרמים,1.00,"ק""ג",true,,39.90,39.9000,true,1,1417157
7290000861315,false,מעדניה-גבינה לאבנה ט,,,מעדניה-גבינה לאבנה ט,קילוגרמים,1.00,"ק""ג",true,,42.00,42.0000,true,1,1421668
7290000861520,false,_גבינת שמנת 5% בטעמי,,,_גבינת שמנת 5% בטעמי,קילוגרמים,1.00,"ק""ג",true,,29.90,29.9000,true,1,1417160
7290000900436,false,טירת צבי פסטרמה איטל,,,פסטרמה איטלקית,קילוגרמים,1.00,"ק""ג",true,,85.00,85.0000,true,1,1411721
7290000900566,false,פסטרמה ברביקיו דלת-ש,,,פסטרמה ברביקיו דלת-ש,גרמים,360.00,100 גרם,false,,25.90,0.0719,true,1,1411722
7290000913551,false,פסטרמה כפרית טירת צבי 400 ג',תנובה בשר,,פסטרמה כפרית טירת צב,גרמים,400.00,100 גרם,false,,21.90,0.0547,true,1,1427859
7290000961804,false,דלעת חתוכה,"בכורי השדה צפון1994 ג.ד. בע""מ",,דלעת חתוכה,קילוגרמים,1.00,"ק""ג",true,,9.80,9.8000,true,1,1420911
7290000992889,false,גבינת שמנת 30% שום ש,,,גבינת שמנת 30% שום ש,קילוגרמים,1.00,"ק""ג",true,,43.00,43.0000,true,1,1438567
7290001022030,false,*מבצע* צמות גבינה במ,,,צמות גבינה במי מלח,קילוגרמים,1.00,"ק""ג",true,,74.90,74.9000,true,1,1441537
7290001022085,false,גב.פקורינו כבשים36% משקל,היחוס דה סלבדור,,גבינת פקורינו מחלב כ,קילוגרמים,1.00,"ק""ג",true,,135.00,135.0000,true,1,1441094
7290001022177,false,רמי לוי-חלבה עם קקאו,,,רמי לוי-חלבה עם קקאו,קילוגרמים,1.00,"ק""ג",true,,59.90,59.9000,true,1,1442548
7290001045169,false,מיץ תפוחי עץ צלול פרימור 1 ליטר,שטראוס גרופ בעמ/מצונן,,מיץ תפוחי עץ צלול 1,מיליליטרים,1000.00,"100 מ""ל",false,,16.20,0.0162,true,1,1405594
7290001121054,false,צמד חמד פסטרמה וסלמי יחיעם 700 גרם,מעדני יחיעם ( 1993 ) בע`מ,,צמד חמד 700 גר,גרמים,700.00,100 גרם,false,,24.90,0.0356,true,1,1414527
7290001121238,false,קורנדביף 4% שומן יחיעם (180 גרם).,מעדני יחיעם ( 1993 ) בע`מ,,קורנד ביף 180גר',גרמים,180.00,100 גרם,false,,24.90,0.1383,true,1,1431971
7290001121672,false,פסטרמה מעודנת בפפריקה 300 ג' יחיעם,מעדני יחיעם (1993) בעמ,,פסטרמה מעודנת בפפריק,גרמים,300.00,100 גרם,false,,21.90,0.0730,true,1,1414528
7290001121979,false,נקניק סלמי הרץ מעדני יחיעם 150 גרם,מעדני יחיעם ( 1993 ) בע`מ,,סלמי הרץ 150גר',גרמים,150.00,100 גרם,false,,24.90,0.1660,true,1,1414529
7290001136287,false,"שמפו לשיער רגיל בבושם פרחים נקה 7 750 מ""ל",החברה הדרומית לשיווק בעמ,,שמפו לשיער רגיל ירוק,מיליליטרים,750.00,"100 מ""ל",false,,11.90,0.0159,true,1,1410076
7290001136683,false,"מרכך לשיער רגיל בבושם פרחים נקה 7 750 מ""ל",החברה הדרומית לשיווק בעמ,,מרכך לשיער רגיל ירוק,מיליליטרים,750.00,"100 מ""ל",false,,11.90,0.0159,true,1,1410077
7290001179291,false,צלחת 9' קרם (25 יח'),,,צלחת 9' קרם (25 יח'),יחידה,25.00,יחידה,false,,12.90,0.5160,true,1,1415617
7290001199039,false,סלט בולגרי - ברדה,סלטי עמים ברדה,,סלט בולגרי - ברדה,קילוגרמים,1.00,"ק""ג",false,,15.90,15.9000,true,1,1419940
7290001199084,false,גזר בסגנון קוריאני 500 גרם,סלטי עמים ברדה,,גזר בסיגנון קוריאני,קילוגרמים,1.00,"ק""ג",false,,15.90,15.9000,true,1,1419942
7290001199107,false,סוטא אוקראיני 500 גרם,סלטי עמים ברדה,,סלט אוקריאני - ברדה,קילוגרמים,1.00,"ק""ג",false,,15.90,15.9000,true,1,1419943
7290001199244,false,"סלט כרוב במלח 1 ק""ג",סלטי עמים ברדה,,"סלט כרוב במלח 1 ק""ג",גרמים,1000.00,100 גרם,false,,16.90,0.0169,true,1,1419946
7290001199404,false,"כרוב במלח עם חמוציות 1 ק""ג",סלטי עמים ברדה,,סלט כרוב במלח עם חמו,קילוגרמים,1.00,"ק""ג",false,,15.90,15.9000,true,1,1419948
7290001199435,false,חציל פיקנטי 500 גרם,סלטי עמים ברדה,,חציל פיקנטי - ברדה,קילוגרמים,1.00,"ק""ג",false,,15.90,15.9000,true,1,1419949
7290001199459,false,כרוב במלח עם תפוחי ע,סלטי עמים ברדה,,סלט כרוב במלח עם תפו,קילוגרמים,1.00,"ק""ג",false,,15.90,15.9000,true,1,1419950
7290001199510,false,חמוצים טעם ביתי טורשי1קג,סלטי עמים ברדה,,סלט חמוציות בטעם בית,קילוגרמים,1.00,"ק""ג",false,,15.90,15.9000,true,1,1419951
7290001216040,false,טחינה גולמית שומשום טהור אל ארז 500 גרם,אגס ירוק מסחר ושירותים,,טחינה אל ארז שומשום,גרמים,500.00,100 גרם,false,,16.90,0.0338,true,1,1413173
7290001245835,false,נוזל רצפות אורנים 4 ליטר טאצ,סאסאטק אגשח בעמ,,נוזל רצפות אורנים טא,מיליליטרים,4000.00,"100 מ""ל",false,,14.90,0.0037,true,1,1440872
7290001246009,false,ג'ל לכביסה אדום 3לי רמילוי,,,ג'ל לכביסה אדום 3 לי,מיליליטרים,3000.00,"100 מ""ל",false,,22.90,0.0076,true,1,1408063
7290001246023,false,ג'ל לכביסה כחול 3לי רמילוי,,,ג'ל לכביסה כחול 3 לי,מיליליטרים,3000.00,"100 מ""ל",false,,22.90,0.0076,true,1,1408065
7290001246085,false,נוזל לניקוי חלונות 1 ליטר טאצ,סאסאטק אגשח בעמ,,מרסס ניקוי חלונות 1,מיליליטרים,1000.00,"100 מ""ל",false,,7.90,0.0079,true,1,1440873
7290001246092,false,"תרסיס מסיר שומנים 750 מ""ל טאצ.",סאסאטק אגשח בעמ,,תרסיס מסיר שומנים 75,מיליליטרים,750.00,"100 מ""ל",false,,11.90,0.0159,true,1,1408066
7290001246108,false,"טאצ' תרסיס מסיר אבנית 750 מ""ל",סאסאטק אגשח בעמ,,תרסיס מסיר אבנית 750,מיליליטרים,750.00,"100 מ""ל",false,,11.90,0.0159,true,1,1408067
7290001246351,false,נוזל רצפות לבנדר 4 ליטר טאצ,סאסאטק אגשח בעמ,,נוזל רצפות לבנדר טאצ,מיליליטרים,4000.00,"100 מ""ל",false,,14.90,0.0037,true,1,1440874
7290001246757,false,נוזל רצפות מלון בוטיק טאצ' 2 ליטר,סאסאטק אגשח בעמ,,נוזל רצפות מלון בוטי,מיליליטרים,2000.00,"100 מ""ל",false,,18.90,0.0094,true,1,1440875
7290001247082,false,מיץ עגבניות רכיבים טבעיים ספרינג 1 ליטר,יפאורה שותפות מובגלת לשיווק,,ספרינג קרטוניות עגבנ,מיליליטרים,1000.00,"100 מ""ל",false,,6.50,0.0065,true,1,1407559
7290001247099,false,קרטונית נקטר ספרינג מנגו 1 ליטר,יפאורה שותפות מובגלת לשיווק,,קרטוניות ספרינג מנגו,מיליליטרים,1000.00,"100 מ""ל",false,,6.80,0.0068,true,1,1407560
7290001247112,false,קרטונית נקטר ספרינג לימונענע 1 ליטר,יפאורה שותפות מובגלת לשיווק,,ספרינג קרטוניות לימו,מיליליטרים,1000.00,"100 מ""ל",false,,6.80,0.0068,true,1,1407562
7290001247129,false,נקטר ספרינג תפוזים קרטונית 1 ל',יפאורה שותפות מובגלת לשיווק,,ספרינג קרטוניות תפוז,מיליליטרים,1000.00,"100 מ""ל",false,,6.80,0.0068,true,1,1407563
7290001247143,false,קרטונית נקטר ספרינג תפוחים 1 ליטר,יפאורה שותפות מובגלת לשיווק,,נקטר תפוחים בקרטון ס,מיליליטרים,1000.00,"100 מ""ל",false,,6.80,0.0068,true,1,1407564
7290001247730,false,"נקטר ספרינג בטעם מנגו פחית 330 מ""ל",יפאורה שותפות מוגבלת לשיווק,,ספרינג נקטר מנגו פחי,מיליליטרים,330.00,"100 מ""ל",false,,6.20,0.0188,true,1,1442550
7290001247747,false,"ספרינג נקטר תפוחים פחית 330 מ""ל",יפאורה שותפות מוגבלת לשיווק,,ספרינג נקטר תפוחים פ,מיליליטרים,330.00,"100 מ""ל",false,,6.20,0.0188,true,1,1442551
7290001258118,false,קממבר טבעי יעקבס לקג,גבינות משק יעקבס,,מעדניה - קממבר,קילוגרמים,1.00,"ק""ג",true,,89.90,89.9000,true,1,1429503
7290001258347,false,גבינת שמנת ירקות 30%,משק יעקבס,,מעדניה - שמנת ירקות,קילוגרמים,1.00,"ק""ג",true,,34.90,34.9000,true,1,1429508
7290001258514,false,גב.רכה ריקוטה במשקל,גבינות משק יעקבס,,מעדניה - ריקוטה,קילוגרמים,1.00,"ק""ג",true,,34.90,34.9000,true,1,1429512
7290001258972,false,גבינת חלומי בואקום 2,גבינות משק יעקבס,,חלומי ואקום 200 גרם,גרמים,200.00,100 גרם,false,,17.90,0.0895,true,1,1416377
7290001258996,false,מעדניה - שמנת שום שמ,משק יעקבס,,מעדניה - שמנת שום שמ,קילוגרמים,1.00,"ק""ג",true,,34.90,34.9000,true,1,1429515
7290001302279,false,אוסם - במבה קלאסי 60 גרם,מיוצר עי קונדיטוריית,,במבה קלאסי 60 גרם,גרמים,60.00,100 גרם,false,,4.30,0.0717,true,1,1407055
7290001305188,false,"נוזל לניקוי כלים בריח לימון פלמוליב 750 מ""ל",יבואן ומשווק: ש. שסט,,נוזל לניקוי כלים 18%,מיליליטרים,750.00,"100 מ""ל",false,,11.90,0.0159,true,1,1414180
7290001327180,false,שטראוס קרמיסימו וניל ציפ 1.33 ליטר,"גלידת שטראוס בע""\מ, רחוב",,גלידת קרמיסימו 1.33,מיליליטרים,1330.00,"100 מ""ל",false,,18.90,0.0142,true,1,1416778
7290001327791,false,גלידה קרמיסימו וניל עוגיות 1.33 ליטר,"גלידת שטראוס בע""\מ, רחוב",,גלידת קרמיסימו1.33 ל,מיליליטרים,1330.00,"100 מ""ל",false,,18.90,0.0142,true,1,1416781
7290001356166,false,סלומון פרוס בוואקום,ישראגל,,סלומון פרוס בוואקום,גרמים,100.00,100 גרם,false,,24.50,0.2450,true,1,1420206
7290001356234,false,מקרל מעושן בוואקום ק,,,מקרל מעושן בוואקום ק,קילוגרמים,1.00,"ק""ג",true,,69.90,69.9000,true,1,1420207
7290001356500,false,דג קילקה במשקל בלי ר,,,קילקה מתובל בלי ראש,קילוגרמים,1.00,"ק""ג",true,,49.90,49.9000,true,1,1429950
7290001407769,false,טחינה גולמית בארכה שומשום מלא 500 גרם,קבוצת אוסם סחר שותפות מוגבלת,,בארכה טחינה 100% שומ,גרמים,500.00,100 גרם,false,,14.90,0.0298,true,1,1407060
7290001407936,false,בארכה-טחינה גולמית מעודנת בקבוק לחיץ 310 ג',קבוצת אוסם סחר שותפות מוגבלת,,בארכה טחינה מעודנת 3,גרמים,310.00,100 גרם,false,,12.90,0.0416,true,1,1407063
7290001419618,false,וופל בלגי עלמה שחור לבן וניל 200ג',מ.ד אטיאס סוכנויות מזון בע`מ,,ופלים בסגנון בלגי בט,גרמים,200.00,100 גרם,false,,3.50,0.0175,true,1,1419503
7290001419779,false,"וופל קלאסי בטעם שוקולד ""עלמה"" 200 גרם",רזיט שיווק בעמ,,ופלים בטעם שוקולד על,גרמים,200.00,100 גרם,false,,3.50,0.0175,true,1,1419504
7290001468104,false,מארז גפרורים 10יח,י.ד. יבוא,,גפרורים 10יח',יחידה,10.00,יחידה,false,,3.50,0.3500,true,1,1410256
7290001468319,false,מיץ לימון ליים 200מל,ITAL LEMON,,מיץ לימון משומר 200,מיליליטרים,200.00,"100 מ""ל",false,,4.90,0.0245,true,1,1431573
7290001468326,false,"מיץ לימון טבעי 500 מ""ל",ITAL LEMON,,מיץ לימון טבעי 500 מ,מיליליטרים,500.00,"100 מ""ל",false,,11.90,0.0238,true,1,1410259
7290001468562,false,מטהר אוויר בריז,KOZMO,,מטהר אויר,יחידה,1.00,יחידה,false,,4.50,4.5000,true,1,1410260
7290001468609,false,סוכר וניל 10*10גר,ר.ס.,,סוכר וניל 10*10גר,גרמים,100.00,100 גרם,false,,2.50,0.0250,true,1,1410261
7290001468616,false,אבקת אפייה פרימיום 10 יח',נאמן לאורך זמן בעמ,,אבקת אפייה 10יחידות,גרמים,100.00,100 גרם,false,,2.50,0.0250,true,1,1410262
7290001468623,false,נוזל כלים אלפא לכלים,נאמן לאורך זמן בעמ,,נוזל כלים אלפא 1 ליט,מיליליטרים,1000.00,"100 מ""ל",false,,10.00,0.0100,true,1,1410263
7290001468692,false,קורנפלור 200 גרם,,,קורנפלור 200 גרם,גרמים,200.00,100 גרם,false,,3.90,0.0195,true,1,1410265
7290001468708,false,קורנפלור 500 גרם,ר.ס.,,קורנפלור 500 גרם,גרמים,500.00,100 גרם,false,,6.90,0.0138,true,1,1410266
7290001468715,false,אבקת סוכר 100 גרם,ר.ס.,,אבקת סוכר 100גר,גרמים,100.00,100 גרם,false,,2.00,0.0200,true,1,1410267
7290001468753,false,קמח תפוחי אדמה 500 ג' נאמן,תבליני ביטון,,"קמח תפו""א 500 גרם",גרמים,500.00,100 גרם,false,,6.00,0.0120,true,1,1410268
7290001468968,false,פתיתים אפויים 500 גר,,,פתיתים אפויים 500 גר,גרמים,500.00,100 גרם,false,,5.50,0.0110,true,1,1432197
7290001482094,false,גבינה פרמז'נו משולשים ויליפוד 200ג',ג.וילי-פוד אינטרנשיונל **גבינו,,פרמז'נו 200 גרם,גרמים,200.00,100 גרם,false,,19.90,0.0995,true,1,1408374
7290001482186,false,אננס חתוך בסירופ קל ויליפוד 565 גרם,ג.וילי פוד אינטרנשיונל בעמ,,אננס חתוך בסירופ קל,גרמים,565.00,100 גרם,false,,6.90,0.0122,true,1,1432818
7290001482506,false,וילי פוד חומץ בלסמי בדץ 500מל,ג. וילי-פוד אינטרנשיונל בע`מ,,חומץ בלסמי ממודנה וי,מיליליטרים,500.00,"100 מ""ל",false,,16.90,0.0338,true,1,1432822
7290001485019,false,גבינת קרם שמנת טבעי 5% טרה 200 גרם,*החברה המרכזית להפצת משקאותבעמ,,גבינת קרם שמנת 5% טב,גרמים,200.00,100 גרם,false,,11.50,0.0575,true,1,1413593
7290001485026,false,גבינת קרם שמנת זיתים 5% טרה 200 גרם,*החברה המרכזית להפצת משקאותבעמ,,גבינת קרם שמנת 5% עם,גרמים,200.00,100 גרם,false,,11.50,0.0575,true,1,1413594
7290001567814,false,סלמי מעושן בסגנון איטלקי 300 ג' יחיעם,מעדני יחיעם ( 1993 ) בע`מ,,סלמי מעושן איטלקי 30,גרמים,300.00,100 גרם,false,,21.90,0.0730,true,1,1414531
7290001591680,false,קניידלך מקמח מצה שלושת האופים 500 גרם,נטו מילנדה סחר בעמ*,,קניידלך מקמח מצה שלו,גרמים,500.00,100 גרם,false,,19.90,0.0398,true,1,1438853
7290001594155,false,"קוקה-קולה בבקבוק אישי 500 מ""ל",החברה המרכזית להפצת משקאות בעמ,,"קוקה קולה 500 מ""ל",מיליליטרים,500.00,"100 מ""ל",false,,6.50,0.0130,true,1,1413438
7290001594179,false,"פאנטה אורנג' בבקבוק אישי 500 מ""ל",החברה המרכזית להפצת משקאות בעמ,,"פאנטה אורנג' 500 מ""ל",מיליליטרים,500.00,"100 מ""ל",false,,6.50,0.0130,true,1,1413439
7290001594520,false,"בירה טובורג רד בקבוק 330 מ""ל",החברה המרכזית להפצת משקאות בעמ,,"בירה טובורג 330 מ""ל",מיליליטרים,330.00,"100 מ""ל",false,,7.10,0.0215,true,1,1413444
7290001594568,false,בירה בפחית קרלסברג (500 מל),החברה המרכזית להפצת משקאות בעמ,,בירה קרלסברג פחית 50,מיליליטרים,500.00,"100 מ""ל",false,,8.90,0.0178,true,1,1413445
7290001594575,false,בירה בפחית רד טובורג (500 מל),החברה המרכזית להפצת משקאות בעמ,,בירה טובורג פחית 500,מיליליטרים,500.00,"100 מ""ל",false,,9.10,0.0182,true,1,1413446
7290001594858,false,מארז שישייה בירה טובורג רד (330x6 מל),החברה המרכזית להפצת משקאות בעמ,,טובורג רד שישיה 330,מיליליטרים,1980.00,"100 מ""ל",false,,39.90,0.0202,true,1,1413447
7290001598085,false,לחם משפחתי עם דגנים מקמח מלא,מאפיית יוסף ברון,,לחם קסטן משפחתי חיטה,גרמים,1000.00,100 גרם,false,,16.90,0.0169,true,1,1420514
7290001598115,false,לחם בריאות מקמח מלא 700 גר,מאפיית יוסף ברון,,לחם חיטה מלאה 700 גר,גרמים,700.00,100 גרם,false,,12.90,0.0184,true,1,1420516
7290001598122,false,לחם מיוחד - צהוב מקמח שיפון וקמח מלא,קונדיטוריית ברון,,לחם מיוחד שיפון עם ח,גרמים,700.00,100 גרם,false,,12.90,0.0184,true,1,1420517
7290001598191,false,לחם קל שיפון מלא מהדרין 700גר,מאפיית יוסף ברון בעמ,,לחם שיפון קל ברון 55,גרמים,550.00,100 גרם,false,,12.90,0.0235,true,1,1420519
7290001598269,false,לחם 7 דגנים קל 36 קל' ללא שמרים550 גר',מאפיית יוסף ברון,,לחם מחמצת עם דגנים ב,גרמים,550.00,100 גרם,false,,11.90,0.0216,true,1,1441103
7290001598276,false,"לחם 7 דגנים קל מקמח חיטה מלא ללא שמרים 1.1 ק""ג הברון",מאפיית יוסף ברון,,לחם קסטן מחמצת עם דג,גרמים,1000.00,100 גרם,false,,16.90,0.0169,true,1,1420522
7290001598528,false,לחם כוסמין 100% 450ג' הברון,מאפיית יוסף ברון בעמ,,לחם כוסמין חמשת מיני,גרמים,450.00,100 גרם,false,,16.90,0.0376,true,1,1438750
7290001789742,false,סט 3 קופסאות ריבועיות עם מכסה אדום,,,סט 3 קופסאות ריבועיו,יחידה,1.00,יחידה,false,,9.90,9.9000,true,1,1442763
7290001865439,false,פמילי אל סבון נוזלי בניחוח וניל 1 ליטר,אף.סי תבליני בגליל ב,,פמלי לקשרי 1ליטר וני,מיליליטרים,1000.00,"100 מ""ל",false,,11.90,0.0119,true,1,1431357
7290001881293,false,תות שדה קפוא מאמא מר,מאמא מרי,,תות שדה קפוא מאמא מר,גרמים,300.00,100 גרם,false,,11.90,0.0397,true,1,1420282
7290001881873,false,כרוב כבוש עם חמוציות 750 גר`מאמא מרי,מאמא - מרי בעמ,,כרוב כבוש עם חמוציות,גרמים,750.00,100 גרם,false,,16.90,0.0225,true,1,1420283
7290001892008,false,לחם שיפון בסגנון סקנ,מאפיית פולנסקי,,לחם סקנדנבי ללא סוכר,גרמים,700.00,100 גרם,false,,12.90,0.0184,true,1,1419591
7290001892015,false,לחם בורודינסקי עם כו,מאפיית פולנסקי,,לחם בורודסקי עם קוסב,גרמים,700.00,100 גרם,false,,12.90,0.0184,true,1,1419592
7290001892060,false,לחם שיפון קל דל קלור,מאפיית פולנסקי,,לחם שיפון קל דל קלור,גרמים,700.00,100 גרם,false,,12.90,0.0184,true,1,1419594
7290001892077,false,לחם כפרי/שיפון/אוקרא,מאפיית פולנסקי,,לחם בריאות סובין 700,גרמים,700.00,100 גרם,false,,12.90,0.0184,true,1,1419595
7290001892084,false,לחם חיטה נבוטה 700 ג,מאפיית פולנסקי,,לחם חיטה נבוטה,גרמים,700.00,100 גרם,false,,12.90,0.0184,true,1,1419596
7290001901656,false,היימיש פיש הדג המיוחד 7 קציצות 600 גרם,נאמן לאורך זמן בעמ,,גפילטע פיש צנצנת 7 ק,גרמים,555.00,100 גרם,false,,14.90,0.0268,true,1,1410274
7290001901670,false,גפילטע פיש דיאט 4 קציצות בצנצנת הדג המיוחד 670 גרם,דג טעים בעמ,,שימורי געפילטע פיש ל,גרמים,470.00,100 גרם,false,,22.90,0.0487,true,1,1410275
7290002019787,false,רוטב עגבניות מרוכז מאוד 260 גרם פריניר,ח.כהן סוכנות מזון ומשקאות בע,,פריניר רוטב עגבניות,גרמים,260.00,100 גרם,false,,3.90,0.0150,true,1,1413177
7290002019794,false,רוטב עגבניות מרוכז מאוד 100 גרם פריניר,ח.כהן סוכנות מזון ומשקאות בע,,רסק עגבניות פריניר 1,גרמים,100.00,100 גרם,false,,1.90,0.0190,true,1,1413178
7290002026303,false,"דולצ'ה דה לצ'ה 150 מ""ל - שורטי",מוצרי איכות אמריקאיי,,דולצ'ה דה לצ'ה 150 מ,מיליליטרים,150.00,"100 מ""ל",false,,9.90,0.0660,true,1,1416884
7290002043782,false,אקסטרה צ'יפס אורז חום מלא טקסס ברביקיו 60 גרם,א.ל.ייצור ושיווק תבלינים בעמ,,ציפס אורז חום מלא טק,גרמים,60.00,100 גרם,false,,7.20,0.1200,true,1,1432753
7290002057017,false,זיתים ירוקים נובו קבוצת יבנה (540 גרם),קבוצת יבנה מוצרי מזון אגודה שי,,זיתים נובו ענק יבנה,גרמים,540.00,100 גרם,false,,9.90,0.0183,true,1,1431696
7290002057031,false,זיתים מבוקעים פיקנטי קבוצת יבנה 340 גרם,"קבוצת יבנה מוצרי מזון בע""מ",,זיתים מבוקעים פיקנטי,גרמים,560.00,100 גרם,false,,8.90,0.0159,true,1,1431697
7290002057123,false,זיתים ירוקים מנזנילו קבוצת יבנה 560 גרם,קבוצת יבנה מוצרי מזון אגודה שי,,זית חרוזית ירוק 275,גרמים,275.00,100 גרם,false,,9.50,0.0345,true,1,1413180
7290002057185,false,טבעות זיתים ירוקים קבוצת יבנה 560 גרם,קבוצת יבנה מוצרי מזון אגודה שי,,טבעות זיתים ירוקים ‏,גרמים,275.00,100 גרם,false,,9.90,0.0360,true,1,1413182
7290002057260,false,זיתים מנזנילו גדול 15/17 600 גר' יבנה,קבוצת יבנה,,שי זיתים מנזנילו גדו,גרמים,540.00,100 גרם,false,,8.50,0.0157,true,1,1413184
7290002057352,false,מלפפונים במלח ‏9‏-‏7‏ קבוצת יבנה 320 גרם,"קבוצת יבנה מוצרי מזון בע""מ",,מלפפונים גדולים במלח,גרמים,320.00,100 גרם,false,,6.90,0.0216,true,1,1413185
7290002057369,false,מלפפונים במלח ‏12‏-‏10‏ קבוצת יבנה 320 גרם,"קבוצת יבנה מוצרי מזון בע""מ",,מלפפון קטן במלח 540,גרמים,540.00,100 גרם,false,,7.90,0.0146,true,1,1413186
7290002057376,false,מלפפונים במלח ‏17‏-‏13‏ קבוצת יבנה 320 גרם,"קבוצת יבנה מוצרי מזון בע""מ",,מלפפון קטן במלח 540,גרמים,540.00,100 גרם,false,,9.90,0.0183,true,1,1413187
7290002057383,false,מלפפון יבנה במלח קטנים מאוד 18-25 320 גר יבנה,"קבוצת יבנה מוצרי מזון בע""מ",,מלפפון קטן במלח 18-2,גרמים,540.00,100 גרם,false,,12.90,0.0239,true,1,1413188
7290002057451,false,מלפפונים בחומץ ‏9‏-‏7 קבוצת יבנה 290 גרם,קבוצת יבנה מוצרי מזון אגודה שי,,מלפפון גדול בחומץ 7-,גרמים,540.00,100 גרם,false,,6.90,0.0128,true,1,1413189
7290002057468,false,מלפפון יבנה בחומץ בינוניים 10-12 290 גרם,"קבוצת יבנה מוצרי מזון בע""מ",,מלפפון בחומץ 10-12 י,גרמים,290.00,100 גרם,false,,7.90,0.0272,true,1,1413190
7290002057475,false,מלפפונים בחומץ ‏17‏-‏13 קבוצת יבנה 290 גרם,קבוצת יבנה מוצרי מזון אגודה שי,,מלפפון קטן בחומץ 13-,גרמים,560.00,100 גרם,false,,9.90,0.0177,true,1,1413191
7290002057482,false,מלפפונים קטנים בחומץ קבוצת יבנה 560 גרם,קבוצת יבנה מוצרי מזון אגודה שי,,מלפפון בחומץ 18-25 -,גרמים,560.00,100 גרם,false,,12.90,0.0230,true,1,1413192
7290002057604,false,פלפל חריף שיפקה קבוצת יבנה (540 גרם),קבוצת יבנה מוצרי מזון אגודה שי,,פלפל חריף שיפקה 225,גרמים,225.00,100 גרם,false,,5.90,0.0262,true,1,1413193
7290002057628,false,זיתים מושחרים טבעות קבוצת יבנה (540 גרם),קבוצת יבנה מוצרי מזון אגודה שי,,זיתים מושחרים טבעות,גרמים,540.00,100 גרם,false,,9.90,0.0183,true,1,1431699
7290002057734,false,זיתים חרוזית מושחר קבוצת יבנה 275 גרם,קבוצת יבנה מוצרי מזון בעמ,,זיתים מושחרים ללא גל,גרמים,540.00,100 גרם,false,,8.90,0.0165,true,1,1431700
7290002065555,false,שישיית לחמנייה הכי רכה בהפסקה אנג'ל 450 גרם,מאפיית שלמה א. אנג'\ל בע,,הלחמניה - לחמניות רכ,יחידה,6.00,יחידה,false,,11.90,1.9833,true,1,1406758
7290002065555,false,שישיית לחמנייה הכי רכה בהפסקה אנג'ל 450 גרם,מאפיית שלמה א. אנג'\ל בע,,הלחמניה - לחמניות רכ,יחידה,6.00,יחידה,false,,11.90,1.9833,true,1,1422666
7290002065616,false,לחם שיפון גרעינים פרוס אחדות (750 גרם),מאפיית שלמה א. אנג'\ל בע,,לחם שיפון גרעינים פר,גרמים,750.00,100 גרם,false,,12.90,0.0172,true,1,1406759
7290002079033,false,לחם דגנים לייט פרוס 500 גרם,מאפיית דוידוביץ ובניו בע,,לחם דגנים לייט 500 ג,גרמים,500.00,100 גרם,false,,12.90,0.0258,true,1,1417488
7290002079217,false,מחמצת עם אגוזים שיפון 650 ג',מאפיית דוידוביץ ובני,,מחמצת עם אגוזים שיפו,גרמים,650.00,100 גרם,false,,13.90,0.0214,true,1,1417490
7290002079316,false,חלה רגילה פרוסה 500 גרם,מאפיית דוידוביץ ובני,,חלה פרוסה 500 גרם,גרמים,500.00,100 גרם,false,,9.90,0.0198,true,1,1417491
7290002079361,false,לחמניות המבורגר חתוך 6+2*60 ג',מאפיית דוידוביץ ובני,,מארז המבורגר 2+6 יחי,יחידה,8.00,יחידה,false,,18.90,2.3625,true,1,1417493
7290002079477,false,לחם אחיד פרוס דוידוב,מאפיית דוידוביץ ובניו בע,,לחם אחיד פרוס 750 גר,גרמים,750.00,100 גרם,false,,6.90,0.0092,true,1,1417485
7290002079477,false,לחם אחיד פרוס דוידוב,מאפיית דוידוביץ ובניו בע,,לחם אחיד פרוס 750 גר,גרמים,750.00,100 גרם,false,,6.90,0.0092,true,1,1417495
7290002079996,false,לחם אחיד קל פרוס 750 גרם,מאפיית דוידוביץ ובני,,לחם אחיד קל פרוס 750,גרמים,750.00,100 גרם,false,,11.90,0.0159,true,1,1417499
7290002107491,false,גבינה לבנה מחלב עיזים למריחה 5% משק צוריאל 250 גרם,*החברה המרכזית להפצת משקאותבעמ,,גבינת עיזים למריחה 5,גרמים,250.00,100 גרם,false,,15.90,0.0636,true,1,1413599
7290002109488,false,קבב 100% אמיתי טיבון ויל 440 גרם,"טיבון ויל אחזקות בע""\מ",,קבב אמיתי טיבון ויל,גרמים,440.00,100 גרם,false,,19.90,0.0452,true,1,1439461
7290002128205,false,נרות לא נוטפים 45יח-מנורה,,,נרות חנוכה לוקס 45 י,יחידה,45.00,יחידה,false,,6.90,0.1533,true,1,1413196
7290002130567,false,דבש דבורים טהור פרחי בר יד מרדכי 350 גרם,מכוורת יד מרדכי שטראוס ב,,דבש טהור יד מרדכי 35,גרמים,350.00,100 גרם,false,,18.90,0.0540,true,1,1416470
7290002130574,false,דבש טהור מפרחי בר בזכוכית 500 ג' יד מרדכי,מכוורת יד מרדכי שטראוס ב,,דבש טהור 500 גרם,גרמים,500.00,100 גרם,false,,24.90,0.0498,true,1,1416471
7290002130581,false,דבש טהור מפרחי בר יד מרדכי (1 קג),מכוורת יד מרדכי שטראוס ב,,"דבש טהור 1 ק""ג",גרמים,1000.00,100 גרם,false,,42.90,0.0429,true,1,1416472
7290002132011,false,עוגיות מזרחיות עם שומשום עבאדי (400 גר),מאפיית יוסף ושמחה עבאדי,,עוגיות מזרחיות עבאדי,גרמים,400.00,100 גרם,false,,19.90,0.0497,true,1,1406662
7290002157953,false,מארז נתחי טונה בהירה בשמן קנולה - 4 יחידות,נטו מלינדה סחר בע`מ,,טונה ויליגר שמן קנול,גרמים,560.00,100 גרם,false,,19.90,0.0355,true,1,1408993
7290002157960,false,טונה ויליגר רביעייה 140 גר במי מלח,נטו מילנדה סחר בעמ*,,רביעיית טונה במים 56,גרמים,560.00,100 גרם,false,,21.90,0.0391,true,1,1439494
7290002190141,false,ריבת חלב 450 גר`גלעם קומידה,תומר יבוא ושיווק מוצרי מזון (1,,ריבת חלב 7% חלבי קונ,גרמים,450.00,100 גרם,false,,13.90,0.0309,true,1,1407773
7290002190516,false,"ריבת חלב גלעם-קומידה 500ג' 12X-כשל""פ",תומר יבוא ושיווק מוצרי מזון (1,,ממרח ריבת חלב קומידה,גרמים,500.00,100 גרם,false,,13.90,0.0278,true,1,1407774
7290002198109,false,צלעות אסאדו מעושנות מעדנייה,זוגלובק שיווק בעמ,,צלעות אסאדו מעושנות,קילוגרמים,1.00,"ק""ג",true,,139.00,139.0000,true,1,1438467
7290002253006,false,שום טרי כתוש צנצנת דורות 200 גרם,קבוצת אוסם סחר-שות.מוגבלת,,דורות שום כתוש טרי 2,גרמים,200.00,100 גרם,false,,15.90,0.0795,true,1,1407065
7290002253105,false,שום במגשית 20 שיניים כתושות קפוא 80,קבוצת אוסם סחר-שות.מוגבלת,,דורות קוביות שום טרי,גרמים,80.00,100 גרם,false,,11.90,0.1488,true,1,1407067
7290002253150,false,קוביות בזיליקום קצוץ דורות 70 גרם,קבוצת אוסם סחר שותפות מוגבלת,,דורות בזיליקום קצוץ,גרמים,70.00,100 גרם,false,,11.90,0.1700,true,1,1407068
7290002259640,false,דיימונד רדיד אלומיניום צר 30 ס''מ 7.5 מ'-,ריינולדס מוצרי צריכה,,דיימונד רדיד אלומיני,יחידה,1.00,יחידה,false,,11.90,11.9000,true,1,1408782
7290002331018,false,"נביעות מים עם פקק ספורט 500מ""ל",החברה המרכזית להפצת משקאות בעמ,,מים מינרלים נביעות 5,מיליליטרים,500.00,"100 מ""ל",false,,3.90,0.0078,true,1,1413449
7290002331025,false,"מים מינרלים נביעות ספורט 500 מ""ל פקדון",החברה המרכזית להפצת משקאות בעמ,,נביעות TO GO 500,מיליליטרים,500.00,"100 מ""ל",false,,3.90,0.0078,true,1,1413450
7290002331360,false,"נביעות מים מינרליים טו גו מארז 500X6מ""ל",החברה המרכזית להפצת משקאות בעמ,,נביעות TOGO שישייה 5,מיליליטרים,3000.00,"100 מ""ל",false,,14.90,0.0050,true,1,1413459
7290002331490,false,מים מינרלים נביעות (1 ליטר),החברה המרכזית להפצת משקאות בעמ,,נביעות 1 ליטר,מיליליטרים,1000.00,"100 מ""ל",false,,3.60,0.0036,true,1,1413462
7290002345275,false,פילה דג סלמון מעושן 100 גר,,,סלמון מעושן 100 גרם,גרמים,100.00,100 גרם,false,,19.90,0.1990,true,1,1417186
7290002349228,false,ספוג פלא עם שכבה ירוקה רמי לוי,,,ספוג פלא עם שכבה ירו,יחידה,1.00,יחידה,false,,8.90,8.9000,true,1,1433573
7290002349242,false,זוג מטליות רצפה אנטי,,,זוג מטליות רצפה אנטי,יחידה,2.00,יחידה,false,,15.90,7.9500,true,1,1434168
7290002349341,false,כרית ניקוי מיקרופייבר גיטרה,,,כרית ניקוי מיקרופייב,יחידה,1.00,יחידה,false,,6.90,6.9000,true,1,1436708
7290002349594,false,מטליות משולבות עם ספוג מיקרופייבר,,,מיקרופייבר עם ספוג,יחידה,1.00,יחידה,false,,14.90,14.9000,true,1,1442656
7290002353836,false,סרדינים רוברט בשמן זית 115 גרם,קונסרבס פורטוגל נורטה,,סרדינים רוברט בשמן ז,גרמים,120.00,100 גרם,false,,8.90,0.0742,true,1,1409010
7290002370512,false,גבינת פרמז'ן שקיל שמ,,,גבינת פרמז'ן שקיל שמ,קילוגרמים,1.00,"ק""ג",true,,99.00,99.0000,true,1,1433812
7290002370543,false,גבינת מנצ'גו מחלב כב,,,גבינת מנצ'גו מחלב כב,קילוגרמים,1.00,"ק""ג",true,,99.90,99.9000,true,1,1433813
7290002370598,false,גבינת גאודה בגלגל הו,,,גבינת גאודה מהולנד 3,קילוגרמים,1.00,"ק""ג",true,,69.00,69.0000,true,1,1433818
7290002370628,false,רמי לוי - גבינת קשקב,,,רמי לוי - גבינת קשקב,קילוגרמים,1.00,"ק""ג",true,,69.00,69.0000,true,1,1433821
7290002371533,false,דקניקים סלסולי פסטרמה דבש טירת צבי 120 גרם,תנובה מרכז שיתופי לשיווק תוצרת,,סלסולי פסטרמה דבש 12,גרמים,120.00,100 גרם,false,,14.90,0.1242,true,1,1411771
7290002371540,false,דקניקים קורנדביף ללא גלוטן טירת צבי 120 גרם,תנובה מרכז שיתופי לשיווק תוצרת,,קורנדביף 120 גרם טיר,גרמים,120.00,100 גרם,false,,14.90,0.1242,true,1,1411772
7290002381808,false,נר נשמה שלהבת 24 שעות,,,נר נשמה 24 שעות,יחידה,1.00,יחידה,false,,1.90,1.9000,true,1,1442596
7290002479055,false,דבש טהור עמק חפר 30,,,דבש טהור עמק חפר 30,גרמים,30.00,100 גרם,false,,4.90,0.1633,true,1,1436822
7290002502043,false,בונז'ור לחמניה כריך,בונז'ור,,בונז'ור לחמניה כריך,גרמים,120.00,100 גרם,false,,3.90,0.0325,true,1,1428757
7290002502067,false,בונג'ור חלה קלועה 560 גרם,בונז'ור,,בונז'ור חלה קלועה 15,גרמים,560.00,100 גרם,false,,12.90,0.0230,true,1,1423426
7290002502166,false,בונז'ור חצי באגט 60*,בונז'ור,,בונז'ור חצי באגט 60*,גרמים,190.00,100 גרם,false,,3.20,0.0168,true,1,1423262
7290002507451,false,קציצות דג סלמון דלידג 750 גר',נטו מלינדה סחר בעמ,,קציצות דג סלמון 750,גרמים,750.00,100 גרם,false,,31.30,0.0417,true,1,1409024
7290002507604,false,פיצה שגב השף מאיטליה 350 גרם,האי נאם סי או אל.טי.,,פיצת השף שגב 320 גרם,גרמים,320.00,100 גרם,false,,16.90,0.0528,true,1,1409025
7290002511137,false,מעדניה - פטה עיזים,מחלבת המושבה,,מעדניה - פטה עיזים,קילוגרמים,1.00,"ק""ג",true,,99.90,99.9000,true,1,1417171
7290002511236,false,בולגרית מעודנת5% במשקל,"מחלבת המושבה בע""מ",,מעדניה-בולגרית חלקה,קילוגרמים,1.00,"ק""ג",true,,46.90,46.9000,true,1,1417162
7290002511281,false,גבינת ברינזה צאן18% משקל,"מחלבת המושבה בע""מ",,מעדניה-ברינזה צאן,קילוגרמים,1.00,"ק""ג",true,,79.90,79.9000,true,1,1417164
7290002511403,false,משקה קפיר המושבה 2 ל,"מחלבת המושבה בע""מ",,יוגורט כפיר 3% שומן,ליטרים,2.00,ליטר,false,,22.90,11.4500,true,1,1417172
7290002511410,false,יוגורט ריז'ינקה 3% ש,"מחלבת המושבה בע""מ",,יוגורט ריז'ינקה 3% ש,ליטרים,2.00,ליטר,false,,22.90,11.4500,true,1,1417173
7290002542506,false,"בקבוק בירה קורונה 355 מ""ל",קריניציה ויטמינה אס,,בירה קורונה בקבוק 35,מיליליטרים,355.00,"100 מ""ל",false,,7.90,0.0223,true,1,1415205
7290002542773,false,"בירה סטלה ארטואה בקבוק 330 מ""ל","אינבב, ברוורייפליין",,בירה סטלה ארטואה 330,מיליליטרים,330.00,"100 מ""ל",false,,6.50,0.0197,true,1,1440273
7290002542780,false,"שישייה בירה סטלה ארטואה בקבוק 330X6 מ""ל","אינבב, ברוורייפליין",,סטלה ארטואה שישיה -3,מיליליטרים,1980.00,"100 מ""ל",false,,37.90,0.0191,true,1,1440274
7290002543046,false,דגני בוקר קלוגס פרוסטיס 750 גרם,דיפלומט מפיצים (1968) בעמ**,,קלוגס פרוסטיס 750 גר,גרמים,750.00,100 גרם,false,,17.90,0.0239,true,1,1408199
7290002543237,false,דגני בוקר קלוגס קורנפלקס 750 גרם,קלוגס קומפני אוף גרייט ב,,קלוגס קורנפלקס 750 ג,גרמים,750.00,100 גרם,false,,14.90,0.0199,true,1,1408200
7290002579533,false,צימרונים מעץ בשקית,חביב,,צימרונים מעץ בשקית,יח',1.00,יח',false,,1.50,1.5000,true,1,1410247
7290002599029,false,תבליני יונה פפריקה מתוקה בשמן 80ג,תבליני יונה,,תבליני יונה טעמים שו,יחידה,1.00,יחידה,false,,4.50,4.5000,true,1,1420267
7290002599036,false,פלפל לבן/שחור 50גר,תבליני יונה,,פלפל שחור גרוס,יחידה,1.00,יחידה,false,,4.50,4.5000,true,1,1420268
7290002599081,false,תבליני יונה -עלי דפנ,תבליני יונה,,תבליני יונה -עלי דפנ,יחידה,1.00,יחידה,false,,4.50,4.5000,true,1,1420269
7290002599104,false,תבליני יונה תבלינים שונים.,תבליני יונה,,תבליני יונה -קוסברה/,יחידה,1.00,יחידה,false,,4.50,4.5000,true,1,1420270
7290002599197,false,תבליני יונה פלפל שחור שלם 50גר,תבליני יונה,,"פלפל שחור+ לבן50 ג """,יחידה,1.00,יחידה,false,,4.50,4.5000,true,1,1420271
7290002603498,false,פיצת השף מאיטליה CHEF שגב אנטיפסטי 220,האי נאם סי או אל.טי.,,פיצה אפויה עם אנטיפס,גרמים,220.00,100 גרם,false,,16.90,0.0768,true,1,1409030
7290002603788,false,קובה חמוסטה 600 גר רמי לוי,,,קובה חמוסטטה 600 גרם,גרמים,600.00,100 גרם,false,,11.90,0.0198,true,1,1427667
7290002603900,false,פלאפל 500 גר רמי לוי,,,כדורי פלאפל 600 גרם,גרמים,600.00,100 גרם,false,,11.90,0.0198,true,1,1428240
7290002603931,false,מאפה פסטל בשר 600 גר רמי לוי,,,פסטל בשר 600 גרם רמי,גרמים,600.00,100 גרם,false,,11.90,0.0198,true,1,1428242
7290002603948,false,"מאפה פסטל תפו""א 600 גר רמי לוי",,,פסטל תפוא 600 גרם רמ,גרמים,600.00,100 גרם,false,,11.90,0.0198,true,1,1427669
7290002603955,false,מאפה סיגר בשר 600 גר רמי לוי,,,סיגרים בשר 600 גרם ר,גרמים,600.00,100 גרם,false,,11.90,0.0198,true,1,1427670
7290002603962,false,"מאפה סיגר תפו""א 600 גר רמי לוי",,,סיגרים תפוא 600 גרם,גרמים,600.00,100 גרם,false,,11.90,0.0198,true,1,1427671
7290002603986,false,פיצה מרגריטה זוג 640 גרם רמי לוי,,,פיצה מרגריטה רמי לוי,גרמים,640.00,100 גרם,false,,20.90,0.0327,true,1,1440030
7290002610151,false,עוף מספר 1 קפוא ארוז חתם סופר,,,עוף מס' 1 קפוא חתם ס,קילוגרמים,1.00,"ק""ג",true,,19.90,19.9000,true,1,1428326
7290002610175,false,כרעיים עוף ארוז קפוא חתם סופר,,,כרעיים עוף ארוז קפוא,קילוגרמים,1.00,"ק""ג",true,,24.90,24.9000,true,1,1428328
7290002610182,false,חזה עוף קפוא ארוז חתם סופר,,,חזה עוף ארוז קפוא חת,קילוגרמים,1.00,"ק""ג",true,,23.90,23.9000,true,1,1428329
7290002610236,false,שניצל עוף פרוס ארוז קפוא חתם סופר,,,שניצל עוף פרוס ארוז,קילוגרמים,1.00,"ק""ג",true,,26.90,26.9000,true,1,1428334
7290002627098,false,פיצה ביס 350 גר` שלושת האופים 12 יח,שגמור ייצור ושווק מוצרי,,פיצה ביס שלושת האופי,גרמים,350.00,100 גרם,false,,14.90,0.0426,true,1,1437033
7290002627135,false,פיצה איטלקית ד.גבינה 340 ג,,,פיצה אקסטרא גבינה רמ,גרמים,340.00,100 גרם,false,,12.90,0.0379,true,1,1440032
7290002654674,false,תערובת להכנת עוגת שוקולד כהאנס 560ג',נאמן לאורך זמן בעמ,,אבקת אינסטנט עוגת שו,גרמים,560.00,100 גרם,false,,15.00,0.0268,true,1,1410278
7290002654681,false,תערובת להכנת כדורי שוקולד 500ג',נאמן לאורך זמן בעמ,,אבקת כדורי שוקולד 50,גרמים,500.00,100 גרם,false,,17.00,0.0340,true,1,1410279
7290002657866,false,"פילה אמנון""דלידג מהדרין",גואנדונג יוג'יה סיפו,,מעדניה - פילה אמנון,קילוגרמים,1.00,"ק""ג",true,,29.90,29.9000,true,1,1431900
7290002703037,false,דבש 30 גרם,,,דבש 30 גרם,גרמים,30.00,100 גרם,false,,4.90,0.1633,true,1,1442659
7290002715375,false,קבב יווני טיבון ויל 400 גרם,טיבון ויל אחזקות בעמ,,קבב יווני 400 גרם,גרמים,400.00,100 גרם,false,,19.90,0.0497,true,1,1409033
7290002730262,false,נוזל לניקוי כלים קלאסי פלמוליב (750 מל),יבואן ומשווק: ש. שסט,,נוזל כלים 18% קלאסי,מיליליטרים,750.00,"100 מ""ל",false,,11.90,0.0159,true,1,1414185
7290002730903,false,פלמוליב סבון מוצק ורדים רביעייה * 125 ג',הנסיך- מפעל לייצור ט,,סבון רחצה מוצק חלב ו,גרמים,360.00,100 גרם,false,,16.90,0.0469,true,1,1414191
7290002730958,false,סבון מוצק בניחוח זיתים ואלוורה פלמוליב 4*100 גרם,הנסיך- מפעל לייצור ט,,סבון רחצה מוצק זיתים,גרמים,360.00,100 גרם,false,,16.90,0.0469,true,1,1414193
7290002735809,false,בצק עלים רמי לוי 1קג,ינון,,רמי לוי בצק עלים 1 ק,גרמים,1000.00,100 גרם,false,,12.90,0.0129,true,1,1413820
7290002735816,false,גחנון רמי לוי 750 גרם,ינון,,רמי לוי ג'חנון 750 ג,גרמים,750.00,100 גרם,false,,12.90,0.0172,true,1,1413821
7290002735823,false,מלווח רמי לוי 700 גרם,ינון,,מלווח רמי לוי 700 גר,גרמים,700.00,100 גרם,false,,12.90,0.0184,true,1,1413822
7290002735830,false,בורקס תפוא רמי לוי 800 גרם,ינון,,רמי לוי בורקס תפו'א,גרמים,800.00,100 גרם,false,,11.90,0.0149,true,1,1413823
7290002735847,false,בורקס גבינה רמי לוי 800 גרם,ינון,,רמי לוי בורקס גבינה,גרמים,800.00,100 גרם,false,,13.90,0.0174,true,1,1413824
7290002735854,false,גחנון אפוי רמי לוי 600 גרם,ינון,,רמי לוי ג'חנון אפוי,גרמים,600.00,100 גרם,false,,12.90,0.0215,true,1,1413825
7290002752332,false,"סוכריות מנטוס פירות בגליל, 37.5 גרם",הדקלאים אגודת שיתופי,,סוכריות בגליל בטעם פ,גרמים,37.50,100 גרם,false,,3.50,0.0933,true,1,1412164
7290002752349,false,סוכריות מנטוס מנטה 40יח' בגליל 38ג',ליימן שליסל בעמ,,מנטוס מנטה 40גלילים,גרמים,37.50,100 גרם,false,,3.50,0.0933,true,1,1412165
7290002752349,false,סוכריות מנטוס מנטה 40יח' בגליל 38ג',ליימן שליסל בעמ,,סוכריות בגליל בטעם מ,גרמים,37.50,100 גרם,false,,3.50,0.0933,true,1,1423626
7290002757139,false,מלוואח 700 גר' שלושת האופים קהילות,נטו מלינדה סחר בע`מ,,שלושת האופים מלאווח,גרמים,700.00,100 גרם,false,,15.90,0.0227,true,1,1409034
7290002757672,false,המבורגר מזרחי טיבון ויל 400ג',נטו מילנדה סחר בעמ*,,המבורגר 400 גרם,גרמים,400.00,100 גרם,false,,10.90,0.0273,true,1,1409039
7290002769361,false,פחזניות חלבי 280 גרם,,,פחזניות חלבי 280 גרם,גרמים,280.00,100 גרם,false,,19.90,0.0711,true,1,1432078
7290002769675,false,עוגת מאפינס פרג 450 גר',אחווה,,עוגת מאפינס ללא תוספ,גרמים,450.00,100 גרם,false,,12.90,0.0287,true,1,1435047
7290002769767,false,קצפות מובחרות אדל חלבי,דין שיווק,,"קצפות מובחרות ""אדל""",יחידה,1.00,יחידה,false,,37.90,37.9000,true,1,1431877
7290002769910,false,עוגיות מיוחדות ללא סוכר 300 גר',מאפיית ישראל חיפה,,עוגיות ללא תוספת סוכ,גרמים,350.00,100 גרם,false,,10.90,0.0311,true,1,1431110
7290002771128,false,קפה אלנח'לה בלי הל 250 ג',קפה אל נחלה בני רפיק,,קפה אל נחלה 250 גרם,גרמים,250.00,100 גרם,false,,16.90,0.0676,true,1,1431933
7290002787884,false,"מקלות פילו תפו""א 600 גרם שלושת האופים",נטו מלינדה סחר בע`מ,,מקלות בורקס פילו תפו,גרמים,600.00,100 גרם,false,,21.90,0.0365,true,1,1409041
7290002793311,false,שירות והחלפה מילוי גז 60 סודהסטרים,א.א צ יקו שיווק והפצה,,שירות והחלפה מילוי ג,יחידה,1.00,יחידה,false,,55.90,55.9000,true,1,1429379
7290002824183,false,"גבינה לבנה סקי 500 גרם 5% ""שטראוס"" -מוצר בפיקוח",שטראוס גרופ בעמ/מצונן,,גבינה לבנה סקי 5% 50,גרמים,500.00,100 גרם,false,,9.95,0.0199,true,1,1405600
7290002824466,false,יוגורט דנונה ביו לבן 0% שומן 200 גרם,שטראוס גרופ בעמ/מצונן,,דנונה ביו 0% 200 גרם,גרמים,200.00,100 גרם,false,,3.70,0.0185,true,1,1405601
7290002824640,false,"גבינת סקי 250 גרם 5% ""שטראוס"" -מוצר בפיקוח",שטראוס גרופ בעמ/מצונן,,גבינה לבנה סקי 5% שט,גרמים,250.00,100 גרם,false,,4.98,0.0199,true,1,1405602
7290002825722,false,כרוב אדום במיונז אחלה (500 גרם),שטראוס גרופ בעמ/מצונן,,כרוב סגול במיונז 500,גרמים,575.00,100 גרם,false,,13.80,0.0240,true,1,1405603
7290002827634,false,צלעות כבש פרוס ארוז מחפוד,,,צלעות כבש פרוס ארוז,קילוגרמים,1.00,"ק""ג",true,,199.90,199.9000,true,1,1439221
7290002830948,false,גבינת עיזים מותכת 30% מון בלאן 120 גרם,סלס קרית מלאכי ישראל,,גבינה מותכת עיזים 25,גרמים,120.00,100 גרם,false,,11.40,0.0950,true,1,1409042
7290002868996,false,"קוטג' 5% שומן, רכיבים טבעיים, 250 גרם",*החברה המרכזית להפצת משקאותבעמ,,גבינת קוטג' מועשר 5%,גרמים,250.00,100 גרם,false,,5.50,0.0220,true,1,1413601
7290002879633,false,וופל בלגי אמיתי רזיט 550 גרם,אן.וי ביסקוויטרי טיז,,וופל בלגי מאפה מתוק,גרמים,550.00,100 גרם,false,,25.90,0.0471,true,1,1436604
7290002881018,false,מעדן תות שדה סאן מורנו 284 גרם,קריות זול,,קונפ' סן מורנו תות ש,גרמים,284.00,100 גרם,false,,10.90,0.0384,true,1,1407775
7290002881025,false,מעדן דובדבן חמוץ 100% 284 גרם,קריות זול,,קונפ' סן מורנו דבדבן,גרמים,284.00,100 גרם,false,,10.90,0.0384,true,1,1407776
7290002881032,false,מעדן אוכמניות כחולות 100% 284 גרם,קריות זול,,קונפ' סן מורנו אוכמנ,גרמים,284.00,100 גרם,false,,10.90,0.0384,true,1,1407777
7290002881056,false,סן מורנו מעדן משמש 2,קריות זול,,קונפ' סן מורנו משמש,גרמים,284.00,100 גרם,false,,10.90,0.0384,true,1,1407778
7290002881094,false,מעדן פטל 100% פרי ללא תוספת סוכר 284 גרם,קריות זול,,מעדן פרי 4 פירות 284,גרמים,284.00,100 גרם,false,,14.90,0.0525,true,1,1407779
7290002881216,false,רסק תפוחי עץ לא ממותק תומר 700 גרם,תומר ייבוא ושיווק מוצרי מזון [,,רסק תפוחי עץ לא ממות,גרמים,720.00,100 גרם,false,,10.90,0.0151,true,1,1407782
7290002881230,false,חתיכות אננס בסירופ קל תומר 850 גרם,תומר יבוא ושיווק מוצרי מזון (1,,חתיכות אננס בסירופ ק,יחידה,0.00,יחידה,false,,10.90,0.0000,true,1,1414598
7290002881247,false,פרוסות אננס בסירופ קל תומר 850 גרם,תומר יבוא ושיווק מוצרי מזון (1,,פרוסות אננס בסירופ ק,יחידה,0.00,יחידה,false,,10.90,0.0000,true,1,1414599
7290002881278,false,ליפתן חצאי אפרסקים ת,אלבס אס.א.גריק,,ליפתן חצאי אפרסקים ת,גרמים,820.00,100 גרם,false,,11.90,0.0145,true,1,1414601
7290002881407,false,נודלס אטריות ביצים דק תומר 400ג',תומר יבוא ושיווק מוצרי מזון (1,,נודלס דק אטריות מביצ,גרמים,400.00,100 גרם,false,,7.90,0.0198,true,1,1407784
7290002881513,false,חמאת בוטנים עם שברי בוטנים תמר 510 גר',Niza s a,,חמאת בוטנים עם שברי,גרמים,510.00,100 גרם,false,,12.50,0.0245,true,1,1414604
7290002881612,false,לפתן דובדבנים חמוצים ללא חרצן תומר 720 ג',תומר יבוא ושיווק מוצרי מזון (1,,לפתן דובדבנים חמוצים,גרמים,680.00,100 גרם,false,,10.90,0.0160,true,1,1407787
7290002881742,false,לבבות דקל פרוסות תומר 400 גרם,תומר ייבוא ושיווק מוצרי מזון [,,לבבות דקל פרוסות 400,גרמים,400.00,100 גרם,false,,8.00,0.0200,true,1,1407788
7290002881803,false,שמן קנולה מזוכך 1 ליטר,,,שמן קנולה 1 ליטר תומ,מיליליטרים,1000.00,"100 מ""ל",false,,10.90,0.0109,true,1,1436718
7290002881919,false,פיטריות שמפניון שלמות קטנות תומר 400 גרם,גיבונג אינדסקיאלס,,פטריות שלמות 400 גרם,גרמים,400.00,100 גרם,false,,6.90,0.0173,true,1,1407791
7290002881940,false,סרדינים מרוקאי בשמן חמניות 125ג' תומר,תומר ייבוא ושיווק מוצרי מזון [,,שימורי סרדין מרוקאי,גרמים,125.00,100 גרם,false,,5.90,0.0472,true,1,1407793
7290002881957,false,סרדינים מרוקאי חריף בשמן חמניות 125ג' תומר,תומר ייבוא ושיווק מוצרי מזון [,,סרדין מרוקאי חריף 12,גרמים,125.00,100 גרם,false,,5.90,0.0472,true,1,1407794
7290002881964,false,סרדינים מרוקאי ברוטב עגבניות 125ג' תומר,תומר ייבוא ושיווק מוצרי מזון [,,שימורי סרדין מרוקאי,גרמים,125.00,100 גרם,false,,5.90,0.0472,true,1,1407795
7290002881988,false,סרדינים בשמן חמניות ולימון תומר 125 גרם,תומר ייבוא ושיווק מוצרי מזון [,,שימורי סרדין מרוקאי,גרמים,125.00,100 גרם,false,,5.90,0.0472,true,1,1407796
7290002900092,false,סטייק בורגר טירת צבי,הנסיך- מפעל לייצור ט,,סטייקבורגר 100% בקר,גרמים,400.00,100 גרם,false,,17.90,0.0447,true,1,1427852
7290002900207,false,המבורגר אמיתי 100% 400 גרם-תנובה,הנסיך- מפעל לייצור ט,,המבורגר אמיתי טירת צ,גרמים,400.00,100 גרם,false,,17.90,0.0447,true,1,1423179
7290002900214,false,קבב מזרחי טירת צבי 4,טיב טירת צבי 2000,,קבב מזרחי 450 גרם,גרמים,450.00,100 גרם,false,,17.90,0.0398,true,1,1423180
7290002900566,false,פסטרמה ברביקיו דל שומן טירת צבי 400 גרם,הנסיך- מפעל לייצור ט,,פסטרמה ברביקיו דלת-ש,גרמים,360.00,100 גרם,false,,25.90,0.0719,true,1,1411723
7290002929642,false,נתחי טונה בהירה בשמן ויליגר (140x4 גרם),דיאמנט פוד פרודקט קו,,טונה ויליגר שמן 4*14,גרמים,560.00,100 גרם,false,,19.90,0.0355,true,1,1409046
7290002954026,false,"שמן תירס ""שוקחה"" 3 ליטר",בני ג`ורג` שוקחה (חיפה) בעמ,,שמן תירס שוקחה 3 ליט,מיליליטרים,3000.00,"100 מ""ל",false,,47.50,0.0158,true,1,1441467
7290002966005,false,קוויאר אדום מאצות ים 100גר,,,קוויאר אדום 100 ג' ב,יחידה,0.00,יחידה,false,,14.00,0.0000,true,1,1419409
7290002966012,false,קוויאר שחור מאצות ים 100גר,,,קוויאר שחור 100 ג' ב,יחידה,0.00,יחידה,false,,14.00,0.0000,true,1,1419410
7290002971009,false,"קמח חיטה לבן בהיר שטיבל 1 ק""ג",תומר יבוא ושיווק מוצרי מזון (1,,"קמח לבן שטיבל 1 ק""ג",קילוגרמים,1.00,"ק""ג",false,,4.90,4.9000,true,1,1440328
7290002986652,false,גטניו פתי בר שוקו 470 גרם,"אחים גטניו בע""מ",,גטניו פתי בר שוקו 47,גרמים,470.00,100 גרם,false,,10.90,0.0232,true,1,1413202
7290002987963,false,"חומוס אחלה 1 ק""ג שטראוס",שטראוס גרופ בעמ/מצונן,,חומוס אחלה 1 קג,גרמים,1000.00,100 גרם,false,,13.80,0.0138,true,1,1405604
7290003001064,false,מעדניה - פילה אמנון,,,מעדניה - פילה אמנון,קילוגרמים,1.00,"ק""ג",true,,30.90,30.9000,true,1,1432677
7290003009596,false,סירופ דיאט אשכוליות 750 מל פיקדון,החברה המרכזית להפצת משקאות בעמ,,סירופ דיאט אשכוליות,מיליליטרים,750.00,"100 מ""ל",false,,24.20,0.0323,true,1,1431782
7290003009640,false,מיץ תפוזים סחוט רכיבים טבעיים פריגת 1 ליטר,*החברה המרכזית להפצת משקאותבעמ,,מיץ תפוזים פריגת סחו,מיליליטרים,1000.00,"100 מ""ל",false,,16.20,0.0162,true,1,1413469
7290003029181,false,משקה יטבתה שוקו' בקבוק 1ל מהדרין,שטראוס גרופ בעמ/מצונן,,שוקו בבקבוק 2% יטבתה,מיליליטרים,1000.00,"100 מ""ל",false,,11.90,0.0119,true,1,1405608
7290003029372,false,יטבתה משקה בטעם בננה %3 בקבוק 1 ליטר,שטראוס גרופ בעמ/מצונן,,משקה חלב בננה 2% בקב,מיליליטרים,1000.00,"100 מ""ל",false,,11.90,0.0119,true,1,1405610
7290003029389,false,"משקה חלב בננה פקק ספורט 250 מ""ל יוטבתה",שטראוס גרופ בעמ/מצונן,,משקה חלב בננה 2% פקק,מיליליטרים,250.00,"100 מ""ל",false,,5.50,0.0220,true,1,1405611
7290003029433,false,"משקה יטבתה שוקו פקק 250 מ""ל מהדרין",שטראוס גרופ בעמ/מצונן,,שוקו יטבתה 2% פקק יט,גרמים,250.00,100 גרם,false,,5.50,0.0220,true,1,1405612
7290003029532,false,מוקה בבקבוק יטבתה 1 ליטר מהדרין,שטראוס גרופ בעמ/מצונן,,משקה מוקה יטבתה 1 לי,מיליליטרים,1000.00,"100 מ""ל",false,,11.90,0.0119,true,1,1405613
7290003029792,false,"משקה יטבתה שוקו שקיות מהדרין מארז 225X8מ""ל",שטראוס גרופ בעמ/מצונן,,מארז 8 שקיות שוקו -,יחידה,8.00,יחידה,false,,19.90,2.4875,true,1,1405615
7290003029815,false,חלב מועשר 3% בכד יטבתה 2 ליטר,שטראוס גרופ בעמ/מצונן,,כד 2 ליטר חלב 3%- מה,מיליליטרים,2000.00,"100 מ""ל",false,,14.90,0.0075,true,1,1405616
7290003029907,false,משקה חלב אייס קפה 2% יטבתה (1 ליטר,שטראוס גרופ בעמ/מצונן,,אייס קפה 1 ליטר,מיליליטרים,1000.00,"100 מ""ל",false,,11.90,0.0119,true,1,1405618
7290003060009,false,"קמח חיטה לבן בהיר טחנות ישראליות 1 ק""ג",טחנות ישראליות,,קמח חיטה לבן בהיר 1,גרמים,1000.00,100 גרם,false,,4.50,0.0045,true,1,1413203
7290003060023,false,"סולת חיטה 1 ק""ג מטחנות ישראליות",טחנות ישראליות,,"סולת חיטה 1 ק""ג",גרמים,1000.00,100 גרם,false,,5.90,0.0059,true,1,1413204
7290003066056,false,ראנד עוגת גבינה עגולה עו,,,"ראנד גבינה ""אדל""",יחידה,1.00,יחידה,false,,29.90,29.9000,true,1,1431875
7290003069682,false,בצק פילאס תורכי שלושת האופים (500 גרם),נטו מלינדה סחר בע`מ,,בצק פילאס תורכי שלוש,גרמים,500.00,100 גרם,false,,21.90,0.0438,true,1,1409048
7290003094127,false,קוויאר פחיות צארסקיה,א.ר.ד.י.ו,,קוויאר צרסקיה 190 גר,גרמים,190.00,100 גרם,false,,68.90,0.3626,true,1,1419171
7290003094400,false,קוויאר אדום 140 גרם,א.ר.ד.י.ו,,קוויאר אדום 140 גרם,גרמים,140.00,100 גרם,false,,44.90,0.3207,true,1,1419173
7290003126712,false,יוגורט עיזים מחלב מלא 3.7% משק צוריאל 150 גרם,*החברה המרכזית להפצת משקאותבעמ,,יוגורט עיזים טבעי 15,גרמים,150.00,100 גרם,false,,6.70,0.0447,true,1,1413602
7290003126958,false,טופו גבינה גוש בואקום צוריאל 300 ג',*החברה המרכזית להפצת משקאותבעמ,,טופו גולמי 300 גרם,גרמים,300.00,100 גרם,false,,12.90,0.0430,true,1,1413603
7290003133123,false,לחם זהב עגול אוקראיני 750 ג',מאפיית דוידוביץ ובני,,לחם זהב עגול אוקראינ,גרמים,750.00,100 גרם,false,,12.90,0.0172,true,1,1417501
7290003133505,false,לחם שיפונטו דוידוביץ,מאפיית דוידוביץ ובני,,לחם שיפונטו 750 גרם,גרמים,750.00,100 גרם,false,,11.90,0.0159,true,1,1417503
7290003141159,false,יוגטה מרשמלו ממתק מוקצף בטעמי תות שדה ווניל 180 גרם,ליימן שליסל בעמ,,יוגטה מרשמלו - 180 ג,גרמים,180.00,100 גרם,false,,6.90,0.0383,true,1,1412318
7290003143146,false,ממרח תמרים קליית גת (450 גרם),הדקלאים אגודת שיתופי,,ממרח תמרים קלית גת 4,גרמים,450.00,100 גרם,false,,5.90,0.0131,true,1,1412321
7290003143276,false,יוגטה מרשמלו ממתק מוקצף בטעם תות שדה 180 גרם,ליימן שליסל בעמ,,מרשמלו מגולגל יוגטה,גרמים,180.00,100 גרם,false,,6.90,0.0383,true,1,1412322
7290003185719,false,קבב רומני טיבון ויל 500 גרם,טיבון ויל אחזקות בעמ,,קבב רומני טיבון ויל,גרמים,500.00,100 גרם,false,,19.90,0.0398,true,1,1439465
7290003220380,false,"עוגיות סנדויץ' במילוי קרם שוקולד ""מעדני המלך"" 150 גרם",רזיט שיווק בעמ,,מעדני המלך סנדוויץ',גרמים,150.00,100 גרם,false,,3.50,0.0233,true,1,1427889
7290003220397,false,עוגיות סנדוויץ וניל 150 ג' נאפה מעדני מלך,אחים פפושדו,,מעדני המלך סנדוויץ',גרמים,150.00,100 גרם,false,,3.50,0.0233,true,1,1427890
7290003220403,false,מעדני המלך- קרקר מלוח 110 גרם,מגדנית הדר,,קרקר מלח מעדני מלך 1,גרמים,110.00,100 גרם,false,,3.20,0.0291,true,1,1437500
7290003220410,false,"קרקר עם שומשום ""מעדני המלך"" 110 גרם",מגדנית הדר,,קרקר שומשום מעדני מל,גרמים,110.00,100 גרם,false,,3.20,0.0291,true,1,1437501
7290003220441,false,מעדני המלך- פתי בר שוקו 110 גר',מגדנית הדר,,פתי בר שוקו מעדני מל,גרמים,110.00,100 גרם,false,,2.90,0.0264,true,1,1437503
7290003220588,false,"רוטה צ'ילי מתוק ללא סוכר 700 מ""ל WOK",תאי פרידה אינדסטרי ב,,רוטב צי'לי מתוק ללא,מיליליטרים,700.00,"100 מ""ל",false,,14.90,0.0213,true,1,1433504
7290003220595,false,"ווק אורז לסושי 1 ק""ג WOK","מיה תעשיות מזון בע""מ",,"ווק אורז לסושי 1 ק""ג",גרמים,1000.00,100 גרם,false,,12.90,0.0129,true,1,1413209
7290003220649,false,"שמן שומשום 100% טהור 150 מ""ל",הו צ'קינג הינג אוי פ,,ווק שמן שומשום 100%,מיליליטרים,150.00,"100 מ""ל",false,,14.50,0.0967,true,1,1413210
7290003220717,false,WOK אצות נורי סילבר 10 יחידות,ג'י וואן גלובול נאט,,אצות נורי לסושי ווק,יחידה,10.00,יחידה,false,,12.90,1.2900,true,1,1413211
7290003220786,false,"אטריות אורז ללא גלוטן 5 מ""מ 400 ג' WOK",אסיאן סופירה פודס חב,,ווק אטריות אורז עובי,גרמים,400.00,100 גרם,false,,9.90,0.0248,true,1,1413213
7290003220830,false,"WOK חומץ אורז יסמין 500 מ""ל",דיאמונד פריזרוד פודס,,ווק חומץ אורז יסמין,מיליליטרים,500.00,"100 מ""ל",false,,14.90,0.0298,true,1,1413214
7290003220939,false,אטריות אורז דקיקות ללא גלוטן 400 ג' WOK,אסיאן סופירה פודס חב,,ווק אטריות אורז דקיק,גרמים,400.00,100 גרם,false,,9.90,0.0248,true,1,1413215
7290003220977,false,מעדני המלך ביסקוויט חצי ירח מצופה 175 גר,רזיט שיווק בעמ,,מעדני מלך ביסקוויט י,גרמים,175.00,100 גרם,false,,6.90,0.0394,true,1,1434614
7290003222094,false,פיתה ביס תימני 11 יח מכבים,פיתות מכבים י.מ. בעמ,,מארז פיתות ביס קמח מ,יחידה,11.00,יחידה,false,,11.90,1.0818,true,1,1419600
7290003222568,false,פיתה המכבים 100 גרם 5 יח',פיתות מכבים י.מ. בעמ,,פיתה המכבים 100 גרם,יחידה,5.00,יחידה,false,,4.90,0.9800,true,1,1417507
7290003222780,false,פיתות מקמח מלא מאפיית המכבים 5 יחידות,מאפיית המכבים,,5 פיתות כפרי,יחידה,5.00,יחידה,false,,5.90,1.1800,true,1,1419602
7290003222797,false,פיתה קמח כוסמין 10 יח' המכבים,פיתות מכבים י.מ. בעמ,,מארז פיתה כוסמין 10י,יחידה,10.00,יחידה,false,,13.90,1.3900,true,1,1419603
7290003224128,false,כיסוני תפוא 800 גר`קפוא מאמא מרי,מאמא - מרי בעמ,,"כיסונים עם תפ""א קפוא",גרמים,800.00,100 גרם,false,,17.90,0.0224,true,1,1420284
7290003224159,false,בלינצ`ס במילוי בשר 400 גר`מאמא מרי,מאמא - מרי בעמ,,בלינצ'ס במילוי בשר מ,גרמים,400.00,100 גרם,false,,19.90,0.0497,true,1,1420286
7290003224173,false,בלינצ'יס פטריות 7 יחידות,"מאמא מרי בע""מ",,בלינצ'יס עם פטריות מ,יחידה,7.00,יחידה,false,,17.90,2.5571,true,1,1420287
7290003224333,false,דובדבנים חמוצים מגול,מאמא מרי,,דובדבנים חמוצים מגול,גרמים,300.00,100 גרם,false,,12.90,0.0430,true,1,1420289
7290003224357,false,קוואס משקה מאלט ביתי,,,קוואס משקה מאלט ביתי,מיליליטרים,2000.00,"100 מ""ל",false,,14.20,0.0071,true,1,1420291
7290003224456,false,"כיסונים בשר סיבירסקי מאמא מרי 1 ק""ג",מאמא - מרי בעמ,,כיסוני בשר סיבירסקי,גרמים,1000.00,100 גרם,false,,27.90,0.0279,true,1,1420293
7290003224487,false,"כיסונים בשר 1 ק""ג מאמא מרי",מאמא - מרי בעמ,,כיסונים עם בשר קפוא,גרמים,1000.00,100 גרם,false,,27.90,0.0279,true,1,1420296
7290003224579,false,כיסונים במילוי בשר 1.5 קג`XXL מאמא מרי,מאמא - מרי בעמ,,כיסוני בשר מאמא מרי,גרמים,1500.00,100 גרם,false,,38.90,0.0259,true,1,1420298
7290003224654,false,מיקס פירות יער 380 גרם,מאמא מרי,,מיקס פירות יער מאמא,גרמים,300.00,100 גרם,false,,12.90,0.0430,true,1,1414657
7290003224753,false,פירות יער דמדמניות אדומות 380 גר,מאמא מרי,,דומדמניות אדומות קפו,גרמים,300.00,100 גרם,false,,10.90,0.0363,true,1,1420300
7290003229109,false,פסטרמה הודו בפפריקה טירת צבי (400 גרם),תנובה מרכז שיתופי לשיווק תוצרת,,א.מ. פסטר' בפפריקה 4,גרמים,400.00,100 גרם,false,,25.90,0.0647,true,1,1411724
7290003229116,false,פסטרמה הודו בדבש שומן טירת צבי 400 גרם,תנובה מרכז שיתופי לשיווק תוצרת,,פסטרמה הודו בדבש 3%,גרמים,400.00,100 גרם,false,,25.90,0.0647,true,1,1411775
7290003229123,false,פסטרמה הודו על גחלים 2% טירת צבי 400 גרם,תנובה מרכז שיתופי לשיווק תוצרת,,פסטרמה הודו על גחלים,גרמים,400.00,100 גרם,false,,25.90,0.0647,true,1,1411776
7290003229192,false,נקניק כתף בקר מעושן 2% טירת צבי 400 גרם,תנובה מרכז שיתופי לשיווק תוצרת,,נקניק כתף בקר מעושן,גרמים,400.00,100 גרם,false,,34.90,0.0872,true,1,1411778
7290003229208,false,פסטרמה ספרדית 2% טירת צבי 360 גרם,תנובה מרכז שיתופי לשיווק תוצרת,,פסטרמה ספרדית 2% טיר,גרמים,360.00,100 גרם,false,,25.90,0.0719,true,1,1421945
7290003229215,false,פסטרמה איטלקית 3.5% טירת צבי 360 גרם,תנובה מרכז שיתופי לשיווק תוצרת,,א.מ. פסטרמה איטלקית,גרמים,360.00,100 גרם,false,,25.90,0.0719,true,1,1422477
7290003310555,false,"מאגדת טילון קרם עוגיות 4*100 מ""ל בן וג'ירי",מוצרי איכות אמריקאיים בעמ,,טילון קרם עוגיות בן&,יחידה,7.00,יחידה,false,,24.90,3.5571,true,1,1416896
7290003316182,false,אשפתון,,,אשפתון,יחידה,0.00,יחידה,false,,5.90,0.0000,true,1,1421611
7290003321155,false,יוגורט בר עם פקאן מצופה שוקולד 183 ג' דנונה,שטראוס גרופ בעמ/מצונן,,דנונה בר פקאן 183 גר,גרמים,183.00,100 גרם,false,,4.60,0.0251,true,1,1405619
7290003438006,false,ממרח אולביה פסטו וצנובר איטלקי 190ג',תה ויסוצקי (ישראל) בעמ,,ממרח פסטו איטלקי אול,גרמים,180.00,100 גרם,false,,13.90,0.0772,true,1,1408854
7290003438020,false,אוליביה ממרח עגבניות מיובשות (190 גרם),תה ויסוצקי (ישראל) בעמ,,ממרח עגבניות מיובשות,גרמים,190.00,100 גרם,false,,13.90,0.0732,true,1,1437066
7290003444009,false,הרשי ריזס חטיף במילוי בוטנים 42 גרם,ליימן מותגים,,ריזס שוקולד חלב במיל,גרמים,42.00,100 גרם,false,,4.90,0.1167,true,1,1412170
7290003450602,false,חרדל אמיתי צהוב בקבוק לחיץ 255 גר,היינץ צפון אמריקה מקבוצת ה.י.היינץ,,חרדל צהוב בבקבוק לחי,גרמים,255.00,100 גרם,false,,8.90,0.0349,true,1,1414445
7290003457991,false,טילון קורנטו וניל עם וופל ואגוזי לוז מסוכרים,"גלידת שטראוס בע""\מ, רחוב",,מאגדת קורנטו קלאסיק,יחידה,6.00,יחידה,false,,33.90,5.6500,true,1,1416789
7290003514007,false,מנה שקדי מרק מנה 400 גרם,ש.שסטוביץ בעמ,,שקדי מרק 400 גרם,גרמים,400.00,100 גרם,false,,9.90,0.0248,true,1,1414196
7290003521081,false,"סרקל שמפו אל דמע לילדים ד""ר פישר 1 ליטר","פישר תעשיות פרמצביטות בע""מ",,"שמפו לילדים סרקל ד""ר",מיליליטרים,1000.00,"100 מ""ל",false,,29.90,0.0299,true,1,1417054
7290003525478,false,סלט טונה ויליגר 160 גרם,נטו מילנדה סחר בעמ*,,שימורי סלט טונה וילי,גרמים,160.00,100 גרם,false,,5.90,0.0369,true,1,1425690
7290003550753,false,נתחי טונה בהירה בשמן פוסידון (108x4 גרם),"מיוצר עי וליגר בעמ,",,נתחי טונה בהירה בשמן,גרמים,432.00,100 גרם,false,,20.90,0.0484,true,1,1409054
7290003569021,false,כרובית ארוזה יח' רמי לוי,,,כרובית,יח',1.00,יח',false,,9.90,9.9000,true,1,1406416
7290003578153,false,נתחי טונה בהירה בשמן וילי פוד 160 גר,גולדן פרייז קאנינג א,,נתחי טונה בהירה בשמן,גרמים,160.00,100 גרם,false,,5.90,0.0369,true,1,1408377
7290003578177,false,תירס צעיר שלם וילי פוד (410 גרם),ג.וילי-פוד אינטרנשיונל בעמ,,תירס גמדי 410 גרם,גרמים,410.00,100 גרם,false,,6.90,0.0168,true,1,1408379
7290003578313,false,דובדבנים ללא חרצנים ויליפוד 680 גרם,ג. וילי-פוד אינטרנשיונל בע`מ,,דובדבנים חמוצים ללא,גרמים,680.00,100 גרם,false,,9.90,0.0146,true,1,1408382
7290003578672,false,ויליפוד שמן חמניות 1 ליטר{בית יוסף},וילי פוד,,שמן חמניות מזוכך ויל,מיליליטרים,1000.00,"100 מ""ל",false,,13.90,0.0139,true,1,1408385
7290003643004,false,אורז בסמטי קלאסי סוגת (1 קג),האי נאם סי או אל.טי.,,אורז בסמטי קלאסי סוג,גרמים,1000.00,100 גרם,false,,13.90,0.0139,true,1,1413218
7290003643387,false,"סוכר אריזת פלסטיק 1 ק""ג סוגת",האי נאם סי או אל.טי.,,סוכר לבן בצנצנת סוגת,גרמים,1000.00,100 גרם,false,,7.90,0.0079,true,1,1413219
7290003643646,false,"סוכר דמררה קלאסי בצנצנת סוגת 1 ק""ג",האי נאם סי או אל.טי.,,סוכר דמררה בצנצנת סו,גרמים,1000.00,100 גרם,false,,12.90,0.0129,true,1,1413220
7290003643684,false,אפונה יבשה סוגת 500 גר',האי נאם סי או אל.טי.,,אפונה ירוקה יבשה סוג,גרמים,500.00,100 גרם,false,,6.50,0.0130,true,1,1413221
7290003643707,false,גריסים סוגת (500 גרם),"סוגת תעשיות בע""מ",,גריסים סוגת 500 גרם,גרמים,500.00,100 גרם,false,,5.90,0.0118,true,1,1413222
7290003643714,false,חומוס גרגירים 500 גרם סוגת,האי נאם סי או אל.טי.,,חומוס יבש סוגת 500 ג,גרמים,500.00,100 גרם,false,,7.90,0.0158,true,1,1413223
7290003643738,false,חיטה סוגת (500 גרם),האי נאם סי או אל.טי.,,חיטה סוגת 500 גרם,גרמים,500.00,100 גרם,false,,5.90,0.0118,true,1,1413224
7290003643745,false,כוסמת סוגת (500 גרם),האי נאם סי או אל.טי.,,כוסמת סוגת 500 גרם,גרמים,500.00,100 גרם,false,,7.90,0.0158,true,1,1413225
7290003643752,false,עדשים ירוקים יבש סוגת 500 גר',האי נאם סי או אל.טי.,,עדשים ירוקות סוגת 50,גרמים,500.00,100 גרם,false,,7.90,0.0158,true,1,1413226
7290003643769,false,עדשים אדומים יבש סוגת 500 גר',"סוגת תעשיות בע""\מ",,עדשים אדומות סוגת 50,גרמים,500.00,100 גרם,false,,7.90,0.0158,true,1,1413227
7290003643776,false,"פופקורן גרעינים סוגת 500 ג' כשל""פ",האי נאם סי או אל.טי.,,פופקורן סוגת 500 גרם,גרמים,500.00,100 גרם,false,,5.90,0.0118,true,1,1413228
7290003643806,false,שעועית לבנה יבשה סוגת (500 גרם),האי נאם סי או אל.טי.,,שעועית לבנה יבשה סוג,גרמים,500.00,100 גרם,false,,11.90,0.0238,true,1,1413230
7290003643813,false,שעועית אדומה יבשה סוגת 500 גר',האי נאם סי או אל.טי.,,שעועית אדומה סוגת 50,גרמים,500.00,100 גרם,false,,10.90,0.0218,true,1,1413231
7290003703166,false,"בונז""ור ג'בטה בינוני 300ג",קבוצת אסם סחר שות. מוגבלת,,בונז'ור ג'בטה בינוני,גרמים,300.00,100 גרם,false,,7.50,0.0250,true,1,1431593
7290003703227,false,"בונז""ור חצי באגט סובין 190ג'",בונז'ור,,בונז'ור חצי באגט סוב,גרמים,190.00,100 גרם,false,,4.00,0.0211,true,1,1428758
7290003726141,false,טופו אמיתי כפרי בריא 300 גרם,מחלבות גד שיווק 1992 בעמ,,טופו 300 גרם,גרמים,300.00,100 גרם,false,,12.90,0.0430,true,1,1413755
7290003726592,false,טופו מתובל בפסטו במרקם קלאסי,שטראוס גרופ בעמ/מצונן,,טופו ויילר 300 גרם ב,גרמים,300.00,100 גרם,false,,10.90,0.0363,true,1,1429417
7290003726615,false,"טופו ויילר 300 גרם ""שטראוס""",שטראוס גרופ בעמ/מצונן,,טופו ויילר 300 גרם,גרמים,300.00,100 גרם,false,,10.90,0.0363,true,1,1405621
7290003781652,false,צלפים במי מלח וילי פוד 230 גרם,ג. וילי-פוד אינטרנשיונל בע`מ,,צלפים 350 גרם צנצנת,גרמים,350.00,100 גרם,false,,8.90,0.0254,true,1,1408387
7290003804382,false,תיבוליות פטריות קנור (8 יח`- 72 גרם),יוניליוור ישראל שיווק בע`מ,,תיבולית פטריות קנור,גרמים,72.00,100 גרם,false,,8.90,0.1236,true,1,1409698
7290003805587,false,"פתית חיטה מלאה בד""צ 250 גרם-קופסא",יוניליוור ישראל שיווק בע`מ,,פתית חיטה מלאה 250 ג,גרמים,250.00,100 גרם,false,,14.90,0.0596,true,1,1409703
7290003807178,false,"רוטב קנור סויה בסגנון סיני 300 מ""ל","יוניליוור ישראל שיווק בע""מ",,רוטב סויה בסגנון סינ,מיליליטרים,300.00,"100 מ""ל",false,,10.90,0.0363,true,1,1409712
7290003864478,false,סרדינים בשמן צמחי פתח קל ויליפוד 110 גרם,ג.וילי-פוד אינטרנשיונל בעמ,,סרדין בשמן צמחי 110,גרמים,110.00,100 גרם,false,,5.90,0.0536,true,1,1408391
7290003864485,false,סרדינים ברוטב עגבנ יות ויליפוד 110ג' פתח קל,ג. וילי-פוד אינטרנשיונל בע`מ,,סרדין ברוטב עגבניות,גרמים,110.00,100 גרם,false,,5.90,0.0536,true,1,1408392
7290003864492,false,סרדין בשמן צמחי חריף פתח קל ויליפוד 110 גרם,ג. וילי-פוד אינטרנשיונל בע`מ,,סרדין בשמן צמחי חריף,גרמים,110.00,100 גרם,false,,5.90,0.0536,true,1,1408393
7290003882922,false,עלי גפן ממולאים באורז וילי פוד 360 גרם,ג. וילי-פוד אינטרנשיונל בע`מ,,עלי גפן ממולא 400 גר,גרמים,400.00,100 גרם,false,,9.50,0.0238,true,1,1408396
7290003976607,false,אקונומיקה סמיכה לבנדר 4 ליטר עם פקק ביטח,סאסאטק אגשח בעמ,,ג'ל אקונומיקה סמיכה,מיליליטרים,4000.00,"100 מ""ל",false,,13.90,0.0035,true,1,1440878
7290003976614,false,אקונומיקה סמיכה פרחים 4 ליטר עם פקק ביטח,סאסאטק אגשח בעמ,,ג'ל אקונומיקה סמיכה,מיליליטרים,4000.00,"100 מ""ל",false,,13.90,0.0035,true,1,1440879
7290003989096,false,סלט חצילים פיקנטי אחלה 500 גרם,שטראוס גרופ בעמ/מצונן,,חציל פיקנטי 500,גרמים,575.00,100 גרם,false,,15.90,0.0277,true,1,1405622
7290003989539,false,רביולי עם גבינה שטראוס (400 גרם),שטראוס גרופ בעמ/מצונן,,רביולי גבינה 400 גרם,גרמים,400.00,100 גרם,false,,19.90,0.0497,true,1,1405623
7290004011338,false,קצפת מתוקה מוכנה ספריי ריץ` (250 מל),נטו מלינדה סחר בע`מ,,ריצ' קצפת חלבי,מיליליטרים,250.00,"100 מ""ל",false,,14.90,0.0596,true,1,1409059
7290004011345,false,"ספריי קצפת מתוקה מוכנה פרווה ריץ' 238 מ""ל",האי נאם סי או אל.טי.,,ריץ' קצפת פרווה 250,מיליליטרים,250.00,"100 מ""ל",false,,12.90,0.0516,true,1,1409060
7290004017514,false,גבינת חלומי שקיל,,,גבינת חלומי שקיל,קילוגרמים,1.00,"ק""ג",true,,69.90,69.9000,true,1,1439752
7290004017972,false,בורטה מדף 180 גרם,,,בורטה מדף 180 גרם,גרמים,180.00,100 גרם,false,,23.90,0.1328,true,1,1439753
7290004043108,false,עדשי מ&מ'ס שוקולד 89 גרם,מרס,,M&M's שוקולד אריזה ב,גרמים,89.00,100 גרם,false,,6.90,0.0775,true,1,1417641
7290004048518,false,מעדניה - פילה אמנון,,,מעדניה - פילה אמנון,קילוגרמים,1.00,"ק""ג",true,,29.90,29.9000,true,1,1431074
7290004063016,false,מלח שולחן מעולה סלית (1 קג)פיקוח,האי נאם סי או אל.טי.,,"מלח שולחן דק 1 ק""ג",גרמים,1000.00,100 גרם,false,,1.90,0.0019,true,1,1413138
7290004063016,false,מלח שולחן מעולה סלית (1 קג)פיקוח,האי נאם סי או אל.טי.,,"מלח שולחן דק 1 ק""ג",גרמים,1000.00,100 גרם,false,,1.90,0.0019,true,1,1413232
7290004063115,false,"מלח מטבח עבה להמלחת בשר ובישול 1 ק""ג 1ק""ג",האי נאם סי או אל.טי.,,"מלח עבה 1 ק""ג",גרמים,1000.00,100 גרם,false,,1.90,0.0019,true,1,1413139
7290004064082,false,מטחנה מלח ים טבעי מלח הארץ 100 גרם,חברת מלח הארץ אילת ב,,מלח ים במטחנה 250 גר,גרמים,250.00,100 גרם,false,,13.90,0.0556,true,1,1422672
7290004064099,false,מטחנה מלח ים מהרי ההימלאיה מלח הארץ 100 גרם,"חברת מלח הארץ אילת בע""\מ",,מלח הימלאיה במטחנה 3,גרמים,300.00,100 גרם,false,,16.90,0.0563,true,1,1431891
7290004068028,false,"יוגורט צזיקי לשתיה 3.5% 500 מ""ל רובין",מחלבות גד שיווק 1992 בעמ,,משקה ציזיקי גד 500 מ,מיליליטרים,500.00,"100 מ""ל",false,,9.90,0.0198,true,1,1413757
7290004119225,false,יוגורט יופלה אננס 3% שומן 150 גרם,תנובה מרכז שיתופי לש,,יופלה יוגורט אננס %3,מיליליטרים,150.00,"100 מ""ל",false,,5.00,0.0333,true,1,1411439
7290004119928,false,מעדן חלב בטעם וניל 2% קרלו תנובה 125 גרם,מחלבת אלון תבור,,מעדן קרלו וניל 3% 12,מיליליטרים,125.00,"100 מ""ל",false,,2.90,0.0232,true,1,1411441
7290004119973,false,קרלו מעדן שוקו רביעיה גביע 1.5% 125 גרם,תנובה מרכז שיתופי לש,,קרלו שוקולד 125 גרם,גרמים,125.00,100 גרם,false,,2.90,0.0232,true,1,1411314
7290004120108,false,יוגורט יופלה דיאט דובדבן 0% שומן 150גרם,תנובה מרכז שיתופי לש,,יופלה דיאט יוגורט דו,גרמים,150.00,100 גרם,false,,5.00,0.0333,true,1,1411315
7290004120566,false,גבינה בולגרית (25024% גרם)פיראוס תנובה,"תנובה בע""מ ***",,גבינה בולגרית 24% פי,גרמים,250.00,100 גרם,false,,22.90,0.0916,true,1,1411446
7290004120573,false,גבינה בולגרית (25016% גרם)פיראוס תנובה,תנובה מרכז שיתופי לש,,פיראוס בולגרית גביע,גרמים,250.00,100 גרם,false,,22.90,0.0916,true,1,1411447
7290004120634,false,גבינה בולגרית (2505% גרם)פיראוס תנובה,תנובה מרכז שיתופי לש,,גבינה בולגרית 5% פיר,גרמים,250.00,100 גרם,false,,22.90,0.0916,true,1,1411448
7290004120832,false,"חלב 2 ליטר 3% כד ""תנובה""- מוצר בפיקוח",תנובה מרכז שיתופי לש,,חלב תנובה טרי %3 כד,מיליליטרים,2000.00,"100 מ""ל",false,,12.46,0.0062,true,1,1411449
7290004121525,false,יופלה מאגדת פרי 4 תות 4 אפרסק 3% 8 יח'*150 ג',תנובה מרכז שיתופי לש,,מאגדת 8 יופלה 3% אפר,גרמים,1200.00,100 גרם,false,,29.90,0.0249,true,1,1411451
7290004121754,false,יוגורט ביו עוגת גבינה ותות 3% יופלה 150 גרם,תנובה בעמ ***,,יופלה יוגורט עוגת גב,גרמים,150.00,100 גרם,false,,5.50,0.0367,true,1,1411452
7290004121853,false,גבינה בולגרית קוביות (2005% גרם)פיראוס,תנובה מרכז שיתופי לש,,קוביות גבינה בולגרית,גרמים,250.00,100 גרם,false,,20.90,0.0836,true,1,1411453
7290004122119,false,פתיתי פרמזן לפסטה 23% השף הלבן 100 גרם,"תנובה בע""מ ***",,פתיתי פרמזן מגורדת 2,גרמים,100.00,100 גרם,false,,12.10,0.1210,true,1,1411320
7290004122119,false,פתיתי פרמזן לפסטה 23% השף הלבן 100 גרם,"תנובה בע""מ ***",,פתיתי פרמזן מגורדת 2,גרמים,100.00,100 גרם,false,,12.10,0.1210,true,1,1429149
7290004122195,false,גוש חלב גבינה צהובה פרוסה 28% תנובה 200 גרם,"תנובה בע""מ ***",,גוש חלב פרוס 200 גרם,גרמים,200.00,100 גרם,false,,13.80,0.0690,true,1,1411455
7290004122270,false,עמק קלאסית פרוסות גבינה חצי קשה 28% 200 גרם,תנובה מרכז שיתופי לש,,גבינה עמק פרוס 28% ב,גרמים,200.00,100 גרם,false,,15.90,0.0795,true,1,1411456
7290004122348,false,גבינה צהובה מופחתת שומן 9% עמק (200 גרם),תנובה מרכז שיתופי לש,,עמק לייט פרוס 9% 200,גרמים,200.00,100 גרם,false,,16.60,0.0830,true,1,1411457
7290004122683,false,עמק חטיף אצבעות גבינה חצי קשה 28% שומן,תנובה מרכז שיתופי לש,,עמק אצבעות גבינה 28%,גרמים,172.00,100 גרם,false,,16.40,0.0953,true,1,1411459
7290004124175,false,יופלה לבן 1.5% גביע 150 גר להחזרות בלבד,תנובה בעמ ***,,יוגורט יופלה 1.5% 15,גרמים,150.00,100 גרם,false,,2.90,0.0193,true,1,1411462
7290004124205,false,יופלה דיאט יוגורט תות %0 גביע 150 גרם,תנובה מרכז שיתופי לש,,יופלה דיאט יוגורט תו,גרמים,150.00,100 גרם,false,,5.00,0.0333,true,1,1411463
7290004124847,false,"קצפת צמחית השף הלבן 500 מ""ל תנובה",תנובה מרכז שיתופי לש,,קצפת צמחית 20% השף ה,מיליליטרים,500.00,"100 מ""ל",false,,15.90,0.0318,true,1,1411464
7290004125370,false,"שמנת חמוצה 9% מופחתת שומן תנובה 200 מ""ל מהדרין",תנובה מרכז שיתופי לש,,שמנת חמוצה 9% תנובה,גרמים,200.00,100 גרם,false,,3.70,0.0185,true,1,1411466
7290004125400,false,"אשל שלי מהדרין 200 מ""ל 4.5% ""תנובה""- מוצר בפיקוח",פארייפאבה אגרואינדוס,,שלי אשל 4.5% תנובה 2,מיליליטרים,200.00,"100 מ""ל",false,,1.69,0.0084,true,1,1411467
7290004125417,false,"גיל 3% שלי 200 מ""ל ""תנובה"" -מוצר בפיקוח",תנובה מרכז שיתופי לש,,שלי גיל 3% תנובה 200,מיליליטרים,200.00,"100 מ""ל",false,,1.51,0.0076,true,1,1411468
7290004125455,false,"שמנת חמוצה 200 מ""ל 15% ""תנובה"" -מוצר בפיקוח",תנובה מרכז שיתופי לש,,שמנת אורגינל 15% תנו,מיליליטרים,200.00,"100 מ""ל",false,,2.40,0.0120,true,1,1411469
7290004125462,false,"שמנת חמוצה 15% תנובה 500 מ""ל מהדרין",תנובה מרכז שיתופי לש,,שמנת 500 15%,גרמים,500.00,100 גרם,false,,5.70,0.0114,true,1,1411323
7290004125509,false,"שמנת חמוצה 15% מועשרת תנובה 100 מ""ל",תנובה מרכז שיתופי לש,,שמנת חמוצה 15% תנובה,מיליליטרים,100.00,"100 מ""ל",false,,1.70,0.0170,true,1,1411470
7290004125578,false,משקה סויה מועשר בסידן 1 ל`תנובה,תנובה מרכז שיתופי לש,,משקה סויה מועשר בסיד,מיליליטרים,1000.00,"100 מ""ל",false,,10.90,0.0109,true,1,1411471
7290004125585,false,משקה סויה בטעם וניל תנובה 1 ליטר,תנובה מרכז שיתופי לש,,משקה סויה בטעם וניל,מיליליטרים,1000.00,"100 מ""ל",false,,10.90,0.0109,true,1,1411472
7290004125721,false,"השף הלבן שמנת עמידה לבישול 15% תנובה 250 מ""ל",תנובה מרכז שיתופי לש,,שמנת לבישול 15% השף,מיליליטרים,250.00,"100 מ""ל",false,,8.10,0.0324,true,1,1411474
7290004125738,false,שמנת מתוקה להקצפה32% 250מל עמיד השף הלבן,תנובה מרכז שיתופי לש,,שמנת מתוקה להקצפה 32,מיליליטרים,250.00,"100 מ""ל",false,,6.20,0.0248,true,1,1411475
7290004125776,false,גבינה צהובה קלאסית 28% עמק (400 גרם),"תנובה בע""מ ***",,עמק גבינה צהובה פרוס,גרמים,400.00,100 גרם,false,,27.80,0.0695,true,1,1411476
7290004127077,false,קוטג תנובה 3% גביע 250 גרם מהדרין,מיוצר עי קונדיטוריית,,גבינת קוטג' 3% תנובה,גרמים,250.00,100 גרם,false,,5.70,0.0228,true,1,1411481
7290004127329,false,קוטג תנובה גביע 250 גרם %5 ו.מהדרין,מיוצר עי קונדיטוריית,,גבינת קוטג' 5% תנובה,גרמים,250.00,100 גרם,false,,5.70,0.0228,true,1,1411327
7290004127336,false,קוטג תנובה גביע 250 גרם %9 ו.מהדרין,מיוצר עי קונדיטוריית,,גבינת קוטג' 9% תנובה,גרמים,250.00,100 גרם,false,,5.70,0.0228,true,1,1411482
7290004127800,false,"גבינה לבנה 500 גרם 5% ""תנובה"" -מוצר בפיקוח",מיוצר עי קונדיטוריית,,גבינה לבנה תנובה 5%,גרמים,500.00,100 גרם,false,,9.95,0.0199,true,1,1411483
7290004127817,false,גבינה לבנה 9% שומן 500 ג' תנובה,מיוצר עי קונדיטוריית,,גבינה לבנה תנובה 9%,גרמים,500.00,100 גרם,false,,9.95,0.0199,true,1,1411484
7290004127862,false,"גבינה לבנה 750 גרם 5% ""תנובה"" - מוצר בפיקוח",תנובה מרכז שיתופי לש,,גבינה לבנה למריחה 5%,גרמים,750.00,100 גרם,false,,14.25,0.0190,true,1,1411485
7290004128333,false,לאבנה על בסיס יוגורט %9 שומן 500 ג' פיראוס,תנובה בעמ ***,,פיראוס לבנה גביע 500,גרמים,500.00,100 גרם,false,,19.40,0.0388,true,1,1411487
7290004128340,false,קרם גבינת שמנת %5 בטעם טבעי 200 ג' תנובה,תנובה בעמ ***,,גבינה שמנת 5% בטעם ט,גרמים,200.00,100 גרם,false,,10.90,0.0545,true,1,1411488
7290004128364,false,קרם גבינת שמנת 5% עם זיתים ירוקים 200 ג' תנובה,"תנובה, מחלבת תל יוסף",,גבינת תנובה בטעם שמנ,גרמים,200.00,100 גרם,false,,10.90,0.0545,true,1,1411489
7290004129101,false,גבינת שמנת 25% בטעם טבעי 225 ג' נפוליאון,תנובה מרכז שיתופי לש,,גבינת שמנת 25% בטעם,גרמים,225.00,100 גרם,false,,13.90,0.0618,true,1,1438198
7290004129156,false,גבינת שמנת25% עם שום שמיר 225 ג' נפוליאון,תנובה מרכז שיתופי לש,,נפוליאון שום שמיר 22,גרמים,225.00,100 גרם,false,,13.90,0.0618,true,1,1411330
7290004129767,false,"3% 'יופלה לבן מארז שמינייה 1.2 ק""ג",תנובה מרכז שיתופי לש,,יוגורט לבן 3% יופלה,מיליליטרים,1200.00,"100 מ""ל",false,,17.30,0.0144,true,1,1429143
7290004130794,false,משקה סויה במתיקות מופחתת תנובה (1 ליטר),תנובה מרכז שיתופי לש,,משקה סויה טבעי במתיק,מיליליטרים,1000.00,"100 מ""ל",false,,9.90,0.0099,true,1,1411494
7290004130916,false,יוגורט יופלה פירות יער בשמנת 3% 150 גרם,תנובה מרכז שיתופי לש,,יוגורט ביו 3% פירות,מיליליטרים,150.00,"100 מ""ל",false,,5.00,0.0333,true,1,1411495
7290004131074,false,"חלב 1 ליטר 3% קרטון ""תנובה""- מוצר בפיקוח",תנובה מרכז שיתופי לש,,חלב קרטון 3% תנובה 1,מיליליטרים,1000.00,"100 מ""ל",false,,6.23,0.0062,true,1,1411496
7290004131814,false,גבינת צפתית מעודנת (2005% גרם)פיראוס ת,פארייפאבה אגרואינדוס,,צפתית מעודנת,קילוגרמים,1.00,"ק""ג",false,,14.60,14.6000,true,1,1411339
7290004132552,false,משקה סויה בטעם טבעי לייט תנובה 1 ליטר,תנובה מרכז שיתופי לש,,משקה סויה לייט בטעם,מיליליטרים,1000.00,"100 מ""ל",false,,10.90,0.0109,true,1,1411503
7290004132712,false,חטיף אצבעות גבינת מוצרלה 20% 172 ג' עמק,תנובה מרכז שיתופי לש,,עמק אצבעות מוצרלה תנ,גרמים,174.00,100 גרם,false,,16.40,0.0943,true,1,1411504
7290004133511,false,יופלה מאגדת לבן 1.5% מעודן 8 יח' * 150 ג',מיוצר עי קונדיטוריית,,מאגדת לבן 1.5% מעודן,מיליליטרים,1200.00,"100 מ""ל",false,,20.70,0.0172,true,1,1411343
7290004134945,false,יוגורט ביו 3% בטעם מוקה יופלה (150 גרם),תנובה מרכז שיתופי לש,,יופלה מוקה 3% 150 גר,גרמים,150.00,100 גרם,false,,5.00,0.0333,true,1,1411512
7290004135225,false,מעדן חלב דל קלוריות בטעם שוקולד 0.2שומ,תנובה מרכז שיתופי לש,,מעדן דיאט 0% שוקולד,מיליליטרים,150.00,"100 מ""ל",false,,4.00,0.0267,true,1,1411513
7290004135324,false,פיראוס בולגרית מע5%משקל,תנובה מרכז שיתופי לש,,בולגרית פיראוס 5% תנ,קילוגרמים,1.00,"ק""ג",true,,49.00,49.0000,true,1,1411345
7290004135614,false,גבינה בולגרית מעודנת 5% פיראוס 250 גרם,"תנובה בע""מ ***",,גבינה בולגרית מעודנת,גרמים,250.00,100 גרם,false,,21.90,0.0876,true,1,1411515
7290004136598,false,מארז הפסקת אוכל עם קורנפלקס ומשקה חלב עמיד בטעם וניל,פארייפאבה אגרואינדוס,,מארז הפסקת אוכל חלב,גרמים,150.00,100 גרם,false,,9.50,0.0633,true,1,1411348
7290004136598,false,מארז הפסקת אוכל עם קורנפלקס ומשקה חלב עמיד בטעם וניל,פארייפאבה אגרואינדוס,,מארז הפסקת אוכל חלב,גרמים,150.00,100 גרם,false,,9.50,0.0633,true,1,1411519
7290004136857,false,מעדן ג`לי בטעם פטל תנובה (125 גרם),תנובה מרכז שיתופי לש,,ג'לי בטעם פטל 125,גרמים,125.00,100 גרם,false,,2.60,0.0208,true,1,1411520
7290004136864,false,מעדן ג'לי בטעם אננס עם חתיכות תנובה 125 גרם,תנובה בעמ ***,,ג'לי אננס עם חתיכות,גרמים,125.00,100 גרם,false,,2.80,0.0224,true,1,1411521
7290004136871,false,מעדן ג'לי בטעם אפרסק עם חתיכות תנובה 125 גרם,תנובה מרכז שיתופי לש,,ג'לי אפרסק עם חתיכות,גרמים,125.00,100 גרם,false,,2.80,0.0224,true,1,1411522
7290004137809,false,לאבנה אסלית 5% גביע (250 גרם)פיראוס תנו,"תנובה, מחלבת אלון תב",,פיראוס לאבנה 5% גביע,גרמים,250.00,100 גרם,false,,12.50,0.0500,true,1,1411523
7290004228804,false,עלי בצק לסיגרים ואגרול שלושת האופים (450,נטו מילנדה סחר בעמ*,,עלי סיגר שלושת האופי,גרמים,450.00,100 גרם,false,,13.90,0.0309,true,1,1438874
7290004256197,false,גאודה הולנד עז30.6%משקל,וויסר קאשנדל בי.וי נ,,"גאודה עיזים 4.5 ק""ג",קילוגרמים,1.00,"ק""ג",true,,99.00,99.0000,true,1,1421820
7290004480332,false,גבינת גאודה30%משולש משקל,מחלבות גד,,גאודה בקר משולש,קילוגרמים,1.00,"ק""ג",true,,110.00,110.0000,true,1,1439048
7290004494377,false,יין אדום יבש שיראז יקב דלתון (750 מל),לפ החברה הסקוטית למסחר ושיווק,,יין אדום יבש שיראז ג,מיליליטרים,750.00,"100 מ""ל",false,,59.90,0.0799,true,1,1428913
7290004554354,false,גלידת פנטזיה שוקו וניל 1 ל' שטראוס,"גלידת שטראוס בע""\מ, רחוב",,פנטסיה שוקו וניל 900,מיליליטרים,900.00,"100 מ""ל",false,,21.90,0.0243,true,1,1416792
7290004554903,false,"גלידת פנטזיה שוקו וניל 900 מ""ל שטראוס","גלידת שטראוס בע""\מ, רחוב",,גלידת פנטזיה שוקו ונ,מיליליטרים,900.00,"100 מ""ל",false,,21.90,0.0243,true,1,1416796
7290004575007,false,טילון וניל וופך ושברי אגוז ריאו מארז 70X5ג',"גלידות ריאו ביח""ר לג",,חמישיות טילון,מיליליטרים,1400.00,"100 מ""ל",false,,16.90,0.0121,true,1,1432898
7290004575069,false,גלידה מיניס חטיפים וניל ציפוי שוקו' ופצפוצי נ.חיטה ריאו מארז 32יח',ריאו נתניה ביחר לגלידה,,מיניס 32 יחידות,יחידה,32.00,יחידה,false,,39.90,1.2469,true,1,1434606
7290004575397,false,גלידה בטעמי מוקה וניל פיסטוק 1.8 ל' ריאו,ריאו נתניה ביחר לגלידה,,גלידה ריאו טריו 1.8,מיליליטרים,1800.00,"100 מ""ל",false,,15.50,0.0086,true,1,1432904
7290004575403,false,טריו גלידת פרווה בטעמים 1.8 ליטר ריאו,ריאו נתניה ביחר לגלידה,,גלידה ריאו טריו 1.8,מיליליטרים,1800.00,"100 מ""ל",false,,15.50,0.0086,true,1,1432905
7290004575502,false,שמיניות גליגל חלבי 600מל,ריאו,,שמיניות גליגל פרווה,יחידה,8.00,יחידה,false,,17.90,2.2375,true,1,1432908
7290004584306,false,רבעיית גמדים בטעם תות בננה * 100 ג' שטראוס,שטראוס גרופ בעמ/מצונן,,מעדן גמדים תות בננה,גרמים,400.00,100 גרם,false,,11.40,0.0285,true,1,1405625
7290004584351,false,גבינה לבנה סימפוניה עם תוספות 200 ג' חמישית 200,שטראוס גרופ בעמ/מצונן,,גבינה במרקם שמנת סימ,גרמים,200.00,100 גרם,false,,11.00,0.0550,true,1,1405626
7290004584528,false,יוגורט דנונה ביו לבן 1.7% שומן 200 גרם,שטראוס גרופ בעמ/מצונן,,דנונה ביו 1.7% 200 ג,גרמים,200.00,100 גרם,false,,3.70,0.0185,true,1,1405627
7290004585907,false,דני ועדן וניל 1.5% 125ג' שטראוס,שטראוס גרופ בעמ/מצונן,,דני מעדן חלב בטעם ונ,גרמים,125.00,100 גרם,false,,2.70,0.0216,true,1,1405628
7290004603175,false,מלח הים האדום גס מלח הארץ (500 גרם),"חברת מלח הארץ אילת בע""\מ",,מלח הים האדום 500 גר,גרמים,500.00,100 גרם,false,,7.90,0.0158,true,1,1406673
7290004658847,false,"תירוש כרמל מיץ ענבים אדום, 187 מ""ל",אגודת הכורמים בעמ,,"תירוש 187 מ""ל",מיליליטרים,187.00,"100 מ""ל",false,,6.90,0.0369,true,1,1416999
7290004658953,false,יין סוביניון בלאן פרייבט קולקשן יקבי כרמל,"כד בני דרום בע""מ",,יין סוביניון בלאן 75,מיליליטרים,750.00,"100 מ""ל",false,,39.90,0.0532,true,1,1417001
7290004737900,false,חלב כחוש מרוכז וממותק בתוספת שמן צמחי ויליפוד 397 גרם,ג. וילי-פוד אינטרנשיונל בע`מ,,חלב מרוכז ממותק 397,גרמים,397.00,100 גרם,false,,10.90,0.0275,true,1,1408402
7290004861025,false,גבינה בולגרית 5% במשקל,"מחלבת המושבה בע""מ",,מעדניה - בולגרית מסו,קילוגרמים,1.00,"ק""ג",true,,46.90,46.9000,true,1,1417167
7290004861315,false,לבנה טבעי/ירקות שקיל 5%,מחלבות המושבה בעמ,,מעדניה-גבינה לאבנה ט,קילוגרמים,1.00,"ק""ג",true,,42.00,42.0000,true,1,1417170
7290005084355,false,סנסודין משחת שיניים דואל קר פלואוריד 75,גלקסו סמית קליין,,סנסודיין דואל קר 75,גרמים,75.00,100 גרם,false,,21.90,0.2920,true,1,1408786
7290005113222,false,זיתים קוקטייל וגמבה יבנה 350ג',קבוצת יבנה מוצרי מזון אגודה שי,,זיתים מיקס יבנה 540,גרמים,540.00,100 גרם,false,,9.80,0.0181,true,1,1431846
7290005113888,false,"זיתים טבעות שחורA2 ק.יבנה 560ג' בד""ץ",קבוצת יבנה מוצרי מזון,,טבעות זיתים מושחרים,גרמים,540.00,100 גרם,false,,8.90,0.0165,true,1,1413235
7290005174513,false,חציל על האש במיונז אחלה 400 גרם+225גר,שטראוס גרופ בעמ/מצונן,,חצילים במיונז 500 ג,גרמים,500.00,100 גרם,false,,15.90,0.0318,true,1,1405629
7290005174551,false,סלט חומוס עם צנוברים 125 ג' אחלה,שטראוס גרופ בעמ/מצונן,,סלט חומוס יום יום אח,גרמים,125.00,100 גרם,false,,4.90,0.0392,true,1,1405630
7290005174568,false,אחלה יום יום חצילים במיונז 125 גרם,שטראוס גרופ בעמ/מצונן,,סלט חצילים במיונז יו,גרמים,125.00,100 גרם,false,,4.90,0.0392,true,1,1405631
7290005174575,false,טחינה אחלה יום יום משובחת 125ג',שטראוס גרופ בעמ/מצונן,,סלט טחינה יום יום אח,גרמים,125.00,100 גרם,false,,4.90,0.0392,true,1,1405632
7290005175428,false,"קמח תירס לל""ג ריבארה 500 ג'",ג. וילי-פוד אינטרנשיונל בע`מ,,קמח תירס אינסטנט 500,גרמים,500.00,100 גרם,false,,5.90,0.0118,true,1,1408403
7290005197758,false,"עוגיות חיוכים שוקולד עלית 150 גרם בד""צ",אפיפית נצרת תעשיות ב,,חיוכים שוקו 150 גרם,גרמים,150.00,100 גרם,false,,4.90,0.0327,true,1,1416477
7290005199288,false,גומי מאסט בטעם פטל לימון 28 ג' עלית,שטראוס גרופ בע`מ,,"מאסט פטל לימון לל""ס",גרמים,28.00,100 גרם,false,,4.50,0.1607,true,1,1416478
7290005199738,false,גומי מאסט בטעם פפרמינט ריח פה נעים פליפטופ 28 ג' עלית,שטראוס גרופ בע`מ,,"מאסט מנטה מרעננת לל""",גרמים,28.00,100 גרם,false,,4.50,0.1607,true,1,1416480
7290005200786,false,תפוצ'יפס בטעם שמנת בצל עלית 50 גרם,"שטראוס פריטו ליי בע""\מ )",,תפוציפס שמנת ובצל 50,גרמים,50.00,100 גרם,false,,4.00,0.0800,true,1,1406139
7290005201455,false,קפה נמס מגורען ארומה קלאסי עלית 200 גרם,שטראוס גרופ בע`מ,,קפה נמס מגורען ארומה,גרמים,200.00,100 גרם,false,,21.90,0.1095,true,1,1416482
7290005287206,false,רביעיית טונה בשמן סטארקיסט 160 גרם,דיפלומט מפיצים (1968) בעמ**,,טונה סטארקיסט בשמן 4,גרמים,640.00,100 גרם,false,,24.90,0.0389,true,1,1408205
7290005287251,false,רביעיית טונה במים סטארקיסט 160 גרם,דיפלומט מפיצים (1968) בעמ**,,נתחי טונה סטארקיסט ב,גרמים,640.00,100 גרם,false,,24.90,0.0389,true,1,1408206
7290005384837,false,"מיץ לימונים מלימונים טריים 500 מ""ל",דריבדוס סיטרוס,,מיץ לימון ויליפוד 50,מיליליטרים,500.00,"100 מ""ל",false,,8.90,0.0178,true,1,1408405
7290005384851,false,וילי פוד מיץ לימון בדץ 200מל,קריות זול,,מיץ לימון משומר וילי,מיליליטרים,200.00,"100 מ""ל",false,,4.90,0.0245,true,1,1415920
7290005430602,false,"סנו אוקסיג'ן ספריי להסרת כתמים עם חמצן פעיל 750 מ""ל",החברה הדרומית לשיווק בעמ,,אוקסיג'ן מרסס מסיר כ,מיליליטרים,750.00,"100 מ""ל",false,,19.90,0.0265,true,1,1410111
7290005430671,false,פוליויקס נוזל לניקוי קרמיקה סנו 2 ליטר,החברה הדרומית לשיווק בעמ,,פוליווקס 2 ליטר קרמי,מיליליטרים,2000.00,"100 מ""ל",false,,21.90,0.0109,true,1,1410112
7290005431890,false,בוואריה 95 גר`עדן קינוחים,עדן קינוחים Eden,,בוואריה 95 גר,יחידה,0.00,יחידה,false,,6.50,0.0000,true,1,1422475
7290005437540,false,"פטריות שמפיניון חתוכות בד""צ טעמן 290 גרם",טעמן שווק מזון בעמ,,פטריות חתוכות טעמן 2,גרמים,290.00,100 גרם,false,,4.50,0.0155,true,1,1439859
7290005437755,false,פסטה בילאגיו צינורות 500 גרם טעמן,מוצרי יסוד - טעמן,,פסטה בילאגיו צינורות,גרמים,500.00,100 גרם,false,,4.90,0.0098,true,1,1438439
7290005437762,false,פסטה בילאג'יו ספירלה 500גר' טעמן,מוצרי יסוד - טעמן,,פסטה בילאג'יו ספירלה,גרמים,500.00,100 גרם,false,,4.90,0.0098,true,1,1438440
7290005437939,false,פסטה ספגטיני מס' 10 500 גר' טעמן,מוצרי יסוד - טעמן,,פסטה בילאג'יו ספגטינ,גרמים,500.00,100 גרם,false,,4.90,0.0098,true,1,1438441
7290005437946,false,פסטה בילאג'יו ספגטי 500גר טעמן,מוצרי יסוד - טעמן,,פסטה בילאג'יו ספגטי,גרמים,500.00,100 גרם,false,,4.90,0.0098,true,1,1438442
7290005509445,false,עוגיות מיני קוקיס חמאה בצנצנת כרמית 600 גרם,כרמית תעשיות ממתקים בעמ,,מיני קוקיס בטעם חמאה,גרמים,600.00,100 גרם,false,,16.90,0.0282,true,1,1407941
7290005559907,false,פיצה משפחתית 100% גבינה מעדנות 500 גרם,תנובה מרכז שיתופי לשיווק תוצרת,,פיצה משפחתית 100% גב,גרמים,500.00,100 גרם,false,,23.90,0.0478,true,1,1411780
7290005559914,false,פיצה משפחתית עם 100% גבינה בתוספת זיתים מעדנות 550 גרם,תנובה מרכז שיתופי לשיווק תוצרת,,פיצה משפחתית זיתים מ,גרמים,550.00,100 גרם,false,,23.90,0.0435,true,1,1411781
7290005559990,false,בצק עלים פילאס תורכי 600 גרם קפוא,תנובה מרכז שיתופי לשיווק תוצרת,,בצק פילאס תורכי מעדנ,גרמים,600.00,100 גרם,false,,22.90,0.0382,true,1,1411783
7290005591761,false,דבש טהור מפרחי בר בלחיץ 400 ג' יד מרדכי,מכוורת יד מרדכי שטרא,,דבש טהור לחיץ 400 גר,גרמים,400.00,100 גרם,false,,21.90,0.0547,true,1,1416483
7290005678387,false,ענב אוטום רויאל -שחור,מושב לכיש,,ענב אדום,קילוגרמים,1.00,"ק""ג",true,,24.90,24.9000,true,1,1437123
7290005678745,false,ענב אדום,,,ענב אדום,קילוגרמים,1.00,"ק""ג",true,,24.90,24.9000,true,1,1437243
7290005686405,false,בננה ציפס 200 גרם ששון הקולה,דין שיווק וקליה 2021 בעמ,,בננה צ`יפס 200 גרם ש,גרמים,200.00,100 גרם,false,,6.90,0.0345,true,1,1439668
7290005838002,false,מעדן גבינה ויוגורט בטעם וניל 88 ג' דניאלה,שטראוס גרופ בעמ/מצונן,,דניאלה וניל 150 גרם,גרמים,150.00,100 גרם,false,,4.10,0.0273,true,1,1405634
7290005838613,false,קרם גבינה 3% בטעם וניל סקי (125 גרם),שטראוס גרופ בעמ/מצונן,,סקי וניל 125 בודד,גרמים,125.00,100 גרם,false,,3.70,0.0296,true,1,1405635
7290005838972,false,סקי יום יום גבינה לבנה %5 125 גרם,שטראוס גרופ בעמ/מצונן,,סקי יום יום 5% 125 ג,גרמים,125.00,100 גרם,false,,3.10,0.0248,true,1,1405636
7290005839078,false,שמיניית יוגורט לבן 3% ביו דנונה 150 גרם,שטראוס גרופ בעמ/מצונן,,מארז 8 חסכון - ביו 3,גרמים,1200.00,100 גרם,false,,15.90,0.0133,true,1,1405637
7290005839108,false,גבינה לבנה סימפוניה עם תוספות 200 ג'+זיתים 5%,שטראוס גרופ בעמ/מצונן,,גבינה במרקם שמנת 5%,גרמים,200.00,100 גרם,false,,11.00,0.0550,true,1,1405638
7290005839313,false,מילקי Top עם שוקולדה מגולגלת 140 גרם,שטראוס גרופ בעמ/מצונן,,מילקי טופ מגולגלת 17,מיליליטרים,170.00,"100 מ""ל",false,,4.90,0.0288,true,1,1405639
7290005896415,false,"בירה איגל לאגר פרימיום 5% 500 מ""ל פחית",טמפו משקאות בעמ,,בירה איגל ירוק 500 מ,מיליליטרים,500.00,"100 מ""ל",false,,7.50,0.0150,true,1,1428435
7290005896620,false,סאן בנדטו - מוגז עדין - 1.5 ליטר,אקווה מינרלה סאן בנד,,מים סן בנדטו מוגז 1.,מיליליטרים,1500.00,"100 מ""ל",false,,3.90,0.0026,true,1,1435256
7290005896637,false,סאן בנדטו - מים מינרלים טבעיים מהאלפים 1.5 ליטר,אקווה מינרלה סאן בנדטו ב,,מים מינרליים טבעיים,מיליליטרים,9000.00,"100 מ""ל",false,,4.80,0.0005,true,1,1410676
7290005938238,false,ממרח צ'ימצ'ורי פרסקו 220ג' מצונן,נטו מילנדה סחר בעמ*,,צ'ימצ'ורי 220 גרם,גרמים,220.00,100 גרם,false,,17.90,0.0814,true,1,1409090
7290005938245,false,ממרח פסטו קלאסי פרסקו 220ג' מצונן,מיוצר עי פרסקו חצבה,,פסטו קלאסי 220 גרם,גרמים,220.00,100 גרם,false,,18.90,0.0859,true,1,1409091
7290005938610,false,ממרח זיתים ירוקים 220 גרם,נטו מלינדה סחר בע`מ,,טפנד זיתים ירוקים,גרמים,220.00,100 גרם,false,,17.90,0.0814,true,1,1409093
7290005951039,false,כרובית ארוזה,מלא הסל פירות וירקות בעמ-לא פע,,כרובית,יח',1.00,יח',false,,9.90,9.9000,true,1,1433718
7290005992018,false,"יוגורט עיזים לשתיה 3% מחלבות גד 500 מ""ל",מחלבות גד שיווק 1992 בעמ,,יוגורט לשתייה מחלב ע,מיליליטרים,500.00,"100 מ""ל",false,,12.20,0.0244,true,1,1413760
7290005992575,false,גבינה בולגרית למריחה 5% גד (250 גרם),מחלבות גד שיווק 1992 בעמ,,גבינה בולגרית למריחה,גרמים,250.00,100 גרם,false,,15.90,0.0636,true,1,1413762
7290005992735,false,לאבנה טבעית 5% 250 גר' - רבנות,מחלבות גד שיווק 1992 בעמ,,גבינת לאבנה טבעית 5%,גרמים,250.00,100 גרם,false,,11.90,0.0476,true,1,1413763
7290005992889,false,גב.שמנת שום שמיר 30%משקל,מחלבות גד,,גבינת שמנת 30% שום ש,קילוגרמים,1.00,"ק""ג",true,,43.00,43.0000,true,1,1438580
7290005996221,false,פסטרמה של פעם דק דק (120 גר`)יחיעם,מעדני יחיעם (1993) בעמ,,פסטרמה של פעם דק דק,גרמים,120.00,100 גרם,false,,12.90,0.1075,true,1,1430040
7290005996238,false,פסטרמה בדבש דק דק (120 גר`)יחיעם,מעדני יחיעם (1993) בעמ,,פסטרמה בדבש דק דק 12,גרמים,120.00,100 גרם,false,,12.90,0.1075,true,1,1430041
7290005996276,false,פסטרמה ברביקין דק דק (120 גר`)יחיעם,מעדני יחיעם (1993) בעמ,,פסטרמה ברביקיו דק דק,גרמים,120.00,100 גרם,false,,12.90,0.1075,true,1,1430042
7290005996740,false,סלמי פפרוני 300 גר יחיעם,מעדני יחיעם (1993) בעמ,,נקניק סלמי פפרוני יח,גרמים,300.00,100 גרם,false,,22.90,0.0763,true,1,1434755
7290006199027,false,מאגדת גלידל וניל מצופה סורבה תות שדה [8],הגלידות של פלדמן,,גלידל גלית תות 8,גרמים,600.00,100 גרם,false,,29.90,0.0498,true,1,1440092
7290006210661,false,בונז'ור באגט 330 גרם,בונז'ור,,בונז'ור באגט 330 גרם,גרמים,330.00,100 גרם,false,,4.90,0.0148,true,1,1423270
7290006210685,false,בונז'ור פטיט פאן לבן 60 ג',בונז'ור,,בונז'ור פטיט פאן לבן,גרמים,60.00,100 גרם,false,,1.20,0.0200,true,1,1431598
7290006210692,false,בונז'ור פטיט פאן כפרי 60 ג',בונז'ור,,בונז'ור פטיט פאן כפר,גרמים,60.00,100 גרם,false,,1.90,0.0317,true,1,1431599
7290006210913,false,בונז'ור לחם איטלקי 340ג',בונז'ור,,בונז'ור לחם איטלקי 3,גרמים,340.00,100 גרם,false,,7.90,0.0232,true,1,1423434
7290006229588,false,בירה איגל לאגר פרימיום חזקה 6.3% 500 מל,טמפו משקאות בעמ,,"בירה איגל זהב 500 מ""",מיליליטרים,500.00,"100 מ""ל",false,,7.50,0.0150,true,1,1428434
7290006229588,false,בירה איגל לאגר פרימיום חזקה 6.3% 500 מל,טמפו משקאות בעמ,,"בירה איגל זהב 500 מ""",מיליליטרים,500.00,"100 מ""ל",false,,7.50,0.0150,true,1,1428436
7290006271181,false,ג'חנון אפוי למיקרוגל מעדנות 750 גרם,תנובה מרכז שיתופי לשיווק תוצרת,,ג'חנון אפוי מוקפא לה,גרמים,750.00,100 גרם,false,,25.50,0.0340,true,1,1411784
7290006272072,false,חטיפי פיצה גבינה מעדנות 650 גרם,תנובה קפואים,,חטיפי פיצה 24 יחידות,גרמים,650.00,100 גרם,false,,32.90,0.0506,true,1,1411788
7290006272430,false,בצק עלים חמאה חלבי מעדנות (600 גרם),מיוצר עי קונדיטוריית,,בצק עלים חמאה מעדנות,גרמים,600.00,100 גרם,false,,27.90,0.0465,true,1,1427861
7290006322104,false,לחם ריחיים קל פרוס 500גר,מאפיית דוידוביץ ובניו בע,,לחם ריחיים קל פרוס 5,גרמים,500.00,100 גרם,false,,12.90,0.0258,true,1,1417509
7290006322111,false,לחמניות ריחיים 80*6 גרם,מאפיית דוידוביץ ובניו בע,,לחמניות רחיים קלות 7,גרמים,450.00,100 גרם,false,,12.90,0.0287,true,1,1417510
7290006322128,false,לחמניות קלות 6 יח בחבילה,מאפיית דוידוביץ ובניו בע,,לחמניות קלות 75 גרם,גרמים,450.00,100 גרם,false,,8.90,0.0198,true,1,1417511
7290006322197,false,לחמנ.הבית כפולות 125X4גר,מאפיית דוידוביץ ובניו בע,,לחמניות כפולות 120 ג,גרמים,480.00,100 גרם,false,,11.90,0.0248,true,1,1417513
7290006322487,false,לחם קוביות קמח מלא 750 גר,מאפיית דוידוביץ ובני,,לחם קל קוביות קמח מל,גרמים,750.00,100 גרם,false,,14.90,0.0199,true,1,1417514
7290006322838,false,לחם מקמח מלא דוידובי,מאפיית דוידוביץ ובניו בע,,לחם קמח מלא 100% מאפ,גרמים,750.00,100 גרם,false,,12.90,0.0172,true,1,1417519
7290006322951,false,פיתצקל'ה100% ק.מלא 50*5ג,מאפיית אחדות חיפה,,פיתצקלה מיני פיתה מ,יחידה,5.00,יחידה,false,,5.90,1.1800,true,1,1417487
7290006342072,false,גרעין לבן ששון הקולה 200 גרם,דין שיווק וקליה 2021 בעמ,,גרעין לבן 200 גרם,גרמים,200.00,100 גרם,false,,8.90,0.0445,true,1,1435289
7290006342447,false,גרעיני אבטיח ששון הקולה 200 גרם,דין שיווק וקליה 2021 בעמ,,גרעין אבטיח 200 גרם,גרמים,200.00,100 גרם,false,,12.90,0.0645,true,1,1435290
7290006342515,false,מנצ'ס ששון הקולה 200 גרם,"דין שיווק וקלייה בע""",,מנצס 200 שקית,גרמים,200.00,100 גרם,false,,7.90,0.0395,true,1,1439671
7290006342553,false,קבוקים בשקית ששון הקולה 200 גרם,דין שיווק וקליה 2021 בעמ,,קבוקים 200 גר' שקית,גרמים,200.00,100 גרם,false,,6.90,0.0345,true,1,1435291
7290006374738,false,קונפיטורה תות יד מרדכי בטעם תות,אף.סי תבליני בגליל ב,,קונפיטורת תות 340 גר,גרמים,340.00,100 גרם,false,,13.90,0.0409,true,1,1416485
7290006376862,false,"קפה ""פרימיום"" שלישייה 100 ג""ר",נאמן לאורך זמן בעמ,,קפה פרימיום שלישייה,גרמים,300.00,100 גרם,false,,15.00,0.0500,true,1,1410287
7290006439581,false,תורמוס מתוק 1ק'ג (בד,בני ג'ורג' שוקחה חיפ,,תורמוס מתוק שוקחה 1,גרמים,1000.00,100 גרם,false,,9.90,0.0099,true,1,1437206
7290006492432,false,גבינה מוצרלה בייבי 18% גד (150 גרם),מחלבות גד שיווק 1992 בעמ,,בייבי מוצרלה 18% 150,גרמים,150.00,100 גרם,false,,14.90,0.0993,true,1,1413764
7290006492630,false,גבינת פרומעז עיזים 22% גד 180 גרם,מחלבות גד שיווק 1992 בעמ,,גבינת גליל עיזים 22%,גרמים,180.00,100 גרם,false,,22.50,0.1250,true,1,1413766
7290006498052,false,דנונה ביו יוגורט טבעי מהדרין 3% 150 ג',שטראוס גרופ בעמ/מצונן,,יוגורט דנונה ביו 150,גרמים,150.00,100 גרם,false,,2.60,0.0173,true,1,1405640
7290006511751,false,פטריות שמפניון חתוך ויליפוד 290X3 ג' בד”צ,ג.וילי-פוד אינטרנשיונל בעמ,,שלישית פטריות חתוך ו,יחידה,3.00,יחידה,false,,11.90,3.9667,true,1,1408410
7290006653819,false,קוסקוס אמיתי דק בשקית 350 גרם,קבוצת אוסם סחר שותפות מוגבלת,,אסם קוסקוס דק 350 גר,גרמים,350.00,100 גרם,false,,7.90,0.0226,true,1,1407089
7290006664051,false,"אקטימל לבן 1.51 ק""ג מארז 14 יחידות",שטראוס גרופ בעמ/מצונן,,"אקטימל לבן 14*100 מ""",מיליליטרים,1400.00,"100 מ""ל",false,,29.90,0.0214,true,1,1405642
7290006664402,false,גבינה לבנה סקי 5% שומן 750 גרם,שטראוס גרופ בעמ/מצונן,,גבינה לבנה סקי % 5 7,גרמים,750.00,100 גרם,false,,14.90,0.0199,true,1,1405644
7290006664532,false,יוגורט עם תות 3% שומן 150 ג' דנונה,שטראוס גרופ בעמ/מצונן,,"דנונה תות 3% 150 מ""ל",גרמים,150.00,100 גרם,false,,3.90,0.0260,true,1,1405645
7290006664693,false,יוגורט עם אפרסק 3% שומן 150 ג' דנונה,שטראוס גרופ בעמ/מצונן,,דנונה אפרסק 3% 150 ג,גרמים,150.00,100 גרם,false,,3.90,0.0260,true,1,1405648
7290006664990,false,"יוגורט דנונה ביו לבן 1.7% שומן 8*150 מ""ל",שטראוס גרופ בעמ/מצונן,,מארז 8 חסכון - ביו 1,גרמים,1200.00,100 גרם,false,,15.90,0.0133,true,1,1405649
7290006678447,false,טושונקה בקר פחית 400ג,,,טושונקה בקר פחית 400,גרמים,400.00,100 גרם,false,,19.90,0.0497,true,1,1406096
7290006681003,false,גלידה קרמיסימו סרבט תות לימון 650 גרם,"גלידת שטראוס בע""\מ, רחוב",,גלידת קרמיסימו 1.33,מיליליטרים,1330.00,"100 מ""ל",false,,18.90,0.0142,true,1,1416798
7290006681553,false,קרמבו בטעם וניל שטראוס 8 יחידות,"גלידות שטראוס בע""מ",,קרמבו שטראוס וניל 8*,יחידה,8.00,יחידה,false,,16.90,2.1125,true,1,1416800
7290006681560,false,קרמבו בטעם מוקה שטראוס 8 יחידות,"גלידות שטראוס בע""מ",,קרמבו בטעם מוקה שטרא,יחידה,8.00,יחידה,false,,16.90,2.1125,true,1,1416801
7290006738615,false,קבב פרימיום זהב 100% בשר זוגלובק 400 ג',נקניק נהריה כשר זוגל,,קבב זהב 400 גרם,גרמים,400.00,100 גרם,false,,19.90,0.0497,true,1,1415299
7290006739124,false,בצק עלים פילאס 500ג' זוגלובק,זוגלובק שיווק בעמ,,בצק פילאס גולמי 500,גרמים,500.00,100 גרם,false,,16.30,0.0326,true,1,1415300
7290006739346,false,נקניקיות פרגיות טרי 400 גרם זוגלובק,נקניק נהריה כשר זוגל,,נקניקיות מבשר פרגיות,גרמים,400.00,100 גרם,false,,16.30,0.0408,true,1,1415303
7290006739414,false,נקניק סלמי קוניאק זוגלובק 300 גרם,נקניק נהריה כשר זוגל,,סלמי קוניאק 300 גרם,גרמים,300.00,100 גרם,false,,25.90,0.0863,true,1,1415305
7290006739421,false,נקניק סלמי מעושן איטלקי זוגלובק 300 גרם,נקניק נהריה כשר זוגל,,נקניק סלמי מעושן איט,גרמים,300.00,100 גרם,false,,25.90,0.0863,true,1,1415283
7290006739445,false,שניצל תירס קלאסי 750 ג' זוגלובק,נקניק נהריה כשר זוגל,,שניצל תירס קלאסי 750,גרמים,750.00,100 גרם,false,,22.90,0.0305,true,1,1415307
7290006741363,false,בורקס תפוחי אדמה זוגלובק 800 גרם,מאפיית אריאל וגידרון,,"בורקס תפו""א 800 גרם",גרמים,800.00,100 גרם,false,,17.40,0.0217,true,1,1415313
7290006742162,false,המבורגר מזרחי זוגלובק 400 גרם,נקניק נהריה כשר זוגל,,המבורגר מזרחי 400 גר,גרמים,400.00,100 גרם,false,,19.90,0.0497,true,1,1415315
7290006775016,false,עוגת תפוז אחוה (450 גרם)אחוה,אחדות ביתחרושת לטחינה חלבה,,עוגת תפוז 450 גרם אח,גרמים,450.00,100 גרם,false,,10.90,0.0242,true,1,1410451
7290006775023,false,עוגה אנגלית אחוה (450 גרם)אחוה,אחדות ביתחרושת לטחינה חלבה,,עוגה אנגלית 450 גרם,גרמים,450.00,100 גרם,false,,10.90,0.0242,true,1,1410452
7290006775030,false,עוגת שוקו צ`יפס אחוה (450 גרם)אחוה,אחדות ביתחרושת לטחינה חלבה,,עוגת שוקולד צ'יפס 45,גרמים,450.00,100 גרם,false,,10.90,0.0242,true,1,1410453
7290006775047,false,עוגת שוקולד אחוה (450 גרם)אחוה,אחדות ביתחרושת לטחינה חלבה,,עוגת שוקולד 450 גרם,גרמים,450.00,100 גרם,false,,10.90,0.0242,true,1,1410454
7290006775054,false,עוגת שיש אחוה (450 גרם)אחוה,אחדות ביתחרושת לטחינה חלבה,,עוגת שיש 450 גרם אחו,גרמים,450.00,100 גרם,false,,10.90,0.0242,true,1,1410455
7290006775078,false,עוגת דבש תשרי אחוה 400 גרם,אחדות בעמ,,עוגת דבש אחוה 400 גר,גרמים,400.00,100 גרם,false,,9.90,0.0248,true,1,1441460
7290006775085,false,עוגת שמרים במילוי שוקולד אחוה,אחדות ביתחרושת לטחינה חלבה,,עוגת שמרים שוקולד 40,גרמים,400.00,100 גרם,false,,10.90,0.0273,true,1,1410456
7290006775344,false,עוגת שמרים במילוי קרם קינמון אחוה 400 גרם,אחדות ביתחרושת לטחינה חלבה,,עוגת שמרים קינמון וא,גרמים,400.00,100 גרם,false,,10.90,0.0273,true,1,1410460
7290006866363,false,מיץ סחוט אשכוליות אדומות פרימור 1 ליטר,שטראוס גרופ בעמ/מצונן,,מיץ אשכוליות אדומות,מיליליטרים,1000.00,"100 מ""ל",false,,16.20,0.0162,true,1,1405650
7290006960023,false,כרוב כבוש מאמא מרי 7,מאמא מרי,,כרוב כבוש מאמא מרי 7,גרמים,750.00,100 גרם,false,,16.90,0.0225,true,1,1420303
7290006983176,false,קרקר לחמית שיפון אסם (230 גרם),קבוצת אוסם סחר שותפות מוגבלת,,לחמית שיפון 230 גרם,גרמים,230.00,100 גרם,false,,9.50,0.0413,true,1,1407091
7290006983527,false,עוגת הבית תפוחי עץ עם פירורים 400 ג' אסם,קבוצת אוסם סחר שותפות מוגבלת,,הבית עוגת תפוחי עץ ע,גרמים,400.00,100 גרם,false,,14.90,0.0373,true,1,1407092
7290006983763,false,עוגת הבית בטעם שוקולד אסם (400 גרם),קבוצת אוסם סחר שותפות מוגבלת,,עוגת הבית תפוחים פיר,גרמים,400.00,100 גרם,false,,11.90,0.0298,true,1,1407093
7290006983770,false,עוגת הבית שיש אסם (400 גרם),קבוצת אוסם סחר שותפות מוגבלת,,עוגת הבית בטעם שוקול,גרמים,400.00,100 גרם,false,,11.90,0.0298,true,1,1407094
7290006983787,false,עוגת הבית שוקולד צ'יפס אסם 400 גרם,קבוצת אוסם סחר שותפות מוגבלת,,עוגת הבית שיש אסם 40,גרמים,400.00,100 גרם,false,,11.90,0.0298,true,1,1407095
7290006983794,false,עוגת הבית בטעם תפוז אסם 400 גרם,קבוצת אוסם סחר שותפות מוגבלת,,עוגת הבית שוקולד צ'י,גרמים,400.00,100 גרם,false,,11.90,0.0298,true,1,1407096
7290006992161,false,מטרנה - דייסת קורנפלור פרוביוטי 200 גרם,קבוצת אוסם סחר שותפות מוגבלת,,מטרנה דייסת קורנפלור,גרמים,200.00,100 גרם,false,,13.90,0.0695,true,1,1407098
7290006992185,false,"מטרנה - דייסת אורז פרוביוטי כשל""פ 200 גרם",קבוצת אוסם סחר שותפות מוגבלת,,מטרנה דייסת אורז פרו,גרמים,200.00,100 גרם,false,,13.90,0.0695,true,1,1407099
7290006992390,false,"מטרנה - דייסת וניל פרוביוטי כשל""פ 200 גרם",קבוצת אוסם סחר שותפות מוגבלת,,מטרנה דייסת וניל פרו,גרמים,200.00,100 גרם,false,,13.90,0.0695,true,1,1407102
7290008154222,false,עוף טוב שניצלונים 700 גרם,קבוצת אוסם סחר-שות.מוגבלת,,שניצלונים בציפוי מעו,גרמים,700.00,100 גרם,false,,19.90,0.0284,true,1,1407103
7290008175173,false,חמאה מפינלנד ללא מלח 200 גרם ויליפוד,ג.וילי-פוד אינטרנשיונל **גבינו,,חמאה מפינלנד 200 גרם,גרמים,200.00,100 גרם,false,,11.90,0.0595,true,1,1408411
7290008175210,false,גבינת פרמזן מגורדת 90ג' ויליפוד,ג.וילי-פוד אינטרנשיונל **גבינו,,פרמזנו מגורדת 90 גר',גרמים,90.00,100 גרם,false,,17.90,0.1989,true,1,1408412
7290008190909,false,עוגיות מיני קוקיס שוקולד צ'יפס בצנצנת כרמית 600 גרם,כרמית תעשיות ממתקים בעמ,,מיני קוקיס שוקו ציפס,גרמים,600.00,100 גרם,false,,16.90,0.0282,true,1,1407946
7290008344272,false,המבורגר 100% טיבון ויל 400 גרם,טיבון ויל אחזקות בעמ,,המבורגר 100% 400 גרם,גרמים,400.00,100 גרם,false,,19.90,0.0497,true,1,1409106
7290008345576,false,סלט איקרה ביתית לבנה 300 גרם דלידג,נטו מלינדה סחר בע`מ,,איקרה ביתית לבנה 300,גרמים,300.00,100 גרם,false,,20.90,0.0697,true,1,1409109
7290008409124,false,מאמא עוף קפוא שניצל ג'ונגל פריך 700 גרם,תנובה מרכז שיתופי לשיווק תוצרת,,שניצל ג'ונגל פריך 70,גרמים,700.00,100 גרם,false,,34.90,0.0499,true,1,1411790
7290008409216,false,מאמא עוף קפוא שניצל דק פריך 700 גרם,תנובה מרכז שיתופי לשיווק תוצרת,,שניצל דק דק פריך מאמ,גרמים,700.00,100 גרם,false,,39.90,0.0570,true,1,1411791
7290008409582,false,שניצל עוף אמיתי בציפוי ביתי מאמא עוף 700 גרם,תנובה מרכז שיתופי לשיווק תוצרת,,שניצל עוף אמיתי בציפ,גרמים,700.00,100 גרם,false,,39.90,0.0570,true,1,1411799
7290008415071,false,צבר חומוס עם טחינה עגול 150 גרם,קבוצת אוסם סחר שותפות מוגבלת,,צבר חומוס עם טחינה 1,גרמים,150.00,100 גרם,false,,4.90,0.0327,true,1,1407104
7290008415514,false,צבר חומוס עם חריף עגול 150 גרם,קבוצת אוסם סחר שותפות מוגבלת,,צבר חומוס עם חריף 15,גרמים,150.00,100 גרם,false,,4.90,0.0327,true,1,1407105
7290008417006,false,פפריקה מתוקה עם שמן,נווה תבלין,,פפריקה מתוקה עם שמן,גרמים,110.00,100 גרם,false,,7.90,0.0718,true,1,1413089
7290008417013,false,פפריקה מתוקה גרוסה 1,נווה תבלין,,פפריקה מתוקה גרוסה 1,גרמים,110.00,100 גרם,false,,7.90,0.0718,true,1,1413090
7290008417020,false,פפריקה חריפה 110,נווה תבלין,,פפריקה חריפה 110,גרמים,110.00,100 גרם,false,,7.90,0.0718,true,1,1413091
7290008417037,false,פלפל שחור טחון במיכל,נווה תבלין,,פלפל שחור טחון 110,גרמים,110.00,100 גרם,false,,7.90,0.0718,true,1,1413092
7290008417044,false,פלפל שחור גרוס במיכל,נווה תבלין,,פלפל שחור גרוס 110,גרמים,110.00,100 גרם,false,,7.90,0.0718,true,1,1413093
7290008417051,false,פלפל לבן 60 גרם בצנצנת,הקולה על הדרך,,פלפל לבן 110,גרמים,110.00,100 גרם,false,,7.90,0.0718,true,1,1413094
7290008417068,false,כמון מזרחי מיכל פלסט,נווה תבלין,,כמון מזרחי 110,גרמים,110.00,100 גרם,false,,7.90,0.0718,true,1,1413095
7290008417075,false,כורכום טחון מיכל פלס,נווה תבלין,,כורכום טחון 130,גרמים,130.00,100 גרם,false,,7.90,0.0608,true,1,1413096
7290008417099,false,תבלין חווא'ג למרק,נווה תבלין,,חוואג' למרק 110,גרמים,110.00,100 גרם,false,,7.90,0.0718,true,1,1413097
7290008417105,false,קינמון טחון 110,נווה תבלין,,קינמון טחון 110,גרמים,110.00,100 גרם,false,,7.90,0.0718,true,1,1413098
7290008417112,false,תבלין מלח לימון,נווה תבלין,,מלח לימון 130,גרמים,130.00,100 גרם,false,,7.90,0.0608,true,1,1413099
7290008417129,false,עלי דפנה במיכל פלסטי,נווה תבלין,,עלי דפנה 35גרם,גרמים,35.00,100 גרם,false,,7.90,0.2257,true,1,1413100
7290008417167,false,קימל טחון/שלם,נווה תבלין,,קימל טחון 120,גרמים,120.00,100 גרם,false,,7.90,0.0658,true,1,1413102
7290008417174,false,אבקת שום 120,נווה תבלין,,אבקת שום 120,גרמים,120.00,100 גרם,false,,7.90,0.0658,true,1,1413103
7290008417198,false,תבלין בצל יבש,נווה תבלין,,בצל יבש 120,גרמים,120.00,100 גרם,false,,7.90,0.0658,true,1,1413104
7290008417204,false,תבלין לשווארמה 110,נווה תבלין,,תבלין לשווארמה 110,גרמים,110.00,100 גרם,false,,7.90,0.0718,true,1,1413105
7290008417228,false,תבלין על אש 110,נווה תבלין,,תבלין על אש 110,גרמים,110.00,100 גרם,false,,7.90,0.0718,true,1,1413107
7290008417235,false,זנגויל טחון מיכל פלס,נווה תבלין,,זנגביל טחון 120,גרמים,120.00,100 גרם,false,,7.90,0.0658,true,1,1413108
7290008417242,false,תבלין אורגנו,נווה תבלין,,אורגנו 50,גרמים,50.00,100 גרם,false,,7.90,0.1580,true,1,1413109
7290008417266,false,זעתר עם שומשום מיכל,נווה תבלין,,זעתר עם שומשום 120,גרמים,120.00,100 גרם,false,,7.90,0.0658,true,1,1413110
7290008417273,false,כוסברה ירק / שלם,נווה תבלין,,כוסברה טחון 80,גרמים,80.00,100 גרם,false,,7.90,0.0988,true,1,1413111
7290008417280,false,אגוז מוסקט טחון 60 ג,נווה תבלין,,אגוז מוסקט טחון 60 ג,גרמים,60.00,100 גרם,false,,9.90,0.1650,true,1,1413112
7290008417372,false,תבלין לגריל עוף 120,נווה תבלין,,תבלין לגריל עוף 120,גרמים,120.00,100 גרם,false,,7.90,0.0658,true,1,1413113
7290008417389,false,שום גבישי 110 גר,נווה התבלין,,שום גבישי 110,גרמים,110.00,100 גרם,false,,7.90,0.0718,true,1,1413114
7290008417396,false,טימין קורנית 110,נווה תבלין,,טימין קורנית 110,גרמים,110.00,100 גרם,false,,7.90,0.0718,true,1,1413115
7290008417402,false,תבלין בזיליקום,נווה תבלין,,בזיליקום 80,גרמים,80.00,100 גרם,false,,7.90,0.0988,true,1,1413116
7290008417440,false,פלפל שחור שלם במיכל,נווה תבלין,,פלפ שחור שלם 110,גרמים,110.00,100 גרם,false,,7.90,0.0718,true,1,1413117
7290008417495,false,פלפל אנגלי שלם במיכל,נווה תבלין,,פלפל אנגלי 110,גרמים,110.00,100 גרם,false,,7.90,0.0718,true,1,1413120
7290008417501,false,תבלין בהרט,נווה תבלין,,בהרט 110,גרמים,110.00,100 גרם,false,,7.90,0.0718,true,1,1413121
7290008417518,false,תבלין למעורב ירושלמי,נווה תבלין,,תבלין למעורב ירושלמי,גרמים,110.00,100 גרם,false,,7.90,0.0718,true,1,1413122
7290008417525,false,ברבקיו של נווה 110,נווה תבלין,,ברבקיו של נווה 110,גרמים,110.00,100 גרם,false,,7.90,0.0718,true,1,1421170
7290008417549,false,תבלין לפיצה 120,נווה תבלין,,תבלין לפיצה 120,גרמים,120.00,100 גרם,false,,7.90,0.0658,true,1,1423967
7290008417600,false,פפריקה מתוקה בצנצנת,נווה תבלין,,פפריקה מתוקה בצנצנת,גרמים,400.00,100 גרם,false,,19.90,0.0497,true,1,1426013
7290008417631,false,פפריקה מתוקה 110,נווה תבלין,,פפריקה מתוקה 110,גרמים,110.00,100 גרם,false,,7.90,0.0718,true,1,1413123
7290008417648,false,צ'ילי מקסיקני 120,נווה תבלין,,צ'ילי מקסיקני 120,גרמים,120.00,100 גרם,false,,7.90,0.0658,true,1,1413124
7290008417723,false,תבלין קצח,נווה תבלין,,קצח 120 גר',גרמים,120.00,100 גרם,false,,7.90,0.0658,true,1,1413127
7290008417822,false,תערובת תיבול טוסקנה,נווה תבלין,,תערובת טוסקנה,גרמים,100.00,100 גרם,false,,7.90,0.0790,true,1,1413128
7290008461221,false,סרדינים רוברט בשמן חמניות 115 גרם,א. סיימן סחר בעמ,,סרדינים רוברט שמן חמ,גרמים,115.00,100 גרם,false,,6.90,0.0600,true,1,1409112
7290008462204,false,חרדל דיז'ון מקורי נטו מאי 380 גרם,א. סיימן סחר בעמ,,חרדל דז'ון מקורי 380,גרמים,380.00,100 גרם,false,,14.90,0.0392,true,1,1409116
7290008464024,false,"בירה גולדסטאר Unfiltered, בירה לא מסוננת, פחית 500 מ""ל","טמפו משקאות בע""מ",,גולדסטאר לא מסונן פח,מיליליטרים,500.00,"100 מ""ל",false,,8.90,0.0178,true,1,1410692
7290008464208,false,"בירה מכבי 7.9%, בירה חזקה, בקבוק 330 מ''ל",פארייפאבה אגרואינדוס,,"מכבי 7.9% 330 מ""ל",מיליליטרים,330.00,"100 מ""ל",false,,7.80,0.0236,true,1,1410695
7290008464345,false,"בירה גולדסטאר, בקבוק 330 מ''ל",פארייפאבה אגרואינדוס,,"גולדסטאר 330 מ""ל",מיליליטרים,330.00,"100 מ""ל",false,,7.20,0.0218,true,1,1410701
7290008464468,false,בירה בפחית גולדסטאר (500 מל),פארייפאבה אגרואינדוס,,"גולדסטאר פחית 500 מ""",מיליליטרים,500.00,"100 מ""ל",false,,8.40,0.0168,true,1,1410702
7290008464604,false,"בירה הייניקן פחית 500 מ""ל",טמפו משקאות בע''מ,,"בירה הייניקן 500 מ""ל",מיליליטרים,500.00,"100 מ""ל",false,,11.90,0.0238,true,1,1410582
7290008464604,false,"בירה הייניקן פחית 500 מ""ל",טמפו משקאות בע''מ,,"בירה הייניקן 500 מ""ל",מיליליטרים,500.00,"100 מ""ל",false,,11.90,0.0238,true,1,1410704
7290008464697,false,"בירה מכבי 7.9%, בירה חזקה, מארז שישייה, בקבוק 330 מ""ל",טמפו משקאות בעמ,,מכבי 7.9% 330 שישייה,מיליליטרים,1980.00,"100 מ""ל",false,,35.90,0.0181,true,1,1410706
7290008464741,false,"בירה גולדסטאר, מארז שישייה, בקבוק 330 מ''ל","טמפו משקאות בע""\מ",,בירה גולד סטאר שישיי,מיליליטרים,1980.00,"100 מ""ל",false,,38.40,0.0194,true,1,1410708
7290008464796,false,"בירה היינקן, מארז שישייה, בקבוק 330 מ''ל",טמפו משקאות בע''מ,,מארז שישייה הייניקן,מיליליטרים,1980.00,"100 מ""ל",false,,38.40,0.0194,true,1,1410709
7290008493413,false,פירורי לחם מאיר בייגל פירורי גריסיני 200 גרם,"דנשר (1963) בע,מ",,פירורי גריסיני מאיר,גרמים,200.00,100 גרם,false,,6.20,0.0310,true,1,1408223
7290008644112,false,אחלה יום יום סלט מטבוחה יום יום 125 גרם,שטראוס גרופ בעמ/מצונן,,סלט מטבוחה אחלה 125,גרמים,125.00,100 גרם,false,,4.90,0.0392,true,1,1405651
7290008645935,false,אחלה חומוס לניגוב 750 גרם,שטראוס גרופ בעמ/מצונן,,חומוס אחלה 750 גרם,גרמים,750.00,100 גרם,false,,10.90,0.0145,true,1,1405652
7290008670159,false,"יין לבן יסמין רקנאטי 750 מ""ל",היכל היין שקד גולן בעמ,,יין יסמין לבן יקבי ר,מיליליטרים,750.00,"100 מ""ל",false,,34.90,0.0465,true,1,1429425
7290008693134,false,מעדן גבינה ויוגורט בטעם תות 5% שומן 88 ג' דניאלה,שטראוס גרופ בעמ/מצונן,,"דניאלה תות 150 מ""ל",גרמים,150.00,100 גרם,false,,4.10,0.0273,true,1,1405653
7290008713900,false,לחם שיפון עגול פרוס אחדות (750 גרם),מאפיית אנג'\ל אורנים מאפ,,לחם שיפון עגול פרוס,גרמים,750.00,100 גרם,false,,12.90,0.0172,true,1,1406767
7290008745239,false,תפוצ'יפס קראנצ' בטעם טבעי עלית 50 גרם,"שטראוס פריטו ליי בע""\מ )",,תפוציפס קראנצ' טבעי,גרמים,50.00,100 גרם,false,,4.00,0.0800,true,1,1406140
7290008750264,false,"מסטיק מאסט ציקלס דובדבן 28 גרם לל""ס מגדים",שטראוס גרופ בע`מ,,מאסט דובדבן מגדים 28,גרמים,28.00,100 גרם,false,,4.50,0.1607,true,1,1416490
7290008752244,false,תפוצ'יפס קראנץ' בטעם גריל עלית 50 גרם,"שטראוס פריטו ליי בע""\מ )",,תפוציפס קראנצ' גריל,גרמים,50.00,100 גרם,false,,4.00,0.0800,true,1,1406142
7290008753111,false,תפוצ'יפס קראנץ' בטעם מקסיקני עלית 50 גרם,"שטראוס פריטו ליי בע""\מ )",,תפוציפס קראנצ מקסיקנ,גרמים,50.00,100 גרם,false,,4.00,0.0800,true,1,1406144
7290008753364,false,דוריטוס גריל עלית 55 ג',"שטראוס פריטו ליי בע""מ",,דוריטוס גריל 55 גרם,גרמים,55.00,100 גרם,false,,3.50,0.0636,true,1,1406145
7290008753371,false,דוריטוס 55 גר`נאצ`ו מקסיקני,שטראוס פריטו ליי בעמ,,דוריטוס נאצ'ו 55 גרם,גרמים,55.00,100 גרם,false,,3.30,0.0600,true,1,1406146
7290008754422,false,גומי מאסט בטעם פפרמינט קלאסי פליפטופ 28 ג' עלית,שטראוס גרופ בע`מ,,Must LL קלאסי פפרמינ,גרמים,28.00,100 גרם,false,,4.50,0.1607,true,1,1416496
7290008757980,false,קרטונית ספרינג נקטר רימונים 1 ליטר,יפאורה שותפות מוגבלת לשיווק,,ספרינג קרטוניות רימו,יחידה,1000.00,יחידה,false,,6.80,0.0068,true,1,1407584
7290008775816,false,ערגליות עוגיות במילוי שוקולד אסם 300 גרם,קבוצת אוסם סחר שותפות מוגבלת,,ערגליות שוקולד שקית,גרמים,300.00,100 גרם,false,,9.90,0.0330,true,1,1407110
7290008801089,false,"יין P.C קברנה סוביניון אדום יבש כרמל 375 מ""ל",אגודת הכורמים,,יין אדום יבש קברנה ס,מיליליטרים,375.00,"100 מ""ל",false,,19.90,0.0531,true,1,1417003
7290008801119,false,סלקטד סוביניון בלאן יקבי כרמל (750 מל),אגודת הכורמים הקואופרטיב,,יין לבן יבש סוביניון,מיליליטרים,750.00,"100 מ""ל",false,,29.90,0.0399,true,1,1417004
7290008801157,false,"יין מרלו סלקטד כרמל כרמל 750 מ""ל",אגודת הכורמים -כרמל מזרחי,,יין אדום מרלו סלקטד,מיליליטרים,750.00,"100 מ""ל",false,,29.90,0.0399,true,1,1417005
7290008801539,false,כרמל 120 אדום מתוק 750 מל קינג דיוויד,אגודת הכורמים הקואופרטיב,,יין כרמל קינג דיויד,מיליליטרים,750.00,"100 מ""ל",false,,19.90,0.0265,true,1,1417009
7290008801546,false,יין מוסקט מתוק קינג דיוויד יקבי כרמל,אגודת הכורמים הקואופרטיב,,יין לבן מתוק מוסקט ק,מיליליטרים,750.00,"100 מ""ל",false,,21.90,0.0292,true,1,1417010
7290008801850,false,סלקטד אמרלד ריזלינג לבן חצי יבש 750 מל,אגודת הכורמים הקואופרטיב,,יין לבן חצי יבש אמרל,מיליליטרים,750.00,"100 מ""ל",false,,29.90,0.0399,true,1,1417012
7290008802291,false,יין מרלו פרייבט קולקשן יקבי כרמל,אגודת הכורמים הקואופרטיב,,יין מרלו פרייבט קולק,מיליליטרים,750.00,"100 מ""ל",false,,39.90,0.0532,true,1,1417013
7290008802512,false,"יין וינו אדום ""כרמל מזרחי""",אגודת הכורמים בעמ,,יין אדום יבש וינו 75,מיליליטרים,750.00,"100 מ""ל",false,,22.20,0.0296,true,1,1417014
7290008802529,false,"יין לבן חצי יבש וינו 750 מ""ל",אגודת הכורמים בעמ,,יין לבן חצי יבש וינו,מיליליטרים,750.00,"100 מ""ל",false,,22.20,0.0296,true,1,1417015
7290008802895,false,יין קברנה סוביניון פרייבט קולקשן יקבי כרמל,אגודת הכורמים הקאופורטיב,,יין אדום יבש קברנה ס,מיליליטרים,750.00,"100 מ""ל",false,,39.90,0.0532,true,1,1417016
7290008804189,false,יין קברנה סוביניון גליל עליון סדרה אזורית יקבי כרמל,אגודת הכורמים הקואופרטיב,,יין אדום קברנה סובינ,מיליליטרים,750.00,"100 מ""ל",false,,59.90,0.0799,true,1,1424928
7290008805049,false,סלקטד זינפנדל סמוק יקבי כרמל (750 מל),"כד בני דרום בע""מ",,יין זינפנדל סלקטד 75,מיליליטרים,750.00,"100 מ""ל",false,,29.90,0.0399,true,1,1417019
7290008805384,false,סלקטד מוסקטו לבן יקבי כרמל (750 מל),אגודת הכורמים הקואופרטיב,,יין מוסקטו לבן סלקטד,מיליליטרים,750.00,"100 מ""ל",false,,29.90,0.0399,true,1,1417020
7290008805520,false,"יין קברנה/סוביניון סלקטד כרמל 750 מ""ל",אגודת הכורמים בעמ,,יין אדום קברנה מרלו,מיליליטרים,750.00,"100 מ""ל",false,,29.90,0.0399,true,1,1417021
7290008805964,false,יין קברנה שיראז גליל עליון סדרה אזורית יקבי כרמל,אגודת הכורמים הקואופרטיב,,יין אדום קברנה שיראז,מיליליטרים,750.00,"100 מ""ל",false,,60.20,0.0803,true,1,1417022
7290008806985,false,נישנושים גלידה שוקו וניל בציפוי שוקולד 60 יח' קרמיסימו,"גלידת שטראוס בע""\מ, רחוב",,קרמיסימו נשנושים שוק,יחידה,60.00,יחידה,false,,43.90,0.7317,true,1,1416805
7290008909853,false,"קוקה קולה זירו בקבוק 500 מ""ל.",החברה המרכזית להפצת משקאות בעמ,,קולה ZERO בקבוק 500,מיליליטרים,500.00,"100 מ""ל",false,,6.50,0.0130,true,1,1413491
7290008909860,false,קוקה קולה זירו בקבוק 1.5ל,החברה המרכזית לייצור משקאות,,קוקה קולה זירו בקבוק,מיליליטרים,1500.00,"100 מ""ל",false,,8.80,0.0059,true,1,1413492
7290010002696,false,אקסטרה צ'יפס אורז חום מלא שמנת בצל 60 גרם,א.ל ייצור ושיווק תבלינים בעמ,,אקסטרה צ'יפס אורז חו,גרמים,60.00,100 גרם,false,,7.20,0.1200,true,1,1437118
7290010065059,false,מחית פירות מעורבים ג'וניור פרינוק 190 גרם,פרוטה פודווין איי.אס,,מחית ג'וניור פירות מ,גרמים,190.00,100 גרם,false,,7.90,0.0416,true,1,1440924
7290010065318,false,מחית תפוח עץ ג'וניור פרינוק 190 גרם,גורי מוצרי צריכה 1991 בעמ,,מחית פרינוק גוניור ת,יחידה,190.00,יחידה,false,,6.50,0.0342,true,1,1408855
7290010065332,false,מחית תפוח עץ בננה ג'וניור פרינוק 190 גרם,גורי מוצרי צריכה (1991) בעמ,,פרינוק מחית תפוחי עץ,גרמים,190.00,100 גרם,false,,6.50,0.0342,true,1,1408857
7290010065349,false,72900פרינוק מחית סלט פירות שלב 3 190 גרם,גורי מוצרי צריכה (1991) בעמ,,פרינוק סלט פירות 190,גרמים,190.00,100 גרם,false,,6.50,0.0342,true,1,1408858
7290010065745,false,מחית לפתן פירות ג'וניור פרינוק 190 גרם,גורי מוצרי צריכה (1991) בעמ,,מחית ג'וניור לפתן פי,גרמים,190.00,100 גרם,false,,7.90,0.0416,true,1,1440925
7290010116980,false,שוקולית אבקה להכנת משקה שוקו שקית 850,הנסיך- מפעל לייצור ט,,שוקולית 850 גרם,גרמים,850.00,100 גרם,false,,17.90,0.0211,true,1,1416500
7290010117857,false,דוריטוס חטיף חריף אש 55 ג',שטראוס פריטו ליי בעמ,,דוריטוס חריף אש 55 ג,גרמים,55.00,100 גרם,false,,3.50,0.0636,true,1,1406148
7290010117970,false,סבבה בוטנים קלויים מצופים - אריזה אישית,"שטראוס פריטו ליי בע""מ",,בוטנים אמריקאים 50 ג,גרמים,50.00,100 גרם,false,,2.90,0.0580,true,1,1406149
7290010119950,false,חטיף דוריטוס בטעם חמוץ חריף 55 גרם,שטראוס פריטו ליי בע`מ,,דוריטוס חמוץ חריף 55,גרמים,55.00,100 גרם,false,,3.50,0.0636,true,1,1406150
7290010154029,false,אריסה מתוקה תבליני ביטון יוחאי (250 גרם),תבליני ביטון יוחאי,,אריסה מתוקה 250 גרם,גרמים,250.00,100 גרם,false,,13.90,0.0556,true,1,1409120
7290010154265,false,פלפל צ`ומה תבליני ביטון יוחאי (250 גרם),תבליני יוחאי ביטון,,פלפל צ'ומה 250 גרם,גרמים,250.00,100 גרם,false,,12.90,0.0516,true,1,1422713
7290010154678,false,אריסה מרוקאית תבליני ביטון 250 גרם,תבליני יוחאי ביטון,,אריסה מרוקאית 250 גר,גרמים,250.00,100 גרם,false,,13.90,0.0556,true,1,1409123
7290010175048,false,מיץ בטעם לימון משומר 1 ליטר טעמן,טעמן,,מיץ לימון משומר 1 לי,מיליליטרים,1000.00,"100 מ""ל",false,,5.10,0.0051,true,1,1408306
7290010259359,false,וילי פוד נודלס אטר.ביצים להקפצה בדץ 200ג,ג.וילי פוד אינטרנשיונל בעמ,,אטריות רחבות נודלס ו,גרמים,200.00,100 גרם,false,,4.90,0.0245,true,1,1408417
7290010259366,false,וילי פוד נודלס אטר.ביצים מסולסל בדץ 200ג,ג. וילי-פוד אינטרנשיונל בע`מ,,אטריות מסולסלות נודל,גרמים,200.00,100 גרם,false,,4.90,0.0245,true,1,1408418
7290010259977,false,שמן קנולה מזוכך ויליפוד 1 ליטר,ג.וילי-פוד אינטרנשיונל ***שמן,,שמן קנולה 1 ליטר,מיליליטרים,1000.00,"100 מ""ל",false,,10.90,0.0109,true,1,1408427
7290010259991,false,צנימים מיוחדים בטעם טבעי 250 ג',ג. וילי-פוד אינטרנשיונל בע`מ,,צנימים ויליפוד 250 ג,גרמים,250.00,100 גרם,false,,8.90,0.0356,true,1,1408428
7290010300075,false,שמרים נמסים בקופסא 33 גרם,ר.ס.,,שמרים נמסים בקופסה 3,גרמים,33.00,100 גרם,false,,6.50,0.1970,true,1,1410294
7290010300365,false,מטליות מיקרופייבר 3+1 לניקוי כללי,מ.א. מטליות,,מטליות מיקרופייבר 3+,יחידה,4.00,יחידה,false,,7.90,1.9750,true,1,1410297
7290010300389,false,כרית יפניות עבות חמישייה אלפא,שלמה חביב,,5 כריות יפניות אלפא,יחידה,5.00,יחידה,false,,9.90,1.9800,true,1,1410298
7290010300501,false,"סוכר חום דמררה נאמן 1 ק""ג",נאמן לאורך זמן בעמ,,סוכר חום בשקית השף א,גרמים,1000.00,100 גרם,false,,13.00,0.0130,true,1,1410300
7290010300518,false,"קוואקר שבולת שועל, 500 גרם ""נאמן""",נאמן לאורך זמן בעמ,,שבולת שועל מהיר הכנה,גרמים,500.00,100 גרם,false,,8.50,0.0170,true,1,1410301
7290010300532,false,חומץ סינטטי 5% נאמן,הילל תעשיות,,חומץ סינטטי 5% 1 ליט,מיליליטרים,1000.00,"100 מ""ל",false,,4.90,0.0049,true,1,1410303
7290010300549,false,מיץ לימון משומר 1 לי,הילל תעשיות,,מיץ לימון משומר 1 לי,מיליליטרים,1000.00,"100 מ""ל",false,,5.50,0.0055,true,1,1410304
7290010300563,false,שקיות צליה 10 יח',oylum,,שקיות צליה 10 יח',יחידה,10.00,יחידה,false,,5.50,0.5500,true,1,1410305
7290010300570,false,קוקוס טחון נאמן 200 ג',ר.ס.,,קוקוס טחון נאמן 200,גרמים,200.00,100 גרם,false,,8.50,0.0425,true,1,1410306
7290010300587,false,שומשום 200 גרם נאמן,ר.ס.,,שומשום 200 גרם נאמן,גרמים,200.00,100 גרם,false,,8.00,0.0400,true,1,1410307
7290010300594,false,אבקת ג'לטין מדגים כש,נאמן לאורך זמן בעמ,,אבקת ג'לטין מדגים כש,יחידה,0.00,יחידה,false,,10.90,0.0000,true,1,1410308
7290010300921,false,סוכר דמררה בקופסא הש,SUGRAIN,,סוכר דמררה בקופסא הש,יחידה,0.00,יחידה,false,,13.50,0.0000,true,1,1425886
7290010328246,false,טחינה גולמית משומשום מלא אחווה 500 גרם,אחדות ביתחרושת לטחינה חלבה,,טחינה גולמית משומשום,גרמים,500.00,100 גרם,false,,12.90,0.0258,true,1,1428112
7290010328253,false,טחינה גולמית משומשום טבעי אחווה 500 גרם,אחדות ביתחרושת לטחינה חלבה,,טחינה גולמית אחוה 50,גרמים,500.00,100 גרם,false,,12.90,0.0258,true,1,1410465
7290010328468,false,מארז מיני חלווה אחוה בטעמים 18 יחידות 216 גרם,אחדות ביחר לטחינה חל,,מיני חלווה חטיפי חלו,יחידה,18.00,יחידה,false,,11.90,0.6611,true,1,1413241
7290010328505,false,"מארז מיני חלווה 15 יחידות לל""ס אחוה 150 גרם",אחדות ביחר לטחינה חל,,חטיפי מיני חלווה ללא,יחידה,15.00,יחידה,false,,11.90,0.7933,true,1,1413242
7290010328819,false,"ממרח טחינה עם שוקולד לל""ס 400 ג' אחדות!.",אחדות ביחר לטחינה חל,,אחווה ממרח טחינה ושו,גרמים,400.00,100 גרם,false,,12.90,0.0323,true,1,1413244
7290010429554,false,"שמן זית כתית מעולה יד מרדכי 2 קלאסי, 750 מ""ל",מכוורת יד מרדכי שטראוס ב,,שמן זית כתית מעולה ק,מיליליטרים,750.00,"100 מ""ל",false,,33.90,0.0452,true,1,1416502
7290010471669,false,יוגורט תות עם קורנפלקס מצופה שוקולד ללא גלוטן 3.9%,שטראוס גרופ בעמ/מצונן,,דנונה בר תות קורנפלק,גרמים,175.00,100 גרם,false,,4.30,0.0246,true,1,1405654
7290010472307,false,"שמיניית משקה גמדים תות בננה דיסני 108 מ""ל",שטראוס גרופ בעמ/מצונן,,גמדים תות בננה 8*100,מיליליטרים,800.00,"100 מ""ל",false,,19.90,0.0249,true,1,1405656
7290010513703,false,4079400330129צ`ופסטיקס צפצפה 20 יח,מזרח ומערב יבוא ושיווק,,צ'ופסטיקס צפצפה - 20,יחידה,20.00,יחידה,false,,6.90,0.3450,true,1,1412122
7290010513727,false,פנקו פרורי לחם 200 גרם (קינגדאו),מזרח ומערב יבוא ושיווק,,פנקו פירורי לחם 200,גרמים,200.00,100 גרם,false,,7.90,0.0395,true,1,1412123
7290010627004,false,טחינה גולמית מסורתית ירושלים 500 ג',תה ויסוצקי (ישראל) בעמ,,טחינה ירושלים 500 גר,גרמים,500.00,100 גרם,false,,15.90,0.0318,true,1,1406686
7290010627844,false,טחינה גולמית שומשום מלא ירושלים 500גרם,תה ויסוצקי (ישראל) בעמ,,טחינה שומשום מלא ירו,גרמים,500.00,100 גרם,false,,15.90,0.0318,true,1,1406687
7290010650019,false,אנדיב בלגי אמיתי חוות תקוע,חוות פטריות תקוע בעמ*קונסיגנצי,,אנדיב / עולש חוות תק,יחידה,1.00,יחידה,false,,11.00,11.0000,true,1,1428489
7290010777099,false,פיתות בעבודת יד פיתה אקספרס 8 יחידות,מגוון שיווק והפצת מאפים בעמ,,פיתה עבודת יד 8 יח',יחידה,8.00,יחידה,false,,11.90,1.4875,true,1,1419573
7290010777297,false,פיתות עבודת יד10 יח'/ פיתה ביס לבן 12 יח',מגוון שיווק והפצת מאפים בעמ,,פיתה ביס עבודת יד 12,יחידה,12.00,יחידה,false,,13.90,1.1583,true,1,1414641
7290010777358,false,מארז שמיניית פיתות 100% כוסמין מלא,מגוון שיווק והפצת מאפים בעמ,,פיתה 100% כוסמין מלא,יחידה,8.00,יחידה,false,,16.90,2.1125,true,1,1419577
7290010777488,false,ביס מקמח מלא מחמצת 99 קלוריות 10 יח`,מגוון שיווק והפצת מאפים בעמ,,פיתה מחמצת 10 יחידות,גרמים,300.00,100 גרם,false,,16.90,0.0563,true,1,1440040
7290010777525,false,מארז שישייה פיתות כוסמין פיתה אקספרס,מגוון שיווק והפצת מאפים בעמ,,פיתות 100% כוסמין מל,גרמים,300.00,100 גרם,false,,17.90,0.0597,true,1,1440041
7290010814244,false,שלשות שוקולד מריר 85 גרם*3 בלמינט *18 בקרטון,כרמית תעשיות ממתקים בעמ,,שוקולד מריר 60% מוצק,גרמים,255.00,100 גרם,false,,10.90,0.0427,true,1,1407948
7290010814695,false,שוקולד מריר פרווה ללא תוספת סוכר כרמית 85 גרם,"כרמית תעשיות ממתקים בע""\",,שוקולד מריר פרווה לל,גרמים,85.00,100 גרם,false,,5.90,0.0694,true,1,1407951
7290010814701,false,שוקולד חלב ללא תוספת סוכר וסטהיים,"כרמית תעשיות ממתקים בע""\",,שוקולד חלב ללא תוספת,גרמים,85.00,100 גרם,false,,5.90,0.0694,true,1,1407952
7290010838219,false,ממתיק על בסיס צמח הסטיביה - שקיות,"קיפל טבליות וממתיקים בע""מ",,סטיביה 100 שקיות,יחידה,100.00,יחידה,false,,28.90,0.2890,true,1,1410394
7290010849529,false,די לואיג`י ביאנקו 750 מל למברוסקו,הכרם - משקאות חריפים בעמ,,למברוסקו די לואיג'י,מיליליטרים,750.00,"100 מ""ל",false,,32.80,0.0437,true,1,1411863
7290010883356,false,כפפות אלוורה רב שימושיות גדולות L סנו סושי,החברה הדרומית לשיווק בעמ,,כפפות אלוורה L,יחידה,1.00,יחידה,false,,10.90,10.9000,true,1,1410120
7290010883363,false,כפפות אלוורה רב שימושיות קטנות S סנו סושי,החברה הדרומית לשיווק בעמ,,כפפות אלוורה S,יחידה,1.00,יחידה,false,,10.90,10.9000,true,1,1410121
7290010883370,false,כפפות אלוורה רב שימושיות בינוניות M סנו סושי,החברה הדרומית לשיווק בעמ,,כפפות אלוורה M,יחידה,1.00,יחידה,false,,10.90,10.9000,true,1,1410122
7290010903344,false,אצבעות שניצל רמי לוי 1 קג,,,אצבעות שניצל רמי לוי,גרמים,1000.00,100 גרם,false,,34.90,0.0349,true,1,1433609
7290010931330,false,סלט מטבוחה אחלה 500 גרם,שטראוס גרופ בעמ/מצונן,,מטבוחה 500,גרמים,575.00,100 גרם,false,,13.80,0.0240,true,1,1405659
7290010945146,false,קוטג' 3% מועשר בסידן טרה 250 ג' מהדרין,*החברה המרכזית להפצת משקאותבעמ,,גבינת קוטג' מועשרת 3,גרמים,250.00,100 גרם,false,,5.50,0.0220,true,1,1413606
7290010945306,false,חלב טרה קרטון 2 ליטר מהדרין*%*3,החברה המרכזית טלהפצת משקאות בע,,חלב טרי בקרטון 3% בד,מיליליטרים,2000.00,"100 מ""ל",false,,12.46,0.0062,true,1,1413607
7290010945450,false,גבינה לבנה 3% 250 גר מועשר בסידן וויטמין,*החברה המרכזית להפצת משקאותבעמ,,גבינה לבנה 3% טרה 25,גרמים,250.00,100 גרם,false,,4.98,0.0199,true,1,1413608
7290010945481,false,גבינה לבנה טרה 5% מרכיבים טבעיים,החברה המרכזית טלהפצת משקאות בע,,גבינה לבנה 5% טרה 50,גרמים,500.00,100 גרם,false,,9.95,0.0199,true,1,1413609
7290010984879,false,שום כתוש בצנצנת 200ג רמילוי,,,שום כתוש קפוא בצנצנת,גרמים,200.00,100 גרם,false,,11.90,0.0595,true,1,1427680
7290010984923,false,שום כתוש מגשית 80ג רמילוי,,,שום כתוש קפוא במגשית,גרמים,80.00,100 גרם,false,,7.90,0.0988,true,1,1427685
7290011017866,false,פחית קולה סליק קוקה-קולה (330 מל),החברה המרכזית להפצת משקאות בעמ,,סליק קוקה קולה 330 מ,מיליליטרים,330.00,"100 מ""ל",false,,6.20,0.0188,true,1,1413498
7290011017873,false,פחית זירו סליק קוקה-קולה (330 מל),החברה המרכזית להפצת משקאות בעמ,,סליק קולה ZERO 330 מ,מיליליטרים,330.00,"100 מ""ל",false,,6.20,0.0188,true,1,1413499
7290011017880,false,פחית דיאט קולה סליק קוקה-קולה (330 מל),החברה המרכזית להפצת משקאות בעמ,,"סליק דק""ק 330 מ""ל מב",מיליליטרים,330.00,"100 מ""ל",false,,6.20,0.0188,true,1,1413500
7290011018443,false,משקה מוגז אורנג` פאנטה (330 מל),החברה המרכזית להפצת משקאות בעמ,,סליק פאנטה אורנג' 33,מיליליטרים,330.00,"100 מ""ל",false,,6.20,0.0188,true,1,1413508
7290011018924,false,"מארז פחיות דיאט קוקה קולה שישייה 330 מ""ל",החברה המרכזית להפצת משקאות בעמ,,שישיית פחיות דיאט קו,מיליליטרים,1980.00,"100 מ""ל",false,,25.70,0.0130,true,1,1413514
7290011043049,false,כוסות נייר שתיה חמה,כוסות שתייה חמה 3 ב,,כוסות נייר שתיה חמה,יחידה,50.00,יחידה,false,,11.90,0.2380,true,1,1431441
7290011081492,false,גלידה בטעם שלושה שוקולדים 1.33ל' קרמיסימו,"גלידת שטראוס בע""\מ, רחוב",,גלידת קרמיסימו 1.33,מיליליטרים,1330.00,"100 מ""ל",false,,18.90,0.0142,true,1,1416809
7290011081690,false,קרמיסימו פרווה שוקו ציפ+וניל ציפ 1.33ל,"גלידת שטראוס בע""\מ, רחוב",,גלידת קרמיסימו 1.33,מיליליטרים,1330.00,"100 מ""ל",false,,18.90,0.0142,true,1,1416810
7290011126452,false,הגן הקסום תה בטעם קמומיל ונענע ויסוצקי 25 יחידות,תה ויסוצקי (ישראל) בעמ,,חליטת קמומיל ונענע ה,יחידה,25.00,יחידה,false,,17.90,0.7160,true,1,1406688
7290011126469,false,חליטת צמחים וקמומיל הגן הקסום ויסוצקי 25 יחידות,תה ויסוצקי (ישראל) בעמ,,חליטת קמומיל ודבש הג,יחידה,25.00,יחידה,false,,17.90,0.7160,true,1,1406689
7290011133368,false,בירה שנדי בתוספת משקה תפוח - שישייה,"טמפו משקאות בע""מ",,שישיית שנדי תפוח 330,מיליליטרים,1980.00,"100 מ""ל",false,,31.90,0.0161,true,1,1422942
7290011133375,false,בירה שנדי בתוספת משקה אפרסק - שישייה,"טמפו משקאות בע""מ",,שישיית מכבי שנדי אפר,מיליליטרים,1980.00,"100 מ""ל",false,,31.90,0.0161,true,1,1429210
7290011133634,false,"פפסי מקס פחית צרה מארז שישייה 330 מ""ל","טמפו משקאות בע""\מ",,פפסי מקס פחית דלקלור,מיליליטרים,1980.00,"100 מ""ל",false,,19.40,0.0098,true,1,1427655
7290011148591,false,שיני שום שלוף 500 גר,עטרה,,כרובית,יח',1.00,יח',false,,9.90,9.9000,true,1,1437283
7290011164546,false,סוכריות טופי ממולא בטעם חמוץ 120 יחידות 600 גרם,פאסין אס אי,,סוכריות טופי אטומיק,גרמים,600.00,100 גרם,false,,19.90,0.0332,true,1,1435050
7290011194215,false,מעדן גבינה ויוגורט בטעם בננה 5% שומן 88 ג' דניאלה,שטראוס גרופ בעמ/מצונן,,דניאלה בננה 150 גרם,גרמים,150.00,100 גרם,false,,4.10,0.0273,true,1,1405660
7290011194246,false,קוטג 5% 250 גרם עם סידן שטראוס,שטראוס גרופ בעמ/מצונן,,גבינת קוטג 5% שטראוס,גרמים,250.00,100 גרם,false,,5.90,0.0236,true,1,1405661
7290011239213,false,עמוס חטיפים מתוקים מ,סוכניות עמוס ממתקים בעמ,,ממתק מחרום 100 גרם,גרמים,100.00,100 גרם,false,,5.90,0.0590,true,1,1409520
7290011249748,false,רולים גלילי ופל במילוי קרם שוקולד 100 ג' עלמה,ח.כהן סוכנות מזון ומשקאות בע,,רולים שוקו 100 גרם,גרמים,100.00,100 גרם,false,,3.90,0.0390,true,1,1413245
7290011249755,false,רולים גלילי ופל במילוי קרם אגוזים 100 ג' עלמה,ח.כהן סוכנות מזון ומשקאות בע,,רולים אגוז 100 גרם,גרמים,100.00,100 גרם,false,,3.90,0.0390,true,1,1413246
7290011276485,false,חסה עגולה רמי לוי,ביכורי השדה צפון 1994 ג.ד. בעמ,,חסה עגולה רמי לוי,יחידה,1.00,יחידה,false,,6.90,6.9000,true,1,1420913
7290011432768,false,שקית גופיה שוויצריה,,,שקית גופיה שוויצריה,יחידה,1.00,יחידה,false,,0.10,0.1000,true,1,1429953
7290011438142,false,"משקה יטבתה אייס קפה בבקבוק אישי 350 מ""ל",שטראוס גרופ בעמ/מצונן,,אייס קפה 2% יטבתה 35,מיליליטרים,350.00,"100 מ""ל",false,,6.20,0.0177,true,1,1405663
7290011447267,false,מטרנה פרימיום חלבי שלב 1 700 גרם חיסכון,קבוצת אוסם סחר-שות.מוגבלת,,מטרנה חלבי חיסכון של,גרמים,700.00,100 גרם,false,,49.90,0.0713,true,1,1431525
7290011488062,false,בצלצלי שאלוט תיבולי הכפר,ביכורי השדה צפון 1994 ג.ד. בעמ,,בצל שאלוט,קילוגרמים,1.00,"ק""ג",false,,11.90,11.9000,true,1,1442510
7290011499105,false,בולגרית מסורתית 5% 250 גרם -רבנות,מחלבות גד שיווק 1992 בעמ,,בולגרית מסורתית 5% 2,גרמים,250.00,100 גרם,false,,22.90,0.0916,true,1,1413771
7290011499129,false,גבינה בולגרית מעודנת קוביות קטנות 5% גד 200 גרם,מחלבות גד שיווק 1992 בעמ,,קוביות גבינה בולגרית,גרמים,200.00,100 גרם,false,,22.90,0.1145,true,1,1413773
7290011499327,false,גבינה בולגרית מעודנת 5% 250 גרם - רבנות,מחלבות גד שיווק 1992 בעמ,,‏בולגרית מעודנת 5% 2,גרמים,250.00,100 גרם,false,,22.90,0.0916,true,1,1413776
7290011499365,false,גבינת חלומי 24% מחלב בקר גד (200 גרם),מחלבות גד שיווק 1992 בעמ,,חלומי 24% 200 גרם,גרמים,200.00,100 גרם,false,,20.90,0.1045,true,1,1413780
7290011499624,false,שמנת 30% ניו יורק טבעי 200 גרם רבנות,מחלבות גד שיווק 1992 בעמ,,גבינת שמנת ניו יורק,גרמים,200.00,100 גרם,false,,12.90,0.0645,true,1,1413783
7290011518561,false,"אקטימל תות 1.51 ק""ג מארז 14 יחידות",שטראוס גרופ בעמ/מצונן,,"אקטימל תות 14*100 מ""",מיליליטרים,1400.00,"100 מ""ל",false,,29.90,0.0214,true,1,1405665
7290011537371,false,פסטה קונכיות 500 גרם טעמן,מוצרי יסוד - טעמן,,פסטה בילאג'יו קונכיו,גרמים,500.00,100 גרם,false,,4.90,0.0098,true,1,1438443
7290011587079,false,חרדל דיז'ון גרגירים 370 ג' PICCATA,תומר ייבוא ושיווק מוצרי מזון [,,חרדל דיז'ון גרגירים,גרמים,370.00,100 גרם,false,,7.90,0.0214,true,1,1407801
7290011587123,false,קרם קוקוס תומר 400 מ,Thai coconut co ltd,,קרם אגוזי קוקוס 400,מיליליטרים,400.00,"100 מ""ל",false,,10.00,0.0250,true,1,1407803
7290011587451,false,מוזלי קראנצי בתוספת פירות ואגוזים ויטליה 600 גרם,תומר יבוא ושיווק מוצרי מזון (1,,גרנולה +פירות ואגוזי,גרמים,600.00,100 גרם,false,,13.90,0.0232,true,1,1407807
7290011587598,false,פילה אנשובי בשמן תומר (45 גרם),תומר ייבוא ושיווק מוצרי מזון [,,אנשובי תומר 45 גרם,גרמים,45.00,100 גרם,false,,6.90,0.1533,true,1,1407810
7290011587635,false,מקרל מרוקאי ברוטב עגבניות 125 ג' תומר,תומר ייבוא ושיווק מוצרי מזון [,,מקרל מרוקאי עגבניות,גרמים,125.00,100 גרם,false,,5.90,0.0472,true,1,1407812
7290011587697,false,ממרח עגבניות מיובשות פסטו תומר 340 ג',תומר יבוא ושיווק מוצרי מזון (1,,ממרח עגבניות מיובשות,גרמים,360.00,100 גרם,false,,12.90,0.0358,true,1,1421715
7290011587758,false,אטריות נודלס דק 200 גר' -תומר,תומר ייבוא ושיווק מוצרי מזון [,,נודלס דק 200 גרם,גרמים,200.00,100 גרם,false,,4.90,0.0245,true,1,1407814
7290011587765,false,אטריות נודלס עבה 200 גרם -תומר,תומר ייבוא ושיווק מוצרי מזון [,,נודלס עבה 200 גרם,גרמים,200.00,100 גרם,false,,4.90,0.0245,true,1,1407815
7290011587956,false,רוטב צ'ילי מתוק 700 ג' תומר,,,רוטב צילי מתוק 700 מ,מיליליטרים,700.00,"100 מ""ל",false,,10.90,0.0156,true,1,1407818
7290011587994,false,רוטב סויה 700 ג' תומר,,,"רוטב סויה 700 מ""ל",מיליליטרים,700.00,"100 מ""ל",false,,10.90,0.0156,true,1,1425772
7290011598211,false,"סנו - אנטי קאלק מרסס ניקוי כללי 4 ב-1 700 מ""ל",החברה הדרומית לשיווק בעמ,,אנטי קאלק מרסס 4 ב-,מיליליטרים,750.00,"100 מ""ל",false,,17.90,0.0239,true,1,1410124
7290011615260,false,"טורטייה 20 ס""מ קוטר וילי פוד 540 גר",ג.וילי פוד אינטרנשיונל בעמ,,טורטייה ויליפוד 540,גרמים,540.00,100 גרם,false,,8.90,0.0165,true,1,1408429
7290011695019,false,אלפא רדיד אלומניום ק,אופל,,אלפא רדיד אלומניום ק,יחידה,1.00,יחידה,false,,7.00,7.0000,true,1,1410312
7290011695132,false,רדיד אלומניוס 7.5 מט,אופל,,רדיד אלומניוס 7.5 מט,יחידה,1.00,יחידה,false,,8.90,8.9000,true,1,1410314
7290011695385,false,"תמצית רום מהדרין 50 מ""ל",עבדו,,"תמצית רום 50מ""ל",מיליליטרים,50.00,"100 מ""ל",false,,3.50,0.0700,true,1,1421893
7290011695392,false,"תמצית וניל 50 מ""ל",עבדו,,"תמצית וניל 50 מ""ל",מיליליטרים,50.00,"100 מ""ל",false,,3.50,0.0700,true,1,1410315
7290011695439,false,"רוטב סויה 295 מ""ל",BAAECO,,"רוטב סויה 295 מ""ל",מיליליטרים,295.00,"100 מ""ל",false,,9.50,0.0322,true,1,1421894
7290011695477,false,דבש טבעי מפרחי שדה,מכוורת עמק חפר,,דבש לחיץ 350 גרם,גרמים,350.00,100 גרם,false,,24.00,0.0686,true,1,1410316
7290011695484,false,מפיות אלפא רב שכבתי,נ.ש.ם,,מפיות נייר ציור,יחידה,1.00,יחידה,false,,5.90,5.9000,true,1,1410317
7290011695620,false,סירופ מייפל טופ 700ג',מיטב תעשיות,,סירופ בטעם מייפל 500,מיליליטרים,500.00,"100 מ""ל",false,,12.90,0.0258,true,1,1410320
7290011695651,false,צנימים עגולים 300 גרם נאמן,נאמן לאורך זמן בעמ,,צנימים עגולים 300 גר,גרמים,300.00,100 גרם,false,,12.90,0.0430,true,1,1410322
7290011695712,false,חמאת בוטנים עם שברי 510 ג' NEEMAN,SUPER NUTRI,,חמאת בוטנים קרמי אדו,גרמים,510.00,100 גרם,false,,12.90,0.0253,true,1,1410323
7290011695781,false,"דבש טבעי 1 ק""ג -בד""ץ",,,"דבש טבעי 1 ק""ג -בד""ץ",גרמים,1000.00,100 גרם,false,,49.90,0.0499,true,1,1410325
7290011695934,false,נאמן לאורך זמן נייר אפייה 50יח',אופל,,נייר אפיה 50 יח',יחידה,50.00,יחידה,false,,9.90,0.1980,true,1,1410328
7290011695958,false,"חומץ תפוחים נאמן 750 מ""ל",נאמן לאורך זמן בעמ,,"חומץ תפוחים 500 מ""ל",מיליליטרים,500.00,"100 מ""ל",false,,13.90,0.0278,true,1,1410329
7290011723200,false,טחינה הר ברכה 100% שומשום טהור 500 גר,טחינה הר ברכה בעמ,,טחינה הר ברכה 500 גר,גרמים,500.00,100 גרם,false,,18.90,0.0378,true,1,1438257
7290011778354,false,ביצים חופשיות 20 יחידות,ביצים מן הטבע,,ביצים חופשיות מן הטב,יחידה,20.00,יחידה,false,,29.90,1.4950,true,1,1440446
7290011851606,false,סחלב תערובת הכנה 500 ג',י.כהן,,אבקה להכנת סחלב 500,גרמים,500.00,100 גרם,false,,17.90,0.0358,true,1,1410330
7290011876388,false,קציצות עוף ובקר מאמא עוף (600 גרם),תנובה מרכז שיתופי לשיווק תוצרת,,קציצות עוף ובקר מאמא,גרמים,600.00,100 גרם,false,,27.90,0.0465,true,1,1427863
7290011877859,false,סנו אינסטלטור חדש פותח סתימות 200ג',החברה הדרומית לשיווק בעמ,,אינסטלטור פותח סתימו,מיליליטרים,200.00,"100 מ""ל",false,,16.90,0.0845,true,1,1410135
7290011947309,false,זיתים מצוננים סורי מבוקע ולימון כבוש זיתא 230 ג',תה ויסוצקי (ישראל) בעמ,,זית סורי מבוקע עם לי,גרמים,230.00,100 גרם,false,,13.90,0.0604,true,1,1406692
7290011947316,false,זיתא זיתי קלמטה בשמן זית כתית מעולה 215ג,תה ויסוצקי (ישראל) בעמ,,זיתי קלמטה 215 גרם ז,גרמים,215.00,100 גרם,false,,13.90,0.0647,true,1,1406693
7290011947521,false,"שמן זית כתית מעולה 750 מ""ל טעם מודגש זיתא",תה ויסוצקי (ישראל) בעמ,,שמן זית כתית מעולה ט,מיליליטרים,750.00,"100 מ""ל",false,,32.90,0.0439,true,1,1406694
7290011947743,false,זיתים זיתא מיקס זית ירוק וזית קלמטה 215 גרם,תה ויסוצקי (ישראל) בעמ,,מיקס זית ירוק וזית ק,גרמים,215.00,100 גרם,false,,13.90,0.0647,true,1,1406698
7290011947781,false,מיקס זית ירוק וזית קלמטה ללא גלעין עם שמן זית כתית מעולה,תה ויסוצקי (ישראל) בעמ,,מיקס זית ירוק וזית ק,גרמים,190.00,100 גרם,false,,13.90,0.0732,true,1,1432808
7290011947903,false,מיקס זיתים יווני זיתא 215 גרם,תה ויסוצקי (ישראל) בעמ,,מיקס זיתים יווני זית,גרמים,215.00,100 גרם,false,,13.90,0.0647,true,1,1434818
7290011977924,false,"פסטה קרניים 100% חיטת דורום בד""ץ טעמן 500 גרם",מוצרי יסוד - טעמן,,פסטה בילאג'יו קרניים,גרמים,500.00,100 גרם,false,,4.90,0.0098,true,1,1438444
7290012019012,false,אספרגוס לבן שלם תומר 330 גרם,תומר יבוא ושיווק מוצרי מזון (1,,אספרגוס לבן שלם בצנצ,גרמים,330.00,100 גרם,false,,9.90,0.0300,true,1,1425683
7290012019043,false,שום צעיר כבוש בחומץ בצנצנת 330 גרם,FOODS CANDDED QINGDAO,,שום צעיר כבוש בחומץ,גרמים,330.00,100 גרם,false,,9.90,0.0300,true,1,1421719
7290012019258,false,מחית תפוחי עץ רביעיה 4 * 113 ג' תומר,תומר ייבוא ושיווק מוצרי מזון [,,מחית תפוחי עץ 4 * 11,גרמים,452.00,100 גרם,false,,11.00,0.0243,true,1,1407822
7290012019265,false,"מחית תפו""ע ללא תוספת סוכר 4*113גר",תומר ייבוא ושיווק מוצרי מזון [,,מחית תפוחי עץ ללא תו,גרמים,452.00,100 גרם,false,,11.00,0.0243,true,1,1407823
7290012019401,false,מיץ דובדבן 100% 1 ליטר תוצרת גרוזיה,תומר יבוא ושיווק מוצרי מזון (1,,מיץ דובדבן חמוץ 1 לי,מיליליטרים,1000.00,"100 מ""ל",false,,18.90,0.0189,true,1,1407826
7290012025822,false,שמיר סלק אסלי 400 גרם,"סלטי שמיר 2006 בע""מ",,סלק אסלי 400 גרם,גרמים,400.00,100 גרם,false,,10.90,0.0273,true,1,1438122
7290012025839,false,מטבוחה אסלי שמיר 400 גרם,"סלטי שמיר 2006 בע""מ",,מטבוחה אסלי 400 גרם,גרמים,400.00,100 גרם,false,,11.90,0.0298,true,1,1438123
7290012117565,false,כפפות סנו סושי לטקס S אריזת 100יח',החב. הדרומית לשיווק,,כפפות לטקס S,יחידה,1.00,יחידה,false,,29.90,29.9000,true,1,1410144
7290012159275,false,מיונז אמיתי 430 גרם LINA,יורוסטנדרט בעמ,,מיונז לינה 430 גרם,גרמים,430.00,100 גרם,false,,11.90,0.0277,true,1,1416270
7290012159480,false,יין לבן חצי יבש במעבע גוטה דה מרוויה,יורוסטנדרט בעמ,,יין לבן חצי יבש מבעב,מיליליטרים,750.00,"100 מ""ל",false,,27.90,0.0372,true,1,1416273
7290012159497,false,יין לבן יבש מבעבע גוטה דה מרוויה Gota De Maravilla,יורוסטנדרט בעמ,,יין לבן יבש מבעבע גו,מיליליטרים,750.00,"100 מ""ל",false,,27.90,0.0372,true,1,1416274
7290012226014,false,נקניקיות וינר זוגלובק 800 גרם,נקניק נהריה כשר זוגל,,נקניקיות וינר זוגלוב,גרמים,800.00,100 גרם,false,,19.90,0.0249,true,1,1415284
7290012226120,false,קבנוס זוגלובק (45x3 גרם),נקניק נהריה כשר זוגל,,קבנוס זוגלובק 135 גר,גרמים,135.00,100 גרם,false,,10.90,0.0807,true,1,1415324
7290012226922,false,קבנוס בטעם שום זוגלובק (45x3 גרם),נקניק נהריה כשר זוגל,,קבנוס עם שום 135 גרם,גרמים,135.00,100 גרם,false,,10.90,0.0807,true,1,1415329
7290012226939,false,קבנוס עם צ'ילי חריף זוגלובק 135 גרם,נקניק נהריה כשר זוגל,,קבנוס עם צ'ילי חריף,גרמים,135.00,100 גרם,false,,10.90,0.0807,true,1,1415330
7290012226991,false,"נקניקיות עוף באריזת ג''מבו 1.5 ק""ג זוגלובק",נקניק נהריה כשר זוגל,,נקניקיות ג'מבו 1.5 ק,גרמים,1500.00,100 גרם,false,,27.90,0.0186,true,1,1415332
7290012227400,false,נקניקיות עוף זוגלובק 800 גרם,נקניק נהריה כשר זוגל,,נקניקיות עוף 800 גרם,גרמים,800.00,100 גרם,false,,19.90,0.0249,true,1,1415336
7290012227974,false,פסטרמה הודו בדבש טהור דק דק דק,זוגלובק שיווק בעמ,,פסטרמה בדבש 120 גרם,גרמים,120.00,100 גרם,false,,14.70,0.1225,true,1,1415341
7290012227998,false,פסטרמה דק דק חזה בקר 120 ג' זוגלובק,זוגלובק שיווק בעמ,,חזה בקר 120 גרם,גרמים,120.00,100 גרם,false,,14.70,0.1225,true,1,1415343
7290012228124,false,קבנוס סטיקס עם נגיעות מלח ים סדרת ריינהולד'ס,זוגלובק שיווק בעמ,,קבנוסטיקס - חטיף קבנ,גרמים,50.00,100 גרם,false,,9.90,0.1980,true,1,1415344
7290012228261,false,נקנקיות קנקרס הודו ועוף ריינהולד'ס זוגלובק 300 ג',זוגלובק שיווק בעמ,,נקניקיות הודו פרמיום,גרמים,300.00,100 גרם,false,,21.90,0.0730,true,1,1415351
7290012228971,false,סלמי תה פפרוני 180 גר`זוגלובק,זוגלובק שיווק בעמ,,סלמי תה פפרוני 180 ג,גרמים,180.00,100 גרם,false,,14.90,0.0828,true,1,1430192
7290012275401,false,מולר בירה לבנה בקבוק גרמנית 500מל,בני פאוזי שמשום (2009) בעמ,,בקבוק בירה מולר 500,מיליליטרים,500.00,"100 מ""ל",false,,4.00,0.0080,true,1,1409175
7290012295973,false,עלי רוקולה פרמיום 100ג שמיטה,ביכורי השדה צפון 1994 ג.ד. בעמ,,רוקט רמי לוי,יחידה,1.00,יחידה,false,,9.90,9.9000,true,1,1420922
7290012309878,false,חלבה עם פיסטוקים 500 גר`ששון הקולה,דין שיווק וקליה 2021 בעמ,,חלבה עם פיסטוק 500 ג,גרמים,500.00,100 גרם,false,,13.90,0.0278,true,1,1430029
7290012309939,false,חלווה מסולסלת בקופסא ששון הקולה 500 גרם,דין שיווק וקליה 2021 בעמ,,חלבה מסולסלת 500 גרם,גרמים,500.00,100 גרם,false,,15.90,0.0318,true,1,1417100
7290012313141,false,מלפפונים פרוסות במלח קבוצת יבנה 330 גרם,קבוצת יבנה מוצרי מזון אגודה שי,,פרוסות מלפפונים במלח,גרמים,540.00,100 גרם,false,,6.90,0.0128,true,1,1432511
7290012313240,false,מיקס זית ירוק וקלמטה קבוצת יבנה 560 גרם,קבוצת יבנה מוצרי מזון בעמ,,מיקס זית ירוק וקלמטה,גרמים,560.00,100 גרם,false,,11.90,0.0213,true,1,1437025
7290012367717,false,קרם ידיים וציפורניים Intensive relief לעור יבש ומגורה,פישר תעשיות פרמבצטיות בעמ,,אפקטיב קר קרם ידיים,מיליליטרים,150.00,"100 מ""ל",false,,14.90,0.0993,true,1,1417069
7290012404955,false,נקטר חמוציות ספרינג קולקשן (1.25 ליטר),יפאורה - שותפות מוגבלת לשיווק,,ספרינג Collection נק,מיליליטרים,1250.00,"100 מ""ל",false,,13.20,0.0106,true,1,1407601
7290012404993,false,נקטר דיאט חמוציות ספרינג קולקשן 1.25 ליטר,יפאורה - שותפות מוגבלת לשיווק,,ספרינג Collection נק,מיליליטרים,1250.00,"100 מ""ל",false,,12.20,0.0098,true,1,1407603
7290012413636,false,תה ירוק צ'אי מסאלה ויסוצקי 25 יחידות,תה ויסוצקי (ישראל) בעמ,,תה ירוק צ'אי מסאלה 2,יחידה,25.00,יחידה,false,,24.90,0.9960,true,1,1406701
7290012413643,false,תה ירוק קמומיל 25 שקיקים ויסוצקי,תה ויסוצקי (ישראל) בעמ,,תה ירוק קמומיל,יחידה,25.00,יחידה,false,,24.90,0.9960,true,1,1406702
7290012526602,false,כוסות שתיה קרה 100 י,כוסות שתיה קרה 4 ב 1,,כוסות שתיה קרה 100 י,יחידה,100.00,יחידה,false,,7.90,0.0790,true,1,1415623
7290012547263,false,מעדן דבש מופחת סוכר,מכוורת עמק חפר,,מעדן דבש מופחת סוכר,יחידה,0.00,יחידה,false,,29.90,0.0000,true,1,1410331
7290012576607,false,"יין קברנה סוביניון פרמייר מלבק אדום ברקן 750 מ""ל","ברקן שיווק והפצה בע""",,יין אדום קברנה סובני,מיליליטרים,750.00,"100 מ""ל",false,,24.20,0.0323,true,1,1410735
7290012602627,false,דבש פרחי בר חוף הכרמל 640 ג',,,דבש יערה 500 גרם,גרמים,500.00,100 גרם,false,,29.90,0.0598,true,1,1414415
7290012642036,false,"פסטה ""לה פסטה"" 400 ג' ספגטי 400 ג'",תומר יבוא ושיווק מוצרי מזון (1,,לה פסטה 5 ספגטי 400,גרמים,400.00,100 גרם,false,,4.50,0.0113,true,1,1407828
7290012642852,false,פלפל אדום על האש תומר 330 גרם,סאטקו,,פלפל אדום על האש 540,מיליליטרים,540.00,"100 מ""ל",false,,13.00,0.0241,true,1,1421724
7290012642876,false,פלפלונים מעורב צבעוני בחומץ חריף6X,יושלם,,פלפלונים מעורב בחומץ,מיליליטרים,530.00,"100 מ""ל",false,,13.00,0.0245,true,1,1407833
7290012645020,false,"יוגורט עיזים טבעי בבקבוק חלב הארץ 500 מ""ל",שטראוס גרופ בעמ/מצונן,,יוגורט עיזים טבעי בב,מיליליטרים,500.00,"100 מ""ל",false,,12.90,0.0258,true,1,1405666
7290012645112,false,יוגורט עיזים 2.8% בדלי חלב הארץ 750 גרם,שטראוס גרופ בעמ/מצונן,,"יוגורט עיזים 750 מ""ל",מיליליטרים,750.00,"100 מ""ל",false,,19.90,0.0265,true,1,1405667
7290012645129,false,יוגורט כבשים 5% בדלי חלב הארץ 750 גרם,שטראוס גרופ בעמ/מצונן,,"יוגורט כבשים 750 מ""ל",מיליליטרים,750.00,"100 מ""ל",false,,19.90,0.0265,true,1,1405668
7290012645181,false,לאבנה עיזים 5% חלב הארץ 200 גרם,שטראוס גרופ בעמ/מצונן,,לאבנה עיזים 5% 200 ג,גרמים,200.00,100 גרם,false,,12.90,0.0645,true,1,1439600
7290012645280,false,יוגורט כבשים בסגנון יוני 5% חלב הארץ 150 גרם,שטראוס גרופ בעמ/מצונן,,יוגורט כבשים בסגנון,גרמים,150.00,100 גרם,false,,5.80,0.0387,true,1,1405669
7290012645297,false,יוגורט עיזים ביו 2.8% טעם טבעי חלב הארץ 150 גרם,שטראוס גרופ בעמ/מצונן,,יוגורט עיזים בטעם טב,גרמים,150.00,100 גרם,false,,5.80,0.0387,true,1,1405670
7290012645389,false,יוגורט עיזים טבעי 1 ליטר בבקבוק חלב האר,שטראוס גרופ בעמ/מצונן,,יוגורט עיזים טבעי 1,מיליליטרים,1000.00,"100 מ""ל",false,,21.90,0.0219,true,1,1405673
7290012803215,false,טוסו וופל בלגי ללתס בטעם שוקולד 200 גר`,בטר אנד דיפרנט,,ופל בלגי ללא תוספת ס,גרמים,200.00,100 גרם,false,,9.90,0.0495,true,1,1410403
7290012803765,false,טוסו שוקולד מריר ללא תוספת סוכר 100 גרם,אלטינמארקה גידה סאן,,טוסו שוקולד מריר ללא,גרמים,10.00,100 גרם,false,,9.90,0.9900,true,1,1410406
7290012803772,false,טוסו שוקולד חלב ללא תוספת סוכר 100 גרם,אלטינמארקה גידה סאן,,טוסו שוקולד חלב ללא,גרמים,10.00,100 גרם,false,,9.90,0.9900,true,1,1410407
7290012803796,false,טוסו שוקולד חלב עם אגוזים ללא תוספת סוכר 100 גר',אלטינמארקה גידה סאן,,טוסו שוקולד חלב עם א,גרמים,10.00,100 גרם,false,,9.90,0.9900,true,1,1410409
7290012921025,false,"בקבוק בירה מלכה בהירה 330 מ""ל",הכרם - משקאות חריפים בעמ,,בקבוק בירה מלכה בהיר,מיליליטרים,330.00,"100 מ""ל",false,,14.30,0.0433,true,1,1411864
7290012938405,false,"רדיד אלומיניום עבה במיוחד לבישול,אפייה והקפאה.",גורי ע.ע.ע. בע`מ,,נייר אלומיניום דיימו,100 יחידה,1.00,100 יחידה,false,,16.90,16.9000,true,1,1440910
7290012938580,false,"משחת שיניים סנסודיין להלבנה עדינה 75 מ""ל",גלקסוסמית'\קליין קונסיומ,,סניסודיין הלבנה עדינ,מיליליטרים,75.00,"100 מ""ל",false,,21.90,0.2920,true,1,1414448
7290012938597,false,משחת שיניים רפיד רליף סנסודיין (75 מל),"סמיתקליין ביצ'ם בע""מ",,משחת שיניים סנסודיין,מיליליטרים,75.00,"100 מ""ל",false,,25.90,0.3453,true,1,1440911
7290012938740,false,משחת שיניים סנסודיין פרש מינט מנטה 75 מל,גלקסו סמית קליין,,משחת שיניים סנסודיין,מיליליטרים,75.00,"100 מ""ל",false,,21.90,0.2920,true,1,1408792
7290012983276,false,סילאן תמרים כנרת 900 ג',תה ויסוצקי (ישראל) בעמ,,סילאן תמר כנרת 900 ג,גרמים,900.00,100 גרם,false,,12.90,0.0143,true,1,1423302
7290013027399,false,לחם קמח מלא קל בתוספת שיפון 750 ג' אנג'ל,מאפיית שלמה א. אנג'\ל בע,,לחם קל פרוס 100% קמח,גרמים,750.00,100 גרם,false,,13.90,0.0185,true,1,1406769
7290013038432,false,מים אקווה נובה בקבוק יחיד,אקווה נובה Aqua Nova,,מים מזוככים אקווה נו,מיליליטרים,2000.00,"100 מ""ל",false,,3.90,0.0019,true,1,1435210
7290013083661,false,"מטרנה אקסטרה קר שלב 1 חסכון 700 גרם תמ""ל",קבוצת אוסם סחר-שות.מוגבלת,,מטרנה אקסטרה קר שלב,גרמים,700.00,100 גרם,false,,59.90,0.0856,true,1,1407132
7290013083678,false,"מטרנה אקסטרה קר שלב 2 חסכון 700 גרם תמ""ל",קבוצת אוסם סחר-שות.מוגבלת,,מטרנה אקסטרה קר שלב,גרמים,700.00,100 גרם,false,,59.90,0.0856,true,1,1407133
7290013083685,false,תחליף חלב מטרנה אקסטרה קר שלב 3 חסכון 700 גרם,קבוצת אוסם סחר-שות.מוגבלת,,מטרנה אקסטרה קר שלב,גרמים,700.00,100 גרם,false,,59.90,0.0856,true,1,1407134
7290013117410,false,בצק פריך מרודד למאפים מתוקים 900 ג' מעדנות,תנובה מרכז שיתופי לשיווק תוצרת,,בצק פריך מתוק מרודד,גרמים,900.00,100 גרם,false,,21.90,0.0243,true,1,1411807
7290013117526,false,בצק שמרים מרודד למאפים מתוקים מעדנות 900 גרם,תנובה מרכז שיתופי לשיווק תוצרת,,בצק שמרים מרודד למאפ,גרמים,900.00,100 גרם,false,,22.90,0.0254,true,1,1423637
7290013144188,false,מימונס תערובת להכנת בראוניז 600 גרם,א.ל.יצור ושיווקתבלינים בעמ,,תערובת בראוניז 600 ג,גרמים,600.00,100 גרם,false,,17.50,0.0292,true,1,1415127
7290013144232,false,מיימונס פודינג בטעם וניל 80 גרם,א.ל. ייצור ושיווק תבלינים בע`מ,,פודינג וניל 80 גרם,גרמים,85.00,100 גרם,false,,5.00,0.0588,true,1,1415132
7290013144263,false,תערובת מאלבי להכנה מהירה מיימונס 112 גרם,א.ל.ייצור ושיווק תבלינים בעמ,,מלבי 100 גרם,גרמים,100.00,100 גרם,false,,9.90,0.0990,true,1,1415134
7290013144270,false,תערובת להכנת קרם פטיסייר מיימונס 100 גרם,א.ל. ייצור ושיווק תבלינים בע`מ,,תערובת להכנת קרם פטי,גרמים,100.00,100 גרם,false,,9.90,0.0990,true,1,1427941
7290013144508,false,תמצית אפיה בטעם ורדים 50 מל מימונס,א.ל. ייצור ושיווק תבלינים בע`מ,,מימונס תמצית בטעם ור,גרמים,50.00,100 גרם,false,,10.90,0.2180,true,1,1415141
7290013144515,false,מיימונס צבע מאכל צהוב 50 גרם,א.ל. ייצור ושיווק תבלינים בע`מ,,מימומס צבע מאכל צהוב,גרמים,50.00,100 גרם,false,,4.50,0.0900,true,1,1415142
7290013144539,false,צבע מאכל אדום מימונס 50 גרם,א.ל. ייצור ושיווק תבלינים בע`מ,,מימונס צבע מאכל אדום,גרמים,50.00,100 גרם,false,,4.50,0.0900,true,1,1415144
7290013144560,false,מיימונס צבע מאכל כחול 50 גרם,א.ל. ייצור ושיווק תבלינים בע`מ,,מימונס צבע מאכל כחול,גרמים,50.00,100 גרם,false,,4.50,0.0900,true,1,1415145
7290013144768,false,סירופ בטעם שוקולד מימונס 500 גרם,א.ל. ייצור ושיווק תבלינים בע`מ,,סירופ בטעם שוקולד 50,מיליליטרים,500.00,"100 מ""ל",false,,13.90,0.0278,true,1,1415148
7290013145017,false,אגוז מלך קלוף מיימונס 100 גרם,א.ל. ייצור ושיווק תבלינים בע`מ,,אגוז מלך קלוף 100 גר,גרמים,100.00,100 גרם,false,,12.90,0.1290,true,1,1415151
7290013145024,false,מיימונס אגוז מלך טחון 100 גרם,א.ל. ייצור ושיווק תבלינים בע`מ,,אגוז מלך טחון 100 גר,גרמים,100.00,100 גרם,false,,13.50,0.1350,true,1,1415152
7290013145048,false,צנוברים מימונס (100 גרם),א.ל.ייצור ושיווק תבלינים בעמ,,"צנוברים כשל""פ 100 גר",גרמים,100.00,100 גרם,false,,26.90,0.2690,true,1,1415154
7290013145055,false,פרג שלם מיימונס 100 גרם,א.ל. ייצור ושיווק תבלינים בע`מ,,פרג שלם בשקית 100 גר,גרמים,100.00,100 גרם,false,,6.90,0.0690,true,1,1415155
7290013145109,false,שקד מולבון טחון מימונס 100 גרם,א.ל. ייצור ושיווק תבלינים בע`מ,,שקד מולבן טחון 100 ג,גרמים,100.00,100 גרם,false,,13.50,0.1350,true,1,1415158
7290013145215,false,שומשום מימונס (400 גרם),א.ל.ייצור ושיווק תבלינים בעמ,,שומשום 400 גרם,גרמים,400.00,100 גרם,false,,14.90,0.0373,true,1,1415163
7290013145277,false,עלים לקרמשניט מימונס 300 גרם,א.ל.ייצור ושיווק תבלינים בעמ,,עלים לקרמשניט 300 גר,גרמים,300.00,100 גרם,false,,16.90,0.0563,true,1,1415164
7290013145451,false,קקאו 150 גר`שקית מימונס,א.ל. ייצור ושיווק תבלינים בע`מ,,אבקת קקאו 150 גרם שק,גרמים,150.00,100 גרם,false,,9.50,0.0633,true,1,1431996
7290013145536,false,סוכריות לקישוט בטעם שוקולד מיימונס 85 גרם,א.ל. ייצור ושיווק תבלינים בע`מ,,סוכריות שוקולד לקישו,גרמים,85.00,100 גרם,false,,4.80,0.0565,true,1,1415167
7290013145628,false,מימונס סוכריות צבעוניות לקישוט 200 גרם,א.ל. ייצור ושיווק תבלינים בע`מ,,מימונס סוכריות צבעונ,גרמים,200.00,100 גרם,false,,9.90,0.0495,true,1,1415170
7290013145826,false,פודניג בטעם וניל לבן במיוחד מימונס 80 ג',א.ל. ייצור ושיווק תבלינים בע`מ,,פודינג בטעם וניל לבן,גרמים,80.00,100 גרם,false,,5.00,0.0625,true,1,1415173
7290013145840,false,סוכר וניל מימונס 10יח בצלופן,א.ל. ייצור ושיווק תבלינים בע`מ,,סוכר וניל 10 יח' בצל,גרמים,100.00,100 גרם,false,,2.50,0.0250,true,1,1415174
7290013145857,false,אבקת אפיה מימונס 10יח בצלופן,א.ל. ייצור ושיווק תבלינים בע`מ,,אבקת אפיה 10 יח' בצל,גרמים,100.00,100 גרם,false,,2.50,0.0250,true,1,1415175
7290013145918,false,אבקת סוכר מיימונס 100 גרם,א.ל. ייצור ושיווק תבלינים בע`מ,,מימונס אבקת סוכר 100,גרמים,100.00,100 גרם,false,,2.00,0.0200,true,1,1415178
7290013145956,false,שמרים יבשים בוואקום מיימונס 500 גרם,א.ל. ייצור ושיווק תבלינים בע`מ,,שמרים יבשים בואקום 5,גרמים,500.00,100 גרם,false,,13.90,0.0278,true,1,1415180
7290013145963,false,שמרים יבשים בוואקום מיימונס 125 גרם,א.ל. ייצור ושיווק תבלינים בע`מ,,מימונס שמרים יבשים ב,גרמים,125.00,100 גרם,false,,5.90,0.0472,true,1,1415181
7290013146656,false,כוכבים תכלת ירוק לבן לקישוט 60 גר`מימונ,א.ל ייצור ושיווק תבלינים בעמ,,כוכבים תכלת ירוק לבן,גרמים,60.00,100 גרם,false,,11.90,0.1983,true,1,1428217
7290013146755,false,קצפת צמחי 24% 500 גרם מימונס,קפוא-זן תעשיות מזון בעמ - תפוג,,קצפת מעולה %24 שומן,מיליליטרים,500.00,"100 מ""ל",false,,13.90,0.0278,true,1,1434763
7290013146762,false,מימונס קצפת מעולה 24% מעודנת 200מל,קפוא-זן תעשיות מזון בעמ - תפוג,,קצפת מעולה %24 שומן,מיליליטרים,200.00,"100 מ""ל",false,,6.90,0.0345,true,1,1434764
7290013146816,false,אבקת סוכר שקית 500 מימונס,א.ל ייצור ושיווק תבלינים בעמ,,אבקת סוכר שקית 500 ג,גרמים,500.00,100 גרם,false,,7.90,0.0158,true,1,1415199
7290013146854,false,קוקוס לבן טחון מימונס 400 ג',א.ל. ייצור ושיווק תבלינים בע`מ,,קוקוס לבן טחון 400 ג,גרמים,400.00,100 גרם,false,,14.90,0.0373,true,1,1415200
7290013153418,false,מיץ סחוט טרי 1ל לימונענע פרי גת,החברה המרכזית טלהפצת משקאות בע,,פריגת סחוט לימונענע,מיליליטרים,1000.00,"100 מ""ל",false,,18.20,0.0182,true,1,1413515
7290013153593,false,תפוזים מתקתק 100% פריגת 1 ליטר,*החברה המרכזית להפצת משקאותבעמ,,מיץ תפוזים מתקתקים פ,מיליליטרים,1000.00,"100 מ""ל",false,,11.60,0.0116,true,1,1413517
7290013267665,false,סולרו מיני קלאסי - פירות טרופיים (חלבי),"מיוצר ע""\י גלידת שטראוס",,מאגדת סולרו מיני קלא,יחידה,5.00,יחידה,false,,23.90,4.7800,true,1,1416813
7290013284310,false,רוטב פסטה לילדים פריניר 240 גרם,ח.כהן סוכנות מזון ומשקאות בע,,רוטב פסטה לילדים פרי,גרמים,240.00,100 גרם,false,,5.50,0.0229,true,1,1413250
7290013302236,false,פסטה בילאג'יו פרפלה 500 גרם טעמן,מוצרי יסוד - טעמן,,פסטה בילאג'יו פרפלה,גרמים,500.00,100 גרם,false,,4.90,0.0098,true,1,1438445
7290013358356,false,פירורי לחם מוזהבים מאסטר שף (320גרם),ש. שסטוביץ בע`מ,,פירורי לחם מוזהבים מ,גרמים,320.00,100 גרם,false,,7.80,0.0244,true,1,1414210
7290013358363,false,מאסטר שף פרורי לחם פנקו עבים בסגנון יפני 300 גר,קריניציה ויטמינה אס,,פירורי לחם בסגנון יפ,גרמים,300.00,100 גרם,false,,11.90,0.0397,true,1,1431253
7290013358417,false,מאסטר שף אסייאתי רוטב טריאקי 300 מל כשלפ,קריניציה ויטמינה אס,,רוטב טריאקי מאסטר שף,מיליליטרים,300.00,"100 מ""ל",false,,10.90,0.0363,true,1,1431254
7290013381088,false,עמבה הודית אורגינלית 500,נאמן לאורך זמן בעמ,,עמבה הודית 500 גרם,גרמים,500.00,100 גרם,false,,9.90,0.0198,true,1,1410332
7290013381538,false,פירורי לחם נאמן 800,,,פירורי לחם נאמן 800,גרמים,800.00,100 גרם,false,,10.90,0.0136,true,1,1435040
7290013381682,false,קקאו הולנדי 150 גרם נאמן,נאמן לאורך זמן בעמ,,קקאו הולנדי טופ מותג,גרמים,150.00,100 גרם,false,,11.00,0.0733,true,1,1410334
7290013381699,false,קקאו טופ מותגים 500 גרם,נאמן לאורך זמן,,קקאו טופ מותגים 500,גרמים,500.00,100 גרם,false,,19.90,0.0398,true,1,1410335
7290013381736,false,מטלית ריצפה מיקרופיי,"מ.א. בע""מ",,מטלית ריצפה מיקרופיי,יחידה,1.00,יחידה,false,,15.90,15.9000,true,1,1410336
7290013381989,false,סרדינים בשמן צמחי עם פלפל חריף 125 גרם,Erg Conserve Sarl,,סרדינים בשמן צמחי עם,גרמים,125.00,100 גרם,false,,4.50,0.0360,true,1,1410341
7290013381996,false,"סרדינים בשמן זית 125 גרם ""נאמן""",Erg Conserve Sarl,,סרדינים בשמן זית נאמ,גרמים,125.00,100 גרם,false,,5.50,0.0440,true,1,1410342
7290013389114,false,ניוקי תפוח אדמה לה פסטה 500 גרם,לה פסטה La' Pasta,,"לה פסטה ניוקי תפו""""א",גרמים,500.00,100 גרם,false,,9.00,0.0180,true,1,1407835
7290013389374,false,תומר קמח תירס דק 500 גר פולטנה,תומר ייבוא ושיווק מוצרי מזון [,,קמח תירס 500 גרם,גרמים,500.00,100 גרם,false,,7.90,0.0158,true,1,1407839
7290013389381,false,"קמח תירס פולנטה מולינו 1 ק""ג",תומר ייבוא ושיווק מוצרי מזון [,,קמח תירס (פולנטה) 1ק,גרמים,1000.00,100 גרם,false,,9.90,0.0099,true,1,1407840
7290013389893,false,סרדין פילה מרוקאי בשמן תומר 125 ג',,,פילה סרדין בשמן 125,גרמים,125.00,100 גרם,false,,9.00,0.0720,true,1,1423690
7290013389909,false,פילה סרדין חריף 125 גרם,,,פילה סרדין חריף 125,גרמים,125.00,100 גרם,false,,9.00,0.0720,true,1,1421728
7290013424914,false,אפרסק פלחים ארוז 500 גר,בינזו לונגשינטיאנרן,,אפרסק פלחים קפוא 500,גרמים,500.00,100 גרם,false,,11.90,0.0238,true,1,1440945
7290013472892,false,בולגריה קוביות במי מלח - מרכיבי חלב ושומן צמחי,ג.וילי-פוד אינטרנשיונל **גבינו,,הבולגריה בקוביות 200,גרמים,200.00,100 גרם,false,,10.90,0.0545,true,1,1408437
7290013542526,false,כוסות נייר שתיה חמה,כוסות שתייה חמה 3 ב,,כוסות נייר שתיה חמה,יחידה,50.00,יחידה,false,,11.90,0.2380,true,1,1431806
7290013585233,false,"ספרייט זירו פחית סליק 330 מ""ל",החברה המרכזית להפצת משקאות בעמ,,סליק ספרייט זירו 330,מיליליטרים,330.00,"100 מ""ל",false,,6.20,0.0188,true,1,1413523
7290013585967,false,מארז ספרייט זירו Fridge Pack פחית 6*33,החברה המרכזית להפצת משקאות בעמ,,שישיית פחיות ספרייט,מיליליטרים,1980.00,"100 מ""ל",false,,25.70,0.0130,true,1,1413537
7290013608260,false,מיץ רימונים 100%מיץ סחוט טרי מצונן 1ליט,שטראוס גרופ בעמ/מצונן,,מיץ רימונים 100% סחו,מיליליטרים,1000.00,"100 מ""ל",false,,22.90,0.0229,true,1,1405676
7290013787736,false,רביולי במילוי גבינה 400 רמילוי,,,רביולי במילוי גבינה,גרמים,400.00,100 גרם,false,,21.90,0.0547,true,1,1413841
7290013787743,false,רביולי במילוי בטטה 400 רמילוי,,,רביולי במילוי בטטה 4,גרמים,400.00,100 גרם,false,,21.90,0.0547,true,1,1413842
7290013843050,false,כוסות שתיה קרה 100 י,כוסות שתיה קרה 4 ב 1,,כוסות שתיה קרה 100 י,יחידה,100.00,יחידה,false,,7.90,0.0790,true,1,1415625
7290013843968,false,כוסות חד פעמי שתיה חמה,ח.כהן סוכנות מזון ומשקאות בע,,כוסות נייר שתיה חמה,יחידה,50.00,יחידה,false,,11.90,0.2380,true,1,1415626
7290013847102,false,נתחי טונה בהירה בשמן - מארז שלישיה,דיפלומט מפיצים (1968) בעמ**,,נתחי טונה בשמן סטארק,גרמים,240.00,100 גרם,false,,13.90,0.0579,true,1,1427880
7290013847645,false,סטארקיסט טונה בשמן זית 80 גר' שלישיות,סטארקיסט Starkist,,טונה בהירה בשמן זית,גרמים,240.00,100 גרם,false,,17.90,0.0746,true,1,1428495
7290013847836,false,נתחי טונה בשמן קנולה זוג * 140 ג' סטארקיסט,דיפלומט מפיצים (1968) בעמ**,,טונה בהירה בשמן קנול,גרמים,280.00,100 גרם,false,,12.90,0.0461,true,1,1408235
7290013847867,false,מארז זוגות טונה בשמן סויה 140 ג' סטארקיסט,דיפלומט מפיצים (1968) בעמ**,,טונה בהירה בשמן קנול,גרמים,280.00,100 גרם,false,,12.90,0.0461,true,1,1438106
7290013848345,false,מארז מטליות לחיטוי וניקוי יסודי אנטיבקטריאלי 99.9%,החברה הדרומית לשיווק בעמ,,מגבונים 99.9% לחיטוי,יחידה,3.00,יחידה,false,,21.90,7.3000,true,1,1428234
7290013849205,false,כוס קר שקוף קלאסי מצוין - 100 יחידות,כוסות שתיה קרה 4 ב 1,,כוסות שתיה קרה 100 י,יחידה,100.00,יחידה,false,,7.90,0.0790,true,1,1431562
7290013906052,false,נקניקיות פרגיות טירת צבי 300 גרם,תנובה מרכז שיתופי לשיווק תוצרת,,נקניקיות פרגיות 300,גרמים,300.00,100 גרם,false,,12.90,0.0430,true,1,1411815
7290013906205,false,פסטרמה עם שום וצילי טירת צבי 400 ג',תנובה מרכז שיתופי לשיווק תוצרת,,פסטרמה שום וצ'לי 400,גרמים,400.00,100 גרם,false,,26.90,0.0672,true,1,1423892
7290013906441,false,קבנוס טירת צבי 120 גרם,תנובה מרכז שיתופי לשיווק תוצרת,,קבנוס 120 גרם טירת צ,גרמים,120.00,100 גרם,false,,11.90,0.0992,true,1,1411816
7290013906489,false,חטיפי מיני קבנוס טירת צבי 120 גרם,תנובה מרכז שיתופי לשיווק תוצרת,,חטיפי קבנוס 120 גרם,גרמים,120.00,100 גרם,false,,11.90,0.0992,true,1,1411818
7290013906496,false,פסטרמה עגל בסגנון רומני טירת צבי 120 גר,הנסיך- מפעל לייצור ט,,פסטרמה עגל רומנית 12,גרמים,120.00,100 גרם,false,,14.90,0.1242,true,1,1411819
7290013906519,false,פרושוטו בקר טירת צבי 100 גרם,תנובה מרכז שיתופי לשיווק תוצרת,,פרושוטו בקר 100 גרם,גרמים,100.00,100 גרם,false,,28.90,0.2890,true,1,1411820
7290014002203,false,חליטת לימונית ולואיזה הגן הקסום ויסוצקי 25 יחידות,תה ויסוצקי (ישראל) בעמ,,חליטת לימונית לואיזה,יחידה,25.00,יחידה,false,,17.90,0.7160,true,1,1406705
7290014002944,false,גן קסום חליטת פירות וצמחים חמדת שקד 25 שקיקים,תה ויסוצקי (ישראל) בעמ,,חליטת חמדת השקד הגן,יחידה,25.00,יחידה,false,,17.50,0.7000,true,1,1406706
7290014046030,false,"מוס כבד עוף 140 גרם ""יחיעם""",מעדני יחיעם ( 1993 ) בע`מ,,מוס כבד 140 גרם,גרמים,140.00,100 גרם,false,,14.90,0.1064,true,1,1414534
7290014046047,false,פסטרמת מעודנת ברביקיו 2יח*300גר,מעדני יחיעם ( 1993 ) בע`מ,,צמד פסטרמות 600 גרם,גרמים,600.00,100 גרם,false,,22.90,0.0382,true,1,1429435
7290014046580,false,פסטרמה מעודנת על גחלים יחיעם (300 גרם),מעדני יחיעם (1993) בעמ,,פסטרמה מעודנת על גחל,גרמים,300.00,100 גרם,false,,21.90,0.0730,true,1,1414538
7290014059085,false,"משחת שיניים סנסודיין 75 מ""ל פרימיום לשיקום והגנה","סמית קליין ביצ'ם בע""",,משחת שיניים סנסודיין,מיליליטרים,75.00,"100 מ""ל",false,,25.90,0.3453,true,1,1440912
7290014059436,false,"משחת שיניים סנסודיין 75 מ""ל פרימיום לשיקום והגנה מלבינה 75 מ""ל","סמית קליין ביצ'ם בע""",,סנסודיין לשיקום והגנ,מיליליטרים,75.00,"100 מ""ל",false,,23.90,0.3187,true,1,1430098
7290014083165,false,ניוקי ויליפוד 500 גרם,ג. וילי-פוד אינטרנשיונל בע`מ,,ניוקי 500 גרם,גרמים,500.00,100 גרם,false,,7.90,0.0158,true,1,1408439
7290014083806,false,עוגיות בטעם חמאה 350 גרם בפח,ג. וילי-פוד אינטרנשיונל בע`מ,,עוגיות בטעם חמאה 350,גרמים,350.00,100 גרם,false,,11.90,0.0340,true,1,1408445
7290014083813,false,וילי פוד מריגה שפרוטים מעושנים בשמן 190ג,ג. וילי-פוד אינטרנשיונל בע`מ,,שפרוטים מעושנים בשמן,גרמים,190.00,100 גרם,false,,8.90,0.0468,true,1,1408446
7290014094796,false,משמשים מיובשים בשקית ששון הקולה 300 גרם,דין שיווק וקליה 2021 בעמ,,משמש מיובש שקית 300,גרמים,300.00,100 גרם,false,,19.90,0.0663,true,1,1439682
7290014094826,false,שזיפים ללא גלעין בשקית ששון הקולה 300 גרם,דין שיווק וקליה 2021 בעמ,,שזיף מיובש מגולען שק,גרמים,300.00,100 גרם,false,,21.90,0.0730,true,1,1439684
7290014094833,false,צימוק בהיר 300 גרם ששון הקולה,דין שיווק וקליה 2021 בעמ,,צימוק בהיר שקית 300,גרמים,300.00,100 גרם,false,,14.90,0.0497,true,1,1439685
7290014094840,false,צימוק חום בשקית ששון הקולה 300 גרם,דין שיווק וקליה 2021 בעמ,,צימוק כהה שקית 300 ג,גרמים,300.00,100 גרם,false,,11.90,0.0397,true,1,1439686
7290014094857,false,פקאן סיני מסוכר 150 גרם ששון הקולה,דין שיווק וקליה 2021 בעמ,,פקאן סיני מסוכר 150,גרמים,150.00,100 גרם,false,,19.90,0.1327,true,1,1435298
7290014094864,false,פיסטוק קלוי 170 גר עם קליפה ששון הקולה,דין שיווק וקליה 2021 בעמ,,פיסטוק קלוי 170 גר',גרמים,170.00,100 גרם,false,,19.90,0.1171,true,1,1435299
7290014218932,false,חטיפי פיצה בתוספ זיתים בשקית מעדנות 710 גרם,מיוצר עי קונדיטוריית,,חטיפי פיצה בתוספת זי,גרמים,710.00,100 גרם,false,,32.90,0.0463,true,1,1427871
7290014435841,false,פילה הרינג עם בצל בשמן מטיאס הולנדי שמיר 200 גרם,סלטי שמיר 2006 בעמ,,פילה מטיאס הולנדי בש,גרמים,180.00,100 גרם,false,,19.90,0.1106,true,1,1438129
7290014455252,false,גבינת גרנה פדנו מגורדת 29% גד (100 גרם),מחלבות גד שיווק 1992 בעמ,,פרמז'ן גרנה פדנו מגו,גרמים,100.00,100 גרם,false,,12.40,0.1240,true,1,1413788
7290014472136,false,גרעין שחור קלוי ששון הקולה (150 גרם),דין שיווק וקליה 2021 בעמ,,גרעין שחור קלוי 150,גרמים,150.00,100 גרם,false,,4.90,0.0327,true,1,1441624
7290014472990,false,ממרח 100% שקדים שקדיה (300 גרם),דין שיווק וקליה 2021 בעמ,,ממרח 100% שקדים שקדי,גרמים,300.00,100 גרם,false,,33.90,0.1130,true,1,1435304
7290014503137,false,יין אדום יבש יובלים יקב דלתון (750 מל),הכרם - משקאות חריפים בעמ,,יין אדום יבש כנען יק,מיליליטרים,750.00,"100 מ""ל",false,,41.90,0.0559,true,1,1411866
7290014534674,false,"פסטה ""לה פסטה"" 400 ג' פרפר 400 ג'",תומר ייבוא ושיווק מוצרי מזון [,,פסטה פארפלה חיטה דור,גרמים,400.00,100 גרם,false,,4.50,0.0113,true,1,1407847
7290014534681,false,"פסטה ""לה פסטה"" 400 ג' בורג 400 ג'",תומר ייבוא ושיווק מוצרי מזון [,,פסטה פוסילי 100% חיט,גרמים,400.00,100 גרם,false,,4.50,0.0113,true,1,1407848
7290014534698,false,"פסטה ""לה פסטה"" 400 ג' תלתל 400 ג'",תומר ייבוא ושיווק מוצרי מזון [,,פסטה תלתל חיטה דורום,גרמים,400.00,100 גרם,false,,4.50,0.0113,true,1,1407849
7290014534704,false,"פסטה ""לה פסטה"" 400 ג' אטריות מרק 400 ג'",תומר ייבוא ושיווק מוצרי מזון [,,אטריות מרק ורמיצ'לי,גרמים,400.00,100 גרם,false,,4.50,0.0113,true,1,1407850
7290014581036,false,"פחם למנגל הלהבה כ2- ק""ג",פחם קוואנגו סחר בעמ,,פחם מעץ טבעי להבה 2,גרמים,2000.00,100 גרם,false,,15.90,0.0080,true,1,1439748
7290014634053,false,ריבת רוסמן לייט דובדבן 500 גרם,,,ריבת אוכמניות לייט 5,גרמים,500.00,100 גרם,false,,23.00,0.0460,true,1,1406107
7290014634077,false,ריבת רוסמן לייט תות שדה 500 גרם,הדרום תעשיות מזון בע,,ריבת פירות לייט 500,גרמים,500.00,100 גרם,false,,23.00,0.0460,true,1,1406108
7290014692299,false,גבינת ברי EURO CHEESE ויליפוד 125 גרם,ג.וילי-פוד אינטרנשיונל **גבינו,,גבינת ברי עם עובש לב,גרמים,125.00,100 גרם,false,,19.90,0.1592,true,1,1408448
7290014692305,false,גבינת קממבר EURO CHEESE ויליפוד 125 גרם,ג.וילי-פוד אינטרנשיונל **גבינו,,גבינת קממבר בשלה עם,גרמים,125.00,100 גרם,false,,19.90,0.1592,true,1,1408449
7290014692541,false,פתיתים מגורדת וילי פוד (500 גרם)GOLDEN,ג.וילי-פוד אינטרנשיונל **גבינו,,אמה מגורדת 500 גרם E,גרמים,500.00,100 גרם,false,,22.90,0.0458,true,1,1408450
7290014692565,false,גרעיני תירס מתוק וילי פוד (320 גרם),ג.וילי-פוד אינטרנשיונל בעמ,,גרעיני תירס מתוק ויל,גרמים,320.00,100 גרם,false,,5.90,0.0184,true,1,1408451
7290014692749,false,"שמן זית כתית מעולה ויליפוד 750 מ""ל",ג. וילי-פוד אינטרנשיונל בע`מ,,שמן זית כתית מעולה ו,גרמים,750.00,100 גרם,false,,32.90,0.0439,true,1,1408454
7290014692817,false,גבינת מוצרלה מגורדתEURO CHEESE ויליפוד 200 גרם,ג.וילי-פוד אינטרנשיונל **גבינו,,מוצרלה מגורדת חצי קש,גרמים,200.00,100 גרם,false,,14.80,0.0740,true,1,1408455
7290014748149,false,כתף בקר עסיסי דלי 200 גר,עוף טוב,,כתף בקר עסיסי בתיבול,גרמים,200.00,100 גרם,false,,20.90,0.1045,true,1,1407156
7290014749245,false,ספיישל רצועות שניצל שומשום עוף טוב 600 גרם,קבוצת אוסם סחר שותפות מוגבלת,,צ'ונגו רצועות שניצל,100 0,600.00,100 0,false,,34.90,0.0582,true,1,1431578
7290014758100,false,מאגדת יוגורט ביו 3% שומן 8 יח' *150ג' תנובה,מיוצר עי קונדיטוריית,,יוגורט ביו 3% תנובה,יחידה,8.00,יחידה,false,,16.90,2.1125,true,1,1411534
7290014758117,false,מאגדת יוגורט ביו 1.5% שומן 8 יח' *150 ג' תנובה,מיוצר עי קונדיטוריית,,יוגורט ביו 1.5% תנוב,יחידה,8.00,יחידה,false,,16.90,2.1125,true,1,1411535
7290014758131,false,יוגורט תנובה 1.5% 150 מל,"תנובה בע""מ ***",,יוגורט ביו 1.5% 150,גרמים,150.00,100 גרם,false,,2.00,0.0133,true,1,1411537
7290014758162,false,חלב עיזים מלא 3.6% שומן תנובה (1 ליטר),תנובה מרכז שיתופי לש,,חלב עיזים מלא 3.6% ת,מיליליטרים,1000.00,"100 מ""ל",false,,14.90,0.0149,true,1,1411538
7290014759084,false,גבינת שמנת נפוליאון 16% מופחת שומן תנובה 225 גרם,תנובה מרכז שיתופי לש,,נפוליאון גבינת שמנת,גרמים,225.00,100 גרם,false,,13.90,0.0618,true,1,1411541
7290014759534,false,גבינה בולגרית למריחה טבעי 5% 200 ג' פיראוס,"תנובה, מחלבת תל יוסף",,גבינה בולגרית למריחה,גרמים,200.00,100 גרם,false,,13.90,0.0695,true,1,1411543
7290014760134,false,"מעדן סויה בטעם וניל תנובה 125 מ""ל",תנובה Alternative,,מאגדת מעדן סויה וניל,גרמים,250.00,100 גרם,false,,4.20,0.0168,true,1,1411550
7290014760141,false,משקה שקדים טרי תנובה (1 ליטר),"תנובה בע""מ ***",,משקה שקדים טרי 1 ליט,מיליליטרים,1000.00,"100 מ""ל",false,,12.90,0.0129,true,1,1411551
7290014761056,false,מעדן שוקולד חלב יולו תנובה 123 גרם,מיוצר עי קונדיטוריית,,מעדן חלב עם שוקולד ח,גרמים,123.00,100 גרם,false,,4.70,0.0382,true,1,1411556
7290014761063,false,מעדן שוקולד מריר יולו תנובה 123 גרם,מיוצר עי קונדיטוריית,,מעדן חלב עם שוקולד מ,גרמים,123.00,100 גרם,false,,4.70,0.0382,true,1,1411557
7290014761070,false,מעדן שוקולד לבן יולו תנובה 123 גרם,מיוצר עי קונדיטוריית,,מעדן חלב עם שוקולד ל,גרמים,123.00,100 גרם,false,,4.70,0.0382,true,1,1411558
7290014761193,false,יוגורט עם פירות יער 1.5% שומן 125 ג' פרילי,תנובה מרכז שיתופי לש,,פרילי פירות יער 1.5%,מיליליטרים,125.00,"100 מ""ל",false,,3.50,0.0280,true,1,1411559
7290014761414,false,יולו מעדן שכבות שוקולד חלב ולבן 123 גר,מיוצר עי קונדיטוריית,,מעדן חלב עם שכבות שו,גרמים,123.00,100 גרם,false,,4.70,0.0382,true,1,1411562
7290014761612,false,מעדן שכבות שוקולד מריר ולבן יולו 122 גרם,מיוצר עי קונדיטוריית,,מעדן שכבות שוקולד לב,גרמים,123.00,100 גרם,false,,4.70,0.0382,true,1,1411563
7290014762800,false,מעדן סויה שוקולד גביע 125 גרם אלטרנטיב,תנובה מרכז שיתופי לש,,מעדן סויה שוקולד גבי,גרמים,125.00,100 גרם,false,,4.20,0.0336,true,1,1411577
7290014762831,false,גבינת שמנת נפוליאון 16% עם פלפל חלפיניו תנובה 225 גרם,תנובה מרכז שיתופי לש,,נפוליאון גבינת שמנת,גרמים,225.00,100 גרם,false,,13.90,0.0618,true,1,1411579
7290014763418,false,"כד יוגרט תנובה 4% שומן 1.5 ליטר, מהדרין",תנובה מרכז שיתופי לש,,יוגורט כד 4% תנובה 1,מיליליטרים,1500.00,"100 מ""ל",false,,16.90,0.0113,true,1,1411587
7290014791336,false,מי מינרלים בודד ליטר,יפאורה שותפות מוגבלת לשיווק,,מים מינרלים מי עדן פ,מיליליטרים,500.00,"100 מ""ל",false,,3.90,0.0078,true,1,1407620
7290014791725,false,"שוופס מוגז פירות תפוחים 500 מ""ל",יפאורה - שותפות מוגבלת לשיווק,,שוופס מוגז תפוחים 50,מיליליטרים,500.00,"100 מ""ל",false,,5.50,0.0110,true,1,1407625
7290014803503,false,רוטב פלפל אדום חריף 100 מ`ל,נאמן לאורך זמן בעמ,,רוטב פלפל אדום חריף,גרמים,100.00,100 גרם,false,,9.90,0.0990,true,1,1421903
7290014803565,false,צנימים עגולים עם חיטה מלאה 300 גרם,נאמן לאורך זמן בעמ,,צנימים עגולים עם קמח,גרמים,300.00,100 גרם,false,,13.90,0.0463,true,1,1410346
7290014803770,false,סילאן תמר הערבה 900 גרם,ערבה,,סילאן סירופ תמרים נא,גרמים,900.00,100 גרם,false,,12.90,0.0143,true,1,1421905
7290014803954,false,שמיניית כריות יפניות צבעוני,,,שמיניית כריות יפניות,יחידה,8.00,יחידה,false,,10.90,1.3625,true,1,1410347
7290014860087,false,"מקלוני אורז ללא גלוטן 5מ""מ 250גר' (אור)",Oriental food co. lt,,מקלוני אורז ללא גלוט,גרמים,250.00,100 גרם,false,,7.90,0.0316,true,1,1412125
7290014860155,false,"מחצלת במבו שטוחה 24*24 ס""מ",מזרח ומערב יבוא ושיווק,,מחצלת במבו שטוחה 24X,יחידה,1.00,יחידה,false,,7.90,7.9000,true,1,1412126
7290014905207,false,"הג'ל הכחול לניקוי האסלה יעקבי 750 מ""ל",יעקב יעקבי ובניו בעמ,,ג'ל כחול מבושם לניקו,מיליליטרים,750.00,"100 מ""ל",false,,10.90,0.0145,true,1,1438312
7290014905696,false,"נוזל כלים הפי מרוכז 24% לימון 750 מ""ל","יעקב יעקבי ובניו בע""מ",,נוזל לכלים - 24% חומ,מיליליטרים,750.00,"100 מ""ל",false,,8.90,0.0119,true,1,1438314
7290014905733,false,נוזל לניקוי חלונות הפי (750 מל),"יעקב יעקבי ובניו בע""מ",,מרסס לניקוי חלונות ה,מיליליטרים,750.00,"100 מ""ל",false,,8.90,0.0119,true,1,1438315
7290014910461,false,"ערק יודה 700 מ""ל כשל",בני בהיג'\ קעואר לתעשייה,,"ערק יודה 700 מ""ל",מיליליטרים,700.00,"100 מ""ל",false,,59.90,0.0856,true,1,1416277
7290014910515,false,שימורי דגים שפרוטים מעושנים בשמן צמחי 250 גרם,יורוסטנדרט בעמ,,שפרוטים מעושנים ריגה,גרמים,440.00,100 גרם,false,,11.90,0.0270,true,1,1416278
7290014918009,false,דלי שטיפה+פיה,פלנרו,,דלי איכותי,יחידה,1.00,יחידה,false,,17.90,17.9000,true,1,1430451
7290014940901,false,לחם פשוט מלא לילדים פרוס אנג`ל (750 גרם),מאפיית שלמה א. אנג'\ל בע,,לחם פשוט מלא 750 גרם,גרמים,750.00,100 גרם,false,,13.90,0.0185,true,1,1406770
7290014974869,false,רולים ופל שוקולד עלמה ללא גלוטן 100 גרם,"גילרו בע""מ",,רולים שוקולד ללא גלו,גרמים,100.00,100 גרם,false,,7.50,0.0750,true,1,1413257
7290014974876,false,גלילי ופל במילוי קרם אגוז ל.גלוטן 100 גר,כרמית תעשיות ממתקים,,רולים אגוז ללא גלוטן,גרמים,100.00,100 גרם,false,,7.50,0.0750,true,1,1413258
7290015014182,false,לבבות קיסר בנספק רמי לוי,ביכורי השדה צפון 1994 ג.ד. בעמ,,לבבות קיסר בשקית רמי,יחידה,1.00,יחידה,false,,9.90,9.9000,true,1,1420932
7290015014274,false,צנונית ארוזה שמיטה,ביכורי השדה צפון 1994 ג.ד. בעמ,,צנוניות רמי לוי 500,גרמים,500.00,100 גרם,false,,5.90,0.0118,true,1,1420934
7290015014458,false,מרווה רמי לוי,ביכורי השדה צפון 1994 ג.ד. בעמ,,מרווה,יחידה,1.00,יחידה,false,,5.90,5.9000,true,1,1420936
7290015014465,false,רוזמרין (בוסתן),ביכורי השדה צפון 1994 ג.ד. בעמ,,רוזמרין,יחידה,1.00,יחידה,false,,5.90,5.9000,true,1,1420937
7290015014472,false,קורנית(בוסתן),ביכורי השדה צפון 1994 ג.ד. בעמ,,טימין תקומה,יחידה,1.00,יחידה,false,,5.90,5.9000,true,1,1420938
7290015039246,false,נתחי טונה בשמן צמחי רביעיה * 160 ג' וילי פוד,ג.וילי פוד אינטרנשיונל בעמ,,נתחי טונה בהירה בשמן,גרמים,640.00,100 גרם,false,,21.90,0.0342,true,1,1408458
7290015039253,false,עלי גפן במי מלח ויליפוד 620 גרם,ג. וילי-פוד אינטרנשיונל בע`מ,,עלי גפן במי מלח 620,גרמים,620.00,100 גרם,false,,10.90,0.0176,true,1,1408459
7290015039338,false,נתחי טונה במי מלח רביעיה * 160 ג' וילי פוד,ג.וילי-פוד אינטרנשיונל בעמ,,נתחי טונה במי מלח וי,גרמים,640.00,100 גרם,false,,21.90,0.0342,true,1,1408460
7290015139267,false,שוקולד מריר עם שקדים ללא תוספת סוכר וסטהיים,"כרמית תעשיות ממתקים בע""\",,שוקולד מריר עם שקדים,גרמים,85.00,100 גרם,false,,5.90,0.0694,true,1,1407969
7290015139519,false,אגו מיקס קוביות וופל 55 גר',כרמית תעשיות ממתקים בעמ,,אגו מיקס קוביות וופל,גרמים,55.00,100 גרם,false,,3.90,0.0709,true,1,1407974
7290015150118,false,שלישיית עגבניות חתוכות דק גרנד איטליה 400 גרם,תה ויסוצקי (ישראל) בעמ,,עגבניות חתוכות דק 3*,גרמים,1200.00,100 גרם,false,,16.80,0.0140,true,1,1406709
7290015150200,false,עגבניות חתוכות דק גרנד איטליה ויסוצקי,תה ויסוצקי (ישראל)בעמ,,עגבניות חתוכות דק 40,גרמים,400.00,100 גרם,false,,7.90,0.0198,true,1,1440882
7290015155823,false,מחית תפוחי עץ חטיפטף ללא תוספת סוכר,גורי מוצרי צריכה (1991) בעמ,,פאוץ' פרינוק תפוח 12,גרמים,120.00,100 גרם,false,,6.50,0.0542,true,1,1408864
7290015155830,false,מחית תפוחי עץ ובננה חטיפטף ללא תוספת סוכר,גורי מוצרי צריכה (1991) בעמ,,פאוץ' פרינוק תפוח בנ,גרמים,120.00,100 גרם,false,,6.50,0.0542,true,1,1408865
7290015155847,false,מחית סלט פירות חטיפטף ללא תוספת סוכר,גורי מוצרי צריכה (1991) בעמ,,פאוץ' פרינוק סלט פיר,גרמים,120.00,100 גרם,false,,6.50,0.0542,true,1,1430123
7290015164832,false,מחית קארי ירוק 400 גרם SUREE כשר,מזרח ומערב יבוא ושיווק,,מחית קארי ירוקה 400,גרמים,400.00,100 גרם,false,,19.90,0.0497,true,1,1432139
7290015193559,false,מעדני המלך אובלטים מלוחים 300 גרם,אם החיטה,,אובלטים מלוחים מעדני,גרמים,300.00,100 גרם,false,,9.90,0.0330,true,1,1437506
7290015193566,false,מעדני המלך אובלטים שומשום 300 גרם,אם החיטה,,אובלטים שומשום מעדני,גרמים,300.00,100 גרם,false,,9.90,0.0330,true,1,1437507
7290015193573,false,"ווק אטריות אורז עובי 2 מ""מ 400 גרם",אסיאן סופירה פודס חב,,ווק אטריות אורז עובי,גרמים,400.00,100 גרם,false,,9.90,0.0248,true,1,1413259
7290015193634,false,אובלטים דקיקים קימל מעדני המלך 300 גר',אם החיטה,,אובלטים קימל מעדני מ,גרמים,300.00,100 גרם,false,,9.90,0.0330,true,1,1437508
7290015193832,false,קרקר עם שומשום ארומה 300 גרם,רזיט שיווק בעמ,,ארומה קרקר שומשום 30,גרמים,300.00,100 גרם,false,,7.50,0.0250,true,1,1413264
7290015193849,false,קרקר עם מלח ארומה 300 גרם,רזיט שיווק בעמ,,ארומה קרקר מלח 300גר,גרמים,300.00,100 גרם,false,,7.50,0.0250,true,1,1413265
7290015282000,false,איקרא אדומה SEVEN SEAS 200 גרם,שבעת הימים - שמיר,,איקרה אדומה 200 גרם,גרמים,200.00,100 גרם,false,,13.90,0.0695,true,1,1438133
7290015282024,false,איקרא לבנה SEVEN SEAS 200 גרם,"סלטי שמיר 2006 בע""מ",,איקרה לבנה 200 גרם,גרמים,200.00,100 גרם,false,,13.90,0.0695,true,1,1438135
7290015282581,false,חומוס אבו גוש עם חריף שמיר 200 גרם,"סלטי שמיר 2006 בע""מ",,חומוס אבו גוש עם חרי,גרמים,200.00,100 גרם,false,,10.90,0.0545,true,1,1438136
7290015282598,false,חומוס מסעדות גורמה שמיר 200 גרם,"סלטי שמיר 2006 בע""מ",,חומוס מסעדות 200 גרם,גרמים,200.00,100 גרם,false,,10.90,0.0545,true,1,1438137
7290015282628,false,חציל בטעם כבד גורמה שמיר 200 גרם,"סלטי שמיר 2006 בע""מ",,חציל בטעם כבד 200 גר,גרמים,200.00,100 גרם,false,,11.90,0.0595,true,1,1438139
7290015282673,false,חציל במיונז ביתי גורמה שמיר 200 גרם,"סלטי שמיר 2006 בע""מ",,חציל במיונז ביתי 200,גרמים,200.00,100 גרם,false,,10.90,0.0545,true,1,1438140
7290015282697,false,כרוב אדום שמיר גורמה 200גר,"סלטי שמיר 2006 בע""מ",,כרוב אדום 200 גרם,גרמים,200.00,100 גרם,false,,11.90,0.0595,true,1,1438141
7290015282741,false,חציל תאילנדי אסלי שמיר 200 ג',"סלטי שמיר 2006 בע""מ",,חציל תאילנדי 200 גרם,גרמים,200.00,100 גרם,false,,11.90,0.0595,true,1,1438142
7290015320481,false,שוקולד מריר 60% קקאו שגוטן 100 גרם,יעד ממתקים בעמ,,שוקולד מריר 60% 100,גרמים,100.00,100 גרם,false,,4.90,0.0490,true,1,1429116
7290015325806,false,תחליב רחצה בניחוח קקטוס 750מל רמילוי,,,נועה תחליב רחצה פרח,מיליליטרים,750.00,"100 מ""ל",false,,8.90,0.0119,true,1,1415627
7290015348089,false,"למברוסקו אדום ביאנקו 750 מ""ל ""אמיליאנו""",טמפו משקאות בעמ,,יין לבן מבעבע חצי יב,יחידה,0.00,יחידה,false,,27.90,0.0000,true,1,1429078
7290015350402,false,"יין רזרב מוסקטו ורוד חצי יבש ברקן 750 מ""ל",טמפו משקאות בעמ,,יין רוזה מוסקט ורוד,מיליליטרים,750.00,"100 מ""ל",false,,48.20,0.0643,true,1,1410746
7290015366670,false,משחת שיניים בטעם מנטה אקוהפרש (100 מל),גלקסוסמיתקליין,,משחת שיניים בטעם מנט,גרמים,100.00,100 גרם,false,,7.50,0.0750,true,1,1408795
7290015395939,false,חטיף אורז בטעם מתוק מלוח 120 גרם,דין שיווק וקליה 2021 בעמ,,חטיף יפני 150 גרם-שש,גרמים,150.00,100 גרם,false,,15.90,0.1060,true,1,1430030
7290015395960,false,בוטן רביולי בציפוי בטעם מלוח מתוק 200 ג' ENJOY,דין שיווק וקליה 2021 בעמ,,בוטן רביולי 150 גרם-,גרמים,150.00,100 גרם,false,,15.90,0.1060,true,1,1430031
7290015437431,false,רכז רימונים 100% טבעי 420 גר,תומר יבוא ושיווק מוצרי מזון (1,,רכז רימונים 420 גרם,גרמים,420.00,100 גרם,false,,19.90,0.0474,true,1,1407851
7290015437578,false,מוזלי קראנצ'י צימוק תפוח מיובש גרעיני חמנ' 600ג',תומר יבוא ושיווק מוצרי מזון (1,,מוזלי קראנצ'י צימוק,גרמים,600.00,100 גרם,false,,13.90,0.0232,true,1,1407852
7290015437585,false,מוזלי קראנצי בתוספת צימוק ושוקולד 600 גרם,תומר ייבוא ושיווק מוצרי מזון [,,מוזלי קראנצ'י צימוק,גרמים,600.00,100 גרם,false,,13.90,0.0232,true,1,1407853
7290015568289,false,כוס טרמית TO GO,,,כוס טרמית TO GO,יחידה,1.00,יחידה,false,,16.90,16.9000,true,1,1417246
7290015597210,false,מאגדת טילון קורנטו פרווה טבעוני-וויגן פרנדלי,"גלידת שטראוס בע""\מ, רחוב",,מאגדת קורנטו וניל פר,יחידה,6.00,יחידה,false,,33.90,5.6500,true,1,1416819
7290015603188,false,אטריות ביצים 454ג' (כ) (fu),פוגיאן לונגהי אנלידה אינ,,איטריות ביצים 454 גר,גרמים,454.00,100 גרם,false,,10.90,0.0240,true,1,1412127
7290015603232,false,איטריות בתוספת דלעת 454 גרם,מזרח ומערב יבוא ושיווק,,איטריות עם דלעת 454,גרמים,454.00,100 גרם,false,,10.90,0.0240,true,1,1412132
7290015603522,false,"נוזל אגוזי קוקוס 5%-7% 400 מ""ל",מזרח ומערב יבוא ושיווק,,נוזל אגוזי קוקוס 5-7,מיליליטרים,400.00,"100 מ""ל",false,,6.90,0.0173,true,1,1412133
7290015603560,false,"שימורי קרם קוקוס 20-22% 400 מ""ל (ASIATIC)(כ)",אסיאטיק אגרו אינדוסטרי,,קרם קוקוס 20% - 22%,מיליליטרים,400.00,"100 מ""ל",false,,9.90,0.0248,true,1,1412134
7290015603584,false,ג'ינגר לבן כבוש ללא מונוסודיום 160 גרם (כ),מזרח ומערב יבוא ושיווק,,ג'ינגר לבן כבוש ללא,גרמים,160.00,100 גרם,false,,7.90,0.0494,true,1,1412135
7290015603591,false,גינגר ורוד כבוש ללא מונוסודיום 160 גרם,מזרח ומערב יבוא ושיווק,,ג'ינג'ר ורוד כבוש לל,גרמים,160.00,100 גרם,false,,7.90,0.0494,true,1,1412136
7290015603638,false,"אורז קלרוז 1 ק""ג (כ) (Minh)",מזרח ומערב יבוא ושיווק,,"אורז קלרוז 1 ק""ג",גרמים,1000.00,100 גרם,false,,11.90,0.0119,true,1,1412137
7290015644297,false,שישיית לחמניות פשוט מלא אנג'ל 450 גרם,מאפיית שלמה א. אנג'\ל בע,,לחמניות פשוט מלא אנג,יחידה,6.00,יחידה,false,,11.10,1.8500,true,1,1406771
7290015652070,false,קשוי קלוי בשקית ששון הקולה 150 גרם,דין שיווק וקליה 2021 בעמ,,קשיו קלוי 150 גרם שק,גרמים,150.00,100 גרם,false,,12.90,0.0860,true,1,1435305
7290015681100,false,שניצלונים בציפוי שומשום רמי לוי 600 גרם,רמי לוי,,שניצלונים בציפוי שומ,גרמים,600.00,100 גרם,false,,24.90,0.0415,true,1,1427686
7290015681117,false,חטיפי עוף רמי לוי 60,רמי לוי,,חטיפי עוף רמי לוי 60,גרמים,600.00,100 גרם,false,,24.90,0.0415,true,1,1427687
7290015681131,false,שניצלוני גן חיות רמי לוי 600 גרם,רמי לוי,,שניצלוני גן חיות רמי,גרמים,600.00,100 גרם,false,,24.90,0.0415,true,1,1427688
7290015681155,false,כוכבי תירס רמי לוי 600 גרם,רמי לוי,,כוכבי תירס רמי לוי 6,גרמים,600.00,100 גרם,false,,19.90,0.0332,true,1,1427690
7290015681162,false,שניצל תירס רמי לוי 750 גרם,רמי לוי,,שניצל תירס רמי לוי 7,גרמים,750.00,100 גרם,false,,19.90,0.0265,true,1,1427691
7290015681179,false,שניצל צמחי רמי לוי 750 גרם,רמי לוי,,שניצל צמחי רמי לוי 7,גרמים,750.00,100 גרם,false,,19.90,0.0265,true,1,1427692
7290015681735,false,מיזלי צימוקים תפוח רמי לוי 400 גרם,דין שיווק,,מיזלי תפוח קינמון 40,גרמים,400.00,100 גרם,false,,10.90,0.0273,true,1,1429460
7290015681759,false,מיזלי פירות רמי לוי,רמי לוי,,מיזלי פירות 400 גרם,גרמים,400.00,100 גרם,false,,10.40,0.0260,true,1,1429456
7290015681780,false,גרנולה פירות רמי לוי 400 גרם,רמי לוי,,גרנולה פירות 400 גרם,גרמים,400.00,100 גרם,false,,10.90,0.0273,true,1,1429457
7290015781299,false,יין שיראז ויזון יקב טפרברג (750 מל),יקב טפרברג 1870 בעמ (יינות ומש,,יין אדום יבש שיראז ו,מיליליטרים,750.00,"100 מ""ל",false,,39.90,0.0532,true,1,1417361
7290015781305,false,יין אדום אימפרשיין סירה טפרברג (750 מל),יקב טפרברג 1870 בעמ (יינות ומש,,יין אדום יבש סירה אי,מיליליטרים,750.00,"100 מ""ל",false,,49.90,0.0665,true,1,1417362
7290015821179,false,כוסות נייר שתיה חמה,,,כוסות נייר שתיה חמה,יחידה,50.00,יחידה,false,,11.90,0.2380,true,1,1438795
7290015834100,false,"ג'ין לוקסרדו דובדבנים חמוצים- איטליה 700 מ""ל",רמי לוי,,דובדבנים חמוצים רמי,גרמים,700.00,100 גרם,false,,9.90,0.0141,true,1,1416389
7290015834209,false,"ציפס קלאסי רמי לוי 2 ק""ג",קפוא-זן,,רמי לוי צ'יפס קלאסי,גרמים,2000.00,100 גרם,false,,23.90,0.0119,true,1,1413848
7290015834339,false,דבש בצנצנת רמי לוי 350 גרם,דבש עמק חפר,,דבש בצנצנת רמי לוי 3,גרמים,350.00,100 גרם,false,,16.70,0.0477,true,1,1416392
7290015834445,false,"ציפס סטיק רמי לוי 2 ק""ג",קפוא-זן,,רמי לוי סטיק צ'יפס 2,גרמים,2000.00,100 גרם,false,,23.90,0.0119,true,1,1413850
7290015834469,false,פרוסות דקל רמי לוי 220 גרם,טעמן,,לבבות דקל פרוסות במי,גרמים,400.00,100 גרם,false,,7.90,0.0198,true,1,1416393
7290015835039,false,כריות יפניות עבות רמי לוי 6 יח,רמי לוי,,כריות יפניות עבות רמ,יחידה,6.00,יחידה,false,,8.90,1.4833,true,1,1417142
7290015835060,false,כריות קרצוף רמי לוי 10 יח,רמי לוי,,כריות קרצוף 10 יחידו,יחידה,10.00,יחידה,false,,5.90,0.5900,true,1,1417143
7290015835077,false,ברזלית צילינדר רמי לוי 4 יח רמי לוי,פלסטו פוליש,,ברזלית 4 יח במארז,יחידה,4.00,יחידה,false,,7.90,1.9750,true,1,1435022
7290015835121,false,מטליות רמי לוי 9 יח,רמי לוי,,מטליות רמי לוי 9 יח,יחידה,9.00,יחידה,false,,8.90,0.9889,true,1,1417145
7290015835411,false,גרנולה אגוזים רמי לוי 400 גרם,רמי לוי,,גרנולה עם צימוקים וא,גרמים,400.00,100 גרם,false,,10.90,0.0273,true,1,1429458
7290015835435,false,מוזלי אגוזים רמי לוי 400 גרם,רמי לוי,,מוזלי אגוזים רמי לוי,גרמים,400.00,100 גרם,false,,10.40,0.0260,true,1,1429459
7290015835756,false,שיבולת שועל דק רמי לוי 500 גרם,רמי לוי,,שיבולת שועל דקה 500,גרמים,500.00,100 גרם,false,,4.90,0.0098,true,1,1417104
7290015835763,false,שיבולת שועל עבה רמי לוי 500 גרם,רמי לוי,,שיבולת שועל עבה 500,גרמים,500.00,100 גרם,false,,4.90,0.0098,true,1,1417105
7290015835930,false,מגבות נייר רמי לוי 8 יח,רמי לוי,,מגבות נייר רמי לוי 8,יחידה,8.00,יחידה,false,,13.90,1.7375,true,1,1433437
7290015835978,false,ממחטות מארז חמישייה רמי לוי,רמי לוי,,ממחטות טישו רמי לוי,יחידה,5.00,יחידה,false,,13.90,2.7800,true,1,1417469
7290015856720,false,סנקסו חטיף אפונה אפוי עם זעתר 50 גרם,תות תעשיות מזון (201,,סנקסו – חטיף אפונה א,גרמים,50.00,100 גרם,false,,4.90,0.0980,true,1,1428687
7290015858106,false,"ממרח פסטו ביתי 180 גרם ""עללחם""",שטראוס גרופ בעמ/מצונן,,ממרח פסטו ביתי עללחם,גרמים,180.00,100 גרם,false,,15.90,0.0883,true,1,1414552
7290015858175,false,ממרח פלפלים קלויים 180 גרם עללחם,"מדשא תעשיות מזון בע""\מ",,ממרח פלפלים קלויים ע,גרמים,180.00,100 גרם,false,,16.90,0.0939,true,1,1435235
7290015858229,false,"טפנד זיתי קלמטה 180 גרם ""עללחם""","מדשא תעשיות מזון בע""\מ",,טפנד זיתי קלמטה עללח,גרמים,180.00,100 גרם,false,,15.90,0.0883,true,1,1425713
7290015858243,false,ממרח צימיצורי עללחם 180 גרם,שטראוס גרופ בעמ/מצונן,,צ'ימיצ'ורי עללחם 180,גרמים,180.00,100 גרם,false,,15.90,0.0883,true,1,1435236
7290015858328,false,עללחם ממרח איולי פסטו 295 גרם,"מדשא תעשיות מזון בע""\מ",,איולי פסטו עללחם 295,גרמים,295.00,100 גרם,false,,15.90,0.0539,true,1,1441643
7290015858441,false,עללחם ממרח איולי פלפלים 295 גרם,"מדשא תעשיות מזון בע""\מ",,איולי פלפלים עללחם 2,גרמים,295.00,100 גרם,false,,15.90,0.0539,true,1,1441644
7290015858687,false,עללחם ממרח איולי שום 295 גרם,"מדשא תעשיות מזון בע""\מ",,איולי שום עללחם 295,גרמים,295.00,100 גרם,false,,15.90,0.0539,true,1,1441645
7290015858694,false,עללחם ממרח איולי שום לימון 295 גרם,"מדשא תעשיות מזון בע""\מ",,איולי שום לימון עללח,גרמים,295.00,100 גרם,false,,15.90,0.0539,true,1,1441646
7290015866132,false,כרובית,,,כרובית,יח',1.00,יח',false,,9.90,9.9000,true,1,1434698
7290015899239,false,אקונומיקה מבושמת רמי לוי 4 ליטר,רמי לוי,,אקונומיקה מבושמת רמי,מיליליטרים,4000.00,"100 מ""ל",false,,11.90,0.0030,true,1,1408074
7290015899246,false,מרכך צהוב רמי לוי 4 ליטר,רמי לוי,,מרכך כביסה צהוב 4 לי,מיליליטרים,4000.00,"100 מ""ל",false,,16.90,0.0042,true,1,1408075
7290015899307,false,מרכך מרוכז ורוד רמי לוי 1 ליטר,רמי לוי,,מרכך מרוכז ורוד רמי,מיליליטרים,1000.00,"100 מ""ל",false,,9.90,0.0099,true,1,1408079
7290015899314,false,מרכך מרוכז לבן רמי לוי 1 ליטר,רמי לוי,,מרכך מרוכז לבן רמי ל,מיליליטרים,1000.00,"100 מ""ל",false,,9.90,0.0099,true,1,1408080
7290015899321,false,מרכך מרוכז כחול רמי לוי 1 ליטר,רמי לוי,,מרכך מרוכז כחול רמי,מיליליטרים,1000.00,"100 מ""ל",false,,9.90,0.0099,true,1,1408081
7290016006339,false,מים מינרלים מי עדן (1x4 ליטר),יפאורה שותפות מוגבלת לשיווק,,רביעייה מי עדן 1 ליט,מיליליטרים,4000.00,"100 מ""ל",false,,12.10,0.0030,true,1,1407636
7290016087499,false,עגבניות חתוכות מארז 400X3ג' אריזות ירושלים,ח.כהן סוכנות מזון ומשקאות בע,,עגבניות חתוכות דק פר,גרמים,400.00,100 גרם,false,,12.90,0.0323,true,1,1413086
7290016106411,false,פרוסות מנגו 425 גרם בסירופ קל,לונגהי גואנגפה פוד ב,,"פרוסות מנגו בסירופ """,גרמים,425.00,100 גרם,false,,6.90,0.0162,true,1,1408327
7290016144017,false,"קמח מלא נפלאות 100% ללא ניפוי 1 ק""ג",תה ויסוצקי (ישראל)בעמ,,קמח חיטה מלא 100% נפ,גרמים,1000.00,100 גרם,false,,9.90,0.0099,true,1,1430090
7290016144031,false,"נפלאות קמח חיטה לבן מנופה 1 ק""ג",תה ויסוצקי (ישראל)בעמ,,קמח חיטה לבן מנופה נ,גרמים,1000.00,100 גרם,false,,7.90,0.0079,true,1,1430091
7290016144048,false,"קמח כוסמין לבן 1 ק""ג נפלאות",תה ויסוצקי (ישראל)בעמ,,קמח כוסמין לבן נפלאו,גרמים,1000.00,100 גרם,false,,17.90,0.0179,true,1,1430096
7290016144055,false,קמח כוסמין 80% קמח נפלאות 1 קג,תה ויסוצקי (ישראל)בעמ,,קמח כוסמין 80% נפלאו,גרמים,1000.00,100 גרם,false,,16.90,0.0169,true,1,1430097
7290016144086,false,נפלאות קמח חלה מנופה 1 ק”ג,תה ויסוצקי (ישראל)בעמ,,"קמח חלה נפלאות 1 ק""ג",קילוגרמים,1.00,"100 ק""ג",false,,9.90,9.9000,true,1,1440227
7290016144093,false,נפלאות קמח לחם לבן מנופה 1 ק”ג,תה ויסוצקי (ישראל)בעמ,,"קמח לחם נפלאות 1 ק""ג",קילוגרמים,1.00,"100 ק""ג",false,,9.90,9.9000,true,1,1440228
7290016144116,false,"קמח תופח נפלאות, 1 ק""ג",תה ויסוצקי (ישראל)בעמ,,"קמח תופח נפלאות 1 ק""",קילוגרמים,1.00,"100 ק""ג",false,,11.90,11.9000,true,1,1440229
7290016150117,false,סלק אדום מקולף ומבושל500,ביג פוד כחול לבן בעמ*שיק 30 יו,,סלק מבושל בוואקום,גרמים,500.00,100 גרם,false,,5.90,0.0118,true,1,1406424
7290016162264,false,עוגת גבינה רנסנס קפולסקי (450 גרם),קפולסקי שיווק וקמעונ,,עוגת גבינה רנססנס 45,גרמים,450.00,100 גרם,false,,39.90,0.0887,true,1,1417580
7290016233384,false,גפילטע פיש 7 קציצות תומר 555 גרם,דג טעים ירושלים,,גפילטע פיש 555 גרם,יחידה,7.00,יחידה,false,,14.90,2.1286,true,1,1407860
7290016233575,false,פתיתי שיבולת שועל 600 גר גוד מורנינג,,,שיבולת שועל 600 גרם,גרמים,600.00,100 גרם,false,,5.90,0.0098,true,1,1407861
7290016233995,false,פילה אנשובי בפח עם שמן זית 45 גר`תומר,תומר יבוא ושיווק מוצרי מזון (1,,אנשובי בפח עם שמן זי,גרמים,45.00,100 גרם,false,,6.90,0.1533,true,1,1407866
7290016255324,false,פותח סתימות 1לי רמי לוי,,,פותח סתימות בצנרת ני,מיליליטרים,1000.00,"100 מ""ל",false,,12.90,0.0129,true,1,1408083
7290016255737,false,מרכך כביסה סגול רמילוי 4 ליט,,,מרכך כביסה סגול לוונ,מיליליטרים,4000.00,"100 מ""ל",false,,16.90,0.0042,true,1,1408084
7290016255812,false,מסיר אבנית 1ליטר רמי לוי,,,מסיר אבנית רב תכליתי,מיליליטרים,1000.00,"100 מ""ל",false,,11.90,0.0119,true,1,1408085
7290016270273,false,כרובית ארוזה גן הירק,משתנה,,כרובית,יח',1.00,יח',false,,9.90,9.9000,true,1,1427652
7290016270709,false,עגבניות שרי אשכולות,ביכורי השדה צפון 1994 ג.ד. בעמ,,עגבניות שרי,יחידה,1.00,יחידה,false,,8.90,8.9000,true,1,1410881
7290016272796,false,נייר טואלט רמי לוי 30 יח,,,נייר טואלט רמי לוי 3,יחידה,30.00,יחידה,false,,29.90,0.9967,true,1,1417470
7290016272802,false,מגבות נייר רמי לוי 6,,,מגבות נייר רמי לוי 6,יחידה,6.00,יחידה,false,,10.90,1.8167,true,1,1417471
7290016273182,false,ציפס אמריקאי רמי לוי,,,רמי לוי צ'יפס אמריקא,גרמים,1500.00,100 גרם,false,,18.90,0.0126,true,1,1413852
7290016304060,false,חלה רגילה 500 גרם,,,חלה רגילה 500 גרם,גרמים,500.00,100 גרם,false,,5.17,0.0103,true,1,1417537
7290016304404,false,לחם קוביות 100% כוסמין 600 גרם,מאפיית דוידוביץ ובניו בע,,לחם קוביות כוסמין 60,גרמים,600.00,100 גרם,false,,16.90,0.0282,true,1,1417543
7290016304596,false,לחמניות לסנדביץ 75 גרם,מאפיית דווידוביץ ובנ,,לחמניות רגילות דוידו,גרמים,750.00,100 גרם,false,,13.90,0.0185,true,1,1429621
7290016334050,false,סלרי חתוך.,ביכורי השדה צפון 1994 ג.ד. בעמ,,סלרי חתוך,יחידה,1.00,יחידה,false,,5.90,5.9000,true,1,1420941
7290016334166,false,לוף רגיל ארוז ליח,ביכורי השדה צפון 1994 ג.ד. בעמ,,לוף רגיל ארוז,יחידה,1.00,יחידה,false,,7.90,7.9000,true,1,1420943
7290016334173,false,פלפל טינקרבל שמיטה,ביכורי השדה צפון 1994 ג.ד. בעמ,,פלפלונים רמי לוי,יחידה,1.00,יחידה,false,,9.90,9.9000,true,1,1420944
7290016334180,false,מלפפון בייבי רמי לוי,ביכורי השדה צפון 1994 ג.ד. בעמ,,מלפפון בייבי רמי לוי,יחידה,1.00,יחידה,false,,9.90,9.9000,true,1,1420945
7290016334296,false,ברוקולי ארוז יחידה שמיטה,ביכורי השדה צפון 1994 ג.ד. בעמ,,ברוקולי רמי לוי,יחידה,1.00,יחידה,false,,9.90,9.9000,true,1,1420947
7290016334388,false,פלפל צ'ילי רמי לוי,ביכורי השדה צפון 1994 ג.ד. בעמ,,פלפל צ'ילי רמי לוי,יחידה,1.00,יחידה,false,,6.90,6.9000,true,1,1420948
7290016334456,false,בזיליקום רמי לוי,ביכורי השדה צפון 1994 ג.ד. בעמ,,בזיליקום,יחידה,1.00,יחידה,false,,5.90,5.9000,true,1,1420951
7290016334463,false,ראש סלרי,ביכורי השדה צפון 1994 ג.ד. בעמ,,סלרי ראש,יחידה,1.00,יחידה,false,,5.90,5.9000,true,1,1420952
7290016334500,false,לבבות חסה זוגות בשקי,ביכורי השדה צפון 1994 ג.ד. בעמ,,זוג לבבות חסה,יחידה,1.00,יחידה,false,,9.90,9.9000,true,1,1420953
7290016334654,false,תרד ניו זילנדי רמי לוי,ביכורי השדה צפון 1994 ג.ד. בעמ,,תרד ניו זילנדי רמי ל,גרמים,300.00,100 גרם,false,,12.90,0.0430,true,1,1420961
7290016334784,false,ג'ינג'ר ארוז ברכת קטיף 200 גרם,ביכורי השדה צפון 1994 ג.ד. בעמ,,ג'ינג'ר ארוז,יחידה,1.00,יחידה,false,,8.90,8.9000,true,1,1420962
7290016334814,false,חסה סלנובה רמי לוי,ביכורי השדה צפון 1994 ג.ד. בעמ,,חסה סלנובה רמי לוי,יחידה,1.00,יחידה,false,,9.90,9.9000,true,1,1420964
7290016334883,false,שרי תמר בוסתן שמיטה,ביכורי השדה צפון 1994 ג.ד. בעמ,,עגבניות שרי תמר,יחידה,1.00,יחידה,false,,9.90,9.9000,true,1,1420965
7290016334890,false,עגבניות שרי ליקופן,ביכורי השדה צפון 1994 ג.ד. בעמ,,עגבניות שרי ליקופן,יחידה,1.00,יחידה,false,,9.90,9.9000,true,1,1420966
7290016334906,false,מיקס עגבניות שרי.,ביכורי השדה צפון 1994 ג.ד. בעמ,,עגבניות שרי מיקס,יחידה,1.00,יחידה,false,,11.90,11.9000,true,1,1420967
7290016370973,false,פלפל קלוי (גמביה) בצנצנת קבוצת יבנה 390 גרם,"קבוצת יבנה מוצרי מזון בע""מ",,פלפל קלוי על האש 560,גרמים,560.00,100 גרם,false,,10.90,0.0195,true,1,1413281
7290016372373,false,רסק עגבניות ללא תוספת סוכר ומלח - מארז זוג,תה ויסוצקי (ישראל) בעמ,,רסק עגבניות 22° קונס,גרמים,280.00,100 גרם,false,,7.90,0.0282,true,1,1406713
7290016372922,false,תה ירוק בטעם קינמון גינגיר וכורכום עם מאצה יפנית,תה ויסוצקי (ישראל)בעמ,,תה ירוק קינמון ג'ינג,יחידה,25.00,יחידה,false,,24.90,0.9960,true,1,1406715
7290016408294,false,"מרשמלו ורוד לבן וסטהיים 150 ג', 26 בקרטון",כרמית תעשיות ממתקים בעמ,,מרשמלו ורוד לבן כרמי,גרמים,150.00,100 גרם,false,,4.90,0.0327,true,1,1410009
7290016408980,false,"מטבעות שוקולד חלב 36 ג' כשל""פ בד""ץ!",כרמית תעשיות ממתקים בעמ,,מטבעות שוקולד חלב 36,גרמים,36.00,100 גרם,false,,3.90,0.1083,true,1,1407995
7290016416961,false,מוס גבינה תות שדה קפולסקי 400 גרם,קפולסקי שיווק וקמעונ,,מוס גבינה תות שדה 40,גרמים,400.00,100 גרם,false,,39.90,0.0997,true,1,1434994
7290016416992,false,עוגת דובוש בסקוויטים קפולסקי 400 גרם,תופינים מקבוצת קפולסקי,,עוגת דובוש בסקוויטים,גרמים,400.00,100 גרם,false,,39.90,0.0997,true,1,1437053
7290016448870,false,שפרוטים מעושנים בשמן,אודסקי קונסרברי זאבו,,שפרוטים 150 גרם,גרמים,150.00,100 גרם,false,,5.90,0.0393,true,1,1432012
7290016448887,false,שפרוטים מעושנים בשמן,אודסקי קונסרברי זאבו,,שפרוטים 240 גרם,גרמים,240.00,100 גרם,false,,8.90,0.0371,true,1,1432013
7290016448894,false,ביצקי ברוטב עגבניות 240 גרם,,,ביצ'קי ברוטב עגבניות,גרמים,240.00,100 גרם,false,,5.90,0.0246,true,1,1432014
7290016475067,false,מארז 4 לאפות במלאכת יד,פיתות מכבים י.מ. בעמ,,לאפה עירקית 4 יח,יחידה,4.00,יחידה,false,,11.90,2.9750,true,1,1419604
7290016509823,false,ג'ל לכביסה לבנה וצבעונית בניחוח רענן,גורי שיווק בעמ,,פרסיל ג'ל 2.5 ל' בלו,גרמים,2500.00,100 גרם,false,,35.90,0.0144,true,1,1408826
7290016509830,false,ג'ל כביסה לבגדי תינוקות ובעלי עור רגיש Sensitive,גורי שיווק בעמ,,פרסיל ג'ל 2.5 ל' ביי,גרמים,2500.00,100 גרם,false,,35.90,0.0144,true,1,1421806
7290016542509,false,"טוסקנה 750 מ""ל מבעבעת יבש 10%-בודד",קבוצת וקסמן קרקוב פולין,,שמפניה מבעבעת 10% טו,מיליליטרים,750.00,"100 מ""ל",false,,12.90,0.0172,true,1,1409181
7290016542516,false,"טוסקניה שיכר תפוחים מוגז חצי יבש 750 מ""ל",קבוצת וקסמן קרקוב פולין,,שיכר תפוחים מוגז 10%,מיליליטרים,750.00,"100 מ""ל",false,,12.90,0.0172,true,1,1409182
7290016601473,false,נוזל רצפות רמי לוי 2 ליטר,,,נוזל רצפות רמי לוי 2,מיליליטרים,2000.00,"100 מ""ל",false,,9.90,0.0050,true,1,1408087
7290016601480,false,נוזל רצפות רמי לוי 2 ליטר,,,נוזל רצפות רמי לוי 2,מיליליטרים,2000.00,"100 מ""ל",false,,9.90,0.0050,true,1,1408088
7290016601558,false,מגבונים לניקוי כללי,,,מגבונים לניקוי כללי,יחידה,400.00,יחידה,false,,20.90,0.0522,true,1,1428493
7290016609141,false,אפונה וגזר רמי לוי 5,,,אפונה וגזר רמי לוי 5,גרמים,550.00,100 גרם,false,,6.50,0.0118,true,1,1413283
7290016609172,false,שעועית לבנה ברוטב עגבניות 335 גר,,,שעועית לבנה אפויה בר,גרמים,580.00,100 גרם,false,,6.50,0.0112,true,1,1413285
7290016609189,false,גרעיני תירס 335 גר רמי לוי,,,גרעיני תירס מתוק רמי,גרמים,550.00,100 גרם,false,,5.90,0.0107,true,1,1413286
7290016667271,false,"משאבה מסיר לאק 150 מ""ל",,,מסיר לק עם משאבה 150,מיליליטרים,150.00,"100 מ""ל",false,,10.90,0.0727,true,1,1421123
7290016667448,false,דובדבן מסוכר 100 ג' נאמן,פוליבה,,דובדבן מסוכר 100 גרם,גרמים,100.00,100 גרם,false,,7.90,0.0790,true,1,1421124
7290016667646,false,"רוטב סרירצ'יה חריף מאוד 360 מ""ל",,,רוטב סרירצ'ה חריף 36,מיליליטרים,360.00,"100 מ""ל",false,,11.90,0.0331,true,1,1435042
7290016717051,false,משקה Buzz מוגז בטעם רימון מבוסס יין אדום מתוק,אגודת הכורמים -כרמל מזרחי,,יין מבעבע אדום רימון,מיליליטרים,750.00,"100 מ""ל",false,,27.90,0.0372,true,1,1428645
7290016717235,false,יין קונקורד אדום ממותק קינג דיוויד - בקבוק אישי,יקבי כרמל Carmel Winery,,יין אדום ממותק קונקו,מיליליטרים,187.00,"100 מ""ל",false,,6.90,0.0369,true,1,1417036
7290016717754,false,יין היובל ישן נושן יקבי כרמל (750 מל),אגודת הכורמים -כרמל מזרחי,,יין אדום מתוק היובל,מיליליטרים,750.00,"100 מ""ל",false,,19.90,0.0265,true,1,1417038
7290016717976,false,יין ספארקלינג בטעם אפרסק 750 מל BUZZ,אגודת הכורמים בעמ,,יין באזז אפרסק 750 מ,מיליליטרים,750.00,"100 מ""ל",false,,27.90,0.0372,true,1,1431299
7290016733044,false,מטליות ריצפה מיקרופייבר שלישייה רמי לוי,,,סחבת רצפה מיקרופייבר,יחידה,3.00,יחידה,false,,15.90,5.3000,true,1,1417147
7290016733051,false,מטליות ניקוי כללי מיקרופייבר עשירייה רמי לוי,,,מטליות מיקרופייבר 10,יחידה,10.00,יחידה,false,,14.90,1.4900,true,1,1417148
7290016733259,false,סלק מבושל בוואקום 500ג,,,סלק אדום מקולף רמי ל,יחידה,1.00,יחידה,false,,5.90,5.9000,true,1,1406425
7290016733471,false,"משמש חצאים ""רמי לוי",,,"משמש חצאים ""רמי לוי",גרמים,820.00,100 גרם,false,,8.90,0.0109,true,1,1416415
7290016733891,false,טבעות בצל רמי לוי 60,קפוא-זן,,טבעות בצל רמי לוי 60,גרמים,600.00,100 גרם,false,,14.90,0.0248,true,1,1427699
7290016865080,false,שניצל דק בציפוי שומשום 700 ג,,,שניצל דק בציפוי שומש,גרמים,700.00,100 גרם,false,,27.90,0.0399,true,1,1427700
7290016865141,false,שניצל צמחי דק 700 גרם רמי לוי,,,שניצל צמחי דק רמי לו,גרמים,700.00,100 גרם,false,,20.90,0.0299,true,1,1427706
7290016865905,false,רגע מתוק ביסקויט 102ג רמילוי,,,בסקויט חצי מצופה שוק,גרמים,102.00,100 גרם,false,,5.90,0.0578,true,1,1415581
7290016866643,false,פרודונטקס מ.שיניים אקסטרה פרש 75 מל,פרודונטקס Parodontax,,משחת פרודונטקס פרש 7,מיליליטרים,75.00,"100 מ""ל",false,,30.90,0.4120,true,1,1440914
7290016866650,false,"פרודונטקס - משחת שיניים אוריג'ינל 75 מ""ל",פרודונטקס Parodontax,,משחת פרודונטקס אוריג,גרמים,75.00,100 גרם,false,,30.90,0.4120,true,1,1408802
7290016866674,false,"פרודונטקס - משחת שיניים מלבינה 75 מ""ל",פרודונטקס Parodontax,,משחת פרודונטקס מלבינ,מיליליטרים,75.00,"100 מ""ל",false,,30.90,0.4120,true,1,1440915
7290016867046,false,"מארז פיתות קלות כוסמין במתיקות מעודנת 6 יחידות ד""ר מרק",המאפה של דר מרק בריאות באפייה,,פיתות קלות כוסמין במ,גרמים,303.00,100 גרם,false,,14.90,0.0492,true,1,1434844
7290016867084,false,לחם כוסמין מלא בתוספת סיבים פרה ביוטיים 450 גרם,המאפה של דר מרק בריאות באפייה,,לחם כוסמין מלא סיבים,גרמים,450.00,100 גרם,false,,18.90,0.0420,true,1,1439141
7290016867152,false,"מארז פיתות קלות כוסמין 5 יחידות ד""ר מרק",המאפה של דר מרק בריאות באפייה,,פיתות קלות כוסמין 33,גרמים,330.00,100 גרם,false,,14.90,0.0452,true,1,1432604
7290016867176,false,"מארז לחמניות קלות כוסמין שומשום במתיקות מעודמת 5 יחידות ד""ר מרק",המאפה של דר מרק בריאות באפייה,,לחמניות ק. כוסמין שו,גרמים,351.00,100 גרם,false,,14.90,0.0425,true,1,1432605
7290016967074,false,לחם חיטה מלאה עם גרעינים ודגנים,מאפיית שלמה א. אנג'\ל בע,,לחם חיטה מלאה אנג'ל,גרמים,750.00,100 גרם,false,,14.90,0.0199,true,1,1406775
7290016967456,false,לחם צרפתי מחמצת 100% כוסמין 600 ג' אנג'ל,"מאפיית אנג'\ל בעמ, מקבוצ",,לחם צרפתי כוסמין 100,גרמים,600.00,100 גרם,false,,15.90,0.0265,true,1,1406776
7290016998207,false,לקט קסם השדה נטורזה,ביכורי השדה צפון 1994 ג.ד. בעמ,,לקט קסם השדה 350 גרם,גרמים,350.00,100 גרם,false,,12.90,0.0369,true,1,1432856
7290017023212,false,"שוויפס מוגז פירות תפוח מארז רביעייה* 330 מ""ל",יפאורה שותפות מוגבלת לשיווק,,רביעיית פחיות שוופס,מיליליטרים,330.00,"100 מ""ל",false,,14.10,0.0427,true,1,1407643
7290017023229,false,רביעיית פחיות שוופס מוגז פירות תות ליים 330 מל.,יפאורה שותפות מוגבלת לשיווק,,רביעיית פחיות שוופס,מיליליטרים,330.00,"100 מ""ל",false,,14.10,0.0427,true,1,1407644
7290017023236,false,רביעיית פחיות שוופס מוגז פירות ענבים 330 מל.,יפאורה שותפות מוגבלת לשיווק,,רביעיית פחיות שוופס,מיליליטרים,330.00,"100 מ""ל",false,,14.10,0.0427,true,1,1407645
7290017023663,false,"שוופס מיץ פירות לימונייד פחית מארז 330X4מ""ל",יפאורה שותפות מוגבלת לשיווק,,רביעיית פחיות שוופס,מיליליטרים,330.00,"100 מ""ל",false,,14.10,0.0427,true,1,1407649
7290017023816,false,"ספרינג  פירות טרופיים 250 מ""ל רביעייה",יפאורה שותפות מוגבלת לשיווק,,ספרינג פירות טרופיים,מיליליטרים,1000.00,"100 מ""ל",false,,13.70,0.0137,true,1,1438459
7290017023823,false,"רביעיית ספרינג 250 מ""ל תות בננה",יפאורה שותפות מוגבלת לשיווק,,ספרינג תות בננה 4*25,מיליליטרים,1000.00,"100 מ""ל",false,,13.70,0.0137,true,1,1438460
7290017058009,false,שימורי אנשובי עם צלפים 45 ג' תומר,,,אנשובי בפח עם צלפים,גרמים,45.00,100 גרם,false,,6.90,0.1533,true,1,1421734
7290017058092,false,שיבולת שועל שלמה 600 גר גוד מורנינג,,,שיבולת שועל 600 גרם,גרמים,600.00,100 גרם,false,,5.90,0.0098,true,1,1407868
7290017058146,false,רסק תפוע רביעייה עם אפרסק תומר,תומר יבוא ושיווק מוצרי מזון (1,,"רסק תפו""ע עם אפרסק 4",גרמים,452.00,100 גרם,false,,11.90,0.0263,true,1,1407871
7290017058573,false,פרוסות פלפל חלפיניו בחומץ 340 גרם תומר,תומר יבוא ושיווק מוצרי מזון (1,,פלפל חלפיניו בצנצנת,גרמים,340.00,100 גרם,false,,7.90,0.0232,true,1,1437577
7290017065137,false,ריקוטה למריחה 5% טבעית 200 גר`מחלבות גד,מחלבות גד שיווק 1992 בעמ,,ריקוטה למריחה 5% טבע,גרמים,200.00,100 גרם,false,,10.70,0.0535,true,1,1413792
7290017065434,false,גבינה גאודה פרוסה הולנדית 200 גר',מחלבות גד שיווק 1992 בעמ,,פרוסות גאודה הולנדית,גרמים,200.00,100 גרם,false,,20.90,0.1045,true,1,1413802
7290017094830,false,סלט גזר ברוטב פיקנטי אסלי שמיר 400 ג',"סלטי שמיר 2006 בע""מ",,סלט גזר ברוטב פיקנטי,גרמים,400.00,100 גרם,false,,12.90,0.0323,true,1,1438149
7290017094847,false,סלט תפוחי אדמה אסלי שמיר 400 ג',"סלטי שמיר 2006 בע""מ",,סלט תפוח אדמה אסלי 4,גרמים,400.00,100 גרם,false,,11.90,0.0298,true,1,1438150
7290017105468,false,מארז שלישייה אפונה קטנה יכין 3*200 גר,קשקמט קונסרב הונגריה,,אפונה שלשות יכין 420,גרמים,420.00,100 גרם,false,,11.90,0.0283,true,1,1427739
7290017121048,false,"פלפל צ'ומה 250 גרם ""עללחם""",שטראוס גרופ בעמ/מצונן,,פלפל צ'ומה עללחם 250,גרמים,250.00,100 גרם,false,,13.90,0.0556,true,1,1425680
7290017121086,false,"אריסה ביתית מתוקה עללחם, 250 גרם",שטראוס גרופ בעמ/מצונן,,אריסה ביתית מתוקה על,גרמים,250.00,100 גרם,false,,13.90,0.0556,true,1,1438820
7290017121093,false,"אריסה חריפה 250 גרם ""עללחם""","מדשא תעשיות מזון בע""\מ",,אריסה חריפה עללחם 25,גרמים,250.00,100 גרם,false,,13.90,0.0556,true,1,1425681
7290017129495,false,אגו מיקס כדורי תירס מצופים שוקולד חלב כרמית 55 גרם,כרמית תעשיות ממתקים בעמ,,אגו מיקס כדורי תירס,גרמים,55.00,100 גרם,false,,3.90,0.0709,true,1,1408008
7290017129532,false,סוכריות לקקן תות 90 גרם כרמית,כרמית תעשיות ממתקים בעמ,,לקקן תות 90 גרם,יחידה,10.00,יחידה,false,,4.90,0.4900,true,1,1408012
7290017129754,false,"שוקולד מריר מעולה 70% מוצקי קקאו 100 גר בד""ץ",כרמית תעשיות ממתקים בעמ,,שוקולד מריר מעולה 70,גרמים,100.00,100 גרם,false,,7.90,0.0790,true,1,1408019
7290017129839,false,שוקולד פרימיום 70% מריר בטעם פטל כרמית 100 גרם,כרמית תעשיות ממתקים בעמ,,שוקולד מריר מעולה 70,גרמים,100.00,100 גרם,false,,7.90,0.0790,true,1,1408026
7290017142609,false,"תרסיס שמן זית בטעם לימון עץ הזית 150 מ""ל",סוגת תעשיות בעמ,,תרסיס שמן זית בטעם ל,מיליליטרים,150.00,"100 מ""ל",false,,18.90,0.1260,true,1,1441041
7290017189192,false,"אדממה פולי סויה 1 ק""ג",משק ויילר,,"פולי סויה אדממה 1 ק""",קילוגרמים,1.00,"ק""ג",false,,15.90,15.9000,true,1,1439306
7290017189277,false,קרפ הולנדי אפוי 600ג רמי לוי,,,קרפ הולנדי אפוי 600,גרמים,600.00,100 גרם,false,,20.90,0.0348,true,1,1413858
7290017197067,false,מגבונים בייבי בישום עדין 100 יח רמי לוי,,,מגבונים לחים בייבי,יחידה,1.00,יחידה,false,,5.90,5.9000,true,1,1415639
7290017197388,false,מגבונים הפי דייז מבושם 72*6 רמי לוי,,,מגבונים לחים הפי דיי,יחידה,6.00,יחידה,false,,21.90,3.6500,true,1,1415643
7290017197395,false,מגבונים הפי דייז ללא בישום 72*6 רמי לוי,,,מגבונים לחים הפי דיי,יחידה,6.00,יחידה,false,,21.90,3.6500,true,1,1415644
7290017197425,false,מגבונים בייבי מבושם 4*72 רמי לוי,,,מגבונים לחים ללא ביש,יחידה,4.00,יחידה,false,,15.90,3.9750,true,1,1429103
7290017197432,false,מגבונים בייבי ללא בישום 4*72 רמי לוי,,,מגבונים לחים ללא ביש,יחידה,4.00,יחידה,false,,15.90,3.9750,true,1,1429104
7290017197449,false,מגבונים בייבי לעור רגיש 4*72 רמי לוי,,,מגבונים לחים ללא ביש,יחידה,4.00,יחידה,false,,15.90,3.9750,true,1,1415645
7290017197517,false,שמפו נועה לשיער רגיל 750 מל רמי לוי,,,נועה שמפו לשיער רגיל,מיליליטרים,750.00,"100 מ""ל",false,,8.90,0.0119,true,1,1415647
7290017197524,false,שמפו נועה לשיער רגיל מרוקאי 750 מל רמי לוי,,,נועה שמפו לשיער רגיל,מיליליטרים,750.00,"100 מ""ל",false,,8.90,0.0119,true,1,1415648
7290017197531,false,מרכך נועה לשיער יבש 750 מל רמי לוי,,,נועה מרכך לשיער יבש,מיליליטרים,750.00,"100 מ""ל",false,,8.90,0.0119,true,1,1415649
7290017197548,false,מרכך נועה מרוקאי לשיער רגיל 750 מל רמי לוי,,,נועה מרכך לשיער רגיל,מיליליטרים,750.00,"100 מ""ל",false,,8.90,0.0119,true,1,1415650
7290017197616,false,אל סבון בניחוח פירות 1 ליטר,,,אל סבון בניחוח פירות,מיליליטרים,1000.00,"100 מ""ל",false,,8.90,0.0089,true,1,1429343
7290017197623,false,אל סבון בניחוח לבנדר 1 ליטר,,,אל סבון בניחוח לבנדר,מיליליטרים,1000.00,"100 מ""ל",false,,8.90,0.0089,true,1,1429344
7290017197647,false,אל סבון בניחוח מאסק 1 ליטר,,,אל סבון בניחוח מאסק,מיליליטרים,1000.00,"100 מ""ל",false,,8.90,0.0089,true,1,1429345
7290017197654,false,מטליות לחות לניקוי ר,,,מטליות לחות לניקוי ר,יחידה,10.00,יחידה,false,,9.90,0.9900,true,1,1415652
7290017197685,false,שלישייה מגבוני טואלט לחים,,,מגבוני נייר טואלט רמ,יחידה,3.00,יחידה,false,,10.90,3.6333,true,1,1415654
7290017197944,false,סבון קצף לידיים אלוורה,,,סבון קצף לידיים מועש,מיליליטרים,500.00,"100 מ""ל",false,,7.90,0.0158,true,1,1415656
7290017197951,false,סבון קצף לידיים 500מל רמילוי,,,סבון קצף לידיים מועש,מיליליטרים,500.00,"100 מ""ל",false,,7.90,0.0158,true,1,1415657
7290017266312,false,וופל מילוי קרם בטעם שוקולד 150 גרם,ח.כהן סוכנות מזון ומשקאות בע,,וופל אייר במילוי קרם,גרמים,150.00,100 גרם,false,,3.50,0.0233,true,1,1413309
7290017266725,false,מארז וופל במילוי קרם בטעם שוקולד 12 גרם*40 יח',"גילרו בע""מ",,ופל קראנצ' במילוי קר,גרמים,480.00,100 גרם,false,,15.90,0.0331,true,1,1433508
7290017266909,false,וופלים מעולים במילוי קרם בטעם שוקולד SUNי 200 גרם,ח.כהן סוכנות מזון ומשקאות בע,,וופלים מעולים במילוי,גרמים,200.00,100 גרם,false,,5.50,0.0275,true,1,1439769
7290017266916,false,וופלים מעולים במילוי קרם בטעם לימון SUNי 200 גרם,ח.כהן סוכנות מזון ומשקאות בע,,וופלים מעולים במילוי,גרמים,200.00,100 גרם,false,,5.50,0.0275,true,1,1439770
7290017291093,false,סלק אדום מקולף רמי ל,,,סלק אדום מקולף רמי ל,יחידה,1.00,יחידה,false,,5.90,5.9000,true,1,1431312
7290017291123,false,שום ארוז יבוא,",חברת יוסף אופנהימר 1986 בעמ",,שום ארוז יבוא,יחידה,1.00,יחידה,false,,7.90,7.9000,true,1,1439206
7290017304519,false,חלה חצי מתוקה ארוזה אנג'ל 500 גרם,שלמה א.אנג ל בעמ,,חלה חצי מתוקה ארוזה,גרמים,500.00,100 גרם,false,,13.80,0.0276,true,1,1429095
7290017304885,false,לחם שיפון מחיטה מלאה ללא תוספת סוכר 750 ג' אנג'ל,מאפיית שלמה א. אנג'\ל בע,,לחם שיפון וחיטה מלאה,גרמים,750.00,100 גרם,false,,14.90,0.0199,true,1,1406777
7290017389967,false,ערמונים קלופים 100 גר קליית השקמה,,,ערמונים קלופים שלמים,גרמים,100.00,100 גרם,false,,5.90,0.0590,true,1,1427600
7290017390482,false,מטבעות שוקולד חלב לאפיה 300 גר,,,מטבעות שוקולד חלב לא,גרמים,300.00,100 גרם,false,,10.90,0.0363,true,1,1435332
7290017390512,false,סוכריות גומי נחשים פ,,,סוכריות גומי נחשים ב,גרמים,300.00,100 גרם,false,,10.90,0.0363,true,1,1427614
7290017390567,false,סוכריות גומי נחשים ב,,,סוכריות גומי נחשים ב,גרמים,300.00,100 גרם,false,,10.90,0.0363,true,1,1427619
7290017390574,false,סוכריות גומי טעם אבטיח 300 גר,,,סוכריות גומי מסוכרות,גרמים,300.00,100 גרם,false,,10.90,0.0363,true,1,1427620
7290017390673,false,צימוק בציפוי שוקולד חלב 250 גר,,,צימוק בציפוי שוקולד,גרמים,250.00,100 גרם,false,,16.90,0.0676,true,1,1427630
7290017390680,false,אגוז לוז בציפוי שוקולד מריר 250 גר,,,אגוז לוז בציפוי שוקו,גרמים,250.00,100 גרם,false,,16.90,0.0676,true,1,1427631
7290017390697,false,אגוז לוז בציפוי שוקולד חלב 250 גר,,,אגוז לוז בציפוי שוקו,גרמים,250.00,100 גרם,false,,16.90,0.0676,true,1,1427632
7290017390703,false,שומשום בציפוי שוקולד חלב 250 גר,,,שומשום בציפוי שוקולד,גרמים,250.00,100 גרם,false,,16.90,0.0676,true,1,1427633
7290017390734,false,פקאן בציפוי שוקולד לבן 250 גר,,,אגוז פקאן בציפוי שוק,גרמים,250.00,100 גרם,false,,16.90,0.0676,true,1,1427636
7290017390741,false,סוכריות מנטול ירוק 2,,,סוכריות מנטול ירוק 2,גרמים,220.00,100 גרם,false,,10.90,0.0495,true,1,1427637
7290017457727,false,"סוד כחול מרכך כביסה מרוכז20%+בישום 900 מ""ל",גורי שיווק בעמ,,מרכך מרוכז כחול סוד,מיליליטרים,900.00,"100 מ""ל",false,,11.90,0.0132,true,1,1408828
7290017504001,false,פטריות שמפיניון ארוז,ביכורי השדה צפון 1994 ג.ד. בעמ,,פטריות שמפניון ארוז,יחידה,1.00,יחידה,false,,9.90,9.9000,true,1,1420970
7290017504018,false,זוג פטריות שמפניון א,ביכורי השדה צפון 1994 ג.ד. בעמ,,פטריות זוגות לבן (פט,יחידה,1.00,יחידה,false,,17.90,17.9000,true,1,1420971
7290017504025,false,פטריות פורטבלה ברכת קטיף,ביכורי השדה צפון 1994 ג.ד. בעמ,,פטריות פורטבלה א.א (,יחידה,1.00,יחידה,false,,10.90,10.9000,true,1,1420972
7290017504032,false,זוג פטריות שמפניון ו,ביכורי השדה צפון 1994 ג.ד. בעמ,,פטריות זוגות איטלקי,יחידה,1.00,יחידה,false,,17.90,17.9000,true,1,1420973
7290017513782,false,פליפז בייגלה מצופה שוקולד מריר מקוויטיס 140 גרם,תה ויסוצקי (ישראל) בעמ,,FLIPZ - בייגלה מצופה,גרמים,140.00,100 גרם,false,,9.50,0.0679,true,1,1406730
7290017513829,false,תה ירוק לימונית ג'ינג'ר 25 שקיקים בתוספת ויטמין Cּּ+D,תה ויסוצקי (ישראל) בעמ,,תה ירוק לימונית וג'י,גרמים,37.50,100 גרם,false,,24.90,0.6640,true,1,1432091
7290017513850,false,תה ירוק נענע 25 שקיקים בתוספת ויטמינים Cּּ+D,תה ויסוצקי (ישראל) בעמ,,תה ירוק נענע 25 יחיד,גרמים,37.50,100 גרם,false,,24.90,0.6640,true,1,1432092
7290017586007,false,גזר ארוז,ביכורי השדה צפון 1994 ג.ד. בעמ,,גזר ארוז,קילוגרמים,1.00,"ק""ג",true,,4.90,4.9000,true,1,1441498
7290017589565,false,"ברקן, גוורצטרמינר לבן חצי יבש 750 מל",טמפו משקאות בעמ,,יין לבן חצי יבש גווי,מיליליטרים,750.00,"100 מ""ל",false,,32.90,0.0439,true,1,1410747
7290017599250,false,סוכרזית קלאסי 120 גר`שקיות,שטראוס גרופ בע`מ,,סוכרזית קלאסי 120 ש,גרמים,100.00,100 גרם,false,,16.90,0.1690,true,1,1440386
7290017599267,false,סוכרלוז 120 שקיות ממתיק שולחני,שטראוס גרופ בע`מ,,סוכרזית סוכרלוז 120,גרמים,100.00,100 גרם,false,,24.90,0.2490,true,1,1440387
7290017599274,false,סוכרזית סטיוויה 120שקיות 100גרם,"שטראוס גרופ בע""מ",,סוכרזית סטיוויה 120,גרמים,120.00,100 גרם,false,,32.90,0.2742,true,1,1440388
7290017617428,false,סטארקיסט מיקס סלמון עם פסטה ברוטב עגבניות 160 גרם,דיפלומט מפיצים (1968) בעמ**,,סטארקיסט מיקס סלמון,גרמים,160.00,100 גרם,false,,15.90,0.0994,true,1,1439959
7290017641102,false,שוקולד פרימיום 70% ללא סוכר בטעם תפוז 100 גרם,כרמית תעשיות ממתקים בעמ,,שוקולד פרימיום 70% ל,גרמים,100.00,100 גרם,false,,7.90,0.0790,true,1,1408038
7290017641119,false,שוקולד פרימיום 85% מריר כרמית 100 גרם,כרמית תעשיות ממתקים בעמ,,שוקולד פרימיום 85% ב,גרמים,100.00,100 גרם,false,,7.90,0.0790,true,1,1408039
7290017641676,false,"שלישיית שוקולד מריר אגוזים אגו כרמית 255 גרם כשל""פ",כרמית תעשיות ממתקים בעמ,,שוקולד מריר אגוז אגו,גרמים,85.00,100 גרם,false,,10.90,0.1282,true,1,1428128
7290017641690,false,אגו שלשות כשלפ בדצ חלב אגוזים 85ג*3יח*18בקר,כרמית תעשיות ממתקים בעמ,,שוקולד חלב אגוז אגו,גרמים,85.00,100 גרם,false,,10.90,0.1282,true,1,1428130
7290017641737,false,שוקולד פרימיום 70% שברי אגוז כרמית 100 גרם,כרמית תעשיות ממתקים בעמ,,שוקולד 70% שברי אגוז,גרמים,100.00,100 גרם,false,,7.90,0.0790,true,1,1428122
7290017647722,false,"רמת הגולן גמלא בלאנקו, 750 מ""ל י יקב רמת הגולן",היכל היין שקד גולן בעמ,,"גמלא בלאנקו 750 מ""ל",מיליליטרים,750.00,"100 מ""ל",false,,64.90,0.0865,true,1,1439936
7290017677804,false,"רוטב סויה קיקומן ללא חומרים משמרים 444 מ""ל",דיפלומט מפיצים (1968) בעמ**,,רוטב סויה קיקומן 444,מיליליטרים,444.00,"100 מ""ל",false,,20.90,0.0471,true,1,1408238
7290017715315,false,זית צלוי על הגריל 740 גר,מסנוי גידה רעהס,,זית צלוי על הגריל 70,גרמים,700.00,100 גרם,false,,19.90,0.0284,true,1,1421753
7290017744162,false,שימורי דגים שפרוטים מעושנים ברוטב עגבניות 250 גרם,רויאל,,שימורי דגי שפרוטים מ,גרמים,440.00,100 גרם,false,,11.90,0.0270,true,1,1430199
7290017746197,false,לחמניות המבורגר 6יחידות,מאפיית דוידוביץ ובניו בע,,מארז 6 לחמניות המבור,יחידה,6.00,יחידה,false,,16.90,2.8167,true,1,1432853
7290017746258,false,מארז רביעיית לחמניות פרנה,מאפיית דוראל,,פרנה לחם מרוקאי מסור,יחידה,4.00,יחידה,false,,15.50,3.8750,true,1,1433322
7290017746272,false,פיתה בצל 4 יחידות 48,,,פיתה בצל 4 יחידות 48,יחידה,4.00,יחידה,false,,13.90,3.4750,true,1,1434373
7290017746289,false,פיתה זעתר 4 יחידות 4,,,פיתה זעתר 4 יחידות 4,יחידה,4.00,יחידה,false,,13.90,3.4750,true,1,1434374
7290017746326,false,חלה קלועה טייכהולץ א,מאפיית דוידוביץ ובני,,חלה קלועה טייכהולץ א,גרמים,750.00,100 גרם,false,,16.90,0.0225,true,1,1435123
7290017812052,false,יין שיראז-קברנה סוביניון אקסלנס יקבי כרמל,אגודת הכורמים בעמ,,יין אדום יבש אקסלנס,מיליליטרים,750.00,"100 מ""ל",false,,27.20,0.0363,true,1,1417039
7290017812069,false,יין אמרלד ריזלינג שרדונה אקסלנס Excellence,אגודת הכורמים בעמ,,יין לבן חצי יבש אקסל,מיליליטרים,750.00,"100 מ""ל",false,,27.20,0.0363,true,1,1417040
7290017812083,false,מיץ תירוש אדום רמי לוי 1 לי,,,תירוש ענבים אדום רמי,מיליליטרים,1000.00,"100 מ""ל",false,,13.90,0.0139,true,1,1417435
7290017812090,false,מיץ תירוש לבן רמי לוי 1 לי,,,תירוש ענבים לבן רמי,מיליליטרים,1000.00,"100 מ""ל",false,,13.90,0.0139,true,1,1417436
7290017812571,false,מיץ ענבים תירוש אדום 100% טבעי כרמל 1 ליטר,אגודת הכורמים -כרמל מזרחי,,תירוש אדום 1 ליטר,מיליליטרים,1000.00,"100 מ""ל",false,,19.90,0.0199,true,1,1428551
7290017812588,false,מיץ ענבים תירוש לבן 100% טבעי כרמל 1 ליטר,אגודת הכורמים -כרמל מזרחי,,תירוש לבן 1 ליטר,מיליליטרים,1000.00,"100 מ""ל",false,,19.90,0.0199,true,1,1428552
7290017845029,false,פטריות צמד משפחתי(מוגו),ביכורי השדה צפון 1994 ג.ד. בעמ,,פטריות צמד משפחתי (מ,יחידה,1.00,יחידה,false,,17.90,17.9000,true,1,1428445
7290017845203,false,שמפיניון ארוז א.א-מוגו,ביכורי השדה צפון 1994 ג.ד. בעמ,,פטריות א.א (מוג'ו),יחידה,1.00,יחידה,false,,9.90,9.9000,true,1,1420974
7290017864341,false,תפוא למיקרו רמי לוי,,,"תפו""א למיקרו 700 גרם",יחידה,1.00,יחידה,false,,7.90,7.9000,true,1,1428929
7290017864358,false,נענע ארוז רמי לוי,,,נענע ארוז רמי לוי,יחידה,1.00,יחידה,false,,4.90,4.9000,true,1,1432028
7290017864365,false,פטרוזליה ארוז רמי לוי,,,פטרוזיליה ארוז רמי ל,יחידה,1.00,יחידה,false,,4.90,4.9000,true,1,1432029
7290017864372,false,שמיר ארוז רמי לוי,,,שמיר ארוז רמי לוי,יחידה,1.00,יחידה,false,,4.90,4.9000,true,1,1432030
7290017864389,false,כוסברה ארוז רמי לוי,,,כוסברה ארוז רמי לוי,יחידה,1.00,יחידה,false,,4.90,4.9000,true,1,1432031
7290017864396,false,סלרי ארוז רמי לוי,,,סלרי ארוז רמי לוי,יחידה,1.00,יחידה,false,,6.90,6.9000,true,1,1432032
7290017864402,false,עלי מנגולד ארוז רמי לוי,,,עלי מנגולד ארוז רמי,יחידה,1.00,יחידה,false,,6.90,6.9000,true,1,1432033
7290017864419,false,שורש פטרוזיליה ארוז,,,שורש פטרוזיליה ארוז,יחידה,1.00,יחידה,false,,5.90,5.9000,true,1,1432034
7290017864426,false,בצל ירוק ארוז רמי לוי,,,בצל ירוק רמי לוי,יחידה,1.00,יחידה,false,,6.90,6.9000,true,1,1432035
7290017864457,false,סלרי ראש רמי לוי,,,סלרי ראש רמי לוי,יחידה,1.00,יחידה,false,,5.90,5.9000,true,1,1432036
7290017864464,false,לוף פרסה ארוז רמי לוי,,,לוף/כרישה,יחידה,1.00,יחידה,false,,7.90,7.9000,true,1,1428391
7290017872896,false,גלילונית שקיות אשפה L חזקים 44יח,דנשר (1963) בעמ,,גלילונית ש. אשפה L ח,יחידה,44.00,יחידה,false,,22.90,0.5205,true,1,1437459
7290017888033,false,"משקה בננה מלון נענע פרות &ווג 350 מ""ל",יפאורה שותפות מוגבלת לשיווק,,פרוט & וג' בננה מלון,מיליליטרים,330.00,"100 מ""ל",false,,7.80,0.0236,true,1,1407658
7290017888101,false,"שוויפס מוגז עדין אפרסק מארז רביעייה* 330 מ""ל",יפאורה שותפות מוגבלת לשיווק,,שוופס מוגז עדין אפרס,מיליליטרים,1320.00,"100 מ""ל",false,,13.70,0.0104,true,1,1438427
7290017888347,false,מי עדן פקק ספורטאים 500,"מי עדן בע""מ",,מי עדן ספורט 0.5 ליט,מיליליטרים,500.00,"100 מ""ל",false,,3.90,0.0078,true,1,1407665
7290017888729,false,שוופס סודה בקבוק 1 ל',יפאורה שותפות מוגבלת לשיווק,,שוופס סודה 1 ליטר,מיליליטרים,1000.00,"100 מ""ל",false,,4.20,0.0042,true,1,1439035
7290017888972,false,בקבוק מי עדן פקק ספורט 1 ליטר,יפאורה שותפות מוגבלת לשיווק,,מי עדן פקק ספורט 1 ל,מיליליטרים,1000.00,"100 מ""ל",false,,5.20,0.0052,true,1,1430189
7290017928036,false,מאיר בייגל מקלות גריסיני שומשום 175 גרם,מאיר את בייגל,,גריסיני שומשום 175 ג,גרמים,175.00,100 גרם,false,,11.90,0.0680,true,1,1408240
7290017928043,false,מקלות גריסיני קראנץ' מלח מאיר בייגל 175 גרם,מאיר את בייגל,,גריסיני קראנץ' מלח 1,גרמים,175.00,100 גרם,false,,11.90,0.0680,true,1,1408241
7290017928098,false,בייגלה שטוח מלח 330 גר` מאיר בייגל,מאיר את בייגל,,שטוחלה מלח מאיר בייג,גרמים,330.00,100 גרם,false,,11.90,0.0361,true,1,1437036
7290017928432,false,מקלות גריסיני קראנץ' פרג מאיר בייגל 175 גרם,מאיר את בייגל,,גריסיני קראנץ' פרג 1,גרמים,175.00,100 גרם,false,,11.90,0.0680,true,1,1429251
7290017928463,false,מאיר בייגל -סמאש-שבורים בטעם דבש חרדל ובצל 300 גרם,דנשר (1963) בעמ,,סמאש- שבורים בטעם דב,גרמים,300.00,100 גרם,false,,14.90,0.0497,true,1,1433590
7290017928630,false,מקלות גריסיני קראנץ' פינוקים מאיר בייגל 175 גרם,מאיר את בייגל,,גריסיני קראנץ' פינוק,גרמים,175.00,100 גרם,false,,11.90,0.0680,true,1,1429252
7290017928661,false,מאיר בייגל -סמאש-שבורים בטעם צ'דר 300 גרם,"דנשר (1963) בע,מ",,סמאש- שבורים בטעם צ',גרמים,300.00,100 גרם,false,,14.90,0.0497,true,1,1433591
7290017947105,false,לחם אנג'ל בסגנון אמריקה 500 גרם,מאפיית שלמה א. אנג'\ל בע,,לחם סגנון אמריקה אנג,גרמים,500.00,100 גרם,false,,12.90,0.0258,true,1,1429186
7290017947372,false,חלה מתוקה ארוזה אנג'ל 500 גרם,שלמה א.אנג ל בעמ,,חלה מתוקה ארוזה 500,גרמים,500.00,100 גרם,false,,13.80,0.0276,true,1,1429098
7290017947457,false,חלה קלועה כוסמין אנג'ל ארוזה 500 גרם,מאפיית שלמה א.אנג'ל,,חלה קלועה כוסמין 500,גרמים,500.00,100 גרם,false,,16.90,0.0338,true,1,1437280
7290017947464,false,שמיניית פיתות כוסמין אנג'ל 8*50 גרם,מאפיית שלמה א.אנג'\ל בע\,,פיתות כוסמין אנג'ל 4,יחידה,8.00,יחידה,false,,14.90,1.8625,true,1,1434502
7290017947495,false,לחמניות כוסמין 6 יח(450 גר`)אנג`ל,"איטיליאן פוד, אס.פי.",,לחמניות כוסמין 6 יחי,יחידה,6.00,יחידה,false,,13.90,2.3167,true,1,1434982
7290017947891,false,לחם אנג'ל כוסמין וחיטה מלאה 750 גרם,מאפיית שלמה א. אנג'\ל בע,,לחם כוסמין וחיטה מלא,גרמים,750.00,100 גרם,false,,14.90,0.0199,true,1,1432127
7290017947921,false,לחמניות המבורגר בסגנון אמריקאי מארז 6 יח',מאפיית שלמה א. אנג'\ל בע,,שישיית לחמניות המבור,גרמים,450.00,100 גרם,false,,12.90,0.0287,true,1,1429187
7290017947938,false,מיני לחמניות המבורגר בסגנון אמריקה 400 ג' אנג'ל,מאפיית שלמה א. אנג'\ל בע,,8 לחמניות המבורגר בס,גרמים,400.00,100 גרם,false,,13.90,0.0348,true,1,1437358
7290017973029,false,קונפיטורה תות שדה רוסמן 900 גרם,"י.א.א עולם הפרי בע""מ",,קונפיטורה תות שדה מע,גרמים,900.00,100 גרם,false,,19.90,0.0221,true,1,1425753
7290017973074,false,קונפיטורה אפרסק רוסמן 900 גרם,"י.א.א עולם הפרי בע""מ",,קונפיטורה אפרסק מעוב,גרמים,900.00,100 גרם,false,,19.90,0.0221,true,1,1421690
7290017973098,false,קונפיטורה שזיף מעובד,,,קונפיטורה שזיף מעובד,גרמים,900.00,100 גרם,false,,19.90,0.0221,true,1,1421692
7290018165447,false,רזרב גולד מרלו ( 750 מל) יקבי ברקן,יקבי ברקן שיווק והפצה בע,,יין אדום חצי יבש קבר,מיליליטרים,750.00,"100 מ""ל",false,,50.20,0.0669,true,1,1434301
7290018192610,false,עגבניות שרי,עגבניות שרי 2 ב 15,,עגבניות שרי,יחידה,1.00,יחידה,false,,8.90,8.9000,true,1,1431374
7290018192658,false,מארז זוג פטריות פורטובלה ושמפיניון מרינה,קונס`-מרינה פטריות הגליל בעמ*ש,,פטריות זוגות איטלקי,יחידה,1.00,יחידה,false,,17.90,17.9000,true,1,1438732
7290018194928,false,"וודקה טראמפ 700 מ""ל כשל""פ",בני פאוזי שמשום (2009) בעמ,,וודקה T כשרה לפסח 70,מיליליטרים,700.00,"100 מ""ל",false,,79.90,0.1141,true,1,1439505
7290018198254,false,"תפוגן קריספי צ'יפס פוטטוס 1.25 ק""ג",קבוצת אוסם סחר שותפות מוגבלת,,תפוגן קריספי צ'יפס פ,גרמים,1250.00,100 גרם,false,,22.90,0.0183,true,1,1436522
7290018237397,false,עוף טוב פסטרמה מקורמלת נתח שלם 8*300 גרם,קבוצת אוסם סחר שותפות מוגבלת,,עוף טוב פסטרמה מקורמ,גרמים,300.00,100 גרם,false,,27.90,0.0930,true,1,1436527
7290018237410,false,עוף טוב פסטרמה במעשנה נתח שלם 8*300 גרם,קבוצת אוסם סחר-שות.מוגבלת,,עוף טוב פסטרמה במעשנ,גרמים,300.00,100 גרם,false,,27.90,0.0930,true,1,1436528
7290018237496,false,פסטרמה בדבש דק דק עוף טוב 200 גרם,קבוצת אוסם סחר-שות.מוגבלת,,דק דק פסטרמה דבש עוף,גרמים,220.00,100 גרם,false,,18.90,0.0859,true,1,1438331
7290018237922,false,שניצלונים ציפוי צ'יפס עוף טוב 700 גרם,קבוצת אוסם סחר שותפות מוגבלת,,שניצלונים ציפוי ציפס,גרמים,700.00,100 גרם,false,,19.90,0.0284,true,1,1439837
7290018237939,false,שניצלונים ציפוי שומשום עוף טוב 700 גרם,קבוצת אוסם סחר שותפות מוגבלת,,שניצלונים ציפוי שומש,גרמים,700.00,100 גרם,false,,19.90,0.0284,true,1,1439838
7290018294208,false,"סלקטדאדום ישראלי יבש כרמל 750 מ""ל",אגודת הכורמים בעמ,,סלקטד אדום ישראלי 75,מיליליטרים,750.00,"100 מ""ל",false,,29.90,0.0399,true,1,1436969
7290018333945,false,חטיף אגוזים רפאלס שקד ווניל בדצ 150 גר *12יח,כרמית תעשיות ממתקים בעמ,,חטיף אגוזים רפאלס שק,גרמים,150.00,100 גרם,false,,14.90,0.0993,true,1,1438372
7290018333952,false,חטיף אגוזים רפאלס וחמוציות בדצ 150 גר *12יח,כרמית תעשיות ממתקים בעמ,,חטיף אגוזים רפאלס וח,גרמים,150.00,100 גרם,false,,14.90,0.0993,true,1,1438373
7290018380482,false,"אורז תאילנדי 1 ק""ג 20X",,,אורז תאילנדי תומר 1,גרמים,1000.00,100 גרם,false,,6.40,0.0064,true,1,1435624
7290018380598,false,פרוסות סלק אדום במי מלח 700 גרם,,,סלק פרוס בצנצת תומר,גרמים,700.00,100 גרם,false,,10.90,0.0156,true,1,1437580
7290018380734,false,דפי בצק פילו משולשים תומר 360 גרם,תומר ייבוא ושיווק מוצרי מזון [,,דפי בצק פילו משולשים,גרמים,360.00,100 גרם,false,,15.90,0.0442,true,1,1441225
7290018440070,false,תרכיז עגבניות בשפורפרת 28BX בלה איטליה 200 ג',תה ויסוצקי (ישראל) בעמ,,תרכיז עגבניות בשפורפ,גרמים,200.00,100 גרם,false,,8.90,0.0445,true,1,1432094
7290018440438,false,Calvo טונה בשמן זית פתיחה קלה 3 * 65 גרם,תה ויסוצקי (ישראל) בעמ,,טונה איזי פליפ בשמן,גרמים,195.00,100 גרם,false,,25.90,0.1328,true,1,1439647
7290018440445,false,טונה קאלוו בשמן זית 160 גר,"קאלוו קונסרבס ס.ל.יו. ,",,טונה בשמן זית קלבו 1,גרמים,160.00,100 גרם,false,,16.90,0.1056,true,1,1439648
7290018440490,false,סלט טונה קאלוו עם קוסקוס 150 גר,"קאלוו קונסרבס ס.ל.יו. ,",,סלט טונה עם קוסקוס ק,גרמים,150.00,100 גרם,false,,14.90,0.0993,true,1,1439650
7290018441886,false,"קרם עוגיות 150 מ""ל - דולצ'ה דה לצ'ה",מוצרי איכות אמריקאים,,דולצ'ה דה לצ'ה 150 מ,מיליליטרים,150.00,"100 מ""ל",false,,9.90,0.0660,true,1,1439286
7290018443040,false,נבטים סיניים (בוסתן,ביכורי השדה צפון 1994 ג.ד. בעמ,,נבטים סינים,יחידה,1.00,יחידה,false,,6.90,6.9000,true,1,1433080
7290018443057,false,נבטי חמניה ברכת קטיף,ביכורי השדה צפון 1994 ג.ד. בעמ,,נבטי חמניה,יחידה,1.00,יחידה,false,,9.90,9.9000,true,1,1433081
7290018443064,false,נבטים אלפלפא שמיטה,ביכורי השדה צפון 1994 ג.ד. בעמ,,נבטי אלפלפא,יחידה,1.00,יחידה,false,,6.90,6.9000,true,1,1433082
7290018443385,false,חסה ייבול נוכרי ברכת קטיף,ביכורי השדה צפון 1994 ג.ד. בעמ,,חסה ייבול נוכרי ברכת,יחידה,1.00,יחידה,false,,6.90,6.9000,true,1,1437273
7290018443736,false,בייבי מיקס רמי לוי 150 גרם,,,בייבי מיקס רמי לוי 1,גרמים,150.00,100 גרם,false,,9.90,0.0660,true,1,1437603
7290018443781,false,רוקט 150 גרם רמי לוי,,,רוקט 150 ג' רמי לוי,גרמים,150.00,100 גרם,false,,9.90,0.0660,true,1,1437608
7290018468319,false,נקניקיה טבעונית בסגנון צוריסוס טירת צבי 400 גרם,תנובה מרכז שיתופי לשיווק תוצרת,,נקניקיה צמחית בסגנון,גרמים,400.00,100 גרם,false,,39.90,0.0997,true,1,1439787
7290018471180,false,משקה פרוט& ווג' אננס תפוח גזר 1 ליטר,יפאורה שותפות מוגבלת לשיווק,,פרוט & ווג' אננס תפו,מיליליטרים,1000.00,"100 מ""ל",false,,13.40,0.0134,true,1,1435179
7290018471197,false,פרוט אנד ווג` תפוח בננה מלון נענע 1 ליטר,יפאורה שותפות מוגבלת לשיווק,,פרוט & ווג' תפוח בננ,מיליליטרים,1000.00,"100 מ""ל",false,,13.20,0.0132,true,1,1435196
7290018471395,false,משקה פרוט& ווג' תפוח רימון ג'ינג'ר 1 ליטר,יפאורה שותפות מוגבלת לשיווק,,פרוט & ווג' תפוח רימ,מיליליטרים,1000.00,"100 מ""ל",false,,13.20,0.0132,true,1,1435197
7290018471401,false,משקה פרוט& ווג' אננס בננה כורכום 1 ליטר,יפאורה שותפות מוגבלת לשיווק,,פרוט & ווג' אננס בננ,מיליליטרים,1000.00,"100 מ""ל",false,,13.40,0.0134,true,1,1435182
7290018471449,false,קרטונית ספרינג שייק בננה תמר תפוז 1 ליטר,יפאורה - שותפות מוגבלת לשיווק,,ספרינג שייק בננה תמר,מיליליטרים,1000.00,"100 מ""ל",false,,13.10,0.0131,true,1,1435619
7290018471456,false,ספרינג שייק אננס מנגו פסיפלורה קרטונית 1 ליטר,יפאורה שותפות מוגבלת לשיווק,,ספרינג שייק אננס מנג,מיליליטרים,1000.00,"100 מ""ל",false,,12.90,0.0129,true,1,1435620
7290018471463,false,תפוזינה נקטר תפוז מנגו קרטונית 1 ליטר,יפאורה שותפות מוגבלת לשיווק,,תפוזינה נקטר תפוז מנ,מיליליטרים,1000.00,"100 מ""ל",false,,7.20,0.0072,true,1,1434740
7290018471470,false,תפוזינה נקטר תפוז פסיפלורה קרטונית 1 ליטר,יפאורה שותפות מוגבלת לשיווק,,תפוזינה נקטר תפוז פס,מיליליטרים,1000.00,"100 מ""ל",false,,7.20,0.0072,true,1,1434741
7290018471487,false,תפוזינה נקטר תפוז אננס קרטונית 1 ליטר,יפאורה שותפות מוגבלת לשיווק,,תפוזינה נקטר תפוז אנ,מיליליטרים,1000.00,"100 מ""ל",false,,7.20,0.0072,true,1,1434742
7290018471494,false,תפוזינה משקה תפוז גזר קרטונית 1 ליטר,יפאורה שותפות מוגבלת לשיווק,,תפוזינה משקה תפוז גז,מיליליטרים,1000.00,"100 מ""ל",false,,7.20,0.0072,true,1,1434743
7290018471548,false,"רביעיית ספרינג ענבים 250 מ""ל",יפאורה שותפות מוגבלת לשיווק,,ספרינג ענבים 4*250 מ,מיליליטרים,1000.00,"100 מ""ל",false,,12.80,0.0128,true,1,1438465
7290018471630,false,שוופס טוניק מלפפון ליים 1 ליטר,יפאורה שותפות מוגבלת לשיווק,,שוופס טוניק מלפפון ל,מיליליטרים,1000.00,"100 מ""ל",false,,9.20,0.0092,true,1,1435186
7290018471692,false,ספרינג שייק בננה אננס קוקוס פירות יער קרטונית 1 ליטר,יפאורה - שותפות מוגבלת לשיווק,,ספרינג שייק בננה אננ,מיליליטרים,1000.00,"100 מ""ל",false,,13.10,0.0131,true,1,1435621
7290018471906,false,שוופס מוגז פירות לימונדה ורודה 1.5 ליטר פיקדון,יפאורה - שותפות מוגבלת לשיווק,,שוופס מוגז פינק למונ,מיליליטרים,1500.00,"100 מ""ל",false,,9.10,0.0061,true,1,1437835
7290018471913,false,משקה מוגז פירות תפוחים שוופס 1.5 ליטר,יפאורה - שותפות מוגבלת לשיווק,,שוופס מוגז תפוחים 1.,מיליליטרים,1500.00,"100 מ""ל",false,,9.30,0.0062,true,1,1437836
7290018471937,false,שוופס מוגז פירות תות ליים 1.5 ליטר פיקדון,יפאורה - שותפות מוגבלת לשיווק,,שוופס מוגז פירות תות,מיליליטרים,1500.00,"100 מ""ל",false,,9.10,0.0061,true,1,1437837
7290018471944,false,שוופס מוגז פירות לימונייד 1.5 ליטר פיקדון,יפאורה - שותפות מוגבלת לשיווק,,שוופס מוגז למונייד 1,מיליליטרים,1500.00,"100 מ""ל",false,,9.10,0.0061,true,1,1437838
7290018500231,false,לחם פרוס וויקאנד אנג'ל 750 גרם,מאפיית שלמה א. אנג'\ל בע,,לחם וויקנד אנג'ל 750,גרמים,750.00,100 גרם,false,,15.90,0.0212,true,1,1440431
7290018517154,false,פופקורן למיקרוגל בטע,RAMSEY,,פופקורן למיקרוגל בטע,גרמים,300.00,100 גרם,false,,9.50,0.0317,true,1,1434730
7290018517291,false,"קליפות הדרים מסוכרות, 100 גרם",נאמן לאורך זמן בעמ,,קליפות הדרים מסוכרות,גרמים,100.00,100 גרם,false,,7.90,0.0790,true,1,1441386
7290018517321,false,"קוואקר שבולת שועל, 500 גרם ""נאמן""",נאמן לאורך זמן בעמ,,שבולת שועל מהיר הכנה,גרמים,500.00,100 גרם,false,,8.50,0.0170,true,1,1439700
7290018517529,false,עוגיות קרם סדנדוויץ חסכוני,נאמן לאורך זמן בעמ,,עוגיות קרם סנדוויץ ח,גרמים,900.00,100 גרם,false,,19.90,0.0221,true,1,1441354
7290018517536,false,עוגיות קרם סנדוויץ צילינדר 150 גרם,נאמן לאורך זמן בעמ,,עוגיות קרם סנדוויץ צ,גרמים,150.00,100 גרם,false,,4.90,0.0327,true,1,1441355
7290018540329,false,שקית פיתה פיתה בלדי 800 ג' אנג'ל,מאפיית שלמה א. אנג'\ל בע,,פיתה פיתה באלדי אנג',יחידה,8.00,יחידה,false,,12.90,1.6125,true,1,1434504
7290018564004,false,גזר גמדי רמילוי 800 גר,,,גזר גמדי 800 גרם רמי,גרמים,800.00,100 גרם,false,,8.90,0.0111,true,1,1434847
7290018564011,false,אפונת גינה רמילוי 800 גר,,,אפונת גינה 800 גרם ר,גרמים,800.00,100 גרם,false,,8.90,0.0111,true,1,1434848
7290018564028,false,אפונה עדינה 600ג רמילוי,,,אפונה עדינה 600 גרם,גרמים,600.00,100 גרם,false,,10.90,0.0182,true,1,1434849
7290018564059,false,שעועית ירוקה שלמה עדינה 600ג רמילוי,,,שעועית ירוקה שלמה עד,גרמים,600.00,100 גרם,false,,10.90,0.0182,true,1,1434852
7290018564066,false,אפונה וגזר רמילוי 800 גר,,,אפונה וגזר 800 גרם ר,גרמים,800.00,100 גרם,false,,9.90,0.0124,true,1,1434853
7290018564073,false,במיה קפוא 600ג רמילוי,,,במיה 600 גרם רמי לוי,גרמים,600.00,100 גרם,false,,8.90,0.0148,true,1,1434854
7290018564110,false,ארטישוק קפוא 400ג רמילוי,,,ארטישוק קפוא 400 גרם,גרמים,400.00,100 גרם,false,,8.90,0.0223,true,1,1434856
7290018564127,false,לקט לקוסקוס רמילוי 800 גר,,,לקט לקוסקוס 800 גרם,גרמים,800.00,100 גרם,false,,11.90,0.0149,true,1,1434857
7290018564134,false,גרעיני תירס 800גר רמי לוי,,,גרעיני תירס 800 גרם,גרמים,800.00,100 גרם,false,,8.90,0.0111,true,1,1434858
7290018564141,false,גרגירי חומוס מבושלים 800גר רמי לוי,,,גרעיני חומוס מבושלים,גרמים,800.00,100 גרם,false,,9.90,0.0124,true,1,1434859
7290018564165,false,כרובית 800גר רמי לוי,,,כרובית 800 גרם רמי ל,גרמים,800.00,100 גרם,false,,9.90,0.0124,true,1,1434861
7290018564172,false,ברוקולי 800גר רמי לוי,,,ברוקולי 800 גרם רמי,גרמים,800.00,100 גרם,false,,14.90,0.0186,true,1,1434862
7290018564202,false,לקט ירקות למרק רמילוי 800 גר,,,לקט ירקות למרק 800 ג,גרמים,800.00,100 גרם,false,,11.90,0.0149,true,1,1434864
7290018564585,false,ירקות חמוצים בטעם חמוץ מתוק 500 גרם,,,ירקות כבושים חמוץ מת,גרמים,500.00,100 גרם,false,,22.90,0.0458,true,1,1436519
7290018708125,false,בארכה חלבה מסולסלת וניל 250 גרם,קבוצת אוסם סחר שותפות מוגבלת,,חלבה מסולסלת וניל בא,גרמים,250.00,100 גרם,false,,14.90,0.0596,true,1,1438334
7290018708132,false,חלבה בארכה וניל פיסטוק ללא סוכר 250גר,קבוצת אוסם סחר-שות.מוגבלת,,חלבה מסולסלת שוקו ונ,גרמים,250.00,100 גרם,false,,14.90,0.0596,true,1,1438335
7290018720004,false,מעדני המלך- עוגיות סנדוויץ תות 150 גרם,סנו מפעלי ברונוס.,,עוגיות סנדוויץ תות 1,גרמים,150.00,100 גרם,false,,3.50,0.0233,true,1,1436608
7290018720011,false,ביסקוויט קרנבל חיות בטעם וניל 250 ג' מעדני מלך,הגביע מוצרי וופלים,,מעדני מלך- קרנבל חיו,גרמים,250.00,100 גרם,false,,6.90,0.0276,true,1,1434615
7290018720028,false,קרנבל אותיות ביסקוויט בטעם חמאה 250 ג' מעדני מלך,הגביע מוצרי וופלים,,מעדני מלך- אותיות 25,גרמים,250.00,100 גרם,false,,6.90,0.0276,true,1,1434616
7290018720103,false,"אפיפיות וופל בטעם שוקו לל""ס הדר 250 גרם",רזיט שיווק בעמ,,וופל ללא סוכר מעדני,גרמים,250.00,100 גרם,false,,8.90,0.0356,true,1,1437192
7290018720189,false,מעדני מלך-ביסקוויט קסטה בטעם שוקו 200 גרם,הגביע,,ביסקוויט קסטה מעדני,גרמים,200.00,100 גרם,false,,6.50,0.0325,true,1,1440852
7290018720219,false,פצפוצי אורז ללא סוכר מעדני מלך 250 גרם,אשבל מזון פונקציונלי,,פצפוצי אורז ללא סוכר,גרמים,250.00,100 גרם,false,,12.90,0.0516,true,1,1440853
7290018720226,false,פצפוצי אורז מעדני מלך 250 גרם,אשבל מזון פונקציונלי,,פצפוצי אורז מעדני מל,גרמים,250.00,100 גרם,false,,12.90,0.0516,true,1,1440854
7290018792841,false,אבקת קקאו טבעי 150 גר` גאנה,תה ויסוצקי (ישראל) בעמ,,אבקת קקאו טבעי גאנה,גרמים,150.00,100 גרם,false,,10.90,0.0727,true,1,1440979
7290018825013,false,"תפו""א אדום תפזורת",3 יחידות,,"תפו""א אדום תפזורת",קילוגרמים,1.00,"ק""ג",true,,5.90,5.9000,true,1,1441499
7290018825211,false,"תפו""א לבן תפזורת",3 יחידות,,"תפו""א לבן תפזורת",קילוגרמים,1.00,"ק""ג",true,,4.90,4.9000,true,1,1441500
7290018835005,false,אקסטרה צ'יפס אורז חום מלא מלח פלפל שמן זית 60 גרם,א.ל. ייצור ושיווק תבלינים בע`מ,,אקסטרה צ'יפס אורז חו,גרמים,60.00,100 גרם,false,,7.20,0.1200,true,1,1437119
7290018878002,false,אגו מיקס קרקר מצופה שוקולד חלב כרמית 55 גרם,כרמית תעשיות ממתקים בעמ,,אגו מיקס קרקר מצופה,גרמים,55.00,100 גרם,false,,3.90,0.0709,true,1,1439757
7290018878170,false,אגו שוקולד מריר 60% מוצקי קקאו 2*100גר,כרמית תעשיות ממתקים בעמ,,זוג שוקולד 60% מריר,גרמים,200.00,100 גרם,false,,9.90,0.0495,true,1,1439749
7290018893005,false,"חטיפי בייגלה אפוי בטעם חרדל ודבש, 160 גרם",ש.שסטוביץ בעמ,,צ'וקטה בייגלה שטוח ח,גרמים,160.00,100 גרם,false,,6.90,0.0431,true,1,1437614
7290018893081,false,עוגות מגולגלות במילוי קרם חלבי וציפוי בטעם שוקולד,ש. שסטוביץ בע`מ,,צ'וקטה עוגות אישיות,גרמים,222.00,100 גרם,false,,8.90,0.0401,true,1,1437545
7290018893098,false,צ'וקטה עוגויות ביסקוויט מצופה שוקולד חלב 100 גרם,דיסטרופר אוליבייר,,ביסקוויט מצופה שוקול,גרמים,100.00,100 גרם,false,,6.90,0.0690,true,1,1438321
7290018893104,false,צ'וקטה עוגויות ביסקוויט מצופה שוקולד מריר 100 גרם,דיסטרופר אוליבייר,,ביסקוויט מצופה שוקול,גרמים,100.00,100 גרם,false,,6.90,0.0690,true,1,1438322
7290018893258,false,צ'וקטה עוגות אישיות במילוי קרם קרמל ובציפוי בטעם שוקולד 300 גרם,פרדי קונדיטוריה אס.פ,,צ'וקטה עוגות אישיות,גרמים,300.00,100 גרם,false,,11.90,0.0397,true,1,1436899
7290018893456,false,צ'וקטה עוגות אישיות במילוי קרם ובציפוי בטעם שוקולד 300 גרם,"פרדי קונדיטוריה אס,פי.אי",,צ'וקטה עוגות אישיות,גרמים,300.00,100 גרם,false,,11.90,0.0397,true,1,1436900
7290018894019,false,עוגות אישיות במילוי קרם חלבי ובציפוי קרם קקאו,ש. שסטוביץ בע`מ,,בלקוני עוגות אישיות,גרמים,350.00,100 גרם,false,,14.90,0.0426,true,1,1438695
7290018894217,false,עוגות אישיות במילוי קרם קקאו ובציפוי קרם קקאו,ש. שסטוביץ בע`מ,,בלקוני עוגות אישיות,גרמים,350.00,100 גרם,false,,14.90,0.0426,true,1,1438697
7290018894408,false,קוביות וופל במילוי קרם אגוזי לוז - חלבי,ש. שסטוביץ בע`מ,,בלקוני וופל קוביות א,גרמים,250.00,100 גרם,false,,11.90,0.0476,true,1,1438698
7290018925065,false,מיץ תפוזים סחוט פרימור (2 ליטר),שטראוס גרופ בעמ/מצונן,,מיץ תפוזים סחוט פרימ,מיליליטרים,2000.00,"100 מ""ל",false,,27.20,0.0136,true,1,1438003
7290018925089,false,"מיץ פרימור תפו""ע צלול סחוט 2 ליטר-",שטראוס גרופ בעמ/מצונן,,מיץ תפוח עץ צלול פרי,מיליליטרים,2000.00,"100 מ""ל",false,,27.20,0.0136,true,1,1438005
7290018972618,false,תומר תמר מגהול לח קפ,,,תומר תמר מגהול לח קפ,גרמים,1000.00,100 גרם,false,,19.90,0.0199,true,1,1439585
7290019036234,false,שיני שום קלופות 200 גרק,ביכורי השדה צפון 1994 ג.ד. בעמ,,שיני שום קלופות 200,גרמים,200.00,100 גרם,false,,13.90,0.0695,true,1,1442525
7290019044000,false,"תפו""א לבן ארוז",,,"תפו""א לבן ארוז",קילוגרמים,1.00,"ק""ג",true,,5.90,5.9000,true,1,1437247
7290019056027,false,שוופס מוגז פירות תפוחים ללא סוכר 1.5 ליטר פיקדון,יפאורה - שותפות מוגבלת לשיווק,,שוופס מוגז פירות ללס,מיליליטרים,1500.00,"100 מ""ל",false,,8.20,0.0055,true,1,1437839
7290019056065,false,שוופס מוגז עדין פירות יער 1.5 ליטר פיקדון,יפאורה - שותפות מוגבלת לשיווק,,שוופס מוגז עדין פירו,מיליליטרים,1500.00,"100 מ""ל",false,,8.80,0.0059,true,1,1437840
7290019056072,false,שוופס מוגז עדין אננס 1.5 ליטר פיקדון,יפאורה - שותפות מוגבלת לשיווק,,שוופס מוגז עדין אננס,מיליליטרים,1500.00,"100 מ""ל",false,,8.80,0.0059,true,1,1437841
7290019056096,false,שוופס מוגז עדין אפרסק 1.5 ליטר פיקדון,יפאורה - שותפות מוגבלת לשיווק,,שוופס מוגז עדין אפרס,מיליליטרים,1500.00,"100 מ""ל",false,,8.80,0.0059,true,1,1437842
7290019056119,false,שוופס סודה 1.5 ליטר פיקדון,יפאורה שותפות מוגבלת לשיווק,,משקה שוופס סודה 1.5,מיליליטרים,1500.00,"100 מ""ל",false,,4.30,0.0029,true,1,1437843
7290019056164,false,שוופס סודה 1.5 ליטר רביעייה פיקדון,יפאורה - שותפות מוגבלת לשיווק,,רביעית שוופס סודה 1.,מיליליטרים,1500.00,"100 מ""ל",false,,12.10,0.0081,true,1,1437844
7290019056171,false,שוופס סודה לימון 1.5 ליטר רביעייה פיקדון,יפאורה - שותפות מוגבלת לשיווק,,סודה בטעם לימון שוופ,מיליליטרים,1500.00,"100 מ""ל",false,,12.10,0.0081,true,1,1437845
7290019056232,false,משקה מוגז בטעם ליים מוחיטו 1.5 ל' שוופס,יפאורה - שותפות מוגבלת לשיווק,,שוופס ליים מוחיטו 1.,מיליליטרים,1500.00,"100 מ""ל",false,,9.10,0.0061,true,1,1437848
7290019056249,false,שוופס מים בטעמים ענבים 1.5 ליטר פיקדון,יפאורה - שותפות מוגבלת לשיווק,,מים בטעם ענבים שוופס,מיליליטרים,1500.00,"100 מ""ל",false,,8.20,0.0055,true,1,1437849
7290019056256,false,שוופס מים בטעמים תפוחים 1.5 ליטר פיקדון,יפאורה - שותפות מוגבלת לשיווק,,מים בטעם תפוח שוופס,מיליליטרים,1500.00,"100 מ""ל",false,,8.20,0.0055,true,1,1439448
7290019056263,false,שוופס מים בטעמים אפרסק 1.5 ליטר פיקדון,יפאורה - שותפות מוגבלת לשיווק,,מים בטעם אפרסק שוופס,מיליליטרים,1500.00,"100 מ""ל",false,,8.20,0.0055,true,1,1437850
7290019056294,false,שוופס ג'ינג'ר אייל 1.5 ליטר פיקדון,יפאורה - שותפות מוגבלת לשיווק,,שוופס ג'ינג'ר 1.5 לי,מיליליטרים,1500.00,"100 מ""ל",false,,12.20,0.0081,true,1,1437851
7290019056300,false,משקה בטעם ביטר לימון 1.5 ל' שוויפס,יפאורה - שותפות מוגבלת לשיווק,,שוופס ביטר 1.5 ליטר,מיליליטרים,1500.00,"100 מ""ל",false,,12.20,0.0081,true,1,1437852
7290019056317,false,משקה בטעם ראשן 1.5 ל' שוופס,יפאורה - שותפות מוגבלת לשיווק,,משקה Russchian שוופס,מיליליטרים,1500.00,"100 מ""ל",false,,12.20,0.0081,true,1,1437853
7290019056324,false,משקה בטעם טוניק 1.5 ל' שוופס,יפאורה - שותפות מוגבלת לשיווק,,שוופס טוניק 1.5 ליטר,מיליליטרים,1500.00,"100 מ""ל",false,,12.20,0.0081,true,1,1437854
7290019056331,false,שוופס טוניק ללא סוכר 1.5 ליטר פיקדון,יפאורה - שותפות מוגבלת לשיווק,,שוופס טוניק ללס 1.5,מיליליטרים,1500.00,"100 מ""ל",false,,12.20,0.0081,true,1,1437855
7290019056355,false,תפוזינה לימונדה מיקס לימונענע 1.5 ליטר,יפאורה - שותפות מוגבלת לשיווק,,תפוזינה לימונענע 1.5,מיליליטרים,1500.00,"100 מ""ל",false,,9.60,0.0064,true,1,1437856
7290019056478,false,ספרינג טי קר אפרסק 1.5ליטר פיקדון,יפאורה - שותפות מוגבלת לשיווק,,ספרינג תה אפרסק 1.5,מיליליטרים,1500.00,"100 מ""ל",false,,8.80,0.0059,true,1,1437859
7290019056485,false,ספריג תה ירוק לימון לואיזה 1.5 ליטר פיקדון,יפאורה - שותפות מוגבלת לשיווק,,ספרינג תה ירוק לימון,מיליליטרים,1500.00,"100 מ""ל",false,,8.20,0.0055,true,1,1437860
7290019056515,false,פרוט ווטר אננס 1.5 ליטר פיקדון,יפאורה - שותפות מוגבלת לשיווק,,משקה בטעם אננס פרוט,מיליליטרים,1500.00,"100 מ""ל",false,,8.80,0.0059,true,1,1437861
7290019056522,false,מים בטעם תות 1.5 ל' פרוט וואטר,יפאורה - שותפות מוגבלת לשיווק,,משקה בטעם תות פרוט ו,מיליליטרים,1500.00,"100 מ""ל",false,,8.80,0.0059,true,1,1437862
7290019056546,false,fruit water פרוט ווטר אבטיח 1.5 ליטר-,יפאורה - שותפות מוגבלת לשיווק,,משקה בטעם אבטיח פרוט,מיליליטרים,1500.00,"100 מ""ל",false,,8.80,0.0059,true,1,1437863
7290019056553,false,שישיית מים מינרלים עין גדי 2 ליטר,יפאורה - שותפות מוגבלת לשיווק,,מים מינרלים עין גדי,ליטרים,12.00,ליטר,false,,13.80,1.1500,true,1,1437864
7290019056560,false,עין גדי מים מינרלים בקבוק 2 ליטר,יפאורה שותפות מוגבלת לשיווק,,עין גדי 2 ליטר בקבוק,מיליליטרים,2000.00,"100 מ""ל",false,,3.80,0.0019,true,1,1438432
7290019056577,false,ספרינג קל מנגו 1.5 ליטר פיקדון,יפאורה - שותפות מוגבלת לשיווק,,ספרינג מנגו 1.5 ליטר,מיליליטרים,1500.00,"100 מ""ל",false,,9.40,0.0063,true,1,1437748
7290019056584,false,משקה קל תפוזים ספרינג 1.5 ליטר,יפאורה - שותפות מוגבלת לשיווק,,משקה קל תפוזים ספרינ,מיליליטרים,1500.00,"100 מ""ל",false,,9.40,0.0063,true,1,1437865
7290019056591,false,משקה קל ענבים ספרינג 1.5 ליטר,יפאורה - שותפות מוגבלת לשיווק,,ספרינג ענבים 1.5 ליט,מיליליטרים,1500.00,"100 מ""ל",false,,9.40,0.0063,true,1,1437866
7290019056614,false,משקה קל אפרסק ספרינג 1.5 ליטר,יפאורה - שותפות מוגבלת לשיווק,,משקה ספרינג אפרסק 1.,מיליליטרים,1500.00,"100 מ""ל",false,,9.10,0.0061,true,1,1437867
7290019056621,false,משקה קל פירות טרופיים ספרינג 1.5 ליטר,יפאורה - שותפות מוגבלת לשיווק,,ספרינג פירות טרופיים,מיליליטרים,1500.00,"100 מ""ל",false,,9.40,0.0063,true,1,1437868
7290019056638,false,משקה קל ספרינג 1.5 ליטר תות בננה,יפאורה - שותפות מוגבלת לשיווק,,ספרינג תות בננה 1.5,מיליליטרים,1500.00,"100 מ""ל",false,,9.40,0.0063,true,1,1437869
7290019056645,false,משקה קל ספרינג 1.5 ליטר אגס תפוח סברס,יפאורה - שותפות מוגבלת לשיווק,,ספרינג אגס סברס תפוח,מיליליטרים,1500.00,"100 מ""ל",false,,9.40,0.0063,true,1,1437870
7290019056652,false,משקה קל ספרינג 1.5 ליטר אננס בננה,יפאורה - שותפות מוגבלת לשיווק,,ספרינג אננס בננה 1.5,מיליליטרים,1500.00,"100 מ""ל",false,,9.40,0.0063,true,1,1437871
7290019056942,false,מים מינרליים טבעיים,יפאורה,,עין גדי 2 ליטר בקבוק,מיליליטרים,2000.00,"100 מ""ל",false,,3.80,0.0019,true,1,1438433
7290019056959,false,מי עדן בקבוק מתכווץ שקט 1.5 מ``ל,יפאורה - שותפות מוגבלת לשיווק,,מי עדן 1.5 ליטר,מיליליטרים,1500.00,"100 מ""ל",false,,4.50,0.0030,true,1,1438434
7290019056966,false,מי עדן בקבוק פיקדון 1.5 ליטר,תבורי-שותפות מוגבלת לשיווק,,מי עדן 1.5 ליטר,מיליליטרים,1500.00,"100 מ""ל",false,,4.50,0.0030,true,1,1438435
7290019056973,false,מי עדן שישיה בק `1.5ליטר פיקדון,יפאורה - שותפות מוגבלת לשיווק,,מים מינרליים מי עדן,מיליליטרים,9000.00,"100 מ""ל",false,,14.70,0.0016,true,1,1437873
7290019153221,false,שוופס סודה בטעם אננס 0.5 ליטר,יפאורה - שותפות מוגבלת לשיווק,,שוופס סודה אננס 0.5,מיליליטרים,500.00,"100 מ""ל",false,,4.90,0.0098,true,1,1439627
7290019153252,false,שוופס סודה תפוח 1.5 ליטר רביעייה פיקדון,יפאורה - שותפות מוגבלת לשיווק,,שוופס סודה תפוח 1.5,מיליליטרים,6000.00,"100 מ""ל",false,,12.10,0.0020,true,1,1439630
7290019153269,false,שוופס סודה אננס 1.5 ליטר רביעייה פיקדון,יפאורה - שותפות מוגבלת לשיווק,,שוופס סודה אננס 1.5,מיליליטרים,6000.00,"100 מ""ל",false,,12.10,0.0020,true,1,1439631
7290019182061,false,מארז 12 כפיות דבש,,,מארז 12 כפיות דבש,גרמים,12.00,100 גרם,false,,19.90,1.6583,true,1,1441281
7290019204008,false,עוף טוב פסטרמה ארבעה פלפלים 350 גרם,קבוצת אוסם סחר שותפות מוגבלת,,פסטרמה ארבעה פלפלים,גרמים,350.00,100 גרם,false,,25.90,0.0740,true,1,1440191
7290019204305,false,חזה הודו פסטרמה ברביקיו 350 גר',קבוצת אוסם סחר שותפות מוגבלת,,פסטרמה ברביקיו עוף ט,גרמים,350.00,100 גרם,false,,25.90,0.0740,true,1,1440194
7290019233008,false,רוטב עגבניות עם קוביות ארטישוק ושמן זית 420ג ויסוצקי,תה ויסוצקי (ישראל) בעמ,,רוטב שקשוקה ארטישוק,גרמים,420.00,100 גרם,false,,13.90,0.0331,true,1,1439734
7290019233022,false,רוטב עגבניות עם קוביות ושמן זית 420ג זיתא,תה ויסוצקי (ישראל) בעמ,,רוטב שקשוקה חצילים ז,גרמים,420.00,100 גרם,false,,13.90,0.0331,true,1,1439736
7290019233039,false,רוטב עגבניות עם קוביות פלפלים ושמן זית 420ג' ויסוצקי,תה ויסוצקי (ישראל) בעמ,,רוטב שקשוקה קלאסית ז,גרמים,420.00,100 גרם,false,,13.90,0.0331,true,1,1439737
7290019297161,false,טורטיה ראפ מקמח תירס שקדיה 450 גרם,דין שיווק וקליה 2021 בעמ,,טורטיה ראפ מקמח תירס,גרמים,450.00,100 גרם,false,,9.90,0.0220,true,1,1435307
7290019297550,false,בוטנים מטוגנים בקוספא 185 גרם,דין שיווק וקליה 2021 בעמ,,בוטנים מטוגנים בקופס,גרמים,185.00,100 גרם,false,,10.90,0.0589,true,1,1435309
7290019297635,false,שקדים קלויים ששון הקולה 150 גרם,דין שיווק וקליה 2021 בעמ,,שקדים קלויים 150 גר',גרמים,150.00,100 גרם,false,,15.90,0.1060,true,1,1435311
7290019297642,false,גרעין שחור קלוי ללא מלח ששון הקולה 150 ג',דין שיווק וקליה 2021 בעמ,,גרעין שחור קלוי ללא,גרמים,150.00,100 גרם,false,,4.90,0.0327,true,1,1441625
7290055090801,false,כרמית שוקולד לבן ללא תוספת סוכר 85 גרם,כרמית תעשיות ממתקים בעמ,,שוקולד לבן חלבי ללס,גרמים,85.00,100 גרם,false,,6.90,0.0812,true,1,1408057
7290100230145,false,בונז`ור חלה מתוקה קלועה,קבוצת אסם סחר שות. מוגבלת,,בונז'ור חלה מתוקה קל,גרמים,550.00,100 גרם,false,,12.90,0.0235,true,1,1428768
7290100235324,false,בונג`ור עוגת בריוש גבינה 550גר,**קבוצת אוסם סחר-שות.מוגבלת,,בונז'ור עוגת בריוש ג,גרמים,550.00,100 גרם,false,,24.90,0.0453,true,1,1428769
7290100235553,false,בונז'ור עוגת בריוש תפוח עם אגוזים 550 ג',**קבוצת אוסם סחר-שות.מוגבלת,,בונז'ור עוגת בריוש ת,גרמים,550.00,100 גרם,false,,24.90,0.0453,true,1,1428770
7290100240632,false,קרקר פתית 200-300ג' 6 דגנים 250 גרם,"יוניליוור ישראל שיווק בע""מ",,פתית 6 דגנים 250 גרם,גרמים,250.00,100 גרם,false,,14.90,0.0596,true,1,1409745
7290100240656,false,"פתית שיפון בד""צ חדש 300X24 גר'",יוניליוור ישראל שיווק בע`מ,,פתית שיפון 300 גרם,גרמים,300.00,100 גרם,false,,14.90,0.0497,true,1,1409746
7290100243671,false,"מרכך כביסה מרוכז אקסטרה כחול בדין 960 מ""ל",יוניליוור ישראל שיווק בע`מ,,מרכך כביסה מרוכז כחו,מיליליטרים,960.00,"100 מ""ל",false,,17.90,0.0186,true,1,1409748
7290100249598,false,רוטב לעוף בטעם שום ודבש קנור (320 גרם),יוניליוור ישראל שיווק בע`מ,,רוטב לעוף שום ודבש ק,גרמים,320.00,100 גרם,false,,10.90,0.0341,true,1,1409770
7290100249659,false,"רוטב לעוף צ'ילי מתוק ושום קנור 320 גרם בד""צ","יוניליוור ישראל שיווק בע""מ",,רוטב לעוף צ'ילי שום,גרמים,320.00,100 גרם,false,,10.90,0.0341,true,1,1409771
7290100680650,false,מנה חמה נודלס-אטריות ירקות טעם תאילנדי אסם 76 ג',קבוצת אוסם סחר שותפות מוגבלת,,מנה חמה נודלס בסגנון,גרמים,76.00,100 גרם,false,,5.90,0.0776,true,1,1407171
7290100680728,false,פירורית רגילה שקית 350 גרם,קבוצת אוסם סחר שותפות מוגבלת,,פירורי לחם לבנים פיר,גרמים,350.00,100 גרם,false,,7.50,0.0214,true,1,1407174
7290100681015,false,אינסטנט פודינג בטעם ריבת חלב אסם 84 גרם,קבוצת אוסם סחר שותפות מוגבלת,,פודינג אינסטנט בטעם,גרמים,84.00,100 גרם,false,,5.50,0.0655,true,1,1407176
7290100685136,false,"אבקת מרק טעם עוף 1 ק""ג 1/8 אסם",קבוצת אוסם סחר שותפות מוגבלת,,מרק בטעם עוף פרווה כ,גרמים,1000.00,100 גרם,false,,14.90,0.0149,true,1,1407189
7290100685341,false,אבקת מרק טעם עוף זך רכיבים טבעיים אסם 400 גרם,קבוצת אוסם סחר שותפות מוגבלת,,מרק בטעם עוף זך מרכי,גרמים,400.00,100 גרם,false,,15.90,0.0398,true,1,1407192
7290100685938,false,עוגת הבית דבש ותפוח עץ עם פירורים 400 גר,קבוצת אוסם סחר-שות.מוגבלת,,הבית עוגת דבש ותפוח,גרמים,400.00,100 גרם,false,,14.90,0.0373,true,1,1407193
7290100687109,false,במבה במילוי קרם נוגט 60ג' אסם,קבוצת אוסם סחר-שות.מוגבלת,,במבה במילוי קרם נוגט,גרמים,60.00,100 גרם,false,,4.90,0.0817,true,1,1407194
7290100700020,false,גריסי פנינה סוגת (500 גרם),האי נאם סי או אל.טי.,,גריסי פנינה סוגת 500,גרמים,500.00,100 גרם,false,,5.90,0.0118,true,1,1414649
7290100700242,false,אורז מלא עגול סוגת (1 קג),"סוגת תעשיות בע""\מ",,אורז מלא עגול סוגת 1,גרמים,1000.00,100 גרם,false,,9.90,0.0099,true,1,1413325
7290100700273,false,קינואה לבנה 500 ג סו,האי נאם סי או אל.טי.,,קינואה סוגת 500 גרם,גרמים,500.00,100 גרם,false,,13.90,0.0278,true,1,1413326
7290100700372,false,"אורז בסגנון בסמטי מלא 1 ק""ג",האי נאם סי או אל.טי.,,אורז בסמטי מלא סוגת,גרמים,1000.00,100 גרם,false,,13.90,0.0139,true,1,1406457
7290100700396,false,"אורז יסמין קלאסי סוגת 1 ק""ג",האי נאם סי או אל.טי.,,אורז יסמין קלאסי סוג,גרמים,1000.00,100 גרם,false,,12.30,0.0123,true,1,1413327
7290100700587,false,"בורגול ""סוגת"" 500 גרם",האי נאם סי או אל.טי.,,בורגול סוגת 500 גרם,גרמים,500.00,100 גרם,false,,5.90,0.0118,true,1,1413328
7290100701454,false,בורגול דק גרישה סוגת (500 גרם),"סוגת תעשיות בע""\מ",,גרישה בורגול דק סוגת,גרמים,500.00,100 גרם,false,,5.90,0.0118,true,1,1414652
7290100702994,false,סוכר דמררה קלאסי בשקית סוגת 500 גרם,"סוגת תעשיות בע""מ",,סוכר דמררה בשקית סוג,גרמים,500.00,100 גרם,false,,5.90,0.0118,true,1,1413336
7290100703007,false,"עדשים שחורות בלוגה 500 גרם ""סוגת""",האי נאם סי או אל.טי.,,עדשים שחורות סוגת 50,גרמים,500.00,100 גרם,false,,7.90,0.0158,true,1,1406491
7290100858592,false,אבקת קקאו עלית שקית 150 ג',הנסיך- מפעל לייצור ט,,שקית קקאו עלית 150 ג,גרמים,150.00,100 גרם,false,,9.90,0.0660,true,1,1416515
7290100926147,false,אבקת כביסה פרסיל קולור שקית 2.5 קג,גורי שיווק בעמ,,פרסיל קולור אבקת כבי,גרמים,2500.00,100 גרם,false,,24.90,0.0100,true,1,1430120
7290101112921,false,"גלידל פרי פירות טרופים לל""ס 8 יחידות",פלקו בעמ חברה ישראלית,,פופסיקל פירות טרופי,גרמים,640.00,100 גרם,false,,24.90,0.0389,true,1,1440098
7290101113430,false,מאגדת גלידל סירופ שוקולד פלדמן 6 יחידות,"פלקו בע""\מ, חברה ישראלית",,שישייה גלידל שוקולד,גרמים,312.00,100 גרם,false,,26.90,0.0862,true,1,1440106
7290101113829,false,מאגדת (5) יופלה שייק פרי מנגו 70 אחוז פרי 350 גרם,פלקו בעמ חברה ישראלית,,מאגדת (5) יופלה שייק,גרמים,350.00,100 גרם,false,,20.90,0.0597,true,1,1440124
7290101113904,false,מארז מנבו וניל 12 יח' פלדמן,פלקו בעמ חברה ישראלית,,מנבו וניל 12 יחידות,גרמים,288.00,100 גרם,false,,22.90,0.0795,true,1,1441619
7290101453895,false,נר מספר - 2 (1X12X60),שמחה זה אנחנו בע`מ,,נר מספר 2,יחידה,1.00,יחידה,false,,2.50,2.5000,true,1,1426239
7290101453963,false,נר מספר - 9 (1X12X60),שמחה זה אנחנו בע`מ,,נר מספר 9,יחידה,1.00,יחידה,false,,2.50,2.5000,true,1,1426244
7290101454069,false,נרות יום הולדת - הלו קיטי(1X24),שמחה זה אנחנו,,נרות יומולדת הלו קיט,יחידה,24.00,יחידה,false,,2.50,0.1042,true,1,1426245
7290101501176,false,פלפלונים רמי לוי,ביכורי השדה הצפון בעמ` 1964,,פלפלונים רמי לוי,יחידה,1.00,יחידה,false,,9.90,9.9000,true,1,1420984
7290101501305,false,מלפפונים קטנים ארוזי,ביכורי השדה הצפון בעמ` 1964,,מלפפון בייבי רמי לוי,יחידה,1.00,יחידה,false,,9.90,9.9000,true,1,1420985
7290101551027,false,קפסולות קפה אספרסו חזק במיוחד 14 עלית 10 יח',הנסיך- מפעל לייצור ט,,קפסולות 14 למכונות N,יחידה,10.00,יחידה,false,,17.90,1.7900,true,1,1416519
7290101551300,false,סילאן טבעי ללא תוספת סוכר בקבוק לחיץ,מכוורת יד מרדכי שטראוס ב,,סילאן טבעי לחיץ 380,גרמים,380.00,100 גרם,false,,14.90,0.0392,true,1,1416520
7290101551539,false,יוגורט PRO בטעם אפרסק 0% 20 גרם חלבון בגביע,שטראוס גרופ בעמ/מצונן,,דנונה פרו 20 גר אפרס,גרמים,200.00,100 גרם,false,,5.90,0.0295,true,1,1405681
7290101551584,false,תפוצ'יפס קידס מארז 10 יח' * 20 ג',"שטראוס פריטו ליי בע""מ )פ",,מארז תפוצ'יפס קידס 1,גרמים,200.00,100 גרם,false,,12.90,0.0645,true,1,1406151
7290101864127,false,ספריי להסרת כתמים וניש קליה (750 מל),רקיט בנקיזר (ניר איסט) בעמ,,ספריי להסרת כתמים או,מיליליטרים,750.00,"100 מ""ל",false,,17.90,0.0239,true,1,1411953
7290101865261,false,נוזל הברקה למדיח כלים פיניש (800 מל),רקיט בנקיזר (ניר איסט) בעמ,,נוזל הברקה למדיח פינ,מיליליטרים,800.00,"100 מ""ל",false,,21.90,0.0274,true,1,1411954
7290101866787,false,וניש קליה נוזל מסיר כתמים לכביסה לבנה 3 ליטר,רקיט בנקיזר (ניר איסט) בעמ,,קליה ג'ל מסיר כתמים,מיליליטרים,3000.00,"100 מ""ל",false,,29.90,0.0100,true,1,1423661
7290101869702,false,"ג 'ל פיניש AIO MAX מרוכז למדיח 600מ""ל",רקיט בנקיזר (ניר איסט) בעמ,,ג'ל מרוכז למדיח פיני,מיליליטרים,600.00,"100 מ""ל",false,,34.90,0.0582,true,1,1421932
7290102030330,false,תפוצ`יפס אקסטרא מקסיקני 200 גרם +20 תו,"שטראוס פריטו ליי בע""\מ )",,תפוצ'פס קראנצ מקסיקנ,גרמים,200.00,100 גרם,false,,10.90,0.0545,true,1,1406164
7290102031276,false,מארז 8 יחידות אקטימל משקה יוגורט בטעם תות בננה,שטראוס גרופ בעמ/מצונן,,אקטימל תות בננה 8*10,מיליליטרים,800.00,"100 מ""ל",false,,20.90,0.0261,true,1,1405697
7290102032334,false,אבקה להכנת משקה קפה בטעם וניל,"שטראוס גרופ בע""מ",,קפה נמס וניל 200 גרם,גרמים,200.00,100 גרם,false,,21.90,0.1095,true,1,1416522
7290102302246,false,גבינת גאודה הולנדית 200 גרם,מיוצר עי קונדיטוריית,,גבינת גאודה בקר 34%,גרמים,200.00,100 גרם,false,,24.90,0.1245,true,1,1437153
7290102302833,false,גאודה פרוסה 150 גר`הגבינות של נני,קאסמאקרי הנרי ויליך,,גאודה בקר פרוסה הגבי,גרמים,150.00,100 גרם,false,,19.90,0.1327,true,1,1437155
7290102302840,false,גאודה עיזים פרוסה 150 גר` הגבינות של נני,מיוצר עי קונדיטוריית,,גבינת גאודה עיזים פר,גרמים,150.00,100 גרם,false,,31.90,0.2127,true,1,1437156
7290102390427,false,יוגורט ביו עם קציפת תות 3% שומן 150 ג' מולר,החברה המרכזית טלהפצת משקאות בע,,יוגורט ביו פרופ קציפ,מיליליטרים,150.00,"100 מ""ל",false,,5.20,0.0347,true,1,1413615
7290102390465,false,יוגורט ביו עם קציפת אפרסק ופסיפלורה 3% שומן 150 ג' מולר,החברה המרכזית טלהפצת משקאות בע,,יוגורט ביו פרופ קציפ,מיליליטרים,150.00,"100 מ""ל",false,,5.20,0.0347,true,1,1413616
7290102390489,false,יוגורט ביו עם קציפת לימון 3% שומן 150 ג' מולר,*החברה המרכזית להפצת משקאותבעמ,,יוגורט ביו פרופ קציפ,גרמים,150.00,100 גרם,false,,5.20,0.0347,true,1,1413617
7290102391844,false,יוגורט ביו עם קציפת פירות יער3% שומן 150 ג' מולר,החברה המרכזית טלהפצת משקאות בע,,יוגורט ביו פרופ קציפ,מיליליטרים,150.00,"100 מ""ל",false,,5.20,0.0347,true,1,1413620
7290102393039,false,"יוגורט ביו קרמי מיקס פצפוצי שוקולד 7.6% מולר 170 מ""ל",*החברה המרכזית להפצת משקאותבעמ,,יוגורט מיקס פצפוצי ש,גרמים,170.00,100 גרם,false,,5.90,0.0347,true,1,1413626
7290102393060,false,"יוגורט ביו קרמי מיקס גלילי ופל ואגוזים 5.9% מולר 170 מ""ל",*החברה המרכזית להפצת משקאותבעמ,,יוגורט מיקס גלילי וו,גרמים,170.00,100 גרם,false,,5.90,0.0347,true,1,1413627
7290102393169,false,"יוגורט סימפלי פרוט בטעם תות 3% מולר 150 מ""ל",*החברה המרכזית להפצת משקאותבעמ,,יוגורט סימפלי פרוט ת,גרמים,150.00,100 גרם,false,,5.10,0.0340,true,1,1413628
7290102393176,false,סימפלי פרוט יוגורט אפרסק 3% שומן 150 ג' מולר,*החברה המרכזית להפצת משקאותבעמ,,יוגורט סימפלי פרוט א,מיליליטרים,150.00,"100 מ""ל",false,,5.10,0.0340,true,1,1413629
7290102393190,false,"יוגורט סימפלי פרוט בטעם פירות יער 3% מולר 150 מ""ל",*החברה המרכזית להפצת משקאותבעמ,,יוגורט סימפלי פרוט פ,מיליליטרים,150.00,"100 מ""ל",false,,5.10,0.0340,true,1,1413630
7290102393268,false,"גבינה לבנה 5% שומן, רכיבים טבעיים 750 גרם",*החברה המרכזית להפצת משקאותבעמ,,גבינה לבנה 5% טרה 75,גרמים,750.00,100 גרם,false,,14.25,0.0190,true,1,1413631
7290102393718,false,גבינת חלומי מחלב בקר 28% משק צוריאל 200 גרם,*החברה המרכזית להפצת משקאותבעמ,,גבינת חלומי מחלב בקר,גרמים,200.00,100 גרם,false,,19.90,0.0995,true,1,1434389
7290102393855,false,יוגורט עיזים 2.5% עם אפרסק משק צוריאל 150 גרם,*החברה המרכזית להפצת משקאותבעמ,,יוגורט עיזים עם אפרס,גרמים,150.00,100 גרם,false,,6.10,0.0407,true,1,1413636
7290102393947,false,סימפלי פרוט יוגורט בטעם קיווי 3% שומן 150 ג' מולר,*החברה המרכזית להפצת משקאותבעמ,,יוגורט סימפלי פרוט ק,גרמים,150.00,100 גרם,false,,5.10,0.0340,true,1,1413637
7290102394821,false,גבינה צהובה 28% דק דק לפתיחה חוזרת 200,החברה המרכזית טלהפצת משקאות בע,,פרוסות גבינה צהובה 2,גרמים,200.00,100 גרם,false,,15.80,0.0790,true,1,1413642
7290102394845,false,נעם גבינה צהובה לייט פרוסה דק דק 9% טרה 200 גרם,*החברה המרכזית להפצת משקאותבעמ,,פרוסות גבינה צהובה 9,גרמים,200.00,100 גרם,false,,17.00,0.0850,true,1,1413643
7290102395101,false,ממרח גבינה ושוקולד מוו טרה 200 גרם,החברה המרכזית טלהפצת משקאות בע,,ממרח גבינה ושוקולד מ,גרמים,200.00,100 גרם,false,,11.50,0.0575,true,1,1413644
7290102395446,false,מעדן חלב בטעם וניל עם קצפת 123 ג' טרה,*החברה המרכזית להפצת משקאותבעמ,,מוו וניל וקצפת 123 ג,גרמים,123.00,100 גרם,false,,2.90,0.0236,true,1,1413649
7290102395477,false,מעדן חלב בטעם שוקולד עם קצפת 123 ג' טרה,*החברה המרכזית להפצת משקאותבעמ,,מוו שוקולד קצפת 123,גרמים,123.00,100 גרם,false,,2.90,0.0236,true,1,1413651
7290102395521,false,"שמנת לבישול 15% שומן 500 מ""ל טרה",החברה המרכזית טלהפצת משקאות בע,,שמנת לבישול 15% עם פ,מיליליטרים,500.00,"100 מ""ל",false,,16.20,0.0324,true,1,1413652
7290102396436,false,מעדן בטעם שוקולד 1.5% שומן מוו (125 גרם),*החברה המרכזית להפצת משקאותבעמ,,מוו מעדן חלב שוקולד,גרמים,125.00,100 גרם,false,,2.90,0.0232,true,1,1413656
7290102396443,false,מעדן בטעם וניל 1.5% שומן מוו (125 גרם),*החברה המרכזית להפצת משקאותבעמ,,מוו מעדן חלב וניל 1.,גרמים,125.00,100 גרם,false,,2.90,0.0232,true,1,1413657
7290102396580,false,מעדן מוו שוקולד ומוס שוקולד טרה 118 גרם,החברה המרכזית טלהפצת משקאות בע,,מעדן מוו שוקולד ומוס,גרמים,118.00,100 גרם,false,,2.90,0.0246,true,1,1413659
7290102396597,false,מעדן מוו וניל ומוס שוקולד טרה 118 גרם,*החברה המרכזית להפצת משקאותבעמ,,מעדן מוו וניל ומוס ש,גרמים,118.00,100 גרם,false,,2.90,0.0246,true,1,1413660
7290102396665,false,צהובה פרוסות דקדק פתח סגור 15% 200 גר`,*החברה המרכזית להפצת משקאותבעמ,,פרוסות גבינה חצי קשה,גרמים,200.00,100 גרם,false,,15.90,0.0795,true,1,1413661
7290102397204,false,גבינה צהובה נעם דק דק פתח סגור 200 גר,*החברה המרכזית להפצת משקאותבעמ,,פרוסות גבינה צהובה 2,גרמים,200.00,100 גרם,false,,16.10,0.0805,true,1,1413678
7290102397334,false,גבינה בולגרית גלילית 5% משק צוריאל 250 גרם,החברה המרכזית טלהפצת משקאות בע,,בולגרית גלילית 5% 25,גרמים,250.00,100 גרם,false,,22.50,0.0900,true,1,1413680
7290102397464,false,יוגורט ביו בתוספת גרעינים אגוזים וחמוציות 170 ג' מולר,החברה המרכזית טלהפצת משקאות בע,,יוגורט ביו נטורל פקא,גרמים,170.00,100 גרם,false,,5.90,0.0347,true,1,1413685
7290102397600,false,מיקס יוגורט בתוספת שקדים ובוטנים מקורמלים 170 ג' מולר,החברה המרכזית טלהפצת משקאות בע,,יוגורט ביו מיקס שקדי,גרמים,170.00,100 גרם,false,,5.90,0.0347,true,1,1413687
7290102397617,false,יוגורט ביו קרמי עם כדורים מצופים שוקולד חום לבן,*החברה המרכזית להפצת משקאותבעמ,,יוגורט ביו מיקס ביו,גרמים,180.00,100 גרם,false,,5.90,0.0328,true,1,1413688
7290102397679,false,קוטג' וחצי טרה 5% מרכיבים טבעיים,*החברה המרכזית להפצת משקאותבעמ,,קוטג' וחצי 5% 375 גר,גרמים,375.00,100 גרם,false,,7.70,0.0205,true,1,1413689
7290102397891,false,גבינה ניו יורק מותכת %16 4*25 גרם,החברה המרכזית טלהפצת משקאות בע,,גבינה מותכת 100 גרם,גרמים,100.00,100 גרם,false,,7.70,0.0770,true,1,1413692
7290102398065,false,חלב טרה בקרטון 2 ליטר מהדרין 3% - מוצר בפיקוח,*החברה המרכזית להפצת משקאותבעמ,,חלב בקרטון 3% מהדרין,מיליליטרים,2000.00,"100 מ""ל",false,,12.46,0.0062,true,1,1413696
7290102398331,false,חלב מועשר דל לקטוז 2% שומן טרה 1 ליטר,*החברה המרכזית להפצת משקאותבעמ,,חלב 1 ליטר מועשר דל,מיליליטרים,1000.00,"100 מ""ל",false,,8.00,0.0080,true,1,1413707
7290102398560,false,משקה שוקו מועשר בבקבוק 1 ליטר טרה,החברה המרכזית טלהפצת משקאות בע,,שוקו טרה מועשר בבקבו,מיליליטרים,1000.00,"100 מ""ל",false,,11.90,0.0119,true,1,1413713
7290102398614,false,משקה חלב טרה ט. בננה 1ליטר בקבוק,*החברה המרכזית להפצת משקאותבעמ,,משקה חלב בטעם בננה 1,מיליליטרים,1000.00,"100 מ""ל",false,,11.90,0.0119,true,1,1413715
7290102398782,false,.משקה סויה קלאסי 1ל בקבוק משק צוריא,*החברה המרכזית להפצת משקאותבעמ,,משקה סויה קלאסי צורי,מיליליטרים,1000.00,"100 מ""ל",false,,10.90,0.0109,true,1,1413719
7290102398799,false,משקה סויה במתיקות מופחתת משק צוריאל 1 ליטר,החברה המרכזית טלהפצת משקאות בע,,משקה סויה במתיקות מו,מיליליטרים,1000.00,"100 מ""ל",false,,10.90,0.0109,true,1,1413720
7290102398805,false,משקה סויה בטעם וניל 1ל בקבוק משק צוריא,החברה המרכזית טלהפצת משקאות בע,,משקה סויה בטעם וניל,מיליליטרים,1000.00,"100 מ""ל",false,,10.90,0.0109,true,1,1423976
7290102399772,false,מולר ספרדבל-ממרח חמאת מולר במליחות עדינה 250 גרם,החברה המרכזית טלהפצת משקאות בע,,ממרח חמאה מולר במליח,גרמים,250.00,100 גרם,false,,17.90,0.0716,true,1,1430011
7290102399789,false,מולר ספרדבל-ממרח חמאת מולר ללא מלח 250 גרם,החברה המרכזית טלהפצת משקאות בע,,ממרח חמאה מולר ללא מ,גרמים,250.00,100 גרם,false,,17.90,0.0716,true,1,1430012
7290102841899,false,אבקה להכנת פלאפל 180 גרם,נאמן לאורך זמן בעמ,,תערובת להכנת פלאפל 1,גרמים,180.00,100 גרם,false,,11.90,0.0661,true,1,1431552
7290103129378,false,ספיד סטיק - דאודורנט ג'ל לגבר איקס 5 85 גרם,הנסיך- מפעל לייצור ט,,דאודורנט ג'ל איקס 5,גרמים,51.00,100 גרם,false,,19.90,0.3902,true,1,1414237
7290103401429,false,קפה קצב ברזילאי אוריגינס 200 גר,הנסיך- מפעל לייצור ט,,קפה פלטינום ברזילאי,גרמים,200.00,100 גרם,false,,24.90,0.1245,true,1,1416527
7290103404758,false,סלט כרוב אדום במיונז אחלה 120 גרם,שטראוס גרופ בעמ/מצונן,,סלט כרוב אחלה 120 גר,גרמים,120.00,100 גרם,false,,4.90,0.0408,true,1,1405700
7290103702533,false,מגבות נייר כפול 6 יח רמילוי,,,מגבות נייר כפול 6 יח,יחידה,6.00,יחידה,false,,19.90,3.3167,true,1,1417473
7290103702540,false,נייר טואלט מהדרות כדור פורח 30 גלילים טאצ',שניב תעשיות נייר בעמ,,נייר טואלט כדור פורח,יחידה,30.00,יחידה,false,,24.90,0.8300,true,1,1442594
7290103702939,false,נייר טואלט גליל כפול 16 רמילוי,,,נייר טואלט רמי לוי 1,יחידה,16.00,יחידה,false,,29.90,1.8687,true,1,1417474
7290104061417,false,סלט חומוס עם טחינה אחלה 400 גרם,שטראוס גרופ בעמ/מצונן,,סלט חומוס וטחינה אחל,גרמים,400.00,100 גרם,false,,10.90,0.0273,true,1,1405701
7290104061424,false,סלט חומוס עם זעתר אחלה 400 גרם,שטראוס גרופ בעמ/מצונן,,סלט חומוס וזעתר אחלה,גרמים,400.00,100 גרם,false,,10.90,0.0273,true,1,1405702
7290104061431,false,סלט חומוס עם צנובר אחלה 400 גרם,שטראוס גרופ בעמ/מצונן,,חומוס עם צנובר אחלה,גרמים,400.00,100 גרם,false,,10.90,0.0273,true,1,1405703
7290104061448,false,סלט חומוס עם חריף אחלה 400 גרם,שטראוס גרופ בעמ/מצונן,,סלט חומוס וחריף אחלה,גרמים,400.00,100 גרם,false,,10.90,0.0273,true,1,1405704
7290104066566,false,סלט טחינה שומשום מלא 500גר אחלה,שטראוס גרופ בעמ/מצונן,,טחינה 500 גרם,גרמים,500.00,100 גרם,false,,14.90,0.0298,true,1,1405707
7290104067693,false,חומוס אחלה עם תוספת חריף 150 גר,שטראוס גרופ בעמ/מצונן,,חומוס חריף אחלה 150,גרמים,150.00,100 גרם,false,,5.50,0.0367,true,1,1405709
7290104068539,false,מאסט פליפטופ מלון ואבטיח ללא גרעינים,שטראוס גרופ בע`מ,,מאסט מלון אבטיח כשלפ,גרמים,28.00,100 גרם,false,,4.50,0.1607,true,1,1416537
7290104068546,false,גומי מאסט בטעם לימון קולה ללא סוכר 28 ג' עלית,שטראוס גרופ בע`מ,,מאסט קולה לימון ללא,גרמים,28.00,100 גרם,false,,4.50,0.1607,true,1,1416538
7290104364433,false,בונבוניירה חלון לב 1,,,בונבוניירה חלון לב 1,גרמים,120.00,100 גרם,false,,15.90,0.1325,true,1,1441282
7290104500572,false,אפרופו חטיף תירס איטליאנו אסם 50 גרם,קבוצת אוסם סחר-שות.מוגבלת,,אפרופו איטליאנו אסם,גרמים,50.00,100 גרם,false,,4.90,0.0980,true,1,1407198
7290104501661,false,אינסטנט פודינג בטעם וניל צרפתי אסם 80 גרם,קבוצת אוסם סחר-שות.מוגבלת,,פודינג אינסטנט בטעם,גרמים,80.00,100 גרם,false,,4.90,0.0613,true,1,1407199
7290104508943,false,במבה חטיף בוטנים אסם 200 גרם,קבוצת אוסם סחר-שות.מוגבלת,,במבה קלאסי 200 גרם,גרמים,200.00,100 גרם,false,,8.90,0.0445,true,1,1407206
7290104509247,false,בונג`ור עוגת קראנץ ט.שוקולד עדיר 650גר,**קבוצת אוסם סחר-שות.מוגבלת,,עוגת קראנץ שוקולד בו,גרמים,650.00,100 גרם,false,,20.90,0.0322,true,1,1407207
7290104509353,false,עוגת בריוש פרג 550 גר`בונז`ור,**קבוצת אוסם סחר-שות.מוגבלת,,עוגת בריוש פרג בונז',גרמים,550.00,100 גרם,false,,20.90,0.0380,true,1,1428774
7290104570131,false,תמר מג'הול ששון ושות,,,תמר מג'הול ששון ושות,יחידה,1.00,יחידה,false,,19.90,19.9000,true,1,1406430
7290104570162,false,תמרים ללא חרצנים בואקום 500 גרם,מ.ד אטיאס סוכנויות מזון בע`מ,,תמרים ללא חרצנים בוא,גרמים,500.00,100 גרם,false,,13.90,0.0278,true,1,1414620
7290104722530,false,תפוצ'יפס בטעם שמנת בצל עלית 200 גרם,"שטראוס פריטו ליי בע""\מ )",,תפוציפס שמנת בצל 200,גרמים,200.00,100 גרם,false,,10.90,0.0545,true,1,1406167
7290104726262,false,רביעייה מעדן דני שוקולד דיסני לבנים 125 גרם,שטראוס גרופ בעמ/מצונן,,דני בטעם שוקולד לשתי,גרמים,500.00,100 גרם,false,,10.90,0.0218,true,1,1405714
7290104726712,false,מארז 8 יחידות מעדן מילקי בטעם שוקולד עם קצפת,שטראוס גרופ בעמ/מצונן,,מארז 8 מילקי בטעם שו,גרמים,1064.00,100 גרם,false,,19.90,0.0187,true,1,1405715
7290104728310,false,"שמנת מתוקה עמידה 38% שומן ""יטבתה"" -מוצר בפיקוח",שטראוס גרופ בעמ/מצונן,,שמנת להקצפה 38% יטבת,מיליליטרים,250.00,"100 מ""ל",false,,6.47,0.0259,true,1,1405718
7290104960239,false,תחליב רחצה בניחוח קמומיל נקה (7507 מל),טרופיקל דגיל תעשיות קוסמ,,נקה 7 ת.רחצה לבן - ק,מיליליטרים,750.00,"100 מ""ל",false,,12.90,0.0172,true,1,1410175
7290105360250,false,קפסולות 09 עשיר וארומטי למכונת נספרסו עלית 10יח',הנסיך- מפעל לייצור ט,,קפסולות 09 למכונות N,יחידה,10.00,יחידה,false,,17.90,1.7900,true,1,1405720
7290105360328,false,קפסולות אספרסו חזק למכונות נספרסו 10 יח',הנסיך- מפעל לייצור ט,,קפסולות 10 למכונות N,יחידה,10.00,יחידה,false,,17.90,1.7900,true,1,1416544
7290105360335,false,קפסולות אספרסו למכונות נספרסו 50 גר,הנסיך- מפעל לייצור ט,,קפסולות 07 למכונות N,יחידה,10.00,יחידה,false,,17.90,1.7900,true,1,1416545
7290105360755,false,"שמן זית 3 חזק 750 מ""ל יד מרדכי",מכוורת יד מרדכי שטראוס ב,,"שמן זית 3 חזק 750 מ""",מיליליטרים,750.00,"100 מ""ל",false,,33.90,0.0452,true,1,1416546
7290105360762,false,"שמן זית 1 עדין 750 מ""ל יד מרדכי",מכוורת יד מרדכי שטראוס ב,,שמן זית 1 עדין 750 מ,מיליליטרים,750.00,"100 מ""ל",false,,33.90,0.0452,true,1,1416547
7290105360878,false,תפוציפס טבעי 50 גרם מארז רביעייה,"שטראוס פריטו ליי בע""\מ )",,תפוצ'יפס טבעי עלית 4,גרמים,200.00,100 גרם,false,,11.90,0.0595,true,1,1406169
7290105362339,false,"שמנת לבישול 15% 250 מ""ל יטבתה מהדרין",שטראוס גרופ בעמ/מצונן,,שמנת לבישול 15% יטבת,מיליליטרים,250.00,"100 מ""ל",false,,7.90,0.0316,true,1,1405721
7290105363602,false,מקלות כיף כף קלאסי עלית (40 גרם),שולן צ'\יקולטה גידה סאן.,,כיף כף מקלות קלאסי 4,גרמים,40.00,100 גרם,false,,4.90,0.1225,true,1,1416550
7290105364302,false,"עלית חטיף שוקולד כיף כף מקלות אגוזים, 40 גרם",שולן צ'\יקולטה גידה סאן.,,כיף כף מקלות אגוזים,גרמים,40.00,100 גרם,false,,4.90,0.1225,true,1,1416552
7290105364678,false,"אקטיביה משקה יוגורט בטעם אפרסק שטראוס 250 מ""ל",שטראוס גרופ בעמ/מצונן,,משקה אקטיביה אפרסק 1,מיליליטרים,250.00,"100 מ""ל",false,,4.90,0.0196,true,1,1405722
7290105366023,false,סלט חצילים בטעם כבד אחלה 400 גרם,שטראוס גרופ בעמ/מצונן,,חציל בטעם כבד 400 גר,גרמים,400.00,100 גרם,false,,15.90,0.0398,true,1,1405723
7290105366047,false,טחינה לבנה אחלה (400 גרם),שטראוס גרופ בעמ/מצונן,,טחינה לבנה 400 גר,גרמים,400.00,100 גרם,false,,15.90,0.0398,true,1,1405724
7290105366993,false,סימפוניה גבינת שמנת פלפל שיפקה 5% שטראוס 200 גרם,שטראוס גרופ בעמ/מצונן,,גבינת סימפוניה פילפל,גרמים,200.00,100 גרם,false,,11.00,0.0550,true,1,1405726
7290105368225,false,חומוס עם פלפל שיפקה אחלה (400 גרם),שטראוס גרופ בעמ/מצונן,,חומוס עם פלפל שיפקה,גרמים,400.00,100 גרם,false,,10.90,0.0273,true,1,1405728
7290105368331,false,מעדן מילקי בטעם תות עם קצפת,שטראוס גרופ בעמ/מצונן,,מילקי תות שטראוס 133,גרמים,133.00,100 גרם,false,,2.90,0.0218,true,1,1405729
7290105368904,false,"שמנת מתוקה להקצפה 32% שומן 250 מ""ל יוטבתה",שטראוס גרופ בעמ/מצונן,,שמנת מתוקה להקצפה 32,מיליליטרים,250.00,"100 מ""ל",false,,7.30,0.0292,true,1,1405731
7290105368928,false,שמנת חמוצה יטבתה %9 200 מל גביע מהדרין,שטראוס גרופ בעמ/מצונן,,שמנת %9 מהדרין יטבתה,גרמים,200.00,100 גרם,false,,3.10,0.0155,true,1,1405732
7290105369130,false,סימפוניה גבינת שמנת בצל ירוק 5% שטראוס 200 גרם,שטראוס גרופ בעמ/מצונן,,סימפוניה בצל ירוק 20,גרמים,200.00,100 גרם,false,,11.00,0.0550,true,1,1405734
7290105439499,false,מאסטר שף מאסטר שף מיונז 480 גר כשלפ,רמיה סי.וי. הולנד,,מאסטר שף מיונז הולנד,גרמים,483.00,100 גרם,false,,11.90,0.0246,true,1,1414243
7290105439505,false,מאסטר שף קרם בטעם מיונז לייט 479 גר כשלפ,רמיה סי.וי. הולנד,,מאסטר שף קרם בטעם מי,גרמים,521.00,100 גרם,false,,11.90,0.0228,true,1,1414244
7290105691248,false,אסם חטיפי פריכונים טורטייה תירס 60 גרם,קבוצת אוסם סחר שותפות מוגבלת,,אסם חטיפי פריכונים ט,גרמים,60.00,100 גרם,false,,7.90,0.1317,true,1,1407214
7290105691712,false,אסם עוגיות הפסקת קפה דגנים מלאים 230 גרם,קבוצת אוסם סחר שותפות מוגבלת,,עוגיות הפסקת קפה עם,גרמים,230.00,100 גרם,false,,10.90,0.0474,true,1,1407216
7290105691934,false,קמח שמרים אסם 1 קילו,קבוצת אוסם סחר שותפות מוגבלת,,קמח שמרים אסם 1 קילו,גרמים,1000.00,100 גרם,false,,9.90,0.0099,true,1,1407218
7290105693341,false,מארז עשיריית במבה אסם 25*10 גרם,קבוצת אוסם סחר שותפות מוגבלת,,חטיף בוטנים במבה 10*,גרמים,250.00,100 גרם,false,,14.90,0.0596,true,1,1407225
7290105693457,false,עוגת הבית דמקה שוקו וניל 320 גר`בחושות,קבוצת אוסם סחר שותפות מוגבלת,,הבית עוגת דמקה שוקו,גרמים,320.00,100 גרם,false,,11.90,0.0372,true,1,1407226
7290105693952,false,פירורית זהב אסם זהב שומשום 200 ג',קבוצת אוסם סחר שותפות מוגבלת,,אסם פירורית זהב שומש,גרמים,200.00,100 גרם,false,,6.40,0.0320,true,1,1407227
7290105694928,false,אבקת מרק בצל רכיבים טבעיים אסם 220 גרם,קבוצת אוסם סחר שותפות מוגבלת,,אסם אב.מרק בצל ר.טבע,גרמים,220.00,100 גרם,false,,16.90,0.0768,true,1,1407231
7290105695024,false,פתיתים אפויים אורז עם אטריות אסם 500 גרם,קבוצת אוסם סחר שותפות מוגבלת,,אסם פתיתים אפויים או,גרמים,500.00,100 גרם,false,,6.90,0.0138,true,1,1407232
7290105695321,false,עוגת הבית בראוניז פאדג' אסם 380 גרם,קבוצת אוסם סחר שותפות מוגבלת,,הבית עוגת בראוניס פא,גרמים,350.00,100 גרם,false,,14.90,0.0426,true,1,1407235
7290105962331,false,סחוג תימני אדום חריף מאוד זהבי הכרם 220 גרם,שטראוס גרופ בעמ/מצונן,,סחוג חריף מאד זהבי 2,גרמים,220.00,100 גרם,false,,10.90,0.0495,true,1,1405736
7290105964564,false,חומוס אחלה 400 גרם. שטראוס,שטראוס גרופ בעמ/מצונן,,סלט חומוס אחלה 400 ג,גרמים,400.00,100 גרם,false,,8.50,0.0213,true,1,1405741
7290105965738,false,יוגורט לשתיה בטעם תות בננה267 ג' דנונה,שטראוס גרופ בעמ/מצונן,,יוגורט לשתיה 1.5 תות,מיליליטרים,267.00,"100 מ""ל",false,,4.80,0.0180,true,1,1405742
7290105968098,false,"סלט קולסלאו 500 גרם ""אחלה""",שטראוס גרופ בעמ/מצונן,,קולסלאו 500 גרם,גרמים,500.00,100 גרם,false,,15.90,0.0318,true,1,1405743
7290105968654,false,רביולי עם בטטה פרווה שטראוס (400 גרם),שטראוס גרופ בעמ/מצונן,,רביולי בטטה פרווה 40,גרמים,400.00,100 גרם,false,,19.90,0.0497,true,1,1405744
7290105968777,false,פריכיות 5 דגנים עם תחתית שוקולד מריר 70 גרם,"טחנת האבן תעשיות בע""",,פריכיות 5 דגנים תחתי,גרמים,70.00,100 גרם,false,,8.00,0.1143,true,1,1434186
7290106520066,false,"רבע לשבע שוקולד חלב במילוי אגוזים עלית 160 גרם בד""צ","הגביע מוצרי וופלים בע""\מ",,רבע לשבע קרם אגוזים,גרמים,160.00,100 גרם,false,,10.90,0.0681,true,1,1416563
7290106520905,false,סלט טורקי אחלה (400 גרם),שטראוס גרופ בעמ/מצונן,,סלט טורקי 400 גרם,גרמים,400.00,100 גרם,false,,15.90,0.0398,true,1,1405749
7290106520912,false,שמנת לבישול 9% שומן 258גר מהדרין יטבתה,שטראוס גרופ בעמ/מצונן,,שמנת לבישול 9% יטבתה,מיליליטרים,250.00,"100 מ""ל",false,,7.90,0.0316,true,1,1405750
7290106525320,false,אבקת שוקולית לאפייה קופסא 500ג' עלית,הנסיך- מפעל לייצור ט,,שוקולית לאפיה 500 גר,גרמים,500.00,100 גרם,false,,14.90,0.0298,true,1,1416564
7290106525382,false,קפה טורקי עלית 125 גר,עלית,,קפה טורקי עלית 125 ג,גרמים,125.00,100 גרם,false,,9.90,0.0792,true,1,1416566
7290106525399,false,קפסולות 06 ברזיל למכונות נספרסו עלית 10יח',הנסיך- מפעל לייצור ט,,קפסולות 06 ברזיל למכ,יחידה,10.00,יחידה,false,,17.90,1.7900,true,1,1405756
7290106526822,false,פריכיות אורז חום מלא תחתית שוקולד חלב 80 גרם,"טחנת האבן תעשיות בע""",,פריכיות אורז חום מלא,גרמים,80.00,100 גרם,false,,8.00,0.1000,true,1,1416568
7290106528628,false,חטיף תירס בטעם טבעי דוריטוס (185 גרם),"שטראוס פריטו ליי בע""\מ )",,דוריטוס טבעי 185 גרם,גרמים,185.00,100 גרם,false,,7.90,0.0427,true,1,1406175
7290106572027,false,קרקר לחמית חמישה דגנים אסם (190 גרם),קבוצת אוסם סחר-שות.מוגבלת,,לחמית חמישה דגנים 19,גרמים,190.00,100 גרם,false,,9.50,0.0500,true,1,1407245
7290106572065,false,חטיפי טורטיה בטעם חמוץ מתוק אסם (60 גרם),קבוצת אוסם סחר שותפות מוגבלת,,חטיפי טורטיה תירס בט,גרמים,60.00,100 גרם,false,,7.90,0.1317,true,1,1407246
7290106573628,false,חומוס עם טחינה צבר (400 גרם),קבוצת אוסם סחר שותפות מוגבלת,,חומוס עם טחינה צבר 4,גרמים,400.00,100 גרם,false,,11.90,0.0298,true,1,1407256
7290106574793,false,עוגת הבית בטעם שוקו-שוקוצ'יפס 350 ג' אסם,קבוצת אוסם סחר שותפות מוגבלת,,עוגת הבית שוקו שוקוצ,גרמים,350.00,100 גרם,false,,11.90,0.0340,true,1,1407263
7290106574953,false,בייגלה שטוחים כעכים שטוחים עם שומשום,קבוצת אוסם סחר שותפות מוגבלת,,בייגלה שטוחים שומשום,גרמים,300.00,100 גרם,false,,9.90,0.0330,true,1,1407264
7290106574977,false,בייגלה שטוחים טבעות עם מלח אסם (300 גרם),קבוצת אוסם סחר שותפות מוגבלת,,בייגלה כעכים שטוחים,גרמים,300.00,100 גרם,false,,9.90,0.0330,true,1,1407265
7290106575011,false,פתיתים אפויים קוסקוס מחיטה מלאה אסם 400 גרם,קבוצת אוסם סחר שותפות מוגבלת,,פתיתים 30% קמח חיטה,גרמים,400.00,100 גרם,false,,6.90,0.0173,true,1,1407266
7290106575257,false,עוגת הבית סופלה בטעם שוקולד 340 ג' אסם,קבוצת אוסם סחר שותפות מוגבלת,,עוגת הבית סופלה בטעם,גרמים,340.00,100 גרם,false,,11.90,0.0350,true,1,1407267
7290106575431,false,עוגת הבית סופלה בטעם שוקולד וניל 340 ג',קבוצת אוסם סחר-שות.מוגבלת,,עוגת הבית סופלה בטעם,גרמים,340.00,100 גרם,false,,11.90,0.0350,true,1,1407268
7290106576223,false,אפרופו מצופה שוקולד 40 ג'!,קבוצת אוסם סחר שותפות מוגבלת,,אפרופו שוקולד כלפ 40,גרמים,40.00,100 גרם,false,,4.90,0.1225,true,1,1407270
7290106576513,false,סלט רק חומוס צבר 400 גרם,קבוצת אוסם סחר שותפות מוגבלת,,חומוס חלק צבר 400 גר,גרמים,400.00,100 גרם,false,,9.90,0.0248,true,1,1407273
7290106576537,false,חומוס מסעדה צבר (700 גרם),קבוצת אוסם סחר שותפות מוגבלת,,חומוס מסעדה צבר 700,גרמים,700.00,100 גרם,false,,10.90,0.0156,true,1,1407274
7290106577282,false,טחינה אמיתית מרובע 400 ג' צבר,קבוצת אוסם סחר-שות.מוגבלת,,סלט טחינה צבר 400 גר,גרמים,400.00,100 גרם,false,,12.90,0.0323,true,1,1407275
7290106577527,false,סלט קולסלאו כרוב לבן וגזר 400 ג' צבר,קבוצת אוסם סחר-שות.מוגבלת,,סלט קולסלאו כרוב לבן,גרמים,400.00,100 גרם,false,,12.90,0.0323,true,1,1407279
7290106577541,false,צבר כרוב אדום מרובע 400גרם,קבוצת אוסם סחר-שות.מוגבלת,,סלט כרוב אדום צבר 40,גרמים,400.00,100 גרם,false,,12.90,0.0323,true,1,1407280
7290106577572,false,מטבוחה אמיתית מרובע 400 ג' צבר,קבוצת אוסם סחר-שות.מוגבלת,,סלט מטבוחה אמיתית צב,גרמים,400.00,100 גרם,false,,12.90,0.0323,true,1,1407281
7290106578692,false,ביסלי במבה מיקס מהדורת אליפות אסם 80 גרם,קבוצת אוסם סחר שותפות מוגבלת,,במבה ביסלי מיקס 80 ג,גרמים,80.00,100 גרם,false,,4.90,0.0613,true,1,1407287
7290106578821,false,הבית עוגת שמרים קלאסית בטעם שוקולד 350גר.,קבוצת אוסם סחר שותפות מוגבלת,,עוגת הבית שמרים קלאס,גרמים,350.00,100 גרם,false,,16.90,0.0483,true,1,1407288
7290106652996,false,כיף כף מקלות קוקוס חלבי 40 גר',סולן בעבור שטראוס,,כיף כף מקלות קוקוס 4,גרמים,40.00,100 גרם,false,,4.90,0.1225,true,1,1441647
7290106654099,false,מילקי CAKE עוגות אישיות במילוי קרם חלב,בובארד איטליה אס.פי.איי,,מארז שמינייה מילקי ק,גרמים,272.00,100 גרם,false,,19.90,0.0732,true,1,1405759
7290106656734,false,"עוגיות חיוכים וניל עלית 600 גרם בד""צ",אפיפית נצרת תעשיות ב,,חיוכים וניל 600 גרם,גרמים,600.00,100 גרם,false,,17.90,0.0298,true,1,1416575
7290106662025,false,תפוציפס טבעי מלח ופלפל 50 גרם,שטראוס פריטו ליי בע`מ,,תפוצ'יפס מלח פלפל 50,גרמים,50.00,100 גרם,false,,4.00,0.0800,true,1,1406184
7290106663121,false,"עוגה אישית במילוי קרם חלב ""מילקי קייק"" שטראוס",בובארד איטליה אס.פי.איי,,מילקי קייק 34 גרם,גרמים,34.00,100 גרם,false,,2.90,0.0853,true,1,1405765
7290106663183,false,צ'יטוס חטיף טעם גבינה 65ג,שטראוס פריטו ליי בעמ,,ציטוס קראצ בטעם גבינ,גרמים,65.00,100 גרם,false,,3.50,0.0538,true,1,1406185
7290106664562,false,רוטב שמנת עם פטריות 9% שומן 258 ג' יוטבתה,שטראוס גרופ בעמ/מצונן,,רוטב שמנת עם פטריות,מיליליטרים,250.00,"100 מ""ל",false,,10.90,0.0436,true,1,1405769
7290106666788,false,עלית - סוכריות נוסטלגיה דבש ממולאות 80 גרם,"שטראוס גרופ בע""מ",,סוכריות נוסלגיה דבש,גרמים,80.00,100 גרם,false,,4.90,0.0613,true,1,1416591
7290106667266,false,חטיף תירס חמוץ חריף דוריטוס (185 גרם),"שטראוס פריטו ליי בע""\מ )",,דוריטוס חמוץ חריף 18,גרמים,185.00,100 גרם,false,,7.90,0.0427,true,1,1406192
7290106668577,false,"מיץ לימון טבעי 250 מ""ל ""יד מרדכי""",האי נאם סי או אל.טי.,,מיץ לימון טבעי 250 מ,מיליליטרים,250.00,"100 מ""ל",false,,7.90,0.0316,true,1,1416593
7290106668713,false,יוגורט עם פירות יער 3% שומן 150 ג' דנונה,שטראוס גרופ בעמ/מצונן,,דנונה פירות יער 3% 1,גרמים,150.00,100 גרם,false,,3.90,0.0260,true,1,1405770
7290106669857,false,קפסולות אספרסו בטעם וניל עלית 10 יחידות,הנסיך- מפעל לייצור ט,,קפסולות וניל למכונות,יחידה,10.00,יחידה,false,,17.90,1.7900,true,1,1416595
7290106721913,false,מסטיק מאסט MUST ללא סוכר בטעם מנטה מרעננת,שטראוס גרופ בע`מ,,צנצנת מאסט מנטה מרענ,גרמים,66.00,100 גרם,false,,9.90,0.1500,true,1,1416599
7290106721920,false,צנצנת מסטיק מאסט בטעם ספירמינט עדין 66 ג' עלית,"שטראוס גרופ בע""\מ.",,"צנצנת ספירמינט לל""ס",גרמים,66.00,100 גרם,false,,9.90,0.1500,true,1,1416600
7290107280662,false,"סנו - מקסימה אבקת כביסה בייבי 1.25 ק""ג",סנו מקסימה,,אבקת כביסה מרוכזת לת,מיליליטרים,1250.00,"100 מ""ל",false,,16.90,0.0135,true,1,1410186
7290107280730,false,נוזל לניקוי כלים סנו ספארק Spark בניחוח לבנדר,החברה הדרומית לשיווק בעמ,,נוזל כלים ספארק 700,מיליליטרים,700.00,"100 מ""ל",false,,9.90,0.0141,true,1,1410188
7290107280754,false,נוזל כלים סנו ספארק Spark היפואלרגני פריחת השקד,החברה הדרומית לשיווק בעמ,,נוזל כלים ספארק 700,מיליליטרים,700.00,"100 מ""ל",false,,9.90,0.0141,true,1,1410190
7290107645584,false,אבקת מרק עוף אמיתי רכיבים טבעיים 400 גרם - רבנות,יוניליוור ישראל שיווק בע`מ,,קנור עוף אמיתי רכיבי,גרמים,400.00,100 גרם,false,,22.90,0.0572,true,1,1409783
7290107645591,false,אבקת מרק בטעם עוף 100% רכיבים טבעיים 400 גרם,יוניליוור ישראל שיווק בע`מ,,קנור טעם עוף רכיבים,גרמים,400.00,100 גרם,false,,24.60,0.0615,true,1,1409784
7290107646376,false,סיף מטליות לחות לניקוי כללי בניחוח לימון,יוניליוור ישראל שיווק בעמ,,סיף מגבונים כללי לימ,יחידה,50.00,יחידה,false,,10.90,0.2180,true,1,1409795
7290107646963,false,מיונז מתובל עם פלפל צ`ילי 250 גרם,יוניליוור ישראל שיווק בע`מ,,ממרח ספייסי מיונז תל,גרמים,250.00,100 גרם,false,,8.90,0.0356,true,1,1440042
7290107646970,false,"מיונז תלמה איולי שום 273 גר בד""ץ",יוניליוור ישראל שיווק בע`מ,,ממרח איולי שום תלמה,גרמים,250.00,100 גרם,false,,8.90,0.0356,true,1,1440043
7290107647366,false,דומסטוס סבון אסלה 5 הפועלות בניחות ליים 3 יח' * 55 ג',"יוניליוור ישראל שיווק בע""מ",,דומסטוס שלישיה אסלות,גרמים,165.00,100 גרם,false,,15.90,0.0964,true,1,1409805
7290107647731,false,קוקומן חום לבן 20% פחות סוכר 375 גרם ב,יוניליוור ישראל שיווק בע`מ,,קוקומן חום לבן 375 ג,גרמים,375.00,100 גרם,false,,20.90,0.0557,true,1,1409808
7290107647823,false,"ברנפלקס פתיתי חיטה מלאה וסובין 500 גרם ""תלמה""",יוניליוור ישראל שיווק בע`מ,,ברנפלקס 500 גרם,גרמים,500.00,100 גרם,false,,21.90,0.0438,true,1,1409814
7290107648974,false,קנור רוטב לפסטה עגבניות עם בזיליקום,יוניליוור ישראל שיווק בע`מ,,רוטב עגבניות בזיליקו,גרמים,415.00,100 גרם,false,,16.90,0.0407,true,1,1409823
7290107649100,false,בייגלה טבעות שומשום 300 גרם.,"יוניליוור ישראל שיווק בע""מ",,בייגלה טבעות שומשום,גרמים,300.00,100 גרם,false,,9.90,0.0330,true,1,1409829
7290107874427,false,מיני פריכונים בטעם זעתר אסם (25 גרם),קבוצת אוסם סחר שותפות מוגבלת,,אסם פריכונים מיני זע,גרמים,25.00,100 גרם,false,,4.20,0.1680,true,1,1407303
7290107874441,false,פריכונים מיני בצל מקורמל אסם (25 גרם),קבוצת אוסם סחר שותפות מוגבלת,,אסם פריכונים מיני בצ,גרמים,23.00,100 גרם,false,,4.20,0.1826,true,1,1407304
7290107874502,false,ביסלי גריל קדמ. מארז אחיד 10 4*55 גרם,קבוצת אוסם סחר שותפות מוגבלת,,ביסלי גריל 4 * 55 גר,גרמים,220.00,100 גרם,false,,12.50,0.0568,true,1,1407305
7290107875158,false,במבה קלאסי מארז 4 יח' *60ג' אסם,קבוצת אוסם סחר-שות.מוגבלת,,"במבה קלאסי מארז כל""פ",גרמים,240.00,100 גרם,false,,12.90,0.0538,true,1,1407307
7290107875271,false,ביסלי ברביקיו קדמ. מארז אחיד10 4*55 גרם,קבוצת אוסם סחר שותפות מוגבלת,,ביסלי ברביקיו 4 * 55,גרמים,220.00,100 גרם,false,,12.50,0.0568,true,1,1407310
7290107879132,false,פריכיות פיטנס מיני פריכיות שוקולד חלב 22 ג',קבוצת אוסם סחר שותפות מוגבלת,,פיטנס מיני פריכיות ש,גרמים,22.00,100 גרם,false,,4.90,0.2227,true,1,1407323
7290107932080,false,חלב 3% מועשר בבקבוק יטבתה (1 ליטר),שטראוס גרופ בעמ/מצונן,,חלב מועשר בקבוק 3% י,מיליליטרים,1000.00,"100 מ""ל",false,,7.70,0.0077,true,1,1405784
7290107934473,false,שמינייה יוגורט לבן אקטיביה 1.5% דנונה 150 גרם,שטראוס גרופ בעמ/מצונן,,מארז אקטיביה שמינייה,גרמים,1200.00,100 גרם,false,,29.90,0.0249,true,1,1405790
7290107936309,false,דנונה יוגורט 7% יווני לבן 130 ג',שטראוס גרופ בעמ/מצונן,,יוגורט דנונה יווני ל,גרמים,130.00,100 גרם,false,,3.40,0.0262,true,1,1405793
7290107936958,false,עד חצות ביסקוויט אצבעות שוקולד 125 גרם,ביסקוויטס טור ד'\אלבון,,עד חצות אצבעות 125 ג,גרמים,125.00,100 גרם,false,,9.90,0.0792,true,1,1405795
7290107936965,false,עיגולים עד חצות עם שוקולד חלב 225 גר,ביסקווטרי עוגיות סנט,,עד חצות עיגולים 225,גרמים,225.00,100 גרם,false,,12.90,0.0573,true,1,1416626
7290107937542,false,משקה יוגורט אקטיביה עם תות 1.2% שומן,שטראוס גרופ בעמ/מצונן,,משקה אקטיביה תות 1.2,מיליליטרים,250.00,"100 מ""ל",false,,4.90,0.0196,true,1,1405797
7290107937627,false,מסטיק מאסט Must קוביות ללא סוכר בטעם מנטה עדינה,שטראוס גרופ בע`מ,,צנצנת קוביות מנטה עד,גרמים,58.00,100 גרם,false,,9.90,0.1707,true,1,1416627
7290107937641,false,צנצנת קוביות בזוקה גומי לעיסה 58גר,אסקום קונפקשיין,,צנצנת קוביות בזוקה 5,גרמים,58.00,100 גרם,false,,9.90,0.1707,true,1,1416629
7290107937856,false,קפסולות 11חזק למכונות נספרסו עלית 10יח',הנסיך- מפעל לייצור ט,,קפסולות 11 גואטמלה ל,יחידה,10.00,יחידה,false,,17.90,1.7900,true,1,1416630
7290107938396,false,שמיניית אקטימל תות דיסני בנים 108 גרם,שטראוס גרופ בעמ/מצונן,,אקטימל תות דיסני 8*1,מיליליטרים,800.00,"100 מ""ל",false,,20.90,0.0261,true,1,1405799
7290107940467,false,אקטיביה יוגורט קרמי 1.5% דנונה (200 גרם),שטראוס גרופ בעמ/מצונן,,יוגורט 1.5% דנונה אק,גרמים,200.00,100 גרם,false,,4.00,0.0200,true,1,1405807
7290107943192,false,"שמנת חמוצה מהערבה 27% שומן 200 מ""ל יטבתה",שטראוס גרופ בעמ/מצונן,,שמנת חמוצה מהערבה 27,מיליליטרים,200.00,"100 מ""ל",false,,3.90,0.0195,true,1,1405817
7290107944243,false,אפיפיות בטעם שוקולד 200 גרם כשר לפסח,"שטראוס גרופ בע""\מ",,אפיפיות בטעם שוקולד,גרמים,200.00,100 גרם,false,,6.90,0.0345,true,1,1416640
7290107944472,false,סימפוניה גבינה במרקם שמנת 5% שום שמיר,שטראוס גרופ בעמ/מצונן,,סימפוניה שום שמיר 5%,גרמים,200.00,100 גרם,false,,11.00,0.0550,true,1,1405825
7290107945165,false,קונפיטורת משמש יד מרדכי 340 גרם,אף.סי תבליני בגליל ב,,קונפיטורת משמש 340 ג,גרמים,340.00,100 גרם,false,,13.90,0.0409,true,1,1416644
7290107950190,false,מעדן חלב דל קלוריות בטעם שוקולד מריר 0.5% שומן,שטראוס גרופ בעמ/מצונן,,מעדן שטראוס דיאט מרי,גרמים,130.00,100 גרם,false,,3.20,0.0246,true,1,1405844
7290107950206,false,מעדן דיאט שוקולד שטראוס 130 גרם,שטראוס גרופ בעמ/מצונן,,מעדן שטראוס דיאט שוק,גרמים,130.00,100 גרם,false,,3.20,0.0246,true,1,1405845
7290107954709,false,"קונפיטורת פירות יער ""יד מרדכי"" 340 גר'",שטראוס גרופ בע`מ,,קונפיטורת פירות יער,גרמים,340.00,100 גרם,false,,13.90,0.0409,true,1,1416664
7290107954976,false,משקה חלב PRO עם קפה 1.5% 25 גרם חלבון בבקבוק,שטראוס גרופ בעמ/מצונן,,יטבתה פרו קפה 350 יט,מיליליטרים,350.00,"100 מ""ל",false,,6.50,0.0186,true,1,1405863
7290107956642,false,"תרסיס שמן זית 150 מ""ל יד מרדכי כשלפ",פארייפאבה אגרואינדוס,,"תרסיס שמן זית 150 מ""",מיליליטרים,150.00,"100 מ""ל",false,,17.90,0.1193,true,1,1416671
7290107956925,false,קפסולות 13 אוגנדה למכונת נספרסו עלית 10יח',שטראוס קפה בי.וי.,,קפסולות 13 אוגנדה למ,יחידה,10.00,יחידה,false,,17.90,1.7900,true,1,1416673
7290107956932,false,קפסולות אינדונזיה מס 12 למכונת אספרסו,שטראוס קפה בי.וי.,,קפסולות 12 אינדונזיה,יחידה,10.00,יחידה,false,,17.90,1.7900,true,1,1416674
7290107957076,false,"מסטיק ""עלמה"" בטעם ספירמנט 66 גרם צנצנת ""עלית""","שטראוס גרופ בע""\מ",,צנצנת עלמה בטעם ספיר,גרמים,66.00,100 גרם,false,,9.90,0.1500,true,1,1420145
7290107957991,false,מילקי CAKE מיניס קרם חלב בציפוי שוקולד חלב שקית 16X9ג',בובארד איטליה אס.פי.איי,,מילקי מינייס עוגה אי,גרמים,144.00,100 גרם,false,,13.90,0.0965,true,1,1405881
7290107958035,false,יוגורט במתיקות מעודנת 2% ללא תוספת סוכר- מארז 8 יח,שטראוס גרופ בעמ/מצונן,,מארז דנונה מתיקות מע,גרמים,1200.00,100 גרם,false,,17.90,0.0149,true,1,1405882
7290107973861,false,מאסטר שף עגבניות קצוצות דק שלישיה 400ג*3 כשלפ,קונסרזיו קאסאלאסקו ד,,עגבניות חתוך דק מאסט,גרמים,1200.00,100 גרם,false,,16.90,0.0141,true,1,1414251
7290107974820,false,ממרח בטעם ספייסי מיונז מאסטר שף 250 גרם,רמיה סי.וי.הולנד,,מנה ממרח ספייסי מתוב,גרמים,252.00,100 גרם,false,,7.90,0.0313,true,1,1414259
7290107974837,false,ממרח מתובל שום 253 גר מנה מאסטר שף,רמיה סי.וי.הולנד,,מאסטר שף ממרח מתובל,גרמים,253.00,100 גרם,false,,7.90,0.0312,true,1,1414260
7290108271164,false,מגשית אלומיניום קטנה עם מכסה R29 (5 יח'),ב.ה. דבליו,,מגשית אלומיניום עם מ,יחידה,5.00,יחידה,false,,7.90,1.5800,true,1,1415666
7290108271171,false,מגשית אלומיניום גדול עם מכסה R2 (3 יח'),חגיגית,,מגשית אלומיניום עם מ,יחידה,3.00,יחידה,false,,7.90,2.6333,true,1,1415667
7290108271188,false,כוסות נייר שתיה חמה,,,כוסות נייר שתיה חמה,יחידה,50.00,יחידה,false,,11.90,0.2380,true,1,1415668
7290108271416,false,שקיות אשפה 52/65 עם שרוך רמי לוי,רמי לוי,,שקיות אשפה 52/65 עם,יחידה,1.00,יחידה,false,,18.90,18.9000,true,1,1415674
7290108271430,false,שקיות אשפה עם שרוך 2*10 רמי לוי,רמי לוי,,שקית אשפה עם שרוך זו,גרמים,760.00,100 גרם,false,,14.60,0.0192,true,1,1415675
7290108271454,false,שקיות מזון בקופסא רמי לוי 300 יח,רמי לוי,,שקיות מזון בקופסא רמ,יחידה,300.00,יחידה,false,,9.90,0.0330,true,1,1415676
7290108271461,false,שקיות רב שימושיות (הקפאה) 200 יחידות,רמי לוי,,שקיות הקפאה-זוגות גל,יחידה,2.00,יחידה,false,,8.30,4.1500,true,1,1415677
7290108271485,false,שקיות גופייה 75/90 רמי לוי 25 יח,איכותית,,שקיות גופייה אפור HD,יחידה,25.00,יחידה,false,,14.60,0.5840,true,1,1415678
7290108271492,false,נייר אפייה רמי לוי 37*42,רמי לוי,,נייר אפייה רמי לוי 3,יחידה,50.00,יחידה,false,,8.90,0.1780,true,1,1415679
7290108271607,false,"רדיד אלומיניום זוגות רמי לוי 30 ס""מ",רמי לוי,,רדיד אלומיניום זוגות,יחידה,2.00,יחידה,false,,11.90,5.9500,true,1,1415681
7290108271614,false,"רדיד אלומיניום זוגות רמי לוי 45 ס""מ",רמי לוי,,רדיד אלומיניום זוגות,יחידה,2.00,יחידה,false,,14.90,7.4500,true,1,1415682
7290108271812,false,קופסאות אחסון 2 ליטר,חגיגית,,קופסאות אחסון 2 ליטר,יחידה,4.00,יחידה,false,,9.90,2.4750,true,1,1415687
7290108271829,false,קופסאות אחסון 1 ליטר,חגיגית,,קופסאות אחסון 1 ליטר,יחידה,5.00,יחידה,false,,9.90,1.9800,true,1,1415688
7290108272000,false,כוסות שתיה קרה 100 יחידות,חגיגית,,כוסות שתיה קרה 100 י,יחידה,100.00,יחידה,false,,7.90,0.0790,true,1,1415691
7290108272079,false,מגבונים לניקוי כללי 400 יח דלי,רמי לוי,,מגבונים לניקוי כללי,יחידה,400.00,יחידה,false,,20.90,0.0522,true,1,1415692
7290108272154,false,מרקיות רמי לוי 25 יח,רמי לוי,,מרקיות רמי לוי 25 יח,יחידה,25.00,יחידה,false,,7.90,0.3160,true,1,1415695
7290108272185,false,צלחת בינוני רמי לוי 50 יח,רמי לוי,,צלחת בינוני רמי לוי,יחידה,50.00,יחידה,false,,13.90,0.2780,true,1,1415698
7290108272192,false,חגיגית - זוג מפות אלבד לבן,רמי לוי,,זוג מפות לבן חלק רמי,יחידה,2.00,יחידה,false,,9.90,4.9500,true,1,1415699
7290108272208,false,חגיגית - זוג מפות אלבד קרם,רמי לוי,,מפת אלבד שנהב רמי לו,יחידה,1.00,יחידה,false,,8.90,8.9000,true,1,1434467
7290108272338,false,מפות עבות ואיכותיות 10 יחידות,ב.ה. דבליו,,מפות עבות ואיכותיות,יחידה,10.00,יחידה,false,,11.90,1.1900,true,1,1415700
7290108272376,false,צלחות אובליות קרם רמי לוי 25 יח,חגיגית,,אובלי קרם 25 יח' רמי,יחידה,25.00,יחידה,false,,5.90,0.2360,true,1,1415701
7290108272659,false,שקיות מזון רמי לוי 200 יח,,,שקיות מזון 18*24 (20,100 יחידה,200.00,100 יחידה,false,,3.90,0.0195,true,1,1439964
7290108272673,false,שקיות קרח רמי לוי 12,,,שקיות קרח רמי לוי 12,יחידה,12.00,יחידה,false,,3.10,0.2583,true,1,1415707
7290108272925,false,"סבון ידיים 3*500 מ""ל רמי לוי",,,סבון ידיים ים מרענן,יחידה,3.00,יחידה,false,,11.90,3.9667,true,1,1415708
7290108273090,false,צלחת קטנה איכותית זהב רמי לוי 25 יח,רמי לוי,,צלחת 7' זהב (25 יח'),יחידה,25.00,יחידה,false,,6.90,0.2760,true,1,1429794
7290108273168,false,צלחת בינונית איכותית קרם רמי לוי 25 יח,רמי לוי,,צלחת 9' קרם (25 יח'),יחידה,25.00,יחידה,false,,12.90,0.5160,true,1,1415710
7290108273410,false,ניילון נצמד זוגות 2*30 רמי לוי,רמי לוי,,ניילון נצמד זוגות 2*,יחידה,2.00,יחידה,false,,8.90,4.4500,true,1,1415712
7290108273618,false,קיסמי שניים מארז מלחייה רמי לוי,רמי לוי,,קיסמי שניים מארז מלח,יחידה,500.00,יחידה,false,,2.90,0.0058,true,1,1415716
7290108273632,false,שיפודי עץ רמי לוי 100 יח,רמי לוי,,שיפודי עץ רמי לוי 10,יחידה,100.00,יחידה,false,,3.90,0.0390,true,1,1415717
7290108273663,false,מגשיות אלומיניום גדולות (5 יח') R33 רמי,רמי לוי,,מגשיות אלומיניום גדו,יחידה,5.00,יחידה,false,,6.90,1.3800,true,1,1415719
7290108273670,false,מגשיות אלומיניום ענקיות (3 יח') R99 רמי,רמי לוי,,תבניות אלומניום ענקי,יחידה,3.00,יחידה,false,,8.90,2.9667,true,1,1415720
7290108273694,false,מגשיות אלומיניום אינגליש (10 יח') R88 רמ,רמי לוי,,תבנית אינגליש קייק ר,יחידה,10.00,יחידה,false,,7.90,0.7900,true,1,1415722
7290108273960,false,סכין מהודר קרם רמי ל,רמי לוי,,סכין קרם (50 יח') רמ,יחידה,50.00,יחידה,false,,9.90,0.1980,true,1,1415735
7290108274059,false,מגשיות אלומיניום קטנות (8 יח') R29 רמי ל,,,מגשיות אלומיניום קטנ,יחידה,8.00,יחידה,false,,7.90,0.9875,true,1,1415739
7290108274585,false,כוסות נייר שתיה חמה,,,כוסות נייר שתיה חמה,יחידה,50.00,יחידה,false,,11.90,0.2380,true,1,1415745
7290108274592,false,נייר אפייה רמי לוי 3,נייר אפיה 3 ב 21,,נייר אפייה רמי לוי 3,יחידה,50.00,יחידה,false,,8.90,0.1780,true,1,1431155
7290108274622,false,לבן מרקיה (25 יח') בסט וליו,,,מרקיות רמי לוי 25 יח,יחידה,25.00,יחידה,false,,7.90,0.3160,true,1,1428481
7290108274639,false,צלחות קטנות לבן 50 יחידות-רמי,,,צלחת בינוני רמי לוי,יחידה,50.00,יחידה,false,,13.90,0.2780,true,1,1428482
7290108274677,false,קרם קסרול (25 יח') בסט וליו,,,אובלי קרם 25 יח' רמי,יחידה,25.00,יחידה,false,,5.90,0.2360,true,1,1428483
7290108274707,false,קרם צלחת 9' (25 יח') בסט וליו,,,צלחת 9' קרם (25 יח'),יחידה,25.00,יחידה,false,,12.90,0.5160,true,1,1415747
7290108275117,false,כפפות גומי (M) רמי ל,,,כפפות גומי (M) רמי ל,יחידה,1.00,יחידה,false,,5.50,5.5000,true,1,1415750
7290108275407,false,כוס שתייה קרה 100 יח-חגיגית,כוסות שתיה קרה 4 ב 1,,כוסות שתיה קרה 100 י,יחידה,100.00,יחידה,false,,7.90,0.0790,true,1,1415753
7290108275544,false,מזלג לבן (100 יח') ב,,,מזלג לבן (100 יח') ב,יחידה,100.00,יחידה,false,,9.90,0.0990,true,1,1415755
7290108275568,false,כפית לבן 100 יחידות,,,כפית לבן 100 יחידות,יחידה,100.00,יחידה,false,,7.90,0.0790,true,1,1415757
7290108277241,false,קשיות עבות 100 יחידו,,,קשיות עבות 100 יחידו,יחידה,100.00,יחידה,false,,5.90,0.0590,true,1,1430170
7290108277753,false,"שקיות זיפר 19*18 ס""מ",,,"שקיות זיפר 19*18 ס""מ",יחידה,15.00,יחידה,false,,8.30,0.5533,true,1,1429355
7290108351552,false,"סנו - ג'ט לניקוי כללי בתוספת חומץ בניחוח לבנדר 750 מ""ל",החברה הדרומית לשיווק בעמ,,"ג'ט חומץ מרסס 750 מ""",מיליליטרים,750.00,"100 מ""ל",false,,15.90,0.0212,true,1,1410204
7290108353532,false,"שקיות אשפה חזקות עם שרוך לארג' 54 * 65 ס""מ סנו סושי 100 יחידות",החברה הדרומית לשיווק בעמ,,סנו סושי שקיות אשפה,יחידה,100.00,יחידה,false,,29.90,0.2990,true,1,1428158
7290108356106,false,כיף תחליב רחצה חלב שקדים 700 מל,החברה הדרומית לשיווק בעמ,,כיף תחליב רחצה שקד 7,מיליליטרים,700.00,"100 מ""ל",false,,12.90,0.0184,true,1,1410226
7290108500677,false,כבד דג שיבוט בשמן דג וילי פוד 115 גרם,ג. וילי-פוד אינטרנשיונל בע`מ,,כבד דג שיבוט בשמן הד,גרמים,115.00,100 גרם,false,,9.90,0.0861,true,1,1408470
7290108501346,false,גבינה מגורדת גאודה 28% שומן EURO CHEESE ויליפוד 500 גרם,ג.וילי-פוד אינטרנשיונל **גבינו,,גבינת גאודה מגורדת 5,גרמים,500.00,100 גרם,false,,24.90,0.0498,true,1,1408476
7290108502305,false,גבינת גרדה פדנו משולש 150 גר` וילי פוד,ג.וילי-פוד אינטרנשיונל **גבינו,,גבינת גרנה פדנו משול,גרמים,150.00,100 גרם,false,,19.90,0.1327,true,1,1408514
7290108502329,false,רביעיית טונה בשמן זית ויליפוד 4*160 גרם,ג. וילי-פוד אינטרנשיונל בע`מ,,נתחי טונה בהירה בשמן,גרמים,640.00,100 גרם,false,,29.90,0.0467,true,1,1408515
7290108502336,false,גבינה גורגונזולה איטלקית 150 גרם 29% שומן,ג. וילי-פוד אינטרנשיונל בע`מ,,גבינת גורגונזולה איט,גרמים,150.00,100 גרם,false,,19.90,0.1327,true,1,1441327
7290108502381,false,בסיסים להכנת פיצה קוטר 26 וילי פוד 480ג',ג. וילי-פוד אינטרנשיונל בע`מ,,תחתיות לפיצה (קוטר 2,יחידה,4.00,יחידה,false,,12.90,3.2250,true,1,1408518
7290108502725,false,גבינת גאודה פרוסות ויליפוד 400 גרם,ג.וילי-פוד אינטרנשיונל **גבינו,,גבינת גאודה פרוסות 2,גרמים,400.00,100 גרם,false,,19.90,0.0497,true,1,1408535
7290108502763,false,גבינת קממבר ויליפוד 200 גרם,ג.וילי-פוד אינטרנשיונל **גבינו,,גבינת קממבר יורו 200,גרמים,200.00,100 גרם,false,,20.90,0.1045,true,1,1408537
7290108502862,false,מלפפונים כבושים במלח 18-25 קטנים ויליפוד 600 גרם,ג. וילי-פוד אינטרנשיונל בע`מ,,מלפפונים כבושים במלח,גרמים,600.00,100 גרם,false,,11.90,0.0198,true,1,1408540
7290108503043,false,תפוחונים חטיף פלחים מיובשים מארז 22X4ג',ג. וילי-פוד אינטרנשיונל בע`מ,,תפוחי עץ מיובשים תפו,גרמים,88.00,100 גרם,false,,14.90,0.1693,true,1,1408547
7290108503067,false,פרמז'נו משולש ויליפוד 150 גרם,ג.וילי-פוד אינטרנשיונל **גבינו,,פרמז'נו משולש יורו 1,גרמים,150.00,100 גרם,false,,15.90,0.1060,true,1,1408549
7290108503975,false,פסטה איטליאנה קנלוני ויליפוד 250 גרם,ג. וילי-פוד אינטרנשיונל בע`מ,,קנלוני סמולינה פסטה,גרמים,250.00,100 גרם,false,,9.90,0.0396,true,1,1429046
7290108504002,false,פרוסות גבינה בטעם צ'דר לכריכים וטוסטים ויליפוד 150 גרם,ג.וילי-פוד אינטרנשיונל **גבינו,,פרוסות גבינה לייט 9%,גרמים,150.00,100 גרם,false,,10.90,0.0727,true,1,1408589
7290108504378,false,גבינת שמנת עם זיתים ויליפוד 200 גרם,ג.וילי-פוד אינטרנשיונל **גבינו,,גבינת שמנת עם זיתים,גרמים,200.00,100 גרם,false,,12.90,0.0645,true,1,1408604
7290108504699,false,רביעיית טונה בשמן קנולה פתח קל ויליפוד 4*160 גרם,ג.וילי-פוד אינטרנשיונל בעמ,,נתחי טונה בהירה בשמן,גרמים,640.00,100 גרם,false,,21.90,0.0342,true,1,1434476
7290108505375,false,גולדן צהובה פרוסה ויליפוד 400 גרם,ג.וילי-פוד אינטרנשיונל **גבינו,,גבינה צהובה פרוסה גו,גרמים,400.00,100 גרם,false,,20.90,0.0522,true,1,1441227
7290108505689,false,גבינת גרנה פדנו מגורדת ויליפוד 100 גרם,ג.וילי-פוד אינטרנשיונל **גבינו,,גבינת גרנה פדנו מגור,גרמים,100.00,100 גרם,false,,10.90,0.1090,true,1,1408622
7290108505726,false,אצבעות גבינת חצי קשה EURO CHEESE ויליפוד 200 גרם,ג.וילי-פוד אינטרנשיונל **גבינו,,אצבעות - גבינה חצי ק,גרמים,200.00,100 גרם,false,,14.90,0.0745,true,1,1431125
7290108505740,false,קשקבל גבינה חצי קשה EURO CHEESE ויליפוד 200 גרם,ג.וילי-פוד אינטרנשיונל **גבינו,,גבינת קשקבל חצי קשה,גרמים,200.00,100 גרם,false,,14.90,0.0745,true,1,1431127
7290108506426,false,סימיט בייגלה קפוא 400 גר` פינוקים וילי פ,ג.וילי-פוד אינטרנשיונל **גבינו,,בייגלה קפוא ויליפוד,גרמים,400.00,100 גרם,false,,15.90,0.0398,true,1,1429124
7290108506709,false,גבינת פרמג`אנו ר`גיאנו 150 גר וילי פוד,ג.וילי-פוד אינטרנשיונל **גבינו,,גבינת פרמג'יאנו רג'י,גרמים,150.00,100 גרם,false,,24.90,0.1660,true,1,1439069
7290108507065,false,גבינת פרמג'אנו רגיאנו מגורדת ויליפוד 100 גרם,ג.וילי-פוד אינטרנשיונל **גבינו,,גבינת פרמג'יאנו רג'י,גרמים,100.00,100 גרם,false,,13.90,0.1390,true,1,1433877
7290108507072,false,שבבי גבינת גרנה פדנו ויליפוד 100 גרם,ג. וילי-פוד אינטרנשיונל בע`מ,,שבבי גבינת גרנה פדנו,גרמים,100.00,100 גרם,false,,10.90,0.1090,true,1,1433878
7290108507492,false,קרקרים עם שומשום 105ג רמילוי,,,קרקרים עם שומשום רמי,גרמים,105.00,100 גרם,false,,5.50,0.0524,true,1,1433826
7290108508499,false,"איירן משקה יוגורט בסגנון טורקי יורו 293 מ""ל",ג.וילי-פוד אינטרנשיונל **גבינו,,משקה יוגורט 2.3% בסג,מיליליטרים,293.00,"100 מ""ל",false,,4.90,0.0167,true,1,1434587
7290108508864,false,בישקוטים 200ג רמילוי,,,בישקוטים רמי לוי 200,גרמים,200.00,100 גרם,false,,7.90,0.0395,true,1,1439920
7290108509359,false,פופקורן בציפוי בטעם קרמל ויליפוד 90 גרם,ג. וילי-פוד אינטרנשיונל בע`מ,,פופקורן בציפוי בטעם,גרמים,90.00,100 גרם,false,,6.90,0.0767,true,1,1438812
7290108509700,false,אורז פרסי 1 קג`DAAWAT וילי פוד,ג. וילי-פוד אינטרנשיונל בע`מ,,אורז פרסי DAAWAT 1 ק,גרמים,1000.00,100 גרם,false,,9.90,0.0099,true,1,1437562
7290108509939,false,פרוסות פילה טונה בשמן זית כתית מעולה,ג. וילי-פוד אינטרנשיונל בע`מ,,פרוסות פילה טונה 120,גרמים,120.00,100 גרם,false,,13.90,0.1158,true,1,1438205
7290108509960,false,נתחי טונה בהירה בשמן זית כתית מעולה - מארז 3 יח',ג. וילי-פוד אינטרנשיונל בע`מ,,נתחי טונה בשמן זית 3,גרמים,240.00,100 גרם,false,,15.90,0.0663,true,1,1438206
7290109580043,false,"שניצל תירס קלאסי זוגלובק 1.75 ק""ג",נקניק זוגלובק נהריה,,"שניצל תירס 1.75 ק""ג",גרמים,1750.00,100 גרם,false,,49.90,0.0285,true,1,1432533
7290109580111,false,צלעות אסאדו מעושנות פרימיום זוגלובק 120 גרם,נקניק זוגלובק נהריה,,צלעות אסאדו מעושנות,גרמים,120.00,100 גרם,false,,24.90,0.2075,true,1,1438468
7290109580135,false,זוגלובק פרימיום קורנדביף 180 גרם,נקניק זוגלובק נהריה,,קורנדביף פרימיום זוג,גרמים,180.00,100 גרם,false,,24.90,0.1383,true,1,1433782
7290109580210,false,נקנקיות ריינהולד'ס הצרפתיה זוגלובק 300 ג',נקניק זוגלובק נהריה,,נקניקיות ריינהולד'ס,גרמים,300.00,100 גרם,false,,21.90,0.0730,true,1,1437274
7290109580227,false,נקניקיות עוף ובקר בסגנון ברלינאי קאריוורסט,נקניק זוגלובק נהריה,,נקניקיות ריינהולד'ס,גרמים,300.00,100 גרם,false,,21.90,0.0730,true,1,1437275
7290109580241,false,נאגטס מן הצומח זוגלובק 500 גרם,נקניק זוגלובק נהריה,,נאגטס מן הצומח זוגלו,גרמים,500.00,100 גרם,false,,25.90,0.0518,true,1,1439778
7290109580432,false,פסטרמה חזה הודו מעושן דק דק זוגלובק 120 גרם,נקניק זוגלובק נהריה,,פסטרמה אקסטרה מעושנת,גרמים,120.00,100 גרם,false,,14.90,0.1242,true,1,1440053
7290109923147,false,אסטוניש מהדורה פרימיום פלא של אקונומיקה,יעקב יעקבי ובניו בע`מ,,אסטוניש מרסס פלא של,מיליליטרים,750.00,"100 מ""ל",false,,17.90,0.0239,true,1,1441228
7290110110369,false,"שישייה בירה קרלסברג LUMA בקבוק 330 מ""ל",החברה המרכזית להפצת משקאות בעמ,,בירה קרלסברג LUMA שי,מיליליטרים,1980.00,"100 מ""ל",false,,39.90,0.0202,true,1,1429879
7290110110574,false,פחית קוקה קולה סליק זירו לימון 330 מל,החברה המרכזית להפצת משקאות בעמ,,סליק ZERO לימון 330,מיליליטרים,330.00,"100 מ""ל",false,,6.20,0.0188,true,1,1413558
7290110110611,false,ספרייט מופחת 1.5 ליט,החברה המרכזית להפצת משקאות בעמ,,ספרייט ליים 1.5 ליטר,מיליליטרים,1500.00,"100 מ""ל",false,,8.70,0.0058,true,1,1413561
7290110110635,false,ספרייט 0.5 ליים חייב פקדון,החברה המרכזית להפצת משקאות בעמ,,"ספרייט 500 מ""ל LIME",מיליליטרים,500.00,"100 מ""ל",false,,6.50,0.0130,true,1,1413563
7290110110659,false,"ספרייט לימון ליים פחית 330מ""ל",החברה המרכזית להפצת משקאות בעמ,,סליק ספרייט LIME 330,מיליליטרים,330.00,"100 מ""ל",false,,6.20,0.0188,true,1,1413564
7290110110703,false,מארז ספרייט שישייה פחיות FRIDGE PACK,החברה המרכזית להפצת משקאות בעמ,,מארז ספרייט חדש 6 פח,מיליליטרים,1980.00,"100 מ""ל",false,,24.10,0.0122,true,1,1413565
7290110111809,false,"מארז פחיות פאנטה אורנג' שישייה 330 מ""ל",החברה המרכזית לייצור משק,,פאנטה אורנג' 6 פח FR,מיליליטרים,1980.00,"100 מ""ל",false,,24.10,0.0122,true,1,1413572
7290110113421,false,"בירה מעוננת קרלסברג luma 330 מ""ל",החברה המרכזית להפצת משקאות בעמ,,בירה קרלסברג לומה 33,מיליליטרים,330.00,"100 מ""ל",false,,7.90,0.0239,true,1,1440766
7290110113490,false,"פיוז טי אפרסק 19 קלוריות 500 מ""ל",החברה המרכזית להפצת משקאות בעמ,,"פיוז תה אפרסק 500 מ""",מיליליטרים,500.00,"100 מ""ל",false,,8.40,0.0168,true,1,1429491
7290110114800,false,נביעות+ מים מינרליים בטעם ענבים 1.5 ליטר,החברה המרכזית להפצת משקאות בעמ,,מים מינרליים בטעם ענ,מיליליטרים,1500.00,"100 מ""ל",false,,9.20,0.0061,true,1,1437875
7290110114855,false,"נביעות מים מינרליים, שישיה 6 * 1.5 ליטר פקדון",החברה המרכזית להפצת משקאות בעמ,,מים מינרילים נביעות,מיליליטרים,9000.00,"100 מ""ל",false,,13.70,0.0015,true,1,1437880
7290110114893,false,מיץ תפוזים מפוסטר סחוט 2 ליטר,*החברה המרכזית להפצת משקאותבעמ,,סחוט תפוז 2 ליטר,ליטרים,2.00,ליטר,false,,29.20,14.6000,true,1,1437931
7290110114961,false,משקה קל בטעם תפוזים פריגת (1.5 ליטר),החברה המרכזית להפצת משקאות בעמ,,פריגת תפוזים 1.5 ליט,מיליליטרים,1500.00,"100 מ""ל",false,,9.10,0.0061,true,1,1437881
7290110114985,false,משקה קל בטעם אשכוליות פריגת (1.5 ליטר),החברה המרכזית להפצת משקאות בעמ,,פריגת אשכוליות 1.5 ל,מיליליטרים,1500.00,"100 מ""ל",false,,9.10,0.0061,true,1,1437883
7290110114992,false,משקה קל בטעם אשכוליות לייט פריגת (1.5 לי,החברה המרכזית להפצת משקאות בעמ,,פריגת אשכוליות לייט,מיליליטרים,1500.00,"100 מ""ל",false,,7.30,0.0049,true,1,1437884
7290110115005,false,משקה קל בטעם ענבים פריגת (1.5 ליטר),החברה המרכזית להפצת משקאות בעמ,,משקה קל ענבים פריגת,מיליליטרים,1500.00,"100 מ""ל",false,,9.10,0.0061,true,1,1437885
7290110115036,false,משקה קל בטעם מנגו פריגת (1.5 ליטר),החברה המרכזית להפצת משקאות בעמ,,פריגת מנגו 1.5 ליטר,מיליליטרים,1500.00,"100 מ""ל",false,,9.10,0.0061,true,1,1437888
7290110115043,false,משקה קל בטעם לימונענע פריגת (1.5 ליטר),החברה המרכזית להפצת משקאות בעמ,,פריגת לימונענע 1.5 ל,מיליליטרים,1500.00,"100 מ""ל",false,,9.10,0.0061,true,1,1437889
7290110115050,false,משקה קל בטעם תות בננה פריגת (1.5 ליטר),החברה המרכזית להפצת משקאות בעמ,,פריגת מיקס תות-בננה,מיליליטרים,1500.00,"100 מ""ל",false,,9.10,0.0061,true,1,1437890
7290110115081,false,פריגת צלול ענבים 1.5 ליטר פיקדון,החברה המרכזית להפצת משקאות בעמ,,פריגת צלול בטעם ענבי,מיליליטרים,1500.00,"100 מ""ל",false,,8.80,0.0059,true,1,1437892
7290110115104,false,פריגת צלול אפרסק 1.5 ליטר פיקדון,החברה המרכזית להפצת משקאות בעמ,,פריגת צלול בטעם אפרס,מיליליטרים,1500.00,"100 מ""ל",false,,8.80,0.0059,true,1,1437894
7290110115180,false,נביעות מים מינרלים שקט 1.5 ליטר פיקדון,החברה המרכזית להפצת משקאות בעמ,,מים מינרילים נביעות,מיליליטרים,1500.00,"100 מ""ל",false,,4.50,0.0030,true,1,1441635
7290110115203,false,קוקה קולה 1.5 ליטר פיקדון,החברה המרכזית להפצת משקאות בעמ,,קוקה קולה 1.5 ליטר,מיליליטרים,1500.00,"100 מ""ל",false,,8.90,0.0059,true,1,1437902
7290110115210,false,קוקה קולה דיאט 1.5 ליטר פיקדון,החברה המרכזית להפצת משקאות בעמ,,דיאט קוקה קולה 1.5 ל,מיליליטרים,1500.00,"100 מ""ל",false,,8.60,0.0057,true,1,1437903
7290110115227,false,קוקה קולה Zero בקבוק 1.5 ליטר פיקדון,החברה המרכזית להפצת משקאות בעמ,,קוקה קולה זירו בקבוק,מיליליטרים,1500.00,"100 מ""ל",false,,8.80,0.0059,true,1,1437904
7290110115265,false,ספרייט לימון ליים 1.5 ליטר-,החברה המרכזית להפצת משקאות בעמ,,ספרייט ליים 1.5 ליטר,מיליליטרים,1500.00,"100 מ""ל",false,,8.90,0.0059,true,1,1437908
7290110115319,false,פאנטה אקזוטי פירות טרופיים 1.5ל פיקדון,החברה המרכזית להפצת משקאות בעמ,,פאנטה אקזוטיק 1.5 לי,מיליליטרים,1500.00,"100 מ""ל",false,,9.10,0.0061,true,1,1437911
7290110115333,false,גזוז בטעם תות פאנטה 1.5 ליטר פיקדון,החברה המרכזית להפצת משקאות בעמ,,פאנטה תות 1.5 ליטר,מיליליטרים,1500.00,"100 מ""ל",false,,9.10,0.0061,true,1,1437913
7290110115340,false,פאנטה ענבים 1.5 ליטר פיקדון,החברה המרכזית להפצת משקאות בעמ,,פאנטה ענבים 1.5 ליטר,מיליליטרים,1500.00,"100 מ""ל",false,,9.10,0.0061,true,1,1437914
7290110115357,false,קינלי סודה 1.5 ליטר פיקדון,החברה המרכזית להפצת משקאות בעמ,,קינלי סודה 1.5 ליטר,מיליליטרים,1500.00,"100 מ""ל",false,,4.30,0.0029,true,1,1437915
7290110115364,false,קוקה קולה שישיות 1.5 ליטר פיקדון,החברה המרכזית להפצת משקאות בעמ,,קוקה קולה 6*1.5 ליטר,ליטרים,9.00,ליטר,false,,51.10,5.6778,true,1,1437916
7290110115371,false,דיאט קוקה קולה שישיות 1.5 ליטר פיקדון,החברה המרכזית להפצת משקאות בעמ,,דיאט קוקה קולה 6*1.5,ליטרים,9.00,ליטר,false,,49.70,5.5222,true,1,1438202
7290110115388,false,ספרייט לימון ליים 1.5 ליטר מארז שישייה,החברה המרכזית להפצת משקאות בעמ,,ספרייט ליים שישיה 1.,מיליליטרים,9000.00,"100 מ""ל",false,,51.70,0.0057,true,1,1437917
7290110115395,false,ספרייט זירו שישיות 1.5 ליטר פיקדון,החברה המרכזית להפצת משקאות בעמ,,ספרייט זירו שישיה 1.,מיליליטרים,9000.00,"100 מ""ל",false,,47.90,0.0053,true,1,1437918
7290110115401,false,קינלי סודה שישייה 1.5 ליטר פיקדון,החברה המרכזית להפצת משקאות בעמ,,שישיית קינלי סודה 1.,מיליליטרים,9000.00,"100 מ""ל",false,,15.70,0.0017,true,1,1437919
7290110115418,false,קוקה קולה זירו 1.5 ליטר מארז שישייה,החברה המרכזית להפצת משקאות בעמ,,קולה זירו קוקה קולה,מיליליטרים,9000.00,"100 מ""ל",false,,49.70,0.0055,true,1,1437920
7290110115449,false,פיוז-טי תה מנגו אננס 1.5 ליטר פיקדון,החברה המרכזית להפצת משקאות בעמ,,תה קר מנגו אננס פיוז,מיליליטרים,1500.00,"100 מ""ל",false,,9.50,0.0063,true,1,1437923
7290110115463,false,פיוז-טי תה אפרסק 1.5 ליטר פיקדון,החברה המרכזית להפצת משקאות בעמ,,תה קר אפרסק פיוז-טי,מיליליטרים,1500.00,"100 מ""ל",false,,9.50,0.0063,true,1,1437925
7290110115494,false,תה קר בטעם ענבים פיוז טי 1.5 ליטר,החברה המרכזית להפצת משקאות בעמ,,תה קר בטעם ענבים פיו,מיליליטרים,1500.00,"100 מ""ל",false,,9.50,0.0063,true,1,1437928
7290110115623,false,פיוז-טי תה אפרסק זירו 1.5 ליטר פיקדון,החברה המרכזית להפצת משקאות בעמ,,פיוז תה אפרסק זירו 1,מיליליטרים,1500.00,"100 מ""ל",false,,8.90,0.0059,true,1,1439917
7290110115821,false,"ספרייט לימון, 1.5 ליטר פקדון",כלורוקס אוקלנד,,ספרייט ליים 1.5 ליטר,מיליליטרים,1500.00,"100 מ""ל",false,,8.70,0.0058,true,1,1438693
7290110115838,false,"ספרייט זירו, 1.5 ליטר פקדון","אינסטנטה בע""מ",,ספרייט זירו 1.5 ליט,מיליליטרים,1500.00,"100 מ""ל",false,,8.90,0.0059,true,1,1441483
7290110115869,false,קוקה קולה זירו 1.5 ליטר פיקדון,תות תעשיות מזון (201,,קוקה קולה זירו בקבוק,מיליליטרים,1500.00,"100 מ""ל",false,,8.50,0.0057,true,1,1438447
7290110115876,false,קינלי סודה 1.5 ליטר,"אינסטנטה בע""מ",,קינלי סודה 1.5 ליטר,מיליליטרים,1500.00,"100 מ""ל",false,,4.30,0.0029,true,1,1441481
7290110116064,false,פאנטה זירו בטעם פירות ירוק 1.5 ל פיקדון,החברה המרכזית להפצת משקאות בעמ,,פאנטה ZERO פירות יר,מיליליטרים,1500.00,"100 מ""ל",false,,9.10,0.0061,true,1,1440202
7290110116484,false,פריגת סחוט מיקס תות בננה 1ליטר,*החברה המרכזית להפצת משקאותבעמ,,פריגת מיקס תות בננה,מיליליטרים,1000.00,"100 מ""ל",false,,16.20,0.0162,true,1,1442503
7290110116507,false,פריגת סחוט מיקס אננס בננה אגס 1ליטר,*החברה המרכזית להפצת משקאותבעמ,,פריגת מיקס אננס בננה,מיליליטרים,1000.00,"100 מ""ל",false,,16.20,0.0162,true,1,1442505
7290110116552,false,ספרייט לימון היט 1.5 ליטר LIME פיקדון,החברה המרכזית להפצת משקאות בעמ,,ספרייט למון היט 1.5,מיליליטרים,1500.00,"100 מ""ל",false,,8.90,0.0059,true,1,1441636
7290110116569,false,ספרייט זירו 1.5 ליטר LEMON HIT פיקדון,החברה המרכזית להפצת משקאות בעמ,,ספרייט זירו למון היט,מיליליטרים,1500.00,"100 מ""ל",false,,8.60,0.0057,true,1,1441637
7290110320850,false,פתיתים גבינה חצי קשה מגורדת 28% שומן,תנובה מרכז שיתופי לש,,גבינת עמק 28% שומן פ,גרמים,200.00,100 גרם,false,,15.90,0.0795,true,1,1411609
7290110321277,false,קוטג בקטנה 5%. 100 גרם מהדרין תנובה,פארייפאבה אגרואינדוס,,קוטג' בקטנה 5%,גרמים,100.00,100 גרם,false,,2.70,0.0270,true,1,1411620
7290110321284,false,קוטג' בקטנה 9% תנובה 100 גרם מהדרין,פארייפאבה אגרואינדוס,,קוטג בקטנה 9%,גרמים,100.00,100 גרם,false,,2.70,0.0270,true,1,1423577
7290110321680,false,יוגורט GO בטעם תות 20 גרם חלבון בגביע,מיוצר עי קונדיטוריית,,יוגורט 2.9% תות גו 2,גרמים,200.00,100 גרם,false,,5.50,0.0275,true,1,1411626
7290110321697,false,יוגורט GO בטעם אפרסק 20 גרם חלבון בגביע,מיוצר עי קונדיטוריית,,יוגורט 2.9% אפרסק גו,גרמים,200.00,100 גרם,false,,5.70,0.0285,true,1,1411627
7290110321703,false,יוגורט עם פירות יער בתוספת חלבוני חלב 2% שומן,מיוצר עי קונדיטוריית,,יוגורט 2.9% פירות יע,גרמים,200.00,100 גרם,false,,5.70,0.0285,true,1,1411628
7290110323073,false,"משקה יוגורט יופלה גו תות פטל 250 מ""ל - רבנות",מיוצר עי קונדיטוריית,,משקה יוגורט 1% 20 גר,מיליליטרים,250.00,"100 מ""ל",false,,6.30,0.0252,true,1,1411646
7290110323585,false,יופלה יוגורט עם דובדבן מופחת קלוריות 200 ג' GO,"תנובה בע""מ ***",,יוגורט לייט 0.5% מוע,גרמים,200.00,100 גרם,false,,5.70,0.0285,true,1,1411657
7290110323592,false,יוגורט GO לייט בטעם אפרסק 20 גרם חלבון בגביע,תנובה בעמ ***,,יוגורט לייט 0.5% מוע,גרמים,200.00,100 גרם,false,,5.70,0.0285,true,1,1411658
7290110324353,false,יוגורט GO לייט בטעם אננס 20 גרם חלבון בגביע,מיוצר עי קונדיטוריית,,יוגורט 0.5% מועשר אנ,גרמים,200.00,100 גרם,false,,5.70,0.0285,true,1,1411673
7290110324926,false,משקה סויה ללא תוספת סוכר E אלטרנטיב,תנובה מרכז שיתופי לש,,משקה סויה ללא תוספת,מיליליטרים,1000.00,"100 מ""ל",false,,10.90,0.0109,true,1,1411696
7290110325114,false,"משקה יוגורט יופלה גו לייט תות בננה 250 מ""ל - רבנות",מיוצר עי קונדיטוריית,,משקה יוגורט 0.6% מוע,מיליליטרים,250.00,"100 מ""ל",false,,5.90,0.0236,true,1,1411699
7290110325305,false,יופלה GO סויה 20 גרם חלבון במתיקות מעודנת תנובה 200 גרם,מיוצר עי קונדיטוריית,,מעדן סויה גו מועשר ב,גרמים,200.00,100 גרם,false,,5.70,0.0285,true,1,1423879
7290110325312,false,יופלה GO סויה 20 גרם חלבון בטעם תות תנובה 200 גרם,תנובה בעמ ***,,מעדן סויה גו מועשר ת,גרמים,200.00,100 גרם,false,,5.70,0.0285,true,1,1423880
7290110325619,false,משקה שיבולת שועל תנובה E אלטרנטיב,מיוצר עי קונדיטוריית,,משקה שיבולת שועל 1 ל,מיליליטרים,1000.00,"100 מ""ל",false,,12.90,0.0129,true,1,1431440
7290110325893,false,משקה חלב GO מועשר בחלבון בטעם אייס קפה,מיוצר עי קונדיטוריית,,תנובה GO אייס קפה 34,מיליליטרים,340.00,"100 מ""ל",false,,7.70,0.0226,true,1,1434232
7290110326227,false,יופלה און טופ קורנפלקס תנובה 157 גרם,מיוצר עי קונדיטוריית,,יופלה און טופ קורנפל,גרמים,157.00,100 גרם,false,,5.00,0.0318,true,1,1429137
7290110326333,false,פרוסות גבינה סקנדינבית 170 גר`קולקשיין,"תנובה בע""מ ***",,פרוסות גבינה סקנדינב,גרמים,170.00,100 גרם,false,,19.90,0.1171,true,1,1432879
7290110327033,false,משקה סויה תנובה גו מועשר בחלבון במתיקות מופחתת,מיוצר עי קונדיטוריית,,משקה סויה מועשר בחלב,מיליליטרים,1000.00,"100 מ""ל",false,,12.90,0.0129,true,1,1432852
7290110328627,false,יוגורט יופלה GO במרקם סמיך בטעם בננה קרמל 0%,מיוצר עי קונדיטוריית,,יוגורט גו סמיך בננה,גרמים,200.00,100 גרם,false,,5.90,0.0295,true,1,1437473
7290110328764,false,יוגורט יופלה GO במרקם סמיך עם תות 0%,מיוצר עי קונדיטוריית,,יוגורט גו סמיך תות י,גרמים,200.00,100 גרם,false,,5.90,0.0295,true,1,1437474
7290110328771,false,יוגורט יופלה GO במרקם סמיך עם פירות יער 0%,מיוצר עי קונדיטוריית,,יוגורט גו סמיך 0% פי,גרמים,200.00,100 גרם,false,,5.90,0.0295,true,1,1437475
7290110328788,false,יוגורט יופלה GO במרקם סמיך בטעם אפרסק 0%,תנובה מרכז שיתופי לש,,יוגורט גו סמיך אפרסק,גרמים,200.00,100 גרם,false,,5.90,0.0295,true,1,1437476
7290110329136,false,מעדן חלב מעושר בחלבון בטעם שוקולד 120 ג' GO,תנובה מרכז שיתופי לש,,מעדן חלב גו בטעם שוק,גרמים,120.00,100 גרם,false,,4.90,0.0408,true,1,1437650
7290110329143,false,מעדן חלב מעושר בחלבון בטעם וניל גביע 120 ג' GO,תנובה מרכז שיתופי לש,,מעדן חלב גו בטעם וני,גרמים,120.00,100 גרם,false,,4.90,0.0408,true,1,1437651
7290110329792,false,יוגורט סויה BIO Alternative אפרסק 150 ג' תנובה,מיוצר עי קונדיטוריית,,מעדן סויה ביו אפרסק,גרמים,150.00,100 גרם,false,,4.80,0.0320,true,1,1438253
7290110329822,false,יוגורט סויה BIO Alternative פירות יער 150 ג' תנובה,מיוצר עי קונדיטוריית,,מעדן סויה ביו פירות,גרמים,150.00,100 גרם,false,,4.80,0.0320,true,1,1438247
7290110474560,false,אוזניות מיקרופון NEW AGE SOUND,Unknown,,אוזניות מיקרופון NEW,יחידה,1.00,יחידה,false,,49.90,49.9000,true,1,1438887
7290110476397,false,שמונה סוללות אלקליין AA + ארבע סוללות אלקליין AA,,,סוללות אלקליין AA 8+,יחידה,1.00,יחידה,false,,14.90,14.9000,true,1,1438895
7290110476403,false,ארבע סוללות אלקליין,,,ארבע סוללות אלקליין,יחידה,1.00,יחידה,false,,6.90,6.9000,true,1,1438896
7290110476410,false,ארבע סוללות אלקליין,,,ארבע סוללות אלקליין,יחידה,1.00,יחידה,false,,6.90,6.9000,true,1,1438897
7290110476601,false,כבל מטאל טייפ סי,Unknown,,כבל METAL CHARGE טיי,יחידה,1.00,יחידה,false,,29.90,29.9000,true,1,1438902
7290110550370,false,פריכיות משולשות קינואה ופלפל שחור 65 גרם,"שטראוס גרופ בע""מ",,משולשות קינואה ופלפל,גרמים,65.00,100 גרם,false,,9.90,0.1523,true,1,1441345
7290110552121,false,יוגורט 5% בתוספת סידן וויטמין D היוגורט הראשון שלי,שטראוס גרופ בעמ/מצונן,,היוגורט הראשון שלי ד,גרמים,100.00,100 גרם,false,,2.50,0.0250,true,1,1439604
7290110552220,false,יוגורט PRO בטעם תות 0% סוכר לבן 20 גרם חלבון בגביע,שטראוס גרופ בעמ/מצונן,,דנונה פרו 20 גרם ללא,גרמים,200.00,100 גרם,false,,5.90,0.0295,true,1,1438358
7290110552237,false,יוגורט פרו בטעם אפרסק מנגו ללא סוכר 200 ג' דנונה,שטראוס גרופ בעמ/מצונן,,דנונה פרו 20 גרם ללא,גרמים,200.00,100 גרם,false,,5.90,0.0295,true,1,1438359
7290110552817,false,צנצנת מסטיק - גלידה לימון 58 גרם וועסטהיים,אסקום קונפקשיין,,מסטיק בטעם גלידה לי,גרמים,58.00,100 גרם,false,,9.90,0.1707,true,1,1440389
7290110553029,false,"אנרג'י קריספס-פריכיות חומוס, עדשים ואפונה עם קייל וסלק","פרח תעשיו מזון בע""מ",,פריכיות חלבון קייל ח,גרמים,60.00,100 גרם,false,,9.90,0.1650,true,1,1438587
7290110553036,false,קריספס-פריכיות עם אפונה ובטטה סגולה בטעם בצל מקורמל,"פרח תעשיו מזון בע""מ",,פריכת חלבון בטטה סגו,גרמים,60.00,100 גרם,false,,9.90,0.1650,true,1,1438588
7290110553104,false,נסקפה קפוצ'ינו סטיק קלאסי 130 ג' עלית,שטראוס גרופ בע`מ,,קפוצ'ינו סטיק קלאסי,גרמים,130.00,100 גרם,false,,13.90,0.1069,true,1,1441648
7290110553173,false,אנרגי פריכיות אורז בטעם קרמל 50 גרם,סאנורייס בלגיום,,פריכיות קרמל אנרגי 4,גרמים,40.00,100 גרם,false,,5.90,0.1475,true,1,1441346
7290110554422,false,פומודורו רוטב עגבניות ופלפלים לשקשוקה לפסטה יד מרדכי 350 גרם,אמיליאנה קונסרב סוסייטה,,רוטב עגבניות ופלפלים,גרמים,350.00,100 גרם,false,,11.90,0.0340,true,1,1438590
7290110554460,false,ציטוס קראנץ צ'דר חלפיניו 65 ג' עלית,שטראוס פריטו ליי בעמ,,ציטוס קראנץ צ'דר חלפ,גרמים,65.00,100 גרם,false,,3.50,0.0538,true,1,1439955
7290110554583,false,מארז חטיפי צ'יטוס פאפס בטעם גבינה - 10 יחידות,"שטראוס פריטו ליי בע""\מ )",,מארז ציטוס פאפ גבינה,גרמים,200.00,100 גרם,false,,12.90,0.0645,true,1,1438164
7290110554699,false,"קפה עולה קפסולות אספרסו קלייה איטית וכהה מאוד, 10 * 50 ג'",שטראוס קפה בי.וי.,,קפסולות קפה עולה נספ,גרמים,50.00,100 גרם,false,,18.90,0.3780,true,1,1441348
7290110554705,false,קפסולות נספרסו לקפה יוניקו סדרת בתי הקלייה 10יח,שטראוס קפה בי.וי.,,קפסולות קפה יוניקו נ,גרמים,50.00,100 גרם,false,,18.90,0.3780,true,1,1441349
7290110555603,false,ספלנדיד אבקה להכנת משקה בטעם שוקולטה,"שטראוס גרופ בע""מ",,שוקולוטה ספלנדיד 360,גרמים,360.00,100 גרם,false,,20.90,0.0581,true,1,1441650
7290110555665,false,קקאו דל שומן עלית בקופסא 220 גרם,"שטראוס גרופ בע""מ",,קקאו דל שומן קופסא ע,גרמים,220.00,100 גרם,false,,18.90,0.0859,true,1,1441651
7290110556242,false,"שוקולד מריר פרווה 100 גר' בד""ץ תוצרת חוץ","שטראוס גרופ בע""מ.",,שוקולד מריר פרווה על,גרמים,100.00,100 גרם,false,,5.50,0.0550,true,1,1441360
7290110557102,false,מעדן חלב עם שוקולד מועשר בחלבון 150 ג' שטראוס,שטראוס גרופ בעמ/מצונן,,מעדן פרו חלב עם שוקו,גרמים,150.00,100 גרם,false,,4.90,0.0327,true,1,1439489
7290110557133,false,מעדן הגולן וניל 125 ג' שטראוס,שטראוס גרופ בעמ/מצונן,,מעדן הגולן וניל 125,גרמים,125.00,100 גרם,false,,2.90,0.0232,true,1,1437441
7290110557317,false,יוגורט בתוספת סידן וויטמין ד עם שיבולת שועל 100 ג' דנונה,שטראוס גרופ בעמ/מצונן,,היוגורט הראשון שלי ד,גרמים,100.00,100 גרם,false,,2.50,0.0250,true,1,1439609
7290110557478,false,חומוס גלילי במרקם מעודן 600 גרם,שטראוס גרופ בעמ/מצונן,,חומוס גלילי אחלה 600,גרמים,600.00,100 גרם,false,,12.90,0.0215,true,1,1439124
7290110558130,false,יוגורט אקטיביה עם שיבולת שועל ודבש 150 גרם,שטראוס גרופ בעמ/מצונן,,אקטיביה עם שיבולת שו,גרמים,150.00,100 גרם,false,,4.50,0.0300,true,1,1440138
7290110558154,false,דנונה לייט אנד פרי עוגת תפוחים 150ג דנונה,שטראוס גרופ בעמ/מצונן,,דנונה לייט אנד פרי ע,גרמים,150.00,100 גרם,false,,4.50,0.0300,true,1,1440861
7290110558284,false,דנונה ביו מולטי שטראוס 200 גרם,שטראוס גרופ בעמ/מצונן,,דנונה ביו מולטי 200,גרמים,200.00,100 גרם,false,,4.90,0.0245,true,1,1440366
7290110558314,false,דנונה פרו 20 גרם חלבון ללא סוכר פיסטוק 200 גרם,שטראוס גרופ בעמ/מצונן,,דנונה פרו ללא סוכר פ,גרמים,200.00,100 גרם,false,,5.90,0.0295,true,1,1440865
7290110558666,false,מעדן גבינה בטעם תפוח 88 ג' דניאלה,שטראוס גרופ בעמ/מצונן,,דניאלה בטעם תפוח 88,גרמים,88.00,100 גרם,false,,4.10,0.0466,true,1,1441583
7290110559007,false,"שועועית חומה טעם הטבע קופסה, 380 גרם",שטראוס גרופ בע`מ,,שעועית חומה שטראוס ט,גרמים,380.00,100 גרם,false,,6.80,0.0179,true,1,1440775
7290110559014,false,שעועית שחורה מבושלת טעם הטבע 380 גרם,שטראוס גרופ בע`מ,,שעועית שחורה שטראוס,גרמים,380.00,100 גרם,false,,6.80,0.0179,true,1,1440776
7290110559748,false,ריל מאגדת שקדים קוקוס ושוקולד מריר שטראוס 105 גרם,"ואמואליס פודס אס.איי,",,ריל מאגדת שקדים קוקו,גרמים,105.00,100 גרם,false,,15.90,0.1514,true,1,1440080
7290110559755,false,ריל מאגדת בוטנים פיסטוק וחמוציות שטראוס 105 גרם,"ואמואליס פודס אס.איי,",,ריל מאגדת בוטנים פיס,גרמים,105.00,100 גרם,false,,15.90,0.1514,true,1,1440081
7290110559762,false,ריל מאגדת אגוזים תמרים קוקוס שטראוס 105 גרם,"ואמואליס פודס אס.איי,",,ריל מאגדת אגוזים תמר,גרמים,105.00,100 גרם,false,,15.90,0.1514,true,1,1440082
7290110561352,false,דנונה יוגורט ביו פרוביוטי 3% דל לקטוז 150ג',שטראוס גרופ בעמ/מצונן,,דנונה דל לקטוז 200 ג,גרמים,200.00,100 גרם,false,,3.50,0.0175,true,1,1405908
7290110561604,false,מארז 8 יחידות מעדן גמדים בטעם תות בננה,שטראוס גרופ בעמ/מצונן,,שמיניית גמדים תות בנ,גרמים,800.00,100 גרם,false,,17.90,0.0224,true,1,1405915
7290110563431,false,"משקה קפה קר בסגנון קלאסי 230 מ""ל 1.6% יוטבתה",שטראוס גרופ בעמ/מצונן,,משקה קפה קר קלאסי 1.,מיליליטרים,230.00,"100 מ""ל",false,,7.90,0.0343,true,1,1405916
7290110563448,false,"משקה קפה קר בסגנון מעודן 230 מ""ל 1.6% יוטבתה",שטראוס גרופ בעמ/מצונן,,משקה קפה קר מעודן 1.,מיליליטרים,230.00,"100 מ""ל",false,,7.90,0.0343,true,1,1405917
7290110563462,false,חלב 2% דל לקטוז בבקבוק יטבתה 1 ליטר.,שטראוס גרופ בעמ/מצונן,,חלב בבקבוק נטול לקטו,מיליליטרים,1000.00,"100 מ""ל",false,,7.90,0.0079,true,1,1405919
7290110564339,false,חומוס אחלה הסידרה המובחר 30% טחינה 400 גר',שטראוס גרופ בעמ/מצונן,,חומוס עשיר ב 30% טחי,גרמים,400.00,100 גרם,false,,13.90,0.0348,true,1,1405923
7290110564360,false,חומוס אחלה הסידרה המובחר 40% טחינה 400 גר',שטראוס גרופ בעמ/מצונן,,חומוס עשיר 40% טחינה,גרמים,400.00,100 גרם,false,,13.90,0.0348,true,1,1405924
7290110564414,false,חומוס אחלה הסידרה המובחר 30% טחינה 600 גר',שטראוס גרופ בעמ/מצונן,,חומוס עשיר 30% טחינה,גרמים,600.00,100 גרם,false,,14.90,0.0248,true,1,1405928
7290110564742,false,"משקה קפה קר בסגנון חזק 230 מ""ל 1.2% יוטבתה",שטראוס גרופ בעמ/מצונן,,משקה קפה קר בסגנון ח,מיליליטרים,230.00,"100 מ""ל",false,,7.90,0.0343,true,1,1405934
7290110565527,false,יוגורט PRO פרו 1.5% 20 גרם חלבון בגביע,שטראוס גרופ בעמ/מצונן,,יוגורט פרו 20 גרם חל,גרמים,200.00,100 גרם,false,,5.90,0.0295,true,1,1405940
7290110566623,false,קפסולות קולומביה עלית 08 למכונת נספרסו מארז 5X10ג',שטראוס קפה בי.וי.,,קפסולות 08 קולומביה,יחידה,10.00,יחידה,false,,17.90,1.7900,true,1,1416684
7290110566975,false,דנונה פרו יוגורט 0% תות עשיר בחלבון 200ג',שטראוס גרופ בעמ/מצונן,,יוגורט דנונה פרו 20,גרמים,200.00,100 גרם,false,,5.90,0.0295,true,1,1405946
7290110568238,false,"קצפת צמחית 21% שומן 250 מ""ל יוטבתה",שטראוס גרופ בעמ/מצונן,,קצפת צמחית 21% 250 מ,מיליליטרים,250.00,"100 מ""ל",false,,7.90,0.0316,true,1,1405954
7290110568276,false,משקה וניל פרו Pro מועשר בחלבון 1.5%,שטראוס גרופ בעמ/מצונן,,יטבתה פרו וניל 350 מ,מיליליטרים,350.00,"100 מ""ל",false,,6.50,0.0186,true,1,1405955
7290110571382,false,מעדן חלב בטעם וניל מעושר בחלבון 150 ג' שטראוס,שטראוס גרופ בעמ/מצונן,,מעדן חלב בטעם וניל מ,גרמים,150.00,100 גרם,false,,4.90,0.0327,true,1,1439128
7290110571405,false,עלית - מיני פינוקיות בגביע פסק זמן 180 גרם,שטראוס גרופ בע`מ,,מיני פינוקיות בגביע,גרמים,180.00,100 גרם,false,,10.90,0.0606,true,1,1441654
7290110571412,false,מיני פינוקיות - פאדג' שוקולד בגביע 180 גרם,"שטראוס גרופ בע""מ",,מיני פינוקיות בגביע,גרמים,180.00,100 גרם,false,,10.90,0.0606,true,1,1441655
7290110571474,false,אצבעות רבע לשבע טבעוני פופקורן 125גר`,"הגביע מוצרי וופלים בע""\מ",,רבע לשבע טבעוני פופק,גרמים,125.00,100 גרם,false,,10.90,0.0872,true,1,1440393
7290110572129,false,כיף כף מקלות שוקולד לבן 40 ג' עלית,סולן בעבור שטראוס,,כיף כף מקלות שוקולד,גרמים,40.00,100 גרם,false,,4.90,0.1225,true,1,1441656
7290110572884,false,"קפסולות קפה מספר 20 למכונת אספרס אספרסו, 50 גרם",שטראוס קפה בי.וי.,,קפסולות 20 למכונות נ,גרמים,50.00,100 גרם,false,,17.90,0.3580,true,1,1441657
7290110572969,false,כיף כף פצפצים עלית קרם לבן (40 גר`),שולן צ'\יקולטה גידה סאן.,,כיף כף פצפצים קרם לב,גרמים,40.00,100 גרם,false,,5.00,0.1250,true,1,1440779
7290110576318,false,מאגדת שלישיית שוקולד אגוז לבן 300 ג' עלית,"שטראוס גרופ בע""מ",,שוקולד אגוז לבן עלית,גרמים,300.00,100 גרם,false,,24.90,0.0830,true,1,1441351
7290110576356,false,"שוקולד ספלנדיד מריר 64% - חלבי , מפולי קקאו מפרו",שטראוס גרופ בע`מ,,ספלנדיד שוקולד מריר,גרמים,100.00,100 גרם,false,,7.90,0.0790,true,1,1440395
7290110576370,false,מארז שלישייה שוקולד מריר חלבי עם אגוזי לוז,שטראוס גרופ בע`מ,,שוקולד אגוז מריר עלי,גרמים,300.00,100 גרם,false,,24.90,0.0830,true,1,1441352
7290110576752,false,טבלאות שוקולד ספלנדיד מריר 70% 100 ג' עלית,"שטראוס גרופ בע""מ",,שוקולד ספלנדיד מריר,גרמים,100.00,100 גרם,false,,10.90,0.1090,true,1,1441660
7290110576776,false,טבלאות שוקולד ספלנדיד מריר 85% 100 ג' עלית,שטראוס גרופ בע`מ,,שוקולד ספלנדיד מריר,גרמים,100.00,100 גרם,false,,10.90,0.1090,true,1,1441661
7290110576790,false,סקי בטעם מוקה 3% (125 גר`) דנונה,שטראוס גרופ בעמ/מצונן,,סקי בטעם מוקה שטראוס,גרמים,125.00,100 גרם,false,,3.70,0.0296,true,1,1441585
7290110577230,false,משקה חלב בטעם פיסטוק בבקבוק יטבתה 1 ליטר,שטראוס גרופ בעמ/מצונן,,משקה חלב בטעם פיסטוק,מיליליטרים,1000.00,"100 מ""ל",false,,11.90,0.0119,true,1,1441588
7290111350726,false,חטיף נאצוס הוטפופ בסגנון מקסיקני 322 גר,ליימן שליסל בע`מ,,חטיף נאצ'וס בסגנון מ,גרמים,332.00,100 גרם,false,,16.90,0.0509,true,1,1412369
7290111352973,false,יוגוטה קוביות חמוצות ממולאות בטעם פירות,ליימן שליסל בע`מ,,קוביות חמוצות 220 גר,גרמים,220.00,100 גרם,false,,9.90,0.0450,true,1,1431335
7290111353451,false,חטיף בירקות שורש ומלח ים הוטפופ 120 גרם,איץ.סיי גרופ אס.דה א,,הוטפופ ווג'י צ'יפס י,גרמים,120.00,100 גרם,false,,14.90,0.1242,true,1,1433145
7290111353475,false,שטיחים חמוצים בטעם פירות 200 גר` יוגטה,ליימן שליסל בע`מ,,שטיחים חמוצים יוגטה,גרמים,250.00,100 גרם,false,,9.90,0.0396,true,1,1438436
7290111353482,false,מקלות חמוצים ממולאות בטעמי פירות יוגטה 200 גרם,ליימן שליסל בע`מ,,קוביות חמוצות 220 גר,גרמים,220.00,100 גרם,false,,9.90,0.0450,true,1,1438437
7290111534010,false,פס גבינה שמנת פירורים קפולסקי 400 גרם,תופינים מקבוצת קפולסקי,,פס גבינה שמנת ופירור,גרמים,400.00,100 גרם,false,,39.90,0.0997,true,1,1417581
7290111560873,false,בונז'ור לחמניה עגולה 100ג',Unknown,,בונז'ור לחמניית המבו,גרמים,100.00,100 גרם,false,,2.90,0.0290,true,1,1428777
7290111564277,false,פריכיות דקות ונימוחות 3 דגנים פיטנס Fitness,קבוצת אוסם סחר שותפות מוגבלת,,פריכיות 3 דגנים דקות,גרמים,120.00,100 גרם,false,,10.90,0.0908,true,1,1407376
7290111564291,false,פריכיות דקות ונימוחות 3 דגנים וקינואה פיטנס Fitness,קבוצת אוסם סחר שותפות מוגבלת,,פריכיות דקות 3 דגנים,גרמים,120.00,100 גרם,false,,10.90,0.0908,true,1,1407377
7290111564666,false,כדורי בשר צמחוניים עם המון חלבון,קבוצת אוסם סחר שותפות מוגבלת,,טבעול כדורי בשר מן ה,גרמים,500.00,100 גרם,false,,31.90,0.0638,true,1,1407380
7290111566271,false,טבעול חטיפי תירס 657 גרם קפוא,קבוצת אוסם סחר שותפות מוגבלת,,טבעול חטיפי תירס 657,גרמים,657.00,100 גרם,false,,30.90,0.0470,true,1,1407399
7290111568206,false,ביסלי פארטי מיקס אסם 150 גר',קבוצת אוסם סחר שותפות מוגבלת,,ביסלי פארטי מיקס 150,גרמים,150.00,100 גרם,false,,7.90,0.0527,true,1,1407419
7290111568251,false,אטריות נודלס להקפצה אסם אסייתי 350 גר',קבוצת אוסם סחר שותפות מוגבלת,,נודלס אטריות להקפצה,גרמים,350.00,100 גרם,false,,9.90,0.0283,true,1,1407420
7290111568466,false,רוטב אסייתי למוקפץ הסדרה האסייתית,קבוצת אוסם סחר שותפות מוגבלת,,אסם רוטב אסייתי למוק,מיליליטרים,290.00,"100 מ""ל",false,,11.90,0.0410,true,1,1407425
7290111568961,false,אסם בייגלה טבעות מלוח 400 גר`,קבוצת אוסם סחר שותפות מוגבלת,,אסם בייגלה טבעות מלח,גרמים,400.00,100 גרם,false,,10.90,0.0273,true,1,1407430
7290111739088,false,שלישיית בוקסר (L) לייקרה UMBRO,,,שלישיית בוקסר (L) לי,100 יחידה,1.00,100 יחידה,false,,49.90,49.9000,true,1,1431170
7290111872938,false,נרות יום הולדת - כח,,,נרות יום הולדת - כח,יחידה,1.00,יחידה,false,,2.50,2.5000,true,1,1424704
7290111873409,false,נרות מטה כוכבים מיניונים,,,נרות מטה כוכבים - מי,יחידה,1.00,יחידה,false,,5.60,5.6000,true,1,1424713
7290111930898,false,חטיף פוף כוכבים גריל אמריקאי 40 גרם,ש. שסטוביץ בע`מ,,חטיף תפוח אדמה בטעם,גרמים,40.00,100 גרם,false,,3.90,0.0975,true,1,1414276
7290111930911,false,חטיף פוף לבבות קלאסי 40 גרם,ש. שסטוביץ בע`מ,,חטיף תפוח אדמה בטעם,גרמים,40.00,100 גרם,false,,3.90,0.0975,true,1,1414278
7290111930928,false,חטיף פוף לבבות גריל 40 גרם,ש. שסטוביץ בע`מ,,חטיף תפוח אדמה בטעם,גרמים,40.00,100 גרם,false,,3.90,0.0975,true,1,1414279
7290111930935,false,חטיף פוף טבעות קלאסי 40 גרם,ש. שסטוביץ בע`מ,,חטיף תפוח אדמה בטעם,גרמים,40.00,100 גרם,false,,3.90,0.0975,true,1,1414280
7290111933554,false,שלישייה עגבניות קוביות מאסטר שף 400 גרם,קונסוריזיו קאסאלסקו,,קוביות עגבניות מאסטר,גרמים,1200.00,100 גרם,false,,16.90,0.0141,true,1,1428108
7290111936784,false,מארז חמישיית חטיפי תמרים ואגוזי לוז פרי 125 גרם,"טבעית מוצרים מהטבע בע""\מ",,חטיף תמרים ואגוזי לו,גרמים,125.00,100 גרם,false,,16.90,0.1352,true,1,1428225
7290111937248,false,פרי מארז חטיפים 5 יחידות תמרים קשיו ונגיעות לוז כשלפ,"טבעית מוצרים מהטבע בע""\מ",,חטיף תמרים קשיו ונגי,יחידה,5.00,יחידה,false,,16.90,3.3800,true,1,1421190
7290111937255,false,מארז חמישיית חטיפי תמרים בוטנים ואגוזי לוז פרי 125 גרם,"טבעית מוצרים מהטבע בע""\מ",,חטיף תמרים בוטנים וא,יחידה,5.00,יחידה,false,,16.90,3.3800,true,1,1421191
7290111938481,false,"מאזטר שף רוטב סויה בהירה 300 מ""ל",ש. שסטוביץ בע`מ,,רוטב סויה בהיר מאסטר,מיליליטרים,300.00,"100 מ""ל",false,,9.90,0.0330,true,1,1431268
7290111938498,false,"מנה אסייאתי רוטב סויה בהירה 700 מ""ל מ.שף",קי.אר.אס. ספייסי פוד,,רוטב סויה בהיר מאסטר,מיליליטרים,700.00,"100 מ""ל",false,,14.90,0.0213,true,1,1431269
7290112000408,false,מנקה ומחטא עוצמתי לניקוי כללי בניחוח לימון,רקיט בנקיזר (ניר איסט) בעמ,,דטול מנקה ומחטא לניק,מיליליטרים,750.00,"100 מ""ל",false,,15.90,0.0212,true,1,1421934
7290112005045,false,וניש מסיר כתמים אבקה לכביסה לבנה 480 גרם,רקיט בנקיזר (ניר איסט) בעמ,,וניש אבקה לכביסה לבנ,גרמים,480.00,100 גרם,false,,17.90,0.0373,true,1,1440311
7290112190468,false,שמן זית ספרדי טבעי 7,,,שמן זית כתית מעולה 7,מיליליטרים,750.00,"100 מ""ל",false,,29.90,0.0399,true,1,1440060
7290112330352,false,"יוגורט PRO בטעם וניל 0% , 20 גרם חלבון בגביע",שטראוס גרופ בעמ/מצונן,,דנונה פרו 20 גר וניל,גרמים,200.00,100 גרם,false,,5.90,0.0295,true,1,1405964
7290112330390,false,דנונה פרו פירות יער 20 גרם חלבון 0% שומן 200 גרם,שטראוס גרופ בעמ/מצונן,,דנונה פרו 20 גר פירו,גרמים,200.00,100 גרם,false,,5.90,0.0295,true,1,1405966
7290112330420,false,דנונה פרו לבן 2.9% שומן בודד 150גר,שטראוס גרופ בעמ/מצונן,,דנונה פרו לבן 12 גר,גרמים,150.00,100 גרם,false,,4.70,0.0313,true,1,1405967
7290112330994,false,שייק חלבון פרו אפרסק350מ,מחלבת יטבתה,,שייק חלבון אפרסק דאב,מיליליטרים,350.00,"100 מ""ל",false,,7.90,0.0226,true,1,1430071
7290112332691,false,פינוקיות עוגיות קרם פסק זמן אגוזים 200 גרם,"הגביע מוצרי וופלים בע""\מ",,פינוקיות קרם פסק זמן,גרמים,200.00,100 גרם,false,,10.90,0.0545,true,1,1416699
7290112332899,false,עלית - צנצנת בזוקה פופים קלאסי 58 גרם,שטראוס גרופ בע`מ,,בזוקה פופים קלאסי 58,גרמים,58.00,100 גרם,false,,9.90,0.1707,true,1,1416702
7290112335494,false,הפריכיות הטעימות תפוחי אדמה בטעם פוטטוס,"פרח תעשיות מזון בע""\מ",,פריכיות תפוח אדמה 3,גרמים,135.00,100 גרם,false,,10.90,0.0807,true,1,1432110
7290112335500,false,"פרכיות אנרג'י חומוס,אורז,עדשים שחורות וקינואה 135 גרם","פרח תעשיות מזון בע""\מ",,פריכיות חומוס אורז ע,גרמים,135.00,100 גרם,false,,10.90,0.0807,true,1,1432111
7290112336637,false,סוכריות מאסט Must ללא סוכר יוגורט תות ואוכניות,"שטראוס גרופ בע""מ",,"סוכריות לל""ס יוגורט",גרמים,80.00,100 גרם,false,,7.90,0.0988,true,1,1429874
7290112336644,false,סוכריות מאסט ללא סוכר לימון 80 ג' עלית,"שטראוס גרופ בע""מ",,"סוכריות לל""ס לימון 8",גרמים,80.00,100 גרם,false,,7.90,0.0988,true,1,1429876
7290112336651,false,סוכריות מאסט ללא סוכר ריבת חלב 80 ג' עלית,"שטראוס גרופ בע""מ",,"סוכריות לל""ס ריבת חל",גרמים,80.00,100 גרם,false,,7.90,0.0988,true,1,1429877
7290112336712,false,יוגורט PRO לבן 0% 21 גרם חלבון בגביע,שטראוס גרופ בעמ/מצונן,,דנונה פרו 21 גר 0% ש,גרמים,200.00,100 גרם,false,,5.90,0.0295,true,1,1405986
7290112337474,false,סוכריות מאסט ללא סוכר פטל לימון 80 ג' עלית,שטראוס גרופ בע`מ,,"סוכריות לל""ס פטל לימ",גרמים,80.00,100 גרם,false,,7.90,0.0988,true,1,1429875
7290112337481,false,סוכריות מאסט ללא סוכר קפצ''ינו 80 ג' עלית,שטראוס גרופ בע`מ,,"סוכריות לל""ס קפוצינו",גרמים,80.00,100 גרם,false,,7.90,0.0988,true,1,1429873
7290112339171,false,מעדן מוס שוקולד 81 גר`מילקי,שטראוס גרופ בעמ/מצונן,,מילקי מוס עם שוקולד,גרמים,81.00,100 גרם,false,,3.90,0.0481,true,1,1405994
7290112339362,false,דנונה לייט אנד פריי בטעם קפוצ'ינו 150 גרם,שטראוס גרופ בעמ/מצונן,,דנונה לייט אנד פריי,גרמים,150.00,100 גרם,false,,4.50,0.0300,true,1,1422628
7290112339867,false,גמדים לדרך גבינה לבנה עם מחית תות,שטראוס גרופ בעמ/מצונן,,גמדים סקוויז בודד תו,גרמים,100.00,100 גרם,false,,5.80,0.0580,true,1,1406006
7290112339874,false,גמדים לדרך גבינה לבנה עם מחיות תות ובננה,שטראוס גרופ בעמ/מצונן,,גמדים סקוויז בודד תו,גרמים,100.00,100 גרם,false,,5.80,0.0580,true,1,1406007
7290112340245,false,מסטיק מאסט צנצנת בטעם דובדבן 66 גר` מגדי,"שטראוס גרופ בע""\מ",,צנצנת MUST בטעם דובד,גרמים,66.00,100 גרם,false,,9.90,0.1500,true,1,1406009
7290112340252,false,צנצנת מסטיק מאסט בטעם אבטיח מלון 66 ג' עלית,"שטראוס גרופ בע""\מ",,צנצנת מאסט בטעם אבטי,גרמים,66.00,100 גרם,false,,9.90,0.1500,true,1,1406010
7290112340900,false,קפה טורקי האג נטול קפאין 200 גרם,הנסיך- מפעל לייצור ט,,קפה טורקי האג 200 גר,גרמים,200.00,100 גרם,false,,27.90,0.1395,true,1,1431743
7290112341679,false,אקטיביה יוגורט 3% דנונה (200 גרם),שטראוס גרופ בעמ/מצונן,,יוגורט פרוביוטי 3% א,גרמים,200.00,100 גרם,false,,4.00,0.0200,true,1,1406015
7290112341686,false,שמינייה יוגורט לבן אקטיביה 3% דנונה 150 גרם.,שטראוס גרופ בעמ/מצונן,,מארז אקטיביה 3% 150,גרמים,1.20,100 גרם,false,,19.90,16.5833,true,1,1422631
7290112342102,false,סימפוניה גבינה במרקם שמנת בצל מקורמל 5%,שטראוס גרופ בעמ/מצונן,,סימפוניה בצל מקורמל,גרמים,200.00,100 גרם,false,,11.00,0.0550,true,1,1422635
7290112343260,false,"יטבתה רוטב שמנת קלאסי 9% שומן 260 מ""ל",שטראוס גרופ בעמ/מצונן,,רוטב שמנת קלאסי 260,גרמים,260.00,100 גרם,false,,10.90,0.0419,true,1,1421003
7290112343420,false,"משקה חלב עם דגנים מלאים ובננה פרו יטבתה 350מ""ל",שטראוס גרופ בעמ/מצונן,,יטבתה פרו ארוחת בוקר,מיליליטרים,350.00,"100 מ""ל",false,,7.50,0.0214,true,1,1420775
7290112343499,false,חטיף צ'יטוס פאפס אפוי בטעם גבינה,"שטראוס פריטו ליי בע""\מ )",,צ'יטוס פאפס 55 גרם,גרמים,55.00,100 גרם,false,,3.50,0.0636,true,1,1437029
7290112343512,false,צ'יטוס puffs בטעם גבינה 180 גרם,"שטראוס פריטו ליי בע""\מ )",,צ'יטוס פאפס 160 גרם,גרמים,160.00,100 גרם,false,,7.90,0.0494,true,1,1437030
7290112344564,false,רביולי גבינה קלאסי שטראוס 400 ג',שטראוס גרופ בעמ/מצונן,,רביולי גבינה 400 גר,גרמים,400.00,100 גרם,false,,19.90,0.0497,true,1,1422638
7290112344724,false,מילקי בטעם שוקולד בלונדי עם קצפת 133גר,שטראוס גרופ בעמ/מצונן,,מילקי בטעם שוקולד בל,גרמים,170.00,100 גרם,false,,3.50,0.0206,true,1,1420777
7290112344755,false,מילקי עם 26% פחות סוכר 135 גר}שטראוס{,שטראוס גרופ בעמ/מצונן,,מילקי עם 26% פחות סו,גרמים,133.00,100 גרם,false,,2.90,0.0218,true,1,1433200
7290112344786,false,קפה פלטינום קלאסיק עלית 200 גרם,הנסיך- מפעל לייצור ט,,פלטינום קלאסיק 200 ג,גרמים,200.00,100 גרם,false,,24.90,0.1245,true,1,1429198
7290112344953,false,סימפוניה חציל קלוי גבינה במקרם שמנת 5%,שטראוס גרופ בעמ/מצונן,,סימפוניה חציל קלוי 2,גרמים,200.00,100 גרם,false,,11.00,0.0550,true,1,1433748
7290112346360,false,בפלות אחת אחת בציפוי שוקולד חלב עלית 180 גרם,הגביע מוצרי וופלים ב,,בפלות אחת אחת בציפוי,גרמים,180.00,100 גרם,false,,12.90,0.0717,true,1,1429206
7290112346629,false,דנונה בר יוגורט+קורנפלקס מצופה שוקולד חלב ולבן 172 גרם,שטראוס גרופ בעמ/מצונן,,דנונה בר עם קורנפלקס,גרמים,183.00,100 גרם,false,,4.30,0.0235,true,1,1430073
7290112346797,false,יוגורט אקטיביה שיבולת שועל ושזיף 150 גרם,שטראוס גרופ בעמ/מצונן,,אקטיביה עם שיבולת שו,גרמים,150.00,100 גרם,false,,4.60,0.0307,true,1,1429029
7290112346827,false,אקטימל ויטמין c פטל שמינייה 864 גרם,שטראוס גרופ בעמ/מצונן,,אקטימל ויטמין C פטל,מיליליטרים,864.00,"100 מ""ל",false,,20.90,0.0242,true,1,1432724
7290112347008,false,גמדים לדרך גבינה לבנה עם מחית תות ושיבולת שועל,שטראוס גרופ בעמ/מצונן,,גמדים ארוחת בוקר תות,גרמים,100.00,100 גרם,false,,5.80,0.0580,true,1,1420784
7290112348999,false,הפריכיות הטעימות תירס דקות אנרג'י 135 גרם,שטראוס גרופ בע`מ,,פריכיות תירס דקות א,גרמים,135.00,100 גרם,false,,10.90,0.0807,true,1,1433724
7290112349316,false,מסטיק בזוקה פופים ממולא בטעם תות ללא סוכר,"שטראוס גרופ בע""מ",,בזוקה ביג פופים בטעם,גרמים,86.00,100 גרם,false,,12.90,0.1500,true,1,1429202
7290112349606,false,מעדן גבינה ויוגורט תות בננה 88 ג' דניאלה,שטראוס גרופ בעמ/מצונן,,דניאלה תות בננה 88 ג,גרמים,88.00,100 גרם,false,,4.10,0.0466,true,1,1438365
7290112349750,false,פיצה רוטב עגבניות לפיצה יד מרדכי 350 גרם,אמיליאנה קונסרב סוסייטה,,פיצה רוטב עגבניות לפ,גרמים,350.00,100 גרם,false,,11.90,0.0340,true,1,1427746
7290112349897,false,מסטיק מאסט Must קוביות בטעם מנטה ללא סוכר,אסקום קונפקשיין,,מאסט קוביות מנטה  86,גרמים,86.00,100 גרם,false,,12.90,0.1500,true,1,1429204
7290112350312,false,קפסולות 15 קפה יותר למכונות נספרסו עלית 10יח',הנסיך- מפעל לייצור ט,,קפסולות 15 למכונות N,יחידה,10.00,יחידה,false,,17.90,1.7900,true,1,1431952
7290112351067,false,סילאן טבעי 100% תמר מג'הול ללא תוספת סוכר,שטראוס גרופ בע`מ,,סילאן טבעי לחיץ 630,גרמים,600.00,100 גרם,false,,23.90,0.0398,true,1,1429205
7290112354952,false,תפוצ`יפס פפריקה (50 גרם)היתר מכירה,שטראוס פריטו ליי בע`מ,,תפוציפס wavy פפריקה,גרמים,50.00,100 גרם,false,,4.00,0.0800,true,1,1441639
7290112355027,false,דנונה פרו 20 גרם חלבון בטעם קרמל מלוח 200 גרם,שטראוס גרופ בעמ/מצונן,,דנונה פרו 20 גרם בטע,גרמים,200.00,100 גרם,false,,5.90,0.0295,true,1,1433197
7290112355102,false,גמדים סקוויז 100 גרם פאוץ סלט פירות 100 גרם,שטראוס גרופ בעמ/מצונן,,גמדים פאוץ סלט פירות,גרמים,100.00,100 גרם,false,,5.80,0.0580,true,1,1433744
7290112355393,false,"יטבתה רוטב שמנת+בטטה 9% שומן 250 מ""ל",שטראוס גרופ בעמ/מצונן,,רוטב שמנת עם בטטה יט,מיליליטרים,257.00,"100 מ""ל",false,,10.90,0.0424,true,1,1441590
7290112355775,false,גבינת סימפוניה עם עירית 200 גרם,שטראוס גרופ בעמ/מצונן,,סימפוניה עירית 200 ג,גרמים,200.00,100 גרם,false,,11.00,0.0550,true,1,1440867
7290112357083,false,טעם הטבע אפונה ירוקה 380 גרם קופסה,הדקלאים אגודת שיתופי,,אפונה ירוקה מבושלת ט,גרמים,380.00,100 גרם,false,,6.80,0.0179,true,1,1429906
7290112357106,false,שעועית אדומה 380 גר' בקופסה טעם הטבע,"שטראוס גרופ בע""מ",,שעועית אדומה מבושלת,גרמים,380.00,100 גרם,false,,6.80,0.0179,true,1,1429907
7290112358004,false,פסק זמן חטיף קראנץ עלית( 32 גר`),שולן צ'\יקולטה גידה סאן.,,פסק זמן קראנץ' 32 גר,גרמים,32.00,100 גרם,false,,4.90,0.1531,true,1,1433091
7290112358219,false,רוטב צ`ילי מתוק יד מרדכי (300 גר`),אף.סי תבליני בגליל ב,,רוטב צ'ילי מתוק 300,גרמים,300.00,100 גרם,false,,11.90,0.0397,true,1,1431725
7290112358554,false,מארז קפה נמס מנות אישיות לדרך 50.4 גר,שטראוס גרופ בע`מ,,מארז נמס לדרך 28 יחי,יחידה,28.00,יחידה,false,,10.90,0.3893,true,1,1431954
7290112490209,false,נמס בכוס מרק עגבניות עם קרוטונים רכיבים טבעיים,"יוניליוור ישראל שיווק בע""מ",,נמס בכוס מרק עגבניות,גרמים,56.00,100 גרם,false,,6.90,0.1232,true,1,1409841
7290112490216,false,מרק נמס בכוס בטעם עוף קנור 100% רכיבים טבעיים,"יוניליוור ישראל שיווק בע""מ",,נמס בכוס מרק בטעם עו,גרמים,48.00,100 גרם,false,,6.90,0.1438,true,1,1409842
7290112490230,false,מרק נמס בכוס אפונה קנור 100% רכיבים טבעיים,"יוניליוור ישראל שיווק בע""מ",,נמס בכוס מרק אפונה ק,גרמים,50.00,100 גרם,false,,6.90,0.1380,true,1,1409843
7290112490728,false,מרק עשיר ירקות עם בורגול רכיבים טבעיים 95 ג' קנור,יוניליוור ישראל שיווק בע`מ,,מרק ירקות עם בורגול,גרמים,95.00,100 גרם,false,,12.90,0.1358,true,1,1409852
7290112490735,false,מרק עשיר עגבניות עם פסטה ר.טבעיים 105 גרם קנור,יוניליוור ישראל שיווק בע`מ,,מרק עגבניות עם פסטה,גרמים,105.00,100 גרם,false,,12.90,0.1229,true,1,1409853
7290112490896,false,"קנור רוטב צ'ילי חריף 370 מ""ל PAL","יוניליוור ישראל שיווק בע""מ",,רוטב צ'ילי חריף קנור,מיליליטרים,370.00,"100 מ""ל",false,,10.90,0.0295,true,1,1409862
7290112491701,false,ברנפלקס בטעם וניל מעודן 20% חלבון Extra Protein,"יוניליוור ישראל שיווק בע""מ",,ברנפלקס חלבון 375 גר,גרמים,375.00,100 גרם,false,,20.80,0.0555,true,1,1409873
7290112492463,false,"שמפו ומרכך 2 ב-1 לשיער רגיל פינוק 700 מ""ל.",יוניליוור ישראל שיווק בע`מ,,פינוק 2 ב-1 רגיל 700,גרמים,700.00,100 גרם,false,,11.90,0.0170,true,1,1429635
7290112492531,false,"פינוק קונדישנר לשיער רגיל 700מ""ל","יוניליוור ישראל שיווק בע""מ",,פינוק מרכך שיער רגיל,גרמים,700.00,100 גרם,false,,11.90,0.0170,true,1,1409884
7290112492579,false,פינוק מרכך בתוספת שמן קוקוס 700 מל-חדש,יוניליוור ישראל שיווק בע`מ,,פינוק מרכך שמן קוקוס,מיליליטרים,700.00,"100 מ""ל",false,,11.90,0.0170,true,1,1409885
7290112492593,false,תחליב רחצה פינוק בניחוח פינוק קלאסי 700,יוניליוור ישראל שיווק בע`מ,,פינוק תח.רחצה קלאסי,מיליליטרים,700.00,"100 מ""ל",false,,11.90,0.0170,true,1,1409886
7290112492685,false,פינוק מרכך לשיער רגיל אריזת נסיעות 100 מ,יוניליוור ישראל שיווק בעמ,,מרכך לשיער רגיל לנסי,מיליליטרים,100.00,"100 מ""ל",false,,5.90,0.0590,true,1,1440045
7290112492692,false,פינוק תחליב רחצה קלאסי אריזת נסיעות 100,יוניליוור ישראל טיפוח אי,,תחליב רחצה קלאסי לנס,מיליליטרים,100.00,"100 מ""ל",false,,5.90,0.0590,true,1,1440046
7290112492715,false,"פינוק שמפו ללא דמעות לסירוק קל לילדים 700 מ""ל","יוניליוור ישראל שיווק בע""מ",,פינוק שמפו ללא דמעות,מיליליטרים,700.00,"100 מ""ל",false,,13.90,0.0199,true,1,1431656
7290112492722,false,"2ב-1 שמפו ומרכך פינוק אל דמע לסירוק קל לילדים 700 מ""ל",יוניליוור ישראל שיווק בע`מ,,פינוק שמפו ומרכך 2 ב,מיליליטרים,700.00,"100 מ""ל",false,,13.90,0.0199,true,1,1431657
7290112492753,false,"פינוק לילדים אל סבון לרחצה 700 מ""ל","יוניליוור ישראל שיווק בע""מ",,פינוק אל סבון לילדים,מיליליטרים,700.00,"100 מ""ל",false,,13.90,0.0199,true,1,1431658
7290112492999,false,קנור מרק עוף אמיתי 400 גרם פרווה,יוניליוור ישראל שיווק בע`מ,,אבקת מרק בטעם עוף פר,גרמים,400.00,100 גרם,false,,14.90,0.0373,true,1,1409887
7290112493088,false,נמס בכוס עדשים מרק רכיבים טבעיים קנור 54 ג',יוניליוור ישראל שיווק בע`מ,,מרק עדשים קנור 2 * 2,גרמים,54.00,100 גרם,false,,6.90,0.1278,true,1,1409890
7290112493095,false,נמס בכוס מרק עגבניות חריף רכיבים טבעיים קנור 48 ג',יוניליוור ישראל שיווק בע`מ,,נמס בכוס מרק עגבניות,גרמים,48.00,100 גרם,false,,6.90,0.1438,true,1,1409891
7290112493293,false,קנור - נמס ירקות וקרוטונים ר.טבעי 44 גרם,"יוניליוור ישראל שיווק בע""מ",,נמס בכוס מרק ירקות ק,גרמים,44.00,100 גרם,false,,6.90,0.1568,true,1,1409899
7290112493316,false,מרק היום אפונה 100% רכיבים טביעיים קנור,יוניליוור ישראל שיווק בע`מ,,מרק אפונה קנור 117 ג,גרמים,117.00,100 גרם,false,,12.90,0.1103,true,1,1409900
7290112493927,false,גלידה בטעם ריבת חלב 1.33ל' קרמיסימו,"גלידת שטראוס בע""\מ, רחוב",,גלידת קרמיסימו 1.33,מיליליטרים,1330.00,"100 מ""ל",false,,18.90,0.0142,true,1,1428926
7290112493934,false,גלידה קרמיסימו וניל צרפתי 1.33 ליטר,"גלידת שטראוס בע""\מ, רחוב",,גלידת קרמיסימו 1.33,מיליליטרים,1330.00,"100 מ""ל",false,,18.90,0.0142,true,1,1429166
7290112493965,false,קרמיסימו חלבית בטעם מסטיק וניל 665 גר,"גלידת שטראוס בע""\מ, רחוב",,גלידת קרמיסימו 1.33,מיליליטרים,1330.00,"100 מ""ל",false,,18.90,0.0142,true,1,1429165
7290112494016,false,"מיונז אמיתי מופחת שומן תלמה 500 גרם בד""צ",יוניליוור ישראל שיווק בע`מ,,מיונז תלמה מופחת שומ,גרמים,500.00,100 גרם,false,,9.90,0.0198,true,1,1409902
7290112494221,false,חטיף ביסקויט שוקולד חלב קליק (65 גרם),יוניליוור ישראל שיווק בע`מ,,קליק ביסקויט יוניליו,גרמים,65.00,100 גרם,false,,5.90,0.0908,true,1,1409906
7290112494283,false,חטיף כדורים מעורב חום לבו 65 גר`קליק,יוניליוור ישראל שיווק בע`מ,,קליק מעורב חום לבן ת,גרמים,65.00,100 גרם,false,,5.90,0.0908,true,1,1409909
7290112494351,false,קורנפלקס של אלופים תלמה (850 גרם).בדצ,יוניליוור ישראל שיווק בע`מ,,קורנפלקס של אלופים ת,גרמים,850.00,100 גרם,false,,17.90,0.0211,true,1,1428292
7290112494382,false,פירה בטעם ביתי 260 גרם-קופסא,יוניליוור ישראל שיווק בע`מ,,קנור פירה ביתי 260 ג,גרמים,260.00,100 גרם,false,,11.60,0.0446,true,1,1409912
7290112494993,false,כריות דגנים במילוי וניל בדצ 686 גרם,"יוניליוור ישראל שיווק בע""מ",,כריות וניל 686 גרם,גרמים,686.00,100 גרם,false,,24.90,0.0363,true,1,1409921
7290112495006,false,כריות דגנים במילוי נוגט בדצ 686 גרם,"יוניליוור ישראל שיווק בע""מ",,כריות במילוי נוגט תל,גרמים,686.00,100 גרם,false,,24.90,0.0363,true,1,1409922
7290112495020,false,כריות צוקולדה בדצ מאוחד 750 גר,יוניליוור ישראל שיווק בע`מ,,כריות צ'וקולדה 686 ג,גרמים,686.00,100 גרם,false,,24.90,0.0363,true,1,1409923
7290112495037,false,דגני בוקר בטעם שוקולד כדורים 375 ג' קוקומן,יוניליוור ישראל שיווק בע`מ,,קוקומן כדורים 375 גר,גרמים,375.00,100 גרם,false,,20.90,0.0557,true,1,1409924
7290112495044,false,דגני קוקומן פצפוצים תלמה (375 גרם),יוניליוור ישראל שיווק בע`מ,,קוקומן פצפוצים 375 ג,גרמים,375.00,100 גרם,false,,20.90,0.0557,true,1,1423795
7290112495228,false,קורנפלקס דבש תלמה אלופים 448 גרם,"יוניליוור ישראל שיווק בע""מ",,קורנפלקס דבש 448 גרם,גרמים,448.00,100 גרם,false,,17.90,0.0400,true,1,1409927
7290112495433,false,דגני דליפקאן תוספת אגוזי פקאן ושקדים 400 גר,יוניליוור ישראל שיווק בע`מ,,דליפקאן 400 גרם,גרמים,400.00,100 גרם,false,,19.90,0.0497,true,1,1409929
7290112495754,false,רוטב לסלט אלף האיים הלמנס (305 מל),יוניליוור ישראל שיווק בע`מ,,הלמנס לסלט אלף האיים,מיליליטרים,305.00,"100 מ""ל",false,,10.90,0.0357,true,1,1428045
7290112495761,false,רוטב לסלט אלף האיים לייט הלמנס (305 מל),"יוניליוור ישראל שיווק בע""מ",,הלמנס לסלט אלף איים,מיליליטרים,305.00,"100 מ""ל",false,,10.90,0.0357,true,1,1428046
7290112495808,false,רוטב לסלט חרדל ודבש הלמנס (305 מל),יוניליוור ישראל שיווק בע`מ,,הלמנס לסלט חרדל דבש,גרמים,305.00,100 גרם,false,,10.90,0.0357,true,1,1428995
7290112495815,false,רוטב לסלט חרדל ודבש לייט (305 גרם)הלמנס,יוניליוור ישראל שיווק בע`מ,,הלמנ'ס סלט חרדל דבש,גרמים,305.00,100 גרם,false,,10.90,0.0357,true,1,1428996
7290112495822,false,כריות BLACK בטעם שוקולד וניל תלמה 686 גרם,"יוניליוור ישראל שיווק בע""מ",,כריות בלאק 686 גרם,גרמים,686.00,100 גרם,false,,24.90,0.0363,true,1,1420800
7290112496287,false,פתית - צ'יפס בטטה בטעם טבעי 21 גרם,יוניליוור ישראל שיווק בע`מ,,פתית צ'יפס בטטה בטעם,גרמים,21.00,100 גרם,false,,4.90,0.2333,true,1,1431652
7290112496430,false,קנור נמס בכוס אקסטרה עגבניות+איטריות 37 גרם - רבנות,יוניליוור ישראל שיווק בע`מ,,נמס בכוס אקסטרה-קנור,גרמים,37.00,100 גרם,false,,4.90,0.1324,true,1,1437296
7290112496461,false,נמס בכוס אקסטרה מרק ירקות עם המון אטריות,"יוניליוור ישראל שיווק בע""מ",,נמס בכוס אקסטרה ירקו,גרמים,32.00,100 גרם,false,,4.90,0.1531,true,1,1437297
7290112496584,false,קליק כריות Black מצופה שוקולד לבן ועוגיות,יוניליוור ישראל שיווק בע`מ,,קליק כריות בלאק לבן,גרמים,65.00,100 גרם,false,,5.90,0.0908,true,1,1431659
7290112497000,false,פנטסטיק תרכיז ניקוי רב תכליתי בניחוח לימון,יוניליוור ישראל שיווק בע`מ,,סיף ניקוי כללי לימון,מיליליטרים,1000.00,"100 מ""ל",false,,10.40,0.0104,true,1,1429909
7290112497123,false,סחלב תערובת להכנת מעדן בטעם סחלב 112גרם,יוניליוור ישראל שיווק בע`מ,,אבקה להכנת סחלב תלמה,גרמים,112.00,100 גרם,false,,12.90,0.1152,true,1,1433737
7290112497710,false,פינוק בייבי שמפו אל דמע לתינוקות 700 מל,יוניליוור ישראל שיווק בע`מ,,בייבי שמפו אל דמע לת,מיליליטרים,900.00,"100 מ""ל",false,,19.90,0.0221,true,1,1440303
7290112498526,false,"פתית צ'יפס עם בטטה סגולה בטעם שמנת ובצל, 22 גרם",יוניליוור ישראל שיווק בע`מ,,פתית צ'יפס בטטה סגול,גרמים,22.00,100 גרם,false,,4.90,0.2227,true,1,1438015
7290112498915,false,מאגדת מיני מגנום שקדים מובחר שטראוס 250 גרם,"מיוצר ע""\י גלידת שטראוס",,מאגדת מיני מגנום שקד,גרמים,250.00,100 גרם,false,,25.90,0.1036,true,1,1434722
7290112498922,false,מאגדת מיני מגנום לבן שטראוס 250 גרם,"מיוצר ע""\י גלידת שטראוס",,מאגדת מיני מגנום שוק,גרמים,250.00,100 גרם,false,,25.90,0.1036,true,1,1434723
7290112499196,false,גלידה בטעם החלב של הקורנפלקס 1.33 ל' קרמיסימו,"גלידת שטראוס בע""\מ, רחוב",,קרמיסימו קורנפלקס 1.,מיליליטרים,1330.00,"100 מ""ל",false,,18.90,0.0142,true,1,1440278
7290112499844,false,מאגדת מיני מגנום דואט שוקולד עם נוגט שטראוס 310 גרם,"מיוצר ע""\י גלידת שטראוס",,מיני מגנום דואט שוקו,יחידה,5.00,יחידה,false,,25.90,5.1800,true,1,1427837
7290112499943,false,מיני מאגדת מיני מגנום טעמים שונים וניל+שוקו,"מיוצר ע""\י גלידת שטראוס",,מיני מגנום קלאסיק חו,יחידה,5.00,יחידה,false,,25.90,5.1800,true,1,1427840
7290112960542,false,בונזור לחם מחמצת קלמטה קנוי 12*480גר,**קבוצת אוסם סחר-שות.מוגבלת,,בונז'ור לחם מחמצת זת,גרמים,480.00,100 גרם,false,,16.90,0.0352,true,1,1407438
7290112960719,false,בגט מחמצת אפוי קפוא 240 גר`בונז`ור,**קבוצת אוסם סחר-שות.מוגבלת,,בונז'ור בגט רוסטיק 2,גרמים,240.00,100 גרם,false,,7.90,0.0329,true,1,1428781
7290112961372,false,פיטנס חטיפי פריכיות דקות קינמון 60 גרם,קבוצת אוסם סחר שותפות מוגבלת,,פיטנס חטיפי פריכיות,גרמים,60.00,100 גרם,false,,8.90,0.1483,true,1,1428876
7290112963918,false,פיטנס חטיפי קרקר דק רוזמרין 140 גרם,קבוצת אוסם סחר שותפות מוגבלת,,פיטנס קרקר THIN רוזמ,גרמים,140.00,100 גרם,false,,11.90,0.0850,true,1,1407462
7290112964458,false,אסם רוטב ויניגרט חדש לסלט 295 גרם,קבוצת אוסם סחר שותפות מוגבלת,,רוטב לסלט וינגרט 295,מיליליטרים,290.00,"100 מ""ל",false,,11.90,0.0410,true,1,1407470
7290112964472,false,אסם רוטב שום חדש לסלט 290 גרם,קבוצת אוסם סחר שותפות מוגבלת,,רוטב לסלט שום 290 גר,מיליליטרים,290.00,"100 מ""ל",false,,11.90,0.0410,true,1,1407471
7290112964564,false,רוטב אלף האיים לייט לסלט אסם (295 מל),קבוצת אוסם סחר שותפות מוגבלת,,רוטב אלף האיים לייט,מיליליטרים,290.00,"100 מ""ל",false,,11.90,0.0410,true,1,1407472
7290112964601,false,רוטב בנוסח סצ'ואן הסדרה האסייתית,קבוצת אוסם סחר שותפות מוגבלת,,רוטב בנוסח סצ'ואן הס,מיליליטרים,290.00,"100 מ""ל",false,,11.90,0.0410,true,1,1421704
7290112964625,false,רוטב שום לייט לסלט 310 גרם אסם,קבוצת אוסם סחר שותפות מוגבלת,,רוטב לסלט שום לייט 3,מיליליטרים,290.00,"100 מ""ל",false,,11.90,0.0410,true,1,1407473
7290112964687,false,בונז'ור לחם מחמצת דגנים 12*480גר,**קבוצת אוסם סחר-שות.מוגבלת,,בונז'ור לחם מחמצת דג,גרמים,480.00,100 גרם,false,,16.90,0.0352,true,1,1431605
7290112965165,false,מרק נמס פטריות אסם בדצ 48 גרם מארז זוגי,קבוצת אוסם סחר שותפות מוגבלת,,מרק נמס פטריות רגע ח,גרמים,48.00,100 גרם,false,,6.20,0.1292,true,1,1428185
7290112965240,false,מרק נמס בטעם עגבניות זוג * 44 ג' אסם,קבוצת אוסם סחר שותפות מוגבלת,,מרק נמס עגבניות רגע,גרמים,60.00,100 גרם,false,,6.20,0.1033,true,1,1428186
7290112965264,false,אבקת מרק נמס אפונה אסם בדצ 52 גרם מארז זוגי,קבוצת אוסם סחר שותפות מוגבלת,,מרק נמס אפונה רגע חם,גרמים,52.00,100 גרם,false,,6.20,0.1192,true,1,1431794
7290112965288,false,מרק נמס ירקות אסם בדצ 56 גרם מארז זוגי,קבוצת אוסם סחר שותפות מוגבלת,,מרק נמס ירקות רגע חם,גרמים,56.00,100 גרם,false,,6.20,0.1107,true,1,1431790
7290112965301,false,זוג מרק נמס בטעם עוף עם שקדי מרק רגע חם,קבוצת אוסם סחר שותפות מוגבלת,,מרק נמס בטעם עוף עם,גרמים,52.00,100 גרם,false,,6.20,0.1192,true,1,1428187
7290112965745,false,אוסם - ביסלי פריסטייל בצל מעושן 60 גרם,קבוצת אוסם סחר שותפות מוגבלת,,ביסלי פריסטייל בצל מ,גרמים,60.00,100 גרם,false,,4.40,0.0733,true,1,1435260
7290112966803,false,אינסטנט פודינג בטעם שוקולד אסם (88 גרם),קבוצת אוסם סחר שותפות מוגבלת,,פודינג שוקולד 88 גרם,גרמים,88.00,100 גרם,false,,5.50,0.0625,true,1,1430153
7290112967510,false,בונזור בייבי חליות 90 ג',קבוצת אסם סחר שות. מוגבלת,,בייבי חליות בונזור,יחידה,1.00,יחידה,false,,2.90,2.9000,true,1,1429437
7290112967848,false,אבקה להכנת ג`לי בטעם תות אסם (90 גרם) מו,קבוצת אוסם סחר שותפות מוגבלת,,אסם ג'לי תות שדה מופ,גרמים,90.00,100 גרם,false,,5.90,0.0656,true,1,1430188
7290112968340,false,צבר חומוס גרוס גס גס 400 גרם,קבוצת אוסם סחר שותפות מוגבלת,,חומוס גרוס גס גס צבר,גרמים,400.00,100 גרם,false,,13.90,0.0348,true,1,1428651
7290112968807,false,80018416694פיטנס חטיפי קרקר דק סלק 150גר,קבוצת אוסם סחר שותפות מוגבלת,,פיטנס קרקר THIN סלק,גרמים,140.00,100 גרם,false,,11.90,0.0850,true,1,1434984
7290112968821,false,חטיפי קרקר דק בטטה 140 גר` פיטנס,קבוצת אוסם סחר שותפות מוגבלת,,פיטנס קרקר THIN בטטה,גרמים,140.00,100 גרם,false,,11.90,0.0850,true,1,1434985
7290113190450,false,ממרח תמרים 450 גרם שקדיה,דין שיווק וקליה 2021 בעמ,,ממרח תמרים שקדיה 450,גרמים,450.00,100 גרם,false,,5.90,0.0131,true,1,1411237
7290113190467,false,אפונה שקית זיפר 1קג רמילוי,,,"אפונה ירוקה 1 ק""ג זי",גרמים,1000.00,100 גרם,false,,7.50,0.0075,true,1,1428471
7290113190474,false,בורגול שקית זיפר 1קג רמילוי,,,"בורגול 1 ק""ג זיפר -",גרמים,1000.00,100 גרם,false,,6.50,0.0065,true,1,1428472
7290113190504,false,חומוס גדול שקית זיפר 1קג רמילוי,,,"חומוס גדול 1 ק""ג זיפ",גרמים,1000.00,100 גרם,false,,11.90,0.0119,true,1,1428474
7290113190528,false,חיטה שקית זיפר 1קג רמילוי,,,"חיטה 1 ק""ג זיפר - רמ",גרמים,1000.00,100 גרם,false,,6.50,0.0065,true,1,1428476
7290113190535,false,כוסמת קלויה שקית זיפר 1קג רמילוי,,,"כוסמת קלויה 1 ק""ג זי",גרמים,1000.00,100 גרם,false,,8.50,0.0085,true,1,1428477
7290113190580,false,עדשים אדומות שקית זיפר 1קג רמילוי,,,"עדשים אדומות 1 ק""ג ז",גרמים,1000.00,100 גרם,false,,10.90,0.0109,true,1,1428468
7290113190597,false,עדשים ירוקות שקית זיפר 1קג רמילוי,,,"עדשים ירוקות 1 ק""ג ז",גרמים,1000.00,100 גרם,false,,10.90,0.0109,true,1,1428469
7290113190641,false,שעועית לבנה שקית זיפר 1קג רמילוי,,,"שעועית לבנה 1 ק""ג זי",גרמים,1000.00,100 גרם,false,,9.90,0.0099,true,1,1428466
7290113191099,false,"סירופ מייפל 250מ""ל שקדיה","קופרדקס איי פי אם בע""\מ",,"סירופ מייפל 250 מ""ל",מיליליטרים,250.00,"100 מ""ל",false,,19.90,0.0796,true,1,1434708
7290113192164,false,אגוזי קשיו קלופים 150 גרם ששון הקולה,דין שיווק וקליה 2021 בעמ,,אגוזי קשיו קלופים 15,גרמים,150.00,100 גרם,false,,15.90,0.1060,true,1,1435312
7290113192331,false,בית השיטה זיתים ירוקים גדולים 340 גרם*,קבוצת אוסם סחר שותפות מוגבלת,,בית השיטה זיתים ירוק,גרמים,340.00,100 גרם,false,,9.90,0.0291,true,1,1431324
7290113192355,false,חרוזית זיתים ירוקים ללא גלעין 275 ג' בית השיטה,קבוצת אוסם סחר שותפות מוגבלת,,חרוזית זיתים ירוקים,גרמים,275.00,100 גרם,false,,10.50,0.0382,true,1,1428404
7290113192362,false,בית השיטה טבעות זיתים ירק.א2 12*280ג חדש,קבוצת אוסם סחר שותפות מוגבלת,,בית השיטה טבעות זיתי,גרמים,280.00,100 גרם,false,,10.90,0.0389,true,1,1431325
7290113192379,false,בית השיטה זיתים ירוקים מבוקעים א2 340גר',קבוצת אוסם סחר-שות.מוגבלת,,ב.הש.זיתים ירוקים מב,גרמים,340.00,100 גרם,false,,10.90,0.0321,true,1,1428410
7290113192393,false,בית השיטה קוקטייל זיתים א2 336 גרם,קבוצת אוסם סחר שותפות מוגבלת,,קוקטייל זיתים בית הש,גרמים,336.00,100 גרם,false,,11.90,0.0354,true,1,1407482
7290113192478,false,בית השיטה מלפפונים במלח בינוני 10-12 320 גרם,קבוצת אוסם סחר שותפות מוגבלת,,מלפפונים במלח בינוני,גרמים,320.00,100 גרם,false,,8.50,0.0266,true,1,1430080
7290113192485,false,בית השיטה מלפפונים בחומץ בינוני 10-12 290 גרם,קבוצת אוסם סחר שותפות מוגבלת,,מלפפונים בחומץ בינונ,גרמים,290.00,100 גרם,false,,8.50,0.0293,true,1,1429475
7290113192508,false,ב.השיטה מלפפון במלח ר.טבע א2 17-13 320 גרם,קבוצת אוסם סחר שותפות מוגבלת,,מלפפונים במלח  קטן 1,גרמים,320.00,100 גרם,false,,10.90,0.0341,true,1,1429476
7290113192539,false,בית השיטה מלפפונים במלח גדול 79 320 גרם,קבוצת אוסם סחר שותפות מוגבלת,,מלפפונים במלח גדול 7,גרמים,560.00,100 גרם,false,,6.90,0.0123,true,1,1429477
7290113192546,false,"מלפפונים בחומץ רכיבים טבעיים 7-9 ""בית השיטה""",קבוצת אוסם סחר שותפות מוגבלת,,בית השיטה מלפפון בחו,גרמים,560.00,100 גרם,false,,6.90,0.0123,true,1,1430082
7290113192560,false,פלפל חריף כבוש שיפקה בית השיטה (430 גר`),קבוצת אוסם סחר שותפות מוגבלת,,בית השיטה פלפל שיפקה,גרמים,230.00,100 גרם,false,,7.90,0.0343,true,1,1431329
7290113192577,false,בית השיטה כרוב כבוש א2 12*430גרם חדש,קבוצת אוסם סחר שותפות מוגבלת,,בית השיטה כרוב כבוש,גרמים,430.00,100 גרם,false,,7.90,0.0184,true,1,1431330
7290113193321,false,שמן זית כתית מעולה בית השיטה 750 מייל,קבוצת אוסם סחר שותפות מוגבלת,,שמן זית כתית מעולה ב,מיליליטרים,750.00,"100 מ""ל",false,,29.90,0.0399,true,1,1432526
7290113193369,false,בית השיטה תרסיס שמן קנולה מזוכך 150 מל,קבוצת אוסם סחר שותפות מוגבלת,,תרסיס שמן קנולה מזוכ,מיליליטרים,150.00,"100 מ""ל",false,,13.90,0.0927,true,1,1439548
7290113193888,false,בית השיטה חצילים מוחמצים 320 גרם,קבוצת אוסם סחר שותפות מוגבלת,,בית השיטה חצילים מוח,גרמים,320.00,100 גרם,false,,9.90,0.0309,true,1,1433246
7290113194649,false,בית השיטה מלפפונים במלח קוביות 320 גרם,קבוצת אוסם סחר שותפות מוגבלת,,מלפפונים במלח קוביות,גרמים,320.00,100 גרם,false,,9.90,0.0309,true,1,1439549
7290113195066,false,חלבה טורקית בטעם וניל שקדיה 400 גרם,דין שיווק וקליה 2021 בעמ,,חלבה טורקית בטעם וני,גרמים,400.00,100 גרם,false,,13.90,0.0348,true,1,1433289
7290113195073,false,חלבה טורקית עם פיסטוקים 400 גר` שקדיה,דין שיווק וקליה 2021 בעמ,,חלבה טורקית עם פיסטו,גרמים,400.00,100 גרם,false,,13.90,0.0348,true,1,1433290
7290113196506,false,פריכיות כוסמת ללא מלח שקדיה 150 גרם,דין שיווק וקליה 2021 בעמ,,פריכיות כוסמת ללא מל,גרמים,150.00,100 גרם,false,,11.90,0.0793,true,1,1437404
7290113197800,false,פלפל קלוי קלוי 400 גרם בית השיטה,קבוצת אוסם סחר שותפות מוגבלת,,פלפל קלוי בית השיטה,גרמים,400.00,100 גרם,false,,12.90,0.0323,true,1,1439550
7290113197817,false,בית השיטה חציל קלוי 670 גרם,קבוצת אוסם סחר שותפות מוגבלת,,חציל קלוי בית השיטה,גרמים,670.00,100 גרם,false,,11.90,0.0178,true,1,1439551
7290113241176,false,"אצטון 100 מ""ל",,,"אצטון 100 מ""ל",מיליליטרים,100.00,"100 מ""ל",false,,4.90,0.0490,true,1,1415101
7290113288485,false,כוסות נייר שתיה חמה,,,כוסות נייר שתיה חמה,יחידה,50.00,יחידה,false,,11.90,0.2380,true,1,1438296
7290113470286,false,מגבונים לניקוי כללי,,,מגבונים לניקוי כללי,יחידה,400.00,יחידה,false,,20.90,0.0522,true,1,1429277
7290113470408,false,שטיח שנל 80*50,,,שטיח שנל 80*50,100 יחידה,1.00,100 יחידה,false,,34.90,34.9000,true,1,1431182
7290113471726,false,סדין זוגי ג'רזי 1.60*200 אפור,,,סדין זוגי ג'רזי 1.60,יחידה,1.00,יחידה,false,,49.90,49.9000,true,1,1431192
7290113471962,false,זוג ציפה לכרית ג'רזי 50*70 אפור,,,זוג ציפה לכרית ג'רזי,יחידה,1.00,יחידה,false,,19.90,19.9000,true,1,1431200
7290113472075,false,שום ארוז יבוא,,,שום ארוז יבוא,יחידה,1.00,יחידה,false,,7.90,7.9000,true,1,1428732
7290113472105,false,כוסות נייר שתיה חמה,,,כוסות נייר שתיה חמה,יחידה,50.00,יחידה,false,,11.90,0.2380,true,1,1428806
7290113473775,false,בקבוק פרימיום נצנצים,,,בקבוק פרימיום נצנצים,100 יחידה,1.00,100 יחידה,false,,34.90,34.9000,true,1,1440625
7290113476189,false,מגבת פנים (50*90) אפור כהה,,,מגבת פנים (50*90) אפ,100 יחידה,1.00,100 יחידה,false,,22.90,22.9000,true,1,1432007
7290113476295,false,50 להבונים בשקית,,,50 להבונים בשקית,יחידה,50.00,יחידה,false,,10.90,0.2180,true,1,1432837
7290113476301,false,נר נשמה 24 שעות,,,נר נשמה 24 שעות,יחידה,1.00,יחידה,false,,1.90,1.9000,true,1,1432834
7290113476325,false,נר נשמה שבועי,,,נר נשמה שבועי,יחידה,1.00,יחידה,false,,9.60,9.6000,true,1,1432836
7290113476448,false,בקבוק ספורט שחור קליפורניה,,,בקבוק ספורט שחור קלי,100 יחידה,1.00,100 יחידה,false,,34.90,34.9000,true,1,1440653
7290113479357,false,מגבת גוף איכותית (14,,,מגבת גוף איכותית (14,יחידה,1.00,יחידה,false,,39.90,39.9000,true,1,1437132
7290113479609,false,חמישית תחתוני נשים L ביקיני,,,חמישיית תחתוני נשים,100 יחידה,1.00,100 יחידה,false,,39.90,39.9000,true,1,1440664
7290113479616,false,חמישית תחתוני נשים M ביקיני,,,חמישיית תחתוני נשים,100 יחידה,1.00,100 יחידה,false,,39.90,39.9000,true,1,1440665
7290113479623,false,חמישית תחתוני נשים S ביקיני,,,חמישיית תחתוני נשים,100 יחידה,1.00,100 יחידה,false,,39.90,39.9000,true,1,1440666
7290113479708,false,גליל נייר מגבת מודפס איכותי למטבח,,,נייר מגבת למטבח (235,יחידה,235.00,יחידה,false,,16.90,0.0719,true,1,1434955
7290113660106,false,מארז 50 כוסות אמנון ותמר,כוסות שתייה חמה 3 ב,,כוסות נייר שתיה חמה,יחידה,50.00,יחידה,false,,11.90,0.2380,true,1,1415793
7290114134224,false,טי שרט קצר לבן V (מידה L),,,טי שרט לבן V (מידה L,100 יחידה,1.00,100 יחידה,false,,20.90,20.9000,true,1,1440668
7290114134439,false,חמישיית תחתוני בנות (מידה 16-18) SUPER,,,חמישיית תחתוני בנות,100 יחידה,1.00,100 יחידה,false,,24.90,24.9000,true,1,1440685
7290114310215,false,"שמנת מתוקה 38% רמת הגולן 250 מ""ל ווסטהיים - מוצר בפיקוח",החברה המרכזית טלהפצת משקאות בע,,שמנת מתוקה 38% 250 מ,מיליליטרים,250.00,"100 מ""ל",false,,6.47,0.0259,true,1,1433715
7290114310345,false,מעדן יוגורט בטעם תות 1.5% 125 גרם טרה,*החברה המרכזית להפצת משקאותבעמ,,יוגורט בטעם תות 1.5%,גרמים,125.00,100 גרם,false,,2.70,0.0216,true,1,1434396
7290114310567,false,לאבנה עיזים 5% 200 גר` צוריאל,החברה המרכזית טלהפצת משקאות בע,,לאבנה עיזים 5% צוריא,גרמים,200.00,100 גרם,false,,14.90,0.0745,true,1,1434979
7290114310574,false,גבינת קרם שמנת עיזים 5% 200 גרם צוריאל,*החברה המרכזית להפצת משקאותבעמ,,קרם שמנת עיזים מעודנ,גרמים,200.00,100 גרם,false,,13.90,0.0695,true,1,1434980
7290114311038,false,"שמנת מתוקה 32% עמידה בבקבוק טרה 250 מ""ל",*החברה המרכזית להפצת משקאותבעמ,,שמנת מתוקה 32% טרה 2,גרמים,250.00,100 גרם,false,,6.90,0.0276,true,1,1439326
7290114311298,false,יוגורט מולר פרופ בטעם תות בננה מלון 150,החברה המרכזית טלהפצת משקאות בע,,קציפת תות בננה מלון,גרמים,150.00,100 גרם,false,,5.20,0.0347,true,1,1440379
7290114311328,false,חלב מועשר דל לקטוז מעושר בויטמין Dי 2% שומן טרה 1 ליטר,*החברה המרכזית להפצת משקאותבעמ,,חלב נטול לקטוז מועשר,מיליליטרים,1000.00,"100 מ""ל",false,,7.90,0.0079,true,1,1440880
7290114311458,false,חלב קרטון 3% מועשר ויטמין די 1 ליטר,*החברה המרכזית להפצת משקאותבעמ,,חלב 3% מועשר וויטמין,מיליליטרים,1000.00,"100 מ""ל",false,,7.50,0.0075,true,1,1441189
7290114311496,false,קרטון חלב מועשר 1% שומן 1 ליטר טרה,החברה המרכזית טלהפצת משקאות בע,,חלב 1% מועשר וויטמין,מיליליטרים,1000.00,"100 מ""ל",false,,7.50,0.0075,true,1,1441192
7290114600989,false,"מאסטר שף רוטב אלף האיים 250 מ""ל",ש. שסטוביץ בע`מ,,רוטב אלף האיים מאסטר,מיליליטרים,250.00,"100 מ""ל",false,,9.90,0.0396,true,1,1431273
7290114600996,false,מאסטר שף רוטב שום 256 גרם,ש. שסטוביץ בע`מ,,רוטב שום מאסטר שף 25,מיליליטרים,250.00,"100 מ""ל",false,,9.90,0.0396,true,1,1431274
7290114603539,false,קרוטונים למרק שום בצל מאסטר שף 350 גרם,"עינת תעשיות מזון, אגשח ב",,מאסטר שף קרוטונים למ,גרמים,350.00,100 גרם,false,,19.90,0.0569,true,1,1433445
7290114604949,false,מאסטר שף רוטב ברביקיו 524 גרם,רמיה סי.וי. הולנד,,רוטב ברביקיו מאסטר ש,גרמים,524.00,100 גרם,false,,12.90,0.0246,true,1,1434947
7290114606578,false,מאסטר שף שקדי מרק 400 גרם,ש. שסטוביץ בע`מ,,שקדי מרק מאסטר שף 40,גרמים,400.00,100 גרם,false,,9.90,0.0248,true,1,1437595
7290114608640,false,מאסטר שף קרוטונים לסלט כוסמין 260 גרם,עינת תעשיות מזון אגו,,קרוטונים אפויים לסלט,גרמים,260.00,100 גרם,false,,19.90,0.0765,true,1,1436774
7290115200003,false,אסם פתי בר פינוקי וניל 16*220 ג',קבוצת אוסם סחר שותפות מוגבלת,,פתי בר פינוקי וניל א,גרמים,220.00,100 גרם,false,,9.90,0.0450,true,1,1431435
7290115200027,false,אסם פתי בר פינוקים שוקו 220 גרם,קבוצת אוסם סחר שותפות מוגבלת,,פתי בר פינוקי שוקו א,גרמים,220.00,100 גרם,false,,9.90,0.0450,true,1,1431436
7290115200676,false,עוגיות קרמוגית במילוי קרם בטעם קרמל מלוח,קבוצת אוסם סחר שותפות מוגבלת,,קרמוגית קרמל מלוח 20,גרמים,200.00,100 גרם,false,,10.90,0.0545,true,1,1432215
7290115201703,false,ביסלי חטיף בטעם ברביקין אסם (200 גרם),קבוצת אוסם סחר שותפות מוגבלת,,ביסלי ברביקיו 200 גר,גרמים,200.00,100 גרם,false,,7.90,0.0395,true,1,1432693
7290115201727,false,ביסלי חטיף בטעם בצל אסם (200 גרם),קבוצת אוסם סחר-שות.מוגבלת,,ביסלי בצל 200 גרם,גרמים,200.00,100 גרם,false,,7.90,0.0395,true,1,1432694
7290115202304,false,אסם נודלס אטריות אורז מרובעות 230 גרם,קבוצת אוסם סחר-שות.מוגבלת,,נודלס אטריות אורז מר,גרמים,230.00,100 גרם,false,,9.90,0.0430,true,1,1434191
7290115202434,false,צבר סלט חומוס עם זעתר 375 גרם,קבוצת אוסם סחר שותפות מוגבלת,,חומוס עם זעתר צבר 37,גרמים,375.00,100 גרם,false,,11.90,0.0317,true,1,1434718
7290115203172,false,במבה PRO מכיל 18 גרם חלבון בשקית,קבוצת אוסם סחר שותפות מוגבלת,,במבה פרו 80 גרם,גרמים,80.00,100 גרם,false,,4.90,0.0613,true,1,1440972
7290115203486,false,פירורית בטעם ביסלי גריל אסם 200 גרם,קבוצת אוסם סחר שותפות מוגבלת,,פירורית בטעם ביסלי ג,גרמים,200.00,100 גרם,false,,6.40,0.0320,true,1,1435034
7290115203806,false,"רוטב בסיס לבישול אסם 290 מ""ל",קבוצת אוסם סחר שותפות מוגבלת,,"רוטב בסיס אסם 290 מ""",מיליליטרים,290.00,"100 מ""ל",false,,11.90,0.0410,true,1,1437093
7290115204056,false,"קטשופ מופחת סוכר אסם 690 גרם כשל""פ",קבוצת אוסם סחר שותפות מוגבלת,,קטשופ מופחת סוכר ללא,גרמים,690.00,100 גרם,false,,10.90,0.0158,true,1,1434138
7290115204131,false,צבר סחוג ירוק 6*190גרם חדש,קבוצת אוסם סחר שותפות מוגבלת,,סחוג ירוק צבר 190 גר,גרמים,190.00,100 גרם,false,,12.90,0.0679,true,1,1438340
7290115205176,false,729001032825פיטנס חטיפי קרקר כפרי 140גר.,קבוצת אוסם סחר שותפות מוגבלת,,פיטנס חטיפי קרקר טינ,גרמים,140.00,100 גרם,false,,11.90,0.0850,true,1,1438413
7290115205312,false,קרקר פיטנס דק עם זיתי קלמטה ועשבי תיבול,קבוצת אוסם סחר שותפות מוגבלת,,פיטנס קרקר Thin Deli,גרמים,140.00,100 גרם,false,,11.90,0.0850,true,1,1439554
7290115205695,false,אסם בונזור בצק מצונן לפיצה 460 גרם,קבוצת אוסם סחר-שות.מוגבלת,,בצק מצונן לפיצה אסם,גרמים,460.00,100 גרם,false,,16.90,0.0367,true,1,1438348
7290115205718,false,אסם בונזור בצק מצונן עלים 230 גרם,קבוצת אוסם סחר-שות.מוגבלת,,בצק מצונן עלים אסם ב,גרמים,230.00,100 גרם,false,,12.90,0.0561,true,1,1438349
7290115206494,false,סופגניה מיני מטוגנת בונז'ור 50ג',Unknown,,סופגניה מיני מטוגנת,גרמים,50.00,100 גרם,false,,3.70,0.0740,true,1,1437372
7290115206661,false,סופגניה מיני מטוגנת עם ריבה בונזור 50 גר',Unknown,,סופגניה מיני מטוגנת,גרמים,50.00,100 גרם,false,,3.70,0.0740,true,1,1437373
7290115207361,false,ביסקוויט פתיבר בטעם פיסטוק,קבוצת אוסם סחר שותפות מוגבלת,,פתי בר פיסטוק אסם 50,גרמים,500.00,100 גרם,false,,11.90,0.0238,true,1,1439559
7290115207484,false,צבר סלט חציל על האש היתר 360 גרם,קבוצת אוסם סחר שותפות מוגבלת,,חציל על האש צבר 400,גרמים,400.00,100 גרם,false,,15.90,0.0398,true,1,1438352
7290115207620,false,"אסם רוטב בסגנון סויה קלאסי 290 מ""ל",קבוצת אוסם סחר שותפות מוגבלת,,רוטב בסגנון סויה קלא,מיליליטרים,290.00,"100 מ""ל",false,,11.90,0.0410,true,1,1439844
7290115207682,false,אסם רוטב בסגנון סויה סיני 9*290מל חדש,קבוצת אוסם סחר שותפות מוגבלת,,רוטב בסגנון סויה סינ,מיליליטרים,290.00,"100 מ""ל",false,,10.90,0.0376,true,1,1439845
7290115207941,false,ויטמינצ'יק אננס סירופ 1 ליטר,קבוצת אוסם סחר שותפות מוגבלת,,ויטמינצ'יק אננס 1 לי,מיליליטרים,1000.00,"100 מ""ל",false,,21.90,0.0219,true,1,1438654
7290115207989,false,ויטמינצ'יק תרכיז לימון 1 ליטר,קבוצת אוסם סחר שותפות מוגבלת,,ויטמינצ'יק לימון 1 ל,מיליליטרים,1000.00,"100 מ""ל",false,,21.90,0.0219,true,1,1438656
7290115208009,false,ויטמינצ'יק ענבים סירופ 1 ליטר,קבוצת אוסם סחר שותפות מוגבלת,,ויטמינצ'יק ענבים 1 ל,מיליליטרים,1000.00,"100 מ""ל",false,,21.90,0.0219,true,1,1438657
7290115208047,false,סירופ פטל ויטמינצ`יק (1 ליטר),קבוצת אוסם סחר שותפות מוגבלת,,ויטמינצ'יק פטל 1 ליט,מיליליטרים,1000.00,"100 מ""ל",false,,21.90,0.0219,true,1,1438658
7290115208061,false,ויטמינצ'יק תפוח סירופ 1 ליטר,קבוצת אוסם סחר שותפות מוגבלת,,ויטמינצ'יק תפוח 1 לי,מיליליטרים,1000.00,"100 מ""ל",false,,21.90,0.0219,true,1,1438659
7290115208320,false,אפרופו חטיף בטעם ביסלי בצל 50 גרם,קבוצת אוסם סחר שותפות מוגבלת,,אפרופו בטעם ביסלי בצ,גרמים,50.00,100 גרם,false,,4.90,0.0980,true,1,1441671
7290115208344,false,שטוחים בייגלה כפיות שמנת בצל 300גר,קבוצת אוסם סחר שותפות מוגבלת,,בייגלה כפיות שמנת בצ,גרמים,300.00,100 גרם,false,,10.90,0.0363,true,1,1440975
7290115208566,false,קרמוגית במילוי קרם בייגלה 200 גרם אסם,קבוצת אוסם סחר-שות.מוגבלת,,קרמוגית מיניס קרם בי,גרמים,200.00,100 גרם,false,,10.90,0.0545,true,1,1440334
7290115209174,false,במבה אורירית קלאסי 60 גר',קבוצת אוסם סחר-שות.מוגבלת,,במבה אורירית אסם 60,גרמים,60.00,100 גרם,false,,4.30,0.0717,true,1,1440198
7290115209235,false,ביסקוויט פתי בר קפה אסם (500 גרם),קבוצת אוסם סחר שותפות מוגבלת,,פתי בר קפה אסם 500 ג,גרמים,500.00,100 גרם,false,,12.90,0.0258,true,1,1441299
7290115209358,false,במבה במילוי בראוניז אסם (60 גרם),קבוצת אוסם סחר שותפות מוגבלת,,במבה במילוי בראוניז,גרמים,60.00,100 גרם,false,,4.90,0.0817,true,1,1441673
7290115209372,false,במבה במילוי בראוניז 150 גרם אוסם,קבוצת אוסם סחר שותפות מוגבלת,,במבה במילוי בראוניז,גרמים,150.00,100 גרם,false,,10.90,0.0727,true,1,1441674
7290115400274,false,מיני דובשניות מתוקות 400 גרם אדל,שיבולים יצור ושיווק מוצרי מאפה,,מיני דובשניות 400 ג,גרמים,400.00,100 גרם,false,,11.90,0.0298,true,1,1431680
7290115400847,false,עוגיות פרפריות רמי לוי 500 גרם,,,עוגיות פרפריות רמי ל,גרמים,500.00,100 גרם,false,,14.90,0.0298,true,1,1439795
7290115400861,false,עוגיות מעמול רמי לוי 500 גרם,,,עוגיות מעמול תמר רמי,גרמים,500.00,100 גרם,false,,14.90,0.0298,true,1,1439797
7290115400878,false,עוגיות ממולאות טעם שוקולד רמי לוי 500 גרם,,,עוגיות ממולאות בטעם,גרמים,500.00,100 גרם,false,,14.90,0.0298,true,1,1439798
7290115400908,false,עוגיות מגולגלות תמרים רמי לוי 500 גרם,,,עוגיות מגולגלות תמרי,גרמים,500.00,100 גרם,false,,14.90,0.0298,true,1,1439800
7290115401097,false,עוגיות נסיכה טעם תות רמי לוי 500 גרם,,,עוגיות נסיכה בטעם תו,גרמים,500.00,100 גרם,false,,14.90,0.0298,true,1,1439801
7290115401103,false,עוגיות נסיכה מיקס רמי לוי 500 גרם,,,עוגיות נסיכה מיקס רמ,גרמים,500.00,100 גרם,false,,14.90,0.0298,true,1,1439802
7290115401110,false,עוגיות מיני מרוקאי רמי לוי 500 גרם,,,עוגיות בסגנון מרוקאי,גרמים,500.00,100 גרם,false,,14.90,0.0298,true,1,1439803
7290115401158,false,עוגיות מלוחות קריספי רמי לוי 500 גרם,,,עוגיוים מלוחות קריספ,גרמים,500.00,100 גרם,false,,14.90,0.0298,true,1,1439804
7290115401196,false,עוגיות קוואקר פריכות רמי לוי 500 גרם,,,עוגיות קוואקר פריכות,גרמים,500.00,100 גרם,false,,14.90,0.0298,true,1,1439806
7290115405774,false,פחזניות ממולאות בטעם וניל קפולסקי 180 גרם,תופינים מקבוצת קפולס,,פחזניות ממולאות בטעם,גרמים,180.00,100 גרם,false,,14.90,0.0828,true,1,1439951
7290115405781,false,פחזניות ממולאות בטעם שוקולד קפולסקי 180 גרם,תופינים מקבוצת קפולס,,פחזניות ממולאות בטעם,גרמים,180.00,100 גרם,false,,14.90,0.0828,true,1,1439952
7290115405804,false,פחזניות ממולאות בטעם תות קפולסקי 180 גרם,קפולסקי אדל בעמ,,פחזניות ממולאות בטעם,גרמים,180.00,100 גרם,false,,14.90,0.0828,true,1,1440969
7290115410884,false,חציל על האש 400ג רמילוי,,,חציל על האש רמי לוי,גרמים,400.00,100 גרם,false,,10.90,0.0273,true,1,1433482
7290115410891,false,חומוס מסבחה 400ג רמילוי,,,חומוס מסבחה רמי לוי,גרמים,400.00,100 גרם,false,,10.90,0.0273,true,1,1433483
7290115410907,false,מטבוחה רמי לוי 400 ג,,,מטבוחה רמי לוי 400 ג,גרמים,400.00,100 גרם,false,,10.90,0.0273,true,1,1433484
7290115410938,false,טחינה רמי לוי 400 גר,,,טחינה רמי לוי 400 גר,גרמים,400.00,100 גרם,false,,10.90,0.0273,true,1,1433487
7290115410952,false,חציל במיונז 400ג רמילוי,,,חציל במיונז רמי לוי,גרמים,400.00,100 גרם,false,,10.90,0.0273,true,1,1433489
7290115410969,false,חומוס לפיתה 700ג רמילוי,,,סלט חומוס לפיתה רמי,גרמים,700.00,100 גרם,false,,10.90,0.0156,true,1,1433490
7290115411157,false,חומוס עם חריף 400ג רמילוי,,,חומוס עם חריף רמי לו,גרמים,400.00,100 גרם,false,,10.90,0.0273,true,1,1433491
7290115411454,false,חומוס ירושלמי המזטים,,,חומוס ירושלמי המזטים,גרמים,250.00,100 גרם,false,,8.90,0.0356,true,1,1433492
7290115411607,false,חציל בטעם כבד 250גר רמילוי,,,חציל בטעם כבד רמי לו,גרמים,250.00,100 גרם,false,,15.90,0.0636,true,1,1433496
7290115411638,false,קוביות חציל בטחינה 250גר רמילוי,,,קוביות חציל בטחינה ה,גרמים,250.00,100 גרם,false,,8.90,0.0356,true,1,1433498
7290115480016,false,סוד פאוור קאפס לכביסה צבעונית 26 יחי,גורי שיווק בעמ,,סוד קפסולות ג'ל 3+1,יחידה,26.00,יחידה,false,,29.90,1.1500,true,1,1439754
7290115671223,false,מסטיק מאסט פאן אבטיח מנגו צנצנת 58 גרם,שטראוס גרופ בע`מ,,מאסט פאן אבטיח מנגו,גרמים,58.00,100 גרם,false,,9.90,0.1707,true,1,1438389
7290115671339,false,מיני פינוקיות בראוניז בייגל בוטן עלית 180 ג' עלית,"הגביע מוצרי ופלים בע""\מ",,מיני פינוקיות בראוני,גרמים,180.00,100 גרם,false,,10.90,0.0606,true,1,1436847
7290115671346,false,מיני פינוקיות טופי קרמל מלוח עלית 180 גרם,"הגביע מוצרי ופלים בע""\מ",,מיני פינוקיות טופי ק,גרמים,180.00,100 גרם,false,,10.90,0.0606,true,1,1436848
7290115675696,false,דגני בוקר קראנצ'ים שיבולת שועל עם אגוזים ושקדים,שטראוס פריטו ליי בע`מ,,קוואקר Cruesli אגוזי,גרמים,375.00,100 גרם,false,,19.90,0.0531,true,1,1436513
7290115675702,false,דגני בוקר קראנצ'ים שיבולת שועל עם פירות מיובשים,שטראוס פריטו ליי בע`מ,,קוואקר Cruesli פירות,גרמים,375.00,100 גרם,false,,19.90,0.0531,true,1,1436514
7290115675986,false,דנונה יוגורט בר עם אגוזים מקורמלים 173 גרם,שטראוס גרופ בעמ/מצונן,,דנונה בר עם אגוזים מ,גרמים,173.00,100 גרם,false,,4.60,0.0266,true,1,1433747
7290115676051,false,"משקה אקטיביה שיבולת שועל במתיקות מעודנת 250 מ""ל",שטראוס גרופ בעמ/מצונן,,"משקה אקטיביה עם ש""ש",מיליליטרים,265.00,"100 מ""ל",false,,5.10,0.0192,true,1,1437449
7290115678376,false,מעדן הגולן שוקולד 125 גרם,שטראוס גרופ בעמ/מצונן,,מעדן הגולן שוקולד 12,גרמים,125.00,100 גרם,false,,2.90,0.0232,true,1,1436832
7290115678383,false,מעדן הגולן שוקולד מריר בודד 125גר,שטראוס גרופ בעמ/מצונן,,מעדן הגולן שוקולד מר,גרמים,125.00,100 גרם,false,,2.90,0.0232,true,1,1436833
7290115679519,false,דלישס שייק פירות ורוד 150*2,קפוא זן תעשיות מזון בעמ,,שייק פירות ורוד דליש,גרמים,150.00,100 גרם,false,,22.90,0.1527,true,1,1442571
7290116051871,false,צלחות בלה 7.5' (8 יח,,,צלחות בלה 7.5' (8 יח,100 יחידה,8.00,100 יחידה,false,,19.90,2.4875,true,1,1439996
7290116052403,false,גופיית נשים לבנה כתפיה רחבה M-L,,,גופיות נשים כתפיה רח,100 יחידה,1.00,100 יחידה,false,,20.00,20.0000,true,1,1440702
7290116052434,false,גופיית נשים שחורה כתפייה רחבה M-L,,,גופיות נשים כתפיה רח,100 יחידה,1.00,100 יחידה,false,,20.00,20.0000,true,1,1440705
7290116052441,false,גופיית נשים שחורה כתפייה רחבה XL-XXL,,,גופיות נשים כתפיה רח,100 יחידה,1.00,100 יחידה,false,,20.00,20.0000,true,1,1440706
7290116052458,false,גופיית נשים לבנה כתפיה ספגטי XS-S,,,גופיות נשים כתפיה ספ,100 יחידה,1.00,100 יחידה,false,,20.00,20.0000,true,1,1440707
7290116052489,false,גופיית נשים שחורה כתפיה ספגטי XS-S,,,גופיות נשים כתפיה ספ,100 יחידה,1.00,100 יחידה,false,,20.00,20.0000,true,1,1440710
7290116052496,false,גופיית נשים שחורה כתפיה ספגטי M-L,,,גופיות נשים כתפיה ספ,100 יחידה,1.00,100 יחידה,false,,20.00,20.0000,true,1,1440711
7290116052700,false,סכין שקוף רמי לוי 40,,,סכין שקוף רמי לוי 40,100 יחידה,40.00,100 יחידה,false,,8.90,0.2225,true,1,1440600
7290116052717,false,כפית שקוף רמי לוי 40,,,כפית שקוף רמי לוי 40,100 יחידה,40.00,100 יחידה,false,,7.90,0.1975,true,1,1440601
7290116052779,false,כף קרם רמי לוי 40 יח,,,כף קרם רמי לוי 40 יח,100 יחידה,40.00,100 יחידה,false,,8.90,0.2225,true,1,1440607
7290116052861,false,כוס מרוקאי זהב 25יח חגיגית,,,כוס מרוקאי זהב (25 י,100 יחידה,25.00,100 יחידה,false,,8.90,0.3560,true,1,1440236
7290116052946,false,מזלג פרימיום קרם 40 יחידות,,,מזלג פרימיום קרם 40,100 יחידה,40.00,100 יחידה,false,,7.90,0.1975,true,1,1440243
7290116053028,false,מזלג פרימיום שקוף 40,,,מזלג פרימיום שקוף 40,100 יחידה,40.00,100 יחידה,false,,7.90,0.1975,true,1,1440251
7290116053042,false,כף פרימיום שקוף 40 י,,,כף פרימיום שקוף 40 י,100 יחידה,40.00,100 יחידה,false,,7.90,0.1975,true,1,1440253
7290116053172,false,אטבי כביסה צבעוניים 30 יח',ד.ג.ש ייבוא ושיווק בעמ,,אטבי כביסה צבעוניים,יחידה,30.00,יחידה,false,,10.90,0.3633,true,1,1441239
7290116053837,false,מגב חלון איכותי מחליף,,,מגב חלון איכותי,יחידה,1.00,יחידה,false,,8.90,8.9000,true,1,1441241
7290116053905,false,סט כפות במבוק איכותיות,,,סט כפות במבוק איכותי,יחידה,1.00,יחידה,false,,10.90,10.9000,true,1,1441243
7290116054247,false,מארז 50 צלחות קרם 8.5' בסט וליו,,,צלחת 8.5 קרם בסט ולי,יחידה,50.00,יחידה,false,,17.90,0.3580,true,1,1439455
7290116054834,false,בקבוק פרימיום טריטן כחול,,,בקבוק פרימיום טריטן,100 יחידה,1.00,100 יחידה,false,,34.90,34.9000,true,1,1440725
7290116054841,false,בקבוק פרימיום טריטן,,,בקבוק פרימיום טריטן,100 יחידה,1.00,100 יחידה,false,,34.90,34.9000,true,1,1440726
7290116055657,false,כוסות חד פעמי לשתייה חמה 40 יח,,,כוס חם 8 (40 יח') רמ,100 יחידה,40.00,100 יחידה,false,,9.90,0.2475,true,1,1440254
7290116055664,false,כוסות שתיה חמה 40 יחידות,,,כוס חם 10 רמי לוי,יחידה,40.00,יחידה,false,,17.90,0.4475,true,1,1439498
7290116056296,false,צלחת 9' קרם (50 יח') בסט וליו,,,צלחת 9 קרם 50 יחידות,יחידה,1.00,יחידה,false,,21.90,21.9000,true,1,1439428
7290116056302,false,צלחת 9' לבן (50 יח') בסט וליו,,,צלחת 9 לבן 50 יחידות,יחידה,1.00,יחידה,false,,21.90,21.9000,true,1,1439429
7290116056968,false,מטליות 50יח לניקוי וחיטוי 99.9%,,,מטליות לניקוי וחיטוי,יחידה,50.00,יחידה,false,,7.90,0.1580,true,1,1437663
7290116058139,false,טוסקנה צלחת 9 ורוד עתיק 10יח,,,טוסקנה צלחת 9' ורוד,100 יחידה,10.00,100 יחידה,false,,16.90,1.6900,true,1,1440005
7290116059600,false,כפפות ויטריל שחור S רמי לוי,,,כפפות ויטריל שחור S,יחידה,100.00,יחידה,false,,19.90,0.1990,true,1,1438796
7290116530185,false,"קורנפלקס דלישקד קרמל מלוח 400 גרם בד""ץ",יוניליוור ישראל שיווק בע`מ,,דלישקד 400 גרם תלמה,גרמים,400.00,100 גרם,false,,20.90,0.0522,true,1,1437317
7290116531083,false,"ברנפלקס ללא ת.סוכר בטעם דבש בתוספת שקדים, 400 גרם",יוניליוור ישראל שיווק בע`מ,,ברנפלקס טעם דבש עם ש,גרמים,400.00,100 גרם,false,,21.90,0.0547,true,1,1438019
7290116531090,false,בייגל בייגל דג דג במליחות עדינה 250 גרם,"יוניליוור ישראל שיווק בע""מ",,דגדג חטיף אפוי במליח,גרמים,250.00,100 גרם,false,,9.90,0.0396,true,1,1438758
7290116531496,false,קינמונים דגנים פריכים מצופים קינמון 375,"יוניליוור ישראל שיווק בע""מ",,קינמונים דגני בוקר,גרמים,375.00,100 גרם,false,,20.90,0.0557,true,1,1440050
7290116531557,false,"פריכיות פתית תירס עם מלח 150 גרם כשל""פ",יוניליוור ישראל שיווק בע`מ,,פתית פריכיות תירס דק,גרמים,150.00,100 גרם,false,,11.90,0.0793,true,1,1439316
7290116531793,false,הלמנ'ס רוטב לסלט קיסר 295 גרם,"יוניליוור ישראל שיווק בע""מ",,רוטב לסלט קיסר 295 ג,גרמים,295.00,100 גרם,false,,10.80,0.0366,true,1,1438026
7290116531939,false,גלידה בשומן צמחי בטעם תות שדה בציפוי מכיל שוקולד,"גלידת שטראוס בע""\מ, רח'",,גלידונית תות שדה,מיליליטרים,955.00,"1000מ""ל",false,,43.90,0.0460,true,1,1439202
7290116532769,false,גרנולה פרוטאין גרנולה חלבון תפוח וקינמון תלמה 300 גרם,יוניליוור ישראל שיווק בע`מ,,גרנולה פרוטאין בתוספ,גרמים,300.00,100 גרם,false,,14.90,0.0497,true,1,1440306
7290116930657,false,"משקה חלב גו בטעם בננה תמר בתוספת שיבולת שועל במרקם חלק 340 מ""ל",תנובה מרכז שיתופי לש,,משקה חלב גו בננה תמר,גרמים,340.00,100 גרם,false,,7.90,0.0232,true,1,1441682
7290116930701,false,מעדן חלב GO מועשר בחלבון בטעם קרמל מלוח,תנובה מרכז שיתופי לש,,מעדן חלב גו בטעם קרמ,גרמים,120.00,100 גרם,false,,4.90,0.0408,true,1,1440272
7290116930954,false,יוגורט טעם פאי תפוחים 3% 150 ג' יופלה,תנובה בעמ ***,,יופלה פאי תפוחים 3%,גרמים,150.00,100 גרם,false,,5.00,0.0333,true,1,1441683
7290116931081,false,מעדן סויה - טופי קרמל 125 גרם אלטרנטיב,תנובה מרכז שיתופי לש,,מעדן סויה בטעם טופי,גרמים,125.00,100 גרם,false,,4.20,0.0336,true,1,1440886
7290116931104,false,יופלה GO במרקם סמיך עם אננס 0% תנובה 200 גרם,תנובה בעמ ***,,יופלה גו במרקם סמיך,גרמים,200.00,100 גרם,false,,5.90,0.0295,true,1,1440887
7290117260319,false,גבינת שמנת עם שום 21% 200ג רמילוי,,,גבינת שמנת עם שום 21,גרמים,200.00,100 גרם,false,,10.90,0.0545,true,1,1439835
7290117260333,false,גבינת שמנת עם חלפיניו 22% 200ג רמילוי,,,גבינת שמנת עם חלפיני,גרמים,200.00,100 גרם,false,,10.90,0.0545,true,1,1439836
7290117260432,false,פטריות שמפניון חתוכות 400ג רמילוי,,,פטריות חתוכות רמי לו,גרמים,400.00,100 גרם,false,,4.90,0.0123,true,1,1439930
7290117260449,false,גבינה בולגרית מעודנת למריחה בטעם טבעי 5% שומן 200 ג' יורו,ג.וילי-פוד אינטרנשיונל **גבינו,,בולגרית מעודנת למריח,גרמים,200.00,100 גרם,false,,11.90,0.0595,true,1,1439515
7290117260456,false,גבינה בולגרית מעודנת למריחה עם זיתים 5% שומן 200 ג' יורו,ג.וילי-פוד אינטרנשיונל **גבינו,,בולגרית מעודנת למריח,גרמים,200.00,100 גרם,false,,11.90,0.0595,true,1,1439516
7290117260463,false,גבינה בולגרית מעודנת למריחה עם חלפיניו 5% שומן 200 ג' יורו,ג.וילי-פוד אינטרנשיונל **גבינו,,בולגרית מעודנת למריח,גרמים,200.00,100 גרם,false,,11.90,0.0595,true,1,1439517
7290117260562,false,חמאה כפרית מסורתית בגביע,ג.וילי-פוד אינטרנשיונל **גבינו,,חמאה בגביע ויליפוד 2,גרמים,125.00,100 גרם,false,,17.90,0.1432,true,1,1442514
7290117260906,false,פופקורן בציפוי בטעם פירות 90 גרם,ג. וילי-פוד אינטרנשיונל בע`מ,,פופקורן בטעם פירות ו,גרמים,90.00,100 גרם,false,,6.90,0.0767,true,1,1438814
7290117261521,false,סלמון אטלנטי בשמן קנולה 120 גרם ויליפוד,ג. וילי-פוד אינטרנשיונל בע`מ,,סלמון אטלנטי בשמן קנ,גרמים,120.00,100 גרם,false,,10.90,0.0908,true,1,1441096
7290117261569,false,סלמון אטלנטי מעושן בשמן קנולה 120 גרם ויליפוד,ג. וילי-פוד אינטרנשיונל בע`מ,,סלמון אטלנטי מעושן ב,גרמים,120.00,100 גרם,false,,10.90,0.0908,true,1,1441098
7290117261576,false,סרדינים בריסלינג מעושנים ברוטב עגבניות 185 גרם צנצנת,ג. וילי-פוד אינטרנשיונל בע`מ,,סרדינים בריסלינג מעו,גרמים,185.00,100 גרם,false,,13.90,0.0751,true,1,1441463
7290117261583,false,סרדינים בריסלינג מעושנים בשמן קנולה 129 גרם (צנצנת),ג. וילי-פוד אינטרנשיונל בע`מ,,סרדינים בריסלינג מעו,גרמים,185.00,100 גרם,false,,13.90,0.0751,true,1,1441464
7290117261590,false,סרדינים בריסלינג מעושנים בשמן זית 185 גרם צנצנת,ג.וילי-פוד אינטרנשיונל בעמ,,סרדינים בריסלינג מעו,גרמים,185.00,100 גרם,false,,13.90,0.0751,true,1,1441465
7290117261651,false,מגורדת בטעם מוצרלה טבעוני 200 גרם,ג.וילי פוד אינטרנשיונל בעמ,,מגורדת טבעונית בטעם,גרמים,200.00,100 גרם,false,,17.90,0.0895,true,1,1441370
7290117262221,false,"משקה יוגורט פרוביוטי עם אננס 200מ""ל 2.3%שומן יורו",ג.וילי-פוד אינטרנשיונל **גבינו,,משקה יוגורט פרוביוטי,מיליליטרים,200.00,"100 מ""ל",false,,4.90,0.0245,true,1,1441091
7290117262238,false,"משקה יוגורט פרוביוטי עם תות שדה 200מ""ל 2.3%שומן יורו",ג.וילי-פוד אינטרנשיונל **גבינו,,משקה יוגורט עם תות ש,מיליליטרים,200.00,"100 מ""ל",false,,4.90,0.0245,true,1,1441090
7290117262245,false,"משקה יוגורט פרוביוטי עם אפרסק ומשמש 200מ""ל 2.3%שומן יורו",ג.וילי-פוד אינטרנשיונל **גבינו,,משקה יוגורט עם אפרסק,100 0,200.00,100 0,false,,4.90,0.0245,true,1,1441092
7290117380185,false,סוויט פוף חטיף מצופה שוקולד חלב ולבן,"טחנת האבן תעשיות בע""",,סוויט פוף שוקולד חלב,גרמים,50.00,100 גרם,false,,4.50,0.0900,true,1,1439922
7290117900949,false,בוטנים מצופים אמריקאים 250 גרם,דין שיווק וקליה 2021 בעמ,,בוטנים מצופים אמריקא,גרמים,250.00,100 גרם,false,,10.90,0.0436,true,1,1440433
7290117900956,false,תערובת פיצוחים קלויים ששון הקולה 180 גרם,דין שיווק וקליה 2021 בעמ,,תערובת פיצוחים קלויי,גרמים,180.00,100 גרם,false,,15.90,0.0883,true,1,1440434
7290117900963,false,בוטנים קלויים 270גר ששון הקולה,דין שיווק וקליה 2021 בעמ,,בוטנים קלויים ששון ה,גרמים,270.00,100 גרם,false,,10.90,0.0404,true,1,1440435
7290117900970,false,שקדים קלויים ששון הקולה 180 גם,דין שיווק וקליה 2021 בעמ,,שקדים קלויים ששון הק,גרמים,180.00,100 גרם,false,,15.90,0.0883,true,1,1440436
7290117900987,false,אגוז פקאן קלוף ששון הקולה 140 גרם,דין שיווק וקליה 2021 בעמ,,אגוז פקאן קלוף ששון,גרמים,140.00,100 גרם,false,,15.90,0.1136,true,1,1440437
7290117900994,false,פקאן סיני מסוכר ששון הקולה 140 גרם,דין שיווק וקליה 2021 בעמ,,פקאן סיני מסוכר ששון,גרמים,140.00,100 גרם,false,,15.90,0.1136,true,1,1440438
7290117901007,false,פיסטוקים קלויים ששון הקולה 130 גרם,דין שיווק וקליה 2021 בעמ,,פיסטוקים קלויים ששון,גרמים,130.00,100 גרם,false,,15.90,0.1223,true,1,1440439
7290117901014,false,אגוזי קשיו קלויים 160 גר ששון הקולה,דין שיווק וקליה 2021 בעמ,,קשיו קלוי ששון הקולה,גרמים,160.00,100 גרם,false,,15.90,0.0994,true,1,1440440
7290117901021,false,קבוקים בוטנים מצופים עם שומשום 220 גרם,דין שיווק וקליה 2021 בעמ,,קבוקים בוטנים מצופים,גרמים,220.00,100 גרם,false,,10.90,0.0495,true,1,1440441
7290117901038,false,אגוזי מלך קלופים ששון הקולה 190 גרם,דין שיווק וקליה 2021 בעמ,,אגוזי מלך קלופים ששו,גרמים,190.00,100 גרם,false,,15.90,0.0837,true,1,1440442
7290117901045,false,בוטן רביולי ששון הקולה 200 גרם,דין שיווק וקליה 2021 בעמ,,בוטן רביולי ששון הקו,גרמים,200.00,100 גרם,false,,15.90,0.0795,true,1,1440443
7290118070177,false,שלישית ווים ניצמדים,,,שלישית ווים ניצמדים,יחידה,3.00,יחידה,false,,6.90,2.3000,true,1,1441245
7290118070245,false,קליפיסים לסגירת שקיות 4יח,,,קליפסים לסגירת שקיות,יחידה,4.00,יחידה,false,,7.90,1.9750,true,1,1441562
7290118073710,false,מקל מטאטא מחוזק 130סמ צבעוני,,,מקל מטאטא מחוזק 130,יחידה,1.00,יחידה,false,,7.90,7.9000,true,1,1442585
7290118077985,false,חנוכייה מעוצבת בינונית 28סמ רגל מעוצבת כסף מבריק,,,חנוכייה מעוצבת בינונ,יחידה,1.00,יחידה,false,,89.90,89.9000,true,1,1442589
7290118420071,false,במבה ביסלי ברביקיו מיקס 80גר אסם{,קבוצת אוסם סחר שותפות מוגבלת,,במבה ביסלי ברביקיו מ,גרמים,80.00,100 גרם,false,,4.90,0.0613,true,1,1441675
7290118420514,false,אינסטנט פודינג בטעם נוגט אסם 75 גרם,קבוצת אוסם סחר שותפות מוגבלת,,אסם אינסטנט פודינג נ,גרמים,75.00,100 גרם,false,,4.90,0.0653,true,1,1441678
7296058025017,false,פריכיות דקות אורז TO GO ג 25,,,פריכיות דקות אורז טו,גרמים,25.00,100 גרם,false,,2.90,0.1160,true,1,1440068
7296058025024,false,פריכיות דקות תירס TO GO ג 25,,,פריכיות דקות תירס טו,גרמים,25.00,100 גרם,false,,2.90,0.1160,true,1,1440069
7297488199606,false,פצפוצי אורז תפוח ללא תוספת סוכר ומלח ללא גלוטן,דגש- דוכן גן שמואל,,דגש פצפוצי אורז קל 4,גרמים,450.00,100 גרם,false,,19.90,0.0442,true,1,1428695
7299854145262,false,כוסות נייר שתיה חמה,כוסות שתייה חמה 3 ב,,כוסות נייר שתיה חמה,יחידה,50.00,יחידה,false,,11.90,0.2380,true,1,1433738
7312040017683,false,מארז אבסולוט רגיל(וודקה {}{700 עם כוס,טמפו משקאות בע`מ,,"וודקה אבסולוט 700 מ""",מיליליטרים,700.00,"100 מ""ל",false,,67.90,0.0970,true,1,1410754
7393714508102,false,"קופרברג סיידר אגסים 4.5% בקבוק 330 מ""ל",הכרם משקאות חריפים בעמ,,קופרברג סיידר אגסים,מיליליטרים,330.00,"100 מ""ל",false,,8.90,0.0270,true,1,1411868
7393714509604,false,קופרברג סיידר תפוח 4.5% בקבוק 330 מ,הכרם משקאות חריפים בעמ,,קופרברג סיידר תפוח 4,100 0,330.00,100 0,false,,8.90,0.0270,true,1,1411869
7501013122039,false,ג'ומקס מיץ מנגו קרטונית ליטר תריסר,חומקס קומר קומרסאליזדורה,,ג'ומקס נקטר מנגו קרט,מיליליטרים,1000.00,"100 מ""ל",false,,9.50,0.0095,true,1,1410771
7501013122053,false,נקטר אפרסק ג'ומקס בקרטונית 1 ליטר,חומקס קומר קומרסאליזדורה,,ג'ומקס נקטר אפרסק קר,מיליליטרים,1000.00,"100 מ""ל",false,,9.50,0.0095,true,1,1410772
7501013122114,false,ג'ומקס מיץ אננס קרטונית ליטר תריסר,חומקס קומר קומרסאליזדורה,,ג'ומקס משקה אננס קרט,מיליליטרים,1000.00,"100 מ""ל",false,,9.50,0.0095,true,1,1410773
7501013122992,false,ג'ומקס מיץ קוקוס אננס קרטונית ליטר תריסר,חומקס קומר קומרסאליזדורה,,ג'ומקס משקה קוקוס אנ,מיליליטרים,1000.00,"100 מ""ל",false,,9.50,0.0095,true,1,1410775
7501013138184,false,משקה חמוציות יוניקו פרסקו ג'ומקס קרטונית 1 ליטר,חומקס קומר קומרסאליזדורה,,גומקס קרטונית נקטר ח,מיליליטרים,1000.00,"100 מ""ל",false,,9.90,0.0099,true,1,1429040
7501049936945,false,"בירה סול שישייה בקבוק 330 מ""ל",פארייפאבה אגרואינדוס,,בירה סול שישייה 330,מיליליטרים,1980.00,"100 מ""ל",false,,34.90,0.0176,true,1,1429018
7501064191398,false,שישיית בירה קורונה אקסטרא *355 מל,קריניציה ויטמינה אס,,בירה קורונה שישייה 3,מיליליטרים,2130.00,"100 מ""ל",false,,39.90,0.0187,true,1,1415206
7610100034084,false,מיונז טומי בשפורפרת 265 גרם,ליימן שליסל בע`מ,,מיונז טומי 265 גרם,גרמים,265.00,100 גרם,false,,14.90,0.0562,true,1,1412402
7610400068505,false,לינדט לינדור בונבוניירה שוקולד חלב 200 גרם,לינדט ושפרונגלי קילשברג,,לינדור בונ' מילק 200,גרמים,200.00,100 גרם,false,,29.90,0.1495,true,1,1436686
7610400068529,false,לינדט לינדור בונבוניירה כדורי שוקולד מטעמים 200 גרם,לינדט ושפרונגלי קילשברג,,לינדור בונ' אסורטד 2,גרמים,200.00,100 גרם,false,,29.90,0.1495,true,1,1436687
7610400075787,false,לינדט לה גרנד שוקולד חלב אגוז 150 גרם,לינדט ושפרונגלי קילשברג,,שוקולד לינדט לגרנד ח,גרמים,150.00,100 גרם,false,,23.90,0.1593,true,1,1437736
7613030979647,false,דגני בוקר טריקס פירות עולם היורה 480 ג',קבוצת אוסם סחר שותפות מוגבלת,,דגני תירס תפוחים בטע,גרמים,480.00,100 גרם,false,,23.90,0.0498,true,1,1407483
7613032045753,false,פיטנס דגנים מחיטה מלאה שוקולד 375גרם,קבוצת אוסם סחר שותפות מוגבלת,,פיטנס שוקולד 375 גרם,גרמים,375.00,100 גרם,false,,19.90,0.0531,true,1,1407485
7613033548192,false,פיטנס - דגני בוקר שוקולד מריר 375 גרם,קבוצת אוסם סחר שותפות מוגבלת,,פיטנס שוקולד מריר 37,גרמים,375.00,100 גרם,false,,19.90,0.0531,true,1,1407495
7613035622623,false,פיטנס גרנולה שקדים ודבש נסטלה (300 גרם),קבוצת אוסם סחר-שות.מוגבלת,,פיטנס גרנולה שקדים ו,גרמים,300.00,100 גרם,false,,14.90,0.0497,true,1,1407503
7613035635845,false,פיטנס גרנולה שוקולד 300 גר`אסם,קבוצת אוסם סחר-שות.מוגבלת,,פיטנס גרנולה שוקולד,גרמים,300.00,100 גרם,false,,14.90,0.0497,true,1,1407504
7613035807778,false,פרפקטו רוטב עגבניות לבולונז אסם 400 גרם,קבוצת אוסם סחר שותפות מוגבלת,,פרפקטו רוטב עגבניות,גרמים,400.00,100 גרם,false,,10.50,0.0263,true,1,1407506
7613035809109,false,פרפקטו רוטב עגבניות ובזיליקום אסם 400 גרם,קבוצת אוסם סחר שותפות מוגבלת,,פרפקטו רוטב עגבניות,גרמים,400.00,100 גרם,false,,10.50,0.0263,true,1,1407507
7613035809123,false,פרפקטו רוטב עגבניות עם פלפלים אסם 400 גרם,קבוצת אוסם סחר שותפות מוגבלת,,פרפקטו רוטב עגבניות,גרמים,400.00,100 גרם,false,,10.50,0.0263,true,1,1407508
7613035809857,false,פרפקטו רוטב עגבניות לפסטה ולבישול אסם 400 גרם,קבוצת אוסם סחר שותפות מוגבלת,,פרפקטו רוטב עגבניות,גרמים,400.00,100 גרם,false,,10.50,0.0263,true,1,1407509
7613036520492,false,פרפקטו רוטב עגבניות לפיצה אסם 400 גרם,קבוצת אוסם סחר-שות.מוגבלת,,רוטב עגבניות לפיצה פ,גרמים,400.00,100 גרם,false,,10.50,0.0263,true,1,1407516
7613036710879,false,מארז מיני חטיפי קיט קט צ'אנקי Kit Kat Chanky,קבוצת אוסם סחר שותפות מוגבלת,,קיט קט צנקי מיני 12*,גרמים,194.00,100 גרם,false,,14.90,0.0768,true,1,1432176
7613036737623,false,דגני בוקר קראנץ מיקס 410גר,קבוצת אוסם סחר שותפות מוגבלת,,קראנץ מקס 410 גרם,גרמים,410.00,100 גרם,false,,23.90,0.0583,true,1,1407519
7613037012200,false,גרבר מחית תפו`ע מנגו וגזר פאוץ 90 גר`,קבוצת אוסם סחר שותפות מוגבלת,,גרבר מחית תפוח מנגו,גרמים,90.00,100 גרם,false,,6.50,0.0722,true,1,1435238
7613037686906,false,פיטנס - דגני בוקר שקדים ודבש 355 גרם,קבוצת אוסם סחר שותפות מוגבלת,,דגני בוקר עם שקדים ו,גרמים,355.00,100 גרם,false,,19.90,0.0561,true,1,1427849
7613038268262,false,דגני בוקר צ'יריוס דבש ושקדים במתיקות מעודנת,קבוצת אוסם סחר שותפות מוגבלת,,האני נאט ציריוס מופח,גרמים,410.00,100 גרם,false,,19.90,0.0485,true,1,1429440
7613039547731,false,גרבר מחית תפוח עץ ומשמש 90 גרם פאוץ,קבוצת אוסם סחר שותפות מוגבלת,,גרבר מחית תפוח משמש,גרמים,90.00,100 גרם,false,,6.50,0.0722,true,1,1431965
7613287121783,false,סמארטיס מיני 16*187 גרם,קבוצת אוסם סחר שותפות מוגבלת,,סמארטיס מיני 187 גרם,גרמים,187.00,100 גרם,false,,14.90,0.0797,true,1,1435270
7613287155832,false,גרבר מחית תפוחי עץ 90 גרם פאוץ,קבוצת אוסם סחר שותפות מוגבלת,,גרבר מחית תפוח 90 גר,גרמים,90.00,100 גרם,false,,6.50,0.0722,true,1,1436744
7613287325822,false,אוסם - דיפ אנד ספרד מטבל מיקס 295 גרם,קבוצת אוסם סחר שותפות מוגבלת,,רוטב מיקס לחיץ אסם 2,גרמים,295.00,100 גרם,false,,12.90,0.0437,true,1,1437658
7613287325853,false,אוסם - דיפ אנד ספרד מטבל איולי ספייסי 295 גרם,קבוצת אוסם סחר שותפות מוגבלת,,אסם רוטב ספייסי איול,גרמים,295.00,100 גרם,false,,12.90,0.0437,true,1,1437659
7613287476494,false,אוסם - דיפ אנד ספרד מיונז בסגנון צרפתי 280 גרם,קבוצת אוסם סחר שותפות מוגבלת,,רוטב מיונז לחיץ אסם,גרמים,280.00,100 גרם,false,,12.90,0.0461,true,1,1437662
7614500035788,false,טובלרון שוקולד חלב 200 גרם,דיפלומט מפיצים (1968) בעמ**,,טובלרון 200 גרם,גרמים,200.00,100 גרם,false,,17.90,0.0895,true,1,1408246
7622010001858,false,עוגיות אוראו ממולאות קרם וניל 176 גרם.,דיפלומט מפיצים (1968) בעמ**,,אוראו וניל 176 גרם ב,גרמים,176.00,100 גרם,false,,9.90,0.0563,true,1,1408247
7622201050757,false,מילקה שוקולד חלב במילוי קרם קרמל 100 ג,דיפלומט מפיצים (1968) בעמ**,,שוקולד חלב במילוי קר,גרמים,100.00,100 גרם,false,,6.90,0.0690,true,1,1409394
7622201137052,false,אוראו מיני קוקיס - עוגיות שוקולד צ'יפס ותחתית מצופה שוקולד חלב,דיפלומט מפיצים (1968) בעמ**,,מילקה מיני קוקיז 110,גרמים,110.00,100 גרם,false,,9.90,0.0900,true,1,1441395
7622201139278,false,גבינת פילדלפיה שמנת 150 גר`% (27 שומן),מיודלז אספניה פרודוק,,גבינת שמנת 27% פילדל,גרמים,150.00,100 גרם,false,,14.90,0.0993,true,1,1428267
7622201401900,false,עוגיות מילקה סנסיישן אוראו 156 גרם,דיפלומט מפיצים (1968) בעמ**,,עוגיות מילקה סנסיישן,גרמים,156.00,100 גרם,false,,10.90,0.0699,true,1,1432757
7622201502515,false,עוגיות מילקה קוקי לופ שוקולד צ'יפס,דיפלומט מפיצים (1968) בעמ**,,מילקה קוקי לופ 132 ג,גרמים,132.00,100 גרם,false,,11.90,0.0902,true,1,1437646
7622201521493,false,גבינת פילדלפיה שום ועשבי תיבול 150 גר` (,מיודלז אספניה פרודוק,,גבינת שמנת שום ועשבי,גרמים,150.00,100 גרם,false,,14.90,0.0993,true,1,1440178
7622201798154,false,גבינת שמנת לייט מופחתת שומן 13% שומן,מיודלז אספניה פרודוק,,גבינת שמנת פילדלפיה,גרמים,150.00,100 גרם,false,,14.90,0.0993,true,1,1437080
7622201801809,false,מילקה שוקולד חלב עם אגוזים 100 גרם חדש,מנדלז דויצ'\לנד סנקס פרו,,שוקולד חלב עם שברי א,גרמים,100.00,100 גרם,false,,6.90,0.0690,true,1,1437040
7622201802394,false,שוקולד מילקה חלב מסרונים 100 גרם,מנדלז דויצ'\לנד סנקס פרו,,שוקולד חלב מילקה 100,גרמים,100.00,100 גרם,false,,6.90,0.0690,true,1,1437042
7622201808631,false,אוראו מיני עוגיות ממולאות קרם וניל 67גרם,דיפלומט מפיצים (1968) בעמ**,,אוראו מיני כוסות בטע,גרמים,67.00,100 גרם,false,,7.90,0.1179,true,1,1438448
7622201813390,false,וופל במילוי קרם קקאו בציפוי שוקולד חלב,דיפלומט מפיצים (1968) בעמ**,,מילקה וואפל במילוי ק,גרמים,132.00,100 גרם,false,,10.90,0.0826,true,1,1437675
7622201823733,false,עוגיות מילקה ת`ינס דקות 151 גרם,דיפלומט מפיצים (1968) בע`מ,,עוגיות מילקה ת'ינס ד,גרמים,151.00,100 גרם,false,,10.90,0.0722,true,1,1442508
7622210078131,false,שוקולד חלב עם שבבי קרמל מילקה דיים 100 גרם,מנדלז דויצ'\לנד סנקס פרו,,שוק' מילקה דאיים 100,גרמים,100.00,100 גרם,false,,6.90,0.0690,true,1,1408248
7622210163899,false,שוקולד חלב במילוי סוכריות עדשים,דיפלומט מפיצים (1968) בעמ**,,מילקה שוקולד חלב עם,גרמים,100.00,100 גרם,false,,6.90,0.0690,true,1,1408250
7622210464729,false,אוראו גולדן עוגיות וניל במילוי קרם וניל,דיפלומט מפיצים (1968) בעמ**,,אוראו גולדן 154 גרם,גרמים,154.00,100 גרם,false,,6.90,0.0448,true,1,1429326
7622210637994,false,מיני עוגיות אוראו קראנצ'י בייטס אורגינל,דיפלומט מפיצים (1968) בעמ**,,אוראו ביס קראנ'צי או,גרמים,110.00,100 גרם,false,,9.90,0.0900,true,1,1427795
7622210638021,false,מיני עוגיות אוראו קראנצ'י בייטס מצופים,דיפלומט מפיצים (1968) בעמ**,,אוראו ביס קראנ'צי בצ,גרמים,110.00,100 גרם,false,,9.90,0.0900,true,1,1427796
7622210664150,false,"עוגיות אוראו וניל, 396 גרם",דיפלומט מפיצים (1968) בעמ**,,עוגיות אוראו וניל 39,גרמים,396.00,100 גרם,false,,15.90,0.0402,true,1,1440991
7622210690883,false,מילקה שוקולד חלב-מהדורת מונדיאל 270 גרם,דיפלומט מפיצים (1968) בעמ**,,מילקה מונדיאל 270 גר,גרמים,270.00,100 גרם,false,,17.90,0.0663,true,1,1442509
7622210693266,false,מילקה שוקולד אגוזים שלמים 270 גרם,מונדלז אוסטרייך פרודקשן,,מילקה אגוזים שלמים 2,גרמים,270.00,100 גרם,false,,17.90,0.0663,true,1,1439443
7622210826053,false,מילקה שוקולד אוראו סנדוויץ 100 גרם,דיפלומט מפיצים (1968) בעמ**,,שוקולד מילקה אוראו ס,גרמים,92.00,100 גרם,false,,6.90,0.0750,true,1,1432758
7622210835338,false,אוראו עוגיות ממולאות טעם בראוניז 176 גרם,דיפלומט מפיצים (1968) בעמ**,,עוגיות אוראו בראוניז,גרמים,176.00,100 גרם,false,,8.90,0.0506,true,1,1408255
7622300200237,false,שוקולד מילקה שוקולד חלב 250 גרם,דיפלומט מפיצים (1968) בעמ**,,מילקה שוקולד חלב 250,גרמים,250.00,100 גרם,false,,12.50,0.0500,true,1,1408258
7622300270506,false,מילקה גריינס - עוגיות שיבולת שועל מצופות שוקולד 168 ג',דיפלומט מפיצים (1968) בעמ**,,מילקה גריינס - עוגיו,גרמים,168.00,100 גרם,false,,10.90,0.0649,true,1,1408260
7622300315283,false,אוראו עוגיות ממולאות קרם וניל 154 גרם,דיפלומט מפיצים (1968) בעמ**,,אוראו וניל 154 גרם,גרמים,154.00,100 גרם,false,,6.90,0.0448,true,1,1437044
7622300441715,false,עוגיות מילקה ביסקוויט ממולא קרם חלב מצופה למחצה בשוקולד חלב 150 גר',דיפלומט מפיצים (1968) בעמ**,,מילקה עוגיות שוקו מי,גרמים,150.00,100 גרם,false,,11.90,0.0793,true,1,1418367
7622300489427,false,עוגיות אוראו בציפוי בטעם שוקולד לבן 246 גרם,דיפלומט מפיצים (1968) בעמ**,,אוראו עוגיות מצופות,גרמים,246.00,100 גרם,false,,18.90,0.0768,true,1,1414452
7622300489434,false,"עוגיות אוראו פאדג' בציפוי שוקולד חלב, 246 גרם",דיפלומט מפיצים (1968) בעמ**,,אוראו עוגיות מצופות,גרמים,246.00,100 גרם,false,,18.90,0.0768,true,1,1414453
7622300495046,false,מילקה שוקולד חלב עם אקסטרה קקאו 100 גרם,מנדלז דויצ'\לנד סנקס פרו,,מילקה אקסטרה קקאו 10,גרמים,100.00,100 גרם,false,,6.90,0.0690,true,1,1437679
7622300503079,false,עוגיות ביסקוויט מצופה שוקולד חלב מילקה 200 גרם,דיפלומט מפיצים (1968) בעמ**,,מילקה מוו ביסקוויט מ,גרמים,200.00,100 גרם,false,,10.90,0.0545,true,1,1408262
7622300617820,false,מילקה שוקולד חלב במילוי קרם חלב ווניל ושבבי עוגיות אוראו 100 גרם,מנדלז דויצ'\לנד סנקס פרו,,מילקה אוראו 100 גרם,גרמים,100.00,100 גרם,false,,6.90,0.0690,true,1,1408263
7622300761363,false,עוגיות מיני אוראו במילוי קרם בטעם שוקולד בכוס,דיפלומט מפיצים (1968) בעמ**,,אוראו מיני עוגיות עם,גרמים,67.00,100 גרם,false,,7.90,0.1179,true,1,1412162
7622400005190,false,שוקולד חלב נגיעות שוקולד לבן מילקה 100 ג,דיפלומט מפיצים (1968) בעמ**,,שוקולד חלב חום לבן מ,גרמים,100.00,100 גרם,false,,6.90,0.0690,true,1,1409396
7630477891653,false,סטארבקס קפסולות קפה אספרסו נטול 10 יחידו,קבוצת אוסם סחר שותפות מוגבלת,,קפסולות קפה נטול קפא,גרמים,57.00,100 גרם,false,,22.90,0.4018,true,1,1431905
7630477891691,false,סטארבקס קפסולות קפה קולמביה 10 יחידות,קבוצת אוסם סחר שותפות מוגבלת,,קפסולות קפה קולומביה,גרמים,57.00,100 גרם,false,,22.90,0.4018,true,1,1431907
7630477891738,false,סטארבקס קפסולות קפה אספרסו בלונד 10 יחיד,קבוצת אוסם סחר שותפות מוגבלת,,קפסולות קפה בלונד חו,גרמים,53.00,100 גרם,false,,22.90,0.4321,true,1,1431911
7702024074625,false,חטיפי קרקר פיטנס Fitness עם חיטה מלאה,קבוצת אוסם סחר שותפות מוגבלת,,פיטנס חטיפי קרקר חיט,גרמים,234.00,100 גרם,false,,11.90,0.0509,true,1,1407527
7702174068833,false,יוגטה סוכריות קשות על מקל ממולאות טופי בטעמי גלידת פירות 12 יח' 204 גרם,הדקלאים אגודת שיתופי,,לקקן יוגטה גלידה 12,יחידה,12.00,יחידה,false,,10.90,0.9083,true,1,1412409
7777555507843,false,"מסננת ידית ברזל 20 ס""מ",ד.ג.ש ייבוא ושיווק בעמ,,מסננת ידית ברזל 20 ס,יחידה,1.00,יחידה,false,,16.00,16.0000,true,1,1430660
7777555508109,false,מארז סיכות ביטחון,ד.ג.ש ייבוא ושיווק בעמ,,מארז סיכות ביטחון,יחידה,1.00,יחידה,false,,5.90,5.9000,true,1,1430663
7777555509625,false,מברשת לניקוי איכותית,,,מברשת לניקוי איכותית,יחידה,1.00,יחידה,false,,14.90,14.9000,true,1,1430689
7777555515190,false,מצקת,ד.ג.ש ייבוא ושיווק בעמ,,מצקת,יחידה,1.00,יחידה,false,,15.00,15.0000,true,1,1430867
7777886603153,false,שישיית קולבים פלסטיק,ד.ג.ש ייבוא ושיווק בעמ,,שישיית קולבים איכותי,יחידה,1.00,יחידה,false,,8.90,8.9000,true,1,1430938
7777886605225,false,קולפן מקצועי רב שימושי,,,קולפן מקצועי רב שימו,יחידה,1.00,יחידה,false,,19.90,19.9000,true,1,1417336
7777886605768,false,יעה פס גומי,ד.ג.ש ייבוא ושיווק בעמ,,יעה פס גומי,יחידה,1.00,יחידה,false,,5.00,5.0000,true,1,1433639
7804414000877,false,יין דון חוליו מרלו אדוארדס,צ'ילה לואיס פיליפה אדוארדס,,יין מרלו דון חוליו ה,מיליליטרים,750.00,"100 מ""ל",false,,31.50,0.0420,true,1,1411871
7804414000884,false,שרדונה BIN דון חוליו (750 מל),צ'ילה לואיס פיליפה אדוארדס,,יין לבן יבש שרדונה ד,מיליליטרים,750.00,"100 מ""ל",false,,31.50,0.0420,true,1,1428916
7804414001614,false,שיראז חצי יבש דון חוליו (750 מל),צ'ילה לואיס פיליפה אדוארדס,,יין אדום שיראז דון ח,מיליליטרים,750.00,"100 מ""ל",false,,31.50,0.0420,true,1,1428917
7804414012351,false,יין מלבק 750 מל דון חוליו,הכרם - משקאות חריפים בעמ,,יין אדום יבש מלבק דו,מיליליטרים,750.00,"100 מ""ל",false,,31.50,0.0420,true,1,1428919
7804414012368,false,יין רוזה 750 מל דון חוליו,הכרם - משקאות חריפים בעמ,,יין אדום רוזה דון חו,מיליליטרים,750.00,"100 מ""ל",false,,31.50,0.0420,true,1,1428920
8000215204240,false,משקה אורז ושקדים ביו אורגני ויטאריז 1 לי,בטר אנד דיפרנט,,משקה אורז ושקדים ביו,מיליליטרים,1000.00,"100 מ""ל",false,,13.90,0.0139,true,1,1417449
8000215204264,false,ויטריז - משקה אורז אישי אישי 200 גר,בטר אנד דיפרנט,,משקה אורז קטן אורגני,מיליליטרים,200.00,"100 מ""ל",false,,3.90,0.0195,true,1,1417450
8000215204387,false,"ויטאריז לבישול רוטב בשמל צמחי אורגני 500 מ""ל",נטורפוד בעמ,,רוטב בשמל צמחי אורגנ,מיליליטרים,500.00,"100 מ""ל",false,,13.90,0.0278,true,1,1417454
8000215204394,false,משקה אורז ואגוזי לוז ביו אורגני ויטאריז,בטר אנד דיפרנט,,משקה אורז ואגוזי לוז,מיליליטרים,1000.00,"100 מ""ל",false,,17.90,0.0179,true,1,1417455
8000215204653,false,משקה סויה ויטאסי 1 ליטר,בטר אנד דיפרנט,,משקה סויה ויטאסי 1 ל,מיליליטרים,1000.00,"100 מ""ל",false,,12.90,0.0129,true,1,1417459
8000300300390,false,שוקולד קראנץ מריר 10,,,שוקולד קראנץ מריר 10,,1.00,יח,false,,11.90,11.9000,true,1,1441458
8000320010088,false,"רוטב עגבניות במרקם גס 680 מ""ל MUTTI",דיפלומט מפיצים (1968) בעמ**,,פסאטה צ'יריו במרקם ג,מיליליטרים,680.00,"100 מ""ל",false,,11.90,0.0175,true,1,1441123
8000320010095,false,"רוטב עגבניות במרקם עדין 700 מ""ל MUTTI",דיפלומט מפיצים (1968) בעמ**,,פסאטה צ'יריו במרקם ע,מיליליטרים,700.00,"100 מ""ל",false,,11.90,0.0170,true,1,1441124
8000350000585,false,בישקוטים וישנזי 200,,,וישנזי בישקוטים 200,גרמים,200.00,100 גרם,false,,8.90,0.0445,true,1,1439713
8000380003723,false,וופלים גרנד פטיסרי במילוי קרם אגוזים 100,קריניציה ויטמינה אס,,לואקר גרנד פטיסרי אג,גרמים,100.00,100 גרם,false,,12.90,0.1290,true,1,1412420
8000380003761,false,וופל גרנד פטיסרי שוקולד וקוקוס לואקר 100 גרם,קריניציה ויטמינה אס,,לואקר גרנד פטיסרי קו,גרמים,100.00,100 גרם,false,,12.90,0.1290,true,1,1414454
8000380004669,false,וופל לואקר סנדוויץ קוביות ושוקולד 200ג',"א. לואקר, קונפקט ג'י",,ופל קוביות קקאו לואק,גרמים,200.00,100 גרם,false,,12.90,0.0645,true,1,1412422
8000380004676,false,קוביות וופל סנדוויץ Sandwich עם וניל וחלב,"א. לואקר, קונפקט ג'י",,וופלים עם קרם וניל ל,גרמים,200.00,100 גרם,false,,12.90,0.0645,true,1,1414455
8000380004911,false,קוביות וופל קואדרטיני Quadratini קרם אגוזים,קריניציה ויטמינה אס,,קואדרטיני אגוז 250 ג,גרמים,250.00,100 גרם,false,,14.90,0.0596,true,1,1412424
8000380004942,false,וופל לואקר קוארדטיני קוביות ווניל 250ג',ליימן שליסל בע`מ,,קואדרטיני וניל 250 ג,גרמים,250.00,100 גרם,false,,14.90,0.0596,true,1,1412425
8000380004966,false,וופל קוארדטיני לואקר קוביות שוקולד 250ג',קריניציה ויטמינה אס,,קואדרטיני שוקולד 250,גרמים,250.00,100 גרם,false,,14.90,0.0596,true,1,1412426
8000380005598,false,מארז וופל שוקולד טורטינה Tortina שוקולד מריר,א. לואקר אס. פי. אי-אי.,,ופלים טורטינה מריר ל,גרמים,125.00,100 גרם,false,,16.90,0.1352,true,1,1412427
8000380007219,false,וופל לואקר ממולא קרם אגוזים 175 גרם,ליימן שליסל בע`מ,,ופלים אגוזים נאפוליט,גרמים,175.00,100 גרם,false,,11.90,0.0680,true,1,1414456
8000380007264,false,וופל לואקר ממולא קרם קקאו 175 גרם,קריניציה ויטמינה אס,,ופלים שוקולד קרם קקא,גרמים,175.00,100 גרם,false,,11.90,0.0680,true,1,1414457
8000380007271,false,וופל במילוי קרם חלב לואקר (175 גרם),ליימן שליסל בע`מ,,וופל במילוי קרם חלב,גרמים,175.00,100 גרם,false,,11.90,0.0680,true,1,1414458
8000380142484,false,קוביות וופל קואדרטיני Quadratini בטעם שוקולד מריר,ליימן שליסל בע`מ,,ופל קוביות קוואדרטינ,גרמים,250.00,100 גרם,false,,14.90,0.0596,true,1,1412434
8000380144044,false,גרדנה וופל מצופה שוקולד חלב לואקר 200 גרם,ליימן שליסל בע`מ,,גרדנה שוקולד 200 גרם,גרמים,200.00,100 גרם,false,,13.90,0.0695,true,1,1412435
8000380148035,false,וופל אגוזי לוג שוקולד מריר גראן פטיסרי Gran Pasticceria,קריניציה ויטמינה אס,,ופל גרנד פטיסרי מריר,גרמים,100.00,100 גרם,false,,12.90,0.1290,true,1,1414459
8000380152704,false,מארז חטיפי אצבעות גרדנה אגוז לואקר 125 גרם,ליימן שליסל בע`מ,,וופל גרדנה אגוז 125,גרמים,125.00,100 גרם,false,,18.90,0.1512,true,1,1437942
8000380153534,false,מארז וופל שוקולד טורטינה Tortina שוקולד לבן,א. לואקר אס. פי. אי-אי.,,ופל טורטינה מצופה שו,גרמים,125.00,100 גרם,false,,16.90,0.1352,true,1,1412438
8000380158546,false,פרלינים וופל ושוקולד מריר לואקיני Loackini,"כד בני דרום בע""מ",,וופל פריך לואקיני מר,גרמים,100.00,100 גרם,false,,18.90,0.1890,true,1,1412442
8000380180721,false,לואקר וופל קקאו במילוי קרם חלבי 175 גר,קריניציה ויטמינה אס,,ופל קקאו במילוי קרם,גרמים,175.00,100 גרם,false,,11.90,0.0680,true,1,1414460
8000380180745,false,וופל קוביות קקאו במילוי קרם חלב לואקר 250 גרם,"א. לואקר, קונפקט ג'י",,קואדרטיני שוקו-חלב 2,גרמים,250.00,100 גרם,false,,14.90,0.0596,true,1,1414461
8000380180837,false,וופל גרנד פטיסרי קוקוס לבן מצופה שוקולד לבן לואקר 100 גרם,ליימן שליסל בע`מ,,גרנד פטיסרי לבן 100,גרמים,100.00,100 גרם,false,,12.90,0.1290,true,1,1412444
8000380187775,false,לואקר וופל גרנדה אגוז 136 גרם,Unknown,,לואקר גרדנה אגוז 136,גרמים,136.00,100 גרם,false,,11.90,0.0875,true,1,1441480
8000380192151,false,טורטינה שישיה טריפל שוקולד מריר 125 גר`,א. לואקר אס. פי. אי-אי.,,טורטינה טריפל 125 1/,גרמים,125.00,100 גרם,false,,16.90,0.1352,true,1,1421163
8000380192199,false,וופל בטעם דאבל שוקולד לואקר (175 גרם),ליימן שליסל בעמ,,לואקר דאבל שוקולד 17,גרמים,125.00,100 גרם,false,,11.90,0.0952,true,1,1412452
8000380192588,false,וופלים קואדרטיני דאבל שוקולד לואקר 250 גרם,קריניציה ויטמינה אס,,קואדרטיני דאבל שוקול,גרמים,250.00,100 גרם,false,,14.90,0.0596,true,1,1412453
8000380201396,false,שוקולד חלב ממולא קרם קרמל ועלי וופל פריכ,ליימן שליסל בע`מ,,טורטינה 1/6 קרמל,יחידה,6.00,יחידה,false,,16.90,2.8167,true,1,1434529
8000380201525,false,חטיפי גרנד פטיסרי אגוזי לוז שישייה,ליימן שליסל בעמ,,לואקר פטיסרי אגוז 12,גרמים,126.00,100 גרם,false,,17.90,0.1421,true,1,1437945
8000380205400,false,וופלים קואדרטיני חמאת בוטנים לואקר 250 גרם,ליימן שליסל בע`מ,,וופל קואדרטיני חמאת,גרמים,250.00,100 גרם,false,,14.90,0.0596,true,1,1439542
8000380206896,false,וופל גרדנה במילוי חמאת בוטנים 200 גרם,ליימן שליסל בע`מ,,וופל גרדנה חמאת בוטנ,גרמים,200.00,100 גרם,false,,13.90,0.0695,true,1,1439544
8000380207183,false,שוקולד לואקר טורטינה חמאת בוטנים 126 גר,ליימן שליסל בע`מ,,וופל טורטינה חמאת בו,גרמים,126.00,100 גרם,false,,16.90,0.1341,true,1,1439545
8000392006132,false,מגב אייפל פטנט,עולם הבית,,מגב אייפל פטנט,יחידה,1.00,יחידה,false,,26.90,26.9000,true,1,1417339
8000500009673,false,בונבוניירה פררו רושה 300 גרם,פרימיום חברה לדברי מתיקה ולמסח,,פררו רושה שוקולד חלב,גרמים,300.00,100 גרם,false,,47.90,0.1597,true,1,1414462
8000500023624,false,חטיפי הפי היפו Happy Hippo במילוי קרם חלב וקקאו,פרימיום-חברה לדברי מתיקה ולמסח,,קינדר הפי היפו חמישי,גרמים,103.50,100 גרם,false,,11.90,0.1150,true,1,1415411
8000500023976,false,בונבוניירת רפאלו פררו (150 גרם),פרימיום-חברה לדברי מתיקה ולמסח,,רפאלו 150 גרם,גרמים,150.00,100 גרם,false,,14.90,0.0993,true,1,1415412
8000500026731,false,ביצי שוקולד קינדר מארז 3 יח סופרייז,פרימיום-חברה לדברי מתיקה ולמסח,,קינדר ביצת הפתעה שלש,גרמים,60.00,100 גרם,false,,14.90,0.2483,true,1,1415413
8000500028124,false,קינדר גוי ביצת הפתעה מארז שלישיה,פרימיום חברה לדברי מתיקה ולמסח,,קינדר גוי שלשות 60 ג,גרמים,60.00,100 גרם,false,,14.90,0.2483,true,1,1441398
8000500029350,false,מארז וופל מצופה 3יח' *43 גרם קינדר בואנו,פרימיום-חברה לדברי מתיקה ולמסח,,קינדר בואנו שלישיה 3,גרמים,129.00,100 גרם,false,,10.90,0.0845,true,1,1415414
8000500032237,false,בונבונרייה פררו רושר 375 גרם,פרימיום חברה לדברי מתיקה ולמסח,,פררו רושר 375 גרם,גרמים,375.00,100 גרם,false,,39.90,0.1064,true,1,1415415
8000500037874,false,בונבוניירת פררו רושה 200 גרם,פרימיום חברה לדברי מתיקה ולמסח,,פררו רושה 200 גרם,גרמים,200.00,100 גרם,false,,24.90,0.1245,true,1,1415416
8000500071083,false,אצבעות שוקולד קינדר Kinder שש עשרה יחידות,פרימיום-חברה לדברי מתיקה ולמסח,,קינדר אצבעות שוקולד,גרמים,200.00,100 גרם,false,,11.90,0.0595,true,1,1415418
8000500121436,false,מארז קינדר בואנו Kinder Bueno לבן שלוש יחידות,פרימיום חברה לדברי מתיקה ולמסח,,קינדר בואנו לבן שלשה,גרמים,117.00,100 גרם,false,,10.90,0.0932,true,1,1415421
8000500167656,false,קינדר שוקולד עם דגנים סיריאל 94 ג',פרימיום חברה לדברי מתיקה ולמסח,,קינדר שוקולד עם דגני,גרמים,94.00,100 גרם,false,,7.90,0.0840,true,1,1429073
8000500192801,false,בונבוניירה רושה 100 גרם,פררו,,פררו רושר שוקולד עם,גרמים,100.00,100 גרם,false,,14.90,0.1490,true,1,1414463
8000500227848,false,נוטלה - בי רדי אצבעות ביסקוויט במילוי שוקולד 6 יח' * 22 גרם,פרימיום-חברה לדברי מתיקה ולמסח,,נוטלה בי רדי 6*22 גר,גרמים,132.00,100 גרם,false,,10.90,0.0826,true,1,1415433
8000500247167,false,פררו קולקשן - כדורי וופל מצופים 24 יחידו,פרימיום-חברה לדברי מתיקה ולמסח,,פררו קולקשיון 249.5,גרמים,249.50,100 גרם,false,,43.90,0.1760,true,1,1415437
8000500249352,false,קינדר בואנו מיני מיקס שקית 205 ג',פרימיום-חברה לדברי מתיקה ולמסח,,קינדר בואנו מיני מיק,גרמים,205.00,100 גרם,false,,19.90,0.0971,true,1,1415438
8000500267103,false,קינדר דליס עוגת ספוג קקאו במילוי חלבי*10,פרימיום חברה לדברי מתיקה ולמסח,,קינדר עוגיות אישיות,גרמים,390.00,100 גרם,false,,19.90,0.0510,true,1,1415440
8000500269169,false,קינדר קארדס Kinder Cards - חמישייה,פרימיום-חברה לדברי מתיקה ולמסח,,קינדר קרדס 128 גרם,גרמים,128.00,100 גרם,false,,13.90,0.1086,true,1,1418402
8000500328750,false,כדור וופל פריך מצופה שוקולד פררו רושר 141 ג',פרימיום חברה לדברי מתיקה ולמסח,,פררו רונדנואר 141 גר,גרמים,141.00,100 גרם,false,,24.90,0.1766,true,1,1435600
8000500353738,false,רביעיה סוכריות בטעם מנטה חזק 4 * 16 ג' טחק טק,פרימיום-חברה לדברי מתיקה ולמסח,,טיק טק מנטה חזק רביע,יחידה,4.00,יחידה,false,,9.90,2.4750,true,1,1432756
8000920704967,false,"בן אנד ג'ריס צ'אנקי מנקי 150 מ""ל",מוצרי איכות אמריקאיים בעמ,,"צאנקי מנקי 150 מ""ל -",מיליליטרים,150.00,"100 מ""ל",false,,9.90,0.0660,true,1,1416897
8000920704998,false,"שורטי בצק עוגיות 150 מ""ל",מוצרי איכות אמריקאיים בעמ,,"בצק עוגיות 150 מ""ל -",מיליליטרים,150.00,"100 מ""ל",false,,9.90,0.0660,true,1,1416899
8001003100218,false,סוכריות יוגטה ג'לי פירות 800 גר',ליימן שליסל בע`מ,,יוגטה ג'לי פירות 800,גרמים,800.00,100 גרם,false,,19.90,0.0249,true,1,1412455
8001090493637,false,"הד אנד שולדרס שמפו אולטרא טוטאל קר 450 מ""ל",דיפלומט מפיצים (1986) בע`מ,,הד אנד שולדרס שמפו א,מיליליטרים,450.00,"100 מ""ל",false,,19.90,0.0442,true,1,1408266
8001090832450,false,"שמפו פנטן הנוסחה הקלאסית 660 מ""ל",דיפלומט מפיצים (1986) בע`מ,,פנטן שמפו נוסחה קלאס,מיליליטרים,660.00,"100 מ""ל",false,,20.90,0.0317,true,1,1431711
8001090833167,false,גל כביסה אריאל בניחוח הרים 2.365 ליטר,דיפלומט מפיצים (1986) בע`מ,,אריאל ג'ל כביסה ניחו,מיליליטרים,2365.00,"100 מ""ל",false,,32.90,0.0139,true,1,1416772
8001090833198,false,אריאל נוזל כביסה 2.47 ליטר ניחוח מרענן,דיפלומט מפיצים (1986) בע`מ,,אריאל ג'ל כביסה ניחו,מיליליטרים,2365.00,"100 מ""ל",false,,32.90,0.0139,true,1,1416773
8001090899286,false,אולוויז תחבושות פלטינום לילה בטוח 14 יח',דיפלומט מפיצים (1986) בע`מ,,תחבושות אולוויז פלטי,גרמים,118.00,100 גרם,false,,19.90,0.1686,true,1,1433268
8001440118944,false,שלישיית עגבניות פולפה צ'יריו 400 גרם,דיפלומט מפיצים (1968) בעמ**,,שלישיית עגבניות פולפ,גרמים,1200.00,100 גרם,false,,15.90,0.0133,true,1,1441125
8001620019160,false,"סן בנדטו מים מינרלים בטעם אפרסק 500 מ""ל",אקווה מינרלה סאן בנדטו ב,,סן בנדטו אפרסק 400 מ,מיליליטרים,400.00,"100 מ""ל",false,,6.90,0.0172,true,1,1440038
8001620019177,false,"סן בנדטו מים מינרלים בטעם ענבים 500 מ""ל",אקווה מינרלה סאן בנדטו ב,,סן בנדטו ענבים 400 מ,מיליליטרים,400.00,"100 מ""ל",false,,6.90,0.0172,true,1,1440039
8001841625461,false,סבון כלים פלטינום X3 פעולות להסרת שומנים,דיפלומט מפיצים (1986) בע`מ,,נוזל לניקוי כלים פלט,מיליליטרים,515.00,"100 מ""ל",false,,10.90,0.0212,true,1,1431887
8001841716312,false,"ג'ל רחצה ושמפו ספורט האד אנד שולדרס 360 מ""ל",דיפלומט מפיצים (1986) בע`מ,,ג'ל רחצה ושמפו ספורט,מיליליטרים,360.00,"100 מ""ל",false,,19.90,0.0553,true,1,1435616
8001841716596,false,"ג'ל רחצה ושמפו מרענן האד אנד שולדרס 360 מ""ל",דיפלומט מפיצים (1986) בע`מ,,ג'ל רחצה ושמפו מרענן,מיליליטרים,360.00,"100 מ""ל",false,,19.90,0.0553,true,1,1435618
8001931121002,false,פסטה קן לציפור עבה במיוחד 500 גרם,נאמן לאורך זמן בעמ,,פסטה קן לציפור רחב 5,גרמים,500.00,100 גרם,false,,7.90,0.0158,true,1,1436712
8002270866524,false,סן פלגרינו מים מינרליים טבעיים מוגזים,פארייפאבה אגרואינדוס,,סאן פלגרינו 1 ליטר ב,מיליליטרים,1000.00,"100 מ""ל",false,,9.90,0.0099,true,1,1410781
8002429001103,false,בונבוניירה פרמידה זה,,,בונבוניירה פרמידה זה,גרמים,100.00,100 גרם,false,,16.90,0.1690,true,1,1422420
8002450201008,false,"רספברי ספרקלטיני 750 מ""ל",הכרם - משקאות חריפים בעמ,,"ורדי רסברי 750 מ""ל",מיליליטרים,750.00,"100 מ""ל",false,,24.90,0.0332,true,1,1428921
8002450205006,false,"משקה כהלי וורדי תות ספרקלטיני 750מ""ל",הכרם - משקאות חריפים בעמ,,"ורדי תות שדה 750 מ""ל",מיליליטרים,750.00,"100 מ""ל",false,,24.90,0.0332,true,1,1428922
8002670504279,false,גרנורולו בורגר טבעוני 220 גרם,,,גרנרולו בורגר צמחי 2,גרמים,220.00,100 גרם,false,,22.90,0.1041,true,1,1439587
8004030022010,false,ירקות גינה עם טונה ריו מרה אינסלטיסימי 160 ג',"בולטון אלימנטרי בע""\מ",,סלט ירקות גינה עם טו,גרמים,160.00,100 גרם,false,,15.90,0.0994,true,1,1414309
8004030026018,false,"מקסיקני עם טונה ריו מרה אינסלטיסימי, 160 ג'","בולטון אלימנטרי בע""\מ",,סלט ירקות שעועית ותי,גרמים,160.00,100 גרם,false,,15.90,0.0994,true,1,1414310
8004030044005,false,נתחי טונה בהירה בשמן זית ריו מרה 112גרם,"בולטון אלימנטרי בע""\מ",,טונה בהירה בשמן זית,גרמים,160.00,100 גרם,false,,16.90,0.1056,true,1,1414311
8004030102033,false,טונה בשמן זית עם מיץ לימון ופלפל שחור - מארז 3 יח',בולטון אלימנטרי,,נתחי טונה בהירה בשמן,גרמים,240.00,100 גרם,false,,24.90,0.1037,true,1,1414312
8004030344938,false,"ריו מרה טונה בשמן זית 3X80 גרם מתכון חדש כשל""פ","בולטון אלימנטרי בע""\מ",,נתתי טונה בהירה בשמן,גרמים,240.00,100 גרם,false,,24.90,0.1037,true,1,1414314
8004800000071,false,לאגו פלאסיר- גלילי ופל במילוי קרם אגוזי לוז שוקולד חלב - 100 ג',תה ויסוצקי (ישראל) בעמ,,גלילי ופל בקרם אגוזי,גרמים,100.00,100 גרם,false,,11.90,0.1190,true,1,1440981
8005200256587,false,נסטי - תה קר בטעם אפרסק 1.5 ליטר,פארייפאבה אגרואינדוס,,נסטי אפרסק 1.5 ליטר,מיליליטרים,1500.00,"100 מ""ל",false,,8.90,0.0059,true,1,1437991
8005200286584,false,תה קר נסטי מנגו אננס 1.5 ליטר פיקדון,פארייפאבה אגרואינדוס,,נסטי מנגו אננס 1.5 ל,מיליליטרים,1500.00,"100 מ""ל",false,,8.90,0.0059,true,1,1437992
8005200316588,false,תה קר נסטי אפרסק דיאט 1.5 ליטר פיקדון,פארייפאבה אגרואינדוס,,נסטי דיאט אפרסק 1.5,מיליליטרים,1500.00,"100 מ""ל",false,,8.90,0.0059,true,1,1437993
8005803010371,false,"גריסיני רוזמרין - מקלות אפויים עם שמן זית, מלח ורוזמרין",ליימן שליסל בע`מ,,גריסיני רוזמרין אפוי,גרמים,125.00,100 גרם,false,,7.90,0.0632,true,1,1412464
8005803010586,false,"מקלות אפויים עם שמן זית, מלח, עגבניות ואורגנו, 125 גרם, אמור די פאן","הוסטה איטליה, ס.ר.ל.",,גריסיני פיצה אפויים,גרמים,125.00,100 גרם,false,,7.90,0.0632,true,1,1412465
8005803010661,false,"מקלות אפויים עם שמן זית, מלח, ושומשום, 125 גרם, אמור די פאן","הוסטה איטליה, ס.ר.ל.",,גריסיני שומשום אפויי,גרמים,125.00,100 גרם,false,,7.90,0.0632,true,1,1412466
8006423461987,false,בונבוניירה סילין 300 גרם SORINI,הולדינג דולסיירה,,סוריני סילין שוקולד,גרמים,300.00,100 גרם,false,,35.00,0.1167,true,1,1419376
8008660210014,false,מעדן משמש מנז אנד גאסר ויסוצקי 300 גרם,תה ויסוצקי (ישראל) בעמ,,מעדן משמש ויסוצקי 3,גרמים,300.00,100 גרם,false,,16.90,0.0563,true,1,1441217
8008660210038,false,מעדן ריבה מנץ אנד גאססר תות שדה 300 גר,תה ויסוצקי (ישראל) בעמ,,מעדן תות שדה ויסוצק,גרמים,300.00,100 גרם,false,,17.90,0.0597,true,1,1441218
8008743023142,false,בונבוניירה מתומנת כח,,,בונבוניירה מתומנת כח,גרמים,355.00,100 גרם,false,,50.00,0.1408,true,1,1422261
8008857200194,false,פסטה רגיה 19 ספגטי תומר 500 גרם,תומר ייבוא ושיווק מוצרי מזון [,,פסטה ספגטי פסטה רג'י,גרמים,500.00,100 גרם,false,,5.90,0.0118,true,1,1407891
8008857200200,false,פסטה רגיה 20 ספגטי דק תומר 500 גרם,תומר ייבוא ושיווק מוצרי מזון [,,פסטה ספגטיני פסטה רג,גרמים,500.00,100 גרם,false,,5.90,0.0118,true,1,1407892
8008857300344,false,פסטה רגיה 34. צינור תומר 500 גרם,תומר ייבוא ושיווק מוצרי מזון [,,פסטה פנה רג'יאה 500,גרמים,500.00,100 גרם,false,,5.90,0.0118,true,1,1407894
8008857300481,false,פסטה רגיה 48 בורג תומר 500 גרם,תומר ייבוא ושיווק מוצרי מזון [,,פסטה פוסילי פסטה רג',גרמים,500.00,100 גרם,false,,5.90,0.0118,true,1,1407895
8008857300580,false,פסטה רג`ייה 58 סהרון 500 גר`תומר,תומר ייבוא ושיווק מוצרי מזון [,,פסטה קרניים פסטה רג',גרמים,500.00,100 גרם,false,,5.90,0.0118,true,1,1407897
8008857300603,false,פסטה רגיה 60 קונכיה 500 גרם,תומר ייבוא ושיווק מוצרי מזון [,,פסטה גומיטי ריגטה פס,גרמים,500.00,100 גרם,false,,5.90,0.0118,true,1,1407898
8008857300634,false,פסטה רג`ייה 63 תלתל 500 גר`תומר,תומר ייבוא ושיווק מוצרי מזון [,,פסטה קוואטאפי פסטה ר,גרמים,500.00,100 גרם,false,,5.90,0.0118,true,1,1407900
8008857300771,false,ספגטי מספר 77 רגיה איטריות דקות 500 גרם,תומר ייבוא ושיווק מוצרי מזון [,,איטריות מרק פסטה רג',גרמים,500.00,100 גרם,false,,5.90,0.0118,true,1,1407903
8008857500003,false,פסטה רגיה אטריות עגולות דקות תומר 500 גרם,תומר ייבוא ושיווק מוצרי מזון [,,פסטה קאפלי פסטה רג'י,גרמים,500.00,100 גרם,false,,8.90,0.0178,true,1,1407905
8008857601052,false,פסטה לזניה דפים רג'יה 500ג',פסטה רג'יה Pasta Reggia,,דפי לזניה פסטה רג'יא,גרמים,500.00,100 גרם,false,,10.90,0.0218,true,1,1407906
8008912010072,false,ליגורי- לינגוויני מספר 7 500גר,תה ויסוצקי (ישראל)בעמ,,פסטה לינגוויני 7 ליג,גרמים,500.00,100 גרם,false,,7.90,0.0158,true,1,1439091
8008912010270,false,"ליגורי פסטה קסרצ'ה מספר 27, 500 גר'",תה ויסוצקי (ישראל)בעמ,,פסטה קסרצ'ה 27 ליגור,גרמים,500.00,100 גרם,false,,7.90,0.0158,true,1,1438177
8008912010300,false,LIGUORI פסטה פרפלה 500 גרם מספר 30,תה ויסוצקי (ישראל)בעמ,,פסטה פרפלה ליגורי 50,גרמים,500.00,100 גרם,false,,7.90,0.0158,true,1,1439089
8008912010317,false,פסטה פוזילי מס (31 500 גר`)ליגורי,תה ויסוצקי (ישראל) בעמ,,פסטה פוזילי 31 ליגור,גרמים,500.00,100 גרם,false,,7.90,0.0158,true,1,1438178
8008912010331,false,"ליגורי פסטה ניוקי סרדי בצורת קונכיות, 500 גר'",תה ויסוצקי (ישראל)בעמ,,פסטה ניוקטי קונכיות,גרמים,500.00,100 גרם,false,,7.90,0.0158,true,1,1439090
8008912010423,false,פסטה פנה ריגטה מס (42 500 גר`)ליגורי,תה ויסוצקי (ישראל) בעמ,,פסטה ריגטה 42 ליגורי,גרמים,500.00,100 גרם,false,,7.90,0.0158,true,1,1438179
8008920990236,false,למברוסקו פסטה רוסו 7,,,למברוסקו פסטה רוסו 7,מיליליטרים,750.00,"100 מ""ל",false,,22.90,0.0305,true,1,1416287
8009470006637,false,מעדן טונה וסורימי ורוד להשאט 80 גר',,,מזון לחתול מעדן טונה,גרמים,80.00,100 גרם,false,,6.90,0.0863,true,1,1433478
8009470009010,false,סימבה שימורים לכלבים בשר 415 ג',אמ.או.אן.ג'י.אי.אמונ,,מזון לח לכלבים בטעם,גרמים,415.00,100 גרם,false,,4.90,0.0118,true,1,1410357
8009470009027,false,סימבה שימורים לכלבים עוף והודו 415 ג',אמ.או.אן.ג'י.אי.אמונ,,מזון לח לכלבים בטעם,גרמים,415.00,100 גרם,false,,4.90,0.0118,true,1,1410358
8009470009041,false,"סימבה מזון לחתולים 2 ק""ג בקר",שחורי אריה ואנסטסיה,,מזון יבש לחתולים בטע,גרמים,2000.00,100 גרם,false,,34.90,0.0174,true,1,1421915
8009470009072,false,סימבה שימורי חתולים בטעם עוף 415ג',שחורי אריה ואנסטסיה,,מזון לחתולים בטעם עו,גרמים,415.00,100 גרם,false,,4.90,0.0118,true,1,1410359
8009470009096,false,סימבה שימורי חתולים טעם דגים וטונה 415ג',שחורי אריה ואנסטסיה,,מזון לחתולים בטעם טו,גרמים,415.00,100 גרם,false,,4.90,0.0118,true,1,1410360
8009470009164,false,סימבה שימורים לכלבים כבש 415 ג',אמ.או.אן.ג'י.אי.אמונ,,מזון לח לכלבים בטעם,גרמים,415.00,100 גרם,false,,4.90,0.0118,true,1,1410361
8009470009218,false,(סימבה מעדן לחתול בשר 100 גר'(215,,,מזון לחתול פטה בטעם,גרמים,100.00,100 גרם,false,,4.50,0.0450,true,1,1410363
8009470009225,false,(סימבה מעדן לחתול עוף 100 גר'(222,נאמן לאורך זמן בעמ,,מזון לחתול פטה בטעם,גרמים,100.00,100 גרם,false,,4.50,0.0450,true,1,1421916
8009470009232,false,מעדן לחתול דג 100 ג' סימבה,נאמן לאורך זמן בעמ,,מעדן חתולים בטעמים,גרמים,100.00,100 גרם,false,,4.50,0.0450,true,1,1437581
8009470009430,false,מעדן טונה וסורימי ורוד להשאט 80 גר',נאמן לאורך זמן בעמ,,מזון לחתול מעדן טונה,גרמים,80.00,100 גרם,false,,6.90,0.0863,true,1,1434734
8015997000638,false,מאריני איטליה אצבעות מאפה מסוכרות 200 גרם,Biscottificio Verona,,אצבעות בישקוטים מצופ,גרמים,200.00,100 גרם,false,,9.90,0.0495,true,1,1409330
8017938005122,false,"נטורפוד חומץ תפוחים אורגני 750 מ""ל",מריה לוצ'יה מלצ'יורי,,חומץ תפוחים אורגני 7,מיליליטרים,750.00,"100 מ""ל",false,,18.40,0.0245,true,1,1428701
8023492000671,false,סטיק שוקולד מריר אגוזים ותפוז 150 ג DG 3,די.גי 3 דולצאריה ס.ר,,סטיק שוקולד מריר עם,גרמים,150.00,100 גרם,false,,14.90,0.0993,true,1,1419406
8023492004501,false,טבלת שוקולד מריר אגוזי לוז 225 גר DJ3,Dg3 dolciaria,,שוקולד מריר עם אגוזי,גרמים,226.00,100 גרם,false,,14.90,0.0659,true,1,1439116
8024985002967,false,מחית סמוצ`י בננה תרד נטורה נובה 100 גרם,נטורפוד בעמ,,נטורה נובה - סמוזי ב,גרמים,100.00,100 גרם,false,,4.90,0.0490,true,1,1428675
8032793342458,false,עגבניות מרוסקות דק ומסוננות בבקבוק 700 ג,קונסוריזיו קאסאלסקו דל פ,,מחית עגבניות מרוסקות,גרמים,700.00,100 גרם,false,,11.90,0.0170,true,1,1408876
8033102690086,false,וישנזי עוגיות במילוי,Vicenzi S.p.A.,,וישנזי עוגיות במילוי,גרמים,150.00,100 גרם,false,,11.90,0.0793,true,1,1441700
8076800195033,false,ברילה - צ.א ספגטיני מס3 חדש 500 גרם,ברילה גי.אי.אר פרטלי ס.פ,,ספגטיני מספר 3 ברילה,גרמים,500.00,100 גרם,false,,6.90,0.0138,true,1,1414318
8076802085738,false,ברילה - צ.ק פנה רגטה חדש 500 גרם,ברילה גי.אי.אר פרטלי ס.פ,,פסטה פנה רגטה מספר 7,גרמים,500.00,100 גרם,false,,6.90,0.0138,true,1,1414323
8076802085837,false,ברילה - צ.ק טורטליוני מס83 500 גרם,הנסיך- מפעל לייצור ט,,פסטה טורטיליוני מספר,גרמים,500.00,100 גרם,false,,6.90,0.0138,true,1,1414324
8076802085936,false,ברילה פסטה צ.ק. קונצילה ריגטה חדש,ברילה גי.אי.אר פרטלי ס.פ,,פסטה קונצ'ילי ריגטה,גרמים,500.00,100 גרם,false,,6.90,0.0138,true,1,1414325
8076802085981,false,ברילה - צ.ק פוזילי חדש 500 גרם,ברילה גי.אי.אר פרטלי ס.פ,,פסטה פוזילי מספר 98,גרמים,500.00,100 גרם,false,,6.90,0.0138,true,1,1414326
8076808060654,false,פסטה פרפלה מספר 65 ברילה 500 גרם,ברילה גי.אי.אר פרטלי ס.פ,,פסטה פרפלה מספר 64 ב,גרמים,500.00,100 גרם,false,,6.90,0.0138,true,1,1414328
8076808150072,false,ברילה - צ.א ספגטוני מס7 חדש 500 גרם,ברילה גי.אי.אר פרטלי ס.פ,,פסטה ספגטי מספר 7 בר,גרמים,500.00,100 גרם,false,,6.90,0.0138,true,1,1414329
8076809512268,false,פסטה גירנדולה טורסדס מספר 34 ברילה 500 גרם,ברילה גי.אי.אר פרטלי ס.פ,,פסטה גירנדולה מספר 3,גרמים,500.00,100 גרם,false,,6.90,0.0138,true,1,1414330
8076809513395,false,ברילה פומודורו רוטב עגבניות קלאסי 400 גר,ברילה גי.אי.אר פרטלי ס.פ,,רוטב עגבניות לפסטה פ,גרמים,400.00,100 גרם,false,,14.90,0.0373,true,1,1414332
8076809513654,false,בסיס רוטב עגבניות לבולונז 400 גרם ברילה,ברילה גי.אי.אר פרטלי ס.פ,,ברילה בסיס לבולונז 4,גרמים,400.00,100 גרם,false,,14.90,0.0373,true,1,1414333
8076809513692,false,רוטב עגבניות נפולטנה בתוספת ירקות,ברילה גי.אי.אר פרטלי ס.פ,,רוטב עגבניות לפסטה ע,גרמים,400.00,100 גרם,false,,14.90,0.0373,true,1,1414334
8076809513739,false,ברילה רוטב עגבניות עם בזיליקום 400 גרם,ברילה גי.אי.אר פרטלי ס.פ,,רוטב עגבניות לפסטה ב,גרמים,400.00,100 גרם,false,,14.90,0.0373,true,1,1414336
8076809523561,false,ברילה - רוטב פסטה בטעם טוסקנה 400 גרם,ברילה גי.אי.אר פרטלי ס.פ,,רוטב עגבניות לפסטה ע,גרמים,400.00,100 גרם,false,,14.90,0.0373,true,1,1414339
8076809529419,false,ספגטי מחיטה מלאה מס' 5 500 ג' ברילה,ברילה גי. אי. אר פרט,,ברילה פסטה חיטה מלאה,גרמים,500.00,100 גרם,false,,12.90,0.0258,true,1,1414341
8076809545440,false,ספגטי מספר 5 ללא גלוטן ברילה (400 גרם),ברילה ג'.אי.אר פרטלי,,פסטה ספגטי ללא גלוטן,גרמים,400.00,100 גרם,false,,14.90,0.0373,true,1,1414346
8076809545457,false,ברילה אטריות ללא גלוטן 400 ג' צינורות 400 ג',ברילה ג'.אי.אר פרטלי,,פסטה פנה ללא גלוטן ב,גרמים,400.00,100 גרם,false,,14.90,0.0373,true,1,1414347
8076809545464,false,ברילה פסטה ללא גלוטן צורת ספירלי 400 גר,מולינו אנדריאני אס.א,,פסטה פוסילי ללא גלוט,גרמים,400.00,100 גרם,false,,14.90,0.0373,true,1,1414348
8410076610379,false,"חטיף בוטנים, חלבון סויה ושוקולד מריר עם ציפוי בטעם שוקולד",נייצ'ר ואלי Nature Valley,,נייצ'ר וואלי פרוטאין,גרמים,160.00,100 גרם,false,,26.90,0.1681,true,1,1412469
8410076610386,false,נייטשר ואלי פרוטאין בוטנים עם ציפוי בטעם קרמל מלוח 160 ג',ג'\נרל מילס סאן אדריאן S,,נייצ'ר וואלי פרוטאין,גרמים,160.00,100 גרם,false,,26.90,0.1681,true,1,1412470
8410109050882,false,שוקולד מריר 70% ללא,LAVDAS,,שוקולד מריר 70% ללא,גרמים,100.00,100 גרם,false,,12.90,0.1290,true,1,1437074
8410109056532,false,ואלור טב שוק מריר במילוי טראפלס 100 ג,LAVDAS,,שוקולד מריר במילוי ט,גרמים,100.00,100 גרם,false,,12.90,0.1290,true,1,1437076
8410109056549,false,ואלור טב שוק חלב במילוי קרם אגוזים 100,,,שוקולד חלב במילוי קר,גרמים,100.00,100 גרם,false,,12.90,0.1290,true,1,1437077
8410109109832,false,ואלור טבלאות שוקולד,LAVDAS,,שוקולד מריר 85% ללא,גרמים,100.00,100 גרם,false,,12.90,0.1290,true,1,1437079
8410109120462,false,ואלור טב' שוק מריר 8,,,ואלור טב' שוק מריר 8,גרמים,100.00,100 גרם,false,,14.90,0.1490,true,1,1441178
8410342006318,false,טוראס שוקולד מריר קפה ללא סוכר 75 גרם,,,טוראס-שוקולד מריר קפ,גרמים,75.00,100 גרם,false,,9.90,0.1320,true,1,1409341
8410342006585,false,"טוראס-שוקולד מריר 72% ללת""ס 75ג 1/12 (530)",,,טוראס-שוקולד מריר 72,גרמים,75.00,100 גרם,false,,9.90,0.1320,true,1,1431382
8410721443765,false,פפריקה חריפה מרקדו טייסט 40ג',,,פפריקה חריפה 40 גרם,גרמים,40.00,100 גרם,false,,5.90,0.1475,true,1,1429606
8413664511218,false,פאפאס ארגנטה -מקלות צ'יפס 250 גרם,,,מקלות צ'יפס פאפאס אר,גרמים,250.00,100 גרם,false,,18.90,0.0756,true,1,1433853
8413664611611,false,פאפאס ארגנטה -צ'יפס דליקטס 250 גרם,פאפאס ארג'\נטה ס.א.ו.,,צ'יפס דליקטס פאפאס א,גרמים,180.00,100 גרם,false,,18.90,0.1050,true,1,1433856
8420708012822,false,קשקבל צאן ספרדי בשלה 200 גר,מיוצר עי קונדיטוריית,,קשקבל בשלה 200 גרם,גרמים,200.00,100 גרם,false,,23.90,0.1195,true,1,1409140
8423207206488,false,סלים דליס חטיף דגנים מצופה שוקולד חלב מרבה 6*20 גרם,אף.סי תבליני בגליל ב,,חטיף דגנים מלאים מצו,יחידה,5.00,יחידה,false,,10.90,2.1800,true,1,1414350
8423207206495,false,סלים דליס חטיף דגנים מצופה שוקולד מריר מרבה 6*20 גרם,אף.סי תבליני בגליל ב,,חטיף דגנים מלאים מצו,יחידה,1.00,יחידה,false,,10.90,10.9000,true,1,1414351
8423207207362,false,חטיפי סלים דליס שוקולד לבן מרבה 6 יחידות,ביסנצ'ורי אס.אל.יו,,חטיף דגנים מלאים מצו,יחידה,6.00,יחידה,false,,10.90,1.8167,true,1,1414353
8423207208680,false,חטיף דגנים שוקולד סלים דליס לילדים מרבה 6 יחידות,ביסנצ'ורי אס.אל.יו,,חטיף דגנים מצופה אקס,גרמים,120.00,100 גרם,false,,10.90,0.0908,true,1,1414354
8423207210928,false,חטיף דגנים מצופה שוקולד חלב ואגוזי לוז - 5 במארז,נוטרישן אנד סנטה קוב,,חטיף דגנים מצופה שוק,יחידה,5.00,יחידה,false,,10.90,2.1800,true,1,1431546
8423207210942,false,חטיף דגנים מצופה שוקולד לבן ופירות יער,נוטרישן אנד סנטה קוב,,חטיף דגנים מצופה שוק,יחידה,5.00,יחידה,false,,10.90,2.1800,true,1,1431547
8425206000081,false,ריבת חלב מרדל 450 גרם,גורי מוצרי צריכה (1991) בעמ,,ריבת חלב 450 גרם,גרמים,450.00,100 גרם,false,,20.90,0.0464,true,1,1439469
8435495805106,false,"ביומט אבקת כביסה בניחוח רענן 5ק""ג",ליימן שליסל בעמ,,אבקת כביסה ביומט 5 ק,גרמים,5000.00,100 גרם,false,,29.90,0.0060,true,1,1422012
8680202110824,false,שמרים לאפיה יבשים נמסים אינסטנט,נאמן לאורך זמן בעמ,,שמרים יבשים 125 גרם,גרמים,125.00,100 גרם,false,,5.50,0.0440,true,1,1410367
8680202110848,false,שמרים נמסים בוואקום 454 גר,נאמן לאורך זמן בעמ,,שמרים נמסים בואקום 4,גרמים,454.00,100 גרם,false,,14.00,0.0308,true,1,1410368
8682151531453,false,בונ' מבחר פרלינים מא,,,בונ' מבחר פרלינים מא,גרמים,317.00,100 גרם,false,,69.90,0.2205,true,1,1441186
8683130008935,false,"הלמנס קטשיונז 425 גר{הרב רלב""ג}",יוניליוור ישראל שיווק בע`מ,,ממרח קטשיונז הלמנס 4,גרמים,425.00,100 גרם,false,,14.90,0.0351,true,1,1438033
8690504153849,false,גודייבה שוקולד חלב במילוי קרם בטעם פרלין אגוזים 83 גרם,תה ויסוצקי (ישראל)בעמ,,גודייבה חלב מלית אגו,גרמים,83.00,100 גרם,false,,14.90,0.1795,true,1,1406746
8690526029238,false,אתי מארז וופלים במילוי שוקולד מריר 50גרם,"GIDA ETI , טורקיה n\",,וופל בציפוי עם שוקול,גרמים,150.00,100 גרם,false,,9.90,0.0660,true,1,1440065
8690526049335,false,אי טי אי - שוקולד חלב עם פיסטוק 90 גרם,,,שוקולד חלב עם פיסטוק,גרמים,90.00,100 גרם,false,,6.50,0.0722,true,1,1440067
8690637073434,false,תה ארל גריי בטעם ברגמוט ללא שקית100ש,"יוניליוור ישראל שיווק בע""מ",,ליפטון ארל גריי 100,גרמים,200.00,100 גרם,false,,20.90,0.1045,true,1,1409938
8690637555084,false,"מרכך כביסה מרוכז אקסטרה פריחת התפוז בדין 960 מ""ל","יוניליוור ישראל שיווק בע""מ",,מרכך כביסה מרוכז לבן,מיליליטרים,960.00,"100 מ""ל",false,,17.90,0.0186,true,1,1409942
8690637842399,false,מאגדת מגנום מיני דאבל פרי יער שוקולד 6 יח' נסטלה,יוניליוור סנאי וי סי,,מיני מגנום דאבל פרי,יחידה,6.00,יחידה,false,,27.90,4.6500,true,1,1416847
8690637858741,false,ג'ל לניקוי כללי בתוספת אקונומיקה בניחוח רוח ים,יוניליוור ישראל שיווק בע`מ,,סיף ג'ל אקונומיקה רו,מיליליטרים,750.00,"100 מ""ל",false,,9.90,0.0132,true,1,1421860
8690637858758,false,ג'ל לניקוי כללי בתוספת אקונומיקה בניחוח אורנים,יוניליוור ישראל שיווק בע`מ,,סיף ג'ל אקונומיקה או,מיליליטרים,750.00,"100 מ""ל",false,,9.90,0.0132,true,1,1409949
8690637890666,false,מאגדת מגנום מיני דאבל פיסטוק 6 יח' שטראוס,יוניליוור סנאיי וי ט,,מיני מגנום פיסטוק שו,יחידה,6.00,יחידה,false,,27.90,4.6500,true,1,1416849
8690637946301,false,"בדין - מרכך כביסה אקסטרא בייביי כחול 960 מ""ל","יוניליוור ישראל שיווק בע""מ",,מרכך בדין אקסטרה ביי,מיליליטרים,960.00,"100 מ""ל",false,,15.60,0.0162,true,1,1428950
8690637976995,false,"מרכך כביסה מרוכז אקסטרה ורוד סחלבים פראי בדין 960 מ""ל","יוניליוור ישראל שיווק בע""מ",,מרכך בדין אקסטרה ורו,מיליליטרים,960.00,"100 מ""ל",false,,17.90,0.0186,true,1,1433127
8690637989612,false,שלגון שמנת בטעם וניל עם ריפל בטעם שוקולד 246 גרם,יונילוור סנאיי וי טיג'\,,מגנום מיני דאבל דולצ,יחידה,6.00,יחידה,false,,27.90,4.6500,true,1,1434605
8690766156374,false,גודייבה שוקולד מריר מעולה 72% מוצקי קקאו 72גרם,תה ויסוצקי (ישראל) בעמ,,שוקולד מריר מעולה 72,גרמים,90.00,100 גרם,false,,14.90,0.1656,true,1,1406750
8690766156398,false,"שוקולד חלב מעולה בתוספת שברי שקדים קלויים,דבש ומלח 90 גרם","אולקר מקבוצת פלאדיס, ציק",,שוקולד חלב מעולה בתו,גרמים,90.00,100 גרם,false,,14.90,0.1656,true,1,1406751
8690777203012,false,פלפלים ירוקים כבושים לא חריפים סרה ויליפוד 600 גרם,ג. וילי-פוד אינטרנשיונל בע`מ,,פלפלים ירוקים כבושים,גרמים,600.00,100 גרם,false,,12.90,0.0215,true,1,1408631
8690777206051,false,חציל קלוי על האש סרה ויליפוד 650 גרם,ג. וילי-פוד אינטרנשיונל בע`מ,,חציל קלוי על האש בצנ,גרמים,650.00,100 גרם,false,,12.90,0.0198,true,1,1408633
8691657953522,false,בונבוניירה מכל הלב 1,,,בונבוניירה מכל הלב 1,גרמים,105.00,100 גרם,false,,21.90,0.2086,true,1,1441284
8693323099107,false,מרשמלו לבבות בטעם תות ווניל,ליימן שליסל בעמ,,מרשמלו לבבות ורוד לב,גרמים,150.00,100 גרם,false,,6.90,0.0460,true,1,1412494
8697431460217,false,קונפיטורה 70% תפוזים 450 ג' FRUPPA,תומר יבוא ושיווק מוצרי מזון (1,,קונפיטורה 70% תפוזים,גרמים,450.00,100 גרם,false,,15.50,0.0344,true,1,1407912
8697431460378,false,קונפיטורה 70% שזיף פרופה 450 גרם,פרוטנגו Fruitango,,קונפיטורה 70% שזיף 4,גרמים,450.00,100 גרם,false,,15.50,0.0344,true,1,1407913
8697431921701,false,קונפיטורה תות שדה 70% פרי פרופה 454 גר',תומר יבוא ושיווק מוצרי מזון (1,,קונפטורה 70% תות שדה,גרמים,450.00,100 גרם,false,,15.50,0.0344,true,1,1407914
8697431921718,false,קונפיטורה דובדבן חמוץ 70% פרי פרופה 454 גר',תומר יבוא ושיווק מוצרי מזון (1,,קונפיטורה 70% דובדבן,גרמים,450.00,100 גרם,false,,15.50,0.0344,true,1,1407915
8697431925143,false,קונפיטורה 70% פירות יער 450 גר`תומר,תומר יבוא ושיווק מוצרי מזון (1,,קונפיטורה 70% פירות,גרמים,450.00,100 גרם,false,,15.50,0.0344,true,1,1407916
8698701000232,false,מארז שישית כפיות שו,,,מארז שישית כפיות שו,יחידה,6.00,יחידה,false,,11.90,1.9833,true,1,1420443
8698701020643,false,בונבוניירה קטיפה גור,,,בונבוניירה קטיפה גור,גרמים,267.00,100 גרם,false,,69.90,0.2618,true,1,1422426
8699250035041,false,"זיתים שחורים טבעיים יבשים 700 גרם ""תומר""",מנסווי גידה,,זית שחור טבעי 700 גר,גרמים,700.00,100 גרם,false,,19.90,0.0284,true,1,1407917
8710447284117,false,"ג'ל רחצה אקס בלאק 400 מ""ל",יוניליוור ישראל שיווק בע`מ,,אקס ג'ל רחצה בלאק 40,מיליליטרים,400.00,"100 מ""ל",false,,11.90,0.0298,true,1,1409957
8710502064814,false,עוגיות מרבה שוקולד ציפס במרקם רך 175 גר,בנקטבקריי מרבה בי.וי,,עוגיות שוקולד צ'יפס,גרמים,175.00,100 גרם,false,,8.90,0.0509,true,1,1414363
8710502194801,false,"עוגיות שוקלד ציפס רכה פירות יער ""מרבה"" 175 גרם",בנקטבקריי מרבה בי.וי,,עוגיות שוקולד צי'פס,גרמים,175.00,100 גרם,false,,8.90,0.0509,true,1,1414653
8710502279010,false,מרבה עוגיות שוקולד צ'יפס מצופות שוקולד 175 גרם,"י.מרבה ישראל בע""מ",,עוגיות שוקולד צ'יפס,גרמים,175.00,100 גרם,false,,8.90,0.0509,true,1,1433161
8710502405204,false,עוגיות שוקולד צ'יפס עם קרם שוקולד מרבה 175 גרם,קריניציה ויטמינה אס,,עוגיות שוקולד צ'יפס,גרמים,175.00,100 גרם,false,,8.90,0.0509,true,1,1414368
8710502470028,false,עוגיות שוקולד צ'יפס ממולאות בקרם נוגט,קריניציה ויטמינה אס,,עוגיות שוקולד צ'יפס,גרמים,160.00,100 גרם,false,,8.90,0.0556,true,1,1414369
8710908404184,false,דאודורנט ספריי 0% אלומיניום אורגינל דאב,יוניליוור ישראל שיווק בע`מ,,דאודורנט ספריי 0% אל,מיליליטרים,150.00,"100 מ""ל",false,,15.90,0.1060,true,1,1435228
8711327475618,false,מגנום פיינט וניל קלאסיק 260 גר`,"מפעל גלידות בווספרם, רחו",,מגנום פיינט וניל קלא,גרמים,260.00,100 גרם,false,,20.90,0.0804,true,1,1433563
8711327475717,false,מגנום פיינט וניל שקדים 260 גרם,"מפעל גלידות בווספרם, רחו",,מגנום פיינט וניל שקד,גרמים,260.00,100 גרם,false,,20.90,0.0804,true,1,1433570
8711327475762,false,מגנום פיינט שוקולד לבן עוגיות 260 גרם,"מפעל גלידות בווספרם, רחו",,מגנום פיינט שוקולד ל,גרמים,260.00,100 גרם,false,,20.90,0.0804,true,1,1433571
8712400802536,false,תרכובת מזון המשך לפעוטות על בסיס חלב שלב 3,דיפלומט מפיצים (1968) בעמ**,,תחליפי חלב אם חלבי נ,גרמים,800.00,100 גרם,false,,68.90,0.0861,true,1,1428965
8712561594240,false,"דאב תחליב רחצה להזנה עמוקה500 מ""ל-מרכז",יוניליוור ישראל שיווק בע`מ,,תחליב רחצה הזנה עמוק,מיליליטרים,500.00,"100 מ""ל",false,,14.90,0.0298,true,1,1409970
8714599410530,false,קפה ג`ייקובס קרוננג מיובש בהקפאה 200 ג,דיפלומט מפיצים (1968) בעמ**,,ג'ייקובס קרוננג 200,גרמים,200.00,100 גרם,false,,19.90,0.0995,true,1,1408279
8714599513866,false,"קפה נמס מיובש בהקפאה קרונג צנצנת ג'ייקובס 200 גרם לל""ס",דיפלומט מפיצים (1968) בעמ**,,קפה נמס מיובש בהקפאה,גרמים,200.00,100 גרם,false,,27.90,0.1395,true,1,1408284
8714789177229,false,רבעיית מברשות שיניים קולגייט אקסטרה קלין 1 יחידה,הנסיך- מפעל לייצור ט,,מברשת שיניים אקסטרה,יחידה,4.00,יחידה,false,,9.90,2.4750,true,1,1428220
8714789402918,false,נוזל לניקוי כללי ורצפות בניחוח פרחי בר אג'קס 1.5 ליטר,הנסיך- מפעל לייצור ט,,נוזל לניקוי כללי ולר,מיליליטרים,1500.00,"100 מ""ל",false,,21.90,0.0146,true,1,1414371
8714789402970,false,נוזל לניקוי כללי ורצפות בניחוח פרחי אביב אגק'ס 1.5 ליטר,הנסיך- מפעל לייצור ט,,נוזל לניקוי כללי ולר,מיליליטרים,1500.00,"100 מ""ל",false,,21.90,0.0146,true,1,1414373
8714789582764,false,אג'קס ספריי לניקוי חלונות ומשטחים,הנסיך- מפעל לייצור ט,,אג'קס ספריי לניקוי ח,מיליליטרים,750.00,"100 מ""ל",false,,15.90,0.0212,true,1,1414375
8715700110141,false,מיונז קרמי היינץ צנצנת 460ג',דיפלומט מפיצים (1968) בעמ**,,ממרח מיונז היינץ 460,גרמים,460.00,100 גרם,false,,10.90,0.0237,true,1,1408286
8715700110158,false,היינץ ממרח במרקם קרמי צנצנת 490 גרם,דיפלומט מפיצים (1968) בעמ**,,מיונז היינץ לייט צנצ,גרמים,490.00,100 גרם,false,,10.90,0.0222,true,1,1408287
8715700117805,false,"קטשופ היינץ מתבל עגבניות ללא תוספת סוכר ומלח 425 מ""ל",דיפלומט מפיצים (1968) בעמ**,,היינץ מתבל עגבניות ל,גרמים,400.00,100 גרם,false,,10.90,0.0273,true,1,1431342
8715700120874,false,מתבל עגבניות היינץ בתוספת שום,דיפלומט מפיצים (1968) בעמ**,,היינץ קטשופ שום 460,גרמים,460.00,100 גרם,false,,10.90,0.0237,true,1,1437039
8715700419718,false,מתבל עגבניות היינץ 910 גרם,ה.י. היינץ,,קטשופ היינץ 910 גרם,גרמים,910.00,100 גרם,false,,12.90,0.0142,true,1,1408290
8715700419732,false,מתבל עגבניות היינץ (700 גרם),דיפלומט מפיצים (1968) בעמ**,,קטשופ היינץ 700 גרם,גרמים,700.00,100 גרם,false,,10.90,0.0156,true,1,1408291
8715700423906,false,היינץ מתבל עגבניות מופחת סוכר ומלח 50/50 550 גרם,דיפלומט מפיצים (1968) בעמ**,,היינץ מתבל עגבניות מ,גרמים,555.00,100 גרם,false,,10.90,0.0196,true,1,1408295
8717163647226,false,"אקס דאודורנט ספריי גוף בלאק 150 מ""ל","יוניליוור ישראל שיווק בע""מ",,דאודורנט ספריי גוף ל,מיליליטרים,150.00,"100 מ""ל",false,,13.90,0.0927,true,1,1409977
8717163647240,false,"אקס דאודורנט ספריי גוף לגבר שוקולד 150 מ""ל",יוניליוור ישראל שיווק בע`מ,,דאודורנט ספריי גוף ל,מיליליטרים,150.00,"100 מ""ל",false,,13.90,0.0927,true,1,1409979
8718114734484,false,ממרח מיוני מיילי 320 גרם,א. סיימן סחר בעמ,,מיונז מיילי 320 גרם,גרמים,320.00,100 גרם,false,,15.90,0.0497,true,1,1409141
8718951160897,false,ספריי אקונומיקה עוצמת ה7 טריגר אגקס 500מ,קולגייט פלמוליב,,תרסיס אקונומיקה אופט,מיליליטרים,500.00,"100 מ""ל",false,,14.90,0.0298,true,1,1414380
8718951385290,false,אג`קס ניקוי כללי עוצמת ב -7כחול 2 ליטר,קולגייט פלמוליב,,נוזל לניקוי כללי אג',מיליליטרים,2000.00,"100 מ""ל",false,,23.90,0.0119,true,1,1433791
8719128110325,false,"סירופ סודה סטרים לימונדה 500 מ""ל",סודהסטרים ישראל בעמ,,"סירופ לימונדה 500 מ""",מיליליטרים,500.00,"100 מ""ל",false,,22.90,0.0458,true,1,1429389
8719128117263,false,"סירופ מירנדה 440 מ""ל סודהסטרים",סודהסטרים ישראל בעמ,,סירופ מירנדה – 440 מ,מיליליטרים,440.00,"100 מ""ל",false,,22.90,0.0520,true,1,1434715
8719200998001,false,מרגרינה לאפיה ובישול בלי מלח 200 ג' בלו בנד,יוניליוור ישראל מזון בע\,,מרגרינה לאפיה ובישול,גרמים,200.00,100 גרם,false,,4.50,0.0225,true,1,1428227
8719200998018,false,מחמאה מרגרינה בטעם חמאה בלובנד 200 גרם,"מיוצר ע""\י יוניליוור ישר",,מחמאה ב.בנד 200 גרם,גרמים,200.00,100 גרם,false,,4.70,0.0235,true,1,1427756
8719200998094,false,"מרגרינה מזולה לאפיה ללא תוספת מלח 200גר - 40 יח' -כשל""פ","מיוצר ע""\י יוניליוור ישר",,מזולה לאפיה ללא מלח,גרמים,200.00,100 גרם,false,,6.50,0.0325,true,1,1428951
8719200998100,false,מרגרינה מזולה לאפיה טעם חמאה 200גר - 40 יח',דיפלומט מפיצים (1968) בעמ**,,מזולה לאפיה טעם חמאה,גרמים,200.00,100 גרם,false,,6.50,0.0325,true,1,1423804
8801055707966,false,קפה טייסטרס צ`ויס בריסטה נסקפה (180 גרם),קבוצת אוסם סחר שותפות מוגבלת,,טייסטרס צ'וייס בריסט,גרמים,180.00,100 גרם,false,,31.90,0.1772,true,1,1407531
8801055709458,false,אבקה להכנת משקה קפה בטעם קפוצ'ינו קרמל,קבוצת אוסם סחר שותפות מוגבלת,,נסקפה קפוצ'ינו קרמל,גרמים,170.00,100 גרם,false,,19.90,0.1171,true,1,1438831
8801055709465,false,אבקה להכנת משקה קפה בטעם קפוצ'ינו וניל,קבוצת אוסם סחר שותפות מוגבלת,,נסקפה קפוצ'ינו וניל,גרמים,185.00,100 גרם,false,,19.90,0.1076,true,1,1438832
8801055709472,false,נסטלה - נסקפה קפוצ'ינו קלאסי 12.50 גרם * 10,קבוצת אוסם סחר שותפות מוגבלת,,נסקפה קפוצ'ינו קלאסי,גרמים,125.00,100 גרם,false,,19.90,0.1592,true,1,1438833
8801055709489,false,אבקה להכנת משקה קפה בטעם קפוצ'ינו אגוזים,קבוצת אוסם סחר שותפות מוגבלת,,נסקפה קפוצ'ינו אגוזי,גרמים,180.00,100 גרם,false,,19.90,0.1106,true,1,1438834
8801055709526,false,אבקה להכנת משקה קפה בטעם קפוצ'ינו שוקולד לבן,קבוצת אוסם סחר שותפות מוגבלת,,נסקפה קפוצ'ינו שוקול,גרמים,180.00,100 גרם,false,,18.90,0.1050,true,1,1439846
8809168840471,false,חטיף אצות מיובשות 9יח 4.5גרם.,מזרח ומערב יבוא ושיווק,,חטיף אצות מיובשות 9,יחידה,9.00,יחידה,false,,24.90,2.7667,true,1,1434307
8850180040028,false,"טמפורה 500 גרם ""מזרח ומערב""",מזרח ומערב יבוא ושיווק,,טמפורה 500 גרם,גרמים,500.00,100 גרם,false,,10.90,0.0218,true,1,1412141
8850206250592,false,רוטב צ'ילי סריראצ'ה 540 גרם (מזרח ומערב),מזרח ומערב יבוא ושיווק,,רוטב צ'ילי סיראצ'ה 5,גרמים,530.00,100 גרם,false,,19.90,0.0375,true,1,1412142
8850206280049,false,רוטב צ'ילי חריף מיו 250 גרם,יאן וואל יון קו.לטד,,רוטב צ'ילי מיו חריף,מיליליטרים,250.00,"100 מ""ל",false,,17.90,0.0716,true,1,1437083
8850367992164,false,קרם קוקוס 250 מל 20-22% ללא חומר משמר,מזרח ומערב יבוא ושיווק,,"קרם קוקוס 250 מ""ל 20",מיליליטרים,250.00,"100 מ""ל",false,,7.90,0.0316,true,1,1412143
8850367994793,false,מחית קארי צהובה 50 גרם,מזרח ומערב יבוא ושיווק,,מחית קארי צהובה 50 ג,גרמים,50.00,100 גרם,false,,5.90,0.1180,true,1,1434895
8850389103111,false,סאפי משקה אלוורה בטעם ענבים 300מל,פארייפאבה אגרואינדוס,,סאפה אלוורה בטעם ענב,מיליליטרים,300.00,"100 מ""ל",false,,7.70,0.0257,true,1,1410787
8850389105825,false,משקה אלוורה בטעם ענבים סאפה 1 ליטר,סאפה פובליק קומפני לימיט,,סאפה אלוורה ענבים 1,מיליליטרים,1000.00,"100 מ""ל",false,,13.20,0.0132,true,1,1410789
8850389105832,false,סאפה משקה אלוורה בטעם תפוח עם קוביות אלוורה 1 ליטר,סאפה פובליק קומפני לימיט,,סאפה אלוורה תפוחים 1,מיליליטרים,1000.00,"100 מ""ל",false,,13.20,0.0132,true,1,1410790
8850389105849,false,סאפה משקה אלוורה מופחת קלוריות בטעם אפרסק 1 ליטר,סאפה פובליק קומפני לימיט,,סאפה אלוורה בטעם אפר,מיליליטרים,1000.00,"100 מ""ל",false,,13.20,0.0132,true,1,1410791
8850389115312,false,"סאפה אלוורה מלון בקבוק 300 מ""ל",סאפה פובליק קומפני ל,,סאפה מלון בקבוק 300,מיליליטרים,300.00,"100 מ""ל",false,,7.70,0.0257,true,1,1410793
8850632604259,false,"יוגטה, חיספוסים, ממתק חמוץ בצורת מקלות בטעם תות שדה,50 גרם",ליימן שליסל בע`מ,,חיספוסים מקלות בטעם,גרמים,50.00,100 גרם,false,,4.50,0.0900,true,1,1412506
8850632604402,false,יוגטה חיספוסים בטעם מעורב תות שדה אבטיח ענבים בננה 50 גרם,ליימן שליסל בע`מ,,חיספוסים רצועות בטעם,גרמים,50.00,100 גרם,false,,4.50,0.0900,true,1,1412509
8851613101378,false,"נוזל קוקוס ארוי די 250 מ""ל",גורי מוצרי צריכה (1991) בעמ,,"חלב קוקוס 250 מ""ל",גרמים,250.00,100 גרם,false,,9.90,0.0396,true,1,1440942
8857101301008,false,רוטב צילי מתוק וילי 700 מל יצרןמותג: פאן,ג.וילי פוד אינטרנשיונל בעמ,,רוטב צילי מתוק 700 מ,מיליליטרים,700.00,"100 מ""ל",false,,10.90,0.0156,true,1,1408636
8858271002870,false,רוטב פאד תאי 250 מ'ל - מקסצ'אפ,מזרח ומערב יבוא ושיווק,,רוטב פאד תאי 250 מ'ל,מיליליטרים,250.00,"100 מ""ל",false,,10.90,0.0436,true,1,1412146
8858271002887,false,רוטב טריאקי 250 מ'ל - מקסצ'אפ,מזרח ומערב יבוא ושיווק,,רוטב טריאקי 250 מ'ל,מיליליטרים,250.00,"100 מ""ל",false,,10.90,0.0436,true,1,1412147
8858271003020,false,רוטב סויה פורמולה 1 - 700 מ'ל מקסצ'אפ,מזרח ומערב יבוא ושיווק,,רוטב סויה פורמולה 1,מיליליטרים,700.00,"100 מ""ל",false,,15.90,0.0227,true,1,1412148
8858271003075,false,"רוטב סויה מתוקה מקסצ'אפ 700 מ""ל",מזרח ומערב יבוא ושיווק,,רוטב סויה מתוקה 700,מיליליטרים,700.00,"100 מ""ל",false,,16.90,0.0241,true,1,1412149
8858271004034,false,רוטב צ'ילי חריף 700 מ'ל מקסצ'אפ,מזרח ומערב יבוא ושיווק,,רוטב צ'ילי חריף 700,מיליליטרים,700.00,"100 מ""ל",false,,15.90,0.0227,true,1,1412150
8858271004126,false,רוטב חמוץ מתוק 700 מ'ל - מקסצ'אפ,מזרח ומערב יבוא ושיווק,,רוטב חמוץ מתוק 700 מ,מיליליטרים,700.00,"100 מ""ל",false,,15.90,0.0227,true,1,1412151
8858271004300,false,"רוטב טרייאקי 70 מ""ל מקסצ`אפ",מזרח ומערב יבוא ושיווק,,"רוטב טריאקי 700 מ""ל",מיליליטרים,700.00,"100 מ""ל",false,,19.90,0.0284,true,1,1412152
8858271004799,false,"רוטב צילי מתוק אל פורפסיס 700 מ""ל",מזרח ומערב יבוא ושיווק,,רוטב צ'ילי מתוק 700,מיליליטרים,700.00,"100 מ""ל",false,,12.90,0.0184,true,1,1412153
8901537024014,false,"אורז בסמטי מובחר 1 ק""ג - דוואט) יורה דיעה",ג. וילי-פוד אינטרנשיונל בע`מ,,"אורז בסמטי 1 ק""ג DAA",גרמים,1000.00,100 גרם,false,,12.90,0.0129,true,1,1408640
8934878081811,false,"דפי אורז 22 ס""מ 400 גר'(Trav) ללא גלוטן",מזרח ומערב יבוא ושיווק,,"דפי אורז 22 ס""מ 400",גרמים,400.00,100 גרם,false,,11.90,0.0298,true,1,1412158
9000000000411,false,שום יבוא ארוז,,,שום יבוא ארוז,מארז,1.00,מארז,false,,7.90,7.9000,true,1,1432766
9002859036583,false,לשונות חתול שוקולד חלב 100ג,GUNZ WARENHANDELS,,לשונות חתול שוקולד ח,גרמים,100.00,100 גרם,false,,9.90,0.0990,true,1,1409362
9002859058172,false,בונבוניירה בננה ציפוי שוקולד מריר 300 גר,GUNZ WARENHANDELS,,"שוק ""בננה ציפוי שוקו",גרמים,300.00,100 גרם,false,,13.90,0.0463,true,1,1409371
9002859062131,false,גונץ- מארז פרליני פרלינים ורד 400 גר',GUNZ WARENHANDELS,,"בונ ""גונץ פרלינים 40",גרמים,400.00,100 גרם,false,,19.90,0.0497,true,1,1409372
9002859067143,false,גונץ בונבוניירה אצבעות שוקולד מעורב 200 גרם,,,בונבונירה אצבעות שוק,גרמים,200.00,100 גרם,false,,13.90,0.0695,true,1,1435852
9002859092657,false,גונץ-בננה ציפוי מריר 150 גר,Gunz,,בננה ציפוי מריר גונץ,גרמים,100.00,100 גרם,false,,12.90,0.1290,true,1,1441081
9002859105630,false,גונץ-מרציפן מצופה שוקולד חלב ונוגט 75 גרם,,,מרציפן מצופה שוקולד,גרמים,75.00,100 גרם,false,,9.90,0.1320,true,1,1409388
9002975393812,false,סוכריות גילי הריבו האפי צירי 70 גרם,"האריבו , ג'\י.אם.בי.אייץ",,סוכריות הריבו האפי צ,גרמים,70.00,100 גרם,false,,6.90,0.0986,true,1,1439361
9002975393829,false,הריבו סוכריות גומי אפרסק 70 גרם,"האריבו , ג'\י.אם.בי.אייץ",,סוכריות הריבו האפי 7,גרמים,70.00,100 גרם,false,,6.90,0.0986,true,1,1439362
9002975393836,false,סוכריות גילי הריבו האפי קולה 70 גרם,"האריבו , ג'\י.אם.בי.אייץ",,סוכריות הריבו קולה 7,גרמים,70.00,100 גרם,false,,6.90,0.0986,true,1,1437740
9002975393843,false,סוכריות גילי הריבו גולדברס 70 גרם,"האריבו , ג'\י.אם.בי.אייץ",,סוכריות הריבו גולדבר,גרמים,70.00,100 גרם,false,,6.90,0.0986,true,1,1437741
9002975393850,false,סוכריות גילי הריבו וורמס 70 גרם,"האריבו , ג'\י.אם.בי.אייץ",,סוכריות הריבו וורמס,גרמים,70.00,100 גרם,false,,6.90,0.0986,true,1,1437742
9120025839896,false,חטיף מילקה מצונן 128 גרם,ג.וילי-פוד אינטרנשיונל **גבינו,,חטיף מילקה מצונן 128,גרמים,128.00,100 גרם,false,,15.90,0.1242,true,1,1441231
9322969000046,false,פריכיות תירס שומשום אורגני ריל פודס 150 ג',אף.סי תבליני בגליל ב,,פריכיות תירס אורגניו,גרמים,150.00,100 גרם,false,,12.90,0.0860,true,1,1410430
9322969000053,false,פריכיות אורז מלא ריל פוד 150 גרם,סנו מפעלי ברונוס.,,"פרכיות אורז מלא לל""ג",גרמים,150.00,100 גרם,false,,12.90,0.0860,true,1,1437953
9720006678751,false,כבד דגים איסלנד 115 גרם,איטל איסלנד,,כבד דגים 110 גרם איס,גרמים,110.00,100 גרם,false,,8.90,0.0809,true,1,1406123
9720188050109,false,ממרח על בסיס סויה בסגנון גבינה טופוטי 225 גרם,*החברה המרכזית להפצת משקאותבעמ,,טופוטי - ממרח על בסי,גרמים,225.00,100 גרם,false,,22.90,0.1018,true,1,1413740
9720188060108,false,ממרח על בסיס סויה בסגון שמנת טופוטי 340 גרם,*החברה המרכזית להפצת משקאותבעמ,,ממרח על בסיס סויה בס,גרמים,340.00,100 גרם,false,,22.90,0.0674,true,1,1413741
9771565051066,false,עיתון ידיעות אחרונות,ידיעות אחרונות בעמ,,עיתון ידיעות אחרונות,יחידה,1.00,יחידה,false,,20.00,20.0000,true,1,1412004
