code,internal_code,name,manufacturer_name,manufacture_country,manufacturer_item_description,unit_qty,quantity,unit_of_measure,weighted,qty_in_package,price,unit_of_measure_price,allow_discount,status,item_id
10320850,false,גבינת עמק 28% שומן פ,,,גבינת עמק 28% שומן פ,גרמים,200.00,100 גרם,false,,15.90,0.0795,true,1,1429747
10321680,false,יוגורט 2.9% תות גו 2,,,יוגורט 2.9% תות גו 2,גרמים,200.00,100 גרם,false,,5.50,0.0275,true,1,1429412
10322014,false,טופו טבעי 300 גרם,,,טופו טבעי 300 גרם,גרמים,300.00,100 גרם,false,,12.50,0.0417,true,1,1429490
10322021,false,טופו בזיליקום 300 גר,,,טופו בזיליקום 300 גר,גרמים,300.00,100 גרם,false,,12.50,0.0417,true,1,1429627
11179345,false,כוסות שתיה קרה 100 י,כוסות שתיה קרה 4 ב 1,,כוסות שתיה קרה 100 י,יחידה,100.00,יחידה,false,,7.90,0.0790,true,1,1415615
13024704,false,טופו פרובנס 300 גרם,תנובה 8+2 הזול מבניה,,טופו פרובנס 300 גרם,גרמים,300.00,100 גרם,false,,12.70,0.0423,true,1,1429629
40052403,false,קיט קט 4 אצבעות שוקולד חלב,נסטלה Nestle,DE,קיט קט 4 אצבעות 41.5,גרמים,41.00,100 גרם,false,,4.50,0.1098,true,1,1412171
40084107,false,ביצת שוקולד הפתעה קינדר,פרדי קונדטוריה אס פי,IT,קינדר ביצת הפתעה 20,גרמים,20.00,100 גרם,false,,5.90,0.2950,true,1,1415377
40144061,false,קנופרס חטיף וופל 25 גרם 24 יח,ליימן שליסל,DE,וופל קנופרס 25 גרם,גרמים,25.00,100 גרם,false,,3.30,0.1320,true,1,1437401
42134978,false,סרגל מרציפן סנטה ארסמי כאסטן 100 גר,Erasmi & Carstens Gm,DE,סרגל מרציפן סנטה 100,גרמים,100.00,100 גרם,false,,11.90,0.1190,true,1,1437522
42135012,false,סרגל איש קרח נוגט 100 ג CARSTEN,Erasmi & Carstens Gm,DE,סרגל איש קרח נוגט 10,גרמים,100.00,100 גרם,false,,11.90,0.1190,true,1,1437523
49814521,false,צ'ופה צ'ופס גלגל לקק,צ'ופה צ'ופס,ES,צ'ופה צ'ופס גלגל לקק,גרמים,15.00,100 גרם,false,,1.90,0.1267,true,1,1440353
72940754,false,"מילקי מעדן וניל עם קצפת שטראוס 133 מ""ל","שטראוס גרופ בע""\מ",IL,מילקי מעדן וניל עם ק,גרמים,133.00,100 גרם,false,,2.90,0.0218,true,1,1405555
72940761,false,"מילקי מעדן שוקולד עם קצפת שטראוס 133 מ""ל",מיוצר עי קונדיטוריית,IL,"מילקי שוקולד 170 מ""ל",מיליליטרים,170.00,"100 מ""ל",false,,2.90,0.0171,true,1,1405556
72940952,false,מעדן מילקי בטעם שוקולד עם אקסטרה קצפת,"שטראוס גרופ בע""\מ",IL,מילקי אקסטרה קצפת 17,מיליליטרים,170.00,"100 מ""ל",false,,3.90,0.0229,true,1,1405557
72945308,false,קוביית שמרים טריים לאפיה שמרית 50 גרם,"פאקא תעשיות בע""\מ",IL,שמרים טריים לאפיה שמ,גרמים,50.00,100 גרם,false,,3.60,0.0720,true,1,1405561
72986233,false,באדי מעדן וניל גביע 1.5%שומן 125 גרם בדצ,מחלבת אלון תבור,IL,מעדן באדי וניל 1.5%,גרמים,125.00,100 גרם,false,,2.90,0.0232,true,1,1411368
72986240,false,באדי מעדן חלב בטעם שוקולד תנובה 125 גרם,מחלבת אלון תבור,IL,מעדן באדי שוקולד 1.5,גרמים,125.00,100 גרם,false,,2.90,0.0232,true,1,1411369
72994061,false,חטיף פסק זמן GOOD גלילית לבן 40 גרם,שולן צ'\יקולטה גידה סאן.,TR,פסק זמן 2 גוד עלית 3,גרמים,36.00,100 גרם,false,,4.90,0.1361,true,1,1416437
72994221,false,פסק זמן גלילית אגוזים מגדים,שטראוס גרופ,,מגדים קופיקס- חטיף פ,גרמים,40.00,100 גרם,false,,4.90,0.1225,true,1,1416438
77922342,false,סוכ' שרשרת פיז,,,סוכ' שרשרת פיז,יחידה,0.00,יחידה,false,,1.00,0.0000,true,1,1419790
80001072,false,שוקולד חלב עם ופל לו,לואקר,IT,שוקולד חלב עם ופל לו,גרמים,50.00,100 גרם,false,,5.50,0.1100,true,1,1412173
80001461,false,חטיף גרנדה שוקולד 38 גרם,"א. לואקר קונפקט בע""מ",AT,חטיף גרדנה שוקולד 38,גרמים,38.00,100 גרם,false,,4.90,0.1289,true,1,1412178
80001485,false,חטיף גרנדה קוקוס 38 גרם,קריניציה ויטמינה אס,IT,וופל גרדנה קוקוס 38,גרמים,38.00,100 גרם,false,,4.90,0.1289,true,1,1412179
80001737,false,לואקר וופל סנדוויץ שוקולד 25 גרם,ליימן שליסל,IT,חטיף וופל שוקולד 25,גרמים,25.00,100 גרם,false,,3.90,0.1560,true,1,1412183
80001751,false,לואקר וופל סנדוויץ וניל 25 גרם,ליימן שליסל,IT,חטיף וופל וניל 25 גר,גרמים,25.00,100 גרם,false,,3.90,0.1560,true,1,1412184
80050278,false,פררו רושר חטיף כדורים שלישיה 40ג',פררו - אלבה,IT,פררו רושר שלשה 37.5,גרמים,37.50,100 גרם,false,,5.40,0.1440,true,1,1415381
80052760,false,קינדר בואנו Kinder Bueno עם חלב ואגוזי לוז,פררו - אלבה,PL,קינדר בואנו חלב 43 ג,גרמים,43.00,100 גרם,false,,3.90,0.0907,true,1,1415386
80176732,false,קינדר הפי היפו 28 יחידות,פררו - אלבה,DE,קינדר הפי היפו קקאו,גרמים,20.50,100 גרם,false,,2.90,0.1415,true,1,1414422
80177173,false,ממרח שוקולד נוטלה 350 גרם,פררו - אלבה,IT,ממרח אגוזי לוז עם קק,גרמים,350.00,100 גרם,false,,14.90,0.0426,true,1,1415389
80177609,false,אצבעות שוקולד קינדר Kinder ארבע יחידות,פררו - אלבה,IT,אצבעות שוקולד במילוי,גרמים,50.00,100 גרם,false,,3.90,0.0780,true,1,1415391
80177616,false,אצבעות שוקולד קינדר Kinder שמונה יחידות,פררו - אלבה,IT,קינדר 100 גרם 10 יחי,גרמים,100.00,100 גרם,false,,6.90,0.0690,true,1,1415392
80310549,false,הפי היפו חטיף קינדר שוקולד לבן 20.5ג',קריות זול,DE,קינדר הפי היפו אגוזי,גרמים,20.50,100 גרם,false,,2.90,0.1415,true,1,1415394
80310891,false,ג'וי ביצת הפתעה קינדר 20 גרם,קריות זול,ZA,קינדר גוי בודד 20 גר,גרמים,20.00,100 גרם,false,,5.90,0.2950,true,1,1441400
80761761,false,קינדר בואנו לבן בודד 39 גרם,ליימן שליסל,PL,קינדר בואנו לבן 39 ג,גרמים,39.00,100 גרם,false,,3.90,0.1000,true,1,1415395
80769545,false,מסטיק מנטוס פיור פרש בבקבוק בינוני בטעם לימון 60 ג',"פרפטי ואן מלה ג'ידה,סאן",TR,מסטיק מנטוס פיור פרש,גרמים,60.00,100 גרם,false,,9.90,0.1650,true,1,1412189
80773429,false,מנטוס בקבוק מעוגל - מסטיק ללא סוכר בטעם תות 60 גרם,"פרפטי ואן מלה ג'\ידה,סאן",TR,מסטיק מנטוס בקבוק מע,גרמים,60.00,100 גרם,false,,9.90,0.1650,true,1,1412191
80773443,false,מנטוס בקבוק מעוגל - מסטיק ללא סוכר בטעם מנטה 60 גרם,"פרפטי ואן מלה ג'\ידה,סאן",TR,גומי לעיסה בטעם מנטה,גרמים,60.00,100 גרם,false,,9.90,0.1650,true,1,1412192
80790990,false,מסטיק מנטוס בבקבוק מעוגל בטעם פירות -מנטה 60 ג',"פרפטי ואן מלה ג'\ידה,סאן",TR,מסטיק מנטוס מעוגל 60,גרמים,60.00,100 גרם,false,,9.90,0.1650,true,1,1412196
80831402,false,סוכריות מנטוס מנטה עדינה 30 יח' ללא סוכר CLEAN BREATH,פרפטי ואן מלה,NL,סוכריות מנטוס מרעננו,גרמים,21.00,100 גרם,false,,6.90,0.3286,true,1,1438154
80843184,false,מנטוס מסטיק פיור פרש בטעם ענבים 60גר,פרפטי ואן מלה הולנד,TR,מסטיק מנטוס בקבוק מע,גרמים,60.00,100 גרם,false,,9.90,0.1650,true,1,1437187
80854753,false,סוכריות מנטוס מנטה 30 יח' ללא סוכר CLEAN BREATH,פרפטי ואן מלה,NL,סוכריות מנטוס מרעננו,גרמים,21.00,100 גרם,false,,6.90,0.3286,true,1,1438155
80892502,false,מנטוס מסטיק באבל פרש,,,מנטוס מסטיק באבל פרש,יחידה,15.00,יחידה,false,,4.90,0.3267,true,1,1436036
80896081,false,מנטוס בקבוק מעוגל - מסטיק ללא סוכר בטעם אבטיח 60 גרם,"פרפטי ואן מלה ג'\ידה,סאן",TR,מסטיק מנטוס בקבוק מע,גרמים,60.00,100 גרם,false,,9.90,0.1650,true,1,1412206
80913467,false,מנטוס בקבוק מעוגל - מסטיק ללא סוכר בטעם מנטה,פרפטי ואן מלה הולנד,TR,מסטיק מנטוס מנטה מעו,גרמים,60.00,100 גרם,false,,9.90,0.1650,true,1,1412207
80945468,false,סוכריות פיור וויט טעם מנטה מתוקה 60 ג' מנטוס,"פרפטי ואן מלה ג'ידה,סאן",TR,מסטיק מנטוס בקבוק מע,גרמים,60.00,100 גרם,false,,9.90,0.1650,true,1,1437189
80979128,false,מנטוס מסטיק בקבוק מעוגל בטעם דובדבן,פרפטי ואן מלה הולנד,TR,מסטיק מנטוס בקבוק מע,גרמים,60.00,100 גרם,false,,9.90,0.1650,true,1,1437190
80982470,false,מסטיק מנטוס פיור פרוסט בטעם מנטה חזק 60 גר',פרפטי ואן מלה ברדה,TR,מנטוס מסטיק פיור פרו,גרמים,60.00,100 גרם,false,,9.90,0.1650,true,1,1434523
80995128,false,מנטוס בקבוק עגול בטעם הדרים בתוספת ויטמינים 60 גרם,פרפטי ואן מלה הולנד,TR,מנטוס מסטיק הדרים בת,גרמים,60.00,100 גרם,false,,9.90,0.1650,true,1,1441525
87108019,false,סוכריות מנטוס מנטה37.5גר,פרפטי ואן מלה,NL,סוכריות בגליל בטעם מ,גרמים,37.50,100 גרם,false,,3.50,0.0933,true,1,1428515
87108538,false,סוכריות בטעם תות מנטוס 37.5 גרם,הדקלאים אגודת שיתופי,NL,סוכריות בגליל בטעם ת,גרמים,37.00,100 גרם,false,,3.50,0.0946,true,1,1412212
87311396,false,מנטוס ריינבאוו סוכריות לעיסה בטעמי פירות,פרפטי ואן מלה ברדה,NL,סוכריות מנטוס ריינבו,גרמים,37.50,100 גרם,false,,3.50,0.0933,true,1,1412218
88888000,true,Temp SuperDept,,,Temp SuperDept,,0.00,,false,,0.00,0.0000,true,1,1420743
88888001,true,אוכל,,,אוכל,,0.00,,false,,0.00,0.0000,true,1,1420744
88888002,true,שתיה,,,שתיה,,0.00,,false,,0.00,0.0000,true,1,1442489
88888003,true,אימפולס,,,אימפולס,,0.00,,false,,0.00,0.0000,true,1,1442490
88888004,true,תוספות לקפה,,,תוספות לקפה,,0.00,,false,,0.00,0.0000,true,1,1420745
88888005,true,חומרי גלם,,,חומרי גלם,,0.00,,false,,0.00,0.0000,true,1,1420746
88888006,true,פירות וירקות,,,פירות וירקות,,0.00,,false,,0.00,0.0000,true,1,1442491
88888008,true,ללא מעמ,,,ללא מעמ,,0.00,,false,,0.00,0.0000,true,1,1420747
88888009,true,ניר פוד,,,ניר פוד,,0.00,,false,,0.00,0.0000,true,1,1442492
88888010,true,אלכוהול,,,אלכוהול,,0.00,,false,,0.00,0.0000,true,1,1442493
88888014,true,נון פוד,,,נון פוד,,0.00,,false,,0.00,0.0000,true,1,1442494
88888016,true,תפעול,,,תפעול,,0.00,,false,,0.00,0.0000,true,1,1442495
88888018,true,שוויצריה הקטנה,,,שוויצריה הקטנה,,0.00,,false,,0.00,0.0000,true,1,1420768
88888100,true,"מפעל-ללא מע""מ",,,"מפעל-ללא מע""מ",,0.00,,false,,0.00,0.0000,true,1,1442496
88888102,true,גלידות ושלגונים,,,גלידות ושלגונים,,0.00,,false,,0.00,0.0000,true,1,1420748
88888119,true,מאפים,,,מאפים,,0.00,,false,,0.00,0.0000,true,1,1442497
88888124,true,משקאות לא אלכוהוליים,,,משקאות לא אלכוהוליים,,0.00,,false,,0.00,0.0000,true,1,1442498
88888144,true,קינוחים,,,קינוחים,,0.00,,false,,0.00,0.0000,true,1,1442499
88888156,true,פירות וירקות לסחיטה,,,פירות וירקות לסחיטה,,0.00,,false,,0.00,0.0000,true,1,1420749
88888158,true,מוצרי מכולת,,,מוצרי מכולת,,0.00,,false,,0.00,0.0000,true,1,1420750
88888159,true,משקאות,,,משקאות,,0.00,,false,,0.00,0.0000,true,1,1420751
88888160,true,מצוננים,,,מצוננים,,0.00,,false,,0.00,0.0000,true,1,1420752
88888161,true,קפואים,,,קפואים,,0.00,,false,,0.00,0.0000,true,1,1420753
88888162,true,ירקות ופירות טריים,,,ירקות ופירות טריים,,0.00,,false,,0.00,0.0000,true,1,1420754
88888164,true,מוצרים לבית,,,מוצרים לבית,,0.00,,false,,0.00,0.0000,true,1,1420755
88888165,true,י שירות/ עזר לסניפים,,,י שירות/ עזר לסניפים,,0.00,,false,,0.00,0.0000,true,1,1420756
88888166,true,ארוחות מבושלות,,,ארוחות מבושלות,,0.00,,false,,0.00,0.0000,true,1,1420757
88888167,true,אריזות לזכיינים,,,אריזות לזכיינים,,0.00,,false,,0.00,0.0000,true,1,1442500
88888168,true,זיכויים,,,זיכויים,,0.00,,false,,0.00,0.0000,true,1,1420758
88888169,true,אבזרי עזר וייצור,,,אבזרי עזר וייצור,,0.00,,false,,0.00,0.0000,true,1,1420759
88888170,true,מזון טרי,,,מזון טרי,,0.00,,false,,0.00,0.0000,true,1,1420760
88888171,true,משקאות קרון,,,משקאות קרון,,0.00,,false,,0.00,0.0000,true,1,1420761
88888172,true,ירקות ופירות מעמ,,,ירקות ופירות מעמ,,0.00,,false,,0.00,0.0000,true,1,1420762
88888173,true,ל-חומרי גלם ואביזרים,,,ל-חומרי גלם ואביזרים,,0.00,,false,,0.00,0.0000,true,1,1442501
88888174,true,מפעל-תוצרת גמורה,,,מפעל-תוצרת גמורה,,0.00,,false,,0.00,0.0000,true,1,1420763
88888175,true,סיגריות,,,סיגריות,,0.00,,false,,0.00,0.0000,true,1,1420764
88888176,true,מאפה טרי פרדס,,,מאפה טרי פרדס,,0.00,,false,,0.00,0.0000,true,1,1420765
88888177,true,קצבייה פרדס,,,קצבייה פרדס,,0.00,,false,,0.00,0.0000,true,1,1420766
88888178,true,ואביזרים (ללא מלאי),,,ואביזרים (ללא מלאי),,0.00,,false,,0.00,0.0000,true,1,1442502
88888179,true,פירות יבשים ללא מעמ,,,פירות יבשים ללא מעמ,,0.00,,false,,0.00,0.0000,true,1,1432525
88888180,true,קצבייה שוויצריה,,,קצבייה שוויצריה,,0.00,,false,,0.00,0.0000,true,1,1429913
88888999,true,,,,,,0.00,,false,,0.00,0.0000,true,1,1420767
90087974,false,חומץ טבעי מתפוחים 750 מל,ראוך פרוכטסאפה,AT,חומץ טבעי מתפוחים רא,מיליליטרים,750.00,"100 מ""ל",false,,12.90,0.0172,true,1,1407727
90162602,false,רד בול משקה אנרגיה פקדון 30 אג,רד בול ג'י.אם.בי. אץ,IL,משקה אנרגיה רד בול 2,מיליליטרים,250.00,"100 מ""ל",false,,6.90,0.0276,true,1,1408156
249249065,false,שיפוד מרשמלו במבצע,,,שיפוד מרשמלו במבצע,יחידה,1.00,יחידה,false,,4.50,4.5000,true,1,1417771
9800800056,false,חטיף שוקולד עם מקלות לחם אנד גו,פררו - אלבה,DE,נוטלה טו גו 52 גרם,גרמים,52.00,100 גרם,false,,5.00,0.0962,true,1,1415400
16000185517,false,דגני בוקר פייבר וואן עתירי סובין FIBRE1,בטר אנד דיפרנט,US,פייבר וואן 555 גרם,גרמים,555.00,100 גרם,false,,28.90,0.0521,true,1,1438070
16000423534,false,חטיפי גרנולה קראנצ'י עם שיבולת שועל ושוקולד מריר נייצ'ר ואלי 5*42 גרם,ג'נרל מילס סאן אדריאן,ES,חטיפי גרנולה שיבולת,גרמים,210.00,100 גרם,false,,19.90,0.0948,true,1,1412219
16229924263,false,"ארוי-די קרם קוקוס 250 מ""ל",תאי אגרי פוד פובליק קו'\,TH,"קרם קוקוס 250 מ""ל",גרמים,250.00,100 גרם,false,,9.90,0.0396,true,1,1440925
24924910184,false,"אריזה 5 ש""ח לפני מעמ",,,"אריזה 5 ש""ח לפני מעמ",יחידה,0.00,יחידה,false,,5.00,0.0000,true,1,1428601
24950070100,false,שקית צלופן 100*70,,,שקית צלופן 100*70,יחידה,1.00,יחידה,false,,2.50,2.5000,true,1,1419779
25675120006,false,חמצוצים 4 צבעים טעמים טבעי 100 גרם,פאסין ב.ו,NL,מקלות חמצוצים 100 גר,גרמים,100.00,100 גרם,false,,8.90,0.0890,true,1,1440904
25675120020,false,סאוור סטיקס Sour Sticks בטעם אוכמניות,פשקס קנדי,NL,מקלות חמצוצים 100 גר,גרמים,100.00,100 גרם,false,,8.90,0.0890,true,1,1440905
25675301108,false,מקלות חמוצים חמצוצים תות 50 גרם,פאסין,NL,סוכריות חמצוצים בטעם,גרמים,50.00,100 גרם,false,,4.90,0.0980,true,1,1430140
25675301153,false,סאוור סטיקס Sour Sticks בטעם אוכמניות,פשקז Paskesz,NL,סוכריות חמצוצים בטעם,גרמים,50.00,100 גרם,false,,4.90,0.0980,true,1,1430141
25675301177,false,פשקס - חמצוצים מקלות דובדבן 50 גרם,פאסין,NL,חמצוצים דובדבן חמוץ,גרמים,50.00,100 גרם,false,,4.90,0.0980,true,1,1440910
25675301184,false,חמצוצים מקלות חמוצים קולה 50 גרם,פשקז Paskesz,NL,סוכריות חמצוצים בטעם,גרמים,50.00,100 גרם,false,,4.90,0.0980,true,1,1408784
25675301207,false,מקלות חמוצים חמצוצים תפוח עץ 50 גרם,פשקז Paskesz,NL,סוכריות חמצוצים תפוח,גרמים,50.00,100 גרם,false,,4.90,0.0980,true,1,1408785
25675950016,false,פשקס אודלס טופי גרגי,,,פשקס אודלס טופי גרגי,יחידה,1.00,יחידה,false,,1.50,1.5000,true,1,1433133
25675950054,false,פשקס אודלס קטן דובדבן,,,"אודלס 16 ג ""דובדבן",יחידה,1.00,יחידה,false,,1.50,1.5000,true,1,1413860
25675950085,false,פשקס אודלס טופי גרגי,,,פשקס אודלס טופי גרגי,יחידה,1.00,יחידה,false,,1.90,1.9000,true,1,1413861
29801025203,false,עוגיות חמאה קריספי - ב. באטרס 200 גר,HAMLET NV,,וופל טוסט בלגי בטעם,גרמים,200.00,100 גרם,false,,17.90,0.0895,true,1,1409213
34000446001,false,ריזס מיניאטורס- חטיף שוקולד במילוי חמאת בוטנים 150 גרם,ליימן מותגים,,שוקולד חלב מיניאטורס,גרמים,150.00,100 גרם,false,,7.90,0.0527,true,1,1412228
34000470563,false,ריסז מיניס באריזה משפחתית 215 גרם,ליימן מותגים,US,ריסז מיניס פאוצ' 215,גרמים,215.00,100 גרם,false,,18.90,0.0879,true,1,1437934
34000996643,false,הרשי דרופס באריזה משפחתית 215 גרם,ליימן מותגים,US,הרשי דרופס פאוצ' 215,גרמים,215.00,100 גרם,false,,18.90,0.0879,true,1,1437935
37600207188,false,חמאת בוטנים קלאסי סקיפי 462 גרם,חברת המזון אלגוד,US,חמאת בוטנים קלאסית ס,גרמים,462.00,100 גרם,false,,18.90,0.0409,true,1,1408158
37600297967,false,מטבל סלסה בחריפות עדינה ציי צי 439 גר,מותגים,US,מטבל סלסה Chi-Chi's,גרמים,439.00,100 גרם,false,,19.90,0.0453,true,1,1441481
38000138638,false,חטיף צ'יפס פרינגלס פיצה 158 גרם,פרינגלס מנופקצ'ורינג קונ,US,פרינגלס בטעם פיצה 15,גרמים,158.00,100 גרם,false,,8.90,0.0563,true,1,1420491
38000202278,false,חטיף צ'יפס גלי בטעם אורגינל מלוח,פרינגלס מניופקצ'ורינ,US,פרינגלס wavy אורגינל,גרמים,137.00,100 גרם,false,,8.90,0.0650,true,1,1437676
38000232152,false,פרינגלס חטיפי תפוח אדמה בטעם ברביקיו 158 גרם,פרינגלס מנופקצ'ורינג קומ,US,פרינגלס ברביקיו 158,גרמים,149.00,100 גרם,false,,8.90,0.0597,true,1,1427988
38000232169,false,פרינגלס מידי אורגינל 67 גרם.,פרינגלס מנופקצ'ורינג קונ,US,פרינגלס אורגינל 67 ג,גרמים,67.00,100 גרם,false,,5.90,0.0881,true,1,1427985
38000232176,false,פרינגלס ביג שמנת בצל 158 גרם,פרינגלס מנופקצ'ורינג קונ,US,פרינגלס שמנת בצל 161,גרמים,158.00,100 גרם,false,,8.90,0.0563,true,1,1427986
38000232183,false,פרינגלס ביג אורגינל 149 גרם,פרינגלס מנופקצ'ורינג קונ,US,פרינגלס אורגינל 149,גרמים,149.00,100 גרם,false,,8.90,0.0597,true,1,1427987
38000845253,false,חטיף צ'יפס פרינגלס מידי שמנת בצל 71 גרם,פרינגלס מנופקצ'ורינג קונ,US,פרינגלס שמנת בצל 71,גרמים,71.00,100 גרם,false,,5.90,0.0831,true,1,1408164
38527591060,false,דגני קוואקר מרובעים Quaker Squares עם סוכר חום,קוואקר אוטס קומפני,US,קוואקר ריבועים סוכר,גרמים,411.00,100 גרם,false,,19.90,0.0484,true,1,1406127
40000512943,false,סוכריות אם אנד אמס M&M שוקולד חלב,M&M אם אנד אם,US,סוכריות שוקולד במילו,גרמים,303.00,100 גרם,false,,21.90,0.0723,true,1,1437998
40000513568,false,סוכריות אם אנד אמס M&M שוקולד חלב,M&M אם אנד אם,US,סוכריות שוקולד אם אנ,גרמים,156.00,100 גרם,false,,11.90,0.0763,true,1,1417651
40000514510,false,M&M אריזה קטנה's בוטנים אריזה קטנה 49 גרם,M&M אם אנד אם,US,סוכריות שוקולד במילו,גרמים,49.00,100 גרם,false,,4.90,0.1000,true,1,1417654
54881000055,false,תה שחור מבחר פירות 20 שקיות אחמד,אחמד תה אנגליה,,חליטת פירות יער והיב,יחידה,20.00,יחידה,false,,9.90,0.4950,true,1,1407731
54881000062,false,תה שחור לימונית וקמומיל 20 שקיות אחמד,אחמד תה אנגליה,AE,חליטת לימונית וקמומי,יחידה,20.00,יחידה,false,,9.90,0.4950,true,1,1407732
54881000109,false,תה עם ענבי שועל 20 שקיקים אחמד,תה אחמד Ahmad tea,AE,חליטת ענבי שועל (דומ,יחידה,20.00,יחידה,false,,9.90,0.4950,true,1,1407733
54881000208,false,תה שחור לימון וגינגיר 20 שקיות אחמד,אחמד תה אנגליה,AE,חליטת לימון וג'ינג'ר,יחידה,20.00,יחידה,false,,9.90,0.4950,true,1,1407734
54881001779,false,קופסת תה 12 טעמים 60 שקיות,תה אחמד Ahmad tea,,תה 12 טעמים אחמד טי,יחידה,60.00,יחידה,false,,29.90,0.4983,true,1,1407735
54881003971,false,תה ירוק מבחר 20 שקיקים,אחמד תה אנגליה,AE,מבחר סוגי תה ירוק אח,יחידה,20.00,יחידה,false,,11.90,0.5950,true,1,1407736
54881003988,false,תה שחור ארבעת הסוגים,תה אחמד Ahmad tea,,תה 4 טעמים אחמד טי 4,יחידה,20.00,יחידה,false,,9.90,0.4950,true,1,1407737
54881003995,false,תה אהמאד שחור פירות מארז 2X20ג',אחמד תה אנגליה,,תה שחור פירות אחמד ט,יחידה,20.00,יחידה,false,,9.90,0.4950,true,1,1407738
54881004787,false,תה ירוק אחמד 100 שקיות,Sunshine tea (pvt) l,AE,תה ירוק אחמד טי 100,יחידה,100.00,יחידה,false,,18.90,0.1890,true,1,1407739
54881006941,false,תה שחור תפוח 20 שקיקים אחמד,גיבונג אינדסקיאלס,,תה שחור תפוח אחמד טי,יחידה,20.00,יחידה,false,,9.90,0.4950,true,1,1407741
54881006996,false,תה אפרסק ופסיפלורה 20 שקיקים אחמד,אחמד תה אנגליה,AE,תה שחור אפרסק ופסיפל,יחידה,20.00,יחידה,false,,9.90,0.4950,true,1,1407744
54881007108,false,תה שחור דומדמניות 20 שקיקים אחמד,תה אחמד Ahmad tea,,תה שחור דומדמניות אח,יחידה,20.00,יחידה,false,,9.90,0.4950,true,1,1407745
54881007115,false,תה שחור וניל 20 שקיקים אחמד,אחמד תה אנגליה,,תה שחור וניל אחמד טי,יחידה,20.00,יחידה,false,,9.90,0.4950,true,1,1407746
54881007511,false,תה ירוק בטעם מנטה 20 שקיקים 40 גר,אחמד תה אנגליה,AE,תה ירוק בטעם מנטה אח,יחידה,20.00,יחידה,false,,11.90,0.5950,true,1,1407747
54881007535,false,תה ירוק בטעם לימון 20 שקיקים 40 גרם,אחמד תה אנגליה,AE,תה ירוק בטעם לימון א,יחידה,20.00,יחידה,false,,11.90,0.5950,true,1,1407748
54881008174,false,תה אחמד ארל גריי 100 שקיקים,תה אחמד Ahmad tea,AE,תה שחור ברגמוט ארל ג,יחידה,100.00,יחידה,false,,18.90,0.1890,true,1,1407750
54881008181,false,תה אחמד אינגליש 100 שקיקים,תה אחמד Ahmad tea,AE,תה שחור בטעם ברגמוט,יחידה,100.00,יחידה,false,,18.90,0.1890,true,1,1407751
54881008945,false,תה ירוק 20 שקיות AHMAD TEA,אחמד תה אנגליה,AE,תה ירוק קלאסי אחמד ט,יחידה,20.00,יחידה,false,,11.90,0.5950,true,1,1407752
54881009522,false,תה שחור פטל 20 שקיקים אחמד,אחמד תה אנגליה,,תה שחור פטל אחמד טי,יחידה,20.00,יחידה,false,,9.90,0.4950,true,1,1407754
54881012423,false,תה ירוק בטעם פטל רימונים 20 שקים 40 גרם,אחמד תה אנגליה,AE,תה ירוק בטעם פטל ורי,יחידה,20.00,יחידה,false,,11.90,0.5950,true,1,1407755
55369901673,false,אפלסנקס רביעיות רסק תפוחי עץ אפרסק ללא תוספת סוכר,ליייהי אורצ'רדס,CA,מחית תפוחי עץ ואפרסק,גרמים,452.00,100 גרם,false,,15.90,0.0352,true,1,1436981
55369903295,false,אפלסנקס צנצנת  רסק תפוחי עץ ללא תוספת סוכר 652 גרם עברית,לייהי אורצ'רדס,CA,מחית תפוחי עץ לא ממו,גרמים,625.00,100 גרם,false,,15.90,0.0254,true,1,1436984
70177077563,false,תה ארל גריי 25 שקיות טוינינגס 50 גר,אר. טווינינגס אנד קומפני,PL,תה ארל גריי 25 יח' 5,גרמים,50.00,100 גרם,false,,17.90,0.3580,true,1,1437712
70221011116,false,טובלרון - שוקולד חלב 100 גרם,טובלרון Toblerone,CH,טובלרון 100 גרם,גרמים,100.00,100 גרם,false,,11.90,0.1190,true,1,1438692
70970471308,false,"סוכריות מייק אייק רד רייג'רס, 141 ג'",גאסט בורן,US,מייק & אייק ענבים 1/,גרמים,141.00,100 גרם,false,,10.90,0.0773,true,1,1413865
71505022415,false,קרם ציז במשקל,,,קרם צ'יז,קילוגרמים,1.00,"ק""ג",true,,54.90,54.9000,true,1,1432888
72600062306,false,חטיף הר פודס בטעם גבינה 198 גרם,הר פודס,US,הרס חטיף בוטנים עם ג,גרמים,198.00,100 גרם,false,,23.90,0.1207,true,1,1419046
72600062313,false,הר חטיף גבינה בפאלו גבינה כחולה 198 גרם,הר פודס,US,הרס חטיף בוטנים עם ג,גרמים,198.00,100 גרם,false,,23.90,0.1207,true,1,1419047
77975022757,false,בייגלה קשה מבצק שאור בסגנון אמריקאי,סניידרס אוף האנובר,US,בייגלה קשה בסגנון אמ,גרמים,383.00,100 גרם,false,,16.90,0.0441,true,1,1412240
77975094761,false,סניידרס חטיפים על בסיס קמח חיטה בטעם גבינת צ'דר,סניידרס אוף האנובר,US,סניידרס בטעם צ'דר 34,גרמים,340.00,100 גרם,false,,16.90,0.0497,true,1,1434506
77975094778,false,שברי בייגלה סניידרס בטעם דבש חרדל 340 גר,סניידרס אוף האנובר,US,סניידרס דבש וחרדל 34,גרמים,340.00,100 גרם,false,,14.90,0.0438,true,1,1435356
77975095157,false,סניידרס שברי בייגלה בטעם חלפיניו 318 גרם,סניידרס Snyder's,US,סניידרס- שברי בייגלה,גרמים,318.00,100 גרם,false,,16.90,0.0531,true,1,1439695
97643070248,false,שוקולד שמרלינגס הרמוני רוזמרי לבן 100ג',שמרלינג,CH,"כשלפ בד""צ רוזמרי הרמ",גרמים,100.00,100 גרם,false,,16.90,0.1690,true,1,1413873
97643082548,false,שמרלינגס שוקולד מריר רוזמרי 100ג,שמרלינג,CH,"כשלפ בד""צ רוזמרי מרי",גרמים,100.00,100 גרם,false,,16.90,0.1690,true,1,1413876
97643083040,false,שוקולד שמרלינגס רוזמרי חלב 100ג',שמרלינג,CH,רוזמרי נוסטלגיה ירוק,גרמים,100.00,100 גרם,false,,16.90,0.1690,true,1,1413877
97643083859,false,שוקולד טבלה שוויצרי רוזמרי קרמל 100 גר',שמרלינג,IL,"כשלפ בד""צ רוזמרי קרמ",גרמים,100.00,100 גרם,false,,16.90,0.1690,true,1,1413878
97643084047,false,שוקולד שווצרי במילוי פרלין נוגאט,שמרלינג,,"כשלפ בד""צ רוזמרי ספל",גרמים,100.00,100 גרם,false,,16.90,0.1690,true,1,1413879
195480030088,false,שוקולד צמקאו מריר אופנהיימר לאפייה ובישול 300ג',אופנהיימר,IL,צימקאו מריר אופנהיימ,גרמים,300.00,100 גרם,false,,9.90,0.0330,true,1,1435598
649660432020,false,היל וויו שזיפים מיובשים מגולענים 567 גרם,היליו פאקינג קוסמי א,US,שזיפים מיובשים מגולע,גרמים,765.00,100 גרם,false,,29.90,0.0391,true,1,1421469
728229123811,false,טרה חטיף על בסיס ירקות שורש בתיבול ים תיכוני 110 גרם,הונדורס צ'יפס יצור א,HN,טרה ירקות ים תיכוני,גרמים,110.00,100 גרם,false,,14.90,0.1355,true,1,1414391
850307005624,false,איטריות ביצים ורמישל,א.ל.ב. גולד,DE,איטריות ביצים ורמישל,גרמים,500.00,100 גרם,false,,10.00,0.0200,true,1,1406024
850307005693,false,איטריות ביצים לפשה ד,א.ל.ב. גולד,,איטריות ביצים לפשה 5,גרמים,500.00,100 גרם,false,,10.00,0.0200,true,1,1406026
856591000062,false,עוגיות מזרחיות עם מלח עבאדי 400 גרם,מאפיית יוסף ושמחה עבאדי,IL,עוגיות מזרחיות מלח ע,גרמים,400.00,100 גרם,false,,19.90,0.0497,true,1,1406615
856591000109,false,עוגיות מזרחיות פריך במיוחד עבאדי 400 גרם,מאפיית יוסף ושמחה עבאדי,IL,עוגיות מזרחיות פריך,גרמים,400.00,100 גרם,false,,19.90,0.0497,true,1,1406616
3046920028752,false,שוקולד לינדט אקסלנס מינט 100 גרם,לינדט ושפרונגלי קילשברג,FR,שוקולד לינדט אקסלנס,גרמים,100.00,100 גרם,false,,14.90,0.1490,true,1,1417902
3046920029674,false,שוקולד לינדט אקסלנס סולט 100 גרם,לינדט ושפרונגלי קילשברג,DE,שוקולד לינדט אקס' סו,גרמים,100.00,100 גרם,false,,14.90,0.1490,true,1,1417903
3059943015128,false,מבשם אוויר נטול גז אקווה מיסט בניחוח לבנדר פראי ואוויר הרים,הדקלאים אגודת שיתופי,PL,מטהר אוויר נטול גז ל,מיליליטרים,345.00,"100 מ""ל",false,,12.90,0.0374,true,1,1415052
3073781161663,false,גבינה מותכת 18.5% שומן לה וואש קירי,לה וואש קירי La Vache qui rit,FR,גבינה מותכת לה ואש ק,גרמים,128.00,100 גרם,false,,12.90,0.1008,true,1,1437198
3178530402353,false,עוגות מיני מדלן קלאסי סאן מישל 175 גרם,סאן מישל ביסוויט,FR,מדלן עוגיות רכות 175,גרמים,175.00,100 גרם,false,,10.90,0.0623,true,1,1408948
3387390525960,false,קראנץ' דגני בוקר עם שוקולד חלב נסטלה 500 גרם,הנסיך- מפעל לייצור ט,FR,דגני בוקר פריכים עם,גרמים,500.00,100 גרם,false,,22.90,0.0458,true,1,1406805
3387390730852,false,פיטנס דגנים מחיטה מלאה ואורז נסטלה 375 גרם,נסטלה צרפת איטנקורט,FR,דגני בוקר פיטנס נסטל,גרמים,375.00,100 גרם,false,,19.90,0.0531,true,1,1406806
3501271113019,false,טד בורלז סוכ' חמוצות,,,טד בורלז סוכ' חמוצות,גרמים,60.00,100 גרם,false,,10.90,0.1817,true,1,1438712
3523230026826,false,"גבינת עיזים למריחה פירמידה, 140 גרם",סואניון,FR,פירמידה עיזים 140 גר,גרמים,140.00,100 גרם,false,,24.90,0.1779,true,1,1408959
3523230026888,false,"גבינת עיזים שום ועשבי תיבול למריחה פירמידה, 140 גרם",סואניון SOIGNON,FR,פירמידה עיזים 140 גר,גרמים,140.00,100 גרם,false,,24.90,0.1779,true,1,1408960
3800016701239,false,פלפל סבא פפרוני 580 גרם אורזיץ,פרוקטו סליבאן GSC,BG,שימורי פלפל סבא פפרו,גרמים,580.00,100 גרם,false,,10.00,0.0172,true,1,1421677
3800020403631,false,קיט קט וופל פריך עם קרם בוטנים (19%) בציפוי שוקולד חלב (61.8%),נסטלה בולגריה A.D.,BG,קיט קט צ'אנקי חמאת ב,גרמים,42.00,100 גרם,false,,4.50,0.1071,true,1,1432552
3800020423578,false,קיט קט שוקולד אצבעות צ'אנקי אדום 40ג',נסטלה בולגריה A.D,BG,קיט קט צ'אנקי חלב 40,גרמים,40.00,100 גרם,false,,4.50,0.1125,true,1,1412252
4000415039707,false,שוגטן עוגיות וניל טבעי 100 גרם,לודוויג שוקולד,DE,שוגטן עוגיות וניל,גרמים,100.00,100 גרם,false,,5.90,0.0590,true,1,1419625
4000415040109,false,שוגטן קרמל בראוני טבעי 100 גרם,לודוויג שוקולד,DE,שוגטן קרמל בראוני,גרמים,100.00,100 גרם,false,,5.90,0.0590,true,1,1419626
4000415065904,false,שוקולד סאלוט חלב/אגוזים 100 גרם,,,שוקולד סאלוט חלב אגו,גרמים,100.00,100 גרם,false,,4.90,0.0490,true,1,1441394
4000415066000,false,שוקולד סאלוט חלב 100 גרם,,,שוקולד סאלוט חלב 100,גרמים,100.00,100 גרם,false,,4.90,0.0490,true,1,1441395
4000415143800,false,שוקולד טרילוגיה טבעי שוגטן 100 גרם,לודוויג שוקולד,DE,שוגטן טרילוגיה 100 ג,גרמים,100.00,100 גרם,false,,5.90,0.0590,true,1,1419628
4000415730109,false,שוגטן מריר עם אגוזים קצוצים 100 גרם,לודוויג שוקולד,DE,שוגטן מריר אגוזים קצ,גרמים,100.00,100 גרם,false,,5.90,0.0590,true,1,1439310
4000417023001,false,ריטר ספורט שוקולד חלב מעולה עם שקדים שלמים,ריטר ספורט Ritter sport,DE,שוקולד חלב שקדים ריט,גרמים,100.00,100 גרם,false,,10.90,0.1090,true,1,1412259
4000417025005,false,שוקולד מריר במילוי מרציפן ריטר ספורט 100 גרם,ריטר ספורט Ritter sport,DE,שוקולד מריר במילוי מ,גרמים,100.00,100 גרם,false,,8.90,0.0890,true,1,1412261
4000417026002,false,שוקולד ריטר ספורט פרלין 100 גרם חלב נוכרי,ריטר ספורט Ritter sport,DE,שוקולד פרלין ריטר ספ,גרמים,100.00,100 גרם,false,,8.90,0.0890,true,1,1412262
4000417101211,false,גלילי וופל עם קרם אגוזי לוז בציפוי שוקולד חלב,אמיצ'לי Amicelli,AT,וופל אמיצ'לי 150 גרם,גרמים,150.00,100 גרם,false,,18.90,0.1260,true,1,1437445
4000417101310,false,אימצ'לי-גלילי וופל עם קרם קקאו 150 גרם,צ'וקטה,,אמיצ'לי קרם קקאו 150,גרמים,150.00,100 גרם,false,,18.90,0.1260,true,1,1442561
4000417212009,false,ריטר ספורט שוקולד מריר מעולה עם שקדים קצוצים וקליפות תפוז מסוכרות,ריטר ספורט Ritter sport,DE,שוקולד מריר עם תפוז,גרמים,100.00,100 גרם,false,,8.90,0.0890,true,1,1412264
4000417222008,false,שוקולד ריטר ספורט חלב+שברי אגוזים 100 גרם חלב נוכרי,ריטר ספורט Ritter sport,DE,שוקולד ריטר חלב שברי,גרמים,100.00,100 גרם,false,,8.90,0.0890,true,1,1412266
4000539280726,false,שוקולד לינדט אקסלנס מילד 70% 100 גר,לינדט ושפרונגלי,DE,שוקולד לינדט אקס'מיל,גרמים,100.00,100 גרם,false,,14.90,0.1490,true,1,1440590
4000539280740,false,לינדט אקסלנס 78% מוצקי קקאו 100 גרם,לינדט ושפרונגלי קילשברג,DE,שוקולד לינדט אקסלנס,גרמים,100.00,100 גרם,false,,14.90,0.1490,true,1,1440974
4000607850004,false,שוקולד חלב טבעי שוגטן 100 גרם,"לודוויג שוקולד בע""\מ",DE,שוגטן חלב 100 גרם,גרמים,100.00,100 גרם,false,,5.90,0.0590,true,1,1419660
4000607851001,false,שוקולד חלב אגוזים טבעי שוגטן 100 גרם,"לודוויג שוקולד בע""\מ",DE,שוגטן אגוזים 100 גרם,גרמים,100.00,100 גרם,false,,5.90,0.0590,true,1,1419661
4003754021679,false,בונ עיגולי מרציפן עם מחית דובדבן בשוקול,Erasmi & Carstens Gm,DE,בונ' עיגולי מרציפן ע,גרמים,210.00,100 גרם,false,,26.90,0.1281,true,1,1441130
4003754092006,false,מרציפן קלאסי סרגל 125 גרם CARETENS,,DE,סרגל מרציפן מעולה מצ,גרמים,125.00,100 גרם,false,,11.90,0.0952,true,1,1434076
4003754168114,false,חטיף מרציפן גולמי 110 גר CARSTENS,,,חטיף מרציפן 110 ג' C,גרמים,110.00,100 גרם,false,,10.90,0.0991,true,1,1434077
4003754206151,false,מרציפן תפוז שוקולד מריר 140 גרCARSTENS,אירסמי אנד קארסטנס,DE,טבלה מרציפן עם תפוז,גרמים,140.00,100 גרם,false,,14.90,0.1064,true,1,1441132
4005500534600,false,טבלת שוקולד קראנץ' ל,,,שוקולד קראנץ לבן 10,,1.00,יח,false,,11.90,11.9000,true,1,1441459
4006814000720,false,סנטה קלנדר 75 גר WAWI,WAWI GROUP,DE,סנטה קלנדר 75 גרם,גרמים,75.00,100 גרם,false,,9.90,0.1320,true,1,1442519
4006814000751,false,סנטה בודד עם כובע 80 גר,WAWI GROUP,DE,שוקולד חלב סנטה עם כ,גרמים,80.00,100 גרם,false,,12.90,0.1613,true,1,1419253
4006814031304,false,שוקולד אייסקונפקט קר,,,צילינדר אייסקונפקט ק,גרמים,500.00,100 גרם,false,,29.90,0.0598,true,1,1442520
4006814072000,false,שוקולד סנטה שקית 200,WAWI Euro Gmbh,DE,סנטה שקית 200 גר',גרמים,200.00,100 גרם,false,,16.90,0.0845,true,1,1419259
4008400230726,false,קינדר ביצת הפתעה מקסי 100 גרם,פררו,BE,ביצת הפתעה גדולה מקס,גרמים,100.00,100 גרם,false,,22.90,0.2290,true,1,1415402
4008535095351,false,בננית חטיף ממולא קרם בטעם בננה בציפוי שוקולד 300 גר',שקדיה,IL,מקצף ממתק בטעם בננה,יחידה,1.00,יחידה,false,,10.90,10.9000,true,1,1437402
4009300522935,false,תה ירוק פומפדור לימונית ולואיזה 20 יחידות,"איטיליאן פוד, אס.פי.",DE,תה ירוק לימונית ולוא,גרמים,35.00,100 גרם,false,,16.90,0.4829,true,1,1414135
4009900379564,false,מסטיק הובה בובה Hubba Bubba טייפ בטעם פירות,מרס ריגלי קונפקשונרי,GB,הובה בובה מסטיק בטעם,גרמים,56.00,100 גרם,false,,6.90,0.1232,true,1,1414432
4009900403023,false,אורביט וויט בטעם מנטה בקבוקון 46 מלבניות,"ב.א מזון בע""מ",PL,וויט קלאסי בקבקון דא,גרמים,64.00,100 גרם,false,,9.90,0.1547,true,1,1417662
4009900420129,false,מסטיק אורביט פרופשנל פפרמינט בקבוקון 64 גר',מרס נדרלנד,PL,פרופשיונל בקבוקון פפ,גרמים,64.00,100 גרם,false,,9.90,0.1547,true,1,1417663
4009900455299,false,"סוכרית ג'לי אדומה 174 גרם ""סקיטלס""",ריגלי ממתקים,CZ,סקיטלס - פירות 174 ג,גרמים,174.00,100 גרם,false,,9.90,0.0569,true,1,1417666
4009900465304,false,סוכריות סקיטלס פירות חמוצים 174 גרם,ריגלי ממתקים,CZ,סקיטלס - חמוץ 174 גר,גרמים,174.00,100 גרם,false,,9.90,0.0569,true,1,1417669
4009900479998,false,אורביט וויט אוכמניות בקבוקון 46 מלבניות,ריגלי פולין,PL,אוכמניות בקבוקון דאב,גרמים,64.00,100 גרם,false,,9.90,0.1547,true,1,1417670
4009900482417,false,מסטיק אורביט פירות מנטה בקבוקון באבל מינט 45יח,ריגלי פולין,PL,בבלמינט בקבוקון דאבל,גרמים,64.00,100 גרם,false,,9.90,0.1547,true,1,1417671
4009900531122,false,"מסטיק בטעם מנטה ספירמינט, 64 ג' פרופשיונל אורפיט",מרס נדרלנד,PL,פרופשיונל בקבוקון פפ,גרמים,64.00,100 גרם,false,,9.90,0.1547,true,1,1417683
4009900532327,false,סוכריות סקיטלס סמודיס בטעמי יוגורט ופירות,ריגלי ממתקים,CZ,סקיטלס סמודיס 38 גרם,גרמים,38.00,100 גרם,false,,3.00,0.0789,true,1,1417685
4009900534918,false,סקיטלס גאיינט פירות 141 גרם,ריגלי,CZ,סקיטלס ג'איינט פירות,גרמים,141.00,100 גרם,false,,9.90,0.0702,true,1,1434152
4009900536257,false,מסטיק אורביט רפרשרס ספירמינט בקבוקון ללא סוכר 67 גר',מרס ריגלי קונפקשונרי,PL,אורביט רפרשרס ספירמי,גרמים,67.00,100 גרם,false,,11.90,0.1776,true,1,1433169
4009900539685,false,"מסטיק פייב באונס בטעם מנטה בקבוקון, 61.8 גרם",ריגלי בעמ רוסיה,PL,פייב מנטה בקבוקון 61,גרמים,61.80,100 גרם,false,,11.90,0.1926,true,1,1439108
4011800290078,false,חטיף חלבון עוגיות ללא תוספת סוכר,סידס,CZ,קורני חלבון עוגיות 5,גרמים,50.00,100 גרם,false,,9.90,0.1980,true,1,1441713
4011800290092,false,חטיף חלבון וניל ללא תוספת סוכר,סידס,CZ,קורני חלבון וניל 50,גרמים,50.00,100 גרם,false,,9.90,0.1980,true,1,1441714
4011800528416,false,קורני חטיף דגנים עם בוטנים מתוק-מלוח*6,שוורטאוור וורקה,DE,קורני בייס סויט&סול,גרמים,150.00,100 גרם,false,,10.90,0.0727,true,1,1437723
4011800567613,false,מאגדת קורני מילק דרק & ואיט 120 גרם,מיוצר עי קונדיטוריית,DE,קורני מילק דרק&ואיט,גרמים,120.00,100 גרם,false,,10.90,0.0908,true,1,1414393
4011800628512,false,חטיף קורני שוקולד חלב 6 יח 150 גר,מיוצר עי קונדיטוריית,DE,קורני בייס שוקו 150,גרמים,150.00,100 גרם,false,,10.90,0.0727,true,1,1410374
4011800629519,false,"מארז חטיפי דגנים אגוזים ""קורני""",שוורטאוור וורקה,DE,קורני בייס נאטס 150,גרמים,150.00,100 גרם,false,,10.90,0.0727,true,1,1414394
4011800630515,false,חטיף קורני שוקולד חלב ובננה 6 יח 150 גר,מיוצר עי קונדיטוריית,DE,קורני בייס שוק בננה,גרמים,150.00,100 גרם,false,,10.90,0.0727,true,1,1410377
4011800632519,false,"מארז חטיפי שוקולד חלב וקוקוס ""קורני""",מיוצר עי קונדיטוריית,DE,קורני בייס קוקונט 15,גרמים,150.00,100 גרם,false,,10.90,0.0727,true,1,1414395
4011800633516,false,קורני שוקולד מריר מעולה 58% קקאו 6*1,שוורטאוור וורקה,DE,קורני בייס דרק שוק 1,גרמים,138.00,100 גרם,false,,10.90,0.0790,true,1,1410378
4011800636517,false,קורני פרי שוקולד חלב מעולה ללא סוכר 6*1,מיוצר עי קונדיטוריית,DE,קורני פרי שוק 120 גר,גרמים,120.00,100 גרם,false,,10.90,0.0908,true,1,1414396
4014400900217,false,בונבונריית מרסי מבחר ממתקי שוקולד 400 גרם,קריניציה ויטמינה אס,DE,בונבוניירה מרסי ליימ,גרמים,400.00,100 גרם,false,,49.90,0.1247,true,1,1412274
4014400901191,false,בונבונריית מרסי מבחר ממתקי שוקולד 250 גרם,ליימן מותגים,DE,בונבוניירת שוקולד חל,גרמים,250.00,100 גרם,false,,26.90,0.1076,true,1,1412275
4014400901412,false,בונבוניירה שוקולד מריר מרסי 250 גרם,תות ממתקי איכות,DE,בונבוניירה שוקולד מר,גרמים,250.00,100 גרם,false,,26.90,0.1076,true,1,1412277
4014400910063,false,סוכריות חמאה וורטרס אורגינל 135 גרם,וורטר'ס אורגינל,DE,סוכריות חמאה וורטר ו,גרמים,135.00,100 גרם,false,,9.50,0.0704,true,1,1412282
4014400920857,false,וורטר אורגינל ללא סוכר בטעם שוקולד-שקית 70 גרם,קריניציה ויטמינה אס,DE,סוכריות ללא סוכר קרמ,גרמים,70.00,100 גרם,false,,9.90,0.1414,true,1,1412286
4014400923711,false,בונבוניירה שוקולד אגוזים טופיפי 125 גרם,ליימן מותגים,DE,בונבוניירה טופיפי 12,גרמים,125.00,100 גרם,false,,12.90,0.1032,true,1,1412287
4014522120203,false,"בודטה סוכריות בטעם דובדבן לל""ס 100 גרם",,DE,סוכריות בטעם דובדבן,גרמים,100.00,100 גרם,false,,10.90,0.1090,true,1,1409231
4017100160417,false,בלזן גלילי וופל במילוי קרם בטעם וניל 75 גר',בלזן פולסקה,DE,בלזן ופל קרמי וניל 7,גרמים,75.00,100 גרם,false,,9.90,0.1320,true,1,1429617
4017100198151,false,בלזן היט ביסקוויט עם מלית קרם בטעם וניל (41%) 220 גרם,הדקלאים אגודת שיתופי,PL,עוגיות היט וניל 220,גרמים,220.00,100 גרם,false,,9.90,0.0450,true,1,1412290
4017100219900,false,בלזן וופלטן וופל מגולגל מצופה שוקולד חלב 100 גרם,הדקלאים אגודת שיתופי,DE,גליליות וופל חצי מצו,גרמים,100.00,100 גרם,false,,11.90,0.1190,true,1,1412295
4017100290008,false,בלזן בסקויט חמאה מצופה שוקולד חלב 125 גרם,הדקלאים אגודת שיתופי,DE,בלזן ביסקוויט מצופה,גרמים,100.00,100 גרם,false,,11.90,0.1190,true,1,1412296
4017100291005,false,בלזן לייבניז בסקויט חמאה מצופה שוקולד מריר 125 גרם,הדקלאים אגודת שיתופי,DE,בלזן ביסקוויט מצופה,גרמים,125.00,100 גרם,false,,10.90,0.0872,true,1,1412297
4017100364112,false,בלזן היט בסקוויט סנדביץ עם מלית קרם בטעם שוקולד קקאו (41%) 220 גרם,הדקלאים אגודת שיתופי,PL,עוגיות היט קקאו 220,גרמים,220.00,100 גרם,false,,9.90,0.0450,true,1,1412300
4017100366239,false,עוגיות ביסקוויט סנדוויץ ממולא קרם בטעם שוקולד,ליימן שליסל,PL,ליבניץ אנד קרים 190,גרמים,190.00,100 גרם,false,,11.40,0.0600,true,1,1412301
4018344564641,false,פילה הרינג ברוטב חרדל ושמיר לארסן 200 גר,,LV,פילה הרינג חרדל ושמי,גרמים,200.00,100 גרם,false,,9.90,0.0495,true,1,1440322
4018344564689,false,פילה הרינג ברוטב איטלקי לארסן 200 גר,ס.י.א קרבלה,LV,פילה הרינג איטלקי לר,גרמים,200.00,100 גרם,false,,9.90,0.0495,true,1,1440323
4022025290408,false,יין בלו ווין פינק רוזה כשר 750 מל,יקב רמת הגולן,DE,יין בלו ווין רוזה 75,מיליליטרים,750.00,"100 מ""ל",false,,49.90,0.0665,true,1,1429421
4023800231647,false,בונבוניירה מוצארט 200 גרם Mozartkugeln,,DE,בונ. מוצרט 200 גרם,גרמים,200.00,100 גרם,false,,19.90,0.0995,true,1,1419124
4023800531648,false,בונבוניירה מוצרט 200 גר CARSTENS,Erasmi & Carstens Gm,DE,בונ' מוצרט 200 ג' CA,גרמים,200.00,100 גרם,false,,19.90,0.0995,true,1,1441134
4066600999614,false,"בירה פאולנר, בירת חיטה מעוננת, בקבוק 500 מ""ל",מבשלת פאולנר,DE,"פאולנר בקבוק 500 מ""ל",מיליליטרים,500.00,"100 מ""ל",false,,11.20,0.0224,true,1,1410605
4067600001123,false,פילה הרינג מעושן בשמן לארסן 190 גר,,LV,פילה הרינג מעושן לרס,גרמים,190.00,100 גרם,false,,11.90,0.0626,true,1,1440324
4600659010854,false,"וודקה סטוליצ'ניה 700 מ""ל",איי. אס. לטבייאס בלזם,LV,"סטולי פרימיום 700 מ""",מיליליטרים,700.00,"100 מ""ל",false,,59.90,0.0856,true,1,1428903
4600682009450,false,"בירה בלטיקה מס 9 450 מ""ל בקבוק",BALTIKA,,בירה בלטיקה מס0.45 9,מיליליטרים,900.00,"100 מ""ל",false,,7.90,0.0088,true,1,1416225
4605561010305,false,"חתיכות פילה הרינג עם שמיר בשמן 17.6 אונקיה, 500 גרם",LTD BREMOR SANTA SD,RU,פילה הרינג עם שמיר ב,גרמים,500.00,100 גרם,false,,27.90,0.0558,true,1,1437819
4605561010343,false,פילה דג הרינג חתיכות בשמן 500 גרם,LTD BREMOR SANTA SD,RU,פילה הרינג בשמן חתיכ,גרמים,500.00,100 גרם,false,,27.90,0.0558,true,1,1437821
4605561011975,false,חתיכות פילה דג הרינג בשמן מצונן 150 גרם,LTD BREMOR SANTA SD,BY,חתיכות פילה הרינג בש,גרמים,150.00,100 גרם,false,,7.90,0.0527,true,1,1439639
4605561012613,false,פילה דג הרינג קצוץ בשמן 400 גרם,LTD BREMOR SANTA SD,BY,פילה הרינג (קצוץ) בש,גרמים,400.00,100 גרם,false,,16.90,0.0422,true,1,1437823
4605561013009,false,פילה דג הרינג בשמן 400 גרם,LTD BREMOR SANTA SD,BY,פילה הרינג בשמן 400,גרמים,400.00,100 גרם,false,,16.90,0.0422,true,1,1437824
4606260000505,false,תערובת לתיבול כיסוני,,RU,תערובת לתיבול כיסוני,גרמים,15.00,100 גרם,false,,2.90,0.1933,true,1,1434907
4606260004428,false,ויטקס תערובת תיבול ירקות מיובשים 50 גרם,,,ויטקס תערובת תיבול י,גרמים,50.00,100 גרם,false,,6.90,0.1380,true,1,1434916
4606260004442,false,ויטקס תערובת תיבול עשבים מיובשים 30 גרם,,,ויטקס תערובת תיבול ע,גרמים,30.00,100 גרם,false,,6.90,0.2300,true,1,1434917
4606260004473,false,תערובת לתיבול דג אדו,,RU,תערובת לתיבול דג אדו,גרמים,15.00,100 גרם,false,,2.90,0.1933,true,1,1434919
4606260004633,false,תבלין טימין 10 גרם ו,,,תבלין טימין 10 גרם ו,גרמים,10.00,100 גרם,false,,2.90,0.2900,true,1,1434924
4606260005326,false,ויטקס עלי דפנה 50 גרם,ויטקס,,ויטקס עלי דפנה 50 גר,גרמים,50.00,100 גרם,false,,6.90,0.1380,true,1,1429253
4606260005456,false,ויטקס תערובת תיבול בצל וגזר 55 גרם,,,ויטקס תערובת תיבול ב,גרמים,55.00,100 גרם,false,,6.90,0.1255,true,1,1434933
4607023791029,false,קוויאר אדום 95 גרם פ,א.ר.ד.י.ו,,קוויאר אדום 95 גרם פ,גרמים,95.00,100 גרם,false,,35.90,0.3779,true,1,1419170
4710068001692,false,"מאסטר קפה לאטה פחית 240 מ""ל",תאיט מרקטינג אנד דיסטריב,TW,מאסטר קפה לאטה,מיליליטרים,240.00,"100 מ""ל",false,,7.20,0.0300,true,1,1410606
4710068001715,false,"מאסטר קפה טירמיסו פחית 240 מ""ל",יוני פרזינדנט אנטרפר,TW,קפה בטעם טירמיסו מאס,מיליליטרים,240.00,"100 מ""ל",false,,6.90,0.0288,true,1,1410607
4751001580348,false,שימורי קילקה ברוטב עגבניות עם צילי 175,GAMMA-A,LV,שימורי דג קילקה שלמי,גרמים,175.00,100 גרם,false,,11.90,0.0680,true,1,1406065
4751007738101,false,סלט סלמון עם ירקות איטלקי 220 ג' לארסן,ס.י.א קרבלה,LV,סלט סלמון איטלקי לרס,גרמים,200.00,100 גרם,false,,11.90,0.0595,true,1,1440328
4751007739917,false,נתחי דג סלמון במיץ טבעי תומר 185 גרם,,,סלמון במיץ טבעי 185,גרמים,185.00,100 גרם,false,,7.90,0.0427,true,1,1440329
4770179106976,false,שוקולד פרגלה מריר עם,,,"שוק ""טב ""מריר עם חמו",גרמים,93.00,100 גרם,false,,5.50,0.0591,true,1,1419265
4770179107447,false,טב' שוק' מריר חמוציו,,,טב' שוק' מריר חמוציו,גרמים,220.00,100 גרם,false,,14.90,0.0677,true,1,1419268
4770179125144,false,שוקולד פרגלה מריר עם,PERGALE,,שוקולד מריר עם קרם ק,גרמים,100.00,100 גרם,false,,5.50,0.0550,true,1,1419282
4770179125281,false,שוקולד חלב עם קרם פי,PERGALE,,טב' שוקולד חלב עם קר,גרמים,100.00,100 גרם,false,,5.90,0.0590,true,1,1419283
4770179125342,false,שוקולד פרגלה חלב עם,PERGALE,,טב' שוקולד חלב עם אג,,100.00,250 גרם,false,,12.90,0.1290,true,1,1419284
4770179125434,false,שוקולד פרגלה מריר עם,PERGALE,,טב' שוקולד מריר עם א,,246.00,250 גרם,false,,12.90,0.0524,true,1,1419286
4770179998090,false,ממתקי ממולאים 348 גר ROSES PERGALE,BARILLA G.E.R.,BE,בונבוניירה רוזס שוקו,גרמים,348.00,100 גרם,false,,24.90,0.0716,true,1,1439111
4770179998366,false,בונבוניירה פרליני שו,,,בונבוניירה פרליני שו,גרמים,113.00,100 גרם,false,,10.90,0.0965,true,1,1436718
4770179998397,false,בונבוניירה פרליני שו,,,בונבוניירה פרליני שו,גרמים,110.00,100 גרם,false,,10.90,0.0991,true,1,1436719
4770179999042,false,בונבוניירה פרליני שו,,,בונבוניירה פרליני שו,גרמים,114.00,100 גרם,false,,10.90,0.0956,true,1,1436724
4770237057554,false,"חטיף גבינה וניל בד""צ 40 גר",,,חטיף גבינה וניל סוול,גרמים,40.00,100 גרם,false,,4.90,0.1225,true,1,1438169
4810168000011,false,פילה דג הרינג מלוח מצונן 250 גרם,סנטה ברמור,BY,פילה דג הרינג מלוח מ,גרמים,250.00,100 גרם,false,,13.90,0.0556,true,1,1420361
4810168000998,false,פילה דג הרינג מלוח מצונן עם בצל בצנצנת חתיכות 260גרם,סנטה ברמור,BY,פילה הרינג מלוח עם ב,גרמים,260.00,100 גרם,false,,18.90,0.0727,true,1,1420363
4810168053031,false,YUKKI גלידת שמנת משובחת בטעם שוקולד וופל בין שכבות 80גר,,BY,YUKKI גלידת שמנת משו,גרמים,80.00,100 גרם,false,,5.90,0.0738,true,1,1440155
4810168055875,false,חתיכות פילה דג הרינג מתובל ממולח בשמן 1200 גרם,,BY,חתיכות פילה דג הרינג,גרמים,1200.00,100 גרם,false,,45.90,0.0382,true,1,1441264
4810168055899,false,פילה דג הרינג מומלח בשמן מצונן 1200 גרם,,BY,פילה דג הרינג מומלח,גרמים,1200.00,100 גרם,false,,45.90,0.0382,true,1,1441266
4810168057510,false,חתיכות פילה דג הרינג מתובל מלוח בשמן 400 גרם,,BY,חתיכות פילה דג הרינג,גרמים,400.00,100 גרם,false,,27.90,0.0697,true,1,1439645
4810168058548,false,חתיכות פילה דג הרינג סקנדינבי ממולח 1200 גרם,,,חתיכות פילה דג הרינג,גרמים,1200.00,100 גרם,false,,45.90,0.0382,true,1,1441268
4810168058975,false,חתיכות פילה דג הרינג סקנדינבי מלוח מצונן 260 גר,סנטה ברמור,BY,פילה דג הרינג סקנדינ,גרמים,260.00,100 גרם,false,,18.90,0.0727,true,1,1440857
4820006010676,false,שיבולת שועל סקוירה ב,מפעל לעיבוד תבואה,,שיבולת שועל סקוירה ב,גרמים,500.00,100 גרם,false,,4.90,0.0098,true,1,1437227
4820015165213,false,גלידת שמנת משובחת בטעם וניל פלומביר שכבות וופל 90 גרם,ז'יטומרסקי זאבוד,LV,גלידת שמנת בטעם וניל,גרמים,90.00,100 גרם,false,,5.90,0.0656,true,1,1420387
4823077613203,false,שוקולד רושן מריר + פונדוק שלם 90 גר רושן,רושן Roshen,UA,שוקולד רושן מריר עם,גרמים,90.00,100 גרם,false,,8.50,0.0944,true,1,1420034
4823077613630,false,חטיף שוקולד רושן ממולה קרם בורלה 43 גרם,רושן Roshen,UA,חטיף שוקולד רושן ממו,גרמים,43.00,100 גרם,false,,3.50,0.0814,true,1,1420038
4823077614767,false,שוקולד רושן חלב נוגט בטעם אגוזי לוז 90 גרם,רושן,UA,שוקולד רושן חלב נוגט,גרמים,90.00,100 גרם,false,,4.90,0.0544,true,1,1437764
4823077614804,false,שוקולד רושן חלב נוגט בטעם אוכמניות כחולות 90 גרם,רושן Roshen,UA,שוקולד רושן חלב נוגט,גרמים,90.00,100 גרם,false,,4.90,0.0544,true,1,1420041
4823077617041,false,חטיף שוקולד רושן ממולה קרם קרמל 43 גרם,רושן Roshen,UA,חטיף שוקולד רושן ממו,גרמים,43.00,100 גרם,false,,3.50,0.0814,true,1,1420049
4823077618161,false,גליליות ופל רושן קונפטו חלב 140 גרם,רושן,,גליליות רושן קונאפטו,גרמים,140.00,100 גרם,false,,6.90,0.0493,true,1,1438691
4823077621635,false,חטיף שוקולד רושן בטעם חלב 72 גרם,Unknown,UA,וופל רושן בטעם חלב 7,גרמים,72.00,100 גרם,false,,3.50,0.0486,true,1,1437766
4823077621642,false,חטיף שוקולד רושן בטעם שוקולד 72 גר,Unknown,,וופל רושן בטעם שוקול,גרמים,72.00,100 גרם,false,,3.50,0.0486,true,1,1437767
4823077621659,false,חטיף שוקולד רושן בטעם אגוז 72 גר,Unknown,UA,וופל רושן בטעם אגוז,גרמים,72.00,100 גרם,false,,3.50,0.0486,true,1,1437768
4823077624247,false,"רושן ממתקי סוכריות ג'ילי ""בוני פרוט"" בטעם הדרים 200 גר",רושן Roshen,UA,רושן ממתקי סוכריות ג,גרמים,200.00,100 גרם,false,,6.90,0.0345,true,1,1420078
4823077625145,false,ממתקי שוקולד מריר עם דובדבן בליקר דובדבן,רושן Roshen,UA,בונבוניירה רושן דובד,גרמים,155.00,100 גרם,false,,13.90,0.0897,true,1,1420088
4823077625589,false,וופל וואפרס חלב רושן 216 גר,,UA,וופל רושן בטעם חלב 2,גרמים,216.00,100 גרם,false,,6.90,0.0319,true,1,1420091
4823077625626,false,וופל וואפרס אגוז רושן 216 גר,,UA,וופל רושן בטעם אגוז,גרמים,216.00,100 גרם,false,,6.90,0.0319,true,1,1420093
4823077625879,false,בונבוניירה רושן קומפלימנט 145 גרם,קייב קרמנציק,UA,בונבוניירה רושן 145,גרמים,145.00,100 גרם,false,,19.90,0.1372,true,1,1421586
4823077626203,false,שוקולד רושן אורירי מריר 80 גרם,רושן Roshen,UA,שוקולד רושן אורירי מ,גרמים,80.00,100 גרם,false,,6.90,0.0863,true,1,1422479
4823077626227,false,שוקולד רושן אורירי חלב 80 גרם,רושן Roshen,UA,שוקולד רושן אורירי ח,גרמים,80.00,100 גרם,false,,6.90,0.0863,true,1,1437771
4823077630422,false,"סנדוויץ' קרקר חלב וניל רושן 235 גרם "" 2 CRACK """,רושן,UA,סנדוויץ' קרקר חלב ונ,גרמים,235.00,100 גרם,false,,9.90,0.0421,true,1,1441260
4823077630439,false,"סנדוויץ' קרקר שוקולד רושן 235 גרם "" 2 CRACK """,רושן,,סנדוויץ' קרקר שוקולד,גרמים,235.00,100 גרם,false,,9.90,0.0421,true,1,1437777
4823077630996,false,"סנדוויץ' קרקר קקאו-אגוז רושן 235 גרם "" 2 CRACK """,רושן,UA,סנדוויץ' קרקר קקאו-א,גרמים,235.00,100 גרם,false,,9.90,0.0421,true,1,1437783
4823077631467,false,קרקר עם מלח ים רושן 168 גר HI DAY,רושן,UA,קרקר עם מלח ים רושן,גרמים,168.00,100 גרם,false,,5.50,0.0327,true,1,1437784
4823077631474,false,קרקר קלאסי רושן 168 גר HI DAY,רושן,UA,קרקר קלאסי רושן 168,גרמים,168.00,100 גרם,false,,5.50,0.0327,true,1,1437785
4823077631856,false,גליליות ופל רושן קונפטו קוקוס 140 גרם,רושן,UA,גליליות רושן קונאפטו,גרמים,140.00,100 גרם,false,,6.90,0.0493,true,1,1437786
4823077631863,false,גליליות ופל רושן קונפטו וניל 140 גרם,רושן,UA,גליליות רושן קונאפטו,גרמים,140.00,100 גרם,false,,6.90,0.0493,true,1,1437787
4823077632112,false,וופל רושן בטעם קקאו חלב 216 גרם,,,וופל רושן בטעם קקאו,גרמים,216.00,100 גרם,false,,6.90,0.0319,true,1,1437789
4823077632259,false,חטיף שוקולד רושן עם בוטנים 43 גרם,רושן Roshen,UA,חטיף שוקולד רושן עם,גרמים,38.00,100 גרם,false,,3.50,0.0921,true,1,1437790
4823077632570,false,שוקולד רושן BRUT מריר 85 גרם,רושן,UA,שוקולד רושן מריר 85,גרמים,85.00,100 גרם,false,,6.90,0.0812,true,1,1437795
4823077632587,false,שוקולד רושן חלב עם שקד שלם 90 גר LACMI,רושן,,שוקולד רושן חלב עם ש,גרמים,90.00,100 גרם,false,,8.50,0.0944,true,1,1437796
4823077632594,false,שוקולד רושן חלב עם אגוז שלם 90 גר LACMI,רושן,UA,שוקולד רושן חלב עם א,גרמים,90.00,100 גרם,false,,8.50,0.0944,true,1,1437797
4823077633034,false,"גליליות וופל רושן ""קונאפטו"" קקאו 140 ג",רושן,UA,גליליות רושן קונאפטו,גרמים,140.00,100 גרם,false,,6.90,0.0493,true,1,1437800
4823077633058,false,"גליליות וופל רושן ""קונאפטו"" אגוז 140 ג",רושן,UA,גליליות רושן קונאפטו,גרמים,140.00,100 גרם,false,,6.90,0.0493,true,1,1437801
4823077633317,false,עוגיות שוקוצ'יפס LOVITA שוקולד עם חתיכות שוקולד 150 גרם,,UA,עוגיות לביטה שוקולד,גרמים,150.00,100 גרם,false,,6.90,0.0460,true,1,1437802
4823077633324,false,עוגיות שוקוצ'יפס LOVITA עם חתיכות שוקולד 150 גרם,,UA,עוגיות שוקוצ'יפס לבי,גרמים,150.00,100 גרם,false,,6.90,0.0460,true,1,1437803
4823077633331,false,עוגיות שוקוצ'יפס LOVITA בטעם תפוז 150 גרם,,UA,עוגיות רושן לוביטה ב,גרמים,150.00,100 גרם,false,,6.90,0.0460,true,1,1439705
4823077633348,false,עוגיות שוקוצ'יפס LOVITA עם חתיכות בוטנים 150 גרם,,UA,עוגיות רושן לביטה עם,גרמים,15.00,100 גרם,false,,6.90,0.4600,true,1,1437804
4823077633508,false,חטיף שוקולד רושן במילוי קרם קקאו מצופה 34 גרם,,UA,חטיף וופל במילוי קרם,גרמים,34.00,100 גרם,false,,3.50,0.1029,true,1,1440584
4823077633690,false,בונבוניירה רושן שוטרס ויסקי 150 גרם,רושן,,בונבוניירה רושן שוטר,גרמים,150.00,100 גרם,false,,13.90,0.0927,true,1,1437808
4823077634178,false,עוגיות רושן LOVITA במילוי תפוח קינמון 168 גרם,,UA,עוגיות לביטה עם מילו,גרמים,168.00,100 גרם,false,,6.90,0.0411,true,1,1437810
4823077634192,false,עוגיות רושן LOVITA במילוי דובדבן וניל 168 גרם,,UA,עוגיות לביטה עם מילו,גרמים,168.00,100 גרם,false,,6.90,0.0411,true,1,1437811
4823077634222,false,עוגיות Lovita ממולאות ג'לי תפוז מצופות צימקאו,רושן Roshen,,עוגיות לביטה תפוז 13,גרמים,135.00,100 גרם,false,,6.90,0.0511,true,1,1437812
4823077634246,false,עוגיות Lovita ממולאות ג'לי פטל מצופות צימקאו,רושן Roshen,,עוגיות לביטה פטל 135,גרמים,135.00,100 גרם,false,,6.90,0.0511,true,1,1437813
4823077634277,false,עוגיות Lovita ממולאות ג'לי תות שדה מצופות צימקאו,רושן Roshen,,עוגיות תות שדה לוביט,גרמים,135.00,100 גרם,false,,6.90,0.0511,true,1,1439706
4823077634369,false,שוקולד רושן חלב אוורירי ופצפוצי אורז 85 גר LACMI CRISP,,UA,שוקולד רושן חלב אוור,גרמים,85.00,100 גרם,false,,6.90,0.0812,true,1,1440587
4823077634376,false,שוקולד רושן חלב אוורירי קרם אגוזים lacmuי 85 גרם,,UA,שוקולד רושן חלב אוור,גרמים,85.00,100 גרם,false,,6.90,0.0812,true,1,1440588
4823077634413,false,עוגות אישיות TOO COOL תות שדה 270 גרם,,,עוגות אישיות תות שדה,גרמים,270.00,100 גרם,false,,14.90,0.0552,true,1,1437815
4823077634741,false,עוגיות רושן LOVITA במילוי תות שדה 168 גרם,,,עוגיות עם מילוי תות,גרמים,168.00,100 גרם,false,,6.90,0.0411,true,1,1439707
4823077635489,false,חטיף וופל רושן קרם קקאו JOHNY KROCKERי 350 גרם,,UA,וופל רושן קרם קקאו ג,גרמים,350.00,100 גרם,false,,17.90,0.0511,true,1,1438416
4823077635533,false,חטיף וופל רושן קרם חלב JOHNY KROCKERי 350 גרם,,UA,וופל רושן קרם חלב גו,גרמים,350.00,100 גרם,false,,17.90,0.0511,true,1,1438417
4823077635793,false,"וופלים דקיקים רושן ""THINS"" בטעם חלב וניל 55 גר",,UA,וופלים דקיקים רושן ב,גרמים,55.00,100 גרם,false,,4.90,0.0891,true,1,1441693
4823077635809,false,"וופלים דקיקים רושן ""THINS"" בטעם קקאו 55 גר",,UA,וופלים דקיקים רושן ב,גרמים,55.00,100 גרם,false,,4.90,0.0891,true,1,1441694
4823077635816,false,"וופלים דקיקים רושן ""THINS"" בטעם אגוזי לוז 55 גר",,UA,וופלים דקיקים רושן ב,גרמים,55.00,100 גרם,false,,4.90,0.0891,true,1,1441695
4823077636004,false,עוגיות Lovita ממולאות ג'לי דובדבן מצופות צימקאו,רושן Roshen,,עוגיות קקאו דובדבן ל,גרמים,135.00,100 גרם,false,,6.90,0.0511,true,1,1439710
4823097809754,false,גלידה עם צימוקים בטעם וניל וופל 90 גרם פלומביר,ז'יטומרסקי זאבוד,LV,גלידת שמנת וניל עם צ,גרמים,90.00,100 גרם,false,,5.90,0.0656,true,1,1440160
4860019001346,false,בורז'ומי מים מינרליים טבעיים 500מ'ל חדש,אי די אס בורגומי,,מים מינרליים בורז'ומ,מיליליטרים,500.00,"100 מ""ל",false,,7.90,0.0158,true,1,1416254
4860019001414,false,"בקבוק מים בוז'ורמי 750 מ""ל",אי.די.אס בורג'יומי,GE,מים מינרלים בורז'ומי,מיליליטרים,750.00,"100 מ""ל",false,,8.90,0.0119,true,1,1416255
4903001904192,false,"רוטב סויה יאמסה פרימיום 500 מ""ל",הדקלאים אגודת שיתופי,JP,רוטב סויה יאמסה 500,מיליליטרים,500.00,"100 מ""ל",false,,18.90,0.0378,true,1,1412305
5000157143365,false,מתבל בטעם מיונז וקטשופ היינץ 425 גרם,"פודליצקי ספ.ז.או.או,",PL,רוטב טעם מיונז וקטשו,מיליליטרים,425.00,"100 מ""ל",false,,15.90,0.0374,true,1,1430016
5000159020312,false,מלטיזרס אריזה קטנה 37 גרם,מלטיזרס Maltesers,NL,מלטיזרס 37 גרם,גרמים,37.00,100 גרם,false,,4.90,0.1324,true,1,1417688
5000159376792,false,סוכריות סקיטלס Skittles פירות חמוצים,ריגלי ממתקים,CZ,סקיטלס פירות חמוצים,גרמים,38.00,100 גרם,false,,3.00,0.0789,true,1,1417690
5000159407236,false,חטיף מרס שוקולד עם ק,מרס הולנד בי.וי.,NL,חטיף מרס 51 גרם,גרמים,51.00,100 גרם,false,,3.90,0.0765,true,1,1417694
5000159541152,false,חטיף טוויקס לבן 46 גרם.,מרס.גי אם. בי אייץ,DE,חטיף טוויקס לבן 46 ג,גרמים,46.00,100 גרם,false,,3.90,0.0848,true,1,1438158
5000168199245,false,שוקולד חלב מעולה בתוספת קרמל מלוח פיור גודייבה 90 ג',"אולקר מקבוצת פלאדיס, ציק",TR,שוקולד חלב מעולה קרם,גרמים,90.00,100 גרם,false,,14.90,0.1656,true,1,1434815
5000189974579,false,מארז מיני חטיפי קיט קט Kit Kat,נסטלה גרמניה,DE,קיט קט מיני חטיף ופל,גרמים,200.00,100 גרם,false,,14.90,0.0745,true,1,1412306
5010852000917,false,ווסקי בארקליס 0.7 ליטר,CAMPBELL MEYER,GB,"ויסקי בארקליס 700 מ""",מיליליטרים,700.00,"100 מ""ל",false,,69.90,0.0999,true,1,1416257
5013387204737,false,פרואט-עוגיה ללא גלוטן עם קרם בטעם פטל 160ג',,GB,עוגיה ללא גלוטן עם ק,גרמים,160.00,100 גרם,false,,14.90,0.0931,true,1,1440403
5014271310428,false,מעדן דובדבנים שחורים ללא תוספת סוכר 284 גרם,סאן דלפור - שמבור,FR,מעדן דבדבן שחור 284,גרמים,284.00,100 גרם,false,,19.90,0.0701,true,1,1408963
5014271350424,false,מעדן ארבעה פירות ללא תוספת סוכר 284 גרם,סאן דלפור - שמבור,FR,מעדן 4 פירות 284 גרם,גרמים,284.00,100 גרם,false,,19.90,0.0701,true,1,1408965
5014271400426,false,"מעדן בטעם תות שדה לל""ס סאן דלפור 284 גרם",סאן דלפור - שמבור,FR,מעדן סאנט דלפור תות,גרמים,284.00,100 גרם,false,,19.90,0.0701,true,1,1408968
5200100943749,false,עוגיות משיבולת שועל במילוי חמאת בוטנים,Violanta Cookies S.A,GR,עוגיות סנדוויץ במילו,גרמים,180.00,100 גרם,false,,11.90,0.0661,true,1,1438231
5200100943763,false,עוגיות סנדוויץ שיבול,Violanta Cookies S.A,GR,עוגיות סנדוויץ במילו,גרמים,180.00,100 גרם,false,,11.90,0.0661,true,1,1438232
5200100943800,false,עוגיות סובין שוקולד מריר 170 גר VIOLANTA,Violanta Cookies S.A,GR,עוגיות סובין במילוי,גרמים,170.00,100 גרם,false,,11.90,0.0700,true,1,1438234
5200100945194,false,זירו עוגיות וניל עם,,,זירו עוגיות וניל עם,גרמים,170.00,100 גרם,false,,13.90,0.0818,true,1,1439711
5201004020338,false,קפריס רולס קלאסיק 400 גרם,א.ג פאפאגופולוס,GR,קפריס רולס קלאסיק 40,גרמים,400.00,100 גרם,false,,19.90,0.0497,true,1,1437727
5201085540084,false,סוכריות ג'ילי מיקס שקית 800 גר',פאלאס אס איי,GR,סוכריות ג'לו מיקס 70,גרמים,700.00,100 גרם,false,,25.90,0.0370,true,1,1409152
5201246002215,false,"בירה פילס היילס ויליפוד 500 מ""ל",הלניק בריויריס אוף א,GR,בירה פילס היילס 500,מיליליטרים,500.00,"100 מ""ל",false,,6.20,0.0124,true,1,1408359
5201583011093,false,סוכ' מש' פלאס דבש 1ק,,,סוכ' מש' פלאס דבש 1ק,גרמים,1000.00,100 גרם,false,,29.00,0.0290,true,1,1419287
5201583084035,false,סוכ.4 טעמים ללא סוכר,PALLAS,GR,סוכ' 4 טעמים ללא סוכ,גרמים,150.00,100 גרם,false,,11.90,0.0793,true,1,1419299
5400265022796,false,המלט- שוקוליס דפדפי קריספי 125 גר,HAMLET NV,BE,דפדפי שוקולד חלב פרי,גרמים,125.00,100 גרם,false,,15.90,0.1272,true,1,1409264
5400265022802,false,המלט- שוקוליס דפדפי שוקולד 57% 125 גר,HAMLET NV,BE,דפדפי שוקולד מריר פר,גרמים,125.00,100 גרם,false,,15.90,0.1272,true,1,1409265
5400265022819,false,המלט- שוקוליס דפדפי אגוז קריספי 125 גר,HAMLET NV,BE,דפדפי שוקולד חלב פרי,גרמים,125.00,100 גרם,false,,15.90,0.1272,true,1,1409266
5400265022826,false,המלט- שוקוליס דפדפי תפוז קריספי 125 גר,NV HAMLET,BE,דפדפי שוקולד חלב תפו,גרמים,125.00,100 גרם,false,,15.90,0.1272,true,1,1409267
5400265035253,false,המלט- שוקוליס דפדפי קרמל ומלח 125 גר,,,דפדפי שוקולד קרמל ומ,גרמים,100.00,100 גרם,false,,15.90,0.1590,true,1,1441051
5400265039664,false,המלט-מתנה ויואלדי 250 גר,,,מתנה ויואלדי המלט 25,גרמים,100.00,100 גרם,false,,74.90,0.7490,true,1,1441053
5400265040905,false,המלט-פרלינים בלגים דיזרט 175 ג,,,פרלינים בלגים דיזרט,גרמים,100.00,100 גרם,false,,44.90,0.4490,true,1,1441055
5410126006087,false,עוגיות לוטוס ארוזות בתפזורת 700 גרם,לוטוס ביקרי נ.וי.,BE,עוגיות לוטוס 700 גרם,גרמים,700.00,100 גרם,false,,26.90,0.0384,true,1,1408184
5410126106183,false,עוגיות לוטוס 50 יחידות ארוזות בנפרד 312 גרם,כלורוקס אוקלנד,BE,ביסקויט ביסקפה לוטוס,גרמים,312.00,100 גרם,false,,19.90,0.0638,true,1,1408187
5410126116953,false,ממרח ביסקוויט קרמל לוטוס 400 גרם,לוטוס בייקרי בלגיה נ,BE,לוטוס ממרח ביסקוויט,גרמים,400.00,100 גרם,false,,23.90,0.0597,true,1,1408188
5410126666038,false,"ביסקוויט קרמל לוטוס 279 גרם בד""צ",לוטוס ביקרי נ.וי,BE,ביסקוויט בטעם קרמל ל,גרמים,279.00,100 גרם,false,,12.90,0.0462,true,1,1432784
5410228267508,false,"באדוויזר בקבוק 330 מ""ל - 5% אלכוהול","איי, בי, אינבוו",GB,בירה באדוויזר בקבוק,מיליליטרים,330.00,"100 מ""ל",false,,7.90,0.0239,true,1,1411854
5410291022011,false,ממרח אגוזי לוז עם קקאוי 350 ג' צ'וקטה,צ'וקטה Chocketa,BE,צ'וקטה ממרח אגוזי לו,גרמים,350.00,100 גרם,false,,10.90,0.0311,true,1,1412307
5411188110835,false,אלפרו חלב סויה שקדים וניל 1ל',הנסיך- מפעל לייצור ט,BE,אלפרו משקה שקדים 1 ל,מיליליטרים,1000.00,"100 מ""ל",false,,13.90,0.0139,true,1,1414147
5411188112709,false,"משקה קוקוס אלפרו 1 ליטר משקה שקדים לל""ס",הנסיך- מפעל לייצור ט,BE,אלפרו משקה שקדים ללס,מיליליטרים,1000.00,"100 מ""ל",false,,13.90,0.0139,true,1,1414151
5411188115472,false,משקה סויה אלפרו 1 ליטר,הנסיך- מפעל לייצור ט,BE,אלפרו משקה סויה 1 לי,מיליליטרים,1000.00,"100 מ""ל",false,,13.90,0.0139,true,1,1434878
5411188543398,false,משקה סויה ללא סוכר אלפרו 1 ליטר,הנסיך- מפעל לייצור ט,BE,"אלפרו משקה סויה לל""ס",מיליליטרים,1000.00,"100 מ""ל",false,,13.90,0.0139,true,1,1432143
5411681038001,false,"מרדסו מעורפלת מאוד330מ""ל","איי, בי, אינבוו",BE,בקבוק מרדסו 10 טריפל,מיליליטרים,330.00,"100 מ""ל",false,,15.90,0.0482,true,1,1428910
5412956213710,false,שוקולד מריר קאשט קקא,,,טב' שוקולד מריר 70%,גרמים,60.00,100 גרם,false,,8.90,0.1483,true,1,1419303
5412956214519,false,שוקולד מריר עם תפוז ושקדים 100 גרם,Kim's Chocolates NV,BE,טבלת שוקולד מריר בלג,גרמים,100.00,100 גרם,false,,9.90,0.0990,true,1,1419304
5413121355099,false,בלג'יאן-שוקולד מריר 72% פוךי קפה 100ג',BCG,,שוקו מריר %72 פולי ק,גרמים,100.00,100 גרם,false,,11.90,0.1190,true,1,1441061
5413121358694,false,שוקולד בלגי מריר משובח 85%פרסטיז 100 גרם,BCG,,שוקולד בלגי מריר85%,גרמים,100.00,100 גרם,false,,11.90,0.1190,true,1,1441063
5413121359035,false,בלגיאן טראפלס בלגי קקאו אורגינל 200 גרם,,,טראפלס קקאו אורגינל,גרמים,200.00,100 גרם,false,,14.90,0.0745,true,1,1438282
5413121359769,false,לבבות וצדפי שוקולד 195ג' בלגיאן,בי סי ג'י אולן,BE,בונבונירה צדפי שוקול,גרמים,195.00,100 גרם,false,,13.90,0.0713,true,1,1409277
5413121363513,false,שוקולד מריר דובדבן בלגיאן 100 גרם,BCG,,שוקולד מריר דובדבן,גרמים,100.00,100 גרם,false,,11.90,0.1190,true,1,1441064
5413121364121,false,בלג'יאן טראפלס קקאו שוקולד 150 גרם,Q Chocolate,BE,טראפלס קקאו זהב בלגי,גרמים,100.00,100 גרם,false,,10.90,0.1090,true,1,1423555
5413121365616,false,שוקולד בלגי מריר 90% בלגיאן 100 גרם,BCG,,שוקולד מריר משובח 90,גרמים,100.00,100 גרם,false,,11.90,0.1190,true,1,1441065
5413121388905,false,בלגיאן-טראפלס אגוז חג שמח 150 גרם,Q Chocolate,BE,טראפלס אגוז בלגיאן,גרמים,100.00,100 גרם,false,,10.90,0.1090,true,1,1441066
5413202350050,false,קופסה טרופל בלגי קרמ,,,קופסה טרופל בלגי קרמ,גרמים,200.00,100 גרם,false,,18.90,0.0945,true,1,1441158
5413202810172,false,בונ' פרלינים בלגיים,,,בונ' פרלינים בלגיים,גרמים,400.00,100 גרם,false,,69.90,0.1748,true,1,1441163
5413548040479,false,בונבוניירה רפאלו 240 גרם,ליימן-שליסל,PL,רפאלו שוקולד מצופה ק,גרמים,240.00,100 גרם,false,,23.90,0.0996,true,1,1415406
5413548280189,false,קינדר שוקו בון 1 יחידות 125 גרם,פררו - אלבה,BE,מיני ביצי שוקולד חלב,גרמים,125.00,100 גרם,false,,12.70,0.1016,true,1,1415407
5420066330104,false,ביאנקה טרופל תפוז 175 גר,,,טרופל תפוז ביאנקה,גרמים,100.00,100 גרם,false,,13.90,0.1390,true,1,1441067
5420066330166,false,ביאנקה טרופל פירות יער 175 גר,,,טרופל פירות יער ביאנ,גרמים,100.00,100 גרם,false,,13.90,0.1390,true,1,1441069
5420066370001,false,טראפל בלגי קרמל 150 גרם,,,טראפלס בלגי בטעם קרמ,גרמים,150.00,100 גרם,false,,10.90,0.0727,true,1,1409283
5420066370032,false,טראפל בלגי מריר 150 גרם,CHOCOLATE Q,TR,טראפלס בלגי בטעם מרי,גרמים,150.00,100 גרם,false,,10.90,0.0727,true,1,1409286
5420066370049,false,טראפל בלגי תפוז 150 גרם,,,טראפלס בלגי בטעם תפו,גרמים,150.00,100 גרם,false,,10.90,0.0727,true,1,1409287
5420066370384,false,טראפל בלגי אגוזים 150 גרם,,,טראפלס בלגי בטעם אגו,גרמים,150.00,100 גרם,false,,10.90,0.0727,true,1,1409288
5601008200468,false,עוגיות גודיס טבעות מצופות שוקולד לבו מרבה 150 גרם,קריניציה ויטמינה אס,PT,עוגיות גודיס טבעות מ,גרמים,150.00,100 גרם,false,,6.90,0.0460,true,1,1414170
5701932026995,false,"הוטפופ גרעיני תירס להכנת פופקורן במיקרוגל בטעם טבעי מופחת שומן, 510 גרם",קריניציה ויטמינה אס,US,פופקורן בטעם טבעי הו,גרמים,510.00,100 גרם,false,,15.90,0.0312,true,1,1425999
5740900403215,false,ממרח מחמאת לורפק עם מלח 250 ג',ארלה פודס אמבה,DK,ממרח לורפק עם מלח 25,גרמים,250.00,100 גרם,false,,16.90,0.0676,true,1,1405566
5740900403260,false,ממרח מחמאת לורפק ללא מלח 27% פחות שומן,ארלה פודס אמבה,DK,ממרח לורפק ללא מלח מ,גרמים,250.00,100 גרם,false,,16.90,0.0676,true,1,1405571
5740900403284,false,חמאה ללא מלח 200 גרם לורפק כשרות או קיי,ארלה פודס אמבה,DK,חמאה ללא מלח לורפק 2,גרמים,200.00,100 גרם,false,,11.90,0.0595,true,1,1432023
5740900403864,false,חמאה +מלח 200 גרם לורפק כשרות או קיי,ארלה פודס אמבה,DK,חמאה עם מלח לורפק 20,גרמים,200.00,100 גרם,false,,11.90,0.0595,true,1,1436831
5900020020710,false,מארז חטיף דגנים קראנץ' בטעם שוקו וניל נסטלה,נסטלה פולין ברים,PL,חטיף קראנץ' שוקו וני,גרמים,150.00,100 גרם,false,,14.90,0.0993,true,1,1406816
5900020022325,false,חטיף סיני מיניס Cini Minis בטעם קינמון - 6 במארז,נסטלה פולין דגני בוק,PL,חטיפי דגנים סיני מינ,100 0,150.00,100 0,false,,14.90,0.0993,true,1,1406821
5900020026552,false,דגני בוקר האני נאט צ'יריוס בטעם דבש ושקדים,נסטלה צרפת איטנקורט,FR,צ'ריוס האני נאט פרוו,גרמים,625.00,100 גרם,false,,23.90,0.0382,true,1,1406828
5900020033314,false,חטיף דגני בוקר Lion בטעם קרמל ושוקולד על קרם חלב,נסטלה פולין דגני בוק,PL,חטיף דגני בוקר בטעמי,גרמים,150.00,100 גרם,false,,14.90,0.0993,true,1,1406833
5900020039132,false,דגני בוקר צ'יריוס משיבולת שועל בטעם תפוח עץ קינמון,סי. פי. פולין,PL,צ'יריוס שיבולת שועל,גרמים,320.00,100 גרם,false,,15.90,0.0497,true,1,1435025
5900020041142,false,קורנפלקס פיטנס 500 ג' אסם,סי.פי.פולין,PL,קורנפלקס פיטנס 500,גרמים,500.00,100 גרם,false,,15.90,0.0318,true,1,1441674
5900238587234,false,שוקולד מריר טעמן 62% 100 גרם,,,שוקולד מריר 62% ברון,גרמים,100.00,100 גרם,false,,6.90,0.0690,true,1,1409991
5900352000770,false,שוקולד חלב ממולא ג'לי דובדבן Mella,יעד ממתקים,,גלרטקה דובדבן 190 גר,גרמים,190.00,100 גרם,false,,8.90,0.0468,true,1,1419676
5900352001814,false,שוקולד במילוי ג'לי תפוז Mella,יעד ממתקים,,גלרטקה תפוז 190 גרם,גרמים,190.00,100 גרם,false,,8.90,0.0468,true,1,1419677
5900352001821,false,שוקולד חלב ממולא ג'לי לימון Mella,יעד ממתקים,PL,גלרטקה לימון 190 גרם,גרמים,190.00,100 גרם,false,,8.90,0.0468,true,1,1419678
5900352002576,false,שוקולד חלב ממולא ג'לי אוכמניות Mella,יעד ממתקים,,גלרטקה אוכמניות 190,גרמים,190.00,100 גרם,false,,8.90,0.0468,true,1,1419679
5900352002866,false,חטיף שוקולד אליבי מק,אליבי מקס Alibi Max,,חטיף אליבי 49 גרם,גרמים,49.00,100 גרם,false,,2.90,0.0592,true,1,1419680
5900352004457,false,עוגיות יזיקי קפה 140,,,עוגיות יזיקי קפה 140,גרמים,140.00,100 גרם,false,,6.90,0.0493,true,1,1419682
5900352012605,false,טייגר חטיף אליבי קוקוס 49 גרם,אליבי מקס Alibi Max,,אליבי קוקוס 49 גרם,גרמים,49.00,100 גרם,false,,2.90,0.0592,true,1,1419686
5900353618288,false,בונבוניירת לב פח שרי,MIEZSKO,PL,בונבוניירת לב פח שרי,גרמים,285.00,100 גרם,false,,33.90,0.1189,true,1,1437525
5900353618486,false,בונ' שרי מיסזקו צריס,,,בונ' שרי מיסזקו צריס,גרמים,104.00,100 גרם,false,,12.90,0.1240,true,1,1437526
5900353620007,false,בונבוניירה שרי טראפז,MIEZSKO,PL,בונ' שרי טראפז מיסזק,גרמים,182.00,100 גרם,false,,17.90,0.0984,true,1,1437527
5900353645895,false,בונ' לב פח אמורטה 18,SORINI-Holding Dolci,IT,בונ' לב פח אמורטה 18,גרמים,189.00,100 גרם,false,,46.90,0.2481,true,1,1422282
5900353646755,false,שקית סליווקה שזיפים בשוקולד מריר 255 ג,,PL,שקית סליווקה שזיפים,גרמים,255.00,100 גרם,false,,19.90,0.0780,true,1,1441165
5900353647257,false,ממתק שזיף סלוויקה בש,,PL,בונ' פח סליווקה שזיפ,גרמים,325.00,100 גרם,false,,54.90,0.1689,true,1,1441168
5900353648438,false,בונבוניירה אספרסו 15,,,בונבוניירה אספרסו 15,גרמים,153.00,100 גרם,false,,18.90,0.1235,true,1,1441700
5900915027558,false,שוקולד חלב טראויטה ע,,,טבלת שוקולד חלב עם ד,גרמים,235.00,100 גרם,false,,10.90,0.0464,true,1,1438236
5900915027572,false,שוקולד חלב טראויטה ע,,,טבלת שוקולד חלב עם ק,גרמים,235.00,100 גרם,false,,10.90,0.0464,true,1,1438237
5901177153597,false,סרגל שרי פאשן 98 גר VOBRO,,,סרגל שרי פאשן 98 גרם,גרמים,98.00,100 גרם,false,,12.90,0.1316,true,1,1441092
5901177155461,false,בונבוניירה זהב משולש,,,בונבוניירה זהב משולש,גרמים,112.00,100 גרם,false,,14.90,0.1330,true,1,1442522
5901177155607,false,בונ' שרי 126 ג' VOBR,,,בונ' שרי 126 ג' VOBR,גרמים,126.00,100 גרם,false,,14.90,0.1183,true,1,1441170
5901177155898,false,בונבוניירה אדומה משו,,,בונבוניירה אדומה משו,גרמים,126.00,100 גרם,false,,14.90,0.1183,true,1,1442523
5901177155959,false,בונבוניירה שרי טראפז 210 גר VOBRO,VOBRO,PL,בונ' שרי טראפז 210 ג,גרמים,210.00,100 גרם,false,,21.90,0.1043,true,1,1441171
5901177156376,false,בונבוניירה משולשת יר,,,בונבוניירה משולשת יר,גרמים,126.00,100 גרם,false,,14.90,0.1183,true,1,1442524
5901177156758,false,בונבוניירה דליסימו א,,,בונבוניירה דליסימו א,גרמים,91.00,100 גרם,false,,11.90,0.1308,true,1,1439113
5901177157281,false,בונבוניירה זהב בצורת,,,בונבוניירה זהב בצורת,גרמים,170.00,100 גרם,false,,17.90,0.1053,true,1,1442527
5901414200411,false,בלזן היט מיני ביסקוויט סנדוויץ' עם מילוי קרם בטעם שוקולד 130 גרם,ליימן שליסל,PL,עוגיות היט מיני קרם,גרמים,130.00,100 גרם,false,,6.90,0.0531,true,1,1412313
5901669485649,false,ברון שוקולד מריר 80% 100 גרם,,PL,שוקולד דק מריר 80% ב,גרמים,100.00,100 גרם,false,,8.90,0.0890,true,1,1441365
5901669485663,false,שוקולד דק מריר תפוז 70% 100 גרם,,PL,שוקולד דק מריר תפוז,גרמים,100.00,100 גרם,false,,8.90,0.0890,true,1,1441366
5901669486196,false,שוקולד חלב עם בוטנים וצימוקים ברון 300 גרם,,,שוקולד חלב עם בוטנים,גרמים,300.00,100 גרם,false,,13.90,0.0463,true,1,1409994
5901669486257,false,ברון שוקולד מריר בוטנים וצימוקים 300ג,,,שוקולד מריר בוטנים ו,גרמים,300.00,100 גרם,false,,13.90,0.0463,true,1,1409997
5901677007611,false,שוקולד חלב 300 גר ברון,,,שוקולד חלב ברון 300,גרמים,300.00,100 גרם,false,,13.90,0.0463,true,1,1409999
5901677008489,false,שוקולד מריר ברון 300 גרם,,,שוקולד מריר ברון 300,גרמים,300.00,100 גרם,false,,13.90,0.0463,true,1,1410000
5901677009011,false,שוקולד מריר טעמן 70% 100 גרם,,,שוקולד מריר 70% ברון,גרמים,100.00,100 גרם,false,,6.90,0.0690,true,1,1410001
5902198160403,false,XL משקה אנרגיה מוגז ללא סוכר עד 10 קלוריות לפחית 250 מל,"טמפו משקאות בע""\מ",IL,"אקסל 250 TEN מ""ל",מיליליטרים,250.00,"100 מ""ל",false,,4.80,0.0192,true,1,1410626
5902581683793,false,שוקולד חלב ממולא קרמל ברון 100 גרם,,,שוקולד חלב ממולא קרמ,גרמים,100.00,100 גרם,false,,5.50,0.0550,true,1,1435357
5902581689344,false,ברון שוקולד מריר 70% עם קפה 100 גרם,,PL,שוקולד דק מריר קפה 7,גרמים,100.00,100 גרם,false,,8.90,0.0890,true,1,1441367
5902808786696,false,"טורטילאב-דפי טורטייה 25 ס""מ 360 גר1/15",יושלם,PL,טורטילאב דפי טורטייה,גרמים,360.00,100 גרם,false,,9.90,0.0275,true,1,1431387
5904941750312,false,"משקה אנרגיה BLU מוחיטו בודד 250 מ""ל",אקו - ביט,PL,משקה אנרגיה בלו מוחי,מיליליטרים,250.00,"100 מ""ל",false,,4.20,0.0168,true,1,1409156
5904941751302,false,"משקה אנרגיה בלו 250 מ""ל- בודד",אקו - ביט,PL,משקה אנרגיה בלו 250,מיליליטרים,250.00,"100 מ""ל",false,,4.20,0.0168,true,1,1409157
5904941751920,false,בלו משקה אנרגיה דיי חצי מכמות הקלו250 מל,אקו - ביט,PL,משקה אנרגיה בלו דיי,מיליליטרים,250.00,"100 מ""ל",false,,4.20,0.0168,true,1,1409163
5904941751975,false,"בלו משקה אנרגיה דיי ענבים 250 מ""ל",אקו - ביט,PL,משקה אנרגיה בלו ענבי,מיליליטרים,250.00,"100 מ""ל",false,,4.20,0.0168,true,1,1435139
5906485301012,false,"משקה אנרגיה XL פחית 250 מ""ל","טמפו משקאות בע""מ",IL,משקה אנרגיה אקסל 250,מיליליטרים,250.00,"100 מ""ל",false,,4.80,0.0192,true,1,1410627
5941021005139,false,טבלת שוקולד חלב שקד היידי גראנדור 100 ג',,,גראנד'ור שוקולד חלב,גרמים,100.00,100 גרם,false,,12.90,0.1290,true,1,1441074
6111094000013,false,"קוסקוס דארי בינוני תומר 1 ק""ג",דארי קוספאט אס. איי. או,MA,קוסקוס בינוני להכנה,גרמים,1000.00,100 גרם,false,,16.90,0.0169,true,1,1407768
6111094001164,false,דארי אטריות מרוקאיות 500 גרם,דארי,MA,דארי אט' מרוקאיות 50,גרמים,500.00,100 גרם,false,,9.90,0.0198,true,1,1437578
6253507370600,false,כוסות נייר שתיה חמה,כוסות שתייה חמה 3 ב,,כוסות נייר שתיה חמה,יחידה,50.00,יחידה,false,,11.90,0.2380,true,1,1434211
6910191800287,false,אצות נורי בלו 10 דף (ננגטונג),ננטונג היידה אקווטוק,CN,אצות נורי בלו 10 דף,יחידה,10.00,יחידה,false,,11.90,1.1900,true,1,1412115
6923538200954,false,"סרט סאטן 1 ס""מ 25Y-י",,,"סרט סאטן 1 ס""מ 25Y-י",יחידה,1.00,יחידה,false,,2.50,2.5000,true,1,1436077
6923634954683,false,סטיקס אבקת סוכריות טעם א,,IL,סיסי סטיקס אבטיח 13,גרמים,13.00,100 גרם,false,,1.50,0.1154,true,1,1428263
6926832407074,false,בראל חטיף אורז יפני 100גרם,קסימן די ברייט,CN,חטיף אורז יפני 100 ג,גרמים,100.00,100 גרם,false,,7.90,0.0790,true,1,1441683
6928325157398,false,גביע פלסטי ק.27.5 ג.,,,גביע פלסטי ק.27.5 ג.,יחידה,1.00,יחידה,false,,10.90,10.9000,true,1,1436170
6928325169353,false,שיח ורד מיני בעציץ ק,,,שיח ורד מיני בעציץ ק,יחידה,1.00,יחידה,false,,21.90,21.9000,true,1,1436191
6928325169360,false,שיח ורד מיני בעציץ ק,,,שיח ורד מיני בעציץ ק,יחידה,1.00,יחידה,false,,21.90,21.9000,true,1,1436192
6928325172780,false,זר לראש ורד פתוח ספו,,,זר לראש ורד פתוח ספו,100 יחידה,1.00,100 יחידה,false,,8.90,8.9000,true,1,1436199
6928325196847,false,חב' 25 שק' משולש צלו,,,חב' 25 שק' משולש צלו,100 יחידה,1.00,100 יחידה,false,,6.90,6.9000,true,1,1440831
6986548885474,false,שקית יום הולדת גדולה,,,שקית יום הולדת גדולה,יחידה,1.00,יחידה,false,,10.00,10.0000,true,1,1441277
7262626071564,false,כתר מלך,,,כתר מלך,יחידה,0.00,יחידה,false,,5.00,0.0000,true,1,1420564
7271730901261,false,ווקי מאק ארוחת אטריות עם גבינה 156 גרם,ניו וורלד פסטה קומפנ,US,ארוחת פסטה עם גבינה,גרמים,156.00,100 גרם,false,,12.90,0.0827,true,1,1414438
7290000000035,false,תוספת שתיה בקירור,,,תוספת שתיה בקירור,יחידה,0.00,יחידה,false,,1.00,0.0000,true,1,1436919
7290000000039,false,שתיה קרה 1.5 ליטר,,,תווי קניה,יחידה,0.00,יחידה,false,,1.00,0.0000,true,1,1438260
7290000000634,false,שקית גופיה סופרקופיק,,,שקית גופיה סופרקופיק,יחידה,1.00,יחידה,false,,0.10,0.1000,true,1,1429527
7290000000825,false,כתף בקר מפולפל טירת,,,"משקל 25ש""ח לק""ג",קילוגרמים,1.00,"ק""ג",true,,25.00,25.0000,true,1,1420862
7290000000839,false,"משקל 39 ש""ח לק""ג",,,"משקל 39 ש""ח לק""ג",קילוגרמים,1.00,"ק""ג",true,,39.00,39.0000,true,1,1420865
7290000000850,false,קרקובסקיה דימוב,מעדני בשר השוקת,,"משקל 50 ש""ח לק""ג",קילוגרמים,1.00,"ק""ג",true,,50.00,50.0000,true,1,1420867
7290000000869,false,"משקל 69 ש""ח לק""ג",,,"משקל 69 ש""ח לק""ג",קילוגרמים,1.00,"ק""ג",true,,69.00,69.0000,true,1,1420869
7290000000875,false,"משקל 75 ש""ח לק""ג ללא",מעדני בשר השוקת,,"משקל 75 ש""ח לק""ג ללא",קילוגרמים,1.00,"ק""ג",true,,75.00,75.0000,true,1,1420870
7290000000951,false,לחמניה שומשום ארוך 125גר,,,מילוי בלון גומי,יחידה,1.00,יחידה,false,,6.00,6.0000,true,1,1442657
7290000000952,false,מילוי בלון הליום,,,מילוי בלון הליום,יחידה,1.00,יחידה,false,,10.00,10.0000,true,1,1442658
7290000000960,false,"פקדון רביעיה 1.2 ש""ח",,,"פקדון רביעיה 1.2 ש""ח",יחידה,0.00,יחידה,false,,1.20,0.0000,true,1,1432162
7290000000961,false,"פקדון שישיה 1.8 ש""ח",,,"פקדון שישיה 1.8 ש""ח",יחידה,0.00,יחידה,false,,1.80,0.0000,true,1,1432163
7290000000998,false,פקדון,,,פקדון,יחידה,0.00,יחידה,false,,0.30,0.0000,true,1,1431879
7290000002004,false,דניש קומבי וויט פטה,Ceko,,סוכריות על מקל,יחידה,0.00,יחידה,false,,1.50,0.0000,true,1,1411987
7290000003345,false,נביעות מים מינרלים ש,,,נביעות מים מינרלים ש,מיליליטרים,1500.00,"100 מ""ל",false,,5.00,0.0033,true,1,1413421
7290000017002,false,גבינה צפתית מעדניה ג,,,גבינה צפתית מעדניה ג,קילוגרמים,1.00,"ק""ג",true,,34.90,34.9000,true,1,1434677
7290000017019,false,גבינת קאש ללא מלח מע,,,גבינת קאש ללא מלח מע,קילוגרמים,1.00,"ק""ג",true,,34.90,34.9000,true,1,1416361
7290000017026,false,גבינה צפתית קשה מעדנ,,,גבינה צפתית קשה מעדנ,קילוגרמים,1.00,"ק""ג",true,,57.90,57.9000,true,1,1434678
7290000017033,false,גבינה גרוזינית מעדני,,,גבינה גרוזינית מעדני,קילוגרמים,1.00,"ק""ג",true,,57.90,57.9000,true,1,1434679
7290000017347,false,גבינת שמנת זיתים- מע,,,גבינת שמנת זיתים- מע,קילוגרמים,1.00,"ק""ג",true,,37.90,37.9000,true,1,1434689
7290000017354,false,גבינת שמנת טבעי 25%-,,,גבינת שמנת טבעי 25%-,קילוגרמים,1.00,"ק""ג",true,,37.90,37.9000,true,1,1433502
7290000017361,false,בייבי מוצרלה מובחר,,,בייבי מוצרלה מובחר,קילוגרמים,1.00,"ק""ג",true,,59.90,59.9000,true,1,1434690
7290000017408,false,גבינת טברוג 0%- געש,,,גבינת טברוג 0%- געש,קילוגרמים,1.00,"ק""ג",true,,26.90,26.9000,true,1,1434691
7290000017422,false,גבינה בולגרית מעודנת,,,גבינה בולגרית מעודנת,קילוגרמים,1.00,"ק""ג",true,,47.90,47.9000,true,1,1434692
7290000017552,false,כדורי מוצרלה ענק,,,כדורי מוצרלה ענק,קילוגרמים,1.00,"ק""ג",true,,57.90,57.9000,true,1,1439033
7290000023007,false,"ברנדי שטוק 84 37 % 750 מ""ל","יקבי ברקן בע""ם",IL,"ברנדי שטוק 84 750 מ""",מיליליטרים,750.00,"100 מ""ל",false,,67.90,0.0905,true,1,1410629
7290000023083,false,ערק אשקלון בקבוק 700,"יקבי ברקן בע""\מ",IL,ערק אשקלון בקבוק 700,מיליליטרים,700.00,"100 מ""ל",false,,50.90,0.0727,true,1,1410630
7290000023809,false,"יין קלאסיק קברנה סוביניון ברקן 750 מ""ל",יקבי ברקן שיווק והפצה בע,IL,יין אדום קלאסיק קברנ,מיליליטרים,750.00,"100 מ""ל",false,,32.90,0.0439,true,1,1410631
7290000025278,false,דנאבלו נטו כשר,,,דנאבלו נטו כשר,קילוגרמים,1.00,"ק""ג",true,,59.90,59.9000,true,1,1408890
7290000026050,false,פסטרמה רומנית,,,פסטרמה רומנית,קילוגרמים,1.00,"ק""ג",true,,69.90,69.9000,true,1,1419909
7290000026067,false,כתף עגל מעושן הוד מע,,,כתף עגל מעושן הוד מע,קילוגרמים,1.00,"ק""ג",true,,89.90,89.9000,true,1,1419910
7290000026319,false,אווז מעושן הוד מעדן,,,אווז מעושן הוד מעדן,קילוגרמים,1.00,"ק""ג",true,,94.90,94.9000,true,1,1419912
7290000026364,false,"דוקטורסקיה ק""ג",,,"דוקטורסקיה ק""ג",קילוגרמים,1.00,"ק""ג",true,,34.90,34.9000,true,1,1419913
7290000026500,false,חזה הודו דל שומן ברב,,,חזה הודו דל שומן ברב,קילוגרמים,1.00,"ק""ג",true,,64.90,64.9000,true,1,1422512
7290000040042,false,יופלה יוגורט תות %3 גביע 150 גרם,תנובה חלב,IL,יופלה יוגורט תות %3,גרמים,150.00,100 גרם,false,,5.00,0.0333,true,1,1411370
7290000040066,false,יופלה יוגורט דובדבן %3 גביע 150 גרם,תנובה מרכז שיתופי לש,IL,יופלה יוגורט דובדבן,מיליליטרים,150.00,"100 מ""ל",false,,5.00,0.0333,true,1,1411252
7290000040080,false,יופלה יוגורט אפרסק %3 גביע 150 גרם,תנובה חלב,IL,יופלה יוגורט אפרסק %,מיליליטרים,150.00,"100 מ""ל",false,,5.00,0.0333,true,1,1411371
7290000040301,false,תנובה עין גדי קממבר מחלב בקר 24% שומן,תנובה מרכז שיתופי לש,IL,גבינת קממבר בקר 24%,גרמים,125.00,100 גרם,false,,17.80,0.1424,true,1,1411372
7290000040974,false,חלב דל לקטוז 2% תנובה קרטון 1 ליטר,תנובה מרכז שיתופי לש,IL,חלב בקרטון דל לקטוז,מיליליטרים,1000.00,"100 מ""ל",false,,6.90,0.0069,true,1,1411254
7290000040974,false,חלב דל לקטוז 2% תנובה קרטון 1 ליטר,תנובה מרכז שיתופי לש,IL,חלב בקרטון דל לקטוז,מיליליטרים,1000.00,"100 מ""ל",false,,6.90,0.0069,true,1,1411375
7290000041858,false,"שמנת חמוצה 15% מועשרת יטבתה 200 מ""ל",שטראוס גרופ,IL,שמנת חמוצה מועשרת 15,מיליליטרים,200.00,"100 מ""ל",false,,2.40,0.0120,true,1,1405572
7290000041865,false,"לבן 4.5% שומן מהדרין ""יטבתה""",שטראוס גרופ,IL,"לבן 4.5% 200 מ""ל",מיליליטרים,200.00,"100 מ""ל",false,,2.00,0.0100,true,1,1405573
7290000042855,false,"שוקו בשקית 250 מ""ל ""יטבתה""",שטראוס גרופ,IL,שוקו בשקית יטבתה 225,מיליליטרים,225.00,"100 מ""ל",false,,2.50,0.0111,true,1,1405577
7290000043814,false,השף הלבן שמנת להקצפה 38% שומן 250 מל - מוצר בפיקוח,תנובה מרכז שיתופי לש,IL,השף הלבן שמנת עמידה,מיליליטרים,250.00,"100 מ""ל",false,,6.47,0.0259,true,1,1411390
7290000043890,false,תנובה רויון לבן מחלב מפסוטר 1.5%,תנובה מרכז שיתופי לש,IL,רויון 1.5% תנובה 1 ל,מיליליטרים,1000.00,"100 מ""ל",false,,11.30,0.0113,true,1,1411391
7290000044880,false,באדי יוגורט תות 3% שומן 500 ג' תנובה,מיוצר עי קונדיטוריית,IL,"באדי תות 500 מ""ל 3%",מיליליטרים,500.00,"100 מ""ל",false,,8.90,0.0178,true,1,1411263
7290000045580,false,גבינה מותכת נעמה חורש תנובה 240 גרם,תנובה מרכז שיתופי לש,IL,גבינה מותכת 25% נעמה,גרמים,240.00,100 גרם,false,,17.40,0.0725,true,1,1411396
7290000046020,false,גלבוע גבינה שמנה במש,תנובה מרכז שיתופי לש,IL,גלבוע 22% במשקל,קילוגרמים,1.00,"ק""ג",true,,42.50,42.5000,true,1,1411265
7290000046501,false,"גב.טל העמק32% 1 ק""ג משקל",קריות זול,IL,_גבינת טל העמק 32%,קילוגרמים,1.00,"ק""ג",true,,58.00,58.0000,true,1,1411267
7290000047027,false,גב.קולאז' גלעד 27% במשקל,תנובה מרכז שיתופי לש,IL,גבינת גלעד 27% משקל,קילוגרמים,1.00,"ק""ג",true,,129.90,129.9000,true,1,1411269
7290000047034,false,גבינת רוקפור 26%כבש משקל,תנובה מרכז שיתופי לש,IL,גבינה צאן קולאז' רוק,קילוגרמים,1.00,"ק""ג",true,,119.90,119.9000,true,1,1411270
7290000047485,false,גבינה בולגרית במשקל,תנובה מרכז שיתופי לש,IL,גבינת בולגרית 24% תנ,קילוגרמים,1.00,"ק""ג",true,,57.00,57.0000,true,1,1411271
7290000047621,false,גבינה לבנה רכה 5% תנובה 250ג' מהדרין,תנובה מרכז שיתופי לש,IL,גבינה לבנה 5% מהדרין,גרמים,250.00,100 גרם,false,,4.98,0.0199,true,1,1411401
7290000048185,false,גבינה לבנה 5% תנובה 250 גרם מהדרין,מיוצר עי קונדיטוריית,IL,גבינה לבנה 5% תנובה,גרמים,250.00,100 גרם,false,,4.98,0.0199,true,1,1411402
7290000048192,false,גבינה לבנה 9% תנובה 250 גרם מהדרין,מחלבת אלון תבור,IL,גבינה לבנה 9% תנובה,גרמים,250.00,100 גרם,false,,4.98,0.0199,true,1,1411403
7290000048307,false,גבינת קוטג' עם זיתים 5% תנובה 250 גרם,מיוצר עי קונדיטוריית,IL,גבינת קוטג' עם זיתים,גרמים,250.00,100 גרם,false,,5.70,0.0228,true,1,1411275
7290000048437,false,פיראוס צפתית 5% שומן 200 גרם,פארייפאבה אגרואינדוס,IL,גבינה צפתית 5% פיראו,גרמים,200.00,100 גרם,false,,14.90,0.0745,true,1,1411405
7290000051376,false,יוגורט יופלה דיאט אננס 0% שומן 150 גרם,תנובה מרכז שיתופי לש,IL,יופלה דיאט אננס גביע,מיליליטרים,150.00,"100 מ""ל",false,,5.00,0.0333,true,1,1411409
7290000052311,false,גבינה צהובה עמק לייט 15% שומן 200 גרם,תנובה מרכז שיתופי לש,IL,גבינה צהובה פרוסה 15,גרמים,200.00,100 גרם,false,,15.90,0.0795,true,1,1411289
7290000052311,false,גבינה צהובה עמק לייט 15% שומן 200 גרם,תנובה מרכז שיתופי לש,IL,גבינה צהובה פרוסה 15,גרמים,200.00,100 גרם,false,,15.90,0.0795,true,1,1411412
7290000057088,false,עמק גבינה צהובה פרוסה דק דק 28% תנובה 200 גרם,תנובה מרכז שיתופי לש,IL,עמק פרוס דק דק 28% 2,גרמים,200.00,100 גרם,false,,15.90,0.0795,true,1,1411422
7290000057118,false,גבינה צהובה עמק 28% שומן ואקום 400 גרם,תנובה מרכז שיתופי לש,IL,גבינת עמק קלאסית פרו,גרמים,400.00,100 גרם,false,,20.90,0.0522,true,1,1411423
7290000057132,false,יוגורט תנובה טבעי 1.5% גביע 200 גרם,מחלבת אלון תבור,IL,יוגורט ביו תנובה טבע,גרמים,200.00,100 גרם,false,,3.20,0.0160,true,1,1411424
7290000057149,false,יוגורט תנובה טבעי 3% גביע 200 גרם,מיוצר עי קונדיטוריית,IL,יוגורט טבעי ביו 3% ת,גרמים,200.00,100 גרם,false,,3.20,0.0160,true,1,1411425
7290000057552,false,יופלה דיאט עוגת גבינה ותות 0% גביע 150ג',תנובה חלב,IL,יופלה דיאט עוגת גבינ,מיליליטרים,150.00,"100 מ""ל",false,,5.00,0.0333,true,1,1411427
7290000058047,false,שמנת להקצפה 38% 500מל מהדרין עמיד השף הלבן,תנובה מרכז שיתופי לש,IL,שמנת להקצפה 38% שומן,מיליליטרים,500.00,"100 מ""ל",false,,12.94,0.0259,true,1,1411429
7290000060088,false,בייגלה מקלות מלוחים אסם 400 גרם,מיוצר עי קונדיטוריית,IL,בייגלה אסם מקלות מלו,גרמים,375.00,100 גרם,false,,9.90,0.0264,true,1,1406836
7290000060156,false,פסטה אסם אטריות ביצים דקות 200גר,"אסם תעשיות בע""מ",IL,אטריות ביצים דקיקות,גרמים,200.00,100 גרם,false,,6.90,0.0345,true,1,1406837
7290000060163,false,פסטה אסם אטריות דקות 400גר,"אסם תעשיות בע""מ",IL,אטריות דקות אסם 400,גרמים,401.00,100 גרם,false,,6.90,0.0172,true,1,1406838
7290000060200,false,פסטה אסם פתיתים אפויים קוסקוס 500גר,"אסם תעשיות בע""מ",IL,פתיתים אפויים קוסקוס,גרמים,500.00,100 גרם,false,,6.90,0.0138,true,1,1406839
7290000060217,false,פסטה מקרוני מספר 7 אסם 500 גרם,קריות זול,IT,פסטה מקרוני מספר 7 א,גרמים,500.00,100 גרם,false,,5.90,0.0118,true,1,1406840
7290000060408,false,פסטה אסם פתיתים אפויים טבעות 500 גר,"אסם השקעות בע""\מ",IL,פתיתים אפויים טבעות,גרמים,500.00,100 גרם,false,,6.90,0.0138,true,1,1406845
7290000060576,false,פתיתים אפויים כוכבים אסם 500 גרם,"אסם השקעות בע""\מ",IL,פתיתים אפויים כוכבים,גרמים,500.00,100 גרם,false,,6.90,0.0138,true,1,1406849
7290000060781,false,פסטה אסם פתיתים מסולסלים 500גר,קריות זול,IT,פסטה פוסילי אסם 500,גרמים,500.00,100 גרם,false,,5.90,0.0118,true,1,1406850
7290000060828,false,פסטה קרניים בינוניות אסם 500 גרם,קריות זול,IT,פסטה פרומנטי קרניים,גרמים,500.00,100 גרם,false,,5.90,0.0118,true,1,1406851
7290000060842,false,פסטה אסם פתיתים צדפים גדולים 500גר,קריות זול,IT,פסטה צדפים אסם 500 ג,גרמים,500.00,100 גרם,false,,5.90,0.0118,true,1,1406852
7290000060880,false,פסטה ספגטי מספר 8 אסם 500 גרם,קריות זול,IT,פסטה ספגטי מספר 8 אס,גרמים,500.00,100 גרם,false,,5.90,0.0118,true,1,1406854
7290000060903,false,פסטה אסם פתיתים אפויים אורז 500גר,"אסם השקעות בע""\מ",IL,פתיתים אפויים אורז א,גרמים,500.00,100 גרם,false,,6.90,0.0138,true,1,1406855
7290000060965,false,פסטה אסם אטריות רחבות 400גר,"אסם השקעות בע""\מ",IL,אטריות רחבות אסם 400,גרמים,403.00,100 גרם,false,,6.90,0.0171,true,1,1406858
7290000060972,false,פסטה אסם אטריות דקיקות 400 גרם,קריות זול,IT,אטריות דקיקות אסם 40,גרמים,400.00,100 גרם,false,,6.90,0.0173,true,1,1406859
7290000061061,false,קרקר חיטה עם בצל אסם,"אסם השקעות בע""\מ",IL,קרקר חיטה עם בצל אסם,גרמים,250.00,100 גרם,false,,10.90,0.0436,true,1,1406860
7290000061108,false,"רוטב טריאקי 290 מ""ל-בקבוק","אסם השקעות בע""\מ",IL,רוטב טריאקי אסם 360,מיליליטרים,294.00,"100 מ""ל",false,,10.90,0.0371,true,1,1406862
7290000061245,false,עוגיות שוקוצ'יפס במילוי שוקולד אסם 220 גרם,מיוצר עי קונדיטוריית,IL,עוגיות שוקוצ'יפס עם,גרמים,220.00,100 גרם,false,,10.90,0.0495,true,1,1406864
7290000061450,false,פתיתים אפויים קוסקוס 3 צבעים אסם 500 גרם,"אסם השקעות בע""\מ",IL,פתיתים אפויים קוסקוס,גרמים,500.00,100 גרם,false,,6.90,0.0138,true,1,1406865
7290000061764,false,קפה נמס מגורען רד מאג 200 גרם,נסטלה ספרד קפה,ES,קפה נמס מגורען רד מא,גרמים,200.00,100 גרם,false,,21.90,0.1095,true,1,1406866
7290000062952,false,אוסם - מיני קרוטונים למרק ולסלט 250 גרם,עינת תעשיות מזון אגו,IL,מיני קרוטונים מתובלי,גרמים,250.00,100 גרם,false,,14.90,0.0596,true,1,1406870
7290000063102,false,קמח עוגה תופח מאליו אסם 350 גרם,"אסם השקעות בע""\מ",IL,אסם קמח עוגה תופח מא,גרמים,350.00,100 גרם,false,,4.90,0.0140,true,1,1406873
7290000063133,false,אסם שקדי מרק רכיבים טבעיים 24*100גרם,"אסם השקעות בע""מ",IL,אסם שקדי מרק רכיבים,גרמים,100.00,100 גרם,false,,5.90,0.0590,true,1,1406874
7290000063157,false,"קמח עוגה תופח מאליו אסם 1 ק""ג","אסם השקעות בע""\מ",IL,קמח תופח מאליו אסם 1,גרמים,1000.00,100 גרם,false,,8.90,0.0089,true,1,1406876
7290000064758,false,קוסקוס בינוני אמיתי אסם 350 ג',"מיוצר ע""י קוד יצרן K",IL,אסם קוסקוס אמיתי 350,גרמים,350.00,100 גרם,false,,7.90,0.0226,true,1,1406879
7290000064871,false,"אוסם - מנה חמה פירה תפו""א עם בצל 56 גרם","אסם תעשיות בע""מ",IL,"מנה חמה פירה תפו""א ו",גרמים,56.00,100 גרם,false,,5.90,0.1054,true,1,1406880
7290000065335,false,אוסם - מנה חמה פירה עם ירקות 55 גרם,"אסם תעשיות בע""מ",IL,מנה חמה פירה וירקות,גרמים,55.00,100 גרם,false,,5.90,0.1073,true,1,1406882
7290000065540,false,אוסם - מנה חמה פסטה מוקרמת בטעם עוף 55 גרם,"אסם תעשיות בע""מ",IL,מנה חמה פסטה מוקרמת,גרמים,55.00,100 גרם,false,,5.90,0.1073,true,1,1406883
7290000065557,false,אוסם - מנה חמה קוסקוס עם ירקות 84 גרם,"אסם תעשיות מזון בע""מ",IL,מנה חמה קוסקוס וירקו,גרמים,84.00,100 גרם,false,,5.90,0.0702,true,1,1406884
7290000066189,false,ביסלי חטיף בטעם פלאפל אסם 200 גרם,"אסם השקעות בע""\מ",IL,ביסלי פלאפל 200 גרם,גרמים,200.00,100 גרם,false,,7.90,0.0395,true,1,1406895
7290000066196,false,ביסלי חטיף בטעם גריל אסם 200 גרם,מיוצר עי קונדיטוריית,IL,ביסלי גריל 200 גרם,גרמים,200.00,100 גרם,false,,7.90,0.0395,true,1,1406896
7290000066264,false,דובונים חטיף תפוחי אדמה אסם 40 גרם,"אסם השקעות בע""\מ",IL,דובונים 40 גרם,גרמים,40.00,100 גרם,false,,4.50,0.1125,true,1,1406900
7290000066295,false,במבה מתוקה מחומרים טבעיים 30 גרם,מיוצר עי קונדיטוריית,IL,במבה מתוקה בטעם תות,גרמים,30.00,100 גרם,false,,2.90,0.0967,true,1,1406901
7290000066332,false,אפרופו חטיף תירס אסם 50 גרם,מיוצר עי קונדיטוריית,IL,אפרופו 50 גרם,גרמים,50.00,100 גרם,false,,4.90,0.0980,true,1,1406903
7290000066431,false,פופקו חטיף פופקורן בטעם חמאה ודבש אסם 80 גרם,מיוצר עי קונדיטוריית,IL,פופקו חמאה ודבש 80 ג,גרמים,80.00,100 גרם,false,,5.40,0.0675,true,1,1406905
7290000066943,false,סירופ ויטמינצ'יק ענבים1ל,בית-השיטה עסיס תעשיות מז,IL,ויטמינצ'יק ענבים 1 ל,מיליליטרים,1000.00,"100 מ""ל",false,,19.90,0.0199,true,1,1406907
7290000067544,false,פירורית זהב פירורי לחם אסם 200 גרם,עינת תעשיות מזון אגו,IL,אסם פירורית פירורי ל,גרמים,200.00,100 גרם,false,,6.40,0.0320,true,1,1406912
7290000067599,false,מנה חמה ספגטי ברוטב בולונז אסם 65 גרם,"אסם השקעות בע""\מ",IL,מנה חמה ספגטי בולונז,גרמים,65.00,100 גרם,false,,5.90,0.0908,true,1,1406915
7290000068138,false,אינסטנט פודינג בטעם וניל אסם 80 גרם,מיוצר עי קונדיטוריית,IL,פודינג אינסטנט בטעם,גרמים,80.00,100 גרם,false,,5.50,0.0688,true,1,1406919
7290000068190,false,אסם ג'לי תות שדה צבעים טבעיים 90 גרם,מיוצר עי קונדיטוריית,IL,ג'לי בטעם תות פרווה,גרמים,90.00,100 גרם,false,,6.30,0.0700,true,1,1406922
7290000068237,false,אבקה להכנת ג'לי בטעם פטל אסם 85 גרם,מיוצר עי קונדיטוריית,IL,ג'לי בטעם פטל פרווה,גרמים,85.00,100 גרם,false,,6.30,0.0741,true,1,1406924
7290000068343,false,אסם פריכונים פרוסות קלויות מלא,"פרח תעשיות מזון בע""מ.",IL,אסם פריכונים מאורז מ,גרמים,140.00,100 גרם,false,,7.90,0.0564,true,1,1406928
7290000069364,false,פריכונים מאורז מלא ללא תוספת סוכר אסם 140 גרם,"פרח תעשיות מזון בע""מ.",IL,אסם פריכונים עגול או,גרמים,140.00,100 גרם,false,,7.90,0.0564,true,1,1406933
7290000069609,false,חטיפי קרקר זעתר אסם 300 גרם,"אסם תעשיות בע""מ",IL,חטיפי קרקר זעתר אסם,גרמים,300.00,100 גרם,false,,11.90,0.0397,true,1,1406934
7290000069715,false,אוסם - חטיפי קרקר מלוח 300 גרם,"אסם תעשיות בע""מ",IL,חטיפי קרקר מלוח אסם,גרמים,300.00,100 גרם,false,,11.90,0.0397,true,1,1406936
7290000070308,false,אבקת מרק עוף אמיתי בשרי אסם 400 גרם,"אסם השקעות בע""\מ",IL,אסם מרק עוף אמיתי 40,גרמים,400.00,100 גרם,false,,18.70,0.0467,true,1,1406939
7290000071008,false,אוסם - בייגלה שטוחים מלח 60 גרם,"אסם השקעות בע""\מ",IL,בייגלה כעכים שטוחים,גרמים,60.00,100 גרם,false,,3.10,0.0517,true,1,1406944
7290000072623,false,קטשופ אסם בקבוק לחיץ 750 גרם,"אסם תעשיות בע""מ",IL,קטשופ אסם בקבוק לחיץ,גרמים,750.00,100 גרם,false,,10.90,0.0145,true,1,1406951
7290000072630,false,קטשופ אסם חריף 750 גרם-בקבוק,"אסם תעשיות בע""מ",IL,קטשופ חריף אסם 750 ג,גרמים,750.00,100 גרם,false,,12.90,0.0172,true,1,1406952
7290000072753,false,קפה נמס מגורען טסטרס צ'ויס 200 גרם-,נסטלה קוריאה - קפה,KR,קפה נמס מיובש בהקפאה,גרמים,200.00,100 גרם,false,,29.90,0.1495,true,1,1406953
7290000072777,false,קפה נמס מגורען נטול קפאין טסטרס צ'ויס 200 גרם,נסטלה קוריאה - קפה,KR,טייסטר צ'וייס נטול ק,גרמים,200.00,100 גרם,false,,38.90,0.1945,true,1,1406954
7290000073415,false,אוסם - מנה חמה פסטה ברוטב פיצה 61 גרם,"אסם השקעות בע""\מ",IL,מנה חמה פסטה ברוטב פ,גרמים,61.00,100 גרם,false,,5.90,0.0967,true,1,1406959
7290000073699,false,סלט חומוס צבר 150 גרם,סלטי צבר,IL,סלט חומוס סלטי צבר 1,גרמים,150.00,100 גרם,false,,5.50,0.0367,true,1,1406960
7290000073750,false,מנה חמה נודלס אטר+ירקות טעם עוף 70 גרם,PUB FOODS PRESIDENT THAI,TH,מנה חמה נודלס אטר.+י,גרמים,70.00,100 גרם,false,,5.90,0.0843,true,1,1406961
7290000073767,false,מנה חמה נודלס אטר.+ירקות טעם בקר 70 גרם,PUB FOODS PRESIDENT THAI,TH,מנה חמה נודלס אטר.+י,גרמים,70.00,100 גרם,false,,5.90,0.0843,true,1,1406962
7290000073774,false,מנה חמה נודלס אטר+ירקות טעם צילי 70 גרם,טאי רזידנט,TH,מנה חמה ירקות בטעם פ,גרמים,70.00,100 גרם,false,,5.90,0.0843,true,1,1406963
7290000074153,false,ביסקוויט פתי בר שוקולד אסם 500 גרם,מיוצר עי קונדיטוריית,IL,פתי בר שוקו אסם 500,גרמים,500.00,100 גרם,false,,12.90,0.0258,true,1,1406966
7290000074184,false,ביסקוויט פתי בר אסם 500 גרם,"אסם השקעות בע""\מ",IL,פתי בר קלאסי אסם 500,גרמים,500.00,100 גרם,false,,10.90,0.0218,true,1,1406967
7290000074245,false,אוסם - קרם קרקר אסם 250 גרם,"אסם השקעות בע""\מ",IL,אסם קרם קרקר 250 גרם,גרמים,250.00,100 גרם,false,,9.90,0.0396,true,1,1406968
7290000074276,false,קרקר פיקנטי טבעון 250 ג' אסם,"אסם השקעות בע""\מ",IL,קרקר פיקנטי אסם 250,גרמים,250.00,100 גרם,false,,9.90,0.0396,true,1,1406970
7290000074696,false,"קרם קרקר 1 ק""ג אוסם","אסם השקעות בע""\מ",IL,"אסם קרם קרקר 1 ק""ג",גרמים,1000.00,100 גרם,false,,24.90,0.0249,true,1,1406974
7290000075204,false,אוסם - לחמית חיטה מלאה 250 גרם,"אסם השקעות בע""\מ",IL,לחמית קרקר מקמח חיטה,גרמים,250.00,100 גרם,false,,9.50,0.0380,true,1,1406981
7290000075693,false,עוגת הבית שמרים בריוש שוקולד אסם 360 גרם,מיוצר עי קונדיטוריית,IL,הבית עוגת שמרים בריו,גרמים,360.00,100 גרם,false,,16.90,0.0469,true,1,1406982
7290000076126,false,אוסם - בייגלה שמיניות קטנות 80 גרם,"אסם השקעות בע""\מ",IL,אסם בייגלה שמיניות ק,גרמים,80.00,100 גרם,false,,3.10,0.0388,true,1,1406983
7290000076133,false,בייגלה שמיניות קטנות עם מלח אסם 400 גרם,"אסם השקעות בע""\מ",IL,בייגלה אסם שמיניה קט,גרמים,400.00,100 גרם,false,,9.90,0.0248,true,1,1406984
7290000076645,false,טוסטעים פת קלויה חיטה מלאה אסם 100 גרם,ון דר מולן האלום,NL,אסם טוסטעים חיטה מלא,גרמים,100.00,100 גרם,false,,10.90,0.1090,true,1,1406985
7290000078762,false,אוסם - חטיפי פריכונים מאורז מלא בטעם דבש 80גר,סנורייס בלגיום אן. ו,GB,חטיפי פריכונים אורז,גרמים,80.00,100 גרם,false,,8.20,0.1025,true,1,1406990
7290000079233,false,קרם קרקר דיאטטי דל נתרן 250 גרם,"אסם תעשיות בע""מ",IL,אסם קרם קרקר דל נתרן,גרמים,250.00,100 גרם,false,,10.90,0.0436,true,1,1406991
7290000080758,false,אוסם - טוסטעים פת קלוי 100 גרם,ון דר מולן האלום,NL,אסם טוסטעים 100 גרם,גרמים,100.00,100 גרם,false,,10.90,0.1090,true,1,1406993
7290000080765,false,טוסטעים פת קלויה עם שומשום אסם 100 גרם,ון דר מולן האלום,NL,אסם טוסטעים עם שומשו,גרמים,100.00,100 גרם,false,,10.90,0.1090,true,1,1406994
7290000085180,false,גטניו פתי בר וניל 470 גרם,"אחים גטניו בע""מ",IL,גטניו פתי בר 470 גרם,גרמים,470.00,100 גרם,false,,10.90,0.0232,true,1,1413152
7290000089199,false,מקסיקני חריפה בלוק,,,מקסיקני חריפה בלוק,קילוגרמים,1.00,"ק""ג",true,,49.90,49.9000,true,1,1419703
7290000089274,false,נקניק מעושן מעדנייה,,,גבינה מעושנת נקניק,קילוגרמים,1.00,"ק""ג",true,,49.90,49.9000,true,1,1419704
7290000089380,false,צהובה שום שמיר במשקל,,,שום שמיר בלוק,קילוגרמים,1.00,"ק""ג",true,,49.90,49.9000,true,1,1419705
7290000100792,false,שקית גופיה שוויצריה,,,שקית גופיה שוויצריה,יחידה,1.00,יחידה,false,,0.10,0.1000,true,1,1429528
7290000104218,false,סנפרוסט במיה 600 גרם,"איי, בי, אינבוו",IL,במיה סנפרוסט 600 גרם,גרמים,600.00,100 גרם,false,,15.90,0.0265,true,1,1431670
7290000104676,false,אפונה קפואה סנפרוסט 800 גרם,"איי, בי, אינבוו",IL,אפונת גינה סנפרוסט 8,גרמים,800.00,100 גרם,false,,17.90,0.0224,true,1,1411737
7290000104713,false,פול ירוק סנפרוסט 800 גרם,"איי, בי, אינבוו",IL,תרד סנפרוסט 800 גרם,גרמים,800.00,100 גרם,false,,23.90,0.0299,true,1,1411740
7290000104744,false,כרובית סנפרוסט 800 גרם,"סנפרוסט בע""\מ",IL,כרובית 800 גרם סנפרו,גרמים,800.00,100 גרם,false,,24.90,0.0311,true,1,1411743
7290000107295,false,תפרחות ברוקולי סנפרוסט 800 גרם,"איי, בי, אינבוו",IL,תפרחות ברוקולי סנפרו,גרמים,800.00,100 גרם,false,,24.90,0.0311,true,1,1411753
7290000110844,false,"כיפלי בטעם גריל 70 גרם-בד""ץ",יוניליור ישראל מזון,IL,חטיף כיפלי בטעם גריל,גרמים,70.00,100 גרם,false,,5.60,0.0800,true,1,1409589
7290000110851,false,"כיפלי בטעם בצל 70 גרם-בד""ץ",יוניליוור מזון,IL,חטיף כיפלי בטעם בצל,גרמים,70.00,100 גרם,false,,5.60,0.0800,true,1,1409590
7290000111384,false,חרדל אמיתי בצנצנת 550 ג' תלמה,יוניליוור ישראל מזו,IL,חרדל תלמה 550 גרם,גרמים,250.00,100 גרם,false,,9.90,0.0396,true,1,1409596
7290000112220,false,טחינה גולמית שומשום טהור בארכה 500 גרם,"רושדי תעשיות מזון בע""\מ",IL,טחינה גולמית 100% בא,גרמים,500.00,100 גרם,false,,13.90,0.0278,true,1,1406997
7290000112619,false,מרק עוף לתיבול והעשרה קנור 400 ג',יוניליוור ישראל מזון בע\,IL,קנור מרק עוף אמיתי 4,גרמים,400.00,100 גרם,false,,19.90,0.0497,true,1,1409600
7290000116204,false,"אבקת מרק דגש בטעם עוף 1ק""ג קנור",יוניליוור ישראל מזון בע\,IL,מרק דגש קילו חתם סופ,גרמים,1000.00,100 גרם,false,,13.90,0.0139,true,1,1409606
7290000130255,false,קמח מצה 500 גר בשקית פסח,מצות אביב 2014 מאפה בעמ,IL,קמח מצות 500 גרם,גרמים,500.00,100 גרם,false,,6.90,0.0138,true,1,1439777
7290000135052,false,"XL TEN משקה אנרגיה מנגו ללא סוכר 250 מ""ל","טמפו משקאות בע""\מ",IL,משקה אנרגיה מוגז בטע,מיליליטרים,250.00,"100 מ""ל",false,,4.80,0.0192,true,1,1410648
7290000135324,false,פיראוס בולגרית מעודנ,,,בולגרית פיראוס 5% תנ,קילוגרמים,1.00,"ק""ג",true,,49.00,49.0000,true,1,1420991
7290000136158,false,פפסי מקס משקה מוגז דל קלוריות בטעם קולה,"טמפו משקאות בע""\מ",IL,פפסי מקס 1.5 ליטר,מיליליטרים,1500.00,"100 מ""ל",false,,7.80,0.0052,true,1,1437969
7290000136172,false,סבן אפ בקבוק 1.5 ליט,"טמפו משקאות בע""\מ",IL,סבן אפ 1.5 ליטר,מיליליטרים,1500.00,"100 מ""ל",false,,7.80,0.0052,true,1,1437971
7290000136189,false,סבן אף דיאט 1.5 ליטר בודד,"טמפו משקאות בע""\ם.",IL,דיאט סבן אפ 1.5 ליטר,מיליליטרים,1500.00,"100 מ""ל",false,,7.20,0.0048,true,1,1437972
7290000136295,false,"סירופ בטעם פטל ג'ויסר סיידר הגליל 330 מ""ל","טמפו משקאות בע""\מ",IL,סירופ בטעם פטל סיידר,מיליליטרים,330.00,"100 מ""ל",false,,16.90,0.0512,true,1,1440038
7290000136646,false,בירה נשר מאלט ללא אלכוהול 1.5 ליטר,"טמפו משקאות בע""\מ",IL,בירה שחורה נשר מאלט,מיליליטרים,1500.00,"100 מ""ל",false,,9.20,0.0061,true,1,1438191
7290000136684,false,פפסי מקס משקה מוגז דל קלוריות בטעם קולה,טמפו,IL,פפסי מקס 1.5 ליטר,מיליליטרים,1500.00,"100 מ""ל",false,,7.80,0.0052,true,1,1438491
7290000136790,false,שישיית מי סודה טמפו 1.5 ליטר,"טמפו משקאות בע""\מ",IL,מי סודה במארז טמפו 6,מיליליטרים,9000.00,"100 מ""ל",false,,17.70,0.0020,true,1,1437989
7290000136851,false,סבן אפ פיקדון 1.5 ליטר,טמפו,IL,סבן אפ 1.5 ליטר,מיליליטרים,1500.00,"100 מ""ל",false,,7.80,0.0052,true,1,1438493
7290000136936,false,סבן אפ דיאט בקבוק 1.,טמפו,IL,דיאט סבן אפ 1.5 ליטר,מיליליטרים,1500.00,"100 מ""ל",false,,7.20,0.0048,true,1,1438494
7290000137513,false,גלידונית גלידה וניל בציפוי שוקולד 60 יח' קרמיסימו,"גלידת שטראוס בע""\מ, רחוב",IL,קרמיסימו גלידונית ונ,יחידה,60.00,יחידה,false,,43.90,0.7317,true,1,1416776
7290000139227,false,דגן לבן משפחתי 150 גר' אשבול,אשבל מזון פונקציונלי,IL,דגן תירס תפוח מתוק 1,גרמים,150.00,100 גרם,false,,8.90,0.0593,true,1,1418896
7290000144474,false,שמן עץ הזית קנולה 1 ליטר בריאות מהטבע,שמן תעשיות בעמ,EE,שמן קנולה בריאות עץ,מיליליטרים,1000.00,"100 מ""ל",false,,15.90,0.0159,true,1,1413155
7290000146645,false,הוואי - סבון מוצק שחור מסתורי 100 גרם רביעייה,טרופיקל דגיל קוסמטיק,IL,הוואי סבון מוצק שחור,גרמים,400.00,100 גרם,false,,11.90,0.0298,true,1,1414930
7290000150956,false,עוף טוב מקלוני קבנוס 160 גרם,מוצרי עוף טוב (2001) בע\,IL,מקלוני קבנוס 160 גרם,גרמים,160.00,100 גרם,false,,11.90,0.0744,true,1,1407000
7290000168173,false,"ברנפלקס קרנצ'ים תלמה בד""ץ 375 גרם",יוניליור ישראל מזון,IL,ברנפלקס קרנצ'ים תלמה,גרמים,375.00,100 גרם,false,,20.90,0.0557,true,1,1409666
7290000169798,false,"עוגי מופחת סוכר 20% פצפוצי שוקו' 500ג' בד""צ",יוניליוור ישראל מזון בע\,IL,עוגי תלמה 500 גרם,גרמים,500.00,100 גרם,false,,19.90,0.0398,true,1,1409672
7290000174723,false,שוקולית אבקה להכנת משקה שוקו 500 גרם,הנסיך- מפעל לייצור ט,IL,שוקולית קופסא עלית 5,גרמים,500.00,100 גרם,false,,11.90,0.0238,true,1,1416451
7290000175777,false,איבריקו ויליפוד31%,,,גבינת איבריקו,קילוגרמים,1.00,"ק""ג",true,,109.00,109.0000,true,1,1421793
7290000176079,false,קפה עלית טורקי עם הל 100 גרם,הנסיך- מפעל לייצור ט,IL,קפה טורקי עם הל 100,גרמים,100.00,100 גרם,false,,8.90,0.0890,true,1,1416453
7290000176147,false,קפה לפילטר קלוי וטחון מוקה מספר 1 עלית 500 גרם,ELITE CAFE SP. ZO.O,PL,קפה לפילטר 500 גרם,גרמים,500.00,100 גרם,false,,49.90,0.0998,true,1,1433733
7290000176420,false,קפה נמס פחית עלית 200 גרם,שטראוס קפה בי.וי,IL,קפה נמס עלית 200 גרם,גרמים,200.00,100 גרם,false,,19.90,0.0995,true,1,1416455
7290000176468,false,קפה נמס נטול קפאין 50 ג' קפה האג,"איי, בי, אינבוו",IL,קפה נמס נטול האג עלי,גרמים,50.00,100 גרם,false,,10.90,0.2180,true,1,1416456
7290000178707,false,תפוצ'יפס בטעם טבעי 50 גרם,"שטראוס פריטו ליי בע""\מ )",IL,תפוציפס טבעי 50 גרם,גרמים,50.00,100 גרם,false,,4.00,0.0800,true,1,1406130
7290000178721,false,תפוצ'יפס בטעם טבעי 200 גרם,"שטראוס פריטו ליי בע""\מ )",IL,תפוציפס 200 גרם,גרמים,200.00,100 גרם,false,,10.90,0.0545,true,1,1406131
7290000207162,false,רוטב עגבניות מרכיב טבעי 100 ג' יכין,"זנלכל בע""\מ",IL,רוטב עגבניות יכין 22,גרמים,100.00,100 גרם,false,,2.50,0.0250,true,1,1414587
7290000208114,false,"אפונה וגזר יכין A2 פ""ק בית יוסף","זנלכל בע""\מ",IL,אפונה וגזר יכין 550,גרמים,335.00,100 גרם,false,,8.50,0.0254,true,1,1409532
7290000208213,false,שעועית לבנה אפויה A2 ברוטב עגבניות יכין 560ג',היינץ צפון אמריקה מק,IL,שעועית לבנה רוטב עגב,גרמים,355.00,100 גרם,false,,8.90,0.0251,true,1,1414557
7290000208329,false,גרעיני תירס מתוק 550 גרם יכין,"זנלכל בע""\מ",IL,גרעיני תירס מתוק יכי,גרמים,335.00,100 גרם,false,,8.50,0.0254,true,1,1409536
7290000208336,false,רסק יכין 240גר 22% יכין בית יוסף,"זנלכל בע""\מ",IL,יכין רוטב עגבניות 26,גרמים,260.00,100 גרם,false,,4.50,0.0173,true,1,1427733
7290000208428,false,גרגרי חומוס שלם 550 גרם יכין,"זנלכל בע""\מ",IL,חומוס שלם יכין 550 ג,גרמים,550.00,100 גרם,false,,8.90,0.0162,true,1,1414558
7290000208893,false,גרעיני תירס מתוק לייט 400 גרם יכין,היינץ צפון אמריקה מק,IL,גרעיני תירס לייט יכי,גרמים,246.00,100 גרם,false,,6.90,0.0280,true,1,1427734
7290000208947,false,עגבניות מרוסקות יכין 260 גרם,היינץ צפון אמריקה מק,IL,עגבניות מרוסקות יכין,גרמים,260.00,100 גרם,false,,6.50,0.0250,true,1,1409542
7290000209043,false,מיץ לימון לתיבול יכין 1 ליטר,היינץ צפון אמריקה מק,IL,מיץ לימון משומר יכין,מיליליטרים,1000.00,"100 מ""ל",false,,6.90,0.0069,true,1,1409544
7290000209388,false,תירס מתוק לייט יכין 200 גרם מארז 3 יח',"זנלכל בע""\מ",IL,תירס לייט יכין 3 * 1,גרמים,369.00,100 גרם,false,,14.90,0.0404,true,1,1427736
7290000209722,false,רסק עגבניות 28% פריכוז 580 גרם יכין,"זנלכל בע""\מ",IL,רוטב עגבניות פריכוז,גרמים,580.00,100 גרם,false,,10.90,0.0188,true,1,1409555
7290000209951,false,רוטב עגבניות לפיצה 260 גרם יכין,"זנלכל בע""\מ",IL,רוטב עגבניות לפיצה י,גרמים,260.00,100 גרם,false,,6.50,0.0250,true,1,1427738
7290000211169,false,"אורז תאילנדי אחד אחד סוגת 1 ק""ג",האי נאם סי או אל.טי.,IL,אורז תאילנדי סוגת 1,גרמים,1000.00,100 גרם,false,,6.90,0.0069,true,1,1413156
7290000211312,false,סוגת אורז מלא פרסי אחד אחד 1 קג,האי נאם סי או אל.טי.,IL,אורז מלא ארוך סוגת 1,גרמים,1000.00,100 גרם,false,,8.90,0.0089,true,1,1413157
7290000211442,false,"סוגת אורז פרסי קלאסי שקית 1 ק""ג",האי נאם סי או אל.טי.,IL,אורז פרסי קלאסי סוגת,גרמים,1000.00,100 גרם,false,,10.90,0.0109,true,1,1413158
7290000211503,false,סוכר לבן ארוז בשקית,"סוגת תעשיות בע""\מ",IL,"סוכר לבן נייר 1 ק""ג",גרמים,1000.00,100 גרם,false,,4.50,0.0045,true,1,1413159
7290000211985,false,"סוגת אורז עגול ריזוטו 1 ק""ג","סוגת תעשיות בע""\מ",IL,אורז לבן עגול סוגת 1,גרמים,1000.00,100 גרם,false,,9.90,0.0099,true,1,1413160
7290000225278,false,סיימן מסוג דנבלו 27%,,,דנאבלו נטו,קילוגרמים,1.00,"ק""ג",true,,59.90,59.9000,true,1,1427898
7290000229123,false,פסטרמה הודו על גחלים,,,פסטרמה הודו על גחלים,גרמים,400.00,100 גרם,false,,27.90,0.0697,true,1,1411703
7290000238029,false,"בצק עלים צרפתי מרודד מעדנות 1 ק""ג",מיוצר עי קונדיטוריית,IL,בצק עלים צרפתי מרודד,גרמים,1000.00,100 גרם,false,,21.90,0.0219,true,1,1411754
7290000253220,false,שוקולד צ'יפס חום אופנהיימר 260 גר',אופנהיימר,IL,שוקולד צ'יפס חום 260,גרמים,260.00,100 גרם,false,,11.90,0.0458,true,1,1406637
7290000253244,false,מרציפן נקי אופנהיימר 86 גר,אחים מזרחי,IL,מרציפן 86 גרם,גרמים,86.00,100 גרם,false,,8.90,0.1035,true,1,1406638
7290000253374,false,מיני שוקולד צ'יפס 250 גרם- 66% מוצקי קקאו,אופנהיימר,IL,מיני שוקולד צ'יפס או,גרמים,250.00,100 גרם,false,,14.90,0.0596,true,1,1434820
7290000253503,false,מרציפן מצופה שוקולד מריר 40 ג',אחים מזרחי,IL,מרציפן מצופה שוקולד,גרמים,40.00,100 גרם,false,,3.90,0.0975,true,1,1406640
7290000253732,false,מרציפן מצופה שוקולד אופנהיימר 86 גר,אופנהיימר,IL,מרציפן מצופה שוקולד,גרמים,86.00,100 גרם,false,,8.90,0.1035,true,1,1406641
7290000256180,false,גאודה הולנדית,,,גאודה הולנדית,קילוגרמים,1.00,"ק""ג",true,,79.90,79.9000,true,1,1419526
7290000256197,false,גאודה עיזים הולנדית,,,"גאודה עיזים 4.5 ק""ג",קילוגרמים,1.00,"ק""ג",true,,99.00,99.0000,true,1,1429070
7290000261017,false,כרעיים עוף ארוז קפוא,,,כרעיים עוף ארוז קפוא,קילוגרמים,1.00,"ק""ג",true,,24.90,24.9000,true,1,1428304
7290000261018,false,חזה עוף ארוז קפוא חת,,,חזה עוף ארוז קפוא חת,קילוגרמים,1.00,"ק""ג",true,,23.90,23.9000,true,1,1428305
7290000261019,false,כנפיים עוף ארוז קפוא,,,כנפיים עוף ארוז קפוא,קילוגרמים,1.00,"ק""ג",true,,7.90,7.9000,true,1,1428306
7290000261020,false,שוקיים עוף ארוז קפוא,,,שוקיים עוף ארוז קפוא,קילוגרמים,1.00,"ק""ג",true,,23.90,23.9000,true,1,1428307
7290000261021,false,ירכיים עוף ארוז קפוא,,,ירכיים עוף ארוז קפוא,קילוגרמים,1.00,"ק""ג",true,,21.90,21.9000,true,1,1428308
7290000272696,false,עסיס מיץ לימון טבעי משומר 1 ל' אסם,בית-השיטה עסיס תעשיות מז,IL,מיץ לימון משומר מרכז,מיליליטרים,1000.00,"100 מ""ל",false,,9.90,0.0099,true,1,1407016
7290000272726,false,חומץ רכיבים רכיבים טבעיים 5% עסיס 1 ליטר,בית-השיטה עסיס תעשיות מז,IL,חומץ טבעי 5% עסיס 1,מיליליטרים,1000.00,"100 מ""ל",false,,6.90,0.0069,true,1,1407017
7290000274832,false,כבד עוף ארוז קפוא שק,,,כבד עוף ארוז קפוא שק,קילוגרמים,1.00,"ק""ג",true,,9.90,9.9000,true,1,1428322
7290000277064,false,גבינה צהובה ריץ,,,גבינה צהובה ריץ,קילוגרמים,1.00,"ק""ג",true,,36.90,36.9000,true,1,1408897
7290000292687,false,סנובון מוצק לניקוי אסלה קלאסיק כחול סנו 3 יחידות,מיוצר עי קונדיטוריית,IL,סנובון כחול לניקוי ה,גרמים,165.00,100 גרם,false,,16.90,0.1024,true,1,1410061
7290000311128,false,מן עוגיות בטעם חמאה 300 גרם*נ.ל.פ,תות ממתקי איכות,IL,עוגיות בטעם חמאה פרו,גרמים,300.00,100 גרם,false,,7.90,0.0263,true,1,1418993
7290000311180,false,ופל ופליתעשיריות מן 250 גרם מארז 10 יחידות,"רוקחמן בע""מ",IL,וופל מן עוגיות 250 ג,יחידה,20.00,יחידה,false,,8.50,0.4250,true,1,1418996
7290000311203,false,"וופלים בטעם שוקולד ""מן"" 200 גרם",תות ממתקי איכות,IL,וופלים בטעם שוקולד מ,גרמים,200.00,100 גרם,false,,5.50,0.0275,true,1,1413161
7290000311210,false,"וופלים בטעם לימון ""מן"" 200 גרם","רוקחמן בע""מ",IL,ופל לימון מן 200 גרם,גרמים,200.00,100 גרם,false,,5.50,0.0275,true,1,1413162
7290000311227,false,"וופלים במילוי קרם קפה ""מן"" 200 גרם","רוקחמן בע""מ",IL,וופלים עם קפה מן 200,גרמים,200.00,100 גרם,false,,5.50,0.0275,true,1,1418997
7290000311425,false,ופל מצופה עשיריות מן 220 גרם מארז 10 יחידות,תות ממתקי איכות,IL,ופל מצופה אישי מן 10,גרמים,220.00,100 גרם,false,,8.90,0.0405,true,1,1413163
7290000311432,false,עוגיות גרנולה קינמון ללא תוספת סוכר 200ג,"רוקחמן בע""מ",IL,עוגיות גרנולה קינמון,גרמים,200.00,100 גרם,false,,11.90,0.0595,true,1,1441379
7290000311463,false,מן עוגיות חיטה מלאה חמאה ללא סוכר 200 גרם,"רוקחמן בע""מ",IL,עוגיות חיטה מלאה חמא,גרמים,200.00,100 גרם,false,,11.90,0.0595,true,1,1441380
7290000311500,false,מן וופלים בטעם שוקולד 500 ג-נ.ל.פ,"רוקחמן בע""מ",IL,ופלים שוקולד מן 500,גרמים,500.00,100 גרם,false,,9.90,0.0198,true,1,1419005
7290000311708,false,מן עוגיות מחיטה מלאה 300 גרם*נ.ל.פ,תות ממתקי איכות,IL,עוגיות חיטה מלאה מן,גרמים,300.00,100 גרם,false,,7.90,0.0263,true,1,1419007
7290000311715,false,מן עוגיות כוכבים בטעם שוקולד 300 גרם*נ.ל.פ,תות ממתקי איכות,IL,עוגיות כוכבים בטעם ש,גרמים,300.00,100 גרם,false,,7.90,0.0263,true,1,1419008
7290000311722,false,"עוגיות בטעם וניל עם כוכבים ""מן"" 300 גרם",תות ממתקי איכות,IL,עוגיות כוכבים מן 300,גרמים,300.00,100 גרם,false,,7.90,0.0263,true,1,1419009
7290000311845,false,מן עוגיות חיטה מלאה ללא תוספת סוכר 200 ג,"רוקחמן בע""מ",IL,עוגיות חיטה מלאה ללא,גרמים,200.00,100 גרם,false,,11.90,0.0595,true,1,1419012
7290000311869,false,מן-וופלים בטעם שוק ללא תוספת סוכר 180ג,תות ממתקי איכות,IL,ופלים בטעם שוקולד לל,גרמים,180.00,100 גרם,false,,9.90,0.0550,true,1,1419013
7290000311876,false,מן-וופלים בטעם וניל ללא תוספת סוכר 180ג,"רוקחמן בע""מ",IL,ופלים בטעם וניל ללא,גרמים,180.00,100 גרם,false,,9.90,0.0550,true,1,1419014
7290000311883,false,עוגיות גרנולה ללא תוספת סוכר מן 200 גרם,תות ממתקי איכות,IL,עוגיות גרנולה ללא תו,גרמים,200.00,100 גרם,false,,11.90,0.0595,true,1,1419015
7290000313160,false,זהבה ושלושת הדובים עוגיות בטעם שוקולד אסם 350 גרם,"הגביע מוצרי וופלים בע""\מ",IL,עוגיות זהבה ושלושת ה,גרמים,250.00,100 גרם,false,,7.90,0.0316,true,1,1407025
7290000318127,false,"נקניקיות ביס 380 גרם ""יחיעם""",מעדני יחיעם 1993,IL,נקניקיות ביס ללא גלו,גרמים,380.00,100 גרם,false,,11.90,0.0313,true,1,1414514
7290000318806,false,סלמי סרוולד אמיתי במשקל,מעדני יחיעם,IL,סלמי סרוולט,קילוגרמים,1.00,"ק""ג",true,,129.90,129.9000,true,1,1414505
7290000319131,false,נקניקיות עוף יחיעם 400 גרם,מעדני יחיעם 1993,IL,נקניקיות עוף ללא גלו,גרמים,400.00,100 גרם,false,,11.90,0.0298,true,1,1414521
7290000340500,false,סלרי חתוך,,,סלרי חתוך,יחידה,1.00,יחידה,false,,5.90,5.9000,true,1,1420910
7290000343018,false,סולוגוני,,,סולוגוני,קילוגרמים,1.00,"ק""ג",true,,59.90,59.9000,true,1,1419493
7290000343032,false,גבינה עיראקית,,,גבינה עיראקית,קילוגרמים,1.00,"ק""ג",true,,49.90,49.9000,true,1,1419494
7290000343094,false,_גבינה צפתית 5%,,,_גבינה צפתית 5%,קילוגרמים,1.00,"ק""ג",true,,34.90,34.9000,true,1,1419496
7290000343117,false,גבינת קש,,,גבינת קש,קילוגרמים,1.00,"ק""ג",true,,34.90,34.9000,true,1,1419497
7290000345208,false,תה כחול קלאסיק ויסוצקי 25 יחידות,תה ויסוצקי,IL,תה קלאסיק מעודן ויסו,יחידה,25.00,יחידה,false,,7.40,0.2960,true,1,1406642
7290000345277,false,תה קלאסיק מעטפות ויסוצקי 50 יחידות,מולינו ניקולי s.p.a,IL,תה קלאסיק מעטפות ויס,יחידה,50.00,יחידה,false,,12.90,0.2580,true,1,1406644
7290000345284,false,תה ויסוצקי קלאסי אריזה ירוקה מרובעת (100 שקיקים),מולינו ניקולי s.p.a,IL,תה קלאסי טעם עשיר וי,יחידה,100.00,יחידה,false,,16.90,0.1690,true,1,1406645
7290000345291,false,תה ארל גריי ויסוצקי 25 יחידות,תה ויסוצקי,IL,תה ארל גריי ויסוצקי,יחידה,25.00,יחידה,false,,15.90,0.6360,true,1,1406646
7290000346137,false,חליטת הילולי פירות הגן הקסום ויסוצקי 25 יחידות,תה ויסוצקי,IL,חליטת הילולי פירות ה,יחידה,25.00,יחידה,false,,17.90,0.7160,true,1,1406648
7290000346205,false,חליטת קמומיל הגן הקסום ויסוצקי 25 יחידות,תה ויסוצקי,IL,חליטת גן קסום קמומיל,יחידה,25.00,יחידה,false,,17.90,0.7160,true,1,1406650
7290000347738,false,תה ירוק נענע ויסוצקי 25 יחידות,תה ויסוצקי,IL,תה ירוק נענע ויסוצקי,יחידה,25.00,יחידה,false,,24.90,0.9960,true,1,1406654
7290000347752,false,תה ירוק לימונית ולואיזה 25 שקיקים *1.5 ג'' ויסוצקי,תה ויסוצקי,IL,תה ירוק לימונית ולוא,יחידה,25.00,יחידה,false,,24.90,0.9960,true,1,1406655
7290000356222,false,הרינג דונאי גדול,,,הרינג דונאי גדול,קילוגרמים,1.00,"ק""ג",true,,26.90,26.9000,true,1,1420192
7290000356258,false,מקרל מעושן בינוני,,,מקרל מעושן בינוני,קילוגרמים,1.00,"ק""ג",true,,54.90,54.9000,true,1,1420194
7290000356418,false,פילה הרינג בשמן,,,פילה הרינג בשמן,קילוגרמים,1.00,"ק""ג",true,,48.90,48.9000,true,1,1420197
7290000356425,false,פילה הרינג בסגנון מט,,,פילה הרינג בסגנון מט,קילוגרמים,1.00,"ק""ג",true,,48.90,48.9000,true,1,1420198
7290000356432,false,פרוונסל,,,פרוונסל,קילוגרמים,1.00,"ק""ג",true,,48.90,48.9000,true,1,1420199
7290000356630,false,פילה הרינג כבוש,,,פילה הרינג כבוש,קילוגרמים,1.00,"ק""ג",true,,49.90,49.9000,true,1,1420201
7290000356951,false,פילה סלמון פרוס בעיש,,,סלמון מעושן פרוס למס,קילוגרמים,1.00,"ק""ג",true,,199.90,199.9000,true,1,1420203
7290000364858,false,"נקניקיות עוף טרי טירת צבי 1 ק""ג",הנסיך- מפעל לייצור ט,IL,"נקנ' עוף טרי 1 ק""ג",קילוגרמים,1.00,"ק""ג",false,,23.90,23.9000,true,1,1430013
7290000364872,false,נקניקיות עוף טירת צבי 400 גרם,טיב טירת צבי 2000,IL,נקניקיות עוף 400 גרם,גרמים,400.00,100 גרם,false,,11.90,0.0298,true,1,1411713
7290000369617,false,מעדן כדורי פטה בשמן מתובל ניצן 230 גרם,גבינות אמיר ניצן בעמ,IL,מעדן כדורי פטה בשמן,גרמים,230.00,100 גרם,false,,16.90,0.0735,true,1,1419970
7290000369709,false,חמאה עירונית בתוספת ריחן ושום טרי גבינות ניצן 100 גרם,גבינות אמיר ניצן בעמ,IL,חמאה עירונית בתוספת,גרמים,100.00,100 גרם,false,,12.90,0.1290,true,1,1419971
7290000370123,false,מעדניה- גבינת עיזים,,,מעדניה- גבינת עיזים,קילוגרמים,1.00,"ק""ג",true,,125.00,125.0000,true,1,1423702
7290000370475,false,מעדניה - גבינה כחולה,,,מעדניה - גבינה כחולה,קילוגרמים,1.00,"ק""ג",true,,109.00,109.0000,true,1,1433135
7290000370543,false,גבינת מנצ'גו מחלב כב,,,גבינת מנצ'גו מחלב כב,קילוגרמים,1.00,"ק""ג",true,,99.90,99.9000,true,1,1433802
7290000370604,false,גבינת עיזים חלב ישרא,,,גבינת עיזים חלב ישרא,קילוגרמים,1.00,"ק""ג",true,,109.00,109.0000,true,1,1433808
7290000408316,false,יוגורט דנונה דל לקטוז 200 גרם,מיוצר עי קונדיטוריית,IL,יוגורט דנונה ביו 3%,גרמים,200.00,100 גרם,false,,3.70,0.0185,true,1,1405578
7290000408354,false,יוגורט עם אורז מצופה שוקולד קקאו 175 ג' דנונה,"שטראוס בריאות בע""\מ",IL,דנונה בר פצפוצים 173,גרמים,173.00,100 גרם,false,,4.60,0.0266,true,1,1405579
7290000416021,false,ממרח בטעם שוקולד השחר חלבי 500,השחר העולה,IL,ממרח שוקולד השחר 500,גרמים,500.00,100 גרם,false,,13.90,0.0278,true,1,1413164
7290000416618,false,"ממרח שוקולד פרווה השחר 400 גרם כשל""פ",השחר העולה תעשייות מ,IL,שוקולד השחר פרווה 40,גרמים,400.00,100 גרם,false,,12.90,0.0323,true,1,1413165
7290000419107,false,לנדוור קפה מקורי לבוקר טחון טורקי 100 גרם,קפה לנדוור בע''מ,IL,קפה שחור לנדוור המקו,גרמים,100.00,100 גרם,false,,8.90,0.0890,true,1,1407036
7290000420325,false,"פופסטאר פופקורן למקירוגל בטעם טבעי 5 שקיות,500 גרם",פרסטון פארמס,US,פופקורן טבעי למיקרוג,יחידה,5.00,יחידה,false,,13.90,2.7800,true,1,1410381
7290000420332,false,פופסטאר פופקורן למיקרוגל בטעם חמאה 5 יחידות 500 גרם,פרסטון פארמס,US,פופקורן חמאה למיקרוג,יחידה,5.00,יחידה,false,,13.90,2.7800,true,1,1410382
7290000435213,false,"עדשים דרזה משמחים 20 גרכשל""פ חת""ס",הנמל,IL,כשלפ משמחים עדשים מי,גרמים,20.00,100 גרם,false,,1.50,0.0750,true,1,1419243
7290000453866,false,נטורינה תחליף מרגרינה לבישול ואפיה קוקוס שמרית 200 גרם,גרונבאנג- גרונדנסק א,DK,נטורינה קוקוס לאפייה,גרמים,200.00,100 גרם,false,,8.50,0.0425,true,1,1405582
7290000461700,false,בייגלה שמיניות גדולות מלוחות 400 גרם,בייגל את בייגל מזון 198),IL,בייגלה שמיניות גדולו,גרמים,400.00,100 גרם,false,,11.90,0.0298,true,1,1409685
7290000461724,false,בייגלה שמיניות גדולות שומשום בייגל בייגל,יוניליוור מזון,IL,בייגלה שמיניות גדולו,גרמים,400.00,100 גרם,false,,11.90,0.0298,true,1,1409686
7290000462141,false,סחוג אדום תימני מקורי חריף מאוד זהבי 150 גרם,קריניסה ויטמין אס אי,IL,זחוק תימני אדום חריף,גרמים,150.00,100 גרם,false,,7.90,0.0527,true,1,1405587
7290000467320,false,מלך החומוס אבו מרוואן 400 גרם,סלטי צבר,IL,סלט חומוס אבו מרוואן,גרמים,400.00,100 גרם,false,,13.90,0.0348,true,1,1407045
7290000467511,false,ביסלי חטיף ברביקיו אסם 55 ג',"אסם השקעות בע""מ",IL,ביסלי ברביקיו 55 גרם,גרמים,55.00,100 גרם,false,,3.90,0.0709,true,1,1407046
7290000467887,false,ביסלי בטעם פיצה 55 גרם אסם,"אסם השקעות בע""מ",IL,ביסלי פיצה 55 גרם,גרמים,55.00,100 גרם,false,,3.90,0.0709,true,1,1407047
7290000468747,false,ביסלי חטיף גריל אסם 55 ג',"אסם השקעות בע""מ",IL,ביסלי גריל 55 גרם,גרמים,55.00,100 גרם,false,,3.90,0.0709,true,1,1407048
7290000468877,false,ביסלי בטעם בצל 55 גרם אסם,"אסם השקעות בע""מ",IL,ביסלי בצל 55 גרם,גרמים,55.00,100 גרם,false,,3.90,0.0709,true,1,1407049
7290000474373,false,"שמנת חמוצה 15% שומן 200 מ""ל טרה",קריות זול,IL,שמנת חמוצה לבישול וא,מיליליטרים,200.00,"100 מ""ל",false,,2.40,0.0120,true,1,1413589
7290000474502,false,גבינה לבנה טרה 5% מרכיבים טבעיים,הפריט בפיקוח,IL,גבינה לבנה 5% טרה 25,גרמים,250.00,100 גרם,false,,4.98,0.0199,true,1,1413591
7290000474540,false,טוב טעם גבינה לבנה 3% טרה 250 גרם,קריות זול,IL,גבינה לבנה חצי קשה 3,גרמים,250.00,100 גרם,false,,11.70,0.0468,true,1,1413592
7290000480107,false,קוואקר שיבולת שועל פחית 500 גרם,וולקרס סנקס לימיטד,GB,שיבולת שועל הולנדי ק,גרמים,500.00,100 גרם,false,,13.90,0.0278,true,1,1406132
7290000480442,false,קוואקר שיבולת שועל בשקית 500 גרם,פריטו ליי FRITO-LAY,IL,קוואקר שיבולת שועל ש,גרמים,500.00,100 גרם,false,,12.80,0.0256,true,1,1406133
7290000484747,false,עראק עלית 700 מל 40% כהל,יקב הגליל יוסף גולד ובניו,IL,"ערק עלית הארק 700 מ""",מיליליטרים,700.00,"100 מ""ל",false,,59.90,0.0856,true,1,1413135
7290000484747,false,עראק עלית 700 מל 40% כהל,יקב הגליל יוסף גולד ובניו,IL,"ערק עלית הארק 700 מ""",מיליליטרים,700.00,"100 מ""ל",false,,59.90,0.0856,true,1,1413166
7290000493183,false,אבקת רוטב פטריות לבשר-30 גרם,"אסם השקעות בע""\מ",IL,אסם אבקת רוטב פטריות,גרמים,30.00,100 גרם,false,,4.00,0.1333,true,1,1407051
7290000504025,false,ממתיק סוכרזית פטרייה עלית 300 גרם,אף.סי תבליני בגליל ב,IL,סוכרזית קלאסי פטרייה,יחידה,300.00,יחידה,false,,8.90,0.0297,true,1,1416465
7290000504278,false,ממתיק סוכרזית אריזת פטנט 700 טבליות,אף.סי תבליני בגליל ב,IL,סוכרזית קלאסי פטנט 7,יחידה,700.00,יחידה,false,,14.90,0.0213,true,1,1416466
7290000511229,false,מעדניה-בולגרית חלקה,,,מעדניה-בולגרית חלקה,קילוגרמים,1.00,"ק""ג",true,,46.90,46.9000,true,1,1420995
7290000511236,false,מעדניה-בולגרית חלקה,,,מעדניה-בולגרית חלקה,קילוגרמים,1.00,"ק""ג",true,,46.90,46.9000,true,1,1420996
7290000511250,false,_שמנת שום שמיר 30%,,,_שמנת שום שמיר 30%,קילוגרמים,1.00,"ק""ג",true,,39.90,39.9000,true,1,1417155
7290000521008,false,יין אדום יבש של סגל750מל,"כרמי צבי - אחים סגל בע""\",IL,יין אדום יבש יקבי סג,מיליליטרים,750.00,"100 מ""ל",false,,21.90,0.0292,true,1,1410663
7290000523125,false,מלח הארץ הים האדום 250 ג' עדין,"חברת מלח הארץ אילת בע""\מ",IL,מלח ים יבש מלח הארץ,גרמים,250.00,100 גרם,false,,5.90,0.0236,true,1,1406613
7290000523125,false,מלח הארץ הים האדום 250 ג' עדין,"חברת מלח הארץ אילת בע""\מ",IL,מלח ים יבש מלח הארץ,גרמים,250.00,100 גרם,false,,5.90,0.0236,true,1,1406657
7290000523224,false,מלח הארץ הים האדום 500 ג' עדין,"חברת מלח הארץ אילת בע""\מ",IL,מלח ים דק מלח הארץ 5,גרמים,500.00,100 גרם,false,,7.90,0.0158,true,1,1406658
7290000525969,false,מיץ תפוזים סחוט רכיבים טבעיים פרימור 1 ליטר,"גניר (1992) בע""מ",IL,מיץ תפוזים סחוט פרי,מיליליטרים,1000.00,"100 מ""ל",false,,16.20,0.0162,true,1,1405593
7290000530024,false,נקניק תה מעושן רחב במשקל,זוגלובק,IL,נקניק תה מעושן,קילוגרמים,1.00,"ק""ג",true,,44.90,44.9000,true,1,1415271
7290000530062,false,נקניק מעושן איטלקי במשקל,זוגלובק,IL,נקניק מעושן איטלקי,קילוגרמים,1.00,"ק""ג",true,,69.90,69.9000,true,1,1415273
7290000530086,false,נקניק סלמי מעושן זוגלובק 600 גרם,נקניק נהריה כשר זוגל,IL,סלמי מעושן 7000 600,גרמים,600.00,100 גרם,false,,29.90,0.0498,true,1,1415286
7290000530260,false,נקניק מרטדלה רחב במשקל,זוגלובק,IL,נקניק מורטודלה -טבעי,קילוגרמים,1.00,"ק""ג",true,,29.90,29.9000,true,1,1415275
7290000534718,false,חזה הודו תבור דל שומן מש,זוגלובק,IL,פסט' תבור חזה מעושן,קילוגרמים,1.00,"ק""ג",true,,69.90,69.9000,true,1,1415278
7290000537566,false,נקניקיות עוף טרי 400 ג' זוגלובק,נקניק נהריה כשר זוגל,IL,נקניקיות עוף זוגלובק,גרמים,400.00,100 גרם,false,,12.90,0.0323,true,1,1415297
7290000538372,false,נקניק קוניאק אקסטרה,זוגלובק,IL,נקניק קוניאק,קילוגרמים,1.00,"ק""ג",true,,49.90,49.9000,true,1,1421278
7290000538709,false,נקניק סלמי תה מעושן זוגלובק 200 גרם,זוגלובק,IL,תה מעושן זוגלובק 200,גרמים,200.00,100 גרם,false,,14.90,0.0745,true,1,1415298
7290000552569,false,סטייקבורגר בקר טיבון ויל 400 גרם,"טיבון ויל אחזקות בע""\מ",IL,סטייק בורגר 400 גרם,גרמים,400.00,100 גרם,false,,19.90,0.0497,true,1,1408980
7290000554402,false,מעדן חלב מלבי גד 160 גרם,"מיוצר ע""\י קוד יצרן EDNK",IL,מעדן חלב מלבי גד 160,גרמים,160.00,100 גרם,false,,5.50,0.0344,true,1,1413746
7290000554457,false,גבינה צפתית 5% 350 גרם - רבנות,"מחלבות גד בע""\מ",IL,גבינה צפתית 5% גד 35,גרמים,350.00,100 גרם,false,,21.90,0.0626,true,1,1413747
7290000554532,false,גבינה צפתית מעודנת במלח ים 5% 200 ג' גד,הנסיך- מפעל לייצור ט,IL,צפתית מעודנת 5% מחלב,גרמים,200.00,100 גרם,false,,14.60,0.0730,true,1,1413749
7290000554624,false,ירח מתוק מעדן חלב עם אורז 3% גד 150 גרם,"מיוצר ע""\י קוד יצרן EDNK",IL,מעדן ירח מתוק 3% 150,גרמים,150.00,100 גרם,false,,5.90,0.0393,true,1,1413751
7290000554815,false,מוצרלה נקניק 22% במשקל,מחלבות גד,IL,מוצרלה נקניק טבעי גד,קילוגרמים,1.00,"ק""ג",true,,69.00,69.0000,true,1,1413743
7290000554822,false,ריקוטה גבינה לבנה בסגנון איטלקי 5% גד 250 גרם,מחלבות גד בעמ,IL,ריקוטה 5% 250 גרם,גרמים,250.00,100 גרם,false,,14.90,0.0596,true,1,1413753
7290000554839,false,מסקרפונה שמנת מתוקה קשה בסגנון איטלקי 40% גד 250 גרם,מחלבות גד בעמ,IL,גבינת מסקרפונה 40% ג,גרמים,250.00,100 גרם,false,,19.90,0.0796,true,1,1413754
7290000572208,false,חלוה בטעם וניל אחווה 100 גרם,שוורצקוף& הנקל דיסלד,IL,חלווה אחווה 100 גרם,גרמים,100.00,100 גרם,false,,2.90,0.0290,true,1,1413167
7290000572222,false,חלווה בלוק וניל אחוה 500 גרם,שוורצקוף& הנקל דיסלד,IL,חלווה 500 גרם אחווה,גרמים,500.00,100 גרם,false,,11.90,0.0238,true,1,1410450
7290000572529,false,חלוה עם פיסטוק אחווה 400 גרם,אחדות ביחר לטחינה חל,IL,חלוה פיסטוק 400 גרם,גרמים,400.00,100 גרם,false,,14.90,0.0373,true,1,1413169
7290000572536,false,אחווה חלווה ווניל במגש 400 גר,אחדות ביחר לטחינה חל,IL,חלוה מגש וניל 400 גר,גרמים,400.00,100 גרם,false,,12.90,0.0323,true,1,1413170
7290000572543,false,חלוה בטעם שוקו וניל אחווה 400 גרם,אחדות ביחר לטחינה חל,IL,חלווה שיש 400 גרם במ,גרמים,400.00,100 גרם,false,,12.90,0.0323,true,1,1413171
7290000572628,false,חטיפי חלווה ללא סוכר בקופסא 250 גרם,שוורצקוף& הנקל דיסלד,IL,חטיפי חלווה ללא תוספ,גרמים,275.00,100 גרם,false,,13.50,0.0491,true,1,1413172
7290000602226,false,ביצים חופש לארג 12יח,,,ביצי חופש גדולות L ת,יחידה,12.00,יחידה,false,,21.90,1.8250,true,1,1439776
7290000604022,false,ביצים גדולות L תנובה 12 יחידות,ביצי תנובה,,12 ביצים L גדול,יחידה,12.00,יחידה,false,,12.05,1.0042,true,1,1411840
7290000604022,false,ביצים גדולות L תנובה 12 יחידות,ביצי תנובה,,12 ביצים L גדול,יחידה,12.00,יחידה,false,,12.05,1.0042,true,1,1428808
7290000625607,false,גבינת חריץ סקנדינבית,,,גבינת חריץ סקנדינבית,קילוגרמים,1.00,"ק""ג",true,,75.00,75.0000,true,1,1411352
7290000639246,false,פסטרמה איטלקית,,,פסטרמה איטלקית,קילוגרמים,1.00,"ק""ג",true,,69.90,69.9000,true,1,1415282
7290000654546,false,פילה אמנון 7-9 100% דג תנובה,תנובה,IL,פילה אמנון קפוא 7-9,קילוגרמים,1.00,"ק""ג",true,,36.90,36.9000,true,1,1440056
7290000654935,false,שיפודי פרגית קפוא אר,,,שיפודי פרגיות אורז ק,קילוגרמים,1.00,"ק""ג",true,,49.90,49.9000,true,1,1429331
7290000670140,false,פטה רכה,,,פטה רכה,קילוגרמים,1.00,"ק""ג",true,,29.90,29.9000,true,1,1419715
7290000688466,false,מים מינרלים פקק ספור,מופק ממקור בזלתי עדן,IL,מים מינרלים פקק ספור,מיליליטרים,750.00,"100 מ""ל",false,,5.70,0.0076,true,1,1441475
7290000688732,false,שישיית מי עדן 1.5 ליטר משפחתי,"מופק ממקור בזלתי עדן ,1",IL,מים מינרליים מי עדן,מיליליטרים,9000.00,"100 מ""ל",false,,14.70,0.0016,true,1,1407557
7290000692227,false,נוזל כלים פלמוליב צילינדר קלאסי 1 ליטר,יבואן ומשווק: ש. שסט,GR,נוזל לניקוי כלים 18%,מיליליטרים,1000.00,"100 מ""ל",false,,14.50,0.0145,true,1,1414174
7290000725600,false,גבינת חריץ סקנדינבית,,,גבינת חריץ סקנדינבית,קילוגרמים,1.00,"ק""ג",true,,75.00,75.0000,true,1,1420992
7290000770147,false,פטה רכה,,,פטה רכה,קילוגרמים,1.00,"ק""ג",true,,29.90,29.9000,true,1,1433278
7290000837350,false,קרם צ'יז,,,קרם צ'יז,קילוגרמים,1.00,"ק""ג",true,,54.90,54.9000,true,1,1419717
7290000837633,false,פרמזן דנוגס,,,פרמזן דזוגס,קילוגרמים,1.00,"ק""ג",true,,79.90,79.9000,true,1,1419718
7290000861278,false,_גבינה שמנת טבעי 30%,,,_גבינה שמנת טבעי 30%,קילוגרמים,1.00,"ק""ג",true,,39.90,39.9000,true,1,1417157
7290000861315,false,מעדניה-גבינה לאבנה ט,,,מעדניה-גבינה לאבנה ט,קילוגרמים,1.00,"ק""ג",true,,42.00,42.0000,true,1,1421668
7290000861377,false,גבינה בולגרית למריחה,,,גבינה בולגרית למריחה,קילוגרמים,1.00,"ק""ג",true,,48.90,48.9000,true,1,1422615
7290000900566,false,פסטרמה ברביקיו דלת-ש,,,פסטרמה ברביקיו דלת-ש,גרמים,360.00,100 גרם,false,,25.90,0.0719,true,1,1411722
7290001121054,false,צמד חמד פסטרמה וסלמי יחיעם 700 גרם,תאי פרזידנט פוד פאבל,IL,צמד חמד 700 גר,גרמים,700.00,100 גרם,false,,24.90,0.0356,true,1,1414527
7290001179291,false,צלחת 9' קרם (25 יח'),,,צלחת 9' קרם (25 יח'),יחידה,25.00,יחידה,false,,12.90,0.5160,true,1,1415617
7290001199244,false,"סלט כרוב במלח 1 ק""ג",סלטי עמים ברדה,IL,"סלט כרוב במלח 1 ק""ג",גרמים,1000.00,100 גרם,false,,16.90,0.0169,true,1,1419946
7290001199404,false,"כרוב במלח עם חמוציות 1 ק""ג",סלטי עמים ברדה,,סלט כרוב במלח עם חמו,קילוגרמים,1.00,"ק""ג",false,,15.90,15.9000,true,1,1419948
7290001199459,false,סלט כרוב במלח עם תפו,סלטי עמים ברדה,,סלט כרוב במלח עם תפו,קילוגרמים,1.00,"ק""ג",false,,15.90,15.9000,true,1,1419950
7290001247082,false,מיץ עגבניות רכיבים טבעיים ספרינג 1 ליטר,יפאורה שותפות מובגלת לשיווק,IL,ספרינג קרטוניות עגבנ,מיליליטרים,1000.00,"100 מ""ל",false,,6.50,0.0065,true,1,1407559
7290001247099,false,קרטונית נקטר ספרינג מנגו 1 ליטר,יפאורה שותפות מובגלת לשיווק,IL,קרטוניות ספרינג מנגו,מיליליטרים,1000.00,"100 מ""ל",false,,6.80,0.0068,true,1,1407560
7290001247112,false,קרטונית נקטר ספרינג לימונענע 1 ליטר,יפאורה שותפות מובגלת לשיווק,IL,ספרינג קרטוניות לימו,מיליליטרים,1000.00,"100 מ""ל",false,,6.80,0.0068,true,1,1407562
7290001247129,false,נקטר ספרינג תפוזים קרטונית 1 ל',יפאורה שותפות מובגלת לשיווק,IL,ספרינג קרטוניות תפוז,מיליליטרים,1000.00,"100 מ""ל",false,,6.80,0.0068,true,1,1407563
7290001247143,false,קרטונית נקטר ספרינג תפוחים 1 ליטר,יפאורה שותפות מובגלת לשיווק,IL,נקטר תפוחים בקרטון ס,מיליליטרים,1000.00,"100 מ""ל",false,,6.80,0.0068,true,1,1407564
7290001274200,false,שלגון אבטיח על מקל פלדמן,,IL,שלגון אבטיח על מקל,גרמים,100.00,100 גרם,false,,5.90,0.0590,true,1,1440210
7290001274279,false,שלגון גלית תות חלבי פלדמן,,,שלגון גלית תות חלבי,גרמים,75.00,100 גרם,false,,4.90,0.0653,true,1,1440213
7290001274941,false,"שמיניית גלידל פרי פטל ""פלדמן""",הגלידות של פלדמן,IL,גלידל פרי פטל (8),גרמים,640.00,100 גרם,false,,24.90,0.0389,true,1,1440093
7290001302194,false,ביסלי בטעם פלאפל 55 גרם אסם,"אסם השקעות בע""מ",IL,ביסלי פלאפל אסם 55 ג,גרמים,55.00,100 גרם,false,,3.90,0.0709,true,1,1407054
7290001302279,false,אוסם - במבה קלאסי 60 גרם,מיוצר עי קונדיטוריית,IL,במבה קלאסי 60 גרם,גרמים,60.00,100 גרם,false,,4.30,0.0717,true,1,1407055
7290001327180,false,שטראוס קרמיסימו וניל ציפ 1.33 ליטר,"גלידת שטראוס בע""\מ, רחוב",IL,גלידת קרמיסימו 1.33,מיליליטרים,1330.00,"100 מ""ל",false,,18.90,0.0142,true,1,1416778
7290001327791,false,גלידת קרמיסימו וניל עוגיות חלבי,"גלידת שטראוס בע""\מ, רחוב",IL,גלידת קרמיסימו1.33 ל,מיליליטרים,1330.00,"100 מ""ל",false,,18.90,0.0142,true,1,1416781
7290001343845,false,"גרנולה פירות 1 ק""ג - 845 - ורוד שקדיה",הנסיך- מפעל לייצור ט,IL,"גרנולה פירות 1ק""ג",קילוגרמים,1.00,"ק""ג",false,,19.90,19.9000,true,1,1411222
7290001407844,false,חלבה קלאסית בטעם וניל בארכה 350 גרם,"רושדי תעשיות מזון בע""\מ",IL,בארכה חלבה קלאסית בט,גרמים,350.00,100 גרם,false,,14.90,0.0426,true,1,1407062
7290001419618,false,וופל בלגי עלמה שחור לבן וניל 200ג',"גילרו בע""מ",IL,ופלים בסגנון בלגי בט,גרמים,200.00,100 גרם,false,,3.50,0.0175,true,1,1419503
7290001419779,false,"וופל קלאסי בטעם שוקולד ""עלמה"" 200 גרם","גילרו בע""מ",IL,ופלים בטעם שוקולד על,גרמים,200.00,100 גרם,false,,3.50,0.0175,true,1,1419504
7290001419892,false,"ופל קלאסי בטעם לימון ""עלמה"" 200 גרם","גילרו בע""מ",IL,ופלים קלאסיים בטעם ל,גרמים,200.00,100 גרם,false,,3.50,0.0175,true,1,1419506
7290001468104,false,מארז גפרורים 10יח,י.ד. יבוא,,גפרורים 10יח',יחידה,10.00,יחידה,false,,3.50,0.3500,true,1,1410256
7290001468319,false,מיץ לימון ליים 200מל,ITAL LEMON,,מיץ לימון משומר 200,מיליליטרים,200.00,"100 מ""ל",false,,4.90,0.0245,true,1,1431573
7290001468708,false,קורנפלור 500 גרם,ר.ס.,,קורנפלור 500 גרם,גרמים,500.00,100 גרם,false,,6.90,0.0138,true,1,1410266
7290001468715,false,אבקת סוכר 100 גרם,ר.ס.,,אבקת סוכר 100גר,גרמים,100.00,100 גרם,false,,2.00,0.0200,true,1,1410267
7290001468852,false,סודה לשתיה 50 גרם בקרטון,ר.ס.,,סודה לשתיה 50 גרם,גרמים,50.00,100 גרם,false,,2.00,0.0400,true,1,1410269
7290001594155,false,"קוקה-קולה בבקבוק אישי 500 מ""ל",החברה המרכזית לייצור משקאות,IL,"קוקה קולה 500 מ""ל",מיליליטרים,500.00,"100 מ""ל",false,,6.50,0.0130,true,1,1413438
7290001594179,false,"פאנטה אורנג' בבקבוק אישי 500 מ""ל",החברה המרכזית לייצור משקאות,IL,"פאנטה אורנג' 500 מ""ל",מיליליטרים,500.00,"100 מ""ל",false,,6.50,0.0130,true,1,1413439
7290001594568,false,"קרלסברג פחית 500 מ""ל פקדון",מבשלות בירה בינלאומיות ב,RO,בירה קרלסברג פחית 50,מיליליטרים,500.00,"100 מ""ל",false,,8.90,0.0178,true,1,1413445
7290001598085,false,לחם משפחתי עם דגנים מקמח מלא,מאפית יוסף בראון,IL,לחם קסטן משפחתי חיטה,גרמים,1000.00,100 גרם,false,,16.90,0.0169,true,1,1420514
7290001598115,false,לחם בריאות מקמח מלא 700 גר,מאפיית יוסף ברון,,לחם חיטה מלאה 700 גר,גרמים,700.00,100 גרם,false,,12.90,0.0184,true,1,1420516
7290001598122,false,לחם מיוחד - צהוב מקמח שיפון וקמח מלא,קונדיטוריית ברון,IL,לחם מיוחד שיפון עם ח,גרמים,700.00,100 גרם,false,,12.90,0.0184,true,1,1420517
7290001598269,false,לחם 7 דגנים קל 36 קל' ללא שמרים550 גר',מאפית יוסף בראון,IL,לחם מחמצת עם דגנים ב,גרמים,550.00,100 גרם,false,,11.90,0.0216,true,1,1441106
7290001598276,false,"לחם 7 דגנים קל מקמח חיטה מלא ללא שמרים 1.1 ק""ג הברון",מאפיית יוסף ברון,IL,לחם קסטן מחמצת עם דג,גרמים,1000.00,100 גרם,false,,16.90,0.0169,true,1,1420522
7290001648155,false,קפה שחור רג'ואן 100,רוני רג'ואן ושות,IL,קפה שחור רג'ואן 100,גרמים,100.00,100 גרם,false,,5.90,0.0590,true,1,1408332
7290001817377,false,צ'יטוס חטיף איקס עיגול פיצה 60 גרם,"שטראוס פריטו ליי בע""\מ )",IL,ציטוס איקס עיגול 60,גרמים,60.00,100 גרם,false,,3.50,0.0583,true,1,1406134
7290001817728,false,צ'יטוס אפוי כאפה בטעם קטשופ 55 גרם,"שטראוס פריטו ליי בע""\מ )",IL,ציטוס כאפה 55 גרם,גרמים,55.00,100 גרם,false,,3.50,0.0636,true,1,1406136
7290001990148,false,"סוכר גולדן קלאסי בצנצנת סוגת 1 ק""ג",האי נאם סי או אל.טי.,IL,סוכר גולדן קלאסי בצנ,קילוגרמים,1.00,"ק""ג",false,,12.90,12.9000,true,1,1406438
7290002019787,false,רוטב עגבניות מרוכז מאוד 260 גרם פריניר,פריניר ( הדס 1987) ב,IL,פריניר רוטב עגבניות,גרמים,260.00,100 גרם,false,,3.90,0.0150,true,1,1413177
7290002019794,false,רוטב עגבניות מרוכז מאוד 100 גרם פריניר,פריניר ( הדס 1987) ב,IL,רסק עגבניות פריניר 1,גרמים,100.00,100 גרם,false,,1.90,0.0190,true,1,1413178
7290002022152,false,מרשמלו ורוד לבן וסטהיים 100ג36X שקיות בקרטון,מנדלז סי.אר. פרודקשן,IL,מרשמלו מושי 100 גרם,גרמים,100.00,100 גרם,false,,3.90,0.0390,true,1,1407938
7290002043072,false,אקסטרה פריכיות אורז חום מלא בציפוי שוקולד חלב 70 גרם,נוהלס ג'\י אס סי.,BG,פריכוני אורז חום מלא,גרמים,70.00,100 גרם,false,,9.20,0.1314,true,1,1432747
7290002043218,false,אקסטרה צ'יפס אורז חום מלא מלח 60 גרם,נוהלס ג'\י אס סי.,BG,ציפס אורז חום מלא מל,גרמים,60.00,100 גרם,false,,7.20,0.1200,true,1,1432752
7290002043225,false,אקסטרה צ'יפס אורז חום מלא פפריקה 60 גרם,נוהלס ג'\י אס סי.,BG,ציפס אורז חום מלא פפ,גרמים,60.00,100 גרם,false,,7.20,0.1200,true,1,1432753
7290002043782,false,אקסטרה צ'יפס אורז חום מלא טקסס ברביקיו 60 גרם,נוהלס ג'\י אס סי.,BG,ציפס אורז חום מלא טק,גרמים,60.00,100 גרם,false,,7.20,0.1200,true,1,1432754
7290002057017,false,זיתים נובו ענק A2 יבנה 330ג',שיוך למחסן 17,IL,זיתים נובו ענק יבנה,גרמים,540.00,100 גרם,false,,9.90,0.0183,true,1,1431696
7290002057031,false,זיתים מבוקעים פיקנטי קבוצת יבנה 340 גרם,קבוצת יבנה,IL,זיתים מבוקעים פיקנטי,גרמים,560.00,100 גרם,false,,8.90,0.0159,true,1,1431697
7290002057048,false,זית סורי מתובל בשמן קבוצת יבנה 560 גרם,קבוצת יבנה,IL,זית סורי מבוקע 540 ג,גרמים,540.00,100 גרם,false,,10.90,0.0202,true,1,1413179
7290002057123,false,זיתים ירוקים מנזנילו קבוצת יבנה 560 גרם,קבוצת יבנה,IL,זית חרוזית ירוק 275,גרמים,275.00,100 גרם,false,,9.50,0.0345,true,1,1413180
7290002057376,false,מלפפונים במלח ‏17‏-‏13‏ קבוצת יבנה 320 גרם,קבוצת יבנה,IL,מלפפון קטן במלח 540,גרמים,540.00,100 גרם,false,,9.90,0.0183,true,1,1413187
7290002057383,false,מלפפונים במלח ‏25‏-‏18‏ קבוצת יבנה 320 גרם,קבוצת יבנה,IL,מלפפון קטן במלח 18-2,גרמים,540.00,100 גרם,false,,12.90,0.0239,true,1,1413188
7290002057451,false,מלפפונים בחומץ ‏9‏-‏7 קבוצת יבנה 290 גרם,קבוצת יבנה מוצרי מזון,IL,מלפפון גדול בחומץ 7-,גרמים,540.00,100 גרם,false,,6.90,0.0128,true,1,1413189
7290002057468,false,מלפפונים בחומץ בינוני קבוצת יבנה 560 גרם,קבוצת יבנה,IL,מלפפון בחומץ 10-12 י,גרמים,290.00,100 גרם,false,,7.90,0.0272,true,1,1413190
7290002057475,false,מלפפונים בחומץ ‏17‏-‏13 קבוצת יבנה 290 גרם,קבוצת יבנה,IL,מלפפון קטן בחומץ 13-,גרמים,560.00,100 גרם,false,,9.90,0.0177,true,1,1413191
7290002057604,false,פלפל חריף שיפקה קבוצת יבנה 225 גרם.,קבוצת יבנה,IL,פלפל חריף שיפקה 225,גרמים,225.00,100 גרם,false,,5.90,0.0262,true,1,1413193
7290002057628,false,טבעות זיתים מושחר קבוצת יבנה 275 גרם,קבוצת יבנה,IL,זיתים מושחרים טבעות,גרמים,540.00,100 גרם,false,,9.90,0.0183,true,1,1431699
7290002057734,false,זיתים חרוזית מושחר קבוצת יבנה 275 גרם,קבוצת יבנה,IL,זיתים מושחרים ללא גל,גרמים,540.00,100 גרם,false,,8.90,0.0165,true,1,1431700
7290002065555,false,שישיית לחמנייה הכי רכה בהפסקה אנג'ל 450 גרם,מאפיית שלמה א. אנג'\ל בע,IL,הלחמניה - לחמניות רכ,יחידה,6.00,יחידה,false,,11.90,1.9833,true,1,1406758
7290002065555,false,שישיית לחמנייה הכי רכה בהפסקה אנג'ל 450 גרם,מאפיית שלמה א. אנג'\ל בע,IL,הלחמניה - לחמניות רכ,יחידה,6.00,יחידה,false,,11.90,1.9833,true,1,1422666
7290002065616,false,לחם שיפון גרעינים פרוס אחדות 750 גרם,מאפיית שלמה א. אנג'\ל בע,IL,לחם שיפון גרעינים פר,גרמים,750.00,100 גרם,false,,12.90,0.0172,true,1,1406759
7290002075233,false,שוקולד אייסקונפקט 250 גרם,איישטי,DE,בונ' אייסקונפקט שוקו,גרמים,250.00,100 גרם,false,,14.90,0.0596,true,1,1419138
7290002075561,false,סוכ' פיז אבקה בטעם פ,,,סוכ' פיז אבקה בטעם פ,יחידה,1.00,יחידה,false,,1.50,1.5000,true,1,1414443
7290002079477,false,לחם אחיד פרוס דוידוב,מאפיית דוידוביץ ובניו בע,IL,לחם אחיד פרוס 750 גר,גרמים,750.00,100 גרם,false,,6.90,0.0092,true,1,1417485
7290002079477,false,לחם אחיד פרוס דוידוב,מאפיית דוידוביץ ובניו בע,IL,לחם אחיד פרוס 750 גר,גרמים,750.00,100 גרם,false,,6.90,0.0092,true,1,1417495
7290002107385,false,גליל גבינת עיזים מה עז משק צוריאל 180 גרם,מחלבת משק צוריאל,IL,גליל גבינת עיזים מה,גרמים,180.00,100 גרם,false,,21.90,0.1217,true,1,1413598
7290002128205,false,נרות לא נוטפים 45יח-מנורה,,,נרות חנוכה לוקס 45 י,יחידה,45.00,יחידה,false,,6.90,0.1533,true,1,1413196
7290002130567,false,דבש דבורים טהור פרחי בר יד מרדכי 350 גרם,מכוורת יד מרדכי שטראוס ב,IL,דבש טהור יד מרדכי 35,גרמים,350.00,100 גרם,false,,18.90,0.0540,true,1,1416470
7290002130574,false,דבש טהור מפרחי בר בזכוכית 500 ג' יד מרדכי,מכוורת יד מרדכי שטראוס ב,IL,דבש טהור 500 גרם,גרמים,500.00,100 גרם,false,,24.90,0.0498,true,1,1416471
7290002130581,false,"דבש טהור מפרחי בר בזכוכית 1 ק""ג",מכוורת יד מרדכי שטראוס ב,IL,"דבש טהור 1 ק""ג",גרמים,1000.00,100 גרם,false,,42.90,0.0429,true,1,1416472
7290002132011,false,עוגיות מזרחיות מלוחות עבאדי 400 גרם,מאפיית יוסף ושמחה עבאדי,IL,עוגיות מזרחיות עבאדי,גרמים,400.00,100 גרם,false,,19.90,0.0497,true,1,1406662
7290002157182,false,אבקת ג'לטין טהור נטו,גואנגדונג מיניאנג,CN,אבקת ג'לטין טהור נטו,גרמים,28.00,100 גרם,false,,9.90,0.3536,true,1,1429081
7290002157960,false,רביעיית טונה במים ויליגר 140 גרם,ויליגר,IL,רביעיית טונה במים 56,גרמים,560.00,100 גרם,false,,21.90,0.0391,true,1,1439495
7290002190141,false,ריבת חלב קונדיטור 450גרם,Barhan gida sanayi v,IL,ריבת חלב 7% חלבי קונ,גרמים,450.00,100 גרם,false,,13.90,0.0309,true,1,1407773
7290002190516,false,"ריבת חלב גלעם-קומידה 500ג' 12X-כשל""פ",אשבל מזון פונקציונלי בע\,IL,ממרח ריבת חלב קומידה,גרמים,500.00,100 גרם,false,,13.90,0.0278,true,1,1407774
7290002277927,false,מעדניה - פילה אמנון,,,מעדניה - פילה אמנון,קילוגרמים,1.00,"ק""ג",true,,30.90,30.9000,true,1,1431070
7290002281436,false,סטייק דג טונה בהירה קפוא ללא עור,בין דין פישרי ויאטנם,VN,סטייק טונה בהירה,קילוגרמים,1.00,"ק""ג",true,,54.90,54.9000,true,1,1427657
7290002321750,false,"פילה דג אמנון 5-7 בד""ץ/ חת""ס",,IL,מעדניה - פילה אמנון,קילוגרמים,1.00,"ק""ג",true,,30.90,30.9000,true,1,1431071
7290002331025,false,"מים מינרלים נביעות ספורט 500 מ""ל פקדון",נביעות טבע הגליל בעמ,IL,נביעות TO GO 500,מיליליטרים,500.00,"100 מ""ל",false,,3.90,0.0078,true,1,1413450
7290002331322,false,שישיית מים נביעות 1.5 ליטר,נביעות טבע הגליל בעמ,IL,מים מינרילים נביעות,ליטרים,9.00,ליטר,false,,11.90,1.3222,true,1,1413458
7290002345275,false,פילה דג סלמון מעושן 100 גר,,,סלמון מעושן 100 גרם,גרמים,100.00,100 גרם,false,,19.90,0.1990,true,1,1417186
7290002345435,false,פילה מרלוזה ארגנטינאיתקפ,דלידג - נטו,IL,פילה מרלוזה ארגנטינא,קילוגרמים,1.00,"ק""ג",true,,29.90,29.9000,true,1,1434056
7290002360285,false,חליטת צמחים פומפדור קמומיל 20 יחידות,TEEKANNE- POMPADOU,DE,חליטת צמחים קמומיל פ,גרמים,30.00,100 גרם,false,,15.90,0.5300,true,1,1414182
7290002370543,false,גבינת קשה כבשים מנצ',,,גבינת מנצ'גו מחלב כב,קילוגרמים,1.00,"ק""ג",true,,99.90,99.9000,true,1,1433814
7290002370604,false,גבינת עיזים חלב ישרא,,,גבינת עיזים חלב ישרא,קילוגרמים,1.00,"ק""ג",true,,109.00,109.0000,true,1,1433820
7290002370888,false,גבינת פרמז'ן חתוך רמ,,,גבינת פרמז'ן חתוך רמ,קילוגרמים,1.00,"ק""ג",true,,119.00,119.0000,true,1,1439068
7290002371540,false,דקניקים קורנדביף ללא גלוטן טירת צבי 120 גרם,הנסיך- מפעל לייצור ט,IL,קורנדביף 120 גרם טיר,גרמים,120.00,100 גרם,false,,14.90,0.1242,true,1,1411772
7290002404811,false,מיץ תירוש ארזה 750 מ,,,מיץ תירוש ארזה 750 מ,מיליליטרים,750.00,"100 מ""ל",false,,14.90,0.0199,true,1,1438597
7290002511229,false,בולגרית מעודנת 16% במשקל,"מחלבת המושבה בע""מ",IL,מעדניה-בולגרית חלקה,קילוגרמים,1.00,"ק""ג",true,,46.90,46.9000,true,1,1417161
7290002511236,false,בולגרית מעודנת5% במשקל,"מחלבת המושבה בע""מ",IL,מעדניה-בולגרית חלקה,קילוגרמים,1.00,"ק""ג",true,,46.90,46.9000,true,1,1417162
7290002543046,false,קלוגס פרוסטיס דגנים וסוכר 750ג',קלוג מנייופרטורינג א,ES,קלוגס פרוסטיס 750 גר,גרמים,750.00,100 גרם,false,,17.90,0.0239,true,1,1408199
7290002543237,false,דגני בוקר קלוגס קורנפלקס 750 גרם,קלוגס קומפני אוף גרייט ב,GB,קלוגס קורנפלקס 750 ג,גרמים,750.00,100 גרם,false,,14.90,0.0199,true,1,1408200
7290002596677,false,מעדניה - פילה אמנון,,,מעדניה - פילה אמנון,קילוגרמים,1.00,"ק""ג",true,,30.90,30.9000,true,1,1431750
7290002603887,false,קובה מטוגן 600 גר רמי לוי,,,קובה בשר 600 גרם רמי,גרמים,600.00,100 גרם,false,,11.90,0.0198,true,1,1428239
7290002603931,false,מאפה פסטל בשר 600 גר רמי לוי,,,פסטל בשר 600 גרם רמי,גרמים,600.00,100 גרם,false,,11.90,0.0198,true,1,1428242
7290002603986,false,פיצה מרגריטה זוג 640 גרם רמי לוי,,,פיצה מרגריטה רמי לוי,גרמים,640.00,100 גרם,false,,20.90,0.0327,true,1,1440032
7290002610175,false,כרעיים עוף קפוא ארוז חתם סופר,,,כרעיים עוף ארוז קפוא,קילוגרמים,1.00,"ק""ג",true,,24.90,24.9000,true,1,1428328
7290002610182,false,חזה עוף קפוא ארוז חתם סופר,,,חזה עוף ארוז קפוא חת,קילוגרמים,1.00,"ק""ג",true,,23.90,23.9000,true,1,1428329
7290002610199,false,כנפיים עוף קפוא ארוז חתם סופר,,,כנפיים עוף ארוז קפוא,קילוגרמים,1.00,"ק""ג",true,,7.90,7.9000,true,1,1428330
7290002610205,false,שוקיים עוף קפוא ארוז חתם סופר,,,שוקיים עוף ארוז קפוא,קילוגרמים,1.00,"ק""ג",true,,23.90,23.9000,true,1,1428331
7290002610212,false,ירכיים עוף קפוא ארוז חתם סופר,,,ירכיים עוף ארוז קפוא,קילוגרמים,1.00,"ק""ג",true,,21.90,21.9000,true,1,1428332
7290002610830,false,"שיפודי פרגית קפוא ארוז חת""ס",טיבון ויל,IL,שיפודי פרגיות אורז ק,קילוגרמים,1.00,"ק""ג",true,,49.90,49.9000,true,1,1439625
7290002627616,false,פילה אמנון דלידג 7-9,מאומינג שינזו סאיפוד,CN,מעדניה - פילה אמנון,קילוגרמים,1.00,"ק""ג",true,,30.90,30.9000,true,1,1431901
7290002627623,false,מעדניה - פילה אמנון,דלידג,,מעדניה - פילה אמנון,קילוגרמים,1.00,"ק""ג",true,,30.90,30.9000,true,1,1432215
7290002657866,false,"פילה אמנון""דלידג מהדרין",גואנדונג יוג'יה סיפו,IL,מעדניה - פילה אמנון,קילוגרמים,1.00,"ק""ג",true,,30.90,30.9000,true,1,1429361
7290002657866,false,"פילה אמנון""דלידג מהדרין",גואנדונג יוג'יה סיפו,IL,מעדניה - פילה אמנון,קילוגרמים,1.00,"ק""ג",true,,29.90,29.9000,true,1,1431900
7290002735809,false,בצק עלים רמי לוי 1קג,ינון,IL,רמי לוי בצק עלים 1 ק,גרמים,1000.00,100 גרם,false,,12.90,0.0129,true,1,1413820
7290002735823,false,מלווח רמי לוי 700 גרם,ינון,IL,מלווח רמי לוי 700 גר,גרמים,700.00,100 גרם,false,,12.90,0.0184,true,1,1413822
7290002735830,false,בורקס תפוא רמי לוי 800 גרם,ינון,IL,רמי לוי בורקס תפו'א,גרמים,800.00,100 גרם,false,,11.90,0.0149,true,1,1413823
7290002735847,false,בורקס גבינה רמי לוי 800 גרם,ינון,IL,רמי לוי בורקס גבינה,גרמים,800.00,100 גרם,false,,13.90,0.0174,true,1,1413824
7290002735854,false,גחנון אפוי רמי לוי 600 גרם,ינון,IL,רמי לוי ג'חנון אפוי,גרמים,600.00,100 גרם,false,,12.90,0.0215,true,1,1413825
7290002748328,false,כבד עוף ארוז קפוא שק,עוף ירושלים,,כבד עוף ארוז קפוא שק,קילוגרמים,1.00,"ק""ג",true,,9.90,9.9000,true,1,1428346
7290002752332,false,"סוכריות מנטוס פירות בגליל, 37.5 גרם",הדקלאים אגודת שיתופי,NL,סוכריות בגליל בטעם פ,גרמים,37.50,100 גרם,false,,3.50,0.0933,true,1,1412164
7290002752349,false,סוכריות מנטוס מנטה 40יח' בגליל 38ג',פרפטי ואן מלה,NL,מנטוס מנטה 40גלילים,גרמים,37.50,100 גרם,false,,3.50,0.0933,true,1,1412165
7290002752349,false,סוכריות מנטוס מנטה 40יח' בגליל 38ג',פרפטי ואן מלה,NL,סוכריות בגליל בטעם מ,גרמים,37.50,100 גרם,false,,3.50,0.0933,true,1,1423626
7290002769347,false,עוגיות מובחרות בדלי 600 גר' שיווק הזהב,עוגיות הזהב,IL,עוגיות ממולאות בטעם,גרמים,600.00,100 גרם,false,,14.90,0.0248,true,1,1419954
7290002769644,false,עוגת דבש/אגוזים 370 גר' עוגיות הזהב,,,עוגות דבש-תפוחים/אגו,גרמים,370.00,100 גרם,false,,6.90,0.0186,true,1,1419958
7290002769675,false,עוגת מאפינס פרג 450 גר',אחווה,IL,עוגת מאפינס ללא תוספ,גרמים,450.00,100 גרם,false,,12.90,0.0287,true,1,1435049
7290002769767,false,קצפות מובחרות אדל חלבי,דין שיווק,IL,"קצפות מובחרות ""אדל""",יחידה,1.00,יחידה,false,,37.90,37.9000,true,1,1431877
7290002769910,false,עוגיות מיוחדות ללא סוכר 300 גר',מאפיית ישראל חיפה,IL,עוגיות ללא תוספת סוכ,גרמים,350.00,100 גרם,false,,10.90,0.0311,true,1,1431110
7290002771111,false,קפה עם הל אל נחלה 250 גרם,מולינו ניקולי s.p.a,IL,קפה עם הל אל נחלה 25,גרמים,250.00,100 גרם,false,,16.90,0.0676,true,1,1431932
7290002771128,false,קפה אלנח'לה בלי הל 250 ג',מולינו ניקולי s.p.a,IL,קפה אל נחלה 250 גרם,גרמים,250.00,100 גרם,false,,16.90,0.0676,true,1,1431933
7290002824183,false,"גבינה לבנה סקי 500 גרם 5% ""שטראוס"" -מוצר בפיקוח",מיוצר עי קונדיטוריית,IL,גבינה לבנה סקי 5% 50,גרמים,500.00,100 גרם,false,,9.95,0.0199,true,1,1405600
7290002824466,false,יוגורט דנונה ביו לבן 0% שומן 200 גרם,"שטראוס בריאות בע""\מ",IL,דנונה ביו 0% 200 גרם,גרמים,200.00,100 גרם,false,,3.70,0.0185,true,1,1405601
7290002824640,false,"גבינת סקי 250 גרם 5% ""שטראוס"" -מוצר בפיקוח",מיוצר עי קונדיטוריית,IL,גבינה לבנה סקי 5% שט,גרמים,250.00,100 גרם,false,,4.98,0.0199,true,1,1405602
7290002825722,false,סלט כרוב אדום אחלה 500 גרם,מיוצר עי קונדיטוריית,IL,כרוב סגול במיונז 500,גרמים,575.00,100 גרם,false,,13.80,0.0240,true,1,1405603
7290002868996,false,"קוטג' 5% שומן, רכיבים טבעיים, 250 גרם",קריות זול,IL,גבינת קוטג' מועשר 5%,גרמים,250.00,100 גרם,false,,5.50,0.0220,true,1,1413601
7290002879633,false,וופל בלגי אמיתי רזיט 550 גרם,אן.וי ביסקוויטרי טיז,BE,וופל בלגי מאפה מתוק,גרמים,550.00,100 גרם,false,,25.90,0.0471,true,1,1436606
7290002881018,false,מעדן תות שדה סאן מורנו 284 גרם,קריות זול,,קונפ' סן מורנו תות ש,גרמים,284.00,100 גרם,false,,10.90,0.0384,true,1,1407775
7290002881025,false,מעדן דובדבן חמוץ 100% 284 גרם,דוברומירוב,BG,קונפ' סן מורנו דבדבן,גרמים,284.00,100 גרם,false,,10.90,0.0384,true,1,1407776
7290002881032,false,מעדן אוכמניות כחולות 100% 284 גרם,קריות זול,,קונפ' סן מורנו אוכמנ,גרמים,284.00,100 גרם,false,,10.90,0.0384,true,1,1407777
7290002881056,false,סן מורנו מעדן משמש 2,אופאל,,קונפ' סן מורנו משמש,גרמים,284.00,100 גרם,false,,10.90,0.0384,true,1,1407778
7290002881094,false,מעדן פטל 100% פרי ללא תוספת סוכר 284 גרם,קריות זול,IL,מעדן פרי 4 פירות 284,גרמים,284.00,100 גרם,false,,14.90,0.0525,true,1,1407779
7290002881216,false,רסק תפוחי עץ לא ממותק תומר 700 גרם,KONSERVENFABRIEK BALTUSSEN,NL,רסק תפוחי עץ לא ממות,גרמים,720.00,100 גרם,false,,10.90,0.0151,true,1,1407782
7290002881261,false,"ליצ'י שלם 565 גרם ""תומר""",גיבונג אינדסקיאלס,CN,ליצ'י שלמים בסירופ ק,יחידה,0.00,יחידה,false,,10.90,0.0000,true,1,1414600
7290002881551,false,עלי גפן ממולאים באורז תומר 400 גרם,אסמה תורכיה,IL,עלי גפן ממולא תומר 4,גרמים,400.00,100 גרם,false,,8.90,0.0223,true,1,1414605
7290002881803,false,שמן קנולה מזוכך 1 ליטר,,BE,שמן קנולה 1 ליטר תומ,מיליליטרים,1000.00,"100 מ""ל",false,,10.90,0.0109,true,1,1436721
7290002881919,false,פיטריות שמפניון שלמות קטנות תומר 400 גרם,גיבונג אינדסקיאלס,,פטריות שלמות 400 גרם,גרמים,400.00,100 גרם,false,,6.90,0.0173,true,1,1407791
7290002900566,false,פסטרמה ברביקיו דל שומן טירת צבי 400 גרם,הנסיך- מפעל לייצור ט,IL,פסטרמה ברביקיו דלת-ש,גרמים,360.00,100 גרם,false,,25.90,0.0719,true,1,1411723
7290002929109,false,פילה דג ורדון דלידג,,,פילה דג ורדון דלידג,קילוגרמים,1.00,"ק""ג",true,,28.90,28.9000,true,1,1434059
7290002929499,false,מעדניה - פילה אמנון,,,מעדניה - פילה אמנון,קילוגרמים,1.00,"ק""ג",true,,30.90,30.9000,true,1,1431072
7290002971009,false,"קמח חיטה לבן בהיר שטיבל 1 ק""ג",שטיבל טחנות קמח,IL,"קמח לבן שטיבל 1 ק""ג",קילוגרמים,1.00,"ק""ג",false,,4.90,4.9000,true,1,1440330
7290002986652,false,גטניו פתי בר שוקו 470 גרם,"אחים גטניו בע""מ",IL,גטניו פתי בר שוקו 47,גרמים,470.00,100 גרם,false,,10.90,0.0232,true,1,1413202
7290003001064,false,מעדניה - פילה אמנון,,,מעדניה - פילה אמנון,קילוגרמים,1.00,"ק""ג",true,,30.90,30.9000,true,1,1432678
7290003009640,false,מיץ תפוזים סחוט רכיבים טבעיים פריגת 1 ליטר,פריגת מצוננים,IL,מיץ תפוזים פריגת סחו,מיליליטרים,1000.00,"100 מ""ל",false,,16.20,0.0162,true,1,1413469
7290003029181,false,משקה יטבתה שוקו' בקבוק 1ל מהדרין,שטראוס גרופ,IL,שוקו בבקבוק 2% יטבתה,מיליליטרים,1000.00,"100 מ""ל",false,,11.90,0.0119,true,1,1405608
7290003029389,false,"משקה חלב בננה פקק ספורט 250 מ""ל יוטבתה",שטראוס גרופ,IL,משקה חלב בננה 2% פקק,מיליליטרים,250.00,"100 מ""ל",false,,5.50,0.0220,true,1,1405611
7290003029433,false,"משקה יטבתה שוקו פקק 250 מ""ל מהדרין",שטראוס גרופ,IL,שוקו יטבתה 2% פקק יט,גרמים,250.00,100 גרם,false,,5.50,0.0220,true,1,1405612
7290003029532,false,מוקה בבקבוק יטבתה 1 ליטר מהדרין,שטראוס גרופ,IL,משקה מוקה יטבתה 1 לי,מיליליטרים,1000.00,"100 מ""ל",false,,11.90,0.0119,true,1,1405613
7290003029815,false,כד חלב 3% יטבתה 2 ליטר מהדרין,שטראוס גרופ,IL,כד 2 ליטר חלב 3%- מה,מיליליטרים,2000.00,"100 מ""ל",false,,14.90,0.0075,true,1,1405616
7290003054657,false,חרדל ריין דיז'ון אקסטרה פורטה 370 גרם,מרום את קונפינו,FR,חרדל דיזון אקסטרא פו,גרמים,370.00,100 גרם,false,,11.90,0.0322,true,1,1408201
7290003060009,false,"קמח חיטה לבן בהיר טחנות ישראליות 1 ק""ג",טחנות ישראליות,IL,קמח חיטה לבן בהיר 1,גרמים,1000.00,100 גרם,false,,4.50,0.0045,true,1,1413203
7290003060023,false,"סולת חיטה 1 ק""ג מטחנות ישראליות",טחנות ישראליות,IL,"סולת חיטה 1 ק""ג",גרמים,1000.00,100 גרם,false,,5.90,0.0059,true,1,1413204
7290003060030,false,"קמח חיטה מלא רמילוי 1 ק""ג",טחנות ישראליות,IL,"קמח חיטה מלא 1 ק""ג",גרמים,1000.00,100 גרם,false,,6.90,0.0069,true,1,1413205
7290003060047,false,קמח תופח בשקיות טחנות ישראליות,טחנות ישראליות,IL,"קמח תופח 1 ק""ג",גרמים,1000.00,100 גרם,false,,6.50,0.0065,true,1,1413206
7290003066070,false,סברינה ר.כ. עוגיות ה,,,סברינה ר.כ. עוגיות ה,יחידה,1.00,יחידה,false,,12.90,12.9000,true,1,1419959
7290003094400,false,קוויאר פחיות 140 גר,א.ר.ד.י.ו,,קוויאר אדום 140 גרם,גרמים,140.00,100 גרם,false,,44.90,0.3207,true,1,1419173
7290003142675,false,מנטוס מכונת ממתקים 4,פרו מן יו פתרונות אריזה,NL,מנטוס מכונת ממתקים 4,גרמים,400.00,100 גרם,false,,24.90,0.0622,true,1,1440354
7290003143146,false,ממרח תמרים קליית גת 450 גרם,הדקלאים אגודת שיתופי,IL,ממרח תמרים קלית גת 4,גרמים,450.00,100 גרם,false,,5.90,0.0131,true,1,1412321
7290003143382,false,גרדינה פינגרס בצילינדר 50 יח',ליימן מותגים,,ליימן בלון גרדנה מינ,יחידה,50.00,יחידה,false,,1.00,0.0200,true,1,1438714
7290003144419,false,סילאן טבעי קליית גת 710 גרם,"טעמי הגליל בע""\מ",IL,סילאן רכיבים טבעיים,גרמים,710.00,100 גרם,false,,22.90,0.0323,true,1,1412332
7290003212965,false,עוגיות רוגלך הזהב במארז 400 גר',ר.כ עוגיות הזהב,IL,"עוג ""שמרים מובחרות 4",גרמים,400.00,100 גרם,false,,11.90,0.0298,true,1,1419962
7290003215768,false,ביצי חופש גדולות L ת,,,ביצי חופש גדולות L ת,יחידה,12.00,יחידה,false,,21.90,1.8250,true,1,1428892
7290003220380,false,"עוגיות סנדויץ' במילוי קרם שוקולד ""מעדני המלך"" 150 גרם",אחים פפושדו,IL,מעדני המלך סנדוויץ',גרמים,150.00,100 גרם,false,,3.50,0.0233,true,1,1427889
7290003220397,false,"עוגיות סנדויץ' במילוי קרם וניל ""מעדני המלך"" 150 גרם",אחים פפושדו,IL,מעדני המלך סנדוויץ',גרמים,150.00,100 גרם,false,,3.50,0.0233,true,1,1427890
7290003220403,false,מעדני המלך- קרקר מלוח 110 גרם,מגדנית הדר,IL,קרקר מלח מעדני מלך 1,גרמים,110.00,100 גרם,false,,3.20,0.0291,true,1,1437502
7290003220410,false,קרקר שומשום 110 ג' נאפה מעדני מלך,מגדנית הדר,IL,קרקר שומשום מעדני מל,גרמים,110.00,100 גרם,false,,3.20,0.0291,true,1,1437503
7290003220434,false,פתי פר מעדני המלך וניל 110 גרם,מגדנית הדר,IL,פתי בר וניל מעדני מל,גרמים,110.00,100 גרם,false,,2.90,0.0264,true,1,1437504
7290003220441,false,פתי בר מעדני המלך שוקו 110 גרם,מגדנית הדר,IL,פתי בר שוקו מעדני מל,גרמים,110.00,100 גרם,false,,2.90,0.0264,true,1,1437505
7290003220465,false,פתי בר שוקו' מעדני המלך 500 גר',מגדנית הדר,IL,פתי בר שוקו מעדני מל,גרמים,500.00,100 גרם,false,,8.50,0.0170,true,1,1437507
7290003220649,false,שמן שומשום 100% טהור150מ,הו צ'קינג הינג אוי פ,SG,ווק שמן שומשום 100%,מיליליטרים,150.00,"100 מ""ל",false,,14.50,0.0967,true,1,1413210
7290003220786,false,"אטריות אורז ללא גלוטן 5 מ""מ 400 ג' WOK",אסיאן סופירה פודס חב,TH,ווק אטריות אורז עובי,גרמים,400.00,100 גרם,false,,9.90,0.0248,true,1,1413213
7290003220830,false,"WOK חומץ אורז יסמין 500 מ""ל",דיאמונד פריזרוד פודס,TH,ווק חומץ אורז יסמין,מיליליטרים,500.00,"100 מ""ל",false,,14.90,0.0298,true,1,1413214
7290003220977,false,עוגיות חצי ירח מצופה 175 נאפה מעדני מלך,מגדנית הדר,IL,מעדני מלך ביסקוויט י,גרמים,175.00,100 גרם,false,,6.90,0.0394,true,1,1434615
7290003229109,false,פסטרמה הודו בפפריקה טירת צבי 400 גרם,הנסיך- מפעל לייצור ט,IL,א.מ. פסטר' בפפריקה 4,גרמים,400.00,100 גרם,false,,25.90,0.0647,true,1,1411724
7290003229123,false,פסטרמה הודו על גחלים 2% טירת צבי 400 גרם,הנסיך- מפעל לייצור ט,IL,פסטרמה הודו על גחלים,גרמים,400.00,100 גרם,false,,25.90,0.0647,true,1,1411776
7290003229192,false,נקניק כתף בקר מעושן 2% טירת צבי 400 גרם,טיב טירת צבי 2000,IL,נקניק כתף בקר מעושן,גרמים,400.00,100 גרם,false,,34.90,0.0872,true,1,1411778
7290003321155,false,יוגורט בר עם פקאן מצופה שוקולד 183 ג' דנונה,"שטראוס בריאות בע""\מ",IL,דנונה בר פקאן 183 גר,גרמים,183.00,100 גרם,false,,4.60,0.0251,true,1,1405619
7290003400500,false,חטיף הרשי ריזס נאטרייגיס 47 גרם,ליימן מותגים,US,הרשי ריזס נאטרייגס,גרמים,57.00,100 גרם,false,,4.90,0.0860,true,1,1412167
7290003402809,false,חטיף הרשי ריזס שוקולד לבן 39 גר,ליימן מותגים,US,ריזס לבן 39 גרם,גרמים,39.00,100 גרם,false,,4.90,0.1256,true,1,1412168
7290003411689,false,ליפתניות לבן 25 יחידות,הנמל אריזות ושיווק ב,IL,צלחות לפתן לבן 25יח',יחידה,25.00,יחידה,false,,3.50,0.1400,true,1,1409517
7290003423909,false,חטיף קוקיס אנד קרים לבן 43 גרם,ליימן מותגים,US,הרשי חטיף שוקולד לבן,גרמים,45.00,100 גרם,false,,5.00,0.1111,true,1,1412169
7290003438006,false,ממרח אולביה פסטו וצנובר איטלקי 190ג',מיוצר עי קונדיטוריית,IL,ממרח פסטו איטלקי אול,גרמים,180.00,100 גרם,false,,13.90,0.0772,true,1,1408854
7290003444009,false,הרשי ריזס חטיף במילוי בוטנים 42 גרם,ליימן מותגים,US,ריזס שוקולד חלב במיל,גרמים,42.00,100 גרם,false,,4.90,0.1167,true,1,1412170
7290003450602,false,חרדל אמיתי צהוב בקבוק לחיץ 255 גר,היינץ צפון אמריקה מקבוצת ה.י.היינץ,US,חרדל צהוב בבקבוק לחי,גרמים,255.00,100 גרם,false,,8.90,0.0349,true,1,1414445
7290003514007,false,מנה שקדי מרק מנה 400 גרם,מנה Mana,IL,שקדי מרק 400 גרם,גרמים,400.00,100 גרם,false,,9.90,0.0248,true,1,1414196
7290003550753,false,רביעיית טונה בשמן פוסידון 108 גרם,"מיוצר עי וליגר בעמ,",IL,נתחי טונה בהירה בשמן,גרמים,432.00,100 גרם,false,,20.90,0.0484,true,1,1409054
7290003578177,false,תירס צעיר שלם וילי פוד 210 גרם,מגסטיק פוד אידסטרי ק,TH,תירס גמדי 410 גרם,גרמים,410.00,100 גרם,false,,6.90,0.0168,true,1,1408379
7290003578672,false,ויליפוד שמן חמניות 1 ליטר{בית יוסף},וילי פוד,TR,שמן חמניות מזוכך ויל,מיליליטרים,1000.00,"100 מ""ל",false,,13.90,0.0139,true,1,1408385
7290003632442,false,מעדניה - פילה אמנון,,,מעדניה - פילה אמנון,קילוגרמים,1.00,"ק""ג",true,,30.90,30.9000,true,1,1432545
7290003643004,false,"סוגת אורז בסמטי קלאסי 1 ק""ג",האי נאם סי או אל.טי.,IL,אורז בסמטי קלאסי סוג,גרמים,1000.00,100 גרם,false,,13.90,0.0139,true,1,1413218
7290003643387,false,"סוכר לבן בצנצנת 1 ק""ג סוגת",האי נאם סי או אל.טי.,IL,סוכר לבן בצנצנת סוגת,גרמים,1000.00,100 גרם,false,,7.90,0.0079,true,1,1413219
7290003643646,false,"סוכר דמררה קלאסי בצנצנת סוגת 1 ק""ג",האי נאם סי או אל.טי.,IL,סוכר דמררה בצנצנת סו,גרמים,1000.00,100 גרם,false,,12.90,0.0129,true,1,1413220
7290003643684,false,אפונה יבשה סוגת 500 גר',האי נאם סי או אל.טי.,IL,אפונה ירוקה יבשה סוג,גרמים,500.00,100 גרם,false,,6.50,0.0130,true,1,1413221
7290003643714,false,חומוס גרגירים 500 גרם סוגת,האי נאם סי או אל.טי.,IL,חומוס יבש סוגת 500 ג,גרמים,500.00,100 גרם,false,,7.90,0.0158,true,1,1413223
7290003643738,false,סוגת חיטה 500 גרם,האי נאם סי או אל.טי.,IL,חיטה סוגת 500 גרם,גרמים,500.00,100 גרם,false,,5.90,0.0118,true,1,1413224
7290003643745,false,סוגת כוסמת 500 גרם,האי נאם סי או אל.טי.,IL,כוסמת סוגת 500 גרם,גרמים,500.00,100 גרם,false,,7.90,0.0158,true,1,1413225
7290003643752,false,עדשים ירוקים יבש סוגת 500 גר',האי נאם סי או אל.טי.,IL,עדשים ירוקות סוגת 50,גרמים,500.00,100 גרם,false,,7.90,0.0158,true,1,1413226
7290003643769,false,עדשים אדומים יבש סוגת 500 גר',"סוגת תעשיות בע""\מ",IL,עדשים אדומות סוגת 50,גרמים,500.00,100 גרם,false,,7.90,0.0158,true,1,1413227
7290003643776,false,"פופקורן גרעינים סוגת 500 ג' כשל""פ",האי נאם סי או אל.טי.,IL,פופקורן סוגת 500 גרם,גרמים,500.00,100 גרם,false,,5.90,0.0118,true,1,1413228
7290003643806,false,שעועית לבנה יבשה סוגת 500 ג',האי נאם סי או אל.טי.,IL,שעועית לבנה יבשה סוג,גרמים,500.00,100 גרם,false,,11.90,0.0238,true,1,1413230
7290003643813,false,שעועית אדומה יבשה סוגת 500 גר',האי נאם סי או אל.טי.,IL,שעועית אדומה סוגת 50,גרמים,500.00,100 גרם,false,,10.90,0.0218,true,1,1413231
7290003726615,false,"טופו ויילר 300 גרם ""שטראוס""",הדקלאים אגודת שיתופי,IL,טופו ויילר 300 גרם,גרמים,300.00,100 גרם,false,,10.90,0.0363,true,1,1405621
7290003804320,false,תיבולית שום ופטרוזיליה קנור 72 גרם,יוניליוור ישראל מזון בע\,IL,תיבולית שום פטרוזליה,גרמים,72.00,100 גרם,false,,8.90,0.1236,true,1,1409693
7290003805501,false,"פתית בסגנון שוודי תלמה בד""צ 300 גרם",יוניליוור ישראל מזון בע\,IL,פתית שוודי חסכוני 30,גרמים,300.00,100 גרם,false,,14.90,0.0497,true,1,1409701
7290003864485,false,סרדינים ברוטב עגבנ יות ויליפוד 110ג' פתח קל,גולדן פרייז קאנינג א,TH,סרדין ברוטב עגבניות,גרמים,110.00,100 גרם,false,,5.90,0.0536,true,1,1408392
7290003864492,false,סרדינים בשמן צמחי חריף פתח קל ויליפוד 110ג',גולדן פרייז קאנינג א,TH,סרדין בשמן צמחי חריף,גרמים,110.00,100 גרם,false,,5.90,0.0536,true,1,1408393
7290003882922,false,עלי גפן ממולאים באורז וילי פוד 360 גרם,הזה פלאקספו פוד קו ב,CN,עלי גפן ממולא 400 גר,גרמים,400.00,100 גרם,false,,9.50,0.0238,true,1,1408396
7290003893539,false,מעדניה - פילה אמנון,,,מעדניה - פילה אמנון,קילוגרמים,1.00,"ק""ג",true,,30.90,30.9000,true,1,1431073
7290003989096,false,סלט חצילים פיקנטי אחלה 500 גרם,מיוצר עי קונדיטוריית,IL,חציל פיקנטי 500,גרמים,575.00,100 גרם,false,,15.90,0.0277,true,1,1405622
7290003989539,false,לורנצו רביולי במילוי גבינה,מיוצר עי קונדיטוריית,IL,רביולי גבינה 400 גרם,גרמים,400.00,100 גרם,false,,19.90,0.0497,true,1,1405623
7290004034610,false,המבורגר ריב אנטריקוט 360ג רמילוי,,,המבורגר ריב אנטריקוט,גרמים,360.00,100 גרם,false,,25.90,0.0719,true,1,1433633
7290004048518,false,מעדניה - פילה אמנון,,,מעדניה - פילה אמנון,קילוגרמים,1.00,"ק""ג",true,,30.90,30.9000,true,1,1431317
7290004048518,false,מעדניה - פילה אמנון,,,מעדניה - פילה אמנון,קילוגרמים,1.00,"ק""ג",true,,29.90,29.9000,true,1,1431074
7290004048525,false,פילה אמנון דלידג 5-7,דלידג - נטו,IL,מעדניה - פילה אמנון,קילוגרמים,1.00,"ק""ג",true,,30.90,30.9000,true,1,1409065
7290004048532,false,מעדניה - פילה אמנון,,,מעדניה - פילה אמנון,קילוגרמים,1.00,"ק""ג",true,,30.90,30.9000,true,1,1431075
7290004063016,false,"מלח שולחן דק סלית 1 ק""ג בדץ",האי נאם סי או אל.טי.,IL,"מלח שולחן דק 1 ק""ג",גרמים,1000.00,100 גרם,false,,1.90,0.0019,true,1,1413138
7290004063016,false,"מלח שולחן דק סלית 1 ק""ג בדץ",האי נאם סי או אל.טי.,IL,"מלח שולחן דק 1 ק""ג",גרמים,1000.00,100 גרם,false,,1.90,0.0019,true,1,1413232
7290004063115,false,"מלח מטבח עבה להמלחת בשר ובישול 1 ק""ג 1ק""ג",האי נאם סי או אל.טי.,IL,"מלח עבה 1 ק""ג",גרמים,1000.00,100 גרם,false,,1.90,0.0019,true,1,1413139
7290004119225,false,יופלה יוגורט אננס %3 גביע 150 גרם,תנובה מרכז שיתופי לש,IL,יופלה יוגורט אננס %3,מיליליטרים,150.00,"100 מ""ל",false,,5.00,0.0333,true,1,1411439
7290004119973,false,קרלו מעדן שוקו רביעיה גביע 1.5% 125 גרם,תנובה מרכז שיתופי לש,IL,קרלו שוקולד 125 גרם,גרמים,125.00,100 גרם,false,,2.90,0.0232,true,1,1411314
7290004120108,false,יופלה דיאט יוגורט דובדבן %0 גביע 150גרם,תנובה מרכז שיתופי לש,IL,יופלה דיאט יוגורט דו,גרמים,150.00,100 גרם,false,,5.00,0.0333,true,1,1411315
7290004122119,false,פתיתי פרמזן לפסטה 23% השף הלבן 100 גרם,פ.פ.ח. שאביט,IL,פתיתי פרמזן מגורדת 2,גרמים,100.00,100 גרם,false,,12.10,0.1210,true,1,1411320
7290004122119,false,פתיתי פרמזן לפסטה 23% השף הלבן 100 גרם,פ.פ.ח. שאביט,IL,פתיתי פרמזן מגורדת 2,גרמים,100.00,100 גרם,false,,12.10,0.1210,true,1,1429147
7290004122195,false,גוש חלב גבינה צהובה פרוסה 28% תנובה 200 גרם,תנובה חלב,IL,גוש חלב פרוס 200 גרם,גרמים,200.00,100 גרם,false,,13.80,0.0690,true,1,1411455
7290004122270,false,עמק קלאסית פרוסות גבינה חצי קשה 28% 200 גרם,תנובה מרכז שיתופי לש,IL,גבינה עמק פרוס 28% ב,גרמים,200.00,100 גרם,false,,15.90,0.0795,true,1,1411456
7290004122348,false,גבינת עמק לייט פרוס בקופסא 200 גרם,תנובה מרכז שיתופי לש,IL,עמק לייט פרוס 9% 200,גרמים,200.00,100 גרם,false,,16.60,0.0830,true,1,1411457
7290004124205,false,יופלה דיאט יוגורט תות %0 גביע 150 גרם,תנובה מרכז שיתופי לש,IL,יופלה דיאט יוגורט תו,גרמים,150.00,100 גרם,false,,5.00,0.0333,true,1,1411463
7290004125370,false,"שמנת חמוצה 9% מופחתת שומן תנובה 200 מ""ל מהדרין",תנובה מרכז שיתופי לש,IL,שמנת חמוצה 9% תנובה,גרמים,200.00,100 גרם,false,,3.70,0.0185,true,1,1411466
7290004125400,false,"אשל שלי מהדרין 200 מ""ל 4.5% ""תנובה""- מוצר בפיקוח",פארייפאבה אגרואינדוס,IL,שלי אשל 4.5% תנובה 2,מיליליטרים,200.00,"100 מ""ל",false,,1.69,0.0084,true,1,1411467
7290004125417,false,"גיל 3% שלי 200 מ""ל ""תנובה"" -מוצר בפיקוח",תנובה מרכז שיתופי לש,IL,שלי גיל 3% תנובה 200,מיליליטרים,200.00,"100 מ""ל",false,,1.51,0.0076,true,1,1411468
7290004125455,false,"שמנת חמוצה 200 מ""ל 15% ""תנובה"" -מוצר בפיקוח",תנובה מרכז שיתופי לש,IL,שמנת אורגינל 15% תנו,מיליליטרים,200.00,"100 מ""ל",false,,2.40,0.0120,true,1,1411469
7290004125462,false,"שמנת חמוצה 15% תנובה 500 מ""ל מהדרין",תנובה מרכז שיתופי לש,IL,שמנת 500 15%,גרמים,500.00,100 גרם,false,,5.70,0.0114,true,1,1411323
7290004125509,false,"שמנת חמוצה 15% מועשרת תנובה 100 מ""ל",תנובה מרכז שיתופי לש,IL,שמנת חמוצה 15% תנובה,מיליליטרים,100.00,"100 מ""ל",false,,1.70,0.0170,true,1,1411470
7290004125578,false,משקה סויה מעושר בסידן תנובה 1ל',תנובה מרכז שיתופי לש,IL,משקה סויה מועשר בסיד,מיליליטרים,1000.00,"100 מ""ל",false,,10.90,0.0109,true,1,1411471
7290004125585,false,משקה סויה בטעם וניל תנובה 1 ליטר,תנובה מרכז שיתופי לש,IL,משקה סויה בטעם וניל,מיליליטרים,1000.00,"100 מ""ל",false,,10.90,0.0109,true,1,1411472
7290004125721,false,"השף הלבן שמנת עמידה לבישול 15% תנובה 250 מ""ל",תנובה מרכז שיתופי לש,IL,שמנת לבישול 15% השף,מיליליטרים,250.00,"100 מ""ל",false,,8.10,0.0324,true,1,1411474
7290004125738,false,שמנת מתוקה להקצפה32% 250מל עמיד השף הלבן,תנובה מרכז שיתופי לש,IL,שמנת מתוקה להקצפה 32,מיליליטרים,250.00,"100 מ""ל",false,,6.20,0.0248,true,1,1411475
7290004127077,false,קוטג תנובה 3% גביע 250 גרם מהדרין,מיוצר עי קונדיטוריית,IL,גבינת קוטג' 3% תנובה,גרמים,250.00,100 גרם,false,,5.70,0.0228,true,1,1411481
7290004127329,false,קוטג תנובה גביע 250 גרם %5 ו.מהדרין,מיוצר עי קונדיטוריית,IL,גבינת קוטג' 5% תנובה,גרמים,250.00,100 גרם,false,,5.70,0.0228,true,1,1411327
7290004127336,false,קוטג תנובה גביע 250 גרם %9 ו.מהדרין,מיוצר עי קונדיטוריית,IL,גבינת קוטג' 9% תנובה,גרמים,250.00,100 גרם,false,,5.70,0.0228,true,1,1411482
7290004127800,false,"גבינה לבנה 500 גרם 5% ""תנובה"" -מוצר בפיקוח",מיוצר עי קונדיטוריית,IL,גבינה לבנה תנובה 5%,גרמים,500.00,100 גרם,false,,9.95,0.0199,true,1,1411483
7290004127817,false,גבינה לבנה 9% שומן 500 ג' תנובה,מיוצר עי קונדיטוריית,IL,גבינה לבנה תנובה 9%,גרמים,500.00,100 גרם,false,,9.95,0.0199,true,1,1411484
7290004128340,false,קרם גבינת שמנת %5 בטעם טבעי 200 ג' תנובה,תנובה חלב,IL,גבינה שמנת 5% בטעם ט,גרמים,200.00,100 גרם,false,,10.90,0.0545,true,1,1411488
7290004128432,false,פתיתים מיוחדים לפיצה על בסיס גבינה 500 ג',תנובה חלב,IL,פתיתי לפיצה 500 גרם,גרמים,500.00,100 גרם,false,,22.90,0.0458,true,1,1425919
7290004129101,false,גבינת שמנת 25% בטעם טבעי 225 ג' נפוליאון,תנובה מרכז שיתופי לש,IL,גבינת שמנת 25% בטעם,גרמים,225.00,100 גרם,false,,13.90,0.0618,true,1,1438200
7290004129156,false,גבינת שמנת25% עם שום שמיר 225 ג' נפוליאון,תנובה מרכז שיתופי לש,IL,נפוליאון שום שמיר 22,גרמים,225.00,100 גרם,false,,13.90,0.0618,true,1,1411330
7290004130794,false,משקה סויה במתיקות מופחתת תנובה 1 ליטר,תנובה מרכז שיתופי לש,IL,משקה סויה טבעי במתיק,מיליליטרים,1000.00,"100 מ""ל",false,,9.90,0.0099,true,1,1411494
7290004131074,false,"חלב 1 ליטר 3% קרטון ""תנובה""- מוצר בפיקוח",תנובה מרכז שיתופי לש,IL,חלב קרטון 3% תנובה 1,מיליליטרים,1000.00,"100 מ""ל",false,,6.23,0.0062,true,1,1411496
7290004131432,false,יוגורט יופלה לבן ביו 3% 200 גרם,מיוצר עי קונדיטוריית,IL,יופלה לבן 3% גביע 20,גרמים,200.00,100 גרם,false,,4.00,0.0200,true,1,1411336
7290004131456,false,יוגורט ביו 1.5% שומן 200 ג' יופלה,תנובה מרכז שיתופי לש,IL,יופלה לבן 1.5% גביע,גרמים,200.00,100 גרם,false,,4.00,0.0200,true,1,1411337
7290004132552,false,משקה סויה בטעם טבעי לייט תנובה 1 ליטר,תנובה מרכז שיתופי לש,IL,משקה סויה לייט בטעם,מיליליטרים,1000.00,"100 מ""ל",false,,10.90,0.0109,true,1,1411503
7290004132903,false,גבינה לבנה 3% מהדרין תנובה 250 גרם,תנובה מרכז שיתופי לש,IL,גבינה לבנה 3% 250 גר,גרמים,250.00,100 גרם,false,,4.98,0.0199,true,1,1411505
7290004135324,false,פיראוס בולגרית מע5%משקל,תנובה מרכז שיתופי לש,IL,בולגרית פיראוס 5% תנ,קילוגרמים,1.00,"ק""ג",true,,49.00,49.0000,true,1,1411345
7290004136857,false,מעדן גלי פטל תנובה 125 גרם,תנובה מרכז שיתופי לש,IL,ג'לי בטעם פטל 125,גרמים,125.00,100 גרם,false,,2.60,0.0208,true,1,1411520
7290004136864,false,מעדן ג'לי בטעם אננס עם חתיכות תנובה 125 גרם,תנובה חלב,IL,ג'לי אננס עם חתיכות,גרמים,125.00,100 גרם,false,,2.80,0.0224,true,1,1411521
7290004136871,false,מעדן ג'לי בטעם אפרסק עם חתיכות תנובה 125 גרם,תנובה מרכז שיתופי לש,IL,ג'לי אפרסק עם חתיכות,גרמים,125.00,100 גרם,false,,2.80,0.0224,true,1,1411522
7290004137021,false,"שמנת עמידה לבישול מופחת שומן 10% השף הלבן 250 מ""ל",תנובה מרכז שיתופי לש,IL,שמנת עמידה לבישול 10,מיליליטרים,250.00,"100 מ""ל",false,,8.00,0.0320,true,1,1411349
7290004137809,false,פיראוס לאבנה 5% גביע 250 גרם,"תנובה, מחלבת אלון תב",IL,פיראוס לאבנה 5% גביע,גרמים,250.00,100 גרם,false,,12.50,0.0500,true,1,1411523
7290004219079,false,לבבות דקל פרוסות ויליפוד 400 גרם,אלימנטוס אי קונסרבס דל א,EC,לבבות דקל חתוך ויליפ,גרמים,400.00,100 גרם,false,,11.90,0.0298,true,1,1414647
7290004228354,false,מעדניה - פילה אמנון,,,מעדניה - פילה אמנון,קילוגרמים,1.00,"ק""ג",true,,30.90,30.9000,true,1,1431078
7290004256197,false,גאודה הולנד עז30.6%משקל,וויסר קאשנדל בי.וי נ,NL,"גאודה עיזים 4.5 ק""ג",קילוגרמים,1.00,"ק""ג",true,,99.00,99.0000,true,1,1421820
7290004584351,false,גבינה לבנה סימפוניה עם תוספות 200 ג' חמישית 200,"שטראוס בריאות בע""\מ",IL,גבינה במרקם שמנת סימ,גרמים,200.00,100 גרם,false,,11.00,0.0550,true,1,1405626
7290004584528,false,יוגורט דנונה ביו לבן 1.7% שומן 200 גרם,מיוצר עי קונדיטוריית,IL,דנונה ביו 1.7% 200 ג,גרמים,200.00,100 גרם,false,,3.70,0.0185,true,1,1405627
7290004737900,false,חלב כחוש מרוכז וממותק בתוספת שמן צמחי ויליפוד 397 גרם,יו.איי.בי מאריג'אמפו,LT,חלב מרוכז ממותק 397,גרמים,397.00,100 גרם,false,,10.90,0.0275,true,1,1408402
7290004861315,false,מעדניה-גבינה לאבנה ט,"מחלבת המושבה בע""מ",IL,מעדניה-גבינה לאבנה ט,קילוגרמים,1.00,"ק""ג",true,,42.00,42.0000,true,1,1417170
7290004872069,false,קרחון לימון כלפ.48*80גרם,גלידות נסטלה )נגה גלידות,IL,קרחון לימון,יחידה,1.00,יחידה,false,,3.00,3.0000,true,1,1411014
7290004923099,false,שישיית מים עין גדי 2 ליטר,עין גדי מיים מינרלים,IL,מים מינרלים עין גדי,ליטרים,12.00,ליטר,false,,11.90,0.9917,true,1,1407576
7290005113222,false,זיתים קוקטייל וגמבה יבנה 350ג',קבוצת יבנה,IL,זיתים מיקס יבנה 540,גרמים,540.00,100 גרם,false,,9.80,0.0181,true,1,1431846
7290005174513,false,סלט חצילים במיונז אחלה 500 גרם,מיוצר עי קונדיטוריית,IL,חצילים במיונז 500 ג,גרמים,500.00,100 גרם,false,,15.90,0.0318,true,1,1405629
7290005174551,false,סלט חומוס עם צנוברים 125 ג' אחלה,מיוצר עי קונדיטוריית,IL,סלט חומוס יום יום אח,גרמים,125.00,100 גרם,false,,4.90,0.0392,true,1,1405630
7290005175428,false,"קמח תירס לל""ג ריבארה 500 ג'",קריות זול,AR,קמח תירס אינסטנט 500,גרמים,500.00,100 גרם,false,,5.90,0.0118,true,1,1408403
7290005197758,false,"עוגיות חיוכים שוקולד עלית 150 גרם בד""צ",אפיפית נצרת תעשיות ב,IL,חיוכים שוקו 150 גרם,גרמים,150.00,100 גרם,false,,4.90,0.0327,true,1,1416477
7290005200786,false,תפוצ'יפס בטעם שמנת בצל עלית 50 גרם,"שטראוס פריטו ליי בע""\מ )",IL,תפוציפס שמנת ובצל 50,גרמים,50.00,100 גרם,false,,4.00,0.0800,true,1,1406139
7290005287206,false,רביעיית טונה בשמן סטארקיסט 160 גרם,"סטארקיסט פודור בע""מ",VN,טונה סטארקיסט בשמן 4,גרמים,640.00,100 גרם,false,,24.90,0.0389,true,1,1408205
7290005287251,false,רביעיית טונה במים סטארקיסט 160 גרם,"סטארקיסט פודור בע""מ",VN,נתחי טונה סטארקיסט ב,גרמים,640.00,100 גרם,false,,24.90,0.0389,true,1,1408206
7290005431968,false,מלבי שמנת עדן קינוחים 150 גרם,עדן קינוחים Eden,IL,מלבי שמנת עדן קינוחי,גרמים,150.00,100 גרם,false,,6.90,0.0460,true,1,1437955
7290005437540,false,"פטריות שמפיניון חתוכות בד""צ טעמן 290 גרם",,IL,פטריות חתוכות טעמן 2,גרמים,290.00,100 גרם,false,,4.50,0.0155,true,1,1439860
7290005437632,false,שמן קנולה 1 ליטר טעמן,,BE,שמן קנולה טעמן 1 ליט,מיליליטרים,1000.00,"100 מ""ל",false,,10.90,0.0109,true,1,1408303
7290005437755,false,פסטה בילאגיו צינורות 500 גרם טעמן,מוצרי יסוד - טעמן,TR,פסטה בילאגיו צינורות,גרמים,500.00,100 גרם,false,,4.90,0.0098,true,1,1438440
7290005437762,false,פסטה בילאג'יו ספירלה 500גר' טעמן,מוצרי יסוד - טעמן,TR,פסטה בילאג'יו ספירלה,גרמים,500.00,100 גרם,false,,4.90,0.0098,true,1,1438441
7290005437939,false,פסטה ספגטיני מס' 10 500 גר' טעמן,מוצרי יסוד - טעמן,TR,פסטה בילאג'יו ספגטינ,גרמים,500.00,100 גרם,false,,4.90,0.0098,true,1,1438442
7290005437946,false,פסטה בילאג'יו ספגטי 500גר טעמן,מוצרי יסוד - טעמן,TR,פסטה בילאג'יו ספגטי,גרמים,500.00,100 גרם,false,,4.90,0.0098,true,1,1438443
7290005509445,false,עוגיות מיני קוקיס חמאה בצנצנת כרמית 600 גרם,כרמית תעשיות ממתקים,IL,מיני קוקיס בטעם חמאה,גרמים,600.00,100 גרם,false,,16.90,0.0282,true,1,1407941
7290005589027,false,סוכריות לקקני ישראל 10יח,,IL,לקקן מוצץ עשיריות,יחידה,10.00,יחידה,false,,15.90,1.5900,true,1,1420305
7290005591761,false,דבש טהור מפרחי בר בלחיץ 400 ג' יד מרדכי,מכוורת יד מרדכי שטרא,IL,דבש טהור לחיץ 400 גר,גרמים,400.00,100 גרם,false,,21.90,0.0547,true,1,1416483
7290005803628,false,קרחון מלון - צבע מאכל טבעי,גלידות נסטלה )נגה גלידות,IL,קרחון מלון,יחידה,1.00,יחידה,false,,3.00,3.0000,true,1,1411022
7290005838002,false,מעדן גבינה ויוגורט בטעם וניל 88 ג' דניאלה,"שטראוס בריאות בע""מ",IL,דניאלה וניל 150 גרם,גרמים,150.00,100 גרם,false,,4.10,0.0273,true,1,1405634
7290005839108,false,גבינה לבנה סימפוניה עם תוספות 200 ג'+זיתים 5%,"שטראוס בריאות בע""\מ",IL,גבינה במרקם שמנת 5%,גרמים,200.00,100 גרם,false,,11.00,0.0550,true,1,1405638
7290005839313,false,"מילקי טופ מגולגלת שטראוס 170 מ""ל",מיוצר עי קונדיטוריית,IL,מילקי טופ מגולגלת 17,מיליליטרים,170.00,"100 מ""ל",false,,4.90,0.0288,true,1,1405639
7290005854606,false,קרחון אסקימו שטראוס אננס,שטראוס,IL,אסקימו אננס,יחידה,1.00,יחידה,false,,2.90,2.9000,true,1,1434944
7290005896620,false,סאן בנדטו - מוגז עדין - 1.5 ליטר,אקווה מינרלה סאן בנד,IT,מים סן בנדטו מוגז 1.,מיליליטרים,1500.00,"100 מ""ל",false,,3.90,0.0026,true,1,1435258
7290005896637,false,סאן בנדטו - מים מינרלים טבעיים מהאלפים 1.5 ליטר,אקווה מינרלה סאן בנדטו ב,IT,מים מינרליים טבעיים,מיליליטרים,9000.00,"100 מ""ל",false,,4.80,0.0005,true,1,1410676
7290005966033,false,"יין לבן הר חרמון 750 מ""ל",יקבי רמת הגולן קצרין,IL,יין לבן יבש הר חרמון,מיליליטרים,750.00,"100 מ""ל",false,,31.90,0.0425,true,1,1419753
7290006199027,false,מאגדת גלידל וניל מצופה סורבה תות שדה [8],הגלידות של פלדמן,IL,גלידל גלית תות 8,גרמים,600.00,100 גרם,false,,29.90,0.0498,true,1,1440094
7290006251275,false,תה ירוק סיני קלאסי ויסוצקי 25 יחידות,תה ויסוצקי,IL,תה ירוק סיני,יחידה,25.00,יחידה,false,,24.90,0.9960,true,1,1406675
7290006271181,false,ג'חנון אפוי למיקרוגל מעדנות 750 גרם,מיוצר עי קונדיטוריית,IL,ג'חנון אפוי מוקפא לה,גרמים,750.00,100 גרם,false,,25.50,0.0340,true,1,1411784
7290006342515,false,מנצס 200 גרם ששון הקולה,"דין שיווק וקלייה בע""",,מנצס 200 שקית,גרמים,200.00,100 גרם,false,,7.90,0.0395,true,1,1439672
7290006374738,false,קונפיטורית תות 340 גר' יד מרדכי,אף.סי תבליני בגליל ב,IL,קונפיטורת תות 340 גר,גרמים,340.00,100 גרם,false,,13.90,0.0409,true,1,1416485
7290006653819,false,פתיתי קוסקוס דק 350 גרם,"מיוצר ע""י קוד יצרן K",IL,אסם קוסקוס דק 350 גר,גרמים,350.00,100 גרם,false,,7.90,0.0226,true,1,1407089
7290006664037,false,גמדים דגנים ארוחת בוקר מארז 100X4ג',"שטראוס בריאות בע""\מ",IL,גמדים תפוח בננה רביע,גרמים,400.00,100 גרם,false,,11.40,0.0285,true,1,1405641
7290006664655,false,"אקטימל לבן טבעי מארז 100X8 מ""ל",מיוצר עי קונדיטוריית,IL,"אקטימל לבן 8*100 מ""ל",מיליליטרים,800.00,"100 מ""ל",false,,20.90,0.0261,true,1,1405647
7290006681553,false,קרמבו בטעם וניל שטראוס 8 יחידות,"גלידת שטראוס בע""\מ",IL,קרמבו שטראוס וניל 8*,יחידה,8.00,יחידה,false,,16.90,2.1125,true,1,1416800
7290006739445,false,שניצל תירס קלאסי 750 ג' זוגלובק,נקניק נהריה כשר זוגל,IL,שניצל תירס קלאסי 750,גרמים,750.00,100 גרם,false,,22.90,0.0305,true,1,1415307
7290006765000,false,טורטיה מקמח מלא שקדיה 540 גרם,אלקטי קוראבייכיסיגיד,TR,טורטיה מקמח מלא 540,גרמים,540.00,100 גרם,false,,9.90,0.0183,true,1,1435296
7290006775016,false,עוגה מבית טוב 450 גרם תפוז,אחדות ביחר לטחינה חל,IL,עוגת תפוז 450 גרם אח,גרמים,450.00,100 גרם,false,,10.90,0.0242,true,1,1410451
7290006775023,false,"עוגה מבית טוב"" 450 גרם אנגלית",אחדות ביחר לטחינה חל,IL,עוגה אנגלית 450 גרם,גרמים,450.00,100 גרם,false,,10.90,0.0242,true,1,1410452
7290006775047,false,"עוגה מבית טוב"" 450 גרם שוקולד",אחדות ביחר לטחינה חל,IL,עוגת שוקולד 450 גרם,גרמים,450.00,100 גרם,false,,10.90,0.0242,true,1,1410454
7290006775054,false,עוגת שיש אחווה 450 ג' אחוה,אחדות ביחר לטחינה חל,IL,עוגת שיש 450 גרם אחו,גרמים,450.00,100 גרם,false,,10.90,0.0242,true,1,1410455
7290006775344,false,עוגת שמרים במילוי קרם קינמון אחוה 400 גרם,אחדות ביחר לטחינה חל,IL,עוגת שמרים קינמון וא,גרמים,400.00,100 גרם,false,,10.90,0.0273,true,1,1410460
7290006822192,false,נקטר דיאט חמוציות אושן ספריי פריגת 1 ליטר,מבשלות בירה בינלאומיות ב,IL,פריגת דיאט חמוציות 1,מיליליטרים,1000.00,"100 מ""ל",false,,11.90,0.0119,true,1,1413482
7290006983176,false,אוסם - לחמית שיפון 250 גרם,"אסם השקעות בע""\מ",IL,לחמית שיפון 230 גרם,גרמים,230.00,100 גרם,false,,9.50,0.0413,true,1,1407091
7290006983527,false,עוגת הבית תפוחי עץ עם פירורים 400 ג' אסם,מיוצר עי קונדיטוריית,IL,הבית עוגת תפוחי עץ ע,גרמים,400.00,100 גרם,false,,14.90,0.0373,true,1,1407092
7290006983763,false,עוגת הבית שוקולד 400 גרם אסם.,מיוצר עי קונדיטוריית,IL,עוגת הבית תפוחים פיר,גרמים,400.00,100 גרם,false,,11.90,0.0298,true,1,1407093
7290006983770,false,עוגת הבית שיש אסם 400 גרם,מיוצר עי קונדיטוריית,IL,עוגת הבית בטעם שוקול,גרמים,400.00,100 גרם,false,,11.90,0.0298,true,1,1407094
7290006983787,false,עוגת הבית שוקולד צ'יפס אסם 400 גרם,מיוצר עי קונדיטוריית,IL,עוגת הבית שיש אסם 40,גרמים,400.00,100 גרם,false,,11.90,0.0298,true,1,1407095
7290006983794,false,עוגת הבית בטעם תפוז אסם 400 גרם,מיוצר עי קונדיטוריית,IL,עוגת הבית שוקולד צ'י,גרמים,400.00,100 גרם,false,,11.90,0.0298,true,1,1407096
7290008175210,false,גבינת פרמזן מגורדת 90ג' ויליפוד,זנטי אס.איי.,IT,פרמזנו מגורדת 90 גר',גרמים,90.00,100 גרם,false,,17.90,0.1989,true,1,1408412
7290008194365,false,אטיאס דרג'ה שקדים צב,,,אטיאס דרג'ה שקדים צב,קילוגרמים,1.00,"ק""ג",true,,49.90,49.9000,true,1,1437013
7290008333115,false,אבקת ג'לטין טהור נטו 28 גרם,מאיר עזרא ובניו,IL,אבקת ג'לטין טהור נטו,גרמים,28.00,100 גרם,false,,9.90,0.3536,true,1,1409094
7290008345576,false,סלט איקרה ביתית לבנה 300 גרם דלידג,כלורוקס אוקלנד,IL,איקרה ביתית לבנה 300,גרמים,300.00,100 גרם,false,,20.90,0.0697,true,1,1409109
7290008345583,false,איקרה ביתית ורוד 300 גרם דלידג,כלורוקס אוקלנד,IL,איקרה ביתית ורוד 300,גרמים,300.00,100 גרם,false,,20.90,0.0697,true,1,1409110
7290008347181,false,מעדניה - פילה אמנון,,,מעדניה - פילה אמנון,קילוגרמים,1.00,"ק""ג",true,,30.90,30.9000,true,1,1431076
7290008347891,false,מעדניה - פילה אמנון,,,מעדניה - פילה אמנון,קילוגרמים,1.00,"ק""ג",true,,30.90,30.9000,true,1,1431077
7290008409124,false,מאמא עוף קפוא שניצל ג'ונגל פריך 700 גרם,תנובה גליל שותפות מוגבלת,IL,שניצל ג'ונגל פריך 70,גרמים,700.00,100 גרם,false,,34.90,0.0499,true,1,1411790
7290008415071,false,צבר חומוס עם טחינה עגול 150 גרם,סלטי צבר,IL,צבר חומוס עם טחינה 1,גרמים,150.00,100 גרם,false,,4.90,0.0327,true,1,1407104
7290008415514,false,צבר חומוס עם חריף עגול 150 גרם,סלטי צבר,IL,צבר חומוס עם חריף 15,גרמים,150.00,100 גרם,false,,4.90,0.0327,true,1,1407105
7290008461238,false,"סרדינים בשמן חמניות ופלפל חריף רוברט 84 גרם, 115 גרם",קונסוורס,PT,סרדינים רוברט שמן חמ,גרמים,115.00,100 גרם,false,,6.90,0.0600,true,1,1409113
7290008464024,false,"בירה גולדסטאר Unfiltered, בירה לא מסוננת, פחית 500 מ""ל","טמפו משקאות בע""מ",IL,גולדסטאר לא מסונן פח,מיליליטרים,500.00,"100 מ""ל",false,,8.90,0.0178,true,1,1410692
7290008464345,false,"בירה גולדסטאר, בקבוק 330 מ''ל",פארייפאבה אגרואינדוס,IL,"גולדסטאר 330 מ""ל",מיליליטרים,330.00,"100 מ""ל",false,,7.20,0.0218,true,1,1410701
7290008464604,false,"בירה הייניקן פחית 500 מ""ל",טמפו משקאות בע''מ,NL,"בירה הייניקן 500 מ""ל",מיליליטרים,500.00,"100 מ""ל",false,,11.90,0.0238,true,1,1410582
7290008464604,false,"בירה הייניקן פחית 500 מ""ל",טמפו משקאות בע''מ,NL,"בירה הייניקן 500 מ""ל",מיליליטרים,500.00,"100 מ""ל",false,,11.90,0.0238,true,1,1410704
7290008464611,false,"הסודה של טמפו, מי סודה בגיזוז חזק, 275 מל",טמפו משקאות בעמ,IL,"סודה 275 מ""ל",מיליליטרים,275.00,"100 מ""ל",false,,3.50,0.0127,true,1,1410705
7290008464796,false,"בירה היינקן, מארז שישייה, בקבוק 330 מ''ל",טמפו משקאות בע''מ,IL,מארז שישייה הייניקן,מיליליטרים,1980.00,"100 מ""ל",false,,38.40,0.0194,true,1,1410709
7290008644112,false,סלט מטבוחה יום יום אחלה 125 גרם,"שטראוס גרופ בע""\מ",IL,סלט מטבוחה אחלה 125,גרמים,125.00,100 גרם,false,,4.90,0.0392,true,1,1405651
7290008645935,false,חומוס לניגוב 750 ג' אחלה,"שטראוס גרופ בע""\מ",IL,חומוס אחלה 750 גרם,גרמים,750.00,100 גרם,false,,10.90,0.0145,true,1,1405652
7290008670159,false,"יין רקנאטי יסמין לבן 750 מ""ל","יקבי רקנאטי בע""מ",IL,יין יסמין לבן יקבי ר,מיליליטרים,750.00,"100 מ""ל",false,,34.90,0.0465,true,1,1429423
7290008693134,false,מעדן גבינה ויוגורט בטעם תות 5% שומן 88 ג' דניאלה,"שטראוס בריאות בע""מ",IL,"דניאלה תות 150 מ""ל",גרמים,150.00,100 גרם,false,,4.10,0.0273,true,1,1405653
7290008713900,false,לחם שיפון עגול פרוס אנג'ל 750 גרם,מאפיית אנג'\ל אורנים מאפ,IL,לחם שיפון עגול פרוס,גרמים,750.00,100 גרם,false,,12.90,0.0172,true,1,1406767
7290008745239,false,תפוצ'יפס קראנצ' בטעם טבעי עלית 50 גרם,"שטראוס פריטו ליי בע""\מ )",IL,תפוציפס קראנצ' טבעי,גרמים,50.00,100 גרם,false,,4.00,0.0800,true,1,1406140
7290008752244,false,תפוצ'יפס קראנץ' בטעם גריל עלית 50 גרם,"שטראוס פריטו ליי בע""\מ )",IL,תפוציפס קראנצ' גריל,גרמים,50.00,100 גרם,false,,4.00,0.0800,true,1,1406142
7290008753111,false,תפוצ'יפס קראנץ' בטעם מקסיקני עלית 50 גרם,"שטראוס פריטו ליי בע""\מ )",IL,תפוציפס קראנצ מקסיקנ,גרמים,50.00,100 גרם,false,,4.00,0.0800,true,1,1406144
7290008753364,false,דוריטוס גריל עלית 55 ג',שטראוס פריטו ליי בע,IL,דוריטוס גריל 55 גרם,גרמים,55.00,100 גרם,false,,3.50,0.0636,true,1,1406145
7290008753371,false,דוריטוס נאצו מקסיקני 55 גר,STRAUSS-ISRAEL,IL,דוריטוס נאצ'ו 55 גרם,גרמים,55.00,100 גרם,false,,3.30,0.0600,true,1,1406146
7290008753388,false,דוריטוס טבעי עלית 55 ג',STRAUSS-ISRAEL,IL,דוריטוס טבעי 55 גר,גרמים,55.00,100 גרם,false,,3.50,0.0636,true,1,1406147
7290008754415,false,גומי מאסט בטעם ספירמינט עדין פליפטופ 28 ג' עלית,"שטראוס גרופ בע""מ",IL,מאסט ספירמינט מגדים,גרמים,28.00,100 גרם,false,,4.50,0.1607,true,1,1416495
7290008757980,false,קרטונית ספרינג נקטר רימונים 1 ליטר,יפאורה שותפות מובגלת לשיווק,IL,ספרינג קרטוניות רימו,יחידה,1000.00,יחידה,false,,6.80,0.0068,true,1,1407584
7290008775823,false,ערגליות עוגיות תות שדה אסם 300 גרם,מיוצר עי קונדיטוריית,IL,ערגליות אסם 300 גרם,גרמים,300.00,100 גרם,false,,9.90,0.0330,true,1,1407111
7290008801119,false,"יין סוביניון בלאן סלקטד כרמל 750 מ""ל",אגודת הכורמים הקואופרטיב,IL,יין לבן יבש סוביניון,מיליליטרים,750.00,"100 מ""ל",false,,29.90,0.0399,true,1,1417004
7290008801157,false,"יין מרלו סלקטד כרמל כרמל 750 מ""ל",כרמל מזרחי,IL,יין אדום מרלו סלקטד,מיליליטרים,750.00,"100 מ""ל",false,,29.90,0.0399,true,1,1417005
7290008801539,false,יין כרמל 120 קינג דיוויד יקבי כרמל,אגודת הכורמים הקואופרטיב,IL,יין כרמל קינג דיויד,מיליליטרים,750.00,"100 מ""ל",false,,19.90,0.0265,true,1,1417009
7290008802291,false,יין מרלו פרייבט קולקשן יקבי כרמל,אגודת הכורמים הקואופרטיב,IL,יין מרלו פרייבט קולק,מיליליטרים,750.00,"100 מ""ל",false,,39.90,0.0532,true,1,1417013
7290008802512,false,"יין וינו אדום ""כרמל מזרחי""","כד בני דרום בע""מ",IL,יין אדום יבש וינו 75,מיליליטרים,750.00,"100 מ""ל",false,,22.20,0.0296,true,1,1417014
7290008802529,false,"יין לבן חצי יבש וינו 750 מ""ל",כרמל מזרחי,IL,יין לבן חצי יבש וינו,מיליליטרים,750.00,"100 מ""ל",false,,22.20,0.0296,true,1,1417015
7290008802895,false,יין קברנה סוביניון פרייבט קולקשן יקבי כרמל,אגודת הכורמים הקאופורטיב,IL,יין אדום יבש קברנה ס,מיליליטרים,750.00,"100 מ""ל",false,,39.90,0.0532,true,1,1417016
7290008805384,false,סלקטד מוסקטו לבן מבעבע 750 מל 2016,אגודת הכורמים הקואופרטיב,IL,יין מוסקטו לבן סלקטד,מיליליטרים,750.00,"100 מ""ל",false,,29.90,0.0399,true,1,1417020
7290008805520,false,"יין קברנה/סוביניון סלקטד כרמל 750 מ""ל","כד בני דרום בע""מ",IL,יין אדום קברנה מרלו,מיליליטרים,750.00,"100 מ""ל",false,,29.90,0.0399,true,1,1417021
7290008806985,false,נישנושים גלידה שוקו וניל בציפוי שוקולד 60 יח' קרמיסימו,"גלידת שטראוס בע""\מ, רחוב",IL,קרמיסימו נשנושים שוק,יחידה,60.00,יחידה,false,,43.90,0.7317,true,1,1416805
7290008836494,false,מיץ ענבים תירוש אדום אפרת 1 ליטר,יקב טפרברג 1870 בעמ,IL,מיץ ענבים תירוש אדום,מיליליטרים,1000.00,"100 מ""ל",false,,17.20,0.0172,true,1,1417346
7290008909853,false,"קוקה קולה זירו בקבוק 500 מ""ל.",החברה המרכזית לייצור משקאות,IL,קולה ZERO בקבוק 500,מיליליטרים,500.00,"100 מ""ל",false,,6.50,0.0130,true,1,1413491
7290008909860,false,קוקה קולה זירו בקבוק 1.5ל,החברה המרכזית לייצור משקאות,IL,קוקה קולה זירו בקבוק,מיליליטרים,1500.00,"100 מ""ל",false,,8.80,0.0059,true,1,1413492
7290010002023,false,כורכום הודי טחון תבליני מימון 100 גרם,א.ל ייצור ושיווק תבלינים,IL,כורכום טחון במיכל תב,גרמים,100.00,100 גרם,false,,11.90,0.1190,true,1,1413923
7290010002030,false,תבלין כמון טחון תבליני מימון 100 גרם,א.ל ייצור ושיווק תבלינים,IL,כמון טחון במיכל תבלי,גרמים,100.00,100 גרם,false,,11.90,0.1190,true,1,1413924
7290010002092,false,תבלין פלפל שחור גרוס דק תבליני מימון 90,א.ל ייצור ושיווק תבלינים,IL,פלפל שחור גרוס דק במ,גרמים,90.00,100 גרם,false,,15.50,0.1722,true,1,1413928
7290010002122,false,פפריקה הונגרית מתוקה תבליני מימון 100 גרם,א.ל ייצור ושיווק תבלינים,IL,פפריקה הונגרית מתוקה,גרמים,100.00,100 גרם,false,,11.90,0.1190,true,1,1413930
7290010002283,false,תיבול על האש תבליני מימון 100 גרם,א.ל ייצור ושיווק תבלינים,IL,תיבול על האש במיכל ת,גרמים,100.00,100 גרם,false,,11.90,0.1190,true,1,1413937
7290010002320,false,תיבול לגריל עוף תבליני מימון 100 גרם,א.ל ייצור ושיווק תבלינים,IL,תיבול לגריל עוף במיכ,גרמים,100.00,100 גרם,false,,11.90,0.1190,true,1,1413940
7290010002399,false,תבלין בזיליקום תבליני מימון 40 גרם,א.ל ייצור ושיווק תבלינים,IL,בזיליקום יבש במיכל ת,גרמים,40.00,100 גרם,false,,9.90,0.2475,true,1,1413945
7290010002498,false,תבלין שום גבישי תבליני מימון 120 גרם,א.ל ייצור ושיווק תבלינים,IL,שום גבישי במיכל תבלי,גרמים,120.00,100 גרם,false,,15.50,0.1292,true,1,1413949
7290010003440,false,שבבי בצל מטוגן תבליני מימון 200 גרם,,IL,שבבי בצל מטוגן תבלינ,גרמים,200.00,100 גרם,false,,11.90,0.0595,true,1,1413953
7290010003693,false,פפריקה מתוקה בשקית תבליני מימון 80 גרם,א.ל ייצור ושיווק תבל,IL,פפריקה מתוקה בשקית ת,גרמים,80.00,100 גרם,false,,6.30,0.0787,true,1,1413955
7290010003709,false,פלפל שחור טחון בשקית תבליני מימון 50 גרם,א.ל ייצור ושיווק תבל,IL,פלפל שחור טחון בשקית,גרמים,50.00,100 גרם,false,,7.90,0.1580,true,1,1413956
7290010003761,false,כורכום טחון בשקית תבליני מימון 80 גרם,א.ל ייצור ושיווק תבל,IL,כורכום טחון בשקית תב,גרמים,80.00,100 גרם,false,,6.30,0.0787,true,1,1413958
7290010003792,false,מלח לימון בשקית תבליני מימון 100 גרם,א.ל ייצור ושיווק תבל,IL,מלח לימון בשקית תבלי,גרמים,100.00,100 גרם,false,,6.30,0.0630,true,1,1413961
7290010003846,false,אורגנו בשקית תבליני מימון 20 גרם,א.ל ייצור ושיווק תבל,IL,אורגנו בשקית תבליני,גרמים,20.00,100 גרם,false,,6.30,0.3150,true,1,1413965
7290010117857,false,דוריטוס חריף אש 55 ג' עלית,STRAUSS-ISRAEL,IL,דוריטוס חריף אש 55 ג,גרמים,55.00,100 גרם,false,,3.50,0.0636,true,1,1406148
7290010119950,false,דוריטוס חמוץ חריף 55 גרם-סטריפ,שטראוס גרופ,,דוריטוס חמוץ חריף 55,גרמים,55.00,100 גרם,false,,3.50,0.0636,true,1,1406150
7290010129553,false,עוגיות רולדה תמרים 600 גרם,ק.א. ומשווק בבלעדיות על,IL,עוגיות רולדה תמרים 6,גרמים,600.00,100 גרם,false,,19.90,0.0332,true,1,1414079
7290010154012,false,לימון בלאדי כבוש תבליני ביטון 250 גרם,תבליני יוחאי ביטון,IL,לימון כבוש 250 גרם,גרמים,250.00,100 גרם,false,,13.90,0.0556,true,1,1409119
7290010237531,false,פפסי קולה פלסטיק 500מל,סנו מפעלי ברונוס.,IL,"פפסי קולה 500 מ""ל",מיליליטרים,500.00,"100 מ""ל",false,,4.50,0.0090,true,1,1410714
7290010237548,false,"פפסי מקס דל קלוריות 500 מ""ל בקבוק",טמפו משקאות בעמ,IL,"פפסי מקס 500 מ""ל",מיליליטרים,500.00,"100 מ""ל",false,,4.50,0.0090,true,1,1410715
7290010259359,false,וילי פוד נודלס אטר.ביצים להקפצה בדץ 200ג,פוג'יאן לונגהאי אנלי,CN,אטריות רחבות נודלס ו,גרמים,200.00,100 גרם,false,,4.90,0.0245,true,1,1408417
7290010259366,false,וילי פוד נודלס אטר.ביצים מסולסל בדץ 200ג,פוג'יאן לונגהאי אנלי,CN,אטריות מסולסלות נודל,גרמים,200.00,100 גרם,false,,4.90,0.0245,true,1,1408418
7290010259823,false,מנת השף-מרק עם נודלס בטעם עוף ויליפוד,נמצ'או(תאילנד) בעמ,TH,נודלס בטעם עוף מנת ה,גרמים,70.00,100 גרם,false,,5.50,0.0786,true,1,1408419
7290010259830,false,מנת השף נודלס בסגנון סיני פיקנטי וילי פוד 70 גרם,נמצ'או(תאילנד) בעמ,TH,נודלס בסגנון סיני פי,גרמים,70.00,100 גרם,false,,5.50,0.0786,true,1,1408420
7290010259847,false,מנת השף מרק עם נודלס בטעם תירס ויליפוד 70 גרם,קריות זול,TH,מנת השף נודלס בטעם ת,גרמים,70.00,100 גרם,false,,5.50,0.0786,true,1,1408421
7290010259861,false,מנת השף מרק עם נודלס בטעם ירקות ויליפוד 70 גרם,קריות זול,TH,נודלס עם ירקות מנת ה,גרמים,70.00,100 גרם,false,,5.50,0.0786,true,1,1408423
7290010259977,false,שמן קנולה מזוכך ויליפוד 1 ליטר,בונגי פולין אס.פי.זד,PL,שמן קנולה 1 ליטר,מיליליטרים,1000.00,"100 מ""ל",false,,10.90,0.0109,true,1,1408427
7290010259991,false,צנימים מיוחדים בטעם טבעי 250 ג',קריות זול,GR,צנימים ויליפוד 250 ג,גרמים,250.00,100 גרם,false,,8.90,0.0356,true,1,1408428
7290010287260,false,"""יין ישן נושן 057 מ""",,,"""יין ישן נושן 057 מ""",יחידה,0.00,יחידה,false,,11.90,0.0000,true,1,1421291
7290010300075,false,שמרים נמסים בקופסא 33 גרם,ר.ס.,,שמרים נמסים בקופסה 3,גרמים,33.00,100 גרם,false,,6.50,0.1970,true,1,1410294
7290010300501,false,"סוכר חום דמררה נאמן 1 ק""ג",נאמן,,סוכר חום בשקית השף א,גרמים,1000.00,100 גרם,false,,13.00,0.0130,true,1,1410300
7290010300518,false,"קוואקר שבולת שועל, 500 גרם ""נאמן""",ר.ס.,,שבולת שועל מהיר הכנה,גרמים,500.00,100 גרם,false,,8.50,0.0170,true,1,1410301
7290010300532,false,חומץ סינטטי 5% נאמן,הילל תעשיות,,חומץ סינטטי 5% 1 ליט,מיליליטרים,1000.00,"100 מ""ל",false,,4.90,0.0049,true,1,1410303
7290010300549,false,מיץ לימון משומר 1 לי,הילל תעשיות,,מיץ לימון משומר 1 לי,מיליליטרים,1000.00,"100 מ""ל",false,,5.50,0.0055,true,1,1410304
7290010300587,false,שומשום 200 גרם נאמן,ר.ס.,,שומשום 200 גרם נאמן,גרמים,200.00,100 גרם,false,,8.00,0.0400,true,1,1410307
7290010300891,false,גביעים לעוגה גודל מס,התשב,,גביעים לעוגה גודל מס,יחידה,1.00,יחידה,false,,7.50,7.5000,true,1,1421112
7290010328093,false,ממרח חלווה אחווה 400 ג' מהדרין,אחדות בית חרושת לטחי,IL,ממרח חלווה אחווה 400,גרמים,400.00,100 גרם,false,,11.90,0.0298,true,1,1413239
7290010328246,false,טחינה גולמית שומשום מלא אחווה 500 ג',"אחדות ביח""ר לטחינה ח",IL,טחינה גולמית משומשום,גרמים,500.00,100 גרם,false,,12.90,0.0258,true,1,1428112
7290010328253,false,טחינה גולמית משומשום טבעי אחווה 500 גרם,"אחדות ביח""ר לטחינה ח",IL,טחינה גולמית אחוה 50,גרמים,500.00,100 גרם,false,,12.90,0.0258,true,1,1410465
7290010328468,false,מארז מיני חלווה אחוה בטעמים 18 יחידות 216 גרם,שוורצקוף& הנקל דיסלד,IL,מיני חלווה חטיפי חלו,יחידה,18.00,יחידה,false,,11.90,0.6611,true,1,1413241
7290010328505,false,"מארז מיני חלווה 15 יחידות לל""ס אחוה 150 גרם",אחדות ביחר לטחינה חל,IL,חטיפי מיני חלווה ללא,יחידה,15.00,יחידה,false,,11.90,0.7933,true,1,1413242
7290010329984,false,שוקולד כרמית ציפס מר,כרמית תעשיות ממתקים בעמ,IL,שוקולד צ'יפס מריר 60,גרמים,250.00,100 גרם,false,,9.90,0.0396,true,1,1414447
7290010405503,false,3 יחידות צלופן מגולג,,,3 יחידות צלופן מגולג,יחידה,1.00,יחידה,false,,1.90,1.9000,true,1,1414551
7290010429554,false,"שמן זית כתית מעולה יד מרדכי 2 קלאסי, 750 מ""ל",מכוורת יד מרדכי שטראוס ב,IL,שמן זית כתית מעולה ק,מיליליטרים,750.00,"100 מ""ל",false,,33.90,0.0452,true,1,1416502
7290010471669,false,יוגורט תות עם קורנפלקס מצופה שוקולד ללא גלוטן 3.9%,"שטראוס בריאות בע""\מ",IL,דנונה בר תות קורנפלק,גרמים,175.00,100 גרם,false,,4.30,0.0246,true,1,1405654
7290010627004,false,טחינה גולמית מסורתית ירושלים 500 ג',"בראשית ירושלים בע""מ",IL,טחינה ירושלים 500 גר,גרמים,500.00,100 גרם,false,,15.90,0.0318,true,1,1406686
7290010814244,false,שלשות שוקולד מריר 85 גרם*3 בלמינט *18 בקרטון,"כרמית תעשיות ממתקים בע""\",IL,שוקולד מריר 60% מוצק,גרמים,255.00,100 גרם,false,,10.90,0.0427,true,1,1407948
7290010814251,false,שלשות שוקולד חלב 85 גר*3 בלמינט*18 בקרט בדצ,"כרמית תעשיות ממתקים בע""\",IL,שוקולד חלב אגו 3 * 8,גרמים,255.00,100 גרם,false,,10.90,0.0427,true,1,1407949
7290010814268,false,שלשות שוקולד לבן 85 גר*3 בלמינט * 18 בקרטון,"כרמית תעשיות ממתקים בע""\",IL,שוקולד לבן חלבי אגו,גרמים,255.00,100 גרם,false,,10.90,0.0427,true,1,1407950
7290010814695,false,שוקולד מריר פרווה ללא תוספת סוכר כרמית 85 גרם,כרמית תעשיות ממתקים בעמ,IL,שוקולד מריר פרווה לל,גרמים,85.00,100 גרם,false,,5.90,0.0694,true,1,1407951
7290010814701,false,שוקולד חלב ללא תוספת סוכר וסטהיים,"כרמית תעשיות ממתקים בע""\",IL,שוקולד חלב ללא תוספת,גרמים,85.00,100 גרם,false,,5.90,0.0694,true,1,1407952
7290010838219,false,ממתיק על בסיס צמח הסטיביה - שקיות,"קיפל טבליות וממתיקים בע""מ",IL,סטיביה 100 שקיות,יחידה,100.00,יחידה,false,,28.90,0.2890,true,1,1410394
7290010849529,false,יין למברוסקו די לואיג'י ביאנקו,פארייפאבה אגרואינדוס,IT,למברוסקו די לואיג'י,מיליליטרים,750.00,"100 מ""ל",false,,32.80,0.0437,true,1,1411863
7290010903344,false,אצבעות שניצל רמי לוי 1 קג,,,אצבעות שניצל רמי לוי,גרמים,1000.00,100 גרם,false,,34.90,0.0349,true,1,1433609
7290010931330,false,סלט מטבוחה אחלה 500 גרם,מיוצר עי קונדיטוריית,IL,מטבוחה 500,גרמים,575.00,100 גרם,false,,13.80,0.0240,true,1,1405659
7290010945146,false,קוטג' 3% מועשר בסידן טרה 250 ג' מהדרין,קריות זול,IL,גבינת קוטג' מועשרת 3,גרמים,250.00,100 גרם,false,,5.50,0.0220,true,1,1413606
7290010945481,false,גבינה לבנה טרה 5% מרכיבים טבעיים,הפריט בפיקוח,IL,גבינה לבנה 5% טרה 50,גרמים,500.00,100 גרם,false,,9.95,0.0199,true,1,1413609
7290010984879,false,שום כתוש בצנצנת 200ג רמילוי,,,שום כתוש קפוא בצנצנת,גרמים,200.00,100 גרם,false,,11.90,0.0595,true,1,1427680
7290011017866,false,קוקה קולה קלאסי בפחית,החברה המרכזית לייצור משקאות,IL,סליק קוקה קולה 330 מ,מיליליטרים,330.00,"100 מ""ל",false,,6.20,0.0188,true,1,1413498
7290011043049,false,כוסות נייר שתיה חמה,כוסות שתייה חמה 3 ב,,כוסות נייר שתיה חמה,יחידה,50.00,יחידה,false,,11.90,0.2380,true,1,1431441
7290011064020,false,בולגרית למריחה בטעמים 200 גר,גבינות אמיר ניצן בעמ,IL,ניצן בולגרית למריחה,גרמים,200.00,100 גרם,false,,13.90,0.0695,true,1,1434315
7290011064099,false,ירקות או פרות ממולאים במעדן גבינה ניצן 125 גרם,גבינות אמיר ניצן בעמ,IL,טאפס שכונתי 125 גרם,גרמים,125.00,100 גרם,false,,19.90,0.1592,true,1,1419973
7290011081492,false,גלידה בטעם שלושה שוקולדים 1.33ל' קרמיסימו,"גלידת שטראוס בע""\מ, רחוב",IL,גלידת קרמיסימו 1.33,מיליליטרים,1330.00,"100 מ""ל",false,,18.90,0.0142,true,1,1416809
7290011081690,false,קרמיסימו פרווה שוקו ציפ+וניל ציפ 1.33ל,"גלידת שטראוס בע""\מ, רחוב",IL,גלידת קרמיסימו 1.33,מיליליטרים,1330.00,"100 מ""ל",false,,18.90,0.0142,true,1,1416810
7290011101350,false,מגש וילו אובל לבן דו,,,מגש וילו אובל לבן דו,יחידה,1.00,יחידה,false,,29.90,29.9000,true,1,1419785
7290011101381,false,סל במבו אובל לבן + ב,,,סל במבו אובל לבן + ב,יחידה,1.00,יחידה,false,,22.00,22.0000,true,1,1427108
7290011126452,false,הגן הקסום תה בטעם קמומיל ונענע ויסוצקי 25 יחידות,תה ויסוצקי,IL,חליטת קמומיל ונענע ה,יחידה,25.00,יחידה,false,,17.90,0.7160,true,1,1406688
7290011126469,false,חליטת צמחים וקמומיל הגן הקסום ויסוצקי 25 יחידות,תה ויסוצקי,IL,חליטת קמומיל ודבש הג,יחידה,25.00,יחידה,false,,17.90,0.7160,true,1,1406689
7290011132507,false,סן בנדטו- מים מנרליים - מוגז עדין 500 מל,אקווה מינרלה סאן בנדטו ב,IT,"סן בנדטו מוגז 500 מ""",מיליליטרים,500.00,"100 מ""ל",false,,3.90,0.0078,true,1,1410728
7290011164553,false,סוכריות טופי ממולא בטעם פירות 175 יחידות 700 גרם,טעמן,BR,סוכריות טופי בטעם פי,גרמים,700.00,100 גרם,false,,19.90,0.0284,true,1,1435053
7290011194215,false,מעדן גבינה ויוגורט בטעם בננה 5% שומן 88 ג' דניאלה,"שטראוס בריאות בע""מ",IL,דניאלה בננה 150 גרם,גרמים,150.00,100 גרם,false,,4.10,0.0273,true,1,1405660
7290011194246,false,קוטג' 5% עם סידן 250 ג' שטראוס,מיוצר עי קונדיטוריית,IL,גבינת קוטג 5% שטראוס,גרמים,250.00,100 גרם,false,,5.90,0.0236,true,1,1405661
7290011239213,false,עמוס חטיפים מתוקים מ,בני ריאד מחרום,IL,ממתק מחרום 100 גרם,גרמים,100.00,100 גרם,false,,5.90,0.0590,true,1,1409520
7290011249748,false,רולים גלילי ופל במילוי קרם שוקולד 100 ג' עלמה,"גילרו בע""מ",IL,רולים שוקו 100 גרם,גרמים,100.00,100 גרם,false,,3.90,0.0390,true,1,1413245
7290011249755,false,רולים גלילי ופל במילוי קרם אגוזים 100 ג' עלמה,"גילרו בע""מ",IL,רולים אגוז 100 גרם,גרמים,100.00,100 גרם,false,,3.90,0.0390,true,1,1413246
7290011300982,false,סבון נוזלי כחול 500 מ''ל פנינה רוזנבלום,פנינה רוזנבלום,IL,סבון כחול אושן 500 מ,מיליליטרים,500.00,"100 מ""ל",false,,5.90,0.0118,true,1,1410438
7290011378769,false,חטיף חלווה וניל בארכה 126 גרם מארז 7 יחידות,"רושדי תעשיות מזון בע""\מ",IL,חלבה בקטנה חטיף וניל,גרמים,126.00,100 גרם,false,,11.90,0.0944,true,1,1407119
7290011378776,false,חטיף חלווה פיסטוק בארכה 126 גרם מארז 7 יחידות,"רושדי תעשיות מזון בע""\מ",IL,חלבה בקטנה חטיף וניל,גרמים,126.00,100 גרם,false,,11.90,0.0944,true,1,1407120
7290011432768,false,שקית גופיה שוויצריה,,,שקית גופיה שוויצריה,יחידה,1.00,יחידה,false,,0.10,0.1000,true,1,1429953
7290011432775,false,שקית גופיה סופרקופיק,,,שקית גופיה סופרקופיק,יחידה,1.00,יחידה,false,,0.10,0.1000,true,1,1429952
7290011438142,false,"משקה יטבתה אייס קפה בבקבוק אישי 350 מ""ל",שטראוס גרופ,IL,אייס קפה 2% יטבתה 35,מיליליטרים,350.00,"100 מ""ל",false,,6.20,0.0177,true,1,1405663
7290011486693,false,מרשמלו ורוד לבן וסטהיים 30ג'48X בקרטון,כרמית,,מרשמלו ורוד לבן וסטה,גרמים,30.00,100 גרם,false,,1.90,0.0633,true,1,1407955
7290011499129,false,גבינה בולגרית מעודנת קוביות קטנות 5% גד 200 גרם,קוד יצרן DSH,IL,קוביות גבינה בולגרית,גרמים,200.00,100 גרם,false,,22.90,0.1145,true,1,1413773
7290011499327,false,גבינה בולגרית מעודנת 5% 250 גרם - רבנות,מיוצר על ידי DSH עבו,IL,‏בולגרית מעודנת 5% 2,גרמים,250.00,100 גרם,false,,22.90,0.0916,true,1,1413776
7290011530730,false,מיקס פירות קפואים שייק איט חום - 3*150 ג',"הבו-קדו בע""מ",IL,שייק איט חום יום חמי,גרמים,450.00,100 גרם,false,,29.90,0.0664,true,1,1439872
7290011537371,false,פסטה קונכיות 500 גרם טעמן,מוצרי יסוד - טעמן,TR,פסטה בילאג'יו קונכיו,גרמים,500.00,100 גרם,false,,4.90,0.0098,true,1,1438444
7290011587055,false,שמן זית כתית מעולה ת,,,שמן זית כתית מעולה ת,מיליליטרים,750.00,"100 מ""ל",false,,29.90,0.0399,true,1,1439023
7290011587123,false,קרם קוקוס תומר 400 מ,Thai coconut co ltd,IL,קרם אגוזי קוקוס 400,מיליליטרים,400.00,"100 מ""ל",false,,10.00,0.0250,true,1,1407803
7290011587444,false,מוזלי קראנצי בתוספת פירות ויטליה 600 גרם,Vitalia nikola ltd,MK,מוזלי קראנצ'י +פירות,גרמים,600.00,100 גרם,false,,13.90,0.0232,true,1,1407806
7290011587451,false,מוזלי קראנצי בתוספת פירות ואגוזים ויטליה 600 גרם,ויטליה,IL,גרנולה +פירות ואגוזי,גרמים,600.00,100 גרם,false,,13.90,0.0232,true,1,1407807
7290011587468,false,מוזלי קראנצי בתוספת אגוזים ויטליה 600 גרם,Vitalia nikola ltd,MK,מוזלי קראנצ'י +אגוז,גרמים,600.00,100 גרם,false,,13.90,0.0232,true,1,1407808
7290011587642,false,מקרל עם פלפל חריף בשמן חמניות,Union des pecheries,,מקרל מרוקאי חריף 125,גרמים,125.00,100 גרם,false,,5.90,0.0472,true,1,1407813
7290011587994,false,רוטב סויה 700 ג' תומר,,,"רוטב סויה 700 מ""ל",מיליליטרים,700.00,"100 מ""ל",false,,10.90,0.0156,true,1,1425772
7290011695385,false,"תמצית רום מהדרין 50 מ""ל",עבדו,,"תמצית רום 50מ""ל",מיליליטרים,50.00,"100 מ""ל",false,,3.50,0.0700,true,1,1421893
7290011695408,false,נאמן ציפוי מתובל לשניצל 350גר,עבדו,IL,ציפוי מתובל לשניצל ה,גרמים,350.00,100 גרם,false,,13.90,0.0397,true,1,1421115
7290011695620,false,סירופ מייפל טופ 700ג',מיטב תעשיות,,סירופ בטעם מייפל 500,מיליליטרים,500.00,"100 מ""ל",false,,12.90,0.0258,true,1,1410320
7290011695651,false,צנימים עגולים 300 גרם נאמן,S.P.A ניולט,IL,צנימים עגולים 300 גר,גרמים,300.00,100 גרם,false,,12.90,0.0430,true,1,1410322
7290011695941,false,קוסקוס בטעם ביתי,אסיף,,קוסקוס ביתי 350ג',גרמים,350.00,100 גרם,false,,4.90,0.0140,true,1,1421897
7290011695958,false,"חומץ תפוחים נאמן 750 מ""ל",הילל תעשיות,,"חומץ תפוחים 500 מ""ל",מיליליטרים,500.00,"100 מ""ל",false,,13.90,0.0278,true,1,1410329
7290011723200,false,טחינה הר ברכה 100% שומשום טהור 500 גר,טחינה הר ברכה בעמ,IL,טחינה הר ברכה 500 גר,גרמים,500.00,100 גרם,false,,18.90,0.0378,true,1,1438259
7290011732264,false,פרמידה סוכריות בטעם פרי חמצמץ 36 יחידות,גואנגדונג צאואן פוד,CN,סוכריות פרמידה קרנבל,גרמים,432.00,100 גרם,false,,21.90,0.0507,true,1,1435057
7290011947521,false,"שמן זית כתית מעולה 750 מ""ל טעם מודגש זיתא",זיתא - י.ט.ב תעשיות,IL,שמן זית כתית מעולה ט,מיליליטרים,750.00,"100 מ""ל",false,,32.90,0.0439,true,1,1406694
7290011947866,false,זיתא מיקס זיתים בפח 250 גרם,זיתא - י.ט.ב תעשיות,GR,מיקס זיתים בפח זיתא,גרמים,440.00,100 גרם,false,,19.90,0.0452,true,1,1434201
7290011977627,false,סרדינים בשמן צמחי טעים 125 גרם,טעמן,MA,סרדינים בשמן צמחי טע,גרמים,125.00,100 גרם,false,,4.10,0.0328,true,1,1408311
7290011977634,false,סרדינים בשמן קנולה עם פלפל חריף טעים 125 גרם,טעמן,IL,סרדינים בשמן סויה עם,גרמים,125.00,100 גרם,false,,4.10,0.0328,true,1,1408312
7290011977924,false,"פסטה קרניים 100% חיטת דורום בד""ץ טעמן 500 גרם",מוצרי יסוד - טעמן,TR,פסטה בילאג'יו קרניים,גרמים,500.00,100 גרם,false,,4.90,0.0098,true,1,1438445
7290012001994,false,חרדל דיז'ון גרעינים 350 ג' ריין דיזון,ריין דיז'ון reine dijon,FR,חרדל דיזון גרגירים 3,גרמים,350.00,100 גרם,false,,11.90,0.0340,true,1,1408231
7290012019258,false,מחית תפוחי עץ רביעיה 4 * 113 ג' תומר,אינדיאן סאמר קו אופ אינק,US,מחית תפוחי עץ 4 * 11,גרמים,452.00,100 גרם,false,,11.00,0.0243,true,1,1407822
7290012019265,false,"מחית תפו""ע ללא תוספת סוכר 4*113גר",אינדיאן סאמר קו אופ אינק,US,מחית תפוחי עץ ללא תו,גרמים,452.00,100 גרם,false,,11.00,0.0243,true,1,1407823
7290012019401,false,מיץ דובדבן 100% 1 ליטר תוצרת גרוזיה,Aromaproduct ltd,,מיץ דובדבן חמוץ 1 לי,מיליליטרים,1000.00,"100 מ""ל",false,,18.90,0.0189,true,1,1407826
7290012022203,false,פריכיות קליליות חיטה,דילייט 2005,IL,קליליות פרכיות חיטה,גרמים,100.00,100 גרם,false,,13.90,0.1390,true,1,1436789
7290012022227,false,קליליות חיטה בטעם טבעי,דילייט 2005,IL,קליליות פרכיות בטעם,גרמים,70.00,100 גרם,false,,11.90,0.1700,true,1,1436790
7290012117589,false,כפפות סנו סושי לטקס L אריזת 100יח',סנו סושי,TH,כפפות לטקס L,יחידה,1.00,יחידה,false,,29.90,29.9000,true,1,1410146
7290012159275,false,מיונז אמיתי 430 גרם LINA,לינה,LT,מיונז לינה 430 גרם,גרמים,430.00,100 גרם,false,,11.90,0.0277,true,1,1416270
7290012226014,false,נקניקיות וינר זוגלובק 800 גרם,נקניק נהריה כשר זוגל,IL,נקניקיות וינר זוגלוב,גרמים,800.00,100 גרם,false,,19.90,0.0249,true,1,1415284
7290012226076,false,נקניק חרמון הודו ועוף זוגלובק 200 ג',זוגלובק,IL,פסטרמה חרמון הודו וע,גרמים,200.00,100 גרם,false,,9.90,0.0495,true,1,1415285
7290012226120,false,"קבנוס 135 גרם ""זוגלובק""",נקניק נהריה כשר זוגל,IL,קבנוס זוגלובק 135 גר,גרמים,135.00,100 גרם,false,,10.90,0.0807,true,1,1415324
7290012226939,false,קבנוס עם צ'ילי חריף זוגלובק 135 גרם,נקניק נהריה כשר זוגל,IL,קבנוס עם צ'ילי חריף,גרמים,135.00,100 גרם,false,,10.90,0.0807,true,1,1415330
7290012226991,false,"נקניקיות עוף באריזת ג''מבו 1.5 ק""ג זוגלובק",נקניק נהריה כשר זוגל,IL,נקניקיות ג'מבו 1.5 ק,גרמים,1500.00,100 גרם,false,,27.90,0.0186,true,1,1415332
7290012227172,false,חרמן הודו בדבש וברביקיו זוג במארז 600 ג' זוגלובק,נקניק נהריה כשר זוגל,IL,זוג פסטרמות במארז חר,גרמים,600.00,100 גרם,false,,26.60,0.0443,true,1,1415333
7290012227400,false,נקניקיות עוף זוגלובק 800 גרם,נקניק נהריה כשר זוגל,IL,נקניקיות עוף 800 גרם,גרמים,800.00,100 גרם,false,,19.90,0.0249,true,1,1415336
7290012228018,false,נקניקיות עוף 400רמי לוי גרם,,,נקניקיות עוף רמי לוי,גרמים,400.00,100 גרם,false,,9.90,0.0248,true,1,1442604
7290012228025,false,מארז פסטרמה הודו +סלמי תה רמי לוי 800 גרם,,,סלמי תה 400 גרם+ח.עו,גרמים,800.00,100 גרם,false,,21.90,0.0274,true,1,1442605
7290012228124,false,קבנוס סטיקס עם נגיעות מלח ים סדרת ריינהולד'ס,זוגלובק,IL,קבנוסטיקס - חטיף קבנ,גרמים,50.00,100 גרם,false,,9.90,0.1980,true,1,1415344
7290012228421,false,פסטרמה בדבש 120ג דק דק רמילוי,,,פסטרמה הודו בדבש דק,גרמים,120.00,100 גרם,false,,11.90,0.0992,true,1,1442607
7290012228445,false,קבנוס רמי לוי 135 גר,,,קבנוס רמי לוי 135 גר,גרמים,135.00,100 גרם,false,,9.90,0.0733,true,1,1442609
7290012313141,false,מלפפונים פרוסות במלח קבוצת יבנה 330 גרם,אף.סי תבליני בגליל ב,IL,פרוסות מלפפונים במלח,גרמים,540.00,100 גרם,false,,6.90,0.0128,true,1,1432512
7290012335020,false,סוכריות סודה שעון מארז משפחתי 375 גר',גואנגדונג צאואן פוד,CN,סוכריות שעון 30 יח',גרמים,360.00,100 גרם,false,,21.90,0.0608,true,1,1435059
7290012404955,false,נקטר חמוציות ספרינג קולקשן 1.25 ליטר,יפאורה שותפות מובגלת לשיווק,IL,ספרינג Collection נק,מיליליטרים,1250.00,"100 מ""ל",false,,13.20,0.0106,true,1,1407601
7290012413643,false,תה ירוק קמומיל ויסוצקי 25 יחידות,ויסוצקי ירוק,IL,תה ירוק קמומיל,יחידה,25.00,יחידה,false,,24.90,0.9960,true,1,1406702
7290012526602,false,כוסות שתיה קרה 100 י,כוסות שתיה קרה 4 ב 1,,כוסות שתיה קרה 100 י,יחידה,100.00,יחידה,false,,7.90,0.0790,true,1,1415623
7290012576607,false,"יין קברנה סוביניון פרמייר מלבק אדום ברקן 750 מ""ל","ברקן שיווק והפצה בע""",IL,יין אדום קברנה סובני,מיליליטרים,750.00,"100 מ""ל",false,,24.20,0.0323,true,1,1410735
7290012642036,false,"פסטה ""לה פסטה"" 400 ג' ספגטי 400 ג'",מוטלו,TR,לה פסטה 5 ספגטי 400,גרמים,400.00,100 גרם,false,,4.50,0.0113,true,1,1407828
7290012642685,false,אפרסק פירות בכוסות פלסטיק 4*113ג' תומר,תומר,,ליפתן בכוס בטעם אפרס,גרמים,113.00,100 גרם,false,,11.90,0.1053,true,1,1421720
7290012642692,false,קוקטייל פירות בכוסות פלס. רביעיות 113 גר,FOODS HUIZIANG JIANGSU,IL,ליפתן בכוס בטעם קוקט,גרמים,113.00,100 גרם,false,,11.90,0.1053,true,1,1414615
7290012642852,false,פלפל אדום קלוי על האש עם שום 540 תומר,סאטקו,BG,פלפל אדום על האש 540,מיליליטרים,540.00,"100 מ""ל",false,,13.00,0.0241,true,1,1421724
7290012803215,false,וופל בלגי בטעם שוקולד ללא תוספת סוכר,בטר אנד דיפרנט,IL,ופל בלגי ללא תוספת ס,גרמים,200.00,100 גרם,false,,9.90,0.0495,true,1,1410403
7290012803765,false,טוסו שוקולד מריר ללא תוספת סוכר 100 גרם,אלטינמארקה גידה סאן,TR,טוסו שוקולד מריר ללא,גרמים,10.00,100 גרם,false,,9.90,0.9900,true,1,1410406
7290012803796,false,טוסו שוקולד חלב עם אגוזים ללא תוספת סוכר 100 גר',אלטינמארקה גידה סאן,TR,טוסו שוקולד חלב עם א,גרמים,10.00,100 גרם,false,,9.90,0.9900,true,1,1410409
7290012901355,false,דודלס ארוחת אטריות עם גבינה 206 גרם,האי נאם סי או אל.טי.,US,ארוחת מקרוני עם רוטב,גרמים,206.00,100 גרם,false,,12.90,0.0626,true,1,1436648
7290012921032,false,"בקבוק בירה מלכה אדמונית 330 מ""ל","איי, בי, אינבוו",IL,בקבוק בירה מלכה אדמו,מיליליטרים,330.00,"100 מ""ל",false,,14.30,0.0433,true,1,1411865
7290012983153,false,סילאן טבעי בקבוק לחיץ תמר כנרת 400 גר,מנדלז סי.אר. פרודקשן,IL,סילאן טבעי בקבוק לחי,גרמים,400.00,100 גרם,false,,16.90,0.0422,true,1,1431753
7290013027399,false,לחם קמח מלא קל בתוספת שיפון 750 ג' אנג'ל,מאפיית שלמה א. אנג'\ל בע,IL,לחם קל פרוס 100% קמח,גרמים,750.00,100 גרם,false,,13.90,0.0185,true,1,1406769
7290013089809,false,פילה אמנון קפוא במשקל,,,מעדניה - פילה אמנון,קילוגרמים,1.00,"ק""ג",true,,30.90,30.9000,true,1,1431079
7290013117212,false,בורקס פילו במילוי גבינה מעדנות 600 גר,מיוצר עי קונדיטוריית,IL,בורקס פילו גבינה מעד,גרמים,600.00,100 גרם,false,,19.90,0.0332,true,1,1411803
7290013144232,false,מיימונס פודינג בטעם וניל 80 גרם,א.ל ייצור ושיווק תבלינים,IL,פודינג וניל 80 גרם,גרמים,85.00,100 גרם,false,,5.00,0.0588,true,1,1415132
7290013144249,false,מיימונס פודינג שוקולד 95 גרם,א.ל ייצור ושיווק תבלינים,IL,פודינג שוקולד 95 גרם,גרמים,95.00,100 גרם,false,,5.00,0.0526,true,1,1415133
7290013144270,false,תערובת להכנת קרם פטיסייר מיימונס 100 גרם,א.ל ייצור ושיווק תבלינים,IL,תערובת להכנת קרם פטי,גרמים,100.00,100 גרם,false,,9.90,0.0990,true,1,1427941
7290013144393,false,"תמצית בטעם וניל מימונס 50 מ""ל",א.ל ייצור ושיווק תבלינים,IL,מימונס תמצית בטעם ונ,גרמים,50.00,100 גרם,false,,4.90,0.0980,true,1,1415138
7290013144522,false,מימונס צבע מאכל ירוק 50 גרם,א.ל ייצור ושיווק תבלינים,IL,מימונס צבע מאכל ירוק,גרמים,50.00,100 גרם,false,,4.50,0.0900,true,1,1415143
7290013144539,false,צבע מאכל אדום מימונס 50 גרם,א.ל ייצור ושיווק תבלינים,IL,מימונס צבע מאכל אדום,גרמים,50.00,100 גרם,false,,4.50,0.0900,true,1,1415144
7290013145109,false,שקד מולבון טחון מימונס 100 גרם,א.ל ייצור ושיווק תבלינים,IL,שקד מולבן טחון 100 ג,גרמים,100.00,100 גרם,false,,13.50,0.1350,true,1,1415158
7290013145178,false,קוקוס טחון לבן מיימונס 100 גרם,א.ל ייצור ושיווק תבלינים,IL,מימונס קוקוס טחון לב,גרמים,100.00,100 גרם,false,,5.00,0.0500,true,1,1415161
7290013145451,false,אבקת קקאו מימונס 150 ג',מיוצר עי קונדיטוריית,IL,אבקת קקאו 150 גרם שק,גרמים,150.00,100 גרם,false,,9.50,0.0633,true,1,1431996
7290013145536,false,סוכריות לקישוט בטעם שוקולד מיימונס 85 גרם,א.ל ייצור ושיווק תבלינים,IL,סוכריות שוקולד לקישו,גרמים,85.00,100 גרם,false,,4.80,0.0565,true,1,1415167
7290013145567,false,מיימונס מיני מיני עדשים 90 גרם.,א.ל ייצור ושיווק תבלינים,IL,מיני עדשים 90 גרם,גרמים,90.00,100 גרם,false,,10.90,0.1211,true,1,1415168
7290013145628,false,סוכריות צבעוניות לקישוט מימונס 200 גרם,א.ל ייצור ושיווק תבלינים,IL,מימונס סוכריות צבעונ,גרמים,200.00,100 גרם,false,,9.90,0.0495,true,1,1415170
7290013145826,false,פודניג בטעם וניל לבן במיוחד מימונס 80 ג',א.ל ייצור ושיווק תבלינים,IL,פודינג בטעם וניל לבן,גרמים,80.00,100 גרם,false,,5.00,0.0625,true,1,1415173
7290013145840,false,סוכר וניל מיימונס 10 יחידות,א.ל ייצור ושיווק תבלינים,IL,סוכר וניל 10 יח' בצל,גרמים,100.00,100 גרם,false,,2.50,0.0250,true,1,1415174
7290013145857,false,אבקת אפיה מיימונס 10 יחידות,מימונס אפייה,IL,אבקת אפיה 10 יח' בצל,גרמים,100.00,100 גרם,false,,2.50,0.0250,true,1,1415175
7290013145901,false,סודה לשתיה מיימונס 100 גרם,א.ל ייצור ושיווק תבלינים,IL,"סודה לשתיה כשל""פ 100",גרמים,100.00,100 גרם,false,,2.00,0.0200,true,1,1415177
7290013145918,false,אבקת סוכר מיימונס 100 גרם,א.ל ייצור ושיווק תבלינים,IL,מימונס אבקת סוכר 100,גרמים,100.00,100 גרם,false,,2.00,0.0200,true,1,1415178
7290013145963,false,שמרים יבשים בוואקום מיימונס 125 גרם,מימונס אפייה,CN,מימונס שמרים יבשים ב,גרמים,125.00,100 גרם,false,,5.90,0.0472,true,1,1415181
7290013146755,false,"קצפת 24% שומן מימונס 500 מ""ל",מוצרי קפוא זן,BG,קצפת מעולה %24 שומן,מיליליטרים,500.00,"100 מ""ל",false,,13.90,0.0278,true,1,1434760
7290013146762,false,"קצפת לזילוף 24% שומן מימונס 200 מ""ל",מוצרי קפוא זן,BG,קצפת מעולה %24 שומן,מיליליטרים,200.00,"100 מ""ל",false,,6.90,0.0345,true,1,1434765
7290013153395,false,פריגת סחוט טרי רימונים 1ליטר,פריגת מצוננים,IL,מיץ רימונים סחוט טבע,גרמים,1000.00,100 גרם,false,,23.90,0.0239,true,1,1413611
7290013284310,false,רוטב פסטה לילדים פריניר 240 גרם,פריניר ( הדס 1987) ב,IL,רוטב פסטה לילדים פרי,גרמים,240.00,100 גרם,false,,5.50,0.0229,true,1,1413250
7290013302236,false,פסטה בילאג'יו פרפלה 500 גרם טעמן,מוצרי יסוד - טעמן,IL,פסטה בילאג'יו פרפלה,גרמים,500.00,100 גרם,false,,4.90,0.0098,true,1,1438446
7290013381088,false,עמבה הודית נאמן 500 גר',נאמן,IL,עמבה הודית 500 גרם,גרמים,500.00,100 גרם,false,,9.90,0.0198,true,1,1410332
7290013381897,false,טורטיות מקמח חיטה 320 ג',GRAFER,IL,טורטיות מקמח חיטה 20,יחידה,8.00,יחידה,false,,10.00,1.2500,true,1,1410337
7290013381972,false,"סרדינים בשמן צמחי 125 ג' ""נאמן""",Erg Conserve Sarl,,סרדינים בשמן צמחי נא,גרמים,125.00,100 גרם,false,,4.50,0.0360,true,1,1410340
7290013381996,false,"סרדינים בשמן זית 125 גרם ""נאמן""",Erg Conserve Sarl,,סרדינים בשמן זית נאמ,גרמים,125.00,100 גרם,false,,5.50,0.0440,true,1,1410342
7290013389091,false,בצלצלי פנינה כבושים 350 גרם תומר,,IN,בצלצלי פנינה כבושים,גרמים,350.00,100 גרם,false,,9.90,0.0283,true,1,1421726
7290013389114,false,ניוקי תפוח אדמה לה פסטה 500 גרם,לה פסטה La' Pasta,,"לה פסטה ניוקי תפו""""א",גרמים,500.00,100 גרם,false,,9.00,0.0180,true,1,1407835
7290013389145,false,"ניוקי 500 ג' ""לה פסטה"" מיני 500 גר' 12X",לה פסטה La' Pasta,,לה פסטה ניוקי מיני 5,גרמים,500.00,100 גרם,false,,9.00,0.0180,true,1,1407838
7290013389374,false,קמח תירס פולנטה תומר 500ג',פיקטה piccata,,קמח תירס 500 גרם,גרמים,500.00,100 גרם,false,,7.90,0.0158,true,1,1407839
7290013389381,false,"קמח תירס פולנטה מולינו 1 ק""ג",מולינו פילה,IT,קמח תירס (פולנטה) 1ק,גרמים,1000.00,100 גרם,false,,9.90,0.0099,true,1,1407840
7290013542526,false,כוסות נייר שתיה חמה,כוסות שתייה חמה 3 ב,CN,כוסות נייר שתיה חמה,יחידה,50.00,יחידה,false,,11.90,0.2380,true,1,1431806
7290013585387,false,קוקה קולה זירו בקבוק,החברה המרכזית לייצור משקאות,IL,קוקה קולה זירו בקבוק,מיליליטרים,1000.00,"100 מ""ל",false,,6.90,0.0069,true,1,1413529
7290013585394,false,קוקה קולה 1ליטר בודד,החברה המרכזית לייצור משקאות,IL,קוקה קולה בקבוק 1 לי,מיליליטרים,1000.00,"100 מ""ל",false,,7.50,0.0075,true,1,1413530
7290013787736,false,רביולי במילוי גבינה 400 רמילוי,,,רביולי במילוי גבינה,גרמים,400.00,100 גרם,false,,21.90,0.0547,true,1,1413841
7290013787750,false,רביולי בטטה ומסקרפונה 400 רמילוי,,,רביולי בטטה ומסקרפונ,גרמים,400.00,100 גרם,false,,22.90,0.0572,true,1,1413843
7290013787767,false,רביולי ריקוטה ותרד 400 רמילוי,,,רביולי ריקוטה ותרד 4,גרמים,400.00,100 גרם,false,,22.90,0.0572,true,1,1413844
7290013843050,false,כוסות שתיה קרה 100 י,כוסות שתיה קרה 4 ב 1,,כוסות שתיה קרה 100 י,יחידה,100.00,יחידה,false,,7.90,0.0790,true,1,1415625
7290013843968,false,כוסות קרטון 8 אוז 50 יח',כוסות שתייה חמה 3 ב,,כוסות נייר שתיה חמה,יחידה,50.00,יחידה,false,,11.90,0.2380,true,1,1415626
7290013847645,false,סטארקיסט טונה בשמן זית 80 גר' שלישיות,סטארקיסט Starkist,TR,טונה בהירה בשמן זית,גרמים,240.00,100 גרם,false,,17.90,0.0746,true,1,1428495
7290013847867,false,מארז זוג טונה בשמן סויה 140 ג' סטארקיסט,טונה ויטנאם קו. אל.ט,IL,טונה בהירה בשמן קנול,גרמים,280.00,100 גרם,false,,12.90,0.0461,true,1,1438107
7290013848345,false,מארז מטליות לחיטוי וניקוי יסודי אנטיבקטריאלי 99.9%,סנו מפעלי ברונוס בעמ,IL,מגבונים 99.9% לחיטוי,יחידה,3.00,יחידה,false,,21.90,7.3000,true,1,1428234
7290013849205,false,כוס קר שקוף קלאסי מצוין - 100 יחידות,כוסות שתיה קרה 4 ב 1,,כוסות שתיה קרה 100 י,יחידה,100.00,יחידה,false,,7.90,0.0790,true,1,1431562
7290013906496,false,פסטרמה עגל בסגנון רומני טירת צבי 120 גר,הנסיך- מפעל לייצור ט,IL,פסטרמה עגל רומנית 12,גרמים,120.00,100 גרם,false,,14.90,0.1242,true,1,1411819
7290013927637,false,חלוה ללא תוספת סוכר במגש 400 גר' אחוה,אחדות ביחר לטחינה חל,IL,חלווה ללא תוספת סוכר,גרמים,400.00,100 גרם,false,,14.90,0.0373,true,1,1413252
7290014002197,false,חליטת קמומיל ולימונית הגן הקסום ויסוצקי 25 יחידות,תה ויסוצקי,IL,חליטת קמומיל ולימוני,יחידה,25.00,יחידה,false,,17.90,0.7160,true,1,1406704
7290014002203,false,חליטת לימונית ולואיזה הגן הקסום ויסוצקי 25 יחידות,תה ויסוצקי,IL,חליטת לימונית לואיזה,יחידה,25.00,יחידה,false,,17.90,0.7160,true,1,1406705
7290014002944,false,גן קסום חליטת פירות וצמחים חמדת שקד 25 שקיקים,תה ויסוצקי,IL,חליטת חמדת השקד הגן,יחידה,25.00,יחידה,false,,17.50,0.7000,true,1,1406706
7290014027213,false,"ערק ג'בלנא 40% אלכוהול 700 מ""ל",משקאות ג'בלנא,IL,"ערק ג'באלנא 700 מ""ל",מיליליטרים,700.00,"100 מ""ל",false,,54.90,0.0784,true,1,1409177
7290014089082,false,זוטה בעציץ,,,זוטה בעציץ,יחידה,1.00,יחידה,false,,8.90,8.9000,true,1,1429649
7290014089433,false,גרניום בעציץ יחידה,פרח הארץ,IL,גרניום בעציץ,יחידה,1.00,יחידה,false,,8.90,8.9000,true,1,1429673
7290014094857,false,פקאן סיני מסוכר 150 גרם ששון הקולה,"דין שיווק וקלייה בע""",IL,פקאן סיני מסוכר 150,גרמים,150.00,100 גרם,false,,19.90,0.1327,true,1,1435300
7290014094895,false,אגוזים קלופים בשקית ששון הקולה 150 גרם,"שקדיה גבע תעשיות בע""",IL,אגוזים קלופים בשקית,גרמים,150.00,100 גרם,false,,11.90,0.0793,true,1,1436877
7290014126428,false,מרמולייט סטיביה ממתיק 150 טבליות,מיוצר עי קונדיטוריית,CN,סטיביה 150 טבליות,יחידה,150.00,יחידה,false,,27.90,0.1860,true,1,1410411
7290014256637,false,"יין מבעבע מוסקטו באזז יקבי כרמל 750 מ""ל",יקבי כרמל Carmel Winery,IL,יין מבעבע לבן מתוק ב,מיליליטרים,750.00,"100 מ""ל",false,,27.90,0.0372,true,1,1417025
7290014455467,false,ירח מתוק מעדן חלב 2% ושיבולת שועל גד 150ג',גבינות מדף,IL,מעדן שיבולת שועל וחל,גרמים,150.00,100 גרם,false,,5.90,0.0393,true,1,1413790
7290014466128,false,"יין הר חרמון אינדיגו 750 מ""ל",מיוצר וממולא על ידי יקב,IL,יין אדום יבש הר חרמו,מיליליטרים,750.00,"100 מ""ל",false,,31.90,0.0425,true,1,1419763
7290014501232,false,יין בר הרי גליל לבן 750 מל,יקבי רמת הגולן,IL,יין הרי גליל לבן יבש,מיליליטרים,750.00,"100 מ""ל",false,,31.90,0.0425,true,1,1429426
7290014525665,false,מרבה על חלל עוגיות קקאו וסוכריות שוק חלב 140 יח',"מרבה בע""\מ",NL,עוגיות קקאו עם סוכרי,יחידה,6.00,יחידה,false,,9.90,1.6500,true,1,1434280
7290014525672,false,מרבה על חלל עוגיות קקאו וסוכריות שוקולד חלב 140 גרם,"מרבה בע""\מ",NL,עוגיות עם סוכריות שו,יחידה,6.00,יחידה,false,,9.90,1.6500,true,1,1434281
7290014534698,false,"פסטה ""לה פסטה"" 400 ג' תלתל 400 ג'",מוטלו,TR,פסטה תלתל חיטה דורום,גרמים,400.00,100 גרם,false,,4.50,0.0113,true,1,1407849
7290014634046,false,ריבת רוסמן לייט אוכמניות 500 גרם,הדרום תעשיות מזון בע,IL,ריבה אוכמניות לייט 0,גרמים,500.00,100 גרם,false,,23.00,0.0460,true,1,1406106
7290014634053,false,ריבת רוסמן לייט דובדבן 500 גרם,,,ריבת אוכמניות לייט 5,גרמים,500.00,100 גרם,false,,23.00,0.0460,true,1,1406107
7290014634060,false,ריבת רוסמן לייט פירות 500 גרם,הדרום תעשיות מזון בע,IL,קונפיטורת דובדבנים ל,גרמים,500.00,100 גרם,false,,23.00,0.0460,true,1,1421685
7290014634077,false,ריבת רוסמן לייט תות שדה 500 גרם,הדרום תעשיות מזון בע,IL,ריבת פירות לייט 500,גרמים,500.00,100 גרם,false,,23.00,0.0460,true,1,1406108
7290014648333,false,מקלוני צמר גפן פלסטי,,,מקלוני צמר גפן פלסטי,יחידה,100.00,יחידה,false,,1.50,0.0150,true,1,1411939
7290014673434,false,פלפל שחור גרוס דק שקית תבליני מימון 80גרם,א.ל ייצור ושיווק תבל,,פלפל שחור גרוס דק בש,גרמים,80.00,100 גרם,false,,8.90,0.1113,true,1,1413998
7290014692299,false,גבינת ברי EURO CHEESE ויליפוד 125 גרם,יורו צ'יז Euro Cheese,DK,גבינת ברי עם עובש לב,גרמים,125.00,100 גרם,false,,19.90,0.1592,true,1,1408448
7290014692565,false,גרעיני תירס מתוק וילי פוד 320 גרם,אקו קונסרויפרי קי.אפ,HU,גרעיני תירס מתוק ויל,גרמים,320.00,100 גרם,false,,5.90,0.0184,true,1,1408451
7290014692749,false,"שמן זית כתית מעולה ויליפוד 750 מ""ל",אסטיאס בורגס,ES,שמן זית כתית מעולה ו,גרמים,750.00,100 גרם,false,,32.90,0.0439,true,1,1408454
7290014749764,false,עוף טוב שניצל עוף ביתי עדין כזה 700 גרם,מוצרי עוף טוב (2001) בע\,IL,שניצל עוף ביתי עדין,גרמים,700.00,100 גרם,false,,44.90,0.0641,true,1,1432780
7290014759084,false,גבינת שמנת נפוליאון 16% מופחת שומן תנובה 225 גרם,תנובה מרכז שיתופי לש,IL,נפוליאון גבינת שמנת,גרמים,225.00,100 גרם,false,,13.90,0.0618,true,1,1411541
7290014760134,false,"מעדן סויה בטעם וניל תנובה 125 מ""ל",תנובה Alternative,IL,מאגדת מעדן סויה וניל,גרמים,250.00,100 גרם,false,,4.20,0.0168,true,1,1411550
7290014760141,false,משקה שקדים תנובה E אלטרנטיב,תנובה Alternative,IL,משקה שקדים טרי 1 ליט,מיליליטרים,1000.00,"100 מ""ל",false,,12.90,0.0129,true,1,1411551
7290014761070,false,מעדן שוקולד לבן יולו תנובה 123 גרם,מיוצר עי קונדיטוריית,IL,מעדן חלב עם שוקולד ל,גרמים,123.00,100 גרם,false,,4.70,0.0382,true,1,1411558
7290014761612,false,מעדן שכבות שוקולד מריר ולבן יולו 122 גרם,מיוצר עי קונדיטוריית,IL,מעדן שכבות שוקולד לב,גרמים,123.00,100 גרם,false,,4.70,0.0382,true,1,1411563
7290014762800,false,מעדן סויה שוקולד גביע 125 גרם אלטרנטיב,תנובה מרכז שיתופי לש,IL,מעדן סויה שוקולד גבי,גרמים,125.00,100 גרם,false,,4.20,0.0336,true,1,1411577
7290014803565,false,צנימים עגולים עם חיטה מלאה 300 גרם,NEWLAT,,צנימים עגולים עם קמח,גרמים,300.00,100 גרם,false,,13.90,0.0463,true,1,1410346
7290014905733,false,"הפי פרפקט לניקוי שמשות 750 מ""ל",יעקובי הפי,TR,מרסס לניקוי חלונות ה,מיליליטרים,750.00,"100 מ""ל",false,,8.90,0.0119,true,1,1438317
7290014940901,false,לחם פשוט מלא אנג'ל 750 גרם,מאפיית שלמה א. אנג'\ל בע,IL,לחם פשוט מלא 750 גרם,גרמים,750.00,100 גרם,false,,13.90,0.0185,true,1,1406770
7290014974876,false,גלילי ופל במילוי קרם אגוז ל.גלוטן 100 גר,כרמית תעשיות ממתקים,IL,רולים אגוז ללא גלוטן,גרמים,100.00,100 גרם,false,,7.50,0.0750,true,1,1413258
7290015039246,false,נתחי טונה בשמן צמחי רביעיה * 160 ג' וילי פוד,וילי פוד,TH,נתחי טונה בהירה בשמן,גרמים,640.00,100 גרם,false,,21.90,0.0342,true,1,1408458
7290015039338,false,נתחי טונה במי מלח רביעיה * 160 ג' וילי פוד,וילי פוד,TH,נתחי טונה במי מלח וי,גרמים,640.00,100 גרם,false,,21.90,0.0342,true,1,1408460
7290015057202,false,חומץ רכיבים טבעיים 5,טעמן,IL,חומץ טבעי 5% 1 ליטר,מיליליטרים,1000.00,"100 מ""ל",false,,6.20,0.0062,true,1,1408316
7290015130028,false,שקית הפתעה לימי הולד,,,שקית הפתעה לימי הולד,יחידה,1.00,יחידה,false,,4.50,4.5000,true,1,1418184
7290015139250,false,"שוקולד מריר פצפוצי אורז כרמית 85 גרם לל""ס","כרמית תעשיות ממתקים בע""\",IL,שוקולד מריר עם פצפוצ,גרמים,85.00,100 גרם,false,,6.90,0.0812,true,1,1407968
7290015139267,false,שוקולד מריר עם שקדים ללא תוספת סוכר וסטהיים,"כרמית תעשיות ממתקים בע""\",IL,שוקולד מריר עם שקדים,גרמים,85.00,100 גרם,false,,5.90,0.0694,true,1,1407969
7290015139465,false,כרמית מיקסים בייגלה מצופה שוקולד חלב,כרמית תעשיות ממתקים בעמ,IL,אגו מיקס בייגלה מצופ,גרמים,55.00,100 גרם,false,,3.90,0.0709,true,1,1407970
7290015139519,false,אגו מיקס קוביות וופל 55 גר',כרמית,IL,אגו מיקס קוביות וופל,גרמים,55.00,100 גרם,false,,3.90,0.0709,true,1,1407974
7290015150088,false,מחית עגבניות קלה גרנד איטליה 700 גרם,שוורצקוף& הנקל דיסלד,IT,מחית עגבניות קלה גרא,גרמים,700.00,100 גרם,false,,12.30,0.0176,true,1,1422679
7290015150118,false,שלישיית עגבניות חתוכות דק גרנד איטליה 400 גרם,אמיליאנה קונסרב ס.פ.,IT,עגבניות חתוכות דק 3*,גרמים,1200.00,100 גרם,false,,16.80,0.0140,true,1,1406709
7290015193634,false,אובלטים דקיקים קימל מעדני המלך 300 גר',אם החיטה,IL,אובלטים קימל מעדני מ,גרמים,300.00,100 גרם,false,,9.90,0.0330,true,1,1437510
7290015193832,false,קרקר עם שומשום ארומה 300 גרם,פפושדו,IL,ארומה קרקר שומשום 30,גרמים,300.00,100 גרם,false,,7.50,0.0250,true,1,1413264
7290015320054,false,עוגיות בטעם חמאה יעד 340 גרם,,,עוגיות בטעם חמאה 340,גרמים,340.00,100 גרם,false,,12.90,0.0379,true,1,1419696
7290015320481,false,שוקולד מריר 60% קקאו שגוטן 100 גרם,,,שוקולד מריר 60% 100,גרמים,100.00,100 גרם,false,,4.90,0.0490,true,1,1429115
7290015395939,false,חטיף אורז בטעם מתוק מלוח 120 גרם,דין שיווק,IL,חטיף יפני 150 גרם-שש,גרמים,150.00,100 גרם,false,,15.90,0.1060,true,1,1430030
7290015597210,false,מאגדת טילון קורנטו פרווה טבעוני-וויגן פרנדלי,"גלידת שטראוס בע""\מ, רחוב",IL,מאגדת קורנטו וניל פר,יחידה,6.00,יחידה,false,,33.90,5.6500,true,1,1416819
7290015603232,false,איטריות בתוספת דלעת 454 גרם,פוגקן לונגהי אנלידה,CN,איטריות עם דלעת 454,גרמים,454.00,100 גרם,false,,10.90,0.0240,true,1,1412132
7290015603638,false,"אורז קלרוז 1 ק""ג (כ) (Minh)",מינה פונג גרין אגריק,VN,"אורז קלרוז 1 ק""ג",גרמים,1000.00,100 גרם,false,,11.90,0.0119,true,1,1412137
7290015652070,false,קשוי קלוי בשקית ששון הקולה 150 גרם,"דין שיווק וקלייה בע""",IL,קשיו קלוי 150 גרם שק,גרמים,150.00,100 גרם,false,,12.90,0.0860,true,1,1435307
7290015652087,false,תערובת פיצוחים בשקית ששון הקולה 150 גרם,דין שיווק,IL,תערובת פיצוחים 150 ג,גרמים,150.00,100 גרם,false,,12.90,0.0860,true,1,1435308
7290015681100,false,שניצלונים בציפוי שומשום רמי לוי 600 גרם,רמי לוי,IL,שניצלונים בציפוי שומ,גרמים,600.00,100 גרם,false,,24.90,0.0415,true,1,1427686
7290015681162,false,שניצל תירס רמי לוי 750 גרם,רמי לוי,IL,שניצל תירס רמי לוי 7,גרמים,750.00,100 גרם,false,,19.90,0.0265,true,1,1427691
7290015681186,false,שניצל עוף אמיתי עם שומשום רמי לוי 700 גרם,רמי לוי,IL,שניצל עוף אמיתי בציפ,גרמים,700.00,100 גרם,false,,27.90,0.0399,true,1,1427693
7290015681209,false,רצועות הודו רמי לוי 650 גרם,רמי לוי,IL,רצועות הודו צ'ונגו ב,גרמים,650.00,100 גרם,false,,29.90,0.0460,true,1,1427694
7290015681247,false,פילה עוף אמיתי בציפו,רמי לוי,IL,פילה עוף אמיתי בציפו,גרמים,700.00,100 גרם,false,,33.90,0.0484,true,1,1427698
7290015681759,false,מיזלי פירות רמי לוי,רמי לוי,,מיזלי פירות 400 גרם,גרמים,400.00,100 גרם,false,,10.40,0.0260,true,1,1429456
7290015681773,false,קינואה רמי לוי 400 גרם,דין שיווק,,קינואה 400 גרם - רמי,גרמים,400.00,100 גרם,false,,10.90,0.0273,true,1,1429461
7290015731942,false,מגש מעוצב אובלי /מלב,,,מגש מעוצב אובלי /מלב,יחידה,1.00,יחידה,false,,35.90,35.9000,true,1,1425374
7290015821179,false,כווסת קרטון לשתייה חמה,,,כוסות נייר שתיה חמה,יחידה,50.00,יחידה,false,,11.90,0.2380,true,1,1438796
7290015834209,false,"ציפס קלאסי רמי לוי 2 ק""ג",קפוא-זן,BE,רמי לוי צ'יפס קלאסי,גרמים,2000.00,100 גרם,false,,23.90,0.0119,true,1,1413848
7290015834339,false,דבש בצנצנת רמי לוי 350 גרם,דבש עמק חפר,RO,דבש בצנצנת רמי לוי 3,גרמים,350.00,100 גרם,false,,16.70,0.0477,true,1,1416392
7290015834445,false,"ציפס סטיק רמי לוי 2 ק""ג",קפוא-זן,BE,רמי לוי סטיק צ'יפס 2,גרמים,2000.00,100 גרם,false,,23.90,0.0119,true,1,1413850
7290015834469,false,פרוסות דקל רמי לוי 220 גרם,טעמן,,לבבות דקל פרוסות במי,גרמים,400.00,100 גרם,false,,7.90,0.0198,true,1,1416393
7290015835411,false,גרנולה אגוזים רמי לוי 400 גרם,רמי לוי,,גרנולה עם צימוקים וא,גרמים,400.00,100 גרם,false,,10.90,0.0273,true,1,1429458
7290015835756,false,שיבולת שועל דק רמי לוי 500 גרם,רמי לוי,,שיבולת שועל דקה 500,גרמים,500.00,100 גרם,false,,4.90,0.0098,true,1,1417104
7290015835930,false,מגבות נייר רמי לוי 8 יח,רמי לוי,,מגבות נייר רמי לוי 8,יחידה,8.00,יחידה,false,,13.90,1.7375,true,1,1433439
7290015835954,false,מפיות נייר רמי לוי 100 יח,רמי לוי,,מפיות רמי לוי 100 יח,יחידה,100.00,יחידה,false,,5.50,0.0550,true,1,1417468
7290015858106,false,"ממרח פסטו ביתי 180 גרם ""עללחם""","מדשא תעשיות מזון בע""\מ",IL,ממרח פסטו ביתי עללחם,גרמים,180.00,100 גרם,false,,15.90,0.0883,true,1,1414552
7290015858328,false,עללחם ממרח איולי פסטו 295 גרם,"מדשא תעשיות מזון בע""\מ",IL,איולי פסטו עללחם 295,גרמים,295.00,100 גרם,false,,15.90,0.0539,true,1,1441647
7290015858441,false,עללחם ממרח איולי פלפלים 295 גרם,"מדשא תעשיות מזון בע""\מ",IL,איולי פלפלים עללחם 2,גרמים,295.00,100 גרם,false,,15.90,0.0539,true,1,1441648
7290015858687,false,עללחם ממרח איולי שום 295 גרם,"מדשא תעשיות מזון בע""\מ",IL,איולי שום עללחם 295,גרמים,295.00,100 גרם,false,,15.90,0.0539,true,1,1441649
7290015951869,false,"יין הר חרמון רוזה 750 מ""ל",מיוצר וממולא על ידי יקב,IL,יין רוזה יבש הר חרמו,מיליליטרים,750.00,"100 מ""ל",false,,31.90,0.0425,true,1,1419766
7290016087147,false,רוטב עגבניות מתובל לפיצה מרגריטה 240 גרם,פריניר,IL,פריניר רוטב פיצה מרג,גרמים,240.00,100 גרם,false,,5.50,0.0229,true,1,1413277
7290016087222,false,רוטב עגבניות מרוכז לשקשוקה פריניר 230 גרם,פריניר ( הדס 1987) ב,IL,פריניר רוטב עגבניות,גרמים,230.00,100 גרם,false,,5.50,0.0239,true,1,1413278
7290016144000,false,"קמח חיטה מלאה נפלאות 80% 1 ק""ג","קמח מלכים בע""\מ",IL,קמח חיטה מלא 80% נפל,גרמים,1000.00,100 גרם,false,,9.90,0.0099,true,1,1430089
7290016144031,false,"נפלאות קמח חיטה לבן מנופה 1 ק""ג",קמח מלכים,IL,קמח חיטה לבן מנופה נ,גרמים,1000.00,100 גרם,false,,7.90,0.0079,true,1,1430091
7290016144048,false,"קמח כוסמין לבן נפלאות 1 ק""ג","קמח מלכים בע""מ",IL,קמח כוסמין לבן נפלאו,גרמים,1000.00,100 גרם,false,,17.90,0.0179,true,1,1430096
7290016188585,false,GIACOBAZZI למברוסקו רוזה חצי יבש יקבי כרמל,יקב גאקובזי,IT,יין רוזה מבעבע חצי י,מיליליטרים,750.00,"100 מ""ל",false,,26.90,0.0359,true,1,1417031
7290016233384,false,גפילטע פיש 7 קציצות תומר 555 גרם,דג טעים ירושלים,IL,גפילטע פיש 555 גרם,יחידה,7.00,יחידה,false,,14.90,2.1286,true,1,1407860
7290016233575,false,פתיתי שיבולת שועל 600 גר גוד מורנינג,,LT,שיבולת שועל 600 גרם,גרמים,600.00,100 גרם,false,,5.90,0.0098,true,1,1407861
7290016272796,false,נייר טואלט רמי לוי 30 יח,,,נייר טואלט רמי לוי 3,יחידה,30.00,יחידה,false,,29.90,0.9967,true,1,1417470
7290016272802,false,מגבות נייר רמי לוי 6,,,מגבות נייר רמי לוי 6,יחידה,6.00,יחידה,false,,10.90,1.8167,true,1,1417471
7290016273090,false,סוכריה על מקל בטעם תות בננה 31 גרם,אוריגינל גורמה,US,סוכריה על מקל 31 גרם,גרמים,31.00,100 גרם,false,,5.00,0.1613,true,1,1408797
7290016273182,false,ציפס אמריקאי רמי לוי,,,רמי לוי צ'יפס אמריקא,גרמים,1500.00,100 גרם,false,,18.90,0.0126,true,1,1413852
7290016273601,false,דבש לחיץ 500 גר רמי לוי,,,"דבש ""רמי לוי"" לחיץ 5",גרמים,500.00,100 גרם,false,,23.90,0.0478,true,1,1429740
7290016277944,false,מעדן פרי שזיף רמי לוי 284 גר,,,מעדן שזיף 100% רכיבי,גרמים,284.00,100 גרם,false,,9.90,0.0349,true,1,1430148
7290016304060,false,חלה רגילה 500 גרם,,IL,חלה רגילה 500 גרם,גרמים,500.00,100 גרם,false,,5.17,0.0103,true,1,1417537
7290016304596,false,לחמניות לסנדביץ 75 גרם,מאפית דוידוביץ ובניו,IL,לחמניות רגילות דוידו,גרמים,750.00,100 גרם,false,,13.90,0.0185,true,1,1429621
7290016319194,false,טוסו עוגיות סנדוויץ שוקו במילוי קרם וניל *זוג* 300 גרם,אפיפית,IL,טוסו עוגיות סנדוויץ',גרמים,300.00,100 גרם,false,,17.90,0.0597,true,1,1431360
7290016372373,false,רסק עגבניות ללא תוספת סוכר ומלח - מארז זוג,גרנד איטליה Grand Italia,IT,רסק עגבניות 22° קונס,גרמים,280.00,100 גרם,false,,7.90,0.0282,true,1,1406713
7290016408294,false,"מרשמלו ורוד לבן וסטהיים 150 ג', 26 בקרטון",מנדלז סי.אר. פרודקשן,IL,מרשמלו ורוד לבן כרמי,גרמים,150.00,100 גרם,false,,4.90,0.0327,true,1,1410009
7290016408744,false,מרשמלו טוויסטר כרמית 150 גרם,"כרמית תעשיות ממתקים בע""\",IL,מרשמלו כרמית טוויסטר,גרמים,150.00,100 גרם,false,,4.90,0.0327,true,1,1407993
7290016408980,false,"מטבעות שוקולד חלב 36 ג' כשל""פ בד""ץ!",כרמית תעשיות מזון,IL,מטבעות שוקולד חלב 36,גרמים,36.00,100 גרם,false,,3.90,0.1083,true,1,1407995
7290016448870,false,שפרוטים מעושנים בשמן,אודסקי קונסרברי זאבו,UA,שפרוטים 150 גרם,גרמים,150.00,100 גרם,false,,5.90,0.0393,true,1,1432012
7290016448887,false,שפרוטים מעושנים בשמן,אודסקי קונסרברי זאבו,UA,שפרוטים 240 גרם,גרמים,240.00,100 גרם,false,,8.90,0.0371,true,1,1432013
7290016448894,false,ביצקי ברוטב עגבניות 240 גרם,,UA,ביצ'קי ברוטב עגבניות,גרמים,240.00,100 גרם,false,,5.90,0.0246,true,1,1432014
7290016475029,false,חמישיית פיתות אסלי!.^,,,פיתות אסלי המכבים 5,יחידה,5.00,יחידה,false,,6.90,1.3800,true,1,1417548
7290016510768,false,"הוואי תחליב רחצה יוגורט ואוכמניות 700 מ""ל",טרופיקל דגיל בעמ,IL,הוואי תחליב רחצה יוג,מיליליטרים,700.00,"100 מ""ל",false,,10.90,0.0156,true,1,1422078
7290016564266,false,מבריקל הפלא כיסוי הפלא 3,פארמה דיל,IL,מבריקל הפלא כיסוי הפ,יחידה,30.00,יחידה,false,,9.90,0.3300,true,1,1427752
7290016609141,false,אפונה וגזר רמי לוי 5,,,אפונה וגזר רמי לוי 5,גרמים,550.00,100 גרם,false,,6.50,0.0118,true,1,1413283
7290016609158,false,חומוס גרגירים 290 גר רמי לוי,,,חומוס גרגירים רמי לו,גרמים,550.00,100 גרם,false,,6.50,0.0118,true,1,1413284
7290016609172,false,שעועית לבנה ברוטב עגבניות 335 גר,,,שעועית לבנה אפויה בר,גרמים,580.00,100 גרם,false,,6.50,0.0112,true,1,1413285
7290016609189,false,גרעיני תירס 335 גר רמי לוי,,,גרעיני תירס מתוק רמי,גרמים,550.00,100 גרם,false,,5.90,0.0107,true,1,1413286
7290016609196,false,גרעיני תירס לייט 335 גר רמי לוי,,,תירס לייט רמי לוי 55,גרמים,550.00,100 גרם,false,,6.90,0.0125,true,1,1413287
7290016667042,false,קשיות פסים זברה עבים 20 יח',עבדו,,קשיות פסים זברה עבים,יחידה,20.00,יחידה,false,,9.90,0.4950,true,1,1436712
7290016667448,false,דובדבן מסוכר 100 ג' נאמן,פוליבה,,דובדבן מסוכר 100 גרם,גרמים,100.00,100 גרם,false,,7.90,0.0790,true,1,1421124
7290016667462,false,פריכיות חסכוני אורז 265 ג',פרח תעשיות,,פריכיות אורז 265 גרם,גרמים,265.00,100 גרם,false,,12.90,0.0487,true,1,1441388
7290016667813,false,מלח הימלאיה דק 500 גר',,,מלח הימלאיה דק 500 ג,גרמים,500.00,100 גרם,false,,13.90,0.0278,true,1,1434298
7290016667950,false,שימור פילה אנשובי שמ,,,שימור פילה אנשובי שמ,גרמים,46.00,100 גרם,false,,6.90,0.1500,true,1,1433476
7290016667967,false,שימורי פילה אנשובי שמן זית 46 גרם,,,שימור פילה אנשובי שמ,גרמים,46.00,100 גרם,false,,7.90,0.1717,true,1,1433477
7290016667981,false,"דפי אורז 270 ג 22 ס""מ 24 דפים",,,דפי אורז מרובעים 22,גרמים,270.00,100 גרם,false,,9.90,0.0367,true,1,1434300
7290016717051,false,משקה Buzz מוגז בטעם רימון מבוסס יין אדום מתוק,יקבי כרמל Carmel Winery,IL,יין מבעבע אדום רימון,מיליליטרים,750.00,"100 מ""ל",false,,27.90,0.0372,true,1,1428645
7290016733891,false,טבעות בצל רמי לוי 60,קפוא-זן,IL,טבעות בצל רמי לוי 60,גרמים,600.00,100 גרם,false,,14.90,0.0248,true,1,1427699
7290016865080,false,שניצל דק בציפוי שומשום 700 ג,,,שניצל דק בציפוי שומש,גרמים,700.00,100 גרם,false,,27.90,0.0399,true,1,1427700
7290016865103,false,שניצל דק בציפוי ציפס 700 ג,,,שניצל דק בציפוי צ'יפ,גרמים,700.00,100 גרם,false,,27.90,0.0399,true,1,1427702
7290016967074,false,לחם חיטה מלאה עם גרעינים ודגנים,מאפיית שלמה א. אנג'\ל בע,IL,לחם חיטה מלאה אנג'ל,גרמים,750.00,100 גרם,false,,14.90,0.0199,true,1,1406775
7290017058092,false,שיבולת שועל שלמה 600 גר גוד מורנינג,,LT,שיבולת שועל 600 גרם,גרמים,600.00,100 גרם,false,,5.90,0.0098,true,1,1407868
7290017058146,false,רסק תפוח עץ עם אפרסק 452 גר,אינדיאן סאמר קו אופ אינק,US,"רסק תפו""ע עם אפרסק 4",גרמים,452.00,100 גרם,false,,11.90,0.0263,true,1,1407871
7290017058573,false,תומר פרוסות פלפל חלפיניו בחומץ 340 גרם,אינדיה אגרו אקספורט,IN,פלפל חלפיניו בצנצנת,גרמים,340.00,100 גרם,false,,7.90,0.0232,true,1,1437579
7290017079134,false,פתיתים אורז 500ג רמילוי,,,פתיתים אורז - רמי לו,גרמים,500.00,100 גרם,false,,3.90,0.0078,true,1,1416425
7290017079677,false,שוקולד חלב 270 גרם טעמן,מילאנו ספולקה זד,PL,שוקולד חלב טעמן 270,גרמים,270.00,100 גרם,false,,13.90,0.0515,true,1,1439833
7290017079684,false,שוקולד מריר 270 גרם טעמן,מילאנו ספולקה זד,PL,שוקולד מריר טעמן 270,גרמים,270.00,100 גרם,false,,13.90,0.0515,true,1,1439856
7290017079691,false,שוקולד חלב עם אגוזים 270 גרם טעמן,מילאנו ספולקה זד,PL,שוקולד חלב עם אגוזים,גרמים,270.00,100 גרם,false,,13.90,0.0515,true,1,1439857
7290017079707,false,שוקולד מריר עם אגוזים 270 גרם טעמן,מילאנו ספולקה זד,PL,שוקולד מריר עם אגוזי,גרמים,270.00,100 גרם,false,,13.90,0.0515,true,1,1439858
7290017079714,false,שוקולד חלב עם בוטנים 270 גרם טעמן,מילאנו ספולקה זד,PL,שוקולד חלב עם בוטנים,גרמים,270.00,100 גרם,false,,13.90,0.0515,true,1,1439859
7290017105468,false,מארז שלישייה אפונה קטנה יכין 3*200 גר,קשקמט קונסרב הונגריה,IL,אפונה שלשות יכין 420,גרמים,420.00,100 גרם,false,,11.90,0.0283,true,1,1427739
7290017105895,false,גרגרי חומוס להכנת חומוס משובח יכין 560 ג,זנלכל,IL,יכין - גרגירי חומוס,גרמים,550.00,100 גרם,false,,9.90,0.0180,true,1,1433508
7290017121093,false,"אריסה חריפה 250 גרם ""עללחם""","מדשא תעשיות מזון בע""\מ",IL,אריסה חריפה עללחם 25,גרמים,250.00,100 גרם,false,,13.90,0.0556,true,1,1425681
7290017129495,false,אגו מיקס כדורי תירס מצופים שוקולד חלב כרמית 55 גרם,כרמית תעשיות ממתקים בעמ,IL,אגו מיקס כדורי תירס,גרמים,55.00,100 גרם,false,,3.90,0.0709,true,1,1408008
7290017129501,false,אגו מיקס כדורי תירס מצופים שוקולד לבן כרמית 55 גרם,כרמית,IL,אגו מיקס כדורי תירס,גרמים,55.00,100 גרם,false,,3.90,0.0709,true,1,1408009
7290017129518,false,אגו מיקס כדורי תירס מצופים שוקולד חלב ולבן כרמית 55 גרם,כרמית,IL,אגו מיקס כדורי תירס,גרמים,55.00,100 גרם,false,,3.90,0.0709,true,1,1408010
7290017129822,false,מטבעות שוקולד מריר כרמית 36 גרם,כרמית,IL,מטבעות שוקולד מריר 3,גרמים,36.00,100 גרם,false,,3.90,0.1083,true,1,1408025
7290017142159,false,"שלישיית נתחי טונה בהירה בשמן זית 80 גרם ""עץ הזית""",הנסיך- מפעל לייצור ט,TH,נתחי טונה בהירה בשמן,גרמים,240.00,100 גרם,false,,23.90,0.0996,true,1,1417567
7290017142395,false,"LUNCH TO GO פסטה עם טונה בשמן זית 160 גרם ""עץ הזית""",יוניקורד ח.צ בעמ,TH,ארוחת טונה עם פסטה ב,גרמים,160.00,100 גרם,false,,14.90,0.0931,true,1,1432772
7290017189192,false,"אדממה פולי סויה 1 ק""ג",משק ויילר,CN,"פולי סויה אדממה 1 ק""",קילוגרמים,1.00,"ק""ג",false,,15.90,15.9000,true,1,1439307
7290017197685,false,שלישייה מגבוני טואלט לחים,,,מגבוני נייר טואלט רמ,יחידה,3.00,יחידה,false,,10.90,3.6333,true,1,1415654
7290017266046,false,מארז וופל קראנצ' אישי 30 יחידות עלמה,"גילרו בע""מ",IL,חטיף עלמה קראנץ' 30,גרמים,300.00,100 גרם,false,,15.90,0.0530,true,1,1419515
7290017266312,false,וופל מילוי קרם בטעם שוקולד 150 גרם,גילרו,IL,וופל אייר במילוי קרם,גרמים,150.00,100 גרם,false,,3.50,0.0233,true,1,1413309
7290017266503,false,"גלילי וופל במילוי קרם שוקולד לל""ס 100 גר' עלמה",גילרו,IL,גלילי ופל ללס במילוי,גרמים,100.00,100 גרם,false,,7.50,0.0750,true,1,1413320
7290017266725,false,מארז וופל במילוי קרם בטעם שוקולד 12 גרם*40 יח',"גילרו בע""מ",IL,ופל קראנצ' במילוי קר,גרמים,480.00,100 גרם,false,,15.90,0.0331,true,1,1433509
7290017266916,false,וופלים מעולים במילוי קרם בטעם לימון SUNי 200 גרם,"גילרו בע""מ",IL,וופלים מעולים במילוי,גרמים,200.00,100 גרם,false,,5.50,0.0275,true,1,1439771
7290017289199,false,"יין ישראלי לבן יבש אפרת 750 מ""ל",יקב טפרברג 1870 בעמ,IL,יין לבן יבש ישראלי כ,מיליליטרים,750.00,"100 מ""ל",false,,21.90,0.0292,true,1,1428744
7290017289205,false,"יין ישראלי קברנה סוביניון אפרת 750 מ""ל",יקב טפרברג 1870 בעמ,IL,יין אדום יבש קברנה ס,מיליליטרים,750.00,"100 מ""ל",false,,21.90,0.0292,true,1,1428745
7290017304885,false,לחם שיפון מחיטה מלאה ללא תוספת סוכר 750 ג' אנג'ל,מאפיית שלמה א. אנג'\ל בע,IL,לחם שיפון וחיטה מלאה,גרמים,750.00,100 גרם,false,,14.90,0.0199,true,1,1406777
7290017389912,false,זרעי צ'יה 300 גר רמילוי,,,זרעי צ'יה 300 גר' קו,גרמים,300.00,100 גרם,false,,15.90,0.0530,true,1,1427598
7290017390819,false,חטיפי בוטנים 250 גר',,,חטיפי בוטנים 250 גר',גרמים,250.00,100 גרם,false,,10.90,0.0436,true,1,1427644
7290017403557,false,שקית יום הולדת 25/46,,,שקית יום הולדת 25/46,יחידה,25.00,יחידה,false,,6.90,0.2760,true,1,1419789
7290017477596,false,תמר מג'הול פרימיום בקופסא ששון הקולה 400 גרם,"שקדיה גבע תעשיות בע""",IL,תמר מג'הול ענק אקסטר,גרמים,400.00,100 גרם,false,,19.90,0.0497,true,1,1433426
7290017513782,false,פליפז בייגלה מצופה שוקולד מריר מקוויטיס 140 גרם,שוורצקוף& הנקל דיסלד,TR,FLIPZ - בייגלה מצופה,גרמים,140.00,100 גרם,false,,9.50,0.0679,true,1,1406730
7290017599236,false,סוכריות סטיוויה 200 טבליות,סנו מפעלי ברונוס.,IL,סטיוויה 200 טבליות,גרמים,74.00,100 גרם,false,,22.90,0.3095,true,1,1438380
7290017599250,false,סוכרזית קלאסי 120 שקיות,ביסקול בע''מ,IL,סוכרזית קלאסי 120 ש,גרמים,100.00,100 גרם,false,,16.90,0.1690,true,1,1440388
7290017641096,false,"שוקולד פרימיום 70% לל""ס 100גרם בדצ *12יח*2 בדיס",כרמית תעשיות ממתקים,IL,שוקולד פרימיום 70% ל,גרמים,100.00,100 גרם,false,,7.90,0.0790,true,1,1408037
7290017641102,false,שוקולד פרימיום 70% ללא סוכר בטעם תפוז 100 גרם,כרמית תעשיות ממתקים,IL,שוקולד פרימיום 70% ל,גרמים,100.00,100 גרם,false,,7.90,0.0790,true,1,1408038
7290017641577,false,"כדורים פריכים מצופים שוקולד חלב ולבן 55 גר כשל""פ",כרמית תעשיות ממתקים בעמ,IL,אגו מיקס כדור ש.חלב,גרמים,55.00,100 גרם,false,,3.90,0.0709,true,1,1428117
7290017641607,false,מרשמלו מושי 100 גרם,,,מרשמלו מושי 100 גרם,גרמים,100.00,100 גרם,false,,3.90,0.0390,true,1,1428033
7290017674421,false,מגש מלבן שתי וערב אפ,,,מגש מלבן שתי וערב אפ,יחידה,1.00,יחידה,false,,25.00,25.0000,true,1,1425385
7290017746135,false,מארז 10 פיתות ביס כוסמין,מאפיית דוידוביץ ובני,IL,פיתות כוסמין 10 יחיד,יחידה,10.00,יחידה,false,,14.90,1.4900,true,1,1431839
7290017812083,false,מיץ תירוש אדום רמי לוי 1 לי,,,תירוש ענבים אדום רמי,מיליליטרים,1000.00,"100 מ""ל",false,,13.90,0.0139,true,1,1417435
7290017812373,false,יין שרדונה לבן יבש פרייבט קולקשן - בקבוק אישי,יקבי כרמל Carmel Winery,IL,יין לבן יבש שרדונה 3,מיליליטרים,375.00,"100 מ""ל",false,,19.90,0.0531,true,1,1417045
7290017812571,false,מיץ ענבים תירוש אדום 100% טבעי כרמל 1 ליטר,יקבי כרמל Carmel Winery,IL,תירוש אדום 1 ליטר,מיליליטרים,1000.00,"100 מ""ל",false,,19.90,0.0199,true,1,1428551
7290017871981,false,טוסו אבקת ג'לי טעם משמש 30גרם,אשבל מזון פונקציונלי בע\,IL,ג'לי בטעם משמש 25 גר,גרמים,25.00,100 גרם,false,,9.90,0.3960,true,1,1431367
7290017888347,false,מי עדן פקק ספורטאים 500,"מי עדן בע""מ",IL,מי עדן ספורט 0.5 ליט,מיליליטרים,500.00,"100 מ""ל",false,,3.90,0.0078,true,1,1407665
7290017928036,false,מקלות גריסיני שומשום מאיר בייגל 175 גרם,מאיר את בייגל,IL,גריסיני שומשום 175 ג,גרמים,175.00,100 גרם,false,,11.90,0.0680,true,1,1408240
7290017928074,false,שטוחלה מלח מאיר בייגל אריזה שקופה 250 גרם,מאיר בייגל,IL,מאיר בייגל-בייגלה שט,גרמים,250.00,100 גרם,false,,7.90,0.0316,true,1,1432766
7290017928128,false,בייגלה מקלות מלח מאיר בייגל 400 גרם.,מאיר בייגל,,בייגלה מקלות מלח מאי,גרמים,400.00,100 גרם,false,,11.90,0.0298,true,1,1441602
7290017947105,false,לחם אנג'ל בסגנון אמריקה 500 גרם,מאפיית שלמה א. אנג'\ל בע,IL,לחם סגנון אמריקה אנג,גרמים,500.00,100 גרם,false,,12.90,0.0258,true,1,1429184
7290017947464,false,שמיניית פיתות כוסמין אנג'ל 8*50 גרם,מאפיית שלמה א.אנג'\ל בע\,IL,פיתות כוסמין אנג'ל 4,יחידה,8.00,יחידה,false,,14.90,1.8625,true,1,1434503
7290017947495,false,6 לחמניות כוסמין 450 גרם אנג'ל,מאפיית שלמה א.אנג'\ל,IL,לחמניות כוסמין 6 יחי,יחידה,6.00,יחידה,false,,13.90,2.3167,true,1,1434984
7290017947891,false,לחם אנג'ל כוסמין וחיטה מלאה 750 גרם,מאפיית שלמה א. אנג'\ל בע,IL,לחם כוסמין וחיטה מלא,גרמים,750.00,100 גרם,false,,14.90,0.0199,true,1,1432127
7290017947921,false,לחמניות המבורגר בסגנון אמריקאי מארז 6 יח',מאפיית שלמה א. אנג'\ל בע,IL,שישיית לחמניות המבור,גרמים,450.00,100 גרם,false,,12.90,0.0287,true,1,1429185
7290017947938,false,מיני לחמניות המבורגר בסגנון אמריקה 400 ג' אנג'ל,מאפיית שלמה א. אנג'\ל בע,IL,8 לחמניות המבורגר בס,גרמים,400.00,100 גרם,false,,13.90,0.0348,true,1,1437360
7290017973043,false,קונפיטורה דובדבנים רוסמן 900 גרם,"י.א.א עולם הפרי בע""מ",IL,קונפיטורה דובדבנים מ,גרמים,900.00,100 גרם,false,,19.90,0.0221,true,1,1425754
7290017973081,false,קונפיטורה משמש רוסמן 900 גרם,,IL,קונפיטורה משמש מעובד,גרמים,900.00,100 גרם,false,,19.90,0.0221,true,1,1421691
7290017978215,false,"קרמבו מוקה ""ריאו"" 16 יחידות","גלידות ריאו ביח""ר לג",IL,קרמבו ריאו מוקה 16 י,יחידה,16.00,יחידה,false,,17.90,1.1187,true,1,1432918
7290018045893,false,בון בון דגנים במילוי קרם נוגט 480 גרם,monday,DE,בון בון דגנים 480 גר,גרמים,480.00,100 גרם,false,,21.90,0.0456,true,1,1438300
7290018194201,false,"סודה ספארק בטעם לימון 250 מ""ל-בודד",,,סודה ספארק בטעם לימו,מיליליטרים,250.00,"100 מ""ל",false,,2.90,0.0116,true,1,1437572
7290018195345,false,"שמן קנולה ""טעים"" 1 ליטר טעמן",טעים,IL,"שמן קנולה ""טעים"" 1 ל",מיליליטרים,1000.00,"100 מ""ל",false,,10.90,0.0109,true,1,1439085
7290018195406,false,"שמן זית כתית מעולה עגול 750 מ""ל",מוצרי יסוד - טעמן,IL,שמן זית כתית מעולה ט,מיליליטרים,750.00,"100 מ""ל",false,,32.90,0.0439,true,1,1438450
7290018198254,false,"תפוגן קריספי צ'יפס פוטטוס 1.25 ק""ג",עיצובים 2020 (4.5),IL,תפוגן קריספי צ'יפס פ,גרמים,1250.00,100 גרם,false,,22.90,0.0183,true,1,1436524
7290018333020,false,"שלוקים-משקה קל בטעם ענבים קש 40 יח' 200 מ""ל",כרמית,IL,שלוקים-משקה קל בטעם,יחידה,40.00,יחידה,false,,26.90,0.6725,true,1,1433177
7290018333082,false,אגו מיקס קורנפלקס שוקולד חלב ולבן כרמית 55 גרם,"כרמית תעשיות ממתקים בע""\",IL,אגו מיקס קורנפלקס מצ,גרמים,55.00,100 גרם,false,,3.90,0.0709,true,1,1431541
7290018333242,false,אריזת טופי אצבעות מיקס פירות 40 גרם כרמית,שוגבי,TR,אריזת טופי אצבעות מי,גרמים,40.00,100 גרם,false,,1.50,0.0375,true,1,1432181
7290018333945,false,חטיף אגוזים רפאלס שקד ווניל בדצ 150 גר *12יח,כרמית תעשיות ממתקים,IL,חטיף אגוזים רפאלס שק,גרמים,150.00,100 גרם,false,,14.90,0.0993,true,1,1438374
7290018333952,false,חטיף אגוזים רפאלס וחמוציות בדצ 150 גר *12יח,כרמית תעשיות ממתקים,IL,חטיף אגוזים רפאלס וח,גרמים,150.00,100 גרם,false,,14.90,0.0993,true,1,1438375
7290018380499,false,"אורז יסמין הום מלי 1 ק""ג ""תומר""",,,"אורז יסמין תומר 1 ק""",גרמים,1000.00,100 גרם,false,,10.90,0.0109,true,1,1435627
7290018380598,false,פרוסות סלק אדום במי מלח 700 גרם,,PL,סלק פרוס בצנצת תומר,גרמים,700.00,100 גרם,false,,10.90,0.0156,true,1,1437582
7290018380734,false,דפי בצק פילו משולשים תומר 360 גרם,,TR,דפי בצק פילו משולשים,גרמים,360.00,100 גרם,false,,15.90,0.0442,true,1,1441228
7290018440070,false,תרכיז עגבניות בשפורפרת 28BX בלה איטליה 200 ג',בלה איטליה Bella Italia,IT,תרכיז עגבניות בשפורפ,גרמים,200.00,100 גרם,false,,8.90,0.0445,true,1,1432094
7290018440438,false,Calvo טונה בשמן זית פתיחה קלה 3 * 65 גרם,"קאלוו קונסרבס ס.ל.יו. ,",ES,טונה איזי פליפ בשמן,גרמים,195.00,100 גרם,false,,25.90,0.1328,true,1,1439648
7290018440445,false,טונה קאלוו בשמן זית 160 גר,"קאלוו קונסרבס ס.ל.יו. ,",ES,טונה בשמן זית קלבו 1,גרמים,160.00,100 גרם,false,,16.90,0.1056,true,1,1439649
7290018440476,false,פליפז בייגלה מצופה בקרם עוגת גבינה ותותים מקוויטיס 140 גרם,אולקר מקבוצת פלאדיס,TR,FLIPZ - בייגלה מצופה,גרמים,140.00,100 גרם,false,,9.50,0.0679,true,1,1435585
7290018440520,false,סלט טונה קאלוו מקסיקני 150 גר,"קאלוו קונסרבס ס.ל.יו. ,",ES,סלט טונה מקסיקני קלב,גרמים,150.00,100 גרם,false,,14.90,0.0993,true,1,1439654
7290018440896,false,הגן הקסום חליטה ג'ינגר כורכום ויסוצקי 25 יח,תה ויסוצקי,IL,חליטת ג'ינג'ר וכורכו,גרמים,50.00,100 גרם,false,,17.50,0.3500,true,1,1438177
7290018471463,false,תפוזינה נקטר תפוז מנגו קרטונית 1 ליטר,"יפאורה תבורי בע""\מ",IL,תפוזינה נקטר תפוז מנ,מיליליטרים,1000.00,"100 מ""ל",false,,7.20,0.0072,true,1,1434741
7290018471470,false,תפוזינה נקטר תפוז פסיפלורה קרטונית 1 ליטר,"יפאורה תבורי בע""\מ",IL,תפוזינה נקטר תפוז פס,מיליליטרים,1000.00,"100 מ""ל",false,,7.20,0.0072,true,1,1434742
7290018471487,false,תפוזינה נקטר תפוז אננס קרטונית 1 ליטר,"יפאורה תבורי בע""\מ",IL,תפוזינה נקטר תפוז אנ,מיליליטרים,1000.00,"100 מ""ל",false,,7.20,0.0072,true,1,1434743
7290018471494,false,תפוזינה משקה תפוז גזר קרטונית 1 ליטר,"יפאורה תבורי בע""\מ",IL,תפוזינה משקה תפוז גז,מיליליטרים,1000.00,"100 מ""ל",false,,7.20,0.0072,true,1,1434744
7290018471906,false,שוופס מוגז פירות לימונדה ורודה 1.5 ליטר פיקדון,"יפאורה תבורי בע""\מ",IL,שוופס מוגז פינק למונ,מיליליטרים,1500.00,"100 מ""ל",false,,9.10,0.0061,true,1,1437837
7290018471937,false,שוופס מוגז פירות תות ליים 1.5 ליטר פיקדון,"יפאורה תבורי בע""\מ",IL,שוופס מוגז פירות תות,מיליליטרים,1500.00,"100 מ""ל",false,,9.10,0.0061,true,1,1437839
7290018471944,false,שוופס מוגז פירות לימונייד 1.5 ליטר פיקדון,"יפאורה תבורי בע""\מ",IL,שוופס מוגז למונייד 1,מיליליטרים,1500.00,"100 מ""ל",false,,9.10,0.0061,true,1,1437840
7290018500231,false,לחם פרוס וויקאנד אנג'ל 750 גרם,מאפיית שלמה א. אנג'\ל בע,IL,לחם וויקנד אנג'ל 750,גרמים,750.00,100 גרם,false,,15.90,0.0212,true,1,1440433
7290018517154,false,פופקורן למיקרוגל חמא,RAMSEY,,פופקורן למיקרוגל בטע,גרמים,300.00,100 גרם,false,,9.50,0.0317,true,1,1434731
7290018517321,false,"קוואקר שבולת שועל, 500 גרם ""נאמן""",ר.ס.,,שבולת שועל מהיר הכנה,גרמים,500.00,100 גרם,false,,8.50,0.0170,true,1,1439701
7290018517529,false,עוגיות קרם סנדוויץ 900 גרם,,,עוגיות קרם סנדוויץ ח,גרמים,900.00,100 גרם,false,,19.90,0.0221,true,1,1441357
7290018517536,false,עוגיות קרם סנדוויץ צילינדר 150 גרם,,,עוגיות קרם סנדוויץ צ,גרמים,150.00,100 גרם,false,,4.90,0.0327,true,1,1441358
7290018517543,false,"עוגיות וניל ממולאות, 160 גרם",,,עוגיות וניל ממולאות,גרמים,160.00,100 גרם,false,,6.90,0.0431,true,1,1441359
7290018517550,false,עוגיות שוקו ממולאות 160 גרם,,,עוגיות שוקו ממולאות,גרמים,160.00,100 גרם,false,,6.90,0.0431,true,1,1441360
7290018540329,false,שקית פיתה פיתה בלדי 800 ג' אנג'ל,מאפיית שלמה א. אנג'\ל בע,IL,פיתה פיתה באלדי אנג',יחידה,8.00,יחידה,false,,12.90,1.6125,true,1,1434504
7290018540831,false,ארטיזנל לחם מחמצת חיטה מלאה ודגנים אנג'ל 500 גרם,מאפיית אורנים,IL,לחם מחמצת חיטה מלאה,גרמים,500.00,100 גרם,false,,16.90,0.0338,true,1,1438093
7290018564011,false,אפונת גינה רמילוי 800 גר,,,אפונת גינה 800 גרם ר,גרמים,800.00,100 גרם,false,,8.90,0.0111,true,1,1434849
7290018564028,false,אפונה עדינה 600ג רמילוי,,,אפונה עדינה 600 גרם,גרמים,600.00,100 גרם,false,,10.90,0.0182,true,1,1434850
7290018564059,false,שעועית ירוקה שלמה עדינה 600ג רמילוי,,,שעועית ירוקה שלמה עד,גרמים,600.00,100 גרם,false,,10.90,0.0182,true,1,1434853
7290018564066,false,אפונה וגזר רמילוי 800 גר,,,אפונה וגזר 800 גרם ר,גרמים,800.00,100 גרם,false,,9.90,0.0124,true,1,1434854
7290018564073,false,במיה קפוא 600ג רמילוי,,,במיה 600 גרם רמי לוי,גרמים,600.00,100 גרם,false,,8.90,0.0148,true,1,1434855
7290018564110,false,ארטישוק קפוא 400ג רמילוי,,,ארטישוק קפוא 400 גרם,גרמים,400.00,100 גרם,false,,8.90,0.0223,true,1,1434857
7290018564127,false,לקט לקוסקוס רמילוי 800 גר,,,לקט לקוסקוס 800 גרם,גרמים,800.00,100 גרם,false,,11.90,0.0149,true,1,1434858
7290018564141,false,גרגירי חומוס מבושלים 800גר רמי לוי,,,גרעיני חומוס מבושלים,גרמים,800.00,100 גרם,false,,9.90,0.0124,true,1,1434860
7290018564158,false,שעועית לבנה מבושלים 800גר רמי לוי,,,שעועית לבנה מבושלת 8,גרמים,800.00,100 גרם,false,,9.90,0.0124,true,1,1434861
7290018564165,false,כרובית 800גר רמי לוי,,,כרובית 800 גרם רמי ל,גרמים,800.00,100 גרם,false,,9.90,0.0124,true,1,1434862
7290018564172,false,ברוקולי 800גר רמי לוי,,,ברוקולי 800 גרם רמי,גרמים,800.00,100 גרם,false,,14.90,0.0186,true,1,1434863
7290018564202,false,לקט ירקות למרק רמילוי 800 גר,,,לקט ירקות למרק 800 ג,גרמים,800.00,100 גרם,false,,11.90,0.0149,true,1,1434865
7290018564554,false,מלפפונים חמוצים ביתיים כבושים 500 גרם,,,מלפפונים חמוצים ביתי,גרמים,500.00,100 גרם,false,,22.90,0.0458,true,1,1436519
7290018708125,false,בארכה חלבה מסולסלת וניל 250 גרם,בארכה,IL,חלבה מסולסלת וניל בא,גרמים,250.00,100 גרם,false,,14.90,0.0596,true,1,1438336
7290018720004,false,"עוגיות סנדוויץ במילוי קרם תות ""מעדני המלך"" 150 גרם",סנו מפעלי ברונוס.,IL,עוגיות סנדוויץ תות 1,גרמים,150.00,100 גרם,false,,3.50,0.0233,true,1,1436610
7290018720011,false,ביסקוויט קרנבל חיות בטעם וניל 250 ג' מעדני מלך,הגביע מוצרי וופלים,IL,מעדני מלך- קרנבל חיו,גרמים,250.00,100 גרם,false,,6.90,0.0276,true,1,1434616
7290018720103,false,"אפיפיות וופל בטעם שוקו לל""ס הדר 250 גרם","א.ג גילרו בע""\מ",IL,וופל ללא סוכר מעדני,גרמים,250.00,100 גרם,false,,8.90,0.0356,true,1,1437194
7290018720110,false,מעדני המלך- יאמי עוגיות ממולאות בקרם אגוזים 30% 150 גרם,"הגביע מוצרי ופלים בע""\מ",IL,עוגיות ממולאות בקרם,גרמים,150.00,100 גרם,false,,6.90,0.0460,true,1,1436880
7290018720219,false,פצפוצי אורז ללא סוכר מעדני מלך 250 גרם,אשבל מזון פונקציונלי,IL,פצפוצי אורז ללא סוכר,גרמים,250.00,100 גרם,false,,12.90,0.0516,true,1,1440855
7290018878002,false,אגו מיקס קרקר מצופה שוקולד חלב כרמית 55 גרם,"כרמית תעשיות ממתקים בע""\",IL,אגו מיקס קרקר מצופה,גרמים,55.00,100 גרם,false,,3.90,0.0709,true,1,1439758
7290018878071,false,"שלישיית שוקולד מריר 47% אגו כרמית 255 גרם כשל""פ",כרמית,IL,שוקולד מריר אגו 3 *,גרמים,85.00,100 גרם,false,,10.90,0.1282,true,1,1439354
7290018879979,false,מרשמלו רגיל לבן בטעם וניל 150 גרם ויסטהיים,כרמית,IL,מרשמלו רגיל לבן בטעם,גרמים,150.00,100 גרם,false,,4.90,0.0327,true,1,1439759
7290018893654,false,חטיפי בייגלה דקיקים ופריכים מלח צ'וקטה 200 ג',צ'וקטה Chocketa,RO,צ'וקטה בייגלה בתוספת,גרמים,200.00,100 גרם,false,,6.90,0.0345,true,1,1437551
7290018893852,false,חטיפי בייגלה דקיקים ופריכים שומשום צ'וקטה 200 ג',צ'וקטה Chocketa,RO,צ'וקטה בייגלה בתוספת,גרמים,200.00,100 גרם,false,,6.90,0.0345,true,1,1437554
7290018894002,false,קוביות וופל במילוי קרם קקאו - חלבי,בלקוני Balconi,IT,בלקוני וופל קוביות ק,גרמים,250.00,100 גרם,false,,11.90,0.0476,true,1,1438695
7290018894019,false,עוגות אישיות במילוי קרם חלבי ובציפוי קרם קקאו,בלקוני Balconi,IT,בלקוני עוגות אישיות,גרמים,350.00,100 גרם,false,,14.90,0.0426,true,1,1438696
7290018894217,false,עוגות אישיות במילוי קרם קקאו ובציפוי קרם קקאו,בלקוני Balconi,IT,בלקוני עוגות אישיות,גרמים,350.00,100 גרם,false,,14.90,0.0426,true,1,1438698
7290018894408,false,קוביות וופל במילוי קרם אגוזי לוז - חלבי,בלקוני Balconi,IT,בלקוני וופל קוביות א,גרמים,250.00,100 גרם,false,,11.90,0.0476,true,1,1438699
7290018925065,false,מיץ פרימור תפוזים סחוט 2 ליטר-,"גניר (1992) בע""מ",IL,מיץ תפוזים סחוט פרימ,מיליליטרים,2000.00,"100 מ""ל",false,,27.20,0.0136,true,1,1438004
7290018972106,false,תומר כרובית מצופה 500 גרם,,IL,כרובית מצופה תומר 50,גרמים,500.00,100 גרם,false,,29.90,0.0598,true,1,1439579
7290018972618,false,תומר תמר מגהול לח קפ,,IL,תומר תמר מגהול לח קפ,גרמים,1000.00,100 גרם,false,,19.90,0.0199,true,1,1439586
7290019056072,false,שוופס מוגז עדין אננס 1.5 ליטר פיקדון,מיוצר עי קונדיטוריית,IL,שוופס מוגז עדין אננס,מיליליטרים,1500.00,"100 מ""ל",false,,8.80,0.0059,true,1,1437843
7290019056096,false,שוופס מוגז עדין אפרסק 1.5 ליטר פיקדון,"יפאורה תבורי בע""\מ",IL,שוופס מוגז עדין אפרס,מיליליטרים,1500.00,"100 מ""ל",false,,8.80,0.0059,true,1,1437844
7290019056164,false,שוופס סודה 1.5 ליטר רביעייה פיקדון,"יפאורה תבורי בע""\מ",IL,רביעית שוופס סודה 1.,מיליליטרים,1500.00,"100 מ""ל",false,,12.10,0.0081,true,1,1437846
7290019056300,false,משקה בטעם ביטר לימון 1.5 ל' שוויפס,"יפאורה תבורי בע""\מ",IL,שוופס ביטר 1.5 ליטר,מיליליטרים,1500.00,"100 מ""ל",false,,12.20,0.0081,true,1,1437854
7290019056324,false,שוופס טוניק 1.5 ליטר פיקדון,"יפאורה תבורי בע""\מ",IL,שוופס טוניק 1.5 ליטר,מיליליטרים,1500.00,"100 מ""ל",false,,12.20,0.0081,true,1,1437856
7290019056331,false,שוופס טוניק ללא סוכר 1.5 ליטר פיקדון,מיוצר עי קונדיטוריית,IL,שוופס טוניק ללס 1.5,מיליליטרים,1500.00,"100 מ""ל",false,,12.20,0.0081,true,1,1437857
7290019056546,false,פרוט ווטר אבטיח 1.5 ליטר פיקדון,"יפאורה תבורי בע""\מ",IL,משקה בטעם אבטיח פרוט,מיליליטרים,1500.00,"100 מ""ל",false,,8.80,0.0059,true,1,1437865
7290019056553,false,שישיית מים מינרלים עין גדי 2 ליטר,עין גדי מים מינרליים,IL,מים מינרלים עין גדי,ליטרים,12.00,ליטר,false,,13.80,1.1500,true,1,1437866
7290019056584,false,משקה קל תפוזים ספרינג 1.5 ליטר,"יפאורה תבורי בע""\מ",IL,משקה קל תפוזים ספרינ,מיליליטרים,1500.00,"100 מ""ל",false,,9.40,0.0063,true,1,1437867
7290019056591,false,משקה קל ענבים ספרינג 1.5 ליטר,"יפאורה תבורי בע""\מ",IL,ספרינג ענבים 1.5 ליט,מיליליטרים,1500.00,"100 מ""ל",false,,9.40,0.0063,true,1,1437868
7290019056621,false,משקה קל פירות טרופיים ספרינג 1.5 ליטר,"יפאורה תבורי בע""\מ",IL,ספרינג פירות טרופיים,מיליליטרים,1500.00,"100 מ""ל",false,,9.40,0.0063,true,1,1437870
7290019056638,false,משקה קל תות בננה ספרינג 1.5 ליטר,"יפאורה תבורי בע""\מ",IL,ספרינג תות בננה 1.5,מיליליטרים,1500.00,"100 מ""ל",false,,9.40,0.0063,true,1,1437871
7290019056645,false,משקה קל אגס תפוח סברס ספרינג 1.5 ליטר,"יפאורה תבורי בע""\מ",IL,ספרינג אגס סברס תפוח,מיליליטרים,1500.00,"100 מ""ל",false,,9.40,0.0063,true,1,1437872
7290019056959,false,מי עדן 1.5 ליטר בק' בודד פיקדון,"מופק ממקור בזלתי עדן ,1",IL,מי עדן 1.5 ליטר,מיליליטרים,1500.00,"100 מ""ל",false,,4.50,0.0030,true,1,1438436
7290019056966,false,מי עדן בקבוק פיקדון 1.5 ליטר,"מי עדן בע""מ",IL,מי עדן 1.5 ליטר,מיליליטרים,1500.00,"100 מ""ל",false,,4.50,0.0030,true,1,1438437
7290019056973,false,שישיית מי עדן 1.5 ליטר משפחתי,"מופק ממקור בזלתי עדן ,1",IL,מים מינרליים מי עדן,מיליליטרים,9000.00,"100 מ""ל",false,,14.70,0.0016,true,1,1437875
7290019153252,false,שוופס סודה תפוח 1.5 ליטר רביעייה פיקדון,"יפאורה תבורי בע""\מ",IL,שוופס סודה תפוח 1.5,מיליליטרים,6000.00,"100 מ""ל",false,,12.10,0.0020,true,1,1439631
7290019167037,false,תותים בקצפת עדן קינוחים 82 גרם,תנובה,IL,תותים בקצפת עדן 82 ג,גרמים,82.00,100 גרם,false,,6.90,0.0841,true,1,1441534
7290019204206,false,עוף טוב פסטרמה בסגנון רומני 320 גרם,עיצובים 2020 (4.9),IL,פסטרמה בסגנון רומני,גרמים,320.00,100 גרם,false,,25.90,0.0809,true,1,1440195
7290019232155,false,"חליטת ""לילה טוב"" קמומיל לבנדר ו25 שקיקים ויסוצקי",תה ויסוצקי,IL,"תה ""לילה טוב"" קמומיל",גרמים,37.50,100 גרם,false,,25.90,0.6907,true,1,1441710
7290019233015,false,רוטב שקשוקה תבשיל ירקות עם שמן זית כתית מעולה 420ג זיתא,זיתא,IT,רוטב שקשוקה ירוקה זי,גרמים,420.00,100 גרם,false,,13.90,0.0331,true,1,1439736
7290019297550,false,בוטנים מטוגנים בקופסא 185 גרם,קריניציה ויטמינה אס,IL,בוטנים מטוגנים בקופס,גרמים,185.00,100 גרם,false,,10.90,0.0589,true,1,1435311
7290055090801,false,כרמית שוקולד לבן ללא תוספת סוכר 85 גרם,"כרמית תעשיות ממתקים בע""\",IL,שוקולד לבן חלבי ללס,גרמים,85.00,100 גרם,false,,6.90,0.0812,true,1,1408057
7290100240656,false,"פתית שיפון בד""צ חדש 300X24 גר'",יוניליוור ישראל מזון בע\,IL,פתית שיפון 300 גרם,גרמים,300.00,100 גרם,false,,14.90,0.0497,true,1,1409746
7290100680711,false,פירורית זהב אסם זהב 350ג',עינת תעשיות מזון אגו,IL,פירורי לחם מוזהבים פ,גרמים,350.00,100 גרם,false,,8.50,0.0243,true,1,1407173
7290100680728,false,פירורית רגילה שקית 350 גרם,מיוצר עי קונדיטוריית,IL,פירורי לחם לבנים פיר,גרמים,350.00,100 גרם,false,,7.50,0.0214,true,1,1407174
7290100681015,false,אינסטנט פודינג בטעם ריבת חלב אסם 84 גרם,מיוצר עי קונדיטוריית,IL,פודינג אינסטנט בטעם,גרמים,84.00,100 גרם,false,,5.50,0.0655,true,1,1407176
7290100681138,false,מארז אפרופו חטיף תירס 3 יחידות,"אסם השקעות בע""\מ",IL,מארז 3 אפרופו 50 גרם,גרמים,150.00,100 גרם,false,,12.90,0.0860,true,1,1407177
7290100685136,false,"אבקת מרק בטעם עוף אסם 1 ק""ג","אסם השקעות בע""\מ",IL,מרק בטעם עוף פרווה כ,גרמים,1000.00,100 גרם,false,,14.90,0.0149,true,1,1407189
7290100685341,false,אבקת מרק טעם עוף זך רכיבים טבעיים אסם 400 גרם,"אסם השקעות בע""\מ",IL,מרק בטעם עוף זך מרכי,גרמים,400.00,100 גרם,false,,15.90,0.0398,true,1,1407192
7290100687109,false,במבה במילוי קרם נוגט 60ג' אסם,"אסם השקעות בע""\מ",IL,במבה במילוי קרם נוגט,גרמים,60.00,100 גרם,false,,4.90,0.0817,true,1,1407194
7290100689301,false,אבקת מרק בטעם עוף זך עדיף אסם 400 גרם,"אסם השקעות בע""\מ",IL,אסם עדיף זך טעם עוף,גרמים,400.00,100 גרם,false,,13.90,0.0348,true,1,1407196
7290100700020,false,סוגת גריסי פנינה 500 גרם,האי נאם סי או אל.טי.,IL,גריסי פנינה סוגת 500,גרמים,500.00,100 גרם,false,,5.90,0.0118,true,1,1414649
7290100700273,false,קינואה לבנה 500 ג סו,האי נאם סי או אל.טי.,IL,קינואה סוגת 500 גרם,גרמים,500.00,100 גרם,false,,13.90,0.0278,true,1,1413326
7290100700396,false,"סוגת אורז יסמין קלאסי 1 ק""ג",האי נאם סי או אל.טי.,IL,אורז יסמין קלאסי סוג,גרמים,1000.00,100 גרם,false,,12.30,0.0123,true,1,1413327
7290100700587,false,"בורגול ""סוגת"" 500 גרם",האי נאם סי או אל.טי.,IL,בורגול סוגת 500 גרם,גרמים,500.00,100 גרם,false,,5.90,0.0118,true,1,1413328
7290100702994,false,סוכר דמררה קלאסי בשקית סוגת 500 גרם,"סוגת תעשיות בע""מ",IL,סוכר דמררה בשקית סוג,גרמים,500.00,100 גרם,false,,5.90,0.0118,true,1,1413336
7290100703007,false,"עדשים שחורות בלוגה 500 גרם ""סוגת""",האי נאם סי או אל.טי.,IL,עדשים שחורות סוגת 50,גרמים,500.00,100 גרם,false,,7.90,0.0158,true,1,1406491
7290100704493,false,קמח שמרים פיצה ללא צורך בניפוי 1 קג,"שטיבל בע""\מ - טחנת קמח",IL,"קמח לפיצה סוגת 1 ק""ג",גרמים,1000.00,100 גרם,false,,8.90,0.0089,true,1,1433501
7290100858592,false,אבקת קקאו עלית שקית 150 ג',הנסיך- מפעל לייצור ט,IL,שקית קקאו עלית 150 ג,גרמים,150.00,100 גרם,false,,9.90,0.0660,true,1,1416515
7290101112228,false,"שמיניית גלידל פרי אננס ""פלדמן""",הגלידות של פלדמן,IL,פופסיקל אננס 8,גרמים,640.00,100 גרם,false,,24.90,0.0389,true,1,1440098
7290101112921,false,"גלידל פרי פירות טרופים לל""ס 8 יחידות",הגלידות של פלדמן,IL,פופסיקל פירות טרופי,גרמים,640.00,100 גרם,false,,24.90,0.0389,true,1,1440100
7290101113539,false,טילון יולו קטן שוקולד לבן עם ליבת שוקולד,פלדמן,IL,טילון יולו קטן שוקול,גרמים,80.00,100 גרם,false,,5.90,0.0738,true,1,1440224
7290101113546,false,טילון יולו קטן שוקולד לבן עם עוגיות שוקולד,פלדמן,IL,טילון יולו קטן שוקול,גרמים,80.00,100 גרם,false,,5.90,0.0738,true,1,1440225
7290101113577,false,טילון יולו גדול שוקולד לבן עם קרם עוגיות,Unknown,,טילון יולו שוקולד לב,גרמים,115.00,100 גרם,false,,8.90,0.0774,true,1,1440113
7290101113690,false,יולו שוקולד לבן עם סירופ קרמל בלונד-,Unknown,IL,שלגון יולו שוקולד לב,גרמים,75.00,100 גרם,false,,7.90,0.1053,true,1,1440117
7290101113720,false,שלגון יולו שוקולד לבן ועוגיות,פלדמן,IL,שלגון יולו שוקולד לב,גרמים,75.00,100 גרם,false,,7.90,0.1053,true,1,1440119
7290101113751,false,מאגדת שלגון קרמל ושוקולד בלונדי רביעיה * 50 ג' יולו,הגלידות של פלדמן,IL,מאגדת (4) שלגון יולו,גרמים,200.00,100 גרם,false,,19.90,0.0995,true,1,1440120
7290101113768,false,מאגדת שלגון עוגיות ושוקולד חלב רביעיה * 50 ג' יולו,הגלידות של פלדמן,IL,מאגדת (4) שלגון יולו,גרמים,200.00,100 גרם,false,,19.90,0.0995,true,1,1440121
7290101453888,false,נר מספר - 1 (1X12X60),סודי,CN,נר מספר 1,יחידה,1.00,יחידה,false,,2.50,2.5000,true,1,1426238
7290101454144,false,נרות כדורגל בבליסטר,,,נרות כדורגל)X142(,יחידה,1.00,יחידה,false,,6.20,6.2000,true,1,1421199
7290101456285,false,קשים מנייר 25 יח'-לב,,,קשים מנייר 25 יח'-לב,יחידה,1.00,יחידה,false,,7.60,7.6000,true,1,1424397
7290101458043,false,ש' שקית 10 בלונים,,,ש' שקית 10 בלונים,יחידה,10.00,יחידה,false,,3.90,0.3900,true,1,1414699
7290101486688,false,חטיף דגנים עם שוקולד ללא גלוטן וסוכר פרי 5*20 גרם,טבעית מוצרים מן הטבע בעמ,IL,חטיף דגנים עם שוקולד,גרמים,100.00,100 גרם,false,,16.90,0.1690,true,1,1414228
7290101551300,false,סילאן טבעי ללא תוספת סוכר בקבוק לחיץ,מכוורת יד מרדכי שטראוס ב,IL,סילאן טבעי לחיץ 380,גרמים,380.00,100 גרם,false,,14.90,0.0392,true,1,1416520
7290101551584,false,תפוצ'יפס קידס מארז 10 יח' * 20 ג',"שטראוס פריטו ליי בע""מ )פ",IL,מארז תפוצ'יפס קידס 1,גרמים,200.00,100 גרם,false,,12.90,0.0645,true,1,1406151
7290101551614,false,חטיף צ'יטוס קראנץ בטעם גבינה - מארז 8 יח',"שטראוס פריטו ליי בע""מ )פ",IL,חטיף צ'יטוס קראנץ' ג,גרמים,240.00,100 גרם,false,,14.90,0.0621,true,1,1406153
7290101551638,false,חטיף צ'יטוס כאפה בטעם קטשופ - מארז 10 יח',"שטראוס פריטו ליי בע""מ )פ",IL,מארז ציטוס כאפה 10*2,גרמים,200.00,100 גרם,false,,12.90,0.0645,true,1,1406155
7290101982470,false,ממתק רולר 30 מל' בטעמים,טייפן פאן טיים,CN,ממתק רולר 30 בטעמים,מיליליטרים,30.00,"100 מ""ל",false,,5.90,0.1967,true,1,1414450
7290101997603,false,תותח קונפטי 60 סמ מע,,,תותח קונפטי 60 סמ מע,יחידה,1.00,יחידה,false,,12.50,12.5000,true,1,1426310
7290102003815,false,נרות ג'מבו מאויירים הלו,סודי,IL,נרות ג'מבו מאויירים,יחידה,1.00,יחידה,false,,5.90,5.9000,true,1,1426317
7290102007929,false,בלון מיילר 34- ספרה,,,בלון מיילר 34- ספרה,יחידה,1.00,יחידה,false,,20.90,20.9000,true,1,1424495
7290102030330,false,תפוצ'יפס קראנצ' בטעם מקסיקני 200 גרם,"שטראוס פריטו ליי בע""\מ )",IL,תפוצ'פס קראנצ מקסיקנ,גרמים,200.00,100 גרם,false,,10.90,0.0545,true,1,1406164
7290102032334,false,אבקה להכנת משקה קפה בטעם וניל,שטראוס קפה בי.וי,IL,קפה נמס וניל 200 גרם,גרמים,200.00,100 גרם,false,,21.90,0.1095,true,1,1416522
7290102390427,false,יוגורט ביו עם קציפת תות 3% שומן 150 ג' מולר,מולר Muller,IL,יוגורט ביו פרופ קציפ,מיליליטרים,150.00,"100 מ""ל",false,,5.20,0.0347,true,1,1413615
7290102390465,false,יוגורט ביו עם קציפת אפרסק ופסיפלורה 3% שומן 150 ג' מולר,מולר Muller,IL,יוגורט ביו פרופ קציפ,מיליליטרים,150.00,"100 מ""ל",false,,5.20,0.0347,true,1,1413616
7290102392094,false,חלב עיזים 3.7% בקרטון משק צוריאל 1 ליטר,מילקו תעשיות בעמ,IL,חלב עיזים בקרטון 1 ל,מיליליטרים,1000.00,"100 מ""ל",false,,16.90,0.0169,true,1,1413621
7290102393190,false,"יוגורט סימפלי פרוט בטעם פירות יער 3% מולר 150 מ""ל",מילקו תעשיות בעמ,IL,יוגורט סימפלי פרוט פ,מיליליטרים,150.00,"100 מ""ל",false,,5.10,0.0340,true,1,1413630
7290102394258,false,גליל גבינת עיזים מה עז 9% משק צוריאל 180 גרם,מחלבת משק צוריאל,IL,גבינת עיזים מה עז 9%,גרמים,180.00,100 גרם,false,,23.90,0.1328,true,1,1413639
7290102394821,false,נעם גבינה צהובה פרוסה 28% טרה 200 גרם,מילקו תעשיות בעמ,IL,פרוסות גבינה צהובה 2,גרמים,200.00,100 גרם,false,,15.80,0.0790,true,1,1413642
7290102395446,false,מעדן חלב בטעם וניל עם קצפת 123 ג' טרה,Unknown,IL,מוו וניל וקצפת 123 ג,גרמים,123.00,100 גרם,false,,2.90,0.0236,true,1,1413649
7290102395477,false,מעדן חלב בטעם שוקולד עם קצפת 123 ג' טרה,Unknown,IL,מוו שוקולד קצפת 123,גרמים,123.00,100 גרם,false,,2.90,0.0236,true,1,1413651
7290102396443,false,"מעדן מוו וניל 1.5% 125 גרם בד""צ",מילקו תעשיות בעמ,IL,מוו מעדן חלב וניל 1.,גרמים,125.00,100 גרם,false,,2.90,0.0232,true,1,1413657
7290102396580,false,מעדן מוו שוקולד ומוס שוקולד טרה 118 גרם,טרה,IL,מעדן מוו שוקולד ומוס,גרמים,118.00,100 גרם,false,,2.90,0.0246,true,1,1413659
7290102396597,false,מעדן מוו וניל ומוס שוקולד טרה 118 גרם,טרה,IL,מעדן מוו וניל ומוס ש,גרמים,118.00,100 גרם,false,,2.90,0.0246,true,1,1413660
7290102397617,false,יוגורט ביו קרמי עם כדורים מצופים שוקולד חום לבן,מולר Muller,IL,יוגורט ביו מיקס ביו,גרמים,180.00,100 גרם,false,,5.90,0.0328,true,1,1413688
7290102397891,false,גבינה מותכת משק צוריאל 100 גרם,משק צוריאל,IL,גבינה מותכת 100 גרם,גרמים,100.00,100 גרם,false,,7.70,0.0770,true,1,1413692
7290102398331,false,חלב מועשר דל לקטוז 2% שומן טרה 1 ליטר,טרה,IL,חלב 1 ליטר מועשר דל,מיליליטרים,1000.00,"100 מ""ל",false,,8.00,0.0080,true,1,1413707
7290102398560,false,שוקו טרה מועשר בבקבוק 1 ליטר,מילקו תעשיות בעמ,IL,שוקו טרה מועשר בבקבו,מיליליטרים,1000.00,"100 מ""ל",false,,11.90,0.0119,true,1,1413713
7290102398669,false,משקה חלב אייס קפוצ'ינו טרה 1 ליטר,מילקו תעשיות בעמ,IL,אייס קפוצ'ינו 1 ליטר,מיליליטרים,1000.00,"100 מ""ל",false,,11.90,0.0119,true,1,1429981
7290102398782,false,משקה סויה קלאסי משק צוריאל 1 ליטר,מחלבת משק צוריאל,IT,משקה סויה קלאסי צורי,מיליליטרים,1000.00,"100 מ""ל",false,,10.90,0.0109,true,1,1413719
7290102399772,false,מולר ספרדבל-ממרח חמאת מולר במליחות עדינה 250 גרם,G Weihenstephan Molkerei,DE,ממרח חמאה מולר במליח,גרמים,250.00,100 גרם,false,,17.90,0.0716,true,1,1430011
7290102399789,false,מולר ספרדבל-ממרח חמאת מולר ללא מלח 250 גרם,G Weihenstephan Molkerei,DE,ממרח חמאה מולר ללא מ,גרמים,250.00,100 גרם,false,,17.90,0.0716,true,1,1430012
7290102399802,false,יוגורט עם תות מולר אקטיב מועשר בחלבון 200 גר',מולר Muller,IL,יוגורט ביו 20 גרם חל,גרמים,200.00,100 גרם,false,,6.20,0.0310,true,1,1420806
7290103401429,false,קפה קצב ברזילאי אוריגינס 200 גר,הנסיך- מפעל לייצור ט,IL,קפה פלטינום ברזילאי,גרמים,200.00,100 גרם,false,,24.90,0.1245,true,1,1416527
7290103404758,false,סלט כרוב אדום במיונז אחלה 120 גרם,מיוצר עי קונדיטוריית,IL,סלט כרוב אחלה 120 גר,גרמים,120.00,100 גרם,false,,4.90,0.0408,true,1,1405700
7290103681197,false,"יין הר שיראז מיתוג תנשמת 750 מ""ל",מיוצר על ידי יקב תבור,IL,יין אדום יבש הר שירא,מיליליטרים,750.00,"100 מ""ל",false,,39.90,0.0532,true,1,1427780
7290103681630,false,"יין פנינים לבן תבור 750 מ""ל",יקב תבור,IL,יין לבן מבעבע מוגז פ,מיליליטרים,750.00,"100 מ""ל",false,,39.90,0.0532,true,1,1433166
7290103703585,false,נ.טואלט תלת שכבתי 32 רמי לוי,,,נ.טואלט תלת שכבתי 32,יחידה,32.00,יחידה,false,,42.90,1.3406,true,1,1417476
7290103704162,false,נייר טואלט טאצ' 32 גלילים מהדורה 2021,"שניב תעשיות נייר בע""",IL,נייר טואלט טאצ' 32 י,יחידה,32.00,יחידה,false,,31.90,0.9969,true,1,1434833
7290104061417,false,סלט חומוס עם טחינה אחלה 400 גרם,"שטראוס גרופ בע""\מ",IL,סלט חומוס וטחינה אחל,גרמים,400.00,100 גרם,false,,10.90,0.0273,true,1,1405701
7290104061431,false,סלט חומוס עם צנובר אחלה 400 גרם,"שטראוס גרופ בע""\מ",IL,חומוס עם צנובר אחלה,גרמים,400.00,100 גרם,false,,10.90,0.0273,true,1,1405703
7290104061448,false,סלט חומוס עם חריף אחלה 400 גרם,מיוצר עי קונדיטוריית,IL,סלט חומוס וחריף אחלה,גרמים,400.00,100 גרם,false,,10.90,0.0273,true,1,1405704
7290104068539,false,מאסט פליפטופ מלון ואבטיח ללא גרעינים,"שטראוס גרופ בע""מ",IL,מאסט מלון אבטיח כשלפ,גרמים,28.00,100 גרם,false,,4.50,0.1607,true,1,1416537
7290104068546,false,גומי מאסט בטעם לימון קולה ללא סוכר 28 ג' עלית,"שטראוס גרופ בע""מ",IL,מאסט קולה לימון ללא,גרמים,28.00,100 גרם,false,,4.50,0.1607,true,1,1416538
7290104501661,false,אינסטנט פודינג בטעם וניל צרפתי אסם 80 גרם,מיוצר עי קונדיטוריית,IL,פודינג אינסטנט בטעם,גרמים,80.00,100 גרם,false,,4.90,0.0613,true,1,1407199
7290104504228,false,מיני דובונים אסם 100 גרם מארז 5 יחידות,"אסם השקעות בע""\מ",IL,דובונים חטיף תפוחי א,גרמים,100.00,100 גרם,false,,12.90,0.1290,true,1,1407203
7290104722530,false,תפוצ'יפס בטעם שמנת בצל עלית 200 גרם,"שטראוס פריטו ליי בע""\מ )",IL,תפוציפס שמנת בצל 200,גרמים,200.00,100 גרם,false,,10.90,0.0545,true,1,1406167
7290104728310,false,"שמנת מתוקה עמידה 38% שומן ""יטבתה"" -מוצר בפיקוח",שטראוס גרופ,IL,שמנת להקצפה 38% יטבת,מיליליטרים,250.00,"100 מ""ל",false,,6.47,0.0259,true,1,1405718
7290105360250,false,קפסולות 09 עשיר וארומטי למכונת נספרסו עלית 10יח',הנסיך- מפעל לייצור ט,IL,קפסולות 09 למכונות N,יחידה,10.00,יחידה,false,,17.90,1.7900,true,1,1405720
7290105360878,false,תפוציפס טבעי 50 גרם מארז רביעייה,"שטראוס פריטו ליי בע""\מ )",IL,תפוצ'יפס טבעי עלית 4,גרמים,200.00,100 גרם,false,,11.90,0.0595,true,1,1406169
7290105362339,false,"שמנת לבישול 15% 250 מ""ל יטבתה מהדרין",שטראוס גרופ,IL,שמנת לבישול 15% יטבת,מיליליטרים,250.00,"100 מ""ל",false,,7.90,0.0316,true,1,1405721
7290105363602,false,מקלות כיף כף קלאסי עלית 40 גרם,שולן צ'\יקולטה גידה סאן.,TR,כיף כף מקלות קלאסי 4,גרמים,40.00,100 גרם,false,,4.90,0.1225,true,1,1416550
7290105364289,false,מקלות כיף כף פצפוצים עלית 40 גרם,שולן צ'\יקולטה גידה סאן.,TR,כיף כף מקלות פצפוצים,גרמים,40.00,100 גרם,false,,4.90,0.1225,true,1,1416551
7290105364302,false,"עלית חטיף שוקולד כיף כף מקלות אגוזים, 40 גרם",שולן צ'\יקולטה גידה סאן.,TR,כיף כף מקלות אגוזים,גרמים,40.00,100 גרם,false,,4.90,0.1225,true,1,1416552
7290105366993,false,סימפוניה גבינת שמנת פלפל שיפקה 5% שטראוס 200 גרם,"שטראוס בריאות בע""מ",IL,גבינת סימפוניה פילפל,גרמים,200.00,100 גרם,false,,11.00,0.0550,true,1,1405726
7290105368331,false,מעדן מילקי בטעם תות עם קצפת,מחלבת אחיהוד,IL,מילקי תות שטראוס 133,גרמים,133.00,100 גרם,false,,2.90,0.0218,true,1,1405729
7290105368904,false,"שמנת מתוקה להקצפה 32% שומן 250 מ""ל יוטבתה",שטראוס גרופ,IL,שמנת מתוקה להקצפה 32,מיליליטרים,250.00,"100 מ""ל",false,,7.30,0.0292,true,1,1405731
7290105369130,false,סימפוניה גבינת שמנת בצל ירוק 5% שטראוס 200 גרם,"שטראוס בריאות בע""\מ",IL,סימפוניה בצל ירוק 20,גרמים,200.00,100 גרם,false,,11.00,0.0550,true,1,1405734
7290105369451,false,צ'יטוס דולפינים בטעם גבינה 55 גרם,שטראוס פריטו ליי (מל,IL,ציטוס דולפינים 55 גר,גרמים,55.00,100 גרם,false,,3.50,0.0636,true,1,1406170
7290105439499,false,מאסטר שף מאסטר שף מיונז 480 גר כשלפ,רמיה סי.וי. הולנד,NL,מאסטר שף מיונז הולנד,גרמים,483.00,100 גרם,false,,11.90,0.0246,true,1,1414243
7290105439505,false,מאסטר שף קרם בטעם מיונז לייט 479 גר כשלפ,רמיה סי.וי. הולנד,NL,מאסטר שף קרם בטעם מי,גרמים,521.00,100 גרם,false,,11.90,0.0228,true,1,1414244
7290105439581,false,מנה מאסטר שף חרדל דיזיון צרפתי 370 גר,רמיה סי.וי.הולנד,FR,חרדל דיז'ון צרפתי מא,גרמים,370.00,100 גרם,false,,11.90,0.0322,true,1,1414245
7290105439598,false,מאסטר שף חרדל דיז'ון גרגירים 370 גר כשלפ,סאס קווינור צרפת,FR,חרדל דיז'ון גרגירים,גרמים,370.00,100 גרם,false,,11.90,0.0322,true,1,1414246
7290105691712,false,אסם עוגיות הפסקת קפה דגנים מלאים 230 גרם,היינץ צפון אמריקה מק,IL,עוגיות הפסקת קפה עם,גרמים,230.00,100 גרם,false,,10.90,0.0474,true,1,1407216
7290105691934,false,קמח שמרים אסם 1 קילו,תאי פרזידנט פוד פאבל,IL,קמח שמרים אסם 1 קילו,גרמים,1000.00,100 גרם,false,,9.90,0.0099,true,1,1407218
7290105693341,false,מארז עשיריית במבה אסם 25*10 גרם,"אסם השקעות בע""\מ",IL,חטיף בוטנים במבה 10*,גרמים,250.00,100 גרם,false,,14.90,0.0596,true,1,1407225
7290105693457,false,עוגת הבית דמקה שוקו וניל אסם 320 גרם,מיוצר עי קונדיטוריית,IL,הבית עוגת דמקה שוקו,גרמים,320.00,100 גרם,false,,11.90,0.0372,true,1,1407226
7290105694928,false,אבקת מרק בצל רכיבים טבעיים אסם 220 גרם,"אסם השקעות בע""\מ",IL,אסם אב.מרק בצל ר.טבע,גרמים,220.00,100 גרם,false,,16.90,0.0768,true,1,1407231
7290105695321,false,עוגת הבית בראוניס פאדג' אסם 380 גרם,מיוצר עי קונדיטוריית,IL,הבית עוגת בראוניס פא,גרמים,350.00,100 גרם,false,,14.90,0.0426,true,1,1407235
7290105964564,false,סלט חומוס אחלה 400גר,מיוצר עי קונדיטוריית,IL,סלט חומוס אחלה 400 ג,גרמים,400.00,100 גרם,false,,8.50,0.0213,true,1,1405741
7290105968098,false,סלט קולסלאו אחלה 500 גרם,שטראוס גרופ סלטים,IL,קולסלאו 500 גרם,גרמים,500.00,100 גרם,false,,15.90,0.0318,true,1,1405743
7290105968654,false,רביולי בטטה פרווה פסטה נונה 400 ג',מיוצר עי קונדיטוריית,IL,רביולי בטטה פרווה 40,גרמים,400.00,100 גרם,false,,19.90,0.0497,true,1,1405744
7290105968777,false,פריכיות 5 דגנים עם תחתית שוקולד מריר 70 גרם,"טחנת האבן תעשיות בע""",IL,פריכיות 5 דגנים תחתי,גרמים,70.00,100 גרם,false,,8.00,0.1143,true,1,1434187
7290106412071,false,מרשמלו קשת 500 גרם,פיני גולוסינאס יספאניא,ES,מרשמלו קשת 500 גרם,גרמים,500.00,100 גרם,false,,29.90,0.0598,true,1,1428355
7290106412354,false,טופגם גומי עצם 500 ג,,,טופגם גומי עצם 500 ג,גרמים,500.00,100 גרם,false,,19.90,0.0398,true,1,1436656
7290106419636,false,טופגם גומי לב אפרסק,,,טופגם גומי לב אפרסק,גרמים,500.00,100 גרם,false,,19.90,0.0398,true,1,1436667
7290106520066,false,"רבע לשבע שוקולד חלב במילוי אגוזים עלית 160 גרם בד""צ","הגביע מוצרי וופלים בע""\מ",IL,רבע לשבע קרם אגוזים,גרמים,160.00,100 גרם,false,,10.90,0.0681,true,1,1416563
7290106520912,false,"שמנת 9% לבישול יטבתה 250 מ""ל מהדרין",שטראוס גרופ,IL,שמנת לבישול 9% יטבתה,מיליליטרים,250.00,"100 מ""ל",false,,7.90,0.0316,true,1,1405750
7290106524439,false,"תפוצ'יפס פופס 60 גרם ""עלית""","שטראוס פריטו ליי בע""\מ )",IL,תפוצ'יפס פופס 60 גרם,גרמים,60.00,100 גרם,false,,4.00,0.0667,true,1,1406173
7290106525320,false,אבקת שוקולית לאפייה קופסא 500ג' עלית,הנסיך- מפעל לייצור ט,IL,שוקולית לאפיה 500 גר,גרמים,500.00,100 גרם,false,,14.90,0.0298,true,1,1416564
7290106525382,false,קפה טורקי עלית 125 גר,עלית,,קפה טורקי עלית 125 ג,גרמים,125.00,100 גרם,false,,9.90,0.0792,true,1,1416566
7290106526822,false,פריכיות אורז חום מלא תחתית שוקולד חלב 80 גרם,"טחנת האבן תעשיות בע""",IL,פריכיות אורז חום מלא,גרמים,80.00,100 גרם,false,,8.00,0.1000,true,1,1416568
7290106528567,false,"דוריטוס גריל 185 גרם ""עלית""","שטראוס פריטו ליי בע""\מ )",IL,דוריטוס גריל 185 גרם,גרמים,185.00,100 גרם,false,,7.90,0.0427,true,1,1406174
7290106528628,false,"דוריטוס טבעי 185 גרם ""עלית""","שטראוס פריטו ליי בע""\מ )",IL,דוריטוס טבעי 185 גרם,גרמים,185.00,100 גרם,false,,7.90,0.0427,true,1,1406175
7290106571907,false,פיטנס עוגיות שוקולד ציפס,מיוצר עי קונדיטוריית,IL,פיטנס עוגיות שוקולד,גרמים,180.00,100 גרם,false,,11.90,0.0661,true,1,1407242
7290106573314,false,חטיף קריספי בטעם כפרי 150 ג' אסם,מיוצר עי קונדיטוריית,IL,אסם קריספי טאפאס כפר,גרמים,150.00,100 גרם,false,,11.90,0.0793,true,1,1407253
7290106574793,false,עוגת הבית בטעם שוקו-שוקוצ'יפס 350 ג' אסם,מיוצר עי קונדיטוריית,IL,עוגת הבית שוקו שוקוצ,גרמים,350.00,100 גרם,false,,11.90,0.0340,true,1,1407263
7290106574953,false,בייגלה שטוחים כעכים שטוחים עם שומשום,מיוצר עי קונדיטוריית,IL,בייגלה שטוחים שומשום,גרמים,300.00,100 גרם,false,,9.90,0.0330,true,1,1407264
7290106575257,false,עוגת הבית סופלה בטעם שוקולד 340 ג' אסם,מיוצר עי קונדיטוריית,IL,עוגת הבית סופלה בטעם,גרמים,340.00,100 גרם,false,,11.90,0.0350,true,1,1407267
7290106575431,false,עוגת הבית סופלה בטעם שוקוניל 340 ג' אסם,מיוצר עי קונדיטוריית,IL,עוגת הבית סופלה בטעם,גרמים,340.00,100 גרם,false,,11.90,0.0350,true,1,1407268
7290106576223,false,"אפרופו שוקולד 40 גרם ""אסם""",מיוצר עי קונדיטוריית,IL,אפרופו שוקולד כלפ 40,גרמים,40.00,100 גרם,false,,4.90,0.1225,true,1,1407270
7290106576513,false,סלט חומוס צבר 400 גר,סלטי צבר,IL,חומוס חלק צבר 400 גר,גרמים,400.00,100 גרם,false,,9.90,0.0248,true,1,1407273
7290106576537,false,חומוס מסעדות צבר 700 גרם,סלטי צבר,IL,חומוס מסעדה צבר 700,גרמים,700.00,100 גרם,false,,10.90,0.0156,true,1,1407274
7290106577282,false,טחינה אמיתית מרובע 400 ג' צבר,סלטי צבר,IL,סלט טחינה צבר 400 גר,גרמים,400.00,100 גרם,false,,12.90,0.0323,true,1,1407275
7290106577527,false,סלט קולסלאו כרוב לבן וגזר 400 ג' צבר,סלטי צבר,IL,סלט קולסלאו כרוב לבן,גרמים,400.00,100 גרם,false,,12.90,0.0323,true,1,1407279
7290106577541,false,צבר כרוב אדום מרובע 400גרם,סלטי צבר,IL,סלט כרוב אדום צבר 40,גרמים,400.00,100 גרם,false,,12.90,0.0323,true,1,1407280
7290106578692,false,ביסלי במבה מיקס מהדורת אליפות אסם 80 גרם,פרו מן יו פתרונות אר,IL,במבה ביסלי מיקס 80 ג,גרמים,80.00,100 גרם,false,,4.90,0.0613,true,1,1407287
7290106652996,false,כיף כף מקלות קוקוס חלבי 40 גר',סולן בעבור שטראוס,TR,כיף כף מקלות קוקוס 4,גרמים,40.00,100 גרם,false,,4.90,0.1225,true,1,1441651
7290106653504,false,סבבה בוטנים אמריקאים ברביקיו 50 גרם,"שטראוס פריטו ליי בע""",IL,בוטנים אמריקאים ברבי,גרמים,50.00,100 גרם,false,,2.90,0.0580,true,1,1406178
7290106656734,false,"עוגיות חיוכים וניל עלית 600 גרם בד""צ",אפיפית נצרת תעשיות ב,IL,חיוכים וניל 600 גרם,גרמים,600.00,100 גרם,false,,17.90,0.0298,true,1,1416575
7290106662025,false,תפוציפס טבעי מלח ופלפל 50 גרם,"שטראוס פריטו ליי בע""",IL,תפוצ'יפס מלח פלפל 50,גרמים,50.00,100 גרם,false,,4.00,0.0800,true,1,1406184
7290106663183,false,צ'יטוס חטיף טעם גבינה 65ג,שטראוס גרופ,IL,ציטוס קראצ בטעם גבינ,גרמים,65.00,100 גרם,false,,3.50,0.0538,true,1,1406185
7290106663503,false,קונפיטורה לייט תות יד מרדכי 230 גרם,אף.סי תבליני בגליל ב,IL,קונפיטורת תות שדה לי,גרמים,230.00,100 גרם,false,,13.90,0.0604,true,1,1416587
7290106664562,false,רוטב שמנת עם פטריות 9% שומן 258 ג' יוטבתה,שטראוס גרופ,IL,רוטב שמנת עם פטריות,מיליליטרים,250.00,"100 מ""ל",false,,10.90,0.0436,true,1,1405769
7290106667266,false,"דוריטוס חמוץ חריף 185 גרם ""עלית""","שטראוס פריטו ליי בע""\מ )",IL,דוריטוס חמוץ חריף 18,גרמים,185.00,100 גרם,false,,7.90,0.0427,true,1,1406192
7290106668577,false,"מיץ לימון טיבעי 250 מ""ל יד מרדכי",האי נאם סי או אל.טי.,IT,מיץ לימון טבעי 250 מ,מיליליטרים,250.00,"100 מ""ל",false,,7.90,0.0316,true,1,1416593
7290106721920,false,צנצנת מסטיק מאסט בטעם ספירמינט עדין 66 ג' עלית,"שטראוס גרופ בע""\מ.",IL,"צנצנת ספירמינט לל""ס",גרמים,66.00,100 גרם,false,,9.90,0.1500,true,1,1416600
7290106726178,false,יוגורט PRO עם פירות יער 2.4% 10 גרם חלבון בגביע,מיוצר עי קונדיטוריית,IL,יוגורט פרו 10 גרם חל,גרמים,150.00,100 גרם,false,,4.70,0.0313,true,1,1405775
7290106727984,false,"כיף כף פצפצים בגביע 135 גרם ""עלית""",שולן צ'\יקולטה גידה סאן.,TR,גביע פצפצים 135 גרם,גרמים,135.00,100 גרם,false,,10.60,0.0785,true,1,1416609
7290107280105,false,מגבוני אף רכים במיוחד סנו סופט 120 יח,סנו סופט,IL,ממחטות נייר בקופסא 1,יחידה,120.00,יחידה,false,,9.90,0.0825,true,1,1410180
7290107647731,false,קוקומן חום לבן בטעם שוקולד ווניל,יוניליוור ישראל מזון בעמ,IL,קוקומן חום לבן 375 ג,גרמים,375.00,100 גרם,false,,20.90,0.0557,true,1,1409808
7290107647823,false,"ברנפלקס פתיתי חיטה מלאה וסובין 500 גרם ""תלמה""",יוניליוור ישראל מזון בעמ,IL,ברנפלקס 500 גרם,גרמים,500.00,100 גרם,false,,21.90,0.0438,true,1,1409814
7290107647854,false,"שוגי מופחת סוכר תלמה 500 ג' בד""צ",יוניליוור ישראל מזון בעמ,IL,שוגי 500 גרם,גרמים,500.00,100 גרם,false,,19.90,0.0398,true,1,1409815
7290107649605,false,קליק אקסטרא לארג שוקולד חלב עם פתיתי תירס ודגנים,יוניליוור ישראל מזון בעמ,IL,קליק טבלה קורנפלקס 8,גרמים,85.00,100 גרם,false,,5.90,0.0694,true,1,1409831
7290107871297,false,אוסם - מיני פריכונים עשבי תיבול 25 גרם,"פרח תעשיות מזון בע""מ.",IL,אסם פריכונים מיני עש,גרמים,23.00,100 גרם,false,,4.20,0.1826,true,1,1407294
7290107874502,false,ביסלי גריל קדמ. מארז אחיד 10 4*55 גרם,מיוצר עי קונדיטוריית,IL,ביסלי גריל 4 * 55 גר,גרמים,220.00,100 גרם,false,,12.50,0.0568,true,1,1407305
7290107875271,false,ביסלי ברביקיו קדמ. מארז אחיד10 4*55 גרם,"אסם השקעות בע""\מ",IL,ביסלי ברביקיו 4 * 55,גרמים,220.00,100 גרם,false,,12.50,0.0568,true,1,1407310
7290107876889,false,אוסם - במבה במילוי קרם נוגט 45 גרם,"אסם השקעות בע""מ",IL,במבה במילוי קרם נוגט,גרמים,45.00,100 גרם,false,,4.30,0.0956,true,1,1407315
7290107877619,false,מארז במבה במילוי קרם נוגט 5*30ג' אסם,"אסם השקעות בע""\מ",IL,במבה במילוי קרם נוגט,גרמים,150.00,100 גרם,false,,13.90,0.0927,true,1,1407319
7290107879132,false,פריכיות פיטנס מיני פריכיות שוקולד חלב 22 ג',כרמית,IL,פיטנס מיני פריכיות ש,גרמים,22.00,100 גרם,false,,4.90,0.2227,true,1,1407323
7290107931397,false,כיף כף פצפוצים במילוי שוקולד 40 גרם,שולן צ'\יקולטה גידה סאן.,TR,כיף כף פצפצים 40 גרם,גרמים,135.00,100 גרם,false,,5.00,0.0370,true,1,1416613
7290107932080,false,חלב מועשר יוטבתה בבקבוק 3% 1 ליטר,מחלבת יטבתה,IL,חלב מועשר בקבוק 3% י,מיליליטרים,1000.00,"100 מ""ל",false,,7.70,0.0077,true,1,1405784
7290107932134,false,חלב מועשר יוטבתה בבקבוק 1% 1 ליטר,מחלבת יטבתה,IL,חלב מועשר בקבוק 1% י,מיליליטרים,1000.00,"100 מ""ל",false,,7.70,0.0077,true,1,1405786
7290107936309,false,דנונה יוגורט 7% יווני לבן 130 ג',"שטראוס בריאות בע""מ",IL,יוגורט דנונה יווני ל,גרמים,130.00,100 גרם,false,,3.40,0.0262,true,1,1405793
7290107936958,false,עד חצות ביסקוויט אצבעות שוקולד 125 גרם,ביסקוויטס טור ד'\אלבון,FR,עד חצות אצבעות 125 ג,גרמים,125.00,100 גרם,false,,9.90,0.0792,true,1,1405795
7290107937641,false,צנצנת מסטיק בזוקה קוביות ללא סוכר,אסקום קונפקשיין,DE,צנצנת קוביות בזוקה 5,גרמים,58.00,100 גרם,false,,9.90,0.1707,true,1,1416629
7290107938396,false,שמיניית אקטימל תות דיסני בנים 108 גרם,מיוצר עי קונדיטוריית,IL,אקטימל תות דיסני 8*1,מיליליטרים,800.00,"100 מ""ל",false,,20.90,0.0261,true,1,1405799
7290107940467,false,אקטיביה יוגורט 1.5% שומן 200 ג' דנונה,מיוצר עי קונדיטוריית,IL,יוגורט 1.5% דנונה אק,גרמים,200.00,100 גרם,false,,4.00,0.0200,true,1,1405807
7290107944472,false,סימפוניה גבינה במרקם שמנת 5% שום שמיר,"שטראוס בריאות בע""\מ",IL,סימפוניה שום שמיר 5%,גרמים,200.00,100 גרם,false,,11.00,0.0550,true,1,1405825
7290107945165,false,קונפיטורת משמש יד מרדכי 340 גרם,אף.סי תבליני בגליל ב,IL,קונפיטורת משמש 340 ג,גרמים,340.00,100 גרם,false,,13.90,0.0409,true,1,1416644
7290107951104,false,בפלות ופלים ארוכים בטעם שוקולד,"שטראוס גרופ בע""\מ",IL,בפלות שוקולד 200 גרם,יחידה,0.00,יחידה,false,,5.50,0.0000,true,1,1416651
7290107951111,false,בפלות ופלים ארוכים בטעם לימון,"א.ג. גילרו בע""\מ",IL,בפלות לימון 200 גרם,גרמים,200.00,100 גרם,false,,4.90,0.0245,true,1,1405853
7290107954709,false,"קונפיטורת פירות יער ""יד מרדכי"" 340 גר'","ב.א. מזון בע""\מ",IL,קונפיטורת פירות יער,גרמים,340.00,100 גרם,false,,13.90,0.0409,true,1,1416664
7290107957069,false,"מסטיק ע""למה ""בטעם אוכניות 66 גרם צנצנת ""עלית""","שטראוס גרופ בע""\מ",IL,צנצנת עלמה בטעם אוכמ,גרמים,66.00,100 גרם,false,,9.90,0.1500,true,1,1420144
7290107957076,false,"מסטיק ""עלמה"" בטעם ספירמנט 66 גרם צנצנת ""עלית""","שטראוס גרופ בע""\מ",IL,צנצנת עלמה בטעם ספיר,גרמים,66.00,100 גרם,false,,9.90,0.1500,true,1,1420145
7290107973861,false,מאסטר שף עגבניות קצוצות דק שלישיה 400ג*3 כשלפ,קונסרזיו קאסאלאסקו ד,IT,עגבניות חתוך דק מאסט,גרמים,1200.00,100 גרם,false,,16.90,0.0141,true,1,1414251
7290107974806,false,"אורז בסמטי 1 ק""ג מאסטר שף",דווה סינג שיהם סינג,IN,מאסטר שף אורז בסמטי,גרמים,1000.00,100 גרם,false,,11.90,0.0119,true,1,1431262
7290107974837,false,מנה מאסטר שף ממרח מתובל שום 246 גר,רמיה סי.וי.הולנד,NL,מאסטר שף ממרח מתובל,גרמים,253.00,100 גרם,false,,7.90,0.0312,true,1,1414260
7290107978453,false,חטיף בטעם גריל קראנצ,קראנצ'וס,IL,חטיף בטעם גריל קראנצ,גרמים,55.00,100 גרם,false,,3.50,0.0636,true,1,1414267
7290108070309,false,שקית בלונים פסטל מעורב צבעים-100 יח,,IL,בלונים במגוון צבעים,יחידה,100.00,יחידה,false,,21.80,0.2180,true,1,1414722
7290108070316,false,שקית 50בלונים פסטל מעורב,,IL,שקית 50 פסטל,יחידה,50.00,יחידה,false,,11.70,0.2340,true,1,1414723
7290108070330,false,בלונים איכותיים 20 י,,IL,בלונים איכותיים 20 י,יחידה,20.00,יחידה,false,,5.90,0.2950,true,1,1414724
7290108072839,false,נייר אכיל הלו קיטי-ע,גילרוי,,נייר אכיל הלו קיטי-ע,יחידה,1.00,יחידה,false,,16.90,16.9000,true,1,1426364
7290108076288,false,תותח קונפטי 40 סמ -,,,תותח קונפטי 40 סמ -,יחידה,1.00,יחידה,false,,10.90,10.9000,true,1,1426388
7290108271188,false,כוסות נייר שתיה חמה,חגיגית,,כוסות נייר שתיה חמה,יחידה,50.00,יחידה,false,,11.90,0.2380,true,1,1415668
7290108271416,false,שקיות אשפה 52/65 עם שרוך רמי לוי,רמי לוי,,שקיות אשפה 52/65 עם,יחידה,1.00,יחידה,false,,18.90,18.9000,true,1,1415674
7290108271430,false,שקיות אשפה עם שרוך 2*10 רמי לוי,רמי לוי,,שקית אשפה עם שרוך זו,גרמים,760.00,100 גרם,false,,14.60,0.0192,true,1,1415675
7290108271454,false,שקיות מזון בקופסא רמי לוי 300 יח,רמי לוי,,שקיות מזון בקופסא רמ,יחידה,300.00,יחידה,false,,9.90,0.0330,true,1,1415676
7290108271492,false,נייר אפייה רמי לוי 37*42,רמי לוי,,נייר אפייה רמי לוי 3,יחידה,50.00,יחידה,false,,8.90,0.1780,true,1,1415679
7290108272000,false,כוסות שתיה קרה 100 יחידות,חגיגית,,כוסות שתיה קרה 100 י,יחידה,100.00,יחידה,false,,7.90,0.0790,true,1,1415691
7290108272178,false,צלחות גדולות רמי לוי,,,צלחות גדולות רמי לוי,יחידה,50.00,יחידה,false,,22.90,0.4580,true,1,1415697
7290108272185,false,צלחת בינוני רמי לוי 50 יח,רמי לוי,,צלחת בינוני רמי לוי,יחידה,50.00,יחידה,false,,13.90,0.2780,true,1,1415698
7290108272567,false,תבנית אפייה נייר עגולה 3 יחידות,,,תבנית אפייה נייר עגו,יחידה,3.00,יחידה,false,,8.30,2.7667,true,1,1415704
7290108272956,false,מגש עגול מעוטר,,,מגש עגול מעוטר,יחידה,1.00,יחידה,false,,4.90,4.9000,true,1,1429793
7290108273083,false,צלחת קטנה איכותית קרם רמי לוי 25 יח,רמי לוי,,צלחת 7' קרם (25 יח'),יחידה,25.00,יחידה,false,,6.90,0.2760,true,1,1415709
7290108273168,false,צלחת בינונית איכותית קרם רמי לוי 25 יח,רמי לוי,,צלחת 9' קרם (25 יח'),יחידה,25.00,יחידה,false,,12.90,0.5160,true,1,1415710
7290108273663,false,מגשיות אלומיניום גדולות (5 יח') R33 רמי,רמי לוי,,מגשיות אלומיניום גדו,יחידה,5.00,יחידה,false,,6.90,1.3800,true,1,1415719
7290108274585,false,כוסות נייר שתיה חמה,,,כוסות נייר שתיה חמה,יחידה,50.00,יחידה,false,,11.90,0.2380,true,1,1415745
7290108274592,false,נייר אפייה רמי לוי 3,נייר אפיה 3 ב 21,,נייר אפייה רמי לוי 3,יחידה,50.00,יחידה,false,,8.90,0.1780,true,1,1431155
7290108274639,false,צלחות קטנות לבן 50 יחידות-רמי,,,צלחת בינוני רמי לוי,יחידה,50.00,יחידה,false,,13.90,0.2780,true,1,1428482
7290108274707,false,קרם צלחת 9' (25 יח') בסט וליו,,,צלחת 9' קרם (25 יח'),יחידה,25.00,יחידה,false,,12.90,0.5160,true,1,1415747
7290108275407,false,כוס שתייה קרה 100 יח-חגיגית,כוסות שתיה קרה 4 ב 1,,כוסות שתיה קרה 100 י,יחידה,100.00,יחידה,false,,7.90,0.0790,true,1,1415753
7290108275568,false,כפית לבן 100 יחידות,,,כפית לבן 100 יחידות,יחידה,100.00,יחידה,false,,7.90,0.0790,true,1,1415757
7290108276930,false,צלחת איטלקית גדולה (50 יח') בסט וליו,,,צלחות גדולות רמי לוי,יחידה,50.00,יחידה,false,,22.90,0.4580,true,1,1428484
7290108277951,false,מפות פירנצה חתוכות ב,,,מפות פירנצה חתוכות ב,יחידה,1.00,יחידה,false,,8.90,8.9000,true,1,1427957
7290108278255,false,קרם קערת סלט 10 יחיד,,,קרם קערת סלט 10 יחיד,יחידה,10.00,יחידה,false,,6.90,0.6900,true,1,1430183
7290108501346,false,גבינה מגורדת גאודה 28% שומן EURO CHEESE ויליפוד 500 גרם,ג. וילי פוד אינטרנשיונל,IL,גבינת גאודה מגורדת 5,גרמים,500.00,100 גרם,false,,24.90,0.0498,true,1,1408476
7290108503043,false,תפוחונים חטיף פלחים מיובשים מארז 22X4ג',הביי דונגפנג פוד קו. בעמ,CN,תפוחי עץ מיובשים תפו,גרמים,88.00,100 גרם,false,,14.90,0.1693,true,1,1408547
7290108504699,false,רביעיית טונה בשמן קנולה פתח קל ויליפוד 4*160 גרם,גולדן פרייז קאנינג אל טי,TH,נתחי טונה בהירה בשמן,גרמים,640.00,100 גרם,false,,21.90,0.0342,true,1,1434477
7290108507492,false,קרקרים עם שומשום 105ג רמילוי,,,קרקרים עם שומשום רמי,גרמים,105.00,100 גרם,false,,5.50,0.0524,true,1,1433827
7290108507508,false,קרקרים עם תרד ושמיר 105ג רמילוי,,,קרקרים עם תרד ושמיר,גרמים,105.00,100 גרם,false,,5.50,0.0524,true,1,1433828
7290109351957,false,פריכיות פיטנס מיני גדולות שוקולד חלב 100ג',סנורייס בלגיום אן. ו,BE,פיטנס פריכיות גדולות,גרמים,100.00,100 גרם,false,,8.90,0.0890,true,1,1407330
7290109351971,false,פריכיות דגנים פיטנס מצופות שוקולד חלב,פרח תעשיות,IL,פיטנס בר פריכיות שוק,גרמים,84.00,100 גרם,false,,12.90,0.1536,true,1,1407331
7290109352916,false,פריכיות דגנים פיטנס מצופות שוקולד לבן,פרח תעשיות,IL,פריכיות שוקולד לבן,גרמים,84.00,100 גרם,false,,12.90,0.1536,true,1,1407332
7290109354972,false,אוסם - פתי בר וניל חלבי ללא גלוטן 200 גרם,מיוצר עי קונדיטוריית,IL,פתי בר קלאסי ללא גלו,גרמים,200.00,100 גרם,false,,9.90,0.0495,true,1,1407345
7290109358765,false,דגני בוקר קראנץ' רולס נוגט 450 גרם,"אסם השקעות בע""\מ",IL,קראנץ' רולס 450 גרם,גרמים,450.00,100 גרם,false,,23.90,0.0531,true,1,1407361
7290109580265,false,זוג חזה הודו בדבש+בקביקיו 600ג רמילוי,,,ח.הודו ועוף בדבש+ח.ב,גרמים,600.00,100 גרם,false,,22.90,0.0382,true,1,1442610
7290110056025,false,בלון מטאלי 10 יח' יר,,,בלון מטאלי 10 יח' יר,יחידה,1.00,יחידה,false,,10.00,10.0000,true,1,1426425
7290110057985,false,כרזת יום הולדת- יום,,,כרזת יום הולדת- יום,יחידה,1.00,יחידה,false,,3.90,3.9000,true,1,1422784
7290110058869,false,שלישית ביצי שוקולד (חלב ישראל) סמי הכבאי (3X24),שמחה זה אנחנו,IT,שלישיית ביצי שוקולד,יחידה,3.00,יחידה,false,,12.90,4.3000,true,1,1414752
7290110110574,false,"פחיות קוקה קולה זירו לימון 330 מ""ל",החברה המרכזית לייצור משק,IL,סליק ZERO לימון 330,מיליליטרים,330.00,"100 מ""ל",false,,6.20,0.0188,true,1,1413558
7290110114794,false,נביעות+ מים מינרליים בטעם אפרסק 1.5 ליטר,"נביעות טבע הגליל בע""\מ ,",IL,מים בטעם אפרסק נביעו,מיליליטרים,1500.00,"100 מ""ל",false,,9.20,0.0061,true,1,1437876
7290110114800,false,נביעות+ מים מינרליים בטעם ענבים 1.5 ליטר,פארייפאבה אגרואינדוס,IL,מים מינרליים בטעם ענ,מיליליטרים,1500.00,"100 מ""ל",false,,9.20,0.0061,true,1,1437877
7290110114954,false,מיץ תפוזים מתקתקים פריגת 2 ליטר,פריגת מצוננים,IL,פריגת 2 ליטר 100% מי,מיליליטרים,2000.00,"100 מ""ל",false,,24.90,0.0124,true,1,1438165
7290110114985,false,משקה קל אשכוליות פריגת 1.5 ליטר,מבשלות בירה בינלאומיות ב,IL,פריגת אשכוליות 1.5 ל,מיליליטרים,1500.00,"100 מ""ל",false,,9.10,0.0061,true,1,1437885
7290110115036,false,משקה קל מנגו פריגת 1.5 ליטר,מבשלות בירה בינלאומיות ב,IL,פריגת מנגו 1.5 ליטר,מיליליטרים,1500.00,"100 מ""ל",false,,9.10,0.0061,true,1,1437890
7290110115043,false,משקה קל לימונענע פריגת 1.5 ליטר,מבשלות בירה בינלאומיות ב,IL,פריגת לימונענע 1.5 ל,מיליליטרים,1500.00,"100 מ""ל",false,,9.10,0.0061,true,1,1437891
7290110115050,false,פריגת מיקס תות בננה 1.5 ליטר פיקדון,מבשלות בירה בינלאומיות ב,IL,פריגת מיקס תות-בננה,מיליליטרים,1500.00,"100 מ""ל",false,,9.10,0.0061,true,1,1437892
7290110115203,false,קוקה קולה 1.5 ליטר פיקדון,החברה המרכזית לייצור משק,IL,קוקה קולה 1.5 ליטר,מיליליטרים,1500.00,"100 מ""ל",false,,8.90,0.0059,true,1,1437904
7290110115265,false,ספרייט לימון ליים 1.5 ליטר-,החברה המרכזית לייצור משק,IL,ספרייט ליים 1.5 ליטר,מיליליטרים,1500.00,"100 מ""ל",false,,8.90,0.0059,true,1,1437910
7290110115272,false,ZERO ספרייט 1.5 ליטר פיקדון,החברה המרכזית לייצור משק,IL,ספרייט זירו בקבוק 1.,מיליליטרים,1500.00,"100 מ""ל",false,,8.60,0.0057,true,1,1437911
7290110115296,false,משקה מוגז אורנג' פאנטה 1.5 ליטר,החברה המרכזית לייצור משק,IL,פאנטה אורנג' 1.5 ליט,מיליליטרים,1500.00,"100 מ""ל",false,,9.10,0.0061,true,1,1437912
7290110115326,false,פאנטה אורנג' מנגו 1.5 ליטר פיקדון,החברה המרכזית לייצור משק,IL,פאנטה אורנג' מנגו 1.,מיליליטרים,1500.00,"100 מ""ל",false,,9.10,0.0061,true,1,1437914
7290110115401,false,קינלי סודה שישייה 1.5 ליטר פיקדון,החברה המרכזית לייצור משק,IL,שישיית קינלי סודה 1.,מיליליטרים,9000.00,"100 מ""ל",false,,15.70,0.0017,true,1,1437921
7290110115494,false,תה קר בטעם ענבים פיוז טי 1.5 ליטר,מבשלות בירה בינלאומית בע,IL,תה קר בטעם ענבים פיו,מיליליטרים,1500.00,"100 מ""ל",false,,9.50,0.0063,true,1,1437930
7290110115838,false,ספרייט לימון- ליים 1.5 ליטר,"אינסטנטה בע""מ",IL,ספרייט זירו 1.5 ליט,מיליליטרים,1500.00,"100 מ""ל",false,,8.90,0.0059,true,1,1441486
7290110115869,false,קוקה קולה זירו 1.5 ליטר פיקדון,תות תעשיות מזון (201,IL,קוקה קולה זירו בקבוק,מיליליטרים,1500.00,"100 מ""ל",false,,8.80,0.0059,true,1,1438448
7290110116491,false,פריגת סחוט מיקס אפרסק משמש 1ליטר,פריגת מצוננים,IL,פריגת מיקס אפרסק משמ,מיליליטרים,1000.00,"100 מ""ל",false,,16.20,0.0162,true,1,1442508
7290110116507,false,פריגת סחוט מיקס אננס בננה אגס 1ליטר,פריגת מצוננים,IL,פריגת מיקס אננס בננה,מיליליטרים,1000.00,"100 מ""ל",false,,16.20,0.0162,true,1,1442509
7290110320850,false,פתיתים גבינה חצי קשה מגורדת 28% שומן,תנובה מרכז שיתופי לש,IL,גבינת עמק 28% שומן פ,גרמים,200.00,100 גרם,false,,15.90,0.0795,true,1,1411609
7290110321277,false,קוטג' בקטנה 5% תנובה 100 גרם מהדרין,פארייפאבה אגרואינדוס,IL,קוטג' בקטנה 5%,גרמים,100.00,100 גרם,false,,2.70,0.0270,true,1,1411620
7290110321680,false,יוגורט GO בטעם תות 20 גרם חלבון בגביע,מיוצר עי קונדיטוריית,IL,יוגורט 2.9% תות גו 2,גרמים,200.00,100 גרם,false,,5.50,0.0275,true,1,1411626
7290110321703,false,יוגורט עם פירות יער בתוספת חלבוני חלב 2% שומן,מיוצר עי קונדיטוריית,IL,יוגורט 2.9% פירות יע,גרמים,200.00,100 גרם,false,,5.70,0.0285,true,1,1411628
7290110321789,false,גבינת מסקרפונה 38% השף הלבן 250 גרם,תנובה חלב,IL,גבינת מסקרפונה השף ה,גרמים,250.00,100 גרם,false,,19.90,0.0796,true,1,1411629
7290110322014,false,טופו בטעם טבעי תנובה ALTERNATIVE,שוורצקוף& הנקל דיסלד,IL,טופו טבעי 300 גרם,גרמים,300.00,100 גרם,false,,12.50,0.0417,true,1,1411636
7290110322021,false,"תנובה טופו בזיליקום 300 גר' בד""צ",שוורצקוף& הנקל דיסלד,IL,טופו בזיליקום 300 גר,גרמים,300.00,100 גרם,false,,12.50,0.0417,true,1,1411637
7290110324858,false,מעדן שקדים בטעם אגוזי לוז תנובה 125 גרם,מיוצר עי קונדיטוריית,IL,מעדן שקדים אגוזי לוז,גרמים,125.00,100 גרם,false,,4.20,0.0336,true,1,1434231
7290110324926,false,משקה סויה ללא תוספת סוכר E אלטרנטיב,תנובה מרכז שיתופי לש,IL,משקה סויה ללא תוספת,מיליליטרים,1000.00,"100 מ""ל",false,,10.90,0.0109,true,1,1411696
7290110325114,false,"משקה יוגורט יופלה גו לייט תות בננה 250 מ""ל - רבנות",מיוצר עי קונדיטוריית,IL,משקה יוגורט 0.6% מוע,מיליליטרים,250.00,"100 מ""ל",false,,5.90,0.0236,true,1,1411699
7290110325305,false,יופלה GO סויה 20 גרם חלבון במתיקות מעודנת תנובה 200 גרם,מיוצר עי קונדיטוריית,IL,מעדן סויה גו מועשר ב,גרמים,200.00,100 גרם,false,,5.70,0.0285,true,1,1423879
7290110325312,false,יופלה GO סויה 20 גרם חלבון בטעם תות תנובה 200 גרם,"תנובה בע""\מ",IL,מעדן סויה גו מועשר ת,גרמים,200.00,100 גרם,false,,5.70,0.0285,true,1,1423880
7290110325619,false,משקה שיבולת שועל תנובה E אלטרנטיב,מיוצר עי קונדיטוריית,IL,משקה שיבולת שועל 1 ל,מיליליטרים,1000.00,"100 מ""ל",false,,12.90,0.0129,true,1,1431440
7290110327064,false,משקה אייס קפה שיבולת שועל בטעם קרמל 1 ל' ALTERNATIVE,תנובה מרכז שיתופי לש,IL,"אייס קפה ש""ש קרמל 1",מיליליטרים,1000.00,"100 מ""ל",false,,11.90,0.0119,true,1,1439790
7290110327514,false,alternative משקה שיבולת שועל בטעם אגוזי לוז תנובה 1 ליטר,תנובה מרכז שיתופי לש,IL,משקה שיבולת שועל אגו,מיליליטרים,1000.00,"100 מ""ל",false,,12.90,0.0129,true,1,1436876
7290110327828,false,חטיף חלבון GO - חמאת בוטנים 60 ג' חלב נוכרי - רבנות,"בלמונט קונפקציות בע""\מ.",US,תנובה חטיף חלבון GO,גרמים,60.00,100 גרם,false,,11.90,0.1983,true,1,1441422
7290110328504,false,טריו - מיקס גבינות מוצרלה סקנדינבית וגאודה 300 גרם,מיוצר עי קונדיטוריית,IL,טריו פתיתים מוצרלה ס,גרמים,300.00,100 גרם,false,,25.90,0.0863,true,1,1434894
7290110328627,false,יוגורט יופלה GO במרקם סמיך בטעם בננה קרמל 0%,מיוצר עי קונדיטוריית,IL,יוגורט גו סמיך בננה,גרמים,200.00,100 גרם,false,,5.90,0.0295,true,1,1437476
7290110328771,false,יוגורט יופלה GO במרקם סמיך עם פירות יער 0%,מיוצר עי קונדיטוריית,IL,יוגורט גו סמיך 0% פי,גרמים,200.00,100 גרם,false,,5.90,0.0295,true,1,1437478
7290110328788,false,יוגורט יופלה GO במרקם סמיך בטעם אפרסק 0%,תנובה מרכז שיתופי לש,IL,יוגורט גו סמיך אפרסק,גרמים,200.00,100 גרם,false,,5.90,0.0295,true,1,1437464
7290110329136,false,מעדן חלב מעושר בחלבון בטעם שוקולד 120 ג' GO,תנובה מרכז שיתופי לש,IL,מעדן חלב גו בטעם שוק,גרמים,120.00,100 גרם,false,,4.90,0.0408,true,1,1437652
7290110329143,false,מעדן חלב מעושר בחלבון בטעם וניל גביע 120 ג' GO,תנובה מרכז שיתופי לש,IL,מעדן חלב גו בטעם וני,גרמים,120.00,100 גרם,false,,4.90,0.0408,true,1,1437653
7290110550202,false,מטבעות שוקולד חלב לאפיה 400 גרם עלית,"פוליבה בע""\מ",IL,מטבעות שוקולד חלב לא,גרמים,400.00,100 גרם,false,,29.90,0.0747,true,1,1439563
7290110550219,false,מטבעות שוקולד לבן לאפיה 400 גרם עלית,"פוליבה בע""\מ",IL,מטבעות שוקולד לבן לא,גרמים,400.00,100 גרם,false,,29.90,0.0747,true,1,1439564
7290110553029,false,"אנרג'י קריספס-פריכיות חומוס, עדשים ואפונה עם קייל וסלק","פרח תעשיו מזון בע""מ",IL,פריכיות חלבון קייל ח,גרמים,60.00,100 גרם,false,,9.90,0.1650,true,1,1438588
7290110553098,false,מאגדת חטיפים אנרג'י מיקס צימוקים אגוזים 100X4 גרם,אנרג'י Energy - שטראוס,GB,אנרג'י מיקס צימוקים,גרמים,100.00,100 גרם,false,,15.90,0.1590,true,1,1440775
7290110553104,false,נסקפה קפוצ'ינו סטיק קלאסי 130 ג' עלית,מוקטה אס.פי,PL,קפוצ'ינו סטיק קלאסי,גרמים,130.00,100 גרם,false,,13.90,0.1069,true,1,1441652
7290110553135,false,נסקפה קפוצ'ינו סטיק וניל 130 ג' עלית,מוקטה אס.פי,PL,קפוצ'ינו סטיק וניל ע,גרמים,130.00,100 גרם,false,,13.90,0.1069,true,1,1441653
7290110553173,false,אנרגי פריכיות אורז בטעם קרמל 50 גרם,סאנורייס בלגיום,IL,פריכיות קרמל אנרגי 4,גרמים,40.00,100 גרם,false,,5.90,0.1475,true,1,1441349
7290110554422,false,פומודורו רוטב עגבניות ופלפלים לשקשוקה לפסטה יד מרדכי 350 גרם,אמיליאנה קונסרב סוסייטה,IT,רוטב עגבניות ופלפלים,גרמים,350.00,100 גרם,false,,11.90,0.0340,true,1,1438591
7290110554460,false,ציטוס קראנץ צ'דר חלפיניו 65 ג' עלית,עלית,,ציטוס קראנץ צ'דר חלפ,גרמים,65.00,100 גרם,false,,3.50,0.0538,true,1,1439957
7290110554583,false,מארז חטיפי צ'יטוס פאפס בטעם גבינה - 10 יחידות,"שטראוס פריטו ליי בע""\מ )",IL,מארז ציטוס פאפ גבינה,גרמים,200.00,100 גרם,false,,12.90,0.0645,true,1,1438166
7290110554699,false,"קפה עולה קפסולות אספרסו קלייה איטית וכהה מאוד, 10 * 50 ג'",שטראוס קפה בי.וי.,IL,קפסולות קפה עולה נספ,גרמים,50.00,100 גרם,false,,18.90,0.3780,true,1,1441351
7290110554705,false,קפסולות נספרסו לקפה יוניקו סדרת בתי הקלייה 10יח,שטראוס קפה בי.וי.,IL,קפסולות קפה יוניקו נ,גרמים,50.00,100 גרם,false,,18.90,0.3780,true,1,1441352
7290110554712,false,"קפסולות קפה אספרסו קלייה איטית ובהירה, 10 * 50 ג'",שטראוס קפה בי.וי.,IL,קפסולות קפה נחת נספר,גרמים,50.00,100 גרם,false,,18.90,0.3780,true,1,1441353
7290110554729,false,קפסולות עלית אספרסו 04 תואמות למכונות NESPRESSO,שטראוס קפה בי.וי.,IL,קפסולות אספרסו 04 תו,גרמים,50.00,100 גרם,false,,17.90,0.3580,true,1,1439368
7290110555306,false,רבע לשבע טבעוני סינמון באן עלית 125 גרם,"הגביע מוצרי וופלים בע""\מ",IL,רבע לשבע טבעוני סינמ,גרמים,125.00,100 גרם,false,,10.90,0.0872,true,1,1440080
7290110555603,false,ספלנדיד אבקה להכנת משקה בטעם שוקולטה,"ג'אלוסיס י. בע""מ",GR,שוקולוטה ספלנדיד 360,גרמים,360.00,100 גרם,false,,20.90,0.0581,true,1,1441654
7290110555665,false,קקאו דל שומן עלית בקופסא 220 גרם,"ג'אלוסיס י. בע""\מ",GR,קקאו דל שומן קופסא ע,גרמים,220.00,100 גרם,false,,18.90,0.0859,true,1,1441655
7290110556242,false,"שוקולד מריר פרווה 100 גר' בד""ץ תוצרת חוץ","שטראוס גרופ בע""מ.",FR,שוקולד מריר פרווה על,גרמים,100.00,100 גרם,false,,5.50,0.0550,true,1,1441363
7290110557027,false,חומוס עשיר 50% טחינה גולמית 400 ג' אחלה,מיוצר עי קונדיטוריית,IL,חומוס 50% טחינה 400,גרמים,400.00,100 גרם,false,,13.90,0.0348,true,1,1438111
7290110557133,false,מעדן הגולן וניל 125 ג' שטראוס,מיוצר עי קונדיטוריית,IL,מעדן הגולן וניל 125,גרמים,125.00,100 גרם,false,,2.90,0.0232,true,1,1437443
7290110558239,false,"וואו יוגורט עם שכבה בטעם קראק פאי 5.4%, 150 ג דנונה","שטראוס בריאות בע""\מ",IL,דנונה וואו קראק פאי,גרמים,150.00,100 גרם,false,,4.70,0.0313,true,1,1440866
7290110558284,false,דנונה ביו מולטי שטראוס 200 גרם,"שטראוס בריאות בע""\מ",IL,דנונה ביו מולטי 200,גרמים,200.00,100 גרם,false,,4.90,0.0245,true,1,1440368
7290110558314,false,דנונה פרו 20 גרם חלבון ללא סוכר פיסטוק 200 גרם,"שטראוס בריאות בע""\מ",IL,דנונה פרו ללא סוכר פ,גרמים,200.00,100 גרם,false,,5.90,0.0295,true,1,1440867
7290110560317,false,"הפריכיות הטעימות חומוס, עדשים שחורות, קינואה ומלח ים","פרח תעשיו מזון בע""מ",IL,פריכיות משולשות מלח,גרמים,30.00,100 גרם,false,,4.90,0.1633,true,1,1433090
7290110561352,false,דנונה יוגורט ביו פרוביוטי 3% דל לקטוז 150ג',"שטראוס בריאות בע""\מ",IL,דנונה דל לקטוז 200 ג,גרמים,200.00,100 גרם,false,,3.50,0.0175,true,1,1405908
7290110563448,false,"משקה קפה קר בסגנון מעודן 230 מ""ל 1.6% יוטבתה",האי נאם סי או אל.טי.,AT,משקה קפה קר מעודן 1.,מיליליטרים,230.00,"100 מ""ל",false,,7.90,0.0343,true,1,1405917
7290110563462,false,חלב 2% דל לקטוז בבקבוק יטבתה 1 ליטר.,מחלבת יטבתה,IL,חלב בבקבוק נטול לקטו,מיליליטרים,1000.00,"100 מ""ל",false,,7.90,0.0079,true,1,1405919
7290110564742,false,"משקה קפה קר בסגנון חזק 230 מ""ל 1.2% יוטבתה",האי נאם סי או אל.טי.,AT,משקה קפה קר בסגנון ח,מיליליטרים,230.00,"100 מ""ל",false,,7.90,0.0343,true,1,1405934
7290110566623,false,קפסולות קולומביה עלית 08 למכונת נספרסו מארז 5X10ג',שטראוס קפה בי.וי.,IL,קפסולות 08 קולומביה,יחידה,10.00,יחידה,false,,17.90,1.7900,true,1,1416684
7290110566975,false,דנונה פרו יוגורט 0% תות עשיר בחלבון 200ג',"שטראוס בריאות בע""\מ",IL,יוגורט דנונה פרו 20,גרמים,200.00,100 גרם,false,,5.90,0.0295,true,1,1405946
7290110568238,false,"קצפת צמחית 21% שומן 250 מ""ל יוטבתה",מחלבת יטבתה,IL,קצפת צמחית 21% 250 מ,מיליליטרים,250.00,"100 מ""ל",false,,7.90,0.0316,true,1,1405954
7290110568559,false,דוריטוס עלית מארז חמוץ חריף 10 יח' *25 ג',"שטראוס פריטו ליי בע""מ )פ",IL,דוריטוס חמוץ חריף 10,גרמים,250.00,100 גרם,false,,14.90,0.0596,true,1,1406209
7290110571405,false,עלית - מיני פינוקיות בגביע פסק זמן 180 גרם,הגביע,IL,מיני פינוקיות בגביע,גרמים,180.00,100 גרם,false,,10.90,0.0606,true,1,1441658
7290110571474,false,רבע לשבע טבעוני פופקורן עלית 125 גרם,"הגביע מוצרי וופלים בע""\מ",IL,רבע לשבע טבעוני פופק,גרמים,125.00,100 גרם,false,,10.90,0.0872,true,1,1440395
7290110572129,false,כיף כף מקלות שוקולד לבן 40 ג' עלית,סולן בעבור שטראוס,TR,כיף כף מקלות שוקולד,גרמים,40.00,100 גרם,false,,4.90,0.1225,true,1,1441660
7290110572884,false,"קפסולות קפה מספר 20 למכונת אספרס אספרסו, 50 גרם",שטראוס קפה בי.וי.,IL,קפסולות 20 למכונות נ,גרמים,50.00,100 גרם,false,,17.90,0.3580,true,1,1441661
7290110572969,false,כיף כף פצפצים עקרם לבן 40ג' עלית,שולן צ'\יקולטה גידה סאן.,TR,כיף כף פצפצים קרם לב,גרמים,40.00,100 גרם,false,,5.00,0.1250,true,1,1440781
7290110576318,false,מאגדת שלישיית שוקולד אגוז לבן 300 ג' עלית,סמואה,FR,שוקולד אגוז לבן עלית,גרמים,300.00,100 גרם,false,,24.90,0.0830,true,1,1441354
7290110576363,false,"שוקולד ספלנדיד מריר 80% חלבי ,פולי קקאו מאוגנדה",קימ'\ס גריפלנן,BE,ספלנדיד שוקולד מריר,גרמים,100.00,100 גרם,false,,7.90,0.0790,true,1,1440398
7290110576370,false,מארז שלישייה שוקולד מריר חלבי עם אגוזי לוז,שטראוס,IL,שוקולד אגוז מריר עלי,גרמים,300.00,100 גרם,false,,24.90,0.0830,true,1,1441355
7290110576387,false,מאגדת שלישיית שוקולד אגוז חלב 300 ג' עלית,שטראוס,FR,שוקולד אגוז חלב עלית,גרמים,300.00,100 גרם,false,,24.90,0.0830,true,1,1441356
7290110576776,false,טבלאות שוקולד ספלנדיד מריר 85% 100 ג' עלית,קימ'\ס גריפלנן,BE,שוקולד ספלנדיד מריר,גרמים,100.00,100 גרם,false,,10.90,0.1090,true,1,1441665
7290110577230,false,משקה חלב בטעם פיסטוק בבקבוק יטבתה 1 ליטר,שטראוס גרופ,IL,משקה חלב בטעם פיסטוק,מיליליטרים,1000.00,"100 מ""ל",false,,11.90,0.0119,true,1,1441591
7290110577247,false,"יטבתה משקה חלב-פיסטוק בבקבוק 350 מ""ל",שטראוס גרופ,IL,משקה חלב בטעם פיסטוק,מיליליטרים,350.00,"100 מ""ל",false,,6.20,0.0177,true,1,1441592
7290111350726,false,חטיף נאצוס הוטפופ בסגנון מקסיקני 322 גר,ליימן מותגים,US,חטיף נאצ'וס בסגנון מ,גרמים,332.00,100 גרם,false,,16.90,0.0509,true,1,1412369
7290111352959,false,מקלות חמוצים ממולאים בטעם פירות 80 גר' יוגטה,יוגטה yogueta,TR,מקלות חמוצים-סוכריות,גרמים,80.00,100 גרם,false,,5.00,0.0625,true,1,1431333
7290111564291,false,פריכיות דקות ונימוחות 3 דגנים וקינואה פיטנס Fitness,פרח תעשיות בעמ,IL,פריכיות דקות 3 דגנים,גרמים,120.00,100 גרם,false,,10.90,0.0908,true,1,1407377
7290111566240,false,שניצל דק מן הצומח בטעם צ'ילי חריף 700 גרם,עיצובים 2020 (4.8),IL,טבעול שניצל דק בטעם,גרמים,564.00,100 גרם,false,,31.90,0.0566,true,1,1407398
7290111566271,false,חטיפי תירס טבעול 657 גרם,עיצובים 2020 (4.8),IL,טבעול חטיפי תירס 657,גרמים,657.00,100 גרם,false,,30.90,0.0470,true,1,1407399
7290111566318,false,שניצל דק מן הצומח בטעם ביתי 700 גרם,עיצובים 2020 (4.8),IL,טבעול שניצל דק מן הצ,גרמים,564.00,100 גרם,false,,31.90,0.0566,true,1,1407401
7290111566561,false,"שניצל ברוקולי 99 קלוריות 560 גר' ""טבעול""",עיצובים 2020 (4.8),IL,טבעול שניצל ברוקולי,גרמים,560.00,100 גרם,false,,31.90,0.0570,true,1,1407406
7290111568251,false,אטריות נודלס להקפצה אסם אסייתי 350 גר',תאי פרזידנטפוד,TH,נודלס אטריות להקפצה,גרמים,350.00,100 גרם,false,,9.90,0.0283,true,1,1407420
7290111568961,false,בייגלה טבעות מלח אסם 400 גרם,אסם,IL,אסם בייגלה טבעות מלח,גרמים,400.00,100 גרם,false,,10.90,0.0273,true,1,1407430
7290111870972,false,פסי טופי 10 גר(25 יח בשקית) - ליגת הצדק,אס.אם אנטרפרייסז קורפ,CN,פסי טופי 10 גרם(25 י,יחידה,25.00,יחידה,false,,19.90,0.7960,true,1,1435071
7290111871078,false,מרשמלו מסולסל ארוך 18 גר' -ליגת הצדק,,CN,מרשמלו מסולסל ארוך 1,גרמים,432.00,גרם,false,,39.90,0.0924,true,1,1437630
7290111873041,false,אצבעות שוקולד ממולא בקרם חלב 50 ג'- מפרץ הרפתקאות,,,אצבעות שוקולד ממולא,גרמים,50.00,100 גרם,false,,3.90,0.0780,true,1,1414776
7290111873140,false,נרות מטה כוכבים פרוזן יח,סודי,CN,נרות מטה כוכבים - פר,יחידה,1.00,יחידה,false,,5.60,5.6000,true,1,1424706
7290111874659,false,מאג יום הולדת שמח -,,,מאג יום הולדת שמח -,יחידה,1.00,יחידה,false,,12.30,12.3000,true,1,1424717
7290111879739,false,נר ספרה בודד כסף נוצ,,,נר ספרה בודד כסף נוצ,יחידה,1.00,יחידה,false,,2.60,2.6000,true,1,1424747
7290111879838,false,נר ספרה בודד נוצץ צב,,,נר ספרה בודד נוצץ צב,יחידה,1.00,יחידה,false,,2.60,2.6000,true,1,1421239
7290111930928,false,חטיף פוף לבבות גריל 40 גרם,פוף POOF,IL,חטיף תפוח אדמה בטעם,גרמים,40.00,100 גרם,false,,3.90,0.0975,true,1,1414279
7290111930935,false,חטיף פוף טבעות קלאסי 40 גרם,פוף POOF,IL,חטיף תפוח אדמה בטעם,גרמים,40.00,100 גרם,false,,3.90,0.0975,true,1,1414280
7290111933554,false,שלישייה עגבניות קוביות מאסטר שף 400 גרם,קונסוריזיו קאסאלסקו,IT,קוביות עגבניות מאסטר,גרמים,1200.00,100 גרם,false,,16.90,0.0141,true,1,1428108
7290111938481,false,"רוטב סויה בהירה מאסטר שף 300 מ""ל",מאסטר שף,TH,רוטב סויה בהיר מאסטר,מיליליטרים,300.00,"100 מ""ל",false,,9.90,0.0330,true,1,1431268
7290111938498,false,"מנה אסייאתי רוטב סויה בהירה 700 מ""ל מ.שף",קי.אר.אס. ספייסי פוד,TH,רוטב סויה בהיר מאסטר,מיליליטרים,700.00,"100 מ""ל",false,,14.90,0.0213,true,1,1431269
7290112191069,false,טורטייה מזונות תפוחים 320 ג',,,טורטיה מזונות 320 גר,,8.00,100 יחידו,false,,9.90,1.2375,true,1,1440957
7290112191076,false,טורטייה מקמח חיטה 320 ג',,,טורטיה מקמח חיטה 320,,8.00,100 יחידו,false,,9.90,1.2375,true,1,1440958
7290112293657,false,שקית הפתעה ענקית לימ,,,שקית הפתעה ענקית לימ,יחידה,1.00,יחידה,false,,15.00,15.0000,true,1,1432202
7290112296634,false,מארז שנת שלום 2022 (,,,מארז שנת שלום 2022 (,יחידה,1.00,יחידה,false,,249.00,249.0000,true,1,1441455
7290112296658,false,סלסלת פל' לבנה ראש ה,,,סלסלת פל' לבנה ראש ה,יחידה,1.00,יחידה,false,,99.00,99.0000,true,1,1441638
7290112296672,false,"סביבון ענק בד""ץ חנוכ",,,"סביבון ענק בד""ץ חנוכ",יחידה,1.00,יחידה,false,,15.90,15.9000,true,1,1442659
7290112330352,false,"יוגורט PRO בטעם וניל 0% , 20 גרם חלבון בגביע","שטראוס בריאות בע""\מ",IL,דנונה פרו 20 גר וניל,גרמים,200.00,100 גרם,false,,5.90,0.0295,true,1,1405964
7290112332585,false,פריכיות משולש תפוא אורז בתיבול סלק ומלח ים אנרג'י 30 גרם,"פרח תעשיו מזון בע""מ",IL,"פריכיות תפו""א אורז ס",גרמים,30.00,100 גרם,false,,4.90,0.1633,true,1,1416698
7290112335487,false,הפריכיות הטעימות קצח ודגנים אנרג'י 135 גרם,אנרג'י Energy - שטראוס,IL,פריכיות 3 דגנים עם ק,גרמים,135.00,100 גרם,false,,10.90,0.0807,true,1,1432109
7290112335494,false,הפריכיות הטעימות תפוחי אדמה בטעם פוטטוס,"פרח תעשיות מזון בע""\מ",IL,פריכיות תפוח אדמה 3,גרמים,135.00,100 גרם,false,,10.90,0.0807,true,1,1432110
7290112335500,false,"פרכיות אנרג'י חומוס,אורז,עדשים שחורות וקינואה 135 גרם","פרח תעשיות מזון בע""\מ",IL,פריכיות חומוס אורז ע,גרמים,135.00,100 גרם,false,,10.90,0.0807,true,1,1432111
7290112336613,false,עד חצות עוגיות סנדוויץ במילוי שוקולד חלב,שטראוס גרופ,FR,עד חצות סנדוויץ 135,גרמים,135.00,100 גרם,false,,9.90,0.0733,true,1,1441214
7290112336637,false,סוכריות מאסט Must ללא סוכר יוגורט תות ואוכניות,שטראוס גרופ,PL,"סוכריות לל""ס יוגורט",גרמים,80.00,100 גרם,false,,7.90,0.0988,true,1,1429874
7290112336651,false,סוכריות מאסט ללא סוכר ריבת חלב 80 ג' עלית,שטראוס גרופ,PL,"סוכריות לל""ס ריבת חל",גרמים,80.00,100 גרם,false,,7.90,0.0988,true,1,1429877
7290112339171,false,מילקי מוס עם שוקולד וקצפת,מיוצר עי קונדיטוריית,IL,מילקי מוס עם שוקולד,גרמים,81.00,100 גרם,false,,3.90,0.0481,true,1,1405994
7290112339867,false,גמדים לדרך גבינה לבנה עם מחית תות,"שטראוס בריאות בע""\מ",IL,גמדים סקוויז בודד תו,גרמים,100.00,100 גרם,false,,5.80,0.0580,true,1,1406006
7290112339874,false,גמדים לדרך גבינה לבנה עם מחיות תות ובננה,"שטראוס בריאות בע""\מ",IL,גמדים סקוויז בודד תו,גרמים,100.00,100 גרם,false,,5.80,0.0580,true,1,1406007
7290112340122,false,הפריכיות הטעימות 3 דגנים אנרג'י 135 גרם,"פרח תעשיות מזון בע""\מ",IL,פריכיות 3 דגנים אנרג,גרמים,135.00,100 גרם,false,,10.90,0.0807,true,1,1432112
7290112340245,false,צנצנת מסטיק מאסט בטעם דובדבן 66 ג' עלית,"שטראוס גרופ בע""\מ",IL,צנצנת MUST בטעם דובד,גרמים,66.00,100 גרם,false,,9.90,0.1500,true,1,1406009
7290112341679,false,דנונה אקטיביה 3% שומן 200 גרם,מיוצר עי קונדיטוריית,IL,יוגורט פרוביוטי 3% א,גרמים,200.00,100 גרם,false,,4.00,0.0200,true,1,1406015
7290112343420,false,"משקה חלב עם דגנים מלאים ובננה פרו יטבתה 350מ""ל",מחלבת יטבתה,IL,יטבתה פרו ארוחת בוקר,מיליליטרים,350.00,"100 מ""ל",false,,7.50,0.0214,true,1,1420775
7290112343499,false,חטיף צ'יטוס פאפס אפוי בטעם גבינה,"שטראוס פריטו ליי בע""\מ )",IL,צ'יטוס פאפס 55 גרם,גרמים,55.00,100 גרם,false,,3.50,0.0636,true,1,1437031
7290112343512,false,צ'יטוס puffs בטעם גבינה 180 גרם,"שטראוס פריטו ליי בע""\מ )",IL,צ'יטוס פאפס 160 גרם,גרמים,160.00,100 גרם,false,,7.90,0.0494,true,1,1437032
7290112343680,false,סבבה בוטנים מיקס 50,,,סבבה בוטנים מיקס 50,גרמים,50.00,100 גרם,false,,2.90,0.0580,true,1,1406227
7290112344953,false,סימפוניה חציל קלוי גבינה במקרם שמנת 5%,"שטראוס בריאות בע""\מ",IL,סימפוניה חציל קלוי 2,גרמים,200.00,100 גרם,false,,11.00,0.0550,true,1,1433749
7290112346537,false,עוגיות פינוקיות בטעם טורטית 200 ג' עלית,"הגביע מוצרי ופלים בע""\מ",IL,פינוקיות בטעם טורטית,גרמים,200.00,100 גרם,false,,10.90,0.0545,true,1,1441238
7290112346629,false,דנונה בר יוגורט+קורנפלקס מצופה שוקולד חלב ולבן 172 גרם,"שטראוס בריאות בע""\מ",IL,דנונה בר עם קורנפלקס,גרמים,183.00,100 גרם,false,,4.30,0.0235,true,1,1430073
7290112346797,false,יוגורט אקטיביה שיבולת שועל ושזיף 150 גרם,מיוצר עי קונדיטוריית,IL,אקטיביה עם שיבולת שו,גרמים,150.00,100 גרם,false,,4.60,0.0307,true,1,1429029
7290112348616,false,עלית - קפה נמס אגוזי לוז 100 גרם,שטראוס קפה בי.וי,IL,קפה נמס אגוזי לוז על,גרמים,100.00,100 גרם,false,,13.90,0.1390,true,1,1432234
7290112349606,false,מעדן גבינה ויוגורט תות בננה 88 ג' דניאלה,"שטראוס בריאות בע""\מ",IL,דניאלה תות בננה 88 ג,גרמים,88.00,100 גרם,false,,4.10,0.0466,true,1,1438367
7290112349705,false,פומודורו רוטב עגבניות קלאסי לפסטה יד מרדכי 350 גרם,אמיליאנה קונסרב סוסייטה,IT,פומודור רוטב עגבניות,גרמים,350.00,100 גרם,false,,11.90,0.0340,true,1,1427744
7290112349736,false,בזיליקום רוטב עגבניות לפסטה יד מרדכי 350 גרם,אמיליאנה קונסרב סוסייטה,IT,בזיליקום רוטב עגבניו,גרמים,350.00,100 גרם,false,,11.90,0.0340,true,1,1427745
7290112349750,false,פיצה רוטב עגבניות לפיצה יד מרדכי 350 גרם,אמיליאנה קונסרב סוסייטה,IT,פיצה רוטב עגבניות לפ,גרמים,350.00,100 גרם,false,,11.90,0.0340,true,1,1427746
7290112350312,false,קפסולות 15 קפה יותר למכונות נספרסו עלית 10יח',הנסיך- מפעל לייצור ט,IL,קפסולות 15 למכונות N,יחידה,10.00,יחידה,false,,17.90,1.7900,true,1,1431952
7290112350589,false,ציקו אבקה להכנת משקה ציקוריה 65 גר,שטראוס קפה בי.וי,IL,צ'יקו 65 גרם,גרמים,65.00,100 גרם,false,,11.90,0.1831,true,1,1431727
7290112353498,false,ממרח פרה אקסטרה קרם 350 גרם,פררו,,ממרח פרה אקסטרה קרם,גרמים,350.00,100 גרם,false,,12.90,0.0369,true,1,1434125
7290112354945,false,תפוצ'יפס WAVY בטעם טבעי 50 גרם,שטראוס פריטו ליי בע”,IL,תפוציפס wavy טבעי 5,גרמים,50.00,100 גרם,false,,4.00,0.0800,true,1,1441642
7290112354952,false,"תפוציפס WAVY בטעם פפריקה , 50 גרם",שטראוס פריטו ליי בע”,IL,תפוציפס wavy פפריקה,גרמים,50.00,100 גרם,false,,4.00,0.0800,true,1,1441643
7290112359384,false,עלית - קפה נמס אלפחורס ריבת חלב 100 גרם,שטראוס קפה בי.וי,IL,קפה נמס אלפחורס ריבת,גרמים,100.00,100 גרם,false,,13.90,0.1390,true,1,1432235
7290112415516,false,עוגת פס גבינה אפוייה,,,עוגת פס גבינה אפוייה,גרמים,300.00,100 גרם,false,,24.90,0.0830,true,1,1434999
7290112490117,false,קליק אקסטרא לארג שוקולד חלב עם וופל ואגוזים,יוניליוור ישראל מזון בעמ,IL,קליק XL שוקולד חלב ע,גרמים,85.00,100 גרם,false,,5.30,0.0624,true,1,1409839
7290112492982,false,"אבקת מרק פטריות כשל""פ 100% רכיבים טבעיים 400 גרם",יוניליוור ישראל מזון בע\,IL,אבקת מרק פטריות מרכי,גרמים,400.00,100 גרם,false,,21.90,0.0547,true,1,1433736
7290112492999,false,קנור מרק עוף אמיתי 400 גרם פרווה,יוניליוור ישראל מזון בע\,IL,אבקת מרק בטעם עוף פר,גרמים,400.00,100 גרם,false,,14.90,0.0373,true,1,1409887
7290112493088,false,נמס בכוס עדשים מרק רכיבים טבעיים קנור 54 ג',אתר חיפה אבקות - Foo,IL,מרק עדשים קנור 2 * 2,גרמים,54.00,100 גרם,false,,6.90,0.1278,true,1,1409890
7290112493095,false,נמס בכוס מרק עגבניות חריף רכיבים טבעיים קנור 48 ג',יוניליוור ישראל מזון בעמ,IL,נמס בכוס מרק עגבניות,גרמים,48.00,100 גרם,false,,6.90,0.1438,true,1,1409891
7290112493293,false,קנור - נמס ירקות וקרוטונים ר.טבעי 44 גרם,יוניליוור ישראל מזון בעמ,IL,נמס בכוס מרק ירקות ק,גרמים,44.00,100 גרם,false,,6.90,0.1568,true,1,1409899
7290112493927,false,גלידה בטעם ריבת חלב 1.33ל' קרמיסימו,"גלידת שטראוס בע""\מ, רחוב",IL,גלידת קרמיסימו 1.33,מיליליטרים,1330.00,"100 מ""ל",false,,18.90,0.0142,true,1,1428926
7290112493934,false,גלידת וניל צרפתי קרמיסימו 1.33 ל,"גלידת שטראוס בע""\מ, רחוב",IL,גלידת קרמיסימו 1.33,מיליליטרים,1330.00,"100 מ""ל",false,,18.90,0.0142,true,1,1429164
7290112494283,false,קליק - מעורב חום לבן תפזורת 65 גרם,יוניליוור ישראל מזון בע\,IL,קליק מעורב חום לבן ת,גרמים,65.00,100 גרם,false,,5.90,0.0908,true,1,1409909
7290112494993,false,דגני בוקר וניל 686ג' כריות,"יוניליוור שפע ישראל בע""\",IL,כריות וניל 686 גרם,גרמים,686.00,100 גרם,false,,24.90,0.0363,true,1,1409921
7290112495006,false,כריות נוגט 686 גרם - קופסא,"יוניליוור ישראל מזון בע""",IL,כריות במילוי נוגט תל,גרמים,686.00,100 גרם,false,,24.90,0.0363,true,1,1409922
7290112495037,false,דגני בוקר בטעם שוקולד כדורים 375 ג' קוקומן,יוניליוור שפע ישראל בעמ,IL,קוקומן כדורים 375 גר,גרמים,375.00,100 גרם,false,,20.90,0.0557,true,1,1409924
7290112495105,false,נשנושים טעם שמנת בצל בייגל בייגל 260 גרם,בייגל את בייגל מזון 198),IL,נשנושים שמנת בצל 260,גרמים,260.00,100 גרם,false,,12.90,0.0496,true,1,1409925
7290112495112,false,נשנושים טעם זעתר בייגל בייגל 260 גרם,בייגל את בייגל מזון 198),IL,נשנושים זעתר 260 גרם,גרמים,260.00,100 גרם,false,,12.90,0.0496,true,1,1409926
7290112495228,false,קורנפלקס נגיעות דבש תלמה 448 גרם,"יוניליוור שפע ישראל בע""\",IL,קורנפלקס דבש 448 גרם,גרמים,448.00,100 גרם,false,,17.90,0.0400,true,1,1409927
7290112495433,false,דגני דליפקאן תוספת אגוזי פקאן ושקדים 400 גר,"יוניליור שפע ישראל בע""\מ",IL,דליפקאן 400 גרם,גרמים,400.00,100 גרם,false,,19.90,0.0497,true,1,1409929
7290112495754,false,"רטבי הלמנס לסלט 300 מ""ל אלף האיים",יוניליוור ישראל מזון בעמ,IL,הלמנס לסלט אלף האיים,מיליליטרים,305.00,"100 מ""ל",false,,10.90,0.0357,true,1,1428045
7290112495761,false,"הלמנס רוטב לחיץ אלף האיים לייט 290 מ""ל",יוניליוור ישראל מזון בעמ,IL,הלמנס לסלט אלף איים,מיליליטרים,305.00,"100 מ""ל",false,,10.90,0.0357,true,1,1428046
7290112495785,false,רוטב לסלט שום הלמנס 300ג,יוניליוור ישראל מזון בעמ,IL,הלמנ'ס לסלט שום 300,גרמים,300.00,100 גרם,false,,10.90,0.0363,true,1,1427753
7290112495822,false,כריות BLACK בטעם שוקולד וניל תלמה 686 גרם,"יוניליוור שפע ישראל בע""\",IL,כריות בלאק 686 גרם,גרמים,686.00,100 גרם,false,,24.90,0.0363,true,1,1420800
7290112498915,false,מאגדת מיני מגנום שקדים מובחר שטראוס 250 גרם,"מיוצר ע""\י גלידת שטראוס",IL,מאגדת מיני מגנום שקד,גרמים,250.00,100 גרם,false,,25.90,0.1036,true,1,1434723
7290112498922,false,מאגדת מיני מגנום לבן שטראוס 250 גרם,"מיוצר ע""\י גלידת שטראוס",IL,מאגדת מיני מגנום שוק,גרמים,250.00,100 גרם,false,,25.90,0.1036,true,1,1434724
7290112499127,false,שלגון גלידה שוקולד לבן ותות 77 גרם,"מיוצר ע""\י גלידת שטראוס",IL,מגנום שוקולד לבן תות,יחידה,1.00,יחידה,false,,9.90,9.9000,true,1,1438764
7290112499189,false,"גלידת קרמיסימו חד קרן וניל תות, 1.33 ליטר","גלידת שטראוס בע""\מ, רחוב",IL,קרמיסימו חד קרן וניל,מיליליטרים,1330.00,"100 מ""ל",false,,18.90,0.0142,true,1,1440279
7290112499196,false,גלידה בטעם החלב של הקורנפלקס 1.33 ל' קרמיסימו,"גלידת שטראוס בע""\מ, רחוב",IL,קרמיסימו קורנפלקס 1.,מיליליטרים,1330.00,"100 מ""ל",false,,18.90,0.0142,true,1,1440280
7290112499929,false,מגנום שוקולד אימפלס פסח 120מל,"מיוצר ע""\י גלידת שטראוס",IL,מגנום שוקולד,יחידה,1.00,יחידה,false,,9.90,9.9000,true,1,1427838
7290112700452,false,נר גדול ספרה 1 מנצנץ,,,נר גדול ספרה 1 מנצנץ,יחידה,1.00,יחידה,false,,6.40,6.4000,true,1,1421245
7290112700742,false,נר גדול ספרה 8 מנצנץ,,,נר גדול ספרה 8 מנצנץ,יחידה,1.00,יחידה,false,,6.40,6.4000,true,1,1424793
7290112700971,false,סוכריות סודה שרשרת ענק 57 גר-LOL,Unknown,CN,סוכריות סודה שרשרת ע,יחידה,18.00,יחידה,false,,8.90,0.4944,true,1,1435078
7290112704771,false,סט בלונים 14 לניפוח,,,סט בלונים 14 לניפוח,יחידה,1.00,יחידה,false,,15.90,15.9000,true,1,1424811
7290112708144,false,חצאית שולחן מטאלית פ,,,חצאית שולחן מטאלית פ,יחידה,1.00,יחידה,false,,18.90,18.9000,true,1,1440480
7290112709677,false,ביצי קישוט סרט מטאלי,,,ביצי קישוט סרט מטאלי,יחידה,3.00,יחידה,false,,5.90,1.9667,true,1,1440487
7290112961327,false,בייגלה כפיות פיזור כפרי אסם 300 גרם,"אסם תעשיות בע""מ",IL,בייגלה כפיות פיזור כ,גרמים,300.00,100 גרם,false,,10.90,0.0363,true,1,1407447
7290112961372,false,פיטנס חטיפי פריכיות דקות קינמון 60 גרם,"פרח תעשיות מזון בע""\מ",IL,פיטנס חטיפי פריכיות,גרמים,60.00,100 גרם,false,,8.90,0.1483,true,1,1428876
7290112961440,false,פיטנס חטיפי פריכיות שוקולד מריר 84 גרם,פרח תעשיות,IL,פיטנס בר פירכיות שוק,גרמים,84.00,100 גרם,false,,12.90,0.1536,true,1,1434550
7290112963918,false,פיטנס חטיפי קרקר דק רוזמרין 140 גרם,נסטלה Nestle,IL,פיטנס קרקר THIN רוזמ,גרמים,140.00,100 גרם,false,,11.90,0.0850,true,1,1407462
7290112964564,false,"רוטב אלף האיים לייט לסלט אסם 295 מ""ל","אסם תעשיות בע""מ",IL,רוטב אלף האיים לייט,מיליליטרים,290.00,"100 מ""ל",false,,11.90,0.0410,true,1,1407472
7290112964601,false,רוטב בנוסח סצ'ואן הסדרה האסייתית,"אסם השקעות בע""\מ",IL,רוטב בנוסח סצ'ואן הס,מיליליטרים,290.00,"100 מ""ל",false,,11.90,0.0410,true,1,1421704
7290112965240,false,מרק נמס בטעם עגבניות זוג * 44 ג' אסם,"אסם תעשיות בע""מ",IL,מרק נמס עגבניות רגע,גרמים,60.00,100 גרם,false,,6.20,0.1033,true,1,1428186
7290112965264,false,אבקת מרק נמס אפונה אסם בדצ 52 גרם מארז זוגי,"אסם תעשיות בע""מ",IL,מרק נמס אפונה רגע חם,גרמים,52.00,100 גרם,false,,6.20,0.1192,true,1,1431794
7290112965288,false,מרק נמס ירקות אסם בדצ 56 גרם מארז זוגי,"אסם תעשיות בע""מ",IL,מרק נמס ירקות רגע חם,גרמים,56.00,100 גרם,false,,6.20,0.1107,true,1,1431790
7290112965301,false,זוג מרק נמס בטעם עוף עם שקדי מרק רגע חם,"אסם תעשיות בע""מ",IL,מרק נמס בטעם עוף עם,גרמים,52.00,100 גרם,false,,6.20,0.1192,true,1,1428187
7290112965684,false,פיטנס - חטיף מולטיגריין עשבי תיבול 25 גרם,מיוצר עי קונדיטוריית,IL,פיטנס חטיף מולטיגריי,גרמים,25.00,100 גרם,false,,4.90,0.1960,true,1,1431792
7290112965745,false,אוסם - ביסלי פריסטייל בצל מעושן 60 גרם,"אסם השקעות בע""\מ",IL,ביסלי פריסטייל בצל מ,גרמים,60.00,100 גרם,false,,4.40,0.0733,true,1,1435263
7290112965783,false,אוסם - ביסלי פריסטייל על האש 60 גרם,"אסם השקעות בע""\מ",IL,ביסלי פריסטייל על הא,גרמים,60.00,100 גרם,false,,4.40,0.0733,true,1,1435264
7290112966780,false,צבר טחינה בלאדי עם חציל קלוי 350 גרם,שוורצקוף& הנקל דיסלד,IL,טחינה חציל קלוי על ה,גרמים,350.00,100 גרם,false,,14.90,0.0426,true,1,1423672
7290112966803,false,אסם פודינג אינסטנט שוקולד 95 גרם,"אסם השקעות בע""\מ",IL,פודינג שוקולד 88 גרם,גרמים,88.00,100 גרם,false,,5.50,0.0625,true,1,1430153
7290112967114,false,פיטנס חטיפי פריכיות קטניות ופלפל 60 גרם,"פרח תעשיות מזון בע""\מ",IL,פיטנס חטיפי פריכיות,גרמים,60.00,100 גרם,false,,8.90,0.1483,true,1,1431422
7290112968340,false,צבר חומוס גרוס גס גס 400 גרם,שוורצקוף& הנקל דיסלד,IL,חומוס גרוס גס גס צבר,גרמים,400.00,100 גרם,false,,13.90,0.0348,true,1,1428651
7290112968807,false,פיטנס - קרקר דק סלק 140 גרם,מפעל אסם יקנעם,IL,פיטנס קרקר THIN סלק,גרמים,140.00,100 גרם,false,,11.90,0.0850,true,1,1434986
7290112968821,false,פיטנס - קרקר דק בטטה 140 גרם,מפעל אסם יקנעם,IL,פיטנס קרקר THIN בטטה,גרמים,140.00,100 גרם,false,,11.90,0.0850,true,1,1434987
7290112969002,false,"אינסטנט פודינג פיסטוק אסם 80 גרם בד""ץ",מיוצר עי קונדיטוריית,IL,אינסטנט פודינג פיסטו,גרמים,80.00,100 גרם,false,,5.50,0.0688,true,1,1434543
7290113190474,false,בורגול שקית זיפר 1קג רמילוי,,,"בורגול 1 ק""ג זיפר -",גרמים,1000.00,100 גרם,false,,6.50,0.0065,true,1,1428472
7290113190573,false,עדשים שחורות שקית זיפר 1קג רמילוי,,,"עדשים שחורות 1 ק""ג ז",גרמים,1000.00,100 גרם,false,,13.90,0.0139,true,1,1428467
7290113191747,false,"דפי אורז מרובעים 22 ס""מ שקדיה 250 גרם",תראן ראנח,VN,דפי אורז מרובעים 22,גרמים,250.00,100 גרם,false,,9.90,0.0396,true,1,1430022
7290113192355,false,חרוזית זיתים ירוקים ללא גלעין 275 ג' בית השיטה,בית-השיטה עסיס תעשיות מז,IL,חרוזית זיתים ירוקים,גרמים,275.00,100 גרם,false,,10.50,0.0382,true,1,1428404
7290113192362,false,זיתים ירוקים טבעות A2 בית השיטה 280 גרם,בית-השיטה עסיס תעשיות מז,IL,בית השיטה טבעות זיתי,גרמים,280.00,100 גרם,false,,10.90,0.0389,true,1,1431325
7290113192393,false,בית השיטה קוקטייל זיתים א2 336 גרם,בית-השיטה עסיס תעשיות מז,IL,קוקטייל זיתים בית הש,גרמים,336.00,100 גרם,false,,11.90,0.0354,true,1,1407482
7290113192508,false,בית השיטה מלפפונים במלח קטן 1317 320 גרם,בית-השיטה עסיס תעשיות מז,IL,מלפפונים במלח  קטן 1,גרמים,320.00,100 גרם,false,,10.90,0.0341,true,1,1429476
7290113192522,false,בית השיטה מלפפונים בחומץ קטן מאוד 1825 290 גרם,בית-השיטה עסיס תעשיות מז,IL,מלפפון בחומץ בית השי,גרמים,290.00,100 גרם,false,,12.90,0.0445,true,1,1430081
7290113192560,false,בית השיטה פלפל שיפקה חריף כבוש 230 גרם,בית-השיטה עסיס תעשיות מז,IL,בית השיטה פלפל שיפקה,גרמים,230.00,100 גרם,false,,7.90,0.0343,true,1,1431329
7290113192577,false,בית השיטה כרוב כבוש א2 12*430גרם חדש,"בית-השיטה תעשיות בע""\מ",IL,בית השיטה כרוב כבוש,גרמים,430.00,100 גרם,false,,7.90,0.0184,true,1,1431330
7290113193321,false,"שמן זית כתית מעולה בית השיטה 750 מ""ל",אצטס אבסה אס. איי. יו.,IL,שמן זית כתית מעולה ב,מיליליטרים,750.00,"100 מ""ל",false,,29.90,0.0399,true,1,1432527
7290113194649,false,מלפפונים במלח קוביות בית השיטה 320 גרם,בית-השיטה עסיס תעשיו,IL,מלפפונים במלח קוביות,גרמים,320.00,100 גרם,false,,9.90,0.0309,true,1,1439550
7290113195073,false,חלבה טורקית עם פיסטוק שקדיה 400 גרם,ח. אל עקר,IL,חלבה טורקית עם פיסטו,גרמים,400.00,100 גרם,false,,13.90,0.0348,true,1,1433291
7290113195080,false,חלבה טורקית בטעם שוקו וניל שקדיה 400 גרם,ח. אל עקר,IL,חלבה טורקית בטעם שוק,גרמים,400.00,100 גרם,false,,13.90,0.0348,true,1,1433292
7290113195196,false,"רסק תפוחי עץ ללת""ס 710 גרם",,PL,רסק תפוחי עץ 710 גרם,גרמים,710.00,100 גרם,false,,9.90,0.0139,true,1,1433294
7290113196513,false,פריכיות כוסמת בתוספת שקדים שקדיה 150 גרם,זנבר המכללה לטבעונות,IL,פריכיות כוסמת בתוספת,גרמים,150.00,100 גרם,false,,11.90,0.0793,true,1,1437407
7290113196520,false,פריכיות כוסמין ללא מלח שקדיה 150 גרם,זנבר המכללה לטבעונות,IL,פריכיות כוסמין ללא מ,גרמים,150.00,100 גרם,false,,11.90,0.0793,true,1,1437408
7290113288485,false,כוסות נייר שתיה חמה,,,כוסות נייר שתיה חמה,יחידה,50.00,יחידה,false,,11.90,0.2380,true,1,1438298
7290113313583,false,"צלחות נייר 23 סמ"" עג",,,צלחות נייר 23 סמ 10,יחידה,10.00,יחידה,false,,21.90,2.1900,true,1,1440492
7290113313620,false,כוסות נייר 300מל 10י,,,כוסות נייר 300מל 10י,יחידה,10.00,יחידה,false,,14.90,1.4900,true,1,1440494
7290113450790,false,פיני לקריץ חתוך אבטי,,,פיני לקריץ חתוך אבטי,גרמים,500.00,100 גרם,false,,19.90,0.0398,true,1,1436679
7290113470415,false,"מפות פירנצה חתוכות כסף 1.2*2.4 ס""מ (1יח')",,,מפות פירנצה חתוכות כ,יחידה,1.00,יחידה,false,,8.90,8.9000,true,1,1429838
7290113471139,false,מפית מובלטת קרם (15,,,מפית מובלטת קרם (15,יחידה,15.00,יחידה,false,,5.90,0.3933,true,1,1427977
7290113472105,false,כוסות שתיה חמה כשלפ,,,כוסות נייר שתיה חמה,יחידה,50.00,יחידה,false,,11.90,0.2380,true,1,1428806
7290113476295,false,50 להבונים בשקית,,,50 להבונים בשקית,יחידה,50.00,יחידה,false,,10.90,0.2180,true,1,1432838
7290113479708,false,גליל נייר מגבת מודפס איכותי למטבח,,,נייר מגבת למטבח (235,יחידה,235.00,יחידה,false,,16.90,0.0719,true,1,1434957
7290113594319,false,מארז סוכריות על מקל,,,מארז סוכריות על מקל,יחידה,24.00,יחידה,false,,29.90,1.2458,true,1,1440498
7290113594494,false,אצבעות שוקולד ממולא,,,אצבעות שוקולד ממולא,גרמים,50.00,100 גרם,false,,3.90,0.0780,true,1,1434034
7290113660106,false,מארז 50 כוסות אמנון ותמר,כוסות שתייה חמה 3 ב,,כוסות נייר שתיה חמה,יחידה,50.00,יחידה,false,,11.90,0.2380,true,1,1415793
7290114310215,false,"שמנת מתוקה 38% רמת הגולן 250 מ""ל ווסטהיים - מוצר בפיקוח",מילקו תעשיות בעמ,IL,שמנת מתוקה 38% 250 מ,מיליליטרים,250.00,"100 מ""ל",false,,6.47,0.0259,true,1,1433715
7290114310222,false,חלב מועשר בסידן וויטמין Dי 3% 1.5 ל' טרה,מילקו תעשיות בעמ,IL,חלב מועשר בסידן וויט,מיליליטרים,1500.00,"100 מ""ל",false,,12.90,0.0086,true,1,1430047
7290114310239,false,חלב נטול לקטוז מועשר בוויטמין D י 2% 1.5 ל' טרה,מילקו תעשיות בעמ,IL,חלב נטול לקטוז מועשר,מיליליטרים,1500.00,"100 מ""ל",false,,12.90,0.0086,true,1,1430046
7290114310901,false,"גבינה לבנה ""טרה"" 5% -מוצר בפיקוח",Unknown,IL,גבינה לבנה 5% טרה 25,גרמים,250.00,100 גרם,false,,4.98,0.0199,true,1,1436750
7290114311038,false,"שמנת מתוקה 32% עמידה בבקבוק טרה 250 מ""ל",מילקו תעשיות בעמ,IL,שמנת מתוקה 32% טרה 2,גרמים,250.00,100 גרם,false,,6.90,0.0276,true,1,1439327
7290114311076,false,"חמאת מולר צהובה עם שום, 200 גרם",מולר Muller,IL,חמאה מולר צהובה עם ש,גרמים,200.00,100 גרם,false,,12.90,0.0645,true,1,1440138
7290114311298,false,יוגורט מולר פרופ בטעם תות בננה מלון 150,מולר Muller,IL,קציפת תות בננה מלון,גרמים,150.00,100 גרם,false,,5.20,0.0347,true,1,1440381
7290114311304,false,יוגורט קציפת מנגו פסיפלורה בננה 150 ג' מולר,מולר Muller,IL,קציפת מנגו פסיפלורה,גרמים,150.00,100 גרם,false,,5.20,0.0347,true,1,1440382
7290114311328,false,חלב מועשר דל לקטוז מעושר בויטמין Dי 2% שומן טרה 1 ליטר,ג'י.אר.אמ.גרופו אלימ,IL,חלב נטול לקטוז מועשר,מיליליטרים,1000.00,"100 מ""ל",false,,7.90,0.0079,true,1,1440882
7290114311434,false,מולר אקטיב יוגורט חלבון קרמל מלוח 200 גרם,מילקו,IL,מולר אטקיב בטעם קרמל,גרמים,200.00,100 גרם,false,,6.20,0.0310,true,1,1441338
7290114603539,false,קרוטונים למרק שום בצל מאסטר שף 350 גרם,"עינת תעשיות מזון, אגשח ב",IL,מאסטר שף קרוטונים למ,גרמים,350.00,100 גרם,false,,19.90,0.0569,true,1,1433447
7290114606578,false,שקדי מרק מאסטר שף 400 גרם,שסטוביץ,IL,שקדי מרק מאסטר שף 40,גרמים,400.00,100 גרם,false,,9.90,0.0248,true,1,1437598
7290114652407,false,קופסאות פופקורן וחטי,,,קופסאות פופקורן וחטי,יחידה,6.00,יחידה,false,,9.90,1.6500,true,1,1440501
7290114659949,false,מסכה כירורגית חד פעמית מארז 50 יח',נ'יאנג יונג,CN,מסכה לפנים חד-פעמי מ,יחידה,50.00,יחידה,false,,9.90,0.1980,true,1,1431980
7290115071245,false,באנר שרשרת משולשים 3,,,באנר שרשרת משולשים 3,יחידה,1.00,יחידה,false,,12.90,12.9000,true,1,1440520
7290115071481,false,6 מטבעות שוקולד באריזת רשת 31 גר LOL,שמחה זה אנחנו,NL,מטבעות שוקולד ברשת 3,גרמים,31.00,100 גרם,false,,3.90,0.1258,true,1,1434035
7290115071498,false,מטבעות שוקולד ברשת פי גיי 31 גר,Unknown,NL,מטבעות שוקולד ברשת 3,גרמים,31.00,100 גרם,false,,3.90,0.1258,true,1,1434036
7290115071504,false,6 מטבעות שוקולד באריזת רשת 31 גר סמי הכב,שמחה זה אנחנו,NL,מטבעות שוקולד ברשת 3,גרמים,31.00,100 גרם,false,,3.90,0.1258,true,1,1434037
7290115072082,false,מארז שוקולד על מקל 24 יח 30 גרם,,TR,שוקולד על מקל 30 גרם,גרמים,30.00,100 גרם,false,,6.90,0.2300,true,1,1435099
7290115073676,false,מסכה לפנים חד פעמי 50 יח צבעוניות,שמחה זה אנחנו,CN,מסכה לפנים חד-פעמי מ,יחידה,50.00,יחידה,false,,9.90,0.1980,true,1,1431995
7290115075182,false,6 מטבעות שוקולד באריזת רשת 31 גר חד קרן,שמחה זה אנחנו,NL,מטבעות שוקולד ברשת 3,גרמים,31.00,100 גרם,false,,3.90,0.1258,true,1,1434041
7290115075199,false,מטבעות שוקולד ברשת ליגת הצגק 31 גר,סטילנד שוקולד,NL,מטבעות שוקולד ברשת ל,גרמים,31.00,100 גרם,false,,3.90,0.1258,true,1,1439131
7290115076349,false,טופר בלונים-מיקס סגו,,,טופר בלונים-מיקס סגו,יחידה,1.00,יחידה,false,,6.90,6.9000,true,1,1440527
7290115076363,false,טופר בלונים-מיקס תכל,,,טופר בלונים-מיקס תכל,יחידה,1.00,יחידה,false,,6.90,6.9000,true,1,1440528
7290115200003,false,פתי בר פינוקי וניל אסם 220 גרם,תאי פרזידנט פוד פאבל,PL,פתי בר פינוקי וניל א,גרמים,220.00,100 גרם,false,,9.90,0.0450,true,1,1431435
7290115200027,false,אסם פתי בר פינוקים שוקו 220 גרם,קריות זול,PL,פתי בר פינוקי שוקו א,גרמים,220.00,100 גרם,false,,9.90,0.0450,true,1,1431436
7290115201031,false,אסם פתי בר דובי שוקולד 175 גרם,טרופיקל דגיל תעשיות,PL,אסם פתי בר דובוני שו,גרמים,175.00,100 גרם,false,,9.90,0.0566,true,1,1434547
7290115201550,false,ביסלי קרנבל מיקס 150 ג' אסם,פרו מן יו פתרונות אר,IL,ביסלי קרנבל מיקס 150,גרמים,150.00,100 גרם,false,,7.90,0.0527,true,1,1431788
7290115201703,false,ביסלי ברביקיו גדול אסם 200 גרם,מיוצר עי קונדיטוריית,IL,ביסלי ברביקיו 200 גר,גרמים,200.00,100 גרם,false,,7.90,0.0395,true,1,1432694
7290115202953,false,אוסם - מנה חמה רייס נודלס קארי צהוב 55 גרם,מיוצר עי קונדיטוריית,TH,מנה חמה רייס נודלס ק,גרמים,55.00,100 גרם,false,,6.90,0.1255,true,1,1437492
7290115203134,false,פופקו פופקורן במבה אסם 80 גרם,"אסם השקעות בע""\מ",IL,פופקו פופקורן במבה 8,גרמים,80.00,100 גרם,false,,5.40,0.0675,true,1,1435268
7290115203172,false,במבה PRO מכיל 18 גרם חלבון בשקית,"אסם השקעות בע""\מ",IL,במבה פרו 80 גרם,גרמים,80.00,100 גרם,false,,4.90,0.0613,true,1,1440975
7290115204056,false,"קטשופ מופחת סוכר אסם 690 גרם כשל""פ","אסם תעשיות בע""מ",IL,קטשופ מופחת סוכר ללא,גרמים,690.00,100 גרם,false,,10.90,0.0158,true,1,1434140
7290115205176,false,פיטנס - קרקר דק כפרי פיטנס 140 גרם,נסטלה Nestle,IL,פיטנס חטיפי קרקר טינ,גרמים,140.00,100 גרם,false,,11.90,0.0850,true,1,1438415
7290115205312,false,קרקר פיטנס דק עם זיתי קלמטה ועשבי תיבול,"אסם השקעות בע""\מ",IL,פיטנס קרקר Thin Deli,גרמים,140.00,100 גרם,false,,11.90,0.0850,true,1,1439555
7290115205527,false,פיטנס חטיף מולטיגריין עם עדשים 25 גרם,"אסם השקעות בע""\מ",IL,פיטנס חטיף מולטגריין,גרמים,25.00,100 גרם,false,,4.90,0.1960,true,1,1440198
7290115205541,false,פיטנס חטיף מולטיגריין עם חומוס 25 גרם,"אסם השקעות בע""\מ",IL,פיטנס חטיף מולטיגריי,גרמים,25.00,100 גרם,false,,4.90,0.1960,true,1,1440199
7290115205978,false,פתיבר ואצבעות שוקולד 180 גרם - רבנות,"t\ד""\ר ג'\רארד בע""\מn\",PL,פתי בר אצבעות שוקולד,גרמים,180.00,100 גרם,false,,11.90,0.0661,true,1,1438825
7290115206661,false,סופגניה מיני מטוגנת עם ריבה בונזור 50 גר',Unknown,,סופגניה מיני מטוגנת,גרמים,50.00,100 גרם,false,,3.70,0.0740,true,1,1437375
7290115207941,false,סירופ אננס ויטמינצ'יק 1 ליטר,בית-השיטה עסיס תעשיות מז,IL,ויטמינצ'יק אננס 1 לי,מיליליטרים,1000.00,"100 מ""ל",false,,21.90,0.0219,true,1,1438655
7290115207989,false,סירופ לימון ויטמינצ'יק 1 ליטר,בית-השיטה עסיס תעשיות מז,IL,ויטמינצ'יק לימון 1 ל,מיליליטרים,1000.00,"100 מ""ל",false,,21.90,0.0219,true,1,1438657
7290115208009,false,סירופ ענבים ויטמינצ'יק 1 ליטר,בית-השיטה עסיס תעשיות מז,IL,ויטמינצ'יק ענבים 1 ל,מיליליטרים,1000.00,"100 מ""ל",false,,21.90,0.0219,true,1,1438658
7290115208047,false,סירופ פטל ויטמינצ'יק 1 ליטר,בית-השיטה עסיס תעשיות מז,IL,ויטמינצ'יק פטל 1 ליט,מיליליטרים,1000.00,"100 מ""ל",false,,21.90,0.0219,true,1,1438659
7290115208320,false,אפרופו חטיף בטעם ביסלי בצל 50 גרם,"אסם השקעות בע""\מ",IL,אפרופו בטעם ביסלי בצ,גרמים,50.00,100 גרם,false,,4.90,0.0980,true,1,1441675
7290115208344,false,בייגלה כפיות שמנת בצל אסם 300 גרם,"אסם השקעות בע""\מ",IL,בייגלה כפיות שמנת בצ,גרמים,300.00,100 גרם,false,,10.90,0.0363,true,1,1440978
7290115208801,false,לחמית דבש ואגוזים אסם 190 גרם,לחמית,IL,לחמית דבש ואגוזים 19,גרמים,190.00,100 גרם,false,,9.90,0.0521,true,1,1440979
7290115209174,false,במבה אורירית קלאסי 60 גר',אסם השקעות בעמ,IL,במבה אורירית אסם 60,גרמים,60.00,100 גרם,false,,4.30,0.0717,true,1,1440200
7290115209235,false,ביסקוויט פתי בר קפה אסם 500 גרם,"אסם תעשיות בע""מ",IL,פתי בר קפה אסם 500 ג,גרמים,500.00,100 גרם,false,,12.90,0.0258,true,1,1441302
7290115209358,false,במבה במילוי בראוניז אסם 60 גרם,"אסם השקעות בע""\מ",IL,במבה במילוי בראוניז,גרמים,60.00,100 גרם,false,,4.90,0.0817,true,1,1441677
7290115209372,false,במבה במילוי בראוניז 150ג' אסם,"אסם השקעות בע""\מ",IL,במבה במילוי בראוניז,גרמים,150.00,100 גרם,false,,10.90,0.0727,true,1,1441678
7290115400885,false,עוגיות עינוגי שוקולד רמי לוי 500 גרם,,,עוגיות עינוגי שוקולד,גרמים,500.00,100 גרם,false,,14.90,0.0298,true,1,1439800
7290115410877,false,סלט כרוב אדום במיונז,,,סלט כרוב אדום במיונז,גרמים,400.00,100 גרם,false,,10.90,0.0273,true,1,1433483
7290115410884,false,חציל על האש 400ג רמילוי,,,חציל על האש רמי לוי,גרמים,400.00,100 גרם,false,,10.90,0.0273,true,1,1433484
7290115410891,false,חומוס מסבחה 400ג רמילוי,,,חומוס מסבחה רמי לוי,גרמים,400.00,100 גרם,false,,10.90,0.0273,true,1,1433485
7290115410907,false,מטבוחה רמי לוי 400 ג,,,מטבוחה רמי לוי 400 ג,גרמים,400.00,100 גרם,false,,10.90,0.0273,true,1,1433486
7290115410914,false,חציל רומני 400ג רמילוי,,,חציל רומני רמי לוי 4,גרמים,400.00,100 גרם,false,,10.90,0.0273,true,1,1433487
7290115410921,false,חומוס ירושלמי 400ג רמילוי,,,חומוס ירושלמי רמי לו,גרמים,400.00,100 גרם,false,,10.90,0.0273,true,1,1433488
7290115410938,false,טחינה רמי לוי 400 גר,,,טחינה רמי לוי 400 גר,גרמים,400.00,100 גרם,false,,10.90,0.0273,true,1,1433489
7290115410952,false,חציל במיונז 400ג רמילוי,,,חציל במיונז רמי לוי,גרמים,400.00,100 גרם,false,,10.90,0.0273,true,1,1433491
7290115410969,false,חומוס לפיתה 700ג רמילוי,,,סלט חומוס לפיתה רמי,גרמים,700.00,100 גרם,false,,10.90,0.0156,true,1,1433492
7290115411560,false,חציל תאילנדי 250גר רמילוי,,,חציל תאילנדי המזטים,גרמים,250.00,100 גרם,false,,8.90,0.0356,true,1,1433496
7290115411577,false,חציל במיונז 250גר רמילוי,,,חציל אש במיונז המזטי,גרמים,250.00,100 גרם,false,,8.90,0.0356,true,1,1433497
7290115411638,false,קוביות חציל בטחינה 250גר רמילוי,,,קוביות חציל בטחינה ה,גרמים,250.00,100 גרם,false,,8.90,0.0356,true,1,1433500
7290115671308,false,מסטיק מאסט פאן תות דובדבן צנצנת 58 גרם,אסקום קונפשטיין,DE,תות דובדבן מאסט פאן,גרמים,58.00,100 גרם,false,,9.90,0.1707,true,1,1438392
7290115671353,false,מיני פינוקיות עוגיות קקאו במילוי קרם בטעם וניל,"הגביע מוצרי ופלים בע""\מ",IL,מיני פינוקיות שחור ל,גרמים,180.00,100 גרם,false,,10.90,0.0606,true,1,1438393
7290115677089,false,קונפיטורת תפוח וקינמון יד מרדכי 340 גרם,"בית אל מזון בע""מ",IL,קונפיטורת תפוח קינמו,גרמים,340.00,100 גרם,false,,13.90,0.0409,true,1,1436855
7290115679519,false,שייק פירות ורוד 150X2גר,סיבהפרוסט,BE,שייק פירות ורוד דליש,גרמים,150.00,100 גרם,false,,22.90,0.1527,true,1,1442575
7290115679779,false,שייק פירות אדום דליש,סיבהפרוסט,BE,שייק פירות אדום דליש,גרמים,150.00,100 גרם,false,,22.90,0.1527,true,1,1442578
7290116052717,false,כפית שקוף רמי לוי 40,,,כפית שקוף רמי לוי 40,100 יחידה,40.00,100 יחידה,false,,7.90,0.1975,true,1,1440603
7290116052724,false,מזלג שקוף רמי לוי 40,,,מזלג שקוף רמי לוי 40,100 יחידה,40.00,100 יחידה,false,,8.90,0.2225,true,1,1440604
7290116052908,false,כוס מרוקאי בורדו 25יח חגיגית,,,כוס מרוקאי בורדו (25,100 יחידה,25.00,100 יחידה,false,,8.90,0.3560,true,1,1440242
7290116052939,false,כפית פרימיום קרם 40 יחידות,,,כפית פרימיום קרם 40,100 יחידה,40.00,100 יחידה,false,,7.90,0.1975,true,1,1440244
7290116053035,false,סכין פרימיום שקוף 40,,,סכין פרימיום שקוף 40,100 יחידה,40.00,100 יחידה,false,,7.90,0.1975,true,1,1440254
7290116055657,false,כוסות חד פעמי לשתייה חמה 40 יח,,,כוס חם 8 (40 יח') רמ,100 יחידה,40.00,100 יחידה,false,,12.90,0.3225,true,1,1440256
7290116055664,false,כוסות שתיה חמה 40 יחידות,,,כוס חם 10 רמי לוי,יחידה,40.00,יחידה,false,,17.90,0.4475,true,1,1439499
7290116244051,false,אצבעות שוקולד חלב 84 גרם LOL,סטילנד שוקולד,NL,אצבעות שוקולד חלב אל,גרמים,84.00,100 גרם,false,,7.90,0.0940,true,1,1438411
7290116244488,false,זר לראש חמניה-מנטה,,,זר לראש חמניה-מנטה,יחידה,1.00,יחידה,false,,14.90,14.9000,true,1,1440532
7290116244969,false,סוכריות קישוט פסטל מ,,CN,סוכריות קישוט 25 גר',גרמים,25.00,גרם,false,,9.90,0.3960,true,1,1440544
7290116245003,false,סוכריות קישוט תכלת ל,,CN,סוכריות קישוט 25 גר',גרמים,25.00,גרם,false,,9.90,0.3960,true,1,1440548
7290116245010,false,סוכריות קישוט כוכב ז,,CN,סוכריות קישוט 25 גר',גרמים,25.00,גרם,false,,9.90,0.3960,true,1,1440549
7290116247069,false,שוקולד חלב על מקל 30 גרם כוח פי גיי,GRUP SURH,TR,שוקולד חלב כוח פי ג',גרמים,30.00,100 גרם,false,,5.90,0.1967,true,1,1439135
7290116247083,false,שוקולד חלב על מקל מפרץ30,GRUP SURH,TR,שוקולד חלב מפרץ ההרפ,גרמים,30.00,100 גרם,false,,5.90,0.1967,true,1,1439137
7290116530109,false,חטיף קליק נוגט ציפוי שוקולד לבן 35 גרם,"טחנת האבן תעשיות בע""\מ,",IL,חטיף נוגט בציפוי שוק,גרמים,35.00,100 גרם,false,,4.90,0.1400,true,1,1435914
7290116531083,false,"ברנפלקס ללא ת.סוכר בטעם דבש בתוספת שקדים, 400 גרם","יוניליוור שפע ישראל בע""\",IL,ברנפלקס טעם דבש עם ש,גרמים,400.00,100 גרם,false,,21.90,0.0547,true,1,1438020
7290116531496,false,קינמונים דגנים פריכים מצופים 375 גרם,"נאוג'\אזיס נווזיס ,UAB ג",LT,קינמונים דגני בוקר,גרמים,375.00,100 גרם,false,,20.90,0.0557,true,1,1440052
7290116532011,false,קליק אוקיי נוגט בציפוי שוקולד חלב 35 גרם,תות תעשיות מזון (2014) ב,IL,חטיף נוגט קליק 35 גר,גרמים,35.00,100 גרם,false,,4.90,0.1400,true,1,1439153
7290116532219,false,קורנפלקס תות תלמה אלופים 448 גרם,"יוניליוור שפע ישראל בע""\",IL,קורנפלקס תות דגני בו,גרמים,448.00,100 גרם,false,,17.90,0.0400,true,1,1440053
7290116914473,false,מארז סוכריות על מקל,,,מארז סוכריות על מקל,גרמים,600.00,גרם,false,,24.90,0.0415,true,1,1440556
7290116930022,false,GO חטיף חלבון עוגיות ציפוי קריספי 20 גרם חלבון,"בלמונט קונפקציות בע""\מ.",US,תנובה חטיף חלבון GO,גרמים,60.00,100 גרם,false,,11.90,0.1983,true,1,1441428
7290117260173,false,"קמח חיטה רב תכליתי 1 ק""ג",וילי פוד,IT,קמח חיטה רב תכליתי ו,קילוגרמים,1.00,"ק""ג",false,,7.90,7.9000,true,1,1439075
7290117260227,false,קפה טורקי אמיתי מטורקיה 100 גרם,פריזלנד פודס קיוויט בי.ו,TR,קפה טורקי קלוי מטורק,גרמים,100.00,100 גרם,false,,6.90,0.0690,true,1,1438516
7290117260814,false,תן בו בציפוי בטעם שוקולד מריר ושבבי קוקוס 300 גרם,אלויראסמינדר,DK,תן בו בטעם וניל בציפ,גרמים,300.00,100 גרם,false,,19.90,0.0663,true,1,1438217
7290117261521,false,סלמון אטלנטי בשמן קנולה 120 גרם ויליפוד,קריות זול,LV,סלמון אטלנטי בשמן קנ,גרמים,120.00,100 גרם,false,,10.90,0.0908,true,1,1441099
7290117261576,false,סרדינים בריסלינג מעושנים ברוטב עגבניות 185 גרם צנצנת,קריות זול,LV,סרדינים בריסלינג מעו,גרמים,185.00,100 גרם,false,,13.90,0.0751,true,1,1441466
7290117261590,false,סרדינים בריסלינג מעושנים בשמן זית 185 גרם צנצנת,גולדן פרייז קאנינג אל.טי,LV,סרדינים בריסלינג מעו,גרמים,185.00,100 גרם,false,,13.90,0.0751,true,1,1441468
7290117380208,false,חטיף פוף קראנץ בטעם חמוץ חריף 60 גרם,מנה,IL,פוף קראנצ בטעם חמוץ,גרמים,60.00,100 גרם,false,,3.90,0.0650,true,1,1438063
7290117380215,false,חטיף פוף קראנץ בטעם טאקו 60 גרם,מנה,IL,פוף קראנצ בטעם טאקו,גרמים,60.00,100 גרם,false,,3.90,0.0650,true,1,1438064
7290117900956,false,תערובת פיצוחים קלויים ששון הקולה 180 גרם,"שקדיה גבע תעשיות בע""",IL,תערובת פיצוחים קלויי,גרמים,180.00,100 גרם,false,,15.90,0.0883,true,1,1440436
7290117900963,false,בוטנים קלויים ששון ה,דין שיווק וקלייה בעמ,IL,בוטנים קלויים ששון ה,גרמים,270.00,100 גרם,false,,10.90,0.0404,true,1,1440437
7290117900970,false,שקדים קלויים ששון הקולה 180 גם,דין שיווק וקלייה בעמ,IL,שקדים קלויים ששון הק,גרמים,180.00,100 גרם,false,,15.90,0.0883,true,1,1440438
7290117900994,false,פקאן סיני מסוכר ששון הקולה 140 גרם,"שקדיה גבע תעשיות בע""",IL,פקאן סיני מסוכר ששון,גרמים,140.00,100 גרם,false,,15.90,0.1136,true,1,1440440
7290117901014,false,קשיו קלוי ששון הקולה 160 גרם,"שקדיה גבע תעשיות בע""",IL,קשיו קלוי ששון הקולה,גרמים,160.00,100 גרם,false,,15.90,0.0994,true,1,1440442
7290117901021,false,קבוקים בוטנים מצופים עם שומשום 220 גרם,"שקדיה גבע תעשיות בע""",IL,קבוקים בוטנים מצופים,גרמים,220.00,100 גרם,false,,10.90,0.0495,true,1,1440443
7290117901038,false,אגוזי מלך קלופים ששון הקולה 190 גרם,"שקדיה גבע תעשיות בע""",IL,אגוזי מלך קלופים ששו,גרמים,190.00,100 גרם,false,,15.90,0.0837,true,1,1440444
7290117901045,false,בוטן רביולי ששון הקולה 200 גרם,דין שיווק וקלייה בעמ,IL,בוטן רביולי ששון הקו,גרמים,200.00,100 גרם,false,,15.90,0.0795,true,1,1440445
7290118420477,false,אסם בייגלה שטוחים בטעם ביסלי בצל 300 גרם,"אסם תעשיות בע""מ",IL,אסם בייגלה שטוחים בט,גרמים,300.00,100 גרם,false,,9.90,0.0330,true,1,1441681
7290118420514,false,אינסטנט פודינג בטעם נוגט אסם 75 גרם,"אסם תעשיות בע""מ",IL,אסם אינסטנט פודינג נ,גרמים,75.00,100 גרם,false,,4.90,0.0653,true,1,1441682
7290201889068,false,ספוג הפלא,,,ספוג הפלא,יחידה,0.00,יחידה,false,,3.90,0.0000,true,1,1418779
7291049061005,false,"שקית 100 בלונים פסטל 10"" (12)",General,,שקית 100 בלונים פסטל,יחידה,100.00,יחידה,false,,17.00,0.1700,true,1,1432259
7291049112509,false,ספל סובלמציה כיתוב ת,,,ספל סובלמציה כיתוב ת,יחידה,1.00,יחידה,false,,15.00,15.0000,true,1,1433445
7291049114978,false,כלי מילוי קרמיקה דגל,,,כלי מילוי קרמיקה דגל,יחידה,1.00,יחידה,false,,19.00,19.0000,true,1,1428999
7291049115630,false,סוכריה לב על מקל i l,,,סוכריה לב על מקל i l,100 יחידה,1.00,100 יחידה,false,,4.90,4.9000,true,1,1441010
7291049125233,false,סוכריה מסולסלת צבעונית על מקל (80 גר),General,,סוכריה מסולסלת צבעונ,גרמים,80.00,100 גרם,false,,4.90,0.0613,true,1,1418603
7291049133887,false,ספל סובלמציה למורה (,,,ספל סובלמציה למורה (,יחידה,1.00,יחידה,false,,15.90,15.9000,true,1,1440340
7291049150747,false,"כרטיס ברכה ת""מ מזל ט",,,"כרטיס ברכה ת""מ מזל ט",יחידה,1.00,יחידה,false,,7.90,7.9000,true,1,1425099
7291049156312,false,לקקן שוקולד 15 גר על,,,לקקן שוקולד 15 גר על,יחידה,1.00,יחידה,false,,4.90,4.9000,true,1,1418624
7291049157555,false,סוכריה עגולה צבעונית,,,סוכריה עגולה צבעונית,גרמים,17.00,100 גרם,false,,1.00,0.0588,true,1,1433932
7291049168872,false,ספל סובלמציה כיתובי,,,ספל סובלמציה כיתובי,יחידה,1.00,יחידה,false,,11.00,11.0000,true,1,1426961
7291049168896,false,ספל סובלמציה אהבה רק,,,ספל סובלמציה אהבה רק,יחידה,1.00,יחידה,false,,14.90,14.9000,true,1,1432304
7291049169640,false,לקקן שוקולד 30 גר מדבקה אהבה עב/אנג,General,,לקקן שוקולד אהבה 30,גרמים,30.00,100 גרם,false,,6.90,0.2300,true,1,1426962
7291049175573,false,כלי מילוי מתכת (באקט,,,כלי מילוי מתכת (באקט,יחידה,1.00,יחידה,false,,7.90,7.9000,true,1,1433963
7291049175580,false,כלי מילוי מתכת (באקט,,,כלי מילוי מתכת (באקט,יחידה,1.00,יחידה,false,,7.90,7.9000,true,1,1433964
7291049177362,false,גביע גלידה עם 7 סוכר,,,גביע גלידה עם 7 סוכר,יחידה,8.00,יחידה,false,,9.50,1.1875,true,1,1432374
7291049178048,false,ספל סובלימציה אהבה ש,,,ספל סובלימציה אהבה ש,יחידה,1.00,יחידה,false,,14.90,14.9000,true,1,1438938
7291049178505,false,שקית סוכריות ג'לי בר,,,שקית סוכריות ג'לי בר,גרמים,150.00,100 גרם,false,,6.90,0.0460,true,1,1441011
7291049180027,false,גביע קרמיקה זהב 13 ס,,,גביע קרמיקה זהב 13 ס,יחידה,1.00,יחידה,false,,24.00,24.0000,true,1,1433987
7291049183004,false,מכשיר יורה סביבון הל,,,מכשיר יורה סביבון הל,יחידה,1.00,יחידה,false,,10.90,10.9000,true,1,1437382
7291049188184,false,סוכריה כריש הלקקן של,,,סוכריה כריש הלקקן של,יחידה,1.00,יחידה,false,,4.90,4.9000,true,1,1436587
7291049188542,false,קופסאת לב פלסטיק פרל,,,קופסאת לב פלסטיק פרל,יחידה,1.00,יחידה,false,,23.90,23.9000,true,1,1434030
7291049193058,false,שפתיים ולבבות 28 גרם,,,שפתיים ולבבות 28 גרם,גרמים,28.00,100 גרם,false,,8.90,0.3179,true,1,1438952
7291049198251,false,"גביע כתר 15 ס""מ לבן",,,"גביע כתר 15 ס""מ לבן",יחידה,1.00,יחידה,false,,39.90,39.9000,true,1,1438966
7291049200183,false,סביבון דיסקיות מפרץ,,,סביבון דיסקיות מפרץ,יחידה,1.00,יחידה,false,,7.90,7.9000,true,1,1437388
7291049200770,false,כרטיס ברכה תלת מימד,,,כרטיס ברכה תלת מימד,יחידה,1.00,יחידה,false,,6.90,6.9000,true,1,1438988
7291049201869,false,לקקן שוקולד 25 גרם,,,לקקן שוקולד 25 גרם,גרמים,24.00,100 גרם,false,,7.90,0.3292,true,1,1438999
7291049201937,false,סוכריה ספירלה עבה 50,,,סוכריה ספירלה עבה 50,גרמים,50.00,100 גרם,false,,3.90,0.0780,true,1,1441026
7296021646850,false,פומפיה+כלי אחסון,,,פומפיה+כלי אחסון,יחידה,0.00,יחידה,false,,0.00,0.0000,true,1,1426701
7296021666797,false,"צלחת 19 ס""מ ראשונה פ",,,"צלחת 19 ס""מ ראשונה פ",יחידה,0.00,יחידה,false,,0.00,0.0000,true,1,1426702
7297073217210,false,נר מספרים לבם עם מסג,,,נר מספרים לבם עם מסג,יחידה,0.00,יחידה,false,,2.00,0.0000,true,1,1426703
7297488098688,false,דגש פצפוצי אורז מלא ללא תוספת סוכר ומלח 450 גרם,משובח תעשיות מזון,IL,פצפוצי אורז מלא ללא,גרמים,450.00,100 גרם,false,,19.90,0.0442,true,1,1428693
7298171177758,false,מארז 50 מסכות כרורגי,,,מארז 50 מסכות כרורגי,יחידה,50.00,יחידה,false,,8.90,0.1780,true,1,1430213
7298171177765,false,מארז 50 מסכות כרורגי,,,מארז 50 מסכות כרורגי,יחידה,50.00,יחידה,false,,8.90,0.1780,true,1,1431221
7298171178939,false,רביעיית מגבונים מיני,,,רביעיית מגבונים מיני,100 יחידה,1.00,100 יחידה,false,,19.90,19.9000,true,1,1440760
7299854145262,false,כוסות נייר שתיה חמה,כוסות שתייה חמה 3 ב,,כוסות נייר שתיה חמה,יחידה,50.00,יחידה,false,,11.90,0.2380,true,1,1433738
7394376616778,false,אוטלי משקה שיבולת שועל להקצפה בריסטה 1 ליטר,טרנסומס פוד,SE,משקה שיבולת שועל להק,מיליליטרים,1000.00,"100 מ""ל",false,,15.90,0.0159,true,1,1431277
7500443003338,false,בונבוניירה בון בון קלאסי 270גרם,,,בונבוניירה בון בון צ,גרמים,270.00,100 גרם,false,,15.00,0.0556,true,1,1419795
7501064191398,false,שישיית בירה קורונה אקסטרא *355 מל,קריניציה ויטמינה אס,MX,בירה קורונה שישייה 3,מיליליטרים,2130.00,"100 מ""ל",false,,39.90,0.0187,true,1,1415206
7610008059073,false,רגוזה-קלאסיק שוק' במילוי פרלין אגוז לוז 100 גרם,RAGUSA,CH,שוקולד בלונד במילוי,גרמים,100.00,100 גרם,false,,19.90,0.1990,true,1,1438286
7610008059080,false,רגוזה-שוקולד מריר טראפל אגוזי לוז 100 גרם,RAGUSA,CH,שוקולד מריר במילוי א,גרמים,100.00,100 גרם,false,,19.90,0.1990,true,1,1438287
7610008059097,false,רגוזה-בלונד שוק לבן טרפל א.חלב מקורמלת 100 גרם,RAGUSA,CH,שוקולד בלונד לבן טרפ,גרמים,100.00,100 גרם,false,,19.90,0.1990,true,1,1438288
7610008059103,false,טבלת שוקולד טורינו חלב 100 גר,קמיל בלוך,CH,שוקולד חלב טורינו 10,גרמים,100.00,100 גרם,false,,19.90,0.1990,true,1,1438289
7610008641506,false,טורינו מריר שוקולד שוויצרי,קמיל בלוך,CH,שוקולד מריר טורינו 1,גרמים,100.00,100 גרם,false,,19.90,0.1990,true,1,1438290
7610400068505,false,לינדט לינדור בונבוניירה שוקולד חלב 200 גרם,לינדט ושפרונגלי קילשברג,CH,לינדור בונ' מילק 200,גרמים,200.00,100 גרם,false,,29.90,0.1495,true,1,1436688
7610400068529,false,לינדט לינדור בונבוניירה כדורי שוקולד מטעמים 200 גרם,לינדט ושפרונגלי קילשברג,CH,לינדור בונ' אסורטד 2,גרמים,200.00,100 גרם,false,,29.90,0.1495,true,1,1436689
7610400075770,false,לינדט לה גרנד שוקולד מריר אגוז 150 גרם,לינדט ושפרונגלי קילשברג,CH,שוקולד לינדט לגרנד מ,גרמים,150.00,100 גרם,false,,23.90,0.1593,true,1,1437737
7613030979647,false,דגני בוקר טריקס פירות עולם היורה 480 ג',ג'נרל מילס סאן אדריא,CL,דגני תירס תפוחים בטע,גרמים,480.00,100 גרם,false,,23.90,0.0498,true,1,1407483
7613032045753,false,פיטנס - דגני בוקר שוקולד 375 גרם,נסטלה צרפת איטנקורט,FR,פיטנס שוקולד 375 גרם,גרמים,375.00,100 גרם,false,,19.90,0.0531,true,1,1407485
7613035635845,false,פיטנס גרנולה שוקולד 14*300 גרם,שוורצקוף& הנקל דיסלד,LT,פיטנס גרנולה שוקולד,גרמים,300.00,100 גרם,false,,14.90,0.0497,true,1,1407504
7613035807778,false,פרפקטו רוטב עגבניות לבולונז אסם 400 גרם,אסם פרפקטו Perfecto,ES,פרפקטו רוטב עגבניות,גרמים,400.00,100 גרם,false,,10.50,0.0263,true,1,1407506
7613035809109,false,פרפקטו רוטב עגבניות ובזיליקום אסם 400 גרם,אסם פרפקטו Perfecto,ES,פרפקטו רוטב עגבניות,גרמים,400.00,100 גרם,false,,10.50,0.0263,true,1,1407507
7613035809857,false,פרפקטו רוטב עגבניות לפסטה ולבישול אסם 400 גרם,אסם פרפקטו Perfecto,ES,פרפקטו רוטב עגבניות,גרמים,400.00,100 גרם,false,,10.50,0.0263,true,1,1407509
7613036710879,false,מארז מיני חטיפי קיט קט צ'אנקי Kit Kat Chanky,נסטלה גרמניה,DE,קיט קט צנקי מיני 12*,גרמים,194.00,100 גרם,false,,14.90,0.0768,true,1,1432176
7613287121783,false,סמארטיס מיני 16*187 גרם,נסטלה גרמניה,DE,סמארטיס מיני 187 גרם,גרמים,187.00,100 גרם,false,,14.90,0.0797,true,1,1435272
7613287186928,false,סטארבקס קפסולות קפה ברקפסט רוסט 10יח,נסטלה שוויץ - קפה,CH,סטארבקס קפסולות ברקפ,גרמים,56.00,100 גרם,false,,22.90,0.4089,true,1,1435906
7613287476494,false,אוסם - דיפ אנד ספרד מיונז בסגנון צרפתי 280 גרם,נסטלה פולין,PL,רוטב מיונז לחיץ אסם,גרמים,280.00,100 גרם,false,,12.90,0.0461,true,1,1437664
7613287855640,false,סטארבקס קפסולות קפה גוואטמלה 10 יחידות,נסטלה שוויץ - קפה,CH,קפסולות גוואטמלה סטא,גרמים,52.00,100 גרם,false,,22.90,0.4404,true,1,1440980
7614500035788,false,טובלרון שוקולד חלב 200 גרם,מונדלייז,CH,טובלרון 200 גרם,גרמים,200.00,100 גרם,false,,17.90,0.0895,true,1,1408246
7622010001858,false,עוגיות אוראו ממולאות קרם וניל 176 גרם.,פי אר ג'\יי אס אי מנדלז,UA,אוראו וניל 176 גרם ב,גרמים,176.00,100 גרם,false,,9.90,0.0563,true,1,1408247
7622201050757,false,שוקולד מילקה טבלת חלב עם קרמל 100 ג',מילקה Milka,DE,שוקולד חלב במילוי קר,גרמים,100.00,100 גרם,false,,6.90,0.0690,true,1,1409394
7622201137052,false,אוראו מיני קוקיס - עוגיות שוקולד צ'יפס ותחתית מצופה שוקולד חלב,מונדלז אספנה גלטאס פ,ES,מילקה מיני קוקיז 110,גרמים,110.00,100 גרם,false,,9.90,0.0900,true,1,1441398
7622201139278,false,גבינת שמנת 27% שומן 150 ג' פילדלפיה,מיודלז אספניה פרודוק,ES,גבינת שמנת 27% פילדל,גרמים,150.00,100 גרם,false,,14.90,0.0993,true,1,1428267
7622201401900,false,עוגיות סנסיישן אוראו מילקה 156 גרם,מונדלז פולסקה פרודקש,PL,עוגיות מילקה סנסיישן,גרמים,156.00,100 גרם,false,,10.90,0.0699,true,1,1432758
7622201521493,false,גבינת פילדלפיה שום ועשבי תיבול 150 גרם,מיודלז אספניה פרודוק,ES,גבינת שמנת שום ועשבי,גרמים,150.00,100 גרם,false,,14.90,0.0993,true,1,1440180
7622201798154,false,גבינת שמנת לייט מופחתת שומן 13% שומן,מיודלז אספניה פרודוק,ES,גבינת שמנת פילדלפיה,גרמים,150.00,100 גרם,false,,14.90,0.0993,true,1,1437082
7622201801809,false,מילקה שוקולד חלב עם אגוזים 100 גרם חדש,מנדלז דויצ'\לנד סנקס פרו,DE,שוקולד חלב עם שברי א,גרמים,100.00,100 גרם,false,,6.90,0.0690,true,1,1437042
7622201802363,false,מילקה טבלת שוקולד חלב וצימוקים ואגוזים 100ג',מנדלז דויצ'\לנד סנקס פרו,DE,שוקולד חלב עם אגוזים,גרמים,100.00,100 גרם,false,,6.90,0.0690,true,1,1437043
7622201808631,false,אוראו מיני עוגיות ממולאות קרם וניל 67גרם,פי.טי. מונדלז אינדונ,ID,אוראו מיני כוסות בטע,גרמים,67.00,100 גרם,false,,7.90,0.1179,true,1,1438449
7622201813390,false,עוגיות מילקה וואפל במילוי קרם קקאו 150 ג,מונדליז סי.אר. ביסקוויט,CZ,מילקה וואפל במילוי ק,גרמים,132.00,100 גרם,false,,10.90,0.0826,true,1,1437677
7622210078131,false,שוקולד חלב עם שבבי קרמל מילקה דיים 100 גרם,מנדלז דויצ'\לנד סנקס פרו,DE,שוק' מילקה דאיים 100,גרמים,100.00,100 גרם,false,,6.90,0.0690,true,1,1408248
7622210163899,false,שוקולד חלב במילוי סוכריות עדשים,מונדלז דויצ'לנד סנקס,DE,מילקה שוקולד חלב עם,גרמים,100.00,100 גרם,false,,6.90,0.0690,true,1,1408250
7622210392589,false,טובלרון טייני שוקולד חלב 200 גרם,מונדלז סוויצרלנד פרודקשן,CH,טובלרון טייני חלב 20,גרמים,200.00,100 גרם,false,,17.90,0.0895,true,1,1432056
7622210597915,false,פרלינים לבבות שוקולד חלב ממולא קרם נוגט,מונדלז בולגריה פרודק,BG,מילקה לבבות פרלינים,גרמים,110.00,100 גרם,false,,11.90,0.1082,true,1,1440993
7622210637994,false,מיני עוגיות אוראו קראנצ'י בייטס אורגינל,מונדלז אספניה ג'לאטס,ES,אוראו ביס קראנ'צי או,גרמים,110.00,100 גרם,false,,9.90,0.0900,true,1,1427795
7622210638021,false,מיני עוגיות אוראו קראנצ'י בייטס מצופים,מונדלז אספניה ג'לאטס,ES,אוראו ביס קראנ'צי בצ,גרמים,110.00,100 גרם,false,,9.90,0.0900,true,1,1427796
7622210664150,false,"עוגיות אוראו וניל, 396 גרם",מונדלייז,CZ,עוגיות אוראו וניל 39,גרמים,396.00,100 גרם,false,,15.90,0.0402,true,1,1440994
7622210690852,false,מילקה שוקולד טריולד 280 גרם,מונדלייז,AT,מילקה טריולד 280 גרם,גרמים,280.00,100 גרם,false,,17.90,0.0639,true,1,1418306
7622210690883,false,מילקה שוקולד חלב-מהדורת מונדיאל 270 גרם,מונדלייז,AT,מילקה מונדיאל 270 גר,גרמים,270.00,100 גרם,false,,17.90,0.0663,true,1,1442513
7622210826053,false,שוקולד מילקה אוראו סנדוויץ 92 גר',גיאורי קאקסז קייאףטי,HU,שוקולד מילקה אוראו ס,גרמים,92.00,100 גרם,false,,6.90,0.0750,true,1,1432759
7622210835338,false,אוראו עוגיות ממולאות טעם בראוניז 176 גרם,מנדלז אספנה גאלטס פר,ES,עוגיות אוראו בראוניז,גרמים,176.00,100 גרם,false,,8.90,0.0506,true,1,1408255
7622300200237,false,שוקולד מילקה שוקולד חלב 250 גרם,מונדליז אוסטרייך פרו,PL,מילקה שוקולד חלב 250,גרמים,250.00,100 גרם,false,,12.50,0.0500,true,1,1408258
7622300270506,false,מילקה גריינס - עוגיות שיבולת שועל מצופות שוקולד 168 ג',מונדלז פולסקה פרודקש,PL,מילקה גריינס - עוגיו,גרמים,168.00,100 גרם,false,,10.90,0.0649,true,1,1408260
7622300441715,false,עוגיות מילקה ביסקוויט ממולא קרם חלב מצופה למחצה בשוקולד חלב 150 גר',מוביל בעל מוניטין,CZ,מילקה עוגיות שוקו מי,גרמים,150.00,100 גרם,false,,11.90,0.0793,true,1,1418367
7622300489427,false,עוגיות אוראו בציפוי בטעם שוקולד לבן 246 גרם,מנדלז אספנה גאלטס פר,ES,אוראו עוגיות מצופות,גרמים,246.00,100 גרם,false,,18.90,0.0768,true,1,1414452
7622300489434,false,"עוגיות אוראו פאדג' בציפוי שוקולד חלב, 246 גרם",מנדלז אספנה גאלטס פר,ES,אוראו עוגיות מצופות,גרמים,246.00,100 גרם,false,,18.90,0.0768,true,1,1414453
7622300495046,false,מילקה שוקולד חלב עם אקסטרה קקאו 100 גרם,מנדלז דויצ'\לנד סנקס פרו,DE,מילקה אקסטרה קקאו 10,גרמים,100.00,100 גרם,false,,6.90,0.0690,true,1,1437681
7622300503079,false,עוגיות ביסקוויט מצופה שוקולד חלב מילקה 200 גרם,מונדלז פולסקה פרודקש,PL,מילקה מוו ביסקוויט מ,גרמים,200.00,100 גרם,false,,10.90,0.0545,true,1,1408262
7622300617820,false,מילקה שוקולד חלב במילוי קרם חלב ווניל ושבבי עוגיות אוראו 100 גרם,מנדלז דויצ'\לנד סנקס פרו,DE,מילקה אוראו 100 גרם,גרמים,100.00,100 גרם,false,,6.90,0.0690,true,1,1408263
7622300761363,false,עוגיות מיני אוראו במילוי קרם בטעם שוקולד בכוס,פי.טי. מונדלז אינדונ,ID,אוראו מיני עוגיות עם,גרמים,67.00,100 גרם,false,,7.90,0.1179,true,1,1412162
7630477891639,false,סטארבקס קפסולות קפה ורונה 10 יחידות,נסטלה שוויץ - קפה,CH,קפסולות קפה קפה ורונ,גרמים,55.00,100 גרם,false,,22.90,0.4164,true,1,1431904
7630477891677,false,סטארבקס קפסולות קפה פייק פלייס 10 יחידות,נסטלה שוויץ - קפה,CH,קפסולות קפה פייק פלי,גרמים,53.00,100 גרם,false,,22.90,0.4321,true,1,1431906
7630477891691,false,סטארבקס קפסולות קפה קולמביה 10 יחידות,נסטלה שוויץ - קפה,CH,קפסולות קפה קולומביה,גרמים,57.00,100 גרם,false,,22.90,0.4018,true,1,1431907
7630477891738,false,סטארבקס קפסולות קפה אספרסו בלונד 10 יחיד,נסטלה שוויץ - קפה,CH,קפסולות קפה בלונד חו,גרמים,53.00,100 גרם,false,,22.90,0.4321,true,1,1431911
7640103867013,false,"שערות סבתא ""תות "" 15 גרם",אסאבא פוד,ID,שערות סבתא תות 1/24,גרמים,15.00,100 גרם,false,,3.90,0.2600,true,1,1436691
7702024074625,false,פיטנס - חטיפי קרקר חיטה מלאה 234 גרם,קומסטיבלס לה רוזה אס.איי,CO,פיטנס חטיפי קרקר חיט,גרמים,234.00,100 גרם,false,,11.90,0.0509,true,1,1407527
7702174068826,false,יוגטה מבחר סוכריות לקקן קשות ממולאות טופי בטעמי יוגורט ופירות 204 גרם,הדקלאים אגודת שיתופי,CO,לקקן יוגטה פירות 12,יחידה,12.00,יחידה,false,,10.90,0.9083,true,1,1412408
7702174070201,false,יוגטה לקקן בטעם מסטיק ממולא טופי בטעם תות 12 יח' 204 גרם,הדקלאים אגודת שיתופי,CO,לקקן יוגטה מג'יק 12,גרמים,216.00,100 גרם,false,,10.90,0.0505,true,1,1412410
7777555515121,false,צנצנת עם מכסה,,,צנצנת עם מכסה,יחידה,1.00,יחידה,false,,29.90,29.9000,true,1,1430862
7790040420076,false,מיני אלפחורס בון בון 117 גר,ארקור,AR,חטיף מיני אלפחורס 11,גרמים,117.00,100 גרם,false,,8.90,0.0761,true,1,1434827
7790580419738,false,ביצי שוקולד במילוי קרם בוטנים,,,מיני ביצי שוקולד ממו,גרמים,156.00,100 גרם,false,,12.90,0.0827,true,1,1440185
7790580421663,false,שוקולד בון בון ריבת חלב 288 גרם,ארקור,AR,בונבוניירה בון בון ר,גרמים,288.00,100 גרם,false,,19.90,0.0691,true,1,1439322
7798141877829,false,"גאטו נגרו פינו גריג'ו 750 מ""ל",פינקה לה סליה,AR,יין גאטו נגרו פינו ג,מיליליטרים,750.00,"100 מ""ל",false,,40.20,0.0536,true,1,1439348
7804414001614,false,"דון חוליו שיראז 750 מ""ל",צ'ילה לואיס פיליפה אדוארדס,CL,יין אדום שיראז דון ח,מיליליטרים,750.00,"100 מ""ל",false,,31.50,0.0420,true,1,1428917
7804414012344,false,דון חוליו סוביניון בלאן,צ'ילה לואיס פיליפה א,CL,יין לבן יבש סוביניון,מיליליטרים,750.00,"100 מ""ל",false,,31.50,0.0420,true,1,1428918
7804414012351,false,יין אדום יבש מלבק דו,צ'ילה לואיס פיליפה א,CL,יין אדום יבש מלבק דו,מיליליטרים,750.00,"100 מ""ל",false,,31.50,0.0420,true,1,1428919
7804414012368,false,יין אדום רוזה דון חו,צ'ילה לואיס פיליפה א,CL,יין אדום רוזה דון חו,מיליליטרים,750.00,"100 מ""ל",false,,31.50,0.0420,true,1,1428920
8000070053465,false,קפסולות קפה אספרסו אורו דרגת חוזק 8,לאוג'י לוואצה אס.פי.אי,IT,לוואצה אורו 58 גרם,גרמים,55.00,100 גרם,false,,21.90,0.3982,true,1,1441526
8000070053472,false,קפסולות קרמה גוסטו קלאסיקו חוזק 12 57 ג' לוואצה,לאוג'י לוואצה אס.פי.אי,IT,לוואצה קרמה גוסטו קל,גרמים,57.00,100 גרם,false,,19.90,0.3491,true,1,1441527
8000070081109,false,קפסולות לוואצה ריקו נטולקפאין 6 נספרס 50,לאוג'\י לוואצה אס.פי.אי,IT,קפסולות קפה ריקו נטו,יחידה,14.00,יחידה,false,,19.90,1.4214,true,1,1412414
8000215202413,false,מעדן אורז בטעם וניל אורגני 400 גרם,ויטריז,IT,מעדן אורז אורגני ביו,גרמים,400.00,100 גרם,false,,16.90,0.0422,true,1,1417447
8000215204240,false,ויטאריז משקה שקדים ואורז אורגני 1 ליטר,בטר אנד דיפרנט,IT,משקה אורז ושקדים ביו,מיליליטרים,1000.00,"100 מ""ל",false,,13.90,0.0139,true,1,1417449
8000300380521,false,פרוגי'נה שוקולד מריר,,,פרוגי'נה שוקולד מריר,,1.00,יח,false,,11.90,11.9000,true,1,1418395
8000300389067,false,בונ.באצ'י פרימיום שק125ג,באצי פרוגינה איטליה,IT,שקית באצ'י 125 גרם,גרמים,125.00,100 גרם,false,,19.90,0.1592,true,1,1441458
8000350001124,false,מאפה ממולא קרם אגוזי לוז 125 גרם,MATILDE VICENZI,IT,וישנזי חטיף עוגיה פר,גרמים,125.00,100 גרם,false,,8.90,0.0712,true,1,1439715
8000350001148,false,מאפה ממולא קרם פטיסייר 125 גרם,MATILDE VICENZI,IT,וישנזי חטיף עוגיה פר,גרמים,125.00,100 גרם,false,,8.90,0.0712,true,1,1439716
8000380003723,false,וופל אגוזים בציפוי שוקולד לואקר 100 גרם,קריניציה ויטמינה אס,IT,לואקר גרנד פטיסרי אג,גרמים,100.00,100 גרם,false,,12.90,0.1290,true,1,1412420
8000380004669,false,וופל לואקר סנדוויץ קוביות ושוקולד 200ג',"א. לואקר, קונפקט ג'י",AT,ופל קוביות קקאו לואק,גרמים,200.00,100 גרם,false,,12.90,0.0645,true,1,1412422
8000380004676,false,קוביות וופל סנדוויץ Sandwich עם וניל וחלב,"א. לואקר, קונפקט ג'י",AT,וופלים עם קרם וניל ל,גרמים,200.00,100 גרם,false,,12.90,0.0645,true,1,1414455
8000380004881,false,וופל קוארדטיני לואקר קוביות טרמיסו 220ג',קריניציה ויטמינה אס,IT,קואדרטיני טרמיסו 220,גרמים,220.00,100 גרם,false,,14.90,0.0677,true,1,1412423
8000380004911,false,קוביות וופל קואדרטיני Quadratini קרם אגוזים,קריניציה ויטמינה אס,AT,קואדרטיני אגוז 250 ג,גרמים,250.00,100 גרם,false,,14.90,0.0596,true,1,1412424
8000380004942,false,וופל לואקר קוארדטיני קוביות ווניל 250ג',ליימן מותגים,AT,קואדרטיני וניל 250 ג,גרמים,250.00,100 גרם,false,,14.90,0.0596,true,1,1412425
8000380004966,false,וופל קוארדטיני לואקר קוביות שוקולד 250ג',קריניציה ויטמינה אס,AT,קואדרטיני שוקולד 250,גרמים,250.00,100 גרם,false,,14.90,0.0596,true,1,1412426
8000380005918,false,וופל קוביות קואדרטיני אגוזים לואקר 125 גרם,ליימן מותגים,,וופל קוביות קואדרטינ,גרמים,125.00,100 גרם,false,,6.90,0.0552,true,1,1412428
8000380005963,false,וופל קוארדטיני שוקולד לואקר 125 גרם,מותגים,AT,וופל קוביות קואדרטינ,גרמים,125.00,100 גרם,false,,6.90,0.0552,true,1,1412431
8000380007219,false,וופלים בטעם אגוזים לואקר 175 גרם,ליימן מותגים,AT,ופלים אגוזים נאפוליט,גרמים,175.00,100 גרם,false,,11.90,0.0680,true,1,1414456
8000380007257,false,וופל גרדנה אגוזים לואקר 200 גרם,קריניציה ויטמינה אס,IT,גרדנה אגוז 200 גרם,גרמים,200.00,100 גרם,false,,13.90,0.0695,true,1,1412432
8000380007271,false,וופל במילוי קרם חלב לואקר 175 גרם,ליימן מותגים,AT,וופל במילוי קרם חלב,גרמים,175.00,100 גרם,false,,11.90,0.0680,true,1,1414458
8000380106028,false,טורטינה לואקר וופל שוקולד ואגוזים שישיה 125ג',קריניציה ויטמינה אס,IT,ופל טורטינה קרם אגוז,גרמים,125.00,100 גרם,false,,16.90,0.1352,true,1,1412433
8000380142484,false,קוביות וופל קואדרטיני Quadratini בטעם שוקולד מריר,"אינסטנטה בע""מ",AT,ופל קוביות קוואדרטינ,גרמים,250.00,100 גרם,false,,14.90,0.0596,true,1,1412434
8000380148035,false,וופל אגוזי לוג שוקולד מריר גראן פטיסרי Gran Pasticceria,קריניציה ויטמינה אס,IT,ופל גרנד פטיסרי מריר,גרמים,100.00,100 גרם,false,,12.90,0.1290,true,1,1414459
8000380153442,false,וופל קלאסיק בטעם אגוזים לואקר 90 גרם,ליימן שליסל,IT,לואקר בטעם אגוז 90 ג,גרמים,90.00,100 גרם,false,,5.00,0.0556,true,1,1412436
8000380153466,false,וופל קלאסיק בטעם קקאו לואקר 90 גרם,קריניציה ויטמינה אס,IT,לואקר בטעם קקאו 90 ג,גרמים,90.00,100 גרם,false,,5.00,0.0556,true,1,1412437
8000380153534,false,מארז וופל שוקולד טורטינה Tortina שוקולד לבן,א. לואקר אס. פי. אי-אי.,IT,ופל טורטינה מצופה שו,גרמים,125.00,100 גרם,false,,16.90,0.1352,true,1,1412438
8000380156849,false,שוקולד מריר במילוי קרם קקאו וופל לואקר 87 גרם,ליימן מותגים,IT,לואקר שוקולד מריר 87,גרמים,87.00,100 גרם,false,,7.90,0.0908,true,1,1439699
8000380157440,false,שוקולד חלב במילוי קרם אגוזי לוז לואקר 87 גרם,"אינסטנטה בע""מ",IT,לואקר שוקולד אגוז 85,גרמים,85.00,100 גרם,false,,7.90,0.0929,true,1,1412441
8000380180745,false,וופל קוביות קקאו במילוי קרם חלב לואקר 250 גרם,"א. לואקר, קונפקט ג'י",AT,קואדרטיני שוקו-חלב 2,גרמים,250.00,100 גרם,false,,14.90,0.0596,true,1,1414461
8000380180783,false,וופל קואדרטיני קקאו וחלב לואקר 125 גרם,ליימן מותגים,IT,וופל קואדרטיני שוקו,גרמים,125.00,100 גרם,false,,6.90,0.0552,true,1,1412443
8000380185337,false,מארז עפרון מיניס מיקס100,לואקר,IT,לואקר מיניס מארז עפר,גרמים,100.00,100 גרם,false,,14.90,0.1490,true,1,1438518
8000380189281,false,מארז מיני מיקס לואקר בשקית 210 גרם,ליימן מותגים,AT,מארז לואקר מיני מיקס,גרמים,210.00,100 גרם,false,,21.90,0.1043,true,1,1437945
8000380192199,false,וופל לואקר דאבל שוקולד 175 גרם,ליימן מותגים,AT,לואקר דאבל שוקולד 17,גרמים,125.00,100 גרם,false,,11.90,0.0952,true,1,1412452
8000380205400,false,וופלים קואדרטיני חמאת בוטנים לואקר 250 גרם,ליימן מותגים,AT,וופל קואדרטיני חמאת,גרמים,250.00,100 גרם,false,,14.90,0.0596,true,1,1439543
8000380205523,false,וופלים בטעם חמאת בוטנים לואקר 175 גרם,ליימן מותגים,AT,וופל לואקר קלאסיק חמ,גרמים,175.00,100 גרם,false,,11.90,0.0680,true,1,1439544
8000380207183,false,שוקולד לואקר טורטינה חמאת בוטנים 126 גר,ליימן מותגים,IT,וופל טורטינה חמאת בו,גרמים,126.00,100 גרם,false,,16.90,0.1341,true,1,1439546
8000500009673,false,בונבונרייה פררו רושר 300 גרם,פררו - אלבה,IT,פררו רושה שוקולד חלב,גרמים,300.00,100 גרם,false,,47.90,0.1597,true,1,1414462
8000500018828,false,שלישיית קינדר שוקולד חצי מטר 100 גרם,קדבורי,IT,קינדר שוקולד חצי מטר,יחידה,1.00,יחידה,false,,20.90,20.9000,true,1,1415410
8000500023624,false,חטיפי הפי היפו Happy Hippo במילוי קרם חלב וקקאו,פררו - אלבה,DE,קינדר הפי היפו חמישי,גרמים,103.50,100 גרם,false,,11.90,0.1150,true,1,1415411
8000500023976,false,בונבוניירת רפאלו פררו 150 גרם,פררו - אלבה,PL,רפאלו 150 גרם,גרמים,150.00,100 גרם,false,,14.90,0.0993,true,1,1415412
8000500026731,false,שוקולד ביצי הפתעה קינדר שלישייה,פררו אס.פי.אי,IT,קינדר ביצת הפתעה שלש,גרמים,60.00,100 גרם,false,,14.90,0.2483,true,1,1415413
8000500028124,false,קינדר גוי ביצת הפתעה מארז שלישיה,ליימן שליסל,ZA,קינדר גוי שלשות 60 ג,גרמים,60.00,100 גרם,false,,14.90,0.2483,true,1,1441401
8000500029350,false,מארז וופל מצופה 3יח' *43 גרם קינדר בואנו,פררו - אלבה,PL,קינדר בואנו שלישיה 3,גרמים,129.00,100 גרם,false,,10.90,0.0845,true,1,1415414
8000500032237,false,בונבונרייה פררו רושר 375 גרם,פררו - אלבה,IT,פררו רושר 375 גרם,גרמים,375.00,100 גרם,false,,39.90,0.1064,true,1,1415415
8000500037874,false,בונבונרייה פררו רושר 200 גרם,פררו - אלבה,IT,פררו רושה 200 גרם,גרמים,200.00,100 גרם,false,,24.90,0.1245,true,1,1415416
8000500071083,false,אצבעות שוקולד קינדר Kinder שש עשרה יחידות,פררו - אלבה,IT,קינדר אצבעות שוקולד,גרמים,200.00,100 גרם,false,,11.90,0.0595,true,1,1415418
8000500094976,false,"בונבוניירה פררו רושר רושה קונוס, 212 גרם T17X4",רושר,IT,בונבונירות רושה קונו,גרמים,212.00,100 גרם,false,,38.90,0.1835,true,1,1415420
8000500121436,false,מארז קינדר בואנו Kinder Bueno לבן שלוש יחידות,פררו - אלבה,PL,קינדר בואנו לבן שלשה,גרמים,117.00,100 גרם,false,,10.90,0.0932,true,1,1415421
8000500167656,false,קינדר שוקולד עם דגנים סיריאל 94 ג',פררו,IT,קינדר שוקולד עם דגני,גרמים,94.00,100 גרם,false,,7.90,0.0840,true,1,1429073
8000500192801,false,בונבוניירה רושה 100 גרם,פררו,IT,פררו רושר שוקולד עם,גרמים,100.00,100 גרם,false,,14.90,0.1490,true,1,1414463
8000500224281,false,נוטלה בי רדי חטיף קופה,פררו,IT,נוטלה בי רדי 22 גרם,גרמים,22.00,100 גרם,false,,2.50,0.1136,true,1,1439024
8000500227848,false,נוטלה - בי רדי אצבעות ביסקוויט במילוי שוקולד 6 יח' * 22 גרם,פררו,IT,נוטלה בי רדי 6*22 גר,גרמים,132.00,100 גרם,false,,10.90,0.0826,true,1,1415433
8000500267103,false,קינדר דליס עוגת ספוג קקאו במילוי חלבי*10,קינדר Kinder,IT,קינדר עוגיות אישיות,גרמים,390.00,100 גרם,false,,19.90,0.0510,true,1,1415440
8000500269169,false,קינדר קארדס Kinder Cards - חמישייה,קריות זול,IT,קינדר קרדס 128 גרם,גרמים,128.00,100 גרם,false,,13.90,0.1086,true,1,1418402
8000500328750,false,כדור וופל פריך מצופה שוקולד פררו רושר 141 ג',פררו,DE,פררו רונדנואר 141 גר,גרמים,141.00,100 גרם,false,,24.90,0.1766,true,1,1435602
8000500360262,false,קינדר שוקולד דמויות חנוכה,צ'וקטה,PL,"קינדר ""חנוכיה"" 135 ג",גרמים,135.00,100 גרם,false,,16.90,0.1252,true,1,1432734
8000500374429,false,פררו גרנד רושה מעטפת שוקולד חלב 125 גרם,פררו,PL,גרנד פררו רושה 125 ג,גרמים,125.00,100 גרם,false,,14.90,0.1192,true,1,1436830
8000500374542,false,שוקולד מריר מעולה אגוזי לוז פררו רושה125,Unknown,PL,גרנד פררו רושה דארק,גרמים,125.00,100 גרם,false,,14.90,0.1192,true,1,1439311
8000500386941,false,"ממרח קקאו עם אגוזי לוז, 900 גרם",קדבורי,IT,ממרח קקאו עם אגוזי ל,גרמים,900.00,100 גרם,false,,29.90,0.0332,true,1,1439500
8001003100218,false,סוכריות יוגטה ג'לי פירות 800 גר',תות ממתקי איכות,IT,יוגטה ג'לי פירות 800,גרמים,800.00,100 גרם,false,,19.90,0.0249,true,1,1412455
8001440118944,false,שלישיית עגבניות פולפה צ'יריו 400 גרם,דיפלומט,IT,שלישיית עגבניות פולפ,גרמים,1200.00,100 גרם,false,,15.90,0.0133,true,1,1441128
8001620015629,false,"משקה פירות בטעם תפוז ותפוז אדום 400 מ""ל פרוטה",אקווה מינרלה סאן בנדטו ב,IT,סן בנדטו תפוז ותפוז,מיליליטרים,400.00,"100 מ""ל",false,,7.30,0.0182,true,1,1438068
8001841664026,false,נוזל כלים פיירי אקסט,,,נוזל כלים פיירי אקסט,מיליליטרים,900.00,"100 מ""ל",false,,12.50,0.0139,true,1,1439391
8001931120944,false,"פסטה קן לציפור דק, 500 גרם",GUACCI,,פסטה קן לציפור דק 50,גרמים,500.00,100 גרם,false,,7.90,0.0158,true,1,1436713
8001931121002,false,פסטה קן לציפור עבה במיוחד 500 גרם,GUACCI,,פסטה קן לציפור רחב 5,גרמים,500.00,100 גרם,false,,7.90,0.0158,true,1,1436714
8002267002270,false,"מאגדת פולרטי חטיפי קרח בטעמי פירות 10*40מ""ל",שסטוביץ,IT,פולרטי חטיפי קרח 400,גרמים,400.00,100 גרם,false,,8.90,0.0223,true,1,1412459
8002450204009,false,ורדי ספרקלטיני אפרסק,"איי, בי, אינבוו",IT,"ורדי אפרסק 750 מ""ל",מיליליטרים,750.00,"100 מ""ל",false,,24.90,0.0332,true,1,1411872
8002450206003,false,ורדי רימונים ספרקלטיני,"איי, בי, אינבוו",IT,"ורדי רימונים 750 מ""ל",מיליליטרים,750.00,"100 מ""ל",false,,24.90,0.0332,true,1,1411873
8002670504279,false,גרנורולו בורגר טבעוני 220 גרם,,IT,גרנרולו בורגר צמחי 2,גרמים,220.00,100 גרם,false,,22.90,0.1041,true,1,1439588
8003340091280,false,לינדט לינדור בונבוניירה 60% מוצקי קקאו 200 גרם,לינדט ושפרונגלי קילשברג,IT,לינדור בונ' 60% 200,גרמים,200.00,100 גרם,false,,29.90,0.1495,true,1,1436692
8004030022010,false,ירקות גינה עם טונה ריו מרה אינסלטיסימי 160 ג',"בולטון אלימנטרי בע""\מ",IT,סלט ירקות גינה עם טו,גרמים,160.00,100 גרם,false,,15.90,0.0994,true,1,1414309
8004030026018,false,"מקסיקני עם טונה ריו מרה אינסלטיסימי, 160 ג'","בולטון אלימנטרי בע""\מ",IT,סלט ירקות שעועית ותי,גרמים,160.00,100 גרם,false,,15.90,0.0994,true,1,1414310
8004030044005,false,נתחי טונה בהירה בשמן זית ריו מרה 112גרם,"בולטון אלימנטרי בע""\מ",IT,טונה בהירה בשמן זית,גרמים,160.00,100 גרם,false,,16.90,0.1056,true,1,1414311
8004030344938,false,"ריו מרה טונה בשמן זית 3X80 גרם מתכון חדש כשל""פ","בולטון אלימנטרי בע""\מ",IT,נתתי טונה בהירה בשמן,גרמים,240.00,100 גרם,false,,24.90,0.1037,true,1,1414314
8004800000071,false,לאגו פלאסיר- גלילי ופל במילוי קרם אגוזי לוז שוקולד חלב - 100 ג',לגו גרופ ס.פ.א.,IT,גלילי ופל בקרם אגוזי,גרמים,100.00,100 גרם,false,,11.90,0.1190,true,1,1440984
8004800004819,false,לאגו פלאסיר גלילי וופל קרם פסיפלורה 100 גרם,לגו גרופ ס.פ.א.,IT,וופלים מצופים בשוקול,גרמים,110.00,100 גרם,false,,11.90,0.1082,true,1,1440986
8004800004826,false,לאגו פלאסיר - וופלים במילוי קרם קוקוס שוקולד מריר - 98ג,לגו גרופ ס.פ.א.,IT,וופלים מצופים בשוקול,גרמים,98.00,100 גרם,false,,11.90,0.1214,true,1,1440987
8004800005519,false,וופל רול גלילי במילוי קרם אגוזי לוז- 125 ג' לאגו,לגו גרופ ס.פ.א.,IT,גלילי ופל במילוי קרם,גרמים,125.00,100 גרם,false,,10.90,0.0872,true,1,1440989
8005085726397,false,ביצי ש.מריר וקרם פיס,,,ביצי ש.מריר וקרם פיס,גרמים,100.00,100 גרם,false,,22.90,0.2290,true,1,1441076
8005110171215,false,עגבניות חתוכות 690 POLPAPEZZI ג' (כחול) MUTTI,"איי, בי, אינבוו",IT,עגבניות חתוכות דק מו,גרמים,700.00,100 גרם,false,,14.90,0.0213,true,1,1414491
8005200256587,false,נסטי - תה קר בטעם אפרסק 1.5 ליטר,מפעל סאנפלגרינו S.P.A,IT,נסטי אפרסק 1.5 ליטר,מיליליטרים,1500.00,"100 מ""ל",false,,8.90,0.0059,true,1,1437992
8005803010357,false,גריסיני קלאסי - מקלות אפויים עם שמן זית ומלח,"אינסטנטה בע""מ",IT,גריסיני קלאסי אפוי ע,גרמים,125.00,100 גרם,false,,7.90,0.0632,true,1,1412463
8005803010371,false,"גריסיני רוזמרין - מקלות אפויים עם שמן זית, מלח ורוזמרין","אינסטנטה בע""מ",IT,גריסיני רוזמרין אפוי,גרמים,125.00,100 גרם,false,,7.90,0.0632,true,1,1412464
8005803010661,false,גריסיני שומשום AMOR DI PANE י 125 גר',"הוסטה איטליה, ס.ר.ל.",IT,גריסיני שומשום אפויי,גרמים,125.00,100 גרם,false,,7.90,0.0632,true,1,1412466
8006423162556,false,מטבעות שוקולד ברשת 50 גרם SORINI,סוריני,IT,שוק' סוריני מטבעות 5,גרמים,50.00,100 גרם,false,,4.00,0.0800,true,1,1419349
8006423301856,false,בונבוניירה סוריני מעורבת 450 גר,HDI SORINI,IT,בונ' דפילה אגוז48% 4,גרמים,450.00,100 גרם,false,,80.00,0.1778,true,1,1419357
8006423362000,false,שקית שוקולד טופ כחול,,,שקית שוק' טופ כחול 2,גרמים,250.00,100 גרם,false,,19.90,0.0796,true,1,1434096
8006423362208,false,שוקולד סוריני טופ חו,SORINI,,שקית שוק' טופ חום 25,גרמים,250.00,100 גרם,false,,19.90,0.0796,true,1,1434097
8006423362406,false,שוקולד סוריני טופ זה,SORINI,,שקית שוק' טופ זהב 25,גרמים,250.00,100 גרם,false,,19.90,0.0796,true,1,1434098
8006423362703,false,שקית שוקולד טופ מריר,,,שקית שוק' טופ מריר48,גרמים,250.00,100 גרם,false,,19.90,0.0796,true,1,1434099
8006423461055,false,בונבוניירה בקבוק 280 גר FUEGO SORINI,SORINI-Holding Dolci,IT,שוק' בונ' בקבוק פואג,גרמים,280.00,100 גרם,false,,45.90,0.1639,true,1,1419374
8006423463066,false,בונבוניירה ולנטיין 195 גר SORINI,,IT,בונ' ולנטיין גדולה 1,גרמים,195.00,100 גרם,false,,59.90,0.3072,true,1,1434103
8006423467866,false,בונבוניירה קריסמס טי,SWEETITALY,,בונבוניירה קריסמס טי,גרמים,180.00,100 גרם,false,,20.90,0.1161,true,1,1442528
8008857300344,false,פסטה רגיה 34. צינור תומר 500 גרם,רגיה,IT,פסטה פנה רג'יאה 500,גרמים,500.00,100 גרם,false,,5.90,0.0118,true,1,1407894
8008857300481,false,פסטה רגיה 48 בורג תומר 500 גרם,רגיה,IT,פסטה פוסילי פסטה רג',גרמים,500.00,100 גרם,false,,5.90,0.0118,true,1,1407895
8008857300634,false,פסטה רגיה 19 תלתל תומר 500 גרם,פאסטופיציו אנטוניו,IT,פסטה קוואטאפי פסטה ר,גרמים,500.00,100 גרם,false,,5.90,0.0118,true,1,1407900
8008857300641,false,פסטה רג'ייה כובע 500 גר',רגיה,IT,פסטה ניוקי פסטה רג'י,גרמים,500.00,100 גרם,false,,5.90,0.0118,true,1,1407901
8008857300771,false,ספגטי מספר 77 רגיה איטריות דקות 500 גרם,,,איטריות מרק פסטה רג',גרמים,500.00,100 גרם,false,,5.90,0.0118,true,1,1407903
8008857704197,false,פסטה רג'ייה ח.מלאה ספגטי 500 גרם,,IT,פסטה חיטה מלאה ספגטי,גרמים,500.00,100 גרם,false,,5.90,0.0118,true,1,1440331
8013108003516,false,בונ' זהב שטוחה מיקס,,,בונ' זהב שטוחה מיקס,גרמים,160.00,100 גרם,false,,33.90,0.2119,true,1,1434502
8021886312997,false,שקית 5בלונים 12-באהב,,,שקית 5בלונים 12-באהב,יחידה,5.00,יחידה,false,,9.90,1.9800,true,1,1440577
8022470866971,false,MAX עדשים BICIOCO שק,,,MAX עדשים BICIOCO שק,גרמים,120.00,100 גרם,false,,7.90,0.0658,true,1,1441178
8032880800243,false,פיקניק הפתעה - אגוזי לוז ומקלות אפויים,"הוסטה איטליה, ס.ר.ל.",IT,פיקניק הפתעה 50 גרם,גרמים,50.00,100 גרם,false,,7.20,0.1440,true,1,1412467
8033102690086,false,וישנזי עוגיות במילוי,Vicenzi S.p.A.,IT,וישנזי עוגיות במילוי,גרמים,150.00,100 גרם,false,,11.90,0.0793,true,1,1441704
8076800195033,false,ברילה - צ.א ספגטיני מס3 חדש 500 גרם,ברילה גי.אי.אר פרטלי ס.פ,IT,ספגטיני מספר 3 ברילה,גרמים,500.00,100 גרם,false,,6.90,0.0138,true,1,1414318
8076800195057,false,ברילה - צ.א ספגטי מס5 חדש 500 גרם,ברילה גי.אי.אר פרטלי ס.פ,IT,פסטה ספגטי מספר 5 בר,גרמים,500.00,100 גרם,false,,6.90,0.0138,true,1,1414319
8076809512268,false,פסטה גירנדולה טורסדס מספר 34 ברילה 500 גרם,ברילה גי.אי.אר פרטלי ס.פ,IT,פסטה גירנדולה מספר 3,גרמים,500.00,100 גרם,false,,6.90,0.0138,true,1,1414330
8076809523561,false,ברילה - רוטב פסטה בטעם טוסקנה 400 גרם,ברילה גי.אי.אר פרטלי ס.פ,IT,רוטב עגבניות לפסטה ע,גרמים,400.00,100 גרם,false,,14.90,0.0373,true,1,1414339
8076809529419,false,ספגטי מחיטה מלאה מס' 5 500 ג' ברילה,ברילה גי. אי. אר פרט,IT,ברילה פסטה חיטה מלאה,גרמים,500.00,100 גרם,false,,12.90,0.0258,true,1,1414341
8076809545464,false,ברילה פסטה ללא גלוטן צורת ספירלי 400 גר,מולינו אנדריאני אס.א,IT,פסטה פוסילי ללא גלוט,גרמים,400.00,100 גרם,false,,14.90,0.0373,true,1,1414348
8121300206946,false,ממתיק סיטיביה טרוביה 80 שקיות אישיות,הרתסייד פוד,US,טרוביה- סטיביה ממתיק,גרמים,80.00,100 גרם,false,,29.90,0.3737,true,1,1430103
8410076610379,false,"חטיף בוטנים, חלבון סויה ושוקולד מריר עם ציפוי בטעם שוקולד",סריילטו ספיין פודס,ES,נייצ'ר וואלי פרוטאין,גרמים,160.00,100 גרם,false,,26.90,0.1681,true,1,1412469
8410109056532,false,ואלור טב שוק מריר במילוי טראפלס 100 ג,LAVDAS,ES,שוקולד מריר במילוי ט,גרמים,100.00,100 גרם,false,,12.90,0.1290,true,1,1437078
8410109109832,false,ואלור טבלאות שוקולד,LAVDAS,GR,שוקולד מריר 85% ללא,גרמים,100.00,100 גרם,false,,12.90,0.1290,true,1,1437081
8410109115468,false,ואלור טב' שוק מריר 9,,,ואלור טב' שוק מריר 9,גרמים,100.00,100 גרם,false,,14.90,0.1490,true,1,1441180
8410109120462,false,ואלור טב' שוק מריר 8,,,ואלור טב' שוק מריר 8,גרמים,100.00,100 גרם,false,,14.90,0.1490,true,1,1441181
8410342003508,false,"טוראס- ממרח שוקולד ללת""ס 200 גרם",,ES,ממרח שוק.ואגוזים ל.ת,גרמים,200.00,100 גרם,false,,22.90,0.1145,true,1,1440417
8410342005632,false,טוראס שוקולד חלב שקד ללא סוכר 75 גרם,,ES,טוראס-שוקולד חלב 75,גרמים,75.00,100 גרם,false,,9.90,0.1320,true,1,1409339
8410376014051,false,גולון-קרקר פיק מיניס 350 גר,GULLON,,גולון-קרקר פיק מיניס,גרמים,350.00,100 גרם,false,,10.90,0.0311,true,1,1431380
8410376014068,false,גולון קרקר פיק דגיגים 350גר,GULLON,,גולון-קרקר פיק דגים,גרמים,350.00,100 גרם,false,,10.90,0.0311,true,1,1431381
8410376033267,false,גולון ביסקוויט דגנים ללא סוכר 410 ג',GULLON,,ביסקויט דגנים ללא תו,גרמים,410.00,100 גרם,false,,17.90,0.0437,true,1,1440418
8410376042481,false,גולון ביסקווט קרם יוגורט ללא תוספת סוכר 220 גרם,גלטס גולון,ES,ביסקויט קרם יוגורט ל,גרמים,22.00,100 גרם,false,,17.90,0.8136,true,1,1440419
8410376059380,false,גולון וופל וניל ללא תוספת סוכר 180 גרם,GULLON,ES,ופל בטעם וניל ללא תו,גרמים,180.00,100 גרם,false,,15.90,0.0883,true,1,1433604
8410376059397,false,גולון וופל שוקולד ללא תוספת סוכר 180 גרם,GULLON,ES,וופל בטעם שוקולד ללא,גרמים,180.00,100 גרם,false,,15.90,0.0883,true,1,1433605
8411500120495,false,דאמל גומי כשר תות קט,,,דאמל גומי כשר תות קט,גרמים,1000.00,100 גרם,false,,34.90,0.0349,true,1,1421376
8413178155793,false,מנטה אקליפטוס וקסמן,,,מנטה אקליפטוס וקסמן,גרמים,1000.00,100 גרם,false,,45.90,0.0459,true,1,1429911
8413664811844,false,פאפאס ארגנטה-צ'יפס שמן זית 160 גרם,פאפאס ארג'\נטה ס.א.ו.,ES,צ'יפס עם שמן זית פאפ,גרמים,160.00,100 גרם,false,,18.90,0.1181,true,1,1433858
8413907638900,false,מטריות שוקולד 1/32 (,,,מטריות שוקולד 1/32 (,יחידה,32.00,יחידה,false,,2.90,0.0906,true,1,1418553
8420708012822,false,"גבינת קשקבל ספרדי, 200 גרם",מיוצר עי קונדיטוריית,ES,קשקבל בשלה 200 גרם,גרמים,200.00,100 גרם,false,,23.90,0.1195,true,1,1409140
8423207206488,false,סלים דליס חטיף דגנים מצופה שוקולד חלב מרבה 6*20 גרם,אף.סי תבליני בגליל ב,ES,חטיף דגנים מלאים מצו,יחידה,5.00,יחידה,false,,10.90,2.1800,true,1,1414350
8423207207362,false,חטיפי סלים דליס שוקולד לבן מרבה 6 יחידות,ביסנצ'ורי אס.אל.יו,ES,חטיף דגנים מלאים מצו,יחידה,6.00,יחידה,false,,10.90,1.8167,true,1,1414353
8423207208680,false,חטיף דגנים שוקולד סלים דליס לילדים מרבה 6 יחידות,ביסנצ'ורי אס.אל.יו,ES,חטיף דגנים מצופה אקס,גרמים,120.00,100 גרם,false,,10.90,0.0908,true,1,1414354
8423207210928,false,חטיף דגנים מצופה שוקולד חלב ואגוזי לוז - 5 במארז,נוטרישן אנד סנטה קוב,ES,חטיף דגנים מצופה שוק,יחידה,5.00,יחידה,false,,10.90,2.1800,true,1,1431546
8423207210942,false,חטיף דגנים מצופה שוקולד לבן ופירות יער,נוטרישן אנד סנטה קוב,ES,חטיף דגנים מצופה שוק,יחידה,5.00,יחידה,false,,10.90,2.1800,true,1,1431547
8437008915456,false,טורטיה ספרדי 5 דגנים 325 גרם,Azteca foods europe,ES,"טורטיה 5 דגנים 20 ס""",יחידה,8.00,יחידה,false,,9.90,1.2375,true,1,1407910
8445290427120,false,דגני פיטנס Fitness שוקולד מריר ובננה,נסטלה צרפת איטנקורט,FR,פיטנס שוקולד מריר וב,גרמים,330.00,100 גרם,false,,19.90,0.0603,true,1,1440981
8620190730253,false,סביבון ידית רקע ספיר,,,סביבון ידית רקע ספיר,יחידה,1.00,יחידה,false,,9.90,9.9000,true,1,1437390
8680202110824,false,שמרים לאפיה יבשים נמסים אינסטנט,,,שמרים יבשים 125 גרם,גרמים,125.00,100 גרם,false,,5.50,0.0440,true,1,1410367
8682151530029,false,בונבוניירת סרגל ורוד,,,בונבוניירת סרגל ורוד,גרמים,90.00,100 גרם,false,,19.90,0.2211,true,1,1439533
8682151530326,false,בונ מבחר שוקולדים שי,SORINI-Holding Dolci,IT,בונ' מבחר שוקולדים ש,גרמים,323.00,100 גרם,false,,69.90,0.2164,true,1,1441188
8682151530340,false,בונבוניירת כפיות שוק,,,בונבוניירת כפיות שוק,גרמים,54.00,100 גרם,false,,10.90,0.2019,true,1,1438247
8682151530661,false,פונבוניירת סיגרים עם,,,פונבוניירת סיגרים עם,גרמים,100.00,100 גרם,false,,19.90,0.1990,true,1,1439537
8682151531217,false,בונבוניירת לבבות אדו,,,בונבוניירת לבבות אדו,גרמים,225.00,100 גרם,false,,59.90,0.2662,true,1,1439539
8683130012666,false,שלגון מגנום דאבל לבן עוגיות 72 גרם,"מיוצר ע""\י יונילוור סנאי",TR,מגנום דאבל לבן עוגיו,גרמים,74.00,100 גרם,false,,9.90,0.1338,true,1,1439206
8683323040100,false,מקלות יוגטה חיספוסים תותי פרוטי 35 גר,סאהדת,TR,חיספוסים תותי פרוטי,יחידה,1.00,יחידה,false,,1.50,1.5000,true,1,1412482
8683323041107,false,חיספוסים תות שדה 35 גרם,מוטקה החולב,TR,חיספוסים ממתק חמוץ ב,גרמים,35.00,100 גרם,false,,1.50,0.0429,true,1,1412483
8683323063024,false,יוגטה שטיחים בטעם תותי פרוטי 220 גרם,ליימן מותגים,TR,יוגטה שטיחים תותי פר,גרמים,220.00,100 גרם,false,,9.90,0.0450,true,1,1412484
8683363414107,false,גריקן מסטיק תותי פרו,,,גריקן מסטיק תותי פרו,גרמים,50.00,100 גרם,false,,9.90,0.1980,true,1,1441430
8683363414138,false,גריקן מסטיק פטל כחול,,,גריקן מסטיק פטל כחול,גרמים,50.00,100 גרם,false,,9.90,0.1980,true,1,1441431
8683363414442,false,גריקן מסטיק פירות צה,,,גריקן מסטיק פירות צה,גרמים,50.00,100 גרם,false,,9.90,0.1980,true,1,1441435
8690120060170,false,וופל נאמבר וואן מצופ,טורקו,TR,וופל נאמבר1 אדום 1/2,גרמים,35.00,100 גרם,false,,1.90,0.0543,true,1,1419848
8690504081913,false,מקוויטיס טינס מצופה שוקולד חלב 150 גרם,שוורצקוף& הנקל דיסלד,TR,טינס מצופה שוקולד חל,גרמים,150.00,100 גרם,false,,10.90,0.0727,true,1,1431427
8690504081920,false,מקוויטיס טינס מצופה שוקולד מריר 150 גרם,"אולקר ביסקווי סנאי, א.ס.",TR,טינס מצופה שוקולד מר,גרמים,150.00,100 גרם,false,,10.90,0.0727,true,1,1431426
8690504081937,false,מקוויטיס טינס שוקולד חלב וקפוצינו 150 גר,שוורצקוף& הנקל דיסלד,TR,טינס מצופה שוקולד חל,גרמים,150.00,100 גרם,false,,10.90,0.0727,true,1,1431428
8690504153849,false,גודייבה שוקולד חלב במילוי קרם בטעם פרלין אגוזים 83 גרם,"אולקר מקבוצת פלאדיס,",TR,גודייבה חלב מלית אגו,גרמים,83.00,100 גרם,false,,14.90,0.1795,true,1,1406746
8690526019154,false,אי טי אי - וופל קקאו במילוי קרם קקאו 142 גרם,מולינו ניקולי s.p.a,TR,וופל קקאו במילוי קר,גרמים,142.00,100 גרם,false,,8.90,0.0627,true,1,1430112
8690526019178,false,אי טי אי - וופל קקאו במילוי קרם קוקוס 142 גרם,מולינו ניקולי s.p.a,TR,וופל קקאו במילוי קרם,גרמים,142.00,100 גרם,false,,8.90,0.0627,true,1,1430113
8690526029207,false,אי טי אי - מארז חמישייה וופל במילוי קרם קקאו וחתיכות בוטנים 145 גרם,אתי גידה סאנאי וה טיק .A,TR,מארז חמישיה וופל במי,גרמים,145.00,100 גרם,false,,9.90,0.0683,true,1,1440922
8690526039206,false,אי טי אי - מיני וופל במילוי קרם קקאו וחתיכות בוטנים 140 גרם,"GIDA ETI , טורקיה n\",TR,מיני וופל במילוי קרם,גרמים,140.00,100 גרם,false,,13.90,0.0993,true,1,1440924
8690572785089,false,סאיוס שמפו סרמיד 600,,,סאיוס שמפו סרמיד 600,מיליליטרים,600.00,"100 מ""ל",false,,11.90,0.0198,true,1,1422084
8690637835643,false,"תה ירוק לימונית ולאויזה 30 גרם ""ליפטון""",יונילוור - תורכיה,TR,תה ירוק לימונית לואי,גרמים,30.00,100 גרם,false,,16.90,0.5633,true,1,1409947
8690637842399,false,מאגדת מגנום מיני דאבל פרי יער שוקולד 6 יח' נסטלה,יוניליוור סנאי וי סי,TR,מיני מגנום דאבל פרי,יחידה,6.00,יחידה,false,,27.90,4.6500,true,1,1416847
8690637890666,false,מאגדת מגנום מיני דאבל פיסטוק 6 יח' שטראוס,יוניליוור סנאיי וי ט,TR,מיני מגנום פיסטוק שו,יחידה,6.00,יחידה,false,,27.90,4.6500,true,1,1416849
8690637989612,false,שלגון שמנת בטעם וניל עם ריפל בטעם שוקולד 246 גרם,יונילוור סנאיי וי טיג'\,TR,מגנום מיני דאבל דולצ,יחידה,6.00,יחידה,false,,27.90,4.6500,true,1,1434606
8690637997914,false,גלידת מגנום וניל שקדים בכוס אישית 76 גרם,יונילוור סנאיי וי טיג'\,TR,מגנום גלידת שמנת וני,גרמים,76.00,100 גרם,false,,9.90,0.1303,true,1,1436816
8690766156367,false,גודייבה שוקולד חלב מעולה 90 גרם,"אולקר מקבוצת פלאדיס,",TR,שוקולד חלב מעולה 90,גרמים,90.00,100 גרם,false,,14.90,0.1656,true,1,1406749
8690766156374,false,גודייבה שוקולד מריר מעולה 72% מוצקי קקאו 72גרם,"אולקר מקבוצת פלאדיס,",TR,שוקולד מריר מעולה 72,גרמים,90.00,100 גרם,false,,14.90,0.1656,true,1,1406750
8690766156381,false,גודייבה שוקולד מריר 90% מוצקי קקאו 90 גרם,"אולקר מקבוצת פלאדיס,",TR,שוקולד מריר מעולה 90,גרמים,90.00,100 גרם,false,,14.90,0.1656,true,1,1432223
8690766156398,false,"שוקולד חלב מעולה בתוספת שברי שקדים קלויים,דבש ומלח 90 גרם","אולקר מקבוצת פלאדיס, ציק",TR,שוקולד חלב מעולה בתו,גרמים,90.00,100 גרם,false,,14.90,0.1656,true,1,1406751
8690766156411,false,שוקולד מריר מעולה בטעם פלפל ורוד עם חתיכות תות מסוכר 90 גרם,"אולקר מקבוצת פלאדיס,",TR,שוקולד מריר מעולה בט,גרמים,90.00,100 גרם,false,,14.90,0.1656,true,1,1406752
8690777206051,false,חציל קלוי על האש סרה ויליפוד 650 גרם,קוראהן פזלרמה וי דיס,TR,חציל קלוי על האש בצנ,גרמים,650.00,100 גרם,false,,12.90,0.0198,true,1,1408633
8690777221405,false,פלפל אדום קלוי סרה ויליפוד 650 גרם,קוראהן פזלרמה וי דיס,TR,פלפל אדום קלוי סרה 6,גרמים,650.00,100 גרם,false,,12.90,0.0198,true,1,1408634
8691707087962,false,אוזמו דובי על מקל 23,,,אוזמו דובי על מקל 23,גרמים,23.00,100 גרם,false,,3.50,0.1522,true,1,1441438
8691707590042,false,אוזמו טילון רביעייה,,,אוזמו טילון רביעייה,גרמים,100.00,100 גרם,false,,8.90,0.0890,true,1,1441439
8697431460217,false,קונפיטורה 70% תפוזים 450 ג' FRUPPA,פרוטנגו Fruitango,,קונפיטורה 70% תפוזים,גרמים,450.00,100 גרם,false,,15.50,0.0344,true,1,1407912
8697431460378,false,קונפיטורה 70% שזיף פרופה 450 גרם,פרוטנגו Fruitango,,קונפיטורה 70% שזיף 4,גרמים,450.00,100 גרם,false,,15.50,0.0344,true,1,1407913
8697431921701,false,קונפיטורה תות שדה 70% פרי פרופה 454 גר',פרוטנגו Fruitango,,קונפטורה 70% תות שדה,גרמים,450.00,100 גרם,false,,15.50,0.0344,true,1,1407914
8697431925143,false,קונפיטורה 70% פירות יער 450 ג' FRUPPA,פרוטנגו Fruitango,,קונפיטורה 70% פירות,גרמים,450.00,100 גרם,false,,15.50,0.0344,true,1,1407916
8697826469092,false,טורטיה קטנה שקדיה 540 גרם 12 יחידות,דין שיווק,TR,טורטיה קטנה 540 גרם,גרמים,540.00,100 גרם,false,,9.90,0.0183,true,1,1435322
8698701025129,false,בונבוניירה גורמה קול,,,בונבוניירה גורמה קול,גרמים,365.00,100 גרם,false,,69.90,0.1915,true,1,1441294
8699141054595,false,אוזמו האפי ביסקוויט,,,אוזמו האפי ביסקוויט,גרמים,37.50,100 גרם,false,,1.90,0.0507,true,1,1441451
8699250035041,false,"זיתים שחורים טבעיים יבשים 700 גרם ""תומר""",מנסווי גידה,TR,זית שחור טבעי 700 גר,גרמים,700.00,100 גרם,false,,19.90,0.0284,true,1,1407917
8710502064814,false,עוגיות מרבה שוקולד ציפס במרקם רך 175 גר,בנקטבקריי מרבה בי.וי,NL,עוגיות שוקולד צ'יפס,גרמים,175.00,100 גרם,false,,8.90,0.0509,true,1,1414363
8710502231018,false,מרבה עוגיות מיני שוקולד צ'יפס 175 גרם,"מרבה בע""\מ",NL,עוגיות שוקולד צ'יפס,גרמים,175.00,100 גרם,false,,9.90,0.0566,true,1,1433713
8710502405204,false,עוגיות שוקולד צ'יפס עם קרם שוקולד מרבה 175 גרם,קריניציה ויטמינה אס,NL,עוגיות שוקולד צ'יפס,גרמים,175.00,100 גרם,false,,8.90,0.0509,true,1,1414368
8710502470028,false,עוגיות שוקולד צ'יפס ממולאות בקרם נוגט,קריניציה ויטמינה אס,NL,עוגיות שוקולד צ'יפס,גרמים,160.00,100 גרם,false,,8.90,0.0556,true,1,1414369
8711000371183,false,ג'ייקובס קפסולות קפה אספרסו אינטסו עוצמה 10,ג'ייקובס דאו אגברטס צרפת,FR,ג'ייקובס קפסולות קפה,גרמים,52.00,100 גרם,false,,16.90,0.3250,true,1,1408277
8712561249393,false,דאודורנט אקס ANARCHY,,,דאודורנט אקס ANARCHY,יחידה,0.00,יחידה,false,,11.90,0.0000,true,1,1425710
8714599410530,false,גייקובס קרונינג שקית רפיל 200 גרם,ג'יי.די.אי.,UA,ג'ייקובס קרוננג 200,גרמים,200.00,100 גרם,false,,19.90,0.0995,true,1,1408279
8714599513866,false,"קפה נמס מיובש בהקפאה קרונג צנצנת ג'ייקובס 200 גרם לל""ס",אל.אל.סי גייקובס דאו,DE,קפה נמס מיובש בהקפאה,גרמים,200.00,100 גרם,false,,27.90,0.1395,true,1,1408284
8715700110141,false,מיונז קרמי היינץ צנצנת 460ג',ה.י.היינץ הולדינג בי.וי,NL,ממרח מיונז היינץ 460,גרמים,460.00,100 גרם,false,,10.90,0.0237,true,1,1408286
8715700110158,false,היינץ ממרח במרקם קרמי צנצנת 490 גרם,ה.י.היינץ הולדינג בי.וי,NL,מיונז היינץ לייט צנצ,גרמים,490.00,100 גרם,false,,10.90,0.0222,true,1,1408287
8715700117805,false,"קטשופ היינץ מתבל עגבניות ללא תוספת סוכר ומלח 425 מ""ל","ה.י היינץ הולדינג בי.וי,",NL,היינץ מתבל עגבניות ל,גרמים,400.00,100 גרם,false,,10.90,0.0273,true,1,1431342
8715700419718,false,מתבל עגבניות היינץ 910 גרם,ה.י. היינץ,NL,קטשופ היינץ 910 גרם,גרמים,910.00,100 גרם,false,,12.90,0.0142,true,1,1408290
8715700419732,false,מתבל עגבניות היינץ 700 גרם,ה.י. היינץ,NL,קטשופ היינץ 700 גרם,גרמים,700.00,100 גרם,false,,10.90,0.0156,true,1,1408291
8715700423906,false,היינץ מתבל עגבניות מופחת סוכר ומלח 50/50 550 גרם,היינץ צפון אמריקה מק,NL,היינץ מתבל עגבניות מ,גרמים,555.00,100 גרם,false,,10.90,0.0196,true,1,1408295
8717677336661,false,טוניס שוקולד מריר מעולה 70% 180 גרם רבנות - נוכרי,טוניס/שוקולונלי,NL,שוקולד מריר 70% טוני,גרמים,180.00,100 גרם,false,,19.90,0.1106,true,1,1438264
8718114734484,false,מיונז מאילי 320 גר צ,יונילבר צרפת,FR,מיונז מיילי 320 גרם,גרמים,320.00,100 גרם,false,,15.90,0.0497,true,1,1409141
8719200998001,false,מרגרינה לאפיה ובישול בלי מלח 200 ג' בלו בנד,יוניליוור ישראל מזון בע\,IL,מרגרינה לאפיה ובישול,גרמים,200.00,100 גרם,false,,4.50,0.0225,true,1,1428227
8719200998018,false,מחמאה מרגרינה בטעם חמאה בלובנד 200 גרם,"מיוצר ע""\י יוניליוור ישר",IL,מחמאה ב.בנד 200 גרם,גרמים,200.00,100 גרם,false,,4.70,0.0235,true,1,1427756
8719200998032,false,"מרגרינה מזולה גלורי טעם חמאה 250גר 8 יחידות - כשל""פ","מיוצר ע""\י יוניליוור ישר",IL,מזולה גלורי ט.חמאה 2,גרמים,250.00,100 גרם,false,,9.90,0.0396,true,1,1423803
8719200998094,false,"מרגרינה מזולה לאפיה ללא תוספת מלח 200גר - 40 יח' -כשל""פ","מיוצר ע""\י יוניליוור ישר",IL,מזולה לאפיה ללא מלח,גרמים,200.00,100 גרם,false,,6.50,0.0325,true,1,1428951
8726585222263,false,סוכריות קופצות תות ענבים,,,סוכריות קופצות 1/40,יחידה,1.00,יחידה,false,,1.50,1.5000,true,1,1420716
8801055709458,false,אבקה להכנת משקה קפה בטעם קפוצ'ינו קרמל,נסטלה קוריאה - קפה,KR,נסקפה קפוצ'ינו קרמל,גרמים,170.00,100 גרם,false,,19.90,0.1171,true,1,1438832
8801055709465,false,אבקה להכנת משקה קפה בטעם קפוצ'ינו וניל,נסטלה קוריאה - קפה,KR,נסקפה קפוצ'ינו וניל,גרמים,185.00,100 גרם,false,,19.90,0.1076,true,1,1438833
8801055709472,false,נסטלה - נסקפה קפוצ'ינו קלאסי 12.50 גרם * 10,נסטלה קוריאה - קפה,KR,נסקפה קפוצ'ינו קלאסי,גרמים,125.00,100 גרם,false,,19.90,0.1592,true,1,1438834
8801055709489,false,אבקה להכנת משקה קפה בטעם קפוצ'ינו אגוזים,נסטלה קוריאה - קפה,IL,נסקפה קפוצ'ינו אגוזי,גרמים,180.00,100 גרם,false,,19.90,0.1106,true,1,1438835
8809168840471,false,חטיף אצות מיובשות 9*4.5 גרם,ג'י וואן גלובול נאט,KR,חטיף אצות מיובשות 9,יחידה,9.00,יחידה,false,,24.90,2.7667,true,1,1434308
8850389105825,false,משקה אלוורה בטעם ענבים סאפה 1 ליטר,סאפה פובליק קומפני לימיט,TH,סאפה אלוורה ענבים 1,מיליליטרים,1000.00,"100 מ""ל",false,,13.20,0.0132,true,1,1410789
8850632604266,false,"יוגטה, ממתק חמוץ בצורת מקלות בטעם קולה, 50 גרם",ג'נרל קנדי בעמ,TH,חיספוסים מקלות בטעם,גרמים,50.00,100 גרם,false,,4.50,0.0900,true,1,1412507
8850632604402,false,יוגטה חיספוסים בטעם מעורב תות שדה אבטיח ענבים בננה 50 גרם,"ג'נרל קנדי בע""מ",TH,חיספוסים רצועות בטעם,גרמים,50.00,100 גרם,false,,4.50,0.0900,true,1,1412509
8850632605201,false,"יוגטה, חיספוסים, ממתק חמוץ בצורת שטיח, בטעם מעורב- תות בננה, תפוח, תפוז, 50 גרם",הדקלאים אגודת שיתופי,TH,חיספוסים רצועות בטעם,גרמים,50.00,100 גרם,false,,3.90,0.0780,true,1,1412510
8850632606390,false,"יוגטה, חיספוסים, ממתק חמוץ בצורת שטיח בטעם אבטיח, 50 גרם",ג'נרל קנדי בעמ,TH,חיספוסים ממתק חמוץ ב,גרמים,50.00,100 גרם,false,,3.90,0.0780,true,1,1412511
8858271002870,false,רוטב פאד תאי 250 מ'ל - מקסצ'אפ,"ייאן וואל יון בע""מ",TH,רוטב פאד תאי 250 מ'ל,מיליליטרים,250.00,"100 מ""ל",false,,10.90,0.0436,true,1,1412146
8858271003020,false,רוטב סויה פורמולה 1 - 700 מ'ל מקסצ'אפ,יאן ונזל יון,TH,רוטב סויה פורמולה 1,מיליליטרים,700.00,"100 מ""ל",false,,15.90,0.0227,true,1,1412148
8901537024014,false,"אורז בסמטי מובחר 1 ק""ג - דוואט) יורה דיעה",הנסיך- מפעל לייצור ט,IN,"אורז בסמטי 1 ק""ג DAA",גרמים,1000.00,100 גרם,false,,12.90,0.0129,true,1,1408640
8934878081811,false,"דפי אורז 22 ס""מ 400 גר'(Trav) ללא גלוטן",דאנינג יוה פודס קו,VN,"דפי אורז 22 ס""מ 400",גרמים,400.00,100 גרם,false,,11.90,0.0298,true,1,1412158
9000000000411,false,שום יבוא ארוז,,,שום יבוא ארוז,מארז,1.00,מארז,false,,7.90,7.9000,true,1,1432767
9001395807015,false,שוקולד בננית בטעם שוקו בננה 300 גרם,פרנס הואו סווירט,AT,בננית 300 גרם,גרמים,300.00,100 גרם,false,,11.90,0.0397,true,1,1419699
9002859042799,false,גונץ - מוצרט כדורים בשקית 300 גר,GUNZ WARENHANDELS,AT,מוצרט שקית גונץ 300,גרמים,100.00,100 גרם,false,,35.90,0.3590,true,1,1441079
9002859050763,false,חיפושיות שוקולד ברשת 100 גרם גונץ,GUNZ WARENHANDELS,DE,חיפושיות שוקולד ברשת,גרמים,100.00,100 גרם,false,,9.90,0.0990,true,1,1409366
9002859050848,false,מטבעות זהב וכסף ברשת 100 גרם גונץ,,,מטבעות שוקולד חלב גו,גרמים,100.00,100 גרם,false,,9.90,0.0990,true,1,1409367
9002859054099,false,גונץ- מוצרט משושה 300 גרם,GUNZ WARENHANDELS,AT,מוצארט משושה גונץ 29,גרמים,297.00,100 גרם,false,,35.90,0.1209,true,1,1409368
9002859062131,false,גונץ- מארז פרליני פרלינים ורד 400 גר',GUNZ WARENHANDELS,AT,"בונ ""גונץ פרלינים 40",גרמים,400.00,100 גרם,false,,19.90,0.0497,true,1,1409372
9002859067570,false,דפדפי שוקולד תפוז - גונץ 200 גרם,GUNZ WARENHANDELS,,דפדפי שוקולד תפוז גו,גרמים,200.00,100 גרם,false,,17.90,0.0895,true,1,1440422
9002859087295,false,גונץ - בונבונירה פרלינים אדום 400 גר,,,בונבונירה פרלינים מט,גרמים,400.00,100 גרם,false,,19.90,0.0497,true,1,1409384
9002859092657,false,גונץ-בננה ציפוי מריר 150 גר,Gunz,,בננה ציפוי מריר גונץ,גרמים,100.00,100 גרם,false,,12.90,0.1290,true,1,1441084
9002859100536,false,בונבוניירה אצבעות שוקולד מוצרט 200 גרם,GUNZ WARENHANDELS,,מוצרט (גונץ) אצבעות,גרמים,200.00,100 גרם,false,,15.90,0.0795,true,1,1409387
9002859107054,false,גונץ-אצבעות שוקולד פרחים 200 גרם,,AT,אצבעות שוקולד פרחים,גרמים,200.00,100 גרם,false,,17.90,0.0895,true,1,1440423
9002859110412,false,שוקולד לבן-קפה גונץ,,,שוקולד לבן-קפה גונץ,גרמים,100.00,100 גרם,false,,7.90,0.0790,true,1,1441085
9310072028743,false,טים טם ביסקוויט במילוי שוקולד 200 גרם,"ארנוטס ביסקוויטס בע""",AU,טיםטם אורגינל 200 גר,גרמים,200.00,100 גרם,false,,19.90,0.0995,true,1,1436702
9310072028750,false,טים טם Tim Tam וופל שוקולד ציפוי כפול,"ארנוטס ביסקוויטס בע""",AU,טיםטם דאבל 200 גרם,גרמים,200.00,100 גרם,false,,19.90,0.0995,true,1,1436703
9322969000046,false,פריכיות תירס שומשום אורגני ריל פודס 150 ג',אף.סי תבליני בגליל ב,AU,פריכיות תירס אורגניו,גרמים,150.00,100 גרם,false,,12.90,0.0860,true,1,1410430
9720006678751,false,כבד דגים איסלנד 115 גרם,איטל איסלנד,IS,כבד דגים 110 גרם איס,גרמים,110.00,100 גרם,false,,8.90,0.0809,true,1,1406123
9771565051066,false,עיתון ידיעות אחרונות,ידיעות אחרונות,,עיתון ידיעות אחרונות,יחידה,1.00,יחידה,false,,20.00,20.0000,true,1,1412004
