code,internal_code,name,manufacturer_name,manufacture_country,manufacturer_item_description,unit_qty,quantity,unit_of_measure,weighted,qty_in_package,price,unit_of_measure_price,allow_discount,status,item_id
10124350,false,צלי כתף מס' 5 קפוא א,בלדי,,צלי כתף מס' 5 קפוא א,קילוגרמים,1.00,"ק""ג",true,,52.90,52.9000,true,1,31222
30107014,false,נייר גלגול גדול + פילטר בודד,Unknown,IL,נ. ג. סלים+פילטר,יחידה,0.00,יחידה,false,,4.90,0.0000,true,1,56560
30112902,false,נייר גלגול קטן+פילטר יח,TECHNOLOGIES REPUBLIC,FR,נייר גילגול קטן,יחידה,0.00,יחידה,false,,3.90,0.0000,true,1,58381
30112919,false,נייר גלגול בינוני + פילטר בודד,Unknown,IL,נ. ג.+פילטר מדיאום,יחידה,0.00,יחידה,false,,4.90,0.0000,true,1,56561
32147230,false,"מיץ לימון משומר 200מ""ל(לימונית אקסטרא)",ג'נרל מילס סאן אדריא,CH,מיץ לימון משומר 200מ,יחידה,200.00,יחידה,false,,8.90,0.0445,true,1,28083
40052403,false,קיט קט 4 אצבעות שוקולד חלב,נסטלה Nestle,DE,קיט קט 4 אצבעות,גרמים,41.50,100 גרם,false,,3.70,0.0892,true,1,81088
40099132,false,מסטיק הובה בובה Hubba Bubba בטעם תות,הובה בובה Hubba Bubba,DE,הובה בובה צ'אנק בטעם,יחידה,0.00,יחידה,false,,3.00,0.0000,true,1,47069
40144016,false,סוכריות חמאה וורטר אורגינל גליל בודד 50,קריניציה ויטמינה אס,DE,סוכריות וורטר,גרמים,50.00,100 גרם,false,,3.50,0.0700,true,1,12772
41001356,false,"בירה בקס פחית 500 מ""ל",יבואן ומשווק: ש. שסט,DE,בירה בקס פחית 500,יחידה,0.00,יחידה,false,,9.90,0.0000,true,1,97156
42101666,false,"מסטיק בטעם מנטה ואקליפטוס איירווייבס 35 גרם לל""ס",ריגלי,GB,מסטיק איירוייבז HP מ,גרמים,35.00,100 גרם,false,,5.90,0.1686,true,1,82109
42135012,false,סרגל איש קרח נוגט 100 ג CARSTEN,Erasmi & Carstens Gm,DE,סרגל איש קרח נוגט,גרמים,100.00,100 גרם,false,,9.90,0.0990,true,1,94109
42138105,false,סיגריות וינסטון סלימס כחול בודד,גיי טי אינטרנשיונל,CH,וינסטון סופר סלימס כ,יחידה,0.00,יחידה,false,,32.50,0.0000,false,1,33359
42138129,false,סיגריות וינסטון סופר סלימס מנטול,Unknown,CH,וינסטון סופר סלימס מ,יחידה,0.00,יחידה,false,,32.50,0.0000,false,1,33360
42149996,false,"בירה בקס בקבוק 275 מ""ל","איי, בי, אינבוו",DE,בירה בקס,יחידה,0.00,יחידה,false,,7.00,0.0000,true,1,78415
42154662,false,אורביט באריזת מעטפה ספירמינט מסטיק,ריגלי צרפת,FR,מסטיק אורביט בטעם ספ,גרמים,27.00,100 גרם,false,,5.70,0.2111,true,1,25209
42182115,false,אורביט פייב ספירמינט 12 סטיקס 29 גר,ריגלי צרפת,FR,מסטיק פייב בטעם מנטה,גרמים,31.00,100 גרם,false,,7.00,0.2258,true,1,35995
42188889,false,אורביט פייב אבטיח 12 סטיקס 29 גר,ריגלי צרפת,FR,מסטיק פייב טעם אבטיח,גרמים,31.00,100 גרם,false,,7.00,0.2258,true,1,39134
42403760,false,נייר גילגול,,,נייר גילגול,יחידה,0.00,יחידה,false,,2.00,0.0000,false,1,103726
42403784,false,נייר גלגול לטבק,,,נייר גלגול לטבק,יחידה,0.00,יחידה,false,,2.00,0.0000,false,1,107229
50398904,false,"קרם חמצן 6% אינדולה 60 מ""ל",גדעון קוסמטיקס,IL,חמצן 6% אינדולה,יחידה,0.00,יחידה,false,,4.00,0.0000,true,1,81082
50398911,false,"קרם חמצן 9% בקבוק 60 מ""ל",שוורצקופ,IL,חמצן 9% אינודלה,יחידה,0.00,יחידה,false,,4.00,0.0000,true,1,81083
50409013,false,מלפפון חמוץ מסורתי 6,EMPIRE BESPOKE FOODS,GB,מלפפונים מסורתי,יחידה,0.00,יחידה,false,,19.90,0.0000,true,1,56447
50409112,false,MRS ELSWOOD מלפפונים כידונים 670גרם,EMPIRE BESPOKE FOODS,GB,מלפפונים כידונים 670,גרמים,670.00,100 גרם,false,,19.90,0.0297,true,1,58054
54051140,false,מעדן סויה טעם וניל אלפרו רביעיה * 125 ג',הנסיך- מפעל לייצור ט,BE,מעדן סויה וניל 1.9%,יחידה,0.00,יחידה,false,,17.50,0.0000,true,1,24253
54051157,false,מעדן סויה טעם שוקו אלפרו רביעיה 125 ג',קריות זול,BE,אלפרו מעדן סויה טעם,יחידה,0.00,יחידה,false,,17.50,0.0000,true,1,24228
59039549,false,סיגריות ווג פריזון מנטה בודד,Unknown,PL,ווג פריזון מנטה,יחידה,0.00,יחידה,false,,38.00,0.0000,false,1,39504
59068907,false,סיגריות פאל מאל כחול דמי סלימס,גלוברנס,PL,פאל מאל כחול דמי סלי,יחידה,0.00,יחידה,false,,25.50,0.0000,false,1,91960
59068914,false,סיגריות פאל מאל סילבר דמי סלימס,Unknown,PL,פאל מאל סילבר דמי סל,יחידה,0.00,יחידה,false,,25.50,0.0000,false,1,91961
59455233,false,סיגריות ווג ליידי כחול בודד,Unknown,PL,ווג ליידי כחול,יחידה,0.00,יחידה,false,,38.00,0.0000,false,1,41609
59455240,false,ווג סופרסלימס לילך חפיסה,Unknown,PL,ווג ליידי לילך,יחידה,0.00,יחידה,false,,38.00,0.0000,false,1,41610
72917367,false,טעמי חטיף במילוי קרם נוגט וקרמל,"שטראוס גרופ בע""מ",IL,חטיף טעמי 40 גרם,גרמים,40.00,100 גרם,false,,4.00,0.1000,false,1,9945
72940754,false,"מילקי מעדן וניל עם קצפת שטראוס 133 מ""ל","שטראוס גרופ בע""\מ",IL,מילקי וניל 6.5%,מיליליטרים,170.00,"100 מ""ל",false,,2.90,0.0171,false,1,7679
72940761,false,"מילקי מעדן שוקולד עם קצפת שטראוס 133 מ""ל",מיוצר עי קונדיטוריית,IL,מילקי שוקו 7%,מיליליטרים,170.00,"100 מ""ל",false,,2.90,0.0171,false,1,7680
72940952,false,מעדן מילקי בטעם שוקולד עם אקסטרה קצפת,"שטראוס גרופ בע""\מ",IL,מילקי פי 2 10%,מיליליטרים,170.00,"100 מ""ל",false,,3.70,0.0218,true,1,7681
72941041,false,מעדן מילקי מיני בטעם שוקולד עם קצפת,"שטראוס גרופ בע""\מ",IL,מילקי מיני שוקולד 7%,גרמים,70.00,100 גרם,false,,2.10,0.0300,true,1,7684
72945308,false,קוביית שמרים טריים לאפיה שמרית 50 גרם,"פאקא תעשיות בע""\מ",IL,קוביות שמרים 50,גרמים,50.00,100 גרם,false,,3.70,0.0740,false,1,7685
72961216,false,**אשד מהדרין 5% 200מל,תנובה מרכז שיתופי לש,IL,"אשל 4.5% 200 מ""ל בד""",גרמים,206.00,100 גרם,false,,1.69,0.0082,false,1,42133
72961506,false,יוגורט עם תות 1.5% שומן 125 ג' פרילי,מיוצר עי קונדיטוריית,IL,פרילי תות 1.5%,מיליליטרים,125.00,"100 מ""ל",false,,3.60,0.0288,true,1,8848
72961520,false,"פרילי יוגורט עם אננס 1.5% תנובה 125 מ""ל",מיוצר עי קונדיטוריית,IL,פרילי אננס 1.5%,מיליליטרים,125.00,"100 מ""ל",false,,3.60,0.0288,true,1,8850
72963753,false,שמנת אורגינל של פעם 27% שומן 200 ג' תנובה,תנובה מרכז שיתופי לש,IL,שמנת של פעם 27%,מיליליטרים,200.00,"100 מ""ל",false,,4.40,0.0220,false,1,8857
72964132,false,פרילי טבע יוגורט עם גרנולה 200 גרם,מיוצר עי קונדיטוריית,IL,טבעגורט 1.9% 200 גרם,גרמים,200.00,100 גרם,false,,5.30,0.0265,true,1,8859
72964422,false,יוגורט פרחים 4.5% שומן 200 גרם,מחלבת תנובה,IL,יוגורט תנובה 4.5%,גרמים,200.00,100 גרם,false,,2.90,0.0145,true,1,8860
72983997,false,קופסה גולף גולד ארוך בוקס,דובק,,סיגריות גולף גולד קו,יחידה,0.00,יחידה,false,,31.00,0.0000,false,1,20335
72984000,false,גולף סילבר 100 פ.ע חפיסה,דובק,,סיגריות גולף סילבר ק,יחידה,0.00,יחידה,false,,31.00,0.0000,false,1,20338
72986370,false,"גלידת בן & ג'ריס פיינטים וניל 500מ""ל",מוצרי איכות אמריקאיים,IL,בן אנד ג'ריס גלידת ו,מיליליטרים,500.00,"100 מ""ל",false,,18.90,0.0378,false,1,13214
72986424,false,"גלידת בן & ג'ריס פיינטים קרם עוגיות 500מ""ל",מוצרי איכות אמריקאיים בע,IL,בן אנד ג'ריס לידת קר,מיליליטרים,500.00,"100 מ""ל",false,,18.90,0.0378,true,1,13215
72986448,false,"גלידת בן & ג'ריס פיינטים טופי קראנץ 500מ""ל",מוצרי איכות אמריקאיים בע,IL,בן אנד ג'ריס גלידת ט,מיליליטרים,500.00,"100 מ""ל",false,,18.90,0.0378,true,1,13216
72986455,false,"ניו יורק סופר גלידת שוקולד, חתיכות פאדג' ואגוזים",מוצרי איכות אמריקאיים בע,IL,בן אנד ג'ריס ניו יור,מיליליטרים,500.00,"100 מ""ל",false,,18.90,0.0378,true,1,13217
72986479,false,"צ'אנקי מנקי גלידת וניל, בננות, חתיכות פאדג' ואגוזים",מוצרי איכות אמריקאיים בע,IL,בן וג'ריס צאנקי מנקי,מיליליטרים,500.00,"100 מ""ל",false,,18.90,0.0378,true,1,13218
72989425,false,"גלידת בן & ג'ריס פיינטים שוקולד בראוניז 500מ""ל",מוצרי איכות אמריקאיים בע,IL,גלידת בראוניס,יחידה,500.00,יחידה,false,,18.90,0.0378,true,1,13219
72991008,false,חטיף פסק זמן במילוי ופל מגולגל 45 גרם,"שטראוס גרופ בע""מ",IL,פסק זמן חלב מגדים 45,גרמים,45.00,100 גרם,false,,5.00,0.1111,true,1,33958
72991374,false,סיגריות טיים רד חפיס,דובק,IL,סיגריות טיים,יחידה,0.00,יחידה,false,,30.00,0.0000,false,1,12648
72991497,false,סיגריות נובלס פילטר בודד,"דובק בע""מ",IL,סיגריות נובלס,יחידה,0.00,יחידה,false,,30.00,0.0000,false,1,12660
72991886,false,"גלידת דולצ'ה בטעם ריבת חלב עם פאדג' בן וג'ירי 500 מ""ל",מוצרי איכות אמריקאיים בע,IL,בן וג'ריס ריבת חלב,מיליליטרים,500.00,"100 מ""ל",false,,18.90,0.0378,true,1,13220
72993637,false,מעדן חלב בטעם שוקולד 125 ג' דני,"שטראוס גרופ בע""\מ",IL,דני שוקולד בודד 1.5%,מיליליטרים,125.00,"100 מ""ל",false,,2.70,0.0216,false,1,26958
72994061,false,חטיף פסק זמן GOOD גלילית לבן 40 גרם,שולן צ'\יקולטה גידה סאן.,TR,פסק זמן טו גוד שוקול,גרמים,36.00,100 גרם,false,,5.00,0.1389,true,1,88431
80001089,false,לואקר שוקולד מריר 50,לואקר,IT,לואקר שוקולד מריר 50,גרמים,50.00,100 גרם,false,,5.90,0.1180,true,1,89865
80042556,false,POLPA עגבניות חתוכות דק 400 גרם MUTTI,"איי, בי, אינבוו",IT,MUTTI עגבניות חתוכות,יחידה,0.00,יחידה,false,,16.90,0.0000,true,1,34603
80042563,false,רסק עגבניות MUTTI{צהוב} 700 גרם,"איי, בי, אינבוו",IT,רסק עגבניות איטלקי M,גרמים,720.00,100 גרם,false,,11.90,0.0165,true,1,19653
80050025,false,סוכריות טיק טק תפוז 16 גרם,פררו - אלבה,ZA,טיק טק תפוז,גרמים,16.00,100 גרם,false,,3.50,0.2188,false,1,12788
80050124,false,סוכריות טיק טק מנטה 16 גרם,פררו - אלבה,ZA,טיק טק סוכריות,גרמים,16.00,100 גרם,false,,3.50,0.2188,false,1,12789
80052760,false,קינדר בואנו Kinder Bueno עם חלב ואגוזי לוז,פררו - אלבה,PL,חטיף קינדר בואנו 43,גרמים,43.00,100 גרם,false,,3.90,0.0907,true,1,12793
80052883,false,סוכריות טיק טק מנטה חזק 16 גרם,צ'וקטה,ZA,סוכריות טיק טק מנטה,יחידה,0.00,יחידה,false,,3.50,0.0000,true,1,106869
80136194,false,חטיפי הפי היפו Happy Hippo במילוי קרם חלבי ואגוזי לוז,קינדר Kinder,DE,הפי היפו וויט חמישיי,גרמים,103.50,100 גרם,false,,12.90,0.1246,true,1,89850
80176732,false,קינדר הפי היפו 28 יחידות,פררו - אלבה,DE,הפי היפו,גרמים,35.00,100 גרם,false,,3.00,0.0857,true,1,26951
80176800,false,נוטלה ממרח שוקולד 750 גרם,פררו תעשיות איטליה ס,IT,ממרח נוטלה 750 גרם,גרמים,750.00,100 גרם,false,,25.90,0.0345,false,1,12794
80177173,false,ממרח שוקולד נוטלה 350 גרם,פררו - אלבה,IT,ממרח נוטלה 350 גרם,גרמים,350.00,100 גרם,false,,13.90,0.0397,false,1,12795
80177180,false,שוקולד קינדר קאונטרי 23.5 גרם,ליימן שליסל,IT,שוקולד קינדר,יחידה,0.00,יחידה,false,,2.30,0.0000,true,1,39133
80177609,false,אצבעות שוקולד קינדר Kinder ארבע יחידות,פררו - אלבה,IT,אצבעות שוקולד קינדר,גרמים,50.00,100 גרם,false,,3.90,0.0780,false,1,12797
80177616,false,אצבעות שוקולד קינדר Kinder שמונה יחידות,פררו - אלבה,IT,אצבעות שוקולד קינדר,גרמים,100.00,100 גרם,false,,7.90,0.0790,false,1,12798
80310167,false,קינדר שוקולד מקסי 126 גר,קינדר,DE,קינדר מקסי שישייה,יחידה,0.00,יחידה,false,,9.90,0.0000,true,1,98706
80310549,false,הפי היפו חטיף קינדר שוקולד לבן 20.5ג',קריות זול,DE,הפי היפו וויט בודד,גרמים,20.07,100 גרם,false,,3.00,0.1495,true,1,89851
80310891,false,ג'וי ביצת הפתעה קינדר 20 גרם,קריות זול,ZA,ביצת קינדר ג'וי,גרמים,20.00,100 גרם,false,,5.90,0.2950,true,1,23439
80724353,false,ארטישוק פונטי מתובל,מודנצטי ויה פראדה,IT,ארטישוק מתובל פונטי,גרמים,280.00,100 גרם,false,,21.90,0.0782,true,1,36080
80757009,false,{צנצנת} 200 גרם {12} כשר as do mar פילה בשמן זית,,,פילה טונה בשמן זית 2,גרמים,200.00,100 גרם,false,,34.90,0.1745,true,1,89546
80761761,false,קינדר בואנו לבן בודד 39 גרם,ליימן שליסל,PL,חטיף קינדר בואנו לבן,גרמים,43.00,100 גרם,false,,3.90,0.0907,true,1,40228
80773429,false,מנטוס בקבוק מעוגל - מסטיק ללא סוכר בטעם תות 60 גרם,"פרפטי ואן מלה ג'\ידה,סאן",TR,מסטיק מנטוס תות,גרמים,60.00,100 גרם,false,,9.90,0.1650,true,1,91037
80773443,false,מנטוס בקבוק מעוגל - מסטיק ללא סוכר בטעם מנטה 60 גרם,"פרפטי ואן מלה ג'\ידה,סאן",TR,מנטוס מסטיק בקבוק מע,גרמים,60.00,100 גרם,false,,9.90,0.1650,true,1,86979
80790990,false,מסטיק מנטוס בבקבוק מעוגל בטעם פירות -מנטה 60 ג',"פרפטי ואן מלה ג'\ידה,סאן",TR,מנטוס מסטיק בקבוק מע,גרמים,60.00,100 גרם,false,,9.90,0.1650,true,1,86980
80831402,false,סוכריות מנטוס מנטה עדינה 30 יח' ללא סוכר CLEAN BREATH,פרפטי ואן מלה,NL,סוכריות מנטוס מנטה ע,גרמים,21.00,100 גרם,false,,5.90,0.2810,true,1,101192
80832560,false,סוכריות מנטוס פירות יער 21 ג' ללא סוכר CLEAN BREATH,פרפטי ואן מלה,TR,סוכריות מנטוס לריענו,גרמים,21.00,100 גרם,false,,5.90,0.2810,true,1,144898
80843184,false,מנטוס מסטיק פיור פרש בטעם ענבים 60גר,פרפטי ואן מלה הולנד,TR,מסטיק מנטוס ענבים בק,גרמים,60.00,100 גרם,false,,9.90,0.1650,true,1,108754
80854753,false,סוכריות מנטוס מנטה 30 יח' ללא סוכר CLEAN BREATH,פרפטי ואן מלה,NL,סוכריות מנטוס מנטה ל,גרמים,21.00,100 גרם,false,,5.90,0.2810,true,1,101193
80864295,false,סוכריות פיור וויט טעם מנטה עדינה 60 ג' מנטוס,"פרפטי ואן מלה ג'ידה,סאן",TR,מנטוס פיור וויט מנטה,גרמים,60.00,100 גרם,false,,9.90,0.1650,true,1,141458
80896081,false,מנטוס בקבוק מעוגל - מסטיק ללא סוכר בטעם אבטיח 60 גרם,"פרפטי ואן מלה ג'\ידה,סאן",TR,מסטיק מנטוס אבטיח,יחידה,0.00,יחידה,false,,9.90,0.0000,true,1,90975
80913467,false,מנטוס בקבוק מעוגל - מסטיק ללא סוכר בטעם מנטה,פרפטי ואן מלה הולנד,TR,מנטוס מסטיק בקבוק מע,גרמים,60.00,100 גרם,false,,9.90,0.1650,true,1,86981
80936848,false,סוכריות טיק טק תות שדה 24 יח',ליימן-שליסל,ZA,טיק טק תות שדה,יחידה,0.00,יחידה,false,,3.50,0.0000,false,1,55103
80945468,false,סוכריות פיור וויט טעם מנטה מתוקה 60 ג' מנטוס,"פרפטי ואן מלה ג'ידה,סאן",TR,מנטוס פיור וויט מנטה,גרמים,60.00,100 גרם,false,,9.90,0.1650,true,1,141459
80979128,false,מנטוס מסטיק בקבוק מעוגל בטעם דובדבן,פרפטי ואן מלה הולנד,TR,מסטיק דובדבן בקבוק מ,גרמים,60.00,100 גרם,false,,9.90,0.1650,true,1,108755
80982470,false,מסטיק מנטוס פיור פרוסט בטעם מנטה חזק 60 גר',פרפטי ואן מלה ברדה,TR,מנטוס מסטיק פיור פרו,גרמים,60.00,100 גרם,false,,9.90,0.1650,true,1,106913
80995128,false,מנטוס בקבוק עגול בטעם הדרים בתוספת ויטמינים 60 גרם,פרפטי ואן מלה הולנד,TR,מנטוס מסטיק בטעם הדר,גרמים,60.00,100 גרם,false,,9.90,0.1650,true,1,146182
87108538,false,סוכריות בטעם תות מנטוס 37.5 גרם,הדקלאים אגודת שיתופי,NL,מנטוס תות,גרמים,37.50,100 גרם,false,,2.90,0.0773,true,1,25710
87108651,false,סוכריות בטעם מנטה מנטוס 4*37.5 גרם,הדקלאים אגודת שיתופי,NL,מנטוס מנטה רביעי,יחידה,0.00,יחידה,false,,10.90,0.0000,false,1,12805
87311396,false,מנטוס ריינבאוו סוכריות לעיסה בטעמי פירות,פרפטי ואן מלה ברדה,NL,מנטוס ריינבואו בודד,גרמים,37.50,100 גרם,false,,2.90,0.0773,true,1,46900
87354041,false,סוכריות מנטוס גליל בטעם דובדבן,פרפטי ואן מלה,NL,מנטוס גליל דובדבן,גרמים,37.50,100 גרם,false,,2.90,0.0773,true,1,107384
90162602,false,רד בול משקה אנרגיה פקדון 30 אג,רד בול ג'י.אם.בי. אץ,IL,רד בול משקה,יחידה,0.00,יחידה,false,,5.90,0.0000,true,1,23742
90162800,false,רד בול משקה אנרגיה ללא סוכר פקדון 30 אג,רד בול ג'י.אם.בי. אץ,AT,רד בול ללא סוכר,מיליליטרים,250.00,"100 מ""ל",false,,5.90,0.0236,true,1,24742
90453427,false,"משקה אנרגיה רד בול פיטאיה 250 מ""ל",רד בול,,רד בול פיטאיה משקה א,מיליליטרים,250.00,"100 מ""ל",false,,5.90,0.0236,true,1,144172
96033531,false,"דאו דאב רול און רימונים ולואיזה 50 מ""ל",יוניליוור HPC,GB,דאב רולאון רימונים,מיליליטרים,50.00,"100 מ""ל",false,,16.90,0.3380,true,1,101568
96130339,false,"דאב - דאודורנט רול און לאישה 0% אלומיניום 50 מ""ל",יוניליוור פיליפינים,GB,דאודורנט דאב רול אור,מיליליטרים,50.00,"100 מ""ל",false,,16.90,0.3380,true,1,108534
1250120076,false,פסטה לנגוויני,,,פסטה לנגוויני,גרמים,500.00,100 גרם,false,,9.90,0.0198,true,1,10973
1250120120,false,פסטה ספגטי מס' 12,,,פסטה ספגטי מס' 12,גרמים,500.00,100 גרם,false,,9.90,0.0198,true,1,30679
1250120342,false,פסטה פוזילי מס' 34,,,פסטה פוזילי מס' 34,גרמים,500.00,100 גרם,false,,9.90,0.0198,true,1,34714
1250152336,false,פסטה דה צ'קו פטו,,,פסטה דה צ'קו פטו,גרמים,500.00,100 גרם,false,,13.90,0.0278,true,1,10976
1660126750,false,ארבייטו רופינו י,,,ארבייטו רופינו י,יחידה,750.00,יחידה,false,,39.90,0.0532,true,1,17649
4715020755,false,קישוטי עוגה פרינסס,,,קישוטי עוגה פרינסס,גרמים,75.00,100 גרם,false,,12.90,0.1720,true,1,33603
8112100298,false,"שמן שומשום טהור מזרח ומערב 185 מ""ל",Flavor full foods in,TW,שמן שומשום,יחידה,185.00,יחידה,false,,16.90,0.0914,true,1,33889
9073102314,false,"גלידה סורבט שרונס קוקוס 473מ""ל",מוצרי איכות אמריקאיים,IL,סורבה שרונס קוקוס,יחידה,385.00,יחידה,false,,18.90,0.0491,true,1,55278
9800800056,false,חטיף שוקולד עם מקלות לחם אנד גו,פררו - אלבה,DE,נוטלה GO,גרמים,52.00,100 גרם,false,,5.50,0.1058,true,1,83819
9915001227,false,פסטה מקמח תירס,,,פסטה מקמח תירס,יחידה,0.00,יחידה,false,,12.90,0.0000,true,1,47772
10900678148,false,דיאמונד רדיד אלומיניום נון סטיק,דיימונד,CN,דיאמונד רדיד אלומיני,יחידה,0.00,יחידה,false,,15.90,0.0000,true,1,142617
11182170603,false,קינג קול שעועית Butter לימה 439 גרם,הנובר פודס,US,שעועית חמאה,גרמים,439.00,100 גרם,false,,12.50,0.0285,true,1,54965
11182700916,false,קינג קול שעועית לבנה צפונית 439 גרם,הנובר פודס,US,שעועית לבנה צפונית,גרמים,439.00,100 גרם,false,,9.90,0.0226,true,1,42358
11182700923,false,קינג קול שעועית אדומה בהירה 439 גרם,הנובר פודס,US,שעועית אדומה בהירה,גרמים,439.00,100 גרם,false,,9.90,0.0226,true,1,41826
11182700954,false,קינג קול שעועית שחורה 439 גרם,האנאובר פודס קורפורשיין,US,שעועית שחורה 439 גר',גרמים,454.00,100 גרם,false,,9.90,0.0218,true,1,38794
11210000094,false,"רוטב ""טבסקו"" על בסיס פלפל אדום 60 מ""ל",מקאילהייני אייבורי,US,TABASCO טבסקו רוטב פ,מיליליטרים,60.00,"100 מ""ל",false,,11.00,0.1833,true,1,19753
11210009387,false,"רוטב פלפל ירוק טבסקו 60 מ""ל",מקאילהייני אייבורי,US,TABASCO רוטב טבסקו פ,יחידה,60.00,יחידה,false,,11.00,0.1833,true,1,20220
11210607040,false,טבסקו פלפל צפוטלי חריף 60 מל,מקאילהייני Mc.Ilhenn,US,טבסקו צ'יפוטלי,יחידה,60.00,יחידה,false,,11.00,0.1833,true,1,42069
11210698055,false,רוטב טבסקו סרירציה 566 גרם,מקאילהייני קו,US,טבסקו סיראגה חריף 56,מיליליטרים,566.00,"100 מ""ל",false,,25.90,0.0458,true,1,89109
11359630107,false,אבקה להכנת רוטב טאקו מעורב 35 גרם,,NL,אבקה להכנת רוטב לטאק,גרמים,35.00,100 גרם,false,,6.90,0.1971,true,1,141864
11359630138,false,אבקה להכנת רוטב צילי מקסיקני 40 גרם,,NL,אבקה להכנת רוטב צ'יל,גרמים,40.00,100 גרם,false,,6.90,0.1725,true,1,141994
11359630152,false,אבקה להכנת רוטב לבור,,NL,אבקה להכנת רוטב לבור,גרמים,35.00,100 גרם,false,,6.90,0.1971,true,1,141861
12300103138,false,סיגריות כאמל בוקס פק,Unknown,CH,פקט כאמל ריו פילטר ב,יחידה,0.00,יחידה,false,,300.00,0.0000,false,1,17707
13409128442,false,רוטב באפלו חריף לכנפיים 473 גרם,סוויט בייבי רייז שיק,US,רוטב בופלו לכנפיים,מיליליטרים,473.00,"100 מ""ל",false,,23.90,0.0505,true,1,104504
13409341155,false,רוטב ברביקיו דבש 510 גר סוויט בייבי רייס,סוויט בייבי רייז שיק,US,רוטב ברביקיו בטעם מע,גרמים,510.00,100 גרם,false,,21.90,0.0429,true,1,54700
13409918104,false,רוטב ברביקיו אורגינל 510 גר סוויט בייבי,סוויט בייבי רייז שיק,US,רוטב ברביקיו בטעם מע,גרמים,510.00,100 גרם,false,,21.90,0.0429,true,1,54703
14100074120,false,פפרידג' פארם עוגיות מילאנו 170 גרם,פפרידג פראם,,עוגיות מילנו,גרמים,170.00,100 גרם,false,,21.90,0.1288,true,1,76919
14100077084,false,עוגיות פפרידג פקאן מריר [ירוק],פפרידג פראם,US,עוגיות שוקולד צ'יפס,גרמים,206.00,100 גרם,false,,21.90,0.1063,true,1,39294
14100082033,false,עוגיות פפרידג בראוניז רכות קפטיבה (אדום),פפרידג פראם,,עוגיות בראוניס מרבה,גרמים,244.00,100 גרם,false,,21.90,0.0898,true,1,79117
16000185517,false,דגני בוקר פייבר וואן עתירי סובין FIBRE1,בטר אנד דיפרנט,US,פייבר וואן 555 גר,גרמים,555.00,100 גרם,false,,26.90,0.0485,false,1,142232
16000281684,false,חטיפי גרנולה קראנצ'י עם פקאן נייצ'ר ואלי 5*42 גרם,ליימן מותגים,US,שיבולת שועל פקאן 10x,גרמים,210.00,100 גרם,false,,19.00,0.0905,false,1,27558
16000423534,false,חטיפי גרנולה קראנצ'י עם שיבולת שועל ושוקולד מריר נייצ'ר ואלי 5*42 גרם,ג'נרל מילס סאן אדריאן,ES,שיבולת שועל קינמון 1,גרמים,210.00,100 גרם,false,,19.00,0.0905,false,1,40100
16000548404,false,חטיפי גרנולה קראנצ'י עם שיבולת שועל ודבש נייצ'ר ואלי 5*42 גרם,ג'נרל מילס סאן אדריאן,ES,שיבולת שועל בדבש ניי,גרמים,210.00,100 גרם,false,,19.00,0.0905,false,1,12866
16000548503,false,חטיפי גרנולה קראנצ'י עם מייפל וסוכר חום נייצ'ר ואלי 5*42 גרם,ג'נרל מילס סאן אדריאן,ES,שיבולת שועל נייצ'ר ו,גרמים,210.00,100 גרם,false,,19.00,0.0905,false,1,12868
16000548602,false,חטיפי גרנולה קראנצ'י קינמון נייצ'ר ואלי 5*24 גרם,ג'נרל מילס סאן אדריאן,ES,שיבולת שועל קינמון 1,גרמים,210.00,100 גרם,false,,19.00,0.0905,false,1,12870
16000548909,false,חטיפי גרנולה קראנצ'י במגוון טעמים נייצ'ר ואלי 5*42 גרם,ג'נרל מילס סאן אדריאן,ES,שיבולת שועל חמאת בוט,גרמים,210.00,100 גרם,false,,19.00,0.0905,false,1,12872
16229001711,false,מי קוקוס ארוי די ללא,תאי אגרי פוד,,נוזל קוקוס כשר,מיליליטרים,400.00,"100 מ""ל",false,,10.90,0.0273,true,1,50959
16229906207,false,מחית קארי אדום 400 ג,תאי אגרי פוד,,AROY-D ממרח קארי אד,גרמים,400.00,100 גרם,false,,14.90,0.0373,true,1,78085
16229909819,false,קרם קוקוס 1 ליטר AROY-D,תאי וורלד,,קרם קוקוס 1 ליטר,ליטרים,1.00,ליטר,false,,21.90,21.9000,true,1,95653
16229924263,false,"ארוי-די קרם קוקוס 250 מ""ל",תאי אגרי פוד פובליק קו'\,VN,"קרם קוקוס 250 מ""ל",מיליליטרים,250.00,"100 מ""ל",false,,9.50,0.0380,true,1,90223
17252502244,false,"סירופ פנקייק בוסקו 709 מ""ל",בוסקו פרודקטס,US,סירופ פנקייק,יחידה,709.00,יחידה,false,,18.90,0.0267,true,1,32754
18000701223,false,"פילסברי, עוגה בטעם שוקולד, תערובת להכנת עוגה בטעם שוקולד. 500 גרם",הדקלאים אגודת שיתופי,IL,תערובת לעוגת שוק,גרמים,550.00,100 גרם,false,,17.90,0.0325,true,1,12875
18000703494,false,"פילסברי, עוגה בטעם וניל, תערובת להכנת עוגה בטעם וניל. 500 גרם.",הדקלאים אגודת שיתופי,IL,תערובת לעוגה וני,גרמים,500.00,100 גרם,false,,17.90,0.0358,true,1,12876
18000766413,false,"פילסברי, עוגה בטעם שוקולד, תערובת להכנת עוגה בטעם שוקולד. 550 גרם.",הדקלאים אגודת שיתופי,IL,תערובת בראוניס,גרמים,550.00,100 גרם,false,,17.90,0.0325,true,1,12878
18787762165,false,ברונרס סבון נוזלי תינוקות ללא ריח 472 מל,וגה מוצרים טבעיים,US,סבון נוזלי לתינוקות,יחידה,472.00,יחידה,false,,45.90,0.0972,true,1,46386
18787764169,false,ברונרס סבון נוזלי לבנדר 472 מל,וגה מוצרים טבעיים,US,סבון נוזלי לבנדר דר,מיליליטרים,472.00,"100 מ""ל",false,,45.90,0.0972,true,1,38873
18787765166,false,סבון נוזלי מנטה אורגני,דר ברונר,US,סבון אמיתי מנטה מעור,מיליליטרים,472.00,"100 מ""ל",false,,45.90,0.0972,true,1,50446
18787767160,false,סבון נוזלי פריחת הדובדבן,דר ברונר,US,סבון נוזלי פריחת הדו,מיליליטרים,472.00,"100 מ""ל",false,,45.90,0.0972,true,1,77574
18787777169,false,סבון נוזלי תפוז ולימ,דר ברונר,US,סבון נוזלי תפוז דר ב,יחידה,472.00,יחידה,false,,45.90,0.0972,true,1,50429
18787782057,false,סבון מוצק לתינוקות ש,,,סבון מוצק לתינוקות,יחידה,0.00,יחידה,false,,21.00,0.0000,true,1,46457
18787783054,false,סבון מוצק אקליפטוס ש,,,סבון אמיתי אקליפטוס,גרמים,140.00,100 גרם,false,,21.00,0.1500,true,1,53798
18787784051,false,סבון מוצק לבנדר של ד,דר ברונר,US,סבון מוצק לבנדר דר ב,גרמים,140.00,100 גרם,false,,21.00,0.1500,true,1,37328
18787787052,false,סבון מוצק תפוז דר' ברונר,דר ברונר,US,סבון מוצק תפוז לימון,גרמים,140.00,100 גרם,false,,21.00,0.1500,true,1,48784
18787792056,false,סבון מוצק יסמין סנדלווד,דר ברונר,US,סבון אמיתי- סנדלווד,גרמים,140.00,100 גרם,false,,21.00,0.1500,true,1,76329
21200013393,false,"דבק דו צדדי רוחב 2.5 ס""מ",3m,,גליל דבק דו צדדי ספו,יחידה,0.00,יחידה,false,,29.90,0.0000,true,1,79051
21200471032,false,דבק דו צדדי ספוגי חז,3m,,דבק דו צדדי חזק במיו,יחידה,0.00,יחידה,false,,26.90,0.0000,true,1,83047
21200493720,false,סקוטש ברייט גליל ניירות דביקים 30 דף,,,סקוטש ברייט גליל ניי,יחידה,0.00,יחידה,false,,16.90,0.0000,true,1,144669
21200513152,false,"שלישיית ספוגי קרצוף עדינים ""סקוטש ברייט""",3M קנדה,CA,ספוג קרצוף שלישיה,יחידה,0.00,יחידה,false,,15.90,0.0000,true,1,39525
21200572357,false,שלישיית ספוגי קרצוף לניקוי חזק (ירוקים),M3,CA,שלישיית ספוגי קרצוף,יחידה,0.00,יחידה,false,,15.90,0.0000,true,1,31090
22200956932,false,דאודורנט ספיד סטיק גל 24/7 כחול 85 גר,הנסיך- מפעל לייצור ט,US,ספיד סטיק כחול ג'ל,גרמים,51.00,100 גרם,false,,19.90,0.3902,true,1,8026
22200956949,false,דאודורנט ג'ל כתום לגבר ספיד סטיק 85 גרם,קולגייט-פלמוליב,US,ספיד סטיק ג'ל כתום,גרמים,51.00,100 גרם,false,,19.90,0.3902,true,1,8027
23535995955,false,ממרח וניל טבעי מדאגס,לורן אויילס,US,ממרח ווניל טבעי 60 מ,מיליליטרים,60.00,"100 מ""ל",false,,49.90,0.8317,true,1,105444
23535996129,false,"תמצית וניל מדאגסקאר בורבון 60 מ""ל",לורן אויילס,US,תמצית וניל מדאגסקאר,מיליליטרים,60.00,"100 מ""ל",false,,51.90,0.8650,true,1,106998
24100226429,false,סנשיין קרקר ציז איט אורגינל קטן 127 גרם,קיבלר,,קרקר צ'יז היט אוריג',גרמים,127.00,100 גרם,false,,9.90,0.0780,true,1,87574
24463061095,false,רוטב פלפל צ'ילי חריף לחיץ 435 ג' סריראצה,הוי פונג פודס,,סריראצ'ה רוטב פלפל צ,יחידה,482.00,יחידה,false,,27.90,0.0579,true,1,38447
25638710022,false,תמצית וניל 59ג',,,תמצית וניל 59ג',יחידה,0.00,יחידה,false,,49.90,0.0000,true,1,47782
25675120006,false,חמצוצים 4 צבעים טעמים טבעי 100 גרם,פאסין ב.ו,NL,חמצוצים 4 טעמים טבעי,גרמים,100.00,100 גרם,false,,9.90,0.0990,true,1,37571
25675120037,false,מקלות חמצוצים תות פשקז 100 גרם,פאסין,NL,מקלות חמוצים תות,גרמים,100.00,100 גרם,false,,8.90,0.0890,true,1,14592
25675120044,false,מקלות חמצוצים תפוח עץ פשקז 100 גרם,פשקז Paskesz,NL,מקלות חמוצים,גרמים,100.00,100 גרם,false,,8.90,0.0890,true,1,14593
25675120068,false,מקלות חמצוצים בטעם קולה פשקז 100 גרם,פשקז Paskesz,NL,מקלות חמוצים,גרמים,100.00,100 גרם,false,,8.90,0.0890,true,1,14594
25675121041,false,סאוור בלטס Sour Belts בטעם אוכמניות,פשקז Paskesz,NL,חמצוצים רחב פטל,גרמים,115.00,100 גרם,false,,9.90,0.0861,true,1,37570
25675121058,false,"חמצוצים רחבים תפו""ע 115 גר",חמצוצים,NL,"חמצוצים רחב תפו""ע",גרמים,115.00,100 גרם,false,,9.90,0.0861,true,1,36611
25675301207,false,מקלות חמוצים חמצוצים תפוח עץ 50 גרם,פשקז Paskesz,NL,מקלות חמוצות 50,גרמים,50.00,100 גרם,false,,4.90,0.0980,true,1,14597
25675502079,false,דקיקי שוקולד מנטה מילוי קרם תפוז 200 גרם,,,דקיקי שוקולד קרם תפו,גרמים,200.00,100 גרם,false,,19.90,0.0995,true,1,146217
25700005650,false,שקיות הקפאה גדולות- 14 יח' זיפלוק,אס.סי.גונסון ובניו,US,זיפלוק שקיות הקפאה ג,יחידה,0.00,יחידה,false,,13.90,0.0000,true,1,104233
25700005674,false,זיפלוק שקיות אחסון סליידר גדולות 15 יחידות,אס.סי.ג'\ונסון מידרכט,US,זיפלוק שקיות אחסון ס,יחידה,0.00,יחידה,false,,16.90,0.0000,true,1,104234
25700005681,false,זיפלוק שקיות אחסון סליידר בינוניות 20 יחידות,אס.סי גונוסון,US,זיפלוק שקיות אחסון ס,יחידה,0.00,יחידה,false,,16.90,0.0000,true,1,104235
25700005698,false,זיפלוק שקיות אחסון בינוניות 24 יחידות,אס.סי.גונסון ובניו,US,זיפלוק שקיות אחסון ב,יחידה,0.00,יחידה,false,,13.90,0.0000,true,1,104230
29424000687,false,גלילי ופל מנעמים אגוז 100גר,מנעמים,,גלילי וופל אגוז 100,גרמים,100.00,100 גרם,false,,4.00,0.0400,true,1,42243
29801025203,false,עוגיות חמאה קריספי - ב. באטרס 200 גר,HAMLET NV,,בלגיאן באטר וופלס,גרמים,200.00,100 גרם,false,,14.90,0.0745,true,1,33856
30000315958,false,קוואקר פרוטאין בננה אגוזים 366 גרם,קוואקר אוטס קומפני,US,קוואקר פרוטאין בננה,גרמים,366.00,100 גרם,false,,23.90,0.0653,true,1,96703
30000315989,false,קוואקר פרוטאין חמוציות ושקדים 372 גרם,קוואקר אוטס קומפני,US,קוואקר פרוטאין חמוצי,גרמים,372.00,100 גרם,false,,23.90,0.0642,true,1,96704
30100472414,false,סנדוויץ קרקר קלאב צדר 311 גרם,קיבלר,,קרקר סנדוויץ' עם צ'ד,גרמים,311.00,100 גרם,false,,21.90,0.0704,true,1,75709
30100487180,false,קיבלר 8 סנדוויץ קרקר גבינה וצדר 311 גרם,קיבלר,,קרקר סנדויץ קיבלר צא,גרמים,311.00,100 גרם,false,,21.90,0.0704,true,1,98410
31200001597,false,חמוציות אושן ספריי קליית גת בשקית 170 גרם,אושן ספריי,US,חמוציות מיובשות,גרמים,170.00,100 גרם,false,,11.50,0.0676,true,1,12887
31290140237,false,שוקולד חלב סטיקס 90 גרם,"אולקר מקבוצת פלאדיס, ציק",TR,שוקולד חלב גודייבה,גרמים,90.00,100 גרם,false,,14.50,0.1611,true,1,102826
33200147701,false,פרש&סופט דפים למייבש בניחוח טרופי 100 יח,פרש אנד סופט Frash'n soft,US,דפים למייבש כביסה,יחידה,0.00,יחידה,false,,26.90,0.0000,true,1,6947
33617322616,false,פת פריכה מקמח שיפון ואזה 270 גרם,כלורוקס אוקלנד,SE,ואזה-פת פריכה קלה מק,גרמים,270.00,100 גרם,false,,16.90,0.0626,true,1,42843
33617340610,false,קרקר ואזה 203-275 גרם מקמח שיפון 275,כלורוקס אוקלנד,SE,ואזה מקמח שיפון,גרמים,275.00,100 גרם,false,,16.90,0.0615,true,1,45388
34000148301,false,הרשי נטיפי שוקולד מריר לאפייה 340 גר,ליימן מותגים,US,הרשי נטיפי שוקולד מר,גרמים,340.00,100 גרם,false,,17.90,0.0526,true,1,87217
34000196173,false,הרשי טבלה XL בטעם שוקולד לבן עם שברי עוגיות 113 גרם,ליימן מותגים,US,הרשי קוקיס קרם טבלה,גרמים,113.00,100 גרם,false,,7.90,0.0699,true,1,77742
34000442652,false,ריזס טבלה בטעם שוקולד ממולאת קרם בוטנים 120 גרם,ליימן מותגים,US,ריזס טבלה XL,גרמים,120.00,100 גרם,false,,7.90,0.0658,true,1,77743
34000446001,false,ריזס מיניאטורס- חטיף שוקולד במילוי חמאת בוטנים 150 גרם,ליימן מותגים,,ריזס מיניס עטופים,יחידה,0.00,יחידה,false,,9.40,0.0000,true,1,53573
34000470228,false,ריזס מיניס חטיף שוקולד במילוי חמאת בוטנים 70 גרם,הרשי,US,סוכריות ריזס מיני הר,גרמים,70.00,100 גרם,false,,5.90,0.0843,true,1,53341
34000470563,false,ריסז מיניס באריזה משפחתית 215 גרם,ליימן מותגים,US,ריסז מיניס באריזה מש,גרמים,215.00,100 גרם,false,,17.90,0.0833,true,1,97653
34000544028,false,סוכריות ארוכות בטעם תות טוויזלרס Twizzlers,ליימן מותגים,US,לקריץ תות שדה,גרמים,198.00,100 גרם,false,,7.20,0.0364,true,1,25058
34000544431,false,ממתקי הרשיז טוויזלרס טעם דובדבן 172 גרם,ליימן מותגים,US,טוויזלרס דובדבן 172,גרמים,172.00,100 גרם,false,,7.90,0.0459,true,1,103158
34000996643,false,הרשי דרופס באריזה משפחתית 215 גרם,ליימן מותגים,US,הרשי דרופס באריזה מש,גרמים,215.00,100 גרם,false,,17.90,0.0833,true,1,97654
36000516876,false,ממחטות נייר קלינקס לושן 3 שכבות 75 דף,חוגלה קימברלי,US,קלינקס לושן 75 3 שכב,יחידה,0.00,יחידה,false,,10.90,0.0000,true,1,99551
37290016565,false,חסה משי,,,חסה משי,יחידה,0.00,יחידה,false,,11.50,0.0000,true,1,102829
37600207188,false,חמאת בוטנים קלאסי סקיפי 462 גרם,חברת המזון אלגוד,US,חמאת בוטנים סקיפי קל,גרמים,462.00,100 גרם,false,,19.90,0.0431,false,1,57131
37600207256,false,חמאת בוטנים עם שברי בוטנים סקיפי 462 גרם,חברת המזון אלגוד,US,סקיפי שברי בוטנים,גרמים,462.00,100 גרם,false,,19.90,0.0431,false,1,57132
37600207287,false,סקיפי חמאת בוטנים בטעם דבש 462 גרם,חברת המזון אלגוד.,US,סקיפי עם דבש 462 גר,גרמים,462.00,100 גרם,false,,19.90,0.0431,true,1,88418
37600297943,false,מטבל סלסה חריף- צ'י צ'י 439 גר,מותגים,US,מטבל סלסה חריפה,גרמים,439.00,100 גרם,false,,19.90,0.0453,true,1,146188
37600297967,false,מטבל סלסה בחריפות עדינה ציי צי 439 גר,מותגים,US,סלסה מטבל עגבניות בח,גרמים,439.00,100 גרם,false,,19.90,0.0453,true,1,146189
37977005288,false,מאם מוצצים סיליקון 6+ תכלת לבן,מאם Mam,HU,מוצצים קריסטל 6+ בני,יחידה,0.00,יחידה,false,,34.90,0.0000,true,1,83381
38000138638,false,חטיף צ'יפס פרינגלס פיצה 158 גרם,פרינגלס מנופקצ'ורינג קונ,US,פרינגלס פיצה 158 גר,גרמים,158.00,100 גרם,false,,8.90,0.0563,false,1,85803
38000138874,false,פרינגלס חלפינו 158 גרם,פרינגלס מנופקצ'ורינג קונ,US,פרינגלס חלפיניו 158,גרמים,158.00,100 גרם,false,,8.90,0.0563,false,1,85804
38000183928,false,פרינגלס חרדל ודבש 158 גרם,פרינגלס מניופקצ'ורינ,US,פרינגלס דבש וחרדל 15,גרמים,158.00,100 גרם,false,,8.90,0.0563,false,1,106424
38000202278,false,חטיף צ'יפס גלי בטעם אורגינל מלוח,פרינגלס מניופקצ'\ורינג ק,US,פרינגלס גלי בטעם אור,גרמים,130.00,100 גרם,false,,8.90,0.0685,false,1,104120
38000232152,false,פרינגלס חטיפי תפוח אדמה בטעם ברביקיו 158 גרם,פרינגלס מנופקצ'ורינג קומ,US,פרינגלס ביג ברביקיו,גרמים,158.00,100 גרם,false,,8.90,0.0563,false,1,100295
38000232176,false,פרינגלס ביג שמנת בצל 158 גרם,פרינגלס מנופקצ'ורינג קונ,US,פרינגלס ביג שמנת בצל,גרמים,158.00,100 גרם,false,,8.90,0.0563,false,1,100293
38000232183,false,פרינגלס ביג אורגינל 149 גרם,פרינגלס מנופקצ'ורינג קונ,US,פרינגלס ביג אורגינל,גרמים,149.00,100 גרם,false,,8.90,0.0597,false,1,100294
38527591053,false,קואקר דגנים מרובעים שיבולת שועל וקינמון,קוואקר אוטס קומפני,US,דגני בוקר קואקר מרוב,גרמים,453.00,100 גרם,false,,19.90,0.0439,false,1,43658
38527591060,false,דגני קוואקר מרובעים Quaker Squares עם סוכר חום,קוואקר אוטס קומפני,US,דגני בוקר מרובעים 41,גרמים,412.00,100 גרם,false,,19.90,0.0483,false,1,44011
38900779238,false,מיץ אננס דול רביעיות 4*250 מל,דול פיליפינים אינק,PH,מיץ אננס רביעייה דול,ליטרים,1.00,ליטר,false,,15.90,15.9000,true,1,36332
39000008006,false,אורטגה טאקו SHELL מקסיקני 164 גרם,בי אנד ג'י,US,טאקו מקסיקני,יחידה,0.00,יחידה,false,,19.90,0.0000,true,1,77862
39000010351,false,פלפל חלפיניו בצנצנת אורטגה 340 גרם,בי אנד ג'י,,אורטגה-פלפלים חריפים,גרמים,354.00,100 גרם,false,,17.90,0.0506,true,1,76735
39047001152,false,ווקרס עוגיות חמאה פינגרס 150 גרם,,GB,עוגיות חמאה אצבע,גרמים,150.00,100 גרם,false,,17.50,0.1167,true,1,47457
39047001459,false,ווקרס עוגיות היילנדר,,,ווקרס עוגיות היילנדר,גרמים,135.00,100 גרם,false,,17.50,0.1296,true,1,89019
39047005426,false,ווקרס ביסקוויט גינגר 150 גרם,,GB,בסקוויט עם גינגר 150,גרמים,150.00,100 גרם,false,,17.50,0.1167,true,1,48962
39047005440,false,ווקרס ביסקוויט שוקולד +אגוזי לוז 150 גרם,,,ווקרס ביסקוויט עם שו,גרמים,150.00,100 גרם,false,,17.50,0.1167,true,1,88290
39047050730,false,ווקרס עוגיות שוקולד,,,ווקרס עוגיות שוקולד,גרמים,150.00,100 גרם,false,,17.50,0.1167,true,1,97924
40000513568,false,סוכריות אם אנד אמס M&M שוקולד חלב,M&M אם אנד אם,US,סוכריות אם אנד אם 15,גרמים,155.90,100 גרם,false,,11.90,0.0763,true,1,87195
40000514480,false,M&M אריזה קטנה's שוקולד אריזה קטנה 48 גרם,M&M אם אנד אם,US,סוכריות אם אנד אם 48,גרמים,48.00,100 גרם,false,,4.90,0.1021,true,1,84212
40000514510,false,M&M אריזה קטנה's בוטנים אריזה קטנה 49 גרם,M&M אם אנד אם,US,סוכריות אם אנד אם פי,גרמים,49.00,100 גרם,false,,4.90,0.1000,true,1,83080
41143028681,false,צימוקים בקופסא סאן מייד 400 גר',,US,צימוקים בקופסא,גרמים,400.00,100 גרם,false,,21.90,0.0547,true,1,103055
41143299081,false,שזיפים מגולענים 198 גר SUN MAID,,US,שזיפים מגולענים,גרמים,198.00,100 גרם,false,,17.90,0.0904,true,1,103061
41152282012,false,רוביקיסט רוטב חמוציות שלם בפחית 397 גרם,קלמנט פאפס,US,רוטב קרנברי שלם,גרמים,454.00,100 גרם,false,,12.90,0.0284,true,1,32762
41190045600,false,שופרייט דגנים פצפוצי אורז סקראנצ'י 340 ג,ווקפרן פוד,US,שופ רייט קריספי רייס,גרמים,340.00,100 גרם,false,,24.90,0.0732,true,1,45008
41390000058,false,"רוטב טריאקי קיקומן 296 מ""ל",קיקומן פודז אינק,US,רוטב טריאקי,יחידה,296.00,יחידה,false,,13.90,0.0470,true,1,9509
41390001079,false,"רוטב סויה קיקומן מופחת נתרן 444 מ""ל",קיקומן פודז אינק,US,רוטב סויה דל נתרן 44,מיליליטרים,444.00,"100 מ""ל",false,,19.90,0.0448,true,1,58176
41390001451,false,רוטב סויה קיקומן 1.2 קילו,קיקומן פודז אינק,US,רוטב סויה קיקומן 1.2,ליטרים,1.20,ליטר,false,,39.90,33.2500,true,1,11510
41390010309,false,"רוטב טריאקי קיקומן 444 מ""ל",קיקומן פודז אינק,US,"רוטב טריאקי 444 מ""ל",מיליליטרים,444.00,"100 מ""ל",false,,19.90,0.0448,true,1,58239
41500805023,false,"רוטב פלפל רד האט 354 מ""ל",רקיט בנקיזר,,RED HOT רוטב פלפלים,מיליליטרים,354.00,"100 מ""ל",false,,22.90,0.0647,true,1,28618
41501008034,false,אורטגה טאקו מקסיקני מתירס מלא 164 גרם,בי אנד ג'י,,טאקו מקסיקני ללא גלו,גרמים,140.00,100 גרם,false,,19.90,0.1421,true,1,58141
41501009222,false,עלי טורטייה קמח מלא,,,עלי טורטייה קמח מלא,גרמים,454.00,100 גרם,false,,19.90,0.0438,true,1,49711
41570113059,false,בלו דיאמנד משקה שקדים אורגינל 1 ליטר,בלו דיאמונד,ZA,חלב שקדים אורגינל לל,ליטרים,1.00,ליטר,false,,18.90,18.9000,true,1,100368
41570113066,false,בלו דיאמנד משקה שקדים אוריגינל ללא תוספת סוכר 1 ליטר,בלו דיאמונד,ZA,חלב שקדים בלו דיאמונ,ליטרים,1.00,ליטר,false,,18.90,18.9000,true,1,93798
41570113080,false,בלו דיאמנד משקה שקדים בטעם וניל ללא תוספת סוכר 1 ליטר,בלו דיאמונד,ZA,חלב שקדים וניל ללא ס,ליטרים,1.00,ליטר,false,,18.90,18.9000,true,1,103109
42400108153,false,דגני בוקר צבעוניים בטעם פירות טוטי פרוטיס,פוסט ארצות הברית,US,דגני תותי פרוטי פוסט,גרמים,354.00,100 גרם,false,,21.90,0.0619,true,1,105006
44600002217,false,"נוזל לפתיחת סתימות 946 מ""ל",ליקוויד פלמר,,כלורקס משחרר סתי,יחידה,946.00,יחידה,false,,27.90,0.0295,true,1,6949
46214372250,false,"עוגיות שטרודל פריכות תפו""ע וצימוקים",מרבה Merba,NL,עוגיות שטרודל פר,גרמים,225.00,100 גרם,false,,8.90,0.0396,true,1,16578
46214382259,false,עוגיות בראוניס שוקולד 225 ג',בנקטבקריי מרבה בי.וי,NL,עוגיות בראוניס,גרמים,225.00,100 גרם,false,,8.90,0.0396,true,1,16579
46214731552,false,עוגיות שוקולד צ'יפס 37% גודיס 225 גרם,קריניציה ויטמינה אס,NL,עוגיות שוקולד צ'יפס,גרמים,225.00,100 גרם,false,,8.90,0.0396,true,1,16580
47495112559,false,חטיף תאנים תפוח קינמ,,,חטיף תאנים תפוח קינמ,גרמים,56.00,100 גרם,false,,8.90,0.1589,true,1,92091
48256214758,false,מסיר כתמים קשים לכביסה לבנה וצבעונית,יעקבי- אסטוניש Astonish,GB,אסטוניש אבקת הפל,קילוגרמים,1.00,"ק""ג",false,,25.90,25.9000,true,1,13818
50000015474,false,"מזון חתולים פריסקיז מעדני הים 1.43 ק""ג",פריסקיז,US,פריקסקיז פירות ים,קילוגרמים,1.40,"ק""ג",false,,37.90,27.0714,true,1,6626
50000084500,false,מזון יבש לחתול בטעם נתחי ברביקיו פריסקיז Friskies,נסטלה פורינה USA מק,US,פריסקיז מעדני השף,קילוגרמים,1.42,"ק""ג",false,,37.90,26.6901,true,1,24870
50000100347,false,"פריסקיז - מעדני החתול מועשר בחלב 1.40 ק""ג",נסטלה פורינה USA מק,US,פריסקיז מעדני החתול,קילוגרמים,1.40,"ק""ג",false,,37.90,27.0714,true,1,20833
50000170180,false,מזון חתולים פריסקיז עוף ברוטב 156 גרם,נסטלה פורינה USA קר,US,פריסקיז עוף ברוטב,גרמים,156.00,100 גרם,false,,6.20,0.0397,true,1,80068
50000225224,false,מזול חתולים פריסקיז פילה הודו ברוטב 156 גרם,נסטלה פורינה USA קר,US,פריסקיז פריים פילה ה,גרמים,156.00,100 גרם,false,,6.20,0.0397,true,1,80069
50000238910,false,פריסקיז פארטי מיקס אוריגי'נל קראנץ10*60גרם,נטסלה פורינה פטקר ארצות,US,פריסקיז פארטי מיקס א,גרמים,59.00,100 גרם,false,,11.50,0.1949,true,1,144638
50000292592,false,פנסי פיסט לחתול סלמון וסול ברוטב עשיר 85ג',נסטלה פורינה USA סט,US,פנסי פיסט שימורי חתו,גרמים,85.00,100 גרם,false,,6.00,0.0706,true,1,81095
50000397587,false,אבקה להכנת שוקו חלבי 6 שקיות 121 ג' Nestle,נסטלה,US,נסטלה- אבקת שוקו,גרמים,121.20,100 גרם,false,,18.90,0.1559,true,1,81168
50000429646,false,פריסקיז פנסי פיסט לח דג אוקיאנוס 85 גרם,נסטלה פורינה USA ג',US,פנסי פיסט דגי אוקיינ,גרמים,85.00,100 גרם,false,,6.00,0.0706,true,1,27756
50000445691,false,מזול חתולים פריסקיז עוף וסלמון ברוטב 156 גרם,נסטלה פורינה USA קר,US,פרסקיז נתחי עוף וסלמ,גרמים,156.00,100 גרם,false,,6.20,0.0397,true,1,46874
51131651425,false,מתלה גדול כולל דבק,3m,,מתלה גדול כולל דבק,יחידה,0.00,יחידה,false,,15.90,0.0000,true,1,79053
51131978393,false,זוג שפורפרות סופר גלו גל 4 גר,Unknown,,זוג שפורפרות סופר גל,יחידה,0.00,יחידה,false,,15.90,0.0000,true,1,79057
51135807514,false,סופר גלו נוזלי 4 שפופרות,Unknown,,סופר גלו נוזלי,יחידה,0.00,יחידה,false,,17.90,0.0000,true,1,79094
51141917733,false,סופר גלו נוזלי 4 גר המשחרר טיפה אחת,3m,,סופר גלו נוזלי,יחידה,0.00,יחידה,false,,23.90,0.0000,true,1,79060
51500000793,false,קונפיטורת אוכמניות סמקרס,,IL,קונפיטורה אוכמניות 3,גרמים,340.00,100 גרם,false,,17.90,0.0526,true,1,107592
51500000816,false,קונפיטורת דובדבנים סמקרס,,IL,קונפיטורה דובדבנים 3,גרמים,340.00,100 גרם,false,,17.90,0.0526,true,1,107593
51500000953,false,קונפיטורת תות שדה סמקרס,,IL,קונפיטורה תות שדה 34,גרמים,340.00,100 גרם,false,,17.90,0.0526,true,1,107594
51500017005,false,סמארקס חמאת בוטנים 454 גר,סמאקרס,US,חמאת בוטנים 454 גר',גרמים,454.00,100 גרם,false,,21.90,0.0482,true,1,145926
51500255162,false,"חמאת בוטנים לל""ג JIF אריזת 454ג'",ג'י.אס.קיי קונסיומר,US,חמאת בוטנים חלקה 454,גרמים,454.00,100 גרם,false,,18.90,0.0416,true,1,83775
52000328660,false,"משקה ספורט בטעם פונץ פירות ""גטורייד"" 591 מ""ל",פפסי קולה ג'נרל בוטל,US,גטורייד משקה תפוז,יחידה,590.00,יחידה,false,,10.90,0.0185,true,1,88203
52100002460,false,תערובת תיבול לעוף ודג 77 גר,מקרומיק,US,תערובת תיבול לעוף וד,גרמים,77.00,100 גרם,false,,18.90,0.2455,true,1,93212
52100004389,false,קנמון טחון מקורמיק 6,מקורמיק,US,קינמון טחון,גרמים,67.00,100 גרם,false,,21.90,0.3269,true,1,95675
52100004426,false,מקלות קינמון מקורמיק,,US,מקלות קינמון,גרמים,21.00,100 גרם,false,,25.90,1.2333,true,1,93217
52100004488,false,פפריקה מקורמיק 60 גרם,מקרומיק,US,פפריקה,גרמים,60.00,100 גרם,false,,21.00,0.3500,true,1,93219
52100006468,false,אבקת בצל מקורמיק 56.,,US,גבישי בצל,גרמים,56.00,100 גרם,false,,16.90,0.3018,true,1,93222
52100030043,false,פלפל שחור טחון גס 42 גרם,מקורמיק אנ גו,US,פלפל שחור טחון גס,גרמים,42.00,100 גרם,false,,18.90,0.4500,true,1,93227
52100030234,false,פלפל שחור שלם מקורמי,מקרומיק,US,פלפל שחור שלם,גרמים,53.00,100 גרם,false,,25.90,0.4887,true,1,93228
52100041155,false,תערובת מלח הימליה ורוד פלפל ושום 184 גר,מקורמיק,US,תערובת תיבול מלח הימ,גרמים,184.00,100 גרם,false,,25.90,0.1408,true,1,95674
52100070643,false,"תמצית בטעם שקדים 29 מ""ל",מקורמיק,US,תמצית בטעם שקדים,גרמים,29.00,100 גרם,false,,10.90,0.3759,true,1,93229
52100070827,false,"תמצית רום מקורמיק 29 מ""ל",מקרומיק תבלינים,US,תמצית בטעם רום,יחידה,29.00,יחידה,false,,10.90,0.3759,false,1,37193
52100070865,false,"תמצית וניל טהור מקורמיק 29 מ""ל",מקורמיק האנט ואלי,US,תמצית וניל טהורה,גרמים,28.00,100 גרם,false,,29.90,1.0679,false,1,9534
52100070995,false,"תמצית בטעם וניל 59 מ""ל",מקורמיק,US,תמצית טעם וניל,גרמים,59.00,100 גרם,false,,10.90,0.1847,true,1,93230
52100071138,false,תבלין אורגנו (אורגנו,מקרומיק תבלינים,US,תבלין אורגנו (אורגנו,גרמים,38.00,100 גרם,false,,18.90,0.4974,false,1,26232
52100142593,false,תערובת תיבול להמבורגר 77 גר,מקרומיק תבלינים,US,תבלין גריל להמבורגר,גרמים,77.00,100 גרם,false,,18.90,0.2455,true,1,93555
52100746043,false,תערובת פלפלים במטחנה 24 גר,מקורמיק האנט ואלי,FR,מקורמיק-פלפלים שלמים,גרמים,24.00,100 גרם,false,,16.90,0.7042,false,1,41305
55369901284,false,"רסק תפו""ע מנגו ואפרס",ליהי אורצרד אינק,,"רסק תפו""ע מנגו ואפרס",גרמים,452.00,100 גרם,false,,13.90,0.0308,true,1,58417
55369901673,false,אפלסנקס רביעיות רסק תפוחי עץ אפרסק ללא תוספת סוכר,ליייהי אורצ'רדס,CA,רסק תפוחים ואפרסק אפ,גרמים,452.00,100 גרם,false,,13.90,0.0308,true,1,46417
55369901703,false,"רסק אפל סנקס תפו""ע תות שדה לל""ס מארז 113X4ג'",ליייהי אורצ'רדס,CA,רסק אפלסנקס תפוח עץ,גרמים,452.00,100 גרם,false,,13.90,0.0308,true,1,46418
55369902342,false,אפלסנקס צנצנת רסק תפוחי עץ ממותק בסגנון ביתי 680 גרם עברית,לייהי אורצ'רדס,CA,רסק תפוח עץ בצנצנת 7,גרמים,709.00,100 גרם,false,,13.90,0.0196,true,1,20216
55369902557,false,אפלסנקס רביעיות רסק תפוחי עץ ממותק בסגנון ביתי עברית,ליייהי אורצ'רדס,CA,מחית תפוחי עץ בסגנון,גרמים,452.00,100 גרם,false,,13.90,0.0308,true,1,36565
55369902564,false,אפלסנקס רביעיות רסק תפוחי עץ ללא תוספת סוכר עברית,ליייהי אורצ'רדס,CA,"רסק תפו""ע אפלסנקס לל",גרמים,452.00,100 גרם,false,,13.90,0.0308,true,1,33769
55369903295,false,אפלסנקס צנצנת רסק תפוחי עץ ללא תוספת סוכר 652 גרם עברית אישור א.י.ל לחולי סוכרת,לייהי אורצ'רדס,CA,"מחית תפו""ע לא ממותק",גרמים,652.00,100 גרם,false,,13.90,0.0213,true,1,78379
55500012046,false,כלורוקס קלין אפ מרסס נוזל לניקוי רב תכלי,כלורוקס אוקלנד,US,מרסס קלין אפ 946,מיליליטרים,946.00,"100 מ""ל",false,,25.90,0.0274,true,1,6968
56594009998,false,ניוואה סבון מוצק מטפח קרם קר רביעייה,ביירסדורף,DE,ניוואה רביעיית סבון,מיליליטרים,400.00,"100 מ""ל",false,,15.90,0.0398,true,1,144606
58449450009,false,דייסת אינסטנט מיקס אורגנ,נייטשר פאת'\,US,דייסת שיבולת שועל מי,גרמים,400.00,100 גרם,false,,26.90,0.0672,true,1,80028
58449450047,false,דייסת שיבולת שועל תפוח קינמון 400 גרם,נייצר וואלי,US,דייסת שיבולת שועל תפ,גרמים,400.00,100 גרם,false,,26.90,0.0672,true,1,78918
58449770206,false,הריטג' מולטיגריין דגנ375,נייטשר פאת'\,GB,דגני הריטאג מולטיגרי,גרמים,375.00,100 גרם,false,,23.90,0.0637,true,1,89471
58449771531,false,סאן רייס קראנצ מייפל 300 גרם,נייטשר פאת',US,סנרייז קרנצ'י מייפל,גרמים,300.00,100 גרם,false,,26.90,0.0897,true,1,46071
58449771807,false,גרנולה ש.מריר ופירות יער אורגני 325 גרם,,US,גרנולה אורגנית עם שו,גרמים,325.00,100 גרם,false,,29.90,0.0920,true,1,101445
58449771821,false,גרנולה תפוחים פקאן קינמון אורגני 325 גר,,US,גרנולה אורגנית קראמב,גרמים,325.00,100 גרם,false,,29.90,0.0920,true,1,101446
58449771982,false,גרנולה שוקולד מריר וקוקוס אורגני 325 גר,,US,גרנולה אורגנית עם שו,גרמים,325.00,100 גרם,false,,29.90,0.0920,true,1,101447
58449860013,false,דגני אמאזון 325גר ללא גלוטן,נאטשר פאת פוד,IL,דגני אמאזון 400 גרם,גרמים,400.00,100 גרם,false,,23.90,0.0597,true,1,41848
58449860020,false,"גורחלה מאנצ' דגני בוקר natures path לל""ג 284 גרם",נאטשר פאת פוד,US,גורילה מאנצ' קור,גרמים,284.00,100 גרם,false,,23.90,0.0842,true,1,44744
58449860037,false,"קואלה קריספי דגני בוקר natures path לל""ג 325 גרם",מולינו ניקולי s.p.a,US,קואלה קריספ פיצפ,גרמים,326.00,100 גרם,false,,23.90,0.0733,true,1,41849
58449860075,false,כדורי למור בטעם חמאת בוטנים ושוקולד ללא גלוטן,נאטשר פאת פוד,US,כדורי למור אורגניים,גרמים,284.00,100 גרם,false,,23.90,0.0842,true,1,56646
58449870241,false,"שוקו שימפס דגני בוקר natures path לל""ג 284 גרם",נאטשר פאת פוד,US,דגני שוקו שימפס כדור,גרמים,284.00,100 גרם,false,,23.90,0.0842,true,1,101448
62558202381,false,"ארגני טהור 236 מ""ל {12 כשר} b סירופ מייפל",דיקסר קוויבק,CA,סירופ מייפל אמיתי או,מיליליטרים,236.00,"100 מ""ל",false,,27.90,0.1182,true,1,90703
63435703274,false,נייר טואלט רויאל אולטרא 3 שכבות 8 גל,מגסטה,CA,רויאל נייר טואלט אול,יחידה,0.00,יחידה,false,,31.90,0.0000,true,1,98328
63435711033,false,רויאל טישו 3 שכבות 88 אולטרא,מגסטה,CA,רויאל טישו 3 שכבות,יחידה,0.00,יחידה,false,,7.90,0.0000,true,1,107184
64144090013,false,פאם תרסיס על בסיס שמן קנולה בטעם חמאה,קונאגרה פודס,US,שמן פאם חמאה,יחידה,0.00,יחידה,false,,18.00,0.0000,false,1,45476
64144090020,false,"ספריי שמן PAM בטעם שמן זית 141 מ""ל",קונאגרה פודס,US,שמן פאם שמן זית,יחידה,0.00,יחידה,false,,18.00,0.0000,false,1,45477
64144090051,false,"ספריי שמן PAM קנולה אורגינל 148 מ""ל",קונאגרה פודס,US,שמן פאם קנולה 148 גר,גרמים,148.00,100 גרם,false,,18.00,0.1216,false,1,58558
70177077693,false,תה אנגליש ברקפסט 25 שקיות טוינינגס 50 גר,אר. טווינינגס אנד קומפני,PL,טוינינג- אינגליש ברק,גרמים,50.00,100 גרם,false,,16.90,0.3380,true,1,77393
70177078744,false,תה אינגליש ברקפסט נטול קפאין 25 שקיקי,טווינינגס Twinings,PL,תה טווינינג אינגליש,גרמים,50.00,100 גרם,false,,18.90,0.3780,true,1,79907
70177078775,false,תה ליידי גריי טוויני,טווינינגס Twinings,,טוינינג- ליידי גריי,גרמים,50.00,100 גרם,false,,16.90,0.3380,true,1,77394
70177078904,false,תה אנגליש ברקפסט 50 שקיות טוינינגס,אר. טווינינגס אנד קומפני,PL,טוינינג אינגליש ברקפ,גרמים,100.00,100 גרם,false,,31.90,0.3190,true,1,80458
70177078966,false,תה ארל גריי 50 שקיות טוינינגס,אר. טווינינגס אנד קומפני,PL,טוינינג ארל גריי,גרמים,100.00,100 גרם,false,,31.90,0.3190,true,1,80459
70177086664,false,תה ירוק טהור 25 שק TWININGS,אר. טווינינגס אנד קומפני,PL,תה ירוק טהור 25 שק',גרמים,50.00,100 גרם,false,,18.90,0.3780,true,1,77675
70177173166,false,תה יסמין ירוק 25 שקיקים TWININGS,אר. טווינינגס אנד קומפני,PL,תה טויני יסמין 25 שק,גרמים,50.00,100 גרם,false,,18.90,0.3780,true,1,80979
70177176914,false,תה טווינינג ארל גריי נטול קפאין 25 שקיקי,טווינינגס Twinings,,תה ארלגריי 25 שקיקים,גרמים,50.00,100 גרם,false,,18.90,0.3780,true,1,96596
70177177669,false,חליטה למון גינגר 30 גרם טווינינג,אר. טווינינגס אנד קומפני,PL,חליטת למון ג'ינג'ר,גרמים,30.00,100 גרם,false,,15.90,0.5300,true,1,93626
70177177683,false,חליטה קמומיל האני 30 גרם טווינינג,אר. טווינינגס אנד קומפני,PL,תה חליטת קמומיל,גרמים,30.00,100 גרם,false,,15.90,0.5300,true,1,93025
70177177744,false,חליטה פיור פפרמינט 40 גרם טווינינג,טוינינג,PL,חליטת מנטה 20 שקיקים,גרמים,40.00,100 גרם,false,,15.90,0.3975,true,1,94702
70177273330,false,חליטת ורבנה 37.5 גרם טווינינג,טווינינג,PL,חליטת ורבנה טווינינג,גרמים,37.50,100 גרם,false,,15.90,0.4240,true,1,107939
70970471254,false,מייק לייק - סוכריות ג'לי בינס קרטונית פירות ירוק 141 גרם,ג'\אסט בורן,US,מייק לייק-סוכריות ג',גרמים,141.00,100 גרם,false,,9.90,0.0702,true,1,50052
70970471261,false,מייק לייק - סוכריות ג'לי בינס קרטונית טרופי אדום 141 גרם,גאסט בורן,US,מייק לייק-סוכריות ג',גרמים,141.00,100 גרם,false,,9.90,0.0702,true,1,50053
70970471278,false,מייק לייק - סוכריות ג'לי בינס קרטונית פירות יער כחול 141 גרם,גאסט בורן,US,מייק לייק סוכריות ג',גרמים,141.00,100 גרם,false,,9.90,0.0702,true,1,55330
70970471285,false,"סוכריות מייק אייק רד רייג'רס, 141 ג'",גאסט בורן,US,מייק לייק אדום 170ג',גרמים,170.00,100 גרם,false,,9.90,0.0582,true,1,57121
70970471308,false,"סוכריות מייק אייק רד רייג'רס, 141 ג'",ג'אסט בורן,US,מייק לייק סגול 170ג',גרמים,170.00,100 גרם,false,,9.90,0.0582,true,1,54000
70970473562,false,מייק לייק - סוכריות ג'לי בינס קרטונית מגה מיקס 141 גרם,ג'\אסט בורן,US,מייק לייק וכריות ג'ל,גרמים,141.00,100 גרם,false,,9.90,0.0702,true,1,87416
70970473609,false,סוכריות ג'לי מייק&נייק מגה מיקס חמוץ 141 גר',ג'\אסט בורן,US,סוכריות ג'ל בטעם פיר,גרמים,141.00,100 גרם,false,,9.90,0.0702,true,1,103413
71570001667,false,גלי בלי סוכריות 20 טעמים 70 גרם,ג'לי בלי קינדי,TH,סוכריות גלי ביילי 20,גרמים,70.00,100 גרם,false,,11.90,0.1700,true,1,97365
71570004293,false,גלי בלי סוכריות פניניות 70 גרם,,,סוכריות גלי ביילי פנ,גרמים,70.00,100 גרם,false,,11.90,0.1700,true,1,97366
72600005846,false,הר טורטיה דיפר מתירס לבן 383 גרם,הר פודס,US,הרס-טורטייה מתירס לב,גרמים,386.00,100 גרם,false,,24.90,0.0645,true,1,57302
72600009257,false,הר טורטיה צ'יפס מתירס לבן 255 גרם,הר פודס,US,הרס- טורטייה צ'יפס ת,גרמים,225.00,100 גרם,false,,19.90,0.0884,true,1,57303
72600062306,false,הרס חטיף במבה בטעם גבינה 198 גרם,הר פודס,US,הרס-חטיפי במבה גבינה,גרמים,198.00,100 גרם,false,,22.90,0.1157,true,1,55533
72600062320,false,הר חטיף גבינה בטעם פיצה 198 גרם,הר פודסn\,US,הר במבה גבינה בטעם פ,גרמים,198.00,100 גרם,false,,22.90,0.1157,true,1,84793
74261021333,false,רוטב סויה מיושן 1 ליטר,מנדרין סוי סוס,,רוטב סויה מיושן 1ל',יחידה,1.00,יחידה,false,,32.90,32.9000,true,1,44735
74261041102,false,"רוטב לדים סאם וון גיה שן 296 מ""ל",,,רוטב דים סאם מיוחד ל,מיליליטרים,300.00,"100 מ""ל",false,,16.90,0.0563,true,1,146399
74261110334,false,רוטב סויה תמרי 1 ליטר,מנדרין סוי סוס,,רוטב סויה תמרי 1 ל',ליטרים,1.00,ליטר,false,,32.90,32.9000,true,1,11317
74261201339,false,רוטב סויה תמרי דל נת,מנדרין סוי סוס,,רוטב סויה דל נתר,ליטרים,1.00,ליטר,false,,29.90,29.9000,true,1,11321
74410470050,false,אצות קומבו 57 גרם רונגצאנג,Qingdao Sun-growing,IL,אצות קומבו מיובשות,גרמים,57.00,100 גרם,false,,11.90,0.2088,true,1,87612
74570004003,false,גלידה בטעם וניל 473 ג' האגן דאז,האגן-דאז,FR,גלידה האגן דאז,גרמים,500.00,100 גרם,false,,24.90,0.0498,true,1,14857
74570024001,false,גלידה בטעם תות שדה 473 ג' האגן דאז,האגן-דאז,FR,גלידה האג אנד דא,גרמים,500.00,100 גרם,false,,24.90,0.0498,true,1,14858
74570174003,false,גלידה בטעם אגוזי מקדמיה 473 ג' האגן דאז,האגן-דאז,FR,גלידה האג אנד,גרמים,473.00,100 גרם,false,,24.90,0.0526,true,1,14860
74570274000,false,גלידה בטעם קרם עוגיות 473 ג' האגן דאז,האגן-דאז,FR,גלידה האג אנד דא,גרמים,473.00,100 גרם,false,,24.90,0.0526,true,1,14861
74570610051,false,גלידה בטעם שוקולד בלגי 473 ג' האגן דאז,האגן-דאז,FR,האגן-דאז גלידת שמנת,גרמים,500.00,100 גרם,false,,24.90,0.0498,true,1,14862
74570703890,false,גלידה בטעם פרלינים 473 ג' האגן דאז,האגן-דאז,FR,גלידה האג אנד דא,גרמים,473.00,100 גרם,false,,24.90,0.0526,true,1,14863
74570950010,false,גלידה בטעם גבינה ותות 473 ג' האגן דאז,האגן-דאז,FR,גלידה האג אנד דא,גרמים,473.00,100 גרם,false,,24.90,0.0526,true,1,14865
74680001961,false,רוטב טרטר עם רליש מת,ווברס,,רוטב טרטר עם רליש מת,גרמים,354.00,100 גרם,false,,18.90,0.0534,true,1,88662
74880020403,false,טוגראשי נאנאמי 15 גרם,JFC JAPAN INC.,JP,אבקת טוגרישי,גרמים,15.00,100 גרם,false,,18.90,1.2600,true,1,75597
75039007979,false,מריה רוטב פסטה עם בזיליקום 680 גרם,"מאכלי עולם ר.ז. בע""מ",US,רוטב פסטה מריה בזילי,גרמים,680.00,100 גרם,false,,14.90,0.0219,true,1,93275
75039008013,false,רוטב פסטה ספגטי איטלקי מריה 680 גר',ג'יאובני פוד,US,רוטב פסטה מריה רגיל,גרמים,680.00,100 גרם,false,,14.90,0.0219,true,1,93278
75810021255,false,"סאן ג'יי רוטב תמרי ללא גלוטן 296 מ""ל",סאן גיי אינטרנשיונל,US,תמרי-רוטב סויה,מיליליטרים,296.00,"100 מ""ל",false,,25.90,0.0875,true,1,81209
75810021354,false,"רוטב סויה סאן גיי תמרי 592 מ""ל ללא גלוטן",סאן-ג'י,US,תמרי רוטב סויה,מיליליטרים,592.00,"100 מ""ל",false,,37.90,0.0640,true,1,58142
76840002542,false,"גלידת בן & ג'ריס פיינט נטפליקס וצ'ילד 500מ""ל",מוצרי איכות אמריקאיים בע,IL,גלידת בן אנד ג'רי,גרמים,424.00,100 גרם,false,,18.90,0.0446,true,1,102490
76840002566,false,"גלידה בן&ג'ריס פינט נטפליקס וצ'ילד טבעוני 473מ""ל",מוצרי איכות אמריקאיי,US,גלידת בן אנד ג'רי לל,יחידה,0.00,יחידה,false,,27.90,0.0000,true,1,102491
76840100156,false,"בן אנד גריס גלידת צרי גרסיה 500 מ""ל",מוצרי איכות אמריקאיים בע,IL,גלידה בן וג'רי,גרמים,420.00,100 גרם,false,,18.90,0.0450,true,1,58615
76840100583,false,"גלידת וניל עם בצק עוגיות בן וג'ירי 473 מ""ל",מוצרי איכות אמריקאיים בע,IL,בן אנד ג'ריס בצק עוג,גרמים,473.00,100 גרם,false,,18.90,0.0400,false,1,37173
76840100811,false,גלידת בן & ג'ריס פיינט פינט באטר קאפ 428ג',מוצרי איכות אמריקאיים בע,IL,בן אנד ג'ריס באטד קא,יחידה,0.00,יחידה,false,,18.90,0.0000,true,1,49501
76840400218,false,"גלידה בן&ג'ריס תות שדה ועוגת גבינה 500מ""ל",מוצרי איכות אמריקאיים בע,IL,בן אנד ג'ריס גלידת ת,מיליליטרים,500.00,"100 מ""ל",false,,18.90,0.0378,true,1,53834
76840620029,false,"בן אנד גריס גלידת תות שדה 500 מ""ל",מוצרי איכות אמריקאיים בע,IL,גלידה בן אנד ג'ריס,יחידה,420.00,יחידה,false,,18.90,0.0450,false,1,22192
77245110610,false,סוכריות מאסט ללא סוכר בטעם מנטה 80 ג'עלית,MIESZKO S.A - MS. JO,PL,סוכריות מאסט מנט,גרמים,80.00,100 גרם,false,,8.80,0.1100,false,1,9973
77975010167,false,סניידרס חטיף מקלוני חיטה בתוספת דבש 340.2 גרם,סניידרס אוף האנובר,US,סניידרס חטיף מקלוני,גרמים,340.00,100 גרם,false,,15.90,0.0468,true,1,89504
77975091975,false,סנדוויץ' בייגלה סניידרס במילוי קרם בטעם פיצה 226.8 גר',ליימן מותגים,US,סניידרס סנדוויץ בייג,גרמים,226.80,100 גרם,false,,15.90,0.0701,true,1,98486
77975093108,false,"בייגלה מצופה כעכים בציפוי בטעם שוקולד לבן, 141 ג סניידרס",סניידרס Snyder's,US,חטיף בייגלה סניידרס,גרמים,141.00,100 גרם,false,,16.90,0.1199,true,1,144931
77975094624,false,"סניידרס סנדוויץ בייגלה במילוי חמאת בוטנים , 226 ג'",סניידרס Snyder's,US,סניידרס חמאת בוטנים,גרמים,280.00,100 גרם,false,,15.90,0.0568,true,1,103697
77975094631,false,סניידרס סנדוויץ' בייגלה במילוי קרם בטעם צ'דר 226 גרם,סניידרס לאנס,US,סניידרס צ'דר סנדוויץ,גרמים,226.00,100 גרם,false,,15.90,0.0704,true,1,103634
77975094761,false,סניידרס חטיפים על בסיס קמח חיטה בטעם גבינת צ'דר,סניידרס אוף האנובר,US,סניידרס צ'דר 340 גר',גרמים,340.00,100 גרם,false,,15.90,0.0468,true,1,106959
77975094778,false,שברי בייגלה סניידרס בטעם דבש חרדל 340 גר,סניידרס אוף האנובר,US,סניידרס דבש וחרדל 34,גרמים,340.00,100 גרם,false,,15.90,0.0468,true,1,107605
78300081098,false,פלייטקס ספורט עם מוליך רגולר 18 יח,פלייטקס מניפאקטורינג בעמ,US,פלייטקס טמפונים,יחידה,0.00,יחידה,false,,25.00,0.0000,true,1,105868
78300081111,false,פלייטקס ספורט עם מוליך סופר 18 יח,פלייטקס מניפאקטורינג בעמ,US,פלייטקס טמפונים ספור,יחידה,0.00,יחידה,false,,25.00,0.0000,true,1,106409
78300081357,false,פלייטקס ספורט עם מוליך סופר פלוס 18 יח,פלייטקס,US,פלייטקס טמפונים ספור,יחידה,0.00,יחידה,false,,25.00,0.0000,true,1,106324
80518439660,false,פרסים רמה 6,,,פרסים רמה 6,יחידה,0.00,יחידה,false,,15.70,0.0000,true,1,7374
84213017420,false,מסטמכר מיסלי אורגני עם אגוזים וצימוקים 500 גרם,מרום את קונפינו,DE,מוזלי אגוזים וצימוקי,גרמים,500.00,100 גרם,false,,18.90,0.0378,true,1,11068
84213017475,false,מסטמכר מיסלי אורגני עם פירות יבשים 500 גרם,מרום את קונפינו,DE,מיסלי פירות ביו,גרמים,500.00,100 גרם,false,,18.90,0.0378,true,1,11069
84213017499,false,מסטמכר מיסלי אורגני עם פירות יער 500 גרם,מרום את קונפינו,DE,מיסלי פירות יער,גרמים,500.00,100 גרם,false,,18.90,0.0378,true,1,11070
84909011138,false,פניני טפיוקה צבעונים,,,פניני טפיוקה צבעונים,גרמים,400.00,100 גרם,false,,8.90,0.0223,true,1,54489
84909023049,false,רוטב צ'ילי מתוק ללא,,,רוטב צ'ילי מתוק ללא,גרמים,800.00,100 גרם,false,,15.90,0.0199,true,1,108784
85156515417,false,וודקה קטל וואן בקבוק,מזקקת נולט,NL,קטל וואן וודקה,יחידה,750.00,יחידה,false,,100.00,0.1333,true,1,93832
85696607207,false,טופו מורינו במרקם רך {סגול}340 גרם כשר,פסיפיק נוטרישונל פוד,US,טופו במרקם רך מרינו,גרמים,340.00,100 גרם,false,,11.90,0.0350,true,1,57758
85696608044,false,טופו ללא גלוטן 349ג' (כ) Morinaga,Morinaga nutritional,US,טופו מוצק ללא גלוטן,גרמים,349.00,100 גרם,false,,11.90,0.0341,true,1,57763
87666052819,false,"רוטב סריראצ`ה חריף 455 מ""ל",EXOTIC FOOD PCL,,רוטב סריראצ'ה סופר ח,מיליליטרים,455.00,"100 מ""ל",false,,22.90,0.0503,true,1,93314
88586000720,false,יין קברנה טו ווינס 750 מל,"ארה""ב סיינט מישל ווי",,קברנה טו ווינס קולומ,יחידה,750.00,יחידה,false,,39.90,0.0532,true,1,34255
88586425868,false,יין טו ויינס גוורצטרמינר 750 מל,"ארה""ב סיינט מישל ווי",,יין גוורצטמינר טו וו,יחידה,0.00,יחידה,false,,39.90,0.0000,true,1,34258
89041081056,false,שמן סויה בתיבול צילי,Flavor full foods in,TW,שמן צ'ילי חריף,יחידה,185.00,יחידה,false,,14.90,0.0805,true,1,50167
89397344300,false,דיניקולה רוטב פסטה עגבניות ובזיל 737 גרם,ג'יאובני פוד,US,רוטב פסטה עם עגבניות,גרמים,737.00,100 גרם,false,,16.90,0.0229,true,1,11077
89397344348,false,דיניקולה רוטב פסטה עם שום קלוי 737 גרם,ג'יאובני פוד אינק,US,רוטב פסטה עם שום צלו,גרמים,737.00,100 גרם,false,,16.90,0.0229,true,1,11079
89397344362,false,רוטב דיניקולה פסטה בטעם מרינדה 737 גרם,ג'יאובני פוד אינק,US,רוטב פסטה מרינרה קלא,יחידה,737.00,יחידה,false,,16.90,0.0229,true,1,36825
93133112863,false,רוטב מייקי דבש שום 566 גר,,,מייקי רוטב שום ודבש,גרמים,566.00,100 גרם,false,,41.90,0.0740,true,1,146451
93133737301,false,רוטב טריאקי גינגר 566 גר,,,רוטב טריאקי וג'ינג'ר,גרמים,679.00,100 גרם,false,,39.90,0.0588,true,1,28997
305210416383,false,"ואזלין קרם גוף לגבר נספג במהירות 600 מ""ל","יוניליוור, ג'פרסון סיטי,",US,וזלין קרם גוף לגבר 6,מיליליטרים,600.00,"100 מ""ל",false,,27.90,0.0465,true,1,89350
305213079004,false,"תחליב גוף להזנה עמוקה צהוב וזלין 600 מ""ל","יוניליוור, ג'פרסון סיטי,",US,וזלין תחליב גוף צהוב,מיליליטרים,600.00,"100 מ""ל",false,,27.90,0.0465,true,1,89049
350007641646,false,משחת שיניים ומי פה 2 ב-1 לנשימה רעננה,קולגייט Colgate,MX,קולגייט משחה 2 ב-1 ר,גרמים,130.00,100 גרם,false,,18.90,0.1454,true,1,105649
412514999957,false,סלסה גוואקמולה,,,סלסה גוואקמולה,יחידה,0.00,יחידה,false,,22.90,0.0000,true,1,90407
413900010558,false,"רוטב סויה דל מלח 296 מ""ל מהדרין",קיקומן פודז אינק,,רוטב סויה קיקומן 296,מיליליטרים,296.00,"100 מ""ל",false,,13.90,0.0470,true,1,9555
443092000119,false,שבלי רנייר יין לבן י,,,שבלי רנייר יין לבן י,יחידה,0.00,יחידה,false,,107.90,0.0000,true,1,59362
608614310463,false,אוכמניות יחידה,,,אוכמניות טריות,גרמים,125.00,100 גרם,false,,11.90,0.0952,true,1,145661
608614325702,false,תמר מג'הול עסיסי - ת,,,תמר מג'הול עסיסי - ת,גרמים,400.00,100 גרם,false,,29.90,0.0747,true,1,93827
608614331475,false,כרובית ארוזה ביכורי,חקלאי,IL,כרובית ארוזה ביכורי,יחידה,0.00,יחידה,false,,11.90,0.0000,true,1,103122
611745288709,false,לחם שיפון כוסמין מלא,,,לחם שיפון כוסמין מלא,גרמים,730.00,100 גרם,false,,21.90,0.0300,true,1,108238
611745288716,false,לחם כוסמת ירוקה וטף,,,לחם כוסמת ירוקה וטף,גרמים,760.00,100 גרם,false,,26.90,0.0354,true,1,108231
611745288723,false,לחם מונבט מלא,,,לחם מונבט מלא,גרמים,720.00,100 גרם,false,,26.90,0.0374,true,1,108239
611745288730,false,לחם חיטה מלאה עם גרע,,,לחם חיטה מלאה עם גרע,גרמים,680.00,100 גרם,false,,21.90,0.0322,true,1,108232
611745288747,false,לחם לסנדביץ,,,לחם לסנדביץ,גרמים,820.00,100 גרם,false,,21.90,0.0267,true,1,108240
611745288754,false,לחם כפרי אגוזים וסיל,,,לחם כפרי אגוזים וסיל,גרמים,680.00,100 גרם,false,,28.90,0.0425,true,1,108233
611745288761,false,לחם כוסמין מלא,,,לחם כוסמין מלא,גרמים,730.00,100 גרם,false,,26.90,0.0368,true,1,108234
611745288778,false,לחם כפרי מעודן,,,לחם כפרי מעודן,גרמים,620.00,100 גרם,false,,21.90,0.0353,true,1,108241
611745288785,false,חלת כוסמין,,,חלת כוסמין,גרמים,570.00,100 גרם,false,,26.90,0.0472,true,1,108242
611745288792,false,לחם כפרי זיתים,,,לחם כפרי זיתים,גרמים,660.00,100 גרם,false,,21.90,0.0332,true,1,108235
613008718763,false,"אריזונה משקה פונץ פירות פחית 680 מ""ל",אריזונה,US,אריזונה משקה פירות,יחידה,680.00,יחידה,false,,11.50,0.0169,true,1,86880
613008742348,false,בקבוק אריזונה ג'נסינג ודבש 1 ליטר,"נטורלה גטרנק בע""\מn\",BG,אריזונה ג'נסינג ודבש,ליטרים,1.00,ליטר,false,,11.00,11.0000,true,1,103261
613008742409,false,בקבוק אריזונה אפרסק 1 ליטר,"נטורלה גטרנק בע""\מn\",BG,אריזונה אפרסק בקבוק,ליטרים,1.00,ליטר,false,,11.00,11.0000,true,1,103259
613008753320,false,"אריזונה ג'ינסנג ודבש בקבוק 450 מ""ל.",אריזונה Arizona,BG,אריזונה ג'ינסנג ודבש,מיליליטרים,450.00,"100 מ""ל",false,,7.50,0.0167,true,1,96614
613008753351,false,"בקבוק אריזונה רימונים 450 מ""ל",נובה טרייד אל טי די,BG,אריזונה רימונים 450,מיליליטרים,450.00,"100 מ""ל",false,,7.50,0.0167,true,1,96611
621683920555,false,פסטה מאורז חום ללא ג,,CA,פסטה מאורז חום ללא ג,גרמים,454.00,100 גרם,false,,21.90,0.0482,true,1,42477
621683920654,false,פוזילי אורז חום ללא גלוטן ול. חיטה 454 ג,,CA,פוסילי אורז פתיתים,גרמים,454.00,100 גרם,false,,21.90,0.0482,true,1,42473
621683920753,false,פסטה מאורז,,,פסטה מאורז,גרמים,454.00,100 גרם,false,,21.90,0.0482,true,1,43623
621683921156,false,טינקיאדה פנה פסטה ארוז ללא גלוטן 454,,,ספגטי אורז,גרמים,454.00,100 גרם,false,,21.90,0.0482,true,1,46410
621683921255,false,טינקיאדה ספירל פסטה ארוז ללא גלוטן 454,,CA,פסטה אורז חום,גרמים,454.00,100 גרם,false,,21.90,0.0482,true,1,34031
621683921354,false,טינקיאדה לזניה פסטה ללא גלוטן 280 גרם,,IL,לזניה מאורז חום,גרמים,280.00,100 גרם,false,,27.90,0.0996,true,1,55332
628154383659,false,דגני בוקר פרוטי פבלס פוסט 311 גרם,פוסט ארצות הברית,US,דגני פרוטי פבלס,גרמים,311.00,100 גרם,false,,21.90,0.0704,true,1,144041
635189801690,false,מעביר 2-T,,,מעביר 2-T,יחידה,0.00,יחידה,false,,6.90,0.0000,true,1,94072
639138513238,false,פילה הרינג מעושן צ'צ'יק 190 גרם,רוג'ין פיש,DE,פילה הרינג מעושן בשמ,גרמים,190.00,100 גרם,false,,13.00,0.0684,true,1,25762
639138527617,false,פילה הרינג ברוטב עגבניות 190 גרם,רוג'ין פיש,,פילה הרינג ברוטב עגב,גרמים,200.00,100 גרם,false,,13.00,0.0650,true,1,26318
639138527624,false,פילה הרינג ברוטב פפר,,,פילה דג הרינג בפפריק,גרמים,200.00,100 גרם,false,,13.00,0.0650,true,1,52790
639138527631,false,פילה הרינג ברוטב חרדל 200 גר (16),רוג'ין פיש,,הרינג ברוטב חרדל 200,גרמים,200.00,100 גרם,false,,13.00,0.0650,true,1,25466
644209405923,false,דנקן היינס ציפוי מוקצף וניל 397 גרם פרווה,רוזקםבייקינג קומפני,US,קרם וניל מוקצף לציפו,גרמים,397.00,100 גרם,false,,19.90,0.0501,true,1,80830
644209405930,false,דנקן היינס ציפוי מוקצף שוקולד 397 גרם פרווה,רוזקםבייקינג קומפני,US,דנקן קרם ציפוי מוקצף,גרמים,397.00,100 גרם,false,,19.90,0.0501,true,1,96075
645173911038,false,קורנישון מלפפוןן מיני 720 גרם - תומר,קלמן אינדיה פי וי סי,IN,תומר-מלפפונים קורניש,גרמים,360.00,100 גרם,false,,9.90,0.0275,true,1,96615
645692555645,false,עוגיות סהרון 175 גרם פפושדו,פפשדו,,עוגיות סהרון פפושדו,גרמים,200.00,100 גרם,false,,5.90,0.0295,true,1,43891
649660013281,false,"היל ויו מיץ שזיפים 946 מ""ל",היל ויו,,מיץ שזיפים ללא תוספת,מיליליטרים,946.00,"100 מ""ל",false,,21.00,0.0222,true,1,82268
649660432020,false,היל וויו שזיפים מיובשים מגולענים 567 גרם,היליו פאקינג קוסמי א,US,שזיפים מיובשים 567 ג,גרמים,567.00,100 גרם,false,,26.90,0.0474,true,1,82269
651080161510,false,פלקרס פולסר לשיניים צפופות-מנטה 35 יחידו,מיוצר עי קונדיטוריית,CN,חוט דנטלי פלאקרס,יחידה,0.00,יחידה,false,,11.90,0.0000,true,1,88071
651080647519,false,קיסמים עם חוט דנטלי פלאקרס מנטה 35 יחידות,"פלקרס רנור ארה""ב",US,פלאקרס חוט דנטלי,יחידה,0.00,יחידה,false,,11.90,0.0000,true,1,88327
661625332015,false,מינואט קרקר מלוח 200,,,מינואט קרקר מלוח 200,גרמים,200.00,100 גרם,false,,6.50,0.0325,true,1,141178
666522900138,false,ריבה פודינג לימון 320 גרם,היסטון סוויטס ספרדס,,ציברס קרם לימון,גרמים,320.00,100 גרם,false,,18.90,0.0591,true,1,102509
675684915102,false,"סירופ אגבה אורגני טהור 236 מ""ל",יושלם,,סירופ אגבה אורגני טה,גרמים,330.00,100 גרם,false,,21.00,0.0636,true,1,48523
686412282984,false,נתחי טונה לבנה בשמן זית 220 גרם ORTIZ,אורטיז ORTIZ,ES,טונה לבנה בשמן זית 2,גרמים,220.00,100 גרם,false,,41.90,0.1905,true,1,102548
686464462006,false,לקקן טבעת לקקן מאירה,,,לקקן טבעת לקקן מאירה,יחידה,0.00,יחידה,false,,5.50,0.0000,true,1,141772
686464494007,false,סוכריה על מקל בטעם א,,,סוכריה על מקל בטעם א,גרמים,18.00,100 גרם,false,,5.90,0.3278,true,1,143798
686464519007,false,ממתק לקקן מלקחיים צב,,,ממתק לקקן מלקחיים צב,גרמים,15.00,100 גרם,false,,8.50,0.5667,true,1,142750
686464528009,false,ממתק לקקן לייזר פופ,,,ממתק לקקן לייזר פופ,יחידה,0.00,יחידה,false,,9.90,0.0000,true,1,141774
691535501010,false,חטיף חלבון עם שוקולד,,US,חטיף חלבון עם שוקולד,גרמים,50.00,100 גרם,false,,9.90,0.1980,true,1,99689
691535503014,false,חטיף חלבון נוגו בוטנ,,US,חטיף חלבון בטעם חמאת,גרמים,50.00,100 גרם,false,,9.90,0.1980,true,1,99690
691535505018,false,חטיף חלבון נוגו וניל,,US,חטיף חלבון טעם וניל,גרמים,50.00,100 גרם,false,,9.90,0.1980,true,1,92330
691535507012,false,חטיף חלבון נוגו בננה,,US,חטיף שוקולד בננה 50,גרמים,50.00,100 גרם,false,,9.90,0.1980,true,1,94545
691535513013,false,חטיף חלבון נוגו ללא סוכר חמאת בוטנים,,US,חטיף חלבון חמאת בוטנ,גרמים,50.00,100 גרם,false,,11.90,0.2380,true,1,92331
691535514010,false,חטיף חלבון נוגו שוקו,,US,חטיף חלבון ללא סוכר,גרמים,50.00,100 גרם,false,,11.90,0.2380,true,1,145050
691535521018,false,חטיף חלבון נוגו שוקוציפ,,US,חטיף חלבון שוקולד צי,גרמים,50.00,100 גרם,false,,11.90,0.2380,true,1,92620
691535529014,false,חטיף חלבון שוקולד בי,,US,חטיף חלבון שוקולד בי,גרמים,50.00,100 גרם,false,,11.90,0.2380,true,1,96973
693493010788,false,"נאצוס חטיף טורטיה ע""ב תירס ברביקיו 200 ג",או. קיי סניקס,DK,נאצ'וס חטיף טורטיה ת,גרמים,200.00,100 גרם,false,,13.90,0.0695,true,1,143835
693493022248,false,לחם מחמצת 7 סוגי גרע,,,לחם מחמצת 7 סוגי גרע,גרמים,750.00,100 גרם,false,,23.90,0.0319,true,1,97547
693493022262,false,לחם מחמצת זיתים,,,לחם מחמצת זיתים,גרמים,800.00,100 גרם,false,,23.90,0.0299,true,1,97549
693493022279,false,לחם מחמצת 100% מלא,,,לחם מחמצת 100% מלא,גרמים,800.00,100 גרם,false,,23.90,0.0299,true,1,97550
693493022286,false,לחם מחמצת כוסמין,,,לחם מחמצת כוסמין,גרמים,800.00,100 גרם,false,,23.90,0.0299,true,1,97551
693493022293,false,לחם מחמצת קמחים מלאי,,,לחם מחמצת קמחים מלאי,גרמים,750.00,100 גרם,false,,23.90,0.0319,true,1,97552
693493065351,false,מלפפון בייבי משק פר,Unknown,,מלפפון בייבי משק פר,יחידה,0.00,יחידה,false,,8.90,0.0000,true,1,100258
693493075459,false,עוגיות זיו אלפחורס ל,זיו,IL,עוגיות זיו אלפחורס ל,גרמים,320.00,100 גרם,false,,29.90,0.0934,true,1,145144
693493075466,false,עוגיות זיו נשנושיות,זיו,IL,עוגיות זיו נשנושיות,גרמים,220.00,100 גרם,false,,29.90,0.1359,true,1,145145
693493075497,false,עוגיות זיו דיסקיות צ,זיו,IL,עוגיות זיו דיסקיות צ,גרמים,250.00,100 גרם,false,,29.90,0.1196,true,1,145147
693493075510,false,עוגיות זיו שילגיות 2,זיו,IL,עוגיות זיו שילגיות,גרמים,250.00,100 גרם,false,,29.90,0.1196,true,1,145148
693493075541,false,עוגיות זיו דיקליות 2,זיו,IL,עוגיות זיו דיקליות,גרמים,250.00,100 גרם,false,,29.90,0.1196,true,1,145139
693493075619,false,עוגיות זיו כדורי תמר,זיו,IL,כדורי תמרים וקקאו טב,גרמים,370.00,100 גרם,false,,29.90,0.0808,true,1,146195
693493075640,false,עוגיות מרסי היאלי 220ג',זיו,IL,העוגיות של זיו,גרמים,300.00,100 גרם,false,,29.90,0.0997,true,1,141192
693493075664,false,עוגיות זיו חמאה קרמל,,,עוגיות זיו חמאה קרמל,גרמים,250.00,100 גרם,false,,29.90,0.1196,true,1,145140
693493075695,false,עוגיות זיו אלפחורס 3,זיו,IL,עוגיות זיו אלפחורס,גרמים,320.00,100 גרם,false,,29.90,0.0934,true,1,145141
693493075701,false,עוגיות זיו פרחי ריבה,זיו,IL,עוגיות זיו פרחי ריבה,גרמים,270.00,100 גרם,false,,29.90,0.1107,true,1,145142
693493092500,false,פיתות שמשון מרובעות,,,פיתות שמשון מרובעות,גרמים,600.00,100 גרם,false,,9.90,0.0165,true,1,103857
693493092524,false,פיתות שמשון עגולות 5,,,פיתות שמשון עגולות 5,גרמים,550.00,100 גרם,false,,9.90,0.0180,true,1,103858
693493092531,false,פיתות שמשון קמח מלא,,,פיתות שמשון קמח מלא,גרמים,500.00,100 גרם,false,,9.90,0.0198,true,1,142665
693493158794,false,אוכמניות טריות,MONTANA,AR,אוכמניות טריות,יחידה,0.00,יחידה,false,,9.90,0.0000,true,1,145974
716165174011,false,נייר גלגול גדול+פילטר יח,Unknown,ES,פילטר RAW גדול,יחידה,0.00,יחידה,false,,5.00,0.0000,false,1,93101
716165202547,false,נייר גלגול קטן+פילטר יח,Unknown,ES,פילטר RAW קטן,יחידה,0.00,יחידה,false,,5.00,0.0000,false,1,93104
717273504875,false,ממרח מיונז ללא ביצים,ווברס חברת חרדל,US,מיונז ללא ביצים,גרמים,473.00,100 גרם,false,,19.90,0.0421,true,1,57434
728229123590,false,טרה אורגינל חטיף על בסיס ירקות שורש בטעם טבעי 110 גרם,הונדורס צ'יפס יצור א,HN,טרה חטיף ציפס מירקות,גרמים,110.00,100 גרם,false,,15.90,0.1445,true,1,34674
728229123613,false,טרה חטיף על בסיס תפוח אדמה כחול בטעם טבעי 110 גרם,היין סלסטיאל גרופ,US,טרה חטיף ציפס מתפוח,גרמים,110.00,100 גרם,false,,15.90,0.1445,true,1,36826
728229123811,false,טרה חטיף על בסיס ירקות שורש בתיבול ים תיכוני 110 גרם,הונדורס צ'יפס יצור א,HN,טרה חטיף ציפס מירקות,גרמים,110.00,100 גרם,false,,15.90,0.1445,false,1,41046
728229124764,false,טרה חטיף על בסיס בטטה עם מלח ים 110 גרם,היין פיוצ'ור נטורל פ,IN,טרה צ'יפס בטטה עם מל,גרמים,110.00,100 גרם,false,,15.90,0.1445,true,1,93292
728229124771,false,טרה חטיף על בסיס בטטה בטעם ברביקיו 110 גרם,היין פיוצ'ור נטורל פ,IN,טרה צ'יפס בטטה ברביק,גרמים,110.00,100 גרם,false,,15.90,0.1445,true,1,81745
728229130154,false,טרה חטיף על בסיס בטטה וסלק בטעם טבעי 110 גרם,הונדורס צ'יפס יצור א,HN,טרה חטיף ציפס מבטטה,גרמים,110.00,100 גרם,false,,15.90,0.1445,true,1,34675
728229130444,false,"חטיף על בסיס ירקות שורש עם בטטה, תפו""א כחול וסלק",היין סלסטיאל גרופ,US,טרה חטיף ציפס מירקות,גרמים,110.00,100 גרם,false,,15.90,0.1445,false,1,42041
729001946046,false,עמבה ביטון,,,עמבה ביטון,גרמים,400.00,100 גרם,false,,11.90,0.0298,true,1,25118
732494000500,false,קרטורס חטיף פופקורן קרמל 227 גרם,איגל פודס ווקיגאן מפ,US,קרטורס-פופקורן בטעם,גרמים,227.00,100 גרם,false,,25.90,0.1141,true,1,55139
732494000524,false,קרטורס פופקורן שיקגו קרמל 213 גרם,איגל פודס ווקיגאן מפ,US,פופקורן שיקגו בטעם ק,גרמים,213.00,100 גרם,false,,25.90,0.1216,true,1,56639
732494000609,false,קרטורס פופקורן בטעם גבינה 184 גרם,קורפפידלס אינק,US,קרטורס-פופקורן בטעם,גרמים,184.00,100 גרם,false,,25.90,0.1408,true,1,55140
761720051108,false,"קארו סירופ תירס בהיר 470 מ""ל",אי סי איץ,US,סירופ קארו בהיר,יחידה,453.00,יחידה,false,,28.90,0.0638,true,1,44818
761720988183,false,ארגו אבקת אפיה ללא אלומיניאום 340 גר,איי סי אייץ,US,אבקת אפייה ללא אלומי,מיליליטרים,340.00,"100 מ""ל",false,,21.90,0.0644,true,1,54710
768404001640,false,"גלידה בן&ג'ריס קפה משפחתית 500מ""ל",מוצרי איכות אמריקאיים בע,IL,בן וג'ריס גלידת קפה,מיליליטרים,500.00,"100 מ""ל",false,,18.90,0.0378,true,1,33838
769904000997,false,שקדי מרק ללא גלוטן200גרם,משובח תעשיות מזון,IL,שקדי מרק ללא גלוטן 2,גרמים,200.00,100 גרם,false,,14.90,0.0745,true,1,92480
770009010484,false,מנגטים לאפייה אורגניים 60 יח,SOURCE ATLANTIQUE,IL,מנג'טים לאפייה,יחידה,0.00,יחידה,false,,11.50,0.0000,true,1,82399
770009011924,false,ניירות אפייה 100% טבעי 24 יח,Source Atlantique,IL,נייר אפייה,יחידה,0.00,יחידה,false,,22.90,0.0000,true,1,58624
770009250262,false,שקיות אוכל מנייר 100% טבעי,SOURCE ATLANTIQUE,IL,שקיות אוכל מנייר,יחידה,0.00,יחידה,false,,19.90,0.0000,true,1,57042
777915888299,false,"אקיטה רוטב סויה ללא גלוטן 450 מ""ל",אקיטה דלסון,CA,אקיטה רוטב סויה,יחידה,290.00,יחידה,false,,16.90,0.0583,true,1,44157
786150000281,false,"שישייה בירה לף בראון בקבוק 330X6 מ""ל","אינבב, ברוורייפליין",BE,שישיית בירה לף בראון,ליטרים,1.98,ליטר,false,,44.90,22.6768,false,1,144044
818570001606,false,"וטקינס פיור אלמונד 59 מ""ל","ג'יי אר ווסקינס בע""מ",US,תמצית שקדים,מיליליטרים,59.00,"100 מ""ל",false,,27.90,0.4729,true,1,88908
818570007066,false,"פיור וניל טהור 29 מ""ל ""ווטקינס""","ג'יי אר ווטקינס בע""מ",US,ווטקינס תמצית וניל ט,גרמים,29.00,100 גרם,false,,27.90,0.9621,true,1,87543
819046000086,false,אינקה ציפס בטטה 142 גרם,אינקה קורפ אס.אי.אל,PE,אינקה צ'יפס בטטה,גרמים,142.00,100 גרם,false,,16.50,0.1162,true,1,92085
833949000264,false,"סירופ מייפל אמיתי 100% אורגני 250 מ""ל",דיקסר קוויבק,CA,סירופ מייפל אמיתי,גרמים,330.00,100 גרם,false,,29.90,0.0906,true,1,41382
835811000167,false,נר נשמה בזכוכית לשבעה ימים*זכוכית*,MULDER NATURAL FOODS,CN,נר נשמה שבועי בזכוכי,יחידה,0.00,יחידה,false,,10.90,0.0000,true,1,99826
835811000297,false,כוסות שתיה חמה 9 אוז 50 יח',אכיף,IL,כוסות קרטון 50 יח',יחידה,0.00,יחידה,false,,11.90,0.0000,true,1,100441
835811000518,false,תמצית וניל טהור הנמל,,IL,תמצית וניל טהורה,מיליליטרים,29.00,"100 מ""ל",false,,26.90,0.9276,true,1,145915
835811000877,false,כוסות חד פעמי מעוטרו,,TR,כוסות מעוטרות 40 יח,יחידה,0.00,יחידה,false,,12.90,0.0000,true,1,101144
835811000907,false,כוסות יין מעוטרות כס,,TR,כוסות יין מעוטרות 50,יחידה,0.00,יחידה,false,,9.90,0.0000,true,1,101149
835811001119,false,מיני עדשים 200 גרם בצנצנת לעוגה,,,מיני עדשים 200 גר בצ,גרמים,200.00,100 גרם,false,,12.90,0.0645,true,1,101277
835811001133,false,קוקוס הנמל 400 גרם כ,,,קוקוס 400 גר',גרמים,400.00,100 גרם,false,,11.90,0.0298,true,1,100444
835811001140,false,שומשום הנמל 400 גרם,הנמל אריזות.,IL,שומשום 400 גר,גרמים,400.00,100 גרם,false,,9.90,0.0248,true,1,101278
835811001232,false,"נייר אפיה לתבנית עגולה 26 ס""מ - מארז 10 ניירות",האנג טונג,CN,נייר אפייה לתבנית עג,יחידה,0.00,יחידה,false,,10.90,0.0000,true,1,103150
835811001447,false,עדשים שחורות הנמל 50,,,עדשים שחורות 500 גר,גרמים,500.00,100 גרם,false,,5.90,0.0118,true,1,103991
835811001584,false,גביעי אחסון 12 יח` + מכסה 0.25 ליטר,,,גביעי איחסון 12 יח +,יחידה,0.00,יחידה,false,,6.90,0.0000,true,1,78907
835811001591,false,גביעי אחסון 8יח` + מכסה 0.5 ליטר,,,גביעי איחסון 8 יח +,יחידה,0.00,יחידה,false,,6.30,0.0000,true,1,78852
835811001614,false,44 כוסיות שמן זית לח,,,44 כוסיות שמן זית לח,יחידה,0.00,יחידה,false,,45.90,0.0000,true,1,104777
835811001638,false,מזלגות מיני חד פעמי,מיקרון מקינה,TR,מזלגות מיני 50 יח,יחידה,0.00,יחידה,false,,3.90,0.0000,true,1,79449
835811001645,false,כפיות מיני חד פעמי,מיקרון מקינה,TR,כפיות מיני 50 יח,יחידה,0.00,יחידה,false,,3.90,0.0000,true,1,79450
835811001652,false,כוס לשתייה קרה 330 סמק` 40 יח` )בירה(,ווינפאק סחר בעמ,CN,כוס לשתיה קרה 330 סמ,יחידה,0.00,יחידה,false,,9.50,0.0000,true,1,78889
835811001676,false,"תבנית אלומיניום גדולה 32*26 ס""מ - 9 יח'",הנמל,IL,מגש הכסף תבנית מלבן,יחידה,0.00,יחידה,false,,9.90,0.0000,true,1,104544
835811001829,false,מגש מרובע חד פעמי שק,,,מגש מרובע שקוף,יחידה,0.00,יחידה,false,,11.90,0.0000,true,1,77529
835811001843,false,"מגש אינגליש קייק שקוף ונציה 37*17 ס""מ",הנמל,,מגש אינגליש קייק שקו,יחידה,0.00,יחידה,false,,5.50,0.0000,true,1,77530
835811002109,false,"מגש כוכב 30 ס""מ",,,"מגש כוכב 30 ס""מ",יחידה,0.00,יחידה,false,,5.90,0.0000,true,1,85014
835811002741,false,סוכריות קישוט קונפטי 190 גרם הנמל,,,גמבו קונפטי ארוך בצנ,גרמים,190.00,100 גרם,false,,9.50,0.0500,true,1,142186
835811003106,false,כפות הגשה שקוף 10 יח' הנמל,מיקרון מקינה,TR,כפות הגשה 10 יח' שקו,יחידה,0.00,יחידה,false,,9.90,0.0000,true,1,143432
835811003427,false,"צלחות גדול מקנה סוכר 1 ק""ג כ-67 יח`",,,צלחות גדול מקנה סוכר,יחידה,0.00,יחידה,false,,32.90,0.0000,true,1,143435
835811003441,false,תבניות פלסטיק מחולקות 3 תאים + מכסה 5 יח' הנמל,יבוא ושיווק: הנמל אריזות,TR,תבניות מחולקות 3 תאי,יחידה,0.00,יחידה,false,,8.50,0.0000,true,1,143416
835811003472,false,כפות אלגנט שחור / שקוף 50 יח' הנמל,,TR,כפות אלגנט שקוף 50 י,יחידה,0.00,יחידה,false,,7.50,0.0000,true,1,143426
835811003588,false,צלחות קלאסי גדול לבן 65 יח' הנמל,,,צלחות קלאסי גדול לבן,יחידה,0.00,יחידה,false,,32.90,0.0000,true,1,143421
835811003595,false,צלחות קלאסי קטן לבן 65 יח' הנמל,,,צלחות קלאסי קטן לבן,יחידה,0.00,יחידה,false,,19.90,0.0000,true,1,143422
835811003700,false,סודה לשתיה הנמל 250 גרם,"פוליבה בע""מ",IL,סודה לשתיה 250 גר',גרמים,250.00,100 גרם,false,,5.90,0.0236,true,1,102124
835811003816,false,"הנמל קופסת אחסון מרובעת מארז, 3 * 2 ליטר",נינגבו יונאן,CN,קופסת איחסון מלבן 2,יחידה,0.00,יחידה,false,,11.90,0.0000,true,1,92454
835811003823,false,"הנמל קופסת אחסון מרובעת מארז, 5 * 1 ליטר",נינגבו יונאן,CN,קופסת איחסון מלבן 1,יחידה,0.00,יחידה,false,,11.90,0.0000,true,1,91683
835811003847,false,"הנמל גביע אחסון עגול ומכסה מארז, 8 * 500 מ""ל",נינגבו יונאן,CN,גביעי איחסון עגול 50,יחידה,0.00,יחידה,false,,11.90,0.0000,true,1,91422
835811004189,false,פרורי לחם מוזהבים בתוספת שומשום 800 גר',הנמל,IL,פרורי לחם מוזהבים 80,גרמים,800.00,100 גרם,false,,10.90,0.0136,true,1,101814
835811004417,false,ריבת חלב הנמל 340 גר,,,ריבת חלב 340 גר,גרמים,340.00,100 גרם,false,,11.90,0.0350,true,1,94180
835811004424,false,חלב מרוכז 340 גר פוליבה,פוליבה בעמ,IL,חלב מרוכז 340 גר,גרמים,340.00,100 גרם,false,,11.90,0.0350,true,1,101279
835811004455,false,קישקשים מנייר הנמל 125 יחידות,הנג טונג,CN,קשיות מנייר קישקשים,יחידה,0.00,יחידה,false,,7.90,0.0000,true,1,100445
835811004509,false,קערה פסים גדולה לסלט ענק 2500 מל` 1 יח`,הנג טונג,CN,קערת פסים ענק,יחידה,0.00,יחידה,false,,6.90,0.0000,true,1,93746
835811004516,false,"קערה פסים לסלט קטנה עגולה 950 מ""ל 1 יח`",הנג טונג,CN,קערת פסים עגולה קטנה,יחידה,0.00,יחידה,false,,4.40,0.0000,true,1,94517
835811004707,false,פירורי לחם מוזהבים 440 ג' הנמל,ברמן שוקולד ועוגיות,IL,פרורי לחם מוזהב 440ג,יחידה,0.00,יחידה,false,,7.30,0.0000,true,1,40260
835811004813,false,"מגש מאורך מחולק שקוף 4 תאים 1 י""ח",הנג טונג,CN,מגש מאורך מחולק,יחידה,0.00,יחידה,false,,6.50,0.0000,true,1,38613
835811005018,false,כוס קריסטל יהלום הנמל 50 יחידות,הנמל,TR,כוסות קריסטל יהלום 5,יחידה,0.00,יחידה,false,,14.90,0.0000,true,1,37033
835811005247,false,קערות מהודרות משובחות ואיכותיות,הנג טונג,CN,רביעיית קערות 16 אונ,יחידה,0.00,יחידה,false,,9.50,0.0000,true,1,46073
835811005322,false,"פחם דרום אמריקאי הנמל 2 ק""ג",הנמל,IT,פחם דרום אמריקאי 2 ק,קילוגרמים,2.00,"ק""ג",false,,14.90,7.4500,true,1,44263
835811005421,false,"שיפודים עבים 25 ס""מ 75 יח` הנמל",שוורצקוף& הנקל דיסלד,IN,שיפודי במבוק עבים 75,יחידה,0.00,יחידה,false,,2.80,0.0000,true,1,40413
835811005704,false,נייר עטיפה לכריכים הנמל 100 יחידות,טופ פלסט 2002 בעמ,IL,נייר עטיפה לכריכים 1,יחידה,0.00,יחידה,false,,10.00,0.0000,true,1,38393
835811005728,false,עלים לקרמשניט הנמל 400 גרם,"רונית מאפים בע""מ",IL,עלים לקרם שניט,גרמים,400.00,100 גרם,false,,18.90,0.0472,true,1,49706
835811005810,false,מגש הכסף תבנית מרובע קטן +מכסה 10 יח`,הנמל,IL,מגש הכסף תבנית אלומי,יחידה,0.00,יחידה,false,,9.90,0.0000,true,1,49708
835811005933,false,מגש הכסף תבנית אלומ` ענק 5 יח`,ווינפאק,,מגש הכסף תבנית אלומי,יחידה,0.00,יחידה,false,,9.90,0.0000,true,1,47870
835811005940,false,מגש הכסף תבנית אלומ` גדולה + מכסה 8 יח`,,IL,מגש הכסף-שמונה תבניו,יחידה,0.00,יחידה,false,,9.90,0.0000,true,1,47663
835811005957,false,מגש הכסף תבנית אלומ` 90 + מכסה 8 יח`,יבוא ושיווק: הנמל אר,IL,מגש הכסף תבנית אלומי,יחידה,0.00,יחידה,false,,9.90,0.0000,true,1,47871
835811005964,false,מגש הכסף מאורך אינגליש קייק 20 יח',ווינפאק,,מגש הכסף תבנית אלומי,יחידה,0.00,יחידה,false,,9.90,0.0000,true,1,47872
835811006053,false,קורנפלור 200 גרם הנמ,ר.ס חברה ליבוא ויצור,IL,קורנפלור 200 גר,גרמים,200.00,100 גרם,false,,3.30,0.0165,true,1,77910
835811006176,false,כוס קינוח קריסטל 24 יח' 60 CC,מיקרון מקינה,TR,כוס קינוח קריסטל,יחידה,0.00,יחידה,false,,15.90,0.0000,true,1,46601
835811006206,false,כוסות מקנה סוכר טבעי,שוורצקוף& הנקל דיסלד,IL,כוסות מקנה סוכר טבעי,יחידה,0.00,יחידה,false,,12.50,0.0000,true,1,44924
835811006213,false,קערות מתכלה מקנה סוכר טבעי 25 יח,"איטיליאן פוד, אס.פי.",IL,קערות למרק מקנה סוכר,יחידה,0.00,יחידה,false,,14.00,0.0000,true,1,44925
835811006220,false,צלחות ענקיות מתכלה מקנה סוכר טבעי 25 יח,הנמל,,צלחות ענק מקנה סוכר,יחידה,0.00,יחידה,false,,17.00,0.0000,true,1,45364
835811006237,false,צלחות קטנות מקנה סוכר טבעי 25 יח,הנמל,,צלחות קטנות מקנה סוכ,יחידה,0.00,יחידה,false,,9.40,0.0000,true,1,45365
835811006244,false,צלחות גדולות מקנה סוכר טבעי 25 יח,הנמל,,צלחות גדולות מקנה סו,יחידה,0.00,יחידה,false,,13.90,0.0000,true,1,44918
835811006435,false,מגש הכסף תבנית מלבן עמוק + מכסה 9 יח`,,IL,מגש הכסף תבנית מלבן,יחידה,0.00,יחידה,false,,9.90,0.0000,true,1,143436
835811006527,false,קשיות שתיה למילקשייק 125 יח' הנמל,שיווק: הנמל אריזות ו,IL,קשיות שתיה למילקשייק,יחידה,0.00,יחידה,false,,8.90,0.0000,true,1,53032
835811006695,false,"קוקטים לאפייה 20 יחידות ""הנמל""",הנמל,,קוקטים לאפיה 20 יח,יחידה,0.00,יחידה,false,,8.90,0.0000,true,1,53033
835811006701,false,קוקוטים לאפייה הנמל 24 יחידות,שוורצקוף& הנקל דיסלד,IL,קוקטים לאפייה 24 יח,יחידה,0.00,יחידה,false,,8.90,0.0000,true,1,53034
835811006763,false,הנמל תבניות אלומיניום לאפייה אישיות 20 יח,האנוי ואיוין אינטרנש,CN,תבניות אלומיניום לאפ,יחידה,0.00,יחידה,false,,6.90,0.0000,true,1,52136
835811006770,false,תבנית אולמניום עגול 5 יח',הנמל,,מגש הכסף תבנית עגול,יחידה,0.00,יחידה,false,,9.90,0.0000,true,1,81856
835811006985,false,בורגול מרובע 500 גר,הנמל,,בורגול 500 גר',גרמים,500.00,100 גרם,false,,4.50,0.0090,true,1,34209
835811007142,false,עדשים ירוקים הנמל 50,הנמל,,עדשים ירוקים 500 גר',גרמים,500.00,100 גרם,false,,7.50,0.0150,true,1,20844
835811007166,false,כוסות חד פעמיות מקרטון עם מכסה פלסטיק,"צח ייבוא ושיווק בע""מ",IL,כוסות קרטון קפה טו ג,יחידה,0.00,יחידה,false,,12.90,0.0000,true,1,17565
835811007180,false,פופ קורן הנמל 500 גר,הנמל,,לקט פופקורן 500 גר,גרמים,500.00,100 גרם,false,,6.90,0.0138,true,1,21301
835811007197,false,"עדשים אדומים הנמל 500 ק""ג",הנמל,,עדשים אדומים 500גר',גרמים,500.00,100 גרם,false,,7.50,0.0150,true,1,20080
835811007227,false,"הנמל לקט חיטה בד""ץ 500ג'",הנמל,,חיטה 500 גר',גרמים,500.00,100 גרם,false,,4.50,0.0090,true,1,20846
835811007234,false,אפונה יבשה הנמל 500 ג',יבוא ושיווק: הנמל אר,IL,אפונה יבשה 500 גר',גרמים,500.00,100 גרם,false,,5.50,0.0110,true,1,20847
835811007241,false,לקט שעועית 500 גרם (חמין),הנמל,,לקט חמין 500 גר' מרו,גרמים,500.00,100 גרם,false,,7.90,0.0158,true,1,20930
835811007258,false,שעועית לבנה הנמל 500,נארז על ידי: הנמל אר,IL,שעועית 500גר',גרמים,500.00,100 גרם,false,,7.50,0.0150,true,1,20848
835811007357,false,סלטינות אובלי 25 יח הנמל,הנמל,TR,סלטינות 25 יח,יחידה,0.00,יחידה,false,,5.90,0.0000,true,1,44745
835811007425,false,נרות חנוכה מיוחד 45 יח' pvc,הנמל,,נרות חנוכה,יחידה,0.00,יחידה,false,,5.90,0.0000,true,1,25504
835811007432,false,תבנית משפחתית מנייר מלבן גדול 3 יחידות הנמל,דוקארט,IL,תבנית משפחתית שלישי,יחידה,0.00,יחידה,false,,8.90,0.0000,true,1,17567
835811007494,false,גלטין טהור מדגים 2 יח` 14 X גר`,גואנגדונג מיניאנג,TW,ג'לטין טהור,גרמים,28.00,100 גרם,false,,10.50,0.3750,true,1,17568
835811007562,false,תבניות קרטון אינגליש קייק 6יח` ארוז 29X9X6,דוקרט תעשיית אריזות,IL,תבנית אינגליש קקיקס,יחידה,0.00,יחידה,false,,8.50,0.0000,true,1,17572
835811008132,false,ספוג מתכת בגליל 6 יח`,שוורצקוף& הנקל דיסלד,CN,ספוגי מתכת שישיה,יחידה,0.00,יחידה,false,,10.90,0.0000,true,1,42258
835811008347,false,גפרור מיוחד ענק הנמל 1 יחידה,הנמל,SE,גפרור ענק-45 יח'.,יחידה,0.00,יחידה,false,,4.90,0.0000,true,1,22595
835811008699,false,כפות שקוף/קרם עבה במיוחד הנמל 50 יח,"גרנג יוניברס , הונג",TR,כפות 50 יח שקוף עבה,יחידה,0.00,יחידה,false,,13.90,0.0000,true,1,79451
835811008743,false,קינואה 500 גר' מרובע,הנמל,,קינואה 500 גר' מרובע,גרמים,500.00,100 גרם,false,,11.90,0.0238,true,1,34210
835811008767,false,גריסי פנינה מרובע הנ,הנמל,,גריסי פנינה 500 גר',גרמים,500.00,100 גרם,false,,4.90,0.0098,true,1,34211
835811008934,false,מזלגות 50 יח שקוף/קרם עבה במיוחד,"גרנג יוניברס , הונג",TR,מזלגות שקופים- 50 יח,יחידה,0.00,יחידה,false,,13.90,0.0000,true,1,28540
835811008941,false,סכינים 50 יח שקוף/קרם עבה במיוחד,"איטיליאן פוד, אס.פי.",TR,סכינים חד פעמי 50יח,יחידה,0.00,יחידה,false,,13.90,0.0000,true,1,36003
835811008958,false,כפיות 50 יח שקוף/קרם עבה במיוחד,"גרנג יוניברס , הונג",TR,כפיות חד פעמי 50יח,יחידה,0.00,יחידה,false,,13.90,0.0000,true,1,37120
835811008989,false,כוסות קרטון 50 יח' גודל 12 OZ,הנמל,,כוסות קרטון 50 יח',יחידה,0.00,יחידה,false,,21.00,0.0000,true,1,39368
835811008996,false,"כוסות חד פעמי קרטון 295 מ""ל",הנמל,CN,כוסות קרטון 50 יח' מ,יחידה,0.00,יחידה,false,,15.90,0.0000,true,1,27850
835811009016,false,כוסות נייר OZ4 הנמל 50 יחידות,הנמל,CN,כוסות קרטון 50 יח' מ,יחידה,0.00,יחידה,false,,6.90,0.0000,true,1,27851
835811009023,false,"כוסות משקה חם קרטון 235 מ""ל",הנמל,,כוסות קרטון 8 /50 י,יחידה,0.00,יחידה,false,,12.90,0.0000,true,1,39400
835811009146,false,קערה קטן אובלי אלגנט,מיקרון מקינה,CN,קערה אלגנט אובלית קט,יחידה,0.00,יחידה,false,,17.90,0.0000,true,1,27970
835811009191,false,"צלחות אלגנט בינוני ח""פ הנמל 18 יח'",בי רייט,CN,צלחות גדולות אלגנט 1,יחידה,0.00,יחידה,false,,43.90,0.0000,true,1,28913
835811009221,false,"לפתניות אלגנט ח""פ הנמל 18 יח מהדרין",הנמל,,ליפתן אלגנט עגול 18,יחידה,0.00,יחידה,false,,17.90,0.0000,true,1,27971
835811009689,false,כוסות צבע מעורב 50 יח`,הנמל אריזות.,,כוסות צבע מעורב 50 י,יחידה,0.00,יחידה,false,,13.90,0.0000,true,1,33281
835811009795,false,כוס מרובעת 20יח 10 OZ פס כסף זהב,בי רייט,CN,כוס מרובעת 20 יח' קר,יחידה,0.00,יחידה,false,,19.90,0.0000,true,1,27972
837038000371,false,פלפל 4 צבעים במטחנה,NATURAL HERBS & SPIC,,מטחנה פלפל 4 צבעים,גרמים,185.00,100 גרם,false,,45.90,0.2481,true,1,80413
837038000685,false,מטחנה מלח הימלאיה 415 גר NATURAL HEBRS,NATURAL HERBS & SPIC,,מלח הימלאיה 415 גר',גרמים,415.00,100 גרם,false,,34.90,0.0841,true,1,56175
837038000692,false,N- פלפל שחור שלם במט,NATURAL HERBS & SPIC,,N- פלפל שחור שלם במט,גרמים,185.00,100 גרם,false,,42.90,0.2319,true,1,51461
839762000641,false,משקה איילנד מנגו נקטר 1 ל',"פאראגאלה,דה אג'יפשן קו פ",EG,משקה מנגו איילנד,ליטרים,1.00,ליטר,false,,11.90,11.9000,true,1,18450
839762000658,false,איילנד גויאבה המשקה של חופי סיני 1 ליטר,The Egyptian Co. for,EG,משקה גויאבה איילנד,ליטרים,1.00,ליטר,false,,11.90,11.9000,true,1,18451
839762002379,false,משקה נקטר מנגו איילנד 350מל,"פאראגאלה,דה אג'יפשן",EG,איילנד מנגו 350מל,מיליליטרים,350.00,"100 מ""ל",false,,5.50,0.0157,true,1,46869
839762002386,false,"איילנד גויאבה בקבוק 350 מ""ל","פאראגאלה,דה אג'יפשן",EG,"איילנד גויאבה 350 מ""",מיליליטרים,350.00,"100 מ""ל",false,,5.50,0.0157,true,1,46310
841058005285,false,אדג גל גילוח מועשר בשיבולת שועל 198 גרם,אדג' ג'ל,,אדג' ג'ל אפור לעור ר,גרמים,198.00,100 גרם,false,,17.90,0.0904,true,1,102981
850004207789,false,מיטבולס ביונד מיט 290 גרם,תאי פרזידנט פוד פאבל,US,מיטבולס ביונד מיט 29,גרמים,290.00,100 גרם,false,,34.90,0.1203,false,1,106769
850006036028,false,מאפה חיטה מקלונים בטעם סלק בצל 400 ג' עבאדי,עבאדי,IL,מקלונים בטעם סלק בצל,גרמים,400.00,100 גרם,false,,17.90,0.0447,false,1,144432
852629004774,false,רביעיית נקניקיות ביונד מיט 100 גרם,סווג ריבר ביונד מיט ארהב,US,רביעיית נקנקיות ביונ,גרמים,100.00,100 גרם,false,,33.90,0.3390,false,1,106771
853715003404,false,סוכריות טופי אורגניות - רימון ונקטרינה - מקל,,,סוכריות טופי אורגניו,גרמים,59.50,100 גרם,false,,9.90,0.1664,true,1,106934
856591000055,false,עוגיות מזרחיות קריספי שרוף במיוחד,מאפיית יוסף ושמחה עבאדי,IL,עוגיות מזרחיות קריספ,גרמים,400.00,100 גרם,false,,17.90,0.0447,true,1,82356
856591000062,false,עוגיות מזרחיות עם מלח עבאדי 400 גרם,מאפיית יוסף ושמחה עבאדי,IL,עוגיות מזרחיות עבדי,גרמים,400.00,100 גרם,false,,17.90,0.0447,false,1,8977
856591000109,false,עוגיות מזרחיות פריך במיוחד עבאדי 400 גרם,מאפיית יוסף ושמחה עבאדי,IL,עוגיות מזרחיות פריך,גרמים,400.00,100 גרם,false,,17.90,0.0447,true,1,36869
856591000512,false,עוגיות מזרחיות מקלונים עם שומשום עבאדי 400 גרם,מאפיית יוסף ושמחה עבאדי,IL,עוגיות מזרחיות מקלות,גרמים,400.00,100 גרם,false,,17.90,0.0447,false,1,36870
856591000918,false,מארז שמיניית חטיף טבעי עבאדי,עבאדי,IL,מארז חטיף טבעי עבאדי,גרמים,320.00,100 גרם,false,,18.90,0.0591,true,1,107227
856591000949,false,"מאפה חיטה מלוח ""קטנטנים"" עבאדי 350 גרם",עבאדי,IL,קטנטנים של עבאדי 350,גרמים,350.00,100 גרם,false,,14.90,0.0426,true,1,108815
856591000956,false,עוגיות קטנטנים של עבאדי טעם גריל 350 גרם,עבאדי,IL,קטנטנים בטעם גריל עב,גרמים,350.00,100 גרם,false,,14.90,0.0426,true,1,144431
859547004084,false,ספוג ניקוי לימון פרש סקראב דדי,סקראב דאבי,VN,ספוג ניקוי SCRUB DAD,יחידה,0.00,יחידה,false,,17.90,0.0000,true,1,141473
859547004466,false,קירצוף וספוג ניקוי SCRUB DADDY,סקראב דאבי,VN,ספוג ניקוי SCRUB MOM,יחידה,0.00,יחידה,false,,17.90,0.0000,true,1,141469
859547004688,false,ספוג קרצוף סקראב דדי,,US,ספוג ניקוי SCOUR DUD,יחידה,0.00,יחידה,false,,17.90,0.0000,true,1,141470
859605002052,false,חטיף צקי מאנקי עם בננה אורגני 60 גרם,השדה מוצרים טבעיים ו,IL,צ'יקי מאנקי עם בננה,גרמים,60.00,100 גרם,false,,6.50,0.1083,true,1,145201
871153000045,false,ריבת חלב 450 גר',,,ריבת חלב 450 גר',גרמים,450.00,100 גרם,false,,18.90,0.0420,true,1,143637
884912002372,false,דגני בוקר גרייט גריינס פוסט453 גרם,פוסט ארצות הברית,US,דגני בוקר קרנברי,גרמים,396.00,100 גרם,false,,23.90,0.0604,true,1,46467
884912102102,false,דגני סלקט עם אוכמניות 382 גרם פוסט,הנסיך- מפעל לייצור ט,US,גרייט גריינס בלוברי,גרמים,382.00,100 גרם,false,,23.90,0.0626,true,1,85345
884912126115,false,גרייט גריינס דגני בוקר עם פירות יבשים פוסט 453 גרם,הנסיך- מפעל לייצור ט,US,דגני גרייט גריינס די,גרמים,453.00,100 גרם,false,,23.90,0.0528,true,1,36967
884912129512,false,דגני בוקר קוקו פוסט פלינסטונס 311 גרם,פוסט לקיוויל,US,דגני פוסט קקאו פלינט,גרמים,311.00,100 גרם,false,,21.90,0.0704,true,1,144674
884912180629,false,דגני בוקר מחיטה מלאה גרוסה שרדד וויט,פוסט ארצות הברית,US,דגני שרדד וויט פוסט,גרמים,464.00,100 גרם,false,,21.90,0.0472,true,1,84862
884912342737,false,דגני בוקר קריספי וופל פוסט 326 גרם.,הנסיך- מפעל לייצור ט,US,דגני וופל קריספ פוסט,גרמים,326.00,100 גרם,false,,21.90,0.0672,true,1,100846
884912359155,false,דגני בוקר האני באנצ'ס האני רוסטד פוסט 340 גרם,פוסט ארצות הברית,US,דגני האני בנצ'ס רוסט,גרמים,340.00,100 גרם,false,,22.90,0.0674,true,1,144036
884912359162,false,האני באנצ' דגני בוקר עם שקדים פוסט 411 גרם,פוסט ארצות הברית,US,דגני האני בנצ'ס שקדי,גרמים,340.00,100 גרם,false,,22.90,0.0674,true,1,144037
884912359414,false,דגני בוקר האני באנצ'ס קינמון פוסט 340 גרם,פוסט ארצות הברית,US,דגני האני בנצ'ס קינמ,גרמים,340.00,100 גרם,false,,22.90,0.0674,true,1,144038
884912359421,false,דגני בוקר האני באנצ'ס מייפל ופקאן פוסט 340 גרם,פוסט ארצות הברית,US,דגני האני בנצ'ס מייפ,גרמים,340.00,100 גרם,false,,22.90,0.0674,true,1,144039
884912359483,false,דגני בוקר האני באנצ'ס תות פוסט 311 גרם,פוסט ארצות הברית,US,דגני האני בנצ'ס תות,גרמים,311.00,100 גרם,false,,22.90,0.0736,true,1,144040
884912365200,false,דגני בוקר אוראו שחור ולבן 311 גרם,פוסט ארצות הברית,US,דגני בוקר אוראו 311,גרמים,311.00,100 גרם,false,,19.90,0.0640,true,1,145819
884912365217,false,דגני בוקר אוראו שחור ולבן 311 גרם,פוסט ארצות הברית,US,דגני בוקר אוראו,גרמים,311.00,100 גרם,false,,18.90,0.0608,true,1,106468
884912377142,false,דגני בוקר האני באנצ'ס וניל פוסט 340 גרם,פוסט ארצות הברית,US,דגני האני באנצ'ס וני,גרמים,340.00,100 גרם,false,,22.90,0.0674,true,1,144016
893594002051,false,"חטיף פופקורן צ`יפס בטעם גבינת צ`דר, 28ג Medora snacks",PepsiCo inc. Frito lay Division,US,פופקורנס גבינת צ'דר,גרמים,28.00,100 גרם,false,,6.50,0.2321,true,1,145657
893594002068,false,"חטיף פופקורן צ`יפס עם מלח ים,28 ג HANTRONIX",PepsiCo inc. Frito lay Division,US,פופקורנס מלח ים,גרמים,28.00,100 גרם,false,,6.50,0.2321,true,1,145658
1000201100409,false,6 גומיות שחורות בבלי,אימפופיקס,,6 גומיות שחורות בבלי,יחידה,0.00,יחידה,false,,8.90,0.0000,true,1,57671
1230000068314,false,בשר טחון מהצומח ביונד מיט 300 גרם,זנברגן וורלד פינסט מיט ב,NL,בשר טחון ביונד מיט 3,גרמים,300.00,100 גרם,false,,31.90,0.1063,false,1,106770
3012991502002,false,"רום נגריטה לבן 700 מ""ל",ברדינה,,"רום נגריטה 700 מ""ל",יחידה,700.00,יחידה,false,,75.00,0.1071,true,1,58086
3014260022839,false,אורל בי דליקייט וויט זוג 40 MEDIUM,פרוקטר אנד גמבל,IN,זוג מברשת אוראל בי נ,יחידה,0.00,יחידה,false,,19.90,0.0000,true,1,76551
3014260100698,false,אורל בי מברשת שיניים ילדים 6-12 שנים,פרוקטר אנד גמבל,IE,אורל בי מברשת גוניור,יחידה,0.00,יחידה,false,,15.90,0.0000,true,1,143844
3014260240226,false,"קצף גילוח ג'ילט לעור רגיש 200 מ""ל",פרוקטר אנד גמבל,GB,ג'ילט קצף גילוח רגיש,מיליליטרים,200.00,"100 מ""ל",false,,14.90,0.0745,true,1,34196
3014260262709,false,סכיני גילוח לאישה 3 להבים,ג'ילט ונוס Gillette Venus,DE,סכיני גילוח ונוס רבי,יחידה,0.00,יחידה,false,,44.90,0.0000,true,1,8171
3014260280772,false,אורל בי חוט דנטלי אסנשיאל מנטה שעווה 50מ',פרוקטר אנד גמבל,IE,חוט דנטלי מנטה עם שע,יחידה,0.00,יחידה,false,,16.90,0.0000,true,1,27332
3014260287030,false,סכיני גילוח חד פעמי חמישיה gullette,פרוקטר אנד גמבל,MD,ג'ילט 2 חמישיה.,יחידה,0.00,יחידה,false,,9.90,0.0000,false,1,22720
3014260289287,false,סכין גילוח גילט בלו 2 לנשים-חמישייה,פרוקטר אנד גמבל,RU,סכיני גילוח בלו 2 לנ,יחידה,0.00,יחידה,false,,15.90,0.0000,true,1,44896
3014260836665,false,אורל בי פרו אקספרט להגנה מקיפה 35 רך זוג,פרוקטר אנד גמבל,IE,זוג מברשת שיניים אור,יחידה,0.00,יחידה,false,,39.90,0.0000,true,1,76552
3024482270109,false,"קוניאק רמי מרטין 700 מ""ל V.S.O.P",רמי קואנטרו,,V.S.O.P קוניאק רמי מ,יחידה,700.00,יחידה,false,,260.00,0.3714,true,1,43230
3045200760009,false,"דזיטול נוזל מחטא בגדים בכביסה 500 מ""ל",יעקובי,BE,דזיטול נוזל מחטא בגד,מיליליטרים,500.00,"100 מ""ל",false,,13.90,0.0278,true,1,93310
3045201106004,false,מסיר כתמים אידיאל כד,יעקובי,FR,אדיאל מסיר כתמים כחו,מיליליטרים,150.00,"100 מ""ל",false,,19.90,0.1327,true,1,45057
3045206312257,false,דזיטול מגבונים לכל משטח מחטא ומשמיד,יעקבי - דזיטול Desytol,ES,דזיטול מגבונים,יחידה,0.00,יחידה,false,,14.90,0.0000,true,1,45060
3045206360609,false,"דזיטול נוזל מחטא בגדים בכביסה, 1 ליטר",רלוי,ES,דזיטול נוזל מחטא בגד,ליטרים,1.00,ליטר,false,,22.90,22.9000,true,1,108931
3046920010856,false,לינדט שוקולד אקסלנס לימון גינגיר 100 גר,לינדט ושפרונגלי,CH,שוקולד לינדט אקסלנס,גרמים,100.00,100 גרם,false,,15.00,0.1500,true,1,101440
3046920016377,false,לינדט שוקולד אקסלנס מריר 100% קקאו 50 גר,לינדט ושפרונגלי,DE,לינדט אקסלנס 100 גר',גרמים,100.00,100 גרם,false,,15.00,0.1500,true,1,103306
3046920027281,false,שוקולד מריר אקסלנס במילוי קרמל ומלח ים,לינדט ושפרונגלי קילשברג,FR,שוקולד לינדט אקסלנס,גרמים,100.00,100 גרם,false,,15.00,0.1500,true,1,76841
3046920028004,false,לינדט שוקולד אקסלנס מריר 70% 100 גר,לינדט ושפרונגלי קילשברג,FR,שוקולד לינדט מריר 70,גרמים,100.00,100 גרם,false,,15.00,0.1500,true,1,9528
3046920028363,false,לינדט אקסלנס 85% מוצקי קקאו 100 גרם,לינדט ושפרונגלי קילשברג,FR,שוקולד לינדט אקסלנס,גרמים,100.00,100 גרם,false,,15.00,0.1500,true,1,9529
3046920028721,false,שוק.מריר לינדט 99% 50גרם,לינדט ושפרונגלי קילשברג,FR,לינדט אקסלנס 99%,גרמים,50.00,100 גרם,false,,15.00,0.3000,true,1,84708
3046920028752,false,שוקולד לינדט אקסלנס מינט 100 גרם,לינדט ושפרונגלי קילשברג,FR,לינדט אקסלנס מנטה 10,גרמים,100.00,100 גרם,false,,15.00,0.1500,true,1,26451
3046920029674,false,שוקולד לינדט אקסלנס סולט 100 גרם,לינדט ושפרונגלי קילשברג,DE,לינדט אקסלנס עם שבבי,גרמים,100.00,100 גרם,false,,15.00,0.1500,true,1,33374
3046920029681,false,לינדט שוקולד אקסלנס מילד 85% קקאו 100 גר,לינדט ושפרונגלי,DE,לינדט אקסלנס מילד 10,גרמים,100.00,100 גרם,false,,15.00,0.1500,true,1,103096
3046920029759,false,לינדט אקסלנס 90% מוצקי קקאו 100 גרם,לינדט ושפרונגלי קילשברג,DE,שוקולד לינדט אקסלנס,גרמים,100.00,100 גרם,false,,15.00,0.1500,true,1,76842
3059940007768,false,"מבשם אוויר אירוויק ספריי וניל אורכידאה 240 מ""ל",איירוויק Air Wick,GB,אירוויק ספריי וניל,יחידה,240.00,יחידה,false,,9.90,0.0413,false,1,39855
3059943015104,false,"אירוויק מבשם אויר נטול גז בניחוח פריסיה ויסמין 345 מ""ל",איירוויק Air Wick,PL,אירוויק נטול גז פריס,מיליליטרים,345.00,"100 מ""ל",false,,14.90,0.0432,true,1,36050
3059943015128,false,מבשם אוויר נטול גז אקווה מיסט בניחוח לבנדר פראי ואוויר הרים,איירוויק Air Wick,PL,אירוויק נטול גז לבנד,מיליליטרים,345.00,"100 מ""ל",false,,14.90,0.0432,true,1,35670
3059943016507,false,"אירוויק ספריי בניחוח לבנדר וקמומיל 240 מ""ל",איירוויק Air Wick,GB,אירוויק ספריי לבנדר,מיליליטרים,250.00,"100 מ""ל",false,,9.90,0.0396,false,1,39856
3059943016569,false,"מבשם אוויר אירוויק ספריי פרסיה ויסמין 240 מ""ל",איירוויק Air Wick,GB,אירוויק ספריי פריסיה,מיליליטרים,250.00,"100 מ""ל",false,,9.90,0.0396,false,1,39853
3067140243114,false,אבקה להכנת משקה על בסיס עולש בטעם קרמל,LEROUX COFFEE SUB,FR,אבקה לירוקס להכנת מש,גרמים,100.00,100 גרם,false,,26.90,0.2690,true,1,8365
3069538102027,false,רביעיית רכז עגבניות צ'יריו 70 גרם,,,רביעיית רכז עגבניות,גרמים,70.00,100 גרם,false,,8.90,0.1271,true,1,144159
3073781161663,false,גבינה מותכת 18.5% שומן לה וואש קירי,לה וואש קירי La Vache qui rit,FR,גבינה לוואש קירי 8 י,גרמים,128.00,100 גרם,false,,11.90,0.0930,true,1,108299
3073781161687,false,גבינה מותכת לוואש קירי 256 גרם,פרומאג'רי בל דום סאם,FR,גבינה לוואש קירי 16,גרמים,256.00,100 גרם,false,,22.70,0.0887,true,1,108300
3073781162790,false,גבינה מותכת בייבי בל 120 גרם,מחלבות בל,FR,בייביבל ברשת,גרמים,120.00,100 גרם,false,,19.90,0.1658,true,1,143995
3159560595000,false,יין רוזה דאנזו קאלוו,צרפת גראן שה דה פראנ,,יין ד'אנז'ו רוזה,מיליליטרים,750.00,"100 מ""ל",false,,39.90,0.0532,true,1,91615
3161911229199,false,חמאה צרפתית רכה למריחה אל & ויר 250 גרם,אלל אה וויר,FR,חמאה רכה,גרמים,250.00,100 גרם,false,,21.00,0.0840,true,1,18099
3161911366429,false,חמאה צרפתית מלוחה רכה למריחה אלוויר 250 גר',ארזינא,FR,חמאה רכה מלוחה,גרמים,250.00,100 גרם,false,,21.00,0.0840,true,1,18101
3161911393210,false,אלוויר חמאת נורמנדי מלוחה 200 גרם,אלוויר,FR,חמאת נורמנדי מלוחה א,גרמים,200.00,100 גרם,false,,17.90,0.0895,true,1,143793
3175460000017,false,גבינת בורסאן שום ועשבי תיבול 150 גר,השחר,FR,גבינת בורסן שום ועשב,גרמים,200.00,100 גרם,false,,21.90,0.1095,true,1,27270
3175460030083,false,גבינת בורסאן בצל ועירית 150 גר,השחר,FR,בורסאן עם שלות ועירי,גרמים,150.00,100 גרם,false,,21.90,0.1460,true,1,24177
3178530402278,false,עוגיות גאלט חמאה קרם 150 גרם,סן מישל St Michel,FR,עוגיות גאלט חמאה עם,גרמים,150.00,100 גרם,false,,16.90,0.1127,true,1,84125
3178530402353,false,עוגות מיני מדלן קלאסי סאן מישל 175 גרם,סאן מישל ביסוויט,FR,עוגיות מנדל רכות,גרמים,175.00,100 גרם,false,,10.60,0.0606,true,1,82686
3178530407938,false,עוגיות מיני מדליין עם שוקוצ'יפס סאן מישל 175 גרם,סן מישל St Michel,FR,מיני מדליין עם פצפוצ,גרמים,175.00,100 גרם,false,,11.90,0.0680,true,1,84128
3276210001114,false,"יין דומיין לה פרייר סאנסר 750 מ""ל",,FR,לה פרייר סאנסאר,מיליליטרים,750.00,"100 מ""ל",false,,79.90,0.1065,true,1,96443
3276210810105,false,יין לה פטיט פרייר סוביניון בלאן 750 מל,,,לה פטיט פרייר סוביני,מיליליטרים,750.00,"100 מ""ל",false,,42.90,0.0572,true,1,95539
3276210811102,false,יין אדום יבש פינו נואר 750 מל,,,לה פטיט פרייר פינו נ,מיליליטרים,750.00,"100 מ""ל",false,,42.90,0.0572,true,1,95542
3276210812109,false,יין לה פטיט פרייר פינו נואר רוזה 750 מל,,,לה פטיט פרייר פינו נ,מיליליטרים,750.00,"750 מ""ל",false,,42.90,0.0572,true,1,95540
3335121604934,false,חרדל דיג'ון חלק פלוטקין 370 גרם,קובינור,FR,חרדל חלק 370 גר',גרמים,370.00,100 גרם,false,,9.90,0.0268,true,1,30637
3335121614933,false,חרדל דיג'ון עם גרגירים שלמים 370 גרם,קובינור,,שאטל חרדל דיזון גרגי,גרמים,200.00,100 גרם,false,,10.50,0.0525,true,1,23189
3387390525960,false,קראנץ' דגני בוקר עם שוקולד חלב נסטלה 500 גרם,הנסיך- מפעל לייצור ט,FR,דגנים קראנץ' נסטלה 5,גרמים,500.00,100 גרם,false,,19.90,0.0398,false,1,31258
3387390730852,false,פיטנס דגנים מחיטה מלאה ואורז נסטלה 375 גרם,נסטלה צרפת איטנקורט,FR,פיטנס דגני בוקר 375,גרמים,375.00,100 גרם,false,,21.90,0.0584,false,1,6774
3415581114126,false,גלידה בטעם קרמל מתוק-מלוח 473 ג' האגן דאז,האגן-דאז,FR,גלידת האגן דאז קרמל,גרמים,400.00,100 גרם,false,,24.90,0.0622,true,1,51160
3415581332278,false,גלידה מיני קאפס אגוז,האגן-דאז,FR,האגן-דאז גלידת שמנת,יחידה,0.00,יחידה,false,,8.50,0.0000,true,1,92303
3415581533286,false,האגן-דאז גלידה שוקול,האגן-דאז,FR,האגן-דאז גלידה שוקול,מיליליטרים,100.00,"100 מ""ל",false,,8.50,0.0850,true,1,92304
3415582300924,false,גלידה האגן דאז דואו שוקולד בלגי וניל קרא,האגן-דאז,FR,גלידת האגן דאז דואו,גרמים,353.00,100 גרם,false,,24.90,0.0705,true,1,146429
3415582301921,false,גלידה האגן דאז דואו שוקולד נריר קרמל מלו,האגן-דאז,FR,גלידת האגן דאז דואו,גרמים,355.00,100 גרם,false,,24.90,0.0701,true,1,146430
3445850070778,false,"מלח ים אטלנטי טבעי אורגני 1 ק""ג",סלינס דה גרנד,FR,מלח ים אטלנטי,יחידה,1.00,יחידה,false,,19.90,19.9000,true,1,37659
3451271002809,false,"יין אלן זופרואה שאבלי 750 מ""ל",,,שאבלי יין לבן אלן ז',מיליליטרים,750.00,"100 מ""ל",false,,72.90,0.0972,true,1,95532
3523230025638,false,"גבינת עיזים בושה טבעי, 125 גרם",אוריאל,FR,גבינת בושה עיזים 125,גרמים,125.00,100 גרם,false,,22.90,0.1832,true,1,55147
3523230025652,false,"גבינת מיני בושה עם שום ועשי תיבול ועשבי, 125 גרם",סואניון,FR,גבינת מיני בושה שום,גרמים,125.00,100 גרם,false,,22.90,0.1832,true,1,106304
3523230026826,false,"גבינת עיזים למריחה פירמידה, 140 גרם",סואניון,FR,גבינת עיזים טבעי פיר,גרמים,140.00,100 גרם,false,,23.90,0.1707,true,1,86314
3544760002449,false,"מלח ים אטלנטי 1 ק""ג+ AQUASEL 10%",,,"מלח אטלנטיק 1.1 ק""ג",קילוגרמים,1.10,"ק""ג",false,,18.50,16.8182,true,1,53120
3563490014898,false,ריין דיז'ון חרדל דיז'ון 265 גרם,ריין דיז'ון reine dijon,FR,חרדל דיזון לחיץ 255,גרמים,265.00,100 גרם,false,,11.90,0.0449,true,1,58583
3574660089547,false,טמפונים נורמל קלאסי אובה 32 יחידות,ג'\ונסון אנד ג'\ונסון,GR,אובה קלאסי נורמל 32י,יחידה,0.00,יחידה,false,,22.90,0.0000,true,1,25627
3574660239829,false,קרם ידיים קל סדרה נורבגית נוטרוגינה 50 מ,ניוטרוג'ינה Neutrogena,FR,קרם ידיים נוטרוג'ינה,מיליליטרים,75.00,"100 מ""ל",false,,26.90,0.3587,true,1,38178
3574660333466,false,טמפונים מיני פרו קומפורט אובה 32 יחידות,הנסיך- מפעל לייצור ט,DE,או-בה פרוקומפורט מינ,יחידה,0.00,יחידה,false,,22.90,0.0000,true,1,45997
3574660514643,false,קרם לחות רב שימושי עשיר נוטרוגינה 300 מל,ניוטרוג'ינה Neutrogena,IT,נוטרג'ינה קרם לחות ע,מיליליטרים,300.00,"100 מ""ל",false,,26.90,0.0897,true,1,51041
3574661203577,false,"ליסטרין שטיפת פה 500 ADVANCED WHITEמ""ל",ג'ונסון,IT,ליסטרין וויט שטיפת פ,מיליליטרים,500.00,"100 מ""ל",false,,17.90,0.0358,true,1,95571
3574661391434,false,ניוטרוגינה תרסיס גוף הידרו בוסט 200 מל,שסטוביץ,GR,ניוטרוג'ינה תרסיס הי,מיליליטרים,200.00,"100 מ""ל",false,,32.90,0.1645,true,1,103695
3574661392493,false,ניוטרוגינה קרם גוף הידרו בוסט 200 מייל,שסטוביץ,FR,ניוטרוג'ינה קרם גוף,מיליליטרים,200.00,"100 מ""ל",false,,29.90,0.1495,true,1,95194
3574661428048,false,"ג’ונסון מנקה ומגן – סבון ידיים וגוף לילד 500 מ""ל",ג'ונסונס Johnson's,IT,ג'ונסון בייבי סבון י,מיליליטרים,500.00,"100 מ""ל",false,,14.90,0.0298,true,1,144878
3574661485201,false,טמפונים אובה סופר 32 יח' פרוקומפורט,Johnson Toilet-IT,FR,אובה פרוקומפורט סופר,יחידה,0.00,יחידה,false,,22.90,0.0000,true,1,144358
3574661485218,false,טמפונים נורמל אובה 32 יח' פרוקומפורט,"ש. שסטוביץ בע""\מ",FR,אובה פרוקונפורט נורמ,יחידה,0.00,יחידה,false,,22.90,0.0000,true,1,144615
3574661487328,false,קרפרי מגני תחתון אורגינל פלוס 56 יח',הדקלאים אגודת שיתופי,IT,קרפרי מגן תחתון 56 י,יחידה,0.00,יחידה,false,,15.90,0.0000,true,1,98400
3574661487335,false,מגן תחתון קרפרי מקסי לונג ריחני 40 יחידות,קרפרי Carefree,IT,קרפרי מקסי לונגי ריח,יחידה,0.00,יחידה,false,,15.90,0.0000,true,1,98288
3574661487625,false,מגני תחתון פלוס לארג' בניחוח עדין L,הדקלאים אגודת שיתופי,IT,קרפרי מגן תחתון מקסי,יחידה,0.00,יחידה,false,,15.90,0.0000,true,1,98687
3574661506272,false,קרפרי מגבונים אינטימיים אלוורה 20 יח,ג'\ונסון אנד ג'\ונסון,DE,קרפרי מגבונים אינטימ,יחידה,0.00,יחידה,false,,17.90,0.0000,true,1,98700
3574661530697,false,גונסונס בייבי תרחיץ ושמפו לתינוק 500 מל,ג'ונסונס Johnson's,IT,ג'ונסון בייבי תרחיץ,מיליליטרים,500.00,"100 מ""ל",false,,18.90,0.0378,true,1,96449
3574661552576,false,קרפרי מגן תחתון רגיל טנגה לבן 56 יח חדש,הדקלאים אגודת שיתופי,GR,קרפרי מגן תחתון טנגה,יחידה,0.00,יחידה,false,,15.90,0.0000,true,1,101590
3574661552804,false,מגן תחתון קרפרי אלוורה 56 יחידות,הדקלאים אגודת שיתופי,IT,קרפרי מגן תחתון אלוו,יחידה,0.00,יחידה,false,,15.90,0.0000,true,1,103400
3574661552811,false,מגן תחתון קרפרי כותון אוורירי 56 יחידות,הדקלאים אגודת שיתופי,GR,קרפרי כותון אוורירי,יחידה,0.00,יחידה,false,,15.90,0.0000,true,1,102246
3574661610344,false,נטרוגינה קרם לחות עשיר ומרוכז לעור יבש ע,גונסון אנד גונסון סנטה ב,IT,ניוטרוגינה קרם לחות,מיליליטרים,300.00,"100 מ""ל",false,,26.90,0.0897,true,1,142825
3574669907682,false,גונסונס בייבי טלק 500 גרם חדש,גונסון אנד גונסון,IT,ג'ונסון בייבי טלק 50,גרמים,500.00,100 גרם,false,,31.90,0.0638,true,1,96451
3574669908146,false,גונסונס בייבי תחליב לפני שינה 500 מל חדש,ג'ונסונס Johnson's,IT,גונסון בייבי תחליב ל,מיליליטרים,500.00,"100 מ""ל",false,,27.90,0.0558,true,1,96257
3574669908481,false,גונסונס בייבי אל סבון אמבט 750 מל חדש,ג'ונסונס Johnson's,IT,גונסון בייבי אל סבון,מיליליטרים,750.00,"100 מ""ל",false,,21.90,0.0292,true,1,96251
3574669908665,false,גונסונס בייבי אל סבון לפני השינה 750 מל,גונסון אנד גונסון,IT,גונסון בייבי אל סבון,מיליליטרים,750.00,"100 מ""ל",false,,21.90,0.0292,true,1,96284
3574669909204,false,גונסונס בייבי שמן לתינוק 300 מל,ג'ונסונס Johnson's,IT,ג'ונסון בייבי שמן,מיליליטרים,300.00,"100 מ""ל",false,,21.90,0.0730,true,1,96454
3574669909495,false,"ג'ונסונס שמפו הקץ לקשרים 500 מ""ל",Johnson Toilet-IT,IT,ג'ונסון שמפו הקץ לקש,מיליליטרים,500.00,"100 מ""ל",false,,19.90,0.0398,true,1,96453
3600521720219,false,קרם פנים לילה עם פעולה משולשת לכל סוגי העור,"קרלסרו, גרמניה",DE,קרם לחות ללילה,יחידה,50.00,יחידה,false,,45.90,0.9180,true,1,88089
3600522378051,false,לוריאל - אקסלנס קרם 6.32 חום בהיר זהוב מעודן,ליברמו,BE,צבע לשיער לוריאל,יחידה,0.00,יחידה,false,,34.90,0.0000,true,1,88726
3600523642489,false,מסכת הזנה אינטנסיבית 6 שמנים לשיער יבש,לוריאל - אלביב Elvive,DE,אלביב מסכת שמנים,מיליליטרים,300.00,"100 מ""ל",false,,22.90,0.0763,true,1,96697
3600523651870,false,שמפו לחיזוק סיב השערה לכל סוגי השיער,לוריאל - אלביב Elvive,TR,שמפו ארגינין אלביב,מיליליטרים,550.00,"100 מ""ל",false,,14.90,0.0271,true,1,92550
3600523651900,false,מרכך לחיזוק סיב השערה לכל סוגי השיער,לוריאל - אלביב Elvive,TR,מרכך ארגינין אלביב,מיליליטרים,550.00,"100 מ""ל",false,,14.90,0.0271,true,1,92496
3600523652228,false,"לוריאל - אלביב מרכך טוטאל ריפר 550 מ""ל",לוריאל - אלביב Elvive,TR,מרכך טוטאל ריפר אלבי,מיליליטרים,550.00,"100 מ""ל",false,,14.90,0.0271,true,1,92502
3600523652242,false,"לוריאל - אלביב שמפו קולור פרוטקט 550 מ""ל",לוריאל - אלביב Elvive,TR,שמפו קולור פרוטקט אל,מיליליטרים,550.00,"100 מ""ל",false,,14.90,0.0271,true,1,92503
3600523652259,false,"לוריאל - אלביב מרכך קולור פרוטקט 550 מ""ל",קוסמטיקס,TR,מרכך קולור פרוטקט אל,מיליליטרים,550.00,"100 מ""ל",false,,14.90,0.0271,true,1,92504
3600523652297,false,"מרכך לשיער אלביב זהב 6 שמנים , 550 מ""ל",לוריאל - אלביב Elvive,TR,מרכך 6 שמנים אלביב,מיליליטרים,550.00,"100 מ""ל",false,,14.90,0.0271,true,1,92497
3600523755806,false,"לוריאל - אלביב שמפו קוקוס 550 מ""ל",קוסמטיקס,TR,שמפו אלביב קוקוס,מיליליטרים,550.00,"100 מ""ל",false,,14.90,0.0271,true,1,99225
3600523756322,false,"לוריאל - אלביב מרכך קוקוס 550 מ""ל",קוסמטיקס,TR,אלביב מרכך קוקוס 550,מיליליטרים,550.00,"100 מ""ל",false,,14.90,0.0271,true,1,99226
3600523782567,false,"לוריאל - אלביב שמפו דרים לונג 500 מ""ל",קוסמטיקס,FR,שמפו אלביב דרים לונג,מיליליטרים,500.00,"100 מ""ל",false,,14.90,0.0298,true,1,96698
3600523782574,false,לוריאל - אלביב מסכה דרים לונג 300,לוריאל - אלביב Elvive,DE,אלביב מסכה לשיער,מיליליטרים,300.00,"100 מ""ל",false,,22.90,0.0763,true,1,96699
3600523782581,false,מרכך מתיר קשרים לשיער ארוך ופגום Dream Long,לוריאל - אלביב Elvive,FR,אלביב מרכך שיער 500,מיליליטרים,500.00,"100 מ""ל",false,,14.90,0.0298,true,1,96694
3600523816699,false,לוריאל - דרמו פעולה משולשת פרש ג'ל עברית,"קרלסרו, גרמניה",DE,קרם ג'ל פרש טריפל לו,מיליליטרים,50.00,"100 מ""ל",false,,47.90,0.9580,true,1,107043
3600523936700,false,לוריאל - דרמו משולשת נוטרישן לעור יבש עברית,"קרלסרו, גרמניה",DE,קרם לוריאל דרמו פעול,מיליליטרים,50.00,"100 מ""ל",false,,44.90,0.8980,true,1,107044
3600540928863,false,"גרנייה - דאודורנט רול און לאישה אינביזי קליר 50 מ""ל",קוסמופול,FR,דאוד' רול גרנייה,מיליליטרים,50.00,"100 מ""ל",false,,10.90,0.2180,true,1,36370
3600541029323,false,גרנייה אסנשיאל מסיר איפור 2 ב- 1,SOPROCOS סופרוקוס,FR,מסיר איפור 2 ב- 1 גר,מיליליטרים,200.00,"100 מ""ל",false,,21.90,0.1095,true,1,88092
3600541253667,false,"גרנייה - דאודורנט ספריי לאישה אינביזיבל BWC (ורוד) 150 מ""ל","לוריאל ישראל בע""מ",FR,דאוד' ספריי גרנייה,מיליליטרים,150.00,"100 מ""ל",false,,10.90,0.0727,true,1,88103
3600541382930,false,גרנייה - מים מיסלרים לכל סוגי העור,"קוסמופול, פולין",PL,מים מיסלרים לכל סוג,מיליליטרים,400.00,"100 מ""ל",false,,29.90,0.0747,true,1,94516
3600541928275,false,מי פנים מיסלריים דו-פאזיים מסיר איפור עמיד במים,"קוסמופול, פולין",PL,מים מיסלרים דו פאזיי,מיליליטרים,400.00,"100 מ""ל",false,,29.90,0.0747,true,1,94209
3600541952720,false,ג'ל גרגירים עם פחם פעיל לטיפול בראשים שחורים,גרנייה Garnier,FR,"ג'ל גרגרים 150 מ""ל",מיליליטרים,150.00,"100 מ""ל",false,,34.90,0.2327,true,1,93108
3600541956223,false,"גרנייה פיור לניקוי וטיפול בסימנים ופגעי עם מברשת 150 מ""ל","קרלסרו, גרמניה",DE,גרנייר פיוראקטיב ג'ל,מיליליטרים,150.00,"100 מ""ל",false,,33.90,0.2260,true,1,93322
3600542216647,false,"גרנייה - דאודורנט ספריי לאישה 96 שעות אקשן קונטר 150 מ""ל",לוריאל,FR,דאודורנט ספריי 150 מ,מיליליטרים,150.00,"100 מ""ל",false,,10.90,0.0727,true,1,106916
3600542365710,false,גרנייה - פיור ג'ל ניקוי,לוריאל,PL,גרנייה פיור ג'ל לניק,100 מל,200.00,100 מל,false,,29.90,0.1495,true,1,107346
3600542365796,false,גרניה בוטניקל גל ניקוי ענבים 200 מל,לוריאל,PL,בוטניקל ג'ל ניקוי גר,100 מל,200.00,100 מל,false,,21.90,0.1095,true,1,107310
3600542385275,false,"גרנייה - דאודורנט רול און לאישה פיור אקטיב 50 מ""ל",גרנייה Garnier,FR,רול און גרנייר,מיליליטרים,50.00,"100 מ""ל",false,,10.90,0.2180,true,1,106767
3607340717635,false,אדידס גל רחצה לגבר אייס דייב 400 מל,קוטי ס.פ,ES,אדידס אייס דייב ג'ל,מיליליטרים,400.00,"100 מ""ל",false,,10.00,0.0250,true,1,91968
3607345264912,false,"אדידס בודי ספריי לגבר אייס דייב, ללא אלומיניום, 150 מל",אגריפק אס איי לגרדה,ES,פיוז'ן-ספריי גוף איי,מיליליטרים,150.00,"100 מ""ל",false,,19.90,0.1327,true,1,41547
3607347320449,false,"אדידס - ג'ל רחצה ספורט אנרג'י 400 מ""ל",קוטי ס.פ,ES,אדידס ספורט אנרגי ג',מיליליטרים,400.00,"100 מ""ל",false,,10.00,0.0250,true,1,91966
3608580075646,false,קונפיטורה בטעם שזיפים 370 גר BONNE MAMAN,בון מאמא,FR,קונפיטורה שזיפים,גרמים,370.00,100 גרם,false,,19.90,0.0538,true,1,141463
3608580730231,false,קונפיטורה בון ממאן תות שדה 370 גר',אף.סי תבליני בגליל ב,FR,קונפיטורה תות 370 גר,גרמים,370.00,100 גרם,false,,19.90,0.0538,true,1,78667
3608580730248,false,קונפיטורה דובדובן 370 ג' בוני מאמן,בון ממן,FR,קונפיטורה דבדבן 370,גרמים,370.00,100 גרם,false,,19.90,0.0538,true,1,78668
3608580730255,false,קונפיטורה בטעם משמש 370 גר BONNE MAMAN,בון ממן,FR,קונפיטורה משמש 370 ג,גרמים,370.00,100 גרם,false,,19.90,0.0538,true,1,78669
3614224056537,false,"דאו ספריי לנשים אדידס אדיפוואר 150 מ""ל",COLEPCCL,PT,דאודורנט אדידס נשים,מיליליטרים,150.00,"100 מ""ל",false,,19.90,0.1327,true,1,96227
3661163990545,false,"אדידס דאודורנט ספריי לגברים אקשיין 200 מ""ל",מיוצר עי קונדיטוריית,PT,דאו' ספריי לגבר A3דר,מיליליטרים,200.00,"100 מ""ל",false,,19.90,0.0995,true,1,36111
3661163991146,false,"אדידס - דאודורנט ספריי לאישה קול אנד קר פרש 150 מ""ל",מיוצר עי קונדיטוריית,PT,דאו' ספריי לאישה A3ד,מיליליטרים,200.00,"100 מ""ל",false,,19.90,0.0995,true,1,41242
3661163991580,false,"אדידס - דאודורנט ספריי לאישה קול אנד קר 6 ב-1 150 מ""ל",מיוצר עי קונדיטוריית,PT,דאו' ספריי לאישה A3ד,מיליליטרים,200.00,"100 מ""ל",false,,19.90,0.0995,true,1,41243
3662444002766,false,חלה בריוש ראובנס 500 גרם,אר.אפ.די,FR,ראובנס חלה בריוש,גרמים,500.00,100 גרם,false,,19.90,0.0398,true,1,94398
3700604200222,false,אריסה טוניסאית 350 גרם,,,אריסה טוניסאית 350 ג,גרמים,350.00,100 גרם,false,,21.90,0.0626,true,1,92624
3760040421261,false,פול מאס-יין רוזה סיר,צרפת פול מאס,,פול מאס-יין רוזה סיר,מיליליטרים,750.00,"100 מ""ל",false,,42.90,0.0572,true,1,77137
3770000016796,false,"יין שבלי דומיין דה שאטיון כשל""פ 750 מ""ל",דומיין דה לה,FR,שאבלי דומיין דה שאטי,מיליליטרים,750.00,"100 מ""ל",false,,90.00,0.1200,true,1,100837
3770019952023,false,יין רוזה שאטו מאסיו,,,יין רוזה שאטו מאסיו,מיליליטרים,750.00,"100 מ""ל",false,,59.90,0.0799,true,1,145823
3800020403631,false,קיט קט וופל פריך עם קרם בוטנים (19%) בציפוי שוקולד חלב (61.8%),נסטלה בולגריה A.D.,BG,קיט קאט צ'אנקי חמאה,גרמים,42.00,100 גרם,false,,3.70,0.0881,true,1,51689
3800020423578,false,חטיף שוקולד חלב צאנקי 40 ג' קיט קט,נסטלה בולגריה A.D,BG,נסטלה קיט קט צ'נקי א,גרמים,40.00,100 גרם,false,,3.70,0.0925,true,1,42421
3800020472569,false,קיט קט צאנקי קרמל 42 גרם,נסטלה בולגריה,BG,קיט קט צ'אנקי קרמל,גרמים,43.50,100 גרם,false,,3.70,0.0851,true,1,145548
3800034954150,false,מארז 3 יחידות פריש דריי,,IL,מארז שלישיית מבשם,יחידה,0.00,יחידה,false,,10.00,0.0000,true,1,89882
3800034965798,false,פחתי ריח באריזת בליסטר,,CN,פחית מבשם אויר,יחידה,0.00,יחידה,false,,14.90,0.0000,true,1,89995
3800034966122,false,מטהר אוייר ברפיום 68 מ''ל,,,מבשם אויר לבית עם מק,יחידה,0.00,יחידה,false,,16.90,0.0000,true,1,89885
3838824127149,false,צבע לשיער פלטה - 1-1 שחור כחול,שוורצקופף והנקל,SI,סמי קיט כחול שחור 1-,יחידה,0.00,יחידה,false,,17.90,0.0000,true,1,84379
3838824127163,false,פאלטה סמי קיט 10-1 בלונד כסוף,שוורצקופף והנקל,SI,סמי קיט בלונד כסוף 1,יחידה,0.00,יחידה,false,,15.90,0.0000,true,1,85059
3838824127286,false,צבע לשיער פלטה - 7-0 בלונד בינוני,שוורצקופף והנקל,SI,סמי קיט בלונד בינוני,יחידה,0.00,יחידה,false,,17.90,0.0000,true,1,84383
3838824127309,false,פלטה סמי קיט בלונד בהיר 8-0 צבע שיער,שוורצקופף והנקל,SI,סמי קיט בלונד בהיר 8,יחידה,0.00,יחידה,false,,17.90,0.0000,true,1,85060
3838824193915,false,צבע לשיער פאלטה סמי קיט שחור 0-1,שוורצקופף והנקל,SI,סמי קיט שחור קסם 1-0,יחידה,0.00,יחידה,false,,17.90,0.0000,true,1,85063
3838824240275,false,פלטה סמי קיט 8-0 בלונד בהיר,שוורצקופף והנקל,SI,פאלטה סמי קיט 6-65 נ,יחידה,0.00,יחידה,false,,17.90,0.0000,true,1,85066
3838824276007,false,פלטה סמי קיט 9-0 בלונד בהיר מאוד,שוורצקופף והנקל,SI,צבע לשיער פאלטה בלונ,יחידה,0.00,יחידה,false,,17.90,0.0000,true,1,84378
4000417019004,false,שוקולד חלב אגוזי לוז שלמים ריטר ספורט 100 גרם,ריטר ספורט Ritter sport,DE,שוקולד חלב ריטר ספור,גרמים,100.00,100 גרם,false,,9.90,0.0990,false,1,18391
4000417022004,false,ריטר ספורט שוקולד חלב מעולה עם צימוקים ואגוזי לוז 100 גרם,ריטר ספורט Ritter sport,DE,שוקולד חלב צימוקים ו,גרמים,100.00,100 גרם,false,,8.50,0.0850,false,1,18394
4000417023001,false,ריטר ספורט שוקולד חלב מעולה עם שקדים שלמים,ריטר ספורט Ritter sport,DE,שוקולד חלב עם שקדים,גרמים,100.00,100 גרם,false,,9.90,0.0990,false,1,18395
4000417025005,false,שוקולד מריר במילוי מרציפן ריטר ספורט 100 גרם,ריטר ספורט Ritter sport,DE,שוקולד ריטר ספורט עם,גרמים,100.00,100 גרם,false,,8.50,0.0850,false,1,18396
4000417026002,false,שוקולד ריטר ספורט פרלין 100 גרם חלב נוכרי,ריטר ספורט Ritter sport,DE,ריטר שוקולד חלב ממול,גרמים,100.00,100 גרם,false,,8.50,0.0850,false,1,18397
4000417101211,false,גלילי וופל עם קרם אגוזי לוז בציפוי שוקולד חלב,אמיצ'לי Amicelli,AT,אמיצ'לי גלילי וופל א,גרמים,150.00,100 גרם,false,,17.90,0.1193,true,1,142730
4000417211002,false,שוקולד חלב מעולה ממולא קרם קרמל מוקצף ושברי שקדים מומלחים,ריטר ספורט Ritter sport,DE,שוקולד ריטר מוס קרמל,גרמים,100.00,100 גרם,false,,8.50,0.0850,true,1,83359
4000417212009,false,ריטר ספורט שוקולד מריר מעולה עם שקדים קצוצים וקליפות תפוז מסוכרות,ריטר ספורט Ritter sport,DE,שוקולד ריטר מריר מעו,גרמים,100.00,100 גרם,false,,8.50,0.0850,true,1,95324
4000417222008,false,שוקולד ריטר ספורט חלב+שברי אגוזים 100 גרם חלב נוכרי,ריטר ספורט Ritter sport,DE,שוקולד ריטר חלב עם ש,גרמים,100.00,100 גרם,false,,8.50,0.0850,true,1,82321
4000417224002,false,"ריטר ספורט טבלת שוקולד מריר אגוזים, 100 גרם",ריטר ספורט Ritter sport,DE,ריטר שוקולד מריר עם,גרמים,100.00,100 גרם,false,,9.90,0.0990,false,1,24930
4000417298003,false,שוקולד ריטר ספורט קוקוס 100 גרם חלב נוכרי,ריטר ספורט Ritter sport,DE,שוקולד ריטר חלב במיל,גרמים,100.00,100 גרם,false,,8.50,0.0850,false,1,51464
4000417626417,false,שוקולד חלב חמוציות ממותקות ושברי אגוזי לוז,מותגים,,שוקולד ריטר חמוציות,גרמים,100.00,100 גרם,false,,8.50,0.0850,true,1,146255
4000417707000,false,שוקולד חלב מעולה עם שברי קשיו קלוי ומומלח,ריטר ספורט Ritter sport,DE,ריטר שוקולד חלב עם ש,גרמים,100.00,100 גרם,false,,9.90,0.0990,true,1,106955
4000417708007,false,"שוקולד ריטר ספורט מריר שקד, 100 גרם",ריטר ספורט Ritter sport,DE,ריטר שוקולד מריר עם,גרמים,100.00,100 גרם,false,,9.90,0.0990,true,1,106956
4000522009747,false,"מקלות בייגלה תפו""א צ'יו 80 גרם",טרופיקל דגיל תעשיות,HU,"בייגלה מקלות תפ""א",גרמים,85.00,100 גרם,false,,4.00,0.0471,true,1,79189
4000539280726,false,שוקולד לינדט אקסלנס מילד 70% 100 גר,לינדט ושפרונגלי,DE,שוקולד לינדט מריר 70,גרמים,100.00,100 גרם,false,,15.00,0.1500,true,1,145104
4000539280740,false,לינדט אקסלנס 78% מוצקי קקאו 100 גרם,לינדט ושפרונגלי קילשברג,DE,שוקולד לינדט 100 גר',גרמים,100.00,100 גרם,false,,15.00,0.1500,true,1,145304
4000539363108,false,שוקולד לינדור סטיקס 38 גרם,לינדור,DE,שוקולד לינדור סטיק,גרמים,38.00,100 גרם,false,,5.90,0.1553,true,1,88219
4000576481889,false,צימרוני אוזניים לתינוק 72 יח',ג'ין קרול Jean Carol,DE,צימרונים 72 יח',יחידה,0.00,יחידה,false,,6.50,0.0000,true,1,36338
4000576722654,false,פדים להסרת איפור זוג *70 יח',ג'ין קרול Jean Carol,,פדים להסרת איפור,יחידה,0.00,יחידה,false,,15.90,0.0000,true,1,27635
4001499957598,false,מטהר אסלות פרוש בניחוח פטל,ארדל רקס,DE,מטהר אסלות פרוש בניח,גרמים,42.00,100 גרם,false,,15.90,0.3786,true,1,145474
4001507161948,false,קווקר פתיתי שיבולת שועל דקה 500 גר,פורטין מולנברקה ג'ב,DE,שיבולת שועל דקה,גרמים,500.00,100 גרם,false,,6.00,0.0120,true,1,81117
4001507161955,false,קווקר פתיתי שיבולת שועל עבה 500 גר,פורטין מולנברקה ג'ב,DE,פתיתי שיבולת שועל עב,גרמים,500.00,100 גרם,false,,6.00,0.0120,true,1,97127
4001518003800,false,טורינוס מקלות פריכים עם פלפל ומלח 125 גרם,גריסון,DE,טורינוס מקלות פריכים,גרמים,125.00,100 גרם,false,,13.90,0.1112,true,1,105008
4001518106112,false,טורינוס מקלות פריכים עם רוזמרין 125 גרם,גריסון,DE,טורינוס מקלות פריכים,גרמים,125.00,100 גרם,false,,13.90,0.1112,true,1,105009
4002448017684,false,"סיליט באנג ספריי ניקוי כללי מסיר אבנית 750 מ""ל",הדקלאים אגודת שיתופי,PL,סיליט באנג ספריי,מיליליטרים,750.00,"100 מ""ל",false,,12.90,0.0172,true,1,14540
4002448019480,false,"סיליט באנג מסיר שומנים רב שימושי 750 מ""ל",סיליט באנג Cillit Bang,PL,סיליט באנג מסיר שומנ,מיליליטרים,750.00,"100 מ""ל",false,,12.90,0.0172,false,1,14541
4002575016253,false,מרציפן מצופה שוקולד זנטיס 100 גרם,הדקלאים אגודת שיתופי,DE,מרציפן מצופה שוק,גרמים,100.00,100 גרם,false,,8.90,0.0890,true,1,12837
4002590000022,false,סוכריות קלפני פירות יער אוכמניות 150 ג',ליימן מותגים,DE,סוכריות קלפני,גרמים,150.00,100 גרם,false,,9.00,0.0600,true,1,12838
4002590000039,false,סוכריות בטעם פירות הדר קלפני 150 גרם,ליימן מותגים,DE,סוכריות קלפני,גרמים,150.00,100 גרם,false,,9.00,0.0600,true,1,12839
4002590000046,false,סוכריות בטעם מנטה מרענן קלפני 150 גרם,ליימן מותגים,DE,סוכריות קלפני,גרמים,150.00,100 גרם,false,,9.00,0.0600,true,1,12840
4002590000619,false,סוכריות קלפני בטעם ק,ליימן מותגים,,סוכריות בטעם קפה 150,גרמים,150.00,100 גרם,false,,9.00,0.0600,true,1,119093
4002590000626,false,סוכריות קלפני דובדבן,ליימן מותגים,,סוכריות קלפני דובדבן,גרמים,150.00,100 גרם,false,,9.00,0.0600,true,1,142770
4002590703541,false,קלפני סוכריות קשות בטעם תות,ליימן מותגים,DE,סוכריות קלפני תות 15,גרמים,150.00,100 גרם,false,,9.00,0.0600,true,1,75734
4002631025069,false,בירה גרמנית קוניגסבכר Konigsbacher,קרלסברג יבוא יצוא,DE,קוניגסבכר פילס בירה,מיליליטרים,500.00,"100 מ""ל",false,,5.90,0.0118,true,1,75816
4002720005736,false,מליטה קפה לפילטר פרימיום 250 גרם,המאפיה של הרמן,DE,מליטה קפה PREMIUMלפי,גרמים,250.00,100 גרם,false,,21.00,0.0840,false,1,45555
4002720008300,false,פולי קפה מליטה 1 קג,מליטה אירופה,DE,בלה קרמה פולי קפה,יחידה,0.00,יחידה,false,,109.90,0.0000,true,1,27748
4004666042004,false,"מלרוד מרסס משמיד עובש יעקבי 500 מ""ל",יעקובי,DE,משמיד עובש עם מר,מיליליטרים,500.00,"100 מ""ל",false,,29.90,0.0598,true,1,13807
4004666107819,false,"מלרוד לניקוי וטיהור המזגן יעקבי 500 מ""ל",מלרוד,DE,מלרוז לניקוי וטיהור,מיליליטרים,500.00,"100 מ""ל",false,,22.90,0.0458,true,1,96675
4004666111656,false,"ג'ל פעיל להשמדת עובש 250 מ""ל מרלוד",מלרוד,DE,מלרוד ג'ל פעיל להשמד,מיליליטרים,250.00,"100 מ""ל",false,,27.90,0.1116,true,1,142567
4004666111663,false,"מלרוד שפורפרת להלבנת מרווחים 90 מ""ל",מלרוד,DE,מלרוד שפורפרת להלבנת,מיליליטרים,90.00,"100 מ""ל",false,,24.90,0.2767,true,1,142566
4005808128273,false,ג'ל רחצה לגבר אנרג'י עם תמציות מנטה בניחוח ממריץ,טרופיקל דגיל תעשיות,DE,ניוואה ג'ל רחצה מנטה,מיליליטרים,500.00,"100 מ""ל",false,,14.90,0.0298,true,1,27456
4005808128631,false,ניוואה 500 גל רחצה לגבר תמציות ליים,ניוואה Nivea,DE,ניוואה ג'ל רחצה לימו,מיליליטרים,500.00,"100 מ""ל",false,,14.90,0.0298,true,1,27457
4005808170005,false,"קצף גילוח ניוואה 200 מ""ל",ניוואה Nivea,DE,קצף גילוח,מיליליטרים,250.00,"100 מ""ל",false,,22.90,0.0916,true,1,79281
4005808366392,false,שפתון ליובש כחול קלאסי לבלו 48 גרם,טרופיקל דגיל תעשיות,IL,שפתון לבלו,יחידה,0.00,יחידה,false,,12.90,0.0000,true,1,83765
4005808502004,false,לבלו שפתון סופט ורוד בליסטר 5.5מל,ביירסדורף,DE,שפתון לבלו ורוד,מיליליטרים,0.00,"מ""ל",false,,13.90,0.0000,true,1,36985
4005808515554,false,ניוואה סופט קרם רב שימושי מרקם עדין 300מ,HELLAS BEIERSDORF,ES,ניוואה סופט קרם לחות,מיליליטרים,300.00,"100 מ""ל",false,,34.90,0.1163,true,1,145171
4005808588640,false,"ניוואה קרם גילוח לעור רגיש 100 מ""ל",ביירסדורף,DE,ניוואה-משחת גילוח עו,מיליליטרים,100.00,"100 מ""ל",false,,13.90,0.1390,true,1,55451
4005808670314,false,"קרם לחות לפנים לעור רגיל - מעורב ניוואה 50 מ""ל",ניוואה Nivea,PL,קרם יום מעניק לחות ל,מיליליטרים,50.00,"100 מ""ל",false,,39.90,0.7980,true,1,58226
4005808670611,false,ניוואה קרם לחות לעור יבש/רגיש SPF15,ביירסדורץ,DE,קרם יום מעניק לחות ל,מיליליטרים,50.00,"100 מ""ל",false,,44.90,0.8980,true,1,58227
4005808698103,false,ניוואה תחליב גוף סמוד לעור יבש 500 מל,בטר אנד דיפרנט,DE,ניוואה תחליב גוף לעו,מיליליטרים,500.00,"100 מ""ל",false,,21.90,0.0438,true,1,104711
4005808702169,false,"ניוואה תחליב גוף לעור רגיל 500 מ""ל",ביירסדורץ,DE,תחליב גוף ניוואה לעו,מיליליטרים,500.00,"100 מ""ל",false,,21.90,0.0438,true,1,51695
4005808811700,false,"ניוואה ג'ל לניקוי מאזן לעור, 150 מ""ל",ביירסדורץ,DE,ניוואה ג'ל ניקוי לעו,מיליליטרים,150.00,"100 מ""ל",false,,25.90,0.1727,true,1,75849
4005808813001,false,תחליב לחות לאחר גילוח ניוואה,ביירסדורץ,DE,תחליב לחות לאחר גילו,מיליליטרים,100.00,"100 מ""ל",false,,39.90,0.3990,true,1,39726
4005808817306,false,ניוואה גל גילוח להרגשה קרירה 200מל,ניוואה Nivea,DE,ג'ל לגילוח,מיליליטרים,200.00,"100 מ""ל",false,,17.90,0.0895,true,1,44360
4005808817405,false,"ג'ל גילוח לעור רגיש ניוואה 200 מ""ל",פרוטרופיק סיה.,PL,ג'ל גילוח לעור רגיש,מיליליטרים,200.00,"100 מ""ל",false,,17.90,0.0895,true,1,39728
4005808828838,false,"ניוואה - דאודורנט ספריי לגבר קול קיק 150 מ""ל",ניוואה Nivea,DE,ניוואה אקווה קול דאו,מיליליטרים,150.00,"100 מ""ל",false,,16.90,0.1127,true,1,19606
4005808837359,false,"ניוואה - דאודורנט רול און לאישה פרל אנד ביוטי 50 מ""ל",ביירסדורף AG,DE,ניוואה רול און,מיליליטרים,50.00,"100 מ""ל",false,,16.90,0.3380,true,1,23620
4005808851515,false,שפתון לבלו גבר בליסט,אלפא,DE,שפתון לבלו גבר בליסט,מיליליטרים,0.00,"מ""ל",false,,14.90,0.0000,true,1,38660
4005808890507,false,"ניוואה סופט קרם לחות 200 מ""ל",ניוואה Nivea,ES,ניוואה סופט קרם 200ג,גרמים,250.00,100 גרם,false,,24.90,0.0996,true,1,37852
4005900036483,false,"ניוואה - דאודורנט ספריי לגבר שקוף בלק וווי 150 מ""ל",בטר אנד דיפרנט,DE,ניוואה דאודורנט ספרי,מיליליטרים,0.00,"מ""ל",false,,16.90,0.0000,true,1,44364
4005900138842,false,"ניוואה - תחליב רחצה סמוט 750 מ""ל",ניואה,DE,ניוואה תחליב רחצה סמ,מיליליטרים,750.00,"100 מ""ל",false,,14.90,0.0199,true,1,141099
4005900274304,false,"ניוואה - דאודורנט ספריי לגבר פרש אושן 150 מ""ל",פרוטרופיק סיה.,DE,דאודורנט ניוואה ספרי,מיליליטרים,150.00,"100 מ""ל",false,,16.90,0.1127,true,1,83753
4005900485243,false,"ניוואה - דאודורנט רול און לגבר דריי פרש 50 מ""ל",ביירסדורף,DE,דאודורנט ניוואה רול,מיליליטרים,50.00,"100 מ""ל",false,,16.90,0.3380,true,1,99782
4005900513045,false,"ניוואה - דאודורנט ספריי לגבר דיפ 150 מ""ל",ביירסדורף,DE,דאודורנט לגבר ניוואה,מיליליטרים,150.00,"100 מ""ל",false,,16.90,0.1127,true,1,95384
4005900521262,false,"ג'ל רחצה לגבר פיור אימפקט ניוואה 500 מ""ל",ביירסדורף,DE,ג'ל רחצה לגבר ניוואה,מיליליטרים,500.00,"100 מ""ל",false,,14.90,0.0298,true,1,96552
4005900542557,false,"ניוואה - דאודורנט רול און לאישה בלק אנד וויט 50 מ""ל",ניואה,DE,ניוואה דאודורנט רול,מיליליטרים,50.00,"100 מ""ל",false,,16.90,0.3380,true,1,107404
4005900555717,false,לבלו דובדבן עם ברק,,,לבלו דובדבן עם ברק,יחידה,0.00,יחידה,false,,9.90,0.0000,true,1,102800
4005900555915,false,"ניוואה - תחליב רחצה קוקוס וחוחובה 750 מ""ל",ביירסדורף AG,DE,ניוואה שמן אמבט קוקו,מיליליטרים,750.00,"100 מ""ל",false,,14.90,0.0199,true,1,103037
4005900639554,false,"ניוואה - דאודורנט רול און לאישה פרש נטורל לאישה ללא אלומיניום 50 מ""ל",ביירסדורף AG,DE,ניוואה דאודורנט רול,מיליליטרים,50.00,"100 מ""ל",false,,16.90,0.3380,true,1,142873
4005900648181,false,"ניוואה - תחליב רחצה אלוורה 750 מ""ל",ביירסדורף AG,DE,ניוואה תחליב רחצה אל,מיליליטרים,750.00,"100 מ""ל",false,,14.90,0.0199,true,1,108568
4005900683878,false,לבלו סקראב שפתון פילינג אלוורה בליסטר,ביירסדורף,DE,לבלו סקראב אלוורה,מיליליטרים,5.50,"100 מ""ל",false,,13.90,2.5273,true,1,104257
4005900683908,false,לבלו סקראב שפתון פילינג רוז היפ בליסטר,ביירסדורף,DE,לבלו סקראב ווילד רוז,מיליליטרים,5.50,"100 מ""ל",false,,13.90,2.5273,true,1,104258
4005900756152,false,ניוואה קרם רב שימושי 250 מל מהדורת גאווה,HELLAS BEIERSDORF,DE,קרם לחות רב שימושי נ,מיליליטרים,250.00,"100 מ""ל",false,,24.90,0.0996,true,1,146033
4005900816016,false,"ניוואה - דאודורנט ספריי לאישה פרש טבעי לאישה 150 מ""ל",טרופיקל דגיל תעשיות,DE,ניוואה דאוד' ספר,מיליליטרים,150.00,"100 מ""ל",false,,16.90,0.1127,true,1,13677
4005900816115,false,"ניוואה - דאודורנט רול און לאישה יבש 50 מ""ל",ניוואה Nivea,DE,רול און ניוואה,מיליליטרים,50.00,"100 מ""ל",false,,16.90,0.3380,true,1,13680
4005900828088,false,"ניוואה - דאודורנט רול און לגבר פרש 50 מ""ל",טרופיקל דגיל תעשיות,DE,ניוואה רול און,מיליליטרים,50.00,"100 מ""ל",false,,16.90,0.3380,true,1,23616
4005900835642,false,"ניקוי פילינג מסכה לפנים 3 ב 1 150 מ""ל ניוואה",ניואה,FR,ניוואה לפנים לעור נו,מיליליטרים,150.00,"100 מ""ל",false,,29.90,0.1993,true,1,143768
4005900845702,false,"ניוואה - דאודורנט רול און לגבר קול קיק פרש 50 מ""ל",ביירסדורף,DE,ניוואה דאודורנט רול,מיליליטרים,50.00,"100 מ""ל",false,,16.90,0.3380,true,1,108567
4005900864000,false,"ניוואה היידרה סקין אפקט מים מיסלריים להסרת איפור וניקוי הפנים עם חומצה היאלורונית 400 מ""ל",ניואה,DE,ניוואה מים מיסלריים,מיליליטרים,400.00,"100 מ""ל",false,,34.90,0.0872,true,1,143769
4005900978950,false,לבלו - דובדבן שפתון לחות מטפח מהדורת נסיכות דיסני,ביירסדורף,DE,לבלו דיסני דובדבן בל,גרמים,4.80,100 גרם,false,,12.90,2.6875,true,1,146214
4006387085407,false,שלישיית פילטר מקסטרא סודהסטרים,סודה קלאב,DE,שלישיית פילטר מקס פל,יחידה,0.00,יחידה,false,,99.90,0.0000,false,1,91923
4006387097370,false,קנקן סטייל+פילטר מקסטרא סודהסטרים,בריטה,DE,קנקן סטייל+ פילטר מק,יחידה,0.00,יחידה,false,,159.00,0.0000,true,1,103120
4006508122134,false,מליטה נייר פילטר מספ,שוורצקוף& הנקל דיסלד,DE,מליטה נייר לפילטר מס,יחידה,0.00,יחידה,false,,10.90,0.0000,true,1,82481
4006508177325,false,מטליות לניקוי משקפיים,סווירל Swirl,,מטליות לניקוי משקפיי,יחידה,0.00,יחידה,false,,12.90,0.0000,true,1,26582
4007519050713,false,שקיות אשפה עם שרוך חזקות במיוחד 35 ליטר,פאלי Pely,DE,פלי 25 שקיות אשפה- 3,יחידה,0.00,יחידה,false,,10.90,0.0000,true,1,19984
4007519050720,false,שקיות אשפה עם שרוך חזקות במיוחד 60 ליטר,פאלי Pely,DE,פלי 20 שקיות אשפה- 6,יחידה,0.00,יחידה,false,,10.90,0.0000,true,1,24753
4007519050744,false,שקיות אשפה עם שרוך חזקות במיוחד 120 ליטר,פאלי Pely,DE,פלי 10 שקיות אשפה- 1,יחידה,0.00,יחידה,false,,10.90,0.0000,true,1,19985
4007745058804,false,מיונז אורגני נטורפוד340ג,אף.סי תבליני בגליל ב,DE,מיונז אמיתי אורגני,גרמים,340.00,100 גרם,false,,21.00,0.0618,true,1,82671
4007745058811,false,חרדל צרפתי חלק אורגני 200 גרם,נטורפוד,DE,חרדל צרפתי חלק 145 ג,גרמים,145.00,100 גרם,false,,13.90,0.0959,true,1,96300
4007745058828,false,חרדל צרפתי גרגרים אורגני 200 גרם,נטורפוד,DE,חרדל גרגירים אורגני,גרמים,145.00,100 גרם,false,,13.90,0.0959,true,1,95695
4008033237697,false,מועך שום פלסטי +מנקה,אודס,,כותש שום פלסטיק,יחידה,0.00,יחידה,false,,26.90,0.0000,true,1,55432
4008033419017,false,חותך ביצים פקלמן,,,חותך ביצים פקלמן,יחידה,0.00,יחידה,false,,12.90,0.0000,true,1,86542
4008033456012,false,מקל מטאטא,,,כותש שום,יחידה,0.00,יחידה,false,,19.90,0.0000,true,1,101059
4008033494434,false,חולץ כנפיים פקלמן כבד,,,פותחן בקבוקי יין,יחידה,0.00,יחידה,false,,26.90,0.0000,true,1,97585
4008102002867,false,גרגירים להכנת תה לימון מילפורד 400 גרם,ליימן מותגים,DE,תה גרגרים מילפורד לי,גרמים,400.00,100 גרם,false,,14.90,0.0373,true,1,12847
4008287058161,false,בירה קרומבאכר פילס 4.8% שישיה 6 * 330 מל,מנדלז סי.אר. פרודקשן,DE,קרומבאכר פילס שישייה,מיליליטרים,1980.00,"100 מ""ל",false,,29.90,0.0151,true,1,106995
4008287762020,false,בירה קרומבאכר חיטה 0.50 ליטר בקבוק,קרומבכר בראורי,DE,בירה קרומבאכר בקבוק,מיליליטרים,500.00,"100 מ""ל",false,,9.90,0.0198,true,1,56824
4008400230726,false,ביצת שוקולד הפתעה קינדר ענקית 100ג' בנים,קינדר Kinder,BE,ביצת הפתעה מקסי,גרמים,100.00,100 גרם,false,,21.90,0.2190,true,1,83821
4008402101772,false,"קיווי אקספרס ספוג הברקה חום 6מ""ל",Jonson ג'ונסון,HN,קיווי אקספרס ספוג הב,יחידה,0.00,יחידה,false,,14.90,0.0000,true,1,49177
4008500006337,false,"אוטן פמילי קייר סטיק 50מ""ל",אס.סי.ג'ונסון מידרכט,IT,אוטן פמילי קייר סטיק,מיליליטרים,50.00,"מ""ל",false,,19.90,0.3980,true,1,16542
4009300522935,false,תה ירוק פומפדור לימונית ולואיזה 20 יחידות,"איטיליאן פוד, אס.פי.",DE,פומפדור תה ירוק לימו,גרמים,30.00,100 גרם,false,,19.90,0.6633,true,1,29408
4009300522966,false,תה ירוק עם נענע פומפדור 20 יחידות,"איטיליאן פוד, אס.פי.",DE,פומפדור תה ירוק נענע,גרמים,36.00,100 גרם,false,,19.90,0.5528,true,1,29409
4009300524588,false,חליטת צמחים פומפדור פירות יער 20 יחידות,פומפדור Pompadour,DE,חליטת פומפדור פירות,גרמים,60.00,100 גרם,false,,15.90,0.2650,true,1,34175
4009300524625,false,תה צ'אי מסאלה פומפדור 20 יחידות,פומפדור Pompadour,DE,תה פומפדור צ'אי מסאל,גרמים,40.00,100 גרם,false,,13.90,0.3475,true,1,34289
4009300525011,false,פומפידור תה ירוק עם תפוז וג'ינגר 25 שקיקים,"איטיליאן פוד, אס.פי.",DE,תה פומפדור ירוק תפוז,יחידה,0.00,יחידה,false,,19.90,0.0000,true,1,42079
4009300525684,false,חליטת צמחים פומפדור ג'ינג'ר ולימון 20 יחידות,פומפדור Pompadour,DE,חליטת צמחים ג'ינג'ר,גרמים,35.00,100 גרם,false,,15.90,0.4543,true,1,47300
4009300527909,false,חליטת צמחים ג'ינג'ר כורכום ללא קפאין,פומפדור Pompadour,DE,פומפדור חליטת ג'ינג',יחידה,0.00,יחידה,false,,15.90,0.0000,true,1,90857
4009300528821,false,תה ירוק ג'ינג'ר קינמון פומפדור 30 ג',פומפדור Pompadour,DE,פומפדור תה ירוק ג'ינ,יחידה,0.00,יחידה,false,,19.90,0.0000,true,1,96337
4009300528845,false,"פומפדור תה ירוק עם לימונית דבש 30 מ""ל",פומפדור Pompadour,DE,פומפדור תה ירוק לימו,יחידה,0.00,יחידה,false,,19.90,0.0000,true,1,96338
4009300529514,false,תה חליטת פומפדור פירות אוכמניות 20 יח,TEEKANNE- POMPADOU,DE,פומפדור חליטת פירות,גרמים,50.00,100 גרם,false,,15.90,0.3180,true,1,144359
4009300529552,false,תה חליטת פומפדור פירות אפרסק 20 יח,TEEKANNE- POMPADOU,DE,פומפדור חליטת פירות,גרמים,50.00,100 גרם,false,,15.90,0.3180,true,1,144361
4009300530183,false,תה חליטת פומפדור תפוז ספרדי 20 יח,TEEKANNE- POMPADOU,DE,פומפדור חליטת תפוז ס,גרמים,44.00,100 גרם,false,,15.90,0.3614,true,1,146056
4009300530206,false,תה חליטת פומפדור תפוח טורקי 20 יח,TEEKANNE- POMPADOU,DE,פומפדור חליטת תפוח ט,גרמים,50.00,100 גרם,false,,15.90,0.3180,true,1,146058
4009300530275,false,תה חליטת פומפדור מנטה מרוקאית 20 יח,TEEKANNE- POMPADOU,DE,פומפדור חליטת מנטה מ,גרמים,36.00,100 גרם,false,,15.90,0.4417,true,1,146057
4009300595120,false,חליטת צמחים פומפדור ג'ינג'ר מנגו 20 יחידות,TEEKANNE- POMPADOU,DE,פומפדור חליטת צמחים,יחידה,0.00,יחידה,false,,15.90,0.0000,true,1,103391
4009309022399,false,כרוב כבוש אורגני 670 גרם,נטורפוד,DE,כרוב כבוש אורגני 650,גרמים,650.00,100 גרם,false,,14.90,0.0229,true,1,96301
4009309114346,false,מלפפונים אורגניים בחומץ ללא סוכר – נטורפוד,נטורפוד,DE,מלפפונים אורגניים בח,גרמים,670.00,100 גרם,false,,21.90,0.0327,true,1,95976
4009309114407,false,נטורפוד מלפפון כבוש אורגני 670 גרם,נטורפוד,DE,מלפפון כבוש אורגני 3,גרמים,360.00,100 גרם,false,,21.90,0.0608,true,1,97519
4009309740422,false,רסק תפוחים אורגני – נטורפוד 700 גרם,נטורפוד,DE,רסק תפוחים אורגני,גרמים,700.00,100 גרם,false,,15.90,0.0227,true,1,95483
4009309742426,false,רסק תפוחים ומנגו אורגני ללא תוספת סוכר,נטורפוד,DE,רסק תפוח מנגו אורגני,גרמים,700.00,100 גרם,false,,17.50,0.0250,true,1,95484
4009900379564,false,מסטיק הובה בובה Hubba Bubba טייפ בטעם פירות,הובה בובה Hubba Bubba,GB,מסטיק הובה בובה פירו,גרמים,56.00,100 גרם,false,,6.50,0.1161,true,1,20267
4009900385824,false,מסטיק אורביט פפרמינט סטיקס משפחתי-חמישיות,ריגלי צרפת,FR,מארז חמישיית אורביט,יחידה,0.00,יחידה,false,,9.90,0.0000,true,1,52877
4009900402965,false,אורביט וויט בטעם פירות בקבוקון 46מלבניות,ריגלי פולין,PL,אורביט בקבוקון בטעם,גרמים,64.00,100 גרם,false,,10.00,0.1563,true,1,48524
4009900403023,false,אורביט וויט בטעם מנטה בקבוקון 46 מלבניות,"ב.א מזון בע""מ",PL,אורביט בקבוקון בטעם,גרמים,64.00,100 גרם,false,,10.00,0.1563,true,1,48525
4009900420129,false,מסטיק אורביט פרופשנל פפרמינט בקבוקון 64 גר',מרס נדרלנד,PL,אורביט פרופשיונל פפר,גרמים,64.00,100 גרם,false,,10.00,0.1563,true,1,94752
4009900455299,false,"סוכרית ג'לי אדומה 174 גרם ""סקיטלס""",ריגלי ממתקים,CZ,סוכריות סקיטלס פירות,גרמים,174.00,100 גרם,false,,8.90,0.0511,true,1,58035
4009900465304,false,סוכריות סקיטלס פירות חמוצים 174 גרם,ריגלי ממתקים,CZ,סוכריות סקיטלס פירות,גרמים,174.00,100 גרם,false,,8.90,0.0511,true,1,58036
4009900479998,false,אורביט וויט אוכמניות בקבוקון 46 מלבניות,ריגלי פולין,PL,מסטיק אורביט אוכמניו,גרמים,64.00,100 גרם,false,,10.00,0.1563,true,1,57767
4009900482417,false,מסטיק אורביט פירות מנטה בקבוקון באבל מינט 45יח,ריגלי פולין,PL,מסטיק אורביט באבל מי,יחידה,0.00,יחידה,false,,10.00,0.0000,true,1,50984
4009900487283,false,אורביט ילדים קלאסי סט' משפחתי-חמישיות,ריגלי צרפת,FR,מארז חמישיית אורביט,יחידה,0.00,יחידה,false,,9.90,0.0000,true,1,53655
4009900521611,false,סוכריות אורביט מינטס דובדבן מנטה בבקבוקון,מרס נדרלנד,PL,אורביט מינטס דובדבן,יחידה,0.00,יחידה,false,,10.00,0.0000,true,1,88589
4009900531122,false,"מסטיק בטעם מנטה ספירמינט, 64 ג' פרופשיונל אורפיט",מרס נדרלנד,PL,אורביט פרופשיונל ספי,גרמים,64.00,100 גרם,false,,10.00,0.1563,true,1,94753
4009900532327,false,סוכריות סקיטלס סמודיס בטעמי יוגורט ופירות,ריגלי ממתקים,CZ,סוכריות סקיטלס סמודי,גרמים,38.00,100 גרם,false,,3.00,0.0789,true,1,96717
4009900534611,false,מסטיק איירוויבז בקבוקון בטעם מלון ומנטה,ריגלי,IL,מסטיק איירוויבז בטעם,גרמים,64.00,100 גרם,false,,10.00,0.1563,true,1,101200
4009900534918,false,סקיטלס גאיינט פירות 141 גרם,ריגלי,CZ,סוכריות סקיטלס ג'יינ,גרמים,141.00,100 גרם,false,,8.90,0.0631,true,1,107760
4009900535519,false,מסטיק אורביט רפרשרס ספירמינט ללא סוכר 15.6גר',אורביט,PL,אורביט רפרשרס ספירמי,גרמים,15.60,100 גרם,false,,3.90,0.2500,true,1,105912
4009900535823,false,מסטיק אורביט רפרשרס באבלמינט ללא סוכר 15.6גר',אורביט,PL,אורביט רפרשרס באבלמי,גרמים,15.60,100 גרם,false,,3.90,0.2500,true,1,105914
4009900536288,false,מסטיק אורביט רפרשרס פפרמינט בקבוקון ללא סוכר 67 גר',מרס ריגלי קונפקשונרי,PL,אורביט רפרשרס פפרמינ,גרמים,67.00,100 גרם,false,,11.90,0.1776,true,1,105916
4009900536486,false,מסטיק אורביט רפרשרס באבלמינט בקבוקון ללא סוכר 67 גר',מרס ריגלי קונפקשונרי,PL,אורביט רפרשרס באבלמי,גרמים,67.00,100 גרם,false,,11.90,0.1776,true,1,105917
4009900539401,false,מסטיק פייב באונס בטעם מנטה HP,Unknown,PL,פייב באונס בטעם מנטה,גרמים,14.40,100 גרם,false,,3.90,0.2708,true,1,143529
4009900539432,false,מסטיק פייב באונס בטעם אבטיח HP,Unknown,PL,פייב באונס בטעם אבטי,גרמים,14.40,100 גרם,false,,3.90,0.2708,true,1,143530
4009900539685,false,"מסטיק פייב באונס בטעם מנטה בקבוקון, 61.8 גרם",ריגלי בעמ רוסיה,PL,מסטיק פייב באונס בטע,גרמים,61.80,100 גרם,false,,11.90,0.1926,true,1,143527
4009900539746,false,"מסטיק פייב באונס בטעם אבטיח בקבוקון, 61.8 גרם",ריגלי בעמ רוסיה,PL,פייב באונס בטעם אבטי,גרמים,61.80,100 גרם,false,,11.90,0.1926,true,1,143528
4009900540551,false,מסטיק אורביט רפרשרס טרופיקל בקבוקון ללא סוכר,מרס פולין,PL,אורביט ריפרשרס טרופי,גרמים,67.00,100 גרם,false,,11.90,0.1776,true,1,143179
4011100002227,false,באונטי חטיפי מיני שקית 403ג',לינדט ושפרונגלי קילשברג,NL,באונטי מיני 403 גרם,גרמים,403.00,100 גרם,false,,21.90,0.0543,false,1,55815
4011800528416,false,קורני חטיף דגנים עם בוטנים מתוק-מלוח*6,שוורטאוור וורקה,DE,חטיפי קורני בייס שיש,גרמים,150.00,100 גרם,false,,11.90,0.0793,false,1,99567
4011800567613,false,מאגדת קורני מילק דרק & ואיט 120 גרם,מיוצר עי קונדיטוריית,DE,קורני סנדוויץ שחור ל,גרמים,120.00,100 גרם,false,,11.90,0.0992,false,1,56206
4011800568610,false,מארז רביעיית קורני בטעם קלאסי,שוורטאוור וורקה,DE,קורני סנדוויץ קלאסי,יחידה,0.00,יחידה,false,,11.90,0.0000,false,1,56074
4011800577810,false,מארז חטיפי קורני פרי נוגט 120 גרם,Schwartauer,DE,חטיפי קורני פרי נוגט,גרמים,120.00,100 גרם,false,,11.90,0.0992,false,1,142794
4011800628512,false,חטיף קורני שוקולד חלב 6 יח 150 גר,מיוצר עי קונדיטוריית,DE,קורני עם שוקולד חלב,יחידה,0.00,יחידה,false,,11.90,0.0000,false,1,54766
4011800629519,false,"מארז חטיפי דגנים אגוזים ""קורני""",שוורטאוור וורקה,DE,קורני עם אגוזים,יחידה,0.00,יחידה,false,,11.90,0.0000,false,1,55339
4011800630515,false,חטיף קורני שוקולד חלב ובננה 6 יח 150 גר,מיוצר עי קונדיטוריית,DE,קורני עם שוקולד חלב,גרמים,150.00,100 גרם,false,,11.90,0.0793,false,1,54534
4011800632519,false,"מארז חטיפי שוקולד חלב וקוקוס ""קורני""",מיוצר עי קונדיטוריית,DE,קורני עם שוקולד חלב,יחידה,0.00,יחידה,false,,11.90,0.0000,false,1,54767
4011800633516,false,קורני שוקולד מריר מעולה 58% קקאו 6*1,שוורטאוור וורקה,DE,קורני עם שוקולד מריר,גרמים,150.00,100 גרם,false,,11.90,0.0793,false,1,54535
4011800635510,false,חטיף קורני Corny Free עם אגוזי לוז ללא תוספת סוכר,קורני Corny,DE,קורני פרי עם אגוזים,יחידה,0.00,יחידה,false,,11.90,0.0000,false,1,55340
4014086024245,false,בירה גרלסבורג חיטה מעוננת לא מסוננת 500,קוניגסבכר,DE,בירה חיטה גרלסבורג 5,מיליליטרים,500.00,"100 מ""ל",false,,6.90,0.0138,true,1,75817
4014400900217,false,בונבונריית מרסי מבחר ממתקי שוקולד 400 גרם,קריניציה ויטמינה אס,DE,בונבונירה מרסי 400 ג,גרמים,400.00,100 גרם,false,,49.90,0.1247,false,1,12853
4014400901191,false,בונבונריית מרסי מבחר ממתקי שוקולד 250 גרם,ליימן מותגים,DE,בונבונירה מרסי 250 ג,גרמים,250.00,100 גרם,false,,24.90,0.0996,true,1,12856
4014400901405,false,בונבונריית מרסי מבחר ממתקי שוקולד חלב 250 גרם,קריניציה ויטמינה אס,DE,בונבונירה חלב מרסי 2,גרמים,250.00,100 גרם,false,,24.90,0.0996,true,1,19965
4014400901412,false,בונבוניירה שוקולד מריר מרסי 250 גרם,תות ממתקי איכות,DE,מרסי מריר 250 גר',גרמים,250.00,100 גרם,false,,24.90,0.0996,true,1,41474
4014400904376,false,סוכריות טופי בטעם שוקולד סטורק 325 גרם,קריניציה ויטמינה אס,DE,סוכריות שוקלדן,גרמים,325.00,100 גרם,false,,17.90,0.0551,true,1,12860
4014400907902,false,"וורטרס אורגינל סוכריות חמאה ללא סוכר בקופסה
42 גרם",תות ממתקי איכות,DE,סוכריות וורטר בקופסא,גרמים,42.00,100 גרם,false,,6.00,0.1429,true,1,37344
4014400909692,false,וורטרס אורגינל סוכריות חמאה ללא סוכר בטעם קפוצי'ינו בקופסה 42 גרם,קריניציה ויטמינה אס,DE,סוכריות וורטר בוקס ק,גרמים,42.00,100 גרם,false,,6.00,0.1429,true,1,44212
4014400910063,false,סוכריות חמאה וורטרס אורגינל 135 גרם,וורטר'ס אורגינל,DE,סוכריות וורטר שקית,גרמים,135.00,100 גרם,false,,8.90,0.0659,true,1,37535
4014400913910,false,וורטרס אורגינל סוכריות חמאה ממולאות קרם קרמל בשקית,תות ממתקי איכות,DE,סוכריות וורטר במילוי,יחידה,0.00,יחידה,false,,8.90,0.0000,true,1,57292
4014400914696,false,וורטרס אורגינל סוכריות ללא סוכר 80 גרם,ליימן מותגים,DE,סוכריות וורטר ללא תו,גרמים,80.00,100 גרם,false,,8.90,0.1113,true,1,39247
4014400914924,false,"סוכריות בטעם קפה וורטר אורגינל לל""ס 80 גרם",קריניציה ויטמינה אס,DE,סוכריות וורטר קפה לל,גרמים,80.00,100 גרם,false,,8.90,0.1113,true,1,39649
4014400920857,false,וורטר אורגינל ללא סוכר בטעם שוקולד-שקית 70 גרם,קריניציה ויטמינה אס,DE,וורטר סוכריות שוקולד,גרמים,70.00,100 גרם,false,,8.90,0.1271,true,1,76137
4014400923711,false,בונבוניירה שוקולד אגוזים טופיפי 125 גרם,ליימן מותגים,DE,טופיפי 125 גר',גרמים,125.00,100 גרם,false,,11.90,0.0952,true,1,85056
4014400925319,false,וורטרס אורגינל פופקורן קרמל 140 גרם,וורטרס Werther's,DE,וורטר פופקורן קרמל,גרמים,140.00,100 גרם,false,,12.90,0.0921,true,1,104384
4014522180108,false,בודטה-סוכריות אורגני צמחים בטעם ג'ינגר 75ג,,DE,בודטה סוכריות אורגני,גרמים,75.00,100 גרם,false,,7.50,0.1000,true,1,100065
4015000031394,false,"ספטיל - משחה להסרת כתמים 200 מ""ל",קריות זול,HU,מסיר כתמים ספטיל 200,גרמים,200.00,100 גרם,false,,16.90,0.0845,false,1,18899
4015000519915,false,"פה - דאודורנט ספריי לאישה פינק פרדייס 200 מ""ל",שוורצקופף והנקל,TR,דאו' ספרי פה Pink Pa,מיליליטרים,200.00,"100 מ""ל",false,,10.00,0.0500,false,1,22133
4015400564034,false,מגן תחתון אולוויז מגה פק לונג פלוס 58 יחידות,פרוקטר אנד גמבל,DE,מגן תחתון אולוויז לו,יחידה,0.00,יחידה,false,,16.90,0.0000,false,1,76407
4015400564454,false,מגני תחתון אולוויז לארג' עם ניחוח מגה פק,פרוקטר אנד גמבל,DE,מגן תחתון אולוויז לא,יחידה,0.00,יחידה,false,,16.90,0.0000,false,1,80528
4015400681670,false,תחבושות אולוויז וליו פק לילה בטוח 18 יחידות,פרוקטר אנד גמבל,UA,תחבושות אולוויז לילה,יחידה,0.00,יחידה,false,,16.90,0.0000,false,1,79737
4015400690313,false,טמפונים פרל רגולר טמפקס קומפאק 18 יח,פרוקטר אנד גמבל,HU,טמפקס קומפקט פרל רגו,יחידה,0.00,יחידה,false,,27.90,0.0000,true,1,83944
4015400690405,false,טמפונים פרל סופר טמפקס קומפאק 18 יח,פרוקטר אנד גמבל,HU,טמפקס קומפקט פרל סופ,יחידה,0.00,יחידה,false,,27.90,0.0000,true,1,83945
4015400690498,false,טמפונים פרל סופר פלוס טמפקס קומפאק 18 יח,פרוקטר אנד גמבל,HU,טמפקס קומפאקט פרל סו,יחידה,0.00,יחידה,false,,27.90,0.0000,true,1,83946
4015400715290,false,טמפקס קומפק סופר פלוס 22 יחידות,פרוקטר & גמבל,HU,טמפקס קומפאק סופר פל,יחידה,0.00,יחידה,false,,24.90,0.0000,true,1,80230
4015400731719,false,תחבושות היגייניות אולוויז יום ולילה Day & Night,פרוקטר אנד גמבל,UA,תחבושות אולוויז וליו,יחידה,0.00,יחידה,false,,16.90,0.0000,false,1,82683
4015400746812,false,מגני תחתון אולוויז נורמל עם ניחוח מגה פק,פרוקטר אנד גמבל,UA,מגן תחתון אולוויז נו,יחידה,0.00,יחידה,false,,16.90,0.0000,false,1,83247
4015400755241,false,תחבושות היגייניות אולוויז אולטרה נורמל - 28 יח',פרוקטר אנד גמבל,UA,תחבושות אולוויז וליו,יחידה,0.00,יחידה,false,,16.90,0.0000,false,1,83056
4015400755487,false,תחבושות היגייניות אולוויז אולטרה לונג - 24 יח',פרוקטר אנד גמבל,DE,תחבושות אולוויז וליו,יחידה,0.00,יחידה,false,,16.90,0.0000,false,1,83057
4015600762742,false,שמפו יומיומי למניעת קשקשים הנוסחה הקלאסית,פרוקטר אנד גמבל,RO,שמפו הד אנד שולדרס ק,מיליליטרים,500.00,"100 מ""ל",false,,17.90,0.0358,true,1,51315
4015600762902,false,"שמפו האד אנד שולדרס מנטול 500 מ""ל",פרוקטר אנד גמבל,RO,שמפו הד אנד שולדרס מ,מיליליטרים,500.00,"100 מ""ל",false,,17.90,0.0358,true,1,51319
4015600762940,false,שמפו יומיומי למניעת קשקשים בניחוח תפוח,פרוקטר אנד גמבל,RO,שמפו הד אנד שולדרס ת,מיליליטרים,500.00,"100 מ""ל",false,,17.90,0.0358,true,1,51320
4015600763022,false,שמפו יומיומי למניעת קשקשים לשיער יבש/פגום לשיער רך כמשי,פרוקטר אנד גמבל,RO,שמפו הד אנד שולדרס מ,מיליליטרים,500.00,"100 מ""ל",false,,17.90,0.0358,true,1,51322
4017100198151,false,בלזן היט ביסקוויט עם מלית קרם בטעם וניל (41%) 220 גרם,הדקלאים אגודת שיתופי,PL,עוגיות היט וניל 220,גרמים,220.00,100 גרם,false,,7.90,0.0359,false,1,77550
4017100210105,false,גלילי וופל בלזן וופלטן שוקו' מריר 100ג',הדקלאים אגודת שיתופי,DE,וופלטן גלילי וופל,גרמים,100.00,100 גרם,false,,11.90,0.1190,false,1,62931
4017100219900,false,בלזן וופלטן וופל מגולגל מצופה שוקולד חלב 100 גרם,הדקלאים אגודת שיתופי,DE,וופלטן גליליות וופל,גרמים,100.00,100 גרם,false,,11.90,0.1190,false,1,9493
4017100291005,false,בלזן לייבניז בסקויט חמאה מצופה שוקולד מריר 125 גרם,הדקלאים אגודת שיתופי,DE,ביסקוויט מצופה שוקול,גרמים,125.00,100 גרם,false,,11.90,0.0952,false,1,9496
4018722100133,false,אטריות כוסמין וביצים אורגניות 250 גרם,אלב גולד,DE,אטריות כוסמין וביצים,גרמים,250.00,100 גרם,false,,14.90,0.0596,true,1,95689
4018722100157,false,פסטה פוזילי מקמח כוסמין מלא אורגני,האחים פלם הגפן,DE,אלד גולד פוזילי כוסמ,גרמים,250.00,100 גרם,false,,11.90,0.0476,true,1,95503
4018722100188,false,אלב גולד-אטריות רחבות כוסמין וביצים 250 גרם,אלב גולד,DE,אטריות רחבות כוסמין,גרמים,250.00,100 גרם,false,,14.90,0.0596,true,1,96358
4018722102632,false,ספגטי כוסמין מלא אורגני 500 גרם,אלב גולד,DE,אלב גולד ספגטי כוסמי,גרמים,500.00,100 גרם,false,,15.90,0.0318,true,1,95504
4018722102656,false,ספגטי כוסמין אורגני 500 גרם,אלב גולד,DE,אלב גולד ספגטי כוסמי,גרמים,500.00,100 גרם,false,,15.90,0.0318,true,1,95505
4018722303459,false,אלב גולד - מקרוני כוסמין אורגני,אלב גולד,DE,מקרוני כוסמין אורגני,גרמים,250.00,100 גרם,false,,11.50,0.0460,true,1,96359
4018722344308,false,פפרדלה כוסמין אורגני אלב גולד 500 גרם,אלב גולד,DE,אלב גולד פסטה פפרדלה,גרמים,500.00,100 גרם,false,,18.00,0.0360,true,1,101441
4022025000137,false,יין בלו נאן גוורצטרמינר 750 מל,,,בלו נאן גוורצטרמינר,יחידה,750.00,יחידה,false,,42.90,0.0572,true,1,42607
4022025001790,false,"בלו נאן מבעבע זהב כשר 750 מ""ל",היי סישל סוהן טראבן,DE,בלו נאן גולד 24K אדי,מיליליטרים,750.00,"100 מ""ל",false,,49.90,0.0665,true,1,92930
4022025262009,false,יין בלו נאן גוורצטרמ,לנגוט טראבן,,יין בלו נאן כשר,מיליליטרים,750.00,"100 מ""ל",false,,45.90,0.0612,true,1,85205
4023103092624,false,וילדה כפפות סופר גרי,וילדה,,וילדה כפפות סופר גרי,יחידה,0.00,יחידה,false,,14.00,0.0000,true,1,35090
4025700001962,false,מילקה טבלת שוקולד לבן 100 גרם,פי אר ג'יי אס סי מונ,UA,מילקה שוקולד לבן,גרמים,100.00,100 גרם,false,,5.90,0.0590,true,1,102854
4028208000284,false,נייר פילטר מספר 4 - BRIGITTA ובו 80 יחידות,Melitta Kaffee GmbH,DE,מליטה נייר לפילטר מס,יחידה,0.00,יחידה,false,,12.90,0.0000,true,1,52097
4032900124254,false,ווינסטון קומפלקט ברי PP חפיסה,Unknown,RO,ווינסטון קומפקט ברי,יחידה,0.00,יחידה,false,,28.50,0.0000,false,1,103359
4033100024146,false,סיגריות וינסטון CODE בודד,Unknown,CH,וינסטון קוד חפיסה,יחידה,0.00,יחידה,false,,31.00,0.0000,false,1,47724
4033100024252,false,וינסטון אקווה לייט קופסה,Unknown,CH,וינסטון קוד אקוה חפי,יחידה,0.00,יחידה,false,,31.00,0.0000,false,1,47726
4033100038914,false,טבק כאמל צהוב + נייר גלגול 30ג',Unknown,GB,כאמל צהוב טבק לגלגול,גרמים,30.00,100 גרם,false,,72.00,2.4000,false,1,54888
4033100047350,false,טבק כאמל כחול + נייר גלגול 30ג',Unknown,GB,כאמל כחול טבק,יחידה,0.00,יחידה,false,,72.00,0.0000,false,1,56971
4033100064036,false,וינסטון כחול טבק לגלגול חפיסה,Unknown,GB,וינסטון כחול טבק,גרמים,30.00,100 גרם,false,,72.00,2.4000,false,1,77083
4043058008778,false,טבק אמריקן ספיריט כחול פאוצ,פלנטה טבק,DE,טבק אמריקן ספיריט,יחידה,0.00,יחידה,false,,80.00,0.0000,false,1,79514
4043058010412,false,טבק אמריקן ספיריט צהוב פאוצ,פלנטה טבק,DE,טבק אמריקן ספיריט צה,יחידה,0.00,יחידה,false,,80.00,0.0000,false,1,85396
4046719114306,false,שפורפרת דבק 3M רב שימושי 30 מל,3m,FR,שפורפורת דבק רב שימו,יחידה,0.00,יחידה,false,,14.90,0.0000,true,1,79061
4053700292455,false,ויט רצועות שעווה מוכנות להסרת שיער לעור רגיל 12 יחידות,רקיט בנקיזר צרפת,FR,ויט רצועות שעווה,יחידה,0.00,יחידה,false,,19.90,0.0000,true,1,32594
4056800649884,false,"וולה - פלקס ספריי לנפח ליומיים 250 מ""ל",פרוקטר אנד גמבל,FR,וולה פלקס ספריי לנפח,מיליליטרים,250.00,"100 מ""ל",false,,28.90,0.1156,true,1,146273
4056800693061,false,וולהפלקס ג'ל חזק במיוחד 150 מל,פרוקטר אנד גמבל,FR,וולה פלקס ג'ל 150 מל,מיליליטרים,150.00,"100 מ""ל",false,,11.90,0.0793,true,1,91983
4061445096689,false,קפה דוידוף מגורען 100 גר ESPRESSO 57,"טשיבו, אספי.זד.או.או",PL,קפה דוידוף אספרסו מג,גרמים,100.00,100 גרם,false,,21.90,0.2190,false,1,103025
4061445096702,false,קפה דוידוף מגורען 100 גר FINE AROMA,"טשיבו, אספי.זד.או.או",PL,קפה נמס דוידוף ארומה,גרמים,100.00,100 גרם,false,,21.90,0.2190,false,1,102346
4061445096726,false,קפה דוידוף מגורען 100 גר RICH AROMA,"טשיבו, אספי.זד.או.או",PL,קפה נמס דוידוף ארומה,גרמים,100.00,100 גרם,false,,21.90,0.2190,false,1,101945
4066600999614,false,"בירה פאולנר, בירת חיטה מעוננת, בקבוק 500 מ""ל",מבשלת פאולנר,DE,"בירה פאולנר 500 מ""ל",מיליליטרים,500.00,"100 מ""ל",false,,11.00,0.0220,true,1,85704
4067700014849,false,ליקר ייגרמייסטר כשר,מסט-יגרמייסטר,DE,ליקר ייגרמייסטר,מיליליטרים,700.00,"100 מ""ל",false,,89.90,0.1284,true,1,84559
4072700001188,false,"בירה פרנסיסקאנר כהה בקבוק 500 מ""ל",פרנסיסקאנר Franziskaner,DE,פרנסיסקאנר בירה כהה,יחידה,500.00,יחידה,false,,9.90,0.0198,true,1,37978
4072700003649,false,"פרנזיסקאנר בירה מעוננת 500 מ""ל","איי, בי, אינבוו",DE,פרנסיסקאנר בירה מעונ,יחידה,500.00,יחידה,false,,9.90,0.0198,true,1,37979
4084500065536,false,פנטן קרם לחות מוגברת לעיצוב שיער 300 מל,פרוקטר אנד גמבל,FR,פנטן קרם לחות לחות מ,מיליליטרים,300.00,"100 מ""ל",false,,21.90,0.0730,true,1,78518
4084500065598,false,"קרם לחות פנטן לתלתלים מושלמים 300 מ""ל",פרוקטר אנד גמבל,FR,פנטן קרם לחות לתלתלי,מיליליטרים,300.00,"100 מ""ל",false,,21.90,0.0730,true,1,78519
4084500088917,false,"נוזל כלים פיירי לימון 650 מ""ל בד""צ",פרוקטר אנד גמבל,US,"פיירי לימון 650 מ""ל",מיליליטרים,650.00,"100 מ""ל",false,,10.90,0.0168,false,1,75819
4084500149526,false,טייד גל כביסה 2.48 ליטר אלפים רענן,פרוקטר אנד גמבל,FR,טייד ג'ל 2.48 ליטר,ליטרים,2.48,ליטר,false,,26.90,10.8468,true,1,55564
4084500178137,false,נוזל כביסה טייד 4 ליטר,פרוקטר אנד גמבל,FR,טייד ג'ל 4 ליטר,ליטרים,4.00,ליטר,false,,35.90,8.9750,true,1,55565
4084500853553,false,פיירי נוזל כלים קלאסי אורגינל 650 מל,פרוקטר אנד גמבל,GB,פיירי אוריגינל 650 מ,מיליליטרים,650.00,"100 מ""ל",false,,10.90,0.0168,false,1,78202
4084500853836,false,"נוזל כלים פיירי ורדים ומשי 515 מ""ל בד""צ",פרוקטר אנד גמבל,GB,פיירי ורדים ומשי 515,מיליליטרים,515.00,"100 מ""ל",false,,10.90,0.0212,false,1,78204
4084500853898,false,"נוזל כלים פיירי אלוורה ומלפפונים 515 מ""ל בד""צ",פרוקטר אנד גמבל,GB,פיירי אלוורה ומלפפונ,מיליליטרים,515.00,"100 מ""ל",false,,10.90,0.0212,false,1,78205
4100130937163,false,בירה בקס שישייה 6*275 מל,"איי, בי, אינבוו",DE,שישיה בירה בקס,ליטרים,1.65,ליטר,false,,29.90,18.1212,true,1,78189
4100470106700,false,חומץ תפוחים אורגני 750 מל,נטורפוד,DE,נטורפוד- חומץ תפוחים,מיליליטרים,750.00,"100 מ""ל",false,,19.00,0.0253,true,1,79551
4105120623941,false,"בירה ויינשטפן בק' ח""פ 500 מ""ל","ויינשטפן, ת.ד 1155 פרייז",DE,"בירה ויינשטפן 500 מ""",מיליליטרים,500.00,"100 מ""ל",false,,11.50,0.0230,false,1,88720
4105120624412,false,"בירה ויינשטפן ויטוס 500 מ""ל","ויינשטפן, ת.ד 1155 פרייז",DE,בירה ויינשטפן ויטוס,מיליליטרים,500.00,"100 מ""ל",false,,11.50,0.0230,false,1,96145
4210201245193,false,אורל בי מברשת שיניים חשמלית נטענת לילדים פרוזן,פרוקטר אנד גמבל,DE,מברשת שיניים חשמלית,יחידה,0.00,יחידה,false,,79.90,0.0000,true,1,145763
4210201262183,false,אורל בי מברשת שיניים חשמלית נטענת ויטאליטי,פרוקטר אנד גמבל,DE,אורל בי מברשת שיניים,יחידה,0.00,יחידה,false,,79.90,0.0000,true,1,107475
4210201320111,false,אורל בי מברשת חשמלית נטענת לילדים-ספיידר,"מיוצר עבור בראון, גרמניה",DE,אורל בי מברשת שיניים,יחידה,0.00,יחידה,false,,79.90,0.0000,true,1,143508
4210201365334,false,אורל בי ראש חשמלי סיבי פחם ארבע יחידות,פרוקטר אנד גמבל,DE,אורל בי ראש מילוי חש,יחידה,0.00,יחידה,false,,79.90,0.0000,true,1,142358
4260147890513,false,אטריות ביצים דקות ורמיצ'לי 500ג',דין שיווק,PL,איטריות דקות 500גר,גרמים,500.00,100 גרם,false,,10.90,0.0218,true,1,75396
4260147890551,false,אטריות ביצים רצועות שקדיה 500 גרם,דין שיווק,PL,איטריות רצועות 500גר,גרמים,500.00,100 גרם,false,,10.90,0.0218,true,1,75397
4260310552569,false,משקה תומס הנרי טוניק,סטאטליך באד מינברגר,DE,טוניק תומס הנרי,מיליליטרים,200.00,"100 מ""ל",false,,5.90,0.0295,true,1,95246
4260334140049,false,שוקולד גנדויה טבעוני עם אגוזי לוז 65 גר,וגו גוד,IT,שוקולד ג'נדויה טבעונ,גרמים,65.00,100 גרם,false,,11.50,0.1769,true,1,86740
4260334140308,false,שוקולד טבעוני שקדים,איקאם ספא,IT,שוקולד טבעוני שקדים,גרמים,85.00,100 גרם,false,,21.90,0.2576,true,1,141348
4260651480057,false,אטריות שעועית שחורה אורגנית 250 גרם,,,אטריות שעועית שחורה,גרמים,250.00,100 גרם,false,,19.90,0.0796,true,1,105794
4600659010854,false,"וודקה סטוליצ'ניה 700 מ""ל",איי. אס. לטבייאס בלזם,LV,וודקה סטוליצ'ניה 40%,יחידה,750.00,יחידה,false,,59.90,0.0799,false,1,35132
4603400000043,false,"וודקה רוסקיי סטנדרט 700 מ""ל",רוסקי סטנדרט וודקה,RU,"וודקה רוסקי 700 מ""ל",מיליליטרים,700.00,"100 מ""ל",false,,59.90,0.0856,false,1,53819
4605561013009,false,פילה דג הרינג בשמן 400 גרם,LTD BREMOR SANTA SD,BY,פילה הרינג בשמן 400,גרמים,400.00,100 גרם,false,,15.90,0.0398,true,1,143378
4607012351005,false,גרעיני חמניות מרטין ללא מלח 200 גרם,"נארז ע""י : א.ג. גילר",RU,גרעיני חמניות מרטין,גרמים,200.00,100 גרם,false,,12.90,0.0645,true,1,58437
4607026530212,false,יורוסטנדרט כוסמת 900,אגרופרודקט,RU,כוסמת 900גר,גרמים,900.00,100 גרם,false,,11.90,0.0132,true,1,40088
4631159652596,false,צלחות 50 יח',,,צלחות 50 יח',יחידה,0.00,יחידה,false,,24.90,0.0000,true,1,144593
4710068001692,false,"מאסטר קפה לאטה פחית 240 מ""ל",תאיט מרקטינג אנד דיסטריב,TW,מאסטר קפה לאטה,מיליליטרים,240.00,"100 מ""ל",false,,6.50,0.0271,true,1,56945
4710068001715,false,"מאסטר קפה טירמיסו פחית 240 מ""ל",יוני פרזינדנט אנטרפר,TW,מאסטר קפה טירמיסו,מיליליטרים,240.00,"100 מ""ל",false,,6.50,0.0271,true,1,56927
4710068001739,false,"מאסטר קפה קולומביאני 250 מ""ל",יוני פרזינדנט אנטרפר,TW,מאסטר קפה קולומביאני,מיליליטרים,240.00,"100 מ""ל",false,,6.50,0.0271,true,1,56928
4710068002798,false,מאסטר קפה וונילה פחית 240 מל,מאיטה פוד אינדוסטריאל קו,TW,מאסטר קפה וונילה,גרמים,240.00,100 גרם,false,,6.50,0.0271,true,1,97196
4712892880221,false,קיסמים וולטרס פרימיו,,,קיסמים וולטרס פרימיו,יחידה,0.00,יחידה,false,,11.90,0.0000,true,1,55996
4792032060454,false,"גרין קוקו - מי קוקוס אורגניים 330 מ""ל",גרין קוקו,VN,משקה מי קוקוס אורגני,מיליליטרים,330.00,"100 מ""ל",false,,7.90,0.0239,true,1,83533
4792038437113,false,קמח קוקוס אורגני 500,"רנוקה אגרי פודס בע""מ",,קמח קוקוס אורגני 500,גרמים,500.00,100 גרם,false,,14.90,0.0298,true,1,87009
4796012480133,false,קמח קוקוס 500 גרם,אופק מן הטבע,,קמח קוקוס 500 גר',גרמים,500.00,100 גרם,false,,21.90,0.0438,true,1,84196
4796019790013,false,"גרין קוקו - שמן קוקוס אורגני 300 מ""ל",כפרי בריא,,שמן קוקוס אורגני 300,מיליליטרים,300.00,"100 מ""ל",false,,17.90,0.0597,true,1,87693
4796019790020,false,"גרין קוקו - שמן קוקוס אורגני 500 מ""ל",גרין קוקו,LK,גרין קוקו-שמן קוקוס,מיליליטרים,500.00,"100 מ""ל",false,,24.90,0.0498,true,1,80831
4796019790037,false,גרין קוקו - שמן קוקוס אורגני 1 ליטר,כפרי בריא,,שמן קוקוס אורגני גרי,ליטרים,1.00,ליטר,false,,39.90,39.9000,true,1,80968
4800888150080,false,"דאב - דאודורנט רול און לאישה פרש טאצ' מלפפונים 50 מ""ל",יוניליוור פיליפינים,PH,דאודורנט דאב רול און,מיליליטרים,50.00,"100 מ""ל",false,,16.90,0.3380,false,1,50110
4800888214904,false,"דאב דאודורנט סטיק קקאו 50 מ""ל",יוניליוור פארם,PH,דאב דאודורנט סטיק קק,גרמים,50.00,100 גרם,false,,16.90,0.3380,true,1,104987
4800888219510,false,דאב - דאודורנט סטיק לאישה פרש מלפפונים 50 גרם,יוניליוור פיליפינים,PH,דאב סטיק מלפפון,מיליליטרים,50.00,"100 מ""ל",false,,16.90,0.3380,true,1,108800
4800888219534,false,דאב - דאודורנט סטיק לאישה אנטי פרספירמט 50 גרם,יוניליוור פיליפינים,PH,דאב דאודורנט סטיק או,מיליליטרים,50.00,"100 מ""ל",false,,16.90,0.3380,false,1,108480
4801234159856,false,גלייד מיני-ג'ל מפיץ ריח בניחוח מרכך כביסה 70 גרם,ג'ינסו ג'ונסון טונגד,CN,גלייד מיני ג'ל בניחו,גרמים,70.00,100 גרם,false,,8.50,0.1214,true,1,50564
4840008040075,false,350 עוגיות אוזניים עם קינמון גר,FRANZELUTA,MD,עוגיות אזניים עם קינ,גרמים,350.00,100 גרם,false,,10.90,0.0311,true,1,108373
4891228304454,false,שיק היידרו 5 סנס לגבר מכשיר + סכין,ארץ ייצור סכינים: ארהבn\,CN,שיק היידרו 5 סנס מכש,גרמים,100.00,100 גרם,false,,44.90,0.4490,true,1,96627
4891228309268,false,"טאצ' אפ מעצב גבות מקצועי, 3 יחידות",שסטוביץ,CN,שיק היידרו סילק סכינ,יחידה,0.00,יחידה,false,,18.90,0.0000,true,1,142704
4891228430030,false,סכיני גילוח שיק אקזקטה 2 לעור רגיש ירוק 5 יח',אנרג'יזר Energizer,CN,ס.ג שיק אקסטרא 2ירו,יחידה,0.00,יחידה,false,,9.90,0.0000,true,1,86961
4891228430085,false,סכיני גילוח שיק אקסטרים קומפורט לגבר 3 להבים 4 יחידות,אנרג'יזר Energizer,CN,ס.ג שיק אקסטרים 3כחו,יחידה,0.00,יחידה,false,,16.90,0.0000,true,1,36491
4895060550000,false,לקקן בוכה 12 יח',,,לקקן בוכה,גרמים,50.00,100 גרם,false,,6.90,0.1380,true,1,48713
4895060582292,false,סוכריות נטיורל פלורידה מיקס טעמים 136ג',קנדי נובלטי,CN,פלורידה ויטמין משפחת,גרמים,136.00,100 גרם,false,,15.50,0.1140,true,1,47714
4895060592307,false,סוכריות נטורל בטעמים בקבוק NUGGELS,איתן-מזון,CN,פלורידה סוכריות נאגט,גרמים,43.00,100 גרם,false,,7.50,0.1744,true,1,38300
4903001904192,false,"רוטב סויה יאמסה פרימיום 500 מ""ל",הדקלאים אגודת שיתופי,JP,רוטב סויה יאמסה פרימ,יחידה,500.00,יחידה,false,,17.90,0.0358,true,1,38775
4903001925784,false,"רוטב סויה יאמאסה פרמיום דל מלח 500 מ""ל",הדקלאים אגודת שיתופי,JP,רוטב סויה יאמאסה פרי,מיליליטרים,500.00,"100 מ""ל",false,,17.90,0.0358,true,1,56501
4903001930993,false,"רוטב טריאקי יאמאסה 500 מ""ל",ליימן מותגים,JP,"טריאקי יאמסה 500 מ""ל",מיליליטרים,500.00,"100 מ""ל",false,,17.90,0.0358,true,1,80071
4996445000117,false,קינגדאו אטריות סובה,Qingdao Sun-growing,,אטריות סובה,גרמים,300.00,100 גרם,false,,10.90,0.0363,true,1,94903
4996445000124,false,אטריות אודון,,,אטריות אודון,גרמים,300.00,100 גרם,false,,9.00,0.0300,true,1,93876
5000111047364,false,היינץ רוטב ברביקיו דבש HP,היינץ,NL,רוטב ברבקיו דבש H.P,גרמים,465.00,100 גרם,false,,15.90,0.0342,true,1,88149
5000127163195,false,דגני בוקר קלוגס ספיישל קיי 500גרם,חברת קלוגס בריטניה,GB,דגני קלוגס ספיישל קי,גרמים,500.00,100 גרם,false,,23.90,0.0478,true,1,26009
5000127533196,false,קלוגס וורייטי שמינייה 191 גרם,חברת קלוגס בריטניה,GB,ווראיטי קלוגס,גרמים,191.00,100 גרם,false,,21.90,0.1147,true,1,94667
5000146048688,false,מטליות לניקוי כלי נחושת ברסו 75 גרם,רקיט בנקיזר,PT,בראסו מטליות לניקוי,גרמים,75.00,100 גרם,false,,19.90,0.2653,true,1,49088
5000146057710,false,ספריי רב שימושי לחלונות ומשטחים ווינדולין Windolene,רקיט בנקיזר,PL,וינדולין לחלונות,יחידה,750.00,יחידה,false,,8.90,0.0119,true,1,14527
5000146401568,false,וולייט דפים למניעת העברת צבע 10 דפים,רקיט בנקיזר,IT,ווליט דפים למכונת כב,יחידה,0.00,יחידה,false,,14.90,0.0000,true,1,14536
5000157143365,false,מתבל בטעם מיונז וקטשופ היינץ 425 גרם,"פודליצקי ספ.ז.או.או,",PL,רוטב בטעם מיונז וקטש,גרמים,425.00,100 גרם,false,,14.90,0.0351,true,1,100201
5000159376655,false,סוכריות SKITTLES פירות קטן 38 גרם אדום,ריגלי ממתקים,CZ,סקיטלט סוכריות ג'לי,גרמים,38.00,100 גרם,false,,3.00,0.0789,true,1,40915
5000159376792,false,סוכריות סקיטלס Skittles פירות חמוצים,ריגלי ממתקים,CZ,סקיטלט סוכריות ג'לי,גרמים,38.00,100 גרם,false,,3.00,0.0789,true,1,40916
5000159409179,false,מארז חטיפי מיני סניקרס Snickers,מרס הולנד בי.וי.,NL,סניקרס מיני 403 גר',גרמים,403.00,100 גרם,false,,21.90,0.0543,false,1,55570
5000159452977,false,מיקס שקית מיניס 400 גרם מרס-באונטי-טוויק,מרס הולנד בי.וי.,NL,חטיפי מיקס מיני 400,גרמים,400.00,100 גרם,false,,21.90,0.0547,false,1,54987
5000159536400,false,טוויקס סטיקס 99 קלוריות 10 יחידות,מרס,NL,טוויקס סטיקס 99 קלור,גרמים,200.00,100 גרם,false,,15.90,0.0795,true,1,108313
5000168199245,false,שוקולד חלב מעולה בתוספת קרמל מלוח פיור גודייבה 90 ג',"אולקר מקבוצת פלאדיס, ציק",TR,גודייבה שוקולד חלב ב,גרמים,90.00,100 גרם,false,,14.50,0.1611,true,1,108393
5000184221241,false,קנור ארומט-אבקת תיבול במיכל 90 גרם,,,קנור ארומט דספנסר,יחידה,0.00,יחידה,false,,14.90,0.0000,true,1,57660
5000189974579,false,מארז מיני חטיפי קיט קט Kit Kat,נסטלה גרמניה,DE,קיט קט מיני 200 גר',גרמים,200.00,100 גרם,false,,13.90,0.0695,true,1,91825
5000204048711,false,קיווי ספריי להגנת נעלי ספורט 200 מל,ג'ונסון אנד ג'ונסון,NL,קיווי להגנת נעלי ספו,מיליליטרים,200.00,"100 מ""ל",false,,17.90,0.0895,true,1,141256
5000204048742,false,"קיווי לבישום נעלי ספורט 100 מ""ל",קיווי,NL,קיווי לבישום נעלי ספ,מיליליטרים,100.00,"100 מ""ל",false,,17.90,0.1790,true,1,141257
5000204048803,false,"קיווי לניקוי נעלי ספורט 75 מ""ל",ג'ונסון אנד ג'ונסון,NL,קיווי לניקוי נעלי ספ,מיליליטרים,75.00,"100 מ""ל",false,,17.90,0.2387,true,1,141523
5000204114898,false,גלייד ארוסול מבשם אוויר ניחוח מרכך כביסה,"אס.סי ג'\ונסון,מידרכט, ה",NL,גלייד ארוסול בניחוח,מיליליטרים,300.00,"100 מ""ל",false,,10.00,0.0333,true,1,100076
5000204114928,false,"גלייד ארוסול בניחוח דובדבן 300 מ""ל",coster aerosol vail,TR,גלייד ארוסול בניחוח,מיליליטרים,300.00,"100 מ""ל",false,,10.00,0.0333,true,1,100071
5000204114959,false,"גלייד ארוסול בניחוח פריחה בלבן 300 מ""ל","אס.סי ג'\ונסון,מידרכט, ה",NL,גלייד ארוסול בניחוח,מיליליטרים,300.00,"100 מ""ל",false,,10.00,0.0333,true,1,100077
5000204120745,false,גלייד מוצק בניחוח לבנדר 150 גר',במה פולסקה אספי.זד.או.או,PL,גלייד מוצק בניחוח לב,גרמים,150.00,100 גרם,false,,10.00,0.0667,true,1,99581
5000204120776,false,גלייד מוצק בניחוח מרכך כביסה 150 ג',במה פולסקה אספי.זד.או.או,PL,גלייד מוצק בניחוח מר,גרמים,150.00,100 גרם,false,,10.00,0.0667,true,1,99582
5000204151022,false,"פלדג' אירוסול לניקוי רהיטים לבנדר 250 מ""ל","אס.סי ג'\ונסון, אירופלנט",NL,פלדג' ארוסול לניקוי,מיליליטרים,250.00,"100 מ""ל",false,,15.90,0.0636,true,1,106615
5000204151053,false,"פלדג' אירוסול לניקוי רהיטים קלאסי 250 מ""ל","אס.סי ג'\ונסון, אירופלנט",NL,פלדג' אירוסול לניקוי,מיליליטרים,250.00,"100 מ""ל",false,,15.90,0.0636,true,1,102224
5000204151084,false,"פלדג' אירוסול לניקוי כללי לימון 250 מ""ל",פלדג' Pledge,NL,פלדג' ארוסול לניקוי,מיליליטרים,250.00,"100 מ""ל",false,,15.90,0.0636,true,1,101955
5000204153729,false,מטהר אוויר גלייד מילוי אוטומטי לבנדר וניל,המאפיה של הרמן,TR,גלייד מילוי אוטומטי,מיליליטרים,269.00,"100 מ""ל",false,,14.90,0.0554,true,1,104532
5000204153842,false,מטהר אוויר גלייד מילוי אוטומטי וניל,קוסטר אירוסול ואלף סאן,TR,גלייד מילוי אוטומטי,מיליליטרים,269.00,"100 מ""ל",false,,14.90,0.0554,true,1,102984
5000204153903,false,מטהר אוויר גלייד מילוי אוטומטי מרכך כביסה,"קוסטר אירוסול ואלף סאן,",TR,גלייד מילוי אוטומטי,מיליליטרים,269.00,"100 מ""ל",false,,14.90,0.0554,true,1,102983
5000204182026,false,גלייד מוצק בניחוח אודיסאה הכחולה 180גר,במה פולסקה אספי.זד.או.או,PL,גלייד ג'ל בניחוח אוד,גרמים,180.00,100 גרם,false,,15.90,0.0883,true,1,108112
5000204243000,false,"נוזל לאסלה אפרסק על חלל 750 מ""ל דאק",טואלט דאק (ג'ונסון),NL,דאק נוזל אפרסק על חל,מיליליטרים,750.00,"100 מ""ל",false,,8.90,0.0119,true,1,143380
5000204657883,false,קיווי משחת נעליים בקופסא חום 50 מל,ג' אל ראיה בוגור ג'א,ID,משחת נעליים קיווי חו,מיליליטרים,50.00,"100 מ""ל",false,,5.90,0.1180,true,1,48780
5000204657913,false,קיווי משחת נעליים בקופסא שחור 50 מל,ג' אל ראיה בוגור,ID,משחת נעליים קיווי שח,מיליליטרים,50.00,"100 מ""ל",false,,5.90,0.1180,true,1,49178
5000204658064,false,"ספוגית הברקה קיווי אקספרס שחור 6 מ""ל",המאפיה של הרמן,HN,קיווי אקספרס ספוג הב,יחידה,0.00,יחידה,false,,14.90,0.0000,true,1,49179
5000204658187,false,קיווי נוזל לניקוי נעליים שחור 75 מל,אס' סי' ג'ונסון במה,PL,משחת נעליים קיווי שח,מיליליטרים,75.00,"100 מ""ל",false,,14.90,0.1987,true,1,48943
5000204659054,false,"קיווי קופסא שקוף 50 מ""ל",קיווי,,משחת נעליים קיווי שק,מיליליטרים,50.00,"100 מ""ל",false,,7.50,0.1500,true,1,49517
5000204660159,false,"קיווי אקספרס ספוג הברקה שקוף 6מ""ל",המאפיה של הרמן,ID,קיווי אקספרס ספוג הב,יחידה,0.00,יחידה,false,,14.90,0.0000,true,1,49180
5000204661392,false,"קיווי אקסטרא לארג' שחור(גדול) 100מ""ל",המאפיה של הרמן,ID,משחת נעליים אקסטרא ש,יחידה,0.00,יחידה,false,,9.90,0.0000,true,1,48781
5000204886566,false,"תרסיס מנקה, מזין ומגן על העץ עם שמן תפוז טבעי",Jonson ג'ונסון,US,פלדג' 473 ORANGE OIL,יחידה,475.00,יחידה,false,,32.90,0.0693,true,1,21149
5000232902450,false,שעועית אפויה HP בעגבניות ברנסטון 350 גר,,,BRANSTON-שעועית לבנה,גרמים,410.00,100 גרם,false,,8.90,0.0217,true,1,56350
5000267014234,false,וויסקי ג'וני ווקר רד לייבל Red label,ג'וני ווקר Johnnie walker,GB,וויסקי גוני ווקר אדו,מיליליטרים,700.00,"100 מ""ל",false,,75.00,0.1071,true,1,102263
5000267024233,false,"וויסקי ג'וני בלאק לייבל עם פורר 700מ""ל",ג'וני ווקר Johnnie walker,GB,גו'ני ווקר שחור 700,מיליליטרים,700.00,"100 מ""ל",false,,110.00,0.1571,false,1,106245
5000289925440,false,גין גורדון בקבוק 700,אלכסנדר גורדון ושות',GB,"ג'ין גורדון 700 מ""ל",מיליליטרים,700.00,"100 מ""ל",false,,79.90,0.1141,true,1,56871
5000299609347,false,"וויסקי גלנליווט פאונדרס רזרב 700 מ""ל",ג'ורג' וג'יי ג'יי סמית,GB,גלנליווט פאונדרס רזר,מיליליטרים,700.00,"100 מ""ל",false,,149.90,0.2141,true,1,145322
5000394011212,false,דורסל סוללה MN21,,,דורסל סוללה MN21,יחידה,0.00,יחידה,false,,8.90,0.0000,true,1,8137
5000394137486,false,רביעיות סוללות אופטימום AA דורסל,פרוקטר אנד גמבל,BE,דורסל רביעיות AA אופ,יחידה,0.00,יחידה,false,,18.90,0.0000,true,1,141575
5000394137516,false,רביעיות סוללות אופטימום AAA דורסל,פרוקטר אנד גמבל,BE,דורסל רביעיות AAA או,יחידה,0.00,יחידה,false,,18.90,0.0000,true,1,141580
5000394140820,false,שישיות סוללות AA פלוס פאוור דורסל,דורסל,BE,דורסל שישיות AA פלוס,יחידה,0.00,יחידה,false,,18.90,0.0000,true,1,141576
5000394140851,false,רבעיות סוללות דורסל AA פלוס פאוור,פרוקטר אנד גמבל,BE,דורסל רביעיות AA פל,יחידה,0.00,יחידה,false,,17.90,0.0000,true,1,141581
5000394141117,false,רבעיות סוללות דורסל AAA פלוס פאוור,פרוקטר אנד גמבל,BE,דורסל רביעיות AAA פל,יחידה,0.00,יחידה,false,,17.90,0.0000,true,1,141582
5000394141209,false,שישיות סוללות AAA פלוס פאוור דורסל,דיפלומט,BE,דורסל שישיות AAA פלו,יחידה,0.00,יחידה,false,,18.90,0.0000,true,1,141577
5000394142190,false,סוללת דורסל V9 פלוס 1 יח,פרוקטר אנד גמבל,MY,סוללות דורסל V9 פלוס,יחידה,0.00,יחידה,false,,24.90,0.0000,true,1,144862
5000394203907,false,סוללות דורסל ליתיום זוג,דורסל Duracell,,דורסל ליתיום,יחידה,0.00,יחידה,false,,17.90,0.0000,true,1,97815
5000394203921,false,זוג סוללות ליתיום 2032 דורסל,דורסל Duracell,CN,זוג סוללות דורסל לית,יחידה,0.00,יחידה,false,,17.90,0.0000,true,1,105770
5000396037531,false,מקוויטיס ביסקוויט מצופה שוקולד חלב 200 גרם,ברנדס סרטרה נשיונל,GB,מקוויטיס ביסקוויט מצ,גרמים,200.00,100 גרם,false,,11.50,0.0575,true,1,88658
5000396037548,false,מקוויטיס ביסקוויט מצופה שוקולד מריר 200 גרם,ברנדס סרטרה נשיונל,GB,מקוויטיס ביסקוויט מצ,גרמים,200.00,100 גרם,false,,11.50,0.0575,true,1,88659
5000396037944,false,מקוויטיס ביסקוויט אורגינל 250 גרם,ברנדס סרטרה נשיונל,GB,מקוויטיס ביסקוויט קל,גרמים,250.00,100 גרם,false,,10.00,0.0400,true,1,88656
5000409006721,false,MRS ELSWOOD מלפפונים להמבורגר,EMPIRE BESPOKE FOODS,NL,טבעות מלפפון להמבורג,גרמים,360.00,100 גרם,false,,19.90,0.0553,true,1,85659
5010029000252,false,וויטביקס תערובת דגנים מחיטה מלאה 430 גרם,וויטביקס,GB,וויטביקס אורגינל,גרמים,430.00,100 גרם,false,,19.90,0.0463,true,1,88804
5010029219241,false,דגני בוקר וויטביקס מיני שוקולציפס 450 גר,וויטביקס Weetabix,,וויטביקס מיני שוקולד,גרמים,450.00,100 גרם,false,,19.90,0.0442,true,1,94125
5010029222005,false,דגנים חיטה מלאה עם פרוטאין וויטביקס 440,וויטביקס,,וויטביקס פרוטאין,גרמים,440.00,100 גרם,false,,23.90,0.0543,true,1,109098
5010038454831,false,"בקבוק בירה בלומון 330 מ""ל","מבשלת סטרופראמן בע""\מ ,",CZ,"בירה בלומון 330 מ""ל",מיליליטרים,330.00,"100 מ""ל",false,,10.00,0.0303,true,1,98924
5010123703547,false,ליסטרין שטיפת פה פרש ברסט ירוק 500,גונסון אנד גונסון,IT,ליסטרין מנטה מרענן ש,מיליליטרים,500.00,"100 מ""ל",false,,17.90,0.0358,true,1,88710
5010123703585,false,ליסטרין שטיפת פה קולמינט 500 מל,גונסון אנד גונסון,IT,ליסטרין מי פה קולמינ,מיליליטרים,500.00,"100 מ""ל",false,,17.90,0.0358,true,1,87459
5010123730222,false,"מי פה טוטל קר סגול ליסטרין 500 מ""ל",ג'ונסון,IT,ליסטרין שטיפת פה טוט,מיליליטרים,500.00,"100 מ""ל",false,,17.90,0.0358,true,1,87460
5010182996799,false,ג'ל אסלה מנטרל ריחות בניחוח פרחי בר ורודים,דאופלור אס.פי.אי איט,IT,דאק ג'ל אסלה פרחי בר,מיליליטרים,55.00,"100 מ""ל",false,,9.90,0.1800,false,1,16543
5010182996805,false,רייד מונע עש ניחוח לבנדר,זובילי,IT,RAIDמונע עש שמן עץ ה,גרמים,2.00,100 גרם,false,,12.90,6.4500,true,1,16544
5010182997338,false,דאק ג'ל לניקוי אסלות בניחוח רענן 55 מל,"איטיליאן פוד, אס.פי.",IT,ט.ד ג'ל אסלה ניחוח ר,גרמים,55.00,100 גרם,false,,10.90,0.1982,true,1,16547
5010182998847,false,דאק נוזל לניקוי אסלות בניחוח ים 750 מל,מיוצר עי קונדיטוריית,NL,טואלט דאק נוזל כחול,יחידה,750.00,יחידה,false,,8.90,0.0119,true,1,16555
5010182998861,false,דאק נוזל לניקוי אסלות בניחוח רענן 750 מל,מיוצר עי קונדיטוריית,NL,טואלט דאק נוזל ירוק,יחידה,750.00,יחידה,false,,8.90,0.0119,true,1,16556
5010327000176,false,"וויסקי גלנפידיך מולט 12 שנה 700 מ""ל",גרנט'ס (William Gran,GB,גלנפידיך מולט ויסקי,מיליליטרים,700.00,"100 מ""ל",false,,160.00,0.2286,false,1,58089
5010327325125,false,וויסקי גלנפידיך 15 שנה סולרה רזרב 750 מל,גרנט'ס (William Gran,,גלנפידיך 15 שנה סולר,יחידה,750.00,יחידה,false,,220.00,0.2933,true,1,58087
5010327755014,false,"ג'ין הנדריקס 700 מ""ל",גרנט'ס (William Gran,GB,הנדריקס ג'ין,יחידה,0.00,יחידה,false,,159.90,0.0000,true,1,100446
5010394984577,false,פדיגרי דנטאסטיקס כלב קטן 110 גרם (7 יח')BP29V,פדיגרי Pedigree,HU,פדיגרי דנטה סמול 110,גרמים,110.00,100 גרם,false,,10.90,0.0991,true,1,30787
5010622005012,false,חוט דנטלי אסנשייאל ללא שעווה 50 מטר,פרוקטר אנד גמבל,IE,חוט דנטלי ללא שעווה,יחידה,0.00,יחידה,false,,16.90,0.0000,true,1,26610
5010677551281,false,"בקרדי בריזר לימון 275 מ""ל בקבוק",בקרדי בריזר Bacardi Breezer,BE,בקרדי בריזר לימו,יחידה,275.00,יחידה,false,,12.90,0.0469,false,1,18613
5010677551397,false,"בקרדי בריזר לימון ליים 275 מ""ל",בקרדי בריזר Bacardi Breezer,BE,בקרדי בריזר ליים,מיליליטרים,275.00,"100 מ""ל",false,,12.90,0.0469,false,1,76129
5010677552387,false,"בקרדי בריזר אננס 275 מ""ל בקבוק",בקרדי בריזר Bacardi Breezer,BE,בקרדי בריזר אננס,יחידה,275.00,יחידה,false,,12.90,0.0469,false,1,18614
5010677554398,false,"בקרדי בריזר אבטיח 275 מ""ל בקבוק",בקרדי בריזר Bacardi Breezer,BE,בקרדי בריזר אבטי,מיליליטרים,275.00,"100 מ""ל",false,,12.90,0.0469,false,1,18616
5011013100132,false,"ויסקי בייליס אייריש קרים 750 מ""ל",r&a baileys,,בייליס אייריש קרים 7,מיליליטרים,750.00,"100 מ""ל",false,,79.90,0.1065,true,1,32882
5011026108019,false,טולמור דיו וויסקי אי,גרנט'ס (William Gran,,טולמור דיו וויסקי אי,יחידה,1.00,יחידה,false,,130.00,130.0000,true,1,52069
5011026108033,false,"וויסקי אירי טולומור דיו 700 מ""ל",פארייפאבה אגרואינדוס,IE,טולמור דיו וויסקי אי,מיליליטרים,700.00,"100 מ""ל",false,,99.90,0.1427,true,1,143205
5011157630281,false,אורז לבן ארוך בסמטי טילדה Tilda,אלסקה/ טילדה,GB,אורז טילדה,קילוגרמים,1.00,"ק""ג",false,,24.90,24.9000,true,1,14209
5011157671222,false,"טילדה אורז בסמטי חום מלא 1 ק""ג",טילדה Tilda,GB,טילדה אורז בסמטי חום,קילוגרמים,1.00,"100 ק""ג",false,,24.90,24.9000,true,1,141304
5011157730271,false,אורז יסמין לבן ארוך טילדה,טילדה Tilda,GB,טילדה אורז יסמין,קילוגרמים,1.00,"100 ק""ג",false,,24.90,24.9000,true,1,141303
5011428100048,false,מלח ים מלדון 250 גר,MALDON CRYSTAL SALT,GB,מלח ים 250 גרם,גרמים,250.00,100 גרם,false,,21.90,0.0876,true,1,52855
5012251009423,false,BEAUTY FORMULAS מגבונים לניקוי עדין של עור הפנים בתוספת תמציות משמש 30 יחידות,,GB,מגבונים לניקוי פנים,יחידה,0.00,יחידה,false,,12.90,0.0000,true,1,108917
5012251012256,false,"BEAUTY FORMULASתרחיץ דטוקס לפנים בתוספת פחם פעיל 150מ""ל",,GB,תרחיץ לפנים בתוספת פ,מיליליטרים,150.00,"100 מ""ל",false,,14.90,0.0993,true,1,97291
5012251012294,false,BEAUTY FORMULAS מגבונים לניקוי עדין של עור הפנים בתוספת תמציות שמן ארגן 30 יחידות,,GB,מגבונים לניקוי פנים,יחידה,0.00,יחידה,false,,12.90,0.0000,true,1,108918
5012251012645,false,רצועות לאף להסרת ראשים שחורים,,GB,מדבקות להוצאת שחורים,יחידה,0.00,יחידה,false,,12.90,0.0000,true,1,99367
5013387205826,false,פרואט-חטיף ללא גלוטן שוקולד 100 גרם,,GB,חטיף פריך בציפוי שוק,גרמים,100.00,100 גרם,false,,11.90,0.1190,true,1,100626
5013931015741,false,דיש מטיק - ידית הפלא לשטיפת כלים,דישמטיק Dish matic,US,דיש מטיק ידית הפלא ל,יחידה,0.00,יחידה,false,,21.90,0.0000,true,1,105416
5013931015758,false,דיש מטיק - ספוגי החלפה מארז 3 יחידות,דישמטיק Dish matic,US,דיש מטיק מארז 3 יח',יחידה,0.00,יחידה,false,,21.90,0.0000,true,1,105418
5013931015789,false,דישמאטיק ידית הפלא עם כרית פלדה,דישמטיק Dish matic,GB,ידית הפלא עם כרית פל,יחידה,0.00,יחידה,false,,21.90,0.0000,true,1,106671
5014271002767,false,"מעדן סנט דלפור מנגו ופסיפלורה לל""ס 284ג'",סאן דלפור - שמבור,FR,ריבת סנדלפור מנגו ופ,גרמים,284.00,100 גרם,false,,19.90,0.0701,false,1,97292
5014271300429,false,"מעדן משמש 100% פרי סנטדלפור 284 גרם לל""ס",סאן דלפור - שמבור,FR,ריבת משמש סנדלפור 28,גרמים,284.00,100 גרם,false,,19.90,0.0701,false,1,18079
5014271310428,false,מעדן דובדבנים שחורים ללא תוספת סוכר 284 גרם,סאן דלפור - שמבור,FR,ריבת דובדבן סנדלפור,גרמים,284.00,100 גרם,false,,19.90,0.0701,false,1,18080
5014271330426,false,מעדן אוכמניות כחולות ללא תוספת סוכר 284 גרם,סאן דלפור - שמבור,FR,ריבת אוכמניות סנדלפו,גרמים,284.00,100 גרם,false,,19.90,0.0701,false,1,18081
5014271350424,false,מעדן ארבעה פירות ללא תוספת סוכר 284 גרם,סאן דלפור - שמבור,FR,ריבת פירות סנדלפור 2,גרמים,284.00,100 גרם,false,,19.90,0.0701,false,1,18082
5014271360423,false,"מעדן תפוזים לל""ס סאן דלפור 284 גרם",סאן דלפור - שמבור,FR,מעדן תפוז סנדלפור 28,גרמים,284.00,100 גרם,false,,19.90,0.0701,false,1,18083
5014271370422,false,מעדן אפרסקים ללא תוספת סוכר 284 גרם,סאן דלפור - שמבור,FR,ריבת אפרסק סנדלפור 2,גרמים,284.00,100 גרם,false,,19.90,0.0701,false,1,18084
5014271400426,false,"מעדן בטעם תות שדה לל""ס סאן דלפור 284 גרם",סאן דלפור - שמבור,FR,ריבת תות סנדלפור 284,גרמים,284.00,100 גרם,false,,19.90,0.0701,false,1,18087
5014271560427,false,מעדן תפוז וג'ינג'ר ללא סוכר סאן דלפור 284 גר,סאן דלפור - שמבור,FR,ריבת תפוז וג'ינג'ר ס,גרמים,284.00,100 גרם,false,,19.90,0.0701,false,1,18088
5014271795980,false,מעדן חמוציות ואוכמניות ללא תוספת סוכר 284 גרם,סנדלפור St.dalfour,FR,ריבת אוכמניות וחמוצי,גרמים,284.00,100 גרם,false,,19.90,0.0701,false,1,18094
5014379009972,false,בירה לאגר באדוויזר פחית 500 מל,באדווייזר Budweiser,GB,פחית בירה באדוויזר 5,מיליליטרים,500.00,"100 מ""ל",false,,9.90,0.0198,true,1,98995
5017818800116,false,"פחית דוקטור פפר 330 מ""ל",אורנג'ינה שוופס,FR,"דר"" פפר פחית",מיליליטרים,355.00,"100 מ""ל",false,,5.90,0.0166,true,1,75426
5018357006731,false,תערובת דגנים 40% פירות ואגוזים 560 גרם,דורסט סיריאלס,GB,תערובת דגנים דורסט 4,גרמים,560.00,100 גרם,false,,26.90,0.0480,true,1,25764
5018357006779,false,תערובת דגנים 50% פירות ואגוז+חמוציות 540,דורסט סיריאלס Dorset Cereals,GB,תערובת דגנים בתוספת,גרמים,540.00,100 גרם,false,,28.90,0.0535,true,1,29443
5018357012435,false,תערובת דגנים דורסט סיריאלס כוסמין 570 ג,דורסט סיריאלס,GB,דורסט סיריאלס מוזלי,גרמים,570.00,100 גרם,false,,30.90,0.0542,true,1,102627
5018357012459,false,תערובת דגנים דורסט סיריאלס פירות 600 ג,דורסט סיריאלס,GB,מוזלי פירות 600 גר',גרמים,600.00,100 גרם,false,,30.90,0.0515,true,1,102276
5018357012572,false,דורסט סיריאלס גרגרי יער ודובדבנים 600 ג,דורסט סיריאלס,GB,מוזלי גרגרי יער ודוב,גרמים,600.00,100 גרם,false,,30.90,0.0515,true,1,102278
5029053002408,false,נייר טואלט קלינקס פרימיום לבן - מארז 9 גלילים,קימברלי קלארק ישראל,IL,נייר טואלט קלינקס פר,גרמים,1184.00,100 גרם,false,,33.90,0.0286,false,1,13574
5029053002439,false,נייר טואלט קלינקס פרימיום צהוב - מארז 9 גלילים,חוגלה קימברלי,GB,נייר טואלט קלינק,גרמים,1184.00,100 גרם,false,,33.90,0.0286,false,1,13575
5029053039725,false,ממחטות נייר קלינקס נטורל פרש קופסה 72 דף,קימברלי קלארק,IL,קלינקס נטורל פרש קופ,יחידה,0.00,יחידה,false,,9.90,0.0000,false,1,141712
5029053510811,false,קוטקס - תחבושות אולטרה נורמל + כנפיים 30 יח',קימברלי קלארק,CZ,קוטקס אולטרא נור,יחידה,0.00,יחידה,false,,17.90,0.0000,false,1,13586
5029053523446,false,קוטקס - תחבושות אולטרה נייט + כנפיים 20 יח',קימברלי קלארק,CZ,קוטקס אולטרא ליי,יחידה,0.00,יחידה,false,,17.90,0.0000,false,1,13605
5029053527574,false,האגיס תחתון ספיגה 4-7 בנים דריי נייטס 10 יחידות,חוגלה קימברלי,CZ,דריי נייטס 7-4 בנים,יחידה,0.00,יחידה,false,,33.90,0.0000,false,1,13608
5029053527581,false,האגיס תחתון ספיגה 4-7 בנות דריי נייטס 10 יחידות,חוגלה קימברלי,CZ,דריי נייט 7-4 בנות,יחידה,0.00,יחידה,false,,33.90,0.0000,false,1,13609
5029053527598,false,תחתוני ספיגה בנים לתופעת הרטבת לילה 8-15 האגיס,חוגלה קימברלי,CZ,האגיס דריי נייטס 8-1,יחידה,0.00,יחידה,false,,33.90,0.0000,false,1,13610
5029053527604,false,האגיס תחתון ספיגה 15-8 בנות דריי נייטס 9 יחידות,חוגלה קימברלי,IL,האגיס דריי נייטס 8-1,יחידה,0.00,יחידה,false,,33.90,0.0000,false,1,13611
5029053534589,false,קוטקס טמפוני מיני B נורמל 32 יחידות,קימברלי קלארק,CZ,טמפוני קוטקס מיני-שי,יחידה,0.00,יחידה,false,,22.90,0.0000,true,1,36691
5029053534602,false,קוטקס טמפוני סופר ללא מוליך 32 יח,קימברלי קלארק,CZ,טמפוני קוטקס סופר-שי,יחידה,0.00,יחידה,false,,22.90,0.0000,true,1,36693
5029053535227,false,קוטקס טמפון עם מוליך נורמל 16 יחידות,קימברלי קלארק,CZ,טמפון קוטקס עם מוליך,יחידה,0.00,יחידה,false,,22.90,0.0000,true,1,40157
5029053578309,false,קופסת ממחטות אולטרה סופט 48 דף קלינקס,קימברלי,IL,קלינקס אולטרה סופט ק,יחידה,0.00,יחידה,false,,8.50,0.0000,false,1,141711
5029054220085,false,האגיס - מגבוני האגיס אקסטרה קר לא מבושם 56 יח' * 4,קימברלי קלארק,IL,רביעיית מגבוני רך נו,יחידה,0.00,יחידה,false,,26.90,0.0000,false,1,92687
5035766044673,false,"סטרונגבואו גולד, סיידר תפוחים אלכוהולי, בקבוק 330 מ''ל",סטרונגבאו Strongbow,BE,סיידר תפוחים סטרונגב,יחידה,0.00,יחידה,false,,7.50,0.0000,true,1,57280
5053827193368,false,דגני בוקר קלוגס ברנפלקס 500 גרם,קלוגס קומפני אוף גרייט ב,GB,ברנפלקס קלוגס,גרמים,500.00,100 גרם,false,,23.90,0.0478,true,1,94711
5053827215862,false,קלוגס קוקו פופס שוקו 500ג',קלוגס מניופקטורינג אספנה,GB,קלוגס קוקו פופס 500,גרמים,500.00,100 גרם,false,,16.90,0.0338,true,1,102033
5055966801005,false,"וויסקי בושמילס אוריגינל 700 מ""ל",אלב בושמילס,,וויסקי בושמילס,מיליליטרים,700.00,"100 מ""ל",false,,89.90,0.1284,true,1,88829
5059001003713,false,איירוויק - מקלות ריחניים בניחוח תאנה ופירות יער,רקיט בנקיזר,HU,איירוויק מקלות ריחני,מיליליטרים,30.00,"100 מ""ל",false,,14.90,0.4967,true,1,146262
5060123607796,false,תה לונדון תות שדה ונ,טייפו,GB,תה לונדון תות שדה ונ,גרמים,40.00,100 גרם,false,,15.90,0.3975,true,1,30647
5060123607802,false,לונדון חליטת גינגר לימון 20 שקיקים,טייפו,GB,תה לונדון בטעם לימון,גרמים,40.00,100 גרם,false,,15.90,0.3975,true,1,32010
5060123607888,false,תה לונדון ענבי שועל,טייפו,GB,תה לונדון ענבי שועל,גרמים,40.00,100 גרם,false,,15.90,0.3975,true,1,78146
5060154914160,false,"בירה וגבונד פייל אייל 330 מ""ל ללא גלוטן",ברודוג פי אל סי,,בירה ברודוג וגבונד פ,מיליליטרים,300.00,"100 מ""ל",false,,14.90,0.0497,true,1,83012
5060255492185,false,"אברקלין עוצמה בניחוח מרענן 6 ק""ג",כלורוקס,NL,אברקלין חול ירוק בני,קילוגרמים,6.00,"ק""ג",false,,54.90,9.1500,true,1,88209
5060326870829,false,חטיף סויה ותפוח אדמה בטעם מתוק מלוח 85 ג,,GB,חטיף סויה ותפוח אדמה,גרמים,85.00,100 גרם,false,,10.90,0.1282,true,1,142535
5060326870898,false,חטיף ציפס חלבון בטעם ברביקיו מתוק85 ג,,GB,חטיף צ'יפס חלבון בטע,גרמים,85.00,100 גרם,false,,10.90,0.1282,true,1,142498
5060326870911,false,חטיף ציפס חלבון בטעם מלח ופלפל85 ג,,GB,חטיף ציפס חלבון בטעם,גרמים,85.00,100 גרם,false,,10.90,0.1282,true,1,142731
5060517886486,false,"משקה אנרגיה מונסטר אנרג'י בפחית 500 מ""ל",מונסטר אנרג'י Monster Energy,RS,משקה אנרגיה מונסטר ק,מיליליטרים,500.00,"100 מ""ל",false,,7.50,0.0150,false,1,99903
5060639128051,false,"משקה אנרגיה מונסטר אולטרה בפחית 500 מ""ל",מונסטר אנרג'י Monster Energy,RS,משקה אנרגיה מונסטר פ,מיליליטרים,500.00,"100 מ""ל",false,,7.00,0.0140,true,1,103436
5060639129102,false,"משקה אנרגיה מונסטר אנרג'י מנגו בפחית 500 מ""ל",מונסטר אנרג'י Monster Energy,RS,משקה אנרגיה מונסטר פ,מיליליטרים,500.00,"100 מ""ל",false,,7.50,0.0150,true,1,105304
5060751218173,false,"משקה אנרגיה מונסטר אנרג'י piplin punch בפחית 500 מ""ל",מונסטר אנרג'י לימטד,RS,משקה אנרגיה מונסטר 5,מיליליטרים,500.00,"100 מ""ל",false,,7.50,0.0150,true,1,144026
5200133120476,false,גלילות וופלים ממולאים קרם אגוזים וקקאו 400 ג',יוניליוור גרמניה Gm,GR,גליליות וופלים ממולא,גרמים,400.00,100 גרם,false,,16.90,0.0422,true,1,92000
5200133120483,false,גליליות וופלים ממולא קרם וניל 400 גר,יוניליוור גרמניה Gm,GR,גליליות וניל 400 גר,גרמים,400.00,100 גרם,false,,16.90,0.0422,true,1,92003
5200133120506,false,גליליות וופלים קרם אגוזים וקקאו 150 גרם,קוארטט אס.אי,GR,גליליות וופל ממולאות,גרמים,150.00,100 גרם,false,,6.90,0.0460,false,1,93975
5201004020338,false,קפריס וופל רול ממולא קרם אגוזי לוז 400 ג',א.ג פאפאגופולוס,GR,גלילי וופל במילוי קר,גרמים,400.00,100 גרם,false,,18.90,0.0472,true,1,97488
5201004021328,false,קפריס רולס גלילי וופל במילוי קרם אגוזי לוז וקקאו,אי. ג'יי פאפאדופולוס,GR,גלילי וופל במילוי אג,גרמים,115.00,100 גרם,false,,8.50,0.0739,true,1,97489
5201043004412,false,זיתי קלמטה שחורים 200 גר,,,זית קלמטה 370 גר',גרמים,370.00,100 גרם,false,,13.90,0.0376,true,1,93089
5201100872602,false,לוריאל - לוריאל אקסלנס קרם 9.1 עברית/יוונית,לוריאל פריז,BE,קרם צבע לשיער אקסלנס,יחידה,0.00,יחידה,false,,34.90,0.0000,true,1,100255
5201119008542,false,עלי גפן ממולאים באור,,GR,עלי גפן ממולאים באור,גרמים,200.00,100 גרם,false,,12.50,0.0625,true,1,146322
5201261201532,false,"רביעית פחית בירה היינקן 500 מ""ל",מבשלת אתונה S.A.\n,IL,"הייניקן פחית 500 מ""ל",ליטרים,2.00,ליטר,false,,36.90,18.4500,true,1,141406
5201320002049,false,"אוזו 7 700 מ""ל",,,כהיל אוזו 7,מיליליטרים,700.00,"מ""ל",false,,59.90,0.0856,true,1,102749
5201347160326,false,גל לשמירה על חיי מכונת הכביסה קלגון 750מ,רקיט בנקיזר,IT,"קלגון ג'ל 750 מ""ל",מיליליטרים,750.00,"100 מ""ל",false,,29.90,0.0399,true,1,88456
5201347400545,false,רצועות שעווה מוכנות לשימוש לפנים ולאזורים רגישים,רקיט בנקיזר צרפת,FR,ויט ארומטיק שעווה לפ,מיליליטרים,0.00,"מ""ל",false,,19.90,0.0000,true,1,40594
5201671802503,false,זיתים ירוקים שלמים אורגני 150 גרם,השדה מוצרים טבעיים ו,GR,זיתים ירוקים אורגניי,גרמים,150.00,100 גרם,false,,16.90,0.1127,true,1,145102
5201671803593,false,זיתים ירוקים אורגניים ללא גלעינים (אריזת פאוצ') 150 גרם,השדה מוצרים טבעיים ו,GR,זיתים ירוקים אורגניי,גרמים,150.00,100 גרם,false,,16.90,0.1127,true,1,143182
5201671803609,false,זיתי קלמטה אורגניים ללא גלעינים (אריזת פאוצ') 150 גרם,השדה מוצרים טבעיים ו,GR,זיתים קלמטה אורגניים,גרמים,150.00,100 גרם,false,,18.90,0.1260,true,1,143183
5201940010011,false,זיתים שחורים טבעיים בפח ויליפוד 454 גרם,סיוארס אס.איי,GR,זית שחור טבעי במי מל,גרמים,454.00,100 גרם,false,,13.90,0.0306,true,1,29387
5201940010110,false,זיתים שחורים קלמטה וילי פוד 250 גרם,סיוארס אס.איי,GR,זית שחור קלמטה 454 ג,גרמים,454.00,100 גרם,false,,14.90,0.0328,true,1,34828
5202390014239,false,גבינה צהובה טבעונית עשבי תיבול ויאו לייף 200 ג',פרוטרופיק סיה.,GR,גבינה צהובה טבעונית,גרמים,200.00,100 גרם,false,,19.90,0.0995,true,1,91513
5202390015618,false,גבינה צהובה טבעונית אורגינל ויאו לייף 200 ג',אריביה אס.אי. 57022,GR,גבינה צהובה טבעונית,יחידה,0.00,יחידה,false,,19.90,0.0000,true,1,56848
5202390015885,false,ויולייפ צד'ר פרוסות 200 גר 200 גר,ביוט איילנד פודס בעמ,GR,ויולייפ צדר פרוסות,גרמים,200.00,100 גרם,false,,21.00,0.1050,true,1,144903
5202390016141,false,גבינה מוצרלה צהובה לפיצה טבעונית ויאו לייף 400 ג',פרוטרופיק סיה.,GR,מוצרלה טבעונית לפיצה,גרמים,400.00,100 גרם,false,,24.90,0.0622,true,1,77749
5202390016325,false,גבינה צהובה טבעונית בטעם מעושן ויאו לייף 200ג',"אריביה אס.אי., יוון",GR,צהובה טבעונית טעם מע,גרמים,200.00,100 גרם,false,,19.90,0.0995,true,1,80294
5202390019319,false,ויולייף מוצרלה טבעונית מגורדת 200 גרם,קראפט,,ויולייף מוצרלה טבעונ,גרמים,200.00,100 גרם,false,,19.90,0.0995,true,1,107035
5202390020407,false,פטה טבעונית גוש ויולייף 200 ג',ביוט איילנד פודס בעמ,GR,פטה טבעונית 200 גר',גרמים,200.00,100 גרם,false,,22.90,0.1145,true,1,94728
5202390021121,false,קרמי אוריגינל טבעוני ויולייף 150 גר,ביוט איילנד פודס בעמ,GR,קרם טבעוני אורגינל 1,גרמים,150.00,100 גרם,false,,16.90,0.1127,true,1,94730
5202390022319,false,פתיתים מהצומח טעם צדר150,ביוט איילנד פודס בעמ,GR,ויולייפ צדר מגורדת,גרמים,150.00,100 גרם,false,,21.00,0.1400,true,1,144904
5202413007019,false,ערק אוזו פלומארי 700,Plomari ouzo distill,GR,אוזו פלומרי,מיליליטרים,750.00,"100 מ""ל",false,,74.90,0.0999,true,1,55379
5202413010019,false,אוזו פלומארי 1 ליטר,,,אוזו פלומארי 1 ל',מיליליטרים,1000.00,"100 מ""ל",false,,99.90,0.0999,true,1,104222
5202795080709,false,אוזו מטקסה Ouzo Metaxa,פארייפאבה אגרואינדוס,GR,אוזו מטקסה,יחידה,750.00,יחידה,false,,79.90,0.1065,true,1,58249
5208049001483,false,גולדן וירגיניה לבן 30 גר+נייר PP יחידה,Unknown,NL,גולדן וירג'יני לבן 3,גרמים,30.00,100 גרם,false,,66.90,2.2300,false,1,98662
5208049001513,false,גולדן וירגיניה צהוב30 גר+נייר לגלגול יח,Unknown,NL,טבק גולדן וירג'יני 3,גרמים,30.00,100 גרם,false,,66.90,2.2300,false,1,98660
5208049002480,false,סיגריות קנט קלאסי אר,Unknown,TR,פקט קנט ארוך,יחידה,0.00,יחידה,false,,360.00,0.0000,false,1,99468
5208049004781,false,פאל מאל ברי דמי סלימס קופסא,Unknown,,פאל מאל ברי דמי סלימ,יחידה,0.00,יחידה,false,,25.50,0.0000,false,1,105579
5391523057929,false,סימילאק גולד שלב 1 תרכובת מזון על בסיס חלב,אבוט מעבדות רפואיות,IE,סימילאק גולד 700 גר',גרמים,700.00,100 גרם,false,,69.90,0.0999,false,1,93388
5391523058070,false,סימילאק אדבנס פלוס 3 תרכובת מזון על בסיס חלב,טרופיקל דגיל תעשיות,IE,סימילאק אדבנס פלוס ש,גרמים,700.00,100 גרם,false,,64.90,0.0927,false,1,92833
5391523058087,false,סימילאק אדבנס פלוס 2 תרכובת מזון על בסיס חלב,טרופיקל דגיל תעשיות,IE,סימילאק אדבנס פלוס ש,גרמים,700.00,100 גרם,false,,64.90,0.0927,false,1,92834
5400265020693,false,בונ קופידו שוקולד סטיקס מנטה 125 גרם,,,קופידו-שוקולד סטיקס,גרמים,125.00,100 גרם,false,,14.50,0.1160,true,1,57871
5400265022826,false,המלט- שוקוליס דפדפי תפוז קריספי 125 גר,NV HAMLET,BE,"המלט שוקול""ס קריספי",גרמים,125.00,100 גרם,false,,14.90,0.1192,true,1,56628
5400265024349,false,המלט מאפה מבצק עלים מסוכר 250 גר,HAMLET NV,,עוגיות המלט 250 גר',גרמים,250.00,100 גרם,false,,10.90,0.0436,true,1,35476
5400265032993,false,המלט- נשיקות מרנג לבן 100 גרם,HAMLET NV,,המלט נשיקות מרנג לבן,גרמים,100.00,100 גרם,false,,11.50,0.1150,true,1,75713
5410103161518,false,קרם יום עם פעולה משולשת לעור רגיל ומעורב,"לוריאל ישראל בע""מ",DE,קרם פנים פעולה משולש,מיליליטרים,50.00,"100 מ""ל",false,,45.90,0.9180,true,1,88111
5410103161617,false,קרם יום עם פעולה משולשת Triple active לעור יבש ועדין,"לוריאל ישראל בע""מ",DE,קרם לחות פעולה משולש,מיליליטרים,50.00,"100 מ""ל",false,,45.90,0.9180,true,1,88112
5410126006087,false,עוגיות לוטוס ארוזות בתפזורת 700 גרם,לוטוס ביקרי נ.וי.,BE,עוגיות לוטוס 700 גר,גרמים,700.00,100 גרם,false,,25.90,0.0370,true,1,53023
5410126106022,false,מארז עוגיות לוטוס 250 גר*2,לוטוס ביקרי נ.וי.,BE,מארז עוגיות לוטוס,גרמים,500.00,100 גרם,false,,15.90,0.0318,true,1,103348
5410126116953,false,ממרח ביסקוויט קרמל לוטוס 400 גרם,לוטוס בייקרי בלגיה נ,BE,ממרח בטעם עוגיות לוט,גרמים,400.00,100 גרם,false,,19.90,0.0497,false,1,48366
5410126126020,false,לוטוס ביסקוויט בטעם קרמל מארז זוג * 250 גרם,לוטוס ביקרי נ.וי,,מארז זוג עוגיות לוטו,גרמים,500.00,100 גרם,false,,14.90,0.0298,true,1,107066
5410126666038,false,"ביסקוויט קרמל לוטוס 279 גרם בד""צ",לוטוס ביקרי נ.וי,BE,לוטוס 279 גר ארוז 2,גרמים,279.00,100 גרם,false,,11.90,0.0427,true,1,93702
5410126716016,false,"עוגיות לוטוס ביסקויט קרמל בד""צ 250 גרם",לוטוס ביקרי בלגיה,BE,לוטוס 250 גר,גרמים,250.00,100 גרם,false,,10.90,0.0436,false,1,16242
5410126726947,false,ממרח ביסקוויט קרמל קראנץ' לוטוס 380 גרם,לוטוס בייקרי בלגיה נ,BE,ממרח עוגיות לוטוס קר,גרמים,380.00,100 גרם,false,,19.90,0.0524,false,1,56179
5410173210055,false,רומבוטס קפה קלוי וטחון לפילטר 10 יח' 70 גרם,קופי רומבוטס,BE,קפה טחון וקלוי לפילט,גרמים,70.00,100 גרם,false,,19.90,0.2843,false,1,50439
5410228267515,false,"שישיית בירה לאגר באדוויזר 6*330 מ""ל",באדווייזר Budweiser,GB,בירה באדוויזר שישייה,מיליליטרים,1980.00,"100 מ""ל",false,,29.90,0.0151,true,1,99184
5410291021991,false,צוקטה ממרח אגוזי לוז וקקאו 700 גר,צ'וקטה Chocketa,BE,צ'וקטה ממרח אגוזי לו,גרמים,700.00,100 גרם,false,,19.90,0.0284,true,1,82199
5410291022738,false,צ'וקטה ממרח חלב ואגוזי לוז עם קקאוי 350ג',צ'וקטה Chocketa,BE,צ'וקטה ממרח דואו 350,גרמים,350.00,100 גרם,false,,10.90,0.0311,true,1,87501
5410291022752,false,ממרח אגוזי לוז עם קקאו 350 גרם ווסטהיים,צ'וקטה Chocketa,BE,צ'וקטה ממרח אגוזי לו,גרמים,350.00,100 גרם,false,,10.90,0.0311,true,1,87370
5410291022776,false,ממרח אגוזי לוז צ'וקטה 700 גרם פרווה,צ'וקטה Chocketa,BE,צ'וקטה ממרח אגוזי לו,גרמים,700.00,100 גרם,false,,19.90,0.0284,true,1,86591
5410316983693,false,"סמירנוף אייס בקבוק 275 מ""ל",סמירנוף אייס Smirnoff ice,IT,סמירנוף אייס,יחידה,275.00,יחידה,false,,10.90,0.0396,true,1,5929
5410316994019,false,"וודקה סמירנוף אדום 700מ""ל",דיאג'ו אופריישנס איט,US,"וודקה סמירנוף 700 מ""",מיליליטרים,700.00,"100 מ""ל",false,,59.90,0.0856,false,1,53311
5410769100081,false,"בירה לה שוף קטן 330 מ""ל בקבוק","איי, בי, אינבוו",BE,"בירה לה שוף 330 מ""ל",יחידה,0.00,יחידה,false,,12.90,0.0000,true,1,88337
5410769200088,false,"בירה מק שוף קטן 330 מ""ל בקבוק",פארייפאבה אגרואינדוס,BE,"בירה מק שוף 330 מ""ל",מיליליטרים,330.00,"100 מ""ל",false,,12.90,0.0391,true,1,88338
5410769800097,false,"בירה לה צרי שוף 8% 330 מ""ל בקבוק",פארייפאבה אגרואינדוס,BE,בירה צ'רי שוף,מיליליטרים,330.00,"100 מ""ל",false,,12.90,0.0391,true,1,88410
5411188080268,false,"אלפרו סויה אורגני 1 ל מפוקח ע""י סקאל",הנסיך- מפעל לייצור ט,BE,אלפרו משקה סויה אורג,ליטרים,1.00,ליטר,false,,13.90,13.9000,true,1,56163
5411188081852,false,אלפרו משקה סויה בטעם וניל 1 ל',הנסיך- מפעל לייצור ט,BE,אלפרו חלב סויה וניל,ליטרים,1.00,ליטר,false,,13.90,13.9000,true,1,56683
5411188094159,false,רביעיית מעדן סויה שוקו מריר אלפרו 125 גרם,הנסיך- מפעל לייצור ט,BE,מעדן סויה אלפרו שוקו,גרמים,500.00,100 גרם,false,,17.50,0.0350,true,1,24229
5411188094173,false,רביעיה מעדן סויה טעם קרמל 125 ג' אלפרו,אלפרו,BE,אלפרו מעדן סויה קרמל,גרמים,500.00,100 גרם,false,,17.50,0.0350,true,1,86494
5411188096108,false,"שמנת לבישול ע""ב סויה 250 מ""ל אלפרו",אלפרו C.V.A,BE,אלפרו שמנת צמחית לבי,מיליליטרים,250.00,"100 מ""ל",false,,9.90,0.0396,true,1,33647
5411188110835,false,אלפרו חלב סויה שקדים וניל 1ל',הנסיך- מפעל לייצור ט,BE,אלפרו חלב שקדים 1 לי,ליטרים,1.00,ליטר,false,,13.90,13.9000,true,1,50103
5411188112549,false,משקה קוקוס אלפרו 1 ליטר משקה אורז 1 ליטר,הנסיך- מפעל לייצור ט,BE,אלפרו משקה אורז 1 לי,ליטרים,1.00,100 ליטר,false,,13.90,13.9000,true,1,55883
5411188112709,false,"משקה קוקוס אלפרו 1 ליטר משקה שקדים לל""ס",הנסיך- מפעל לייצור ט,BE,אלפרו משקה שקדים ללא,ליטרים,1.00,ליטר,false,,13.90,13.9000,true,1,57950
5411188115366,false,משקה קוקוס אלפרו 1 ליטר משקה שיבולת שועל 1 ליטר,הנסיך- מפעל לייצור ט,BE,אלפרו משקה שיבולת שו,ליטרים,1.00,ליטר,false,,13.90,13.9000,true,1,55662
5411188115434,false,משקה אלפרו בריסטה סויה 1 ליטר,אלפרו C.V.A,BE,אלפרו משקה בריסטה סו,ליטרים,1.00,ליטר,false,,13.90,13.9000,true,1,143117
5411188115472,false,משקה סויה אלפרו 1 ליטר,הנסיך- מפעל לייצור ט,BE,אלפרו משקה סויה 1 לי,ליטרים,1.00,ליטר,false,,13.90,13.9000,true,1,103165
5411188116905,false,אלפרו משקה סויה בטעם בננה 1ל,אלפרו C.V.A,BE,אלפרו משקה סויה בטעם,ליטרים,1.00,ליטר,false,,13.90,13.9000,true,1,144083
5411188118732,false,משקה אלפרו קוקוס ושקדים 1 ליטר,הנסיך- מפעל לייצור ט,BE,אלפרו משקה קוקוס שקד,ליטרים,1.00,ליטר,false,,13.90,13.9000,true,1,79474
5411188120742,false,משקה קוקוס אלפרו 1 ליטר שקדים וניל 1 ל',הנסיך- מפעל לייצור ט,BE,אלפרו משקה שקדים בטע,ליטרים,1.00,ליטר,false,,13.90,13.9000,true,1,79475
5411188120957,false,"אלפרו תערובת לבישול על בסיס קוקוס 250 מ""ל",אלפרו C.V.A,BE,אלפרו תערובת לבישול,מיליליטרים,250.00,"100 מ""ל",false,,10.90,0.0436,true,1,88019
5411188121923,false,"משקה סויה מועשר סידן אלפרו 3*250 מ""ל",הנסיך- מפעל לייצור ט,BE,אלפרו סויה סידן שלשו,מיליליטרים,0.00,"100 מ""ל",false,,13.90,0.0000,true,1,90206
5411188121978,false,"משקה סויה בטעם שוקולד 3 * 250 מ""ל אלפרו",אלפרו סי.וי. איי,BE,אלפרו סויה סדן שלישי,מיליליטרים,750.00,"100 מ""ל",false,,13.90,0.0185,true,1,89018
5411188122586,false,"משקה שקדים אלפרו 250 מ""ל",אלפרו C.V.A,BE,משקה שקדים אלפרו 250,מיליליטרים,250.00,"100 מ""ל",false,,5.90,0.0236,true,1,86495
5411188122661,false,אלפרו משקה שקדים לא קלויים ללא תוספת סוכר 1 ל',אלפרו C.V.A,BE,אלפרו משקה שקדים ללא,ליטרים,1.00,ליטר,false,,13.90,13.9000,true,1,86496
5411188124689,false,משקה אלפרו שיבולת שועל ללא סוכר 1 ליטר,אלפרו C.V.A,BE,אלפרו משקה שיבולת שו,ליטרים,1.00,ליטר,false,,13.90,13.9000,true,1,104003
5411188124726,false,אלפרו משקה שיבולת שועל שקדים 1 ליטר,הדקלאים אגודת שיתופי,BE,אלפרו משקה שיבולת שו,ליטרים,1.00,100 ליטר,false,,13.90,13.9000,true,1,89481
5411188126195,false,אלפרו משקה שקדים אורגני 1ל מפוקח סקאל,אלפרו C.V.A,BE,אלפרו משקה שקדים אור,ליטרים,1.00,ליטר,false,,13.90,13.9000,true,1,92345
5411188127697,false,אלפרו משקה בריסטה שיבולת שועל 1 ליטר,הנסיך- מפעל לייצור ט,BE,אלפרו בריסטה שיבולת,ליטרים,1.00,100 ליטר,false,,13.90,13.9000,true,1,103167
5411188129899,false,משקה אלפרו בריסטה שקדים 1 ליטר,הנסיך- מפעל לייצור ט,BE,אלפרו בריסטה שקדים 1,ליטרים,1.00,100 ליטר,false,,13.90,13.9000,true,1,103168
5411188134985,false,אלפרו 3.5% NOT M*LK שיבולת שועל 1 ליטר בית יוסף,הנסיך- מפעל לייצור ט,BE,אלפרו 3.5% שומן שיבו,ליטרים,1.00,ליטר,false,,14.00,14.0000,true,1,108662
5411188135005,false,אלפרו 1.8% NOT M*LK שיבולת שועל 1 ליטר בית יוסף,הנסיך- מפעל לייצור ט,BE,אלפרו 1.8% שומן שיבו,ליטרים,1.00,ליטר,false,,14.00,14.0000,true,1,108661
5411188300328,false,אלפרו סויה שוקו 1 ליטר * 8 יחי,הנסיך- מפעל לייצור ט,BE,אלפרו סויה שוקו 1 ל,ליטרים,1.00,ליטר,false,,13.90,13.9000,true,1,56942
5411188513483,false,"סויה לבישול 14% שומן אלפרו 250 מ""ל",אלפרו C.V.A,BE,אלפרו סויה לבישול 14,מיליליטרים,250.00,"100 מ""ל",false,,9.90,0.0396,true,1,143119
5411188543398,false,משקה סויה ללא סוכר אלפרו 1 ליטר,הנסיך- מפעל לייצור ט,BE,אלפרו משקה סויה ללא,ליטרים,1.00,ליטר,false,,13.90,13.9000,true,1,103169
5411223030081,false,"בירה לינדמנס קריק דובדבנים 250 מ""ל",מבשלת לינדמנס,BE,לינדמנס קריק (דובדבן,מיליליטרים,250.00,"100 מ""ל",false,,12.90,0.0516,true,1,86653
5412514350000,false,עלי טורטיליאס 370 גרם,אן. וי סנק פוד,BE,"עלי טורטילס 25 ס""ם",גרמים,370.00,100 גרם,false,,22.90,0.0619,true,1,46835
5412514555559,false,עלי טוריטיה רגיל קטן פלוטקין,אן. וי סנק פוד,BE,עלי טורטילס,גרמים,340.00,100 גרם,false,,17.90,0.0526,true,1,11102
5412514777746,false,תרמילי טאקו קונכיות,אן. וי סנק פוד,,קונכיות טאקו מתי,גרמים,125.00,100 גרם,false,,18.90,0.1512,true,1,11104
5412514931117,false,עלי טורטילס מתירס פוקולוקו 320 גר,אן. וי סנק פוד,BE,עלי טורטילס תירס,גרמים,320.00,100 גרם,false,,20.90,0.0653,true,1,50583
5412514931889,false,עלי קורדיטס 272 ג SOFT TACO,אן. וי סנק פוד,BE,עלי טורטילס קורדיטה,גרמים,272.00,100 גרם,false,,16.50,0.0607,true,1,40536
5412514999919,false,פוקו-לוקו סלסה מקסיקנית 325 גרם,,,רוטב סלסה בסגנון מקס,גרמים,325.00,100 גרם,false,,16.90,0.0520,true,1,47532
5412514999933,false,פוקו לוקו -סלסה חריפה 325 גרם,,,רוטב סלסה,גרמים,325.00,100 גרם,false,,16.90,0.0520,true,1,48251
5412533000061,false,נוזל ניקוי כללי 5ליטר,,BE,נוזל לניקוי כללי 5 ק,ליטרים,5.00,ליטר,false,,89.90,17.9800,true,1,91669
5412533001617,false,נוזל לניקוי כלים אלוורה ולימון 1 ליטר,אקובר,BE,נוזל לניקוי כלים,ליטרים,1.00,ליטר,false,,15.90,15.9000,true,1,14047
5412533002287,false,נוזל לניקוי אסלות בניחוח אורנים ECOVER,,BE,"מנקה אסלות 750 מ""ל",יחידה,750.00,יחידה,false,,18.90,0.0252,true,1,31598
5412533002652,false,מסיר כתמים מבגדים 200 מל,אקובר,BE,מסיר כתמים אקולו,יחידה,200.00,יחידה,false,,24.90,0.1245,true,1,14053
5412533003857,false,נוזל ניקוי אסלות גלי-ים (פקק כחול) 750 מ,אקובר,BE,נוזל אסלות גלי ים,יחידה,0.00,יחידה,false,,17.90,0.0000,true,1,44541
5412533140408,false,מלבין לכביסה ולבית ללא כלור 400 גר,,BE,מלבין לכביסה ולב,גרמים,400.00,100 גרם,false,,17.90,0.0447,true,1,14058
5412533418781,false,נוזל כביסה זירו 1.5 ליטר,,BE,נוזל כביסה זירו 1.5,ליטרים,1.50,ליטר,false,,59.90,39.9333,true,1,98478
5412533419566,false,נוזל לכביסה עדינה בניחוח נופר 750 מל,אקובר,BE,נוזל כביסה עדינה בני,מיליליטרים,750.00,"100 מ""ל",false,,22.90,0.0305,true,1,103546
5412533419665,false,"מרכך כביסה תפוח ושקדים 750 מ""ל",,BE,מרכך כביסה פריחת תפו,מיליליטרים,750.00,"100 מ""ל",false,,15.90,0.0212,true,1,101714
5412533419702,false,"מרכך כביסה ווניל וגרדניה 750 מ""ל",אקובר,BE,מרכך כביסה וניל 750,מיליליטרים,750.00,"100 מ""ל",false,,15.90,0.0212,true,1,100349
5412533420364,false,נוזל כביסה פורמולה מרוכזת 1 ליטר,אקובר,BE,נוזל כביסה אוניברסלי,ליטרים,1.00,ליטר,false,,39.90,39.9000,true,1,101067
5412533421118,false,מרכך כביסה זירו 1 ליטר,,BE,מרכך כביסה זירו 1 לי,ליטרים,1.00,ליטר,false,,22.90,22.9000,true,1,142601
5412533421514,false,נוזל לניקוי רצפות 1 ליטר,,BE,נוזל לניקוי רצפות 1,ליטרים,1.00,ליטר,false,,21.00,21.0000,true,1,142767
5412533421736,false,נוזל לניקוי אמבטיה 500מל,,BE,אקובר נוזל לניקוי אמ,מיליליטרים,500.00,"100 מ""ל",false,,24.90,0.0498,true,1,144891
5412533421828,false,תרסיס לניקוי משטחים500מל,,BE,תרסיס לניקוי משטחים,מיליליטרים,500.00,"100 מ""ל",false,,25.90,0.0518,true,1,142768
5412865030668,false,דקיקי שוקולד במילוי מנטה פשקז 200 גרם,,IL,דקיקי שוקולד ממולאים,גרמים,200.00,100 גרם,false,,19.90,0.0995,true,1,104069
5413121355099,false,בלג'יאן-שוקו' מריר %72 פולי קפה 100 גר' 1/25,BCG,,שוקולד מריר 72%,גרמים,100.00,100 גרם,false,,9.90,0.0990,true,1,52875
5413121355105,false,שוקולד בלגי חלב משובח פרסטיז 100 גרם,BCG,,בלג'יאן שוקולד חלב מ,גרמים,100.00,100 גרם,false,,9.90,0.0990,true,1,40970
5413121356737,false,בלג'יאן-שוקולד מריר ללא ת.סוכר 100גר' 1/20,BCG,,בלג'יאן - שוקולד מרי,גרמים,100.00,100 גרם,false,,13.90,0.1390,true,1,47028
5413121356829,false,שוקולד חלב 100 גר ללתס,BCG,,בלגיאן-שוקולד חלב לל,גרמים,100.00,100 גרם,false,,13.90,0.1390,true,1,51771
5413121358694,false,בלג'יאן-שוקולד בלגי מריר85% 100 גר'1/25 (600067),BCG,,פרסטיז' שוקולד בלגי,גרמים,100.00,100 גרם,false,,9.90,0.0990,true,1,80609
5413121359035,false,בלגיאן טראפלס בלגי קקאו אורגינל 200 גרם,,,בלגיאן-טרופלס אוריגי,גרמים,200.00,100 גרם,false,,14.90,0.0745,true,1,33859
5413121359066,false,בלגיאן טראפלס בלגי שברי פו קקאו 200 גרם,,,בלגיאן-טרופלס קקאו,גרמים,200.00,100 גרם,false,,14.90,0.0745,true,1,33860
5413121359769,false,לבבות וצדפי שוקולד 195ג' בלגיאן,בי סי ג'י אולן,BE,צדפי שוקולד בלגי,גרמים,195.00,100 גרם,false,,14.90,0.0764,true,1,50718
5413121360666,false,בלגיאן- צדפי שוקולד,,,בלגיאן- צדפי שוקולד,גרמים,60.00,100 גרם,false,,10.90,0.1817,true,1,79156
5413121360727,false,בלג'יאן-פרליני שוקול,,,בלג'יאן-פרליני שוקול,גרמים,50.00,100 גרם,false,,10.90,0.2180,true,1,81170
5413149655522,false,"אבקת כביסה שושן צחור 1.25 ק""ג אריאל",פרוקטר אנד גמבל,TR,אריאל שושן צחור 1.25,קילוגרמים,1.25,"ק""ג",false,,14.90,11.9200,true,1,34812
5413149922907,false,"אבקת כביסה קולור וסטייל 5 ק""ג אריאל",פרוקטר אנד גמבל,TR,אריאל קולור וסטייל 5,קילוגרמים,5.00,"ק""ג",false,,36.90,7.3800,false,1,36203
5413149922938,false,"אריאל אבקת כביסה שושן צחור, 5 ק""ג",פרוקטר אנד גמבל,TR,אריאל שושן צחור 5קג,קילוגרמים,5.00,"ק""ג",false,,36.90,7.3800,false,1,36201
5413216990242,false,בונבוניירה צדפים ממולאים בקרם אגוזים,נאטראג'\אקאלי,BE,בונבוניירה צדפות בלג,גרמים,250.00,100 גרם,false,,17.90,0.0716,true,1,79949
5413548280189,false,קינדר שוקו בון 1 יחידות 125 גרם,פררו - אלבה,BE,חטיפי קינדר שוקו בון,גרמים,125.00,100 גרם,false,,11.90,0.0952,true,1,12918
5420066370018,false,טראפל בלגי קקאו 150 גרם,,,טראפל בלגי קקאו,גרמים,150.00,100 גרם,false,,10.90,0.0727,true,1,92763
5601008200444,false,עוגיות גודיס טבעות מצופות שוקולד חלב מרבה 150 גרם,הנסיך- מפעל לייצור ט,PT,עוגיות טבעת מצופות ש,גרמים,150.00,100 גרם,false,,6.50,0.0433,true,1,42506
5601008200451,false,עוגיות גודיס טבעות מצופות שוקולד מריר מרבה 150 גרם,מרבה Merba,PT,עוגיות טבעת מצופות ש,גרמים,150.00,100 גרם,false,,6.50,0.0433,true,1,42507
5601008200468,false,עוגיות גודיס טבעות מצופות שוקולד לבו מרבה 150 גרם,קריניציה ויטמינה אס,PT,עוגיות טבעת מצופות ש,גרמים,150.00,100 גרם,false,,6.50,0.0433,true,1,42508
5601036205541,false,צבע לשיער אקסלנס קרם - 3 חום כהה מאוד,לוריאל Loreal,BE,צבע לשיער אקסלנס,יחידה,0.00,יחידה,false,,34.90,0.0000,true,1,88682
5601036205558,false,צבע לשיער אקסלנס קרם - 4 חום כהה,לוריאל Loreal,BE,צבע לשיער אקסלנס,יחידה,0.00,יחידה,false,,34.90,0.0000,true,1,44063
5601036205589,false,צבע לשיער אקסלנס קרם - 5 חום טבעי,לוריאל Loreal,BE,צבע לשיער אקסלנס,יחידה,0.00,יחידה,false,,34.90,0.0000,true,1,83902
5601036205596,false,צבע לשיער אקסלנס קרם - 5.3 חום זהוב,לוריאל ישראל קוסמטיקס בע,BE,צבע לשיער אקסלנס חום,יחידה,0.00,יחידה,false,,34.90,0.0000,true,1,45379
5601036205626,false,צבע לשיער אקסלנס קרם - 6 בלונד כהה,לוריאל Loreal,BE,צבע לשיער אקסלנס 6,יחידה,0.00,יחידה,false,,34.90,0.0000,true,1,46328
5601036205657,false,צבע לשיער אקסלנס קרם - 7 בלונד,לוריאל Loreal,BE,אקסלנס קרם צבע לשיער,יחידה,0.00,יחידה,false,,34.90,0.0000,true,1,43620
5601036205671,false,לוריאל - אקסלנס קרם 7.3 בלונד זהוב,ליברמו,BE,אקסלנס צבע לשיער,יחידה,0.00,יחידה,false,,34.90,0.0000,true,1,43622
5601045300022,false,משקה גוארנה אנטרטיקה פחית 355 מל,סומול וקומפל אס.איי,PT,גוארנה אנטרטיקה 330,יחידה,330.00,יחידה,false,,6.00,0.0182,true,1,37748
5601217129420,false,וולייט דפים למניעת העברת צבע 20 יחידות,רקיט בן קיזר,IT,ווליט 20 דפים למכונת,יחידה,0.00,יחידה,false,,19.90,0.0000,true,1,88661
5603037413451,false,גרביונים מידה L,,,גרביונים מידה L,יחידה,0.00,יחידה,false,,13.90,0.0000,true,1,42856
5604912425057,false,מקרלים בשמן חמניה חריף פורטוס 125 גרם,קונסרבס פורטוגל נורטה לי,PT,מקרלים בשמן חמניה חר,גרמים,125.00,100 גרם,false,,5.90,0.0472,true,1,93381
5701932026964,false,"הוטפופ גרעיני תירס להכנת פופקורן במיקרוגל בטעם טבעי, בתוספת מלח, 600 גרם",ליימן מותגים,US,פופקורן למיקרוגל,גרמים,600.00,100 גרם,false,,15.00,0.0250,true,1,12928
5701932026971,false,הוטפופ גרעיני תירס להכנת פופקורן במיקרוגל בטעם חמאה 600 גרם,ליימן מותגים,US,פופקורן חמאה 600,גרמים,600.00,100 גרם,false,,15.00,0.0250,true,1,12929
5701932026995,false,"הוטפופ גרעיני תירס להכנת פופקורן במיקרוגל בטעם טבעי מופחת שומן, 510 גרם",קריניציה ויטמינה אס,US,פופקורן הוטפופ,גרמים,510.00,100 גרם,false,,15.00,0.0294,false,1,12930
5706516031358,false,פופקורן להכנה במיקרוגל בטעם טבעי מופחת שומן 5 שקיות,ליימן מותגים,US,הוטפופ 100קלוריות,גרמים,160.00,100 גרם,false,,15.00,0.0938,true,1,34458
5708209201628,false,טורטיה מקמח חיטה 25 אנטיקה קנטינה 370 גרם,ביופט,,טורטיה,גרמים,370.00,100 גרם,false,,19.90,0.0538,true,1,34880
5710840209437,false,טבק באלי נטוראל 40 גרם,סקמדינביין טובקו,DK,טבק באלי נטוראל,יחידה,0.00,יחידה,false,,94.00,0.0000,false,1,99538
5710840210013,false,באלי לבן סופר עדין 40גרם,סקמדינביין טובקו,DK,טבק באלי לבן,יחידה,0.00,יחידה,false,,94.00,0.0000,false,1,99108
5711953106583,false,גבינת שמנת בטעם טבעי 200 גרם ארלה,ארלה פודס אמבה,DK,ארלה גבינת שמנת טבעי,גרמים,200.00,100 גרם,false,,15.90,0.0795,true,1,98571
5711953106590,false,גבינת שמנת ארלה שמנת שום 200 גרם,ארלה פודס אמבה,DK,ארלה גבינת שמנת שום,גרמים,200.00,100 גרם,false,,15.90,0.0795,true,1,98624
5711953106606,false,גבינת שמנת עם תבלינים ועשבי תיבול 23.5%,ארלה פודס אמבה,DK,ארלה גבינת שמנת עשבי,גרמים,200.00,100 גרם,false,,15.90,0.0795,true,1,98572
5740900403215,false,ממרח מחמאת לורפק עם מלח 250 ג',ארלה פודס אמבה,DK,ממרח מחמאת לורפק עם,גרמים,250.00,100 גרם,false,,17.90,0.0716,false,1,93599
5740900403222,false,ממרח לורפק חמאה עם מלח מופחת שומן 250 ג,ארלה פודס אמבה,DK,ממרח מחמאת לורפק עם,גרמים,250.00,100 גרם,false,,17.90,0.0716,false,1,93600
5740900403239,false,ממרח לורפק ללא תוספת מלח 250 גר,ארלה פודס אמבה,DK,ממרח מחמאת לורפק ללא,גרמים,250.00,100 גרם,false,,17.90,0.0716,false,1,93601
5740900403246,false,ממרח לורפק ללא תוספת מלח 500 גר,ארלה פודס אמבה,DK,ממרח מחמאת לורפק ללא,גרמים,500.00,100 גרם,false,,28.50,0.0570,false,1,93602
5740900403253,false,ממרח מחמאת לורפק עם מלח 500 ג',ארלה פודס אמבה,DK,ממרח מחמאת לורפק עם,גרמים,500.00,100 גרם,false,,28.50,0.0570,false,1,93603
5740900403260,false,ממרח מחמאת לורפק ללא מלח 27% פחות שומן,ארלה פודס אמבה,DK,ממרח לורפק ללא מלח 2,גרמים,250.00,100 גרם,false,,17.90,0.0716,false,1,93604
5900020012814,false,דגנים תפוחים בטעם שוקולד נסקוויק נסטלה 500 גרם,מיוצר עי קונדיטוריית,PL,נסקוויק דגני בוקר בט,גרמים,500.00,100 גרם,false,,19.90,0.0398,false,1,35003
5900020020710,false,מארז חטיף דגנים קראנץ' בטעם שוקו וניל נסטלה,נסטלה פולין ברים,PL,קראנץ בר שוקו וניל 6,גרמים,150.00,100 גרם,false,,14.90,0.0993,false,1,52713
5900020020741,false,חטיפי דגנים נסקוויק בר שוקו שוקו 6*25 גר,נסטלה פולין ברים,PL,נסקוויק בר דגנים שוק,גרמים,150.00,100 גרם,false,,14.90,0.0993,false,1,52714
5900020024770,false,פיטנס - דליס חטיף דגנים שוקולד אגוז 22.50 גרם * 6,נסטלה פולין ברים,PL,חטיפי פיטנס בר דליס,גרמים,135.00,100 גרם,false,,14.90,0.1104,false,1,76979
5900020024817,false,פיטנס דליס Fitness Delice חטיף דגנים עם שוקולד לבן,סי. פי. פולין,PL,חטיפי פיטנס בר דליס,גרמים,135.00,100 גרם,false,,14.90,0.1104,false,1,76980
5900020025647,false,חטיף דגנים פיטנס שוקולד חלב 135 גרם מארז 6 יחידות,מיוצר עי קונדיטוריית,PL,חטיפי פיטנס בר דליס,גרמים,135.00,100 גרם,false,,14.90,0.1104,false,1,76982
5900020026552,false,דגני בוקר האני נאט צ'יריוס בטעם דבש ושקדים,נסטלה צרפת איטנקורט,FR,האני נאט ציריוס עידן,גרמים,625.00,100 גרם,false,,19.90,0.0318,false,1,81199
5900020031877,false,נסטלה האני ציריוס חטיף דגני בוקר שישייה,נסטלה פולין דגני בוק,PL,צ'ריוס האני נאט חטיף,גרמים,132.00,100 גרם,false,,14.90,0.1129,false,1,92640
5900020032454,false,מארז חטיף פיטנס עוגיות 8 X 23.5 גרם,נסטלה פולין ברים,PL,פיטנס ברים חטיף עוגי,גרמים,188.00,100 גרם,false,,14.90,0.0793,true,1,107298
5900020032539,false,מארז חטיף פיטנס שוקולד 8 X 23.5 גרם,נסטלה פולין ברים,PL,פיטנס בר חטיף שוקולד,גרמים,188.00,100 גרם,false,,14.90,0.0793,true,1,107297
5900020033314,false,חטיף דגני בוקר Lion בטעם קרמל ושוקולד על קרם חלב,נסטלה פולין דגני בוק,PL,ליון חטיף דגנים 6*25,גרמים,150.00,100 גרם,false,,14.90,0.0993,false,1,93778
5900020034991,false,דגני בוקר צדפים בטעם שוקולד 450 ג' קראנץ',סי. פי. פולין,PL,קראנץ צדפים בטעם שוק,גרמים,450.00,100 גרם,false,,19.90,0.0442,false,1,99371
5900020036407,false,ליון דגני בוקר שוקולד וקרמל נסטלה 480 גרם,נסטלה פולין דגני בוק,PL,דגני בוקר שוקולד וקר,גרמים,480.00,100 גרם,false,,19.90,0.0415,false,1,101703
5900020037916,false,דגני בוקר שיבולת שועל צ'ריוס 375ג',ג'נרל מילס סאן אדריא,PL,צ'יריוס שיבולת שועל,גרמים,375.00,100 גרם,false,,17.50,0.0467,true,1,105141
5900020041142,false,קורנפלקס פיטנס 500 ג' אסם,נסטלה צרפת איטנקורט,PL,קורנפלקס פיטנס 500 ג,גרמים,500.00,100 גרם,false,,12.90,0.0258,false,1,146425
5900238734027,false,פילטר ארוך 6ממ,,,פילטר ארוך 6ממ,יחידה,0.00,יחידה,false,,1.50,0.0000,false,1,108532
5900238734041,false,פילטר ארוך 7/22,,,פילטר ארוך 7/22,יחידה,0.00,יחידה,false,,3.00,0.0000,false,1,141821
5900238734249,false,פילטר ארוך 6/15,,,פילטר ארוך 6/15,יחידה,0.00,יחידה,false,,1.50,0.0000,false,1,141822
5900627026429,false,"סיליט באנג גיל לניקוי אסלות בתוספת אקונומיקה 750מ""ל",רקיט בנקיזר,PL,סיליט באנג מנקה ומחט,מיליליטרים,750.00,"100 מ""ל",false,,9.90,0.0132,true,1,14688
5900627063233,false,טבליות למדיח הכל ב-1 פיניש מקס 50 יחידות,רקיט בנקיזר,PL,פיניש 50 טבליות AIO,יחידה,0.00,יחידה,false,,39.90,0.0000,true,1,82320
5901414200411,false,בלזן היט מיני ביסקוויט סנדוויץ' עם מילוי קרם בטעם שוקולד 130 גרם,ליימן שליסל,PL,עוגיות מיני היט,גרמים,130.00,100 גרם,false,,6.90,0.0531,true,1,9581
5901888020560,false,חטיף דגנים עם קינואה בטעם עשבי תיבול 70ג FREEYU,דנשר,PL,FREEYU חטיף דגנים עם,גרמים,70.00,100 גרם,false,,13.90,0.1986,true,1,145091
5902198160403,false,XL משקה אנרגיה מוגז ללא סוכר עד 10 קלוריות לפחית 250 מל,"טמפו משקאות בע""\מ",IL,"XL ten פחית 250 מ""ל",מיליליטרים,250.00,"100 מ""ל",false,,4.50,0.0180,false,1,86965
5902658111990,false,זוג מתלים בינוניים כ,3m,,זוג מתלים בינוניים כ,יחידה,0.00,יחידה,false,,16.90,0.0000,true,1,92922
5902808786696,false,"טורטילאב-דפי טורטייה 25 ס""מ 360 גרם",יושלם,PL,טורטילאב דפי טורטייה,גרמים,360.00,100 גרם,false,,9.90,0.0275,true,1,108751
5904941751302,false,"משקה אנרגיה בלו 250 מ""ל- בודד",אקו - ביט,PL,משקה אנרגיה BLU,מיליליטרים,250.00,"100 מ""ל",false,,3.90,0.0156,true,1,80415
5906485301012,false,"משקה אנרגיה XL פחית 250 מ""ל","טמפו משקאות בע""מ",IL,משקה אנרגיה אקסל,מיליליטרים,250.00,"100 מ""ל",false,,4.50,0.0180,false,1,18479
5941021000899,false,טבלת שוקולד מריר אגוז היידי גראנדור 100 ג',היידי שוקולד בירונטי,,טבלת היידי גראנדור מ,גרמים,100.00,100 גרם,false,,8.90,0.0890,true,1,79800
5941021001247,false,טבלת שוקולד בטעם קפה היידי גראנדור 80 ג',היידי שוקולד בירונטי,,טבלת היידי גראנדור ק,גרמים,80.00,80 גרם,false,,8.50,0.1063,true,1,79801
5941021001674,false,טבלת שוקולד היידי גראנדור 80% 80 ג',היידי שוקולד בירונטי,,טבלת היידי גראנדור 8,גרמים,80.00,80 גרם,false,,8.50,0.1063,true,1,79892
5941021004309,false,"שוקולד היידי גראנדור פלורנטין, 100 ג'",היידי שוקולד בירונטי,,טבלת היידי גראנדור פ,גרמים,100.00,100 גרם,false,,8.90,0.0890,true,1,79804
5941021005122,false,טבלת שוקולד חמוציות היידי גראנדור 80 ג',היידי שוקולד בירונטי,,טבלת שוקולד היידי גר,גרמים,80.00,100 גרם,false,,8.50,0.1063,true,1,82152
5941021007577,false,טבלת שוקולד פיסטוק היידי גראנדור 80 ג',היידי שוקולד בירונטי,,טבלת היידי גראנדור פ,גרמים,80.00,80 גרם,false,,8.50,0.1063,true,1,79807
5941021008208,false,טבלת שוקולד מלח שחור היידי גראנדור 80 ג',היידי שוקולד בירונטי,RO,טבלת שוקולד היידי גר,גרמים,80.00,100 גרם,false,,8.50,0.1063,true,1,82153
5941021008673,false,טבלת שוקולד לבן שקד פיסטוק היידי גראנדור 100 ג',היידי שוקולד בירונטי,,טבלת שוקולד היידי גר,גרמים,100.00,100 גרם,false,,8.90,0.0890,true,1,82154
5941021011147,false,טבלת שוקולד פלורנטין מריר היידי גראנדור 100 ג',היידי שוקולד בירונטי,,טבלת שוקולד היידי גר,גרמים,100.00,100 גרם,false,,8.90,0.0890,true,1,82156
5941021014483,false,טבלת היידי גראנדור פלורנטין לבן 100 גר,,RO,טבלת היידי גראנדור פ,גרמים,100.00,100 גרם,false,,8.90,0.0890,true,1,90731
5948530002130,false,ווג סופרסלימס כחול עשירייה,Unknown,PL,פקט ווג ליידי כחול,יחידה,0.00,יחידה,false,,370.00,0.0000,false,1,41611
5948559002753,false,5 מטליות ניקוי בעלות ספיגה מקסימלית,3m,IT,מטלית ניקוי בעלת ספי,יחידה,0.00,יחידה,false,,15.90,0.0000,true,1,97139
5949152110821,false,"איירוויק מבשם אוויר ומנטרל ריחות – לילות לבנים 237 מ""ל",רקיט בנקיזר,PL,איירוויק מבשם אוויר,מיליליטרים,237.00,"100 מ""ל",false,,14.90,0.0629,true,1,145616
5998749109113,false,פדיגרי דנטאסטיקס כלב לארג 270 גרם (7 יח') BP40S,פדיגרי Pedigree,HU,פדיגרי דנטה לארג' 27,גרמים,270.00,100 גרם,false,,18.90,0.0700,true,1,76730
5998749125649,false,פדיגרי חטיף טייסטימיניס בקר גבינה 140 ג' CF87G,,,פדיגרי טייסמי מיניס,גרמים,140.00,100 גרם,false,,18.90,0.1350,true,1,107628
5998749130209,false,ויסקס אדולט צ'יקן 3.8 קג,ויסקס,HU,ויסקס אדולט צ'יקן 3.,קילוגרמים,3.80,"ק""ג",false,,89.90,23.6579,true,1,82146
5998749130247,false,אוכל לחתולים ויסקס א,,,ויסקס אדולט ביף 3.8,קילוגרמים,3.80,"ק""ג",false,,89.90,23.6579,true,1,82147
5998749139974,false,פדיגרי ג'אמבון לארג',,,פדיגרי ג'אמבון לארג',גרמים,180.00,100 גרם,false,,17.90,0.0994,true,1,143124
6001067017523,false,מברשת שיניים קולגייט לילדים מגיל חמש 1 יחידה,יבואן ומשווק: ש. שסט,CN,קולגייט מברשת ילדים,יחידה,0.00,יחידה,false,,9.90,0.0000,true,1,50105
6001067017530,false,מברשת שיניים קולגייט לילדים מגיל שנתיים עד חמש 1 יחידה,יבואן ומשווק: ש. שסט,CN,קולגייט מברשת ילדים,יחידה,0.00,יחידה,false,,9.90,0.0000,true,1,50106
6001067027324,false,קולגייט בארבי-באטמן מברשת חשמלית,קולגייט - פלמוליב,CN,קולגייט מברשת שיניים,יחידה,0.00,יחידה,false,,49.90,0.0000,true,1,99121
6003105000665,false,אבקת ציר עוף אינה פא,INA PAARMANS,ZA,אבקת ציר עוף 150 גר',גרמים,150.00,100 גרם,false,,26.90,0.1793,true,1,56177
6003105002270,false,INA PAARMAN תבלין לתפוח אדמה,INA PAARMANS,ZA,INA PAARMANS תבלין ת,מיליליטרים,200.00,"100 מ""ל",false,,22.90,0.1145,true,1,55918
6003105002539,false,תבלין קגון אינה פארמ,INA PAARMANS,ZA,תבלין קג'ון,גרמים,220.00,100 גרם,false,,22.90,0.1041,true,1,56456
6003105003185,false,"ציר בקר מרוכז 200 מ""ל אינה פארמנס",INA PAARMANS,ZA,INA PAARMAN ציר בקר,מיליליטרים,250.00,"100 מ""ל",false,,27.90,0.1116,true,1,53822
6003105003260,false,"ציר ירקות מרוכז 200 מ""ל אינה פארמנס",INA PAARMANS,ZA,ציר ירקות נוזלי מרוכ,מיליליטרים,200.00,"100 מ""ל",false,,27.90,0.1395,true,1,58237
6003105900262,false,INA PAARMAN תבלין שום ועשבי תיבול,INA PAARMANS,ZA,תבלין שום ועשבי תיבו,מיליליטרים,200.00,"100 מ""ל",false,,22.90,0.1145,true,1,58238
6003770000649,false,רוטב פרי פרי מדיום ש,NANDOS,ZA,רוטב פרי פרי שום 250,גרמים,250.00,100 גרם,false,,22.90,0.0916,true,1,58053
6003770000670,false,רוטב ננדוס אקסטרא חר,NANDOS,,NANDOS רוטב אקסטרה ח,גרמים,250.00,100 גרם,false,,22.90,0.0916,true,1,75523
6003770002414,false,רוטב נאנדוס פרי פרי לימון 250 גרם,NANDOS,,רוטב פרי פרי לימון ו,גרמים,250.00,100 גרם,false,,22.90,0.0916,true,1,74133
6003770003091,false,רוטב נאנדוס פרי פרי מיילד 250 גרם,NANDOS,ZA,רוטב פרי פרי בחריפות,מיליליטרים,250.00,"100 מ""ל",false,,21.90,0.0876,true,1,83204
6006507004774,false,CAPE HERBS מטחנה פלפל שחור,cape herb and spices,ZA,מטחנה פלפל שחור 185,גרמים,185.00,100 גרם,false,,22.90,0.1238,true,1,141498
6006507004996,false,תערובת תיבול ים תיכו,cape herb and spices,ZA,תערובת תיבול ים תיכו,גרמים,100.00,100 גרם,false,,19.90,0.1990,true,1,87829
6006507005016,false,טקסס סטייקי 100 גרם CAPE HERBS,cape herb and spices,ZA,CAPE HERBS טקסס סטיי,גרמים,100.00,100 גרם,false,,19.90,0.1990,true,1,87309
6006507005023,false,קיגון לואיזיאנה 100 גרם CAPE HERBS,cape herb and spices,ZA,CAPE HERBS קיג'ון לו,גרמים,100.00,100 גרם,false,,19.90,0.1990,true,1,87310
6006507005788,false,תערובת מסלה כאפ הרבס,cape herb and spices,ZA,גראם מסאלה תיבול,גרמים,100.00,100 גרם,false,,19.90,0.1990,true,1,88023
6006507005887,false,"CAPE HERBS מטחנה מלח מתובל 240ג""ר",cape herb and spices,ZA,מטחנה מלח מתובל 240,גרמים,240.00,100 גרם,false,,21.90,0.0912,true,1,105495
6006507005894,false,תערובת תבלינים לימון,cape herb and spices,ZA,תערובת תבלינים לימון,גרמים,290.00,100 גרם,false,,19.90,0.0686,true,1,144682
6006507007454,false,"CAPE HERBS לימון עשבי תיבול 100ג""ר(פח)",cape herb and spices,ZA,לימון עשבי תיבול 100,גרמים,100.00,100 גרם,false,,21.00,0.2100,true,1,104032
6006570000079,false,תבלין כאפה הרבס צילי,cape herb and spices,ZA,צ'ילי חריף 75 גר',גרמים,75.00,100 גרם,false,,19.90,0.2653,true,1,91058
6006570000093,false,תבלין כאפה הרבס ציפו,cape herb and spices,ZA,CAPE HERBS צ'יפוטלה,גרמים,80.00,100 גרם,false,,19.90,0.2487,true,1,87313
6008165274629,false,פאל מאל כחול ארוך סטרים פילטר חפיסה,יושלם,TR,פאל מאל כחול ארוך סט,יחידה,0.00,יחידה,false,,29.50,0.0000,false,1,77693
6009188004828,false,קיט קט צ'אנקי לבן 40 גרם,נסטלה בולגריה,BG,קיט קט צ'אנקי לבן,גרמים,40.00,100 גרם,false,,3.70,0.0925,true,1,145547
6009645551407,false,רוטב פיינבוס פלפל צי,,ZA,רוטב פלפל צ'ילי חריף,גרמים,130.00,100 גרם,false,,16.90,0.1300,true,1,142936
6009678813985,false,קייפ פודס מטחנת מלח הימלאיה ורוד 390 גרם,,ZA,מלח הימלאי גס מטחנה,גרמים,390.00,100 גרם,false,,16.90,0.0433,true,1,92096
6086142557408,false,שעועית הילדה אורגנית,,,שעועית ירוקה הילדה,גרמים,200.00,100 גרם,false,,14.90,0.0745,true,1,146390
6102017501939,false,מצת להבה לגז brico {במעמד},,CN,מצית להבה,יחידה,0.00,יחידה,false,,9.90,0.0000,true,1,92416
6111094000259,false,קוסקוס דארי בינוני 500ג'18X,דארי קוספאט אס. איי. או,MA,דארי קוסקוס בינוני 5,גרמים,500.00,100 גרם,false,,9.20,0.0184,true,1,54513
6111094000808,false,"קוסקוס דארי בינוני תומר 1 ק""ג + 10% תוספת",דארי קוספטה אל-זהרה,MA,קוסקוס דארי ביינוני,קילוגרמים,1.00,"ק""ג",false,,16.90,16.9000,true,1,88863
6191546003823,false,אריסה טוניסאית 190 גר,,,אריסה טוניסאית,גרמים,190.00,100 גרם,false,,16.90,0.0889,true,1,98878
6253017300012,false,טחינה קראוון המקורית,אחדות ביחר לטחינה ח,IL,טחינה קראוון 450 גר',גרמים,450.00,100 גרם,false,,14.90,0.0331,true,1,28605
6253017300029,false,טחינה גולמית קרוואן,קרואן Karawan,,טחינה היונה 950 גר',גרמים,950.00,100 גרם,false,,29.90,0.0315,true,1,76288
6281001510390,false,מברשת שיניים לילדים אקסטרא סופט לגילאי 0-2,קולגייט-פלמוליב,CN,מברשת שיניים קולגייט,יחידה,0.00,יחידה,false,,9.90,0.0000,true,1,8032
6412700021027,false,וודקה פינלנדיה 1 ליט,,,וודקה פינלנדיה 1 ליט,ליטרים,1.00,ליטר,false,,89.90,89.9000,true,1,97529
6901022100409,false,ג'ינגר כתוש טרי לירון 100 גרם,עבדו,CN,ממרח ג'ינג'ר טרי כתו,גרמים,100.00,100 גרם,false,,6.90,0.0690,true,1,146229
6901022100416,false,שום כתוש טרי לירון 100 גרם,עבדו,CN,ממרח שום טרי כתוש לח,גרמים,100.00,100 גרם,false,,6.90,0.0690,true,1,146231
6909039015372,false,כף טיגון נירוסטה,,,כף טיגון נירוסטה,יחידה,0.00,יחידה,false,,21.90,0.0000,true,1,104121
6910191800287,false,אצות נורי בלו 10 דף (ננגטונג),ננטונג היידה אקווטוק,CN,אצות נורי לסושי 10 ד,גרמים,25.00,100 גרם,false,,12.90,0.5160,true,1,82292
6920036686235,false,אטריות סומן כתום 400,הנגזהו,,"מקלוני היטה ""סומן""",גרמים,400.00,100 גרם,false,,5.90,0.0148,true,1,54490
6922276100083,false,מחית וואסבי -חזרת 43 גרם (דליאן),דליאן ג'ינדה קונדימנ,CN,מחית וואסבי חזרת,גרמים,43.00,100 גרם,false,,9.90,0.2302,true,1,78453
6930660908887,false,מברשת אינטרדנטלית 8 יח ',,,מברשת אינטרדנטלית,יחידה,0.00,יחידה,false,,15.90,0.0000,true,1,98066
6936745600462,false,רוטב מירין לתיבול מז,דאנינג יוה פודס קו,CN,רוטב מירין לתיבול,מיליליטרים,500.00,"100 מ""ל",false,,20.90,0.0418,true,1,56196
6936745600783,false,"חומץ אורז מזרח מערב 500 מ""ל",דאנינג יוה פודס קו,CN,"חומץ אורז ""מזרח ומער",מיליליטרים,500.00,"100 מ""ל",false,,18.90,0.0378,true,1,87007
6942138919561,false,מצופים ספיידרמן בקופ,,,מצופי ידיים ספיידרמן,יחידה,0.00,יחידה,false,,14.90,0.0000,true,1,101977
6944683366159,false,ערמונים קלופים קלויים100,צ'נגדה שנליפוד,CN,ערמונים אורגניים קלו,גרמים,100.00,100 גרם,false,,5.90,0.0590,true,1,57930
6974640730167,false,פטריות שיטאקה 100 גר (כ) (Zhejiang),CO FOOD FOREST .ZHEJIANG,CN,פטריות שיטאקה 100 גר,גרמים,100.00,100 גרם,false,,19.90,0.1990,true,1,144980
7038513866311,false,גורדן מברשת ילדים T51 סופט סטפ בי סטפ,ג'ורדן Jordan,MY,ג'ורדן מברשת לילדים,יחידה,0.00,יחידה,false,,12.90,0.0000,true,1,39711
7038513866328,false,גורדן מברשת ילדים 6-9 סופט סטפ בי סטפ,ג'ורדן Jordan,MY,ג'ורדן מברשת לילדים,יחידה,0.00,יחידה,false,,12.90,0.0000,false,1,39712
7038513909018,false,גורדן קסמי שיניים פלואוריד/מינט,ג'ורדן,NO,ג'ורדן קיסמי שיניים,יחידה,0.00,יחידה,false,,20.90,0.0000,true,1,83142
7038513909117,false,גורדן קסמי שיניים פלואוריד/מינט אקסטרה ט,ג'ורדן,MY,ג'ורדון קיסמי שיניים,יחידה,0.00,יחידה,false,,20.90,0.0000,true,1,82993
7038516140357,false,מברשת שיניים ג'ורדן טוטל סופט מארז 4 יחידות,מיוצר במלזיה עבור ג',NO,ג'ורדן מברשת שיניים,יחידה,0.00,יחידה,false,,14.90,0.0000,true,1,54186
7046110064016,false,ג'ורדן מארז זוג מברשת שיניים לילדים מגיל 3-5,דנטלון,MY,ג'ורדן מברשת שיניים,יחידה,0.00,יחידה,false,,19.90,0.0000,true,1,79446
7046110064047,false,מארז זוג מברשת שיניים ג'ורדן ילדים 6-9,דנטלון,MY,מארז זוג מברשות שיני,יחידה,0.00,יחידה,false,,19.90,0.0000,true,1,79372
7271730901261,false,ווקי מאק ארוחת אטריות עם גבינה 156 גרם,ניו וורלד פסטה קומפנ,US,פסטה גבינה וואקי מאק,גרמים,156.00,100 גרם,false,,10.90,0.0699,true,1,49619
7290000000001,false,עגבניות,,,עגבניות,קילוגרמים,1.00,"ק""ג",true,,7.90,7.9000,false,1,14231
7290000000002,false,לחם אחיד כהה 750 גרם,אנג'ל,IL,מלפפון,קילוגרמים,1.00,"ק""ג",true,,4.90,4.9000,false,1,14232
7290000000003,false,"תפו""א לבן ארוז",,,גזר,קילוגרמים,1.00,"ק""ג",true,,4.90,4.9000,true,1,14233
7290000000004,false,לחמניית אצבע עם נקני,,,חצילים,קילוגרמים,1.00,"ק""ג",true,,4.90,4.9000,true,1,14234
7290000000005,false,חלה רגילה 500 גרם.,,IL,פלפל נהריה,קילוגרמים,1.00,"ק""ג",true,,8.90,8.9000,true,1,13993
7290000000006,false,פלפל ירוק,,,פלפל ירוק,קילוגרמים,1.00,"ק""ג",true,,6.90,6.9000,true,1,14235
7290000000007,false,פלפל אדום,,,פלפל אדום,קילוגרמים,1.00,"ק""ג",true,,8.90,8.9000,true,1,13994
7290000000008,false,כרוב אדום,,,כרוב אדום,קילוגרמים,1.00,"ק""ג",true,,5.90,5.9000,true,1,14236
7290000000009,false,כרוב ירוק,,,כרוב ירוק,קילוגרמים,1.00,"ק""ג",true,,3.90,3.9000,true,1,14237
7290000000010,false,שום ארוז,,,כרובית,קילוגרמים,1.00,"ק""ג",true,,9.90,9.9000,true,1,14238
7290000000011,false,פלפל חריף,,,קישואים,קילוגרמים,1.00,"ק""ג",true,,5.90,5.9000,true,1,14239
7290000000012,false,פלפל אדום,,,סלק,קילוגרמים,1.00,"ק""ג",true,,5.90,5.9000,true,1,14240
7290000000013,false,פלפל ירוק,,,צנון,קילוגרמים,1.00,"ק""ג",true,,8.90,8.9000,true,1,14241
7290000000014,false,שעועית ירוקה,,,שעועית ירוקה,קילוגרמים,1.00,"ק""ג",true,,21.90,21.9000,true,1,14242
7290000000016,false,תפוחי אדמה לבן,,,תפוחי אדמה לבן,קילוגרמים,1.00,"ק""ג",true,,5.90,5.9000,true,1,14244
7290000000017,false,סלרי עלים,,,בצל יבש,קילוגרמים,1.00,"ק""ג",true,,4.90,4.9000,true,1,14245
7290000000018,false,שום יבש תפזורת,ירק הגליל,,שום יבש,קילוגרמים,1.00,"ק""ג",true,,19.90,19.9000,true,1,14246
7290000000019,false,חציל חממה,ריץ',,דלורית,קילוגרמים,1.00,"ק""ג",true,,6.90,6.9000,true,1,14247
7290000000021,false,פטרוזיליה,,,פלפל חריף,קילוגרמים,1.00,"ק""ג",true,,6.90,6.9000,true,1,14249
7290000000022,false,סלרי עלים,,,סלרי עלים,יחידה,0.00,יחידה,false,,4.90,0.0000,true,1,14250
7290000000023,false,כוסברה יח',,,אבוקדו,קילוגרמים,1.00,"ק""ג",true,,9.90,9.9000,true,1,14251
7290000000024,false,תירס מקולף,,,תירס מקולף,קילוגרמים,1.00,"ק""ג",true,,11.90,11.9000,true,1,14252
7290000000025,false,קישואים עגולים,,,קישואים עגולים,קילוגרמים,1.00,"ק""ג",true,,11.90,11.9000,true,1,14253
7290000000026,false,החזר פיקדון של מיחזור בקבוקים,,,אפרסמון,קילוגרמים,1.00,"ק""ג",true,,14.90,14.9000,true,1,14254
7290000000027,false,פומלה,,,דלעת,קילוגרמים,1.00,"ק""ג",true,,9.90,9.9000,true,1,14255
7290000000029,false,ענבים שחורים גדו,,,ענבים שחורים גדו,קילוגרמים,1.00,"ק""ג",true,,23.90,23.9000,true,1,14257
7290000000031,false,תפוח זהוב,,,בצל ירוק,יחידה,0.00,יחידה,false,,4.90,0.0000,true,1,14259
7290000000032,false,בטטה ירושלמית,,,בטטה ירושלמית,קילוגרמים,1.00,"ק""ג",true,,16.90,16.9000,true,1,14260
7290000000033,false,תפוח אדמה גורמה,,,תפוח אדמה גורמה,קילוגרמים,1.00,"ק""ג",true,,7.90,7.9000,true,1,14261
7290000000034,false,חסה ערבית,,,חסה,יחידה,0.00,יחידה,false,,5.90,0.0000,true,1,14262
7290000000035,false,תוספת שתיה בקירור,,,חסה עגולה,יחידה,0.00,יחידה,false,,5.90,0.0000,true,1,14263
7290000000038,false,ברוקולי מגש,,,ברוקולי מגש,יחידה,0.00,יחידה,false,,8.90,0.0000,true,1,10263
7290000000041,false,סלק אדום,,,בטטה,קילוגרמים,1.00,"ק""ג",true,,7.90,7.9000,true,1,14266
7290000000042,false,קישואים חממה,,,חזרת שורש,קילוגרמים,1.00,"ק""ג",true,,39.90,39.9000,true,1,14267
7290000000045,false,תפוח אדמה אדום,,,תפוח אדמה אדום,קילוגרמים,1.00,"ק""ג",true,,6.90,6.9000,true,1,14269
7290000000047,false,חבילת נענע טריה,,,חבילת נענע טריה,יחידה,0.00,יחידה,false,,4.90,0.0000,true,1,14271
7290000000049,false,כרישה (לוף פראסה),,,כרישה (לוף פראסה),יחידה,0.00,יחידה,false,,4.90,0.0000,true,1,14272
7290000000050,false,שרי תמר,,,צנונית,יחידה,0.00,יחידה,false,,5.90,0.0000,true,1,14273
7290000000051,false,פלפל צהוב,,,פלפל צהוב,קילוגרמים,1.00,"ק""ג",true,,8.90,8.9000,true,1,14274
7290000000052,false,עגבניות שרי,,,עגבניות שרי,קילוגרמים,1.00,"ק""ג",true,,22.90,22.9000,true,1,10268
7290000000054,false,פלפל כתום,,,פלפל כתום,קילוגרמים,1.00,"ק""ג",true,,8.90,8.9000,true,1,14276
7290000000055,false,סלק עלים,,,סלק עלים,יחידה,0.00,יחידה,false,,5.90,0.0000,true,1,14277
7290000000062,false,"תפו""א אדום ארוז",,,בצל אדום,קילוגרמים,1.00,"ק""ג",true,,6.90,6.9000,true,1,14283
7290000000063,false,קלמנטינה,,,קולורבי,קילוגרמים,1.00,"ק""ג",true,,6.90,6.9000,true,1,14284
7290000000064,false,לימון,,,לימון,קילוגרמים,1.00,"ק""ג",true,,7.90,7.9000,true,1,14285
7290000000065,false,אשכולית אדומה,,,אשכולית אדומה,קילוגרמים,1.00,"ק""ג",true,,6.90,6.9000,true,1,14286
7290000000067,false,ארטישוק ירושלמי,,,צנונית עלים,יחידה,0.00,יחידה,false,,5.90,0.0000,true,1,14288
7290000000068,false,פטריות ערד/פורטובלו,Unknown,,רימון טרי,קילוגרמים,1.00,"ק""ג",true,,11.90,11.9000,true,1,14289
7290000000070,false,פלפל שושקה ירוק/ אדו,,,פלפל שושקה ירוק/ אדו,קילוגרמים,1.00,"ק""ג",true,,14.90,14.9000,true,1,14291
7290000000072,false,תפוח עץ סטרקינג(חרמו,,,תפוח עץ סטרקינג(חרמו,קילוגרמים,1.00,"ק""ג",true,,9.90,9.9000,true,1,14293
7290000000073,false,סברס,,,סברס,קילוגרמים,1.00,"ק""ג",true,,39.90,39.9000,true,1,14294
7290000000075,false,תפוח עץ זהוב,,,תפוח עץ זהוב,קילוגרמים,1.00,"ק""ג",true,,9.90,9.9000,true,1,14296
7290000000077,false,משלוח הסתדרות-שליח פ,,,תפוח עץ גרנד (סמית),קילוגרמים,1.00,"ק""ג",true,,9.90,9.9000,true,1,14298
7290000000078,false,משלוח הסתדרות-שליח ח,,,מלון,קילוגרמים,1.00,"ק""ג",true,,6.90,6.9000,false,1,14299
7290000000080,false,פסיפלורה,,,פסיפלורה,קילוגרמים,1.00,"ק""ג",true,,34.90,34.9000,true,1,10629
7290000000081,false,אגסים,,,אגסים,קילוגרמים,1.00,"ק""ג",true,,12.90,12.9000,true,1,14301
7290000000082,false,ברוקולי ארוז,,,שסק,קילוגרמים,1.00,"ק""ג",true,,22.90,22.9000,true,1,14302
7290000000084,false,קיוי,,,קיוי,קילוגרמים,1.00,"ק""ג",true,,11.90,11.9000,true,1,14304
7290000000085,false,ענבי טלי,,,שומר,קילוגרמים,1.00,"ק""ג",true,,5.90,5.9000,true,1,14305
7290000000086,false,תירס ארוז,,,ראש סלרי,יחידה,0.00,יחידה,false,,4.90,0.0000,true,1,14306
7290000000087,false,מנגולד-סלק עלים,,,אשכוליות,קילוגרמים,1.00,"ק""ג",true,,6.90,6.9000,true,1,14307
7290000000088,false,תפוזים,,,תפוזים,קילוגרמים,1.00,"ק""ג",true,,4.90,4.9000,true,1,14308
7290000000089,false,סברס,,,בננה,קילוגרמים,1.00,"ק""ג",true,,5.90,5.9000,true,1,14309
7290000000091,false,דמי משלוח - אתר אינטרנט,,,לפת,קילוגרמים,1.00,"ק""ג",true,,7.90,7.9000,true,1,14311
7290000000092,false,פומלה לבנה,,,פומלה לבנה,קילוגרמים,1.00,"ק""ג",true,,7.90,7.9000,true,1,14312
7290000000096,false,משלוח תוספת ארגז אקס,,,מנגו,קילוגרמים,1.00,"ק""ג",true,,19.90,19.9000,true,1,14316
7290000000097,false,צנונית ארוזה 400 גרם,,,חבושים,קילוגרמים,1.00,"ק""ג",true,,14.90,14.9000,true,1,14317
7290000000098,false,קרמבולה,,,מנגו,קילוגרמים,1.00,"ק""ג",true,,19.90,19.9000,true,1,14318
7290000000099,false,שורש פטרוזיליה,,,שורש פטרוזיליה,יחידה,0.00,יחידה,false,,5.90,0.0000,true,1,14319
7290000000100,false,אבוקדו האס,,,ירק,יחידה,0.00,יחידה,false,,3.90,0.0000,true,1,14320
7290000000106,false,אנונה,ביכורי השקמה,,אנונה,קילוגרמים,1.00,"ק""ג",true,,16.90,16.9000,true,1,14323
7290000000107,false,קישוא ירוק,ביכורי השקמה,,גזר תפזורת,קילוגרמים,1.00,"ק""ג",true,,5.90,5.9000,true,1,14324
7290000000108,false,קישואים זוקיני,ביכורי השקמה,,קישואים זוקיני,קילוגרמים,1.00,"ק""ג",true,,11.90,11.9000,true,1,10271
7290000000109,false,כרוב לבן,ביכורי השקמה,,תותים,גרמים,500.00,100 גרם,false,,18.90,0.0378,true,1,10212
7290000000110,false,כרוב אדום,ביכורי השקמה,,קלמנטינה,קילוגרמים,1.00,"ק""ג",true,,5.90,5.9000,true,1,14325
7290000000112,false,ברוקומיני,ביכורי השקמה,,ארטישוק,קילוגרמים,1.00,"ק""ג",true,,17.90,17.9000,true,1,14326
7290000000114,false,תפוח עץ סטרקינג (אדו,ביכורי השקמה,,פפיה טרי,קילוגרמים,1.00,"ק""ג",true,,19.90,19.9000,true,1,14327
7290000000115,false,תפוח עץ מוזהב,ביכורי השקמה,,סנדוויץ,יחידה,0.00,יחידה,false,,3.00,0.0000,false,1,76594
7290000000117,false,עגבניות שרי תמר,ביכורי השקמה,,עגבניות שרי תמר,קילוגרמים,1.00,"ק""ג",true,,19.90,19.9000,true,1,10272
7290000000118,false,גזר תפזורת,ביכורי השקמה,,פיג'ויה,קילוגרמים,1.00,"ק""ג",true,,36.90,36.9000,true,1,14328
7290000000122,false,תפוח עץ פינק בראשית,ביכורי השקמה,,תפוח עץ פינק בראשית,קילוגרמים,1.00,"ק""ג",true,,13.90,13.9000,true,1,14223
7290000000126,false,כוסברה (בתפזורת),ביכורי השקמה,,תפוזים ברשת,קילוגרמים,1.00,"ק""ג",true,,3.90,3.9000,true,1,14329
7290000000127,false,"קמח אחיד שטיבל 25 ק""",אדמה,,ג'ינג'ר טרי במשקל,קילוגרמים,1.00,"ק""ג",true,,29.90,29.9000,true,1,10275
7290000000128,false,"קמח לבן שטיבל 30 ק""ג",ביכורי השקמה,,דלעת ספגטי,קילוגרמים,1.00,"ק""ג",true,,12.90,12.9000,true,1,45674
7290000000130,false,"תפ""א אדום תפזורת",ביכורי השקמה,,"תפ""א אדום תפזורת",קילוגרמים,1.00,"ק""ג",true,,7.50,7.5000,true,1,10278
7290000000138,false,גויאבה,ביכורי השקמה,,גויאבה,קילוגרמים,1.00,"ק""ג",true,,14.90,14.9000,true,1,14331
7290000000144,false,שעועית הילדה,ביכורי השקמה,,שעועית הילדה,קילוגרמים,1.00,"ק""ג",true,,19.90,19.9000,true,1,10283
7290000000145,false,דלעת ערמונים,,,דלעת ערמונים,קילוגרמים,1.00,"ק""ג",true,,14.90,14.9000,true,1,27743
7290000000147,false,פטריות שמפיניון במשק,ביכורי השקמה,,פטריות שמפיניון במשק,קילוגרמים,1.00,"ק""ג",true,,34.90,34.9000,true,1,10285
7290000000155,false,פטריות חורש במשקל,ביכורי השקמה,,פטריות חורש במשקל,קילוגרמים,1.00,"ק""ג",true,,34.90,34.9000,true,1,10287
7290000000157,false,שום טרי עלים חתוך,ביכורי השקמה,,שום טרי עלים חתוך,קילוגרמים,1.00,"ק""ג",true,,19.90,19.9000,true,1,14121
7290000000161,false,חציל בלאדי,ביכורי השקמה,,חציל בלאדי,קילוגרמים,1.00,"ק""ג",true,,5.90,5.9000,true,1,7012
7290000000165,false,מנגולד עלי סלק,אדמה,,אננס,יחידה,0.00,יחידה,false,,34.90,0.0000,true,1,10288
7290000000167,false,שרי מנומר/צהוב,ביכורי השקמה,,שרי מנומר/צהוב,קילוגרמים,1.00,"ק""ג",true,,21.90,21.9000,true,1,14332
7290000000168,false,פלפל צהוב,ביכורי השקמה,,קרמבולה,קילוגרמים,1.00,"ק""ג",true,,34.90,34.9000,true,1,14333
7290000000169,false,תפוח אדמה לאפיה,ביכורי שדה דרום 2002,,עגבניות תמר,קילוגרמים,1.00,"ק""ג",true,,7.90,7.9000,false,1,14334
7290000000179,false,פלפל צ'ילי מרינה,ביכורי השקמה,,פלפל צ'ילי מרינה,קילוגרמים,1.00,"ק""ג",true,,34.90,34.9000,true,1,34577
7290000000181,false,לימון סיני,ביכורי השקמה,,לימון סיני,קילוגרמים,1.00,"ק""ג",true,,9.90,9.9000,true,1,14336
7290000000183,false,פטאיה,ביכורי השקמה,,פטאיה,קילוגרמים,1.00,"ק""ג",true,,34.90,34.9000,true,1,47499
7290000000184,false,עגבניות מגי,ביכורי השקמה,,עגבניות מגי,קילוגרמים,1.00,"ק""ג",true,,16.90,16.9000,true,1,59486
7290000000189,false,תפוח עץ גלה רויאל,ביכורי השקמה,,תפוח עץ גלה רויאל,קילוגרמים,1.00,"ק""ג",true,,9.90,9.9000,true,1,19860
7290000000196,false,"פחמים 12 ק""ג",ביכורי שדה,,"פחמים 12 ק""ג",קילוגרמים,12.00,"ק""ג",false,,62.90,5.2417,true,1,103723
7290000000218,false,שקית אריזה בקופות,,,שקית אריזה בקופות,יחידה,0.00,יחידה,false,,0.10,0.0000,false,1,84004
7290000000220,false,נקניקיות קיבוצניה,ישרקו שיווק מותגי מז,,שתיה קרה 5 1 ל'.,יחידה,0.00,יחידה,false,,11.00,0.0000,false,1,5505
7290000000221,false,נקניק קרוביאנקה,ישרקו שיווק מותגי מז,,מים קרים 5 1 ל'.,יחידה,0.00,יחידה,false,,5.50,0.0000,true,1,5506
7290000000222,false,וטצינה מוסקובסקיה,ישרקו שיווק מותגי מז,,מים קרים 2 1 ל'/,יחידה,0.00,יחידה,false,,4.00,0.0000,false,1,5507
7290000000226,false,בצל פנינה,,,בצל פנינה,יחידה,0.00,יחידה,false,,9.90,0.0000,true,1,23255
7290000000314,false,לחם שחור,מאפיית דוידוביץ ובני,,לחם שחור,יחידה,0.00,יחידה,false,,6.96,0.0000,false,1,13167
7290000000315,false,לחמניה קטנה,ביכורי השקמה,,לחמניה קטנה,גרמים,75.00,100 גרם,false,,1.50,0.0200,false,1,10493
7290000000316,false,לחמניה גדולה,,,לחמניה גדולה,יחידה,0.00,יחידה,false,,2.70,0.0000,false,1,13168
7290000000318,false,שוקו קר/חם קטן,מאפיית דוידוביץ ובני,,חלה רגילה,יחידה,0.00,יחידה,false,,5.90,0.0000,false,1,13169
7290000000321,false,זר מיוחד גדול,ביכורי השקמה,,זר מיוחד גדול,יחידה,0.00,יחידה,false,,60.00,0.0000,true,1,48088
7290000000326,false,בגט כפרי בונז'ור,בונז'ור,,בגט כפרי בונז'ור,יחידה,0.00,יחידה,false,,5.40,0.0000,true,1,14351
7290000000347,false,ג'בטה בונזו'ר.,בונז'ור,,ג'בטה בונזו'ר.,יחידה,0.00,יחידה,false,,3.60,0.0000,true,1,49986
7290000000350,false,סלט כבד קצוץ בשרי,,,סלט כבד קצוץ בשרי,קילוגרמים,1.00,"ק""ג",true,,99.90,99.9000,true,1,13255
7290000000407,false,דונאטס קטן צבעוני,"ולדמן ביח""ר לנקניק ו",,דונאטס קטן צבעוני,יחידה,0.00,יחידה,false,,5.90,0.0000,true,1,47076
7290000000411,false,שום יבש יבוא רמי לוי,אראל תוצרת חקלאית בע,IL,מארז שום רביעייה,יחידה,0.00,יחידה,false,,6.90,0.0000,true,1,30755
7290000000412,false,דונטס גדול צבעוני,,,דונטס גדול צבעוני,יחידה,0.00,יחידה,false,,8.90,0.0000,true,1,99165
7290000000435,false,חומוס ביתי,יד המלך,,חומוס ביתי,קילוגרמים,1.00,"ק""ג",true,,36.90,36.9000,true,1,12706
7290000000440,false,פסטרמה מחולקת,"ולדמן ביח""ר לנקניק ו",,בק' ריק,יחידה,0.00,יחידה,false,,1.20,0.0000,false,1,18483
7290000000511,false,גולן פרוס,מעדני מניה תעשיות בש,,זר פרחים,יחידה,0.00,יחידה,false,,50.00,0.0000,true,1,94633
7290000000555,false,זר כפרי,מעדני מניה תעשיות בש,,זר כפרי,יחידה,0.00,יחידה,false,,35.00,0.0000,true,1,38295
7290000000558,false,כוסברה ארוז,מעדני מניה תעשיות בש,,סלט טורקי,קילוגרמים,1.00,"ק""ג",true,,56.90,56.9000,true,1,12709
7290000000573,false,נקניק קייבסקיה,מעדני מניה תעשיות בש,,זר פרחים,יחידה,0.00,יחידה,false,,30.00,0.0000,true,1,29460
7290000000590,false,זר פרחים גדול,מעדני מניה תעשיות בש,,זר פרחים גדול,יחידה,0.00,יחידה,false,,40.00,0.0000,true,1,34400
7290000000600,false,סלמי רוונה,קרלברג ייצור ושיווק,,דמי משלוח,יחידה,0.00,יחידה,false,,30.00,0.0000,false,1,12712
7290000000604,false,בקבוק סודה קטן קר,,,בקבוק סודה קטן קר,יחידה,0.00,יחידה,false,,5.00,0.0000,false,1,91886
7290000000608,false,פחית שתיה קרה,קרלברג ייצור ושיווק,,פחית שתיה קרה,יחידה,0.00,יחידה,false,,7.00,0.0000,true,1,5600
7290000000609,false,בק' שתיה קרה 0.5ל,קוקה קולה,,בק' שתיה קרה 0.5ל,יחידה,0.00,יחידה,false,,9.00,0.0000,true,1,5602
7290000000640,false,הודו פרפר רגיל/פלפל/,קרלברג ייצור ושיווק,,סל פוליצר,יחידה,0.00,יחידה,false,,3.90,0.0000,false,1,26998
7290000000697,false,תיק יוטה פוליצר,,,תיק יוטה פוליצר,יחידה,0.00,יחידה,false,,13.90,0.0000,true,1,85878
7290000000700,false,הכנת הזמנה ללא משלוח,,,הכנת הזמנה ללא משלוח,יחידה,0.00,יחידה,false,,18.00,0.0000,false,1,28792
7290000000820,false,פסטרמה הודו גחלים טי,בונז'ור,,סופגניה גדולה,יחידה,0.00,יחידה,false,,3.90,0.0000,false,1,14353
7290000000842,false,באגט,בונז'ור,,באגט,יחידה,0.00,יחידה,false,,4.90,0.0000,true,1,14354
7290000000855,false,חצי בגט,בונז'ור,,חצי בגט,יחידה,0.00,יחידה,false,,3.00,0.0000,true,1,14355
7290000000889,false,משטח אפיפית,,,משטח אפיפית,יחידה,0.00,יחידה,false,,10.00,0.0000,false,1,104928
7290000000920,false,בוטנים גדולים במשקל,,,בוטנים גדולים במשקל,קילוגרמים,1.00,"ק""ג",true,,33.90,33.9000,true,1,17727
7290000001000,false,דמי פקדון 0.30 שח,,,אנדיב תפזורת,קילוגרמים,1.00,"ק""ג",true,,42.00,42.0000,true,1,55888
7290000001009,false,לאבנה 9% טרה 250גר+ק,,,גביע 500,יחידה,0.00,יחידה,false,,1.00,0.0000,true,1,11850
7290000001029,false,פסטה,,,פסטה,קילוגרמים,1.00,"ק""ג",true,,39.00,39.0000,false,1,13233
7290000001117,false,עציץ אנטוריום אדום ס,ביכורי השקמה,,עציץ אנטוריום אדום ס,יחידה,0.00,יחידה,false,,39.90,0.0000,true,1,100313
7290000001141,false,מברשת ראש קווית,,,מיכל 2 ליטר,יחידה,0.00,יחידה,false,,2.50,0.0000,true,1,45268
7290000001272,false,ירכיים עוף טרי תפזור,,,ירכיים עוף טרי תפזור,קילוגרמים,1.00,"ק""ג",true,,25.90,25.9000,false,1,9027
7290000001289,false,שוקיים עוף טרי,,,שוקיים עוף טרי,קילוגרמים,1.00,"ק""ג",true,,27.90,27.9000,false,1,9028
7290000001388,false,חזה עוף גוש,,,חזה עוף גוש,קילוגרמים,1.00,"ק""ג",true,,31.90,31.9000,false,1,9030
7290000001555,false,עוף ללא עצמות,,,עוף ללא עצמות,קילוגרמים,1.00,"ק""ג",true,,25.90,25.9000,false,1,21724
7290000001722,false,ג'ינג'ר דל סוכר תפזו,,,ג'ינג'ר דל סוכר תפזו,קילוגרמים,1.00,"ק""ג",true,,48.00,48.0000,true,1,58133
7290000001746,false,פומלית,,,פומלית,קילוגרמים,1.00,"ק""ג",true,,6.90,6.9000,true,1,14338
7290000001753,false,עוף טרי שלם,,,עוף טרי שלם,קילוגרמים,1.00,"ק""ג",true,,16.90,16.9000,false,1,50078
7290000001777,false,שישליק הודו,,,שישליק הודו,קילוגרמים,1.00,"ק""ג",true,,32.90,32.9000,false,1,20654
7290000001784,false,סלמון הילטון,,,סלמון הילטון,קילוגרמים,1.00,"ק""ג",true,,210.00,210.0000,true,1,35356
7290000001944,false,חמוציות ברכז חתוך,,,חמוציות ברכז חתוך,קילוגרמים,1.00,"ק""ג",true,,56.00,56.0000,true,1,35234
7290000001951,false,כנפיים עוף טריות נקי,,,כנפיים עוף טריות נקי,קילוגרמים,1.00,"ק""ג",true,,12.90,12.9000,false,1,43459
7290000001956,false,ערמונים ברשת,,,ערמונים ברשת,יחידה,0.00,יחידה,false,,24.90,0.0000,true,1,58136
7290000002026,false,בייגלה בטעמים,,,בייגלה בטעמים,יחידה,0.00,יחידה,false,,5.00,0.0000,true,1,33268
7290000002040,false,קוסקוס מבושל,,,קוסקוס מבושל,קילוגרמים,1.00,"ק""ג",true,,29.00,29.0000,false,1,29446
7290000002163,false,בטטה אורגנית,,,בטטה אורגנית,קילוגרמים,1.00,"ק""ג",true,,15.00,15.0000,true,1,57537
7290000002606,false,סלסלה קש,,,סלסלה קש,יחידה,0.00,יחידה,false,,11.90,0.0000,true,1,145871
7290000003016,false,כרוב / פלפל ממולא,,,כרוב / פלפל ממולא,קילוגרמים,1.00,"ק""ג",true,,54.90,54.9000,false,1,13267
7290000003047,false,"מוסקה / מפרום תפ""א מ",,,"מוסקה / מפרום תפ""א מ",קילוגרמים,1.00,"ק""ג",true,,74.90,74.9000,false,1,13269
7290000003054,false,קציצות ירק,,,קציצות ירק,קילוגרמים,1.00,"ק""ג",true,,49.00,49.0000,false,1,13270
7290000003061,false,כרעיים/שוקיים בתנור/,,,כרעיים/שוקיים בתנור/,קילוגרמים,1.00,"ק""ג",true,,59.00,59.0000,false,1,13271
7290000003078,false,עוף מוקפץ בסגנון סינ,,,עוף מוקפץ בסגנון סינ,קילוגרמים,1.00,"ק""ג",true,,59.00,59.0000,false,1,50190
7290000003085,false,אורז עם ירקות,,,אורז עם ירקות,קילוגרמים,1.00,"ק""ג",true,,29.00,29.0000,false,1,50191
7290000003153,false,תפוח אדמה אפוי,,,תפוח אדמה אפוי,קילוגרמים,1.00,"ק""ג",true,,29.00,29.0000,false,1,22942
7290000003160,false,קציצות בקר/עוף,,,קציצות בקר/עוף,קילוגרמים,1.00,"ק""ג",true,,79.00,79.0000,false,1,50193
7290000003177,false,אורז מג'דרה,,,אורז מג'דרה,קילוגרמים,1.00,"ק""ג",true,,34.90,34.9000,false,1,50189
7290000003221,false,"קרפלך תפו""א / בשר",,,"קרפלך תפו""א / בשר",קילוגרמים,1.00,"ק""ג",true,,59.00,59.0000,false,1,13282
7290000003245,false,תוספות ירקות,,,תוספות ירקות,קילוגרמים,1.00,"ק""ג",true,,54.90,54.9000,false,1,50197
7290000003252,false,דג סול/בקלה מטוגן,,,דג סול/בקלה מטוגן,קילוגרמים,1.00,"ק""ג",true,,69.00,69.0000,false,1,50198
7290000003313,false,דג מרוקאי נסיכת הניל,,,דג מרוקאי נסיכת הניל,קילוגרמים,1.00,"ק""ג",true,,79.90,79.9000,false,1,50199
7290000003344,false,סטייק פרגית בגריל,,,סטייק פרגית בגריל,קילוגרמים,1.00,"ק""ג",true,,99.00,99.0000,false,1,50227
7290000003436,false,חזרת ביתית,,,חזרת ביתית,קילוגרמים,1.00,"ק""ג",true,,52.90,52.9000,true,1,36149
7290000003528,false,סלט טונה לבן/ אדום,,,סלט טונה לבן/ אדום,קילוגרמים,1.00,"ק""ג",true,,84.90,84.9000,true,1,85765
7290000003535,false,סלט טבולה,יד המלך,,סלט טבולה,קילוגרמים,1.00,"ק""ג",true,,56.90,56.9000,true,1,49733
7290000003542,false,סלט ביצים,,,סלט ביצים,קילוגרמים,1.00,"ק""ג",true,,76.90,76.9000,true,1,85770
7290000003597,false,סלט חציל מיונז על הא,יד המלך,,סלט חציל מיונז על הא,קילוגרמים,1.00,"ק""ג",true,,56.90,56.9000,true,1,85768
7290000003603,false,סלט חציל סטייק,יד המלך,,סלט חציל סטייק,קילוגרמים,1.00,"ק""ג",true,,56.90,56.9000,true,1,85839
7290000003610,false,סלט חציל רומני,,,סלט חציל רומני,קילוגרמים,1.00,"ק""ג",true,,56.90,56.9000,true,1,85766
7290000003627,false,סלט חציל יווני,יד המלך,,סלט חציל יווני,קילוגרמים,1.00,"ק""ג",true,,56.90,56.9000,true,1,85769
7290000003641,false,סלט מטבוחה ביתי,יד המלך,,סלט מטבוחה ביתי,קילוגרמים,1.00,"ק""ג",true,,59.90,59.9000,true,1,85792
7290000003672,false,צלי בקר מוכן,,,צלי בקר מוכן,קילוגרמים,1.00,"ק""ג",true,,110.00,110.0000,false,1,50200
7290000003696,false,שניצל מטוגן,,,שניצל מטוגן,קילוגרמים,1.00,"ק""ג",true,,75.00,75.0000,false,1,50201
7290000003702,false,"סלט תפ""א רוסי",,,"סלט תפ""א רוסי",קילוגרמים,1.00,"ק""ג",true,,56.90,56.9000,true,1,67606
7290000003764,false,טחינה לבנה,,,טחינה לבנה,קילוגרמים,1.00,"ק""ג",true,,36.90,36.9000,true,1,85870
7290000003825,false,סלט כרוב סיני,יד המלך,,סלט כרוב סיני,קילוגרמים,1.00,"ק""ג",true,,39.90,39.9000,true,1,85794
7290000003900,false,סלט חציל טעם כבד,יד המלך,,סלט חציל טעם כבד,קילוגרמים,1.00,"ק""ג",true,,79.90,79.9000,true,1,86427
7290000003955,false,חציל סביח,,,חציל סביח,קילוגרמים,1.00,"ק""ג",true,,69.90,69.9000,true,1,85798
7290000004006,false,קאשקבל משולשים גד 26,,,סופגניה קטנה,יחידה,0.00,יחידה,false,,2.80,0.0000,true,1,38149
7290000004051,false,לימון כבוש במשקל,יד המלך,,לימון כבוש במשקל,קילוגרמים,1.00,"ק""ג",true,,64.90,64.9000,true,1,26791
7290000004266,false,ירקות שטופים שדות בר,,,ירקות שטופים שדות בר,קילוגרמים,1.00,"ק""ג",true,,30.00,30.0000,true,1,38218
7290000004273,false,כרובית / ברוקולי בצי,,,כרובית / ברוקולי בצי,קילוגרמים,1.00,"ק""ג",true,,69.00,69.0000,false,1,79428
7290000005003,false,סנדוויץ - טונה / כתף,,,סנדוויץ - טונה / כתף,יחידה,0.00,יחידה,false,,28.00,0.0000,false,1,104323
7290000005010,false,סנדוויץ - פסטרמה,,,סנדוויץ - פסטרמה,יחידה,0.00,יחידה,false,,22.00,0.0000,false,1,104324
7290000005041,false,סנדוויץ - נקניק יבש,,,סנדוויץ - נקניק יבש,יחידה,0.00,יחידה,false,,17.00,0.0000,false,1,104325
7290000005058,false,סנדוויץ - גבינה צהוב,,,סנדוויץ - גבינה צהוב,יחידה,0.00,יחידה,false,,20.00,0.0000,false,1,104326
7290000005522,false,סלט חצילים,,,סלט חצילים,קילוגרמים,1.00,"ק""ג",true,,44.90,44.9000,true,1,85801
7290000005539,false,כרוב אדום,צבר,,כרוב אדום,קילוגרמים,1.00,"ק""ג",true,,39.90,39.9000,true,1,85796
7290000005546,false,סחוג אדום/ ירוק,יד המלך,,סחוג אדום/ ירוק,קילוגרמים,1.00,"ק""ג",true,,49.90,49.9000,true,1,85797
7290000005638,false,בוטנים קלויים בקליפה,,,סלט תירס,קילוגרמים,1.00,"ק""ג",true,,54.90,54.9000,true,1,145158
7290000005652,false,קציצות ברוטב,,,קציצות ברוטב,קילוגרמים,1.00,"ק""ג",true,,79.00,79.0000,true,1,98686
7290000005676,false,זיתים שחורים במשקל,,,זיתים שחורים במשקל,קילוגרמים,1.00,"ק""ג",true,,49.90,49.9000,true,1,20310
7290000005683,false,זיתים ירוקים במשקל,,,זיתים ירוקים במשקל,קילוגרמים,1.00,"ק""ג",true,,49.90,49.9000,true,1,20317
7290000005706,false,זיתים שחורים טבעי במ,,,זיתים שחורים טבעי במ,קילוגרמים,1.00,"ק""ג",true,,49.90,49.9000,true,1,20311
7290000005713,false,זיתים סורים במשקל,,,זיתים סורים במשקל,קילוגרמים,1.00,"ק""ג",true,,49.90,49.9000,true,1,20315
7290000005782,false,חלבה רגיל,אחוה,,חלבה רגיל,קילוגרמים,1.00,"ק""ג",true,,39.90,39.9000,true,1,14150
7290000005805,false,חלבה פיסטוק שקדי,אחוה,,חלבה פיסטוק שקדי,קילוגרמים,1.00,"ק""ג",true,,49.90,49.9000,true,1,14151
7290000005820,false,מצית אלקטרוני,,,מצית אלקטרוני,יחידה,0.00,יחידה,false,,5.00,0.0000,true,1,12617
7290000005867,false,דג מטיאס,,,דג מטיאס,קילוגרמים,1.00,"ק""ג",true,,59.90,59.9000,true,1,7400
7290000005898,false,דג כבוש,,,דג כבוש,קילוגרמים,1.00,"ק""ג",true,,59.90,59.9000,true,1,34831
7290000006086,false,לחם מחמצת מאפיה,,,לחם מחמצת מאפיה,יחידה,0.00,יחידה,false,,17.90,0.0000,true,1,83552
7290000006103,false,לחמניה דגנים,,,לחמניה דגנים,יחידה,0.00,יחידה,false,,4.60,0.0000,true,1,8422
7290000006820,false,מצית חד פעמי,,,מצית חד פעמי,יחידה,0.00,יחידה,false,,5.00,0.0000,true,1,101625
7290000006994,false,פקאן מסוכר,,,פקאן מסוכר,קילוגרמים,1.00,"ק""ג",true,,100.00,100.0000,true,1,37950
7290000007052,false,זיתים חרוזית במשקל,,,זיתים חרוזית במשקל,קילוגרמים,1.00,"ק""ג",true,,49.90,49.9000,true,1,20314
7290000007090,false,פלפל שיפקה במשקל,,,פלפל שיפקה במשקל,קילוגרמים,1.00,"ק""ג",true,,49.90,49.9000,true,1,20309
7290000007106,false,זיתים שחורים יבשים ב,,,זיתים שחורים יבשים ב,קילוגרמים,1.00,"ק""ג",true,,49.90,49.9000,true,1,20312
7290000007120,false,זיתים שחורים קלמטה ב,,,זיתים שחורים קלמטה ב,קילוגרמים,1.00,"ק""ג",true,,49.90,49.9000,true,1,20316
7290000007199,false,צימוק אוזבקי,,,צימוק אוזבקי,קילוגרמים,1.00,"ק""ג",true,,60.00,60.0000,true,1,104434
7290000008301,false,פיסטוק מקולף,,,פיסטוק מקולף,קילוגרמים,1.00,"ק""ג",true,,130.00,130.0000,true,1,21188
7290000008783,false,כרטיס גירוד B&Dפריכוני אורז 80 גרם,,,קובה מטוגן,יחידה,0.00,יחידה,false,,7.90,0.0000,true,1,50293
7290000008998,false,פילה סלמון ברוטב לימ,,,פילה סלמון ברוטב לימ,קילוגרמים,1.00,"ק""ג",true,,150.00,150.0000,false,1,50523
7290000009002,false,לחם בטעמים אגדת לחם,5 יחידות,,לחם בטעמים אגדת לחם,יחידה,0.00,יחידה,false,,17.50,0.0000,true,1,37059
7290000009003,false,מלפפון ירוק,6 יחידות,,בייבי בגט,גרמים,60.00,100 גרם,false,,2.80,0.0467,true,1,47831
7290000009032,false,אבטיח אישי,,,בננה ציפס,קילוגרמים,1.00,"ק""ג",true,,30.00,30.0000,true,1,11440
7290000009056,false,גבינה מגורדת במש,תנובה חלב,,גבינה מגורדת במש,קילוגרמים,1.00,"ק""ג",true,,52.90,52.9000,true,1,21215
7290000009070,false,חמוציות שלמות מיובשו,,,חמוציות שלמות מיובשו,קילוגרמים,1.00,"ק""ג",true,,72.00,72.0000,true,1,27497
7290000009254,false,מישמש יבש,,,מישמש יבש,קילוגרמים,1.00,"ק""ג",true,,59.00,59.0000,true,1,11441
7290000009278,false,תפוחי עץ מיובש,,,תפוחי עץ מיובש,קילוגרמים,1.00,"ק""ג",true,,59.90,59.9000,true,1,11443
7290000009285,false,אגוז מלך ללא קליפה,,,אגוז מלך ללא קליפה,קילוגרמים,1.00,"ק""ג",true,,59.00,59.0000,true,1,11444
7290000009292,false,תאנים יבשות,,,תאנים יבשות,קילוגרמים,1.00,"ק""ג",true,,49.00,49.0000,true,1,11445
7290000009315,false,צימוקים,,,צימוקים,קילוגרמים,1.00,"ק""ג",true,,39.90,39.9000,true,1,11446
7290000009322,false,שזיפים יבשים,,,שזיפים יבשים,קילוגרמים,1.00,"ק""ג",true,,42.00,42.0000,true,1,11447
7290000009346,false,שקדים טבעיים,,,שקדים טבעיים,קילוגרמים,1.00,"ק""ג",true,,69.00,69.0000,true,1,11450
7290000009353,false,בשר טחון פרימיום חלק,,,אננס יבש מסוכר,קילוגרמים,1.00,"ק""ג",true,,45.00,45.0000,true,1,11451
7290000009360,false,שזיפים יבשים ללא גרע,,,שזיפים יבשים ללא גרע,קילוגרמים,1.00,"ק""ג",true,,48.00,48.0000,true,1,33311
7290000009384,false,סטייק טומהוק חלק טרי,,,תמרים מג'הול,קילוגרמים,1.00,"ק""ג",true,,49.90,49.9000,true,1,31017
7290000009407,false,סינטה פרימיום טרי,תנובה חלב,,שאריות גבינה,קילוגרמים,1.00,"ק""ג",true,,32.90,32.9000,false,1,21190
7290000009445,false,אסאדו מחפוד טרי,,,בונדוק מקולף,קילוגרמים,1.00,"ק""ג",true,,60.00,60.0000,true,1,11454
7290000009469,false,קוביות לגולש טרי,,,צנובר,קילוגרמים,1.00,"ק""ג",true,,199.00,199.0000,true,1,11455
7290000009513,false,כף בקר מחפוד טרי,,,פקאן ללא קליפה,קילוגרמים,1.00,"ק""ג",true,,110.00,110.0000,true,1,11457
7290000009544,false,חמניות מקולפות,,,חמניות מקולפות,קילוגרמים,1.00,"ק""ג",true,,22.90,22.9000,true,1,23491
7290000009551,false,אגוזי קאשיו,,,אגוזי קאשיו,קילוגרמים,1.00,"ק""ג",true,,76.00,76.0000,true,1,11458
7290000009629,false,צימוקים שחורים,,,צימוקים שחורים,קילוגרמים,1.00,"ק""ג",true,,30.00,30.0000,true,1,21599
7290000009636,false,שאריות פסטרמה,עוף טוב,,שאריות פסטרמה,קילוגרמים,1.00,"ק""ג",true,,20.00,20.0000,false,1,21189
7290000009711,false,מקדמיה,,,מקדמיה,קילוגרמים,1.00,"ק""ג",true,,150.00,150.0000,true,1,28712
7290000009933,false,ג'בטת דגנים/לבן,,,ג'בטת דגנים/לבן,גרמים,200.00,100 גרם,false,,4.70,0.0235,true,1,48633
7290000010274,false,חזה עוף בגריל,,,חזה עוף בגריל,קילוגרמים,1.00,"ק""ג",true,,75.00,75.0000,false,1,54314
7290000010380,false,עלי גפן ממולאים,יד המלך,,עלי גפן ממולאים,קילוגרמים,1.00,"ק""ג",true,,52.90,52.9000,true,1,86412
7290000013060,false,דלעת יפנית,,,דלעת יפנית,קילוגרמים,1.00,"ק""ג",true,,13.90,13.9000,true,1,54938
7290000014418,false,גוג'י ברי,,,גוג'י ברי,קילוגרמים,1.00,"ק""ג",true,,80.00,80.0000,true,1,56744
7290000015002,false,קבב טרי,טירת צבי,,קבב טרי,קילוגרמים,1.00,"ק""ג",true,,79.90,79.9000,false,1,19938
7290000015101,false,עצמות בקר סוכר,,,עצמות בקר סוכר,קילוגרמים,1.00,"ק""ג",true,,14.00,14.0000,true,1,20484
7290000015408,false,שוק מפורק+עוף (טחון),,,שוק מפורק+עוף (טחון),קילוגרמים,1.00,"ק""ג",true,,49.90,49.9000,false,1,20487
7290000016009,false,בקר טרי +עוף טחון,,,בקר טרי +עוף טחון,קילוגרמים,1.00,"ק""ג",true,,60.00,60.0000,false,1,39173
7290000017006,false,שליש בגט כפרי מארז 6,,,שאריות בשר טרי,קילוגרמים,1.00,"ק""ג",true,,9.90,9.9000,false,1,20488
7290000019000,false,גרון עוף טרי,,,גרון עוף טרי,קילוגרמים,1.00,"ק""ג",true,,3.90,3.9000,false,1,87340
7290000020426,false,עוף טוב מעדניה קורנב,,,מרק קוסקוס מוכן,קילוגרמים,1.00,"ק""ג",true,,29.00,29.0000,false,1,50264
7290000023007,false,"ברנדי שטוק 84 37 % 750 מ""ל","יקבי ברקן בע""ם",IL,שטוק 84,מיליליטרים,750.00,"100 מ""ל",false,,69.90,0.0932,false,1,18485
7290000023083,false,ערק אשקלון בקבוק 700,"יקבי ברקן בע""\מ",IL,ערק אשקלון 40% - 700,מיליליטרים,700.00,"100 מ""ל",false,,52.90,0.0756,true,1,56642
7290000023809,false,"יין קלאסיק קברנה סוביניון ברקן 750 מ""ל",יקבי ברקן שיווק והפצה בע,IL,קלאסיק קברנה סוביניו,מיליליטרים,750.00,"100 מ""ל",false,,24.90,0.0332,false,1,18504
7290000023977,false,"יין קלאסיק מרלו ברקן 750 מ""ל",יקבי ברקן שיווק והפצה בע,IL,קלאסיק מרלו,מיליליטרים,750.00,"100 מ""ל",false,,24.90,0.0332,false,1,18506
7290000024202,false,"יין רזרב קברנה סוביניון ברקן 750 מ""ל",ברקן שיווק והפצה בעמ,IL,יין קברנה סוביני,יחידה,750.00,יחידה,false,,34.90,0.0465,false,1,20866
7290000024264,false,"יין רזרב מרלו ברקן 750 מ""ל","כרמי צבי - אחים סגל בע""\",IL,ברקן רזרב מרלו,מיליליטרים,750.00,"100 מ""ל",false,,34.90,0.0465,false,1,20821
7290000024523,false,"תירוש של סגל ,מיץ ענבים , 1 ליטר",כרמי צבי - האחים סגל,IL,תירוש 1 ליטר סגל,ליטרים,1.00,ליטר,false,,13.90,13.9000,false,1,79836
7290000025018,false,גרעיני דלעת מקול,,,גרעיני דלעת מקול,קילוגרמים,1.00,"ק""ג",true,,40.00,40.0000,true,1,34864
7290000032078,false,נודלס עם ירקות,,,נודלס עם ירקות,קילוגרמים,1.00,"ק""ג",true,,39.00,39.0000,false,1,142501
7290000035802,false,סלט חציל טבעי,יד המלך,,סלט חציל טבעי,קילוגרמים,1.00,"ק""ג",true,,56.90,56.9000,true,1,86406
7290000036113,false,פודינג תות ללא סוכר,קריות זול,,פודינג תות 100,גרמים,100.00,100 גרם,false,,2.50,0.0250,true,1,6841
7290000036144,false,קונדיטור קורנפלור שק,קריות זול,IL,קורנפלור 200,גרמים,200.00,100 גרם,false,,3.50,0.0175,true,1,6843
7290000036151,false,קונדיטור קורנפלור 50,גלעם,IL,קורנפלור 500,גרמים,500.00,100 גרם,false,,6.90,0.0138,true,1,6844
7290000036588,false,פלפל מקולף ביתי,יד המלך,,פלפל מקולף ביתי,קילוגרמים,1.00,"ק""ג",true,,73.90,73.9000,true,1,86240
7290000039930,false,שיפודי פרגיות,,,שיפודי פרגיות,קילוגרמים,1.00,"ק""ג",true,,99.00,99.0000,false,1,97182
7290000040042,false,יופלה יוגורט תות %3 גביע 150 גרם,תנובה חלב,IL,יופלה תות שובב 3%,מיליליטרים,150.00,"100 מ""ל",false,,5.10,0.0340,false,1,8475
7290000040066,false,יופלה יוגורט דובדבן %3 גביע 150 גרם,תנובה חלב,IL,יופלה דובדבן פראי 3%,מיליליטרים,150.00,"100 מ""ל",false,,5.10,0.0340,true,1,8477
7290000040080,false,יופלה יוגורט אפרסק %3 גביע 150 גרם,תנובה חלב,IL,יופלה אפרסק מאוהב 3%,מיליליטרים,150.00,"100 מ""ל",false,,5.10,0.0340,true,1,8478
7290000040097,false,קוראסון פרנציז אקסטר,לה פרינה,IL,פרמזן מגורדת,קילוגרמים,1.00,"ק""ג",true,,119.90,119.9000,false,1,52749
7290000040301,false,תנובה עין גדי קממבר מחלב בקר 24% שומן,תנובה מרכז שיתופי לש,IL,עין גדי גבינת קממבר,גרמים,125.00,100 גרם,false,,19.90,0.1592,false,1,8480
7290000040400,false,מקלות קינמון,נווה תבלין,,מקלות קינמון,קילוגרמים,1.00,"ק""ג",true,,69.90,69.9000,true,1,42370
7290000040462,false,טוסטי גבינה בסגנון אמריקאי אדם 23% תנובה 200 גרם,תנובה מרכז שיתופי לש,IL,טוסטי עמק אמריקאי אד,גרמים,200.00,100 גרם,false,,19.30,0.0965,false,1,8483
7290000040974,false,חלב דל לקטוז 2% תנובה קרטון 1 ליטר,תנובה מרכז שיתופי לש,IL,חלב דל לקטוז 2% - 1,ליטרים,1.00,ליטר,false,,6.70,6.7000,false,1,39616
7290000041452,false,קוטג תנובה גביע 250 גרם 9% בדצ,תנובה מרכז שיתופי לש,IL,קוט'ג 9% מהדרין תנוב,גרמים,250.00,100 גרם,false,,5.50,0.0220,false,1,43345
7290000041858,false,"שמנת חמוצה 15% מועשרת יטבתה 200 מ""ל",שטראוס גרופ,IL,שמנת חמוצה יטבתה 15%,מיליליטרים,200.00,"100 מ""ל",false,,2.70,0.0135,true,1,7488
7290000042015,false,"חלב שתייה תנובה בד""צ בשקית 1 ליטר",תנובה מרכז שיתופי לש,IL,חלב תנובה מהדרין 3%,ליטרים,1.00,ליטר,false,,5.43,5.4300,false,1,8488
7290000042435,false,חלב דל שומן בקרטון+פקק תנובה 1 ליטר,תנובה מרכז שיתופי לש,IL,חלב 1% בקרטון תנובה,ליטרים,1.00,ליטר,false,,5.86,5.8600,false,1,8496
7290000042640,false,"חלב תנובה עמיד 3% קרטון 250 מ""ל",תנובה מרכז שיתופי לש,IL,חלב תנובה עמיד 3% 25,מיליליטרים,250.00,"100 מ""ל",false,,2.80,0.0112,true,1,8504
7290000042855,false,"שוקו בשקית 250 מ""ל ""יטבתה""",שטראוס גרופ,IL,שוקו יטבתה בשקית 2%,מיליליטרים,225.00,"100 מ""ל",false,,2.80,0.0124,true,1,7491
7290000043012,false,"שוקו עמיד 2% בקרטון 250 מ""ל תנובה",תנובה מרכז שיתופי לש,IL,שוקו עמיד 2% יחידה,מיליליטרים,250.00,"100 מ""ל",false,,4.90,0.0196,false,1,8507
7290000043272,false,סלט סלק,יד המלך,,סלט סלק,קילוגרמים,1.00,"ק""ג",true,,39.90,39.9000,true,1,86246
7290000043432,false,קישואים טעם כבד,,,קישואים טעם כבד,קילוגרמים,1.00,"ק""ג",true,,79.90,79.9000,true,1,86428
7290000043814,false,השף הלבן שמנת להקצפה 38% שומן 250 מל - מוצר בפיקוח,תנובה מרכז שיתופי לש,IL,שמנת עמידה 38% השף ה,מיליליטרים,250.00,"100 מ""ל",false,,6.47,0.0259,false,1,8510
7290000043890,false,תנובה רויון לבן מחלב מפסוטר 1.5%,תנובה מרכז שיתופי לש,IL,ריוויון 1.5% - 1 ליט,ליטרים,1.00,ליטר,false,,11.90,11.9000,false,1,8512
7290000043944,false,כד יוגורט תנובה 4% שומן 1.5 ליטר,מיוצר עי קונדיטוריית,IL,יוגורט תנובה 4.5% -,ליטרים,1.50,ליטר,false,,17.50,11.6667,false,1,8513
7290000044248,false,"רויון קרטון 1.5% שומן 500 מ""ל תנובה",תנובה חלב,IL,רויון 1.5% קרטון 500,מיליליטרים,500.00,"100 מ""ל",false,,6.90,0.0138,false,1,8516
7290000044712,false,יוגורט עם תות 1.5% שומן 500 ג' פרילי,מיוצר עי קונדיטוריית,IL,פרילי תות 1.5% 500 מ,מיליליטרים,500.00,"100 מ""ל",false,,11.20,0.0224,true,1,8517
7290000044880,false,באדי יוגורט תות 3% שומן 500 ג' תנובה,מיוצר עי קונדיטוריית,IL,"באדי תות 3% 500 מ""ל",מיליליטרים,500.00,"100 מ""ל",false,,9.60,0.0192,true,1,8518
7290000045580,false,גבינה מותכת נעמה חורש תנובה 240 גרם,תנובה מרכז שיתופי לש,IL,גבינת חורש 25%,גרמים,240.00,100 גרם,false,,18.50,0.0771,true,1,8520
7290000045917,false,תנובה פרומעז גבינה מותכת מחלב עיזים 23% שומן,תנובה חלב,IL,גבינת עזים פרומעז 23,גרמים,200.00,100 גרם,false,,26.90,0.1345,true,1,8522
7290000046020,false,גלבוע גבינה שמנה במש,תנובה מרכז שיתופי לש,IL,גלבוע,קילוגרמים,1.00,"ק""ג",true,,42.58,42.5800,false,1,8525
7290000046327,false,גלבוע גבינה צהובה פרוסה 22% תנובה 200 גרם,תנובה מרכז שיתופי לש,IL,גבינת גלבוע 22% - 20,גרמים,200.00,100 גרם,false,,13.50,0.0675,false,1,8528
7290000046501,false,"גב.טל העמק32% 1 ק""ג משקל",קריות זול,IL,טל העמק,קילוגרמים,1.00,"ק""ג",true,,56.90,56.9000,true,1,8530
7290000046662,false,גב.קשה סקנדינבית31%משקל,תנובה מרכז שיתופי לש,IL,גבינה סקנדינבית,קילוגרמים,1.00,"ק""ג",true,,74.20,74.2000,false,1,8536
7290000047027,false,גב.קולאז' גלעד 27% במשקל,תנובה מרכז שיתופי לש,IL,גלעד,קילוגרמים,1.00,"ק""ג",true,,125.90,125.9000,false,1,8538
7290000047034,false,גבינת רוקפור 26%כבש משקל,תנובה מרכז שיתופי לש,IL,גליל,קילוגרמים,1.00,"ק""ג",true,,125.90,125.9000,false,1,8539
7290000047485,false,גבינה בולגרית במשקל,תנובה מרכז שיתופי לש,IL,בולגרית 24% תנובה,קילוגרמים,1.00,"ק""ג",true,,59.90,59.9000,false,1,8542
7290000047546,false,השף הלבן כנען גבינה לבנה דלת נתרן 5% תנובה 500 גרם,תנובה מרכז שיתופי לש,IL,גבינת כנען 5% תנובה,גרמים,500.00,100 גרם,false,,24.90,0.0498,false,1,8543
7290000047942,false,**תנובה גבינה לבנה מהדרין 9% 250ג,תנובה מרכז שיתופי לש,IL,גבינה לבנה 9% מהדרין,גרמים,250.00,100 גרם,false,,5.00,0.0200,false,1,44630
7290000048185,false,גבינה לבנה 5% תנובה 250 גרם מהדרין,מיוצר עי קונדיטוריית,IL,גבינה לבנה 5% תנובה,גרמים,250.00,100 גרם,false,,4.98,0.0199,false,1,8548
7290000048192,false,גבינה לבנה 9% תנובה 250 גרם מהדרין,מחלבת אלון תבור,IL,גבינה לבנה תנובה 9%,גרמים,250.00,100 גרם,false,,5.00,0.0200,false,1,8549
7290000048307,false,גבינת קוטג' עם זיתים 5% תנובה 250 גרם,מיוצר עי קונדיטוריית,IL,גבינה קוט'ג עם ת,גרמים,250.00,100 גרם,false,,6.30,0.0252,false,1,8552
7290000048413,false,פיראוס חמד גבינה מלוחה 16% שומן,תנובה מרכז שיתופי לש,IL,גבינת חמד 16% - 250,גרמים,250.00,100 גרם,false,,18.90,0.0756,false,1,8554
7290000048437,false,פיראוס צפתית 5% שומן 200 גרם,פארייפאבה אגרואינדוס,IL,צפתית פיראוס 5%,גרמים,200.00,100 גרם,false,,15.90,0.0795,false,1,8555
7290000049458,false,גבינת פטה עיזים 16% גביע פיראוס 250 ג',תנובה מרכז שיתופי לש,IL,פטה עיזים,גרמים,250.00,100 גרם,false,,29.50,0.1180,false,1,8557
7290000050447,false,"יוגורט ביו בטעם תות YYY יופלה 500 מ""ל",מיוצר עי קונדיטוריית,IL,יופלה תות 3% - 500 מ,מיליליטרים,500.00,"100 מ""ל",false,,13.70,0.0274,true,1,32012
7290000050454,false,יוגורט יופלה אפרסק 3% שומן 500 גרם,מיוצר עי קונדיטוריית,IL,יופלה אפרסק 3% - 500,מיליליטרים,500.00,"100 מ""ל",false,,13.70,0.0274,true,1,32013
7290000051307,false,"מארז הפסקת אוכל עם דגני עוגי ומשקה חלב עמיד בטעם וניל 150 מ""ל",תנובה מרכז שיתופי לש,IL,מארז הפסקת אוכל עוגי,מיליליטרים,150.00,"100 מ""ל",false,,9.30,0.0620,false,1,33584
7290000051352,false,חלב מלא בטעם של פעם 3.4% תנובה קרטון 1 ל',תנובה מרכז שיתופי לש,IL,חלב מלא של פעם חלב ת,ליטרים,1.00,ליטר,false,,7.90,7.9000,true,1,33445
7290000051376,false,יוגורט יופלה דיאט אננס 0% שומן 150 גרם,תנובה מרכז שיתופי לש,IL,יופלה דיאט אננס ספור,מיליליטרים,150.00,"100 מ""ל",false,,5.10,0.0340,true,1,34509
7290000051710,false,פיראוס גבינת לאבנה אסלית על בסיס יוגורט תנובה 263 גרם,"תנובה, מחלבת אלון תב",IL,פיראוס לאבנה עם שמן,גרמים,263.00,100 גרם,false,,14.30,0.0544,false,1,34511
7290000052311,false,גבינה צהובה עמק לייט 15% שומן 200 גרם,תנובה מרכז שיתופי לש,IL,עמק פרוס בקופסא 200,גרמים,200.00,100 גרם,false,,16.90,0.0845,false,1,37244
7290000052649,false,גבינת לאבנה 5% שומן 500 ג' פיראוס,תנובה מרכז שיתופי לש,IL,פיראוס לאבנה 5% 500,גרמים,500.00,100 גרם,false,,20.90,0.0418,false,1,35640
7290000053219,false,טל העמק חריץ 32% במשקל,תנובה מרכז שיתופי לש,IL,טל העמק,קילוגרמים,1.00,"ק""ג",true,,59.90,59.9000,false,1,83928
7290000055015,false,פיראוס גבינת פטה כבשים 5% תנובה 250 גרם,תנובה מרכז שיתופי לש,IL,פיראוס פטה כבשים 5%,גרמים,250.00,100 גרם,false,,28.50,0.1140,false,1,39950
7290000055329,false,"משקה בוקר יוגורט 1.5% בטעם תות מלון יופלה 250 מ""ל",תנובה מרכז שיתופי לש,IL,משקה יוגורט יופלה 1.,מיליליטרים,250.00,"100 מ""ל",false,,5.60,0.0224,true,1,40626
7290000055336,false,"משקה יוגורט 1.5% בטעם בננה אפרסק יופלה 250 מ""ל",תנובה מרכז שיתופי לש,IL,משקה יוגורט יופלה 1.,מיליליטרים,250.00,"100 מ""ל",false,,5.60,0.0224,true,1,40627
7290000055343,false,משקה יוגורט יופלה פירות טרופיים 250 גרם,תנובה מרכז שיתופי לש,IL,משקה יוגורט יופלה בט,מיליליטרים,250.00,"100 מ""ל",false,,5.60,0.0224,true,1,40625
7290000055350,false,גבינה צהובה חריץ עמק 28% במשקל,תנובה מרכז שיתופי לש,IL,עמק מעדניה 28%,קילוגרמים,1.00,"ק""ג",true,,44.79,44.7900,false,1,79198
7290000055893,false,חמאה משמנת מפוסטרת 200גרם 82% כ.מהדרין - מוצר בפיקוח,תנובה מרכז שיתופי לש,IL,"חמאה 200 ג""ר מהדרין",גרמים,200.00,100 גרם,false,,7.80,0.0390,false,1,42748
7290000056845,false,תנובה חלב טרי 3% שומן 1.5 ליטר - מוצר בפיקוח,פארייפאבה אגרואינדוס,IL,חלב תנובה 3% 1.5 ליט,ליטרים,1.50,ליטר,false,,9.34,6.2267,false,1,44075
7290000056890,false,שמיניית דיאט יופלה 0% טעמים שונים 150 גרם,מיוצר עי קונדיטוריית,IL,שמיניית יופלה דיאט,מיליליטרים,1200.00,"100 מ""ל",false,,31.90,0.0266,true,1,42343
7290000056906,false,מאגדת לבן טבעי 1.5% שומן 8 יח' * 150 ג' יופלה,מחלבת אלון תבור,IL,מאגדת שמיניה יופלה 1,מיליליטרים,1200.00,"100 מ""ל",false,,18.40,0.0153,true,1,42312
7290000056951,false,"תנובה, השף הלבן, שמנת לבישול 15% שומן 500 מל",תנובה מרכז שיתופי לש,IL,שמנת לבישול 15% 500,מיליליטרים,500.00,"100 מ""ל",false,,17.40,0.0348,true,1,44581
7290000057088,false,עמק גבינה צהובה פרוסה דק דק 28% תנובה 200 גרם,תנובה מרכז שיתופי לש,IL,עמק דק 28% - 200 גרם,גרמים,200.00,100 גרם,false,,16.90,0.0845,false,1,43983
7290000057118,false,גבינה צהובה עמק 28% שומן ואקום 400 גרם,תנובה מרכז שיתופי לש,IL,גבינת עמק 28% - 400,גרמים,400.00,100 גרם,false,,23.90,0.0597,false,1,43612
7290000057132,false,יוגורט תנובה טבעי 1.5% גביע 200 גרם,מחלבת אלון תבור,IL,יוגורט תנובה 1.5%,מיליליטרים,200.00,"100 מ""ל",false,,3.10,0.0155,true,1,43954
7290000057149,false,יוגורט תנובה טבעי 3% גביע 200 גרם,מיוצר עי קונדיטוריית,IL,יוגורט תנובה 3% 200,מיליליטרים,200.00,"100 מ""ל",false,,3.10,0.0155,true,1,43955
7290000058030,false,"שמיניית יופלה שטוזים משקה יוגורט תות 100 מ""ל",מיוצר עי קונדיטוריית,IL,יופלה שטוזים משקה תו,מיליליטרים,800.00,"100 מ""ל",false,,21.50,0.0269,true,1,45752
7290000058047,false,שמנת להקצפה 38% 500מל מהדרין עמיד השף הלבן,תנובה מרכז שיתופי לש,IL,שמנת מתוקה עמידה 500,מיליליטרים,500.00,"100 מ""ל",false,,12.94,0.0259,false,1,51818
7290000058580,false,קוקילידה בטעם וניל עם עוגיות שוקולד גלידות נסטלה 80 גרם,נגה גלידות (גלידות נ,IL,קוקילידה נסטלה,יחידה,0.00,יחידה,false,,9.90,0.0000,true,1,11559
7290000060071,false,אוסם - חטיפי פריכונים מאורז מלא קלוי 80גר,"פרח תעשיות מזון בע""מ.",IL,חטיפי פריכונים בטעם,גרמים,80.00,100 גרם,false,,7.70,0.0963,false,1,5936
7290000060088,false,בייגלה מקלות מלוחים אסם 400 גרם,מיוצר עי קונדיטוריית,IL,בייגלה מקלות מלוחים,גרמים,400.00,100 גרם,false,,11.40,0.0285,true,1,5937
7290000060163,false,פסטה אסם אטריות דקות 400גר,"אסם תעשיות בע""מ",IL,איטריות דקות 400 גר,גרמים,400.00,100 גרם,false,,7.80,0.0195,false,1,5940
7290000060200,false,פסטה אסם פתיתים אפויים קוסקוס 500גר,"אסם תעשיות בע""מ",IL,פתיתים אפויים קוסקוס,גרמים,500.00,100 גרם,false,,6.90,0.0138,false,1,5942
7290000060217,false,פסטה מקרוני מספר 7 אסם 500 גרם,קריות זול,IT,פסטה מקרוני 7 500 גר,גרמים,500.00,100 גרם,false,,5.90,0.0118,false,1,5943
7290000060248,false,פסטה אסם פתיתים תלתלים 500 גר',קריות זול,IT,פסטה תלתלים 500,גרמים,500.00,100 גרם,false,,5.90,0.0118,false,1,5944
7290000060316,false,פרפקטו ספגטי מס' 8 אסם 500 גרם,אסם פרפקטו,IT,פרפקטו ספגטי 500 גר,גרמים,500.00,100 גרם,false,,7.70,0.0154,false,1,5948
7290000060330,false,פרפקטו פרפקטו ספיראלי גירף 500 גר,אסם פרפקטו,IT,פרפקטו ספירלי 500גר,גרמים,500.00,100 גרם,false,,7.70,0.0154,false,1,5950
7290000060408,false,פסטה אסם פתיתים אפויים טבעות 500 גר,"אסם השקעות בע""\מ",IL,פתיתים אפויים טבעות,גרמים,500.00,100 גרם,false,,6.90,0.0138,false,1,5952
7290000060415,false,"פסטה פרפקטו לאזניה 500 ג' ""אסם""",אסם פרפקטו,IT,פרפקטו לזאניה 500 גר,גרמים,500.00,100 גרם,false,,14.90,0.0298,false,1,5953
7290000060576,false,פתיתים אפויים כוכבים אסם 500 גרם,"אסם השקעות בע""\מ",IL,פתיתים אפויים כוכבים,גרמים,500.00,100 גרם,false,,6.90,0.0138,false,1,5959
7290000060781,false,פסטה אסם פתיתים מסולסלים 500גר,קריות זול,IT,פסטה מסולסלים 500,גרמים,500.00,100 גרם,false,,5.90,0.0118,false,1,5961
7290000060811,false,טילון אקסטרים ענק מטבע שוקולד 120 ג',תות תעשיות מזון (201,IL,שלגון אקסטרים ענק מט,גרמים,120.00,100 גרם,false,,10.00,0.0833,true,1,49377
7290000060828,false,פסטה קרניים בינוניות אסם 500 גרם,קריות זול,IT,פסטה קרניים בינוניות,גרמים,500.00,100 גרם,false,,5.90,0.0118,false,1,5963
7290000060842,false,פסטה אסם פתיתים צדפים גדולים 500גר,קריות זול,IT,פסטה צדפים גדולים 50,גרמים,500.00,100 גרם,false,,5.90,0.0118,false,1,5965
7290000060880,false,פסטה ספגטי מספר 8 אסם 500 גרם,קריות זול,IT,פסטה ספגטי 500גר,גרמים,500.00,100 גרם,false,,5.90,0.0118,false,1,5967
7290000060903,false,פסטה אסם פתיתים אפויים אורז 500גר,"אסם השקעות בע""\מ",IL,פתיתים אפויים אורז 5,גרמים,500.00,100 גרם,false,,6.90,0.0138,false,1,5969
7290000060958,false,פסטה אסם אטריות בינוניות 400 גרם,"אסם השקעות בע""\מ",IL,איטריות בינוני 400גר,גרמים,400.00,100 גרם,false,,7.80,0.0195,false,1,5972
7290000060965,false,פסטה אסם אטריות רחבות 400גר,"אסם השקעות בע""\מ",IL,איטריות רחבות 400,גרמים,400.00,100 גרם,false,,7.80,0.0195,false,1,5973
7290000060972,false,פסטה אסם אטריות דקיקות 400 גרם,קריות זול,IT,איטריות דקיקות 400,גרמים,400.00,100 גרם,false,,7.80,0.0195,false,1,5974
7290000061061,false,קרקר חיטה עם בצל אסם,"אסם השקעות בע""\מ",IL,קרקר בצל אסם,גרמים,250.00,100 גרם,false,,10.40,0.0416,true,1,5978
7290000061214,false,פתיתים אפויים קוסקוס עם בצל אסם 500 גרם,"אסם השקעות בע""\מ",IL,פתיתים קוסקוס עם בצל,גרמים,500.00,100 גרם,false,,7.50,0.0150,false,1,32744
7290000061450,false,פתיתים אפויים קוסקוס 3 צבעים אסם 500 גרם,"אסם השקעות בע""\מ",IL,פתיתים קוסקוס 3 צבעי,גרמים,500.00,100 גרם,false,,6.90,0.0138,false,1,32746
7290000061764,false,קפה נמס מגורען רד מאג 200 גרם,נסטלה ספרד קפה,ES,קפה נמס רד מאג 200 ג,גרמים,200.00,100 גרם,false,,20.00,0.1000,false,1,5994
7290000062952,false,אוסם - מיני קרוטונים למרק ולסלט 250 גרם,עינת תעשיות מזון אגו,IL,מיני קרוטונים לסלט ו,גרמים,250.00,100 גרם,false,,15.00,0.0600,true,1,27848
7290000063102,false,קמח עוגה תופח מאליו אסם 350 גרם,"אסם השקעות בע""\מ",IL,קמח תופח 350,גרמים,350.00,100 גרם,false,,4.80,0.0137,true,1,6008
7290000063133,false,אסם שקדי מרק רכיבים טבעיים 24*100גרם,"אסם השקעות בע""מ",IL,שקדי מרק 100,גרמים,100.00,100 גרם,false,,5.00,0.0500,true,1,6009
7290000063140,false,שקדי מרק רכיבים טבעיים בשקית 400 ג' אסם,"אסם תעשיות בע""מ",IL,שקדי מרק 400,גרמים,400.00,100 גרם,false,,10.90,0.0273,false,1,6010
7290000063157,false,"קמח עוגה תופח מאליו אסם 1 ק""ג","אסם השקעות בע""\מ",IL,קמח תופח 1קג,יחידה,1.00,יחידה,false,,9.70,9.7000,false,1,6011
7290000064758,false,קוסקוס בינוני אמיתי אסם 350 ג',"מיוצר ע""י קוד יצרן K",IL,קוסקוס אמיתי שקית 35,גרמים,350.00,100 גרם,false,,8.00,0.0229,false,1,6024
7290000064871,false,"אוסם - מנה חמה פירה תפו""א עם בצל 56 גרם","אסם תעשיות בע""מ",IL,"מנה חמה פירה תפו""א ו",גרמים,56.00,100 גרם,false,,6.70,0.1196,false,1,6025
7290000065090,false,מיני קרוטונים מתובלים למרק ולסלט אסם 400 גרם,עינת תעשיות מזון אגו,IL,מיני קרוטונים למרק 4,גרמים,400.00,100 גרם,false,,23.90,0.0597,true,1,6027
7290000065335,false,אוסם - מנה חמה פירה עם ירקות 55 גרם,"אסם תעשיות בע""מ",IL,"מנה חמה פירה תפו""א ע",גרמים,55.00,100 גרם,false,,6.70,0.1218,false,1,6028
7290000065557,false,אוסם - מנה חמה קוסקוס עם ירקות 84 גרם,"אסם תעשיות מזון בע""מ",IL,מנה חמה קוסקוס עם יר,גרמים,84.00,100 גרם,false,,6.70,0.0798,false,1,6030
7290000065977,false,חטיפי פריכונים תירס שומשום אסם 80 גרם,"פרח תעשיות מזון בע""מ.",IL,חטיפי פריכונים תירס,גרמים,80.00,100 גרם,false,,7.70,0.0963,false,1,36568
7290000066134,false,ביסלי חטיף בטעם פלאפל אסם 70 גרם,"אסם השקעות בע""\מ",IL,ביסלי פלאפל 70,גרמים,70.00,100 גרם,false,,4.70,0.0671,false,1,6036
7290000066141,false,ביסלי חטיף בטעם גריל אסם 70 גרם,"אסם השקעות בע""\מ",IL,ביסלי גריל 70גר,גרמים,70.00,100 גרם,false,,4.70,0.0671,false,1,6037
7290000066196,false,ביסלי חטיף בטעם גריל אסם 200 גרם,מיוצר עי קונדיטוריית,IL,ביסלי גריל 200גר,גרמים,200.00,100 גרם,false,,9.00,0.0450,false,1,6042
7290000066264,false,דובונים חטיף תפוחי אדמה אסם 40 גרם,"אסם השקעות בע""\מ",IL,דובונים חטיף,גרמים,40.00,100 גרם,false,,5.00,0.1250,false,1,6046
7290000066295,false,במבה מתוקה מחומרים טבעיים 30 גרם,מיוצר עי קונדיטוריית,IL,במבה תות 30גר,גרמים,30.00,100 גרם,false,,2.70,0.0900,false,1,6047
7290000066301,false,במבה קטן רגיל אסם,קריות זול,IL,במבה 25גר,גרמים,25.00,100 גרם,false,,2.40,0.0960,false,1,6048
7290000066318,false,במבה חטיף בוטנים אסם 80 גרם,"אסם השקעות בע""\מ",IL,במבה 80גר,גרמים,80.00,100 גרם,false,,5.20,0.0650,false,1,6049
7290000066332,false,אפרופו חטיף תירס אסם 50 גרם,מיוצר עי קונדיטוריית,IL,אפרופו 50 גר,גרמים,50.00,100 גרם,false,,5.20,0.1040,false,1,6050
7290000066349,false,אפרופו חטיף תירס אסם 100 גרם,מיוצר עי קונדיטוריית,IL,אפרופו 100גר,גרמים,100.00,100 גרם,false,,8.80,0.0880,false,1,6051
7290000066431,false,פופקו חטיף פופקורן בטעם חמאה ודבש אסם 80 גרם,מיוצר עי קונדיטוריית,IL,פופקו חמאה ודבש 80 ג,גרמים,80.00,100 גרם,false,,5.30,0.0662,false,1,6053
7290000067407,false,פרורית מתובלת בשקית 200 גרם,עינת תעשיות מזון אגו,IL,פירורית מתובלת 200גר,גרמים,200.00,100 גרם,false,,6.00,0.0300,true,1,6062
7290000067599,false,מנה חמה ספגטי ברוטב בולונז אסם 65 גרם,"אסם השקעות בע""\מ",IL,מנה חמה ספגטי בולונז,גרמים,65.00,100 גרם,false,,6.70,0.1031,false,1,6068
7290000067735,false,פרפקטו ניוקי בצקיות תפוחי אדמה 500 ג' אסם,גרנדי פסטי,IT,"ניוקי מתפו""א גנוצ'י",גרמים,500.00,100 גרם,false,,13.90,0.0278,true,1,6070
7290000068138,false,אינסטנט פודינג בטעם וניל אסם 80 גרם,מיוצר עי קונדיטוריית,IL,פודינג וניל,גרמים,80.00,100 גרם,false,,5.90,0.0738,false,1,6072
7290000068343,false,אסם פריכונים פרוסות קלויות מלא,"פרח תעשיות מזון בע""מ.",IL,פריכונים מאורז מלא,גרמים,140.00,100 גרם,false,,7.30,0.0521,false,1,6082
7290000068701,false,אסם שקדי מרק רכיבים טבע.מיכל 400 גרם,"אסם תעשיות בע""מ",IL,שקדי מרק במיכל,גרמים,400.00,100 גרם,false,,16.50,0.0413,true,1,6087
7290000068770,false,במבה יום הולדת חטיף בוטנים אסם 80 גרם,"אסם השקעות בע""\מ",IL,במבה יום הולדת 80 גר,גרמים,80.00,100 גרם,false,,5.20,0.0650,false,1,6090
7290000068787,false,במבה יום הולדת חטיף בוטנים אסם 25 גרם,מיוצר עי קונדיטוריית,IL,במבה יום הולדת,גרמים,25.00,100 גרם,false,,2.40,0.0960,true,1,6091
7290000069364,false,פריכונים מאורז מלא ללא תוספת סוכר אסם 140 גרם,"פרח תעשיות מזון בע""מ.",IL,פריכונים מאורז מלא ל,גרמים,140.00,100 גרם,false,,7.30,0.0521,true,1,6096
7290000069609,false,חטיפי קרקר זעתר אסם 300 גרם,"אסם תעשיות בע""מ",IL,חטיפי קרקר זעתר 300,גרמים,300.00,100 גרם,false,,11.70,0.0390,true,1,32903
7290000069739,false,אוסם - חטיפי קרקר שומשום 300 גרם,מיוצר עי קונדיטוריית,IL,חטיפי קרקר שומשום אס,גרמים,300.00,100 גרם,false,,11.70,0.0390,true,1,32790
7290000070308,false,אבקת מרק עוף אמיתי בשרי אסם 400 גרם,"אסם השקעות בע""\מ",IL,מרק עוף 400,גרמים,400.00,100 גרם,false,,16.90,0.0422,false,1,6104
7290000070322,false,אבקת מרק פטריות רכיבים טבעיים אסם 400 גרם,"אסם השקעות בע""\מ",IL,מרק פטריות 400,גרמים,400.00,100 גרם,false,,19.90,0.0497,false,1,6106
7290000070353,false,אבקת מרק בצל רכיבים טבעיים אסם 400 גרם,"אסם השקעות בע""\מ",IL,מרק בצל 400,גרמים,400.00,100 גרם,false,,19.90,0.0497,false,1,6107
7290000071008,false,אוסם - בייגלה שטוחים מלח 60 גרם,"אסם השקעות בע""\מ",IL,בייגלה שטוחים מלח אס,גרמים,60.00,100 גרם,false,,3.10,0.0517,true,1,38739
7290000072067,false,במבה במילוי קרם חלבה 60ג' אסם,מיוצר עי קונדיטוריית,IL,במבה קרם חלבה,גרמים,60.00,100 גרם,false,,5.30,0.0883,true,1,35135
7290000072333,false,בונז'ור לחמנית דגנים 120ג',בונז'ור,,לחמניית דגנים,גרמים,120.00,100 גרם,false,,3.20,0.0267,true,1,37150
7290000072623,false,קטשופ אסם בקבוק לחיץ 750 גרם,"אסם תעשיות בע""מ",IL,קטשופ 750 לחיץ,גרמים,750.00,100 גרם,false,,11.00,0.0147,false,1,6131
7290000072630,false,קטשופ אסם חריף 750 גרם-בקבוק,"אסם תעשיות בע""מ",IL,קטשופ חריף לחיץ 750ג,גרמים,750.00,100 גרם,false,,11.00,0.0147,false,1,6132
7290000072753,false,קפה נמס מגורען טסטרס צ'ויס 200 גרם-,נסטלה קוריאה - קפה,KR,קפה נמס טסטר'ס צ'ויס,גרמים,200.00,100 גרם,false,,31.90,0.1595,false,1,6137
7290000072760,false,נסקפה טייסטרס צויס 100 גר אוריגנל,נסטלה קוריאה - קפה,KR,קפה נמס טסטר'ס צ'ויס,גרמים,100.00,100 גרם,false,,25.90,0.2590,false,1,6138
7290000072777,false,קפה נמס מגורען נטול קפאין טסטרס צ'ויס 200 גרם,נסטלה קוריאה - קפה,KR,קפה נמס טסטר'ס צ'ויס,גרמים,200.00,100 גרם,false,,39.90,0.1995,false,1,6139
7290000072784,false,קפה טייסטר צויס נטול קופאין 100 גר',נסטלה קוריאה - קפה,KR,קפה נמס טייסטרס צויס,גרמים,100.00,100 גרם,false,,28.90,0.2890,false,1,6140
7290000072968,false,דגני בוקר סיני מיניס חיטה מלאה וקינמון נסטלה 500 גרם,נסטלה פולין דגני בוק,PL,דגני בוקר סיני מיניס,גרמים,500.00,100 גרם,false,,19.90,0.0398,false,1,6148
7290000073415,false,אוסם - מנה חמה פסטה ברוטב פיצה 61 גרם,"אסם השקעות בע""\מ",IL,מנה חמה פסטה ברוטב פ,גרמים,61.00,100 גרם,false,,6.70,0.1098,false,1,6157
7290000073699,false,סלט חומוס צבר 150 גרם,סלטי צבר,IL,חומוס חלק 150 גר,גרמים,150.00,100 גרם,false,,4.80,0.0320,true,1,49225
7290000073750,false,מנה חמה נודלס אטר+ירקות טעם עוף 70 גרם,PUB FOODS PRESIDENT THAI,TH,מנה חמה נודלס אטריות,גרמים,70.00,100 גרם,false,,7.30,0.1043,false,1,6159
7290000073767,false,מנה חמה נודלס אטר.+ירקות טעם בקר 70 גרם,PUB FOODS PRESIDENT THAI,TH,מנה חמה נודלס אטריות,גרמים,70.00,100 גרם,false,,7.30,0.1043,false,1,6160
7290000073774,false,מנה חמה נודלס אטר+ירקות טעם צילי 70 גרם,טאי רזידנט,TH,מנה חמה נודלס+איטריו,גרמים,70.00,100 גרם,false,,7.30,0.1043,false,1,6161
7290000074153,false,ביסקוויט פתי בר שוקולד אסם 500 גרם,מיוצר עי קונדיטוריית,IL,פתי בר שוקו 500,גרמים,500.00,100 גרם,false,,14.00,0.0280,false,1,6164
7290000074184,false,ביסקוויט פתי בר אסם 500 גרם,"אסם השקעות בע""\מ",IL,פתיבר וניל אסם 500 ג,גרמים,500.00,100 גרם,false,,12.00,0.0240,false,1,6166
7290000074245,false,אוסם - קרם קרקר אסם 250 גרם,"אסם השקעות בע""\מ",IL,קרם קרקר 250,גרמים,250.00,100 גרם,false,,8.50,0.0340,true,1,6167
7290000074252,false,קרקר שומשון אסם 250 גרם,"אסם השקעות בע""\מ",IL,קרקר שומשום 250,גרמים,250.00,100 גרם,false,,9.00,0.0360,true,1,6168
7290000074276,false,קרקר פיקנטי טבעון 250 ג' אסם,"אסם השקעות בע""\מ",IL,אסם קרקר קלאסי 250 ג,גרמים,250.00,100 גרם,false,,10.00,0.0400,true,1,6169
7290000074375,false,אוסם - קרקר זהב 150 גרם,"אסם השקעות בע""\מ",IL,קרקר זהב 150,גרמים,150.00,100 גרם,false,,7.00,0.0467,true,1,6174
7290000074481,false,לחמית אגוזים אסם 160 גרם,"אסם השקעות בע""\מ",IL,לחמית אגוזים,גרמים,160.00,100 גרם,false,,10.50,0.0656,false,1,43339
7290000074696,false,אסם קרם קרקר 4*1קג ח,"אסם השקעות בע""\מ",IL,קרם קרקר 1קג,יחידה,1.00,יחידה,false,,26.90,26.9000,false,1,6176
7290000074764,false,קרקר הזהב אסם 900 גרם,"אסם השקעות בע""\מ",IL,"קרקר זהב 900 ג""ר",גרמים,900.00,100 גרם,false,,26.90,0.0299,true,1,6180
7290000075204,false,אוסם - לחמית חיטה מלאה 250 גרם,"אסם השקעות בע""\מ",IL,לחמית 250 גר,גרמים,250.00,100 גרם,false,,8.70,0.0348,true,1,6184
7290000075693,false,עוגת הבית שמרים בריוש שוקולד אסם 360 גרם,מיוצר עי קונדיטוריית,IL,עוגת שמרים בריוש שוק,גרמים,360.00,100 גרם,false,,18.60,0.0517,false,1,34652
7290000076126,false,אוסם - בייגלה שמיניות קטנות 80 גרם,"אסם השקעות בע""\מ",IL,בייגלה שמיניות קטנות,גרמים,80.00,100 גרם,false,,3.10,0.0388,true,1,6187
7290000076133,false,בייגלה שמיניות קטנות עם מלח אסם 400 גרם,"אסם השקעות בע""\מ",IL,בייגלה שמיניות קטנות,גרמים,400.00,100 גרם,false,,11.40,0.0285,true,1,6188
7290000077017,false,עוגיות קרמוגית במילוי קרם שוקולד אסם 200 גרם,מיוצר עי קונדיטוריית,IL,קרמוגית שוקו,גרמים,200.00,100 גרם,false,,11.50,0.0575,true,1,6200
7290000077253,false,אוסם - לחמית כפרית עם דגנים מלאים 190 גרם,"אסם השקעות בע""\מ",IL,לחמית כפרית 190 גר,גרמים,190.00,100 גרם,false,,10.50,0.0553,true,1,36915
7290000077925,false,אסם טוסטים צנימים עגולים חטה.מלא 125 גרם,ון דר מולן האלום,NL,טוסטעים צנימים מחיטה,גרמים,125.00,100 גרם,false,,9.90,0.0792,true,1,36362
7290000078014,false,שזיפים אמריקאים,,,חמוציות חתוכות,קילוגרמים,1.00,"ק""ג",true,,39.90,39.9000,true,1,21571
7290000078212,false,קרוטונים מתובלים למרק אסם 250 גרם,עינת תעשיות מזון אגו,IL,קרוטונים מתובלים 250,גרמים,250.00,100 גרם,false,,14.50,0.0580,true,1,6205
7290000078762,false,אוסם - חטיפי פריכונים מאורז מלא בטעם דבש 80גר,סנורייס בלגיום אן. ו,GB,פריכונים אורז מלא בט,גרמים,80.00,100 גרם,false,,7.70,0.0963,false,1,6207
7290000079233,false,קרם קרקר דיאטטי דל נתרן 250 גרם,"אסם תעשיות בע""מ",IL,קרם קרקר דל נתרן דיי,גרמים,250.00,100 גרם,false,,10.60,0.0424,true,1,6211
7290000080758,false,אוסם - טוסטעים פת קלוי 100 גרם,ון דר מולן האלום,NL,טוסטעים פת קלויה,גרמים,100.00,100 גרם,false,,9.90,0.0990,true,1,6222
7290000080765,false,טוסטעים פת קלויה עם שומשום אסם 100 גרם,ון דר מולן האלום,NL,טוסטעים פת קלויה שומ,גרמים,100.00,100 גרם,false,,9.90,0.0990,true,1,6223
7290000081663,false,"בייגלה טבעות שומשום אסם 300 גרם בד""ץ",מיוצר עי קונדיטוריית,IL,בייגלה טבעות שומשום,גרמים,300.00,100 גרם,false,,11.40,0.0380,true,1,6227
7290000085166,false,פתי בר גטניו 400 גרן,,,פתי בר גטניו 400 גר,גרמים,400.00,100 גרם,false,,7.50,0.0188,true,1,17732
7290000085173,false,פתי-בר שוקו גטניו 400 ג',,,פתיבר שוקו גטניו,גרמים,400.00,100 גרם,false,,7.50,0.0188,true,1,17733
7290000086477,false,בגט מחמצת צרפתי,,,בגט מחמצת צרפתי,יחידה,0.00,יחידה,false,,9.90,0.0000,true,1,87111
7290000086484,false,רוסטיק כפרי/לבן קטן,,,רוסטיק כפרי/לבן קטן,יחידה,0.00,יחידה,false,,5.50,0.0000,true,1,90858
7290000094540,false,אננס טבעי מיובש,,,אננס טבעי מיובש,קילוגרמים,1.00,"ק""ג",true,,88.00,88.0000,true,1,100590
7290000100128,false,פירות קפואים תות סנפרוסט 300 ג',"סנפרוסט בע""מ",IL,תות שדה סנפרוסט,גרמים,300.00,100 גרם,false,,14.90,0.0497,true,1,76590
7290000100593,false,פרוסות אנטיפסטי לתנור סנפרוסט 600 גרם,"סנפרוסט בע""\מ",IL,אנטיפסטי לתנור 600 ג,גרמים,600.00,100 גרם,false,,21.00,0.0350,true,1,100894
7290000100609,false,קוביות אנטיפסטי להקפצה סנפרוסט 600 גרם,"סנפרוסט בע""\מ",IL,אנטיפסטי להקפצה 600,גרמים,600.00,100 גרם,false,,21.00,0.0350,true,1,100895
7290000101132,false,לקט קטניות לחמין סנפרוסט 800 גר,"סנפרוסט בע""\מ",IL,לקט קטניות לחמין,יחידה,0.00,יחידה,false,,19.90,0.0000,false,1,83149
7290000101927,false,אוכמניות כחולות מוקפאות סנפרוסט 300 גרם,"איי, בי, אינבוו",IL,אוכמניות כחולות מוקפ,גרמים,300.00,100 גרם,false,,14.90,0.0497,true,1,86853
7290000101934,false,מיקס פירות יער מוקפאות 300 ג' סנפרוסט,"סנפרוסט בע""\מ",IL,תערובת פירות יער קפו,גרמים,300.00,100 גרם,false,,14.90,0.0497,true,1,86854
7290000101941,false,אננס חתוך מוקפא סנפרוסט 300ג',"סנפרוסט בע""\מ",IL,אננס חתוך מוקפא 300,גרמים,300.00,100 גרם,false,,14.90,0.0497,true,1,86855
7290000101958,false,מנגו חתוך מוקפא סנפרוסט 300ג',"סנפרוסט בע""\מ",IL,מנגו חתוך מוקפא 300,גרמים,300.00,100 גרם,false,,14.90,0.0497,true,1,86856
7290000103365,false,מרק ירקות עשיר סנפרוסט 550 גרם,"איי, בי, אינבוו",IL,מרק ירקות סנפרוסט,גרמים,500.00,100 גרם,false,,14.90,0.0298,false,1,47273
7290000103433,false,"לקט ירקות לתנור 800 גרם ""סנפרוסט""","איי, בי, אינבוו",IL,ירקות לתנור סנפרוסט,יחידה,0.00,יחידה,false,,21.00,0.0000,false,1,82466
7290000103457,false,"מיני כרובית 600 גרם ""סנפרוסט""","סנפרוסט בע""\מ",IL,מיני כרובית 600 גר',גרמים,600.00,100 גרם,false,,15.90,0.0265,false,1,80570
7290000103471,false,מיני ברוקולי סנפרוסט 600 גרם,"סנפרוסט בע""\מ",IL,מיני ברוקולי 600 גר',גרמים,600.00,100 גרם,false,,15.90,0.0265,true,1,80813
7290000103488,false,"ארטישוק ירושלמי 400 גרם ""סנפרוסט""","סנפרוסט בע""\מ",IL,ארטישוק ירושלמי,יחידה,0.00,יחידה,false,,19.90,0.0000,false,1,82360
7290000103730,false,לקט להקפצה עם פסטה פוזילי סנפרוסט 800 גרם,"איי, בי, אינבוו",IL,לקט להקפצה עם פסטה ס,גרמים,800.00,100 גרם,false,,21.90,0.0274,false,1,35260
7290000103815,false,לקט להקפצה בסגנון תאילנדי סנפרוסט 800 גרם,"סנפרוסט בע""\מ",IL,לקט להקפצה בסגנון תא,גרמים,800.00,100 גרם,false,,21.90,0.0274,false,1,42842
7290000103822,false,ירקות שמלווים עוף סנפרוסט 800ג',"סנפרוסט בע""\מ",IL,לקט לעוף 800 גר' סנפ,גרמים,800.00,100 גרם,false,,21.00,0.0263,false,1,41995
7290000103839,false,מרק כתום עשיר בירקות סנפרוסט 570 גרם,"סנפרוסט בע""\מ",IL,מרק כתום סנפרוסט,גרמים,572.00,100 גרם,false,,14.90,0.0260,false,1,41947
7290000103846,false,מרק אפונה עשיר בירקות סנפרוסט 570 גרם,"סנפרוסט בע""\מ",IL,מרק אפונה סנפרוסט,גרמים,572.00,100 גרם,false,,14.90,0.0260,false,1,41944
7290000103860,false,מרק עדשים עשיר בירקות סנפרוסט 570 גרם,"סנפרוסט בע""\מ",IL,מרק עדשים סנפרוסט,גרמים,572.00,100 גרם,false,,14.90,0.0260,false,1,41948
7290000103877,false,מרק שעועית עשיר בירקות סנפרוסט 640 גרם,"סנפרוסט בע""\מ",IL,מרק שעועית סנפרוסט,גרמים,644.00,100 גרם,false,,14.90,0.0231,false,1,41946
7290000104072,false,עדשים ירוקות מבושלות מוקפאות 800 ג' סנפרוסט,"איי, בי, אינבוו",IL,עדשים ירוקות מבושלות,גרמים,800.00,100 גרם,false,,19.90,0.0249,false,1,38658
7290000104188,false,שעועית אדומה מוקפאת מבושלת מוכנה לאכילה,"סנפרוסט בע""\מ",IL,שעועית אדומה מבושלת,גרמים,800.00,100 גרם,false,,17.90,0.0224,false,1,35238
7290000104201,false,אפונה עדינה סנפרוסט 600 גרם,"איי, בי, אינבוו",IL,אפונה עדינה,גרמים,600.00,100 גרם,false,,17.90,0.0298,false,1,9035
7290000104218,false,סנפרוסט במיה 600 גרם,"איי, בי, אינבוו",IL,במיה סנפרוסט,גרמים,600.00,100 גרם,false,,16.90,0.0282,false,1,9036
7290000104225,false,בצל קצוץ סנפרוסט 600 גרם,"סנפרוסט בע""\מ",IL,בצל קצוץ סנפרוסט,גרמים,600.00,100 גרם,false,,16.90,0.0282,false,1,9037
7290000104676,false,אפונה קפואה סנפרוסט 800 גרם,"איי, בי, אינבוו",IL,אפונה סנפרוסט 00,גרמים,800.00,100 גרם,false,,17.90,0.0224,false,1,9041
7290000104683,false,שעועית ירוקה שלמה סנפרוסט 800 גרם,"סנפרוסט בע""\מ",IL,שעועית שלמה 800,גרמים,800.00,100 גרם,false,,19.90,0.0249,false,1,9042
7290000104690,false,תירס גרעינים 800 גרם סנפרוסט,"איי, בי, אינבוו",IL,תירס 800 סנפרוסט,גרמים,800.00,100 גרם,false,,16.90,0.0211,false,1,9043
7290000104706,false,גזר גמדי סנפרוסט 800 גרם,"סנפרוסט בע""\מ",IL,גזר גמדי 800,גרמים,800.00,100 גרם,false,,17.90,0.0224,false,1,9044
7290000104713,false,פול ירוק סנפרוסט 800 גרם,"איי, בי, אינבוו",IL,פול ירוק 800,גרמים,800.00,100 גרם,false,,22.90,0.0286,false,1,9045
7290000104720,false,שעועית ירוקה חתוכה סנפרוסט 800 גרם,"סנפרוסט בע""\מ",IL,שעועית ירוקה חתוכה,גרמים,800.00,100 גרם,false,,16.90,0.0211,false,1,9046
7290000104737,false,שעועית צהובה חתוכה סנפרוסט 800 גרם,"סנפרוסט בע""\מ",IL,שעועית צהובה,גרמים,800.00,100 גרם,false,,16.90,0.0211,false,1,9047
7290000104744,false,כרובית סנפרוסט 800 גרם,"סנפרוסט בע""\מ",IL,כרובית 800 גר,גרמים,800.00,100 גרם,false,,22.90,0.0286,false,1,9048
7290000104751,false,"כרוב ניצנים 800 גרם ""סנפרוסט""","איי, בי, אינבוו",IL,כרוב ניצנים סנפר,גרמים,800.00,100 גרם,false,,23.90,0.0299,false,1,9049
7290000104768,false,תרד עלים סנפרוסט 800 ג ',"איי, בי, אינבוו",IL,תרד עלים 800,גרמים,800.00,100 גרם,false,,22.90,0.0286,false,1,9050
7290000104775,false,תרד מדליונים סנפרוסט 800 גרם,"איי, בי, אינבוו",IL,תרד מדליון,גרמים,800.00,100 גרם,false,,23.90,0.0299,false,1,9051
7290000104799,false,שעועית לבנה מבושלת סנפרוסט 800 גרם,"איי, בי, אינבוו",IL,שעועית לבנה מבוש,גרמים,800.00,100 גרם,false,,17.90,0.0224,false,1,9052
7290000104805,false,גרגירי חומוס מבושלים סנפרוסט 800 גרם,"איי, בי, אינבוו",IL,חומוס מבושל סנפר,גרמים,800.00,100 גרם,false,,17.90,0.0224,false,1,9053
7290000104829,false,קלחי תירס חתוכים סנפרוסט 1 קילו,"סנפרוסט בע""\מ",IL,קלחוני תירס 1 קג,יחידה,1.00,יחידה,false,,19.90,19.9000,false,1,9055
7290000104836,false,שעועית ירוקה עדינה שלמה סנפרוסט 600 גרם,"סנפרוסט בע""\מ",IL,שעועית עדינה שלמה 60,גרמים,600.00,100 גרם,false,,21.90,0.0365,false,1,9056
7290000104874,false,ירקות לקוסקוס של אמא סנפרוסט 800ג',"סנפרוסט בע""\מ",IL,לקט לקוסקוס,גרמים,800.00,100 גרם,false,,21.00,0.0263,false,1,9058
7290000104881,false,לקט אפונה וגזר סנפרוסט 800 גרם,"איי, בי, אינבוו",IL,אפונה וגזר,גרמים,800.00,100 גרם,false,,15.90,0.0199,false,1,9059
7290000104904,false,לקט ירקות מעורבים סנפרוסט 800 גרם,"איי, בי, אינבוו",IL,לקט ירקות מעורבי,גרמים,800.00,100 גרם,false,,21.90,0.0274,false,1,9061
7290000104911,false,לקט נורמנדי סנפרוסט 800 גרם,"איי, בי, אינבוו",IL,לקט נורמנדי,גרמים,800.00,100 גרם,false,,21.00,0.0263,false,1,9062
7290000106175,false,"לקט כפרי סנפרוסט 2 ק""ג","סנפרוסט בע""\מ",IL,לקט כפרית 2,יחידה,2.00,יחידה,false,,37.90,18.9500,false,1,9068
7290000106526,false,ירקות מעורבים מוקפאים חגיגה ירוקה להקפצה,"איי, בי, אינבוו",IL,חגיגה ירוקה להקפצה,גרמים,800.00,100 גרם,false,,21.00,0.0263,true,1,97828
7290000107165,false,חטיף סויה אדממה סנפרוסט 400 גרם,"איי, בי, אינבוו",IL,חטיף סויה אדממה,גרמים,400.00,100 גרם,false,,13.50,0.0338,false,1,9070
7290000107189,false,תחתיות ארטישוק סנפרוסט 400 גרם,"איי, בי, אינבוו",IL,ארטישוק תחתיות,גרמים,400.00,100 גרם,false,,19.90,0.0497,false,1,9071
7290000107295,false,תפרחות ברוקולי סנפרוסט 800 גרם,"איי, בי, אינבוו",IL,ברוקולי 800,גרמים,800.00,100 גרם,false,,22.90,0.0286,false,1,9077
7290000107615,false,ירקות ואננס להקפצה מנה אסייתית צבעונית ועשירה,"איי, בי, אינבוו",IL,מנה אסייתית צבעונית,גרמים,800.00,100 גרם,false,,21.00,0.0263,true,1,97830
7290000107622,false,ירקות ופסטה א-לה איטליה סנפרוסט 800 גרם,"איי, בי, אינבוו",IL,פסטה וירקות א-לה איט,גרמים,800.00,100 גרם,false,,21.00,0.0263,true,1,97831
7290000110844,false,"כיפלי בטעם גריל 70 גרם-בד""ץ",יוניליור ישראל מזון,IL,"כפלי גריל בד""ץ",גרמים,70.00,100 גרם,false,,6.00,0.0857,false,1,11925
7290000110851,false,חטיף כיפלי בטעם בצל 70גר,אתר שפע - Food,IL,כפלי בצל,גרמים,70.00,100 גרם,false,,6.00,0.0857,true,1,11926
7290000111063,false,מיונז תלמה אמיתי250 גרם,יוניליוור ישראל מזון בע\,IL,מיונז אמיתי 250,גרמים,250.00,100 גרם,false,,7.90,0.0316,false,1,11927
7290000111117,false,מרכך כביסה לבן בדין 4 ליטר,יוניליור ישראל טיפוח איש,IL,בדין לבן 4 ליטר,ליטרים,4.00,ליטר,false,,19.90,4.9750,false,1,11928
7290000111186,false,"מיונז אמיתי תלמה 500 גרם בד""צ",יוניליוור ישראל מזון בע\,IL,מיונז 500,גרמים,500.00,100 גרם,false,,9.90,0.0198,false,1,11930
7290000111353,false,"מיונז אמיתי תלמה 1 ק""ג",יוניליוור ישראל מזון בע\,IL,מיונז אמיתי 1קג,יחידה,1.00,יחידה,false,,19.90,19.9000,false,1,11933
7290000111360,false,"חרדל אמיתי תלמה 250 גרם בד""צ",יוניליוור ישראל מזו,IL,חרדל 250,גרמים,250.00,100 גרם,false,,8.50,0.0340,true,1,11934
7290000111384,false,חרדל אמיתי בצנצנת 550 ג' תלמה,יוניליוור ישראל מזו,IL,חרדל אמיתי 550,גרמים,550.00,100 גרם,false,,12.90,0.0235,true,1,11936
7290000112220,false,טחינה גולמית שומשום טהור בארכה 500 גרם,"רושדי תעשיות מזון בע""\מ",IL,טחינה גולמית 500,גרמים,500.00,100 גרם,false,,13.90,0.0278,false,1,16293
7290000112497,false,מרק עשיר עוף אטריות קנור 75 גרם - שקיות,יוניליוור ישראל מזון בע\,IL,קנור עשיר עוף,גרמים,75.00,100 גרם,false,,10.90,0.1453,true,1,11958
7290000112503,false,מרק עשיר ירקות קנור 69 גרם - שקיות,יוניליוור ישראל מזון בע\,IL,קנור עשיר ירקות,גרמים,61.00,100 גרם,false,,10.90,0.1787,true,1,11959
7290000112619,false,מרק עוף לתיבול והעשרה קנור 400 ג',יוניליוור ישראל מזון בע\,IL,מרק עוף אמיתי,גרמים,400.00,100 גרם,false,,17.90,0.0447,false,1,11963
7290000113203,false,חטיף צ'יפס בטעם קטשופ50ג,יוניליוור ישראל מזון בעמ,IL,כפלי קטשופ,גרמים,50.00,100 גרם,false,,5.20,0.1040,false,1,11978
7290000114187,false,פנטסטיק תרכיז ניקוי כללי אורנים סיף 4 ליטר,סיף פנטסטיק Cif Fantastic,IL,פנטסטיק 4 ליטר א,ליטרים,4.00,ליטר,false,,19.90,4.9750,false,1,11995
7290000116204,false,"אבקת מרק דגש בטעם עוף 1ק""ג קנור",יוניליוור ישראל מזון בע\,IL,מ.דגש 1קג,יחידה,1.00,יחידה,false,,15.90,15.9000,false,1,12019
7290000116884,false,"רוטב ברביקיו קנור 300 גרם בד""צ",יוניליוור ישראל מזון בע\,IL,רוטב ברבקיו קנור,יחידה,200.00,יחידה,false,,12.90,0.0645,false,1,12022
7290000116921,false,רוטב צ'ילי מתוק 340 גרם קנור,יוניליוור ישראל מזון בע\,IL,רוטב צ'ילי מתוק,גרמים,370.00,100 גרם,false,,12.90,0.0349,false,1,12023
7290000117171,false,מרק טעם עוף דל קלוריות 48 גרם-קופסא,יוניליוור ישראל מזון,IL,מרק טעם עוף נמס 10 ק,גרמים,46.00,100 גרם,false,,8.20,0.1783,true,1,12028
7290000117720,false,נמס בכוס פטריות קנור 21.5 גרם מארז זוגי,יוניליוור ישראל מזון בע\,IL,נ.בכוס פטריות,גרמים,43.00,100 גרם,false,,7.00,0.1628,true,1,12035
7290000118277,false,כופתאות מצה להכנת מהירה 65 ג' קנור,יוניליוור ישראל מזון בע\,IL,קניידל,גרמים,130.00,100 גרם,false,,13.50,0.1038,false,1,12042
7290000118352,false,לטקס תפוחי אדמה קנור 2*85 גרם,יוניליוור ישראל מזון בעמ,IL,"לביבות תפו""א",גרמים,170.00,100 גרם,false,,14.90,0.0876,true,1,12044
7290000120836,false,"מיונז אמיתי 394 גרם ""הלמנס""",קונפקו אינק' די.בי.א,CA,מיונז הלמנס,גרמים,394.00,100 גרם,false,,10.90,0.0277,false,1,12062
7290000120874,false,מיונז הלמנס לייט מופחת קלוריות 424ג,"יונילוור ארה""ב - HPC",US,מיונז הלמנס דל,גרמים,424.00,100 גרם,false,,10.90,0.0257,false,1,12064
7290000121031,false,החתול המחייך גבינה מותכת 14% מון בלאן 120 גרם,שלושת האופים,IL,גבינת חתול 14% 120 ג,גרמים,120.00,100 גרם,false,,10.60,0.0883,true,1,17771
7290000121109,false,גבינה מותכת לייט עם זיתים 7% מון בלאן 120 גרם,האי נאם סי או אל.טי.,IL,גבינה מון בלאן לייט,גרמים,120.00,100 גרם,false,,11.90,0.0992,true,1,17775
7290000121239,false,מיוקל 5% שומן ללא כולסטרול תלמה 500ג',יוניליוור ישראל מזון בע\,IL,מיוקל 5 שומן%,גרמים,500.00,100 גרם,false,,13.50,0.0270,false,1,12068
7290000124841,false,מאגדת שוקולד חלב ורד הגליל 3* 100 ג,יוניליוור ישראל מזון בע\,IL,שלישיה שוקולד חלב ור,גרמים,300.00,100 גרם,false,,14.90,0.0497,false,1,12134
7290000125251,false,שמפו לכביסה עדינה בדין 2 ליטר,"זוהר דליה, קיבוץ דליה, 1",IL,שמפו לכביסה עדינה,ליטרים,2.00,ליטר,false,,29.90,14.9500,true,1,12137
7290000129457,false,אבקת רוטב פטריות קנור 28 ג' שקית,יוניליוור ישראל מזון בע\,IL,רוטב פטריות קנור,גרמים,28.00,100 גרם,false,,4.60,0.1643,true,1,12202
7290000129785,false,מרכך כביסה ירוק בדין 4 ליטר,יוניליור ישראל טיפוח איש,IL,בדין ירוק 4 ליטר,ליטרים,4.00,ליטר,false,,19.90,4.9750,false,1,12215
7290000130606,false,קמח מצה רגיל 200 גר,מצות אביב,IL,קמח מצה 200 גר,גרמים,200.00,100 גרם,false,,3.00,0.0150,true,1,13336
7290000131122,false,"בצק עלים צרפתי שחף 1.5 ק""ג",מאפיית אריאל,IL,בצק עלים צרפתי שחף 1,קילוגרמים,1.50,"ק""ג",false,,19.90,13.2667,true,1,5597
7290000133645,false,שלישיית משחת שיניים סודה אורביטול 145 גרם,טרופיקל דגיל תעשיות קוסמ,IL,שלישיה אורביטול משחת,גרמים,435.00,100 גרם,false,,19.90,0.0457,true,1,33567
7290000134116,false,תבלין פפריקה מתוקה 40 גר',תות ממתקי איכות,IL,פפריקה מתוקה במיכל,גרמים,40.00,100 גרם,false,,5.50,0.1375,true,1,13701
7290000134147,false,טעם וריח מוסקט טחון מיכל 40גר,"תבליני טעם וריח בע""מ",IL,מוסקט טחון 40 גרם,גרמים,40.00,100 גרם,false,,14.90,0.3725,true,1,13704
7290000134307,false,קינמון טחון 50 גרם טעם וריח,"תבליני טעם וריח בע""מ",IL,קינמון טחון בשקית 50,גרמים,50.00,100 גרם,false,,5.90,0.1180,true,1,13705
7290000134314,false,פיצה תערובת תיבול 120 גרם מיכל גדול,"תבליני טעם וריח בע""מ",IL,תיבול לפיצה,גרמים,120.00,100 גרם,false,,9.50,0.0792,true,1,13706
7290000134338,false,אבקת שום בקופ' 90 גר' טעם וריח,"תבליני טעם וריח בע""מ",IL,אבקת שום מיכל,גרמים,90.00,100 גרם,false,,9.50,0.1056,true,1,26094
7290000134352,false,קינמון טחון בקופ' 90 גר' טעם וריח,"תבליני טעם וריח בע""מ",IL,תבלין קינמון טחו,גרמים,90.00,100 גרם,false,,9.50,0.1056,true,1,26096
7290000134376,false,פפריקה בשמן בקופ' 90 גר' טעם וריח,"תבליני טעם וריח בע""מ",IL,פפריקה מרוקאית מתוקה,גרמים,90.00,100 גרם,false,,9.50,0.1056,true,1,13707
7290000134550,false,עלי דפנה 20 גר' טעם וריח,"תבליני טעם וריח בע""מ",IL,עלי דפנה שק 20',גרמים,40.00,100 גרם,false,,5.90,0.1475,true,1,13712
7290000134666,false,רוזמרין 15 גר מיכל ק,תות ממתקי איכות,IL,רוזמרין מיכל קטן,גרמים,15.00,100 גרם,false,,5.50,0.3667,true,1,23310
7290000134673,false,זנגויל טחון מיכל 30 גרם,"תבליני טעם וריח בע""מ",IL,זנגויל מיכל פלסטיק,גרמים,30.00,100 גרם,false,,5.50,0.1833,true,1,24681
7290000134680,false,קימל שלם 40 גר' טעם וריח,תות ממתקי איכות,IL,קימל שלם במיכל,גרמים,40.00,100 גרם,false,,5.50,0.1375,true,1,23445
7290000134758,false,"תיבול לתפו""א בקופ' 100 גר' טעם וריח","תבליני טעם וריח בע""מ",IL,"תבלין לתפו""א",גרמים,100.00,100 גרם,false,,9.50,0.0950,true,1,13714
7290000134826,false,זעתר מעורב בקופ' 100 גר' טעם וריח,"תבליני טעם וריח בע""מ",IL,תבלין זעתר,גרמים,100.00,100 גרם,false,,9.50,0.0950,true,1,13717
7290000134833,false,כמון טחון בקופ' 100 גר' טעם וריח,"תבליני טעם וריח בע""מ",IL,תבלין כמון,גרמים,100.00,100 גרם,false,,9.50,0.0950,true,1,13718
7290000134840,false,כורכום טחון בקופ' 100 גר' טעם וריח,"תבליני טעם וריח בע""מ",IL,תבלין כורכום,גרמים,100.00,100 גרם,false,,9.50,0.0950,true,1,13719
7290000134857,false,פפריקה מתוקה בקופ' 100 גר' טעם וריח,"תבליני טעם וריח בע""מ",IL,פפריקה מתוקה,גרמים,100.00,100 גרם,false,,9.50,0.0950,true,1,13720
7290000134864,false,פפריקה חריפה בקופ' 100 גר' טעם וריח,"תבליני טעם וריח בע""\מ",IL,תבלין פפריקה,גרמים,100.00,100 גרם,false,,9.50,0.0950,true,1,13721
7290000134871,false,פלפל שחור טחון בקופ' 100 גר' טעם וריח,"תבליני טעם וריח בע""מ",IL,פלפל שחור טחון 100 ג,גרמים,100.00,100 גרם,false,,12.90,0.1290,true,1,13722
7290000134970,false,חוואיג' בקופ' 100 גר' טעם וריח,"תבליני טעם וריח בע""מ",IL,תבלין חוויא'ג,גרמים,100.00,100 גרם,false,,9.50,0.0950,true,1,26097
7290000134987,false,פלפל שחור גרוס בקופ' 90 גר' טעם וריח,"תבליני טעם וריח בע""מ",IL,פלפל שחור גרוס,גרמים,90.00,100 גרם,false,,12.90,0.1433,true,1,13726
7290000135052,false,"XL TEN משקה אנרגיה מנגו ללא סוכר 250 מ""ל","טמפו משקאות בע""\מ",IL,"פחית XL מנגו 250 מ""ל",מיליליטרים,250.00,"100 מ""ל",false,,4.50,0.0180,false,1,96594
7290000135113,false,"משקה אנרגיה XL פחית ten נענע ליים 250 מ""ל","טמפו משקאות בע""\מ",IL,משקה אנרגיה XL נענע,מיליליטרים,250.00,"100 מ""ל",false,,4.50,0.0180,false,1,100063
7290000135151,false,"טמפו סודה למון ליים בקבוק 250 מ""ל",טמפו משקאות בעמ,IL,סודה נגיעות לימון 27,מיליליטרים,275.00,"100 מ""ל",false,,3.00,0.0109,true,1,100744
7290000135168,false,"פפסי מקס ליים פחית צרה מארז שישייה 330 מ""ל","טמפו משקאות בע""מ",AL,שישייה פפסי מקס ליים,ליטרים,1.98,ליטר,false,,18.90,9.5455,true,1,104336
7290000135311,false,פפסי קולה ליים 1.5 ללא סוכר,"טמפו משקאות בע""\מ",IL,פפסי מקס ליים 1.5 לי,ליטרים,1.50,ליטר,false,,6.90,4.6000,false,1,102729
7290000135465,false,"מי סודה 500 מ""ל - מארז 12 בקבוקים","טמפו משקאות בע""\מ",IL,סודה טמפו 500 מל מאר,ליטרים,6.00,ליטר,false,,25.90,4.3167,true,1,106880
7290000135595,false,פפסי מקס בטעם דובדבן 1.5 ללא סוכר,"טמפו משקאות בע""\מ",IL,פפסי מקס דובדבן 1.5,ליטרים,1.50,ליטר,false,,6.90,4.6000,false,1,107431
7290000135625,false,"רביעיית פחיות בירה גולדסטאר 500 מ""ל","טמפו משקות בע""\מ",IL,רביעיית פחיות גולדסט,ליטרים,2.00,ליטר,false,,29.90,14.9500,true,1,108295
7290000135632,false,"רביעיית פחיות בירה גולדסטאר לא מסונן 500 מ""ל","טמפו משקאות בע""\מ",IL,רביעיות פחיות גולדסט,ליטרים,2.00,ליטר,false,,32.90,16.4500,true,1,108294
7290000136141,false,משקה בטעם קולה 1.5ל' פפסי,"טמפו משקאות בע""\מ",IL,פפסי 1.5 ליטר,ליטרים,1.50,ליטר,false,,7.50,5.0000,false,1,142092
7290000136158,false,פפסי מקס משקה מוגז דל קלוריות בטעם קולה,"טמפו משקאות בע""\מ",IL,פפסי מקס 1.5 ליטר,ליטרים,1.50,ליטר,false,,6.90,4.6000,false,1,142093
7290000136165,false,משקה מירינדה 1.5ליטר,"טמפו משקאות בע""\מ",IL,מירינדה 1.5 ליטר,ליטרים,1.50,ליטר,false,,7.50,5.0000,false,1,142090
7290000136172,false,סבן אפ בקבוק 1.5 ליט,"טמפו משקאות בע""\מ",IL,סבן אפ 1.5 ליטר,ליטרים,1.50,ליטר,false,,7.50,5.0000,false,1,142094
7290000136189,false,סבן אף דיאט 1.5 ליטר בודד,"טמפו משקאות בע""\ם.",IL,דיאט סבן אפ 1.5 ליטר,ליטרים,1.50,ליטר,false,,7.50,5.0000,false,1,142098
7290000136240,false,סודה 1.5 ליטר שישייה בודד,"טמפו משקאות בע""\מ",IL,סודה 1.5 ליטר טמפו,ליטרים,1.50,ליטר,false,,3.30,2.2000,false,1,142086
7290000136257,false,פאנק טוניק גזוז בטעם פירות,טמפו 7.5%,IL,1.5ליטר טמפו rush&to,ליטרים,1.50,ליטר,false,,10.90,7.2667,false,1,142076
7290000136264,false,מי טוניק גזוז 1.5 ל' טמפו,"טמפו משקאות בע""\מ",IL,מי טוניק 1.5 ליטר,ליטרים,1.50,ליטר,false,,10.90,7.2667,false,1,142077
7290000136271,false,סודה בטעמים - לימון ליים 1.5 ליטר - בודד,טמפו,IL,סודה למון ליים 1.5 ל,ליטרים,1.50,ליטר,false,,4.30,2.8667,false,1,142087
7290000136288,false,"סירופ בטעם תפוחים ג'ויסר סיידר הגליל 330 מ""ל","טמפו משקאות בע""\מ",IL,סירופ בטעם תפוחים סי,מיליליטרים,330.00,"100 מ""ל",false,,13.90,0.0421,true,1,145746
7290000136295,false,"סירופ בטעם פטל ג'ויסר סיידר הגליל 330 מ""ל","טמפו משקאות בע""\מ",IL,סירופ בטעם פטל סיידר,מיליליטרים,330.00,"100 מ""ל",false,,13.90,0.0421,true,1,145747
7290000136301,false,"סירופ בטעם ענבים ג'ויסר סיידר הגליל 330 מ""ל","טמפו משקאות בע""\מ",IL,סירופ בטעם ענבים סיי,מיליליטרים,330.00,"100 מ""ל",false,,13.90,0.0421,true,1,145748
7290000136431,false,משקה בטעם אפרסק צלול תריסר 1.5 ל' ג'אמפ,"טמפו משקאות בע""\מ",IL,ג'אמפ אפרסק צלול 1.5,ליטרים,1.50,ליטר,false,,7.90,5.2667,false,1,142080
7290000136486,false,משקה בטעם אשכוליות דיאט תריסר 1.5 ל' ג'אמפ,"טמפו משקאות בע""\ם.",IL,ג'אמפ דיאט אשכוליות,ליטרים,1.50,ליטר,false,,7.90,5.2667,false,1,142082
7290000136516,false,משקה בטעם מנגו פסיפלורה תריסר 1.5 ל' ג'אמפ,טמפו משקאות בעמ,IL,ג'אמפ מנגו פסיפלורה,ליטרים,1.50,ליטר,false,,7.90,5.2667,false,1,142078
7290000136523,false,משקה בטעם ענבים תריסר 1.5 ל' ג'אמפ,"טמפו משקאות בע""\ם.",IL,ג'אמפ ענבים 1.5 ליטר,ליטרים,1.50,ליטר,false,,7.90,5.2667,false,1,142083
7290000136585,false,משקה בטעם תפוזים תריסר 1.5 ל' ג'אמפ,"טמפו משקאות בע""\ם.",IL,ג'אמפ תפוזים 1.5 לי,ליטרים,1.50,ליטר,false,,7.90,5.2667,false,1,142079
7290000136608,false,משקה בטעם תפוח צלול תריסר 1.5 ל' ג'אמפ,"טמפו משקאות בע""\ם.",IL,ג'אמפ תפוח צלול 1.5,ליטרים,1.50,ליטר,false,,7.90,5.2667,false,1,142085
7290000136646,false,בירה נשר מאלט ללא אלכוהול 1.5 ליטר,"טמפו משקאות בע""\מ",IL,נשר מאלט 1.5 ליטר,ליטרים,1.50,ליטר,false,,8.90,5.9333,false,1,142074
7290000136653,false,דיאט נשר מאלט ללא אלכוהול 1.5 ליטר,"טמפו משקאות בע""\מ",IL,דיאט נשר מאלט 1.5 לי,ליטרים,1.50,ליטר,false,,8.90,5.9333,false,1,142075
7290000136691,false,מארז שישייה סבן אפ 1.5 ל',סבן אפ 7up,IL,סבן אפ 1.5 ליטר שישי,ליטרים,9.00,ליטר,false,,43.90,4.8778,false,1,142107
7290000136776,false,שישיית פפסי מקס דל קלוריות 1.5 ליטר,פפסי Pepsi,IL,פפסי מקס 1.5 ליטר שי,ליטרים,9.00,ליטר,false,,37.90,4.2111,false,1,142110
7290000136783,false,מארז שישייה מרינדה 1.5 ל',"טמפו משקאות בע""\מ",IL,מירינדה 1.5 ליטר שיש,ליטרים,9.00,ליטר,false,,43.90,4.8778,false,1,142111
7290000136790,false,שישיית מי סודה טמפו 1.5 ליטר,"טמפו משקאות בע""\מ",IL,סודה 1.5 ליטר שישייה,ליטרים,9.00,ליטר,false,,17.90,1.9889,false,1,142101
7290000136806,false,מארז סודה רביעייה לימון ליים 1.5 ל' טמפו,טמפו משקאות בעמ,IL,סודה למון ליים 1.5 ל,ליטרים,4.00,ליטר,false,,11.90,2.9750,false,1,142102
7290000136844,false,מארז מים מזוככים אקווה נובה שישיית 2 ליטר,"טמפו משקאות בע""\מ",IL,מי נובה 2 ליטר שישי,ליטרים,12.00,ליטר,false,,11.90,0.9917,false,1,142099
7290000136868,false,סאן בנדטו - מים מינרלים - מארז שישיית 1.5 ליטר,אקווה מינרלה סאן בנדטו ב,IT,סן בנדטו 1.5 ליטר שי,ליטרים,9.00,ליטר,false,,17.90,1.9889,false,1,142100
7290000136875,false,שישיית מים מינרליים מוגזים סן בנדטו 1.5 ליטר,סאן בנדטו San Benedetto,IT,סן בנדטו מוגז 1.5 לי,ליטרים,9.00,ליטר,false,,18.90,2.1000,false,1,142106
7290000137513,false,גלידונית גלידה וניל בציפוי שוקולד 60 יח' קרמיסימו,"גלידת שטראוס בע""\מ, רחוב",IL,קרמיסימו גלידונית 60,גרמים,630.00,100 גרם,false,,49.90,0.0792,false,1,7786
7290000137643,false,שלגוני טעמקור בטעם שוקו וניל שטראוס 8*50 גרם,"גלידת שטראוס בע""\מ, רחוב",IL,מאגדת טעמקור שוקו ונ,יח',8.00,יח',false,,39.90,4.9875,true,1,7787
7290000140056,false,עוף טחון,,,עוף טחון,קילוגרמים,1.00,"ק""ג",true,,39.90,39.9000,false,1,56972
7290000140070,false,מוצרלה מגורדת,,,מוצרלה מגורדת,קילוגרמים,1.00,"ק""ג",true,,89.90,89.9000,false,1,56099
7290000143200,false,"הוואי - מרכך לשיער יבש 700 מ""ל",טרופיקל דגיל קוסמטיק,IL,מרכך הוואי יבש 700 מ,מיליליטרים,700.00,"100 מ""ל",false,,8.90,0.0127,false,1,18785
7290000143217,false,"הוואי שמפו יבש מסולסל 700 מ""ל",שוורצקוף& הנקל דיסלד,IL,שמפו הוואי יבש 700 מ,מיליליטרים,700.00,"100 מ""ל",false,,8.90,0.0127,true,1,18786
7290000143255,false,"שמפו הוואי לשיער רגיל 700 מ""ל",שוורצקוף& הנקל דיסלד,IL,שמפו הוואי רגיל 700,מיליליטרים,700.00,"100 מ""ל",false,,8.90,0.0127,false,1,18787
7290000143286,false,"מרכך הוואי לשיער רגיל 700 מ""ל",שוורצקוף& הנקל דיסלד,IL,מרכך הוואי רגיל 700,מיליליטרים,700.00,"100 מ""ל",false,,8.90,0.0127,false,1,18790
7290000143293,false,"הוואי - מרכך ילדים מתיר קשרים 700 מ""ל",טרופיקל דגיל,IL,מרכך הוואי ילדים 700,מיליליטרים,700.00,"100 מ""ל",false,,8.90,0.0127,false,1,18791
7290000144160,false,"שמן זית כתית מעולה ארומתי עץ הזית 750 מ""ל","מרקאולאו, ספרד.אבסה,",IT,שמן זית בטעם מודגש 7,יחידה,750.00,יחידה,false,,29.90,0.0399,false,1,37157
7290000144467,false,שמן חמניות מועשר בנוגדי חמצון 1 ל' עץ הזית,"נארז ע""י : א.ג. גילר",GR,שמן חמניות בריאות,ליטרים,1.00,ליטר,false,,14.90,14.9000,false,1,18674
7290000144474,false,שמן עץ הזית קנולה 1 ליטר בריאות מהטבע,שמן תעשיות בעמ,EE,שמן קנולה בריאות,ליטרים,1.00,ליטר,false,,14.90,14.9000,false,1,18675
7290000146669,false,הוואי - סבון מוצק שמיים כחולים 100 גרם רביעייה,טרופיקל דגיל קוסמטיק,IL,רבעיה ס.מ.הוואי שמיי,גרמים,400.00,100 גרם,false,,12.90,0.0323,true,1,18823
7290000146676,false,הוואי - סבון מוצק לגבר 100 גרם רביעייה,טרופיקל דגיל קוסמטיק,PL,רבעיה ס.מ.הוואי לגבר,גרמים,400.00,100 גרם,false,,12.90,0.0323,true,1,18824
7290000146683,false,הוואי - סבון מוצק אפקט דאודורנט 100 גרם רביעייה,טרופיקל דגיל קוסמטיק,PL,רבעיה ס.מ.הוואי אפקט,גרמים,400.00,100 גרם,false,,12.90,0.0323,true,1,18825
7290000148380,false,פיסטוקים קלוים קליית גת 200 גרם,"ג'י אנד ג'י בע""מ",IL,פיסטוק 200,גרמים,200.00,100 גרם,false,,21.00,0.1050,true,1,12715
7290000148489,false,"קליית גת גרעיני דלעת קלויים,200 גרם","ג'י אנד ג'י בע""מ",IL,גרעיני דלעת,גרמים,200.00,100 גרם,false,,8.50,0.0425,true,1,12716
7290000148618,false,קשיו מטוגן שקית קליית גת 200 גרם,"ג'י אנד ג'י בע""מ",IL,קאשיו 200,גרמים,200.00,100 גרם,false,,18.00,0.0900,true,1,12717
7290000148748,false,קליית גת גרעיני חמניה קלויים ומומלחים200,"ג'י אנד ג'י בע""מ",IL,גרעיני חמניה,גרמים,200.00,100 גרם,false,,6.00,0.0300,true,1,12719
7290000148939,false,שקדים קלויים קלית גת 200 ג',"ג'י אנד ג'י בע""מ",IL,שקד קלוי 200 גר,גרמים,200.00,100 גרם,false,,18.00,0.0900,true,1,12721
7290000149615,false,רביעיית סבון מוצק קלאסי לתינוק נקה 7 4*100 גרם,גליל כימיקלים בעממשו,IL,נקה 7- לתינוק רביעיה,גרמים,400.00,100 גרם,false,,11.90,0.0298,true,1,20246
7290000149844,false,סבון רב שימושי סינטבון 230 גרם,סינטבון,IL,סינטבון-חתול,גרמים,230.00,100 גרם,false,,9.00,0.0391,true,1,16736
7290000149905,false,טקסטיל נוזל לכביסה עדינה נקה 1 ליטר,מיוצר עי קונדיטוריית,IL,טקסטיל שמפו-1 ליטר נ,ליטרים,1.00,ליטר,false,,14.90,14.9000,true,1,16739
7290000150277,false,פסטרמה חזה הודו ברבי,עיצובים 2020 (4.9),,חזה הודו ברביקיו,קילוגרמים,1.00,"ק""ג",true,,74.00,74.0000,false,1,6238
7290000150468,false,פסטרמה רומנית הודו א,עיצובים 2020 (4.9),IL,פסטרמה רומנית הודו א,קילוגרמים,1.00,"ק""ג",true,,74.00,74.0000,false,1,6244
7290000150642,false,כתף בקר מעושן עוף טו,עיצובים 2020 (4.9),IL,כתף בקר מעושן,קילוגרמים,1.00,"ק""ג",true,,85.00,85.0000,false,1,6248
7290000151052,false,פסטרמה בדבש עוף-טוב,עיצובים 2020 (4.9),,פסטרמה בדבש,קילוגרמים,1.00,"ק""ג",true,,74.00,74.0000,false,1,6254
7290000152028,false,חזה הודו מעושן+פפריקה מש,עיצובים 2020 (4.9),IL,חזה הודו מעושן,קילוגרמים,1.00,"ק""ג",true,,74.00,74.0000,false,1,6266
7290000158105,false,שניצל עוף מיני דינוזאור ללא אנטיביוטיקה מ100% ר.טבעי,"מוצרי עוף טוב (2001) בע""",IL,שניצל דינוזאור 100%,יחידה,0.00,יחידה,false,,33.90,0.0000,true,1,46527
7290000161358,false,תלמה מיונז אמיתי משמן קנולה 500 גרם,יוניליוור ישראל מזון בע\,IL,מיונז אמיתי משמן קנו,גרמים,500.00,100 גרם,false,,16.50,0.0330,false,1,12227
7290000168173,false,"ברנפלקס קרנצ'ים תלמה 375 גרם בד""צ",יוניליור ישראל מזון,IL,דגני בוקר קראנצ'ים,גרמים,375.00,100 גרם,false,,19.90,0.0531,false,1,49902
7290000169538,false,"נמס בכוס עגבניות וקרוטונים מרק כשרות בד""ץ 62 ג' קנור",יוניליוור ישראל מזון בע\,IL,נמס בכוס עגבניות וקר,גרמים,62.00,100 גרם,false,,7.00,0.1129,false,1,51940
7290000169798,false,"עוגי מופחת סוכר 20% פצפוצי שוקו' 500ג' בד""צ",יוניליוור ישראל מזון בע\,IL,עוגי מופחת סוכר 500,גרמים,500.00,100 גרם,false,,19.90,0.0398,false,1,53116
7290000170053,false,"שוקולד פרה חלב 100 גרם בד""צ לל""ג","שטראוס גרופ בע""\מ.",IL,שוקולד חלב פרה 100 ג,גרמים,100.00,100 גרם,false,,6.00,0.0600,false,1,9660
7290000174723,false,שוקולית אבקה להכנת משקה שוקו 500 גרם,הנסיך- מפעל לייצור ט,IL,שוקולית 500 גרם,גרמים,500.00,100 גרם,false,,11.90,0.0238,false,1,9677
7290000176062,false,קפה טורקי בשקית 100 ג' עלית,שטראוס קפה בי.ויn\.,IL,קפה טורקי 100 גרם,גרמים,100.00,100 גרם,false,,9.40,0.0940,false,1,9684
7290000176079,false,קפה עלית טורקי עם הל 100 גרם,הנסיך- מפעל לייצור ט,IL,קפה עם הל 100 גרם,גרמים,100.00,100 גרם,false,,9.90,0.0990,true,1,9685
7290000176116,false,"קפה טורקי עלית וואקום 1 ק""ג",הנסיך- מפעל לייצור ט,IL,קפה טורקי אריזת ואקו,קילוגרמים,1.00,"ק""ג",false,,82.90,82.9000,false,1,9688
7290000176413,false,קפה נמס אבקתי 50 ג' עלית,הנסיך- מפעל לייצור ט,IL,קפה נמס 50 גרם,גרמים,50.00,100 גרם,false,,9.50,0.1900,false,1,9691
7290000176420,false,קפה נמס פחית עלית 200 גרם,שטראוס קפה בי.וי,IL,קפה נמס עלית 200 גרם,גרמים,200.00,100 גרם,false,,21.00,0.1050,false,1,9692
7290000176468,false,קפה נמס נטול קפאין 50 ג' קפה האג,"איי, בי, אינבוו",IL,קפה נמס האג נטול קפא,גרמים,50.00,100 גרם,false,,11.50,0.2300,true,1,9693
7290000176475,false,האג קפה נמס נטול קפאין עלית 200 גרם,שטראוס גרופ,VN,קפה נמס האג נטול קפא,גרמים,200.00,100 גרם,false,,35.90,0.1795,false,1,9694
7290000178707,false,תפוצ'יפס בטעם טבעי 50 גרם,"שטראוס פריטו ליי בע""\מ )",IL,תפוצ'יפס 50,גרמים,50.00,100 גרם,false,,3.90,0.0780,false,1,10142
7290000178721,false,תפוצ'יפס בטעם טבעי 200 גרם,"שטראוס פריטו ליי בע""\מ )",IL,תפוצ'יפס 200,גרמים,200.00,100 גרם,false,,10.90,0.0545,false,1,10144
7290000183589,false,לחם מחמצת מאפה הבלקן,,,לחם מחמצת מאפה הבלקן,גרמים,600.00,100 גרם,false,,17.90,0.0298,true,1,82212
7290000185224,false,סילאן בקבוק לחיץ תמר כנרת 650 גר,תמר כנרת,IL,סילאן כנרת בקבוק לחי,גרמים,650.00,100 גרם,false,,14.90,0.0229,true,1,34230
7290000185293,false,סילאן טבעי תמר כנרת 350 גרם,"חצר כנרת מוצרי תמר אגש""ח",IL,סילן טבעי 350גר,גרמים,350.00,100 גרם,false,,12.90,0.0369,true,1,37706
7290000185330,false,סילאן טבעי תמר כנרת 900 גר,טעמי הגליל,IL,סילאן טבעי חצר כנרת,גרמים,900.00,100 גרם,false,,22.90,0.0254,true,1,43829
7290000185590,false,סילאן טבעי בבקבוק לחיץ 650 גרם,"טעמי הגליל בע""\מ עבור וי",IL,סילאן טבעי בקבוק לחי,גרמים,650.00,100 גרם,false,,18.90,0.0291,true,1,106303
7290000186030,false,מארז רביעייה מגבוני בתחליב וויטמין E האגיס,קימברלי קלארק,IL,מארז מגבוני דיסני עם,יחידה,0.00,יחידה,false,,26.90,0.0000,false,1,85512
7290000186535,false,נייר טואלט תלת שכבתי לבן לילי 32 יחידות,לילי נייר טואלט חוגלה,IL,לילי טריו 32 גלילים,יחידה,0.00,יחידה,false,,45.90,0.0000,false,1,57804
7290000187921,false,נייר טואלט דו שכבתי לבן לילי 32 יחידות,לילי נייר טואלט חוגלה,IL,נייר טואלט לילי לבן,גרמים,1969.00,100 גרם,false,,38.90,0.0198,false,1,28019
7290000187938,false,לילי - נייר טואולט נייר טואלט פסטל 32 יח',לילי נייר טואלט חוגלה,IL,נייר טואלט לילי פסטל,יחידה,0.00,יחידה,false,,39.90,0.0000,false,1,28017
7290000187952,false,נייר טואלט תלת שכבתי ורוד לילי 32 יחידות,לילי נייר טואלט חוגלה,IL,נייר טואלט לילי טריו,גרמים,1788.00,100 גרם,false,,45.90,0.0257,false,1,28018
7290000188270,false,ממחטות אף אולטרה סופט קלינקס 2*80 יחידות,חוגלה קימברלי,IL,זוג טישו עם לחות- קל,גרמים,390.00,100 גרם,false,,18.90,0.0485,false,1,13433
7290000188553,false,קוטקס מגן תחתון יאנג ביג 60 יחידות,קימברלי קלארק,CN,מגן תחתון קוטקס נורמ,יחידה,0.00,יחידה,false,,17.90,0.0000,true,1,39213
7290000188591,false,קוטקס מגן תחתון יאנג ביג 60 יחידות,קימברלי קלארק,CN,מגן תחתון קוטקס יאנג,יחידה,0.00,יחידה,false,,17.90,0.0000,true,1,39214
7290000189079,false,"ניקול תבניות אינגליש חזקות ועבות מארז, 7 יח'",ניקול,CN,תבניות עגולות ניקול,יחידה,0.00,יחידה,false,,10.90,0.0000,true,1,74094
7290000189116,false,תבניות עגולות עבות במיוחד 5 יחידות ניקול,ניקול,CN,תבניות חד פעמי ניקול,יחידה,0.00,יחידה,false,,10.90,0.0000,true,1,74095
7290000189192,false,סופר מטלית מטליות נייר רב פעמיות ניקול 64 יחידות,קימברלי קולומביה,IL,מטלית חכמה יומית - נ,יחידה,0.00,יחידה,false,,18.90,0.0000,true,1,13435
7290000189260,false,תבניות מלבניות עבות וחזקות ניקול 5 יחידות,ניקול,CN,תבניות מלבניות ניקול,יחידה,0.00,יחידה,false,,10.90,0.0000,true,1,74097
7290000189277,false,תבניות מלבניות עבות וחזקות ניקול 3 יחידות,ניקול,CN,תבניות מלבניות גדולו,יחידה,0.00,יחידה,false,,10.90,0.0000,true,1,74098
7290000189482,false,תבניות אפיה מרובעות מקרטון ניקול 4 יחידות,"דוקארט בעמ, קיבוץ כפ",IL,תבנית אפיה מקרטון מר,יחידה,0.00,יחידה,false,,10.90,0.0000,true,1,35675
7290000189499,false,תבניות אפיה עגולות מקרטון ניקול 3 יחידות,"דוקארט בעמ, קיבוץ כפ",IL,תבנית אפייה מקרטון ע,יחידה,0.00,יחידה,false,,10.90,0.0000,true,1,35802
7290000189505,false,ניקול תבנית אפייה מקרטון אינגליש קייק ניקול 5 יחידות,"דוקארט בעמ, קיבוץ כפ",IL,תבנית אפיה מקרטון אי,יחידה,0.00,יחידה,false,,10.90,0.0000,true,1,35676
7290000189550,false,"שקיות אשפה ענקיות עם שרוך 78 * 90 ס""מ ניקול 2 * 10 יחידות",חוגלה קימברלי,IL,זוג שקיות אשפתון,יחידה,0.00,יחידה,false,,22.90,0.0000,false,1,13440
7290000189598,false,מטליות לחות חד פעמיות לניקוי כללי 50 יח' ניקול,עלבד משואות יצחק בעמ,IL,ניקול מטליות לחות,יחידה,0.00,יחידה,false,,10.90,0.0000,false,1,31842
7290000189659,false,מטליות לחות לרצפה ניקול 10 יח'-מרכז,עלבד משואות יצחק בעמ,IL,מטליות לחות רצפה ניק,יחידה,0.00,יחידה,false,,10.90,0.0000,false,1,34654
7290000189734,false,מטליות לחות לניקוי פרקט ניקול 10 יחידות,עלבד משואות יצחק בעמ,IL,מטליות לחות לפרקט,יחידה,0.00,יחידה,false,,10.90,0.0000,true,1,40155
7290000189871,false,"שקיות אשפה עם שרוך 52 * 65 ס""מ ניקול 55 שקיות",חוגלה קימברלי,IL,אשפתון 60 שקיות מתכל,יחידה,0.00,יחידה,false,,22.90,0.0000,false,1,30606
7290000190068,false,מפיות אירוח לבן 100 יחי' ניקול,חוגלה קימברלי,IL,מפיות ניקול- 100 יח',יחידה,0.00,יחידה,false,,6.90,0.0000,false,1,13442
7290000190150,false,מפיות מודפסות תלת שכבתיות ניקול 20 יחידות,חוגלה קימברלי,SI,מפיות מעוטרות ניקול-,גרמים,102.00,100 גרם,false,,6.90,0.0676,true,1,13444
7290000190198,false,מטליות לחות לניקוי וחיטוי 99.9% ניקול 50 יחידה,עלבד משואות יצחק בעמ,IL,מטלית לניקוי שירותים,יחידה,0.00,יחידה,false,,10.90,0.0000,false,1,53730
7290000190716,false,שקדים פרוסים,,,שקדים פרוסים,קילוגרמים,1.00,"ק""ג",true,,72.00,72.0000,true,1,22998
7290000191225,false,חיתולים ליטל בייביז מידה 2 האגיס 46 יחידות,קימברלי קלארק שיווק,IL,האגיס שלב 2,יחידה,0.00,יחידה,false,,37.90,0.0000,false,1,77076
7290000191539,false,חמישיית ממחטות טישו צבועני לילי 100 יחידות,חוגלה קימברלי,IL,מגבוני לילי צבעוני ח,גרמים,593.00,100 גרם,false,,13.90,0.0234,true,1,13455
7290000191645,false,"חיתולים האגיס ליטל בייביס ניו בורן שלב 1 עד 4 ק""ג",קימברלי קלארק ארהב,US,האגיס ניו -בורן חדש,יחידה,0.00,יחידה,false,,33.90,0.0000,false,1,48915
7290000191652,false,שלישיית ממחטות אולטרה סופט קלינקס 90 יחידות,חוגלה קימברלי,IL,מארז קלינקס שלישיה,יחידה,0.00,יחידה,false,,11.90,0.0000,false,1,25191
7290000191966,false,נייר טואלט לילי לח נטורל קר 48 דפים,עלבד משואות יצחק בעמ,IL,נ.ט לילי לח סנסטיב,יחידה,0.00,יחידה,false,,8.90,0.0000,true,1,41503
7290000192581,false,מגבת נייר גליל כפול ניקול 12=6 גליל,קימברלי-קלארק,IL,שישיה נייר מגבת ניקו,יחידה,0.00,יחידה,false,,21.90,0.0000,false,1,86933
7290000193076,false,"שלישיית מטליות לריצפה ""ניקול""",עופרטקס,IL,מטליות בד לריצפה מאר,יחידה,0.00,יחידה,false,,10.90,0.0000,true,1,57318
7290000193083,false,נובה-לי תחבושות היגייניות לילי 28 יחידות,חוגלה קימברלי,CZ,נובה לי 28,יחידה,0.00,יחידה,false,,10.60,0.0000,true,1,26286
7290000193205,false,תחבושות עם כנפיים ללילה נטורל לילי 20 יחידות,חוגלה קימברלי,BE,לילי נטורל לילה,יחידה,0.00,יחידה,false,,12.90,0.0000,true,1,19112
7290000193472,false,מגן תחתון נטורל נורמל לילי 60 יחידות,חוגלה קימברלי,ES,פדיות לילי אינטר,יחידה,0.00,יחידה,false,,12.90,0.0000,true,1,13464
7290000193649,false,תחבושות עם כנפיים נורמל פלוס לילי 24 יחידות,חוגלה קימברלי,ES,זוג תחבושות לילי,יחידה,0.00,יחידה,false,,12.90,0.0000,true,1,13467
7290000193656,false,תחבושות עם כנפיים סופר פלוס לילי 24 יחידות,חוגלה קימברלי,ES,זוג תחבושות לילי,יחידה,0.00,יחידה,false,,12.90,0.0000,true,1,13468
7290000193793,false,לילי תחבושות אינטימי נורמל אולט' 24 יח',חוגלה קימברלי,ES,תחבושות אולטרה נ,יחידה,0.00,יחידה,false,,12.90,0.0000,false,1,13470
7290000194837,false,ניקול - שקיות מזון + ידיות קשירה אקסטרה לארג' 200 יח',ניקול,CN,ניקול שקיות מזון XL,יחידה,0.00,יחידה,false,,11.90,0.0000,true,1,56416
7290000195032,false,שקמה מכנסון גזרתי סופר נייט L,חוגלה קימברלי,IL,מכנסון סופג L אובר נ,יחידה,0.00,יחידה,false,,49.90,0.0000,false,1,98589
7290000195216,false,נייר אפייה בשקית ניקול 50 יח',ניקול,IL,נייר אפיה נישלף,יחידה,0.00,יחידה,false,,10.90,0.0000,false,1,56429
7290000195537,false,האגיס - מגבוני האגיס דיילי קר לא מבושם 64 יח' * 4,חוגלה קימברלי,IL,מגבונים האגיס,יחידה,0.00,יחידה,false,,19.90,0.0000,false,1,13508
7290000195773,false,האגיס - מגבוני האגיס סנסטיב קר לא מבושם 64 יח' * 4,חוגלה קימברלי,IL,האגיס נטורל מילוי רב,יחידה,0.00,יחידה,false,,19.90,0.0000,false,1,13515
7290000196039,false,"מפות שולחן איריס ח""פ ניקול 2 יח'",חוגלה קימברלי,IL,זוג מפות ניקול,גרמים,250.00,100 גרם,false,,10.90,0.0436,true,1,13516
7290000196343,false,מפת שולחן מהודרת ניקול 1 יחידה,חוגלה קימברלי,IL,מפת שולחן מהודרת,יחידה,0.00,יחידה,false,,10.90,0.0000,true,1,13519
7290000196763,false,"שקיות אשפה חזקות במיוחד עם שרוך 52 * 65 ס""מ ניקול 40 יחידות",חוגלה קימברלי,IL,אשפתון ניקול השקית ה,יחידה,0.00,יחידה,false,,21.00,0.0000,true,1,41245
7290000197012,false,שקיות ריצ'רץ' אחסון למזון ניקול 15 יחידות,חוגלה קימברלי,CN,שקיות ריץ רץ לאיחסון,יחידה,0.00,יחידה,false,,16.00,0.0000,true,1,19885
7290000197029,false,שקיות ריצ'רץ' רב תכליתיות ניקול 12 יחידות,קריות זול,IL,שקיות ריצ רצ לאיחסון,יחידה,0.00,יחידה,false,,16.00,0.0000,true,1,19895
7290000197081,false,ניקול ניילון נצמד 150 מטר+מתקן לחיתוך קל,חוגלה קימברלי,IL,ניילון נצמד- 150 מטר,יחידה,0.00,יחידה,false,,27.90,0.0000,true,1,13520
7290000197326,false,רדיד אלומניום ניקול זוגי 30X7.5מ',חוגלה קימברלי,IL,זוג נייר כסף קטן- עו,יחידה,0.00,יחידה,false,,11.90,0.0000,false,1,13524
7290000197340,false,"רדיד אלומניום ארוך 45 ס""מ רוחב ניקול 7.5 מטר",חוגלה קימברלי,IL,זוג רדיד אלומיניום א,יחידה,0.00,יחידה,false,,16.90,0.0000,true,1,13525
7290000197425,false,חיתולים פרידום דריי שלב 3 האגיס 52 יחידות,קימברלי קלארק ישראל,IL,האגיס פרידום דריי של,יחידה,0.00,יחידה,false,,41.90,0.0000,false,1,59367
7290000197432,false,שקיות אוכל סנדביצ'ון ניקול מארז 150X2יח',אשלפסט תעשיות בעמ,IL,סנדוויצון זוג- 300 י,יחידה,0.00,יחידה,false,,13.90,0.0000,true,1,13527
7290000197456,false,חיתולים פרידום דריי שלב 4 האגיס 44 יחידות,קימברלי קלארק ישראל,IL,האגיס פרידום שלב 4,יחידה,0.00,יחידה,false,,41.90,0.0000,false,1,73391
7290000197463,false,חיתולים פרידום דריי שלב +4 האגיס 40 יחידות,קימברלי קלארק ישראל,IL,האגיס פרידום דריי של,יחידה,0.00,יחידה,false,,41.90,0.0000,false,1,59368
7290000197548,false,חיתולים פרידום דריי שלב 5 האגיס 36 יחידות,קימברלי קלארק ישראל,IL,האגיס פרידום דריי של,יחידה,0.00,יחידה,false,,41.90,0.0000,false,1,59369
7290000197654,false,ניקול אשפתון שקיות אשפה ענקיות 45 יח',"אשפלסט תעשיות בע""מ",IL,שקיות אשפה ניקול בגו,יחידה,0.00,יחידה,false,,22.90,0.0000,false,1,13534
7290000197678,false,חיתולי האגיס פרידום דריי שלב 6 30 יחידות,קימברלי קלארק ישראל,IL,האגיס פרידום פלוס של,יחידה,0.00,יחידה,false,,41.90,0.0000,false,1,59370
7290000197753,false,ניילון נצמד אנטי בטקריאלי ניקול 30X2מ',חוגלה קימברלי,CN,זוג ניילון נצמד,יחידה,0.00,יחידה,false,,11.90,0.0000,false,1,13538
7290000197876,false,תבניות אלומיניום קטנות עם מכסה ניקול 4 יחידות,חוגלה קימברלי,CN,מגשית אלומיניום עם מ,יחידה,0.00,יחידה,false,,8.90,0.0000,true,1,13542
7290000197883,false,תבנית אלומיניום 100 גדולה ניקול 4 יחידות,חוגלה קימברלי,CN,מגשית אלומיניום גדול,יחידה,0.00,יחידה,false,,9.90,0.0000,true,1,13543
7290000197951,false,תבניות אלומיניום ענקיות ניקול 3 יחידות,חוגלה קימברלי,CN,מגש אלומיניום ענק 3,יחידה,0.00,יחידה,false,,9.90,0.0000,true,1,13544
7290000197982,false,רדיד אלומיניום עבה 45 ניקול 7.5 מ' זוגי,ניקול,IL,זוג רדיד אלומיניום ע,יחידה,0.00,יחידה,false,,22.90,0.0000,true,1,13545
7290000197999,false,רדיד אלומיניום עבה ניקול זוגי 30X7.5מ',קריות זול,IL,זוג רדיד אלומיניום ע,יחידה,0.00,יחידה,false,,17.90,0.0000,true,1,13546
7290000199313,false,קוטקס יאנג תחבושות עם כנפיים נורמל חדש30,חוגלה קימברלי,CZ,תחבושות קוטקס יאנג 2,יחידה,0.00,יחידה,false,,17.90,0.0000,true,1,24282
7290000201795,false,"האגיס מגבונים לתינוק מבושם מארז, שלישיה * 64 יח'",חוגלה קימברלי,IL,מגבוני האגיס שלישיה,יחידה,0.00,יחידה,false,,15.90,0.0000,false,1,58456
7290000201856,false,טיטולים פרימיום שלב4+ 38 יחידות .,חוגלה קימברלי,IL,טיטולים פרימיום שלב,יחידה,0.00,יחידה,false,,32.90,0.0000,false,1,75439
7290000201863,false,טיטולים פרימיום שלב 5 34 יחידות,חוגלה קימברלי,IL,טיטולים פרימיום שלב,יחידה,0.00,יחידה,false,,32.90,0.0000,false,1,75440
7290000201870,false,טיטולים פרימיום שלב 6 30 יחידות,חוגלה קימברלי,IL,טיטולים פרימיום שלב,יחידה,0.00,יחידה,false,,32.90,0.0000,false,1,75441
7290000204086,false,ניקול כרית קרצוף מארז שלישייה,חוגלה קימברלי,US,כרית קרצוף ניקול,יחידה,0.00,יחידה,false,,10.90,0.0000,false,1,13553
7290000204147,false,רביעיית כרית יפנית עבה ניקול 4 יחידות,פלסטו פוליש (ברקן),IL,כרית יפנית רביעיה,יחידה,0.00,יחידה,false,,10.90,0.0000,false,1,19886
7290000204215,false,שישיית כרית יפנית ניקול 6 יחידות,פלסטו פוליש (ברקן),IL,כרית יפנית שישייה ני,יחידה,0.00,יחידה,false,,10.90,0.0000,false,1,13554
7290000204253,false,מטליות רב שימושיות לניקיון ניקול 9 יחידות,נועם אורים-קיבוץ אור,IL,מטליות ניקול תשי,יחידה,0.00,יחידה,false,,10.90,0.0000,false,1,13556
7290000204512,false,מטליות לחות לניקוי רצפה בריח לימון ניקול 10 יחידות,עלבד משואות יצחק בעמ,IL,מטליות לחות לריצפה ב,יחידה,0.00,יחידה,false,,10.90,0.0000,true,1,84870
7290000204611,false,שישיית ספוגית הקסם ניקול 6 יחידות,חוגלה קימברלי,US,ניקול ספוגית,יחידה,0.00,יחידה,false,,10.90,0.0000,false,1,13560
7290000205762,false,חיתולי האגיס אקסטרה קר מידה 3 48 יחידות,חוגלה קימברלי,IL,האגיס אקסטרה קייר מי,יחידה,0.00,יחידה,false,,49.90,0.0000,false,1,79033
7290000205915,false,חיתולי האגיס אקסטרה קייר מידה 4 40 יחידות,חוגלה קימברלי,IL,האגיס אקסטרה קייר מי,יחידה,0.00,יחידה,false,,49.90,0.0000,false,1,79034
7290000207063,false,רסק עגבניות פריכוז 28% 240 גרם יכין,היינץ צפון אמריקה מק,IL,פריכוז יכין 240 גר',גרמים,240.00,100 גרם,false,,5.50,0.0229,true,1,35428
7290000207162,false,רוטב עגבניות מרכיב טבעי 100 ג' יכין,"זנלכל בע""\מ",IL,רוטב עגבניות יכין 10,גרמים,100.00,100 גרם,false,,2.50,0.0250,false,1,18149
7290000207438,false,עגבניות 2.5 A קוביות 850 גרם יכין,"זנלכל בע""\מ",IL,קוביות עגבניות 800 ג,גרמים,800.00,100 גרם,false,,8.90,0.0111,true,1,34288
7290000208008,false,רסק פלפל חריף חריסה A2 יכין 550 ג',"זנלכל בע""\מ",IL,חריסה רסק פלפל חריף,גרמים,600.00,100 גרם,false,,8.90,0.0148,true,1,18151
7290000208022,false,עגבניות מרוסקות פריכוז 800 ג' יכין,"זנלכל בע""\מ",IL,עגבניות מרוסקות 800,גרמים,800.00,100 גרם,false,,8.90,0.0111,true,1,23412
7290000208077,false,אפונת גינה רגילה 550 גרם יכין,"זנלכל בע""\מ",IL,אפונת גינה בינוני 55,גרמים,550.00,100 גרם,false,,8.50,0.0155,true,1,18153
7290000208091,false,אפונה קטנה עדינה יכין 550 גרם,"זנלכל בע""\מ",IL,אפונה קטנה 2A יכ,גרמים,600.00,100 גרם,false,,8.90,0.0148,true,1,18155
7290000208114,false,"אפונה וגזר יכין A2 פ""ק בית יוסף","זנלכל בע""\מ",IL,אפונה וגזר 550 גרם,גרמים,550.00,100 גרם,false,,8.50,0.0155,true,1,18156
7290000208138,false,סירופ דיאט בטעם ענבים יכין 1 ליטר,"זנלכל בע""\מ",IL,סירופ דיאט ענבים,ליטרים,1.00,ליטר,false,,16.90,16.9000,true,1,18158
7290000208145,false,גרעיני תירס מתוק לייט 550 גרם יכין,"זנלכל בע""\מ",IL,תירס לייט 550 גרם,גרמים,550.00,100 גרם,false,,8.90,0.0162,true,1,18159
7290000208213,false,שעועית לבנה אפויה A2 ברוטב עגבניות יכין 560ג',היינץ צפון אמריקה מק,IL,שעועית אפויה לבנה בר,גרמים,580.00,100 גרם,false,,8.50,0.0147,true,1,18162
7290000208220,false,"שעועית צ'לי יכין פ""ק A2 בית יוסף",היינץ צפון אמריקה מק,IL,שעועית צ'ילי מקסיקני,גרמים,550.00,100 גרם,false,,8.90,0.0162,true,1,18163
7290000208244,false,"בסיס לשקשוקה יכין A2 פ""ק בית יוסף","זנלכל בע""מ",IL,בסיס עגבניות לשקשוקה,גרמים,570.00,100 גרם,false,,8.90,0.0156,true,1,18164
7290000208251,false,שעועית ירוקה חתוכה יכין 550 גרם,"זנלכל בע""מ",IL,שעועית ירוקה חתוכה,גרמים,550.00,100 גרם,false,,8.90,0.0162,true,1,18165
7290000208268,false,שעועית צהובה א-2. יכין 550 ג',"זנלכל בע""מ",IL,שעועית צהובה חתוכה,גרמים,550.00,100 גרם,false,,8.90,0.0162,true,1,18166
7290000208312,false,גרעיני תירס מתוק בואקום יכין 400 גר',"זנלכל בע""\מ",IL,תירס בואקום,גרמים,325.00,100 גרם,false,,6.50,0.0200,false,1,18167
7290000208329,false,גרעיני תירס מתוק 550 גרם יכין,"זנלכל בע""\מ",IL,תירס מתוק 550 גרם,גרמים,550.00,100 גרם,false,,8.50,0.0155,false,1,18168
7290000208336,false,רסק יכין 240גר 22% יכין בית יוסף,"זנלכל בע""\מ",IL,רוטב עגבניות 240 גר',גרמים,240.00,100 גרם,false,,4.50,0.0188,false,1,24445
7290000208343,false,עגבניות מרוסקות שום יכין A2.5 בית יוסף,היינץ צפון אמריקה מק,IL,עגבניות מרוסקות שום,יחידה,0.00,יחידה,false,,8.90,0.0000,true,1,54387
7290000208350,false,עגבניות מרוסקות בצל 850 גר יכין A 2.5,זנלכל,IL,עגבניות מרוסקות+בצל,גרמים,800.00,100 גרם,false,,8.90,0.0111,true,1,55881
7290000208367,false,עגבניות מרוסקות בתוספת בזיליקום 800 ג' יכין,זנלכל,IL,עגבניות מרוסקות בזיל,יחידה,0.00,יחידה,false,,8.90,0.0000,true,1,50042
7290000208404,false,A2 פול מצרי 550 גרם יכין,"זנלכל בע""\מ",IL,פול מצרי 600 גרם,גרמים,600.00,100 גרם,false,,7.90,0.0132,true,1,18169
7290000208428,false,גרגרי חומוס שלם 550 גרם יכין,"זנלכל בע""\מ",IL,חומוס גרעינים 550 גר,גרמים,550.00,100 גרם,false,,8.50,0.0155,true,1,18170
7290000208480,false,גרעיני תירס מתוק בטעם חמאה 550 גרם יכין,"זנלכל בע""\מ",IL,תירס בטעם חמאה,גרמים,550.00,100 גרם,false,,8.90,0.0162,true,1,18173
7290000208534,false,גרעיני תירס מתוק לילדים 550 גרם יכין,"זנלכל בע""\מ",IL,תירס קיד 550 גרם,גרמים,550.00,100 גרם,false,,8.90,0.0162,true,1,18174
7290000208800,false,גרעיני תירס מתוק לילדים 400 גרם יכין,זנלכל,IL,תירס קיד יכין מתוק,גרמים,550.00,100 גרם,false,,6.50,0.0118,true,1,56634
7290000208855,false,רוטב לפסטה קלאסי 240 גרם יכין,"זנלכל בע""\מ",IL,רוטב עגבניות לפסטה 2,גרמים,240.00,100 גרם,false,,4.90,0.0204,true,1,24309
7290000208893,false,גרעיני תירס מתוק לייט 400 גרם יכין,היינץ צפון אמריקה מק,IL,תירס לייט,גרמים,340.00,100 גרם,false,,6.50,0.0191,true,1,37631
7290000208930,false,עגבניות מרוסקות בתוספת שום 240 גרם יכין,"זנלכל בע""מ",IL,עגבניות מרוסקות עם ש,גרמים,260.00,100 גרם,false,,4.90,0.0188,true,1,24308
7290000208947,false,עגבניות מרוסקות יכין 260 גרם,היינץ צפון אמריקה מק,IL,עגבניות מרוסקות 260,גרמים,260.00,100 גרם,false,,4.90,0.0188,true,1,23434
7290000208978,false,רוטב עגבניות פריכוז יכין 100 גרם,היינץ צפון אמריקה מק,IL,פריכוז 100 גר',גרמים,100.00,100 גרם,false,,2.90,0.0290,true,1,55882
7290000209012,false,חומץ 1ליטר יכין הדרים,"זנלכל בע""\מ",IL,חומץ הדרים 5%,ליטרים,1.00,ליטר,false,,6.90,6.9000,true,1,18178
7290000209043,false,מיץ לימון לתיבול יכין 1 ליטר,היינץ צפון אמריקה מק,IL,רוטב לימון 1 ליטר יכ,ליטרים,1.00,ליטר,false,,6.90,6.9000,true,1,18179
7290000209173,false,חומצה אצטית למזון 5% יכין 1 ליטר,"זנלכל בע""\מ",IL,חומץ סינטטי,ליטרים,1.00,ליטר,false,,4.90,4.9000,true,1,18180
7290000209371,false,תירס מתוק יכין 200 גרם מארז 3 יח',היינץ צפון אמריקה מק,IL,שלישיה תירס יכין 3*1,גרמים,420.00,100 גרם,false,,13.90,0.0331,false,1,76630
7290000209388,false,תירס מתוק לייט יכין 200 גרם מארז 3 יח',"זנלכל בע""\מ",IL,שלישיות תירס לייט יכ,גרמים,165.00,100 גרם,false,,13.90,0.0842,true,1,79542
7290000209555,false,סירופ דיאט בטעם תפוחים יכין 1 ליטר,"זנלכל בע""\מ",IL,"סירופ ת""ע דיאט",ליטרים,1.00,ליטר,false,,16.90,16.9000,true,1,18195
7290000209579,false,סירופ דיאט בטעם אננס יכין 1 ליטר,"זנלכל בע""\מ",IL,סירופ אננס דיאט,ליטרים,1.00,ליטר,false,,16.90,16.9000,true,1,18197
7290000209708,false,עגבניות מרוסקות עם בזיליקום יכין 240 גרם,היינץ צפון אמריקה מק,IL,עגבניות מרוסקות עם ב,גרמים,260.00,100 גרם,false,,4.90,0.0188,true,1,24236
7290000209722,false,רסק עגבניות 28% פריכוז 580 גרם יכין,"זנלכל בע""\מ",IL,רסק עגבניות פריכוז,גרמים,580.00,100 גרם,false,,9.90,0.0171,true,1,18199
7290000209906,false,עגבניות מרוסקות בתוספת בצל 240 גרם יכין,זנלכל,IL,עגבניות מרוסקות עם ב,גרמים,260.00,100 גרם,false,,4.90,0.0188,true,1,31828
7290000209913,false,עגבניות חתוכות לקוביות 240 גרם יכין,"זנלכל בע""\מ",IL,עגבניות קוביות 260 ג,גרמים,260.00,100 גרם,false,,4.90,0.0188,true,1,29485
7290000209944,false,רוטב לעגבניות בסיס לשקשוקה 240 ג' יכין,"זנלכל בע""\מ",IL,רוטב עגבניות לשקשוקה,גרמים,260.00,100 גרם,false,,4.90,0.0188,true,1,28199
7290000209951,false,רוטב עגבניות לפיצה 260 גרם יכין,"זנלכל בע""\מ",IL,רוטב עגבניות לפיצה 2,גרמים,260.00,100 גרם,false,,4.90,0.0188,true,1,31360
7290000209968,false,רוטב עגבניות ללזניה יכין 240 גרם,"זנלכל בע""\מ",IL,רוטב עגבניות ללזניה,גרמים,260.00,100 גרם,false,,4.90,0.0188,true,1,28919
7290000210469,false,עגבניות שלמות יכין A2.5 בית יוסף,זנלכל,IL,עגבניות שלמות מקולפו,גרמים,800.00,100 גרם,false,,8.90,0.0111,true,1,36494
7290000210896,false,רוטב לפסטה בולונז 240 גרם יכין,"זנלכל בע""מ",IL,רוטב בולונז לפסטה 24,גרמים,240.00,100 גרם,false,,4.90,0.0204,true,1,39022
7290000211138,false,סיימן גבינת עיזים הו,,,גבינת עיזים הולנדית,קילוגרמים,1.00,"ק""ג",true,,145.00,145.0000,true,1,57520
7290000211169,false,"אורז תאילנדי אחד אחד סוגת 1 ק""ג",האי נאם סי או אל.טי.,IL,אורז תאילנדי 1 קג,יחידה,1.00,יחידה,false,,6.90,6.9000,false,1,9589
7290000211312,false,סוגת אורז מלא פרסי אחד אחד 1 קג,האי נאם סי או אל.טי.,IL,אורז מלא,יחידה,1.00,יחידה,false,,9.90,9.9000,true,1,9591
7290000211374,false,"קמח חיטה מלא סוגת 1 ק""ג",טחנת קמח דגן-שטיבל,IL,קמח מלא 1קג,יחידה,1.00,יחידה,false,,6.90,6.9000,false,1,9592
7290000211381,false,"סוכר חום כהה בשקית סוגת 1 ק""ג",טונגאט היולט שוגר בע,ZA,סוכר חום,יחידה,1.00,יחידה,false,,14.90,14.9000,false,1,9593
7290000211442,false,"סוגת אורז פרסי קלאסי שקית 1 ק""ג",האי נאם סי או אל.טי.,IL,אורז פרסי,יחידה,1.00,יחידה,false,,10.90,10.9000,false,1,9595
7290000211503,false,סוכר לבן ארוז בשקית,"סוגת תעשיות בע""\מ",IL,סוכר סוגת,יחידה,1.00,יחידה,false,,3.90,3.9000,false,1,9596
7290000211626,false,"סוגת אורז חיש 1 ק""ג","סוגת תעשיות בע""\מ",IL,אורז חיש 1 קג,יחידה,1.00,יחידה,false,,10.90,10.9000,true,1,9598
7290000211985,false,"סוגת אורז עגול ריזוטו 1 ק""ג","סוגת תעשיות בע""\מ",IL,אורז עגול 1 קג,יחידה,1.00,יחידה,false,,12.90,12.9000,true,1,9600
7290000212173,false,וופל טעם שוקולד מנעמים 500 ג',קריות זול,,וופל מנעמים,גרמים,500.00,100 גרם,false,,8.90,0.0178,false,1,8865
7290000212401,false,וופלים מצופית מנעמים 400 גרם,"מנעמים תעשיות מזון בע""\מ",IL,מנעמים מצופית,גרמים,400.00,100 גרם,false,,8.90,0.0223,false,1,8866
7290000212579,false,וופלים מצופים מנעמים 800 גרם מארז 40 יחידות,מנעמים תעשיות מזון,IL,וופלים 40יח מצופה,גרמים,800.00,100 גרם,false,,16.90,0.0211,true,1,8867
7290000212975,false,"ופל שוקו מנעמים 1 ק""",מנעמים,,וופל 1 קג שוקולד,יחידה,1.00,יחידה,false,,16.90,16.9000,true,1,25799
7290000214115,false,מרק עוף בצנצנת ויטה 400 גרם,"פרי הגליל בע""""מ",IL,מרק עוף צנצ 400',גרמים,400.00,100 גרם,false,,12.90,0.0323,true,1,10323
7290000230145,false,חלה מתוקה קלועה,בונז'ור,,חלה מתוקה קלועה,יחידה,0.00,יחידה,false,,12.90,0.0000,true,1,25292
7290000238029,false,"בצק עלים צרפתי מרודד מעדנות 1 ק""ג",מיוצר עי קונדיטוריית,IL,בצק עלים צרפתי מרודד,קילוגרמים,1.00,"ק""ג",false,,19.90,19.9000,false,1,9080
7290000238036,false,מלאווח בקופסא מעדנות 700 גרם,מיוצר עי קונדיטוריית,IL,מלווח,גרמים,700.00,100 גרם,false,,16.90,0.0241,false,1,9081
7290000238173,false,בורקס גבינה מעדנות 800 גרם,מיוצר עי קונדיטוריית,IL,בורקס גבינה,גרמים,800.00,100 גרם,false,,22.90,0.0286,false,1,9082
7290000238180,false,בורקס תפוחי אדמה מעדנות 800 גרם,מיוצר עי קונדיטוריית,IL,"בורקס תפו""א מעדנות",גרמים,800.00,100 גרם,false,,19.90,0.0249,false,1,9083
7290000244761,false,"קרם ידיים ולווטה 100 מ""ל",טרופיקל דגיל קוסמטיק,IL,קרם ולוטה 80 גר',מיליליטרים,100.00,"100 מ""ל",false,,7.90,0.0790,true,1,18856
7290000245089,false,סוד סופט מרכך כביסה סגול 4 ליטר,"הנקל סוד בע""מ",IL,מ.כביסה סוד סגול 4 ל,ליטרים,4.00,ליטר,false,,18.90,4.7250,false,1,18862
7290000245157,false,סוד סופט מרכך כביסה סנסיישן 4 ליטר,"הנקל סוד בע""\מ",IL,מרכך כביסה סוד לבן ס,ליטרים,4.00,ליטר,false,,18.90,4.7250,false,1,18868
7290000245270,false,"פרסיל אבקה לכביסה רגיל שקית 1.25 ק""ג","הנקל סוד בע""מ",IL,פרסיל Active Soda שק,קילוגרמים,1.25,"ק""ג",false,,15.90,12.7200,false,1,18870
7290000245508,false,"אב.כביסה סוד פרפקט 1.25ק""ג-שקית כחולה","הנקל סוד בע""\מ",IL,א.כ. סוד פרפקט שקית,קילוגרמים,1.25,"ק""ג",false,,12.90,10.3200,false,1,18877
7290000245782,false,סוד סופט מרכך כביסה ורוד 4 ליטר,"הנקל סוד בע""\מ",IL,מ.כביסה סוד ורוד 4 ל,ליטרים,4.00,ליטר,false,,18.90,4.7250,false,1,18889
7290000245799,false,סוד סופט מרכך כביסה כחול 4 ליטר,"הנקל סוד בע""\מ",IL,מ.כביסה סוד כחול 4 ל,ליטרים,4.00,ליטר,false,,18.90,4.7250,false,1,18890
7290000253220,false,שוקולד צ'יפס חום אופנהיימר 260 גר',אופנהיימר,IL,שוקולד ציפס,גרמים,260.00,100 גרם,false,,11.90,0.0458,true,1,10825
7290000253251,false,שוקולד צ'יפס לבן אופנהיימר 250 גרם,אופנהיימר,IL,שוקולד צי'פס אופנהיי,גרמים,250.00,100 גרם,false,,11.90,0.0476,true,1,9439
7290000253374,false,מיני שוקולד צ'יפס 250 גרם- 66% מוצקי קקאו,אופנהיימר,IL,מיני שוקולד צ'יפס 25,גרמים,250.00,100 גרם,false,,14.90,0.0596,true,1,107225
7290000253459,false,נטיפי צ'יפס בטעם קרמל אופנהיימר 250 גרם,אופנהיימר,IL,נטיפי צ'יפס בטעם קרמ,גרמים,250.00,100 גרם,false,,11.90,0.0476,true,1,102985
7290000254197,false,קפה אספרסו זהב עלית 200 גרם,קריות זול,IL,אספרסטו זהב 200 גרם,גרמים,200.00,100 גרם,false,,24.90,0.1245,true,1,9712
7290000260679,false,כתף עגל מעושן הוד מע,,,כתף עגל מעושן הוד מע,קילוגרמים,1.00,"ק""ג",true,,99.90,99.9000,false,1,21107
7290000262161,false,נייר טואלט לב אדום 40 גלילים מולט,מולט / שמורת טבע,IL,נייר טואלט מולט 40 ל,גרמים,3160.00,100 גרם,false,,36.90,0.0117,false,1,13566
7290000262413,false,חיתולי האגיס אקסטרה קייר מידה 5 34 יחידות,חוגלה קימברלי,IL,האגיס אקסטרה קייר מי,יחידה,0.00,יחידה,false,,49.90,0.0000,false,1,79044
7290000263199,false,אווז מעושן הוד מעדן,,,אווז מעושן הוד מעדן,קילוגרמים,1.00,"ק""ג",true,,99.90,99.9000,false,1,34751
7290000263359,false,חיתולים ליטל בייביז מידה 1 האגיס 40 יחידות,קימברלי קלארק שיווק,IL,האגיס שלב 1 כותנה או,יחידה,0.00,יחידה,false,,37.90,0.0000,false,1,37382
7290000264325,false,סלמי פרח הוד מעדן,,,סלמי פרח הוד מעדן,קילוגרמים,1.00,"ק""ג",true,,84.90,84.9000,true,1,42925
7290000265315,false,קורנביף הוד מעדן,,,קורנביף הוד מעדן,קילוגרמים,1.00,"ק""ג",true,,99.90,99.9000,false,1,20944
7290000267012,false,שקד מולבן שלם השף 100 גרם,"דין שיווק וקלייה בע""",IL,שקד מולבן שלם 100 גר,גרמים,100.00,100 גרם,false,,8.90,0.0890,true,1,19033
7290000267029,false,שקדים מולבנים חצויים השף 100 גרם,"דין שיווק וקלייה בע""",IL,שקדים מולבנים חצויים,גרמים,100.00,100 גרם,false,,8.90,0.0890,true,1,19370
7290000267036,false,שקדים מולבנים משובבים השף 100 גרם,"דין שיווק וקלייה בע""",IL,שקדים משובבים 100 גר,גרמים,100.00,100 גרם,false,,8.90,0.0890,true,1,19034
7290000267043,false,שקדים מולבנים פרוסים השף 100 גרם,"דין שיווק וקלייה בע""",IL,שקדים מולבנים פרוסים,גרמים,100.00,100 גרם,false,,8.90,0.0890,true,1,19035
7290000267050,false,שקדים טבעיים טחונים השף 100 גרם,"דין שיווק וקלייה בע""",IL,שקד טבעי טחון 100 גר,גרמים,100.00,100 גרם,false,,8.90,0.0890,true,1,20023
7290000267104,false,שקד מולבן גרוס/מרוסק 100 גרם,"דין שיווק וקלייה בע""",IL,שקד טבעי גרוס 100 גר,גרמים,100.00,100 גרם,false,,8.90,0.0890,true,1,10214
7290000267548,false,אגוזי מלך טחונים השף 100 גרם,"דין שיווק וקלייה בע""",IL,אגוזי מלך טחונים השף,גרמים,100.00,100 גרם,false,,8.90,0.0890,true,1,28084
7290000267555,false,בוטנים גרוסים 100ג'שקדיה,"דין שיווק וקלייה בע""",IL,בוטנים טבעים טחונים,גרמים,100.00,100 גרם,false,,5.50,0.0550,true,1,32533
7290000267678,false,גרעיני דלעת טבעי קלוף שקדיה 150ג,"דין שיווק וקלייה בע""",IL,גרעיני דלעת טבעי קלו,גרמים,150.00,100 גרם,false,,8.50,0.0567,true,1,28595
7290000268071,false,פסטרמה נוסטלגיה מעוש,,,פסטרמה נוסטלגיה מעוש,קילוגרמים,1.00,"ק""ג",true,,69.90,69.9000,true,1,21052
7290000272467,false,עסיס פטל דיאט סירופ 1 ליטר,בית-השיטה עסיס תעשיות מז,IL,סירופ דיאט פטל,ליטרים,1.00,ליטר,false,,17.90,17.9000,false,1,6315
7290000272696,false,עסיס מיץ לימון טבעי משומר 1 ל' אסם,בית-השיטה עסיס תעשיות מז,IL,מיץ לימון משומר 1ליט,ליטרים,1.00,ליטר,false,,9.90,9.9000,false,1,6317
7290000272726,false,חומץ רכיבים רכיבים טבעיים 5% עסיס 1 ליטר,בית-השיטה עסיס תעשיות מז,IL,חומץ 5% אסם,ליטרים,1.00,ליטר,false,,6.90,6.9000,true,1,6319
7290000284354,false,ספרייט בקבוק 1.5 ל',קוקה קולה,,ספרייט בקבוק 1.5 ל',ליטרים,1.50,ליטר,false,,6.70,4.4667,false,1,5621
7290000286228,false,ספוגיות לניקוי כללי סנו סושי 6 יחידות,סנו מפעלי ברונו בעמ,IL,סנו סושי שישיה,יחידה,0.00,יחידה,false,,11.50,0.0000,false,1,17026
7290000286297,false,"אנטי קאלק מסיר אבנית מקומקום סנו 700 מ""ל",סנו מפעלי ברונוס בעמ,IL,סנו מסיר אבן מקו,מיליליטרים,700.00,"100 מ""ל",false,,9.90,0.0141,true,1,17027
7290000286549,false,מטליות לניקוי כללי סנו סושי 9 יחידות,נועם אורים תעשיות בע,IL,מטלית לכל 9 בשקי,יחידה,0.00,יחידה,false,,11.90,0.0000,false,1,17034
7290000286631,false,"סנו אבקה לניקוי ומירוק בריח לימון 600 מ""ל",קריות זול,IL,מלוי סנו X לימון,גרמים,600.00,100 גרם,false,,7.20,0.0120,true,1,17037
7290000286761,false,ניילון נצמד סנו סושי פלסטיק מארז 30X2 מ',מיוצר עי קונדיטוריית,CN,זוג ניילון נצמד,יחידה,0.00,יחידה,false,,11.50,0.0000,false,1,17039
7290000286907,false,"סנוקל מסיר כתמים סנו 170 מ""ל",סנו מפעלי ברונוס בעמ,IL,סנו מסיר כתמים,מיליליטרים,170.00,"100 מ""ל",false,,24.90,0.1465,true,1,17042
7290000286921,false,"ספריי להסרת כתמים סנו קל 750 מ""ל",סנו מפעלי ברונוס בעמ,IL,סנוקל רסס כבס,מיליליטרים,750.00,"100 מ""ל",false,,12.90,0.0172,false,1,17043
7290000286945,false,"נוזל+אקדח לניקוי רהיט ""סנו""","סנו מפעלי ברונוס בע""\מ",IL,סנו רהיט,מיליליטרים,500.00,"100 מ""ל",false,,24.90,0.0498,true,1,17044
7290000287102,false,"ספריי שמפו לניקוי שטיחים סנו 600 מ""ל",מיוצר עי קונדיטוריית,IL,סנו שמפו שטיחים,מיליליטרים,600.00,"100 מ""ל",false,,21.90,0.0365,true,1,17046
7290000287195,false,"סנו רהיט ספריי עשיר בווקס להברקה 305 מ""ל",מיוצר עי קונדיטוריית,IL,סנו רהיט,מיליליטרים,300.00,"100 מ""ל",false,,13.90,0.0463,false,1,17048
7290000287409,false,"שלישיית סנובון תות לאסלה ""סנו""",סנו מפעלי ברונוס בעמ,IL,סנובון שלישיות,גרמים,165.00,100 גרם,false,,12.90,0.0782,true,1,17055
7290000287485,false,סנובון סבון אסלה בריח לובר סנו 3 יחידות,סנו מפעלי ברונו בעמ,IL,סנובון שלישיה לובר,גרמים,165.00,100 גרם,false,,12.90,0.0782,true,1,20015
7290000287492,false,"סנובון נוזל לניקוי אסלות בריח לימון סנו 750 מ""ל","סנו מפעלי ברונוס בע""מ",IL,סנובון נוזלי,מיליליטרים,750.00,"100 מ""ל",false,,9.90,0.0132,true,1,17057
7290000287621,false,"אנטי קאלק נוזל לניקוי אסלות סנו 750 מ""ל",מיוצר עי קונדיטוריית,IL,סנו C.W עם זרבוב,מיליליטרים,750.00,"100 מ""ל",false,,12.90,0.0172,true,1,17059
7290000288017,false,אקונומיקה בריח לימון סנו ז'אוול 1 ליטר,"סנו מפעלי ברונוס בע""",IL,אקונומיקה סנו 1,ליטרים,1.00,ליטר,false,,8.50,8.5000,true,1,17066
7290000288024,false,סנו - ז'אוול אקונומיקה בריח לימון 4 ליטר,"סנו מפעלי ברונוס בע""מ",IL,סנו לימון אקונ,ליטרים,4.00,ליטר,false,,16.90,4.2250,false,1,17067
7290000288048,false,סנו זאוול מרסס מונבלאן 1 ליטר,"סנו מפעלי ברונוס בע""מ",IL,סנו ג'בל תרסיס,ליטרים,1.00,ליטר,false,,18.90,18.9000,false,1,17068
7290000288079,false,סנו - ז'אוול אקונומיקה לימון 2 ליטר,"סנו מפעלי ברונוס בע""מ",IL,סנו ג'בל 2 ליטר,ליטרים,2.00,ליטר,false,,9.90,4.9500,false,1,17070
7290000288086,false,אבקת ניקוי עם אקונומיקה בריח לימון סנו ז'אוול 600 ג',מיוצר עי קונדיטוריית,IL,אבקת ניקוי ג'בל,גרמים,600.00,100 גרם,false,,12.50,0.0208,true,1,17071
7290000288109,false,"אבקת כביסה מקסימה אפקט ג''אוול 1.25 ק""ג סנו",סנו מפעלי ברונוס בעמ,IL,שקית סנו מקסימה,קילוגרמים,1.25,"ק""ג",false,,14.90,11.9200,false,1,17072
7290000288253,false,"קוטל חרקים מעופפים K-400 סנו 630 מ""ל",מיוצר עי קונדיטוריית,IL,סנו ק 400-,מיליליטרים,630.00,"100 מ""ל",false,,21.90,0.0348,true,1,17074
7290000288352,false,"קוטל חרקים וזוחלים K-300 סנו 630 מ""ל","סנו מפעלי ברונוס בע""מ",IL,סנו ק 300-,מיליליטרים,630.00,"100 מ""ל",false,,21.90,0.0348,false,1,17079
7290000288390,false,"קוטל זבובים ויתושים K-600 סנו 500 מ""ל","סנו מפעלי ברונוס בע""מ",IL,ק 600 סנו-,מיליליטרים,500.00,"100 מ""ל",false,,21.90,0.0438,true,1,17081
7290000288642,false,מקסימה מרכך כביסה סנסיטיב בייבי סנו 4 ליטר,"סנו מפעלי ברונוס בע""\מ",IL,מרכך סנו 4 ליטר,ליטרים,4.00,ליטר,false,,21.90,5.4750,false,1,17088
7290000288727,false,סנו מקסימה אבקת כביסה מאסק מילוי 1.25,קריות זול,IL,אבקת כביסה סנו,קילוגרמים,1.25,"ק""ג",false,,14.90,11.9200,false,1,17089
7290000289069,false,סנו - ז'אוול מרסס קצף ניקוי בתוספת אקונומיקה בריח לימון 1 ליטר,"סנו מפעלי ברונוס בע""מ",IL,סנו ג'בל ספריי,ליטרים,1.00,ליטר,false,,18.90,18.9000,false,1,17095
7290000289380,false,"סנו - ז'אוול לניקוי אסלות לימון 750 מ""ל",סנו מפעלי ברונוס בעמ,IL,סנו ג'בל CW לאסל,מיליליטרים,750.00,"100 מ""ל",false,,14.00,0.0187,true,1,17099
7290000289472,false,סנו סושי שקיות אשפה - 50 יחידות,מיוצר עי קונדיטוריית,IL,שקיות אשפה סושי טבע,יחידה,0.00,יחידה,false,,20.90,0.0000,true,1,17101
7290000289496,false,"סנו - ז'אוול ג'ל קרם לניקוי כללי לימון 750 מ""ל","סנו מפעלי ברונוס בע""\מ",IL,סופר קרם ג'בל לימון,מיליליטרים,750.00,"100 מ""ל",false,,11.90,0.0159,false,1,21043
7290000289748,false,"מסיר שומנים לתנורים פורטה פלוס סנו 750 מ""ל","סנו מפעלי ברונוס בע""\מ",IL,סנו פורטה פלוס,מיליליטרים,750.00,"100 מ""ל",false,,13.90,0.0185,false,1,17103
7290000291963,false,אקונומיקה סמיכה בריח לימון סנו ז'אוול 1 ליטר,סנו JAVEL,IL,סנו ג'בל 1 ליטר,ליטרים,1.00,ליטר,false,,8.50,8.5000,true,1,17115
7290000292311,false,פוליויקס נוזל רצפות בניחוח סחלבים סנו 2 ליטר,"סנו מפעלי ברונוס בע""\מ",IL,סנו פוליוקס 2 ל',ליטרים,2.00,ליטר,false,,19.90,9.9500,false,1,17119
7290000292502,false,"K 800 קוטל נמלים סנו 300 מ""ל","סנו מפעלי ברונוס בע""מ",IL,תרסיס K-800,מיליליטרים,300.00,"100 מ""ל",false,,18.90,0.0630,true,1,91811
7290000292533,false,סנו גל לניקוי כללי על בסיס שמן אורנים 1ל,החברה הדרומית,IL,סנו ג'ל ניקוי,ליטרים,1.00,ליטר,false,,15.90,15.9000,true,1,17125
7290000292564,false,סנו K-2000 תרסיס מיקרו קפסולרי ללא ריח 750 מ”ל,מיוצר עי קונדיטוריית,IL,סנו K 2000,מיליליטרים,750.00,"100 מ""ל",false,,29.90,0.0399,true,1,17128
7290000292687,false,סנובון מוצק לניקוי אסלה קלאסיק כחול סנו 3 יחידות,מיוצר עי קונדיטוריית,IL,שלישיה סנובון כח,גרמים,165.00,100 גרם,false,,14.90,0.0903,false,1,17131
7290000292694,false,מגן קריסטל לרצפות סנו 2 ליטר,סנו,IL,מגן קריסטל 2 ליט,ליטרים,2.00,ליטר,false,,39.90,19.9500,true,1,17132
7290000292915,false,"תרסיס לניקוי כללי רסס ונגב סנו 750 מ""ל","סנו מפעלי ברונוס בע""\מ",IL,סנו רסס ונגב+אקד,מיליליטרים,715.00,"100 מ""ל",false,,12.90,0.0180,false,1,17133
7290000292939,false,"נוזל לאסלה אקוה בלו ""סנו""",סנו מפעלי ברונוס בעמ,IL,סנו אקוה בלו,גרמים,180.00,100 גרם,false,,13.50,0.0750,true,1,17134
7290000293073,false,מקסימה מרכך כביסה ביו לבן סנו 4 ליטר,"סנו מפעלי ברונוס בע""\מ",IL,מרכך סנו 4 ליטר,ליטרים,4.00,ליטר,false,,21.90,5.4750,false,1,17137
7290000293530,false,סנו פרש סופג לחות שקית מילוי 340 גרם,סנו מפעלי ברונו בעמ,IL,סנו סופג לחות מי,גרמים,340.00,100 גרם,false,,15.90,0.0468,true,1,17139
7290000293561,false,"תרסיס להסרת כתמי עובש עם אקונומיקה סנו 750 מ""ל","סנו מפעלי ברונוס בע""\מ",IL,סנו מסיר עובש,מיליליטרים,750.00,"100 מ""ל",false,,13.90,0.0185,false,1,17140
7290000293943,false,"מרסס לבן מסיר אבנית 1 ליטר אנטי קאלק ""סנו""",מיוצר עי קונדיטוריית,IL,מרסס אנטי קאלק,ליטרים,1.00,ליטר,false,,19.90,19.9000,true,1,17141
7290000294780,false,אקונומיקה סמיכה בריח לימון סנו ז'אוול 4 ליטר,"סנו מפעלי ברונוס בע""מ",IL,סנו ז'אוול סמיכה 4 ל,ליטרים,4.00,ליטר,false,,16.90,4.2250,false,1,17150
7290000295121,false,מטליות זיגזג סנו סושי לניקוי רצפות 3יח',קריות זול,IL,מטלית זיגזג שלשי,יחידה,0.00,יחידה,false,,11.50,0.0000,false,1,17152
7290000295299,false,סנו סושי כריות הפלא רב תכלתיות רביעייה,סנו מפעלי ברונו בעמ,IL,סנו סושי אקטיב ר,יחידה,0.00,יחידה,false,,11.50,0.0000,false,1,17154
7290000295336,false,סנו מקסימה אבקת כביסה סנסטיב מילוי1.25,סנו מפעלי ברונוס בעמ,IL,סנו מקסימה שקית,קילוגרמים,1.25,"ק""ג",false,,14.90,11.9200,false,1,17156
7290000295343,false,"אבקת כביסה מקסימה ביו 1.25 ק""ג סנו",סנו מקסימה,IL,סנו מקסימה מילוי,קילוגרמים,1.25,"ק""ג",false,,14.90,11.9200,false,1,17157
7290000295404,false,שקיות אשפה עם שרוך 54 * 65 סנו סושי 60 יחידות,מיוצר עי קונדיטוריית,IL,שקיות אשפה סושי רחבו,יחידה,0.00,יחידה,false,,24.90,0.0000,true,1,17159
7290000295503,false,זוג שקיות מזון טבע 19*25 סנו סושי 150 יחידות,"אשפלסט תעשיות בע""מ",CN,זוג שקיות סושי למזון,יחידה,0.00,יחידה,false,,14.90,0.0000,false,1,17161
7290000295541,false,רב מגבת ג'מבו סנו סושי 75 יחידות,סנו מפעלי ברונוס בעמ,IL,סנו רב מגבת ג'מבו (7,יחידה,0.00,יחידה,false,,18.90,0.0000,true,1,17163
7290000295558,false,"רדיד אלומיניום רוחב 30 ס""מ סנו סושי 2 יח' 7.5 מטר",בורסה פזרי,TR,זוג רדיד אלומיניום ק,יחידה,0.00,יחידה,false,,11.50,0.0000,false,1,17164
7290000295565,false,"רדיד אלומיניום רוחב 45 ס""מ סנו 2 יח' 7.5 מטר",בורסה פאזרי,TR,זוג רדיד אלומיניום ג,יחידה,0.00,יחידה,false,,20.00,0.0000,false,1,28039
7290000295572,false,"מארז זוגי מנקה אסלות 00 סנו 750 מ""ל",מיוצר עי קונדיטוריית,IL,זוג מנקה אסלות,ליטרים,1.50,ליטר,false,,19.90,13.2667,true,1,17165
7290000295817,false,סנו סושי ניילון נצמד 300 מ',סנו,CN,ניילון נצמד סנו,יחידה,0.00,יחידה,false,,59.90,0.0000,false,1,17169
7290000295824,false,"רדיד אלומיניום 30 ס""מ רוחב סנו סושי 100 מטר",מולינו ניקולי s.p.a,TR,סנו סושי רדיד אלומני,יחידה,0.00,יחידה,false,,59.90,0.0000,false,1,17170
7290000300900,false,שניצל תירס מרכיבים טבעיים טבעול 750 גרם,עיצובים 2020 (4.8),IL,שניצל תירס טבעול,גרמים,750.00,100 גרם,false,,24.90,0.0332,false,1,6331
7290000302898,false,גולף סילבר ארוך פאקט,"דובק בע""מ",,סיגריות גולף סילבר 1,יחידה,0.00,יחידה,false,,300.00,0.0000,false,1,20337
7290000303581,false,פול מצרי פרי הגליל 560 גרם,"פרי הגליל בע""""מ",IL,פול מצרי פרי הגליל 5,גרמים,560.00,100 גרם,false,,6.90,0.0123,false,1,10381
7290000303598,false,שעועית לבנה ברוטב עגבניות פרי הגליל 570 גרם,"פרי הגליל בע""""מ",IL,שעועית ברוטב 570 גרם,גרמים,570.00,100 גרם,false,,6.90,0.0121,false,1,10382
7290000303604,false,חומוס גרגירים A2 פרי גליל 550ג',השוואת מחירונים,IL,חומוס שלם פרי הגליל,גרמים,550.00,100 גרם,false,,6.90,0.0125,false,1,10383
7290000304663,false,סלט טונה נון 160 גרם בדצ עדה חרדית,קריות זול,IL,סלט טונה פיקנטי 160,גרמים,160.00,100 גרם,false,,6.00,0.0375,true,1,15824
7290000307015,false,אפונת גינה בינונית פרי הגליל 550 גרם,"פרי הגליל בע""""מ",IL,אפונה פרי הגליל 550,גרמים,550.00,100 גרם,false,,6.90,0.0125,false,1,10386
7290000307046,false,אפונת גינה וגזר פרי הגליל 550 גרם,"פרי הגליל בע""""מ",IL,אפונה וגזר 550 גרם,גרמים,550.00,100 גרם,false,,6.90,0.0125,false,1,10387
7290000307220,false,גרעיני תירס מתוק בואקום פרי הגליל 285 גרם,"פרי הגליל בע""""מ",IL,תירס פרי הגליל 340 ג,גרמים,340.00,100 גרם,false,,5.50,0.0162,false,1,10388
7290000307237,false,גרעיני תירס מתוק פרי הגליל 550 גרם,"פרי הגליל בע""""מ",IL,תירס פרי הגליל 550 ג,גרמים,550.00,100 גרם,false,,6.90,0.0125,false,1,10389
7290000307343,false,שעועית ירוקה חתוכה פרי הגליל 550 גרם,"פרי הגליל בע""""מ",IL,שעועית ירוקה 550 גרם,גרמים,550.00,100 גרם,false,,6.90,0.0125,true,1,10395
7290000307985,false,"גרעיני תירס מתוק ללא מלח פרי הגליל 340 גרם לל""ס","פרי הגליל בע""""מ",IL,תירס ללא מלח,גרמים,325.00,100 גרם,false,,5.50,0.0169,false,1,10396
7290000311128,false,מן עוגיות בטעם חמאה 300 גרם*נ.ל.פ,תות ממתקי איכות,IL,מן עוגיות חמאה,גרמים,300.00,100 גרם,false,,7.90,0.0263,true,1,14159
7290000311203,false,"וופלים בטעם שוקולד ""מן"" 200 גרם",תות ממתקי איכות,IL,וופלים 200 גר שוקו,גרמים,200.00,100 גרם,false,,5.20,0.0260,false,1,44891
7290000311210,false,"וופלים בטעם לימון ""מן"" 200 גרם","רוקחמן בע""מ",IL,וופלים 200 גר לימון,גרמים,200.00,100 גרם,false,,5.20,0.0260,false,1,27778
7290000311227,false,"וופלים במילוי קרם קפה ""מן"" 200 גרם","רוקחמן בע""מ",IL,וופלים 200 גר קפה מן,גרמים,200.00,100 גרם,false,,5.20,0.0260,false,1,50195
7290000311234,false,מן וופלים וניל 200 גרם,"רוקחמן בע""מ",IL,ופל וניל 200 גר מן,גרמים,200.00,100 גרם,false,,5.20,0.0260,false,1,27779
7290000311258,false,מן וופל מצופה שוקולד 250 גרם,"רוקחמן בע""מ",IL,מן וופל מצופה 250 גר,גרמים,250.00,100 גרם,false,,7.50,0.0300,true,1,102228
7290000311272,false,מן-וופלים במילוי חלווה 180 ג,"רוקחמן בע""מ",IL,וופלים מן חלבה,גרמים,180.00,100 גרם,false,,5.20,0.0289,false,1,38619
7290000311364,false,מן וופלים שוקולד טייק 1 מן 10*21 גרם,מן עוגיות,IL,וופל מן מארז 10 יח',גרמים,210.00,100 גרם,false,,8.90,0.0424,true,1,53569
7290000311425,false,ופל מצופה עשיריות מן 220 גרם מארז 10 יחידות,תות ממתקי איכות,IL,וופל מצופה כחול 10יח,גרמים,200.00,100 גרם,false,,9.50,0.0475,true,1,28576
7290000311463,false,מן עוגיות חיטה מלאה חמאה ללא סוכר 200 גרם,"רוקחמן בע""מ",IL,מן עוגיות חמאה ללא ס,גרמים,200.00,100 גרם,false,,10.90,0.0545,true,1,108157
7290000311470,false,מיני ופלים בטעם שוקולד ללא סוכר מן 200 גרם,"רוקחמן בע""מ",IL,וופל מיני ללא תוספת,גרמים,200.00,100 גרם,false,,10.90,0.0545,true,1,144813
7290000311715,false,מן עוגיות כוכבים בטעם שוקולד 300 גרם*נ.ל.פ,תות ממתקי איכות,IL,מן עוגיות שוקולד,גרמים,300.00,100 גרם,false,,7.90,0.0263,true,1,14163
7290000311722,false,מן עוגיות כוכבים וניל 300 גרם,תות ממתקי איכות,IL,עוגיות מן כוכבים,גרמים,300.00,100 גרם,false,,7.90,0.0263,true,1,14164
7290000311845,false,מן עוגיות חיטה מלאה ללא תוספת סוכר 200 ג,"רוקחמן בע""מ",IL,עוגיות מן חיטה מלאה,גרמים,200.00,100 גרם,false,,10.90,0.0545,true,1,78929
7290000311869,false,מן-וופלים בטעם שוק ללא תוספת סוכר 180ג,תות ממתקי איכות,IL,וופל ללא סוכר 180 גר,גרמים,180.00,100 גרם,false,,8.90,0.0494,true,1,50188
7290000311883,false,מן עוגיות גרנולה ללא תוספת סוכר 200 גר,תות ממתקי איכות,IL,מן עוגיות גרנולה ללא,גרמים,200.00,100 גרם,false,,10.90,0.0545,true,1,56770
7290000311890,false,ופלים בטעם לימון ללא תוספת סוכר 180 גרם,"רוקחמן בע""מ",IL,וופל מן לימון ללא סו,גרמים,180.00,100 גרם,false,,8.90,0.0494,true,1,105727
7290000313160,false,זהבה ושלושת הדובים עוגיות בטעם שוקולד אסם 350 גרם,"הגביע מוצרי וופלים בע""\מ",IL,עוגיות זהבה 3 דובים,גרמים,250.00,100 גרם,false,,7.90,0.0316,true,1,6343
7290000313184,false,עוגיות חברים גן חיות וניל אסם 250 גר',"הגביע מוצרי וופלים בע""\מ",IL,עוגיות גן חיות,גרמים,250.00,100 גרם,false,,7.90,0.0316,true,1,6344
7290000313290,false,אסם נודלס נודלס אטריות מסולסלות 200גר,תאי פרזידנט פוד בנגק,TH,נודלס א.מסולסלות 200,גרמים,200.00,100 גרם,false,,9.90,0.0495,true,1,6346
7290000315126,false,קנור ציר עוף משחתי 300 ג,יוניליוור ישראל מזון בע\,IL,קנור ציר עוף,גרמים,300.00,100 גרם,false,,27.90,0.0930,true,1,19212
7290000315133,false,קנור ציר בקר משחתי 300ג,יוניליוור ישראל מזון בע\,IL,קנור ציר בקר,גרמים,300.00,100 גרם,false,,27.90,0.0930,true,1,19222
7290000318103,false,פסטרמה ברביקיו במשקל,מעדני יחיעם,IL,פסטרמה ברביקיו,קילוגרמים,1.00,"ק""ג",true,,72.90,72.9000,false,1,10548
7290000318127,false,"נקניקיות ביס 380 גרם ""יחיעם""",מעדני יחיעם 1993,IL,נקניקיות ביס 380,גרמים,380.00,100 גרם,false,,11.90,0.0313,true,1,10549
7290000318165,false,פסטרמה צלויה על גחלי,מעדני יחיעם,IL,פסטרמה אמיתית צל,קילוגרמים,1.00,"ק""ג",true,,79.90,79.9000,true,1,10551
7290000318288,false,פסטרמה חזה הודו בדבש,מעדני יחיעם,IL,חזה הודו בדבש יח,קילוגרמים,1.00,"ק""ג",true,,79.90,79.9000,false,1,10557
7290000318479,false,נקניק פרושוטו בקר יחיעם 100 גרם,תאי פרזידנט פוד פאבל,IL,פרשוטו עגל,גרמים,100.00,100 גרם,false,,25.90,0.2590,true,1,10564
7290000318677,false,נקניק סלמי סרוולט יחיעם 150 גרם,מעדני יחיעם 1993,IL,סרוולט 150גר יחיעם,גרמים,150.00,100 גרם,false,,25.90,0.1727,true,1,25131
7290000318707,false,נקניק סלמי מעושן יחיעם 500 גרם,מעדני יחיעם 1993,IL,סלמי מעושן יחיעם,גרמים,500.00,100 גרם,false,,33.90,0.0678,true,1,10572
7290000318806,false,סלמי סרוולד אמיתי במשקל,מעדני יחיעם,IL,סרוולד יחיעם,קילוגרמים,1.00,"ק""ג",true,,179.90,179.9000,true,1,10575
7290000318851,false,סלמי קונייאק יחיעם,מעדני יחיעם,IL,סלמי קוניאק,קילוגרמים,1.00,"ק""ג",true,,89.90,89.9000,false,1,10578
7290000318868,false,סלמי פפרוני במשקל,מעדני יחיעם,IL,סלמי פפרוני,קילוגרמים,1.00,"ק""ג",true,,89.90,89.9000,false,1,10579
7290000318882,false,סלמי מעושן איטלקי במ,מעדני יחיעם,IL,מעושן איטלקי יחיעם,קילוגרמים,1.00,"ק""ג",true,,69.90,69.9000,false,1,10580
7290000318929,false,סלמי צרפתי מובחר במשקל,מעדני יחיעם,IL,סלמי צרפתי,קילוגרמים,1.00,"ק""ג",true,,179.90,179.9000,true,1,10584
7290000319124,false,סלמי סרוולט מאפ יחיעם 250 גרם,מעדני יחיעם 1993,IL,סרוולד יחיעם,גרמים,250.00,100 גרם,false,,37.90,0.1516,true,1,10590
7290000319131,false,נקניקיות עוף יחיעם 400 גרם,מעדני יחיעם 1993,IL,נקניקיות עוף 400,גרמים,400.00,100 גרם,false,,10.90,0.0273,true,1,10591
7290000319339,false,סלמי פרח יחיעם,מעדני יחיעם,IL,סלמי פרח,קילוגרמים,1.00,"ק""ג",true,,99.90,99.9000,false,1,47729
7290000319414,false,נקניקיות ברטוורסט 280 גרם יחיעם,מעדני יחיעם,IL,נקניקיות פרימיום ברא,גרמים,280.00,100 גרם,false,,20.90,0.0746,true,1,116970
7290000319520,false,נקניק סלמי צרפתי יחיעם 100 גרם,מעדני יחיעם 1993,IL,סלמי צרפתי 100 גר,גרמים,100.00,100 גרם,false,,19.90,0.1990,true,1,10600
7290000319704,false,נקניק כתף בקר מעושן,מעדני יחיעם,IL,כתף בקר מעושן יחיעם,קילוגרמים,1.00,"ק""ג",true,,139.90,139.9000,true,1,10602
7290000319728,false,סלמי איטלקי מפולפל י,מעדני יחיעם,IL,איטלקי מפולפל יח,קילוגרמים,1.00,"ק""ג",true,,79.90,79.9000,false,1,10603
7290000319759,false,סלמי תה יחיעם מעדניה,מעדני יחיעם,IL,סלמי תה יחיעם,קילוגרמים,1.00,"ק""ג",true,,46.90,46.9000,false,1,56695
7290000319803,false,קבנוס קלאסי יחיעם 125 גרם,תאי פרזידנט פוד פאבל,IL,קבנוס קלאסי 125 גרם,גרמים,125.00,100 גרם,false,,13.90,0.1112,true,1,76651
7290000319834,false,קבנוס פפרוני קלאסי 125 גרם,תאי פרזידנט פוד פאבל,IL,קבנוס פפרוני קלאסי 1,גרמים,125.00,100 גרם,false,,13.90,0.1112,true,1,76550
7290000327624,false,מי סודה טמפו 1.5 ליטר,"טמפו משקאות בע""מ",IL,סודה טמפו בקבוק 1.5,ליטרים,1.50,ליטר,false,,3.00,2.0000,false,1,18520
7290000334684,false,תפוגן טבעות בצל 700 גרם,"תעשיות תפוגן בע""\מ",IL,תפוגן טבעות בצל 700,גרמים,700.00,גרם,false,,17.90,0.0256,true,1,6356
7290000334745,false,"אמריקאן צ'יפס תפוגן 1.5 ק""ג","תעשיות תפוגן בע""מ",IL,תפוגן אמריקן ציפס 1.,יחידה,1.50,יחידה,false,,24.90,16.6000,true,1,6358
7290000339191,false,אבקת הלבנה רן ללא כל,יוניליוור ניקיון,IL,רן להלבנה,גרמים,350.00,100 גרם,false,,24.90,0.0711,true,1,12254
7290000339566,false,מרכך כביסה ורד בדין 4 ליטר,יוניליור ישראל טיפוח איש,IL,בדין 4 ליטר,ליטרים,4.00,ליטר,false,,19.90,4.9750,false,1,12255
7290000339856,false,משחה 5 0קג.,סיף פנטסטיק,,משחה 5 0קג.,גרמים,500.00,100 גרם,false,,10.50,0.0210,true,1,12259
7290000341071,false,בדין - מרכך כביסה בייבי לבן 2 ליטר,יוניליור ישראל טיפוח איש,IL,בייבי בדין 2 ליט,ליטרים,2.00,ליטר,false,,20.00,10.0000,true,1,12262
7290000342856,false,בדין מרכך כביסה כחול 4 ליטר,יוניליור ישראל טיפוח איש,IL,בדין 4 ליטר,ליטרים,4.00,ליטר,false,,19.90,4.9750,false,1,12267
7290000345048,false,תה ויסוצקי 74 - 125 גרם,תה ויסוצקי,IL,תה 74 בתפזורת 125 ג,גרמים,125.00,100 גרם,false,,13.00,0.1040,true,1,8872
7290000345055,false,תה עלים ארל גריי ויסוצקי 100 גרם,מולינו ניקולי s.p.a,IL,תה עלים ארל גריי 10,גרמים,100.00,100 גרם,false,,14.50,0.1450,true,1,8873
7290000345208,false,תה כחול קלאסיק ויסוצקי 25 יחידות,תה ויסוצקי,IL,ויסוצקי קלאסיק 25 שק,גרמים,25.00,100 גרם,false,,6.70,0.2680,true,1,8879
7290000345215,false,תה כחול קלאסיק ויסוצקי 100 יחידות,מולינו ניקולי s.p.a,IL,ויסוצקי קלאסיק 100 ש,גרמים,100.00,100 גרם,false,,15.90,0.1590,false,1,8880
7290000345260,false,תה קלאסיק מעטפות ויסוצקי 25 יחידות,מולינו ניקולי s.p.a,IL,ויסוצקי קלאסיק 25 שק,גרמים,37.50,100 גרם,false,,7.20,0.1920,true,1,8882
7290000345277,false,תה ויסוצקי קלאסי אריזה ירוקה מרובעת (50שקיקים),מולינו ניקולי s.p.a,IL,ויסוצקי קלאסיק 50 שק,גרמים,75.00,100 גרם,false,,13.50,0.1800,true,1,8883
7290000345284,false,תה ויסוצקי קלאסי אריזה ירוקה מרובעת (100 שקיקים),מולינו ניקולי s.p.a,IL,ויסוצקי קלאסיק 100 ש,גרמים,150.00,100 גרם,false,,16.90,0.1127,false,1,8884
7290000345291,false,תה ארל גריי ויסוצקי 25 יחידות,תה ויסוצקי,IL,ארל גריי 25 שקיקים,גרמים,37.50,100 גרם,false,,15.90,0.4240,false,1,8885
7290000345307,false,תה ארל גריי ויסוצקי 50 יחידות,מולינו ניקולי s.p.a,IL,תה ארל גריי 50 שקיק,גרמים,75.00,100 גרם,false,,28.90,0.3853,false,1,8886
7290000345536,false,תה נענע ויסוצקי 25 יחידות,מולינו ניקולי s.p.a,IL,תה נענע 25 שקיקים,גרמים,37.50,100 גרם,false,,17.90,0.4773,false,1,8890
7290000345666,false,תה אינגליש ברקפסט 25 שקיקים 2 גרם,ויסוצקי,IL,תה אינגליש ברקפסט 25,גרמים,50.00,100 גרם,false,,15.90,0.3180,true,1,8895
7290000346021,false,חליטת קמומיל הגן הקסום ויסוצקי 50 יחידות,בית ויסוצקי,IL,תה חליטת קמומיל 50 ש,גרמים,75.00,100 גרם,false,,34.90,0.4653,true,1,8897
7290000346120,false,חליטת קינמון הגן הקסום ויסוצקי 25 יחידות,תה ויסוצקי,IL,תה קסם הקינמון 25 שק,גרמים,62.50,100 גרם,false,,18.90,0.3024,false,1,8900
7290000346137,false,חליטת הילולי פירות הגן הקסום ויסוצקי 25 יחידות,תה ויסוצקי,IL,תה חליטת הילולי פירו,גרמים,62.50,100 גרם,false,,18.90,0.3024,false,1,8901
7290000346144,false,הגן הקסום תה עינוגי התפוח ויסוצקי 25 יחידות,תה ויסוצקי,IL,תה חליטת עינוגי התפו,גרמים,75.00,100 גרם,false,,18.90,0.2520,false,1,8902
7290000346168,false,חליטת שומר הגן הקסום ויסוצקי 25 יחידות,תה ויסוצקי,IL,תה חליטת שומר 25 שקי,גרמים,37.50,100 גרם,false,,18.90,0.5040,false,1,8904
7290000346199,false,חליטת פירות יער הגן הקסום ויסוצקי 25 יחידות,תה ויסוצקי,IL,תה חליטת פירות יער 2,גרמים,67.50,100 גרם,false,,18.90,0.2800,false,1,8905
7290000346205,false,חליטת קמומיל הגן הקסום ויסוצקי 25 יחידות,תה ויסוצקי,IL,תה חליטת קמומיל 25 ש,גרמים,37.50,100 גרם,false,,18.90,0.5040,false,1,8906
7290000346212,false,חליטת מנטה הגן הקסום ויסוצקי 25 יחידות,תה ויסוצקי,IL,תה חליטת מנטה 25 שקי,גרמים,50.00,100 גרם,false,,18.90,0.3780,false,1,8907
7290000346236,false,חליטת לואיזה וורבנה הגן הקסום ויסוצקי 25 יחידות,תה ויסוצקי,IL,תה חליטת לואיזה - וו,גרמים,50.00,100 גרם,false,,18.90,0.3780,false,1,8909
7290000346960,false,תה ויסוצקי נענע 1.7 גרם 50יח',בית ויסוצקי,IL,תה נענע 50 שקיקים,גרמים,75.00,100 גרם,false,,31.90,0.4253,true,1,8913
7290000347738,false,תה ירוק נענע ויסוצקי 25 יחידות,תה ויסוצקי,IL,תה ירוק נענע 25 שקיק,גרמים,37.50,100 גרם,false,,24.90,0.6640,false,1,8918
7290000347752,false,תה ירוק לימונית ולואיזה 25 שקיקים *1.5 ג'' ויסוצקי,תה ויסוצקי,IL,תה ירוק לימונית,גרמים,37.50,100 גרם,false,,24.90,0.6640,false,1,8920
7290000355382,false,עגבניות מרוסקות בזיליקום טל 800 גרם,"מילוז(1989)בע""""מ",IL,עגבניות מרוסקות עם ב,גרמים,800.00,100 גרם,false,,7.20,0.0090,false,1,18273
7290000355405,false,עגבניות מרוסקות A2.5 ובצל טל וטרי 800 גר',"מילוז(1989)בע""""מ",IL,עגבניות מרוסקות עם ב,גרמים,800.00,100 גרם,false,,7.20,0.0090,false,1,18274
7290000355498,false,רוטב עגבניות טומטו פרי הגליל 580 גרם,"מילוז(1989)בע""""מ",IL,רוטב עגבניות,גרמים,600.00,100 גרם,false,,6.50,0.0108,true,1,34873
7290000355757,false,עגבניות מרוסקות טל וטרי 800 גרם,"מילוז(1989)בע""""מ",IL,עגבניות מרוסקות 800,גרמים,800.00,100 גרם,false,,7.20,0.0090,false,1,18279
7290000363400,false,סלמי פפרוני טירת צבי,הנסיך- מפעל לייצור ט,IL,סלמי פפרוני,קילוגרמים,1.00,"ק""ג",true,,84.90,84.9000,false,1,48850
7290000363462,false,סלמי מעושן איטלקי טי,טירת- צבי,IL,סלמי מעושן איטלק,קילוגרמים,1.00,"ק""ג",true,,84.90,84.9000,false,1,9091
7290000363486,false,נקניק תה טירת צבי מע,טירת- צבי,IL,נקניק תה טירת צב,קילוגרמים,1.00,"ק""ג",true,,56.90,56.9000,false,1,9092
7290000364261,false,"דקניקים, סלסולי פסטרמה כתף בקר מעושנת 120 גרם",הנסיך- מפעל לייצור ט,IL,סלסולי כתף בקר,גרמים,120.00,100 גרם,false,,15.90,0.1325,false,1,36673
7290000364278,false,דקניקים סלסולי סלמי איטלקי משובח טירת צבי 120 גרם,הנסיך- מפעל לייצור ט,IL,סלסולי סלמי איטלקי מ,גרמים,120.00,100 גרם,false,,15.90,0.1325,false,1,36674
7290000364285,false,דקניקים סלסולי פסטרמה הודו טירת צבי 120 גרם,הנסיך- מפעל לייצור ט,IL,סלסולי פסטרמה הודו,גרמים,120.00,100 גרם,false,,15.90,0.1325,false,1,36675
7290000364292,false,דקניקים סלסולי פסטרמה הודו על גחלים 1% טירת צבי 120 גרם,הנסיך- מפעל לייצור ט,IL,סלסולי פסטרמה הודו ע,גרמים,120.00,100 גרם,false,,15.90,0.1325,false,1,38440
7290000364810,false,נקניקיות עגל 500 גרםטירת צבי,הנסיך- מפעל לייצור ט,IL,נקניקיות עגל 500 ג',גרמים,500.00,100 גרם,false,,27.90,0.0558,true,1,9104
7290000364858,false,"נקניקיות עוף טרי טירת צבי 1 ק""ג",הנסיך- מפעל לייצור ט,IL,נקנקיות עוף 1 קג,יחידה,1.00,יחידה,false,,26.90,26.9000,false,1,9105
7290000364872,false,נקניקיות עוף טירת צבי 400 גרם,טיב טירת צבי 2000,IL,נקנקיות עוף טירת,גרמים,400.00,100 גרם,false,,11.90,0.0298,true,1,9106
7290000365398,false,חזה הודו בדבשטירת צבי,טירת- צבי,IL,פסטרמה דבש ט.צבי,קילוגרמים,1.00,"ק""ג",true,,84.90,84.9000,false,1,9108
7290000365749,false,פס.הודו מעושנת ד.שומן קג,טירת צבי,IL,פסטרמה דל שומן,קילוגרמים,1.00,"ק""ג",true,,84.90,84.9000,false,1,29209
7290000365756,false,פסטרמה על גחלים ד.ש משקל,טירת צבי,IL,פסטרמה הודו ברביקיו,קילוגרמים,1.00,"ק""ג",true,,84.90,84.9000,false,1,9109
7290000365886,false,פסטרמה בגריל טירת צב,טירת צבי,IL,פסטרמה בגריל טירת צב,קילוגרמים,1.00,"ק""ג",true,,84.90,84.9000,false,1,21237
7290000365909,false,פסטרמה הודו מעושנתטירת צבי,טירת- צבי,IL,פסטרמה הודו מעושנת,קילוגרמים,1.00,"ק""ג",true,,84.90,84.9000,false,1,9112
7290000365954,false,פסטרמה על גחלים משקל,טירת- צבי,IL,פסטרמה על גחלים,קילוגרמים,1.00,"ק""ג",true,,84.90,84.9000,false,1,9113
7290000367590,false,פסטרמה כפרית וסלמי פריזר כפרי טירת צבי 2*400 גרם,טיב טירת צבי 2000,IL,זוג פסטרמה טירת,גרמים,800.00,100 גרם,false,,29.90,0.0374,true,1,9116
7290000369037,false,סלט קוביות בולגרית גבינות ניצן 200 גרם,גבינות אמיר ניצן בעמ,IL,סלט קוביות בולגרית 2,גרמים,200.00,100 גרם,false,,15.90,0.0795,true,1,100467
7290000369365,false,מעדן גבינה בולגרית עם חציל 9% ניצן 200 גרם,גבינות אמיר ניצן בעמ,IL,חציל עירוני מעדן בול,גרמים,200.00,100 גרם,false,,13.90,0.0695,true,1,22563
7290000369617,false,מעדן כדורי פטה בשמן מתובל ניצן 230 גרם,גבינות אמיר ניצן בעמ,IL,כדורי מעדן גבינה 150,גרמים,150.00,100 גרם,false,,19.90,0.1327,true,1,20387
7290000369709,false,חמאה עירונית בתוספת ריחן ושום טרי גבינות ניצן 100 גרם,גבינות אמיר ניצן בעמ,IL,ממרח חמאה 100 גרם,גרמים,100.00,100 גרם,false,,13.90,0.1390,true,1,20388
7290000377209,false,בוטן מטוגן קליית גת 200 גרם,"ג'י אנד ג'י בע""מ",IL,בוטנים 200,גרמים,200.00,100 גרם,false,,6.90,0.0345,true,1,12726
7290000377445,false,נש צ'אנס קליית גת 200 גרם,"ג'י אנד ג'י בע""מ",IL,תערובת מנצ'ס,גרמים,200.00,100 גרם,false,,8.50,0.0425,true,1,12729
7290000377452,false,גרעיני אבטיח קליית גת 200 גרם,הדקלאים אגודת שיתופי,IL,גרעיני אבטיח 200ח,גרמים,200.00,100 גרם,false,,12.00,0.0600,true,1,12730
7290000379104,false,לחם אנג'ל אחיד פרוס 750ג',מאפיית אנג'\ל אורנים מאפ,IL,לחם אחיד פרוס אנג'ל,גרמים,750.00,100 גרם,false,,6.90,0.0092,false,1,8432
7290000391229,false,קוקטייל פיצה בונז'ור,בונז'ור,,קוקטייל פיצה בונז'ור,קילוגרמים,1.00,"ק""ג",true,,54.90,54.9000,true,1,55753
7290000408316,false,יוגורט דנונה דל לקטוז 200 גרם,מיוצר עי קונדיטוריית,IL,יוגורט דנונה טבעי 3%,מיליליטרים,200.00,"100 מ""ל",false,,3.70,0.0185,true,1,7496
7290000408354,false,יוגורט עם אורז מצופה שוקולד קקאו 175 ג' דנונה,"שטראוס בריאות בע""\מ",IL,דנונה קראנצ' פצפוצים,מיליליטרים,175.00,"100 מ""ל",false,,4.80,0.0274,false,1,7497
7290000412139,false,נוזל רצפות בניחוח אורנים ריצפז 3 ליטר,"סנו מפעלי ברונוס בע""\מ",IL,ריצפז אורנים 3לי,ליטרים,3.00,ליטר,false,,13.90,4.6333,true,1,17171
7290000412481,false,נוזל לניקוי אסלות 00 סנו 1 ליטר,מיוצר עי קונדיטוריית,IL,מנקה אסלות 1ליטר,ליטרים,1.00,ליטר,false,,7.90,7.9000,false,1,17173
7290000412764,false,"פזטוקס קוטל חרקים סנו 630 מ""ל",קריות זול,,פזטוקס ארזול,מיליליטרים,630.00,"100 מ""ל",false,,18.90,0.0300,true,1,17174
7290000416021,false,ממרח בטעם שוקולד השחר חלבי 500,השחר העולה,IL,ממרח השחר 500 גרם,גרמים,500.00,100 גרם,false,,13.90,0.0278,false,1,17381
7290000416045,false,"ממרח בטעם שוקולד השחר 1 ק""ג",השחר העולה תעשייות מ,IL,"ממרח השחר 1 ק""ג",קילוגרמים,1.00,"ק""ג",false,,23.90,23.9000,false,1,17382
7290000416618,false,"ממרח שוקולד פרווה השחר 400 גרם כשל""פ",השחר העולה תעשייות מ,IL,ממרח שוקולד השחר פרו,גרמים,400.00,100 גרם,false,,10.60,0.0265,true,1,17385
7290000419107,false,לנדוור קפה מקורי לבוקר טחון טורקי 100 גרם,"קפה לנדוור בע""\מ",IL,קפה טורקי קלוי כחול,גרמים,100.00,100 גרם,false,,7.90,0.0790,false,1,24581
7290000419220,false,לנדוור כחול המקורי קפה טחון טורקי 3*100 גרם 16 יח',קפה לנדוור,IL,מארז קפה לנדוור טחון,גרמים,300.00,100 גרם,false,,18.90,0.0630,false,1,27744
7290000419374,false,לנדוור לבוקר קפה טחון טורקי 3*100 גרם 16 יח',קפה לנדוור,IL,מארז שלישייה קפה שחו,גרמים,300.00,100 גרם,false,,18.90,0.0630,false,1,41489
7290000419893,false,לנדוור קפה שחור חזק טחון טורקי 100 גרם,מולינו ניקולי s.p.a,IL,קפה לנדוור שחור טחון,גרמים,100.00,100 גרם,false,,7.90,0.0790,false,1,28197
7290000419909,false,לנדוור קפה שחור לבוקר טחון טורקי 100 גרם,מולינו ניקולי s.p.a,IL,קפה לנדוור שחור בטעם,גרמים,100.00,100 גרם,false,,7.90,0.0790,false,1,28433
7290000419923,false,לנדוור קפה אספרסו טחון בואקום 200 גר,קפה לנדוור,IL,אספרסו לנדוור טחון ב,גרמים,200.00,100 גרם,false,,19.90,0.0995,true,1,30693
7290000420325,false,"פופסטאר פופקורן למקירוגל בטעם טבעי 5 שקיות,500 גרם",פרסטון פארמס,US,פופסטאר טבעי 5יח',גרמים,500.00,100 גרם,false,,12.90,0.0258,false,1,16299
7290000420332,false,פופסטאר פופקורן למיקרוגל בטעם חמאה 5 יחידות 500 גרם,פרסטון פארמס,US,פופסטאר חמאה 5יח',גרמים,500.00,100 גרם,false,,12.90,0.0258,false,1,16300
7290000420417,false,גלילונית שקיות אשפה 52X65 עם שרוך 60 יחידות,"איטיליאן פוד, אס.פי.",IL,גלילונית 50X70 עם לש,יחידה,0.00,יחידה,false,,24.00,0.0000,false,1,16301
7290000430102,false,קוביות קרח בשקית מיסטר אייס 2 קילו,"אייס (קיובס) בע""מ -",IL,"שקיות קרח 2 ק""ג",יחידה,2.00,יחידה,false,,9.90,4.9500,true,1,23345
7290000432359,false,נר נשמה בכוס שבועי פ,פאלאס,CN,נר נשמה שבועי,יחידה,0.00,יחידה,false,,9.90,0.0000,true,1,11181
7290000432656,false,נרות שבת 8 יחידות,פאלאס,IL,נרות שבת מס' 8,גרמים,180.00,100 גרם,false,,4.50,0.0250,true,1,82203
7290000432663,false,נרות שבת מס 10 180 ג,,IL,נרות שבת מס' 10,גרמים,180.00,100 גרם,false,,4.50,0.0250,true,1,82204
7290000432687,false,נרות שבת מס' 16 ציון,"פאלאס בע""מ",IL,נרות שבת מס' 16,גרמים,180.00,100 גרם,false,,4.50,0.0250,true,1,145565
7290000442044,false,פמינה תחליב רחצה אינטימי חמוציות 220 מל,פמינה,IL,פמינה חמוציות,מיליליטרים,0.00,"מ""ל",false,,26.90,0.0000,true,1,42012
7290000442587,false,"קרם רב שימושי תוספת 33% גינקו 220 מ""ל.",כ.צ.ט,IL,קרם רב שימושי,מיליליטרים,220.00,"100 מ""ל",false,,19.90,0.0905,true,1,13657
7290000446127,false,פירכיות אורז ללא מלח בטר אנד דיפרנט 100 גרם,בטר אנד דיפרנט B&D,IL,פריכיות אורז ללא מלח,גרמים,100.00,100 גרם,false,,4.50,0.0450,true,1,100022
7290000446523,false,ממרח בוטנים מתוק בטר אנד דיפרנט 350 גרם,בטר אנד דיפרנט,IL,חמאת בוטנים מתוקה,גרמים,350.00,100 גרם,false,,12.90,0.0369,true,1,80342
7290000446547,false,חמאת בוטנים טבעית בטר אנד דיפרנט 350 גרם,"בטר אנד דיפרנט בע""מ",IL,חמאת בוטנים טבעית,גרמים,350.00,100 גרם,false,,12.90,0.0369,true,1,38926
7290000446554,false,"חמאת בוטנים טבעית בטר אנד דיפרנט 1 ק""ג",בטר אנד דיפרנט B&D,IL,חמאת בוטנים טבעית 1,קילוגרמים,1.00,"100 ק""ג",false,,27.90,27.9000,true,1,79182
7290000446905,false,"ממרח חלבה בטעם וניל 1ק""ג",,IL,ממרח חלבה בטעם וניל,קילוגרמים,1.00,"ק""ג",false,,25.90,25.9000,true,1,145490
7290000449128,false,סיף פנטסטיק לימון ניקוי רב תכליתי 4ל',יוניליוור ישראל טיפוח אי,IL,פנטסטיק 4 ליטר,ליטרים,4.00,ליטר,false,,19.90,4.9750,false,1,12270
7290000450209,false,פוסידון טונה בהירה בשמן 77 גרם,"מיוצר עי וליגר בעמ,",IL,טונה פוסידון בשמן 11,גרמים,110.00,100 גרם,false,,6.00,0.0545,true,1,17790
7290000453019,false,שמרים טריים לאפייה שקית שמרית 50 ג',"פאקא תעשיות בע""\מ",IL,שמרית,גרמים,50.00,100 גרם,false,,4.60,0.0920,false,1,7499
7290000453125,false,שמרית שמרים טריים לאפייה +משפר אפייה 100ג,"פאקא תעשיות בע""\מ",IL,שמרית+משפר אפיה,גרמים,100.00,100 גרם,false,,7.90,0.0790,true,1,7500
7290000453309,false,בצק פיצה ללא גלוטן תמי 230 גרם,תמי,FR,בצק פיצה מצונן ללא ג,יחידה,0.00,יחידה,false,,19.90,0.0000,true,1,141096
7290000453316,false,בצק עלים ללא גלוטן תמי 280 גרם,תמי,FR,בצק עלים מצונן ללא ג,יחידה,0.00,יחידה,false,,19.90,0.0000,true,1,141097
7290000453323,false,קמח תמי עמילן חיטה ללא גלוטן 500 גרם,תמי,IL,קמח תמי עמילן חיטה ל,גרמים,500.00,100 גרם,false,,18.90,0.0378,true,1,144243
7290000453385,false,שמרים יבשים פארא אינסטנט 500 גרם עלית,"פאקא תעשיות בע""מ",GB,שמרים יבשים פאקא,גרמים,500.00,100 גרם,false,,14.40,0.0288,true,1,79462
7290000453408,false,בצק פיצה דק מצונן ומוכן לאפייה שמרית 415 גרם,"פאקא תעשיות בע""מ",FR,בצק פיצה דק מצונן ומ,גרמים,415.00,100 גרם,false,,16.90,0.0407,true,1,97978
7290000453415,false,בצק עלים מצונן ומוכן לאפייה שמרית 300 גרם,"פאקא תעשיות בע""מ",FR,בצק עלים מצונן ומוכן,גרמים,300.00,100 גרם,false,,15.90,0.0530,true,1,97979
7290000453422,false,בצק פילו מצונן ומוכן לאפייה שמרית 300 גרם,"פאקא תעשיות בע""מ",GR,בצק פילו מוכן לאפייה,גרמים,300.00,100 גרם,false,,15.90,0.0530,true,1,97980
7290000453798,false,שמרית שמרים יבשים אקטיביים 500 גר',"גי' בי' רכיבים בע""מ",GB,שמרים אקטיבים 500 גר,גרמים,500.00,100 גרם,false,,14.90,0.0298,false,1,91194
7290000453866,false,נטורינה תחליף מרגרינה לבישול ואפיה קוקוס שמרית 200 גרם,גרונבאנג- גרונדנסק א,DK,נטורינה קוקוס שמרית,גרמים,200.00,100 גרם,false,,7.60,0.0380,false,1,89162
7290000461625,false,בייגלה שמיניות מלח בייגל בייגל 400 ג',בייגל את בייגל מזון 198),IL,בייגלה שמיניות גדולו,גרמים,400.00,100 גרם,false,,8.90,0.0223,true,1,12274
7290000461656,false,בייגלה מקלות מלוחים בייגל בייגל 400 גרם,בייגל את בייגל מזון 198),IL,מקלות בייגל,גרמים,400.00,100 גרם,false,,8.90,0.0223,true,1,12276
7290000461700,false,בייגלה שמיניות גדולות מלוחות 400 גרם,בייגל את בייגל מזון 198),IL,בייגלה גדול גדול,גרמים,400.00,100 גרם,false,,13.90,0.0348,true,1,12277
7290000461724,false,בייגלה שמיניות גדולות שומשום בייגל בייגל,יוניליוור מזון,IL,בייגלה שומשום 00,גרמים,400.00,100 גרם,false,,13.90,0.0348,true,1,12278
7290000461793,false,בייגלה ארוך ארוך סידרה ירוקה בייגל בייגל 150 גרם,בייגל את בייגל מזון 198),IL,מקלות מלוחים קטן,גרמים,150.00,100 גרם,false,,6.90,0.0460,false,1,12280
7290000462103,false,סחוג תימני אדום חריף עדין זהבי הכרם 150 גרם,קריניסה ויטמין אס אי,IL,סחוג זהבי,גרמים,150.00,100 גרם,false,,8.90,0.0593,true,1,7501
7290000462141,false,סחוג אדום תימני מקורי חריף מאוד זהבי 150 גרם,קריניסה ויטמין אס אי,IL,סחוג חריף מאוד זהבי,גרמים,150.00,100 גרם,false,,8.90,0.0593,true,1,32419
7290000462172,false,סחוג תימני ירוק חריף זהבי הכרם 150 גרם,קריניסה ויטמין אס אי,IL,סחוג,גרמים,150.00,100 גרם,false,,8.90,0.0593,true,1,7502
7290000467153,false,מלך החומוס סמיר הגדול 400 גרם צבר,סלטי צבר,IL,חומוס סמיר הגדול,גרמים,400.00,100 גרם,false,,13.90,0.0348,true,1,55200
7290000467320,false,מלך החומוס אבו מרוואן 400 גרם,סלטי צבר,IL,חומוס אבו מרוואן 400,גרמים,400.00,100 גרם,false,,13.90,0.0348,true,1,55201
7290000469638,false,"ספריי לגיהוץ קל מריטו 500 מ""ל",בולטון מניטובה,IT,מריטו 500 מל,מיליליטרים,500.00,"100 מ""ל",false,,22.90,0.0458,true,1,8292
7290000474090,false,"חלב בקרטון 1%- 1 ליטר בד""צ - מוצר בפיקוח",מילקו תעשיות בעמ,IL,חלב טרה הומוגני דל ש,ליטרים,1.00,ליטר,false,,5.86,5.8600,false,1,5639
7290000474502,false,גבינה לבנה טרה 5% מרכיבים טבעיים,הפריט בפיקוח,IL,גבינה לבנה 250 גר' ט,גרמים,250.00,100 גרם,false,,4.98,0.0199,false,1,5649
7290000474540,false,טוב טעם גבינה לבנה 3% טרה 250 גרם,קריות זול,IL,גבינה טוב טעם 3% טרה,גרמים,250.00,100 גרם,false,,11.50,0.0460,false,1,5651
7290000474830,false,נעם גבינה צהובה מגורדת 28% טרה 500 גרם,מילקו תעשיות בעמ,IL,גבינה מגורדת חצי קשה,גרמים,500.00,100 גרם,false,,34.50,0.0690,true,1,5652
7290000480107,false,קוואקר שיבולת שועל פחית 500 גרם,וולקרס סנקס לימיטד,GB,קוואקר שיבולת שועל פ,גרמים,500.00,100 גרם,false,,11.90,0.0238,false,1,15845
7290000480442,false,קוואקר שיבולת שועל בשקית 500 גרם,פריטו ליי FRITO-LAY,IL,שיבולת שועל קוואקר ב,גרמים,500.00,100 גרם,false,,12.90,0.0258,false,1,15853
7290000481029,false,פיתות בטעם ביתי 10 יחידו,דגנית עין בר תעשיות מזון,IL,פיתות רגילות עשירייה,קילוגרמים,1.00,"ק""ג",false,,12.90,12.9000,true,1,100835
7290000481043,false,10 פיתות מקמח כוסמין מלא דגנית,דגנית עין בר תעשיות מזון,IL,פיתות כוסמין 10 יח',גרמים,700.00,100 גרם,false,,17.90,0.0256,true,1,106077
7290000481074,false,לחם משלושה קמחים מלאים 750 גר,דגנית עין בר תעשיות מזון,IL,לחם משלושה קמחים מלא,גרמים,750.00,100 גרם,false,,15.90,0.0212,true,1,144799
7290000481197,false,לחם מחמצת גרעינים ושיבולת שועל 550 גרם דגנית,פריט ללא פיקוח,IL,לחם מחמצת גרעינים וש,גרמים,550.00,100 גרם,false,,17.90,0.0325,true,1,146121
7290000481531,false,דגנית עין בר לחמניות אצבע מחיטה מלאה בשקית 750 ג',דגנית עין בר תעשיות מזון,IL,מארז 10 לחמניות אצבע,גרמים,750.00,100 גרם,false,,12.50,0.0167,false,1,58120
7290000481555,false,לחמניות ראנץ,דגנית עין בר,,לחמניות ראנץ,גרמים,100.00,100 גרם,false,,4.00,0.0400,true,1,15068
7290000481647,false,חלה צמה מתוקה,דגנית עין בר,,חלה צמה מתוקה,גרמים,500.00,100 גרם,false,,12.90,0.0258,true,1,15071
7290000481883,false,דגנית עין בר מארז לחמניות 10 יח'*75 ג',דגנית עין בר תעשיות מזון,IL,מארז לחמניות אצבע עש,גרמים,750.00,100 גרם,false,,11.00,0.0147,false,1,57257
7290000482071,false,שקיות צליה ואפיה קוקי 20 יחידות,"ש. שסטוביץ בע""\מ",IL,שקיות קוקי,יחידה,0.00,יחידה,false,,19.90,0.0000,true,1,8296
7290000483412,false,קישוט לעוגה המרשלג ט,המרשלג,IL,קישוטים לעוגה,גרמים,60.00,100 גרם,false,,12.00,0.2000,true,1,33102
7290000483641,false,מרציפן חלה המרשלג 75 גרם,"המרשלג פרלינס בע""מ",IL,מרציפן חלה,גרמים,75.00,100 גרם,false,,7.90,0.1053,true,1,21747
7290000483733,false,"בצק סוכר 1 ק""ג",,,"בצק סוכר 1 ק""ג",קילוגרמים,1.00,"ק""ג",false,,28.90,28.9000,true,1,53317
7290000483887,false,חטיף מרציפן ללא תוספת סוכר המרשלג 75 גרם,קריות זול,IL,המרשלג מרציפן ללא תו,גרמים,75.00,100 גרם,false,,13.90,0.1853,true,1,46880
7290000484747,false,עראק עלית 700 מל 40% כהל,יקב הגליל יוסף גולד ובניו,IL,עלית הארק,מיליליטרים,700.00,"100 מ""ל",false,,55.90,0.0799,false,1,83159
7290000490601,false,גלידל וניל פלדמן מארז שמינייה,הגלידות של פלדמן,IL,מאגדת גלידל דיאט שלג,גרמים,400.00,100 גרם,false,,29.90,0.0747,true,1,18445
7290000490762,false,גלידל שוקו פלדמן מארז שמינייה,הגלידות של פלדמן,IL,מאגדת גלידל שלגוני ש,גרמים,400.00,100 גרם,false,,29.90,0.0747,true,1,18446
7290000493176,false,אסם אבקת רוטב צלי לבשר 22 ג',"אסם השקעות בע""\מ",IL,רוטב צלי באבקה,גרמים,22.00,100 גרם,false,,4.40,0.2000,true,1,6418
7290000493183,false,אבקת רוטב פטריות לבשר-30 גרם,"אסם השקעות בע""\מ",IL,רוטב פטריות באבקה,גרמים,30.00,100 גרם,false,,4.40,0.1467,true,1,6419
7290000497044,false,"לחם אקטיב 750 גרם ""ברמן""",מאפית י את א ברמן בע,IL,לחם ברמן אקטיב,גרמים,750.00,100 גרם,false,,15.90,0.0212,true,1,57199
7290000497273,false,לחמניות ברמן אקטיב 6יח 450גר,מאפית י את א ברמן בע,IL,לחמניות אקטיב שישייה,גרמים,450.00,100 גרם,false,,13.90,0.0309,true,1,82336
7290000497426,false,לחם ברמן לענין פלוס 500 גרם,מאפית י את א ברמן בע,IL,ברמן קל לעניין,גרמים,750.00,100 גרם,false,,14.90,0.0199,true,1,22913
7290000504025,false,ממתיק סוכרזית פטרייה עלית 300 גרם,אף.סי תבליני בגליל ב,IL,פטריה 300טבל',גרמים,246.00,100 גרם,false,,8.50,0.0346,true,1,9717
7290000504209,false,"סוכרזית דיאט טיפ נוזלי 220 מ""ל",אף.סי תבליני בגליל ב,IL,דיאט טיפ ממתיק,יחידה,220.00,יחידה,false,,19.90,0.0905,true,1,9720
7290000504278,false,ממתיק סוכרזית אריזת פטנט 700 טבליות,אף.סי תבליני בגליל ב,IL,סוכרזית פטנט,גרמים,574.00,100 גרם,false,,17.90,0.0312,true,1,9722
7290000518114,false,אבקת סוכר מתוק וקל 200 גרם,קריות זול,IL,מתוק וקל אבקה,גרמים,200.00,100 גרם,false,,10.50,0.0525,true,1,14733
7290000518169,false,ממתיק מתוק וקל 1000 טבליות,קריות זול,IL,מתוק וקל 1000 יח,גרמים,820.00,100 גרם,false,,10.90,0.0133,true,1,14735
7290000518176,false,ממתיק מתוק וקל 250 שקיות,מתוק וקל בעמ,IL,מתוק וקל 250,גרמים,250.00,100 גרם,false,,18.90,0.0756,true,1,14736
7290000518190,false,מתוק וקל סטיביה 100 יחידות,מתוק וקל,IL,מתוק וקל סטיביה 100,יחידה,0.00,יחידה,false,,26.90,0.0000,true,1,87042
7290000518220,false,ממתיק סוכרה דיאט 100 יחידות,פתח תקווה,IL,סוכרה דיאט 100 שקיות,יחידה,0.00,יחידה,false,,25.00,0.0000,true,1,86968
7290000518251,false,ממתיק זהב מתוק וקל 100 יחידות,קריות זול,IL,מתוק וקל זהב 100,גרמים,100.00,100 גרם,false,,12.90,0.1290,true,1,14738
7290000518336,false,ממתק צמר גפן מתוק מסיבים תזונתיים,מתוק וקל בעמ,IL,צמר גפן מתוק,גרמים,10.00,100 גרם,false,,5.00,0.5000,true,1,108338
7290000518879,false,סוכרה דיאט 250 שקיות אריזת חסכון,מתוק וקל בעמ,IL,סוכרה דיאט 250 שקיות,גרמים,200.00,100 גרם,false,,49.90,0.2495,true,1,54996
7290000521008,false,יין אדום יבש של סגל750מל,"כרמי צבי - אחים סגל בע""\",IL,של סגל אדום יבש,מיליליטרים,750.00,"100 מ""ל",false,,19.90,0.0265,false,1,18535
7290000521015,false,"יין לבן יבש של סגל750מ""ל","מיוצר ע""י כרמי צבי-",IL,סגל לבן יבש,מיליליטרים,750.00,"100 מ""ל",false,,19.90,0.0265,false,1,18536
7290000522104,false,חלב עמיד 3% שומן 1 ליטר,"מחלבות רמת הגולן בע""",IL,חלב עמיד 3%,ליטרים,1.00,ליטר,false,,7.70,7.7000,false,1,9726
7290000522142,false,חלב הרים טהור-עמיד- קרטון 1 לי 3%,"מחלבות רמת הגולן בע""",IL,חלב הרים טהור עמיד 3,ליטרים,1.00,ליטר,false,,9.90,9.9000,false,1,44778
7290000522166,false,חלב הרים טהור-עמיד- נטול לקטוז 1 לי 3%,"מחלבות רמת הגולן בע""",IL,חלב הרים טהור נטול 1,ליטרים,1.00,ליטר,false,,11.50,11.5000,false,1,48129
7290000523125,false,מלח הארץ הים האדום 250 ג' עדין,"חברת מלח הארץ אילת בע""\מ",IL,מלח ים 200 גר',גרמים,250.00,100 גרם,false,,5.50,0.0220,true,1,13688
7290000523224,false,מלח הארץ הים האדום 500 ג' עדין,"חברת מלח הארץ אילת בע""\מ",IL,מלח ים 500 גר',גרמים,500.00,100 גרם,false,,7.90,0.0158,true,1,13689
7290000523514,false,מלח ים יבש מלח הארץ 250 גרם מופחת נתרן,"חברת מלח הארץ אילת בע""\מ",IL,מלח ים מופחת נתרן,גרמים,250.00,100 גרם,false,,10.00,0.0400,true,1,9448
7290000523521,false,מלח ים מלח הארץ 250 גרם מועשר ביוד,חברת מלח הארץ אילת ב,IL,מלח מועשר ביוד,גרמים,250.00,100 גרם,false,,5.90,0.0236,true,1,9449
7290000523804,false,"מלח עדין צנצנת 1 ק""ג מלח הארץ","חברת מלח הארץ אילת בע""\מ",IL,מלח הארץ עדין 1קג,קילוגרמים,1.00,"ק""ג",false,,7.50,7.5000,true,1,33224
7290000523811,false,"צנצנת מלח גס 1 ק""ג מלח הארץ","חברת מלח הארץ אילת בע""\מ",IL,מלח הארץ גס 1קג,קילוגרמים,1.00,"ק""ג",false,,7.50,7.5000,true,1,34083
7290000525969,false,מיץ תפוזים סחוט רכיבים טבעיים פרימור 1 ליטר,"גניר (1992) בע""מ",IL,פרימור סחוט תפוזים 1,ליטרים,1.00,ליטר,false,,15.90,15.9000,false,1,7503
7290000529271,false,תה עדנים-חליטת חרוב ופריחת פסיפלורה 45 ג,,IL,חליטת חרוב ופריחת פס,גרמים,45.00,100 גרם,false,,16.90,0.3756,true,1,142842
7290000529783,false,חליטת קמומיל אורגני 40 גרם עדנים,עדנים,IL,חליטת קמומיל אורגני,גרמים,26.00,100 גרם,false,,16.90,0.6500,true,1,83292
7290000529875,false,צאי מאסלה אורגני 30 ג' עדנים,,,צאי מאסלה אורגני עדנ,גרמים,30.00,100 גרם,false,,16.90,0.5633,true,1,83297
7290000529974,false,חליטת קורנית ואקליפט,,,חליטת קורנית ואקליפט,גרמים,45.00,100 גרם,false,,16.90,0.3756,true,1,142843
7290000530024,false,נקניק תה מעושן רחב במשקל,זוגלובק,IL,תה זוגלובק,קילוגרמים,1.00,"ק""ג",true,,49.90,49.9000,false,1,11667
7290000530062,false,נקניק מעושן איטלקי במשקל,זוגלובק,IL,מעושן איטלקי בלו,קילוגרמים,1.00,"ק""ג",true,,72.90,72.9000,true,1,11669
7290000530086,false,נקניק סלמי מעושן זוגלובק 600 גרם,נקניק נהריה כשר זוגל,IL,סלמי מעוש 7000ן,גרמים,610.00,100 גרם,false,,31.90,0.0523,true,1,23577
7290000530116,false,נקניק סלמי מעושן בשן 470 ג' זוגלובק,נקניק נהריה כשר זוגל,IL,נקניק בשן,גרמים,485.00,100 גרם,false,,25.90,0.0534,true,1,11670
7290000530178,false,נקניק קוניאק זוגלובק,זוגלובק,IL,נקניק קוניאק זוגלובק,קילוגרמים,1.00,"ק""ג",true,,79.90,79.9000,true,1,11671
7290000530369,false,גולן ח.הודו מעוש.שלם משק,זוגלובק,IL,גולן-חזה מעושן,קילוגרמים,1.00,"ק""ג",true,,79.90,79.9000,false,1,11674
7290000530413,false,המבורגר זהב זוגלובק 400 גרם,נקניק נהריה כשר זוגל,IL,המבורגר זהב,גרמים,400.00,100 גרם,false,,19.90,0.0497,true,1,11675
7290000530598,false,נקניקיות עוף וינר זוגלובק 500 גרם,נקניק נהריה כשר זוגל,IL,נקנקיות,גרמים,500.00,100 גרם,false,,17.00,0.0340,true,1,11678
7290000530604,false,נקניקיות וינר חריפות גוליבר 500ג זוגלובק,נקניק נהריה כשר זוגל,IL,נקנקיות חריפות,גרמים,500.00,100 גרם,false,,16.50,0.0330,true,1,11679
7290000530703,false,פסטרמה חרמון כפרית ונקניק תה מעושן זוגלובק 2*400 גרם,נקניק נהריה כשר זוגל,IL,חרמון כפרית 400+תה 4,גרמים,800.00,100 גרם,false,,26.90,0.0336,true,1,36948
7290000531410,false,פסטרממיה בדבש טהור במשקל,זוגלובק,IL,פסטרממיה בדבש טה,קילוגרמים,1.00,"ק""ג",true,,79.90,79.9000,false,1,11687
7290000531601,false,סטייקבורגר זהב זוגלובק 400 גרם,נקניק נהריה כשר זוגל,IL,סטייקבורגר זהב,גרמים,400.00,100 גרם,false,,19.90,0.0497,true,1,11690
7290000532400,false,חזה הודו ברביקיו במשקל,זוגלובק,IL,פסטרמה בר בי קיו זו,קילוגרמים,1.00,"ק""ג",true,,79.90,79.9000,false,1,11700
7290000532479,false,"נקנקיות חריפות 1 ק""ג זוגלובק",זוגלובק,,"נקניקיות חריפות 1 ק""",קילוגרמים,1.00,"ק""ג",false,,29.90,29.9000,true,1,96434
7290000533353,false,"בצק עלים צרפתי 1 ק""ג זוגלובק",מאפיית אריאל וגידרון,IL,בצק עלים זוגלובק,קילוגרמים,1.00,"ק""ג",false,,19.90,19.9000,false,1,11709
7290000534718,false,חזה הודו תבור דל שומן מש,זוגלובק,IL,תבור-חזה הודו דל שומ,קילוגרמים,1.00,"ק""ג",true,,79.90,79.9000,false,1,11723
7290000536743,false,שניצלונים קריספי ט. תירס 500 גר' זוגלובק,נקניק נהריה כשר זוגל,IL,קריספי סטיקס תירס,גרמים,500.00,100 גרם,false,,13.90,0.0278,true,1,57780
7290000537566,false,נקניקיות עוף טרי 400 ג' זוגלובק,נקניק נהריה כשר זוגל,IL,נקנקיות עוף טרי,גרמים,400.00,100 גרם,false,,15.90,0.0398,true,1,11749
7290000538372,false,נקניק קוניאק אקסטרה,זוגלובק,IL,פיין אקסטרא קוני,קילוגרמים,1.00,"ק""ג",true,,49.90,49.9000,false,1,11757
7290000554006,false,גבינה קשקבלו משולשים,מחלבות גד,IL,גבינת קשקבל גד,קילוגרמים,1.00,"ק""ג",true,,129.90,129.9000,true,1,18301
7290000554402,false,מעדן חלב מלבי 5% גד 170 גרם,"מיוצר ע""\י קוד יצרן EDNK",IL,מלבי 5% גד,גרמים,160.00,100 גרם,false,,5.90,0.0369,true,1,18302
7290000554457,false,גבינה צפתית במליחות עדינה 5% גד 350 גרם,"מחלבות גד בע""\מ",IL,צפתית גד 5%,גרמים,350.00,100 גרם,false,,22.90,0.0654,true,1,18303
7290000554471,false,נקניק מוצרלה 22 אחוז 180גרם גד מהדרין,"מחלבות גד בע""\מ",IL,מוצרלה 22%,גרמים,180.00,100 גרם,false,,17.90,0.0994,true,1,18304
7290000554532,false,גבינה צפתית מעודנת במלח ים 5% 200 ג' גד,הנסיך- מפעל לייצור ט,IL,צפתית מעודנת 5% 200ג,גרמים,200.00,100 גרם,false,,14.90,0.0745,true,1,31866
7290000554600,false,מוצרלה מגורדת 22 אחוז 300גרם גד מהדרין,מחלבות גד בעמ,IL,מוצרלה מגורדת 22%,גרמים,300.00,100 גרם,false,,27.90,0.0930,true,1,18307
7290000554686,false,גבינת לאבנה בתוספת שמן זית וזעתר 5% גד 250 גרם,מחלבות גד בעמ,IL,לבנה 5% זעתר גד,גרמים,250.00,100 גרם,false,,14.90,0.0596,true,1,18309
7290000554754,false,גבינה מוצרלה כדורקטן,מחלבות גד,IL,מוצרלה במים קטן,קילוגרמים,1.00,"ק""ג",true,,95.90,95.9000,true,1,18312
7290000554815,false,מוצרלה נקניק 22% במשקל,מחלבות גד,IL,מוצרלה גד,קילוגרמים,1.00,"ק""ג",true,,85.90,85.9000,false,1,18314
7290000554822,false,ריקוטה גבינה לבנה בסגנון איטלקי 5% גד 250 גרם,מחלבות גד בעמ,IL,ריקוטה אורדה 5% גד,גרמים,250.00,100 גרם,false,,14.50,0.0580,true,1,18315
7290000554839,false,מסקרפונה שמנת מתוקה קשה בסגנון איטלקי 40% גד 250 גרם,מחלבות גד בעמ,IL,מסקרפונה 40% גד,גרמים,250.00,100 גרם,false,,22.50,0.0900,true,1,18316
7290000554891,false,גב.בולגרית %16 במשקל,מחלבות גד,IL,בולגרית 16% גד,קילוגרמים,1.00,"ק""ג",true,,59.90,59.9000,false,1,27476
7290000554976,false,גבינת שמנת זיתים גד,מחלבות גד,IL,גבינת שמנת זיתים גד,קילוגרמים,1.00,"ק""ג",true,,47.90,47.9000,true,1,18321
7290000554983,false,גבינה לאבנה גד במשקל,מחלבות גד,IL,לבנה במשקל,קילוגרמים,1.00,"ק""ג",true,,41.90,41.9000,true,1,18322
7290000554990,false,מוצרלה כדורים גדולים,מחלבות גד,IL,מוצרלה גד במים,קילוגרמים,1.00,"ק""ג",true,,95.90,95.9000,true,1,14415
7290000555501,false,פיקדון 30 אגורות,,,פיקדון בק' ריק,יחידה,0.00,יחידה,false,,0.30,0.0000,false,1,5601
7290000555502,false,פיקדון שש בק',,,פיקדון שש בק',יחידה,0.00,יחידה,false,,1.80,0.0000,false,1,5714
7290000555503,false,פיקדון בירה קוזל,פריגת,,פיקדון ארבע בק',יחידה,0.00,יחידה,false,,1.20,0.0000,false,1,5658
7290000555507,false,פיקדון שתיים עשרה בק,,,פיקדון שתיים עשרה בק,יחידה,0.00,יחידה,false,,3.60,0.0000,false,1,88447
7290000555508,false,פיקדון חמש בק',,,פיקדון חמש בק',יחידה,0.00,יחידה,false,,1.50,0.0000,false,1,120588
7290000560021,false,אדג' ג'ל ורוד נגד חתכים 198ג',המאפיה של הרמן,US,אדג' ג'ל סגול נגד חת,גרמים,200.00,100 גרם,false,,17.90,0.0895,false,1,16313
7290000560533,false,אדג' ג'ל גילוח ירוק לעור רגיל 198גרם,אס.סי ג'ונסון ובניו,US,אדג' ג'ל ירוק לעור ר,גרמים,200.00,100 גרם,false,,17.90,0.0895,false,1,16314
7290000560540,false,אדג' ג'ל גילוח כתום לעור רגיש 198גרם,המאפיה של הרמן,US,אדג' ג'ל כתום לעור ר,גרמים,200.00,100 גרם,false,,17.90,0.0895,false,1,16315
7290000560557,false,אדג' ג'ל סגול כהה לעור יבש 198ג',אס.סי ג'ונסון ובניו,US,אדג' ג'ל סגול כהה לע,גרמים,200.00,100 גרם,false,,17.90,0.0895,false,1,16316
7290000561097,false,תערובת פיצוחים מובחרת 150 גרם,,,תערובת פיצוחים מובחר,גרמים,150.00,100 גרם,false,,14.90,0.0993,true,1,92694
7290000561189,false,חמוציות חתוכות 200 ג,,,חמוציות חתוכות 200 ג,גרמים,200.00,100 גרם,false,,8.90,0.0445,true,1,93148
7290000561202,false,גרעינים חמניה 200 גרם פיצוחי חממה,,,גרעיני חמניה 200 גר,גרמים,200.00,100 גרם,false,,5.80,0.0290,true,1,26317
7290000561233,false,בוטנים קלויים 200 גרם פיצוחי חממה,,,בוטן קלוי 200 גרם,גרמים,200.00,100 גרם,false,,7.20,0.0360,true,1,28929
7290000561240,false,גרעיני דלעת 200 גרם פיצוחי חממה,,,גרעיני דלעת 200 גר,גרמים,200.00,100 גרם,false,,11.90,0.0595,true,1,28927
7290000561295,false,חמוציות ברכז 200 גר',,,חמוציות ברכז 200 גר',גרמים,200.00,100 גרם,false,,13.90,0.0695,true,1,93477
7290000561349,false,קשיו קלוי 150 גר' לל,,,קשיו קלוי 150 גר' לל,גרמים,150.00,100 גרם,false,,13.50,0.0900,true,1,97161
7290000561363,false,גרעיני אבטיח 200 גרם פיצוחי חממה,,,גרעיני אבטיח 200 גר,גרמים,200.00,100 גרם,false,,14.90,0.0745,true,1,28932
7290000561370,false,שקד קלוי 150 גר' ללא,,,שקד קלוי 150 גר' ללא,גרמים,150.00,100 גרם,false,,14.50,0.0967,true,1,97162
7290000561387,false,תערובת פיצוחים קלויים ללא מלח,,,תערובת פיצוחים 150 ג,גרמים,150.00,100 גרם,false,,15.90,0.1060,true,1,97176
7290000561561,false,מנצ'יס 200 גרם פיצוחי חממה,,,מנצ'יס 200 גרם,גרמים,200.00,100 גרם,false,,8.20,0.0410,true,1,28933
7290000561578,false,בוטן אמריקאי 200 גרם פיצוחי חממה,,,'בוטן אמריקאי 200 גר,גרמים,200.00,100 גרם,false,,6.00,0.0300,true,1,28934
7290000561585,false,קבוקים 200 גרם פיצוחי חממה,,,קבוקים 200 גרם,גרמים,200.00,100 גרם,false,,6.00,0.0300,true,1,28935
7290000561714,false,צנובר 100 גרם פיצוחי חממה,,,צנובר 100 גרם,גרמים,100.00,100 גרם,false,,22.90,0.2290,true,1,28943
7290000561936,false,צימוק כהה 200 גר',,,צימוק כהה 200 גר',גרמים,200.00,100 גרם,false,,8.90,0.0445,true,1,37422
7290000561981,false,אגוזי מלך 200 גרם פיצוחי חממה,,,אגוזי המלך 200 גרם,גרמים,200.00,100 גרם,false,,12.90,0.0645,true,1,28937
7290000571232,false,גבינת גאודה טבעית פרוס 30% המחלווה 150ג',גבינות משק אחים מאיר בית,IL,גבינת גאודה 30% בית,גרמים,150.00,100 גרם,false,,23.90,0.1593,true,1,33163
7290000571300,false,גבינה גאודה פרוס מעושנת המחלבה 150ג',גבינות משק אחים מאיר,IL,גאודה פרוס מעושנת,גרמים,150.00,100 גרם,false,,23.90,0.1593,true,1,44782
7290000571386,false,המחלבה יוגורמה יוגורט מחלב כבשים 5% 850 גרם,גבינות משק אחים מאיר בית,IL,יוגורט מחלב כבשים 5%,גרמים,850.00,100 גרם,false,,26.90,0.0316,true,1,8569
7290000571478,false,גבינת תום עיזים פרוס המחלבה 200 גרם,גבינות משק אחים מאיר בית,IL,גבינת תום עיזים 30%,גרמים,150.00,100 גרם,false,,35.90,0.2393,true,1,35777
7290000571812,false,גבינת פרמז'ן מגורד 200 גרם,גבינות משק אחים מאיר,IL,פרמזן מגורד בית יצחק,גרמים,200.00,100 גרם,false,,22.50,0.1125,true,1,54745
7290000572055,false,אחוה חלוה ללא סוכר עם סיבים ואגוזים 400 גרם,אחדות ביחר לטחינה חל,IL,חלוה לייט 400 גרם,גרמים,400.00,100 גרם,false,,13.50,0.0338,true,1,25337
7290000572208,false,חלוה בטעם וניל אחווה 100 גרם,שוורצקוף& הנקל דיסלד,IL,חלבה אחווה וניל 100,גרמים,100.00,100 גרם,false,,2.90,0.0290,false,1,14168
7290000572215,false,חלבה וניל מצופה אחווה 80ג',אחדות ביחר לטחינה חל,IL,חלבה אחוה מצופה 80 ג,גרמים,80.00,100 גרם,false,,2.90,0.0362,true,1,14169
7290000572222,false,חלווה בלוק וניל אחוה 500 גרם,שוורצקוף& הנקל דיסלד,IL,חלבה וניל בלוק אחווה,גרמים,500.00,100 גרם,false,,11.50,0.0230,true,1,14170
7290000572529,false,חלוה עם פיסטוק אחווה 400 גרם,אחדות ביחר לטחינה חל,IL,חלבה פיסטוק אחווה 40,גרמים,400.00,100 גרם,false,,12.50,0.0313,true,1,14173
7290000572536,false,אחווה חלווה ווניל במגש 400 גר,אחדות ביחר לטחינה חל,IL,חלבה אחווה וניל 400,גרמים,400.00,100 גרם,false,,10.90,0.0273,true,1,14174
7290000572543,false,חלוה בטעם שוקו וניל אחווה 400 גרם,אחדות ביחר לטחינה חל,IL,חלבה אחווה שוקו וניל,גרמים,400.00,100 גרם,false,,10.90,0.0273,true,1,14175
7290000572628,false,חטיפי חלווה ללא סוכר בקופסא 250 גרם,שוורצקוף& הנקל דיסלד,IL,חלבה אחווה וניל ללא,גרמים,275.00,100 גרם,false,,13.90,0.0505,true,1,14176
7290000572673,false,מארז חלווה אחוה 12 יחידות 300 גרם,שוורצקוף& הנקל דיסלד,IL,חלבה אורגנית אחווה מ,גרמים,300.00,100 גרם,false,,13.90,0.0463,true,1,14178
7290000572819,false,"טחינה גולמית אחווה 1 ק""ג",אחדות ביחר לטחינה חל,IL,"טחינה 1 ק""ג אחווה",קילוגרמים,1.00,"ק""ג",false,,22.90,22.9000,true,1,50891
7290000574035,false,לחם אחיד פרוס 750גרם דגנית עין בר,יוניליוור גרמניה Gm,IL,לחם שחור פרוס דגנית,גרמים,750.00,100 גרם,false,,6.50,0.0087,false,1,15074
7290000574141,false,לחם חיטה מלא 750ג' דגנית עין בר,דגנית עין בר תעשיות מזון,IL,לחם חיטה מלא דגנית,גרמים,750.00,100 גרם,false,,12.90,0.0172,false,1,23094
7290000574165,false,חלה פרוסה מעודנת 500,מולינו ניקולי s.p.a,IL,חלה פרוסה,גרמים,500.00,100 גרם,false,,9.90,0.0198,true,1,15076
7290000574172,false,לחם קל מחיטה מלאה 750 ג' דגנית עין בר,דגנית עין בר תעשיות מזון,IL,לחם קל מחיטה מלאה,גרמים,750.00,100 גרם,false,,12.90,0.0172,false,1,32493
7290000574332,false,חלה קלה פרוסה דגנית,דגנית עין בר,IL,חלה קלה,גרמים,500.00,100 גרם,false,,17.90,0.0358,true,1,15080
7290000574455,false,לחם חיטה מלא פלוס כוסמין 750 ג' דגנית עין בר,פריט ללא פיקוח,IL,לחם חיטה מלא כוסמין,גרמים,750.00,100 גרם,false,,13.90,0.0185,true,1,76499
7290000604015,false,ביצים ענקיות XL תנובה 12 יחידות,ביצי תנובה,IL,ביצים ענק XL,יחידה,0.00,יחידה,false,,13.10,0.0000,false,1,28417
7290000604022,false,ביצים גדולות L תנובה 12 יחידות,ביצי תנובה,,ביצים גדול L,יחידה,0.00,יחידה,false,,12.05,0.0000,false,1,28418
7290000604343,false,תמר דקל נור 400 גר,פרי וירק טמרה ושותפי,,תמרים 400גר',גרמים,400.00,100 גרם,false,,9.90,0.0248,true,1,24369
7290000630526,false,עוף טרי מפורק,תנובה בשר,,עוף טרי מפורק,קילוגרמים,1.00,"ק""ג",true,,19.90,19.9000,false,1,9123
7290000631059,false,כבד לצליה בלבד תפזור,תנובה,IL,כבד לצליה בלבד תפזור,קילוגרמים,1.00,"ק""ג",true,,16.90,16.9000,false,1,9125
7290000631257,false,לב לצליה בלבד,,,לב לצליה בלבד,קילוגרמים,1.00,"ק""ג",true,,24.90,24.9000,false,1,9129
7290000632278,false,שניצל עוף טרי,,,שניצל עוף טרי,קילוגרמים,1.00,"ק""ג",true,,39.90,39.9000,false,1,9134
7290000632452,false,כרעיים עוף טרי תפזור,,,כרעיים עוף טרי תפזור,קילוגרמים,1.00,"ק""ג",true,,25.90,25.9000,false,1,9136
7290000632629,false,שווארמה פרגיות,,,שווארמה פרגיות,קילוגרמים,1.00,"ק""ג",true,,64.90,64.9000,false,1,18201
7290000633855,false,כנפיים עוף טרי (ללא,,,כנפיים עוף טרי (ללא,קילוגרמים,1.00,"ק""ג",true,,9.90,9.9000,false,1,9142
7290000640150,false,הודו נקבה שלם טרי,,,הודו שלם,קילוגרמים,1.00,"ק""ג",true,,29.90,29.9000,false,1,9146
7290000640945,false,פילה עוף טרי,,,פילה עוף טרי,קילוגרמים,1.00,"ק""ג",true,,31.90,31.9000,false,1,75755
7290000641751,false,חזה הודו טרי,,,חזה הודו טרי,קילוגרמים,1.00,"ק""ג",true,,32.90,32.9000,false,1,9147
7290000642840,false,שוק הודו טרי,,,שוק הודו טרי,קילוגרמים,1.00,"ק""ג",true,,29.90,29.9000,false,1,9150
7290000643243,false,שווארמה הודו נקבה טר,תנובה בשר,,טרי הודו שווארמה נקב,קילוגרמים,1.00,"ק""ג",true,,71.90,71.9000,false,1,9152
7290000643359,false,שוק מפורק טרי תפזורת,תנובה,IL,טרי שוק הודו מפורק ל,קילוגרמים,1.00,"ק""ג",true,,57.90,57.9000,false,1,9153
7290000643946,false,כנף הודו טרי,,,כנף הודו טרי,קילוגרמים,1.00,"ק""ג",true,,13.90,13.9000,false,1,18204
7290000644356,false,גרון הודו נ. טרי,,,גרון הודו טרי,קילוגרמים,1.00,"ק""ג",true,,31.90,31.9000,false,1,9158
7290000644783,false,נתחי פילה סלמון קפוא קג,דגי תנובה,DK,פילה סלמון מנות בואק,קילוגרמים,1.00,"ק""ג",true,,84.90,84.9000,true,1,37830
7290000652177,false,נתחי פילה נסיכה 100% דג קפוא תנובה,דגי תנובה,IL,נתחי פילה נסיכת הניל,קילוגרמים,1.00,"ק""ג",true,,59.90,59.9000,true,1,102571
7290000652542,false,פילה אמנון קפוא 5-7 קג,דגי תנובה,IL,פילה אמנון 5-7 תנובה,קילוגרמים,1.00,"ק""ג",true,,31.90,31.9000,true,1,102235
7290000654546,false,פילה אמנון 7-9 100% דג תנובה,תנובה,CN,פילה אמנון 7-9 תנובה,קילוגרמים,1.00,"ק""ג",true,,32.90,32.9000,true,1,103619
7290000655376,false,פילה דניס קפוא תנובה,דגי תנובה,TR,פילה דניס קפוא תנובה,קילוגרמים,1.00,"ק""ג",true,,81.90,81.9000,true,1,85553
7290000659312,false,דגי תנובה פילה סלומון קפוא בוואקום,דגי תנובה,IL,פילה סלמון קפוא,קילוגרמים,1.00,"ק""ג",true,,72.90,72.9000,true,1,9160
7290000662213,false,נתח פילה סלמון קפוא תנובה,תנובה,IL,נתח פילה סלומון,קילוגרמים,1.00,"ק""ג",true,,84.90,84.9000,true,1,93294
7290000662817,false,סלמון מעושן 100 גרם נורבגי מדג טרי,דגי תנובה,IL,סלמון מעושן 100 גר',גרמים,100.00,100 גרם,false,,21.00,0.2100,true,1,106332
7290000663036,false,פילה אמנון קפוא ללא עור 100% דג תנובה,דגי תנובה,IL,פילה אמנון קפוא ללא,קילוגרמים,1.00,"ק""ג",true,,32.90,32.9000,true,1,106358
7290000663104,false,שווארמה פרגית להקפצה,תנובה בשר,IL,שווארמה פרגית להקפצה,גרמים,300.00,100 גרם,false,,29.90,0.0997,true,1,106135
7290000663135,false,קוביות סלמון 100% דג קפוא 300 גרם,"צ'\ילה, Ll MONTT, PUERTO",CL,קוביות סלומון להקפצה,גרמים,300.00,100 גרם,false,,29.90,0.0997,true,1,108563
7290000679440,false,"קמיל בלו משחה לתינוק ד""ר פישר 100 גרם",פישר מעבדות פרמצבטיות בע,IL,משחה לתינוק קמיל בלו,גרמים,100.00,100 גרם,false,,15.90,0.1590,true,1,10732
7290000679532,false,"עלמה פלוס ויטמין קרם ידיים 100 מ""ל",,,קרם ידיים עלמה,מיליליטרים,200.00,"100 מ""ל",false,,14.90,0.0745,true,1,96164
7290000688077,false,"מי עדן 0.500 מ""ל פקק רגיל",מופק ממקור בזלתי עדן,IL,מי עדן 5 0 ליטר.,יחידה,500.00,יחידה,false,,2.20,0.0044,true,1,13875
7290000688084,false,מי עדן פקק ספורטאים500מל,"מופק ממקור בזלתי עדן ,1",IL,מי עדן ספורט 5 0.,יחידה,500.00,יחידה,false,,2.70,0.0054,false,1,13876
7290000688374,false,"מים מינרליים מי עדן בייבי 6*330 מ""ל","מופק ממקור בזלתי עדן ,1",IL,מי עדן בייבי שישייה,ליטרים,1.98,ליטר,false,,13.90,7.0202,false,1,13879
7290000688381,false,שישיית מי עדן פקק ספורט 0.5 ליטר,"מופק ממקור בזלתי עדן ,1",IL,מי עדן שישייה 0.5 ל',ליטרים,3.00,ליטר,false,,12.90,4.3000,false,1,13880
7290000688466,false,מים מינרלים פקק ספור,מופק ממקור בזלתי עדן,IL,מי עדן ג'ים 750,יחידה,750.00,יחידה,false,,3.20,0.0043,true,1,13881
7290000688503,false,"מים מינרלים פקק ספורט מי עדן 6*750 מ""ל","מופק ממקור בזלתי עדן ,1",IL,מי עדן ספורט שישייה,ליטרים,4.50,ליטר,false,,14.90,3.3111,true,1,13884
7290000692135,false,ספיד סטיק דאו בסיסי ירוק א.פ פרש פאוור,קולגייט-פלמוליב,TR,ספיד סטיק לגבר,גרמים,60.00,100 גרם,false,,19.90,0.3317,true,1,21640
7290000692203,false,נוזל לניקוי כללי ורצפות בניחוח לימון אג'קס 2 ליטר,הנסיך- מפעל לייצור ט,GR,אג'קס ירוק 2 ליטר,ליטרים,2.00,ליטר,false,,22.90,11.4500,false,1,7930
7290000692210,false,נוזל לניקוי כללי ורצפות בניחוח לבנדר אג'קס 2 ליטר,הנסיך- מפעל לייצור ט,GR,אג'קס סגול 2 ליטר,ליטרים,2.00,ליטר,false,,22.90,11.4500,false,1,7931
7290000692227,false,נוזל כלים פלמוליב צילינדר קלאסי 1 ליטר,יבואן ומשווק: ש. שסט,GR,פלמוליב לכלים 1ליטר,ליטרים,1.00,ליטר,false,,13.90,13.9000,false,1,7932
7290000692456,false,אג'קס חלונות זוג 750*2 מל ספריי ורפיל,הנסיך- מפעל לייצור ט,GR,אג'קס לחלונות זוג,ליטרים,1.50,ליטר,false,,24.90,16.6000,true,1,7935
7290000803067,false,"משחת שיניים לילדים גילאים 6-2 אלמקס 75 מ""ל",הנסיך- מפעל לייצור ט,PL,אלמקס משחת שיניים לי,גרמים,75.00,100 גרם,false,,15.90,0.2120,true,1,16334
7290000803180,false,מרידול מי פהשטיפה דנטלית 400 מל,קולגייט פלמוליב,CH,מרידול שטיפת פה 400מ,מיליליטרים,400.00,"100 מ""ל",false,,29.90,0.0747,true,1,16335
7290000804484,false,אלמקס שטיפת פה דנטלית למניעת עששת 400מל,קולגייט פלמוליב,CH,אלמקס מי פה לשטיפה 4,מיליליטרים,400.00,"100 מ""ל",false,,27.90,0.0697,true,1,16338
7290000805900,false,"מזון חתולים לה קט עוף 2.85 ק""ג","ביופט בע""מ",FR,"לה קט עוף 2.85 ק""ג",קילוגרמים,2.85,"ק""ג",false,,59.90,21.0175,false,1,15867
7290000805917,false,"מזון חתולים לה קט כבד 2.85 ק""ג","ביופט בע""מ",IL,"לה קט כבד 2.85 ק""ג",קילוגרמים,2.85,"ק""ג",false,,59.90,21.0175,true,1,15868
7290000805924,false,"מזון חתולים לה קט דגים 2.85 ק""ג","ביופט בע""מ",IL,"לה קט דגים 2.85 ק""ג",קילוגרמים,2.85,"ק""ג",false,,59.90,21.0175,false,1,15869
7290000830001,false,אגוזי ברזיל,,,אגוזי ברזיל,קילוגרמים,1.00,"ק""ג",true,,69.00,69.0000,true,1,11459
7290000841557,false,"סטרילי נוזל חיטוי 500 מ""ל לניקוי פירות וירקות",,IL,סטרילי טבע-תרכיז לני,מיליליטרים,500.00,"100 מ""ל",false,,13.50,0.0270,true,1,57564
7290001045169,false,מיץ תפוחי עץ צלול פרימור 1 ליטר,"גניר (1992) בע""מ",IL,פרימור מיץ תפוחים צל,ליטרים,1.00,ליטר,false,,15.90,15.9000,true,1,7507
7290001045688,false,"מיץ תפוזים סחוט פרימור 400 מ""ל",פרימור,IL,פרימור תפוזים סחוט 4,מיליליטרים,400.00,"100 מ""ל",false,,8.70,0.0218,true,1,7513
7290001102015,false,שקית בד בינונית,,,שקית בד בינונית,יחידה,0.00,יחידה,false,,21.90,0.0000,true,1,35432
7290001102022,false,שקית בד גדולה,,,שקית בד גדולה,יחידה,0.00,יחידה,false,,21.90,0.0000,true,1,35433
7290001121023,false,פסטרמה של פעם יחיעם,מעדני יחיעם,IL,פסטרמה של פעם יחיעם,קילוגרמים,1.00,"ק""ג",true,,79.90,79.9000,false,1,10606
7290001121054,false,צמד חמד פסטרמה וסלמי יחיעם 700 גרם,תאי פרזידנט פוד פאבל,IL,זוג פסטרמה יחיעם,גרמים,700.00,100 גרם,false,,24.90,0.0356,true,1,10608
7290001121092,false,פסטרמה עוף בגריל במשקל,מעדני יחיעם,IL,פסטרמה עוף בגריל,קילוגרמים,1.00,"ק""ג",true,,79.90,79.9000,false,1,10610
7290001121146,false,פסטרמה טבעית חזה הוד,מעדני יחיעם,IL,פסטרמה טבעית יחיעם,קילוגרמים,1.00,"ק""ג",true,,79.90,79.9000,false,1,10611
7290001121849,false,פסטרמה ברביקיו יחיעם 250 גרם ר.טבעיים,מעדני יחיעם 1993,IL,פסטרמה 100% חומרים ט,גרמים,250.00,100 גרם,false,,25.90,0.1036,true,1,49613
7290001121931,false,קבנוס מקסיקני דק דק יחיעם 125 גרם,מעדני יחיעם 1993,,קבנוס מקסיקני דק דק,גרמים,125.00,100 גרם,false,,13.90,0.1112,true,1,45943
7290001124536,false,ארוחת נודלס טעם תירס מג'יק 70 גרם,טאט הוי פוד בעמ,SG,מגיק איטריות,גרמים,70.00,100 גרם,false,,5.00,0.0714,false,1,17831
7290001136287,false,"שמפו לשיער רגיל בבושם פרחים נקה 7 750 מ""ל","אמיליה קוסמטיקס בע""מ",IL,נקה 7-שמפו רגיל ירו,מיליליטרים,750.00,"100 מ""ל",false,,11.90,0.0159,true,1,16749
7290001136294,false,"שמפו לשיער יבש בבישום פרחים נקה 7 750 מ""ל","אמיליה קוסמטיקס בע""מ",IL,נקה 7-שמפו יבש אדו,מיליליטרים,750.00,"100 מ""ל",false,,11.90,0.0159,true,1,16750
7290001136362,false,נקה 7 תחליב רחצה אלוורה ארומה ירוק 1 ל',מיוצר בסין.יבוא ושיו,IL,נקה תחליב רחצה ירוק,ליטרים,1.00,ליטר,false,,13.90,13.9000,true,1,16756
7290001136683,false,"מרכך לשיער רגיל בבושם פרחים נקה 7 750 מ""ל","אמיליה קוסמטיקס בע""מ",IL,נקה 7-מייצב רגיל ירו,מיליליטרים,750.00,"100 מ""ל",false,,11.90,0.0159,true,1,16759
7290001136799,false,נקה 7 תחליב רחצה ארומה ורוד יסמין 1 ל',מיוצר בסין.יבוא ושיו,IL,נקה תחליב רחצה ורוד,ליטרים,1.00,ליטר,false,,13.90,13.9000,true,1,16761
7290001136973,false,נקה 7 תחליב רחצה ארומה קמומיל לבן 1 ל',טרופיקל דגיל תעשיות,IL,נקה תחליב רחצה לבן ק,ליטרים,1.00,ליטר,false,,13.90,13.9000,true,1,16766
7290001164266,false,אפקטבעי גרנולה ללא סוכר 500גר,אפקט טבעי בעמ,IL,גרנולה ללא סוכר,גרמים,500.00,100 גרם,false,,21.00,0.0420,true,1,18958
7290001164402,false,אפקטבעי ג'עלה בצנצנת 200 גרם,בטר אנד דיפרנט,IL,תערובת ג'עלה,גרמים,200.00,100 גרם,false,,12.90,0.0645,true,1,18963
7290001164419,false,גאלה תערובת אגוזים וגרעינים לסלט 600 גר,אפקט טבעי,IL,תערובת ג'עלה,גרמים,600.00,100 גרם,false,,28.90,0.0482,true,1,18964
7290001193266,false,נרות חנוכה לוקס 45 יח',,IL,נרות חנוכה לוקס,יחידה,0.00,יחידה,false,,6.90,0.0000,true,1,104276
7290001216040,false,טחינה גולמית שומשום טהור אל ארז 500 גרם,אגס ירוק מסחר ושירותים,IL,טחינה אל ארז 0.5קג,יחידה,1.00,יחידה,false,,15.00,15.0000,true,1,26773
7290001216057,false,"טחינה שומשום טהור אל ארז 1 ק""ג",אגס ירוק מסחר ושירותים,IL,טחינה אל ארז 1קג,גרמים,500.00,100 גרם,false,,27.90,0.0558,true,1,26774
7290001216101,false,"טחינה שומשום מלא אל ארז 1 ק""ג",טחינה אל ארז,IL,טחינה מלאה 1 קג אל א,גרמים,1000.00,100 גרם,false,,29.90,0.0299,true,1,104185
7290001216231,false,טחינה גולמית שומשום מלא אל ארז 500 גרם,אגס ירוק מסחר ושירותים,IL,טחינה מלאה אל ארז,גרמים,500.00,100 גרם,false,,15.90,0.0318,true,1,34810
7290001230234,false,סיגריות כאמל סופט חפ,גיי טי אינטרנשיונל,CH,כאמל סופט,יחידה,0.00,יחידה,false,,31.00,0.0000,false,1,7438
7290001230331,false,סיגריות כאמל בוקס חפ,Unknown,CH,כאמל בוקס,יחידה,0.00,יחידה,false,,31.00,0.0000,false,1,7439
7290001230739,false,כאמל כחול חפיסה חפיסה,Unknown,CH,כאמל כחול,יחידה,0.00,יחידה,false,,31.00,0.0000,false,1,7440
7290001231233,false,סיגריות וינסטון בוקס,Unknown,CH,וינסטון בוקס,יחידה,0.00,יחידה,false,,32.50,0.0000,false,1,18297
7290001231932,false,ווינסטון כחול בוקס חפיסה,Unknown,CH,וינסטון כחול בוקס,יחידה,0.00,יחידה,false,,32.50,0.0000,false,1,18298
7290001235938,false,וינסטון כחול ארוך חפיסה,Unknown,CH,וינסטון כחול ארוך,יחידה,0.00,יחידה,false,,32.50,0.0000,false,1,27735
7290001246900,false,אקופרינד-מסיר שומנים 750 מל,אקופרנד,IL,אקופרנד מסיר שומנים,מיליליטרים,750.00,"100 מ""ל",false,,17.90,0.0239,true,1,101025
7290001246924,false,אקופירנד-ניקוי חלונות 750 מל,סאסאטק,IL,אקופרנד ניקוי חלונות,מיליליטרים,750.00,"100 מ""ל",false,,14.50,0.0193,true,1,104856
7290001246948,false,מלבין אקונומיקה 2 ליטר,אקופרנד,IL,אקופרנד מלבין 2 ליטר,ליטרים,2.00,ליטר,false,,16.90,8.4500,true,1,101345
7290001246962,false,אקופרינד-נוזל כלים תפוז 1 ליטר,אקופרנד,IL,אקופרנד נוזל כלים תפ,ליטרים,1.00,ליטר,false,,13.90,13.9000,true,1,100345
7290001246979,false,אקופרינד-נוזל כלים 1 ליטר לימון,סאסאטק,IL,אקופרנד נוזל כלים לי,ליטרים,1.00,ליטר,false,,13.90,13.9000,true,1,100122
7290001246986,false,אקופרינד-נוזל רב תכליתי 1 ליטר,אקופרנד,IL,אקופרנד ניקוי רב תכל,ליטרים,1.00,ליטר,false,,16.90,16.9000,true,1,108048
7290001246993,false,אקופרינד-נוזל רצפות 4 ליטר,אקופרנד,IL,אקופרנד נוזל רצפות 4,ליטרים,4.00,ליטר,false,,26.90,6.7250,true,1,99928
7290001247068,false,קרטונית נקטר ספרינג תות בננה 1 ליטר,יפאורה שותפות מובגלת לשיווק,IL,ספרינג קרטונית תות ב,ליטרים,1.00,ליטר,false,,6.90,6.9000,false,1,13893
7290001247082,false,מיץ עגבניות רכיבים טבעיים ספרינג 1 ליטר,יפאורה שותפות מובגלת לשיווק,IL,ספרינג קרטונית עגבני,ליטרים,1.00,ליטר,false,,6.90,6.9000,false,1,13895
7290001247099,false,קרטונית נקטר ספרינג מנגו 1 ליטר,יפאורה שותפות מובגלת לשיווק,IL,ספרינג קרטונית מנגו,ליטרים,1.00,ליטר,false,,6.90,6.9000,false,1,13896
7290001247105,false,קרטונית נקטר ספרינג אפרסק 1 ליטר,יפאורה שותפות מובגלת לשיווק,IL,ספרינג קרטונית אפרסק,ליטרים,1.00,ליטר,false,,6.90,6.9000,false,1,13897
7290001247112,false,קרטונית נקטר ספרינג לימונענע 1 ליטר,יפאורה שותפות מובגלת לשיווק,IL,ספרינג קרטונית לימונ,ליטרים,1.00,ליטר,false,,6.90,6.9000,false,1,13898
7290001247129,false,נקטר ספרינג תפוזים קרטונית 1 ל',יפאורה שותפות מובגלת לשיווק,IL,ספרינג קרטונית תפוזי,ליטרים,1.00,ליטר,false,,6.90,6.9000,false,1,13899
7290001258101,false,גבינת גאודה טבעית במ,מחלבת משק יעקובס,IL,גאודה טבעית יעקבס,קילוגרמים,1.00,"ק""ג",true,,95.00,95.0000,true,1,11866
7290001258149,false,פקורינו רומנו צאן 30%,גבינות משק יעקבס,IL,פקורינו רומנו צא,קילוגרמים,1.00,"ק""ג",true,,134.90,134.9000,true,1,11868
7290001258415,false,רוקפור באריזת ווקום יעקובס 180 גרם,גבינות משק יעקבס,IL,גבינת רוקפור 32%,גרמים,180.00,גרם,false,,26.90,0.1494,true,1,27470
7290001258422,false,קשקבל צאן 26% שומן במשקל,גבינות משק יעקבס,IL,קשקבל יעקבס מעדניה,קילוגרמים,1.00,"ק""ג",true,,120.00,120.0000,true,1,46909
7290001258446,false,"יעקבס יוגורט כבשים 5% 850 מ""ל",גבינות משק יעקבס,IL,יוגורט כבשים 5%,מיליליטרים,850.00,"100 מ""ל",false,,18.90,0.0222,true,1,35447
7290001258552,false,גבינה לאבנה בקר 250 גרם,בטר אנד דיפרנט,IL,גבינת לבנה בקר 250 ג,גרמים,250.00,100 גרם,false,,11.50,0.0460,true,1,36239
7290001258576,false,גאודה ואקום יעקובס 200 גרם,גבינות משק יעקבס,IL,גבינת גאודה 28%,גרמים,180.00,גרם,false,,23.90,0.1328,true,1,27469
7290001258590,false,גבינת מנצג'ו 30%גוש משקל,גבינות משק יעקבס,IL,אורי מנצ'גו גבינה צה,קילוגרמים,1.00,"ק""ג",true,,140.00,140.0000,true,1,31908
7290001258620,false,גבינת מנצ'גו מחלב כבשים יעקבס 180 גרם,גבינות יעקבס,IL,גבינת מנצ'גו,יחידה,0.00,יחידה,false,,22.90,0.0000,true,1,27472
7290001258668,false,גבינת עז מה 5% יעקבס 250 גרם,גבינות משק יעקבס,IL,גבינת עז מה 5% 250 מ,מיליליטרים,250.00,"100 מ""ל",false,,16.90,0.0676,true,1,34466
7290001258682,false,"יוגורט עיזים באריזה 500 מ""ל",גבינות משק יעקבס,IL,יוגורט עיזים 3% 500,מיליליטרים,500.00,"100 מ""ל",false,,13.90,0.0278,true,1,31485
7290001258729,false,לאבנה עיזים יעקובס 250 גרם,גבינות משק יעקבס,IL,"לבנה עיזים 250 מ""ל",גרמים,250.00,100 גרם,false,,16.90,0.0676,true,1,34122
7290001258774,false,מוצרלה בייבי 150 גרם יעקובס,גבינות משק יעקבס,IL,גבינת מוצרלה 140 גר',גרמים,140.00,100 גרם,false,,11.50,0.0821,true,1,44068
7290001258798,false,פטה כבשים יעקבס 250 גר,גבינות משק יעקבס,IL,גבינת פטה כבשים 250,גרמים,250.00,100 גרם,false,,29.90,0.1196,true,1,44070
7290001258804,false,קשקבל גבינה חצי קשה יעקבס 180 גרם,גבינות משק יעקבס,IL,גבינת קשקבל 180 גר',גרמים,180.00,100 גרם,false,,26.90,0.1494,true,1,44071
7290001258958,false,מוצרלה מגורדת יעקבס 200 גרם,גבינות משק יעקבס,IL,מוצרלה מגורדת 200 גר,גרמים,200.00,100 גרם,false,,21.90,0.1095,true,1,55019
7290001258972,false,גבינת חלומי בואקום 2,גבינות משק יעקבס,IL,גבינת חלומי 200 גר',גרמים,200.00,100 גרם,false,,21.90,0.1095,true,1,55020
7290001265642,false,"מזון חתולים מעדני פטה 1.2 ק""ג מארז 3 יחידות",קריות זול,FR,לה קט שלישיה,קילוגרמים,1.20,"ק""ג",false,,19.90,16.5833,true,1,15885
7290001274583,false,גלידל שוקו פקאן 0% שומן ללא סוכר,"פלקו בע""\מ, חברה ישראלית",IL,גלידל שוקו פקאן נטול,מיליליטרים,900.00,"100 מ""ל",false,,22.90,0.0254,true,1,98705
7290001302279,false,אוסם - במבה קלאסי 60 גרם,מיוצר עי קונדיטוריית,IL,במבה אסם 60 גר',גרמים,60.00,100 גרם,false,,4.20,0.0700,false,1,80274
7290001305058,false,"פלמוליב - נטורלס תחליב רחצה חלב ודבש 500 מ""ל",הנסיך- מפעל לייצור ט,TR,פלמוליב סבון נוזלי ל,מיליליטרים,500.00,"100 מ""ל",false,,14.90,0.0298,false,1,7942
7290001305188,false,"נוזל לניקוי כלים בריח לימון פלמוליב 750 מ""ל",יבואן ומשווק: ש. שסט,GR,פלמוליב לכלים שקוף ל,מיליליטרים,750.00,"100 מ""ל",false,,9.90,0.0132,false,1,7945
7290001327180,false,שטראוס קרמיסימו וניל ציפ 1.33 ליטר,"גלידת שטראוס בע""\מ, רחוב",IL,גלידה קרמיסימו וניל,ליטרים,1.33,ליטר,false,,24.90,18.7218,false,1,7792
7290001327791,false,גלידת קרמיסימו וניל עוגיות חלבי,"גלידת שטראוס בע""\מ, רחוב",IL,קרמיסימו וניל עוגיות,ליטרים,1.33,ליטר,false,,24.90,18.7218,false,1,7797
7290001327906,false,סולרו שוטס תות ב,שטראוס,,סולרו שוטס תות ב,יחידה,0.00,יחידה,false,,8.70,0.0000,true,1,7799
7290001333211,false,כנף צלוי,,,כנף צלוי,קילוגרמים,1.00,"ק""ג",true,,30.00,30.0000,false,1,146550
7290001333785,false,פילה טוויסט,,,פילה טוויסט,קילוגרמים,1.00,"ק""ג",true,,85.00,85.0000,false,1,146551
7290001343845,false,"גרנולה פירות 1 ק""ג - 845 - ורוד שקדיה",הנסיך- מפעל לייצור ט,IL,גרנולה תפוחי עץ קינמ,קילוגרמים,1.00,"ק""ג",false,,26.90,26.9000,true,1,20059
7290001361054,false,אקלרים פטיסייר (600 ג'),אף.סי תבליני בגליל ב,IL,פחזניות,גרמים,600.00,100 גרם,false,,42.90,0.0715,true,1,25030
7290001385166,false,סטייק שייטל ארוז א.א לקג,,IL,מארז סטייק שייטל עגל,קילוגרמים,1.00,"ק""ג",true,,150.00,150.0000,true,1,108430
7290001407813,false,חלבה שאמית פיסטוק בקטנה בארכה 350ג',"רושדי תעשיות מזון בע""\מ",IL,חלבה שאמית פיסטוק בא,גרמים,350.00,100 גרם,false,,15.90,0.0454,true,1,21664
7290001407820,false,חלווה שאמית וניל קלאסית בארכה 350ג',רושדי תעשיות מזון בע,IL,חלבה בארכה שאמית קלא,גרמים,350.00,100 גרם,false,,15.90,0.0454,true,1,21659
7290001407844,false,חלבה קלאסית בטעם וניל בארכה 350 גרם,"רושדי תעשיות מזון בע""\מ",IL,חלבה קלאסית בטעם וני,גרמים,350.00,100 גרם,false,,14.90,0.0426,true,1,21800
7290001419618,false,וופל בלגי עלמה שחור לבן וניל 200ג',"גילרו בע""מ",IL,גילרו ופל בלגי 200ג',גרמים,200.00,100 גרם,false,,3.20,0.0160,true,1,36994
7290001419779,false,וופל שוקו' עלמה קלאסי 200 גר,"גילרו בע""מ",IL,וופל גילרו קלאסי 200,גרמים,200.00,100 גרם,false,,3.20,0.0160,true,1,41701
7290001419793,false,גביעי גלידה מגולגל עלמה גילרו 30 יח',"גילרו בע""מ",IL,גביעי גלידה מגולגלים,יחידה,0.00,יחידה,false,,11.50,0.0000,true,1,43242
7290001419892,false,"ופל קלאסי בטעם לימון ""עלמה"" 200 גרם","גילרו בע""מ",IL,וופל לימון 200 גר,גרמים,200.00,100 גרם,false,,3.20,0.0160,true,1,58073
7290001427019,false,קשת מיץ תפוזים טבעי 500 מל,קשת מיצים טבעיים,IL,"מיץ תפוזים 500 מ""ל ק",מיליליטרים,500.00,"100 מ""ל",false,,15.90,0.0318,true,1,108116
7290001427255,false,קשת מיץ תפוח פט 1 ליטר,קשת רמת הגולן,IL,קשת-מיץ תפוחים טבעי,ליטרים,1.00,ליטר,false,,17.90,17.9000,true,1,83933
7290001427323,false,פריניב מיץ סלק 1 ליטר פלסטיק,קשת מיצים טבעיים,IL,קשת-מיץ סלק ותפוחים,ליטרים,1.00,ליטר,false,,21.90,21.9000,true,1,84884
7290001427392,false,"משקה רימון 250 מ""ל פריניב זכוכית",קשת מיצים טבעיים,IL,מיץ רימון קשת מיצים,מיליליטרים,250.00,"100 מ""ל",false,,11.90,0.0476,true,1,93786
7290001427415,false,"משקה תפוח 250 מ""ל פריניב זכוכית",קשת מיצים טבעיים,IL,מיץ תפוחים טבעי 250,מיליליטרים,250.00,"100 מ""ל",false,,11.90,0.0476,true,1,103015
7290001427439,false,"משקה סלק 250 מ""ל פריניב זכוכית",קשת מיצים טבעיים,IL,מיץ סלק תפוח טבעי קש,מיליליטרים,250.00,"100 מ""ל",false,,11.90,0.0476,true,1,103023
7290001455456,false,"פילה נסיכת הנילוס פרוס בד""ץ.",בלדי,UG,פילה נסיכת הנילוס פר,קילוגרמים,1.00,"ק""ג",true,,57.90,57.9000,true,1,87082
7290001459935,false,"אפונה 800 גרם בד""ץ עדה חרדית",פספרוסט,BE,אפונה 800 גר',גרמים,800.00,100 גרם,false,,9.90,0.0124,true,1,88577
7290001459942,false,"אפונה וגזר 800 גרם ארוז בד""ץ עדה חרדית",פספרוסט,BE,אפונה וגזר 800 גר',גרמים,800.00,100 גרם,false,,9.90,0.0124,true,1,88578
7290001468159,false,ריבת חלב צנצנת 300 גרם,מ.א.מ השלושה,,ריבת חלב נאמן 330 גר,גרמים,330.00,100 גרם,false,,11.90,0.0361,true,1,42406
7290001468272,false,נאמן פלסטרים מעורב 50יח',QUEST,,פלסטרים,יחידה,0.00,יחידה,false,,6.40,0.0000,true,1,9373
7290001468319,false,"מיץ לימון נאמן 200מ""ל",ITAL LEMON,,מיץ לימון טבעי 0,יחידה,200.00,יחידה,false,,5.60,0.0280,true,1,9374
7290001468326,false,מיץ לימון טבעי 500מל,ITAL LEMON,,מיץ לימון טבעי 0,יחידה,500.00,יחידה,false,,9.90,0.0198,true,1,9375
7290001468678,false,מפת שולחן 137*274סמ,נ.ש.ם,,מפת שולחן 137*274סמ,יחידה,0.00,יחידה,false,,10.90,0.0000,true,1,82277
7290001468753,false,קמח תפוחי אדמה 500 ג' נאמן,תבליני ביטון,IL,"קמח תפו""א",גרמים,500.00,100 גרם,false,,6.90,0.0138,true,1,25507
7290001468883,false,ריבה נאמן שזיף משמש,צור,,ריבה 820 גר',גרמים,820.00,100 גרם,false,,10.90,0.0133,true,1,58121
7290001482094,false,גבינה פרמז'נו משולשים ויליפוד 200ג',זנטי אס. אי לאלין,IT,פרמזנו וילי פוד 200ג,גרמים,200.00,100 גרם,false,,22.90,0.1145,true,1,47350
7290001482384,false,חתיכות אננס בסירופ קל וילי פוד 227 גרם,וילי פוד,TH,חתיכות אננס בסירופ ק,גרמים,227.00,100 גרם,false,,3.60,0.0159,true,1,19600
7290001491010,false,תה ירוק יסמין ויסוצקי 25 יחידות,תה ויסוצקי,IL,תה ירוק יסמין 25 שקי,גרמים,37.50,100 גרם,false,,24.90,0.6640,false,1,8921
7290001491096,false,תה ירוק בתוספת לימונית ולואיזה 50 שקיקים ויסוצקי,תה ויסוצקי,IL,תה ירוק לימונית 50 ש,גרמים,75.00,100 גרם,false,,45.90,0.6120,false,1,8922
7290001498897,false,מוסקו סט נרות ולהבונ,מוסקו,,פניני ריח,יחידה,0.00,יחידה,false,,14.90,0.0000,true,1,33214
7290001507063,false,פתיבר מקמח מלא אורגני השדה מוצרים אורגנים 200 גרם,השדה מוצרים אורגניים,IL,פתי בר מקמח מלא אורג,גרמים,200.00,100 גרם,false,,8.40,0.0420,true,1,34434
7290001507070,false,פתיבר חרובים אורגני 200 גר,השדה מוצרים אורגניים,IL,פתי בר חרובים מקמח מ,גרמים,200.00,100 גרם,false,,8.40,0.0420,true,1,35091
7290001515310,false,שש כריות קרצוף יפניות סקוטש ברייט,3m,,שש כריות קרצוף יפניו,יחידה,0.00,יחידה,false,,13.90,0.0000,true,1,27154
7290001515631,false,שלושה ספוגי קרצוף קשיחים ארוכים אדומים,שיוך למחסן 17,ES,ספוג קירצוף קשיח,יחידה,0.00,יחידה,false,,9.90,0.0000,true,1,15893
7290001567043,false,פסטרמה מעודנת על גחל,יחיעם,,פסטרמה מעודנת על גחל,קילוגרמים,1.00,"ק""ג",true,,49.90,49.9000,false,1,76237
7290001567555,false,פסטרמה מעודנת עם דבש 300 ג' יחיעם,מעדני יחיעם,IL,פסטרמה מעודנת עם דבש,גרמים,300.00,100 גרם,false,,22.90,0.0763,true,1,84863
7290001567708,false,נקניקיות וינר יחיעם 400 גרם,מעדני יחיעם,IL,נקניקיות וינר 400 גר,גרמים,400.00,100 גרם,false,,12.90,0.0323,true,1,80279
7290001567760,false,פסטרמה של פעם יחיעם 300 גרם,מעדני יחיעם,IL,פסטרמה של פעם 300 גר,גרמים,300.00,100 גרם,false,,25.90,0.0863,true,1,81829
7290001567807,false,"כתף בקר מעושן לח""מ 250 גרם ""יחיעם""",מעדני יחיעם,IL,כתף בקר מעושן 250 גר,גרמים,250.00,100 גרם,false,,25.90,0.1036,true,1,81872
7290001567814,false,סלמי מעושן בסגנון איטלקי 300 ג' יחיעם,מעדני יחיעם,IL,סלמי מעושן בסגנון אי,גרמים,300.00,100 גרם,false,,22.90,0.0763,true,1,81950
7290001594025,false,"קוקה קולה זכוכית 350 מ""ל",החברה המרכזית לייצור,IL,בק' קולה 350,יחידה,350.00,יחידה,false,,6.00,0.0171,true,1,5684
7290001594155,false,"קוקה-קולה בבקבוק אישי 500 מ""ל",החברה המרכזית לייצור משקאות,IL,קוקה קולה בקבוק 0.5,מיליליטרים,500.00,"100 מ""ל",false,,6.50,0.0130,false,1,5692
7290001594179,false,"פאנטה אורנג' בבקבוק אישי 500 מ""ל",החברה המרכזית לייצור משקאות,IL,פאנטה אורנ'ג בקבוק 0,מיליליטרים,500.00,"100 מ""ל",false,,6.50,0.0130,false,1,5694
7290001594230,false,קינלי סודה בבקבוק זכוכית,החברה המרכזית לייצור,IL,קינלי סודה 250,יחידה,250.00,יחידה,false,,3.20,0.0128,false,1,5697
7290001594377,false,פריגת תפוזים 0.5 ליטר חייב בפקדון,מבשלות בירה בינלאומיות ב,IL,פריגת תפוזים 5 0.,יחידה,500.00,יחידה,false,,5.90,0.0118,true,1,5698
7290001594384,false,פריגת אשכוליות 0.5 ליטר חייב בפקדון,מבשלות בירה בינלאומיות ב,IL,פריגת אשכוליות 5,יחידה,500.00,יחידה,false,,5.90,0.0118,true,1,5699
7290001594391,false,"פריגת משקה קל ענבים בבקבוק אישי 500 מ""ל",מבשלות בירה בינלאומיות ב,IL,פריגת ענבים 5 0.,יחידה,500.00,יחידה,false,,5.90,0.0118,true,1,5700
7290001594568,false,"קרלסברג פחית 500 מ""ל פקדון",מבשלות בירה בינלאומיות ב,RO,קרלסברג בירה פחית 50,מיליליטרים,500.00,"100 מ""ל",false,,9.00,0.0180,true,1,5707
7290001594575,false,"בירה טובורג רד פחית 500 מ""ל",מבשלות בירה בינלאומיות ב,IL,"טובורג פחית 500 מ""ל",מיליליטרים,500.00,"100 מ""ל",false,,8.90,0.0178,true,1,5708
7290001594803,false,"שישיית בירה טובורג ירוק 330 מ""ל",קרלסברג ישראל,,טובורג גרין שישייה ב,ליטרים,1.98,ליטר,false,,43.90,22.1717,false,1,5713
7290001594810,false,"בירה שחורה מאלטי בקב' מארז 330X6מ""ל",החברה המרכזית לייצור משקאות,IL,מאלטי שישיית בקבוק 3,ליטרים,1.98,ליטר,false,,30.40,15.3535,true,1,5715
7290001594858,false,"שישייה בירה טובורג רד בקבוק 330 מ""ל",מבשלות בירה בינלאומיות ב,IL,טובורג שישייה בקבוק,ליטרים,1.98,ליטר,false,,35.90,18.1313,false,1,5718
7290001594865,false,"שישייה בירה קרלסברג בקבוק 330 מ""ל",מבשלות בירה בינלאומיות ב,IL,קרלסברג שישייה בקבוק,ליטרים,1.98,ליטר,false,,34.90,17.6263,false,1,5719
7290001598429,false,פרנה מרוקאית חמשת 4,מאפיית יוסף ברון בעמ,IL,פרנה מרוקאית 4 יח',גרמים,500.00,100 גרם,false,,9.90,0.0198,true,1,104720
7290001598528,false,לחם כוסמין 100% 450ג' הברון,מאפיית יוסף ברון בעמ,IL,"לחם כוסמין ""חמשת""",גרמים,500.00,100 גרם,false,,15.90,0.0318,true,1,85566
7290001598573,false,לחמניות כוסמין 5 יח 99 קלוריות,מאפיית יוסף ברון בעמ,IL,לחמניות כוסמין 100%,גרמים,315.00,100 גרם,false,,13.90,0.0441,true,1,144132
7290001598580,false,פיתות כוסמין 6יח 99 קלוריות,מאפיית יוסף ברון בעמ,IL,פיתות כוסמין חמישייה,גרמים,372.00,100 גרם,false,,15.90,0.0427,true,1,144131
7290001648643,false,מארז קפה טורקי כתר 100X3 גרם,רוני רג'ואן ושות,IL,שלישייה קפה כתר 3x10,גרמים,300.00,100 גרם,false,,13.90,0.0463,false,1,7355
7290001664018,false,פילה סול ארוז,,,פילה סול ארוז,קילוגרמים,1.00,"ק""ג",true,,27.90,27.9000,true,1,100847
7290001670057,false,כפיות לבן 100 יחידות,הנמל אריזות ושיווק ב,IL,כפיות חד פעמי- 100 י,יחידה,0.00,יחידה,false,,11.50,0.0000,true,1,17394
7290001670064,false,סכינים חד פעמי לבן 100 יח',בי רייט,CN,סכינים חד פעמי- 100,יחידה,0.00,יחידה,false,,10.90,0.0000,true,1,20136
7290001670071,false,כפות חד פעמי לבן 100 יח',הנמל אריזות ושיווק ב,IL,כפות חד פעמי 100 יח',יחידה,0.00,יחידה,false,,10.90,0.0000,true,1,17395
7290001670354,false,"מפת שולחן סופגת לבן 137X274 ס""מ במיוחד",הנמל,IL,מפת שולחן סופגת לבן,יחידה,0.00,יחידה,false,,9.50,0.0000,true,1,17402
7290001670408,false,נרות חימום בשקית 50 יח`,לחמנו,CN,נר חימום בשקית 0,יחידה,0.00,יחידה,false,,10.90,0.0000,true,1,77796
7290001670668,false,קרחונית שקיות להכנת קרח הנמל 12 יחידות,"איטיליאן פוד, אס.פי.",TR,קרחונית- 12 יח',יחידה,0.00,יחידה,false,,3.90,0.0000,true,1,17410
7290001670736,false,כפפות נילון שקוף 100 יחידות,יבוא ושיווק: הנמל אר,IL,כפפות ניילון,יחידה,0.00,יחידה,false,,5.20,0.0000,true,1,17415
7290001670873,false,"צלחות גדולות לבנות קשיח ח""פ הנמל 66יח'",הנמל אריזות ושיווק ב,IL,"צלחות 1 ק""ג",יחידה,0.00,יחידה,false,,39.90,0.0000,false,1,19881
7290001696019,false,צימוק לבן 200 גרם,,,צימוק לבן 200 גרם,גרמים,200.00,100 גרם,false,,10.90,0.0545,true,1,28944
7290001696033,false,משמש מיובש 200 גר,,,משמש מיובש 200 גר,גרמים,180.00,100 גרם,false,,14.50,0.0806,true,1,28946
7290001696620,false,מיקס פיצוחים 350 גר',,,מיקס פיצוחים 350 גר,גרמים,350.00,100 גרם,false,,10.90,0.0311,true,1,28938
7290001696729,false,פקאן טבעי 100 גרם פיצוחי חממה,,,פקאן טבעי 100 גר,גרמים,100.00,100 גרם,false,,12.50,0.1250,true,1,28939
7290001696736,false,פקאן סיני 100 גרם פיצוחי חממה,,,פאקן סיני 100 גרם,גרמים,100.00,100 גרם,false,,12.50,0.1250,true,1,28940
7290001696767,false,בוטן בקליפה קלוי 200 גרם פיצוחי חממה,,,בוטן קלוי בקליפה,גרמים,200.00,100 גרם,false,,6.50,0.0325,true,1,28941
7290001696989,false,גרעינים בלי מלח 200 גרם פיצוחי חממה,,,גרעיני חמניה ללא מלח,גרמים,200.00,100 גרם,false,,5.80,0.0290,true,1,50023
7290001710159,false,גולש עגל ואקום במשקל,לאטי עזרא גלם ודגים,IL,גולש עגל קפוא ארוז מ,קילוגרמים,1.00,"ק""ג",true,,42.90,42.9000,true,1,41478
7290001710579,false,שיפודי פרגיות מעדני,,,שיפודי פרגיות מעדני,קילוגרמים,1.00,"ק""ג",true,,75.90,75.9000,true,1,143964
7290001720943,false,בצק פילו 500 גר,אופרה,,בצק פילו 500 גר,גרמים,500.00,100 גרם,false,,19.90,0.0398,true,1,13398
7290001723340,false,2 מוצץ סיל.אורט.לילה קצר,NX,DE,מוצץ סיל אורטו,יחידה,0.00,יחידה,false,,24.90,0.0000,true,1,28644
7290001726037,false,קרואסון ביס טעם נוגט,בונז'ור,,קוראסון ביס נוגט,קילוגרמים,1.00,"ק""ג",true,,42.00,42.0000,true,1,80371
7290001726044,false,"קרואסון ביס חלבה לק""",בונז'ור,,קוראסון ביס חלבה,קילוגרמים,1.00,"ק""ג",true,,42.00,42.0000,true,1,80372
7290001780428,false,גלידיאט שלגון מצופה נסטלה 312 גרם מארז 6 יחידות,גלידות נסטלה )נגה גלידות,IL,מאגדת שלגונים לייט ש,גרמים,312.00,100 גרם,false,,26.90,0.0862,true,1,11594
7290001780800,false,שלגון קראנץ שוקולד ליבת נוגט נסטלה 100 גרם,נסטלה גלידות,IL,קראנץ' ליבת נוגט,יחידה,0.00,יחידה,false,,9.90,0.0000,true,1,11610
7290001805008,false,מארז 4 פיתות מקמח לב,מאפיית גילי,,פיתות גילי (אחלה) ק,גרמים,500.00,100 גרם,false,,10.00,0.0200,true,1,11542
7290001805039,false,רביעיית פיתות חיטה מ,מאפיית גילי,,פיתות גילי (אחלה) חי,גרמים,400.00,100 גרם,false,,10.90,0.0273,true,1,20271
7290001813454,false,"עוגיות חיוכים שוקולד עלית 900 גרם מארז 6 יחידות בד""צ",אפיפית נצרת תעשיות ב,IL,עוגיות חיוכים 00,גרמים,900.00,100 גרם,false,,22.90,0.0254,true,1,9736
7290001813478,false,"עוגיות חיוכים וניל עלית 900 גרם מארז 6 יחידות בד""צ",אפיפית נצרת תעשיות ב,IL,עוגיות חיוכים ונ,גרמים,900.00,100 גרם,false,,22.90,0.0254,true,1,9737
7290001865439,false,פמילי אל סבון נוזלי בניחוח וניל 1 ליטר,אף.סי תבליני בגליל ב,IL,פמלי אל סבון ליטר ונ,ליטרים,1.00,ליטר,false,,11.90,11.9000,false,1,16357
7290001865453,false,פמילי לקשרי 1 ליטר לבנדר ארומטי+משאבה,מיוצר עי קונדיטוריית,TR,פמלי אל סבון ליטר לב,ליטרים,1.00,ליטר,false,,11.90,11.9000,false,1,16358
7290001901670,false,גפילטע פיש דיאט 4 קציצות בצנצנת הדג המיוחד 670 גרם,דג טעים בעמ,IL,גפילטעפיש 4 קציצות ל,גרמים,470.00,100 גרם,false,,19.90,0.0423,true,1,80747
7290001902301,false,חלה מתוקה קלועה 450 גרם,"גידרון תעשיות בע""מ",IL,חלה מתוקה גידרון,גרמים,450.00,100 גרם,false,,11.90,0.0264,true,1,52304
7290001917527,false,פרש וואנס פדים להסרת איפור 80 יח' *3,קריות זול,IL,פדיות קוסמטיות **1X3,יחידה,0.00,יחידה,false,,19.90,0.0000,true,1,16366
7290001946015,false,אריסה מתוקה 250 גרם,תבליני ביטון מאיר,IL,אריסה של ביטון,גרמים,250.00,100 גרם,false,,11.90,0.0476,true,1,27184
7290001946077,false,אריסה חריפה 250 גרם,תבליני ביטון מאיר,IL,אריסה חריפה,יחידה,250.00,יחידה,false,,11.90,0.0476,true,1,35296
7290001946114,false,סחוג אדום 150 גר ביט,,IL,סחוג אדום 150 גר ביט,גרמים,150.00,100 גרם,false,,9.50,0.0633,true,1,55396
7290001946237,false,פלפל צ'ומה ביטון,תבליני ביטון מאיר,IL,פלפל צ'ומה ביטון,יחידה,0.00,יחידה,false,,11.90,0.0000,true,1,26364
7290001946299,false,סחוג ירוק תבליני ביט,תבליני ביטון מאיר,IL,סחוג ירוק תבליני ביט,יחידה,250.00,יחידה,false,,11.90,0.0476,true,1,37623
7290001946381,false,פפריקה מתוקה ביטון 3,,,פפריקה מתוקה ביטון 3,גרמים,300.00,100 גרם,false,,18.90,0.0630,true,1,53534
7290001946503,false,שום כתוש ביטון,תבליני ביטון מאיר,IL,שום כתוש ביטון,יחידה,0.00,יחידה,false,,11.90,0.0000,true,1,26363
7290001946725,false,לימון בלאדי ביטון,תבליני ביטון מאיר,IL,לימון בלאדי ביטון,יחידה,250.00,יחידה,false,,11.90,0.0476,true,1,36413
7290001946749,false,סחוג ירוק 150 גר ביט,,,סחוג ירוק 150 גר ביט,גרמים,150.00,100 גרם,false,,9.50,0.0633,true,1,55397
7290001973233,false,"קמיל בלו מגבונים לחים סנסיטיב ד""ר פישר 120 יחידות",פישר מעבדות פרמצבטיות,IL,קמיל בלו מגבונים,יחידה,0.00,יחידה,false,,10.00,0.0000,true,1,10744
7290001985007,false,שלגון מצופה שוקו שוקו 60יג',שטראוס,,שלגון שוקו שוקו,גרמים,60.00,100 גרם,false,,4.60,0.0767,true,1,7802
7290001990117,false,שומשום סוגת 100 גרם,האי נאם סי או אל.טי.,IL,שומשום 100 גר סו,גרמים,100.00,100 גרם,false,,4.50,0.0450,true,1,9603
7290001990148,false,"סוכר גולדן קלאסי בצנצנת סוגת 1 ק""ג",האי נאם סי או אל.טי.,IL,סוכר גולדן קלאסי,יחידה,1.00,יחידה,false,,11.90,11.9000,true,1,9604
7290002000136,false,שעווה לחימום במיקרוגל - דבש ופרופוליס,"ש. שוורץ )באר שבע( בע""\מ",IL,מגע המשי הדבש ש.למיק,גרמים,500.00,100 גרם,false,,20.90,0.0418,true,1,16367
7290002000143,false,"חדש -פנג'ל ק.ידיים קלאסיק 80מ""ל",מיוצר עי קונדיטוריית,IL,חדש -פנג'ל ק.ידיים ק,מיליליטרים,100.00,"100 מ""ל",false,,8.00,0.0800,true,1,16368
7290002000266,false,מגע המשי התפוח שעווה למיקרו 500ג' -חדש,המאפיה של הרמן,IL,מגע המשי התפוח ש.למי,גרמים,500.00,100 גרם,false,,20.90,0.0418,true,1,16369
7290002002857,false,"מגע הדבש, ניירות להסרת שיער בשעווה, 50 יחידות","איטיליאן פוד, אס.פי.",IL,מגע המשי נייר הדבש 5,יחידה,0.00,יחידה,false,,24.90,0.0000,true,1,16394
7290002007029,false,קוקוס טחון 100 ג' הנמל,יבוא ושיווק: הנמל אר,IL,קוקוס 100,גרמים,100.00,100 גרם,false,,3.40,0.0340,false,1,17422
7290002007036,false,כוסמת הנמל 500 גרם,הנמל,,כוסמת 500,גרמים,500.00,100 גרם,false,,7.90,0.0158,true,1,17423
7290002007234,false,אבקת סוכר הנמל 100 גרם,"מיוצר וארוז ע""י: ר.ס",IL,אבקת סוכר,גרמים,100.00,100 גרם,false,,1.90,0.0190,true,1,17441
7290002007241,false,סודה לשתיה הנמל 50 גרם,"מיוצר וארוז ע""י: BAS",IL,סודה 50 ג',גרמים,50.00,100 גרם,false,,1.70,0.0340,true,1,17442
7290002007371,false,פירורי לחם הנמל 500 ג',הנמל אריזות ושיווק ב,IL,פרורי לחם 500,גרמים,500.00,100 גרם,false,,5.50,0.0110,true,1,17450
7290002007395,false,דובדבנים מסוכרים 100 ג' הנמל,פוליבה בעמ,IL,דובדבן ע.ציון,גרמים,100.00,100 גרם,false,,7.40,0.0740,true,1,17451
7290002007487,false,צמר פלדה הנמל 100 גרם,"איטיליאן פוד, אס.פי.",IL,צמר פלדה 100 גר',גרמים,100.00,גרם,false,,3.90,0.0390,true,1,17456
7290002007500,false,קיסמי שיניים הנמל במבוק 500 יחידות,הנמל אריזות ושיווק בעמ,IL,קסמים חבית 500,יחידה,0.00,יחידה,false,,3.80,0.0000,true,1,17458
7290002007821,false,צבעי מאכל אדום הנמל,ממתקי עלה ייצור שיוו,IL,צבע מאכל אדום,מיליליטרים,55.00,"100 מ""ל",false,,3.00,0.0545,true,1,17462
7290002007852,false,"תמצית אפייה בטעמים שונים 55 מ""ל הנמל",ממתקי עלה יצור ושיוו,IL,תמצית וניל,יחידה,55.00,יחידה,false,,3.20,0.0582,true,1,17463
7290002007890,false,כוסות שתייה קרה 100 יח` 200 PP מל`,אריזות מדף - פלזית,IL,כוסות 100 יח',יחידה,0.00,יחידה,false,,8.90,0.0000,false,1,17466
7290002007975,false,"צלחות קטנות ח""פ הנמל 50 יח'",אריזות מדף - פלזית,IL,צלחות קטנות- 50 יח',יחידה,0.00,יחידה,false,,10.50,0.0000,true,1,17470
7290002007982,false,מזלגות חד פעמי 100 י,הנמל אריזות ושיווק ב,IL,מזלגות 100 יח',יחידה,0.00,יחידה,false,,10.90,0.0000,true,1,17471
7290002007999,false,"צלחות גדולות ח""פ הנמל 50 יח'",אריזות מדף - פלזית,IL,צלחות גדול חד פעמי-,יחידה,0.00,יחידה,false,,14.90,0.0000,true,1,17472
7290002008040,false,שיפודי במבוק הנמל 100 יחידות,"הנמל אריזות ושיווק בע""\מ",IL,שיפודים-100 יח',יחידה,0.00,יחידה,false,,2.80,0.0000,true,1,17473
7290002008057,false,"תמצית אפייה בטעם רום 55 מ""ל הנמל",ממתקי עלה יצור שיווק,IL,תמצית רום,יחידה,55.00,יחידה,false,,3.20,0.0582,true,1,17474
7290002008118,false,צמרוני עץ לאוזניים 100יח,שוורצקוף& הנקל דיסלד,IL,צמרונים עץ,יחידה,0.00,יחידה,false,,1.60,0.0000,true,1,17479
7290002008149,false,מדליק פחם מוצק הנמל אריזת 40יח',מ.א.יצור ויבוא מטליו,GB,מדליק פחם-40 יח',יחידה,0.00,יחידה,false,,6.50,0.0000,true,1,17481
7290002008156,false,גביעי נייר מספר 5 הנמל 1 יחידה,קריות זול,IL,עטרות חום מס' 5- 130,יחידה,0.00,יחידה,false,,5.50,0.0000,true,1,17482
7290002008187,false,קשים מתקפלים לשתיה הנמל 40 יחידות,יבוא ושיווק: הנמל אריזות,CN,קשים מתקפלים- 40 יח',יחידה,0.00,יחידה,false,,1.80,0.0000,true,1,17485
7290002008224,false,סוכריות לקישוט צבעונית הנמל 100 ג',ממתקי עלה בעמ,IL,מזרה עגול צנצ',גרמים,60.00,100 גרם,false,,5.50,0.0917,true,1,17487
7290002008309,false,עטרות נייר חום לעוגה מס' 4 הנמל 130יח',"הנמל אריזות ושיווק בע""\מ",IL,עטרות חום מס' 4- 130,יחידה,0.00,יחידה,false,,5.00,0.0000,true,1,17490
7290002008347,false,קורנפלור 500 גרם הנמל,הנמל,IL,קורנפלור 500 גר',גרמים,500.00,100 גרם,false,,5.90,0.0118,true,1,44248
7290002008507,false,נייר אפיה הנמל 50 יחידות,הנמל אריזות ושיווק ב,IL,נייר אפיה- 50 יח',יחידה,0.00,יחידה,false,,8.90,0.0000,true,1,17501
7290002008651,false,קמח תפוחי אדמה הנמל 500 גרם,ר.ס. חברה ליבוא וייצ,IL,"קמח תפו""א 500גר",גרמים,500.00,100 גרם,false,,5.90,0.0118,true,1,17506
7290002008743,false,סוכר וניל עשירייה הנמל 100 גרם,"מיוצר וארוז ע""י: ר.ס",IL,סוכר וניל,גרמים,100.00,100 גרם,false,,2.40,0.0240,true,1,21436
7290002008750,false,אבקת אפיה עשירייה הנמל 100 גרם,"מיוצר ע""י:ר.ס. חברה",IL,אבקת אפיה הנמל,גרמים,100.00,100 גרם,false,,2.40,0.0240,true,1,19692
7290002008774,false,שומשום הנמל 200 גרם,הנמל אריזות ושיווק ב,IL,שומשום 200,גרמים,200.00,100 גרם,false,,5.50,0.0275,true,1,17509
7290002008989,false,קישקשים קשים לשתיה 225יח הנמל,שיווק: הנמל אריזות ושיוו,CN,קישקשים 225יח,יחידה,0.00,יחידה,false,,9.50,0.0000,true,1,17512
7290002013884,false,פסטרמה תבור ללא משמר לקג,זוגלובק,IL,פסטרמה תבור ללא חומר,קילוגרמים,1.00,"ק""ג",true,,89.90,89.9000,true,1,79127
7290002013907,false,סלמי תה ללא חומר משמר לק,זוגלובק,IL,סלמי תה מעושן ללא חו,קילוגרמים,1.00,"ק""ג",true,,49.90,49.9000,false,1,79129
7290002013914,false,סלמי מעושן ללא משמר לקג,זוגלובק,IL,סלמי מעושן איטלקי לל,קילוגרמים,1.00,"ק""ג",true,,79.90,79.9000,false,1,79130
7290002019787,false,רוטב עגבניות מרוכז מאוד 260 גרם פריניר,פריניר ( הדס 1987) ב,IL,רוטב עגבניות פרי ניר,גרמים,260.00,100 גרם,false,,3.50,0.0135,false,1,10253
7290002019794,false,רוטב עגבניות מרוכז מאוד 100 גרם פריניר,פריניר ( הדס 1987) ב,IL,רוטב עגבניות 100 גר,גרמים,100.00,100 גרם,false,,1.70,0.0170,false,1,10254
7290002026341,false,בטטה צ'יפס רגיל אריסטו קראנץ 500 ג',מוצרי איכות אמריקאיים,CA,צ'יפס בטטה 500 גר',גרמים,500.00,100 גרם,false,,14.90,0.0298,true,1,78211
7290002026358,false,צ'יפס אריסטו זיג זג שקיות רשת,מוצרי איכות אמריקאיים,CA,צ'יפס בטטה זיג זג 50,גרמים,500.00,100 גרם,false,,14.90,0.0298,true,1,78212
7290002026365,false,טבעות בצל אריסטו קראנץ' 500 גרם,מוצרי איכות אמריקאיים,BE,טבעות בצל 500 גר',גרמים,500.00,100 גרם,false,,10.90,0.0218,true,1,78213
7290002026440,false,פרצלס בייגלה בראנץ אנד קראנץ 280 ג',מוצרי איכות אמריקאיים בע,IL,פרצל חם מהמקפיא,גרמים,280.00,100 גרם,false,,14.90,0.0532,true,1,50961
7290002027393,false,חטיף תמרים קקאו+קוקוס120,"תות תעשיות מזון בע""מ",IL,חטיף תמרים עם שברי ק,גרמים,120.00,100 גרם,false,,12.90,0.1075,true,1,108285
7290002035138,false,מקרל מעושן בואקום לפי שקילה,אלדג,IL,מקרל שלם מעושן,קילוגרמים,1.00,"ק""ג",true,,84.90,84.9000,true,1,84165
7290002037309,false,שמיניית לחמניות המבורגר,מאפית י את א ברמן בע,IL,לחמניות המבורגר,גרמים,400.00,100 גרם,false,,14.50,0.0363,true,1,10510
7290002037637,false,חליות מתוקות מארז 4יח',מאפית י את א ברמן בע,IL,לחמניות חליות וד,גרמים,400.00,100 גרם,false,,13.50,0.0338,true,1,10521
7290002040019,false,קוסקוס רגיל הנמל 350 גרם,"קוסקוס מזון בע""מ",IL,קוסקוס רגיל 350 גר ה,גרמים,350.00,100 גרם,false,,5.50,0.0157,false,1,17514
7290002040064,false,קוסקוס דק הנמל 350 גרם,טרופיקל דגיל תעשיות,IL,קוסקוס דק,גרמים,350.00,100 גרם,false,,5.50,0.0157,false,1,17519
7290002040071,false,קוסקוס עבה שקית 350 גרם הנמל,"קוסקוס מזון בע""מ",IL,קוסקוס עבה,גרמים,350.00,100 גרם,false,,5.50,0.0157,false,1,17520
7290002040088,false,קוסקוס מלא הנמל 350 גרם,"קוסקוס מזון בע""מ",IL,קוסקוס מלא 350 גר',גרמים,350.00,100 גרם,false,,6.00,0.0171,true,1,17521
7290002043065,false,אקסטרה פריכיות אורז חום מלא בציפוי שוקולד מריר 70 גרם,נוהלס ג'\י אס סי.,BG,פריכוני אורז חום מלא,גרמים,70.00,100 גרם,false,,8.90,0.1271,true,1,105199
7290002043072,false,אקסטרה פריכיות אורז חום מלא בציפוי שוקולד חלב 70 גרם,נוהלס ג'\י אס סי.,BG,פריכוני אורז חום מלא,גרמים,70.00,100 גרם,false,,8.90,0.1271,true,1,105200
7290002043096,false,פריכיות אורז חום מלא בציפוי שוקולד לבן בלגי 70 ג',נוהלס ג'\י אס סי.,BG,פריכוני אורז חום מלא,גרמים,70.00,100 גרם,false,,8.90,0.1271,true,1,105201
7290002043188,false,אקסטרה צ'יפס אורז חום מלא צ'ילי חריף 60 גרם,נוהלס ג'\י אס סי.,BG,צ'יפס אורז חום מלא צ,גרמים,60.00,100 גרם,false,,6.90,0.1150,true,1,105211
7290002043218,false,אקסטרה צ'יפס אורז חום מלא מלח 60 גרם,נוהלס ג'\י אס סי.,BG,צ'יפס אורז חום מלא מ,גרמים,60.00,100 גרם,false,,6.90,0.1150,true,1,105212
7290002043225,false,אקסטרה צ'יפס אורז חום מלא פפריקה 60 גרם,נוהלס ג'\י אס סי.,BG,צ'יפס אורז חום מלא פ,גרמים,60.00,100 גרם,false,,6.90,0.1150,true,1,105213
7290002043348,false,ציפס אורז חום מלא ציה וקינואה 60 גרם,נוהלס ג'\י אס סי.,BG,צ'יפס אורז חום מלא צ,גרמים,60.00,100 גרם,false,,7.90,0.1317,true,1,105219
7290002043379,false,אקסטרה צ'יפס אורז חום מלא עדשים שחורות 60 גרם,נוהלס ג'\י אס סי.,BG,צ'יפס אורז חום מלא ע,גרמים,60.00,100 גרם,false,,7.90,0.1317,true,1,105222
7290002043782,false,אקסטרה צ'יפס אורז חום מלא טקסס ברביקיו 60 גרם,נוהלס ג'\י אס סי.,BG,צ'יפס אורז חום מלא ט,גרמים,60.00,100 גרם,false,,6.90,0.1150,true,1,105202
7290002050018,false,גרעיני אבטיח 170 גר',זארובי,,גרעיני אבטיח 170 גר',גרמים,170.00,100 גרם,false,,14.90,0.0876,true,1,76791
7290002050803,false,סוכריות גומי זארובי,זארובי,,מארז סוכריות גומי 60,גרמים,600.00,100 גרם,false,,21.90,0.0365,true,1,105538
7290002050940,false,ג'עלה פרימיום זארובי,זארובי,,ג'עלה פרימיום זארובי,גרמים,500.00,100 גרם,false,,29.90,0.0598,true,1,145825
7290002050988,false,גרנולה פרימיום זארוב,זארובי,,גרנולה פרימיום זארוב,גרמים,450.00,100 גרם,false,,17.90,0.0398,true,1,145828
7290002053538,false,נודלס בסגנון תאילנדי 25 תוספת אוריינטל 500 גרם,פ.פ.ח. טאביה ספ זאו.או,PL,נודלס תאילנדי 500גר,גרמים,500.00,100 גרם,false,,10.90,0.0218,true,1,98241
7290002057017,false,זיתים נובו ענק A2 יבנה 330ג',שיוך למחסן 17,IL,זית נובו מבוקע 340 ג,גרמים,340.00,100 גרם,false,,9.90,0.0291,true,1,25954
7290002057031,false,זיתים מבוקעים פיקנטי קבוצת יבנה 340 גרם,קבוצת יבנה,IL,זיתים מבוקעים 340 גר,גרמים,340.00,100 גרם,false,,8.50,0.0250,true,1,20237
7290002057062,false,זיתים מנזנילו ירוק בינוני קבוצת יבנה 340 גרם,קבוצת יבנה,IL,זיתים מנזלינו בינוני,גרמים,540.00,100 גרם,false,,6.90,0.0128,true,1,28389
7290002057093,false,זיתים מנזנילו גדול קבוצת יבנה 340 גרם,קבוצת יבנה,IL,זיתים ירוקים מנזנילו,גרמים,340.00,100 גרם,false,,8.40,0.0247,true,1,25585
7290002057109,false,זיתים יבנה ירוקים גדולים מאוד שום מנזלינ,קבוצת יבנה,IL,זיתים מנזנילו גדולים,גרמים,340.00,100 גרם,false,,8.90,0.0262,true,1,25252
7290002057123,false,זיתים ירוקים מנזנילו קבוצת יבנה 560 גרם,קבוצת יבנה,IL,זיתים ירוקים נטולי ג,גרמים,275.00,100 גרם,false,,8.20,0.0298,true,1,20221
7290002057161,false,זיתים מרינט ביין גדול מאד קבוצת יבנה 340 גרם,קבוצת יבנה,IL,זית מרינד חתוך בחומץ,גרמים,275.00,100 גרם,false,,9.40,0.0342,true,1,27724
7290002057185,false,טבעות זיתים ירוקים קבוצת יבנה 560 גרם,קבוצת יבנה,IL,טבעות זיתים ירוקים 2,גרמים,275.00,100 גרם,false,,8.20,0.0298,true,1,25253
7290002057352,false,מלפפונים במלח ‏9‏-‏7‏ קבוצת יבנה 320 גרם,קבוצת יבנה מוצרי מזון,IL,מלפפון במלח 7-9 320,גרמים,320.00,100 גרם,false,,6.20,0.0194,true,1,25950
7290002057369,false,מלפפונים במלח ‏12‏-‏10‏ קבוצת יבנה 320 גרם,קבוצת יבנה,IL,מלפפונים במלח 12-10,גרמים,320.00,100 גרם,false,,7.20,0.0225,true,1,20867
7290002057376,false,מלפפונים במלח ‏17‏-‏13‏ קבוצת יבנה 320 גרם,קבוצת יבנה,IL,מלפפון במלח 13-17 32,גרמים,320.00,100 גרם,false,,8.20,0.0256,false,1,21925
7290002057383,false,מלפפונים במלח ‏25‏-‏18‏ קבוצת יבנה 320 גרם,קבוצת יבנה,IL,מלפפון במלח 18-25 32,גרמים,320.00,100 גרם,false,,8.90,0.0278,true,1,21926
7290002057437,false,פלפל שיפקונית קבוצת יבנה 225 גרם,קבוצת יבנה,IL,ציפקונית יבנה,גרמים,225.00,100 גרם,false,,8.50,0.0378,true,1,141513
7290002057451,false,מלפפונים בחומץ ‏9‏-‏7 קבוצת יבנה 290 גרם,קבוצת יבנה מוצרי מזון,IL,מלפפון בחומץ 7-9 290,גרמים,290.00,100 גרם,false,,6.20,0.0214,true,1,28265
7290002057468,false,מלפפונים בחומץ בינוני קבוצת יבנה 560 גרם,קבוצת יבנה,IL,מלפפון בחומץ 10-12 2,גרמים,290.00,100 גרם,false,,7.20,0.0248,true,1,25254
7290002057475,false,מלפפונים בחומץ ‏17‏-‏13 קבוצת יבנה 290 גרם,קבוצת יבנה,IL,מלפפון בחומץ 13-17 2,גרמים,290.00,100 גרם,false,,8.20,0.0283,true,1,25412
7290002057482,false,מלפפונים קטנים בחומץ קבוצת יבנה 560 גרם,קבוצת יבנה,IL,מלפפון בחומץ 18-25 2,גרמים,290.00,100 גרם,false,,8.90,0.0307,true,1,26001
7290002057628,false,טבעות זיתים מושחר קבוצת יבנה 275 גרם,קבוצת יבנה,IL,זיתים טבעות מושחרים,גרמים,275.00,100 גרם,false,,9.40,0.0342,true,1,26760
7290002057703,false,חצילים במלח קבוצת יבנה 320 גרם,קבוצת יבנה,IL,חצילים במלח 320 גרם,גרמים,320.00,100 גרם,false,,6.50,0.0203,true,1,27104
7290002057734,false,זיתים חרוזית מושחר קבוצת יבנה 275 גרם,קבוצת יבנה,IL,זיתים מושחרים נטולי,גרמים,275.00,100 גרם,false,,9.40,0.0342,true,1,25255
7290002057864,false,זיתים נובו ענק צנצנת יבנה 540 גר',קבוצת יבנה,,צנצנת זיתים,גרמים,560.00,100 גרם,false,,10.90,0.0195,true,1,34613
7290002057871,false,זית חרוזית צנצנת 540 ג' יבנה,קבוצת יבנה,,טבעות זיתים ירוקים ב,גרמים,340.00,100 גרם,false,,9.50,0.0279,true,1,26105
7290002065555,false,שישיית לחמנייה הכי רכה בהפסקה אנג'ל 450 גרם,מאפיית שלמה א. אנג'\ל בע,IL,שש לחמניות אנג'ל,גרמים,450.00,100 גרם,false,,10.90,0.0242,true,1,25251
7290002075035,false,אובלטים בשקית 500 גר,שוקוטרייד בעמ,IL,אובלטים 500 גר,גרמים,500.00,100 גרם,false,,21.90,0.0438,true,1,10835
7290002075271,false,סוכריות ריקולה בשקית בטעם צמחים,(EITAN (CHOCOTRADE,CH,סוכריות ריקולה 75גר,גרמים,70.00,100 גרם,false,,12.90,0.1843,true,1,48153
7290002096009,false,עוגיות דובשנית חפץ 4,חפץ,,דובשניות חפץ 450 גר,גרמים,450.00,100 גרם,false,,10.90,0.0242,true,1,14190
7290002107071,false,גבינת פטה עיזים מעודנת 16% משק צוריאל 200 גרם,מחלבת משק צוריאל,IL,פטה עיזים מעודנת,גרמים,200.00,100 גרם,false,,24.90,0.1245,true,1,12957
7290002107385,false,גליל גבינת עיזים מה עז משק צוריאל 180 גרם,מחלבת משק צוריאל,IL,דליקטס עז 20% 180 גר,גרמים,180.00,100 גרם,false,,23.90,0.1328,true,1,27715
7290002107491,false,גבינה לבנה מחלב עיזים למריחה 5% משק צוריאל 250 גרם,מחלבת משק צוריאל,IL,גבינת עיזים 5%,גרמים,250.00,100 גרם,false,,14.90,0.0596,false,1,12967
7290002107798,false,גבינה בולגרית מעודנת 5% משק צוריאל 250 גרם,מחלבת משק צוריאל,IL,בולגרית מעודנת 5% מש,גרמים,250.00,100 גרם,false,,22.50,0.0900,true,1,12976
7290002111450,false,גבינת גאודה,,,גבינת גאודה,קילוגרמים,1.00,"ק""ג",true,,95.00,95.0000,true,1,89438
7290002129479,false,פיצה מרגריטה איטלקית דקה שלושת האופים 320 גרם,האי נאם סי או אל.טי.,IT,פיצה איטלקית דקה שלו,גרמים,320.00,100 גרם,false,,13.90,0.0434,false,1,85888
7290002130574,false,דבש טהור מפרחי בר בזכוכית 500 ג' יד מרדכי,מכוורת יד מרדכי שטראוס ב,IL,דבש טהור 500 גר,גרמים,500.00,100 גרם,false,,28.90,0.0578,false,1,9752
7290002132011,false,עוגיות מזרחיות מלוחות עבאדי 400 גרם,מאפיית יוסף ושמחה עבאדי,IL,מזרחיות עגול,גרמים,400.00,100 גרם,false,,17.90,0.0447,false,1,8929
7290002133032,false,פתיתי קשקבל 29% גבינות השומרון 300 גרם,"מחלבת השומרון בע""מ",IL,פתיתי קשקבל 22% גבינ,גרמים,300.00,100 גרם,false,,29.90,0.0997,true,1,10715
7290002133070,false,גב.קשקבל טורקי צאן22%משק,"מחלבת השומרון בע""מ",IL,קשקבל טורקי בלוק,קילוגרמים,1.00,"ק""ג",true,,129.90,129.9000,false,1,49497
7290002133087,false,גבינה בולגרית צאן20%משקל,מחלבת השומרון בעמ,,בולגרית צאן סופיה,קילוגרמים,1.00,"ק""ג",true,,89.00,89.0000,true,1,83208
7290002133094,false,גבינת ברינזה צאן במש,"מחלבת השומרון בע""מ",IL,ברינזה צאן,קילוגרמים,1.00,"ק""ג",true,,79.90,79.9000,false,1,10717
7290002133117,false,בולגרית מעודנת 5% במשקל,"מחלבת השומרון בע""מ",IL,בולגרית 5% מעודנת במ,קילוגרמים,1.00,"ק""ג",true,,54.90,54.9000,false,1,44807
7290002133148,false,צפתית רכה שומרון במש,"מחלבת השומרון בע""מ",IL,צפתית שומרון טבעית/,קילוגרמים,1.00,"ק""ג",true,,55.90,55.9000,false,1,10720
7290002133162,false,גבינה בולגרית 5% גבינות השומרון 250 גרם,מחלבת השומרון,IL,בולגרית גביע 5%,גרמים,250.00,100 גרם,false,,19.90,0.0796,true,1,24311
7290002133193,false,בולגרית שומרון מעדני,מחלבת השומרון בעמ,IL,בולגרית שומרון מעדני,קילוגרמים,1.00,"ק""ג",true,,55.90,55.9000,false,1,14100
7290002133216,false,"גב.שמנת30%שומן ט""ש.משקל","מחלבת השומרון בע""מ",IL,גבינות שמנת- טבעי ז,קילוגרמים,1.00,"ק""ג",true,,46.90,46.9000,false,1,10723
7290002133247,false,לאבנה עם שמן זית וזעתר 5% גבינות השומרון 250 גרם,מחלבת השומרון,IL,לבנה זעתר 5% - 250 ג,גרמים,250.00,100 גרם,false,,13.50,0.0540,true,1,10724
7290002133520,false,יוגורט של פעם 3% גבינות השומרון 400 גרם,מחלבת השומרון,IL,יוגורט של פעם 3%,גרמים,400.00,100 גרם,false,,9.90,0.0248,true,1,19476
7290002133537,false,יוגורט של פעם חלב עיזים 4% גבינות השומרון 180 גרם,מחלבת השומרון,IL,יוגורט של פעם 3% עיז,גרמים,180.00,100 גרם,false,,6.60,0.0367,true,1,31807
7290002133575,false,יוגורט של פעם חלב כבשים 5% גבינות השומרון 400 גרם,מחלבת השומרון,IL,יוגורט של פעם כבשים,מיליליטרים,400.00,"100 מ""ל",false,,12.50,0.0313,true,1,34299
7290002133582,false,מוצרלה כדורים קטנים,,,מוצרלה כדורים קטנים,קילוגרמים,1.00,"ק""ג",true,,95.00,95.0000,true,1,98390
7290002133643,false,גבינת פטה צאן 22% גבינות השומרון 200 גרם,מחלבת השומרון,IL,פטה גביע 22%,גרמים,200.00,100 גרם,false,,23.00,0.1150,true,1,24312
7290002133858,false,גבינה בולגרית צאן 18% גבינות השומרון 250 גרם,מחלבת השומרון,IL,בולגרית צאן 18%,גרמים,250.00,100 גרם,false,,22.90,0.0916,true,1,24313
7290002133889,false,גבינה בולגרית מעודנת 5% 250 גרם,מחלבת השומרון,IL,בולגרית מעודנת 5%,גרמים,250.00,100 גרם,false,,19.90,0.0796,true,1,27289
7290002133940,false,יוגורט של פעם כבשים 4% גבינות השומרון 180 גרם,מחלבת השומרון,IL,יוגורט של פעם כבשים,מיליליטרים,180.00,"100 מ""ל",false,,6.60,0.0367,true,1,19015
7290002139898,false,אנטריקוט עם עצם טרי ארוז,תנובה,IL,מארז סטיק עם עצם,קילוגרמים,1.00,"ק""ג",true,,165.90,165.9000,true,1,108462
7290002150077,false,פלאפל חמים וטעים 400,"חמים וטעים בע""מ",IL,פלאפל אמיתי 400 גר,גרמים,400.00,100 גרם,false,,15.50,0.0388,true,1,76189
7290002150718,false,קרפלך כיסוני בצק במי,"חמים וטעים בע""מ",IL,חמים וטעים-קרפלך תפו,גרמים,400.00,100 גרם,false,,15.50,0.0388,true,1,76163
7290002150732,false,קרפלך במילוי בשר 400גרם,"חמים וטעים בע""מ",IL,קרפלך בשר 400 גר,גרמים,400.00,100 גרם,false,,15.50,0.0388,true,1,58674
7290002150817,false,"סיגר תפו""א חמים וטעי","חמים וטעים בע""מ",IL,"סיגרים תפו""א 400",גרמים,400.00,100 גרם,false,,15.50,0.0388,true,1,58676
7290002150862,false,קובה בורגול בשר 400 גרם,"חמים וטעים בע""מ",IL,קובה בשר מטוגן 400 ג,גרמים,400.00,100 גרם,false,,15.50,0.0388,true,1,58677
7290002157953,false,מארז נתחי טונה בהירה בשמן קנולה - 4 יחידות,דיאמנט פוד פרודקט,IL,טונה קנולה 4*140 גר,גרמים,560.00,100 גרם,false,,18.90,0.0337,false,1,83325
7290002157960,false,רביעיית טונה במים ויליגר 140 גרם,ויליגר,IL,טונה במים 4*140 גר ו,גרמים,560.00,100 גרם,false,,18.90,0.0337,false,1,83326
7290002190516,false,"ריבת חלב גלעם-קומידה 500ג' 12X-כשל""פ",אשבל מזון פונקציונלי בע\,IL,ריבת חלב 500 גר,גרמים,500.00,100 גרם,false,,14.50,0.0290,true,1,6858
7290002195092,false,קבב רומני 400 גרם בלדי,בלדי,IL,קבב רומני בלדי,יחידה,0.00,יחידה,false,,11.90,0.0000,false,1,41556
7290002196075,false,דבש טהור 350 גר משק,,,דבש טהור 350 גר',גרמים,350.00,100 גרם,false,,21.90,0.0626,true,1,11461
7290002196105,false,דבש טהור משק לין 500,משק לין,IL,דבש טהור משק לין 500,גרמים,500.00,100 גרם,false,,29.00,0.0580,true,1,11462
7290002196129,false,דבש טהור 1 קג משק לי,משק לין,IL,דבש טהור 1 קג,יחידה,1.00,יחידה,false,,49.90,49.9000,true,1,11463
7290002196617,false,משק לין רוטב חרדל ודבש,משק דבורים לין,IL,רוטב חרדל ודבש,יחידה,320.00,יחידה,false,,21.90,0.0684,true,1,31035
7290002198079,false,סלמי פרח בטעם כמהין קג,זוגלובק,IL,סלמי כמהין פרח מעדני,קילוגרמים,1.00,"ק""ג",true,,134.90,134.9000,false,1,145193
7290002211044,false,"סולת חיטה 1 ק""ג טחנת רוט",,IL,סולת 1 קג,קילוגרמים,1.00,"ק""ג",false,,6.50,6.5000,false,1,13698
7290002211112,false,"קמח לבן 1 ק""ג כחול טחנת רוט",,IL,"קמח 1 ק""ג",קילוגרמים,1.00,"ק""ג",false,,4.40,4.4000,false,1,57436
7290002232964,false,ציפוי לשניצל פז טחון דק 500 גרם דגש,"תירפז בע""מ",IL,פרורי לחם ללא גלוטן,גרמים,600.00,100 גרם,false,,26.90,0.0448,true,1,92481
7290002232995,false,ציפוי לשניצל פז 500 גרם דגש,פ.פ.ח. שאביט,IL,פירורי לחם ללא גלוטן,גרמים,600.00,100 גרם,false,,26.90,0.0448,true,1,92482
7290002239185,false,אפונת גינה קפואה פרי גליל 800 גרם,"פרי הגליל בע""""מ",IL,אפונה 800 פרי גל,גרמים,800.00,100 גרם,false,,9.90,0.0124,false,1,10397
7290002239215,false,אפונה וגזר קפוא פרי גליל 800 גרם,"פרי הגליל בע""""מ",IL,אפונה וגזר 800,גרמים,800.00,100 גרם,false,,9.90,0.0124,true,1,10398
7290002239277,false,גזר גמדי קפוא פרי גליל 800ג',"פרי הגליל בע""""מ",IL,גזר גמדי פרי גלי,גרמים,800.00,100 גרם,false,,9.90,0.0124,true,1,10399
7290002239307,false,שעועית צהובה 800 ג ' פרי הגליל,"פרי הגליל בע""""מ",IL,שעועית צהובה,גרמים,800.00,100 גרם,false,,9.90,0.0124,true,1,10400
7290002239338,false,שעועית ירוקה פרי הגליל 800 גרם,"פרי הגליל בע""""מ",IL,שעועית ירוקה פרי גלי,גרמים,800.00,100 גרם,false,,9.90,0.0124,true,1,10401
7290002239369,false,שעועית ירוקה שלמה 800 גרם פרי הגליל,"פרי הגליל בע""""מ",IL,שעועית שלמה 800,גרמים,800.00,100 גרם,false,,9.90,0.0124,true,1,10402
7290002239420,false,תירס גרעינים 800 ג ' פרי הגליל,"פרי הגליל בע""""מ",IL,תירס גרעינים 800,גרמים,800.00,100 גרם,false,,9.90,0.0124,true,1,10404
7290002253006,false,שום כתוש דורות בצנצנת 200 גרם,עיצובים 2020 (3.8),IL,שום כתוש טרי 200גר ד,גרמים,200.00,100 גרם,false,,19.90,0.0995,true,1,6435
7290002253105,false,קוביות שום כתוש טרי דורות 80 גרם,עיצובים 2020 (3.8),IL,קוביות שום כתוש דורו,גרמים,80.00,100 גרם,false,,14.50,0.1813,false,1,6436
7290002253150,false,קוביות בזיליקום קצוץ דורות 70 גרם,עיצובים 2020 (3.8),IL,בזיליקום קפוא קצוץ ד,גרמים,70.00,100 גרם,false,,11.00,0.1571,true,1,6437
7290002253167,false,פטרוזיליה קצוצה דורות 70 גרם,עיצובים 2020 (3.8),IL,פטרוזליה קצוצה דורות,גרמים,70.00,100 גרם,false,,11.00,0.1571,true,1,6438
7290002253174,false,קוביות שמיר קצוץ דורות 70 גרם,עיצובים 2020 (3.8),IL,שמיר קצוץ דורות,גרמים,70.00,100 גרם,false,,11.00,0.1571,true,1,6439
7290002253181,false,קוביות כוסברה קצוצה דורות 70 גרם,עיצובים 2020 (3.8),IL,כוסברה קצוצה דורות,גרמים,70.00,100 גרם,false,,11.00,0.1571,true,1,6440
7290002253198,false,ג'ינג'ר טרי כתוש במגשית 70 ג' דורות,עיצובים 2020 (3.8),IL,ג'ינג'ר טרי כתוש במג,גרמים,90.00,100 גרם,false,,12.00,0.1333,true,1,6441
7290002253235,false,דורות רוטב פסטו 160 גרם,עיצובים 2020 (3.8),IL,רוטב פסטו דורות,גרמים,160.00,100 גרם,false,,12.90,0.0806,true,1,75970
7290002253259,false,"""דורות"" רוטב עגבניות בזיליקום קפוא 160 גרם",עיצובים 2020 (3.8),IL,רוטב עגבניות בזיליקו,גרמים,160.00,100 גרם,false,,12.90,0.0806,true,1,75972
7290002253310,false,דורות שום צילי חריף קוביות תערובת 80 גר,עיצובים 2020 (3.8),IL,קוביות שום צילי חריף,גרמים,80.00,100 גרם,false,,14.50,0.1813,false,1,94366
7290002259640,false,דיימונד רדיד אלומיניום צר 30 ס''מ 7.5 מ'-,ריינולדס מוצרי צריכה,US,רדיד אלומיניום,יחידה,0.00,יחידה,false,,12.90,0.0000,true,1,14471
7290002259664,false,רדיד אלומיניום דיימונד גדול 60X0.60מ',ריינולדס מוצרי צריכה,US,רדיד אלומיניום דיימו,יחידה,0.00,יחידה,false,,54.90,0.0000,true,1,20932
7290002281498,false,גבינה צהובה מגורדת על בסיס חלב 500 ג' ריץ,האי נאם סי או אל.טי.,PL,גבינת ר'יץ מגורדת 50,גרמים,500.00,100 גרם,false,,22.90,0.0458,false,1,97553
7290002317081,false,זיתים נטולי גלעין +20% 670ג A2 מטולה,שימורי מוטולה בעמ,IL,זיתים חרוזית מוטולה,יחידה,0.00,יחידה,false,,7.90,0.0000,false,1,50256
7290002317265,false,מלפפון 650ג במלח +20% 7-9 A2 מטולה,שימורי מוטולה בעמ,IL,מלפפון במלח 7-9 מוטו,גרמים,385.00,100 גרם,false,,5.00,0.0130,true,1,48625
7290002317852,false,מלפפון ביתי במלח בצנצנת,שימורי מוטולה בעמ,IL,מוטולה מלפפונים במלח,גרמים,900.00,100 גרם,false,,25.90,0.0288,true,1,45651
7290002327615,false,ג'חנון 900 גר' אופרה,חסון את לוי,,ג'חנון 900 גר' אופרה,גרמים,900.00,100 גרם,false,,14.50,0.0161,true,1,13403
7290002327622,false,ג'חנון 650 גר אופרה,אופרה,,ג'חנון 650 גר אופרה,גרמים,650.00,100 גרם,false,,12.90,0.0198,false,1,13404
7290002327646,false,מלוואח אופרה 700 ג,אופרה,,מלווח אופרה,גרמים,700.00,100 גרם,false,,13.90,0.0199,false,1,13406
7290002327660,false,"בורקס תפו""א אופרה",חסון את לוי,,"בורקס תפו""א אופרה",גרמים,800.00,100 גרם,false,,14.50,0.0181,false,1,13407
7290002327677,false,בורקס גבינה אופרה,אופרה,,בורקס גבינה אופרה,גרמים,800.00,100 גרם,false,,18.90,0.0236,true,1,13408
7290002327691,false,אופרה בורקס מיני תפו,אופרה,,"מיני בורקס תפו""א",גרמים,800.00,100 גרם,false,,15.90,0.0199,false,1,13410
7290002327707,false,אופרה מיני בורקס גבי,אופרה,,מיני בורקס גבינה,גרמים,800.00,100 גרם,false,,18.90,0.0236,true,1,13411
7290002331018,false,"נביעות מים עם פקק ספורט 500מ""ל",נביעות טבע הגליל בעמ,IL,נביעות 5 0.,יחידה,500.00,יחידה,false,,2.90,0.0058,true,1,5729
7290002331025,false,"מים מינרלים נביעות ספורט 500 מ""ל פקדון",נביעות טבע הגליל בעמ,IL,נביעות 0.5 ליטר -,יחידה,500.00,יחידה,false,,2.60,0.0052,true,1,5730
7290002331094,false,"מים מינרליים GO TO נביעות 755 מ""ל",נביעות טבע הגליל בעמ,IL,נביעות 75 0.,יחידה,755.00,יחידה,false,,3.00,0.0040,true,1,5731
7290002331360,false,"נביעות מים מינרליים טו גו מארז 500X6מ""ל",נביעות טבע,IL,נביעות שישייה 0.5 ל',ליטרים,3.00,ליטר,false,,12.90,4.3000,false,1,5734
7290002331421,false,"שישיית מים מינרליים GO TO נביעות 755 מ""ל",נביעות טבע הגליל בעמ,IL,"נביעות שישיה 750 מ""ל",ליטרים,4.50,ליטר,false,,16.90,3.7556,false,1,5735
7290002331476,false,"נביעות בייבי מים מינרלים 250מ""ל",נביעות,,נביעות אישי בייבי,מיליליטרים,320.00,"100 מ""ל",false,,2.40,0.0075,true,1,55279
7290002331483,false,"שישיית נביעות אישי בייבי 320 מ""ל",נביעות טבע הגליל בעמ,IL,שישייה נביעות אישי ב,ליטרים,1.92,ליטר,false,,13.90,7.2396,true,1,53783
7290002331490,false,מים מינרליים נביעות 1 ליטר,נביעות טבע הגליל בעמ,IL,נביעות 1 ליטר,ליטרים,1.00,ליטר,false,,2.90,2.9000,false,1,55240
7290002332329,false,פילה סלמון טרי ארוז,דגת הארץ אג' שיתופית,IL,פילה סלמון טרי,קילוגרמים,1.00,"ק""ג",true,,150.00,150.0000,false,1,53942
7290002332398,false,דניס טרי שלם מגשית,דגת הארץ,IL,דניס טרי שלם מגשית,קילוגרמים,1.00,"ק""ג",true,,84.90,84.9000,true,1,56660
7290002333098,false,חומוס גרגירים אורגני 500 גרם - הרדוף,אול אורגני,IL,חומוס 500 גרם,גרמים,500.00,100 גרם,false,,10.90,0.0218,true,1,84440
7290002333456,false,גריסי פנינה אורגני הרדוף 500 גרם,אול אורגני,IL,גריסי פנינה 500 גרם,גרמים,500.00,100 גרם,false,,9.50,0.0190,true,1,14746
7290002333463,false,שעועית מש אורגני הרדוף 500 גרם,אול אורגני,IL,שעועית מש אורגני 500,גרמים,500.00,100 גרם,false,,14.50,0.0290,true,1,23077
7290002333500,false,עדשים אדומות אורגני 500 גרם - הרדוף,אול אורגני,IL,עדשים אדומים 500 גרם,גרמים,500.00,100 גרם,false,,11.90,0.0238,true,1,14747
7290002333968,false,עדשים צהובות חצויות אורגני 500 גר,אול אורגני,IL,עדשים צהובות הרדוף,גרמים,500.00,100 גרם,false,,11.90,0.0238,true,1,94581
7290002333982,false,שעועית לבנה אורגנית הרדוף 500 גרם,אול אורגני,IL,שעועית לבנה 500גר',גרמים,500.00,100 גרם,false,,14.50,0.0290,true,1,14759
7290002333999,false,גרעיני חמניות קלופים אורגני הרדוף 300 גרם,אול אורגני,IL,גרעיני חמניות 300גר',גרמים,300.00,100 גרם,false,,11.90,0.0397,true,1,14760
7290002345015,false,סינטה דק דק אל גאוצ'ו 250ג' מינוט,"טיבון ויל אחזקות בע""\מ",IL,סינטה דקדק 250 גר,גרמים,250.00,100 גרם,false,,15.90,0.0636,true,1,89293
7290002345022,false,אנטריקוט דק דק מינוט סטייק אל גאוצ'ו 250 גרם,"טיבון ויל אחזקות בע""\מ",IL,אנטריקוט דקדק 250 גר,גרמים,250.00,100 גרם,false,,15.90,0.0636,true,1,89294
7290002345060,false,גב.מאסדם הולנדי 29% משקל,סר קאשנדל בי.וי,NL,גבינת מאסדם מעדניה,קילוגרמים,1.00,"ק""ג",true,,94.90,94.9000,true,1,91131
7290002345282,false,נתחי פילה סלמון קפוא דלידג,דלידג,IL,נתחי פילה סלמון קפוא,קילוגרמים,1.00,"ק""ג",true,,89.90,89.9000,false,1,90000
7290002348139,false,ארטישוק תחתיות 210 ג' ויליגר,האי נאם סי או אל.טי.,EG,תחתיות ארטישוק 400 ג,גרמים,400.00,100 גרם,false,,9.90,0.0248,true,1,17860
7290002353249,false,חרדל דיז'ון מיילי 345 גרם,מיוצר עי קונדיטוריית,FR,דיג'ונז מייל 345 גר,גרמים,345.00,100 גרם,false,,20.90,0.0606,true,1,87265
7290002353836,false,סרדינים רוברט בשמן זית 115 גרם,קונסרבס פורטוגל נורטה,PT,סרדין רוברטס בשמן זי,גרמים,120.00,100 גרם,false,,7.90,0.0658,true,1,17872
7290002360124,false,חליטת צמחים ורד הבר והיביסקוס פומפדור 20 יחידות,TEEKANNE- POMPADOU,DE,תה צמחים פומפדור 20,גרמים,30.00,100 גרם,false,,15.90,0.5300,true,1,8299
7290002360155,false,חליטת תה פרחי שומר פומפדור 20 שקיקים,TEEKANNE- POMPADOU,DE,תה פומפדור שומר 20 ש,גרמים,40.00,100 גרם,false,,15.90,0.3975,true,1,8301
7290002360278,false,חליטת צמחים פומפדור מנטה 20 יחידות,"איטיליאן פוד, אס.פי.",DE,תה פומפדור מינטה,גרמים,45.00,100 גרם,false,,15.90,0.3533,true,1,8305
7290002360285,false,חליטת צמחים פומפדור קמומיל 20 יחידות,TEEKANNE- POMPADOU,DE,חליטת תה קמומיל פומפ,גרמים,30.00,100 גרם,false,,15.90,0.5300,true,1,8306
7290002371526,false,דקניקים סלסולי פסטרמה שום וצילי פיקנטי טירת צבי 120 גרם,הנסיך- מפעל לייצור ט,IL,סלסולי פסטרמה שום וצ,גרמים,120.00,100 גרם,false,,15.90,0.1325,true,1,53392
7290002371533,false,דקניקים סלסולי פסטרמה דבש טירת צבי 120 גרם,הנסיך- מפעל לייצור ט,IL,סילסולי פסטרמה ודבש,יחידה,0.00,יחידה,false,,15.90,0.0000,true,1,53393
7290002371540,false,דקניקים קורנדביף ללא גלוטן טירת צבי 120 גרם,הנסיך- מפעל לייצור ט,IL,קורנדביף 120 גר',גרמים,120.00,100 גרם,false,,15.90,0.1325,true,1,53394
7290002371939,false,סרוולד בסגנון צרפתי דליקטיב 120 גרם,הנסיך- מפעל לייצור ט,IL,סרוולד צרפתי 120 גר',גרמים,120.00,100 גרם,false,,26.90,0.2242,false,1,53395
7290002374268,false,שמן חמניות מילומור 1 ליטר,שמן תעשיות,IL,שמן חמניות מילומ,ליטרים,1.00,ליטר,false,,10.90,10.9000,false,1,18689
7290002374312,false,"שמן קנולה מילומור 1 ל' עד""ח","נארז ע""י : א.ג. גילר",IL,שמן קנולה מילומו,ליטרים,1.00,ליטר,false,,10.90,10.9000,false,1,18690
7290002374640,false,שמן בריאות קנולה פלוס אומגה 3 עץ הזית 1 ליטר,שמן תעשיות,EE,שמן קנולה פלוס אומגה,ליטרים,1.00,ליטר,false,,14.90,14.9000,false,1,58026
7290002385745,false,גבינת פיקורינו משולשים גד,מחלבות גד,IL,פיקורינו משולשים גד,קילוגרמים,1.00,"ק""ג",true,,155.90,155.9000,true,1,43869
7290002395409,false,גבינה צהובה 28% נועם,החברה המרכזית,,גבינה צהובה נעם 28%,קילוגרמים,1.00,"ק""ג",true,,44.79,44.7900,false,1,50217
7290002395416,false,גבינה צהובה נעם 9%,החברה המרכזית,,גבינה צהובה נעם 9%,קילוגרמים,1.00,"ק""ג",true,,76.90,76.9000,false,1,50354
7290002395423,false,גבינה צהובה 22% נועם,החברה המרכזית,,גבינה צהובה נעם 22%,קילוגרמים,1.00,"ק""ג",true,,42.58,42.5800,false,1,50218
7290002407034,false,"זית סורי מבוקע ג""השא",ג'השאן,IL,זית סורי מבוקע 800 ג,גרמים,800.00,100 גרם,false,,18.90,0.0236,false,1,8931
7290002407102,false,זית סנטה גדול ג'השאן 800 ג',ג'השאן,IL,זית סנטה גדול 800 גר,גרמים,800.00,100 גרם,false,,18.90,0.0236,false,1,37928
7290002407348,false,"שמן זית כתית מעולה 750 מ""ל ג'השאן",משק משפחת ג'השאן,IL,שמן זית 750 ג'השאן,מיליליטרים,750.00,"100 מ""ל",false,,29.90,0.0399,false,1,8937
7290002407461,false,שמן זית כתית מעולה ג,ג'השאן,,שמן זית 750 זן נבאלי,מיליליטרים,750.00,"100 מ""ל",false,,36.90,0.0492,true,1,33943
7290002410713,false,קישקע ממולא קפוא 500גרם,לאטי עזרא גלם ודגים,IL,קישקע ממולא 500 גר',גרמים,500.00,100 גרם,false,,10.90,0.0218,true,1,29463
7290002410874,false,רבעי פרגיות ממולאות קג,לאטי עזרא גלם ודגים,IL,רבעי פרגיות ממולא (מ,קילוגרמים,1.00,"ק""ג",true,,51.90,51.9000,true,1,35900
7290002447146,false,שניצל עגל א.אדום טריארוז,תנובה,IL,מארז שניצל עגל טרי,קילוגרמים,1.00,"ק""ג",true,,95.00,95.0000,true,1,98162
7290002447214,false,מח עצם,,,מח עצם,קילוגרמים,1.00,"ק""ג",true,,37.90,37.9000,false,1,20538
7290002447405,false,בקר טחון,,,בקר טחון,קילוגרמים,1.00,"ק""ג",true,,65.00,65.0000,false,1,20640
7290002447412,false,כבד עגל טרי א.א במשקל,תנובה,IL,כבד עגל טרי לצליה בל,קילוגרמים,1.00,"ק""ג",true,,34.90,34.9000,false,1,20852
7290002447429,false,חזה עגל טרי,,,חזה עגל טרי,קילוגרמים,1.00,"ק""ג",true,,68.99,68.9900,true,1,20634
7290002447436,false,כתף עגל טרי,,,כתף עגל טרי,קילוגרמים,1.00,"ק""ג",true,,75.00,75.0000,false,1,20440
7290002447443,false,צלי כתף עגל,,,צלי כתף עגל,קילוגרמים,1.00,"ק""ג",true,,89.90,89.9000,false,1,20441
7290002447450,false,פילה מדומה לקדירה,,,פילה מדומה לקדירה,קילוגרמים,1.00,"ק""ג",true,,79.90,79.9000,false,1,9182
7290002447467,false,אסדו עגל טרי,,,אסדו עגל טרי,קילוגרמים,1.00,"ק""ג",true,,55.00,55.0000,false,1,20651
7290002447474,false,צוואר עגל טרי.,,,צוואר עגל טרי.,קילוגרמים,1.00,"ק""ג",true,,74.90,74.9000,false,1,20539
7290002447481,false,צא'ך עגל טרי,אדום אדום,,צא'ך עגל טרי,קילוגרמים,1.00,"ק""ג",true,,74.90,74.9000,false,1,20641
7290002447498,false,ויסבראטן עגל טרי,אדום אדום,,ויסבראטן עגל טרי,קילוגרמים,1.00,"ק""ג",true,,74.90,74.9000,false,1,20642
7290002447528,false,אווזית לקדירה,אדום אדום,,אווזית לקדירה,קילוגרמים,1.00,"ק""ג",true,,74.90,74.9000,false,1,20609
7290002447535,false,בשר ראש ולחי עגל,,,בשר ראש ולחי עגל,קילוגרמים,1.00,"ק""ג",true,,59.90,59.9000,false,1,54248
7290002447542,false,אנטריקוט עגל טרי,אדום אדום,,אנטריקוט עגל טרי,קילוגרמים,1.00,"ק""ג",true,,159.00,159.0000,false,1,9183
7290002447559,false,סינטה עגל טרי,אדום אדום,,סינטה עגל טרי,קילוגרמים,1.00,"ק""ג",true,,129.00,129.0000,false,1,9184
7290002447566,false,מסטר נתחים אוסובוקו,,,אוסובוקו עגל טרי,קילוגרמים,1.00,"ק""ג",true,,55.00,55.0000,false,1,20381
7290002447573,false,שייטל עגל טרי,אדום אדום,,שייטל עגל טרי,קילוגרמים,1.00,"ק""ג",true,,84.90,84.9000,false,1,20442
7290002447580,false,פילה עגל טרי א.א במשקל,אדום אדום,IL,פילה עגל טרי,קילוגרמים,1.00,"ק""ג",true,,239.00,239.0000,false,1,9185
7290002447597,false,שריר הזרוע,,,שריר הזרוע,קילוגרמים,1.00,"ק""ג",true,,75.00,75.0000,true,1,20643
7290002447634,false,עצמות,,,עצמות,קילוגרמים,1.00,"ק""ג",true,,10.00,10.0000,false,1,132000
7290002447894,false,סטייק עם עצם,,,סטייק עם עצם,קילוגרמים,1.00,"ק""ג",true,,120.00,120.0000,false,1,54452
7290002447924,false,בשר לטחינה טרי א.א במשקל,תנובה,IL,בשר בקר טחון טרי,קילוגרמים,1.00,"ק""ג",true,,65.00,65.0000,false,1,9187
7290002447979,false,בשר כף טרי,אדום אדום,,בשר כף טרי,קילוגרמים,1.00,"ק""ג",true,,74.90,74.9000,false,1,20644
7290002460060,false,קמח לבן 1קג מן,מן,,קמח לבן 1קג מן,יחידה,1.00,יחידה,false,,3.90,3.9000,false,1,13695
7290002472094,false,עוגת קצפת קרם שניט600גרם,"גידרון תעשיות בע""מ",IL,עוגת פס קרמשניט 600,גרמים,600.00,100 גרם,false,,32.90,0.0548,true,1,52760
7290002475101,false,גפילטע פיש ללא סוכר 4 מנו,"דג טעים (משווק ע""י א",IL,גפילט פיש ללא סו.,גרמים,575.00,100 גרם,false,,18.50,0.0322,true,1,35817
7290002479109,false,"דבש פרחי בר עמק חפר 1 ק""ג",מכוורת עמק חפר,IL,"דבש 1 ק""ג עמק חפ",יחידה,1.00,יחידה,false,,47.90,47.9000,true,1,43890
7290002479352,false,דבש טהור מפרחי בר עמק חפר 350 גרם,מכוורת עמק חפר,IL,דבש עמק חפר טהור פרח,גרמים,350.00,100 גרם,false,,18.50,0.0529,true,1,39614
7290002479925,false,דבש מפרחי הדרים לחיץ 350 גרם,מכוורת עמק חפר,IL,דבש טהור מפרחי בר עמ,גרמים,350.00,100 גרם,false,,21.90,0.0626,true,1,39691
7290002485025,false,סלט חומוס מסעדות 500 גרם,"סלטי שמיר 2006 בע""מ",IL,חומוס מסעדות 500גר,גרמים,500.00,100 גרם,false,,13.90,0.0278,true,1,26268
7290002485049,false,סלט חומוס מסבחה 500 גרם,"סלטי שמיר 2006 בע""מ",IL,סלט חומוס מסבחה 500ג,גרמים,500.00,100 גרם,false,,13.90,0.0278,true,1,26266
7290002485063,false,סלט חומוס אבו גוש בי,"סלטי שמיר 2006 בע""מ",IL,חומוס אבו גוש 500גר,גרמים,500.00,100 גרם,false,,13.90,0.0278,true,1,26267
7290002502036,false,בונז'ור לחמנית קשר 100ג',בונז'ור,,לחמניה קשר בונזור,יחידה,0.00,יחידה,false,,2.50,0.0000,true,1,24733
7290002502203,false,בורקס גבינה,בונז'ור,,בורקס גבינה,קילוגרמים,1.00,"ק""ג",true,,42.00,42.0000,true,1,14368
7290002507383,false,גבינה בולגרית 5% במש,מחלבות בכר,IL,בולגרית פנחס 5%,קילוגרמים,1.00,"ק""ג",true,,76.90,76.9000,true,1,84780
7290002507390,false,גבינה בולגרית 16%משקל,פנחס,IL,בולגרית פנחס 16%,קילוגרמים,1.00,"ק""ג",true,,76.90,76.9000,true,1,86822
7290002507604,false,פיצה שגב השף מאיטליה 350 גרם,האי נאם סי או אל.טי.,IT,פיצת השף מאיטליה 320,גרמים,320.00,100 גרם,false,,14.90,0.0466,true,1,86887
7290002511137,false,מעדניה - פטה עיזים,מחלבת המושבה,IL,פטה עיזים מושבה,קילוגרמים,1.00,"ק""ג",true,,89.90,89.9000,true,1,55612
7290002511236,false,בולגרית מעודנת5% במשקל,"מחלבת המושבה בע""מ",IL,בולגרית מעודנת מושבה,קילוגרמים,1.00,"ק""ג",true,,51.90,51.9000,true,1,55592
7290002511243,false,בולגרית מסורתית 16% משקל,"מחלבת המושבה בע""מ",IL,בולגרית 16% המושבה,קילוגרמים,1.00,"ק""ג",true,,51.90,51.9000,true,1,69340
7290002511281,false,גבינת ברינזה צאן18% משקל,"מחלבת המושבה בע""מ",IL,ברינזה צאן מושבה,קילוגרמים,1.00,"ק""ג",true,,99.90,99.9000,true,1,53826
7290002511335,false,גבינת תום כבשים מעדנ,מחלבת המושבה,IL,גבינת תום כבשים מושב,קילוגרמים,1.00,"ק""ג",true,,159.90,159.9000,true,1,56332
7290002511342,false,גבינת מנצ'גו כבשים ה,,,גבינת מנצ'גו כבשים ה,קילוגרמים,1.00,"ק""ג",true,,159.90,159.9000,true,1,76272
7290002511496,false,בולגרית קוביות משקל,"מחלבת המושבה בע""מ",IL,בולגרית קוביות 5% מו,קילוגרמים,1.00,"ק""ג",true,,52.90,52.9000,true,1,75568
7290002515333,false,"ד""ר פישר - קמיל בלו סנסיטיב אל סבון עדין לתינוק 500 מ""ל",פישר מעבדות פרמצבטיות בע,IL,קמיל פלוס 500,יחידה,500.00,יחידה,false,,17.90,0.0358,true,1,10748
7290002515364,false,"קמיל בלו אל סבון לתינוק קלאסיק ד""ר פישר 500 מ""ל",פישר מעבדות פרמצבטיות בע,IL,קמיל בלו 500 קלא,יחידה,500.00,יחידה,false,,15.90,0.0318,true,1,31031
7290002515371,false,"קמיל בלו אל סבון לתינוקות ד""ר פישר 1 ליטר",פישר מעבדות פרמצבטיות בע,IL,קמיל בלו קלאסיק אל ס,ליטרים,1.00,ליטר,false,,26.90,26.9000,true,1,10749
7290002517269,false,"פלפל שחור שלם 350 גרם ""טעם וריח""",תות ממתקי איכות,IL,פלפל שחור שלם מיכל ק,גרמים,35.00,100 גרם,false,,9.50,0.2714,true,1,24360
7290002517276,false,פלפל אנגלי שלם 25 גר' טעם וריח,תות ממתקי איכות,IL,מיכל קטן פלפל אנגלי,גרמים,25.00,100 גרם,false,,5.50,0.2200,true,1,24931
7290002517290,false,תבלין קינמון טחון 40 גר' מיכל,"תבליני טעם וריח בע""מ",IL,קינמון טחון מיכל קטן,גרמים,40.00,100 גרם,false,,5.50,0.1375,true,1,23312
7290002517337,false,אורגנו עלים 20 גר' טעם וריח,"תבליני טעם וריח בע""מ",IL,עשבי תיבול שקיות,גרמים,30.00,100 גרם,false,,5.90,0.1967,true,1,13736
7290002517375,false,בזילקום עלים 30 גר' טעם וריח,"תבליני טעם וריח בע""מ",IL,בזיליקום שקית 30 גר',גרמים,30.00,100 גרם,false,,5.90,0.1967,true,1,27339
7290002517603,false,תבלין בזיליקום מיכל 10ג',"תבליני טעם וריח בע""מ",IL,בזיליקום מיכל קטן,גרמים,10.00,100 גרם,false,,5.50,0.5500,true,1,23319
7290002517634,false,כוזברה 30 גר מיכל קט,תות ממתקי איכות,IL,כוזברה במיכל,גרמים,30.00,100 גרם,false,,5.50,0.1833,true,1,23441
7290002517689,false,תבלין קרי 40 גרם מיכל קטן,תות ממתקי איכות,IL,אבקת קרי במיכל,גרמים,40.00,100 גרם,false,,5.50,0.1375,true,1,23449
7290002517726,false,קינמון מקלות 15 גר' טעם וריח,"תבליני טעם וריח בע""מ",IL,מקלות קינמון במיכל,גרמים,15.00,100 גרם,false,,5.50,0.3667,true,1,23442
7290002517733,false,תבלין קצח טעם וריח 4,תות ממתקי איכות,IL,קצח מיכל קטן,גרמים,40.00,100 גרם,false,,5.50,0.1375,true,1,23313
7290002517801,false,תבלין צ'ילי כתוש - חריף (פלפל קיינה) 30 ג',"תבליני טעם וריח בע""מ",IL,צ'ילי כתוש-חריף מיכל,גרמים,30.00,100 גרם,false,,5.50,0.1833,true,1,23314
7290002517825,false,"פלפל לבן טחון 40 גרם ""טעם וריח""","תבליני טעם וריח בע""מ",IL,פלפל לבן טחון במיכל,גרמים,40.00,100 גרם,false,,9.50,0.2375,true,1,23443
7290002517863,false,תבלין ציפורן טחון 80ג',"תבליני טעם וריח בע""מ",IL,ציפורן טחון,גרמים,40.00,100 גרם,false,,9.50,0.2375,true,1,24570
7290002542506,false,"בקבוק בירה קורונה 355 מ""ל",קריניציה ויטמינה אס,MX,קורונה בירה בקבוק 35,מיליליטרים,355.00,"100 מ""ל",false,,10.00,0.0282,true,1,37626
7290002542780,false,"שישייה בירה סטלה ארטואה בקבוק 330X6 מ""ל","אינבב, ברוורייפליין",BE,שישיה בירה סטלה בק',מיליליטרים,1980.00,"100 מ""ל",false,,29.90,0.0151,false,1,141197
7290002542841,false,"שישייה בירה לף בלונד בקבוק 330X6 מ""ל","אינבב, ברוורייפליין",BE,שישיית בירה לף בלונד,ליטרים,1.98,ליטר,false,,44.90,22.6768,false,1,142561
7290002542865,false,"שישייה בירה הוגרדן בקבוק 330X6 מ""ל","אינבב, ברוורייפליין",BE,שישיית בירה הוגרדן,ליטרים,1.98,ליטר,false,,44.90,22.6768,false,1,142196
7290002543046,false,קלוגס פרוסטיס דגנים וסוכר 750ג',קלוג מנייופרטורינג א,ES,דגני קלוגס פרוסטיס 7,גרמים,750.00,100 גרם,false,,17.90,0.0239,false,1,8323
7290002543237,false,דגני בוקר קלוגס קורנפלקס 750 גרם,קלוגס קומפני אוף גרייט ב,GB,קורנפלקס קלוגס 750 ג,גרמים,750.00,100 גרם,false,,14.90,0.0199,false,1,8331
7290002551003,false,טונה בשמן בודד 160 ג' סטארקיסט,סטאר קיסט,IL,טונה סטארקיסט בשמן 1,גרמים,160.00,100 גרם,false,,6.60,0.0412,false,1,15903
7290002551010,false,טונה סטארקיסט במים 160 גרם,"סטארקיסט פודור בע""מ",TR,טונה סטארקיסט במים 1,גרמים,160.00,100 גרם,false,,6.60,0.0412,false,1,15904
7290002603474,false,פיצת השף מאיטליה רוטב פטריות בטעם כמהין 256 גרם,סוילה אס.אר.אל,IT,פוקצ'ה פטריות כמהין,גרמים,200.00,100 גרם,false,,15.90,0.0795,true,1,90386
7290002603481,false,פיצת השף מאיטליה CHEF שגב פסטו ועגבניות 200 גרם,האי נאם סי או אל.טי.,IT,פוק'צה אנטיפסטי שף ש,גרמים,200.00,100 גרם,false,,15.90,0.0795,true,1,90387
7290002603498,false,פיצת השף מאיטליה אנטי פסטי 256 גרם,האי נאם סי או אל.טי.,IT,פוקצ'ה אנטיפסטי שף ש,גרמים,220.00,100 גרם,false,,15.90,0.0723,true,1,90388
7290002603504,false,פיצת השף מאיטליה CHEF שגב עגבניות ובצל סגול 200 גרם,סוילה אס.אר.אל,IT,פוק'צה עגבניות ובצל,גרמים,220.00,100 גרם,false,,15.90,0.0723,true,1,90389
7290002603672,false,פסטרמה ג'מבו הוד מעד,,,פסטרמה ג'מבו הוד מעד,קילוגרמים,1.00,"ק""ג",true,,69.90,69.9000,true,1,19939
7290002605096,false,פסטרמה רומנית הוד מע,,,פסטרמה רומנית הוד מע,קילוגרמים,1.00,"ק""ג",true,,69.90,69.9000,true,1,74186
7290002628255,false,כרעיים עוף קפוא בלדי,בלדי,,כרעיים עוף קפוא בלדי,קילוגרמים,1.00,"ק""ג",true,,28.90,28.9000,false,1,42763
7290002628453,false,פילה מדומה מס' 6 קפו,בלדי,,פילה מדומה מס' 6 קפו,קילוגרמים,1.00,"ק""ג",true,,49.90,49.9000,true,1,7420
7290002651116,false,גחנון חמסי 1 קג לא א,מאפיית אריאל,IL,ג'חנון חמסי,קילוגרמים,1.00,"ק""ג",false,,15.90,15.9000,true,1,41480
7290002651123,false,מלאווח חמסי ארוז 1 ק,מאפיית אריאל,IL,מלווח חמסי,קילוגרמים,1.00,"ק""ג",false,,15.90,15.9000,true,1,11858
7290002654612,false,סחלב - חלב ישראל 500 גרם,,,תערובת להכנת סחלב,גרמים,400.00,100 גרם,false,,17.50,0.0438,true,1,9383
7290002662396,false,רוסטביף כתף הוד מעדו,,,רוסטביף כתף הוד מעדו,קילוגרמים,1.00,"ק""ג",true,,114.90,114.9000,false,1,20034
7290002673255,false,"סיליט מקומקום מסיר אבנית 500 מ""ל",רקיט בנקיזר,IL,סליט נוזל,מיליליטרים,500.00,"100 מ""ל",false,,9.90,0.0198,true,1,14475
7290002674221,false,"אקווה פרש משחת שינים משאבה מנטה 100 מ""ל",גלקסו סמית קליין,GB,אקווה פרש משאבה,גרמים,100.00,100 גרם,false,,16.90,0.1690,true,1,14476
7290002692393,false,שמן קנולה מזוכך מועשר עץ הזית 1 ליטר,שמן תעשיות בעמ,EE,שמן קנולה ויטמין E,ליטרים,1.00,ליטר,false,,14.90,14.9000,false,1,18694
7290002692478,false,"שמן זית כתית מעולה קלאסי מעודן 750 מ""ל עץ הזית","מרקאולאו, ספרד.אבסה,",IT,שמן זית כתית מעולה 7,יחידה,750.00,יחידה,false,,29.90,0.0399,false,1,18699
7290002692768,false,"תרסיס שמן קנולה מזוכך ללא תוספת גז עץ הזית 200 מ""ל",טרנסומס פוד איי בי,IT,תרסיס שמן קנולה,יחידה,200.00,יחידה,false,,14.90,0.0745,false,1,31829
7290002692782,false,"תרסיס שמן זית כתית מעולה ללא תוספת גז עץ הזית 150 מ""ל",י.ב טכנולוגיות אריזה,IT,תרסיס שמן זית,יחידה,200.00,יחידה,false,,14.90,0.0745,false,1,31831
7290002715504,false,ארוחת נודלס בטעם עוף מג'יק 70 גרם,טאט הוי פוד בעמ,SG,מרק מג'יק,גרמים,70.00,100 גרם,false,,5.00,0.0714,false,1,17884
7290002715511,false,ארוחת נודלס בטעם בשר מג'יק 70 גרם,טאט הוי פוד בעמ,SG,מרק מג'יק,גרמים,70.00,100 גרם,false,,5.00,0.0714,false,1,17885
7290002715528,false,ארוחת נודלס בטעם ירקות מג'יק 70 גרם,טאט הוי פוד בעמ,SG,מרק מג'יק,גרמים,70.00,100 גרם,false,,5.00,0.0714,false,1,17886
7290002715580,false,ארוחת נודלס בטעם סיני חריף מג'יק 70 גרם,טאט הוי פוד בעמ,SG,מרק מגיק,גרמים,70.00,100 גרם,false,,5.00,0.0714,false,1,17888
7290002730262,false,"נוזל לניקוי כלים קלאסי פלמוליב 750 מ""ל",יבואן ומשווק: ש. שסט,GR,פלמוליב קריסטל,מיליליטרים,750.00,"100 מ""ל",false,,9.90,0.0132,false,1,7949
7290002730521,false,צימרוני אוזניים בלונס בקופסא 200 יח',קריות זול,GR,צמרונים 200יח,יחידה,0.00,יחידה,false,,5.90,0.0000,true,1,8105
7290002730811,false,"משחת שיניים ג'ל פסים מרעננים קולגייט 100 מ""ל",הנסיך- מפעל לייצור ט,PL,משחת שיניים קולגייט,מיליליטרים,100.00,"100 מ""ל",false,,11.90,0.1190,false,1,7954
7290002730903,false,פלמוליב סבון מוצק ורדים רביעייה * 125 ג',הנסיך- מפעל לייצור ט,TR,סבון פלמוליב מוצ,גרמים,500.00,100 גרם,false,,17.00,0.0340,true,1,7956
7290002730941,false,כדורי צמר גפן בלונס 100 יחידות,הנסיך- מפעל לייצור ט,GR,בלונס צמר גפן,גרמים,100.00,100 גרם,false,,5.90,0.0590,true,1,8109
7290002730958,false,סבון מוצק בניחוח זיתים ואלוורה פלמוליב 4*100 גרם,הנסיך- מפעל לייצור ט,TR,סבון פלמוליב מוצ,גרמים,400.00,100 גרם,false,,17.00,0.0425,true,1,7959
7290002735007,false,"בצק עלים מרודד ינון 1 ק""ג",קפוא-זן,,בצק עלים ינון,יחידה,1.00,יחידה,false,,13.90,13.9000,true,1,42105
7290002735014,false,מלוואח ארוז ינון 800 גר',ג'נרל מילס סאן אדריא,IL,מלווח ינון,גרמים,800.00,100 גרם,false,,13.90,0.0174,true,1,31016
7290002735021,false,ג'חנון קפוא ינון 750 גרם,ג'נרל מילס סאן אדריא,IL,ג'חנון ינון,גרמים,750.00,100 גרם,false,,13.90,0.0185,true,1,21639
7290002735113,false,בורקס גבינה ינון 800 גר,,,בורקס גבינה יינון,גרמים,800.00,100 גרם,false,,16.90,0.0211,true,1,46291
7290002735205,false,בורקס פיצביס ינון 800 גר',,,בורקס פיצביס ינון,גרמים,800.00,100 גרם,false,,18.90,0.0236,true,1,85734
7290002735274,false,ג'חנון אפוי ינון 600 גרם,ג'נרל מילס סאן אדריא,IL,ג'חנון יינון אפוי 60,גרמים,600.00,100 גרם,false,,16.90,0.0282,true,1,36242
7290002735908,false,"מיני בורקס תפו""א ינון 800 גר'",,,"מיני בורקס תפ""א 800",גרמים,800.00,100 גרם,false,,16.90,0.0211,true,1,83918
7290002752332,false,"סוכריות מנטוס פירות בגליל, 37.5 גרם",הדקלאים אגודת שיתופי,NL,מנטוס פירות,גרמים,37.50,100 גרם,false,,2.90,0.0773,true,1,12733
7290002752349,false,סוכריות מנטוס מנטה 40יח' בגליל 38ג',פרפטי ואן מלה,NL,מנטוס מנטה,גרמים,37.50,100 גרם,false,,2.90,0.0773,true,1,12734
7290002752493,false,רביעיה סוכריות מנטה 4* 16 ג' טיק טק,פררו - אלבה,ZA,טיק טק רביעיה,גרמים,64.00,100 גרם,false,,9.90,0.1547,true,1,12735
7290002753223,false,רביעייה סוכריות תפוז 4*16 ג' טיק טק,פררו - אלבה,ZA,טיק טק רביעיה,גרמים,64.00,100 גרם,false,,9.90,0.1547,true,1,12737
7290002753995,false,סוכריות עדשים לקישוט עוגה וורנר 6*25 גרם,היינץ צפון אמריקה מק,DE,קישוטי שוקולד,גרמים,150.00,100 גרם,false,,15.90,0.1060,true,1,12739
7290002768036,false,"מי פה תיאדנט ענק מונע עששת 150מ""ל",אמיליה קוסמטיקס,IL,תיאדנט מיפה ענק,מיליליטרים,150.00,"100 מ""ל",false,,17.90,0.1193,true,1,16791
7290002768074,false,אל סבון נוזלי רגיל דרמפון 1 ליטר,"אמיליה קוסמטיקס בע""מ",IL,דרמפון,ליטרים,1.00,ליטר,false,,15.90,15.9000,true,1,16793
7290002768159,false,"קצף אמבט בת אורן קרליין 500 מ""ל",פארק תעשיות עמק חפרמ,IL,בת אורן,מיליליטרים,500.00,"100 מ""ל",false,,15.90,0.0318,true,1,16794
7290002771104,false,קפה עם הל אל נחלה 500 גרם,מולינו ניקולי s.p.a,IL,קפה שחור אלנחלה 500,גרמים,500.00,100 גרם,false,,29.90,0.0598,false,1,6835
7290002771111,false,קפה עם הל אל נחלה 250 גרם,מולינו ניקולי s.p.a,IL,קפה שחור אלנחלה עם ה,גרמים,250.00,100 גרם,false,,14.90,0.0596,false,1,6836
7290002771128,false,קפה אלנח'לה בלי הל 250 ג',מולינו ניקולי s.p.a,IL,קפה שחור אלנחלה 250,גרמים,250.00,100 גרם,false,,14.90,0.0596,true,1,6837
7290002793311,false,שירות והחלפה מילוי גז 60 סודהסטרים,סודה סטרים,IL,מילוי גז לבלון 60ליט,יחידה,0.00,יחידה,false,,56.90,0.0000,false,1,50499
7290002808398,false,חומץתפוחי עץ טבעי 47,אולד דאץ,US,חומץ תפוחים 5%,יחידה,473.00,יחידה,false,,8.90,0.0188,true,1,35267
7290002808527,false,חומץ תפוחים 5% טבעי,אולד דטש,US,חומץ תפוחים,ליטרים,1.00,ליטר,false,,13.90,13.9000,true,1,11211
7290002814016,false,"מסיר שומנים מתז 750 מ""ל סנט מוריץ כשל""פ עד""ח","קומפלקס כימיקלים בע""",IL,מסיר שומנים,מיליליטרים,750.00,"100 מ""ל",false,,14.90,0.0199,false,1,13301
7290002814054,false,סנט מוריץ מתז אנטרטיק מתז 1 ליטר,קומפלקס כימיקלים בעמ,IL,אנטרטיק במתז 1 ליטר,ליטרים,1.00,ליטר,false,,9.90,9.9000,true,1,96730
7290002814078,false,סנט מוריץ נוזל לניקוי אמבט אנטרטיק 1ל',"קומפלקס כימיקלים בע""",IL,אנטרטיק אסלות,ליטרים,1.00,ליטר,false,,7.90,7.9000,true,1,13303
7290002814603,false,"סנט מוריץ - מרסס מסיר שומנים קר מבושם לימון 750 מ""ל",קומפלקס כימיקלים בעמ,IL,מסיר שומנים מבושם 75,מיליליטרים,750.00,"100 מ""ל",false,,11.90,0.0159,false,1,89070
7290002814870,false,"סנט מוריץ - מרסס מסיר שומנים קר מבושם לוונדר\פרחים 750 מ""ל",קומפלקס כימיקלים בעמ,IL,מסיר שומנים בניחוח פ,מיליליטרים,750.00,"100 מ""ל",false,,11.90,0.0159,true,1,95523
7290002814894,false,אקונומיקה קצף ניקוי 1לוונדר ליטר- סנט מוריץ,קומפלקס כימיקלים,IL,אקונומיקה קצף ניקוי,ליטרים,1.00,ליטר,false,,9.90,9.9000,true,1,102193
7290002814986,false,סנט מוריץ מגבונים לניקוי כללי בדלי 400 יחידות בריח לימון,קומפלקס כימיקלים,IL,מגבונים לניקוי כללי,יחידה,0.00,יחידה,false,,21.90,0.0000,true,1,145429
7290002824183,false,"גבינה לבנה סקי 500 גרם 5% ""שטראוס"" -מוצר בפיקוח",מיוצר עי קונדיטוריית,IL,גבינת סקי 5% 500 גרם,גרמים,500.00,100 גרם,false,,9.96,0.0199,false,1,7517
7290002824466,false,יוגורט דנונה ביו לבן 0% שומן 200 גרם,"שטראוס בריאות בע""\מ",IL,דנונה טבעי 0%,מיליליטרים,200.00,"100 מ""ל",false,,3.70,0.0185,true,1,7518
7290002824640,false,"גבינת סקי 250 גרם 5% ""שטראוס"" -מוצר בפיקוח",מיוצר עי קונדיטוריית,IL,גבינה סקי 5%,גרמים,250.00,100 גרם,false,,4.98,0.0199,false,1,7520
7290002830184,false,פילה לברק דלידג קפוא,תנובה,IL,פילה לברק 7-9,קילוגרמים,1.00,"ק""ג",true,,51.90,51.9000,true,1,50658
7290002842293,false,סרדין מינרבה חריף 120 גרם,יו.אס.איי וליו קו,,סרדינים בשמן חמניות,גרמים,120.00,100 גרם,false,,6.30,0.0525,true,1,10866
7290002842309,false,סרדין מינרבה בשמן 120 גרם,יו.אס.איי וליו קו,,סרדינים מינרבה בשמן,גרמים,82.00,100 גרם,false,,6.30,0.0768,true,1,10867
7290002842415,false,פילה אנשובי אמיתי 50 גרם,יו.אס.איי וליו קו,,פילה אנשובי,גרמים,56.00,100 גרם,false,,6.50,0.1161,true,1,10868
7290002842569,false,משקה חמוציות 1.89 ל',קליפסטאר,US,משקה קל חמוציות,ליטרים,1.89,ליטר,false,,21.00,11.1111,true,1,37568
7290002842699,false,יולה מיץ שזיפים יבשים 946 מל,קליפסטאר קונפוריישן,US,מיץ שזיפים יולה ללא,מיליליטרים,946.00,"100 מ""ל",false,,19.90,0.0210,true,1,103648
7290002859512,false,חזה אווז ארוז - 12קג,שונות,HU,חזה אווז קפוא,קילוגרמים,1.00,"ק""ג",true,,165.00,165.0000,false,1,58492
7290002868996,false,"קוטג' 5% שומן, רכיבים טבעיים, 250 גרם",קריות זול,IL,קוט'ג ביו 5% טרה,גרמים,250.00,100 גרם,false,,5.90,0.0236,false,1,5745
7290002871248,false,"בירה טובורג רד בקבוק 500 מ""ל חוזר",מבשלות בירה בינלאומיות ב,IL,טובורג בירה בקבוק 50,מיליליטרים,500.00,"100 מ""ל",false,,7.60,0.0152,false,1,5746
7290002871361,false,"בירה קרלסברג בקבוק 500 מ""ל חוזר",מבשלות בירה בינלאומיות ב,IL,קרלסברג בירה בקבוק 5,מיליליטרים,500.00,"100 מ""ל",false,,7.60,0.0152,false,1,5747
7290002879237,false,טורטילה צ'יפס ברביקיו 200 פלוטקין,דדוש דניאל,,טורטילה ברביקיו/צ'יל,יחידה,0.00,יחידה,false,,9.90,0.0000,true,1,46415
7290002879282,false,ציפס חטיף תירס טבעי סומבררו 200 גרם,אן. וי סנק פוד,BE,סומבררו תירס טבעי 20,גרמים,200.00,100 גרם,false,,9.90,0.0495,true,1,46502
7290002879299,false,מלפפון מוחמצים בטעם חמוץ מתוק,דדוש דניאל,PL,מלפפונים כבושים,גרמים,860.00,100 גרם,false,,18.90,0.0220,true,1,10878
7290002879305,false,מלפפונים קטנים בחומץ,דדוש דניאל,PL,מלפפונים קטנים ב,גרמים,680.00,100 גרם,false,,19.90,0.0293,true,1,10879
7290002879411,false,מלפפונים פרוסים גריי,פרנצוסקה,PL,סלט מלפפונים חמוץ-מת,גרמים,370.00,100 גרם,false,,13.90,0.0376,true,1,50165
7290002879435,false,כרוב כבוש גרין ואלי,פרנצוסקה,PL,כרוב כבוש אורבנק 900,גרמים,900.00,100 גרם,false,,15.90,0.0177,true,1,10880
7290002879633,false,וופל בלגי אמיתי רזיט 550 גרם,אן.וי ביסקוויטרי טיז,BE,וופל בלגי 550 גרם,גרמים,550.00,100 גרם,false,,22.90,0.0416,true,1,108449
7290002879923,false,צלפים מיניאטורים בחו,,,צלפים מיניאטורים בחו,יחידה,60.00,יחידה,false,,13.90,0.2317,true,1,45329
7290002881209,false,רסק תפוחי עץ דיאט 700 ג' תומר,KONSERVENFABRIEK BALTUSSEN,NL,"רסק תפו""ע 720 גר'",גרמים,720.00,100 גרם,false,,10.90,0.0151,true,1,55856
7290002881216,false,רסק תפוחי עץ לא ממותק תומר 700 גרם,KONSERVENFABRIEK BALTUSSEN,NL,"רסק תפו""ע דיאט 720 ג",גרמים,720.00,100 גרם,false,,10.90,0.0151,true,1,55857
7290002881230,false,חתיכות אננס בסירופ קל תומר 850 גרם,"אניס פארם בע""מ",VN,אננס חתוך בסירופ קל,גרמים,430.00,100 גרם,false,,8.90,0.0207,true,1,146463
7290002881254,false,קוקטייל פירות טרופיים בסירופ קל תומר 825 גרם,סאנרייז אגריקלטור,TH,קוקטייל פירות בסירופ,גרמים,460.00,100 גרם,false,,9.50,0.0207,true,1,146464
7290002881261,false,"ליצ'י שלם 565 גרם ""תומר""",גיבונג אינדסקיאלס,CN,ליצ'י שלם בסירופ קל,גרמים,230.00,100 גרם,false,,9.40,0.0409,true,1,83094
7290002881278,false,לפתן אפרסק חצאים תומ,Elbak s.a - greek ca,,אפרסק חצאים תומר,גרמים,470.00,100 גרם,false,,9.90,0.0211,true,1,145595
7290002881551,false,עלי גפן בשמן זית ממולא 400ג תומר,אסמה תורכיה,IL,תומר-עלי גפן ממולאים,גרמים,345.00,100 גרם,false,,8.50,0.0246,true,1,56352
7290002900313,false,פסטרמה ספרדיתטירת צבי,טירת- צבי,IL,פסטרמה ספרדית טירת צ,קילוגרמים,1.00,"ק""ג",true,,84.90,84.9000,false,1,9196
7290002900566,false,פסטרמה ברביקיו דל שומן טירת צבי 400 גרם,הנסיך- מפעל לייצור ט,IL,פסטרמה ברביקיו טירת,גרמים,360.00,100 גרם,false,,31.90,0.0886,true,1,9206
7290002904694,false,"טיטניום דאודורנט ספריי לגברים 150 מ""ל","אמיליה קוסמטיקס בע""מ",IL,דאוד' טטניום,מיליליטרים,150.00,"100 מ""ל",false,,15.90,0.1060,true,1,16795
7290002909569,false,ברבוניה פילה 400 גרם ארוז - הדייג,דולפין ספא,VN,פילה ברבונייה 400 גר,גרמים,400.00,100 גרם,false,,21.00,0.0525,true,1,77778
7290002911029,false,דבש החורש צנצנת 350,,,דבש 350גר,יחידה,0.00,יחידה,false,,16.90,0.0000,true,1,13163
7290002911043,false,צנצנת דבש החורש 1000,,,"דבש חורש 1 ק""ג",קילוגרמים,1.00,"ק""ג",false,,41.90,41.9000,true,1,13165
7290002919179,false,"פילה אמנון 5-7 בוואקום ללא עור בד""ץ עד""ח",בלאדי,IL,פילה אמנון 5-7 ללא ע,קילוגרמים,1.00,"ק""ג",true,,27.90,27.9000,false,1,88553
7290002919872,false,"פילה נסיכת הנילוס שלם עד""ח בלדי",בלדי,KE,פילה נסיכת הנילוס,קילוגרמים,1.00,"ק""ג",true,,47.90,47.9000,true,1,99601
7290002920366,false,כדורי לבנה בשמן,מחלבות גד,,כדורי לבנה בשמן,קילוגרמים,1.00,"ק""ג",true,,199.90,199.9000,true,1,33767
7290002921233,false,"קרבונה ניקוי יבש לכתמים שומניים 200 מ""ל",מנדלז סי.אר. פרודקשן,ES,קרבונה כתמים,גרמים,200.00,100 גרם,false,,24.90,0.1245,true,1,13754
7290002921240,false,"קרבונה שמפוזר לניקוי שטיחים וריפוד יעקבי 650 מ""ל",קרבונה Carbona,MX,שמפוזר,מיליליטרים,650.00,"100 מ""ל",false,,28.90,0.0445,true,1,13755
7290002921332,false,סבון פלא אסטוניש מסיר כתמים 75גר,יעקובי אסטוניש,GB,סבון אסטוניש,גרמים,75.00,100 גרם,false,,15.90,0.2120,true,1,13756
7290002921349,false,לוקטייט סופר גלו 3 - זוגי,יעקובי סופר גלו,TR,סופר גלו,יחידה,0.00,יחידה,false,,13.90,0.0000,true,1,13757
7290002922117,false,מקלות קינמון וסוכר חום,"אקלר בע""מ",IL,עוגיות בראוניס אקלר,גרמים,400.00,100 גרם,false,,23.90,0.0597,true,1,18379
7290002929635,false,טונה ויליגר במים 140 גרם,"ויליגר תעשיות בע""מ",IL,טונה ויליגר בודד בשמ,גרמים,140.00,100 גרם,false,,5.50,0.0393,false,1,57460
7290002929642,false,רביעיית טונה בשמן ויליגר 140 גרם,דיאמנט פוד פרודקט קו,TH,טונה ויליגר בשמן 4*1,גרמים,560.00,100 גרם,false,,18.90,0.0337,false,1,57356
7290002954187,false,"אורז יסמין 5 ק""ג שוקחה",בני ג'ורג' שוקחה חיפ,TH,אורז יסמין 5קג,קילוגרמים,5.00,"ק""ג",false,,49.90,9.9800,true,1,80729
7290002971016,false,"שטיבל סולת חיטה 1 ק""ג","שטיבל בע""מ",IL,"סולת 1 ק""ג",קילוגרמים,1.00,"ק""ג",false,,3.90,3.9000,false,1,103538
7290002987963,false,"סלט חומוס אחלה 1 ק""ג",מיוצר עי קונדיטוריית,IL,"חומוס אחלה 1 ק""ג",גרמים,1.00,גרם,false,,13.90,13.9000,false,1,7525
7290002994848,false,פיתה זעתר/בצל,,,פיתה זעתר/בצל,יחידה,0.00,יחידה,false,,2.90,0.0000,true,1,77971
7290003009183,false,"סירופ דיאט תפוחים פריגת 750 מ""ל",סירופ - גבעת חיים,IL,סירופ דיאט תפוחים 75,יחידה,750.00,יחידה,false,,22.90,0.0305,true,1,5759
7290003009312,false,בוטן קלוי קליית גת 200 גרם,הדקלאים אגודת שיתופי,IL,בוטן קלוי 200 גר,גרמים,200.00,100 גרם,false,,6.90,0.0345,true,1,12740
7290003009329,false,בוטנים אמריקאיים קליית גת 200 גרם,הדקלאים אגודת שיתופי,IL,בוטן אמריקאי 200,גרמים,200.00,100 גרם,false,,5.90,0.0295,true,1,12741
7290003009336,false,קבוקים קליית גת 200 גרם,הדקלאים אגודת שיתופי,IL,קבוקים גת 200 גר,גרמים,200.00,100 גרם,false,,5.90,0.0295,true,1,12742
7290003009596,false,"סירופ דיאט אשכוליות פריגת 750 מ""ל",סירופ - גבעת חיים,IL,סירופ דיאט אשכוליות,יחידה,750.00,יחידה,false,,22.90,0.0305,false,1,5768
7290003009640,false,מיץ תפוזים סחוט רכיבים טבעיים פריגת 1 ליטר,פריגת מצוננים,IL,פריגת סחוט תפוז 1 לי,ליטרים,1.00,ליטר,false,,16.00,16.0000,false,1,5773
7290003011087,false,"אורז בסמטי הודי מובחר שקדיה 1 ק""ג",אלסקה/ טילדה,IN,"אורז בסמטי 1 ק""ג",קילוגרמים,1.00,"ק""ג",false,,9.90,9.9000,true,1,51224
7290003015641,false,"נוזל רצפות יסמין 2 ליטר ""ריצפז פרש""",קריות זול,IL,ריצפז פרש יסמין 2 לי,ליטרים,2.00,ליטר,false,,17.90,8.9500,false,1,24875
7290003026029,false,"ד""ר פישר - קמיל בלו סנסיטיב שמפו אלדמע 500 מ""ל",פישר מעבדות פרמצבטיות בע,IL,קמיל בלו שמפו צהוב ס,יחידה,500.00,יחידה,false,,17.90,0.0358,true,1,10752
7290003026036,false,"ד""ר פישר - קמיל בלו סנסיטיב אל סבון עדין לתינוק 1 ליטר",פישר מעבדות פרמצבטיות בע,IL,קמיל בלו סנסיטיב ורו,ליטרים,1.00,ליטר,false,,29.90,29.9000,true,1,10753
7290003029181,false,משקה יטבתה שוקו' בקבוק 1ל מהדרין,שטראוס גרופ,IL,שוקו 2% - 1 ליטר,ליטרים,1.00,ליטר,false,,12.50,12.5000,false,1,7531
7290003029372,false,משקה חלב בטעם בננה יטבתה 1 ליטר,שטראוס גרופ,IL,משקה חלב בננה 2% - 1,ליטרים,1.00,ליטר,false,,12.50,12.5000,false,1,7536
7290003029389,false,"משקה חלב בננה פקק ספורט 250 מ""ל יוטבתה",שטראוס גרופ,IL,משקה חלב בננה 2%,מיליליטרים,250.00,"100 מ""ל",false,,5.20,0.0208,true,1,7537
7290003029433,false,"משקה יטבתה שוקו פקק 250 מ""ל מהדרין",שטראוס גרופ,IL,שוקו יטבתה בקבוק 2%,מיליליטרים,250.00,"100 מ""ל",false,,5.20,0.0208,true,1,7541
7290003029532,false,מוקה בבקבוק יטבתה 1 ליטר מהדרין,שטראוס גרופ,IL,מוקה יטבתה 2% - 1 לי,ליטרים,1.00,ליטר,false,,12.50,12.5000,false,1,7544
7290003029617,false,יטבתה שמנת מנה אישית 15% 125מל,שטראוס גרופ,IL,שמנת מנה אישית 15%,מיליליטרים,125.00,"100 מ""ל",false,,2.00,0.0160,false,1,33149
7290003029792,false,"משקה יטבתה שוקו שקיות מהדרין מארז 225X8מ""ל",שטראוס גרופ,IL,שוקו מארז שמינייה 2%,ליטרים,1.80,ליטר,false,,21.00,11.6667,false,1,7551
7290003029815,false,כד חלב 3% יטבתה 2 ליטר מהדרין,שטראוס גרופ,IL,חלב יטבתה 3% - 2 ליט,ליטרים,2.00,ליטר,false,,15.90,7.9500,false,1,7553
7290003029907,false,אייס קפה יטבתה 1 ליטר מהדרין,שטראוס גרופ,IL,קפה יטבתה 2% 1 ליטר,ליטרים,1.00,ליטר,false,,12.50,12.5000,false,1,19211
7290003047642,false,תה שחור יילו לייבל 100*1.5 ג' שקיק ליפטון,"יונילוור רוסייה בע""מ",RU,תה ליפטון ילו לי,גרמים,150.00,100 גרם,false,,12.90,0.0860,false,1,12289
7290003054183,false,מסטמכר לחם שיפון מלא 500ג,מרום את קונפינו,DE,לחם שיפון מלא,גרמים,500.00,100 גרם,false,,12.90,0.0258,true,1,10900
7290003054206,false,מסטמכר לחם שיפון עם זרעי חמניות 500ג,מרום את קונפינו,DE,לחם שיפון,גרמים,500.00,100 גרם,false,,12.90,0.0258,true,1,10902
7290003054213,false,מסטמכר לחם שיפון כפרי 500ג,מסטמכר גוטרסלאו,DE,לחם שיפון,גרמים,500.00,100 גרם,false,,12.90,0.0258,true,1,10903
7290003054220,false,מסטמכר לחם שיפון פומפרניקל 500ג,מסטמאכר ג'.אמ.בי.הי,DE,לחם שיפון פומפרנ,גרמים,500.00,100 גרם,false,,12.90,0.0258,true,1,10904
7290003054657,false,חרדל ריין דיז'ון אקסטרה פורטה 370 גרם,מרום את קונפינו,FR,חרדל דיזו'ן 350 גרם,גרמים,350.00,100 גרם,false,,10.90,0.0311,true,1,10908
7290003054725,false,חרדל אנגלי קולמנס 100 גרם,,,חרדל אנגלי,גרמים,100.00,100 גרם,false,,12.50,0.1250,true,1,31393
7290003067107,false,פילה דניס (מגשית) טר,,,פילה דניס (מגשית) טר,קילוגרמים,1.00,"ק""ג",true,,130.00,130.0000,false,1,146543
7290003069590,false,"פילה פוטית עם עור קפוא דלידג 1 ק""ג",דאליאן גואופו אקאטיק,CN,סול ארוז,יחידה,1.00,יחידה,false,,37.90,37.9000,true,1,47609
7290003069682,false,בצק פילאס קפוא 500 גרם שלושת האופים,שלושת האופים שגמור,IL,בצק פילאס 500גר,גרמים,500.00,100 גרם,false,,18.90,0.0378,true,1,44580
7290003072804,false,פסטרמה של פעם טירת צבי 200 גרם,טיב טירת צבי 2000,IL,פסטרמה של פעם 200 גר,גרמים,200.00,100 גרם,false,,24.90,0.1245,true,1,98064
7290003072811,false,נקניקיות בראטוורסט 320 גרם טירת צבי ללא גלוטן,טיב טירת צבי 2000,IL,נקניקיות בראטוורסט 3,גרמים,320.00,100 גרם,false,,23.90,0.0747,true,1,97822
7290003072835,false,נקניקיות קנאקוורסט טירת צבי 320 גרם,טיב טירת צבי 2000,IL,נקניקיות קנאקוורסט 3,גרמים,320.00,100 גרם,false,,23.90,0.0747,true,1,97824
7290003072859,false,רוסטביף טירת צבי 120 גרם,הנסיך- מפעל לייצור ט,IL,רוסטביף 120 גר' טירת,גרמים,120.00,100 גרם,false,,26.90,0.2242,true,1,100504
7290003072965,false,קבנוס חריף מעושן טירת צבי 120 גרם,טיב טירת צבי 2000,IL,קבנוס חריף מעושן 120,גרמים,120.00,100 גרם,false,,10.90,0.0908,true,1,105626
7290003072972,false,קבנוס בתיבול מעושן טירת צבי 120 גרם,טיב טירת צבי 2000,IL,קבנוס בתיבול שום 120,גרמים,120.00,100 גרם,false,,10.90,0.0908,true,1,105627
7290003078042,false,פרג אריסה חריפה 50ג,תבליני הדור השלישי,IL,אריסה פרג,גרמים,250.00,100 גרם,false,,15.90,0.0636,true,1,40353
7290003078066,false,שום כתוש פרג 250 גרם,תבליני הדור השלישי,IL,שום כתוש,גרמים,250.00,100 גרם,false,,15.90,0.0636,true,1,40354
7290003078738,false,לימון בלאדי ק 250 גרם,תבליני הדור השלישי,IL,לימון כבוש פרג,גרמים,250.00,100 גרם,false,,15.90,0.0636,true,1,40350
7290003102136,false,צמר גפן COTTON SOFT רפואי 100 גר' 3102136,הדקלאים אגודת שיתופי,TR,צמר גפן 100 גר',גרמים,100.00,100 גרם,false,,4.50,0.0450,true,1,80301
7290003102587,false,מברשת לבקבוק+ לפיטמה טוליפס,N.L. Product,CN,מברשת בקבוק+פיטמה,יחידה,0.00,יחידה,false,,5.90,0.0000,true,1,32638
7290003102976,false,צימרוני אוזניים פלסטיק בקופסה 200 יחידות,הדקלאים אגודת שיתופי,CN,צימרוני אוזניים 200י,יחידה,0.00,יחידה,false,,3.90,0.0000,true,1,81027
7290003116171,false,צ'ונגו מטוגן,,,צ'ונגו מטוגן,קילוגרמים,1.00,"ק""ג",true,,55.00,55.0000,false,1,146552
7290003121083,false,ארוחת נודלס בטעם בשר בשקית מג'יק 85 גרם,טאט הוי פוד בעמ,SG,מג'יק בשר שקית,גרמים,85.00,100 גרם,false,,2.70,0.0318,true,1,17896
7290003121090,false,ארוחת נודלס ירקות בשקית מג'יק 85 גרם,זנטי אס. אי לאלין,SG,מג'יק ירקות שקית,גרמים,85.00,100 גרם,false,,2.70,0.0318,false,1,17897
7290003121106,false,ארוחת נודלס טעם עוף בשקית מג'יק 85 גרם,"טאט פוד הוי בע""מ",SG,מג'יק עוף שקית,גרמים,85.00,100 גרם,false,,2.70,0.0318,true,1,17898
7290003126712,false,יוגורט עיזים מחלב מלא 3.7% משק צוריאל 150 גרם,מחלבת משק צוריאל,IL,יוגורט עיזים מחלב מל,מיליליטרים,140.00,"100 מ""ל",false,,6.20,0.0443,true,1,24277
7290003126958,false,טופו גבינה גוש בואקום צוריאל 300 ג',א.י.ן תעשיות מזון בע,IL,טופו צוריאל 9%,גרמים,300.00,100 גרם,false,,12.00,0.0400,true,1,13025
7290003137343,false,שניצל הודו טרי,,,שניצל הודו טרי,קילוגרמים,1.00,"ק""ג",true,,34.90,34.9000,false,1,88351
7290003141159,false,יוגטה מרשמלו ממתק מוקצף בטעמי תות שדה ווניל 180 גרם,יוגוטה,IL,מרשמלו יוגטה,יחידה,0.00,יחידה,false,,8.50,0.0000,true,1,48442
7290003142361,false,פופקורן בטעם מתוק מלוח הוטפופ 100 גרם 5 יחידות,הוט פופ,US,הוטפופ מתוק מלוח,גרמים,500.00,100 גרם,false,,15.00,0.0300,true,1,99428
7290003142422,false,גרעיני חמניה בשקית ללא מלח קליית גת 180 גרם,"ג'י אנד ג'י בע""מ",IL,גרעיני חמניה ללא מלח,גרמים,180.00,100 גרם,false,,6.00,0.0333,true,1,42007
7290003142477,false,ערמונים קלופים וקלויים 100 גרם,הדקלאים אגודת שיתופי,IL,ערמונים קלופים וקלוי,גרמים,100.00,100 גרם,false,,6.40,0.0640,true,1,47064
7290003143139,false,סילאן תמרים קלית גת 900 ג',"טעמי הגליל בע""\מ",IL,סילאן קליית גת 900 ג,גרמים,900.00,100 גרם,false,,14.90,0.0166,true,1,43912
7290003143146,false,ממרח תמרים קליית גת 450 גרם,הדקלאים אגודת שיתופי,IL,ממרח תמרים קליית גת,גרמים,450.00,100 גרם,false,,6.00,0.0133,true,1,43913
7290003143276,false,יוגטה מרשמלו ממתק מוקצף בטעם תות שדה 180 גרם,תות ממתקי איכות,IL,מרשמלו רול 180 גר' י,גרמים,180.00,100 גרם,false,,8.50,0.0472,true,1,53000
7290003143337,false,סילאן רכיבים טבעיים לחיץ קליית גת 350 גרם,ליימן מותגים,IL,סילאן טבעי לחיץ 350,גרמים,350.00,100 גרם,false,,14.50,0.0414,false,1,53985
7290003144419,false,סילאן טבעי קליית גת 710 גרם,"טעמי הגליל בע""\מ",IL,סילאן טבעי קליית גת,גרמים,710.00,100 גרם,false,,22.90,0.0323,true,1,78457
7290003144761,false,שוקולד מריר מעולה 85,,,שוקולד מריר מעולה 85,גרמים,100.00,100 גרם,false,,8.90,0.0890,true,1,82411
7290003145751,false,"קליית גת אגוזי קלויים, 200 גרם",הדקלאים אגודת שיתופי,IL,קשיו קלוי 200 גר',גרמים,200.00,100 גרם,false,,18.00,0.0900,true,1,31548
7290003145782,false,צנובר רכיבים טבעיים קליית גת 100 גרם,הדקלאים אגודת שיתופי,IL,צנובר טבעי 100ג',גרמים,100.00,100 גרם,false,,23.90,0.2390,true,1,35189
7290003145959,false,פקאן טבעי קליית גת 150 גרם,ליימן מותגים,IL,פקאן טבעי 150גר גת,גרמים,150.00,100 גרם,false,,18.90,0.1260,true,1,29175
7290003208579,false,וודקה גריי גוס רגיל 1 ליטר,,,וודקה גריי גוס 1ל,ליטרים,1.00,ליטר,false,,145.00,145.0000,false,1,43260
7290003208609,false,"וורמוט מרטיני אדום מתוק 750 מ""ל",מרטיני ורוסי,IT,מרטיני רוסו,יחידה,750.00,יחידה,false,,44.90,0.0599,true,1,42055
7290003210114,false,"טרופית בוסתן 200 מ""ל",בוסתן,IL,"טרופית בוסתן 200 מ""ל",מיליליטרים,200.00,"100 מ""ל",false,,1.50,0.0075,true,1,106609
7290003210121,false,"טרופית בוסתן 200 מ""ל",,,"טרופית בוסתן 200 מ""ל",מיליליטרים,200.00,"100 מ""ל",false,,1.50,0.0075,true,1,106610
7290003217014,false,חמישיית פיתות מזרחיות דגנית,יוניליוור גרמניה Gm,IL,פיתות רגילות תנע,גרמים,500.00,100 גרם,false,,6.90,0.0138,true,1,21046
7290003217052,false,חמישיית פיתות כפריות דגנית,יוניליוור גרמניה Gm,IL,פיתה כפרית,גרמים,500.00,100 גרם,false,,10.90,0.0218,true,1,20886
7290003224135,false,כיסונים עם בשר 800 ג,מאמא מרי,,כיסונים בשר 800 גר,גרמים,800.00,100 גרם,false,,21.90,0.0274,true,1,102400
7290003229109,false,פסטרמה הודו בפפריקה טירת צבי 400 גרם,הנסיך- מפעל לייצור ט,IL,פסטרמה בפפריקה,גרמים,400.00,100 גרם,false,,31.90,0.0797,true,1,9207
7290003229116,false,פסטרמה הודו בדבש שומן טירת צבי 400 גרם,הנסיך- מפעל לייצור ט,IL,פסטרמה בדבש טירת,גרמים,400.00,100 גרם,false,,31.90,0.0797,true,1,9208
7290003229123,false,פסטרמה הודו על גחלים 2% טירת צבי 400 גרם,הנסיך- מפעל לייצור ט,IL,פסטרמה גחלים טיר,גרמים,400.00,100 גרם,false,,31.90,0.0797,true,1,9209
7290003229147,false,נקניק סלמי איטלקי מעושן טירת צבי 300 גרם,הנסיך- מפעל לייצור ט,IL,סלמי איטלקי 300,גרמים,300.00,100 גרם,false,,31.90,0.1063,true,1,9211
7290003229154,false,נקניק סלמי קוניאק טירת צבי 300 גרם,הנסיך- מפעל לייצור ט,IL,סלמי קוניאק 300,גרמים,300.00,100 גרם,false,,31.90,0.1063,true,1,9212
7290003229192,false,נקניק כתף בקר מעושן 2% טירת צבי 400 גרם,טיב טירת צבי 2000,IL,א.מ. כתף בקר מעושן 4,גרמים,400.00,100 גרם,false,,31.90,0.0797,true,1,9216
7290003229208,false,פסטרמה ספרדית 2% טירת צבי 360 גרם,טירת צבי - מדף,IL,פסטרמה ספרדית 360 גר,גרמים,360.00,100 גרם,false,,31.90,0.0886,true,1,9217
7290003229215,false,פסטרמה איטלקית 3.5% טירת צבי 360 גרם,טירת צבי - מדף,IL,פסטרמה איטלקית 360 ג,גרמים,360.00,100 גרם,false,,31.90,0.0886,true,1,9218
7290003229222,false,נקניק סלמי תה טירת צבי 300 גרם,הנסיך- מפעל לייצור ט,IL,סלמי תה טירת צבי,גרמים,300.00,100 גרם,false,,23.90,0.0797,true,1,38807
7290003260102,false,סנו סופט נ.טואלט 12 גלילים,שניר תעשיות,,נייר טואלט משי קומפק,יחידה,0.00,יחידה,false,,42.90,0.0000,true,1,83344
7290003268252,false,לחם חיטה מלא לילדים 750 ג' דגנית עין בר,דגנית עין בר תעשיות מזון,IL,לחם חיטה מלא ללא גרע,גרמים,750.00,100 גרם,false,,13.90,0.0185,false,1,77167
7290003287260,false,נקניקיות צ'וריסוס ארוז קפוא בלדי 600 ג',בלדי,IL,צ'וריסוס קצביה בלדי,גרמים,600.00,100 גרם,false,,26.90,0.0448,false,1,43831
7290003287284,false,קבב ביתי קצביה ארוז 600 ג' - 8 יח',בלדי,IL,קבב ביתי קצביה ארוז,גרמים,600.00,100 גרם,false,,26.90,0.0448,false,1,43552
7290003287307,false,קבב רומני קצביה ארוז 600 ג' - 8 יח',בלדי,,קבב רומני קצביה 600,גרמים,600.00,100 גרם,false,,25.90,0.0432,false,1,44002
7290003287956,false,בלדי פילה לברק יפני 5-7 בוואקום,בלדי פרטי,CN,פילה לברק 5-7 בוואקו,קילוגרמים,1.00,"ק""ג",true,,43.90,43.9000,true,1,56648
7290003318100,false,וופל בטעם שוקולד מנעמים 200 ג',מנעמים תעשיות מזון,IL,וופל שוקולד 200,גרמים,250.00,100 גרם,false,,3.50,0.0140,false,1,8938
7290003318131,false,ופל קלאסיק אגוז 200 גרם מנעמים,מנעמים תעשיות מזון,IL,ופל מנעמים אגוזים,גרמים,200.00,100 גרם,false,,3.50,0.0175,false,1,34806
7290003318155,false,וופל טעם לימון מנעמים 200 ג',מנעמים תעשיות מזון,IL,וופל לימון 200 גר,גרמים,250.00,100 גרם,false,,3.50,0.0140,false,1,8939
7290003319138,false,גפילטע פיש 6 קציצות הדג המיוחד 540 ג' PL,הדג המיוחד,IL,גפילטע פיש צנצנת,גרמים,330.00,100 גרם,false,,17.90,0.0542,true,1,20680
7290003321155,false,יוגורט בר עם פקאן מצופה שוקולד 183 ג' דנונה,"שטראוס בריאות בע""\מ",IL,דנונה קראנצ' שבבי פק,מיליליטרים,175.00,"100 מ""ל",false,,4.80,0.0274,false,1,7555
7290003321292,false,גבינה לבנה 9% שומן 250 ג' שטראוס,מיוצר עי קונדיטוריית,IL,סקי 9%,גרמים,250.00,100 גרם,false,,5.00,0.0200,false,1,7556
7290003387205,false,דאו' ספיד סטיק בסיסי ירוק רגיל לגבר 63ג',הנסיך- מפעל לייצור ט,US,ספיד סטיק,גרמים,63.00,100 גרם,false,,19.90,0.3159,false,1,7961
7290003387410,false,שלישיית פדים להסרת איפור בלונס 80 יחידות,ספטונה,GR,בלונס מסיר איפור שלש,יחידה,0.00,יחידה,false,,21.90,0.0000,true,1,8112
7290003400500,false,חטיף הרשי ריזס נאטרייגיס 47 גרם,ליימן מותגים,US,חטיף נאטרייג'ס קרמל,גרמים,47.00,100 גרם,false,,4.50,0.0957,true,1,53340
7290003401420,false,"קרם לחות לשיער סיליקון כתום נטורל 400 מ""ל",מיוצר עי אמיליה קוסמ,IL,קרם לחות ועיצוב לשיע,מיליליטרים,400.00,"100 מ""ל",false,,22.90,0.0572,true,1,16800
7290003402809,false,חטיף הרשי ריזס שוקולד לבן 39 גר,ליימן מותגים,US,ריזס לבן 39 גר',גרמים,39.00,100 גרם,false,,4.50,0.1154,true,1,96040
7290003411054,false,שקיות צליה גדול דליקטס רוסטי הנמל 5יח`,סאדאת איסטנבול,TR,שקיות לצליה גדול- 5,יחידה,0.00,יחידה,false,,4.60,0.0000,true,1,17530
7290003411238,false,שמרים יבשים נמסים הנ,ברוגמאן גנט,BE,שמרים נמסים 500 גר,גרמים,500.00,100 גרם,false,,13.90,0.0278,true,1,17533
7290003411313,false,מפת אל בד מעורב צבעים 120X180 הנמל משובחת,שיווק: הנמל אריזות ושיוו,IL,מפות חד פעמי,גרמים,100.00,100 גרם,false,,6.50,0.0650,false,1,17535
7290003411405,false,נר נשמה להבית 24 שעות,מיוצר בסין.יבוא ושיו,CN,נר נשמה 24 שעות בפח,יחידה,0.00,יחידה,false,,1.80,0.0000,true,1,85554
7290003411566,false,צמרוני עץ הנמל 200 יחידות,שוורצקוף& הנקל דיסלד,CN,קיסמי אזניים 200 יח,יחידה,0.00,יחידה,false,,2.30,0.0000,true,1,87170
7290003411689,false,ליפתניות לבן 25 יחידות,הנמל אריזות ושיווק ב,IL,צלחות ליפתן 25 יח',יחידה,0.00,יחידה,false,,4.80,0.0000,true,1,17542
7290003411696,false,"מרקיות לבן ח""פ הנמל 25 יח'",פלסטכים תורכיה,IL,סט מרקיות 25 יח,יחידה,0.00,יחידה,false,,8.90,0.0000,true,1,17543
7290003411702,false,חומוס ענק הנמל 500 ג,יבוא ושיווק: הנמל אר,IL,חומוס ענק,גרמים,500.00,100 גרם,false,,8.90,0.0178,true,1,17544
7290003411726,false,קיסמי שיניים מלחיה הנמל 300יח',הנמל אריזות ושיווק בעמ,IL,קיסמי שיניים הנמ,יחידה,0.00,יחידה,false,,3.50,0.0000,true,1,17545
7290003411832,false,גרנולה אגוזים 400 ג' הנמל,הנמל/ שבולת בשדה,IL,גרנולה אגוזים 400 גר,גרמים,400.00,100 גרם,false,,11.90,0.0298,true,1,17548
7290003411849,false,גרנולה תמרים ושקדים 400 ג',הנמל/ שבולת בשדה,IL,גרנולה תמרים 400 גרם,גרמים,400.00,100 גרם,false,,11.90,0.0298,true,1,17549
7290003411993,false,גפרורים הנמל 10 יחידות,"איטיליאן פוד, אס.פי.",SE,גפרורים,יחידה,0.00,יחידה,false,,2.60,0.0000,true,1,35442
7290003414406,false,הרשי ריזס נטיפי אפייה בוטנים 283 גר',ליימן מותגים,US,ריזס נטיפים לאפייה,גרמים,283.00,100 גרם,false,,13.90,0.0491,true,1,75951
7290003423909,false,חטיף קוקיס אנד קרים לבן 43 גרם,ליימן מותגים,US,חטיף קוקיז אנד קרים,יחידה,0.00,יחידה,false,,4.50,0.0000,true,1,10916
7290003427154,false,"שמן זית כתית מעולה טעם מעודן זיתא 750 מ""ל",זיתא תעשיות שמן זיתt\,IL,"שמן זית זיתא 750 מ""ל",יחידה,750.00,יחידה,false,,32.90,0.0439,false,1,10221
7290003436602,false,הרשיז סירופ קרמל,,,הרשיז סירופ קרמל,מיליליטרים,623.00,"100 מ""ל",false,,21.00,0.0337,true,1,96411
7290003438006,false,ממרח אולביה פסטו וצנובר איטלקי 190ג',מיוצר עי קונדיטוריית,IL,ממרח פסטו,גרמים,190.00,100 גרם,false,,13.90,0.0732,true,1,8577
7290003438013,false,ממרח זיתים ירוקים אוליביה 190 גרם,קריות זול,IL,ממרח זיתים,גרמים,190.00,100 גרם,false,,13.90,0.0732,true,1,8578
7290003438020,false,ממרח עגבניות מיובשות אוליביה 190 גרם,מיוצר עי קונדיטוריית,IL,ממרח עגבניות,גרמים,190.00,100 גרם,false,,13.90,0.0732,true,1,8579
7290003438853,false,אוליביה ממרח אריסה חריפה 185 גר ',אוליביה,IL,אריסה חריפה 185 גר',גרמים,185.00,100 גרם,false,,13.90,0.0751,true,1,76165
7290003438990,false,עיטורי עגבניות מיובשות וזיתים אוליביה 280 ג',אוליביה גורמה בעמ,IL,עיטורי עגבניות מיובש,גרמים,220.00,100 גרם,false,,19.90,0.0905,true,1,8588
7290003444009,false,הרשי ריזס חטיף במילוי בוטנים 42 גרם,ליימן מותגים,US,ריזס שוקולד חלב הרשי,גרמים,42.00,100 גרם,false,,4.50,0.1071,true,1,45007
7290003450602,false,חרדל אמיתי צהוב בקבוק לחיץ 255 גר,היינץ צפון אמריקה מקבוצת ה.י.היינץ,US,חרדל אמיתי היינץ,גרמים,255.00,100 גרם,false,,9.90,0.0388,true,1,15926
7290003450725,false,חומץ היינץ בן יין אד,ה.י.היינץ קומפני ל.פ,US,חומץ בן יין,יחידה,355.00,יחידה,false,,11.90,0.0335,true,1,15929
7290003457861,false,סולרו קלאסיק חלבי - פירות טרופיים,"מיוצר ע""\י גלידת שטראוס",IL,קרטיב סולרו,יחידה,0.00,יחידה,false,,8.90,0.0000,true,1,7815
7290003457892,false,טילון קורנטו קלאסי שטראוס 63 ג',שטראוס,,טילון שטראוס,יחידה,0.00,יחידה,false,,6.20,0.0000,true,1,7816
7290003457991,false,טילון קורנטו וניל עם וופל ואגוזי לוז מסוכרים,"גלידת שטראוס בע""\מ, רחוב",IL,מאגדת קורנטו קלאסיק,יח',6.00,יח',false,,34.90,5.8167,true,1,7820
7290003470433,false,פרג 200 גרם סולימני,,,פרג 200 גר',גרמים,100.00,100 גרם,false,,7.90,0.0790,true,1,95414
7290003475124,false,בלונס מסיר איפור 80 יח,קריות זול,GR,צמר גפן עננים 100 גר,גרמים,100.00,100 גרם,false,,5.90,0.0590,true,1,20799
7290003514007,false,מנה שקדי מרק מנה 400 גרם,מנה Mana,IL,שקדי מרק מנה,גרמים,400.00,100 גרם,false,,8.90,0.0223,false,1,34068
7290003520572,false,מטריות חרובים שקית בודד (בשרוול 6 שקיות),תופינית,,מארז שש מטריות משוקו,גרמים,45.00,100 גרם,false,,15.90,0.3533,true,1,46829
7290003521081,false,"סרקל שמפו אל דמע לילדים ד""ר פישר 1 ליטר",פישר מעבדות פרמצבטיות בע,IL,סרקל שמפו 1 ליטר,ליטרים,1.00,ליטר,false,,27.90,27.9000,true,1,10760
7290003521166,false,"ד""ר פישר - סרקל קרם רוזמרין לילדים 325 מ""ל",פישר מעבדות פרמצבטיות בע,IL,סרקל קרם שיער רו,גרמים,325.00,100 גרם,false,,26.90,0.0828,true,1,10761
7290003521197,false,"ד""ר פישר - סרקל תרסיס מתיר קשרים 340 מ""ל",פישר מעבדות פרמצבטיות בע,IL,סרקל ספריי,מיליליטרים,340.00,"100 מ""ל",false,,26.90,0.0791,true,1,10762
7290003525898,false,שלישיית סלט טונה ויליגר 160 גרם,נטו מלינדה,,שלישיה סלט טונה וילי,גרמים,480.00,100 גרם,false,,14.90,0.0310,true,1,42070
7290003525904,false,שלישיית סלט טונה פיקנטי ויליגר 160 גרם,ויליגר,,שלישיה סלט טונה וילי,גרמים,480.00,100 גרם,false,,14.90,0.0310,true,1,42071
7290003550753,false,רביעיית טונה בשמן פוסידון 108 גרם,"מיוצר עי וליגר בעמ,",IL,רביעייה טונה פוסידון,גרמים,432.00,100 גרם,false,,21.00,0.0486,false,1,32197
7290003561193,false,בונז'ור בייבי לחמניה מתוקה,בונז'ור,,בייבי חליות בונז'ור,גרמים,90.00,100 גרם,false,,2.50,0.0278,true,1,35482
7290003570928,false,קבב בלדי קצביה ארוז קפוא 500ג',בלאדי,IL,קבב בלדי קצביה 500 ג,גרמים,500.00,100 גרם,false,,25.90,0.0518,true,1,90887
7290003571550,false,סטייק טונה אלבקור בוואקום מהדרין,,VN,סטייק טונה בוואקום ב,קילוגרמים,1.00,"ק""ג",true,,45.90,45.9000,true,1,89725
7290003578108,false,חתיכות אננס בסירופ קל וילי פוד 850 גרם,טקרנג פינאפל אינדסטר,TH,חתיכות אננס בסירופ ק,גרמים,850.00,100 גרם,false,,9.40,0.0111,false,1,14879
7290003578177,false,תירס צעיר שלם וילי פוד 210 גרם,מגסטיק פוד אידסטרי ק,TH,תירס גמדי צעיר שלם 4,גרמים,410.00,100 גרם,false,,7.20,0.0176,true,1,14882
7290003578313,false,דובדבנים ללא חרצנים ויליפוד 680 גרם,דל מונטה היילס אס.אי,HR,דובדבן חמוץ ללא חרצנ,גרמים,680.00,100 גרם,false,,9.90,0.0146,true,1,14886
7290003598311,false,מינוט סטייק חלק ריאה 300 ג',"בלדי בע""\מ",IL,מינוט סטייק 300 גר',יחידה,0.00,יחידה,false,,26.90,0.0000,true,1,88686
7290003598472,false,סלמון מנות נורבגי בוואקום,לאטי עזרא,NO,פילה סלמון מנות נורב,קילוגרמים,1.00,"ק""ג",true,,84.90,84.9000,true,1,88554
7290003632367,false,פילה דג ברבוניה ארוז 400 גרם,ישראל פלדמן,VN,פילה ברבוניה בוואקום,יחידה,0.00,יחידה,false,,24.90,0.0000,true,1,55904
7290003643004,false,"סוגת אורז בסמטי קלאסי 1 ק""ג",האי נאם סי או אל.טי.,IL,אורז בסמטי קלאסי 1 ק,גרמים,1.00,גרם,false,,12.90,12.9000,false,1,9606
7290003643134,false,סוכר וניל סוגת 100 גרם מארז 10 יחידות,גוד פוד פרודקטס S.p,IL,סוכר וניל סוגת,גרמים,100.00,100 גרם,false,,2.80,0.0280,false,1,34916
7290003643158,false,קורנפולר שקית 200 ג' סוגת,המאפיה של הרמן,IL,קורנפלור 200 גר,גרמים,200.00,100 גרם,false,,3.30,0.0165,true,1,27568
7290003643165,false,קורנפלור 500 גר סוגת,"י. כהן בע""מ",IL,קורנפלור 500 גר,גרמים,500.00,100 גרם,false,,5.90,0.0118,true,1,40401
7290003643172,false,אבקת סוכר סוגת 100 גרם,א.ל ייצור ושיווק תבל,IL,אבקת סוכר 100 גר,גרמים,100.00,100 גרם,false,,2.20,0.0220,false,1,26579
7290003643325,false,קוסקוס בינוני סוגת 350 גרם,"אסיף תעשיות מזון בע""\מ",IL,קוסקוס בינוני סוגת,גרמים,350.00,100 גרם,false,,4.90,0.0140,false,1,25790
7290003643387,false,"סוכר לבן בצנצנת 1 ק""ג סוגת",האי נאם סי או אל.טי.,IL,סוכר לבן צנצנת,יחידה,1.00,יחידה,false,,9.90,9.9000,false,1,9611
7290003643646,false,"סוכר דמררה קלאסי בצנצנת סוגת 1 ק""ג",האי נאם סי או אל.טי.,IL,סוכר דמררה צנצנת,גרמים,1.00,100 גרם,false,,11.90,11.9000,false,1,9613
7290003643684,false,אפונה יבשה סוגת 500 גר',האי נאם סי או אל.טי.,IL,אפונה יבשה 500,גרמים,500.00,100 גרם,false,,6.50,0.0130,true,1,9614
7290003643714,false,חומוס גרגירים 500 גרם סוגת,האי נאם סי או אל.טי.,IL,חומוס 500 סוגת,גרמים,500.00,100 גרם,false,,7.90,0.0158,true,1,9616
7290003643738,false,סוגת חיטה 500 גרם,האי נאם סי או אל.טי.,IL,חיטה יבשה 500,גרמים,500.00,100 גרם,false,,4.90,0.0098,false,1,9617
7290003643745,false,סוגת כוסמת 500 גרם,האי נאם סי או אל.טי.,IL,כוסמת סוגת,גרמים,500.00,100 גרם,false,,7.90,0.0158,true,1,9618
7290003643752,false,עדשים ירוקים יבש סוגת 500 גר',האי נאם סי או אל.טי.,IL,עדשים ירוקים,גרמים,500.00,100 גרם,false,,7.90,0.0158,true,1,9619
7290003643769,false,עדשים אדומים יבש סוגת 500 גר',"סוגת תעשיות בע""\מ",IL,עדשים אדומים,גרמים,500.00,100 גרם,false,,7.90,0.0158,true,1,9620
7290003643776,false,"פופקורן גרעינים סוגת 500 ג' כשל""פ",האי נאם סי או אל.טי.,IL,פופקורן 500 גר,גרמים,500.00,100 גרם,false,,4.90,0.0098,true,1,9621
7290003643783,false,קוקוס טחון סוגת 100 גרם,האי נאם סי או אל.טי.,IL,קוקוס 100 גר,גרמים,100.00,100 גרם,false,,4.20,0.0420,true,1,9622
7290003643806,false,שעועית לבנה יבשה סוגת 500 ג',האי נאם סי או אל.טי.,IL,שעועית לבנה 500,גרמים,500.00,100 גרם,false,,10.90,0.0218,true,1,9623
7290003643813,false,שעועית אדומה יבשה סוגת 500 גר',האי נאם סי או אל.טי.,IL,שעועית אדומה 500,גרמים,500.00,100 גרם,false,,10.90,0.0218,true,1,9624
7290003643820,false,חומוס ענק יבש סוגת 500 גרם,"סוגת תעשיות בע""\מ",IL,חומוס ענק 500 סו,גרמים,500.00,100 גרם,false,,11.90,0.0238,true,1,23281
7290003648221,false,מקרל בשמן קנולה,,,מקרל בשמן קנולה,קילוגרמים,1.00,"ק""ג",true,,124.90,124.9000,true,1,24543
7290003703234,false,באגט אוטנטיק לבן,בונז'ור,,באגט אוטנטיק לבן,יחידה,0.00,יחידה,false,,6.50,0.0000,true,1,25293
7290003703418,false,גביניות ללא צימוקים,בונז'ור,,גביניות ללא צימוקים,קילוגרמים,1.00,"ק""ג",true,,42.00,42.0000,true,1,25731
7290003713929,false,טרס פסוס סלסה פהיטה,"דוידוב סלמון בע""מ",IL,סלסה פהיטה 200 גר',גרמים,200.00,100 גרם,false,,16.90,0.0845,true,1,50779
7290003713943,false,טרס פסוס מחית צפטולה,"דוידוב סלמון בע""מ",IL,טרז פזוס-מחית צ'יפוט,גרמים,200.00,100 גרם,false,,21.00,0.1050,true,1,50781
7290003715107,false,בוטנים קלופים 400 גר,זארובי,IL,בוטנים קלויים 00,גרמים,400.00,100 גרם,false,,11.00,0.0275,true,1,5541
7290003715299,false,מעורב מובחר זארובי 3,זארובי,,פיצוחים מעורב,גרמים,200.00,100 גרם,false,,19.90,0.0995,true,1,5550
7290003715329,false,בוטן קלוי בקליפה 350,,,בוטנים עם קליפה,גרמים,350.00,100 גרם,false,,10.90,0.0311,true,1,56317
7290003715411,false,צנובר סיני גדול 100,זארובי פיצוחי הגליל,IL,צנובר 100 גר,גרמים,100.00,100 גרם,false,,26.90,0.2690,true,1,5555
7290003715596,false,אגוזי מלך 300 גר,זארובי,IL,אגוזי מלך 300 גר,גרמים,300.00,100 גרם,false,,28.90,0.0963,true,1,31772
7290003715688,false,שקד מולבן גפרורים 10,זארובי,,שקד מולבן,גרמים,250.00,100 גרם,false,,9.90,0.0396,true,1,22326
7290003715701,false,גרעיני דלעת קלוף 100,זארובי,,גרעיני דלעת קלוף,גרמים,100.00,100 גרם,false,,6.50,0.0650,true,1,22327
7290003715732,false,שקד גרוס 100 גרם,זארובי,,שקד גרוס 100 גר,גרמים,100.00,100 גרם,false,,9.90,0.0990,true,1,24234
7290003715749,false,אגוז מלך גרוס 100 גר,זארובי,,אגוזי מלך גרוסים,גרמים,100.00,100 גרם,false,,9.90,0.0990,true,1,22328
7290003715824,false,פרג טחון 100 גר,זארובי,,פרג 100 גר',גרמים,100.00,100 גרם,false,,4.90,0.0490,true,1,93234
7290003715831,false,אגוזים טחונים 100גר',זארובי,,אגוזים טחונים 100גר',גרמים,100.00,100 גרם,false,,9.90,0.0990,true,1,23496
7290003718610,false,"במיה 400 ג' בית יוסף כשל""פ",בלדי,IL,בלדי- במיה 400 ג',גרמים,400.00,100 גרם,false,,9.90,0.0248,true,1,87886
7290003726141,false,טופו אמיתי כפרי בריא 300 גרם,ג'נרל מילס סאן אדריא,IL,טופו טבעי 300 גר,גרמים,300.00,100 גרם,false,,12.90,0.0430,true,1,18326
7290003726615,false,"טופו ויילר 300 גרם ""שטראוס""",הדקלאים אגודת שיתופי,IL,טופו הבית במרקם קשה-,גרמים,300.00,100 גרם,false,,11.90,0.0397,true,1,96481
7290003726684,false,טופו חומוס בטעם טבעי 300 ג' משק ויילר,הנסיך- מפעל לייצור ט,IL,טופו חומוס בטעם טבעי,גרמים,300.00,100 גרם,false,,12.90,0.0430,true,1,100482
7290003744831,false,אובלטים עם בצל 300 גר',,,אובלטים בצל ברט,גרמים,300.00,100 גרם,false,,12.90,0.0430,true,1,51497
7290003779499,false,גינגר ארוז 200 גרם,"מרינה פטריות הגליל בע""מ",IL,גינג'ר טרי,גרמים,200.00,100 גרם,false,,8.90,0.0445,true,1,38623
7290003781652,false,צלפים במי מלח וילי פוד 230 גרם,קריות זול,TR,צלפים 370 גרם,גרמים,370.00,100 גרם,false,,9.90,0.0268,true,1,20174
7290003804320,false,תיבולית שום ופטרוזיליה קנור 72 גרם,יוניליוור ישראל מזון בע\,IL,תיבולית שום ופטרוזיל,גרמים,72.00,100 גרם,false,,10.00,0.1389,false,1,12292
7290003804382,false,"תיבוליות פטריות קנור 72 גרם בד""צ",יוניליוור ישראל מזון בע\,IL,תיבולית פטריות,גרמים,72.00,100 גרם,false,,10.00,0.1389,false,1,12297
7290003805501,false,"פתית שוודי חסכוני בד""צ 300 גרם",יוניליוור ישראל מזון בע\,IL,פתית שבדי חסכוני,גרמים,300.00,100 גרם,false,,18.50,0.0617,true,1,20239
7290003805587,false,"פתית חיטה מלאה בד""צ 250 גרם-קופסא",יוניליוור ישראל מזון בע\,IL,פתית חיטה מלאה,גרמים,250.00,100 גרם,false,,18.50,0.0740,true,1,20240
7290003807178,false,"רוטב קנור סויה בסגנון סיני 300 מ""ל",יוניליוור ישראל מזון בע\,IL,רוטב סויה בסגנון סינ,יחידה,300.00,יחידה,false,,12.90,0.0430,true,1,23416
7290003807482,false,קנור רוטב טריאקי מופחת נתרן 370 גרם,יוניליוור ישראל מזון בע\,IL,רוטב טריאקי קנור,יחידה,300.00,יחידה,false,,12.90,0.0430,true,1,23417
7290003864478,false,סרדינים בשמן צמחי פתח קל ויליפוד 110 גרם,גולדן פרייז קאנינג א,TH,סרדינים בשמן צמחי 11,גרמים,110.00,100 גרם,false,,4.90,0.0445,true,1,14894
7290003864485,false,סרדינים ברוטב עגבנ יות ויליפוד 110ג' פתח קל,גולדן פרייז קאנינג א,TH,סרדינים ברוטב עגבניו,גרמים,110.00,100 גרם,false,,4.90,0.0445,true,1,14895
7290003864492,false,סרדינים בשמן צמחי חריף פתח קל ויליפוד 110ג',גולדן פרייז קאנינג א,TH,סרדינים בשמן צמחי פי,גרמים,110.00,100 גרם,false,,4.90,0.0445,true,1,14896
7290003882922,false,עלי גפן ממולאים באורז וילי פוד 360 גרם,הזה פלאקספו פוד קו ב,CN,עלי גפן ממולאים 400,גרמים,400.00,100 גרם,false,,8.90,0.0223,true,1,14900
7290003896141,false,חטיף ספרדי פיקנטי אלמנדוס 200 גרם,הדקלאים אגודת שיתופי,IL,פיצוחים אלפנדוס,גרמים,200.00,100 גרם,false,,8.90,0.0445,true,1,24869
7290003911547,false,המבורגר אנגוס איתן,קצביית פרימיום,IL,המבורגר אנגוס 100 גר,קילוגרמים,1.00,"ק""ג",true,,69.90,69.9000,true,1,102962
7290003976027,false,מרכך כביסה פריחת עמק 4 ל,אקופרנד,IL,אקופרנד מרכך כביסה פ,ליטרים,4.00,ליטר,false,,29.90,7.4750,true,1,104249
7290003976034,false,אקופרנד מרכך כביסה חבצלת 4 ל נטורפוד,אקופרנד,IL,מרכך כביסה 4 ליטר,ליטרים,4.00,ליטר,false,,29.90,7.4750,true,1,105907
7290003976058,false,אקופרינד-מרכך כביסה חבצלות מרוכז,אקופרנד,IL,אקופרנד מרכך כביסה מ,ליטרים,1.00,ליטר,false,,19.90,19.9000,true,1,102626
7290003976065,false,אקופרנד מרכך כביסה מרוכז קסם אביבי 1 ליט,אקופרנד,,אקופרנד מרכך כביסה מ,יחידה,0.00,יחידה,false,,19.90,0.0000,true,1,107788
7290003976089,false,אקופרנד ג'ל כביסה 4 ליטר,סאסטרק,IL,אקופרנד ג'ל כביסה 4,ליטרים,4.00,ליטר,false,,45.00,11.2500,true,1,99929
7290003976096,false,אקופרינד-גל כביסה מרוכז 1 ליטר,אקופרנד,IL,אקופרנד ג'ל כביסה מר,ליטרים,1.00,ליטר,false,,19.90,19.9000,true,1,99930
7290003976119,false,אקופרנד נוזל כלים לבנדר ללא 750SLS מל,אקופרנד,IL,אקופרנד נוזל כלים,יחידה,0.00,יחידה,false,,13.90,0.0000,true,1,100633
7290003976126,false,נוזל כלים לימון אלוורה ללא 750 SLS מל,אקופרנד,IL,אקופרנד נוזל כלים לי,מיליליטרים,750.00,"100 מ""ל",false,,13.90,0.0185,true,1,99927
7290003976300,false,אקופרנד מטלית רב פעמית אקולוגית,נטורפוד,IL,אקופרנד מטלית רב פעמ,יחידה,0.00,יחידה,false,,19.90,0.0000,true,1,101037
7290003976331,false,"אקופרנד מחטא רב תכליתי 750 מ""ל",אקופרנד,IL,אקופרנד מחטא רב תכלי,מיליליטרים,750.00,"100 מ""ל",false,,14.90,0.0199,true,1,104858
7290003989539,false,לורנצו רביולי במילוי גבינה,מיוצר עי קונדיטוריית,IL,רביולי גבינה,גרמים,400.00,100 גרם,false,,19.90,0.0497,true,1,7559
7290003989553,false,פסטה טורטליני גבינה ופטריות 400 גרם,מיוצר עי קונדיטוריית,IL,טורטליני פיטריות,גרמים,400.00,100 גרם,false,,19.90,0.0497,true,1,7560
7290004011284,false,ריצ בסיס להכנת קצפת 25% 212מל,ריצ' פרודקטס קורפריי,US,בסיס להכנת קצפת ריץ',מיליליטרים,212.00,"100 מ""ל",false,,7.50,0.0354,true,1,36428
7290004011338,false,"ספריי קצפת מתוקה מוכנה ריץ' 250 מ""ל",האי נאם סי או אל.טי.,IT,ריץ' קצפת מיכל 22.5%,גרמים,250.00,100 גרם,false,,10.90,0.0436,false,1,36429
7290004011345,false,"ספריי קצפת מתוקה מוכנה פרווה ריץ' 238 מ""ל",האי נאם סי או אל.טי.,IT,ר'יצ קצפת פרווה 250,גרמים,250.00,100 גרם,false,,10.90,0.0436,false,1,42364
7290004011796,false,קבבונים בקר קפוא אל גאוצ''ו 400ג',"טיבון ויל אחזקות בע""",IL,קבבונים אל גאוצ'ו 40,גרמים,400.00,100 גרם,false,,21.90,0.0547,false,1,37548
7290004011802,false,צ'וריסוס אל גאוצ'ו 400 גרם,טיבון ויל אחזקות בעמ,IL,צוריסוס אל גאוצ'ו 40,גרמים,400.00,100 גרם,false,,21.90,0.0547,false,1,37741
7290004011826,false,מיני המבורגר ריב אנטריקוט,טיבון ויל אחזקות בעמ,IL,מיני המבורגר ריב אנט,גרמים,320.00,100 גרם,false,,21.90,0.0684,false,1,44546
7290004022309,false,עדשי מ&מ'ס חמאת בוטנים80,מרס,GB,סוכריות אם אנד אם 80,גרמים,80.00,100 גרם,false,,7.90,0.0988,true,1,87198
7290004030018,false,"פריניב מיץ לימון סחוט פרי לתיבול 500 מ""ל",הנסיך- מפעל לייצור ט,IL,פרי ניב מיץ לימון 10,ליטרים,0.50,ליטר,false,,6.90,13.8000,true,1,37070
7290004030100,false,מיץ תפוזים ולנסיה סחוט 1 ליטר100%,פרי ניב,IL,מיץ תפוזים סחוט וולנ,ליטרים,1.00,ליטר,false,,14.90,14.9000,true,1,100005
7290004030216,false,משקה בטעם חמוציות 1 ליטר פריניב,פריניב בעמ,IL,פרי ניב מיץ חמוציות,ליטרים,1.00,ליטר,false,,12.50,12.5000,true,1,44373
7290004030445,false,מיץ תפוזים סחוט רכיבים טבעיים 1 ליטר פרי ניב,פריניב בעמ,IL,פרי ניב מיץ תפוזים 1,ליטרים,1.00,ליטר,false,,13.50,13.5000,true,1,31451
7290004030544,false,משקה בטעם לימונדה לואיזה ולימון 1 ליטר פריניב,פרי ניב,IL,פרי ניב לימונענע 1 ל,ליטרים,1.00,ליטר,false,,12.50,12.5000,true,1,32406
7290004031282,false,גבינת פרמיג'ינו רג'י,,,גבינת פרמיג'ינו רג'י,קילוגרמים,1.00,"ק""ג",true,,169.90,169.9000,true,1,102778
7290004033705,false,הבורגריה – 6 לחמניות המבורגר בשקית,מאפית י את א ברמן בע,IL,הבורגריה 6 לחמניות ה,גרמים,600.00,100 גרם,false,,14.90,0.0248,true,1,108262
7290004033712,false,לחם עננים מקמח מלא עם פרוסות עבות,מאפית י את א ברמן בע,IL,לחם עננים מקמח מלא ע,גרמים,750.00,100 גרם,false,,12.90,0.0172,true,1,108263
7290004033729,false,לחם עננים מקמח כוסמין עם פרוסות עבות,מאפית י את א ברמן בע,IL,לחם עננים מקמח כוסמי,גרמים,600.00,100 גרם,false,,16.90,0.0282,true,1,108264
7290004033736,false,"עננים לחם לבן בסגנון בריוש עם פרוסות עבות, 500 גרם",מאפית י את א ברמן בע,IL,לחם עננים בסגנון ברי,גרמים,500.00,100 גרם,false,,12.90,0.0258,true,1,142733
7290004043108,false,עדשי מ&מ'ס שוקולד 89 גרם,מרס,US,סוכריות אם אנד אם 89,גרמים,89.00,100 גרם,false,,7.90,0.0888,true,1,87194
7290004043205,false,עדשי שוק.מ&מ'ס בוטנים90ג,מרס,US,סוכריות אם אנד אם 92,גרמים,92.00,100 גרם,false,,7.90,0.0859,true,1,87199
7290004063016,false,מלח שולחן -מוצר בפיקוח,האי נאם סי או אל.טי.,IL,מלח דק 1 קג,יחידה,1.00,יחידה,false,,1.90,1.9000,false,1,13690
7290004063115,false,"מלח מטבח עבה להמלחת בשר ובישול 1 ק""ג 1ק""ג",האי נאם סי או אל.טי.,IL,מלח עבה 1 קג,יחידה,1.00,יחידה,false,,1.90,1.9000,false,1,13691
7290004064082,false,מטחנה מלח ים טבעי 250 גרם מלח הארץ,חברת מלח הארץ אילת ב,IL,מטחנה מלח ים טבעי,גרמים,250.00,100 גרם,false,,13.50,0.0540,true,1,81125
7290004064099,false,מטחנה מלח ים מהרי ההימלאיה מלח הארץ 100 גרם,"חברת מלח הארץ אילת בע""\מ",IL,מטחנה מלח מהרי ההימל,גרמים,250.00,100 גרם,false,,15.90,0.0636,true,1,81126
7290004064174,false,"תבלין מלח ההימלאיה דק בצנצנת 1 ק""ג","חברת מלח הארץ אילת בע""\מ",PK,מלח הארץ הימלאיה דק,קילוגרמים,1.00,"ק""ג",false,,15.90,15.9000,true,1,89554
7290004064181,false,"תבלין מלח ההימלאיה גס בצנצנת 1 ק""ג","חברת מלח הארץ אילת בע""\מ",PK,מלח הארץ הימלאיה גס,קילוגרמים,1.00,"ק""ג",false,,15.90,15.9000,true,1,89555
7290004064198,false,מטחנת מלח ספייסי- אקסטרא תבלינים 115 ג',"מלח הארץ אילת בע""מ",IL,מטחנת מלח אקסטרא תבל,גרמים,115.00,100 גרם,false,,15.90,0.1383,true,1,93403
7290004064228,false,מלח במטחנה אקסטרא תבלינים שום ופלפל 125 גר',"חברת מלח הארץ אילת בע""\מ",IL,מטחנת מלח אקטרא תבלי,גרמים,125.00,100 גרם,false,,15.90,0.1272,true,1,93405
7290004064280,false,מלח מופחת נתרן בצנצנת מלח הארץ 600 גרם,חברת מלח הארץ אילת ב,IL,מלח מופחת נתרן בצנצנ,גרמים,600.00,100 גרם,false,,15.90,0.0265,true,1,97341
7290004064297,false,"מלח מועשר ביוד בצנצנת מלח הארץ 1 ק""ג","חברת מלח הארץ אילת בע""\מ",IL,מלח מועשר ביוד צנצנת,קילוגרמים,1.00,"ק""ג",false,,8.90,8.9000,true,1,96966
7290004064303,false,מלח אטלנטי בצנצנת מלח הארץ 800 גרם,"חברת מלח הארץ אילת בע""\מ",FR,מלח אטלנטי בצנצנת 80,גרמים,800.00,100 גרם,false,,18.90,0.0236,true,1,96967
7290004064358,false,"מלח דק זורם בקלות מלח הארץ קרטון 1 ק""ג","חברת מלח הארץ אילת בע""\מ",IL,מלח דק זורם בקלות 1,קילוגרמים,1.00,"ק""ג",false,,4.90,4.9000,true,1,100144
7290004064372,false,מטחנת מלח הארץ איטלקי אקסטרא תבלינים ספייסי,"חברת מלח הארץ בע""\מ",IL,מטחנת מלח איטלקי,גרמים,105.00,100 גרם,false,,15.90,0.1514,true,1,102793
7290004064389,false,מלח הימלאייה דק מלחייה 250 גרם,"חברת מלח הארץ אילת בע""\מ",IL,מלח הימאליה דק מלחיה,גרמים,250.00,100 גרם,false,,10.00,0.0400,false,1,105101
7290004068011,false,"יוגורט כבשים בדלי 5 אחוז 60 מ""ל גד","מיוצר ע""י קוד יצרן M",IL,יוגורט כבשים 600 גר,גרמים,600.00,100 גרם,false,,18.00,0.0300,true,1,47780
7290004068172,false,יוגורט עזים בדלי 5% שומן 600 ג' גד,קוד יצרן MKN,IL,יוגורט עיזים דלי 600,גרמים,600.00,100 גרם,false,,18.00,0.0300,true,1,49591
7290004068394,false,גבינת קממבר בקר במשק,מחלבות גד,IL,קממבר בקר גד,קילוגרמים,1.00,"ק""ג",true,,99.90,99.9000,true,1,92646
7290004068424,false,גבינה גאודה משולשים,מחלבות גד,IL,גאודה גלגל גד,קילוגרמים,1.00,"ק""ג",true,,119.90,119.9000,true,1,55077
7290004068912,false,גרנה פדנו משולש במשקל,מחלבות גד,IL,גבינת גרנה פדנו גד,קילוגרמים,1.00,"ק""ג",true,,135.90,135.9000,true,1,100415
7290004078270,false,נוזל לניקוי כלים בריח לימון פלמוליב 1 ליטר,יבואן ומשווק: ש. שסט,GR,פלמוליב לכלים לימון,ליטרים,1.00,ליטר,false,,13.90,13.9000,false,1,7967
7290004078942,false,ליידי ספיד סטיק - דאודורנט ג'ל לאישה 65 גרם,קולגייט-פלמוליב,US,ספיד סטיק ג'ל,גרמים,63.00,100 גרם,false,,19.90,0.3159,true,1,7980
7290004091248,false,וזלין פטרוליום אינטנסיב קאר ג'ל 106 גר',"יוניליוור ארה""ב, ג'ו",US,ווזלין מס 2,גרמים,106.00,100 גרם,false,,16.90,0.1594,true,1,12339
7290004091255,false,"ואזלין פטרוליום ג'ל 225מ""ל","יוניליוור ארה""ב, ג'ו",US,ואזלין מס 3,גרמים,225.00,100 גרם,false,,22.90,0.1018,true,1,12340
7290004119133,false,כד יוגורט תנובה 6.5% שומן 1.5 ליטר,מיוצר עי קונדיטוריית,IL,יוגורט בכד 7% 1.5 לי,ליטרים,1.50,100 ליטר,false,,18.30,12.2000,true,1,8590
7290004119225,false,יופלה יוגורט אננס %3 גביע 150 גרם,תנובה מרכז שיתופי לש,IL,יופלה אננס ספונטני 3,מיליליטרים,150.00,"100 מ""ל",false,,5.10,0.0340,true,1,8591
7290004119928,false,מעדן חלב בטעם וניל 2% קרלו תנובה 125 גרם,מחלבת אלון תבור,IL,קרלו וניל 1.5%,גרמים,125.00,100 גרם,false,,3.00,0.0240,true,1,8594
7290004119973,false,קרלו מעדן שוקו רביעיה גביע 1.5% 125 גרם,תנובה מרכז שיתופי לש,IL,מעדן קרלו 1.5%,גרמים,125.00,100 גרם,false,,3.00,0.0240,true,1,8595
7290004120108,false,יופלה דיאט יוגורט דובדבן %0 גביע 150גרם,תנובה מרכז שיתופי לש,IL,יופלה דבדבן 0%,מיליליטרים,150.00,"100 מ""ל",false,,5.10,0.0340,true,1,8598
7290004120566,false,פיראוס 24% גבינה בולגרית 250 גרם,תנובה חלב,IL,בולגרית פיראוס 24%,גרמים,250.00,100 גרם,false,,24.50,0.0980,false,1,8609
7290004120573,false,פיראוס 16% גבינה בולגרית 250 גרם,תנובה מרכז שיתופי לש,IL,בולגרית פיראוס 16%,גרמים,250.00,100 גרם,false,,24.50,0.0980,false,1,8610
7290004120634,false,גבינה פיראוס בולגרית 5% 250 גרם,תנובה מרכז שיתופי לש,IL,בולגרית פיראוס 5%,גרמים,250.00,100 גרם,false,,24.50,0.0980,false,1,8611
7290004120832,false,"חלב 2 ליטר 3% כד ""תנובה""- מוצר בפיקוח",תנובה מרכז שיתופי לש,IL,חלב כד 3% מהדרין,ליטרים,2.00,ליטר,false,,12.46,6.2300,false,1,8613
7290004121488,false,יופלה דיאט אפרסק 0% גביע 150 גרם,תנובה מרכז שיתופי לש,IL,יופלה אפרסק חטוב 0%,מיליליטרים,150.00,"100 מ""ל",false,,5.10,0.0340,true,1,8617
7290004121525,false,יופלה מאגדת פרי 4 תות 4 אפרסק 3% 8 יח'*150 ג',תנובה מרכז שיתופי לש,IL,מאגדת יופלה אפרסק+תו,מיליליטרים,1200.00,"100 מ""ל",false,,31.90,0.0266,true,1,8619
7290004121839,false,גבינת פטה כבשים 20% פיראוס 250 גרם,תנובה מרכז שיתופי לש,IL,פטה כבשים 20% פיראוס,גרמים,250.00,100 גרם,false,,28.50,0.1140,false,1,8627
7290004121853,false,גבינה בולגרית פיראוס 5% קוביות 200 גרם,תנובה מרכז שיתופי לש,IL,פיראוס קוביות בולגרי,גרמים,200.00,100 גרם,false,,21.90,0.1095,false,1,8628
7290004122119,false,פתיתי פרמזן לפסטה 23% השף הלבן 100 גרם,פ.פ.ח. שאביט,IL,פתיתי פרמזן לאפיה 23,גרמים,100.00,100 גרם,false,,12.60,0.1260,true,1,8632
7290004122195,false,גוש חלב גבינה צהובה פרוסה 28% תנובה 200 גרם,תנובה חלב,IL,גוש חלב פרוס 28%,גרמים,200.00,100 גרם,false,,14.60,0.0730,false,1,8633
7290004122270,false,עמק קלאסית פרוסות גבינה חצי קשה 28% 200 גרם,תנובה מרכז שיתופי לש,IL,עמק פרוסות 28%,גרמים,200.00,100 גרם,false,,16.90,0.0845,false,1,8634
7290004122348,false,גבינת עמק לייט פרוס בקופסא 200 גרם,תנובה מרכז שיתופי לש,IL,עמק לייט 9%,גרמים,200.00,100 גרם,false,,17.90,0.0895,false,1,8636
7290004122676,false,גבינת חמד לייט 5% פיראוס 250 ג',"תנובה,מחלבת טנא נוגה",IL,גבינת חמד 5% גביע 25,גרמים,250.00,100 גרם,false,,18.90,0.0756,false,1,21548
7290004122683,false,עמק חטיף אצבעות גבינה חצי קשה 28% שומן,תנובה מרכז שיתופי לש,IL,אצבעות חטיף גבינת עמ,גרמים,172.00,100 גרם,false,,16.90,0.0983,false,1,24330
7290004124205,false,יופלה דיאט יוגורט תות %0 גביע 150 גרם,תנובה מרכז שיתופי לש,IL,יופלה תות קליל 0%,מיליליטרים,150.00,"100 מ""ל",false,,5.10,0.0340,false,1,8647
7290004125370,false,"שמנת חמוצה 9% מופחתת שומן תנובה 200 מ""ל מהדרין",תנובה מרכז שיתופי לש,IL,שמנת תנובה 9%,גרמים,200.00,100 גרם,false,,3.80,0.0190,true,1,8657
7290004125400,false,"אשל שלי מהדרין 200 מ""ל 4.5% ""תנובה""- מוצר בפיקוח",פארייפאבה אגרואינדוס,IL,שלי אשל 4.5%,מיליליטרים,200.00,"100 מ""ל",false,,1.69,0.0084,false,1,8658
7290004125417,false,"גיל 3% שלי 200 מ""ל ""תנובה"" -מוצר בפיקוח",תנובה מרכז שיתופי לש,IL,שלי גיל 3%,מיליליטרים,200.00,"100 מ""ל",false,,1.51,0.0076,false,1,8659
7290004125455,false,"שמנת חמוצה 200 מ""ל 15% ""תנובה"" -מוצר בפיקוח",תנובה מרכז שיתופי לש,IL,שמנת 15%,מיליליטרים,200.00,"100 מ""ל",false,,2.40,0.0120,false,1,8660
7290004125509,false,"שמנת חמוצה 15% מועשרת תנובה 100 מ""ל",תנובה מרכז שיתופי לש,IL,שמנת אורגינל 15%,מיליליטרים,100.00,"100 מ""ל",false,,1.70,0.0170,false,1,8663
7290004125578,false,משקה סויה מעושר בסידן תנובה 1ל',תנובה מרכז שיתופי לש,IL,משקה סויה מועשר 1.6%,ליטרים,1.00,ליטר,false,,9.90,9.9000,false,1,8665
7290004125585,false,משקה סויה בטעם וניל תנובה 1 ליטר,תנובה מרכז שיתופי לש,IL,משקה סויה וניל 1.45%,ליטרים,1.00,ליטר,false,,10.60,10.6000,false,1,8666
7290004125721,false,"השף הלבן שמנת עמידה לבישול 15% תנובה 250 מ""ל",תנובה מרכז שיתופי לש,IL,שמנת לבישול 15%,מיליליטרים,250.00,"100 מ""ל",false,,8.70,0.0348,true,1,8672
7290004125738,false,שמנת מתוקה להקצפה32% 250מל עמיד השף הלבן,תנובה מרכז שיתופי לש,IL,שמנת להקצפה 32%,מיליליטרים,250.00,"100 מ""ל",false,,6.90,0.0276,true,1,8673
7290004125776,false,גבינה צהובה עמק 28% 400 גרם בקופסא,תנובה חלב,IL,עמק פרוס 28% 400 גרם,גרמים,400.00,100 גרם,false,,31.00,0.0775,false,1,8675
7290004126674,false,טל העמק פרוסות גבינה חצי קשה לייט %9 200 גרם בקופסא,תנובה מרכז שיתופי לש,IL,טל העמק לייט 9%,גרמים,200.00,100 גרם,false,,19.90,0.0995,true,1,8683
7290004126759,false,יוגורט דיאט יופלה פירות יער 150 גרם,תנובה חלב,IL,יופלה פירות יער 0%,מיליליטרים,150.00,"100 מ""ל",false,,5.10,0.0340,true,1,8686
7290004126872,false,משקאות חלב תנובה שוקו בקבוק 250מל,תנובה חלב,IL,שוקו בקבוקון 2%,מיליליטרים,250.00,"100 מ""ל",false,,5.90,0.0236,true,1,19571
7290004127077,false,קוטג תנובה 3% גביע 250 גרם מהדרין,מיוצר עי קונדיטוריית,IL,קוט'ג תנובה 3%,גרמים,250.00,100 גרם,false,,5.50,0.0220,false,1,8687
7290004127329,false,קוטג תנובה גביע 250 גרם %5 ו.מהדרין,מיוצר עי קונדיטוריית,IL,קוטג' תנובה 5% 250 ג,גרמים,250.00,100 גרם,false,,5.50,0.0220,false,1,8690
7290004127336,false,קוטג תנובה גביע 250 גרם %9 ו.מהדרין,מיוצר עי קונדיטוריית,IL,קוטג' תנובה 9% 250 ג,גרמים,250.00,100 גרם,false,,5.50,0.0220,false,1,8691
7290004127800,false,"גבינה לבנה 500 גרם 5% ""תנובה"" -מוצר בפיקוח",מיוצר עי קונדיטוריית,IL,גבינה לבנה 5% 500 גר,גרמים,500.00,100 גרם,false,,9.96,0.0199,false,1,8693
7290004127817,false,גבינה לבנה 9% שומן 500 ג' תנובה,מיוצר עי קונדיטוריית,IL,גבינה לבנה 9% 500 גר,גרמים,500.00,100 גרם,false,,10.00,0.0200,false,1,8694
7290004127862,false,"גבינה לבנה 750 גרם 5% ""תנובה"" - מוצר בפיקוח",תנובה מרכז שיתופי לש,IL,גבינה 5% 750,גרמים,750.00,100 גרם,false,,14.94,0.0199,false,1,8695
7290004128333,false,לאבנה על בסיס יוגורט %9 שומן 500 ג' פיראוס,תנובה חלב,IL,לבנה פיראוס 9% - 500,גרמים,500.00,100 גרם,false,,20.90,0.0418,false,1,8707
7290004128340,false,קרם גבינת שמנת %5 בטעם טבעי 200 ג' תנובה,תנובה חלב,IL,גבינת קרם 5% טבעית,גרמים,200.00,100 גרם,false,,11.90,0.0595,true,1,8708
7290004128364,false,קרם גבינת שמנת 5% עם זיתים ירוקים 200 ג' תנובה,"תנובה, מחלבת תל יוסף",IL,גבינת קרם 5% זית,גרמים,200.00,100 גרם,false,,11.90,0.0595,true,1,8709
7290004128401,false,גבינת פטה פיראוס במש,תנובה חלב,IL,פטה כבשים20% פיראוס,קילוגרמים,1.00,"ק""ג",true,,119.90,119.9000,true,1,8711
7290004128432,false,פתיתים מיוחדים לפיצה על בסיס גבינה 500 ג',תנובה חלב,IL,פתיתים מיוחדים לפיצה,גרמים,500.00,100 גרם,false,,23.50,0.0470,false,1,27283
7290004129101,false,גבינת שמנת 25% בטעם טבעי 225 ג' נפוליאון,תנובה מרכז שיתופי לש,IL,נפוליאון טבעי 30%,גרמים,225.00,100 גרם,false,,13.90,0.0618,false,1,8715
7290004129118,false,גבינת שמנת 24% עם זיתים ירוקים 225 ג' נפוליאון,תנובה מרכז שיתופי לש,IL,נפוליאון זיתים 27%,גרמים,225.00,100 גרם,false,,13.90,0.0618,false,1,8716
7290004129156,false,גבינת שמנת25% עם שום שמיר 225 ג' נפוליאון,תנובה מרכז שיתופי לש,IL,נפוליאון שום שמיר 30,גרמים,225.00,100 גרם,false,,13.90,0.0618,false,1,8717
7290004129545,false,גבינה לבנה 3% 250 גרם ועדת מהדרין,מחלבת אלון תבור,IL,גבינה תנובה 3%,גרמים,250.00,100 גרם,false,,5.00,0.0200,false,1,8724
7290004129736,false,יוגורט במתיקות מעודנת 1.5% שומן 200 ג' יופלה,תנובה מרכז שיתופי לש,IL,יופלה במתיקות מעודנת,מיליליטרים,200.00,"100 מ""ל",false,,4.50,0.0225,true,1,8727
7290004129767,false,"3% 'יופלה לבן מארז שמינייה 1.2 ק""ג",מחלבת אלון תבור,IL,יופלה טבעי 3% שמיניה,מיליליטרים,1200.00,"100 מ""ל",false,,18.40,0.0153,true,1,8728
7290004130794,false,משקה סויה במתיקות מופחתת תנובה 1 ליטר,תנובה מרכז שיתופי לש,IL,משקה סויה מועשר 1.6%,ליטרים,1.00,ליטר,false,,10.60,10.6000,false,1,8733
7290004130916,false,יוגורט יופלה פירות יער בשמנת 3% 150 גרם,תנובה מרכז שיתופי לש,IL,יופלה פירות יער בשמנ,מיליליטרים,150.00,"100 מ""ל",false,,5.10,0.0340,false,1,8736
7290004131074,false,"חלב 1 ליטר 3% קרטון ""תנובה""- מוצר בפיקוח",תנובה מרכז שיתופי לש,IL,חלב 3% טרי בקרטון מה,ליטרים,1.00,ליטר,false,,6.23,6.2300,false,1,8739
7290004131432,false,יוגורט יופלה לבן ביו 3% 200 גרם,מיוצר עי קונדיטוריית,IL,יופלה טבעי 3%,מיליליטרים,200.00,"100 מ""ל",false,,4.00,0.0200,true,1,8743
7290004131456,false,יוגורט ביו 1.5% שומן 200 ג' יופלה,מיוצר עי קונדיטוריית,IL,יופלה טבעי 1.5%,מיליליטרים,200.00,"100 מ""ל",false,,4.00,0.0200,true,1,8744
7290004131814,false,גבינה צפתית 5% מעודנת 200 ג' פיראוס,פארייפאבה אגרואינדוס,IL,גבינת פיראוס צפתית מ,גרמים,200.00,100 גרם,false,,15.90,0.0795,false,1,8755
7290004131845,false,גבינת לאבנה 9% שומן 750 ג' פיראוס,תנובה מרכז שיתופי לש,IL,לאבנה פיראוס 9% 750,גרמים,750.00,100 גרם,false,,23.90,0.0319,false,1,47588
7290004132552,false,משקה סויה בטעם טבעי לייט תנובה 1 ליטר,תנובה מרכז שיתופי לש,IL,דיאט סויה טבעי 1.8%,ליטרים,1.00,ליטר,false,,10.60,10.6000,false,1,8774
7290004132712,false,חטיף אצבעות גבינת מוצרלה 20% 172 ג' עמק,תנובה מרכז שיתופי לש,IL,אצבעות גבינת מוצרלה,גרמים,174.00,100 גרם,false,,16.90,0.0971,false,1,8780
7290004132903,false,גבינה לבנה 3% מהדרין תנובה 250 גרם,תנובה מרכז שיתופי לש,IL,"גבינה 3% בד""צ",גרמים,250.00,100 גרם,false,,5.00,0.0200,false,1,21175
7290004133511,false,יופלה מאגדת לבן 1.5% מעודן 8 יח' * 150 ג',מיוצר עי קונדיטוריית,IL,שמיניית יופלה במתיקו,מיליליטרים,1200.00,"100 מ""ל",false,,21.90,0.0182,true,1,8794
7290004134945,false,יוגורט מוקה 3% שומן 150 ג' יופלה,תנובה מרכז שיתופי לש,IL,יופלה מוקה 3%,מיליליטרים,150.00,"100 מ""ל",false,,5.10,0.0340,true,1,21443
7290004135324,false,פיראוס בולגרית מע5%משקל,תנובה מרכז שיתופי לש,IL,בולגרית 5% מעודנת תנ,קילוגרמים,1.00,"ק""ג",true,,49.90,49.9000,false,1,21158
7290004135614,false,גבינה בולגרית מעודנת 5% פיראוס 250 גרם,תנובה חלב,IL,בולגרית מעודנת 5% תנ,גרמים,250.00,100 גרם,false,,23.90,0.0956,false,1,25975
7290004136598,false,מארז הפסקת אוכל עם קורנפלקס ומשקה חלב עמיד בטעם וניל,פארייפאבה אגרואינדוס,IL,מארז הפסקת אוכל חלב,מיליליטרים,150.00,"100 מ""ל",false,,9.30,0.0620,false,1,24648
7290004136857,false,מעדן גלי פטל תנובה 125 גרם,תנובה מרכז שיתופי לש,IL,ג'לי פטל תנובה,גרמים,125.00,100 גרם,false,,2.40,0.0192,true,1,24476
7290004136864,false,מעדן ג'לי בטעם אננס עם חתיכות תנובה 125 גרם,תנובה חלב,IL,ג'לי אננס עם חתיכו א,גרמים,125.00,100 גרם,false,,2.80,0.0224,true,1,24477
7290004136871,false,מעדן ג'לי בטעם אפרסק עם חתיכות תנובה 125 גרם,תנובה מרכז שיתופי לש,IL,ג'לי אפרסק עם חתיכות,גרמים,125.00,100 גרם,false,,2.80,0.0224,true,1,24478
7290004137021,false,"שמנת עמידה לבישול מופחת שומן 10% השף הלבן 250 מ""ל",תנובה מרכז שיתופי לש,IL,שמנת לבישול מופחת שו,מיליליטרים,250.00,"100 מ""ל",false,,8.70,0.0348,false,1,27248
7290004137311,false,עמק לייט משפחתית 9% 400ג-ועדת מהדרין,תנובה חלב,IL,עמק לייט 9% 400 גרם,גרמים,400.00,100 גרם,false,,31.90,0.0797,false,1,26867
7290004137809,false,פיראוס לאבנה 5% גביע 250 גרם,"תנובה, מחלבת אלון תב",IL,לאבנה 5% פיראוס,גרמים,250.00,100 גרם,false,,13.00,0.0520,false,1,27078
7290004147051,false,קיסמי שיניים רפואיים 300יח',וולטרס,,קיסמי שיניים צנצ,יחידה,0.00,יחידה,false,,10.90,0.0000,true,1,14998
7290004147150,false,ליפות גב לרחצה + רצו,מיה טריידינג,CN,רצועות מסאז' לגב,יחידה,0.00,יחידה,false,,12.90,0.0000,true,1,15000
7290004147235,false,פינצטה,,,פינצטה,יחידה,0.00,יחידה,false,,13.00,0.0000,true,1,21896
7290004147280,false,שקית כביסון,מיה טריידינג,CN,שקית כביסון,יחידה,750.00,יחידה,false,,9.90,0.0132,true,1,15006
7290004147297,false,סיכות ראש,,,סיכות ראש,יחידה,0.00,יחידה,false,,7.00,0.0000,true,1,15007
7290004147310,false,מראה לטיול מס 4,,,מראה לטיול מס 4,יחידה,0.00,יחידה,false,,6.90,0.0000,true,1,92419
7290004147334,false,סוגרן שקיות מזון,מיה טריידינג,CN,סוגרן שקיות,יחידה,0.00,יחידה,false,,10.00,0.0000,true,1,34911
7290004147440,false,קוצץ ציפורניים,,,קוצץ ציפורניים,יחידה,0.00,יחידה,false,,8.90,0.0000,true,1,20204
7290004147617,false,קוקיות קטיפה,,,קוקיות קטיפה,יחידה,0.00,יחידה,false,,7.90,0.0000,true,1,96192
7290004147655,false,שרוכים לנעליים,,,שרוכים לנעליים,יחידה,0.00,יחידה,false,,8.00,0.0000,true,1,22518
7290004170097,false,עוגת קרנץ' שוקולד 450גרם,גדרון,IL,עוגת קראנץ שוקולד,גרמים,500.00,100 גרם,false,,18.90,0.0378,true,1,100053
7290004199241,false,נרות חימום חסידים 50 יחידות,חסידים,,נרות חימום 50 יח',יחידה,0.00,יחידה,false,,9.90,0.0000,true,1,146516
7290004199272,false,בקבוק פיה רחבה,,,בקבוק פיה רחבה,יחידה,0.00,יחידה,false,,13.90,0.0000,true,1,29263
7290004199777,false,צימרוני אוזניים פלסטיק בכוס 300 יחידות אינטרסאן,כוטון סופט,,צימרוני אוזניים בכוס,יחידה,0.00,יחידה,false,,7.50,0.0000,true,1,44223
7290004199784,false,כפפות S לטקס עם איבוק עדין 100 יח- SAFE TOUCH,סייף טאצ,TH,כפפות לטקס 100 יח' S,יחידה,0.00,יחידה,false,,17.90,0.0000,true,1,103625
7290004199791,false,כפפות M לטקס עם איבוק עדין 100 יח- SAFE TOUCH,סייף טאצ,TH,כפפות לטקס 100 יח' M,יחידה,0.00,יחידה,false,,17.90,0.0000,true,1,103626
7290004199807,false,כפפות L לטקס עם איבוק עדין 100 יח- SAFE TOUCH,סייף טאצ,TH,כפפות לטקס 100 יח' L,יחידה,0.00,יחידה,false,,17.90,0.0000,true,1,103627
7290004200268,false,צעצוע רמה 2,,,צעצוע רמה 2,יחידה,0.00,יחידה,false,,10.00,0.0000,true,1,7359
7290004200930,false,זיקוק זוג 15 סמ בשקית,שמחה זה אנחנו,CN,זוג זיקוקין,יחידה,0.00,יחידה,false,,7.20,0.0000,true,1,7367
7290004219819,false,קומפלטה מלבין קפה הולנדי 200ג,פריזלנד פודס קיוויט,NL,מלבין קפה הולנדי,גרמים,200.00,100 גרם,false,,10.50,0.0525,true,1,14904
7290004221409,false,וובר רוטב חזרת 453 גרם בקבוק לחיץ,וובר ספרינגפילד,,רוטב חזרת SANDWICH P,גרמים,454.00,100 גרם,false,,19.90,0.0438,true,1,11237
7290004225025,false,בסגנון פטה במשקל,מאמן,IL,פטה בקר,קילוגרמים,1.00,"ק""ג",true,,32.90,32.9000,true,1,78363
7290004230326,false,שגב מקלות פילו תפוחי עץ 600 גר',שלושת האופים שגמור,IL,"שטרודל פילו תפ""ע",גרמים,600.00,100 גרם,false,,21.00,0.0350,true,1,78223
7290004230340,false,מקלות בורקס פילו תרד ובצל שגב 600 ג,שלושת האופים שגמור,IL,מקלות בורקס פילו תרד,גרמים,600.00,100 גרם,false,,21.00,0.0350,true,1,49723
7290004230357,false,שגב מקלות בורקס פילו גבינה ובטטה 600 גר,שלושת האופים שגמור,IL,מקלות בורקס פילו בטט,גרמים,600.00,100 גרם,false,,21.00,0.0350,true,1,49724
7290004230364,false,שגב מקלות בורקס פילו גבינה צרפתי 600 גר,שלושת האופים שגמור,IL,מקלות בורקס פילו גבי,גרמים,600.00,100 גרם,false,,21.00,0.0350,true,1,49725
7290004230371,false,מקלות בורקס פילו פיצה 600 גרם לנדא,שלושת האופים שגמור,IL,מקלות בורקס פילו פיצ,גרמים,600.00,100 גרם,false,,21.00,0.0350,true,1,52973
7290004256197,false,גאודה הולנד עז30.6%משקל,וויסר קאשנדל בי.וי נ,NL,גאודה עיזים הולנדית,קילוגרמים,1.00,"ק""ג",true,,119.00,119.0000,true,1,144521
7290004256371,false,ריץ פרוס 400 ג' -צהובה פרוסה,מלקפול אלוורטוסקה,PL,גבינת ריץ פרוסה 400,גרמים,400.00,100 גרם,false,,17.90,0.0447,false,1,97565
7290004256753,false,עלי לסיגר מרוקאי לפסטיליה 450 גרם,סטאר סנקס,IL,עלי סיגר לפסטילייה,יחידה,0.00,יחידה,false,,13.90,0.0000,true,1,96566
7290004329990,false,שניצל עוף פרוס קפוא,בלדי,,שניצל עוף פרוס,קילוגרמים,1.00,"ק""ג",true,,42.90,42.9000,true,1,7434
7290004339012,false,שניצל עם חלבון אפונה 450 גרם,,IL,שניצל אמיתי עם חלבון,גרמים,450.00,100 גרם,false,,27.90,0.0620,true,1,144331
7290004339173,false,המבורגר קינואה 400גרם טבע דלי,טבע דלי,IL,"בורגר מן הצומח ""טבע",גרמים,400.00,100 גרם,false,,24.90,0.0622,true,1,43944
7290004339425,false,שווארמה מהצומח 350 גרם טבע דלי,טבע דלי בעמ,IL,שווארמה מהצומח טבע ד,גרמים,350.00,100 גרם,false,,24.90,0.0711,true,1,53270
7290004339784,false,המבורגר ניו יורק על האש 400 גרם טבע דלי,טבע דלי,IL,טבע דלי-המבורגר מהצו,גרמים,400.00,100 גרם,false,,24.90,0.0622,true,1,55652
7290004339999,false,טבע דלי סייטן אמרנט שניצלונים 400גר,טבע דלי,IL,סייטן אמרנט שניצלוני,גרמים,400.00,100 גרם,false,,28.90,0.0722,true,1,77752
7290004480332,false,גבינת גאודה30%משולש משקל,מחלבות גד,IL,גאודה בקר משולשים,קילוגרמים,1.00,"ק""ג",true,,119.90,119.9000,true,1,143012
7290004492274,false,בייגלה טבעות מלוחות בייגל בייגל 400 גרם,יוניליוור מזון,IL,בייגלה טבעות מלוחות,גרמים,400.00,100 גרם,false,,8.90,0.0223,true,1,12347
7290004492762,false,"נשנושים תירס אפוי טעם טבעי בייגל בייגל 325 גרם בד""צ",בייגל את בייגל מזון 198),IL,נשנושים תירס,גרמים,325.00,100 גרם,false,,13.50,0.0415,false,1,12363
7290004494049,false,פומה סוביניון בלאן-דלתון 750 מל,"יקב דלתון בע""\מ",IL,דלתון גליל סובניון ב,מיליליטרים,750.00,"100 מ""ל",false,,59.90,0.0799,true,1,28659
7290004494063,false,יין דלתון פטיט סירה 750 מל,"יקב דלתון בע""מ",IL,יין דלתון גליל פטיט,גרמים,750.00,100 גרם,false,,59.90,0.0799,true,1,51299
7290004494179,false,יין דלתון שרדונה 750 מל,"איי, בי, אינבוו",IL,יין דלתון שרדונה,מיליליטרים,750.00,"100 מ""ל",false,,59.90,0.0799,true,1,45562
7290004494315,false,יין כנען מוסקטו דלתון 750 מל,"יקב דלתון בע""מ",IL,מוסקטו דלתון,מיליליטרים,750.00,"100 מ""ל",false,,37.50,0.0500,true,1,31834
7290004494919,false,יין כנען קברנה שיראז 750 מל דלתון,"יקב דלתון בע""מ",IL,כנען קברנה שיראז,מיליליטרים,750.00,"100 מ""ל",false,,37.50,0.0500,true,1,84285
7290004536060,false,כפפות דלפין 2 צבע מס' 8 MAPA,גורי,,כפפות מס 8,יחידה,0.00,יחידה,false,,11.90,0.0000,true,1,14494
7290004554293,false,קרחון אסקימו שטראוס ענבים,גלידות שטראוס,IL,קרחון אסקימו ענב,יחידה,0.00,יחידה,false,,2.50,0.0000,true,1,7823
7290004554330,false,"קרחון בטעם דובדבן ""שטראוס""","מיוצר ע""\י גלידת שטראוס",IL,קרחון אסקימו דוב,יחידה,0.00,יחידה,false,,2.70,0.0000,true,1,7824
7290004554354,false,גלידת פנטזיה שוקו וניל 1 ל' שטראוס,"גלידת שטראוס בע""\מ, רחוב",IL,גלידת פנטזיה וניל שו,יחידה,900.00,יחידה,false,,23.90,0.0266,true,1,7825
7290004559236,false,שפדלים למריחה / בדיק,,,שפדלים למריחה / בדיק,יחידה,0.00,יחידה,false,,7.00,0.0000,true,1,58147
7290004584306,false,רבעיית גמדים בטעם תות בננה * 100 ג' שטראוס,מיוצר עי קונדיטוריית,IL,סופר גמדים תות בננה,גרמים,400.00,100 גרם,false,,11.60,0.0290,true,1,7564
7290004584351,false,גבינה לבנה סימפוניה עם תוספות 200 ג' חמישית 200,"שטראוס בריאות בע""\מ",IL,סימפוניה 5%,גרמים,200.00,100 גרם,false,,11.20,0.0560,false,1,7565
7290004584528,false,יוגורט דנונה ביו לבן 1.7% שומן 200 גרם,מיוצר עי קונדיטוריית,IL,יוגורט דנונה ביו 1.7,מיליליטרים,200.00,"100 מ""ל",false,,3.70,0.0185,true,1,7566
7290004585907,false,דני ועדן וניל 1.5% 125ג' שטראוס,מיוצר עי קונדיטוריית,IL,דני וניל 1.5%,מיליליטרים,130.00,"100 מ""ל",false,,2.70,0.0208,true,1,7568
7290004603175,false,מלח הים האדום גס מלח הארץ 500 גרם,"חברת מלח הארץ אילת בע""\מ",IL,מלח גס 500 גר',גרמים,500.00,100 גרם,false,,7.90,0.0158,true,1,53957
7290004639006,false,קוסקוס ביתי מוקפא 800 גר,מטעמי פאר,IL,קוסקוס קפוא 800 גר',גרמים,800.00,100 גרם,false,,15.90,0.0199,true,1,11489
7290004652401,false,ג'חנון ללא מרגרינה שגב 650 גרם,"שגמור בע""\מ",IL,ג'חנון ללא מרגרינה,גרמים,650.00,100 גרם,false,,18.90,0.0291,true,1,142020
7290004658847,false,"תירוש כרמל מיץ ענבים אדום, 187 מ""ל",יקבי כרמל,IL,יין תירוש קטן,מיליליטרים,187.00,"100 מ""ל",false,,5.90,0.0316,true,1,94784
7290004658946,false,יין שרדונה פרייבט קולקשן יקבי כרמל,"כד בני דרום בע""מ",IL,יין שרדונה C.P,מיליליטרים,750.00,"100 מ""ל",false,,34.90,0.0465,false,1,14006
7290004685010,false,לחם 100% שיפון פלוס לחם הארץ 500 גר',מאפית י את א ברמן בע,IL,לחם הארץ,גרמים,500.00,100 גרם,false,,17.90,0.0358,true,1,46267
7290004685027,false,לחם חיטה מלאה פלוס לחם הארץ 500 גרם,מאפית י את א ברמן בע,IL,לחם חיטה מלאה קל,גרמים,500.00,100 גרם,false,,17.90,0.0358,true,1,46268
7290004685089,false,לחם הארץ לחם חמניות 500 גר',מאפית י את א ברמן בע,IL,לחם הארץ חמניות,גרמים,500.00,100 גרם,false,,17.90,0.0358,true,1,46312
7290004685126,false,לחם פומפרניקל לחם הארץ 750 גרם,מאפית י את א ברמן בע,IL,לחם 5 דגנים הארץ,גרמים,750.00,100 גרם,false,,17.90,0.0239,true,1,10530
7290004685157,false,לחם שיפון 100% 750 גרם לחם הארץ,מאפית י את א ברמן בע,IL,לחם הארץ שיפון 100%,גרמים,750.00,100 גרם,false,,17.90,0.0239,true,1,10533
7290004685201,false,לחם הארץ שיפון אגוזים500,מאפית י את א ברמן בע,IL,לחם שיפון אגוזים,גרמים,500.00,100 גרם,false,,17.90,0.0358,true,1,10536
7290004685225,false,לחם שיפון פומפרניקל מקמח שיפון,מאפית י את א ברמן בע,IL,לחם שיפון פומפרניקל,גרמים,750.00,100 גרם,false,,17.90,0.0239,true,1,10537
7290004685430,false,לחם הארץ כוסמין 100% 500 גרם,מאפית י את א ברמן בע,IL,לחם הארץ כוסמין 100%,גרמים,500.00,100 גרם,false,,17.90,0.0358,true,1,86539
7290004685447,false,לחמניות כוסמין 6 בשקית 450 גרם,מאפית ברמן מקבוצת י. את,IL,לחמניות כוסמין שישיי,גרמים,450.00,100 גרם,false,,13.90,0.0309,true,1,98654
7290004725600,false,גבינה סקנדינבית31% משקל,תנובה חלב,IL,גבינה סקנדינבית,קילוגרמים,1.00,"ק""ג",true,,79.90,79.9000,false,1,83925
7290004731090,false,"סבון נוזלי לידיים קמומיל ""כיף""",קוסמופארם בע'\'\מ,IL,כיף קמומיל אל סבון 1,ליטרים,1.00,ליטר,false,,12.90,12.9000,true,1,50813
7290004731472,false,"שלישיית אלסבון צבעוני כיף 500 מ""ל",טרופיקל דגיל תעשיות,IL,כיף סבון נוזלי שלישי,ליטרים,1.50,ליטר,false,,19.90,13.2667,true,1,17203
7290004731519,false,"מקסימה מרכך ומבשם כביסה למייבש סנסיטיב סנו 750 מ""ל",סנו מקסימה,IL,סנו מקסימה למייבש,מיליליטרים,750.00,"100 מ""ל",false,,19.90,0.0265,true,1,17204
7290004731564,false,"מקסימה מבשם ומרכך למייבש הכביסה בלו בלוסום 750 מ""ל",סנו מקסימה,IL,סנו מקסימה ספריי למי,מיליליטרים,750.00,"100 מ""ל",false,,19.90,0.0265,true,1,87429
7290004737719,false,אספרגוס שלם מקולף בצנצנת ויליפוד 330 גרם,קריות זול,CN,אספרגוס שלם מקולף 33,גרמים,330.00,100 גרם,false,,9.90,0.0300,true,1,14907
7290004737900,false,חלב כחוש מרוכז וממותק בתוספת שמן צמחי ויליפוד 397 גרם,יו.איי.בי מאריג'אמפו,LT,חלב מרוכז,גרמים,397.00,100 גרם,false,,9.90,0.0249,true,1,14909
7290004861056,false,צפתית/ברינזה 5% המוש,"מחלבת המושבה בע""מ",IL,צפתית 5% המושבה,קילוגרמים,1.00,"ק""ג",true,,52.90,52.9000,true,1,52356
7290004861063,false,גבינת קש המושבה במשק,"מחלבת המושבה בע""מ",IL,גבינת קש המושבה במשק,קילוגרמים,1.00,"ק""ג",true,,54.90,54.9000,true,1,55595
7290004861315,false,מעדניה-גבינה לאבנה ט,"מחלבת המושבה בע""מ",IL,לבנה שמן זית המושבה,קילוגרמים,1.00,"ק""ג",true,,44.90,44.9000,true,1,52756
7290004861360,false,צפתית קצח מושבה,מחלבת המושבה,IL,צפתית קצח מושבה,קילוגרמים,1.00,"ק""ג",true,,54.90,54.9000,true,1,55597
7290004861377,false,בולגרית למריחה המושב,,,בולגרית למריחה המושב,קילוגרמים,1.00,"ק""ג",true,,44.90,44.9000,true,1,80067
7290004861421,false,גבינה חלומי מושבה,"מחלבת המושבה בע""מ",IL,גבינה חלומי מושבה,קילוגרמים,1.00,"ק""ג",true,,91.90,91.9000,true,1,55752
7290004861445,false,כדורי לבנה בזעתר במשקל,מחלבת מושבה,IL,כדורי לבנה בשמן המוש,קילוגרמים,1.00,"ק""ג",true,,149.90,149.9000,true,1,28497
7290004872014,false,שלגון גומיגם,נסטלה גלידות,IL,שלגון גומיגם,יחידה,0.00,יחידה,false,,5.90,0.0000,true,1,11619
7290004872069,false,קרחון לימון כלפ.48*80גרם,גלידות נסטלה )נגה גלידות,IL,שלגון לימון,יחידה,0.00,יחידה,false,,2.60,0.0000,true,1,11622
7290004872229,false,"שלגון שוקולד כלפ. 48*67גרם חת""ס",תות תעשיות מזון (201,IL,שלגון מצופה,יחידה,0.00,יחידה,false,,4.90,0.0000,true,1,11625
7290004872243,false,שלגון בננה מצופה נסטלה 57ג',תות תעשיות מזון (201,IL,שלגון מצופה,יחידה,0.00,יחידה,false,,4.90,0.0000,true,1,11627
7290004872359,false,קרחון דובדבן נסטלה 80 גרם,גלידות נסטלה )נגה גלידות,IL,קרחון דבדבן,יחידה,0.00,יחידה,false,,2.60,0.0000,true,1,11629
7290004872786,false,"טילון אקסטרים ענק פקאן 115ג' בד""ץ",גלידות נסטלה,IL,אקסטרים פקאן,יחידה,0.00,יחידה,false,,10.00,0.0000,true,1,11634
7290004923051,false,מים מינרלים עין גדי 2 ל',עין גדי מיים מינרלים,IL,בק' עין גדי 2 לי,ליטרים,2.00,ליטר,false,,3.00,1.5000,true,1,13938
7290004952075,false,חלבה אורגנית שומשום מלא 300 גר,הרדוף,IL,חלבה אורגנית 300גר',גרמים,300.00,100 גרם,false,,19.90,0.0663,true,1,24972
7290004952778,false,טופו מפולי סויה אורגני הרדוף 300 גר,כפר בריא בעמ,IL,טופו אורגני 8.5%,גרמים,300.00,100 גרם,false,,14.90,0.0497,true,1,9014
7290004952785,false,פריכיות דקות מאורז מלא וכוסמת אורגני 100 גרם הרדוף,פרח תעשיות,IL,פריכיות אורז וכוסמת,גרמים,100.00,100 גרם,false,,11.90,0.1190,true,1,84078
7290004952792,false,פריכיות אורז מלא דק אורגני 100 גר הרדוף,פרח תעשיות,IL,פריכיות אורז מלא דקו,גרמים,100.00,100 גרם,false,,11.90,0.1190,true,1,84079
7290004955670,false,מנצ'יס 250 גרם זארובי,זארובי,,מנצ'ס 250 גר' זארובי,גרמים,250.00,100 גרם,false,,8.90,0.0356,true,1,102577
7290004982355,false,צדר טריפל סיימן במשק,כושר דיירי,GB,גבינת טריפל צ'דר,קילוגרמים,1.00,"ק""ג",true,,140.00,140.0000,true,1,80651
7290004982393,false,גבינה ברס בלו במשקל1,בנוגראן,FR,גבינת ברס בלו,קילוגרמים,1.00,"ק""ג",true,,185.00,185.0000,true,1,11487
7290005008184,false,"סבון נוזלי בניחוח חלב שקדים פלמוליב 500 מ""ל",הנסיך- מפעל לייצור ט,TR,פלמוליב סבון נוזלי ש,מיליליטרים,500.00,"100 מ""ל",false,,14.90,0.0298,false,1,7984
7290005008191,false,"סבון נוזלי ארומה בניחוח לבנדר פטצ'ולי וילנג ילנג פלמוליב 500 מ""ל",הנסיך- מפעל לייצור ט,TR,סבון נוזלי פלמוליב ס,מיליליטרים,500.00,"100 מ""ל",false,,14.90,0.0298,false,1,7985
7290005008436,false,מטליות אוניברסל רב שימושיות 9יח,,,מטליות אוניברסל תשיע,יחידה,0.00,יחידה,false,,12.90,0.0000,true,1,18227
7290005008481,false,ספיד סטיק - דאודורנט ג'ל לגבר ספורט 85 גרם,הנסיך- מפעל לייצור ט,US,ספיד סטיק ג'ל,גרמים,85.00,100 גרם,false,,19.90,0.2341,true,1,7989
7290005041198,false,מעדני הטלה קבב ביתי,לאטי עזרא גלם ודגים,IL,"קבב ביתי 1 ק""ג",קילוגרמים,1.00,"ק""ג",false,,45.90,45.9000,true,1,50363
7290005068058,false,תירס קל מופחת קלוריות 550 ג' פרי הגליל,"פרי הגליל בע""""מ",IL,תירס קל 550 גרם,גרמים,550.00,100 גרם,false,,6.90,0.0125,false,1,10424
7290005068492,false,לקט ירקות מעורבים 700 גרם פרי-גליל,"פרי הגליל בע""""מ",IL,לקט ירקות מעורבים 70,גרמים,700.00,100 גרם,false,,9.90,0.0141,true,1,10426
7290005079290,false,נעם גבינה צהובה15% משקל,טרה,IL,גבינה צהובה 15% נעם,קילוגרמים,1.00,"ק""ג",true,,68.90,68.9000,false,1,79837
7290005079320,false,בולגרית גלילית 24% במשקל,משק צוריאל תבור,IL,בולגרית 24% צוריאל,קילוגרמים,1.00,"ק""ג",true,,59.90,59.9000,true,1,75697
7290005084355,false,סנסודין משחת שיניים דואל קר פלואוריד 75,גלקסו סמית קליין,GB,סנסודין דואל קר,מיליליטרים,75.00,"100 מ""ל",false,,21.90,0.2920,true,1,13669
7290005113222,false,זיתים קוקטייל וגמבה יבנה 350ג',קבוצת יבנה,IL,מיקס זיתים 340 גרם ל,גרמים,340.00,100 גרם,false,,9.90,0.0291,true,1,28013
7290005169922,false,תה טיבטי קלאסי טבעי 90 שקיקים,SHALPHARM HMZRAH (SODOT,IL,תה טיבטי בטעם קלאסי,גרמים,180.00,100 גרם,false,,42.90,0.2383,true,1,21364
7290005174551,false,סלט חומוס עם צנוברים 125 ג' אחלה,מיוצר עי קונדיטוריית,IL,סלט חומוס אחלה א,גרמים,125.00,100 גרם,false,,4.70,0.0376,true,1,7572
7290005174568,false,סלט חצילים במיונז אחלה 125 גרם,"שטראוס גרופ בע""\מ",IL,סלט חצילים אישי,גרמים,125.00,100 גרם,false,,4.70,0.0376,true,1,7573
7290005174575,false,טחינה אחלה יום יום משובחת 125ג',מיוצר עי קונדיטוריית,IL,סלט טחינה אישי א,גרמים,125.00,100 גרם,false,,4.70,0.0376,true,1,7574
7290005197758,false,"עוגיות חיוכים שוקולד עלית 150 גרם בד""צ",אפיפית נצרת תעשיות ב,IL,חיוכים שוקו עלית,גרמים,150.00,100 גרם,false,,5.30,0.0353,true,1,9782
7290005199288,false,מסטיק MUST בטעם פטל לימון ללא סוכר 28 גרם,"שטראוס גרופ בע""מ",IL,מסטיק מאסט טעם פטל ל,גרמים,28.00,100 גרם,false,,4.60,0.1643,false,1,9787
7290005199578,false,קפה פלטינום נטול קפאין עלית 200 גרם,שטראוס קפה בי.וי.,IL,קפה נמס פלטינום נטול,גרמים,200.00,100 גרם,false,,31.90,0.1595,false,1,9791
7290005199738,false,גומי מאסט בטעם פפרמינט ריח פה נעים פליפטופ 28 ג' עלית,"שטראוס גרופ בע""מ",IL,מסטיק מאסט בטעם פפרמ,גרמים,28.00,100 גרם,false,,4.60,0.1643,false,1,9793
7290005200786,false,תפוצ'יפס בטעם שמנת בצל עלית 50 גרם,"שטראוס פריטו ליי בע""\מ )",IL,תפוציפס 50,גרמים,50.00,100 גרם,false,,3.90,0.0780,true,1,10159
7290005201455,false,קפה נמס מגורען ארומה קלאסי עלית 200 גרם,"אינסטנטה בע""מ",PL,קפה נמס מגורען ארומה,גרמים,200.00,100 גרם,false,,21.90,0.1095,false,1,9799
7290005201882,false,קפה טורקי בצלופן עלית 200 גרם,הנסיך- מפעל לייצור ט,IL,קפה טורקי 200,גרמים,200.00,100 גרם,false,,14.90,0.0745,false,1,9802
7290005270000,false,עלי סיגר מרוקאי 500,"חמים וטעים בע""מ",IL,עלי סיגר מרוקאי 500,גרמים,500.00,100 גרם,false,,14.90,0.0298,true,1,46494
7290005287206,false,רביעיית טונה בשמן סטארקיסט 160 גרם,"סטארקיסט פודור בע""מ",VN,רביעייה טונה בשמן 4x,גרמים,640.00,100 גרם,false,,24.90,0.0389,false,1,15972
7290005287251,false,רביעיית טונה במים סטארקיסט 160 גרם,"סטארקיסט פודור בע""מ",VN,רביעייה טונה סטארקיס,גרמים,640.00,100 גרם,false,,24.90,0.0389,false,1,20013
7290005287510,false,"סטארקיסט טונה בשמן עם פלפל חריף 160 גרם בד""צ",תאי יוניון גרופ,TH,טונה סטארקיסט בשמן פ,גרמים,160.00,100 גרם,false,,7.60,0.0475,true,1,25926
7290005287527,false,"סטארקיסט טונה בשמן עם לימון 160 גרם בד""צ",תאי יוניון גרופ,TH,טונה סטארקיסט בשמן ל,גרמים,160.00,100 גרם,false,,7.60,0.0475,true,1,25453
7290005287534,false,"סטארקיסט טונה בשמן עישון טבעי 160 גרם בד""צ",תאי יוניון גרופ,IL,טונה סטארקיסט בשמן ע,גרמים,160.00,100 גרם,false,,7.60,0.0475,true,1,50400
7290005296246,false,"פותח סתימות דריין אאוט 946 מ""ל יעקבי",יוליניבר,US,פותח סתימות,מיליליטרים,946.00,"100 מ""ל",false,,29.90,0.0316,true,1,13765
7290005296260,false,"אסטוניש ספריי רסס ונגב לניקוי כללי יעקבי 750 מ""ל",יעקובי אסטוניש,GB,אסטוניש רסס נגב,מיליליטרים,750.00,"100 מ""ל",false,,11.90,0.0159,true,1,13766
7290005326387,false,עגבניות מיובשות בשמן זית אוליביה 270 גרם,אוליביה,IL,עגבניות מיובשות אולי,גרמים,280.00,100 גרם,false,,19.90,0.0711,true,1,8817
7290005326523,false,ממרח פסטו פטרוזיליה ונענע אוליביה 180 גרם,אוליביה,IL,פסטו פטרוזליה ונענע,גרמים,180.00,100 גרם,false,,13.90,0.0772,true,1,76167
7290005326677,false,רוטב ברביקיו אוליביה 350 גר,,IL,רוטב ברביקיו 350 גר',גרמים,350.00,100 גרם,false,,13.90,0.0397,true,1,92616
7290005384868,false,בסיגנון דנאבלו 29% במשקל,,IL,גבינת דנאבלו מעדניה,קילוגרמים,1.00,"ק""ג",true,,89.90,89.9000,true,1,17975
7290005384899,false,פטינה ים תיכונית בסג,וילי פוד,IL,פטה יוונית,קילוגרמים,1.00,"ק""ג",true,,37.00,37.0000,true,1,14916
7290005418501,false,"אקזיט - ""מלא תלתלים"" מוס נפח לתלתלים 200 מ""ל",General,,מוס לבניית תלתלים,מיליליטרים,200.00,"100 מ""ל",false,,19.90,0.0995,true,1,27447
7290005423253,false,"סנו - מקסימה מרסס למייבש כביסה אולטרה פרש 750 מ""ל","סנו מפעלי ברונוס בע""\מ",IL,מבשם למייבש כביסה,מיליליטרים,750.00,"100 מ""ל",false,,19.90,0.0265,true,1,17215
7290005423499,false,"תרסיס לניקוי משטחי נירוסטה אירוסל סנו 500 מ""ל",מיוצר עי קונדיטוריית,IL,סנו נירוסטה,מיליליטרים,500.00,"100 מ""ל",false,,19.90,0.0398,true,1,17222
7290005423567,false,מטליות ניקוי רב שימושיות בגליל סנו סושי 40 יחידות,אסותא תעשיות אלבד בע,IL,מטליות לניקוי כללי צ,יחידה,0.00,יחידה,false,,19.90,0.0000,true,1,17223
7290005423635,false,ריצפז נוזל רצפות דוחה תיקנים סנו 2 ליטר,מיוצר עי קונדיטוריית,IL,ריצפז דוחה חרקים,ליטרים,2.00,ליטר,false,,21.90,10.9500,false,1,17225
7290005423734,false,מרכך כביסה מרוכז אולטרא פרש סנו מקסימה 4 ליטר,"סנו מפעלי ברונוס בע""\מ",IL,מרכך סנו 4 ליטר,ליטרים,4.00,ליטר,false,,21.90,5.4750,false,1,17226
7290005423833,false,פוליויקס נוזל לניקוי פרקט סנו 2 ליטר,"סנו מפעלי ברונוס בע""\מ",IL,פוליוקס פרקט,ליטרים,2.00,ליטר,false,,19.90,9.9500,true,1,17227
7290005423918,false,סנו - מקסימה מרכך כביסה היפואלרגני אלוורה 4 ליטר,"סנו מפעלי ברונוס בע""\מ",IL,מרכך כביסה סנו מקסימ,ליטרים,4.00,ליטר,false,,22.90,5.7250,false,1,17229
7290005424311,false,"קוטל חרקים רב קוטל K סנו 500 מ""ל",מיוצר עי קונדיטוריית,IL,סנו K רב קוטל,מיליליטרים,475.00,"100 מ""ל",false,,21.90,0.0461,true,1,17233
7290005424403,false,"אל סבון כיף אצות ים קטיפתי 1ליטר,",טרופיקל דגיל תעשיות,IL,כיף 1 ליטר אצות ים,ליטרים,1.00,ליטר,false,,12.90,12.9000,true,1,46241
7290005424755,false,מטליות ריצפז פלוס לחות לניקוי רצפות דוחה תיקנים 10 יח' סנו,סנו מפעלי ברונוס בעמ,IL,מטליות לחות לניקוי ר,יחידה,0.00,יחידה,false,,15.90,0.0000,true,1,92296
7290005424762,false,ריצפז פלוס ווקס נוזל להברקת רצפות דוחה תיקנים סנו 2 ליטר,"סנו מפעלי ברונוס בע""\מ",IL,ריצפז ווקס דוחה,ליטרים,2.00,ליטר,false,,31.90,15.9500,true,1,17239
7290005424847,false,"מפיות סופט לבנות לשולחן (150 יח') ""סנו""",מיוצר עי קונדיטוריית,TR,סנו סושי מפיות אירוח,יחידה,0.00,יחידה,false,,7.90,0.0000,true,1,17243
7290005425585,false,מטליות לחות לניקוי רהיטים סנו 20 יחידות,"סנו מפעלי ברונוס בע""\מ",IL,מטליות סנו רהיט,יחידה,0.00,יחידה,false,,13.90,0.0000,true,1,17256
7290005425646,false,קליר נוזל לניקוי חלונות רב תכליתי סנו 1 ליטר,"סנו מפעלי ברונוס בע""\מ",IL,סנוקליר נוזל רב תכלי,ליטרים,1.00,ליטר,false,,11.90,11.9000,false,1,17257
7290005425714,false,"סנו שמפו לשטיחים פלוס 600מ""ל","סנו מפעלי ברונוס בע""\מ",IL,סנו שמפו שטיחים,מיליליטרים,600.00,"100 מ""ל",false,,23.90,0.0398,true,1,17259
7290005425912,false,אוקסיג'ן ג'ל להסרת כתמים עם חמצן פעיל סנו 4 ליטר,סנו אוקסיג'ן,IL,אוקסיג'ן מסיר כתמים,ליטרים,4.00,ליטר,false,,34.90,8.7250,false,1,37133
7290005426193,false,ספוגית הפלא סנו סושי 6 יחידות,טרופיקל דגיל תעשיות,IL,ספוג פלא סנו סוש,יחידה,0.00,יחידה,false,,11.50,0.0000,false,1,17269
7290005426568,false,"קרמה - קרם לחות לשיער רגיל 400 מ""ל",טרופיקל דגיל תעשיות,IL,לחות לשיער קרמה,מיליליטרים,400.00,"100 מ""ל",false,,22.90,0.0572,true,1,17280
7290005426803,false,מקסימה מרכך כביסה פצ'ולי לבנדר סגול סנו 4 ליטר,סנו מקסימה,IL,מרכך סנו מקסימה,ליטרים,4.00,ליטר,false,,21.90,5.4750,false,1,17288
7290005426865,false,אורביטול - משחת שיניים לילדים בטעם מסטיק 70 גרם,טרופיקל דגיל תעשיות קוסמ,IL,אורביטול ילדים מ,גרמים,50.00,100 גרם,false,,9.90,0.1980,true,1,42753
7290005426940,false,300-K פלוס8 קוטל חרקי400,טרופיקל דגיל תעשיות,IL,ק-300 פלוס 8,מיליליטרים,400.00,"100 מ""ל",false,,21.90,0.0547,false,1,17294
7290005427107,false,סנו - סושי מגבות נייר הפלא 6 יחידות,מיוצר עי קונדיטוריית,IL,סושי מגבות הפלא למטב,יחידה,0.00,יחידה,false,,11.90,0.0000,false,1,17300
7290005427787,false,"קרמה - קרם לחות לשיער מתולתל 400 מ""ל",טרופיקל דגיל תעשיות,IL,לחות לשיער מתולת,מיליליטרים,400.00,"100 מ""ל",false,,22.90,0.0572,true,1,17336
7290005427985,false,"קרמה תחליב רחצה לפנים בתוספת גרגירי פילינג 180 מ""ל",גוד פוד פרודקטס S.p,IL,תחליב פנים פילינג קר,מיליליטרים,180.00,"100 מ""ל",false,,14.90,0.0828,true,1,21044
7290005428852,false,ממחטות טישו צבעוניים סנו סופט 5 יח' *100דף,ישרפייפר,IL,סנו סופט מגבוני טישו,גרמים,650.00,100 גרם,false,,15.90,0.0245,true,1,34766
7290005429279,false,סנו מקסימה קומפקט קומפקט אפקט גאוול 6 ק,סנו מפעלי ברונוס בעמ,IL,סנו מקסימה אפקט ג'או,קילוגרמים,6.00,"ק""ג",false,,49.90,8.3167,false,1,27023
7290005429286,false,"אבקת כביסה מקסימה ביו 6 ק""ג סנו",סנו מקסימה,IL,סנו מקסימה ביו 6 קג,קילוגרמים,6.00,"ק""ג",false,,49.90,8.3167,false,1,27024
7290005430480,false,מטלית הפלא למשטחים מיקרופייבר סנו סושי 1 יחידה,קריות זול,IL,מטלית הפלא סנו,יחידה,0.00,יחידה,false,,7.50,0.0000,true,1,17365
7290005430602,false,"סנו אוקסיג'ן ספריי להסרת כתמים עם חמצן פעיל 750 מ""ל","סנו מפעלי ברונוס בע""",IL,מסיר כתמים סנו,מיליליטרים,750.00,"100 מ""ל",false,,19.90,0.0265,false,1,17368
7290005430671,false,פוליויקס נוזל לניקוי קרמיקה סנו 2 ליטר,סנו מפעלי ברונו בעמ,IL,פוליוקס קרמיקה,ליטרים,2.00,ליטר,false,,19.90,9.9500,false,1,17371
7290005430961,false,שמפו לכביסה עדינה ביד בד גארד סנו מקסימה 1 ליטר,יושלם,,בד גארד נוזל 1 ל,ליטרים,1.00,ליטר,false,,17.50,17.5000,true,1,17375
7290005431883,false,מלבי חלבי עדן קינוחים 165 גרם,עדן קינוחים Eden,IL,מלבי חלבי 165 גר',גרמים,165.00,100 גרם,false,,6.90,0.0418,true,1,99074
7290005431906,false,קדאיף עדן קינוחים 82 גרם,עדן קינוחים Eden,IL,קדאיף 82 גר',גרמים,82.00,100 גרם,false,,6.90,0.0841,true,1,99076
7290005431920,false,עוגת גבינה פירורים לייט עדן קינוחים 78 גרם,עדן קינוחים Eden,IL,עוגת גבינה פירורים ל,גרמים,78.00,100 גרם,false,,6.90,0.0885,true,1,99078
7290005431968,false,מלבי שמנת עדן קינוחים 150 גרם,עדן קינוחים Eden,IL,מלבי שמנת,גרמים,150.00,100 גרם,false,,7.90,0.0527,true,1,102425
7290005477669,false,אל סבון נוזלי מועשר בלחות דרמפון 1 ליטר,"אמיליה קוסמטיקס בע""מ",IL,דרמפון מועשר לחו,ליטרים,1.00,ליטר,false,,15.90,15.9000,true,1,16826
7290005509445,false,עוגיות מיני קוקיס חמאה בצנצנת כרמית 600 גרם,כרמית תעשיות ממתקים,IL,מיני קוקיס בטעם חמאה,גרמים,600.00,100 גרם,false,,15.90,0.0265,true,1,12596
7290005559587,false,מאפה נקניקיה בבצק מעדנות 800ג',"מעדנות בע""\מ",IL,מאפה נקניקיה בבצק,גרמים,800.00,100 גרם,false,,27.90,0.0349,false,1,9231
7290005559709,false,בורקס פיצה מעדנות 700 גרם,"מעדנות בע""\מ",IL,בורקס פיצה,גרמים,700.00,100 גרם,false,,24.90,0.0356,false,1,9237
7290005559907,false,פיצה משפחתית 100% גבינה מעדנות 500 גרם,מיוצר עי קונדיטוריית,IL,פיצה משפחתית גבינה,גרמים,500.00,100 גרם,false,,19.90,0.0398,false,1,9241
7290005559914,false,פיצה משפחתית עם 100% גבינה בתוספת זיתים מעדנות 550 גרם,מיוצר עי קונדיטוריית,IL,פיצה משפחתית זיתים,גרמים,550.00,100 גרם,false,,19.90,0.0362,false,1,9242
7290005559990,false,בצק פילאס תורכי מעדנות 600 גרם,מיוצר עי קונדיטוריית,IL,בצק פילס תורכי,גרמים,600.00,100 גרם,false,,19.90,0.0332,false,1,9250
7290005569029,false,שום קלוף ישראלי 170 גרם,יגור חקלאות ועסקים,IL,שום קלוף 170 גר',גרמים,170.00,100 גרם,false,,8.90,0.0524,true,1,116675
7290005589492,false,שלווה חיטה מלאה דבש 200 גרם דגן,מפעלי דגן,IL,חיטה מלאה תפוחה בציפ,גרמים,200.00,100 גרם,false,,6.50,0.0325,true,1,77478
7290005589744,false,דגן פיצפוצי אורז מלא,מפעלי דגן,,דגן פיצפוצי אורז מלא,גרמים,200.00,100 גרם,false,,8.50,0.0425,true,1,77818
7290005591761,false,דבש טהור מפרחי בר בלחיץ 400 ג' יד מרדכי,מכוורת יד מרדכי שטראוס ב,IL,דבש יד מרדכי לחיץ טה,גרמים,400.00,100 גרם,false,,27.90,0.0697,false,1,9803
7290005617041,false,פלינקה סקוטש במטר 5 צבעים,,IL,סקוטש לכלים פלינ,יחידה,0.00,יחידה,false,,8.00,0.0000,true,1,77814
7290005617355,false,מברשת לנעליים,,IL,מברשת לנעליים,יחידה,0.00,יחידה,false,,7.90,0.0000,true,1,47054
7290005617423,false,מטאטא מגן+מקל,,,מטאטא מגן+מקל,יחידה,0.00,יחידה,false,,27.90,0.0000,true,1,54184
7290005617492,false,דלי ידית פלסטיק 12ליטר,,IL,דלי ידית פלסטיק 12,יחידה,0.00,יחידה,false,,12.00,0.0000,true,1,46535
7290005617522,false,חובט שטיחים,,,חובט שטיחים,יחידה,0.00,יחידה,false,,8.00,0.0000,true,1,47013
7290005617645,false,מגב שיש פלסטיק נופר,ideal houseware,CN,מגב חלון פלסטיק 20,יחידה,0.00,יחידה,false,,4.90,0.0000,true,1,46515
7290005617850,false,.מטאטא מרצדס זהב - ז,Mascot,IT,מטאטא מרצדס,יחידה,0.00,יחידה,false,,30.00,0.0000,true,1,46516
7290005617935,false,מברשת כלים ידית גומי,Ningbo cleaning indu,CN,מברשת כלים ידית גומי,יחידה,0.00,יחידה,false,,10.90,0.0000,true,1,46518
7290005617980,false,מברשת ציפורניים יח,,IL,מברשת ציפורניים,יחידה,0.00,יחידה,false,,4.50,0.0000,true,1,46538
7290005651069,false,"מזון חתולים לה קט מיקס 2.85 ק""ג","ביופט בע""מ",FR,"לה קט מיקס 2.85 ק""ג",קילוגרמים,2.85,"ק""ג",false,,59.90,21.0175,false,1,15981
7290005651427,false,"בונזו מזון לכלבים מולטיפק 1.2 ק""ג מארז 3 יחידות",קריות זול,FR,שלישיית מעדן בונזו מ,קילוגרמים,1.23,"ק""ג",false,,16.90,13.7398,true,1,15984
7290005658990,false,כעכים מלוחים שיבולת,,,כעכים מלוחים שיבולת,גרמים,300.00,100 גרם,false,,18.90,0.0630,true,1,145124
7290005680052,false,טמפונים סופר פלוס אובה 32 יחידות,גונסון אנד גונסון,GR,או בה סופר פלוס,יחידה,0.00,יחידה,false,,22.90,0.0000,true,1,8118
7290005684418,false,לחם כוסמין אורגני 700 גר,מאפיה מרחבית קרית שמונה,IL,לחם כוסמין אורגני,גרמים,600.00,100 גרם,false,,14.90,0.0248,true,1,42217
7290005684487,false,לחמניות כוסמין מקמח 6*70גר,המאפיה של הרמן,IL,לחמניות כוסמין שישיי,גרמים,420.00,100 גרם,false,,12.90,0.0307,true,1,93160
7290005684579,false,לחם מחמצת כוסמין 700 גרם,המאפיה של הרמן,IL,לחם מחמצת כוסמין,גרמים,700.00,100 גרם,false,,14.90,0.0213,true,1,101928
7290005734700,false,אקדח סביבונים בלוח,General,CN,סביבון משולח בלוח,יחידה,0.00,יחידה,false,,9.90,0.0000,true,1,142120
7290005735080,false,סביבון מאיר ומנגן שיר חנוכה בדיספליי,General,CN,סביבון מנגן,יחידה,0.00,יחידה,false,,12.90,0.0000,true,1,99166
7290005737060,false,סביבון מאיר ומנגן שיר חנוכה בלוח,General,CN,סביבון מנגן,יחידה,0.00,יחידה,false,,12.90,0.0000,true,1,88756
7290005789380,false,פרשיס קוסמטיקס מגבונים להסרת איפור 54 יח',ווטנאפס,,פרשיס קוסמטיקס להסרת,יחידה,0.00,יחידה,false,,14.90,0.0000,true,1,19632
7290005803628,false,קרחון מלון - צבע מאכל טבעי,גלידות נסטלה )נגה גלידות,IL,קרחון מלון,יחידה,0.00,יחידה,false,,2.60,0.0000,true,1,11642
7290005826542,false,גבינת צדר לבן אנגלי,,GB,צ'דר אנגלי לבן,קילוגרמים,1.00,"ק""ג",true,,94.00,94.0000,true,1,144362
7290005826566,false,גבינת צדר כתום אנגלי,,GB,צ'דר אנגלי כתום,קילוגרמים,1.00,"ק""ג",true,,94.00,94.0000,true,1,144363
7290005838002,false,מעדן גבינה ויוגורט בטעם וניל 88 ג' דניאלה,"שטראוס בריאות בע""מ",IL,דניאלה 5%,מיליליטרים,150.00,"100 מ""ל",false,,4.10,0.0273,true,1,7578
7290005838613,false,"סקי וניל בודד 125 גרם ""שטראוס""","שטראוס בריאות בע""\מ",IL,סקי וניל 3%,גרמים,125.00,100 גרם,false,,3.90,0.0312,false,1,7581
7290005838972,false,גבינת יום יום 5% שטראוס 125ג',מיוצר עי קונדיטוריית,IL,סקי % 3 125 גר,גרמים,125.00,100 גרם,false,,3.30,0.0264,true,1,7582
7290005839078,false,שמיניית יוגורט לבן 3% ביו דנונה 150 גרם,מיוצר עי קונדיטוריית,IL,דנונה ביו 3% שמיניה,ליטרים,1.20,ליטר,false,,17.80,14.8333,true,1,7583
7290005839108,false,גבינה לבנה סימפוניה עם תוספות 200 ג'+זיתים 5%,"שטראוס בריאות בע""\מ",IL,סימפוניה זיתים 5%,גרמים,200.00,100 גרם,false,,11.20,0.0560,false,1,7584
7290005839313,false,"מילקי טופ מגולגלת שטראוס 170 מ""ל",מיוצר עי קונדיטוריית,IL,מילקי טופ 8%,מיליליטרים,130.00,"100 מ""ל",false,,4.70,0.0362,true,1,7585
7290005854040,false,שלגון אסקימו משמש שטראוס,שטראוס,IL,קרחון מישמש,גרמים,70.00,100 גרם,false,,2.50,0.0357,true,1,32519
7290005854569,false,שלגון בננה מצופה שוקולד,שטראוס,,שלגון שוקו בננה,יחידה,0.00,יחידה,false,,4.20,0.0000,true,1,7834
7290005854606,false,שלגון אסקימו אננס שטראוס 75 גרם,שטראוס,IL,אסקימו אננס,יחידה,0.00,יחידה,false,,2.50,0.0000,true,1,7835
7290005854613,false,שלגון אסקימו תותי פרוט 75 גר',שטראוס,IL,אסקימו תותי פרוט,יחידה,0.00,יחידה,false,,2.50,0.0000,true,1,7836
7290005896415,false,"בירה איגל לאגר פרימיום 5% 500 מ""ל פחית","טמפו משקאות בע""מ",IL,בירה איגל פחית 500 מ,מיליליטרים,500.00,"100 מ""ל",false,,5.50,0.0110,true,1,87907
7290005896439,false,"בירה מכבי, בקבוק חוזר 500 מ''ל","טמפו משקאות בע""מ",IL,מכבי בירה בקבוק 500,מיליליטרים,500.00,"100 מ""ל",false,,6.20,0.0124,false,1,44730
7290005896453,false,"בירה מכבי 7.9%, בירה חזקה, בקבוק חוזר 500 מ''ל",טמפו משקאות בע''מ,IL,בירה מכבי חוזר 7.9%,מיליליטרים,500.00,"100 מ""ל",false,,6.70,0.0134,false,1,84742
7290005896460,false,"בירה איגל לאגר חזקה 7.8% 500 מ""ל פחית",טמפו,IL,איגל בירה חזקה פחית,מיליליטרים,500.00,"100 מ""ל",false,,5.90,0.0118,true,1,90231
7290005896620,false,סאן בנדטו - מוגז עדין - 1.5 ליטר,אקווה מינרלה סאן בנד,IT,מים סאן בנדטו מו,ליטרים,1.50,ליטר,false,,4.50,3.0000,true,1,18560
7290005896637,false,סאן בנדטו - מים מינרלים טבעיים מהאלפים 1.5 ליטר,אקווה מינרלה סאן בנדטו ב,IT,מים סאן בנדטו 1.5 לי,ליטרים,1.50,ליטר,false,,4.00,2.6667,true,1,18561
7290005930324,false,אבקת הבהרה לשיער,,,אבקת הבהרה לשיער,גרמים,10.00,100 גרם,false,,6.00,0.6000,true,1,51190
7290005966033,false,"יין לבן הר חרמון 750 מ""ל",יקבי רמת הגולן קצרין,IL,הר חרמון לבן,מיליליטרים,750.00,"100 מ""ל",false,,29.90,0.0399,false,1,11892
7290005966088,false,"יין הר חרמון אדום עברית 750 מ""ל",יקבי רמת הגולן קצרין,IL,הר חרמון אדום,מיליליטרים,750.00,"100 מ""ל",false,,29.90,0.0399,false,1,11893
7290005966347,false,יין גמלא סובניון בלנק 750 מל,יקבי רמת הגולן קצרין,IL,גמלא השמורה סוביניון,מיליליטרים,750.00,"100 מ""ל",false,,49.90,0.0665,true,1,11895
7290005966422,false,יין ירדן שרדונה 2020 750 מל,יקבי רמת הגולן,,ירדן שרדונה,מיליליטרים,750.00,"100 מ""ל",false,,65.00,0.0867,true,1,20057
7290005992018,false,יוגורט עיזים 3% שומן 500 ג' גד,"מיוצר ע""\י קוד יצרן MKN",IL,יוגורט עיזים,יחידה,500.00,יחידה,false,,13.90,0.0278,true,1,18327
7290005992575,false,גבינה בולגרית למריחה 5% גד 250 גרם,מחלבות גד בעמ,IL,בולגרית למריחה 5%,גרמים,250.00,100 גרם,false,,17.90,0.0716,true,1,18333
7290005992735,false,לאבנה טבעית 5% 250 גר' - רבנות,הנסיך- מפעל לייצור ט,IL,לבנה 5% גד 250 גרם,גרמים,250.00,100 גרם,false,,12.00,0.0480,true,1,14417
7290005992858,false,גבינת פטה עיזים במשק,יושלם,IL,פטה עיזים גד 5%,קילוגרמים,1.00,"ק""ג",true,,119.90,119.9000,true,1,40445
7290005992964,false,גבינת פטה כבשים במשק,גדישון,IL,גבינת פטה כבשים,קילוגרמים,1.00,"ק""ג",true,,109.90,109.9000,true,1,55965
7290005996009,false,סלמי גלילי מעושן 400 ג' יחיעם,מעדני יחיעםn\,IL,סלמי גליל מעושן 400,גרמים,400.00,100 גרם,false,,21.90,0.0547,true,1,96078
7290005996054,false,סלמי סרוולט הונגרי ב,מעדני יחיעם,IL,סרוולט הונגרי יחיעם,קילוגרמים,1.00,"ק""ג",true,,209.90,209.9000,false,1,100993
7290005996078,false,סרוולט בסגנון הונגרי יחיעם 125 גרם,מעדני יחיעם,IL,סרוולט הולגרי 125 גר,גרמים,125.00,100 גרם,false,,26.90,0.2152,true,1,100994
7290005996153,false,נקניקיות צרפתיות פרימיום 280 גרם,מעדני יחיעם,IL,נקניקיות צרפתיות פרמ,גרמים,280.00,100 גרם,false,,20.90,0.0746,true,1,99692
7290005996160,false,נקניקיות צוריסו פרימיום יחיעם 280 גרם,מעדני יחיעם,IL,נקניקיות צוריסו פרימ,גרמים,280.00,100 גרם,false,,20.90,0.0746,true,1,99693
7290005996740,false,סלמי פפרוני יחיעם 300 ג',מעדני יחיעם 1993,IL,סלמי פפרוני 300 גר',גרמים,300.00,100 גרם,false,,19.90,0.0663,true,1,107124
7290006199218,false,"שמיניית גלידל אייס מוקה ""פלדמן""",הגלידות של פלדמן,IL,מאגדת גלידל דיאט שלג,גרמים,400.00,100 גרם,false,,29.90,0.0747,true,1,38086
7290006210197,false,רוגלך בטעם שוקולד,בונז'ור,IL,רוגלאך,קילוגרמים,1.00,"ק""ג",true,,42.00,42.0000,true,1,14390
7290006210203,false,"בונז'ור בורקס תפו""א שקילה",בונז'ור,IL,"בורקס תפו""א",קילוגרמים,1.00,"ק""ג",true,,42.00,42.0000,true,1,14391
7290006210210,false,בורקיטס גבינה,בונז'ור,IL,בורקיטס,קילוגרמים,1.00,"ק""ג",true,,44.90,44.9000,true,1,14392
7290006210319,false,קרואסון ביס חמאה,בונז'ור,,קרואסון חמאה,קילוגרמים,1.00,"ק""ג",true,,42.00,42.0000,true,1,14396
7290006210340,false,בונז'ור ביס בטעם שוקולד שקילה,בונז'ור,,ביס שוקולד,קילוגרמים,1.00,"ק""ג",true,,42.00,42.0000,true,1,14397
7290006210418,false,בורקס טורקי,בונז'ור,,בורקס טורקי,קילוגרמים,1.00,"ק""ג",true,,44.90,44.9000,true,1,14399
7290006210791,false,בונז'ור לחמנוית המבורגר 100ג',בונז'ור,,לחמניית המבורגר בונז,יחידה,0.00,יחידה,false,,2.50,0.0000,true,1,52941
7290006210876,false,בונז'ור לחמנית אצבע יח',בונז'ור,,לחמניות אצבע בונז'ור,יחידה,0.00,יחידה,false,,1.60,0.0000,false,1,24520
7290006210890,false,חליות בונזור,בונז'ור,,חליות בונזור,גרמים,150.00,100 גרם,false,,3.50,0.0233,true,1,24838
7290006229427,false,סן בנדטו - מים מינרלים - מארז שישיית 500 מל,קריות זול,IT,סאן בנדטו שישייה 0.5,ליטרים,3.00,ליטר,false,,12.90,4.3000,false,1,18566
7290006229588,false,בירה איגל לאגר פרימיום חזקה 6.3% 500 מל,"טמפו משקאות בע""מ",IL,בירה איגל פחית 500 מ,מיליליטרים,500.00,"100 מ""ל",false,,5.50,0.0110,true,1,87908
7290006241153,false,פקאן סיני 150 ג בשקית קליית גת,"ג'י אנד ג'י בע""מ",IL,פקאן סיני 150 גר,גרמים,200.00,100 גרם,false,,19.00,0.0950,true,1,12755
7290006241191,false,אגוזי מלך קליית גת 150 גר,הדקלאים אגודת שיתופי,US,אגוזי מלך 150 גר,גרמים,200.00,100 גרם,false,,16.50,0.0825,false,1,22130
7290006241214,false,שקד טבעי קליית גת 200 גרם,הדקלאים אגודת שיתופי,IL,שקד טבעי 200 גר,גרמים,200.00,100 גרם,false,,16.90,0.0845,true,1,12756
7290006241504,false,"משקה תפוזים קפוא פריגת 340 מ""ל",פריגת מצוננים,IL,תרכיז פריגת תפוזים,מיליליטרים,340.00,"100 מ""ל",false,,12.90,0.0379,true,1,5820
7290006241511,false,"משקה לימונענע מרוכז קפוא פריגת 280 מ""ל",היינץ צפון אמריקה מק,IL,תרכיז פריגת לימונענע,מיליליטרים,340.00,"100 מ""ל",false,,12.90,0.0379,true,1,5821
7290006241535,false,"משקה מנגו קפוא פריגת 340 מ""ל",היינץ צפון אמריקה מק,IL,תרכיז פריגת קפוא מנג,מיליליטרים,340.00,"100 מ""ל",false,,12.90,0.0379,true,1,5823
7290006241689,false,"משקה לימונים מרוכז קפוא פריגת 280 מ""ל",היינץ צפון אמריקה מק,IL,פריגת לימון קפוא,מיליליטרים,340.00,"100 מ""ל",false,,12.90,0.0379,true,1,5829
7290006251107,false,תה צ'אי מסאלה ויסוצקי 25 יחידות,מולינו ניקולי s.p.a,IL,צ'אי מסאלה 25 שקיקים,גרמים,50.00,100 גרם,false,,18.90,0.3780,true,1,8941
7290006251268,false,תה ירוק בטעם תפוח וקינמון ויסוצקי 25 יחידות,תה ויסוצקי,IL,תה ירוק תפוח וקינמון,גרמים,37.50,100 גרם,false,,24.90,0.6640,false,1,8942
7290006251275,false,תה ירוק סיני קלאסי ויסוצקי 25 יחידות,תה ויסוצקי,IL,תה ירוק סיני 25 שקיק,גרמים,37.50,100 גרם,false,,24.90,0.6640,false,1,8943
7290006251282,false,חליטת חמוציות הגן הקסום ויסוצקי 25 יחידות,תה ויסוצקי,IL,תה חליטת קרנברי 25 ש,גרמים,75.00,100 גרם,false,,18.90,0.2520,false,1,8944
7290006251343,false,חליטת פסיפלורה מנגו הגן הקסום ויסוצקי 25 יחידות,תה ויסוצקי,IL,תה חליטת מנגו ופסיפל,גרמים,62.50,100 גרם,false,,18.90,0.3024,false,1,8946
7290006251374,false,תה ירוק לימונית וג'ינג'ר ויסוצקי 25 יחידות,תה ויסוצקי,IL,תה ירוק לימונית 25 ש,גרמים,25.00,100 גרם,false,,24.90,0.9960,false,1,8948
7290006256577,false,יין וודברידג קברנה ס,,,וודברידג' מונדאבי קב,מיליליטרים,750.00,"100 מ""ל",false,,39.90,0.0532,true,1,57165
7290006256584,false,יין וודברידג מרלו 75,,,וודבריג' מרלו,מיליליטרים,750.00,"100 מ""ל",false,,39.90,0.0532,true,1,51105
7290006256607,false,וודברידג' מונדאבי שר,,,וודברידג' מונדאבי שר,מיליליטרים,750.00,"100 מ""ל",false,,39.90,0.0532,true,1,50524
7290006256621,false,וודבריג'- רוברט מונד,,,וודבריג'- רוברט מונד,מיליליטרים,750.00,"100 מ""ל",false,,39.90,0.0532,true,1,49776
7290006265500,false,פטריות שמפיניון ארוז מרינה,"מרינה פטריות הגליל בע""מ",IL,פטריות שמפניון בסלסל,גרמים,250.00,100 גרם,false,,8.90,0.0356,true,1,18443
7290006265548,false,נבטים סינים מרינה ארוז 360ג',"מרינה פטריות הגליל בע""מ",IL,נבטים סינים,גרמים,360.00,100 גרם,false,,5.90,0.0164,true,1,38661
7290006265890,false,נבטי גרעיני חמניה יח,"מרינה פטריות הגליל בע""מ",IL,נבטי חמניה מרינה,יחידה,0.00,יחידה,false,,8.90,0.0000,true,1,52620
7290006271174,false,ג'חנון לאפיה בתנור מעדנות 700 גרם,מיוצר עי קונדיטוריית,IL,ג'חנון מעדנות 700 גר,גרמים,700.00,100 גרם,false,,15.90,0.0227,false,1,9252
7290006271181,false,ג'חנון אפוי למיקרוגל מעדנות 750 גרם,מיוצר עי קונדיטוריית,IL,ג'חנון אפוי 750 גר',גרמים,750.00,100 גרם,false,,22.90,0.0305,false,1,9253
7290006271648,false,מיני בורקס תפוחי אדמה מעדנות 800 גרם,"מעדנות בע""\מ",IL,"מיני בורקס תפו""א",גרמים,800.00,100 גרם,false,,23.90,0.0299,false,1,9269
7290006271655,false,מיני בורקס גבינה מעדנות 800 גרם,מיוצר עי קונדיטוריית,IL,מיני בורקס גבינה,גרמים,800.00,100 גרם,false,,26.50,0.0331,false,1,9270
7290006272072,false,חטיפי פיצה גבינה מעדנות 650 גרם,"מעדנות בע""\מ",IL,חטיפי פיצה,גרמים,650.00,100 גרם,false,,25.90,0.0398,false,1,22550
7290006272430,false,בצק עלים חמאה מעדנות 600 גרם,מיוצר עי קונדיטוריית,IL,בצק עלים חמאה,גרמים,600.00,100 גרם,false,,25.90,0.0432,false,1,28274
7290006306159,false,פסטנונה-לזניה 4 גבינות 500גר,דורום תעשיות מזון ופסטה,IL,לזניה 4 גבינות,גרמים,500.00,100 גרם,false,,37.50,0.0750,true,1,30818
7290006306296,false,רביולי במילוי גבינה לילדים פסטה נונה גד 400 גרם,דורום תעשיות מזון ופסטה,IL,רביולי גבינה לילדים,יחידה,400.00,יחידה,false,,25.90,0.0647,true,1,40199
7290006306302,false,רביולי במילוי גבינות פרמזן ריקוטה 400 ג' פסטה נונה,דורום תעשיות מזון ופסטה,IL,רביולי גבינה פרמזן,גרמים,400.00,100 גרם,false,,25.90,0.0647,true,1,18343
7290006306319,false,רביולי במילוי בטטה 400 ג' פסטה נונה,דורום תעשיות מזון ופסטה,IL,רביולי בטטה,גרמים,400.00,100 גרם,false,,25.90,0.0647,true,1,18344
7290006306333,false,רביולי במילוי תרד וגבינת ריקוטה פסטה נונה 400 ג',דורום תעשיות מזון ופסטה,IL,רביולי תרד 400,גרמים,400.00,100 גרם,false,,25.90,0.0647,true,1,18346
7290006306357,false,רביולי במילוי גבינת עיזים 400 ג' פסטה נונה,דורום תעשיות מזון ופסטה,IL,רביולי גבינת עיזים,גרמים,400.00,100 גרם,false,,27.90,0.0697,false,1,18348
7290006374738,false,קונפיטורית תות 340 גר' יד מרדכי,אף.סי תבליני בגליל ב,IL,קונפיטורה תות יד מרד,גרמים,340.00,100 גרם,false,,13.50,0.0397,true,1,9824
7290006376053,false,סוכר חום רטוב פרימיום 1,ר.ס-.חברה ליבוא וייצור מ,IL,סוכר חום כהה בשקית 1,קילוגרמים,1.00,"ק""ג",false,,12.50,12.5000,true,1,99864
7290006449955,false,מלפפון בייבי מארז,"מרינה פטריות הגליל בע""מ",IL,מלפפון בייבי,גרמים,500.00,100 גרם,false,,8.90,0.0178,true,1,44527
7290006461087,false,אנטריקוט אנגוס פיטום,קצביית פרימיום,IL,אנטריקוט אנגוס פיטום,קילוגרמים,1.00,"ק""ג",true,,189.90,189.9000,false,1,102780
7290006461100,false,אנטריקוט פרימיום מוכ,,,אנטריקוט פרימיום מוכ,קילוגרמים,1.00,"ק""ג",true,,199.90,199.9000,false,1,102781
7290006461605,false,אסאדו אנגוס מצונן מפ,קצביית פרימיום,IL,אסאדו אנגוס מצונן מפ,קילוגרמים,1.00,"ק""ג",true,,79.90,79.9000,false,1,104147
7290006461698,false,צלי כתף ארגנטינה אית,קצביית פרימיום,IL,צלי כתף לויתן,קילוגרמים,1.00,"ק""ג",true,,99.90,99.9000,false,1,102892
7290006461735,false,בריסקט אנגוס מצונן,,,בריסקט אנגוס מצונן,קילוגרמים,1.00,"ק""ג",true,,59.90,59.9000,false,1,104144
7290006461773,false,שריר מוזות מצונן בוו,,,שריר מוזות מצונן בוו,קילוגרמים,1.00,"ק""ג",true,,69.90,69.9000,false,1,104148
7290006461834,false,קרפציו אנגוס פידלוט,קצביית פרימיום,IL,קרפציו אנגוס,גרמים,100.00,100 גרם,false,,26.90,0.2690,false,1,102789
7290006492432,false,גבינת מוצרלה בייבי 18% גד 150 גרם,מחלבות גד בעמ,IL,מוצרלה בייבי 18%,גרמים,170.00,100 גרם,false,,15.50,0.0912,true,1,18353
7290006492616,false,גבינה בולגרית מעודנת פרוסות 5% גד 250 גרם,DSH עבור מחלבות גד ב,IL,פרוסות בולגרית מעודנ,גרמים,250.00,100 גרם,false,,27.90,0.1116,true,1,18355
7290006492630,false,גבינת פרומעז עיזים 22% גד 180 גרם,מחלבות גד בעמ,IL,גבינת גליל גד עזים 2,גרמים,180.00,100 גרם,false,,24.50,0.1361,true,1,18357
7290006492685,false,גבינת לאבנה 5% מחלב עזים גד 250 גרם,מחלבות גד בעמ,IL,לבנה עיזים 3%,גרמים,250.00,100 גרם,false,,18.40,0.0736,true,1,18359
7290006492852,false,גבינת עיזים למריחה 5% שומן 250 ג' גד,גבינות מדף,IL,גבינת עיזים 5%,גרמים,250.00,100 גרם,false,,18.00,0.0720,true,1,19660
7290006492913,false,גבינת לאבנה ציזיקי 5% מחלבות גד 250 גרם,מחלבות גד בעמ,IL,לבנה צזיקי 250,גרמים,250.00,100 גרם,false,,13.90,0.0556,true,1,19657
7290006511157,false,"פטריות שלמות ויליפוד 400 גרם בד""ץ",אוקצ'מפס אס.איי אויי,PL,פטריות שמפניון שלמות,גרמים,400.00,100 גרם,false,,7.50,0.0188,false,1,14919
7290006546012,false,שעועית בנוסח מקסיקני בטעם חריף 580 ג' פרי הגליל,"פרי הגליל בע""""מ",IL,צ'ילי חריף בנוסח מקס,גרמים,580.00,100 גרם,false,,6.50,0.0112,false,1,71570
7290006546517,false,צי'פס סטייק קפוא פרי הגליל 800 ג',"פרי הגליל בע""""מ",IL,סטייק ציפס 800 גרם,גרמים,800.00,100 גרם,false,,11.90,0.0149,true,1,35673
7290006546524,false,צי'פס מובחר קפוא פרי גליל 800 ג',"פרי הגליל בע""""מ",IL,ציפס מובחר 800 גר,גרמים,800.00,100 גרם,false,,11.90,0.0149,true,1,32538
7290006554017,false,עוגיות מרוקאיות 500 גרם ארקד,"ארקד מוצרי אפיה בע""מ",IL,עוגיות ארקד,גרמים,500.00,100 גרם,false,,18.90,0.0378,false,1,30846
7290006554024,false,עוגיות ביתיות תמרים,"ארקד מוצרי אפיה בע""מ",IL,עוגיות ביתיות תמ,גרמים,500.00,100 גרם,false,,18.90,0.0378,true,1,18384
7290006554031,false,עוגיות ביתיות אגוזים,"ארקד מוצרי אפיה בע""מ",IL,עוגיות ביתיות אג,גרמים,500.00,100 גרם,false,,18.90,0.0378,false,1,18385
7290006554055,false,עוגיות חלבה ביתיות 3,"ארקד מוצרי אפיה בע""מ",IL,עוגיות חלבה ארקד 300,יחידה,0.00,יחידה,false,,18.90,0.0000,true,1,23725
7290006554062,false,עוגיות גרנולה ארקד 2,"ארקד מוצרי אפיה בע""מ",IL,עוגיות גרנולה ארקד 2,גרמים,250.00,100 גרם,false,,18.90,0.0756,true,1,42646
7290006554079,false,עוגיות גרנולה ללא תו,"ארקד מוצרי אפיה בע""מ",IL,עוגיות ארקד גרנולה ל,גרמים,250.00,100 גרם,false,,18.90,0.0756,true,1,46178
7290006554093,false,עוגיות סהרונים ביתיו,"ארקד מוצרי אפיה בע""מ",IL,עוגיות סהרונים ארקד,גרמים,300.00,100 גרם,false,,18.90,0.0630,false,1,23726
7290006554123,false,עוגיות פריכות עם שקד,"ארקד מוצרי אפיה בע""מ",IL,עוגיות שקדים ארקד,גרמים,250.00,100 גרם,false,,18.90,0.0756,true,1,41198
7290006554161,false,עוגיות משקפיים קינמו,"ארקד מוצרי אפיה בע""מ",IL,עוגיות משקפיים 250 ג,גרמים,250.00,100 גרם,false,,18.90,0.0756,false,1,54528
7290006554246,false,"עוגיות משפיים חום ""ארקד""","ארקד מוצרי אפיה בע""מ",IL,עוגיות משקפיים 250 ג,גרמים,250.00,100 גרם,false,,18.90,0.0756,true,1,58467
7290006554260,false,עוגיות שושנים 250 גר,"ארקד מוצרי אפיה בע""מ",IL,עוגיות שושנים 250 גר,גרמים,250.00,100 גרם,false,,18.90,0.0756,true,1,58468
7290006554307,false,עוגיות מרוקאית ללא ס,"ארקד מוצרי אפיה בע""מ",IL,עוגיות מרוקאיות ללא,גרמים,300.00,100 גרם,false,,18.90,0.0630,true,1,23727
7290006554345,false,עוגיות תמרים ללא סוכ,"ארקד מוצרי אפיה בע""מ",IL,עוגיות במילוי ממרח ת,גרמים,250.00,100 גרם,false,,18.90,0.0756,false,1,87463
7290006554413,false,עוגיות מרוקאיות ארקד,"ארקד מוצרי אפיה בע""מ",IL,עוגיות מרוקאיות ארקד,יחידה,300.00,יחידה,false,,18.90,0.0630,false,1,33072
7290006567048,false,פתיתי קוסקוס ישראלי אסם 350 גרם,"מיוצר ע""י קוד יצרן K",IL,פתיתי קוסקוס ישראלי,גרמים,350.00,100 גרם,false,,8.00,0.0229,false,1,6483
7290006618078,false,"מרסס לניקוי יסודי מטבח אסטוניש 750 מ""ל",יעקובי אסטוניש,GB,אסטוניש מרסס למטבח,מיליליטרים,750.00,"100 מ""ל",false,,11.90,0.0159,true,1,13783
7290006618085,false,"אסטוניש תרסיס ניקוי אמבטיה וכיורים יעקבי 750 מ""ל",יעקובי אסטוניש,GB,אסטוניש מרסס לאמבט,מיליליטרים,750.00,"100 מ""ל",false,,11.90,0.0159,true,1,13784
7290006618146,false,"הפי מדליק פחמים נוזלי יעקבי 500 מ""ל",תות תעשיות מזון (201,NL,הפי בקבוק מדליק פחמי,מיליליטרים,500.00,"100 מ""ל",false,,16.90,0.0338,true,1,13790
7290006625007,false,גאודה הולנדית,,,גאודה הולנדית,קילוגרמים,1.00,"ק""ג",true,,90.00,90.0000,true,1,76945
7290006625021,false,גאודה עיזים הולנדית,,,גאודה עיזים הולנדית,קילוגרמים,1.00,"ק""ג",true,,127.00,127.0000,true,1,44004
7290006625038,false,גבינת ברי צרפת במשקל,,,ברי צרפת,קילוגרמים,1.00,"ק""ג",true,,130.00,130.0000,true,1,76946
7290006625113,false,צ'דר אדום,,,צ'דר אדום,קילוגרמים,1.00,"ק""ג",true,,120.00,120.0000,true,1,78684
7290006625236,false,גבינת בושה במשקל,,,גבינת בושה צרפת,קילוגרמים,1.00,"ק""ג",true,,139.90,139.9000,true,1,98562
7290006625274,false,גבינת גרוייר במשקל,,CH,גרוייר -שוויץ,קילוגרמים,1.00,"ק""ג",true,,190.00,190.0000,true,1,76948
7290006625403,false,גאודה פסטו,,,גאודה פסטו,קילוגרמים,1.00,"ק""ג",true,,155.00,155.0000,true,1,76949
7290006625519,false,גבינת צ'דר אנגלי,,,גבינת צ'דר אנגלי,קילוגרמים,1.00,"ק""ג",true,,130.00,130.0000,true,1,50823
7290006625908,false,גרגנזולה פיקנטה,,,גרגנזולה פיקנטה,קילוגרמים,1.00,"ק""ג",true,,145.00,145.0000,true,1,76950
7290006625960,false,גבינת עיזים ביין ספר,,,גבינת עיזים ביין ספר,קילוגרמים,1.00,"ק""ג",true,,150.00,150.0000,true,1,84558
7290006651570,false,"קמיל בלו צמחי מרפא שמפו ואל סבון ד""ר פישר 750 מ""ל",פישר מעבדות פרמצבטיות בע,IL,קמיל בלו צמחי מרפא א,מיליליטרים,750.00,"100 מ""ל",false,,17.90,0.0239,true,1,10778
7290006653765,false,פרפקטו פסטה פטוצ'יני אסם 500 גרם,אסם פרפקטו,IT,פסטה פרפקטו פטוצ'יני,גרמים,500.00,100 גרם,false,,7.70,0.0154,false,1,6510
7290006653819,false,פתיתי קוסקוס דק 350 גרם,"מיוצר ע""י קוד יצרן K",IL,קוסקוס דק אסם,גרמים,350.00,100 גרם,false,,8.00,0.0229,false,1,6515
7290006660596,false,קמח עדשים אדומות ללא גלוטן 500 גרם,אף.סי תבליני בגליל ב,IL,דגש קמח עדשים אדומות,גרמים,500.00,100 גרם,false,,16.90,0.0338,true,1,95491
7290006660602,false,מי קוקוס אורגני גרין קוקו קרטונית 1 ליטר,בן טרה ג'וינט סטוק,VN,משקה מי קוקוס אורגני,ליטרים,1.00,ליטר,false,,18.90,18.9000,true,1,94583
7290006660640,false,קמח טף דגש 500 גרם,נטורפוד,IL,דגש קמח טף 500 גר',גרמים,500.00,100 גרם,false,,22.90,0.0458,true,1,96351
7290006664037,false,גמדים דגנים ארוחת בוקר מארז 100X4ג',"שטראוס בריאות בע""\מ",IL,גמדים ארוחת בוקר 5%,מיליליטרים,400.00,"100 מ""ל",false,,11.60,0.0290,true,1,7602
7290006664051,false,"אקטימל לבן 1.51 ק""ג מארז 14 יחידות",מיוצר עי קונדיטוריית,IL,מארז אקטימל טבעי 1.6,ליטרים,1.40,ליטר,false,,32.00,22.8571,false,1,7603
7290006664310,false,גבינה לבנה 3% שומן 250 ג' שטראוס,מיוצר עי קונדיטוריית,IL,סקי 3% 250 גר,גרמים,250.00,100 גרם,false,,5.00,0.0200,false,1,7609
7290006664402,false,גבינה לבנה סקי 5% שומן 750 גרם,מיוצר עי קונדיטוריית,IL,גבינת סקי 5% 750 גר',גרמים,750.00,100 גרם,false,,14.94,0.0199,false,1,7612
7290006664532,false,יוגורט עם תות 3% שומן 150 ג' דנונה,מיוצר עי קונדיטוריית,IL,דנונה תות 3%,מיליליטרים,150.00,"100 מ""ל",false,,3.70,0.0247,false,1,7615
7290006664655,false,"אקטימל לבן טבעי מארז 100X8 מ""ל",מיוצר עי קונדיטוריית,IL,שמיניה אקטימל טבעי 1,מיליליטרים,800.00,"100 מ""ל",false,,21.10,0.0264,false,1,7619
7290006664693,false,יוגורט עם אפרסק 3% שומן 150 ג' דנונה,מיוצר עי קונדיטוריית,IL,דנונה אפרסק 3%,מיליליטרים,150.00,"100 מ""ל",false,,3.70,0.0247,false,1,7622
7290006664990,false,"יוגורט דנונה ביו לבן 1.7% שומן 8*150 מ""ל",מיוצר עי קונדיטוריית,IL,מארז יוגורט ביו 1.5%,ליטרים,1.20,ליטר,false,,17.80,14.8333,true,1,7628
7290006666307,false,חומוס אורגינל סלטי מ,סלטי משני,IL,חומוס אורגינל סלטי מ,גרמים,300.00,100 גרם,false,,12.90,0.0430,true,1,19098
7290006666314,false,סלט טחינה משומשום טהור,סלטי משני,IL,טחינה 300 גרם,גרמים,300.00,100 גרם,false,,12.90,0.0430,true,1,35521
7290006666338,false,סלט טחינה ירוקה עם פטרוזיליה,סלטי משני,IL,טחינה ירוקה 300 גרם,גרמים,300.00,100 גרם,false,,14.50,0.0483,true,1,19099
7290006666345,false,סלט חצילים במיונז על האש,סלטי משני,IL,חציל במיונז 300 גרם,גרמים,300.00,100 גרם,false,,19.90,0.0663,true,1,35522
7290006666437,false,סלט טורקי סלטי משני,סלטי משני,IL,טורקי 300 גרם,גרמים,300.00,100 גרם,false,,16.90,0.0563,true,1,35523
7290006666444,false,סלט עגבניות מטבוחה חריף,סלטי משני,IL,מטבוחה 300 גרם,גרמים,300.00,100 גרם,false,,19.90,0.0663,true,1,35524
7290006666468,false,סלט גזר חריף במיץ לימון,סלטי משני,IL,גזר חריף בלימון 300,גרמים,300.00,100 גרם,false,,19.90,0.0663,true,1,35796
7290006666529,false,סלט פלפלים מרוקאי חריף,סלטי משני,IL,פלפלים מרוקאי חריף מ,גרמים,300.00,100 גרם,false,,21.90,0.0730,true,1,35525
7290006666574,false,חומוס מסעדות בתוספת לימון,משני,,סלט חומוס אבו זוהר מ,יחידה,0.00,יחידה,false,,12.90,0.0000,true,1,103656
7290006681003,false,גלידה תות לימון סורבה 1.33 ל' קרמיסימו,"גלידת שטראוס בע""\מ, רחוב",IL,קרמיסימו סורבה תות ל,ליטרים,1.33,ליטר,false,,24.90,18.7218,false,1,7838
7290006681065,false,"קסטה שוקו וניל ""שטראוס""","מיוצר ע""\י גלידת שטראוס",IL,טעמקור ענק,גרמים,100.00,100 גרם,false,,7.50,0.0750,true,1,7840
7290006681553,false,קרמבו בטעם וניל שטראוס 8 יחידות,"גלידת שטראוס בע""\מ",IL,קרמבו וניל שמיניה,יחידה,0.00,יחידה,false,,15.90,0.0000,true,1,7852
7290006681560,false,קרמבו בטעם מוקה שטראוס 8 יחידות,"גלידת שטראוס בע""מ",IL,קרמבו שמיניה,גרמים,200.00,100 גרם,false,,15.90,0.0795,true,1,7853
7290006681577,false,מאגדת קרחון אסקימו לימון דובדובן 10 יח' שטראוס,"מיוצר ע""\י גלידת שטראוס",IL,מאגדת קרחונים אסקימו,יח',10.00,יח',false,,17.90,1.7900,false,1,7854
7290006704269,false,חסה עגולה יח',"מרינה פטריות הגליל בע""מ",IL,חסה עגולה,יחידה,0.00,יחידה,false,,6.90,0.0000,true,1,84041
7290006704511,false,"תפו""א גמדי אדום למיקרו מרינה 750ג'","מרינה פטריות הגליל בע""מ",IL,"תפ""א למיקרוגל לבן גמ",יחידה,0.00,יחידה,false,,6.90,0.0000,true,1,29179
7290006707369,false,כרעיים עוף ללא אנטיביוטיקה במגש ע.טוב,עוף טוב,IL,כרעיים פטם במגש טרי,קילוגרמים,1.00,"ק""ג",true,,27.90,27.9000,true,1,58590
7290006707383,false,פטם שוקיים מצונן מגש טרי,עוף טוב,IL,שוקיים ארוז טרי,קילוגרמים,1.00,"ק""ג",true,,28.90,28.9000,true,1,55645
7290006707390,false,פרגיות עוף טרי ארוז,עוף טוב,IL,פרגיות טרי במגש,קילוגרמים,1.00,"ק""ג",true,,66.90,66.9000,true,1,58592
7290006707420,false,עוף טרי במגש מחיר לפי מש,עוף טוב,IL,עוף מצונן ארוז במגש,קילוגרמים,1.00,"ק""ג",true,,21.90,21.9000,true,1,47616
7290006707437,false,כנפיים עוף טרי במגש,עוף טוב,IL,כנפיים עוף טרי במגש,קילוגרמים,1.00,"ק""ג",true,,9.90,9.9000,true,1,55069
7290006707451,false,לב עוף טרי במגש,עוף טוב,IL,לב עוף טרי במגש,קילוגרמים,1.00,"ק""ג",true,,24.90,24.9000,true,1,57690
7290006707468,false,כבד עוף טרי ארוז לצל,עוף טוב,IL,כבד עוף טרי ארוז,קילוגרמים,1.00,"ק""ג",true,,16.90,16.9000,true,1,56796
7290006707543,false,פילה פטם טרי במגש,עוף טוב,IL,פילה פטם טרי במגש,קילוגרמים,1.00,"ק""ג",true,,34.90,34.9000,true,1,58589
7290006708069,false,גרון הודו טרי ארוז עוף טוב,עוף טוב,IL,גרון הודו טרי-עוף טו,קילוגרמים,1.00,"ק""ג",true,,31.90,31.9000,false,1,78057
7290006708151,false,חזה פרוס דק טרי מצונ,עוף טוב,IL,חזה פרוס דק טרי מצונ,קילוגרמים,1.00,"ק""ג",true,,39.90,39.9000,true,1,77075
7290006712684,false,ספיד סטיק 24/7 סטיק כחול,קולגייט פלמוליב,US,ספיד סטיק כחול,גרמים,51.00,100 גרם,false,,19.90,0.3902,true,1,8005
7290006712981,false,"משחת שיניים קולגייט ספיידרמן מגיל שש 50 מ""ל",הנסיך- מפעל לייצור ט,PL,משחת שינים קולגייט ס,מיליליטרים,50.00,"100 מ""ל",false,,10.90,0.2180,true,1,8008
7290006714428,false,רגל עגל פרוס קפוא קג,לאטי עזרא גלם ודגים,IL,רגל עגל פרוס,קילוגרמים,1.00,"ק""ג",true,,39.90,39.9000,true,1,37918
7290006724472,false,טחינה אורגנית 500 גרם ליב,אחדות,IL,ליב-טחינה גולמית אור,גרמים,500.00,100 גרם,false,,17.90,0.0358,true,1,48467
7290006730077,false,ליקוקים קרחונים להקפ,קלית סיטבון בעמ,IL,ליקוקים קרחונים להקפ,יחידה,0.00,יחידה,false,,12.90,0.0000,true,1,45318
7290006730084,false,פופסים פופלי אייס להקפאה 8יח',קלית סיטבון בעמ,IL,שלוק אייס פופ שמיניי,גרמים,800.00,100 גרם,false,,5.90,0.0074,true,1,100821
7290006738615,false,קבב פרימיום זהב 100% בשר זוגלובק 400 ג',נקניק נהריה כשר זוגל,IL,קבב זהב 400 גר'- 8 י,גרמים,400.00,100 גרם,false,,19.90,0.0497,true,1,27026
7290006739131,false,בצק גולמי פילו זוגלובק 500ג',מאפיית אריאל,IL,בצק פילו 500 גר',גרמים,500.00,100 גרם,false,,14.90,0.0298,true,1,55446
7290006739292,false,נקניק פסטרמה פרגיות ציפוי תירס,נקניק נהריה כשר זוגל,IL,פסטרמה תבור חזה הודו,גרמים,330.00,100 גרם,false,,25.90,0.0785,true,1,40210
7290006739346,false,נקניקיות פרגיות טרי 400 גרם זוגלובק,נקניק נהריה כשר זוגל,IL,נקנקיות פרגיות,גרמים,400.00,100 גרם,false,,16.90,0.0422,true,1,21045
7290006739407,false,שניצל תירס לייט זוגלובק 600 גרם,נקניק נהריה כשר זוגל,IL,שניצל תירס לייט,גרמים,630.00,100 גרם,false,,22.90,0.0363,true,1,38235
7290006739414,false,נקניק סלמי קוניאק זוגלובק 300 גרם,נקניק נהריה כשר זוגל,IL,סלמי קוניאק 300 גר',גרמים,300.00,100 גרם,false,,25.90,0.0863,false,1,31561
7290006739421,false,נקניק סלמי מעושן איטלקי זוגלובק 300 גרם,נקניק נהריה כשר זוגל,IL,סלמי מעושן איטלקי 30,גרמים,300.00,100 גרם,false,,25.90,0.0863,true,1,36177
7290006739445,false,שניצל תירס קלאסי 750 ג' זוגלובק,נקניק נהריה כשר זוגל,IL,שניצל תירס זוגלובק,גרמים,750.00,100 גרם,false,,22.90,0.0305,false,1,32743
7290006739544,false,נקניק כתף בקר 3% 300 גרם,זוגלובק,IL,כתף בקר זוגלובק 300,גרמים,300.00,100 גרם,false,,28.90,0.0963,true,1,36598
7290006742292,false,פסטרמה הודו בדבש 330 ג' זוגלובק,נקניק נהריה כשר זוגל,IL,פסטרממיה בדבש 330 גר,גרמים,330.00,100 גרם,false,,25.90,0.0785,true,1,34204
7290006742315,false,פסטרמה חזה הודו ברביקיו 2% זוגלובק 330 גרם,נקניק נהריה כשר זוגל,IL,חזה הודו ברביקיו 330,גרמים,330.00,100 גרם,false,,25.90,0.0785,true,1,34205
7290006764065,false,בירה נשר מאלט ללא אלכוהול 500 מל,"טמפו משקאות בע""\ם.",IL,בקבוק נשר מאלט חוזר,מיליליטרים,500.00,"100 מ""ל",false,,4.60,0.0092,false,1,18571
7290006764072,false,"בירה גולדסטאר בקבוק 500 מ""ל חוזר","טמפו משקאות בע""\מ",IL,גולדסטאר בירה בקבוק,מיליליטרים,500.00,"100 מ""ל",false,,6.70,0.0134,false,1,18572
7290006764096,false,"בירה איגל 500 מ""ל 3.8% בקבוק חוזר","טמפו משקאות בע""\מ",IL,בירה איגל 3.8% חוזר,מיליליטרים,500.00,"100 מ""ל",false,,4.90,0.0098,false,1,83831
7290006764157,false,"בירה גולדסטאר Unfiltered, בירה לא מסוננת, בקבוק חוזר 500 מ""ל",טמפו משקאות בע''מ,IL,גולדסטאר לא מסונן חו,מיליליטרים,500.00,"100 מ""ל",false,,7.50,0.0150,true,1,93045
7290006764485,false,"בירה שחורה נשר מאלט שישייה ח""פ 330*6 מ''ל","טמפו משקאות בע""\ם.",IL,נשר מאלט שישייה בקבו,ליטרים,1.98,ליטר,false,,28.90,14.5960,false,1,18575
7290006764737,false,בירה נשר מאלט דלת קלוריות ללא אלכוהול 500 מל,"טמפו משקאות בע""\ם.",IL,בקבוק דיאט נשר מאלט,מיליליטרים,500.00,"100 מ""ל",false,,4.60,0.0092,false,1,18579
7290006775764,false,"עוגת שוקוצ'יפס לל""ס אחדות 400 גר'",אחדות ביחר לטחינה חל,IL,עוגת שוקולד צ'יפס לל,גרמים,400.00,100 גרם,false,,11.50,0.0288,true,1,46943
7290006775894,false,אחדות עוגת שיש ללא תוספת סוכר 400 גרם,"אחדות ביח""ר לטחינה ח",IL,עוגת שיש ללא סוכר אח,יחידה,400.00,יחידה,false,,11.50,0.0288,true,1,39560
7290006785633,false,חבילת בלונים נקניק (10 יח'),Unknown,,בלונים,יחידה,0.00,יחידה,false,,6.40,0.0000,true,1,58794
7290006785657,false,חבילת בלונים - (20 יח'),שמחה זה אנחנו,IL,שקית 20 פסטל,יחידה,0.00,יחידה,false,,6.40,0.0000,true,1,75579
7290006788085,false,קרליין מרכך-לשיער צבוע,מיוצר עי : אמיליה קו,IL,מייצב 10 צבוע,מיליליטרים,700.00,"100 מ""ל",false,,12.90,0.0184,false,1,16847
7290006788092,false,"מרכך לתלתלים מלאי חיים 700 מ""ל קרליין",מיוצר עי : אמיליה קוסמטי,IL,מייצב 10 מתולתל,מיליליטרים,700.00,"100 מ""ל",false,,12.90,0.0184,false,1,16848
7290006788290,false,"קרליין - חלב פנים לעור רגיל / מעורב 260 מ""ל",קרליין,IL,קרליין חלב פנים לעור,מיליליטרים,200.00,"100 מ""ל",false,,29.90,0.1495,true,1,83677
7290006788351,false,קרליין דאודורנט סטיק נושם כחול,אמיליה קוסמטיקס,IL,דאוד' סטיק קרליי,גרמים,50.00,100 גרם,false,,15.90,0.3180,true,1,16858
7290006788412,false,"קרליין - נושם אקווה דאודורנט רול און לאישה כחול 75 מ""ל",אמיליה קוסמטיקס בעמ,IL,רול און קרליין,גרמים,50.00,100 גרם,false,,12.90,0.2580,true,1,16864
7290006788429,false,"קרליין - נושם סאן רייס דאודורנט רול און לאישה כתום 75 מ""ל","אמיליה קוסמטיקס בע""מ",IL,רול און קרליין,גרמים,75.00,100 גרם,false,,12.90,0.1720,true,1,16865
7290006788436,false,"קרליין - נושם פיור דאודורנט רול און לאישה ורוד 75 מ""ל",משווק: קוסמופארם בעמ,IL,רול און קרליין,גרמים,75.00,100 גרם,false,,12.90,0.1720,true,1,16866
7290006788443,false,"קרליין - נושם אוקסיג'ן דאודורנט רול און לאישה סגול 75 מ""ל","אמיליה קוסמטיקס בע""מ",IL,רול און קרליין,גרמים,75.00,100 גרם,false,,12.90,0.1720,true,1,16867
7290006789655,false,"קרם לחות לסירוק קל לשיער מתולתל ומקורזל 10 קרליין 400 מ""ל",מיוצר עי : אמיליה קוסמטי,IL,קרם לחות 10,מיליליטרים,400.00,"100 מ""ל",false,,18.90,0.0472,true,1,28154
7290006805850,false,פילסברי פנקייק תערובת להכנת חביתיות,הדקלאים אגודת שיתופי,IL,תערובת להכנת פנקייקס,גרמים,500.00,100 גרם,false,,17.90,0.0358,true,1,12764
7290006809018,false,בקבוק שמן זית אורגני,עץ השדה,IL,שמן זית כתית מעולה א,מיליליטרים,750.00,"100 מ""ל",false,,44.90,0.0599,true,1,103088
7290006809025,false,שמן זית עץ השדה פיקו,,,שמן זית עץ השדה פיקו,מיליליטרים,750.00,"100 מ""ל",false,,43.90,0.0585,true,1,44154
7290006809032,false,עץ השדה- שמן זית פיק,,,עץ השדה- שמן זית פיק,מיליליטרים,750.00,"100 מ""ל",false,,43.90,0.0585,true,1,56363
7290006809049,false,שמן השדה-שמן ארבקינה,,,שמן השדה-שמן ארבקינה,מיליליטרים,750.00,"100 מ""ל",false,,43.90,0.0585,true,1,56424
7290006809063,false,עץ השדה- שמן זית קור,,,עץ השדה- שמן זית קור,מיליליטרים,750.00,"100 מ""ל",false,,43.90,0.0585,true,1,56364
7290006809087,false,עץ השדה-שמן זית סורי,,,עץ השדה-שמן זית סורי,מיליליטרים,750.00,"100 מ""ל",false,,43.90,0.0585,true,1,58279
7290006809094,false,שמן זית קורטינה,,,שמן זית קורטינה,מיליליטרים,750.00,"100 מ""ל",false,,43.90,0.0585,true,1,91471
7290006809186,false,שמן זית 2ליטר פח עץ,,,שמן זית 2ליטר פח עץ,ליטרים,2.00,ליטר,false,,92.90,46.4500,true,1,44155
7290006809209,false,שמן זית קורטינה 2 לי,,,שמן זית קורטינה 2 לי,ליטרים,2.00,ליטר,false,,92.90,46.4500,true,1,93794
7290006809223,false,שמן זית סורי 2 ליטר,,,שמן זית סורי 2 ליטר,ליטרים,2.00,ליטר,false,,92.90,46.4500,true,1,91028
7290006809612,false,עץ השדה-ממרח ארטישוק,,,עץ השדה-ממרח ארטישוק,גרמים,230.00,100 גרם,false,,18.90,0.0822,true,1,49246
7290006809629,false,עץ השדה-ממרח אריסה,,,עץ השדה-ממרח אריסה,גרמים,230.00,100 גרם,false,,18.90,0.0822,true,1,49247
7290006809636,false,עץ השדה-ממרח זיתים ט,,,עץ השדה-ממרח זיתים ט,גרמים,230.00,100 גרם,false,,18.90,0.0822,true,1,44689
7290006809643,false,עץ השדה ממרח זית ירו,,,עץ השדה ממרח זית ירו,גרמים,230.00,100 גרם,false,,18.90,0.0822,true,1,46986
7290006809650,false,עץ השדה-ממרח עגבניות,,,עץ השדה-ממרח עגבניות,גרמים,230.00,100 גרם,false,,18.90,0.0822,true,1,52721
7290006809667,false,עץ השדה -ממרח פלפלים,,,עץ השדה -ממרח פלפלים,גרמים,230.00,100 גרם,false,,18.90,0.0822,true,1,44683
7290006809674,false,עץ השדה-פסטו בזיליקו,,,עץ השדה-פסטו בזיליקו,גרמים,230.00,100 גרם,false,,18.90,0.0822,true,1,52722
7290006809681,false,עץ השדה-צ'ימיצ'ורי,,,עץ השדה-צ'ימיצ'ורי,גרמים,230.00,100 גרם,false,,18.90,0.0822,true,1,52723
7290006809698,false,עץ השדה-ממרח לימון כ,,,עץ השדה-ממרח לימון כ,גרמים,230.00,100 גרם,false,,18.90,0.0822,true,1,52724
7290006809711,false,עץ השדה ממרח שום,,,עץ השדה ממרח שום,גרמים,230.00,100 גרם,false,,18.90,0.0822,true,1,91701
7290006809728,false,עץ השדה ממרח סחוג מס,,,עץ השדה ממרח סחוג מס,גרמים,230.00,100 גרם,false,,18.90,0.0822,true,1,92927
7290006809735,false,ממרח חציל קלוי,,,ממרח חציל קלוי,יחידה,0.00,יחידה,false,,18.90,0.0000,true,1,93479
7290006822192,false,נקטר דיאט חמוציות אושן ספריי פריגת 1 ליטר,מבשלות בירה בינלאומיות ב,IL,מיץ חמוציות דיאט אוש,ליטרים,1.00,ליטר,false,,12.90,12.9000,false,1,5855
7290006855244,false,ברבריא חטיף שקדים צימוקים ודבש 120 גרם,טבעית מוצרים מן הטבע בעמ,IL,חטיף בר אגוזים שקדים,גרמים,120.00,100 גרם,false,,16.00,0.1333,true,1,57278
7290006866363,false,מיץ סחוט אשכוליות אדומות פרימור 1 ליטר,"גניר (1992) בע""מ",IL,פרימור מיץ אשכולית א,ליטרים,1.00,ליטר,false,,15.90,15.9000,true,1,21895
7290006899255,false,סרמוני תה - 20 ארל גריי - קופסת פירמידה,תה סרמוני בעמ,,תה סרמוני ארל גריי,גרמים,40.00,100 גרם,false,,16.90,0.4225,true,1,84183
7290006899354,false,סרמוני תה - 20 פרחי קמומיל - קופסת פירמידה,תה סרמוני בעמ,IL,תה סרמוני קמומיל,גרמים,21.00,100 גרם,false,,16.90,0.8048,true,1,84178
7290006899705,false,סרמוני תה - 20 ירוק לימונית - קופסת פירמידה,תה סרמוני בעמ,IL,סרמוני תה ירוק לימונ,גרמים,44.00,100 גרם,false,,16.90,0.3841,true,1,105933
7290006908360,false,שקד קלוי 150 גר' פיצוחי חממה,,,שקד קלוי 150 גר',גרמים,150.00,100 גרם,false,,13.90,0.0927,true,1,77268
7290006908377,false,שקד טבעי 150 גר פיצוחי חממה,,,שקד טבעי 150 גר',גרמים,150.00,100 גרם,false,,12.90,0.0860,true,1,77420
7290006908384,false,פיסטוק חלבי 150 גר' פיצוחי חמהה,,,פיסטוק קלוי 150 גר',גרמים,150.00,100 גרם,false,,14.90,0.0993,true,1,77269
7290006908391,false,קאשיו קלוי 150 גר' פיצוחי חממה,בוטנת,,קשיו קלוי 150 גר',גרמים,150.00,100 גרם,false,,12.50,0.0833,true,1,77270
7290006908667,false,שזיף מגולען 200 גר',,,שזיף מגולען 200 גר',גרמים,200.00,100 גרם,false,,11.50,0.0575,true,1,28947
7290006983152,false,קרוטונים מתובלים למרק אסם 400 גרם,עינת תעשיות מזון אגו,IL,קרוטונים מתובלים למר,גרמים,400.00,100 גרם,false,,18.90,0.0472,true,1,6541
7290006983176,false,אוסם - לחמית שיפון 250 גרם,"אסם השקעות בע""\מ",IL,לחמית שיפון,גרמים,230.00,100 גרם,false,,8.70,0.0378,true,1,6542
7290006983206,false,תערובת להכנת פלפל קלי קלות 180 גרם,"אסם השקעות בע""\מ",IL,פלאפל בקלי קלות 180,גרמים,180.00,100 גרם,false,,9.70,0.0539,true,1,6543
7290006983527,false,עוגת הבית תפוחי עץ עם פירורים 400 ג' אסם,מיוצר עי קונדיטוריית,IL,עוגת הבית תפוחים עם,גרמים,400.00,100 גרם,false,,18.60,0.0465,false,1,6551
7290006983763,false,עוגת הבית שוקולד 400 גרם אסם.,מיוצר עי קונדיטוריית,IL,עוגת הבית שוקולד,גרמים,400.00,100 גרם,false,,14.50,0.0363,false,1,81916
7290006983770,false,עוגת הבית שיש אסם 400 גרם,מיוצר עי קונדיטוריית,IL,עוגת הבית שיש,גרמים,400.00,100 גרם,false,,14.50,0.0363,false,1,6553
7290006983787,false,עוגת הבית שוקולד צ'יפס אסם 400 גרם,מיוצר עי קונדיטוריית,IL,עוגת הבית שוקולד,גרמים,400.00,100 גרם,false,,14.50,0.0363,false,1,6554
7290006983794,false,עוגת הבית בטעם תפוז אסם 400 גרם,מיוצר עי קונדיטוריית,IL,עוגת הבית תפוז,גרמים,400.00,100 גרם,false,,14.50,0.0363,false,1,6555
7290006992161,false,מטרנה - דייסת קורנפלור פרוביוטי 200 גרם,מולינו ניקולי s.p.a,IL,דייסת מטרנה קונפלור,גרמים,200.00,100 גרם,false,,13.90,0.0695,false,1,15985
7290006992864,false,"לה קט חתלתולים 2.85 ק""ג",united pet food,FR,לה קט עוף חתלתולים 2,קילוגרמים,2.85,"ק""ג",false,,59.90,21.0175,true,1,57511
7290008021050,false,שמפו פינוק יבש מאוד700מל,יוניליוור ישראל טיפוח אי,IL,שמפו פינוק יבש,מיליליטרים,700.00,"100 מ""ל",false,,11.90,0.0170,false,1,12389
7290008023542,false,סיף פנטסטיק שמפו רצפות כתום 4ל',יוניליוור ישראל טיפוח אי,IL,שמפו רצפות 4 ליט,ליטרים,4.00,ליטר,false,,19.90,4.9750,false,1,12402
7290008068512,false,בייבי פסטה משחה קמומיל לתינוק 100 גר',ויטאמד צריכה,IL,בייבי פסטה+קמומיל,גרמים,100.00,100 גרם,false,,18.90,0.1890,true,1,53388
7290008089296,false,בייבי פסטה טלק 200 גרם,,,טלק בייבי פסטה 200 ג,גרמים,200.00,100 גרם,false,,13.90,0.0695,true,1,102952
7290008104050,false,"שטיפת אינטימית לקטופיל פמינה 220 מ""ל",כצט נוביס סעמ,IL,פמינה לרחיצה אינ,מיליליטרים,220.00,"100 מ""ל",false,,19.90,0.0905,true,1,19602
7290008154222,false,שניצלונים עוף טוב 700 גרם,"מוצרי עוף טוב (2001) בע""",IL,עוף טוב שניצלונים 70,גרמים,700.00,100 גרם,false,,18.90,0.0270,false,1,6580
7290008175173,false,חמאה מפינלנד ללא מלח 200 גרם ויליפוד,ואליו אל.טי.די,FI,חמאה ללא מלח 200 גר,גרמים,200.00,100 גרם,false,,11.90,0.0595,true,1,14924
7290008175692,false,וילי פוד נודלס אטר.ביצים להקפצה בדץ 400ג,פוגיאן לונגאי,CN,איטריות להקפצה,גרמים,400.00,100 גרם,false,,6.90,0.0173,true,1,14928
7290008175760,false,מנצגו חלב כבשים מעדניה שקיל,אלפסטור,ES,גבינת מנצ'גו,קילוגרמים,1.00,"ק""ג",true,,99.90,99.9000,true,1,75818
7290008175814,false,וילי פוד פטריות שמפיניון חתוך בדץ 400ג,"אוקצ'מפ אס, איי אויי",PL,פטריות שמפניון חתוכו,גרמים,400.00,100 גרם,false,,4.90,0.0123,false,1,14929
7290008190909,false,עוגיות מיני קוקיס שוקולד צ'יפס בצנצנת כרמית 600 גרם,כרמית תעשיות ממתקים,IL,עוגיות מיני קוקיס כר,גרמים,600.00,100 גרם,false,,15.90,0.0265,true,1,22800
7290008190985,false,לקקן בטעם גלידה 50 יח',כרמית תעשיות ממתקים,TR,לקקן גלידה,גרמים,500.00,100 גרם,false,,14.90,0.0298,true,1,25413
7290008254212,false,צלעות טלה,,,צלעות טלה,קילוגרמים,1.00,"ק""ג",true,,199.00,199.0000,false,1,106302
7290008255806,false,פילה לברק טרי ארוז ל,,IL,פילה לברק טרי,קילוגרמים,1.00,"ק""ג",true,,140.00,140.0000,true,1,103029
7290008255981,false,פילה דניס טרי במגשית,,,פילה דניס טרי במגשית,קילוגרמים,1.00,"ק""ג",true,,130.00,130.0000,false,1,144388
7290008263023,false,פוסילי אורגני מלא אורגני 500 גר,פסטיפיסוי פליצ'טי,IT,פסטה פוסילי קמח מלא,גרמים,500.00,100 גרם,false,,9.90,0.0198,true,1,14768
7290008263047,false,ספגטי לבן אורגני הרדוף 500 גרם,פסטיפיסוי פליצ'טי,IT,ספגטי הרדוף,גרמים,500.00,100 גרם,false,,9.90,0.0198,true,1,14770
7290008263054,false,ספגטי מלא אורגני הרדוף 500 גרם,פסטיפיסוי פליצ'טי,IT,ספגטי קמח מלא,גרמים,500.00,100 גרם,false,,9.90,0.0198,true,1,14771
7290008263214,false,ממרח חרובים אורגני-הרדוף 350 גר,ברינקרס פוד,NL,ממרח חרובים אורגני,גרמים,350.00,100 גרם,false,,22.90,0.0654,true,1,25707
7290008263528,false,ממרח קקאו בתוספת אגוזים אגוזים הרדוף 350,ברינקרס פוד,NL,ממרח שוקולד אגוזים א,גרמים,350.00,100 גרם,false,,23.90,0.0683,true,1,84077
7290008263535,false,ממרח שוקולד אורגני-הרדוף 350 גר,ברינקרס פוד,NL,ממרח שוקולד אורגני 3,גרמים,350.00,100 גרם,false,,22.90,0.0654,true,1,89247
7290008263597,false,קוואקר אורגני הרדוף 500 גרם,אול אורגני,IL,קוואקר אורגני הרדוף,גרמים,500.00,100 גרם,false,,9.90,0.0198,true,1,14779
7290008263641,false,קוואקר עדין אורגני 500 גרם - הרדוף,אול אורגני,IL,קוואקר עדין אורגני 5,גרמים,500.00,100 גרם,false,,9.90,0.0198,true,1,25410
7290008263658,false,"משקה סויה ללת""ס אורגני 1 ליטר",ליקואטס,ES,משקה סויה אורגני ללא,ליטרים,1.00,ליטר,false,,10.90,10.9000,true,1,84814
7290008310024,false,עוגיות אלפחורס חייקה,מאפה של חייקה,,עוגיות אלפחורס חייקה,גרמים,300.00,100 גרם,false,,33.90,0.1130,true,1,10946
7290008310086,false,בצק לאמפנדס מאפה של,מאפה של חייקה,IL,בצק לאמפנדס מאפה של,גרמים,700.00,100 גרם,false,,33.90,0.0484,true,1,22142
7290008310130,false,אלפחורס קורנפלור,,,קוקטייל בצק,גרמים,380.00,100 גרם,false,,31.90,0.0839,true,1,104259
7290008330107,false,מרכך כביסה בדין סגול 4 ליטר,יוניליור ישראל טיפוח איש,IL,בדין 4 ליטר מרען,ליטרים,4.00,ליטר,false,,19.90,4.9750,false,1,12405
7290008335515,false,אגרול+רוטב חמוץ/מתוק600ג,שלושת האופים,IL,אגרול סיני,גרמים,600.00,100 גרם,false,,12.90,0.0215,true,1,74873
7290008335560,false,סיגרים במילוי בשר 600גרם,האי נאם סי או אל.טי.,IL,סיגרים בשר,גרמים,600.00,100 גרם,false,,12.90,0.0215,true,1,67874
7290008335584,false,"סיגרים במילוי תפו""א 600ג",האי נאם סי או אל.טי.,IL,"סיגרים תפ""א",גרמים,600.00,100 גרם,false,,12.90,0.0215,true,1,74894
7290008340618,false,סלמון מעושן מצונן דלידג 100 ג',ויליגר תעשיות בעמ,IL,סלמון 100 גר,גרמים,100.00,100 גרם,false,,18.90,0.1890,true,1,43856
7290008343466,false,בצק פילו 500 גרם שלושת האופים,שלושת האופים שגמור,IL,בצק פילו 500 גר',גרמים,500.00,100 גרם,false,,18.90,0.0378,true,1,13415
7290008403238,false,גבינת ברי צרפתית32% משקל,קואופורטיב איסיני סנט מר,FR,גבינת ברי איסיני,קילוגרמים,1.00,"ק""ג",true,,145.00,145.0000,true,1,79132
7290008403351,false,גבינת לנדנה כמהין במ,ונדסטרה גרופ,,גבינת לנדנה כמהין,קילוגרמים,1.00,"ק""ג",true,,220.00,220.0000,true,1,82486
7290008403375,false,גבינת לנדנה פסטו ירו,ונדסטרה גרופ,,גבינת לנדנה פסטו ירו,קילוגרמים,1.00,"ק""ג",true,,129.90,129.9000,true,1,82487
7290008408073,false,"EVEN קרם קרטין טיפולי לשיער צבוע/פגום 500 מ""ל",י.שיאון,IL,מים מזוקקים 4 ל',ליטרים,4.00,ליטר,false,,13.90,3.4750,true,1,21004
7290008409049,false,שניצלונים בציפוי שומשום מיני מיני דק מאמא עוף 500 גרם,תנובה גליל שותפות מוגבלת,IL,מיני מיני שניצלונים,גרמים,500.00,100 גרם,false,,24.90,0.0498,false,1,47934
7290008409100,false,אצבעות שניצל בציפוי שומשום מאמא עוף 700 גרם,תנובה גליל שותפות מוגבלת,IL,אצבעות שניצל בציפוי,גרמים,700.00,100 גרם,false,,31.90,0.0456,false,1,9298
7290008409124,false,מאמא עוף קפוא שניצל ג'ונגל פריך 700 גרם,תנובה גליל שותפות מוגבלת,IL,שניצל ג'ונגל מאמא עו,גרמים,700.00,100 גרם,false,,31.90,0.0456,false,1,9300
7290008409216,false,מאמא עוף קפוא שניצל דק פריך 700 גרם,תנובה גליל,IL,שניצל דק פריך מאמא ע,גרמים,700.00,100 גרם,false,,37.90,0.0541,false,1,32670
7290008409315,false,שניצלונים בציפוי פריך מיני מיני דק מאמא עוף 500 גרם,תנובה גליל,IL,מיני מיני דק שניצלונ,גרמים,500.00,100 גרם,false,,24.90,0.0498,false,1,47932
7290008409551,false,שניצל עוף אמיתי בציפוי מעודן 700 ג' מאמא עוף,תנובה גליל שותפות מוגבלת,IL,שניצל מעודן,גרמים,700.00,100 גרם,false,,37.90,0.0541,false,1,9320
7290008409568,false,שניצל עוף אמיתי בציפוי שבבי ציפס 700 גר,תנובה גליל שותפות מוגבלת,IL,שניצל עוף אמיתי בציפ,גרמים,700.00,100 גרם,false,,37.90,0.0541,false,1,9321
7290008409582,false,שניצל עוף אמיתי בציפוי ביתי מאמא עוף 700 גרם,תנובה גליל שותפות מוגבלת,IL,שניצל אמיתי ביתי,גרמים,700.00,100 גרם,false,,37.90,0.0541,false,1,9323
7290008415071,false,צבר חומוס עם טחינה עגול 150 גרם,סלטי צבר,IL,חומוס עם טחינה 150 ג,גרמים,150.00,100 גרם,false,,4.80,0.0320,true,1,6593
7290008417006,false,פפריקה מתוקה עם שמן,נווה תבלין,,פפריקה מתוקה עם שמן,גרמים,100.00,100 גרם,false,,8.40,0.0840,true,1,11788
7290008417013,false,פפריקה מתוקה גרוסה 1,נווה תבלין,,פפריקה מתוקה גרוסה,גרמים,100.00,100 גרם,false,,8.40,0.0840,true,1,11789
7290008417020,false,פפריקה חריפה 110,נווה תבלין,,פפריקה חריפה,גרמים,100.00,100 גרם,false,,8.40,0.0840,true,1,11790
7290008417037,false,פלפל שחור טחון במיכל,נווה תבלין,,פלפל שחור טחון במיכל,גרמים,80.00,100 גרם,false,,8.40,0.1050,true,1,11791
7290008417044,false,פלפל שחור גרוס במיכל,נווה תבלין,,פלפל שחור גרוס במיכל,גרמים,80.00,100 גרם,false,,8.40,0.1050,true,1,11792
7290008417051,false,תבלין פלפל לבן,נווה תבלין,,תבלין פלפל לבן,גרמים,60.00,100 גרם,false,,8.40,0.1400,true,1,11793
7290008417099,false,תבלין חווא'ג למרק,נווה תבלין,,תבלין חווא'ג למרק,גרמים,110.00,100 גרם,false,,8.40,0.0764,true,1,11797
7290008417105,false,קינמון טחון 110,נווה תבלין,,קינמון טחון,גרמים,120.00,100 גרם,false,,8.40,0.0700,true,1,11798
7290008417112,false,תבלין מלח לימון,נווה תבלין,,תבלין מלח לימון,גרמים,130.00,100 גרם,false,,8.40,0.0646,true,1,11799
7290008417129,false,עלי דפנה במיכל פלסטי,נווה תבלין,,עלי דפנה במיכל פלסטי,גרמים,35.00,100 גרם,false,,8.40,0.2400,true,1,11800
7290008417150,false,תבלין קארי טחון,נווה תבלין,,תבלין קארי טחון,גרמים,110.00,100 גרם,false,,8.40,0.0764,true,1,11802
7290008417167,false,קימל טחון/שלם,נווה תבלין,,קימל טחון/שלם,גרמים,110.00,100 גרם,false,,8.40,0.0764,true,1,11803
7290008417204,false,תבלין לשווארמה 110,נווה תבלין,,תבלין לשווארמה,גרמים,110.00,100 גרם,false,,8.40,0.0764,true,1,11807
7290008417211,false,תבלין לדג 110,נווה תבלין,,תבלין לדג,גרמים,120.00,100 גרם,false,,8.40,0.0700,true,1,11808
7290008417235,false,זנגויל טחון מיכל פלס,נווה תבלין,,זנגויל טחון מיכל פלס,גרמים,120.00,100 גרם,false,,8.40,0.0700,true,1,11810
7290008417242,false,תבלין אורגנו,נווה תבלין,,תבלין אורגנו,גרמים,50.00,100 גרם,false,,8.40,0.1680,true,1,11811
7290008417259,false,תבלין לקציצות 110גרם,נווה תבלין,,תבלין לקציצות,גרמים,110.00,100 גרם,false,,8.40,0.0764,true,1,11812
7290008417266,false,זעתר עם שומשום מיכל,נווה תבלין,,זעתר עם שומשום מיכל,גרמים,110.00,100 גרם,false,,8.40,0.0764,true,1,11813
7290008417273,false,כוסברה ירק / שלם,נווה תבלין,,כוסברה ירק / שלם,גרמים,40.00,100 גרם,false,,8.40,0.2100,true,1,11814
7290008417280,false,אגוז מוסקט טחון 60 ג,נווה תבלין,,אגוז מוסקט - שלם / ט,גרמים,60.00,100 גרם,false,,8.40,0.1400,true,1,11815
7290008417372,false,תבלין לגריל עוף 120,נווה תבלין,,תבלין גריל עוף,גרמים,110.00,100 גרם,false,,8.40,0.0764,true,1,11816
7290008417389,false,שום גבישי 110 גר,נווה התבלין,,שום גבישי,גרמים,110.00,100 גרם,false,,8.40,0.0764,true,1,11817
7290008417396,false,טימין קורנית 110,נווה תבלין,,תבלין טימין,גרמים,50.00,100 גרם,false,,8.40,0.1680,true,1,11818
7290008417426,false,פטרוזיליה יבשה 110 ג,נווה תבלין,,תבלין פטרוזיליה,גרמים,40.00,100 גרם,false,,8.40,0.2100,true,1,11821
7290008417440,false,פלפל שחור שלם במיכל,נווה תבלין,,פלפל שחור שלם במיכל,גרמים,80.00,100 גרם,false,,8.40,0.1050,true,1,11823
7290008417457,false,תבלין רוזמרין,נווה תבלין,,תבלין רוזמרין,גרמים,60.00,100 גרם,false,,8.40,0.1400,true,1,11824
7290008417495,false,פלפל אנגלי שלם במיכל,נווה תבלין,,פלפל אנגלי שלם במיכל,גרמים,100.00,100 גרם,false,,8.40,0.0840,true,1,11828
7290008417617,false,מלח לימון 600 גר,נווה תבלין,,מלח לימון 600 גר,גרמים,600.00,100 גרם,false,,20.00,0.0333,true,1,24502
7290008417624,false,פפריקה מתוקה עם שום,נווה תבלין,,פפריקה מתוקה 400 גר',גרמים,400.00,100 גרם,false,,20.00,0.0500,true,1,11835
7290008417631,false,פפריקה מתוקה 110,נווה תבלין,,פפריקה מתוקה,גרמים,100.00,100 גרם,false,,8.40,0.0840,true,1,11836
7290008417648,false,צ'ילי מקסיקני 120,נווה תבלין,,צי'לי מקסיקני,גרמים,110.00,100 גרם,false,,8.40,0.0764,true,1,11837
7290008417655,false,מקלות קינמון במיכל פ,נווה תבלין,,מקלות קינמון במיכל פ,גרמים,110.00,100 גרם,false,,8.40,0.0764,true,1,11838
7290008417969,false,תבלין ציפורן- שלם/טח,נווה תבלין,,תבלין ציפורן- שלם/טח,גרמים,120.00,100 גרם,false,,8.40,0.0700,true,1,11849
7290008423014,false,פלפל שחור גרוס 100 גרם,תבליני הדור השלישי,IL,"פלפל שחור ""פרג""",גרמים,100.00,100 גרם,false,,14.90,0.1490,true,1,93514
7290008425155,false,"שמן זית אורגני 750 מ""ל",,IL,"שמן זית 750 מ""ל",מיליליטרים,750.00,"100 מ""ל",false,,59.90,0.0799,true,1,100493
7290008425186,false,זיתים אורגניים סורי400גר,,IL,זיתים סורים 400 גרם,גרמים,400.00,100 גרם,false,,22.90,0.0572,true,1,93187
7290008425193,false,זיתים נבאלי 400 גרם,,IL,זיתים נבאלי,גרמים,400.00,100 גרם,false,,22.90,0.0572,true,1,94984
7290008425209,false,זיתים פיקואל 400 גרם,,IL,זיתים פיקואל 400גרם,גרמים,400.00,100 גרם,false,,22.90,0.0572,true,1,96494
7290008425278,false,"מיץ תפוחים סמדר 330 מ""ל",,IL,מיץ תפוחים אורגני,מיליליטרים,330.00,"100 מ""ל",false,,12.90,0.0391,true,1,94493
7290008425339,false,"נקטר שזיף סמדר 330 מ""ל",,IL,"נקטר שזיף 330 מ""ל",מיליליטרים,330.00,"100 מ""ל",false,,12.90,0.0391,true,1,99503
7290008425346,false,"נקטר אפרסק 330 מ""ל",,,נקטר אפרסק 330 מל,מיליליטרים,330.00,"100 מ""ל",false,,12.90,0.0391,true,1,95033
7290008425452,false,מיץ אשכולית טבעי סמדר330,,IL,מיץ אשכוליות 330 מל,מיליליטרים,330.00,"100 מ""ל",false,,12.90,0.0391,true,1,93188
7290008425483,false,נקטר אפרסק 1 ליטר אורגני,,IL,נקטר אפרסק 1 ליטר,ליטרים,1.00,ליטר,false,,22.90,22.9000,true,1,97575
7290008425681,false,זיתים ברנע 400 גרם,,IL,זיתים ברנע,גרמים,400.00,100 גרם,false,,22.90,0.0572,true,1,94430
7290008425704,false,נקטר שזיף 1 ליטר אורגני,,IL,נקטר שזיף 1 ליטר,ליטרים,1.00,ליטר,false,,21.90,21.9000,true,1,100452
7290008443616,false,"מרכך לשיער יבש אדום נקה 7 750 מ""ל","אמיליה קוסמטיקס בע""מ",IL,נקה 7-מייצב יבש אדו,מיליליטרים,750.00,"100 מ""ל",false,,11.90,0.0159,true,1,16957
7290008443630,false,"שמפו לשיער מתולתל סגול נקה 7 750 מ""ל",אמיליה קוסמטיקס בע'\'\מ,IL,נקה 7-שמפו מתולתל ס,מיליליטרים,750.00,"100 מ""ל",false,,11.90,0.0159,true,1,16959
7290008443647,false,"מרכך לשיער מתולתל סגול, 750 מ""ל נקה 7","אמיליה קוסמטיקס בע""מ",IL,נקה 7-מייצב מתולתל ס,מיליליטרים,750.00,"100 מ""ל",false,,11.90,0.0159,true,1,16960
7290008461221,false,סרדינים רוברט בשמן חמניות 115 גרם,"רמירז, מטוסינוס",PT,סרדין רוברט בשמן 115,גרמים,115.00,100 גרם,false,,6.90,0.0600,true,1,18065
7290008461238,false,"סרדינים בשמן חמניות ופלפל חריף רוברט 84 גרם, 115 גרם",קונסוורס,PT,סרדין רוברט חריף בשמ,גרמים,115.00,100 גרם,false,,6.90,0.0600,true,1,18066
7290008461283,false,גבינת טריפל צ'דר חצי קשה הגבינות של נני 200 גרם,דאוליי צ'סמייקרס,GB,צ'דר טריפל 200 גר,גרמים,200.00,100 גרם,false,,22.90,0.1145,true,1,86214
7290008464024,false,"בירה גולדסטאר Unfiltered, בירה לא מסוננת, פחית 500 מ""ל","טמפו משקאות בע""מ",IL,פחית גולדסטאר לא מסו,מיליליטרים,500.00,"100 מ""ל",false,,8.50,0.0170,true,1,54451
7290008464130,false,"בירה גולדסטאר Unfiltered, בירה לא מסוננת, מארז שישייה, בקבוק 330 מ""ל",טמפו,IL,גולדסטאר לא מסונן שי,ליטרים,1.98,ליטר,false,,32.90,16.6162,false,1,49477
7290008464222,false,"בירה מכבי 7.9%, בירה חזקה, פחית 500 מ""ל","טמפו משקאות בע""\מ",IL,מכבי 7.9% פחית 500 מ,מיליליטרים,500.00,"100 מ""ל",false,,7.20,0.0144,true,1,76819
7290008464345,false,"בירה גולדסטאר, בקבוק 330 מ''ל",טמפו משקאות בע''מ,IL,גולדסטאר בק' 330,יחידה,330.00,יחידה,false,,7.00,0.0212,true,1,18586
7290008464468,false,"בירה גולדסטאר, פחית 500 מ""ל","טמפו משקות בע""\מ",IL,גולדסטאר בירה פחית 5,מיליליטרים,500.00,"100 מ""ל",false,,7.90,0.0158,false,1,18592
7290008464604,false,"בירה הייניקן פחית 500 מ""ל",טמפו משקאות בע''מ,NL,הייניקן בירה פחית 50,מיליליטרים,500.00,"100 מ""ל",false,,9.50,0.0190,false,1,18598
7290008464611,false,"הסודה של טמפו, מי סודה בגיזוז חזק, 275 מל",טמפו משקאות בעמ,IL,"סודה 275 מ""ל בקבוק",מיליליטרים,275.00,"100 מ""ל",false,,3.00,0.0109,true,1,92637
7290008464628,false,"טמפו ביטר למון גזוז בטעם ביטר לימון, 275 מל","טמפו משקאות בע""\מ",IL,סודה ביטר למון 275 מ,מיליליטרים,275.00,"100 מ""ל",false,,4.50,0.0164,true,1,98371
7290008464673,false,"בירה גולדסטאר SLOWBREW פחית 10%, 500 מ""ל","טמפו משקאות בע""\מ",IL,בירה גולדסטאר 10% SL,מיליליטרים,500.00,"100 מ""ל",false,,8.50,0.0170,true,1,94669
7290008464697,false,"בירה מכבי 7.9%, בירה חזקה, מארז שישייה, בקבוק 330 מ""ל",טמפו,IL,שישיית מכבי 7.9% אלכ,מיליליטרים,1980.00,"100 מ""ל",false,,32.90,0.0166,false,1,57820
7290008464703,false,"שישיית בירה מכבי בקבוק 330 מ""ל",טמפו משקאות בע''מ,IL,מכבי שישייה בקבוק 33,ליטרים,1.98,ליטר,false,,32.90,16.6162,false,1,18599
7290008464734,false,"שישיית בירה גולדסטאר לאגר SLOW BREW בקבוק 330 מ""ל",טמפו משקאות בע''מ,IL,גולדסטאר SLOW BREW,ליטרים,1.98,ליטר,false,,34.90,17.6263,false,1,86391
7290008464741,false,"בירה גולדסטאר, מארז שישייה, בקבוק 330 מ''ל","טמפו משקאות בע""\מ",IL,גולדסטאר שישייה בקבו,ליטרים,1.98,ליטר,false,,29.90,15.1010,false,1,18603
7290008464796,false,"בירה היינקן, מארז שישייה, בקבוק 330 מ''ל",טמפו משקאות בע''מ,IL,הייניקן שישייה בקבוק,ליטרים,1.98,ליטר,false,,32.90,16.6162,false,1,18607
7290008473057,false,מגבונים קמיל בלו טו גו שקית 3*30 יח,"ד""ר פישר Dr fischer",IL,"מגבונים ד""ר פישר",יחידה,0.00,יחידה,false,,15.90,0.0000,true,1,10779
7290008493413,false,פירורי לחם מאיר בייגל פירורי גריסיני 200 גרם,מאיר את ביגל,IL,פירורי גריסיני 200 ג,גרמים,200.00,100 גרם,false,,6.50,0.0325,true,1,23547
7290008493710,false,פרורי גריסני זהב פירורי לחם מאיר בייגל 200 גרם,מאיר את ביגל,IL,פירורי גריסיני זהב 2,גרמים,200.00,100 גרם,false,,6.50,0.0325,true,1,75240
7290008496513,false,בלו פיש-פילה אמנון ב,,,בלו פיש-פילה אמנון ב,גרמים,400.00,100 גרם,false,,21.90,0.0547,true,1,145094
7290008498531,false,גבינת גאודה עיזים כמ,,NL,גאודה עיזים כמהין,קילוגרמים,1.00,"ק""ג",true,,239.90,239.9000,true,1,108530
7290008498609,false,גבינת צ'דר אדום,,,גבינת צ'דר אדום,קילוגרמים,1.00,"ק""ג",true,,99.90,99.9000,true,1,103770
7290008498746,false,גבינת ברי צרפת במשקל,,,ברי צרפת,קילוגרמים,1.00,"ק""ג",true,,114.90,114.9000,true,1,102766
7290008498807,false,גבינת גאודה בקר הולנ,,NL,גאודה הולנדית,קילוגרמים,1.00,"ק""ג",true,,74.90,74.9000,true,1,102767
7290008498852,false,גבינת מאסדאם הולנדי,,NL,גבינת מאסדאם הולנדי,קילוגרמים,1.00,"ק""ג",true,,74.90,74.9000,true,1,142528
7290008498883,false,גבינת גאודה עם צילי,,,גאודה צילי,קילוגרמים,1.00,"ק""ג",true,,105.00,105.0000,true,1,104123
7290008498906,false,גאודה בקר כמהין,,,גאודה בקר כמהין,קילוגרמים,1.00,"ק""ג",true,,169.90,169.9000,true,1,107129
7290008499088,false,אסאדו עם עצם מנות,,,אסאדו עם עצם מנות,קילוגרמים,1.00,"ק""ג",true,,79.90,79.9000,false,1,104150
7290008499101,false,אוסובקו עגל פרוס אית,קצביית פרימיום,IL,אוסובוקו עגל פרוס בו,קילוגרמים,1.00,"ק""ג",true,,69.90,69.9000,false,1,104151
7290008499187,false,פוינט בריסט אנגוס אי,,,פוינט בריסט אנגוס אי,קילוגרמים,1.00,"ק""ג",true,,74.90,74.9000,false,1,142726
7290008589987,false,נרות שבת מס' 16,לייברט,CN,נרות שבת מס' 16,יחידה,0.00,יחידה,false,,2.90,0.0000,true,1,145239
7290008590006,false,נרות שבת מס' 12,לייברט,CN,נרות שבת מס' 12,יחידה,0.00,יחידה,false,,2.90,0.0000,true,1,108089
7290008590013,false,נרות שבת מס' 8,לייברט,CN,נרות שבת מס' 8,יחידה,0.00,יחידה,false,,2.90,0.0000,true,1,145241
7290008590143,false,נרות שבת דלוקס 72 יחידות,,,נרות שבת דלוקס 3 שעו,יחידה,0.00,יחידה,false,,24.90,0.0000,true,1,145240
7290008618007,false,פילה סלמון פרוס במגש,,,פילה סלמון פרוס במגש,קילוגרמים,1.00,"ק""ג",true,,140.00,140.0000,false,1,144188
7290008618038,false,פילה לברק טרי פרמיום,,,פילה לברק טרי במגשית,קילוגרמים,1.00,"ק""ג",true,,139.90,139.9000,false,1,145180
7290008634663,false,בקבוק גדול-שלישיה במבצע,R.B.P. Co Lt,TH,בקבוק גדול שלישייה,יחידה,0.00,יחידה,false,,14.90,0.0000,true,1,59259
7290008634700,false,כפפות XL לטקס עם איבוק עדין 100 יח- SAFE TOUCH,סייף טאצ,TH,כפפות לטקס 100 יח' X,יחידה,0.00,יחידה,false,,17.90,0.0000,true,1,103628
7290008644112,false,סלט מטבוחה יום יום אחלה 125 גרם,"שטראוס גרופ בע""\מ",IL,מטבוחה יום יום,גרמים,125.00,100 גרם,false,,4.70,0.0376,true,1,7636
7290008644235,false,עלי בייבי שטראוס 120 גרם,שטראוס בריאות ירקות טריי,IL,לקט עלי בייבי שטראוס,גרמים,120.00,100 גרם,false,,10.50,0.0875,true,1,7639
7290008644945,false,לקט לסלט המושבה שטראוס 450 גרם,שטראוס בריאות ירקות טריי,IL,סלט המושבה שטראוס 45,גרמים,450.00,100 גרם,false,,12.90,0.0287,true,1,7647
7290008670005,false,רקנאטי גליל עליון שרדונה 750 מל,,,רקאנטי שרדונה 2017,מיליליטרים,750.00,"100 מ""ל",false,,49.90,0.0665,true,1,17595
7290008670135,false,רקנאטי גליל עליון סוביניון בלאן 750 מל,רקנאטי,,רקנאטי סובניון בלאן,מיליליטרים,750.00,"100 מ""ל",false,,49.90,0.0665,true,1,17601
7290008670159,false,"יין רקנאטי יסמין לבן 750 מ""ל","יקבי רקנאטי בע""מ",IL,יין רקנטי יסמין לבן,מיליליטרים,750.00,"100 מ""ל",false,,35.00,0.0467,true,1,17603
7290008670197,false,רקנאטי רזרב שרדונה 750 מל,יקב רקנאטי,IL,יין רקאנטי שרדונה רז,יחידה,750.00,יחידה,false,,84.90,0.1132,true,1,46098
7290008670814,false,רקנאטי ספיישל רזרב א,,,רקנאטי ספיישל רזרב א,מיליליטרים,750.00,"100 מ""ל",false,,180.00,0.2400,true,1,80531
7290008670913,false,רקנאטי גליל עליון קברנה סובניון 750 מל,רקנאטי,IL,רקנאטי גליל עליון קב,מיליליטרים,750.00,"100 מ""ל",false,,49.90,0.0665,true,1,91678
7290008670920,false,יין רקנאטי גליל עליון מרלו 750 מל,,,רקנאטי גליל עליון מר,מיליליטרים,750.00,"100 מ""ל",false,,49.90,0.0665,true,1,91679
7290008670937,false,רקנאטי גליל עליון שיראז 2017 750 מל,,,רקנאטי סירה 2018,מיליליטרים,750.00,"100 מ""ל",false,,49.90,0.0665,true,1,101456
7290008679411,false,כפפות לבית ולמטבח קט,קריות זול,TH,כפפות,יחידה,0.00,יחידה,false,,8.00,0.0000,true,1,6903
7290008679428,false,כפפות הנדי לבית ולמטבח בינוני,קריות זול,TW,כפפות גומי,יחידה,0.00,יחידה,false,,8.00,0.0000,true,1,6904
7290008679435,false,כפפות הנדי לבית ולמטבח גדול,קריות זול,TH,כפפות,יחידה,0.00,יחידה,false,,8.00,0.0000,true,1,6905
7290008679442,false,כפפות לבית ולמטבח הנדי,קריות זול,TH,כפפות רגישות במי,יחידה,0.00,יחידה,false,,8.00,0.0000,true,1,6906
7290008679459,false,כפפות הנדי רגישות במיוחד בינוני,קריות זול,TH,כפפות רגישות במי,יחידה,0.00,יחידה,false,,8.00,0.0000,true,1,6907
7290008690713,false,נקטר חמוציות אושן ספריי פריגת 1 ליטר,מבשלות בירה בינלאומיות ב,IL,חמוציות אושן ספריי פ,ליטרים,1.00,ליטר,false,,12.90,12.9000,true,1,5904
7290008693134,false,מעדן גבינה ויוגורט בטעם תות 5% שומן 88 ג' דניאלה,"שטראוס בריאות בע""מ",IL,דניאלה תות שדה 5%,מיליליטרים,150.00,"100 מ""ל",false,,4.10,0.0273,true,1,7672
7290008739016,false,נר פילר זהב 70*90,יושלם,,נר ריחני 3*5,יחידה,0.00,יחידה,false,,19.90,0.0000,true,1,33215
7290008739955,false,נרות שולחן/חמסה ריחנ,,,ברכת הבית,יחידה,0.00,יחידה,false,,12.00,0.0000,true,1,33216
7290008745239,false,תפוצ'יפס קראנצ' בטעם טבעי עלית 50 גרם,"שטראוס פריטו ליי בע""\מ )",IL,תפוציפס 50 גר,גרמים,50.00,100 גרם,false,,3.90,0.0780,true,1,10163
7290008747547,false,תפוצ'יפס קראנץ' בטעם טבעי עלית 200 גרם,"שטראוס פריטו ליי בע""\מ )",IL,תפוציפס טבעי,גרמים,200.00,100 גרם,false,,10.90,0.0545,false,1,10165
7290008750264,false,"מסטיק מאסט ציקלס דובדבן 28 גרם לל""ס מגדים","שטראוס גרופ בע""מ",IL,מסטיק מאסט בטעם דובד,גרמים,28.00,100 גרם,false,,4.60,0.1643,false,1,9892
7290008752244,false,תפוצ'יפס קראנץ' בטעם גריל עלית 50 גרם,"שטראוס פריטו ליי בע""\מ )",IL,תפוציפס גריל,גרמים,50.00,100 גרם,false,,3.90,0.0780,true,1,10175
7290008753111,false,תפוצ'יפס קראנץ' בטעם מקסיקני עלית 50 גרם,"שטראוס פריטו ליי בע""\מ )",IL,תפוציפס 50 גר,גרמים,50.00,100 גרם,false,,3.90,0.0780,true,1,10177
7290008753364,false,דוריטוס גריל עלית 55 ג',שטראוס פריטו ליי בע,IL,דוריטוס גריל,גרמים,55.00,100 גרם,false,,2.90,0.0527,true,1,10179
7290008753371,false,דוריטוס נאצו מקסיקני 55 גר,STRAUSS-ISRAEL,IL,דוריטוס נאצ'ו,גרמים,55.00,100 גרם,false,,2.90,0.0527,true,1,10180
7290008753388,false,דוריטוס טבעי עלית 55 ג',שטראוס פריטו ליי בע,IL,דוריטוס טבעי,גרמים,55.00,100 גרם,false,,2.90,0.0527,true,1,10181
7290008754040,false,ממרח שוקולד פרה עלית 850 גרם מגדים,שטראוס גרופ,IL,ממרח שוקולד פרה פרוו,גרמים,850.00,100 גרם,false,,18.90,0.0222,true,1,50802
7290008754415,false,גומי מאסט בטעם ספירמינט עדין פליפטופ 28 ג' עלית,"שטראוס גרופ בע""מ",IL,מסטיק מאסט בטעם מנטה,גרמים,28.00,100 גרם,false,,4.60,0.1643,false,1,19319
7290008754422,false,גומי מאסט בטעם פפרמינט קלאסי פליפטופ 28 ג' עלית,"שטראוס גרופ בע""מ",IL,מסטיק מאסט בטעם מנטה,גרמים,28.00,100 גרם,false,,4.60,0.1643,false,1,19152
7290008757980,false,קרטונית ספרינג נקטר רימונים 1 ליטר,יפאורה שותפות מובגלת לשיווק,IL,ספרינג רימונים קרטונ,ליטרים,1.00,ליטר,false,,6.90,6.9000,false,1,13983
7290008775816,false,ערגליות עוגיות במילוי שוקולד אסם 300 גרם,מיוצר עי קונדיטוריית,IL,ערגליות שוקו 300,גרמים,300.00,100 גרם,false,,10.60,0.0353,false,1,6615
7290008775823,false,ערגליות עוגיות תות שדה אסם 300 גרם,מיוצר עי קונדיטוריית,IL,ערגליות תות שדה,גרמים,300.00,100 גרם,false,,10.60,0.0353,false,1,6616
7290008784597,false,פלסטר עמיד במים 100,,,פלסטר עמיד במים 100,יחידה,0.00,יחידה,false,,9.90,0.0000,true,1,37932
7290008801119,false,"יין סוביניון בלאן סלקטד כרמל 750 מ""ל",אגודת הכורמים הקואופרטיב,IL,סלקטד סוביניון בלאן,מיליליטרים,750.00,"100 מ""ל",false,,29.90,0.0399,false,1,14011
7290008801157,false,"יין מרלו סלקטד כרמל כרמל 750 מ""ל",כרמל מזרחי,IL,סלקטד מרלו,מיליליטרים,750.00,"100 מ""ל",false,,29.90,0.0399,false,1,14013
7290008801461,false,"יין הנצחון לקידוש, 750 מ""ל",יקבי כרמל Carmel Winery,IL,יין הניצחון אדום מתו,מיליליטרים,750.00,"100 מ""ל",false,,19.90,0.0265,true,1,14020
7290008801522,false,יין קינג דויד קונקורד אדום מתוק 750 מל,אגודת הכורמים הקואופרטיב,IL,קונקורד KING DAVID,מיליליטרים,750.00,"100 מ""ל",false,,19.90,0.0265,true,1,14022
7290008801546,false,יין מוסקט מתוק קינג דיוויד יקבי כרמל,אגודת הכורמים הקואופרטיב,IL,מוסקט KING DAVID לבן,מיליליטרים,750.00,"100 מ""ל",false,,19.90,0.0265,true,1,14024
7290008801843,false,"יין קברנה סוביניון סלקטד כרמל 750 מ""ל","כד בני דרום בע""מ",IL,סלקטד קברנה סוביניון,מיליליטרים,750.00,"100 מ""ל",false,,29.90,0.0399,false,1,14026
7290008801850,false,סלקטד אמרלד ריזלינג לבן חצי יבש 750 מל,אגודת הכורמים הקואופרטיב,IL,סלקטד אמרלד ריזלינג,מיליליטרים,750.00,"100 מ""ל",false,,29.90,0.0399,true,1,14027
7290008802291,false,יין מרלו פרייבט קולקשן יקבי כרמל,אגודת הכורמים הקואופרטיב,IL,מרלו PRIVATE COLLECT,מיליליטרים,750.00,"100 מ""ל",false,,34.90,0.0465,false,1,14030
7290008802895,false,יין קברנה סוביניון פרייבט קולקשן יקבי כרמל,אגודת הכורמים הקאופורטיב,IL,קברנה סוביניון PRIVA,מיליליטרים,750.00,"100 מ""ל",false,,34.90,0.0465,false,1,14036
7290008804332,false,שיראז אדום יבש פריווט קולקשיין 750מל,אגודת הכורמים הקואופרטיב,IL,"שיראז 750 מ""ל .P.C",מיליליטרים,750.00,"100 מ""ל",false,,34.90,0.0465,false,1,19907
7290008806305,false,"שלגון פצפצים ""שטראוס""","מיוצר ע"" גלידת שטראו",IL,שלגון פצפצים,יחידה,0.00,יחידה,false,,6.50,0.0000,true,1,7877
7290008806961,false,גלידה שוקולד שבבי שוקולד פרה 1.33 ל' קרמיסימו,"גלידת שטראוס בע""\מ, רחוב",IL,גלידה קרמיסימו שוקול,ליטרים,1.33,ליטר,false,,24.90,18.7218,false,1,7885
7290008806985,false,נישנושים גלידה שוקו וניל בציפוי שוקולד 60 יח' קרמיסימו,"גלידת שטראוס בע""\מ, רחוב",IL,קרמיסימו נשנושים 60,גרמים,630.00,100 גרם,false,,49.90,0.0792,false,1,7887
7290008807302,false,ליקר שוקולד,אליעז בנימינה,IL,ליקר שוקולד,יחידה,700.00,יחידה,false,,49.90,0.0713,true,1,17621
7290008807562,false,"ליקר לימונצ'לו 750 מ""ל",אליעז בנימינה,IL,ליקר לימונצ'לו,יחידה,700.00,יחידה,false,,49.90,0.0713,true,1,17629
7290008835107,false,פילה מדומה מס' 6 מוכ,,,פילה מדומה מס' 6 מוכ,קילוגרמים,1.00,"ק""ג",true,,37.90,37.9000,false,1,143705
7290008835138,false,שריר מוזה מוכשר ארגנ,,,שריר מוזה מוכשר ארגנ,קילוגרמים,1.00,"ק""ג",true,,37.90,37.9000,true,1,144365
7290008835435,false,צלי כתף מס' 5 - חלק - ארגנטינה,sociedad anonima car,AR,צלי כתף מס' 5 חלק אר,קילוגרמים,1.00,"ק""ג",true,,79.90,79.9000,false,1,143594
7290008835442,false,פילה מדומה מס' 6 חלק,sociedad anonima car,AR,פילה מדומה מס' 6 חלק,קילוגרמים,1.00,"ק""ג",true,,39.90,39.9000,true,1,144191
7290008835770,false,לשון בקר חלק ארגנטינה,frigorifico alberdi,AR,לשון בקר חלק ארגנטינ,קילוגרמים,1.00,"ק""ג",true,,39.90,39.9000,false,1,143596
7290008841887,false,קשיו קלוי 180 גרם זארובי,זארובי,,קשיו קלוי 180 גר' קו,גרמים,180.00,100 גרם,false,,15.00,0.0833,true,1,141734
7290008846219,false,"שמן זית כתית מעולה חלוצה 750 מ""ל",האי נאם סי או אל.טי.,IL,שמן זית כתית מעולה ח,יחידה,750.00,יחידה,false,,39.90,0.0532,false,1,9458
7290008849470,false,פלפל צ'ומה חריף אוליביה 185 גרם,אוליביה גורמה בעמ,IL,ממרח פלפל צ'ומה,גרמים,185.00,100 גרם,false,,13.90,0.0751,true,1,8826
7290008849586,false,רוטב לעוף ריבת בצל אוליביה 310 גרם,קריות זול,IL,רוטב ריבת בצל לעוף,גרמים,310.00,100 גרם,false,,13.90,0.0448,true,1,8833
7290008849609,false,רוטב לעוף שום דבש אוליביה 330 גרם,אוליביה גורמה (1996),IL,רוטב שום ודבש לעוף,גרמים,330.00,100 גרם,false,,13.90,0.0421,true,1,8834
7290008849753,false,רוטב טריאקי אוליביה 300 גרם,מיוצר עי קונדיטוריית,IL,רוטב טריאקי עשיר אול,יחידה,300.00,יחידה,false,,13.90,0.0463,true,1,8837
7290008849777,false,רוטב צ'ילי מתוק אוליביה 345 גרם,קריות זול,IL,רוטב צילי מתוק,גרמים,350.00,100 גרם,false,,13.90,0.0397,true,1,8839
7290008849845,false,ממרח אוליביה אריסה פיקנטי 180 ג',"אוליביה גרומה בע""מ",IL,אריסה פיקנטית אוליבי,גרמים,185.00,100 גרם,false,,12.90,0.0697,true,1,92242
7290008881050,false,שמן זית קורינייקי פח,קיבוץ מגל,IL,שמן קורינייקי פח 2 ל,ליטרים,2.00,ליטר,false,,94.90,47.4500,true,1,101557
7290008881203,false,שמן זית 2 ליטר מסיק,יושלם,,שמן זית פח 2 ליטר,ליטרים,2.00,ליטר,false,,94.90,47.4500,true,1,38209
7290008881227,false,"שמן הבית מסיק 750 מ""",עדן בריאות טבע מרקט,,"שמן הבית מסיק 750 מ""",יחידה,750.00,יחידה,false,,46.90,0.0625,true,1,32546
7290008881241,false,שמן זית אסקל קיבוץ מ,,,שמן זית אסקל קיבוץ מ,מיליליטרים,0.75,"100 מ""ל",false,,46.90,62.5333,true,1,38211
7290008881265,false,שמן זית קורטינה קיבו,יושלם,,שמן זית קורטינה קיבו,מיליליטרים,750.00,"100 מ""ל",false,,46.90,0.0625,true,1,32547
7290008881272,false,שמן זית פיקואל קיבוץ,מסיק קיבוץ מגל,IL,שמן זית פיקואל קיבוץ,מיליליטרים,750.00,"100 מ""ל",false,,46.90,0.0625,true,1,32548
7290008881494,false,"שמן ארבקינה 750 מ""ל",מסיק קיבוץ מגל,,"שמן ארבקינה 750 מ""ל",מיליליטרים,750.00,"100 מ""ל",false,,46.90,0.0625,true,1,83760
7290008909853,false,"קוקה קולה זירו בקבוק 500 מ""ל.",החברה המרכזית לייצור משקאות,IL,קוקה קולה ZERO בקבו,מיליליטרים,500.00,"100 מ""ל",false,,6.50,0.0130,false,1,26336
7290008921312,false,"קברנה סובניון 750 מ""ל תשבי אסטייט",יקבי הבארון – תשבי,,קברנה סוביניון א,יחידה,750.00,יחידה,false,,69.90,0.0932,true,1,18670
7290008921329,false,"יין מרלו ""תישבי אסטייט""",יקבי הבארון – תשבי,,תשבי אסטייט מרלו,מיליליטרים,750.00,"100 מ""ל",false,,69.90,0.0932,true,1,18671
7290008945202,false,גלילונית שקיות אשפה ענק 90/75 50 יח,"קילט ניהול פרוייקטים בע""מ",IL,גלילונית לאשפה משרדי,יחידה,0.00,יחידה,false,,19.90,0.0000,true,1,16509
7290008975780,false,"מזון לכלבים בונזו מזון כלבים גזע קטן 3 ק""ג","ביופט בע""מ",FR,בונזו בשר 3 קג,קילוגרמים,4.00,"ק""ג",false,,47.90,11.9750,false,1,16021
7290008981279,false,זעתר עם שומשום נחלה100גר,קפה אל נח'לה,IL,זעתר עם שומשום נח'לה,גרמים,100.00,100 גרם,false,,9.90,0.0990,true,1,6838
7290008981538,false,זעתר עם שומשום אלנחלה 250 גרם צנצנת,קפה אל נח'לה,IL,זעתר עם שומשום 250 ג,גרמים,250.00,100 גרם,false,,18.90,0.0756,true,1,105450
7290008989091,false,שלישיית פירכוני אורז בטר אנד דיפרנט 310 גרם,"בטר אנד דיפרנט בע""מ",IL,פריכיות אורז,גרמים,310.00,100 גרם,false,,12.90,0.0416,true,1,100025
7290008989169,false,"אורז תפוח בשקית בטר אנד דיפרנט 500 גרם לל""ג",בטר אנד דיפרנט,IL,פצפוצי אורז,גרמים,500.00,100 גרם,false,,18.90,0.0378,true,1,75164
7290008989428,false,בטר&דיפרנט גרנולה אגוזים ושקדים 500ג,,IL,גרנולה עם אגוזים ושק,גרמים,400.00,100 גרם,false,,11.50,0.0288,true,1,104388
7290008989473,false,ממרח חרובים בטעם שוקולד בטר אנד דיפרנט 350 גרם,"בטר אנד דיפרנט בע""מ",IL,ממרח חרובים בטעם שוק,גרמים,350.00,100 גרם,false,,12.90,0.0369,true,1,55008
7290008989671,false,"ציפוי עדיף פריך ""ללא גלוטן"" בטר אנד דיפרנט 250 גרם",בטר אנד דיפרנט,IL,ציפוי עדיף פריך גס ל,גרמים,250.00,100 גרם,false,,9.90,0.0396,true,1,86455
7290010002696,false,אקסטרה צ'יפס אורז חום מלא שמנת בצל 60 גרם,נוהלס ג'י אס סי.,BG,אקסטרה צ'יפס אורז חו,גרמים,60.00,100 גרם,false,,6.90,0.1150,true,1,144283
7290010023141,false,תה לימונענע הגן הקסום ויסוצקי 25 יחידות,תה ויסוצקי,IL,תה חליטת לימון ונענע,גרמים,50.00,100 גרם,false,,18.90,0.3780,false,1,8959
7290010023943,false,חליטה מצמח הרויבוש Red tea בטעם קינמון ווניל,מולינו ניקולי s.p.a,IL,חליטת רויבוש קינמון,גרמים,50.00,100 גרם,false,,25.90,0.5180,true,1,8974
7290010032303,false,דבש פרחי הדר 500 גרם מכוורת צוקרמן,,IL,דבש 500 גר' פרחי הדר,גרמים,500.00,100 גרם,false,,25.90,0.0518,true,1,58204
7290010032310,false,דבש פרחי בר 500 גרם מכוורת צוקרמן,,IL,דבש 500 גר' פרחי בר,גרמים,500.00,100 גרם,false,,25.90,0.0518,true,1,58203
7290010032327,false,דבש אקליפטוס 500 גרם מכוורת צוקרמן,,IL,דבש 500 גר' אקליפטוס,גרמים,500.00,100 גרם,false,,25.90,0.0518,true,1,58205
7290010032358,false,דבש דרדר 500 גרם מכוורת צוקרמן,,,דבש 500 גר' דרדר,גרמים,500.00,100 גרם,false,,25.90,0.0518,true,1,58208
7290010032365,false,דבש שיזף 500 גרם מכוורת צוקרמן,,,דבש 500 גר' שיזף,גרמים,500.00,100 גרם,false,,25.90,0.0518,true,1,58209
7290010032426,false,"דבש אקליפטוס 1 ק""ג מכוורת צוקרמן",,IL,"דבש 1 ק""ג אקליפטוס",קילוגרמים,1.00,"ק""ג",false,,49.90,49.9000,true,1,58213
7290010032457,false,"דבש דרדר 1 ק""ג מכוורת צוקרמן",,,"דבש 1 ק""ג דרדר",קילוגרמים,1.00,"ק""ג",false,,49.90,49.9000,true,1,58216
7290010032464,false,"דבש שזיף 1 ק""ג מכוורת צוקרמן",,,"דבש 1 ק""ג שיזף",קילוגרמים,1.00,"ק""ג",false,,49.90,49.9000,true,1,58217
7290010032471,false,"דבש אבוקדו 1 ק""ג מכוורת צוקרמן",,,"דבש 1 ק""ג אבוקדו",קילוגרמים,1.00,"ק""ג",false,,49.90,49.9000,true,1,58218
7290010051298,false,מנגולד עלי סלק א.אדמה,אדמה,,מנגולד ארוז,יחידה,0.00,יחידה,false,,4.90,0.0000,true,1,103213
7290010060603,false,סרקל מרכך 1.25 25% חינם,"ד""ר פישר",IL,סרקל מרכך 1.25 ליטר,ליטרים,1.25,ליטר,false,,24.90,19.9200,true,1,140574
7290010065059,false,מחית פירות מעורבים ג'וניור פרינוק 190 גרם,פרוטה פודווין איי.אס,CZ,מחית פרינוק 190 גרם,גרמים,190.00,100 גרם,false,,6.50,0.0342,true,1,26532
7290010065271,false,פרינוק - מחית תפוחי עץ 130 גרם,פרינוק,CZ,"מחית פרינוק תפו""ע 13",גרמים,130.00,100 גרם,false,,5.50,0.0423,true,1,88596
7290010065301,false,פרינוק - מחית סלט פירות 130 גרם,פרינוק,CZ,מחית פרינוק סלט פירו,גרמים,130.00,100 גרם,false,,5.50,0.0423,true,1,48786
7290010065332,false,מחית תפוח עץ בננה ג'וניור פרינוק 190 גרם,פרוטה פודווין איי.אס,CZ,"פרינוק גוניור תפ""ע ב",גרמים,760.00,100 גרם,false,,6.50,0.0086,true,1,6980
7290010066025,false,נתחי טונה בהירה בשמן158ג,תעשיות פילטונה,IL,טונה פיל טונה בשמן,גרמים,112.00,100 גרם,false,,5.90,0.0527,false,1,96495
7290010066513,false,נתחי טונה בשמן צמחי רביעיה *158ג' פילטונה,תעשיות פילטונה,IL,פיל טונה רביעיה בשמן,גרמים,632.00,100 גרם,false,,22.90,0.0362,false,1,51227
7290010066575,false,נתחי טונה במים רביעיה *158ג' פילטונה,תעשיות פילטונה,IL,פיל טונה רביעיה במים,גרמים,632.00,100 גרם,false,,22.90,0.0362,false,1,51225
7290010066582,false,נתחי טונה בשמן קנולה רביעיה * 158 ג' פילטונה,תעשיות פילטונה,IL,פיל טונה רביעיה בשמן,גרמים,632.00,100 גרם,false,,22.90,0.0362,false,1,51228
7290010066599,false,מארז רביעיית טונה בשמן זית 4*160 גרם,תעשיות פילטונה,IL,פיל טונה רביעיה בשמן,גרמים,632.00,100 גרם,false,,27.90,0.0441,true,1,51229
7290010066957,false,נתחי טונה קטנה בשמן צמחי 960ג' פרינס,תעשיות פילטונה,IL,טונה פרינס 960 גר בש,גרמים,960.00,100 גרם,false,,26.90,0.0280,true,1,84944
7290010092031,false,נס קפה-עוגיות מרוקאי,,,נס קפה-עוגיות מרוקאי,גרמים,450.00,100 גרם,false,,16.90,0.0376,true,1,79249
7290010092093,false,עוגיות שחר,שחר המתוקה,,עוגיות שחר,יחידה,0.00,יחידה,false,,14.90,0.0000,false,1,47581
7290010092604,false,רול תמר וקינמון נס ב,,,רול תמר וקינמון נס ב,גרמים,500.00,100 גרם,false,,25.90,0.0518,true,1,145122
7290010116980,false,אבקת שוקולית שקית עלית 850 ג',הנסיך- מפעל לייצור ט,IL,שוקולית 850 גרם,גרמים,850.00,100 גרם,false,,17.90,0.0211,false,1,23905
7290010117857,false,דוריטוס חריף אש 55 ג' עלית,STRAUSS-ISRAEL,IL,דוריטוס חריף אש,גרמים,55.00,100 גרם,false,,2.90,0.0527,true,1,21006
7290010117970,false,סבבה בוטנים קלויים מצופים - אריזה אישית,"שטראוס פריטו ליי בע""",IL,בוטנים אמריקאים עלית,גרמים,50.00,100 גרם,false,,1.90,0.0380,true,1,35119
7290010119950,false,דוריטוס חמוץ חריף 55 גרם-סטריפ,שטראוס גרופ,,דוריטוס חמוץ מתוק,גרמים,55.00,100 גרם,false,,2.90,0.0527,true,1,10195
7290010124473,false,"אפונה עדינה 600 גרם ארוז - בד""ץ עדה חרדית",פספרוסט,BE,אפונה עדינה 600 גר',גרמים,600.00,100 גרם,false,,11.90,0.0198,true,1,104218
7290010124503,false,שומן כבש מעובד ארוז בלדי 200גר,בלדי,IL,שומן כבש בלדי 200 גר,גרמים,200.00,100 גרם,false,,12.90,0.0645,true,1,43994
7290010163069,false,צנובר 100 גרם ששון הקולה,"דין שיווק וקלייה בע""",IL,צנובר גדול 100 גר,גרמים,100.00,100 גרם,false,,22.90,0.2290,true,1,57880
7290010173037,false,"יין הרי גליל רוזה, 750 מ""ל י יקב הרי גליל",יקבי רמת הגולן,IL,יין גליל רוזה,מיליליטרים,750.00,"100 מ""ל",false,,31.90,0.0425,false,1,27394
7290010173174,false,"יין אלון 2019 750 מ""ל הרי גליל",יקבי רמת הגולן,IL,יין הרי גליל אלון 20,מיליליטרים,750.00,"100 מ""ל",false,,50.00,0.0667,false,1,80579
7290010173181,false,יין אלה הרי גליל 750 מל,יקבי רמת הגולן,IL,יין גליל אלה 2019,מיליליטרים,750.00,"100 מ""ל",false,,50.00,0.0667,false,1,87025
7290010195268,false,פופקורן פופסטאר חמישייה מופחת שומן טבעי,פופ סטאר,US,פופסטאר מופחת שומן ט,גרמים,425.00,100 גרם,false,,12.90,0.0304,false,1,40649
7290010195275,false,פופ סטאר גרעיני תירס להכנת פופקורן במיקרוגל בטעם חמאה מופחת שומן 425 גרם,פופ סטאר,US,פופסטאר מופחת שומן ח,גרמים,425.00,100 גרם,false,,12.90,0.0304,false,1,40650
7290010196678,false,שקיות ענק לצליה בתנור קוקי 2*5 יח,ש.שסטוביץ,IL,שקיות קוקי ענק 10 יח,יחידה,0.00,יחידה,false,,17.90,0.0000,true,1,8406
7290010237531,false,"פפסי קולה פלסטיק 500 מ""ל","טמפו משקאות בע""ם.",IL,פפסי קולה בקבוק 0.5,מיליליטרים,500.00,"100 מ""ל",false,,4.50,0.0090,false,1,38462
7290010237548,false,"פפסי מקס דל קלוריות 500 מ""ל בקבוק",טמפו משקאות בעמ,IL,פפסי מקס 0.5 ליטר,יחידה,500.00,יחידה,false,,4.00,0.0080,false,1,34310
7290010237562,false,משקה פפסי מרינדה קוו,"טמפו משקאות בע""מ",IL,מירינדה בקבוק 0.5 ל',מיליליטרים,500.00,"100 מ""ל",false,,4.50,0.0090,false,1,38463
7290010237890,false,"בירה הייניקן בקבוק 500 מ""ל חוזר",טמפו משקאות בע''מ,IL,הייניקן בירה בקבוק 5,מיליליטרים,500.00,"100 מ""ל",false,,8.00,0.0160,true,1,18642
7290010259311,false,חלב קוקוס ויליפוד 400ג',טאי קוקונט,TH,"קרם קוקוס 400 מ""ל",גרמים,400.00,100 גרם,false,,6.90,0.0173,true,1,97181
7290010259359,false,וילי פוד נודלס אטר.ביצים להקפצה בדץ 200ג,פוג'יאן לונגאי,CN,אטריות נודלס ביצים מ,גרמים,200.00,100 גרם,false,,4.40,0.0220,true,1,41279
7290010259830,false,מנת השף נודלס בסגנון סיני פיקנטי וילי פוד 70 גרם,נמצ'או(תאילנד) בעמ,TH,מנת השף מרק עם נודלס,גרמים,70.00,100 גרם,false,,4.90,0.0700,true,1,31989
7290010259847,false,מנת השף מרק עם נודלס בטעם תירס ויליפוד 70 גרם,קריות זול,TH,מנת השף מרק עם נודלס,גרמים,70.00,100 גרם,false,,4.90,0.0700,true,1,28999
7290010259991,false,צנימים מיוחדים בטעם טבעי 250 ג',קריות זול,PT,צנימים 250 גרם,גרמים,250.00,100 גרם,false,,6.90,0.0276,true,1,51078
7290010300051,false,ציפוי שניצל בטעם שום,חטיפים מן הטבע,,ציפוי לשניצל 400 גר',גרמים,200.00,100 גרם,false,,12.50,0.0625,true,1,32593
7290010300488,false,קיסמים וחוט דנטלי דנטה קלין 40 יח',,,קיסם+חוט דנטלי 40 יח,יחידה,0.00,יחידה,false,,7.90,0.0000,true,1,39274
7290010300501,false,"סוכר חום דמררה נאמן 1 ק""ג",נאמן,,"סוכר חום בשקית 1 ק""ג",יחידה,1.00,יחידה,false,,9.90,9.9000,true,1,21509
7290010300594,false,אבקת גלטין טהור 28 גר,ר.ס.,,ג'לטין טהור,גרמים,28.00,100 גרם,false,,10.90,0.3893,true,1,32267
7290010300747,false,קיסמים דנטליים 200 יח',THAI FONG,CN,קיסמים דנטליים 200 י,יחידה,0.00,יחידה,false,,9.00,0.0000,true,1,25814
7290010328093,false,ממרח חלווה אחווה 400 ג' מהדרין,אחדות בית חרושת לטחי,IL,ממרח חלבה אחוה 400 ג,גרמים,400.00,100 גרם,false,,11.90,0.0298,true,1,21563
7290010328178,false,חלבה מסולסלת שערות אחוה 250 ג',אחדות ביחר לטחינה חל,IL,חלבה אחוה מסולסלת 25,גרמים,250.00,100 גרם,false,,11.90,0.0476,true,1,26789
7290010328246,false,טחינה גולמית שומשום מלא אחווה 500 ג',"אחדות ביח""ר לטחינה ח",IL,טחינה משומשום מלא אח,גרמים,500.00,100 גרם,false,,10.90,0.0218,false,1,29364
7290010328253,false,טחינה גולמית משומשום טבעי אחווה 500 גרם,"אחדות ביח""ר לטחינה ח",IL,טחינה שומשום טבעי אח,גרמים,500.00,100 גרם,false,,10.90,0.0218,false,1,44353
7290010328468,false,מארז מיני חלווה אחוה בטעמים 18 יחידות 216 גרם,שוורצקוף& הנקל דיסלד,IL,חטיפי מיני חלבה,גרמים,216.00,100 גרם,false,,10.90,0.0505,true,1,50593
7290010328505,false,"מארז מיני חלווה 15 יחידות לל""ס אחוה 150 גרם",אחדות ביחר לטחינה חל,IL,חטיפי מיני חלבה ללא,גרמים,150.00,100 גרם,false,,10.90,0.0727,true,1,53806
7290010328710,false,קיצפיות בטעם וניל תות 18,אחדות ביחר לטחינה חל,IL,קצפיות אחוה,גרמים,180.00,100 גרם,false,,9.90,0.0550,true,1,78355
7290010328727,false,ממרח טחינה עם שוקולד אחווה 400 גרם,אחדות ביחר לטחינה חל,IL,ממרח טחינה עם שוקולד,גרמים,400.00,100 גרם,false,,11.90,0.0298,true,1,79817
7290010328734,false,ממרח טחינה עם סילאן משומשום מלא,אחדות ביחר לטחינה חל,IL,ממרח טחינה עם סילאן,גרמים,400.00,100 גרם,false,,11.90,0.0298,true,1,81196
7290010373055,false,"ערק זחלאווי אלליאלי 500 מ""ל",אלנמרוד,,ערק זחלאווי אלליאלי5,יחידה,500.00,יחידה,false,,64.90,0.1298,true,1,36365
7290010417162,false,יין גמלא ריזלינג לבן 750 מל,יקבי רמת הגולן קצרין,IL,גמלא ריזלינג 2020,מיליליטרים,750.00,"100 מ""ל",false,,49.90,0.0665,true,1,20049
7290010471669,false,יוגורט תות עם קורנפלקס מצופה שוקולד ללא גלוטן 3.9%,"שטראוס בריאות בע""\מ",IL,דנונה קראנצ יוגורט ת,גרמים,175.00,100 גרם,false,,4.80,0.0274,false,1,7705
7290010472307,false,"שמיניית משקה גמדים תות בננה דיסני 108 מ""ל",מיוצר עי קונדיטוריית,IL,גמדים לשתיה תות בננה,מיליליטרים,800.00,"100 מ""ל",false,,21.00,0.0263,true,1,7716
7290010472390,false,מארז 8 יחידות מעדן דני בטעם שוקולד 1.5%,מיוצר עי קונדיטוריית,IL,מארז דני שוקולד 1.5%,ליטרים,1.00,ליטר,false,,17.40,17.4000,false,1,7719
7290010513727,false,פנקו פרורי לחם 200 גרם (קינגדאו),קינגדאו גוניון פודס,CN,פנקו מזרח ומערב,גרמים,200.00,100 גרם,false,,7.00,0.0350,true,1,54532
7290010535156,false,פלסטר 50'חי,,,פלסטר 50'חי,יחידה,0.00,יחידה,false,,8.50,0.0000,true,1,108102
7290010535408,false,קופסא למברשות שיניים,מיה טריידינג,CN,מארז קופסאות למברשת,יחידה,0.00,יחידה,false,,9.90,0.0000,true,1,38702
7290010535606,false,דבק 3 שניות בלוח,,,דבק 3 שניות בלוח,יחידה,0.00,יחידה,false,,9.90,0.0000,true,1,58725
7290010535774,false,קרם רב שימושי אובליפ,,,קרם רב שימושי אובליפ,מיליליטרים,250.00,"100 מ""ל",false,,25.00,0.1000,true,1,21538
7290010546053,false,מנדל גרנולה בריאות קלויה ללא סוכר 400 גר,"מנדל סחר ושיווק בע""מ",IL,מנדל גרנולה-ללא סוכר,גרמים,400.00,100 גרם,false,,18.90,0.0472,true,1,53178
7290010546558,false,גרנולה חלבה תמרים מנדל 400 גר,מנדל,,גרנולה חלבה תמרים 40,גרמים,400.00,100 גרם,false,,18.90,0.0472,true,1,89665
7290010546763,false,חטיף חלבון עם פיצוחים וחמאת בוטנים,,,חטיף חלבון פיצוחים ו,גרמים,120.00,100 גרם,false,,19.90,0.1658,true,1,143134
7290010546770,false,חטיף חלבון עם פיצוחים ושוקולד מריר,,,חטיף חלבון פיצוחים ו,גרמים,120.00,100 גרם,false,,19.90,0.1658,true,1,143133
7290010548514,false,קוביות עשבי תיבול לבישול איטלקי דורות 70 גרם,עיצובים 2020 (3.8),IL,עשבי תיבול לבישול אי,גרמים,70.00,100 גרם,false,,11.00,0.1571,true,1,24293
7290010561032,false,תערובת להכנת לפנקייק אקסטרה ויטמינים ומינרלים 400 גר',אשבל מזון פונקציונלי,IL,תערובת להכנת פנקייק,גרמים,400.00,100 גרם,false,,19.90,0.0497,true,1,106702
7290010561445,false,עוגיות שוקוצ'יפס 180 גרם,אשבל מזון פונקציונלי,IL,ברילי פיתות,גרמים,420.00,100 גרם,false,,19.90,0.0474,true,1,104409
7290010561469,false,מאפה אצבע ללא גלוטן 330 גרם,אשבל מזון פונקציונלי,IL,ברילי לחמניות אצבע,גרמים,330.00,100 גרם,false,,19.90,0.0603,true,1,141193
7290010569120,false,חטיף גלידה שמנת בטעם נוגה עם קרם שוקולד,"מיוצר ע""\י גלידת שטראוס",IL,שלגון פסק זמן,יחידה,0.00,יחידה,false,,8.90,0.0000,true,1,7897
7290010627004,false,טחינה גולמית מסורתית ירושלים 500 ג',"בראשית ירושלים בע""מ",IL,טחינה ירושלים 500 גר,גרמים,500.00,100 גרם,false,,14.90,0.0298,true,1,81756
7290010627011,false,טחינה ירושלים בראשית,טחינה ירושלים,IL,"טחינה ירושלים 1 ק""ג",קילוגרמים,1.00,"ק""ג",false,,28.90,28.9000,true,1,82465
7290010627844,false,טחינה גולמית שומשום מלא ירושלים 500גרם,"טחינה ירושליים בע""מ",IL,טחינה ירושלים 500 מל,גרמים,500.00,100 גרם,false,,14.90,0.0298,true,1,82752
7290010632121,false,כוס אימון עם ידיות ופיה רכה ML360 טוליפס פרמיום,טוליפס Tulips,CN,כוס אימון שאינה מטפט,יחידה,0.00,יחידה,false,,16.90,0.0000,true,1,28653
7290010632138,false,נשכן קור עם ג'ל טוליפס פרמיום,F.H.P CO LT,CN,נשכן קור עם ג'ל,יחידה,0.00,יחידה,false,,10.90,0.0000,true,1,85785
7290010632534,false,כוסות + מכסים - מארז 6 יח',מולינו ניקולי s.p.a,CN,כוס ומכסה נובי,יחידה,0.00,יחידה,false,,24.90,0.0000,true,1,51930
7290010632541,false,קערה ומכסה נובי 6 יחידות,נובי Nuby,CN,קערה ומכסה נובי,יחידה,0.00,יחידה,false,,29.90,0.0000,true,1,45653
7290010632558,false,כפית ארוכה נובי 18יחידות,E. I. CO Ltd,CN,כפיות האכלה 18 יח,יחידה,0.00,יחידה,false,,18.90,0.0000,true,1,36734
7290010632572,false,נובי478-נשכן שרשרת חרוזים,מולינו ניקולי s.p.a,CN,נשכן שרשרת חרוזים,יחידה,0.00,יחידה,false,,31.90,0.0000,true,1,51931
7290010632633,false,מוצץ גומי בליסטר 3יח,B.R Works,IN,מוצץ גומי 3יח,יחידה,0.00,יחידה,false,,12.90,0.0000,true,1,29265
7290010650019,false,אנדיב בלגי אמיתי חוות תקוע,מרינה פטריות הגליל,IL,אנדיב בלגי,גרמים,150.00,100 גרם,false,,13.90,0.0927,true,1,39615
7290010650033,false,בצלצלי שאלוט תקוע אר,חוות פטריות תקוע,NL,בצלצלי שאלוט 350 גר',גרמים,350.00,100 גרם,false,,14.90,0.0426,true,1,43533
7290010650040,false,פטריות שיטאקי חוות תקוע,חוות פטריות תקוע,IL,פטריות שיטאקי טרי או,גרמים,100.00,100 גרם,false,,11.90,0.1190,true,1,26669
7290010650064,false,פטריות יער מיובשות חוות תקוע 25 גרם,חוות תקוע,IL,פטריות יער מיובשות 2,גרמים,20.00,100 גרם,false,,6.40,0.3200,true,1,34902
7290010650088,false,פטריות שמפיניון מיובשות 25 גרם,חוות פטריות תקוע,CN,פטריות שמפיניון מיוב,גרמים,25.00,100 גרם,false,,8.40,0.3360,true,1,38919
7290010650101,false,עגבניות מיובשות חוות תקוע 100 גרם,חוות פטריות תקוע,IL,עגבניות מיובשות,גרמים,100.00,100 גרם,false,,8.40,0.0840,true,1,10321
7290010650194,false,זנגוויל (ג'ינג'ר)ארוז מגשית,"פסח בא בע""מ",CN,זנגוויל ארוז מגשית,גרמים,250.00,100 גרם,false,,8.90,0.0356,true,1,51872
7290010650255,false,לקט פטריות למרק חוות תקוע 25 גרם,חוות פטריות תקוע,CN,לקט פטריות מיובשות ל,גרמים,25.00,100 גרם,false,,11.90,0.4760,true,1,36060
7290010650279,false,לקט פטריות מיובשות לפסטה,חוות פטריות תקוע,IL,לקט פטריות מיובשות ל,גרמים,25.00,100 גרם,false,,11.90,0.4760,true,1,36061
7290010650286,false,בייבי ברוקולי חוות תקוע,,,בייבי ברוקולי,גרמים,350.00,100 גרם,false,,12.90,0.0369,true,1,79421
7290010650293,false,בצלצלי שאלוט מקולף ת,תקוע,,שאלוט קלוף ארוז,גרמים,250.00,100 גרם,false,,12.90,0.0516,true,1,52785
7290010650354,false,שורש כורכום טרי חוות תקוע 120 גרם,פסטה לנסי,IL,כורכום טרי,גרמים,120.00,100 גרם,false,,14.90,0.1242,true,1,52118
7290010650408,false,בצלצלי פנינה תקוע יח,פסטה לנסי,IL,בצלי פנינה 500 גר',גרמים,500.00,100 גרם,false,,14.90,0.0298,true,1,81642
7290010650415,false,עגבניות מיובשות 200 גרם תקוע,חוות פטריות תקוע,TR,עגבניות לחות מגשית,גרמים,200.00,100 גרם,false,,9.40,0.0470,true,1,51720
7290010650538,false,תירס סופר מתוק חוות תקוע,,,תירס סופר מתוק,גרמים,550.00,100 גרם,false,,18.90,0.0344,true,1,51724
7290010650576,false,פטריות שנוקי טרי ארו,חוות פטריות תקוע,IL,פטריות שינוקי,גרמים,150.00,100 גרם,false,,9.90,0.0660,true,1,51836
7290010650590,false,ריזוטו פטריות חוות תקוע,חוות פטריות תקוע,IL,ריזוטו פטריות,גרמים,275.00,100 גרם,false,,15.90,0.0578,true,1,51837
7290010650668,false,למון גראס -חוות תקוע,ביכורי השקמה,IL,למון גראס -חוות תקוע,יחידה,0.00,יחידה,false,,10.90,0.0000,true,1,53521
7290010650767,false,אנדיב אדום 220 גרם,פמילי,IL,אנדיב אדום ארוז,יחידה,0.00,יחידה,false,,19.90,0.0000,true,1,77614
7290010650798,false,לקט בורגול ופטריות חוות תקוע,קרלו,IL,לקט בורגול ופטריות,גרמים,310.00,100 גרם,false,,13.90,0.0448,true,1,93782
7290010650804,false,תבשיל פתיתים ופטריות,,,לקט פתיתים ופטריות,גרמים,235.00,100 גרם,false,,13.90,0.0591,true,1,93783
7290010650828,false,פטריות שימג'י חוות תקוע 150 גרם,שנגחאי פינק פוד קומפני,CN,פטריות שימג'י לבן,יחידה,0.00,יחידה,false,,10.90,0.0000,true,1,93315
7290010650903,false,עגבניות לחות בתיבול אורגנו 200 גרם,חקלאי,TR,עגבניות לחות עם אורג,גרמים,200.00,100 גרם,false,,9.40,0.0470,true,1,99950
7290010650910,false,עגבניות לחות בתיבול אורגנו ושום 200 גרם,,,עגבניות לחות עם אורג,גרמים,200.00,100 גרם,false,,9.40,0.0470,true,1,99951
7290010650989,false,תירס לבן מתוק תקוע,,,תירס לבן מתוק תקוע,גרמים,600.00,100 גרם,false,,21.90,0.0365,true,1,102355
7290010650996,false,"פטריות שי מג'י חומות, 150 גרם חוות תקוע",שנגחאי פינק פוד קומפני,CN,פטריות שימג'י חום,גרמים,150.00,100 גרם,false,,10.90,0.0727,true,1,107505
7290010657254,false,סרדינים מרוקאי בשמן צמחי 125 ג',יוניון דה פחריס,MA,סרדין קזבלנקה בשמן ס,גרמים,125.00,100 גרם,false,,4.40,0.0352,true,1,34673
7290010657292,false,צלפים בחומץ צנצנת 35,פ.ח סאנצאס,ES,צלפים בחומץ,גרמים,370.00,100 גרם,false,,12.50,0.0338,true,1,80188
7290010657315,false,עלי גפן ממולאים סטאר,,,עלי גפן ממולאים סטאר,גרמים,400.00,100 גרם,false,,9.40,0.0235,true,1,46637
7290010657506,false,סרדין קזבלנקה בשמן ז,יוניון דה פחריס,MA,סרדין קזבלנקה בשמן ז,גרמים,125.00,100 גרם,false,,5.60,0.0448,true,1,25079
7290010657551,false,סרדין מרוקאי ברוטב עגבניות סטאר פוד 125 ג',יוניון דה פחריס,MA,סרדין קזבלנקה ברוטב,יחידה,0.00,יחידה,false,,4.40,0.0000,true,1,43178
7290010657568,false,סרדין מרוקאי בשמן ולימון סטאר פוד 125 ג',יוניון דה פחריס,MA,סרדין קזבלנקה בשמן ס,גרמים,125.00,100 גרם,false,,4.90,0.0392,true,1,27711
7290010657681,false,פילה מקרל בשמן צמחי 125 ג קזבלנקה,יוניון דה פחריס,,פילה מקרל בשמן צמחי,גרמים,125.00,100 גרם,false,,7.90,0.0632,true,1,31877
7290010657704,false,פילה מקרל בשמן זית 125 ג קזבלנקה,יוניון דה פחריס,,פילה מקרל בשמן זית,גרמים,125.00,100 גרם,false,,9.40,0.0752,true,1,39241
7290010657728,false,אמנדה סטר פוד כבד דג שיבוט 115גר,,,כבד דג שיבוט בשמן הד,גרמים,120.00,100 גרם,false,,11.90,0.0992,true,1,104903
7290010657834,false,"ראניה סטר פוד מי ורדים 510 מ""ל",אלימאד פוד,BE,מי ורדים 400 גר',יחידה,400.00,יחידה,false,,16.90,0.0422,true,1,30574
7290010657940,false,"שמן שומשום 200 מ""ל",,,"שמן שומשום 200 מ""ל",מיליליטרים,200.00,"100 מ""ל",false,,14.90,0.0745,true,1,145227
7290010748853,false,"ד""ר פישר - אפקטיב קר קרם ידיים סנסיטיב 150 מ""ל",פישר מעבדות פרמצבטיות בע,IL,קרם ידיים וציפורניים,מיליליטרים,150.00,"100 מ""ל",false,,16.90,0.1127,true,1,20792
7290010748860,false,"ד""ר פישר - אפקטיב קר קרם ידיים אינטנסיב 150 מ""ל",פישר מעבדות פרמצבטיות בע,IL,קרם ידיים וציפורניים,מיליליטרים,150.00,"100 מ""ל",false,,16.90,0.1127,true,1,19733
7290010748884,false,אפקטיב קר קרם גוף אינטנסיב לעור יבש במיוחד ח 700,פישר מעבדות פרמצבטיות,IL,ק.גוף אפקטיב קר יבש,מיליליטרים,700.00,"100 מ""ל",false,,32.90,0.0470,true,1,21580
7290010748891,false,אפקטיב קר קרם גוף מולטי ויטמין לעור רגיל יבש ח 7,פישר מעבדות פרמצבטיות בע,IL,ק.גוף אפקטיב קר רגיל,מיליליטרים,700.00,"100 מ""ל",false,,32.90,0.0470,true,1,23480
7290010766307,false,רוטב לפסטה בולונז אוליביה 420 ג' אסם,אוליביה,IL,רוטב פסטה בולונז,גרמים,420.00,100 גרם,false,,13.90,0.0331,true,1,8991
7290010766697,false,רוטב שקשוקה אוליביה 415 גרם,קריות זול,IL,רוטב שקשוקה,גרמים,415.00,100 גרם,false,,13.90,0.0335,true,1,25606
7290010766734,false,רוטב פיצה אוליביה אסם 430 ג',אוליביה,IL,רוטב פיצה 415 גר',גרמים,415.00,100 גרם,false,,13.90,0.0335,true,1,27676
7290010766949,false,ממרח תחתיות ארטישוק 180ג' אוליביה,אוליביה,IL,ממרח תחתיות ארטישוק,גרמים,180.00,100 גרם,false,,13.90,0.0772,true,1,37126
7290010766956,false,ממרח פלפלים מתוקים אדומים אוליביה 180 גרם,אוליביה גורמה בעמ,IL,ממרח פלפלים קלויים א,גרמים,180.00,100 גרם,false,,13.90,0.0772,true,1,37127
7290010778065,false,"ניוקי תפו""א פסטה טרי",פסטה דיאורו,IL,"ניוקי תפו""א פסטה טרי",גרמים,500.00,100 גרם,false,,19.90,0.0398,true,1,48372
7290010778089,false,טורטליני גבינה 500גר,פסטה דיאורו,IL,טורטליני גבינה,יחידה,0.00,יחידה,false,,36.90,0.0000,true,1,55142
7290010778126,false,"רוטב פסטו ""פסטה ד'יא",פסטה דיאורו,IL,"רוטב פסטו ""פסטה ד'יא",גרמים,220.00,100 גרם,false,,23.90,0.1086,true,1,48477
7290010778157,false,רביולי ריקוטה ותרד 5,פסטה דיאורו,IL,ריביולי ריקוטה תרד,גרמים,500.00,100 גרם,false,,31.90,0.0638,true,1,48374
7290010778164,false,ריביולי ריקוטה ופטרי,פסטה דיאורו,IL,ריביולי ריקוטה ופטרי,גרמים,500.00,100 גרם,false,,31.90,0.0638,true,1,48375
7290010778171,false,רביולי בטטה 500גר,פסטה דיאורו,IL,ריביולי בטטה,גרמים,500.00,100 גרם,false,,31.90,0.0638,true,1,48376
7290010778188,false,רביולי 4 גבינות 500ג,פסטה דיאורו,IL,ריביולי 4 גבינות,גרמים,500.00,100 גרם,false,,31.90,0.0638,true,1,48377
7290010778201,false,רוטב לפסטה שמנת אלפר,פסטה דיאורו,IL,רוטב לפסטה שמנת אלפר,גרמים,240.00,100 גרם,false,,21.90,0.0912,true,1,48378
7290010778218,false,רוטב לפסטה שמנת ופטר,פסטה דיאורו,IL,רוטב לפסטה שמנת ופטר,גרמים,240.00,100 גרם,false,,21.90,0.0912,true,1,48379
7290010778256,false,ריביולי ריקוטה פרמזן,פסטה דיאורו,IL,ריביולי ריקוטה פרמזן,גרמים,500.00,100 גרם,false,,31.90,0.0638,true,1,48381
7290010778263,false,רביולי גבינות צאן 50,פסטה דיאורו,IL,ריביולי גבינות צאן,גרמים,500.00,100 גרם,false,,31.90,0.0638,true,1,48382
7290010778300,false,רביולי מוצרלה 500גר,פסטה דיאורו,IL,ריביולי מוצרלה,גרמים,500.00,100 גרם,false,,31.90,0.0638,true,1,48552
7290010778485,false,רוטב לפסטה שמנת בטטה,פסטה דיאורו,IL,רוטב לפסטה שמנת בטטה,גרמים,240.00,100 גרם,false,,21.90,0.0912,true,1,48384
7290010791538,false,מזון חתולים לה קט דליקטס עוף גורמה 85 גרם,מנדלז סי.אר. פרודקשן,TH,לה קט עוף גורמה 85 ג,גרמים,85.00,100 גרם,false,,5.50,0.0647,true,1,22928
7290010791545,false,מזון חתולים לה קט דליקטס פטה כבד 85 גרם,"הייקיו, תאילנד",TH,לה קט דליקטס פטה כבד,גרמים,85.00,100 גרם,false,,5.50,0.0647,true,1,24708
7290010791552,false,לה-קט דליקטס טונה ברוטב 85 גר',"הייקיו, תאילנד",TH,לה קט דליקטס טונה,גרמים,85.00,100 גרם,false,,5.50,0.0647,true,1,25783
7290010791576,false,מזון חתולים לה קט דליקטס דגי אוקיאנוס 85 גרם,"הייקיו, תאילנד",TH,לה קט דליקטס דגי אוק,גרמים,85.00,100 גרם,false,,5.50,0.0647,true,1,22929
7290010791644,false,בונזו ג'וי מקלוני עןוף 90ג,בונזו,CN,בונזו גו'י מקלוני עו,גרמים,90.00,100 גרם,false,,17.00,0.1889,true,1,53258
7290010814695,false,שוקולד מריר פרווה ללא תוספת סוכר כרמית 85 גרם,כרמית תעשיות ממתקים בעמ,IL,שוקולד מריר ללא תוספ,גרמים,85.00,100 גרם,false,,5.90,0.0694,true,1,32890
7290010814701,false,שוקולד חלב ללא תוספת סוכר וסטהיים,"כרמית תעשיות ממתקים בע""\",IL,שוקולד חלב ללא תוספת,גרמים,85.00,100 גרם,false,,5.90,0.0694,true,1,33122
7290010838424,false,ג'ל לניקוי מתקדם בניחוח רענן - מארז זוג,"איטיליאן פוד, אס.פי.",NL,טואלט דאק * 750זוג *,ליטרים,1.50,ליטר,false,,17.90,11.9333,false,1,16676
7290010838431,false,דאק נוזל לניקוי אסלות זוג בניחוח ים 2*750 מל,מיוצר עי קונדיטוריית,NL,טואלט דאק * 750זוג *,ליטרים,1.50,ליטר,false,,17.90,11.9333,false,1,16677
7290010849529,false,יין למברוסקו די לואיג'י ביאנקו,פארייפאבה אגרואינדוס,IT,למברוסקו די לואיג'י,מיליליטרים,750.00,"100 מ""ל",false,,24.90,0.0332,true,1,58295
7290010883042,false,"סנובון נוזלי אפקט קצף פעיל רענן תות 750 מ""ל",סנו מפעלי ברונוס בעמ,IL,סנובון נוזלי תות,מיליליטרים,750.00,"100 מ""ל",false,,9.90,0.0132,true,1,21166
7290010922055,false,"ליצ'י קפוא 250 גרם - Shake It - בד""ץ עדה חרדית","הבו-קדו בע""\מn\",IL,ליצ'י קפוא 250 גר',גרמים,250.00,100 גרם,false,,8.90,0.0356,true,1,145176
7290010922857,false,"מנגו קפוא 250 גרם - Shake It - בד""ץ עדה חרדית","הבו-קדו בע""\מn\",IL,מנגו קפוא 250 גר',גרמים,250.00,100 גרם,false,,8.90,0.0356,true,1,145178
7290010922949,false,תות שדה קפוא 250 גרם - Shake It,"הבו-קדו בע""\מn\",IL,תות שדה קפוא 250 גר',גרמים,250.00,100 גרם,false,,8.90,0.0356,true,1,107565
7290010945146,false,קוטג' 3% מועשר בסידן טרה 250 ג' מהדרין,קריות זול,IL,קוט'ג 3% מועשר טרה,גרמים,250.00,100 גרם,false,,5.90,0.0236,false,1,23821
7290010945306,false,חלב בקרטון 3% 2 ליטר טרה,הפריט בפיקוח,IL,חלב 2 ליטר מהדרין,ליטרים,2.00,ליטר,false,,12.46,6.2300,false,1,5915
7290010945450,false,גבינה לבנה 3% 250 גר מועשר בסידן וויטמין,הפריט בפיקוח,IL,גבינה לבנה 3% 250 גר,גרמים,250.00,100 גרם,false,,4.98,0.0199,false,1,5920
7290010945481,false,גבינה לבנה טרה 5% מרכיבים טבעיים,הפריט בפיקוח,IL,גבינה לבנה 5% 500 גר,גרמים,500.00,100 גרם,false,,9.96,0.0199,false,1,32497
7290011015862,false,"פריגת סירופ דיאט לימונענע 750 מ""ל",סירופ - גבעת חיים,IL,סירופ דיאט לימון נענ,יחידה,750.00,יחידה,false,,22.90,0.0305,true,1,34958
7290011015985,false,"סירופ בטעם דיאט אננס 750 מ""ל פריגת",סירופ - גבעת חיים,IL,סירופ דיאט אננס 750,מיליליטרים,750.00,"100 מ""ל",false,,22.90,0.0305,true,1,46773
7290011017866,false,קוקה קולה קלאסי בפחית,החברה המרכזית לייצור משקאות,IL,קוקה קולה פחית,מיליליטרים,330.00,"100 מ""ל",false,,5.50,0.0167,false,1,46951
7290011017873,false,"פחיות קוקה קולה זירו 330 מ""ל",החברה המרכזית לייצור משקאות,IL,קוקה קולה זירו פחית,מיליליטרים,330.00,"100 מ""ל",false,,5.00,0.0152,true,1,49267
7290011017880,false,דיאט קוקה קולה פחית סליק 330מל,החברה המרכזית לייצור משקאות,IL,דיאט קולה פחית 330,מיליליטרים,330.00,"100 מ""ל",false,,5.00,0.0152,false,1,49780
7290011018184,false,פיוז טי תה קר בטעם אפרסק,מבשלות בירה בינלאומי,IL,FUZE tea אפרסק 0.5 ל,מיליליטרים,500.00,"100 מ""ל",false,,6.90,0.0138,true,1,46422
7290011018245,false,פיוז טי אפרסק בק.זכוכית 330מל,,,פיוז תה אפרסק 330 בק,מיליליטרים,330.00,"100 מ""ל",false,,5.90,0.0179,true,1,99022
7290011018368,false,ויינשטפן בירת חיטה לא מסוננת,"ויינשטפן, ת.ד 1155 פ",DE,שישיה בירה ויינשטפן,ליטרים,1.98,ליטר,false,,69.90,35.3030,false,1,49209
7290011018443,false,"פנטה אורנג פחית סליק 330 מ""ל",החברה המרכזית לייצור משקאות,IL,פאנטה אורנ'ג פחית,מיליליטרים,330.00,"100 מ""ל",false,,5.50,0.0167,true,1,49757
7290011018924,false,"מארז פחיות דיאט קוקה קולה שישייה 330 מ""ל",החברה המרכזית לייצור משקאות,IL,מארז שישיית פחיות די,ליטרים,1.98,ליטר,false,,22.90,11.5657,false,1,50180
7290011026066,false,"ד""ר פישר - סרקל שמפו + מרכך לילדים 1 ליטר",פישר מעבדות פרמצבטיות בע,IL,סרקל שמפו+מרכך 1 ליט,ליטרים,1.00,ליטר,false,,27.90,27.9000,true,1,10813
7290011026516,false,קמיל בלו קרמאף 30 גרם,"ד""ר פישר Dr fischer",IL,קמיל בלו קרמאף 30 גר,גרמים,30.00,100 גרם,false,,22.90,0.7633,true,1,140625
7290011026530,false,ק.ב סנסטיב אל סבון לבנדר קמומיל לפני השינה 500 מ,פישר מעבדות פרמצבטיות בע,IL,אל סבון לתינוק לפני,מיליליטרים,500.00,"100 מ""ל",false,,19.90,0.0398,true,1,10815
7290011064020,false,בולגרית למריחה בטעמים 200 גר,גבינות אמיר ניצן בעמ,IL,בולגרית בעיר עם תוספ,גרמים,200.00,100 גרם,false,,13.90,0.0695,true,1,100390
7290011064075,false,מעדן לבנה מסבחה -אבו גוש 200 גרם,גבינות אמיר ניצן בעמ,IL,לאבנה אבו גוש 200 גר,גרמים,200.00,100 גרם,false,,13.90,0.0695,true,1,100416
7290011064099,false,ירקות או פרות ממולאים במעדן גבינה ניצן 125 גרם,גבינות אמיר ניצן בעמ,IL,ניצן-טאפס שכונתי פלפ,גרמים,125.00,100 גרם,false,,21.90,0.1752,true,1,47086
7290011065416,false,פלפל שחור מטחנה מימונס 60 גרם,"א.ל ייצור ושיווק תבלינים בע""מ",IL,פלפל שחור במטחנה 60,גרמים,60.00,100 גרם,false,,17.90,0.2983,true,1,145531
7290011065430,false,צ'ילי מטחנה מימונס 50 גרם,א.ל ייצור ושיווק תבל,,צ'ילי מטחנה 50 גר',גרמים,50.00,100 גרם,false,,17.90,0.3580,true,1,145532
7290011081492,false,גלידה בטעם שלושה שוקולדים 1.33ל' קרמיסימו,"גלידת שטראוס בע""\מ, רחוב",IL,קרמיסימו שלושה שוקול,ליטרים,1.33,ליטר,false,,24.90,18.7218,false,1,23220
7290011081690,false,קרמיסימו פרווה שוקו ציפ+וניל ציפ 1.33ל,"גלידת שטראוס בע""\מ, רחוב",IL,קרמיסימו פרווה שוקו,ליטרים,1.33,ליטר,false,,24.90,18.7218,false,1,26144
7290011091149,false,קייטג'ון 150 גרם,תבליני הדור השלישי,IL,קייטג'ון 150 גרם,גרמים,150.00,100 גרם,false,,14.90,0.0993,true,1,142131
7290011091354,false,תבלין שווארמה ופרגיות 120 גרם,תבליני הדור השלישי,IL,תבלין לשווארמה,גרמים,120.00,100 גרם,false,,14.90,0.1242,true,1,93493
7290011091408,false,תבליין חוויג מרק 120,תבליני הדור השלישי,IL,חוויג' למרק,גרמים,120.00,100 גרם,false,,14.90,0.1242,true,1,93495
7290011091460,false,כורכום טחון 150 גרם,תבליני הדור השלישי,IL,כורכום,גרמים,150.00,100 גרם,false,,14.90,0.0993,true,1,93498
7290011091491,false,קינמון טחון 120 גרם,תבליני הדור השלישי,IL,קינמון טחון,גרמים,120.00,100 גרם,false,,14.90,0.1242,true,1,93501
7290011091507,false,פלפל שחור טחון 120 גרם,תבליני הדור השלישי,IL,פלפל שחור טחון,גרמים,100.00,100 גרם,false,,14.90,0.1490,true,1,93519
7290011091521,false,פרג תבלין כמון טחון 120ג,תבליני הדור השלישי,IL,כמון טחון,גרמים,120.00,100 גרם,false,,14.90,0.1242,true,1,93503
7290011091590,false,פפריקה חריפה 150 גרם,תבליני הדור השלישי,IL,פפריקה חריפה,גרמים,150.00,100 גרם,false,,14.90,0.0993,true,1,93505
7290011091606,false,פפריקה מתוקה 150 גרם פרג,תבליני הדור השלישי,IL,פפריקה מתוקה,גרמים,150.00,100 גרם,false,,14.90,0.0993,true,1,93506
7290011091651,false,שום גבישי פרג 150 גר,תבליני הדור השלישי,IL,שום גבישי,גרמים,150.00,100 גרם,false,,14.90,0.0993,true,1,93509
7290011091958,false,צ'ילי מקסיקני 80 גרם,תבליני הדור השלישי,IL,צ'ילי מקסיקני,גרמים,80.00,100 גרם,false,,14.90,0.1863,true,1,93510
7290011115166,false,נקה 7 ארומה סבון נוזלי לבנדר 1 ל',טרופיקל דגיל תעשיות,IL,נקה תחליב רחצה סגול,ליטרים,1.00,ליטר,false,,13.90,13.9000,true,1,21375
7290011115203,false,אל סבון מוצק מבושם בניחוח עדין קלאסיק - מארז רביעיה,טרופיקל דגיל תעשיות,IL,נקה 7-סבון מוצק ורוד,גרמים,400.00,100 גרם,false,,11.90,0.0298,true,1,24983
7290011115241,false,אל סבון ארומטי מוצק ורוד ורד ויסמין - מארז רביעיה,"גליל כימיכלים בע""מ",IL,נקה 7 ארומה - סבון מ,גרמים,400.00,100 גרם,false,,11.90,0.0298,true,1,25224
7290011115258,false,אל סבון מוצק מבושם בניחוח עדין קלאסיק - מארז רביעיה,"גליל כימיכלים בע""מ",IL,נקה 7 סבון מוצק ירוק,גרמים,400.00,100 גרם,false,,11.90,0.0298,true,1,24984
7290011115265,false,מארז סבון מוצק ארומה אל סבון מועשר בשמנים ארומטיים,"גליל כימיכלים בע""מ",IL,נקה 7 ארומה - סבון מ,גרמים,400.00,100 גרם,false,,11.90,0.0298,true,1,24985
7290011115272,false,אל סבון מוצק מועשר בקרם לחות צמחים - מארז רביעיה,קוסמופארם בע''מ,IL,נקה 7 לחות - סבון מו,גרמים,400.00,100 גרם,false,,11.90,0.0298,true,1,24751
7290011115401,false,אל סבון ארומטי מוצק צהוב קמומיל - רביעייה,נקה 7,IL,נקה 7 ארומה - סבון מ,גרמים,400.00,100 גרם,false,,11.90,0.0298,true,1,29068
7290011126209,false,הגן הקסום תה טעם תפוח וקינמון סיידר ויסוצקי 25 יח',תה ויסוצקי,IL,תה חליטת תפוח וקינמו,גרמים,55.00,100 גרם,false,,18.90,0.3436,false,1,21177
7290011126216,false,תה רויבוש קלאסי ויסוצקי 25 יחידות,תה ויסוצקי,IL,חליטת רויבוש קלאסית,גרמים,50.00,100 גרם,false,,25.90,0.5180,true,1,20777
7290011126452,false,הגן הקסום תה בטעם קמומיל ונענע ויסוצקי 25 יחידות,תה ויסוצקי,IL,תה חליטת קמומיל ונענ,גרמים,37.50,100 גרם,false,,18.90,0.5040,false,1,25637
7290011126469,false,חליטת צמחים וקמומיל הגן הקסום ויסוצקי 25 יחידות,תה ויסוצקי,IL,תה חליטת קמומיל ודבש,גרמים,37.50,100 גרם,false,,18.90,0.5040,false,1,25638
7290011126940,false,תה ירוק ויסוצקי בתוספת מרווה 25 שקיקים,ויסוצקי ירוק,IL,תה ירוק בתוספת מרווה,גרמים,37.50,100 גרם,false,,24.90,0.6640,false,1,30759
7290011126957,false,תה ירוק ויסוצקי ארל גריי 25 שקיקים,ויסוצקי ירוק,IL,תה ירוק ארל גריי 25,גרמים,37.50,100 גרם,false,,24.90,0.6640,false,1,30760
7290011131050,false,גרנולה בתוספת פקאן 1 קילו גרין,ויטליאה ניקולה דו,MK,"גרנולה 1 ק""ג פקאן",קילוגרמים,1.00,"ק""ג",false,,24.90,24.9000,true,1,50280
7290011131654,false,מוזלי קראנצ'י ביג מיקס עם פירות ואגוזים,ויטליה ניקולא דו,MK,"מיזלי 1 ק""ג ביג מיקס",קילוגרמים,1.00,"ק""ג",false,,24.90,24.9000,true,1,57936
7290011131968,false,"גרנולה בתוספת שקדים ואגוזים גרין 1 ק""ג",ויטליה ניקולא דו,MK,"גרנולה 1 ק""ג אגוזים.",גרמים,1.00,גרם,false,,24.90,24.9000,true,1,33283
7290011133375,false,בירה שנדי בתוספת משקה אפרסק - שישייה,"טמפו משקאות בע""מ",IL,שנדי אפרסק שישיה 330,ליטרים,1.98,ליטר,false,,31.90,16.1111,false,1,32274
7290011133634,false,"פפסי מקס פחית צרה מארז שישייה 330 מ""ל","טמפו משקאות בע""\מ",IL,פפסי פחית צרה שישייה,ליטרים,1.98,ליטר,false,,18.90,9.5455,true,1,98620
7290011148959,false,פלפל טינקרבל יח שמיטה,"מרינה פטריות הגליל בע""מ",IL,פלפל טינקרבל,יחידה,0.00,יחידה,false,,8.90,0.0000,true,1,46456
7290011153885,false,נייר אכיל ממותג דיסני,שמחה זה אנחנו,,נייר אכיל לעוגות,יחידה,0.00,יחידה,false,,18.40,0.0000,true,1,75175
7290011154080,false,"תרכיז תפוחים צלול טעמי הגליל 500 מ""ל",טעמי הגליל,IL,תרכיז תפוחים צלול טע,מיליליטרים,500.00,"100 מ""ל",false,,22.90,0.0458,true,1,100866
7290011174040,false,גזר ננסי 800 ג' פרי הגליל,פרי הגליל בעמ,IL,גזר ננסי פרי גליל,גרמים,800.00,100 גרם,false,,9.90,0.0124,true,1,10486
7290011174323,false,"צ'יפס אמריקאי פרי הגליל 1.5 ק""ג","פרי הגליל בע""""מ",IL,צ'יפס אמריקאי 1.5 קי,יחידה,1.50,יחידה,false,,17.90,11.9333,true,1,24345
7290011174866,false,צ'יפס בטטה פרי הגליל 700 גרם,פרי הגליל,IL,צ'יפס בטטה 700גר פרי,גרמים,700.00,100 גרם,false,,14.90,0.0213,true,1,90716
7290011174897,false,אפונה עדינה פרי גליל 600 גר',"פרי הגליל בע""""מ",IL,אפונה עדינה 600 גר,גרמים,600.00,100 גרם,false,,13.90,0.0232,true,1,24494
7290011194215,false,מעדן גבינה ויוגורט בטעם בננה 5% שומן 88 ג' דניאלה,"שטראוס בריאות בע""מ",IL,דניאלה בננה 5%,מיליליטרים,150.00,"100 מ""ל",false,,4.10,0.0273,true,1,23869
7290011194246,false,קוטג' 5% עם סידן 250 ג' שטראוס,מיוצר עי קונדיטוריית,IL,קוטג' שטראוס 5%,גרמים,250.00,100 גרם,false,,6.00,0.0240,false,1,7761
7290011223038,false,בונומי עלים לקרמשניט שכבות אפויות מבצק עלים 300 גרם,בונומי ס.פ.א,IT,עלים לקרמשניט - בונו,גרמים,300.00,100 גרם,false,,16.00,0.0533,true,1,37710
7290011223045,false,בישקוטים בונומי 200 גרם,בונומי ס.פ.א,IT,בישקוטים בונומי 200ג,גרמים,200.00,100 גרם,false,,7.50,0.0375,true,1,37817
7290011223205,false,ריבת חלב ארגנטינאית דולקור דאנש 450 גרם,אשבל מזון פונקציונלי,IL,ריבת חלב ארגנטינאית,גרמים,454.00,100 גרם,false,,16.90,0.0372,true,1,20318
7290011223243,false,"טואלט דאק ג'ל לאסלה בניחוח לבנדר 55 מ""ל","איטיליאן פוד, אס.פי.",IT,ט.ד ג'ל אסלה ניחוח ל,מיליליטרים,55.00,"100 מ""ל",false,,10.90,0.1982,true,1,24112
7290011233068,false,עוגת אגוזים/הונגרי,,,עוגת אגוזים/הונגרי,יחידה,0.00,יחידה,false,,39.90,0.0000,true,1,92681
7290011233082,false,עוגת פרג ענת טרלובסקי 700ג',,IL,עוגה של ענת טרלובסקי,יחידה,0.00,יחידה,false,,39.90,0.0000,true,1,52969
7290011233099,false,עוגת נשיקולד ענת טרלובסקי 300 גרם,,IL,העוגיות של ענת,גרמים,330.00,100 גרם,false,,39.90,0.1209,true,1,52970
7290011249212,false,וופל עלמה בלגי לימון 200 גר' ללא סוכר,"גילרו בע""מ",IL,וופל גילרו 200 גר' ב,גרמים,200.00,100 גרם,false,,3.20,0.0160,true,1,44817
7290011249748,false,רולים גלילי ופל במילוי קרם שוקולד 100 ג' עלמה,"גילרו בע""מ",IL,רולים גלילי וופל בטע,גרמים,100.00,100 גרם,false,,3.50,0.0350,true,1,56579
7290011249755,false,רולים גלילי ופל במילוי קרם אגוזים 100 ג' עלמה,"גילרו בע""מ",IL,רולים אגוזים 100 גר',גרמים,100.00,100 גרם,false,,3.50,0.0350,true,1,57345
7290011302962,false,ערמונים טריים אלטאי,מוצר חקלאי טרי,CN,ערמונים טריים,קילוגרמים,1.00,"ק""ג",false,,29.90,29.9000,true,1,84453
7290011303570,false,מעדן רימון דודה ברטה,,IL,מעדן ללא סוכר רימון,גרמים,284.00,100 גרם,false,,13.90,0.0489,true,1,142149
7290011332983,false,מגבונים לניקוי אף מגבונאף קמיל בלו- מארז שלישייה,פישר מעבדות פרמצבטיות בע,IL,"מגבונים לניקוי אף ד""",יחידה,0.00,יחידה,false,,24.90,0.0000,true,1,20795
7290011378028,false,חלבה קלאסית וניל ללא תוספת סוכר בארכה 350 גרם,"רושדי תעשיות מזון בע""\מ",IL,חלבה בארכה שומשום לל,גרמים,350.00,100 גרם,false,,15.90,0.0454,true,1,25336
7290011378233,false,"חטיפי חלווה בארכה 126 גרם מארז 7 יחידות לל""ס","רושדי תעשיות מזון בע""\מ",IL,מאגדת 6 חטיפי חלבה ל,גרמים,108.00,100 גרם,false,,11.90,0.1102,true,1,51811
7290011378769,false,חטיף חלווה וניל בארכה 126 גרם מארז 7 יחידות,"רושדי תעשיות מזון בע""\מ",IL,מאגדת 6 יחידות חטיף,יחידה,0.00,יחידה,false,,11.90,0.0000,true,1,47254
7290011379018,false,פטריות טריות מיקס מרינה זוגי 250X2ג',"מרינה פטריות הגליל בע""מ",IL,מארז פטריות צמד חמד,גרמים,500.00,100 גרם,false,,15.90,0.0318,true,1,36185
7290011379025,false,"פלפל צ'ילי ""מרינה""","מרינה פטריות הגליל בע""מ",IL,"פלפל צ'ילי ""מרינה""",יחידה,0.00,יחידה,false,,5.90,0.0000,true,1,36820
7290011392055,false,אקווה פרש מברשת סופט פלקס 3 יחידות,גלקסוסמיתקליין,DE,מברשת שיניים פלקס של,יחידה,0.00,יחידה,false,,10.90,0.0000,true,1,25515
7290011438142,false,"משקה יטבתה אייס קפה בבקבוק אישי 350 מ""ל",שטראוס גרופ,IL,משקה אייס קפה 2%,מיליליטרים,350.00,"100 מ""ל",false,,6.40,0.0183,true,1,23060
7290011447267,false,מטרנה פרימיום חלבי שלב 1 700 גרם חיסכון,מטרנה תעשיות ש.מ,IL,מטרנה חלבי שלב1,גרמים,700.00,100 גרם,false,,60.00,0.0857,false,1,26480
7290011447304,false,מטרנה פרימיום חלבי שלב 3 700 גרם חיסכון,מטרנה תעשיות ש.מ,IL,מטרנה שלב 3 חלבי 700,גרמים,700.00,100 גרם,false,,60.00,0.0857,false,1,26322
7290011459031,false,נופר אטבי כביסה כחול ולבן 10 יח',cossato,IT,נופר-אטבי כביסה,יחידה,0.00,יחידה,false,,5.90,0.0000,true,1,47039
7290011459253,false,"מגב פלסטיק איכותי 55 ס""מ נופר",,,מגב פלסטיק איכותי,יחידה,0.00,יחידה,false,,20.00,0.0000,true,1,47016
7290011459307,false,מגב מילניום פטנט נופר,רפקו,IL,מגב פטנט,יחידה,0.00,יחידה,false,,23.90,0.0000,true,1,46540
7290011459314,false,מטאטא לקה נופר,Mascot,IT,מטאטה לקה,יחידה,0.00,יחידה,false,,19.90,0.0000,true,1,47017
7290011459390,false,"מברשת לניקוי שטיחים ""נופ",,IL,מברשת שטיחים,יחידה,0.00,יחידה,false,,8.90,0.0000,true,1,106785
7290011459536,false,מנקה אבק נוצות מפואר,ideal houseware,IL,מנקה אבק נוצות מפואר,יחידה,0.00,יחידה,false,,15.00,0.0000,true,1,47012
7290011459574,false,מטאטא כביש נופר,,,מטאטא כביש נופר,יחידה,0.00,יחידה,false,,20.90,0.0000,true,1,49308
7290011459642,false,סט קולבים 6 יחי',,IL,סט קולבים 6 יח',יחידה,0.00,יחידה,false,,12.00,0.0000,true,1,47019
7290011459741,false,מברשת לניקוי בקבוקים נופר,Ningbo cleaning indu,CN,מברשת לניקוי בקבוקים,יחידה,0.00,יחידה,false,,5.00,0.0000,true,1,47057
7290011459789,false,מגב חלון מתכת 25,,,מגב חלון מתכת 25,יחידה,0.00,יחידה,false,,9.90,0.0000,true,1,46543
7290011459857,false,מגב סיליקון איכותי+מקל מתכת,Ningbo cleaning indu,CN,מגב סיליקון,יחידה,0.00,יחידה,false,,34.90,0.0000,true,1,47053
7290011461058,false,גומא - מקלות ריחניים,יושלם,,ארומה בוקה,יחידה,0.00,יחידה,false,,19.90,0.0000,true,1,33217
7290011473006,false,קינואה אורגני לבנה 500 גרם,תבואות,BO,קינואה אורגנית 500 ג,גרמים,500.00,100 גרם,false,,14.90,0.0298,true,1,47045
7290011473051,false,קוואקר עבה אורגני 500 גרם,ארוז ע' תבואות,GB,קוואקר אורגני תבואות,גרמים,500.00,100 גרם,false,,10.00,0.0200,true,1,49091
7290011473082,false,אורז בסמטי מלא אורגני 500 גר,תבואות,IN,תבואות-אורז בסמטי מל,גרמים,500.00,100 גרם,false,,11.90,0.0238,true,1,49846
7290011473099,false,אורז עגול מלא אורגני 500 גר,תבואות,IT,אורז עגול מלא אורגני,מיליליטרים,500.00,"100 מ""ל",false,,9.90,0.0198,true,1,49823
7290011473112,false,אורז אדום אורגני 500 גרם תבואות,תבואות,,אורז אדום 500 גר',גרמים,500.00,100 גרם,false,,14.50,0.0290,true,1,50378
7290011473129,false,גרעיני חמניות קלוף אורגני 300 גרם,תבואות,US,תבואות חמניות קלופות,גרמים,300.00,100 גרם,false,,10.90,0.0363,true,1,50960
7290011473136,false,גרעיני דלעת קלוף אורגני 300 גרם,תבואות,,גרעיני דלעת קלופים 3,גרמים,300.00,100 גרם,false,,16.90,0.0563,true,1,50046
7290011473143,false,קוסקוס אורגני תבואות500ג,תבואות,FR,קוסקוס מלא אורגני,גרמים,500.00,100 גרם,false,,11.90,0.0238,true,1,48942
7290011473150,false,שומשום מלא אורגני 400 גרם,תבואות,BO,תבואות שומשום מלא או,גרמים,400.00,100 גרם,false,,12.90,0.0323,true,1,51737
7290011473181,false,עדשים שחורים אורגני 500 גרם תבאות,ארוז ע' תבואות,CA,עדשים שחורות אורגני,יחידה,0.00,יחידה,false,,15.00,0.0000,true,1,46992
7290011473198,false,"עדשים חומים אורגני 500 גרם ""תבואות""",,TR,תבואות עדשים חומים א,גרמים,500.00,100 גרם,false,,11.90,0.0238,true,1,51376
7290011473204,false,עדשים ירוקים אורגני 500 גרם,ארוז ע' תבואות,TR,תבואות עדשים ירוקות,גרמים,500.00,100 גרם,false,,11.90,0.0238,true,1,48440
7290011473211,false,"עדשים אדומים אורגני 500 גרם ""תבואות""",אורז ע'י,TR,עדשים אדומות אורגניו,גרמים,500.00,100 גרם,false,,11.90,0.0238,true,1,50379
7290011473228,false,אפונה ירוקה אורגנית 500 גרם,תבואות,,אפונה ירוקה אורגנית,גרמים,500.00,100 גרם,false,,10.00,0.0200,true,1,51447
7290011473242,false,פשתן זרעים אורגני 500 גרם,ארוז ע' תבואות,CN,תבואות-פשתן אורגני,גרמים,500.00,100 גרם,false,,10.50,0.0210,true,1,49847
7290011473259,false,פשתן טחון אורגני 350 גרם,תבואות,CN,תבואות פשתן טחון אור,גרמים,350.00,100 גרם,false,,11.90,0.0340,true,1,51738
7290011473273,false,בורגול אורגני תבואות,תבואות,TR,בורגול אורגני 500 גר,גרמים,500.00,100 גרם,false,,8.90,0.0178,true,1,49540
7290011473280,false,חומוס אורגני תבואות,ארוז ע' תבואות,IL,חומוס אורגני תבואות,גרמים,500.00,100 גרם,false,,10.90,0.0218,true,1,48453
7290011473297,false,גריסי פנינה אורגנים 500 גרם,תבואות,IT,גריסי פנינה אורגניים,גרמים,500.00,100 גרם,false,,10.00,0.0200,true,1,50380
7290011473310,false,פולי אזוקי אורגני 500 גרם,תבואות,CN,פולי אזוקי 500 גר' ת,גרמים,500.00,100 גרם,false,,12.90,0.0258,true,1,50024
7290011473327,false,שעועית מש אורגנית 500 גרם,תבואות,CN,שעועית מש 500 גר',גרמים,500.00,100 גרם,false,,13.50,0.0270,true,1,49541
7290011473334,false,שעועית לבנה אורגנית 500 גרם,ארוז ע' תבואות,CN,שעועית לבנה אורגנית,גרמים,500.00,100 גרם,false,,11.90,0.0238,true,1,50557
7290011473341,false,שעועית אדומה אורגנית 500 גרם,תבואות,,שעועית אדומה אורגנית,גרמים,500.00,100 גרם,false,,12.90,0.0258,true,1,51739
7290011473365,false,תבואות דוחן אורגני,תבואות,US,תבואות דוחן אורגני,גרמים,500.00,100 גרם,false,,10.00,0.0200,true,1,51445
7290011473372,false,אבקת חרובים אורגני 500 גרם,,ES,תבואות-אבקת חרוב אור,גרמים,400.00,100 גרם,false,,14.90,0.0373,true,1,52142
7290011473389,false,קמח כוסמין לבן אורגני 500 גר' תבואות,תבואות מוצרי מזון או,IT,קמח כוסמין לבן אורגנ,גרמים,500.00,100 גרם,false,,11.90,0.0238,true,1,43474
7290011473396,false,חיטת כוסמין אורגנית 500 גרם תבואות,תבואות,,חיטת כוסמין אורגנית,גרמים,500.00,100 גרם,false,,10.90,0.0218,true,1,74113
7290011473433,false,כוסמת אורגנית 500 גרם,אורז ע'י,CN,כוסמת אורגנית 500 גר,גרמים,500.00,100 גרם,false,,9.90,0.0198,true,1,50381
7290011473440,false,גריסי שיבולת שועל אורגניים,תבואות,GB,גרעיני שיבולת שועל א,גרמים,500.00,100 גרם,false,,10.90,0.0218,true,1,52880
7290011473457,false,שומשום שחו אורגני 400 גרם,,CN,שומשום שחור אורגני 4,גרמים,400.00,100 גרם,false,,13.90,0.0348,true,1,81531
7290011473464,false,סובין שיבולת שועל אורגנית,תבואות,GB,סובין שיבולת שועל או,גרמים,400.00,100 גרם,false,,12.90,0.0323,true,1,50970
7290011473471,false,אורז בסמטי לבן אורגני 500 גרם,תבואות,IN,אורז בסמטי לבן אורגנ,גרמים,500.00,100 גרם,false,,11.90,0.0238,true,1,57774
7290011473488,false,קמח אורז מלא טבעי 500 גר,תבואות,,קמח אורז מלא טבעי 50,גרמים,500.00,100 גרם,false,,9.50,0.0190,true,1,49751
7290011473495,false,שמרי בירה-פתיתים טבעי 200 גר,תבואות,IL,פתיתי בירה טבעי 200,גרמים,200.00,100 גרם,false,,22.90,0.1145,true,1,49542
7290011473525,false,אורז בר שחור טבעי 40,תבואות,US,אורז בר שחור טבעי 40,גרמים,400.00,100 גרם,false,,31.90,0.0797,true,1,49402
7290011473549,false,קמח קינואה אורגני 500 גר תבואות,תבואות,BO,קמח קינואה אורגני 50,גרמים,500.00,100 גרם,false,,15.90,0.0318,true,1,87012
7290011473570,false,קמח חומוס טבעי 500 גרם תבואות,תבואות מוצרי מזון או,IL,קמח חומוס טבעי 500 ג,גרמים,500.00,100 גרם,false,,12.90,0.0258,true,1,49356
7290011473624,false,"טחינה אורגנית מלאה 1 ק""ג תבואות",,,טחינה מלאה אורגנית 1,קילוגרמים,1.00,"ק""ג",false,,29.90,29.9000,true,1,57152
7290011473648,false,"סוכר חום אורגני 1 ק""ג ""תבואות""",תבואות,BR,תבואות-סוכר דמררה או,קילוגרמים,1.00,"ק""ג",false,,10.90,10.9000,true,1,47000
7290011473655,false,סוכר קנים אורגני 1 קילו,ארוז ע' תבואות,BR,סוכר קנים אורגני 1קג,קילוגרמים,1.00,"ק""ג",false,,9.90,9.9000,true,1,46977
7290011473679,false,"חיטה מלאה אורגנית 1 ק""ג",,IL,תבואות-חיטה מלאה אור,קילוגרמים,1.00,"ק""ג",false,,12.50,12.5000,true,1,51740
7290011473686,false,"אורז עגול מלא אורגני 1 ק""ג תבואות",,IL,תבואות אורז מלא אורג,קילוגרמים,1.00,"100 ק""ג",false,,14.90,14.9000,true,1,56183
7290011473709,false,קינואה אורגנית תבואו,,BO,קינואה אורגנית תבואו,קילוגרמים,1.00,"100 ק""ג",false,,26.90,26.9000,true,1,77698
7290011473723,false,הימליה דק שקית 1 קילו תבואות,,,מלח הימליה דק,קילוגרמים,1.00,"ק""ג",false,,14.90,14.9000,true,1,81032
7290011473730,false,"אורז פרא מעורב טבעי 1 ק""ג תבואות",תבואות,IL,תבואות-אורז פרא מעור,קילוגרמים,1.00,"ק""ג",false,,17.50,17.5000,true,1,58281
7290011473860,false,שמרי בירה-אבקה טבעי 250 גר,תבואות,FR,שמרי בירה אבקה 250 ג,גרמים,250.00,100 גרם,false,,22.90,0.0916,true,1,78526
7290011473877,false,קינואה אדומה אורגנית 500 גרם,יורופנה,BO,קינואה אדומה 500 גר',גרמים,500.00,100 גרם,false,,21.90,0.0438,true,1,50971
7290011473884,false,קינואה שחורה אורגנית 500 גרם תבואות,יורופנה,BO,תבואות קינואה שחורה,גרמים,500.00,100 גרם,false,,21.90,0.0438,true,1,55362
7290011473891,false,עדשים צהובים אורגני 500 גרם,תבואות,TR,עדשים צהוב אורגני 50,גרמים,500.00,100 גרם,false,,11.90,0.0238,true,1,50972
7290011473907,false,סובין חיטה טבעי 200 גרם,תבואות,IL,סובין חיטה 200 גר',גרמים,200.00,100 גרם,false,,4.90,0.0245,true,1,47746
7290011473952,false,קוואקר מהיר הכנה טבעי 400 גר,ארוז ע' תבואות,GB,קוואקר מהיר הכנה,גרמים,400.00,100 גרם,false,,6.90,0.0173,true,1,48447
7290011473969,false,קינואה טריו אורגנית 500 גרם,תבואות,BO,תבואות קינואה טריו א,גרמים,500.00,100 גרם,false,,21.90,0.0438,true,1,52143
7290011474003,false,שמן קוקוס אורגני כתית 300 גר תבואות,אדמג'י לוקומנג'י,,שמן קוקוס כתית אורגנ,מיליליטרים,300.00,"100 מ""ל",false,,18.90,0.0630,true,1,82005
7290011474010,false,"קמח כוסמין לבן טבעי 1 ק""ג תבואות",תבואות,IT,"קמח כוסמין 1 ק""ג תבו",קילוגרמים,1.00,"ק""ג",false,,14.90,14.9000,true,1,98493
7290011474058,false,ספגטי כוסמין מלא אורגני 500 ג',תבואות,,ספגטי כוסמין אורגני,גרמים,500.00,100 גרם,false,,18.90,0.0378,true,1,48802
7290011474065,false,"קמח כוסמין מלא אורגני 1 ק""ג תבואות",תבואות,,קמח כוסמין מלא אורגנ,קילוגרמים,1.00,"ק""ג",false,,16.90,16.9000,true,1,83418
7290011474072,false,פוזילי כוסמין אורגני 500 גר,תבואות,,פסטה כוסמין אורגני פ,גרמים,500.00,100 גרם,false,,18.90,0.0378,true,1,50889
7290011474102,false,"תערובת קטניות למרק אורגני 500 גרם ""תבואות""",גולי בגמברו,IL,תערובת קטניות אורגני,גרמים,500.00,100 גרם,false,,14.90,0.0298,true,1,50442
7290011474133,false,תערובת למגדרה אורגנית 500 גרם,תבואות,IN,מג'דרה אורגנית 500 ג,גרמים,500.00,100 גרם,false,,15.00,0.0300,true,1,50558
7290011474249,false,ממרח שקדים טבעי 300 גרם,גי' אנד גי' בעמ,IL,ממרח שקדים,גרמים,300.00,100 גרם,false,,27.90,0.0930,true,1,81033
7290011474256,false,מלח הימליה גס שקית 1 קילו תבואות,תבואות,,הימליה מלח גס שקית 1,קילוגרמים,1.00,"100 ק""ג",false,,14.90,14.9000,true,1,87589
7290011474331,false,"קמח כוסמין מלא טבעי 1 ק""ג תבואות",תבואות,IT,קמח כוסמין מלא טבעי,קילוגרמים,1.00,"ק""ג",false,,13.90,13.9000,true,1,77855
7290011474362,false,קמח עדשים אורגני 500 גרם תבואות,תבואות,TR,תבואות-קמח עדשים אור,גרמים,500.00,100 גרם,false,,12.90,0.0258,true,1,55872
7290011474386,false,קוואקר דק אורגני 500 גרם,תבואות,,קוואקר אורגני דק 500,גרמים,500.00,100 גרם,false,,10.00,0.0200,true,1,57777
7290011474447,false,קוואקר עבה טבעי 500 גרם תבאות,תבואות,,קוואקר עבה טבעי,גרמים,400.00,100 גרם,false,,6.50,0.0163,true,1,48448
7290011474461,false,מלח ים אטלנטי עבה קו,,PT,מלח ים אטלנטי עבה קו,קילוגרמים,1.00,"ק""ג",false,,23.90,23.9000,true,1,58282
7290011474492,false,"קינואה 1 ק""ג טיב בטב",,,"קינואה 1 ק""ג טיב בטב",קילוגרמים,1.00,"ק""ג",false,,17.90,17.9000,true,1,49376
7290011474577,false,פולי קקאו גרוס נא אורגני 200 גרם,תבואות,,פולי קקאו גרוס אורגנ,גרמים,200.00,100 גרם,false,,21.90,0.1095,true,1,83337
7290011474591,false,פנה כוסמין מלא אורגני 500 גרם,,,פסטה כוסמין אורגני פ,גרמים,500.00,100 גרם,false,,18.90,0.0378,true,1,50890
7290011474676,false,קדרה אפריקאית אורגנית 500 גרם תבואות,תבואות,IL,קדרה אפריקאית אורגני,גרמים,500.00,100 גרם,false,,14.90,0.0298,true,1,50443
7290011474683,false,מגידרה קינואה אורגנית 500 גרם תבואות,תבואות,,מג'דרה קינואה אורגני,גרמים,500.00,100 גרם,false,,19.90,0.0398,true,1,49957
7290011474706,false,פתיתי שפע טבעי 200 ג,,,תבואות פתיתי שפע,גרמים,200.00,100 גרם,false,,7.50,0.0375,true,1,51741
7290011474843,false,גוגי ברי טבעי 200 גר,,CN,גוג'י ברי 200 גר',גרמים,200.00,100 גרם,false,,19.90,0.0995,true,1,56903
7290011474898,false,סוכר קוקוס אורגני 300 גרם תבואות,תבואות,IL,תבואות-סוכר קוקוס או,גרמים,300.00,100 גרם,false,,13.90,0.0463,true,1,57501
7290011474997,false,ערמונים אורגניים 100 גר,תבואות,,ערמונים 100 גר' אורג,גרמים,100.00,100 גרם,false,,5.20,0.0520,true,1,86900
7290011482138,false,"מי זוהר 250 מ""ל",לבריאות,IL,"מי זהר 250 מ""ל",מיליליטרים,250.00,"100 מ""ל",false,,13.90,0.0556,true,1,53586
7290011482145,false,"מי ורדים 250 מ""ל",,IL,"מי ורדים 250 מ""ל",מיליליטרים,250.00,"100 מ""ל",false,,13.90,0.0556,true,1,53457
7290011482244,false,"סירופ מלבי 250 מ""ל",,,"סירופ מלבי 250 מ""ל",מיליליטרים,250.00,"100 מ""ל",false,,15.00,0.0600,true,1,87542
7290011498177,false,ממרח שקד לבן מקולף 700 ג,שקד תבור,IL,ממרח שקד לבן 700 גר,גרמים,700.00,100 גרם,false,,59.90,0.0856,true,1,80904
7290011498221,false,גרוסליין - סילאן טבעי 900 גרם,אלמנדוס,IL,סילאן תמרים טבעי 900,גרמים,900.00,100 גרם,false,,15.90,0.0177,true,1,87600
7290011498283,false,אגוזי אדמה חמאה בוטנים 700 גר,שקד תבור,IL,חמאת בוטנים טבעית 70,גרמים,700.00,100 גרם,false,,21.90,0.0313,true,1,100289
7290011498368,false,ממרח פיסטוק אלת הבטנ,שקד תבור,IL,מחית פיסטוק טבעי 200,גרמים,200.00,100 גרם,false,,39.90,0.1995,true,1,81066
7290011498405,false,שמן קוקוס אורגני 350,שקד תבור,,שמן קוקוס אורגני 100,מיליליטרים,350.00,"100 מ""ל",false,,19.90,0.0569,true,1,80903
7290011498443,false,עיסת קקאו 100% קקאו250גר,שקד תבור,PE,עיסת קקאו 250 גרם,גרמים,250.00,100 גרם,false,,17.90,0.0716,true,1,101186
7290011498504,false,ממרח חלבה פרווה (350 גרם),שקד תבור,,ממרח חלבה עשיר 350 ג,גרמים,350.00,100 גרם,false,,12.90,0.0369,true,1,100304
7290011498542,false,ערכת שוקולד ביתי 250 גרם,שקד תבור,IL,ערכת שוקולד ביתי 250,גרמים,250.00,100 גרם,false,,23.90,0.0956,true,1,86526
7290011498573,false,"שוקולד מריר 61% ללת""ס 200 גרם",לובקה,IL,שוקולד 61% ללא סוכר,גרמים,200.00,100 גרם,false,,23.90,0.1195,true,1,100297
7290011498740,false,שקד מלא טחון בכבישה קרה,"אלמונדס בע""מ",IL,ממרח שקדים מלא 300 ג,גרמים,300.00,100 גרם,false,,29.90,0.0997,true,1,53003
7290011498795,false,אבקת מאקה שקד תבור 2,שקד תבור,,אבקת מאקה 250 גרם,גרמים,250.00,100 גרם,false,,26.90,0.1076,true,1,100323
7290011498801,false,מרציפן פרימיום 65% 200 גרם,"אלמנדוס בע""מ",IL,מרציפן פרימיום 65%,גרמים,200.00,100 גרם,false,,23.90,0.1195,true,1,100288
7290011498870,false,מארז חטיפי תמר במילוי חמאת שקדים 150 גרם,"אלמנדוס בע""מ",IL,מארז חטיפי תמר במילו,גרמים,150.00,100 גרם,false,,14.90,0.0993,true,1,100306
7290011498887,false,מארז חטיפי תמר במילוי חמאת קוקוס 150 גרם,"אלמנדוס בע""מ",IL,מארז חטיפי תמר במילו,גרמים,150.00,100 גרם,false,,14.90,0.0993,true,1,100307
7290011498900,false,מארז חטיפי תמר במילוי חמ.שקדים בציפוי שוקולד 100% קקאו 150 גרם,"אלמנדוס בע""מ",IL,מארז חטיפי תמר במילו,גרמים,150.00,100 גרם,false,,16.90,0.1127,true,1,100324
7290011498917,false,מארז חטיפי תמר במילוי חמ.קוקוס בציפוי שוקולד 100% קקאו 150 גרם,מרכז השקד,AR,מארז חטיפי תמר במיל,גרמים,150.00,100 גרם,false,,16.90,0.1127,true,1,100362
7290011498948,false,מארז חטיפי תמר מצופה שוקולד 100% קקאו 150 גרם,"אלמנדוס בע""מ",IL,מארז חטיפי תמר מצופה,גרמים,150.00,100 גרם,false,,16.90,0.1127,true,1,84459
7290011498955,false,אגוזי אדמה חמאת בוטנ300ג,שקד תבור,IL,חמאת בוטנים טבעית,גרמים,300.00,100 גרם,false,,10.90,0.0363,true,1,80911
7290011498962,false,שקד לבן בכבישה קרה 300 ג,"אלמונדס בע""מ",IL,ממרח שקד לבן 300 גר,גרמים,300.00,100 גרם,false,,29.90,0.0997,true,1,53004
7290011498993,false,קשיו לבן 100% טבעי 300 ג,מרכז השקד,IL,ממרח קשיו לבן,גרמים,300.00,100 גרם,false,,27.90,0.0930,true,1,80913
7290011499051,false,פטה כבשים מסורתית 20% בגביע 250 גרם - רובין,MKN עבור מחלבות גד ב,IL,פטה כבשים גביע גד 25,גרמים,250.00,100 גרם,false,,27.90,0.1116,true,1,21830
7290011499105,false,בולגרית מסורתית 5% 250 גרם -רבנות,ג'נרל מילס סאן אדריא,IL,בולגרית 5% 250גר,גרמים,250.00,100 גרם,false,,23.90,0.0956,true,1,22337
7290011499112,false,בולגרית מסורתית 16% 250 גרם - רבנות,"מיוצר ע""י dsh",IL,בולגרית 16% 250גר,גרמים,250.00,100 גרם,false,,23.90,0.0956,true,1,22338
7290011499129,false,בולגרית מעודנת קוביות קטנות 5% 200 גרם - רבנות,קוד יצרן DSH,IL,קוביות בולגרית מעודנ,גרמים,200.00,100 גרם,false,,23.90,0.1195,true,1,24622
7290011499303,false,פטה עיזים מעודנת 5% בגביע 250 גרם - רבנות,ג'נרל מילס סאן אדריא,IL,בולגרית מעודנת עיזים,גרמים,250.00,100 גרם,false,,31.00,0.1240,true,1,27311
7290011499327,false,גבינה בולגרית מעודנת 5% 250 גרם - רבנות,מיוצר על ידי DSH עבו,IL,בולגרית מעודנת חלב ב,גרמים,250.00,100 גרם,false,,23.90,0.0956,true,1,27313
7290011499341,false,גבינת קשקבל ארוז 26 אחוז 250גרם גד,הנסיך- מפעל לייצור ט,IL,קאשקבל 22% 200 גרם ג,גרמים,200.00,100 גרם,false,,27.90,0.1395,true,1,28251
7290011499358,false,פטה עיזים מסורתית 20% בגביע 200 גרם - רובין,מיוצר על ידי קוד יצר,IL,פטה עיזים 20% 200 גר,גרמים,200.00,100 גרם,false,,27.90,0.1395,true,1,28010
7290011499365,false,גד חלומי 24% 200 גרם רובין,"מחלבות גד בע""\מ",IL,גבינת חלומי 24% 200,גרמים,200.00,100 גרם,false,,22.90,0.1145,true,1,28121
7290011499419,false,גבינה במרקם שמנת בטעם טבעי 5% ניו יורק,גבינות מדף,IL,גבינת קרם שמנת ניו י,גרמים,200.00,100 גרם,false,,12.90,0.0645,true,1,32465
7290011499525,false,גבינת לאבנה דרוזית 9% גד 500 גרם,מחלבות גד בעמ,IL,לאבנה 9% גד,גרמים,500.00,100 גרם,false,,21.00,0.0420,true,1,33614
7290011499624,false,שמנת 30% ניו יורק טבעי 200 גרם רבנות,גבינות מדף,IL,גבינת שמנת בטעם טבעי,גרמים,200.00,100 גרם,false,,13.90,0.0695,true,1,39398
7290011499846,false,גבינת ריקוטה פרסקה 9% גד 300 גרם,מחלבות גד בעמ,IL,ריקוטה פרסקה גד,גרמים,300.00,100 גרם,false,,18.90,0.0630,true,1,39587
7290011501617,false,חמוציות ברכז תפוחים ללא תוספת סוכר 250 גרם,"דין שיווק וקלייה בע""",IL,חמוציות ברכז תפוחים,גרמים,250.00,100 גרם,false,,14.90,0.0596,true,1,105665
7290011505073,false,מטלית הפלא 5 UNISUN יחידות ענק,יוניסן,,מטלית הפלא 5 יח' ענק,יחידה,0.00,יחידה,false,,21.90,0.0000,true,1,81978
7290011505141,false,מטלית הפלא לרצפות 2יח' ענק,יוניסן,,מטלית הפלא לרצפות 2,יחידה,0.00,יחידה,false,,21.90,0.0000,true,1,54002
7290011505585,false,טוליפס סט סינרים לתי,,,סט סינרים לתינוק,יחידה,0.00,יחידה,false,,36.90,0.0000,true,1,36412
7290011515683,false,מאגדת טילון אקסטרים וניל נסטלה 6 יחידות,תות תעשיות מזון (201,IL,מאגדת טילון אקסטרים,גרמים,432.00,100 גרם,false,,32.00,0.0741,true,1,23083
7290011515911,false,שלגונים מופחתי קלוריות בטעם ריבת חלב - 6 יח',גלידות נסטלה )נגה גלידות,IL,מאגדת שלגון לייט ריב,גרמים,312.00,100 גרם,false,,26.90,0.0862,true,1,31468
7290011518561,false,"אקטימל תות 1.51 ק""ג מארז 14 יחידות",מיוצר עי קונדיטוריית,IL,אקטימל תות 1.5% מארז,ליטרים,1.40,ליטר,false,,32.00,22.8571,false,1,21345
7290011524555,false,שעועית לבנה אפויה 800 ג' פרי הגליל,"פרי הגליל בע""""מ",IL,שעועית לבנה מבושלת 8,גרמים,800.00,100 גרם,false,,9.90,0.0124,true,1,37462
7290011525712,false,"קמיל בלו אל סבון סנסיטיב לפני השינה ד""ר פישר 1 ליטר",פישר מעבדות פרמצבטיות בע,IL,קמיל בלו סנסיטיב אל,ליטרים,1.00,ליטר,false,,29.90,29.9000,true,1,23481
7290011525729,false,שמפו לתינוק קמיל בלו סנסטיב לפני השינה עם לבנדר וקמומיל,פישר מעבדות פרמצבטיות בע,IL,קמיל בלו סנסיטיב לפנ,ליטרים,1.00,ליטר,false,,29.90,29.9000,true,1,23482
7290011530358,false,שייק איט 450 גרם friday מיקס פירות קפוא,"הבו-קדו בע""מ",IL,שייק איט כתום,גרמים,450.00,100 גרם,false,,29.90,0.0664,true,1,104818
7290011530471,false,"פולי סויה - אדממה 1 ק""ג בד""צ",ד'\ג'\יאנג קינשור פודס ק,CN,"פולי סויה אדממה 1 ק""",קילוגרמים,1.00,"ק""ג",false,,16.90,16.9000,true,1,104217
7290011530488,false,שייק איט 450 גר saturday מיקס פירות קפוא,"הבו-קדו בע""מ",IL,שייק איט,גרמים,450.00,100 גרם,false,,29.90,0.0664,true,1,104898
7290011530532,false,מיקס פירות קפואים שייק איט ירוק - 3*150 ג',"הבו-קדו בע""מ",IL,שייק איט ירוק monday,גרמים,150.00,100 גרם,false,,29.90,0.1993,true,1,102133
7290011530549,false,מיקס פירות קפואים שייק איט ורוד - 3*150 ג',"הבו-קדו בע""מ",IL,שייק איט ורוד Sunday,גרמים,150.00,100 גרם,false,,29.90,0.1993,true,1,102134
7290011530730,false,מיקס פירות קפואים שייק איט חום - 3*150 ג',"הבו-קדו בע""מ",IL,שייק איט חום Thursda,גרמים,150.00,100 גרם,false,,29.90,0.1993,true,1,102135
7290011530747,false,מיקס פירות קפואים שייק איט סגול - 3*150 ג',"הבו-קדו בע""מ",IL,שייק איט יום רביעי,גרמים,150.00,100 גרם,false,,29.90,0.1993,true,1,102136
7290011570132,false,"תחליף קמח ללא גלוטן 1 קֿֿֿֿ""ג 10X",אשבל מזון פונקציונלי,IL,תחליף קמח ללא גלוטן,קילוגרמים,1.00,"ק""ג",false,,16.90,16.9000,true,1,32470
7290011570507,false,קמח כרגיל ללא גלוטן 450 גרם,אשבל מזון פונקציונלי בע\,IL,קמח נטול גלוטן 450 ג,גרמים,450.00,100 גרם,false,,17.90,0.0398,true,1,56847
7290011570644,false,קמח רב תכליתי ללא גלוטן אשבל 450 גרם,אשבל מזון פונקציונלי בע\,IL,קמח לחם כרגיל ללא גל,גרמים,500.00,100 גרם,false,,17.90,0.0358,true,1,76236
7290011570781,false,"קמח כרגיל ללא גלוטן בטעם וניל אשבל 1 ק""ג",אשבל מזון פונקציונלי בע\,IL,קמח כרגיל ללא גלוטן,גרמים,450.00,100 גרם,false,,17.90,0.0398,true,1,83437
7290011570798,false,"קמח כרגיל ללא גלוטן בטעם שוקולד אשבל 1 ק""ג",אשבל מזון פונקציונלי בע\,IL,קמח כרגיל ללא גלוטן,גרמים,450.00,100 גרם,false,,17.90,0.0398,true,1,83562
7290011570934,false,תערובת להכנת פנקייק ללא גלוטן 500 ג',אשבל מזון פונקציונאל,IL,תערובת להכנת פנקייק,גרמים,400.00,100 גרם,false,,17.90,0.0447,true,1,92351
7290011575250,false,מבריק וצובע נעליים הפי,יעקבי - הפי Hepi,ES,מבריק נעליים יעקבי,יחידה,0.00,יחידה,false,,10.90,0.0000,true,1,27483
7290011587598,false,שימורי אנשובי בפח 45 ג' תומר,אינוורסיונס פריסקו,PE,אנשובי בשמן חמניות 4,גרמים,45.00,100 גרם,false,,6.40,0.1422,true,1,99850
7290011598211,false,"סנו - אנטי קאלק מרסס ניקוי כללי 4 ב-1 700 מ""ל",מיוצר עי קונדיטוריית,IL,סנו אנטי קאלק 4 באחד,מיליליטרים,700.00,"100 מ""ל",false,,18.90,0.0270,false,1,26523
7290011598402,false,מקסימה מרכך כביסה ארומתרפי מאסק סנו 4 ליטר,"סנו מפעלי ברונוס בע""\מ",IL,מרכך סנו מקסימה 4 לי,ליטרים,4.00,ליטר,false,,21.90,5.4750,false,1,22417
7290011607180,false,"אבקת כביסה קולון 101 1.25 ק""ג",ריקט בנקיזר ( ניר אי,IL,קולון 101 1.25קג',יחידה,1.25,יחידה,false,,11.90,9.5200,false,1,22116
7290011607197,false,"קולון 101 אבקת כביסה 5 ק""ג",רקיט בנקיזר,IL,קולון 101 5קג',קילוגרמים,5.00,"ק""ג",false,,39.90,7.9800,false,1,22117
7290011615260,false,"טורטייה 20 ס""מ קוטר וילי פוד 540 גר",מוטלוקל גידה סאנאי ט,TR,טורטיה וילי פוד 540ג,גרמים,540.00,100 גרם,false,,9.90,0.0183,true,1,34162
7290011618025,false,בייבי ביס הוט קידס נגיסי אורז לתינוק,גואנז'ו יונג וואנט פ,CN,נגיסי אורז לתינוקות,גרמים,50.00,100 גרם,false,,13.90,0.2780,true,1,40962
7290011618124,false,חטיף אורז אפוי לתינוקות בטעם ירקות +6,גואנז'ו יונג וואנט פ,CN,נגיסי אורז לתינוקות,גרמים,50.00,100 גרם,false,,13.90,0.2780,true,1,25137
7290011622305,false,כתמטמינים חטיף לתינוקות אצבעות בוטנים ותירס - רביעיה,הארט Heart,IL,מארז 4 כתמטמינים 20,גרמים,80.00,100 גרם,false,,12.90,0.1613,true,1,80329
7290011695408,false,ציפוי מתובל לשניצל ה,עבדו,IL,ציפוי מתובל לשניצל ה,גרמים,350.00,100 גרם,false,,11.90,0.0340,true,1,80465
7290011695477,false,דבש טבעי מפרחי שדה,מכוורת עמק חפר,,דבש טבעי מפרחי שדה,גרמים,350.00,100 גרם,false,,22.90,0.0654,true,1,47093
7290011695545,false,אלפא אטבים איכותיים 55 יח`,ZHEJANG LONGQUAN,,אטבי כביסה,יחידה,0.00,יחידה,false,,9.90,0.0000,true,1,33417
7290011695651,false,צנימים עגולים 300 גרם נאמן,S.P.A ניולט,IL,צנימים עגולים,גרמים,300.00,100 גרם,false,,10.90,0.0363,true,1,34744
7290011695712,false,חמאת בוטנים עם שברי 510 ג' NEEMAN,SUPER NUTRI,,חמאת בוטנים נאמן קרמ,גרמים,510.00,100 גרם,false,,11.90,0.0233,true,1,37347
7290011695972,false,טוסטים מלבנים בטעמים 100 גרם,נאמן Neeman,,טוסטים טעימים 100 גר,יחידה,100.00,יחידה,false,,7.50,0.0750,true,1,37323
7290011717001,false,לחם בריאות ללא חומר,ג.א.ל שרותי ארוחות,,לחם בריאות,גרמים,650.00,100 גרם,false,,13.90,0.0214,true,1,25459
7290011723101,false,טחינה הר ברכה 1 ליטר,הר ברכה תעשיות,,טחינה הר ברכה 950 גר,גרמים,950.00,100 גרם,false,,34.90,0.0367,true,1,55302
7290011723200,false,טחינה הר ברכה 100% שומשום טהור 500 גר,טחינה הר ברכה בעמ,IL,טחינה הר ברכה 450 גר,גרמים,450.00,100 גרם,false,,17.90,0.0398,true,1,55303
7290011728007,false,נאצוס תירס טבעי טרז פזוס 180 גרם,,IL,נאצ'וס תירס 180 גר',גרמים,180.00,100 גרם,false,,18.90,0.1050,true,1,88690
7290011728298,false,חלפיניו ירוק פרוס עם בצל 195 גר,"דוידוב סלמון בע""מ",IL,חלפניו ירוק פרוס עם,גרמים,195.00,100 גרם,false,,24.90,0.1277,true,1,50783
7290011728632,false,טורטיה 20 טבעי קפואה 6 יח,"דוידוב סלמון בע""מ",IL,"טורטיה 20 ס""מ",גרמים,325.00,100 גרם,false,,15.90,0.0489,true,1,88623
7290011728649,false,טורטיה קמח מלא אורגנ,"דוידוב סלמון בע""מ",IL,טורטיה קמח מלא אורגנ,גרמים,325.00,100 גרם,false,,15.90,0.0489,true,1,88624
7290011728724,false,סלסה עגבניות חרוכות 200 גרם,,IL,סלסה עגבניות חרוכות,גרמים,200.00,100 גרם,false,,18.90,0.0945,true,1,93035
7290011728731,false,טורטיה קפואה מכוסמין,"דוידוב סלמון בע""מ",IL,טורטיה כוסמין 6 יח',גרמים,325.00,100 גרם,false,,15.90,0.0489,true,1,96563
7290011728755,false,פלפל ארבול שלם מיובש 40 גר,,,פלפל ארבול שלם מיובש,גרמים,40.00,100 גרם,false,,9.90,0.2475,true,1,105152
7290011728762,false,פלפל ציפטולה יבש שלם,,,פלפל ציפטולה יבש שלם,גרמים,40.00,100 גרם,false,,9.90,0.2475,true,1,105153
7290011728779,false,פלפל גואחילו שלם מיובש 40 גר,,,פלפל גואחילו שלם מיו,גרמים,40.00,100 גרם,false,,9.90,0.2475,true,1,141514
7290011743833,false,"סנסודיין משחת שיניים פרונאמל 75 מ""ל",גלקסו סמית קליין,GB,סנסודיין פרונאמל 75מ,מיליליטרים,75.00,"100 מ""ל",false,,24.90,0.3320,true,1,25608
7290011744892,false,"אקווה פרש - משחת שיניים ילדים ג'וניור 6+ 50 מ""ל",גלקסו סמית קליין,SK,א. פרש משחת ילדים ג',גרמים,50.00,100 גרם,false,,15.90,0.3180,true,1,35300
7290011745707,false,משחת שיניים פרונמל Pro namel לילדים לגילאי 6-12,גלקסו סמית קליין,SK,סנסודיין פרונאמל ילד,מיליליטרים,50.00,"100 מ""ל",false,,15.90,0.3180,true,1,33632
7290011765118,false,קצף גילוח קרמה מן דליקט 200 מל,"אביאפ, איסטנבול, תור",TR,קרמה קצף גילוח ירוק,מיליליטרים,200.00,"100 מ""ל",false,,12.90,0.0645,true,1,25751
7290011765422,false,אל סבון מועשר בלחות ותמצית קמומיל - בוב ספוג,קוסמופארם בע'\'\מ,IL,אל סבון כייף לילדים,מיליליטרים,750.00,"100 מ""ל",false,,11.90,0.0159,true,1,23729
7290011765446,false,משחת שיניים לילדים בוב ספוג בטעם מיץ ענבים עם פלואוריד למניעת עששת,טרופיקל דגיל תעשיות קוסמ,IL,משחת שיניים אורביטול,גרמים,50.00,100 גרם,false,,9.90,0.1980,false,1,23731
7290011765620,false,"נוזל כלים סנו גרין פאוור אקולוגי 750 מ""ל",סנו מפעלי ברונוס בעמ,IL,נוזל כלים אקולוגי סנ,מיליליטרים,700.00,"100 מ""ל",false,,10.00,0.0143,true,1,101213
7290011800840,false,רפי כהן סלט טחינה בלאדי צבר 400 גרם,רפי כהן / צבר,IL,טחינה לבנה רפי,גרמים,400.00,100 גרם,false,,15.90,0.0398,true,1,33414
7290011830007,false,סוכר קנים אורגני חום 1 קג,השדה מוצרים אורגניים,IN,"סוכר חום אורגני 1 ק""",קילוגרמים,1.00,"ק""ג",false,,11.90,11.9000,true,1,34436
7290011830168,false,פירורי לחם כוסמין אורגני השדה מוצרים אורגנים 200 גרם,השדה מוצרים אורגניים,IL,פירורי לחם אורגניים,גרמים,200.00,100 גרם,false,,12.90,0.0645,true,1,83860
7290011830182,false,פסטה כוסמין פוזילי אורגני השדה מוצרים אורגנים 400 גרם,השדה מוצרים אורגניים,IT,פסטה כוסמין אורגנית,גרמים,400.00,100 גרם,false,,18.90,0.0472,true,1,85860
7290011830236,false,בייגלה מקמח כוסמין +מלח 200 גרם השדה,השדה מוצרים אורגניים,IL,בייגלה כוסמין אורגני,גרמים,200.00,100 גרם,false,,15.90,0.0795,true,1,83855
7290011830243,false,אטריות אורג. ללא גלוטן מאורז תאילנדי 250,השדה מוצרים אורגניים,CN,אטריות אורגניות מאור,גרמים,250.00,100 גרם,false,,14.90,0.0596,true,1,33983
7290011830250,false,נודלס אורגני ללא גלוטן 100% כווסמת 250 גרם,השדה מוצרים אורגניים,CN,נודלס 100% כוסמת,גרמים,250.00,100 גרם,false,,16.90,0.0676,true,1,56896
7290011830267,false,אטריות אורגניות ללא גלוטן מאורז מלא 250,השדה מוצרים אורגניים,CN,אטריות אורגניות מאור,גרמים,250.00,100 גרם,false,,14.90,0.0596,true,1,33984
7290011830274,false,אטריות אורגניות ללא גלוטן מאורז שחור 250,השדה מוצרים אורגניים,CN,נודלס אורז שחור,גרמים,250.00,100 גרם,false,,16.90,0.0676,true,1,33985
7290011830328,false,מחית (סקוויז) תפוח עץ אורגני 100 גרם,השדה מוצרים טבעיים ו,ES,מחית תפוחי עץ אורגני,גרמים,100.00,100 גרם,false,,4.40,0.0440,true,1,101338
7290011830335,false,מחית תפוח עץ ובננה סקוויז אורגני השדה מוצרים אורגנים 100 גרם,השדה מוצרים טבעיים ו,ES,מחית תפוחי עץ ובננה,גרמים,100.00,100 גרם,false,,4.40,0.0440,true,1,102274
7290011830564,false,ביסקוויט פתי בר כוסמין אורגני,השדה מוצרים אורגניים,IL,פתיבר כוסמין אורגני,גרמים,200.00,100 גרם,false,,11.90,0.0595,true,1,83856
7290011830601,false,פינגווינים חטיף אורגני להקפאה בטעמים 400,דולפין ספא,IT,פינגווינים חטיף פרי,גרמים,400.00,100 גרם,false,,13.90,0.0348,true,1,56650
7290011830991,false,צ'יקי מאנקי חטיף בוטנים אורגני 60 גרם ללא גלוטן,השדה מוצרים טבעיים ו,IL,חטיף צ'קי מאנקי,גרמים,60.00,100 גרם,false,,6.50,0.1083,true,1,87359
7290011876494,false,שניצל עוף תירס 750 ג' מאמא עוף,תנובה גליל,IL,שניצל עוף ותירס מאמא,גרמים,750.00,100 גרם,false,,29.90,0.0399,false,1,23250
7290011877088,false,"רדיד אלומיניום רוחב 30 ס""מ, 18 מיקרון - מארז זוג",בורסה פאזרי,TR,סנו סושי צמד רדידי א,יחידה,0.00,יחידה,false,,16.90,0.0000,true,1,42961
7290011877101,false,"סנומוד מטהר אוויר מאסק סנו 150 מ""ל",מיוצר עי קונדיטוריית,IL,סנו מוד,מיליליטרים,150.00,"100 מ""ל",false,,12.90,0.0860,true,1,26553
7290011877859,false,סנו אינסטלטור חדש פותח סתימות 200ג',מיוצר עי קונדיטוריית,IL,סנו אינסטלטור,מיליליטרים,200.00,"100 מ""ל",false,,13.90,0.0695,true,1,28148
7290011877866,false,"מקסימה אבקת כביסה בניחוח מאסק סנו 6 ק""ג","סנו מפעלי ברונוס בע""\מ",IL,"מקסימה 6 ק""ג מאסק",קילוגרמים,6.00,"ק""ג",false,,49.90,8.3167,false,1,28518
7290011878351,false,תמרים מגהול 400 גרם אורגני,,IL,תמרים מג'הול 400 גרם,גרמים,400.00,100 גרם,false,,27.90,0.0697,true,1,89231
7290011878368,false,תמרים זהידי 400 גרם,,,תמרים זהידי,גרמים,400.00,100 גרם,false,,15.90,0.0398,true,1,96274
7290011878375,false,תמרים דקל נור 400 גרם,,IL,תמרים דקל נור 400 גר,גרמים,400.00,100 גרם,false,,16.90,0.0422,true,1,86953
7290011878931,false,חטיף אורגני משמש 30 גרם נאות סמדר,טבעית,IL,מעדן משמש מדברי,יחידה,0.00,יחידה,false,,7.90,0.0000,true,1,93193
7290011923112,false,גבינת גוש בסגנון פטה יוונית טבעוני 200 ג,,GR,גוש בסגנון פטה יווני,גרמים,200.00,100 גרם,false,,17.50,0.0875,true,1,141600
7290011923273,false,טופו אורגני-ליב 300 גרם,א.י.ן תעשיות מזון בע,IL,טופו אורגני ליב,גרמים,300.00,100 גרם,false,,13.90,0.0463,true,1,51961
7290011923303,false,טופו טבעי 300גרם ליב,א.י.ן תעשיות מזון בע,IL,טופו טבעי 300 גר',גרמים,300.00,100 גרם,false,,11.90,0.0397,true,1,56851
7290011931162,false,סוכרלייט ממתיק נוזלי על בסיס סוכרלוז,אף.סי תבליני בגליל ב,IL,סוכרלייט נוזלי,יחידה,220.00,יחידה,false,,28.90,0.1314,true,1,26289
7290011947309,false,זיתים מצוננים סורי מבוקע ולימון כבוש זיתא 230 ג',זיתא – י.ט.ב תעשיות,IL,זית סורי מבוקע עם לי,גרמים,220.00,100 גרם,false,,12.90,0.0586,true,1,51972
7290011947316,false,זיתא זיתי קלמטה בשמן זית כתית מעולה 215ג,זיתא - י.ט.ב תעשיות,IL,זיתים קלמטה זיתא,יחידה,0.00,יחידה,false,,12.90,0.0000,true,1,58672
7290011947521,false,"שמן זית כתית מעולה 750 מ""ל טעם מודגש זיתא",זיתא - י.ט.ב תעשיות,IL,שמן זית כתית מעולה 7,מיליליטרים,750.00,"100 מ""ל",false,,32.90,0.0439,false,1,99931
7290011947743,false,זיתים זיתא מיקס זית ירוק וזית קלמטה 215 גרם,זיתא - י.ט.ב תעשיות,IL,מיקס זית ירוק וזית ק,גרמים,215.00,100 גרם,false,,12.90,0.0600,true,1,100060
7290011947781,false,מיקס זית ירוק וזית קלמטה ללא גלעין עם שמן זית כתית מעולה,זיתא - י.ט.ב תעשיות,IL,מיקס זית ירוק וזית ק,גרמים,190.00,100 גרם,false,,12.90,0.0679,true,1,104741
7290011947798,false,זית קלמטה ללא גלעין עם שמן זית כתית מעולה,זיתא - י.ט.ב תעשיות,IL,זית קלמטה ללא גלעין,גרמים,190.00,100 גרם,false,,12.90,0.0679,true,1,104742
7290011947866,false,זיתא מיקס זיתים בפח 250 גרם,זיתא - י.ט.ב תעשיות,GR,מיקס זיתים זיתא בפח,גרמים,250.00,100 גרם,false,,19.90,0.0796,true,1,106205
7290011947873,false,זית קלמטה בפח זיתא 440גר,זיתא - י.ט.ב תעשיות,GR,זיתים קלמטה בפח זיתא,גרמים,250.00,100 גרם,false,,19.90,0.0796,true,1,106206
7290011947903,false,מיקס זיתים יווני זיתא 215 ג',זיתא - י.ט.ב תעשיות,IL,מיקס זיתים יווני זית,גרמים,215.00,100 גרם,false,,12.90,0.0600,true,1,107226
7290011964344,false,שום גבישי בקופ' 120 גר' טעם וריח,"תבליני טעם וריח בע""מ",IL,שום גבישי מיכל גדול,גרמים,120.00,100 גרם,false,,9.50,0.0792,true,1,26644
7290011964542,false,פפריקה מתוקה 400 גר' טעם וריח,"תבליני טעם וריח בע""מ",IL,פפריקה מתוקה 400 גר,גרמים,400.00,100 גרם,false,,23.90,0.0597,true,1,27642
7290011964573,false,פלפל שחור טחון 400 גרם,תבליני טעם וריח,,פלפל שחור טחון 400 ג,גרמים,400.00,100 גרם,false,,25.90,0.0647,true,1,102094
7290011964658,false,מלח לימון בקופ' 170 גר' טעם וריח,"תבליני טעם וריח בע""מ",IL,מלח לימון מיכל פלסטי,גרמים,170.00,100 גרם,false,,9.50,0.0559,true,1,31909
7290011964689,false,על האש לא מונוסודיום 100 גרם 100 גרם מיכל גדול,"תבליני טעם וריח בע""מ",IL,תערובת תיבול על האש,גרמים,100.00,100 גרם,false,,9.50,0.0950,true,1,37641
7290011964702,false,שווארמה ללא מונסודיום 100 גרם מיכל גדול,"תבליני טעם וריח בע""מ",IL,תערובת תיבול לשווארמ,גרמים,100.00,100 גרם,false,,9.50,0.0950,true,1,37642
7290011971694,false,ספגטי טריקולור מסמולינת דורום אורגני 500,פסטיפיסוי פליצ'טי,IT,ספגטי טריקולור דורום,יחידה,0.00,יחידה,false,,13.90,0.0000,true,1,85182
7290011996000,false,טעם אסיה אטריות עגבניות 454 ג',טעמי אסיה Taste of Asia,CN,איטריות עגבניות,גרמים,454.00,100 גרם,false,,8.50,0.0187,true,1,26427
7290011996017,false,טעם אסיה אטריות תרד 454 ג',טעמי אסיה Taste of Asia,CN,איטריות תרד,גרמים,454.00,100 גרם,false,,8.50,0.0187,true,1,26428
7290011996031,false,טעם אסיה אטריות בצים 454 ג',טעמי אסיה Taste of Asia,CN,איטריות ביצים,גרמים,454.00,100 גרם,false,,8.50,0.0187,true,1,26429
7290011996086,false,"רוטב צ''ילי חריף 700 מ""ל",טעמי אסיה Taste of Asia,TH,רוטב צ'ילי חריף 700,יחידה,700.00,יחידה,false,,10.90,0.0156,true,1,25745
7290011996093,false,"רוטב צילי מתוק 300 מ""ל ""אסיה""",טעמי אסיה Taste of Asia,,רוטב צ'ילי מתוק 300,יחידה,300.00,יחידה,false,,7.90,0.0263,true,1,25746
7290011996109,false,"צ'ילי מתוק 700 גרם ""אסיה""",טעמי אסיה Taste of Asia,TH,רוטב צ'ילי מתוק 700,יחידה,700.00,יחידה,false,,9.90,0.0141,true,1,25747
7290011996123,false,אצות לסושי נורי גולד 10 יחידות,טעמי אסיה Taste of Asia,CN,אצות ים נורי גולד 10,גרמים,25.00,100 גרם,false,,10.90,0.4360,true,1,26049
7290011996130,false,אצות ים קלויות נורי לסושי - 10 דפים,טעמי אסיה Taste of Asia,CN,אצות ים נורי 10 דפים,גרמים,25.00,100 גרם,false,,10.90,0.4360,true,1,26050
7290011996178,false,"רוטב סויה בסגנון יפני 300 מ""ל",guangdong good taste,CN,רוטב סויה בסגנון יפנ,יחידה,280.00,יחידה,false,,9.90,0.0354,true,1,27986
7290011996185,false,"חומץ אורז לסושי 250 מ""ל ""אסיה""",טעמי אסיה Taste of Asia,CN,חומץ אורז לבן לסושי,יחידה,250.00,יחידה,false,,7.90,0.0316,true,1,27372
7290011996222,false,מי אגוז קוקוס דל 400 גרם,טעמי אסיה Taste of Asia,TH,נוזל אגוזי קוקוס 400,גרמים,400.00,100 גרם,false,,5.90,0.0148,true,1,27939
7290011996277,false,מחצלת עגולה לגלגול סושי,טעמי אסיה Taste of Asia,CN,מחצלת עגולה לסושי,יחידה,0.00,יחידה,false,,5.90,0.0000,true,1,27944
7290011996284,false,"כלי לאידוי סטימר במבוק ""8",טעמי אסיה Taste of Asia,CN,"סטימר 8""",יחידה,0.00,יחידה,false,,21.90,0.0000,true,1,40280
7290011996291,false,כלי לאידוי קוטר 10,טעמי אסיה Taste of Asia,CN,"סטימר 10""",יחידה,0.00,יחידה,false,,28.90,0.0000,true,1,28434
7290011996307,false,"סטימר 20""",,,"סטימר 20""",יחידה,0.00,יחידה,false,,36.90,0.0000,true,1,28435
7290011996482,false,צ'ופסטיקס חד פעמי 20 זוגות במארז,,,מקלות לסושי,יחידה,0.00,יחידה,false,,4.90,0.0000,true,1,27999
7290011996499,false,אטריות אורז דקות טעם וריח 400ג',fujian longhai,CN,מקלוני אורז דקים,גרמים,400.00,100 גרם,false,,7.90,0.0198,true,1,28277
7290011996512,false,"טעם אסיה טעם אסיה אטריות אורז 3מ""מ 400ג'",טעמי אסיה Taste of Asia,TH,"מקלוני אורז 3 מ""מ 40",גרמים,400.00,100 גרם,false,,8.90,0.0223,true,1,28363
7290011996529,false,"מקלוני אטריות אורז 400 גרם ""אסיה""",טעמי אסיה Taste of Asia,TH,"מקלוני אורז 5 מ""מ 40",גרמים,400.00,100 גרם,false,,8.90,0.0223,true,1,28364
7290011996550,false,טעם אסיה רוטב הויסין 240 ג',קיי.אר.אס.ספייסי פוד,TH,רוטב הוי סין,גרמים,240.00,100 גרם,false,,13.90,0.0579,true,1,31805
7290011996567,false,רוטב סאטה אסיה 240 ג,קיי.אר.אס.ספייסי פוד,TH,רוטב סאטה 240ג',גרמים,240.00,100 גרם,false,,13.90,0.0579,true,1,31806
7290011996581,false,"רוטב חמוץ מתוק 300 מ""ל ""אסיה""",טעמי אסיה Taste of Asia,TH,רוטב חמוץ מתוק 300 מ,יחידה,300.00,יחידה,false,,9.90,0.0330,true,1,28053
7290011996604,false,"רוטב פאד תאי 300 גרם ""אסיה""",טעמי אסיה Taste of Asia,TH,"רוטב פאד תאי 300 מ""ל",גרמים,366.00,100 גרם,false,,13.90,0.0380,true,1,28054
7290011996642,false,טעם אסיה שומשום שחור קלוי 100גר,טעמי אסיה Taste of Asia,CN,שומשום שחור קלוי,גרמים,100.00,100 גרם,false,,11.90,0.1190,true,1,26431
7290011996703,false,טעם אסיה אצות וקאמה 100גר,טעמי אסיה Taste of Asia,,אצות וואקאמה מיובשות,גרמים,100.00,100 גרם,false,,18.90,0.1890,true,1,28278
7290011996741,false,"חומץ אורז לסושי 500 מ""ל ""אסיה""",טעמי אסיה Taste of Asia,,חומץ אורז לסושי 500,יחידה,500.00,יחידה,false,,11.50,0.0230,true,1,33995
7290011996758,false,מזרח מערב קמח טמפורה כשר 500ג',טעמי אסיה Taste of Asia,CN,קמח טמפורה,גרמים,500.00,100 גרם,false,,9.90,0.0198,true,1,37513
7290011996765,false,"אבקה ווסאבי 70 גרם ""אסיה""",טעמי אסיה Taste of Asia,CN,משחת וואסבי,גרמים,43.00,100 גרם,false,,9.00,0.2093,true,1,32679
7290011996789,false,פנקו פירורי לחם בסגנון יפני,טעמי אסיה Taste of Asia,CN,פנקו יפני,גרמים,200.00,100 גרם,false,,7.90,0.0395,true,1,33354
7290011996819,false,"מקלוני אטריות שעועית 250 גרם ""אסיה""",טעמי אסיה Taste of Asia,CN,איטריות שעועית בסגנו,גרמים,250.00,100 גרם,false,,3.90,0.0156,true,1,32410
7290011996888,false,"רוטב- טריאקי 300 מ""ל",קיי.אר.אס.ספייסי פוד,TH,רוטב טריאקי 300ג',גרמים,365.00,100 גרם,false,,9.90,0.0271,true,1,31390
7290012001994,false,חרדל דיז'ון גרעינים 350 ג' ריין דיזון,ריין דיז'ון reine dijon,FR,חרדל דיג'ון גרעינים,גרמים,350.00,100 גרם,false,,11.90,0.0340,true,1,36766
7290012019258,false,מחית תפוחי עץ רביעיה 4 * 113 ג' תומר,אינדיאן סאמר קו אופ אינק,US,תומר-מחית תפוחי עץ,גרמים,452.00,100 גרם,false,,9.90,0.0219,true,1,55858
7290012019265,false,רביעיית מחית תפוח עץ ללא תוספת סוכר תומר 113 גרם,אינדיאן סאמר קו אופ אינק,US,"רסק תפו""ע פלסטיק דיא",גרמים,452.00,100 גרם,false,,9.90,0.0219,true,1,55859
7290012019272,false,רביעיית מחית תפוח עץ וקינמון תומר 113 גרם,אינדיאן סאמר קו אופ אינק,US,"רסק תפו""ע+קינמון פלס",גרמים,452.00,100 גרם,false,,9.90,0.0219,true,1,55860
7290012019401,false,מיץ דובדבן 100% 1 ליטר תוצרת גרוזיה,Aromaproduct ltd,,מיץ דובדבן גיאורגיה,ליטרים,1.00,ליטר,false,,18.90,18.9000,true,1,142847
7290012022203,false,פריכיות קליליות חיטה,דילייט 2005,IL,קליליות חיטה מלאה,גרמים,100.00,100 גרם,false,,13.50,0.1350,true,1,45624
7290012022227,false,קליליות חיטה בטעם טבעי,דילייט 2005,IL,קליליות חיטה,גרמים,60.00,100 גרם,false,,11.50,0.1917,true,1,45622
7290012022272,false,פריכיות קליליות קידס,דילייט 2005,IL,קליליות קידס 30 גר,גרמים,30.00,100 גרם,false,,10.70,0.3567,true,1,76595
7290012046193,false,ספוגי קרצוף קשיחים ירוקים קצרים 9יח,M3,ES,סקוטש ברייט תשעה ספו,יחידה,0.00,יחידה,false,,13.90,0.0000,true,1,143678
7290012052163,false,גרנולה רפאל אגוזים זרעים ופירות 350 גרם,רפאלס,IL,גרנולה טבעית זרעים א,יחידה,350.00,יחידה,false,,14.90,0.0426,true,1,37635
7290012052194,false,גרנולה פירות יער וקשיו מרכיבים טבעיים 350 גרם,רפאלס,IL,גרנולה טבעית חמוציות,יחידה,350.00,יחידה,false,,14.90,0.0426,true,1,37638
7290012052224,false,גרנולה רפאל - חלבה תמרים ושקדים,רפאלס,IL,רפאל-חלבה תמרים ושקד,יחידה,800.00,יחידה,false,,27.90,0.0349,true,1,48360
7290012052309,false,גרנולה בננה צימוקים ושקדים מרכיבים טבעיים 1 ק''ג,רפאלס,IL,גרנולה טבעית בננה צי,קילוגרמים,1.00,"ק""ג",false,,22.90,22.9000,true,1,94466
7290012052316,false,גרנולה תענוג - שפע פירות 1 קילו,רפאלס,IL,"גרנולה תענוג 1 ק""ג ש",קילוגרמים,1.00,"ק""ג",false,,22.90,22.9000,true,1,100231
7290012052323,false,מוזלי עם פירות יבשים ושקדים ללא תוספת סוכר,רפאלס,IL,מוזלי תענוג מיקס לא,קילוגרמים,1.00,"10 ק""ג",false,,22.90,22.9000,true,1,94467
7290012052330,false,גרנולה תענוג חלבה ותמרים 1 ק''ג,רפאלס,IL,"גרנולה תענוג 1 ק""ג",קילוגרמים,1.00,"ק""ג",false,,22.90,22.9000,true,1,94468
7290012052347,false,"גרנולה תענוג-צימוקים ושקדים ללא תוספת סוכר 1 ק""ג",רפאלס,IL,גרנולה תענוג ללא תוס,קילוגרמים,1.00,"ק""ג",false,,22.90,22.9000,true,1,94469
7290012052361,false,גרנולה מוזלי בטעם מרכיבים טבעיים 350 גרם,רפאלס,IL,גרנולה רפאל 350גר מו,גרמים,350.00,100 גרם,false,,14.90,0.0426,true,1,50213
7290012052385,false,מוזלי עם חמוציות ושקדים ללא תוספת סוכר,רפאלס,IL,גרנולה רפאל שקדים ופ,גרמים,800.00,100 גרם,false,,27.90,0.0349,true,1,48390
7290012052460,false,צ'וקולומומו - מיקס זרעים לסלט - אורגינל,רפאלס,IL,תערובת לסלט צוקולומו,גרמים,250.00,100 גרם,false,,15.90,0.0636,true,1,48391
7290012116360,false,פוליויקס נוזל לניקוי רצפות גרניט פורצלן סנו 2 ליטר,"מפעלי סנו ברונוס בע""",IL,פוליוקס פורצלן סנו 2,ליטרים,2.00,ליטר,false,,19.90,9.9500,false,1,27919
7290012116551,false,אנטי קאלק נוזל לניקוי כללי סנו 2 ליטר,מיוצר עי קונדיטוריית,IL,אנטי קלאק 2 ליטר 4-ב,ליטרים,2.00,ליטר,false,,19.90,9.9500,true,1,31916
7290012116629,false,תחליב רול און דוחה יתושים לתינוקות ולילדים סנו די,מיוצר עי קונדיטוריית,IL,סנודי לילדים רולאון,מיליליטרים,50.00,"100 מ""ל",false,,19.90,0.3980,true,1,33270
7290012116735,false,נייר טואלט גליל כפול סנו סופט 24 גלילים,סנו מפעלי ברונוס בעמ,IL,נייר טואלט סופט ג'מב,גרמים,4300.00,100 גרם,false,,47.90,0.0111,false,1,32875
7290012117039,false,נוזל לניקוי אמבטיה 00 סנו 1 ליטר,סנו מפעלי ברונוס בעמ,IL,סנו 00 לאמבטיה 1 ליט,ליטרים,1.00,ליטר,false,,7.90,7.9000,false,1,31930
7290012117091,false,"אבקת כביסה סנסיטיב סנו מקסימה 6 ק""ג",סנו מקסימה,IL,"סנו מקסימה 6 ק""ג סנס",קילוגרמים,6.00,"ק""ג",false,,49.90,8.3167,false,1,33373
7290012117275,false,"קליר שקית מילוי לניקוי חלונות סנו 750 מ""ל",טרופיקל דגיל תעשיות,IL,סנו קליר מילוי 750 מ,מיליליטרים,750.00,"100 מ""ל",false,,7.90,0.0105,true,1,34447
7290012117350,false,"נוזל רצפות לילך 2 ליטר ""ריצפז פרש""","סנו מפעלי ברונוס בע""\מ",IL,ריצפז פרש לילך 2ל,ליטרים,2.00,ליטר,false,,17.90,8.9500,false,1,32311
7290012117428,false,"ג'ל רחצה ושמפו מעיינות מנטה קרמה מן 700 מ""ל",טרופיקל דגיל תעשיות,IL,קרמה מן שמפו וג'ל רח,מיליליטרים,700.00,"100 מ""ל",false,,17.90,0.0256,true,1,34605
7290012117435,false,"קרמה - שמפו וג'ל רחצה 2 ב-1 אלוורה 700 מ""ל",טרופיקל דגיל תעשיות,IL,קרמה מן ג'ל רחצה אלו,מיליליטרים,700.00,"100 מ""ל",false,,17.90,0.0256,true,1,37819
7290012117466,false,"תחליב רחצה לפנים תה ירוק קרמה 180 מ""ל",קוסמופארם,IL,תחליב פנים תה ירוק,מיליליטרים,180.00,"100 מ""ל",false,,14.90,0.0828,true,1,36127
7290012117534,false,מרכך כביסה מרוכז תכלת קול סנו מקסימה 1 ליטר,"סנו מפעלי ברונוס בע""\מ",IL,מרכך מרוכז קול 1ל,ליטרים,1.00,ליטר,false,,16.90,16.9000,true,1,35054
7290012117541,false,מרכך כביסה מרוכז צהוב סנו מקסימה 1 ליטר,סנו מפעלי ברונוס בעמ,IL,מרכך מרוכז סנו זן 1ל,ליטרים,1.00,ליטר,false,,16.90,16.9000,true,1,35055
7290012117558,false,מקסימה מרכך כביסה מרוכז ורוד בניחוח מאסק סנו 1 ליטר,"סנו מפעלי ברונוס בע""\מ",IL,מרכך סנו מרוכז פי4 מ,ליטרים,1.00,ליטר,false,,16.90,16.9000,false,1,35252
7290012117565,false,כפפות לטקס S סנו סושי 100 יחידות,סנו סושי,IL,כפפות סושי S לטקס,יחידה,0.00,יחידה,false,,29.90,0.0000,true,1,36998
7290012117732,false,מקסימה מרכך כביסה ארומתרפי קול סנו 4 ליטר,"סנו מפעלי ברונוס בע""\מ",IL,מרכך סנו 4ל COOL,ליטרים,4.00,ליטר,false,,21.90,5.4750,false,1,34601
7290012117916,false,אינסטלטור נוזל לפתיחת סתימות סנו 1 ליטר,"סנו מפעלי ברונוס בע""",IL,סנו אינסטלטור נוזלי,ליטרים,1.00,ליטר,false,,24.90,24.9000,true,1,34773
7290012129711,false,פרשיס מגבונים לחים 7,,,פרשיס מגבונים לחים 7,יחידה,0.00,יחידה,false,,4.80,0.0000,true,1,56631
7290012129728,false,מגבונים לחים פרשיס ללא בישום חמישייה,,IL,פרשיס חמישייה מגבוני,יחידה,0.00,יחידה,false,,19.90,0.0000,true,1,57770
7290012129735,false,פרשיס מגבונים לחים 7,,,פרשיס מגבונים לחים 7,יחידה,0.00,יחידה,false,,4.80,0.0000,true,1,56632
7290012129742,false,מגבונים פרשיס מבושם 72 יח' * חמישיה,,IL,פרשיס חמישייה מגבוני,יחידה,0.00,יחידה,false,,19.90,0.0000,true,1,57771
7290012139482,false,בג עצם לחוצה מעושנת בציפוי עוף 3 מקט ח,PINGYANG LELE PET PR,CN,חטיף בונזו ג'וי-עצם,גרמים,160.00,100 גרם,false,,21.90,0.1369,true,1,40639
7290012139499,false,בג עצם לחוצה מעושנת בציפוי עוף 5 מקט ח,בונזו,,עצם בציפוי פירורי עו,גרמים,165.00,100 גרם,false,,21.90,0.1327,true,1,40640
7290012151538,false,אקונומיקה 4ליטר פולי,,,אקונומיקה 4ליטר פולי,ליטרים,4.00,ליטר,false,,10.90,2.7250,true,1,30817
7290012159404,false,לבבות דקל שלמים 400 ג',יושלם,IL,לבבות דקל שלמים,גרמים,400.00,100 גרם,false,,7.90,0.0198,true,1,39720
7290012159411,false,לבבות דקל חתוך לינה 400 גרם,יושלם,IL,לבבות דקל חתוך,גרמים,220.00,100 גרם,false,,7.90,0.0359,true,1,39721
7290012173141,false,מיקס חמוציות פקאן 17,זארובי,,מיקס חמוציות פקאן,גרמים,170.00,100 גרם,false,,10.00,0.0588,true,1,37705
7290012173189,false,אגוז פקאן טבעי 150 גרם זארובי,זארובי,,אגוז פקאן,יחידה,150.00,יחידה,false,,18.90,0.1260,true,1,39975
7290012173271,false,זארובי-שקד טבעי 350ג,,IL,זארובי-שקד טבעי 350ג,גרמים,350.00,100 גרם,false,,28.90,0.0826,true,1,56461
7290012173301,false,זארובי-פיסטוק קלוי 3,זארובי,,זארובי-פיסטוק קלוי 3,גרמים,300.00,100 גרם,false,,28.90,0.0963,true,1,56946
7290012173325,false,בוטנים קלופים קופסא,זארובי,,בוטנים קלופים 350 גר,גרמים,350.00,100 גרם,false,,15.50,0.0443,true,1,56966
7290012173493,false,תערובת אגוזים בקופסא 300 גרם,זארובי,IL,תערובת אגוזים ושקדים,גרמים,300.00,100 גרם,false,,26.90,0.0897,true,1,143376
7290012173615,false,פקאן סיני 150 גר',זארובי,IL,פקאן סיני 150 גר',גרמים,150.00,100 גרם,false,,18.90,0.1260,false,1,44693
7290012173820,false,זארובי-פיסטוק קלוי,,IL,זארובי-פיסטוק קלוי,גרמים,150.00,100 גרם,false,,14.90,0.0993,true,1,54178
7290012173837,false,אגוז קשיו קלוי 170 ג,,IL,זארובי-קשיו קלוי,גרמים,170.00,100 גרם,false,,14.90,0.0876,true,1,54179
7290012173844,false,שקד קלוי 170 גרם זארובי,,,זארובי-שקד קלוי,גרמים,170.00,100 גרם,false,,14.90,0.0876,true,1,54180
7290012173905,false,פיצוחים מעורב פרימיו,,,פיצוחים מעורב פרימיו,גרמים,350.00,100 גרם,false,,27.90,0.0797,true,1,55498
7290012193125,false,מרמולייט סוכרלוז ממתיק 150 טבליות,"קיפל טבליות וממתיקים בע""מ",CN,מרמולייט סוכרלוז 150,גרמים,123.00,100 גרם,false,,26.90,0.2187,true,1,28793
7290012226014,false,נקניקיות וינר זוגלובק 800 גרם,נקניק נהריה כשר זוגל,IL,נקניקיות וינר 800 גר,גרמים,800.00,100 גרם,false,,22.90,0.0286,true,1,36084
7290012226021,false,נקניק סלמי מעושן פראג זוגלובק 400 גרם,נקניק נהריה כשר זוגל,IL,סלמי מעושן פראג 400ג,גרמים,400.00,100 גרם,false,,21.50,0.0538,true,1,35593
7290012226120,false,"קבנוס 135 גרם ""זוגלובק""",נקניק נהריה כשר זוגל,IL,קבנוס 135 גר',גרמים,135.00,100 גרם,false,,10.00,0.0741,true,1,37841
7290012226342,false,נקניקיה טבעונית למחבת או לתנור עשירה בחלבון,זוגלו'ס Zoglos,IL,נקניקיה טבעונית,גרמים,460.00,100 גרם,false,,24.90,0.0541,true,1,91149
7290012226939,false,קבנוס עם צ'ילי חריף זוגלובק 135 גרם,נקניק נהריה כשר זוגל,IL,קבנוס עם צ'ילי חריף,גרמים,135.00,100 גרם,false,,10.00,0.0741,true,1,39501
7290012227325,false,סלמי דק דק מעושן איטלקי 120 ג' זוגלובק,זוגלובק,IL,סלמי מעושן דק דק 120,גרמים,120.00,100 גרם,false,,13.90,0.1158,true,1,90272
7290012227400,false,נקניקיות עוף זוגלובק 800 גרם,נקניק נהריה כשר זוגל,IL,נקניקיות עוף 800 גר',גרמים,800.00,100 גרם,false,,22.90,0.0286,true,1,50342
7290012227912,false,קבנוס מעודן זוגלובק 135 גרם,זוגלובק,IL,קבנוס מעודן 135 גר',גרמים,135.00,100 גרם,false,,10.00,0.0741,true,1,87374
7290012227974,false,פסטרמה הודו בדבש טהור דק דק דק,זוגלובק,IL,פסטרמה בדבש 120 גר',גרמים,120.00,100 גרם,false,,13.90,0.1158,true,1,90273
7290012227981,false,פסטרמה דק דק ברביקיו 120 ג' זוגלובק,זוגלובק,IL,פסטרמה ברביקיו 120 ג,גרמים,120.00,100 גרם,false,,13.90,0.1158,true,1,90274
7290012228261,false,נקנקיות קנקרס הודו ועוף ריינהולד'ס זוגלובק 300 ג',זוגלובק,IL,נקניקיות בוקוורסט הו,גרמים,300.00,100 גרם,false,,19.90,0.0663,true,1,85827
7290012228278,false,נקנקיות בוקוורסט עוף ובקר ריינהולד'ס 310 ג' זוגלובק,זוגלובק,IL,נקניקיות בוקוורסט הו,גרמים,310.00,100 גרם,false,,19.90,0.0642,true,1,85828
7290012245312,false,"גולד ציפס אמריקאי 1.5 ק""ג קפוא זן",יוליניבר,BE,צ'יפס גולד אמריקאי 1,גרמים,1500.00,100 גרם,false,,19.90,0.0133,true,1,94821
7290012245329,false,"גולד צ'יפס קלאסי 1.5 ק""ג קפוא זן",יוליניבר,IL,צ'יפס גולד קלאסי 1.5,גרמים,1500.00,100 גרם,false,,19.90,0.0133,true,1,94823
7290012309939,false,חלווה מסולסלת בקופסא ששון הקולה 500 גרם,אף.סי תבליני בגליל ב,IL,חלבה מסולסלת 500 גר,גרמים,500.00,100 גרם,false,,14.90,0.0298,true,1,56118
7290012313073,false,מיקס זיתים מגולענים מרינד קבוצת יבנה 340 גרם,קבוצת יבנה,IL,מיקס חרוזית יבנה,גרמים,275.00,100 גרם,false,,10.90,0.0396,true,1,142805
7290012313141,false,מלפפונים פרוסות במלח קבוצת יבנה 330 גרם,אף.סי תבליני בגליל ב,IL,פרוסות מלפפונים במלח,גרמים,320.00,100 גרם,false,,5.90,0.0184,true,1,50711
7290012313240,false,מיקס זית ירוק וקלמטה קבוצת יבנה 560 גרם,קבוצת יבנה,IL,מיקס זיתים וקלמטה יב,גרמים,340.00,100 גרם,false,,10.90,0.0321,true,1,103611
7290012313547,false,זית קלמטה חומץ יין י,קבוצת יבנה,,זית קלמטה יבנה,גרמים,340.00,100 גרם,false,,9.40,0.0276,true,1,77641
7290012316364,false,יקב צובה סלע אדום,,,יקב צובה סלע אדום,מיליליטרים,750.00,"100 מ""ל",false,,49.90,0.0665,true,1,145794
7290012404993,false,נקטר דיאט חמוציות ספרינג קולקשן 1.25 ליטר,יפאורה שותפות מובגלת לשיווק,IL,נקטר דיאט חמוציות ספ,ליטרים,1.25,ליטר,false,,12.90,10.3200,true,1,38391
7290012413636,false,תה ירוק צ'אי מסאלה ויסוצקי 25 יחידות,ויסוצקי ירוק,IL,תה ירוק צ'אי מסאלה 2,גרמים,37.50,100 גרם,false,,24.90,0.6640,false,1,41887
7290012413643,false,תה ירוק קמומיל ויסוצקי 25 יחידות,ויסוצקי ירוק,IL,תה ירוק קמומיל,גרמים,37.50,100 גרם,false,,24.90,0.6640,false,1,47264
7290012470271,false,תחתיות נייר קטנות לע,,,תחתיות נייר קטנות לע,יחידה,0.00,יחידה,false,,6.90,0.0000,true,1,35071
7290012470288,false,תחתיות נייר בינוני ל,,,תחתיות נייר בינוני ל,יחידה,0.00,יחידה,false,,9.90,0.0000,true,1,35072
7290012470295,false,תחתיות נייר גדולות ל,,,תחתיות נייר גדולות ל,יחידה,0.00,יחידה,false,,9.90,0.0000,true,1,35073
7290012470301,false,תחתיות נייר מלבן גדו,,,תחתיות נייר מלבן גדו,יחידה,0.00,יחידה,false,,9.90,0.0000,true,1,35074
7290012470486,false,כובע רחצה ניילון 4 י,,,כובע אמבטיה שקוף,יחידה,0.00,יחידה,false,,5.90,0.0000,true,1,35280
7290012470493,false,כובע רחצה 2 שכבות ענ,מיה טריידינג,CN,כובע רחצה 2 שכבות,יחידה,0.00,יחידה,false,,12.90,0.0000,true,1,35281
7290012470684,false,גומיות לקוקו,,,גומיות לקוקו,יחידה,0.00,יחידה,false,,5.90,0.0000,true,1,96194
7290012470981,false,כביסון לחזיות,מיה טריידינג,CN,כביסון לחזיות,יחידה,0.00,יחידה,false,,9.90,0.0000,true,1,55242
7290012475092,false,משקה דגנים נמס אורגני גרין פילד 100 גרם,,PL,משקה דגנים נמס אורגנ,גרמים,100.00,100 גרם,false,,19.90,0.1990,true,1,142388
7290012475108,false,משקה משעורה נמס אורגני גרין פילד 75 גרם,גרין פילד,EG,משקה שעורה נמס אורגנ,גרמים,75.00,100 גרם,false,,14.90,0.1987,true,1,48438
7290012475382,false,מיץ רימונים אורגני גרין פילד 1 ליטר,,,גרין פילד מייץ רימונ,ליטרים,1000.00,100 ליטר,false,,19.00,0.0190,true,1,105886
7290012475399,false,מיץ בטעם שזיפים אורגני גרין פילד 1 ליטר,גוקנור,TR,מיץ שזיפים אורגני 1,ליטרים,1.00,ליטר,false,,16.00,16.0000,true,1,38717
7290012522581,false,טבעול שניצל תירס ללא גלוטן טבעול 664 גרם,עיצובים 2020 (4.8),IL,שניצל תירס ללא גלוטן,גרמים,664.00,100 גרם,false,,25.90,0.0390,false,1,43542
7290012561337,false,כורכום טרי כתוש קפוא דורות 70 גר,מוצרי שום ותיבול דורות,IL,כורכום טרי כתוש דורו,גרמים,70.00,100 גרם,false,,12.00,0.1714,true,1,97490
7290012561405,false,בצל חצי מטוגן דורות 180 גרם,עיצובים 2020 (3.8),IL,בצל חצי מטוגן דורות,גרמים,180.00,100 גרם,false,,11.50,0.0639,true,1,34404
7290012576591,false,"יין רזרב גוורצטרמינר 750 מ""ל שביעית",יקבי ברקן שיווק והפצה בע,IL,רזרב גוורטצטרמינר,מיליליטרים,750.00,"100 מ""ל",false,,34.90,0.0465,false,1,56768
7290012588242,false,"מים מינרליים כדוררגל מארז שישיה 500 מ""ל",נרה קריטיס אס איי באריפט,GR,מים מינרלים כדורגל 5,מיליליטרים,3000.00,"100 מ""ל",false,,13.90,0.0046,false,1,90995
7290012602627,false,יערה בדבש 640 גרם,,,דבש יערה 500 גר',גרמים,500.00,100 גרם,false,,29.90,0.0598,true,1,84650
7290012645020,false,"יוגורט עיזים טבעי בבקבוק חלב הארץ 500 מ""ל",מחלבת סוסיא,IL,יוגורט עיזים טבעי 5,מיליליטרים,500.00,"100 מ""ל",false,,11.90,0.0238,true,1,42387
7290012645051,false,יוגורט עיזים חלב הארץ 350 גרם,חלב הארץ,IL,יוגורט עיזים 350 גר,גרמים,350.00,100 גרם,false,,11.50,0.0329,true,1,101275
7290012645075,false,יוגורט כבשים יווני גביע 350 גרם חלב הארץ,חלב הארץ,IL,יוגורט כבשים יווני 3,גרמים,350.00,100 גרם,false,,11.50,0.0329,true,1,107083
7290012645112,false,יוגורט עיזים 2.8% בדלי חלב הארץ 750 גרם,מחלבות סוסיא,IL,יוגורט עיזים בדלי -,גרמים,750.00,100 גרם,false,,18.90,0.0252,true,1,83646
7290012645129,false,יוגורט כבשים 5% בדלי חלב הארץ 750 גרם,מחלבות סוסיא,IL,יוגורט כבשים בדלי -ח,גרמים,750.00,100 גרם,false,,18.90,0.0252,true,1,83647
7290012645174,false,גבינת עיזים 5% חלב הארץ 200 גרם,חלב הארץ,IL,גבינת עיזים 5%,גרמים,200.00,100 גרם,false,,12.90,0.0645,true,1,144576
7290012645181,false,לאבנה עיזים 5% חלב הארץ 200 גרם,חלב הארץ,IL,לאבנה עיזים 5%,גרמים,200.00,100 גרם,false,,12.90,0.0645,true,1,116861
7290012645280,false,"יוגורט כבשים טבעי 2.8% בגביע חלב הארץ 150מ""ל",מחלבות סוסיא,IL,יוגורט יווני מחלב כב,גרמים,150.00,100 גרם,false,,5.30,0.0353,true,1,56448
7290012645297,false,יוגורט עיזים ביו 2.8% טעם טבעי חלב הארץ 150 גרם,מחלבות סוסיא,IL,יוגורט מחלב עיזים,גרמים,150.00,100 גרם,false,,5.30,0.0353,true,1,56449
7290012645389,false,יוגורט עיזים 3.7%בבקבוק חלב הארץ 1 ליטר,מחלבות סוסיא,IL,יוגורט עיזים טבעי 1,ליטרים,1.00,ליטר,false,,21.90,21.9000,true,1,45955
7290012665059,false,קובה למרק חמים וטעים,"חמים וטעים בע""מ",IL,קובה למרק 400 גר,גרמים,400.00,100 גרם,false,,15.50,0.0388,true,1,58678
7290012668296,false,מעדן תות שדה דודה בר,,IL,אנט ברטה- מעדן תות,גרמים,284.00,100 גרם,false,,13.90,0.0489,true,1,82611
7290012668302,false,מעדן מנדרינה תפוז דו,,IL,ברטה- מעדן מנדרינה ת,גרמים,284.00,100 גרם,false,,13.90,0.0489,true,1,92050
7290012668616,false,אנט ברטה- מעדן פירות,,IL,אנט ברטה- מעדן פירות,גרמים,284.00,100 גרם,false,,13.90,0.0489,true,1,82614
7290012692000,false,דר פישר אלכוגל לידיים 500 מל אפרסק,פישר תעשיות,IL,"אלכוג'ל אפרסק 500 מ""",מיליליטרים,500.00,"100 מ""ל",false,,19.90,0.0398,true,1,81224
7290012697241,false,"סוכרזית מצמח הסטיוויה נוזל 220 מ""ל",אף.סי תבליני בגליל ב,IL,סוכרזית מצמח הסטיווי,יחידה,0.00,יחידה,false,,29.90,0.0000,true,1,45214
7290012759253,false,טראפלס תמרים וקקאו 280 גר' - ממה,ממה חטיפי אנרגיה,IL,טרפלס תמרים וקקאו,יחידה,0.00,יחידה,false,,31.90,0.0000,true,1,49353
7290012759581,false,רגע של פינוק פירות י,,,רגע של פינוק פירות י,גרמים,50.00,100 גרם,false,,7.90,0.1580,true,1,103624
7290012759659,false,משפחתית בראוניז תמר שוקולד קוקוס ואגוז מלך 240 גר' - ממה,ממה חטיפי אנרגיה,IL,עוגת בראוניז תמר שוק,גרמים,240.00,100 גרם,false,,24.90,0.1037,true,1,95967
7290012759673,false,משפחתית בראוניז חמאת בוטנים קשיו וגוג'י ברי 240 גר' - ממה,ממה חטיפי אנרגיה,IL,עוגיות בראוניז חמאת,גרמים,240.00,100 גרם,false,,24.90,0.1037,true,1,95333
7290012759727,false,חטיף בראוניז תמר שוקולד פקאן ופולי קקאו 40 גר' - ממה,ממה חטיפי אנרגיה,IL,חטיף בראוניז 50 גר',גרמים,50.00,100 גרם,false,,7.90,0.1580,true,1,96977
7290012759956,false,חטיף אישי חלבון תמר פקאן וקשיו,ממה,IL,חטיף אישי חלבון תמר,גרמים,50.00,100 גרם,false,,9.90,0.1980,true,1,104362
7290012803352,false,"רייד ארוסול קוטל מעופפים 300מ""ל",אס.סי.ג'ונסון מידרכט,NL,RAIDקוטל מעופפים 8שע,מיליליטרים,300.00,"100 מ""ל",false,,13.90,0.0463,false,1,38137
7290012823237,false,"תחליב רחצה קרמה בריזת ים 700 מ""ל",החברה הדרומית,IL,תחליב רחצה קרמה בריז,מיליליטרים,700.00,"100 מ""ל",false,,17.90,0.0256,true,1,103570
7290012823381,false,מקסימה מרכך כביסה מרוכז סנסטיב בייבי סנו 1 ליטר,"סנו מפעלי ברונוס בע""\מ",IL,מרכך מרוכז סנסיטיב 1,ליטרים,1.00,ליטר,false,,16.90,16.9000,true,1,36515
7290012823398,false,מטליות חד פעמיות לניקוי הרצפה בניחוח מרכך כביסה 10יח' סנו,סנו מפעלי ברונו בעמ,IL,ריצפז מטליות לחות לנ,יחידה,0.00,יחידה,false,,12.90,0.0000,true,1,88612
7290012823541,false,ריצפז פרש מטליות לחות לרצפה בניחוח לבנדר 10 יחידות,"סנו מפעלי ברונוס בע""\מ",IL,מטליות ריצפז פרש,יחידה,0.00,יחידה,false,,12.90,0.0000,true,1,35813
7290012823565,false,פוליויקס מטליות ענק לחות לפרקט סנו 10 יחידות,דינאמיק תעשיות,IL,מטלית פוליוקס פרקט,יחידה,0.00,יחידה,false,,14.90,0.0000,true,1,37756
7290012823589,false,ריצפז פרש בניחוח לימון מרענן,סנו פרש Fresh,IL,ריצפז לימון 2 ליטר,ליטרים,2.00,ליטר,false,,17.90,8.9500,false,1,39486
7290012823602,false,נייר טואלט סופט סילק לבן - מארז 32 גלילים,טרופיקל דגיל תעשיות,IL,נייר טואלט סופט סילק,גרמים,1950.00,100 גרם,false,,32.90,0.0169,false,1,39563
7290012823657,false,"סנו קל רסס וכבס מילוי 750 מ""ל",סנו קל,IL,מילוי רסס כבס 750מל,מיליליטרים,750.00,"100 מ""ל",false,,9.90,0.0132,true,1,37757
7290012823787,false,"סנו רסס ונגב שקית מילוי 750 מ""ל",סנו,IL,רסס ונגב מילוי 750מל,מיליליטרים,750.00,"100 מ""ל",false,,7.90,0.0105,true,1,40339
7290012823923,false,"מקסימה מרכך כביסה מרוכז פרפיום גולדן סנרייז סנו 750 מ""ל",סנו מפעלי ברונוס בעמ,IL,מרכך כביסה מרוכז פרפ,מיליליטרים,750.00,"100 מ""ל",false,,16.90,0.0225,true,1,37919
7290012823947,false,"סנו - מרכך כביסה מרוכז פרפיום קריסטל נואר 750 מ""ל",מיוצר עי קונדיטוריית,IL,מקסימה פרפיום מרכך כ,מיליליטרים,750.00,"100 מ""ל",false,,16.90,0.0225,true,1,38163
7290012871054,false,שלווה חיטה מלאה דבש 200 גרם דגן,מפעלי דגן,,דגן-חיטה מלאה תפוחה,גרמים,220.00,100 גרם,false,,6.50,0.0295,true,1,78697
7290012871061,false,חטיף תירס פופ מתוק ד,מפעלי דגן,IL,דגן תירס פופ מתוק 15,גרמים,150.00,100 גרם,false,,6.50,0.0433,true,1,78092
7290012871375,false,דגן פצפוצי כוסמין בצ,מפעלי דגן,IL,דגן פצפוצי כוסמין בצ,גרמים,200.00,100 גרם,false,,11.00,0.0550,true,1,83053
7290012871382,false,דגן שלווה מלאה תפוחה,מפעלי דגן,,דגן שלווה מלאה תפוחה,גרמים,150.00,100 גרם,false,,6.90,0.0460,true,1,97510
7290012871429,false,פצפוצי כוסמת קלוי בת,מפעלי דגן,,פצפוצי כוסמת קלוי בת,גרמים,200.00,100 גרם,false,,9.90,0.0495,true,1,97650
7290012871436,false,דגנים מלאים 5 תפוחים,מפעלי דגן,IL,דגן 5 דגנים מלאים דב,גרמים,220.00,100 גרם,false,,8.90,0.0405,true,1,78093
7290012884986,false,תפוגן ציפס לתנור עד 4% שומן 1.5 קג,"תעשיות תפוגן בע""\מ",IL,צ'יפס לתנור 4% שומן,קילוגרמים,1.50,"ק""ג",false,,24.90,16.6000,true,1,50415
7290012901355,false,דודלס ארוחת אטריות עם גבינה 206 גרם,האי נאם סי או אל.טי.,US,פסטה גבינה לבן,גרמים,206.00,100 גרם,false,,10.90,0.0529,true,1,58701
7290012901362,false,אפלסנקס אורג.לא ממותק678,,CA,"רסק תפו""ע אורגני שי",גרמים,678.00,100 גרם,false,,25.90,0.0382,true,1,56331
7290012911088,false,"רוטב סויה בהירה 500 מ""ל ""אסיה""",healthy food product,TH,רוטב סויה בהירה 500מ,יחידה,500.00,יחידה,false,,11.50,0.0230,true,1,35530
7290012911095,false,"רוטב סויה כהה 500 מ""ל",הלסי פוד,,"רוטב סויה כהה 500 מ""",יחידה,500.00,יחידה,false,,11.50,0.0230,true,1,35061
7290012911156,false,"רוטב טריאקי שומשום 300 מ""ל ""אסיה""",קיי.אר.אס.ספייסי פוד,TH,רוטב טריאקי שומשום,יחידה,300.00,יחידה,false,,11.00,0.0367,true,1,37266
7290012911170,false,מיסו כהה-מחית פולי סויה,טעמי אסיה Taste of Asia,,מיסו כהה,גרמים,500.00,100 גרם,false,,10.90,0.0218,true,1,38072
7290012911187,false,מיסו בהיר-מחית פולי סויה,טעמי אסיה Taste of Asia,,מיסו בהיר,גרמים,500.00,100 גרם,false,,10.90,0.0218,true,1,37799
7290012911224,false,יין אורז סאקה,ningbo yimin,CN,"סאקה 750 מ""ל",יחידה,750.00,יחידה,false,,19.90,0.0265,true,1,36726
7290012911248,false,"שיכר שזיפים 750 מ""ל",ningbo yimin,CN,"שיכר שזיפים 750 מ""ל",יחידה,750.00,יחידה,false,,19.90,0.0265,true,1,36814
7290012911262,false,"מירין משובח 500 מ""ל",פוקולוקו,CN,"מירין 500 מ""ל",יחידה,500.00,יחידה,false,,17.90,0.0358,true,1,41624
7290012911293,false,דפי אורז ללא גלוטן 300 ג',טעמי אסיה Taste of Asia,VN,דפי אורז 300גר,גרמים,300.00,100 גרם,false,,11.90,0.0397,true,1,36027
7290012911415,false,"ממרח קארי ירוק 400 גרם ""אסיה""",קיי אר אס ספייסי פוד,TH,ממרח קארי ירוק 400גר,גרמים,400.00,100 גרם,false,,17.90,0.0447,true,1,41789
7290012911422,false,"ממרח קארי אדום 400 גרם ""אסיה""",טעמי אסיה Taste of Asia,TH,ממרח קארי אדום 400גר,גרמים,400.00,100 גרם,false,,17.90,0.0447,true,1,41790
7290012911477,false,"קרם קוקוס 400 גרם ""אסיה""",אסיאטיק אגרו אינדסטר,TH,"קרם קוקוס 400 מ""ל",יחידה,400.00,יחידה,false,,7.90,0.0198,true,1,40467
7290012911583,false,רצועות דלעת כבושה-קנפיו,טעמי אסיה Taste of Asia,CN,קנפיו רצועות דלעת כב,גרמים,100.00,100 גרם,false,,8.90,0.0890,true,1,41625
7290012911613,false,רצועות צנון יפני כבו,מזרח ומערב,,רצועות צנון יפני כבו,גרמים,100.00,100 גרם,false,,8.90,0.0890,true,1,83098
7290012911644,false,רוטב סריראצ'ה- רוטב צ'ילי חריף,טעמי אסיה Taste of Asia,,סריראג'ה-צ'ילי חריף,גרמים,435.00,100 גרם,false,,23.90,0.0549,true,1,52851
7290012911651,false,"מקלוני אורז 10 מ""מ Rice stick",טעמי אסיה Taste of Asia,TH,"מקלוני אורז 10 מ""מ",גרמים,400.00,100 גרם,false,,8.90,0.0223,true,1,51802
7290012911675,false,"פיטריות שטאקה 85 גרם ""אסיה""",טעמי אסיה Taste of Asia,IL,פטריות שטאקה 85 גר',גרמים,85.00,100 גרם,false,,17.90,0.2106,true,1,43567
7290012911729,false,"ג'ינג'ר ורוד לסושי 250 גרם ""אסיה""",טעמי אסיה Taste of Asia,CN,ג'נג'ר ורוד לסושי 25,גרמים,250.00,100 גרם,false,,7.90,0.0316,true,1,48124
7290012911804,false,"שמן שומשום כשר 150 מ""ל",גואנגדונג גוד טייסט,SG,"שמן שומשום 150מ""ל",יחידה,150.00,יחידה,false,,13.90,0.0927,true,1,45584
7290012911866,false,"דפי אורז מרוב עים 22 ס""מ 300 גרם",טעמי אסיה Taste of Asia,VN,"דפי אורז 22*22 ס""מ",גרמים,300.00,100 גרם,false,,11.90,0.0397,true,1,48693
7290012911934,false,שבבי אורז 227 גרם כש,טעמי אסיה Taste of Asia,TH,שבבי אורז,גרמים,227.00,100 גרם,false,,7.90,0.0348,true,1,48562
7290012911941,false,רוטב צ'ילי מתוק ללא תוספת סוכר,טעמי אסיה Taste of Asia,TH,רוטב צ'ילי מתוק 700מ,מיליליטרים,700.00,"100 מ""ל",false,,14.00,0.0200,true,1,48694
7290012911965,false,ג'ינג'ר לסושי ללא צבע כשר 250ג',טעמי אסיה Taste of Asia,CN,ג'ינג'ר לסושי ללא צב,גרמים,150.00,100 גרם,false,,7.90,0.0527,true,1,50077
7290012921025,false,"בקבוק בירה מלכה בהירה 330 מ""ל","בירה מלכה בע""מ",IL,בירה מלכה,מיליליטרים,330.00,"100 מ""ל",false,,13.90,0.0421,true,1,58090
7290012921032,false,"בקבוק בירה מלכה אדמונית 330 מ""ל","בירה מלכה בע""מ",IL,מלכה אדמונית בירה,מיליליטרים,330.00,"100 מ""ל",false,,13.90,0.0421,true,1,58091
7290012921063,false,בירה מלכה הינדי בבקבוק,"בירה מלכה בע""מ",IL,בירה מלכה הינדי,יחידה,0.00,יחידה,false,,13.90,0.0000,true,1,58542
7290012921087,false,"בירה מלכה בהירה 750 מ""ל","בירה מלכה בע""מ",IL,בירה מלכה בהירה 750,מיליליטרים,750.00,"100 מ""ל",false,,29.90,0.0399,true,1,103577
7290012938405,false,"רדיד אלומיניום עבה במיוחד לבישול,אפייה והקפאה.",ריינולדס,CN,רדיד אלומיניום עבה ב,יחידה,0.00,יחידה,false,,21.90,0.0000,true,1,36486
7290012938580,false,"סנסודיין משחת שיניים להלבנה עדינה 75 מ""ל",גלקסוסמית'\קליין קונסיומ,GB,סנסודיין הלבנה עדינה,מיליליטרים,75.00,"100 מ""ל",false,,21.90,0.2920,true,1,41011
7290012938597,false,"סנסודיין משחת שיניים רפיד רליף 75 מ""ל","סמיתקליין ביצ'ם בע""מ",GB,סנסודיין רפיד רליף,גרמים,75.00,100 גרם,false,,24.90,0.3320,true,1,39544
7290012938740,false,"משחת שיניים פרש מינט מנטה 75מ""ל סנסודיין",גלקסו סמית קליין,GB,"סנסודיין מנטה 75 מ""ל",מיליליטרים,75.00,"100 מ""ל",false,,21.90,0.2920,true,1,46195
7290012962578,false,צימרוני אוזניים עץ בקופסא 300 יחידות אינטרסאן,הדקלאים אגודת שיתופי,CN,צימרוני אוזניים עץ ב,יחידה,0.00,יחידה,false,,7.50,0.0000,true,1,80302
7290012983153,false,סילאן טבעי בקבוק לחיץ תמר כנרת 400 גר,מנדלז סי.אר. פרודקשן,IL,סילאן טבעי לחיץ 400,גרמים,400.00,100 גרם,false,,15.90,0.0398,true,1,55047
7290012983160,false,סילאן בקבוק לחיץ 400 גרם,"חצר כנרת מוצרי תמר אגש""ח",IL,סילאן לחיץ 400 גרם,גרמים,400.00,100 גרם,false,,11.50,0.0288,true,1,77255
7290012996610,false,הפי טבליות לניקוי אסלה 400 ג',ג'נרל מילס סאן אדריא,DE,טבליות אסלה יעקבי,גרמים,400.00,100 גרם,false,,12.90,0.0323,true,1,39013
7290012996672,false,סבון אסלה + בושם ל24 שעות ביום הפי,יוליניבר,IT,סבון אסלה+בושם,יחידה,80.00,יחידה,false,,9.90,0.1238,true,1,39661
7290013038234,false,מים אקווה נובה 2*6 ליטר,"טמפו משקאות בע""\מ",IL,אקווה נובה שישייה 2,ליטרים,12.00,ליטר,false,,9.90,0.8250,false,1,35761
7290013083678,false,תחליף חלב מטרנה אקסטרה קר שלב 2 700 גרם,מולינו ניקולי s.p.a,IL,מטרנה אקסטרה קר שלב,גרמים,700.00,100 גרם,false,,59.90,0.0856,false,1,37469
7290013083685,false,תחליף חלב מטרנה אקסטרה קר שלב 3 חסכון 700 גרם,מטרנה תעשיות ש.מ,IL,מטרנה אקסטרה קר שלב,גרמים,700.00,100 גרם,false,,59.90,0.0856,false,1,37470
7290013117212,false,בורקס פילו במילוי גבינה מעדנות 600 גר,מיוצר עי קונדיטוריית,IL,בורקס פילו מילוי גבי,גרמים,600.00,100 גרם,false,,19.90,0.0332,false,1,35526
7290013117229,false,"בורקס פילו במילוי תפו""א מעדנות 600 גר",מיוצר עי קונדיטוריית,IL,"בורקס פילו מילוי תפ""",גרמים,600.00,100 גרם,false,,19.90,0.0332,false,1,35527
7290013117236,false,בורקס פילו פיצה מעדנות 600 גרם,מיוצר עי קונדיטוריית,IL,בורקס פילו פיצה מעדנ,גרמים,600.00,100 גרם,false,,19.90,0.0332,false,1,35429
7290013117243,false,בורקס פילו בולגרית מעדנות 600 גרם,מיוצר עי קונדיטוריית,IL,בורקס פילו בולגרית מ,גרמים,600.00,100 גרם,false,,19.90,0.0332,false,1,35614
7290013117410,false,בצק פריך מרודד למאפים מתוקים 900 ג' מעדנות,מיוצר עי קונדיטוריית,IL,בצק פריך מתוק מעדנות,גרמים,900.00,100 גרם,false,,21.90,0.0243,false,1,39455
7290013117427,false,בצק פריך מרודד למאפים מלוחים מעדנות 2*450 גרם,מיוצר עי קונדיטוריית,IL,בצק פריך מלוח מעדנות,גרמים,900.00,100 גרם,false,,19.90,0.0221,false,1,39454
7290013121011,false,חלת שבת 500 גרם ללא גלוטן,אביב קונדיטוריה מעול,IL,חלת שבת ללא גלוטן,יחידה,0.00,יחידה,false,,21.90,0.0000,true,1,51838
7290013121035,false,לחם פשתן ללא גלוטן 500 גר קפוא,אביב קונדיטוריה מעול,IL,גרין ליין-לחם פשתן,גרמים,500.00,100 גרם,false,,19.90,0.0398,true,1,49834
7290013121042,false,לחם איטלקי ללא גלוטן 500 גר קפוא,אביב קונדיטוריה מעול,IL,גרין לייט-לחם איטלקי,גרמים,500.00,100 גרם,false,,19.90,0.0398,true,1,54999
7290013121103,false,רביעיית לחמניות סנדויץ ללא גלוטן 460 גרם,אביב קונדיטוריה מעול,IL,רביעיית שליש בגט ללא,יחידה,0.00,יחידה,false,,17.90,0.0000,true,1,49835
7290013121110,false,לחמניות בורגר ללא גלוטן גרין לייט 4 * 87 גרם,אביב קונדיטוריה מעול,IL,גרין לייט-לחמניות בו,גרמים,350.00,100 גרם,false,,15.90,0.0454,true,1,76132
7290013121127,false,לחמניות מיני ללא גלוטן גרין לייט 6 יחידות,אביב קונדיטוריה מעול,IL,לחמניות מיני ללא גלו,יחידה,0.00,יחידה,false,,17.90,0.0000,true,1,49836
7290013121134,false,בייגל ללא גלוטן 430 גר קפוא,אביב קונדיטוריה מעול,IL,גרין ליין-בייגל אמרי,יחידה,0.00,יחידה,false,,19.90,0.0000,true,1,57834
7290013121158,false,לחמניות סנדוויץ ללא גלוטן גרין לייט 4 * 115 גרם,אביב קונדיטוריה מעול,IL,גרין ליין-לחמניות רב,גרמים,460.00,100 גרם,false,,17.90,0.0389,true,1,49837
7290013121189,false,רביעיית שליש לחמניות כפריות,,,לחמניות כפריות רביעי,גרמים,400.00,100 גרם,false,,24.90,0.0622,true,1,146157
7290013121684,false,כדורי שוקולד 400 גרם ללא גלוטן,אביב קונדיטוריה מעול,IL,כדורי שוקולד,גרמים,500.00,100 גרם,false,,23.90,0.0478,true,1,54321
7290013121752,false,לחם לבן ביתי ללא גלוטן 700 גר קפוא,אביב קונדיטוריה מעול,IL,לחם לבן ביתי ללא גלו,גרמים,500.00,100 גרם,false,,21.90,0.0438,true,1,55066
7290013121776,false,לחם כפרי ללא תוספת סוכר וללא גלוטן,אביב קונדיטוריה מעול,IL,לחם כפרי ללא גלוטן ג,יחידה,0.00,יחידה,false,,21.90,0.0000,true,1,49840
7290013144171,false,מיימונס תערובת עוגת שוקולד 560 גרם.,א.ל ייצור ושיווק תבלינים,IL,תערובת עוגת שוקולד,יחידה,0.00,יחידה,false,,17.50,0.0000,true,1,88927
7290013144218,false,מיימונס תערובת עוגת וניל 560 גרם.,א.ל ייצור ושיווק תבלינים,IL,תערובת לעוגת וניל,גרמים,560.00,100 גרם,false,,17.50,0.0313,true,1,89181
7290013144232,false,מיימונס פודינג בטעם וניל 80 גרם,א.ל ייצור ושיווק תבלינים,IL,פודינג וניל 80 גר',גרמים,80.00,100 גרם,false,,5.60,0.0700,true,1,88929
7290013144263,false,תערובת מאלבי להכנה מהירה מיימונס 112 גרם,א.ל ייצור ושיווק תבלינים,IL,אבקת מאלבי,גרמים,112.00,100 גרם,false,,10.60,0.0946,true,1,88953
7290013144270,false,תערובת להכנת קרם פטיסייר מיימונס 100 גרם,א.ל ייצור ושיווק תבלינים,IL,קרם פטיסייר 100 גר',גרמים,100.00,100 גרם,false,,10.60,0.1060,true,1,88931
7290013144287,false,ג'לי בטעם תות מימונס 85 גרם,א.ל ייצור ושיווק תבלינים,IL,ג'לי בטעם תות 85 גר',גרמים,85.00,100 גרם,false,,6.30,0.0741,true,1,88936
7290013144317,false,מימונס ג'וני גלילית וופל למילוי 18 יחידות,הגביע מוצרי וופלים ב,IL,ג'וני גלילית וופל למ,יחידה,0.00,יחידה,false,,21.90,0.0000,true,1,88937
7290013144393,false,"תמצית בטעם וניל מימונס 50 מ""ל",א.ל ייצור ושיווק תבלינים,IL,תמצית אפיה בטעם וניל,מיליליטרים,50.00,"100 מ""ל",false,,4.90,0.0980,true,1,88939
7290013144515,false,מיימונס צבע מאכל צהוב 50 גרם,א.ל ייצור ושיווק תבלינים,IL,צבע מאכל צהוב,גרמים,50.00,100 גרם,false,,4.00,0.0800,true,1,88942
7290013144522,false,מימונס צבע מאכל ירוק 50 גרם,א.ל ייצור ושיווק תבלינים,IL,צבע מאכל ירוק,גרמים,50.00,100 גרם,false,,4.00,0.0800,true,1,88943
7290013144539,false,צבע מאכל אדום מימונס 50 גרם,א.ל ייצור ושיווק תבלינים,IL,צבע מאכל אדום,גרמים,50.00,100 גרם,false,,4.00,0.0800,true,1,88944
7290013144560,false,מיימונס צבע מאכל כחול 50 גרם,א.ל ייצור ושיווק תבלינים,IL,צבע מאכל כחול,גרמים,50.00,100 גרם,false,,4.00,0.0800,true,1,88945
7290013144751,false,סירופ בטעם מייפל מימונס 500 גרם,א.ל ייצור ושיווק תבלינים,IL,סירופ בטעם מייפל 500,גרמים,500.00,100 גרם,false,,13.90,0.0278,true,1,88947
7290013144911,false,מימונס מיקס שוקולד צ'יפס מריר וחלב 250 גרם,אינטרגטה תעשיות מזון 19),IL,מיקס שוקולד צ'יפס מר,גרמים,250.00,100 גרם,false,,14.90,0.0596,true,1,145138
7290013145031,false,אגוזי לוז מסוכרים מיימונס 100 גרם,א.ל ייצור ושיווק תבלינים,IL,אגוזי לוז מסוכרים 10,גרמים,100.00,100 גרם,false,,14.90,0.1490,true,1,90021
7290013145048,false,מיימונס צנוברים 100 גרם,א.ל ייצור ושיווק תבלינים,IL,צנוברים 100 גר',גרמים,100.00,100 גרם,false,,27.90,0.2790,true,1,89531
7290013145055,false,פרג שלם מיימונס 100 גרם,א.ל ייצור ושיווק תבלינים,IL,פרג שלם,יחידה,0.00,יחידה,false,,6.50,0.0000,true,1,88955
7290013145062,false,"סירופ מייפל אמיתי 100% מימונס 187 מ""ל",מימונס אפייה,CA,סירופ מייפל אמיתי 18,מיליליטרים,187.00,"100 מ""ל",false,,19.90,0.1064,true,1,93339
7290013145079,false,שקד רכיבים טבעיים גרוס מיימונס 100 גרם,א.ל ייצור ושיווק תבלינים,IL,שקד טבעי גרוס 100 גר,גרמים,100.00,100 גרם,false,,13.90,0.1390,true,1,91025
7290013145109,false,שקד מולבון טחון מימונס 100 גרם,א.ל ייצור ושיווק תבלינים,IL,שקד מולבן טחון,יחידה,0.00,יחידה,false,,13.90,0.0000,true,1,88956
7290013145116,false,מיימונס שקד מולבן מקלות 100 גרם.,א.ל ייצור ושיווק תבלינים,IL,שקד מולבן מקלות,יחידה,0.00,יחידה,false,,13.90,0.0000,true,1,88957
7290013145123,false,מיימונס שקד מולבן פרוס 100 גרם,א.ל ייצור ושיווק תבלינים,IL,שקד מולבן פרוס 100 ג,גרמים,100.00,100 גרם,false,,13.90,0.1390,true,1,89532
7290013145130,false,"שקד מולבן חצוי 100 גרם ""מיימונס",מימונס אפייה,IL,שקד מולבן חצוי 100 ג,גרמים,100.00,100 גרם,false,,13.90,0.1390,true,1,91027
7290013145161,false,פקאן מסוכר מיימונס 100 גרם.,א.ל ייצור ושיווק תבלינים,IL,פקאן מסוכר 100 גר',גרמים,100.00,100 גרם,false,,16.90,0.1690,true,1,89332
7290013145178,false,קוקוס טחון לבן מיימונס 100 גרם,א.ל ייצור ושיווק תבלינים,IL,קוקוס טחון לבן 100 ג,גרמים,100.00,100 גרם,false,,4.70,0.0470,true,1,91515
7290013145192,false,שומשום מיימונס 100 גרם,א.ל ייצור ושיווק תבלינים,IL,שומשום 100 גר',גרמים,100.00,100 גרם,false,,5.50,0.0550,true,1,91516
7290013145215,false,שומשום מימונס 400 גרם,א.ל ייצור ושיווק תבלינים,IL,שומשום 400 גר' מימונ,גרמים,400.00,100 גרם,false,,15.90,0.0398,true,1,98676
7290013145246,false,גרעין חמניה מקולף מיימונס 100 גרם,א.ל ייצור ושיווק תבלינים,IL,גרעין חמנייה קלוף,יחידה,0.00,יחידה,false,,5.50,0.0000,true,1,90525
7290013145406,false,שוקולד צ'יפס לבן מיימונס 250 גרם,אינטרגטה תעשיות מזון 19),IL,שוקולד צ'יפס לבן 250,גרמים,250.00,100 גרם,false,,8.90,0.0356,true,1,88959
7290013145437,false,שוקולד מריר מעולה ציפס מימונס 250 ג',אינטרגטה תעשיות מזון 19),IL,שוקולד צ'יפס אמיתי 4,גרמים,250.00,100 גרם,false,,14.50,0.0580,true,1,95698
7290013145567,false,מיימונס מיני מיני עדשים 90 גרם.,א.ל ייצור ושיווק תבלינים,IL,סוכריות מיני מיני עד,גרמים,90.00,100 גרם,false,,10.90,0.1211,true,1,89313
7290013145628,false,סוכריות צבעוניות לקישוט מימונס 200 גרם,א.ל ייצור ושיווק תבלינים,IL,סוכריות צבעוניות לקי,גרמים,200.00,100 גרם,false,,8.90,0.0445,true,1,88960
7290013145796,false,"רביעיית צבעי מאכל גל 4*25 מ""ל",מימונס אפייה,IL,רביעיית צבעי מאכל ג',גרמים,100.00,100 גרם,false,,49.90,0.4990,true,1,144885
7290013145840,false,סוכר וניל מיימונס 10 יחידות,א.ל ייצור ושיווק תבלינים,IL,סוכר וניל 10 יח' בצל,יחידה,0.00,יחידה,false,,2.50,0.0000,true,1,88962
7290013145857,false,אבקת אפיה מיימונס 10 יחידות,מימונס אפייה,IL,אבקת אפיה 10 יח' בצל,יחידה,0.00,יחידה,false,,2.50,0.0000,true,1,88963
7290013145864,false,אבקת ג'לטין טהור מיימונס 28 גרם,א.ל ייצור ושיווק תבלינים,IL,ג'לטין טהור אבקה,גרמים,28.00,100 גרם,false,,11.90,0.4250,true,1,88964
7290013145901,false,סודה לשתיה מיימונס 100 גרם,א.ל ייצור ושיווק תבלינים,IL,סודה לשתיה 100 גר',גרמים,100.00,100 גרם,false,,1.90,0.0190,true,1,91517
7290013145918,false,אבקת סוכר מיימונס 100 גרם,א.ל ייצור ושיווק תבלינים,IL,אבקת סוכר 100 גר',גרמים,100.00,100 גרם,false,,1.90,0.0190,true,1,89314
7290013145949,false,"אבקת סוכר אריזת פטנט 250 גרם ""מיימונס""",א.ל ייצור ושיווק תבלינים,IL,אבקת סוכר בפלסטיק,גרמים,250.00,100 גרם,false,,15.90,0.0636,true,1,88965
7290013145956,false,שמרים יבשים בוואקום מיימונס 500 גרם,הנסיך- מפעל לייצור ט,CN,שמרים יבשים בוואקום,גרמים,500.00,100 גרם,false,,14.90,0.0298,true,1,88966
7290013145963,false,שמרים יבשים בוואקום מיימונס 125 גרם,מימונס אפייה,CN,שמרים יבשים 125 גר',גרמים,125.00,100 גרם,false,,5.90,0.0472,true,1,90526
7290013146274,false,מארז תחתיות מרנג 8 יחידות 100 גרם,סטולורגן - פארק תעשיה בל,IE,מארז 8 יח' תחתיות מר,גרמים,100.00,100 גרם,false,,17.90,0.1790,true,1,98809
7290013146656,false,כוכבים תכלת ירוק לבן לקישוט 60 גרם,"מימונס אפיה בע""מ",IL,כוכבים תכלת ירוק לבן,גרמים,60.00,100 גרם,false,,11.90,0.1983,true,1,101636
7290013146663,false,אטריות צבעוניות לקישוט מימונס 55 גרם,"מימונס אפיה בע""מ",IL,אטריות צבעוניות לקיש,גרמים,55.00,100 גרם,false,,11.90,0.2164,true,1,101637
7290013146670,false,סוכריות לב סגול ורוד לבן לקישוט 60 גרם,"מימונס אפיה בע""מ",IL,סוכריות לב סגול ורוד,גרמים,60.00,100 גרם,false,,11.90,0.1983,true,1,101638
7290013146755,false,"קצפת 24% שומן מימונס 500 מ""ל",מוצרי קפוא זן,BG,קצפת לזילוף מימונס פ,מיליליטרים,500.00,"100 מ""ל",false,,13.90,0.0278,true,1,107877
7290013146762,false,"קצפת לזילוף 24% שומן מימונס 200 מ""ל",מוצרי קפוא זן,BG,קצפת לזילוף מימונס פ,מיליליטרים,200.00,"100 מ""ל",false,,6.90,0.0345,true,1,107876
7290013146854,false,קוקוס לבן טחון מימונס 400 ג',א.ל ייצור ושיווק תבלינים,IL,קוקוס לבן טחון 400 ג,גרמים,400.00,100 גרם,false,,15.90,0.0398,true,1,95772
7290013151322,false,סטאר פוד סרדין במי מלח 125 ג',יוניון דה פחריס,MA,סרדינים במי מלח,גרמים,125.00,100 גרם,false,,4.90,0.0392,true,1,53337
7290013151575,false,ערמונים 100 גר',,,ערמונים 100 גר',גרמים,100.00,100 גרם,false,,5.50,0.0550,true,1,103872
7290013151636,false,פילה סרדין בשמן זית,יוניון דה פחריס,,פילה סרדין בשמן זית,גרמים,90.00,100 גרם,false,,9.90,0.1100,true,1,82266
7290013153418,false,פריגת סחוט לימונענע 1 ליטר,פריגת מצוננים,IL,פריגת סחוט לימונענע,ליטרים,1.00,ליטר,false,,16.00,16.0000,true,1,78638
7290013153579,false,משקה בטעם אפרסק מרוכז קפוא,פריגת מצוננים,IL,פריגת אפרסק קפוא 350,גרמים,350.00,100 גרם,false,,12.90,0.0369,true,1,86882
7290013153586,false,"משקה פירות יער קפוא פריגת 340 מ""ל",היינץ צפון אמריקה מק,IL,פריגת פירות יער קפוא,גרמים,345.00,100 גרם,false,,12.90,0.0374,true,1,86883
7290013153593,false,תפוזים מתקתק 100% פריגת 1 ליטר,"גת גבעת חיים,",IL,מיץ תפוזים מתקתק 1 ל,ליטרים,1.00,ליטר,false,,12.50,12.5000,false,1,87332
7290013181015,false,"צלחות עגולות עלי דקל קוטר 25 ס""מ",תבניכל,IL,צלחות עגולות גדולות,יחידה,0.00,יחידה,false,,12.90,0.0000,true,1,43925
7290013181022,false,"צלחות עגולות עלי דקל קוטר 20 ס""מ",תבניכל,IL,צלחות עגולות בינוניו,יחידה,0.00,יחידה,false,,10.90,0.0000,true,1,43926
7290013181060,false,"צלחת עגולה 15ס""מ עלי דקל",,IL,צלחת עגולה קטנה,יחידה,0.00,יחידה,false,,7.90,0.0000,true,1,94546
7290013181091,false,צלחת מלבנית קטנה עלי דקל,,IL,צלחת מלבנית קטנה עלי,יחידה,0.00,יחידה,false,,12.90,0.0000,true,1,93933
7290013181121,false,כפית מעץ לבנה חד פעמי מתכלה 25 יח,,IL,כפיות מעץ,יחידה,0.00,יחידה,false,,9.90,0.0000,true,1,43929
7290013181152,false,צלחת רבועה בינונית ע.דקל,,IL,צלחת מרובעת בינונית,יחידה,0.00,יחידה,false,,10.90,0.0000,true,1,45539
7290013181183,false,כוס שתייה חמה נייר מצופה עמילן תירס,,IL,כוס שתייה חמה,יחידה,0.00,יחידה,false,,15.90,0.0000,true,1,53576
7290013181206,false,"צלחות מרובעות עלי דקל 25*25 ס""מ",תבניכל,IL,צלחת מרובעת גדולה,יחידה,0.00,יחידה,false,,12.90,0.0000,true,1,43931
7290013181213,false,"צלחות מרובעות עלי דקל 15*15 ס""מ",תבניכל,IL,צלחת מרובעת קטנה,יחידה,0.00,יחידה,false,,7.90,0.0000,true,1,43932
7290013181244,false,"מזלגות 20ס""מ מעץ לבנה 25",,IL,מזלגות מעץ לבנה 20 ס,יחידה,0.00,יחידה,false,,9.90,0.0000,true,1,55747
7290013181251,false,כפות מעץ מתכלה - מארז 25 יח',תבניכל,IL,"כפות מעץ לבנה 20 ס""מ",יחידה,0.00,יחידה,false,,9.90,0.0000,true,1,55748
7290013181268,false,סכינים מעץ מתכלה - מארז 25 יח',תבניכל,IL,סכינים מעץ,יחידה,0.00,יחידה,false,,9.90,0.0000,true,1,56069
7290013181367,false,צלחת מלבן גדולה עלי דקל,,IL,צלחת מלבנית גדולה 24,יחידה,0.00,יחידה,false,,17.90,0.0000,true,1,87694
7290013181398,false,מגש אובלי עלי דקל 3 יחיד,,IL,מגש הגשה אובלי 3 יח',יחידה,0.00,יחידה,false,,11.90,0.0000,true,1,90896
7290013181442,false,קערת הגשה עמוקה עלי דקל,,IL,קערת הגשה עמוקה עלי,יחידה,0.00,יחידה,false,,11.90,0.0000,true,1,93934
7290013185006,false,לחם בריאות משהו משהו,משהו משהו,IL,לחם בריאות משהו משהו,גרמים,700.00,100 גרם,false,,13.90,0.0199,true,1,102918
7290013185914,false,לחם בריאות מחמצת כוסמין קל,מאפיית רפאל,IL,לחם בריאות מחמצת כוס,גרמים,600.00,100 גרם,false,,16.90,0.0282,true,1,141840
7290013267665,false,סולרו מיני קלאסי - פירות טרופיים (חלבי),"מיוצר ע""\י גלידת שטראוס",IL,מאגדת מיני סולרו פיר,גרמים,354.00,100 גרם,false,,25.90,0.0732,true,1,43559
7290013268020,false,מקסימה מרכך כביסה מרוכז בניחוח אולטרא פרש סנו 1 ליטר,"סנו מפעלי ברונוס בע""\מ",IL,מרכך מרוכז א. פרש 1ל,ליטרים,1.00,ליטר,false,,16.90,16.9000,true,1,36999
7290013268037,false,מקסימה מרכך כביסה מרוכז בניחוח לבנדר פצ'ולי סנו 1 ליטר,"סנו מפעלי ברונוס בע""\מ",IL,מרכך כביסה מרוכז פצ',ליטרים,1.00,ליטר,false,,16.90,16.9000,true,1,36800
7290013268242,false,תרכיז ריחני לניקוי רצפות בריח מלון מפנק ריצפז פרש,"סנו מפעלו ברונוס בע""\מ",IL,ריצפז פרש הום מלון מ,ליטרים,2.00,ליטר,false,,21.90,10.9500,false,1,99396
7290013268372,false,פוליויקס נוזל לניקוי פרקט סנו 2 ליטר,סנו פוליויקס,IL,פוליווקס פרקט בתוספת,ליטרים,2.00,ליטר,false,,19.90,9.9500,true,1,102936
7290013268839,false,פוליויקס פרקט-תרכיז ריחני לניקוי רצפות עץ,"סנו מפעלי ברונוס בע""\מ",IL,פוליויקס פרקט בניחוח,ליטרים,2.00,ליטר,false,,19.90,9.9500,true,1,92036
7290013268884,false,"נוזל רצפות מאסק 2 ליטר ""ריצפז פרש""",מיוצר עי קונדיטוריית,IL,ריצפז פרש מאסק 2 ל',ליטרים,2.00,ליטר,false,,17.90,8.9500,false,1,38298
7290013268907,false,ג'ל כביסה ביו בטמפרטורות נמוכות,"סנו מפעלי ברונוס בע""\מ",IL,ג'ל כביסה ביו 3 ליטר,ליטרים,3.00,ליטר,false,,31.90,10.6333,true,1,39485
7290013268914,false,סנו מקסימה ג'ל כביסה סמארט 3 ל',סנו מקסימה,IL,ג'ל כביסה 3 ליטר סמא,ליטרים,3.00,ליטר,false,,31.90,10.6333,true,1,88995
7290013268983,false,מרכך כביסה סופר מרוכז בבישום עוצמתי סנו מקסימה 1 ל',"סנו מפעלי ברונוס בע""\מ",IL,מרכך מרוכז 1 ליטר JO,ליטרים,1.00,ליטר,false,,16.90,16.9000,false,1,108392
7290013268990,false,מרכך כביסה מרוכז לבן ביו סנו מקסימה 1 ליטר,"סנו מפעלי ברונוס בע""\מ",IL,מרכך מרוכז מקסימה 1,ליטרים,1.00,ליטר,false,,16.90,16.9000,true,1,39490
7290013269003,false,מרכך כביסה סופר מרוכז בייבי לתינוקות ולעור רגיש,"סנו מפעלי ברונוס בע""\מ",IL,מרכך מרוכז מקסימה בי,ליטרים,1.00,ליטר,false,,18.90,18.9000,true,1,39491
7290013269096,false,מטליות לחות לטיפול במוצרי עור,מיוצר עי קונדיטוריית,IL,מטליות לניקוי עור,יחידה,0.00,יחידה,false,,14.90,0.0000,true,1,51888
7290013269263,false,ג'ל כביסה מרוכז מקסימה בבישום קריסטל נואר,סנו מפעלי ברונוס בעמ,IL,ג'ל כביסה קריסטל 3 ל,ליטרים,3.00,ליטר,false,,31.90,10.6333,true,1,42158
7290013269287,false,סנו - מקסימה ג'ל כביסה מרוכז מאסק 3 ליטר,"סנו מפעלי ברונוס בע""\מ",IL,ג'ל כביסה מאסק 3 ליט,ליטרים,3.00,ליטר,false,,31.90,10.6333,true,1,43717
7290013269300,false,ניילון נצמד פלוס סנו סושי 150 מטר,"מיוצר בהונג קונג, סי",IL,ניילון נצמד 150 מטר,יחידה,0.00,יחידה,false,,24.90,0.0000,true,1,49520
7290013269621,false,ריצפז פרש לניקוי רצפות בניחוח מלון בוטיק,מיוצר עי קונדיטוריית,IL,ריצפז פרש הום בניחוח,ליטרים,2.00,ליטר,false,,21.90,10.9500,false,1,93813
7290013269751,false,מטליות לחותריצפז פרש לניקוי ריצפה בניחות מלון בוטיק 10 יח' סנו,טרופיקל דגיל תעשיות,IL,ריצפז מטליות לחות לנ,יחידה,0.00,יחידה,false,,12.90,0.0000,true,1,94300
7290013269850,false,נייר אפיה אקולוגי סנו סושי 50 יחידות,מולינו ניקולי s.p.a,IL,סושי נייר אפיה 50 יח,יחידה,0.00,יחידה,false,,14.90,0.0000,true,1,40510
7290013276124,false,"בקבוק בירה נגב אמבר אייל 330 מ""ל",הכרם משקאות חריפים בעמ,IL,נגב אמבר אייל בירה,מיליליטרים,330.00,"100 מ""ל",false,,13.90,0.0421,true,1,78481
7290013284310,false,רוטב פסטה לילדים פריניר 240 גרם,פריניר ( הדס 1987) ב,IL,רוטב פסטה לילדים,גרמים,240.00,100 גרם,false,,4.60,0.0192,true,1,58103
7290013310590,false,מטלית הפלא 30X30 UNISUN חמישיה,יוניסאן,,מטלית הפלא מיקרופייב,יחידה,0.00,יחידה,false,,10.90,0.0000,true,1,79185
7290013310675,false,מטלית הפלא לרצפות שלישיה UNISUN 50X80,יוניסן,,מטלית הפלא לרצפות של,יחידה,0.00,יחידה,false,,19.90,0.0000,true,1,79835
7290013358356,false,מאסטר שף - פירורי לחם מוזהבים 320 גרם,מנה י.א בעמ,IL,מנה פירורי לחם מוזהב,גרמים,350.00,100 גרם,false,,6.90,0.0197,true,1,45349
7290013358363,false,מאסטר שף פרורי לחם פנקו עבים בסגנון יפני 300 גר,קריניציה ויטמינה אס,IL,פירורי לחם פנקו מוזה,גרמים,300.00,100 גרם,false,,9.90,0.0330,true,1,45350
7290013358370,false,פנקו פירורי לחם מאסטר שף בטעם שום 300 גרם,"מיוצר ע""י מנה י.א בע",IL,פרורי לחם פנקו בטעם,גרמים,300.00,100 גרם,false,,9.90,0.0330,true,1,45351
7290013358417,false,מאסטר שף אסייאתי רוטב טריאקי 300 מל כשלפ,קריניציה ויטמינה אס,TH,רוטב טריאקי מנה,מיליליטרים,300.00,"100 מ""ל",false,,9.90,0.0330,true,1,76238
7290013358431,false,מאסטר שף קרוטונים לסלט עגבניות ובזיליקום,עינת תעשיות מזון אגו,IL,מנה קרוטונים לסלט בת,גרמים,200.00,100 גרם,false,,12.90,0.0645,true,1,51553
7290013358462,false,"מיני קרוטונים למרק בתיבול שום, בצל ופטרוזיליה","עינת תעשיות מזון, אגשח ב",IL,מיני קרוטונים למרק ש,גרמים,350.00,100 גרם,false,,18.90,0.0540,true,1,51556
7290013358493,false,מנה אסייאתי קרם קוקוס פחית 400 מל מ.שף,תאי קוקונט פבליק קומפני,TH,קרם קוקוס פחית מאסטר,מיליליטרים,400.00,"100 מ""ל",false,,8.90,0.0223,true,1,76240
7290013358509,false,"מיקסלט גרעינים, קטניות ואגוזים",בטר אנד דיפרנט,IL,מנה מיקס סלט 200גר,גרמים,200.00,100 גרם,false,,14.90,0.0745,true,1,56053
7290013358516,false,"מיקסלט חמוציות, גרעינים, קטניות ואגוזים",המאפיה של הרמן,IL,מנה מיקסלט עם חמוציו,גרמים,200.00,100 גרם,false,,14.90,0.0745,true,1,56054
7290013358523,false,מאסטר שף שבבי בצל מטוגן 150 גרם,קריניציה ויטמינה אס,NL,שבבי בצל מנה,גרמים,150.00,100 גרם,false,,12.90,0.0860,true,1,56852
7290013358530,false,מאסטר שף אסייאתי רוטב צ'ילי מתוק 700 מל כשלפ,קריניציה ויטמינה אס,TH,רוטב צ'ילי מתוק מנה,מיליליטרים,700.00,"100 מ""ל",false,,12.90,0.0184,true,1,76183
7290013358547,false,מאסטר שף אסייאתי רוטב צ'ילי חריף 700 מל כשלפ,קי.אר.אס. ספייסי פוד,TH,רוטב צ'ילי חריף מנה,מיליליטרים,700.00,"100 מ""ל",false,,12.90,0.0184,true,1,76241
7290013358585,false,מנה אסייאתי נודלס ביצים להקפצה 400 מ.שף,הנסיך- מפעל לייצור ט,CN,נודלס ביצים להקפצה מ,גרמים,400.00,100 גרם,false,,7.90,0.0198,true,1,76633
7290013358806,false,מנה מאגדת פריכיות אורז עם מלח 264 גרם,מנה Mana,IL,מאגדת פרכיות עם מלח,גרמים,264.00,100 גרם,false,,12.90,0.0489,true,1,52951
7290013358837,false,מנה מאגדת פריכיות אורז ללא מלח 264 גרם,מנה,,מאגדת פריכיות אורז ל,גרמים,264.00,100 גרם,false,,12.90,0.0489,true,1,86959
7290013361981,false,"צ'יפס קפוא חתוך פרי הגליל 2 ק""ג","פרי הגליל בע""""מ",IL,"צ'יפס 2 ק""ג פרי גליל",קילוגרמים,2.00,"ק""ג",false,,21.90,10.9500,true,1,55646
7290013366047,false,כרובית פיורטי (כרובית+ברוקולי),כרמלים שדות חדשים,IL,כרובית פיורטי 500 גר,גרמים,500.00,100 גרם,false,,21.90,0.0438,true,1,99599
7290013366085,false,תירס סופר סוויט ארוז,כרמלים שדות חדשים,IL,תירס מקולף מתוק במיו,יחידה,0.00,יחידה,false,,19.90,0.0000,true,1,77436
7290013366108,false,אספרגוס בשקית יחידה,כרמלים שדות חדשים,IL,אספרגוס 400 גר' כרמל,גרמים,400.00,100 גרם,false,,32.90,0.0822,true,1,94182
7290013366153,false,ברוקומיני ארוז בשקית,שוורצקופף והנקל,IL,ברוקומיני 300 גר',גרמים,300.00,100 גרם,false,,22.90,0.0763,true,1,102251
7290013366221,false,נבטי חמנייה כרמל יבו,שחף שיווק,IL,נבטי חמניה,יחידה,0.00,יחידה,false,,9.50,0.0000,true,1,39045
7290013366252,false,קטניות מונבטות יחידה,כרמלים שדות חדשים,IL,נבטוטי קטניות כרמל י,יחידה,0.00,יחידה,false,,8.90,0.0000,true,1,46760
7290013366276,false,תערובת נבטים כרמל יב,חקלאי,IL,תערובת נבטים כרמל יב,יחידה,0.00,יחידה,false,,13.90,0.0000,true,1,81613
7290013366306,false,נבטי בזיליקום,כרמלים,IL,נבטי בזיל,יחידה,0.00,יחידה,false,,9.90,0.0000,true,1,46763
7290013366634,false,כרמל יבולים חסה סלנו,שמיניית מעדן חלב שוק,IL,חסה SALANOVA,יחידה,0.00,יחידה,false,,12.90,0.0000,true,1,39043
7290013366641,false,רוקולה כרמלים 160 גר,מרינה פטריות הגליל,IL,רוקלה כרמל יבולים,יחידה,0.00,יחידה,false,,12.90,0.0000,true,1,47622
7290013366658,false,חסה סלנובה עלים חתוך,כרמל יבולים,IL,עלי חסה סלנובה,יחידה,0.00,יחידה,false,,12.90,0.0000,true,1,39052
7290013366665,false,חסה גמביט קראנצית יחידה,כרמלים שדות חדשים,IL,חסה גמביט,יחידה,0.00,יחידה,false,,12.90,0.0000,true,1,141103
7290013366719,false,פאק צ'וי כרמל יבולם,כרמלים שדות חדשים,IL,פאק צ'וי כרמל יבולם,יחידה,0.00,יחידה,false,,12.90,0.0000,true,1,57792
7290013366726,false,עלי קייל שחור,"שניב תעשיות נייר בע""",IL,עלי קייל,גרמים,260.00,100 גרם,false,,13.50,0.0519,true,1,54152
7290013366986,false,ביצי חופש 18 יח' L,,,ביצי חופש 18 יח' L,יחידה,0.00,יחידה,false,,26.90,0.0000,false,1,146069
7290013381316,false,לזניה 500 גר',PASTIFICIO FAZION,,לזניה 500 גר',גרמים,500.00,100 גרם,false,,14.50,0.0290,true,1,80749
7290013381897,false,טורטיות מקמח חיטה 8י,GRAFER,IL,טורטיות מקמח חיטה 8י,יחידה,0.00,יחידה,false,,9.50,0.0000,true,1,52819
7290013430083,false,"בירה אלכסנדר בלונד בקבוק 330 מ""ל",מנדלז סי.אר. פרודקשן,IL,אלכסנדר-BLOND בירה,מיליליטרים,330.00,"100 מ""ל",false,,12.90,0.0391,true,1,41951
7290013430090,false,בירה אלכסנדר אמברה AMBREE בירה ישראלית,מנדלז סי.אר. פרודקשן,IL,אלכסנדר-AMBREE בירה,מיליליטרים,330.00,"100 מ""ל",false,,12.90,0.0391,true,1,41952
7290013440648,false,מאגדת שלגוני אבטיח נסטלה 5 יחידות,גלידות נסטלה )נגה גלידות,IL,מאגדת קרחוני אבטיח 5,גרמים,540.00,100 גרם,false,,22.90,0.0424,true,1,43577
7290013442062,false,יוגורט עדין קטיפתי 6,מוטק'ה החולב,,יוגורט עדין קטיפתי,מיליליטרים,650.00,"100 מ""ל",false,,21.00,0.0323,false,1,38354
7290013442246,false,לבנה 9% מוטקה החולב,מוטק'ה החולב,IL,לבנה 9% מוטקה החולב,גרמים,280.00,100 גרם,false,,17.90,0.0639,false,1,144046
7290013442253,false,צפתית 16% מוטקה חולב,מוטק'ה החולב,IL,צפתית 16% מוטקה חולב,גרמים,250.00,100 גרם,false,,22.90,0.0916,false,1,144047
7290013442260,false,גבינה צפתית קצח כבשי,מוטק'ה החולב,IL,צפתית קצח 16% מוטקה,גרמים,250.00,100 גרם,false,,22.90,0.0916,false,1,144048
7290013442277,false,גבינה בסגנון פטה יוו,מוטק'ה החולב,IL,פטה 26% מוטקה החולב,גרמים,250.00,100 גרם,false,,31.90,0.1276,false,1,144049
7290013442284,false,גבינת ברי כבשים 140ג,מוטק'ה החולב,IL,ברי 22% מוטקה החולב,גרמים,140.00,100 גרם,false,,25.90,0.1850,true,1,144050
7290013442291,false,גבינת קממבר כבשים 14,מוטק'ה החולב,IL,קממבר 22% מוטקה החול,גרמים,140.00,100 גרם,false,,25.90,0.1850,false,1,144051
7290013442307,false,גבינת קממבר פקאן כבש,מוטק'ה החולב,IL,קממבר פקאן 23% מוטקה,גרמים,140.00,100 גרם,false,,25.90,0.1850,false,1,144052
7290013442314,false,גבינת סנט מור כבשים,מוטק'ה החולב,IL,סנט מור 22% מוטקה הח,גרמים,150.00,100 גרם,false,,28.90,0.1927,false,1,144053
7290013442321,false,גבינת כבשה צהובה בסגנון גאודה 150 גר,מוטק'ה החולב,IL,כבשה צהובה 27% מוטקה,גרמים,150.00,100 גרם,false,,25.90,0.1727,false,1,144054
7290013442338,false,גבינת כבשה חרדלית 150 גר,מוטק'ה החולב,IL,כבשה חרדלתי 27% מוטק,גרמים,150.00,100 גרם,false,,25.90,0.1727,false,1,144055
7290013442345,false,גבינה ארוטן כמהין עובש כמהין 150 גר,מוטק'ה החולב,IL,ארוטן כמהין 23% מוטק,גרמים,150.00,100 גרם,false,,29.90,0.1993,false,1,144056
7290013451927,false,פריכיות כוסמת ללא תוספת מלח,זן - בר,IL,פריכיות כוסמת טבעי 1,גרמים,160.00,100 גרם,false,,9.90,0.0619,true,1,49478
7290013472199,false,ערמונים קלופים וקלויים 105 גרם,בייג'גג פוינונג,CN,ערמונים קלופים וקלוי,גרמים,105.00,100 גרם,false,,5.50,0.0524,true,1,41401
7290013504227,false,נופר ברזלית זהב/כסף 8 יח,,IL,ברזלית לניקוי סירים,יחידה,0.00,יחידה,false,,10.00,0.0000,true,1,47529
7290013504296,false,וילון אמבטיה,,,וילון אמבטיה,יחידה,0.00,יחידה,false,,28.90,0.0000,true,1,54795
7290013504456,false,מצע ספוג לירקות ופירות שומר טריות,Ningbo cleaning indu,CN,ספוג שומר טריות למקר,יחידה,0.00,יחידה,false,,12.90,0.0000,true,1,50967
7290013504852,false,דלי מגבונים לניקוי כללי 400 יח',,IL,דלי מגבוני בד,יחידה,0.00,יחידה,false,,19.90,0.0000,true,1,80521
7290013504869,false,מטליות לחות לרצפה בדלי נופר,,IL,דלי מטליות לחות 50'ח,יחידה,0.00,יחידה,false,,29.90,0.0000,true,1,83593
7290013520067,false,מארז לחמניות 10 יחיד,מאפיית אגמי,IL,מארז 10 לחמניות אצבע,גרמים,750.00,100 גרם,false,,12.90,0.0172,true,1,83512
7290013520111,false,מארז לחמניות המבורגר,מאפיית אגמי,IL,לחמניות המבורגר שישי,גרמים,600.00,100 גרם,false,,14.90,0.0248,true,1,84663
7290013520463,false,לחם בריאות ושובע כוס,מאפיית אגמי,,לחם כוסמין אגמי,גרמים,600.00,100 גרם,false,,16.60,0.0277,true,1,80515
7290013520500,false,לחמניה ביס כוסמין מלא 8יח,מאפיית אגמי,IL,לחמניות ביס כוסמין,גרמים,400.00,100 גרם,false,,16.60,0.0415,true,1,87407
7290013521057,false,וופל כוסמין אורגני השדה,השדה מוצרים אורגניים,IL,וופל כוסמין במילוי ק,גרמים,200.00,100 גרם,false,,11.90,0.0595,true,1,83853
7290013521101,false,פסטה כוסמין אורגנית תרד 350 גרם,השדה מוצרים אורגניים,HU,פטוצ'יני כוסמין תרד,גרמים,350.00,100 גרם,false,,18.90,0.0540,true,1,83866
7290013521125,false,נודלס אורז מלא דלעת וג`ינג`ר 250 גרם,השדה מוצרים טבעיים ו,GB,נודלס דלעת וג'ינגר א,גרמים,250.00,100 גרם,false,,16.90,0.0676,true,1,56652
7290013521187,false,ספגטי עדשים אדומות אורגני 250 גרם ללא גלוטן,השדה מוצרים טבעיים ו,IT,ספגטי עדשים אדומות א,גרמים,250.00,100 גרם,false,,12.90,0.0516,true,1,99894
7290013521194,false,טורטיליוני כוסמת ללא גלוטן אורגני השדה 250גרם,השדה מוצרים טבעיים ו,IT,טורטיליוני כוסמת אור,גרמים,250.00,100 גרם,false,,12.90,0.0516,true,1,99895
7290013521217,false,פנה אורז מלא ללא גלוטן אורגני השדה 250גרם,השדה מוצרים טבעיים ו,IT,פסטה פנה אורז מלא או,גרמים,250.00,100 גרם,false,,12.90,0.0516,true,1,99897
7290013521224,false,ספגטי כוסמת ללא גלוטן אורגני השדה 250גרם,השדה מוצרים טבעיים ו,IT,ספגטי כוסמת אורגני ל,גרמים,250.00,100 גרם,false,,12.90,0.0516,true,1,99898
7290013521309,false,מיונז אורגני השדה 33,השדה מוצרים טבעיים ו,NL,מיונז אורגני,גרמים,330.00,100 גרם,false,,20.90,0.0633,true,1,56879
7290013521385,false,רסק תפוחים אורגני 700 גרם,השדה מוצרים אורגניים,NL,רסק תפוחים אורגני,גרמים,700.00,100 גרם,false,,17.50,0.0250,true,1,56880
7290013521392,false,רסק תפוחים אורגני 360 גר,מחנדל,NL,רסק תפוחים אורגני,גרמים,360.00,100 גרם,false,,12.90,0.0358,true,1,56881
7290013521408,false,אבקת מרק ירקות אורגנית 200 גרם,השדה מוצרים אורגניים,NL,אבקת מרק ירקות אורגנ,גרמים,200.00,100 גרם,false,,21.90,0.1095,true,1,56960
7290013521415,false,אבקת מרק אורגני 20 בטעם עוף 200 גר,השדה מוצרים אורגניים,NL,אבקת מרק טעם עוף אור,גרמים,200.00,100 גרם,false,,21.90,0.1095,true,1,56961
7290013521569,false,רסק תפוח בננה אורגני,השדה מוצרים טבעיים ו,,רסק תפוח בננה 360 גר,גרמים,360.00,100 גרם,false,,12.90,0.0358,true,1,84442
7290013521583,false,אפונה אורגנית 350 גר,השדה מוצרים טבעיים ו,,אפונה אורגנית 350 גר,גרמים,350.00,100 גרם,false,,14.50,0.0414,true,1,146030
7290013521842,false,ציפס תפוח אדמה אפוי 65 גרם,"סיבי, נובי פריס",SK,צ'יפס תפוחי אדמה אפו,גרמים,65.00,100 גרם,false,,10.90,0.1677,true,1,93690
7290013521859,false,חטיף ציפס אורגני מירקות שורש 65 גרם,"סיבי, נובי פריס",SK,צ'יפס אפוי בתוספת יר,גרמים,65.00,100 גרם,false,,10.90,0.1677,true,1,93691
7290013521897,false,גליליות מקמח כוסמין מלא קרם חרובים 100 ג,השדה מוצרים טבעיים ו,IL,גליליות כוסמין 100 ג,גרמים,100.00,100 גרם,false,,14.90,0.1490,true,1,95647
7290013521965,false,עוגיות אורגניות מקמח כוסמין מלא 180 גרם,השדה מוצרים טבעיים ו,IL,עוגיות חצי ירח אורגנ,גרמים,180.00,100 גרם,false,,15.90,0.0883,true,1,94866
7290013531117,false,רוטב פסטה לילדים 240 גרם יכין,"זנלכל בע""\מ",IL,רוטב פסטה לילדים יכי,גרמים,240.00,100 גרם,false,,4.90,0.0204,true,1,41080
7290013531346,false,סירופ דיאט בטעם לימונענע יכין 1 ליטר,"זנלכל בע""\מ",IL,סירופ דיאט לימונענע,ליטרים,1.00,ליטר,false,,16.90,16.9000,true,1,45580
7290013531377,false,תורמוס A2 יכין בית יוסף,היינץ צפון אמריקה מק,IL,תורמוס יכין 265 גר',גרמים,265.00,100 גרם,false,,8.90,0.0336,true,1,98681
7290013531490,false,שעועית לבנה אפויה יכין,זנלכל,IL,פול מתובל יכין 580 ג,גרמים,580.00,100 גרם,false,,8.50,0.0147,true,1,56445
7290013531582,false,מארז זיתים ירוקים מגולענים יכין 200 גרם,פרופר,IL,שלישיית זיתים מגולענ,יחידה,0.00,יחידה,false,,12.90,0.0000,true,1,95383
7290013531612,false,רוטב לפסטה נפוליטנה יכין 240 גרם,זנלכל,IL,רוטב נפוליטנה 240 גר,גרמים,240.00,100 גרם,false,,4.90,0.0204,true,1,78461
7290013531629,false,רוטב לפסטה פומודורו 240 גרם יכין,היינץ צפון אמריקה מק,IL,פומודורו 240 גר' יכי,גרמים,240.00,100 גרם,false,,4.90,0.0204,true,1,78612
7290013531759,false,שעועית אפויה במים יכין 330 גרם,"זנלכל בע""\מ",IL,שעועית לבנה מבושלת ב,גרמים,330.00,100 גרם,false,,8.90,0.0270,true,1,76270
7290013539892,false,אל סבון נוזלי משאבה תה ירוק סטייל 1 ל',סטייל Style,TR,אל סבון נוזלי משאבה,ליטרים,1.00,ליטר,false,,10.90,10.9000,true,1,102665
7290013579492,false,"פיטאיה קפואה 250 גרם - Shake It - בד""ץ עדה חרדית","הבו-קדו בע""\מn\",IL,פיטאיה קפואה 250 גר',גרמים,250.00,100 גרם,false,,8.90,0.0356,true,1,145172
7290013580009,false,המבורגר זהב 400 גרם הקצביה בלדי,בלדי,IL,המבורגר זהב 400 גר',גרמים,400.00,100 גרם,false,,17.90,0.0447,true,1,96760
7290013585233,false,"ספרייט זירו פחית סליק 330 מ""ל",החברה המרכזית לייצור משקאות,IL,ספרייט זירו פחית 330,מיליליטרים,330.00,"100 מ""ל",false,,5.00,0.0152,true,1,76318
7290013585257,false,ספרייט זירו בבקבוק אישי,החברה המרכזית לייצור משקאות,IL,ספרייט ZERO 0.5 ליטר,מיליליטרים,500.00,"100 מ""ל",false,,6.50,0.0130,false,1,76233
7290013585387,false,קוקה קולה זירו בקבוק,החברה המרכזית לייצור משקאות,IL,קוקה קולה זירו 1 ליט,ליטרים,1.00,ליטר,false,,6.50,6.5000,false,1,75502
7290013585394,false,קוקה קולה 1ליטר בודד,החברה המרכזית לייצור משקאות,IL,קוקה קולה 1 ליטר,ליטרים,1.00,ליטר,false,,6.90,6.9000,false,1,75503
7290013585455,false,"ויינשטפן פסטביר בק 330 מ""ל",קוקה קולה,,בירה ווינשטפן פטסביר,מיליליטרים,330.00,"100 מ""ל",false,,12.90,0.0391,true,1,77665
7290013585967,false,מארז ספרייט זירו 6 * 330 פח Fridge- pack,קוקה קולה ישראל,IL,מארז ספרייט זירו פחי,ליטרים,1.98,ליטר,false,,22.90,11.5657,false,1,80369
7290013608260,false,מיץ רימונים 100%מיץ סחוט טרי מצונן 1ליט,"גניר (1992) בע""מ",IL,מיץ רימונים פרימור 1,ליטרים,1.00,ליטר,false,,22.90,22.9000,true,1,55932
7290013608864,false,פרימור משקה פירות הדר 1 ליטר בתוספת ויטמין C,"גניר (1992) בע""מ",IL,משקה פירות הדר בתוספ,ליטרים,1.00,ליטר,false,,15.90,15.9000,false,1,103176
7290013650108,false,שמן שומשום אורגני,גידוורד אינטרנשיונל,,שמן שומשום אורגני,מיליליטרים,500.00,"100 מ""ל",false,,42.90,0.0858,true,1,53052
7290013650115,false,שמן פשתן אורגני,העידן האורגני,,שמן פשתן אורגני,מיליליטרים,500.00,"100 מ""ל",false,,42.90,0.0858,true,1,53039
7290013650153,false,"תמצית וניל טהורה 50 מ""ל",Global Gourmet Produ,US,תמצית וניל טהורה,מיליליטרים,50.00,"100 מ""ל",false,,51.90,1.0380,true,1,94005
7290013650276,false,ציה קטן 300 גרם,"העידן האורגני בע""מ",,זרעי צ'יה,גרמים,300.00,100 גרם,false,,16.90,0.0563,true,1,53040
7290013650511,false,"תמצית וניל 100 מ""ל",,,"תמצית וניל 100 מ""ל",מיליליטרים,100.00,"100 מ""ל",false,,85.90,0.8590,true,1,81653
7290013650542,false,פתיתי סויה 75%חלבון 300 גרם,סולבר חצור,,פתיתי סויה,גרמים,300.00,100 גרם,false,,12.90,0.0430,true,1,53054
7290013650719,false,חמאת אגוז לוז 300 גר,יושלם,,ממרח אגוזי לוז,גרמים,450.00,100 גרם,false,,36.90,0.0820,true,1,53045
7290013650856,false,חמאת שקד לבן ללא סוכ,,,חמאת שקד לבן ללא סוכ,גרמים,700.00,100 גרם,false,,58.90,0.0841,true,1,55671
7290013650900,false,ממרח חלבה וניל 300 ג,,,ממרח חלבה וניל 300 ג,גרמים,300.00,100 גרם,false,,19.90,0.0663,true,1,53049
7290013652157,false,"ד""ר פישר - נטורל קר מגבונים להסרת איפור לעור רגיל יבש 30 יח' * 3",פישר מעבדות פרמצבטיות בע,IL,מגבונים להסרת איפור,יחידה,0.00,יחידה,false,,24.90,0.0000,true,1,47049
7290013652164,false,"ד""ר פישר - נטורל קר מגבונים להסרת איפור לעור רגיש 30 יח' * 3",פישר מעבדות פרמצבטיות בע,IL,מגבונים להסרת איפור,יחידה,0.00,יחידה,false,,24.90,0.0000,true,1,47050
7290013652171,false,"ד""ר פישר - נטורל קר מגבונים להסרת איפור לעור שמן מעורב 30 יח' * 3",פישר מעבדות פרמצבטיות בע,IL,מגבונים להסרת איפור,יחידה,0.00,יחידה,false,,24.90,0.0000,true,1,47051
7290013652768,false,"מסכת החייאה לשיער יבש, צבוע ופגום Natural care",פישר מעבדות פרמצבטיות,IL,נטורל קר מסכה לשיער,מיליליטרים,450.00,"100 מ""ל",false,,29.90,0.0664,true,1,50333
7290013652850,false,שמפו נטורל קר לשיער יבש ופגום חינה ושמן ארגאן,"ד""ר פישר Dr fischer",IL,נטורל קר שמפו חינה ו,מיליליטרים,0.00,"מ""ל",false,,14.90,0.0000,false,1,43844
7290013652928,false,נטורל קר שמפו קשקשים- לבנדר ושיבולת שועל,פישר תעשיות,IL,נטורל קר שמפו לבנדר,מיליליטרים,0.00,"מ""ל",false,,14.90,0.0000,false,1,43842
7290013652935,false,נטורל קר שמפו לשיער רגיל- יסמין ופרחי מגנוליה,"ד""ר פישר Dr fischer",IL,שמפו נטורל קר לשיער,מיליליטרים,700.00,"100 מ""ל",false,,14.90,0.0213,false,1,45636
7290013652966,false,מרכך לשיער צבוע נטורל 700מ,"ד""ר פישר Dr fischer",IL,נטורל קר מרכך שיער צ,מיליליטרים,700.00,"100 מ""ל",false,,14.90,0.0213,false,1,43848
7290013655585,false,קערה 9.5 קריסטל יח,,IL,קערה בינונית 9.5,יחידה,0.00,יחידה,false,,8.90,0.0000,true,1,108186
7290013675545,false,"שניצל כלי תחבורה ""מאמא עוף"" 700 גרם",תנובה גליל שותפות מוגבלת,IL,שניצל כלי תחבורה,גרמים,700.00,100 גרם,false,,31.90,0.0456,true,1,91706
7290013675811,false,פסטה א-לה רומא להקפצה 450 גר,"איי, בי, אינבוו",IL,פסטה א-לה רומא להקפצ,גרמים,450.00,100 גרם,false,,19.90,0.0442,true,1,100972
7290013675828,false,מאמא עוף חגיגה אסייתית להקפצה 450 גרם,"איי, בי, אינבוו",IL,חגיגה אסיאתית להקפצה,גרמים,450.00,100 גרם,false,,19.90,0.0442,true,1,100973
7290013675965,false,רצועוף בטעם בצל מאמא עוף 500 גרם,תנובה גליל,,רצועוף בטעם טבעות בצ,גרמים,500.00,100 גרם,false,,24.90,0.0498,true,1,105052
7290013713049,false,"בירה גמס 8.8 איל בלגי מחוזקת 330 מ""ל","אביר הבר בע""מ",IL,בירה ג'מס בקבוק,מיליליטרים,330.00,"100 מ""ל",false,,12.90,0.0391,true,1,95018
7290013724946,false,שקדים בשוקולד מריר 140 גר שקדיה,"דין שיווק וקלייה בע""",IL,שקדים בציפוי שוקולד,גרמים,140.00,100 גרם,false,,9.90,0.0707,true,1,58423
7290013724960,false,שקדים בציפוי שוקולד בקופסא שקדיה 140 גרם,"דין שיווק וקלייה בע""",IL,משוקלדים שקד חלב,גרמים,140.00,100 גרם,false,,9.90,0.0707,true,1,56407
7290013724991,false,אגוזי לוז בציפוי שוקולד בקופסא שקדיה 140 גרם,"דין שיווק וקלייה בע""",IL,משוקלדים לוז חלב שקד,גרמים,140.00,100 גרם,false,,9.90,0.0707,true,1,56543
7290013725684,false,"רוטב טריאקי 300 מ""ל",,TH,"רוטב טריאקי 300 מ""ל",מיליליטרים,300.00,"100 מ""ל",false,,11.90,0.0397,true,1,97467
7290013725820,false,אגוזי לוז בשוקולד מריר 140 גר שקדיה,"דין שיווק וקלייה בע""",IL,משוקולדים לוז מריר,גרמים,140.00,100 גרם,false,,9.90,0.0707,true,1,56120
7290013746580,false,שבלול תמר ללתס טבעוני300,"דגן מיני מזונות בע""\מ",IL,עוגיות שבלולי תמרים,גרמים,300.00,100 גרם,false,,32.90,0.1097,true,1,84834
7290013746597,false,מעמול תמרים מכוסמין,,,מעמול תמרים מכוסמין,גרמים,300.00,100 גרם,false,,32.90,0.1097,true,1,86504
7290013746627,false,רולדת תמרים ללא סוכר,מפעלי דגן,,רולדת תמרים ללא סוכר,גרמים,300.00,100 גרם,false,,32.90,0.1097,true,1,84586
7290013760562,false,פירורי תיבול שניצל ש,,,פירורי תיבול שניצל ש,גרמים,400.00,100 גרם,false,,11.90,0.0298,true,1,82244
7290013760999,false,פרורי לחם מוזהבים 40,,,פרורי לחם מוזהבים 40,גרמים,400.00,100 גרם,false,,9.90,0.0248,true,1,85210
7290013764140,false,אוק אנד אש - שיכר לימונדה חמוציות,,BE,אוק אנד אש - שיכר לי,מיליליטרים,330.00,"100 מ""ל",false,,13.90,0.0421,true,1,142028
7290013771131,false,לאבנה עיזים 5% 250 גרם,מיוצר עי קונדיטוריית,IL,לבנה עיזים 5%,גרמים,250.00,100 גרם,false,,18.00,0.0720,true,1,42536
7290013771216,false,פטאקי 16% גבינות השומרון,מיוצר עי קונדיטוריית,IL,גבינת פטאקי 250 גר',גרמים,250.00,100 גרם,false,,14.90,0.0596,true,1,51780
7290013771384,false,יוגורט יווני השומרון,מיוצר עי קונדיטוריית,IL,יוגורט יווני 400 גר',גרמים,400.00,100 גרם,false,,10.90,0.0273,true,1,84035
7290013787392,false,רביולי גבינות קלאסי 330 גרם ריקו בית יוסף,דודו איטליאן פרודקטס בע\,IL,רביולי גבינות קלאסי,גרמים,330.00,100 גרם,false,,25.90,0.0785,true,1,101474
7290013787408,false,רביולי בטטה 330 גרם ריקו בית יוסף,דודו איטליאן פרודקטס בע\,IL,רביולי בטטה 330 גר',גרמים,330.00,100 גרם,false,,25.90,0.0785,true,1,101475
7290013787415,false,רביולי ריקוטה תרד 330 גרם ריקו בית יוסף,דודו איטליאן פרודקטס בע\,IL,רביולי ריקוטה תרד 33,גרמים,330.00,100 גרם,false,,25.90,0.0785,true,1,101476
7290013787422,false,רביולי פלין פטריות - כמהין 330 גרם ריקו בית יוסף,דודו איטליאן פרודקטס בע\,IL,פלין פטריות בטעם כמה,גרמים,330.00,100 גרם,false,,27.90,0.0845,true,1,101477
7290013816009,false,שוקולד 90% קקאו - הולי קקאו,"הולי קקאו שוקולד בע""",IL,שוקולד הולי קקאו 90%,גרמים,100.00,100 גרם,false,,18.90,0.1890,true,1,98105
7290013816016,false,שוקולד 100% קקאו - הולי קקאו,,,שוקולד הולי קקאו 100,גרמים,100.00,100 גרם,false,,18.90,0.1890,true,1,98106
7290013816160,false,שקדים מצופים שוקולד 70% - הולי קקאו,הולי קקאו,IL,שקדים מצופים שוקולד,גרמים,100.00,100 גרם,false,,18.90,0.1890,true,1,98109
7290013816245,false,שוקולד 60% קקאו עם קפה - הולי קקאו,"הולי קקאו שוקולד בע""",IL,שוקולד מריר 60% קקאו,גרמים,100.00,100 גרם,false,,18.90,0.1890,true,1,100774
7290013816443,false,שוקולד 80% קקאו - הולי קקאו,"הולי קקאו שוקולד בע""",IL,שוקולד הולי קקאו 80%,גרמים,100.00,100 גרם,false,,18.90,0.1890,true,1,98115
7290013816658,false,שוק.מריר 70% מדגסקר100ג,,IL,70% קקאו שוקולד מריר,גרמים,100.00,100 גרם,false,,18.90,0.1890,true,1,102819
7290013827104,false,TZIPICAKE-קישוט מבצק,,,TZIPICAKE-קישוט מבצק,יחידה,0.00,יחידה,false,,19.90,0.0000,true,1,49354
7290013827111,false,קישוט מתוק מבצק סוכר,,,קישוט מתוק מבצק סוכר,יחידה,0.00,יחידה,false,,13.90,0.0000,true,1,48070
7290013847102,false,נתחי טונה בהירה בשמן - מארז שלישיה,סטארקיסט Starkist,TR,טונה סטארקיסט בשמן ש,גרמים,225.00,100 גרם,false,,11.90,0.0529,false,1,52921
7290013847119,false,טונה סטארקיסט בשמן קנולה רביעיות בישול י,סטארקיסט,IL,סטארקיס רביעיית טונה,גרמים,640.00,100 גרם,false,,24.90,0.0389,false,1,51003
7290013847454,false,טונה סטארקיסט שמן קנולה רביעיות 4*160 גר,"טונה ויאטנם קו,. אל.טי.ד",VN,סטארקיסט רביעיית טונ,גרמים,640.00,100 גרם,false,,24.90,0.0389,false,1,85638
7290013847553,false,נתחי טונה בהירה במים דל נתרן - מארז רביעיה,"סטארקיסט פודור בע""מ",TH,טונה סטאר קיסט במים,גרמים,640.00,100 גרם,false,,24.90,0.0389,false,1,79218
7290013847812,false,נתחי טונה בהירה בשמן זית כתית מעולה Yellowfin,סטארקיסט Starkist,IL,טונה סטאר קיסט בשמן,גרמים,140.00,100 גרם,false,,8.90,0.0636,false,1,92777
7290013847867,false,מארז זוג טונה בשמן סויה 140 ג' סטארקיסט,טונה ויטנאם קו. אל.טי.די,IL,זוג טונה סטאר קיסט ב,גרמים,280.00,100 גרם,false,,10.90,0.0389,false,1,146286
7290013847980,false,"טונה סטארקיסט שפע 425גר בד""ץ**מבצע**",תאי יוניון,TH,טונה סטאר קיסט שפע 4,גרמים,300.00,100 גרם,false,,17.90,0.0597,false,1,98100
7290013848017,false,תרסיס ניקוי והברקת נירוסטה,"סנו מפעלי ברונוס בע""מ",IL,"סנו נירוסטה 500 מ""ל",מיליליטרים,500.00,"100 מ""ל",false,,19.90,0.0398,true,1,92643
7290013848345,false,מארז מטליות לחיטוי וניקוי יסודי אנטיבקטריאלי 99.9%,סנו מפעלי ברונוס בעמ,IL,מטליות לחות לניקוי ש,יחידה,0.00,יחידה,false,,21.90,0.0000,true,1,95404
7290013848581,false,סנו סושי מגבות נייר בגליל ענק.,סנו,IL,סנו סושי-מגבת נייר 6,יחידה,0.00,יחידה,false,,11.90,0.0000,false,1,46770
7290013848758,false,מקסימה גל כביסה מרוכז בייבי 3ליטר סנסטיב,"סנו מפעלי ברונוס בע""\מ",IL,ג'ל כביסה בייבי 3 לי,ליטרים,3.00,ליטר,false,,34.90,11.6333,true,1,52716
7290013848796,false,אל סבון מוצק שקד - מארז רביעיה,קוסמופארם,IL,סבון כיף מוצק רביעיו,מיליליטרים,400.00,"100 מ""ל",false,,11.90,0.0298,true,1,45677
7290013848802,false,כייף רביעייה אל סבון מוצק לבנדר,קוסמופארם,IL,סבון כיף מוצק רביעיו,מיליליטרים,400.00,"100 מ""ל",false,,11.90,0.0298,true,1,45678
7290013883407,false,"דזיטול מרסס לחיטוי כללי יעקבי 750 מ""ל",יעקבי - דזיטול Desytol,ES,דזיטול מחטא ומשמיד ח,מיליליטרים,750.00,"100 מ""ל",false,,12.90,0.0172,true,1,45061
7290013883490,false,הפי מדליק פחמים מוצק,שייני Shiny,,קוביות דלק לפחמים,גרמים,250.00,100 גרם,false,,7.90,0.0316,true,1,48197
7290013903273,false,אדממה אורגני קפוא 400 גר,זהג'יאנג קינגסור פוד,CN,אדממה אורגני קפוא 40,גרמים,400.00,100 גרם,false,,11.00,0.0275,true,1,98417
7290013903327,false,טופו בטעם טבעי 500 גרם,"א.י.ן תעשיות בע""מ",IL,טופו טבעי 500 גר',גרמים,500.00,100 גרם,false,,15.90,0.0318,true,1,94987
7290013903464,false,פולי סויה אורגנים קלופים מוקפאים (אדממה) 500גרם ליב,זהג'יאנג קינגסור,CN,פולי סויה אורגנים קל,גרמים,500.00,100 גרם,false,,14.90,0.0298,true,1,146479
7290013903549,false,טופו במרקם רך טבעי ליב 300 גר,ג'נרל מילס סאן אדריא,IL,טופו רך טבעי 300 גר',גרמים,300.00,100 גרם,false,,13.90,0.0463,true,1,94860
7290013903594,false,רסק תפוחים טבעי 670 גרם ליב,טעמי הגליל בעמ,IL,"רסק תפו""ע 670 ג'",גרמים,670.00,100 גרם,false,,10.90,0.0163,true,1,88196
7290013903808,false,קציצות קינואה עם חמוציות טבעוני 400 גרם,,IL,קציצות קינואה עם חמו,גרמים,400.00,100 גרם,false,,25.90,0.0647,true,1,107367
7290013906052,false,נקניקיות פרגיות טירת צבי 300 גרם,הנסיך- מפעל לייצור ט,IL,נקניקיות פרגיות 300,גרמים,300.00,100 גרם,false,,11.90,0.0397,true,1,44578
7290013906205,false,פסטרמה עם שום וצילי טירת צבי 400 ג',הנסיך- מפעל לייצור ט,IL,פסטרמה שום וצ'ילי 40,גרמים,400.00,100 גרם,false,,31.90,0.0797,true,1,50059
7290013906458,false,קבנוס בטעם פיקנטי טירת צבי 120 גרם,הנסיך- מפעל לייצור ט,IL,קבנוס פיקנטי 120 גר',גרמים,120.00,100 גרם,false,,10.90,0.0908,true,1,51728
7290013906496,false,פסטרמה עגל בסגנון רומני טירת צבי 120 גר,הנסיך- מפעל לייצור ט,IL,פסטרמה עגל בסגנון רו,גרמים,120.00,100 גרם,false,,15.90,0.1325,true,1,57822
7290013906519,false,פרושוטו בקר טירת צבי 100 גרם,הנסיך- מפעל לייצור ט,IL,פרושוטו בקר פרוס דק,גרמים,100.00,100 גרם,false,,26.90,0.2690,true,1,57823
7290013906694,false,נקניקיות שקית קילו וחצי טירת צבי,הנסיך- מפעל לייצור ט,IL,"נקניקיות 1.5 ק""ג טיר",קילוגרמים,1.50,"ק""ג",false,,37.90,25.2667,true,1,142978
7290013927637,false,חלוה ללא תוספת סוכר במגש 400 גר' אחוה,אחדות ביחר לטחינה חל,IL,חלוה ללא תוספת סוכר,גרמים,400.00,100 גרם,false,,13.90,0.0348,true,1,94782
7290013937056,false,שלגוני פריז שישיות לימון נענע נעורב,,,מיני ארטיק פירות שיש,יחידה,0.00,יחידה,false,,22.90,0.0000,true,1,44334
7290013937063,false,שישיית שלגוני פריז קוקוס,שיבניס בעמ,,שישייה ארטיקים קוקוס,גרמים,180.00,100 גרם,false,,22.90,0.1272,true,1,49384
7290013937094,false,שישייה שלגונים קוקוס,,,שישייה שלגונים קוקוס,גרמים,180.00,100 גרם,false,,22.90,0.1272,true,1,80259
7290013937117,false,שלגון פריז טבעי מנגו,פריז,,שלגון מנגו,גרמים,80.00,100 גרם,false,,8.00,0.1000,true,1,54288
7290013937124,false,שלגון פריז טבעי קוקו,פריז,IL,שלגון קוקוס,יחידה,0.00,יחידה,false,,8.00,0.0000,true,1,51060
7290013937148,false,שלגון פריז טבעי בננה,פריז,,שלגון בננה תמר,יחידה,0.00,יחידה,false,,8.00,0.0000,true,1,54762
7290013937162,false,שלגון קוקוס פסיפלורה,,,שלגון קוקוס פסיפלורה,גרמים,80.00,100 גרם,false,,8.00,0.1000,true,1,54090
7290013937193,false,שלגון פריז טבעי אננס,שיבניס בעמ,,שלגון אננס,יחידה,0.00,יחידה,false,,8.00,0.0000,true,1,54620
7290013937223,false,ארטיק פריז תות בננה,,IL,שלגון תות בננה,יחידה,0.00,יחידה,false,,8.00,0.0000,true,1,54621
7290013937315,false,ארטיק פריז קוקוס תות,שיבניס בעמ,,שלגון קוקוס תות 80 ג,גרמים,80.00,100 גרם,false,,8.00,0.1000,true,1,54091
7290013937346,false,שלגון פירות יער,,,שלגון פירות יער,יחידה,0.00,יחידה,false,,8.00,0.0000,true,1,54622
7290013937384,false,ארטיק פריז קוקוס קקא,שיבניס בעמ,,שלגון קוקוס קקאו,יחידה,0.00,יחידה,false,,8.00,0.0000,true,1,55197
7290013937391,false,ארטיק פריז קוקוס קפה,שיבניס בעמ,IL,שלגון קוקוס קפה,גרמים,80.00,100 גרם,false,,8.00,0.1000,true,1,79710
7290013937971,false,מאגדת שישיית ארטיקים,,,מארז ארטיקים טבעיים,גרמים,180.00,100 גרם,false,,22.90,0.1272,true,1,90678
7290013939340,false,"קרם גוף תמרים 500 מ""",ש.שוורץ,,"קרם גוף תמרים 500 מ""",מיליליטרים,500.00,"100 מ""ל",false,,31.90,0.0638,true,1,106146
7290013939586,false,"קצף אמבט תמר 500 מ""ל",,,"קצף אמבט תמר 500 מ""ל",מיליליטרים,500.00,"100 מ""ל",false,,21.00,0.0420,true,1,100984
7290013940520,false,מרכך שיער בתמצית תמר ןקרטין,ש.שוורץ,IL,מרכך שיער תמרים 500,מיליליטרים,500.00,"100 מ""ל",false,,17.90,0.0358,true,1,100985
7290013994004,false,אורז ארוך לבן אורגני 500 גר,הרדוף,IL,אורז ארוך לבן אורגני,גרמים,500.00,100 גרם,false,,9.90,0.0198,true,1,84076
7290013994042,false,זרעי פשתן אורגניים הרדוף 300 גרם,אול אורגני,IL,זרעי פשתן אורגניים 3,גרמים,300.00,100 גרם,false,,8.90,0.0297,true,1,78522
7290013994066,false,ספלטפלקס אורגני פתיתי כוסמין 375 גר,הרדוף,IT,ספלטפלקס כוסמין אורג,גרמים,375.00,100 גרם,false,,21.90,0.0584,true,1,84307
7290013994073,false,פוזילי אורגני 400 גר מקמח כוסמין מלא,הרדוף,IT,פוזילי מקמח כוסמין מ,גרמים,400.00,100 גרם,false,,17.90,0.0447,true,1,84308
7290013994288,false,"קינואה רויאל אורגנית 1 ק""ג",הרדוף,,קינואה רויאל אורגני,קילוגרמים,1.00,"100 ק""ג",false,,29.90,29.9000,true,1,85674
7290013994295,false,קינואה אדומה אורגנית 500 גר,אול אורגני,IL,קינואה אדומה אורגנית,גרמים,500.00,100 גרם,false,,21.00,0.0420,true,1,84204
7290013994301,false,קינואה שחורה אורגנית 500 גר,אול אורגני,IL,קינואה שחורה אורגנית,גרמים,500.00,100 גרם,false,,21.00,0.0420,true,1,84205
7290013994554,false,אורז בסמטי לבן 500 אורגני גרם - הרדוף,אול אורגני,IL,אורז בסמטי לבן 500 ג,גרמים,500.00,100 גרם,false,,13.00,0.0260,false,1,83936
7290013994585,false,גרעיני דלעת קלופים אורגניים 300 גרם הרדוף,אול אורגני,IL,גרעיני דלעת קלופים א,יחידה,0.00,יחידה,false,,16.90,0.0000,true,1,86255
7290013994653,false,קינואה רויאל אורגני 500 גרם - הרדוף,אול אורגני,IL,קינואה רויאל אורגנית,גרמים,500.00,100 גרם,false,,16.90,0.0338,true,1,84441
7290013994677,false,עדשים שחורות אורגניות הרדוף 500 גרם,אול אורגני,IL,עדשים שחורות אורגני,גרמים,500.00,100 גרם,false,,14.90,0.0298,true,1,76174
7290013994684,false,אפונה ירוקה חצויה אורגנית 500 גר,אול אורגני,IL,אפונה ירוקה אורגנית,גרמים,500.00,100 גרם,false,,10.90,0.0218,true,1,76170
7290013994752,false,בייגלה עם מלח מקמח מלא אורגני 200 גרם,אם החיטה,IL,מקלות בייגלה עם מלח,גרמים,200.00,100 גרם,false,,11.90,0.0595,true,1,87263
7290013994813,false,הרדוף שעועית שחורה אורגנית 500 גרם,אול אורגני,IL,שעועית שחורה אורגנית,גרמים,500.00,100 גרם,false,,11.50,0.0230,true,1,94703
7290013994929,false,קוסקוס מלא אורגני 350 גרם,קרה מונוס,FR,קוסקוס מלא אורגני הר,גרמים,350.00,100 גרם,false,,8.90,0.0254,true,1,91096
7290013994943,false,קוסקוס אורגני אורגני,הרדוף,,קוסקוס אורגני הרדוף,גרמים,350.00,100 גרם,false,,8.90,0.0254,true,1,91098
7290014001145,false,רוטב ברביקיו שום וסילאן,משק דבורים לין,IL,רוטב ברביקיו שום וסי,גרמים,300.00,100 גרם,false,,21.90,0.0730,true,1,49688
7290014001275,false,רוטב ברביקיו חריף אש 320,משק דבורים לין,IL,משק לין-רוטב ברביקיו,גרמים,300.00,100 גרם,false,,22.90,0.0763,true,1,54885
7290014001602,false,משק לין מרינדה רימונ,משק דבורים לין,,משק לין-מרינדה צ'ילי,גרמים,320.00,100 גרם,false,,24.90,0.0778,true,1,54051
7290014002135,false,תה ירוק מיקס 5 טעמים ויסוצקי 25 יחידות,תה ויסוצקי,IL,תה ירוק מיקס ויסוצקי,יחידה,0.00,יחידה,false,,24.90,0.0000,false,1,46429
7290014002197,false,חליטת קמומיל ולימונית הגן הקסום ויסוצקי 25 יחידות,תה ויסוצקי,IL,חליטת קמומיל ולימוני,יחידה,0.00,יחידה,false,,18.90,0.0000,false,1,47625
7290014002203,false,חליטת לימונית ולואיזה הגן הקסום ויסוצקי 25 יחידות,תה ויסוצקי,IL,חליטת לימונית ולואיז,יחידה,0.00,יחידה,false,,18.90,0.0000,false,1,47626
7290014002944,false,גן קסום חליטת פירות וצמחים חמדת שקד 25 שקיקים,תה ויסוצקי,IL,תה חליטת פירות וצמחי,גרמים,57.50,100 גרם,false,,18.90,0.3287,false,1,57856
7290014002982,false,תה ירוק לימונית ולואיזה ויסוצקי 25 יחידות תוספת סטיביה,ויסוצקי ירוק,IL,תה ירוק סטיביה,יחידה,0.00,יחידה,false,,24.90,0.0000,false,1,54613
7290014012066,false,פירורי תיבול שניצל מ,,,פירורי תיבול שניצל מ,גרמים,400.00,100 גרם,false,,11.90,0.0298,true,1,82245
7290014012288,false,פירורי תיבול שניצל י,,,פירורי תיבול שניצל י,גרמים,400.00,100 גרם,false,,11.90,0.0298,true,1,82246
7290014021501,false,פרי FREE חטיף בננה קראנצ'י 27 גרם,לנאקו שוואנגטי פודסטאף,CN,חטיף פרי בננה קראנצ',גרמים,20.00,100 גרם,false,,7.90,0.3950,true,1,108286
7290014021518,false,פרי FREE חטיף אננס קראנצ'י 27 גרם,לנאקו שוואנגטי פודסטאף,CN,חטיף פרי אננס קראנצ',גרמים,20.00,100 גרם,false,,7.90,0.3950,true,1,92087
7290014021525,false,פרי FREE חטיף ליצ'י קראנצ'י 27 גרם,לנאקו שוואנגטי פודסטאף,CN,חטיף פרי ליצ'י קראנצ,גרמים,20.00,100 גרם,false,,7.90,0.3950,true,1,92088
7290014021532,false,פרי FREE חטיף אגס קראנצ'י 27 גרם,לנאקו שוואנגטי פודסטאף,CN,חטיף פרי אגס קראנצ'י,גרמים,20.00,100 גרם,false,,7.90,0.3950,true,1,92089
7290014021549,false,פרי FREE חטיף תפוח קראנצ'י 27 גרם,,CN,חטיף פרי תפוח קראנצ',גרמים,20.00,100 גרם,false,,7.90,0.3950,true,1,108287
7290014021648,false,פרי FREE חטיף משמש קראנצ'י 27 גרם,לנאקו שוואנגטי פודסטאף,CN,חטיף פרי משמש קראנצ',גרמים,20.00,100 גרם,false,,7.90,0.3950,true,1,144551
7290014021716,false,פרי FREE חטיף מנגו קראנצ'י 27 גרם,,CN,חטיף פרי מנגו קראנצ',גרמים,20.00,100 גרם,false,,7.90,0.3950,true,1,108288
7290014021778,false,מבוקשים- מארז 5 קשים בטעם שוקולד,,,5 קשים בטעם שוקולד,גרמים,30.00,100 גרם,false,,4.90,0.1633,true,1,108279
7290014021785,false,מבוקשים- מארז 5 קשים בטעם תות,,,5 קשים בטעם תות,גרמים,30.00,100 גרם,false,,4.90,0.1633,true,1,108280
7290014021792,false,מבוקשים- מארז 5 קשים בטעם בננה,,,5 קשים בטעם בננה,גרמים,30.00,100 גרם,false,,4.90,0.1633,true,1,108281
7290014021815,false,מארז 5 קשים בטעם אייס קפה 30 גרם,,,5 קשים בטעם אייס קפה,יחידה,0.00,יחידה,false,,4.90,0.0000,true,1,141305
7290014046016,false,פסטרמה של פעם דל שומן 2% רכיבים טבעיים,מעדני יחיעם,IL,פסטרמה של פעם 250 גר,גרמים,250.00,100 גרם,false,,25.90,0.1036,true,1,54283
7290014046030,false,"מוס כבד עוף 140 גרם ""יחיעם""",מעדני יחיעם 1993,IL,מוס כבד עוף יחיעם,גרמים,140.00,100 גרם,false,,14.90,0.1064,true,1,75899
7290014046436,false,נשנושי קבנוס יחיעם 125 גרם,מעדני יחיעם 1993,IL,נישנושי קבנוס 125 גר,גרמים,125.00,100 גרם,false,,12.90,0.1032,true,1,50383
7290014046757,false,סלמי תה מעדני יחיעם,מעדני יחיעם,IL,סלמי תה 300 גר' יחיע,גרמים,300.00,100 גרם,false,,22.90,0.0763,true,1,87351
7290014059085,false,"משחת שיניים סנסודיין 75 מ""ל פרימיום לשיקום והגנה","סמית קליין ביצ'ם בע""",GB,סנסודיין משחה לשיקום,מיליליטרים,75.00,"100 מ""ל",false,,24.90,0.3320,true,1,45590
7290014059436,false,"משחת שיניים סנסודיין 75 מ""ל פרימיום לשיקום והגנה מלבינה 75 מ""ל","סמית קליין ביצ'ם בע""",GB,משחת שיניים סנסודיין,מיליליטרים,75.00,"100 מ""ל",false,,24.90,0.3320,true,1,76175
7290014066359,false,לנדוור-קפסולות אספרסו בלנסד(06) - 10יח'12X יח,"קפה לנדוור בע""\מ",IL,לנדוור קפסולות אספרס,גרמים,50.00,100 גרם,false,,15.90,0.3180,true,1,100829
7290014066366,false,לנדוור-קפסולות אספרסו ריסטרטו(08) - 10יח'12X יח,קפה לנדוור,IL,לנדוור קפסולות אספרס,גרמים,50.00,100 גרם,false,,15.90,0.3180,true,1,100830
7290014066373,false,לנדוור-קפסולות אספרסו קלאסיק(09) - 10יח'12X יח,קפה לנדוור,IL,לנדוור קפסולות אספרס,גרמים,50.00,100 גרם,false,,15.90,0.3180,true,1,100831
7290014066380,false,לנדוור-קפסולות אספרסו סופרימו(10) - 10יח'12X יח,קפה לנדוור,IL,לנדוור קפסולות אספרס,גרמים,50.00,100 גרם,false,,15.90,0.3180,true,1,100832
7290014066441,false,לנדוור-קפסולות אספרסו נטול קפאין(07) - 10יח'12X יח,קפה לנדוור,IL,לנדוור- קפסולות אספר,גרמים,50.00,100 גרם,false,,15.90,0.3180,true,1,100872
7290014066526,false,לנדוור-קפסולות אספרסו תערובת הבית(11) - 10יח'12X יח,קפה לנדוור,IL,לנדוור קפסולות אספרס,גרמים,50.00,100 גרם,false,,15.90,0.3180,true,1,100833
7290014066533,false,לנדוור-קפסולות אספרסו קלייה כפולה(12) - 10יח'12X יח,קפה לנדוור,IL,לנדוור קפסולות אספרס,גרמים,50.00,100 גרם,false,,15.90,0.3180,true,1,100834
7290014079014,false,לבבות קיסר ארוז נספק,"מרינה פטריות הגליל בע""מ",IL,לבבות קיסר עלים,גרמים,300.00,100 גרם,false,,9.90,0.0330,true,1,41915
7290014079076,false,נבטי אלפלפא מרינה,"מרינה פטריות הגליל בע""מ",IL,נבטי אלפלפא מרינה,יחידה,0.00,יחידה,false,,5.90,0.0000,true,1,48498
7290014079328,false,פרסה כרישה ארוזה מרי,"מרינה פטריות הגליל בע""מ",IL,פרסה כרישה ארוזה מרי,יחידה,0.00,יחידה,false,,9.90,0.0000,true,1,94326
7290014079847,false,פטריות בייבי בלה צמד מרינה,"מרינה פטריות הגליל בע""מ",IL,פטריות פורטובלה בייב,גרמים,500.00,100 גרם,false,,15.90,0.0318,true,1,87260
7290014079854,false,לבבות חסה ארץ הגליל מרינה,"מרינה פטריות הגליל בע""מ",IL,לבבות חסה ארץ הגליל,יחידה,0.00,יחידה,false,,10.90,0.0000,true,1,87561
7290014083806,false,עוגיות בטעם חמאה 350 גרם בפח,וילי פוד,PT,עוגיות בטעם חמאה בפח,גרמים,350.00,100 גרם,false,,11.90,0.0340,true,1,48080
7290014083813,false,וילי פוד מריגה שפרוטים מעושנים בשמן 190ג,הנסיך- מפעל לייצור ט,LV,שפרוטים מעושנים בשמן,גרמים,190.00,100 גרם,false,,8.80,0.0463,true,1,48132
7290014092532,false,פלחי דלעת מרינה,"מרינה פטריות הגליל בע""מ",IL,דלעת,קילוגרמים,1.00,"ק""ג",true,,9.90,9.9000,true,1,94306
7290014094260,false,שיני שום קלוף קמעונאי,יאנונינגלנאגג פרודיס לטד,CN,שום קלוף,גרמים,170.00,100 גרם,false,,10.90,0.0641,true,1,59544
7290014094505,false,אורז בסמתי טהור אהרוני 1 ק''ג,האי נאם סי או אל.טי.,IL,"אורז בסמטי 1 ק""ג אהר",קילוגרמים,1.00,"ק""ג",false,,9.90,9.9000,true,1,52977
7290014094529,false,"רוטב סויה 300 מ""ל אהרוני",הלתי פוד פרודקט,IL,רוטב סויה אהרוני,מיליליטרים,300.00,"100 מ""ל",false,,9.90,0.0330,true,1,50169
7290014094543,false,"תרסיס שמן קנולה שקדיה 186 מ""ל",שקדיה,TR,תרסיס שמן קנולה,גרמים,170.00,100 גרם,false,,11.90,0.0700,true,1,56544
7290014095946,false,משוקלדים פקאן בשוקולד מריר 140 גרם,"שקדיה גבע תעשיות בע""",IL,משוקלדים פקאן מריר,גרמים,140.00,100 גרם,false,,9.90,0.0707,true,1,56410
7290014095953,false,פקאן בציפוי שוקולד בקופסא שקדיה 140 גרם,שקדיה גבע בתעשיות עמ,IL,משוקולדים פקאן חלב,גרמים,140.00,100 גרם,false,,9.90,0.0707,true,1,56122
7290014095960,false,שיבולת שועל עבה בשקית שקדיה 500 גרם,"דין שיווק וקלייה בע""",IL,שיבולת שועל עבה 500,גרמים,500.00,100 גרם,false,,5.00,0.0100,true,1,56132
7290014110014,false,מקלוני דבאייל מיוש,,,מקלוני דבאייל מיוש,גרמים,230.00,100 גרם,false,,14.90,0.0648,true,1,143204
7290014126428,false,מרמולייט סוכרלוז 150 יחידות,מיוצר עי קונדיטוריית,CN,סוכרלוז סטיביה טבליו,גרמים,9.00,100 גרם,false,,26.90,2.9889,true,1,58115
7290014217003,false,פפריקה מעושנת בקופ' 90 גר' טעם וריח,"תבליני טעם וריח בע""מ",IL,פפריקה מעושנת 90 גר,גרמים,90.00,100 גרם,false,,9.50,0.1056,true,1,44560
7290014217010,false,דגים T130 -BUL בקופ' 90 גר' טעם וריח,"תבליני טעם וריח בע""מ",IL,מיכל תיבול לדגים,גרמים,90.00,100 גרם,false,,11.00,0.1222,true,1,46198
7290014217027,false,עוף T130 -BUL בקופ' 120 גר' טעם וריח,"תבליני טעם וריח בע""מ",IL,מיכל תיבול לעוף 120,גרמים,120.00,100 גרם,false,,11.00,0.0917,true,1,46199
7290014217065,false,אורגנו עלים בקופ' 30 גר' טעם וריח,"תבליני טעם וריח בע""מ",IL,אורגנו מיכל גדול 30,גרמים,30.00,100 גרם,false,,9.50,0.3167,true,1,44561
7290014217157,false,תיבול טוסקנה בקופ' 120 גר' טעם וריח,"תבליני טעם וריח בע""מ",IL,מיכל תערובת תיבול טו,גרמים,120.00,100 גרם,false,,9.50,0.0792,true,1,57483
7290014217164,false,תבלין פטרוזיליה מיכל גדול 20 ג',"תבליני טעם וריח בע""מ",IL,מיכל פטרוזיליה,גרמים,20.00,100 גרם,false,,9.50,0.4750,true,1,57484
7290014217201,false,"תערובת תיבול סומק 45 גרם ""טעם וריח""","תבליני טעם וריח בע""מ",IL,תערובת תיבול סומק,גרמים,45.00,100 גרם,false,,5.50,0.1222,true,1,78217
7290014217225,false,גריל עוף בקופ' 120 גר' טעם וריח,"תבליני טעם וריח בע""מ",IL,מיכל גריל עוף 120 גר,גרמים,120.00,100 גרם,false,,9.50,0.0792,true,1,54549
7290014217263,false,תיבול לפרגית בקופ' 100 גר' טעם וריח,"תבליני טעם וריח בע""מ",IL,תערובת תיבול לפרגיות,גרמים,100.00,100 גרם,false,,9.50,0.0950,true,1,80239
7290014217348,false,"מיכל צ'ילי כתוש 70 גר' ""טעם וריח""","תבליני טעם וריח בע""מ",IL,מיכל צ'ילי כתוש 70 ג,גרמים,70.00,100 גרם,false,,9.50,0.1357,true,1,54552
7290014217355,false,קרי אבקה בקופ' 100 גר' טעם וריח,"תבליני טעם וריח בע""מ",IL,מיכל אבקת קרי 100 גר,גרמים,100.00,100 גרם,false,,9.50,0.0950,true,1,54553
7290014217362,false,תיבול לקציצות בקופ' 100 גר' טעם וריח,"תבליני טעם וריח בע""מ",IL,מיכל תיבול לקציצות 1,גרמים,100.00,100 גרם,false,,9.50,0.0950,true,1,54554
7290014217478,false,תערובת עשבי תיבול איטלקי ים תיכוני 30ג',"תבליני טעם וריח בע""מ",IL,תערובת עשבי תיבול אי,גרמים,30.00,100 גרם,false,,9.50,0.3167,true,1,80889
7290014217485,false,תיבול קייג'ון בקופ' 100 גר' טעם וריח,"תבליני טעם וריח בע""מ",IL,תערובת תיבול קייגו'ן,גרמים,100.00,100 גרם,false,,9.50,0.0950,true,1,83267
7290014217492,false,תיבול פילדלפיה בקופ' 100 גר' טעם וריח,"תבליני טעם וריח בע""מ",IL,תערובת תיבול פילדלפי,גרמים,100.00,100 גרם,false,,9.50,0.0950,true,1,83268
7290014217522,false,תערובת ללחם שום טעם וריח 100 ג',"תבליני טעם וריח בע""מ",IL,תערובת תיבול ללחם שו,גרמים,100.00,100 גרם,false,,9.90,0.0990,true,1,92060
7290014217911,false,תבלין פלפל אדום מתוק בשקית 150 גר,"תבליני טעם וריח בע""\מ",IL,פלפל מתוק שלם 150 גר,גרמים,150.00,100 גרם,false,,13.90,0.0927,true,1,95215
7290014217973,false,תבלין פלפל צילי חריף יבש בשקית 150 גר',"תבליני טעם וריח בע""\מ",IL,פלפל צ'ילי חריף יבש,גרמים,150.00,100 גרם,false,,13.90,0.0927,true,1,95216
7290014218321,false,בורקס אישי יפו גבינה מעדנות 600 גרם,מיוצר עי קונדיטוריית,IL,בורקס יפו גבינה,גרמים,600.00,100 גרם,false,,18.50,0.0308,true,1,79308
7290014218932,false,חטיפי פיצה בתוספ זיתים בשקית מעדנות 710 גרם,מיוצר עי קונדיטוריית,IL,חטיפי פיצה זיתים מעד,גרמים,710.00,100 גרם,false,,26.90,0.0379,true,1,96738
7290014220317,false,סט בקבוקים לטיול,,,סט בקבוקים לטיול,יחידה,0.00,יחידה,false,,8.90,0.0000,true,1,49388
7290014220478,false,שקיות לזילוף 20 יח,,,שקיות לזילוף 20 יח,יחידה,0.00,יחידה,false,,9.90,0.0000,true,1,58687
7290014256637,false,"יין מבעבע מוסקטו באזז יקבי כרמל 750 מ""ל",יקבי כרמל Carmel Winery,IL,יין מוסקטו BUZZ,מיליליטרים,750.00,"100 מ""ל",false,,23.90,0.0319,false,1,73432
7290014265929,false,יין הר עמשא אדום יבש יתיר 2019 750 מל,יקב יתיר,IL,יתיר הר עמשא אדום,מיליליטרים,750.00,"100 מ""ל",false,,99.90,0.1332,true,1,144620
7290014298217,false,בקבוק 620 פתיחת לחיצה,,,בקבוק ילדים טריטן,יחידה,0.00,יחידה,false,,25.00,0.0000,true,1,107946
7290014298989,false,"בקבוק צמידים טריטן 750 מ""ל MOSCO",,CN,בקבוק טריטן צמידים י,יחידה,0.00,יחידה,false,,40.00,0.0000,true,1,89847
7290014298996,false,בקבוק תרמי 500 מ''ל מוסקו,,,בקבוק שומר קור,יחידה,0.00,יחידה,false,,60.00,0.0000,true,1,77763
7290014308626,false,פלפל שחור גרוס דק 100 גרם,תבליני פרג,,פלפל שחור גרוס דק פר,גרמים,100.00,100 גרם,false,,14.90,0.1490,true,1,103461
7290014309180,false,סומך טחון פרג,תבליני פרג,,סומק 120 גרם,גרמים,120.00,100 גרם,false,,14.90,0.1242,true,1,142130
7290014318090,false,מיני ניוקי ללא גלוטן 500 גרם,VINCI,IT,מיני ניוקי ללא גלוטן,גרמים,500.00,100 גרם,false,,15.90,0.0318,true,1,88263
7290014318120,false,ארטישוק צעיר על הגריל בשמן 314 ג' (12),,,ארטישוק צעיר על הגרי,גרמים,314.00,100 גרם,false,,26.90,0.0857,true,1,99390
7290014318137,false,עגבניות מיובשות בשמן 285 ג' (12),,,עגבניות מיובשות בשמן,גרמים,285.00,100 גרם,false,,17.90,0.0628,true,1,88284
7290014318144,false,רבעי ארטישוק מתובלים בשמן ball,,,רבעי ארטישוק מתובלים,גרמים,314.00,100 גרם,false,,26.90,0.0857,true,1,88879
7290014318168,false,ממרח פסטו 190 גרם,,,ממרח פסטו 190 גר',גרמים,190.00,100 גרם,false,,14.90,0.0784,true,1,88285
7290014318250,false,"פולנטה איטלקית מקורית 1 ק""ג (10)",,,קמח תירס פולנטה מקור,קילוגרמים,1.00,"ק""ג",false,,10.90,10.9000,true,1,84276
7290014318281,false,מחית פטריות כמהין 5% כשר 90 גרם,טרטופי,IT,מחית פטריות כמהין 90,גרמים,90.00,100 גרם,false,,56.90,0.6322,true,1,88273
7290014318311,false,מארז שלישיית עגבניות חתוכות דק במיץ עגבניות Rosso,,,עגבניות תמר פולפה של,גרמים,1200.00,100 גרם,false,,14.90,0.0124,true,1,89245
7290014318410,false,צלפים 190 ג' (12),,,צלפים 190 גר',גרמים,190.00,100 גרם,false,,17.90,0.0942,true,1,95641
7290014318441,false,מחית עגבניות חלקה 68,,,מחית עגבניות חלקה,גרמים,680.00,100 גרם,false,,11.90,0.0175,true,1,88381
7290014318458,false,מחית עגבניות חתוכות דק Rustica,איטליקה Italica,,עגבניות חתוכות דק 68,גרמים,680.00,100 גרם,false,,11.90,0.0175,true,1,88886
7290014318526,false,צלפים גדולים עם רגל 540 כשר ג',,,צלפים גדולים 310 גר',גרמים,310.00,100 גרם,false,,28.90,0.0932,true,1,88906
7290014318564,false,טחינה אתיופית מלאה 7,,,טחינה אתיופית מלאה 7,גרמים,720.00,100 גרם,false,,36.90,0.0512,true,1,97402
7290014318571,false,טחינה אתיופית לבנה 7,,,טחינה אתיופית לבנה 7,גרמים,720.00,100 גרם,false,,35.90,0.0499,true,1,97404
7290014318595,false,טחינה אתיופית לבנה 380 גרם,,,טחינה אתיופית לבנה 3,גרמים,380.00,100 גרם,false,,18.90,0.0497,true,1,88261
7290014318861,false,"קרם קוקוס אורגני 17.5% שומן 250 מ""ל",,LK,קרם קוקוס אורגני,מיליליטרים,250.00,"100 מ""ל",false,,9.90,0.0396,true,1,107005
7290014321014,false,שמן קוקוס אורגני 1 ליטר,אקוגרין,LK,שמן קוקוס 1ליטר,ליטרים,1.00,ליטר,false,,65.90,65.9000,true,1,78272
7290014321199,false,קרקר פשתן צ'ילי פיקנטי 125 גרם less & more,"ל.ב. סחר ושיווק בע""מ",IL,קרקר פשתן צ'ילי פיקנ,גרמים,125.00,100 גרם,false,,22.90,0.1832,true,1,144203
7290014321205,false,קרקר גרעיני פשתן 125 גרם less & more,"ל.ב. סחר ושיווק בע""מ",IL,קרקר גרעיני פשתן 125,גרמים,125.00,100 גרם,false,,22.90,0.1832,true,1,144204
7290014321212,false,קרקר פשתן ושום 125 גרם less & more,"ל.ב. סחר ושיווק בע""מ",IL,קרקר פשתן ושום 125 ג,גרמים,125.00,100 גרם,false,,22.90,0.1832,true,1,144205
7290014338975,false,קרפ הולנדי בייתי,טימפוד,,קרפ הולנדי בייתי,גרמים,600.00,100 גרם,false,,22.90,0.0382,true,1,107377
7290014343085,false,מוס פררו רושה חלבי ק,,,מוס פררו רושה חלבי ק,יחידה,0.00,יחידה,false,,152.00,0.0000,true,1,103982
7290014343412,false,פס מוס ביסקוויטים,,,פס מוס ביסקוויטים,יחידה,0.00,יחידה,false,,59.90,0.0000,true,1,103913
7290014343429,false,פס גבינת שמנת ותותים,,,פס גבינת שמנת ותותים,יחידה,0.00,יחידה,false,,59.90,0.0000,true,1,103912
7290014343450,false,פס מוס גבינה פירורים,נטלי,,פס מוס גבינה פירורים,יחידה,0.00,יחידה,false,,59.90,0.0000,true,1,103915
7290014343498,false,פס מוס גבינה פירורים,נטלי פלוס בעמ,IL,פס גבינה פירורים ללא,יחידה,0.00,יחידה,false,,59.90,0.0000,true,1,103917
7290014343542,false,עוגת פס טריקולד בן ע,נטלי,,פס מוס טריקולד,יחידה,0.00,יחידה,false,,59.90,0.0000,true,1,103918
7290014343559,false,עוגת פס רפאלה בן עמי,נטלי,,פס מוס רפאלה,יחידה,0.00,יחידה,false,,59.90,0.0000,true,1,103919
7290014343573,false,עוגת פס פררה בן עמי,נטלי,,פס מוס פררה,יחידה,0.00,יחידה,false,,59.90,0.0000,true,1,103920
7290014343580,false,עוגת פס אלפחורס בן ע,נטלי,,פס מוס אלפחורס,יחידה,0.00,יחידה,false,,59.90,0.0000,true,1,103921
7290014343641,false,עוגת פס מוס אוראו ב,נטלי,,פס מוס אוראו,יחידה,0.00,יחידה,false,,59.90,0.0000,true,1,103922
7290014343658,false,עוגת פס מוס לוטוס ב,נטלי,IL,פס מוס לוטוס,יחידה,0.00,יחידה,false,,59.90,0.0000,true,1,103923
7290014343856,false,אינגליש קייק בראוניס,"נטלי פלוס בע""מ",IL,אינגליש קייק בראוניס,יחידה,0.00,יחידה,false,,39.90,0.0000,true,1,103936
7290014397279,false,שקיות מזון גדולות XL סנו סושי 300 יחידות,"אשפלסט תעשיות בע""מ",CN,שקיות מזון 300 יח' X,יחידה,0.00,יחידה,false,,12.90,0.0000,false,1,47906
7290014397286,false,מרכך כביסה מרוכז חלב ודבש סנו מקסימה 1 ליטר,סנו-מקסימה,IL,מרכך מרוכז חלב ודבש,ליטרים,1.00,ליטר,false,,16.90,16.9000,true,1,49716
7290014397675,false,סנו מקסימה מרכך כביסה חלב ודבש 4 ליטר,סנו מקסימה,IL,מרכך כביסה מקסימה 4,ליטרים,4.00,ליטר,false,,21.90,5.4750,false,1,50831
7290014397767,false,סנו ריצפז פרש הום 2 ליטר בניחוח כותנה-מרכז,"סנו מפעלי ברונוס בע""",IL,רצפז פרש הום 2 ליטר,ליטרים,2.00,ליטר,false,,21.90,10.9500,false,1,51052
7290014397774,false,רצפז פרש הום טבע רענן 2 ל',סנו פרש Fresh,IL,רצפז פרש הום 2 ליטר,ליטרים,2.00,ליטר,false,,21.90,10.9500,false,1,51053
7290014397781,false,סנו ריצפז פרש הום 2 ליטר בניחוח סבון,סנו פרש Fresh,IL,רצפז פרש הום 2 ליטר,ליטרים,2.00,ליטר,false,,21.90,10.9500,false,1,51054
7290014397873,false,מרכך כביסה בבישום עוצמתי ג'נטל בריז,סנו מפעלי ברונוס בעמ,IL,מרכך כביסה סנו מקסימ,ליטרים,4.00,ליטר,false,,21.90,5.4750,false,1,99002
7290014435704,false,סלמון מעושן שמיר 100 גרם,שבעת הימים - שמיר,IL,שמיר-סלמון מעושן 100,גרמים,100.00,100 גרם,false,,21.90,0.2190,true,1,57571
7290014435803,false,מטיאס הולנדי (פרובנציאל) עם בצל בשמן 180 גרם,שבעת הימים - שמיר,IL,מטיאס הולנדי עם בצל,גרמים,180.00,100 גרם,false,,18.90,0.1050,true,1,54181
7290014435810,false,נתחי הרינג כבוש עם בצל במרינת חמוץ מתוק שמיר 220 גרם,שבעת הימים - שמיר,IL,הרינג כבוש עם בצל במ,גרמים,180.00,100 גרם,false,,18.90,0.1050,true,1,54193
7290014435827,false,פילה מקרל מעושן בשמן ויטהול 180 גר,שבעת הימים - שמיר,IL,פילה מקרל מעושן בשמן,גרמים,180.00,100 גרם,false,,24.90,0.1383,true,1,54182
7290014435834,false,מקרל מעושן פרוס בשמן שמיר 180 גרם,שבעת הימים - שמיר,IL,מקרל מעושן בשמן,גרמים,180.00,100 גרם,false,,24.90,0.1383,true,1,54183
7290014435841,false,פילה הרינג עם בצל בשמן מטיאס הולנדי שמיר 200 גרם,סלטי שמיר 2006 בעמ,IL,פילה מטיאס הולנדי בש,גרמים,180.00,100 גרם,false,,18.90,0.1050,true,1,54194
7290014435872,false,סלט הרינג עם מיונז שמיר 200 גרם,שבעת הימים - שמיר,IL,סלט הרינג עם מיונז,גרמים,180.00,100 גרם,false,,18.90,0.1050,true,1,54196
7290014435889,false,סלט מטיאס עם מיונז שמיר 200 גרם,שבעת הימים - שמיר,IL,סלט מטיאס עם מיונז,גרמים,180.00,100 גרם,false,,18.90,0.1050,true,1,54197
7290014435896,false,סלט סלמון עם מיונז שמיר 180 גרם,שבעת הימים - שמיר,IL,סלט סלמון עם מיונז,גרמים,180.00,100 גרם,false,,19.90,0.1106,true,1,54198
7290014441002,false,קיש תרד ומוצרלה,,,קיש תרד ומוצרלה,יחידה,0.00,יחידה,false,,51.90,0.0000,true,1,49596
7290014441033,false,קיש פטריות ושקדים,,,קיש פטריות ושקדים,יחידה,0.00,יחידה,false,,51.90,0.0000,true,1,49599
7290014441095,false,קיש גבינות,,,קיש גבינות,יחידה,0.00,יחידה,false,,49.90,0.0000,true,1,49605
7290014441224,false,מיני קיש בטטה תרד ופ,,,מיני קיש בטטה תרד ופ,יחידה,0.00,יחידה,false,,54.90,0.0000,true,1,49611
7290014441231,false,מיני קיש פטריות בצל,,,מיני קיש פטריות בצל,יחידה,0.00,יחידה,false,,54.90,0.0000,true,1,49612
7290014451018,false,ספוג כלים אקולוגי 4 יח GF,גרין-פלאש,CA,ספוג כלים אקולוגי,יחידה,0.00,יחידה,false,,14.90,0.0000,true,1,90954
7290014451230,false,נייר אפייה טבעי 30 דפים GF,גרין פלאש,IL,נייר אפייה טבעי 30 ד,יחידה,0.00,יחידה,false,,16.90,0.0000,true,1,98721
7290014455245,false,גבינת גרנה פדנו משולש 29% 200 גרם בית יוסף,מחלבת סוציאלה מנטובה,IT,גבינת גרנה פדנו משול,גרמים,200.00,100 גרם,false,,25.90,0.1295,true,1,78489
7290014455252,false,גבינה קשה מגורדת גרנה פדנו 29% שומן,מחלבות גד שיווק 1992,IT,גבינת גרנה פדנו מגור,גרמים,100.00,100 גרם,false,,12.60,0.1260,true,1,78490
7290014455320,false,גבינה כדורי מוצרלה פרסקה גד 100ג',מחלבות גד בעמ,IL,מוצרלה פרסקה כדור -,גרמים,100.00,100 גרם,false,,9.90,0.0990,true,1,75557
7290014455627,false,יוגורט עיזים דובדבן אמרנה 125 גר,מיוצר עי קוד יצרן MK,IL,יוגורט עיזים עם דבדב,גרמים,125.00,100 גרם,false,,6.00,0.0480,true,1,83044
7290014459137,false,"תפוגן סטייק צ'יפס 1.5 ק""ג אסם","תעשיות תפוגן בע""\מ",IL,סטייק צ'יפס 1.5 קג,קילוגרמים,1.50,"ק""ג",false,,25.90,17.2667,true,1,52757
7290014459472,false,"צ'יפס קפוא תפוגן 2 ק""ג כשל""פ","תעשיות תפוגן בע""מ",IL,צ'יפס קלאסי תפוגן 2,קילוגרמים,2.00,"ק""ג",false,,29.90,14.9500,true,1,83834
7290014466128,false,"יין הר חרמון אינדיגו 750 מ""ל",מיוצר וממולא על ידי יקב,IL,הר חרמון אינדיגו 201,מיליליטרים,750.00,"100 מ""ל",false,,29.90,0.0399,false,1,48087
7290014466463,false,"יין הר חרמון מסקטו עברית 750 מ""ל",יקבי רמת הגולן קצרין,IL,ירדן הר חרמון מוסקטו,מיליליטרים,750.00,"100 מ""ל",false,,29.90,0.0399,false,1,52842
7290014466609,false,יין מרלו גמלא 2020 750 מל,יקבי רמת הגולן קצרין,IL,יין גמלא מרלו 2012,מיליליטרים,750.00,"100 מ""ל",false,,50.00,0.0667,true,1,82007
7290014466890,false,"יין גמלא השמורה קברנה מרלו 2020 750 מ""ל",יקבי רמת הגולן,IL,יין גמלא השמורה קברנ,מיליליטרים,750.00,"100 מ""ל",false,,49.90,0.0665,true,1,108104
7290014471412,false,"מוזלי בוטנים אגוזים ושקדים 1 ק""ג - 412 ירוק שקדיה","דין שיווק וקלייה בע""",IL,מיזלי בוטנים אגוזים,קילוגרמים,1.00,"ק""ג",false,,18.90,18.9000,true,1,51639
7290014471429,false,"מוזלי עם פירות 1 ק""ג - 429 סגול שקדיה","דין שיווק וקלייה בע""",IL,מיזלי פירות שקדיה 1,קילוגרמים,1.00,"ק""ג",false,,18.90,18.9000,true,1,51640
7290014471443,false,"גרנולה צימוקים אגוזים ושקדים1 ק""ג חדש - 443 כתום שקדיה (כתום)","דין שיווק וקלייה בע""",IL,גרנולה צימוקים ואגוז,קילוגרמים,1.00,"ק""ג",false,,19.90,19.9000,true,1,52740
7290014472990,false,ממרח 100% שקדים שקדיה 300 גרם,ג'\י אנד ג'\י פקאנס בעמ,IL,ממרח שקדים 100%,גרמים,300.00,100 גרם,false,,27.90,0.0930,true,1,55017
7290014503144,false,יין כנען לבן דלתון 750 מל,"יקב דלתון בע""\מ",IL,יין יבולים דלתון לבן,מיליליטרים,750.00,"100 מ""ל",false,,37.50,0.0500,true,1,84873
7290014503328,false,"יין עלמה סקארלט 750 מ""ל דלתון","יקב דלתון בע""מ",IL,יין דלתון עלמה אדום,מיליליטרים,750.00,"100 מ""ל",false,,79.90,0.1065,true,1,56682
7290014525023,false,חטיף בריאות יוגורט במילוי פירות יער 182ג,סלים דליס Slim Delis,ES,חטיף בריאות במילוי,יחידה,0.00,יחידה,false,,10.90,0.0000,true,1,46444
7290014525290,false,חטיפי סלים דליס קריספי תות מרבה 125 גרם,סלים דליס Slim Delis,NL,מרבה סלים דליס קריספ,גרמים,125.00,100 גרם,false,,10.90,0.0872,true,1,80498
7290014525306,false,חטיפי סלים דליס קריספי אוכמניות מרבה 125 גרם,סלים דליס Slim Delis,NL,מרבה סלים דליס קריספ,גרמים,125.00,100 גרם,false,,10.90,0.0872,true,1,80499
7290014525313,false,חטיפי סלים דליס קריספי שוקולד מרבה 125 גרם,סלים דליס Slim Delis,NL,סלים דליס קריספי שוק,גרמים,125.00,100 גרם,false,,10.90,0.0872,true,1,81021
7290014525665,false,מרבה על חלל עוגיות קקאו וסוכריות שוק חלב 140 יח',"מרבה בע""\מ",NL,מרבה על חלל עוגיות ק,גרמים,140.00,100 גרם,false,,9.90,0.0707,true,1,106978
7290014525672,false,מרבה על חלל עוגיות קקאו וסוכריות שוקולד חלב 140 גרם,"מרבה בע""\מ",NL,מרבה על חלל עוגיות ע,גרמים,140.00,100 גרם,false,,9.90,0.0707,true,1,106979
7290014547322,false,סנסודין זוג מברשות שיניים שיקום כחול+תכל,סנסודיין,CN,זוג מברשות סנסודיין,יחידה,0.00,יחידה,false,,27.90,0.0000,true,1,93928
7290014547353,false,סנסודין זוג מברשות שיניים דואלקר ירוק+יר,"L Co., Industrial Shummi",CN,זוג מברשות שיניים סנ,יחידה,0.00,יחידה,false,,17.90,0.0000,true,1,93929
7290014562462,false,"תרכיז תפוחים 100% טבעי בי & די 650 מ""ל",,IL,"תרכיז תפוחים 650 מ""ל",מיליליטרים,650.00,"100 מ""ל",false,,24.90,0.0383,true,1,82149
7290014562691,false,פריכיות תירס מרובעות דקות 130 גרם,בטר אנד דיפרנט,IL,פריכיות תירס מרובעות,גרמים,130.00,100 גרם,false,,6.90,0.0531,true,1,101137
7290014562783,false,תרכיז רימונים ללא סו,בטר & דיפרנט,IL,תרכיז רימונים ללא סו,מיליליטרים,250.00,"100 מ""ל",false,,29.90,0.1196,true,1,100045
7290014603028,false,שלגון סולרו שרבט תות-חלבי,"מיוצר ע""י גלידת שטרא",IL,שלגון סולרו וניל ותו,גרמים,76.00,100 גרם,false,,8.90,0.1171,true,1,48531
7290014648081,false,סכיני גילוח חד פעמי לה בלה עשירייה,נינגבי הווארד,CN,סכיני גילוח לה בלה ע,יחידה,0.00,יחידה,false,,9.90,0.0000,true,1,76156
7290014648142,false,אלכוהול LA BELLE 70% מל 100,,,אלכוהול 70%,מיליליטרים,100.00,"100 מ""ל",false,,7.50,0.0750,true,1,90892
7290014648692,false,צמר גפן כדורים 72 יח אריזה פסגור,,,צמר גפן כדורים אריזת,יחידה,0.00,יחידה,false,,7.50,0.0000,true,1,145560
7290014648906,false,מסיר לק מהציפורניים,אקטיב,IL,מסיר לק מהציפורניים,מיליליטרים,100.00,"100 מ""ל",false,,4.90,0.0490,true,1,93790
7290014649033,false,שלישיית ספוגי רחצה ע,,IL,שלישיית ספוגי רחצה ע,יחידה,0.00,יחידה,false,,9.90,0.0000,true,1,97477
7290014673359,false,מלח לימון תבליני מימון 400 גרם,א.ל ייצור ושיווק תבל,IL,מלח לימון 400 גרם,גרמים,400.00,100 גרם,false,,25.90,0.0647,true,1,106634
7290014673557,false,זעפרן אמיתי 0.5 גרם,א.ל ייצור ושיווק תבל,IL,זעפרן 0.5 גרם,גרמים,0.50,100 גרם,false,,21.90,43.8000,true,1,106641
7290014674004,false,קריספ פירורי לחם שומשום ומלח ים 300 גרם מיימונס,א.ל ייצור ושיווק תבל,IL,קריספ פירורי לחם שומ,גרמים,300.00,100 גרם,false,,7.50,0.0250,true,1,144282
7290014692299,false,גבינת ברי EURO CHEESE ויליפוד 125 גרם,יורו צ'יז Euro Cheese,DK,CASTELLO-גבינת ברי,גרמים,125.00,100 גרם,false,,20.00,0.1600,true,1,51164
7290014692305,false,גבינת קממבר EURO CHEESE ויליפוד 125 גרם,הנסיך- מפעל לייצור ט,DK,CASTELLO-גבינת קממבר,גרמים,125.00,100 גרם,false,,20.00,0.1600,true,1,51162
7290014692541,false,צהובה מגורדת גולדן 500 גרם ויליפוד,ג.וילי פוד אינטרנשיו,IL,גבינת אמה מגורדת 500,גרמים,500.00,100 גרם,false,,14.90,0.0298,true,1,49748
7290014692565,false,גרעיני תירס מתוק וילי פוד 320 גרם,אקו קונסרויפרי קי.אפ,HU,גרעיני תירס מתוק,גרמים,285.00,100 גרם,false,,5.20,0.0182,false,1,50430
7290014692749,false,"שמן זית כתית מעולה ויליפוד 750 מ""ל",אסטיאס בורגס,ES,שמן זית כתית מעולה ו,מיליליטרים,750.00,"100 מ""ל",false,,29.90,0.0399,true,1,51242
7290014692817,false,גבינת מוצרלה מגורדתEURO CHEESE ויליפוד 200 גרם,הנסיך- מפעל לייצור ט,IL,מוצרלה מגורדת 200 גר,גרמים,200.00,100 גרם,false,,14.50,0.0725,true,1,57440
7290014749245,false,ספיישל רצועות שניצל שומשום עוף טוב 600 גרם,מוצרי עוף טוב (2001) בע\,IL,עוף טוב צונגו רצועות,גרמים,600.00,100 גרם,false,,34.90,0.0582,true,1,99504
7290014749764,false,עוף טוב שניצל עוף ביתי עדין כזה 700 גרם,מוצרי עוף טוב (2001) בע\,IL,עוף טוב שניצל עוף בי,גרמים,700.00,100 גרם,false,,41.90,0.0599,true,1,101126
7290014749863,false,שניצל דק ענק קריספי צ'יפס עוף טוב 720 גרם,מוצרי עוף טוב (2001) בע\,IL,עוף טוב שניצל דק ענק,גרמים,720.00,100 גרם,false,,37.90,0.0526,true,1,107099
7290014749887,false,שניצל דק ענק קריספי קלאסי עוף טוב 720 גרם,מוצרי עוף טוב (2001) בע\,IL,עוף טוב שניצל דק ענק,גרמים,720.00,100 גרם,false,,37.90,0.0526,true,1,107208
7290014758100,false,מאגדת יוגורט ביו 3% שומן 8 יח' *150ג' תנובה,מיוצר עי קונדיטוריית,IL,מאגדת יוגורט ביו 3%,גרמים,1200.00,100 גרם,false,,16.50,0.0138,true,1,48912
7290014758117,false,מאגדת יוגורט ביו 1.5% שומן 8 יח' *150 ג' תנובה,מיוצר עי קונדיטוריית,IL,מאגדת יוגורט ביו שמי,גרמים,1200.00,100 גרם,false,,16.50,0.0138,true,1,48913
7290014758162,false,חלב עיזים מלא 3.6% קרטון 1 ל' תנובה,תנובה מרכז שיתופי לש,IL,חלב עיזים מלא 3.6%,ליטרים,1.00,ליטר,false,,16.00,16.0000,true,1,50817
7290014758681,false,קוטג תנובה 1% גביע 250 גרם,מיוצר עי קונדיטוריית,IL,קוט'ג 1% תנובה,גרמים,250.00,100 גרם,false,,5.50,0.0220,false,1,49190
7290014759084,false,גבינת שמנת נפוליאון 16% מופחת שומן תנובה 225 גרם,תנובה מרכז שיתופי לש,IL,נפוליאון טבעי 16%,גרמים,225.00,100 גרם,false,,13.90,0.0618,false,1,52803
7290014759534,false,גבינה בולגרית למריחה טבעי 5% 200 ג' פיראוס,"תנובה, מחלבת תל יוסף",IL,בולגרית למריחה טבעי,גרמים,200.00,100 גרם,false,,14.90,0.0745,true,1,53722
7290014759909,false,פטה עיזים 5% פיראוס גביע 250 גרם,"תנובה, מחלבת טנא נוג",IL,פטה עיזים 5%,גרמים,250.00,100 גרם,false,,29.50,0.1180,false,1,54593
7290014759978,false,גבינת קצקבל גלעד 27% תנובה 200 גרם,תנובה חלב,IL,גבינת גלעד קשקבל,גרמים,200.00,100 גרם,false,,26.90,0.1345,false,1,53555
7290014759985,false,גבינת פרמזן גבע 23% תנובה 200 גרם,תנובה חלב,IL,גבינת פרמזן 200 גר,גרמים,200.00,100 גרם,false,,24.90,0.1245,false,1,53556
7290014759992,false,גבינת רוקפור גליל פלח 140 ג' תנובה,"תנובה, מחלבת תל יוסף",IL,גבינת רוקפור 140 גר,גרמים,140.00,100 גרם,false,,19.90,0.1421,true,1,53557
7290014760134,false,"מעדן סויה בטעם וניל תנובה 125 מ""ל",תנובה Alternative,IL,מעדן סויה וניל 1.5%,גרמים,125.00,100 גרם,false,,4.10,0.0328,true,1,90465
7290014760141,false,משקה שקדים תנובה E אלטרנטיב,תנובה Alternative,IL,משקה שקדים טרי 1 ליט,ליטרים,1.00,ליטר,false,,12.60,12.6000,true,1,76493
7290014760448,false,גבינה צהובה גלבוע 400 גרם 22% שומן תנובה,מחלבת בית יצחק,IL,גלבוע 400 גר 22%,גרמים,400.00,100 גרם,false,,24.50,0.0613,false,1,55902
7290014760912,false,פרוסות גבינה 28% שומן 400 ג' גוש חלב,תנובה מרכז שיתופי לש,IL,גוש חלב מהדרין 400 ג,גרמים,400.00,100 גרם,false,,25.90,0.0647,false,1,55903
7290014761056,false,מעדן שוקולד חלב יולו תנובה 123 גרם,מיוצר עי קונדיטוריית,IL,מעדן שוקולד חלב YOLO,גרמים,123.00,100 גרם,false,,4.60,0.0374,false,1,58254
7290014761063,false,מעדן שוקולד מריר יולו תנובה 123 גרם,מיוצר עי קונדיטוריית,IL,מעדן שוקולד מריר YOL,גרמים,123.00,100 גרם,false,,4.60,0.0374,false,1,58255
7290014761070,false,מעדן שוקולד לבן יולו תנובה 123 גרם,מיוצר עי קונדיטוריית,IL,מעדן שוקולד לבן מעול,גרמים,123.00,100 גרם,false,,4.60,0.0374,false,1,58256
7290014761193,false,יוגורט עם פירות יער 1.5% שומן 125 ג' פרילי,תנובה מרכז שיתופי לש,IL,פרילי פירות יער 125,גרמים,125.00,100 גרם,false,,3.60,0.0288,true,1,58698
7290014761414,false,יולו מעדן שכבות שוקולד חלב ולבן 123 גר,מיוצר עי קונדיטוריית,IL,מעדן שכבות שןקולד חל,גרמים,123.00,100 גרם,false,,4.60,0.0374,true,1,58259
7290014761438,false,פיראוס בולגרית קלאסית 24% סמי מעדניה 400,תנובה מרכז שיתופי לש,IL,בולגרית 24% תנובה -,גרמים,400.00,100 גרם,false,,27.90,0.0697,true,1,58032
7290014761612,false,מעדן שכבות שוקולד מריר ולבן יולו 122 גרם,מיוצר עי קונדיטוריית,IL,יולו שכבות שוקולד מר,גרמים,120.00,100 גרם,false,,4.60,0.0383,false,1,76182
7290014762756,false,גבינת שמנת נפוליאון 16% עם בצל תנובה 225 גרם,תנובה חלב,IL,נפוליאון בצל 16%,גרמים,225.00,100 גרם,false,,13.90,0.0618,false,1,79283
7290014762800,false,מעדן סויה שוקולד גביע 125 גרם אלטרנטיב,תנובה מרכז שיתופי לש,IL,גביע מעדן סויה בטעם,גרמים,125.00,100 גרם,false,,4.10,0.0328,true,1,87942
7290014762831,false,גבינת שמנת נפוליאון 16% עם פלפל חלפיניו תנובה 225 גרם,תנובה מרכז שיתופי לש,IL,נפוליאון חלפיניו,גרמים,225.00,100 גרם,false,,13.90,0.0618,false,1,80620
7290014762848,false,גבינה צהובה מגורדת 22% שומן 500 ג' פתיתי גלבוע,גלבוע - תנובה,IL,פתיתי גלבוע 500 גר,גרמים,500.00,100 גרם,false,,32.90,0.0658,false,1,89758
7290014762909,false,פתיתי מוצרלה השף הלבן 10% תוספת מתנה,"תנובה, מחלבת תל יוסף",IL,פתיתי מוצרלה,גרמים,200.00,100 גרם,false,,17.90,0.0895,false,1,80569
7290014763098,false,קרם גבינת שמנת 5% עם פלפל שום ובצל 200 ג' תנובה,תנובה,IL,קרם גבינת שמנת בניחו,גרמים,200.00,100 גרם,false,,11.90,0.0595,true,1,80545
7290014763272,false,יוגורט סויה BIO לשתייה תות ובננה אלטרנטיב,תות תעשיות מזון (201,IL,משקה סויה ביו עם תות,מיליליטרים,250.00,"100 מ""ל",false,,5.80,0.0232,true,1,81909
7290014763395,false,גבינה צהובה עמק פרוס 28% 600 גרם מהדרין,תנובה מרכז שיתופי לש,IL,עמק סמי 600 גר,גרמים,600.00,100 גרם,false,,32.90,0.0548,false,1,84055
7290014763418,false,"כד יוגרט תנובה 4% שומן 1.5 ליטר, מהדרין",תנובה מרכז שיתופי לש,IL,יוגורט 1.5 ליטר תנו,ליטרים,1.50,ליטר,false,,17.50,11.6667,true,1,82774
7290014785007,false,"טפיוקה גרגרים קטנים ""אסיה""",טעמי אסיה Taste of Asia,,פניני טפיוקה קטן,גרמים,400.00,100 גרם,false,,8.90,0.0223,true,1,49704
7290014785014,false,גרגרי טפיוקה גדולים.,טעמי אסיה Taste of Asia,,פניני טפיוקה גדול,גרמים,400.00,100 גרם,false,,8.90,0.0223,true,1,52758
7290014785052,false,"רוטב פטריות צמחוני 500 מ""ל",טעמי אסיה Taste of Asia,TH,רוטב פטריות צמחוני ל,מיליליטרים,500.00,"100 מ""ל",false,,11.90,0.0238,true,1,57679
7290014785069,false,רוטב מירין מתוק לבישול,טעמי אסיה Taste of Asia,CN,"חומץ מירין 250 מ""ל",מיליליטרים,250.00,"100 מ""ל",false,,11.90,0.0476,true,1,57014
7290014785076,false,"קרם קוקוס ללא תוספות חומר משמר 400 מ""ל",טעמי אסיה Taste of Asia,TH,קרם קוקוס ללא חומר מ,מיליליטרים,400.00,"100 מ""ל",false,,8.90,0.0223,true,1,53773
7290014785113,false,"רוטב טריאקי גדול 500 מ""ל",טעמי אסיה Taste of Asia,TH,"רוטב טריאקי 500 מ""ל",מיליליטרים,500.00,"100 מ""ל",false,,11.90,0.0238,true,1,83619
7290014785175,false,שיראטקי אטריות קונג'אק עבות,ננטונג דינגבורג סיוי,CN,שירטאקה - אטריות עבו,גרמים,200.00,100 גרם,false,,9.90,0.0495,true,1,56811
7290014785441,false,אטריות ביצים מקצועי 450 גרם,,,אטריות ביצים מקצועי,גרמים,450.00,100 גרם,false,,7.90,0.0176,true,1,87822
7290014785458,false,למון גראס ולימונית מ,,,למון גראס מיובש,גרמים,50.00,100 גרם,false,,8.90,0.1780,true,1,143982
7290014785465,false,שורש גלנגל מיובש 100,,,שורש גלנגל מיובש,גרמים,100.00,100 גרם,false,,11.90,0.1190,true,1,143983
7290014785472,false,עלי קפיר ליים מיובשי,,,עלי קפיר ליים מיובשי,גרמים,10.00,100 גרם,false,,5.90,0.5900,true,1,143979
7290014785588,false,אטריות ראמן מוכנות 180 ג',קינגדאן פרימה פודס ק,CN,אטריות מוכנות ראמן,גרמים,180.00,100 גרם,false,,2.90,0.0161,true,1,96870
7290014785915,false,ממרח קארי מאסאמן 400,,,ממרח קארי מאסאמן,גרמים,400.00,100 גרם,false,,18.90,0.0472,true,1,104817
7290014785922,false,מחית טום יאם 400 גר',,,מחית טום יאם 400 גר',גרמים,400.00,100 גרם,false,,18.90,0.0472,true,1,102751
7290014785991,false,"רוטב סויה ללא גלוטן 500 מ""ל",טעמי אסיה Taste of Asia,,רוטב סויה ללא גלוטן,מיליליטרים,500.00,"100 מ""ל",false,,12.90,0.0258,true,1,92002
7290014789913,false,עוגיות אוראו קרם בטעם וניל מארז 176 גרם,מונדלייז,UA,מארז שלישיית עוגיות,גרמים,528.00,100 גרם,false,,21.90,0.0415,true,1,52840
7290014803206,false,"חומץ יין אדום 5% 500מ""ל",COMTEMP,,חומץ יין אדום 5%,מיליליטרים,500.00,"100 מ""ל",false,,13.50,0.0270,true,1,52797
7290014803565,false,צנימים עגולים עם חיטה מלאה 300 גרם,NEWLAT,,צנימים עם חיטה מלאה,גרמים,300.00,100 גרם,false,,11.90,0.0397,true,1,57399
7290014803732,false,ניוקי קטנים מתפוח אד,,,ניוקי מתפוחי אדמה 50,גרמים,500.00,100 גרם,false,,8.90,0.0178,true,1,97991
7290014855434,false,מגבונים בייביסיטר פרפורמנס מבושם רביעיה,בייביסיטר Babysitter,IL,מגבונים בייביסיטר רב,יחידה,0.00,יחידה,false,,14.90,0.0000,true,1,77617
7290014855458,false,מגבוני בייביסיטר פרפורמנס ללא בישום מארז 72X4יח',בייביסיטר Babysitter,IL,מגבונים בייביסיטר רב,יחידה,0.00,יחידה,false,,14.90,0.0000,true,1,77618
7290014860070,false,"מקלוני אורז ללא גלוטן 5 מ""מ 454גר' (אור)",ניינטי נודל קו,TH,מקלוני אורז ללא גלוט,גרמים,454.00,100 גרם,false,,11.90,0.0262,true,1,52019
7290014860094,false,"מקלוני אורז ללא גלוטן 3מ""מ 454גר' (אור)",ניינטי נודל קו,TH,"איטריות אורז 3 מ""מ",גרמים,454.00,100 גרם,false,,11.90,0.0262,true,1,81535
7290014860155,false,מחצלת במבו שטוחה 24X24 ס'מ,גולין פנגזו,CN,מחצלת מקצועית שטוחה,יחידה,0.00,יחידה,false,,6.00,0.0000,true,1,92628
7290014890145,false,גבינת שמנת טבעי 225 גרם יעקובס,גבינות משק יעקבס,IL,גבינת שמנת טבעית,גרמים,225.00,100 גרם,false,,12.90,0.0573,true,1,88145
7290014890152,false,גבינת שמנת זיתים 225 גרם יעקובס,גבינות משק יעקבס,IL,גבינת שמנת זיתים 225,גרמים,225.00,100 גרם,false,,12.90,0.0573,true,1,88696
7290014890169,false,גבינת שמנת שום שמיר 225 גרם יעקובס,גבינות משק יעקבס,IL,גבינת שמנת שום שמיר,גרמים,225.00,100 גרם,false,,12.90,0.0573,true,1,88697
7290014890176,false,ריקוטה סגנון איטלק5% 250,מחלבת משק יעקובס,IL,ריקוטה 250 גר' יעקבס,גרמים,250.00,100 גרם,false,,11.90,0.0476,false,1,97500
7290014890190,false,גבינת מוצרלה כדור 100 גר,מחלבת משק יעקובס,IL,מוצרלה כדור יעקבס 10,גרמים,100.00,100 גרם,false,,10.00,0.1000,false,1,98334
7290014890206,false,קרם פרש 250גרם יעקוב,מחלבת משק יעקובס,IL,קרם פרש 250 גר' יעקב,גרמים,250.00,100 גרם,false,,13.90,0.0556,true,1,96575
7290014890237,false,גבינת קממברט יעקבס 125 גרם,גבינות משק יעקבס,IL,קממברט 125 גר',גרמים,125.00,100 גרם,false,,17.90,0.1432,true,1,85920
7290014890572,false,"יוגורט עיזים משק יעקבס 850 מ""ל",גבינות משק יעקבס,IL,יוגורט עיזים יעקבס,מיליליטרים,850.00,"100 מ""ל",false,,22.90,0.0269,false,1,143113
7290014890589,false,"יוגורט יווני משק יעקבס 850 מ""ל",גבינות משק יעקבס,IL,יוגורט יווני יעקבס,מיליליטרים,850.00,"100 מ""ל",false,,19.90,0.0234,false,1,143114
7290014890596,false,ברי עיזים בייבי משק יעקבס 125 גרם,גבינות משק יעקבס,IL,ברי עיזים בייבי יעקב,גרמים,125.00,100 גרם,false,,21.00,0.1680,true,1,143109
7290014890602,false,קממבר בקר אגוזים משק יעקבס 125 גרם,גבינות יעקבס,IL,קממבר בקר אגוזים יע,גרמים,125.00,100 גרם,false,,17.90,0.1432,false,1,143110
7290014901247,false,"שמפו קרטין לאחר החלקה ועיצוב בחום סטייל 750 מ""ל",א.ל. ארמן ייצור תמרו,IL,סטייל שמפו קרטין לאח,מיליליטרים,750.00,"100 מ""ל",false,,26.90,0.0359,true,1,55389
7290014901254,false,"מרכך קרטין לאחר החלקה ועיצוב בחום סטייל 750 מ""ל",א.ל ארמן ייצור תמרוק,IL,סטייל מרכך קרטין לאח,מיליליטרים,750.00,"100 מ""ל",false,,26.90,0.0359,true,1,55390
7290014901261,false,"מסכה קרטין לאחר החלקה ועיצוב בחום סטייל 500 מ""ל",א.ל ארמן ייצור תמרוק,IL,סטייל מסכת קרטין לאח,מיליליטרים,500.00,"100 מ""ל",false,,34.90,0.0698,true,1,55391
7290014901308,false,"סנסודיין משחת שיניים להגנה מלאה 75 מ""ל - סדרת פרמיום","סמית קליין ביצ'ם בע""",GB,סנסודיין הגנה מלאה,מיליליטרים,75.00,"100 מ""ל",false,,24.90,0.3320,true,1,56962
7290014901315,false,סנסודיין משחה הגנה מלאה אקסטרה פרש 75 מל,"סמית קליין ביצ'ם בע""",GB,סנסודיין הגנה מלאה פ,מיליליטרים,75.00,"100 מ""ל",false,,24.90,0.3320,true,1,56963
7290014901605,false,אקווה פרש מברשת שיניים ג'ניור,גלקסוסמיתקליין,IL,אקווה פרש מברשת שיני,יחידה,0.00,יחידה,false,,15.90,0.0000,true,1,98264
7290014901896,false,מי פה לשיניים רגישות Cool Mint,גלקסוסמיתקליין,GB,סנסודיין מי פה 500 מ,מיליליטרים,500.00,"100 מ""ל",false,,24.90,0.0498,true,1,78143
7290014905160,false,"הפי מטהר אוויר פניני ריח בניחוחות, 130 גרם",יוליניבר,IT,פטריה ריח XL,יחידה,0.00,יחידה,false,,9.90,0.0000,true,1,53221
7290014905207,false,"הג'ל הכחול לניקוי האסלה יעקבי 750 מ""ל",איי פי אס,IL,"W.C אסלות 750 מ""ל",מיליליטרים,750.00,"100 מ""ל",false,,9.90,0.0132,true,1,53170
7290014905344,false,"הפי תרסיס קצף לניקוי שטיחים יעקביי 623 מ""ל",שרווין ויליאמס,US,הפי קצף לשטיחים,מיליליטרים,623.00,"100 מ""ל",false,,19.90,0.0319,true,1,54134
7290014905498,false,הפי מטליות דו צדדיות בגליל 20 מטליות,ג'נרל מילס סאן אדריא,TR,הפי גם וגם מטלית דו,יחידה,0.00,יחידה,false,,12.90,0.0000,true,1,55448
7290014905689,false,"נוזל כלים הפי מרוכז 24% תפוח 750 מ""ל",יעקובי הפי,IL,"הפי כלים 750 מ""ל ירו",מיליליטרים,750.00,"100 מ""ל",false,,7.90,0.0105,true,1,57526
7290014905696,false,"נוזל כלים הפי מרוכז 24% לימון 750 מ""ל",יעקובי הפי,IL,"הפי כלים 750 מ""ל צהו",מיליליטרים,750.00,"100 מ""ל",false,,7.90,0.0105,true,1,57527
7290014905719,false,הפי לימונית למדיח כלים - מנטרל ריחות רעים,יעקבי - הפי Hepi,IT,הפי לימונית למדיח,יחידה,0.00,יחידה,false,,13.90,0.0000,true,1,58127
7290014910386,false,"קורנישונים במלח 690 גרם ""לינה""",יוניקורן פיקלס,IN,קורנישון במלח 690 גר,גרמים,690.00,100 גרם,false,,9.90,0.0143,true,1,87277
7290014910461,false,"ערק יודה 700 מ""ל כשל",בני בהיג'\ קעואר לתעשייה,IL,ערק יודה,מיליליטרים,700.00,"100 מ""ל",false,,59.90,0.0856,true,1,94066
7290014910515,false,שימורי דגים שפרוטים מעושנים בשמן צמחי 250 גרם,סיא אונדה,LV,שימורי דגים שפרוטים,גרמים,250.00,100 גרם,false,,11.90,0.0476,true,1,88848
7290014940901,false,לחם פשוט מלא אנג'ל 750 גרם,מאפיית שלמה א. אנג'\ל בע,IL,לחם פשוט מלא אנג'ל,מיליליטרים,750.00,"100 מ""ל",false,,13.90,0.0185,true,1,75757
7290014947023,false,פריכיות כוסמת ללא מל,זן - בר,IL,פירכיות כוסמין ללא מ,גרמים,115.00,100 גרם,false,,9.90,0.0861,true,1,93081
7290014947047,false,פריכיות כוסמת עם מלח 175 גרם,זן בר המכללה לטבעונו,IL,זן-בר- פריכיות כוסמת,גרמים,160.00,100 גרם,false,,9.90,0.0619,true,1,76222
7290014949751,false,אוטן ג'וניור ג'ל דוחה יתושים לילדים,ג'נרל מילס סאן אדריא,NL,אוטן פמלי קייר ג'ל ד,יחידה,0.00,יחידה,false,,19.90,0.0000,true,1,54407
7290014974562,false,גביעי גלידה רגיל טילון עלמה גילרו 24 יח',"א.ג גילרו בע""מ",IL,גביעים לגלידה גילרו,גרמים,120.00,100 גרם,false,,6.90,0.0575,true,1,86794
7290014974654,false,גילרו בצק סוכר שחור,,,גילרו בצק סוכר שחור,גרמים,150.00,100 גרם,false,,5.90,0.0393,true,1,92018
7290014974685,false,בצק סוכר ירוק זוהר 1,גילרו,,בצק סוכר ירוק 150 גר,גרמים,150.00,100 גרם,false,,5.90,0.0393,true,1,92551
7290014974715,false,גילרו בצק סוכר ורוד,גילרו,,גילרו בצק סוכר ורוד,גרמים,150.00,100 גרם,false,,5.90,0.0393,true,1,92019
7290015005555,false,"צ'יפס אמריקאי 2 ק""ג פרי הגליל","פרי הגליל בע""""מ",IL,"צ'יפס אמריקאי 2 ק""ג",קילוגרמים,2.00,"ק""ג",false,,21.90,10.9500,true,1,57516
7290015025478,false,פנג'ל ק.פנים עור יבש130מ,אינטרקוסמא,IL,קרם פנים לעור יבש 13,מיליליטרים,130.00,"100 מ""ל",false,,32.90,0.2531,true,1,56666
7290015025942,false,"קרם ידיים קלאסי עם שמן שקדים פנג'ל 80 מ""ל",מיוצר עי קונדיטוריית,IL,פנג'ל קרם ידיים עם ש,מיליליטרים,80.00,"100 מ""ל",false,,8.00,0.1000,true,1,78440
7290015039246,false,נתחי טונה בשמן צמחי רביעיה * 160 ג' וילי פוד,וילי פוד,TH,רביעיה טונה ויליפוד,גרמים,640.00,100 גרם,false,,19.90,0.0311,false,1,56512
7290015039253,false,עלי גפן במי מלח ויליפוד 620 גרם,קוראהן פזלרמה וי דיס,TR,עלי גפן במי מלח,גרמים,620.00,100 גרם,false,,10.90,0.0176,true,1,55812
7290015039338,false,נתחי טונה במי מלח רביעיה * 160 ג' וילי פוד,וילי פוד,TH,רביעיה טונה במים ויל,גרמים,640.00,100 גרם,false,,19.90,0.0311,false,1,56518
7290015127684,false,"שמן זית כתית מעולה אורגני 250 מ""ל",General,IL,שמן זית בפח נאות סמד,מיליליטרים,250.00,"100 מ""ל",false,,23.90,0.0956,true,1,105480
7290015129121,false,אטריות קונג'אק בתוספת טפיוקה בצורת נודלס,הוויזאי וואנגייה פוד,CN,סקיני פסטה נודלס,גרמים,270.00,100 גרם,false,,10.90,0.0404,true,1,57161
7290015129145,false,אטריות קונג'אק בתוספת טפיוקה בצורת ספגטי,הוויזאי וואנגייה פוד,CN,סקיני פסטה ספגטי,גרמים,270.00,100 גרם,false,,10.90,0.0404,true,1,57085
7290015129251,false,איטריות קונגאק ללא גלוטן 270 גרם skinny,אף.סי תבליני בגליל ב,CN,סקיני פסטה בצורת פטו,יחידה,270.00,יחידה,false,,10.90,0.0404,true,1,77160
7290015129657,false,סקיני פסטה פנה אורגנ,סקיני פסטה,CN,סקיני פסטה פנה,גרמים,270.00,100 גרם,false,,10.90,0.0404,true,1,144245
7290015129749,false,סקיני פסטה שיבולת שועל נודלס 270 גרם,הוויזאי וואנגייה,CN,אברמסון סקיני פסטה נ,גרמים,200.00,100 גרם,false,,10.90,0.0545,true,1,95027
7290015139267,false,שוקולד מריר עם שקדים ללא תוספת סוכר וסטהיים,"כרמית תעשיות ממתקים בע""\",IL,כרמית שוקולד מריר עם,גרמים,85.00,100 גרם,false,,5.90,0.0694,true,1,76866
7290015139526,false,חופשי ופל בציפוי ומילוי שוקו ללא גלוטן כרמית 125 גרם,כרמית תעשיות ממתקים,IL,חופשי ופל בציפוי ומי,גרמים,125.00,100 גרם,false,,9.90,0.0792,true,1,79001
7290015139533,false,וופל לימון ללא ציפוי 200 ג' -חופשי-ללא גלוטן,"כרמית תעשיות ממתקים בע""\",IL,חופשי ופל לימון כרמי,גרמים,200.00,100 גרם,false,,9.90,0.0495,true,1,78768
7290015139571,false,חופשי ופל בארים בציפוי שוקולד 25 גר,"כרמית תעשיות ממתקים בע""\",IL,חופשי ופל מצופה ללא,גרמים,125.00,100 גרם,false,,9.90,0.0792,true,1,78772
7290015150088,false,מחית עגבניות קלה גרנד איטליה 700 גרם,שוורצקוף& הנקל דיסלד,IT,מיץ עגבניות 700 גרם,גרמים,700.00,100 גרם,false,,12.90,0.0184,true,1,75294
7290015150361,false,תה ירוק נענע סטיביה ויסוצקי 25 יחידות,ויסוצקי ירוק,IL,תה ירוק נענע סטיביה,גרמים,37.50,100 גרם,false,,24.90,0.6640,false,1,75732
7290015150583,false,תה ירוק לימון ודבש 25 שקיקים 1.5 גרם,ויסוצקי ירוק,IL,תה ירוק לימון ודבש ו,מיליליטרים,37.50,"100 מ""ל",false,,24.90,0.6640,false,1,77731
7290015150590,false,תה ירוק ג'ינג'ר חריף ויסוצקי 25 יחידות,ויסוצקי ירוק,IL,תה ירוק ג'ינג'ר חריף,גרמים,37.50,100 גרם,false,,24.90,0.6640,false,1,77732
7290015150903,false,תה ירוק קינמון ודבש ויסוצקי 25 יחידות,ויסוצקי ירוק,IL,תה ירוק קינמון ודבש,יחידה,0.00,יחידה,false,,24.90,0.0000,false,1,82624
7290015155021,false,פרמיו חטיף דנטלי לכלב ננסי 110גרם,רונדו,DE,פרמיו לכלב דנטל מיני,גרמים,110.00,100 גרם,false,,10.00,0.0909,true,1,89977
7290015155243,false,פרמיו חטיף כריות לתמיכה באנטי -היירבול לחתול 60ג',פרמיו Premio,AT,פרמיו כריות אנטי היי,גרמים,60.00,100 גרם,false,,10.00,0.1667,true,1,144760
7290015155274,false,פרמיו כריות ביוטי לחתול 60ג,פרמיו Premio,AT,כריות עור ופרווה פרמ,גרמים,60.00,100 גרם,false,,10.00,0.1667,true,1,145470
7290015155410,false,פרמיו חטיף כריות דנטל עם עוף 60ג',פרמיו Premio,AT,פרמיו כריות דנטל עוף,גרמים,60.00,100 גרם,false,,10.00,0.1667,true,1,144764
7290015155434,false,פרמיו סלמון ופורל 15 ג',,AU,פרמיו סלומון ופורל 1,גרמים,15.00,100 גרם,false,,7.00,0.4667,true,1,144763
7290015155892,false,חטיף אורז אפוי לתינוקות בננה חטיפטף 28גר,נאמצואו,TH,חטיפטף בטעם בננה 28,גרמים,28.00,100 גרם,false,,8.50,0.3036,true,1,106203
7290015156813,false,פאוץ' מחית פירות מעורבים פרינוק 120 גרם,פרוטה פודווין איי.אס,CZ,מחית פירות מעורבים פ,גרמים,120.00,100 גרם,false,,5.90,0.0492,true,1,92632
7290015161138,false,אבקת מרק טבעוני בטעם,,,אבקת מרק טבעוני בטעם,גרמים,200.00,100 גרם,false,,27.90,0.1395,true,1,104943
7290015161176,false,"שמן קוקוס אורגני לא מזוכך 330 מ""ל",נוטרה זן NutraZen,,שמן קוקוס אורגני,100 מל,330.00,100 מל,false,,19.90,0.0603,true,1,104404
7290015161244,false,"קרם קוקוס 17% אורגני ללא גלוטן 400 מ""ל נוטרה זן","אינסטנטה בע""מ",LK,קרם קוקוס אורגני 17%,מיליליטרים,400.00,"100 מ""ל",false,,9.90,0.0248,true,1,104901
7290015161336,false,"רוטב סויה תמרי אורגני ללא גלוטן 250 מ""ל",חברת גואנגזהו סיטי ר,CN,רוטב סויה תמרי אורגנ,מיליליטרים,250.00,"100 מ""ל",false,,20.90,0.0836,true,1,104406
7290015161350,false,אבקת מרק ירקות אורגני 200 גרם,ויטאם הפה פרודקט,DE,אבקת מרק ירקות אורגנ,גרמים,200.00,100 גרם,false,,23.90,0.1195,true,1,104386
7290015161367,false,אבקת מרק ירקות אורגני טבעוני דל שומן,נוטרה זן NutraZen,DE,אבקת מרק ירקות אורגנ,גרמים,200.00,100 גרם,false,,23.90,0.1195,true,1,104396
7290015161558,false,קמח שיבולת שועל מלאה אורגני ללא גלוטן,הלינסקי מילס אל.טי.די,DK,קמח שיבולת שועל מלאה,גרמים,500.00,100 גרם,false,,26.90,0.0538,true,1,104298
7290015161589,false,פת פריכה אורגנית ללא גלוטן ירקות גינה 100 גרם,אקסטרודו בצ'\יצה,CZ,פת פריכה אורגנית ללא,גרמים,100.00,100 גרם,false,,13.90,0.1390,true,1,104899
7290015161763,false,אבקת מרק ירקות אורגני ללא שמרים 200 גרם,ויטאם הפה פרודקט,DE,אבקת מרק ירקות אורגנ,גרמים,200.00,100 גרם,false,,23.90,0.1195,true,1,104387
7290015161831,false,פת פריכה אורגנית ללא גלוטן - אמרנט 100 גרם,אקסטרודו בצ'\יצה,CZ,פת פירכית אורגנית נו,גרמים,100.00,100 גרם,false,,13.90,0.1390,true,1,104429
7290015161848,false,פת פריכה אורגנית ללא גלוטן - כוסמת וקינואה 100 גרם,אקסטרודו בצ'\יצה,CZ,פת פריכה אורגנית ללא,גרמים,100.00,100 גרם,false,,13.90,0.1390,true,1,104382
7290015161855,false,פת פריכה אורגנית עם קינואה וחרובים ללא גלוטן,אקסטרודו בצ'\יצה,CZ,פת פירכית קינואה חרו,גרמים,100.00,1000גרם,false,,13.90,0.1390,true,1,106676
7290015161862,false,פת פריכה אורגנית ללא גלוטן - ערמונים 100 גרם,אקסטרודו בצ'\יצה,CZ,פת פריכה אורגנית ללא,גרמים,100.00,100 גרם,false,,13.90,0.1390,true,1,104383
7290015161879,false,פת פריכה PRO עדשים אדומות וחומות ללא גלוטן,אקסטרודו בצ'\יצה,CZ,פת פריכה אורגנית פרו,גרמים,100.00,100 גרם,false,,13.90,0.1390,true,1,106347
7290015161923,false,קרם קוקוס 22% אורגני ללא גלוטן נוטרה זן,"אינסטנטה בע""מ",LK,קרם קוקוס אורגני נוט,יחידה,0.00,יחידה,false,,12.90,0.0000,true,1,104299
7290015161930,false,"פסטPRO קסרצ'ה פתיתים אורגניים, ללא גלוטן",נוטרה זן NutraZen,IT,פסטה פרו עדשים צהובו,גרמים,250.00,100 גרם,false,,16.90,0.0676,true,1,104368
7290015161978,false,פסטPRO עדשים אדומות חומוס ופשתן GF אורגנית 250 ג,נוטרה זן NutraZen,IT,פסטה פרו עדשים אדומו,גרמים,250.00,100 גרם,false,,16.90,0.0676,true,1,104369
7290015161992,false,"פסטPRO קסרצ'ה פתיתים אורגניים, ללא גלוטן",נוטרה זן NutraZen,IT,פסטה עדשים אדומות וד,גרמים,250.00,100 גרם,false,,16.90,0.0676,true,1,104394
7290015172011,false,דים סאם גיוזה עוף 300 גרם,דים סאם,,דים סאם גיוזה עוף,גרמים,300.00,100 גרם,false,,29.90,0.0997,true,1,78807
7290015172028,false,דים סאם גיוזה בטטה 300 גרם,דים סאם מטבח מרכזי כ,,דים סאם גיוזה בטטה,גרמים,300.00,100 גרם,false,,29.90,0.0997,true,1,78808
7290015172073,false,דים סאם גיוזה פטריות 300 גרם,דים סאם מטבח מרכזי כ,,דים סאם גיוזה פטריות,גרמים,300.00,100 גרם,false,,29.90,0.0997,true,1,78810
7290015172097,false,דים סאם גיוזה בקר 300 גרם,דים סאם מטבח מרכזי כ,IL,דים סאם גיוזה בקר,גרמים,300.00,100 גרם,false,,29.90,0.0997,true,1,78811
7290015172202,false,דים סאם -גויזה אדממה,דים סאם,,דים סאם -גויזה אדממה,גרמים,300.00,100 גרם,false,,29.90,0.0997,true,1,108437
7290015172219,false,גיוזה עוף פטריות ופקאן,דים סאם,,דים סאם -גיוזה עוף פ,גרמים,300.00,100 גרם,false,,29.90,0.0997,true,1,108902
7290015172264,false,"מארז 8 לחמניות באן כפפה ""דים דאם""",דים סאם,,לחמניות באן מאודות,גרמים,400.00,100 גרם,false,,31.90,0.0797,true,1,143123
7290015178204,false,ממרח אוליביה - עגבניות מיובשות בשמש עם לימון 180 גרם,אוליביה בעמ,IL,עגבניות מיובשות בשמש,גרמים,180.00,100 גרם,false,,12.90,0.0717,true,1,104750
7290015178273,false,רוטב מרינדה לעוף בגריל אוליביה 270 גר,אוליביה,IL,רוטב מרינדה על האש א,גרמים,320.00,100 גרם,false,,13.90,0.0434,true,1,145620
7290015282000,false,איקרא אדומה SEVEN SEAS 200 גרם,שבעת הימים - שמיר,IL,איקרה אדומה 200 גר',גרמים,200.00,100 גרם,false,,12.90,0.0645,true,1,102104
7290015282024,false,איקרא לבנה SEVEN SEAS 200 גרם,שבעת הימים - שמיר,IL,איקרה לבנה 200 גר',גרמים,200.00,100 גרם,false,,12.90,0.0645,true,1,102105
7290015282581,false,חומוס אבו גוש עם חריף שמיר 200 גרם,"סלטי שמיר 2006 בע""מ",IL,חומוס אבו גוש עם חרי,גרמים,200.00,100 גרם,false,,9.90,0.0495,true,1,142199
7290015282598,false,חומוס מסעדות גורמה שמיר 200 גרם,"סלטי שמיר 2006 בע""מ",IL,חומוס מסעדות 200 גרם,גרמים,200.00,100 גרם,false,,9.90,0.0495,true,1,142200
7290015282604,false,טחינה מיוחדת גורמה שמיר 200 גרם,"סלטי שמיר 2006 בע""מ",IL,טחינה מיוחדת 200 גרם,גרמים,200.00,100 גרם,false,,9.90,0.0495,true,1,142202
7290015282628,false,חציל בטעם כבד גורמה שמיר 200 גרם,"סלטי שמיר 2006 בע""מ",IL,חציל בטעם כבד 200 גר,גרמים,200.00,100 גרם,false,,10.90,0.0545,true,1,142210
7290015282635,false,חומוס מסבחה גורמה שמיר 200 גרם,"סלטי שמיר 2006 בע""מ",IL,חומוס מסבחה 200 גרם,גרמים,200.00,100 גרם,false,,9.90,0.0495,true,1,142201
7290015282642,false,חומוס אבו גוש גורמה שמיר 200 גרם,"סלטי שמיר 2006 בע""מ",IL,חומוס אבו גוש 200 גר,גרמים,200.00,100 גרם,false,,9.90,0.0495,true,1,142203
7290015282666,false,סלט טונה עם ירקות 200 גר,"סלטי שמיר 2006 בע""מ",IL,סלט טונה עם ירקות 20,גרמים,200.00,100 גרם,false,,16.90,0.0845,true,1,142220
7290015282673,false,חציל במיונז ביתי גורמה שמיר 200 גרם,"סלטי שמיר 2006 בע""מ",IL,חציל במיונז ביתי 200,גרמים,200.00,100 גרם,false,,9.90,0.0495,true,1,142198
7290015282697,false,כרוב אדום שמיר גורמה 200גר,"סלטי שמיר 2006 בע""מ",IL,כרוב אדום 200 גרם,גרמים,200.00,100 גרם,false,,10.90,0.0545,true,1,142217
7290015282710,false,קוביות סלק גורמה שמיר 200 גרם,"סלטי שמיר 2006 בע""מ",IL,קוביות סלק 200 גרם,גרמים,200.00,100 גרם,false,,9.90,0.0495,true,1,142204
7290015282741,false,חציל תאילנדי אסלי שמיר 200 ג',"סלטי שמיר 2006 בע""מ",IL,חציל תאילנדי 200 גרם,גרמים,200.00,100 גרם,false,,10.90,0.0545,true,1,142208
7290015282772,false,פלפל רצועות קלוי/מטוגן 200 גרם,"סלטי שמיר 2006 בע""מ",IL,פלפל רצועות קלוי / מ,גרמים,200.00,100 גרם,false,,10.90,0.0545,true,1,142209
7290015284004,false,שמפו לכל סוגי השיער ירקות ירוקים ECOLOVE,א.ל. ארמן,IL,שמפו משפחתי לכל סוגי,מיליליטרים,500.00,"100 מ""ל",false,,32.90,0.0658,true,1,56207
7290015284011,false,מרכך לכל סוגי השיער ירקות ירוקים ECOLOVE,אורגניק זון,IL,מרכך משפחתי מתיר קשר,מיליליטרים,500.00,"100 מ""ל",false,,32.90,0.0658,true,1,56208
7290015284028,false,סבון גוף ירקות ירוקים 500 מל ECOLOVE,אורגניק זון,IL,סבון גוף משפחתי,מיליליטרים,500.00,"100 מ""ל",false,,32.90,0.0658,true,1,56209
7290015284035,false,סבון ידיים ירקות ירוקים 500 מל ECOLOVE,אורגניק זון,IL,סבון ידיים,מיליליטרים,500.00,"100 מ""ל",false,,25.90,0.0518,true,1,56210
7290015284042,false,שמפו לשיער רגיל/שמן ירקות אדומים ECOLOVE,אורגניק זון,IL,שמפו לשיער רגיל ושמן,מיליליטרים,500.00,"100 מ""ל",false,,32.90,0.0658,true,1,56211
7290015284066,false,סבון גוף ירקות אדומים 500 מל ECOLOVE,אורגניק זון,IL,סבון גוף,מיליליטרים,500.00,"100 מ""ל",false,,32.90,0.0658,true,1,56213
7290015284073,false,סבון ידיים ירקות אדומים 500 מל ECOLOVE,א.ל. ארמן,IL,סבון ידיים,מיליליטרים,500.00,"100 מ""ל",false,,25.90,0.0518,true,1,56214
7290015284080,false,שמפו לשיער רגיל/יבש ירקות כתומים ECOLOVE,אורגניק זון,IL,שמפו לשיער רגיל ויבש,מיליליטרים,500.00,"100 מ""ל",false,,32.90,0.0658,true,1,56215
7290015284097,false,מרכך לשיער רגיל/יבש ירקות כתומים ECOLOVE,א.ל. ארמן,IL,מרכך לשיער רגיל ויבש,מיליליטרים,500.00,"100 מ""ל",false,,32.90,0.0658,true,1,56216
7290015284103,false,סבון גוף ירקות כתומים 500 מל ECOLOVE,אורגניק זון,IL,סבון גוף,מיליליטרים,500.00,"100 מ""ל",false,,32.90,0.0658,true,1,56217
7290015284110,false,סבון ידיים ירקות כתומים 500 מל ECOLOVE,אורגניק זון,IL,סבון ידיים,מיליליטרים,500.00,"100 מ""ל",false,,25.90,0.0518,true,1,56218
7290015284127,false,קרם לחות לשיער רגיל-יבש ירקות כתומים,ZONE ORGANYC,IL,קרם לחות ועיצוב לשיע,יחידה,0.00,יחידה,false,,42.90,0.0000,true,1,76118
7290015284134,false,מסכה לשיער רגיל-יבש ירקות כתומים ECOLOVE,א.ל. ארמן,IL,מסיכה לשיער רגיל-יבש,מיליליטרים,350.00,"100 מ""ל",false,,44.90,0.1283,true,1,75403
7290015284189,false,שמפו משפחתי ירקות ירוקים 1 ליטר,א.ל. ארמן,IL,שמפו משפחתי לכל סוגי,ליטרים,1.00,ליטר,false,,52.90,52.9000,true,1,99513
7290015284196,false,סבון גוף משפחתי ירקות ירוקים 1 ליטר,א.ל. ארמן,IL,סבון גוף משפחתי מגיל,ליטרים,1.00,ליטר,false,,52.90,52.9000,true,1,99514
7290015284202,false,ECOLOVE שמפו לשיער צבוע ויבש מאוד 500 מל,א.ל. ארמן,IL,שמפו לשיער ecolove,מיליליטרים,500.00,"100 מ""ל",false,,32.90,0.0658,true,1,79384
7290015284219,false,ECOLOVE מרכך לשיער צבוע ויבש מאוד 500 מל,א.ל. ארמן,IL,מרכך שיער ecolove,מיליליטרים,500.00,"100 מ""ל",false,,32.90,0.0658,true,1,79385
7290015284226,false,סבון גוף לעור יבש 500 מל,א.ל. ארמן,IL,סבון גוף ecolove,מיליליטרים,500.00,"100 מ""ל",false,,32.90,0.0658,true,1,79386
7290015284233,false,ECOLOVE סבון ידיים לעור יבש 500 מל,א.ל. ארמן,IL,סבון ידיים פירות סגו,מיליליטרים,500.00,"100 מ""ל",false,,25.90,0.0518,true,1,81064
7290015284240,false,ECOLOVE מסיכה לשיער צבוע ויבש מאוד 350 מ,א.ל. ארמן,IL,מסיכה לשיער צבוע ויב,מיליליטרים,350.00,"100 מ""ל",false,,36.90,0.1054,true,1,79937
7290015284264,false,סבון גוף לעור יבש ירקות סגולים 1 ליטר,א.ל. ארמן,IL,סבון גוף לעור יבש 1,ליטרים,1.00,ליטר,false,,52.90,52.9000,true,1,104824
7290015284271,false,מרכך טבעי לשיער צבוע,א.ל. ארמן,IL,מרכך טבעי לשיער צבוע,ליטרים,1.00,ליטר,false,,52.90,52.9000,true,1,104897
7290015284431,false,קרם ידיים אקולאב 100,,IL,קרם ידיים ecoLove לה,מיליליטרים,100.00,"100 מ""ל",false,,18.90,0.1890,true,1,143861
7290015284646,false,ס.גוף אקולאב 500מל ס,א.ל. ארמן,,סבון גוף ecoLove להז,מיליליטרים,500.00,"100 מ""ל",false,,32.90,0.0658,true,1,143862
7290015284653,false,סבון ידיים אקולאב 50,א.ל. ארמן,,סבון ידיים ecoLove ל,מיליליטרים,500.00,"100 מ""ל",false,,25.90,0.0518,true,1,143863
7290015284660,false,שמפו לאחר החלקה 500 מל,א.ל. ארמן,IL,שמפו לאחר החלקה ללא,מיליליטרים,500.00,"100 מ""ל",false,,36.90,0.0738,true,1,86298
7290015284677,false,מרכך שיער שעבר החלקה ללא מלח אקולאב 500מ,א.ל. ארמן,IL,מרכך לאחר החלקה ללא,מיליליטרים,500.00,"100 מ""ל",false,,36.90,0.0738,true,1,86299
7290015284684,false,מסכת שיער שעבר החלקה ללא מלח אקולאב 350מ,א.ל. ארמן,IL,מסיכת שיער לאחר החלק,מיליליטרים,350.00,"100 מ""ל",false,,49.90,0.1426,true,1,86300
7290015293259,false,קמיל בלו שיבולת שועל מוס רחצה לתינוק 450,פישר מעבדות פרמצבטיות בע,IL,קמיל בלו סנסטיב מוס,מיליליטרים,450.00,"100 מ""ל",false,,29.90,0.0664,true,1,83901
7290015306744,false,קמח חומוס 500 גרם,העידן האורגני,IL,קמח חומוס 500 גר',גרמים,500.00,100 גרם,false,,15.90,0.0318,true,1,88059
7290015306751,false,קמח עדשים אדומות 500 גרם,העידן האורגני,IL,קמח עדשים אדומות 500,גרמים,500.00,100 גרם,false,,14.90,0.0298,true,1,88002
7290015324007,false,פלפל שחור גרוס 80 גר' טעם וריח,"תבליני טעם וריח בע""מ",IL,פלפל שחור גרוס 80 גר,גרמים,80.00,100 גרם,false,,9.50,0.1188,true,1,54555
7290015324014,false,"פלפל שחור טחון בשקית 80 גרם ""טעם וריח""","תבליני טעם וריח בע""מ",IL,פלפל שחור טחון 80 גר,גרמים,80.00,100 גרם,false,,9.50,0.1188,true,1,54556
7290015324038,false,פפריקה מתוקה בשמן 100 גרם טעם וריח,"תבליני טעם וריח בע""מ",IL,פפריקה בשמן 80 גר שק,גרמים,80.00,100 גרם,false,,5.90,0.0738,true,1,54557
7290015324045,false,תבלין פפריקה חריפה 80 גר' שק',"תבליני טעם וריח בע""מ",IL,פפריקה חריפה שקית 80,גרמים,80.00,100 גרם,false,,5.90,0.0738,true,1,54558
7290015324052,false,פפריקה מתוקה 80 גר' טעם וריח,"תבליני טעם וריח בע""מ",IL,פפריקה מתוקה שקית 80,גרמים,80.00,100 גרם,false,,5.90,0.0738,true,1,54559
7290015324069,false,גריל עוף 80 גר' טעם וריח,"תבליני טעם וריח בע""מ",IL,גריל עוף שקית 80 גר,גרמים,80.00,100 גרם,false,,5.90,0.0738,true,1,54560
7290015324076,false,זעתר מעורב 80 גר' טעם וריח,"תבליני טעם וריח בע""מ",IL,זעתר שקית 80 גר,גרמים,80.00,100 גרם,false,,5.90,0.0738,true,1,54561
7290015324083,false,מלח לימון 80 גר' טעם וריח,"תבליני טעם וריח בע""מ",IL,מלח לימון שקית 80 גר,גרמים,80.00,100 גרם,false,,5.90,0.0738,true,1,54562
7290015324090,false,כמון טחון 80 גר' טעם וריח,"תבליני טעם וריח בע""מ",IL,כמון שקית 80 גר,גרמים,80.00,100 גרם,false,,5.90,0.0738,true,1,54563
7290015324106,false,כורכום טחון 80 גר' טעם וריח,"תבליני טעם וריח בע""מ",IL,כורכום שקית 80 גר,גרמים,80.00,100 גרם,false,,5.90,0.0738,true,1,54564
7290015324113,false,טעם וריח בהרט שקית 8,"תבליני טעם וריח בע""מ",IL,בהרט שקית 80 גר,גרמים,80.00,100 גרם,false,,5.90,0.0738,true,1,54565
7290015324120,false,שום גבישי 80 גר' טעם וריח,"תבליני טעם וריח בע""מ",IL,שום גבישי שקית 80 גר,גרמים,80.00,100 גרם,false,,5.90,0.0738,true,1,54566
7290015324151,false,חוואיג' למרק 80 גר' טעם וריח,"תבליני טעם וריח בע""מ",IL,חוויאג למרק 80 גר שק,גרמים,80.00,100 גרם,false,,5.90,0.0738,true,1,54567
7290015324168,false,שק 80 גרם על האש ללא מונוסטדיום,"תבליני טעם וריח בע""מ",IL,תבלין על האש שקית 80,גרמים,80.00,100 גרם,false,,5.90,0.0738,true,1,54568
7290015324175,false,תיבול לשווארמה 80 גר' טעם וריח,"תבליני טעם וריח בע""מ",IL,תבלין לשווארמה 80 גר,גרמים,80.00,100 גרם,false,,5.90,0.0738,true,1,54569
7290015324281,false,"בצל מטוגן שקית 200 גרם""טעם וריח""",תות תעשיות מזון (201,NL,בצל מטוגן שקית 200,גרמים,200.00,100 גרם,false,,9.50,0.0475,true,1,85573
7290015324427,false,סודה לשתיה טעם וריח 80 גר',"תבליני טעם וריח בע""מ",IL,סודה לשתיה שקית 80 ג,גרמים,80.00,100 גרם,false,,3.90,0.0487,true,1,88760
7290015324526,false,תערובת תיבול לפרגיות 80 גרם,"תבליני טעם וריח בע""מ",IL,תערובת תיבול לפרגיות,גרמים,80.00,100 גרם,false,,5.90,0.0738,true,1,97716
7290015324533,false,רוזמרין מכל גדול 55 גרם,"תבליני טעם וריח בע""מ",IL,רוזמרין מיכל גדול 5,גרמים,55.00,100 גרם,false,,9.50,0.1727,true,1,97717
7290015324540,false,טימין מיכל גדול 30 גרם,"תבליני טעם וריח בע""מ",IL,טימין מיכל גדול 30 ג,גרמים,30.00,100 גרם,false,,9.50,0.3167,true,1,97718
7290015324557,false,בהרט לבישול מיכל גדול 80 גרם,"תבליני טעם וריח בע""מ",IL,בהרט לבישול מיכל גדו,גרמים,80.00,100 גרם,false,,9.50,0.1188,true,1,97719
7290015324564,false,בכוסברה טחונה מיכל גדול 70 גרם,"תבליני טעם וריח בע""מ",IL,כוסברה טחונה מיכל גד,גרמים,70.00,100 גרם,false,,9.50,0.1357,true,1,97720
7290015324571,false,פפריקה מתוקה בשמן בסגנון מרוקאי 400 גרם,"תבליני טעם וריח בע""\מ",IL,פפריקה מתוקה בשמן בס,גרמים,400.00,100 גרם,false,,18.90,0.0472,true,1,99535
7290015324588,false,תבליני טעם וריח מיכל גדו,"תבליני טעם וריח בע""מ",IL,פלפל לבן טחון 100 גר,גרמים,100.00,100 גרם,false,,12.90,0.1290,true,1,106865
7290015324595,false,פלפל שחור גרוס 400 גרם,,,פלפל שחור גרוס 400 ג,גרמים,400.00,100 גרם,false,,25.90,0.0647,true,1,102100
7290015324601,false,פפריקה חריפה בשמן בסגנון מרוקאי 400 ג' טעם וריח,יוליניבר,IL,פפריקה חריפה בשמן בס,גרמים,400.00,100 גרם,false,,18.90,0.0472,true,1,103085
7290015324663,false,צ'ילי גרוס חריף אש טעם ו,"תבליני טעם וריח בע""מ",IL,צ'ילי גרוס חריף במיכ,גרמים,70.00,100 גרם,false,,9.50,0.1357,true,1,105498
7290015324670,false,מטחנת פלפל שחור שלם 50 ג' טעם וריח,קייפ הרב אנד ספייס,ZA,מטחנת פלפל שחור שלם,גרמים,50.00,100 גרם,false,,12.90,0.2580,true,1,143233
7290015324687,false,מטחנת לקט פלפל 50 ג' טעם וריח,קייפ הרב אנד ספייס,ZA,מטחנת לקט פלפל,גרמים,50.00,100 גרם,false,,12.90,0.2580,true,1,143234
7290015324694,false,מטחנת מלח ים 100 גרם,קייפ הרב אנד ספייס,ZA,מטחנת מלח ים,גרמים,100.00,100 גרם,false,,12.90,0.1290,true,1,143235
7290015324700,false,מטחנת מלח הימלאיה 100 ג' טעם וריח,קייפ הרב אנד ספייס,ZA,מטחנת מלח הימלאיה,גרמים,100.00,100 גרם,false,,12.90,0.1290,true,1,143236
7290015324717,false,"מחית שום `טעם וריח, 210 גרם",ליני קאטייאמה פודסטאפס ב,CN,מחית שום טעם וריח,גרמים,210.00,100 גרם,false,,13.90,0.0662,true,1,143237
7290015324724,false,מחית צ`ילי חריף `טעם וריח' 230 גרם,ליני קאטייאמה פודסטאפס ב,CN,מחית צ'ילי חריף טעם,גרמים,230.00,100 גרם,false,,13.90,0.0604,true,1,143238
7290015335607,false,יוגונאט טבעי 150גר' ניה,טרופיקל דגיל תעשיות,IL,יוגונאט טבעי 150 גר',גרמים,150.00,100 גרם,false,,7.40,0.0493,true,1,97996
7290015335614,false,מעדן ביו עם תות 150 גרם,טרופיקל דגיל תעשיות,IL,יוגונאט תות 150 גר',גרמים,150.00,100 גרם,false,,7.40,0.0493,true,1,97998
7290015335621,false,יוגונאט פירות יער 150גר' ניה,טרופיקל דגיל תעשיות,IL,יוגונאט פירות יער 15,גרמים,150.00,100 גרם,false,,7.40,0.0493,true,1,105426
7290015335638,false,מעד ביו דובדבן 150 גר,טרופיקל דגיל תעשיות,IL,יוגונאט דובדבן 150 ג,גרמים,150.00,100 גרם,false,,7.40,0.0493,true,1,97999
7290015340045,false,סובין שיבולת שועל 50,"העידן האורגני בע""מ",,סובין שבולת שועל,גרמים,500.00,100 גרם,false,,14.50,0.0290,true,1,55105
7290015340199,false,ארץ- רכז רימונים 250,,IL,ארץ- רכז רימונים 250,מיליליטרים,250.00,"100 מ""ל",false,,16.90,0.0676,true,1,84195
7290015340236,false,ממרח שקד ללא סוכר 30,יושלם,,ממרח שקד ללא סוכר 30,גרמים,300.00,100 גרם,false,,31.90,0.1063,true,1,57445
7290015340281,false,קמח שקדים ללא גלוטן 500 גרם,"העידן האורגני בע""מ",,קמח שקדים ללא גלוטן,גרמים,400.00,100 גרם,false,,26.90,0.0672,true,1,57684
7290015340304,false,סילאן טבעי 900 גר' ל,,IL,סילאן טבעי 900 גר' ל,גרמים,900.00,100 גרם,false,,21.90,0.0243,true,1,57955
7290015340434,false,"שמן אבוקדו 500 מ""ל",,,"שמן אבוקדו 500 מ""ל",מיליליטרים,500.00,"100 מ""ל",false,,51.90,0.1038,true,1,77730
7290015340656,false,חמאת פיסטוק 250ג'- ה,פון בק,IL,חמאת פיסטוק 250ג'- ה,גרמים,250.00,100 גרם,false,,59.90,0.2396,true,1,84572
7290015354899,false,חרדל דיז'ון מעודן 350 גרם,ריין דיז'ון reine dijon,FR,חרדל דיז'ון מעודן 35,גרמים,350.00,100 גרם,false,,11.90,0.0340,true,1,92697
7290015366663,false,"משחת שיניים מנטה עדין אקווה פרש 100 מ""ל",גלקסוסמיתקליין,SK,משחת שיניים אקווה פר,מיליליטרים,100.00,"100 מ""ל",false,,6.90,0.0690,true,1,79664
7290015366731,false,סטייל שמן ארגן קוקוס 120 מל,א.ל ארמן,IL,ארגן שמן קוקוס,מיליליטרים,120.00,"100 מ""ל",false,,36.90,0.3075,true,1,85669
7290015375696,false,פרורי לחם עם שומשום,,,פרורי לחם עם שומשום,גרמים,400.00,100 גרם,false,,11.90,0.0298,true,1,89871
7290015395045,false,"קינואה בשקית שקדיה 400 גרם בד""ץ","שקדיה גבע תעשיות בע""",IL,קינואה 400 גרם שקדיה,גרמים,400.00,100 גרם,false,,9.90,0.0248,true,1,75285
7290015437431,false,רכז רימונים 100% טבעי 420 גר,AROMA PRODUCT ITD,GE,רכז רימונים 420 גר',גרמים,420.00,100 גרם,false,,19.90,0.0474,true,1,107299
7290015470391,false,קרם ידיים מועשר בשמן זית לעור רגיל עד יבש,אינטרקוסמא,IL,פנג'ל קרם ידיים מועש,מיליליטרים,100.00,"100 מ""ל",false,,12.90,0.1290,true,1,77854
7290015531009,false,לחם הבית לחם בריאות,,,לחם הבית לחם בריאות,יחידה,0.00,יחידה,false,,17.50,0.0000,true,1,57371
7290015531016,false,לחם דגנים,,,לחם דגנים,יחידה,0.00,יחידה,false,,17.50,0.0000,true,1,57372
7290015531023,false,לחם כפרי עם גרעיני ח,,,לחם כפרי עם גרעיני ח,יחידה,0.00,יחידה,false,,17.50,0.0000,true,1,57373
7290015531047,false,לחם שיפון זיתים שום,,,לחם שיפון זיתים שום,יחידה,0.00,יחידה,false,,17.50,0.0000,true,1,57375
7290015531054,false,לחם שיפון עגבניות מי,,,לחם שיפון עגבניות מי,יחידה,0.00,יחידה,false,,17.50,0.0000,true,1,57376
7290015531061,false,לחם שיפון עם אגוזי מ,,,לחם שיפון עם אגוזי מ,יחידה,0.00,יחידה,false,,20.00,0.0000,true,1,57377
7290015531078,false,לחם שיפון שומשום,,,לחם שיפון שומשום,יחידה,0.00,יחידה,false,,17.50,0.0000,true,1,57378
7290015531108,false,לחם כוסמין מלא פריסט,,,לחם כוסמין מלא פריסט,יחידה,0.00,יחידה,false,,20.00,0.0000,true,1,57380
7290015531122,false,לחם כוסמין בחוש 100%,,,לחם כוסמין בחוש 100%,יחידה,0.00,יחידה,false,,25.00,0.0000,true,1,57382
7290015531238,false,לחם חיטה מלאה עם אגו,,,לחם חיטה מלאה עם אגו,יחידה,0.00,יחידה,false,,20.00,0.0000,true,1,57384
7290015531405,false,חלה עם צימוקים 540 ג,,IL,חלת שבת אגדת לחם,יחידה,0.00,יחידה,false,,17.50,0.0000,true,1,57387
7290015531412,false,חלת שבת עם קמח מלא,,IL,חלת שבת עם קמח מלא,יחידה,0.00,יחידה,false,,17.50,0.0000,true,1,57388
7290015596831,false,"ד""ר פישר EFFECTIVE CARE קרם גוף בשמן אבוקדו 450 מ""ל",פישר מעבדות פרמצבטיות בע,IL,קרם גוף מועשר בשמן א,מיליליטרים,450.00,"100 מ""ל",false,,23.90,0.0531,true,1,102460
7290015597210,false,מאגדת קורנטו פרווה 6 יח טבעוני 378 גר,"גלידת שטראוס בע""\מ, רחוב",IL,מאגדת טילון קורנטו ט,יחידה,0.00,יחידה,false,,34.90,0.0000,true,1,90934
7290015597326,false,מאגדת קרחוני אייס לייט 3 טעמים 260 גר,"גלידת שטראוס בע""\מ, רחוב",IL,מאגדת שלגונים אסקימו,יחידה,0.00,יחידה,false,,25.90,0.0000,true,1,79183
7290015597937,false,קורנטו וניל קלאסי שטראוס 70 גר,"מיוצר ע""\י גלידת שטראוס",IL,קורנטו קלאסיק,גרמים,70.00,100 גרם,false,,6.90,0.0986,true,1,90935
7290015599023,false,VEGA צהובה טבעונית בטעם קלאסי 200 גרם,וגה מוצרים טבעוניים VEGA,GR,צהובה טבעונית בטעם ק,גרמים,200.00,100 גרם,false,,21.90,0.1095,true,1,84913
7290015599030,false,VEGA צהובה טבעונית בטעם פיצה פפרוני 200 גרם,,GR,צהובה טבעונית בטעם פ,יחידה,0.00,יחידה,false,,21.90,0.0000,true,1,84483
7290015599047,false,בלוק צהובה טבעונית לגירוד על פיצה 200 ג,אריויה ס.א.,GR,בלוק צהובה טבעונית ל,יחידה,0.00,יחידה,false,,15.90,0.0000,true,1,84484
7290015599061,false,VEGA צהובה טבעונית בטעם מוצרלה 200 גרם,וגה מוצרים טבעוניים VEGA,GR,גבינה צהובה טבעונית,גרמים,200.00,100 גרם,false,,21.90,0.1095,true,1,84861
7290015599078,false,פרוסות צהובה טבעונית בתוספת עשבי תיבול,וגה מוצרים טבעוניים VEGA,GR,צהובה טבעונית עם עשב,גרמים,200.00,100 גרם,false,,21.90,0.1095,true,1,84914
7290015599191,false,VEGA ממרח טבעוני בסגנון גבינת שמנת בטעם קלאסי 170 גרם,ביוטי איילנד פודס בע,GB,ממרח טבעוני בטעם גב,יחידה,0.00,יחידה,false,,16.90,0.0000,true,1,84487
7290015599313,false,גבינת שמנת טבעונית עם בצל ירוק ופלפל,ביוטי איילנד פודס בע,GB,גבינת שמנת טבעונית ב,יחידה,0.00,יחידה,false,,16.90,0.0000,true,1,84490
7290015599504,false,VEGA ממרח בטעם חמאה אורגני 225 גרם,גוד פוד פרודקטס S.p,DK,ממרח בטעם חמאה אורגנ,גרמים,225.00,100 גרם,false,,16.90,0.0751,true,1,92693
7290015603638,false,"אורז קלרוז 1 ק""ג (כ) (Minh)",מינה פונג גרין אגריק,VN,אורז עגול קלרוז,קילוגרמים,1.00,"ק""ג",false,,12.90,12.9000,true,1,80457
7290015634113,false,יין עמק האלה רוזה 2015 750 מל,,,עמק האלה רוזה,מיליליטרים,750.00,"100 מ""ל",false,,36.90,0.0492,true,1,79962
7290015634120,false,יין עמק האלה אוורד לבן 2015 750 מל,עמק האלה,IL,עמק האלה לבן 2015,מיליליטרים,750.00,"100 מ""ל",false,,36.90,0.0492,true,1,79963
7290015634137,false,"יין עמק האלה סוביניון בלאן 2015 750 מ""ל",עמק האלה,IL,יין עמק האלה סוביניו,מיליליטרים,750.00,"100 מ""ל",false,,64.90,0.0865,true,1,88375
7290015634144,false,יין עמק האלה סירה - פטיט סירה 2013 750 מ,,,עמק האלה פטיט סירה 2,מיליליטרים,750.00,"100 מ""ל",false,,90.00,0.1200,true,1,87184
7290015634151,false,"עמק האלה קברנה סוביניון 2012 750 מ""ל",עמק האלה,IL,עמק האלה קברנה סובינ,מיליליטרים,750.00,"100 מ""ל",false,,69.90,0.0932,true,1,87185
7290015634168,false,יין עמק האלה מרלו 2013 750 מל,,,עמק האלה מרלו 2013,מיליליטרים,750.00,"100 מ""ל",false,,69.90,0.0932,true,1,87186
7290015634175,false,עמק האלה אוור רד ק.סוביניון 2015 750 מל,,IL,עמק האלה קברנה 2015,מיליליטרים,750.00,"100 מ""ל",false,,36.90,0.0492,true,1,84211
7290015634182,false,עמק האלה אוורד קברנה/ מרלו 2015 750 מל,עמק האלה,IL,יין אוורד קברנה מרלו,מיליליטרים,750.00,"100 מ""ל",false,,36.90,0.0492,true,1,87854
7290015652278,false,תערובת פיצוחים ששון הקולה 300 גרם,"דין שיווק וקלייה בע""",IL,תערובת פיצוחים ששון,גרמים,250.00,100 גרם,false,,20.00,0.0800,true,1,77482
7290015652292,false,קבוקים עם שומשום ששון הקולה 400 גרם,"דין שיווק וקלייה בע""",IL,קבוקים 400 גרם,גרמים,400.00,100 גרם,false,,10.00,0.0250,true,1,77661
7290015652308,false,מנצ'ס ששון הקולה 400 גרם,"דין שיווק וקלייה בע""",,מנצ'ס ששון הקולה,גרמים,300.00,100 גרם,false,,10.00,0.0333,true,1,76385
7290015652315,false,חמוציות מסוכרות ששון הקולה 300 גרם,"דין שיווק וקלייה בע""",IL,חמוציות מסוכרים 300,גרמים,300.00,100 גרם,false,,10.00,0.0333,true,1,79554
7290015652322,false,בוטנים אמריקאיים מצופים 400 גר ששון הקלה,"דין שיווק וקלייה בע""",IL,בוטן אמריקאי 400 גר',גרמים,400.00,100 גרם,false,,10.00,0.0250,true,1,77662
7290015652605,false,פיסטוק קלוף השף 100 גרם,"דין שיווק וקלייה בע""",IL,פיסטוק קלוף 100 גרם,גרמים,100.00,100 גרם,false,,22.90,0.2290,true,1,79555
7290015673198,false,המבורגר טקסס עם פטריות טבע דלי 400 גרם,טבע דלי בעמ,IL,המבורגר טקסס עם פטרי,גרמים,400.00,100 גרם,false,,24.90,0.0622,true,1,80577
7290015673594,false,קריספי טופו. נגיסי טופו ברוטב בוטנים וקארי,טבע דלי,IL,קריספי טופו בוטנים 3,גרמים,350.00,100 גרם,false,,25.90,0.0740,true,1,96375
7290015695800,false,נבטי ברוקולי אורגני יח,הנבטים של אודי,IL,נבטי ברוקולי,גרמים,120.00,100 גרם,false,,11.90,0.0992,true,1,77896
7290015695817,false,נבטי קייל אורגני,הנבטים של אודי,IL,נבטי קייל,גרמים,120.00,100 גרם,false,,11.90,0.0992,true,1,77897
7290015695824,false,נבטי חרדל אורגני יח,הנבטים של אודי,IL,נבטי חרדל,גרמים,120.00,100 גרם,false,,11.90,0.0992,true,1,77898
7290015695831,false,נבטי צנונית אורגני יח,הנבטים של אודי,IL,נבטי צנונית,גרמים,120.00,100 גרם,false,,11.90,0.0992,true,1,77899
7290015695848,false,נבטי אלפלפא אורגני יח,אודי,IL,נבטי אלפלפא,גרמים,100.00,100 גרם,false,,11.90,0.1190,true,1,77900
7290015695855,false,נבטי חמניה אורגני יח,הנבטים של אודי,IL,נבטי חמניה,גרמים,100.00,100 גרם,false,,10.90,0.1090,true,1,77901
7290015695886,false,מיקס נבטים אורגני יח,הנבטים של אודי,IL,מיקס נבטים,גרמים,200.00,100 גרם,false,,11.90,0.0595,true,1,77904
7290015695893,false,מיקס נבטוטים אורגני,אודי,IL,מיקס נבטוטים,גרמים,120.00,100 גרם,false,,10.90,0.0908,true,1,77906
7290015695916,false,מיקס נבטים ענק אורגני יח,הנבטים של אודי,IL,מיקס נבטים ענק,גרמים,200.00,100 גרם,false,,19.90,0.0995,true,1,77988
7290015695923,false,נבטים סינים אורגנים,מושב אחיטוב,IL,נבטים סיניים,יחידה,0.00,יחידה,false,,9.90,0.0000,true,1,81177
7290015695947,false,נבטי אפונה ירוקה לסל,הנבטים של אודי,IL,נבטי אפונה,יחידה,0.00,יחידה,false,,10.90,0.0000,true,1,85812
7290015699730,false,סבון דה מארסיי יעקבי 1.5 ליטר *חדש-,יעקובי הפי,BE,סבון רצפות דה מרסיי,ליטרים,1.50,ליטר,false,,11.90,7.9333,true,1,80210
7290015733144,false,מטרנה גולד שלב שתיים 700 ג',מטרנה,IL,מטרנה גולד שלב 2 700,גרמים,700.00,100 גרם,false,,75.90,0.1084,false,1,91689
7290015733441,false,מטרנה דייסת גם וגם דגנים פרו 300 גר',מטרנה תעשיות ש.מ,IL,מטרנה דייסת גם וגם ד,גרמים,300.00,100 גרם,false,,24.00,0.0800,false,1,99498
7290015733465,false,דייסת מטרנה גם וגם קרנפלור פרו 300 גרם,מטרנה תעשיות ש.מ,IL,מטרנה דייסת גם וגם ק,גרמים,300.00,100 גרם,false,,24.00,0.0800,false,1,99499
7290015753173,false,"אטבי כביסה 18 יחי' ""סומו",,IL,אטבי כביסה סומו,יחידה,0.00,יחידה,false,,4.90,0.0000,true,1,78162
7290015753203,false,מטליות לניקוי כללי מיקרופייבר חמישייה,,IL,סומו- מטליות לניקוי,יחידה,0.00,יחידה,false,,6.90,0.0000,true,1,84235
7290015753357,false,נופר מקלוני כותנה מפלסטיק 300 יח',,,מקלוני כותנה- נופר,יחידה,0.00,יחידה,false,,3.00,0.0000,true,1,88246
7290015753388,false,"מגב קליק פרימיום 50 ס""מ",,IL,מגב קליק +מקל50,יחידה,0.00,יחידה,false,,32.90,0.0000,true,1,83420
7290015753456,false,נופר כרית יפנית קוצים 3 יח',,IL,כרית יפנית קוצים 3'ח,יחידה,0.00,יחידה,false,,7.90,0.0000,true,1,83594
7290015753999,false,נייר אפיה,,,נייר אפיה,יחידה,0.00,יחידה,false,,7.90,0.0000,true,1,94094
7290015759007,false,נר נשמה 24 שעות פח כ,,,נר נשמה 24 שעות בפח,יחידה,0.00,יחידה,false,,1.80,0.0000,true,1,145977
7290015781008,false,"יין VISION מרלו אדום טפרברג 750 מ""ל","יקב טפרברג 1870 בע""מ",IL,יין מרלו VISION טפרב,מיליליטרים,750.00,"100 מ""ל",false,,39.90,0.0532,true,1,76689
7290015781046,false,"יין VISION לבן חצי יבש טפרברג 750 מ""ל","יקב טפרברג 1870 בע""מ",IL,יין לבן חצי יבש VISI,מיליליטרים,750.00,"100 מ""ל",false,,39.90,0.0532,true,1,76691
7290015781053,false,"יין VISION לבן יבש טפרברג 750 מ""ל","יקב טפרברג 1870 בע""מ",IL,יין לבן יבש VISION ט,מיליליטרים,750.00,"100 מ""ל",false,,39.90,0.0532,true,1,76692
7290015781091,false,"יין VISION קברנה סוביניון טפרברג 750 מ""ל","יקב טפרברג 1870 בע""מ",IL,יין קברנה סוביניון V,מיליליטרים,750.00,"100 מ""ל",false,,39.90,0.0532,true,1,76693
7290015781107,false,"סנגובזה אימפרשיאון 750 מ""ל","יקב טפרברג 1870 בע""מ",IL,יין סנגובזה אימפרייש,מיליליטרים,750.00,"100 מ""ל",false,,49.90,0.0665,true,1,76613
7290015781114,false,"יין IMPRESSION מרלו טפרברג 750 מ""ל","יקב טפרברג 1870 בע""מ",IL,יין מרלו אימפריישן ט,מיליליטרים,750.00,"100 מ""ל",false,,49.90,0.0665,true,1,76614
7290015781121,false,"יין IMPRESSION קברנה סוביניון יבש טפרברג 750 מ""ל","יקב טפרברג 1870 בע""מ",IL,יין קברנה סוביניון א,מיליליטרים,750.00,"100 מ""ל",false,,49.90,0.0665,true,1,76615
7290015781138,false,"שרדונה אימפרשיאון 750 מ""ל","יקב טפרברג 1870 בע""מ",IL,יין שרדונה אימפריישן,מיליליטרים,750.00,"100 מ""ל",false,,49.90,0.0665,true,1,76616
7290015781169,false,"יין IMPRESSION קברנה סוביניון חצי יבש טפרברג 750 מ""ל","יקב טפרברג 1870 בע""מ",IL,יין קברנה סוביניון ח,מיליליטרים,750.00,"100 מ""ל",false,,49.90,0.0665,true,1,76618
7290015781268,false,"יין מוסקטו אדום טפרברג 750 מ""ל","יקב טפרברג 1870 בע""מ",IL,מוסקטו אדום טפרברג,מיליליטרים,750.00,"100 מ""ל",false,,39.90,0.0532,true,1,77243
7290015781275,false,"יין מוסקטו לבן 750 מ""ל MOSCATO","יקב טפרברג 1870 בע""מ",IL,מוסקטו לבן טפרברג,מיליליטרים,750.00,"100 מ""ל",false,,39.90,0.0532,true,1,77244
7290015781282,false,"יין IMPRESSION גוורצטרמינר טפרברג 750 מ""ל",יקב טפרברג 1870,IL,יין גוורצטמינר אימפר,מיליליטרים,750.00,"100 מ""ל",false,,49.90,0.0665,true,1,76619
7290015781299,false,"יין VISION שיראז אדום טפרברג 750 מ""ל","יקב טפרברג 1870 בע""מ",IL,יין שיראז VISION טפר,מיליליטרים,750.00,"100 מ""ל",false,,39.90,0.0532,true,1,76694
7290015781305,false,"יין אימפרשן סירה 750 מ""ל","יקב טפרברג 1870 בע""מ",IL,יין סירה אימפריישן ט,מיליליטרים,750.00,"100 מ""ל",false,,49.90,0.0665,true,1,76620
7290015790000,false,גרגירי רימונים בקופס,רון שיווק,IL,גרעיני רימון,גרמים,250.00,100 גרם,false,,14.90,0.0596,true,1,76999
7290015790017,false,פלחי פומלה מוכנים לא,רון שיווק,IL,פלחי פומלה מוכנים לא,גרמים,250.00,100 גרם,false,,15.90,0.0636,true,1,89488
7290015804400,false,עגבניות מרוסקות טל 250 גרם,טל וטרי,IL,עגבניות מרוסקות 250,גרמים,250.00,100 גרם,false,,3.20,0.0128,false,1,79543
7290015804417,false,עגבניות מרוסקות מתובלות עם שום,טל,,עגבניות מרוסקות עם ש,גרמים,250.00,100 גרם,false,,3.20,0.0128,false,1,79544
7290015804424,false,עגבניות מרוסקות ובזיליקום ועשבי תיבול טל 260 ג',טל,,עגבניות מרוסקות בזיל,גרמים,250.00,100 גרם,false,,3.20,0.0128,false,1,79545
7290015821483,false,נרות חנוכה מקושטים לא נוטפים.,,CN,נרות חנוכה,יחידה,0.00,יחידה,false,,3.50,0.0000,true,1,141765
7290015839020,false,שטרודל במילוי פרג 500 גר,"נתי שטרודל וינאי בע""מ",IL,שטרודל וינאי במילוי,גרמים,500.00,100 גרם,false,,26.90,0.0538,true,1,98741
7290015839075,false,"שטרודל גבינה ללת""ס 500 ג","נתי שטרודל וינאי בע""מ",IL,שטרודל גבינה ללא תוס,גרמים,500.00,100 גרם,false,,26.90,0.0538,true,1,108339
7290015839082,false,שטרודל במילוי גב.אכמניות,"נתי שטרודל וינאי בע""מ",IL,שטרודל וינאי גבינה ו,גרמים,500.00,100 גרם,false,,26.90,0.0538,true,1,107587
7290015848886,false,"ד""ר פישר - אולטרסול תחליב קידס 250 מ""ל 50SPF",פישר מעבדות פרמצבטיות בע,IL,אולטרסול תחליב קידס,יחידה,0.00,יחידה,false,,44.90,0.0000,true,1,80396
7290015848978,false,"ד""ר פישר - אולטרסול קרם פנים 75 מ""ל 30SPF",פישר מעבדות פרמצבטיות בע,IL,אולטרסול קרם פנים 30,יחידה,0.00,יחידה,false,,29.90,0.0000,true,1,80400
7290015848985,false,אולטרסול קרם פנים קידס 75/+50,פישר מעבדות פרמצבטיות בע,IL,אולטרסול קידס קרם פנ,יחידה,0.00,יחידה,false,,49.90,0.0000,true,1,96018
7290015858106,false,"ממרח פסטו ביתי 180 גרם ""עללחם""","מדשא תעשיות מזון בע""\מ",IL,פסטו ביתי מצונן,גרמים,180.00,100 גרם,false,,15.90,0.0883,true,1,87731
7290015858144,false,ממרח ארטישוק עללחם 180 גרם,"מדשא תעשיות מזון בע""\מ",IL,ממרח ארטישוק מצונן,גרמים,180.00,100 גרם,false,,15.90,0.0883,true,1,87735
7290015858151,false,ממרח שום 180 גרם עללחם בית יוסף,מדשא תעשיות מזון בעמ,IL,ממרח שום מצונן,גרמים,180.00,100 גרם,false,,15.90,0.0883,true,1,87736
7290015858175,false,ממרח פלפלים קלויים עללחם 180 גרם,"מדשא תעשיות מזון בע""\מ",IL,ממרח פלפלים קלויים מ,גרמים,180.00,100 גרם,false,,15.90,0.0883,true,1,87738
7290015858212,false,ממרח לימון כבוש עללחם 180 גרם,"מדשא תעשיות מזון בע""\מ",IL,ממרח לימון כבוש מצונ,גרמים,180.00,100 גרם,false,,15.90,0.0883,true,1,87740
7290015858229,false,"טפנד זיתי קלמטה 180 גרם ""עללחם""","מדשא תעשיות מזון בע""\מ",IL,טפנד זיתי קלמטה מצונ,גרמים,180.00,100 גרם,false,,15.90,0.0883,true,1,87741
7290015858243,false,ממרח צימיצורי עללחם 180 גרם,"מדשא תעשיות מזון בע""\מ",IL,צ'ימיצ'ורי מצונן,גרמים,180.00,100 גרם,false,,15.90,0.0883,true,1,87742
7290015858328,false,"ממרח עגבניות מיובשות 180 גרם ""טריטרי""","מדשא תעשיות מזון בע""\מ",IL,איולי פסטו,גרמים,295.00,100 גרם,false,,15.90,0.0539,true,1,146136
7290015858441,false,עללחם ממרח איולי פלפלים 295 גרם,"מדשא תעשיות מזון בע""\מ",IL,איולי פלפלים,גרמים,295.00,100 גרם,false,,15.90,0.0539,true,1,146134
7290015858687,false,עללחם ממרח איולי שום 295 גרם,"מדשא תעשיות מזון בע""\מ",IL,איולי שום,גרמים,295.00,100 גרם,false,,15.90,0.0539,true,1,146135
7290015858694,false,עללחם ממרח איולי שום לימון 295 גרם,"מדשא תעשיות מזון בע""\מ",IL,איולי שום לימון,גרמים,295.00,100 גרם,false,,15.90,0.0539,true,1,146137
7290015859004,false,בכור עירית,,,עירית,יחידה,0.00,יחידה,false,,5.50,0.0000,true,1,78125
7290015859028,false,תרד ניו זילנדי בקופס,חקלאי,IL,תרד ניו זילנד,יחידה,0.00,יחידה,false,,11.90,0.0000,true,1,78114
7290015859042,false,בכור לבבות קיסר,חקלאי,IL,לבבות קיסר,יחידה,0.00,יחידה,false,,11.90,0.0000,true,1,78116
7290015859059,false,עלי רומית,,,עלי רומית,יחידה,0.00,יחידה,false,,9.90,0.0000,true,1,78117
7290015859066,false,אורגנו,,,אורגנו,יחידה,0.00,יחידה,false,,5.50,0.0000,true,1,78126
7290015859073,false,רוזמרין,,,רוזמרין,יחידה,0.00,יחידה,false,,5.50,0.0000,true,1,78127
7290015859080,false,קורנית- טימין,חקלאי,IL,קורנית,יחידה,0.00,יחידה,false,,5.50,0.0000,true,1,78128
7290015859103,false,מרווה,,,מרווה,יחידה,0.00,יחידה,false,,5.50,0.0000,true,1,78130
7290015859127,false,רוקולה,,,רוקולה,יחידה,0.00,יחידה,false,,10.90,0.0000,true,1,78132
7290015859202,false,בכור בזיליקום,עטרה,,בזיליקום,יחידה,0.00,יחידה,false,,5.50,0.0000,true,1,78135
7290015859219,false,בכור בזיליקום סלסלה,,,בזיליקום,יחידה,0.00,יחידה,false,,10.90,0.0000,true,1,78136
7290015859233,false,בכור קייל ירוק,,,קייל ירוק,יחידה,0.00,יחידה,false,,10.90,0.0000,true,1,78137
7290015859240,false,בכור קייל שחור,,,קייל שחור,יחידה,0.00,יחידה,false,,10.90,0.0000,true,1,78138
7290015859257,false,תרד תורכי,,,תרד תורכי,יחידה,0.00,יחידה,false,,9.90,0.0000,true,1,78122
7290015859271,false,עלי רוקט,,,עלי רוקט,יחידה,0.00,יחידה,false,,9.90,0.0000,true,1,78139
7290015859288,false,בכור עלי בייבי,,,עלי בייבי,יחידה,0.00,יחידה,false,,9.90,0.0000,true,1,78140
7290015859301,false,מכור חסה מסולסלת\משי,,,חסה מסולסלת/משי,יחידה,0.00,יחידה,false,,10.90,0.0000,true,1,78123
7290015859325,false,בכור פקצ'וי,,,פקצ'וי,יחידה,0.00,יחידה,false,,12.90,0.0000,true,1,78620
7290015859394,false,אנדיב לבן,,,אנדיב לבן,יחידה,0.00,יחידה,false,,15.90,0.0000,true,1,106354
7290015859400,false,נבטי צנונית,,,נבטי צנונית,יחידה,0.00,יחידה,false,,9.90,0.0000,true,1,82495
7290015859455,false,נבטי אלפלפא,,,נבטי אלפלפא,יחידה,0.00,יחידה,false,,6.90,0.0000,true,1,82497
7290015859462,false,נבטי חמניה,,,נבטי חמניה,יחידה,0.00,יחידה,false,,8.90,0.0000,true,1,82343
7290015859479,false,נבטים סיניים,,,נבטים סיניים,יחידה,0.00,יחידה,false,,6.90,0.0000,true,1,82344
7290015859486,false,מיקס נבטוטים,חקלאי,IL,מיקס נבטוטים,יחידה,0.00,יחידה,false,,9.90,0.0000,true,1,82519
7290015859493,false,חסה באטר קראנץ 300 ג,,,חסה באטר קראנץ 300 ג,גרמים,300.00,100 גרם,false,,10.90,0.0363,true,1,85033
7290015859509,false,בכור סלנובה מהדרין,חקלאי,IL,חסה סלנובה,יחידה,0.00,יחידה,false,,10.90,0.0000,true,1,84604
7290015859516,false,שום טרי ארוז 180 גר',חקלאי,IL,שום טרי ארוז 180 גר',גרמים,180.00,100 גרם,false,,13.90,0.0772,true,1,88119
7290015859561,false,בייבי תרד משק בכור,,,בייבי תרד משק בכור,יחידה,0.00,יחידה,false,,11.90,0.0000,true,1,146545
7290015859806,false,חסה לאליק,,,חסה לאליק,יחידה,0.00,יחידה,false,,10.90,0.0000,true,1,106662
7290015859905,false,נבטי עדשים,,,נבטי עדשים,יחידה,0.00,יחידה,false,,8.90,0.0000,true,1,105140
7290015859912,false,נבטי אפונה,,,נבטי אפונה,יחידה,0.00,יחידה,false,,9.90,0.0000,true,1,105135
7290015859936,false,עדשים שחורות,,,עדשים שחורות,יחידה,0.00,יחידה,false,,9.90,0.0000,true,1,105136
7290015859943,false,מאש מונבט,,,מאש מונבט,יחידה,0.00,יחידה,false,,9.90,0.0000,true,1,105137
7290015859950,false,חומוס מונבט,,,חומוס מונבט,יחידה,0.00,יחידה,false,,9.90,0.0000,true,1,105138
7290015859967,false,אפונה למרק,,,אפונה למרק,יחידה,0.00,יחידה,false,,9.90,0.0000,true,1,105139
7290015888301,false,שמן חמניות שוקחה 3 ל,אל אל סי פרייקלוטניא,FR,שמן חמניות שוקחה 3 ל,ליטרים,3.00,ליטר,false,,34.90,11.6333,true,1,107525
7290015946001,false,מאסטר ספירולינה אורג,אשבל,IL,מאסטר ספירולינה,גרמים,200.00,100 גרם,false,,59.90,0.2995,true,1,105721
7290015951616,false,"יין סנגובזה גמלא 2019 750 מ""ל",יקבי רמת הגולן,,גמלא סנג'ובזה 2015,מיליליטרים,750.00,"100 מ""ל",false,,54.90,0.0732,true,1,88990
7290015951869,false,"יין הר חרמון רוזה 750 מ""ל",מיוצר וממולא על ידי יקב,IL,הר חרמון רוזה עברית,מיליליטרים,750.00,"100 מ""ל",false,,29.90,0.0399,true,1,91674
7290015968140,false,אטב אחיזה רחבה בעיצוב איטלקי הוסטס 36 יח,H.J.E,CN,אטבי כביסה,יחידה,0.00,יחידה,false,,12.90,0.0000,true,1,85782
7290015968393,false,נשכן בננה מ.שיניים נובי,LTD E.L.CO,CN,נשכן בננה מברשת שיני,יחידה,0.00,יחידה,false,,36.90,0.0000,true,1,87424
7290015968584,false,נר נשמה 24 שעות - נרות חסידים,,,נר נשמה 24 שעות,יחידה,0.00,יחידה,false,,1.90,0.0000,true,1,146518
7290015983006,false,שדות בר חסה רומית,חקלאי,IL,חסה רומית שדות בר,קילוגרמים,1.00,"ק""ג",true,,30.00,30.0000,true,1,75427
7290015983075,false,בצל ירוק שטוף שדות ב,חקלאי,IL,בצל ירוק שטוף שדות ב,קילוגרמים,1.00,"ק""ג",true,,30.00,30.0000,true,1,76940
7290015983082,false,ירק שטוף שדות בר,חקלאי,IL,ירק שטוף שדות בר,קילוגרמים,1.00,"ק""ג",true,,30.00,30.0000,true,1,76941
7290015983099,false,שדות בר גבעולי סלרי,,,גבעולי סלרי שדות בר,קילוגרמים,1.00,"ק""ג",true,,30.00,30.0000,true,1,87961
7290015983129,false,שדות בר פלפלונים,חקלאי,IL,פלפל סווויט בייט,קילוגרמים,1.00,"ק""ג",true,,30.00,30.0000,true,1,93682
7290015983136,false,עגבניות שרי בלינדה,,,עגבניות שרי בלינדה,קילוגרמים,1.00,"ק""ג",true,,30.00,30.0000,true,1,93907
7290015983143,false,שדות בר מלפפון בייבי,שדות בר,IL,מלפפון בייבי שדות בר,קילוגרמים,1.00,"ק""ג",true,,30.00,30.0000,true,1,93693
7290015996983,false,סוכרלוז סוכרזית 0 קלוריות 100 שקיות,ביסקול בעn,IL,סוכרלוז ממתיק 100 שק,גרמים,100.00,100 גרם,false,,27.90,0.2790,true,1,91653
7290016006292,false,נקטר מנגו בננה מלון קרטונית 1 ל' ספרינג,יפאורה שותפות מובגלת לשיווק,IL,ספרינג מנגו בננה מלו,ליטרים,1.00,ליטר,false,,6.90,6.9000,false,1,80363
7290016006322,false,מים מינרליים מי עדן,"מופק ממקור בזלתי עדן ,1",IL,מי עדן 1 ליטר בקבוק,ליטרים,1.00,ליטר,false,,2.90,2.9000,false,1,96968
7290016006339,false,מים מינרלים - מארז רביעייה,"מופק ממקור בזלתי עדן ,1",IL,רביעייה מי עדן 1 ליט,ליטרים,4.00,ליטר,false,,10.00,2.5000,false,1,80935
7290016006346,false,שוופס סודה 0.5 ליטר מארז שישייה,יפאורה שותפות מובגלת לשיווק,IL,שישייה סודה שוופס 0.,ליטרים,3.00,ליטר,false,,14.90,4.9667,true,1,79765
7290016035025,false,לחם פשת פרוס מזרעי פשתן טחונים 450 גר,מאפית ביכורים,IL,לחם פשתן פרוס מזרעי,גרמים,450.00,100 גרם,false,,23.90,0.0531,true,1,94666
7290016077759,false,רוטב ברביקיו קלאסי היינץ 480 גרם,היינץ Heinz,NL,רוטב ברבקיו קלאסי הי,גרמים,480.00,100 גרם,false,,15.90,0.0331,true,1,88762
7290016077766,false,"שעועית אפויה ""היינץ"" 453 גרם",הייבורי קנקו,CA,שעועית אפויה היינץ,גרמים,228.00,100 גרם,false,,8.90,0.0390,true,1,89612
7290016094046,false,אולטרסול ספריי תחליבי 50/200,פישר מעבדות פרמצבטיות בע,IL,אולטרסול ספריי תחליב,יחידה,0.00,יחידה,false,,44.90,0.0000,true,1,85041
7290016096491,false,נתחי טונה בהירה בשמן צמחי שלישיה *80ג' פילטונה,תעשיות פילטונה,IL,שלישיית פיל טונה בשמ,גרמים,168.00,100 גרם,false,,10.90,0.0649,true,1,88134
7290016096675,false,שלישיה פיל טונה בשמן,,IL,שלישיה פיל טונה בשמן,גרמים,168.00,100 גרם,false,,12.90,0.0768,false,1,96686
7290016096811,false,רביעיית ממרח טונה פילטונה 160 גר'*4,תעשיות פילטונה,IL,ממרח טונה רביעיה פיל,גרמים,640.00,100 גרם,false,,19.90,0.0311,false,1,103573
7290016104417,false,ריבה בטעם תות שדה 850 גרם פוליבה,,IL,ריבה פוליבה 850 גר',גרמים,850.00,100 גרם,false,,12.50,0.0147,true,1,146461
7290016136692,false,משחת שיניים הגנה משולשת מנטה מרענן- שלישייה,גלקסוסמיתקליין,SK,משחת שיניים אקווה פר,מיליליטרים,300.00,"100 מ""ל",false,,19.90,0.0663,true,1,82435
7290016136708,false,משחת שיניים הגנה משולשת מנטה עדין- שלישייה,גלקסוסמיתקליין,SK,משחת שיניים אקווה פר,מיליליטרים,300.00,"100 מ""ל",false,,19.90,0.0663,true,1,82436
7290016144000,false,"קמח חיטה מלאה נפלאות 80% 1 ק""ג","קמח מלכים בע""\מ",IL,קמח חיטה 80% נפלאות,קילוגרמים,1.00,"ק""ג",false,,8.90,8.9000,true,1,105657
7290016144017,false,"קמח מלא נפלאות 100% ללא ניפוי 1 ק""ג",קמח מלכים,IL,קמח חיטה מלא 100% נפ,קילוגרמים,1.00,"ק""ג",false,,8.90,8.9000,true,1,105478
7290016144031,false,קמח חיטה לבן מנופה נפלאות,קמח מלכים,IL,קמח חיטה לבן מנופה 1,קילוגרמים,1.00,"ק""ג",false,,6.90,6.9000,true,1,105656
7290016144048,false,"קמח כוסמין לבן נפלאות 1 ק""ג","קמח מלכים בע""מ",IL,קמח נפלאות כוסמין לב,קילוגרמים,1.00,"ק""ג",false,,14.90,14.9000,true,1,104940
7290016144055,false,קמח כוסמין בהיר 80%-נפלאות,קמח מלכים,IL,קמח נפלאות כוסמין בה,קילוגרמים,1.00,"ק""ג",false,,14.90,14.9000,true,1,104941
7290016144086,false,נפלאות קמח חלה מנופה 1 ק”ג,קמח מלכים,IL,קמח חלה מנופה נפלאות,קילוגרמים,1.00,"ק""ג",false,,7.90,7.9000,true,1,143276
7290016144093,false,נפלאות קמח לחם לבן מנופה 1 ק”ג,קמח מלכים,IL,קמח לחם מנופה נפלאות,קילוגרמים,1.00,"ק""ג",false,,7.90,7.9000,true,1,143277
7290016146066,false,מחית 100% תמרים 500,"אלמנדוס בע""מ",IL,מחית 100% תמרים 500,גרמים,500.00,100 גרם,false,,12.90,0.0258,true,1,100309
7290016146424,false,שוקולד מריר תבור 70% 100 גרם BIO,שקד תבור,IL,שוקולד תבור 70% 100,גרמים,100.00,100 גרם,false,,15.90,0.1590,true,1,100299
7290016146448,false,שוקולד תבור 85% 100 גרם,לובקה,IL,שוקולד תבור 85% 100,גרמים,100.00,100 גרם,false,,15.90,0.1590,true,1,100301
7290016146455,false,שוקולד מריר תבור 100% 100 גרם BIO,שקד תבור,IL,שוקולד תבור 100% 100,גרמים,100.00,100 גרם,false,,15.90,0.1590,true,1,100302
7290016146523,false,גרנולה הבית שקד תבור,שקד תבור,,גרנולה הבית 500 ג',גרמים,500.00,100 גרם,false,,16.90,0.0338,true,1,100312
7290016197488,false,מטליות מיקרופייבר למשטחים ניקול 3יח',חוגלה קימברלי,CN,מטליות לשיש מיקרו פי,יחידה,0.00,יחידה,false,,10.90,0.0000,true,1,79653
7290016197495,false,ניקול זוג מטליות הקסם מיקרופייבר לרצפה,חוגלה קימברלי,CN,זוג מטליות מיקרופייב,יחידה,0.00,יחידה,false,,16.90,0.0000,true,1,79654
7290016197617,false,תחבושת לנשים אקסטרה דיפנד 10 יחידות,קימברלי קלארק,VN,תחבושת דיפנד לנשים א,יחידה,0.00,יחידה,false,,19.90,0.0000,true,1,81975
7290016197624,false,תחבושות לנשים סופר דיפנד 8 יחידות,קימברלי קלארק,VN,תחבושות דיפנד לנשים,יחידה,0.00,יחידה,false,,19.90,0.0000,true,1,81995
7290016197839,false,ניקול השקית החזקה 20 יח' XL,"אשפלסט תעשיות בע""מ",IL,השקית החזקה 20 יח XL,יחידה,0.00,יחידה,false,,21.90,0.0000,true,1,79655
7290016197877,false,שקיות אשפה לפחים בינוניים עם שרוך 50 * 53 ניקול 50 יחידות,"אשפלסט תעשיות בע""מ",IL,שקית ניקול לפח מטבח,יחידה,0.00,יחידה,false,,21.00,0.0000,true,1,80220
7290016217742,false,חציל בטחינה 200גרם גורמה,"סלטי שמיר 2006 בע""מ",IL,חציל בטחינה 200 גרם,גרמים,200.00,100 גרם,false,,9.90,0.0495,true,1,142205
7290016217759,false,חציל מרוקאי 200גרם גורמה,"סלטי שמיר 2006 בע""מ",IL,חציל מרוקאי 200 גרם,גרמים,200.00,100 גרם,false,,10.90,0.0545,true,1,142214
7290016234008,false,פילה אנשובי שמן זית תומר צנצנת 100 גרם,אינוורסינס פריסקו,PE,פילה דג אנשובי בשמן,גרמים,60.00,100 גרם,false,,11.50,0.1917,true,1,96700
7290016245929,false,לחם טחינה עשיר בחלבון 450 ג' ביכורים,מאפיית ביכורים,IL,לחם טחינה עשיר חלבון,גרמים,450.00,100 גרם,false,,25.90,0.0576,true,1,142908
7290016246018,false,בארכה מיקס פינוקיות חלבה 10*20 גרם.,"רושדי תעשיות מזון בע""\מ",IL,בארכה מיקס פינוקיות,גרמים,200.00,100 גרם,false,,12.90,0.0645,true,1,79459
7290016246025,false,בארכה מיקס פינוקיות חלווה ללא סוכר 10*20ג,"רושדי תעשיות מזון בע""\מ",IL,בארכה פינוקיות חלבה,גרמים,200.00,100 גרם,false,,12.90,0.0645,true,1,79605
7290016246308,false,בארכה בקטנה חטיף חלבה וניל קוקוס 18 גרם 7 יחידות,"רושדי תעשיות מזון בע""\מ",IL,חלבה בארכה בקטנה וני,גרמים,126.00,100 גרם,false,,11.90,0.0944,true,1,89089
7290016246445,false,בארכה טחינה גולמית מעודנת שומשום מלא 310 גם,"רושדי תעשיות מזון בע""\מ",IL,בארכה טחינה גולמית מ,גרמים,310.00,100 גרם,false,,12.90,0.0416,true,1,93606
7290016246711,false,בארכה - טחינה מתובלת גולמית מעודנת משומשום מלא אריסה 310 גרם,"רושדי תעשיות מזון בע""\מ",IL,בארכה טחינה גולמית מ,גרמים,310.00,100 גרם,false,,12.90,0.0416,true,1,98579
7290016246773,false,בארכה טחינה מתובלת גולמית מעודנת משומשום מלא זעתר 310 גרם,רושדי תעשיות מזון בע,IL,בארכה טחינה גולמית מ,גרמים,310.00,100 גרם,false,,12.90,0.0416,false,1,104412
7290016276756,false,מעדן 4 פירות 100% רכיבי פרי 284 גר' ללא תוספת סוכר,סיטי פודסטף,CN,מעדן 4 פירות 100% רכ,גרמים,284.00,100 גרם,false,,10.00,0.0352,true,1,82589
7290016306026,false,גלידת שוקולד פצפוצים473מ,גלידת אילו,IL,גלידת שוקולד עם פצפו,מיליליטרים,473.00,"100 מ""ל",false,,34.90,0.0738,true,1,100380
7290016306040,false,גלידת קרמל פקאן קלוי473מ,גלידת אילו,IL,גלידת קרמל עם פקאן ק,מיליליטרים,473.00,"100 מ""ל",false,,34.90,0.0738,true,1,100383
7290016306224,false,"גלידת וניל פיצפוצ473מ""ל",גלידת אילו,IL,גלידת קוקו וניל פצפו,מיליליטרים,473.00,"100 מ""ל",false,,34.90,0.0738,true,1,108840
7290016319118,false,מגע הדבש שעווה מתקלפת לפנים 100 גרם,המאפיה של הרמן,IL,מגע הדבש שעווה מתקלפ,גרמים,100.00,100 גרם,false,,29.90,0.2990,true,1,105869
7290016319309,false,סבון נוזלי מאסק קלאסי+משאבה פמלי 1 ל,הנסיך- מפעל לייצור ט,IL,פמלי אל סבון 1 ליטר,ליטרים,1.00,ליטר,false,,11.90,11.9000,false,1,83217
7290016320343,false,"דאק נוזל ג'ל לניקוי מתקדם בניחות לבנדר זוג * 750 מ""ל",אס. סי. ג'\ונסון מידרכט,NL,"דאק ג'ל נוזל 750 מ""ל",מיליליטרים,1500.00,"100 מ""ל",false,,17.90,0.0119,true,1,89051
7290016321678,false,מגבונים לחים בניחוח מרענן עם תמציות קמומיל ואלוורה,עלבד משואות יצחק,IL,מגבונים פרש וואנס עם,יחידה,0.00,יחידה,false,,15.90,0.0000,false,1,96923
7290016321883,false,פרשוואנס נייר טואלט מתכלה לילדים -מארז שלישייה,עלבד משואות יצחק בעמ,IL,פרש וואנס נייר טואלט,יחידה,0.00,יחידה,false,,12.90,0.0000,true,1,95810
7290016321890,false,פרשוואנס נייר טואלט מתכלה למבוגרים -מארז שלישייה,עלבד משואות יצחק בעמ,IL,פרש וואנס נייר טואלט,יחידה,0.00,יחידה,false,,12.90,0.0000,true,1,95811
7290016329278,false,קמיל בלו מגבונים מילוי 64 יח רביעייה,פישר מעבדות פרמצבטיות בע,IL,מגבונים לחים קמיל רב,יחידה,0.00,יחידה,false,,19.90,0.0000,false,1,88064
7290016329308,false,"ד""ר פישר - סרקל קרם רוזמרין לשיער מתולתל 325 מ""ל",פישר מעבדות פרמצבטיות בע,IL,סרקל קרם רוזמרין לשי,מיליליטרים,325.00,"100 מ""ל",false,,26.90,0.0828,true,1,85434
7290016370065,false,זיתים נובו מבוקע יבנ,קבוצת יבנה,,זיתים נובו מבוקע יבנ,יחידה,0.00,יחידה,false,,9.90,0.0000,true,1,108446
7290016370959,false,חציל קלוי (פירה) בצנצנת קבוצת יבנה 530 גרם,תאי פרזידנט פוד פאבל,GR,חציל קלוי על האש צנצ,גרמים,530.00,100 גרם,false,,10.00,0.0189,true,1,83727
7290016372342,false,עגבניות חתוך קוביות גראנד איטליה מארז 400X3ג',גרנד איטליה Grand Italia,IT,עגבניות חתוכות לקובי,גרמים,1200.00,100 גרם,false,,16.90,0.0141,true,1,88698
7290016372397,false,"תה ויסוצקי ירוק תפוז,ג'ינגר וכורכום 25 יח'",ויסוצקי ירוק,IL,תה ירוק תפוז ג'נג'ר,יחידה,0.00,יחידה,false,,24.90,0.0000,false,1,88639
7290016372434,false,תה ירוק עם מאצה יפני,תה ויסוצקי,IL,תה ירוק עם מאצ'ה יפנ,יחידה,0.00,יחידה,false,,24.90,0.0000,false,1,88890
7290016372458,false,חליטת לימונית ולואיזה הגן הקסום ויסוצקי 50 יחידות,תה ויסוצקי,IL,חליטת גן קסום לימוני,גרמים,75.00,100 גרם,false,,34.90,0.4653,true,1,88721
7290016372489,false,ויסוצקי חליטת ג'ינג'ר ולימון סודות הצמחים 25 שקיקים,תה ויסוצקי,IL,חליטת ג'ינג'ר לימון,גרמים,40.00,100 גרם,false,,18.90,0.4725,true,1,88645
7290016372496,false,חליטת פירות וצמחים בטעם ג'ינג'ר ודבש -אפקט הג'ינג'ר,תה ויסוצקי,IL,חליטת ג'ינג'ר דבש,גרמים,40.00,100 גרם,false,,18.90,0.4725,true,1,88646
7290016402223,false,פחם פרימיום למעשנה ו,,,פחם פרימיום למעשנה ו,קילוגרמים,8.00,"ק""ג",false,,84.90,10.6125,true,1,105554
7290016408119,false,טרליני כעכים בטעם קלאסי 225 גר' - בדץ,אפוליה פוד,IL,טרליני כעכים בטעם קל,גרמים,225.00,100 גרם,false,,6.90,0.0307,true,1,82338
7290016408133,false,טרליני כעכים בטעם בצל וזיתים 225 גר' - בדץ,אפוליה פוד,IT,טרליני מיני כעכים אי,גרמים,225.00,100 גרם,false,,6.90,0.0307,true,1,82219
7290016408294,false,"מרשמלו ורוד לבן וסטהיים 150 ג', 26 בקרטון",מנדלז סי.אר. פרודקשן,IL,מרשמלו כרמית 150 גרם,גרמים,150.00,100 גרם,false,,4.90,0.0327,true,1,85472
7290016408447,false,קרקר עגבניות ובזיליקום כרמית 130 גרם,דנוויטה ג'\יי. אס. סי,LT,חטיף קרקר עם עגבניות,גרמים,130.00,100 גרם,false,,5.90,0.0454,true,1,83432
7290016408980,false,"מטבעות שוקולד חלב 36 ג' כשל""פ בד""ץ",כרמית תעשיות מזון,IL,מטבעות שוקולד ללא גל,יחידה,0.00,יחידה,false,,3.90,0.0000,true,1,88932
7290016429992,false,"ד""ר פישר - אלכוג'ל במארז סיליקון עם דמות 30 מ""ל",פישר מעבדות פרמצבטיות בע,IL,"אלכוג'ל 30 מ""ל בסילי",מיליליטרים,30.00,"100 מ""ל",false,,14.90,0.4967,true,1,86904
7290016437614,false,"תחתוני חיתולים פרידום דריי מידה 3 6-11 ק""ג",האגיס Huggies,IL,האגיס פנטס מידה 3,יחידה,0.00,יחידה,false,,44.90,0.0000,false,1,85647
7290016437645,false,חיתולי האגיס פרידום דריי pants מידה 5 34 יחידות,קימברלי קלארק צ'כיה,CZ,האגיס פנטס מידה 5,יחידה,0.00,יחידה,false,,44.90,0.0000,false,1,85649
7290016437652,false,חיתולי האגיס פרידום דריי pants מידה 6 30 יחידות,קימברלי קלארק צ'כיה,CZ,האגיס פנטס מידה 6,יחידה,0.00,יחידה,false,,44.90,0.0000,false,1,85650
7290016439410,false,ממרח תמרים טבעי משק,,,ממרח תמרים טבעי משק,גרמים,300.00,100 גרם,false,,8.90,0.0297,true,1,142968
7290016439601,false,ממרח תמרים 450 גר צור עין יהב,"משק צור עין יהב בע""מ",IL,מחית תמרים משק צור 4,גרמים,450.00,100 גרם,false,,4.90,0.0109,true,1,145849
7290016440881,false,ירקות חמוצים בטעם ביתי מעדני עופר 500 גרם,מוצרי קפוא זן,,תערובת ירקות חמוצים,יחידה,0.00,יחידה,false,,18.90,0.0000,true,1,102016
7290016440911,false,מלפפונים ביתיים 500 גרם מעדני עופר,מוצרי קפוא זן,,מלפפונים כבושים,גרמים,500.00,100 גרם,false,,19.90,0.0398,true,1,102014
7290016492125,false,פרג תבלין פילדפיה 120 גר',תבליני הדור השלישי,IL,פילדלפיה,גרמים,150.00,100 גרם,false,,14.90,0.0993,true,1,93511
7290016492392,false,קינואה עם ירקות,,,קינואה עם ירקות,גרמים,400.00,100 גרם,false,,24.90,0.0622,true,1,103950
7290016492415,false,בורגול עם עדשים 500 גרם,,,בורגול עם עדשים,גרמים,500.00,100 גרם,false,,24.90,0.0498,true,1,93542
7290016492422,false,אורז עם עדשים 500 גרם,תבליני הדור השלישי,IL,אורז עדשים מג'דרה,גרמים,500.00,100 גרם,false,,24.90,0.0498,true,1,93548
7290016492439,false,קינואה עם עדשים 500 גרם,,,קינואה עם עדשים,גרמים,500.00,100 גרם,false,,24.90,0.0498,true,1,93543
7290016496239,false,מגן פמוט 20 יח',מעגל הזמן,,מגן פמוטים,יחידה,0.00,יחידה,false,,5.90,0.0000,true,1,98234
7290016509304,false,סוד סבון לאסלה 4 כדוריותבניחוח לבנדר 50 ג',הנקל סוד,IL,סוד סבון אסלה 4 כדור,יחידה,0.00,יחידה,false,,8.90,0.0000,true,1,87468
7290016509786,false,פרסיל גל לכביסה לבנה וצבעונית-ירוק 2.5 ל,"הנקל סוד בע""\מ",IL,פרסיל ג'ל 2.5 ליטר י,ליטרים,2.50,ליטר,false,,34.90,13.9600,true,1,92076
7290016509809,false,ג'ל מרוכז לכביסה קולור 2.5 ל' פרסיל,"הנקל סוד בע""\מ",IL,פרסיל ג'ל 2.5 ליטר ק,ליטרים,2.50,ליטר,false,,34.90,13.9600,true,1,92078
7290016509823,false,ג'ל לכביסה לבנה וצבעונית בניחוח רענן,"הנקל סוד בע""\מ",IL,פרסיל ג'ל 2.5 ליטר ב,ליטרים,2.50,ליטר,false,,34.90,13.9600,true,1,92080
7290016509830,false,ג'ל כביסה לבגדי תינוקות ובעלי עור רגיש Sensitive,"הנקל סוד בע""\מ",IL,פרסיל ג'ל 2.5 ליטר ב,ליטרים,2.50,ליטר,false,,34.90,13.9600,true,1,92081
7290016509847,false,פרסיל ג'ל לכביסה כהה בלאק 2.5 ליטר,"הנקל סוד בע""\מ",IL,פרסיל ג'ל 2.5 ליטר ב,ליטרים,2.50,ליטר,false,,34.90,13.9600,true,1,94762
7290016510287,false,"תחליב רחצה הוואי דבש אירוס זהוב 700 מ""ל",תאי פרזידנט פוד פאבל,IL,הוואי תחליב רחצה קרם,מיליליטרים,700.00,"100 מ""ל",false,,8.90,0.0127,false,1,92200
7290016537000,false,במיה הודית משק צ'רי,,,במיה הודית,יחידה,0.00,יחידה,false,,22.90,0.0000,true,1,93030
7290016537017,false,תרד גוליבר,,,תרד גוליבר,יחידה,0.00,יחידה,false,,14.90,0.0000,true,1,101355
7290016537031,false,אפונת שלג משק צ'ירי,ביכורי שדה דרום,IL,אפונת שלג כפרי חן,יחידה,0.00,יחידה,false,,19.90,0.0000,true,1,93683
7290016537062,false,שורש כורכום,,,שורש כורכום,יחידה,0.00,יחידה,false,,11.90,0.0000,true,1,99256
7290016564006,false,מבריקל הפלא ספוגיות להסרת כתמים קשים ושומנים 3יח,,,מבריקל הפלא,יחידה,0.00,יחידה,false,,9.90,0.0000,true,1,85398
7290016564266,false,מבריקל הפלא כיסוי הפלא 3,פארמה דיל,IL,כיסוי הפלא מבריקל,יחידה,0.00,יחידה,false,,9.90,0.0000,true,1,97666
7290016564402,false,מטליות מיקרופייבר לנ,,,מבריקל הפלא מטליות מ,יחידה,0.00,יחידה,false,,9.90,0.0000,true,1,143203
7290016565027,false,בזיליקום,,,בזיליקום,יחידה,0.00,יחידה,false,,7.50,0.0000,true,1,102821
7290016565058,false,בצל ירוק,,,בצל ירוק,יחידה,0.00,יחידה,false,,7.50,0.0000,true,1,103102
7290016565065,false,מנגולד,,,מנגולד,יחידה,0.00,יחידה,false,,8.90,0.0000,true,1,103881
7290016565096,false,פסטו משובח הידרופוני,,,פסטו משובח הידרופוני,יחידה,0.00,יחידה,false,,24.90,0.0000,true,1,102822
7290016565126,false,חסה משי אדומה,,,חסה משי אדומה,יחידה,0.00,יחידה,false,,11.50,0.0000,true,1,103104
7290016565140,false,פטרוזיליה,,,פטרוזיליה,יחידה,0.00,יחידה,false,,7.50,0.0000,true,1,142062
7290016565164,false,מיקס ירוקים,,,מיקס ירוקים,יחידה,0.00,יחידה,false,,11.90,0.0000,true,1,103105
7290016565324,false,ממרח לימונים משובח,,,ממרח לימונים משובח,יחידה,0.00,יחידה,false,,24.90,0.0000,true,1,108545
7290016565348,false,לימון ליים 400 גרם,,,לימון ליים 400 גרם,גרמים,400.00,100 גרם,false,,7.50,0.0188,true,1,142554
7290016565362,false,חסה ליטל ג'ים,,,חסה ליטל ג'ים,יחידה,0.00,יחידה,false,,11.50,0.0000,true,1,142555
7290016565379,false,מיקס עלי חסה,,,מיקס עלי חסה,יחידה,0.00,יחידה,false,,11.50,0.0000,true,1,144853
7290016565409,false,סלרי עלים,,,סלרי עלים,יחידה,0.00,יחידה,false,,6.90,0.0000,true,1,145786
7290016565416,false,חסה לליק,,,חסה לליק,יחידה,0.00,יחידה,false,,11.50,0.0000,true,1,143630
7290016566178,false,בקבוק שתיה אישי 500,,,"בקבוק טריטן 600 מ""ל",יחידה,0.00,יחידה,false,,30.00,0.0000,true,1,89848
7290016566185,false,בקבוק פתיחה לחיצה,,CN,בקבוק פתיחה לחיצה,יחידה,0.00,יחידה,false,,35.00,0.0000,true,1,143778
7290016566468,false,בקבוק תרמי 800 מ''ל מוסקו,,,בקבוק טרמי,יחידה,0.00,יחידה,false,,79.90,0.0000,true,1,107947
7290016584004,false,חטיפוני גזר 130 גרם,"מרינה פטריות הגליל בע""מ",IL,חטיפוני גזר 130 גר',גרמים,130.00,100 גרם,false,,6.90,0.0531,true,1,83833
7290016584011,false,חטיפוני גזר 350 גרם גיזרונים,"מרינה פטריות הגליל בע""מ",IL,חטיפוני גזר 350 גר',גרמים,350.00,100 גרם,false,,12.90,0.0369,true,1,83813
7290016607390,false,יין מרלו רזרב דלתון,"יקב דלתון בע""מ",IL,מרלו רזרב דלתון,מיליליטרים,750.00,"100 מ""ל",false,,110.00,0.1467,true,1,104682
7290016607772,false,"יין רוזה גליל דלתון 750 מ""ל","יקב דלתון בע""\מ",IL,יין גליל רוזה דלתון,מיליליטרים,750.00,"100 מ""ל",false,,59.90,0.0799,true,1,103545
7290016621358,false,"ד""ר פישר - קמיל אל סבון ניקיון והזנה ורוד 1 ליטר",פישר מעבדות פרמצבטיות בע,IL,אל סבון נוזלי להזנה,ליטרים,1.00,ליטר,false,,15.90,15.9000,false,1,86907
7290016646078,false,טחינה אתיופית טבעונית היילה 700 גרם,,אתיופיה,היילה טחינה אתיופית,גרמים,700.00,100 גרם,false,,23.90,0.0341,true,1,107021
7290016646177,false,טחינה אתיופית טבעית היילה,,,היילה טחינה אתיופית,גרמים,350.00,100 גרם,false,,16.90,0.0483,true,1,145165
7290016651164,false,גומי לתחתון 10 מטר,,,גומי לתחתון 10 מטר,יחידה,0.00,יחידה,false,,8.90,0.0000,true,1,84194
7290016651263,false,צנטרים לעיצוב קרם שי,,,צנטרים לעיצוב קרם שי,יחידה,0.00,יחידה,false,,9.90,0.0000,true,1,103732
7290016651300,false,מברשת ראש יוקרה,,,מברשת ראש יוקרה,יחידה,0.00,יחידה,false,,14.90,0.0000,true,1,87506
7290016651317,false,מברשת יוקרתית 317 סט,,,מברשת ראש סטייל,יחידה,0.00,יחידה,false,,13.90,0.0000,true,1,87507
7290016651782,false,מברשת לשיניים תותבות,,,מברשת לשיניים תותבות,יחידה,0.00,יחידה,false,,9.90,0.0000,true,1,102501
7290016651966,false,כפפות לטקס,,,כפפות לטקס,יחידה,0.00,יחידה,false,,31.90,0.0000,true,1,141534
7290016651980,false,מטליות ריצפה אנטיבקט,,,מטליות ריצפה אנטיבקט,יחידה,0.00,יחידה,false,,9.90,0.0000,true,1,145184
7290016657012,false,סיכה סט פפיון,,,סיכה סט פפיון,יחידה,0.00,יחידה,false,,6.90,0.0000,true,1,86833
7290016667080,false,חטיף ציפס טורטיה ברביקיו 250 גרם,ROGER&ROGER,BE,חטיף צ'יפס טורטיה בר,גרמים,250.00,100 גרם,false,,9.90,0.0396,true,1,83351
7290016667097,false,חטיף ציפס טורטיה מלוח 250 גרם,ROGER&ROGER,BE,חטיף צ'יפס טורטיה מל,גרמים,250.00,100 גרם,false,,9.90,0.0396,true,1,83352
7290016667271,false,"משאבה מסיר לאק 150 מ""ל",,,"מסיר לק משאבה 150 מ""",מיליליטרים,150.00,"100 מ""ל",false,,11.90,0.0793,true,1,87652
7290016667417,false,שקיות איזבל 10 יח' 7,,,שקיות איזבל 10 יח' 7,יחידה,0.00,יחידה,false,,6.90,0.0000,true,1,94618
7290016667660,false,"טורטיה בתוספת קמח תירס 20 ס""מ 8 יחי",,,טורטיות בתוספת קמח ת,גרמים,320.00,100 גרם,false,,9.90,0.0309,true,1,101866
7290016667714,false,נייר פרגמנט לעטיפת מזון,,,אריזון נייר פרגמנט ל,יחידה,0.00,יחידה,false,,9.90,0.0000,true,1,102538
7290016667905,false,דפנית אפיה אינגליש ק,,,דפנית אפיה אינגליש ק,יחידה,0.00,יחידה,false,,9.90,0.0000,true,1,104540
7290016667912,false,תבניות מאפין קאפקייק מספר 6,,,תבניות מאפינס קאפקיי,יחידה,0.00,יחידה,false,,8.50,0.0000,true,1,108864
7290016667936,false,תבניות מאפין קאפקייק מספר 8,,,תבניות מאפין קאפקייק,יחידה,0.00,יחידה,false,,7.50,0.0000,true,1,109017
7290016682038,false,"מיץ תפוזים סחוט 100% טבעי. מפוסטר, מקורר",פרי ניב,IL,פרי ניב תפוזים 400 מ,מיליליטרים,400.00,"100 מ""ל",false,,8.50,0.0213,true,1,88165
7290016682052,false,"משקה קל לימונענע. מפוסטר, מקורר",פרי ניב,IL,פרי ניב לימונענע 400,מיליליטרים,400.00,"100 מ""ל",false,,8.50,0.0213,true,1,88164
7290016682083,false,"פריניב נקטר תות בננה 400 מ""ל",פרי ניב,IL,פרי ניב תות בננה 400,מיליליטרים,400.00,"100 מ""ל",false,,8.50,0.0213,true,1,97603
7290016682168,false,"פריניב מיץ תפוזים ולנסיה סחוט 100% 400 מ""ל",פרי ניב,IL,פרי ניב תפוז ולנסיה,מיליליטרים,400.00,"100 מ""ל",false,,8.50,0.0213,true,1,107067
7290016682335,false,מיץ תפוזים סחוט פריניב 2 ליטר,פרי ניב,IL,מיץ תפוזים סחוט 2 לי,ליטרים,2.00,ליטר,false,,22.00,11.0000,true,1,141688
7290016682342,false,מיץ תפוזים וולנסיה פרי ניב 2 ליטר-,פרי ניב,IL,מיץ תפוזים ולנסיה 2,ליטרים,2.00,ליטר,false,,25.90,12.9500,true,1,141689
7290016682359,false,מיץ תפוזים שמוטי פרי ניב 2 ליטר-,פרי ניב,IL,מיץ תפוזים שמוטי 2 ל,ליטרים,2.00,ליטר,false,,25.90,12.9500,true,1,141690
7290016682373,false,משקה קל לימונדה בלאדי 2 ליטר פריניב,פריניב,IL,מיץ לימונדה בלדי 2 ל,ליטרים,2.00,ליטר,false,,19.90,9.9500,true,1,141692
7290016717754,false,"יין ישן נושן יקבי כרמל 750 מ""ל ^^^",אגודת הכורמים הקואופרטיב,IL,יין ישן נושן,מיליליטרים,750.00,"100 מ""ל",false,,17.90,0.0239,true,1,92151
7290016823004,false,בזיליקום יח freshlid,"מרינה פטריות הגליל בע""מ",IL,בזיליקום,יחידה,0.00,יחידה,false,,5.90,0.0000,true,1,85845
7290016823257,false,חסה סלנובה מהדרין יח,"מרינה פטריות הגליל בע""מ",IL,חסה סלנובה מרינה,יחידה,0.00,יחידה,false,,11.90,0.0000,true,1,93046
7290016823349,false,סלק מקולף בוואקום לי,"מרינה פטריות הגליל בע""מ",IL,סלק בוואקום,יחידה,0.00,יחידה,false,,6.90,0.0000,true,1,94330
7290016823448,false,ברוקולי יחידה 350 גרם,"מרינה פטריות הגליל בע""מ",IL,ברוקולי 350 גר' מרינ,גרמים,350.00,100 גרם,false,,9.90,0.0283,true,1,90479
7290016823523,false,צנונית יח 500 גרם שמיטה,"מרינה פטריות הגליל בע""מ",IL,צנונית 500 גר' מרינה,גרמים,500.00,100 גרם,false,,5.90,0.0118,true,1,89255
7290016865943,false,אטריות ביצים פטוציני אוריינט 400 גרם,פ.פ.פ טאביט פולין,PL,איטריות ביצים פטוצ'י,גרמים,400.00,100 גרם,false,,13.90,0.0348,true,1,88233
7290016866643,false,פרודונטקס מ.שיניים אקסטרה פרש 75 מל,פרודונטקס Parodontax,SK,משחת שיניים פרדונטקס,מיליליטרים,75.00,"100 מ""ל",false,,29.90,0.3987,true,1,92476
7290016866650,false,"פרודונטקס - משחת שיניים אוריג'ינל 75 מ""ל",פרודונטקס Parodontax,SK,משחת שיניים פרודונטק,מיליליטרים,75.00,"100 מ""ל",false,,29.90,0.3987,true,1,92477
7290016866667,false,"פרודונטקס - משחת שיניים ללא פלאוריד 75 מ""ל",פרודונטקס Parodontax,SK,משחת שיניים פרדונטקס,מיליליטרים,75.00,"100 מ""ל",false,,29.90,0.3987,true,1,92614
7290016866674,false,"פרודונטקס - משחת שיניים מלבינה 75 מ""ל",פרודונטקס Parodontax,SK,משחת שיניים פרודונטק,מיליליטרים,75.00,"100 מ""ל",false,,29.90,0.3987,true,1,92478
7290016866704,false,סטייל שמפו קרטין E 750 מל לשיקום שיער יב,סטייל Style,IL,סטייל שמפו קרטין E,מיליליטרים,750.00,"100 מ""ל",false,,26.90,0.0359,true,1,89266
7290016866711,false,"סטייל מרכך לשיער קרטין פלוס לאחר החלקה, 750 מ""ל",סטייל Style,IL,סטייל מרכך קרטין E,מיליליטרים,750.00,"100 מ""ל",false,,26.90,0.0359,true,1,89267
7290016866728,false,סטייל מסכה קרטין E 500 מל לשיקום שיער יב,סטייל Style,IL,סטייל מסכה קרטין E,מיליליטרים,500.00,"100 מ""ל",false,,39.90,0.0798,true,1,89268
7290016866902,false,זוג סבון ידיים סטייל 1 לי,,,סבון ידיים זוג משאבה,ליטרים,1.00,ליטר,false,,9.90,9.9000,true,1,141598
7290016883176,false,"מוזלי פתיתי שיבולת שועל עם שוקולד מריר ושבבי קוקוס 1 ק""ג","דין שיווק וקלייה בע""",MK,מוזלי עם שוקולד מריר,קילוגרמים,1.00,"ק""ג",false,,19.90,19.9000,true,1,90158
7290016912494,false,"ד""ר פישר - אפקטיב קר תרחיץ פנים לכל סוגי העור 180 מ""ל",פישר מעבדות פרמצבטיות בע,IL,אפקטיב קר תרחיץ פנים,מיליליטרים,180.00,"100 מ""ל",false,,16.90,0.0939,true,1,88649
7290016912500,false,"ד""ר פישר - אפקטיב קר תרחיץ פנים לעור רגיש 180 מ""ל",פישר מעבדות פרמצבטיות בע,IL,אפקטיב קר תרחיץ פנים,מיליליטרים,180.00,"100 מ""ל",false,,16.90,0.0939,true,1,88650
7290016967074,false,לחם חיטה מלאה עם גרעינים ודגנים,מאפיית שלמה א. אנג'\ל בע,IL,לחם אנג'ל חיטה מלאה,מיליליטרים,750.00,"100 מ""ל",false,,14.90,0.0199,true,1,84810
7290016988017,false,קרקר כוסמין מלא ופשתן150,עידית וסביון פרגר,IL,קרקר כוסמין מלא עם ק,גרמים,150.00,100 גרם,false,,23.90,0.1593,true,1,87306
7290016988031,false,קרקר פרג,,,קרקר פרג,גרמים,150.00,100 גרם,false,,23.90,0.1593,true,1,87998
7290016988086,false,קרקר מקמח חומוס,,,קרקר מקמח חומוס,גרמים,150.00,100 גרם,false,,26.90,0.1793,true,1,95953
7290016988093,false,קרקר כוסמין מלא וסלק150ג,עידית וסביון פרגר,IL,קרקר סלק וכוסמין,גרמים,150.00,100 גרם,false,,26.90,0.1793,true,1,84655
7290016988116,false,קרקר עדשים כתומות 150 גר,עידית וסביון פרגר,IL,קרקר עדשים כתומות 15,גרמים,150.00,100 גרם,false,,26.90,0.1793,true,1,97465
7290016988635,false,קרקר כוסמת ירוקה וטף,עידית וסביון - בויוס,IL,קרקר כוסמת ירוקה וטף,גרמים,150.00,100 גרם,false,,26.90,0.1793,true,1,142374
7290016995008,false,פופקורן אורגני 500 גרם,תבואות,,פופקורן אורגני 500 ג,גרמים,500.00,100 גרם,false,,10.40,0.0208,true,1,87902
7290016995046,false,"קמח טף טבעי 1 ק""ג תב",תבואות,,"קמח טף טבעי 1 ק""ג תב",קילוגרמים,1.00,"ק""ג",false,,18.90,18.9000,true,1,99133
7290016995053,false,קמח טפיוקה 500 גר' ת,תבואות,,קמח טפיוקה 500 גר' ת,גרמים,500.00,100 גרם,false,,8.90,0.0178,true,1,87008
7290016995077,false,קוסקוס כוסמין אורגני 400 גרם,תבואות,IT,קוסקוס כוסמין אורגני,גרמים,400.00,100 גרם,false,,14.90,0.0373,true,1,86895
7290016995329,false,מלח הימליה גס במלחייה250,תבואות,PK,מלחיה הימליה גס 250,גרמים,250.00,100 גרם,false,,10.90,0.0436,true,1,102629
7290016995398,false,חומץ תפוחים אורגני 1 ליטר,תבואות,ES,חומץ תפוח אורגני 1 ל,ליטרים,1.00,ליטר,false,,21.90,21.9000,true,1,99986
7290016995480,false,ניוקי כוסמין מלא אורגני 500 גרם,תבואות,IL,פסטה ניוקי מקמח כוסמ,גרמים,500.00,100 גרם,false,,18.90,0.0378,true,1,105599
7290016995503,false,חמאת בוטנים קראנצי א,ריזאו שנגקנג,CN,חמאת בוטנים קראנצ'י,גרמים,510.00,100 גרם,false,,19.90,0.0390,true,1,94716
7290016995510,false,חמאת בוטנים אורגנית,ריזאו שנגקנג,CN,חמאת בוטנים אורגנית,גרמים,510.00,100 גרם,false,,19.90,0.0390,true,1,94518
7290016995701,false,מחית בננה תפוח אורגני 100 גרם,תבואות מוצרי מזון או,IT,מחית בננה תפוח אורגנ,גרמים,100.00,100 גרם,false,,4.90,0.0490,true,1,99685
7290016995718,false,מחית אגס ותפוח אורגני 100 גרם,תבואות,,מחית אגס ותפוח אורגנ,גרמים,100.00,100 גרם,false,,4.90,0.0490,true,1,99686
7290016995725,false,מחית מנגו תפוח אפרסק אורגני 100 גרם,תבואות,,מחית מנגו תפוח אפרסק,גרמים,100.00,100 גרם,false,,4.90,0.0490,true,1,99687
7290016995800,false,זיתים שחור קלמטה אור,תבואות,IL,זיתים שחור קלמאטה או,גרמים,370.00,100 גרם,false,,14.50,0.0392,true,1,102856
7290016995848,false,שום כתוש אורגני 185 גרם,תבואות,CN,שום כתוש אורגני 185,גרמים,185.00,100 גרם,false,,14.90,0.0805,true,1,102957
7290016995855,false,גינגר אורגני כתוש 185 גר,תבואות,CN,ג'ינגר כתוש אורגני 1,גרמים,185.00,100 גרם,false,,14.90,0.0805,true,1,107470
7290016995930,false,אבקת קקאו אורגנית 200 גרם,תבואות,PE,אבקת קקאו אורגנית 20,גרמים,200.00,100 גרם,false,,19.90,0.0995,true,1,100160
7290017000909,false,"יין קסטל פטיט 2020 750 מ""ל",יקב קסטל,,פטיט קסטל 2020,מיליליטרים,750.00,"100 מ""ל",false,,130.00,0.1733,true,1,143566
7290017023212,false,"שוויפס מוגז פירות תפוח מארז רביעייה* 330 מ""ל",יפאורה תבורי בעמ,IL,רביעיית פחיות שוופס,מיליליטרים,1320.00,"100 מ""ל",false,,13.50,0.0102,true,1,91016
7290017023229,false,רביעיית פחיות שוופס מוגז פירות תות ליים 330 מל.,יפאורה תבורי בעמ,IL,רביעיית פחיות שוופס,מיליליטרים,1320.00,"100 מ""ל",false,,13.50,0.0102,true,1,91017
7290017023236,false,רביעיית פחיות שוופס מוגז פירות ענבים 330 מל.,יפאורה תבורי בעמ,IL,רביעיית פחיות שוופס,מיליליטרים,1320.00,"100 מ""ל",false,,13.50,0.0102,true,1,91018
7290017023663,false,"שוופס מיץ פירות לימונייד פחית מארז 330X4מ""ל",יפאורה תבורי,IL,רביעיית פחיות שוופס,מיליליטרים,1320.00,"100 מ""ל",false,,13.50,0.0102,true,1,92579
7290017023816,false,"ספרינג  פירות טרופיים 250 מ""ל רביעייה","יפאורה תבורי בע""\מ",IL,רביעיית ספרינג 250 מ,ליטרים,1.00,ליטר,false,,12.90,12.9000,false,1,96392
7290017023854,false,מי סודה בקבוקים אישיים - מארז 4 יח',יפאורה תבורי בעמ,IL,"שוופס סודה 250 מ""ל ר",ליטרים,1.00,ליטר,false,,10.90,10.9000,true,1,94778
7290017023861,false,סודה בטעם לימון בקבוקים אישיים - מארז 4 יח',יפאורה תבורי בעמ,IL,שוופס סודה לימון 250,ליטרים,1.00,ליטר,false,,10.90,10.9000,true,1,94779
7290017023878,false,סודה בטעם נענע ליים בקבוקים אישיים - מארז 4 יח',יפאורה תבורי בעמ,IL,שוופס סודה נענע ליים,ליטרים,1.00,ליטר,false,,10.90,10.9000,true,1,94780
7290017031323,false,"אטריות ביצים פפרדלה 400 מ""ל",פ.פ.פ טאביט פולין,PL,אטריות ביצים פפרדלה,גרמים,400.00,100 גרם,false,,14.90,0.0373,true,1,97317
7290017031477,false,"סנסודיין משחת שיניים רפיד רליף להלבנה 75 מ""ל","סמיתקליין ביצ'ם בע""מ",GB,משחת שיניים סנסודיין,מיליליטרים,75.00,"100 מ""ל",false,,24.90,0.3320,true,1,96758
7290017031705,false,"סנסודיין משחת שיניים קלין & פרש 75 מ""ל",גלקסוס סמית קליין,SK,משחת שיניים סנסודיין,מיליליטרים,75.00,"100 מ""ל",false,,21.90,0.2920,true,1,94670
7290017031811,false,פרודונטקס מברשת שיניים אקסטרא סופט א.זוג,גלקסוסמיתקליין,CN,זוג מברשות שיניים פר,יחידה,0.00,יחידה,false,,17.90,0.0000,true,1,97613
7290017031859,false,"פרודונטקס - משחת שיניים אולטרא קלין 75 מ""ל","מאסטרפוד אוסטריה בע""מ",SK,משחת שיניים פרדונטקס,מיליליטרים,75.00,"100 מ""ל",false,,29.90,0.3987,true,1,94864
7290017058016,false,אנשובי בצנצנת עם צלפים 100 גרם,Inversiones prisco s,IL,אנשובי עם צלפים 100ג,גרמים,60.00,100 גרם,false,,11.50,0.1917,true,1,102759
7290017065007,false,פרוסות גבינה מוצרלה חצי קשה 22% שומן 200 ג' גד,מחלבות גד בעמ,IL,מוצרלה פרוסה גד,גרמים,200.00,100 גרם,false,,18.90,0.0945,true,1,85730
7290017065137,false,ריקוטה למריחה 5% טבעית 200 גרם - רובין,האי נאם סי או אל.טי.,IL,ריקוטה למריחה 5% עם,גרמים,200.00,100 גרם,false,,9.90,0.0495,true,1,89902
7290017065144,false,ריקוטה למריחה בתוספת בזיליקום 5% גד 200 גם,האי נאם סי או אל.טי.,IL,ריקוטה למריחה 5% עם,גרמים,200.00,100 גרם,false,,9.90,0.0495,true,1,89909
7290017065175,false,גבינה חצי קשה במעטפת סידן 36% שומן,הנסיך- מפעל לייצור ט,ES,גבינת מנצג'ו פרוסה ג,גרמים,150.00,100 גרם,false,,22.50,0.1500,true,1,91210
7290017065212,false,גבינת קרם מסקרפונה מחלבות גד 250 גר,מיוצר עי קוד יצרן ED,IL,קרם מסקרפונה גד,גרמים,250.00,100 גרם,false,,19.90,0.0796,false,1,91214
7290017065236,false,גבינה בולגרית מעודנת 24% גד 250 גרם,הנסיך- מפעל לייצור ט,IL,בולגרית מעודנת 24% ג,גרמים,250.00,100 גרם,false,,23.90,0.0956,true,1,91215
7290017065311,false,פרוסות גבינה מוצרלה מעושנת 200 ג',מחלבות גד בעמ,IL,פרוסות מוצרלה מעושנת,גרמים,200.00,100 גרם,false,,19.90,0.0995,true,1,91213
7290017065380,false,גבינת גרנה פדנו שבבים גד 100 גרם,גבינות מדף,IT,גבינת גרנה פדנו שבבי,גרמים,100.00,100 גרם,false,,14.60,0.1460,true,1,95630
7290017065441,false,גבינה גאודה עיזים פרוסה הולנדית 200 גר',גבינות מדף,NL,פרוסות גאודה עיזים ג,גרמים,200.00,100 גרם,false,,33.90,0.1695,true,1,95957
7290017065526,false,קוואטרו פורמאג'י 4 גבינות מגוררות 26%,"מחלבות גד בע""\מ",IL,קוואטרו פורמאג'י,גרמים,300.00,100 גרם,false,,28.90,0.0963,true,1,95963
7290017065588,false,יוגורט יווני 10% שומן 600 ג' גד,"מיוצר ע""\י קוד יצרן MKN",IL,יוגורט יווני,גרמים,600.00,100 גרם,false,,17.50,0.0292,true,1,100930
7290017065618,false,גבינת פקורינו פרוס מחלב כבשים,הנסיך- מפעל לייצור ט,ES,פקורינו פרוס,גרמים,150.00,100 גרם,false,,22.90,0.1527,true,1,100931
7290017065663,false,גבינת פטה עיזים מעודנת 16% גד 200 גרם,ג'נרל מילס סאן אדריא,IL,פטה עיזים מעודנת 16%,גרמים,250.00,100 גרם,false,,31.00,0.1240,true,1,103684
7290017065731,false,גבינת שמנת 30% ניו יורק +כמהין 200 גרם רבנות,פ.פ.ח. שאביט,IL,גבינת שמנת ניו יורק,גרמים,200.00,100 גרם,false,,13.90,0.0695,true,1,106809
7290017065762,false,מאנורי גבינה בסגנון יווני לצליה 30% שומן 100 גרם,מחלבות גד,IL,גבינת מאנורי מחלבת ג,גרמים,100.00,100 גרם,false,,11.30,0.1130,true,1,142820
7290017065786,false,"גבינת צ`דר מחלבות גד , 210 גרם","מחלבות גד בע""\מ",IL,גבינת צ'דר מחלבת גד,גרמים,210.00,100 גרם,false,,21.90,0.1043,true,1,142228
7290017065861,false,קאצ'יו אה פפה - רוטב פקורינו ופלפל שחור 200 גרם בית יוסף,גבינות מדף,IL,רוטב קאצי'ו אה פפה,גרמים,200.00,100 גרם,false,,15.90,0.0795,true,1,144062
7290017065878,false,רוטב לפסטה מק אנד צ'יז גד 200 גרם,גבינות מדף,IL,רוטב מק אנד צ'יז גד,גרמים,200.00,100 גרם,false,,15.90,0.0795,true,1,144064
7290017065960,false,רוטב פורצ'יני מחלבות גד 200 גרם,גבינות מדף,IL,רוטב פורצ'יני גד,גרמים,200.00,100 גרם,false,,15.90,0.0795,true,1,146424
7290017105048,false,שלישיית טבעות זיתים זיתים יכין 200 גרם,יכין,IL,זיתים ירוקים טבעות י,גרמים,225.00,100 גרם,false,,12.90,0.0573,true,1,101999
7290017105468,false,מארז שלישייה אפונה קטנה יכין 3*200 גר,קשקמט קונסרב הונגריה,IL,שלישיית אפונה יכין,גרמים,600.00,100 גרם,false,,13.90,0.0232,true,1,99681
7290017105895,false,גרגרי חומוס להכנת חומוס משובח יכין 560 ג,זנלכל,IL,גרגירי חומוס להכנת ח,גרמים,560.00,100 גרם,false,,8.90,0.0159,true,1,103136
7290017121048,false,"פלפל צ'ומה 250 גרם ""עללחם""","מדשא תעשיות מזון בע""\מ",IL,פלפל צ'ומה על הלחם,גרמים,250.00,100 גרם,false,,13.90,0.0556,true,1,96329
7290017121093,false,"אריסה חריפה 250 גרם ""עללחם""","מדשא תעשיות מזון בע""\מ",IL,אריסה חריפה על הלחם,גרמים,250.00,100 גרם,false,,13.90,0.0556,true,1,96330
7290017129532,false,לקקן תות10 יח' 90 גר' כרמית,שוגבי,TR,לקקן תות 90 גרם כרמי,יחידה,0.00,יחידה,false,,4.90,0.0000,true,1,93742
7290017129624,false,כרמית לקקן ענבים תפוח 450 גרם,שוגבי,TR,לקקן ענבים תפוח 50 י,יחידה,0.00,יחידה,false,,14.90,0.0000,true,1,92712
7290017129754,false,"שוקולד מריר מעולה 70% מוצקי קקאו 100 גר בד""ץ","כרמית תעשיות ממתקים בע""\",IL,שוקולד פרימיום 70% כ,גרמים,100.00,100 גרם,false,,7.90,0.0790,true,1,92439
7290017129761,false,שוקולד פרימיום 70% מריר בטעם תפוז כרמית 100 גרם,"כרמית תעשיות ממתקים בע""\",IL,שוקולד פרימיום 70% ב,גרמים,100.00,100 גרם,false,,7.90,0.0790,true,1,92440
7290017129839,false,שוקולד פרימיום 70% מריר בטעם פטל כרמית 100 גרם,"כרמית תעשיות ממתקים בע""\",IL,שוקולד פרימיום 70% ב,גרמים,100.00,100 גרם,false,,7.90,0.0790,true,1,92442
7290017129846,false,עוגיות מיני קוקיס בטעם קרמל בצנצנת כרמית 600 גרם,קריות זול,IL,מיני קוקיס בטעם קרמל,גרמים,600.00,100 גרם,false,,15.90,0.0265,true,1,92607
7290017129884,false,חמישיות שוקולד מריר 44% 85 גר*5*12 בקרטון,"כרמית תעשיות ממתקים בע""\",IL,חמישיות שוקולד מריר,גרמים,425.00,100 גרם,false,,14.90,0.0351,true,1,92744
7290017129983,false,שוקולד צ'יפס לבן פרווה כרמית 250 גרם,"כרמית תעשיות ממתקים בע""\",IL,שוקו ציפס לבן פרווה,גרמים,250.00,100 גרם,false,,11.90,0.0476,true,1,94100
7290017142005,false,"שמן קוקוס אורגני עץ הזית צנצנת 320מ""ל",אקספלונקה,LK,שמן קוקוס אורגני 320,מיליליטרים,320.00,"100 מ""ל",false,,25.90,0.0809,true,1,87181
7290017142111,false,פתיתי טונה בשמן זית טו גו עץ הזית 85 גרם,"יוניקורד ח.צ בע""מ",TH,פתיתי טונה בהירה בשמ,גרמים,85.00,100 גרם,false,,9.90,0.1165,false,1,91836
7290017142128,false,"שמן זית כתית מעולה קלאסי עץ הזית 750 מ""ל",שמן תעשיות בעמ,IT,"שמן זית 750 מ""ל קלאס",מיליליטרים,750.00,"100 מ""ל",false,,29.90,0.0399,false,1,90770
7290017142159,false,"שלישיית נתחי טונה בהירה בשמן זית 80 גרם ""עץ הזית""",הנסיך- מפעל לייצור ט,TH,נתחי טונה בהירה בשמן,גרמים,168.00,100 גרם,false,,22.90,0.1363,false,1,91837
7290017142166,false,"פילה טונה פרוס עם שמן זית 120 גרם ""עץ הזית""","יוניקורד ח.צ בע""מ",TH,פילה טונה פרוס עם שמ,גרמים,120.00,100 גרם,false,,14.90,0.1242,true,1,96202
7290017142180,false,פילה פרוס ושמן זית בנגיעות טעם לימון ופלפל שחור,"יוניקורד ח.צ בע""מ",TH,פילה טונה פרוס עם שמ,גרמים,120.00,100 גרם,false,,14.90,0.1242,true,1,96203
7290017142203,false,"פילה טונה פרוס עם שמן זית בטעם מעושן 120 גרם ""עץ הזית""","יוניקורד ח.צ בע""מ",TH,פילה טונה פרוס עם שמ,גרמים,120.00,100 גרם,false,,14.90,0.1242,true,1,96204
7290017142234,false,"פתיתי טונה בהירה בשמן זית מעושן ""עץ הזית""","יוניקורד ח.צ בע""מ",TH,טונה TO GO מעושן 85,גרמים,85.00,100 גרם,false,,9.90,0.1165,false,1,98076
7290017142340,false,שמן זרעי ענבים מזוכך 1 לי עץ הזית,אף.ג'\יי.סנצ'\ז סוקחורס,TH,שמן זרעי ענבים מזוכך,ליטרים,1.00,ליטר,false,,24.90,24.9000,true,1,99596
7290017142371,false,"שמן שומשום לא מזוכך עץ הזית 250 מ""ל",גאה די. או. או.,SI,שמן שומשום לא מזוכך,מיליליטרים,250.00,"100 מ""ל",false,,28.90,0.1156,true,1,99598
7290017142388,false,שמן חמניות פלוס אומגה 3 עץ הזית 1 ליטר,שמן תעשיות בעמ,IL,שמן חמניות פלוס אומג,ליטרים,1.00,ליטר,false,,14.90,14.9000,false,1,97545
7290017142395,false,"LUNCH TO GO פסטה עם טונה בשמן זית 160 גרם ""עץ הזית""",יוניקורד ח.צ בעמ,TH,LUNCH TO GO פסטה עם,גרמים,160.00,100 גרם,false,,13.90,0.0869,true,1,100012
7290017142401,false,"LUNCH TO GO קינואה לבנה ואדומה טונה בשמן זית 160 גרם ""עץ הזית""",ג'נרל מילס סאן אדריא,TH,טונה עם קינואה לבנה,גרמים,160.00,100 גרם,false,,13.90,0.0869,true,1,103900
7290017142418,false,"LUNCH TO GO אורז עם עדשים טונה בשמן זית 160 גרם ""עץ הזית""",יוניקורד ח.צ בעמ,TH,אורז עם עדשים וטונה,גרמים,160.00,100 גרם,false,,13.90,0.0869,true,1,100013
7290017142456,false,מארז נתחי טונה בהירה בשמן זית 2 * 160 ג' עץ הזית,יוניקורד ח.צ בעמ,TH,נתחי טונה בהירה בשמן,גרמים,224.00,100 גרם,false,,19.90,0.0888,true,1,100159
7290017142487,false,"LUNCH TO GO בורגול עם חומוס טונה בשמן זית 160 גרם ""עץ הזית""",יוניקורד ח.צ בעמ,TH,טונה בורגול וחומוס ע,גרמים,160.00,100 גרם,false,,13.90,0.0869,true,1,107091
7290017142500,false,תרסיס שמן זית כתית מעולה בטעם שום 150מל,קומטמפ קומפניה פורטו,IT,תרסיס שמן זית בטעם ש,מיליליטרים,150.00,"100 מ""ל",false,,18.90,0.1260,true,1,144916
7290017189246,false,מיני פנקייק הולנדי א,,ES,מיני פנקייק 500 גר,גרמים,500.00,100 גרם,false,,22.90,0.0458,true,1,96321
7290017189413,false,טבעות בצל שלמות בציפוי טמפורה,משק ויילר,ES,טבעות בצל 600 גר קפו,גרמים,600.00,100 גרם,false,,14.90,0.0248,true,1,106283
7290017217321,false,נרות חימום ריחניים בניחות לוונדר 50יח',הוסטס,CN,נרות חימום ריחניים ב,יחידה,0.00,יחידה,false,,9.90,0.0000,true,1,106051
7290017217338,false,נרות חימום ריחניים בניחות וניל 50יח',הוסטס,CN,נרות חימום ריחניים ב,יחידה,0.00,יחידה,false,,9.90,0.0000,true,1,106052
7290017217390,false,מטליות מיקרופייבר משובחת עם ספווג 4יח,,,מטליות מיקרופייבר עם,יחידה,0.00,יחידה,false,,17.90,0.0000,true,1,100372
7290017217406,false,מטליות מיקרופייבר רב,,,מטליות מיקרופייבר רב,יחידה,0.00,יחידה,false,,17.90,0.0000,true,1,100373
7290017217673,false,כפפות משק בית איזי טאץ עם אלוורה S אינטרסאן,איזיטאצ,CN,כפפות עם אלוורה S,יחידה,0.00,יחידה,false,,5.50,0.0000,true,1,105446
7290017217680,false,כפפות משק בית אלוורה,איזיטאצ,CN,כפפות עם אלוורה M,יחידה,0.00,יחידה,false,,5.50,0.0000,true,1,105447
7290017217697,false,כפפות משק בית איזי טאץ עם אלוורה L אינטרסאן,,,כפפות עם אלוורה L,יחידה,0.00,יחידה,false,,5.50,0.0000,true,1,105448
7290017232218,false,לחם קלאסי מופחת פחמימות איטסיין 430 גרם,,IL,לחם מופחת פחמימות,גרמים,430.00,100 גרם,false,,24.90,0.0579,true,1,141170
7290017232225,false,לחם גלילי מופחת פחמימות איטסיין 450 גרם,דבידוביץ,IL,לחם איטסיין גלילי,גרמים,450.00,100 גרם,false,,24.90,0.0553,true,1,144184
7290017247007,false,מלפפון בייבי,חקלאי,IL,מלפפון בייבי,יחידה,0.00,יחידה,false,,8.90,0.0000,true,1,87206
7290017247014,false,פלפלונים,חקלאי,IL,פלפלונים,יחידה,0.00,יחידה,false,,8.90,0.0000,true,1,87207
7290017253084,false,מגבונים לחים פרשיס דיספנסר 72 יח',,IL,פרשיס מגבונים לחים 7,יחידה,0.00,יחידה,false,,5.50,0.0000,true,1,93293
7290017266046,false,מארז וופל קראנצ' אישי 30 יחידות עלמה,"גילרו בע""מ",IL,ופל קראנצ' 30 יח עלמ,גרמים,600.00,100 גרם,false,,14.50,0.0242,true,1,90438
7290017266312,false,וופל מילוי קרם בטעם שוקולד 150 גרם,גילרו,IL,וופל עלמה במילוי קרם,גרמים,150.00,100 גרם,false,,2.90,0.0193,true,1,102360
7290017266725,false,מארז וופל במילוי קרם בטעם שוקולד 12 גרם*40 יח',"גילרו בע""מ",IL,מארז 40 יח' וופל קרא,גרמים,480.00,100 גרם,false,,14.50,0.0302,true,1,103703
7290017275413,false,מיני קצפיות בטעם וניל אחוה 140 גרם,אחדות ביחר לטחינה חל,IL,מיני קצפיות וניל 140,יחידה,0.00,יחידה,false,,8.90,0.0000,true,1,143294
7290017275420,false,מיני קצפיות בטעם תות אחוה 140 גרם,אחדות ביחר לטחינה חל,IL,מיני קצפיות בטעם תות,גרמים,140.00,100 גרם,false,,9.90,0.0707,true,1,143246
7290017275741,false,חלווה עם אגוזי לוז במגש 400 גר אחווה,אחוה,IL,חלוה עם אגוזי לוז אח,גרמים,400.00,100 גרם,false,,12.90,0.0323,true,1,145952
7290017297149,false,גרגירי חומוס להכנת חומוס ביתי פרי הגליל 550 גרם,"פרי הגליל בע""""מ",IL,גרגירי חומוס להכנת ח,גרמים,290.00,100 גרם,false,,6.50,0.0224,true,1,104644
7290017297323,false,רוטב עגבניות מרוכז 100 גר' 22 BX טל וטרי,"מילוז(1989)בע""""מ",IL,רוטב עגבניות מרוכז 1,גרמים,100.00,100 גרם,false,,1.70,0.0170,false,1,109025
7290017297620,false,רסק עגבניות A2 BX22 טל וטרי 570 גר',"מילוז(1989)בע""""מ",,רוטב עגבניות מרוכז ט,גרמים,570.00,100 גרם,false,,5.50,0.0096,true,1,142490
7290017297637,false,רכז עגבניות A2 BX28 טל וטרי 580 גר',"מילוז(1989)בע""""מ",,רוטב עגבניות A2 טל ו,גרמים,580.00,100 גרם,false,,6.50,0.0112,true,1,142341
7290017304885,false,לחם שיפון מחיטה מלאה ללא תוספת סוכר 750 ג' אנג'ל,מאפיית שלמה א. אנג'\ל בע,IL,לחם אנג'ל שיפון וחיט,גרמים,750.00,100 גרם,false,,12.90,0.0172,true,1,97316
7290017325316,false,מיקס אורז מלא אפונה ועדשים אורגניים הרדוף 250 גרם,לה בונטה,IT,מיקס אורז מלא אפונה,גרמים,250.00,100 גרם,false,,12.90,0.0516,true,1,101249
7290017325347,false,מקלות בייגלה מכוסמין מלא אורגני 200 גרם,"אם החיטה בע""\מ",IL,מקלות בייגלה מקמח כו,גרמים,200.00,100 גרם,false,,15.90,0.0795,true,1,93921
7290017325422,false,פריכיות דקות אורז מלא אורגני 100 גרם,פרח תעשיות מזון,IL,פריכיות דקות מאורז מ,גרמים,100.00,100 גרם,false,,11.90,0.1190,true,1,97337
7290017325453,false,משקה שקדים אורגני 1 ליטר הרדוף – ללא תוספת סוכר ללא גלוטן,ליקואטס,ES,משקה שקדים אורגני 1,ליטרים,1.00,ליטר,false,,14.50,14.5000,true,1,100841
7290017325477,false,רסק עגבניות 100 גר אורגני - הרדוף,פריניר (הדס 1987) בע,IL,רסק עגבניות אורגני 1,גרמים,100.00,100 גרם,false,,3.40,0.0340,true,1,105512
7290017325583,false,קוסקוס כוסמין אורגני 350 גרם הרדוף,הרדוף,IT,קוסקוס כוסמין מלא או,גרמים,350.00,100 גרם,false,,14.50,0.0414,true,1,142974
7290017325613,false,"משקה שיבולת שועל אורגני הרדוף לל""ג 1 ליטר",סוי מג'יק,ES,משקה שיבולת שועל אור,ליטרים,1.00,ליטר,false,,11.90,11.9000,true,1,102634
7290017325668,false,עדשים מנומרות אורגני500ג,אול אורגני,IL,עדשים מנומרות אורגני,גרמים,500.00,100 גרם,false,,13.90,0.0278,true,1,145290
7290017325682,false,פריכיות כוסמת אורגני הרדוף 160 גרם,פרח תעשיות מזון,IL,פריכיות כוסמת אוגני,גרמים,160.00,100 גרם,false,,11.90,0.0744,true,1,145196
7290017325705,false,קמח שיבולת שועל אורגני 500גר הרדוף,טחנת קמח דגן לישראל,IL,קמח שיבולת שועל אורג,גרמים,500.00,100 גרם,false,,15.90,0.0318,true,1,142559
7290017325729,false,"קמח כוסמת ירוקה לל""ג אורגני 500 גרם",טחנת קמח דגן לישראל,IL,קמח כוסמת ירוקה אורג,גרמים,500.00,100 גרם,false,,17.90,0.0358,true,1,143677
7290017325743,false,"קמח עדשים אדומות לל""ג אורגני 500 גרם",טחנת קמח דגן לישראל,IL,קמח עדשים אדומות אור,גרמים,500.00,100 גרם,false,,15.90,0.0318,true,1,145381
7290017325804,false,קוואקר עדין אורגני 500 גרם הרדוף ללא גלוטן,אול אורגני,IL,קוואקר עדין אורגני 5,גרמים,500.00,100 גרם,false,,15.90,0.0318,true,1,144825
7290017325811,false,שעועית בובס אורגני 400 גרם הרדוף,אול אורגני,IL,שעועית בובס אורגני 4,גרמים,400.00,100 גרם,false,,12.90,0.0323,true,1,142932
7290017325828,false,"קוסקוס חומוס לל""ג אורגני הרדוף 350 גרם",הרדוף,IT,קוסקוס חומוס אורגני,גרמים,350.00,100 גרם,false,,18.90,0.0540,true,1,145250
7290017325835,false,"קוסקוס אפונה ללא גלוטן גר` הרדוף אורגני, 350 גרם",הרדוף,IT,קוסקוס אפונה אורגני,גרמים,350.00,100 גרם,false,,18.90,0.0540,true,1,145251
7290017325842,false,פריכיות אורז מלא אורגניות 110 גר,פרח תעשיות מזון,IL,פריכיות אורז מלא אור,גרמים,110.00,100 גרם,false,,9.40,0.0855,true,1,106357
7290017325859,false,"דפי אורז מלא לל""ג אורגני הרדוף 200 גרם","בטר אנד דיפרנט בע""מ",VN,דפי אורז מלא אורגני,גרמים,200.00,100 גרם,false,,16.90,0.0845,true,1,144206
7290017325897,false,"משקה סויה במתיקות מעודנת לל""ג אורגני 1 ל",ליקואטס,ES,משקה סויה במתיקות מע,ליטרים,1.00,ליטר,false,,10.90,10.9000,true,1,144394
7290017325934,false,טחינה מלאה אורגני 450 גרם,הרדוף,IL,טחינה מלאה אורגנית ה,גרמים,450.00,100 גרם,false,,16.90,0.0376,true,1,143734
7290017440286,false,"ד""ר פישר מרכך מולטי ויטמין קידס ,750 מ""ל","ד""ר פישר Dr fischer",IL,"מרכך קידס 750 מ""ל",מיליליטרים,750.00,"100 מ""ל",false,,15.90,0.0212,true,1,97325
7290017440309,false,"ד""ר פישר - קידס שמפו ויטמינים 750 מ""ל","ד""ר פישר Dr fischer",IL,"שמפו קידס 750 מ""ל",מיליליטרים,750.00,"100 מ""ל",false,,15.90,0.0212,true,1,97326
7290017440682,false,ד.פישר בלונד שמפו לשיער בהיר,"ד""ר פישר Dr fischer",IL,"שמפו בלונד 400 מ""ל ד",מיליליטרים,400.00,"100 מ""ל",false,,28.90,0.0722,true,1,99705
7290017440699,false,ד.פישר בלונד מרכך לשיער בהיר 400 מל,CHEMIPAL FISHER (BIO,IL,"מרכך בלונד 400 מ""ל ד",מיליליטרים,400.00,"100 מ""ל",false,,28.90,0.0722,true,1,99706
7290017440965,false,אל סבון היגייני לניקוי יסודי ולהזנת העור clean & nourish,"ד""ר פישר Dr fischer",IL,קמיל אל סבון נוזלי 1,ליטרים,1.00,ליטר,false,,15.90,15.9000,false,1,96139
7290017457574,false,כדוריות סבון נתלה לאסלה בניחוח פרחים - 3 יח',הנקל סוד,RS,סוד כדוריות לאסלה של,גרמים,150.00,100 גרם,false,,19.90,0.1327,true,1,98985
7290017457581,false,"סוד מרכך כביסה מרוכז קוקוס 900 מ""ל",הנקל סוד,IL,סוד מרכך מרוכז 900 מ,מיליליטרים,900.00,"100 מ""ל",false,,11.90,0.0132,true,1,97905
7290017457598,false,"מרכך כביסה סוד מרוכז סאמר בלוסום 900 מ""ל",הנקל סוד,IL,סוד מרכך כביסה 900 מ,מיליליטרים,900.00,"100 מ""ל",false,,11.90,0.0132,true,1,97906
7290017457628,false,גל כביסה סוד טוטאל כחול 2.5 ליטר,הנקל סוד,IL,סוד ג'ל כחול 2.5 ליט,ליטרים,2.50,ליטר,false,,23.90,9.5600,true,1,102353
7290017457734,false,"סוד ורוד מרכך כביסה מרוכז20%+בישום 900 מ""ל",הנקל סוד,IL,סוד מרכך מרוכז ורוד,מיליליטרים,900.00,"100 מ""ל",false,,11.90,0.0132,true,1,96607
7290017457826,false,פרסיל קפסולות גל לכב,פרסיל,,פרסיל קפסולות ג'ל לכ,יחידה,0.00,יחידה,false,,39.90,0.0000,true,1,98561
7290017457949,false,"פרסיל א.כ לבגדי תינוקות ולבעלי עור רגיש 2.5 ק""ג",קריות זול,,פרסיל אבקת כביסה קול,קילוגרמים,2.50,"ק""ג",false,,24.90,9.9600,true,1,104044
7290017468488,false,סוכר דקלים 454 גר',,,סוכר דקלים 454 גר',גרמים,454.00,100 גרם,false,,12.50,0.0275,true,1,145572
7290017477169,false,קשיו קלוי 250 גרם ששון הקולה,"דין שיווק וקלייה בע""",IL,קשיו קלוי ששון הקולה,גרמים,250.00,100 גרם,false,,20.00,0.0800,true,1,145081
7290017477299,false,תערובת געלה שקדיה 20,דין שיווק,IL,ג'עלה 200 גרם,גרמים,200.00,100 גרם,false,,8.90,0.0445,true,1,92709
7290017513393,false,תה ירוק ספירולינה וצמחים ירוקים 25 שקי,תה ויסוצקי,IL,תה ירוק סופר גרין 25,גרמים,37.50,100 גרם,false,,24.90,0.6640,false,1,98626
7290017513409,false,תה ירוק SUPER GREEN 87 גרםבטעם אוכמניות ואסאי,תה ויסוצקי,IL,תה ירוק סופר פרפל 25,גרמים,37.50,100 גרם,false,,24.90,0.6640,false,1,98627
7290017513485,false,מחית עגבניות רוסטיקה גרנד איטליה 680 גרם,היצרן: ס.פ. פודנצנו -10,IT,מחית עגבניות רוסטיקה,גרמים,680.00,100 גרם,false,,12.90,0.0190,true,1,99178
7290017513775,false,פליפז בייגלה מצופה שוקולד חלב מקוויטיס 140 גרם,שוורצקוף& הנקל דיסלד,TR,פליפז בייגלה מצופה ש,גרמים,140.00,100 גרם,false,,8.90,0.0636,true,1,100080
7290017513867,false,תה ירוק לימונית ולואיזה סתוספת ויטמינים ויסוצקי 25 יחידות,תה ויסוצקי,IL,תה ירוק לימונית לואי,גרמים,37.50,100 גרם,false,,24.90,0.6640,false,1,103877
7290017516295,false,חטיף חלבון פרוטאין אגוז לוז שוקולד 50 גר,פנגיאה,IL,חטיף פנגיאה פרוטאין,גרמים,50.00,100 גרם,false,,9.90,0.1980,true,1,104364
7290017516318,false,חטיף חלבון פרוטאין שוקולד 50 גר,פנגיאה,IL,פרוטאין שוקולד,גרמים,50.00,100 גרם,false,,9.90,0.1980,true,1,104399
7290017516332,false,חטיף חלבון פרוטאין חמאת בוטנים 50 גר,פנגיאה,IL,פרוטאין חמאת בוטנים,גרמים,50.00,100 גרם,false,,9.90,0.1980,true,1,104398
7290017516479,false,פנגיאה פרוטאין וניל קפה 50 גרם,פנגיאה,IL,פרוטאין וניל קפה,גרמים,50.00,100 גרם,false,,9.90,0.1980,true,1,105322
7290017516486,false,פנגיאה פרוטאין טרופי 50 גרם,פנגיאה,IL,חטיף פרוטאין טרופי,גרמים,50.00,100 גרם,false,,9.90,0.1980,true,1,106300
7290017516509,false,חטיף פרוטאין בטעם קרמל מלוח,פנגיאה,IL,פרוטאין קרמל מלוח,גרמים,50.00,100 גרם,false,,9.90,0.1980,true,1,105323
7290017521459,false,דלי משפך פרימיום שקוף,,IL,דלי משפך שקוף,יחידה,0.00,יחידה,false,,11.90,0.0000,true,1,142344
7290017521480,false,נופר מטליות בד רב פעמי 700,,,מטליות בד רב פעמיות,גרמים,700.00,100 גרם,false,,19.90,0.0284,true,1,104850
7290017521596,false,דלי מגבונים לניקוי כללי,,IL,מגבונים לניקוי כללי,יחידה,0.00,יחידה,false,,19.90,0.0000,true,1,145756
7290017521831,false,דלי מגבונים לחיטוי 4,,,דלי מגבונים לחיטוי 4,יחידה,0.00,יחידה,false,,24.90,0.0000,true,1,101921
7290017599229,false,ממתיק סוכרלוז 200 טבליות סוכרזית,"סוכרזית בע""מ",IL,סוכרזית סוכרלוז 200,גרמים,17.00,100 גרם,false,,22.90,1.3471,true,1,141729
7290017599236,false,סוכריות סטיוויה 200 טבליות,סנו מפעלי ברונוס.,IL,סוכרזית סטיוויה 200,גרמים,17.00,100 גרם,false,,24.90,1.4647,true,1,141730
7290017599250,false,סוכרזית קלאסי 120 שקיות,ביסקול בע''מ,IL,סוכרזית קלאסי 120 שק,גרמים,120.00,100 גרם,false,,17.90,0.1492,true,1,145298
7290017599281,false,סוכרזית סטייויה פלוס 100 שקיות,ביסקול,IL,סוכרזית סטיוויה פלוס,גרמים,100.00,100 גרם,false,,38.90,0.3890,true,1,146365
7290017617046,false,נתחי טונה בשמן זית כתית מעולה רביעיה * 140 ג',סטארקיסט,TR,רביעיה טונה סטאר קיס,גרמים,560.00,100 גרם,false,,26.90,0.0480,false,1,99849
7290017617107,false,סטארקיסט מיקס טוגו טונה עם 4 דגנים 185 גרם,"איטיליאן פוד, אס.פי.",TR,סטארקיסט מיקס טונה ע,גרמים,185.00,100 גרם,false,,12.50,0.0676,true,1,105884
7290017617138,false,רביעיית טונה סטארקיסט בשמן קנולה דל נתרן 160 גרם,"סטארקיסט פודור בע""מ",TH,טונה סטאר קיסט דל נת,גרמים,640.00,100 גרם,false,,24.90,0.0389,false,1,105761
7290017617282,false,נתחי טונה בהירה בשמן צמחי - מארז 4 יח',טונה וייטנאם קומפני,VN,טונה יונה רביעיה 4*1,גרמים,560.00,100 גרם,false,,17.90,0.0320,true,1,142860
7290017617411,false,סטארקיסט מיקס סלמון עם אורז מלא וירקות 160 גרם,סטארקיסט Starkist,PL,סטארקיסט מיקס סלמון,גרמים,160.00,100 גרם,false,,13.90,0.0869,true,1,144150
7290017617428,false,"סטארקיסט נתחי סלמון עם פסטה, עגבניות וזיתים פיקנטי",סטארקיסט Starkist,PL,סטארקיסט מיקס סלמון,גרמים,160.00,100 גרם,false,,13.90,0.0869,true,1,144151
7290017617435,false,סטארקיסט מיקס סלמון עם עדשים קינואה וירק 160 גרם,סטארקיסט Starkist,PL,סטארקיסט מיקס סלמון,גרמים,160.00,100 גרם,false,,13.90,0.0869,true,1,144152
7290017641096,false,"שוקולד פרימיום 70% לל""ס 100גרם בדצ *12יח*2 בדיס",כרמית תעשיות ממתקים,IL,שוקולד פרימיום 70% ל,גרמים,100.00,100 גרם,false,,8.50,0.0850,true,1,95001
7290017641102,false,שוקולד פרימיום 70% ללא סוכר בטעם תפוז 100 גרם,כרמית תעשיות ממתקים,IL,שוקולד פרימיום 70% ל,גרמים,100.00,100 גרם,false,,8.50,0.0850,true,1,95002
7290017641119,false,שוקולד פרימיום 85% מריר כרמית 100 גרם,כרמית תעשיות ממתקים בעמ,IL,שוקולד מריר פרימיום,גרמים,100.00,100 גרם,false,,7.90,0.0790,true,1,94906
7290017641188,false,קרקר עם שיפון מלא וסלק כרמית 130 גרם,דנוויטה ג'\יי. אס. סי,LT,קרקר עם שיפון מלא וס,גרמים,130.00,100 גרם,false,,5.90,0.0454,true,1,96095
7290017641379,false,חמישיות שוקולד חלב בדצ 85 ג*5 בלמינט*12 בקרט בדצ,"כרמית תעשיות ממתקים בע""\",IL,חמישית שוקולד חלב כר,גרמים,425.00,100 גרם,false,,14.90,0.0351,true,1,144190
7290017641720,false,שוקולד פרימיום 70% שברי שקד כרמית 100 גרם,כרמית תעשיות ממתקים בעמ,IL,שוקולד 70% שברי שקד,גרמים,100.00,100 גרם,false,,7.90,0.0790,true,1,100540
7290017641737,false,שוקולד פרימיום 70% שברי אגוז כרמית 100 גרם,כרמית תעשיות ממתקים בעמ,IL,שוקולד 70% שברי אגוז,גרמים,100.00,100 גרם,false,,7.90,0.0790,true,1,100541
7290017647425,false,"יין גמלא קברנה סוביניון שנת 2018 750 מ""ל",יקבי רמת הגולן,IL,גמלא קברנה סוביניון,מיליליטרים,750.00,"100 מ""ל",false,,59.90,0.0799,true,1,103273
7290017647548,false,"יין ירדן מרלו 2018 750 מ""ל",מיוצר וממולא על ידי יקב,IL,יין ירדן מרלו 2018,מיליליטרים,750.00,"100 מ""ל",false,,85.00,0.1133,true,1,142390
7290017647722,false,"רמת הגולן גמלא בלאנקו, 750 מ""ל י יקב רמת הגולן",יקבי רמת הגולן,IL,יין גמלא בלנקו 21,מיליליטרים,750.00,"100 מ""ל",false,,59.90,0.0799,true,1,146404
7290017647760,false,יין ירדן סירה 2019 750 מל,יקבי רמת הגולן,IL,יין ירדן סירה 2019,מיליליטרים,750.00,"100 מ""ל",false,,89.90,0.1199,true,1,145793
7290017675008,false,"טחינה גולמית 1 ק""ג שכם היונה",היונה,IL,טחינה היונה,גרמים,900.00,100 גרם,false,,25.90,0.0288,true,1,104397
7290017675015,false,טחינת היונה המקורית,היוצר,IL,טחינת היונה המקורית,גרמים,450.00,100 גרם,false,,13.90,0.0309,true,1,104303
7290017677804,false,"רוטב סויה ללא חומרים משמרים קיקומן 444 מ""ל",קיקומן פודז אינק,US,רוטב סויה קיקומן 444,מיליליטרים,444.00,"100 מ""ל",false,,19.90,0.0448,true,1,97659
7290017677811,false,"רוטב סויה קיקומן ללא חומרים משמרים 296 מ""ל",קיקומן פודז אינק,NL,רוטב סויה קיקומן 296,מיליליטרים,296.00,"100 מ""ל",false,,13.90,0.0470,true,1,97543
7290017696393,false,בורגר פטריות מן הצומח 520 גר,מרינה פטריות,IL,בורגר פטריות מן הצומ,גרמים,520.00,100 גרם,false,,34.90,0.0671,true,1,102131
7290017712260,false,פרמיו פטה סלמון לכלב 150ג',פרמיו Premio,FR,פרמיו פטה סלמון לכלב,גרמים,150.00,100 גרם,false,,4.00,0.0267,true,1,144781
7290017712949,false,פרמיו כריות סטרילייז לחתול,פרמיו Premio,AT,כריות סטרילייז פרמיו,גרמים,60.00,100 גרם,false,,10.00,0.1667,true,1,145471
7290017724027,false,עוגיות אלפחורס 300 גרם,"אקלר בע""מ",IL,עוגיות אלפחורס,גרמים,300.00,100 גרם,false,,23.90,0.0797,true,1,142413
7290017724034,false,עוגיות ריבה בטעם תות250ג,אקלר,IL,עוגיות סנביץ ריבה,גרמים,250.00,100 גרם,false,,23.90,0.0956,true,1,142422
7290017724119,false,עוגיות אוזנים אקלר 200 גרם,אקלר,IL,עוגיות אוזניים,גרמים,200.00,100 גרם,false,,23.90,0.1195,true,1,142433
7290017724140,false,עוגיות שושנים אקלר 200 גרם,אקלר,IL,עוגיות שושנים,גרמים,200.00,100 גרם,false,,23.90,0.1195,true,1,142427
7290017724157,false,אקלר תפע ללא סוכר 200 גרם,אקלר,IL,"עוגיות תפו""ע ללא סוכ",גרמים,200.00,100 גרם,false,,23.90,0.1195,true,1,142404
7290017724263,false,אקלר בטהובן ללא סוכר 200 גרם,אקלר,IL,עוגיות בטהובן ללא סו,גרמים,300.00,100 גרם,false,,23.90,0.0797,true,1,142410
7290017724683,false,אקלר חמאה שקדים 200 גרם,אקלר,IL,עוגיות חמאה שקדים,גרמים,200.00,100 גרם,false,,23.90,0.1195,true,1,142446
7290017786001,false,פירות קפואים תות 500 גרם frozenature,,,תות שדה מוקפא,גרמים,500.00,100 גרם,false,,21.90,0.0438,true,1,96577
7290017786018,false,פירות קפואים מנגו 500 גרם frozenature,,,מנגו חתוך מוקפא,גרמים,500.00,100 גרם,false,,21.90,0.0438,true,1,96578
7290017786025,false,פירות קפואים תמר 500 גרם frozenature,,,תמר לח מוקפא,גרמים,500.00,100 גרם,false,,14.50,0.0290,true,1,96580
7290017786032,false,פירות קפואים אננס 500 גרם frozenature,,,אננס חתוך מוקפא,גרמים,500.00,100 גרם,false,,21.90,0.0438,true,1,96581
7290017786049,false,פירות קפואים אוכמניות 500 גרם frozenature,,,אוכמניות כחולות מוקפ,גרמים,500.00,100 גרם,false,,23.90,0.0478,true,1,96579
7290017786056,false,פירות קפואים פ.יער 500 גרם frozenature,,,פירות יער מוקפאים,גרמים,500.00,100 גרם,false,,21.90,0.0438,true,1,96582
7290017786063,false,מחית אסאי קפואה,,,מחית אסאי קפואה,גרמים,200.00,100 גרם,false,,18.90,0.0945,true,1,106973
7290017786094,false,פירות קפואים פסיפלורה 500 גרם frozenature,,,קוביות פסיפלורה מוקפ,גרמים,500.00,100 גרם,false,,23.90,0.0478,true,1,106972
7290017791142,false,קרקר כוסמין מלא - פת במלח,"מאפיית פת במלח בע""מ",IL,קרקר כוסמין מלא פת ב,גרמים,225.00,100 גרם,false,,21.90,0.0973,true,1,98128
7290017791203,false,קרקר כוסמין מלא - סלק - פת במלח,"מאפיית פת במלח בע""מ",IL,קרקר כוסמין מלא סלק,גרמים,225.00,100 גרם,false,,21.90,0.0973,true,1,103802
7290017812571,false,מיץ ענבים תירוש אדום 100% טבעי כרמל 1 ליטר,יקבי כרמל Carmel Winery,IL,מיץ ענבים תירוש אדום,ליטרים,1.00,ליטר,false,,19.90,19.9000,false,1,100510
7290017812588,false,מיץ ענבים תירוש לבן 100% טבעי כרמל 1 ליטר,יקבי כרמל Carmel Winery,IL,תירוש לבן 1 ל' 100%,מיליליטרים,1000.00,"100 מ""ל",false,,19.90,0.0199,true,1,100934
7290017812618,false,מיץ ענבים תירוש אדום רוזה כרמל 1 ליטר,כרמל מזרחי,IL,תירוש רוזה 100% ענבי,מיליליטרים,1000.00,"100 מ""ל",false,,19.90,0.0199,true,1,100245
7290017812939,false,"יין דרום רוזה יתיר 750 מ""ל",כרמל מזרחי,IL,יין יתיר דרום רוזה,מיליליטרים,750.00,"100 מ""ל",false,,69.90,0.0932,true,1,108883
7290017816012,false,קרם קרקר כוסמין מקור הכוסמין 250 גר,מגדנית הדר,IL,קרם קרקר כוסמין 250,גרמים,250.00,100 גרם,false,,18.90,0.0756,true,1,97312
7290017816111,false,פתי בר מקןר הכוסמין 220 גרם,אפיפית הדר,IL,פתי בר כוסמין 220 גר,גרמים,220.00,100 גרם,false,,13.90,0.0632,true,1,102541
7290017816128,false,קרקר מקור הכוסמין 22,,,קרקר כוסמין,יחידה,0.00,יחידה,false,,18.90,0.0000,true,1,104011
7290017871950,false,פרשוואנס נייר טואלט לח מתכלה בניחוח לוונדר מארז שלישייה,עלבד משואות יצחק,IL,פרש וואנס נייר טואלט,יחידה,0.00,יחידה,false,,12.90,0.0000,true,1,105606
7290017872001,false,"קרם החתלה פרשוואנס שמן זית ופרופוליס 100 סמ""ק",פרש-וואנס,IL,קרם החתלה פרש וואנס,מיליליטרים,100.00,"100 מ""ל",false,,13.90,0.1390,true,1,101869
7290017872063,false,פמלי אל סבון 3*1 ארומטרפי-מעורב 500 גרם*3,אברנסל קוסמטיקס,TR,פמלי אל סבון ארומתרפ,מיליליטרים,1500.00,"100 מ""ל",false,,15.00,0.0100,true,1,102683
7290017872667,false,"פמלי יהלום-סבון ידיים עם שמן קמומיל 500 מ""ל",המאפיה של הרמן,TR,פמלי יהלום סבון ידיי,מיליליטרים,500.00,"100 מ""ל",false,,10.00,0.0200,true,1,103239
7290017872872,false,בייביביס חטיפי דגנים אפויים לתינוקות בטעם גזר וסלק,טאטא גלובל בוורג'ס,IL,בייביביס חטיפי דגנים,גרמים,40.00,100 גרם,false,,14.50,0.3625,true,1,142683
7290017872889,false,מארז שקיות אשפה אקס לארג גלילונית 2*22 יח',"אליף בע""\מ",TR,גלילונית שקיות אשפה,יחידה,0.00,יחידה,false,,21.90,0.0000,true,1,141524
7290017873008,false,גלילונית הקפאה זוג 275 יחידות,"אשפלסט תעשיות בע""מ",IL,גלילונית שקיות להקפא,יחידה,0.00,יחידה,false,,14.90,0.0000,true,1,141741
7290017873411,false,"קרם גוף ויטליטי לכל סוגי העור 200 מ""ל פנג'ל","דנלוג אינטרקוסמא בע""\מ",IL,פנג'ל קרם גוף ויטליט,מיליליטרים,300.00,"100 מ""ל",false,,29.90,0.0997,true,1,146394
7290017888026,false,"משקה אננס תפוח גזר פרות & ווג 350 מ""ל",פרוט אנד וג' Fruit & Veg,IL,FRUITַ&VEG אננס תפוח,מיליליטרים,350.00,"100 מ""ל",false,,6.90,0.0197,true,1,96209
7290017888729,false,שוופס סודה בקבוק 1 ל',"יפאורה תבורי בע""\מ",IL,שוופס סודה 1 ליטר,ליטרים,1.00,ליטר,false,,3.90,3.9000,false,1,101895
7290017888972,false,בקבוק מי עדן פקק ספורט 1 ליטר,"מופק ממקור בזלתי עדן ,1",IL,מי עדן פקק ספורט 1,ליטרים,1.00,ליטר,false,,3.50,3.5000,true,1,102371
7290017894041,false,"פתיתי שיבולת שועל דקה לל""ג דגש 400 גרם","נארז על ידי אפ, סי ת",IL,דגש פתיתי שיבולת שוע,יחידה,0.00,יחידה,false,,18.90,0.0000,true,1,97977
7290017894089,false,קמח שיבולת שועל דגש 400 גרם,אף. סי תבליני הגליל,IL,דגש קמח שיבולת שועל,גרמים,500.00,100 גרם,false,,19.90,0.0398,true,1,104841
7290017894096,false,ממרח בטעם מיונז טבעוני אורגני 350 גרם,הורלין,DE,ממרח בטעם מיונז טבעו,גרמים,350.00,100 גרם,false,,21.90,0.0626,true,1,104250
7290017894256,false,"פריכיות מאורז מלא לל""ג דגש 230 גרם",דגש,IL,דגש פריכיות מאורז מל,גרמים,230.00,100 גרם,false,,12.90,0.0561,true,1,144009
7290017894287,false,שקיות אוכל מנייר אקולוגי 50 יח,,IL,אקופרנד שקיות אוכל מ,יחידה,0.00,יחידה,false,,12.90,0.0000,true,1,145859
7290017894331,false,חמאת אגוזי נמר לוז וקשיו 350 גרם,נטורפוד בעמ,IT,חמאת אגוזי נמר לוז ו,גרמים,350.00,100 גרם,false,,31.00,0.0886,true,1,145409
7290017894348,false,חמאת אגוזי נמר שקדים ופיסטוק 350 גרם,,IT,חמאת אגוזי נמר שקדים,גרמים,350.00,100 גרם,false,,31.00,0.0886,true,1,145410
7290017907208,false,תערובת קמח רב תכליתי לנמנעים מגלוטן,מנדלז סי.אר. פרודקשן,IL,קמח תמי רב תכליתי לל,גרמים,500.00,100 גרם,false,,18.90,0.0378,true,1,106224
7290017907222,false,תערובת קמח תופח לנמנעים מגלוטן,פוראטוס ישראל,IL,קמח תמי תופח ללא גלו,גרמים,500.00,100 גרם,false,,18.90,0.0378,true,1,106226
7290017907246,false,סולת מאורז לנמנעים מגלוטן,פוראטוס ישראל,IL,תמי סולת ללא גלוטן,גרמים,300.00,100 גרם,false,,15.90,0.0530,true,1,106604
7290017907253,false,פתיתים מאורז לנמנעים מגלוטן,פוראטוס ישראל,IL,תמי פתיתים ללא גלוטן,גרמים,300.00,100 גרם,false,,15.90,0.0530,true,1,106348
7290017917283,false,"מגבוני קמיל בלו ד""ר פישר ללא בישום רביעי",פישר מעבדות פרמצבטיות,IL,רביעיית מגבוני קמיל,יחידה,0.00,יחידה,false,,19.90,0.0000,true,1,99707
7290017917405,false,מגבוני פוליאסטר מיוחדים לשימוש בשבת,פישר מעבדות פרמצבטיות,IL,קמיל בלו מגבוני שבת,יחידה,0.00,יחידה,false,,9.90,0.0000,true,1,101782
7290017925554,false,"חמישיית בירה לאגר באדוויזר 5*330 מ""ל+כוס",באדוויזר בודוואר צכי,US,בירה באדוויזר + כוס,מיליליטרים,1650.00,"100 מ""ל",false,,27.90,0.0169,true,1,144689
7290017928036,false,מקלות גריסיני שומשום מאיר בייגל 175 גרם,מאיר את בייגל,IL,מקלות גריסיני שומשום,גרמים,175.00,100 גרם,false,,10.90,0.0623,true,1,99290
7290017928043,false,מקלות גריסיני קראנץ' מלח מאיר בייגל 175 גרם,מאיר את בייגל,IL,גריסיני קראנץ' מלח 1,גרמים,175.00,100 גרם,false,,10.90,0.0623,true,1,99291
7290017928210,false,בייגלה גדול שומשום מאיר בייגל 250 גרם,מאיר את בייגל,IL,בייגלה גדול שומשום מ,גרמים,250.00,100 גרם,false,,10.90,0.0436,true,1,99293
7290017928227,false,מאיר בייגל שטוחהלה פינוקים 300 גר',מאיר את בייגל,IL,שטוחלה פינוקים מאיר,גרמים,300.00,100 גרם,false,,10.90,0.0363,true,1,99286
7290017928432,false,מקלות גריסיני קראנץ' פרג מאיר בייגל 175 גרם,מאיר את בייגל,IL,גריסיני קראנץ' פרג 1,גרמים,175.00,100 גרם,false,,10.90,0.0623,true,1,99295
7290017928463,false,מאיר בייגל -סמאש-שבורים בטעם דבש חרדל ובצל 300 גרם,מאיר בייגל,BG,סמאש שברי בייגלה בטע,גרמים,300.00,100 גרם,false,,13.90,0.0463,true,1,105693
7290017928661,false,מאיר בייגל -סמאש-שבורים בטעם צ'דר 300 גרם,מאיר בייגל,BG,סמאש שברי בייגלה בטע,גרמים,300.00,100 גרם,false,,13.90,0.0463,true,1,105694
7290017928685,false,בייגלה שמיניות מלוח מאיר בייגל 400 גרם.,מאיר את בייגל,IL,בייגלה שמיניות עם מל,גרמים,400.00,100 גרם,false,,10.90,0.0273,true,1,143242
7290017928746,false,פירורי בייגלה מאיר בייגל 200 גרם,מאיר בייגל,IL,פירורי בייגלה 200 גר,גרמים,200.00,100 גרם,false,,6.90,0.0345,true,1,143382
7290017928807,false,בייגלה אצבעות שומשום מאיר בייגל 300 גרם,מאיר את בייגל,IL,אצבעות שומשום מאיר ב,גרמים,300.00,100 גרם,false,,10.90,0.0363,true,1,99300
7290017928821,false,מקלות גריסיני קלאסי מאיר בייגל 200 גרם,מאיר את בייגל,IL,מקלות גריסיני קלאסי,גרמים,200.00,100 גרם,false,,10.90,0.0545,true,1,99301
7290017932231,false,"סירופ מייפל טהור גאלה 250 מ""ל",בולדוק מייפל פרודקס,CA,מייפל אמיתי טהור גאל,מיליליטרים,250.00,"100 מ""ל",false,,23.90,0.0956,true,1,143285
7290017946979,false,פרסיל גל לכביסה דיפ קלין מנטרל ריחות 2.4,"הנקל סוד בע""\מ",IL,פרסיל ג'ל לכביסה מנט,ליטרים,2.40,ליטר,false,,34.90,14.5417,true,1,105864
7290017947105,false,לחם אנג'ל בסגנון אמריקה 500 גרם,מאפיית שלמה א. אנג'\ל בע,IL,לחם בסגנון אמריקה אנ,גרמים,500.00,100 גרם,false,,13.50,0.0270,true,1,100238
7290017947464,false,שמיניית פיתות כוסמין אנג'ל 8*50 גרם,מאפיית שלמה א.אנג'\ל בע\,IL,פיתות כוסמין 8 יח' א,גרמים,400.00,100 גרם,false,,13.90,0.0348,true,1,103558
7290017947495,false,6 לחמניות כוסמין 450 גרם אנג'ל,מאפיית שלמה א.אנג'\ל,IL,לחמניות כוסמין שישיי,גרמים,450.00,100 גרם,false,,14.90,0.0331,true,1,104263
7290017947891,false,לחם אנג'ל כוסמין וחיטה מלאה 750 גרם,מאפיית שלמה א. אנג'\ל בע,IL,לחם אנג'ל כוסמין וחי,גרמים,750.00,100 גרם,false,,12.90,0.0172,true,1,100184
7290017947921,false,לחמניות המבורגר בסגנון אמריקאי מארז 6 יח',מאפיית שלמה א. אנג'\ל בע,IL,שש לחמניות המבורגר א,גרמים,450.00,100 גרם,false,,12.50,0.0278,true,1,100379
7290017947938,false,מיני לחמניות המבורגר בסגנון אמריקה 400 ג' אנג'ל,מאפיית שלמה א. אנג'\ל בע,IL,לחמניות המבורגר 8 יח,גרמים,400.00,100 גרם,false,,13.90,0.0348,true,1,103560
7290017993263,false,"מחית וניל 100 מ""ל",,,"מחית וניל 100 מ""ל",מיליליטרים,100.00,"100 מ""ל",false,,39.90,0.3990,true,1,143149
7290017993775,false,מקלות וניל 2 יח',,,מקלות וניל 2 יח',יחידה,0.00,יחידה,false,,24.90,0.0000,true,1,106876
7290018043189,false,פראוד - חטיף חלבון בטעם קשיו קרמל 60 גרם,מרס נדרלנד,NL,חטיף חלבון בטעם קשיו,גרמים,60.00,100 גרם,false,,11.90,0.1983,true,1,141595
7290018043295,false,חטיף חלבון בטעם ונילה קראנץ',הרת'סייד פוד סולושיי,NL,חטיף חלבון בטעם וניל,גרמים,60.00,100 גרם,false,,11.90,0.1983,true,1,141597
7290018043844,false,חטיף חלבון בוטנים קרמל קראנץ 60 ג' פראוד,פראוד PROUD,NL,פראוד חטיף חלבון בוט,גרמים,60.00,100 גרם,false,,11.90,0.1983,true,1,144486
7290018050576,false,גרעיני דלעת קלויים 170 ג,גי אנד גי פקאנס,IL,גרעיני דלעת קלויים ו,גרמים,170.00,100 גרם,false,,10.00,0.0588,true,1,103813
7290018050842,false,שקדים בקרמל קופסא 20,גי אנד גי פקאנס,IL,שקדים בקרמל,גרמים,200.00,100 גרם,false,,15.00,0.0750,true,1,103796
7290018071533,false,נר נשמה 48 שעות בכוס זכוכית - נרות חסידים,,,נר נשמה 48 שעות בכוס,יחידה,0.00,יחידה,false,,4.90,0.0000,true,1,146517
7290018091029,false,מקלות פילו תפוחי אדמה מעדנות 450 ג',תנובה מעדנות,IL,"מקלות פילו תפו""א מעד",גרמים,450.00,100 גרם,false,,17.90,0.0398,true,1,102725
7290018091036,false,פיצה אנטיפסטי מעדנות,תנובה מעדנות,IL,פיצה אנטיפסטי מעדנות,גרמים,260.00,100 גרם,false,,14.90,0.0573,false,1,103831
7290018091074,false,בצק עוגיות שוקולד צ'יפס 300 גרם מעדנות,תנובה מעדנות,IL,בצק עוגיות שוקולד צ',גרמים,300.00,100 גרם,false,,16.90,0.0563,true,1,145329
7290018091265,false,פיצה נפוליטנה מעדנות 330 גרם,"מעדנות בע""\מ",IL,פיצה נפוליטנה 330 גר,גרמים,330.00,100 גרם,false,,18.90,0.0573,true,1,141945
7290018091272,false,בצק עוגיות קקאו טריפל שוקולד צ'יפס 300 גרם מעדנות,תנובה מעדנות,IL,בצק עוגיות קקאו טריפ,גרמים,300.00,100 גרם,false,,16.90,0.0563,true,1,145330
7290018091616,false,מקלות פילו גבינה מעדנות 450 גרם,מיוצר עי קונדיטוריית,IL,מקלות פילו גבינה מעד,גרמים,450.00,100 גרם,false,,17.90,0.0398,true,1,102727
7290018091661,false,פיצה ירקות שוק מעדנות 380 גרם,"מעדנות בע""\מ",IL,פיצה ירקות שוק 380 ג,גרמים,380.00,100 גרם,false,,18.90,0.0497,true,1,141946
7290018091821,false,פיצה נפוליטנה מעדנות 200 גרם,תנובה מעדנות,IL,פיצה נפוליטנה מעדנות,גרמים,210.00,100 גרם,false,,14.90,0.0710,false,1,103833
7290018098578,false,המבורגר טבעונינ BEEF FREE,"אופק מן הטבע בע""\מ",IL,המבורגר 230 גר' BEEF,גרמים,230.00,100 גרם,false,,21.90,0.0952,true,1,144531
7290018131336,false,שלגון ליון בטעם קרמל עם,שוורצקוף& הנקל דיסלד,PL,שלגון ליון נסטלה,גרמים,66.00,100 גרם,false,,9.90,0.1500,true,1,106570
7290018131572,false,מיני בייטס מילקה 67 גרם,שוורצקוף& הנקל דיסלד,PL,שלגון מיני בייטס מיל,גרמים,54.00,100 גרם,false,,7.00,0.1296,true,1,103685
7290018131596,false,אימפלס מיני בייטס אוראו 8 יחידות,שוורצקוף& הנקל דיסלד,PL,שלגון מיני בייטס אור,גרמים,54.00,100 גרם,false,,7.00,0.1296,true,1,103686
7290018131640,false,קראנץ בלונד עם ליבת נוגט בוטנים 100 גרם,גלידות נסטלה )נגה גלידות,IL,שלגון קראנץ בלונד,גרמים,100.00,100 גרם,false,,9.90,0.0990,true,1,106566
7290018131770,false,שלגון נסטלה מצופה וניל תות 60 גרם,גלידות נסטלה )נגה גלידות,IL,שלגון וניל מצופה תות,גרמים,55.00,100 גרם,false,,4.90,0.0891,true,1,106127
7290018131879,false,אקסטרים טילון חלב בדצ מאגדת 6*72 גרם נסטלה,גלידות נסטלה )נגה גלידות,IL,מאגדת אקסטרים ריבת ח,גרמים,432.00,100 גרם,false,,32.00,0.0741,true,1,106068
7290018131978,false,טילון נסטלה אוראו 68.5 גרם,פרונרי פולין,PL,טילון אוראו,גרמים,68.50,100 גרם,false,,6.50,0.0949,true,1,106572
7290018132388,false,מטרנה גולד שלב 2 תרכובת מזון על בסיס חלבי,מטרנה תעשיות ש.מ.,IL,מטרנה גולד שלב 2 700,גרמים,700.00,100 גרם,false,,75.90,0.1084,false,1,145114
7290018156087,false,"ד""ר פישר - סרקל אקטיב שמפו 450 מ""ל",פישר מעבדות פרמצבטיות,IL,סרקל אקטיב שמפו דר',מיליליטרים,450.00,"100 מ""ל",false,,31.90,0.0709,true,1,103590
7290018156124,false,"אל סבון קמיל צבעוני ד""ר פישר שלישיה* 500 מ""ל",פישר תעשיות,IL,אל סבון קמיל שלישייה,מיליליטרים,1500.00,"100 מ""ל",false,,18.90,0.0126,true,1,99830
7290018169735,false,תבלין טנדורי,,,תבלין טנדורי,גרמים,100.00,100 גרם,false,,9.90,0.0990,true,1,146221
7290018192023,false,מקלות סלרי ארוז יח',"מרינה פטריות הגליל בע""מ",IL,מקלות סלרי,יחידה,0.00,יחידה,false,,6.90,0.0000,true,1,98750
7290018192658,false,מארז זוג פטריות פורטובלה ושמפיניון מרינה,"מרינה פטריות הגליל בע""מ",IL,צמד חמד שמפניון מרינ,יחידה,0.00,יחידה,false,,15.90,0.0000,true,1,103049
7290018198056,false,תפוגן קוביות תפוחי אדמה 9*1.5קג,עיצובים 2020 (4.5),IL,תפוגן קוביות תפוחי א,קילוגרמים,1.50,"ק""ג",false,,25.90,17.2667,true,1,101623
7290018198148,false,"תפוגן קריספי צ'יפס קלאסי 1.25 ק""ג",עיצובים 2020 (4.5),IL,תפוגן קריספי צ'יפס ק,קילוגרמים,1.25,"ק""ג",false,,25.90,20.7200,true,1,106939
7290018198209,false,צ'יפס בטטה קראנצ'י תפוגן 500 גרם,"תעשיות תפוגן בע""מ",IL,תפוגן צ'יפס בטטה קרא,גרמים,500.00,100 גרם,false,,19.90,0.0398,true,1,104851
7290018219331,false,פיסטוק קלוי 150 גרם זארובי,זארובי,,פיסטוק קלוי 150 גר',גרמים,150.00,100 גרם,false,,10.00,0.0667,true,1,141735
7290018219584,false,ערמונים אורגניים קלויים קלופים 100 ג' זארובי,זארובי,IL,ערמונים אורגניים קלו,גרמים,100.00,100 גרם,false,,5.00,0.0500,false,1,143375
7290018228074,false,כוס תרמית 380 מ”ל מוסקו,,,כוס תרמית שומרת קור,יחידה,0.00,יחידה,false,,49.90,0.0000,true,1,142042
7290018228586,false,מפיץ ריח באמצעות מקל,,,מפיץ ריח באמצעות מקל,יחידה,0.00,יחידה,false,,29.90,0.0000,true,1,143697
7290018237373,false,עוף טוב פסטרמה צרובה על הגריל נתח שלם 8*300 גרם,מוצרי עוף טוב (2001) בע\,IL,עוף טוב פסטרמה צרובה,גרמים,300.00,100 גרם,false,,26.90,0.0897,true,1,108034
7290018237397,false,עוף טוב פסטרמה מקורמלת נתח שלם 8*300 גרם,מוצרי עוף טוב (2001) בע\,IL,עוף טוב פסטרמה מקורמ,גרמים,300.00,100 גרם,false,,26.90,0.0897,true,1,108035
7290018237410,false,עוף טוב פסטרמה במעשנה נתח שלם 8*300 גרם,מוצרי עוף טוב (2001) בע\,IL,עוף טוב פסטרמה במעשנ,גרמים,300.00,100 גרם,false,,26.90,0.0897,true,1,108036
7290018237489,false,פסטרמה ברביקיו דק דק עוף טוב 200 גרם,"עוף טוב (שאן) בע""מ",IL,עוף טוב דק דק פסטרמה,גרמים,220.00,100 גרם,false,,21.00,0.0955,true,1,142530
7290018237496,false,פסטרמה בדבש דק דק עוף טוב 200 גרם,עוף טוב,IL,עוף טוב דק דק פסטרמה,גרמים,220.00,100 גרם,false,,21.00,0.0955,true,1,142531
7290018237502,false,עוף טוב כתף בקר דק-דק 200 גרם,"עוף טוב (שאן) בע""מ",IL,עוף טוב דק דק כתף בק,גרמים,200.00,100 גרם,false,,19.90,0.0995,true,1,142529
7290018237922,false,שניצלונים ציפוי צ'יפס עוף טוב 700 גרם,מוצרי עוף טוב (2001) בע\,IL,שניצלונים בציפוי צ'י,גרמים,700.00,100 גרם,false,,18.90,0.0270,true,1,144024
7290018245378,false,קישקה ביתי אסלי,,,קישקה ביתי אסלי,קילוגרמים,1.00,"ק""ג",true,,49.90,49.9000,true,1,104080
7290018249154,false,ממרח קקאו עם אגוזי לוז 350 גר,"אחדות ביח""ר לטחינה ח",IL,ממרח קקאו עם אגוזי ס,גרמים,350.00,100 גרם,false,,31.90,0.0911,true,1,144708
7290018249802,false,ממתיק סוויטאנגו צנצנת 280 גרם,מתבל תעשיות מזון,IL,סווינטגו ממתיק 280 ג,גרמים,280.00,100 גרם,false,,28.90,0.1032,true,1,102298
7290018249994,false,סוויטאנגו תחליף סוכר ממתיק 700 גר',מתבל תעשיות מזון,IL,ממתיק סווינאנגו 700,גרמים,700.00,100 גרם,false,,56.90,0.0813,true,1,101509
7290018282731,false,אל סבון מרובעים שלישה סוגים שונים500 מל,,IL,אל סבון בניחוח מאסק,מיליליטרים,500.00,"100 מ""ל",false,,8.90,0.0178,true,1,105682
7290018293027,false,מקל וניל בורבון מדגס,לורן אויילס,US,מקל וניל בורבון מדגס,גרמים,3.00,100 גרם,false,,21.00,7.0000,true,1,105790
7290018293058,false,"עלי טורטייה 20 ס""מ 8 יח' וינצ'י 320 גרם",,,"עלי טורטייה 20 ס""מ 8",גרמים,320.00,100 גרם,false,,9.90,0.0309,true,1,145255
7290018294352,false,"ארק יקבי כרמל 700 מ""",יקבי כרמל Carmel Winery,ES,"ערק כרמל 700 מ""ל",מיליליטרים,700.00,"100 מ""ל",false,,49.90,0.0713,true,1,142537
7290018294369,false,"מיץ ענבים תירוש כרמל 700 מ""ל",יקבי כרמל Carmel Winery,IL,"תירוש אדום 700 מ""ל",מיליליטרים,700.00,"100 מ""ל",false,,13.90,0.0199,true,1,145533
7290018294918,false,מונלייט מוסקטו רוזה מתוק מבעבע 750מל,יקבי כרמל Carmel Winery,IL,יין כרמל MOONLIGHT מ,מיליליטרים,750.00,"100 מ""ל",false,,34.90,0.0465,true,1,144703
7290018296042,false,לחם טוסט אמריקה אגמי,מאפיית אגמי,IL,לחם טוסט אמריקה אגמי,גרמים,500.00,100 גרם,false,,12.50,0.0250,true,1,108848
7290018296257,false,לחם בריאות ושובע שיבולת שועל 550 גר,מאפיית אגמי,IL,לחם בריאות ושובע שיב,גרמים,550.00,100 גרם,false,,16.60,0.0302,true,1,108665
7290018296448,false,לחם בריוש 500 גרם,מאפיית אגמי,IL,לחם בריוש אגמי,גרמים,500.00,100 גרם,false,,13.90,0.0278,true,1,142865
7290018296462,false,חליות במתיקות מעודנת,מאפיית אגמי,IL,חליות במתיקות מעודנת,גרמים,510.00,100 גרם,false,,18.50,0.0363,true,1,144187
7290018296608,false,לחם בריאות ושובע 9 דגנים קל,מאפיית אגמי,IL,לחם בריאות ושובע 9 ד,גרמים,600.00,100 גרם,false,,13.90,0.0232,true,1,99607
7290018296615,false,פיתה ביס כוסמין מלא 10יח,"מאפיית אגמי בע""מ",IL,פיתה ביס כוסמין מלא,גרמים,450.00,100 גרם,false,,16.60,0.0369,true,1,99608
7290018296806,false,לחם בריאות ושובע מועשר בסיבים,מאפיית אגמי,IL,לחם בריאות ושובע מוע,גרמים,600.00,100 גרם,false,,13.90,0.0232,true,1,99603
7290018296813,false,פיתה ביס קלה 10 יח 4,"מאפיית אגמי בע""מ",,פיתה קלה ביס 10 יח',גרמים,450.00,100 גרם,false,,13.90,0.0309,true,1,99609
7290018333020,false,"שלוקים-משקה קל בטעם ענבים קש 40 יח' 200 מ""ל",כרמית,IL,שלוקים בטעם ענבים עם,ליטרים,8.00,ליטר,false,,32.90,4.1125,true,1,104848
7290018333112,false,טופי אצבעות מיקס פירות כרמית 402 גרם,,TR,אריזת טופי אצבעות מי,גרמים,402.00,100 גרם,false,,9.90,0.0246,true,1,142812
7290018333686,false,גרנולה פרו 250 גרם עם פקאן וחמוציות,רפאלס,IL,גרנולה פרו פקאן חמוצ,גרמים,250.00,100 גרם,false,,14.90,0.0596,true,1,143821
7290018333693,false,גרנולה פרו עם קשיו ופירות יבשים 600 גרם,רפאלס,IL,גרנולה רפאל 600 גר',גרמים,600.00,100 גרם,false,,22.90,0.0382,true,1,108467
7290018333945,false,חטיף אגוזים רפאלס שקד ווניל בדצ 150 גר *12יח,כרמית תעשיות ממתקים,IL,חטיף אגוזים רפאלס שק,גרמים,150.00,100 גרם,false,,14.90,0.0993,true,1,107708
7290018333952,false,חטיף אגוזים רפאלס וחמוציות בדצ 150 גר *12יח,כרמית תעשיות ממתקים,IL,חטיף אגוזים וחמוציות,גרמים,150.00,100 גרם,false,,14.90,0.0993,true,1,107709
7290018333969,false,חטיף גרנולה רפאלס שקדים וטחינה בדצ 150 גר *12יח,כרמית תעשיות ממתקים,IL,חטיף גרנולה שקדים וט,גרמים,150.00,100 גרם,false,,14.90,0.0993,true,1,107710
7290018338070,false,חיטה פריקי טבעי 500 גרם,תבואות,IL,חיטת פריקי 500 גר' ת,גרמים,500.00,100 גרם,false,,12.90,0.0258,true,1,104512
7290018338513,false,מיץ תפוחים צלול אורג,תבואות,IL,מיץ תפוחים צלול אורג,ליטרים,1.00,ליטר,false,,16.90,16.9000,true,1,142937
7290018338537,false,מיץ פירות אדומים מעורבים אורגני 1 ליטר,תבואות,IL,מיץ פירות אדומים מעו,ליטרים,1.00,ליטר,false,,18.90,18.9000,true,1,142938
7290018338605,false,אטריות עדשים כתומות,,,אטריות עדשים כתומות,גרמים,250.00,100 גרם,false,,14.90,0.0596,true,1,141387
7290018338636,false,פסטה פוסילי כוסמת או,,,פוסילי כוסמת אורגני,גרמים,250.00,100 גרם,false,,14.90,0.0596,true,1,141386
7290018338698,false,פנה דורום מלא אורגני 500 גרם,תבואות,,פנה מקמח דורום אורגנ,גרמים,500.00,100 גרם,false,,8.40,0.0168,true,1,143175
7290018338704,false,פוסילי דורום מלא אורגני 500 גרם,תבואות,,פוסילי מקמח דורום או,גרמים,500.00,100 גרם,false,,8.40,0.0168,true,1,143176
7290018339091,false,ריקו אניולוטי ראגו 100% חיטת דורום,פסטה ריקו Pasta Ricco,IL,אניולוטי ראגו מכסה א,גרמים,300.00,100 גרם,false,,31.90,0.1063,true,1,142995
7290018343296,false,דר פישר אלכוגל H לידיים 100 מל,מדי פישר,IL,"אלכוג'ל 100 מ""ל",מיליליטרים,100.00,"100 מ""ל",false,,9.90,0.0990,true,1,108366
7290018359358,false,שלישית רוטב עגבניות מרוכז מאודפריכוז יכין 200 גרם,זנלכל,IL,פריכוז יכין שלישייה,גרמים,600.00,100 גרם,false,,10.90,0.0182,true,1,106529
7290018359457,false,קראנץ בננה טבעי יכין,יכין,TR,קראנץ בננה טבעי יכין,גרמים,19.00,100 גרם,false,,5.90,0.3105,true,1,141159
7290018359464,false,חטיף קראנצ'י תירס טבעי יכין,יכין,TR,קראנץ תירס טבעי יכין,גרמים,27.00,100 גרם,false,,5.90,0.2185,true,1,141160
7290018359471,false,חטיף קראנצ'י תפוחים טבעי יכין,יכין,IL,קראנץ תפוח טבעי יכין,גרמים,18.00,100 גרם,false,,5.90,0.3278,true,1,141161
7290018359495,false,תירס מהשדה בלי תוספת סוכר יכין 550 גרם,היינץ צפון אמריקה מק,IL,תירס מהשדה ללא תוספת,גרמים,335.00,100 גרם,false,,8.90,0.0266,true,1,103910
7290018359518,false,תירס מהשדה בלי תוספת סוכר יכין מארז 200X3 גר',"זנלכל בע""\מ",IL,שלישיית תירס מהשדה ל,גרמים,600.00,100 גרם,false,,13.90,0.0232,true,1,104889
7290018359556,false,תירס מהשדה בלי תוספת סוכר יכין 400 גרם,היינץ צפון אמריקה מק,IL,תירס מהשדה ללא סוכר,גרמים,400.00,100 גרם,false,,6.90,0.0173,true,1,104996
7290018359570,false,שעועית צ'ילי הקטניה הטובה יכין 3*200 גרם,זנלכל,,שעועית צ'ילי מארז של,גרמים,600.00,100 גרם,false,,12.90,0.0215,true,1,105851
7290018359655,false,מארז פטריות חתוכות יכין 200X3 גרם,יכין,,פטריות חתוכות שלישיי,גרמים,345.00,100 גרם,false,,10.90,0.0316,true,1,144672
7290018359686,false,יכין חומוס גדול 550 גר A2,היינץ צפון אמריקה מק,IL,חומוס ענק יכין,גרמים,290.00,100 גרם,false,,8.50,0.0293,true,1,108781
7290018359716,false,רוטב עגבניות פיצה טוסקנה 240 גרם יכין,"זנלכל בע""\מ",IL,רוטב פיצה טוקסנה 240,גרמים,240.00,100 גרם,false,,4.90,0.0204,true,1,106586
7290018359853,false,עדשים שחורות יכין 400 גרם,"זנלכל בע""מ",IL,עדשים שחורות יכין,גרמים,265.00,100 גרם,false,,6.90,0.0260,true,1,108782
7290018359938,false,"רוטב עגבניות לשקשוקה יכין, 400 גרם",זנלכל,IL,רוטב עגבניות לשקשוקה,גרמים,400.00,100 גרם,false,,11.90,0.0298,true,1,144618
7290018359952,false,רוטב עגבניות לפסטה יכין 400 גרם,זנלכל,IL,רוטב עגבניות לפסטה י,גרמים,400.00,100 גרם,false,,11.90,0.0298,true,1,144580
7290018359969,false,רוטב עגבניות לפיצה יכין 400 גרם,זנלכל,IL,רוטב עגבניות לפיצה י,גרמים,400.00,100 גרם,false,,11.90,0.0298,true,1,144581
7290018371091,false,בייגלה אורגני מקמח כוסמין ללא מלח 200 גר,השדה מוצרים טבעיים ו,IL,בייגלה אורגני מקמח כ,גרמים,200.00,100 גרם,false,,15.90,0.0795,true,1,144826
7290018371206,false,מחית (סקוויז) תפוח עץ ושזיף אורגניים 100 גרם,השדה מוצרים טבעיים ו,ES,מחית תפוח עץ ושזיף א,גרמים,100.00,100 גרם,false,,4.40,0.0440,true,1,104730
7290018371213,false,מחית (סקוויז) תפוח עץ ואפרסק אורגניים 100 גרם,השדה מוצרים טבעיים ו,ES,מחית תפוחי עץ ואפרסק,גרמים,100.00,100 גרם,false,,4.40,0.0440,true,1,104731
7290018371275,false,מיני פריכיות כוסמת 80 גרם,"פרח תעשיות מזון בע""\מ",IL,מיני פריכיות כוסמת 8,גרמים,80.00,100 גרם,false,,10.90,0.1363,true,1,106112
7290018371299,false,אובלטים אורגניים מקמח חומוס 100 גרם,השדה מוצרים טבעיים ו,IL,אובלטים אורגניים מקמ,גרמים,100.00,100 גרם,false,,11.90,0.1190,true,1,106843
7290018371305,false,אובלטים מקמח עדשים אדומות אורגני 100 גרם,השדה מוצרים טבעיים ו,IL,אובלטים אורגניים מקמ,גרמים,100.00,100 גרם,false,,11.90,0.1190,true,1,106844
7290018371466,false,וופל קמח מלא חרובים אורגני 200 גרם,השדה מוצרים טבעיים ו,IL,וופל קמח מלא חרובים,גרמים,200.00,100 גרם,false,,11.90,0.0595,true,1,143460
7290018371510,false,וופל כוסמין לימון 200 גר,השדה מוצרים טבעיים ו,IL,ופל קמח כוסמין לימון,גרמים,200.00,100 גרם,false,,14.50,0.0725,true,1,141347
7290018371527,false,וופל קוביות קמח מלא חרובים אורגני 200 גר,השדה מוצרים טבעיים ו,IL,וופל קוביות קמח מלא,גרמים,200.00,100 גרם,false,,13.90,0.0695,true,1,142547
7290018371534,false,וופל קוביות כוסמין חרובים אורגני 200 גר,"רוקחמן בע""מ",IL,וופל קוביות קמח כוסמ,גרמים,200.00,100 גרם,false,,14.90,0.0745,true,1,141200
7290018394021,false,ח.תקוע פטריות מלך היער,חוות פטריות תקוע,CN,פטריות מלך היער,יחידה,0.00,יחידה,false,,13.90,0.0000,true,1,107406
7290018394038,false,פטריות שיטאקה מיובשות חוות תקוע 25 גרם,חקלאי,IL,פטריות שיטאקי מיובשו,גרמים,25.00,100 גרם,false,,8.40,0.3360,true,1,104710
7290018394069,false,ביציי שליו חוות תקוע,,,ביצי שליו 12 יח',יחידה,0.00,יחידה,false,,16.90,0.0000,true,1,106798
7290018394083,false,שופ פנינה חוות תקוע 200 גרם,FOODS YOKID QINGADO,IL,שום פנינה 250 גר' חו,גרמים,250.00,100 גרם,false,,12.90,0.0516,true,1,108469
7290018394113,false,דואט פטריות שי-מג'י חוות תקוע,,IL,דואט פטריות שי-מג'י,גרמים,300.00,100 גרם,false,,21.50,0.0717,true,1,144619
7290018394144,false,בצלצלי איזי שאלוט חוות תקוע,גורמה,NL,איזי שאלוט,גרמים,350.00,100 גרם,false,,9.50,0.0271,true,1,144212
7290018394151,false,מיקס פטריות אקזוטי חוות תקוע,"פנטה אמפאק בע""מ",IL,מיקס פטריות אקזוטי,גרמים,400.00,100 גרם,false,,24.90,0.0622,true,1,144213
7290018400036,false,חגיגת טעמים כתומים לתנור סנפרוסט 800 גרם,"סנפרוסט בע""מ",IL,חגיגית טעמים כתומים,גרמים,800.00,100 גרם,false,,21.00,0.0263,true,1,107579
7290018400647,false,סמודיז בננה תמר סנפרוסט 300 גרם,"סנפרוסט בע""\מ",IL,SMOOTHIE בננה תמר,גרמים,300.00,100 גרם,false,,14.90,0.0497,true,1,106960
7290018400661,false,לקט פאייה בסגנון ספרדי סנפרוסט 800 גרם,"סנפרוסט בע""\מ",IL,לקט פאייה בסגנון ספר,גרמים,800.00,100 גרם,false,,21.00,0.0263,true,1,108776
7290018400807,false,טברנה יוונית סנפרוסט 800 גרם,"סנפרוסט בע""מ",IL,לקט טברנה יוונית סנפ,גרמים,800.00,100 גרם,false,,21.00,0.0263,true,1,104473
7290018440070,false,תרכיז עגבניות בשפורפרת 28BX בלה איטליה 200 ג',בלה איטליה Bella Italia,IT,תרכיז עגבניות בשפורפ,יחידה,0.00,יחידה,false,,8.90,0.0000,true,1,104775
7290018440209,false,פליפז בייגלה בציפוי פאדג' לבן מקוויטיס 140 גרם,שוורצקוף& הנקל דיסלד,TR,פליפז בייגלה בציפוי,גרמים,140.00,100 גרם,false,,8.90,0.0636,true,1,106000
7290018440223,false,תה צ'אי מסאלה 25 שקיקים ויסוצקי,תה ויסוצקי,IL,צ'אי מסאלה,גרמים,50.00,100 גרם,false,,19.90,0.3980,true,1,141633
7290018440247,false,תה צ'אי שקדים0 25 שקיקים ויסוצקי,תה ויסוצקי,IL,צ'אי שקדים,גרמים,50.00,100 גרם,false,,19.90,0.3980,true,1,141634
7290018440254,false,תה צ'אי קרמל מלוח 25 שקיקים ויסוצקי,תה ויסוצקי,IL,צ'אי קרמל מלוח,גרמים,50.00,100 גרם,false,,19.90,0.3980,true,1,141636
7290018440384,false,תה ירוק מאטה לימון נענע ויסוצקי 25 יחידות,תה ויסוצקי,IL,תה ירוק מאטה לימון נ,גרמים,37.50,100 גרם,false,,24.90,0.6640,false,1,141617
7290018440438,false,Calvo טונה בשמן זית פתיחה קלה 3 * 65 גרם,"קאלוו קונסרבס ס.ל.יו. ,",ES,טונה EASY ELIP בשמן,גרמים,195.00,100 גרם,false,,25.90,0.1328,true,1,144660
7290018440483,false,פליפז בייגלה מצופה בקרמל מלוח ושוקולד מקוויטיס 140 גרם,שוורצקוף& הנקל דיסלד,TR,בייגלה מצופה בקרמל מ,גרמים,140.00,100 גרם,false,,8.90,0.0636,true,1,141441
7290018440513,false,סלט קליפורנייה קאלוו עם טונה 150 גר,"קאלוו קונסרבס ס.ל.יו. ,",ES,סלט קליפורניה עם טונ,גרמים,150.00,100 גרם,false,,13.90,0.0927,true,1,144661
7290018468418,false,פסטרמה צמחונית טעם מפולפל 120 גרם טירת צבי,טיב טירת צבי 2000,IL,פסטרמה צמחונית בטעם,גרמים,120.00,100 גרם,false,,14.90,0.1242,true,1,145956
7290018468425,false,נקניק טבעוני בטעם פיקנטי 100 גרם טירת צבי,טיב טירת צבי 2000,IL,נקניק טבעוני בטעם פי,גרמים,100.00,100 גרם,false,,14.90,0.1490,true,1,145954
7290018468432,false,נקניק טבעוני בטעם מעושן 100 גרם טירת צבי,טיב טירת צבי 2000,IL,נקניק טבעוני בטעם מע,גרמים,100.00,100 גרם,false,,14.90,0.1490,true,1,145955
7290018471142,false,"ספרינג שייק בננה אננס קוקוס פירות יער זכוכית 330 מ""ל","יפאורה תבורי בע""\מ",IL,ספרינג שייק בננה אננ,מיליליטרים,330.00,"100 מ""ל",false,,6.50,0.0197,true,1,108379
7290018471210,false,קרטונית נקטר ספרינג תפוח סברס 1 ליטר,"יפאורה תבורי בע""\מ",IL,ספרינג קרטונית אגס ת,ליטרים,1.00,ליטר,false,,6.90,6.9000,false,1,106958
7290018471470,false,תפוזינה נקטר תפוז פסיפלורה קרטונית 1 ליטר,"יפאורה תבורי בע""\מ",IL,תפוזינה נקטר תפוז פס,ליטרים,1.00,ליטר,false,,6.90,6.9000,false,1,107276
7290018471494,false,תפוזינה משקה תפוז גזר קרטונית 1 ליטר,"יפאורה תבורי בע""\מ",IL,תפוזינה משקה תפוז גז,ליטרים,1.00,ליטר,false,,6.90,6.9000,false,1,107277
7290018471616,false,שוופס אינדיאן טוניק 1 ליטר,"יפאורה תבורי בע""\מ",IL,שוופס טוניק קלאסי 1,ליטרים,1.00,ליטר,false,,9.00,9.0000,false,1,107730
7290018471623,false,שוופס טוניק אשכוליות ליצ'י 1 ליטר,"יפאורה תבורי בע""\מ",IL,שוופס טוניק אשכוליות,ליטרים,1.00,ליטר,false,,9.00,9.0000,false,1,107732
7290018471630,false,שוופס טוניק מלפפון ליים 1 ליטר,"יפאורה תבורי בע""\מ",IL,שוופס טוניק מלפפון ל,ליטרים,1.00,ליטר,false,,9.00,9.0000,false,1,107731
7290018471906,false,שוופס מוגז פירות לימונדה ורודה 1.5 ליטר פיקדון,"יפאורה תבורי בע""\מ",IL,שוופס מוגז פירות לימ,ליטרים,1.50,ליטר,false,,8.90,5.9333,false,1,141972
7290018471920,false,שוופס מוגז פירות ענבים 1.5 ליטר פיקדון,"יפאורה תבורי בע""\מ",IL,שוופס מוגז פירות ענב,ליטרים,1.50,ליטר,false,,8.90,5.9333,false,1,141974
7290018471944,false,שוופס מוגז פירות לימונייד 1.5 ליטר פיקדון,"יפאורה תבורי בע""\מ",IL,שוופס מוגז פירות לימ,ליטרים,1.50,ליטר,false,,8.90,5.9333,false,1,141976
7290018471951,false,שוופס מוגז פירות אשכולית אדומה 1.5 ליטר פיקדון,"יפאורה תבורי בע""\מ",IL,שוופס מוגז פירות אשכ,ליטרים,1.50,ליטר,false,,8.90,5.9333,false,1,141977
7290018493403,false,"ד""ר פישר - קידס קצף אמבט ויטמינים 750 מ""ל","ד""ר פישר",IL,קידס קצף אמבט ויטמינ,מיליליטרים,750.00,"100 מ""ל",false,,15.90,0.0212,true,1,107967
7290018493977,false,קמיל לניקוי והרגעת העור מועשר בשיבולת שועל 1 ל',פישר מעבדות פרמצבטיות,IL,קמיל קלין קלאם אל סב,יחידה,0.00,יחידה,false,,15.90,0.0000,true,1,108668
7290018500231,false,לחם פרוס וויקאנד אנג'ל 750 גרם,מאפיית אנג'ל,IL,לחם וויקאנד אנג'ל,גרמים,750.00,100 גרם,false,,12.90,0.0172,true,1,144261
7290018500361,false,"לחם שחור פרוס 900 גרם ""אנג'ל"" -מוצר בפיקוח",מאפיית שלמה א. אנג'\ל בע,IL,לחם אחיד פרוס אנג'ל,גרמים,900.00,100 גרם,false,,8.53,0.0095,false,1,144704
7290018516041,false,פרמיו דליקט עוף לחתול,פרמיו Premio,CN,פרמיו דליקט עוף 56 ג,גרמים,56.00,100 גרם,false,,10.00,0.1786,true,1,144775
7290018516270,false,פרמיו בוגר עוף לחתול,,FR,פרמיו בוגר עוף לחתול,גרמים,100.00,100 גרם,false,,4.00,0.0400,true,1,145485
7290018516324,false,פאוץ' פרינוק תפוח עץ עם שיבולת שועל 120 גרם,פרוטה פודווין איי.אס,CZ,מחית תפוח ושיבולת שו,גרמים,120.00,100 גרם,false,,5.90,0.0492,true,1,108922
7290018516348,false,מחית פרינוק פאוץ' שיבולת שועל סלט פירות 120 גרם,פרוטה פודווין איי.אס,CZ,סלט פירות ושיבולת שו,גרמים,120.00,100 גרם,false,,5.90,0.0492,true,1,108924
7290018516362,false,מחיט תפוח עץ בננה ושבולות שועל 190 ג' פרינוק גוניור,פרוטה פודווין איי.אס,CZ,"ג'וניור תפו""ע בננה ו",גרמים,190.00,100 גרם,false,,6.50,0.0342,true,1,142815
7290018516379,false,מחיט סלט פירות ושבולות שועל 190 ג' פרינוק גוניור,פרוטה פודווין איי.אס,CZ,ג'וניור סלט פירות וש,גרמים,190.00,100 גרם,false,,6.50,0.0342,true,1,142816
7290018516447,false,ארוחת מקרוני+רוטב גב206,,US,גוסטו מקרוני עם גבינ,גרמים,206.00,100 גרם,false,,12.90,0.0626,true,1,145973
7290018516744,false,"פרמיו סופרים עוף וסלמון לחתול בוגר 3 ק""ג",,,פרמיו סופרים עוף וסל,קילוגרמים,3.00,"ק""ג",false,,59.90,19.9667,true,1,145463
7290018516768,false,פרמיו פטה עוף לחתלתו,,,פרמיו עוף לחתלתול במ,גרמים,400.00,100 גרם,false,,5.90,0.0148,true,1,145498
7290018516959,false,"פרמיו סופרים מועשר בעוף לכלב מגזע ננסי 3ק""ג",פרמיו Premio,,פרמיו סופרים עופות ל,קילוגרמים,3.00,"ק""ג",false,,49.90,16.6333,true,1,145465
7290018517086,false,מעדן פרי דובדבן ללא,,,מעדן פרי דובדבן ללא,גרמים,280.00,100 גרם,false,,11.50,0.0411,true,1,143152
7290018517154,false,פופקורן למיקרוגל חמא,RAMSEY,,פופקורן למיקרו חמאה,גרמים,300.00,100 גרם,false,,8.90,0.0297,true,1,108802
7290018540329,false,שקית פיתה פיתה בלדי 800 ג' אנג'ל,מאפיית שלמה א. אנג'\ל בע,IL,פיתות אנג'ל 8 יח',גרמים,880.00,100 גרם,false,,11.50,0.0131,true,1,106124
7290018564592,false,שף הטבע - שום כתוש בצנצנת 200 גרם,בני דרום,IL,שום כתוש צנצנת 200 ג,גרמים,200.00,100 גרם,false,,12.90,0.0645,true,1,144043
7290018641439,false,אוק אנד אש - ערק אשכולית אדומה מוגז,,IL,אוק אנד אש - ערק אשכ,מיליליטרים,330.00,"100 מ""ל",false,,13.90,0.0421,true,1,143000
7290018652015,false,נסטלה שלגון סופרולר 75 גרם,פרונרי איברייה,PL,שלגון סופרולר,גרמים,75.00,100 גרם,false,,7.50,0.1000,true,1,106573
7290018652039,false,לה קרמריה קרמל מלוח ונוגט בדצ 6*1.4 ליטר,גלידות נסטלה )נגה גלידות,IL,לה קרמריה קרמל מלוח,ליטרים,1.40,ליטר,false,,22.90,16.3571,true,1,106070
7290018652657,false,פרוייקט סער-מאגת לייט מנגו נסטלה 6*52 גרם,גלידות נסטלה,IL,מאגדת לייט מנגו שישי,גרמים,312.00,100 גרם,false,,27.90,0.0894,true,1,143024
7290018652671,false,"לה קרמריה שוקולד וניל 1.4 ליטר [תו אי""ל]",גלידות נסטלה,IL,לה קרמריה שוקו וניל,ליטרים,1.40,ליטר,false,,22.90,16.3571,false,1,143093
7290018652718,false,שלגון מילקה אגוזים 71 גרם,פרונרי פולין,PL,שלגון מילקה אגוזים,גרמים,71.00,100 גרם,false,,9.90,0.1394,true,1,143105
7290018652756,false,שלגון נסטלה מצופה וניל טרופי 55 גרם,נסטלה,IL,שלגון נסטלה וניל טרו,גרמים,55.00,100 גרם,false,,4.90,0.0891,true,1,143106
7290018652886,false,שלגונים בשומן צמחי בטעמי שוקו ובננה מצופים צימקאו,גלידות נסטלה,IL,מאגדת שלגונים מצופים,גרמים,476.00,100 גרם,false,,26.90,0.0565,true,1,145328
7290018652909,false,מאגדת מאגנום קפה שוקולד ופקאן 5 *43 ג' נסטלה,גלידות נסטלה,IL,מאגדת אספרסו שוקולד,גרמים,225.00,100 גרם,false,,27.90,0.1240,true,1,143025
7290018652947,false,קראנץ ליבת נוגט+אורז תפוח כלפ28*100ג,נסטלה גלידות,IL,שלגון קראנץ וניל פיס,גרמים,100.00,100 גרם,false,,9.90,0.0990,true,1,144328
7290018654149,false,קוקטייל פירות יער קפ,,,קוקטייל פירות יער קפ,גרמים,500.00,100 גרם,false,,17.50,0.0350,true,1,104170
7290018654439,false,מארז מיני סופלה שוקו,,,מיני סופלה שוקולד,גרמים,330.00,100 גרם,false,,25.90,0.0785,true,1,146387
7290018654781,false,מאגדת כוסות גלידה סו,,,מאגדת 12 יח כוסות גל,גרמים,960.00,100 גרם,false,,39.90,0.0416,true,1,146386
7290018677001,false,"לחם אורז וגרעיני חמניות לל""ג 375 גרם",,CZ,לחם אורז עם גרעיני ח,גרמים,375.00,100 גרם,false,,19.90,0.0531,true,1,141992
7290018677056,false,קוואקר דק אורגני 500 גרם,,DK,קוואקר אורגני דק נוט,גרמים,500.00,100 גרם,false,,10.90,0.0218,true,1,107894
7290018677063,false,קוואקר עבה אורגני 500 גרם,,DK,קוואקר אורגני עבה נו,גרמים,500.00,100 גרם,false,,10.90,0.0218,true,1,107895
7290018677070,false,"קרם קוקוס אורגני 330 מ""ל",בראנץ'\ אוף בן טרה אימפו,VN,קרם קוקוס אורגני נוט,מיליליטרים,330.00,"100 מ""ל",false,,11.50,0.0348,true,1,107896
7290018677124,false,גרנולה קראנצ'י חמוציות ודובדבנים ללא גלוטן וללא תוספת סוכר נוטרה זן-300 גרם,נוטרה זון,CZ,גרנולה קראנצ חמוציות,גרמים,300.00,100 גרם,false,,23.90,0.0797,true,1,142384
7290018677131,false,גרנולה קראנצ'י אגוזים ושקדים ללא גלוטן וללא תוספת סוכר נוטרה זן-300 גרם,נוטרה זון,CZ,גרנולה קראנצי אגוזים,גרמים,300.00,100 גרם,false,,23.90,0.0797,true,1,142385
7290018677148,false,גרנולה קראנצ'י שוקולד וקוקוס ללא גלוטן וללא תוספת סוכר נוטרה זן-300 גרם,,CZ,גרנולה קראנצ'י שוקול,גרמים,300.00,100 גרם,false,,23.90,0.0797,true,1,144987
7290018677155,false,"תערובת קמחים רב תכליתי לל""ג 500 גרם",נוטרה זון,IT,תערובת קמחים רב תכלי,גרמים,500.00,100 גרם,false,,22.90,0.0458,true,1,108304
7290018677162,false,"תערובת קמחים רב תכליתי לל""ג 500 גרם",נוטרה זון,IT,תערובת רב תכליתית לל,גרמים,500.00,100 גרם,false,,20.90,0.0418,true,1,108305
7290018684412,false,חלווה משומשום מלא לל,,,חלווה משומשום מלא לל,גרמים,400.00,100 גרם,false,,23.90,0.0597,true,1,143868
7290018684818,false,חלווה משומשום מלא לל,,,חלווה משומשום מלא לל,גרמים,400.00,100 גרם,false,,23.90,0.0597,true,1,143871
7290018693247,false,מטליות לחות בניחוח לגונה בריז,,,מטליות לחות לרצפה,יחידה,0.00,יחידה,false,,8.90,0.0000,true,1,142921
7290018693551,false,שקיות אוכל מנייר לבן,,,שקיות אוכל מנייר לבן,יחידה,0.00,יחידה,false,,6.90,0.0000,true,1,146392
7290018703083,false,פראוד חטיף חלבון דאבל שוקולד 60 גרם קראנץ,פראוד PROUD,NL,פראוד חטיף חלבון דאב,גרמים,60.00,100 גרם,false,,11.90,0.1983,true,1,144433
7290018703229,false,חטיף חלבון שוקולד אגוזים פראוד 60 גרם,פראוד,NL,פראוד - חטיף חלבון ט,גרמים,60.00,100 גרם,false,,11.90,0.1983,true,1,144166
7290018703243,false,חטיף חלבון קרמל קראנצ פראוד 60 גרם,פראוד,NL,פראוד - חטיף חלבון ט,גרמים,60.00,100 גרם,false,,11.90,0.1983,true,1,144167
7290018703311,false,פראוד - חטיף חלבון קרם עוגיות קראנצ' 60ג,v.s.i,NL,חטיף חלבון בטעם קרם,גרמים,60.00,100 גרם,false,,11.90,0.1983,true,1,144426
7290018703496,false,פראוד - חטיף חלבון בטעם בננה טופי 60 גרם,פראוד PROUD,NL,פראוד חטיף חלבון בננ,גרמים,60.00,100 גרם,false,,11.90,0.1983,true,1,144434
7290018708118,false,חלבה וניל פיסטוק ללא סוכר בארכה 350 גרם,בארכה,,בארכה חלבה וניל פיסט,גרמים,350.00,100 גרם,false,,15.90,0.0454,true,1,142305
7290018708125,false,בארכה חלבה מסולסלת וניל 250 גרם,רושדי תעשיות מזון,IL,חלבה בארכה מסולסלת ו,גרמים,250.00,100 גרם,false,,15.90,0.0636,true,1,142701
7290018715055,false,יין רוזה ברבדו,,,יין רוזה ברבדו,מיליליטרים,750.00,"100 מ""ל",false,,85.00,0.1133,true,1,142698
7290018715154,false,יין קברנה סוביניון ב,,,יין קברנה סוביניון ב,מיליליטרים,750.00,"100 מ""ל",false,,100.00,0.1333,true,1,145621
7290018715161,false,יין ברבדו מרלו 2020,,,יין ברבדו מרלו 2020,מיליליטרים,750.00,"100 מ""ל",false,,105.00,0.1400,true,1,146266
7290018720165,false,חלווה וניל הר ברכה 2,הר ברכה,IL,חלבה 400 גר' הר ברכה,גרמים,400.00,100 גרם,false,,21.90,0.0547,true,1,144884
7290018724552,false,קמח שקדים ללא גלוטן 250 גרם,השקד אומנות ומסחר,IL,קמח שקדים ללא גלוטן,גרמים,250.00,100 גרם,false,,22.90,0.0916,true,1,141526
7290018724682,false,גרנולה דלת סוכר 300 גרם,,IL,גרנולה עשירה ממותק ס,גרמים,300.00,100 גרם,false,,24.90,0.0830,true,1,145370
7290018724804,false,"זרעי צ'יה ""נטורלה"" 230 גרם",,IL,זרעי צ'יה נטורלה,גרמים,230.00,100 גרם,false,,12.90,0.0561,true,1,104911
7290018724897,false,פירורי לחם ללא גלוטן 300 גרם אביב ירוק,,IL,פירורי מאפה ללא גלוט,גרמים,300.00,100 גרם,false,,15.90,0.0530,true,1,106293
7290018770016,false,שמן זית כתית מעולה 7,,,שמן זית ג'השאן ברנע,מיליליטרים,750.00,"100 מ""ל",false,,36.90,0.0492,true,1,106221
7290018770023,false,שמן זית כתית מעולה ק,,,שמן זית ג'השאן קורני,מיליליטרים,750.00,"100 מ""ל",false,,36.90,0.0492,true,1,106222
7290018770351,false,טחינה משומשום אתיופי,,,טחינה משומשום אתיופי,גרמים,500.00,100 גרם,false,,12.90,0.0258,true,1,145191
7290018792858,false,אבקת קקאו טבעי 500 גרם,,GH,אבקת קקאו טבעי 500 ג,גרמים,500.00,100 גרם,false,,24.90,0.0498,true,1,144657
7290018835005,false,אקסטרה צ'יפס אורז חום מלא מלח פלפל שמן זית 60 גרם,נוהלס ג'י אס סי.,BG,אקסטרה צ'יפס אורז חו,גרמים,60.00,100 גרם,false,,6.90,0.1150,true,1,144284
7290018867099,false,"יין אפוד הילה מלבק/סירה - 750 מ""ל",אפוד,IL,הילה יקב אפוד,מיליליטרים,750.00,"100 מ""ל",false,,59.90,0.0799,true,1,143604
7290018874004,false,"יין יראון יקב הרי הגליל 2019 750 מ""ל",יקבי רמת הגולן,IL,יין יראון 2019,מיליליטרים,750.00,"100 מ""ל",false,,109.90,0.1465,true,1,144544
7290018878170,false,אגו שוקולד מריר 60% מוצקי קקאו 2*100גר,"כרמית תעשיות ממתקים בע""\",IL,זוג שוקולד מריר אגו,גרמים,200.00,100 גרם,false,,9.90,0.0495,true,1,144694
7290018878224,false,עוגיות מיני קוקיס שוקולד בצנצנת כרמית 600 גרם,כרמית,IL,מיני קוקיס בטעם שוקו,גרמים,600.00,100 גרם,false,,15.90,0.0265,true,1,145838
7290018879856,false,טופי שטוח  ענבים ופטל  50 יח  24 יח בדצ - חדש,דורקאן,TR,טופי שטוח ענבים ופטל,גרמים,400.00,100 גרם,false,,9.90,0.0248,true,1,142813
7290018889244,false,עוגת פס רד וולוט חלב,בן עמי פלסט,IL,פס עוגת רד וולוט בן,גרמים,600.00,100 גרם,false,,59.90,0.0998,true,1,143158
7290018889435,false,פס מוס טירמיסו,,,פס מוס טירמיסו,יחידה,0.00,יחידה,false,,59.90,0.0000,true,1,146406
7290018893005,false,"חטיפי בייגלה אפוי בטעם חרדל ודבש, 160 גרם",צ'וקטה Chocketa,RO,צ'וקטה בייגלה בטעם ח,גרמים,200.00,100 גרם,false,,6.90,0.0345,true,1,141413
7290018893098,false,צ'וקטה עוגויות ביסקוויט מצופה שוקולד חלב 100 גרם,דיסטרופר אוליבייר,ES,צ'וקטה עוגיות מצופות,גרמים,100.00,100 גרם,false,,6.90,0.0690,true,1,142823
7290018893111,false,צ'וקטה שוקולד מריר בלגי 70% 100 גרם משולש K,צ'וקטה Chocketa,BE,צ'וקטה שוקולד מריר ב,גרמים,100.00,100 גרם,false,,7.90,0.0790,true,1,142676
7290018893128,false,צ'וקטה שוקולד חלב בלגי 34% 100 גרם משולש K,צ'וקטה Chocketa,BE,צ'וקטה שוקולד חלב בל,גרמים,100.00,100 גרם,false,,7.90,0.0790,true,1,142677
7290018893135,false,מקלות אפויים בתוספת מלח Salty,צ'וקטה Chocketa,US,צ'וקטה גריסיני מלח,גרמים,120.00,100 גרם,false,,7.90,0.0658,true,1,144831
7290018893142,false,צ'וקטה גריסיני בתוספת שמן זית 120 גרם,צ'וקטה Chocketa,US,צ'וקטה גריסיני שמן ז,גרמים,120.00,100 גרם,false,,7.90,0.0658,true,1,144832
7290018893258,false,צ'וקטה עוגות אישיות במילוי קרם קרמל ובציפוי בטעם שוקולד 300 גרם,פרדי קונדיטוריה אס.פ,IT,צ'וקטה עוגות אישיות,גרמים,300.00,100 גרם,false,,11.90,0.0397,true,1,108694
7290018893289,false,צ'וקטה עוגות מגולגלות בטעם קקאו במילוי קרם קקאו וציפוי בטעם שוקולד 6 יח' 222 גרם,צ'וקטה Chocketa,IL,צ'וקטה עוגות אישיות,גרמים,222.00,100 גרם,false,,8.90,0.0401,true,1,141767
7290018893340,false,מקלות אפויים בתוספת שומשום Salty,צ'וקטה Chocketa,US,צ'וקטה גריסיני שומשו,גרמים,120.00,100 גרם,false,,7.90,0.0658,true,1,144833
7290018893425,false,צוקטה ממרח אגוזי לוז וקקאו דואו 700 גר,נאטרא מאלה,BE,צ'וקטה ממרח דואו 700,גרמים,700.00,100 גרם,false,,19.90,0.0284,false,1,142569
7290018893449,false,עלי וופל דקים במילוי קרמל צ'וקטה 175 גרם,ארלוי אס.אל.יו.,NL,צ'וקטה סטרופוופל במי,גרמים,175.00,100 גרם,false,,9.90,0.0566,true,1,141866
7290018893456,false,צ'וקטה עוגות אישיות במילוי קרם ובציפוי בטעם שוקולד 300 גרם,"פרדי קונדיטוריה אס,פי.אי",IT,צ'וקטה עוגות אישיות,גרמים,300.00,100 גרם,false,,11.90,0.0397,true,1,108693
7290018893487,false,צ'וקטה עוגות אישיות עם קוקוס-מארז עשירייה,פרדי קונדטוריה אס פי,IT,צ'וקטה עוגות אישיות,גרמים,350.00,100 גרם,false,,11.90,0.0340,true,1,141613
7290018893517,false,צוקטה בייגלה שטוח מצופה שוקולד מריר 80 גר,שסטוביץ,RO,צ'וקטה בייגלה מצופה,גרמים,80.00,100 גרם,false,,6.90,0.0863,true,1,142674
7290018893616,false,שישיית שוקולד מריר 48% צ'וקטה 100 גרם,איברקקאו,ES,צ'וקטה מארז שוקולד מ,גרמים,600.00,100 גרם,false,,19.90,0.0332,true,1,142071
7290018893647,false,עוגיות סנדוויץ במילוי קרם וניל בציפוי שוקולד 150 גרם צ'וקטה,צ'וקטה Chocketa,ES,צ'וקטה עוגיות סנדביץ,גרמים,150.00,100 גרם,false,,8.90,0.0593,true,1,142347
7290018893654,false,חטיפי בייגלה דקיקים ופריכים מלח צ'וקטה 200 ג',צ'וקטה Chocketa,RO,צ'וקטה בייגלה בתוספת,גרמים,200.00,100 גרם,false,,6.90,0.0345,true,1,141412
7290018893746,false,צ'וקטה בייגלה עגבניות ועשבי תיבול 180 גרם,SC ALKA TRADING CO S,RO,צ'וקטה בייגלה עגבניו,גרמים,180.00,100 גרם,false,,6.90,0.0383,true,1,145181
7290018893753,false,צוקטה וופל חמאה בטעם לימון 100 גרם,שסטוביץ,BE,צ'וקטה וופל חמאה בטע,גרמים,100.00,100 גרם,false,,9.90,0.0990,true,1,145133
7290018893814,false,חמישיית שוקולד מריר 48% צ'וקטה 100 גרם,הדקלאים אגודת שיתופי,ES,שוקולד מריר 48% חמיש,גרמים,500.00,100 גרם,false,,15.90,0.0318,true,1,141422
7290018893852,false,חטיפי בייגלה דקיקים ופריכים שומשום צ'וקטה 200 ג',צ'וקטה Chocketa,RO,צ'וקטה בייגלה בתוספת,גרמים,200.00,100 גרם,false,,6.90,0.0345,true,1,141411
7290018893951,false,צ'וקטה עוגיות וופל חמאה קינמון 100 גרם,צ'וקטה,BE,צ'וקטה וופל חמאה בטע,גרמים,100.00,100 גרם,false,,9.90,0.0990,true,1,145403
7290018894002,false,בלקוני וופל קוביות קקאו 250 גרם חלבי OU,בלקוני Balconi,IT,בלקוני וופל קוביות ק,גרמים,250.00,100 גרם,false,,10.90,0.0436,true,1,143197
7290018894019,false,עוגות אישיות במילוי קרם חלבי ובציפוי קרם קקאו,בלקוני Balconi,IT,בלקוני עוגות אישיות,גרמים,350.00,100 גרם,false,,13.90,0.0397,true,1,142985
7290018894200,false,בלקוני וופל קוביות ויל 250 גרם חלבי OU,בלקוני Balconi,IT,בלקוני וופל קוביות ו,גרמים,250.00,100 גרם,false,,10.90,0.0436,true,1,142986
7290018894217,false,עוגות אישיות במילוי קרם קקאו ובציפוי קרם קקאו,בלקוני Balconi,IT,בלקוני עוגות אישיות,גרמים,350.00,100 גרם,false,,13.90,0.0397,true,1,142983
7290018894408,false,קוביות וופל במילוי קרם אגוזי לוז - חלבי,בלקוני Balconi,IT,בלקוני וופל קוביות א,גרמים,250.00,100 גרם,false,,10.90,0.0436,true,1,143199
7290018894606,false,בלקוני וופל קקאו 175 גרם חלבי OU,בלקוני Balconi,IT,בלקוני וופל קקאו,גרמים,175.00,100 גרם,false,,7.90,0.0451,true,1,142987
7290018894804,false,וופלים במילוי קרם אגוזי לוז - חלבי,בלקוני Balconi,IT,בלקוני וופל אגוזי לו,גרמים,175.00,100 גרם,false,,7.90,0.0451,true,1,142988
7290018921166,false,קמיל אל סבון להזנת העור מועשר באצות-ים 1 ליטר,פישר מעבדות פרמצבטיות בע,IL,אל סבון מועשר בתמציו,ליטרים,1.00,ליטר,false,,15.90,15.9000,true,1,142512
7290018921265,false,"תחליב רחצה מועשר בתמצית אלוורה 700 מ""ל אפקטיב קר",פישר מעבדות פרמצבטיות בע,IL,אפקטיב קר תחליב רחצה,מיליליטרים,700.00,"100 מ""ל",false,,16.90,0.0241,true,1,142793
7290018921456,false,"ד""ר פישר - אפקטיב קר תחליב רחצה שמן כותנה 700 מ""ל",פישר מעבדות פרמצבטיות בע,IL,אפקטיב קר תחליב רחצה,מיליליטרים,700.00,"100 מ""ל",false,,16.90,0.0241,true,1,142789
7290018921616,false,רביעיית מגבוני קמיל בלו שיבולת שועל 64 יח',פישר תעשיות,IL,רביעיית מגבוני שיבול,יחידה,0.00,יחידה,false,,22.90,0.0000,true,1,142148
7290018921654,false,"ד""ר פישר - אפקטיב קר תחליב רחצה תמצית לוונדר 700 מ""ל",פישר מעבדות פרמצבטיות בע,IL,אפקטיב קר תחליב רחצה,מיליליטרים,700.00,"100 מ""ל",false,,16.90,0.0241,true,1,142790
7290018921753,false,קמיל אל סבון היגייני לניקוי יסודי מועשר בלחות 1 ליטר,פישר תעשיות,IL,אל סבון מועשר בתמציו,ליטרים,1.00,ליטר,false,,15.90,15.9000,true,1,142513
7290018925065,false,מיץ פרימור תפוזים סחוט 2 ליטר-,"גניר (1992) בע""מ",IL,מיץ תפוזים סחוט פרימ,ליטרים,2.00,ליטר,false,,26.90,13.4500,false,1,142301
7290018925072,false,משקה קל לימונים ונענע 2 ל פרימור,"גניר (1992) בע""מ",IL,משקה קל לימונים ונענ,ליטרים,2.00,ליטר,false,,27.90,13.9500,false,1,142302
7290018949009,false,גרופר משקה קל מוגז אורגני תפוזזה 330 מ,מיקס קווידזון,IL,גרופר משקה קל מוגז א,מיליליטרים,330.00,"100 מ""ל",false,,7.90,0.0239,true,1,142064
7290018949016,false,"גרופר משקה קל מוגז אורגני תפוחחה 330 מ""",מיקס קווידזון,IL,גרופר משקה קל מוגז א,מיליליטרים,330.00,"100 מ""ל",false,,7.90,0.0239,true,1,142065
7290018989005,false,שלישיית פולפה עגבניות טבעי יכין 400X3 גרם,זנלכל,IL,פולפה טבעית שלישייה,גרמים,1200.00,100 גרם,false,,16.90,0.0141,true,1,142747
7290018989081,false,יכין חומוס הבית להכנת חומוס טרי 410 גי,זנלכל,IL,חומוס הבית להכנת חומ,גרמים,250.00,100 גרם,false,,6.90,0.0276,true,1,144798
7290018989135,false,סירופ בטעם פטל יכין 1 ליטר,"זנלכל בע""\מ",IL,סירופ בטעם פטל יכין,ליטרים,1.00,ליטר,false,,18.90,18.9000,true,1,144792
7290019015017,false,נר ריחני מראה,,,נר זהב,יחידה,0.00,יחידה,false,,34.90,0.0000,true,1,144623
7290019015185,false,"דפיוזר בוהו 200 מ""ל",,,מפיץ ריח,מיליליטרים,200.00,"100 מ""ל",false,,49.90,0.2495,true,1,143560
7290019015772,false,"בקבוק טריטן 750 מ""ל",,,בקבוק מים פלסטיק,יחידה,0.00,יחידה,false,,39.90,0.0000,true,1,145167
7290019035329,false,מיקס פירות תות קפוא 600 ג' פילד גוד,קונגלדוס אקיואטוריאנ,RS,מיקס פירות תות מלון,גרמים,600.00,100 גרם,false,,24.90,0.0415,true,1,145046
7290019041795,false,שקד קלוי מלוח על הדר,,,שקד קלוי מלוח על הדר,גרמים,70.00,100 גרם,false,,7.90,0.1129,true,1,144713
7290019056027,false,שוופס מוגז פירות תפוחים ללא סוכר 1.5 ליטר פיקדון,"יפאורה תבורי בע""\מ",IL,שוופס מוגז פירות תפו,ליטרים,1.50,ליטר,false,,8.90,5.9333,false,1,141978
7290019056034,false,שוופס מוגז פירות אננס ללא סוכר 1.5 ליטר פיקדון,"יפאורה תבורי בע""מ",IL,שוופס מוגז פירות אננ,ליטרים,1.50,ליטר,false,,8.90,5.9333,false,1,141979
7290019056041,false,שוופס מוגז פירות לימונייד ללא סוכר 1.5 ליטר פיקדון,"יפאורה תבורי בע""מ",IL,שוופס מוגז פירות לימ,ליטרים,1.50,ליטר,false,,8.90,5.9333,false,1,141980
7290019056058,false,שוופס מוגז עדין תפוח ליים 1.5 ליטר פיקדון,"יפאורה תבורי בע""\מ",IL,שוופס מוגז עדין תפוח,ליטרים,1.50,ליטר,false,,8.90,5.9333,false,1,141966
7290019056065,false,שוופס מוגז עדין פירות יער 1.5 ליטר פיקדון,"יפאורה תבורי בע""\מ",IL,שוופס מוגז עדין פירו,ליטרים,1.50,ליטר,false,,8.90,5.9333,false,1,141967
7290019056072,false,שוופס מוגז עדין אננס 1.5 ליטר פיקדון,"יפאורה תבורי בע""מ",IL,שוופס מוגז עדין אננס,ליטרים,1.50,ליטר,false,,8.90,5.9333,false,1,141968
7290019056089,false,שוופס מוגז עדין ענבי ריזלינג 1.5 ליטר פיקדון,"יפאורה תבורי בע""\מ",IL,שוופס מוגז עדין ענבי,ליטרים,1.50,ליטר,false,,8.90,5.9333,false,1,141969
7290019056119,false,שוופס סודה 1.5 ליטר פיקדון,"יפאורה תבורי בע""\מ",IL,שוופס סודה 1.5 ל',ליטרים,1.50,ליטר,false,,3.90,2.6000,false,1,141956
7290019056126,false,שוופס סודה לימון 1.5 ליטר בק' בודד פיקדון,"יפאורה תבורי בע""\מ",IL,שוופס סודה לימון 1.5,ליטרים,1.50,ליטר,false,,3.90,2.6000,false,1,141959
7290019056164,false,שוופס סודה 1.5 ליטר רביעייה פיקדון,"יפאורה תבורי בע""\מ",IL,שוופס סודה 1.5 ל' רב,ליטרים,6.00,ליטר,false,,12.50,2.0833,false,1,141957
7290019056171,false,שוופס סודה לימון 1.5 ליטר רביעייה פיקדון,"יפאורה תבורי בע""\מ",IL,שוופס סודה לימון 1.5,ליטרים,6.00,ליטר,false,,12.50,2.0833,false,1,141958
7290019056188,false,שוופס סודה נענע ליים 1.5 ליטר רביעייה פיקדון,"יפאורה תבורי בע""\מ",IL,שוופס סודה נענע ליים,ליטרים,6.00,ליטר,false,,12.50,2.0833,false,1,141961
7290019056232,false,משקה מוגז בטעם ליים מוחיטו 1.5 ל' שוופס,"יפאורה תבורי בע""\מ",IL,שוופס ליים מוחיטו 1.,ליטרים,1.50,ליטר,false,,8.90,5.9333,false,1,141971
7290019056256,false,שוופס מים בטעמים תפוחים 1.5 ליטר פיקדון,"יפאורה תבורי בע""מ",IL,שוופס מים בטעמים תפו,ליטרים,1.50,ליטר,false,,7.50,5.0000,false,1,141952
7290019056263,false,שוופס מים בטעמים אפרסק 1.5 ליטר פיקדון,"יפאורה תבורי בע""מ",IL,שוופס מים בטעמים אפר,ליטרים,1.50,ליטר,false,,7.50,5.0000,false,1,141953
7290019056294,false,שוופס ג'ינג'ר אייל 1.5 ליטר פיקדון,"יפאורה תבורי בע""\מ",IL,שוופס ג'ינג'ר אייל 1,ליטרים,1.50,ליטר,false,,12.50,8.3333,false,1,141867
7290019056300,false,משקה בטעם ביטר לימון 1.5 ל' שוויפס,"יפאורה תבורי בע""\מ",IL,שוופס ביטר למון 1.5,ליטרים,1.50,ליטר,false,,12.50,8.3333,false,1,141868
7290019056324,false,שוופס טוניק 1.5 ליטר פיקדון,"יפאורה תבורי בע""\מ",IL,שוופס טוניק 1.5 ל',ליטרים,1.50,ליטר,false,,12.50,8.3333,false,1,141870
7290019056331,false,שוופס טוניק ללא סוכר 1.5 ליטר פיקדון,"יפאורה תבורי בע""מ",IL,שוופס טוניק ללא סוכר,ליטרים,1.50,ליטר,false,,12.50,8.3333,false,1,141871
7290019056355,false,תפוזינה לימונדה MIX לימונענע 1.5 ליטר,"יפאורה תבורי בע""\מ",IL,תפוזינה לימונענע 1.5,ליטרים,1.50,ליטר,false,,8.90,5.9333,false,1,141872
7290019056362,false,תפוזינה ענבים 1.5 ליטר פיקדון,"יפאורה תבורי בע""\מ",IL,תפוזינה ענבים 1.5 ל',ליטרים,1.50,ליטר,false,,8.90,5.9333,false,1,141873
7290019056379,false,תפוזינה תפוזים 1.5 ליטר פיקדון,"יפאורה תבורי בע""\מ",IL,תפוזינה תפוזים 1.5 ל,ליטרים,1.50,ליטר,false,,8.90,5.9333,false,1,141874
7290019056386,false,פתוזינה אשכולית 1.5 ליטר פיקדון,"יפאורה תבורי בע""\מ",IL,תפוזינה אשכוליות 1.5,ליטרים,1.50,ליטר,false,,8.90,5.9333,false,1,141875
7290019056409,false,תפוזינה מנגו 1.5 ליטר פיקדון,"יפאורה תבורי בע""\מ",IL,תפוזינה מנגו 1.5 ל',ליטרים,1.50,ליטר,false,,8.90,5.9333,false,1,141877
7290019056416,false,מיץ בטעם לימונדה ורודה 1.5 ל' תפוזינה,"יפאורה תבורי בע""\מ",IL,תפוזינה לימונדה ורוד,ליטרים,1.50,ליטר,false,,8.90,5.9333,false,1,141878
7290019056423,false,מיץ בטעם תפוח רענן 1.5ל' תפוזינה,"יפאורה תבורי בע""\מ",IL,תפוזינה תפוחים 1.5 ל,ליטרים,1.50,ליטר,false,,8.90,5.9333,false,1,141879
7290019056485,false,ספריג תה ירוק לימון לואיזה 1.5 ליטר פיקדון,"יפאורה תבורי בע""\מ",IL,ספרינג תה תה ירוק לי,ליטרים,1.50,ליטר,false,,7.00,4.6667,false,1,141898
7290019056508,false,פרוט ווטר ענבים 1.5 ליטר פיקדון,"יפאורה תבורי בע""\מ",IL,פרוט ווטר ענבים 1.5,ליטרים,1.50,ליטר,false,,8.90,5.9333,false,1,141916
7290019056515,false,פרוט ווטר אננס 1.5 ליטר פיקדון,"יפאורה תבורי בע""\מ",IL,פרוט ווטר אננס 1.5 ל,ליטרים,1.50,ליטר,false,,8.90,5.9333,false,1,141917
7290019056539,false,פרוט ווטר אפרסק 1.5 ליטר פיקדון,"יפאורה תבורי בע""\מ",IL,פרוט ווטר אפרסק 1.5,ליטרים,1.50,ליטר,false,,8.90,5.9333,false,1,141919
7290019056546,false,פרוט ווטר אבטיח 1.5 ליטר פיקדון,"יפאורה תבורי בע""\מ",IL,פרוט ווטר אבטיח 1.5,ליטרים,1.50,ליטר,false,,8.90,5.9333,false,1,141920
7290019056553,false,שישיית מים מינרלים עין גדי 2 ליטר,עין גדי מים מינרליים,IL,עין גדי 2 ל' שישיות,ליטרים,12.00,ליטר,false,,13.80,1.1500,false,1,142496
7290019056560,false,עין גדי 2 ליטר בק' בודד פיקדון,עין גדי מיים מינרלים,IL,עין גדי 2 ל' בק' בוד,ליטרים,2.00,ליטר,false,,3.80,1.9000,false,1,141983
7290019056577,false,משקה קל מנגו ספרינג 1.5 ליטר,"יפאורה תבורי בע""\מ",IL,ספרינג מנגו 1.5 ל',ליטרים,1.50,ליטר,false,,8.90,5.9333,false,1,141901
7290019056584,false,משקה קל תפוזים ספרינג 1.5 ליטר,"יפאורה תבורי בע""\מ",IL,ספרינג תפוזים 1.5 ל',ליטרים,1.50,ליטר,false,,8.90,5.9333,false,1,141902
7290019056591,false,משקה קל ענבים ספרינג 1.5 ליטר,"יפאורה תבורי בע""\מ",IL,ספרינג ענבים 1.5 ל',ליטרים,1.50,ליטר,false,,8.90,5.9333,false,1,141903
7290019056607,false,משקה קל תפוחים ספרינג 1.5 ליטר,"יפאורה תבורי בע""\מ",IL,ספרינג תפוחים 1.5 ל',ליטרים,1.50,ליטר,false,,8.90,5.9333,false,1,141904
7290019056614,false,משקה קל אפרסק ספרינג 1.5 ליטר,"יפאורה תבורי בע""\מ",IL,ספרינג אפרסק 1.5 ל',ליטרים,1.50,ליטר,false,,8.90,5.9333,false,1,141905
7290019056621,false,משקה קל פירות טרופיים ספרינג 1.5 ליטר,"יפאורה תבורי בע""\מ",IL,ספרינג פירות טרופיים,ליטרים,1.50,ליטר,false,,8.90,5.9333,false,1,141906
7290019056638,false,משקה קל תות בננה ספרינג 1.5 ליטר,"יפאורה תבורי בע""\מ",IL,ספרינג תות בננה 1.5,ליטרים,1.50,ליטר,false,,8.90,5.9333,false,1,141907
7290019056645,false,משקה קל אגס תפוח סברס ספרינג 1.5 ליטר,"יפאורה תבורי בע""\מ",IL,ספרינג אגס תפוח סברס,ליטרים,1.50,ליטר,false,,8.90,5.9333,false,1,141908
7290019056669,false,משקה קל תפוחים דיאט ספרינג 1.5 ליטר,"יפאורה תבורי בע""\מ",IL,ספרינג תפוחים דיאט 1,ליטרים,1.50,ליטר,false,,8.90,5.9333,false,1,141910
7290019056676,false,משקה קל אשכולית אננס דיאט ספרינג 1.5 ליטר,"יפאורה תבורי בע""\מ",IL,ספרינג אשכוליות אננס,ליטרים,1.50,ליטר,false,,8.90,5.9333,false,1,141911
7290019056812,false,קריסטל מוגז מנטה 2 ליטר פיקדון,"יפאורה תבורי בע""\מ",IL,קריסטל מוגז מנטה 2 ל,ליטרים,2.00,ליטר,false,,7.50,3.7500,false,1,141893
7290019056959,false,מי עדן 1.5 ליטר בק' בודד פיקדון,"מופק ממקור בזלתי עדן ,1",IL,מי עדן 1.5 ל' בק' בו,ליטרים,1.50,ליטר,false,,4.30,2.8667,false,1,141982
7290019056973,false,שישיית מי עדן 1.5 ליטר משפחתי,"מופק ממקור בזלתי עדן ,1",IL,מי עדן 1.5 ל' שישייה,ליטרים,9.00,ליטר,false,,13.90,1.5444,false,1,141981
7290019068006,false,המבורגר אנגוס 880 גר,קצביית פרימיום,IL,המבורגר אנגוס 880 גר,גרמים,880.00,100 גרם,false,,69.90,0.0794,true,1,108607
7290019068037,false,המבוגר אנגוס 100קפוא,קצביית פרימיום,IL,המבורגר אנגוס 600 גר,גרמים,600.00,100 גרם,false,,48.90,0.0815,true,1,108610
7290019068099,false,קציצות עגל טלה 800 ג,,IL,קציצות עגל טלה 800 ג,גרמים,800.00,100 גרם,false,,62.90,0.0786,true,1,108616
7290019074557,false,"תחליב רחצה שמן כותנה משאבה 700 מ""ל ד""ר פישר",פישר מעבדות פרמצבטיו,IL,אפקטיב קר תחליב רחצה,מיליליטרים,700.00,"100 מ""ל",false,,16.90,0.0241,true,1,144559
7290019074755,false,"תחליב רחצה שמן שקדים משאבה 700 מ""ל ד""ר פישר",פישר מעבדות פרמצבטיו,IL,אפקטיב קר תחליב רחצה,מיליליטרים,700.00,"100 מ""ל",false,,16.90,0.0241,true,1,144560
7290019075103,false,קמיל בלו אקסטרה סופט שמפו לתינוק 1 ליטר,פישר מעבדות פרמצבטיות בע,IL,קמיל בלו אקסטרה סופט,ליטרים,1.00,ליטר,false,,32.90,32.9000,true,1,145614
7290019075295,false,"ד""ר פישר - אפקטיב קר תחליב רחצה עדין לידיים מועשר בש""ש 350 מ""ל",פישר מעבדות פרמצבטיות בע,IL,אפקטיב קר תחליב רחצה,מיליליטרים,350.00,"100 מ""ל",false,,11.90,0.0340,true,1,146375
7290019075493,false,"אפקטיב קר אל סבון עדין לידיים מועשר בתה ירוק ויסמין 350 מ""ל",פישר מעבדות פרמצבטיות בע,IL,אפקטיב קר תחליב רחצה,מיליליטרים,350.00,"100 מ""ל",false,,11.90,0.0340,true,1,146376
7290019075691,false,"ד""ר פישר - אפקטיב קר תחליב רחצה עדין לידיים מועשר בלבנדר 350 מ""ל",פישר מעבדות פרמצבטיות,IL,אפקטיב קר תחליב רחצה,מיליליטרים,350.00,"100 מ""ל",false,,11.90,0.0340,true,1,146377
7290019077404,false,רוטב רימונים 360 גרם,משק דבורים לין,IL,רכז רימונים 100% ללא,מיליליטרים,360.00,"100 מ""ל",false,,28.90,0.0803,true,1,143823
7290019078722,false,מארז חטיפי מרציפן במילוי פיסתוק 6*30 גרם אלמנדוס,"אלמונדס בע""מ",IL,מארז חטיפי מרציפן במ,גרמים,180.00,100 גרם,false,,29.90,0.1661,true,1,146061
7290019078999,false,מארז מרציפן תפוז שוקולד 6*30 גרם אלמנדוס,"אלמונדס בע""מ",IL,מארז חטיפי מרציפן במ,גרמים,180.00,100 גרם,false,,29.90,0.1661,true,1,146062
7290019137092,false,"סירופ מייפל קנדי אורגני 250 מ""ל",NOVOFRUCHT SK S.R.O,CA,סירופ מייפל קנדי אור,מיליליטרים,250.00,"100 מ""ל",false,,21.90,0.0876,true,1,144536
7290019153313,false,"משקהתפוח חמוציות אוכמניות 350 מ""ל פרות & ווג",יפאורה תבורי בעמ,IL,FRUITַ&VEG תפוח חמוצ,מיליליטרים,350.00,"100 מ""ל",false,,6.90,0.0197,true,1,144678
7290019153344,false,מיץ בטעם סנגרייה 1.5 ל' תפוזינה,"יפאורה תבורי בע""\מ",IL,תפוזינה סנגרייה 1.5,ליטרים,1.50,ליטר,false,,8.90,5.9333,false,1,144419
7290019153351,false,מיץ בטעם פינק אוזו 1.5 ל' תפוזינה,"יפאורה תבורי בע""\מ",IL,תפוזינה פינק אוזו 1.,ליטרים,1.50,ליטר,false,,8.90,5.9333,false,1,144420
7290019153375,false,מיץ בטעם מוחיטו 1.5 ל' תפוזינה,"יפאורה תבורי בע""\מ",IL,תפוזינה מוחיטו 1.5 ל,ליטרים,1.50,ליטר,false,,8.90,5.9333,false,1,144421
7290019232094,false,חליטת פירות וצמחים אפרסק הגן הקסום ויסוצקי 25 יחידות,תה ויסוצקי,IL,חליטת פירות וצמחים ב,גרמים,62.50,100 גרם,false,,18.90,0.3024,false,1,144430
7290019232155,false,"חליטת ""לילה טוב"" קמומיל לבנדר ו25 שקיקים ויסוצקי",תה ויסוצקי,IL,חליטת לילה טוב קמומי,גרמים,37.50,100 גרם,false,,24.90,0.6640,true,1,146193
7290019232162,false,"חליטת ""לילה טוב"" קמומיל מליסה 25 שקיקים ויסוצקי",תה ויסוצקי,IL,חליטת לילה טוב קמומי,גרמים,37.50,100 גרם,false,,24.90,0.6640,true,1,146194
7290019232179,false,חליטת לילה טוב נענע 25 שקיקים ויסוצקי,תה ויסוצקי,IL,תה ירוק נענע+ויטמיני,גרמים,37.50,100 גרם,false,,24.90,0.6640,true,1,146190
7290019232186,false,תה ירוק לימונית לואיזהSTAY WELL 25 שקיקים ויסוצקי,תה ויסוצקי,IL,תה ירוק לימונית ולוא,גרמים,37.50,100 גרם,false,,24.90,0.6640,true,1,146191
7290019232353,false,תה ירוק סיני 50 שקיקים ויסוצקי,תה ויסוצקי,IL,תה ירוק סיני 50 שקיק,גרמים,75.00,100 גרם,false,,45.90,0.6120,false,1,145742
7290019232377,false,חווית הצ'איתה שחור בטעם וניל והל 25 יח' ויסוצקי,תה ויסוצקי,IL,חליטת צ'אי וניל ויסו,גרמים,50.00,100 גרם,false,,19.90,0.3980,true,1,146453
7290019232384,false,חווית הצ'אי תה שחור בטעם מוקה 25*50 ג' ויסוצקי,תה ויסוצקי,IL,חליטת צ'אי מוקה ויסו,גרמים,50.00,100 גרם,false,,19.90,0.3980,true,1,146454
7290019232803,false,הולגריין ביסקוויט+קרם חלב ושוקולד חלב 300 גרם רבנות,"אולקר ביסקווי סנאי, א.ס.",TR,הולגריין ביסקוויט עם,גרמים,300.00,100 גרם,false,,10.90,0.0363,true,1,145986
7290019232834,false,פליפז בייגלה מצופה קרם עוגיות ושוקולד מקוויטיס 140 גרם,אולקר מקבוצת פלאדיס,TR,FLIPZ בייגלה מצופה ק,גרמים,140.00,100 גרם,false,,8.90,0.0636,true,1,144493
7290019233015,false,רוטב שקשוקה תבשיל ירקות עם שמן זית כתית מעולה 420ג זיתא,זיתא,IT,רוטב שקשוקה ירוקה זי,גרמים,420.00,100 גרם,false,,13.90,0.0331,true,1,144653
7290019233039,false,שקשוקה קלאסית- רוטב עגבניות עם קוביות פלפלים צלויים,דליציה דורה אס.אר.אל,IT,רוטב שקשוקה קלאסית ז,מיליליטרים,420.00,"100 מ""ל",false,,13.90,0.0331,true,1,144655
7290019233046,false,זית קלמטה בלונד מרינד עם שמן זית 215 גרם,זיתא - י.ט.ב תעשיות,IL,זית קלמטה בלונדי זית,גרמים,215.00,100 גרם,false,,12.90,0.0600,true,1,143034
7290019297161,false,טורטיה ראפ מקמח תירס שקדיה 450 גרם,דין שיווק,TR,טורטיות ראפ מקמח תיר,גרמים,540.00,100 גרם,false,,9.90,0.0183,true,1,57600
7290019297451,false,מי ורדים שקדיה 500 מ,אף.סי תבליני בגליל ב,BE,מי ורדים 500 מל,מיליליטרים,500.00,"100 מ""ל",false,,17.90,0.0358,true,1,78070
7290019297512,false,"רוטב רימונים שקדיה 340 מ""ל בדץ",סיטוגלוגידה,TR,שקדיה- רוטב רימונים,גרמים,350.00,100 גרם,false,,9.90,0.0283,true,1,91290
7290019297550,false,בוטנים מטוגנים בקופסא 185 גרם,קריניציה ויטמינה אס,IL,בוטנים מטוגנים בקופס,גרמים,185.00,100 גרם,false,,10.90,0.0589,true,1,81968
7290019369080,false,"יין לה וי רוז דו קסטל 2021 750 מ""ל",יקב קסטל,,יין לה וי רוז' 2021,מיליליטרים,750.00,"100 מ""ל",false,,75.00,0.1000,true,1,146340
7290055090801,false,כרמית שוקולד לבן ללא תוספת סוכר 85 גרם,"כרמית תעשיות ממתקים בע""\",IL,כרמית שוקולד לבן ללא,גרמים,85.00,100 גרם,false,,5.90,0.0694,true,1,50080
7290100240137,false,"תרסיס ריחני למייבש כחול בדין 500 מ""ל","זוהר דליה, קיבוץ דליה, 1",IL,תרסיס בדין למייבש כח,מיליליטרים,500.00,"100 מ""ל",false,,19.50,0.0390,true,1,25426
7290100240144,false,"תרסיס ריחני למייבש ורוד בדין 500 מ""ל","זוהר דליה, קיבוץ דליה, 1",IL,תרסיס בדין למייבש,מיליליטרים,500.00,"100 מ""ל",false,,19.50,0.0390,true,1,25421
7290100240632,false,קרקר פתית 200-300ג' 6 דגנים 250 גרם,יוניליוור ישראל מזון בע\,IL,פתית שישה דגנים 250,גרמים,250.00,100 גרם,false,,18.50,0.0740,true,1,28281
7290100240656,false,"פתית שיפון בד""צ חדש 300X24 גר'",יוניליוור ישראל מזון בע\,IL,פתית שיפון 300ג' בדץ,גרמים,300.00,100 גרם,false,,18.50,0.0617,true,1,39745
7290100243084,false,מיונז אמיתי הלמנס 789גרם,"יונילוור ארה""ב",IL,מיונז אמיתי הלמנס 78,גרמים,789.00,100 גרם,false,,26.50,0.0336,false,1,33088
7290100243671,false,"מרכך כביסה מרוכז אקסטרה כחול בדין 960 מ""ל",יוניליוור סנאיי וי טיקאר,TR,בדין אקסטרא כחול 960,מיליליטרים,960.00,"100 מ""ל",false,,14.90,0.0155,false,1,31725
7290100245231,false,נמס בכוס מרק בטעם עוף עם אטריות ושקדי מרק-2 שקיות,יוניליוור ישראל מזון בע\,IL,נמס בכוס ועוד טעם עו,גרמים,50.00,100 גרם,false,,7.00,0.1400,true,1,34176
7290100249598,false,"רוטב לעוף שום ודבש קנור 320 גרם בד""צ",יוניליוור ישראל מזון בע\,IL,רוטב שום ודבש קנור 3,גרמים,310.00,100 גרם,false,,14.90,0.0481,true,1,38830
7290100653463,false,"פלמוליב - ארומה ג'ל רחצה מסאז' 500 מ""ל",קולגייט-פלמוליב,TR,פלמוליב ספא מסג',מיליליטרים,500.00,"100 מ""ל",false,,14.90,0.0298,true,1,8056
7290100658338,false,"נוזל לניקוי כלים אוקסי פלוס פלמוליב 750 מ""ל",הנסיך- מפעל לייצור ט,GR,פלמוליב אוקסי,מיליליטרים,750.00,"100 מ""ל",false,,9.90,0.0132,false,1,8067
7290100659090,false,פרי חטיפים ללא גלוטן ותוספת סוכר מארז 5 תמרים וקינמון,טבעית מוצרים מן הטבע בעמ,IL,חטיף דגנים תמרים וקי,גרמים,100.00,100 גרם,false,,16.50,0.1650,true,1,8416
7290100680711,false,פירורית זהב אסם זהב 350ג',עינת תעשיות מזון אגו,IL,פירורית זהב 350גר',גרמים,350.00,100 גרם,false,,8.90,0.0254,false,1,6674
7290100680728,false,פירורית רגילה שקית 350 גרם,מיוצר עי קונדיטוריית,IL,פירורית 350גר',גרמים,350.00,100 גרם,false,,7.20,0.0206,true,1,6675
7290100681015,false,אינסטנט פודינג בטעם ריבת חלב אסם 84 גרם,מיוצר עי קונדיטוריית,IL,אינסטנט פודינג ריבת,גרמים,84.00,100 גרם,false,,5.90,0.0702,false,1,6681
7290100681138,false,מארז אפרופו חטיף תירס 3 יחידות,"אסם השקעות בע""\מ",IL,מארז אפרופו שלישיה,גרמים,150.00,100 גרם,false,,12.50,0.0833,false,1,19759
7290100681503,false,עסיס סירופ לימונענע דיאטטי 1 ליטר,בית-השיטה עסיס תעשיות מז,IL,עסיס סירופ לימונענע,ליטרים,1.00,ליטר,false,,17.90,17.9000,false,1,6694
7290100684306,false,"רוטב צ'ילי מתוק 600מ""ל אסם","אסם השקעות בע""\מ",IL,רוטב צ'ילי מתוק 600מ,יחידה,760.00,יחידה,false,,18.50,0.0243,true,1,21684
7290100685136,false,"אבקת מרק בטעם עוף אסם 1 ק""ג","אסם השקעות בע""\מ",IL,אבקת מרק טעם עוף 1קג,קילוגרמים,1.00,"ק""ג",false,,12.90,12.9000,false,1,23849
7290100685334,false,אבקת מרק עוף אמיתי בשרי רכיבים טבעיים אסם 400 גרם,"אסם השקעות בע""\מ",IL,אבקת מרק עוף רכיבים,גרמים,400.00,100 גרם,false,,19.90,0.0497,false,1,23002
7290100685341,false,אבקת מרק טעם עוף זך רכיבים טבעיים אסם 400 גרם,"אסם השקעות בע""\מ",IL,אבקת מרק טעם עוף זך,גרמים,400.00,100 גרם,false,,16.90,0.0422,false,1,20076
7290100685600,false,פירורית זהב אסם זהב חיטה מלאה 200ג',עינת תעשיות מזון אגו,IL,פירורית זהב חיטה מלא,גרמים,200.00,100 גרם,false,,7.00,0.0350,true,1,20130
7290100687109,false,במבה במילוי קרם נוגט 60ג' אסם,"אסם השקעות בע""\מ",IL,במבה במילוי קרם נוגט,גרמים,60.00,100 גרם,false,,5.30,0.0883,true,1,27067
7290100688618,false,גביעי גלידה שוקולד אסם 95 גרם 24 יחידות,"גילרו בע""מ",IL,גביעי גלידה טעם שוקו,יחידה,0.00,יחידה,false,,15.90,0.0000,true,1,23432
7290100689301,false,אבקת מרק בטעם עוף זך עדיף אסם 400 גרם,"אסם השקעות בע""\מ",IL,אבקת מרק טעם עוף זך-,גרמים,400.00,100 גרם,false,,13.90,0.0348,false,1,25406
7290100700020,false,סוגת גריסי פנינה 500 גרם,האי נאם סי או אל.טי.,IL,גריסי פנינה,גרמים,200.00,100 גרם,false,,4.90,0.0245,true,1,23890
7290100700068,false,שעועית צבעונית סוגת 500 גרם,"סוגת תעשיות בע""מ",IL,שעועית צבעונית,גרמים,500.00,100 גרם,false,,7.90,0.0158,true,1,26042
7290100700075,false,פירורי לחם מוזהבים סוגת 200 גרם,"סוגת תעשיות בע""\מ",IL,פרורי לחם מוזהבים 20,גרמים,200.00,100 גרם,false,,4.00,0.0200,false,1,40242
7290100700242,false,"סוגת אורז מלא עגול 1 ק""ג","סוגת תעשיות בע""\מ",IL,אורז מלא עגול 1 קג,יחידה,1.00,יחידה,false,,12.90,12.9000,true,1,23897
7290100700266,false,פירורי לחם לבנים סוגת 200 גרם,"סוגת תעשיות בע""מ",IL,פירורי לחם לבנים סוג,גרמים,200.00,100 גרם,false,,4.00,0.0200,false,1,42746
7290100700273,false,קינואה לבנה 500 ג סו,האי נאם סי או אל.טי.,IL,קינואה 500 גר סוגת,גרמים,500.00,100 גרם,false,,12.90,0.0258,true,1,23898
7290100700372,false,"סוגת אורז בסמטי מלא 1 ק""ג",האי נאם סי או אל.טי.,IL,אורז בסמטי מלא 1קג',קילוגרמים,1.00,"ק""ג",false,,13.90,13.9000,false,1,23778
7290100700389,false,"אורז אדום 1 ק""ג ""סוגת""","סוגת תעשיות בע""\מ",IL,אורז אדום סוגת,קילוגרמים,1.00,"ק""ג",false,,13.90,13.9000,true,1,23437
7290100700396,false,"סוגת אורז יסמין קלאסי 1 ק""ג",האי נאם סי או אל.טי.,IL,אורז יסמין קלאסי 1קג,יחידה,1.00,יחידה,false,,11.90,11.9000,false,1,24336
7290100700563,false,"סוגת אורז מיקס קלאסי 1 ק""ג",סוגת תעשיות בעמ,IL,אורז מיקס קלאסי,יחידה,1.00,יחידה,false,,10.90,10.9000,true,1,26500
7290100700587,false,"בורגול ""סוגת"" 500 גרם",האי נאם סי או אל.טי.,IL,בורגול סוגת 500גר,גרמים,500.00,100 גרם,false,,4.90,0.0098,false,1,36464
7290100701140,false,"אורז ריזוטו ארבוריו 1 ק""ג ""סוגת""","סוגת תעשיות בע""מ",IL,אורז ריזוטו ארבוריו,יחידה,1.00,יחידה,false,,13.90,13.9000,true,1,35171
7290100701157,false,"אורז להכנת סושי סוגת 1 ק""ג","סוגת תעשיות בע""\מ",IL,אורז סושי 1קג סוגת,יחידה,1.00,יחידה,false,,12.90,12.9000,true,1,35172
7290100701331,false,קמח רב תכליתי שטיבל קמח חיטה לבן בהיר,"שטיבל בע""\מ - טחנות קמח",IL,"קמח רב תכליתי 1 ק""ג",קילוגרמים,1.00,"ק""ג",false,,6.90,6.9000,false,1,42251
7290100701348,false,"קמח שיפון מלא סוגת 1 ק""ג",טחנות קמח שטיבל באר,IL,"קמח שיפון מלא 1 ק""ג",קילוגרמים,1.00,"ק""ג",false,,6.90,6.9000,false,1,42244
7290100701386,false,קמח לחלה קמח חיטה לבן שטיבל,"שטיבל בע""מ - טחנות ק",IL,"קמח לחלה 1 ק""ג סוגת",קילוגרמים,1.00,"ק""ג",false,,6.90,6.9000,false,1,42246
7290100701409,false,קמח תירס סוגת 500 גר,מולינו פילה ספא,IL,קמח תירס 500 גר סוגת,גרמים,500.00,100 גרם,false,,6.20,0.0124,false,1,54094
7290100701454,false,גרישה בורגול דק סוגת 500 גרם,"סוגת תעשיות בע""\מ",IL,גרישה 500גר סוגת,גרמים,500.00,100 גרם,false,,4.90,0.0098,false,1,37977
7290100701577,false,קמח לחם קמח חיטה לבן שטיבל,טחנות קמח שטיבל באר שבע,IL,"קמח לחם 1 ק""ג סוגת",קילוגרמים,1.00,"ק""ג",false,,6.90,6.9000,false,1,42247
7290100701874,false,"קמח כוסמין מלא סוגת 1 ק""ג",טחנות קמח שטיבל באר,IL,קמח כוסמין 1 קג - סו,קילוגרמים,1.00,"ק""ג",false,,15.90,15.9000,false,1,50647
7290100701881,false,קמח פיצה ופוקצ'ה- קמח חיטה לבן בהיר שטיבל,"שטיבל בע""\מ - טחנת קמח",IL,קמח פיצה ופוקצ'ה סוג,קילוגרמים,1.00,"ק""ג",false,,6.90,6.9000,false,1,42250
7290100701898,false,קמח סוגת לפסטה 1 קג,שטיבל טחנות קמח,IL,קמח לפסטה -סוגת,קילוגרמים,1.00,"ק""ג",false,,12.90,12.9000,true,1,50648
7290100701966,false,אפונה צהובה 500 ג' סוגת,"סוגת תעשיות בע""מ",IL,אפונה צהובה 500 גר ס,גרמים,500.00,100 גרם,false,,6.50,0.0130,true,1,84808
7290100702277,false,קוסקוס עבה סוגת 350 גרם,"אסיף תעשיות מזון בע""",IL,קוסקוס עבה סוגת,גרמים,350.00,100 גרם,false,,4.90,0.0140,false,1,47321
7290100702284,false,קוסקוס מלא סוגת 350 גרם,"אסיף תעשיות מזון בע""",IL,קוסקוס מלא סוגת,גרמים,350.00,100 גרם,false,,4.90,0.0140,false,1,47322
7290100702314,false,שעועית שחורה 500 גרם סוגת,סוגת תעשיות בעמ,IL,שעועית שחורה 500 גר,גרמים,500.00,100 גרם,false,,7.90,0.0158,true,1,48574
7290100702383,false,קמח תופח מס' 13 סוגת,"שטיבל בע""\מ - טחנות קמח",IL,קמח תופח מס' 13 סוגת,קילוגרמים,1.00,"ק""ג",false,,6.90,6.9000,false,1,48084
7290100702604,false,קמח פולנטה להכנה מהירה 500 ג',מולינו פילה,IT,פולנטה 500 גר סוגת,גרמים,500.00,100 גרם,false,,10.60,0.0212,true,1,54095
7290100702611,false,פתיתים אפויים אורז סוגת 500 גרם,"אסיף תעשיות מזון בע""\מ",IL,פתיתים אפויים אורז -,גרמים,500.00,100 גרם,false,,5.90,0.0118,false,1,50567
7290100702628,false,פתיתים אפויים קוסקוס סוגת 500 גרם,"אסיף תעשיות מזון בע""\מ",IL,פתיתים אפויים קוסקוס,גרמים,500.00,100 גרם,false,,5.90,0.0118,false,1,50568
7290100702635,false,פתיתים אפויים כוכבים סוגת 500 גרם,"אסיף תעשיות מזון בע""",IL,פתיתים אפויים כוכבים,גרמים,500.00,100 גרם,false,,5.90,0.0118,false,1,50569
7290100702642,false,פתיתים אפויים טבעות סוגת 500 גרם,"אסיף תעשיות מזון בע""",IL,פתיתים אפויים טבעות,גרמים,500.00,100 גרם,false,,5.90,0.0118,false,1,50570
7290100702741,false,"סוכר חום בהיר בצנצנת סוגת 1 ק""ג",סוגת תעשיות בעמ,IL,סוכר חום בהיר צנצנת,קילוגרמים,1.00,"ק""ג",false,,11.90,11.9000,true,1,54761
7290100702987,false,שיבולת שועל פתיתים סוגת 500 גרם,סוגת תעשיות,,שיבולת שועל 500 גר,גרמים,500.00,100 גרם,false,,4.90,0.0098,true,1,79480
7290100702994,false,סוכר דמררה קלאסי בשקית סוגת 500 גרם,"סוגת תעשיות בע""מ",IL,סוכר דמררה 500 גר,גרמים,500.00,100 גרם,false,,5.90,0.0118,true,1,77833
7290100703007,false,"עדשים שחורות בלוגה 500 גרם ""סוגת""",האי נאם סי או אל.טי.,IL,עדשים שחורים בלוגה 5,גרמים,500.00,100 גרם,false,,7.90,0.0158,true,1,77608
7290100703199,false,תבשיל אישי נודלס בטעם פיקנטי 65 ג' סוגת,,LT,תבשיל אישי נודלס בטע,גרמים,65.00,100 גרם,false,,4.90,0.0754,true,1,98623
7290100703434,false,בורגול חום סוגת 500 ג',"סוגת תעשיות בע""מ",IL,בורגול חום סוגת,גרמים,500.00,100 גרם,false,,4.90,0.0098,false,1,82161
7290100703458,false,כוסמת לא קלוי 500 ג' סוגת,"סוגת תעשיות בע""\מ",IL,כוסמת לא קלוי,גרמים,500.00,100 גרם,false,,7.90,0.0158,true,1,84223
7290100703533,false,קמח קסם תערובת קמח עם שמרים,טחנות קמח שטיבל באר שבע,IL,קמח קסם סוגת 1 קג,קילוגרמים,1.00,"ק""ג",false,,8.50,8.5000,true,1,84809
7290100703557,false,"קמח פוקצה 1 ק""ג ""סוגת""","שטיבל בע""מ",,קמח פוקאצ'ה 1 קג סוג,קילוגרמים,1.00,"ק""ג",false,,6.90,6.9000,false,1,84082
7290100703564,false,"פתיתי שיבולת שועל עבה 500 גרם ""סוגת""",,,שיבולת שועל עבה 500,גרמים,500.00,100 גרם,false,,4.90,0.0098,true,1,84084
7290100703625,false,קמח חיטה לבן ללא צורך בניפוי,"שטיבל בע""מ",IL,קמח לבן ללא ניפוי סו,קילוגרמים,1.00,"ק""ג",false,,7.90,7.9000,true,1,86619
7290100703632,false,קמח חיטה מלא ללא צורך בניפוי,"שטיבל בע""מ",IL,קמח מלא ללא ניפוי,קילוגרמים,1.00,"ק""ג",false,,7.90,7.9000,true,1,86620
7290100703649,false,"קמח חיטה 80% ללא צורך בניפוי סוגת 1 ק""ג","שטיבל בע""מ",IL,קמח מלא חיטה 80% ללא,קילוגרמים,1.00,"ק""ג",false,,7.90,7.9000,true,1,86621
7290100703670,false,"קמח כוסמין ללא ניפוי 1 ק""ג סוגת","שטיבל בע""מ",IL,קמח כוסמין מלא ללא נ,קילוגרמים,1.00,"ק""ג",false,,15.90,15.9000,true,1,86623
7290100703687,false,"קמח חלה ללא ניפוי סוגת 1 ק""ג","שטיבל בע""מ",IL,קמח חלה ללא ניפוי 1,קילוגרמים,1.00,"ק""ג",false,,7.90,7.9000,true,1,86661
7290100703847,false,"קוביות סוכר לבן 500 גרם ""סוגת""",טרופיקל,,קוביות סוכר לבן 500,גרמים,500.00,100 גרם,false,,9.90,0.0198,true,1,89513
7290100703861,false,"תערובת קסם לחלה ללא צורך בניפוי סוגת 1 ק""ג","שטיבל בע""\מ - טחנות קמח",IL,קמח קסם לחלה - סוגת,קילוגרמים,1.00,"ק""ג",false,,8.50,8.5000,true,1,88467
7290100703908,false,"סוכר דמררה 1 ק""ג בלמינט סוגת",סוגת תעשיות בעמ,IL,סוכר דמררה 1 קג,קילוגרמים,1.00,"ק""ג",false,,11.90,11.9000,true,1,88234
7290100703915,false,פופקורן להכנה במיקרוגל בטעם חמאה - מארז 6 שקיות,סוגת,IL,מארז פופקורן למיקרוג,גרמים,540.00,100 גרם,false,,10.90,0.0202,true,1,90972
7290100703922,false,פופקורן להכנה במיקרוגל בטעם טבעי - מארז 6 שקיות,סוגת,IL,מארז פופקורן למיקרוג,גרמים,540.00,100 גרם,false,,10.90,0.0202,true,1,90973
7290100703953,false,קוקוס לבן סוגת 500 ג,סוגת תעשיות בעמ,,קוקוס 500 גר סוגת,גרמים,500.00,100 גרם,false,,10.90,0.0218,true,1,89615
7290100704141,false,סודה לשתייה 100 ג' סוגת,א.ל. ייצור ושיווק תב,IL,סודה לשתיה 100 גר סו,גרמים,100.00,100 גרם,false,,2.50,0.0250,true,1,94305
7290100704493,false,קמח שמרים פיצה ללא צורך בניפוי 1 קג,"שטיבל בע""\מ - טחנת קמח",IL,קמח שמרים פיצה 1 קג,קילוגרמים,1.00,"ק""ג",false,,8.50,8.5000,true,1,104953
7290100704516,false,חומוס מיני סוגת 500 גרם,"סוגת תעשיות בע""\מ",IL,חומוס מיני 500 גר,גרמים,500.00,100 גרם,false,,6.50,0.0130,true,1,106148
7290100704530,false,סוגת קמח כוסמין לבן ללא צורך בניפוי 1 קג,טחנות קמח שטיבל באר,IL,קמח כוסמין לבן ללא נ,קילוגרמים,1.00,"ק""ג",false,,16.90,16.9000,true,1,106448
7290100704578,false,"קמח כוסמין לבן תופח סוגת 1 ק""ג","שטיבל בע""\מ - טחנת קמח",IL,קמח כוסמין לבן 1 קג,קילוגרמים,1.00,"ק""ג",false,,14.90,14.9000,true,1,106449
7290100704608,false,שעועית לבנה עדינה סוגת 500 גרם,"סוגת תעשיות בע""\מ",IL,שעועית לבנה עדינה 50,גרמים,500.00,100 גרם,false,,7.50,0.0150,true,1,106149
7290100704615,false,סוכר לבן דק דק בצנצנת סוגת 500 גרם,"סוגת תעשיות בע""\מ",IL,סוכר לבן דק דק צנצנת,גרמים,500.00,100 גרם,false,,7.90,0.0158,false,1,109051
7290100704639,false,"קמח שמרים פיתה סוגת 1 ק""ג","שטיבל בע""\מ - טחנות קמח",IL,קמח שמרים פיתה סוגת,קילוגרמים,1.00,"ק""ג",false,,8.50,8.5000,true,1,106447
7290100704684,false,"קמח שמרים כוסמין סוגת רב תכליתי 1 ק""ג סוגת",סוגת,IL,קמח שמרים כוסמין רב,קילוגרמים,1.00,"ק""ג",false,,19.90,19.9000,true,1,143471
7290100858592,false,אבקת קקאו עלית שקית 150 ג',הנסיך- מפעל לייצור ט,IL,קקאו עלית 150 גר,גרמים,150.00,100 גרם,false,,10.50,0.0700,true,1,22310
7290100858608,false,אבקת קקאו עלית שקית 500 ג',שטראוס קפה בי.ויn\.,IL,קקאו עלית 500 גר,גרמים,500.00,100 גרם,false,,26.90,0.0538,true,1,25339
7290100922651,false,הוואי - סבון מוצק מי קוקוס 100 גרם רביעייה,טרופיקל דגיל קוסמטיק,IL,הוואי סבון מוצק רביע,גרמים,400.00,100 גרם,false,,12.90,0.0323,true,1,87075
7290100924204,false,"פרסיל אבקה לכביסה רגיל 8 ק""ג",פרסיל Persil,IL,אבקת כביסה פרסיל 8 ק,קילוגרמים,8.00,"ק""ג",false,,54.90,6.8625,true,1,77192
7290100924457,false,שלישיית כדוריות סבון לאסלה לימון סוד 50 גרם,הנקל סוד,RS,סוד מארז כדוריות לאס,גרמים,150.00,100 גרם,false,,19.90,0.1327,true,1,75878
7290100924464,false,כדוריות סבון נתלה לאסלה עם אקונומיקה - 3 יח',הנקל סוד,HU,סוד מארז כדוריות שלי,יחידה,0.00,יחידה,false,,19.90,0.0000,true,1,99721
7290100924631,false,מרכך כביסה מרוכז לבגדי תינוקות ובעלי עור רגיש,"הנקל סוד בע""\מ",IL,מרכך כביסה מרוכז סוד,מיליליטרים,900.00,"100 מ""ל",false,,11.90,0.0132,true,1,78887
7290100925669,false,קולור קאצ'ר - דפים למכונת כביסה 10 יח',"הנקל סוד בע""\מ",IE,קולור קאצ'ר 10 דפים,יחידה,0.00,יחידה,false,,13.90,0.0000,true,1,82016
7290100925676,false,קולור קאצר 20 דפים לוכדי צבע למכונת כביס,"הנקל סוד בע""\מ",IE,קולור קאצ'ר 20 דפים,יחידה,0.00,יחידה,false,,21.90,0.0000,true,1,82017
7290100925751,false,"סוד נוזל כלים תפוח 650 מ""ל","הנקל סוד בע""\מ",IL,"סוד נוזל כלים 650 מ""",מיליליטרים,650.00,"100 מ""ל",false,,6.90,0.0106,true,1,83218
7290100925775,false,"סוד נוזל כלים רימון ותאנים 650 מ""ל",הנקל סוד,IL,"נוזל כלים 650 מ""ל רי",מיליליטרים,650.00,"100 מ""ל",false,,6.90,0.0106,true,1,83129
7290100926147,false,אבקת כביסה פרסיל קולור שקית 2.5 קג,"הנקל סוד בע""מ",IL,פרסיל קולור שקית 2.5,קילוגרמים,2.50,"ק""ג",false,,24.90,9.9600,true,1,83904
7290100928516,false,סוד - ג'ל לכביסה ביד 1 ליטר,"הנקל סוד בע""מ",IL,סוד ג'ל שמפו לכביסה,ליטרים,1.00,ליטר,false,,13.90,13.9000,true,1,45062
7290100945049,false,יין וודברידג זינפנדל,,,יין זינפנדל וודבריד',יחידה,750.00,יחידה,false,,39.90,0.0532,true,1,33989
7290101112228,false,גלידל פרי קרחון מופחת קלוריות בטעם אננס - 8 יח',הגלידות של פלדמן,IL,מאגדת שלגונים גלידל,גרמים,640.00,100 גרם,false,,24.90,0.0389,true,1,58598
7290101113454,false,מאגדת גלידל יוגורט אפרסק 8 יח 480 גרם,הגלידות של פלדמן,IL,גלידל יוגורט אפרסק 8,גרמים,480.00,100 גרם,false,,35.90,0.0748,true,1,103101
7290101453871,false,נר מספר - 0 (1X12X60),סודי,CN,נר מספר 0,יחידה,0.00,יחידה,false,,3.90,0.0000,true,1,58808
7290101453888,false,נר מספר - 1 (1X12X60),סודי,CN,נר מספר 1,יחידה,0.00,יחידה,false,,3.90,0.0000,true,1,58796
7290101453895,false,נר מספר - 2 (1X12X60),סודי,CN,נר מספר 2,יחידה,0.00,יחידה,false,,3.90,0.0000,true,1,58809
7290101453901,false,נר מספר - 3 (1X12X60),סודי,CN,נר מספר 3,יחידה,0.00,יחידה,false,,3.90,0.0000,true,1,58797
7290101453918,false,נר מספר - 4 (1X12X60),סודי,CN,נר מספר 4,יחידה,0.00,יחידה,false,,3.90,0.0000,true,1,58798
7290101453925,false,נר מספר - 5 (1X12X60),סודי,CN,נר מספר- 5,יחידה,0.00,יחידה,false,,3.90,0.0000,true,1,58895
7290101453932,false,נר מספר - 6 (1X12X60),סודי,CN,נר מספר 6,יחידה,0.00,יחידה,false,,3.90,0.0000,true,1,58799
7290101453949,false,נר מספר - 7,סודי,CN,נר מספר 7,יחידה,0.00,יחידה,false,,3.90,0.0000,true,1,58800
7290101453956,false,נר מספר - 8 (1X12X60),סודי,CN,נר מספר 8,יחידה,0.00,יחידה,false,,3.90,0.0000,true,1,58801
7290101453963,false,נר מספר - 9 (1X12X60),סודי,CN,נר מספר 9,יחידה,0.00,יחידה,false,,3.90,0.0000,true,1,58802
7290101486688,false,חטיף דגנים עם שוקולד ללא גלוטן וסוכר פרי 5*20 גרם,טבעית מוצרים מן הטבע בעמ,IL,פרי חטיפי דגנים עם ש,גרמים,90.00,100 גרם,false,,16.50,0.1833,true,1,24415
7290101488316,false,ליידי ספיד סטיק - דאודורנט סטיק לאישה ללא סימן ורוד סטיק 65 גרם,ליידי ספיד סטיק Lady Speed Stick,US,ליידי ספיד סטיק ללא,גרמים,50.00,100 גרם,false,,19.90,0.3980,true,1,27307
7290101488323,false,ליידי ספיד סטיק - דאודורנט סטיק לאישה ללא סימן ירוק סטיק 65 גרם,ליידי ספיד סטיק Lady Speed Stick,US,ליידי ספיד סטיק ללא,גרמים,65.00,100 גרם,false,,19.90,0.3062,true,1,27308
7290101501138,false,כרובית ארוזה יחידה,אראל תוצרת חקלאית בע,IL,כרובית ארוזה,יחידה,0.00,יחידה,false,,9.90,0.0000,true,1,145169
7290101501374,false,עגבנית מגי ארוזה,,,דלעת ארוזה,קילוגרמים,1.00,"ק""ג",true,,8.90,8.9000,true,1,142926
7290101503507,false,מיני בטטה למיקרו נוף,חקלאי,IL,מיני בטטה למיקרו נוף,קילוגרמים,1.30,"ק""ג",false,,12.90,9.9231,true,1,97763
7290101551027,false,קפסולות קפה אספרסו חזק במיוחד 14 עלית 10 יח',הנסיך- מפעל לייצור ט,IL,קפסולות 14 למכונת נס,גרמים,50.00,100 גרם,false,,16.90,0.3380,true,1,94560
7290101551263,false,סילאן טבעי ללא תוספת סוכר,מכוורת יד מרדכי,IL,סילאן טבעי יד מרדכי,גרמים,700.00,100 גרם,false,,22.90,0.0327,true,1,93324
7290101551300,false,סילאן טבעי ללא תוספת סוכר בקבוק לחיץ,מכוורת יד מרדכי שטראוס ב,IL,סילאן טבעי לחיץ 380,גרמים,380.00,100 גרם,false,,14.90,0.0392,true,1,93325
7290101551539,false,יוגורט PRO בטעם אפרסק 0% 20 גרם חלבון בגביע,"שטראוס בריאות בע""מ",IL,דנונה פרו 20 אפרסק,גרמים,200.00,100 גרם,false,,6.20,0.0310,false,1,93577
7290101551584,false,תפוצ'יפס קידס מארז 10 יח' * 20 ג',"שטראוס פריטו ליי בע""מ )פ",IL,מארז תפוצ'יפס קידס 9,גרמים,180.00,100 גרם,false,,13.90,0.0772,false,1,93851
7290101826538,false,כפפות ניטריל אוניברסלי שחורות L,,IL,כפפות ניטריל שחור לל,יחידה,0.00,יחידה,false,,24.90,0.0000,true,1,101167
7290101827450,false,כפפות ניטריל ללא אבק,,,כפפות ניטריל ללא אבק,יחידה,0.00,יחידה,false,,19.90,0.0000,true,1,108603
7290101828792,false,כפפות ניטריל ללא אבק,,,כפפות ניטריל ללא אבק,יחידה,0.00,יחידה,false,,19.90,0.0000,true,1,142234
7290101828808,false,כפפות ניטריל ללא אבק,,,כפפות ניטריל ללא אבק,יחידה,0.00,יחידה,false,,19.90,0.0000,true,1,142236
7290101828815,false,כפפות נטריל כחולות ללא אבקה L,,,כפפות ניטריל ללא אבק,יחידה,0.00,יחידה,false,,19.90,0.0000,true,1,142235
7290101828822,false,כפפות ניטריל ללא אבק,,,כפפות ניטריל ללא אבק,יחידה,0.00,יחידה,false,,19.90,0.0000,true,1,142237
7290101863410,false,"סיליט באנג ספריי ניקוי עוצמתי מכיל אקונומיקה 750 מ""ל",סיליט באנג Cillit Bang,PL,סיליט באנג ספריי אקו,מיליליטרים,750.00,"100 מ""ל",false,,12.90,0.0172,false,1,31507
7290101864127,false,"ספריי להסרת כתמים 750 מ""ל וניש קליה",קליה וניש Kalia Vanish,IL,קליה אוקסי ספריי,יחידה,750.00,יחידה,false,,16.90,0.0225,true,1,33807
7290101865261,false,"פיניש נוזל הברקה למדיח 800 מ""ל",רקיט בנקיזר,PL,פיניש נוזל הברקה 800,מיליליטרים,800.00,"100 מ""ל",false,,19.90,0.0249,true,1,37856
7290101866633,false,וניש קליה גל להסרת כתמים 3 ליטר אוקסיפרש,קליה וניש Kalia Vanish,IL,קליה וניש ג'ל 3 ליטר,ליטרים,3.00,ליטר,false,,29.90,9.9667,false,1,41177
7290101866787,false,וניש קליה נוזל מסיר כתמים לכביסה לבנה 3 ליטר,קליה וניש Kalia Vanish,IL,קליה 3 ליטר,ליטרים,3.00,ליטר,false,,29.90,9.9667,false,1,42674
7290101868958,false,"פיניש נוזל הברקה למדיח בניחוח לימון 500 מ""ל",רקיט בנקיזר,PL,פיניש נוזל הברקה לימ,מיליליטרים,800.00,"100 מ""ל",false,,19.90,0.0249,true,1,57574
7290101869726,false,ג'ל מרוכז למדיח הכל ב-1 פיניש 1 ליטר,רקיט בנקיזר,PL,פיניש ג'ל 1 ליטר,ליטרים,1.00,ליטר,false,,42.90,42.9000,true,1,76179
7290101869733,false,פיניש ג'ל למדיח כלים בניחוח לימון 1 ליטר ALL IN 1,רקיט בנקיזר,PL,פיניש ג'ל לימון 1 לי,ליטרים,1.00,ליטר,false,,42.90,42.9000,true,1,76180
7290101869771,false,"אירוויק מילוי מבשם אויר אטומטי חטאים מתוקים 250 מ""ל",רקיט בנקיזר,PL,אירוויק מילוי מבשם א,יחידה,0.00,יחידה,false,,14.90,0.0000,true,1,76301
7290101869832,false,"אירוויק מילוי מבשם אויר חשמלי חלום ליל קיץ 19 מ""ל",איירוויק Air Wick,HU,מילוי מבשם אויר חשמל,מיליליטרים,19.00,"100 מ""ל",false,,14.90,0.7842,true,1,75935
7290101869917,false,"אירוויק מילוי מבשם אויר אטומטי היער הקסום 19 מ""ל",איירוויק Air Wick,GB,מילוי מבשם אויר אטומ,מיליליטרים,250.00,"100 מ""ל",false,,14.90,0.0596,true,1,75938
7290101869962,false,"אירוויק מקלות ריחניים בניחוח חלום ליל קיץ 30 מ""ל",איירוויק Air Wick,HU,מקלות ריחניים חלום ל,מיליליטרים,30.00,"100 מ""ל",false,,14.90,0.4967,true,1,75940
7290101869979,false,"אירוויק מקלות ריחניים בניחוח אואזיס 30 מ""ל",איירוויק Air Wick,HU,מקלות ריחניים אואזיס,מיליליטרים,30.00,"100 מ""ל",false,,14.90,0.4967,true,1,75941
7290101974161,false,כבל מאריך 5 מטר,,,כבל מאריך 5 מטר,יחידה,0.00,יחידה,false,,36.90,0.0000,true,1,83797
7290101974185,false,כבל מאריך 10 מטר,,,כבל מאריך 10 מטר,יחידה,0.00,יחידה,false,,69.90,0.0000,true,1,85458
7290101985365,false,בקבוק אלומיניום גדול,,,בקבוק גדול ממותג,יחידה,0.00,יחידה,false,,28.90,0.0000,true,1,56233
7290101985433,false,הפתעות לימי הולדת,NOVELTY,,הפתעות לילדים,יחידה,0.00,יחידה,false,,6.40,0.0000,true,1,75176
7290101999652,false,נרות מטה כוכבים - מיקי(1X24),סודי,CN,נרות מטה כוכבים מיקי,יחידה,0.00,יחידה,false,,6.40,0.0000,true,1,58803
7290101999676,false,נרות מטה כוכבים מכונ,,,נרות מטה כוכבים מכונ,יחידה,0.00,יחידה,false,,6.40,0.0000,true,1,58782
7290101999713,false,נרות מטה לבבות - הלו קיטי(1X24),סודי,CN,נרות מטה לבבות הלו ק,יחידה,0.00,יחידה,false,,6.40,0.0000,true,1,58784
7290101999737,false,נרות מטה לבבות - מיני(1X24),סודי,CN,נרות מטה לבבות מיני,יחידה,0.00,יחידה,false,,6.40,0.0000,true,1,58786
7290102030330,false,תפוצ'יפס קראנצ' בטעם מקסיקני 200 גרם,"שטראוס פריטו ליי בע""\מ )",IL,תפוצ'יפס קראנצ' מקסי,גרמים,200.00,100 גרם,false,,10.90,0.0545,false,1,22946
7290102031276,false,מארז 8 יחידות אקטימל משקה יוגורט בטעם תות בננה,מיוצר עי קונדיטוריית,IL,אקטימל תות 1.5% שמינ,מיליליטרים,800.00,"100 מ""ל",false,,21.10,0.0264,true,1,23720
7290102060764,false,מרידול מברשת שיניים אריזת זוג,יבואן ומשווק: ש. שסט,CH,מרידול מברשת שיניים,יחידה,0.00,יחידה,false,,34.90,0.0000,true,1,41713
7290102060979,false,"אלמקס משחת שיניים למניעת עששת 100מ""ל",יבואן ומשווק: ש. שסט,PL,אלמקס משחת שיניים מש,גרמים,100.00,100 גרם,false,,15.90,0.1590,false,1,28675
7290102062195,false,"משחת שיניים לילדים לגילאי 6-12 אלמקס 75 מ""ל",יבואן ומשווק: ש. שסט,PE,אלמקס משחת שיניים ג',מיליליטרים,75.00,"100 מ""ל",false,,15.90,0.2120,true,1,34160
7290102300822,false,גבינה צ'דר אנגלית כתומה 200 גרם,דאולי צ'יסמייקרס,GB,גבינת צ'דר אנגלי כתו,גרמים,200.00,100 גרם,false,,22.90,0.1145,true,1,83213
7290102301881,false,טרטר גבינה עם שום ועשבי תיבול 150 גרם,בונגראן,FR,גבינת טרטר עם שום וע,גרמים,150.00,100 גרם,false,,22.90,0.1527,true,1,55128
7290102302819,false,גושי טונה בהירה בשמן זית בצורת פילה 120 גרם,רמירז אנד קה פילהאוס,PT,גושי טונה בהירה בשמן,גרמים,120.00,100 גרם,false,,14.90,0.1242,true,1,102293
7290102302826,false,רוברט פילה דג סרדין בשמן זית 120 גרם,רמירז אנד קה פילהאוס,PT,פילה דג סרדין בשמן ז,גרמים,120.00,100 גרם,false,,13.90,0.1158,true,1,102294
7290102303977,false,גוש טונה בשמן זית רוברט 140 גרם,קונסרבס פורטוגל נורטה,PT,גוש טונה בשמן זית,גרמים,140.00,100 גרם,false,,11.90,0.0850,true,1,145430
7290102390427,false,יוגורט ביו עם קציפת תות 3% שומן 150 ג' מולר,מולר Muller,IL,יוגורט תות 3% מולר 1,מיליליטרים,150.00,"100 מ""ל",false,,5.30,0.0353,true,1,26185
7290102390465,false,יוגורט ביו עם קציפת אפרסק ופסיפלורה 3% שומן 150 ג' מולר,מולר Muller,IL,יוגורט אפרסק ופסיפלו,מיליליטרים,150.00,"100 מ""ל",false,,5.30,0.0353,false,1,26187
7290102390489,false,יוגורט ביו עם קציפת לימון 3% שומן 150 ג' מולר,מולר Muller,IL,יוגורט לימון 3% - 15,מיליליטרים,150.00,"100 מ""ל",false,,5.30,0.0353,true,1,26188
7290102391301,false,"מולר ביאנקו נאטורל ביו 1.7% 150 מ""ל",מולר,IL,יוגורט ביו טבעי,יחידה,150.00,יחידה,false,,3.30,0.0220,true,1,28446
7290102391325,false,"יוגורט ביו 2.8% טבעי מולר 150מ""ל",טרה,IL,יוגורט ביו טבעי,יחידה,150.00,יחידה,false,,3.30,0.0220,true,1,28447
7290102391844,false,יוגורט ביו עם קציפת פירות יער3% שומן 150 ג' מולר,מולר Muller,IL,יוגורט מולר פרופ פיר,מיליליטרים,150.00,"100 מ""ל",false,,5.30,0.0353,true,1,28982
7290102392094,false,חלב עיזים 3.7% בקרטון משק צוריאל 1 ליטר,מילקו תעשיות בעמ,IL,חלב עיזים בקרטון 3.7,ליטרים,1.00,ליטר,false,,16.50,16.5000,true,1,31888
7290102393039,false,"יוגורט ביו קרמי מיקס פצפוצי שוקולד 7.6% מולר 170 מ""ל",קריות זול,IL,מולר מיקס יוגורט עם,גרמים,170.00,100 גרם,false,,6.20,0.0365,false,1,35951
7290102393060,false,"יוגורט ביו קרמי מיקס גלילי ופל ואגוזים 5.9% מולר 170 מ""ל",קריות זול,IL,מולר מיקס יוגורט עם,גרמים,170.00,100 גרם,false,,6.20,0.0365,true,1,35952
7290102393169,false,"יוגורט סימפלי פרוט בטעם תות 3% מולר 150 מ""ל",מולר Muller,IL,מולר סימפלי פרויט תו,מיליליטרים,150.00,"100 מ""ל",false,,5.30,0.0353,false,1,38434
7290102393176,false,סימפלי פרוט יוגורט אפרסק 3% שומן 150 ג' מולר,מילקו תעשיות בעמ,IL,מולר סימפלי פרויט אפ,מיליליטרים,150.00,"100 מ""ל",false,,5.30,0.0353,false,1,38435
7290102393190,false,"יוגורט סימפלי פרוט בטעם פירות יער 3% מולר 150 מ""ל",מילקו תעשיות בעמ,IL,מולר סימפלי פרויט פי,מיליליטרים,150.00,"100 מ""ל",false,,5.30,0.0353,false,1,38437
7290102393268,false,**טרה גבינה לבנה אריזת חיסכון 5% 750ג,הפריט בפיקוח,IL,גבינה לבנה 750 גר' ט,גרמים,750.00,100 גרם,false,,14.94,0.0199,false,1,36209
7290102393299,false,יוגורט עיזים לשתייה 3% משק צוריאל 500 גרם,מיוצר עי קוד יצרן HG,IL,יוגורט עיזים לשתיה 3,גרמים,500.00,100 גרם,false,,12.90,0.0258,true,1,37354
7290102393718,false,גבינת חלומי מחלב בקר 28% משק צוריאל 200 גרם,מחלבת משק צוריאל,IL,גבינת חלומי בקר 200,גרמים,200.00,100 גרם,false,,21.90,0.1095,true,1,38094
7290102393848,false,יוגורט עיזים 2.4% עם תות משק צוריאל 150 גרם,מחלבת משק צוריאל,IL,יוגורט עיזים תות 2.5,גרמים,140.00,100 גרם,false,,6.20,0.0443,true,1,39892
7290102393855,false,יוגורט עיזים 2.5% עם אפרסק משק צוריאל 150 גרם,מחלבת משק צוריאל,IL,יוגורט עיזים אפרסק 2,גרמים,140.00,100 גרם,false,,6.20,0.0443,true,1,39864
7290102393947,false,סימפלי פרוט יוגורט בטעם קיווי 3% שומן 150 ג' מולר,מילקו תעשיות בעמ,IL,מולר סימפלי פרוט קיו,מיליליטרים,150.00,"100 מ""ל",false,,5.30,0.0353,false,1,40572
7290102394258,false,גליל גבינת עיזים מה עז 9% משק צוריאל 180 גרם,מחלבת משק צוריאל,IL,עז מה 180 גר' 9%,גרמים,180.00,100 גרם,false,,23.90,0.1328,true,1,41211
7290102394821,false,נעם גבינה צהובה פרוסה 28% טרה 200 גרם,מילקו תעשיות בעמ,IL,גבינה צהובה טרה דק ד,גרמים,200.00,100 גרם,false,,16.90,0.0845,false,1,44178
7290102394845,false,נעם גבינה צהובה לייט פרוסה דק דק 9% טרה 200 גרם,מילקו תעשיות בעמ,IL,גבינה צהובה לייט דק,גרמים,200.00,100 גרם,false,,17.50,0.0875,false,1,44189
7290102395217,false,מאגדת שמיניה מולר במתיקות מעודנת 1.2% 8*150 ג',מולר Muller,IL,מאגדת יוגורט מולר שמ,גרמים,1200.00,100 גרם,false,,21.00,0.0175,true,1,48425
7290102395224,false,שמיניית יוגורט ביו ביאנקו 1.7% מולר 150 גרם,מולר Muller,IL,מאגדת מולר לבן ביו 1,גרמים,1200.00,100 גרם,false,,18.50,0.0154,false,1,48367
7290102395231,false,שמיניית יוגורט ביו ביאנקו 2.8% מולר 150 גרם,מולר Muller,IL,מאגדת יוגורט מולר בי,גרמים,1200.00,100 גרם,false,,18.50,0.0154,false,1,48074
7290102395347,false,"יוגורט 6% בכד 3 ק""ג רבנות",טרה,IL,יוגורט כד 3 ליטר 7%,ליטרים,3.00,ליטר,false,,31.00,10.3333,true,1,97448
7290102395378,false,נעם גבינה צהובה פרוסה ואקום 28% טרה 360 גרם,טרה,IL,גבינה צהובה נעם 28%,גרמים,360.00,100 גרם,false,,21.50,0.0597,true,1,50292
7290102395439,false,מארז 8 גביעים יוגורט בטעם פירות יער וקיווי 3% Simply Fruit,מילקו תעשיות בעמ,IL,מאגדת שמינייה סימפלי,יחידה,0.00,יחידה,false,,31.90,0.0000,true,1,51524
7290102395521,false,"שמנת לבישול 15% שומן 500 מ""ל טרה",מילקו תעשיות בעמ,IL,שמנת לבישול 15% + פק,מיליליטרים,500.00,"100 מ""ל",false,,16.90,0.0338,true,1,55033
7290102395958,false,יוגורט 4% טבעי 3 ל' טרה,טרה,,יוגורט 3 ליטר טרה 4%,ליטרים,3.00,ליטר,false,,29.90,9.9667,true,1,90732
7290102396665,false,נעם גבינה צהובה דק דק 15% טרה 200 גרם,מילקו תעשיות בעמ,IL,גבינה צהובה נעם דק ד,גרמים,200.00,100 גרם,false,,16.90,0.0845,true,1,79399
7290102396672,false,"גבנ""צ דק דק נעם פתיחה חוזרת 9% 360 גרם",מילקו תעשיות בעמ,IL,גבינה צהובה נעם 9%,גרמים,360.00,100 גרם,false,,28.50,0.0792,true,1,77706
7290102397204,false,"גבנ""צ דק דק נעם פתיחה חוזרת 22% 200 גרם",מילקו תעשיות בעמ,IL,גבינה צהובה נעם דק ד,גרמים,200.00,100 גרם,false,,16.90,0.0845,true,1,77699
7290102397334,false,גבינה בולגרית גלילית 5% משק צוריאל 250 גרם,מחלבת משק צוריאל,IL,בולגרית 5% צוריאל,גרמים,250.00,100 גרם,false,,22.50,0.0900,true,1,79457
7290102397464,false,יוגורט ביו בתוספת גרעינים אגוזים וחמוציות 170 ג' מולר,מולר Muller,IL,יוגורט מולר נטורל+גר,גרמים,170.00,100 גרם,false,,6.20,0.0365,true,1,85741
7290102397600,false,מיקס יוגורט בתוספת שקדים ובוטנים מקורמלים 170 ג' מולר,מילקו תעשייה בעמ,IL,מולר מיקס בתוספת שקד,גרמים,170.00,100 גרם,false,,6.20,0.0365,true,1,82094
7290102397617,false,יוגורט ביו קרמי עם כדורים מצופים שוקולד חום לבן,מולר Muller,IL,מולר מיקס בתוספת קלי,גרמים,170.00,100 גרם,false,,6.20,0.0365,true,1,82095
7290102397679,false,קוטג' וחצי 5% מהדרין טרה 375 גרם,מילקו,IL,קוטג' 375 גר' טרה,גרמים,375.00,100 גרם,false,,8.30,0.0221,true,1,89891
7290102397730,false,פרוסות גבינה אמנטל חצי קשה 30% שומן 200 ג' נעם,Unknown,IL,נעם אמנטל 100% רכיבי,גרמים,200.00,100 גרם,false,,17.50,0.0875,true,1,87100
7290102397747,false,פרוסות גבינת מוצרלה נעם מחלב בקר 22%,טרה,IL,מוצרלה 200 גר' נעם,גרמים,200.00,100 גרם,false,,18.90,0.0945,true,1,89806
7290102397891,false,גבינה מותכת משק צוריאל 100 גרם,משק צוריאל,IL,גבינה מותכת 18% משק,גרמים,100.00,100 גרם,false,,7.30,0.0730,true,1,85740
7290102398065,false,חלב טרה בקרטון 2 ליטר מהדרין 3% - מוצר בפיקוח,הפריט בפיקוח,IL,חלב בקרטון 3% טרה 2,ליטרים,2.00,ליטר,false,,12.46,6.2300,false,1,88079
7290102398331,false,חלב מועשר דל לקטוז 2% שומן טרה 1 ליטר,Unknown,IL,חלב מועשר דל לקטוז 1,ליטרים,1.00,ליטר,false,,7.80,7.8000,false,1,89875
7290102398560,false,שוקו טרה מועשר בבקבוק 1 ליטר,מילקו תעשיות בעמ,IL,שוקו טרה מועשר בקבוק,ליטרים,1.00,ליטר,false,,12.50,12.5000,true,1,93340
7290102398669,false,משקה חלב אייס קפוצ'ינו טרה 1 ליטר,מילקו תעשיות בעמ,IL,אייס קפוצ'ינו 1 ליטר,ליטרים,1.00,ליטר,false,,12.50,12.5000,true,1,102423
7290102398782,false,משקה סויה קלאסי משק צוריאל 1 ליטר,מחלבת משק צוריאל,IT,משקה סויה קלאסי 1 לי,ליטרים,1.00,ליטר,false,,11.90,11.9000,true,1,99517
7290102398836,false,משקה שקדים קלאסי משק צוריאל 1 ליטר,מחלבת משק צוריאל,IT,משקה שקדים קלאסי משק,ליטרים,1.00,ליטר,false,,13.50,13.5000,true,1,99173
7290102399048,false,פרוסות גבינת קשקבל נעם 200 ג' טרה,מילקו,IL,גבינת קשקבל נעם פתיח,גרמים,200.00,100 גרם,false,,22.90,0.1145,true,1,96269
7290102399635,false,"מולר פרופ יוגורט ביו עם קציפת קוקוס ואננס 150 מ""ל",מולר Muller,IL,יוגורט Bio עם קציפת,גרמים,150.00,100 גרם,false,,5.30,0.0353,true,1,102419
7290102399772,false,מולר ספרדבל-ממרח חמאת מולר במליחות עדינה 250 גרם,G Weihenstephan Molkerei,DE,ממרח חמאה במליחות עד,גרמים,250.00,100 גרם,false,,18.90,0.0756,true,1,102418
7290102399789,false,מולר ספרדבל-ממרח חמאת מולר ללא מלח 250 גרם,G Weihenstephan Molkerei,DE,ממרח חמאה ללא מלח 25,גרמים,250.00,100 גרם,false,,18.90,0.0756,true,1,102414
7290102399796,false,מעדן יוגורט לבן מועשר בחלבון 200 ג' מולר אקטיב,מולר Muller,IL,מולר אקטיב יוגורט 25,גרמים,200.00,100 גרם,false,,5.80,0.0290,true,1,102140
7290103121600,false,"ספיד סטיק - דאודורנט ספריי לגבר 24/7 קול פיוזן 150 מ""ל",קולגייט פלמוליב,RU,ספיד סטיק 24/7 ספריי,מיליליטרים,165.00,"100 מ""ל",false,,14.90,0.0903,true,1,33185
7290103124588,false,"סבון נוזלי ארומה בניחוח לבנדר פטצ'ולי פלמוליב 750 מ""ל",הנסיך- מפעל לייצור ט,TR,פלמוליב סבון נוזלי ס,מיליליטרים,750.00,"100 מ""ל",false,,19.90,0.0265,true,1,41263
7290103126797,false,"משחת שיניים קולגייט סנסיטיב פרו רליף 75 מ""ל",הנסיך- מפעל לייצור ט,BR,קולגייט סנסטיב פרו ר,מיליליטרים,75.00,"100 מ""ל",false,,19.90,0.2653,false,1,39158
7290103128739,false,מקלוני כותנה לתינוק בלונס 50 יחידות,הנסיך- מפעל לייצור ט,GR,בלונס מקלות אזניים ל,יחידה,0.00,יחידה,false,,5.90,0.0000,true,1,44729
7290103129378,false,ספיד סטיק - דאודורנט ג'ל לגבר איקס 5 85 גרם,הנסיך- מפעל לייצור ט,US,ספיד סטיק 24/7 ג'ל X,יחידה,0.00,יחידה,false,,19.90,0.0000,true,1,47545
7290103129637,false,בלונס פדים אובאליים להסרת איפור 40 יח,הנסיך- מפעל לייצור ט,GR,פדים קוסמטיים להסרת,יחידה,0.00,יחידה,false,,7.90,0.0000,true,1,47310
7290103400194,false,"כרוב לבן 400 גר בד""צ ירקות שטראוס",שטראוס בריאות ירקות טריי,IL,כרוב לבן שטראוס 400ג,גרמים,400.00,100 גרם,false,,9.50,0.0238,true,1,36717
7290103400231,false,"גזר מגורד שטראוס 400 גרם בד""צ",שטראוס בריאות ירקות טריי,IL,"גזר שטראוס 400ג' בד""",גרמים,400.00,100 גרם,false,,9.50,0.0238,true,1,36718
7290103401429,false,קפה קצב ברזילאי אוריגינס 200 גר,הנסיך- מפעל לייצור ט,IL,קפה נמס קצב ברזילאי,גרמים,200.00,100 גרם,false,,24.90,0.1245,false,1,33046
7290103404758,false,סלט כרוב אדום במיונז אחלה 120 גרם,מיוצר עי קונדיטוריית,IL,סלט כרוב 120 גר,גרמים,120.00,100 גרם,false,,5.00,0.0417,true,1,31941
7290103408206,false,עלי חסה ערבית שטופים שטראוס 250 גרם,שטראוס בריאות ירקות טריי,IL,עלי חסה בקופסא שטראו,גרמים,250.00,100 גרם,false,,10.50,0.0420,true,1,33808
7290103681173,false,"יין הר קברנה סובניון יקבי תבור 750 מ""ל.",מיוצר על ידי יקב תבור,IL,הר TABOR קברנה סובני,מיליליטרים,750.00,"100 מ""ל",false,,34.90,0.0465,true,1,95665
7290103681180,false,"יין הר מרלו מיתוג תנשמת 750 מ""ל",מיוצר על ידי יקב תבור,IL,"הר TABOR מרלו 750 מ""",מיליליטרים,750.00,"100 מ""ל",false,,34.90,0.0465,true,1,95666
7290103681197,false,"יין הר שיראז מיתוג תנשמת 750 מ""ל",מיוצר על ידי יקב תבור,IL,הר TABOR שיראז 750 מ,מיליליטרים,750.00,"100 מ""ל",false,,34.90,0.0465,true,1,95667
7290103681227,false,"יין הר גוורצטרמינר מיתוג תנשמת 750 מ""ל",מיוצר על ידי יקב תבור,IL,הר TABOR גיוורצטרמינ,מיליליטרים,750.00,"100 מ""ל",false,,34.90,0.0465,true,1,95668
7290103681623,false,"יין הר מוסקטו רוזה יקבי תבור 750 מ""ל",יקבי תבור,IL,"מוסקטו רוזה 750 מ""ל",מיליליטרים,750.00,"100 מ""ל",false,,34.90,0.0465,true,1,101442
7290104061417,false,סלט חומוס עם טחינה אחלה 400 גרם,"שטראוס גרופ בע""\מ",IL,חומוס טחינה אחלה 400,גרמים,400.00,100 גרם,false,,10.90,0.0273,true,1,34451
7290104061424,false,סלט חומוס עם זעתר אחלה 400 גרם,מיוצר עי קונדיטוריית,IL,חומוס אחלה זעתר 400,גרמים,400.00,100 גרם,false,,10.90,0.0273,true,1,34449
7290104061431,false,סלט חומוס עם צנובר אחלה 400 גרם,"שטראוס גרופ בע""\מ",IL,חומוס אחלה צנובר 400,גרמים,400.00,100 גרם,false,,10.90,0.0273,true,1,34452
7290104061448,false,סלט חומוס עם חריף אחלה 400 גרם,מיוצר עי קונדיטוריית,IL,חומוס אחלה חריף 400,גרמים,400.00,100 גרם,false,,10.90,0.0273,true,1,34450
7290104063732,false,מארז קפה נמס עלית 50 גרם 3+1 מתנה,,,רביעיות נס קפה 50 גר,גרמים,200.00,100 גרם,false,,26.90,0.1345,false,1,84696
7290104065187,false,אבקה להכנת משקה קפה בטעם מוקה,STRAUSS-ISRAEL,IL,קפה נמס בטעם מוקה 20,גרמים,200.00,100 גרם,false,,23.90,0.1195,false,1,36580
7290104065934,false,עלי רוקט שטראוס 150 גרם,שטראוס בריאות ירקות טריי,IL,עלי רוקט שטראוס 150,גרמים,150.00,100 גרם,false,,10.50,0.0700,true,1,36039
7290104067679,false,סלט טחינה אחלה 400גר,מיוצר עי קונדיטוריית,IL,טחינה אחלה 400 גר,גרמים,400.00,100 גרם,false,,11.50,0.0288,true,1,52733
7290104067693,false,אחלה חומוס עם חריף 150 גרם,מיוצר עי קונדיטוריית,IL,חומוס 150 גר עם חריף,גרמים,150.00,100 גרם,false,,5.50,0.0367,true,1,53310
7290104068539,false,מאסט פליפטופ מלון ואבטיח ללא גרעינים,"שטראוס גרופ בע""מ",IL,מסטיק מאסט בטעם מלון,גרמים,28.00,100 גרם,false,,4.60,0.1643,true,1,36910
7290104068546,false,גומי מאסט בטעם לימון קולה ללא סוכר 28 ג' עלית,שטראוס גרופ,IL,מסטיק מאסט קולה ולימ,גרמים,28.00,100 גרם,false,,4.60,0.1643,true,1,37768
7290104500572,false,אפרופו חטיף תירס איטליאנו אסם 50 גרם,מיוצר עי קונדיטוריית,IL,אפרופו איטליאנו 50 ג,גרמים,50.00,100 גרם,false,,5.20,0.1040,false,1,40036
7290104501661,false,אינסטנט פודינג בטעם וניל צרפתי אסם 80 גרם,מיוצר עי קונדיטוריית,IL,פודינג טעם וניל צרפת,גרמים,80.00,100 גרם,false,,5.90,0.0738,false,1,38374
7290104503184,false,הבית עוגת שבת בראוניס טעם שוקולד ריבת חלב 380 גרם,מיוצר עי קונדיטוריית,IL,עוגת שבת בראוניס שוק,גרמים,380.00,100 גרם,false,,18.60,0.0489,false,1,42026
7290104504228,false,מיני דובונים אסם 100 גרם מארז 5 יחידות,"אסם השקעות בע""\מ",IL,מארז דובונים 5*20,גרמים,100.00,100 גרם,false,,13.00,0.1300,false,1,41153
7290104508943,false,במבה חטיף בוטנים אסם 200 גרם,"אסם השקעות בע""\מ",IL,במבה קלאסי 200גר אסם,גרמים,200.00,100 גרם,false,,10.00,0.0500,false,1,42549
7290104570162,false,תמרים כבושים 500גרם בית שאן,תמר העמקים בית שאן,IL,תמרים כבושים 500גר,גרמים,500.00,100 גרם,false,,9.90,0.0198,true,1,49745
7290104570292,false,"תמר מג'הול 1קג בד""ץ-אדום",,IL,תמר מג'הול 1 קג,קילוגרמים,1.00,"ק""ג",false,,19.90,19.9000,true,1,144260
7290104570629,false,ממרח גביע ירוק 450 ג' ירדן,"תמר העמקים בע""מ",IL,ממרח תמרים 450 גר,גרמים,450.00,100 גרם,false,,4.90,0.0109,false,1,78617
7290104721533,false,רצועות פלפלים קלויים אחלה 400 ג',מיוצר עי קונדיטוריית,IL,פלפלים קלויים אחלה,גרמים,400.00,100 גרם,false,,15.90,0.0398,true,1,38856
7290104721953,false,לקט מסולסלים ירקות שטראוס 350 גרם,שטראוס בריאות ירקות טריי,IL,לקט מסולסלים שטראוס,גרמים,350.00,100 גרם,false,,13.50,0.0386,true,1,37609
7290104722530,false,תפוצ'יפס בטעם שמנת בצל עלית 200 גרם,"שטראוס פריטו ליי בע""\מ )",IL,תפוצ'יפס שמנת בצל 20,גרמים,200.00,100 גרם,false,,10.90,0.0545,true,1,37781
7290104726262,false,רביעייה מעדן דני שוקולד דיסני לבנים 125 גרם,מיוצר עי קונדיטוריית,IL,מארז רביעיה דני לשתי,יחידה,500.00,יחידה,false,,11.60,0.0232,true,1,39259
7290104726712,false,מארז 8 יחידות מעדן מילקי בטעם שוקולד עם קצפת,"שטראוס גרופ בע""\מ",IL,מארז מילקי שמיניה,גרמים,1064.00,100 גרם,false,,21.90,0.0206,false,1,42663
7290104728310,false,"שמנת מתוקה עמידה 38% שומן ""יטבתה"" -מוצר בפיקוח",שטראוס גרופ,IL,שמנת מתוקה עמידה 38%,מיליליטרים,250.00,"100 מ""ל",false,,6.47,0.0259,false,1,40253
7290104729003,false,"יד מרדכי - שמן זית כתית מעולה 2 קלאסי 750 מ""ל",מכוורת יד מרדכי שטרא,IL,שמן זית יד מרדכי,מיליליטרים,750.00,"100 מ""ל",false,,32.90,0.0439,false,1,39744
7290104961557,false,"טיטניום - דאודורנט ספריי לגבר בלו 150 מ""ל","אמיליה קוסמטיקס בע""מ",IL,טיטניום ICE ספריי גו,מיליליטרים,150.00,"100 מ""ל",false,,11.90,0.0793,true,1,46013
7290104961878,false,"שמפו לשיער קרטין אינטנס פורמולה 400 מ""ל נטורל",נטורל פורמולה Natural Formula,IL,שמפו קרטין טהור 400,מיליליטרים,400.00,"100 מ""ל",false,,29.90,0.0747,true,1,48203
7290104961885,false,מרכך קרטין טהור לשיער שעבר החלקה או עיצוב בחום,נטורל פורמולה Natural Formula,IL,מרכך קרטין טהור 400,מיליליטרים,400.00,"100 מ""ל",false,,30.00,0.0750,true,1,48204
7290104961892,false,מסכת קרטין טהור לשיער שעבר החלקה או עיצוב בחום,נטורל פורמולה Natural Formula,IL,מסכה לשיער קרטין,יחידה,0.00,יחידה,false,,39.90,0.0000,true,1,48443
7290104961991,false,"סבון בניחוח חמאה שיאה שחור נקה 7 שלישייה * 500 מ""ל",אמיליה קוסמטיקס,IL,שלישיית אל סבון נקה,מיליליטרים,1500.00,"100 מ""ל",false,,17.90,0.0119,true,1,74279
7290104962004,false,"סבון בניחוח וניל ומאסק נקה 7 שלישייה * 500 מ""ל",אמיליה קוסמטיקס,IL,שלישיית אל סבון מפנק,מיליליטרים,1500.00,"100 מ""ל",false,,19.90,0.0133,true,1,76904
7290104962073,false,דאודורנט ספריי גוף טיטניום גולד Titanium Gold,"אמיליה קוסמטיקס בע""מ",IL,דאודורנט ספריי טיטני,יחידה,0.00,יחידה,false,,15.90,0.0000,true,1,52706
7290104965647,false,קרליין דאו רול און נושם סוויט קיס לנערות,מיוצר עי : אמיליה קוסמטי,IL,דאודורנט רול און נוש,מיליליטרים,75.00,"100 מ""ל",false,,11.90,0.1587,true,1,107121
7290105360250,false,קפסולות 09 עשיר וארומטי למכונת נספרסו עלית 10יח',הנסיך- מפעל לייצור ט,IL,קפסולות מקיאטו למכונ,גרמים,50.00,100 גרם,false,,16.90,0.3380,false,1,48587
7290105360328,false,קפסולות אספרסו חזק למכונות נספרסו 10 יח',הנסיך- מפעל לייצור ט,IL,אספרסו חזק קפסולות,גרמים,50.00,100 גרם,false,,16.90,0.3380,false,1,48634
7290105360335,false,קפסולות אספרסו למכונות נספרסו 50 גר,הנסיך- מפעל לייצור ט,IL,קפסולות אספרסו,גרמים,50.00,100 גרם,false,,16.90,0.3380,false,1,48116
7290105360878,false,תפוציפס טבעי 50 גרם מארז רביעייה,"שטראוס פריטו ליי בע""\מ )",IL,מארז תפוצ'יפס רביעיי,גרמים,200.00,100 גרם,false,,11.50,0.0575,true,1,57184
7290105362339,false,"שמנת לבישול 15% 250 מ""ל יטבתה מהדרין",שטראוס גרופ,IL,שמנת לבישול 15%,מיליליטרים,250.00,"100 מ""ל",false,,8.50,0.0340,true,1,44618
7290105363602,false,מקלות כיף כף קלאסי עלית 40 גרם,שולן צ'\יקולטה גידה סאן.,TR,כיף כף מקלות,גרמים,40.00,100 גרם,false,,5.50,0.1375,true,1,47679
7290105364289,false,מקלות כיף כף פצפוצים עלית 40 גרם,שולן צ'\יקולטה גידה סאן.,TR,כיף כף מקלות פצפוצים,גרמים,40.00,100 גרם,false,,5.50,0.1375,true,1,47645
7290105364302,false,"עלית חטיף שוקולד כיף כף מקלות אגוזים, 40 גרם",שולן צ'\יקולטה גידה סאן.,TR,כיף כף מקלות אגוזים,גרמים,42.00,100 גרם,false,,5.50,0.1310,true,1,47646
7290105364678,false,"אקטיביה משקה יוגורט בטעם אפרסק שטראוס 250 מ""ל",מיוצר עי קונדיטוריית,IL,משקה אקטיביה אפרסק,מיליליטרים,250.00,"100 מ""ל",false,,5.20,0.0208,true,1,41366
7290105366023,false,סלט חצילים בטעם כבד אחלה 400 גרם,מיוצר עי קונדיטוריית,IL,"חציל בטעם כבד 400 ג""",גרמים,400.00,100 גרם,false,,15.90,0.0398,true,1,41652
7290105366993,false,סימפוניה גבינת שמנת פלפל שיפקה 5% שטראוס 200 גרם,"שטראוס בריאות בע""מ",IL,גבינת סימפוניה עם פל,גרמים,200.00,100 גרם,false,,11.20,0.0560,false,1,53109
7290105368225,false,חומוס אחלה עם פלפל שיפקה 400 גרם,מיוצר עי קונדיטוריית,IL,חומוס אחלה עם פלפל ש,גרמים,400.00,100 גרם,false,,10.90,0.0273,true,1,45977
7290105368331,false,מעדן מילקי בטעם תות עם קצפת,מחלבת אחיהוד,IL,מילקי תות 8%,גרמים,133.00,100 גרם,false,,2.90,0.0218,true,1,45519
7290105368904,false,"שמנת מתוקה להקצפה 32% שומן 250 מ""ל יוטבתה",שטראוס גרופ,IL,שמנת עמידה לקצפת 32%,מיליליטרים,250.00,"100 מ""ל",false,,7.70,0.0308,false,1,49507
7290105368928,false,"שמנת 9% שומן 200 מ""ל יוטבתה",שטראוס גרופ,IL,שמנת 9% יטבתה,מיליליטרים,200.00,"100 מ""ל",false,,3.30,0.0165,false,1,44642
7290105369130,false,סימפוניה גבינת שמנת בצל ירוק 5% שטראוס 200 גרם,"שטראוס בריאות בע""\מ",IL,סימפוניה בצל ירוק 5%,גרמים,200.00,100 גרם,false,,11.20,0.0560,false,1,48650
7290105430441,false,תחליב רחצה סחלב שחור וקרם לחות Naturals משאבה,הנסיך- מפעל לייצור ט,TR,פלמוליב סחלב שחור 75,מיליליטרים,750.00,"100 מ""ל",false,,19.90,0.0265,true,1,50107
7290105430458,false,תחליב רחצה מועשר בשקדים וקרם לחות Naturals משאבה,הנסיך- מפעל לייצור ט,TR,פלמוליב שקדים 750מל,מיליליטרים,750.00,"100 מ""ל",false,,19.90,0.0265,true,1,50108
7290105430496,false,"ספיד סטיק דאו' ספריי לגבר סדרת 24/7 ללא סימנים, 165 מ""ל",קולגייט-פלמוליב,RU,ספיד סטיק סטיינגארד,יחידה,0.00,יחידה,false,,14.90,0.0000,true,1,49995
7290105431516,false,מארז חטיף פריי תמרים ובוטנים ללא גלוטן ותוספת סוכר 125 גרם,טבעית מוצרים מן הטבע בעמ,IL,פרי חטיפי תמרים בוטנ,יחידה,0.00,יחידה,false,,16.50,0.0000,true,1,50063
7290105431868,false,"פלמוליב ספא קוקוס גרגרים נוזלי 500 מ""ל",הנסיך- מפעל לייצור ט,TR,פלמוליב ספא קוקוס גר,מיליליטרים,500.00,"100 מ""ל",false,,14.90,0.0298,true,1,52894
7290105433961,false,"ליידי ספיד סטיק לסס פרש אסנס ספריי דובדבן, 150 מ""ל",קולגייט-פלמוליב,RU,ליידי ספיד סטיק פרש,יחידה,0.00,יחידה,false,,14.90,0.0000,true,1,55229
7290105433985,false,ליידי ספיד סטיק פרש אסנס פריחת הדובדבן סטיק 65 גר,ליידי ספיד סטיק Lady Speed Stick,US,ליידי ספיד סטיק אסנס,יחידה,0.00,יחידה,false,,19.90,0.0000,true,1,55323
7290105434067,false,ספיד סטיק - דאודורנט סטיק לגבר XL אושן סרף 85 גרם,קולגייט פלמוליב,US,ספיד סטיק כחול אושיי,יחידה,0.00,יחידה,false,,19.90,0.0000,true,1,77580
7290105436382,false,חטיף פרי תמרים קשיו ללא תוספת סוכר וגלוטן 5 יח,טבעית מוצרים מן הטבע בעמ,IL,חטיף פרי תמרים ואגוז,גרמים,125.00,100 גרם,false,,16.50,0.1320,true,1,56950
7290105438539,false,קוקי נייר אפייה 40 דפים,אופל אריזות,IL,קוקי נייר אפייה 40יח,יחידה,0.00,יחידה,false,,9.90,0.0000,true,1,59412
7290105438546,false,קוקי נייר אפייה פרימיום 40 יח',אופל אריזות,IL,קוקי נייר אפיה אקולו,יחידה,0.00,יחידה,false,,9.90,0.0000,true,1,73394
7290105439499,false,מאסטר שף מאסטר שף מיונז 480 גר כשלפ,רמיה סי.וי. הולנד,NL,מיונז מאסטר שף,גרמים,481.00,100 גרם,false,,10.90,0.0227,true,1,79646
7290105439505,false,מאסטר שף קרם בטעם מיונז לייט 479 גר כשלפ,רמיה סי.וי. הולנד,NL,מנה מאסטר שף קרם בטע,גרמים,479.00,100 גרם,false,,11.90,0.0248,true,1,84279
7290105439581,false,מנה מאסטר שף חרדל דיזיון צרפתי 370 גר,רמיה סי.וי.הולנד,FR,חרדל דיז'ון מאסטר שף,גרמים,370.00,100 גרם,false,,10.90,0.0295,true,1,79911
7290105474056,false,לה קט מוס סלמון 155 גר',PRODUCTS FOOD HIQ,IL,לה קט מוס סלמון 155,גרמים,155.00,100 גרם,false,,5.90,0.0381,true,1,57363
7290105474124,false,"מזון לכלבים בונזו מזון כלבים בשר 12 ק""ג מחולק","ביופט בע""מ",FR,"בונזו 12 קג כשל""פ",קילוגרמים,12.00,"ק""ג",false,,129.90,10.8250,false,1,54265
7290105475787,false,מולטיפק לה קט נתחונים בגלי 400 גר*3,SAS FIDELE,FR,לה קט שלישיה,קילוגרמים,1.20,"ק""ג",false,,19.90,16.5833,true,1,86345
7290105500151,false,וודקה פינלנדיה בקבוק,"אלטיה קורפ, הלסינקי,",FI,וודקה פינלנדיה 700מל,מיליליטרים,700.00,"100 מ""ל",false,,59.90,0.0856,false,1,47821
7290105691224,false,אסם חטיפי פריכונים טורטייה שום בצל 60 גרם,"פרח תעשיות מזון בע""מ.",IL,חטיפי פריכונים טורטי,גרמים,60.00,100 גרם,false,,7.70,0.1283,false,1,42855
7290105691248,false,אסם חטיפי פריכונים טורטייה תירס 60 גרם,"פרח תעשיות מזון בע""מ.",IL,חטיפי טורטיות,גרמים,60.00,100 גרם,false,,7.70,0.1283,false,1,42759
7290105691712,false,אסם עוגיות הפסקת קפה דגנים מלאים 230 גרם,היינץ צפון אמריקה מק,IL,עוגיות הפסקת קפה חיט,גרמים,230.00,100 גרם,false,,10.90,0.0474,true,1,45025
7290105691934,false,קמח שמרים אסם 1 קילו,תאי פרזידנט פוד פאבל,IL,קמח שמרים אסם 1 קג,קילוגרמים,1.00,"ק""ג",false,,10.90,10.9000,false,1,46917
7290105693341,false,מארז עשיריית במבה אסם 25*10 גרם,"אסם השקעות בע""\מ",IL,במבה אסם מאגדת 25*10,גרמים,250.00,100 גרם,false,,14.90,0.0596,false,1,53850
7290105693457,false,עוגת הבית דמקה שוקו וניל אסם 320 גרם,מיוצר עי קונדיטוריית,IL,עוגת הבית דמקה שוקו,גרמים,320.00,100 גרם,false,,14.50,0.0453,false,1,45028
7290105693952,false,פירורית זהב אסם זהב שומשום 200 ג',מיוצר עי קונדיטוריית,IL,פירורית זהב שומשום,גרמים,200.00,100 גרם,false,,6.00,0.0300,true,1,45436
7290105694614,false,פסטה ספגטי מהיר הכנה אסם 500 גרם,פסטה זארה,IT,ספגטי מהיר הכנה אסם,גרמים,500.00,100 גרם,false,,7.90,0.0158,false,1,46165
7290105695024,false,פתיתים אפויים אורז עם אטריות אסם 500 גרם,"אסם השקעות בע""\מ",IL,פתיתים אפויים אורז ע,גרמים,500.00,100 גרם,false,,7.50,0.0150,false,1,47929
7290105695321,false,עוגת הבית בראוניס פאדג' אסם 380 גרם,מיוצר עי קונדיטוריית,IL,עוגת בראוניס פאדג' א,גרמים,380.00,100 גרם,false,,18.60,0.0489,false,1,47761
7290105962331,false,סחוג תימני אדום חריף מאוד זהבי הכרם 220 גרם,קריניסה ויטמין אס אי,IL,סחוג חריף מאוד זהבי,גרמים,220.00,100 גרם,false,,12.50,0.0568,true,1,45006
7290105962980,false,כרוב אדום במיונז 400 ג' אחלה,מיוצר עי קונדיטוריית,IL,כרוב אדום 400 גר אחל,גרמים,400.00,100 גרם,false,,11.50,0.0288,true,1,45598
7290105962997,false,חצילים אחלה במיונז 400 גר',"שטראוס גרופ בע""מ",IL,חציל מיונז אחלה 400,גרמים,400.00,100 גרם,false,,11.50,0.0288,true,1,45599
7290105963000,false,סלט מטבוחה 400 ג' אחלה,מיוצר עי קונדיטוריית,IL,מטבוחה אחלה 400 גר,גרמים,400.00,100 גרם,false,,11.50,0.0288,true,1,45633
7290105964564,false,סלט חומוס אחלה 400גר,מיוצר עי קונדיטוריית,IL,חומוס אחלה 400 ג',גרמים,400.00,100 גרם,false,,8.20,0.0205,true,1,46825
7290105965738,false,יוגורט לשתיה בטעם תות בננה267 ג' דנונה,מיוצר עי קונדיטוריית,IL,דנונה לשתיה תות בננה,גרמים,267.00,100 גרם,false,,5.10,0.0191,true,1,54600
7290105966469,false,"חומץ בלסמי ממודנה יד מרדכי 250 מ""ל",אצטייה ג'וזפה קרמוני,IT,"חומץ בלסמי 250 מ""ל",מיליליטרים,250.00,"100 מ""ל",false,,15.90,0.0636,true,1,49056
7290105968654,false,רביולי בטטה פרווה פסטה נונה 400 ג',מיוצר עי קונדיטוריית,IL,רביולי בטטה פרווה 40,גרמים,400.00,100 גרם,false,,19.90,0.0497,true,1,47168
7290105968777,false,פריכיות 5 דגנים עם תחתית שוקולד מריר 70 גרם,"טחנת האבן תעשיות בע""",IL,פרכיות אנרג'י תחתית,גרמים,70.00,100 גרם,false,,8.90,0.1271,true,1,49907
7290106394575,false,סכין סטייק,,,סכין סטייק,יחידה,0.00,יחידה,false,,8.90,0.0000,true,1,107768
7290106520066,false,"רבע לשבע שוקולד חלב במילוי אגוזים עלית 160 גרם בד""צ","הגביע מוצרי וופלים בע""\מ",IL,רבע לשבע גלילי וופל,גרמים,160.00,100 גרם,false,,12.00,0.0750,false,1,47647
7290106520288,false,יוגורט פרו חלבון עם תות 2.4% שומן 150 ג' דנונה,"שטראוס בריאות בע""מ",IL,דנונה פרו תות,גרמים,150.00,100 גרם,false,,4.70,0.0313,true,1,79452
7290106520905,false,סלט טורקי אחלה 400 גרם,"שטראוס גרופ בע""\מ",IL,סלט טורקי אחלה 400ג',גרמים,400.00,100 גרם,false,,15.90,0.0398,true,1,48945
7290106520912,false,"שמנת 9% לבישול יטבתה 250 מ""ל מהדרין",שטראוס גרופ,IL,שמנת לבישול 9%,גרמים,258.00,100 גרם,false,,8.50,0.0329,false,1,50123
7290106521049,false,אחלה טעמי השוק קוביות סלק 400 גר,מיוצר עי קונדיטוריית,IL,קוביות סלק אחלה 400,גרמים,400.00,100 גרם,false,,15.90,0.0398,true,1,51983
7290106525320,false,אבקת שוקולית לאפייה קופסא 500ג' עלית,הנסיך- מפעל לייצור ט,IL,שוקולית לאפיה 500 גר,גרמים,500.00,100 גרם,false,,17.50,0.0350,false,1,57246
7290106525399,false,קפסולות 06 ברזיל למכונות נספרסו עלית 10יח',הנסיך- מפעל לייצור ט,IL,קפסולות קפה למכונת נ,גרמים,50.00,100 גרם,false,,16.90,0.3380,false,1,81250
7290106525405,false,קפסולות למכונת נספרסו נטול קפאין,שטראוס קפה בי.וי.,IL,קפסולות קפה נטול למכ,גרמים,50.00,100 גרם,false,,16.90,0.3380,false,1,56460
7290106528628,false,"דוריטוס טבעי 185 גרם ""עלית""","שטראוס פריטו ליי בע""\מ )",IL,דוריטוס 185 גר' DiPP,גרמים,185.00,100 גרם,false,,7.50,0.0405,true,1,81004
7290106528949,false,לקט ערוגות 450 גרם שטראוס,שטראוס בריאות ירקות טריי,IL,לקט ערוגות 450 גר,גרמים,450.00,100 גרם,false,,12.90,0.0287,true,1,55630
7290106571792,false,קרחון ענבים ויטמנציק נסטלה,גלידות נסטלה )נגה גלידות,IL,קרחון ויטמינצ'יק ענב,יחידה,0.00,יחידה,false,,2.60,0.0000,true,1,50027
7290106571921,false,עוגיות פיטנס עוגיות חמוציות 180 גר',מיוצר עי קונדיטוריית,IL,עוגיות פיטנס חמוציות,גרמים,180.00,100 גרם,false,,11.50,0.0639,true,1,55524
7290106572027,false,אוסם - לחמית חמישה דגנים 190 גרם,"אסם השקעות בע""\מ",IL,לחמית חמישה דגנים,גרמים,190.00,100 גרם,false,,8.70,0.0458,true,1,48122
7290106572065,false,חטיפי פריכונים טורטיה חמוץ מתוק 60 גרם,"פרח תעשיות מזון בע""מ",IL,חטיפי טורטיה חמוץ מת,גרמים,60.00,100 גרם,false,,7.70,0.1283,false,1,48131
7290106572959,false,מארז אפרופו חטיף תירס 5 יחידות,"אסם השקעות בע""\מ",IL,מארז אפרופו 5*25,גרמים,125.00,100 גרם,false,,12.90,0.1032,false,1,50044
7290106572997,false,"קמח שמרים לפיצה ופוקצ'ה אסם 1 ק""ג","קוד יצרן TKMB, משווק",IL,קמח שמרים לפיצה,קילוגרמים,1.00,"ק""ג",false,,10.90,10.9000,false,1,49387
7290106573277,false,חטיף קריספי בטעם זיתים 150 ג' אסם,מיוצר עי קונדיטוריית,IL,קריספי טאפאס זיתים,גרמים,150.00,100 גרם,false,,11.70,0.0780,true,1,53225
7290106573314,false,חטיף קריספי בטעם כפרי 150 ג' אסם,מיוצר עי קונדיטוריית,IL,קריספי טאפאס כפרי,גרמים,150.00,100 גרם,false,,11.70,0.0780,true,1,53227
7290106573598,false,צבר חומוס לבנוני 400 גרם,סלטי צבר,IL,חומוס לבנוני 400 גר,גרמים,400.00,100 גרם,false,,12.00,0.0300,true,1,50300
7290106573628,false,צבר חומוס עם טחינה 400 גרם,סלטי צבר,IL,חומוס עם טחינה 400 ג,גרמים,400.00,100 גרם,false,,12.00,0.0300,true,1,50301
7290106573642,false,חומוס צנוברים צבר 400 גרם,סלטי צבר,IL,חומוס צנובר 400 גר,גרמים,400.00,100 גרם,false,,12.00,0.0300,true,1,50294
7290106574120,false,שלגון שרבט סוכריות גומיגם נסטלה 90 גרם,גלידות נסטלה )נגה גלידות,IL,שלגון גומי גם,גרמים,90.00,100 גרם,false,,5.90,0.0656,true,1,55161
7290106574793,false,עוגת הבית בטעם שוקו-שוקוצ'יפס 350 ג' אסם,מיוצר עי קונדיטוריית,IL,עוגת שוקו שוקוצ'יפס,גרמים,350.00,100 גרם,false,,14.50,0.0414,false,1,51349
7290106574953,false,בייגלה שטוחים כעכים שטוחים עם שומשום,מיוצר עי קונדיטוריית,IL,בייגלה שטוחים שומשום,גרמים,300.00,100 גרם,false,,11.90,0.0397,true,1,51682
7290106574977,false,בייגלה שטוחים כעכים שטוחים עם מלח,מיוצר עי קונדיטוריית,IL,בייגלה שטוחים עם מלח,גרמים,300.00,100 גרם,false,,11.90,0.0397,true,1,51683
7290106575257,false,עוגת הבית סופלה בטעם שוקולד 340 ג' אסם,מיוצר עי קונדיטוריית,IL,עוגת סופלה שוקולד,גרמים,340.00,100 גרם,false,,14.50,0.0426,false,1,53082
7290106575332,false,פתיתים אפויים פלוס בורגול 400 ג' אסם,"מיוצר ע""י קוד יצרן K",IL,פתיתים אפויים פלוס ב,גרמים,400.00,100 גרם,false,,7.50,0.0188,false,1,51857
7290106575431,false,עוגת הבית סופלה בטעם שוקוניל 340 ג' אסם,מיוצר עי קונדיטוריית,IL,עוגת סופלה בטעם שוקו,גרמים,340.00,100 גרם,false,,14.50,0.0426,false,1,53083
7290106576223,false,"אפרופו שוקולד 40 גרם ""אסם""",מיוצר עי קונדיטוריית,IL,אפרופו מצופה שוקולד,גרמים,40.00,100 גרם,false,,4.90,0.1225,false,1,83434
7290106576513,false,סלט חומוס צבר 400 גר,סלטי צבר,IL,חומוס 400 גר צבר,גרמים,400.00,100 גרם,false,,9.90,0.0248,true,1,54304
7290106576537,false,חומוס מסעדות צבר 700 גרם,סלטי צבר,IL,חומוס מסעדות 700 ג',גרמים,700.00,100 גרם,false,,10.90,0.0156,false,1,52066
7290106576797,false,"לה קרמריה גלידת וניל איטלקי כשל""פ 1.4ל'",תות תעשיות מזון (201,IL,לה קרמריה וניל איטלק,ליטרים,1.40,ליטר,false,,22.90,16.3571,false,1,54105
7290106576810,false,גלידה לה קרמריה ריבת חלב 1.4 ל' נסטלה,לה קרמריה- נסטלה,IL,לה קרמריה ריבת חלב 1,ליטרים,1.40,ליטר,false,,22.90,16.3571,false,1,54106
7290106576971,false,גלידה לה קרמריה שוקולד בלגי 1.4 ל' נסטלה,תות תעשיות מזון (201,IL,לה קרמריה שוקולד בלג,ליטרים,1.40,ליטר,false,,22.90,16.3571,false,1,54113
7290106576995,false,גלידה סורבה לה קרמריה תות מנגו לייט 1.4 ל' נסטלה,גלידות נסטלה )נגה גלידות,IL,לה קרמריה לייט סורבה,ליטרים,1.40,ליטר,false,,22.90,16.3571,false,1,54114
7290106577039,false,גלידה לה קרמריה שוקו וניל פליק 1.4 ל' נסטלה,תות תעשיות מזון (201,IL,לה קרמריה שוקו וניל,ליטרים,1.40,ליטר,false,,22.90,16.3571,false,1,54115
7290106577282,false,טחינה אמיתית מרובע 400 ג' צבר,סלטי צבר,IL,טחינה צבר 400 גר,גרמים,400.00,100 גרם,false,,12.50,0.0313,true,1,52958
7290106577541,false,כרוב אדום מרובע 400 ג' צבר,סלטי צבר,IL,כרוב אדום צבר 400 גר,גרמים,400.00,100 גרם,false,,12.50,0.0313,true,1,52963
7290106577572,false,מטבוחה אמיתית מרובע 400 ג' צבר,סלטי צבר,IL,מטבוחה צבר 400 גר,גרמים,400.00,100 גרם,false,,12.50,0.0313,true,1,53037
7290106578692,false,ביסלי במבה מיקס מהדורת אליפות אסם 80 גרם,פרו מן יו פתרונות אר,IL,ביסלי -במבה מיקס 80,יחידה,0.00,יחידה,false,,4.90,0.0000,false,1,55511
7290106578821,false,עוגת הבית שמרים קלאסית שוקולד אסם 350 גרם,מיוצר עי קונדיטוריית,IL,עוגת שמרים שוקולד קל,גרמים,350.00,100 גרם,false,,18.60,0.0531,false,1,54742
7290106652996,false,כיף כף מקלות קוקוס חלבי 40 גר',סולן בעבור שטראוס,TR,כיף כף מקלות קוקוס,גרמים,40.00,100 גרם,false,,5.50,0.1375,true,1,51244
7290106653504,false,סבבה בוטנים אמריקאים ברביקיו 50 גרם,"שטראוס פריטו ליי בע""",IL,בוטנים ברביקיו 50 גר,גרמים,50.00,100 גרם,false,,1.90,0.0380,true,1,74106
7290106653689,false,לקט לסלט אסייתי שטראוס 350 גרם,שטראוס בריאות ירקות טריי,IL,לקט אסיאתי 350 גר,גרמים,350.00,100 גרם,false,,11.50,0.0329,true,1,85635
7290106654099,false,מילקי CAKE עוגות אישיות במילוי קרם חלב,בובארד איטליה אס.פי.איי,IT,מארז מילקי CAKE שמינ,גרמים,272.00,100 גרם,false,,20.90,0.0768,true,1,79430
7290106658479,false,עלית וופל בטעם טורטית אגוזים 360גר,"שטראוס גרופ בע""\מ",IL,טורטית מגדים 40 גר,גרמים,40.00,100 גרם,false,,4.00,0.1000,false,1,81143
7290106663091,false,"לאבנה 9 % עם שמן זית 500 גר' ""שטראוס""",הדקלאים אגודת שיתופי,IL,לאבנה טבעי 9% שטראוס,גרמים,500.00,100 גרם,false,,18.90,0.0378,true,1,78565
7290106663121,false,"עוגה אישית במילוי קרם חלב ""מילקי קייק"" שטראוס",בובארד איטליה אס.פי.איי,IT,מילקי Cake,גרמים,34.00,100 גרם,false,,3.10,0.0912,true,1,77178
7290106663183,false,צ'יטוס חטיף טעם גבינה 65ג,שטראוס גרופ,IL,צ'יטוס גבינה 65 גר',גרמים,65.00,100 גרם,false,,3.50,0.0538,true,1,86702
7290106663503,false,קונפיטורה לייט תות יד מרדכי 230 גרם,אף.סי תבליני בגליל ב,IL,קונפיטורה לייט תות,גרמים,230.00,100 גרם,false,,12.90,0.0561,true,1,57977
7290106664067,false,לאבנה עם שמן זית וזעתר 10% שטראוס 400 ג',הדקלאים אגודת שיתופי,IL,לאבנה עם שמן זית וזע,גרמים,400.00,100 גרם,false,,14.90,0.0373,true,1,78695
7290106664555,false,"רוטב שמנת עם עגבניות 9% שומן 250 מ""ל יוטבתה",שטראוס גרופ,IL,רוטב שמנת עגבניות 9%,גרמים,250.00,100 גרם,false,,11.00,0.0440,true,1,78357
7290106666788,false,עלית - סוכריות נוסטלגיה דבש ממולאות 80 גרם,שטראוס גרופ,PL,סוכריות דבש עלית,גרמים,80.00,100 גרם,false,,5.90,0.0738,true,1,76363
7290106667266,false,"דוריטוס חמוץ חריף 185 גרם ""עלית""","שטראוס פריטו ליי בע""\מ )",IL,דוריטוס חמוץ חריף 18,גרמים,185.00,100 גרם,false,,7.50,0.0405,true,1,81006
7290106668577,false,"מיץ לימון טיבעי 250 מ""ל יד מרדכי",האי נאם סי או אל.טי.,IT,מיץ לימון טבעי 250 מ,מיליליטרים,250.00,"100 מ""ל",false,,8.90,0.0356,true,1,77073
7290106668713,false,יוגורט עם פירות יער 3% שומן 150 ג' דנונה,מיוצר עי קונדיטוריית,IL,דנונה פירות יער 3%,גרמים,150.00,100 גרם,false,,3.70,0.0247,true,1,77247
7290106669857,false,קפסולות אספרסו בטעם וניל עלית 10 יחידות,הנסיך- מפעל לייצור ט,IL,קפסולות קפה עלית בטע,גרמים,50.00,100 גרם,false,,16.90,0.3380,false,1,86515
7290106721807,false,אחלה סלט חציל פיקנטי מהדרין 400ג,"שטראוס גרופ בע""מ",IL,חציל פיקנטי אחלה 400,גרמים,400.00,100 גרם,false,,11.50,0.0288,true,1,79928
7290106721913,false,מסטיק מאסט MUST ללא סוכר בטעם מנטה מרעננת,"שטראוס גרופ בע""מ",IL,מאסט צנצנת פפרמינט צ,גרמים,66.00,100 גרם,false,,9.90,0.1500,true,1,76770
7290106721920,false,צנצנת מסטיק מאסט בטעם ספירמינט עדין 66 ג' עלית,"שטראוס גרופ בע""\מ.",IL,מאסט צנצנת ספירמנט צ,גרמים,66.00,100 גרם,false,,9.90,0.1500,true,1,76771
7290106723689,false,עלי תרד בייבי שטראוס 200 גרם,שטראוס בריאות ירקות טריי,IL,עלי תרד בייבי - שטרא,גרמים,200.00,100 גרם,false,,11.50,0.0575,true,1,57985
7290106725867,false,"סירופ מייפל טבעי 189 מ""ל ""יד מרדכי""",קוסלסי פוד,CA,סירופ מייפל טבעי 189,מיליליטרים,189.00,"100 מ""ל",false,,33.90,0.1794,true,1,78658
7290106725874,false,"סירופ מייפל טהור יד מרדכי 236 מ""ל",יד מרדכי,CA,סירופ מייפל טבעי 236,מיליליטרים,236.00,"100 מ""ל",false,,39.90,0.1691,true,1,78631
7290106726178,false,יוגורט PRO עם פירות יער 2.4% 10 גרם חלבון בגביע,מיוצר עי קונדיטוריית,IL,דנונה פרו פירות יער,גרמים,150.00,100 גרם,false,,4.70,0.0313,true,1,78570
7290106727984,false,"כיף כף פצפצים בגביע 135 גרם ""עלית""",שולן צ'\יקולטה גידה סאן.,TR,כיף כף פצפצים בגביע,גרמים,135.00,100 גרם,false,,11.50,0.0852,true,1,82852
7290106774063,false,קרוקונט בוטנים אלמנד,"אלמונדס בע""מ",IL,קרוקנט בוטנים,גרמים,175.00,100 גרם,false,,19.90,0.1137,true,1,102040
7290107280020,false,שלישיית מטליות לחות לניקוי כללי סנו סושי 50 יחידות,טרופיקל דגיל- תעשיות,IL,מטליות לחות שלישייה,יחידה,0.00,יחידה,false,,19.90,0.0000,false,1,51177
7290107280082,false,מארז 7 תבניות אלומיניום מוארכות לאפייה אינגליש קייק,סנו מפעלי ברונוס בעמ,CN,תבניות אינגליש אלומי,יחידה,0.00,יחידה,false,,9.90,0.0000,true,1,59400
7290107280129,false,סנו סושי 20 שקיות אשפה חזקות גדולות XXL,אשפלסט תעשיות,IL,סנו סושי 20 שקיות אש,יחידה,0.00,יחידה,false,,22.90,0.0000,true,1,59382
7290107280341,false,ריצפז מטליות לחות לניקוי הרצפה בניחוח מלון מפנק,"סנו מפעלי ברונוס סע""",IL,ריצפז מטליות לחות לנ,יחידה,0.00,יחידה,false,,12.90,0.0000,true,1,99845
7290107280396,false,"סנו - ג'ט מרסס לניקוי יסודי במטבח 750 מ""ל","סנו מפעלי ברונוס בע""",IL,"סנו ג'ט למטבח 750 מ""",מיליליטרים,750.00,"100 מ""ל",false,,12.90,0.0172,false,1,53196
7290107280570,false,סנו - מקסימה ג'ל כביסה מרוכז לכביסה צבעונית 3 ליטר,מיוצר עי קונדיטוריית,IL,ג'ל כביסה מקסימה מיק,ליטרים,3.00,ליטר,false,,31.90,10.6333,true,1,58607
7290107280600,false,טבליות למדיח סנו ספארק 100 טבליות במארז,גרופה אינקו,PL,ספארק 100 טבליות למד,יחידה,0.00,יחידה,false,,49.90,0.0000,true,1,90811
7290107280662,false,"סנו מקסימה בייבי אבקת לכביסה 1.25 ק""ג",סנו מקסימה,IL,"סנו מקסימה 1.25 ק""ג",קילוגרמים,1.25,"ק""ג",false,,14.90,11.9200,true,1,74116
7290107280716,false,מלח למדיח להגנה מפני אבנית סנו ספארק Spark,סנו ספארק,IL,סנו ספארק מלח למדיח,קילוגרמים,2.00,"ק""ג",false,,12.90,6.4500,true,1,76277
7290107280761,false,נוזל לניקוי כלים בניחוח לימון רענן סנו ספארק Spark,מיוצר עי קונדיטוריית,IL,סנו ספארק נוזל כלים,ליטרים,1.00,ליטר,false,,11.90,11.9000,true,1,74112
7290107280822,false,סנו ריצפז פרש הום 2 ליטר בניחוח ספא,"סנו מפעלי ברונוס בע""\מ",IL,ריצפז פרש הום ספא מר,ליטרים,2.00,ליטר,false,,21.90,10.9500,false,1,76907
7290107602099,false,כובע סרוג צבעים,אודס,,כובע סרוג,יחידה,0.00,יחידה,false,,16.90,0.0000,true,1,83808
7290107605861,false,סרט ראש מנוקד עם פפי,,,סרט ראש מנוקד עם פפי,יחידה,0.00,יחידה,false,,9.90,0.0000,true,1,77291
7290107645584,false,אבקת מרק עוף אמיתי רכיבים טבעיים 400 גרם - רבנות,יוניליוור ישראל מזון בע\,IL,קנור מרק עוף אמיתי ר,גרמים,400.00,100 גרם,false,,19.90,0.0497,false,1,98988
7290107645591,false,אבקת מרק בטעם עוף 100% רכיבים טבעיים 400 גרם,יוניליוור ישראל מזון בע\,IL,קנור מרק טעם עוף רכי,גרמים,400.00,100 גרם,false,,14.90,0.0373,false,1,92810
7290107646062,false,אבקת מרק בצל רכיבים טבעיים קנור 400 ג',יוניליוור ישראל מזון בע\,IL,מרק קנור בצל רכיבים,גרמים,400.00,100 גרם,false,,19.90,0.0497,false,1,93383
7290107646147,false,"חטיף שוגי קורנפלקס תלמה 156 גרם מארז 6 יחידות בד""צ",יוניליוור ישראל מזון בעמ,IL,חטיפי שוגי קורנפלקס,גרמים,156.00,100 גרם,false,,12.90,0.0827,false,1,88743
7290107646154,false,"חטיף קוקומן פצפוצים תלמה 126 גרם מארז 6 יחידות בד""צ",יוניליוור ישראל מזון בעמ,IL,חטיפי קוקומן פצפוצים,גרמים,126.00,100 גרם,false,,12.90,0.1024,false,1,88744
7290107646376,false,סיף מטליות לחות לניקוי כללי בניחוח לימון,עלבד משואות יצחק בעמ,IL,סיף מטליות לחות לניק,יחידה,0.00,יחידה,false,,10.90,0.0000,true,1,87360
7290107646383,false,סיף מטליות לחות לניקוי רצפות בניחוח לימו,עלבד משואות יצחק בעמ,IL,סיף מטליות לחות לניק,יחידה,0.00,יחידה,false,,12.90,0.0000,true,1,87361
7290107646826,false,"חטיף שוגי שוקו תלמה 156 גרם מארז 6 יחידות בד""צ",יוניליוור ישראל מזון בעמ,IL,מאגדת חטיפי שוגי שוק,גרמים,138.00,100 גרם,false,,12.90,0.0935,false,1,91160
7290107646833,false,תלמה שוגי חטיף דגנים פצפוצי שוקולד שישי,יוניליוור ישראל מזון בעמ,IL,מאגדת חטיפי שוגי פצפ,גרמים,138.00,100 גרם,false,,12.90,0.0935,false,1,91158
7290107646918,false,רוטב עגבניות ופלפלים לשקשוקה 415 ג' קנור,קונסורזיו קאסאלאסקו דל פ,IT,קנור רוטב שקשוקה 415,גרמים,415.00,100 גרם,false,,13.90,0.0335,true,1,88982
7290107646925,false,ברנפלקס אקסטרה פייבר 410 גרם,יוניליוור ישראל מזון בע\,IL,ברנפלקס אקסטרה פייבר,גרמים,410.00,100 גרם,false,,21.90,0.0534,false,1,89290
7290107647731,false,קוקומן חום לבן בטעם שוקולד ווניל,יוניליוור ישראל מזון בעמ,IL,קוקומן חום לבן 375 ג,גרמים,375.00,100 גרם,false,,19.90,0.0531,false,1,89043
7290107647816,false,"דגני ברנפלקס ללא תוספת סוכר 500 גרם בד""צ",יוניליוור ישראל מזון בעמ,IL,ברנפלקס ללא תוספת סו,גרמים,500.00,100 גרם,false,,19.90,0.0398,false,1,89455
7290107647854,false,"שוגי מופחת סוכר תלמה 500 ג' בד""צ",יוניליוור ישראל מזון בעמ,IL,שוגי 500 גר',גרמים,500.00,100 גרם,false,,19.90,0.0398,false,1,88817
7290107648981,false,רוטב עגבניות קלאסי פומודורו 415 ג' קנור,מיוצר עי קונסורזייו,IL,קנור רוטב פומודורו ל,גרמים,415.00,100 גרם,false,,13.90,0.0335,true,1,91081
7290107649056,false,שפופרת פינוק שמפו לש,יוניליוור ישראל טיפו,IL,פינוק שמפו לשיער רגי,מיליליטרים,100.00,"100 מ""ל",false,,5.00,0.0500,true,1,91541
7290107649100,false,בייגלה טבעות שומשום 300 גרם.,בייגל את בייגל מזון 198),IL,טבעות שומשום 300 גר',גרמים,300.00,100 גרם,false,,8.90,0.0297,true,1,94166
7290107649605,false,קליק אקסטרא לארג שוקולד חלב עם פתיתי תירס ודגנים,יוניליוור ישראל מזון בעמ,IL,קליק קורנפלקס חלב טב,גרמים,85.00,100 גרם,false,,7.00,0.0824,false,1,91938
7290107649858,false,טילון מגנוםלבן -גלידת שמנת,"מיוצר ע""\י גלידת שטראוס",IL,טילון מגנום לבן,גרמים,100.00,100 גרם,false,,11.00,0.1100,true,1,96583
7290107870047,false,טילון אקסטרים115-120 גרם ענק נסטלה 120 גרם,תות תעשיות מזון (201,IL,אקסטרים ענק בראוניז,גרמים,115.00,100 גרם,false,,10.00,0.0870,true,1,58875
7290107871297,false,אוסם - מיני פריכונים עשבי תיבול 25 גרם,"פרח תעשיות מזון בע""מ.",IL,פריכונים מיני עשבי ת,גרמים,25.00,100 גרם,false,,4.20,0.1680,false,1,75424
7290107871990,false,"פסטה צינורות 500 גרם ""אסם""",פסטה זארה,IT,פסטה צינורות 500 גר,גרמים,500.00,100 גרם,false,,5.90,0.0118,false,1,56918
7290107874427,false,אוסם - מיני פריכונים זעתר 25 גרם,"פרח תעשיות מזון בע""מ.",IL,פריכונים מיני זעתר 2,גרמים,25.00,100 גרם,false,,4.20,0.1680,false,1,75508
7290107874441,false,פריכונים מיני בצל מקורמל 25 גרם אסם,"פרח תעשיות מזון בע""מ.",IL,פריכונים מיני בצל מק,גרמים,25.00,100 גרם,false,,4.20,0.1680,false,1,75425
7290107874502,false,ביסלי גריל קדמ. מארז אחיד 10 4*55 גרם,מיוצר עי קונדיטוריית,IL,מארז ביסלי גריל,גרמים,220.00,100 גרם,false,,11.90,0.0541,false,1,81926
7290107875271,false,ביסלי ברביקיו קדמ. מארז אחיד10 4*55 גרם,"אסם השקעות בע""\מ",IL,מארז ביסלי ברבקיו,גרמים,220.00,100 גרם,false,,11.90,0.0541,false,1,82054
7290107875400,false,גלידה לה קרמריה פיסטוק מוקה 1.4 ל' נסטלה,גלידות נסטלה )נגה גלידות,IL,לה קרמריה מוקה פיסטו,ליטרים,1.40,ליטר,false,,22.90,16.3571,false,1,58464
7290107875820,false,קרוטונים אפויים בתיבול ביתי אוסם 180 ג',עינת תעשיות מזון,IL,קרוטונים אפויים בתיב,גרמים,180.00,100 גרם,false,,11.90,0.0661,true,1,75392
7290107879132,false,פריכיות פיטנס מיני פריכיות שוקולד חלב 22 ג',כרמית,IL,פיטנס מיני פריכיות,גרמים,22.00,100 גרם,false,,4.90,0.2227,true,1,84546
7290107879521,false,קרחוני לה פרוטה La Frutta תות שדה - 5 יח',גלידות נסטלה )נגה גלידות,IL,מאגדת שלגונים לה פרו,גרמים,350.00,100 גרם,false,,23.90,0.0683,true,1,80319
7290107930321,false,קונפיטורת יד מרדכי דובדובן 340 גרם,"בית אל מזון בע""מ",IL,קונפיטורה דבדבן יד מ,גרמים,340.00,100 גרם,false,,13.50,0.0397,true,1,78053
7290107931397,false,כיף כף פצפוצים במילוי שוקולד 40 גרם,שולן צ'\יקולטה גידה סאן.,TR,כיף כף פיצפצים,גרמים,40.00,100 גרם,false,,5.50,0.1375,true,1,80802
7290107932080,false,חלב מועשר יוטבתה בבקבוק 3% 1 ליטר,מחלבת יטבתה,IL,חלב בקבוק 3% מועשר,ליטרים,1.00,ליטר,false,,7.90,7.9000,false,1,78543
7290107932134,false,חלב מועשר יוטבתה בבקבוק 1% 1 ליטר,מחלבת יטבתה,IL,חלב בקבוק 1% מועשר,ליטרים,1.00,ליטר,false,,7.90,7.9000,false,1,78545
7290107933155,false,לקט סלנובה שטראוס 200 גרם,שטראוס בריאות ירקות טריי,IL,לקט סלנובה 200 גר,גרמים,200.00,100 גרם,false,,13.50,0.0675,true,1,79579
7290107933193,false,שטראוס סלק מבושל בוו,לס לגוסודה סנצונוניו,IL,סלק מבושל 500 גר שטר,גרמים,500.00,100 גרם,false,,7.90,0.0158,true,1,79192
7290107934473,false,שמינייה יוגורט לבן אקטיביה 1.5% דנונה 150 גרם,"שטראוס גרופ בע""\מ",IL,אקטיביה שמיניה 1.5%,גרמים,1200.00,100 גרם,false,,20.90,0.0174,false,1,78152
7290107936309,false,דנונה יוגורט 7% יווני לבן 130 ג',"שטראוס בריאות בע""מ",IL,דנונה יווני לבן 7%,גרמים,130.00,100 גרם,false,,3.50,0.0269,true,1,83975
7290107936958,false,עד חצות ביסקוויט אצבעות שוקולד 125 גרם,ביסקוויטס טור ד'\אלבון,FR,עד חצות אצבעות,גרמים,125.00,100 גרם,false,,11.50,0.0920,true,1,89177
7290107936965,false,עיגולים עד חצות עם שוקולד חלב 225 גר,ביסקווטרי עוגיות סנט,FR,עד חצות עיגולים,גרמים,225.00,100 גרם,false,,13.90,0.0618,true,1,89178
7290107937542,false,משקה יוגורט אקטיביה עם תות 1.2% שומן,מיוצר עי קונדיטוריית,IL,משקה אקטיביה תות,גרמים,265.00,100 גרם,false,,5.20,0.0196,true,1,81720
7290107937627,false,מסטיק מאסט Must קוביות ללא סוכר בטעם מנטה עדינה,אסקום קונפקשיין,DE,מסטיק מאסט קוביות ספ,גרמים,58.00,100 גרם,false,,9.90,0.1707,true,1,83960
7290107937634,false,צנצנית מסטיק מאסט קוביות פפירמינט 58 ג' עלית,אסקום קונפקשיין,DE,מסטיק מאסט קוביות צנ,גרמים,58.00,100 גרם,false,,9.90,0.1707,true,1,83961
7290107937641,false,צנצנת מסטיק בזוקה קוביות ללא סוכר,אסקום קונפקשיין,DE,צנצנת בזוקה קוביות,גרמים,58.00,100 גרם,false,,9.90,0.1707,true,1,83962
7290107937856,false,קפסולות 11חזק למכונות נספרסו עלית 10יח',הנסיך- מפעל לייצור ט,IL,קפסולות קפה למכונות,גרמים,50.00,100 גרם,false,,16.90,0.3380,false,1,83589
7290107938396,false,שמיניית אקטימל תות דיסני בנים 108 גרם,מיוצר עי קונדיטוריית,IL,אקטימל תות שמיניה,גרמים,864.00,100 גרם,false,,21.10,0.0244,true,1,82476
7290107939027,false,גזר דק דק שטראוס 250 גרם,שטראוס בריאות ירקות טריי,IL,גזר חתוך דק דק 250 ג,גרמים,250.00,100 גרם,false,,7.40,0.0296,true,1,84074
7290107940030,false,חומוס אחלה 650 גרם,שטראוס גרופ,IL,חומוס אחלה 650 גר,גרמים,650.00,100 גרם,false,,9.90,0.0152,false,1,91671
7290107940467,false,אקטיביה יוגורט 1.5% שומן 200 ג' דנונה,מיוצר עי קונדיטוריית,IL,אקטיביה 200 גר 1.5%,גרמים,200.00,100 גרם,false,,3.90,0.0195,false,1,82485
7290107941259,false,"עדשים ירוקות מבושלות 475 גרם ""טעם הטבע",הורקסה לס לגונס דה ס,ES,עדשים ירוקות מבושלות,גרמים,475.00,100 גרם,false,,11.90,0.0251,true,1,84761
7290107941266,false,שעועית אדומה מבושלת שטראוס 475 גרם,הורקסה לס לגונס דה ס,ES,שעועית אדומה מבושלת,גרמים,475.00,100 גרם,false,,13.90,0.0293,true,1,84762
7290107941273,false,חומוס מבושל שטראוס 475 גרם,הורקסה לס לגונס דה ס,ES,חומוס מבושל -שטראוס,גרמים,475.00,100 גרם,false,,11.90,0.0251,true,1,84763
7290107943192,false,"שמנת חמוצה מהערבה 27% שומן 200 מ""ל יטבתה",מחלבת יטבתה,IL,שמנת חמוצה מהערבה 27,גרמים,390.00,100 גרם,false,,4.20,0.0108,false,1,89176
7290107943369,false,קוואקר שיבולת שועל ללא גלוטן 511 גרם,היידי שוקולד בירונטי,US,קוואקר שיבולת שועל ל,גרמים,511.00,100 גרם,false,,17.90,0.0350,true,1,88546
7290107944243,false,אפיפיות בטעם שוקולד 200 גרם כשר לפסח,"שטראוס גרופ בע""\מ",IL,אפיפית עלית 200 גר,גרמים,200.00,100 גרם,false,,7.90,0.0395,true,1,88415
7290107944472,false,סימפוניה גבינה במרקם שמנת 5% שום שמיר,"שטראוס בריאות בע""\מ",IL,סימפוניה שום שמיר 5%,גרמים,200.00,100 גרם,false,,11.20,0.0560,true,1,84461
7290107945165,false,קונפיטורת משמש יד מרדכי 340 גרם,אף.סי תבליני בגליל ב,IL,קונפיטורה משמש יד מר,גרמים,340.00,100 גרם,false,,13.50,0.0397,true,1,85693
7290107950190,false,מעדן חלב דל קלוריות בטעם שוקולד מריר 0.5% שומן,מיוצר עי קונדיטוריית,IL,מעדן שטראוס דיאט שוק,גרמים,130.00,100 גרם,false,,3.40,0.0262,true,1,83998
7290107950206,false,מעדן חלב דל קלוריות בטעם שוקולד 0% שומן,מיוצר עי קונדיטוריית,IL,מעדן שטראוס דיאט שוק,גרמים,130.00,100 גרם,false,,3.40,0.0262,true,1,83999
7290107951104,false,בפלות ופלים ארוכים בטעם שוקולד,"שטראוס גרופ בע""\מ",IL,בפלות שוקולד 200 גר,גרמים,200.00,100 גרם,false,,4.60,0.0230,true,1,84435
7290107951111,false,בפלות ופלים ארוכים בטעם לימון,"א.ג. גילרו בע""\מ",IL,בפלות לימון 200 גר,גרמים,200.00,100 גרם,false,,4.60,0.0230,true,1,84436
7290107951715,false,צנצנת מסטיק מאסט קוביות בטעם ענבים 58 ג' עלית,אסקום קונפקשיין,IL,צנצנת מסטיק מאסט קוב,גרמים,58.00,100 גרם,false,,9.90,0.1707,true,1,85654
7290107953559,false,"מארז קפה טורקי עלית לדרך כשל""פ 168 גרם",הנסיך- מפעל לייצור ט,IL,מארז קפה טורקי לדרך,גרמים,168.00,100 גרם,false,,19.90,0.1185,false,1,85113
7290107954709,false,"קונפיטורת פירות יער ""יד מרדכי"" 340 גר'","ב.א. מזון בע""\מ",IL,קונפיטורה פירות יער,גרמים,340.00,100 גרם,false,,13.50,0.0397,true,1,87301
7290107954976,false,"משקה יטבתה חלבון פרו קפה 350מ""ל",מחלבת יטבתה,DE,משקה יטבתה פרו קפה 3,מיליליטרים,350.00,"100 מ""ל",false,,6.40,0.0183,true,1,87675
7290107956543,false,דבש טהור מפרחי בר 900 ג' יד מרדכי,STRAUSS-ISRAEL,IL,דבש יד מרדכי 900 גר,גרמים,900.00,100 גרם,false,,39.90,0.0443,false,1,92152
7290107956642,false,"תרסיס שמן זית 150 מ""ל יד מרדכי כשלפ",פארייפאבה אגרואינדוס,ES,"תרסיס שמן זית 150 מ""",מיליליטרים,150.00,"100 מ""ל",false,,17.90,0.1193,true,1,90888
7290107956895,false,קפסולות 07 אספרסו בטעם קרמל עלית 10יח',שטראוס קפה בי.וי.,IL,קפסולות אספרסו בטעם,גרמים,50.00,100 גרם,false,,16.90,0.3380,true,1,91181
7290107956901,false,קפסולות בטעם אגוזים למכונת נספרסו עלית 10 יחידות,שטראוס קפה בי.וי.,IL,קפסולות אספרסו בטעם,גרמים,150.00,100 גרם,false,,16.90,0.1127,true,1,89437
7290107956925,false,קפסולות 13 אוגנדה למכונת נספרסו עלית 10יח',שטראוס קפה בי.וי.,IL,קפסולות קפה אוגנדה 1,גרמים,50.00,100 גרם,false,,16.90,0.3380,false,1,93568
7290107956932,false,קפסולות אספרסו אידונזיה למכונות 50 גר,שטראוס קפה בי.וי.,IL,קפסולות קפה עלית אינ,גרמים,100.00,100 גרם,false,,16.90,0.1690,false,1,89040
7290107957069,false,"מסטיק ע""למה ""בטעם אוכניות 66 גרם צנצנת ""עלית""","שטראוס גרופ בע""\מ",IL,צנצנת מסטיק עלמה אוכ,גרמים,66.00,100 גרם,false,,9.90,0.1500,true,1,89035
7290107957076,false,"מסטיק ""עלמה"" בטעם ספירמנט 66 גרם צנצנת ""עלית""","שטראוס גרופ בע""\מ",IL,צנצנת מסטיק עלמה בטע,גרמים,66.00,100 גרם,false,,9.90,0.1500,true,1,89036
7290107957113,false,גבינת סימפוניה 5% עם זיתים פיקנטים 200 גרם,"שטראוס בריאות בע""\מ",IL,סימפוניה זיתים פיקנט,גרמים,200.00,100 גרם,false,,11.20,0.0560,false,1,93571
7290107957229,false,שוקולד צ'יפס מריר מעולה לאפיה עלית 250 ג',"פוליבה בע""מ",IL,נטיפי שוקולד צ'יפס מ,גרמים,250.00,100 גרם,false,,12.50,0.0500,true,1,91120
7290107957991,false,מילקי CAKE מיניס קרם חלב בציפוי שוקולד חלב שקית 16X9ג',בובארד איטליה אס.פי.איי,IT,מילקי קייק מיניס,גרמים,144.00,100 גרם,false,,14.90,0.1035,true,1,92836
7290107958035,false,יוגורט במתיקות מעודנת 2% ללא תוספת סוכר- מארז 8 יח,"שטראוס בריאות בע""\מ",IL,מארז דנונה מתיקות מע,גרמים,960.00,100 גרם,false,,19.50,0.0203,true,1,89368
7290107958639,false,"מטבוחה מרוקאית חריפה 400 גרם ""אחלה""",מיוצר עי קונדיטוריית,IL,מטבוחה מרוקאית חריפה,גרמים,400.00,100 גרם,false,,15.90,0.0398,true,1,89416
7290107971751,false,מי פה קולגייט טוטל ללא אלכוהול פפרמינט,יבואן ומשווק: ש. שסט,PL,קולגייט מי פה טוטל כ,מיליליטרים,500.00,"100 מ""ל",false,,29.90,0.0598,true,1,81162
7290107973014,false,"סבון ידיים משאבה פלמוליב חלב ודבש 300 מ""ל",הנסיך- מפעל לייצור ט,TR,פלמוליב סבון ידיים ח,מיליליטרים,300.00,"100 מ""ל",false,,10.90,0.0363,true,1,82388
7290107973038,false,"סבון ידיים משאבה פלמוליב אקווריום 300 מ""ל",הנסיך- מפעל לייצור ט,IT,פלמוליב סבון ידיים א,מיליליטרים,300.00,"100 מ""ל",false,,10.90,0.0363,true,1,82390
7290107973311,false,קולגייט מברשת שיניים 360 פחם זהב זוג,הנסיך- מפעל לייצור ט,CN,זוג מברשות קולגייט 3,יחידה,0.00,יחידה,false,,24.90,0.0000,true,1,81163
7290107973861,false,מאסטר שף עגבניות קצוצות דק שלישיה 400ג*3 כשלפ,קונסרזיו קאסאלאסקו ד,IT,עגבניות קצוצות שלישי,גרמים,1200.00,100 גרם,false,,15.90,0.0133,true,1,83046
7290107974066,false,"עלי טורטיה קמח מלא 20ס""מ 8יח' מאסטר שף 320ג'",אלקאטי קורביישיסי גי,ES,עלי טורטיה קמח מלא 2,גרמים,320.00,100 גרם,false,,9.90,0.0309,true,1,82050
7290107974073,false,מנה עלי טורטיה קמח לבן מ.שף 20 סמ 320 גר,אלקאטי קורביישיסי גי,ES,עלי טורטיה קמח לבן 2,גרמים,320.00,100 גרם,false,,9.90,0.0309,true,1,82051
7290107974080,false,מנה עלי טורטיה קמח לבן מ.שף 25 סמ 840 גר,הדקלאים אגודת שיתופי,DE,עלי טורטיה קמח לבן 2,גרמים,840.00,100 גרם,false,,16.90,0.0201,true,1,82052
7290107974301,false,ליידי ספיד סטיק - דאודורנט ג'ל לאישה אלוורה 45 גרם,ליידי ספיד סטיק Lady Speed Stick,US,ליידי ספיד סטיק אלוו,יחידה,0.00,יחידה,false,,19.90,0.0000,true,1,86957
7290107974806,false,"מאסטר שף - אורז בסמטי 1 ק""ג",דווה סינג שיהם סינג,IN,אורז בסמטי מנה 1 קג,קילוגרמים,1.00,"100 ק""ג",false,,11.90,11.9000,true,1,85542
7290107974813,false,"אורז יסמין 1 ק""ג מאסטר שף",טאומי אינטרפרייד,TH,אורז יסמין 1 קג מנה,קילוגרמים,1.00,"ק""ג",false,,10.90,10.9000,true,1,84994
7290107974820,false,ממרח בטעם ספייסי מיונז מאסטר שף 250 גרם,רמיה סי.וי.הולנד,NL,ממרח מתובל ספייסי,גרמים,250.00,100 גרם,false,,7.90,0.0316,true,1,84280
7290107974837,false,מנה מאסטר שף ממרח מתובל שום 246 גר,רמיה סי.וי.הולנד,NL,ממרח מתובל שום מנה,גרמים,250.00,100 גרם,false,,7.90,0.0316,true,1,84281
7290107975285,false,דאו לנערות תות מתוק ליידי ספיד סטיק 65 ג,ליידי ספיד סטיק Lady Speed Stick,US,לידי ספיד סטיק נערות,יחידה,0.00,יחידה,false,,19.90,0.0000,true,1,88206
7290107975292,false,ליידי ספיד סטיק - דאודורנט סטיק נערות ורוד 65 גרם,ליידי ספיד סטיק Lady Speed Stick,US,ליידי ספיד סטיק נערו,יחידה,0.00,יחידה,false,,19.90,0.0000,true,1,88207
7290107975346,false,ספיד סטיק - דאודורנט ג'ל לגבר כוח הטבע 85 גרם,קולגייט-פלמוליב,US,ספיד סטיק ג'ל כח הטב,יחידה,0.00,יחידה,false,,19.90,0.0000,true,1,87354
7290107975544,false,"קולגייט משחת שיניים סמיילס ברבי לגילאי 6 50מ""ל",קולגייט- פלמוליב,PL,קולגייט סמיילס ברבי,מיליליטרים,50.00,"100 מ""ל",false,,10.90,0.2180,true,1,86690
7290107976589,false,"שטיפת פה קולגייט אופטיק וייט 250 מ""ל",שסטוביץ,PL,קולגייט מי פה אופטיק,מיליליטרים,250.00,"100 מ""ל",false,,13.90,0.0556,true,1,141521
7290107976848,false,פלמוליב סבון מוצק קמומיל רביעייה 360 ג,קולגייט-פלמוליב,TR,פלמוליב סבון מוצק קמ,גרמים,360.00,100 גרם,false,,17.00,0.0472,true,1,91285
7290107976916,false,"סבון ידיים משאבה פלמוליב זיתים 300 מ""ל",פלמוליב Palmolive,IT,פלמוליב סבון ידיים ח,מיליליטרים,30.00,"100 מ""ל",false,,10.90,0.3633,true,1,87838
7290107977456,false,"פלמוליב - ג'ל רחצה ושמפו ספורט לגבר 750 מ""ל",קולגייט פלמוליב,TR,פלמוליב לגבר ג'ל רחצ,מיליליטרים,750.00,"100 מ""ל",false,,19.90,0.0265,true,1,98713
7290107977753,false,"משחת שיניים פרודונט אקספרס 75 מ""ל ""מרידול""",קולגייט פלמוליב,PL,מרידול משחת שיניים פ,מיליליטרים,75.00,"100 מ""ל",false,,24.90,0.3320,true,1,89207
7290107978101,false,מש.שיניים קולגייט א.וויט אקסטרה פאוור 75,קולגייט-פלמוליב,PL,קולגייט אופטיק וייט,מיליליטרים,75.00,"100 מ""ל",false,,25.90,0.3453,true,1,91284
7290107978323,false,איטריות דקיקות מאסטר שף 400 גרם,הדקלאים אגודת שיתופי,PL,איטריות דקיקות מאסטר,גרמים,400.00,100 גרם,false,,5.90,0.0148,true,1,87593
7290107978330,false,מאסטר שף איטריות דקות 400 גרם,הדקלאים אגודת שיתופי,PL,איטריות דקות מאסטר ש,גרמים,400.00,100 גרם,false,,5.90,0.0148,true,1,87594
7290107978347,false,איטריות בינוניות מאסטר שף 400 גרם,הדקלאים אגודת שיתופי,PL,איטריות בינוניות מאס,גרמים,400.00,100 גרם,false,,5.90,0.0148,true,1,87595
7290107979184,false,"תבניות אלומיניום פלוס נייר אפייה 32/26 ס""מ L",HAI PLASTIC,CN,קוקי תבנית אלומיניום,יחידה,0.00,יחידה,false,,9.90,0.0000,true,1,88024
7290107979191,false,"תבנית אלומיניום עם נייר אפייה ענק 2 ""קוקי""",HAI PLASTIC,CN,תבנית אלומיניום קוקי,יחידה,0.00,יחידה,false,,9.90,0.0000,true,1,88061
7290108070309,false,שמחה שקית בלונים פסטל מעורב צבעים 100 יח,,IL,שקית 100 בלונים,יחידה,0.00,יחידה,false,,20.00,0.0000,true,1,81061
7290108070316,false,שקית 50בלונים פסטל מעורב,,IL,בלונים איכותיים 50'ח,יחידה,0.00,יחידה,false,,10.90,0.0000,true,1,82582
7290108074888,false,נרות ג'מבו,,,נרות ג'מבו,יחידה,0.00,יחידה,false,,6.40,0.0000,true,1,81152
7290108074895,false,נרות ג'מבו כוכבים פר,,,נרות ג'מבו כוכבים פר,יחידה,0.00,יחידה,false,,6.40,0.0000,true,1,82024
7290108079357,false,מארז בלונים על מקל לניפוח עצמי HAPPY BIRTHDAY - כסף,,CN,מארז בלונים על מקל ל,יחידה,0.00,יחידה,false,,20.00,0.0000,true,1,88914
7290108201437,false,"אבקת כביסה קולון 101 2.5 ק""ג",רקיט בנקיזר,IL,אבקת כביסה קולון 2.5,קילוגרמים,2.50,"ק""ג",false,,19.90,7.9600,true,1,86251
7290108201802,false,"ספריי דטול לחיטוי בניחוח כביסה 400 מ""ל",רקיט בנקיזר,US,דטול ספריי חיטוי בני,יחידה,0.00,יחידה,false,,17.90,0.0000,true,1,93445
7290108201819,false,וולייט ג'ל כביסה גול,,,וולייט ג'ל כביסה גול,ליטרים,1.50,ליטר,false,,14.90,9.9333,true,1,89284
7290108350142,false,"שקיות רב שימושיות גדולות 25*35 ס""מ סנו סושי 270 יחידות",אשפלסט תעשיות,IL,סנו סושי שקיות רב שי,יחידה,0.00,יחידה,false,,13.90,0.0000,true,1,59386
7290108350203,false,"סנו סושי כריות קרצוף+ספוג מקציף 6 יחידות 12X9 ס""מ",סנו סושי,US,סקוטש+ספוג EXTRA,יחידה,0.00,יחידה,false,,10.00,0.0000,true,1,82103
7290108350210,false,סנו סושי 30 שקיות אשפה XL חזקות במיוחד,מיוצר עי קונדיטוריית,IL,שקיות XL חזקות 30 יח,יחידה,0.00,יחידה,false,,24.90,0.0000,true,1,78436
7290108350524,false,טבליות בניחוח לבנדר לבישום ורענון ארונות בגדים,"סנו מפעלי ברונוס בע""",IL,ארון פרש בניחוח לבנד,יחידה,0.00,יחידה,false,,22.90,0.0000,true,1,83614
7290108350531,false,סנו ספארק נוזל כלים בניחוח קלאסי עם משאבה 1 ל',מיוצר עי קונדיטוריית,IL,נוזל לכלים ספארק משא,ליטרים,1.00,ליטר,false,,11.90,11.9000,true,1,76852
7290108350548,false,סנו ספארק נוזל כלים בניחוח לבנדר עם משאבה 1 ל',מיוצר עי קונדיטוריית,IL,נוזל כלים ספארק משאב,ליטרים,1.00,ליטר,false,,11.90,11.9000,true,1,76853
7290108350555,false,נוזל כלים סנו ספארק Spark היפואלרגני פריחת השקד,סנו ספארק,IL,נוזל כלים ספארק משאב,ליטרים,1.00,ליטר,false,,11.90,11.9000,true,1,76854
7290108350616,false,סנו - מקסימה מרכך כביסה מרוכז פריחה כחולה 1 ליטר,"סנו מפעלי ברונוס בע""\מ",IL,מרכך מרוכז מקסימה 1,ליטרים,1.00,ליטר,false,,16.90,16.9000,true,1,82278
7290108350623,false,מרכך כביסה סופר מרוכז סופט סילק מקסימה 1 ל' סנו,"סנו מפעלי ברונוס בע""\מ",IL,מרכך מרוכז מקסימה 1,ליטרים,1.00,ליטר,false,,16.90,16.9000,true,1,82279
7290108351149,false,ג'ל ניקוי כללי בתוספת אבקת סודה ריח כביסה סנו ג'ט 1.5 ליטר,"סנו מפעלי ברונוס בע""\מ",IL,סנו ג'ל לניקוי כללי,ליטרים,1.50,ליטר,false,,13.90,9.2667,true,1,84992
7290108351156,false,ג'ל ניקוי כללי בתוספת חומץ בריח לבנדר סנו ג'ט 1.5 ליטר,"סנו מפעלי ברונוס בע""\מ",IL,סנו ג'ל לניקוי כללי,ליטרים,1.50,ליטר,false,,13.90,9.2667,true,1,84993
7290108351507,false,מרכך כביסה אינספרישיין סנו מקסימה 4 ליטר,סנו מקסימה,IL,מרכך כביסה אינספרישי,ליטרים,4.00,ליטר,false,,21.90,5.4750,false,1,84705
7290108351514,false,מרכך כביסה בלו בלוסום סנו מקסימה 4 ליטר,סנו מקסימה,IL,מרכך כביסה פריחה כחו,ליטרים,4.00,ליטר,false,,21.90,5.4750,false,1,84706
7290108351538,false,סנופרש הום מבשם לבית בניחוח מרכך כביסה ב,סנו מפעלי ברונוס בעמn,IL,סנו פרש הום מבשם יבש,מיליליטרים,200.00,"100 מ""ל",false,,11.90,0.0595,true,1,91949
7290108351552,false,"סנו - ג'ט לניקוי כללי בתוספת חומץ בניחוח לבנדר 750 מ""ל","סנו מפעלי ברונוס בע""\מ",IL,סנו ג'ט פלוס לניקוי,מיליליטרים,750.00,"100 מ""ל",false,,12.90,0.0172,true,1,89754
7290108351569,false,מבשם ומרכך למייבש כביסה Baby לתינוקות ולעור רגיש,"סנו מפעלי ברונוס בע""\מ",IL,מקסימה למייבש בייבי,מיליליטרים,750.00,"100 מ""ל",false,,19.90,0.0265,true,1,87513
7290108351583,false,"סנו - ג'ט פלוס חומץ ג'ל לניקוי אסלות לבנדר 750 מ""ל",טרופיקל דגיל תעשיות,IL,סנו ג'ט לניקוי אסלות,מיליליטרים,750.00,"100 מ""ל",false,,11.90,0.0159,true,1,91862
7290108351613,false,סנו ריצפז פרש הום 2 ליטר בניחוח מלון חלומי,"סנו מפעלי ברונוס בע""\מ",IL,ריצפז פרש הום מלון 2,ליטרים,2.00,ליטר,false,,21.90,10.9500,false,1,86899
7290108351699,false,סנו - ג'ט מטליות לחות לניקוי כללי בתוספת חומץ לבנדר שלישיה,סנו מפעלי ברונוס על,IL,מגבונים ג'ט+חומץ מאר,יחידה,0.00,יחידה,false,,19.90,0.0000,true,1,92850
7290108351705,false,פניני בישום 275 גרם מקסימה,inc prodacts smart value,IL,פניני בישום לכביסה F,גרמים,275.00,100 גרם,false,,29.90,0.1087,true,1,98539
7290108351712,false,פניני בישום לכביסה 275 ג' מקסימה,inc prodacts smart value,IL,פניני בישום לכביסה L,גרמים,275.00,100 גרם,false,,29.90,0.1087,true,1,98540
7290108351729,false,"נוזל לניקוי אסלות אקולוגי 750 מ""ל GREEN POWER",מיוצר עי קונדיטוריית,IL,נוזל לניקוי אסלות אק,מיליליטרים,750.00,"100 מ""ל",false,,12.90,0.0172,true,1,101217
7290108351774,false,מרסס סנו לניקוי וטיפול במוצרי עור 500 מל,סנו,IL,סנו לניקוי וטיפול במ,מיליליטרים,500.00,"100 מ""ל",false,,29.90,0.0598,true,1,94113
7290108351804,false,מרכך כביסה סופר מרוכז Gentl Breeze סנו מקסימה 1 ליטר,מיוצר עי קונדיטוריית,IL,מרכך כביסה מקסימה סו,ליטרים,1.00,ליטר,false,,16.90,16.9000,false,1,97765
7290108351811,false,מרכך כביסה סופר מרוכז Floral touch סנו מקסימה 1 ליטר,מיוצר עי קונדיטוריית,IL,מרכך כביסה מקסימה סו,ליטרים,1.00,ליטר,false,,16.90,16.9000,false,1,97766
7290108351835,false,מרכך כביסה Pure Sensation סנו מקסימה 4 ליטר,מיוצר עי קונדיטוריית,IL,מרכך כביסה סנו מקסימ,ליטרים,4.00,ליטר,false,,21.90,5.4750,false,1,99003
7290108351866,false,"סנו מקסימה בושם מרוכז לכביסה FOREVER בורדו 600 מ""ל",סנו מקסימה,IL,מקסימה בושם מרוכז לכ,מיליליטרים,600.00,"100 מ""ל",false,,21.90,0.0365,true,1,94510
7290108351927,false,סנו ספארק טבליות למדיח 70 יחידות,גרופה אינקו,PL,טבליות למדיח ספארק 7,יחידה,0.00,יחידה,false,,39.90,0.0000,true,1,94925
7290108351958,false,סנובון סבון אסלה מוצק RINGS בניחוח אוקיינוס שלישיה,סנו מפעלי ברונוס בעמ,PL,סבון אסלה מוצק RINGS,יחידה,0.00,יחידה,false,,14.90,0.0000,true,1,97375
7290108351972,false,סנופרש הום מבשם לבית בניחוח מלון בוטיק,מיוצר עי קונדיטוריית,IL,סנו פרש הום מלון בוט,מיליליטרים,200.00,"100 מ""ל",false,,11.90,0.0595,true,1,99198
7290108351996,false,"חיטוי בייבי 99.9% לחיטוי וניקוי בסביבת תינוקות 750 מ""ל","סנו מפעלי ברונוס בע""\מ",IL,מתז בייבי לחיטוי וני,מיליליטרים,750.00,"100 מ""ל",false,,14.90,0.0199,true,1,96465
7290108352092,false,משחת שיניים אורביטול פרוטקטיב סולט בטעם מנטה,טרופיקל דגיל תעשיות קוסמ,IL,אורביטול משחת שיניים,גרמים,145.00,100 גרם,false,,17.90,0.1234,true,1,102842
7290108352115,false,סנובון ווייב לאסלה בתוספת אקונומיקהה 45X3ג',סנו סנובון,IL,סנובון מוצק WAVE JAV,יחידה,0.00,יחידה,false,,12.90,0.0000,true,1,99842
7290108352139,false,ג'ל כביסה גרין פוויר אקולוגי 3 ל' סנו,סנו מפעלי ברונוס בעמ,IL,ג'ל כביסה אקולוגי סנ,ליטרים,3.00,ליטר,false,,32.90,10.9667,true,1,101216
7290108352207,false,מקסימה 40 קפסולות לכביסה בניחוח fresh burst,"גליל כימיקלים, א.ת. צפונ",IL,קפסולות לכביסה 40 יח,יחידה,0.00,יחידה,false,,31.90,0.0000,true,1,101874
7290108352214,false,סנו - מקסימה קפסולות כביסה בניחוח בריזה מרעננת 40 יח',טרופיקל דגיל תעשיות,IL,קפסולות לכביסה 40 יח,יחידה,0.00,יחידה,false,,31.90,0.0000,true,1,101875
7290108352252,false,נוזל לניקוי כלים מתאים לניקוי ירקות ופירות סנו ספארק,"סנו מפעלי ברונוס בע""\מ",IL,ספארק נוזל כלים משאב,ליטרים,1.00,ליטר,false,,11.90,11.9000,true,1,102937
7290108352269,false,סנו מטליות לחיטוי ולניקוי בדלי 400 יחידו,החברה הדרומית,IL,מטליות לחיטוי וניקוי,יחידה,0.00,יחידה,false,,29.90,0.0000,false,1,101851
7290108352399,false,ריצפז פרש הום בניחוח מרכך כביסה פלורל טאצ',"סנו מפעלי ברונוס בע""\מ",IL,ריצפז פרש הום 2 ליטר,ליטרים,2.00,ליטר,false,,21.90,10.9500,false,1,142614
7290108352450,false,ריצפז פרש הום בניחוח מרכך כביסה בלו בלוסום,סנו מפעלי ברונוס בעמ,IL,ריצפז פרש הום בניחוח,ליטרים,2.00,ליטר,false,,21.90,10.9500,false,1,104873
7290108352474,false,"סנומוד מטהר אוויר ליידי קוקו סנו 150 מ""ל","סנו מפעלי ברונוס בע""\מ",IL,סנומוד ליידי קוקו,מיליליטרים,150.00,"100 מ""ל",false,,12.90,0.0860,true,1,107123
7290108352511,false,ניקוי וחיטוי מכונת הכביסה בתוספת חומץ סנו מקסימה,"סנו מפעלי ברונוס בע""\מ",IL,מקסימה לניקוי וחיטוי,מיליליטרים,500.00,"100 מ""ל",false,,12.90,0.0258,true,1,106782
7290108352528,false,"מתז לחיטוי וניקוי חדר האמבטיה 99.9% 750 מ""ל","סנו מפעלי ברונוס בע""\מ",IL,תרסיס לחיטוי וניקוי,מיליליטרים,750.00,"100 מ""ל",false,,14.90,0.0199,true,1,107097
7290108352535,false,סנו - מקסימה דפי בישום לחים למייבש הכביסה בניחוח מרכך כביסה,טרופיגל דגיל תעשיות קוסמ,IL,מקסימה דפי בישום לחי,יחידה,0.00,יחידה,false,,12.90,0.0000,true,1,141226
7290108352566,false,מרכך כביסה בבישום עוצמתי 4 ל' סנו מקסינה,"סנו מפעלי ברונוס בע""\מ",IL,מרכך כביסה 4 ליטר סנ,ליטרים,4.00,ליטר,false,,21.90,5.4750,false,1,142613
7290108352573,false,מרכך כביסה סנו מקסימה בבישום עוצמתי 4 ליטר,"סנו מפעלי ברונוס בע""\מ",IL,מרכך כביסה סנו מקסימ,ליטרים,4.00,ליטר,false,,21.90,5.4750,false,1,144247
7290108352597,false,דלי מגבונים לניקוי כללי סנו 400 יחידות,סנו,IL,מגבונים בדלי 400 יח',יחידה,0.00,יחידה,false,,28.90,0.0000,true,1,82886
7290108352641,false,סנו סושי מטלית הפלא לניקוי כללי במארז שלישייה,סנו מפעלי ברונוס.,IL,סנו סושי מטלית הפלא,יחידה,0.00,יחידה,false,,14.90,0.0000,true,1,87386
7290108352672,false,צמד מטליות הפלא לרצפה מיקרפייבר סנו סושי,סנו מפעלי ברונוס.,CN,סנו סושי מטליות הפלא,יחידה,0.00,יחידה,false,,19.90,0.0000,true,1,87413
7290108352788,false,סנו סושי שקיות זיפר לאוכל L 20 יחידות,פיין ונטג,IL,סושי שקיות זיפר 20 י,יחידה,0.00,יחידה,false,,12.90,0.0000,true,1,95180
7290108352795,false,סנו סושי שקיות M זיפר 50 יחידות,פיין ונטג,CN,סושי שקיות זיפר 50 י,יחידה,0.00,יחידה,false,,12.90,0.0000,true,1,95181
7290108352801,false,"שקיות אשפה לפחים קטנים 45 * 56 ס""מ סנו סושי 100 יחידות","סנו מפעלי ברונוס בע""מ",IL,שקיות אשפה לפח קטן,יחידה,0.00,יחידה,false,,19.90,0.0000,true,1,91687
7290108352825,false,ספוג הפלא נירוסטה סנו סושי 3יח',ltdn s.k.a.tסנו מפעלי בר,CN,סושי ספוג הפלא לניקו,יחידה,0.00,יחידה,false,,10.00,0.0000,true,1,92405
7290108352863,false,סנו סושי שקיות צלייה 20יח' מידה L,סנו מפעלי ברונוס בעמ . ח,TR,סנו סושי 20 שקיות צל,יחידה,0.00,יחידה,false,,7.90,0.0000,true,1,93440
7290108352887,false,"זוג מפות שולחן עשויות מבד בלתי ארוג 180*120 ס""מ",מיוצר עי קונדיטוריית,CN,סנו סושי זוג מפות שו,יחידה,0.00,יחידה,false,,9.90,0.0000,true,1,93699
7290108352900,false,מגבות נייר בגליל כפול סנו סושי 12=6 גלילים,סנו מפעלי ברונוס בעמ,IL,מגבות הפלא גליל כפול,יחידה,0.00,יחידה,false,,24.90,0.0000,true,1,97145
7290108353068,false,ספוג הפלא נירוסטה עם סיבי קירצוף סנו סושי 2 יח',מיוצר עי קונדיטוריית,IL,סנו סושי כרית קרצוף,יחידה,0.00,יחידה,false,,10.00,0.0000,true,1,97797
7290108353334,false,"שמפו למניעת קשקשים עם שמן עץ התה ואסאי 700 מ""ל כיף",קוסמופארם בעמ,IL,כיף שמפו למניעת קשקש,מיליליטרים,700.00,"100 מ""ל",false,,10.90,0.0156,true,1,99191
7290108353389,false,"אורביטול - מי פה ג'וניור לגילאי 8+ 250 מ""ל",קוסמופארם בעמ,IL,אורביטול מי פה ג'וני,מיליליטרים,250.00,"100 מ""ל",false,,11.90,0.0476,true,1,143838
7290108353426,false,צמד מברשות שיניים לחניכיים ושיניים רגישות,יבואן ומשווק: ש. שסט,IL,צמד מברשות שיניים או,יחידה,0.00,יחידה,false,,19.90,0.0000,true,1,100195
7290108353495,false,אורביטול - חוט דנטאלי 50 מטר בתוספת שעווה ופלואוריד,אורביטול,IL,אורביטול חוט דנטאלי,יחידה,0.00,יחידה,false,,10.90,0.0000,true,1,144355
7290108353501,false,"שקיות אשפה ענקיות עם ידיות ענקיות 75*90 ס""מ סנו סושי 25 יחידות",טרופיקל דגיל תעשיות,TR,סנו סושי שקיות אשפה,יחידה,0.00,יחידה,false,,19.90,0.0000,true,1,100062
7290108353648,false,סנו סושי - שקיות אוכל מנייר 70 יחידות,איי טיי אריזות טורקיה,TR,שקיות אוכל מנייר 70,יחידה,0.00,יחידה,false,,10.90,0.0000,true,1,103644
7290108353655,false,"סנו סושי - 50 מפיות אירוח איכותיות גדולות ועבות 3 שכבות לבנות """,האנק טישו,PL,סנו סושי 50 מפיות אי,יחידה,0.00,יחידה,false,,14.90,0.0000,true,1,101219
7290108353679,false,סנו סושי – ניילון שקופות 10 מפות,מיוצר עי קונדיטוריית,IL,סנו סושי 10 מפות ניי,יחידה,0.00,יחידה,false,,19.90,0.0000,true,1,100975
7290108353686,false,מטלית חלומית לרצפה סנו סושי 1 יחידה,נינגבו סנבנג,CN,סנו סושי מטלית חלומי,יחידה,0.00,יחידה,false,,11.90,0.0000,true,1,104876
7290108353747,false,"תחליב רחצה אירוודה, בניחוח טונקה 600 מ""ל קרימה","קוסמופארם בע""\מ",IL,קרמה תחליב רחצה אירו,מיליליטרים,600.00,"100 מ""ל",false,,17.90,0.0298,true,1,144983
7290108353891,false,"קרמה - דאודורנט רול און לאישה קרמה מאסק 75 מ""ל","קוסמופארם בע""\מ",IL,דאודורנט רול און קרמ,מיליליטרים,75.00,"100 מ""ל",false,,14.90,0.1987,true,1,103210
7290108353907,false,"קרמה - דאודורנט רול און לאישה קרמה קלאסי 75 מ""ל","קוסמופארם בע""\מ",IL,דאודורנט רול און קרמ,מיליליטרים,75.00,"100 מ""ל",false,,14.90,0.1987,true,1,103207
7290108353969,false,"קרמה - דאודורנט ספריי לאישה קרמה מאסק 150 מ""ל",מיוצר עי : אמיליה קוסמטי,IL,דאודורנט ספריי קרמה,מיליליטרים,150.00,"100 מ""ל",false,,12.90,0.0860,true,1,108845
7290108354065,false,קרמה מן גל רחצה פילינג 700 מל לגבר,קוסמופארם בע'\'\מ,IL,קרמה מן ג'ל רחצה פלי,מיליליטרים,700.00,"100 מ""ל",false,,17.90,0.0256,true,1,143411
7290108354270,false,מרכך כביסה מרוכז בבישום עוצמתי 1 ל' סנו מקסימה,מיוצר עי קונדיטוריית,IL,מרכך מרוכז 1 ליטר CA,ליטרים,1.00,ליטר,false,,16.90,16.9000,false,1,142113
7290108354430,false,"שמפו כיף לשיקום והזנה שמן קוקוס וקרטין 700 מ""ל",קוסמופארם בעמ,IL,כיף שמפו לשיקום והזנ,מיליליטרים,700.00,"100 מ""ל",false,,10.90,0.0156,true,1,105788
7290108354447,false,"מרכך כיף לשיקום והזנה שמן קוקוס וקרטין 700 מ""ל",גוד פוד פרודקטס S.p,IL,כיף מרכך לשיקום והזנ,מיליליטרים,700.00,"100 מ""ל",false,,10.90,0.0156,true,1,105789
7290108354461,false,קרליין 10 שמפו חימר לכל סוגי השיער 700 מ,החברה הדרומית,IL,קרליין שמפו 10 חימר,מיליליטרים,700.00,"100 מ""ל",false,,12.90,0.0184,true,1,146283
7290108354478,false,קרליין 10 מרכך חימר לכל סוגי השיער 700 מ,החברה הדרומית,IL,קרליין מרכך 10 חימר,מיליליטרים,700.00,"100 מ""ל",false,,12.90,0.0184,true,1,146284
7290108354614,false,"מרכך בניחוח מי קקטוס ושמן באבאסו 750 מ""ל נקה 7","אמיליה קוסמטיקס בע""מ",IL,מרכך ביו נקה 7,מיליליטרים,750.00,"100 מ""ל",false,,11.90,0.0159,true,1,144628
7290108354751,false,"סנו - ג'ט מרסס לניקוי כללי בתוספת אבקת סודה 750 מ""ל","סנו מפעלי ברונוס בע""\מ",IL,"ג'ט חומץ+סודה 750 מ""",מיליליטרים,750.00,"100 מ""ל",false,,12.90,0.0172,true,1,94344
7290108354829,false,"קרם ידיים קרמה ורד וניל 100 מ""ל מ""ל",קוסמופארם,IL,קרם ידיים קרמה 100 מ,מיליליטרים,100.00,"100 מ""ל",false,,9.90,0.0990,true,1,103641
7290108354836,false,קרם ידיים מרוכז לידיים יבשות מאוד בבישום עדין,קוסמופארם,IL,קרם ידיים קרמה מרוכז,מיליליטרים,50.00,"100 מ""ל",false,,13.90,0.2780,true,1,103636
7290108355000,false,"שמפו מיניונים לילדים נקה 7 750 מ""ל",אמיליה קוסמטיקס,IL,שמפו נקה 7 מיניונים,מיליליטרים,750.00,"100 מ""ל",false,,11.90,0.0159,true,1,80176
7290108355017,false,"נקה 7 מרכך לילדים מיניונים 750 מ""ל",אמיליה קוסמטיקס,IL,מרכך מיוחד לילדים נק,מיליליטרים,750.00,"100 מ""ל",false,,11.90,0.0159,true,1,80177
7290108355031,false,"נקה 7 אל סבון לילדים מיניונים 750 מ""ל",קוסמופארם בע'\'\מ,IL,אל סבון מיניונים נקה,מיליליטרים,750.00,"100 מ""ל",false,,11.90,0.0159,true,1,80180
7290108355048,false,קרליין מגבונים להסרת איפור 25 יחידות*3,קרליין,IL,קרליין שלישיית מגבונ,יחידה,0.00,יחידה,false,,24.90,0.0000,true,1,85160
7290108355154,false,"שמפו שמני הזנה נקה 7 750 מ""ל","אמיליה קוסמטיקס בע""מ",IL,"נקה 7 שמפו 750 מ""ל",מיליליטרים,750.00,"100 מ""ל",false,,11.90,0.0159,true,1,92038
7290108355161,false,"מרכך שיער שמני הזנה 750 מ""ל נקה 7","אמיליה קוסמטיקס בע""מ",IL,"נקה 7 מרכך 750 מ""ל",מיליליטרים,750.00,"100 מ""ל",false,,11.90,0.0159,true,1,92039
7290108355260,false,"נקה 7-שמפו 3ב1 שמפו ג'ל רחצה וסבון פנים לגבר 750 מ""ל","אמיליה קוסמטיקס בע""מ",IL,שמפו+ג'ל רחצה+סבון פ,מיליליטרים,750.00,"100 מ""ל",false,,11.90,0.0159,true,1,93443
7290108355536,false,"קרמה - דאודורנט ספריי לאישה קרמה ורד וניל 150 מ""ל",מיוצר עי : אמיליה קוסמטי,IL,דאודורנט ספריי קרמה,מיליליטרים,150.00,"100 מ""ל",false,,12.90,0.0860,true,1,108843
7290108355697,false,"קרליין - בודי מיסט פיור לוב 250 מ""ל",החברה הדרומית,IL,קרליין בודי מיסט LOV,מיליליטרים,250.00,"100 מ""ל",false,,39.90,0.1596,true,1,101716
7290108355765,false,דאודורנט ספריי קרמה בניחוח לבנדר ואקליפטוס,מיוצר עי : אמיליה קוסמטי,IL,דאודורנט ספריי קרמה,מיליליטרים,150.00,"100 מ""ל",false,,12.90,0.0860,true,1,108847
7290108355949,false,"תחליב רחצה קרמה נרולי ומנגוליה 700 מ""ל",קוסמופארם בעמ,IL,תחליב רחצה קרמה נרול,מיליליטרים,700.00,"100 מ""ל",false,,17.90,0.0256,true,1,102944
7290108356106,false,כיף תחליב רחצה חלב שקדים 700 מל,החברה הדרומית,IL,כיף תחליב רחצה שקד 7,מיליליטרים,700.00,"100 מ""ל",false,,11.90,0.0170,true,1,94087
7290108356113,false,"כיף תחליב רחצה דבש 700 מ""ל-מרכז",קוסמופארם בעמ,IL,כיף תחליב רחצה דבש 7,מיליליטרים,700.00,"100 מ""ל",false,,11.90,0.0170,true,1,94088
7290108356168,false,"כיף - תחליב רחצה אוקיינוס 700 מ""ל",גוד פוד פרודקטס S.p,IL,כיף תחליב רחצה אוקיי,מיליליטרים,700.00,"100 מ""ל",false,,11.90,0.0170,true,1,94092
7290108356229,false,ג'ל גילוח לכל סוגי העור מועשר בפחם פעיל,טרופיקל דגיל תעשיות,TR,קרמה ג'ל גילוח,מיליליטרים,200.00,"100 מ""ל",false,,12.90,0.0645,true,1,102299
7290108356298,false,"כיף - מוס רחצה בניחוח קרם עוגיות 150 מ""ל",קוסטר אירוסול,IL,מוס רחצה בניחוח קרם,מיליליטרים,200.00,"100 מ""ל",false,,12.90,0.0645,true,1,141343
7290108356373,false,סנו מדיק עם דמויות סיליקון מיניונים לתליה על תיק,beyond & health nantong,CN,סנו ג'ל ניקוי עם דמו,גרמים,30.00,100 גרם,false,,9.90,0.3300,true,1,103477
7290108356519,false,קרליין שמפו 10למניעת קשקשים 700מל,"קוסמופארם בע""\מ",IL,קרליין שמפו לשיער רג,מיליליטרים,700.00,"100 מ""ל",false,,12.90,0.0184,true,1,142876
7290108356526,false,"קרליין - שמפו 10 לשיער יבש 700 מ""ל","קוסמופארם בע""\מ",IL,קרליין שמפו לשיער יב,מיליליטרים,700.00,"100 מ""ל",false,,12.90,0.0184,true,1,142877
7290108356533,false,קרוליין 10 שמפו לשיער מתולתל 700 מל,"קוסמופארם בע""\מ",IL,קרליין שמפו לשיער מת,מיליליטרים,700.00,"100 מ""ל",false,,12.90,0.0184,true,1,142878
7290108356540,false,קרוליין 10 שמפו לשיער צבוע 700 מל,"קוסמופארם בע""\מ",IL,קרליין שמפו לשיער צב,מיליליטרים,700.00,"100 מ""ל",false,,12.90,0.0184,true,1,142879
7290108356557,false,"שמפו 10 לשיער למניעת קשקשים 700 מ""ל קרליין","קוסמופארם בע""\מ",IL,קרליין שמפו למניעת ק,מיליליטרים,700.00,"100 מ""ל",false,,12.90,0.0184,true,1,142880
7290108356564,false,"קרליין - מרכך 10 לשיער רגיל 700 מ""ל","קוסמופארם בע""\מn\",IL,קרליין מרכך לשיער רג,מיליליטרים,700.00,"100 מ""ל",false,,12.90,0.0184,true,1,142881
7290108356571,false,"קרליין - מרכך 10 לשיער יבש 700 מ""ל","קוסמופארם בע""\מ",IL,קרליין מרכך לשיער יב,מיליליטרים,700.00,"100 מ""ל",false,,12.90,0.0184,true,1,142882
7290108356588,false,קרוליין 10 מרכך לשיער מתולתל 700 מל,"קוסמופארם בע""\מ",IL,קרליין מרכך לשיער מת,מיליליטרים,700.00,"100 מ""ל",false,,12.90,0.0184,true,1,142883
7290108356809,false,סבון בוטני ורד ומרווה לניקוי וטיפוח הידיים טבעוני 1 ל' כיף,קוסמופארם בע'\'\מ,IL,כיף סבון בוטני ורד ו,ליטרים,1.00,ליטר,false,,14.90,14.9000,true,1,145299
7290108356816,false,"סבון בוטני גרניום ופטצ'ולי לניקוי וטיפוח הידיים, טבעוני 1 ל' כיף",קוסמופארם בע'\'\מ,IL,כיף סבון בוטני גרניו,ליטרים,1.00,ליטר,false,,14.90,14.9000,true,1,145300
7290108357004,false,כיף שמפו ורד ושמן קוקוי לרכות וברק,טרופיקל דגיל תעשיות,IL,כיף שמפו ורד ושמן קו,מיליליטרים,700.00,"100 מ""ל",false,,10.90,0.0156,true,1,99843
7290108357080,false,"קרליין - נושם ביו דאודורנט ספריי 150 מ""ל Secret Garden לאישה",קוסטר אירוסול,IL,קרליין נושם BIO דאוד,מיליליטרים,150.00,"100 מ""ל",false,,12.90,0.0860,true,1,144595
7290108357189,false,"מבשם ומרכך למייבש הכביסה מקסימה פלורל 750 מ""ל סנו","סנו מפעלי ברונוס בע""\מ",IL,מקסימה למייבש פלורל,מיליליטרים,750.00,"100 מ""ל",false,,19.90,0.0265,true,1,100352
7290108357240,false,"אוקסיג'ן פאוור תוסף להסרת כתמים קשים 1.4 ק""ג",החברה הדרומית,IL,אוקסיג'ן POWER לכביס,קילוגרמים,1.40,"ק""ג",false,,29.90,21.3571,true,1,143085
7290108357264,false,"פרש אוטומטי מילוי בניחוח מרכך הכביסה אולטרה 375 מ""ל סנו",סנו מפעלי ברונוס בעמ,IL,סנו פרש אוטומטי מילו,מיליליטרים,250.00,"100 מ""ל",false,,14.90,0.0596,true,1,144522
7290108357295,false,"מרסס אוקסיג'ן מסיר כתמים סנו לכביסה לבנה 750 מ""ל","סנו מפעלי ברונוס בע""\מ",IL,סנו אוקסיג'ן POWER ל,מיליליטרים,750.00,"100 מ""ל",false,,19.90,0.0265,true,1,144990
7290108357394,false,"תחליב רחצה קרמה חלב ודבש 700 מ""ל",קוסמופארם בע'\'\מ,IL,תחליב רחצה קרמה חלב,מיליליטרים,700.00,"100 מ""ל",false,,17.90,0.0256,true,1,141247
7290108357400,false,"תחליב רחצה קרמה לבנדר ואקליפטוס 700 מ""ל",קוסמופארם בעמ,IL,תחליב רחצה קרמה לבנד,מיליליטרים,700.00,"100 מ""ל",false,,17.90,0.0256,true,1,102945
7290108357493,false,"תחליב רחצה קרמה וניל ופלפל ורוד 700 מ""ל",גוד פוד פרודקטס S.p,IL,תחליב רחצה קרמה וניל,מיליליטרים,700.00,"100 מ""ל",false,,17.90,0.0256,true,1,106605
7290108357660,false,סנובון Bubbles שלישיית כדוריות ג'ל אסלה ניחוח לבנדר,סנו סנובון,CZ,סנובון Bubbles שלישי,יחידה,0.00,יחידה,false,,14.90,0.0000,true,1,146201
7290108357707,false,"כיף שמפו לשיער רגיל- תפוח זרעי צ'יה 700 מ""ל",גוד פוד פרודקטס S.p,IL,כיף שמפו רגיל תפוח ז,מיליליטרים,700.00,"100 מ""ל",false,,10.90,0.0156,true,1,95353
7290108357721,false,"כיף שמפו לשיער דק ושביר גוג'י ברי ומורינגה 700 מ""ל",קוסמופארם,IL,כיף שמפו דק ושביר גו,מיליליטרים,700.00,"100 מ""ל",false,,10.90,0.0156,true,1,95360
7290108357769,false,"מרכך לשיער רגיל תפוח וזרעי צ'יה 700 מ""ל כיף",גוד פוד פרודקטס S.p,IL,כיף מרכך רגיל תפוח ז,מיליליטרים,700.00,"100 מ""ל",false,,10.90,0.0156,true,1,95348
7290108357844,false,כיף אל סבון 1 ליטר אצות ים שקית מילוי + פקק,"קוסמופארם בע""\מ",IL,כיף אל סבון שקית מיל,ליטרים,1.00,ליטר,false,,8.90,8.9000,true,1,144006
7290108357851,false,"כיף - ג'ל רחצה אליקסיר אוילס מועשר בשמן קוקוס 700 מ""ל","קוסמופארם בע""\מ",IL,כיף ג'ל רחצה מועשר ב,מיליליטרים,700.00,"100 מ""ל",false,,11.90,0.0170,true,1,142763
7290108357868,false,"כיף - ג'ל רחצה אליקסיר אויל מועשר בשמן מקדמיה 700 מ""ל","קוסמופארם בע""\מ",IL,כיף ג'ל רחצה מועשר ב,מיליליטרים,700.00,"100 מ""ל",false,,11.90,0.0170,true,1,142764
7290108357875,false,"כיף - שמפו לחות מוגברת עם אפרסק וחמאת מורומורו 700 מ""ל",קוסמופארם בעמ,IL,כיף שמפו לחות מוגברת,מיליליטרים,700.00,"100 מ""ל",false,,10.90,0.0156,true,1,144033
7290108357882,false,"כיף - מרכך לחות מוגברת עם אפרסק וחמאת מורומורו 700 מ""ל",קוסמופארם בעמ,IL,כיף מרכך לחות מוגברת,מיליליטרים,700.00,"100 מ""ל",false,,10.90,0.0156,true,1,144034
7290108358070,false,"תחליב רחצה קרמה קלאסי 700 מ""ל",גוד פוד פרודקטס S.p,IL,תחליב רחצה קרמה קלאס,מיליליטרים,700.00,"100 מ""ל",false,,17.90,0.0256,true,1,103640
7290108358087,false,"תחליב רחצה קרמה מאסק 700 מ""ל",גוד פוד פרודקטס S.p,IL,תחליב רחצה קרמה מאסק,מיליליטרים,700.00,"100 מ""ל",false,,17.90,0.0256,true,1,103639
7290108359084,false,סנו סושי כיסוי ניילון עם גומי 30 יחידות M,תאיזו ווילד,IL,כיסוי ניילון עם גומי,יחידה,0.00,יחידה,false,,10.90,0.0000,true,1,145866
7290108359091,false,סנו סושי כיסוי ניילון עם גומי 30 יחידות L,תאיזו ווילד,IL,כיסוי ניילון+גומי L,יחידה,0.00,יחידה,false,,10.90,0.0000,true,1,145867
7290108359114,false,סנו סושי – 10 חמגשית אלומיניום עם מכסה,סנו סושי,IL,סנו סושי חמגשית אלומ,יחידה,0.00,יחידה,false,,10.90,0.0000,true,1,143255
7290108359145,false,סנו סושי דפי ספוג הפלא12,קריות זול,CN,סנו סושי דפי ספוג הפ,יחידה,0.00,יחידה,false,,11.50,0.0000,true,1,146282
7290108359183,false,שקית אשפה חזקות 70*50 60 יח' סנו סושי,סנו סושי,IL,סנו סושי 60 שקיות אש,יחידה,0.00,יחידה,false,,24.90,0.0000,true,1,145868
7290108359190,false,סושי מגבת הפלא 4 יח' = 12 גליל ארוך פי 3,סנו סושי,IL,סנו סושי מגבות הפלא,יחידה,0.00,יחידה,false,,24.90,0.0000,false,1,146438
7290108359213,false,"נייר טואלט סנו סופט גלילים כפולים, 18 יח'",סנו סופט,IL,סנו סופט נייר טואלט,יחידה,0.00,יחידה,false,,39.90,0.0000,false,1,146499
7290108359855,false,"שמפו אל דמע בייבי כיף+משאבה 750 מ""ל",גוד פוד פרודקטס S.p,IL,בייבי כיף שמפו 750 מ,מיליליטרים,750.00,"100 מ""ל",false,,15.90,0.0212,true,1,93945
7290108359985,false,סנו - ז'אוול מרסס קצף לניקוי וחינו בניחוח פריחה לבנה 1 ליטר,סנו ז'אוול Javel,IL,ז'אוול קצף ניקוי בתו,ליטרים,1.00,ליטר,false,,18.90,18.9000,true,1,143254
7290108500677,false,כבד דג שיבוט בשמן דג וילי פוד 115 גרם,"איטיליאן פוד, אס.פי.",IS,כבד דג שיבוט מעושן,גרמים,115.00,100 גרם,false,,9.90,0.0861,true,1,85138
7290108501346,false,גבינה מגורדת גאודה 28% שומן EURO CHEESE ויליפוד 500 גרם,ג. וילי פוד אינטרנשיונל,IL,גאודה מגורדת 500 גר,גרמים,500.00,100 גרם,false,,24.90,0.0498,true,1,88891
7290108501827,false,קדאיף שערות בצק ויליפוד 450 גרם,הנסיך- מפעל לייצור ט,GR,קדאיף שערות בצק,גרמים,450.00,100 גרם,false,,19.90,0.0442,true,1,91722
7290108502251,false,קרקרים טבעי וילי פוד 250 ג',,IT,קרקרים טבעיים ויליפו,גרמים,250.00,100 גרם,false,,5.40,0.0216,true,1,95003
7290108502268,false,קרקרים במליחות מעודנת ויליפוד 250 גרם,,IT,קרקרים במליחות מעודנ,גרמים,250.00,100 גרם,false,,5.40,0.0216,true,1,95004
7290108502305,false,גבינת גרנה פדנו משולש ויליפוד 150 גרם,וילי פוד,IT,גבינת גרנה פדנו משול,גרמים,150.00,100 גרם,false,,22.90,0.1527,true,1,93246
7290108502329,false,רביעיית טונה בשמן זית ויליפוד 4*160 גרם,גולדן פרייז קאנינג אל טי,TH,טונה ויליפוד בשמן זי,גרמים,640.00,100 גרם,false,,27.90,0.0436,true,1,93284
7290108502381,false,בסיסים להכנת פיצה קוטר 26 וילי פוד 480ג',מוטלוקל גידה סאנאי ט,TR,בסיס לפיצה 4 יח,גרמים,480.00,100 גרם,false,,11.90,0.0248,true,1,94275
7290108502862,false,מלפפונים כבושים במלח 18-25 קטנים ויליפוד 600 גרם,זיתור סאן גידה סני וטיקר,TR,מלפפונים כבושים במלח,גרמים,600.00,100 גרם,false,,9.50,0.0158,true,1,94368
7290108503043,false,תפוחונים חטיף פלחים מיובשים מארז 22X4ג',הביי דונגפנג פוד קו. בעמ,CN,מארז חטיף תפוחונים,גרמים,88.00,100 גרם,false,,14.90,0.1693,true,1,94934
7290108504187,false,פרוסות גבינה בטעם צ'דר לכריכים וטוסטים 800 ג',,,פרוסות גבינה בטעם צ',גרמים,800.00,100 גרם,false,,34.90,0.0436,true,1,97434
7290108504699,false,רביעיית טונה בשמן קנולה פתח קל ויליפוד 4*160 גרם,גולדן פרייז קאנינג אל טי,TH,רביעיה נתחי טונה בשמ,גרמים,640.00,100 גרם,false,,19.90,0.0311,false,1,98919
7290108506693,false,גאודה סטייל פרוסות 400 ג,ג.וילי פוד אינטרנשיונל ב,LT,גאודה סטייל פרוסות 4,גרמים,400.00,100 גרם,false,,15.90,0.0398,true,1,101765
7290108506709,false,גבינת פרמג'יאנו רג'יאנו 150 גר' רבנות,וילי פוד,IT,גבינת פרמג'אנו רג'יא,גרמים,150.00,100 גרם,false,,17.90,0.1193,true,1,101572
7290108508499,false,"איירן משקה יוגורט בסגנון טורקי יורו 293 מ""ל",Euro יורו מחלבות אירופה,TR,איירן משקה יוגורט בס,מיליליטרים,293.00,"100 מ""ל",false,,4.90,0.0167,true,1,106379
7290108509069,false,מאפה פילו יווני מסורתי ממולא ירקות ירוקים,וילי פוד,GR,מאפה פילו ממולא ירקו,גרמים,400.00,100 גרם,false,,21.90,0.0547,true,1,107168
7290108509595,false,גבינה פטה 24% עגבניות מיובשות וריחן 153 גרם ויליפוד,,GR,גבינה מלוחה עם עגבני,גרמים,153.00,100 גרם,false,,14.90,0.0974,true,1,146205
7290108509700,false,"אורז פרסי DAAWAT מהדרין 1 ק""ג",אל.טי.פודס לימיטד,IN,אורז פרסי DAAWAT,קילוגרמים,1.00,"ק""ג",false,,9.90,9.9000,true,1,142255
7290108509755,false,EURO גבינת חלומי 23% שומן 250 גרם,סאסו פטוראגס קומטויס אף,CY,גבינת חלומי 250 גר',גרמים,250.00,100 גרם,false,,24.90,0.0996,true,1,146206
7290108890402,false,כובע סרוג לונג,אודס,,כובע לונג נשים,יחידה,0.00,יחידה,false,,29.90,0.0000,true,1,78297
7290108894509,false,ארנק פרחים,,,ארנק פרחים,יחידה,0.00,יחידה,false,,9.90,0.0000,true,1,82534
7290108896350,false,כובע שחור לגבר,IMPOFIX,,כובע שחור לגבר,יחידה,0.00,יחידה,false,,15.90,0.0000,true,1,83517
7290108896602,false,פינצטה מקצועית,,,פינצטה מקצועית,יחידה,0.00,יחידה,false,,16.90,0.0000,true,1,80861
7290108896763,false,מברשת שיער אובלי,IMPOFIX,,מברשת שיער אובלי,יחידה,0.00,יחידה,false,,16.90,0.0000,true,1,80865
7290108896947,false,מטריה מיני אוטומט,,,מטריה מיני אוטומט,יחידה,0.00,יחידה,false,,39.90,0.0000,true,1,83818
7290109207797,false,מסרק לשיער גדול,,,מסרק,יחידה,0.00,יחידה,false,,4.90,0.0000,true,1,145584
7290109351025,false,מלך החומוס חומוסטחינה 40% טחינה גולמית,סלטי צבר,IL,צבר חומוסטחינה 400 ג,גרמים,400.00,100 גרם,false,,13.90,0.0348,true,1,78969
7290109351957,false,פריכיות אורז מלא פיטנס עם שכבת שוקולד חלב,סנורייס בלגיום אן. ו,BE,פיטנס פריכיות גדולות,גרמים,100.00,100 גרם,false,,7.90,0.0790,true,1,84151
7290109351971,false,פריכיות דגנים פיטנס מצופות שוקולד חלב,פרח תעשיות,IL,פיטנס בר פריכיות שוק,גרמים,84.00,100 גרם,false,,12.90,0.1536,true,1,82537
7290109352916,false,פריכיות דגנים פיטנס מצופות שוקולד לבן,פרח תעשיות,IL,פיטנס בר פריכיות מצו,גרמים,84.00,100 גרם,false,,12.90,0.1536,true,1,82538
7290109354057,false,קרחוני לה פרוטה La Frutta בטעמי אננס תפוז- 5 יח',תות תעשיות מזון (201,IL,מאגדת שלגונים לה פרו,גרמים,350.00,100 גרם,false,,23.90,0.0683,true,1,82098
7290109354101,false,"לחמית ללא גלוטן 200 גר' ""אסם""","אסם תעשיות בע""מ",IL,לחמית ללא גלוטן 200,גרמים,200.00,100 גרם,false,,10.50,0.0525,true,1,87387
7290109354996,false,פתי בר ללא גלוטן שוקו 200 גרם אסם,מיוצר עי קונדיטוריית,IL,פתיבר ללא גלוטן בטעם,גרמים,200.00,100 גרם,false,,9.90,0.0495,true,1,83424
7290109355504,false,שלגון קראנץ וניל ליבת נוגט נסטלה 100 גרם,נטו מלינדה-בשר,IL,קראנץ וניל ליבת נוגט,יחידה,0.00,יחידה,false,,9.90,0.0000,true,1,84683
7290109358284,false,"שניצל תירס עם חלבון 664 גר' ""טבעול""",עיצובים 2020 (4.8),IL,שניצל תירס טבעול עם,גרמים,664.00,100 גרם,false,,28.90,0.0435,false,1,87410
7290109358482,false,עוגיות קרמוגית במילוי קרם בטעם חלבה,"הגביע מוצרי וופלים בע""\מ",IL,קרמוגית במילוי חלווה,גרמים,200.00,100 גרם,false,,11.50,0.0575,true,1,94611
7290109580043,false,"שניצל תירס קלאסי זוגלובק 1.75 ק""ג",זוגלובק,IL,"שניצל תירס 1.75 ק""ג",קילוגרמים,1.75,"ק""ג",false,,49.90,28.5143,true,1,104363
7290109580050,false,נקניקיות צ'וריסוס וונדרס 0% בשר טבעוני ללא גלוטן,"וונדרס ע""י זוגלובק 2000",IL,נקניקיות צ'וריסוס 22,גרמים,226.00,100 גרם,false,,29.90,0.1323,true,1,143461
7290109580067,false,"טחון וונדרס 0% בשר , טבעוני","וונדרס ע""י זוגלובק 2000",IL,טחון 340 גר' WONDERS,גרמים,340.00,100 גרם,false,,29.90,0.0879,true,1,143462
7290109580098,false,קבנוס בטעם סרירצ'ה זוגלובק 135 גרם,זוגלובק,IL,קבנוס בטעם סרירצ'ה 1,גרמים,135.00,100 גרם,false,,10.00,0.0741,true,1,143702
7290109580104,false,רוסטביף פרימיום זוגלובק 150 גרם,זוגלובק,IL,רוסטביף 150 גר' פרמי,גרמים,150.00,100 גרם,false,,25.90,0.1727,true,1,141207
7290109580111,false,צלעות אסאדו מעושנות פרימיום זוגלובק 120 גרם,זוגלובק,IL,צלעות אסאדו מעושנת פ,גרמים,120.00,100 גרם,false,,25.90,0.2158,true,1,143288
7290109580135,false,קורנדביף פרימיום 180 גרם זוגלובק,זוגלובק,IL,קורנביף 180 גר' פרימ,גרמים,180.00,100 גרם,false,,25.90,0.1439,true,1,107806
7290109580166,false,סרוולד קלאסי פרימיום זוגלובק 150 גרם,זוגלובק,IL,סרוולד קלאסי 150 גר',גרמים,150.00,100 גרם,false,,25.90,0.1727,true,1,141209
7290109580234,false,"נקניקיות מרגז חריפות וונדרס 0% בשר, טבעוני",זוגלובק וונדרס Wonders,IL,נקניקיות מרגז 226 גר,גרמים,226.00,100 גרם,false,,29.90,0.1323,true,1,143463
7290109580241,false,נאגטס מן הצומח זוגלובק 500 גרם,זוגלובק טבע,IL,נאגטס מן הצומח 500 ג,גרמים,500.00,100 גרם,false,,22.90,0.0458,true,1,144784
7290109580319,false,"בורגר וונדרס 0% בשר , טבעוני",זוגלובק וונדרס Wonders,IL,בורגר 280 גר' WONDER,גרמים,280.00,100 גרם,false,,29.90,0.1068,true,1,143464
7290109580432,false,פסטרמה חזה הודו מעושן דק דק זוגלובק 120 גרם,זוגלובק,IL,פסטרמה חזה הודו מעוש,גרמים,120.00,100 גרם,false,,13.90,0.1158,true,1,144975
7290109640785,false,מאפה פילאס טבעוני במילוי בסגנון פיצה,סנו מפעלי ברונוס.,IL,משומשו מאפה בצק פילא,גרמים,600.00,100 גרם,false,,24.90,0.0415,true,1,107602
7290109920061,false,ספריי מסיר מדבקות שומן וחומרים נדבקים,ריינבו,CN,ספריי מסיר מדבקות יע,מיליליטרים,450.00,"100 מ""ל",false,,27.90,0.0620,true,1,142913
7290109920146,false,"דורגול מסיר אבנית מקומקומים 750 מ""ל",יעקובי דורגול,CH,דורגול מסיר אבנית מק,מיליליטרים,750.00,"100 מ""ל",false,,19.90,0.0265,true,1,83500
7290109920313,false,"אסטוניש מרסס לניקוי חלונות 750 מ""ל",יעקבי- אסטוניש Astonish,GB,אסטוניש מרסס מבריק ח,מיליליטרים,750.00,"100 מ""ל",false,,11.90,0.0159,true,1,89578
7290109920597,false,"אסטוניש - מרסס לניקוי המקלחון 750 מ""ל",יעקבי- אסטוניש Astonish,GB,אסטוניש מרסס למקלחון,מיליליטרים,750.00,"100 מ""ל",false,,11.90,0.0159,true,1,89581
7290109920603,false,"אסטוניש קרם לניקוי המטבח 500 מ""ל",יעקובי אסטוניש,GB,אסטוניש קרם לניקוי ה,מיליליטרים,500.00,"100 מ""ל",false,,12.90,0.0258,true,1,91114
7290109920627,false,"אסטוניש קרם ואקונומיקה לניקוי אמבטיות 500 מ""ל",יעקובי אסטוניש,GB,אסטוניש קרם אמבט עם,מיליליטרים,500.00,"100 מ""ל",false,,11.90,0.0238,true,1,90480
7290109920665,false,"אסטוניש - מרסס מסיר אוכל שרוף במטבח 750 מ""ל",יעקבי- אסטוניש Astonish,GB,אסטוניש מרסס מסיר או,מיליליטרים,750.00,"100 מ""ל",false,,11.90,0.0159,true,1,89583
7290109920740,false,מרכך כביסה מרוכז לבנדר הפי 1 ליטר,יעקובי הפי,,הפי מרכך מרוכז לכביס,ליטרים,1.00,ליטר,false,,14.90,14.9000,true,1,90266
7290109920757,false,מרכך כביסה מרוכז ורדים הפי 1 ליטר,יעקובי הפי,,הפי מרכך מרוכז לכביס,ליטרים,1.00,ליטר,false,,14.90,14.9000,true,1,90102
7290109920825,false,צמד-דורגול אספרסו + דורגול מקציף חלב מתנה,יעקובי דורגול,CH,דורגול אספרסו,מיליליטרים,500.00,"100 מ""ל",false,,26.90,0.0538,true,1,94375
7290109921129,false,מרכך כביסה סופר מרוכז בניחות סיגליות 1 ל' יעקבי,יעקובי הפי,,הפי מרכך כביסה כחול,ליטרים,1.00,ליטר,false,,14.90,14.9000,true,1,92436
7290109921303,false,טורבול סופג לחות 2 מגשיות,יעקובי,SE,טורבול סופג לחות יעק,גרמים,200.00,100 גרם,false,,26.90,0.1345,true,1,94526
7290109921334,false,אידיאל פרוטקט יעקבי 15 דפי כביסה,יעקובי,ES,אדיאל פרוטקט מונע הע,יחידה,0.00,יחידה,false,,17.90,0.0000,true,1,95119
7290109921372,false,אסטוניש משחה לניקוי תנורים וגריל+ספוג 250 גרם,יעקובי אסטוניש,GB,משחת אסטוניש+ספוג לנ,גרמים,250.00,100 גרם,false,,17.90,0.0716,true,1,96373
7290109921389,false,נוזל מקצועי לניקוי רצפות השיפוצניק יעקבי,יעקובי,TR,השיפוצניק שטיפת רצפו,מיליליטרים,900.00,"100 מ""ל",false,,19.90,0.0221,true,1,96374
7290109921488,false,"דורגול לניקוי וחיטוי מכונת הכביסה יעקבי 500 מ""ל",יעקובי דורגול,CH,דורגול למכונת כביסה,מיליליטרים,500.00,"100 מ""ל",false,,27.90,0.0558,true,1,98079
7290109921563,false,רצפות שיש מבריק ואינו מחליק,וונדפוט,BE,יעקובי רצפות שיש 1.2,ליטרים,1.25,ליטר,false,,15.90,12.7200,true,1,98482
7290109921570,false,יעקבי רצפות לניקוי פרקט 1.25 ליטר,וונדפוט,BE,יעקובי לניקוי פרקט 1,ליטרים,1.25,ליטר,false,,15.90,12.7200,true,1,98483
7290109921723,false,"דורגול ג'ל לאסלה 750 מ""ל",יעקובי דורגול,,דורגול ג'ל לאסלה 750,מיליליטרים,750.00,"100 מ""ל",false,,17.90,0.0239,true,1,106804
7290109921853,false,אסטוניש המשחה המקורית לניקוי עם עוצמה,יעקבי- אסטוניש Astonish,GB,אסטוניש משחת פרימיום,גרמים,150.00,100 גרם,false,,17.90,0.1193,true,1,104229
7290109921952,false,ג'ל כביסה סופרו אקטיב יעקובי ירוק 2.5 ליטר,וונדפוט,IL,ג'ל כביסה מרוכז לכבי,ליטרים,2.50,ליטר,false,,28.90,11.5600,true,1,106307
7290109921969,false,ג'ל כביסה סופרו אקטיב יעקובי כחול 2.5 ליטר,וונדפוט,IL,ג'ל כביסה מרוכז לכבי,ליטרים,2.50,ליטר,false,,28.90,11.5600,true,1,106308
7290109921976,false,ג'ל כביסה סופרו אקטיב יעקובי לבן 2.5 ליטר,וונדפוט,IL,ג'ל כביסה מרוכז לתינ,ליטרים,2.50,ליטר,false,,28.90,11.5600,true,1,106309
7290109922065,false,"רסס נגב אנטיבקטריאלי 99% ניקוי משטחים 750 מ""ל",יעקובי,IL,רסס נגב אנטיבקטריאלי,מיליליטרים,750.00,"100 מ""ל",false,,6.90,0.0092,true,1,106822
7290109922881,false,"דורגול מרסס למטבח 600 מ""ל",יעקובי דורגול,CH,דורגול מרסס למטבח 60,מיליליטרים,600.00,"100 מ""ל",false,,19.90,0.0332,true,1,144005
7290109922898,false,דזיטול ספריי נגד קורונה לחיטוי משטחים,מרקה,ES,דזיטול ספריי רב תכלי,מיליליטרים,400.00,"100 מ""ל",false,,17.90,0.0447,true,1,142565
7290109922911,false,דזיטול חיטוי נעליים מפטריות חיידקים וריחות 150מל,מרקה,ES,דזיטול ספריי לחיטוי,מיליליטרים,150.00,"100 מ""ל",false,,17.90,0.1193,true,1,142568
7290109923048,false,"אסטוניש מרסס פרימיום ארומטיק לכל הבית 750 מ""ל",יעקובי אסטוניש,GB,אסטוניש מרסס פרימיום,מיליליטרים,750.00,"100 מ""ל",false,,13.90,0.0185,true,1,143385
7290109923093,false,"אסטוניש - קרם כיריים הלוגן ומיקרו 500 מ""ל",יעקובי אסטוניש,IL,אסטוניש קרם כיריים ה,מיליליטרים,500.00,"100 מ""ל",false,,13.90,0.0278,true,1,144534
7290109923147,false,אסטוניש מהדורה פרימיום פלא של אקונומיקה,יעקבי- אסטוניש Astonish,GB,אסטוניש פלא של אקונו,מיליליטרים,750.00,"100 מ""ל",false,,13.90,0.0185,true,1,144542
7290110000066,false,דבש מגובש פרחי דרדר,,,דבש מגובש פרחי דרדר,גרמים,500.00,100 גרם,false,,27.90,0.0558,true,1,100642
7290110000226,false,דבש לחיץ 250 גר',,,דבש לחיץ 250 גר',גרמים,250.00,100 גרם,false,,16.90,0.0676,true,1,100917
7290110000301,false,דבש מגובש פרחי אבוקד,,,דבש מגובש פרחי אבוקד,גרמים,500.00,100 גרם,false,,27.90,0.0558,true,1,100019
7290110000448,false,סילאן לחיץ טבעי B&D 100%,,IL,סילאן לחיץ 385 גר',גרמים,385.00,100 גרם,false,,11.90,0.0309,true,1,103324
7290110000462,false,דבש מגובש פרחי אקליפ,,,דבש מגובש פרחי אקליפ,גרמים,500.00,100 גרם,false,,27.90,0.0558,true,1,103325
7290110000646,false,דבש דבורים אורגני 50,,,דבש דבורים אורגני 50,גרמים,500.00,100 גרם,false,,32.90,0.0658,true,1,100020
7290110001780,false,ממרח בוטנים עם ספירולינה,בטר אנד דיפרנט,IL,ממרח בוטנים בתוספת ס,גרמים,350.00,100 גרם,false,,14.90,0.0426,true,1,142799
7290110001858,false,חומץ תפוחים עם אם הח,בטר אנד דיפרנט,IL,חומץ תפוחים 6%,מיליליטרים,250.00,"100 מ""ל",false,,8.50,0.0340,true,1,106912
7290110001865,false,חומץ תפוחים 6% חומציות 2,בטר אנד דיפרנט,IL,חומץ תפוחים 6%,יחידה,0.00,יחידה,false,,7.50,0.0000,true,1,107127
7290110002152,false,דבש לחיץ מפרחי בר 25,,,דבש לחיץ מפרחי בר 25,גרמים,250.00,100 גרם,false,,16.90,0.0676,true,1,143808
7290110002183,false,דבש לחיץ מפרחי בר 40,,,דבש לחיץ מפרחי בר 40,גרמים,400.00,100 גרם,false,,21.00,0.0525,true,1,143810
7290110110277,false,"סומרסבי סיידר תפוחים אלכוהולי 4*300 מ""ל","קרלסברג קרואטיה , יב",HR,סומרסבי רביעייה סייד,מיליליטרים,1320.00,"100 מ""ל",false,,35.90,0.0272,true,1,92162
7290110110369,false,"שישייה בירה קרלסברג LUMA בקבוק 330 מ""ל",מבשלות בירה בינלאומיות ב,IL,שישיה קרלסברג לומה ל,מיליליטרים,1980.00,"100 מ""ל",false,,37.90,0.0191,false,1,102638
7290110110475,false,"פריגת צלול אננס מ""ל 500 מ""ל",מבשלות בירה בינלאומיות ב,IL,פריגת צלול אננס 500,מיליליטרים,500.00,"100 מ""ל",false,,5.50,0.0110,true,1,91994
7290110110635,false,ספרייט 0.5 ליים חייב פקדון,החברה המרכזית לייצור,IL,"ספרייט ליים 500 מ""ל",מיליליטרים,500.00,"100 מ""ל",false,,6.50,0.0130,false,1,91311
7290110110659,false,"ספרייט לימון ליים פחית 330מ""ל",החברה המרכזית לייצור משק,IL,ספרייט ליים פחית 330,מיליליטרים,330.00,"100 מ""ל",false,,5.50,0.0167,true,1,91312
7290110110703,false,מארז ספרייט שישייה פחיות FRIDGE PACK,החברה המרכזית לייצור משק,IL,מארז ספרייט ליים פחי,ליטרים,1.98,ליטר,false,,23.00,11.6162,false,1,91309
7290110111557,false,"משקה ספורט איזוטוני בטעם פירות 500 מ""ל פאוורייד",Caslino al Piano pla,IT,משקה ספורט איזוטוני,מיליליטרים,500.00,"100 מ""ל",false,,9.50,0.0190,true,1,94393
7290110111564,false,"משקה ספורט איזוטוני בטעם הדרים ליין 500 מ""ל פאוורייד",פאווראייד POWERADE,IT,משקה ספורט איזוטוני,מיליליטרים,500.00,"100 מ""ל",false,,9.50,0.0190,true,1,94394
7290110111809,false,"מארז פחיות פאנטה אורנג' שישייה 330 מ""ל",החברה המרכזית לייצור משק,IL,מארז פאנטה פחיות שיש,ליטרים,1980.00,100 ליטר,false,,23.00,0.0116,false,1,96236
7290110113261,false,נקטר חמוציות 19 קלוריות SPRAY OCEAN פריגת 1 ליטר,קריות זול,IL,חמוציות אושן ספריי 1,ליטרים,1.00,ליטר,false,,12.90,12.9000,false,1,109005
7290110114770,false,פריגת ענבים 40% פחות סוכר 0.5 ליטר חייב,פריגת,,פריגת ענבים 40% פחות,מיליליטרים,500.00,"100 מ""ל",false,,5.50,0.0110,false,1,141439
7290110114787,false,נביעות+ מים מינרליים בטעם תפוח 1.5 ליטר,נביעות טבע הגליל בעמ,IL,נביעות + תפוח 1.5 לי,ליטרים,1.50,ליטר,false,,8.90,5.9333,false,1,141654
7290110114794,false,נביעות+ מים מינרליים בטעם אפרסק 1.5 ליטר,"נביעות טבע הגליל בע""\מ ,",IL,נביעות + אפרסק 1.5 ל,ליטרים,1.50,ליטר,false,,8.90,5.9333,false,1,141655
7290110114800,false,נביעות+ מים מינרליים בטעם ענבים 1.5 ליטר,"נביעות טבע הגליל בע""\מ",IL,נביעות + ענבים 1.5 ל,ליטרים,1.50,ליטר,false,,8.90,5.9333,false,1,141656
7290110114824,false,נביעות+רכיבי פרי אבטיח 1.5 ליטר פיקדון,"נביעות טבע הגליל בע""\מ",IL,נביעות+ רכיבי פרי אב,ליטרים,1.50,ליטר,false,,9.50,6.3333,false,1,141658
7290110114855,false,"נביעות מים מינרליים, שישיה 6 * 1.5 ליטר פקדון",נביעות טבע הגליל בעמ,IL,שישיה נביעות 1.5 ליט,ליטרים,9.00,ליטר,false,,12.90,1.4333,false,1,141661
7290110114886,false,פריגת סחוט טרי קלמנטינה 2 ליטר,פריגת מצוננים,IL,סחוט קלמנטינה 2 ליטר,ליטרים,2.00,ליטר,false,,29.90,14.9500,false,1,142361
7290110114893,false,פריגת סחוט טרי תפוז 2 ליטר,פריגת מצוננים,IL,סחוט תפוז 2 ליטר פרי,ליטרים,2.00,ליטר,false,,29.90,14.9500,false,1,142362
7290110114909,false,"100% מיץ תפוחים צלול עשוי מרכז, 2 ליטר",היינץ צפון אמריקה מק,IL,סחוט תפוח צלול 2 ליט,ליטרים,2.00,ליטר,false,,29.90,14.9500,false,1,142363
7290110114916,false,מיץ סחוט לימונענע פריגת 2 ליטר,פריגת מצוננים,IL,סחוט לימונענע 2 ליטר,ליטרים,2.00,ליטר,false,,29.90,14.9500,false,1,142364
7290110114954,false,מיץ תפוזים מתקתקים פריגת 2 ליטר,פריגת מצוננים,IL,תפוזים מתקתק 100% 2,ליטרים,2.00,ליטר,false,,22.90,11.4500,false,1,142366
7290110114961,false,משקה קל תפוזים פריגת 1.5 ליטר,מבשלות בירה בינלאומיות ב,IL,פריגת תפוז 1.5 ליטר,ליטרים,1.50,ליטר,false,,9.00,6.0000,false,1,141663
7290110114985,false,משקה קל אשכוליות פריגת 1.5 ליטר,מבשלות בירה בינלאומיות ב,IL,פריגת אשכולית 1.5 לי,ליטרים,1.50,ליטר,false,,9.00,6.0000,false,1,141665
7290110114992,false,משקה קל לייט אשכוליות פריגת 1.5 ליטר,מבשלות בירה בינלאומיות ב,IL,פריגת Light אשכולית,ליטרים,1.50,ליטר,false,,8.60,5.7333,false,1,141666
7290110115005,false,משקה קל ענבים פריגת 1.5 ליטר,מבשלות בירה בינלאומיות ב,IL,פריגת ענבים 1.5 ליטר,ליטרים,1.50,ליטר,false,,9.00,6.0000,false,1,141667
7290110115012,false,מיץ ענבים בניחוח מרלו 1.5 ל' פריגת,פריגת,IL,פריגת מרלו ענבים 1.5,ליטרים,1.50,ליטר,false,,9.00,6.0000,false,1,141668
7290110115029,false,"פריגת משק""ל תפוח 1.5 ליטר פיקדון",מבשלות בירה בינלאומיות ב,IL,"פריגת משק""ל תפוח 1.5",ליטרים,1.50,ליטר,false,,9.00,6.0000,false,1,141669
7290110115036,false,משקה קל מנגו פריגת 1.5 ליטר,מבשלות בירה בינלאומיות ב,IL,פריגת מנגו 1.5 ליטר,ליטרים,1.50,ליטר,false,,9.00,6.0000,false,1,141670
7290110115043,false,משקה קל לימונענע פריגת 1.5 ליטר,מבשלות בירה בינלאומיות ב,IL,פריגת לימונענע 1.5 ל,ליטרים,1.50,ליטר,false,,9.00,6.0000,false,1,141671
7290110115050,false,פריגת מיקס תות בננה 1.5 ליטר פיקדון,מבשלות בירה בינלאומיות ב,IL,פריגת מיקס תות בננה,ליטרים,1.50,ליטר,false,,9.00,6.0000,false,1,141672
7290110115074,false,פריגת תפוח דובדבן 1.5 ליטר פיקדון,מבשלות בירה בינלאומיות ב,IL,פריגת תפוח דובדבן 1.,ליטרים,1.50,ליטר,false,,9.00,6.0000,false,1,141674
7290110115081,false,פריגת צלול ענבים 1.5 ליטר פיקדון,"מבשלות בירה לישראל בע""\מ",IL,פריגת צלול ענבים 1.5,ליטרים,1.50,ליטר,false,,8.60,5.7333,false,1,141675
7290110115104,false,פריגת צלול אפרסק 1.5 ליטר פיקדון,מבשלות בירה בינלאומיות ב,IL,פריגת צלול אפרסק 1.5,ליטרים,1.50,ליטר,false,,8.60,5.7333,false,1,141677
7290110115128,false,פריגת צלול בטעם לימונענע 1.5 ליטר פיקדון,"מבשלות בירה לישראל בע""\מ",IL,פריגת צלול בטעם לימו,ליטרים,1.50,ליטר,false,,8.60,5.7333,false,1,141679
7290110115203,false,קוקה קולה 1.5 ליטר פיקדון,החברה המרכזית לייצור משק,IL,קוקה קולה 1.5 ליטר פ,ליטרים,1.50,ליטר,false,,8.90,5.9333,false,1,141810
7290110115227,false,קוקה-קולה זירו בקבוק 1.5 ליטר,החברה המרכזית לייצור משק,IL,קולה זירו 1.5 ליטר פ,ליטרים,1.50,ליטר,false,,8.50,5.6667,false,1,141812
7290110115234,false,קוקה-קולה זירו נטול בקבוק 1.5 ליטר,החברה המרכזית לייצור משק,IL,קולה זירו נטול 1.5 ל,ליטרים,1.50,ליטר,false,,8.50,5.6667,false,1,141813
7290110115241,false,קוקה-קולה זירו לימון בקבוק 1.5 ליטר,החברה המרכזית לייצור משק,IL,קולה זירו לימון 1.5,ליטרים,1.50,ליטר,false,,8.50,5.6667,false,1,141814
7290110115265,false,ספרייט לימון ליים 1.5 ליטר-,החברה המרכזית לייצור משק,IL,ספרייט 1.5 ליטר LIM,ליטרים,1.50,ליטר,false,,8.90,5.9333,false,1,141827
7290110115272,false,ZERO ספרייט זירו 1.5 ליטר פיקדון,החברה המרכזית לייצור משק,IL,ZERO ספרייט 1.5 ליטר,ליטרים,1.50,ליטר,false,,8.50,5.6667,false,1,141828
7290110115289,false,ספרייט 19 קל' לימון-נענע 1.5 ליטר פיקדון,החברה המרכזית לייצור משק,IL,ספרייט 19 קל' לימון-,ליטרים,1.50,ליטר,false,,8.50,5.6667,false,1,141829
7290110115296,false,משקה מוגז אורנג' פאנטה 1.5 ליטר,החברה המרכזית לייצור משק,IL,פאנטה אורנג' 1.5 ליט,ליטרים,1.50,ליטר,false,,8.90,5.9333,false,1,141830
7290110115302,false,משקה מוגז אורנג' זירו פאנטה 1.5 ליטר,החברה המרכזית לייצור משק,IL,פאנטה ZERO אורנג' 1.,ליטרים,1.50,ליטר,false,,8.50,5.6667,false,1,141831
7290110115333,false,פאנטה תות 1.5 ליטר פיקדון,החברה המרכזית לייצור משק,IL,פאנטה תות 1.5 ליטר פ,ליטרים,1.50,ליטר,false,,8.90,5.9333,false,1,141834
7290110115340,false,פאנטה ענבים 1.5 ליטר פיקדון,החברה המרכזית לייצור משק,IL,פאנטה ענבים 1.5 ליט,ליטרים,1.50,ליטר,false,,8.90,5.9333,false,1,141835
7290110115357,false,קינלי סודה 1.5 ליטר פיקדון,החברה המרכזית לייצור משק,IL,קינלי סודה 1.5 ליטר,ליטרים,1.50,ליטר,false,,4.20,2.8000,false,1,141842
7290110115364,false,שישייה קוקה קולה 1.5 ליטר פיקדון,החברה המרכזית לייצור משק,IL,קוקה קולה שישיות 1.5,ליטרים,9.00,ליטר,false,,51.90,5.7667,false,1,141816
7290110115371,false,דיאט קוקה קולה שישיות 1.5 ליטר פיקדון,החברה המרכזית לייצור משק,IL,דיאט קוקה קולה שישיו,ליטרים,9.00,ליטר,false,,48.80,5.4222,false,1,141817
7290110115388,false,ספרייט ליים שישיות 1.5 ליטר פיקדון,החברה המרכזית לייצור משק,IL,ספרייט LIME שישיות 1,ליטרים,9.00,ליטר,false,,51.90,5.7667,false,1,141837
7290110115395,false,ZERO ספרייט שישיות 1.5 ליטר פיקדון,החברה המרכזית לייצור משק,IL,ZERO ספרייט שישיות 1,ליטרים,9.00,ליטר,false,,48.80,5.4222,false,1,141838
7290110115401,false,קינלי סודה שישייה 1.5 ליטר פיקדון,החברה המרכזית לייצור משק,IL,קינלי סודה שישייה 1.,ליטרים,9.00,ליטר,false,,15.70,1.7444,false,1,141843
7290110115418,false,מארז שישייה קוקה קולה זירו 1.5 ל',החברה המרכזית לייצור משק,IL,קולה זירו שישיות 1.5,ליטרים,9.00,ליטר,false,,48.80,5.4222,false,1,141818
7290110115425,false,FUZE TEA גרין לימונענע -נענע 1.5 ליטר פיקדון,מבשלות בירה בינלאומיות ב,IL,FUZE tea גרין לימון-,ליטרים,1.50,ליטר,false,,8.90,5.9333,false,1,141844
7290110115449,false,אייס תה בטעם מנגו אננס 1.5ל' FUZE TEA,מבשלות בירה בינלאומיות ב,IL,FUZE tea מנגו אננס 1,ליטרים,1.50,ליטר,false,,9.50,6.3333,false,1,141846
7290110115456,false,"תה קר בטעם אפרסק 19 קלוריות ב- 100 מ""ל",מבשלות בירה בינלאומיות ב,IL,FUZE tea אפרסק 19 קל,ליטרים,1.50,ליטר,false,,8.90,5.9333,false,1,141847
7290110115463,false,פיוז טי אפרסק 1.5 ליטר פיקדון,מבשלות בירה בינלאומיות ב,IL,FUZE tea אפרסק 1.5 ל,ליטרים,1.50,ליטר,false,,9.50,6.3333,false,1,141848
7290110115494,false,תה קר בטעם ענבים פיוז טי 1.5 ליטר,מבשלות בירה בינלאומית בע,IL,FUZE tea ענבים 1.5 ל,ליטרים,1.50,ליטר,false,,9.50,6.3333,false,1,141851
7290110115593,false,פריגת אשכוליות 40% פחות סוכר 1.5 ליטר פיקדון,מבשלות בירה בינלאומיות ב,IL,פריגת אשכוליות 40% פ,ליטרים,1.50,ליטר,false,,8.60,5.7333,true,1,141681
7290110115616,false,FUZE tea zero גרין אננס 1.5 ליטר פיקדון,מבשלות בירה בינלאומיות ב,IL,פיוז טי זירו גרין אנ,ליטרים,1.50,ליטר,false,,8.90,5.9333,false,1,142485
7290110115623,false,משקה פיוז טי זירו ZERO בטעם אפרסק,מבשלות בירה בינלאומיות ב,IL,פיוז טי זירו אפרסק 1,מיליליטרים,1.50,"מ""ל",false,,8.90,5.9333,false,1,142486
7290110115845,false,קוקה קולה 1.5 ליטר פיקדון,"אינסטנטה בע""מ",IL,קוקה קולה רגיל 1.5 ל,ליטרים,1.50,ליטר,false,,8.90,5.9333,false,1,142584
7290110115852,false,דיאט קוקה קולה 1.5 ליטר -,תות תעשיות מזון (201,IL,קוקה קולה דיאט 1.5 ל,ליטרים,1.50,ליטר,false,,8.50,5.6667,false,1,142581
7290110115869,false,קוקה קולה זירו 1.5 ליטר פיקדון,תות תעשיות מזון (201,IL,קולה זירו 1.5 ליטר פ,ליטרים,1.50,ליטר,false,,8.50,5.6667,false,1,142536
7290110115913,false,"משקה ספורט איזוטוני זירו בטעם אננס 500 מ""ל פאוורייד",Caslino al Piano pla,IT,משקה ספורט איזוטוני,מיליליטרים,500.00,"100 מ""ל",false,,9.50,0.0190,true,1,143993
7290110116149,false,"סירופ בטעם ענבים פריגת 750 מ""ל",סירופ - גבעת חיים,IL,סירופ בטעם ענבים 750,מיליליטרים,750.00,"100 מ""ל",false,,22.90,0.0305,true,1,145005
7290110116156,false,נביעות+רכיבי פרי מנגו-פסיפלורה 1.5 ליטר-,"נביעות טבע הגליל בע""\מ",IL,נביעות+ רכיבי פרי מנ,ליטרים,1.50,ליטר,false,,9.50,6.3333,false,1,145003
7290110116170,false,נביעות+רכיבי פרי אננס-קוקוס 1.5 ליטר-,"נביעות טבע הגליל בע""\מ",IL,נביעות+ רכיבי פרי אנ,ליטרים,1.50,ליטר,false,,9.50,6.3333,false,1,145001
7290110116194,false,נביעות+ סדרת 0 קלוריות לימון-ליים 1.5 ליטר,"נביעות טבע הגליל בע""\מ",IL,נביעות+ לימון-ליים 1,ליטרים,1.50,ליטר,false,,9.50,6.3333,false,1,144999
7290110116484,false,פריגת סחוט מיקס תות בננה 1ליטר,פריגת מצוננים,IL,פריגת מיקס תות בננה,ליטרים,1.00,ליטר,false,,16.00,16.0000,true,1,146341
7290110116491,false,פריגת סחוט מיקס אפרסק משמש 1ליטר,פריגת מצוננים,IL,פריגת מיקס אפרסק משמ,ליטרים,1.00,ליטר,false,,16.00,16.0000,true,1,146342
7290110116507,false,פריגת סחוט מיקס אננס בננה אגס 1ליטר,פריגת מצוננים,IL,פריגת מיקס אננס בננה,ליטרים,1.00,ליטר,false,,16.00,16.0000,true,1,146343
7290110116569,false,"ספרייט זירו ZERO בק LEMON HIT, 1.5 ליטר",החברה המרכזית לייצור משק,IL,זירו ספרייט למון היט,ליטרים,1.50,ליטר,false,,8.50,5.6667,false,1,146046
7290110320591,false,גבינה בולגרית במרקם מעודן 16% פיראוס,תנובה חלב,IL,בולגרית 16% פיראוס ב,גרמים,250.00,100 גרם,false,,23.90,0.0956,true,1,86660
7290110320683,false,שמיניית משקה יוגורט 1.5% טעם תות יופלה 107 גרם,מיוצר עי קונדיטוריית,IL,משקה יופלה תות שמיני,גרמים,856.00,100 גרם,false,,17.90,0.0209,true,1,88567
7290110320850,false,פתיתים גבינה חצי קשה מגורדת 28% שומן,תנובה מרכז שיתופי לש,IL,פתיתי עמק 200 גר,גרמים,200.00,100 גרם,false,,15.90,0.0795,false,1,89199
7290110320867,false,פתיתים גבינה חצי קשה מגורדת 28% שומן,תנובה מרכז שיתופי לש,IL,פתיתי עמק לאפיה 28%,גרמים,500.00,100 גרם,false,,36.90,0.0738,false,1,88979
7290110320935,false,גבינת מוצרלה תנובה 150ג' פרוסות,תנובה מרכז שיתופי לש,IL,פרוסות מוצרלה 150 גר,גרמים,150.00,100 גרם,false,,16.90,0.1127,true,1,88978
7290110321031,false,מעדן חלב GO יוגורט מועשר בחלבון טבעי 200 ג' יופלה,"תנובה, מחלבת אלון תב",IL,יופלה GO,גרמים,200.00,100 גרם,false,,5.80,0.0290,true,1,88515
7290110321277,false,קוטג' בקטנה 5% תנובה 100 גרם מהדרין,פארייפאבה אגרואינדוס,IL,קוט'ג בקטנה 5% מהדרי,גרמים,100.00,100 גרם,false,,2.60,0.0260,false,1,89452
7290110321284,false,קוטג' בקטנה 9% תנובה 100 גרם מהדרין,פארייפאבה אגרואינדוס,IL,קוט'ג בקטנה 9% מהדרי,גרמים,100.00,100 גרם,false,,2.60,0.0260,false,1,89453
7290110321604,false,קוביות פיראוס בולגרית מעודנת 5% 200 גרם - רבנות,תנובה חלב,IL,קוביית בולגרית מעודנ,גרמים,230.00,100 גרם,false,,21.90,0.0952,true,1,92153
7290110321680,false,יוגורט GO בטעם תות 20 גרם חלבון בגביע,מיוצר עי קונדיטוריית,IL,יופלה גו בטעמי פירות,גרמים,200.00,100 גרם,false,,6.20,0.0310,true,1,90063
7290110321697,false,יוגורט GO בטעם אפרסק 20 גרם חלבון בגביע,מיוצר עי קונדיטוריית,IL,יופלה גו אפרסק,גרמים,200.00,100 גרם,false,,6.20,0.0310,true,1,90064
7290110321703,false,יוגורט עם פירות יער בתוספת חלבוני חלב 2% שומן,מיוצר עי קונדיטוריית,IL,יופלה גו פירות יער,גרמים,200.00,100 גרם,false,,6.20,0.0310,true,1,91790
7290110321789,false,גבינת מסקרפונה 38% השף הלבן 250 גרם,תנובה חלב,IL,גבינת מסקרפונה 38% ה,גרמים,250.00,100 גרם,false,,20.50,0.0820,true,1,91178
7290110322014,false,טופו בטעם טבעי תנובה ALTERNATIVE,שוורצקוף& הנקל דיסלד,IL,טופו טבעי 300 גר,גרמים,300.00,100 גרם,false,,12.90,0.0430,true,1,91920
7290110322038,false,"תנובה טופו פיקנטי 300 גר' בד""צ",תנובה Alternative,IL,טופו פיקנטי 300 גר,גרמים,300.00,100 גרם,false,,12.90,0.0430,true,1,91921
7290110322946,false,יופלה טיוב יוגורט במרקם חלק בטעם תות בננה כשרות רבנות 348 ג',תנובה חלב,IL,יופלה טיוב תות בננה,גרמים,348.00,100 גרם,false,,12.60,0.0362,false,1,93951
7290110323301,false,טל העמק בסגנון אמנטל 32% שומן 200 גרם,עמק - תנובה,IL,גבינת טל העמק 32% שו,גרמים,200.00,100 גרם,false,,19.90,0.0995,true,1,95202
7290110323585,false,יופלה יוגורט עם דובדבן מופחת קלוריות 200 ג' GO,יופלה Yoplait,IL,יוגורט עם דבדבן מופח,גרמים,200.00,100 גרם,false,,6.20,0.0310,true,1,94253
7290110323592,false,יופלה יוגורט עם אפרסק מופחת קלוריות 200 ג' GO,יופלה Yoplait,IL,יוגורט עם אפרסק מופח,גרמים,200.00,100 גרם,false,,6.20,0.0310,true,1,94254
7290110323714,false,משקה קוקוס שקדים תנובה E אלטרנטיב,מיוצר עי קונדיטוריית,IL,משקה קוקוס שקדים 1 ל,מיליליטרים,1000.00,"100 מ""ל",false,,12.60,0.0126,true,1,94905
7290110324070,false,גבינת חלומי מחלב בקר תנובה 200 גרם,"תנובה בע""\מ",IL,גבינת חלומי 200 גר ת,גרמים,200.00,100 גרם,false,,19.90,0.0995,true,1,95048
7290110324353,false,יוגורט GO לייט בטעם אננס 20 גרם חלבון בגביע,"תנובה בע""\מ",IL,יופלה GO לייט אננס,מיליליטרים,200.00,"100 מ""ל",false,,6.20,0.0310,true,1,96813
7290110324551,false,יופלה טיוב יוגורט במרקם חלק תות כשרות מהדרין,"תנובה בע""\מ",IL,יופלה טיוב תות,גרמים,348.00,100 גרם,false,,12.60,0.0362,false,1,95702
7290110324711,false,ממרח סויה 9% שומן בטעם טבעי תנובה 250 גרם,מיוצר עי קונדיטוריית,IL,ממרח סויה 9% בטעם טב,גרמים,250.00,100 גרם,false,,8.90,0.0356,true,1,96860
7290110324728,false,ממרח סויה 9% שומן עם שום שמיר תנובה 250 גרם,מיוצר עי קונדיטוריית,IL,ממרח סויה 9% עם שום,גרמים,250.00,100 גרם,false,,8.90,0.0356,true,1,96861
7290110324841,false,מעדן שקדים עם שוקולד מריר תנובה 125 גרם,מיוצר עי קונדיטוריית,IL,מעדן שקדים עם שוקולד,גרמים,125.00,100 גרם,false,,4.40,0.0352,false,1,98832
7290110324872,false,גבינה צהובה גלבוע 5% שומן 200 גרם,גלבוע - תנובה,IL,גבינת גלבוע 200ר,גרמים,200.00,100 גרם,false,,18.90,0.0945,false,1,99118
7290110324926,false,משקה סויה ללא תוספת סוכר E אלטרנטיב,תנובה מרכז שיתופי לש,IL,משקה סויה ללא תוספת,מיליליטרים,1000.00,"100 מ""ל",false,,10.60,0.0106,false,1,99084
7290110325114,false,"משקה יוגורט יופלה גו לייט תות בננה 250 מ""ל - רבנות",מיוצר עי קונדיטוריית,IL,משקה יוגורט גו לייט,גרמים,250.00,100 גרם,false,,6.70,0.0268,true,1,97536
7290110325121,false,"משקה יוגורט יופלה גו לייט מנגו אננס 250 מ""ל","תנובה בע""\מ",IL,משקה יוגורט גו לייט,גרמים,250.00,100 גרם,false,,6.70,0.0268,true,1,97537
7290110325169,false,פרוסות גאודה תנובה 170 גרם,תנובה חלב,IL,גאודה פרוסות,גרמים,170.00,100 גרם,false,,19.50,0.1147,true,1,101071
7290110325305,false,יופלה GO סויה 20 גרם חלבון במתיקות מעודנת תנובה 200 גרם,מיוצר עי קונדיטוריית,IL,מעדן סויה גו 20 גרם,גרמים,200.00,100 גרם,false,,6.10,0.0305,true,1,98823
7290110325312,false,יופלה GO סויה 20 גרם חלבון בטעם תות תנובה 200 גרם,"תנובה בע""\מ",IL,מעדן סויה גו 20 גרם,גרמים,200.00,100 גרם,false,,6.10,0.0305,true,1,98824
7290110325510,false,יופלה טיוב יוגורט במרקם חלק בטעם וניל-יוניקור,"תנובה בע""\מ",IL,יופלה טיוב וניל,גרמים,348.00,100 גרם,false,,12.60,0.0362,false,1,99265
7290110325619,false,משקה שיבולת שועל תנובה E אלטרנטיב,מיוצר עי קונדיטוריית,IL,משקה שיבולת שועל 1 ל,ליטרים,1.00,ליטר,false,,12.60,12.6000,true,1,99749
7290110325701,false,פיראוס צזיקי יווני 9% שומן בשיטת יצור מסורתית על בסיס יוגורט,גוד פוד פרודקטס S.p,IL,פיראוס צזיקי יווני 9,גרמים,250.00,100 גרם,false,,12.90,0.0516,true,1,100228
7290110325893,false,משקה חלב GO מועשר בחלבון בטעם אייס קפה,מיוצר עי קונדיטוריית,IL,תנובה GO אייס קפה 34,מיליליטרים,340.00,"100 מ""ל",false,,8.00,0.0235,true,1,99748
7290110326173,false,יולו COOKIES שוקולדלבן בטעם קרם עוגיות+עוגיות ונטיפי שוקולד 120 ג',תנובה חלב,IL,YOLO COOKIES שוקולד,גרמים,120.00,100 גרם,false,,5.20,0.0433,false,1,100685
7290110326210,false,יופלה און טופ פצפוצים תנובה 157 גרם,מיוצר עי קונדיטוריית,IL,יופלה און טופ פצפוצי,גרמים,157.00,100 גרם,false,,5.10,0.0325,true,1,101263
7290110326227,false,יופלה און טופ קורנפלקס תנובה 157 גרם,מיוצר עי קונדיטוריית,IL,יופלה און טופ קורנפל,גרמים,157.00,100 גרם,false,,5.10,0.0325,true,1,101264
7290110326234,false,יופלה און טופ כוכבים תנובה 157 גרם,מיוצר עי קונדיטוריית,IL,יופלה און טופ כוכבים,גרמים,157.00,100 גרם,false,,5.10,0.0325,true,1,101265
7290110326333,false,פרוסות גבינה סקנדינבית תנובה 170 גרם,פ.פ.ח. שאביט,IL,פרוסות גבינה סקנדינב,גרמים,170.00,100 גרם,false,,19.50,0.1147,false,1,104118
7290110326876,false,פיראוס לאבנה עיזים 5% גביע 250 גרם,תנובה חלב,IL,לאבנה עיזים תנובה,גרמים,250.00,100 גרם,false,,16.90,0.0676,true,1,146474
7290110326906,false,חלב נטול לקטוז 3% שומן תנובה 1 ליטר,מיוצר עי קונדיטוריית,IL,חלב נטול לקטוז 3% שו,ליטרים,1.00,ליטר,false,,7.20,7.2000,false,1,104016
7290110326937,false,יוגורט תנובה לבן 1%,פ.פ.ח. שאביט,IL,יוגורט תנובה לבן 1%,גרמים,150.00,100 גרם,false,,3.80,0.0253,true,1,103892
7290110327033,false,משקה סויה תנובה גו מועשר בחלבון במתיקות מופחתת,מיוצר עי קונדיטוריית,IL,משקה סויה תנובה גו מ,מיליליטרים,1000.00,"100 מ""ל",false,,12.60,0.0126,true,1,103418
7290110327125,false,פטה 21% מחלב צאן במי מלח תנובה 200 גרם,תנובה חלב,IL,פטה 21% מחלב צאן במי,גרמים,200.00,100 גרם,false,,22.90,0.1145,true,1,104476
7290110327279,false,נפוליאון טוסקנה 24% שומן גביע 225 גרם,תנובה מרכז שיתופי לש,IL,נפוליאון טוסקנה 24%,גרמים,225.00,100 גרם,false,,13.90,0.0618,false,1,103386
7290110327514,false,alternative משקה שיבולת שועל בטעם אגוזי לוז תנובה 1 ליטר,תנובה מרכז שיתופי לש,IL,משקה שיבולת שועל בטע,ליטרים,1.00,ליטר,false,,12.60,12.6000,true,1,142185
7290110327545,false,יופלה און טופ בטעם תות בתוספת פצפוצים מצופים שוקולד 157 גרם,מיוצר עי קונדיטוריית,IL,יופלה און טופ בטעם ת,גרמים,150.00,100 גרם,false,,4.90,0.0327,true,1,104468
7290110328016,false,משקה סויה מועשר בחלבון בטעם אגוזי לוז 250 גרם,תנובה מרכז שיתופי לש,IL,משקה סויה מועשר בחלב,גרמים,250.00,100 גרם,false,,6.30,0.0252,true,1,105679
7290110328023,false,משקה סויה מועשר בחלבון בטעם קפה 250 גרם,תנובה מרכז שיתופי לש,IL,משקה סויה מועשר בחלב,גרמים,250.00,100 גרם,false,,6.30,0.0252,true,1,105680
7290110328221,false,יוגורט נטול לקטוז תנובה 200 גרם,מיוצר עי קונדיטוריית,IL,יוגורט תנובה נטול לק,גרמים,200.00,100 גרם,false,,3.80,0.0190,true,1,105849
7290110328436,false,פלח גאודה בטעם מעודן עיזים 29% קולקשין,"תנובה בע""\מ",IL,פלח גאודה עיזים בטעם,גרמים,150.00,100 גרם,false,,22.00,0.1467,true,1,106708
7290110328474,false,גבינת פרמג'יאנו רג'יאנו 30% מחלב בקר,מנדלז סי.אר. פרודקשן,IT,פלח פרמג'אנו רג'יאנו,גרמים,150.00,100 גרם,false,,29.90,0.1993,true,1,106709
7290110328481,false,פתיתי פרמג'יאנו רג'יאנו מחלב בקר 30%,ברטינלי גיאני א.,IT,פתיתי פרמג'אנו רג'יא,גרמים,100.00,100 גרם,false,,15.90,0.1590,true,1,106710
7290110328504,false,טריו - מיקס גבינות מוצרלה סקנדינבית וגאודה 300 גרם,מיוצר עי קונדיטוריית,IL,מיקס גבינות מוצרלה ס,גרמים,300.00,100 גרם,false,,26.50,0.0883,true,1,106695
7290110328627,false,יוגורט יופלה GO במרקם סמיך בטעם בננה קרמל 0%,מיוצר עי קונדיטוריית,IL,יוגורט גו סמיך 0% בנ,גרמים,200.00,100 גרם,false,,6.20,0.0310,true,1,107669
7290110328641,false,alternative טופו טבעי תנובה 2*250 גרם,תנובה חלב,IL,טופו טבעי 500 גר אלט,גרמים,500.00,100 גרם,false,,18.90,0.0378,false,1,108402
7290110328764,false,יוגורט יופלה GO במרקם סמיך עם תות 0%,מיוצר עי קונדיטוריית,IL,יוגורט גו סמיך 0% תו,גרמים,200.00,100 גרם,false,,6.20,0.0310,true,1,107668
7290110328771,false,יוגורט יופלה GO במרקם סמיך עם פירות יער 0%,מיוצר עי קונדיטוריית,IL,יוגורט גו סמיך 0% פי,גרמים,200.00,100 גרם,false,,6.20,0.0310,true,1,107671
7290110328788,false,יוגורט יופלה GO במרקם סמיך בטעם אפרסק 0%,תנובה מרכז שיתופי לש,IL,יוגורט גו סמיך 0% אפ,גרמים,200.00,100 גרם,false,,6.20,0.0310,true,1,107670
7290110328887,false,"חלב תנובה בקבוק 3%, כשרות מהדרין, 1 ליטר",תנובה מרכז שיתופי לש,IL,חלב תנובה 3% מהדרין,ליטרים,1.00,ליטר,false,,6.23,6.2300,false,1,142749
7290110329136,false,מעדן חלב מעושר בחלבון בטעם שוקולד 120 ג' GO,תנובה מרכז שיתופי לש,IL,מעדן חלב גו בטעם שוק,גרמים,120.00,100 גרם,false,,4.90,0.0408,true,1,142070
7290110329143,false,מעדן חלב מעושר בחלבון בטעם וניל גביע 120 ג' GO,תנובה מרכז שיתופי לש,IL,מעדן חלב גו בטעם וני,גרמים,120.00,100 גרם,false,,4.90,0.0408,true,1,142063
7290110329266,false,יוגורט תנובה מחלב עיזים מלא תנובה 140 ג',קריות זול,IL,יוגורט מחלב עיזים מל,גרמים,140.00,100 גרם,false,,6.20,0.0443,true,1,108582
7290110329273,false,יוגורט תנובה מחלב עיזים מלא 750 גרם,תנובה,IL,יוגורט מחלב עיזים מל,גרמים,750.00,100 גרם,false,,21.00,0.0280,true,1,108581
7290110329303,false,פרוסות בטעם צהובה קלאסית אלטרנטיב 200 גר,תנובה Alternative,IL,פרוסות גבינה בטעם צה,גרמים,200.00,100 גרם,false,,21.90,0.1095,false,1,142398
7290110329426,false,טופו טבעי ALTERNATIVE 250 גרם עם קרם קוקוס,תנובה חלב,IL,טופו אלטרנטיב עם רוט,גרמים,250.00,100 גרם,false,,13.50,0.0540,true,1,144316
7290110329433,false,טופו טבעי עם רוטב סצ'ואן אלטרנטיב 250 גרם,תנובה חלב,IL,טופו אלטרנטיב עם רוט,גרמים,250.00,100 גרם,false,,13.50,0.0540,true,1,144317
7290110329686,false,"משקה חלב גו בטעם עוגיות 340 מ""ל",מיוצר עי קונדיטוריית,IL,משקה חלב GO בטעם עוג,מיליליטרים,340.00,"100 מ""ל",false,,8.00,0.0235,true,1,141930
7290110329792,false,יוגורט סויה BIO Alternative אפרסק 150 ג' תנובה,מיוצר עי קונדיטוריית,IL,סויה ביו אפרסק Alter,גרמים,150.00,100 גרם,false,,4.60,0.0307,true,1,142542
7290110329808,false,יוגורט סויה BIO Alternative תות 150 ג' תנובה,מיוצר עי קונדיטוריית,IL,סויה ביו תות Alterna,גרמים,150.00,100 גרם,false,,4.60,0.0307,true,1,142539
7290110329815,false,סויה BIO מתיקות מעודנת גביע 150 גרם אלטרנטיב,מיוצר עי קונדיטוריית,IL,סויה ביו מתיקות מעוד,גרמים,150.00,100 גרם,false,,4.60,0.0307,true,1,142540
7290110329822,false,יוגורט סויה BIO Alternative פירות יער 150 ג' תנובה,מיוצר עי קונדיטוריית,IL,סויה ביו פירות יער A,גרמים,150.00,100 גרם,false,,4.60,0.0307,true,1,142541
7290110329839,false,פרוסות צהובה בטעם זיתים 200 ג' אלטרנטיב אלטרנטיב,מיוצר עי קונדיטוריית,IL,פרוסות צהובה בטעם זי,גרמים,200.00,100 גרם,false,,21.90,0.1095,false,1,142399
7290110329846,false,יוגורט סויה BIO Alternative בטעם טבעי 150 ג' תנובה,תנובה Alternative,IL,סויה ביו טבעי Alter,גרמים,150.00,100 גרם,false,,4.60,0.0307,true,1,142543
7290110421861,false,כף גלידה קפיץ מנירוס,,,כף גלידה קפיץ מנירוס,יחידה,0.00,יחידה,false,,11.90,0.0000,true,1,91896
7290110423193,false,כפפות נשים,,,כפפות נשים,יחידה,0.00,יחידה,false,,14.90,0.0000,true,1,88306
7290110423681,false,רשת צליה,,,רשת צליה,יחידה,0.00,יחידה,false,,15.90,0.0000,true,1,97367
7290110424015,false,חם צוואר פרוותי נשים,IMPOFIX,,חם צוואר נשים,יחידה,0.00,יחידה,false,,19.90,0.0000,true,1,88309
7290110424381,false,כובע נשים עם קיפול ד,,,כובע נשים עם קיפול ד,יחידה,0.00,יחידה,false,,29.90,0.0000,true,1,89477
7290110424619,false,צעיף נשים פתוח,,,צעיף נשים פתוח,יחידה,0.00,יחידה,false,,29.90,0.0000,true,1,89281
7290110424718,false,פותחן בקבוקים נירוסט,אודס,,פותחן בקבוקים נירוסט,יחידה,0.00,יחידה,false,,10.50,0.0000,true,1,88854
7290110425005,false,קליפס פרפר 4יח בבליס,,,קליפס פרפר 4יח בבליס,יחידה,0.00,יחידה,false,,6.90,0.0000,true,1,95126
7290110425302,false,גוזז ציפורניים ענק,,,גוזז ציפורניים ענק,יחידה,0.00,יחידה,false,,11.90,0.0000,true,1,101031
7290110425739,false,מחזיק מפתחות ינשוף ק,,,מחזיק מפתחות ינשוף ק,יחידה,0.00,יחידה,false,,12.90,0.0000,true,1,92265
7290110428020,false,גומיות 10 יח',,,גומיות 10 יח',יחידה,0.00,יחידה,false,,3.00,0.0000,true,1,102430
7290110428075,false,סט למנגל 3 יח',,,סט למנגל 3 יח',יחידה,0.00,יחידה,false,,31.90,0.0000,true,1,102457
7290110428273,false,מלקחיים נירוסטה,,,מלקחיים נירוסטה,יחידה,0.00,יחידה,false,,9.90,0.0000,true,1,102435
7290110428846,false,רשת צלייה,,,רשת צלייה,יחידה,0.00,יחידה,false,,11.90,0.0000,true,1,102437
7290110550202,false,מטבעות שוקולד חלב לאפיה 400 גרם עלית,"פוליבה בע""\מ",IL,מטבעות שוקולד חלב לא,גרמים,400.00,100 גרם,false,,31.90,0.0797,true,1,145392
7290110550226,false,מטבעות שוקולד מריר לאפיה 400 גרם עלית,"פוליבה בע""\מ",IL,מטבעות שוקולד מריר ל,גרמים,400.00,100 גרם,false,,31.90,0.0797,true,1,145393
7290110550370,false,פריכיות משולשות קינואה ופלפל שחור 65 גרם,שטראוס גרופ,IL,משולשות קינואה ופלפל,גרמים,65.00,100 גרם,false,,10.90,0.1677,true,1,145552
7290110550394,false,PERFECT BITE שוקולד חלב במילוי קרם ושברי אגוזי לוז 234 גרם,"שטראוס גרופ בע""\מ",IL,מארז חטיפים ממולאים,גרמים,234.00,100 גרם,false,,19.90,0.0850,false,1,141727
7290110551254,false,נשנושי תירס 600 גרם טעם הטבע שטראוס,"מיוצר ע""\י או.וי אינטרנש",TH,נשנושי תירס 600 גר ש,גרמים,600.00,100 גרם,false,,15.90,0.0265,true,1,145573
7290110552121,false,יוגורט בתוספת סידן וויטמין ד 100 ג' דנונה,תנובה מרכז שיתופי לש,IL,היוגורט הראשון שלי 1,גרמים,100.00,100 גרם,false,,2.30,0.0230,true,1,144126
7290110552220,false,יוגורט PRO בטעם תות 0% סוכר לבן 20 גרם חלבון בגביע,"שטראוס בריאות בע""\מ",IL,דנונה פרו תות ללא סו,גרמים,200.00,100 גרם,false,,6.20,0.0310,true,1,142639
7290110552237,false,יוגורט פרו בטעם אפרסק מנגו ללא סוכר 200 ג' דנונה,"שטראוס בריאות בע""\מ",IL,דנונה פרו אפרסק מנגו,גרמים,200.00,100 גרם,false,,6.20,0.0310,true,1,142640
7290110553029,false,"אנרג'י קריספס-פריכיות חומוס, עדשים ואפונה עם קייל וסלק","פרח תעשיו מזון בע""מ",IL,פריכיות חלבון קייל,גרמים,60.00,100 גרם,false,,10.90,0.1817,true,1,143029
7290110553036,false,קריספס-פריכיות עם אפונה ובטטה סגולה בטעם בצל מקורמל,"פרח תעשיו מזון בע""מ",IL,פריכיות חלבון בטטה ס,גרמים,60.00,100 גרם,false,,10.90,0.1817,true,1,143030
7290110553098,false,מאגדת חטיפים אנרג'י מיקס צימוקים אגוזים 100X4 גרם,אנרג'י Energy - שטראוס,GB,אנרג'י מיקס צימוקים,גרמים,100.00,100 גרם,false,,14.90,0.1490,true,1,145231
7290110553104,false,נסקפה קפוצ'ינו סטיק קלאסי 130 ג' עלית,מוקטה אס.פי.,PL,קפוצ'ינו סטיק קלאסי,גרמים,130.00,100 גרם,false,,15.90,0.1223,false,1,146126
7290110553180,false,אנרגי פריכיות אורז בטעם תפוח קינמון 50 ג,סאנורייס בלגיום,IL,אנרגי פריכיות בטעם ת,גרמים,40.00,100 גרם,false,,6.90,0.1725,true,1,145554
7290110554262,false,חלבית מלבין קפה חלבי 350 ג' עלית,מוקטה אס.פי.,PL,חלבית 350 גרם,גרמים,350.00,100 גרם,false,,22.90,0.0654,true,1,143392
7290110554460,false,ציטוס קראנץ צ'דר חלפיניו 65 ג' עלית,עלית,,צ'יטוס צ'דר חלפיניו,גרמים,65.00,100 גרם,false,,3.50,0.0538,true,1,145018
7290110554507,false,עלית - קפה טורקי תימני 100 גרם,שטראוס קפה בי.וי.,IL,קפה טורקי תימני,גרמים,100.00,100 גרם,false,,8.90,0.0890,false,1,144563
7290110554514,false,עלית - קפה טורקי אתיופי 100 גרם,שטראוס קפה בי.וי.,IL,קפה טורקי אתיופי,גרמים,100.00,100 גרם,false,,8.90,0.0890,false,1,144564
7290110554699,false,"קפה עולה קפסולות אספרסו קלייה איטית וכהה מאוד, 10 * 50 ג'",שטראוס קפה בי.וי.,IL,קפסולות קפה בתי קליה,גרמים,50.00,100 גרם,false,,18.90,0.3780,true,1,145555
7290110554705,false,קפסולות נספרסו לקפה יוניקו סדרת בתי הקלייה 10יח,שטראוס קפה בי.וי.,IL,קפסולות קפה בתי קליה,גרמים,50.00,100 גרם,false,,18.90,0.3780,true,1,145556
7290110554712,false,"קפסולות קפה אספרסו קלייה איטית ובהירה, 10 * 50 ג'",שטראוס קפה בי.וי.,IL,קפסולות קפה בתי קליה,גרמים,50.00,100 גרם,false,,18.90,0.3780,true,1,145557
7290110554729,false,קפסולות עלית אספרסו 04 תואמות למכונות NESPRESSO,שטראוס קפה בי.וי.,IL,קפסולות קפה למכונת נ,גרמים,55.00,100 גרם,false,,16.90,0.3073,false,1,143539
7290110555009,false,זוג פסאטה מחית עגבניות חלקה יד מרדכי 700 גרם,אמיליאנה קונסרב ס.פ.,IT,פסאטה זוגות 700 גרם,גרמים,700.00,100 גרם,false,,11.90,0.0170,true,1,144120
7290110555368,false,רבע לשבע טבעוני מרשמלו 125גרם,"הגביע מוצרי וופלים בע""\מ",IL,רבע לשבע טבעוני מרשמ,גרמים,125.00,100 גרם,false,,12.00,0.0960,false,1,144566
7290110555788,false,נסקפה קפוצ'ינו פחית וניל 200 ג' עלית,מוקטה אס.פי.,PL,קפוצ'ינו פחית וניל,גרמים,200.00,100 גרם,false,,19.90,0.0995,false,1,146132
7290110556242,false,"שוקולד מריר פרווה 100 גר' בד""ץ תוצרת חוץ","שטראוס גרופ בע""מ.",FR,שוקולד מריר פרווה על,גרמים,100.00,100 גרם,false,,6.00,0.0600,false,1,145566
7290110557027,false,חומוס עשיר 50% טחינה גולמית 400 ג' אחלה,מיוצר עי קונדיטוריית,IL,חומוס עשיר ב-50% טחי,גרמים,400.00,100 גרם,false,,12.90,0.0323,true,1,142335
7290110557102,false,מעדן חלב עם שוקולד מועשר בחלבון 150 ג' שטראוס,מיוצר עי קונדיטוריית,IL,מעדן חלב עם שוקולד מ,גרמים,150.00,100 גרם,false,,5.10,0.0340,true,1,141196
7290110557133,false,מעדן הגולן וניל 125 ג' שטראוס,מיוצר עי קונדיטוריית,IL,מעדן הגולן וניל,גרמים,125.00,100 גרם,false,,2.90,0.0232,false,1,141648
7290110557317,false,יוגורט בתוספת סידן וויטמין ד עם שיבולת שועל 100 ג' דנונה,תנובה מרכז שיתופי לש,IL,היוגורט הראשון שלי ש,גרמים,100.00,100 גרם,false,,2.30,0.0230,true,1,144127
7290110557478,false,חומוס גלילי במרקם מעודן 600 גרם,"שטראוס גרופ בע""\מ",IL,חומוס גלילי,גרמים,600.00,100 גרם,false,,13.50,0.0225,true,1,143389
7290110558130,false,יוגורט אקטיביה עם שיבולת שועל ודבש 150 גרם,"שטראוס בריאות בע""\מ",IL,אקטיביה עם שיבולת שו,גרמים,150.00,100 גרם,false,,4.80,0.0320,true,1,144567
7290110558215,false,"דנונה קראנצ`פיסטוק עם פיצפוץ לבן קראנצי פיסטוק, 173 גרם","שטראוס בריאות בע""\מ",IL,דנונה קראנצ' פיסטוק,גרמים,173.00,100 גרם,false,,4.80,0.0277,false,1,146149
7290110558222,false,"וואו יוגורט עם שכבה בטעם בנופי פאי 5.4%, 150ג דנונה","שטראוס בריאות בע""\מ",IL,דנונה WOW בנופי,גרמים,150.00,100 גרם,false,,4.70,0.0313,true,1,145215
7290110558239,false,"וואו יוגורט עם שכבה בטעם קראק פאי 5.4%, 150 ג דנונה","שטראוס בריאות בע""\מ",IL,דנונה WOW קראק פאי,גרמים,150.00,100 גרם,false,,4.70,0.0313,true,1,145216
7290110558253,false,דנונה שייק נונה ריפרש בננה אננס וצ'יה,"שטראוס בריאות בע""\מ",IL,דנונה ריפרש בננה אננ,גרמים,250.00,100 גרם,false,,5.80,0.0232,true,1,144575
7290110558284,false,דנונה ביו מולטי שטראוס 200 גרם,"שטראוס בריאות בע""\מ",IL,דנונה ביו מולטי 200,גרמים,200.00,100 גרם,false,,4.10,0.0205,false,1,144943
7290110558307,false,יוגורט דנונה PRO עם שיבולת שועל במתיקות מעודנת,"שטראוס בריאות בע""\מ",IL,דנונה פרו 20 גרם חלב,גרמים,200.00,100 גרם,false,,6.50,0.0325,false,1,144095
7290110558314,false,דנונה פרו 20 גרם חלבון ללא סוכר פיסטוק 200 גרם,"שטראוס בריאות בע""\מ",IL,דנונה פרו 20 גר' ללא,גרמים,200.00,100 גרם,false,,6.20,0.0310,false,1,145218
7290110558338,false,יוגורט PRO בטעם מתיקות מעודנת 1.5% שומן,"שטראוס בריאות בע""\מ",IL,דנונה פרו 25 גרם חל,גרמים,200.00,100 גרם,false,,6.20,0.0310,true,1,144096
7290110558666,false,מעדן גבינה בטעם תפוח 88 ג' דניאלה,"שטראוס בריאות בע""\מ",IL,דניאלה בטעם תפוח,גרמים,88.00,100 גרם,false,,4.10,0.0466,true,1,146151
7290110558741,false,"גמדים פאוץ תפוח בננה, 100 ג' שטראוס","שטראוס בריאות בע""\מ",IL,גמדים פאו'ץ תפוח בננ,מיליליטרים,100.00,"100 מ""ל",false,,5.70,0.0570,true,1,146366
7290110558918,false,עלי חסה קראנצ' שטופים,שטראוס בריאות ירקות טריי,IL,עלי חסה קראנצ' שטופי,גרמים,150.00,100 גרם,false,,10.50,0.0700,true,1,145161
7290110559007,false,"שועועית חומה טעם הטבע קופסה, 380 גרם",קונסרב איטליה,IT,שעועית חומה טעם הטבע,גרמים,380.00,100 גרם,false,,6.90,0.0182,true,1,145236
7290110559014,false,שעועית שחורה מבושלת טעם הטבע 380 גרם,קונסרב איטליה,IT,שעועית שחורה טעם הטב,גרמים,380.00,100 גרם,false,,6.90,0.0182,true,1,145237
7290110559748,false,ריל מאגדת שקדים קוקוס ושוקולד מריר שטראוס 105 גרם,"ואמואליס פודס אס.איי,",GR,מאגדת ריל שקדים קוקו,גרמים,105.00,100 גרם,false,,14.90,0.1419,true,1,144978
7290110559762,false,ריל מאגדת אגוזים תמרים קוקוס שטראוס 105 גרם,"ואמואליס פודס אס.איי,",GR,מאגדת ריל אגוזים תמר,גרמים,105.00,100 גרם,false,,14.90,0.1419,true,1,144977
7290110559939,false,נתחי סויה בסגנון שווארמה ומג'דרה 350 גרם,אוכל ביתי ניר עציון,IL,נתחי סויה בסגנון שוו,גרמים,350.00,100 גרם,false,,23.90,0.0683,true,1,144067
7290110560300,false,"הפריכיות הטעימות חומוס, עדשים שחורות, קינואה ופלפל שחור",אנרג'י Energy - שטראוס,IL,פריכיות משולשות פלפל,גרמים,30.00,100 גרם,false,,5.80,0.1933,true,1,94259
7290110560317,false,"הפריכיות הטעימות חומוס, עדשים שחורות, קינואה ומלח ים","פרח תעשיו מזון בע""מ",IL,פריכיות משולשות מלח,גרמים,30.00,100 גרם,false,,5.80,0.1933,true,1,94260
7290110560324,false,"הפריכיות הטעימות תפו""א, אורז, אפונה ומלח ים","פרח תעשיו מזון בע""מ",IL,פריכיות משולשות אפונ,גרמים,30.00,100 גרם,false,,5.80,0.1933,true,1,94261
7290110560836,false,"מילקי טעם פסק זמן שטראוס 133 מ""ל",מיוצר עי קונדיטוריית,IL,מילקי בטעם פסק זמן,גרמים,133.00,100 גרם,false,,2.90,0.0218,true,1,91217
7290110561352,false,דנונה יוגורט ביו פרוביוטי 3% דל לקטוז 150ג',"שטראוס בריאות בע""\מ",IL,דנונה דל לקטוז,גרמים,200.00,100 גרם,false,,3.70,0.0185,true,1,91723
7290110563431,false,"משקה קפה קר בסגנון קלאסי 230 מ""ל 1.6% יוטבתה",האי נאם סי או אל.טי.,AT,משקה קפה קר בסגנון ק,מיליליטרים,230.00,"100 מ""ל",false,,7.80,0.0339,true,1,95109
7290110563448,false,"משקה קפה קר בסגנון מעודן 230 מ""ל 1.6% יוטבתה",האי נאם סי או אל.טי.,AT,משקה קפה קר בסגנון מ,מיליליטרים,230.00,"100 מ""ל",false,,7.80,0.0339,true,1,95110
7290110563462,false,חלב 2% דל לקטוז בבקבוק יטבתה 1 ליטר.,מחלבת יטבתה,IL,חלב נטול לקטוז 2%,ליטרים,1.00,ליטר,false,,8.40,8.4000,false,1,95650
7290110564339,false,חומוס אחלה הסידרה המובחר 30% טחינה 400 גר',מיוצר עי קונדיטוריית,IL,חומוס אחלה עשיר 30%,גרמים,400.00,100 גרם,false,,12.90,0.0323,true,1,90540
7290110564360,false,חומוס אחלה הסידרה המובחר 40% טחינה 400 גר',מיוצר עי קונדיטוריית,IL,חומוס אחלה שיר 40% ט,גרמים,400.00,100 גרם,false,,12.90,0.0323,true,1,90541
7290110564414,false,חומוס אחלה הסידרה המובחר 30% טחינה 600 גר',מיוצר עי קונדיטוריית,IL,חומוס אחלה עשיר 30%,גרמים,600.00,100 גרם,false,,14.90,0.0248,true,1,90544
7290110564742,false,"משקה קפה קר בסגנון חזק 230 מ""ל 1.2% יוטבתה",האי נאם סי או אל.טי.,AT,משקה קפה קר בסגנון ח,מיליליטרים,230.00,"100 מ""ל",false,,7.80,0.0339,true,1,95111
7290110565435,false,"לימבו ג'לי פטל 125 גרם חלבי ""שטראוס""","שטראוס גרופ בע""\מ",IL,לימבו פטל חלבי,גרמים,125.00,100 גרם,false,,2.00,0.0160,true,1,89982
7290110565527,false,יוגורט PRO פרו 1.5% 20 גרם חלבון בגביע,"שטראוס בריאות בע""מ",IL,דנונה פרו 20 גר חלב,גרמים,200.00,100 גרם,false,,6.20,0.0310,false,1,89364
7290110565572,false,מארז קפה טורקי עלית לדרך עם הל 168 גרם,שטראוס קפה בי.וי.,IL,מארז טורקי לדרך עם ה,גרמים,168.00,100 גרם,false,,19.90,0.1185,false,1,97414
7290110566623,false,קפסולות קולומביה עלית 08 למכונת נספרסו מארז 5X10ג',שטראוס קפה בי.וי.,IL,קפסולות קפה קולומביה,גרמים,50.00,100 גרם,false,,16.90,0.3380,false,1,92520
7290110566975,false,דנונה פרו יוגורט 0% תות עשיר בחלבון 200ג',"שטראוס בריאות בע""\מ",IL,דנונה פרו תות 20 גר,גרמים,200.00,100 גרם,false,,5.90,0.0295,false,1,91233
7290110567057,false,צנצנת מסטיק מאסט קוביות מנטה חזקה 66 ג' עלית,אסקום קונפקשיין,DE,בוקסי מנטה אקליפטוס,גרמים,64.00,100 גרם,false,,9.90,0.1547,true,1,93973
7290110568238,false,"קצפת צמחית 21% שומן 250 מ""ל יוטבתה",מחלבת יטבתה,IL,קצפת צמחית יטבתה,גרמים,250.00,100 גרם,false,,8.30,0.0332,false,1,92574
7290110568276,false,משקה וניל פרו Pro מועשר בחלבון 1.5%,מחלבת יטבתה,DE,משקה יטבתה פרו וניל,גרמים,350.00,100 גרם,false,,6.40,0.0183,true,1,92188
7290110568627,false,עלית - פסק זמן רול שוקולד חלב עם קרם אגוזים 26 גרם,שולן צ'\יקולטה גידה סאן.,TR,פסק זמן רול שוקולד ח,גרמים,28.00,100 גרם,false,,4.00,0.1429,false,1,94240
7290110568924,false,עלית - פסק זמן רול שוקולד חלב עם קרם חלב וקוקוס 26 גרם,שולן צ'\יקולטה גידה סאן.,TR,פסק זמן רול שוקולד ח,גרמים,26.00,100 גרם,false,,4.00,0.1538,false,1,94241
7290110570125,false,"משקה קפה קר בטעם אייריש קרים230 מ""ל יוטבתה",אנסטל מילק kg,AT,קפה קר בטעם אייריש ק,מיליליטרים,230.00,"100 מ""ל",false,,7.80,0.0339,true,1,146147
7290110570224,false,"משקה קפה קר בטעם עוגיות יטבתה 230 מ""ל",אנסטל מילק kg,AT,משקה קפה קר בטעם עוג,מיליליטרים,230.00,"100 מ""ל",false,,7.80,0.0339,true,1,145221
7290110571184,false,עדשים חומות 380 גר שטראוס טעם הטבע,קונסרב איטליה,IT,עדשים חומות טעם הטבע,גרמים,380.00,100 גרם,false,,6.90,0.0182,true,1,145238
7290110571382,false,מעדן חלב בטעם וניל מעושר בחלבון 150 ג' שטראוס,"שטראוס בריאות בע""\מ",IL,מעדן חלב בטעם וניל מ,גרמים,150.00,100 גרם,false,,5.10,0.0340,true,1,143357
7290110571405,false,עלית - מיני פינוקיות בגביע פסק זמן 180 גרם,"הגביע מוצרי ופלים בע""\מ",IL,מיני פינוקיות בגביע,גרמים,180.00,100 גרם,false,,11.50,0.0639,true,1,146115
7290110571474,false,רבע לשבע טבעוני פופקורן עלית 125 גרם,"הגביע מוצרי וופלים בע""\מ",IL,רבע לשבע טבעוני פופק,גרמים,125.00,100 גרם,false,,12.00,0.0960,false,1,144961
7290110572129,false,כיף כף מקלות שוקולד לבן 40 ג' עלית,סולן בעבור שטראוס,TR,כיף כף מקלות שוקולד,גרמים,40.00,100 גרם,false,,5.50,0.1375,true,1,146117
7290110572884,false,"קפסולות קפה מספר 20 למכונת אספרס אספרסו, 50 גרם",שטראוס קפה בי.וי.,IL,קפסולות קפה חזק ועוצ,גרמים,50.00,100 גרם,false,,16.90,0.3380,false,1,146118
7290110572969,false,כיף כף פצפצים עקרם לבן 40ג' עלית,שולן צ'\יקולטה גידה סאן.,TR,כיף כף פצפצים קרם לב,גרמים,40.00,100 גרם,false,,5.50,0.1375,true,1,145234
7290110572976,false,כיף כף פצפצים בגביע במילוי קרם בטעם שוקולד לבן,שולן צ'יקולטה גידה ס,TR,כיף כף פצפצים קרם לב,גרמים,135.00,100 גרם,false,,11.50,0.0852,true,1,145235
7290110574413,false,עלית - פופקורן בטעם טעמי 70 גרם,סראנו בעבור שטראוס,קפריסין,פופקורן בטעם טעמי,גרמים,70.00,100 גרם,false,,7.50,0.1071,false,1,146130
7290110574420,false,עלית - פופקורן בטעם פסק זמן 70 גרם,סראנו בעבור שטראוס,קפריסין,פופקורן בטעם פסק זמן,גרמים,70.00,100 גרם,false,,7.50,0.1071,false,1,146131
7290110576318,false,מאגדת שלישיית שוקולד אגוז לבן 300 ג' עלית,סמואה,FR,מארז שלישיית אגוז לב,גרמים,300.00,100 גרם,false,,24.90,0.0830,false,1,145540
7290110576356,false,"שוקולד ספלנדיד מריר 64% - חלבי , מפולי קקאו מפרו",קימ'\ס גריפלנן,BE,ספלנדיד שוקולד מריר,גרמים,100.00,100 גרם,false,,8.50,0.0850,true,1,144992
7290110576363,false,"שוקולד ספלנדיד מריר 80% חלבי ,פולי קקאו מאוגנדה",קימ'\ס גריפלנן,BE,ספלנדיד שוקולד מריר,גרמים,100.00,100 גרם,false,,8.50,0.0850,true,1,144993
7290110576370,false,מארז שלישייה שוקולד מריר חלבי עם אגוזי לוז,סמואה,FR,מארז שלישיית אגוז מר,גרמים,300.00,100 גרם,false,,24.90,0.0830,false,1,145541
7290110576752,false,טבלאות שוקולד ספלנדיד מריר 70% 100 ג' עלית,קימ'ס גריפלנן,BE,ספלנדיד מריר 70%,גרמים,100.00,100 גרם,false,,10.90,0.1090,true,1,146122
7290110576776,false,טבלאות שוקולד ספלנדיד מריר 85% 100 ג' עלית,קימ'ס גריפלנן,BE,ספלנדיד מריר 85%,גרמים,100.00,100 גרם,false,,10.90,0.1090,true,1,146123
7290110576790,false,גבינת סקי 3% בטעם מוקה 125 גרם,"שטראוס בריאות בע""\מ",IL,סקי בטעם מוקה,גרמים,125.00,100 גרם,false,,3.90,0.0312,false,1,146148
7290110576851,false,"שמיניית משקה גמדים סלט פירות 108 מ""ל","שטראוס בריאות בע""\מ",IL,גמדים לשתייה שמינייה,מיליליטרים,864.00,"100 מ""ל",false,,21.00,0.0243,true,1,146152
7290110576868,false,רבעיית גמדים סלט פירוט * 100 ג' שטראוס,"שטראוס בריאות בע""\מ",IL,גמדים רביעיית סלט פי,מיליליטרים,400.00,"100 מ""ל",false,,11.60,0.0290,true,1,146153
7290110577230,false,משקה חלב בטעם פיסטוק בבקבוק יטבתה 1 ליטר,שטראוס גרופ,IL,משקה חלב בטעם פיסטוק,ליטרים,1.00,ליטר,false,,12.50,12.5000,false,1,146145
7290110577711,false,"משקה שייק חלבון מי גבינה עם אפרסק ומנגו350מ""ל יטבתה",מחלבת יטבתה,IL,שייק חלבון מי גבינה,מיליליטרים,350.00,"100 מ""ל",false,,7.70,0.0220,true,1,146372
7290110577728,false,"משקה שייק חלבון מי גבינה עם פירות יער 350מ""ל יטבתה",מחלבת יטבתה,IL,שייק חלבון מי גבינה,מיליליטרים,350.00,"100 מ""ל",false,,7.70,0.0220,true,1,146373
7290111285356,false,צלחת במבוק 23 סמ סמי הכבאי,שמחה זה אנחנו,CN,צלחת במבוק סמי הכבאי,יחידה,0.00,יחידה,false,,12.90,0.0000,true,1,96990
7290111340178,false,מטליות לחות ניקול לניקוי כללי בניחוח מרכך כביסה 50 יח',חוגלה קימברלי,IL,מטליות ניקוי כללי בר,יחידה,0.00,יחידה,false,,10.90,0.0000,false,1,87728
7290111340185,false,מטליות לחות רצפה ניחוח מרכך כביסה ניקול 10 יחידות,חוגלה קימברלי,IL,מטליות לחות לריצפה נ,יחידה,0.00,יחידה,false,,10.90,0.0000,false,1,87729
7290111340956,false,ניקול מטליות לחות לרצפה בניחוח פריחה לבנה,חוגלה קימברלי,IL,מטליות לחות לניקוי ר,יחידה,0.00,יחידה,false,,10.90,0.0000,false,1,90497
7290111341359,false,רדיד אלומיניום+סכין חיתוך ניקול 60 מטר,"אופל בע""\מ",IL,רדיד אלומיניום 60 מט,יחידה,0.00,יחידה,false,,39.90,0.0000,false,1,92599
7290111341366,false,ניקול מפיות אירוח חד שכבתי 150 יחידות,"משווק ע""י קימברלי קלארק",SK,מפיות אירוח חד שכבתי,יחידה,0.00,יחידה,false,,8.50,0.0000,true,1,92680
7290111341984,false,לילי - מגבוני נייר טואלט לח פיור רביעייה,קימברלי,IL,מארז רביעיה לילי לח,יחידה,0.00,יחידה,false,,21.90,0.0000,true,1,97944
7290111341991,false,מגבוני טואלט לח סופרים לילי 48 יח',חוגלה קימברלי,IL,לילי ספא בודד 48 יח,יחידה,0.00,יחידה,false,,8.90,0.0000,true,1,98405
7290111342004,false,נייר טואלט לילי לח קידס 56 דפים,חוגלה קימברלי,IL,לילי לח מגבונים בודד,יחידה,0.00,יחידה,false,,8.90,0.0000,true,1,96792
7290111342059,false,50 מטליות מיקרופייבר לשטחים אנטיבקטריאלי ניקול,ניקול,IL,מטליות לחות אנטיבקטר,יחידה,0.00,יחידה,false,,10.90,0.0000,true,1,100199
7290111342073,false,מטליות מקרופייבר למשטחים אנטיבקטריאלי ניקול,ניקול,IL,מיקרופייבר מטלית אנט,יחידה,0.00,יחידה,false,,12.90,0.0000,true,1,100486
7290111342523,false,מפיות אירוח לשימוש יומיומי ניקול 100 יח,חוגלה קימברלי,IL,מפיות אירוח ניקול,יחידה,0.00,יחידה,false,,6.90,0.0000,true,1,99825
7290111342684,false,מפיות חד שכבתי מודפסות 100 יח',חוגלה קימברלי,BG,מפיות מעוצבות חד שכב,יחידה,0.00,יחידה,false,,6.90,0.0000,true,1,103382
7290111342738,false,לילי - מגבוני נייר טואלט לח קידס רביעייה,לילי נייר טואלט חוגלה,IL,לילי לח קידס מארז רב,יחידה,0.00,יחידה,false,,21.90,0.0000,true,1,100002
7290111343117,false,"קלינקס לושן סופט פק זוגות 140 דף ""חדש""",קימברלי קלארק,IL,קלינקס לושן אריזת ני,יחידה,0.00,יחידה,false,,13.90,0.0000,false,1,104215
7290111343483,false,קוטקס יאנג נייט תחבושות עם כנפיים 20 יח,חוגלה,CZ,תחבושות קוטקס נייט,יחידה,0.00,יחידה,false,,17.90,0.0000,true,1,143605
7290111343827,false,ניקול מטליות רב שימושיות לניקוי וקרצוף 6 יח',ניקול,IL,מטליות ניקוי וקירצוף,יחידה,0.00,יחידה,false,,10.90,0.0000,true,1,103437
7290111343841,false,ספוגית הקסם נירוסטה - מארז 3 יחידות,ניקול,CN,ספוגית הקסם נירוסטה,יחידה,0.00,יחידה,false,,11.50,0.0000,true,1,103683
7290111343858,false,ניקול מטליות לחות לרצפה אנטיבקרטריאלי 10 יחידות,עלבד משואות יצחק,IL,מטליות לחות לריצפה א,יחידה,0.00,יחידה,false,,10.90,0.0000,false,1,102559
7290111344145,false,ניקול זוג מטליות מיקרופייבר אנטיבקטריאליות לרצפה,ניקול,CN,מטלית ריצפה אנטיבקטר,יחידה,0.00,יחידה,false,,21.90,0.0000,true,1,103468
7290111344206,false,האגיס נטורל קר מגבונים לחים בבישום עדין רביעייה,חוגלה קימברלי,IL,מגבוני האגיס נטורל ק,יחידה,0.00,יחידה,false,,19.90,0.0000,false,1,141922
7290111344459,false,קוטוקס תחבושות נייט אקסטרא לונג 20 יח',חוגלה קימברלי,CN,תחבושות נייט אקסטרא,יחידה,0.00,יחידה,false,,17.90,0.0000,true,1,107064
7290111344503,false,חיתולי האגיס אקסטרה קייר מידה +4 36 יח',חוגלה קימברלי,IL,האגיס אקסטרא קייר 4,יחידה,0.00,יחידה,false,,49.90,0.0000,false,1,107089
7290111344510,false,נייר אפייה ניקול בשקית 100 יח,אופל,IL,ניירות אפיה נשלפים א,יחידה,0.00,יחידה,false,,23.90,0.0000,true,1,106599
7290111344527,false,ניקול שקיות אשפה XXL לפחים ענקיים 20 יחי,קימברלי קלארק,IL,שקיות אשפה לפח ענק X,יחידה,0.00,יחידה,false,,24.90,0.0000,true,1,105631
7290111344565,false,ניקול שקיות זיפר מארז משולב מידות,taizhou inter packin,CN,שקיות ניקול דאבל זי,יחידה,0.00,יחידה,false,,12.90,0.0000,true,1,145222
7290111344572,false,ניקול שקיות אשפה עם ידיות 25 יח',ניקול,TR,שקיות אשפה עם ידיות,יחידה,0.00,יחידה,false,,19.90,0.0000,true,1,142502
7290111344633,false,ניקול משטח ייבוש כלים אנטיבקטריאלי,ניקול,IL,משטח ייבוש כלים אנטי,יחידה,0.00,יחידה,false,,19.90,0.0000,true,1,145325
7290111344701,false,ניקול שקיות אוכל סנדויצון מניונים 250 יחידות,חוגלה קימברלי,IL,ניקול סנדוויצ'ון מהד,יחידה,0.00,יחידה,false,,14.90,0.0000,false,1,145326
7290111344732,false,קלינקס - טיישו אלרג'י קומפורט ניילון זוגות 140 דף,קימברלי קלארק,IL,קלינקס אלרג'י קומפור,יחידה,0.00,יחידה,false,,13.90,0.0000,true,1,107063
7290111344824,false,מגן תחתון קוטקס אקסטרא אנטיבקטריאלי לארג',חוגלה,CN,מגן תחתון קוטקס אנטי,יחידה,0.00,יחידה,false,,17.90,0.0000,true,1,142505
7290111344831,false,קוטקס - מגיני יום אקסטרא פרוטקט נורמל ביג 60 יח',חוגלה קימברלי,CN,מגן תחתון קוטקס אקסט,יחידה,0.00,יחידה,false,,17.90,0.0000,true,1,142503
7290111344855,false,קוטקס - מגיני יום אקסטרא פרוטקט לארג' ביג 52 יח',חוגלה קימברלי,CN,מגן תחתון קוטקס אקסט,יחידה,0.00,יחידה,false,,17.90,0.0000,true,1,142504
7290111344879,false,קוטקס מגיני תחתון 2IN1 מחזור+שתן 44 יחיד,חוגלה,CN,מגן תחתון קוטקס 2 ב-,יחידה,0.00,יחידה,false,,17.90,0.0000,true,1,142506
7290111344916,false,ניקול שישיית כריות יפניות אנטיבקטריאליות,חוגלה קימברלי,IL,ניקול כריות יפניות א,יחידה,0.00,יחידה,false,,10.90,0.0000,true,1,107061
7290111344930,false,מטליות לחות לרצפה בניחוח כביסה ארומתרפיה ניקול 10 יח',ניקול,IL,ניקול מטליות לחות לר,יחידה,0.00,יחידה,false,,10.90,0.0000,true,1,142396
7290111344978,false,רדיד אלומיניום עבה 60 מטר ניקול,"אופל בע""מ",IL,ניקול רדיד אלומיניום,יחידה,0.00,יחידה,false,,39.90,0.0000,true,1,107062
7290111345043,false,ניקול מטליות מיקרופייבר דו צדדית למשטחים,סדובסקי,IL,מטליות מיקרופייבר למ,יחידה,0.00,יחידה,false,,13.90,0.0000,true,1,142380
7290111345050,false,כריות מיקרופייבר ניקול לניקוי עדין,ניקול,CN,כריות ניקול מיקרופיי,יחידה,0.00,יחידה,false,,10.90,0.0000,true,1,142381
7290111345722,false,ניקול שקיות לשמירה על הטריות 5 יחידות,ניקול,TR,שקיות ניקול לשמירת ה,יחידה,0.00,יחידה,false,,14.90,0.0000,false,1,145223
7290111345753,false,תחבושות נטורל דואו נורמל 24 יח' קוטקס,קריות זול,CZ,תחבושות קוטקס נטורל,יחידה,0.00,יחידה,false,,17.90,0.0000,true,1,143139
7290111345760,false,תחבושות נטורל דואו סופר 18 יח' קוטקס,קריות זול,CZ,תחבושות קוטקס נטורל,יחידה,0.00,יחידה,false,,17.90,0.0000,true,1,143140
7290111345814,false,נייר טואלט לילי נטורל קר 30 גלילים מהדורה,לילי נייר טואלט חוגלה,IL,נייר טואלט לילי נטור,יחידה,0.00,יחידה,false,,36.90,0.0000,false,1,142662
7290111345982,false,ניקול דפי ספוגית הקסם 10 יחידות,חוגלה קימברלי,IL,דפי ספוגית הקסם ניק,יחידה,0.00,יחידה,false,,10.90,0.0000,false,1,143470
7290111346125,false,מארז שלישייה מגבוני דיילי קר ללא בישום *56 יח' האגיס,קימברלי,IL,מגבוני האגיס 1/3 ללא,יחידה,0.00,יחידה,false,,15.90,0.0000,false,1,145816
7290111346293,false,מגבת נייר ניקול 6 יחידות מהדורה חגיגית,קימברלי קלארק,IL,שישיה נייר מגבת ניקו,יחידה,0.00,יחידה,false,,10.90,0.0000,false,1,144325
7290111346347,false,מגבוני אף אוריגינל סופט חמישיה קלינקס,קימברלי קלארק,IL,טישו קלינקס אורגינל,יחידה,0.00,יחידה,false,,15.90,0.0000,false,1,145162
7290111350030,false,רסק תפוחי עץ טבעי בצנצנת 670 גרם קלית גת,"ג'י אנד ג'י בע""מ",IL,רסק תפוחי עץ טבעי קל,גרמים,670.00,100 גרם,false,,10.90,0.0163,true,1,84675
7290111350047,false,תמרים מזן מגהול ללא חרצנים 500 גרם,טעמי הגליל,IL,תמרים מג'הול ללא חרצ,גרמים,500.00,100 גרם,false,,11.50,0.0230,true,1,85477
7290111350665,false,קליית גת דבש לחיץ טהור מפרחי בר 350 גרם,חקלאות עין חרוד מאוח,IL,דבש לחיץ 350 גר' קלי,גרמים,350.00,100 גרם,false,,21.90,0.0626,true,1,92546
7290111350672,false,"דבש טהור מפרחי בר ""קליית גת"" 700 גרם",חקלאות עין חרוד מאוח,IL,דבש צנצנת 700 גר' קל,גרמים,700.00,100 גרם,false,,32.90,0.0470,true,1,92544
7290111350719,false,חטיף נאצוס הוטפופ בסגנון מסעדות 322 גר,ליימן מותגים,US,נאצ'וס הוטפופ בסגנון,גרמים,322.00,100 גרם,false,,15.90,0.0494,true,1,96090
7290111350726,false,חטיף נאצוס הוטפופ בסגנון מקסיקני 322 גר,ליימן מותגים,US,נאצ'וס בסגנון מקסיקנ,גרמים,322.00,100 גרם,false,,15.90,0.0494,true,1,96091
7290111351280,false,תערובת אגוזים קלויים ללא מלח 150 גרם קליית גת,קליית גת,IL,תערובת אגוזים קלויים,גרמים,150.00,100 גרם,false,,16.50,0.1100,true,1,94726
7290111351334,false,קלית גת תמר מגהול650,הדקלאים אגודת שיתופי,IL,תמרים 650 גר',גרמים,650.00,100 גרם,false,,18.90,0.0291,true,1,96186
7290111352140,false,חמוציות מיובשות ברכז תפוחים קליית גת 150 גרם,קליית גת,IL,חמוציות מיובשות ברכז,גרמים,150.00,100 גרם,false,,11.50,0.0767,true,1,99313
7290111352935,false,יוגטה סוכריות טופי ממולאות 600 גרם 3 טעמים,יוגטה yogueta,TR,יוגטה סוכריות טופי מ,גרמים,600.00,100 גרם,false,,14.90,0.0248,true,1,102925
7290111352942,false,יוגטה סוכריות טופי ללא גלוטן 850 ג',יוגטה yogueta,TR,יוגטה סוכריות טופי 8,גרמים,850.00,100 גרם,false,,19.90,0.0234,true,1,141375
7290111352966,false,יוגטה סוכריות ממולאות בטעם פירות 250 גרם ללא ג'לטין,ליימן שליסל,TR,יוגטה סוכריות ממולאו,גרמים,250.00,100 גרם,false,,7.90,0.0316,true,1,103076
7290111352973,false,יוגוטה קוביות חמוצות ממולאות בטעם פירות,יוגטה yogueta,TR,קוביות חמוצות 220 גר,גרמים,220.00,100 גרם,false,,7.90,0.0359,true,1,104723
7290111353093,false,סוכריות טופי במילוי בטעמי פירות בצורת מקלות,יוגטה,TR,סוכריות טופי בטעמי פ,גרמים,600.00,100 גרם,false,,14.90,0.0248,true,1,106184
7290111353550,false,חמאת בוטנים טבעית קליית גת 300 גרם,J&G קיסריה,IL,חמאת בוטנים טבעית 30,גרמים,300.00,100 גרם,false,,14.90,0.0497,true,1,105840
7290111353680,false,גרעיני חמניה קליית גת 350 גרם,קליית גת,,גרעיני חמנייה 350 גר,גרמים,350.00,100 גרם,false,,11.50,0.0329,true,1,106356
7290111354076,false,תמרים ללא חרצנים בוואקום קליית גת 500 גרם,קליית גת,,תמרים ללא חרצנים 500,גרמים,500.00,100 גרם,false,,15.90,0.0318,true,1,143969
7290111354120,false,ממרח חלווה קליית גת 300 גרם,J&G קיסריה,IL,ממרח חלווה 300 גר' ק,גרמים,300.00,100 גרם,false,,15.90,0.0530,true,1,144429
7290111563492,false,סלטי צבר מטבוחה חריפה מרובע 6*400גרם,סלטי צבר,IL,סלטי צבר מטבוחה חרי,גרמים,400.00,100 גרם,false,,12.50,0.0313,true,1,91370
7290111564239,false,שלגוני קראנץ' Crunch בטעם וניל - 5 יח',גלידות נסטלה )נגה גלידות,IL,מאגדת שלגונים מיני ק,גרמים,275.00,100 גרם,false,,27.50,0.1000,true,1,90192
7290111564277,false,פריכיות דקות ונימוחות 3 דגנים פיטנס Fitness,פרח תעשיות בעמ,IL,פיטנס פריכיות 3 דגני,גרמים,120.00,100 גרם,false,,10.90,0.0908,true,1,88007
7290111564291,false,פריכיות דקות ונימוחות 3 דגנים וקינואה פיטנס Fitness,פרח תעשיות בעמ,IL,פיטנס פריכיות דקות ע,גרמים,120.00,100 גרם,false,,10.90,0.0908,true,1,88008
7290111564666,false,כדורי בשר צמחוניים עם המון חלבון,עיצובים 2020 (4.8),IL,טבעול כדורי בשר מהצו,גרמים,500.00,100 גרם,false,,31.00,0.0620,true,1,90117
7290111564956,false,"ביסלי במבה מיקס 200 גרם ""אסם""",פרו מן יו פתרונות אריזה,IL,חטיף ביסלי במבה 200,גרמים,200.00,100 גרם,false,,10.00,0.0500,false,1,91415
7290111565038,false,"לה קרמריה וניל קוקילידה בד""צ 1.4 ל'",גלידות נסטלה )נגה גלידות,IL,גלידת קרמריה וניל קו,יחידה,0.00,יחידה,false,,22.90,0.0000,false,1,91554
7290111565502,false,ארטיק אוראו וניל ועוגיות סנדוויץ נסטלה 80 ג',ג'נרל מילס סאן אדריא,IT,שלגון אוראו,גרמים,80.00,100 גרם,false,,9.90,0.1238,true,1,90217
7290111566103,false,טבעול פלאפל מרכיבים ביתיים בלבד 590 גרם,עיצובים 2020 (4.8),IL,טבעול פלאפל מרכיבים,גרמים,590.00,100 גרם,false,,31.00,0.0525,true,1,90683
7290111566127,false,מעדן אוראו קפוא בטעם וניל עם עוגיות בטעם שוקולד,ג'נרל מילס סאן אדריא,IT,מאגדת שלגונים אוראו,גרמים,198.00,100 גרם,false,,21.90,0.1106,true,1,90218
7290111566226,false,שניצל ברוקולי טבעול 667 גרם,עיצובים 2020 (4.8),IL,שניצל ברוקולי 664 גר,גרמים,664.00,100 גרם,false,,31.00,0.0467,true,1,90684
7290111566240,false,שניצל דק מן הצומח בטעם צ'ילי חריף 700 גרם,עיצובים 2020 (4.8),IL,שניצל דק בטעם צ'ילי,גרמים,564.00,100 גרם,false,,31.00,0.0550,true,1,90695
7290111566271,false,חטיפי תירס טבעול 657 גרם,עיצובים 2020 (4.8),IL,טבעול חטיפי תירס 657,גרמים,657.00,100 גרם,false,,28.90,0.0440,false,1,90205
7290111566318,false,שניצל דק מן הצומח בטעם ביתי 700 גרם,עיצובים 2020 (4.8),IL,טבעול שניצל דק מהצומ,גרמים,564.00,100 גרם,false,,31.00,0.0550,true,1,90842
7290111566332,false,"נקניקיות וינר מן הצומח 680 גרם ""טבעול""",עיצובים 2020 (4.8),IL,טבעול נקנקיות וינר צ,גרמים,680.00,100 גרם,false,,31.00,0.0456,true,1,90114
7290111566417,false,טבעול טחון מן הצומח משופר 400 גרם,עיצובים 2020 (4.8),IL,טבעול טחון צמחוני,גרמים,500.00,100 גרם,false,,29.90,0.0598,false,1,91054
7290111566547,false,טבעול חזה בגריל צמחוני 99 קלוריות 560ג',עיצובים 2020 (4.8),IL,חזה בגריל צמחוני טבע,גרמים,560.00,100 גרם,false,,31.00,0.0554,true,1,90412
7290111566561,false,"שניצל ברוקולי 99 קלוריות 560 גר' ""טבעול""",עיצובים 2020 (4.8),IL,טבעול שניצל ברוקולי,גרמים,560.00,100 גרם,false,,31.00,0.0554,true,1,90413
7290111566585,false,"שניצל צמחוני 99 קלוריות 650 גר' ""טבעול""",עיצובים 2020 (4.8),IL,טבעול שניצל צמחוני 9,גרמים,650.00,100 גרם,false,,31.00,0.0477,true,1,90414
7290111566660,false,קציצות עדשים כתומות טבעול 530 גרם,עיצובים 2020 (4.8),IL,טבעול קציצות עדשים כ,גרמים,530.00,100 גרם,false,,31.00,0.0585,true,1,91314
7290111566691,false,"שניצל תרד 99 קלוריות 560 גרם ""טבעול""",עיצובים 2020 (4.8),IL,טבעול שניצל תרד 99 ק,גרמים,560.00,100 גרם,false,,31.00,0.0554,true,1,90415
7290111566714,false,טבעול המבורגר צמחוני 99 קלוריות 600 גרם,עיצובים 2020 (4.8),IL,טבעול המבורגר צמחוני,גרמים,600.00,100 גרם,false,,31.00,0.0517,true,1,90416
7290111566752,false,טבעול שניצל תירס 99 קלוריות 693 גרם,עיצובים 2020 (4.8),IL,טבעול שניצל תירס 99,גרמים,693.00,100 גרם,false,,31.00,0.0447,true,1,90417
7290111566776,false,"נקניקיות קוקטייל מן הצומח 680 גרם ""טבעול""",עיצובים 2020 (4.8),IL,טבעול נקנקיות קוקטיי,גרמים,680.00,100 גרם,false,,31.00,0.0456,true,1,90115
7290111568206,false,"מיקס ביסלי, אפרופו ופיצוחים מתובלים",פרו מן יו פתרונות אר,IL,ביסלי פארטי מיקס,גרמים,150.00,100 גרם,false,,9.00,0.0600,false,1,91828
7290111568251,false,אטריות נודלס להקפצה אסם אסייתי 350 גר',תאי פרזידנטפוד,TH,נודלס אטריות להקפצה,גרמים,350.00,100 גרם,false,,9.90,0.0283,true,1,91910
7290111568275,false,אטריות נודלס אורז רחבות אסם אסייתי 300גרם,תאי פרזידנט,TH,נודלס אטריות אורז רח,גרמים,300.00,100 גרם,false,,9.90,0.0330,true,1,91911
7290111568299,false,אטריות נודלס עם תרד אסם אסייתי 300 גר',זארה,IT,נודלס איטריות עם תרד,גרמים,300.00,100 גרם,false,,9.90,0.0330,true,1,92483
7290111568961,false,בייגלה טבעות מלח אסם 400 גרם,אסם,IL,בייגלה טבעות מלח אסם,גרמים,400.00,100 גרם,false,,11.40,0.0285,true,1,92355
7290111666223,false,צלחות פסטה 5 יח',,,צלחות פסטה 5 יח',יחידה,0.00,יחידה,false,,15.90,0.0000,true,1,106681
7290111871870,false,קערה במבוק מפרץ ההרפתקאות בנות,,CN,קערה במבוק מפרץ ההרפ,יחידה,0.00,יחידה,false,,8.90,0.0000,true,1,97002
7290111930898,false,חטיף פוף כוכבים גריל אמריקאי 40 גרם,פוף POOF,IL,פוף כוכבים גריל אמרי,יחידה,0.00,יחידה,false,,3.90,0.0000,true,1,89346
7290111930904,false,חטיף פוף כוכבים בצל 40 גרם,פוף POOF,IL,פוף כוכבים 40 גרם,יחידה,0.00,יחידה,false,,3.90,0.0000,true,1,89344
7290111930911,false,חטיף פוף לבבות קלאסי 40 גרם,פוף POOF,IL,פוף לבבות קלאסי 40 ג,יחידה,0.00,יחידה,false,,3.90,0.0000,true,1,89345
7290111930928,false,חטיף פוף לבבות גריל 40 גרם,פוף POOF,IL,פוף כוכבים גריל 40 ג,יחידה,0.00,יחידה,false,,3.90,0.0000,true,1,89347
7290111930935,false,חטיף פוף טבעות קלאסי 40 גרם,פוף POOF,IL,פוף טבעות קלאסי 40 ג,יחידה,0.00,יחידה,false,,3.90,0.0000,true,1,89348
7290111931321,false,"קולגייט משחת שיניים ילדים 6+ מיניונים 50 מ""ל",קולגייט- פלמוליב,PL,קולגייט משחת שיניים,מיליליטרים,50.00,"100 מ""ל",false,,10.90,0.2180,true,1,92592
7290111931338,false,"סבון נוזלי פלמוליב לומינוס תאנה 500 מ""ל",קולגייט פלמוליב,TR,פלמוליב סבון לומינוס,מיליליטרים,500.00,"100 מ""ל",false,,14.90,0.0298,true,1,91675
7290111932380,false,"מארז זוגי משחת שיניים מרידול 75 מ""ל",GABA LOER GER,PL,"מרידול מארז זוג כשל""",מיליליטרים,150.00,"100 מ""ל",false,,29.90,0.1993,true,1,95452
7290111932502,false,"משחת שיניים קולגייט אופטיק וייט אקספרט וויט 75 מ""ל",קולגייט Colgate,MX,קולגייט משחת אופטיק,מיליליטרים,75.00,"100 מ""ל",false,,25.90,0.3453,true,1,93296
7290111933462,false,"רוטב צ'ילי מתוק מאסטר שף 300 מ""ל","סיטי פוד בע""מ",TH,רוטב צ'ילי מתוק מאסט,מיליליטרים,300.00,"100 מ""ל",false,,7.90,0.0263,true,1,91316
7290111933554,false,שלישייה עגבניות קוביות מאסטר שף 400 גרם,קונסוריזיו קאסאלסקו,IT,מאסטר שף עגבניות קוב,קילוגרמים,1.20,"ק""ג",false,,15.90,13.2500,true,1,93628
7290111933561,false,מאסטר שף תערובת ציפוי נגטס 250 גרם,טסט וסנט קו.לטד,TH,תערובת ציפוי נאגטס,גרמים,250.00,100 גרם,false,,7.90,0.0316,true,1,97343
7290111933998,false,תבנית קוקי אינגליש עם נייר אפייה 4 יח,קוקי,CN,קוקי תבנית אינגליש ק,יחידה,0.00,יחידה,false,,9.90,0.0000,true,1,96135
7290111934049,false,קוקי רדיד אלומניום כ,,CN,קוקי רדיד אלומיניום,יחידה,0.00,יחידה,false,,15.90,0.0000,true,1,100098
7290111935961,false,מאסטר שף מחית עגבניות 690 גרם כשלפ,פראנו אנריקו ופיגלי,IT,מאסטר שף מחית עגבניו,גרמים,690.00,100 גרם,false,,11.90,0.0172,true,1,96556
7290111936296,false,"פלמוליב סבון נוזלי בניחוח סנסיישן מסאז' ,750 מ""ל",קולגייט פלמוליב,TR,פלמוליב ארומה סנסייש,מיליליטרים,750.00,"100 מ""ל",false,,19.90,0.0265,true,1,96344
7290111937231,false,פרי מארז חטיפים 5 יחידות תמרים וקוקוס כשלפ,"טבעית מוצרים מהטבע בע""\מ",IL,חטיפי פרי תמרים וקוק,גרמים,125.00,100 גרם,false,,16.50,0.1320,true,1,95276
7290111937262,false,פרי מארז חטיפים 5 יחידות תמרים אגוזים שברי קקאו כשלפ,"טבעית מוצרים מהטבע בע""\מ",IL,חטיף פרי תמרים אגוז,גרמים,120.00,100 גרם,false,,16.50,0.1375,true,1,95233
7290111938498,false,"מנה אסייאתי רוטב סויה בהירה 700 מ""ל מ.שף",קי.אר.אס. ספייסי פוד,TH,מאסטר שף רוטב סויה ב,מיליליטרים,700.00,"100 מ""ל",false,,12.90,0.0184,true,1,100168
7290111939136,false,קוקי נייר אפייה עגול קוטר 26,קוקי,IL,קוקי נייר אפייה עגול,יחידה,0.00,יחידה,false,,7.90,0.0000,true,1,100099
7290111939174,false,קוקי ניילון נצמד עם גומי מידה לארג,קוקי,CN,קוקי ניילון נצמד עם,יחידה,0.00,יחידה,false,,9.90,0.0000,true,1,100101
7290111939181,false,קוקי כיסוי ניילון עם גומי מיקס מידות,שסטוביץ,CN,קוקי ניילון נצמד עם,יחידה,0.00,יחידה,false,,9.90,0.0000,true,1,100102
7290112000057,false,גל כביסה קרטין גולד וולייט 3 ליטר,רקיט בנקיזר,IT,וולייט ג'ל גולד 3 לי,ליטרים,3.00,ליטר,false,,19.90,6.6333,true,1,89558
7290112000293,false,"סיליט באנג ג'ל לחיטוי וניקוי האסלה פרש, 750 מ""ל",סיליט באנג Cillit Bang,PL,סיליט ג'ל אסלות פרש,מיליליטרים,750.00,"100 מ""ל",false,,9.90,0.0132,true,1,89974
7290112000385,false,מנקה ומחטא עוצמתי למטבח ללא אקונומיקה,רקיט בנקיזר,PL,דטול תרסיס למטבח 750,יחידה,0.00,יחידה,false,,14.90,0.0000,true,1,93448
7290112000392,false,מנקה ומחטא עוצמתי לחדר האמבטיה ללא אקונומיקה,רקיט בנקיזר,PL,דטול תרסיס לאמבטיה 7,יחידה,0.00,יחידה,false,,14.90,0.0000,true,1,93449
7290112000408,false,מנקה ומחטא עוצמתי לניקוי כללי בניחוח לימון,רקיט בנקיזר,US,דטול תרסיס לניקוי כל,מיליליטרים,750.00,"100 מ""ל",false,,14.90,0.0199,true,1,93450
7290112000736,false,פיניש טבליות aio 80 יח אריזת חסכון,רקיט בנקיזר,PL,פיניש 80 טבליות,יחידה,0.00,יחידה,false,,54.90,0.0000,true,1,92212
7290112000798,false,"דיטול תרסיסי חיטוי וניקוי אנטי בקטריאלי 750 מ""ל",רקיט בנקיזר,US,דטול תרסיס חיטוי וני,יחידה,0.00,יחידה,false,,14.90,0.0000,true,1,93451
7290112001023,false,"אירוויק ספרי אוטמטי מילוי תענוגות האביב 250 מ""ל","יצרן המכשיר: זובלה, שנזן",HU,אירוויק מילוי אוטומט,יחידה,0.00,יחידה,false,,14.90,0.0000,true,1,93881
7290112001030,false,"אירוויק ספרי אוטמטי מילוי פריחת הדובדבן 250 מ""ל","יצרן המכשיר: זובלה, שנזן",HU,איירוויק מילוי אוטומ,יחידה,0.00,יחידה,false,,14.90,0.0000,true,1,93819
7290112001436,false,"פיניש מנקה מדיח כלים בניחוח לימון 250 מ""ל",רקיט בנקיזר,PL,פיניש מנקה מדיח בניח,יחידה,0.00,יחידה,false,,14.90,0.0000,true,1,99795
7290112001870,false,"סיליט באנג ספריי ניקוי אמבטיה 750 מ""ל",רקיט בנקיזר,PL,סיליט טריגר אמבטיה,מיליליטרים,750.00,"100 מ""ל",false,,12.90,0.0172,true,1,98977
7290112001900,false,פיניש ג'ל למדיח אקולוגי 1 ליטר,רקיט בנקיזר,PL,פיניש ג'ל 1 ליטר אקו,ליטרים,1.00,ליטר,false,,42.90,42.9000,true,1,98650
7290112002099,false,קולון גל כביסה מרוכז 2.5 ליטר קלאסי,רקיט בנקיזר,IL,קולון ג'ל כביסה 2.5,ליטרים,2.50,ליטר,false,,24.90,9.9600,true,1,98535
7290112002105,false,קולון גל כביסה מרוכז 2.5 ליטר ניחוח לילך,רקיט בנקיזר,IL,קולון ג'ל כביסה מרוכ,ליטרים,2.50,ליטר,false,,24.90,9.9600,true,1,98536
7290112002112,false,ג'ל כביסה מרוכז קולון 101 בניחוח ורדים,רקיט בנקיזר,IL,קולון ג'ל כביסה 2.5,ליטרים,2.50,ליטר,false,,24.90,9.9600,true,1,98537
7290112002136,false,ג'ל כביסה מרוכז קולון 101 קלאסי,רקיט בנקיזר,IL,קולון ג'ל כביסה 4 לי,ליטרים,4.00,ליטר,false,,34.90,8.7250,true,1,98532
7290112002143,false,ג'ל כביסה מרוכז קולון 101 בניחוח לילך,רקיט בנקיזר,IL,קולון ג'ל כביסה 4 לי,ליטרים,4.00,ליטר,false,,34.90,8.7250,true,1,98533
7290112002150,false,ג'ל כביסה מרוכז קולון 101 בניחוח ורדים,רקיט בנקיזר,IL,קולון ג'ל כביסה 4 לי,ליטרים,4.00,ליטר,false,,34.90,8.7250,true,1,98530
7290112002167,false,קולון ג'ל כביסה בניחוח פריחה מרענן ירוק 4 ליטר,רקיט בנקיזר,IL,קולון ג'ל כביסה 4 לי,ליטרים,4.00,ליטר,false,,34.90,8.7250,true,1,98534
7290112002983,false,"סיליט באנג ניקוי כללי רכיבים טבעיים 750 מ""ל",רקיט בנקיזר,PL,סיליט באנג ניקוי כלל,מיליליטרים,750.00,"100 מ""ל",false,,16.90,0.0225,true,1,102636
7290112003133,false,אירוויק פרשמטיק מכשיר אוטמטי ומלוי פיור בניחוח מנגו מרענן,איירוויק,,איירוויק פרשמטיק מכש,יחידה,0.00,יחידה,false,,44.90,0.0000,true,1,102292
7290112003140,false,"אירוויק ספרי אוטמטי מילוי מנגו מרענן 250 מ""ל",RECKITT BENCKISER UK,GB,אירוויק פרשמטיק מילו,מיליליטרים,250.00,"100 מ""ל",false,,14.90,0.0596,true,1,101990
7290112003188,false,קולון קפסולות גל לכביסה 60 יחידות,רקיט בנקיזר,IT,קולון קפסולות 60 יח',יחידה,0.00,יחידה,false,,49.90,0.0000,true,1,104139
7290112003232,false,אבקת כביסה בניחוח לבנדר קולון 5 ק''ג,זוהר דליה,IL,קולון אבקת כביסה לבנ,קילוגרמים,5.00,"ק""ג",false,,39.90,7.9800,true,1,102836
7290112003256,false,אבקת כביסה קולון 101 בניחוח לבנדר,זוהר דליה,IL,קולון אבקת כביסה לבנ,קילוגרמים,1.25,"ק""ג",false,,11.90,9.5200,false,1,102838
7290112003997,false,אבקת וניש להסרת כתמי,RECKITT BENCKISER It,IT,וניש ורוד אבקה,גרמים,1620.00,100 גרם,false,,34.90,0.0215,true,1,143319
7290112004185,false,"פיניש נוזל הברקה אקולוגי למדיח 400 מ""ל",רקיט בנקיזר,PL,פיניש נוזל הברקה למד,מיליליטרים,400.00,"100 מ""ל",false,,14.90,0.0373,true,1,141572
7290112004192,false,פיניש טבליות אקולוגי 70יח 1 ALL IN,רקיט בנקיזר,PL,פיניש טבליות למדיח א,יחידה,0.00,יחידה,false,,54.90,0.0000,true,1,141573
7290112004208,false,פיניש טבליות למדיח הכל ב 1 לימון 50 יחידות,רקיט בנקיזר,PL,פיניש טבליות למדיח ל,יחידה,0.00,יחידה,false,,39.90,0.0000,true,1,141574
7290112004314,false,"דטול - תרסיס חיטוי וניקוי בניחוח לימון רימונים 750 מ""ל",רקיט בנקיזר,PL,דטול תרסיס מנקה ומחט,מיליליטרים,750.00,"100 מ""ל",false,,14.90,0.0199,true,1,108878
7290112004413,false,"ספריי וניש קליה להסרת כתמים לבגדים לבנים 750 מ""ל",רקיט בנקיזר,PL,וניש ספריי הסרת כתמי,מיליליטרים,750.00,"100 מ""ל",false,,16.90,0.0225,true,1,144149
7290112004611,false,"וניש קליה ג'ל מרוכז לטיפול נקודתי בכתמים 200 מ""ל",רקיט בנקיזר,PT,ווניש פאואר ג'ל 200,מיליליטרים,200.00,"100 מ""ל",false,,16.90,0.0845,true,1,143146
7290112004703,false,ג'ל וניש שקוף לכביסה צבעונית ועדינה 750מל',רקיט בנקיזר,IT,וניש ג'ליסימו ורוד 7,מיליליטרים,750.00,"100 מ""ל",false,,19.90,0.0265,true,1,146260
7290112004710,false,"ג'ל וניש שקוף לכביסה לבנה ועדינה 750 מ""ל",רקיט בנקיזר,IT,וניש ג'ליסימו לבן 75,מיליליטרים,750.00,"100 מ""ל",false,,19.90,0.0265,true,1,146261
7290112004772,false,אירוויק מילוי מבשם חשמלי כביסה באוויר,רקיט בנקיזר,GB,מילוי מבשם אוויר חשמ,יחידה,0.00,יחידה,false,,14.90,0.0000,true,1,145252
7290112004963,false,"פיניש אולטימייט קפסולות לניקוי כלים במדיח, 25 יחידות",רקיט בנקיזר,PL,פיניש אולטימייט 25 ט,יחידה,0.00,יחידה,false,,39.90,0.0000,true,1,145434
7290112004970,false,פיניש אולטימייט קוואנטום 50 טבליות למדיח,רקיט בנקיזר,IL,פיניש אולטימייט 50 י,יחידה,0.00,יחידה,false,,54.90,0.0000,true,1,145395
7290112005045,false,וניש תוסף כביסה רב תכליתי לבגדים לבנים,קליה וניש Kalia Vanish,IT,וניש אבקה לכביסה לבנ,גרמים,480.00,100 גרם,false,,16.90,0.0352,true,1,145126
7290112005052,false,וניש תוסף כביסה רב תכליתי לבגדים לבנים,קליה וניש Kalia Vanish,IT,וניש אבקה לכביסה לבנ,גרמים,1500.00,100 גרם,false,,39.90,0.0266,true,1,145049
7290112005076,false,אבקה להסרת כתמים לכביסה צבעונית וניש קליה 480 גרם,קליה וניש Kalia Vanish,IT,וניש אבקה לכביסה צבע,גרמים,480.00,100 גרם,false,,16.90,0.0352,true,1,145127
7290112005083,false,וניש תוסף כביסה רב תכליתי לכביסה צבעונית,קליה וניש Kalia Vanish,IT,וניש אבקה לכביסה צבע,גרמים,1500.00,100 גרם,false,,39.90,0.0266,true,1,145125
7290112005168,false,פיניש אולטימייט קוואנטום לימון 60 טבליות למדיח,רקיט בנקיזר,PL,פיניש קוואנטום לימון,יחידה,0.00,יחידה,false,,59.90,0.0000,true,1,145253
7290112192158,false,"ניוקי תפו""א 500 גרם ללא גלוטן",,IT,"ניוקי תפו""א ללא גלוט",גרמים,500.00,100 גרם,false,,11.90,0.0238,true,1,97333
7290112192509,false,פירורי לחם ללא גלוטן 250 גר GFREE,אשבל מזון פונקציונלי,IL,פרורי לחם 250 גר' GF,גרמים,250.00,100 גרם,false,,18.90,0.0756,true,1,95599
7290112192561,false,"משחת שיניים פרודונטקס הגנה מלאה מרעננת הלבנה 75 מ""ל",ג'י.אס.קיי קונסיומר,IE,פרדונטקס משחה הגנה מ,מיליליטרים,75.00,"100 מ""ל",false,,32.90,0.4387,true,1,98747
7290112192875,false,"סנסודיין - משחת שיניים רגישות וחניכיים 75 מ""ל",סנסודיין Sensodyne,GB,משחת שיניים סנסודיין,יחידה,0.00,יחידה,false,,32.90,0.0000,true,1,99771
7290112192882,false,"סנסודיין - משחת שיניים רגישות וחניכיים מלבינה 75 מ""ל",ג'י.אס.קיי קונסיומר,GB,משחת שיניים סנסודיין,יחידה,0.00,יחידה,false,,32.90,0.0000,true,1,99772
7290112193292,false,"סטייל - מתולתלות מסכה לטיפול עמוק 500 מ""ל",א.ל.ארמן ייצור תמרוקים ב,IL,סטייל מסכה מתולתלות,מיליליטרים,500.00,"100 מ""ל",false,,34.90,0.0698,true,1,102687
7290112196774,false,ביסקוויט כוסמין חצי מצופה 175 גרם,,,ביסקוויט מקמח כוסמין,גרמים,175.00,100 גרם,false,,11.90,0.0680,true,1,142376
7290112197023,false,בארון - כדורי אנרגיה בטעם מוקה לאטה 100 גרם,,,אגוזי לוז מצופים שוק,יחידה,0.00,יחידה,false,,19.90,0.0000,true,1,144399
7290112197061,false,"סטייל - תחליב רחצה לניקוי וטיפוח הידיים ארגן 500 מ""ל",רנקסאן פלסטיק יאנגר,TR,תחליב רחצה לניקוי וט,מיליליטרים,500.00,"100 מ""ל",false,,12.90,0.0258,true,1,143832
7290112197078,false,"סטייל - תחליב רחצה לניקוי וטיפוח הידיים חמאת שיאה 500 מ""ל",רנקסאן פלסטיק יאנגר,TR,תחליב רחצה לניקוי וט,מיליליטרים,500.00,"100 מ""ל",false,,12.90,0.0258,true,1,143833
7290112197146,false,תחליף סוכר לכל מטרה טרוביה 360 גר*2,,US,זוג תחליף סוכר לכל מ,גרמים,720.00,100 גרם,false,,35.90,0.0499,true,1,145995
7290112197177,false,דגני בוקר במילוי קרם בטעם נוגט ללא גלוטן 375 ג' G FREE,נטורל קייקס,IL,דגני בוקר במילוי קרם,גרמים,375.00,100 גרם,false,,21.90,0.0584,true,1,145390
7290112197184,false,דגני בוקר במילוי קרם קרמל מלוח ללא גלוטן 375 ג' G FREE,נטורל קייקס,IL,דגני בוקר במילוי קרם,גרמים,375.00,100 גרם,false,,21.90,0.0584,true,1,145927
7290112197207,false,מיני כריות בציפוי שוקולד חלב 70 גר,נטורל קייקס,IL,מיני כריות בציפוי שו,גרמים,65.00,100 גרם,false,,8.50,0.1308,true,1,145992
7290112197702,false,פיצה משפחתית  מרגריטה 330 ג' ללא גלוטן ג'י פרי,נטורל קייקס,IL,פיצה משפחתית,גרמים,330.00,100 גרם,false,,25.90,0.0785,true,1,146155
7290112330352,false,"יוגורט PRO בטעם וניל 0% , 20 גרם חלבון בגביע","שטראוס בריאות בע""\מ",IL,דנונה פרו 20 גר וניל,גרמים,200.00,100 גרם,false,,6.20,0.0310,false,1,96474
7290112330390,false,דנונה פרו פירות יער 20 גרם חלבון 0% שומן 200 גרם,"שטראוס בריאות בע""\מ",IL,דנונה פרו 20 גר פירו,גרמים,200.00,100 גרם,false,,6.20,0.0310,false,1,96471
7290112330420,false,דנונה פרו לבן 2.9% שומן 150 גרם,מיוצר עי קונדיטוריית,IL,דנונה פרו לבן 2.9% ש,גרמים,150.00,100 גרם,false,,4.70,0.0313,true,1,95072
7290112332585,false,פריכיות משולש תפוא אורז בתיבול סלק ומלח ים אנרג'י 30 גרם,"פרח תעשיו מזון בע""מ",IL,"פריכיות תפו""א אורז ב",גרמים,30.00,100 גרם,false,,5.80,0.1933,true,1,96661
7290112332691,false,פינוקיות עוגיות קרם פסק זמן אגוזים 200 גרם,"הגביע מוצרי וופלים בע""\מ",IL,עוגיית קרם פסק זמן א,גרמים,200.00,100 גרם,false,,11.50,0.0575,true,1,97411
7290112332875,false,מסטיק מאסט קוביות בטעם מנטה עדינה 86 ג' עלית,אסקום קונפקשיין,DE,מאסט קוביות מנטה עדי,גרמים,86.00,100 גרם,false,,14.90,0.1733,true,1,96513
7290112335050,false,כשלפ מרשמלו ווסטהיים 150 ג',טופגאם תעשיות ממתקים,IL,מרשמלו וניל 150 גר',גרמים,150.00,100 גרם,false,,6.40,0.0427,false,1,95727
7290112335487,false,הפריכיות הטעימות קצח ודגנים אנרג'י 135 גרם,אנרג'י Energy - שטראוס,IL,הפריכיות הטעימות קצח,גרמים,135.00,100 גרם,false,,13.50,0.1000,true,1,96508
7290112335494,false,הפריכיות הטעימות תפוחי אדמה בטעם פוטטוס,"פרח תעשיות מזון בע""\מ",IL,הפריכיות הטעימות פוט,גרמים,135.00,100 גרם,false,,13.50,0.1000,true,1,96509
7290112335500,false,"פרכיות אנרג'י חומוס,אורז,עדשים שחורות וקינואה 135 גרם","פרח תעשיות מזון בע""\מ",IL,הפריכיות הטעימות חלב,גרמים,135.00,100 גרם,false,,13.50,0.1000,true,1,96510
7290112336613,false,עד חצות סנדוויץ' ביסקוויט עם שוקולד חלב,שטראוס גרופ,FR,עד חצות סנדוויץ,גרמים,135.00,100 גרם,false,,11.50,0.0852,true,1,99444
7290112336644,false,סוכריות מאסט ללא סוכר לימון 80 ג' עלית,שטראוס גרופ,PL,סוכריות לימון ללא סו,גרמים,80.00,100 גרם,false,,8.80,0.1100,false,1,98358
7290112336651,false,סוכריות מאסט ללא סוכר ריבת חלב 80 ג' עלית,שטראוס גרופ,PL,סוכריות ריבת חלב ללא,גרמים,80.00,100 גרם,false,,8.80,0.1100,false,1,98359
7290112336712,false,יוגורט PRO לבן 0% 21 גרם חלבון בגביע,"שטראוס בריאות בע""מ",IL,דנונה פרו 21 0%,גרמים,200.00,100 גרם,false,,6.20,0.0310,false,1,95524
7290112337474,false,סוכריות מאסט ללא סוכר פטל לימון 80 ג' עלית,שטראוס גרופ,PL,סוכריות פטל לימון לל,גרמים,80.00,100 גרם,false,,8.80,0.1100,false,1,98360
7290112337481,false,סוכריות מאסט ללא סוכר קפצ''ינו 80 ג' עלית,שטראוס גרופ,PL,סוכריות קפוצ'ינו ללא,גרמים,80.00,100 גרם,false,,8.80,0.1100,false,1,98361
7290112338877,false,מעדן גבינה בטעם תות 3% 125ג' סקי,"שטראוס בריאות בע""\מ",IL,סקי תות,גרמים,125.00,100 גרם,false,,3.90,0.0312,false,1,94541
7290112339171,false,מילקי מוס עם שוקולד וקצפת,מיוצר עי קונדיטוריית,IL,מילקי מוס,גרמים,81.00,100 גרם,false,,3.40,0.0420,false,1,94551
7290112339362,false,דנונה לייט אנד פריי בטעם קפוצ'ינו 150 גרם,"שטראוס בריאות בע""\מ",IL,דנונה לייט אנד פריי,גרמים,150.00,100 גרם,false,,4.60,0.0307,true,1,98837
7290112339867,false,גמדים לדרך גבינה לבנה עם מחית תות,"שטראוס בריאות בע""\מ",IL,גמדים סקוויז בודד תו,גרמים,100.00,100 גרם,false,,5.70,0.0570,true,1,95101
7290112339874,false,גמדים לדרך גבינה לבנה עם מחיות תות ובננה,"שטראוס בריאות בע""\מ",IL,גמדים סקוויז בודד תו,גרמים,100.00,100 גרם,false,,5.70,0.0570,true,1,95102
7290112340122,false,הפריכיות הטעימות 3 דגנים אנרג'י 135 גרם,"פרח תעשיות מזון בע""\מ",IL,הפריכיות הטעימות 3 ד,גרמים,135.00,100 גרם,false,,13.50,0.1000,true,1,96512
7290112340245,false,צנצנת מסטיק מאסט בטעם דובדבן 66 ג' עלית,"שטראוס גרופ בע""\מ",IL,צנצנת מאסט בטעם דובד,גרמים,66.00,100 גרם,false,,9.90,0.1500,true,1,95990
7290112340252,false,צנצנת מסטיק מאסט בטעם אבטיח מלון 66 ג' עלית,"שטראוס גרופ בע""\מ",IL,צנצנת מאסט בטעם אבטי,גרמים,66.00,100 גרם,false,,9.90,0.1500,true,1,95991
7290112340276,false,פינוקיות עוגיות קרם קפה 200 גרם,"הגביע מוצרי וופלים בע""\מ",IL,עוגיות קרם קפה נמס,גרמים,200.00,100 גרם,false,,11.50,0.0575,true,1,97417
7290112341556,false,יוגורט אקטיביה עם צ'יה ותות 150 גרם,"שטראוס בריאות בע""\מ",IL,אקטיביה עם צ'יה ותות,גרמים,150.00,100 גרם,false,,4.80,0.0320,true,1,98570
7290112341679,false,דנונה אקטיביה 3% שומן 200 גרם,מיוצר עי קונדיטוריית,IL,אקטיביה 3%,גרמים,200.00,100 גרם,false,,3.90,0.0195,false,1,98341
7290112341686,false,שמינייה יוגורט לבן אקטיביה 3% דנונה 150 גרם.,מיוצר עי קונדיטוריית,IL,מארז אקטיביה 3%,גרמים,1200.00,100 גרם,false,,20.90,0.0174,true,1,98342
7290112342102,false,סימפוניה גבינה במרקם שמנת בצל מקורמל 5%,"שטראוס בריאות בע""\מ",IL,סימפוניה בצל מקורמל,גרמים,200.00,100 גרם,false,,11.20,0.0560,true,1,99760
7290112342270,false,קפה פלטינום אינטנס מחוזק ב- 10% אספרסו,שטראוס קפה בי.וי,IL,קפה פלטיניום אינטנס,גרמים,125.00,100 גרם,false,,18.90,0.1512,false,1,98452
7290112342515,false,דוריטוס צ'יזי טוויסט 55 גרם,STRAUSS-ISRAEL,IL,דוריטוס צ'יזי טוויסט,גרמים,55.00,100 גרם,false,,2.90,0.0527,true,1,99783
7290112343260,false,"יטבתה רוטב שמנת קלאסי 9% שומן 260 מ""ל",שטראוס גרופ,IL,רוטב שמנת קלאסי 260,גרמים,260.00,100 גרם,false,,11.00,0.0423,true,1,99462
7290112343420,false,"משקה חלב עם דגנים מלאים ובננה פרו יטבתה 350מ""ל",מחלבת יטבתה,IL,יטבתה פרו ארוחת בוקר,מיליליטרים,350.00,"100 מ""ל",false,,7.70,0.0220,true,1,99459
7290112343499,false,חטיף צ'יטוס פאפס אפוי בטעם גבינה,"שטראוס פריטו ליי בע""\מ )",IL,צ'יטוס 55 גר' puffs,גרמים,55.00,100 גרם,false,,3.40,0.0618,true,1,141408
7290112343512,false,צ'יטוס puffs בטעם גבינה 180 גרם,"שטראוס פריטו ליי בע""\מ )",IL,צ'יטוס 160 גר' puffs,גרמים,160.00,100 גרם,false,,7.90,0.0494,true,1,141409
7290112344564,false,רביולי גבינה קלאסי שטראוס 400 ג',"שטראוס גרופ בע""\מ",IL,רביולי גבינה 400 גר',גרמים,400.00,100 גרם,false,,19.90,0.0497,true,1,98602
7290112344724,false,מעדן בטעם שוקולד בלונדי 170 ג' מילקי,מיוצר עי קונדיטוריית,IL,מילקי בטעם שוקולד בל,גרמים,133.00,100 גרם,false,,3.40,0.0256,false,1,99450
7290112344755,false,מילקי שוקולד 26% פחות סוכר 135 גרם,מיוצר עי קונדיטוריית,IL,מילקי מופחת סוכר,גרמים,135.00,100 גרם,false,,2.90,0.0215,false,1,105054
7290112344786,false,קפה פלטינום קלאסיק עלית 200 גרם,שטראוס קפה בי.וי.,IL,פלטינום קלאסיק 200 ג,גרמים,200.00,100 גרם,false,,24.90,0.1245,false,1,100411
7290112344953,false,סימפוניה חציל קלוי גבינה במקרם שמנת 5%,"שטראוס בריאות בע""\מ",IL,סימפוניה חציל קלוי,גרמים,200.00,100 גרם,false,,11.20,0.0560,true,1,105961
7290112346360,false,בפלות אחת אחת ופל בטעם שוקולד מצופה שוקולד,הגביע מוצרי וופלים ב,GR,בפלות אחת אחת בציפוי,גרמים,180.00,100 גרם,false,,14.90,0.0828,true,1,100454
7290112346537,false,עוגיות פינוקיות בטעם טורטית 200 ג' עלית,"הגביע מוצרי ופלים בע""\מ",IL,פינוקיות בטעם טורטית,גרמים,200.00,100 גרם,false,,11.50,0.0575,true,1,99448
7290112346629,false,דנונה בר יוגורט+קורנפלקס מצופה שוקולד חלב ולבן 172 גרם,"שטראוס בריאות בע""\מ",IL,דנונה קראנצ עם קורנפ,גרמים,172.00,100 גרם,false,,4.80,0.0279,false,1,102117
7290112346773,false,יוגורט בטעם וניל 0% לייט אנד פרי 10 גרם חלבון בגביע,מיוצר עי קונדיטוריית,IL,דנונה לייט אנד פריי,גרמים,150.00,100 גרם,false,,4.60,0.0307,true,1,105701
7290112346797,false,יוגורט אקטיביה שיבולת שועל ושזיף 150 גרם,מיוצר עי קונדיטוריית,IL,אקטיביה שיבולת שועל,גרמים,150.00,100 גרם,false,,4.80,0.0320,true,1,101183
7290112346827,false,שמיניית אקטימל ויטמין C פטל 108 גרם,"שטראוס בריאות בע""\מ",IL,אקטימל ויטמין סי פטל,גרמים,864.00,100 גרם,false,,21.10,0.0244,false,1,104461
7290112347008,false,גמדים לדרך גבינה לבנה עם מחית תות ושיבולת שועל,מיוצר עי קונדיטוריית,IL,גמדים ארוחת בוקר תות,גרמים,100.00,100 גרם,false,,5.70,0.0570,true,1,99453
7290112347909,false,טחינה במרקם עשיר 400,מיוצר עי קונדיטוריית,IL,טחינה במרקם עשיר 400,גרמים,400.00,100 גרם,false,,15.00,0.0375,true,1,100067
7290112348616,false,עלית - קפה נמס אגוזי לוז 100 גרם,שטראוס קפה בי.וי,IL,קפה נמס אגוזי לוז,גרמים,100.00,100 גרם,false,,15.90,0.1590,false,1,103999
7290112348999,false,הפריכיות הטעימות תירס דקות אנרג'י 135 גרם,פרח תעשיות,IL,פריכיות טעימות תירס,גרמים,135.00,100 גרם,false,,13.50,0.1000,true,1,105066
7290112349606,false,מעדן גבינה ויוגורט תות בננה 88 ג' דניאלה,"שטראוס בריאות בע""\מ",IL,דניאלה תות בננה,גרמים,88.00,100 גרם,false,,4.10,0.0466,true,1,142635
7290112349699,false,פסאטה מחית עגבניות חלקה 350 גר' יד מרדכי,אמיליאנה קונסרב סוסייטה,IT,פסאטה מחית עגבניות ח,גרמים,350.00,100 גרם,false,,7.90,0.0226,true,1,99837
7290112349705,false,פומודורו רוטב עגבניות קלאסי לפסטה יד מרדכי 350 גרם,אמיליאנה קונסרב סוסייטה,IT,פומודורו רוטב עגבניו,גרמים,350.00,100 גרם,false,,11.90,0.0340,true,1,99838
7290112349736,false,בזיליקום רוטב עגבניות לפסטה יד מרדכי 350 גרם,אמיליאנה קונסרב סוסייטה,IT,בזיליקום רוטב עגבניו,גרמים,350.00,100 גרם,false,,11.90,0.0340,true,1,99839
7290112349743,false,ארביאטה רוטב עגבניות פיקנטי לפסטה 350 ג' יד מרדכי,אמיליאנה קונסרב סוסייטה,IT,ארביאטה רוטב עגבניות,גרמים,350.00,100 גרם,false,,11.90,0.0340,true,1,99840
7290112349750,false,פיצה רוטב עגבניות לפיצה יד מרדכי 350 גרם,אמיליאנה קונסרב סוסייטה,IT,רוטב עגבניות לפיצה,גרמים,350.00,100 גרם,false,,11.90,0.0340,true,1,99841
7290112349897,false,מסטיק מאסט Must קוביות בטעם מנטה ללא סוכר,אסקום קונפקשיין,DE,מאסט קוביות מנטה,גרמים,86.00,100 גרם,false,,14.90,0.1733,true,1,101272
7290112350312,false,קפסולות 15 קפה יותר למכונות נספרסו עלית 10יח',הנסיך- מפעל לייצור ט,IL,קפסולות 15 למכונות נ,גרמים,50.00,100 גרם,false,,16.90,0.3380,false,1,103162
7290112350589,false,ציקו אבקה להכנת משקה ציקוריה 65 גר,שטראוס קפה בי.וי,IL,אבקת צ'יקו 65 גר,גרמים,65.00,100 גרם,false,,11.50,0.1769,false,1,103579
7290112351067,false,סילאן טבעי 100% תמר מג'הול ללא תוספת סוכר,יד מרדכי,IL,סילאן טבעי לחיץ 630,גרמים,630.00,100 גרם,false,,25.90,0.0411,true,1,101273
7290112351104,false,שוקולד פרה ממולא פיצפוצי אורז 100 ג' עלית,"שטראוס גרופ בע""\מ",IL,שוקולד פרה פיצפוצי א,גרמים,100.00,100 גרם,false,,6.00,0.0600,false,1,101603
7290112351128,false,שוקולד פרה סוכריות קופצות וועסטהייים,"שטראוס גרופ בע""\מ",IL,שוקולד פרה סוכריות ק,גרמים,90.00,100 גרם,false,,6.00,0.0667,true,1,102643
7290112351258,false,עוגיית קקאו פינוקיות שחור לבן 200 גר,"הגביע מוצרי ופלים בע""\מ",IL,פינוקיות שחור לבן,גרמים,200.00,100 גרם,false,,11.50,0.0575,true,1,103160
7290112351463,false,שלישיית סוכריות מאסט FRESH פטל לימון 45 ג' עלית,"הליקון גידה בע""\מ",TR,סוכריות FRESH פטל לי,גרמים,45.00,100 גרם,false,,9.90,0.2200,true,1,102264
7290112351470,false,סוכריות ללא סוכר בטעם תות רימון מאסט פרש,"הליקון גידה בע""\מ",TR,סוכריות FRESH בטעם ר,גרמים,45.00,100 גרם,false,,9.90,0.2200,true,1,102265
7290112351524,false,עלי סלנובה 200 גר' שטראוס טעם הטבע,שטראוס בריאות ירקות טריי,IL,עלי סלנובה 200 גר ש,גרמים,200.00,100 גרם,false,,11.50,0.0575,true,1,103139
7290112354235,false,ברקטה פיצה - 2 יחידות במארז,סקרלינפיצה אס. אר. אל. א,IT,ברקטה פיצה,גרמים,300.00,100 גרם,false,,22.90,0.0763,true,1,141399
7290112354945,false,תפוצ'יפס wavy טבעי 50ג היתר מכירה,שטראוס פריטו ליי בע”,IL,תפוצ'יפס בטעם טבעי 5,גרמים,50.00,100 גרם,false,,3.90,0.0780,false,1,146209
7290112354952,false,תפוצ'יפס WAVY בטעם פפריקה 50 גרם,שטראוס פריטו ליי בע”,IL,תפוצ'יפס בטעם פפריקה,גרמים,50.00,100 גרם,false,,3.90,0.0780,false,1,146208
7290112354969,false,תפוצ'יפס בטעם טבעי 200 גרם היתר מכירה,שטראוס פריטו ליי בע”,IL,תפוצ'יפס טבעי 200 גר,גרמים,200.00,100 גרם,false,,10.90,0.0545,false,1,146210
7290112355027,false,דנונה פרו 20 גרם חלבון בטעם קרמל מלוח 200 גרם,"שטראוס בריאות בע""\מ",IL,דנונה פרו 20 גר קרמל,גרמים,200.00,100 גרם,false,,6.20,0.0310,false,1,105056
7290112355102,false,גמדים סקוויז 100 גרם פאוץ סלט פירות 100 גרם,"שטראוס בריאות בע""\מ",IL,גמדים פאו'ץ סלט פירו,גרמים,100.00,100 גרם,false,,5.70,0.0570,true,1,105745
7290112355393,false,"יטבתה רוטב שמנת+בטטה 9% שומן 250 מ""ל",שטראוס גרופ,IL,רוטב שמנת עם בטטה,מיליליטרים,257.00,"100 מ""ל",false,,11.00,0.0428,true,1,146146
7290112355812,false,מעדן מילקי עם טופ קורנפלקס מצופה שוקולד,"שטראוס גרופ בע""\מ",IL,מילקי טופ קורנפלקס,גרמים,141.00,100 גרם,false,,4.70,0.0333,false,1,144569
7290112355867,false,מילקי קצפת טופ פיצפוצים 86 גרם,"שטראוס גרופ בע""\מ",IL,מילקי קצפת טופ פיצפו,גרמים,86.00,100 גרם,false,,4.00,0.0465,false,1,141716
7290112357045,false,עגבניות איטלקיות מרוסקות 390 גר' בקופסה טעם הטבע,שטראוס טעם הטבע,IT,עגבניות איטלקיות מרו,גרמים,390.00,100 גרם,false,,6.90,0.0177,true,1,101804
7290112357076,false,קוביות עגבניות איטלקיות 390 גר' בקופסה טעם הטבע,שטראוס טעם הטבע,IT,קוביות עגבניות איטלק,גרמים,390.00,100 גרם,false,,6.90,0.0177,true,1,103163
7290112357083,false,טעם הטבע אפונה ירוקה 380 גרם קופסה,שטראוס טעם הטבע,IT,אפונת גינה טעם הטבע,גרמים,250.00,100 גרם,false,,6.90,0.0276,true,1,101801
7290112357106,false,שעועית אדומה 380 גר' בקופסה טעם הטבע,שטראוס טעם הטבע,IT,שעועית אדומה טעם הטב,גרמים,230.00,100 גרם,false,,6.90,0.0300,true,1,101806
7290112357175,false,קפסולות BOOST למכונת נספרסו עלית 10 יחידות,שטראוס קפה בי.וי,IL,קפסולות BOOST למכונת,גרמים,50.00,100 גרם,false,,16.90,0.3380,false,1,100470
7290112357892,false,סוכריות ללא סוכר בטעם מנטה מאסט פרש,"הליקון גידה בע""\מ",TR,סוכריות FRESH מנטה,גרמים,45.00,100 גרם,false,,9.90,0.2200,true,1,102266
7290112358004,false,פסק זמן קראנצ' עלית 32 גרם,שולן צ'\יקולטה גידה סאן.,TR,פסק זמן קראנץ',גרמים,32.00,100 גרם,false,,5.00,0.1563,false,1,104462
7290112358127,false,דנונה פרו חלבון+מגנזיום- וניל ועוגיות 200 גרם,מיוצר עי קונדיטוריית,IL,דנונה פרו עם מגנזיום,גרמים,200.00,100 גרם,false,,6.50,0.0325,false,1,104549
7290112358233,false,רוטב צ'ילי חריף יד מרדכי 300 גרם,"בית אל מזון בע""מ",IL,רוטב צילי חריף,גרמים,300.00,100 גרם,false,,13.90,0.0463,true,1,103164
7290112358240,false,רוטב גריל יד מרדכי 300 גרם,"בית אל מזון בע""מ",IL,רוטב גריל,גרמים,300.00,100 גרם,false,,13.90,0.0463,true,1,101608
7290112358431,false,עד חצות דאבל ביסקוויט עם שוקולד חלב -8 אריזות אישיות,ביסקוויטס טור ד'\אלבון,FR,עד חצות דאבל 200 גרם,גרמים,200.00,100 גרם,false,,13.90,0.0695,false,1,107037
7290112359353,false,קפה טורקי אלדין עלית 200 גרם.,שטראוס קפה בי.וי,IL,קפה טורקי אלדין 200,גרמים,200.00,100 גרם,false,,19.90,0.0995,false,1,144938
7290112490209,false,נמס בכוס מרק עגבניות עם קרוטונים רכיבים טבעיים,יוניליוור ישראל מזון בעמ,IL,נמס בכוס עגבניות קרו,גרמים,56.00,100 גרם,false,,7.00,0.1250,true,1,92968
7290112490216,false,מרק נמס בכוס בטעם עוף קנור 100% רכיבים טבעיים,יוניליוור ישראל מזון בעמ,IL,נמס בכוס טעם עוף קרט,גרמים,48.00,100 גרם,false,,7.00,0.1458,true,1,92969
7290112490230,false,מרק נמס בכוס אפונה קנור 100% רכיבים טבעיים,יוניליוור ישראל מזון בעמ,IL,נמס בכוס אפונה רכיבי,גרמים,50.00,100 גרם,false,,7.00,0.1400,true,1,92970
7290112490582,false,חרדל דיג'וןן צרפתי הלמנס 350 גר,יוניליוור מזון,FR,חרדל דיז'ון צרפתי,גרמים,350.00,100 גרם,false,,13.90,0.0397,true,1,92989
7290112490667,false,קונפיטורה משמש778 50% פרי 340 גר',יוניליוור מזון,BE,קונפיטורת משמשים 778,גרמים,340.00,100 גרם,false,,14.40,0.0424,true,1,93069
7290112490674,false,קונפיטורה דובדבנים 778 50% פרי 340 גר-,יוניליוור מזון,IL,קונפיטורת דובדבנים,גרמים,340.00,100 גרם,false,,14.40,0.0424,true,1,93070
7290112490698,false,קונפיטורה תות שדה לייט 300 גרם-צנצנת,יוניליוור מזון,IL,קונפיטורת תות לייט 7,גרמים,260.00,100 גרם,false,,15.90,0.0612,true,1,94602
7290112490728,false,מרק עשיר ירקות עם בורגול רכיבים טבעיים 95 ג' קנור,יוניליוור ישראל מזון בעמ,IL,מרק היום ירקות בורגו,גרמים,95.00,100 גרם,false,,12.90,0.1358,true,1,93800
7290112490735,false,מרק עשיר עגבניות עם פסטה ר.טבעיים 105 גרם קנור,יוניליוור ישראל מזון בעמ,IL,מרק היום עגבניות ופס,גרמים,105.00,100 גרם,false,,12.90,0.1229,true,1,93763
7290112490742,false,מרק עשיר פטריות עם גריסים רכיבים טבעיים 104 ג' קנור,יוניליוור ישראל מזון בע\,IL,מרק עשיר פטריות גריס,גרמים,104.00,100 גרם,false,,12.90,0.1240,true,1,93457
7290112490759,false,מרק עשיר עוף עם אטריות רכיבים טבעיים 74 ג' קנור,יוניליוור ישראל מזון בעמ,IL,מרק היום עוף אטריות,גרמים,74.00,100 גרם,false,,12.90,0.1743,true,1,93764
7290112491558,false,מאגדת שישייה שוקולד מריר פרווה,אתר צפת טבלאות ותעשי,IL,מאגדת שוקולד שישייה,גרמים,600.00,100 גרם,false,,21.90,0.0365,true,1,95638
7290112491701,false,ברנפלקס בטעם וניל מעודן 20% חלבון Extra Protein,יוניליוור ישראל מזון בעמ,IL,ברנפלקס אקסטרה פייבר,גרמים,375.00,100 גרם,false,,21.90,0.0584,false,1,95995
7290112491770,false,בייגלה דקים דקים מלח ים בייגל בייגל 300 גרם.,בייגל את בייגל מזון 198),IL,בייגלה דקים דקים מלח,גרמים,300.00,100 גרם,false,,8.90,0.0297,true,1,94719
7290112491787,false,בייגלה דקים דקים עם שומשום בייגל בייגל 300 גרם,בייגל את בייגל מזון 198),IL,בייגלה דקים דקים שומ,גרמים,300.00,100 גרם,false,,8.90,0.0297,true,1,94720
7290112491794,false,בייגלה דקים דקים בטעם שמנת ובצל בייגל בייגל 300 גרם,בייגל את בייגל מזון 198),IL,בייגלה דקים דקים שמנ,גרמים,300.00,100 גרם,false,,8.90,0.0297,true,1,94721
7290112492449,false,פינוק שמפו שיער רגיל 700 מל-חדש,יוניליוור ישראל טיפוח אי,IL,פינוק שמפו לשיער רגי,מיליליטרים,700.00,"100 מ""ל",false,,11.90,0.0170,false,1,101453
7290112492456,false,"שמפו פינוק לשיער יבש/פגום 700 מ""ל",יוניליוור ישראל טיפוח אי,IL,פינוק שמפו שיער יבש,מיליליטרים,700.00,"100 מ""ל",false,,11.90,0.0170,false,1,101455
7290112492463,false,"שמפו ומרכך 2 ב-1 לשיער רגיל פינוק 700 מ""ל.",יוניליוור ישראל טיפו,IL,שמפו פינוק 2-ב-1 רגי,מיליליטרים,700.00,"100 מ""ל",false,,11.90,0.0170,false,1,102149
7290112492470,false,"שמפו ומרכך 2 ב-1 לשיער יבש פינוק 700 מ""ל.",יוניליוור פארם,IL,פינוק 2-ב-1 יבש 700,מיליליטרים,700.00,"100 מ""ל",false,,11.90,0.0170,false,1,105584
7290112492487,false,פינוק שמפו לשיער עם שמן מרוקאי 700 מל,יוניליוור ישראל טיפוח אי,IL,פינוק שמפו שמן מרוקא,מיליליטרים,700.00,"100 מ""ל",false,,11.90,0.0170,false,1,101261
7290112492500,false,פינוק שמפו לשיער עם שמן קוקוס 700 מל,"יוניליור ישראל, טיפו",IL,שמפו פינוק שמן קוקוס,מיליליטרים,700.00,"100 מ""ל",false,,11.90,0.0170,false,1,101469
7290112492531,false,פינוק מרכך שיער רגיל 700 מל-חדש,יוניליוור פארם,IL,פינוק מרכך לשיער רגי,מיליליטרים,700.00,"100 מ""ל",false,,11.90,0.0170,false,1,99219
7290112492548,false,"מרכך פינוק עם שמן חוחובה 700 מ""ל",יוניליוור פארם,IL,פינוק מרכך לשיער יבש,מיליליטרים,700.00,"100 מ""ל",false,,11.90,0.0170,false,1,99220
7290112492593,false,תחליב רחצה פינוק בניחוח פינוק קלאסי 700,יוניליוור ישראל טיפוח אי,IL,פינוק תחליב רחצה קלא,מיליליטרים,700.00,"100 מ""ל",false,,11.90,0.0170,false,1,99213
7290112492609,false,"תחליב רחצה פינוק 700 מ""ל לבנדר ווניל",יוניליוור ישראל טיפוח אי,IL,פינוק תחליב רחצה לבנ,מיליליטרים,700.00,"100 מ""ל",false,,11.90,0.0170,false,1,99214
7290112492647,false,"פינוק לגבר 3 ב1 שמפו ג'ל רחצה וסבון פנים 700 מ""ל",יוניליוור ישראל טיפוח אי,IL,פינוק לגבר 3-ב-1 ספו,מיליליטרים,700.00,"100 מ""ל",false,,11.90,0.0170,false,1,106139
7290112492678,false,פינוק שמפו לשיער רגיל אריזת נסיעות 100 מ,יוניליוור ישראל טיפוח אי,IL,פינוק שמפו רגיל שפרפ,מיליליטרים,100.00,"100 מ""ל",false,,5.00,0.0500,true,1,106532
7290112492685,false,פינוק מרכך לשיער רגיל אריזת נסיעות 100 מ,יוניליוור ישראל טיפוח אי,IL,פינוק מרכך רגיל 100,מיליליטרים,100.00,"100 מ""ל",false,,5.00,0.0500,true,1,104496
7290112492715,false,"פינוק שמפו ללא דמעות לסירוק קל לילדים 700 מ""ל",יוניליוור ישראל טיפוח אי,IL,פינוק שמפו ללא דמעות,מיליליטרים,700.00,"100 מ""ל",false,,12.90,0.0184,true,1,102348
7290112492821,false,"מטליות לחות לניקוי כללי בניחוח מאסק ""סיף""",עלבד משואות יצחק בעמ,IL,סיף מגבוני ניקוי כלל,יחידה,0.00,יחידה,false,,10.90,0.0000,true,1,95582
7290112492838,false,סיף מגבוני מטליות לחות לניקוי כללי בניחוח מרכך כביסה 50 יח',עלבד משואות יצחק בעמ,IL,סיף מגבוני ניקוי 50,יחידה,0.00,יחידה,false,,10.90,0.0000,true,1,95583
7290112492982,false,"אבקת מרק פטריות כשל""פ 100% רכיבים טבעיים 400 גרם",יוניליוור ישראל מזון בע\,IL,קנור מרק פטריות רכיב,גרמים,400.00,100 גרם,false,,19.90,0.0497,false,1,99187
7290112492999,false,קנור מרק עוף אמיתי 400 גרם פרווה,יוניליוור ישראל מזון בע\,IL,מרק טעם עוף קנור 400,גרמים,400.00,100 גרם,false,,13.90,0.0348,false,1,99188
7290112493088,false,נמס בכוס עדשים מרק רכיבים טבעיים קנור 54 ג',אתר חיפה אבקות - Foo,IL,קנור מרק נמס בכוס עד,גרמים,54.00,100 גרם,false,,7.00,0.1296,false,1,98037
7290112493095,false,נמס בכוס מרק עגבניות חריף רכיבים טבעיים קנור 48 ג',אתר חיפה אבקות - Foo,IL,קנור מרק נמס בכוס עג,גרמים,85.00,100 גרם,false,,7.00,0.0824,false,1,97678
7290112493293,false,קנור - נמס ירקות וקרוטונים ר.טבעי 44 גרם,יוניליוור ישראל מזון בעמ,IL,קנור מרק נמס בכוס יר,גרמים,0.00,100 גרם,false,,7.00,0.0000,false,1,97679
7290112493316,false,מרק היום אפונה ר.טבעיים קנור 117 גרם,יוניליוור ישראל מזון בעמ,IL,מרק היום אפונה 100%,גרמים,117.00,100 גרם,false,,12.90,0.1103,true,1,98036
7290112493903,false,גלידת ננסים בארבע טעמים 60 גר,"מיוצר ע""\י גלידת שטראוס",IL,שלגוני ננסים 60 גר',גרמים,60.00,100 גרם,false,,8.50,0.1417,true,1,97574
7290112493927,false,גלידה בטעם ריבת חלב 1.33ל' קרמיסימו,"גלידת שטראוס בע""\מ, רחוב",IL,גלידה קרמיסימו ריבת,ליטרים,1.33,ליטר,false,,24.90,18.7218,false,1,99229
7290112493934,false,גלידת וניל צרפתי קרמיסימו 1.33 ל,"גלידת שטראוס בע""\מ, רחוב",IL,גלידה קרמיסימו וניל,ליטרים,1.33,ליטר,false,,24.90,18.7218,false,1,99230
7290112493965,false,קרמיסימו חלבית בטעם מסטיק וניל 665 גר,"גלידת שטראוס בע""\מ, רחוב",IL,גלידה קרמיסימו מסטיג,ליטרים,1.33,ליטר,false,,24.90,18.7218,false,1,99231
7290112494221,false,קליק - ביסקויט תפזורת 65 גרם,יוניליוור ישראל מזון בע\,IL,קליק ביסקויט,גרמים,65.00,100 גרם,false,,7.00,0.1077,false,1,98904
7290112494238,false,קליק - כדורים חלב תפזורת 65 גרם,יוניליוור ישראל מזון בע\,IL,קליק כדורים 65 גר',גרמים,65.00,100 גרם,false,,7.00,0.1077,false,1,98905
7290112494276,false,קליק כריות תפזורת 65 גר,יוניליוור ישראל מזון בע\,IL,קליק כריות,גרמים,65.00,100 גרם,false,,7.00,0.1077,false,1,98907
7290112494283,false,קליק - מעורב חום לבן תפזורת 65 גרם,יוניליוור ישראל מזון בע\,IL,קליק חום לבן,גרמים,65.00,100 גרם,false,,7.00,0.1077,false,1,98908
7290112494313,false,קליק - קורנפלקס תפזורת 65 גרם,יוניליוור ישראל מזון בע\,IL,קליק קורנפלקס,גרמים,65.00,100 גרם,false,,7.00,0.1077,false,1,98910
7290112494344,false,קורנפלקס כספי אלופים תלמה850 גר',"יוניליוור שפע ישראל בע""\",IL,קורנפלקס אלופים 850,גרמים,850.00,100 גרם,false,,18.90,0.0222,false,1,100681
7290112494351,false,"קורנפלקס אלופים תלמה 850 ג בד""ץ","יוניליוור שפע ישראל בע""\",IL,קורנפלקס אלופים 850,גרמים,850.00,100 גרם,false,,18.90,0.0222,false,1,100896
7290112494382,false,פירה בטעם ביתי 260 גרם-קופסא,יוניליוור ישראל מזון בע\,IL,קנור פירה ביתי 260 ג,גרמים,260.00,100 גרם,false,,13.90,0.0535,true,1,99420
7290112494610,false,קנור רוטב עגבניות פיקנטי לדג 415 גרם,קונסורזיו קאסאלאסקו,IT,קנור רוטב פיקנטי לדג,גרמים,415.00,100 גרם,false,,13.90,0.0335,true,1,99334
7290112494795,false,בדין-ג'ל לכביסה לבנה וצבעונית בניחוח עדין כחול 2.5 ליטר,"זוהר דליה, קיבוץ דליה, 1",IL,בדין ג'ל לכביסה כחול,ליטרים,2.50,ליטר,false,,29.90,11.9600,true,1,99018
7290112494818,false,בדין-ג'ל לכביסה לבנה וצבעונית בייבי 2.5 ליטר,היינץ צפון אמריקה מק,IL,בדין ג'ל כביסה בייבי,ליטרים,2.50,ליטר,false,,29.90,11.9600,true,1,99020
7290112494832,false,"דאב - תרחיץ פנים לעור רגיל 180 מ""ל",יוניליוור ישראל טיפוח אי,IL,דאב תרחיץ פנים לעור,מיליליטרים,180.00,"100 מ""ל",false,,12.90,0.0717,true,1,103960
7290112495006,false,כריות נוגט 686 גרם - קופסא,"יוניליוור ישראל מזון בע""",IL,כריות נוגט תלמה 686,גרמים,686.00,100 גרם,false,,26.90,0.0392,false,1,98892
7290112495020,false,כריות צוקולדה בדצ מאוחד 750 גר,"יוניליוור ישראל מזון בע""",IL,כריות צ'וקולדה תלמה,גרמים,686.00,100 גרם,false,,24.90,0.0363,false,1,98893
7290112495037,false,דגני בוקר בטעם שוקולד כדורים 375 ג' קוקומן,יוניליוור שפע ישראל בעמ,IL,קוקומן כדורים תלמה ב,גרמים,375.00,100 גרם,false,,19.90,0.0531,false,1,99001
7290112495044,false,ציפי (פצפוצים) גריין בדצ 500גר,"יוניליור שפע ישראל בע""\מ",IL,קוקומן פצפוצים תלמה,גרמים,375.00,100 גרם,false,,19.90,0.0531,false,1,99000
7290112495105,false,נשנושים טעם שמנת בצל בייגל בייגל 260 גרם,בייגל את בייגל מזון 198),IL,נשנושים שמנת בצל,גרמים,260.00,100 גרם,false,,13.50,0.0519,false,1,98900
7290112495112,false,נשנושים טעם זעתר בייגל בייגל 260 גרם,בייגל את בייגל מזון 198),IL,נשנושים זעתר,גרמים,260.00,100 גרם,false,,13.50,0.0519,false,1,98901
7290112495143,false,נשנושי קרקר קוקטייל מלוח בייגל בייגל 300 גרם,בייגל את בייגל מזון 198),IL,נשנושי קרקר קוקטייל,גרמים,300.00,100 גרם,false,,14.90,0.0497,true,1,98895
7290112495167,false,נשנושי קרקר משולשי שומשום בייגל בייגל 300 גרם,בייגל את בייגל מזון 198),IL,נשנושי קרקר משולשי ש,גרמים,300.00,100 גרם,false,,14.90,0.0497,true,1,98897
7290112495228,false,"קורנפלקס דבש תלמה 448 ג' בד""צ","יוניליוור שפע ישראל בע""\",IL,קורנפלקס דבש 448 גר',גרמים,448.00,100 גרם,false,,19.90,0.0444,false,1,98894
7290112495280,false,ריבועי ברנפלקס קינמון תלמה 400 גרם,"יוניליוור שפע ישראל בע""\",IL,ברנפלקס ריבועי קינמו,גרמים,400.00,100 גרם,false,,19.90,0.0497,false,1,100614
7290112495433,false,דגני דליפקאן תוספת אגוזי פקאן ושקדים 400 גר,"יוניליור שפע ישראל בע""\מ",IL,דליפקאן 400 גר' תלמה,גרמים,400.00,100 גרם,false,,19.90,0.0497,false,1,98032
7290112495488,false,קורנפלקס פתיתי תירס קלויים ללא גלוטן 500,"מולינו ניקולי S.p.A,",IT,קורנפלקס ללא גלוטן 5,גרמים,500.00,100 גרם,false,,19.90,0.0398,false,1,101954
7290112495556,false,חטיף שוקולד נוגט שוקולד חלב 105 גרם,"טחנת האבן תעשיות בע""\מ,",IL,קליק שלישיית ברים נו,גרמים,105.00,100 גרם,false,,14.90,0.1419,true,1,102150
7290112495594,false,בייגלה שמיניות גדולות ללא מלח בייגל בייגל 400 גרם,בייגל את בייגל מזון 198),IL,בייגלה שמיניות גדולו,גרמים,400.00,100 גרם,false,,13.90,0.0348,true,1,99186
7290112495662,false,קרקר חיטה מלאה ופשתן בייגל בייגל 300 גרם,"מיוצר ע""י קוד יצרן A",IL,קרקר חיטה מלאה עם פש,גרמים,300.00,100 גרם,false,,9.90,0.0330,true,1,102209
7290112495686,false,קרקר שומשום בייגל בייגל 220 גרם,"מיוצר ע""\י קוד יצרן AF",IL,קרקר שומשום 220 גר',גרמים,220.00,100 גרם,false,,9.90,0.0450,true,1,101460
7290112495747,false,רוטב צ''ילי מתוק כ 70% פחות סוכר 340 ג' קנור,יוניליוור ישראל מזון בע\,IL,רוטב צ'ילי מופחת סוכ,גרמים,340.00,100 גרם,false,,12.90,0.0379,true,1,100618
7290112495754,false,"רטבי הלמנס לסלט 300 מ""ל אלף האיים",יוניליוור ישראל מזון בעמ,IL,הלמנס לסלט אלף האיים,גרמים,305.00,100 גרם,false,,12.90,0.0423,false,1,100616
7290112495785,false,רוטב לסלט שום הלמנס 300ג,יוניליוור ישראל מזון בעמ,IL,רוטב שום לסלט הלמנס,גרמים,300.00,100 גרם,false,,12.90,0.0430,true,1,100188
7290112495792,false,הלמנס רוטב לסלט שום לייט 300 גר',יוניליוור ישראל מזון בעמ,IL,רוטב שום לייט לסלט ה,גרמים,300.00,100 גרם,false,,12.90,0.0430,true,1,100189
7290112495815,false,"רוטב חרדל ודבש לייט הלמנס 305 גרם בד""צ.",יוניליוור ישראל מזון בעמ,IL,הלמנס רוטב סלט חרדל,גרמים,305.00,100 גרם,false,,12.90,0.0423,true,1,101148
7290112495938,false,"קרקר 6 דגנים בייגל בייגל 250 גרם בד""צ","מיוצר ע""\י קוד יצרן AF",IL,קרקר משפחתי 6 דגנים,גרמים,250.00,100 גרם,false,,9.90,0.0396,true,1,101260
7290112495976,false,פריכיות אורז בציפוי שוקולד חלב 35גר-חדש,"גוד פוד פרודקטס ,Sp.zo.o",PL,פתית פריכיות תירס מצ,גרמים,35.00,100 גרם,false,,5.40,0.1543,true,1,101683
7290112495983,false,פרכיות פתיתבציפוי שוקולד חלב ושבבי קרמל מלוח 39 גר',"גוד פוד פרודקטס ,Sp.zo.o",PL,פתית פריכיות תירס שו,גרמים,39.00,100 גרם,false,,5.40,0.1385,true,1,101684
7290112496027,false,סירופ שוקולד אפיכל 580 גרם,יוניליוור ישראל מזון בע\,IL,אפיכל סירופ שוקולד 5,גרמים,580.00,100 גרם,false,,12.90,0.0222,true,1,100726
7290112496034,false,סירופ מייפל אפיכל 580 גרם,יוניליוור ישראל מזון בע\,IL,סירופ מייפל 580 גר',גרמים,580.00,100 גרם,false,,12.90,0.0222,true,1,101449
7290112496270,false,"פתית צ'יפס תפו""א בתוספת עגבניות ועשבי תיבול 22 גרם",JLM גלובל פודסn37\ דרך א,GB,"פתית צ'יפס תפו""א עם",גרמים,22.00,100 גרם,false,,4.90,0.2227,true,1,102525
7290112496287,false,פתית - צ'יפס בטטה בטעם טבעי 21 גרם,JLM גלובל פודסn37\ דרך א,GB,פתית צ'יפס בטטה בטעם,גרמים,21.00,100 גרם,false,,4.90,0.2333,true,1,102526
7290112496294,false,חטיף פתית צ'יפס עם אפונה ירוקה צהובה וצ'ילי,JLM גלובל פודסn37\ דרך א,GB,פתית צ'יפס עם אפונה,גרמים,22.00,100 גרם,false,,4.90,0.2227,true,1,102527
7290112496430,false,קנור נמס בכוס אקסטרה עגבניות+אטריות 37 גרם - רבנות,יוניליוור ישראל מזון בע\,IL,נמס בכוס אקסטרה עגבנ,גרמים,37.00,100 גרם,false,,4.50,0.1216,false,1,143090
7290112496447,false,נמס בכוס אקסטרה טעם עוף עם המון אטריות 27ג',יוניליוור ישראל מזון בע\,IL,נמס בכוס אקסטרה טעם,גרמים,27.00,100 גרם,false,,4.50,0.1667,false,1,143091
7290112496461,false,נמס בכוס אקסטרה מרק ירקות עם המון אטריות,יוניליוור ישראל מזון בע\,IL,נמס בכוס אקסטרה ירקו,גרמים,32.00,100 גרם,false,,4.50,0.1406,false,1,143092
7290112497000,false,סיף פנטסטיק ניקוי כללי בניחוח לימון 1 לי,"זוהר דליה, קיבוץ דלי",IL,סיף ניקוי כללי לימון,ליטרים,1.00,ליטר,false,,10.90,10.9000,true,1,101795
7290112497031,false,קנור רוטב עגבניות לקציצות 415 גרם,יוניליוור מזון,IT,רוטב עגבניות לקציצות,גרמים,415.00,100 גרם,false,,13.90,0.0335,true,1,107564
7290112497505,false,וזלין תחליב גוף בתוספת אלוורה 600 מל,"יוניליוור, ג'פרסון סיטי,",US,וזלין תחליב גוף אלוו,מיליליטרים,600.00,"100 מ""ל",false,,27.90,0.0465,true,1,102528
7290112497864,false,אבקת מרק בטעם עוף רכיבים טבעיים 33% פחות נתרן 400 גרם,יוניליוור מזון,IL,מרק עוף רכיביים טבעי,גרמים,400.00,100 גרם,false,,19.90,0.0497,true,1,105583
7290112497994,false,"גרנולה תלמה פרוטאין בתוספת חלבון ואגוזים, 300 גרם","רפאלס בריא וטעים בע""\מ,",IL,גרנולה פרוטאין בתוספ,גרמים,300.00,100 גרם,false,,14.90,0.0497,true,1,107109
7290112498007,false,גרנולה פרוטאין בתוספת חלבון שקדים וחמוציות תלמה 300 ג',"רפאלס בריא וטעים בע""\מ,",IL,גרנולה פרוטאין בתוספ,גרמים,300.00,100 גרם,false,,14.90,0.0497,true,1,107105
7290112498526,false,"פתית צ'יפס עם בטטה סגולה בטעם שמנת ובצל, 22 גרם",JLM גלובל פודסn37\ דרך א,GB,פתית צ'יפס עם בטטה ס,גרמים,22.00,100 גרם,false,,4.90,0.2227,true,1,108084
7290112498885,false,מאגדת גודי'ז תותים ושוקולד לבן 235 גרם,"גלידת שטראוס בע""\מ, רח'\",IL,מאגדת גודי'ס תותים ו,גרמים,235.00,100 גרם,false,,25.90,0.1102,true,1,106059
7290112498915,false,מאגדת מיני מגנום שקדים מובחרים 250 ג',"מיוצר ע""\י גלידת שטראוס",IL,מאגדת מיני מגנום שקד,גרמים,250.00,100 גרם,false,,27.90,0.1116,true,1,107719
7290112498922,false,מאגדת מיני מגנום לבן שטראוס 250 גרם,"מיוצר ע""\י גלידת שטראוס",IL,מאגדת מיני מגנום שוק,גרמים,250.00,100 גרם,false,,27.90,0.1116,true,1,107718
7290112499097,false,מאגדת מיני מגנום מריר Intense Dark! 240 גרם,"מיוצר ע""\י גלידת שטראוס",IL,מיני מגנום מריר מאגד,גרמים,240.00,100 גרם,false,,27.90,0.1162,true,1,143016
7290112499103,false,קורנטו קליק וניל עוגיות 72 ג' שטראוס,"צר ע""\י גלידת שטראוס בע\",IL,קורנטו קליק וניל עוג,גרמים,72.00,100 גרם,false,,6.90,0.0958,true,1,144483
7290112499127,false,שלגון גלידה שוקולד לבן ותות 77 גרם,"מיוצר ע""\י גלידת שטראוס",IL,מגנום שוקולד לבן תות,גרמים,77.00,100 גרם,false,,11.00,0.1429,true,1,143017
7290112499141,false,סולרו וניל ותפוח ירוק 76 ג' שטראוס,שטראוס גרופ גלידות,IL,שלגון סולרו וניל ותפ,גרמים,76.00,100 גרם,false,,8.90,0.1171,true,1,144178
7290112499189,false,"גלידת קרמיסימו חד קרן וניל תות, 1.33 ליטר","גלידת שטראוס בע""\מ, רחוב",IL,קרמיסימו חד קרן 1.33,ליטרים,1.33,ליטר,false,,22.90,17.2180,false,1,145017
7290112499219,false,שלגון שמנת מופחת שומן וקלוריות בטעם פיסטוק עם ריפל בטעם שוקולד מריר וציפוי חלקי של שוקולד חלב מעולה,"גלידת שטראוס בע""\מ, רחוב",IL,מאגדת שלגונים גודיס,גרמים,235.00,100 גרם,false,,25.90,0.1102,true,1,144327
7290112499226,false,גלידונית קרמיסימו פיסטוק בננה 630 גרם,"גלידת שטראוס בע""\מ, רח'",IL,גלידונית בננה פיסטוק,גרמים,630.00,100 גרם,false,,49.90,0.0792,false,1,146224
7290112499257,false,שלגון שוקובו עם ציפוי שוקולד לבן 85 גרם,שטראוס גרופ גלידות,IL,שלגון שוקובו שטראוס,גרמים,85.00,100 גרם,false,,9.00,0.1059,true,1,146334
7290112499448,false,"מרכך פינוק בתוספת שמן מרוקאי 700 מ""ל",יוניליוור ישראל טיפוח אי,IL,פינוק מרכך שיער שמן,מיליליטרים,700.00,"100 מ""ל",false,,11.90,0.0170,false,1,107654
7290112499455,false,פינוק תחליב רחצה 700 בתוספת שמן מרוקאי,יוניליוור ישראל טיפוח אי,IL,פינוק תחליב רחצה מרו,מיליליטרים,700.00,"100 מ""ל",false,,11.90,0.0170,false,1,107802
7290112499462,false,פינוק תחליב רחצה 700 בתוספת שמן קוקוס,יוניליוור ישראל טיפוח אי,IL,פינוק תחליב רחצה שמן,מיליליטרים,700.00,"100 מ""ל",false,,11.90,0.0170,false,1,107714
7290112499479,false,"שמפו פינוק בתוספת קרטין 700 מ""ל",יוניליוור ישראל טיפוח אי,IL,פינוק שמפו קרטין 700,מיליליטרים,700.00,"100 מ""ל",false,,11.90,0.0170,false,1,106140
7290112499486,false,"פינוק מרכך בתוספת קרטין 700 מ""ל",יוניליוור ישראל טיפוח אי,IL,פינוק מרכך קרטין 700,מיליליטרים,700.00,"100 מ""ל",false,,11.90,0.0170,false,1,106141
7290112499493,false,"רקסונה - דאודורנט ספריי לאישה אלוורה 150 מ""ל","ארנסט, רחוב קומבינצקיה 6",RU,דאודורנט רקסונה ספרי,מיליליטרים,150.00,"100 מ""ל",false,,14.90,0.0993,true,1,144032
7290112499639,false,טילון סופר מגנום וניל צ'יפ שוקולד 110 גרם,"מיוצר ע""\י גלידת שטראוס",IL,טילון סופר מגנום וני,גרמים,110.00,100 גרם,false,,11.00,0.1000,true,1,99621
7290112499677,false,מגנום וניל בציפוי שוקולד לבן,"מיוצר ע""\י גלידת שטראוס",IL,שלגון מגנום שוקולד ל,גרמים,85.00,100 גרם,false,,11.00,0.1294,true,1,99622
7290112499776,false,גלידת שמנת מופחתת שומן וקלוריות בטעם שוקולד לבן 240 גרם,"גלידת שטראוס בע""\מ, רח'\",IL,מאגדת גודיז,גרמים,297.00,100 גרם,false,,25.90,0.0872,true,1,100805
7290112499837,false,"שלגון בטעם שוקולד עם נוגט ""מגנום""","מיוצר ע""\י גלידת שטראוס",IL,מגנום דואט שוקולד עם,גרמים,90.00,100 גרם,false,,11.00,0.1222,true,1,99623
7290112499844,false,מאגדת מיני מגנום דואט שוקולד עם נוגט שטראוס 310 גרם,"מיוצר ע""\י גלידת שטראוס",IL,מאגדת מיני מגנום דוא,גרמים,310.00,100 גרם,false,,27.90,0.0900,true,1,99620
7290112499905,false,טילון קורניטו קליק בטעם מרשמלו 72 גרם,"מיוצר ע""\י גלידת שטראוס",IL,טילון קורנטו קליק בט,גרמים,72.00,100 גרם,false,,6.90,0.0958,true,1,102222
7290112499929,false,מגנום שוקולד אימפלס פסח 120מל,"מיוצר ע""\י גלידת שטראוס",IL,שלגון מגנום שוקולד,גרמים,85.00,100 גרם,false,,11.00,0.1294,true,1,99614
7290112499936,false,מגנום שקדים אימפלס פסח 125מל,"מיוצר ע""\י גלידת שטראוס",IL,מגנום שקדים,גרמים,85.00,100 גרם,false,,11.00,0.1294,true,1,99615
7290112499943,false,מיני מאגדת מיני מגנום טעמים שונים וניל+שוקו,"מיוצר ע""\י גלידת שטראוס",IL,מאגדת מיני מגנום קלא,גרמים,250.00,100 גרם,false,,27.90,0.1116,true,1,99626
7290112705471,false,קערה במבוק נסיכות יח,שמחה זה אנחנו,CN,קערה במבוק נסיכות,יחידה,0.00,יחידה,false,,8.90,0.0000,true,1,97009
7290112938671,false,שלישיית גרביים,,,שלישיית גרביים,יחידה,0.00,יחידה,false,,12.90,0.0000,true,1,101187
7290112960115,false,שקדי מרק אסם 30% קמח חיטה מלאה 350 גרם,אסם,IL,שקדי מרק 30% קמח חיט,גרמים,350.00,100 גרם,false,,10.90,0.0311,false,1,93552
7290112960856,false,גלידה בשומן צמחי בטעם ריבת חלב ומטבע שוקולד,גלידות נסטלה )נגה גלידות,IL,טילון ריבת חלב נסטלה,גרמים,115.00,100 גרם,false,,10.00,0.0870,true,1,96136
7290112961266,false,בייגלה כפיות פיזור איטלקי אסם 300 גרם,"אסם תעשיות בע""מ",IL,אסם בייגלה כפיות פיז,גרמים,300.00,100 גרם,false,,11.90,0.0397,true,1,95985
7290112961372,false,פיטנס חטיפי פריכיות דקות קינמון 60 גרם,"פרח תעשיות מזון בע""\מ",IL,פיטנס חטיפי פריכיות,גרמים,60.00,100 גרם,false,,8.50,0.1417,true,1,95005
7290112961440,false,פיטנס חטיפי פריכיות שוקולד מריר 84 גרם,פרח תעשיות,IL,פיטנס בר פריכיות שוק,גרמים,84.00,100 גרם,false,,12.90,0.1536,true,1,100567
7290112961464,false,פיטנס חטיפי פריכיות דגנים וחומוס מתובלות,"פרח תעשיות מזון בע""\מ",IL,חטיפי פריכיות פיטנס,גרמים,60.00,100 גרם,false,,8.50,0.1417,true,1,95006
7290112961754,false,עוגיות שוקולד ציפס עם קרם בטעם אגוזים 220 גר',מיוצר עי קונדיטוריית,IL,עוגיות שוקוצ'יפס קרם,גרמים,220.00,100 גרם,false,,11.50,0.0523,true,1,94612
7290112962287,false,טבעול שווארמה טבעונית 6*450 גרם,"טבעול תעשיות מזון בע""\מ",IL,טבעול שווארמה טבעוני,גרמים,450.00,100 גרם,false,,31.00,0.0689,true,1,99799
7290112962546,false,מאגדת לה פרוטה מלון תפוח 350 גרם 5 יחידות,שוורצקוף& הנקל דיסלד,IL,מאגדת לה פרוטה מלון,גרמים,443.00,100 גרם,false,,23.90,0.0540,true,1,94855
7290112962737,false,שניצל מן הצומח עם חלבון טבעול 664 גרם,"טבעול תעשיות מזון בע""\מ\",IL,שניצל טבעול מהצומח ע,גרמים,664.00,100 גרם,false,,28.90,0.0435,true,1,94365
7290112963321,false,גריסיני בייגלה שטוח ללא גלוטן אסם 300גרם,מיוצר עי קונדיטוריית,IL,בייגלה גרפיטי שטוח ל,גרמים,300.00,100 גרם,false,,12.90,0.0430,true,1,101521
7290112963918,false,פיטנס חטיפי קרקר דק רוזמרין 140 גרם,נסטלה Nestle,IL,פיטנס קרקר דק רוזמרי,גרמים,140.00,100 גרם,false,,11.90,0.0850,true,1,96858
7290112964410,false,אסם רוטב אלף האיים חדש לסלט 290 גרם,"אסם תעשיות בע""מ",IL,רוטב אלף האיים לסלט,מיליליטרים,290.00,"100 מ""ל",false,,12.00,0.0414,false,1,96835
7290112964434,false,אסם רוטב קיסר חדש לסלט 295 גרם,"אסם תעשיות בע""מ",IL,רוטב קיסר לסלט אסם 2,מיליליטרים,295.00,"100 מ""ל",false,,12.00,0.0407,true,1,96836
7290112964472,false,אסם רוטב שום חדש לסלט 290 גרם,"אסם תעשיות בע""מ",IL,רוטב שום לסלט אסם 29,מיליליטרים,290.00,"100 מ""ל",false,,12.00,0.0414,true,1,96837
7290112964601,false,רוטב בנוסח סצ'ואן הסדרה האסייתית,"אסם השקעות בע""\מ",IL,רוטב בנוסח סצו'אן 29,מיליליטרים,290.00,"100 מ""ל",false,,13.90,0.0479,true,1,96713
7290112964625,false,אסם רוטב שום לייט חדש לסלט 310 גרם,"אסם תעשיות בע""מ",IL,רוטב שום לייט לסלט א,מיליליטרים,310.00,"100 מ""ל",false,,12.00,0.0387,false,1,96841
7290112964724,false,המבורגר צמחוני עם המון חלבון 580 גר,מיוצר עי קונדיטוריית,IL,המבורגר טבעוני טבעול,גרמים,580.00,100 גרם,false,,31.00,0.0534,true,1,97556
7290112965165,false,מרק נמס פטריות אסם בדצ 48 גרם מארז זוגי,"אסם תעשיות בע""מ",IL,זוג מרק נמס פטריות א,גרמים,34.00,100 גרם,false,,5.90,0.1735,true,1,97669
7290112965264,false,אבקת מרק נמס אפונה אסם בדצ 52 גרם מארז זוגי,"אסם תעשיות בע""מ",IL,זוג מרק נמס אפונה אס,גרמים,30.00,100 גרם,false,,5.90,0.1967,true,1,97672
7290112965288,false,מרק נמס ירקות אסם בדצ 56 גרם מארז זוגי,"אסם תעשיות בע""מ",IL,זוג מרק נמס ירקות אס,גרמים,30.00,100 גרם,false,,5.90,0.1967,true,1,97673
7290112965301,false,זוג מרק נמס בטעם עוף עם שקדי מרק רגע חם,"אסם תעשיות בע""מ",IL,זוג מרק נמס טעם עוף,גרמים,38.00,100 גרם,false,,5.90,0.1553,true,1,97667
7290112965363,false,קציצות קינואה וברוקולי טבעול 525 גרם,"טבעול תעשיות מזון בע""\מ",IL,קציצת קינואה וברוקול,גרמים,525.00,100 גרם,false,,31.00,0.0590,false,1,99136
7290112965585,false,פרפקטו פסטה קסרצה אסם 500 גרם,אסם פרפקטו Perfecto,IT,פסטה קסרצה פרפקטו,גרמים,500.00,100 גרם,false,,7.70,0.0154,false,1,97142
7290112965660,false,פיטנס - חטיף מולטיגריין מלח פלפל 25 גרם,מיוצר עי קונדיטוריית,IL,פיטנס חטיף מולטיגריי,גרמים,25.00,100 גרם,false,,4.90,0.1960,true,1,104413
7290112965684,false,פיטנס - חטיף מולטיגריין עשבי תיבול 25 גרם,מיוצר עי קונדיטוריית,IL,פיטנס חטיף מולטיגריי,גרמים,25.00,100 גרם,false,,4.90,0.1960,true,1,104414
7290112965707,false,פיטנס - חטיף מולטיגריין צילי מעודן 25 גרם,"אסם השקעות בע""\מ",IL,פיטנס חטיף מולטיגריי,גרמים,25.00,100 גרם,false,,4.90,0.1960,true,1,104415
7290112965745,false,אוסם - ביסלי פריסטייל בצל מעושן 60 גרם,"אסם השקעות בע""\מ",IL,ביסלי פריסטייל בצל מ,גרמים,60.00,100 גרם,false,,4.70,0.0783,true,1,107513
7290112965783,false,אוסם - ביסלי פריסטייל על האש 60 גרם,"אסם השקעות בע""\מ",IL,ביסלי פריסטייל על הא,גרמים,60.00,100 גרם,false,,4.70,0.0783,true,1,107514
7290112965806,false,אוסם - ביסלי פריסטייל חמוץ חריף 60 גרם,"אסם תעשיות בע""מ",IL,ביסלי פריסטייל חמוץ,גרמים,60.00,100 גרם,false,,4.70,0.0783,true,1,107515
7290112965882,false,במבה במילוי קרם עוגי,אסם,,במבה במילוי קרם עוגי,גרמים,60.00,100 גרם,false,,5.30,0.0883,true,1,101616
7290112965943,false,טבעול נאגטס ירקות ירוקים 6*500גרם,"טבעול תעשיות מזון בע""\מ",IL,טבעול נאגטס ירקות יר,גרמים,500.00,100 גרם,false,,31.00,0.0620,true,1,101620
7290112965967,false,טבעול נאגטס ירקות כתומים 6*500גרם,"טבעול תעשיות מזון בע""\מ",IL,טבעול נאגטס ירקות כת,גרמים,500.00,100 גרם,false,,31.00,0.0620,true,1,101618
7290112965981,false,טבעול גורמה ארוחת דגנים 450 גרם,טבעול (מקבוצת אסם הש,IL,טבעול גורמה ארוחת דג,גרמים,450.00,100 גרם,false,,33.90,0.0753,true,1,143193
7290112966001,false,טבעול גורמה ארוחת ירוקים 450 גרם,טבעול (מקבוצת אסם הש,IL,טבעול גורמה ארוחת יר,גרמים,450.00,100 גרם,false,,33.90,0.0753,true,1,143194
7290112966094,false,עוגת הבית תפוז מופחת סוכר אסם 400 גרם,מיוצר עי קונדיטוריית,IL,עוגת הבית תפוז מופחת,גרמים,400.00,100 גרם,false,,14.50,0.0363,false,1,99376
7290112966247,false,לחמית כוסמין אסם 200 גרם,"אסם תעשיות בע""מ",IL,לחמית כוסמין 200 גרם,גרמים,200.00,100 גרם,false,,10.50,0.0525,false,1,101109
7290112966728,false,צבר טחינה בלאדי פלפלים חריפים 350 גרם,שוורצקוף& הנקל דיסלד,IL,טחינה בלאדי פלפלים ח,גרמים,350.00,100 גרם,false,,15.90,0.0454,true,1,98581
7290112966766,false,צבר טחינה בלאדי חציל עגבניות ושום 350 גרם,שוורצקוף& הנקל דיסלד,IL,טחינה בלאדי חציל עגב,גרמים,350.00,100 גרם,false,,15.90,0.0454,true,1,99227
7290112966803,false,אסם פודינג אינסטנט שוקולד 95 גרם,"אסם השקעות בע""\מ",IL,אינסטנט פודינג שוקול,גרמים,88.00,100 גרם,false,,5.90,0.0670,false,1,99417
7290112966841,false,אינסטנט פודינג בטעם שוקולד מריר 95 גרם,מיוצר עי קונדיטוריית,IL,פודינג בטעם שוקולד מ,גרמים,90.00,100 גרם,false,,5.90,0.0656,false,1,99418
7290112967114,false,פיטנס חטיפי פריכיות קטניות ופלפל 60 גרם,"פרח תעשיות מזון בע""\מ",IL,פיטנס חטיפי פריכיות,גרמים,60.00,100 גרם,false,,8.50,0.1417,true,1,100568
7290112967138,false,בייגלה שמיניות ללא גלוטן אסם 250 גרם,מיוצר עי קונדיטוריית,IL,בייגלה אסם שמיניות ל,גרמים,250.00,100 גרם,false,,13.50,0.0540,true,1,99438
7290112967381,false,פיטנס חטיפי פריכיות קטניות ומלח ים 60 גרם,"פרח תעשיות מזון בע""\מ",IL,פיטנס חטיפי פריכיות,גרמים,60.00,100 גרם,false,,8.50,0.1417,true,1,100569
7290112967466,false,נסקפה טייסטר צויס מארז +כוס זכוכית,לוטה נסטלה קוריאה,KR,קפה נמס טסטרס צ'ויס,גרמים,200.00,100 גרם,false,,31.90,0.1595,false,1,99368
7290112967510,false,בונזור בייבי חליות 90 ג',בונז'ור,IL,בייבי חליות בונז'ור,גרמים,90.00,100 גרם,false,,2.50,0.0278,true,1,99257
7290112967572,false,"אסם רוטב ברביקיו 290 מ""ל אסם",Unknown,IL,רוטב ברביקיו אסם 290,מיליליטרים,290.00,"100 מ""ל",false,,12.00,0.0414,true,1,99412
7290112967619,false,"אסם רוטב סויה קלאסי מופחת נתרן 290 מ""ל","אסם תעשיות בע""מ",IL,רוטב סויה קלאסי מופח,מיליליטרים,290.00,"100 מ""ל",false,,13.90,0.0479,true,1,99813
7290112967848,false,ג'לי תות שדה מופחת סוכר אסם 90 גרם,מיוצר עי קונדיטוריית,IL,ג'לי תות שדה מופחת ס,גרמים,90.00,100 גרם,false,,6.60,0.0733,true,1,99419
7290112968203,false,צבר סלט טחינה בלאדי 6*250גרם,שוורצקוף& הנקל דיסלד,IL,סלט טחינה בלאדי צבר,גרמים,250.00,100 גרם,false,,10.90,0.0436,true,1,100464
7290112968340,false,צבר חומוס גרוס גס גס 400 גרם,שוורצקוף& הנקל דיסלד,IL,חומוס גרוס גס גס צבר,גרמים,400.00,100 גרם,false,,13.90,0.0348,true,1,99816
7290112968685,false,חומוס גרגרים רכים בטבילה צבר 400 גרם,שוורצקוף& הנקל דיסלד,IL,חומוס גרגרים בתטבילה,גרמים,400.00,100 גרם,false,,13.90,0.0348,true,1,99819
7290112968807,false,פיטנס - קרקר דק סלק 140 גרם,מפעל אסם יקנעם,IL,פיטנס קרקר דק סלק,גרמים,140.00,100 גרם,false,,11.90,0.0850,true,1,105115
7290112968821,false,פיטנס - קרקר דק בטטה 140 גרם,מפעל אסם יקנעם,IL,פיטנס קרקר דק בטטה,גרמים,140.00,100 גרם,false,,11.90,0.0850,true,1,105118
7290112969903,false,טבעול נאגטס ירקות לבנים 6*500גרם,טבעול תעשיות מזון בע,IL,טבעול נאגטס ירקות לב,גרמים,500.00,100 גרם,false,,31.00,0.0620,true,1,101619
7290113190757,false,חלבה מסולסלת וניל שקדיה 300 גר,חיאל עמר שומרון,IL,חלבה תלתלים בטעם וני,גרמים,300.00,100 גרם,false,,13.90,0.0463,true,1,145072
7290113192300,false,זיתים מושחרים חרוזית 275 גרם בית השיטה,בית השיטה,IL,זיתים חרוזית מושחר 2,גרמים,275.00,100 גרם,false,,9.90,0.0360,true,1,99627
7290113192317,false,טבעות זיתים מושחרים 280 גרם בית השיטה,בית השיטה,IL,טבעות זיתים מושחרים,גרמים,280.00,100 גרם,false,,10.90,0.0389,true,1,99628
7290113192331,false,זיתים ירוקים מנזנילו 340 גר' בית השיטה,בית-השיטה עסיס תעשיות מז,IL,זיתים ירוקים גדולים,גרמים,340.00,100 גרם,false,,9.90,0.0291,true,1,99630
7290113192348,false,בית השיטה זיתים ירוקים גדול מאודבטעם שום,בית-השיטה עסיס תעשיות מז,IL,זיתים ירוקים 17-19 ב,גרמים,340.00,100 גרם,false,,9.90,0.0291,true,1,99632
7290113192355,false,חרוזית זיתים ירוקים ללא גלעין 275 ג' בית השיטה,בית-השיטה עסיס תעשיות מז,IL,זיתים ירוקים חרוזית,גרמים,275.00,100 גרם,false,,9.90,0.0360,false,1,99633
7290113192362,false,זיתים ירוקים טבעות A2 בית השיטה 280 גרם,בית-השיטה עסיס תעשיות מז,IL,זיתים ירוקים טבעות 2,גרמים,280.00,100 גרם,false,,10.90,0.0389,true,1,99634
7290113192379,false,בית השיטה זיתים ירוקים מבוקעים א2 340גר',"בית-השיטה תעשיות בע""\מ",IL,זיתים ירוקים מבוקעים,גרמים,340.00,100 גרם,false,,9.90,0.0291,true,1,99648
7290113192478,false,בית השיטה מלפפונים במלח בינוני 10-12 320 גרם,בית-השיטה עסיס תעשיות מז,IL,מלפפון במלח 10-12 32,גרמים,320.00,100 גרם,false,,8.50,0.0266,false,1,99658
7290113192485,false,בית השיטה מלפפונים בחומץ בינוני 10-12 290 גרם,בית-השיטה עסיס תעשיות מז,IL,מלפפון בחומץ 10-12 2,גרמים,290.00,100 גרם,false,,8.50,0.0293,true,1,99659
7290113192492,false,בית השיטה מלפפונים בחומץ קטנים 1317 290 גרם,בית-השיטה עסיס תעשיות מז,IL,מלפפון בחומץ 13-17 2,גרמים,290.00,100 גרם,false,,10.90,0.0376,false,1,99660
7290113192508,false,בית השיטה מלפפונים במלח קטן 1317 320 גרם,בית-השיטה עסיס תעשיות מז,IL,מלפפון במלח 13-17 ב,גרמים,320.00,100 גרם,false,,10.90,0.0341,false,1,99661
7290113192515,false,בית השיטה מלפפונים במלח קטן מאוד 1825 320 גרם,בית-השיטה עסיס תעשיות מז,IL,מלפפון במלח 18-25 32,גרמים,320.00,100 גרם,false,,12.90,0.0403,true,1,99666
7290113192522,false,בית השיטה מלפפונים בחומץ קטן מאוד 1825 290 גרם,בית-השיטה עסיס תעשיות מז,IL,מלפפון בחומץ 18-25 2,גרמים,290.00,100 גרם,false,,12.90,0.0445,true,1,99667
7290113192539,false,בית השיטה מלפפונים במלח גדול 79 320 גרם,בית-השיטה עסיס תעשיות מז,IL,מלפפון במלח 7-9 320,גרמים,320.00,100 גרם,false,,6.90,0.0216,false,1,99668
7290113192546,false,"מלפפונים בחומץ רכיבים טבעיים 7-9 ""בית השיטה""",בית-השיטה עסיס תעשיות מז,IL,מלפפון בחומץ 7-9 290,גרמים,290.00,100 גרם,false,,6.90,0.0238,false,1,99669
7290113192553,false,מלפפונים במלח 13-17 פיקנטי בית השיטה 320 גרם,בית-השיטה עסיס תעשיות מז,IL,מלפפון במלח בלדי 13-,גרמים,320.00,100 גרם,false,,10.90,0.0341,true,1,99670
7290113192560,false,בית השיטה פלפל שיפקה חריף כבוש 230 גרם,בית-השיטה עסיס תעשיות מז,IL,פלפל שיפקה 230 גרם,גרמים,230.00,100 גרם,false,,6.90,0.0300,true,1,99671
7290113192577,false,בית השיטה כרוב כבוש א2 12*430גרם חדש,"בית-השיטה תעשיות בע""\מ",IL,כרוב כבוש 430 גרם,גרמים,430.00,100 גרם,false,,7.90,0.0184,false,1,99672
7290113192881,false,"טורטיה חיטה מופחת קלוריות, קוטר 20 ס""מ - 6 יח'",דין שיווק,TR,טורטיה חיטה מופחת קל,גרמים,270.00,100 גרם,false,,9.90,0.0367,true,1,142471
7290113193017,false,בית השיטה חרוזית קוקטייל זיתים 275 גרם,"בית השיטה תעשיות בע""\מ",IL,קוקטייל זיתים בית הש,גרמים,275.00,100 גרם,false,,12.90,0.0469,false,1,100556
7290113193031,false,חרוזית קלמטה - זיתים שחורים ללא גלעין קלמטה,"בית השיטה תעשיות בע""\מ",IL,חרוזית קלמטה בית השי,גרמים,275.00,100 גרם,false,,12.90,0.0469,false,1,100553
7290113193321,false,"שמן זית כתית מעולה בית השיטה 750 מ""ל",אצטס אבסה אס. איי. יו.,IL,שמן זית כתית מעולה 7,מיליליטרים,750.00,"100 מ""ל",false,,29.90,0.0399,false,1,101041
7290113193888,false,חצילים מוחמצים בית השיטה 320 גרם,"בית השיטה תעשיות בע""\מ",IL,בית השיטה חצילים מוח,גרמים,320.00,100 גרם,false,,11.90,0.0372,true,1,105142
7290113195356,false,שמן קנולה מזוכך זית השיטה 1 ליטר,בית השיטה,IL,שמן קנולה בית השיטה,ליטרים,1.00,ליטר,false,,12.90,12.9000,false,1,107722
7290113196001,false,פסטה ספגטי שקדיה 500 גרם,,,פסטה ספגטי שקדיה,גרמים,500.00,100 גרם,false,,3.90,0.0078,true,1,145878
7290113196018,false,פסטה ביסלי שקדיה 500 גרם,,,פסטה פוזילי 500 ג' ש,גרמים,500.00,100 גרם,false,,3.90,0.0078,true,1,145632
7290113196025,false,פסטה צינורות שקדיה 500 גרם,,,פסטה צינורות שקדיה 5,גרמים,500.00,100 גרם,false,,3.90,0.0078,true,1,145622
7290113196032,false,פסטה צדפים שקדיה 500 גרם,,,פסטה צדפים שקדיה,גרמים,500.00,100 גרם,false,,3.90,0.0078,true,1,145879
7290113196414,false,"אורז בסמטי 1 ק""ג - שקדיה כחול מטאלי",דאבה סינג שאם סינג,IN,"אורז בסמטי 1 ק""ג שקד",קילוגרמים,1.00,"ק""ג",false,,9.90,9.9000,true,1,142045
7290113196506,false,פריכיות כוסמת ללא מלח שקדיה 150 גרם,זנבר המכללה לטבעונות,IL,פריכיות כוסמת ללא מל,גרמים,150.00,100 גרם,false,,9.90,0.0660,true,1,142168
7290113197800,false,פלפל קלוי קלוי 400 גרם בית השיטה,בית השיטה,,פלפל קלוי בית השיטה,גרמים,400.00,100 גרם,false,,11.90,0.0298,true,1,144374
7290113197824,false,לבבות דקל בית השיטה 220 גרם,בית השיטה,,בית השיטה לבבות דקל,גרמים,220.00,100 גרם,false,,9.90,0.0450,true,1,145655
7290113197855,false,תירס גמדי בית השיטה 230 גרם,בית השיטה,,בית השיטה תירס גמדי,גרמים,230.00,100 גרם,false,,9.90,0.0430,true,1,145656
7290113197923,false,טונה בשמן קנולה בית השיטה 4*98 גרם,בית השיטה עסיס תעשיו,IL,בית השיטה טונה בשמן,גרמים,392.00,100 גרם,false,,24.90,0.0635,false,1,145739
7290113198074,false,פקאן מצופה שוקולד שיש 150 גרם,"דין שיווק וקלייה בע""",IL,פקאן סיני מצופה שוקו,גרמים,150.00,100 גרם,false,,14.90,0.0993,true,1,141620
7290113199767,false,ממרח 100% שקדים שקדיה 300 גרם,פפויאנס,GR,ממרח 100% שקדים,גרמים,300.00,100 גרם,false,,26.90,0.0897,true,1,144525
7290113199880,false,טורטיה בתוספת קמח כוסמין ושיבול שועל שקדיה 360 גרם,אקס ולאו,TR,טורטיה בתוספת קמח כו,מיליליטרים,360.00,"100 מ""ל",false,,9.90,0.0275,true,1,145839
7290113300194,false,פאוצ' להקט עוף ברוטב 85 גר',PPF צ'כיה,FR,לה קט נתחוני עוף ברו,גרמים,85.00,100 גרם,false,,4.90,0.0576,true,1,103581
7290113300224,false,פאוצ' לה קט סלמון ברוטב 85 ג',"ביופט- מזון לבע""ח",CZ,לה קט נתחוני סלמון ב,גרמים,85.00,100 גרם,false,,4.90,0.0576,true,1,103582
7290113300231,false,פאוצ' לה קט בקר ג'לי 85 ג',"ביופט- מזון לבע""ח",CZ,לה קט נתחוני בקר בג',גרמים,85.00,100 גרם,false,,4.50,0.0529,true,1,103583
7290113560055,false,פרודונטקס מי פה טיפול יומי לחניכיים 500,"מאסטרפוד אוסטריה בע""מ",GB,פרדונטקס מי פה 500 מ,מיליליטרים,500.00,"100 מ""ל",false,,29.90,0.0598,true,1,103240
7290113560062,false,"סנסודיין - משחת שיניים להלבנה עדינה משאבה 100 מ""ל",גלקסוסמית'\קליין קונסיומ,GB,סנסודיין משאבה 185 מ,מיליליטרים,185.00,"100 מ""ל",false,,24.90,0.1346,true,1,102453
7290113560277,false,זוג מברשות שיניים רפיד רליף סנסודיין,גלקסוס סמית קליין,GB,מברשות שיניים סנסודי,יחידה,0.00,יחידה,false,,27.90,0.0000,true,1,146335
7290114151566,false,"שמפו לכל סוגי השיער בוטני 500 מ""ל",אף.סי תבליני בגליל ב,IL,שמפו לכל סוגי השיער,מיליליטרים,500.00,"100 מ""ל",false,,19.90,0.0398,true,1,104832
7290114151573,false,"שמפו לשיער רגיל-שמן בוטני 500 מ""ל",אף.סי תבליני בגליל ב,IL,שמפו לשיער רגיל / שמ,מיליליטרים,500.00,"100 מ""ל",false,,19.90,0.0398,true,1,105071
7290114151580,false,"שמפו לשיער צבוע ויבש מאוד בוטני 500 מ""ל",,IL,שמפו לשיער צבוע ויבש,מיליליטרים,500.00,"100 מ""ל",false,,19.90,0.0398,true,1,105075
7290114151597,false,"שמפו לשיער רגיל-יבש בוטני 500 מ""ל",אף.סי תבליני בגליל ב,IL,שמפו לשיער רגיל/יבש,מיליליטרים,500.00,"100 מ""ל",false,,19.90,0.0398,true,1,104833
7290114151627,false,"מרכך לשיער צבוע ויבש מאוד בוטני 500 מ""ל",,IL,מרכך לשיער צבוע ויבש,מיליליטרים,500.00,"100 מ""ל",false,,19.90,0.0398,true,1,105073
7290114151634,false,"מרכך לשיער רגיל-יבש בוטני 500 מ""ל",אף.סי תבליני בגליל ב,IL,מרכך לשיער רגיל / יב,מיליליטרים,500.00,"100 מ""ל",false,,19.90,0.0398,true,1,104835
7290114151641,false,"סבון גוף משפחתי בוטני 500 מ""ל",אף.סי תבליני בגליל ב,IL,סבון גוף קוקוס אלוו,מיליליטרים,500.00,"100 מ""ל",false,,19.90,0.0398,true,1,104836
7290114151658,false,"סבון גוף לעור יבש בוטני 500 מ""ל",אף.סי תבליני בגליל ב,IL,סבון גוף לעור יבש Bo,מיליליטרים,500.00,"100 מ""ל",false,,19.90,0.0398,true,1,104837
7290114151665,false,"סבון ידיים שמן קוקוס עץ התה 500 מ""ל",אף.סי תבליני בגליל ב,IL,סבון ידיים קוקוס אלו,מיליליטרים,500.00,"100 מ""ל",false,,15.90,0.0318,true,1,104838
7290114152181,false,סבון גוף תפוז מורינג,אף.סי תבליני בגליל ב,IL,סבון גוף תפוז מורינג,מיליליטרים,500.00,"100 מ""ל",false,,19.90,0.0398,true,1,104842
7290114152327,false,סבון ידיים צמחי למון,אקופרנד,IL,סבון ידיים צמחי למון,מיליליטרים,500.00,"100 מ""ל",false,,16.90,0.0338,true,1,104251
7290114152334,false,סבון ידיים צמחי לבנד,אקופרנד,IL,סבון ידיים צמחי לבנד,מיליליטרים,500.00,"100 מ""ל",false,,16.90,0.0338,true,1,104252
7290114152341,false,סבון ידיים צמחי מנדר,אקופרנד,IL,סבון ידיים צמחי מנדר,מיליליטרים,500.00,"100 מ""ל",false,,16.90,0.0338,true,1,104253
7290114154109,false,"מסיכה לשיער ללא מלחים בוטני 350 מ""ל",,IL,Botany מסיכת שיער לל,מיליליטרים,350.00,"100 מ""ל",false,,34.90,0.0997,true,1,107869
7290114154116,false,"מרכך ללא מלחים בוטני 500 מ""ל",,IL,Botany מרכך ללא מלחי,מיליליטרים,500.00,"100 מ""ל",false,,24.90,0.0498,true,1,107870
7290114154123,false,"מסיכה לשיער רגיל/יבש בוטני 350 מ""ל",,IL,Botany מסיכה לשיער ר,מיליליטרים,350.00,"100 מ""ל",false,,29.90,0.0854,true,1,107867
7290114154130,false,"שמפו ללא מלחים בוטני 500 מ""ל",,IL,Botany שמפו ללא מלחי,מיליליטרים,500.00,"100 מ""ל",false,,24.90,0.0498,true,1,107871
7290114310215,false,"שמנת מתוקה 38% רמת הגולן 250 מ""ל ווסטהיים - מוצר בפיקוח",מילקו תעשיות בעמ,IL,"שמנת מתוקה 250 מ""ל 3",מיליליטרים,250.00,"100 מ""ל",false,,6.47,0.0259,true,1,101757
7290114310222,false,חלב מועשר בסידן וויטמין Dי 3% 1.5 ל' טרה,מילקו תעשיות בעמ,IL,חלב מועשר בסידן וויט,ליטרים,1.50,ליטר,false,,11.90,7.9333,true,1,102451
7290114310239,false,חלב נטול לקטוז מועשר בוויטמין D י 2% 1.5 ל' טרה,מילקו תעשיות בעמ,IL,חלב 2% דל לקטוז 1.5,ליטרים,1.50,ליטר,false,,11.90,7.9333,true,1,102445
7290114310253,false,גרנה פדנו מגורדת משק צוריאל 100 גרם,מחלבת משק צוריאל,IL,גרנה פדנו מגורדת 100,גרמים,100.00,100 גרם,false,,11.90,0.1190,true,1,106465
7290114310338,false,צפתית מעודנת 5% בגביע 225 גרם משק צוריאל,מחלבת משק צוריאל,IL,צפתית 5% מעודנת 225,גרמים,225.00,100 גרם,false,,17.50,0.0778,true,1,105923
7290114310383,false,Muller Froop מולר יוגורט מוקצף בטעם וניל 90 גרם,מולר Muller,IL,מולר פרופ קציפת יוגו,גרמים,97.00,100 גרם,false,,5.30,0.0546,true,1,146602
7290114310390,false,מולר פרופ קציפת יוגורט בטעם בננה לוטי 97 גרם,מולר Muller,IL,מולר פרופ קציפת יוגו,גרמים,97.00,100 גרם,false,,5.30,0.0546,true,1,146603
7290114310406,false,מולר פרופ קציפת יוגורט בטעם תות 97 גרם,מולר Muller,IL,מולר פרופ קציפת יוגו,גרמים,97.00,100 גרם,false,,5.30,0.0546,true,1,146604
7290114310536,false,יוגורט לייט מעושר חלבון 25 גרם חלבון וניל MULLER ACTIVE,מולר Muller,IL,יוגורט לייט מועשר 25,גרמים,200.00,100 גרם,false,,6.20,0.0310,true,1,106466
7290114310550,false,גבינת פטה עיזים מעודנת 5% משק צוריאל 200 גרם,מחלבת משק צוריאל,IL,פטה עיזים מעודנת 5%,גרמים,200.00,100 גרם,false,,23.90,0.1195,true,1,106842
7290114310567,false,לאבנה עיזים 5% שומן 200 גרם,מחלבת משק צוריאל,IL,לאבנה עיזים 5% צוריא,גרמים,200.00,100 גרם,false,,14.90,0.0745,true,1,108685
7290114310574,false,גבינת קרם שמנת עיזים 5% 200 גרם צוריאל,מחלבת משק צוריאל,IL,גבינת קרם שמנת עיזים,גרמים,200.00,100 גרם,false,,14.50,0.0725,true,1,107075
7290114310673,false,גבינת לאבנה 9% 250 גרם,Unknown,IL,לאבנה 9% טרה 250 גר',גרמים,250.00,100 גרם,false,,12.50,0.0500,true,1,106856
7290114310895,false,"סימפלי פרוט יוגורט עם מנגו תות, שמיניה 8 * 150 גרם",מולר Muller,IL,מאגדת שמינייה סימפלי,גרמים,1200.00,100 גרם,false,,31.90,0.0266,true,1,142139
7290114311038,false,"שמנת מתוקה 32% עמידה בבקבוק טרה 250 מ""ל",מילקו תעשיות בעמ,IL,שמנת מתוקה 32% בבקבו,מיליליטרים,250.00,"100 מ""ל",false,,6.90,0.0276,true,1,144200
7290114311069,false,יוגורט לבן מועשר בחלבון 0% שומן 200 גרם muller active,מולר Muller,IL,מולר אקטיב 25 גר' חל,גרמים,200.00,100 גרם,false,,5.80,0.0290,true,1,143509
7290114311076,false,"חמאת מולר צהובה עם שום, 200 גרם",מולר Muller,IL,חמאת מולר צהובה עם ש,גרמים,200.00,100 גרם,false,,11.90,0.0595,true,1,144249
7290114311083,false,חמאת מולר צהובה במליחות מעודנת 200 גרם,מילקו,IL,חמאה מולר צהובה עם מ,גרמים,200.00,100 גרם,false,,11.90,0.0595,true,1,144250
7290114311298,false,יוגורט מולר פרופ בטעם תות בננה מלון 150,מולר Muller,IL,יוגורט מולר קציפת תו,גרמים,150.00,100 גרם,false,,5.30,0.0353,true,1,145311
7290114311304,false,יוגורט קציפת מנגו פסיפלורה בננה 150 ג' מולר,מולר Muller,IL,יוגורט מולר פרופ קצי,גרמים,150.00,100 גרם,false,,5.30,0.0353,true,1,145312
7290114311328,false,חלב מועשר דל לקטוז מעושר בויטמין Dי 2% שומן טרה 1 ליטר,ג'י.אר.אמ.גרופו אלימ,IL,חלב נטול לקטוז מועשר,ליטרים,1.00,ליטר,false,,7.80,7.8000,false,1,145226
7290114311359,false,יוגורט עם קציפת מנגו 3% שומן פרופ 150 ג' מולר,מולר Muller,IL,יוגורט מולר קציפת מנ,גרמים,150.00,100 גרם,false,,5.30,0.0353,true,1,145310
7290114311434,false,מולר אקטיב יוגורט חלבון קרמל מלוח 200 גרם,מולר Muller,IL,מולר אקטיב בטעם קרמל,גרמים,200.00,100 גרם,false,,6.20,0.0310,true,1,146388
7290114311458,false,קרטון חלב 3% מועשר ויטמין די 1ליטר,Unknown,IL,חלב 3% מועשר 1 ליטר,ליטרים,1.00,ליטר,false,,7.50,7.5000,false,1,145818
7290114311502,false,משקה חלב בטעם סחלב בבקבוק 1 ליטר,מילקו תעשיות בעמ,IL,משקה חלב בטעם סחלב 1,ליטרים,1.00,ליטר,false,,12.50,12.5000,true,1,146456
7290114402804,false,מברשת ציפורניים,,,מברשת ציפורניים,יחידה,0.00,יחידה,false,,4.90,0.0000,true,1,145588
7290114600750,false,קו-קווים חטיף אפוי עם גבינת פקורינו - חלבי,הדקלאים אגודת שיתופי,IT,FREE קו קווים חטיף א,גרמים,150.00,100 גרם,false,,11.90,0.0793,true,1,101792
7290114600767,false,קו-קווים חטיף אפוי עם זיתים ועגבניות,הדקלאים אגודת שיתופי,IT,FREE קו קווים חטיף א,גרמים,150.00,100 גרם,false,,11.90,0.0793,true,1,101793
7290114600927,false,עלי טורטייה חיטה מלאה מאסטר שף 320 גרם,אלקאטי קורביישיסי גי,ES,מאסטר שף עלי טורטיה,גרמים,320.00,100 גרם,false,,9.90,0.0309,true,1,104667
7290114600941,false,מאסטר שף מיונז הולנדי לחיץ 435 גרם,קפה לנדוור,NL,מאסטר שף מיונז לחיץ,מיליליטרים,435.00,"100 מ""ל",false,,12.90,0.0297,true,1,103141
7290114600989,false,"רוטב אלף האיים מאסטר שף 250 מ""ל",קפה לנדוור,NL,מאסטר שף רוטב אלף הא,מיליליטרים,257.00,"100 מ""ל",false,,9.90,0.0385,true,1,103905
7290114600996,false,"רוטב שום מאסטר שף 250 מ""ל",קפה לנדוור,NL,מאסטר שף רוטב שום,מיליליטרים,256.00,"100 מ""ל",false,,9.90,0.0387,true,1,103906
7290114603041,false,פרי גרנולה בוטנים אגוזים וקוקוס חלבון .,"אפקט טבעי בע""מ",IL,פרי גרנולה בוטנים אג,גרמים,300.00,100 גרם,false,,13.90,0.0463,true,1,105114
7290114603508,false,"רוטב להקצפה מאסטר שף 300 מ""ל",סיטי פוד,TH,מאסטר שף רוטב להקפצה,מיליליטרים,300.00,"100 מ""ל",false,,7.90,0.0263,true,1,104632
7290114603515,false,מאסטר שף רוטב קארי אדום 340 גרם,תאי סופרים,TH,מאסטר שף רוטב קארי א,גרמים,340.00,100 גרם,false,,14.90,0.0438,true,1,105829
7290114603539,false,קרוטונים למרק שום בצל מאסטר שף 350 גרם,"עינת תעשיות מזון, אגשח ב",IL,מאסטר שף קרוטונים למ,גרמים,350.00,100 גרם,false,,18.90,0.0540,true,1,104355
7290114603768,false,"מארז אג'קס כלורון נוזל לניקוי אסלות 750 מ""ל*2 יח'",קולגייט פלמוליב,FR,"אג'קס שירותים 750 מ""",מיליליטרים,1500.00,"100 מ""ל",false,,24.90,0.0166,true,1,102863
7290114604840,false,דפי אורז קוטר 16 מאסטר שף 400 ג',מאסטר שף,VN,מאסטר שף דפי אורז 16,גרמים,400.00,100 גרם,false,,12.90,0.0323,true,1,105880
7290114604857,false,"דפי אורז מאסטר שף קוטר 22 ס""מ 400 גרם",לוק הונג טריידינג פר,VN,מאסטר שף דפי אורז 22,גרמים,400.00,100 גרם,false,,12.90,0.0323,true,1,105725
7290114604864,false,קוסקוס סולת דק מאסטר שף 350 גרם,דוידוביץ,IL,מאסטר שף קוסקוס דק 3,גרמים,350.00,100 גרם,false,,5.90,0.0169,true,1,105028
7290114604871,false,קוסקוס סולת בינוני מאסטר שף 350 גרם,דוידוביץ,IL,מאסטר שף קוסקוס בינו,גרמים,350.00,100 גרם,false,,5.90,0.0169,true,1,105029
7290114604895,false,מאסטר שף ממרח לחיץ ספייסי לחיץ 446 גרם,מאסטר שף,NL,מאסטר שף ממרח ספייסי,גרמים,446.00,100 גרם,false,,12.90,0.0289,true,1,107786
7290114604901,false,ממרח שום לחיץ מאסטר שף 444 גרם,מאסטר שף,NL,מאסטר שף ממרח שום לח,גרמים,444.00,100 גרם,false,,12.90,0.0291,true,1,107785
7290114604963,false,פירורי לחם מתובלים מאסטר שף 230 גרם,מאסטר שף,IL,מאסטר שף פירורים מתו,גרמים,230.00,100 גרם,false,,6.90,0.0300,true,1,107128
7290114605557,false,נייר עטיפה לסנדוויץ קוקי 80 יח',פישל,IL,קוקי נייר עטיפה לסנד,יחידה,0.00,יחידה,false,,12.90,0.0000,true,1,106868
7290114606530,false,רוטב בטעם מיונז וקטשופ מאסטר שף 515 גרם,מאסטר שף,NL,מאסטר שף רוטב בטעם מ,גרמים,515.00,100 גרם,false,,12.90,0.0250,true,1,107839
7290114606547,false,מיונז פטריות כמהין לחיץ מאסטר שף 242 גרם,מאסטר שף,NL,מיונז עם פטריות כמהי,גרמים,242.00,100 גרם,false,,12.90,0.0533,true,1,107958
7290114606554,false,מיונז מופחת קלוריות בקבוק לחיץ,מאסטר שף,NL,מאסטר שף ממרח ספייסי,גרמים,470.00,100 גרם,false,,12.90,0.0274,true,1,107838
7290114606561,false,מאסטר שף אטריות אורז דקות ורמיצ'לי 400 ג,לינג טונג רייס ורמיצ'ילי,TH,מאסטר שף איטריות אור,גרמים,400.00,100 גרם,false,,7.90,0.0198,true,1,141766
7290114606578,false,שקדי מרק מאסטר שף 400 גרם,שסטוביץ,IL,שקדי מרק מאסטר שף,גרמים,400.00,100 גרם,false,,9.90,0.0248,true,1,141111
7290114606592,false,רוטב סויה מסורתית 46% פולי סויה מאסטר שף 620 ג',קריניציה ויטמינה אס,TH,סויה מסורתית מאסטר ש,מיליליטרים,620.00,"100 מ""ל",false,,15.90,0.0256,true,1,141423
7290114606608,false,רוטב סויה מסורתי מאסטר שף דל נתרן 40 דל נתרן,קריניציה ויטמינה אס,TH,סויה דל נתרן מאסטר ש,מיליליטרים,620.00,"100 מ""ל",false,,15.90,0.0256,true,1,141424
7290114608640,false,קרוטונים לסלט כוסמין מאסטר שף 260 גרם,עינת תעשיות מזון אגו,IL,מאסטר שף קרוטונים לס,גרמים,260.00,100 גרם,false,,18.90,0.0727,true,1,141519
7290114608657,false,סילאן מאסטר שף 700 גרם,,AE,מאסטר שף סילאן,גרמים,700.00,100 גרם,false,,18.90,0.0270,true,1,109010
7290114608671,false,סילאן לחיץ מאסטר שף 470 גרם,,AE,מאסטר שף סילאן לחיץ,גרמים,470.00,100 גרם,false,,14.90,0.0317,true,1,109012
7290114608688,false,פירורי לחם מתובלים מ,EinatFood,IL,פירורי לחם מתובלים,גרמים,480.00,100 גרם,false,,7.90,0.0165,true,1,142970
7290114821469,false,כבד דג שיבוט מעושן במיץ טבעי אופיסר 120 גרם,אופיסר Officer,IS,כבד דג שיבוט מעושן ב,גרמים,120.00,100 גרם,false,,13.90,0.1158,true,1,105762
7290115071481,false,6 מטבעות שוקולד באריזת רשת 31 גר LOL,שמחה זה אנחנו,NL,מטבעות שוקולד ברשת L,גרמים,31.00,100 גרם,false,,3.90,0.1258,true,1,105807
7290115071498,false,מטבעות שוקולד ברשת פי גיי 31 גר,Unknown,NL,מטבעות שוקולד ברשת כ,גרמים,31.00,100 גרם,false,,3.90,0.1258,true,1,105816
7290115071504,false,6 מטבעות שוקולד באריזת רשת 31 גר סמי הכב,שמחה זה אנחנו,NL,מטבעות שוקולד ברשת ס,גרמים,31.00,100 גרם,false,,3.90,0.1258,true,1,105817
7290115071528,false,מטבעות שוקולד ברשת 31 גר,,NL,מטבעות שוקולד ברשת מ,גרמים,31.00,100 גרם,false,,3.90,0.1258,true,1,105819
7290115071535,false,מטבעות שוקולד ברשת מפרץ הרפתקאות 31 גר,,NL,מטבעות שוקולד ברשת מ,גרמים,31.00,100 גרם,false,,3.90,0.1258,true,1,105820
7290115074130,false,בקבוק עם ידית וכיסוי סיליקון 500 - ורוד,,,בקבוק עם כיסוי סיליק,יחידה,0.00,יחידה,false,,24.90,0.0000,true,1,146427
7290115075182,false,6 מטבעות שוקולד באריזת רשת 31 גר חד קרן,שמחה זה אנחנו,NL,מטבעות שוקולד ברשת ח,גרמים,31.00,100 גרם,false,,3.90,0.1258,true,1,105810
7290115079371,false,בקבוק נירוסטה דופן כ,,,בקבוק נירוסטה דופן כ,יחידה,0.00,יחידה,false,,39.00,0.0000,true,1,141718
7290115079395,false,בקבוק נירוסטה דופן כ,,,בקבוק נירוסטה דופן כ,יחידה,0.00,יחידה,false,,39.00,0.0000,true,1,141721
7290115120813,false,חטיף באדי סנאק נתחי סלומון 80 ג',,,חטיף באדי סנאק נתחי,גרמים,80.00,100 גרם,false,,12.90,0.1613,true,1,107884
7290115180282,false,יחידות טבק לחימום ברונז PP,פיליפ מוריס,IL,יחידות טבק לחימום בר,יחידה,0.00,יחידה,false,,27.00,0.0000,false,1,105567
7290115190014,false,סיגריות מרלבורו רד קצר בוקס,פיליפ מוריס,IL,מרלבורו רד PP חפיסה,יחידה,0.00,יחידה,false,,34.50,0.0000,false,1,104038
7290115190038,false,סיגריות מרלבורו רד קצר סופט,פיליפ מוריס,IL,מרלבורו רד סופט PP ח,יחידה,0.00,יחידה,false,,32.50,0.0000,false,1,104039
7290115190052,false,סיגריות מרלבורו מדיום פלייבור מיקס,פיליפ מוריס,US,מרלבורו פלייבור מיקס,יחידה,0.00,יחידה,false,,34.50,0.0000,false,1,104034
7290115190076,false,סיגריות מרלבורו גולד ארוך 100 בוקס,פיליפ מוריס,TR,מרלבורו גולד 100 PP,יחידה,0.00,יחידה,false,,34.50,0.0000,false,1,104802
7290115190083,false,מרלבורו גולד קצר פאקט,פיליפ מוריס,IL,פקט מרלבורו גולד PP,יחידה,0.00,יחידה,false,,340.00,0.0000,false,1,104071
7290115190090,false,סיגריות מרלבורו קצר בוקס בודד,פיליפ מוריס,US,מרלבורו גולד PP חפיס,יחידה,0.00,יחידה,false,,34.50,0.0000,false,1,104035
7290115190113,false,מרלבורו גולד קצר קופסא סופט,פיליפ מוריס,IL,מרלבורו גולד סופט PP,יחידה,0.00,יחידה,false,,32.50,0.0000,false,1,104036
7290115190120,false,מרלבורו גולד פיין טאצ' פאקט,פיליפ מוריס,IL,פקט מרלבורו פיין טאץ,יחידה,0.00,יחידה,false,,300.00,0.0000,false,1,104074
7290115190137,false,סיגריות מרלבורו טאצ סילבר יחידה,פיליפ מוריס,IL,מרלבורו פיין טאץ' P,יחידה,0.00,יחידה,false,,31.00,0.0000,false,1,104040
7290115190151,false,סיגריות מרלבורו טאצ גולד,פיליפ מוריס,IL,מרלבורו טאץ' PP חפיס,יחידה,0.00,יחידה,false,,31.00,0.0000,false,1,104041
7290115190168,false,פרלמנט סופר סלימס PP קרטוש,פיליפ מוריס,TR,פקט פרלמנט סופר סלימ,יחידה,0.00,יחידה,false,,392.00,0.0000,false,1,104057
7290115190199,false,פרלמנט נייט ארוך חפיסה,פיליפ מוריס,TR,פרלמנט נייט 100PP,יחידה,0.00,יחידה,false,,40.00,0.0000,false,1,105547
7290115190212,false,סיגריות פרלמנט בלו 100 BR בודד,פיליפ מוריס,PL,פרלמנט בלו 100 PP חפ,יחידה,0.00,יחידה,false,,40.00,0.0000,false,1,104028
7290115190236,false,סיגריות פרלמנט קצר בלו בודד,פיליפ מוריס,IL,פרלמנט בלו PP חפיסה,יחידה,0.00,יחידה,false,,40.00,0.0000,false,1,104029
7290115190250,false,סיגריות פרלמנט קצר בודד,פיליפ מוריס,US,פרלמנט נייט PP חפיסה,יחידה,0.00,יחידה,false,,40.00,0.0000,false,1,104030
7290115190335,false,ל.מ.בלו לייבל ארוך בוקס חפיסה,פיליפ מוריס,TR,ל.מ בלו 100 PP,יחידה,0.00,יחידה,false,,31.00,0.0000,false,1,105553
7290115190342,false,אל אם כחול קצר לייבל,פיליפ מוריס,TR,פקט ל.מ. בלו PP,יחידה,0.00,יחידה,false,,300.00,0.0000,false,1,104045
7290115190359,false,סיגריות L.M בלו לייבל קצר,פיליפ מוריס,US,ל.מ. בלו PP חפיסה,יחידה,0.00,יחידה,false,,31.00,0.0000,false,1,104017
7290115190373,false,סיגריות ל.מ. קפסולהP,פיליפ מוריס,TR,ל.מ. קפסולה PP חפיסה,יחידה,0.00,יחידה,false,,31.00,0.0000,false,1,104021
7290115190397,false,סיגריות L.M קצר רד לייבל בודד,פיליפ מוריס,US,ל.מ. רד PP חפיסה,יחידה,0.00,יחידה,false,,31.00,0.0000,false,1,104018
7290115190427,false,אל אם וויב סלימס פאקט,פיליפ מוריס,TR,פקט ל.מ. וייב PP,יחידה,0.00,יחידה,false,,300.00,0.0000,false,1,104049
7290115190434,false,סיגריות L.M וייב סלימס בודד,פיליפ מוריס,US,ל.מ. וייב PP חפיסה,יחידה,0.00,יחידה,false,,31.00,0.0000,false,1,104019
7290115190458,false,סיגריות נקסט פיין אדג' בודד,פיליפ מוריס,TR,נקסט אדג' חפיסה,יחידה,0.00,יחידה,false,,26.50,0.0000,false,1,104977
7290115190465,false,סיגריות נקסט פיין אד,פיליפ מוריס,TR,נקסט פיין אדג' פקט,יחידה,0.00,יחידה,false,,260.00,0.0000,false,1,105456
7290115190472,false,סיגריות נקסט פיין אדג',פיליפ מוריס,TR,נקסט פיין אדג' חפיסה,יחידה,0.00,יחידה,false,,26.50,0.0000,false,1,105455
7290115190496,false,סיגריות נקסט ארוך בודד,פיליפ מוריס,IL,נקסט פיין 100,יחידה,0.00,יחידה,false,,29.50,0.0000,false,1,105558
7290115190519,false,סיגריות נקסט פיין חפ,פיליפ מוריס,PL,נקסט פיין PP חפיסה,יחידה,0.00,יחידה,false,,29.50,0.0000,false,1,104023
7290115190533,false,סיגריות נקסט כחול ארוך,פיליפ מוריס,TR,נקסט פיין ריסס ארוך,יחידה,0.00,יחידה,false,,27.50,0.0000,false,1,105012
7290115190564,false,נקסט סלימס לילך פאקט,פיליפ מוריס,TR,פקט נקסט לילך PP,יחידה,0.00,יחידה,false,,290.00,0.0000,false,1,104052
7290115190571,false,סיגריות נקסט לילך בודד,פיליפ מוריס,US,נקסט לילך PP חפיסה,יחידה,0.00,יחידה,false,,29.50,0.0000,false,1,104024
7290115190595,false,סיגריות נקסט אוריגינ,פיליפ מוריס,PL,נקסט אוריג'ינל PP חפ,יחידה,0.00,יחידה,false,,29.50,0.0000,false,1,104025
7290115190618,false,טבק מרלבורו רד 30 גרם חפיסה,פיליפס,PL,טבק מרלבורו רד,יחידה,0.00,יחידה,false,,75.90,0.0000,false,1,105559
7290115190632,false,טבק מרלבורו גולד 30 גרם חפיסה,פיליפ מוריס,PL,טבק מרלבורו גולד,יחידה,0.00,יחידה,false,,75.90,0.0000,false,1,105560
7290115190656,false,טבק נקסט פיין 40 גרם חפיסה,פיליפ מוריס,PL,טבק נקסט פיין 5 PP,יחידה,0.00,יחידה,false,,80.00,0.0000,false,1,105004
7290115190915,false,טבק לגלגול סגריות נקסט לבן 50 גרם,פיליפ מוריס,DE,טבק נקסט וייט 50גרם,גרמים,50.00,100 גרם,false,,94.00,1.8800,false,1,107715
7290115190939,false,אל.אם קפסולות קליק חפיסה,פיליפ מוריס,TR,ל.מ קפסולה קליק,יחידה,0.00,יחידה,false,,26.50,0.0000,false,1,145750
7290115190977,false,סיגריות מרלבורו טאץ אדום -בודד,פיליפ מוריס,TR,מרלבורו טאץ אדום בוד,יחידה,0.00,יחידה,false,,31.00,0.0000,false,1,144922
7290115191035,false,סיגריות מרלבורו סאמר ספלאש בודד,פיליפ מוריס,RS,מרלבורו סאמר ספלאש ח,יחידה,0.00,יחידה,false,,31.00,0.0000,false,1,144292
7290115200003,false,פתי בר פינוקי וניל אסם 220 גרם,תאי פרזידנט פוד פאבל,PL,פתיבר פינוקי וניל אס,גרמים,220.00,100 גרם,false,,10.90,0.0495,true,1,103232
7290115200027,false,אסם פתי בר פינוקים שוקו 220 גרם,קריות זול,PL,פתיבר פינוקי שוקו אס,גרמים,220.00,100 גרם,false,,10.90,0.0495,true,1,103233
7290115200676,false,עוגיות קרמוגית במילוי קרם בטעם קרמל מלוח,"הגביע מוצרי וופלים בע""\מ",IL,אסם קרמוגית קרמל מלו,גרמים,200.00,100 גרם,false,,11.50,0.0575,true,1,104236
7290115200713,false,במבה קלאסי מארז אחיד 8 50*5 ג',"אסם השקעות בע""\מ",IL,מארז במבה,גרמים,250.00,100 גרם,false,,12.90,0.0516,true,1,102915
7290115201451,false,טבעול גורמה לביבות בטטה קארי 455 גרם,טבעול )מקבוצת אסם השקעות,IL,טבעול גורמה לביבות ב,גרמים,455.00,100 גרם,false,,33.90,0.0745,true,1,143437
7290115201475,false,טבעול גורמה לביבות כרישה 434 גרם,טבעול )מקבוצת אסם השקעות,IL,טבעול גורמה לביבות כ,גרמים,434.00,100 גרם,false,,33.90,0.0781,true,1,143438
7290115201536,false,"טבעול גורמה לביבות כרובית ותפו""א 442 גרם",טבעול )מקבוצת אסם השקעות,IL,טבעול גורמה לביבות כ,גרמים,442.00,100 גרם,false,,33.90,0.0767,true,1,143439
7290115201680,false,ביסלי בטעם ברביקיו אסם 70 גרם,"אסם השקעות בע""\מ",IL,ביסלי ברביקיו 70 גרם,גרמים,70.00,100 גרם,false,,4.70,0.0671,false,1,104225
7290115201741,false,ביסלי בטעם בצל אסם 70 גרם,"אסם השקעות בע""\מ",IL,ביסלי בצל 70 גרם,גרמים,70.00,100 גרם,false,,4.70,0.0671,false,1,104228
7290115202212,false,טבעול גורמה לביבות סלק 434 גרם,טבעול )מקבוצת אסם השקעות,IL,טבעול גורמה לביבות ס,גרמים,434.00,100 גרם,false,,33.90,0.0781,true,1,143440
7290115202236,false,טופו קראנצ'ים טבעול 470 גרם,עיצובים 2020 (4.8),IL,טבעול טופו קראנצ'ים,גרמים,470.00,100 גרם,false,,31.00,0.0660,false,1,108460
7290115202250,false,טופו קראנצ'ים צ'ילי פיקנטי טבעול 470 גרם,טבעול ישראל,IL,טבעול טופו קראנצ'ים,גרמים,470.00,100 גרם,false,,31.00,0.0660,false,1,108461
7290115202816,false,מנה חמה פאוץ נודלס אטריות טעם עוף 70 גרם,תאי פרזידנט,TH,מנה חמה פאוצ' עוף,גרמים,70.00,100 גרם,false,,4.40,0.0629,true,1,106948
7290115203134,false,פופקו פופקורן במבה - פופקורן בציפוי קרמל ובוטנים,"אסם השקעות בע""\מ",IL,פופקו פופקורן במבה,גרמים,80.00,100 גרם,false,,5.30,0.0662,false,1,107516
7290115203172,false,במבה PRO מכיל 18 גרם חלבון בשקית,"אסם השקעות בע""\מ",IL,במבה פרו 80 גר',גרמים,80.00,100 גרם,false,,5.00,0.0625,false,1,144962
7290115203486,false,פירורית בטעם ביסלי גריל אסם 200 גרם,עינת תעשיות מזון אגו,IL,פירורית בטעם ביסלי ג,גרמים,200.00,100 גרם,false,,6.00,0.0300,false,1,107522
7290115204018,false,מנה חמה איטלקי פסטה בסגנון אלפרדו 60 ג' אסם,"אסם תעשיות בע""מ",IL,מנה חמה איטלקי פסטה,גרמים,60.00,100 גרם,false,,6.70,0.1117,false,1,107800
7290115204056,false,"קטשופ מופחת סוכר אסם 690 גרם כשל""פ","אסם תעשיות בע""מ",IL,קטשופ אסם מופחת סוכר,גרמים,690.00,100 גרם,false,,11.00,0.0159,false,1,107926
7290115204247,false,ממרח עגבניות מיובשות 190 ג' צבר,פרסקו,IL,צבר עגבניות מיובשות,גרמים,190.00,100 גרם,false,,16.90,0.0889,true,1,142591
7290115205022,false,אוסם - שקדי מרק מקלונים 350 גרם,"אסם תעשיות בע""מ",IL,שקדי מרק מקלונים אסם,גרמים,350.00,100 גרם,false,,10.90,0.0311,false,1,141215
7290115205121,false,פיטנס בר פריכיות יוגורט תות 84 גר',כרמית,,פיטנס בר פריכיות יוג,גרמים,84.00,100 גרם,false,,12.90,0.1536,true,1,141638
7290115205176,false,פיטנס - קרקר דק כפרי פיטנס 140 גרם,נסטלה Nestle,IL,פיטנס קרקר דק כפרי,גרמים,140.00,100 גרם,false,,11.90,0.0850,true,1,141639
7290115205251,false,פריכיות קרמל מלוח פיטנס בר 84 גרם,פרח תעשיות,IL,פיטנס בר פריכיות קרמ,גרמים,84.00,100 גרם,false,,12.90,0.1536,true,1,145543
7290115205312,false,קרקר פיטנס דק עם זיתי קלמטה ועשבי תיבול,"אסם השקעות בע""\מ",IL,פיטנס קרקר זיתים,גרמים,140.00,100 גרם,false,,11.90,0.0850,true,1,144216
7290115205527,false,פיטנס חטיף מולטיגריין עם עדשים 25 גרם,"אסם השקעות בע""\מ",IL,פיטנס חטיף מולטגריין,גרמים,25.00,100 גרם,false,,4.90,0.1960,true,1,144367
7290115205541,false,פיטנס חטיף מולטיגריין עם חומוס 25 גרם,"אסם השקעות בע""\מ",IL,פיטנס חטיף מולטיגריי,גרמים,25.00,100 גרם,false,,4.90,0.1960,true,1,144368
7290115205633,false,טבעול סנסשיונל/גורמה נקנקיות 350 גר',"טבעול תעשיות מזון בע""\מ",IL,טבעול סנסשיונל נקנקי,גרמים,350.00,100 גרם,false,,33.90,0.0969,true,1,143192
7290115205695,false,אסם בונזור בצק מצונן לפיצה 460 גרם,נסטלה סוויס )שוויץ(,CH,בצק מצונן לפיצה בונז,גרמים,460.00,100 גרם,false,,17.90,0.0389,true,1,142910
7290115205718,false,אסם בונזור בצק מצונן עלים 230 גרם,נסטלה סוויס )שוויץ(,CH,בצק מצונן עלים בונז',גרמים,230.00,100 גרם,false,,13.90,0.0604,true,1,142911
7290115206135,false,טבעול גורמה ארוחת קינואה 450 גרם,טבעול (מקבוצת אסם הש,IL,טבעול גורמה ארוחת קי,גרמים,450.00,100 גרם,false,,33.90,0.0753,true,1,143195
7290115207309,false,אסם אינסטנט פודינג טרמיסימו 70 גרם,"אסם השקעות בע""\מ",IL,אינסטנט פודינג טירמי,גרמים,70.00,100 גרם,false,,5.90,0.0843,false,1,144218
7290115207347,false,אסם אינסטנט פודינג פירות יער 80 גרם,"אסם השקעות בע""\מ",IL,אינסטנט פודינג פירות,גרמים,80.00,100 גרם,false,,5.90,0.0738,false,1,144217
7290115207361,false,ביסקוויט פתיבר בטעם פיסטוק,"אסם תעשיות בע""מ",IL,פתיבר פיסטוק 500 גר,גרמים,500.00,100 גרם,false,,13.90,0.0278,false,1,144220
7290115207484,false,"""המעדניה"" צבר חציל על האש 400 גרם",ג'נרל מילס סאן אדריא,IL,צבר חציל על האש,גרמים,400.00,100 גרם,false,,15.90,0.0398,true,1,142594
7290115207507,false,"סלט טורקי 330 גרם ""צבר""",ג'נרל מילס סאן אדריא,IL,צבר סלט טורקי,גרמים,360.00,100 גרם,false,,15.90,0.0442,true,1,142593
7290115207620,false,"רוטב בסגנון סויה קלאסי 290 מ""ל אסם","אסם השקעות בע""\מ",IL,רוטב בסגנון סויה קלא,מיליליטרים,290.00,"100 מ""ל",false,,13.90,0.0479,true,1,144022
7290115207682,false,אסם רוטב בסגנון סויה סיני 9*290מל חדש,"אסם השקעות בע""\מ",IL,רוטב סויה בסגנון סינ,מיליליטרים,290.00,"100 מ""ל",false,,12.00,0.0414,true,1,144020
7290115207798,false,טבעול המבורגר חריף טבעוני 420 גרם,"טבעול תעשיות מזון בע""\מ",IL,טבעול בורגר חריף טבע,גרמים,420.00,100 גרם,false,,31.00,0.0738,true,1,144222
7290115207880,false,סירופ ויטמינציק פטל 2 ליטר,בית השיטה עסיס תעשיו,IL,ויטמינצ'יק פטל 2 ליט,ליטרים,2.00,ליטר,false,,39.90,19.9500,false,1,142781
7290115207941,false,סירופ אננס ויטמינצ'יק 1 ליטר,בית-השיטה עסיס תעשיות מז,IL,ויטמינצ'יק אננס 1 לי,ליטרים,1.00,ליטר,false,,21.90,21.9000,false,1,142775
7290115207989,false,סירופ לימון ויטמינצ'יק 1 ליטר,בית-השיטה עסיס תעשיות מז,IL,ויטמינצ'יק לימון 1 ל,ליטרים,1.00,ליטר,false,,21.90,21.9000,false,1,142890
7290115208009,false,סירופ ענבים ויטמינצ'יק 1 ליטר,בית-השיטה עסיס תעשיות מז,IL,ויטמינצ'יק ענבים 1 ל,ליטרים,1.00,ליטר,false,,21.90,21.9000,false,1,142784
7290115208023,false,סירופ ויטמינציק ענבים 2 ליטר,,,ויטמינצ'יק ענבים 2 ל,ליטרים,2.00,ליטר,false,,39.90,19.9500,false,1,142785
7290115208047,false,סירופ פטל ויטמינצ'יק 1 ליטר,בית-השיטה עסיס תעשיות מז,IL,ויטמינצ'יק פטל 1 ליט,ליטרים,1.00,ליטר,false,,21.90,21.9000,false,1,142776
7290115208061,false,סירופ תפוח ויטמינצ'יק 1 ליטר,בית השיטה עסיס תעשיות מז,IL,ויטמינצ'יק תפוח 1 לי,ליטרים,1.00,ליטר,false,,21.90,21.9000,false,1,142778
7290115208320,false,אפרופו חטיף בטעם ביסלי בצל 50 גרם,"אסם השקעות בע""\מ",IL,אפרופו בטעם ביסלי בצ,גרמים,50.00,100 גרם,false,,5.20,0.1040,false,1,146165
7290115208344,false,בייגלה כפיות שמנת בצל אסם 300 גרם,"אסם השקעות בע""\מ",IL,בייגלה כפיות שמנת בצ,גרמים,300.00,100 גרם,false,,11.90,0.0397,false,1,145111
7290115208566,false,קרמוגית מיניס קרם בייגלה אסם 200 גרם,"אסם השקעות בע""\מ",IL,אסם קרמוגית מיניס קר,גרמים,200.00,100 גרם,false,,11.50,0.0575,true,1,144966
7290115208597,false,קרמוגית מיניס קרמל מלוח אסם 200 גרם,"אסם השקעות בע""\מ",IL,אסם קרמוגית מיניס קר,גרמים,200.00,100 גרם,false,,11.50,0.0575,true,1,144967
7290115208849,false,"מנה חמה פסטה מוקרמת ט.עוף בד""צ 55גר","אסם תעשיות בע""מ",IL,מנה חמה פירה עם בטטה,גרמים,51.00,100 גרם,false,,6.70,0.1314,false,1,146159
7290115209198,false,במבה אוורירית אסם 80 גרם,"אסם תעשיות בע""מ",IL,במבה אוורירית 80 גר,גרמים,80.00,100 גרם,false,,5.20,0.0650,false,1,144364
7290115209235,false,ביסקוויט פתי בר קפה אסם 500 גרם,"אסם תעשיות בע""מ",IL,אסם פתי בר קפה,גרמים,500.00,100 גרם,false,,14.00,0.0280,false,1,145546
7290115209358,false,במבה במילוי בראוניז אסם 60 גרם,"אסם השקעות בע""\מ",IL,במבה במילוי בראוניז,גרמים,60.00,100 גרם,false,,5.30,0.0883,true,1,146162
7290115209372,false,במבה במילוי בראוניז 150ג' אסם,"אסם השקעות בע""\מ",IL,במבה במילוי בראוניז,גרמים,150.00,100 גרם,false,,9.60,0.0640,false,1,146163
7290115250503,false,קרקר כוסמין שום ועשבי תיבול שקית 225 גרם,"מאפיית פת במלח בע""מ",IL,קרקר כוסמין שום ועשב,גרמים,225.00,100 גרם,false,,21.90,0.0973,true,1,145982
7290115252330,false,וירו - מנת קינואה - בסגנון ספרדי עם ירוקת קלויים 340+130 מל',,PE,וירו - מנת קינואה בס,מיליליטרים,470.00,"100 מ""ל",false,,11.90,0.0253,true,1,142036
7290115252354,false,וירו - מנת קינואה - בסגנון ים תיכוני - זוקיני ובצל 340+130 מל',,PE,וירו - מנת קינואה בס,גרמים,470.00,100 גרם,false,,11.90,0.0253,true,1,142034
7290115252378,false,וירו מנת קינואה אקזוטי 470 גרם,,PE,וירו - מנת קינואה בס,גרמים,470.00,100 גרם,false,,11.90,0.0253,true,1,142035
7290115252460,false,מקלות כוסמין פתפותים,"מאפיית פת במלח בע""מ",IL,מקלות כוסמין פתפותים,גרמים,200.00,100 גרם,false,,19.90,0.0995,true,1,106935
7290115252484,false,פאי כוסמין פיצוחים400ג,פתפותים לחמים ומאפים מקמ,IL,פאי פיצוחים פתפותים,גרמים,400.00,100 גרם,false,,44.90,0.1122,true,1,106936
7290115252545,false,עוגיות כוסמין מרוקאי,,,עוגיות כוסמין מרוקאי,גרמים,200.00,100 גרם,false,,18.90,0.0945,true,1,145909
7290115252798,false,עוגיות כוסמין חמאה פ,,,עוגיות כוסמין חמאה פ,גרמים,200.00,100 גרם,false,,18.90,0.0945,true,1,145911
7290115258998,false,מרציפן קלאסי בעבודת יד,,,מרציפן קלאסי fenster,גרמים,40.00,100 גרם,false,,9.90,0.2475,true,1,105257
7290115259230,false,מרציפן פיסטוק Fenste,,,מרציפן פיסטוק Fenste,גרמים,40.00,100 גרם,false,,9.90,0.2475,true,1,106548
7290115259407,false,מרציפן קלאסי בציפוי,,,מרציפן קלאסי בציפוי,גרמים,40.00,100 גרם,false,,9.90,0.2475,true,1,145913
7290115259438,false,מרציפן אספרסו בציפוי,,,מרציפן אספרסו בציפוי,גרמים,40.00,100 גרם,false,,9.90,0.2475,true,1,146019
7290115480009,false,"מרכך כביסה מרוכז פרש קונטרול ירוק 900 מ""ל סוד",הנקל סוד,IL,סוד מרכך מרוכז ירוק,מיליליטרים,900.00,"100 מ""ל",false,,11.90,0.0132,true,1,142266
7290115480016,false,סוד פאוור קאפס לכביסה צבעונית 26 יחי,סוד,HU,סוד קפסולות ג'ל 26 י,יחידה,0.00,יחידה,false,,29.90,0.0000,true,1,144698
7290115670677,false,אנרג'י גרנולה פירות טרופיים 400 גרם,Unknown,CZ,גרנולה אנרג'י פירות,גרמים,400.00,100 גרם,false,,14.90,0.0373,true,1,107115
7290115670684,false,גרנולה שיבולת שועל עם אגוזי לוז,אנרג'י Energy - שטראוס,CZ,גרנולה אנרג'י אגוזים,גרמים,400.00,100 גרם,false,,14.90,0.0373,true,1,107116
7290115670691,false,גרנולה שיבולת שועל עם פירות יער,אנרג'י Energy - שטראוס,CZ,גרנולה אנרג'י פירות,גרמים,400.00,100 גרם,false,,14.90,0.0373,true,1,107118
7290115671155,false,שלישיית סוכריות מאסט FRESH ענבים 45 גרם,הליקון גידה,TR,שלישיית סוכריות פרש,גרמים,45.00,100 גרם,false,,9.90,0.2200,true,1,142651
7290115671339,false,מיני פינוקיות בראוניז בייגל בוטן עלית 180 ג' עלית,"הגביע מוצרי ופלים בע""\מ",IL,מיני פינוקיות בראוני,גרמים,180.00,100 גרם,false,,11.50,0.0639,true,1,108600
7290115671346,false,מיני פינוקיות טופי קרמל מלוח עלית 180 גרם,"הגביע מוצרי ופלים בע""\מ",IL,מיני פינוקיות טופי ק,גרמים,180.00,100 גרם,false,,11.50,0.0639,true,1,108601
7290115675559,false,מארז קפה טורקי לדרך 10 יחידות,שטראוס קפה בי.וי.,IL,מארז קפה טורקי לדרך,גרמים,70.00,100 גרם,false,,8.50,0.1214,false,1,106827
7290115675696,false,דגני בוקר קראנצ'ים שיבולת שועל עם אגוזים ושקדים,גלידות שטראוס,PL,קוואקר Cruesli אגוזי,גרמים,375.00,100 גרם,false,,19.90,0.0531,true,1,108631
7290115675702,false,דגני בוקר קראנצ'ים שיבולת שועל עם פירות מיובשים,גלידות שטראוס,PL,קוואקר Cruesli פירות,גרמים,375.00,100 גרם,false,,19.90,0.0531,true,1,108632
7290115675986,false,דנונה יוגורט בר עם אגוזים מקורמלים 173 גרם,"שטראוס בריאות בע""\מ",IL,דנונה קראנצ אגוזים מ,גרמים,173.00,100 גרם,false,,4.80,0.0277,false,1,105744
7290115676037,false,דנונה ריפרש יוגורט עם תות ודומדמניות 1.6% שומן,מיוצר עי קונדיטוריית,IL,דנונה ריפרש תות דומד,גרמים,250.00,100 גרם,false,,5.80,0.0232,true,1,107619
7290115676051,false,"משקה אקטיביה שיבולת שועל במתיקות מעודנת 250 מ""ל",מיוצר עי קונדיטוריית,IL,משקה אקטיביה עם שיבו,גרמים,265.00,100 גרם,false,,5.20,0.0196,true,1,141647
7290115676082,false,משקה דנונה פרו 20 יוגורט תות 255 ג' רבנות,"שטראוס בריאות בע""\מ.",IL,משקה דנונה פרו תות,גרמים,255.00,100 גרם,false,,7.20,0.0282,true,1,107622
7290115676099,false,משקה דנונה פרו 20 יוגורט וניל 255 ג' רבנות,"שטראוס בריאות בע""\מ.",IL,משקה דנונה פרו וניל,גרמים,255.00,100 גרם,false,,7.20,0.0282,true,1,107623
7290115676273,false,אבקת קקאו עלית 500 גרם+ 10% תוספת,שטראוס קפה בי.וי.,IL,קקאו 500 גרם +10% תו,גרמים,550.00,100 גרם,false,,26.90,0.0489,true,1,107038
7290115677676,false,חומוס עשיר בטחינה גולמית עם מלא חריף 400 גר אחלה,"שטראוס גרופ בע""\מ",IL,חומוס בתוספת חריף הס,גרמים,400.00,100 גרם,false,,12.90,0.0323,true,1,105707
7290115677966,false,ממרח אבוקדו טעם הטבע 200 גרם,ג'י. אר. סימפלוט,MX,ממרח אבוקדו 200 גרם,גרמים,200.00,100 גרם,false,,13.90,0.0695,true,1,141433
7290115678222,false,מארז 8 גביעים יוגורט Greek בסגנון יווני 6.5% שומן,"שטראוס בריאות בע""\מ",IL,יוגורט יווני מארז שמ,קילוגרמים,1.04,"ק""ג",false,,24.90,23.9423,true,1,107621
7290115678376,false,מעדן הגולן שוקולד 125 גרם,מיוצר עי קונדיטוריית,IL,מעדן הגולן שוקולד,גרמים,125.00,100 גרם,false,,2.90,0.0232,false,1,108671
7290115678383,false,מעדן הגולן שוקולד מריר 125 גרם,מיוצר עי קונדיטוריית,IL,מעדן הגולן מריר,גרמים,125.00,100 גרם,false,,2.90,0.0232,false,1,108672
7290115678598,false,חסה אייסברג שטראוס טעם הטבע,שטראוס בריאות ירקות טריי,IL,חסה אייסברג חיתוך גס,גרמים,300.00,100 גרם,false,,9.90,0.0330,true,1,141824
7290115678635,false,נשנושי גבינה -גבינת שמנת 16%+כעכים שטוחים עם מלח,"מחלבת טבע עז בע""\מ",IL,נשנושי גבינה 16% עם,גרמים,67.00,100 גרם,false,,10.60,0.1582,false,1,144944
7290115678642,false,נשנושי גבינה 16% עם חטיף אפוי עם זיתים 67 ג' שטראוס,"מחלבת טבע עז בע""\מ",IL,נשנושי גבינה 16% עם,גרמים,67.00,100 גרם,false,,10.60,0.1582,false,1,144945
7290115679519,false,שייק פירות ורוד 150X2גר,סיבהפרוסט,BE,דלישס שייק פירות ורו,גרמים,300.00,100 גרם,false,,21.00,0.0700,true,1,146183
7290115679779,false,שייק פירות אדום דליש,סיבהפרוסט,BE,דלישס שייק פירות אדו,גרמים,300.00,100 גרם,false,,21.00,0.0700,true,1,146186
7290115731439,false,כוסות נייר 20 יח',,,כוסות נייר 20 יח',יחידה,0.00,יחידה,false,,8.90,0.0000,true,1,142153
7290115732658,false,צלחות עלים דקל בנוני,,,צלחות עלים דקל בנוני,יחידה,0.00,יחידה,false,,6.90,0.0000,true,1,106081
7290115732672,false,קערות דקל עמוקות מרו,,,קערות דקל עמוקות מרו,יחידה,0.00,יחידה,false,,11.90,0.0000,true,1,106083
7290115733129,false,קופסית עוגה אינגליש,,,קופסית עוגה אינגליש,יחידה,0.00,יחידה,false,,7.90,0.0000,true,1,141334
7290115733648,false,קופסאות ומכסים רב פע,,,קופסאות ומכסים רב פע,יחידה,0.00,יחידה,false,,8.90,0.0000,true,1,108957
7290115735604,false,כוס 8 נייר טבעי אקול,,,כוס נייר אקולוגי 40,יחידה,0.00,יחידה,false,,9.90,0.0000,true,1,145228
7290115736885,false,מיקס שקיות אשפה ריחנ,,,שקיות אשפה 30 יח',יחידה,0.00,יחידה,false,,7.50,0.0000,true,1,143040
7290115736984,false,"קופסה קשיחה 500 מ""ל",,,"קופסה קשיחה 500 מ""ל",יחידה,0.00,יחידה,false,,47.90,0.0000,true,1,143043
7290115739077,false,מגש אירוח והגשה + יד,,,מגש אירוח והגשה + יד,יחידה,0.00,יחידה,false,,7.90,0.0000,true,1,145698
7290115739107,false,מגש אירוח והגשה מעץ,,,מגש אירוח והגשה מעץ,יחידה,0.00,יחידה,false,,11.90,0.0000,true,1,145699
7290116130743,false,אשכולות שוקולד חלב ע,,,אשכולות שוקולד חלב ע,גרמים,120.00,100 גרם,false,,12.90,0.1075,true,1,146040
7290116530062,false,רוטב ויניגרט לסלט הלמנס 295 גרם,יוניליוור ישראל מזון בע\,IL,הלמנס לסלט ויניגרט 2,גרמים,295.00,100 גרם,false,,12.90,0.0437,true,1,108533
7290116530109,false,חטיף קליק נוגט ציפוי שוקולד לבן 35 גרם,"טחנת האבן תעשיות בע""\מ,",IL,קליק אוקיי נוגט לבן,גרמים,35.00,100 גרם,false,,5.00,0.1429,true,1,141254
7290116530116,false,קליק שלישיית ברים שוקולד נוגט לבן 105 גרם,,,קליק שלישיית ברים שו,גרמים,105.00,100 גרם,false,,14.90,0.1419,true,1,108080
7290116530185,false,"קורנפלקס דלישקד קרמל מלוח 400 גרם בד""ץ","יוניליוור שפע ישראל בע""\",IL,דלישקד 400 גר' תלמה,גרמים,400.00,100 גרם,false,,19.90,0.0497,false,1,141480
7290116530239,false,אקס דאו סטיק לגבר בלאק 7 גרם,יוניליוור פארם,US,אקס בלאק סטיק,גרמים,77.00,100 גרם,false,,15.90,0.2065,false,1,107649
7290116530482,false,תלמה מארז קורנפלקס אלופים 30 גרם*5 יחידו,פרו מן-יו פתרנות ארי,IL,מאגדת קורנפלקס אלופי,גרמים,150.00,100 גרם,false,,11.90,0.0793,false,1,141481
7290116530888,false,ג'ל לכביסה לבנה וצבעונית פינוק כחול בדין 2.5 ל',"זוהר דליה, קיבוץ דליה, 1",IL,בדין ג'ל לכביסה פינו,ליטרים,2.50,ליטר,false,,29.90,11.9600,true,1,108479
7290116530895,false,"תרסיס ריחני למייבש כביסה פינוק כחול בדין 500 מ""ל","זוהר דליה, קיבוץ דליה, 1",TR,בדין תרסיס למייבש פי,מיליליטרים,500.00,"100 מ""ל",false,,19.50,0.0390,true,1,108472
7290116531021,false,"שוקולד חלב ורד הגליל 100 גרם כשל""פ",יוניליוור ישראל מזון,IL,שוקולד חלב 100 גר' ו,גרמים,100.00,100 גרם,false,,5.90,0.0590,true,1,141710
7290116531038,false,"שוקולד מריר 60% ורד הגליל 100 גרם כשל""פ",יוניליוור ישראל מזון,TR,שוקולד מריר 60% טבלה,גרמים,100.00,100 גרם,false,,5.90,0.0590,true,1,141709
7290116531083,false,"ברנפלקס ללא ת.סוכר בטעם דבש בתוספת שקדים, 400 גרם","יוניליוור שפע ישראל בע""\",IL,ברנפלקס שקדים ודבש 4,גרמים,400.00,100 גרם,false,,19.90,0.0497,false,1,142349
7290116531557,false,"פריכיות פתית תירס עם מלח 150 גרם כשל""פ",גוד פוד פרודקטס Sp.zo.o,PL,מאגדת פתית פריכיות ת,גרמים,150.00,100 גרם,false,,13.90,0.0927,true,1,143584
7290116531656,false,"מרכך פינוק לשיער בניחוח תפוח 700 מ""ל",יוניליוור ישראל טיפוח אי,IL,פינוק מרכך תפוח 700,מיליליטרים,700.00,"100 מ""ל",false,,11.90,0.0170,false,1,141704
7290116531663,false,"תחליב רחצה פינוק בניחוח תפוח 700 מ""ל",יוניליוור ישראל טיפוח אי,IL,פינוק תחליב רחצה תפו,מיליליטרים,700.00,"100 מ""ל",false,,11.90,0.0170,false,1,141705
7290116531762,false,דפים ריחניים למייבש כביסה בדין ורוד 40 יחידות,"קלינטסט - 3p ארה""ב",US,בדין דפים למייבש ורו,יחידה,0.00,יחידה,false,,18.90,0.0000,true,1,144177
7290116531779,false,דפים ריחניים למייבש כביסה בדין כחול 40 יחידות,"קלינטסט - 3p ארה""ב",US,בדין דפי מרכך כחול 4,יחידה,0.00,יחידה,false,,18.90,0.0000,true,1,144393
7290116531823,false,תחליב רחצה 700 שייק וניל פרלינים אגוזים,יוניליוור ישראל טיפוח אי,IL,פינוק תחליב רחצה אגו,מיליליטרים,700.00,"100 מ""ל",false,,11.90,0.0170,false,1,142508
7290116532219,false,קורנפלקס תות תלמה אלופים 448 גרם,"יוניליוור שפע ישראל בע""\",IL,קורנפלקס תות 448 תלמ,גרמים,500.00,100 גרם,false,,19.90,0.0398,false,1,144529
7290116532264,false,מאגדת גודיז פרי אפרסק יוגורט בציפוי 300 ג' שטראוס,"גלידת שטראוס בע""\מ, רחוב",IL,מאגדת גודיז פרי אפרס,גרמים,300.00,100 גרם,false,,25.90,0.0863,true,1,144485
7290116532271,false,סנדוויץ לייט גודיז שוקולד וניל 270 ג' שטראוס,"גלידת שטראוס בע""\מ, רחוב",IL,מאגדת גודיז סנדוויץ,גרמים,270.00,100 גרם,false,,29.90,0.1107,true,1,144484
7290116532462,false,גלידת שמנת קליק בטעמי שוקולד בננה 384 ג' שטראוס,"גלידת שטראוס בע""\מ, רחוב",IL,גלידת שמנת פיינט קלי,מיליליטרים,520.00,"100 מ""ל",false,,19.90,0.0383,true,1,144012
7290116532479,false,קליק גלידת שמנת בטעמי שוקולד לבן עוגיות 384 ג' שטראוס,"גלידת שטראוס בע""\מ, רחוב",IL,גלידת שמנת פיינט קלי,מיליליטרים,520.00,"100 מ""ל",false,,19.90,0.0383,true,1,144011
7290116532615,false,פינוק שמפו לשיער בתוספת גוגי ברי 700 מל,יוניליוור ישראלn\טיפוח א,IL,פינוק שמפו גוג'י ברי,מיליליטרים,700.00,"100 מ""ל",false,,11.90,0.0170,false,1,144924
7290116532622,false,פינוק מרכך לשיער בתוספת גוגי ברי 700 מל,יוניליוור ישראלn\טיפוח א,IL,פינוק מרכך גוג'י ברי,מיליליטרים,700.00,"100 מ""ל",false,,11.90,0.0170,false,1,144923
7290116533230,false,דגני בוקר דליאגוז תל,יוניליוור,IL,דליאגוז 400 גרם תלמה,גרמים,400.00,100 גרם,false,,19.90,0.0497,false,1,146460
7290116930282,false,ארוחה בקטנה לאבנה עם קרקרים 150ג' תנובה,תנובה חלב,IL,ארוחה בקטנה לאבנה עם,גרמים,150.00,100 גרם,false,,7.60,0.0507,true,1,145012
7290116930435,false,יוגורט יופלה GO במרקם סמיך עם דובדבן 0%,תנובה מרכז שיתופי לש,IL,יוגורט גו סמיך 0% דו,גרמים,200.00,100 גרם,false,,6.20,0.0310,true,1,144240
7290116930626,false,ארוחה בקטנה ציזיקי עם קרקרים 150ג' תנובה,תנובה חלב,IL,ארוחה בקטנה צזיקי עם,גרמים,150.00,100 גרם,false,,7.60,0.0507,true,1,145013
7290116930657,false,"משקה חלב גו בטעם בננה תמר בתוספת שיבולת שועל במרקם חלק 340 מ""ל",תנובה מרכז שיתופי לש,IL,משקה גו בטעם בננה תמ,מיליליטרים,340.00,"100 מ""ל",false,,8.00,0.0235,true,1,146426
7290116930701,false,מעדן חלב GO מועשר בחלבון בטעם קרמל מלוח,תנובה מרכז שיתופי לש,IL,מעדן חלב גו בטעם קרמ,גרמים,120.00,100 גרם,false,,4.70,0.0392,true,1,144583
7290116930725,false,סויה BIO קוקוס גביע 150 גרם אלטרנטיב,תנובה חלב,IL,סויה ביו קוקוס,גרמים,150.00,100 גרם,false,,4.40,0.0293,true,1,145014
7290116930954,false,יוגורט טעם פאי תפוחים 3% 150 ג' יופלה,"תנובה בע""\מ",IL,יופלה פאי תפוחים 3%,גרמים,150.00,100 גרם,false,,5.10,0.0340,true,1,146371
7290116931012,false,יופלה דיאט 0% שומן תפוח וקינמון 150 גרם,תנובה מרכז שיתופי לש,IL,יופלה דיאט 0% תפוח ק,גרמים,150.00,100 גרם,false,,5.10,0.0340,false,1,146369
7290116931081,false,מעדן סויה - טופי קרמל 125 גרם אלטרנטיב,תנובה מרכז שיתופי לש,IL,מעדן סויה בטעם טופי,גרמים,125.00,100 גרם,false,,3.90,0.0312,true,1,145015
7290116931104,false,יופלה גו במרקם סמיך עם אננס 0% שומן 200ג',תנובה חלב,IL,יופלה גו במרקם סמיך,גרמים,200.00,100 גרם,false,,5.80,0.0290,true,1,145016
7290116931159,false,יופלה דיאט 0% שומן תות בננה 150 גרם,תנובה מרכז שיתופי לש,IL,יופלה דיאט 0% תות בנ,גרמים,150.00,100 גרם,false,,5.10,0.0340,false,1,146370
7290116931289,false,יופלה גו במרקם סמיך אלפחורס 200מל,תנובה מרכז שיתופי לש,IL,יוגורט גו סמיך אלפחו,גרמים,200.00,100 גרם,false,,6.20,0.0310,true,1,146472
7290117100004,false,לחם כוסמין 80%,,,לחם כוסמין 80%,גרמים,730.00,100 גרם,false,,26.90,0.0368,true,1,108236
7290117100011,false,לחם כוסמין מלא וצ'יה,,,לחם כוסמין מלא וצ'יה,גרמים,730.00,100 גרם,false,,26.90,0.0368,true,1,108237
7290117100059,false,לחמניות כוסמין שומשו,,,לחמניות כוסמין שומשו,גרמים,360.00,100 גרם,false,,14.50,0.0403,true,1,145753
7290117100110,false,לחמניות דגנים 4 יח',,,לחמניות דגנים 4 יח',גרמים,360.00,100 גרם,false,,11.90,0.0331,true,1,145752
7290117100127,false,לחמניות כוסמין רכות,,,לחמניות כוסמין רכות,גרמים,340.00,100 גרם,false,,14.50,0.0426,true,1,145754
7290117183946,false,חזרת שפעמן 360 גרם,,IL,חזרת אדומה 360 גר,גרמים,360.00,100 גרם,false,,15.90,0.0442,true,1,146575
7290117260562,false,חמאה כפרית מסורתית בגביע,וילי פוד,TR,חמאה בגביע 225 גר',גרמים,225.00,100 גרם,false,,14.90,0.0662,true,1,146238
7290117260968,false,ביסקוויטים ללא גלוטן ויליפוד 125 גרם,מודיאה אס.אר.אל,IT,ביסקוויטים ללא גלוטן,גרמים,125.00,100 גרם,false,,9.90,0.0792,true,1,143271
7290117261088,false,בוראטה גבינת מוצרלה רכה 125ג' 18%שומן,קסריה להפואנטה,ES,בוראטה ג.מוצרלה רכה,גרמים,125.00,100 גרם,false,,19.90,0.1592,true,1,146055
7290117261576,false,סרדינים בריסלינג מעושנים ברוטב עגבניות 185 גרם צנצנת,קריות זול,LV,סרדינים בריסלינג מעו,גרמים,185.00,100 גרם,false,,13.90,0.0751,true,1,145670
7290117261590,false,סרדינים בריסלינג מעושנים בשמן זית 185 גרם צנצנת,גולדן פרייז קאנינג אל.טי,LV,סרדינים בריסלינג מעו,גרמים,185.00,100 גרם,false,,13.90,0.0751,true,1,145672
7290117261910,false,מיקס מגורד לפיצה מחלבות אירופה 300 גרם,,IT,מיקס מגורד לפיצה 300,גרמים,300.00,100 גרם,false,,14.90,0.0497,true,1,145684
7290117262238,false,"משקה יוגורט פרוביוטי עם תות שדה 200מ""ל 2.3%שומן יורו",Euro יורו מחלבות אירופה,TR,משקה יוגורט פרוביוטי,מיליליטרים,200.00,"100 מ""ל",false,,4.90,0.0245,true,1,145295
7290117262245,false,"משקה יוגורט פרוביוטי עם אפרסק ומשמש 200מ""ל 2.3%שומן יורו",Euro יורו מחלבות אירופה,TR,משקה יוגורט פרוביטי,מיליליטרים,200.00,"100 מ""ל",false,,4.90,0.0245,true,1,145296
7290117262931,false,"קינוח בטעם מנגו, 85 גרם",איטלג'לטו,IT,קינוח בטעם מנגו,גרמים,85.00,100 גרם,false,,9.90,0.1165,true,1,146481
7290117262955,false,קינוח בטעם שוקולד בלגי 85 גרם,איטלג'לטו,IT,קינוח בטעם שוקולד בל,גרמים,85.00,100 גרם,false,,9.90,0.1165,true,1,146483
7290117262979,false,קינוח בטעם שוקולד ופירות יער 85 גרם,איטלג'לטו,IT,קינוח בטעם שוקולד ופ,גרמים,85.00,100 גרם,false,,9.90,0.1165,true,1,146485
7290117380864,false,סלים דליס פייבר עוגות בראוניס אישיות בטעם שוקולד 120 גרם,הלמה הלום,NL,מרבה סלים דליס פייבר,גרמים,120.00,100 גרם,false,,10.90,0.0908,true,1,144603
7290117380871,false,סלים דליס פייבר עוגות אישיות בטעם אוכמניות 120 גרם,הלמה הלום,NL,מרבה סלים דליס פייבר,גרמים,120.00,100 גרם,false,,10.90,0.0908,true,1,144604
7290117381182,false,"רוטב סריראצה מאסטר שף 360 מ""ל",מנה,TH,רוטב סרירציה מאסטר ש,מיליליטרים,360.00,"100 מ""ל",false,,14.90,0.0414,true,1,146036
7290117381205,false,"מאסטר שף שמן שומשום 370 מ""ל",מנה,,מאסטר שף שמן שומשום,מיליליטרים,370.00,"100 מ""ל",false,,21.90,0.0592,true,1,145842
7290117382318,false,סלים דליס - חטיף חלבון מצופה שוקולד מריר 60 גרם,"י. מרבה ישראל בע""\מ",IT,סלים דליס חטיף חלבון,גרמים,60.00,100 גרם,false,,11.90,0.1983,true,1,145285
7290117382325,false,סלים דליס - פרו 33 חטיף חלבון מצופה שוקולד חלב 60 גרם,"י. מרבה ישראל בע""\מ",IT,סלים דליס חטיף חלבון,גרמים,60.00,100 גרם,false,,11.90,0.1983,true,1,145286
7290117382332,false,סלים דליס - חטיף חלבון מצופה שוקולד בטעם עוגיות 60 גרם,"י. מרבה ישראל בע""\מ",IT,סלים דליס חטיף חלבון,גרמים,60.00,100 גרם,false,,11.90,0.1983,true,1,145287
7290117824047,false,ממתק ליקריץ מקלות 35גר-בטעם פירות ליגת ה,שמחה זה אנחנו,,ממתק ליקריץ מקלות 35,גרמים,35.00,100 גרם,false,,2.90,0.0829,true,1,146288
7290117824061,false,ממתק ליקריץ מקלות 35גר-בטעם פירות הלו קי,שמחה זה אנחנו,TR,ממתק ליקריץ מקלות 35,גרמים,35.00,100 גרם,false,,2.90,0.0829,true,1,146289
7290117825853,false,ליקריץ מקלות פירות 35 גר,,TR,ממתק ליקריץ מקלות 35,גרמים,35.00,100 גרם,false,,2.90,0.0829,true,1,146290
7290117825860,false,ממתק ליקריץ מקלות 35גר-בטעם פירות LOL,שמחה זה אנחנו,TR,ממתק ליקריץ מקלות 35,גרמים,35.00,100 גרם,false,,2.90,0.0829,true,1,146291
7290117825907,false,ליקריץ מקלות תות 35 גרם,,TR,ממתק ליקריץ מקלות חמ,גרמים,35.00,100 גרם,false,,2.90,0.0829,true,1,146294
7290117825914,false,ממתק מקלות קולה 35 גרם,,TR,ממתק ליקריץ מקלות חמ,גרמים,35.00,100 גרם,false,,2.90,0.0829,true,1,146295
7290117901205,false,טורטיה דגנים בתוספת שומשום ופשתן שקדיה 420 גרם,מוטלוקל,TR,טורטיה דגנים בתוספת,גרמים,420.00,100 גרם,false,,9.90,0.0236,true,1,145840
7290118420071,false,במבה ביסלי ברביקיו מיקס 80ג' אסם,"אסם השקעות בע""\מ",IL,במבה ביסלי ברבקיו מי,גרמים,80.00,100 גרם,false,,4.90,0.0613,false,1,146164
7290118420378,false,פתיבר פינוקים בטעם תותים בשמנת - חלבי,קריות זול,PL,אסם פתי בר פינוקים ת,גרמים,220.00,100 גרם,false,,10.90,0.0495,true,1,146161
7290118420477,false,אסם בייגלה שטוחים בטעם ביסלי בצל 300 גרם,"אסם תעשיות בע""מ",IL,אסם בייגלה שטוחים בט,גרמים,300.00,100 גרם,false,,11.90,0.0397,true,1,146166
7290118420514,false,אינסטנט פודינג בטעם נוגט אסם 75 גרם,"אסם תעשיות בע""מ",IL,אסם אינסטנט פודינג נ,גרמים,75.00,100 גרם,false,,5.80,0.0773,false,1,146160
7290118430667,false,קערה עגולה מתכלה,,,קערה עגולה מתכלה,יחידה,0.00,יחידה,false,,16.90,0.0000,true,1,144883
7291044081305,false,זוג נורות לד DL 12W E27 A60 SAFETY,,IL,זוג נורות לד 12 וואט,יחידה,0.00,יחידה,false,,13.90,0.0000,true,1,89002
7291044081312,false,זוג נורות לד 12 וואט,,IL,זוג נורות לד 12 וואט,יחידה,0.00,יחידה,false,,13.90,0.0000,true,1,89003
7291044094336,false,מנורות זוג 26W ספירל יונדאי,,IL,זוג נורות לד 27 15 ו,יחידה,0.00,יחידה,false,,16.90,0.0000,true,1,97725
7291044094343,false,זוג נורות לד WW 15W E27 A60 SAFETY,,IL,זוג נורות לד 27 15 ו,יחידה,0.00,יחידה,false,,16.90,0.0000,true,1,97726
7291546455635,false,תירס לבן מתוק ארוז,חקלאי,IL,תירס לבן כפרי חן,יחידה,0.00,יחידה,false,,19.90,0.0000,true,1,94739
7296021129940,false,צנצנות מלח ופלפל זכו,ade,CN,צנצנות מלח ופלפל זכו,יחידה,0.00,יחידה,false,,6.90,0.0000,true,1,79624
7296021133541,false,מצקת נירוסטה ידית שח,KIS CHINA,CN,מצקת נירוסטה,יחידה,0.00,יחידה,false,,21.90,0.0000,true,1,79870
7296021133558,false,כף מסננת ידית שחורה,KIS CHINA,CN,כף מסננת ידית שחורה,יחידה,0.00,יחידה,false,,19.90,0.0000,true,1,142773
7296021133718,false,מטרפה ידית שחורה נעמ,KIS CHINA,CN,מטרפה ידית שחורה,יחידה,0.00,יחידה,false,,10.90,0.0000,true,1,89098
7296021137259,false,בוצ'ר בלוק מקצועי,,,בוצ'ר בלוק מקצועי,יחידה,0.00,יחידה,false,,149.90,0.0000,true,1,101420
7296021141850,false,פורס ביצים יחיד,,,פורס ביצים יחיד,יחידה,0.00,יחידה,false,,14.90,0.0000,true,1,84980
7296021148484,false,קרש חיתוך 29*21 פלסט,,,קרש חיתוך 29*21 פלסט,יחידה,0.00,יחידה,false,,25.90,0.0000,true,1,87804
7296021161155,false,צנצנת פטנט 1500 מל,,,צנצנת פטנט 1500 מל,יחידה,0.00,יחידה,false,,19.90,0.0000,true,1,91749
7296021161162,false,"צנצנת פטנט 2000 מ""ל",,,"צנצנת פטנט 2000 מ""ל",יחידה,0.00,יחידה,false,,21.90,0.0000,true,1,102617
7296021161285,false,סט כף+תרווד+כף מחורצ,,,סט כף תרווד כף מחורצ,יחידה,0.00,יחידה,false,,17.90,0.0000,true,1,100249
7296021170652,false,פותחן שימוריםפרפר ST,,,פותחן שימורים,יחידה,0.00,יחידה,false,,8.90,0.0000,true,1,97158
7296021170751,false,מגרדת 4 צדדים,,,מגרדת 4 צדדים,יחידה,0.00,יחידה,false,,19.90,0.0000,true,1,145195
7296021170775,false,- מגרדת שטוחה 12*30,נעמן,,מגרדת שטוחה,יחידה,0.00,יחידה,false,,10.90,0.0000,true,1,97159
7296021184253,false,תבנית מלבנית 5 ליטר,,,תבנית מלבנית 5 ליטר,יחידה,0.00,יחידה,false,,44.90,0.0000,true,1,106392
7296021191794,false,"מחבת יציקה 22 ס""מ",,,"מחבת יציקה 22 ס""מ",יחידה,0.00,יחידה,false,,69.90,0.0000,true,1,107250
7296021191831,false,"מחבת יציקה 30 ס""מ שח",,,"מחבת יציקה 30 ס""מ",יחידה,0.00,יחידה,false,,109.90,0.0000,true,1,107253
7296021230356,false,תבנית אינגליש**14*3,,,תבנית אינגליש,יחידה,0.00,יחידה,false,,36.90,0.0000,true,1,103498
7296021256790,false,כף גלידה ידית שחורה,,,כף גלידה,יחידה,0.00,יחידה,false,,12.90,0.0000,true,1,104520
7296021266690,false,מסננת ידית עץ פרפקטו,,,"מסננת 15 ס""מ",יחידה,0.00,יחידה,false,,21.90,0.0000,true,1,108652
7296021266706,false,"מסננת ידית עץ 20 ס""מ",,,"מסננת 20 ס""מ",יחידה,0.00,יחידה,false,,24.90,0.0000,true,1,108653
7296021272677,false,ווק עמוק להקפצה 31 ס,,,ווק עמוק להקפצה,יחידה,0.00,יחידה,false,,59.90,0.0000,true,1,143915
7296021273643,false,סט סכיני ירקות פרפקט,,,סט סכינים,יחידה,0.00,יחידה,false,,16.90,0.0000,true,1,145068
7296021273650,false,סט שישיית סכינים לחי,,,סט סכינים,יחידה,0.00,יחידה,false,,16.90,0.0000,true,1,145069
7296021275388,false,"קרש חיתוך 19*19 ס""מ",,,"קרש חיתוך 19*19 ס""מ",יחידה,0.00,יחידה,false,,17.90,0.0000,true,1,143916
7296021417054,false,סט 6 כפיות דגם סתיו,נעמן,,סט כפיות פרפקטו,יחידה,0.00,יחידה,false,,17.90,0.0000,true,1,41729
7296021417085,false,סט 3 כפיות ארוכות דגם סתיו,נעמן,,כפית לימונדה שלישיה,יחידה,0.00,יחידה,false,,17.90,0.0000,true,1,43730
7296021625015,false,כפות סתיו שישיה,,,סט כפות שישיה,יחידה,0.00,יחידה,false,,28.90,0.0000,true,1,53609
7296021625022,false,סט 6 מזלגות דגם סתיו,נעמן,,סט מזלגות שישיה,יחידה,0.00,יחידה,false,,28.90,0.0000,true,1,53610
7296051099015,false,מצת אלקטרונית לגז בצבעים,,,מצית לגז,יחידה,0.00,יחידה,false,,6.90,0.0000,true,1,101867
7296051103507,false,טורבו ברנר מצית,,,מצית טורבו,יחידה,0.00,יחידה,false,,11.90,0.0000,true,1,146029
7296058000526,false,פריכיות כוסמת פרח 160 גרם,פרח תעשיות,IL,פרכיות פרח כוסמת 130,גרמים,130.00,100 גרם,false,,7.90,0.0608,true,1,57494
7296058110010,false,"פריכיות אורז פרח כשל""פ 110 גר'",פרח תעשיות,IL,פריכיות אורז פרח,גרמים,110.00,100 גרם,false,,4.90,0.0445,true,1,106321
7296073431862,false,עוגת מאפין שוקו וניל500ג,גידרון,IL,עוגת מאפין שוקו וניל,גרמים,550.00,100 גרם,false,,18.90,0.0344,true,1,107069
7296073431916,false,עוגת מאפין תפוז 500גרם,גידרון,IL,עוגת מאפין בטעם תפוז,גרמים,550.00,100 גרם,false,,18.90,0.0344,true,1,107074
7296082000035,false,"ביצים ""פלוס"" 6 יחידות",המכון למיון ושיווק ב,IL,ביצה פלוס 6 יח,יחידה,0.00,יחידה,false,,13.90,0.0000,true,1,14413
7296082000080,false,ביצי חופש 12 יחידות,המכון למיון ושיווק ביצים,IL,ביצי חופש תריסר,יחידה,0.00,יחידה,false,,22.90,0.0000,true,1,43436
7296082000103,false,ביצים סופר טריות מדי,,,ביצה סופר טריה M 30,יחידה,0.00,יחידה,false,,27.88,0.0000,true,1,67605
7296082000110,false,ביצים סופר טריות 30י,,,"ביצה סופר טריה "" L",יחידה,0.00,יחידה,false,,30.13,0.0000,true,1,45566
7296082000127,false,ביצים ענק XL,,,ביצים ענק XL,יחידה,0.00,יחידה,false,,13.10,0.0000,false,1,28407
7296082000134,false,ביצים רגילות לארג' 1,המכון למיון ושיווק ב,IL,ביצים גדול L,יחידה,0.00,יחידה,false,,12.05,0.0000,false,1,28408
7296082000141,false,ביצים רגילות מדיום 1,המכון למיון ושיווק ב,IL,ביצים בינוני M,יחידה,0.00,יחידה,false,,11.15,0.0000,false,1,33854
7296082000165,false,ביצי רמות השבים אורגני 1,המכון למיון ושיווק ביצים,IL,ביצים אורגניות תריסר,יחידה,0.00,יחידה,false,,22.90,0.0000,true,1,43437
7296082000202,false,ביצים סופר טריה לארג,,,ביצים סופר טריה 18 י,יחידה,0.00,יחידה,false,,18.08,0.0000,false,1,58046
7296089001752,false,בדיקת קורונה 5 יח' ORIENT/ECOTEST,פארמה דיל,CN,בדיקת אנטיגן מהירה 5,יחידה,0.00,יחידה,false,,39.90,0.0000,false,1,143002
7296089001790,false,בדיקת אנטיגן מהירה 5,,,בדיקת אנטיגן מהירה 5,יחידה,0.00,יחידה,false,,39.90,0.0000,true,1,144960
7296155150452,false,סל קניות רטרו,,,סל קניות רטרו,יחידה,0.00,יחידה,false,,19.90,0.0000,true,1,104156
7296179000948,false,שמן לשיער מוגדור 100,,,שמן לשיער מוגדור 100,מיליליטרים,100.00,"100 מ""ל",false,,33.90,0.3390,true,1,50773
7296179000962,false,מסכה מרוקאית לשיער 3,,,מסכה מרוקאית לשיער 3,מיליליטרים,350.00,"100 מ""ל",false,,31.90,0.0911,true,1,51211
7296179000993,false,קרם עיצוב לשיער מוגד,,,קרם עיצוב לשיער מוגד,מיליליטרים,350.00,"100 מ""ל",false,,31.90,0.0911,true,1,53743
7296179007305,false,רצועות לשעווה,,,רצועות לשעווה,יחידה,0.00,יחידה,false,,7.90,0.0000,true,1,34397
7296179007381,false,קרם רב שימושי אלוורה,,,קרם רב שימושי אלוורה,מיליליטרים,0.00,"מ""ל",false,,21.90,0.0000,true,1,18470
7296179007398,false,שיק.מסיר לק אלוורה250 מל,שיק לקים,IL,מסיר לק אלוורה,מיליליטרים,100.00,"100 מ""ל",false,,13.90,0.1390,true,1,18471
7296179007411,false,שיק.מסיר לק לא אצטון250מ,שיק לקים,IL,מסיר לק ללא אציטון,מיליליטרים,100.00,"100 מ""ל",false,,13.90,0.1390,true,1,18472
7296179007879,false,קרם ידיים אובליפיחה,,,קרם ידיים אובליפיחה,מיליליטרים,0.00,"מ""ל",false,,12.90,0.0000,true,1,26860
7296179007886,false,קרם רגליים אובליפיחה,,,קרם רגליים אובליפיחה,מיליליטרים,0.00,"מ""ל",false,,15.90,0.0000,true,1,25939
7296179008050,false,שיק לק עמיד 409,שיק לקים,IL,לק עמיד 409,מיליליטרים,17.00,"מ""ל",false,,11.90,0.7000,true,1,76070
7296179008104,false,לק מטאלי 902 בז',,,לק מטאלי 902 בז',יחידה,0.00,יחידה,false,,16.90,0.0000,true,1,83536
7296179008265,false,מרכך עור שיק,,,מרכך עור שיק,יחידה,0.00,יחידה,false,,17.90,0.0000,true,1,141100
7296179008357,false,לק עמיד 319,שיק לקים,IL,לק עמיד 319,מיליליטרים,17.00,"מ""ל",false,,11.90,0.7000,true,1,76076
7296179010046,false,שיק לק עמיד 005,שיק לקים,IL,לק עמיד 005,מיליליטרים,17.00,"מ""ל",false,,11.90,0.7000,true,1,75986
7296179010213,false,שיק לק עמיד 022,שיק לקים,IL,לק עמיד 022,מיליליטרים,17.00,"מ""ל",false,,11.90,0.7000,true,1,75991
7296179010305,false,שיק לק עמיד 031,שיק לקים,IL,לק עמיד 031,מיליליטרים,17.00,"מ""ל",false,,11.90,0.7000,true,1,75993
7296179011234,false,שיק לק עמיד 279,שיק לקים,IL,לק עמיד 279,מיליליטרים,17.00,"מ""ל",false,,11.90,0.7000,true,1,76083
7296179011272,false,שיק לק עמיד 230,שיק לקים,IL,לק עמיד 230,מיליליטרים,17.00,"מ""ל",false,,11.90,0.7000,true,1,76025
7296179011807,false,Coat Base לכת בסיס,שיק לקים,IL,לק בסיס,מיליליטרים,0.00,"מ""ל",false,,16.90,0.0000,true,1,39037
7296179011814,false,לק שכבת הגנה,שיק לקים,IL,לק שכבת הגנה,יחידה,0.00,יחידה,false,,16.90,0.0000,true,1,39038
7296179012071,false,שיק לק עמיד 266,שיק לקים,IL,לק עמיד 266,מיליליטרים,17.00,"מ""ל",false,,11.90,0.7000,true,1,76093
7296179012132,false,שיק לק עמיד 289,שיק לקים,IL,לק עמיד 289,מיליליטרים,17.00,"מ""ל",false,,11.90,0.7000,true,1,76098
7296179012248,false,שיק לק עמיד 435,שיק לקים,IL,לק עמיד 435,מיליליטרים,17.00,"מ""ל",false,,11.90,0.7000,true,1,76104
7296179012309,false,שיק לק עמיד 407,שיק לקים,IL,לק עמיד 407,מיליליטרים,17.00,"מ""ל",false,,11.90,0.7000,true,1,76106
7296179014174,false,ג'ל אלוורה אחר שיזוף200מ,חלאבין,IL,ג'ל אלוורה לאחר שיזו,מיליליטרים,200.00,"100 מ""ל",false,,17.90,0.0895,true,1,55424
7296179014181,false,לק עמיד 250,שיק לקים,IL,לק עמיד 250,מיליליטרים,17.00,"מ""ל",false,,11.90,0.7000,true,1,76045
7296179014969,false,לק עמיד 255,שיק לקים,IL,לק עמיד 255,מיליליטרים,17.00,"מ""ל",false,,11.90,0.7000,true,1,76047
7296179020007,false,חמאת גוף לבנדר שיק,,,חמאת גוף לבנדר שיק,מיליליטרים,0.00,"מ""ל",false,,25.90,0.0000,true,1,25946
7296179021004,false,לק עמיד שיק 413,שיק לקים,IL,לק עמיד 413,מיליליטרים,17.00,"מ""ל",false,,11.90,0.7000,true,1,76115
7296179021059,false,לק עמיד שיק 483,שיק לקים,IL,לק עמיד 483,מיליליטרים,17.00,"מ""ל",false,,11.90,0.7000,true,1,76117
7296179024593,false,"מסיר לק קוקוס 100 מ""ל",,IL,"מסיק לק לבן 100 מ""ל",מיליליטרים,100.00,"100 מ""ל",false,,9.90,0.0990,true,1,91192
7296179028416,false,לק עמיד 818 יח',,IL,לק עמיד818,מיליליטרים,17.00,"100 מ""ל",false,,11.90,0.7000,true,1,96818
7296179029109,false,לק עמיד 806 יח',שיק לקים,IL,לק עמיד 806,יחידה,0.00,יחידה,false,,11.90,0.0000,true,1,92822
7297028160622,false,גרבי נשים במבוק (3) שחור/לבן,,,גרביים,יחידה,0.00,יחידה,false,,15.90,0.0000,true,1,100049
7297028183058,false,גוזיות נשים סנטוני עם כיווצים וכתפיות דקות (160244),,,גוזיה,יחידה,0.00,יחידה,false,,25.90,0.0000,true,1,144688
7297028183102,false,גוזיה,,,גוזיה,יחידה,0.00,יחידה,false,,25.90,0.0000,true,1,144863
7297028184222,false,תחתון נשים,,,תחתון נשים,יחידה,0.00,יחידה,false,,15.90,0.0000,true,1,143599
7297028185458,false,גוזיה,,,גוזיה,יחידה,0.00,יחידה,false,,25.90,0.0000,true,1,145105
7297028185755,false,שלישיית גרבי במבוק,,,שלישיית גרבי במבוק,יחידה,0.00,יחידה,false,,17.90,0.0000,true,1,144635
7297028193064,false,גרבי שניל מחממות שלי,,,גרבי שניל מחממות שלי,יחידה,0.00,יחידה,false,,19.90,0.0000,true,1,146233
7297307070307,false,שלישית מגבות מטבח,,,שלישית מגבות מטבח,יחידה,0.00,יחידה,false,,24.90,0.0000,true,1,65839
7297478003982,false,עקביות,,,עקביות,יחידה,0.00,יחידה,false,,12.90,0.0000,true,1,102762
7297488036567,false,סיכת מקור שחורה /צבע,,,סיכת מקור שחורה /צבע,יחידה,0.00,יחידה,false,,5.90,0.0000,true,1,77275
7297488037595,false,כובע בוקרים ג'מש,נשם,,כובע בוקרים ג'מש,יחידה,0.00,יחידה,false,,19.90,0.0000,true,1,53672
7297488040403,false,כפפות סרוגות עבות,אודס,,כפפות סרוגות עבות,יחידה,0.00,יחידה,false,,9.90,0.0000,true,1,51666
7297488040441,false,מטריה ג'מבו צבעונית,,,מטריה ג'מבו צבעונית,יחידה,0.00,יחידה,false,,39.90,0.0000,true,1,84255
7297488098015,false,גרנולה קרנץ' עם שוקולד צ'יפס מריר ללא גלוטן 250 גרם דגש,תות תעשיות מזון (201,IL,דגש גרנולה קרנצ'י שו,גרמים,250.00,100 גרם,false,,14.90,0.0596,true,1,95690
7297488098152,false,דגש קמח חומוס ללא גל,אף.סי תבליני בגליל ב,IL,דגש קמח חומוס,גרמים,500.00,100 גרם,false,,15.90,0.0318,true,1,95492
7297488098169,false,"קמח תירס ללא גלוטן דג""ש","תבליני העליון בע""מ",IL,דגש קמח תירס 500 גר',גרמים,500.00,100 גרם,false,,9.90,0.0198,true,1,96347
7297488098183,false,קמח אורז ללא גלוטן 500 ג,"תבליני העליון בע""מ",IL,דגש קמח אורז 500 גר',גרמים,500.00,100 גרם,false,,10.90,0.0218,true,1,96348
7297488098190,false,0 קמח אורז מלא ללא גלוטן,אף.סי תבליני בגליל ב,IL,דגש קמח אורז מלא 500,גרמים,500.00,100 גרם,false,,13.90,0.0278,true,1,96349
7297488098213,false,500 קמח קינואה ללא גלוטן,"תבליני העליון בע""מ",IL,דגש קמח קינואה 500 ג,גרמים,500.00,100 גרם,false,,23.90,0.0478,true,1,96354
7297488098220,false,קמח תפוחי אדמה 500 גרם דגש,תות תעשיות מזון (201,IL,"דגש קמח תפו""א",גרמים,500.00,100 גרם,false,,11.50,0.0230,true,1,96011
7297488098299,false,קמח טפיוקה ללא גלוטן500ג,אף סי תבליני הגליל ב,IL,קמח טפיוקה דגש 500 ג,גרמים,500.00,100 גרם,false,,8.90,0.0178,true,1,93868
7297488098305,false,קמח שקדים ללא גלוטן,תות תעשיות מזון (201,IL,קמח שקדים דגש 250 גר,גרמים,250.00,100 גרם,false,,25.90,0.1036,true,1,93894
7297488098688,false,דגש פצפוצי אורז מלא ללא תוספת סוכר ומלח 450 גרם,משובח תעשיות מזון,IL,פצפוצי אורז מלא ללא,גרמים,450.00,100 גרם,false,,21.00,0.0467,true,1,94953
7297488199606,false,פצפוצי אורז תפוח ללא תוספת סוכר ומלח ללא גלוטן,דגש- דוכן גן שמואל,IL,פצפוצי אורז מלא קל ל,גרמים,450.00,100 גרם,false,,21.00,0.0467,true,1,94954
7297488199620,false,פצפוצי אורז מלא תפוח ללא גלוטן,דגש- דוכן גן שמואל,FR,פצפוצי אורז מלא ללא,גרמים,450.00,100 גרם,false,,21.00,0.0467,true,1,94955
7297488199682,false,קמח כוסמת ללא גלוטן,תות תעשיות מזון (201,IL,דגש קמח כוסמת 500 גר,גרמים,500.00,100 גרם,false,,14.90,0.0298,true,1,96357
7297488199781,false,דגש קניידל מיקס 130 גרם,"חיים טובים מזון בע""מ",FR,קניידלך דגש,גרמים,130.00,100 גרם,false,,17.90,0.1377,true,1,95688
7312040017683,false,"אבסולוט וודקה, 700 מ''ל",חברת אבסולוט,SE,"וודקה אבסולוט 700 מ""",מיליליטרים,700.00,"100 מ""ל",false,,59.90,0.0856,false,1,50245
7321011040315,false,מפיות נייר דוני תלת,דוני,NL,דוני 12 מפיות תלת שכ,יחידה,0.00,יחידה,false,,10.90,0.0000,true,1,95079
7321011040629,false,דוני 20מפיות תלת שכבתי צבעים שונים,דוני,SE,מפיות ניר תלת שכבתי,יחידה,0.00,יחידה,false,,7.00,0.0000,true,1,23336
7321011404070,false,דוני 20מפיות מעוטרות תלת שכבתי צבעים,דוני,SE,מפיות ניר תלת שכבתי,יחידה,0.00,יחידה,false,,10.90,0.0000,true,1,26862
7350022390386,false,קקאו הולנדי ואן האוטן 125 גרם,וואן האוטן,,קקאו ואן הוטן,גרמים,125.00,100 גרם,false,,13.50,0.1080,true,1,44878
7394376123337,false,"משקה שיבולת שועל אורגני מפוקח ע""י סקאל",טרנסומס פוד איי.בי,SE,אוטלי משקה שיבולת שו,מיליליטרים,1000.00,"100 מ""ל",false,,13.90,0.0139,true,1,102669
7394376615825,false,אוטלי משקה שיבולת שועל מועשר בסידן וויטמינים 1 ליטר,טרנסומס פוד,SE,אוטלי משקה שיבולת שו,מיליליטרים,1000.00,"100 מ""ל",false,,13.90,0.0139,true,1,102670
7394376616778,false,אוטלי משקה שיבולת שועל להקצפה בריסטה 1 ליטר,טרנסומס פוד,SE,אוטלי משקה שיבולת שו,מיליליטרים,1000.00,"100 מ""ל",false,,15.90,0.0159,true,1,102672
7394376620294,false,אוטלי משקה שיבולת שועל בטעם וניל 1 ליטר,איי אם פי אס איי תעש,NL,משקה שיבולת שועל בטע,ליטרים,1000.00,ליטר,false,,15.90,0.0159,true,1,145764
7501013122039,false,ג'ומקס מיץ מנגו קרטונית ליטר תריסר,חומקס קומר קומרסאליזדורה,MX,ג'ומקס נקטר מנגו קרט,ליטרים,1.00,ליטר,false,,8.90,8.9000,true,1,98868
7501013122053,false,ג'ומקס מיץ אפרסק קרטונית ליטר תריסר,חומקס קומר קומרסאליזדורה,MX,ג'ומקס נקטר אפרסק קר,ליטרים,1.00,ליטר,false,,8.90,8.9000,true,1,98866
7501013122114,false,"נקטר משקה אננס בקרטונית ג'ומקס, 1 ל'",חומקס קומר קומרסאליזדורה,MX,ג'ומקס אננס קרטונית,ליטרים,1.00,ליטר,false,,8.90,8.9000,true,1,98867
7501013122190,false,ג'ומקס מיץ תפוחים קרטונית ליטר תריסר,חומקס קומר קומרסאליזדורה,MX,ג'ומקס תפוחים קרטוני,ליטרים,1.00,ליטר,false,,8.90,8.9000,true,1,98869
7501013122992,false,ג'ומקס מיץ קוקוס אננס קרטונית ליטר תריסר,חומקס קומר קומרסאליזדורה,MX,ג'ומקס קוקוס אננס קר,ליטרים,1.00,ליטר,false,,8.90,8.9000,true,1,98870
7501013138047,false,משקה רימונים יוניקו פרסקו ג'ומקס בקרטונית 1 ליטר,חומקס קומר קומרסאליזדורה,MX,נקטר רימונים יוניקו,ליטרים,1.00,ליטר,false,,10.90,10.9000,false,1,56423
7501013138184,false,משקה חמוציות יוניקו פרסקו ג'ומקס קרטונית 1 ליטר,חומקס קומר קומרסאליזדורה,MX,נקטר חמוציות יוניקו,ליטרים,1.00,ליטר,false,,10.90,10.9000,false,1,57424
7501049936945,false,"שישיית בירה סול בקבוק 330 מ""ל",היינקן,NL,בירה סול שישייה 330,מיליליטרים,1980.00,"100 מ""ל",false,,32.90,0.0166,false,1,101784
7501064191398,false,שישיית בירה קורונה אקסטרא *355 מל,קריניציה ויטמינה אס,MX,שישיית בירה קורונה -,ליטרים,2.13,ליטר,false,,34.90,16.3850,false,1,96431
7503012779405,false,סירופ אגבה כחולה אורגני 600מל,נוטריאגבס דה מקסיקו,MX,סירופ אגבה כחולה אור,גרמים,660.00,100 גרם,false,,31.90,0.0483,true,1,78675
7509546061665,false,דאודורנט סטיק ג'ל לגבר 24/7 אקסטרים אינטנס,קולגייט פלמוליב,US,ספיד סטיק אקסטרים אי,גרמים,85.00,100 גרם,false,,19.90,0.2341,true,1,145404
7509546666846,false,"קולגייט טוטאל משחת שיניים פחם 75 מ""ל",קולגייט פלמוליב,MX,קולגייט טוטאל משחת ש,מיליליטרים,75.00,"100 מ""ל",false,,19.90,0.2653,true,1,107523
7509546678702,false,קולגייט משחת שיניים טוטל אנטי טרטר 100 מ,קולגייט-פלמוליב,PL,קולגייט משחת שיניים,מיליליטרים,100.00,"100 מ""ל",false,,16.90,0.1690,true,1,145211
7610023050215,false,פמיליה קראנץ' איקס תערובת דגנים פריכים בתוספת צימוקים ואגוזי לוז 500 גרם,פמיליה familia,CH,"מיזלי ""קראנצ איקס 50",גרמים,500.00,100 גרם,false,,25.90,0.0518,true,1,11110
7610023051212,false,פמיליה שוקו איקס תערובת דגנים פריכים בתוספת שוקולד 500 גרם,מיוצר עי קונדיטוריית,CH,"מיזלי ""שוקו איקס 500",גרמים,500.00,100 גרם,false,,25.90,0.0518,true,1,11115
7610100034084,false,מיונז טומי בשפורפרת 265 גרם,נסטלה שוויץ ס.א,CH,מיונז טומי 265 גר',גרמים,265.00,100 גרם,false,,12.90,0.0487,true,1,85829
7610113011652,false,בריזר - משקה כוהלי מוגז בטעם תפוח,בקרדי בריזר Bacardi Breezer,BE,בקרדי בריזר מוגז בטע,מיליליטרים,275.00,"100 מ""ל",false,,12.90,0.0469,false,1,102375
7610211130903,false,סוכרזית הרמזית 800+2,מרום את קונפינו,CH,הרמזית 800 יח,גרמים,11.80,100 גרם,false,,29.90,2.5339,true,1,142906
7610243004463,false,"דורגול - מרסס להסרת אבנית במקלחון 600 מ""ל",יעקבי- דורגול Durgol,CH,דורגול מרסס,מיליליטרים,500.00,"100 מ""ל",false,,21.90,0.0438,true,1,28971
7610400010481,false,לינדט אקסלנס שוקולד חלב 100 גרם,לינדט ושפרונגלי קילשברג,CH,שוקולד חלב לינדט 100,גרמים,100.00,100 גרם,false,,15.00,0.1500,true,1,9558
7610400014632,false,שוקולד לינדור בודד וואיט 100 ג',לינדט Lindt,CH,שוקולד לינדט לבן,גרמים,100.00,100 גרם,false,,15.00,0.1500,true,1,33677
7610400014649,false,לינדור קוביות במילוי קרם שוקולד חלב 100 גרם,לינדט ושפרונגלי קילשברג,CH,שוקולד לינדט במילוי,גרמים,100.00,100 גרם,false,,15.00,0.1500,true,1,9562
7610400068369,false,שוקולד חלב במילוי קרם אגוזים,לינדט ושפרונגלי,CH,שוקולד לינדור אגוזים,גרמים,100.00,100 גרם,false,,15.00,0.1500,true,1,33714
7610400068505,false,לינדט לינדור בונבוניירה שוקולד חלב 200 גרם,לינדט ושפרונגלי קילשברג,CH,לינדור בונבונירה חלב,גרמים,200.00,100 גרם,false,,29.90,0.1495,false,1,33565
7610400068529,false,לינדט לינדור בונבוניירה כדורי שוקולד מטעמים 200 גרם,לינדט ושפרונגלי קילשברג,CH,לינדור בונבו' אסורטד,גרמים,200.00,100 גרם,false,,29.90,0.1495,false,1,33376
7610400070577,false,לינדט אקסלנס שוקולד צ'ילי 100 גרם,לינדט ושפרונגלי קילשברג,CH,שוקולד לינדט אקסלנס,גרמים,100.00,100 גרם,false,,15.00,0.1500,true,1,58443
7610400074155,false,לינדט לינדור קוביות במילוי קרם שוקולד 60% מוצקי קקאו 100 גרם,לינדט ושפרונגלי קילשברג,CH,שוקולד לינדור 60% קק,גרמים,100.00,100 גרם,false,,15.00,0.1500,true,1,33715
7610400075770,false,לינדט לה גרנד שוקולד מריר אגוז 150 גרם,לינדט ושפרונגלי קילשברג,CH,לינדט מריר אגוזים 15,גרמים,150.00,100 גרם,false,,23.90,0.1593,true,1,37671
7610400075787,false,לינדט לה גרנד שוקולד חלב אגוז 150 גרם,לינדט ושפרונגלי קילשברג,CH,שוקולד חלב עם אגוזים,גרמים,150.00,100 גרם,false,,23.90,0.1593,true,1,37672
7610400075794,false,לינדט לה גרנד שוקולד לבן ושקדים 150 גרם,לינדט ושפרונגלי,CH,לינדט לגרנד לבן שקד,גרמים,150.00,100 גרם,false,,23.90,0.1593,true,1,37673
7610400085946,false,לינדט לגרנד דארק אלמונד סולט 150 גרם,לינדט ושפרונגלי קילשברג,CH,שוקולד לינדט לגרנד ס,גרמים,150.00,100 גרם,false,,23.90,0.1593,true,1,98744
7610400086202,false,שוקולד מריר לה גרנד עם אוכמניות וחמוציות,לינדט Lindt,,שוקולד לינדט לגרנד 1,גרמים,150.00,100 גרם,false,,23.90,0.1593,true,1,90895
7610400091060,false,שוקולד מריר לינדט אקסלנס בתוספת תפוז ושקדים,לינדט ושפרונגלי קילש,CH,שוקולד לינדט אקסלנס,גרמים,100.00,100 גרם,false,,15.00,0.1500,true,1,101742
7610700002681,false,ריקולה סוכריות ללא סוכר בטעם צמחים 50 גר',,CH,סוכריות ריקולה בטעם,גרמים,50.00,100 גרם,false,,11.90,0.2380,true,1,101498
7610700009956,false,ריקולה ללא ת.סוכר סמבוקוס 50 גרם,,CH,סוכריות ריקולה סמבוק,גרמים,50.00,100 גרם,false,,11.90,0.2380,true,1,106328
7610700013083,false,סוכריות ריקולה ללא סוכר בטעם צמחים 20 יח',,,סוכריות ריקולה אלפין,גרמים,50.00,100 גרם,false,,11.90,0.2380,true,1,146487
7610700607046,false,סוכריות צמחים לימון ומנטה ללא תוספת סוכר,ריקולה Ricola,CH,סוכריות ריקולה דיאט,גרמים,50.00,100 גרם,false,,11.90,0.2380,true,1,35532
7610700607077,false,סוכריות צמחים תפוז ומנטה ללא תוספת סוכר,ריקולה Ricola,CH,ריקולה תפוז-מנטה,גרמים,50.00,100 גרם,false,,11.90,0.2380,true,1,39725
7610700614914,false,סוכריות צמחים וחמוציות ללא תוספת סוכר,ריקולה Ricola,CH,ריקולה קרנברי צמחים,גרמים,50.00,100 גרם,false,,11.90,0.2380,true,1,42787
7610928091184,false,הגרטי משחת הפלא להברקת כלי כסף 185 גר',יעקובי,FR,הגרטי משחת פלא להברק,גרמים,150.00,100 גרם,false,,32.90,0.2193,true,1,100548
7613030979647,false,דגני בוקר טריקס פירות עולם היורה 480 ג',ג'נרל מילס סאן אדריא,CL,טריקס 480 גר,גרמים,480.00,100 גרם,false,,19.90,0.0415,false,1,91709
7613032045753,false,פיטנס - דגני בוקר שוקולד 375 גרם,נסטלה צרפת איטנקורט,FR,דגנים פיטנס שוקולד 3,גרמים,375.00,100 גרם,false,,21.90,0.0584,false,1,27745
7613033174728,false,נסקפה דולצה גוסטו קפהאולאיט 16 קפס.160 ג,דולצ'ה גוסטו Nescafe Dolce Gusto,GB,קפסולות קפה דולצ'ה ג,גרמים,160.00,100 גרם,false,,26.90,0.1681,true,1,77948
7613033548192,false,פיטנס - דגני בוקר שוקולד מריר 375 גרם,נסטלה צרפת איטנקורט,FR,פיטנס דגנים עם שוקול,גרמים,375.00,100 גרם,false,,21.90,0.0584,false,1,41943
7613035619050,false,פירולו חמשושים מפלצות 75 מל,שוורצקוף& הנקל דיסלד,ES,חמשושים מצופים,גרמים,80.00,100 גרם,false,,7.00,0.0875,true,1,81873
7613035622623,false,פיטנס - גרנולה שקדים ודבש 300 גרם,שוורצקוף& הנקל דיסלד,LT,פיטנס גרנולה דבש,גרמים,300.00,100 גרם,false,,15.90,0.0530,true,1,80896
7613035635845,false,פיטנס גרנולה שוקולד 14*300 גרם,שוורצקוף& הנקל דיסלד,LT,פיטנס גרנולה שוקולד,גרמים,300.00,100 גרם,false,,15.90,0.0530,true,1,80819
7613035758834,false,פיטנס סופר גרנולה וחמוציות 300 גרם,שוורצקוף& הנקל דיסלד,LT,פיטנס גרנולה חמוציות,גרמים,300.00,100 גרם,false,,15.90,0.0530,true,1,83224
7613035809857,false,פרפקטו רוטב עגבניות לפסטה ולבישול אסם 400 גרם,אסם פרפקטו Perfecto,ES,פרפקטו רוטב עגבניות,גרמים,400.00,100 גרם,false,,9.60,0.0240,true,1,83200
7613036314114,false,נסקפה גולד Gold קפה נמס מיובש בתוספת קפה קלוי,נסקפה Nescafe,IL,נס קפה גולד 200 גר,יחידה,0.00,יחידה,false,,49.90,0.0000,false,1,92600
7613036520492,false,פרפקטו רוטב עגבניות לפיצה אסם 400 גרם,אסם פרפקטו Perfecto,ES,פרפקטו רוטב עגבניות,גרמים,400.00,100 גרם,false,,9.60,0.0240,true,1,91169
7613036576734,false,קרטיב חמשושים חדש נסטלה 60 גר,פרונרי איבריה ס.ל,ES,חמשושים נסטלה,גרמים,60.00,100 גרם,false,,7.50,0.1250,true,1,93384
7613036710879,false,מארז מיני חטיפי קיט קט צ'אנקי Kit Kat Chanky,נסטלה גרמניה,DE,קיט קט צ'אנקי מיני,גרמים,194.00,100 גרם,false,,13.90,0.0716,true,1,94169
7613036737623,false,קראנץ' רולס נסטלה 410 גרם,"אסם תעשיות בע""מ",FR,קראנץ מקס נסטלה,גרמים,410.00,100 גרם,false,,19.90,0.0485,false,1,93306
7613037204889,false,סטארבקס - פולי קפה אספרסו 450 גרם,נסטלה נספרסו,PT,סטארבקס פולי קפה אספ,גרמים,450.00,100 גרם,false,,45.90,0.1020,false,1,106863
7613037686906,false,פיטנס שקדים ודבש 355 גרם מופחת סוכר,נסטלה צרפת איטנקורט,FR,פיטנס שקדים ודבש 355,גרמים,355.00,100 גרם,false,,21.90,0.0617,false,1,98797
7613037687132,false,דגני בוקר פיטנס שקדים ודבש 585 גרם,נסטלה צרפת איטנקורט,FR,פיטנס שקדים ודבש 585,גרמים,585.00,100 גרם,false,,24.90,0.0426,false,1,98798
7613038268262,false,דגני בוקר צ'יריוס דבש ושקדים במתיקות מעודנת,נסטלה פולין דגני בוק,FR,האני נאט ציריוס מופח,גרמים,410.00,100 גרם,false,,19.90,0.0485,true,1,100239
7613038451954,false,דגני בוקר שוקולד מופחת סוכר 410 ג' קראנץ',נסטלה צרפת איטנקורט,FR,דגני קראנץ שוקולד מו,גרמים,410.00,100 גרם,false,,19.90,0.0485,false,1,100400
7613039770450,false,טבעול סנסשיונל בורגר צמחוני 226 גרם,ג'נרל מילס סאן אדריא,CZ,טבעול בורגר צמחוני,גרמים,226.00,100 גרם,false,,33.90,0.1500,false,1,103620
7613039881521,false,גרבר מחית מרק מנגו 190 גרם,נסטלה פולסקה אס.איי,PL,גרבר מחית מנגו 190 ג,גרמים,190.00,100 גרם,false,,6.80,0.0358,true,1,105555
7613287181411,false,ויטמינציק מחית סלט פירות 110 גרם,"טרופיקל דגיל בע""מ אז",ES,ויטמינצ'יק מחית סלט,גרמים,110.00,100 גרם,false,,5.50,0.0500,true,1,108763
7613287182357,false,מחית אגס תפוח ופירות יער ויטמינצ'יק 110 ג',נסטלה,ES,ויטמינצ'יק מחית אגס,גרמים,110.00,100 גרם,false,,5.50,0.0500,true,1,108760
7613287182456,false,ויטמינציק מחית אגס בננה תפוח 110 גרם,קריות זול,ES,ויטמינצ'יק מחית אגס,גרמים,110.00,100 גרם,false,,5.50,0.0500,true,1,108758
7613287186928,false,סטארבקס קפסולות קפה ברקפסט רוסט 10יח,נסטלה שוויץ - קפה,CH,סטארבקס קפסולות ברקפ,יחידה,0.00,יחידה,false,,21.90,0.0000,true,1,108385
7613287302373,false,סטארבקס קפסולות איטליאן סטייל רוסט 56 גרם,נסטלה שוויץ - קפה,PT,קפסולות סטארבקס סטיי,גרמים,56.00,100 גרם,false,,21.90,0.3911,true,1,105972
7613287325822,false,אוסם - דיפ אנד ספרד מטבל מיקס 295 גרם,נסטלה,PL,רוטב מיקס לחיץ אוסם,גרמים,295.00,100 גרם,false,,14.90,0.0505,true,1,141231
7613287394323,false,דגני בוקר מולטי צ'יריוס 600 גרם,נסטלה פולין דגני בוק,GB,דגני צ'ריוס מולטי 60,גרמים,600.00,100 גרם,false,,19.90,0.0332,false,1,107776
7613287476678,false,דגני בוקר סינימיניס צ'ורוס נסטלה 360 ג',נסטלה אוונקה,PT,סינימיניס צו'רוס,גרמים,360.00,100 גרם,false,,19.90,0.0553,false,1,141140
7613287821348,false,נתחוני עוף טבעוני סנסשיונל טבעול 350 גרם,ג'נרל מילס סאן אדריא,CZ,טבעול נתחוני עוף טבע,גרמים,350.00,100 גרם,false,,33.90,0.0969,true,1,142367
7613287855640,false,סטארבקס קפסולות קפה גוואטמלה 10 יחידות,נסטלה שוויץ - קפה,CH,קפסולות סטארבקס גווא,גרמים,55.00,100 גרם,false,,21.90,0.3982,true,1,145109
7614500035788,false,טובלרון שוקולד חלב 200 גרם,מונדלייז,CH,טובלרון שוקולד חלב 2,גרמים,200.00,100 גרם,false,,14.90,0.0745,true,1,37746
7622010001858,false,עוגיות אוראו ממולאות קרם וניל 176 גרם.,פי אר ג'\יי אס אי מנדלז,UA,עוגיות אוראו ממולאות,גרמים,176.00,100 גרם,false,,8.90,0.0506,false,1,84278
7622201050757,false,שוקולד מילקה טבלת חלב עם קרמל 100 ג',מילקה Milka,DE,שוקולד מילקה קרמל 10,גרמים,100.00,100 גרם,false,,5.90,0.0590,false,1,30811
7622201137052,false,אוראו מיני קוקיס - עוגיות שוקולד צ'יפס ותחתית מצופה שוקולד חלב,מונדלז אספנה גלטאס פ,ES,מילקה מיני קוקיז,גרמים,110.00,100 גרם,false,,8.50,0.0773,true,1,106467
7622201139278,false,גבינת שמנת 27% שומן 150 ג' פילדלפיה,מיודלז אספניה פרודוק,ES,גבינת פילדלפיה 150 ג,גרמים,150.00,100 גרם,false,,13.90,0.0927,true,1,100591
7622201401900,false,עוגיות סנסיישן אוראו מילקה 156 גרם,מונדלז פולסקה פרודקש,PL,עוגיות מילקה סנסיין,גרמים,156.00,100 גרם,false,,12.90,0.0827,true,1,103995
7622201500733,false,עוגיות אוראו רמיקס דאבל קרם קרמל וניל157,דיפלומט,ES,אוראו רמיקס דאבל קרם,גרמים,157.00,100 גרם,false,,6.60,0.0420,true,1,145276
7622201502515,false,עוגיות מילקה קוקי לופ שוקולד צ'יפס,גיורי קייקס קייאפטי,HU,עוגיות מילקה קוקי לו,גרמים,132.00,100 גרם,false,,12.90,0.0977,true,1,141415
7622201521493,false,גבינת פילדלפיה שום ועשבי תיבול 150 גרם,מיודלז אספניה פרודוק,ES,פילדלפיה שום ועשבי ת,גרמים,150.00,100 גרם,false,,13.90,0.0927,true,1,145030
7622201798154,false,גבינת שמנת לייט מופחתת שומן 13% שומן,מיודלז אספניה פרודוק,ES,גבינת פילדלפיה לייט,גרמים,150.00,100 גרם,false,,13.90,0.0927,true,1,109099
7622201801809,false,מילקה שוקולד חלב עם אגוזים 100 גרם חדש,מנדלז דויצ'\לנד סנקס פרו,DE,מילקה שוקולד חלב עם,גרמים,100.00,100 גרם,false,,5.90,0.0590,true,1,108775
7622201802394,false,שוקולד מילקה חלב מסרונים 100 גרם,מנדלז דויצ'\לנד סנקס פרו,DE,מילקה שוקולד חלב 100,גרמים,100.00,100 גרם,false,,5.90,0.0590,false,1,141565
7622201808631,false,אוראו מיני עוגיות ממולאות קרם וניל 67גרם,פי.טי. מונדלז אינדונ,ID,אוראו מיני כוסות בטע,גרמים,67.00,100 גרם,false,,6.90,0.1030,true,1,108785
7622201813390,false,עוגיות מילקה וואפל במילוי קרם קקאו 150 ג,מונדליז סי.אר. ביסקוויט,CZ,מילקה וופל במילוי קר,גרמים,150.00,100 גרם,false,,12.90,0.0860,true,1,107189
7622201819170,false,שוקולד מילקה דרק שקדים 85 גרם.,מונדלז דויטשלנד סנאק,DE,מילקה דארק שקדים,גרמים,85.00,100 גרם,false,,6.90,0.0812,true,1,141416
7622201819408,false,שוקולד מילקה דרק קרמל 85 גרם.,מונדלז דויטשלנד סנאק,DE,מילקה דארק קרמל,גרמים,85.00,100 גרם,false,,6.90,0.0812,true,1,141417
7622201823733,false,עוגיות מילקה ת'ינס - דקות 151 גרם,מונדלייז,ES,עוגיות מילקה ת'ינס,גרמים,151.00,100 גרם,false,,12.90,0.0854,false,1,146475
7622210078131,false,שוקולד חלב עם שבבי קרמל מילקה דיים 100 גרם,מנדלז דויצ'\לנד סנקס פרו,DE,שוקולד מילקה חלב שבר,גרמים,100.00,100 גרם,false,,5.90,0.0590,true,1,86978
7622210137234,false,עוגיות אוראו עם דאבל קרים וניל 170 גר,מונדלייז,ES,אוראו דאבל,גרמים,170.00,100 גרם,false,,8.90,0.0524,true,1,82620
7622210163899,false,שוקולד חלב במילוי סוכריות עדשים,מונדלז דויצ'לנד סנקס,DE,שוקולד מילקה חלב עם,גרמים,100.00,100 גרם,false,,5.90,0.0590,false,1,91984
7622210453327,false,עוגיות שוקוצ'יפס במילוי שוקולד סנסיישן,מנדלז פולסקה פרודקשן,PL,עוגיות מילקה סנסיישן,גרמים,156.00,100 גרם,false,,12.90,0.0827,true,1,89303
7622210635105,false,עוגיות אוראו במילוי תות 154 גרם,מונדלז אספנה גאלטס פ,ES,אוראו תות,גרמים,154.00,100 גרם,false,,6.40,0.0416,true,1,102153
7622210637994,false,מיני עוגיות אוראו קראנצ'י בייטס אורגינל,מונדלז אספניה ג'לאטס,ES,אוראו ביס קראנצ'י או,גרמים,110.00,100 גרם,false,,8.50,0.0773,true,1,104079
7622210638021,false,מיני עוגיות אוראו קראנצ'י בייטס מצופים,מונדלז אספניה ג'לאטס,ES,אוראו ביס קראנצ'י בצ,גרמים,110.00,100 גרם,false,,8.50,0.0773,true,1,104096
7622210664150,false,"עוגיות אוראו וניל, 396 גרם",מונדלייז,CZ,עוגיות אוראו וניל 39,גרמים,396.00,100 גרם,false,,14.90,0.0376,true,1,144658
7622210690883,false,מילקה שוקולד חלב-מהדורת מונדיאל 270 גרם,מונדלייז,AT,מילקה מונדיאל 270 גר,גרמים,270.00,100 גרם,false,,12.90,0.0478,false,1,146222
7622210693266,false,מילקה שוקולד אגוזים שלמים 270 גרם,מונדלז אוסטרייך פרודקשן,AT,מילקה אגוזים שלמים 2,גרמים,270.00,100 גרם,false,,14.90,0.0552,true,1,103063
7622210724519,false,קוטדור ביו שוקולד מריר אורגני 70% מוצק קקאו,מונדליז,DE,קוטדור ביו 70% קקאו,גרמים,90.00,100 גרם,false,,15.90,0.1767,true,1,105167
7622210826053,false,שוקולד מילקה אוראו סנדוויץ 92 גר',גיאורי קאקסז קייאףטי,HU,שוקולד מילקה אוראו ס,גרמים,92.00,100 גרם,false,,5.90,0.0641,true,1,104188
7622210835338,false,אוראו עוגיות ממולאות טעם בראוניז 176 גרם,מנדלז אספנה גאלטס פר,ES,אוראו בראוניז,גרמים,176.00,100 גרם,false,,8.90,0.0506,true,1,103993
7622300200237,false,שוקולד מילקה שוקולד חלב 250 גרם,מונדליז אוסטרייך פרו,AT,מילקה שוקולד חלב 250,גרמים,250.00,100 גרם,false,,12.90,0.0516,false,1,37496
7622300270506,false,מילקה גריינס - עוגיות שיבולת שועל מצופות שוקולד 168 ג',מונדלז פולסקה פרודקש,PL,עוגיות מילקה שוקו גר,גרמים,168.00,100 גרם,false,,12.90,0.0768,true,1,41314
7622300315283,false,אוראו עוגיות ממולאות קרם וניל 154 גרם,"מונדלז CR פרודקשיין,",UA,אוראו וניל 154 גר,גרמים,154.00,100 גרם,false,,6.40,0.0416,true,1,108833
7622300340285,false,גבינת שמנת 22% שומן 175 ג' פילדלפיה,מונדלז דויצ'לנד פרוד,DE,גבינת פילדלפיה 22% ש,גרמים,175.00,100 גרם,false,,15.90,0.0909,true,1,91697
7622300441715,false,מילקה - עוגיות שוקומינס 150 גרם,מוביל בעל מוניטין,CZ,עוגיות מילקה שוקו מי,גרמים,182.00,100 גרם,false,,12.90,0.0709,true,1,84115
7622300489427,false,עוגיות אוראו בציפוי בטעם שוקולד לבן 246 גרם,מנדלז אספנה גאלטס פר,ES,עוגיות אוראו בציפוי,גרמים,246.00,100 גרם,false,,16.90,0.0687,false,1,91041
7622300489434,false,"עוגיות אוראו פאדג' בציפוי שוקולד חלב, 246 גרם",מנדלז אספנה גאלטס פר,ES,עוגיות אוראו בציפוי,יחידה,0.00,יחידה,false,,16.90,0.0000,false,1,91042
7622300495046,false,מילקה שוקולד חלב עם אקסטרה קקאו 100 גרם,מנדלז דויצ'\לנד סנקס פרו,DE,שוקולד מילקה אקסטרא,גרמים,100.00,100 גרם,false,,5.90,0.0590,false,1,48095
7622300503079,false,עוגיות ביסקוויט מצופה שוקולד חלב מילקה 200 גרם,מונדלז פולסקה פרודקש,PL,ביסקוויט מצופה שוקול,גרמים,200.00,100 גרם,false,,12.90,0.0645,true,1,41315
7622300617820,false,מילקה שוקולד חלב במילוי קרם חלב ווניל ושבבי עוגיות אוראו 100 גרם,מנדלז דויצ'\לנד סנקס פרו,DE,שוקולד מילקה אוראו 1,גרמים,100.00,100 גרם,false,,5.90,0.0590,false,1,48096
7622300761363,false,אוראו מיני עוגיות ממולאות קרם שוקו 67 גר,פי.טי. מונדלז אינדונ,ID,אוראו מיני כוסות שוק,גרמים,67.00,100 גרם,false,,6.90,0.1030,true,1,97148
7622400005190,false,שוקולד חלב נגיעות שוקולד לבן מילקה 100 ג,מנדלז דויצ'\לנד סנקס פרו,DE,שוקולד מילקה חום לבן,גרמים,100.00,100 גרם,false,,5.90,0.0590,false,1,58504
7630311507016,false,סטארבקס קפסולות קפה סאני דיי 10יח,סטארבקס Starbucks,CH,קפסולות סטארבקס סאני,גרמים,57.00,100 גרם,false,,21.90,0.3842,true,1,143362
7630477891592,false,סטארבקס קפסולות קפה האוס בלנד 10 יחידות,נסטלה שוויץ - קפה,CH,קפסולות סטארבקס האוס,גרמים,57.00,100 גרם,false,,21.90,0.3842,true,1,103217
7630477891639,false,סטארבקס קפסולות קפה ורונה 10 יחידות,נסטלה שוויץ - קפה,CH,קפסולות סטארבקס ורונ,גרמים,55.00,100 גרם,false,,21.90,0.3982,true,1,103220
7630477891691,false,סטארבקס קפסולות קפה קולמביה 10 יחידות,נסטלה שוויץ - קפה,CH,קפסולות סטארבקס קולו,גרמים,57.00,100 גרם,false,,21.90,0.3842,true,1,103223
7630477891714,false,סטארבקס קפסולות קפה אספרסו 10 יחידות,נסטלה שוויץ - קפה,CH,קפסולות סטארבקס אספר,גרמים,57.00,100 גרם,false,,21.90,0.3842,true,1,103225
7630477891738,false,סטארבקס קפסולות קפה אספרסו בלונד 10 יחיד,נסטלה שוויץ - קפה,CH,קפסולות סטארבקס אספר,גרמים,53.00,100 גרם,false,,21.90,0.4132,true,1,103224
7638900295641,false,זוג סוללות אנרגייזר A23,אנרג'ייזר,CN,סוללות אנרג'ייזר אלק,יחידה,0.00,יחידה,false,,18.90,0.0000,true,1,93899
7638900426663,false,סוללת אדוונס פורמולה,אנרג'ייזר,CN,סוללות 9V ANERGIZER,יחידה,0.00,יחידה,false,,25.90,0.0000,true,1,99583
7640103867013,false,"שערות סבתא ""תות "" 15 גרם",אסאבא פוד,ID,שערות סבתא תות,גרמים,15.00,100 גרם,false,,3.90,0.2600,true,1,104530
7702018016808,false,ג'ילט ונוס ריווירה 2 סכיני גילוח חד פעמי,ג'ילט ונוס Gillette Venus,PL,ונוס ריווירה סכין גי,יחידה,0.00,יחידה,false,,19.90,0.0000,true,1,50962
7702018069316,false,סכין גילוח חד פעמי לנשים ונוס 2 להבים 6,פרוקטר אנד גמבל,PL,סכיני גילוח ונוס חד,יחידה,0.00,יחידה,false,,18.90,0.0000,false,1,42389
7702018263905,false,גילט 4 סכיני פיוזן פרוגלייד פאוור,פרוקטר & גמבל,DE,סכיני גילוח פיוז'ן פ,יחידה,0.00,יחידה,false,,99.90,0.0000,true,1,77068
7702018271788,false,"דאודורנט קליר ג'ילט בניחוח ספורט 70 מ""ל",פרוקטר אנד גמבל,PL,ג'ילט פרו דאודורנט S,מיליליטרים,70.00,"100 מ""ל",false,,15.90,0.2271,true,1,48265
7702018321520,false,דאודורנט סטיק לגבר Pro G Arctic ice,תות ממתקי איכות,US,דאודורנט סטיק מתקדם,יחידה,0.00,יחידה,false,,22.90,0.0000,true,1,52137
7702018462032,false,סכיני גילוח גילט מאך 3 רביעייה,פרוקטור אנד גמבל,DE,ג'ילט מאך 3 רביעיה,יחידה,0.00,יחידה,false,,29.90,0.0000,false,1,99122
7702018471423,false,סכיני גילוח גילט פיוזן רביעייה,פרןקטר אנד גמבל ברלי,PL,ג'ילט פיוז'ן רביעיה,יחידה,0.00,יחידה,false,,34.90,0.0000,false,1,99123
7702018489619,false,גילט בלו 3 סכין גילוח חד פעמי לגבר 3 יח,פרוקטר אנד גמבל,PL,ג'ילט סכיני גילוח חד,יחידה,0.00,יחידה,false,,16.90,0.0000,true,1,102895
7702018539468,false,גילט ונוס תות- ידית ושלושה סכינים 5להבים מארז,פרוקטר אנד גמבל,PL,ג'ילט מארז ונוס תות,יחידה,0.00,יחידה,false,,49.90,0.0000,false,1,108284
7702018877591,false,סכיני גילוח רביעייה,,,סכיני גילוח ג'ילט רב,יחידה,0.00,יחידה,false,,65.90,0.0000,true,1,99611
7702018980864,false,קצף גילוח סירייס רגיש גילט 250 מל,פרוקטר & גמבל,PL,קצף גילוח סירייס רגי,מיליליטרים,250.00,"100 מ""ל",false,,16.90,0.0676,true,1,85405
7702024074625,false,פיטנס - חטיפי קרקר חיטה מלאה 234 גרם,קומסטיבלס לה רוזה אס.איי,CO,פיטנס חטיפי קרקר חיט,גרמים,234.00,100 גרם,false,,11.90,0.0509,true,1,93061
7702024258322,false,"חטיפי קרקר עם חיטה מלאה, צ'יה וזרעי פשתן פיטנס",נסטלה Nestle,CO,פיטנס חטיפי קרקר צ'י,גרמים,234.00,100 גרם,false,,11.90,0.0509,true,1,103177
7702174066631,false,לקקן יוגטה פין פופ במילוי מסטיק 170 גר,הדקלאים אגודת שיתופי,EC,פין פופ לקקנים,גרמים,180.00,100 גרם,false,,9.90,0.0550,true,1,34194
7702174068826,false,יוגטה מבחר סוכריות לקקן קשות ממולאות טופי בטעמי יוגורט ופירות 204 גרם,יוגטה yogueta,CO,לקקן יוגטה פירות 12,יחידה,0.00,יחידה,false,,9.90,0.0000,true,1,47290
7702174068833,false,יוגטה סוכריות קשות על מקל ממולאות טופי בטעמי גלידת פירות 12 יח' 204 גרם,ליימן שליסל,CO,לקקן יוגטה גלידה 12,יחידה,0.00,יחידה,false,,9.90,0.0000,true,1,46479
7702174070201,false,יוגטה לקקן בטעם מסטיק ממולא טופי בטעם תות 12 יח' 204 גרם,ליימן שליסל,CO,יוגטה מג'יק לקקנים,גרמים,216.00,100 גרם,false,,9.90,0.0458,true,1,48668
7702174073783,false,סוכריות על מקל בטעם קולה במילוי גומי לעיסה,הדקלאים אגודת שיתופי,CO,לקקן פין פופ קולה,גרמים,180.00,100 גרם,false,,9.90,0.0550,true,1,78080
7702174073844,false,לקקן יוגטה פין פופ פירות 48 יח 672 גרם,הדקלאים אגודת שיתופי,CO,לקקן פין פופ פירות 4,גרמים,672.00,100 גרם,false,,19.90,0.0296,true,1,78081
7790480089734,false,תה גרבה LA T 500 גרם,,AR,תה ג'רבה,גרמים,500.00,100 גרם,false,,21.90,0.0438,true,1,146252
7791875005353,false,ריבת חלב הוואנה דוצה דה לצה 450 גרם,מיגה פוד קומרס,ES,ריבת חלב הוואנה 450,גרמים,450.00,100 גרם,false,,17.90,0.0398,true,1,142713
7792860006218,false,סוכריות לקקנים בייבי דול Baby Doll לריטר,גוד פוד פרודקטס S.p,AR,בייבי דול לקקן,גרמים,24.00,100 גרם,false,,2.20,0.0917,true,1,9580
7804320301174,false,קונצ'ה-דיאבולו סובינ,קונצה אי טורו,,קונצ'ה-דיאבולו סובינ,מיליליטרים,750.00,"100 מ""ל",false,,50.00,0.0667,true,1,58814
7804414000860,false,יין דון חוליו קברנה סוביניון,צ'ילה לואיס פיליפה אדוארדס,CL,דון חוליו קברנה סובי,מיליליטרים,750.00,"100 מ""ל",false,,24.90,0.0332,true,1,58093
7804414000877,false,יין מרלו דון חוליו ה,צ'ילה לואיס פיליפה אדוארדס,CL,דון חוליו מרלו,יחידה,750.00,יחידה,false,,24.90,0.0332,true,1,58094
7804414000884,false,"דון חוליו שרדונה 750 מ""ל",צ'ילה לואיס פיליפה אדוארדס,CL,יין דון חוליו שרדונה,מיליליטרים,750.00,"100 מ""ל",false,,24.90,0.0332,true,1,58490
7804414012344,false,דון חוליו סוביניון בלאן,צ'ילה לואיס פיליפה א,CL,יין דון חוליו סוביני,מיליליטרים,750.00,"100 מ""ל",false,,24.90,0.0332,true,1,90719
7804414012368,false,יין אדום רוזה דון חו,צ'ילה לואיס פיליפה א,CL,דון חוליו יין רוזה ח,מיליליטרים,750.00,"100 מ""ל",false,,24.90,0.0332,true,1,86993
7804632390958,false,אוכמניות טריות 125 ג,,,אוכמניות טריות 125 ג,גרמים,125.00,100 גרם,false,,11.90,0.0952,true,1,146608
7860001950079,false,כף עץ עגול,,,כף עץ עגול,יחידה,0.00,יחידה,false,,7.90,0.0000,true,1,76975
7860001950161,false,"שקית זילוף ח.פ 30 ס""מ קטן",,,שקיות זילוף,יחידה,0.00,יחידה,false,,12.00,0.0000,true,1,52904
7860001950468,false,מקלף ירקות,YIWO,,מקלף ירקות,יחידה,0.00,יחידה,false,,6.90,0.0000,true,1,57261
7860001951380,false,מסנן לכיור,,,מסנן לכיור,יחידה,0.00,יחידה,false,,9.50,0.0000,true,1,98027
7860001951922,false,מברשת סיליקון ידית ש,,,מברשת סיליקון ידית ש,יחידה,0.00,יחידה,false,,9.50,0.0000,true,1,56418
7860001952370,false,סט סוגרי שקיות,,,סוגר שקיות,יחידה,0.00,יחידה,false,,9.90,0.0000,true,1,55442
7860001952455,false,שקית זילוף פיקאסו,,,שקית זילוף פיקאסו,יחידה,0.00,יחידה,false,,14.90,0.0000,true,1,78947
7860001952585,false,לקקן גמיש,,,לקקן גמיש,יחידה,0.00,יחידה,false,,9.90,0.0000,true,1,56420
7860001952769,false,כף עץ טיגון שטוח,,,כף עץ טיגון שטוח,יחידה,0.00,יחידה,false,,7.90,0.0000,true,1,76977
7860001957177,false,סט 13 סוגרים גמבו,,,סוגר שקיות,יחידה,0.00,יחידה,false,,8.90,0.0000,true,1,89694
7860001958334,false,קישואן,,,קישואן,יחידה,0.00,יחידה,false,,13.90,0.0000,true,1,145861
7860001961716,false,סט 6 יח' סכינים לסטי,,,סט 6 יח' סכינים לסטי,יחידה,0.00,יחידה,false,,15.90,0.0000,true,1,145863
7860001962423,false,פטיש עץ,,,פטיש עץ,יחידה,0.00,יחידה,false,,14.90,0.0000,true,1,145862
7891024027998,false,קולגייט מי פה טוטאל הגנה מפני אבן 500 מל,קולגייט- פלמוליב,BR,קולגייט מי פה טוטל א,מיליליטרים,500.00,"100 מ""ל",false,,29.90,0.0598,true,1,145210
7891024124826,false,קולגייט משחת אופטיק ספרקלינג וייט 75מל,הנסיך- מפעל לייצור ט,BR,קולגייט אופטיק וייט,מיליליטרים,75.00,"100 מ""ל",false,,16.90,0.2253,true,1,48368
7891024130063,false,"קולגייט מי פה פלאקס ללא אלכוהול 500 מ""ל מהדרין",קולגייט- פלמוליב,BR,קולגייט מי פה פלאקס,מיליליטרים,500.00,"100 מ""ל",false,,29.90,0.0598,false,1,32779
7891136052000,false,"קמפרי ביטר 750 מ""ל",,,"קמפרי ביטר 750 מ""ל",מיליליטרים,750.00,"100 מ""ל",false,,74.90,0.0999,true,1,106879
7896547500034,false,משקה קאשה 61 1 ל,קשאסה מיסייאטו,,קאסשה 61,מיליליטרים,970.00,"100 מ""ל",false,,106.90,0.1102,true,1,55376
8000070003798,false,קפסולות אספרסו לוואצה דליסיוזו 8 16 יח,לאוג'י לוואצה אס.פי.אי,IT,לוואצה קפסולות דליסי,גרמים,120.00,100 גרם,false,,29.90,0.2492,true,1,145629
8000070003811,false,קפסולות אספרסו לוואצה פסיונלה 11 16 יח,לואיג'י לוואצה,IT,לוואצה קפסולות פסיונ,גרמים,120.00,100 גרם,false,,29.90,0.2492,true,1,145625
8000070011878,false,לוואצה חוזק 3 דה קפינטו נטול קופאין 250 גר,לאוג'י לוואצה אס.פי.אי,IT,קפה לוואצה נטול קפאי,גרמים,250.00,100 גרם,false,,39.90,0.1596,false,1,20112
8000070012219,false,פולי קפה אורו זהב לוואצה 250 גר,לאוג'י לוואצה אס.פי.אי,IT,לוואצה אורו פולי קפה,גרמים,250.00,100 גרם,false,,36.90,0.1476,true,1,51307
8000070012783,false,קפה לוואצה קלוי וטחון חוזק 5 אורו 250 גר,לאוג'י לוואצה אס.פי.אי,IT,קפה לוואצה אורו 250,גרמים,250.00,100 גרם,false,,34.90,0.1396,false,1,9932
8000070029996,false,קפה לוואצה קלוי וטחון אורו שחור 250 גר,לווצה טורינו,IT,לוואצה אורו שחור 250,גרמים,250.00,100 גרם,false,,34.90,0.1396,false,1,145137
8000070032835,false,קפה לוואצה קלוי וטחון חוזק 10 מטינו 250 גר,לאוג'י לוואצה אס.פי.אי,IT,"לוואצה ""מטינו"" קפה ק",גרמים,250.00,100 גרם,false,,25.90,0.1036,true,1,46703
8000070035980,false,קפה לוואצה קלוי וטחון חוזק 5 רוסה 250 גר,לווצה טורינו,IT,קפה לוואצה רוסה אדום,גרמים,250.00,100 גרם,false,,28.90,0.1156,false,1,40877
8000070038868,false,קפה לוואצה קלוי וטחון חוזק 8 קלאסיקו 250 גר,לאוג'י לוואצה אס.פי.אי,IT,לוואצה קרמה גוסטו,גרמים,250.00,100 גרם,false,,27.90,0.1116,false,1,56351
8000070038974,false,"קרמה גוסטו פולי קפה 1 ג""ק לוואזה",,IT,לוואצה קרמה גוסטו פו,קילוגרמים,1.00,"ק""ג",false,,109.90,109.9000,true,1,105843
8000070042025,false,"פולי קפה סופר קרמה לוואצה 1 ק""ג",,,קפה לוואצה 1 קג,יחידה,1.00,יחידה,false,,119.90,119.9000,true,1,29476
8000070053465,false,קפסולות קפה אספרסו אורו דרגת חוזק 8,לאוג'י לוואצה אס.פי.אי,IT,קפסולות לוואצה אלומי,גרמים,55.00,100 גרם,false,,19.90,0.3618,false,1,146141
8000070053472,false,לוואצה קרמה גוסטו קלאסיקו מס' 12 קפסולות לקפה 55 גרם,לאוג'י לוואצה אס.פי.אי,IT,קפסולות לוואצה אלומי,גרמים,55.00,100 גרם,false,,19.90,0.3618,false,1,146139
8000070053526,false,קפסולות קפה אספרסו רוסה דרגת חוזק 10,לאוג'י לוואצה אס.פי.אי,IT,קפסולות לוואצה אלומי,גרמים,55.00,100 גרם,false,,19.90,0.3618,false,1,146142
8000070055254,false,לוואצה קרמה גוסטו פורטה מס' 13 קפסולות לקפה 55 גרם,לואיג'י לוואצה,IT,קפסולות לוואצה אלומי,גרמים,55.00,100 גרם,false,,19.90,0.3618,false,1,146140
8000070059832,false,לוואצה קרמה גוסטו ריקו מס' 11 קפסולות לקפה 55 גרם,לואיג'י לוואצה,IT,קפסולות לוואצה אלומי,גרמים,55.00,100 גרם,false,,19.90,0.3618,false,1,146143
8000070064577,false,קפסולות קפה לוואצה קוואליטה אורו חוזק 8,לואיג'י לוואצה,IT,לוואצה קפסולות אורו,גרמים,120.00,100 גרם,false,,29.90,0.2492,true,1,145922
8000070081154,false,קפסולות קפה אספרסו לג'רו 4 10 יחידות,לאוג'\י לוואצה אס.פי.אי,IT,לוואצה לג'רו,גרמים,55.00,100 גרם,false,,16.90,0.3073,true,1,92987
8000091200954,false,טורטיה ללא גלוטן 180 גרם,,IT,טורטיה ללא גלוטן 60*,גרמים,180.00,100 גרם,false,,17.90,0.0994,true,1,98765
8000113003402,false,"קמח תירס בוואקום ניקולי 1 ק""ג",מולינו ניקולי אס.פי.,IT,קמח תירס 1 קג,קילוגרמים,1.00,"ק""ג",false,,15.90,15.9000,true,1,10960
8000193000490,false,"אורז משובח לריזוטו קרנרולי 1 ק""ג (10)",,,אורז משובח לריזוטו ק,קילוגרמים,1.00,"ק""ג",false,,19.90,19.9000,true,1,89933
8000215204219,false,משקה אורז אורגני ללא סוכר 1ל,בטר אנד דיפרנט,IT,חלב אורז אורגני 1 לי,ליטרים,1.00,ליטר,false,,12.90,12.9000,false,1,48696
8000215204240,false,ויטאריז משקה שקדים ואורז אורגני 1 ליטר,בטר אנד דיפרנט,IT,VITARIZ-חלב אורז שקד,ליטרים,1.00,ליטר,false,,12.90,12.9000,false,1,44158
8000215204264,false,ויטריז - משקה אורז אישי אישי 200 גר,בטר אנד דיפרנט,IT,"חלב אורז אישי 200 מ""",מיליליטרים,200.00,"100 מ""ל",false,,3.90,0.0195,true,1,83511
8000215204271,false,ויטריז - משקה שקדים ואורז אישי 200 גר,"נטורפוד בע""מ",IT,ויטריז- חלב אורז שקד,מיליליטרים,200.00,"100 מ""ל",false,,3.90,0.0195,true,1,57435
8000215204370,false,ויטריז לבישול תחל. שמנת צמחי אורגני 200,ויטריז,IT,VITARIZ- תחליף שמנת,מיליליטרים,200.00,"100 מ""ל",false,,5.90,0.0295,true,1,75703
8000215204387,false,"ויטאריז לבישול רוטב בשמל צמחי אורגני 500 מ""ל",ויטריז,IT,שמנת בשמל לבישול אור,מיליליטרים,500.00,"100 מ""ל",false,,12.50,0.0250,true,1,89918
8000215204394,false,"משקה אורז אורגני אגוז לוז ""נטורפוד""",בטר אנד דיפרנט,US,ויטריז-משקה אורז עם,ליטרים,1.00,ליטר,false,,15.90,15.9000,true,1,51377
8000215204554,false,ויטאריז משקה אורז קוקוס אורגני 1 ליטר,ויטריז Vitariz,IT,חלב אורז עם קוקוס או,ליטרים,1.00,ליטר,false,,12.90,12.9000,false,1,83510
8000215204561,false,ויטסי משקה שקדים אורגני 1 ליטר,בטר אנד דיפרנט,IT,משקה שקדים אורגני vi,מיליליטרים,1000.00,"100 מ""ל",false,,14.90,0.0149,true,1,95482
8000215204653,false,משקה סויה אורגני 1ליטר,בטר אנד דיפרנט,IT,משקה סויה 1 ליטר,ליטרים,1.00,ליטר,false,,10.90,10.9000,true,1,99738
8000215204677,false,ויטריז - משקה שיבולת שועל בריסטה אורגני,בטר אנד דיפרנט,IT,VITARIZ משקה שיבולת,ליטרים,1.00,ליטר,false,,12.90,12.9000,false,1,142861
8000215204714,false,משקה שיבולת שועל אורגני 1 ליטר PRIMAVENA,בטר אנד דיפרנט,IT,משקה שיבולת שועל אור,ליטרים,1.00,ליטר,false,,12.90,12.9000,false,1,43333
8000215204745,false,משקה ש.שועל וניל אורגני 1 ליטר PRIMAVENA,אלינור,IT,משקה שיבולת שועל וני,ליטרים,1.00,ליטר,false,,12.90,12.9000,false,1,144929
8000320010088,false,"רוטב עגבניות במרקם גס 680 מ""ל MUTTI",קונסרב,IT,צ'יריו רסק עגבניות,גרמים,816.00,100 גרם,false,,10.90,0.0134,true,1,23585
8000320010095,false,"רוטב עגבניות במרקם עדין 700 מ""ל MUTTI",קונסרב,IT,פסאטה צ'יריו במרקם ע,מיליליטרים,700.00,"100 מ""ל",false,,10.90,0.0156,true,1,144153
8000320353659,false,שפורפרת רכז עגבניות צ'ירו 130 גרם,סיריו,,שפורפרת רכז עגבניות,גרמים,130.00,100 גרם,false,,7.50,0.0577,true,1,144165
8000320414855,false,צ'ריו עגבניות מרוסקות לפניסימה 400 גרם,,,צ'יריו-עגבניות חתוכו,גרמים,400.00,100 גרם,false,,14.90,0.0373,true,1,57157
8000380003723,false,וופל אגוזים בציפוי שוקולד לואקר 100 גרם,קריניציה ויטמינה אס,IT,עוגיות פטיסרי אגוזים,גרמים,100.00,100 גרם,false,,11.90,0.1190,true,1,12813
8000380003754,false,עוגיות וופל קפה קפוצ'ינו 100 גרם לואקר,"כד בני דרום בע""מ",IT,עוגיות פטיסרי,גרמים,100.00,100 גרם,false,,11.90,0.1190,true,1,86928
8000380004669,false,וופל לואקר סנדוויץ קוביות ושוקולד 200ג',"א. לואקר, קונפקט ג'י",AT,וופל קקאו 200 גר',גרמים,200.00,100 גרם,false,,12.00,0.0600,false,1,33431
8000380004676,false,קוביות וופל סנדוויץ Sandwich עם וניל וחלב,"א. לואקר, קונפקט ג'י",AT,וופל וניל 200 גר,גרמים,200.00,100 גרם,false,,12.00,0.0600,false,1,12817
8000380004881,false,וופל קוארדטיני לואקר קוביות טרמיסו 220ג',קריניציה ויטמינה אס,IT,וופל קוארדטיני,גרמים,220.00,100 גרם,false,,13.90,0.0632,true,1,12819
8000380004911,false,קוביות וופל קואדרטיני Quadratini קרם אגוזים,קריניציה ויטמינה אס,AT,וופל קוארדטיני,גרמים,250.00,100 גרם,false,,13.90,0.0556,true,1,12820
8000380004966,false,וופל קוארדטיני לואקר קוביות שוקולד 250ג',קריניציה ויטמינה אס,AT,וופל קוארדטיני,גרמים,250.00,100 גרם,false,,13.90,0.0556,true,1,12821
8000380005918,false,וופל קוביות קואדרטיני אגוזים לואקר 125 גרם,ליימן מותגים,AT,קואדרטיני אגוז 125 ג,גרמים,125.00,100 גרם,false,,6.90,0.0552,true,1,83037
8000380005963,false,וופל קוארדטיני שוקולד לואקר 125 גרם,מותגים,,קואדרטיני שוקולד 125,גרמים,125.00,100 גרם,false,,6.90,0.0552,true,1,83207
8000380007219,false,וופלים בטעם אגוזים לואקר 175 גרם,ליימן מותגים,AT,לואקר אגוז 175,גרמים,175.00,100 גרם,false,,10.90,0.0623,true,1,12822
8000380007257,false,וופל גרדנה אגוזים לואקר 200 גרם,קריניציה ויטמינה אס,IT,וופל גרדנה 200 ג,גרמים,200.00,100 גרם,false,,13.90,0.0695,true,1,12824
8000380007264,false,וופלים בטעם קקאו לואקר 175 גרם,קריניציה ויטמינה אס,AT,לואקר קקאו 175,גרמים,175.00,100 גרם,false,,10.90,0.0623,true,1,12825
8000380106028,false,טורטינה לואקר וופל שוקולד ואגוזים שישיה 125ג',קריניציה ויטמינה אס,IT,טורטינה 125 גר,גרמים,125.00,100 גרם,false,,16.00,0.1280,true,1,55423
8000380142484,false,קוביות וופל קואדרטיני Quadratini בטעם שוקולד מריר,"אינסטנטה בע""מ",AT,קוארדטיני שוקולד מרי,גרמים,250.00,100 גרם,false,,13.90,0.0556,true,1,33607
8000380148035,false,וופל אגוזי לוג שוקולד מריר גראן פטיסרי Gran Pasticceria,קריניציה ויטמינה אס,IT,גרנד פטיסרי מריר אגו,גרמים,100.00,100 גרם,false,,11.90,0.1190,false,1,80709
8000380152704,false,מארז חטיפי אצבעות גרדנה אגוז לואקר 125 גרם,"אינסטנטה בע""מ",IT,חטיפי אצבעות גרדנה א,גרמים,125.00,100 גרם,false,,14.00,0.1120,true,1,45611
8000380152728,false,מארז חטיפי אצבעות גרנדה שוקולד 125 גרם,"אינסטנטה בע""מ",IT,חטיפי אצבעות שוקולד,גרמים,125.00,100 גרם,false,,14.00,0.1120,true,1,45612
8000380153534,false,מארז וופל שוקולד טורטינה Tortina שוקולד לבן,א. לואקר אס. פי. אי-אי.,IT,טורטינה שישיות לבן,גרמים,125.00,100 גרם,false,,16.00,0.1280,true,1,50738
8000380154791,false,שלישיית וופל טורטינה לואקר 21 גרם,קריניציה ויטמינה אס,IT,טורטינה קלאסיק שלישי,גרמים,63.00,100 גרם,false,,10.90,0.1730,true,1,89318
8000380157440,false,שוקולד חלב במילוי קרם אגוזי לוז לואקר 87 גרם,"אינסטנטה בע""מ",IT,שוקולד חלב ממולא קרם,גרמים,85.00,100 גרם,false,,6.90,0.0812,true,1,83498
8000380157570,false,וופל אגוזים לואקר 263 גרם,ליימן מותגים,AT,וופל לואקר אגוז 262.,גרמים,262.50,100 גרם,false,,10.00,0.0381,true,1,84108
8000380157587,false,וופלים לואקר קלאסיק קקאו 262.5 גר,ליימן מותגים,AT,וופל לואקר קרם קקאו,גרמים,262.50,100 גרם,false,,10.00,0.0381,true,1,87688
8000380180721,false,לואקר וופל קקאו במילוי קרם חלבי 175 גר,קריניציה ויטמינה אס,AT,לואקר שוקו חלב 175 ג,גרמים,175.00,100 גרם,false,,10.90,0.0623,true,1,80147
8000380180783,false,וופל קואדרטיני קקאו וחלב לואקר 125 גרם,ליימן מותגים,IT,קואדרטיני 125 גר' שו,גרמים,125.00,100 גרם,false,,6.90,0.0552,true,1,83192
8000380181032,false,"לואקר גרדנה חטיפי אצבעות אגוזים ושוקולד לבן, 125 גרם","אינסטנטה בע""מ",IT,וופל גרדנה לבן 125 ג,גרמים,125.00,100 גרם,false,,14.00,0.1120,true,1,82982
8000380189281,false,מארז מיני מיקס לואקר בשקית 210 גרם,ליימן מותגים,AT,מארז לואקר מיני מיקס,גרמים,210.00,100 גרם,false,,21.90,0.1043,true,1,91719
8000380192151,false,טורטינה טריפל שוקולד מריר לואקר 125 גרם,א. לואקר אס. פי. אי-אי.,IT,טורטינה טריפל שישייה,גרמים,125.00,100 גרם,false,,16.00,0.1280,true,1,99429
8000380192199,false,וופל לואקר דאבל שוקולד 175 גרם,ליימן מותגים,AT,וופל לואקר 175 גר' ד,גרמים,175.00,100 גרם,false,,10.90,0.0623,true,1,96234
8000380192243,false,וופלים לואקר מקסי בטעם אגוז 200 גר',לואקר Loacker,AT,לואקר מקסי אגוז 200,גרמים,200.00,100 גרם,false,,12.50,0.0625,true,1,107424
8000380192250,false,וופלים לואקר מקסי בטעם שוקולד 200 גר',לואקר Loacker,AT,לואקר מקסי שוקולד 20,גרמים,200.00,100 גרם,false,,12.50,0.0625,true,1,107425
8000380192588,false,וופלים קואדרטיני דאבל שוקולד לואקר 250 גרם,קריניציה ויטמינה אס,AT,לואקר קואדרטיני דאבל,גרמים,250.00,100 גרם,false,,13.90,0.0556,true,1,96235
8000380201396,false,שוקולד חלב ממולא קרם קרמל ועלי וופל פריכ,ליימן מותגים,AT,טורטינה קרמל שישייה,גרמים,126.00,100 גרם,false,,16.00,0.1270,true,1,106957
8000380205400,false,וופלים קואדרטיני חמאת בוטנים לואקר 250 גרם,ליימן מותגים,AT,לואקר קואדרטיני חמאת,גרמים,250.00,100 גרם,false,,13.90,0.0556,true,1,144680
8000380205523,false,וופלים בטעם חמאת בוטנים לואקר 175 גרם,ליימן מותגים,AT,לואקר וופל קלאסיק חמ,גרמים,175.00,100 גרם,false,,10.90,0.0623,true,1,144681
8000380206896,false,וופל גרדנה חמאת בוטנים לואקר 200 גרם,ליימן מותגים,IT,גרדנה חמאת בוטנים לו,גרמים,200.00,100 גרם,false,,13.90,0.0695,true,1,144835
8000500009673,false,בונבונרייה פררו רושר 300 גרם,פררו - אלבה,IT,בונבוניירה רושר 300ג,גרמים,300.00,100 גרם,false,,45.90,0.1530,true,1,12829
8000500018828,false,שלישיית קינדר שוקולד חצי מטר 100 גרם,קינדר Kinder,IT,שוקולד קינדר 300 גר',גרמים,300.00,100 גרם,false,,21.00,0.0700,true,1,88994
8000500023624,false,חטיפי הפי היפו Happy Hippo במילוי קרם חלב וקקאו,פררו - אלבה,IT,חטיף קינדר הפי היפו,גרמים,100.00,100 גרם,false,,12.90,0.1290,true,1,20224
8000500023976,false,בונבוניירת רפאלו פררו 150 גרם,פררו - אלבה,PL,בונבונירה רפאלו 150,גרמים,150.00,100 גרם,false,,16.90,0.1127,true,1,12830
8000500026731,false,שוקולד ביצי הפתעה קינדר שלישייה,פררו אס.פי.אי,IT,ביצי קינדר שלישייה,גרמים,60.00,100 גרם,false,,16.50,0.2750,false,1,64892
8000500028124,false,קינדר גוי ביצת הפתעה מארז שלישיה,ליימן שליסל,ZA,שלישיה קינדר ג'וי 3x,גרמים,60.00,100 גרם,false,,16.50,0.2750,false,1,25541
8000500029350,false,מארז וופל מצופה 3יח' *43 גרם קינדר בואנו,פררו - אלבה,PL,שלישיה שוקולד קינדר,גרמים,129.00,100 גרם,false,,10.90,0.0845,true,1,12832
8000500032237,false,בונבונרייה פררו רושר 375 גרם,פררו - אלבה,IT,בונבונירה רושר 375 ג,גרמים,375.00,100 גרם,false,,45.90,0.1224,true,1,12833
8000500037874,false,בונבונרייה פררו רושר 200 גרם,פררו - אלבה,IT,בונבונירה רושר 200 ג,גרמים,200.00,100 גרם,false,,25.90,0.1295,false,1,12835
8000500071083,false,אצבעות שוקולד קינדר Kinder שש עשרה יחידות,פררו - אלבה,IT,שוקולד קינדר 200 גר',גרמים,200.00,100 גרם,false,,12.90,0.0645,false,1,12836
8000500094976,false,"בונבוניירה פררו רושר רושה קונוס, 212 גרם T17X4",רושר,IT,פררו רושה קונוס 212,גרמים,212.00,100 גרם,false,,38.90,0.1835,true,1,47558
8000500121436,false,מארז קינדר בואנו Kinder Bueno לבן שלוש יחידות,פררו - אלבה,PL,שלישיה קינדר בואנו ל,גרמים,129.00,100 גרם,false,,10.90,0.0845,true,1,40145
8000500167656,false,קינדר שוקולד עם דגנים סיריאל 94 ג',פררו,IT,קינדר סיריאל מארז רב,גרמים,94.00,100 גרם,false,,8.50,0.0904,true,1,98707
8000500227848,false,נוטלה - בי רדי אצבעות ביסקוויט במילוי שוקולד 6 יח' * 22 גרם,פררו,IT,וופל מלוח נוטלה מארז,גרמים,132.00,100 גרם,false,,11.90,0.0902,true,1,94217
8000500247150,false,פררו רושה קולקשיין קוקוס מילוי קרם ושקד שלם 172ג',פררו,DE,פררו קולקשיין 15 יח',גרמים,172.00,100 גרם,false,,25.90,0.1506,true,1,91437
8000500249352,false,קינדר בואנו מיני מיקס שקית 205 ג',פררו - אלבה,PL,בואנו מיני מיקס,גרמים,205.00,100 גרם,false,,18.90,0.0922,true,1,90901
8000500256213,false,קינדר שוקולד מיני בשקית.,פררו - אלבה,IT,קינדר שוקולד מיני,גרמים,120.00,100 גרם,false,,10.90,0.0908,true,1,143180
8000500267103,false,קינדר דליס עוגת ספוג קקאו במילוי חלבי*10,קינדר Kinder,IT,קינדר דליס עשירייה,גרמים,390.00,100 גרם,false,,19.90,0.0510,true,1,93064
8000500269169,false,קינדר קארדס Kinder Cards - חמישייה,קריות זול,IT,קינדר קארדס חמישייה,גרמים,128.00,100 גרם,false,,12.90,0.1008,true,1,145332
8000500294345,false,רושר איש שלג שוקולד חלב ואגוזי לוז 90 גר,פררו,PL,פררו איש שלג,גרמים,90.00,100 גרם,false,,14.90,0.1656,true,1,142145
8000500310397,false,נוטלה עוגיות נוטלה בגליל 12יח' - NUTELLA BISCUITTS,קריות זול,IT,נוטלה ביסקויט,גרמים,165.00,100 גרם,false,,13.90,0.0842,true,1,146553
8000500353738,false,רביעיה סוכריות בטעם מנטה חזק 4 * 16 ג' טחק טק,פררו,ZA,סוכריות טיק טק רביעי,גרמים,64.00,100 גרם,false,,9.90,0.1547,true,1,104358
8000500366073,false,נוטלה עוגיות נוטלה בשקית 20 יח'- NUTELLA BISCUITTS,נוטלה Nutella,IT,ביסקוויטים במילוי נו,גרמים,276.00,100 גרם,false,,19.90,0.0721,true,1,146471
8001003100218,false,סוכריות יוגטה ג'לי פירות 800 גר',תות ממתקי איכות,IT,יוגטה ג'לי פירות 800,גרמים,800.00,100 גרם,false,,20.00,0.0250,true,1,52983
8001010039501,false,ארטישוק מתובל בפלפל ולימון 300 ג' PONTI ZERO,,,ארטישוק מתובל בפלפל,גרמים,170.00,100 גרם,false,,15.90,0.0935,true,1,46982
8001090016003,false,"טבליות למדיח פיירי 84 יחידות בד""צ",פרוקטר אנד גמבל,BE,טבליות פיירי 84 יח ל,גרמים,1182.00,100 גרם,false,,57.90,0.0490,false,1,84976
8001090111685,false,תחתונים אולוויז דיסקריט מידה L לבריחת שתן,פרוקטר אנד גמבל,DE,אולוויז דיסקרט תחתונ,יחידה,0.00,יחידה,false,,34.90,0.0000,false,1,93411
8001090184412,false,"פיירי נוזל לניקוי כלים לימון שקוף, 900 מ""ל",פרוקטר אנד גמבל,GB,פרי לכלים לימון 900,מיליליטרים,900.00,"100 מ""ל",false,,12.90,0.0143,true,1,144370
8001090222428,false,"הרבל אסנסס - שמפו חלב קוקוס 400 מ""ל",הרבל אסנס Herbal Essences,FR,הרבל אסנסס שמפו חלב,מיליליטרים,400.00,"100 מ""ל",false,,17.90,0.0447,true,1,97491
8001090222541,false,הרבל אסנסס שמפו תות שדה ומנטה 400 גרם,הרבל אסנס Herbal Essences,FR,הרבל אסנסס שמפו תות,מיליליטרים,400.00,"100 מ""ל",false,,17.90,0.0447,true,1,97493
8001090222572,false,הרבל אסנסס מרכך תות שדה ומנטה 400 גרם,הרבל אסנס Herbal Essences,FR,הרבל אסנסס מרכך תות,מיליליטרים,400.00,"100 מ""ל",false,,17.90,0.0447,true,1,97494
8001090222725,false,"הרבל אסנסס - שמפו שמן מורינגה 400 מ""ל",הרבל אסנס Herbal Essences,FR,הרבל אסנסס שמפו שמן,מיליליטרים,400.00,"100 מ""ל",false,,17.90,0.0447,true,1,97495
8001090222756,false,"הרבל אסנסס - מרכך שמן מורינגה 400 מ""ל",הרבל אסנס Herbal Essences,FR,הרבל אסנסס מרכך שמן,יחידה,0.00,יחידה,false,,17.90,0.0000,true,1,97496
8001090222879,false,"הרבל אסנסס - מרכך שיקום שמן ארגן 400 מ""ל",הרבל אסנס Herbal Essences,FR,הרבל אסנסס מרכך שיקו,מיליליטרים,400.00,"100 מ""ל",false,,17.90,0.0447,true,1,97498
8001090290939,false,"אוראל בי משחת שיניים- להלבנה לובן בוהק 75 מ""ל",פרוקטר אנד גמבל,DE,אורל בי משחת שיניים3,100 מל,75.00,100 מל,false,,19.90,0.2653,true,1,108590
8001090316103,false,קפסולות לכתמים קשים 45 יח' אריאל,דיפלומט,FR,אריאל קפסולות כתמים,יחידה,0.00,יחידה,false,,59.90,0.0000,false,1,146555
8001090336354,false,פמפרס בייבי דריי חיתולים מידה 2 46 יח,פרוקטר אנד גמבל,DE,פמפרס בייבי דריי מיד,יחידה,0.00,יחידה,false,,31.90,0.0000,false,1,99343
8001090336408,false,חיתולים בייבי דריי מידה 3 38 יח' פמפרס,פרוקטר אנד גמבל,DE,פמפרס בייבי דריי מיד,יחידה,0.00,יחידה,false,,31.90,0.0000,false,1,99344
8001090336446,false,פמפרס בייבי דריי חיתולים מידה 4 34 יח,פרוקטר אנד גמבל,DE,פמפרס בייבי דריי מיד,יחידה,0.00,יחידה,false,,31.90,0.0000,false,1,99345
8001090336491,false,פמפרס בייבי דריי חיתולים מידה +4 31 יח,פרוקטר אנד גמבל,DE,פמפרס בייבי דריי מיד,יחידה,0.00,יחידה,false,,31.90,0.0000,false,1,99346
8001090336521,false,פמפרס בייבי דריי חיתולים מידה 5 30 יח,פרוקטר אנד גמבל,DE,פמפרס בייבי דריי מיד,יחידה,0.00,יחידה,false,,31.90,0.0000,false,1,99347
8001090336606,false,פמפרס בייבי דריי חיתולים מידה 6 26 יח,פרוקטר אנד גמבל,DE,פמפרס בייבי דריי מיד,יחידה,0.00,יחידה,false,,31.90,0.0000,false,1,99348
8001090364104,false,"משחת שיניים אורל בי G&E אורגינל 75 מ""ל",פרוקטר אנד גמבל,DE,משחת שיניים אורל בי,100 מל,75.00,100 מל,false,,15.90,0.2120,true,1,108585
8001090364159,false,"משחת שיניים אורל בי G&E רעננות מוגברת 75 מ""ל",פרוקטר אנד גמבל,DE,משחת שיניים אורל בי,100 מל,75.00,100 מל,false,,15.90,0.2120,true,1,108586
8001090364203,false,"משחת שיניים אורל בי G&E להלבנה עדינה 75 מ""ל",פרוקטר אנד גמבל,DE,משחת שיניים אורל בי,100 מל,75.00,100 מל,false,,15.90,0.2120,true,1,108587
8001090364319,false,קפסולות ג'ל לכביסה טייד אפקט פיירי 37 יח',פרוקטר & גמבל,FR,טייד קפסולות אפקט פי,יחידה,0.00,יחידה,false,,56.90,0.0000,false,1,146548
8001090375186,false,"פנטן מרכך מרוכז לצבע מלא חיים 200 מ""ל",פרוקטר אנד גמבל,FR,פנטן מרכך הקסם 200 מ,מיליליטרים,200.00,"100 מ""ל",false,,18.90,0.0945,true,1,89997
8001090379337,false,פמפרס פרימיום קר חיתולים שלב 3 40 יח VP,פרוקטר אנד גמבל,PL,חיתולי פמפרס פרימיום,יחידה,0.00,יחידה,false,,31.90,0.0000,false,1,142859
8001090379368,false,פמפרס פרימיום קר חיתולים שלב 4 34 יח VP,פרוקטר אנד גמבל,PL,חיתולי פמפרס פרימיום,יחידה,0.00,יחידה,false,,31.90,0.0000,false,1,142854
8001090379399,false,פמפרס פרימיום קר חיתולים שלב 5 30 יח VP,פרוקטר אנד גמבל,PL,חיתולי פמפרס פרימיום,יחידה,0.00,יחידה,false,,31.90,0.0000,false,1,142855
8001090458322,false,פיירי ורדים משי 1.015 מלי,פרוקטר אנד גמבל,GB,פיירי 1.015 ליטר ורד,ליטרים,1.01,ליטר,false,,14.90,14.7525,false,1,88100
8001090458353,false,סבון כלים פעולה אנטי-בקטריאלית אקליפטוס,פרוקטר אנד גמבל,GB,פיירי אנטי בקטריאלי,מיליליטרים,515.00,"100 מ""ל",false,,10.90,0.0212,false,1,87209
8001090493637,false,"הד אנד שולדרס שמפו אולטרא טוטאל קר 450 מ""ל",פרוקטר אנד גמבל,RO,הד אנד שולדרס שמפו ט,מיליליטרים,450.00,"100 מ""ל",false,,17.90,0.0398,true,1,88248
8001090540577,false,"מי פה אורל בי להלבנה 500 מ""ל",פרוקטר אנד גמבל,DE,אורל בי מי פה להלבנה,מיליליטרים,500.00,"100 מ""ל",false,,23.90,0.0478,true,1,143843
8001090580122,false,"הד אנד שולדרס שמפו סופרים משקם 400 מ""ל",פרוקטר אנד גמבל,FR,שמפו שולדרס משקם 400,מיליליטרים,400.00,"100 מ""ל",false,,17.90,0.0447,true,1,95473
8001090645517,false,"הרבל אסנסס מרכך ג'ינג'ר 400 מ""ל",הרבל אסנס Herbal Essences,FR,הרבל אסנסס מרכך ג'ינ,מיליליטרים,400.00,"100 מ""ל",false,,17.90,0.0447,true,1,107355
8001090678614,false,"שמפו סופרים לחות הד אנד שולדרס 400 מ""ל",פרוקטר אנד גמבל,FR,שמפו שולדרס לחות 400,מיליליטרים,400.00,"100 מ""ל",false,,17.90,0.0447,true,1,95474
8001090737809,false,מגן תחתון אולוויז סינגל טנגה 36 יחידות,פרוקטר אנד גמבל,ES,מגן תחתון אולוויז סי,יחידה,0.00,יחידה,false,,16.90,0.0000,false,1,92699
8001090745903,false,אבקת כביסה טייד פרש אלפיין 4 קג,פרוקטר אנד גמבל,TR,טייד אלפיין פרש 4 קג,קילוגרמים,4.00,"ק""ג",false,,29.90,7.4750,false,1,99996
8001090802385,false,קפסולות גל לכביסה טייד בניחוח לנור 26 יח,פרוקטר אנד גמבל,FR,טייד קפסולות ג'ל 26,גרמים,100.00,100 גרם,false,,26.90,0.2690,false,1,102913
8001090832450,false,"שמפו פנטן הנוסחה הקלאסית 660 מ""ל",פרוקטר אנד גמבל,RO,פנטן שמפו נוסחה קלאס,מיליליטרים,660.00,"100 מ""ל",false,,17.90,0.0271,false,1,104689
8001090832535,false,"שמפו פנטן שמן מרוקאי משקם 660 מ""ל",פרוקטר אנד גמבל,RO,פנטן שמפו שמן מרוקאי,מיליליטרים,660.00,"100 מ""ל",false,,17.90,0.0271,false,1,104691
8001090832573,false,"שמפו פנטן לחות מוגברת 660 מ""ל",פרוקטר אנד גמבל,RO,פנטן שמפו לחות מוגבר,מיליליטרים,660.00,"100 מ""ל",false,,17.90,0.0271,false,1,104692
8001090832610,false,"שמפו פנטן למגע רך כמשי 660 מ""ל",פרוקטר אנד גמבל,RO,פנטן שמפו למגע רך כמ,מיליליטרים,660.00,"100 מ""ל",false,,17.90,0.0271,false,1,104693
8001090832696,false,"פנטן שמפו לתלתלים מושלמים 660 מ""ל",פרוקטר אנד גמבל,RO,פנטן שמפו לתלתלים מו,מיליליטרים,660.00,"100 מ""ל",false,,17.90,0.0271,false,1,104695
8001090832771,false,"פנטן שמפו להזנת קרטין 660 מ""ל",פרוקטר אנד גמבל,RO,פנטן שמפו הזנת קרטין,מיליליטרים,660.00,"100 מ""ל",false,,17.90,0.0271,false,1,104697
8001090832818,false,מרכך פנטן הנוסחה הקלאסית לשיער רגיל ומעורב,פרוקטר אנד גמבל,RO,פנטן קונדישנר נוסחה,מיליליטרים,660.00,"100 מ""ל",false,,17.90,0.0271,false,1,104699
8001090832856,false,"פנטן 660 מ""ל קונדישינר מרוקאי משקם",פרוקטר אנד גמבל,RO,פנטן קונדישנר מרוקאי,מיליליטרים,660.00,"100 מ""ל",false,,17.90,0.0271,false,1,104700
8001090832931,false,"פנטן 660 מ""ל קונדישינר למגע רך כמשי",פרוקטר אנד גמבל,RO,פנטן קונדישנר למגע ר,מיליליטרים,660.00,"100 מ""ל",false,,17.90,0.0271,false,1,104702
8001090832979,false,"פנטן 660 מ""ל קונדישינר לתלתלים מושלמים",פנטן שמפו ומרכך ב 17,RO,פנטן מרכך לתלתלים מו,מיליליטרים,660.00,"100 מ""ל",false,,17.90,0.0271,false,1,104703
8001090833051,false,"פנטן 660 מ""ל קונדישינר הזנת קרטין",פנטן שמפו ומרכך ב 17,RO,פנטן מרכך הזנת קרטין,מיליליטרים,660.00,"100 מ""ל",false,,17.90,0.0271,false,1,104705
8001090833136,false,אריאל ג'ל כביסה בייבי 2.255 ליטר,פרוקטור אנד גמבל,FR,אריאל ג'ל בייבי 2.25,ליטרים,2.26,ליטר,false,,29.90,13.2301,false,1,94381
8001090833167,false,גל כביסה אריאל בניחוח הרים 2.365 ליטר,פרוקטור אנד גמבל,FR,אריאל ג'ל כביסה 2.36,ליטרים,2.37,ליטר,false,,29.90,12.6160,false,1,94382
8001090833198,false,אריאל נוזל כביסה 2.47 ליטר ניחוח מרענן,פרוקטור אנד גמבל,FR,אריאל ג'ל כביסה 2.36,ליטרים,2.37,ליטר,false,,29.90,12.6160,false,1,94383
8001090833228,false,אריאל ג'ל כביסה קולור 2.365 ליטר,פרוקטור אנד גמבל,FR,אריאל ג'ל כביסה 2.36,ליטרים,2.37,ליטר,false,,29.90,12.6160,false,1,94384
8001090833259,false,גל כביסה אריאל בניחוח הרים 3.740 ליטר,פרוקטר אנד גמבל,FR,אריאל ג'ל כביסה 3.74,ליטרים,3.74,ליטר,false,,45.90,12.2727,false,1,94380
8001090861276,false,"פנטן קונדישנר סופר פוד 660 מ""ל",פרוקטר אנד גמבל,RO,פנטן קונדישנר סופר פ,מיליליטרים,660.00,"100 מ""ל",false,,17.90,0.0271,false,1,104706
8001090861795,false,"פנטן שמפו סופר פוד 660 מ""ל",פרוקטר אנד גמבל,RO,פנטן שמפו סופר פוד,מיליליטרים,660.00,"100 מ""ל",false,,17.90,0.0271,false,1,104698
8001090886385,false,לנור כדוריות הבושם בניחוח רענן 140 גרם,פרוקטור אנד גמבל,US,לנור כדוריות הבושם ר,גרמים,140.00,100 גרם,false,,18.90,0.1350,true,1,103866
8001090891273,false,לנור כדוריות בושם בניחוח סחלב 210 גרם,פרוקטר אנד גמבל,US,לנור כדוריות הבושם ס,גרמים,210.00,100 גרם,false,,27.90,0.1329,true,1,103867
8001090899224,false,תחבושות אולוויז פלטינום לונג 20 יחידות,פרוקטר אנד גמבל,DE,תחבושות אולוויז פלטי,יחידה,0.00,יחידה,false,,16.90,0.0000,true,1,99125
8001090899255,false,תחבושות אולוויז פלטינום לילה 16 יחידות,פרוקטר אנד גמבל,DE,תחבושות אולוויז פלטי,יחידה,0.00,יחידה,false,,16.90,0.0000,true,1,99126
8001090899286,false,תחבושות אולוויז פלטינום לילה בטוח 14 יח',פרוקטר אנד גמבל,DE,תחבושות אולוויז פלטי,יחידה,0.00,יחידה,false,,16.90,0.0000,true,1,99127
8001090943095,false,סבון כלים פעולה אנטי-בקטריאלית אקליפטוס,פיירי Fairy,,פיירי אנטיבקטריאלי 1,ליטרים,1.01,ליטר,false,,14.90,14.7525,false,1,102917
8001090992338,false,פיירי טבליות למדיח פלטינום פלוס 50 יחידו,פרוקטר אנד גמבל,BE,פיירי קפסולות למדיח,יחידה,0.00,יחידה,false,,57.90,0.0000,true,1,101739
8001160000888,false,"גטורייד משקה ספורט תפוז 500 מ""ל",אקווה מינרלה סאן בנדטו,IT,גטורייד-ספורט תפוז,מיליליטרים,500.00,"100 מ""ל",false,,9.50,0.0190,true,1,48705
8001160001786,false,"משקה אנרגיה גטורייד ספורט כחול 500מ""ל",אקווה מינרלה סאן בנדטו,IT,גטורייד ספורט כחול,מיליליטרים,590.00,"100 מ""ל",false,,9.50,0.0161,true,1,47795
8001160001892,false,"משקה אנרגיה גטורייד ספורט תפוז אדום 500מ""ל",אקווה מינרלה סאן בנדטו,IT,גטורייד-ספורט תפוז א,מיליליטרים,500.00,"100 מ""ל",false,,9.50,0.0190,true,1,48704
8001250003652,false,פסטה רדיאטורי דה ציק,דה צ'אקו DE CECCO,,פסטה רדיאטורי 500 גר,מיליליטרים,500.00,"100 מ""ל",false,,9.90,0.0198,true,1,49524
8001250009999,false,ניוקי דה ציקו תפוא 5,דה צ'אקו DE CECCO,,דה צ'קו ניוקי תפוחי,גרמים,500.00,100 גרם,false,,8.90,0.0178,true,1,34921
8001250110015,false,דה צ'קו לזניית ביצים 500גר,אולירה אחים דה צ'קו,IT,פסטה לזניה מס 1',גרמים,500.00,100 גרם,false,,16.90,0.0338,true,1,34920
8001250120069,false,פסטה פטוצלה דה ציקו,,,פסטה דה צ'קו פטו,יחידה,0.00,יחידה,false,,9.90,0.0000,true,1,10972
8001250120151,false,פסטה בוקטיני דה ציקו,,,בוקטיני דה צ'יקו פסט,גרמים,500.00,100 גרם,false,,9.90,0.0198,true,1,39270
8001250120229,false,פסטה פסטונטי דה ציקו,,,פסטה פסטונטי 22,יחידה,500.00,יחידה,false,,9.90,0.0198,true,1,37559
8001250120243,false,ריגטוני 500 גרם DE CECCO,דה צ'אקו DE CECCO,,פסטה דה צ'יקו,יחידה,0.00,יחידה,false,,9.90,0.0000,true,1,39343
8001250120267,false,פסטה ריגטוני קצר מס,,,דה צ'יקו ריטוני קצר,יחידה,0.00,יחידה,false,,9.90,0.0000,true,1,33682
8001250120335,false,קיפרי ריגטי 500 גרם DE CECCO,,,פסטה איטלקית קיפרי ר,גרמים,500.00,100 גרם,false,,9.90,0.0198,true,1,49372
8001250120410,false,פסטה פנה מס 41 דה צק,דה צ'אקו DE CECCO,IT,פסטה פנה ריגטה,גרמים,500.00,100 גרם,false,,9.90,0.0198,true,1,82739
8001250120465,false,פסטה קונכיות ניוקי מ,,,פסטה דה צ'קו ניו,יחידה,0.00,יחידה,false,,9.90,0.0000,true,1,10975
8001250120502,false,פסטה קונצילי דה ציקו,,,פסטה דה צ'יקו,יחידה,0.00,יחידה,false,,9.90,0.0000,true,1,34715
8001250120878,false,פסטה קוואטאפי דה ציק,,,פסטה דה צ'יקו,יחידה,0.00,יחידה,false,,9.90,0.0000,true,1,36078
8001250120885,false,חונקי כמרים 500 גרם DE CECCO,דה צ'אקו DE CECCO,,חונקי כרמים דה צ'יקו,גרמים,500.00,100 גרם,false,,9.90,0.0198,true,1,34922
8001250120908,false,פסטה ראקט דה ציקו 50,דה צ'אקו DE CECCO,,דה-צ'יקו ראקט,יחידה,0.00,יחידה,false,,9.90,0.0000,true,1,37921
8001250120915,false,פסטה אורקייטה דה ציק,,,דה-צ'יקו אורקייטה 91,יחידה,0.00,יחידה,false,,9.90,0.0000,true,1,37522
8001250120939,false,פסטה פרפלה דה ציקו 5,,,פסטה דה צ'יקו,גרמים,500.00,100 גרם,false,,9.90,0.0198,true,1,34716
8001250121264,false,פסטה קנציליוני מס 12,דה צ'אקו DE CECCO,,דה צ'קו קונצ'יליוני,יחידה,500.00,יחידה,false,,15.90,0.0318,true,1,34717
8001250121813,false,אטריות דה צקו פיליני,,,פסטה פיליני 500 גר',גרמים,500.00,100 גרם,false,,9.90,0.0198,true,1,104495
8001250121981,false,פוזילי מסולסל 500 גרם DE CECCO,,,פוזילי מסולסל 198,יחידה,500.00,יחידה,false,,9.90,0.0198,true,1,37560
8001250152015,false,פסטה דורום פפרדלה דה,אולירה אחים דה צ'קו,IT,דה-צ'יקו פפרדלה 201,יחידה,0.00,יחידה,false,,13.90,0.0000,true,1,34923
8001250152091,false,דה ציקו פסטה קפלי דיאנג'לו 500 גרם,אולירה אחים דה צ'קו,IT,דה-צ'יקו קאפלי ד'אנג,יחידה,0.00,יחידה,false,,13.90,0.0000,true,1,42582
8001250201010,false,פסטה פרפדלה ביצים מס,,,פסטה פרפדלה 250 גר',גרמים,250.00,100 גרם,false,,10.90,0.0436,true,1,103875
8001250219145,false,רוטב ארביאטה 400 גרם DE CECCO,,,רוטב ארביאטה DE CECC,גרמים,400.00,100 גרם,false,,9.90,0.0248,true,1,56624
8001250219169,false,רוטב נפוליטנה 400 גרם DE CECCO,,,רוטב נפולטנה דה צ'יק,גרמים,70.00,100 גרם,false,,9.90,0.1414,true,1,56625
8001250250018,false,"שמן זית EXTRA VIRGIN CLASSICO (כחול) 750 מ""ל",VIRGINIAS INDUSTRIAS,IT,"שמן זית 750 מ""ל",מיליליטרים,750.00,"100 מ""ל",false,,39.90,0.0532,true,1,105894
8001250310125,false,ספגטי חיטה מלאה 500 גרם DE CECCO,,,דה-צ'יקו ספגטי 12 חי,יחידה,0.00,יחידה,false,,9.90,0.0000,true,1,34924
8001250310415,false,פנה חיטה מלאה 500 גרם DE CECCO,,,דה-צ'יקו פנה 41 חיטה,יחידה,0.00,יחידה,false,,9.90,0.0000,true,1,41007
8001250861764,false,קמח מחיטת דורום דה צ,דה צקו,IT,קמח חיטת דורום 1,יחידה,0.00,יחידה,false,,15.90,0.0000,true,1,47879
8001420002782,false,אורז שחור ונרה 500 גר,,,אורז שחור-ונרה,גרמים,500.00,100 גרם,false,,36.90,0.0738,true,1,85882
8001420005608,false,ריזוטו אורז 3 דגנים 400 גר,ריזו גאלו,IT,אורז ריזוטו שלושה דג,גרמים,400.00,100 גרם,false,,14.50,0.0363,true,1,82997
8001440118944,false,שלישיית עגבניות פולפה צ'יריו 400 גרם,דיפלומט,IT,שלישיית עגבניות פולפ,גרמים,400.00,100 גרם,false,,14.90,0.0373,true,1,144154
8001440124150,false,"רוטב עגבניות צ'ילי לפסטה צ'ריו 446 מ""ל CIRIO",היינץ,,רוטב עגבניות צ'ילי ל,מיליליטרים,446.00,"100 מ""ל",false,,11.90,0.0267,true,1,144158
8001440124167,false,"רוטב פומודורו לפסטה צ'ריו 446 מ""ל CIRIO",סיריו,,רוטב פומודורו לפסטה,מיליליטרים,446.00,"100 מ""ל",false,,11.90,0.0267,true,1,144156
8001505000184,false,מעדן אוכמניות אורגני 250 גר FIORDIFRUTT,אף.סי תבליני בגליל ב,IT,מעדן אורגני אוכמניות,גרמים,250.00,100 גרם,false,,18.90,0.0756,true,1,52913
8001505000306,false,מעדן פירות יער אורגני 250 ג FIORDIFRUTT,פיור די פרוטה,IT,מעדן אורגני פירות יע,גרמים,250.00,100 גרם,false,,18.90,0.0756,true,1,46904
8001505000320,false,נטורפוד מעדן תותים ותותי בר אורגני 250 גרם,אף.סי תבליני בגליל ב,IT,מעדן תותים ותותי בר,גרמים,250.00,100 גרם,false,,18.90,0.0756,true,1,46832
8001505001785,false,ממרח אגוזי לוז לבן אורגני 270 גרם,ריגוני די אסיי ישראל,IT,ממרח אגוזי לוז לבן א,גרמים,270.00,100 גרם,false,,19.90,0.0737,true,1,99592
8001505003963,false,ממרח אגוזי לוז קראנצי אורגני 270 גרם,,IT,ממרח אגוזי לוז קראנצ,גרמים,270.00,100 גרם,false,,19.90,0.0737,true,1,143831
8001620011935,false,"סן בנדטו- מים מינרלים מוגז - מארז שישיית 500 מ""ל",אקווה מינרלה סאן בנד,IT,סאן בנדטו מוגז שישיי,ליטרים,3.00,ליטר,false,,12.90,4.3000,false,1,41464
8001620015636,false,"משקה פירות פרוטה-מיקס פירות 400 מ""ל סאן בנדטו",אקווה מינרלה סאן בנדטו ב,IT,סאן בנדטו מיקס פירות,מיליליטרים,400.00,"100 מ""ל",false,,6.50,0.0163,true,1,107094
8001620017449,false,"סן בנדטו ספורט, מים מינרלים טבעיים 500 מל",אקווה מינרלה סאן בנדטו ב,IT,סאן בנדטו פלסטיק 500,מיליליטרים,500.00,"100 מ""ל",false,,3.00,0.0060,true,1,90677
8001620017456,false,"סן בנדטו ספורט, מים מינרלים טבעיים 500 מ""ל שישייה",אקווה מינרלה סאן בנדטו ב,IT,סאן בנדטו פקק ספורט,ליטרים,3.00,ליטר,false,,13.90,4.6333,true,1,90670
8001620018248,false,"מים מינרלים 750 מ""ל סאן בנדטו-פקק ספורט",אקווה מינרלה סאן בנדטו ב,IT,סאן בנדטו פקק ספורט,מיליליטרים,750.00,"100 מ""ל",false,,3.90,0.0052,true,1,96437
8001620019160,false,"סן בנדטו מים מינרלים בטעם אפרסק 500 מ""ל",אקווה מינרלה סאן בנדטו ב,IT,מים סן בנדטו אפרסק 4,מיליליטרים,400.00,"100 מ""ל",false,,5.90,0.0147,true,1,145761
8001620019177,false,"סן בנדטו מים מינרלים בטעם ענבים 500 מ""ל",אקווה מינרלה סאן בנדטו ב,IT,מים סן בנדטו ענבים 4,מיליליטרים,400.00,"100 מ""ל",false,,5.90,0.0147,true,1,145762
8001660101757,false,יין רופינו קיאנטי 75,,,יין קיאנטי רופינו,מיליליטרים,750.00,"100 מ""ל",false,,44.90,0.0599,true,1,17648
8001780499307,false,דובדבני אמרנה בסירופ,פאברי Fabbri,IT,דובדבני אמרנה 230 גר,גרמים,230.00,100 גרם,false,,21.90,0.0952,true,1,99683
8001841006710,false,לנור כדוריות הריח בניחוח רענן 210 גרם,פרוקטר אנד גמבל,US,לנור כדוריות הבושם ר,גרמים,210.00,100 גרם,false,,27.90,0.1329,true,1,103868
8001841041421,false,מגבונים ללא בישום אריזה בודדת 80 יח' פמפרס,פרוקטר & גמבל,DE,פמפרס מגבונים בניחוח,יחידה,0.00,יחידה,false,,5.90,0.0000,true,1,146316
8001841053684,false,תחבושות אולוויז עבה לונג פלוס 12 יחידות,פרוקטר אנד גמבל )ראה קוד,HU,תחבושות אולוויז עבה,יחידה,0.00,יחידה,false,,11.90,0.0000,true,1,108395
8001841053806,false,תחבושות היגייניות אולוויז מקסי עבה לילה,פרוקטר אנד גמבל,HU,תחבושות אולוויז עבה,יחידה,0.00,יחידה,false,,11.90,0.0000,true,1,108390
8001841062624,false,פמפרס מגבונים לחים ללא בישום רביעייה,פרוקטר אנד גמבל.,DE,מגבוני פמפרס ללא ביש,יחידה,0.00,יחידה,false,,15.90,0.0000,true,1,104707
8001841077598,false,מגבונים בניחוח רענן אריזה בודדת 80 יח' פמפרס,פרוקטר & גמבל,DE,פמפרס מגבונים ללא בי,יחידה,0.00,יחידה,false,,5.90,0.0000,true,1,146317
8001841077949,false,מארז מגבוני פמפרס בניחוח מרענן - רביעייה,פרוקטר אנד גמבל,DE,פמפרס מגבונים פרש,יחידה,0.00,יחידה,false,,15.90,0.0000,false,1,97940
8001841104751,false,פמפרס פרימיום קר חיתולים שלב 1 52 יח VP,פרוקטר אנד גמבל,PL,חיתולי פמפרס פרימיום,יחידה,0.00,יחידה,false,,31.90,0.0000,false,1,142856
8001841104799,false,פמפרס פרימיום קר חיתולים שלב 2 46 יח VP,פרוקטר אנד גמבל,PL,חיתולי פמפרס פרימיום,יחידה,0.00,יחידה,false,,31.90,0.0000,false,1,142857
8001841105093,false,פמפרס פרימיום קר חיתולים שלב 6 26 יח VP,פרוקטר אנד גמבל,PL,חיתולי פמפרס פרימיום,יחידה,0.00,יחידה,false,,31.90,0.0000,false,1,142858
8001841137179,false,קונדישינר הד&שולדרס הנוסחה הקלאסית 275מל,פרוקטר אנד גמבל,RO,הד אנד שולדרס קונדיש,מיליליטרים,275.00,"100 מ""ל",false,,14.90,0.0542,true,1,98913
8001841137216,false,"קונדישנר למגע רך כמשי הד אנד שולדרס 275 מ""ל",פרוקטר אנד גמבל,RO,הד אנד שולדרס קונדיש,מיליליטרים,275.00,"100 מ""ל",false,,14.90,0.0542,true,1,98914
8001841500799,false,"הרבל אסנסס - שמפו ללא סולפטים אלוורה ומנגו 380 מ""ל",הרבל אסנס Herbal Essences,FR,הרבל אסנס שמפו ללא ס,מיליליטרים,380.00,"100 מ""ל",false,,17.90,0.0471,true,1,105159
8001841500942,false,"הרבל אסנסס - שמפו ללא סולפטים אלוורה ובמבוק 380 מ""ל",הרבל אסנס Herbal Essences,FR,הרבל אסנס שמפו ללא ס,מיליליטרים,380.00,"100 מ""ל",false,,17.90,0.0471,true,1,105160
8001841502601,false,"הרבל אסנסס - מרכך ללא סולפטים אלוורה ובמבוק 275 מ""ל",הרבל אסנס Herbal Essences,FR,הרבל אסנס מרכך ללא ס,מיליליטרים,275.00,"100 מ""ל",false,,17.90,0.0651,true,1,105162
8001841566771,false,לנור כדוריות בושם בניחוח יסמין 210 גרם,פרוקטר אנד גמבל,US,לנור כדוריות הבושם ב,גרמים,210.00,100 גרם,false,,27.90,0.1329,true,1,103870
8001841625188,false,סבון כלים פלטינום לימון X3 פעולות להסרת שומנים,פרוקטר אנד גמבל,GB,פיירי פלטיניום לימון,מיליליטרים,515.00,"100 מ""ל",false,,10.90,0.0212,false,1,102160
8001841625287,false,סבון כלים פלטינום לימון X3 פעולות להסרת שומנים,פרוקטר אנד גמבל,GB,פיירי לימון 1.015 לי,ליטרים,1.01,ליטר,false,,14.90,14.7525,true,1,101635
8001841625461,false,סבון כלים פלטינום X3 פעולות להסרת שומנים,פרוקטר אנד גמבל,GB,פיירי פלטיניום 515 מ,מיליליטרים,515.00,"100 מ""ל",false,,10.90,0.0212,false,1,102161
8001841625508,false,"נוזל כלים פיירי פלטינום אורגינל 1.015 ליטר בד""צ",פרוקטר אנד גמבל,GB,פיירי פלטיניום אורגי,מיליליטרים,1015.00,"100 מ""ל",false,,14.90,0.0147,true,1,101776
8001841660530,false,קרם לחות מינרלס במבוק + חלבון משקם לשיער ארוך,פנטן Pantene,FR,פנטן מיראקלס קרם לחו,מיליליטרים,270.00,"100 מ""ל",false,,17.90,0.0663,true,1,107832
8001841669465,false,קפסולות לכביסה אריאל בניחוח לנור 24 יחידות,פרוקטר אנד גמבל,FR,אריאל קפסולות 24 יח,יחידה,0.00,יחידה,false,,31.90,0.0000,false,1,106457
8001841669519,false,קפסולות לכביסה ALL IN ONE אריאל 55 יחידות,פרוקטר אנד גמבל,FR,אריאל קפסולות כביסה,גרמים,1386.00,100 גרם,false,,59.90,0.0432,false,1,103028
8001841941929,false,אולוויז וליו פק לילה בטוח אקסטרא 16 יחידות,פרוקטר אנד גמבל,DE,תחבושות אולוויז וליו,יחידה,0.00,יחידה,false,,16.90,0.0000,false,1,107836
8001841943961,false,לנור כדוריות בושם בניחוח אוקיינוס 210 גר,פרוקטר אנד גמבל,US,לנור כדוריות הבושם א,גרמים,210.00,100 גרם,false,,27.90,0.1329,true,1,103871
8001841958460,false,פיירי טבליות למדיח אורגינל הכל באחד - מארז 48 יח',פרוקטר אנד גמבל,BE,פיירי טבליות למדיח 4,יח',48.00,יח',false,,38.90,0.8104,true,1,105175
8001876002152,false,קוסקוס קולביטה בנוני,סיפה אינטרנשיונל אס.,IT,קוסקוס בינוני 500 גר,גרמים,500.00,100 גרם,false,,9.90,0.0198,true,1,103536
8001876002169,false,COLAVITA ניוקי 500 גר',,,ניוקי 500 גר',גרמים,500.00,100 גרם,false,,7.50,0.0150,true,1,98629
8001876012595,false,שמן זית קולאויטה כתי,COLAVITA SpA,,COLAVITA GREEK-שמן,מיליליטרים,750.00,"100 מ""ל",false,,44.90,0.0599,true,1,44583
8001876020088,false,שמן זית קולאויטה כתי,COLAVITA SpA,IT,COLAVITA שמן זית 750,יחידה,750.00,יחידה,false,,43.90,0.0585,true,1,38144
8001876550028,false,חומץ יין לבן קולוויט,COLAVITA SpA,IT,COLAVITA חומץ יין לב,יחידה,500.00,יחידה,false,,17.90,0.0358,true,1,51282
8001876550042,false,חומץ יין אדום 500 מל,COLAVITA SpA,IT,COLAVITA חומץ יין אד,יחידה,500.00,יחידה,false,,17.90,0.0358,true,1,50007
8001876552459,false,חומץ בלסמי מיושן ממו,DE NIGRIS,IT,COLAVITA-חומץ בלסמי,יחידה,250.00,יחידה,false,,39.90,0.1596,true,1,56443
8001900628051,false,למברוסקו לבן קוויקיו,איטליה גרופו איטליאנ,,למברוסקו לבן קוויקיו,יחידה,750.00,יחידה,false,,24.90,0.0332,true,1,32513
8001931120944,false,"פסטה קן לציפור דק, 500 גרם",GUACCI,,פסטה סמולינה דק 500,גרמים,500.00,100 גרם,false,,7.50,0.0150,true,1,144391
8001931120982,false,פסטה עבה 500 גרם קן לציפור - טליאטלה,GUACCI,,פסטה סמולינה עבה 500,גרמים,500.00,100 גרם,false,,7.50,0.0150,true,1,144392
8001935221401,false,וילה אנטינורי אדום 750 מל,איטליה אנטינורי,,יין וילה אנטינור,מיליליטרים,750.00,"100 מ""ל",false,,80.20,0.1069,true,1,13374
8001940000015,false,מטלית וילדה לחלון,,,מטלית וילדה לחלון,יחידה,0.00,יחידה,false,,13.90,0.0000,true,1,143639
8001940000213,false,וילדה מטלית ספוג 3 י,,,מטליות וילדה 3 יח',יחידה,0.00,יחידה,false,,13.90,0.0000,true,1,143642
8002110383709,false,נוטרוגינה ס.נורבגית ק.ידיים לא מבושם 50מל,ניוטרוג'ינה Neutrogena,FR,קרם ידיים נוטורוג'ינ,מיליליטרים,50.00,"100 מ""ל",false,,26.90,0.5380,true,1,38181
8002200145675,false,קפה קימבו ארמוניה קפסולות 10 יח,,,קפה קימבו נאפולי קפס,גרמים,55.00,100 גרם,false,,15.90,0.2891,false,1,102966
8002213000459,false,קמח סמולינה 1 ק`ג (חום),,,"קמח סמולינה 1 ק""ג",קילוגרמים,1.00,"ק""ג",false,,12.50,12.5000,true,1,95247
8002213004068,false,קמח לפיצה ורוד 1 קג,,,"קמח לפיצה 1 ק""ג",קילוגרמים,1.00,"ק""ג",false,,9.50,9.5000,true,1,90532
8002230000012,false,מארז משקה קוקטייל אפ,אלכוהול (איי.בי.בי),IT,אפרול -משקה אפרטיף,ליטרים,1.00,ליטר,false,,84.90,84.9000,true,1,86915
8002267016475,false,ביצת שוקולד הפתעה בוב הבנאי שלישייה 60 ג,מולינו ניקולי s.p.a,IT,צ'וקטה ביצי הפתעה בו,יחידה,0.00,יחידה,false,,12.90,0.0000,true,1,94806
8002270015656,false,מים מינרליים טבעיים מוגזים סן פלגרינו 750 מל זכוכית,סן פלגרינו ס.פ.א לוק,IT,מים סאן פלגרינו,מיליליטרים,750.00,"100 מ""ל",false,,8.90,0.0119,true,1,18612
8002530111029,false,מאורו דה לוקס קפה טח,,,מאורו דה לוקס קפה טח,גרמים,250.00,100 גרם,false,,31.90,0.1276,true,1,41468
8002530121028,false,קפסולות מאורו צנטופר,,IT,קפה מאורו צ'נטו קפסו,גרמים,55.00,100 גרם,false,,15.90,0.2891,true,1,145618
8002530155122,false,קפסולות מאורו פרמיום,,IT,קפה מאורו פרימיום קפ,גרמים,55.00,100 גרם,false,,15.90,0.2891,false,1,76636
8002530155221,false,קפה מאורו דלוקס קפסו,,IT,קפה מאורו דלוקס קפסו,גרמים,55.00,100 גרם,false,,15.90,0.2891,true,1,76637
8002530164827,false,קפה מאורו דה לוקס שק,,IT,קפה מאורו דה לוקס שק,קילוגרמים,1.00,"ק""ג",false,,120.00,120.0000,false,1,142959
8002530164926,false,קפה מאורו פרימיום שק,,IT,קפה מאורו פרימיום שק,קילוגרמים,1.00,"ק""ג",false,,105.90,105.9000,true,1,143805
8002960103199,false,CA70W 'רוטב פומודורינה בצנצנת 370 ג MENU,מנורה,IT,רוטב פומודורינה בצנצ,גרמים,370.00,100 גרם,false,,12.90,0.0349,true,1,144353
8002960103212,false,K070W 'רוטב שקשוקה בצנצנת 370 ג MENU,מנורה,IT,רוטב שקשוקה בצנצנת 3,גרמים,370.00,100 גרם,false,,12.90,0.0349,true,1,142761
8003007800712,false,פסטה פיורי פרחים 4 טעמים 500 גרם,,IT,פסטה טארולרו פרחים 5,גרמים,500.00,100 גרם,false,,12.90,0.0258,true,1,80725
8003294537001,false,פילה סלומון בשמן זית,,,פילה סלומון בשמן זית,גרמים,150.00,100 גרם,false,,33.90,0.2260,true,1,89547
8003340091280,false,לינדט לינדור בונבוניירה 60% מוצקי קקאו 200 גרם,לינדט ושפרונגלי קילשברג,IT,בונבונירת לינדור 60%,גרמים,200.00,100 גרם,false,,29.90,0.1495,false,1,33716
8003653002409,false,מברשת מעוצבת לניקוי אסלות,טונקיטה,IT,סט לניקוי אסלות מעוצ,יחידה,0.00,יחידה,false,,17.90,0.0000,true,1,103298
8003653003000,false,מברשת לניקוי כלים,טונקיטה,IT,מברשת ניקוי כלים,יחידה,0.00,יחידה,false,,7.90,0.0000,true,1,103301
8003653005301,false,טונקיטה מברשת עם ידית אחיזה,טונקיטה,IT,מברשת עם ידית אחיזה,יחידה,0.00,יחידה,false,,11.90,0.0000,true,1,79063
8003653005400,false,יעה נצמד,טונקיטה,IT,יעה נצמד,יחידה,0.00,יחידה,false,,6.90,0.0000,true,1,103299
8003653008258,false,"tonkitaTK854 מגב לריצפה 44 ס""מ+מקל",טונקיטה,IT,"מגב ריצפה 44 ס""מ+מקל",יחידה,0.00,יחידה,false,,19.90,0.0000,true,1,103305
8003653010305,false,tonkitaTK605 מטאטא פנימי spazio+מקל,טונקיטה,IT,טונקיטה מטאטא פנימי,יחידה,0.00,יחידה,false,,24.90,0.0000,true,1,104264
8003653033588,false,מטאטא פנימי/חיצוני יוניברסל,טונקיטה,IT,מטאטא פנימי/חיצוני,יחידה,0.00,יחידה,false,,27.90,0.0000,true,1,79045
8003653033687,false,מטאטא קשה לקרצוף מגנ,טונקיטה,IT,מטאטא קשה לקירצוף,יחידה,0.00,יחידה,false,,29.90,0.0000,true,1,79046
8003753158556,false,אילי קפסולות אספרסו קלאסיקו 10 יח' 57 גרם,ג'ייקובס דאו אגרבטס פר א,FR,אילי קפסולות אספרסו,גרמים,57.00,100 גרם,false,,22.90,0.4018,true,1,107907
8003753158587,false,אילי קפסולות אספרסו פורטה 10 יח' 57 גרם,ג'ייקובס דאו אגרבטס פר א,FR,אילי קפסולות אספרסו,גרמים,57.00,100 גרם,false,,22.90,0.4018,true,1,107909
8003753158648,false,אילי קפסולות אספרסו אינטנסו 10 יח' 57 גרם,ג'ייקובס דאו אגרבטס פר א,FR,אילי קפסולות אספרסו,גרמים,57.00,100 גרם,false,,22.90,0.4018,true,1,107908
8003753900438,false,קפה לנדוור אילי אספרסו טחון 250 גרם,קפה לנדוור,IT,קפה אספרסו אילי 250,גרמים,250.00,100 גרם,false,,39.90,0.1596,false,1,6829
8003753900469,false,אילי - אספרסו טחון בקליה כהה בפחית 250גר,קפה לנדוור,IL,קפה אילי טחון בקלייה,גרמים,250.00,100 גרם,false,,39.90,0.1596,false,1,27503
8003866116023,false,קפה זהב 100% ארביקה1,DIEMME CAFFE,IT,קפה זהב 100% ארביקה,קילוגרמים,1.00,"ק""ג",false,,110.00,110.0000,false,1,108531
8004030022010,false,ירקות גינה עם טונה ריו מרה אינסלטיסימי 160 ג',"בולטון אלימנטרי בע""\מ",IT,ריו מארה אינסלטיסימי,גרמים,160.00,100 גרם,false,,15.90,0.0994,false,1,74104
8004030026018,false,"מקסיקני עם טונה ריו מרה אינסלטיסימי, 160 ג'","בולטון אלימנטרי בע""\מ",IT,ריו מארה אינסלטיסימי,גרמים,160.00,100 גרם,false,,15.90,0.0994,false,1,74105
8004030044005,false,נתחי טונה בהירה בשמן זית ריו מרה 112גרם,"בולטון אלימנטרי בע""\מ",IT,טונה ריו בשמן זית 16,גרמים,160.00,100 גרם,false,,17.90,0.1119,false,1,8355
8004030081024,false,טונה בשמן זית שום ופלפל ריו מרה 160 גרם,"בולטון אלימנטרי בע""\מ",IT,טונה בשמן זית ופלפל,גרמים,160.00,100 גרם,false,,17.90,0.1119,false,1,8360
8004030102033,false,טונה בשמן זית עם מיץ לימון ופלפל שחור - מארז 3 יח',בולטון אלימנטרי,IT,ריו מרה טונה בשמן זי,גרמים,240.00,100 גרם,false,,26.90,0.1121,true,1,94966
8004030103399,false,טונה בשמן זית רביעיו,BOLTON GROUP- RIO,IT,טונה ריו בשמן זית 80,גרמים,320.00,100 גרם,false,,29.90,0.0934,true,1,103660
8004030177000,false,טונה בשמן זית וצ'ילי ריו מרה מארז 80X3 גר',ריו מארה Rio Mare,IT,ריו מרה טונה בשמן זי,גרמים,240.00,100 גרם,false,,26.90,0.1121,true,1,91819
8004030180000,false,ריו מרה טונה בשמן זית כתית מעולה 3*80 גרם,"בולטון אלימנטרי בע""\מ",IT,ריו מרה טונה בשמן זי,גרמים,240.00,100 גרם,false,,28.90,0.1204,true,1,144830
8004030381681,false,ריו מרה נתחי טונה בהירה בשמן זית זוג 160 גר,BOLTON GROUP- RIO,IT,ריו מארה טונה בשמן ז,גרמים,160.00,100 גרם,false,,31.90,0.1994,true,1,96903
8004030845046,false,טונה עם ירקות בתוספת עם אורז ריו מרה אינסלטיסימי 160 ג',בולטון אלימנטרי,IT,ריו מארה אינטלטיסימי,גרמים,160.00,100 גרם,false,,15.90,0.0994,true,1,96179
8004275058942,false,"שמן זית כתית מעולה 750 מ""ל CIRIO",,,CIRIO שמן זית,מיליליטרים,750.00,"100 מ""ל",false,,37.90,0.0505,true,1,55795
8004323212654,false,פסטה קפליני 265 קולא,INDULCO,IT,COLAVITA פסטה קפליני,גרמים,500.00,100 גרם,false,,10.90,0.0218,true,1,34020
8004323212685,false,פסטה פטוציני 268 קול,INDULCO,,COLAVITA פטוצ'יני פס,גרמים,500.00,100 גרם,false,,11.90,0.0238,true,1,36731
8004323212708,false,פסטה פפארדלה 270 קול,INDULCO,,COLAVITA פסטה פפרדלה,גרמים,500.00,100 גרם,false,,10.90,0.0218,true,1,34021
8004323312675,false,COLAVITA פסטה טליאטל,,,COLAVITA פסטה טליאטל,גרמים,500.00,100 גרם,false,,11.90,0.0238,true,1,34022
8004800000064,false,לאגו פלאסיר- גלילי ופל קרם קקאו בציפוי ש.חלב - 100 ג',לגו גרופ ס.פ.א.,IT,לאגו פלאסיר גלילי וו,גרמים,100.00,100 גרם,false,,11.90,0.1190,true,1,145420
8004800000071,false,לאגו פלאסיר- גלילי ופל במילוי קרם אגוזי לוז שוקולד חלב - 100 ג',לגו גרופ ס.פ.א.,IT,לאגו פלאסיר גליל ופל,גרמים,100.00,100 גרם,false,,11.90,0.1190,true,1,145421
8004800005502,false,וופל מיני רול גלילי ופל במילוי קרם קקאו- 125 ג' לאגו,לגו גרופ ס.פ.א.,IT,לאגו מיני רול גלילי,גרמים,125.00,100 גרם,false,,10.90,0.0872,true,1,145425
8004800005519,false,וופל רול גלילי במילוי קרם אגוזי לוז- 125 ג' לאגו,לגו גרופ ס.פ.א.,IT,לאגו מיני רול גלילי,גרמים,125.00,100 גרם,false,,10.90,0.0872,true,1,145426
8005110000416,false,MUTTI עגבניות חתוכות במיץ פולפה 2*300 ג,מוטי אס.פי.איי,IT,מארז זוג עגבניות חתו,גרמים,600.00,100 גרם,false,,13.50,0.0225,true,1,146315
8005110001413,false,מארז זוג רסק עגבניות 140 ג' MUTTI,"איי, בי, אינבוו",IT,מארז זוג רסק עגבניות,גרמים,280.00,100 גרם,false,,10.90,0.0389,true,1,99264
8005110001772,false,רוטב פסטה עגב.פיצוטלו400,מוטי אס.פי.אי,IT,רוטב עגבניות לפסטה מ,גרמים,400.00,100 גרם,false,,11.90,0.0298,true,1,146319
8005110002243,false,רכז עגבניות Doppio Concentr בשפופרת 185 ג' MUTTI,"איי, בי, אינבוו",IT,רכז עגבניות בשפורפרת,גרמים,185.00,100 גרם,false,,7.50,0.0405,true,1,103548
8005110002533,false,רוטב פסטה עגבנ.דטרינ400,מוטי אס.פי.אי,IT,רוטב עגבניות לפסטה מ,גרמים,400.00,100 גרם,false,,11.90,0.0298,true,1,146320
8005110002557,false,רוטב מעגבנ.רומא לפסטה400,מוטי אס.פי.אי,IT,רוטב עגבניות לפסטה מ,גרמים,400.00,100 גרם,false,,11.90,0.0298,true,1,146321
8005110060007,false,מוטי עגבניות תמר איטלקיות 400גר,,IT,עגבניות מקולפות,גרמים,400.00,100 גרם,false,,7.50,0.0188,true,1,44768
8005110060106,false,מארז זוג עגבניות מקולפות 400*2 גרם MUTTI,"איי, בי, אינבוו",IT,מארז זוג עגבניות מקו,גרמים,800.00,100 גרם,false,,14.90,0.0186,true,1,81927
8005110170300,false,עגבניות מרוסקות חתוכות מוטי MUTTI שלישיה *400,מוטי Mutti,IT,עגבניות חתוכות במארז,קילוגרמים,1.20,"ק""ג",false,,16.90,14.0833,false,1,42740
8005110171215,false,מוטי עגבניות חתוכות פולפפזי 690 גרם{בקבוק},"איי, בי, אינבוו",IT,רסק עגבניות קצוצות,גרמים,690.00,100 גרם,false,,13.90,0.0201,true,1,19654
8005110191015,false,רסק עגבניות ובזיליקום MUTTI{ירוק } 700 גרם,"איי, בי, אינבוו",IT,רסק עגבניות MUTTI,גרמים,700.00,100 גרם,false,,13.50,0.0193,true,1,77700
8005110200014,false,רסק עגבניות מרוכז - מוטי,"איי, בי, אינבוו",IT,רכז עגבניות איטלקיות,יחידה,0.00,יחידה,false,,7.00,0.0000,true,1,33680
8005110550508,false,מוטי עגבניות שרי 400 גר,,,MUTTI עגבניות שרי 40,גרמים,400.00,100 גרם,false,,8.90,0.0223,true,1,34925
8005110551253,false,רוטב לפיצה להכנת פיצה איטלקית קלאסית,"איי, בי, אינבוו",IT,רוטב עגבניות לפיצה 4,גרמים,400.00,100 גרם,false,,8.50,0.0213,true,1,101293
8005200256587,false,נסטי - תה קר בטעם אפרסק 1.5 ליטר,מפעל סאנפלגרינו S.P.A,IT,נסטי אפרסק 1.5 ליטר,ליטרים,1.50,ליטר,false,,8.90,5.9333,false,1,142095
8005200286584,false,נסטי- תה קר - בטעם מנגו אננס 1.5 ליטר,מפעל סאנפלגרינו S.P.A,IT,נסטי מנגו אננס 1.5 ל,ליטרים,1.50,ליטר,false,,8.90,5.9333,false,1,142096
8005200316588,false,תה קר דיאט בטעם אפרסק נסטי 1.5 ליטר,מפעל סאנפלגרינו s.p.a,IT,נסטי דיאט אפרסק 1.5,ליטרים,1.50,ליטר,false,,7.90,5.2667,false,1,142097
8005469951452,false,ממרח אנשובי עם שמן חמניות,בנדטו סקלייה סרל,IT,ממרח אנשובי איטלקי,גרמים,60.00,100 גרם,false,,12.50,0.2083,true,1,52847
8005803010371,false,"גריסיני רוזמרין - מקלות אפויים עם שמן זית, מלח ורוזמרין","אינסטנטה בע""מ",IT,גריסיני רוזמרין 125,גרמים,125.00,100 גרם,false,,6.90,0.0552,true,1,84397
8005803010586,false,"מקלות אפויים עם שמן זית, מלח, עגבניות ואורגנו, 125 גרם, אמור די פאן","הוסטה איטליה, ס.ר.ל.",IT,גריסיני פיצה 125 גר',גרמים,125.00,100 גרם,false,,6.90,0.0552,true,1,84398
8006227000399,false,מנצאטו-לחם פרוס לבן 400 גרם,,IT,לחם מחמצת פרוס לבן 4,גרמים,400.00,100 גרם,false,,12.90,0.0323,true,1,144333
8006227000405,false,סמנצאטו-לחם פרוס חיטה מלאה 400 גרם,,IT,סמנצאטו לחם מחמצת פר,גרמים,400.00,100 גרם,false,,12.90,0.0323,true,1,145272
8006540088692,false,הרבל אסנס מסכה אינטנסיבית ארגן 450 מל,S BLOIS GAMBLE & PROCTER,FR,הרבל אסנס מסכה לשיער,מיליליטרים,450.00,"100 מ""ל",false,,37.90,0.0842,true,1,145320
8006540112823,false,"לנור מרכך כביסה מרוכז בניחוח האוקיינוס 900 מ""ל",פרוקטר אנד גמבל,FR,לנור מרכך מרוכז בניח,מיליליטרים,900.00,"100 מ""ל",false,,14.90,0.0166,true,1,107358
8006540112854,false,"מרכך כביסה מרוכז בניחוח סחלב לנור 900 מ""ל",פרוקטר אנד גמבל,FR,לנור מרכך מרוכז בניח,מיליליטרים,900.00,"100 מ""ל",false,,14.90,0.0166,true,1,107363
8006540163986,false,קפסולות לכביסה אריאל 35 יח,פרוקטר אנד גמבל,FR,אריאל קפסולות 35 יח,יחידה,0.00,יחידה,false,,41.90,0.0000,true,1,107364
8006540383087,false,טבליות למדיח פיירי פלטינום פלוס דיפ קלין 42 יחידות,פרוקטר & גמבל,BE,פיירי טבליות פלטינום,יחידה,0.00,יחידה,false,,57.90,0.0000,true,1,144858
8006540404898,false,אולוויז דיסקריט לבריחת שתן לונג פלוס 8יח,פרוקטר & גמבל,DE,תחבושות אולוויז לברי,יחידה,0.00,יחידה,false,,19.90,0.0000,false,1,145265
8006540405031,false,דיסקריט תחבושות לבריחת שתן סמול פלוס 16,פרוקטר & גמבל,DE,תחבושות אולוויז בריח,יחידה,0.00,יחידה,false,,19.90,0.0000,false,1,145267
8006540425930,false,אריאל קפסולות לכביסה ג'ל 24 יח' לכתמים קשים,פרוקטר אנד גמבל,FR,אריאל קפסולות 24 יח,יחידה,0.00,יחידה,false,,31.90,0.0000,false,1,142356
8006540463550,false,פיירי טבליות למדיח פלטינום 63 יחידות,פרוקטר אנד גמבל,BE,פיירי טבליות למדיח פ,יחידה,0.00,יחידה,false,,57.90,0.0000,false,1,144856
8006540491539,false,"נוזל כלים פיירי פלטינום אוריגינל 780 מ""ל",פרוקטר אנד גמבל,GB,פיירי פלטיניום אורגי,גרמים,780.00,100 גרם,false,,12.90,0.0165,false,1,144650
8006540495186,false,לנור מרכך כביסה מרוכז רגיש בייבי 900 מל,פרוקטר אנד גמבל,FR,לנור מרכך כביסה 900,מיליליטרים,900.00,"100 מ""ל",false,,14.90,0.0166,true,1,144648
8006540495247,false,"לנור מרכך כביסה מרוכז בניחוח פרחי בר 900 מ""ל",פרוקטר אנד גמבל,FR,לנור מרכך כביסה 900,מיליליטרים,900.00,"100 מ""ל",false,,14.90,0.0166,true,1,144647
8006540566701,false,אריאל ג'ל כביסה להסרת כתמים קשים 1.925 ליטר,פרוקטר אנד גמבל,IT,אריאל ג'ל כתמים קשים,ליטרים,1.92,ליטר,false,,29.90,15.5729,false,1,145760
8006540620403,false,"טייד אבקת כביסה אפקט פיירי 7 ק""ג",פרוקטר אנד גמבל,TR,טייד אבקת כביסה אפקט,קילוגרמים,7.00,"ק""ג",false,,56.90,8.1286,false,1,146549
8007150901296,false,שמן אבוקדו אורגני בכבישה קרה 250 מל,,,שמן אבוקדו אורגני בכ,מיליליטרים,250.00,"100 מ""ל",false,,47.90,0.1916,true,1,88262
8007150901623,false,שמן זרעי ענבים 1 ליטר +1/2 ליטר במארז,,,שמן זרעי ענבים 1.5 ל,ליטרים,1.50,ליטר,false,,49.90,33.2667,true,1,89551
8007150905621,false,שמן זית אולאיטליה 1ליטר,,,שמן זית אולאיטליה 1,ליטרים,1.00,ליטר,false,,45.90,45.9000,true,1,97376
8007150906338,false,חומץ בלסמי ממדונה כש,,,חומץ בלסמי ממדונה 50,מיליליטרים,500.00,"100 מ""ל",false,,19.90,0.0398,true,1,88295
8007150909513,false,"קרם בלסמי קלאסי כשר 250 מ""ל",,,קרם בלסמי קלאסי 250,מיליליטרים,250.00,"100 מ""ל",false,,27.90,0.1116,true,1,88324
8007178120310,false,חומץ בלסמי ד'מודנה Giacobazzi,פטורייה ג'יאקובאזי ס,IT,חומץ בלסמי,יחידה,500.00,יחידה,false,,21.90,0.0438,true,1,10990
8007178223547,false,קרם מצומצם עם חומץ בלסמי ממודנה,פארייפאבה אגרואינדוס,IT,קרם בלסמי מצומצם 250,מיליליטרים,250.00,"100 מ""ל",false,,23.90,0.0956,true,1,75499
8007270999012,false,שמן גרעיני ענבים נטורפוד 1 ליטר,קוסטה דיאורו,IT,שמן זרעי ענבים 1 ליט,ליטרים,1.00,ליטר,false,,34.90,34.9000,true,1,90010
8007537005203,false,טורטיליה ציפס עגול 450 גר,,,טורטיליה נאציוס 450,גרמים,450.00,100 גרם,false,,19.90,0.0442,true,1,141181
8007537006538,false,"טורטיליה ציפס תירס כחול לל""ג 450 גרם",,IT,טורטיליה צ'יפס תירס,גרמים,300.00,100 גרם,false,,21.90,0.0730,true,1,141823
8008343200035,false,פסטה רומו ספגטי 500 גרם,רומו Rummo,IT,ספגטי רומו 500 גר,גרמים,500.00,100 גרם,false,,8.50,0.0170,true,1,89742
8008343200066,false,פסטה בוקטיני רומו 50,,,פסטה בוקטיני רומו 50,גרמים,500.00,100 גרם,false,,8.50,0.0170,true,1,97825
8008343200134,false,פסטה רומו לינגוינה 500גר,רומו Rummo,IT,פסטה לינגוינה רומו 5,גרמים,500.00,100 גרם,false,,8.50,0.0170,true,1,89743
8008343200424,false,פסטה קונקילי ריגטה Conchiglie rigate,רומו Rummo,IT,פסטה קונקילי ריגטה ר,גרמים,500.00,100 גרם,false,,8.50,0.0170,true,1,89744
8008343200486,false,פסטה רומו פוזילי 500 גרם,רומו Rummo,IT,פוזילי רומו 500 גר,גרמים,500.00,100 גרם,false,,8.50,0.0170,true,1,89745
8008343200547,false,פסטה ריציולי רומו 50,רומו Rummo,,פסטה ריציולי רומו 50,גרמים,500.00,100 גרם,false,,8.50,0.0170,true,1,89732
8008343200660,false,פסטה רומו פנה ריגטה500גר,רומו Rummo,IT,פנה ריגטה רומו 500 ג,גרמים,500.00,100 גרם,false,,8.50,0.0170,true,1,89733
8008343200851,false,פסטה רומו פרפלה 500 גרם,רומו Rummo,IT,פרפלה ברונזו רומו 50,גרמים,500.00,100 גרם,false,,8.50,0.0170,true,1,89731
8008343201377,false,פסטה רומו רדיאטורי 500גר,רומו Rummo,IT,פסטה רדיאטורי רומו 5,גרמים,500.00,100 גרם,false,,8.50,0.0170,true,1,89748
8008343201476,false,פסטה קונקיליוני ריגט,,,פסטה קונקיליוני ריגט,גרמים,500.00,100 גרם,false,,8.50,0.0170,true,1,94012
8008660210014,false,מעדן משמש מנז אנד גאסר ויסוצקי 300 גרם,קריניציה ויטמינה אס,IT,ריבת מעדן משמש,גרמים,300.00,100 גרם,false,,16.90,0.0563,true,1,81910
8008660210021,false,מעדן ריבה מנץ אנד גאססר דובדבן 300 גר,שוורצקוף& הנקל דיסלד,IT,ריבת מעדן דובדבן,גרמים,300.00,100 גרם,false,,16.90,0.0563,true,1,81911
8008660210038,false,מעדן ריבה מנץ אנד גאססר תות שדה 300 גר,קריניציה ויטמינה אס,IT,ריבת מעדן תות שדה,גרמים,300.00,100 גרם,false,,16.90,0.0563,true,1,81912
8008660210045,false,מעדן פירות יער מנז אנד גאסר ויסוצקי 300 גרם,שוורצקוף& הנקל דיסלד,IT,ריבת מעדן פירות יער,גרמים,300.00,100 גרם,false,,16.90,0.0563,true,1,81913
8008660210052,false,מעדן פרי תפוז מנז אנד גאסר ויסוצקי 320 גרם,מנז אנד גאסר Menz&Gasser,IT,מעדן פרי תפוז,גרמים,320.00,100 גרם,false,,15.90,0.0497,true,1,94106
8008660210069,false,מעדן פרי פסיפלורה מנז אנד גאסר ויסוצקי 320 גרם,מנז אנד גאסר ס.פ.א,IT,מעדן פרי אפרסק פסיפל,גרמים,320.00,100 גרם,false,,15.90,0.0497,true,1,94107
8008698002100,false,מקלות גריסיני 200 גרם ד''ר שר,"ד""ר שר ס.ר.ל",IT,גריסיני ללא גלוטן 15,גרמים,150.00,100 גרם,false,,21.90,0.1460,true,1,100729
8008698003152,false,ג'בטה כפרית ללא גלוטן 200 גר,,DE,ג'בטה כפרית ללא גלוט,גרמים,200.00,100 גרם,false,,21.90,0.1095,true,1,144318
8008698003503,false,עוגיות שיבולת שועל עם צימוקים 250 גר,"דר שר ס.ר.ל פוסטל, א",IT,קרקר אפוי 210 גר' לל,גרמים,210.00,100 גרם,false,,27.90,0.1329,true,1,100635
8008698004548,false,שר ביסקוויט בציפוי קרם שוקולד חלב ללא גלוטן 150 גר',"ד""ר שר ס.ר.ל",DE,ביסקוויט ללא גלוטן מ,גרמים,150.00,100 גרם,false,,18.90,0.1260,true,1,83478
8008698004630,false,SORRISI עוגיות סנדוויץ' במילוי קרם קקאו 250 גר',ס.ר.ל פוסטל,FR,עוגיות סנדוויץ במילו,גרמים,250.00,100 גרם,false,,24.90,0.0996,true,1,102628
8008698005231,false,עוגיות סנדוויץ בטעם שוקולד ממולאות קרם חלב ללא גלוט,שר Schar,IT,עוגיות שוקולד במילוי,גרמים,165.00,100 גרם,false,,19.90,0.1206,true,1,144295
8008698008157,false,שר עוגיות שוקולד במילוי קרם שמנת ללא גלוטן 100 גר',דר שר ס.ר.ל פוסטל,IT,עוגיות בטעם שוקולד ב,גרמים,100.00,100 גרם,false,,11.90,0.1190,true,1,83454
8008698010259,false,ג'בטה ללא גלוטן 4*50גרם שר,,DE,ג'בטה ללא גלוטן רביע,גרמים,200.00,100 גרם,false,,21.90,0.1095,true,1,144319
8008698012857,false,ביסקויט פתי בר בטעם חמאה 165 גרם ללא גלוטן petit,ס.ר.ל פוסטל,IT,ביסקוויט פתי בר בטעם,גרמים,165.00,100 גרם,false,,17.50,0.1061,true,1,100636
8008698013021,false,שר עוגיות שוקולד ציפס מריר ללא גלוטן 100 ג',דר שר פוסטל,IT,עוגיות שוקולד ציפס מ,גרמים,100.00,100 גרם,false,,12.90,0.1290,true,1,100637
8008698024065,false,פאן בלנקו-לחם ללא גלוטן 250 גרם,schar,IT,פאן בלנקו לחם ללא גל,גרמים,250.00,100 גרם,false,,16.50,0.0660,true,1,94735
8008698024140,false,לחם ללא גלוטן פאן מולטי גראנו 250 גר,schar,DE,פאן מולטיגרנו מאפה ל,גרמים,250.00,100 גרם,false,,16.50,0.0660,true,1,94736
8008698024188,false,פאן רוסטיקו-לחם ללא גלוטן 250 גרם,,IT,פאן רוסטיקו מאפה ללא,גרמים,250.00,100 גרם,false,,16.50,0.0660,true,1,94737
8008698032084,false,עוגיות מיני וחברים ללא גלוטן 125גרם שר - MINI FRIENDS,,DE,עוגיות מיני ללא גלוט,גרמים,125.00,100 גרם,false,,11.90,0.0952,true,1,144294
8008698033876,false,קרקרים בתוספת דגנים ללא גלוטן 210גרם CEREAL CRACKERS,"ד""ר שר",DE,קרקרים בתוספת דגנים,גרמים,210.00,100 גרם,false,,26.90,0.1281,true,1,144293
8008698054109,false,מילוי גריס - ממרח אגוזי לוז עם קקאו בתוספות מקלות 52 גרם,"ד""ר שר ס.ר.ל",IT,ממרח אגוזי לוז בתוספ,גרמים,52.00,100 גרם,false,,11.90,0.2288,true,1,100814
8008912016012,false,ליגורי- לזניה מספר 102 500גר,פסטיפישיו פציון ס.פ.,IT,לזניה ליגורי,גרמים,500.00,100 גרם,false,,16.90,0.0338,true,1,108410
8008990000101,false,tonkitaTK010 מטאטא חיצוני area+מקל,טונקיטה,IT,מטאטא חיצוני,יחידה,0.00,יחידה,false,,27.90,0.0000,true,1,79048
8008990000514,false,tonkitaTK051 מברשת ויעה,טונקיטה,,מברשת ויעה,יחידה,0.00,יחידה,false,,11.90,0.0000,true,1,103295
8008990000750,false,מברשת לניקוי אסלות,טונקיטה,IT,מברשת לניקוי אסלות,יחידה,0.00,יחידה,false,,7.90,0.0000,true,1,79067
8008990002167,false,יעה עם מקל מתכת ארוך טונקיטה,טונקיטה,IT,יעה עם מקל מתכת ארוך,יחידה,0.00,יחידה,false,,18.90,0.0000,true,1,79069
8008990008923,false,דלי אובלי טונקיטה 13 ליטר,טונקיטה,IT,דלי אובלי 13 ליטר,יחידה,0.00,יחידה,false,,19.90,0.0000,true,1,79070
8008990061508,false,tonkitaTK615 מטאטא פנימי rapida+מקל,טונקיטה,IT,מטאטא פנימי,יחידה,0.00,יחידה,false,,27.90,0.0000,true,1,79049
8009470009355,false,(סימבה פאוץ עוף 100 גרם(9352,חטיפים מן הטבע,,סימבה פאוץ עוף 100 ג,גרמים,100.00,100 גרם,false,,5.00,0.0500,true,1,146023
8009621006073,false,ניוקי תפוח-אדמה 500 גר,,,איטליה ניוקי תפוח אד,גרמים,500.00,100 גרם,false,,9.90,0.0198,true,1,46416
8009621006172,false,ניוקי תפוא מיני וינצ,,,ניוקי מיני פנינים 50,גרמים,500.00,גרם,false,,9.90,0.0198,true,1,53717
8009915000367,false,פסטה אנליני ללא גלוט,,,פסטה אנליני ללא גלוט,גרמים,250.00,100 גרם,false,,12.90,0.0516,true,1,89938
8009915000701,false,פסטה תירס ריגוטיני ללא גלוטן,לה וואניציאני La Venezian,IT,פסטה ריגטוני מקמח תי,יחידה,250.00,יחידה,false,,12.90,0.0516,true,1,47775
8009915001340,false,פסטה אליקה ללא גלוטן 250 גר' -פוריו,לה וואניציאני La Venezian,IT,פסטה אליקה ללא גלטן,גרמים,250.00,100 גרם,false,,12.90,0.0516,true,1,47776
8009915004150,false,ביסקוויט מקמח תירס שוקולד אגוזים 250 גר,מולינו דה פירו,IT,ביסקוויט מקמח תירס ש,גרמים,250.00,100 גרם,false,,16.90,0.0676,true,1,93871
8009915008905,false,מיני גריסיני ללא גלוטן עם שמן זית250 גרם,מולינו דה פירו,IT,מיני גריסיני ללא גלו,גרמים,250.00,100 גרם,false,,15.90,0.0636,true,1,88565
8009915008912,false,מיני גריסיני ל.גלוטן זרעי ציה שומשום 250,מולינו דה פירו,,מיני גריסיני ללא גלו,גרמים,250.00,100 גרם,false,,15.90,0.0636,true,1,88718
8010024006010,false,השקד – 100% חמאת שקדים 350 גרם,תות תעשיות מזון (201,IT,ממרח חמאת שקדים 350,גרמים,350.00,100 גרם,false,,37.90,0.1083,true,1,88123
8011033011279,false,קוסקוס אמיתי 1 קג מר,אמירה,IT,"קוסקוס מראקש 1 ק""ג",קילוגרמים,1.00,"ק""ג",false,,11.90,11.9000,true,1,47260
8013399145278,false,דיאטורל סוכריות סטיביה ליקוריץ רך 70 גרם,קלואטה איטליה,IT,סוכריות דיטורל ליקור,גרמים,70.00,100 גרם,false,,10.00,0.1429,true,1,53539
8013656001330,false,דלי משפך איכותי אובלי,,IL,דלי משפך אובלי איכות,יחידה,0.00,יחידה,false,,13.90,0.0000,true,1,92627
8014601012456,false,קמח נובולה קאפוטו 1,קאפוטו,IT,קמח נובולה,קילוגרמים,1.00,"ק""ג",false,,15.90,15.9000,true,1,105172
8014601026354,false,"קמח ""00"" איטלקי לפיצה שף אדום 1 ק""ג",אנטימו קפוטו אס.אר.אל,IT,קמח פיצה שף (אדום),קילוגרמים,1.00,"ק""ג",false,,13.90,13.9000,true,1,77528
8014601028747,false,קמח 00 איטלקי כחול 1 קג CAPUTO,אנטימו קפוטו אס.אר.אל,IT,קמח אקסטרה לכל מטרה,קילוגרמים,1.00,"ק""ג",false,,11.50,11.5000,true,1,105173
8014601999870,false,"קמח סמולינה דורום 1 ק""ג",אנטימו קפוטו אס.אר.אל,IT,קמח סמולינה בטחינה כ,קילוגרמים,1.00,"ק""ג",false,,13.90,13.9000,true,1,76606
8015912504739,false,מעדן פטה לחתול טונה,,,מעדן פטה לחתול טונה,גרמים,100.00,100 גרם,false,,6.00,0.0600,true,1,143072
8016867002646,false,מגן תחתון אורגניק ארוך במיוחד 20 יח,CORMAN,IT,מגן תחתון ארוך במיוח,יחידה,0.00,יחידה,false,,21.90,0.0000,true,1,56219
8016867007399,false,טמפון קומפקט סופר פל,,,טמפון קומפקט סופר פל,יחידה,0.00,יחידה,false,,36.90,0.0000,true,1,102869
8016867008860,false,מגבונים אינטימיים מכ,,IL,מגבונים אינטימיים מכ,יחידה,0.00,יחידה,false,,24.90,0.0000,true,1,143866
8016867009508,false,כותוני תחבושת דקה עם,,,כותוני תחבושת דקה עם,יחידה,0.00,יחידה,false,,23.90,0.0000,true,1,107181
8016867009935,false,תחבושות דקות 03 לזרימה מוגברת אורגניק,corman,IT,תחבושות דקות לזרימה,יחידה,0.00,יחידה,false,,29.90,0.0000,true,1,56228
8016867009942,false,תחבושות דקות 02 לזרימה רגילה אורגניק,corman,IT,תחבושות דקות לזרימה,יחידה,0.00,יחידה,false,,29.90,0.0000,true,1,56229
8016867009959,false,מגן תחתון באריזה אישית אורגניק,CORMAN,,מגן תחתון 24 יח',יחידה,0.00,יחידה,false,,25.90,0.0000,true,1,75222
8016867015080,false,מגן תחתון תפזורת 48,,,מגן תחתון תפזורת 48,יחידה,0.00,יחידה,false,,35.90,0.0000,true,1,143708
8017938005122,false,"נטורפוד חומץ תפוחים אורגני 750 מ""ל",מריה לוצ'יה מלצ'יורי,IT,חומץ תפוחים אורגני,ליטרים,1.00,ליטר,false,,17.90,17.9000,true,1,81129
8017938005764,false,נטורפוד-מיץ תפוחים 100% אורגני 1 ליטר,לוצ'ה מריה,IT,נטור פוד-מיץ תפוחים,ליטרים,1.00,ליטר,false,,19.90,19.9000,true,1,49878
8019428000037,false,משקה אורז אורגני בטעם וניל 1 ליטר,,,משקה אורז אורגני וני,ליטרים,1.00,ליטר,false,,11.90,11.9000,true,1,88882
8019428000099,false,משקה אורז אורגני בתוספת שקדים 1 ליטר,,,חלב אורז אורגני ושקד,ליטרים,1.00,ליטר,false,,11.90,11.9000,true,1,81539
8019428004059,false,"משקה אורז אורגני 250 מ""ל",,,משקה אורז אורגני 25,מיליליטרים,250.00,"100 מ""ל",false,,4.90,0.0196,true,1,93759
8019428004066,false,"משקה אורז שקדים אורגני 250 מ""ל",,,משקה אורז אורגני שקד,מיליליטרים,250.00,"100 מ""ל",false,,4.90,0.0196,true,1,90529
8019428005001,false,שמנת אורגנית לבישול על בסיס ש.שועל 240 מ,,,תחליף שמנת לבישול על,מיליליטרים,200.00,"100 מ""ל",false,,6.50,0.0325,true,1,93757
8019428005025,false,תחליף שמנת עב קוקוס 200 גרם,,IT,תחליף שמנת על בסיס ק,מיליליטרים,200.00,"100 מ""ל",false,,6.50,0.0325,true,1,105898
8019428005032,false,תחליף שמנת עב סויה אורגני 200 גרם,,IT,תחליף שמנת על בסיס ס,מיליליטרים,200.00,"100 מ""ל",false,,6.50,0.0325,true,1,105899
8019428007005,false,משקה סויה אורגני 1 ליטר,the bridge,IT,משקה סויה אורגני 1 ל,ליטרים,1.00,ליטר,false,,10.90,10.9000,true,1,88264
8019428007098,false,משקה אורז אורגני בתוספת אגוזי לוז 1 ליטר,,,משקה אורז אורגני אגו,ליטרים,1.00,ליטר,false,,12.90,12.9000,true,1,92258
8019428007111,false,משקה שקדים אורגני 1 ליטר,THE BRIDGE,,משקה שקדים אורגני 1,ליטרים,1.00,ליטר,false,,19.90,19.9000,true,1,82083
8019428007135,false,משקה סויה אורגני בטעם וניל 1 ליטר,,,משקה סויה אורגני וני,ליטרים,1.00,ליטר,false,,10.90,10.9000,true,1,89328
8019428007289,false,משקה שקדים אורגני 3% ללא תוספת סוכר 1 ליטר,,,משקה שקדים אורגני 3%,ליטרים,1.00,ליטר,false,,14.90,14.9000,true,1,89542
8019428007296,false,משקה שיבולת שועל אורגני ללא גלוטן 1 ליטר,,,משקה שיבולת שועל אור,ליטרים,1.00,ליטר,false,,12.90,12.9000,true,1,90531
8019428007647,false,משקה סויה בריסטה אורגני 1 ליטר,,,משקה סויה בריסטה אור,ליטרים,1.00,ליטר,false,,11.50,11.5000,true,1,143606
8021423011499,false,רבעי ארטישוק על הגריל בשמן חמניות 510 ג' (12),אהלרומנה,,רבעי ארטישוק על הגרי,גרמים,310.00,100 גרם,false,,32.90,0.1061,true,1,84189
8022470213423,false,דרגיה לוז מריר 500 גר PRISCO MAX,ITALIANA CONFETTI-PR,,דרג'ה אגוזי לוז בשוק,גרמים,500.00,100 גרם,false,,28.90,0.0578,true,1,82585
8023492000237,false,סטיק נוגט טורונה שקד,די.גי 3 דולצאריה ס.ר,IT,סטיק נוגט טורונה עם,גרמים,150.00,100 גרם,false,,11.90,0.0793,true,1,106172
8023678161363,false,משקה שיבולת שועל טבעי אורגני 1ליטר ISOLA,איזולה ביו Isola Bio,IT,חלב שיבולת שועל,ליטרים,1.00,ליטר,false,,12.50,12.5000,true,1,37261
8023678162360,false,משקה שקדים טבעי אורגני 1ליטר ISOLA,אבא פודס אס. אר. אל,IT,משקה שקדים טבעי אורג,ליטרים,1.00,ליטר,false,,15.90,15.9000,true,1,76254
8023678728290,false,משקה איזולה סויה בריסטה 1 ליטר,,IT,משקה סויה בריסטה אור,ליטרים,1.00,ליטר,false,,9.90,9.9000,true,1,144590
8024985000062,false,נטורה נובה מחית תפוח אורגנית 100% פרי 200 גרם,"נטורפוד בע""מ",IT,נטורה -מחית תפוח עץ,גרמים,200.00,100 גרם,false,,8.90,0.0445,true,1,90357
8024985000079,false,מחית תפוח משמש 100% פרי 200 ג נטורה נובה,נטורה נובה,IT,"רסק תפו""ע משמש אורגנ",גרמים,200.00,100 גרם,false,,8.90,0.0445,true,1,92437
8024985000086,false,מחית תפוח בננה 100% פרי 200 ג נטורה נובה,"נטורפוד בע""מ",IT,נטורה- מחית תפוח בננ,גרמים,200.00,100 גרם,false,,8.90,0.0445,true,1,90358
8024985000109,false,מחית אגס אורגנ 100% פרי 200 ג נטורה נובה,נטורה נובה,IT,נטורה-מחית אגס,גרמים,200.00,100 גרם,false,,8.90,0.0445,true,1,90359
8024985000116,false,נטורה נובה - מחית תפוח אוכמניות אורגנית 100% פרי,"נטורפוד בע""מ",IT,נטורה- מחית תפוח אוכ,גרמים,200.00,100 גרם,false,,8.90,0.0445,true,1,90361
8024985002783,false,סמוזי נטורה נובה גזר ודלעת 100 גרם,נטורה נובה Natura Nuova,IT,סמוצ'י תפוח גזר ודלע,גרמים,100.00,100 גרם,false,,5.00,0.0500,true,1,90352
8024985002912,false,סמוזי אגס בטטה 100 גר נטורה נובה,נטורה נובה,IT,סמוצ'י תפוח אגס בטטה,גרמים,100.00,100 גרם,false,,5.00,0.0500,true,1,93302
8024985002943,false,סמוזי נטורה נובה תפוח אננס קוקוס 100 גרם,נטורה נובה,IT,סמוזי אננס קוקוס אור,גרמים,100.00,100 גרם,false,,5.00,0.0500,true,1,98326
8024985002950,false,נטורה נובה-סמוזי שזיף אורגני 100 גרם,נטורה נובה,IT,סמוזי שזיף אורגני 10,גרמים,100.00,100 גרם,false,,5.00,0.0500,true,1,97911
8024985002967,false,סמוזי נטורה נובה בננה תרד 100 גרם,נטורה נובה,IT,סמוזי בננה תרד אורגנ,גרמים,100.00,100 גרם,false,,5.00,0.0500,true,1,98327
8024985003988,false,נטורה נובה סמוזי תפוח בננה 100 גרם,נטורה נובה Natura Nuova,IT,מחית תפוחים ובננה 10,גרמים,100.00,100 גרם,false,,5.00,0.0500,true,1,77841
8024985005234,false,סמוזי נטורה נובה סמוצי תפוח מנגו 100 גרם,נטורה נובה,IT,סמוצ'י אפרסק ומנגו א,גרמים,100.00,100 גרם,false,,5.00,0.0500,true,1,84582
8024985005296,false,סמוזי אגס בננה תפוח וקינואה אורגני,נטורה נובה,IT,סמוצ'י אגס בננה תפוח,גרמים,120.00,100 גרם,false,,6.20,0.0517,true,1,88169
8024985005302,false,סמוזי תפוח רימון פטל אוכמנויות ואסאי אורגני,נטורה נובה,IT,סמוצ'י תפוח רימון פט,גרמים,120.00,100 גרם,false,,6.20,0.0517,true,1,88170
8024985008037,false,סמוזי נטורה נובה סמוצי תפוח 100 גרם,"נטורפוד בע""מ",IT,סמוצ'י תפוחים אורגני,גרמים,100.00,100 גרם,false,,5.00,0.0500,true,1,57342
8024985008044,false,נטורה משקה סמודי אגסים אורגני 100 גר,"נטורפוד בע""מ",IT,מחית אגסים אורגני 10,גרמים,100.00,100 גרם,false,,5.00,0.0500,true,1,57529
8024985008051,false,נטורה סמודי פירות אדומים אורגניים 100מל,נטורה נובה Natura Nuova,IT,סמוצ'י פירות אדומים,גרמים,100.00,100 גרם,false,,5.00,0.0500,true,1,57343
8024985011204,false,נטורה נובה-סמוזי תפוח תות בננה 100 גרם,נטורה נובה,IT,נטורה נובה סמוזי תפו,גרמים,100.00,100 גרם,false,,5.00,0.0500,true,1,108047
8028048270577,false,פולי קפה סאן ג'וסטו,,,פולי קפה סאן ג'וסטו,גרמים,500.00,100 גרם,false,,49.90,0.0998,true,1,145245
8028695004013,false,ארטישוק אלה רומנה בש,ITALCARCIOFI,,"ארטישוק ""אלה-רומאנה""",גרמים,530.00,100 גרם,false,,31.90,0.0602,true,1,82853
8028695200231,false,רבעי ארטישוק בשמן חמניות 530 ג' ITALCARCIOFI,ITALCARCIOFI,,רבעי ארטישוק מתובלים,גרמים,530.00,100 גרם,false,,22.90,0.0432,true,1,91304
8032523530452,false,ממרח פיסטוק פיסטי אי,פיסטי,IT,ממרח פיסטוק 200 גר',גרמים,200.00,100 גרם,false,,31.90,0.1595,true,1,107010
8032793344292,false,עגבניות חתוכות דק בבקבוק 700ג,קונסוריזיו קאסאלסקו דל פ,IT,עגבניות חתוכות דק בב,מיליליטרים,700.00,"100 מ""ל",false,,11.90,0.0170,true,1,104216
8032793344520,false,תרכיז עגבניות רסק עגבניות מרוכז מאוד,קונסוריזיו דל פרומוד,IT,רסק עגבניות מרוכז מא,גרמים,200.00,100 גרם,false,,9.40,0.0470,true,1,103781
8032804430501,false,פליסיה פסטה פוזילי אפונה אורגני 250 גרם,אף.סי תבליני בגליל ב,IT,פליסיה פוזילי אפונה,גרמים,250.00,100 גרם,false,,13.50,0.0540,true,1,95493
8032804430761,false,לזניה עדשים צהובות פליסיה 250 גרם,אף.סי תבליני בגליל ב,IT,לזניה עדשים צהובות א,גרמים,250.00,100 גרם,false,,17.50,0.0700,true,1,96336
8032804431287,false,פליסיה קופסא - ספגטי אורז מלא אורגני 400 גרם,פליסיה Felicia Bio,IT,פליסיה ספגטי אורז מל,גרמים,400.00,100 גרם,false,,13.90,0.0348,true,1,96343
8032804432024,false,דפי לזניה אורז-תירס אורגנית ללא גלוטן,מולינו אנדריאני,IT,פליסיה דפי לזניה אור,גרמים,250.00,100 גרם,false,,17.90,0.0716,true,1,80983
8032804435636,false,אטריות פוזילי אורגניות 4 דגנים ללא גלוטן,פליסיה Felicia Bio,IT,פסיליה קופסא פוזילי,גרמים,340.00,100 גרם,false,,12.90,0.0379,true,1,96590
8032804435643,false,פליסיה קופסה-פוזילי אורז מלא אורגני 340 גרם,פליסיה Felicia Bio,,פליסיה קופסא פוזילי,גרמים,340.00,100 גרם,false,,12.90,0.0379,true,1,100472
8032817240319,false,אגרומנטה רוטב עגבניות שרי,מנורה,IT,רוטב עגבניות שרי 330,גרמים,330.00,100 גרם,false,,11.90,0.0361,true,1,89265
8033020445973,false,"PIVETTI קמח 00 לכל מטרה 1 ק""ג",פיווטי Pivetti,IT,"קמח 1 ק""ג רב תכליתי",קילוגרמים,1.00,"ק""ג",false,,8.00,8.0000,true,1,96126
8033020445997,false,"קמח איטלקי ללחמים 1 ק""ג 0 PIVETTI",PIVETTI,IT,קמח איטלקי ללחמים 1,קילוגרמים,1.00,"ק""ג",false,,11.50,11.5000,true,1,96440
8033020446000,false,"קמח איטלקי לפיצה ופוקצה 1 ק""ג 00 PIVETTI",פיווטי Pivetti,IT,קמח לפיצה ופוקצ'ה,קילוגרמים,1.00,"ק""ג",false,,10.90,10.9000,true,1,96183
8033087771374,false,"ניוקי תפ""א 500 גר",,,"ניוקי תפ""א 500 גר",גרמים,500.00,100 גרם,false,,8.90,0.0178,true,1,84585
8033275524294,false,"מונטארו אורבייטו, 750 מ""ל",,,מונטארו אורבייטו,מיליליטרים,750.00,"100 מ""ל",false,,55.00,0.0733,true,1,143991
8034023209272,false,ארטישוק א-לה רומנה בשמן חמניות 510 ג' (12),אהלרומנה,,"ארטישוק ""אל-לה רומנה",גרמים,510.00,100 גרם,false,,32.90,0.0645,true,1,55681
8052440756216,false,שמן חמניות אורגני כבישה קרה 1 ליטר,תות תעשיות מזון (201,IT,שמן חמניות אורגני,מיליליטרים,1000.00,"100 מ""ל",false,,31.90,0.0319,true,1,95512
8052440756315,false,שמן קנולה אורגני 1 ליטר נטורפוד,תות תעשיות מזון (201,IT,שמן קנולה אורגני,מיליליטרים,1000.00,"100 מ""ל",false,,31.90,0.0319,true,1,95513
8076800195019,false,ברילה - צ.א ספגטי מס1 קפליני 500 גרם,ברילה גי.אי.אר פרטלי ס.פ,IT,ספגטי מס'1 קפליני.,גרמים,500.00,100 גרם,false,,6.90,0.0138,false,1,8367
8076800195033,false,ברילה - צ.א ספגטיני מס3 חדש 500 גרם,ברילה גי.אי.אר פרטלי ס.פ,IT,ברילה ספגטיני.,גרמים,500.00,100 גרם,false,,6.90,0.0138,false,1,8368
8076800195057,false,ברילה - צ.א ספגטי מס5 חדש 500 גרם,ברילה גי.אי.אר פרטלי ס.פ,IT,ספגטיני ברילה 5.,גרמים,500.00,100 גרם,false,,6.90,0.0138,false,1,8369
8076800195132,false,ברילה - צ.א בבטה מס13 500 גרם,ברילה גי.אי.אר פרטלי ס.פ,IT,ברילה איטריות בבטה מ,גרמים,500.00,100 גרם,false,,6.90,0.0138,false,1,8370
8076800315097,false,פסטה מקרוני בוקטיני מספר 9 ברילה 500 גרם,ברילה גי.אי.אר פרטלי ס.פ,IT,ברילה בוקטיני מס' 9,גרמים,500.00,100 גרם,false,,6.90,0.0138,false,1,8371
8076802085738,false,ברילה צ.ק פנה רגטה מס' 73 500 גרם,ברילה גי.אי.אר פרטלי ס.פ,IT,ברילה פנה רגטה מס' 7,גרמים,500.00,100 גרם,false,,6.90,0.0138,false,1,8374
8076802085837,false,ברילה - צ.ק טורטליוני מס83 500 גרם,הנסיך- מפעל לייצור ט,IT,ברילה טורטליוני מס',גרמים,500.00,100 גרם,false,,6.90,0.0138,false,1,8375
8076802085936,false,ברילה פסטה צ.ק. קונצילה ריגטה חדש,ברילה גי.אי.אר פרטלי ס.פ,IT,ברילה קונציליאה ריגא,גרמים,500.00,100 גרם,false,,6.90,0.0138,false,1,8378
8076802085981,false,ברילה - צ.ק פוזילי חדש 500 גרם,ברילה גי.אי.אר פרטלי ס.פ,IT,פוסילי ברילה 98.,גרמים,500.00,100 גרם,false,,6.90,0.0138,false,1,8379
8076808050440,false,פסטה מקרוני מספר 44 ברילה 500 גרם,ברילה Barilla,IT,ברילה פליני מס' 44.,גרמים,500.00,100 גרם,false,,6.90,0.0138,false,1,8381
8076808060654,false,פסטה פרפלה מספר 65 ברילה 500 גרם,ברילה גי.אי.אר פרטלי ס.פ,IT,ברילה פרפלה.,גרמים,500.00,100 גרם,false,,6.90,0.0138,false,1,8382
8076808070882,false,פסטה ברילה קנלוני מס'88 250ג',פאסטיפיקו ריגו אס.אר,IT,קנלוני ברילה,גרמים,500.00,100 גרם,false,,13.90,0.0278,true,1,8383
8076808150072,false,ברילה - צ.א ספגטוני מס7 חדש 500 גרם,ברילה גי.אי.אר פרטלי ס.פ,IT,ברילה ספגטי מס' 7.,גרמים,500.00,100 גרם,false,,6.90,0.0138,false,1,8384
8076809501415,false,ברילה קנלוני/פנה 500 ג' מצה פנה טרקולור 500 גרם,"ש. שסטוביץ בע""\מ",IT,פסטה פנה טריקולור,גרמים,500.00,100 גרם,false,,13.90,0.0278,true,1,8385
8076809512268,false,פסטה גירנדולה טורסדס מספר 34 ברילה 500 גרם,ברילה גי.אי.אר פרטלי ס.פ,IT,ברילה גירנדולה מס' 3,גרמים,500.00,100 גרם,false,,6.90,0.0138,false,1,8386
8076809513388,false,רוטב לפסטה ארביאטה ברילה 400 גרם,ברילה גי.אי.אר פרטלי ס.פ,IT,ברילה רוטב ארביאטה,גרמים,400.00,100 גרם,false,,13.90,0.0348,false,1,8387
8076809513395,false,ברילה פומודורו רוטב עגבניות קלאסי 400 גר,ברילה גי.אי.אר פרטלי ס.פ,IT,ברילה רוטב פומודורו,גרמים,400.00,100 גרם,false,,13.90,0.0348,true,1,8388
8076809513654,false,בסיס רוטב עגבניות לבולונז ברילה 400 גרם,ברילה גי.אי.אר פרטלי ס.פ,IT,רוטב ברילה בסיס לבול,גרמים,400.00,100 גרם,false,,13.90,0.0348,true,1,8389
8076809513692,false,רוטב עגבניות נפולטנה בתוספת ירקות,ברילה גי.אי.אר פרטלי ס.פ,IT,ברילה רוטב נפוליטנה,גרמים,400.00,100 גרם,false,,13.90,0.0348,true,1,8390
8076809513739,false,ברילה רוטב עגבניות עם בזיליקום 400 גרם,ברילה גי.אי.אר פרטלי ס.פ,IT,רוטב בזיליקום ברילה,גרמים,400.00,100 גרם,false,,13.90,0.0348,true,1,20021
8076809514774,false,ברילה איטריות ביצים פפרדלה 250ג',ברילה גי.אי.אר פרטלי ס.פ,IT,ברילה איטריות פפרדל,גרמים,250.00,100 גרם,false,,17.90,0.0716,true,1,8392
8076809523561,false,רוטב עגבניות עם עשבי תיבול 400 ג' ברילה,ברילה גי.אי.אר פרטלי ס.פ,IT,רוטב פסטה ברילה בטעם,גרמים,400.00,100 גרם,false,,13.90,0.0348,true,1,32194
8076809523738,false,דפי לזניה ברילה 500 גרם,ברילה גי.אי.אר פרטלי ס.פ,IT,לזניה ברילה,גרמים,500.00,100 גרם,false,,19.90,0.0398,true,1,8401
8076809529419,false,ספגטי מחיטה מלאה מס' 5 500 ג' ברילה,ברילה גי. אי. אר פרט,IT,ספגטי ברילה מחיטה מל,גרמים,500.00,100 גרם,false,,13.90,0.0278,true,1,20459
8076809529433,false,פסטה פנה ריגטה חיטה מלאה ברילה 500 גרם,"ש. שסטוביץ בע""\מ",IT,ברילה פנה רגטה מחיטה,גרמים,500.00,100 גרם,false,,13.90,0.0278,true,1,20460
8076809545440,false,ברילה איטריות ללא גלוטן 400 גר,ברילה ג'.אי.אר פרטלי,IT,ברילה איטריות ללא גל,גרמים,400.00,100 גרם,false,,14.90,0.0373,false,1,78236
8076809545457,false,ברילה אטריות ללא גלוטן 400 ג' צינורות 400 ג',ברילה ג'.אי.אר פרטלי,IT,ברילה ללא גלוטן צינו,גרמים,400.00,100 גרם,false,,14.90,0.0373,true,1,78237
8076809545464,false,ברילה פסטה ללא גלוטן צורת ספירלי 400 גר,מולינו אנדריאני אס.א,IT,ברילה ללא גלוטן ספיר,גרמים,400.00,100 גרם,false,,14.90,0.0373,true,1,78238
8076809547956,false,ברילה - צ.ק קיפרי 500 גרם,ברילה ג'.אי.אר פרטלי,IT,ברילה צ.ק קיפרי 500,גרמים,500.00,100 גרם,false,,6.90,0.0138,true,1,101162
8076809576352,false,ברילה לזניה ללא גלוטן 250 גרם,ברילה גי.אי.אר פרטלי,IT,ברילה לזניה ללא גלוט,גרמים,250.00,100 גרם,false,,19.90,0.0796,true,1,107663
8076809578998,false,ברילה - צ.ק. סטלינה 500 גרם,ברילה גי. אי. אר פרטלי ס,IT,פסטה ברילה סטלינה,גרמים,500.00,100 גרם,false,,6.90,0.0138,true,1,107385
8076809580496,false,פסטה ברילה פפירי 450 גרם - מנצסטר,"ש.שסטוביץ בע""\מ",IT,פסטה פפירי ברילה,גרמים,450.00,100 גרם,false,,12.90,0.0287,true,1,141199
8121300206946,false,ממתיק סיטיביה טרוביה 80 שקיות אישיות,הרתסייד פוד,US,טרוביה סטיביה ממתיק,גרמים,80.00,100 גרם,false,,29.90,0.3737,true,1,99773
8121300207172,false,טרוביה- סטיביה תערובת סוכר קנים- 500ג',קספרס פאקאגעהג,US,טרוביה סטיביה תערובת,גרמים,500.00,100 גרם,false,,34.90,0.0698,true,1,99777
8358110076302,false,כוסות לחיים 40 יחידות,"איטיליאן פוד, אס.פי.",CN,"כוסות ליין ח""פ 40 יח",יחידה,0.00,יחידה,false,,6.50,0.0000,true,1,26456
8410001134833,false,זוג ספוגי ניקוי ללא שריטות שמזון אינו נלכד בתוכו,3m,US,זוג ספוגי ניקוי ללא,יחידה,0.00,יחידה,false,,12.90,0.0000,true,1,108735
8410001134888,false,זוג ספוגים עם ידית אחיזה לניקוי קשה שמזון אינו נלכד בתוכו,3m,US,זוג ספוגים עם ידית א,יחידה,0.00,יחידה,false,,12.90,0.0000,true,1,108738
8410001135304,false,סקוטש ברייט כרית ניקוי לכיריים מזכוכית,3m,US,סקוטש ברייט כרית ניק,יחידה,0.00,יחידה,false,,15.90,0.0000,true,1,108737
8410036806422,false,פרקשנט פרוסקו מבעבע,,,פרקשנט פרוסקו מבעבע,מיליליטרים,750.00,"100 מ""ל",false,,65.00,0.0867,true,1,102724
8410076600622,false,חטיפי גרנולה קראנצ'י עם שוקולד מריר נייצ'ר ואלי 210 גרם,ג'נרל מילס סאן אדריאן,ES,נייטשר ואלי חמישייה,גרמים,210.00,100 גרם,false,,19.00,0.0905,true,1,48674
8410076610379,false,"חטיף בוטנים, חלבון סויה ושוקולד מריר עם ציפוי בטעם שוקולד",סריילטו ספיין פודס,ES,נייטשר ואלי פרוטאין,גרמים,160.00,100 גרם,false,,22.90,0.1431,true,1,81254
8410076610386,false,נייטשר ואלי פרוטאין בוטנים עם ציפוי בטעם קרמל מלוח 160 ג',ג'\נרל מילס סאן אדריאן S,ES,חטיף נייטשר ואלי פרו,גרמים,160.00,100 גרם,false,,22.90,0.1431,true,1,81255
8410076610508,false,"חטיף שיבולת שועל מלאה עם בוטנים, שקדים ושוקולד מריר בציפוי בטעם שוקולד",נייצ'ר ואלי Nature Valley,ES,נייטשר ואלי צ'ואי בו,גרמים,150.00,100 גרם,false,,19.00,0.1267,true,1,84016
8410076621009,false,עוגות אישיות בטעם קרמל עם חתיכות בטעם קרמל מלוח,"גלאטס סירו בע""\מ",PT,חטיף פייבר 1 בטעם קר,גרמים,120.00,100 גרם,false,,14.90,0.1242,true,1,104967
8410076621047,false,עוגות אישיות בטעם שוקולד עם חתיכות בטעם שוקולד,"גלאטס סירו בע""\מ",ES,חטיפי פייבר 1 בראוני,גרמים,120.00,100 גרם,false,,14.90,0.1242,true,1,104872
8410104039134,false,"מנקה ומחדש מדיח כלים פיניש 250 מ""ל",הדקלאים אגודת שיתופי,PL,פיניש מנקה ומחדש,מיליליטרים,250.00,"100 מ""ל",false,,14.90,0.0596,true,1,14665
8410104045111,false,"פיניש מלח למדיח כלים 2ק""ג",רקיט בנקיזר,IL,פיניש מלח למדיח,קילוגרמים,2.00,"ק""ג",false,,14.90,7.4500,true,1,101251
8410104437268,false,מפיג ריח רגיל למדיח פיניש 1 יחידה,רקיט בנקיזר,HU,פיניש ציטרו פרש,גרמים,27.00,100 גרם,false,,14.90,0.5519,true,1,42581
8410104511340,false,ויט רצועות שעווה מוכנות לעור יבש 12 יחידות,רקיט בנקיזר צרפת,FR,ויט רצועות שעווה,יחידה,0.00,יחידה,false,,19.90,0.0000,true,1,14680
8410128768324,false,משקה סויה שקדים קרטונית1 ל' ויוה סוי,קלידאד פסקואל,ES,ויוה סוי שקדים קרטונ,ליטרים,1.00,ליטר,false,,12.90,12.9000,true,1,100771
8410128768355,false,ויוה סוי משקה סויה קלאסי קרטונית ליטר,קלידאד פסקואל,ES,ויוה סוי סויה קרטוני,ליטרים,1.00,ליטר,false,,11.90,11.9000,true,1,100772
8410179100043,false,שמן זית בורחס מעולה750מל,בורחס אגריקולטורל וא,ES,שמן זית בורחס מעולה7,יחידה,750.00,יחידה,false,,37.90,0.0505,true,1,32529
8410261151625,false,יין סנגריה גרסיה דון סימון אדום 1.5 ל,,,סנגריה גרסיה דון סימ,ליטרים,1.50,ליטר,false,,22.60,15.0667,true,1,47445
8410342004796,false,שוקולד מריר 85% ללא סוכר טוראס 100ג',צ'יקולטס טוארס,ES,טוראס שוקולד מריר 85,גרמים,100.00,100 גרם,false,,14.90,0.1490,true,1,99934
8410342004987,false,"טוראס-שוקולד מריר 52% קפה ללת""ס 100 גר",,ES,טוראס שוקולד מריר 72,גרמים,100.00,100 גרם,false,,14.90,0.1490,true,1,107305
8410342005595,false,טוראס שוקולד חלב ללא סוכר 75 גרם,,ES,טוראס שוקולד חלב ללא,גרמים,75.00,100 גרם,false,,8.50,0.1133,true,1,106110
8410342006585,false,"טוראס-שוקולד מריר 72% ללת""ס 75ג 1/12 (530)",,,טוראס שוקולד מריר 72,גרמים,75.00,100 גרם,false,,8.50,0.1133,true,1,103118
8410376029079,false,גולון רונדיטוס ביסקויט ללא תוספת סוכר 186 גר,GULLON,,ביסקוויט ללא סוכר מצ,יחידה,186.00,יחידה,false,,16.90,0.0909,true,1,45157
8410376037784,false,גולון ביסקויט סנדויץ שוקו ללא סוכר 250ג,תות תעשיות מזון (201,ES,גולון ביסקויט שוקו ל,גרמים,250.00,100 גרם,false,,13.50,0.0540,true,1,49770
8410376044393,false,גולון עוגיות ללא תוספת סוכר 125 ג',גולון,ES,גולון עוגיות סנדוויץ,גרמים,210.00,100 גרם,false,,18.90,0.0900,true,1,78717
8410376059380,false,גולון וופל וניל ללא תוספת סוכר 180 גרם,GULLON,ES,גולון וופל וניל ללא,גרמים,180.00,100 גרם,false,,15.90,0.0883,true,1,105529
8410376059397,false,גולון וופל שוקולד ללא תוספת סוכר 180 גרם,GULLON,ES,גולון וופל שוקולד לל,גרמים,200.00,100 גרם,false,,15.90,0.0795,true,1,106666
8410644611203,false,יין קאווה איבריקה לבן יבש Cava Iberica,יוסף מסאקס ס.ל.,ES,קאווה איבריקה לבן יב,מיליליטרים,750.00,"100 מ""ל",false,,26.90,0.0359,false,1,52112
8410644611210,false,יין קאווה איבריקה לבן חצי יבש Cava Iberica,יוסף מסאקס ס.ל.,ES,קאווה איבריקה לבן חצ,מיליליטרים,750.00,"100 מ""ל",false,,26.90,0.0359,false,1,52113
8410655000409,false,בירה סאן מיגל שישייה,SAN MIGUEL,,"בירה סאן מיגל 250 מ""",מיליליטרים,1500.00,"100 מ""ל",false,,32.90,0.0219,true,1,143671
8410655001147,false,בירה סאן מיגל 500 מל פחית,SAN MIGUEL,,בירה סאן מיגל פחית 5,מיליליטרים,500.00,"100 מ""ל",false,,9.00,0.0180,true,1,91965
8410655006555,false,"בירה סאן מיגל פרסקה 330 מ""ל מארז שישייה",,,בירה סאן מיגל פרסקה,מיליליטרים,1980.00,"100 מ""ל",false,,34.90,0.0176,true,1,102902
8410655006753,false,בירה סאן מיגל קלרה ר,,,בירה סאן מיגל קלרה ר,מיליליטרים,330.00,"100 מ""ל",false,,6.90,0.0209,true,1,102713
8411320105108,false,פילה אנשובי בשמן זית 95 גר ORTIZ צנצנת,אורטיז,ES,פילה אנשובי בשמן זית,גרמים,95.00,100 גרם,false,,43.90,0.4621,true,1,95640
8411320234006,false,נתחי טונה לבנה בשמן זית (פחית) 112 ג ORTIZ,אורטיז ORTIZ,ES,ORTIZ-טונה בשמן זית,גרמים,82.00,100 גרם,false,,18.90,0.2305,true,1,81726
8411320334027,false,אורטיז נתחי טונה צהובה בשמן זית (פחית) 1,אורטיז ORTIZ,ES,ORTIZ-טונה בשמן זית,גרמים,82.00,100 גרם,false,,13.90,0.1695,true,1,49766
8411320801000,false,סרדינים אורטיז בשמן,,,אורטיז-סרדינים בשמן,גרמים,140.00,100 גרם,false,,25.90,0.1850,true,1,56929
8411320801055,false,סרדינים בשמן זית (פחית) 140 ג ORTIZ,,,אורטיז-סרדינים בשמן,גרמים,100.00,100 גרם,false,,16.90,0.1690,true,1,56930
8420822130600,false,"ספריי סופר מסיר שומנים 750מ""ל יעקבי",קה לורדה,ES,סופר מסיר שומנים 750,מיליליטרים,750.00,"100 מ""ל",false,,14.90,0.0199,true,1,142714
8420822130624,false,"ספריי סופר מסיר כתמים 750מ""ל יעקבי",קה לורדה,ES,סופר מסיר כתמים 750,מיליליטרים,750.00,"100 מ""ל",false,,17.90,0.0239,true,1,142715
8423207000086,false,סלים דליס פירכיות או,,,סלים דליס פירכיות או,גרמים,130.40,100 גרם,false,,11.40,0.0874,true,1,77046
8423207206488,false,סלים דליס חטיף דגנים מצופה שוקולד חלב מרבה 6*20 גרם,אף.סי תבליני בגליל ב,ES,חטיף דגנים מלאים מצו,יחידה,0.00,יחידה,false,,10.90,0.0000,true,1,46445
8423207206495,false,סלים דליס חטיף דגנים מצופה שוקולד מריר מרבה 6*20 גרם,אף.סי תבליני בגליל ב,ES,חטיף דגנים מלאים מצו,יחידה,0.00,יחידה,false,,10.90,0.0000,true,1,46446
8423207206501,false,סלים דליס חטיף דגנים עם שוקולד חלב מרבה 6*13 גרם,סלים דליס Slim Delis,ES,מרבה סלים דליס חצי מ,יחידה,0.00,יחידה,false,,10.90,0.0000,true,1,46447
8423207207362,false,חטיפי סלים דליס שוקולד לבן מרבה 6 יחידות,ביסנצ'ורי אס.אל.יו,ES,חטיף דגנים שוקולד לב,יחידה,0.00,יחידה,false,,10.90,0.0000,true,1,53165
8423207208260,false,מרבה סלים דליס 125 ג' ללא גלוטן שוקולד חלב,ביסנצ'ורי אס.אל.יו,ES,סלים דליס שוקולד חלב,יחידה,0.00,יחידה,false,,10.90,0.0000,true,1,77521
8423207208680,false,חטיף דגנים שוקולד סלים דליס לילדים מרבה 6 יחידות,ביסנצ'ורי אס.אל.יו,ES,סלים דליס לילדים עם,יחידה,0.00,יחידה,false,,10.90,0.0000,true,1,78796
8423207208697,false,חטיפי סלים דליס לילדים שוקולד לבן מרבה 6 יחידות,ביסנצ'ורי אס.אל.יו,ES,סלים דליס לילדים עם,יחידה,0.00,יחידה,false,,10.90,0.0000,true,1,78797
8423207208703,false,חטיפי סלים דליס שוקולד מריר מרבה 6 יחידות,ביסנצ'ורי אס.אל.יו,ES,סלים דליס לילדים עם,יחידה,0.00,יחידה,false,,10.90,0.0000,true,1,78798
8423207208871,false,פריכיות תירס בטעם טבעי סלים דליס 130 גרם,סלים דליס Slim Delis,ES,פרכיות תירס בטעם טבע,גרמים,130.00,100 גרם,false,,9.90,0.0762,true,1,83126
8423207208888,false,פריכיות תירס בטעם עגבניות ועשבי תיבול סלים דליס 123 ג',סלים דליס Slim Delis,ES,פריכיות תירס בטעם עג,גרמים,123.50,100 גרם,false,,9.90,0.0802,true,1,82987
8423207208895,false,פריכיות תירס בטעם זיתים ועירית סלים דליס 123 ג',סלים דליס Slim Delis,ES,פריכיות תירס בטעם זי,גרמים,123.50,100 גרם,false,,9.90,0.0802,true,1,82988
8423207209885,false,מרבה חטיפי סלים דליס מהדורה מיוחדת שוקולד חלב,סלים דליס Slim Delis,ES,מרבה סלים דליס מהדור,גרמים,125.00,100 גרם,false,,10.90,0.0872,true,1,90044
8423207210287,false,מרבה סלים דליס שוקולד לבן בטעם יוגורט 120 ג',סלים דליס Slim Delis,ES,מרבה סלים דליס שוקול,גרמים,120.00,100 גרם,false,,10.90,0.0908,true,1,93376
8423207210928,false,חטיף דגנים מצופה שוקולד חלב ואגוזי לוז - 5 במארז,נוטרישן אנד סנטה קוב,ES,סלים דליס טופינג אגו,גרמים,90.00,100 גרם,false,,10.90,0.1211,true,1,102946
8423207210942,false,חטיף דגנים מצופה שוקולד לבן ופירות יער,נוטרישן אנד סנטה קוב,ES,סלים דליס טופינג פיר,גרמים,90.00,100 גרם,false,,10.90,0.1211,true,1,102948
8423371002312,false,בוטנים צילי סאליסול 150 גרם,סאליסול,ES,חטיף בוטנים עם צ'ילי,גרמים,350.00,100 גרם,false,,8.90,0.0254,true,1,142293
8423371002725,false,סאליסול- קוקטייל מיקס 100 גרם,גלוברנדס,ES,חטיף בוטנים ואגוזים,גרמים,100.00,100 גרם,false,,8.90,0.0890,true,1,102178
8423371005085,false,סאליסול- מיקס פיקנטי 100 גרם,גלוברנדס,ES,חטיף בוטנים ואגוזים,גרמים,100.00,100 גרם,false,,8.90,0.0890,true,1,102980
8423371007492,false,גרעיני חמניה סאליסול 140 גרם,Unknown,ES,חטיף גרעיני חמניה,גרמים,140.00,100 גרם,false,,8.90,0.0636,true,1,142294
8424842050016,false,צ'יפס בטעם כמהין 125 גרם רביו,רובין,FR,צ'יפס בטעם כמהין,גרמים,130.00,100 גרם,false,,12.90,0.0992,true,1,106905
8424842050030,false,צ'יפס בטעם מלח הימלאי 125 גרם רביו,רובין,FR,צ'יפס עם מלח הימלאי,גרמים,125.00,100 גרם,false,,12.90,0.1032,true,1,106903
8424842050085,false,צ'יפס בטעם חרדל ודבש 125 גרם רביו,רובין,FR,צ'יפס בטעם חרדל ודבש,גרמים,125.00,100 גרם,false,,12.90,0.1032,true,1,106904
8424842201340,false,צ'יפס בטעם מסורתי פרימיום 130 גרם רביו,,ES,צ'יפס מסורתי פרימיום,גרמים,130.00,100 גרם,false,,12.90,0.0992,true,1,106906
8425206000081,false,ריבת חלב מרדל 450 גרם,כלורוקס אוקלנד,ES,ריבת חלב 450 גר',גרמים,450.00,100 גרם,false,,21.90,0.0487,true,1,56376
8428818164172,false,מלח ים אטלנטי אפור ל,,,מלח ים אטלנטי אפור ל,קילוגרמים,1.00,"ק""ג",false,,14.90,14.9000,true,1,58283
8435495805199,false,"אבקת כביסה תינוקלין שקית 3 ק""ג.",מולינו ניקולי s.p.a,TR,"תינוקלין 3 ק""ג",קילוגרמים,3.00,"ק""ג",false,,43.90,14.6333,true,1,91872
8435495807605,false,תינוקלין מרכך כביסה היפואלרגני מרוכז 1 ליטר,מולינו ניקולי s.p.a,TR,תינוקלין מרכך כביסה,ליטרים,1.00,ליטר,false,,17.90,17.9000,false,1,94409
8435495807636,false,ג'ל כביסה היפואלרגני 2 ל' תינוקלין,פרוקטר אנד גמבל,TR,תינוקלין ג'ל כביסה 2,ליטרים,2.00,ליטר,false,,29.90,14.9500,true,1,95417
8435495819363,false,תינוקלין מרכך כביסה היפואלרגני 1 ליטר,פרוקטר אנד גמבל,TR,תינוקלין מרכך כביסה,ליטרים,1.00,ליטר,false,,17.90,17.9000,true,1,141444
8436036365073,false,אוכל לחתולים דאסטי מ,,,אוכל לחתולים דאסטי מ,קילוגרמים,4.00,"ק""ג",false,,59.90,14.9750,true,1,143207
8436575292205,false,ארטיק חמשושים מאגדת 15*12 גר',גלידות נסטלה )נגה גלידות,IL,מאגדת חמושושים,גרמים,220.00,100 גרם,false,,19.50,0.0886,true,1,96542
8437005209268,false,אזוביון שקיות לארון,,,אזוביון שקיות לארון,יחידה,0.00,יחידה,false,,19.90,0.0000,true,1,92287
8437018088072,false,שקיות לארון נגד עש,,,שקיות לארון נגד עש,יחידה,0.00,יחידה,false,,19.90,0.0000,true,1,105908
8445290046284,false,רד מאג נס קפה קלאסיק 220 גרם,נסטלה ספרד קפה,ES,נסקפה רד מאג,גרמים,220.00,100 גרם,false,,20.00,0.0909,false,1,144385
8445290427120,false,דגני פיטנס Fitness שוקולד מריר ובננה,נסטלה צרפת איטנקורט,FR,פיטנס שוקולד מריר וב,גרמים,330.00,100 גרם,false,,21.90,0.0664,false,1,145324
8606018615827,false,גלידת וניל עם שברי עוגיות אוראו 480 גרם,פרונרי סרביה,RS,גלידת וניל עם שברי ע,גרמים,480.00,100 גרם,false,,17.90,0.0373,true,1,143095
8606018615841,false,גלידה וניל עם ליבת שוקולד חלב מעולה 480 גרם,פרונרי סרביה,RS,גלידת וניל עם ליבת ש,גרמים,480.00,100 גרם,false,,17.90,0.0373,true,1,143096
8606109023593,false,"פרוויטה - מיץ תפוחי עץ ואגסים 750 מ""ל",פרובישקה,RS,פרוויטה מיץ תפוחי עץ,מיליליטרים,750.00,"100 מ""ל",false,,10.90,0.0145,true,1,107803
8606109023623,false,"פרוויטה - מיץ תפוחי עץ ולימון ליים 750 מ""ל",פרובישקה,RS,פרוויטה מיץ תפוח עץ,מיליליטרים,750.00,"100 מ""ל",false,,10.90,0.0145,true,1,107804
8606109023647,false,"פרוויטה - מיץ סלק ותפוחי עץ 750 מ""ל",פרובישקה,RS,פרוויטה מיץ סלק ותפו,מיליליטרים,750.00,"100 מ""ל",false,,10.90,0.0145,true,1,107805
8606109023722,false,"פרוויטה - מיץ תפוחי עץ ומשמשים 750 מ""ל",,RS,פרוויטה מיץ תפוחי עץ,מיליליטרים,750.00,"100 מ""ל",false,,10.90,0.0145,true,1,107925
8680244923727,false,pakel.רחת לוקום צבעוני 350 גרם,,,רחת לוקום בטעם פירות,גרמים,350.00,100 גרם,false,,17.90,0.0511,true,1,143517
8683130008935,false,"הלמנס קטשיונז 425 גר{הרב רלב""ג}",יוניליוור ישראל שיוו,TR,הלמנס קטשיונז 425 גר,גרמים,425.00,100 גרם,false,,12.90,0.0304,true,1,142709
8683130012666,false,שלגון מגנום דאבל לבן עוגיות 72 גרם,"מיוצר ע""\י יונילוור סנאי",TR,שלגון מגנום דאבל לבן,גרמים,74.00,100 גרם,false,,11.00,0.1486,true,1,144179
8690504081913,false,מקוויטיס טינס מצופה שוקולד חלב 150 גרם,"אולקר ביסקווי סנאי,",TR,מיקוויטיס ביסקוויטים,גרמים,150.00,100 גרם,false,,10.00,0.0667,true,1,91624
8690504081920,false,מקוויטיס טינס מצופה שוקולד מריר 150 גרם,"אולקר ביסקווי סנאי, א.ס.",TR,טינס מצופה שוקולד מר,גרמים,150.00,100 גרם,false,,10.00,0.0667,true,1,91791
8690504153740,false,גודייבה שוקולד מריר במילוי קרם גנאש 86 גרם,ביסקוט ביסקווי סילבר,TR,שוקולד מריר עם גאנש,גרמים,86.00,100 גרם,false,,13.90,0.1616,true,1,92524
8690504153849,false,גודייבה שוקולד חלב במילוי קרם בטעם פרלין אגוזים 83 גרם,"אולקר מקבוצת פלאדיס,",TR,שוקולד חלב קרם אגוזי,גרמים,83.00,100 גרם,false,,13.90,0.1675,true,1,92525
8690504156543,false,טבלת שוקלד חלב ממולא בקרם גנאש שוקולד חלב 88 גר',ביסקוט ביסקווי סילברי,TR,גודייבה שוקולד חלב מ,גרמים,88.00,100 גרם,false,,13.90,0.1580,true,1,104497
8690637007705,false,מסטיגם וניל מסטיק על מקל ללא סוכר,"מיוצר ע""י יוניליוור",TR,מסטיגם,גרמים,80.00,100 גרם,false,,6.50,0.0813,true,1,94844
8690637073373,false,תה שחור ברגמוט ארל גריי ליפטון 25 יחידות,יונילוור - תורכיה,TR,תה ארל גריי סרוויס 2,גרמים,50.00,100 גרם,false,,8.90,0.1780,true,1,29212
8690637073434,false,תה ליפטון ארל גריי 100 שקיקים,ליפטון Lipton,,תה ארל גריי ליפטון 1,גרמים,200.00,100 גרם,false,,27.90,0.1395,true,1,29213
8690637503856,false,ממרח הלמנס כ- 40% פחות שומן לעומת מיונז,אפפילד איסטנבול ייצור מז,TR,ממרח הלמנס לחיץ 355,גרמים,355.00,100 גרם,false,,12.90,0.0363,false,1,105013
8690637505607,false,בדין אקסטרה מרכך כביסה בניחוח פינוק כחול,יוניליוור סנאיי וי טיקאר,TR,בדין אקסטרה פינוק קל,מיליליטרים,960.00,"100 מ""ל",false,,14.90,0.0155,false,1,108473
8690637555084,false,"מרכך כביסה מרוכז אקסטרה פריחת התפוז בדין 960 מ""ל",יוניליוור סנאיי וי טיקאר,TR,בדין אקסטרא לבן 960מ,מיליליטרים,960.00,"100 מ""ל",false,,14.90,0.0155,false,1,35200
8690637688195,false,"תה ירוק קלאסי ליפטון 20 יחידות בד""צ",יונילוור - תורכיה,TR,תה ירוק קלאסי ליפטון,יחידה,0.00,יחידה,false,,14.90,0.0000,true,1,56372
8690637704277,false,"שמפו ומרכך לשיער רגיל 600 מ""ל דאב",יוניליוור טורקיה. אזור ת,TR,דאב שמפו יום יומי 2-,מיליליטרים,600.00,"100 מ""ל",false,,15.90,0.0265,false,1,58397
8690637704376,false,"שמפו לטיפוח יום יומי דאב 600 מ""ל",יוניליוור סנאיי וי טיקאר,TR,דאב שמפו יום יומי 60,מיליליטרים,600.00,"100 מ""ל",false,,15.90,0.0265,false,1,58399
8690637704390,false,"מרכך שיער לטיפוח יום יומי דאב 600 מ""ל",יוניליוור טורקיה. אזור ת,TR,דאב מרכך יום יומי 60,מיליליטרים,600.00,"100 מ""ל",false,,15.90,0.0265,false,1,58537
8690637704413,false,מרכך לשיקום אינטנסיבי לשיער פגום,יוניליוור טורקיה. אזור ת,TR,"דאב מרכך משקם 600 מ""",מיליליטרים,600.00,"100 מ""ל",false,,15.90,0.0265,false,1,58545
8690637704437,false,שמפו עם שמני הזנה לטיפוח לשיער יבש,יוניליוור סנאיי וי טיקאר,TR,דאב שמפו שמני הזנה 6,מיליליטרים,600.00,"100 מ""ל",false,,15.90,0.0265,false,1,58400
8690637704451,false,מרכך עם שמני הזנה לטיפוח לשיער יבש,יוניליוור טורקיה. אזור ת,TR,דאב מרכך שמני הזנה 6,מיליליטרים,600.00,"100 מ""ל",false,,15.90,0.0265,false,1,58546
8690637799594,false,ליפטון תה ירוק נענע בסגנון מרוקאי 20 שק,בסן בסין סנאיי וי טי,TR,תה ירוק נענע בסגנון,גרמים,36.00,100 גרם,false,,14.90,0.4139,true,1,83104
8690637835643,false,ליפטון תה ירוק לואיזה ולימונית 30 גרם,יונילוור - תורכיה,TR,תה ירוק לואיזה ולימו,גרמים,30.00,100 גרם,false,,14.90,0.4967,true,1,88122
8690637842382,false,מגנום דאבל פרי יער שטראוס 82 גר,"מיוצר ע""\י יונילוור סנאי",TR,מגנום דאבל פרי יער,יחידה,0.00,יחידה,false,,11.00,0.0000,true,1,90926
8690637842399,false,מאגדת מגנום מיני דאבל פרי יער שוקולד 6 יח' נסטלה,יוניליוור סנאי וי סי,TR,מאגדת מיני מגנום דאב,יחידה,0.00,יחידה,false,,32.90,0.0000,true,1,90927
8690637858734,false,גל לנ.כללי סיף אקונומיקה בנ.לימון 750 מל,יוניליוור ניקיון,IL,סיף ג'ל אקונומיקה לי,מיליליטרים,750.00,"100 מ""ל",false,,10.90,0.0145,true,1,92854
8690637871061,false,"דאב שמפו עם שמן אבוקדו ותמצית קלנדולה 600 מ""ל",יונילוור - תורכיה,TR,דאב שמפו עם שמן אבוק,מיליליטרים,600.00,"100 מ""ל",false,,15.90,0.0265,true,1,93659
8690637871108,false,הלמנ'ס ממרח חרדל 250 גרם,יוניליוור,TR,הלמנס חרדל 250 גר',גרמים,250.00,100 גרם,false,,12.90,0.0516,true,1,97688
8690637871245,false,הלמנס מיונז אמיתי 395 גר' בקבוק לחיץ.,"בסטפוד - 3P ארה""ב Fo",TR,הלמנס מיונז אמיתי לח,גרמים,395.00,100 גרם,false,,12.90,0.0327,true,1,96765
8690637890666,false,מאגדת מגנום מיני דאבל פיסטוק 6 יח' שטראוס,יוניליוור סנאיי וי ט,TR,מגנום דאבל פיסטוק מא,גרמים,282.00,100 גרם,false,,32.90,0.1167,true,1,95605
8690637916977,false,מרכך עם שמן קוקוס וכורכום למראה שיער משוקם,יוניליוור סנאיי וי טיקאר,TR,דאב מרכך קוקוס 600 מ,מיליליטרים,600.00,"100 מ""ל",false,,15.90,0.0265,false,1,97701
8690637946301,false,"בדין - מרכך כביסה אקסטרא בייביי כחול 960 מ""ל",יוניליוור סנאיי וי טיקאר,TR,בדין אקסטרא בייבי כח,מיליליטרים,960.00,"100 מ""ל",false,,14.90,0.0155,false,1,100998
8690637946318,false,"מרכך כביסה בדין מרוכז אקסטרה בייבי טלק 960 מ""ל",יוניליוור סנאיי וי טיקאר,TR,בדין אקסטרה בייבי צה,מיליליטרים,960.00,"100 מ""ל",false,,14.90,0.0155,false,1,103089
8690637971310,false,"מרכך כביסה מרוכז אקסטרה בניחוח יערת הדבש בדין 960 מ""ל",יוניליוור סנאיי וי טיקאר,TR,בדין אקסטרא יערת הדב,מיליליטרים,960.00,"100 מ""ל",false,,14.90,0.0155,false,1,104783
8690637976995,false,"מרכך כביסה מרוכז אקסטרה ורוד סחלבים פראי בדין 960 מ""ל",יוניליוור סנאיי וי טיקאר,TR,בדין אקסטרה ורוד 960,מיליליטרים,960.00,"100 מ""ל",false,,14.90,0.0155,false,1,104959
8690637989612,false,מאגדת מיני מגנום דולצה גולד 6 יח 246 גרם,יונילוור סנאיי וי טיג'\,TR,מגנום מיני דאבל דולצ,גרמים,246.00,100 גרם,false,,32.90,0.1337,true,1,106063
8690637989629,false,מגנום דאבל דולצ'ה גולד בטעם וניל עם ריפל בטעם שוקולד 246 גרם,יונילוור סנאיי וי טיג'\,TR,מגנום דאבל דולצ'ה גו,גרמים,63.00,100 גרם,false,,11.00,0.1746,true,1,106064
8690637997914,false,גלידת מגנום וניל שקדים בכוס אישית 76 גרם,יונילוור סנאיי וי טיג'\,TR,מגנום גלידת שמנת וני,גרמים,76.00,100 גרם,false,,8.90,0.1171,true,1,108812
8690637997921,false,גלידת שמנת וניל קלאסיק בכוס אישית 63 גרם,יונילוור סנאיי וי טיג'\,TR,מגנום גלידת שמנת וני,גרמים,81.00,100 גרם,false,,8.90,0.1099,true,1,108813
8690766156367,false,גודייבה שוקולד חלב מעולה 90 גרם,"אולקר מקבוצת פלאדיס,",TR,שוקולד חלב מעולה גוד,גרמים,90.00,100 גרם,false,,14.50,0.1611,true,1,102870
8690766156374,false,גודייבה שוקולד מריר מעולה 72% מוצקי קקאו 72גרם,"אולקר מקבוצת פלאדיס,",TR,שוקולד מריר 72% גודי,גרמים,90.00,100 גרם,false,,14.50,0.1611,true,1,102201
8690766156381,false,גודייבה שוקולד מריר 90% מוצקי קקאו 90 גרם,"אולקר מקבוצת פלאדיס,",TR,שוקולד מריר מעולה 90,גרמים,90.00,100 גרם,false,,14.50,0.1611,true,1,100999
8690766156398,false,"שוקולד חלב מעולה בתוספת שברי שקדים קלויים,דבש ומלח 90 גרם","אולקר מקבוצת פלאדיס, ציק",TR,שוקולד חלב מעולה בתו,גרמים,90.00,100 גרם,false,,14.50,0.1611,true,1,102197
8690766156411,false,שוקולד מריר מעולה בטעם פלפל ורוד עם חתיכות תות מסוכר 90 גרם,"אולקר מקבוצת פלאדיס,",TR,שוקולד גודייבה מריר,גרמים,90.00,100 גרם,false,,14.50,0.1611,true,1,101142
8690770322079,false,שמרים יבשים 450 גר' בראבו,הנמל,TR,שמרים יבשים 450 גר,גרמים,450.00,100 גרם,false,,12.90,0.0287,true,1,78161
8690777203012,false,פלפלים ירוקים כבושים לא חריפים סרה ויליפוד 600 גרם,יוליניבר,TR,SERA פלפלים ירוקים כ,גרמים,600.00,100 גרם,false,,10.90,0.0182,true,1,31577
8690777206051,false,חציל קלוי על האש סרה ויליפוד 650 גרם,קוראהן פזלרמה וי דיס,TR,SERA חציל קלוי על הא,גרמים,650.00,100 גרם,false,,10.90,0.0168,true,1,30581
8690777221405,false,פלפל אדום קלוי סרה ויליפוד 650 גרם,קוראהן פזלרמה וי דיס,TR,SERA פלפל אדום קלוי,גרמים,650.00,100 גרם,false,,10.90,0.0168,true,1,31178
8690784614665,false,סבון דאק לניקוי אסלה בניחוח ים נתלה,דאופלור אס.פי.אי כונ,PL,דאק סבון ניקוי אסלה,גרמים,38.60,100 גרם,false,,9.90,0.2565,true,1,92722
8690784711777,false,דאק סבון אקטיבי בתוספת אקונומיקה מקציפה בניחוח ים,דאופלור אס.פי.אי כונ,PL,דאק סבון אקטיבי לניק,יחידה,0.00,יחידה,false,,9.90,0.0000,true,1,97271
8693323099107,false,מרשמלו לבבות בטעם תות ווניל,ליימן שליסל,TR,יוגטה מרשמלו לבבות 1,גרמים,150.00,100 גרם,false,,8.50,0.0567,true,1,89277
8693495041461,false,קולגייט זוג מברשות שיניים סלים סופט פחם,הנסיך- מפעל לייצור ט,CN,קולגייט מברשת סלים ס,יחידה,0.00,יחידה,false,,24.90,0.0000,true,1,55606
8693495052177,false,פלמוליב נטורלס תחליב רחצה זיתים 750 מל,קולגייט פלמוליב,TR,פלמוליב זיתים 750 מ',מיליליטרים,750.00,"100 מ""ל",false,,19.90,0.0265,true,1,90039
8696219358579,false,"סט 3 קופסאות מרובעות 0.6 , 1.0 , 3.3 ליטר",,,סט 3 יח' קופסאות איח,יחידה,0.00,יחידה,false,,27.90,0.0000,true,1,143645
8696219361302,false,סט אחסון מלבן 3 יחיד,,,סט 3 יח' קופסאות איח,יחידה,0.00,יחידה,false,,27.90,0.0000,true,1,143644
8696219363726,false,סט 4 יח' קופסאות איח,IRAK PLASTIC,,סט 4 יח' קופסאות איח,יחידה,0.00,יחידה,false,,27.90,0.0000,true,1,143643
8697040109323,false,אסותא סבון מוצק להיגיינה,אטש סונמז כימיה,TR,סבון מוצק אסותא 100,גרמים,100.00,100 גרם,false,,5.90,0.0590,true,1,90418
8697420500375,false,מיץ תפוחים אורגני גרין פילד 1 ליטר,פרימור,TR,מיץ תפוחים אורגני 1,ליטרים,1.00,ליטר,false,,17.90,17.9000,true,1,38743
8697431460378,false,קונפיטורה 70% שזיף פרופה 450 גרם,פרוטנגו Fruitango,,קונפיטורה שזיפים,גרמים,450.00,100 גרם,false,,12.00,0.0267,true,1,52835
8697431921701,false,קונפיטורה תות שדה 70% פרי פרופה 454 גר',פרוטנגו Fruitango,,פרופה-קונפיטורה תות,גרמים,450.00,100 גרם,false,,12.00,0.0267,true,1,57034
8697431925143,false,קונפיטורה 70% פירות יער 450 ג' FRUPPA,פרוטנגו Fruitango,,קונפיטור 70% פרי-פיר,גרמים,450.00,100 גרם,false,,12.00,0.0267,true,1,57611
8697530910743,false,סיגריות פאל מאל כחול קצר מטאליק,Unknown,TR,פאל מאל כחול קצר מטא,יחידה,0.00,יחידה,false,,29.50,0.0000,false,1,26091
8697530910750,false,סיגריות פאל מאל כחול ארוך האוס,Unknown,TR,פאל מאל כחול ארוך מט,יחידה,0.00,יחידה,false,,29.50,0.0000,false,1,26051
8697530910781,false,סיגריות פאל מאל אדום מטאליק,גלוברנדס,TR,פאל מאל אדום מטאליק,יחידה,0.00,יחידה,false,,29.50,0.0000,false,1,26718
8697530910941,false,פאל מאל כחול קצר האוס עשירייה,Unknown,TR,פקט פאל מאל כחול קצר,יחידה,0.00,יחידה,false,,290.00,0.0000,false,1,27559
8697530911276,false,סיגריות קנט קצר חפיס,גלוברנדס,TR,קנט קצר,יחידה,0.00,יחידה,false,,37.00,0.0000,false,1,30579
8697659225186,false,"מטהר אוויר משב הכותנה יעקבי 250 מ""ל",כפרי בריא,TR,מטהר אוויר fresh&mor,מיליליטרים,250.00,"100 מ""ל",false,,9.90,0.0396,true,1,85787
8697659233631,false,"אל סבון נוזלי דיסני טום וגרי 400 מ""ל",,TR,אל סבון נוזלי טום וג,מיליליטרים,430.00,"100 מ""ל",false,,9.90,0.0230,true,1,143971
8697659238100,false,"מטהר אוויר פרש& מור הכוכב הסגול 400 מ""ל",יעקובי,TR,מטהר אוויר פרש מור ה,מיליליטרים,400.00,"100 מ""ל",false,,9.90,0.0248,true,1,99873
8697659238117,false,מטהר אוויר יעקובי פר,יעקובי,TR,מטהר אוויר פרש מור ה,מיליליטרים,400.00,"100 מ""ל",false,,9.90,0.0248,true,1,99874
8697659244842,false,שמפו דיסני סופרמן 600מל,,TR,"שמפו סופרמן 600 מ""ל",מיליליטרים,600.00,"100 מ""ל",false,,11.90,0.0198,true,1,143970
8699433690968,false,חומץ בלסמי קאסה די א,,,חומץ בלסמי קאסה די א,מיליליטרים,500.00,"100 מ""ל",false,,14.90,0.0298,true,1,144195
8699568532003,false,וולה פלקס ספריי לעיצוב שיער מגה עמיד 250,אינטרספריי,FR,וולה פלקס ספריי לעי,מיליליטרים,250.00,"100 מ""ל",false,,32.90,0.1316,true,1,105014
8699568532171,false,וולהפלקס ספריי חזק 75 מל,THEORAT INTERSPRAY,DE,וולה פלקס ספריי לשיע,מיליליטרים,75.00,"100 מ""ל",false,,8.90,0.1187,true,1,146280
8710447211052,false,טרזמה בוטניק שמפו להזנה ושיקום 400 מל,יוניליוור פולין,PL,טרזמה שמפו בוטניק 40,מיליליטרים,400.00,"100 מ""ל",false,,17.90,0.0447,true,1,95103
8710447224311,false,מרכך בוטניק בתוספת שמן קוקוס ואלוורה,יוניליוור פולין,PL,טרזמה מרכך בוטניק 40,מיליליטרים,400.00,"100 מ""ל",false,,17.90,0.0447,true,1,95104
8710447275313,false,דאב קרם ידיים שמן קוקוס וחלב שקדים,"יוניליוור פולין, רחוב קר",PL,דאב קרם ידיים קוקוס,מיליליטרים,75.00,"100 מ""ל",false,,11.50,0.1533,true,1,96961
8710447320662,false,דאודורנט ספריי בניחוח אפרסק ולימון ללא אלומיניום,"פרמול איטליה, קומון",GB,דאב ספריי אפרסק ללא,מיליליטרים,150.00,"100 מ""ל",false,,16.90,0.1127,true,1,101150
8710447331095,false,טרזמה בוטניק מסכה לשיער 300 מל,יוניליוור פולין,PL,טרזמה מסכה בוטניק 30,מיליליטרים,300.00,"100 מ""ל",false,,26.90,0.0897,true,1,95106
8710448636977,false,"קטשופ הולנדי מופחת סוכר ומלח 500 מ""ל",רמייה,NL,"קטשופ הולנדי 500 מ""ל",מיליליטרים,500.00,"100 מ""ל",false,,10.90,0.0218,true,1,144636
8710488190439,false,כרוב כבוש לבן מובחר 850 גרם,,,כרוב כבוש,גרמים,850.00,100 גרם,false,,10.90,0.0128,true,1,82854
8710488190811,false,כרוב כבוש לבן מובחר,,NL,כרוב כבוש 500 גר',גרמים,500.00,100 גרם,false,,9.90,0.0198,true,1,101451
8710496504983,false,דה רויטל - פירורי שוקולד חלב 400 גר,De ruijter,,פיצפוצי שוקולד חלב,גרמים,400.00,100 גרם,false,,21.90,0.0547,true,1,44881
8710502064814,false,עוגיות מרבה שוקולד ציפס במרקם רך 175 גר,בנקטבקריי מרבה בי.וי,NL,עוגיות שוקולד צ'יפס,גרמים,175.00,100 גרם,false,,8.90,0.0509,true,1,76323
8710502139017,false,עוגיות מרבה טריפל שוקולד שוקוצ'יפס 180ג',בנקטבקריי מרבה בי.וי,NL,עוגיות טריפל שוקולד,גרמים,180.00,100 גרם,false,,8.90,0.0494,true,1,38507
8710502194801,false,"עוגיות שוקלד ציפס רכה פירות יער ""מרבה"" 175 גרם",בנקטבקריי מרבה בי.וי,NL,מרבה עוגיות שוקולד צ,יחידה,0.00,יחידה,false,,8.90,0.0000,true,1,82506
8710502279010,false,מרבה עוגיות שוקולד צ'יפס מצופות שוקולד 175 גרם,"י.מרבה ישראל בע""מ",NL,מרבה עוגיות שוקולד צ,גרמים,175.00,100 גרם,false,,8.90,0.0509,true,1,104961
8710502285509,false,עוגיות לימון ושוקולד צ'יפס במרקם רך 175 ג' מרבה,בנקטבקריי מרבה בי.וי,NL,מרבה עוגיות לימון וש,גרמים,175.00,100 גרם,false,,8.90,0.0509,true,1,141221
8710502405204,false,עוגיות שוקולד צ'יפס עם קרם שוקולד מרבה 175 גרם,קריניציה ויטמינה אס,NL,עוגיות שוקולד צ'יפס,יחידה,0.00,יחידה,false,,8.90,0.0000,true,1,44637
8710502470028,false,עוגיות שוקולד צ'יפס ממולאות בקרם נוגט,קריניציה ויטמינה אס,NL,עוגיות נוגטלי שוקולד,גרמים,160.00,100 גרם,false,,8.90,0.0556,true,1,38364
8710502470035,false,מרבה פטיסרי עוגיות נוגטלי אגוזים 200 גרם,"מרבה בע""\מ",NL,מרבה פטיסרי-עוגיות נ,גרמים,200.00,100 גרם,false,,9.90,0.0495,true,1,144950
8710739494897,false,תחנת רוח וופל טוסט 12 יח במארז 250 גר,BANKETGRORP DE,NL,וופל טוסט 250 גר',גרמים,250.00,100 גרם,false,,9.90,0.0396,true,1,88897
8710800027573,false,סוכריות מיני בטעם פירות מנטוס 178 גרם,פרפטי ואן מלה ברדה,NL,מיני מנטוס,גרמים,178.00,100 גרם,false,,12.50,0.0702,true,1,12932
8710800961310,false,סוכריות בטעם תות מנטוס 4*375 גרם,פרפטי ואן מלה ברדה,NL,מנטוס רביעיה,גרמים,150.00,100 גרם,false,,10.90,0.0727,false,1,12933
8710812011102,false,ריבת תות שדה ביתית 450 גרם,,,ריבת תות,גרמים,450.00,100 גרם,false,,10.90,0.0242,true,1,77535
8710847892127,false,כדוריות בושם צהוב275ג,יוניליוור,RO,בדין כדוריות בושם זה,גרמים,275.00,100 גרם,false,,24.90,0.0905,true,1,96715
8710847942679,false,טרזמה שמפו לשיער יבש בתוספת שמן המפ,יוניליוור,PL,טרזמה שמפו שמן המפ 4,מיליליטרים,400.00,"100 מ""ל",false,,17.90,0.0447,true,1,141241
8710908326691,false,"תחליב רחצה פרח האדמונית דאב 750 מ""ל",יוניליוור גרמניה (בו,DE,תחליב רחצה דאב אדמונ,מיליליטרים,750.00,"100 מ""ל",false,,17.90,0.0239,false,1,81841
8710908404184,false,דאו דאב ספריי אוריגינל 0% אלומיניום 150,"פרמול איטליה, קומון",GB,דאב ספריי אורגינל 0%,מיליליטרים,150.00,"100 מ""ל",false,,16.90,0.1127,true,1,101151
8711000362570,false,קפסולות קפה תואמות נספרסו פורזה 9 ל'אור 10 יחידות,גיקובס דאו אגברטס צר,FR,קפסולות קפה לור 9,גרמים,52.00,100 גרם,false,,16.90,0.3250,true,1,93415
8711000362617,false,לור קפסולות קפה אספרסו לונגו פרופונדו 8,ג'\קובס דאו אגברטס צרפת,FR,קפסולות קפה לור 8,גרמים,52.00,100 גרם,false,,16.90,0.3250,true,1,93416
8711000362655,false,לור קפסולות קפה אספרסו אבסולו 9,"ג'\ייקובס דאו אגרבטס, צר",FR,לור קפסולות אספרסו א,יחידה,0.00,יחידה,false,,16.90,0.0000,true,1,103140
8711000362679,false,קפסולות קפה תואמות נספרסו קולומביה 8 ל'אור 10 יחידות,ג'\ייקובס דאו אגרבטס צרפ,FR,קפסולות קפה לור קולו,גרמים,52.00,100 גרם,false,,16.90,0.3250,true,1,97472
8711000362747,false,קפסולות קפה תואמות נספרסו ריסטרטו 11 ל'אור 10 יחידות,גיקובס דאו אגברטס צרפת,FR,קפסולות קפה לור 11,גרמים,52.00,100 גרם,false,,16.90,0.3250,true,1,93418
8711000371176,false,ג'ייקובס קפסולות קפה אספרסו קלאסיקו עוצמה 7,ג'ייקובס דאו אגברטס צרפת,FR,ג'ייקובס קפסולות קפה,גרמים,52.00,100 גרם,false,,14.90,0.2865,true,1,94295
8711000371183,false,ג'ייקובס קפסולות קפה אספרסו אינטסו עוצמה 10,ג'ייקובס דאו אגברטס צרפת,FR,ג'ייקובס קפסולות קפה,גרמים,52.00,100 גרם,false,,14.90,0.2865,true,1,94296
8711000371206,false,ג'ייקובס קפסולות קפה אספרסו ריסטרטו עוצמה 12,ג'ייקובס דאו אגברטס צרפת,FR,ג'ייקובס קפסולות קפה,גרמים,52.00,100 גרם,false,,14.90,0.2865,true,1,94297
8711000371244,false,"ג'ייקובס קפסולות אספרסו (8) 10 יח', 52ג' לונגו",ג'\ייקובס דאו אגברטס,FR,ג'ייקובס קפסולות אספ,גרמים,52.00,100 גרם,false,,14.90,0.2865,true,1,103073
8711000397466,false,לור קפסולות קפה אספרסו נטול קפאית ריסטרטו 52 גרם,ג'ייקובס דאו אגברטס צרפת,FR,קפסולות קפה לור נטו,גרמים,52.00,100 גרם,false,,16.90,0.3250,true,1,143250
8711000431108,false,לור קפסולות קפה אספרסו הודו 52 גר,"ג'\ייקובס דאו אגרבטס, צר",FR,קפסולות קפה לור הודו,גרמים,52.00,100 גרם,false,,16.90,0.3250,true,1,97474
8711000471296,false,קפסולות קפה תואמות נספרסו אולטימו 13 ל'אור 10 יחידות,ג'\ייקובס דאו אגרבטס צרפ,FR,לור קפסולות אספרסו א,גרמים,52.00,100 גרם,false,,16.90,0.3250,true,1,102900
8711000472040,false,קפסולות קפה אספרסו סלקשיין גייקובס 52 גר,ג'ייקובס Jacobs,FR,ג'יקובס קפסולות בית,גרמים,52.00,100 גרם,false,,14.90,0.2865,true,1,108704
8711000497050,false,ג'ייקובס בריסטה קפסולות קולומביה 9,JDE,FR,ג'ייקובס בריסטה קפסו,יחידה,0.00,יחידה,false,,18.90,0.0000,true,1,145741
8711200425990,false,חמאת בוטנים חלקה 350 גר Calve,יוניקורן פיקלס,NL,חמאת בוטנים חלקה CAL,גרמים,350.00,100 גרם,false,,16.50,0.0471,true,1,98239
8711200426034,false,חמאת בוטנים קראנצי 350 גר Calve,יוניקורן פיקלס,NL,חמאת בוטנים קראנצ'י,גרמים,350.00,100 גרם,false,,16.50,0.0471,true,1,98429
8711200443789,false,"חרדל דיז'ון גרגירים בבקבוק לחיץ סיימן 235 מ""ל",מיילי,FR,חרדל גרגרים 235 גר ל,גרמים,235.00,100 גרם,false,,14.90,0.0634,true,1,96200
8711200443802,false,"חרדל דיזון בבקבוק לחיץ 235 מ""ל",מיילי,FR,חרדל דיז'ון 235 גר ל,גרמים,235.00,100 גרם,false,,14.90,0.0634,true,1,96132
8711281013345,false,חרדל הולנדי מקורי גרגירים 335 גרם,HUISMAN DE,NL,חרדל הולנדי גרגרים,גרמים,335.00,100 גרם,false,,10.90,0.0325,true,1,88683
8711327475663,false,מגנום פיינט וניל שוקולד לבן 260 גרם,"מפעל גלידות בווספרם, רחו",HU,גלידת מגנום וניל שוק,גרמים,260.00,100 גרם,false,,21.90,0.0842,true,1,105155
8711327475717,false,מגנום פיינט וניל שקדים 260 גרם,"מפעל גלידות בווספרם, רחו",HU,גלידת מגנום וניל שקד,גרמים,260.00,100 גרם,false,,21.90,0.0842,true,1,105157
8711327475762,false,"מגנום פיינט שוקולד לבן עוגיות 440 מ""ל","מפעל גלידות בווספרם, רחו",HU,גלידת מגנום שוקולד ל,גרמים,260.00,100 גרם,false,,21.90,0.0842,true,1,105158
8711351010137,false,"גלידה סורבה מנגו 750 מ""ל",יעקב בן יקר ובניו.,,גלידה רפאלו סורבה מנ,מיליליטרים,750.00,"100 מ""ל",false,,21.90,0.0292,true,1,14427
8711351010151,false,גלידה וניל חלבי 0% שומן,,,גלידה איטלקית אש,יחידה,500.00,יחידה,false,,21.90,0.0438,true,1,14428
8711351010199,false,גלידה רפאלו סורבה פי,יעקב בן יקר ובניו.,,גלידה רפאלו סורבה פי,מיליליטרים,750.00,"100 מ""ל",false,,21.90,0.0292,true,1,14430
8712000051099,false,"שישיית בירה היינקן 0% אלכוהל בקבוק 330 מ""ל","מבשלת היינקן, ריטבלדנברג",NL,הייניקן 0% שישייה 33,מיליליטרים,1980.00,"100 מ""ל",false,,32.00,0.0162,false,1,94374
8712100739231,false,תה פיגי 40שקיקים פרמ,,GB,PG תה שחור פירמידה,גרמים,116.00,100 גרם,false,,17.90,0.1543,true,1,79019
8712400802499,false,תרכובת מזון המשך לפעוטות על בסיס חלב שלב 1,נוטרישיה קאלק ב. ו.,NL,נוטרילון 1- 800גר,גרמים,800.00,100 גרם,false,,64.90,0.0811,false,1,42727
8712400802512,false,תרכובת מזון המשך לפעוטות על בסיס חלב שלב 2,נוטרישיה קאלק ב. ו.,NL,נוטרילון 2- 800גר,גרמים,800.00,100 גרם,false,,64.90,0.0811,false,1,42729
8712400802536,false,תרכובת מזון המשך לפעוטות על בסיס חלב שלב 3,נוטרישיה קאלק ב. ו.,NL,נוטרילון 3- 800גר,גרמים,800.00,100 גרם,false,,64.90,0.0811,false,1,42731
8712561594608,false,"דאב תחליב רחיצה להזנה עמוקה 750 מ""ל","יוניליוור גרמניה, Gmbh &",DE,תחליב רחצה דאב 750,מיליליטרים,750.00,"100 מ""ל",false,,17.90,0.0239,false,1,76623
8712561611411,false,"תחליב רחצה בניחוח מלפפון ותה ירוק דאב 750 מ""ל","יוניליוור גרמניה, Gmbh &",DE,תחליב רחצה דאב 750 מ,מיליליטרים,750.00,"100 מ""ל",false,,17.90,0.0239,false,1,76792
8714443620030,false,מרק ירקות אורגני 200 גרם,תות תעשיות מזון (201,NL,נטורפוד-מרק ירקות או,גרמים,200.00,100 גרם,false,,27.90,0.1395,true,1,53260
8714599410530,false,גייקובס קרונינג שקית רפיל 200 גרם,ג'יי.די.אי.,UA,ג'קובס שקית 200 גר,גרמים,200.00,100 גרם,false,,19.90,0.0995,false,1,89969
8714599410806,false,ג'ייקובס קרוננג מיובש בהקפאה 160 גרם סגירה חוזרת,ג'ייקובס Jacobs,RU,ג'ייקובס קרוננג שקית,גרמים,160.00,100 גרם,false,,14.90,0.0931,false,1,104781
8714599412336,false,קפה נמס בריסטה אמריקנו קלוי וטחון 160 ג' ג'ייקובס,ג'\ייקובס דאו אגברטס רוס,RU,ג'ייקובס בריסטה אמרי,גרמים,160.00,100 גרם,false,,22.90,0.1431,false,1,108712
8714599513781,false,"קפה נמס מיובש בהקפאה זהב צנצנת ג'ייקובס 200 גרם לל""ס",אל.אל. סי ג''יקובס דאו א,RU,קפה נמס ג'יקובס גולד,גרמים,200.00,100 גרם,false,,24.90,0.1245,false,1,79589
8714599513835,false,גי'קובס קרונונג נייט אנד דיי - נטול קופיאין,ג'ייקובס Jacobs,DE,ג'יקובס נטול קופאין,גרמים,200.00,100 גרם,false,,32.90,0.1645,false,1,82505
8714599513866,false,"קפה נמס מיובש בהקפאה קרונג צנצנת ג'ייקובס 200 גרם לל""ס",אל.אל.סי גייקובס דאו,RU,ג'קובס קרוננג מיובש,גרמים,200.00,100 גרם,false,,24.90,0.1245,false,1,79946
8714789177229,false,רבעיית מברשות שיניים קולגייט אקסטרה קלין 1 יחידה,הנסיך- מפעל לייצור ט,CN,רביעיה מברשות שיניים,יח',4.00,יח',false,,9.90,2.4750,true,1,24734
8714789303925,false,מברשת שיניים 360 סנסטיב רכה במיוחד קולגייט 2 יחידות,קולגייט- פלמוליב,CH,מברשת שיניים קולגייט,יחידה,0.00,יחידה,false,,24.90,0.0000,true,1,28521
8714789402918,false,נוזל לניקוי כללי ורצפות בניחוח פרחי בר אג'קס 1.5 ליטר,הנסיך- מפעל לייצור ט,GR,אג'קס חגיגת פרחים 1.,ליטרים,1.50,ליטר,false,,19.90,13.2667,true,1,30563
8714789402932,false,נוזל לניקוי כללי ורצפות בניחוח ורדי בוקר אג'קס 1.5 ליטר,הנסיך- מפעל לייצור ט,GR,אג'קס חגיגת פרחים ור,ליטרים,1.50,ליטר,false,,19.90,13.2667,true,1,30571
8714789402970,false,נוזל לניקוי כללי ורצפות בניחוח פרחי אביב אגק'ס 1.5 ליטר,הנסיך- מפעל לייצור ט,GR,אג'קס חגיגת פרחים 1.,ליטרים,1.50,ליטר,false,,19.90,13.2667,true,1,30565
8714789450315,false,פלמוליב נוזל כלים לימון 1.5 ליטר,הנסיך- מפעל לייצור ט,GR,פלמוליב שקוף לכלים 1,ליטרים,1.50,ליטר,false,,15.90,10.6000,false,1,31778
8714789797786,false,"פלמוליב נוזל לניקוי כלים גריז בלסטר 750 מ""ל",יבואן ומשווק: ש. שסט,GR,פלמוליב כלים שקוף 4,מיליליטרים,750.00,"100 מ""ל",false,,9.90,0.0132,false,1,47196
8714789834467,false,פלמוליב נוזל לניקוי כלים קלאסי 1.5 ליטר,קולגייט-פלמוליב,GR,פלמוליב כלים קלאסי 1,ליטרים,1.50,ליטר,false,,15.90,10.6000,true,1,50109
8714789930848,false,"משחת שיניים אופטיק וייט הלבנה מיידית קולגייט 75 מ""ל",הנסיך- מפעל לייצור ט,PL,קולגייט משחת אופטיק,מיליליטרים,75.00,"100 מ""ל",false,,16.90,0.2253,true,1,55884
8715700110141,false,מיונז קרמי היינץ צנצנת 460ג',ה.י.היינץ הולדינג בי.וי,NL,מיונז היינץ 460 גר,גרמים,460.00,100 גרם,false,,9.90,0.0215,false,1,89613
8715700110158,false,היינץ ממרח במרקם קרמי צנצנת 490 גרם,ה.י.היינץ הולדינג בי.וי,NL,מיונז לייט צנצנת הי,גרמים,490.00,100 גרם,false,,9.90,0.0202,false,1,89614
8715700115641,false,ממרח מיונז לחיץ לייט במרקם קרמי 420 ג' היינץ,"פודליצקי ספ.ז.או.או,.",PL,ממרח היינץ 420 גר,גרמים,420.00,100 גרם,false,,14.90,0.0355,true,1,88606
8715700117805,false,"קטשופ היינץ מתבל עגבניות ללא תוספת סוכר ומלח 425 מ""ל","ה.י היינץ הולדינג בי.וי,",NL,קטשופ היינץ ללא תוספ,מיליליטרים,400.00,"100 מ""ל",false,,9.90,0.0248,false,1,100986
8715700118925,false,קטשופ היינץ חריף 460 גרם,ה.י. היינץ,NL,קטשופ היינץ חריף,גרמים,460.00,100 גרם,false,,11.90,0.0259,true,1,146271
8715700416021,false,ממרח סנדויץ מלפפונים 300 גרם,היינץ,NL,ממרח סנדויץ מלפפונים,גרמים,300.00,100 גרם,false,,14.90,0.0497,true,1,90431
8715700419695,false,רוטב ברביקיו מתוק היינץ 500 גרם,היינץ Heinz,NL,רוטב ברבקיו מתוק,גרמים,500.00,100 גרם,false,,15.90,0.0318,true,1,88999
8715700419732,false,מתבל עגבניות היינץ 700 גרם,ה.י. היינץ,NL,קטשופ היינץ 700 גר,גרמים,700.00,100 גרם,false,,9.90,0.0141,false,1,55673
8715700421032,false,ממרח סנדויץ טבעי 300 גרם,,,ממרח לסנדויץ היינץ,גרמים,300.00,100 גרם,false,,14.90,0.0497,true,1,76812
8715700422473,false,ממרח לכריכים וסלטים ללא ח. משמרים היינץ 395 גרם,ה.י. היינץ,NL,ממרח היינץ 395 גר,גרמים,395.00,100 גרם,false,,14.90,0.0377,true,1,84282
8715700423906,false,היינץ מתבל עגבניות מופחת סוכר ומלח 50/50 550 גרם,היינץ צפון אמריקה מק,NL,מתבל עגבניות היינץ,גרמים,555.00,100 גרם,false,,9.90,0.0178,true,1,90570
8717163607305,false,דאב סבון מוצק גרגירים לעיסוי עדין *4,יוניליוור גרמניה (בו,DE,רביעיה דאב גרגרי,גרמים,400.00,100 גרם,false,,13.90,0.0348,false,1,12553
8717163628355,false,"מרכך טרזמה להחלקה וצביעה 400 מ""ל","יוניליוור פולין, רחוב קר",PL,טרזמה מרכך להחלקה וצ,מיליליטרים,400.00,"100 מ""ל",false,,19.90,0.0497,true,1,102216
8717163628812,false,מסכה טרזמה ללא סולפטים להחלקה ולצביעה300,"יוניליוור פולין, רחוב קר",PL,טרזמה מסכה להחלקה וצ,מיליליטרים,300.00,"100 מ""ל",false,,26.90,0.0897,true,1,102215
8717163647226,false,"אקס דאודורנט ספריי גוף בלאק 150 מ""ל",ארנסט. רחוב קומבינצק,GB,דאודורנט אקס ספריי ג,מיליליטרים,150.00,"100 מ""ל",false,,11.90,0.0793,false,1,97097
8717163647233,false,"אקס דאודורנט ספריי גוף בלאק נייט 150 מ""ל",ארנסט. רחוב קומבינצק,GB,אקס בלק נייט פרש,מיליליטרים,150.00,"100 מ""ל",false,,11.90,0.0793,false,1,97135
8717163647240,false,"אקס דאודורנט ספריי גוף לגבר שוקולד 150 מ""ל",יוניליוור גרמניה (בו,GB,דאודורנט אקס ספריי ג,מיליליטרים,150.00,"100 מ""ל",false,,11.90,0.0793,false,1,96953
8717163647257,false,"אקס דאודורנט ספריי גוף גולד 150 מ""ל",יוניליוור אנגליה,GB,אקס דאודורנט ספריי ג,מיליליטרים,150.00,"100 מ""ל",false,,11.90,0.0793,false,1,98292
8717163647264,false,"אקס דאודורנט ספריי גוף אייס צ'יל 150 מ""ל",יוניליוור אנגליה,GB,אקס דאודורנט ספריי ג,מיליליטרים,150.00,"100 מ""ל",false,,11.90,0.0793,false,1,96134
8717163648667,false,"אקס ג'ל רחצה לגבר אייס צ'יל 400 מ""ל",יוניליוור גרמניה (בו,GB,אקס ג'ל רחצה לגבר אי,מיליליטרים,400.00,"100 מ""ל",false,,15.00,0.0375,true,1,96137
8717163655825,false,"רקסונה דאו' ספריי לנשים בניחוח כותנה, 150 מ""ל","קוסטר אירוסול, גבזה 4140",GB,דאודורנט רקסונה ספרי,מיליליטרים,150.00,"100 מ""ל",false,,14.90,0.0993,true,1,98801
8717163663493,false,"רקסונה - דאודורנט ספריי לגבר קובלט דריי 150 מ""ל","יוניליוור אנגליה, דרך קו",GB,דאודורנט רקסונה ספרי,מיליליטרים,150.00,"100 מ""ל",false,,14.90,0.0993,true,1,98805
8717163663516,false,רקסונה דאו ספריי אינביזיבל לגבר,יוניליוור,GB,רקסונה מן ספריי אינב,מיליליטרים,150.00,"100 מ""ל",false,,14.90,0.0993,true,1,102730
8717163891735,false,רקסונה דאו ספריי וורקאאוט לגבר,"יוניליוור אנגליה, דרך קו",GB,רקסונה מן ספריי וורק,מיליליטרים,150.00,"100 מ""ל",false,,14.90,0.0993,true,1,101450
8717644390566,false,סבון מוצר רביעיה תמצית מלפפון ותה ירוק,יוניליוור גרמניה (בו,DE,סבון דאב מוצק ירוק ר,גרמים,400.00,100 גרם,false,,13.90,0.0348,false,1,28923
8717677336593,false,טוניס שוקולד חלב 180 גרם רבנות - נוכרי,טוניס/שוקולונלי,NL,טוניס שוקולד חלב,גרמים,180.00,100 גרם,false,,18.90,0.1050,true,1,142892
8717677336616,false,שוקולד מריר עם שקדים ומלח טוניס' שוקולונלי 180 גרם,טוניס/שוקולונלי,NL,טוניס שוקולד מריר עם,גרמים,180.00,100 גרם,false,,18.90,0.1050,true,1,142893
8717677336630,false,שוקולד חלב עם שקדים ודבש טוניס' שוקולונלי 180 גרם,טוניס/שוקולונלי,NL,טוניס שוקולד חלב עם,גרמים,180.00,100 גרם,false,,18.90,0.1050,true,1,142894
8717677336654,false,טוניס - שוקולד חלב מעולה עם שברי קרמל מלוח,טוניס/שוקולונלי,NL,טוניס שוקולד חלב עם,גרמים,180.00,100 גרם,false,,18.90,0.1050,true,1,145414
8717677336661,false,טוניס שוקולד מריר מעולה 70% 180 גרם רבנות - נוכרי,טוניס/שוקולונלי,NL,טוניס שוקולד מריר מע,גרמים,180.00,100 גרם,false,,18.90,0.1050,true,1,142895
8717677338436,false,שוקולד חלב עם אגוזי לוז טוניס' שוקולונלי 180 גרם,טוניס/שוקולונלי,NL,טוניס שוקולד חלב עם,גרמים,180.00,100 גרם,false,,18.90,0.1050,true,1,142896
8718114734484,false,מיונז מאילי 320 גר צ,יונילבר צרפת,FR,מיונז דיילי 320גר,גרמים,320.00,100 גרם,false,,12.90,0.0403,true,1,40463
8718692610835,false,שלישית בקבוקי סודה סטרים פיוז 1 ליטר,סודה סטרים,IL,שלישיית בקבוקי סודה,יחידה,0.00,יחידה,false,,59.90,0.0000,true,1,94441
8718692619456,false,בר משקאות ספיריט לבן+ בקבוק 1 ל' ומיכל הגזה 60 ל',סודהסטרים sodastream,,מכשיר ספיריט לבן סוד,יחידה,0.00,יחידה,false,,199.00,0.0000,false,1,94437
8718951001596,false,"ספריי ניקוי לאמבטיה 600 מ""ל ""א'גקס""",הנסיך- מפעל לייצור ט,GR,אג'קס ספריי אמבטיה 6,מיליליטרים,600.00,"100 מ""ל",false,,14.90,0.0248,true,1,76954
8718951030169,false,"קולגייט סנסיטיב הלבנה המסייעת בהגנה לשיניים רגישות 75 מ""ל",קולגייט Colgate,PL,קולגייט סנסטיב+ הלבנ,מיליליטרים,75.00,"100 מ""ל",false,,14.90,0.1987,true,1,103152
8718951030206,false,"קולגייט סנסיטיב פרוטקשן משחת שיניים לשיניים רגישות 75 מ""ל",קולגייט-פלמוליב,PL,קולגייט סנסיטיב מולט,מיליליטרים,75.00,"100 מ""ל",false,,14.90,0.1987,true,1,101209
8718951031241,false,משחת שיניים אלמקס מנטרל חומצות סוכר 75 מל,CP-Poland swidnica,PL,אלמקס משחת שיניים למ,מיליליטרים,75.00,"100 מ""ל",false,,15.90,0.2120,true,1,146457
8718951093331,false,מרידול זוג מברשות שיניים אקסטרה סופט,קולגייט פלמוליב,CH,זוג מברשות שיניים מר,יחידה,0.00,יחידה,false,,34.90,0.0000,true,1,79734
8718951144064,false,מרידול מברשת שיניים פרודונט אקספרט זוג,"ש. שסטוביץ בע""\מ",CH,מברשות שיניים מרידול,יחידה,0.00,יחידה,false,,34.90,0.0000,true,1,86430
8718951166288,false,"משחת שיניים קולגייט מקס וייט 125 מ""ל",הנסיך- מפעל לייצור ט,PL,קולגייט משחת מקס ויי,מיליליטרים,125.00,"100 מ""ל",false,,15.90,0.1272,true,1,93913
8718951166561,false,משחת שיניים לרעננות מוגברת max fresh cooling crystals,הנסיך- מפעל לייצור ט,PL,קולגייט משחת מקס פרש,מיליליטרים,125.00,"100 מ""ל",false,,15.90,0.1272,true,1,93914
8718951167094,false,נוזל כלים פלמוליב צילינדר תפוז וליים 1 ל,יבואן ומשווק: ש. שסט,GR,פלמוליב צילינדר תפוז,ליטרים,1.00,ליטר,false,,13.90,13.9000,false,1,89776
8718951170445,false,"קולגייט סמיילס משחת שיניים ילדים גילאי 2-5 50 מ""ל",COLGATE ($) -PALMOLI,PL,קולגייט סמיילס משחת,מיליליטרים,50.00,"100 מ""ל",false,,10.90,0.2180,true,1,92344
8718951187122,false,זוג מברשות שיניים אלמקס לילדים גילאי 0-3,GABA TRISA SWIZ,CN,אלמקס מברשת שיניים י,יחידה,0.00,יחידה,false,,24.90,0.0000,true,1,92735
8718951236790,false,"קולגייט טוטאל משחת שיניים קלין מינט לפה בריא 100 מ""ל",קולגייט פלמוליב,PL,קולגייט טוטל קלין מי,מיליליטרים,100.00,"100 מ""ל",false,,16.90,0.1690,true,1,94810
8718951236806,false,"קולגייט טוטאל הלבנה משחת שיניים המסייעת בהסרת כתמים 100 מ""ל",קולגייט Colgate,PL,קולגייט טוטל הלבנה מ,מיליליטרים,100.00,"100 מ""ל",false,,16.90,0.1690,true,1,94811
8718951236813,false,"קולגייט טוטאל משחת שיניים ניקוי מתקדם לפה בריא יותר 100 מ""ל",קולגייט פלמוליב,PL,קולגייט טוטאל אדוונס,מיליליטרים,100.00,"100 מ""ל",false,,16.90,0.1690,true,1,97787
8718951240742,false,"קולגייט טוטאל משחת שיניים פסים מרעננים 100 מ""ל",קולגייט פלמוליב,PL,קולגייט טוטל פסים מר,מיליליטרים,100.00,"100 מ""ל",false,,16.90,0.1690,true,1,94807
8718951254527,false,קולגייט משחה סנסיטיב פרו רליף חוזק מוגבר,קולגייט פלמוליב,PL,קולגייט סנסיטיב פרו,יחידה,0.00,יחידה,false,,19.90,0.0000,true,1,97557
8718951286252,false,פלמוליב מיסלר סבון מוצק כותנה 150גרם,CP - Turkey+60,TR,פלמוליב מיסלר סבון מ,גרמים,150.00,100 גרם,false,,7.90,0.0527,true,1,101063
8718951286672,false,"משחת שיניים לחניכיים, 75 מ""ל קולגייט",קולגייט פלמוליב,PL,קולגייט משחת שיניים,מיליליטרים,75.00,"100 מ""ל",false,,29.90,0.3987,true,1,146324
8718951286733,false,"קולגייט אופטיק וייט לסטינג וייט משחת שיניים 75 מ""ל",קולגייט Colgate,PL,קולגייט אופטיק וויט,מיליליטרים,75.00,"100 מ""ל",false,,25.90,0.3453,true,1,141112
8718951289833,false,רביעיית סבון מוצק פלמוליב לומינוס 90 גרם,קולגייט פלמוליב,TR,פלמוליב סבון מוצק לו,גרמים,360.00,100 גרם,false,,17.00,0.0472,true,1,99393
8718951313927,false,"סבון ידיים משאבה פלמוליב חימר טונוס 300 מ""ל",קולגייט פלמוליב,TR,פלמוליב סבון ידיים ח,מיליליטרים,300.00,"100 מ""ל",false,,10.90,0.0363,true,1,103689
8718951315303,false,"קולגייט אדומה משחת שיניים להגנה מפני עששת 2*100 מ""ל",קולגייט-פלמוליב,PL,קולגייט אדומה ביטיוב,מיליליטרים,200.00,"100 מ""ל",false,,19.90,0.0995,true,1,102127
8718951319806,false,פלמוליב לגבר גל רחצה ושמפו מרענן 750 משא,פלמוליב Palmolive,TR,פלמוליב לגבר ג'ל רחצ,מיליליטרים,750.00,"100 מ""ל",false,,19.90,0.0265,true,1,100447
8718951333048,false,"פלמוליב סבון לידיים למטבח, 300 מ""ל",הנסיך- מפעל לייצור ט,IT,פלמוליב סבון ידיים ל,מיליליטרים,300.00,"100 מ""ל",false,,10.90,0.0363,true,1,106147
8718951334090,false,"סופלין מרכך כביסה מרוכז כחול 650 מ""ל",סופלין Soupline,GR,סופלין מרכך כביסה מר,מיליליטרים,650.00,"100 מ""ל",false,,9.90,0.0152,true,1,101501
8718951334120,false,"סופלין מרכך כביסה מרוכז לבנדר 650 מ""ל",שסטוביץ,GR,סופלין מרכך כביסה מר,מיליליטרים,650.00,"100 מ""ל",false,,9.90,0.0152,true,1,101573
8718951334151,false,"סופלין מרכך כביסה מרוכז היפואלרגני 650 מ""ל",SAS-VA COLGATE-PALMOLIVE,FR,סופלין מרכך כביסה מר,מיליליטרים,650.00,"100 מ""ל",false,,9.90,0.0152,true,1,144614
8718951338364,false,"מרסס אגקס טריגר פיור הום תפוח 500 מ""ל",קולגייט פלמוליב,GR,אג'קס טריגר פיור הום,מיליליטרים,500.00,"100 מ""ל",false,,14.90,0.0298,true,1,104111
8718951377998,false,קולגייט סופט פואם זוג מברשות שיניים לניק,קולגייט פלמוליב,CN,קולגייט מברשת סופטנס,יחידה,0.00,יחידה,false,,29.90,0.0000,true,1,104537
8718951381292,false,"משחת שיניים מקס דיטוקס פואם קולגייט 125 מ""ל",קולגייט Colgate,PL,קולגייט משחת מקס דיט,מיליליטרים,125.00,"100 מ""ל",false,,15.90,0.1272,true,1,105591
8718951382664,false,"פלמוליב ג'ל רחצה חימר ואקליפטוס 750 מ""ל",קולגייט פלמוליב,TR,פלמוליב ג'ל רחצה חימ,מיליליטרים,750.00,"100 מ""ל",false,,19.90,0.0265,true,1,103691
8718951382718,false,"פלמוליב ג'ל רחצה חימר התחדשות 750 מ""ל",קולגייט פלמוליב,TR,פלמוליב ג'ל רחצה חימ,מיליליטרים,750.00,"100 מ""ל",false,,19.90,0.0265,true,1,103692
8718951385290,false,נוזל לניקוי כללי ורצפות אג'קס 2 ליטר,קולגייט פלמוליב,GR,אג'קס ניקוי כללי עוצ,ליטרים,2.00,ליטר,false,,22.90,11.4500,true,1,105831
8718951400597,false,"תחליב רחצה קוקוס וחלב ללא משאבה750 מ""ל פלמוליב",קולגייט פלמוליב,TR,פלמוליב תחליב רחצה ק,מיליליטרים,750.00,"100 מ""ל",false,,19.90,0.0265,true,1,144829
8718951412378,false,משחת שיניים לחניכיים רגישות ולנשימה רעננה,קולגייט פלמוליב,PL,מרידול משחת שיניים נ,מיליליטרים,75.00,"100 מ""ל",false,,24.90,0.3320,true,1,144828
8718951415836,false,קולגייט מי פה פלאקס פחם לחיוך לבן 500 מל,קולגייט Colgate,PL,קולגייט מי פה פלאקס,מיליליטרים,500.00,"100 מ""ל",false,,29.90,0.0598,true,1,108268
8718951443372,false,פלמוליב סבון ידיים זיתים מארז שלישיה,,,פלמוליב סבון ידיים ז,מיליליטרים,900.00,"100 מ""ל",false,,24.90,0.0277,true,1,146172
8718951443396,false,"סבון ידיים חלב ודבש פלמוליב מארז 3*300 מ""ל",CP - Turkey+60,TR,פלמוליב סבון ידיים ח,מיליליטרים,900.00,"100 מ""ל",false,,24.90,0.0277,true,1,107665
8718951477384,false,"קולגייט משחת שיניים טוטאל ג'ל מתקדם פיור 75 מ""ל",קולגייט פלמוליב,PL,משחת שיניים קולגייט,מיליליטרים,75.00,"100 מ""ל",false,,19.90,0.2653,true,1,142811
8718951498754,false,שישיית מברשות שיניים סופר פלקסי קולגייט,קולגייט פלמוליב,GR,קולגייט מברשת סופר פ,יחידה,0.00,יחידה,false,,17.90,0.0000,true,1,144695
8718951509627,false,"קולגייט אופטיק וייט לאוהבי קפה ותה משחת שיניים 75 מ""ל",קולגייט פלמוליב,PL,קולגייט אופטיק וויט,מיליליטרים,75.00,"100 מ""ל",false,,25.90,0.3453,true,1,144015
8719200997998,false,מרגרינה למריחה בישול וטיגון 200 ג' בלו בנד,אתר חיפה מרגרינה - F,IL,בלובנד עם מלח 200 גר,גרמים,200.00,100 גרם,false,,4.50,0.0225,false,1,99144
8719200998001,false,מרגרינה לאפיה ובישול בלי מלח 200 ג' בלו בנד,יוניליוור ישראל מזון בע\,IL,בלובנד בלי מלח 200 ג,גרמים,200.00,100 גרם,false,,4.50,0.0225,false,1,99145
8719200998018,false,מחמאה מרגרינה בטעם חמאה בלובנד 200 גרם,"מיוצר ע""\י יוניליוור ישר",IL,מחמאה ב.בנד 200 גרם,גרמים,200.00,100 גרם,false,,4.60,0.0230,false,1,99170
8719200998032,false,"מרגרינה מזולה גלורי טעם חמאה 250גר 8 יחידות - כשל""פ","מיוצר ע""\י יוניליוור ישר",IL,מזולה גלורי טעם חמאה,גרמים,250.00,100 גרם,false,,9.90,0.0396,false,1,99162
8719200998049,false,"מרגרינה מזולה גלורי רגיל 250גר 8 יחידות -כשל""פ","מיוצר ע""\י יוניליוור ישר",IL,מזולה גלורי רגיל 250,גרמים,250.00,100 גרם,false,,9.50,0.0380,false,1,99160
8720181045912,false,"אקס דאודורנט ספריי גוף אפריקה 150 מ""ל","יוניליוור אנגליה, דרך קו",GB,אקס דאודורנט ספריי א,מיליליטרים,150.00,"100 מ""ל",false,,11.90,0.0793,true,1,103966
8720181046605,false,דאב - דאודורנט ספריי לאישה אורגינל כחול 150מל,"יוניליוור אנגליה, דרך קו",GB,דאב דאודורנט ספריי א,מיליליטרים,150.00,"100 מ""ל",false,,16.90,0.1127,true,1,104933
8720181090202,false,"תחליב רחצה דאב עם שמן זית, 750 מ""ל","יוניליוור גרמניה, Gmbh &",DE,דאב תחליב רחצה שמן ז,מיליליטרים,750.00,"100 מ""ל",false,,17.90,0.0239,false,1,106969
8720182256362,false,שישיית סבון מוצק דאב קלאסי 540 גר',יוניליוור גרמניה (בו,DE,דאב סבון מוצק קלאסי,גרמים,540.00,100 גרם,false,,17.90,0.0331,true,1,146395
8723400756552,false,מארז סוכריות מנטוס Mentos ריינבואו,פרפטי ואן מלה ברדה,NL,מנטוס ריינבואו רביעי,יחידה,0.00,יחידה,false,,10.90,0.0000,true,1,46892
8723400782520,false,מנטוס סוכריות לעיסה בתפזורת בטעם פירות 160 ג',פרפטי ואן מלה,NL,מנטוס מיקס פירות בשק,גרמים,160.00,100 גרם,false,,9.90,0.0619,true,1,89945
8723400782544,false,מנטוס סוכריות לעיסה בתפזורת בטעם מנטה 160 ג',פרפטי ואן מלה,NL,מנטוס תפזורת בשקית מ,גרמים,160.00,100 גרם,false,,9.90,0.0619,true,1,92141
8723400793922,false,מנטוס גליל בטעם דובדבן אריזת רביעיה 150 ג',פרפטי ואן מלה ברדה,NL,מנטוס רביעיות דובדבן,גרמים,150.00,100 גרם,false,,10.90,0.0727,true,1,107402
8723900935174,false,טבק גולדן ירוק בודד,,,טבק גולדן ירוק,יחידה,0.00,יחידה,false,,87.90,0.0000,false,1,95936
8727500033094,false,קקאו הולנדי בלוקר 250 גרם,BV COCOA DUTCH,NL,קקאו הולנדי בלוקר 25,גרמים,250.00,100 גרם,false,,15.90,0.0636,true,1,90432
8801055706440,false,מנות אישיות קפה נמס טייסטרס צ'ויס Taster's Choice,נסטלה קוריאה - קפה,KR,טייסטר צ'ויס טו גו 2,גרמים,36.00,100 גרם,false,,11.50,0.3194,true,1,36025
8801055707966,false,קפה טייסטר צו'יס נס קפה בריסטה 180ג',נסטלה קוריאה - קפה,KR,טסטר צו'יס בריסטה 18,גרמים,180.00,100 גרם,false,,31.90,0.1772,false,1,81706
8801055708772,false,מארז טייסטרס צ'ויס 200 גרם+50 גר' מתנה,נסטלה קוריאה - קפה,KR,מארז טסטר צו'יס 20,גרמים,250.00,100 גרם,false,,31.90,0.1276,false,1,92655
8801055709427,false,קפה נמס טסטר'ס צ'ויס אלטה ריקה 100 גרם,נסטלה קוריאה - קפה,KR,קפה נמס טסטר צוייס א,גרמים,100.00,100 גרם,false,,24.90,0.2490,false,1,108521
8801055709434,false,קפה נמס טסטר'ס צ'ויס קולומביה 100 גרם,נסטלה קוריאה - קפה,KR,קפה נמס טסטר צוייס ק,גרמים,100.00,100 גרם,false,,24.90,0.2490,false,1,108522
8801055709458,false,אבקה להכנת משקה קפה בטעם קפוצ'ינו קרמל,נסטלה קוריאה - קפה,IL,נסקפה קפוצ'ינו בטעם,גרמים,170.00,100 גרם,false,,19.00,0.1118,true,1,142996
8801055709465,false,אבקה להכנת משקה קפה בטעם קפוצ'ינו וניל,נסטלה קוריאה - קפה,KR,נסקפה קפוצ'ינו בטעם,גרמים,185.00,100 גרם,false,,19.00,0.1027,true,1,142997
8801055709472,false,נסטלה - נסקפה קפוצ'ינו קלאסי 12.50 גרם * 10,נסטלה קוריאה - קפה,KR,נסקפה קפוצ'ינו קלאסי,גרמים,125.00,100 גרם,false,,19.00,0.1520,true,1,142998
8801085020301,false,אטריות נאמה אודון 200 גרם,Alpha international,,אטריות אודון,גרמים,200.00,100 גרם,false,,9.90,0.0495,true,1,58460
8802241131664,false,חטיף אצות קלויות עם מלח ים Laverland Crunch,טעמי אסיה Taste of Asia,KR,חטיף אצות ים קלויות,גרמים,40.50,100 גרם,false,,22.90,0.5654,true,1,87826
8802241131671,false,חטיף אצות בטעם ווסאבי 4.5/9gr,"מאן-גון פוד בע""מ",KR,חטיף אצות בטעם ווסאב,יחידה,0.00,יחידה,false,,23.90,0.0000,true,1,99134
8809168840471,false,חטיף אצות מיובשות 9*4.5 גרם,ג'י וואן גלובול נאט,KR,חטיף אצה מארז 9 יח',גרמים,40.00,100 גרם,false,,25.90,0.6475,true,1,144956
8850038400073,false,רוטב צדפות קטן מאקור,צ'או הוואד,,"רוטב צדפות 300 מ""ל",מיליליטרים,300.00,"100 מ""ל",false,,14.50,0.0483,true,1,78095
8850100004833,false,אטריות אורז דקות 1 מ,תאי פריסרבר,,אטריות אורז דקות,יחידה,500.00,יחידה,false,,10.90,0.0218,true,1,47943
8850100004840,false,אטריות אורז חום 500 גרם,תאי פריסרבר,,אטריות אורז חום,גרמים,500.00,100 גרם,false,,12.50,0.0250,true,1,37178
8850122103040,false,אטריות שעועית דאבל ק,,,אטריות שעועית דאבל ק,גרמים,200.00,100 גרם,false,,7.90,0.0395,true,1,144900
8850122103347,false,מארז סיבי שעועית דאב,,TH,מארז סיבי שעועית דאב,גרמים,400.00,100 גרם,false,,18.90,0.0472,true,1,144902
8850161161247,false,קוקו מקס 100% מי קוקוס 1 ליטר,טויו סייקאן קו.אל.טי.די,TH,מי קוקוס קוקו מקס 1,ליטרים,1.00,ליטר,false,,16.90,16.9000,true,1,96971
8850161166143,false,קרם קוקוס 1 ליטר 17-,,,קרם קוקוס 1 ליטר 17-,ליטרים,1.00,ליטר,false,,19.90,19.9000,true,1,104511
8850161166204,false,"קרם קוקוס 17-19% 500 מ""ל - AMPAWA",אמפווה קוקונט פרודקט,TH,"קרם קוקוס 500 מ""ל",מיליליטרים,500.00,"100 מ""ל",false,,10.90,0.0218,true,1,96442
8850161167089,false,קוקו וואי משקה קוקוס 1 ליטר,טויו טייקאן קו.אל.טי.די,TH,חלב קוקוס קוקו וואי,ליטרים,1.00,ליטר,false,,15.90,15.9000,true,1,96972
8850367990443,false,"רוטב לסלט בסגנון אסייאתי 285 מ""לTCC (כ)ללא גלוטן",c coconut Theppadungporn,TH,רוטב לסלט בסגנון אסי,מיליליטרים,285.00,"100 מ""ל",false,,13.50,0.0474,true,1,91537
8850367992164,false,קרם קוקוס 250 מל 20-22% ללא חומר משמר,טאפאדונגפורן קוקנט,TH,קרם קוקוס ללא גלוטן,מיליליטרים,250.00,"100 מ""ל",false,,8.50,0.0340,true,1,82294
8850367992171,false,קרם קוקוס 1 ליטר 20-22% ללא חומר משמר,טאפאדונגפורן קוקינט,TH,קרם קוקוס ללא גלוטן,ליטרים,1.00,ליטר,false,,21.90,21.9000,true,1,58586
8850367992898,false,"רוטב לסלט עם למון גראס 285 מ""ל TCC (כ) ללא גלוטן",Theppadungporn cocon,,רוטב לסלט עם למון גר,מיליליטרים,285.00,"100 מ""ל",false,,13.50,0.0474,true,1,91539
8850367992997,false,"קרם קוקוס ללא גלוטן וחומרי משמר 250 מ""ל",THEPPADUNGPORN,TH,חלב קוקוס ללא גלוטן,גרמים,250.00,100 גרם,false,,7.50,0.0300,true,1,88167
8850372000380,false,מקלוני שעועית תאילנדים 10 יח',סיטינאן,,מקלוני שעועית,יחידה,400.00,יחידה,false,,18.90,0.0472,true,1,34884
8850372000472,false,מקלוני שעועית תאילנד,טעמי אסיה Taste of Asia,TH,מקלוני שעועית,גרמים,200.00,100 גרם,false,,8.90,0.0445,true,1,11525
8850389103111,false,סאפי משקה אלוורה בטעם ענבים 300מל,סאפה פובליק קומפני ל,TH,משקה סאפה אלוורה ענב,מיליליטרים,300.00,"100 מ""ל",false,,7.00,0.0233,true,1,24373
8850389103128,false,"משקה קל סאפה בטעם תפוח 300 מ""ל",סאפה פובליק קומפני ל,TH,משקה סאפה אלוורה תפו,מיליליטרים,300.00,"100 מ""ל",false,,7.00,0.0233,true,1,24374
8850389103159,false,"משקה ליצ'י עם חתיכות גלי קוקוס 320 מ""ל מוגו מוגו",סאפה פובליק קומפני לימיט,TH,מוגו מוגו ליצ'י עם ח,מיליליטרים,320.00,"100 מ""ל",false,,6.90,0.0216,true,1,143047
8850389104637,false,"משקה קל סאפה אלוורה אפרסק 300 מ""ל",סאפה פובליק קומפני ל,TH,סאפה אלוורה אפרסק,מיליליטרים,300.00,"100 מ""ל",false,,7.00,0.0233,true,1,39028
8850389105825,false,משקה אלוורה בטעם ענבים סאפה 1 ליטר,סאפה פובליק קומפני לימיט,TH,סאפה אלוורה ענבים 1,ליטרים,1.00,ליטר,false,,12.90,12.9000,true,1,38920
8850389105832,false,סאפה משקה אלוורה בטעם תפוח עם קוביות אלוורה 1 ליטר,סאפה פובליק קומפני לימיט,TH,סאפה אלוורה תפוח 1 ל,ליטרים,1.00,ליטר,false,,12.90,12.9000,true,1,39889
8850389105849,false,סאפה משקה אלוורה מופחת קלוריות בטעם אפרסק 1 ליטר,סאפה פובליק קומפני לימיט,TH,סאפה אלוורה אפרסק 1,ליטרים,1.00,ליטר,false,,12.90,12.9000,true,1,38921
8850389111352,false,"משקה מלון עם חתיכות גלי קוקוס 320 מ""ל מוגו מוגו",סאפה פובליק קומפני לימיט,TH,מוגו מוגו מלון עם חת,מיליליטרים,320.00,"100 מ""ל",false,,6.90,0.0216,true,1,143048
8850389115336,false,משקה אלוורה בטעם מלון סאפה 1 ליטר,סאפה פובליק קומפני לימיט,TH,סאפה מלון בקבוק ליטר,ליטרים,1.00,ליטר,false,,12.50,12.5000,true,1,91132
8850632601081,false,סוכריית גומי חמוצה,,,סוכריית גומי חמוצה,גרמים,40.00,100 גרם,false,,3.50,0.0875,true,1,49316
8850632601098,false,סוכריית גומי חמוצה,,,סוכריית גומי חמוצה,גרמים,40.00,100 גרם,false,,3.50,0.0875,true,1,49331
8850632601104,false,פס טעים יער 40 ג' 1/24 (8),,,סוכריית גומי חמוצה,גרמים,40.00,100 גרם,false,,3.50,0.0875,true,1,49130
8850632608998,false,שטיח ממותק פירות בטע,,,שטיח ממותק פירות בטע,גרמים,40.00,100 גרם,false,,3.50,0.0875,true,1,142377
8850854000013,false,"רוטב צדפות 700 מ""ל",,,"רוטב צדפות 700 מ""ל",מיליליטרים,700.00,"100 מ""ל",false,,13.90,0.0199,true,1,75529
8850854002239,false,רוטב סויה מתוק 700 מ,,,רוטב סויה מתוק 700 מ,מיליליטרים,700.00,"100 מ""ל",false,,14.90,0.0213,true,1,103651
8851613101378,false,"נוזל קוקוס ארוי די 250 מ""ל",תאי אגרי פוד פובליק קו'\,TH,"נוזל קוקוס 250 מ""ל",מיליליטרים,250.00,"100 מ""ל",false,,11.50,0.0460,true,1,92335
8851613101385,false,"חלב קוקוס ארוי-די קרטון 500מ""ל",תאי אגרי פוד פובליק קו'\,TH,"חלב קוקוס 500 מ""ל",מיליליטרים,500.00,"100 מ""ל",false,,12.90,0.0258,true,1,47234
8851613101392,false,נוזלי אגוז קוקוס 1ליטר,רנדי,,חלב קוקוס 1 ליטר,ליטרים,1.00,ליטר,false,,19.90,19.9000,true,1,100477
8852633119039,false,"רוטב דגים 300 מ""ל-כשר",טעמי אסיה Taste of Asia,,"רוטב דגים 300 מ""ל",מיליליטרים,300.00,"100 מ""ל",false,,8.90,0.0297,true,1,80511
8852633119077,false,רוטב דגים ירוק טעמי,,,רוטב דגים סקוויד 750,מיליליטרים,750.00,"100 מ""ל",false,,12.90,0.0172,true,1,80512
8853662056661,false,"רוטב סריראצ`ה מיו 455 מ""ל",EXOTIC FOOD PCL,,רוטב סריראצ'ה מיו 45,מיליליטרים,455.00,"100 מ""ל",false,,22.90,0.0503,true,1,93317
8853662060385,false,"רוטב סריראצ'ה שחור- רוטב על בסיס צ'ילי 455 מ""ל",EXOTIC FOOD PCL,,רוטב סריראצ'ה שחור,מיליליטרים,455.00,"100 מ""ל",false,,22.90,0.0503,true,1,107397
8854404000225,false,מחית קארי צהוב 70 גר' B.E,"בלו ספייס קו. בע""מ",TH,מחית קארי צהוב,גרמים,70.00,100 גרם,false,,12.50,0.1786,true,1,94673
8854404000621,false,מחית קארי ירוק 70 גר' B.E,"בלו ספייס קו. בע""מ",TH,מחית קארי ירוק,גרמים,70.00,100 גרם,false,,12.50,0.1786,true,1,94675
8854404000928,false,מחית להכנת מרק טום יאם 70 גר' B.E,"בלו ספייס קו. בע""מ",TH,מחית להכנת מרק טום י,גרמים,70.00,100 גרם,false,,12.50,0.1786,true,1,94677
8854404001055,false,מחית קארי אדום 70 גר' B.E,"בלו ספייס קו. בע""מ",TH,מחית קארי אדום,גרמים,70.00,100 גרם,false,,12.50,0.1786,true,1,94678
8854404001154,false,רוטב דגים בלו אלפנט,"בלו ספייס קו. בע""מ",TH,רוטב דגים,גרמים,200.00,100 גרם,false,,7.90,0.0395,true,1,94679
8854404001192,false,"רוטב פלפל שחור בבקבוק 190 מ""ל.B.E",,,רוטב פלפל שחור בבקבו,מיליליטרים,190.00,"100 מ""ל",false,,11.90,0.0626,true,1,145170
8854404002571,false,רוטב בוטנים בלו אלפנ,"בלו ספייס קו. בע""מ",TH,"רוטב בוטנים 190 מ""ל",מיליליטרים,190.00,"100 מ""ל",false,,11.90,0.0626,true,1,142370
8854404002625,false,מחית להכנת מרק טום קה 70 גר' B.E,"בלו ספייס קו. בע""מ",TH,מחית להכנת מרק טום ק,גרמים,70.00,100 גרם,false,,12.50,0.1786,true,1,94681
8854404006630,false,רוטב פלפל שחור בלו א,"בלו ספייס קו. בע""מ",TH,רוטב פלפל שחור,גרמים,100.00,100 גרם,false,,11.50,0.1150,true,1,94689
8854404007071,false,"רוטב פאד תאי בבקבוק 190 מ""ל.B.E","בלו ספייס קו. בע""מ",TH,"רוטב פאד תאי 190 מ""ל",מיליליטרים,190.00,"100 מ""ל",false,,11.90,0.0626,true,1,142762
8854692001515,false,רוטב צילי חריף 700 מ,KRS,TH,"רוטב צ'ילי 700 מ""ל",מיליליטרים,700.00,"100 מ""ל",false,,15.90,0.0227,true,1,97648
8858271002870,false,רוטב פאד תאי 250 מ'ל - מקסצ'אפ,"ייאן וואל יון בע""מ",TH,רוטב פאד תאי 250מל,מיליליטרים,250.00,"100 מ""ל",false,,12.90,0.0516,true,1,82676
8858271003075,false,"רוטב סויה מתוקה מקסצ'אפ 700 מ""ל",דאנינג יוה פודס קו,TH,רוטב סויה מתוקה 700,מיליליטרים,700.00,"100 מ""ל",false,,19.90,0.0284,true,1,82298
8858271003921,false,רוטב קארי אדום 250 מ'ל - מקסצ'אפ,יאן וואל יאן,TH,MAXCHAP- רוטב קארי א,מיליליטרים,250.00,"100 מ""ל",false,,12.90,0.0516,true,1,82300
8858271004423,false,"רוטב טום ים 250 מ""ל מקסצ'אפ",מזרח ומערב,,"רוטב טום יאם 250 מ""ל",מיליליטרים,250.00,"100 מ""ל",false,,12.90,0.0516,true,1,82302
8858744800019,false,מחית קארי ירוק 550 גרם כשר,קנוקוואן פוד פרודקטס,TH,מחית קארי ירוק,גרמים,50.00,100 גרם,false,,5.00,0.1000,true,1,56643
8858744800057,false,מחית טום-יאם 30 גרם,קנוקוואן פוד פרודקטס,,מחית טום יאם,גרמים,30.00,100 גרם,false,,5.00,0.1667,true,1,56644
8858744800064,false,מחית קארי אדום 50 גרם כשר,קנוקוואן פוד פרודקטס,TH,מחית קארי אדום,גרמים,50.00,100 גרם,false,,5.00,0.1000,true,1,57350
8858744800088,false,ממרח קארי מסאמן 50 ג,קנוקוואן פוד פרודקטס,,מחית קארי מאסאמאן,גרמים,50.00,100 גרם,false,,5.00,0.1000,true,1,57351
8858744800149,false,תערובת חמשת התבלינים,קנוקוואן פוד פרודקטס,,תערובת חמשת התבלינים,גרמים,50.00,100 גרם,false,,6.50,0.1300,true,1,56645
8886303210504,false,"קרם קוקוס 24% 500 מ""ל ""קארה""",ג'ומון,ID,"קרם קוקוס 500 מ""ל 24",מיליליטרים,500.00,"100 מ""ל",false,,13.90,0.0278,true,1,90442
8886303210542,false,"קרם קוקוס 17% 400 מ""ל ""קארה""",ג'ומון,ID,"קרם קוקוס 400 מ""ל",מיליליטרים,400.00,"100 מ""ל",false,,9.90,0.0248,true,1,90519
8888021200256,false,סוללות אנרג'ייזר AA מקס 8 יחידות,יצרן: אנרג'ייזר סינג,SG,סוללות ENERGIZER 1X8,יחידה,0.00,יחידה,false,,24.90,0.0000,false,1,16718
8888021200720,false,סוללות אנרג'ייזר AAA מקס 8 יחידות,יצרן: אנרג'ייזר סינג,SG,סוללות ENERGIZER 1X8,יחידה,0.00,יחידה,false,,24.90,0.0000,false,1,16719
8888021300116,false,סוללות שלט ברכב בודד12V,אנרג'\ייזר,ID,סוללת שלט לרכב בודד,יחידה,0.00,יחידה,false,,9.00,0.0000,true,1,16722
8888757103005,false,"שמן שומשום טהור 300 מ""ל",אוך אייק גואן פוד אינדוס,SG,שמן שומשום 300 מ,יחידה,300.00,יחידה,false,,19.90,0.0663,true,1,24480
8901483010505,false,"קורנישונים בחומץ 690 גרם ""לינה""",יושלם,IN,מלפפון קורנישון בחומ,גרמים,690.00,100 גרם,false,,9.90,0.0143,true,1,80508
8901537024014,false,"אורז בסמטי מובחר 1 ק""ג - דוואט) יורה דיעה",הנסיך- מפעל לייצור ט,IN,אורז בסמטי מובחר 1 ק,קילוגרמים,1.00,"ק""ג",false,,11.90,11.9000,false,1,34567
8901537076679,false,"אורז בסמטי חום מהדרין ויליפוד 1 ק""ג",האי נאם סי או אל.טי.,IN,אורז בסמטי חום מלא D,קילוגרמים,1.00,"ק""ג",false,,11.90,11.9000,true,1,91579
8904180001333,false,רוטב מנגו צאטני מתוק 340 גרם,,,מנגו צ'אטני מתוק 340,גרמים,340.00,100 גרם,false,,19.90,0.0585,true,1,98758
8934878081811,false,"דפי אורז 22 ס""מ 400 גר'(Trav) ללא גלוטן",דאנינג יוה פודס קו,VN,דפי אורז קמח טפיוקה,יחידה,0.00,יחידה,false,,14.90,0.0000,true,1,88344
8997206332016,false,סוכר קוקוס אורגני 454 גרם אינדונזיה,,,סוכר קוקוס אורגני,גרמים,454.00,100 גרם,false,,18.90,0.0416,true,1,90356
9000100760591,false,"פה - דאודורנט רול און לגבר אינוויזיבל פאוואר 50 מ""ל",שוורצקופף והנקל,TR,פה רול און אינביזיבל,מיליליטרים,50.00,"100 מ""ל",false,,10.00,0.2000,true,1,90847
9000100806657,false,"פה - דאודורנט רול און לאישה בלתי נראה 50 מ""ל",שוורצקופף והנקל,DE,פה רול און ספורט שקו,מיליליטרים,50.00,"100 מ""ל",false,,10.00,0.2000,false,1,51417
9000101329322,false,סבון אסלה בניחוח מתחלף תפוח נופר 50 ג' ברף,הנקל סוד,RS,סבון אסלה ברף בניחוח,גרמים,50.00,100 גרם,false,,9.90,0.1980,true,1,141378
9000101329742,false,סבון אסלה בניחוח מתחלף אפרסק תפוח 50 ג' ברף,הנקל סוד,RS,סבון אסלה ברף בנחוח,גרמים,50.00,100 גרם,false,,9.90,0.1980,true,1,141379
9000101372878,false,קפסולות דיסקס לניקוי כביסה לבנה וצבעונית Deep Clean,פרסיל Persil,HU,פרסיל דיקסק הלבנה וצ,יחידה,0.00,יחידה,false,,32.90,0.0000,true,1,108495
9000101380255,false,פרסיל דיסקס לכביסה ניקיון היגייני 22 יחידות,פרסיל Persil,HU,פרסיל דיסק הגייני 22,גרמים,550.00,100 גרם,false,,32.90,0.0598,true,1,142632
9000101417081,false,סבון אסלה ברף דלקס מגנוליה 50 גרם,גורי,RS,כדוריות סוד לאסלה מג,גרמים,50.00,100 גרם,false,,9.90,0.1980,true,1,101344
9000101418163,false,"סבון אסלה בניחוח מתחלף תפוח ירוק נופר, 3 יחידות",ברף Bref,RS,ברף בניחוח מתחלף תפו,יחידה,0.00,יחידה,false,,19.90,0.0000,true,1,144323
9000101512526,false,פרסיל - פאוור קאפס קפסולות ג'ל מרוכזות לכביסה 26 יח',קריות זול,RS,פרסיל פאוור 26 קפסול,יחידה,0.00,יחידה,false,,34.90,0.0000,true,1,143443
9000101520965,false,"סבון אסלה בניחוח מתחלף לוטוס עדין במבוק, 3 יחידות",ברף Bref,RS,ברף בניחוח מתחלף לוט,יחידה,0.00,יחידה,false,,19.90,0.0000,true,1,144324
9000101521436,false,סבון אסלה בניחוח מתחלף לוטוס במבוק 50 ג' ברף,הנקל סוד,RS,סבון אסלה בניחוח מתח,גרמים,50.00,100 גרם,false,,9.90,0.1980,true,1,141380
9000101536560,false,פרסיל פאוור קפסולות 70 יח,הנקל סוד,RS,פרסיל פאוור קפסולות,יחידה,0.00,יחידה,false,,69.90,0.0000,true,1,144700
9000101537550,false,פרסיל קאפסולות לכביסה לבנה וצבעונית 52 יח',פרסיל,HU,פרסיל פוואר קאפס יונ,יחידה,0.00,יחידה,false,,59.90,0.0000,true,1,144192
9000101537581,false,פרסיל קאפסולות לכביסה צבעונית 52 יחידו,הנקל סוד,HU,פרסיל פוואר קאפס קול,יחידה,0.00,יחידה,false,,59.90,0.0000,true,1,144193
9001616202100,false,מוצץ לתינוק ללא ביספנול 6+ מאם 2 יחידות,General,HU,מוצצים זמן לאהבה 6+,יחידה,0.00,יחידה,false,,34.90,0.0000,true,1,86825
9001616202377,false,מאם מוצצים סיליקון 0-6 לילה זוהרים תכלת,General,AT,מוצצים 0-6 זוהרים בח,יחידה,0.00,יחידה,false,,34.90,0.0000,true,1,38031
9001616202445,false,מוצץ לתינוק מיני אולטי סיליקון עיגולים מאם 2 יחידות,אלפא,AT,מוצצים איי לאב ממי 0,יחידה,0.00,יחידה,false,,34.90,0.0000,true,1,77500
9001616205781,false,מאם מוצצים סיליקון 6+ אנימלס כחול,אלפא,HU,מוצצים קליר 6+ בנים,יחידה,0.00,יחידה,false,,34.90,0.0000,true,1,44401
9001616661099,false,"בקבוק לתינוק 270 מ""ל 2+ חודשים Easy Active",מאם Mam,AT,בקבוק תינוק 270 בנים,יחידה,0.00,יחידה,false,,34.90,0.0000,true,1,38033
9001616702716,false,זוג מוצצים סיליקון זוהרים בלילה מאמ +6 ורוד,General,HU,מוצצים זוהרים 6+ בנו,יחידה,0.00,יחידה,false,,34.90,0.0000,true,1,94021
9001616702730,false,זוג מוצצי סיליקון לאב אנד אפקשן 6+ ו רוד,General,HU,מוצצים זמן לאהבה 6+,יחידה,0.00,יחידה,false,,34.90,0.0000,true,1,94022
9001616702969,false,"בקבוק תינוק 270 מ""ל סגול",General,HU,בקבוק תינוק 270 בנות,יחידה,0.00,יחידה,false,,34.90,0.0000,true,1,94038
9002859042799,false,גונץ - מוצרט כדורים בשקית 300 גר,GUNZ WARENHANDELS,AT,מוצרט-שוקולד ממולא ב,יחידה,297.00,יחידה,false,,32.90,0.1108,true,1,77199
9002859054099,false,גונץ בונבוניירת מוצרט משושה 300 גרם,GUNZ WARENHANDELS,AT,מוצרט-שוקולד ממולא,גרמים,297.00,100 גרם,false,,32.90,0.1108,true,1,52748
9002859055614,false,בוגי-סוכ'בפחית בטעם פירות יער 200 גרם 1/12(86109,,,WOOGIE-סוכרית פירות,גרמים,200.00,100 גרם,false,,8.90,0.0445,true,1,57886
9002859058172,false,בונבוניירה בננה ציפוי שוקולד מריר 300 גר,GUNZ WARENHANDELS,AT,בננות בציפוי שוקולד,גרמים,300.00,100 גרם,false,,15.90,0.0530,true,1,43867
9002859064104,false,בוגי-סוכריות בפחית בטעם מנטה 200 גרם,GUNZ WARENHANDELS,,WOOGIE-סוכרית מנטה ב,גרמים,200.00,100 גרם,false,,8.90,0.0445,true,1,53891
9002859066047,false,בוגי-סוכ'בפחית בטעם קפה 200 גרם 1/12(86105),GUNZ WARENHANDELS,,בוגי סוכריות בפח קפה,גרמים,200.00,100 גרם,false,,8.90,0.0445,true,1,57889
9002859066894,false,גונץ - חטיף מרציפן מצופה שוקולד 100 גרם,Gunz,IL,מרציפן מצופה שוקולד,גרמים,100.00,100 גרם,false,,8.00,0.0800,true,1,58448
9002859072741,false,ניקו מלח הימאלייה במטחנה 95 גרם גונץ,Gunz,,מלח הימאלייה במטחנה,גרמים,95.00,100 גרם,false,,11.90,0.1253,true,1,91734
9002859090516,false,גונץ בוגי סוכריות בפחית בטעם תפוח 200 גר,Gunz,,סוכריות בפח תפוח,גרמים,200.00,100 גרם,false,,8.90,0.0445,true,1,80891
9002859090530,false,גונץ בוגי סוכריות בפחית בטעם תפוז 200 גר,Gunz,,סוכריות בפח תפוז,גרמים,200.00,100 גרם,false,,8.90,0.0445,true,1,80892
9002975393812,false,סוכריות גילי הריבו האפי צירי 70 גרם,"האריבו , ג'\י.אם.בי.אייץ",AT,סוכריות הריבו האפי צ,גרמים,70.00,100 גרם,false,,6.90,0.0986,true,1,106852
9002975393829,false,סוכריות גילי הריבו פיציס 70 גרם,"האריבו , ג'\י.אם.בי.אייץ",AT,סוכריות הריבו פיצ'ס,גרמים,70.00,100 גרם,false,,6.90,0.0986,true,1,106854
9002975393836,false,סוכריות גילי הריבו האפי קולה 70 גרם,"האריבו , ג'\י.אם.בי.אייץ",AT,סוכריות הריבו האפי ק,גרמים,70.00,100 גרם,false,,6.90,0.0986,true,1,106853
9002975393843,false,סוכריות גילי הריבו גולדברס 70 גרם,"האריבו , ג'\י.אם.בי.אייץ",AT,סוכריות הריבו גולדבר,גרמים,70.00,100 גרם,false,,6.90,0.0986,true,1,106851
9002975393850,false,סוכריות גילי הריבו וורמס 70 גרם,"האריבו , ג'\י.אם.בי.אייץ",AT,סוכריות הריבו וורמס,גרמים,70.00,100 גרם,false,,6.90,0.0986,true,1,106855
9005835312626,false,קלרו 50 טבליות למדיח ללא פוספטים,יעקובי,AT,קלרו 50 טבליות למדיח,יחידה,0.00,יחידה,false,,45.90,0.0000,true,1,98480
9005835312640,false,קלרו 80 טבליות למדיח ללא פוספטים,יעקובי,AT,קלרו 80 טבליות למדיח,יחידה,0.00,יחידה,false,,64.90,0.0000,true,1,98485
9005835312718,false,"קלרו פירמידה מלח למדיח כלים 1 ק""ג CLARO",יעקובי,AT,קלרו פירמידה מלח אקו,קילוגרמים,1.00,"ק""ג",false,,9.90,9.9000,true,1,98469
9005835312732,false,"קלרו נוזל הברקה למדיח כלים 500 מ""ל CLARO",יעקובי,AT,קלרו נוזל הברקה למדי,מיליליטרים,500.00,"100 מ""ל",false,,9.90,0.0198,true,1,98467
9005835312756,false,"קלרו ניקוי יסודי למדיח כלים 250 מ""ל CLARO",יעקובי,AT,קלרו נוזל לניקוי יסו,מיליליטרים,250.00,"100 מ""ל",false,,9.90,0.0396,true,1,98481
9005835313609,false,קלרו טבליות למדיח כלים 15 יחידות CLARO,קלרו,AT,טבליות למדיח 15 יח',יחידה,0.00,יחידה,false,,9.90,0.0000,true,1,142912
9005835313661,false,טבליות ניקוי וחיטוי למדיח99.9% קלרו 30 יח',רלוי,AT,קלרו טבליות ניקוי וח,יחידה,0.00,יחידה,false,,29.90,0.0000,true,1,108798
9044400826861,false,סוכריות פז בטעם בננה אגס אסיאתי 68 גר,פז פרודקשיין יורו,HU,סוכריות פז מילוי בננ,גרמים,68.00,100 גרם,false,,8.90,0.1309,true,1,105005
9044400841000,false,סוכריות פז סוגים שונים + 3 מילויים,פופז,HU,סוכריות פז,גרמים,25.50,100 גרם,false,,12.00,0.4706,true,1,47538
9044400851672,false,סוכריות פז סוגים שונים + 3 מילויים,פז פרודקשיין יורו,HU,סוכריות פז בטעם פירו,גרמים,25.50,100 גרם,false,,12.00,0.4706,true,1,144042
9120025834723,false,חטיף אוראו מצונן 120 גרם רבנות,בובארד איטליה אס.פי.,IT,חטיף אוראו 120 גר מצ,גרמים,120.00,100 גרם,false,,13.90,0.1158,true,1,145666
9120025839896,false,חטיף מילקה מצונן 128 גרם,בובארד איטליה אס.פי.,IT,מארז חטיף מילקה,גרמים,128.00,100 גרם,false,,13.90,0.1086,true,1,145755
9310072028743,false,טים טם ביסקוויט במילוי שוקולד 200 גרם,"ארנוטס ביסקוויטס בע""",AU,טים טם אוריגינל 200,גרמים,200.00,100 גרם,false,,19.90,0.0995,true,1,80288
9310072028750,false,טים טם Tim Tam וופל שוקולד ציפוי כפול,"ארנוטס ביסקוויטס בע""",AU,טים טם דאבל 200 גר',גרמים,200.00,100 גרם,false,,19.90,0.0995,true,1,80143
9310088007015,false,דיפנד תחבושות אוברנייט בלילה,קימברלי-קלארק,VN,תחבושות פויז,יחידה,0.00,יחידה,false,,19.90,0.0000,false,1,49735
9322969000015,false,פריכיות תירס בטעם אורגינל ריל פודס 150 ג',אף.סי תבליני בגליל ב,AU,פריכיות תירס - 150ג',גרמים,150.00,100 גרם,false,,14.90,0.0993,true,1,38241
9322969000022,false,"ריל פוד פריכיות תירס עם סויה וזרעי פשתן, ללא גלוטן 150 גרם",אף.סי תבליני בגליל ב,AU,פריכיות תירס - 150ג',גרמים,150.00,100 גרם,false,,14.90,0.0993,true,1,39206
9322969000039,false,פריכיות תירס 150 גרם עם 5 סוגי דגנים,ריאל פודס בעמ,AU,פרכיות תירס עם ד,גרמים,150.00,100 גרם,false,,14.90,0.0993,true,1,93080
9322969000046,false,פריכיות תירס שומשום אורגני ריל פודס 150 ג',אף.סי תבליני בגליל ב,AU,פריכיות תירס אורגניו,גרמים,150.00,100 גרם,false,,13.90,0.0927,true,1,37872
9322969000053,false,פריכיות אורז מלא ריל פוד 150 גרם,סנו מפעלי ברונוס.,AU,פריכיות אורז חום,גרמים,150.00,100 גרם,false,,14.90,0.0993,true,1,131778
9421018071508,false,מאד האוס סובינ.בלאן750מל,קוואליטי ווין,NZ,מאד האוס סובניון בלא,מיליליטרים,750.00,"100 מ""ל",false,,50.00,0.0667,true,1,97948
9720188050109,false,ממרח על בסיס סויה בסגנון גבינה טופוטי 225 גרם,טופוטי ברנדס אינק.ג',IL,ממרח טופו טבעי 27%,גרמים,225.00,100 גרם,false,,19.90,0.0884,true,1,13040
9720188060108,false,ממרח על בסיס סויה בסגון שמנת טופוטי 340 גרם,טופוטי ברנדס אינק.ג',IL,ממרח טופו טבעי,גרמים,340.00,100 גרם,false,,19.90,0.0585,true,1,13044
9770793914006,false,עיתון גירוסלים פוסט יום שישי,,,עיתון ג'רוזלם פוסט,יחידה,0.00,יחידה,false,,22.00,0.0000,false,1,14212
9771565025005,false,עיתון מעריב סוף השבוע,,IL,סופהשבוע,יחידה,0.00,יחידה,false,,10.00,0.0000,false,1,47768
9771565038319,false,עיתון ידיעות אחרונות,,,עיתון ידיעות אחרונות,יחידה,0.00,יחידה,false,,7.00,0.0000,false,1,13834
9771565038326,false,עיתון ידיעות אחרונות,,,ידיעות יום ב,יחידה,0.00,יחידה,false,,7.00,0.0000,false,1,13835
9771565038333,false,עיתון ידיעות אחרונות,,,ידיעות יום ג,יחידה,0.00,יחידה,false,,7.00,0.0000,false,1,13836
9771565038340,false,עיתון ידיעות אחרונות,,,עיתון ידיעות אחר,יחידה,0.00,יחידה,false,,7.00,0.0000,false,1,13837
9771565038357,false,עיתון ידיעות אחרונות,,,ידיעות יום ה,יחידה,0.00,יחידה,false,,7.00,0.0000,false,1,13838
9771565039125,false,עיתון לאישה יום ב,ידיעות אחרונות,,"""לאשה""",יחידה,0.00,יחידה,false,,21.90,0.0000,false,1,13840
9771565051066,false,עיתון ידיעות אחרונות,ידיעות אחרונות,,"ידיעות אחרונות סופ""ש",יחידה,0.00,יחידה,false,,20.00,0.0000,false,1,13850
9771565192431,false,עיתון מנטה יום ג`,,,מגזין מנטה,יחידה,0.00,יחידה,false,,28.00,0.0000,false,1,13858
9771565290007,false,עיתון הארץ יום שישי,,,עיתון הארץ שישי,יחידה,0.00,יחידה,false,,33.00,0.0000,false,1,31037
