code,internal_code,name,manufacturer_name,manufacture_country,manufacturer_item_description,unit_qty,quantity,unit_of_measure,weighted,qty_in_package,price,unit_of_measure_price,allow_discount,status,item_id
10124350,false,צלי כתף מס' 5 קפוא א,בלדי,,צלי כתף מס' 5 קפוא א,קילוגרמים,1.00,"ק""ג",true,,52.90,52.9000,true,1,29869
17008172,false,שריר הזרוע מוכשר,,,שריר הזרוע מוכשר,קילוגרמים,1.00,"ק""ג",true,,33.90,33.9000,true,1,124024
32147230,false,"מיץ לימון משומר 200מ""ל(לימונית אקסטרא)",ג'נרל מילס סאן אדריא,CH,מיץ לימון משומר 200מ,יחידה,200.00,יחידה,false,,8.90,0.0445,true,1,30578
40052403,false,קיט קט 4 אצבעות שוקולד חלב,נסטלה Nestle,DE,קיט קט 4 אצבעות,גרמים,41.50,100 גרם,false,,3.70,0.0892,true,1,99888
40084107,false,ביצת שוקולד הפתעה קינדר,פרדי קונדטוריה אס פי,IT,ביצת קינדר,יחידה,0.00,יחידה,false,,5.90,0.0000,true,1,79927
40099132,false,מסטיק הובה בובה Hubba Bubba בטעם תות,הובה בובה Hubba Bubba,DE,הובה בובה צ'אנק בטעם,יחידה,0.00,יחידה,false,,3.00,0.0000,true,1,60064
40345123,false,סמרטיז גליל סוכריות כפתורים 38 ג',נסטלה Nestle,DE,סמרטיס-נסטלה עדשים,גרמים,38.00,100 גרם,false,,3.70,0.0974,true,1,63746
42061939,false,"בירה בקס בקבוק 500 מ""ל בקבוק","איי, בי, אינבוו",DE,בקבוק בירה בקס 500 מ,מיליליטרים,500.00,"100 מ""ל",false,,8.90,0.0178,true,1,118025
42123866,false,מסטיק הובה בובה צ'אנק פירות קלאסי 35ג',הובה בובה Hubba Bubba,,מסטיק הובה בובה קלאס,גרמים,35.00,100 גרם,false,,3.00,0.0857,true,1,24629
42138105,false,סיגריות וינסטון סלימס כחול בודד,גיי טי אינטרנשיונל,CH,וינסטון סופר סלימס כ,יחידה,0.00,יחידה,false,,32.00,0.0000,false,1,35098
59016441,false,"רקסונה - דאודורנט רול און לאישה פרוט ספין 50 מ""ל","יוניליוור אנגליה, דרך קו",GB,רקסונה דאודורנט רול,מיליליטרים,50.00,"100 מ""ל",false,,13.90,0.2780,true,1,120198
59039549,false,ווג פריזון מנטול חפיסה,Unknown,PL,ווג פריזון מנטה,יחידה,0.00,יחידה,false,,37.00,0.0000,false,1,41611
59068907,false,סיגריות פאל מאל כחול דמי סלימס,גלוברנס,PL,פאל מאל כחול דמי סלי,יחידה,0.00,יחידה,false,,25.00,0.0000,false,1,109976
59068914,false,סיגריות פאל מאל סילבר דמי סלימס,Unknown,PL,פאל מאל סילבר דמי סל,יחידה,0.00,יחידה,false,,25.00,0.0000,false,1,109977
59081630,false,"דאו רול און קוקוס ויסמין דאב 50 מ""ל",יוניליוור פארם,GB,דאודורנט דאב רול און,מיליליטרים,50.00,"100 מ""ל",false,,14.90,0.2980,true,1,115665
59082538,false,דאו.רקסונה פרש ליצ'י50מ,יוניליוור,GB,רקסונה רול און ליצ'י,מיליליטרים,50.00,"100 מ""ל",false,,13.90,0.2780,true,1,117163
59455233,false,סיגריות ווג ליידי כח,Unknown,PL,ווג ליידי כחול,יחידה,0.00,יחידה,false,,37.00,0.0000,false,1,55366
59455240,false,סיגריות ווג ליידי לילך בודד,Unknown,PL,ווג ליידי לילך,יחידה,0.00,יחידה,false,,37.00,0.0000,false,1,55367
72917367,false,טעמי חטיף במילוי קרם נוגט וקרמל,"שטראוס גרופ בע""מ",IL,חטיף טעמי 40 גרם,גרמים,40.00,100 גרם,false,,4.00,0.1000,false,1,9945
72940754,false,"מילקי מעדן וניל עם קצפת שטראוס 133 מ""ל","שטראוס גרופ בע""\מ",IL,מילקי וניל 6.5%,מיליליטרים,170.00,"100 מ""ל",false,,2.80,0.0165,false,1,7679
72940761,false,"מילקי מעדן שוקולד עם קצפת שטראוס 133 מ""ל",מיוצר עי קונדיטוריית,IL,מילקי שוקו 7%,מיליליטרים,170.00,"100 מ""ל",false,,2.80,0.0165,false,1,7680
72940952,false,מעדן מילקי בטעם שוקולד עם אקסטרה קצפת,"שטראוס גרופ בע""\מ",IL,מילקי פי 2 10%,מיליליטרים,170.00,"100 מ""ל",false,,3.70,0.0218,true,1,7681
72940976,false,סלט כרוב אדום אחלה 250 גרם,מיוצר עי קונדיטוריית,IL,כרוב אדום אחלה,גרמים,250.00,100 גרם,false,,7.60,0.0304,true,1,7682
72940983,false,סלט חומוס 250 גר אחל,אחלה - שטראוס,IL,חומוס אחלה 250,גרמים,250.00,100 גרם,false,,6.60,0.0264,true,1,7683
72941041,false,מעדן מילקי מיני בטעם שוקולד עם קצפת,"שטראוס גרופ בע""\מ",IL,מילקי מיני שוקולד 7%,גרמים,70.00,100 גרם,false,,2.00,0.0286,true,1,7684
72945308,false,קוביות שמרים לאפיה שמרית 2*25 ג',"פאקא תעשיות בע""\מ",IL,קוביות שמרים 50,גרמים,50.00,100 גרם,false,,3.70,0.0740,false,1,7685
72961506,false,יוגורט עם תות 1.5% שומן 125 ג' פרילי,מיוצר עי קונדיטוריית,IL,פרילי תות 1.5%,מיליליטרים,125.00,"100 מ""ל",false,,3.60,0.0288,true,1,8848
72961520,false,"פרילי יוגורט עם אננס 1.5% תנובה 125 מ""ל",מיוצר עי קונדיטוריית,IL,פרילי אננס 1.5%,מיליליטרים,125.00,"100 מ""ל",false,,3.60,0.0288,true,1,8850
72961544,false,"באדי יוגורט בטעם תות שדה 3% תנובה 125 מ""ל",מחלבת אלון תבור,IL,"באדי תות 3% 125 מ""ל",מיליליטרים,125.00,"100 מ""ל",false,,3.00,0.0240,true,1,8851
72964132,false,פרילי טבע יוגורט עם גרנולה 200 גרם,מיוצר עי קונדיטוריית,IL,טבעגורט 1.9% 200 גרם,גרמים,200.00,100 גרם,false,,5.30,0.0265,true,1,8859
72964422,false,יוגורט פרחים 4.5% שומן 200 גרם,מחלבת תנובה,IL,יוגורט תנובה 4.5%,גרמים,200.00,100 גרם,false,,2.90,0.0145,true,1,8860
72983454,false,סיגריות גולף סופר סלימס בודד,דובק,,גולף סופר סלים,יחידה,0.00,יחידה,false,,30.00,0.0000,false,1,12647
72983997,false,קופסה גולף גולד ארוך בוקס,דובק,,סיגריות גולף גולד קו,יחידה,0.00,יחידה,false,,30.00,0.0000,false,1,22872
72986370,false,"גלידת בן & ג'ריס פיינטים וניל 500מ""ל",מוצרי איכות אמריקאיים,IL,בן אנד ג'ריס גלידת ו,מיליליטרים,500.00,"100 מ""ל",false,,18.90,0.0378,false,1,13214
72986424,false,"גלידת בן & ג'ריס פיינטים קרם עוגיות 500מ""ל",מוצרי איכות אמריקאיים בע,IL,בן אנד ג'ריס לידת קר,מיליליטרים,500.00,"100 מ""ל",false,,18.90,0.0378,true,1,13215
72986448,false,"גלידת בן & ג'ריס פיינטים טופי קראנץ 500מ""ל",מוצרי איכות אמריקאיים בע,IL,בן אנד ג'ריס גלידת ט,מיליליטרים,500.00,"100 מ""ל",false,,18.90,0.0378,true,1,13216
72986455,false,"ניו יורק סופר גלידת שוקולד, חתיכות פאדג' ואגוזים",מוצרי איכות אמריקאיים בע,IL,בן אנד ג'ריס ניו יור,מיליליטרים,500.00,"100 מ""ל",false,,18.90,0.0378,true,1,13217
72986479,false,"צ'אנקי מנקי גלידת וניל, בננות, חתיכות פאדג' ואגוזים",מוצרי איכות אמריקאיים בע,IL,בן וג'ריס צאנקי מנקי,מיליליטרים,500.00,"100 מ""ל",false,,18.90,0.0378,true,1,13218
72989425,false,"גלידת בן & ג'ריס פיינטים שוקולד בראוניז 500מ""ל",מוצרי איכות אמריקאיים בע,IL,גלידת בראוניס,יחידה,500.00,יחידה,false,,18.90,0.0378,true,1,98144
72991008,false,חטיף פסק זמן במילוי ופל מגולגל 45 גרם,"שטראוס גרופ בע""מ",IL,פסק זמן חלב מגדים 45,גרמים,45.00,100 גרם,false,,5.00,0.1111,true,1,35722
72991374,false,סיגריות טיים רד חפיס,דובק,IL,סיגריות טיים,יחידה,0.00,יחידה,false,,29.00,0.0000,false,1,12648
72991381,false,סיגריות טיים 100 RED בודד,דובק,IL,סיגריות טיים ארו,יחידה,0.00,יחידה,false,,29.00,0.0000,false,1,12649
72991404,false,סיגריות אירופה חפיסה,דובק,IL,סיגריות אירופה,יחידה,0.00,יחידה,false,,29.00,0.0000,false,1,12651
72991428,false,קופסה ברודווי ארוך,דובק,IL,סיגריות ברדווי 0,יחידה,0.00,יחידה,false,,29.00,0.0000,false,1,12653
72991473,false,סיג.שרתון חפיסה,דובק,IL,סיגריות שרתון,יחידה,0.00,יחידה,false,,29.00,0.0000,false,1,12658
72991510,false,סיגריות מונטנה פילטר,"דובק בע""מ",IL,סיגריות מונטנה,יחידה,0.00,יחידה,false,,30.00,0.0000,false,1,12662
72991527,false,מוסטאנג רד חפיסה,"דובק בע""מ",IL,סיגריות מוסטנג,יחידה,0.00,יחידה,false,,24.50,0.0000,false,1,12663
72991824,false,טיים בלו ארוך חפיסה,"דובק בע""מ",IL,סיגריות טיים ליי,יחידה,0.00,יחידה,false,,29.00,0.0000,false,1,12664
72991886,false,"גלידת דולצ'ה בטעם ריבת חלב עם פאדג' בן וג'ירי 500 מ""ל",מוצרי איכות אמריקאיים בע,IL,בן וג'ריס ריבת חלב,מיליליטרים,500.00,"100 מ""ל",false,,18.90,0.0378,true,1,13220
72993637,false,מעדן חלב בטעם שוקולד 125 ג' דני,"שטראוס גרופ בע""\מ",IL,דני שוקולד בודד 1.5%,מיליליטרים,125.00,"100 מ""ל",false,,2.60,0.0208,false,1,29528
72994061,false,חטיף פסק זמן GOOD גלילית לבן 40 גרם,שולן צ'\יקולטה גידה סאן.,TR,פסק זמן טו גוד שוקול,גרמים,36.00,100 גרם,false,,5.00,0.1389,true,1,106462
76136184,false,סיגריות פאל מל סלימס כחול בודד,Unknown,CH,פאל מאל סופרסלימס כח,יחידה,0.00,יחידה,false,,29.00,0.0000,false,1,24599
80001485,false,חטיף גרנדה קוקוס 38 גרם,קריניציה ויטמינה אס,IT,וופל גרדנה קוקוס 38,גרמים,38.00,100 גרם,false,,3.90,0.1026,true,1,28216
80001751,false,לואקר וופל סנדוויץ וניל 25 גרם,ליימן שליסל,IT,וופל וניל 25 גר',גרמים,25.00,100 גרם,false,,2.90,0.1160,true,1,149575
80001799,false,לואקר טורטינה שוקולד לבן,"כד בני דרום בע""מ",IT,טורטינה שוקולד לבן,גרמים,21.00,100 גרם,false,,3.90,0.1857,true,1,64685
80001911,false,וופל גרדנה במילוי קרם אגוזי לוז ובציפוי שוקולד לבן,ליימן מותגים,AT,גרדנה אגוז לבן 38 גר,גרמים,38.00,100 גרם,false,,3.90,0.1026,true,1,101501
80042556,false,POLPA עגבניות חתוכות דק 400 גרם MUTTI,"איי, בי, אינבוו",IT,MUTTI עגבניות חתוכות,יחידה,0.00,יחידה,false,,16.90,0.0000,true,1,67990
80042563,false,רסק עגבניות MUTTI{צהוב} 700 גרם,"איי, בי, אינבוו",IT,רסק עגבניות איטלקי M,גרמים,720.00,100 גרם,false,,11.90,0.0165,true,1,57142
80050025,false,סוכריות טיק טק תפוז 16 גרם,פררו - אלבה,ZA,טיק טק תפוז,גרמים,16.00,100 גרם,false,,3.50,0.2188,false,1,12788
80050124,false,סוכריות טיק טק מנטה 16 גרם,פררו - אלבה,ZA,טיק טק סוכריות,גרמים,16.00,100 גרם,false,,3.50,0.2188,false,1,12789
80052760,false,קינדר בואנו Kinder Bueno עם חלב ואגוזי לוז,פררו - אלבה,PL,חטיף קינדר בואנו 43,גרמים,43.00,100 גרם,false,,3.90,0.0907,true,1,12793
80052883,false,סוכריות טיק טק מנטה חזק 16 גרם,צ'וקטה,ZA,סוכריות טיק טק מנטה,יחידה,0.00,יחידה,false,,3.50,0.0000,true,1,124936
80136194,false,חטיפי הפי היפו Happy Hippo במילוי קרם חלבי ואגוזי לוז,קינדר Kinder,DE,הפי היפו וויט חמישיי,גרמים,103.50,100 גרם,false,,12.90,0.1246,true,1,107896
80176800,false,נוטלה ממרח שוקולד 750 גרם,פררו תעשיות איטליה ס,IT,ממרח נוטלה 750 גרם,גרמים,750.00,100 גרם,false,,25.90,0.0345,false,1,12794
80177173,false,ממרח שוקולד נוטלה 350 גרם,פררו - אלבה,IT,ממרח נוטלה 350 גרם,גרמים,350.00,100 גרם,false,,13.90,0.0397,false,1,12795
80177609,false,אצבעות שוקולד קינדר Kinder ארבע יחידות,פררו - אלבה,IT,אצבעות שוקולד קינדר,גרמים,50.00,100 גרם,false,,3.90,0.0780,false,1,12797
80177616,false,אצבעות שוקולד קינדר Kinder שמונה יחידות,פררו - אלבה,IT,אצבעות שוקולד קינדר,גרמים,100.00,100 גרם,false,,7.90,0.0790,false,1,12798
80310167,false,קינדר שוקולד מקסי 126 גר,קינדר,DE,קינדר מקסי שישייה,יחידה,0.00,יחידה,false,,9.90,0.0000,true,1,116676
80310891,false,ג'וי ביצת הפתעה קינדר 20 גרם,קריות זול,ZA,ביצת קינדר ג'וי,גרמים,20.00,100 גרם,false,,5.90,0.2950,true,1,25726
80761761,false,קינדר בואנו לבן בודד 39 גרם,ליימן שליסל,PL,חטיף קינדר בואנו לבן,גרמים,43.00,100 גרם,false,,3.90,0.0907,true,1,42447
80768838,false,מסטיק מנטוס וויט ביג פירות ומנטה 105 ג',פרפטי ואן מלה,TR,מנטוס וויט ביג תותי,גרמים,105.00,100 גרם,false,,15.90,0.1514,true,1,102117
80768890,false,מסטיק מנטוס וויט ביג מנטה עדינה 105 ג',פרפטי ואן מלה,TR,מנטוס וויט ביג ספירמ,גרמים,105.00,100 גרם,false,,15.90,0.1514,true,1,102118
80773429,false,מנטוס בקבוק מעוגל - מסטיק ללא סוכר בטעם תות 60 גרם,"פרפטי ואן מלה ג'\ידה,סאן",TR,מסטיק מנטוס תות,גרמים,60.00,100 גרם,false,,9.90,0.1650,true,1,109056
80773443,false,מנטוס בקבוק מעוגל - מסטיק ללא סוכר בטעם מנטה 60 גרם,"פרפטי ואן מלה ג'\ידה,סאן",TR,מנטוס מסטיק בקבוק מע,גרמים,60.00,100 גרם,false,,9.90,0.1650,true,1,105015
80776307,false,מסטיק מנטוס ביג בבקבוק מעוגל טעם פירות מנטה 90 ג',פרפטי ואן מלה הולנד,TR,מסטיק מנטוס ביג בקבו,גרמים,90.00,100 גרם,false,,15.90,0.1767,true,1,105130
80780595,false,מסטיק מנטוס ביג בבקבוק מעוגל טעם מנטה-עדינה 90 ג',פרפטי ואן מלה הולנד,TR,מסטיק מנטוס ביג בקבו,גרמים,90.00,100 גרם,false,,15.90,0.1767,true,1,105131
80790990,false,מסטיק מנטוס בבקבוק מעוגל בטעם פירות -מנטה 60 ג',"פרפטי ואן מלה ג'\ידה,סאן",TR,מנטוס מסטיק בקבוק מע,גרמים,60.00,100 גרם,false,,9.90,0.1650,true,1,105016
80820970,false,שוקולד חלב ממולא קרם קרמל ועלי וופל פריכ,לואקר,IT,טורטינה קרמל בודד,גרמים,21.00,100 גרם,false,,3.90,0.1857,true,1,126050
80831402,false,סוכריות מנטוס מנטה עדינה 30 יח' ללא סוכר CLEAN BREATH,פרפטי ואן מלה,NL,סוכריות מנטוס מנטה ע,גרמים,21.00,100 גרם,false,,5.90,0.2810,true,1,119183
80832560,false,סוכריות מנטוס פירות יער 21 ג' ללא סוכר CLEAN BREATH,פרפטי ואן מלה,TR,סוכריות מנטוס לריענו,גרמים,21.00,100 גרם,false,,5.90,0.2810,true,1,189500
80843184,false,מנטוס מסטיק פיור פרש בטעם ענבים 60גר,פרפטי ואן מלה הולנד,TR,מסטיק מנטוס ענבים בק,גרמים,60.00,100 גרם,false,,9.90,0.1650,true,1,126804
80850885,false,גומי לעיסה מנטוס וויט בטעם מנטה עדינה ללא סוכר,פרפטי ואן מלה ברדה,TR,מסטיק מנטוס וויט מנט,גרמים,60.00,100 גרם,false,,9.90,0.1650,true,1,69399
80854753,false,סוכריות מנטוס מנטה 30 יח' ללא סוכר CLEAN BREATH,פרפטי ואן מלה,NL,סוכריות מנטוס מנטה ל,גרמים,21.00,100 גרם,false,,5.90,0.2810,true,1,119184
80864295,false,סוכריות פיור וויט טעם מנטה עדינה 60 ג' מנטוס,"פרפטי ואן מלה ג'ידה,סאן",TR,מנטוס פיור וויט מנטה,גרמים,60.00,100 גרם,false,,9.90,0.1650,true,1,186057
80896081,false,מנטוס בקבוק מעוגל - מסטיק ללא סוכר בטעם אבטיח 60 גרם,"פרפטי ואן מלה ג'\ידה,סאן",TR,מסטיק מנטוס אבטיח,יחידה,0.00,יחידה,false,,9.90,0.0000,true,1,108996
80913467,false,מנטוס בקבוק מעוגל - מסטיק ללא סוכר בטעם מנטה,פרפטי ואן מלה הולנד,TR,מנטוס מסטיק בקבוק מע,גרמים,60.00,100 גרם,false,,9.90,0.1650,true,1,105017
80929277,false,מסטיק מנטוס פיור וויט מנטה עדינה 150 גר,"פרפטי ואן מלה ג'ידה,סאן",TR,מסטיק מנטוס XXL טעם,גרמים,150.00,100 גרם,false,,17.90,0.1193,true,1,189025
80936459,false,שלישיית ביצי שוקולד(,,IT,שלישיית ביצי שוקולד,יחידה,0.00,יחידה,false,,12.90,0.0000,true,1,187924
80936848,false,סוכריות טיק טק תות שדה 24 יח',ליימן-שליסל,ZA,טיק טק תות שדה,יחידה,0.00,יחידה,false,,3.50,0.0000,false,1,67234
80945468,false,סוכריות פיור וויט טעם מנטה מתוקה 60 ג' מנטוס,"פרפטי ואן מלה ג'ידה,סאן",TR,מנטוס פיור וויט מנטה,גרמים,60.00,100 גרם,false,,9.90,0.1650,true,1,186058
80979128,false,מנטוס מסטיק בקבוק מעוגל בטעם דובדבן,פרפטי ואן מלה הולנד,TR,מסטיק דובדבן בקבוק מ,גרמים,60.00,100 גרם,false,,9.90,0.1650,true,1,126805
80982470,false,מסטיק מנטוס פיור פרוסט בטעם מנטה חזק 60 גר',פרפטי ואן מלה ברדה,TR,מנטוס מסטיק פיור פרו,גרמים,60.00,100 גרם,false,,9.90,0.1650,true,1,124981
80986348,false,סוכריות פיור וויט טעם מנטה 60 ג' מנטוס,"פרפטי ואן מלה ג'ידה,סאן",TR,מנטוס פיור וויט מנטה,גרמים,60.00,100 גרם,false,,9.90,0.1650,true,1,186059
80995128,false,מנטוס בקבוק עגול בטעם הדרים בתוספת ויטמינים 60 גרם,פרפטי ואן מלה הולנד,TR,מנטוס מסטיק בטעם הדר,גרמים,60.00,100 גרם,false,,9.90,0.1650,true,1,190793
87108538,false,סוכריות בטעם תות מנטוס 37.5 גרם,הדקלאים אגודת שיתופי,NL,מנטוס תות,גרמים,37.50,100 גרם,false,,2.90,0.0773,true,1,29657
87108651,false,סוכריות בטעם מנטה מנטוס 4*37.5 גרם,הדקלאים אגודת שיתופי,NL,מנטוס מנטה רביעי,יחידה,0.00,יחידה,false,,10.90,0.0000,false,1,12805
87108712,false,סוכריות בטעם פירות מנטוס 4*37.5 גרם,פרפטי ואן מלה ברדה,NL,מנטוס פירות רביע,גרמים,150.00,100 גרם,false,,10.90,0.0727,true,1,12806
87311396,false,מנטוס ריינבאוו סוכריות לעיסה בטעמי פירות,פרפטי ואן מלה ברדה,NL,מנטוס ריינבואו בודד,גרמים,37.50,100 גרם,false,,2.90,0.0773,true,1,59902
87354041,false,סוכריות מנטוס גליל בטעם דובדבן,פרפטי ואן מלה,NL,מנטוס גליל דובדבן,גרמים,37.50,100 גרם,false,,2.90,0.0773,true,1,125454
90162602,false,רד בול משקה אנרגיה פקדון 30 אג,רד בול ג'י.אם.בי. אץ,IL,רד בול משקה,יחידה,0.00,יחידה,false,,5.90,0.0000,true,1,26011
96147610,false,"דאב - דאודורנט רול און לגבר אלומניום אפרסק 50 מ""ל",יוניליוור פיליפינים,GB,דאב רול און אפרסק 0%,מיליליטרים,50.00,"100 מ""ל",false,,14.90,0.2980,true,1,119143
4715020755,false,קישוטי עוגה פרינסס,,,קישוטי עוגה פרינסס,גרמים,75.00,100 גרם,false,,12.90,0.1720,true,1,35361
9073102314,false,"גלידה סורבט שרונס קוקוס 473מ""ל",מוצרי איכות אמריקאיים,IL,סורבה שרונס קוקוס,יחידה,385.00,יחידה,false,,18.90,0.0491,true,1,67635
9800800056,false,חטיף שוקולד עם מקלות לחם אנד גו,פררו - אלבה,DE,נוטלה GO,גרמים,52.00,100 גרם,false,,5.50,0.1058,true,1,102096
10900678148,false,דיאמונד רדיד אלומיניום נון סטיק,דיימונד,CN,דיאמונד רדיד אלומיני,יחידה,0.00,יחידה,false,,15.90,0.0000,true,1,187218
11182700923,false,קינג קול שעועית אדומה בהירה 439 גרם,הנובר פודס,US,שעועית אדומה בהירה,גרמים,439.00,100 גרם,false,,9.90,0.0226,true,1,56042
11210000094,false,"רוטב ""טבסקו"" על בסיס פלפל אדום 60 מ""ל",מקאילהייני אייבורי,US,TABASCO טבסקו רוטב פ,מיליליטרים,60.00,"100 מ""ל",false,,11.00,0.1833,true,1,22279
11210009387,false,"רוטב ""טבסקו"" על בסיס פלפל ירוק חריף 60 מ""ל",מקאילהייני אייבורי,US,TABASCO רוטב טבסקו פ,יחידה,60.00,יחידה,false,,11.00,0.1833,true,1,24299
12300103138,false,סיגריות כאמל בוקס פק,Unknown,CH,פקט כאמל ריו פילטר ב,יחידה,0.00,יחידה,false,,292.00,0.0000,false,1,17707
12300119139,false,ווינסטון כחול בוקס עשירייה,Unknown,CH,פקט וינסטון כחול בוק,יחידה,0.00,יחידה,false,,310.00,0.0000,false,1,17712
16000185517,false,דגני בוקר פייבר וואן עתירי סובין FIBRE1,בטר אנד דיפרנט,US,פייבר וואן 555 גר,גרמים,555.00,100 גרם,false,,26.90,0.0485,false,1,186832
16000423534,false,חטיפי גרנולה קראנצ'י עם שיבולת שועל ושוקולד מריר נייצ'ר ואלי 5*42 גרם,ג'נרל מילס סאן אדריאן,ES,שיבולת שועל קינמון 1,גרמים,210.00,100 גרם,false,,19.00,0.0905,false,1,42289
16000548404,false,חטיפי גרנולה קראנצ'י עם שיבולת שועל ודבש נייצ'ר ואלי 5*42 גרם,ג'נרל מילס סאן אדריאן,ES,שיבולת שועל בדבש ניי,גרמים,210.00,100 גרם,false,,19.00,0.0905,false,1,12866
16000548503,false,חטיפי גרנולה קראנצ'י עם מייפל וסוכר חום נייצ'ר ואלי 5*42 גרם,ג'נרל מילס סאן אדריאן,ES,שיבולת שועל נייצ'ר ו,גרמים,210.00,100 גרם,false,,19.00,0.0905,false,1,12868
16000548602,false,חטיפי גרנולה קראנצ'י קינמון נייצ'ר ואלי 5*24 גרם,ג'נרל מילס סאן אדריאן,ES,שיבולת שועל קינמון 1,גרמים,210.00,100 גרם,false,,19.00,0.0905,false,1,12870
16000548909,false,חטיפי גרנולה קראנצ'י במגוון טעמים נייצ'ר ואלי 5*42 גרם,ג'נרל מילס סאן אדריאן,ES,שיבולת שועל חמאת בוט,גרמים,210.00,100 גרם,false,,19.00,0.0905,false,1,12872
16500980322,false,צמר פלדה עם חומר פעיל אס או אס 10 יחידות,אסאואס,,כרית פלדה אס או א,יחידה,0.00,יחידה,false,,14.90,0.0000,true,1,6923
18000701223,false,"פילסברי, עוגה בטעם שוקולד, תערובת להכנת עוגה בטעם שוקולד. 500 גרם",הדקלאים אגודת שיתופי,IL,תערובת לעוגת שוק,גרמים,550.00,100 גרם,false,,17.90,0.0325,true,1,12875
18000703494,false,"פילסברי, עוגה בטעם וניל, תערובת להכנת עוגה בטעם וניל. 500 גרם.",הדקלאים אגודת שיתופי,IL,תערובת לעוגה וני,גרמים,500.00,100 גרם,false,,17.90,0.0358,true,1,12876
18000766413,false,"פילסברי, עוגה בטעם שוקולד, תערובת להכנת עוגה בטעם שוקולד. 550 גרם.",הדקלאים אגודת שיתופי,IL,תערובת בראוניס,גרמים,550.00,100 גרם,false,,17.90,0.0325,true,1,12878
21200513152,false,"שלישיית ספוגי קרצוף עדינים ""סקוטש ברייט""",3M קנדה,CA,ספוג קרצוף שלישיה,יחידה,0.00,יחידה,false,,15.90,0.0000,true,1,41633
21200572357,false,שלישיית ספוגי קרצוף לניקוי חזק (ירוקים),M3,CA,שלישיית ספוגי קרצוף,יחידה,0.00,יחידה,false,,15.90,0.0000,true,1,32725
22200956949,false,דאודורנט ג'ל כתום לגבר ספיד סטיק 85 גרם,קולגייט-פלמוליב,US,ספיד סטיק ג'ל כתום,גרמים,51.00,100 גרם,false,,19.90,0.3902,true,1,8027
25700005674,false,זיפלוק שקיות אחסון סליידר גדולות 15 יחידות,אס.סי.ג'\ונסון מידרכט,US,זיפלוק שקיות אחסון ס,יחידה,0.00,יחידה,false,,16.90,0.0000,true,1,122307
25700005698,false,זיפלוק שקיות אחסון בינוניות 24 יחידות,אס.סי.גונסון ובניו,US,זיפלוק שקיות אחסון ב,יחידה,0.00,יחידה,false,,13.90,0.0000,true,1,122303
30000315958,false,קוואקר פרוטאין בננה אגוזים 366 גרם,קוואקר אוטס קומפני,US,קוואקר פרוטאין בננה,גרמים,366.00,100 גרם,false,,23.90,0.0653,true,1,114646
31200001597,false,חמוציות אושן ספריי קליית גת בשקית 170 גרם,ליימן מותגים,US,חמוציות מיובשות,גרמים,170.00,100 גרם,false,,11.50,0.0676,true,1,69645
34000148301,false,הרשי נטיפי שוקולד מריר לאפייה 340 גר,ליימן מותגים,US,הרשי נטיפי שוקולד מר,גרמים,340.00,100 גרם,false,,17.90,0.0526,true,1,105244
34000196173,false,הרשי טבלה XL בטעם שוקולד לבן עם שברי עוגיות 113 גרם,ליימן מותגים,US,הרשי קוקיס קרם טבלה,גרמים,113.00,100 גרם,false,,7.90,0.0699,true,1,96696
34000442652,false,ריזס טבלה בטעם שוקולד ממולאת קרם בוטנים 120 גרם,ליימן מותגים,US,ריזס טבלה XL,גרמים,120.00,100 גרם,false,,7.90,0.0658,true,1,96697
34000446001,false,ריזס מיניאטורס- חטיף שוקולד במילוי חמאת בוטנים 150 גרם,ליימן מותגים,,ריזס מיניס עטופים,יחידה,0.00,יחידה,false,,9.40,0.0000,true,1,65738
34000470228,false,ריזס מיניס חטיף שוקולד במילוי חמאת בוטנים 70 גרם,הרשי,US,סוכריות ריזס מיני הר,גרמים,70.00,100 גרם,false,,5.90,0.0843,true,1,65505
34000470563,false,ריסז מיניס באריזה משפחתית 215 גרם,ליימן מותגים,US,ריסז מיניס באריזה מש,גרמים,215.00,100 גרם,false,,17.90,0.0833,true,1,115628
34000544028,false,סוכריות ארוכות בטעם תות טוויזלרס Twizzlers,ליימן מותגים,US,לקריץ תות שדה,גרמים,198.00,100 גרם,false,,7.20,0.0364,true,1,19299
34000996643,false,הרשי דרופס באריזה משפחתית 215 גרם,ליימן מותגים,US,הרשי דרופס באריזה מש,גרמים,215.00,100 גרם,false,,17.90,0.0833,true,1,115629
36000516876,false,ממחטות נייר קלינקס לושן 3 שכבות 75 דף,חוגלה קימברלי,US,קלינקס לושן 75 3 שכב,יחידה,0.00,יחידה,false,,10.90,0.0000,true,1,117528
36000516890,false,ממחטות אף עם אלוורה + ויטמין E תלת שכבתי,חוגלה קימברלי,US,קלינקס לושן 120 3 שכ,יחידה,0.00,יחידה,false,,15.90,0.0000,true,1,117548
37600207188,false,חמאת בוטנים קלאסי סקיפי 462 גרם,חברת המזון אלגוד,US,חמאת בוטנים סקיפי קל,גרמים,462.00,100 גרם,false,,18.90,0.0409,false,1,69356
37600207256,false,חמאת בוטנים עם שברי בוטנים סקיפי 462 גרם,חברת המזון אלגוד,US,סקיפי שברי בוטנים,גרמים,462.00,100 גרם,false,,18.90,0.0409,false,1,69357
37600297967,false,מטבל סלסה בחריפות עדינה ציי צי 439 גר,מותגים,US,סלסה מטבל עגבניות בח,גרמים,439.00,100 גרם,false,,19.90,0.0453,true,1,190800
38000138638,false,חטיף צ'יפס פרינגלס פיצה 158 גרם,פרינגלס מנופקצ'ורינג קונ,US,פרינגלס פיצה 158 גר,גרמים,158.00,100 גרם,false,,8.90,0.0563,false,1,104109
38000138720,false,חטיף צ'יפס פרינגלס ראנץ 158 גרם,פרינגלס מנופקצ'ורינג קונ,US,פרינגלס ראנץ',גרמים,158.00,100 גרם,false,,8.90,0.0563,false,1,110532
38000183690,false,חטיף צ'יפס פרינגלס מידי ברביקיו 71 גרם,פרינגלס מנופקצ'ורינג,US,פרינגלס ברבקיו קטן,גרמים,71.00,100 גרם,false,,5.50,0.0775,true,1,123861
38000183928,false,פרינגלס חרדל ודבש 158 גרם,פרינגלס מניופקצ'ורינ,US,פרינגלס דבש וחרדל 15,גרמים,158.00,100 גרם,false,,8.90,0.0563,false,1,124495
38000232152,false,פרינגלס חטיפי תפוח אדמה בטעם ברביקיו 158 גרם,פרינגלס מנופקצ'ורינג קומ,US,פרינגלס ביג ברביקיו,גרמים,158.00,100 גרם,false,,8.90,0.0563,false,1,118272
38000232169,false,פרינגלס מידי אורגינל 67 גרם.,פרינגלס מנופקצ'ורינג קונ,US,פרינגלס מידי אורגינל,גרמים,67.00,100 גרם,false,,5.50,0.0821,true,1,118273
38000232176,false,פרינגלס ביג שמנת בצל 158 גרם,פרינגלס מנופקצ'ורינג קונ,US,פרינגלס ביג שמנת בצל,גרמים,158.00,100 גרם,false,,8.90,0.0563,false,1,118270
38000232183,false,פרינגלס ביג אורגינל 149 גרם,פרינגלס מנופקצ'ורינג קונ,US,פרינגלס ביג אורגינל,גרמים,149.00,100 גרם,false,,8.90,0.0597,false,1,118271
38000845253,false,חטיף צ'יפס פרינגלס מידי שמנת בצל 71 גרם,פרינגלס מנופקצ'ורינג קונ,US,פרינגלס מידי שמנת בצ,גרמים,71.00,100 גרם,false,,5.50,0.0775,true,1,99622
38527591053,false,קואקר דגנים מרובעים שיבולת שועל וקינמון,קוואקר אוטס קומפני,US,דגני בוקר קואקר מרוב,גרמים,453.00,100 גרם,false,,19.90,0.0439,false,1,56997
38527591060,false,דגני קוואקר מרובעים Quaker Squares עם סוכר חום,קוואקר אוטס קומפני,US,דגני בוקר מרובעים 41,גרמים,412.00,100 גרם,false,,19.90,0.0483,false,1,57349
38900779238,false,מיץ אננס דול רביעיות 4*250 מל,דול פיליפינים אינק,PH,מיץ אננס רביעייה דול,ליטרים,1.00,ליטר,false,,15.90,15.9000,true,1,35857
40000513568,false,סוכריות אם אנד אמס M&M שוקולד חלב,M&M אם אנד אם,US,סוכריות אם אנד אם 15,גרמים,155.90,100 גרם,false,,11.90,0.0763,true,1,105221
40000514480,false,M&M אריזה קטנה's שוקולד אריזה קטנה 48 גרם,M&M אם אנד אם,US,סוכריות אם אנד אם 48,גרמים,48.00,100 גרם,false,,4.90,0.1021,true,1,102506
40000514510,false,M&M אריזה קטנה's בוטנים אריזה קטנה 49 גרם,M&M אם אנד אם,US,סוכריות אם אנד אם פי,גרמים,49.00,100 גרם,false,,4.90,0.1000,true,1,101350
40002035648,false,פרסים רמה 4,,,פרסים רמה 4,יחידה,0.00,יחידה,false,,11.00,0.0000,true,1,7373
44600300580,false,כלורוקס קלין אפ פרש נוזל לניקוי רב תכלית,כלורוקס אוקלנד,US,מרסס קלין אפ פרש 946,מיליליטרים,946.00,"100 מ""ל",false,,25.90,0.0274,true,1,124756
46214372250,false,"עוגיות שטרודל פריכות תפו""ע וצימוקים",מרבה Merba,NL,עוגיות שטרודל פר,גרמים,225.00,100 גרם,false,,8.90,0.0396,true,1,16578
46214382259,false,עוגיות בראוניס שוקולד 225 ג',בנקטבקריי מרבה בי.וי,NL,עוגיות בראוניס,גרמים,225.00,100 גרם,false,,8.90,0.0396,true,1,16579
46214731552,false,עוגיות שוקולד צ'יפס 37% גודיס 225 גרם,קריניציה ויטמינה אס,NL,עוגיות שוקולד צ'יפס,גרמים,225.00,100 גרם,false,,8.90,0.0396,true,1,16580
48256214758,false,מסיר כתמים קשים לכביסה לבנה וצבעונית,יעקבי- אסטוניש Astonish,GB,אסטוניש אבקת הפל,קילוגרמים,1.00,"ק""ג",false,,25.90,25.9000,true,1,13818
50000015474,false,"מזון חתולים פריסקיז מעדני הים 1.43 ק""ג",פריסקיז,US,פריקסקיז פירות ים,קילוגרמים,1.40,"ק""ג",false,,37.90,27.0714,true,1,6626
50000084500,false,מזון יבש לחתול בטעם נתחי ברביקיו פריסקיז Friskies,נסטלה פורינה USA מק,US,פריסקיז מעדני השף,קילוגרמים,1.42,"ק""ג",false,,37.90,26.6901,true,1,21783
50000100347,false,"פריסקיז - מעדני החתול מועשר בחלב 1.40 ק""ג",נסטלה פורינה USA מק,US,פריסקיז מעדני החתול,קילוגרמים,1.40,"ק""ג",false,,37.90,27.0714,true,1,21784
50000168583,false,"מזון חתולים פריסקיז אקסטרא קראנץ 1.43 ק""ג","פורינה ארה""\ב",US,פריסקיז אקסטרא קראנץ,קג,1.43,קג,false,,37.90,26.5035,true,1,124041
50000170180,false,מזון חתולים פריסקיז עוף ברוטב 156 גרם,נסטלה פורינה USA קר,US,פריסקיז עוף ברוטב,גרמים,156.00,100 גרם,false,,6.20,0.0397,true,1,72030
50000225224,false,מזול חתולים פריסקיז פילה הודו ברוטב 156 גרם,נסטלה פורינה USA קר,US,פריסקיז פריים פילה ה,גרמים,156.00,100 גרם,false,,6.20,0.0397,true,1,98981
50000292592,false,פנסי פיס סלמון וסול ברוטב עשיר 85 ג',נסטלה פורינה USA סט,US,פנסי פיסט שימורי חתו,גרמים,85.00,100 גרם,false,,6.00,0.0706,true,1,99891
50000292615,false,פנסי פיסט לבבות עוף וכבד ר. עשיר 24*85,נסטלה פורינה USA סט,US,פנסי פיסט לבבות עוף,גרמים,85.00,100 גרם,false,,6.00,0.0706,true,1,99892
50000429042,false,מזון חתולים כבד מעודן ועוף פנסי פיסט 85 גרם,נסטלה פורינה USA ג',US,פנסי פיסט כבד מעודן,גרמים,85.00,100 גרם,false,,6.00,0.0706,true,1,30355
50000429448,false,פריסקיז פנסי פיסט פטה מוס סלמון 85 גרם,נסטלה פורינה USA סט,US,פנסי פיסט פטה מוס סל,גרמים,85.00,100 גרם,false,,6.00,0.0706,true,1,30356
50000434640,false,פנסי פיסט נתחי עוף לבבות וכבד 85 גר,נסטלה פורינה USA סט,US,פנסי פיסט נתחי לבבות,גרמים,85.00,100 גרם,false,,6.00,0.0706,true,1,21965
50000445691,false,מזול חתולים פריסקיז עוף וסלמון ברוטב 156 גרם,נסטלה פורינה USA קר,US,פרסקיז נתחי עוף וסלמ,גרמים,156.00,100 גרם,false,,6.20,0.0397,true,1,59881
55369902557,false,אפלסנקס רביעיות רסק תפוחי עץ ממותק בסגנון ביתי עברית,ליייהי אורצ'רדס,CA,מחית תפוחי עץ בסגנון,גרמים,452.00,100 גרם,false,,13.90,0.0308,true,1,30210
55500012046,false,כלורוקס קלין אפ מרסס נוזל לניקוי רב תכלי,כלורוקס אוקלנד,US,מרסס קלין אפ 946,מיליליטרים,946.00,"100 מ""ל",false,,25.90,0.0274,true,1,6968
63435711033,false,רויאל טישו 3 שכבות 88 אולטרא,מגסטה,CA,רויאל טישו 3 שכבות,יחידה,0.00,יחידה,false,,7.90,0.0000,true,1,125250
64144090013,false,פאם תרסיס על בסיס שמן קנולה בטעם חמאה,קונאגרה פודס,US,שמן פאם חמאה,יחידה,0.00,יחידה,false,,18.00,0.0000,false,1,58693
64144090020,false,"ספריי שמן PAM בטעם שמן זית 141 מ""ל",קונאגרה פודס,US,שמן פאם שמן זית,יחידה,0.00,יחידה,false,,18.00,0.0000,false,1,58694
64144090051,false,"ספריי שמן PAM קנולה אורגינל 148 מ""ל",קונאגרה פודס,US,שמן פאם קנולה 148 גר,גרמים,148.00,100 גרם,false,,18.00,0.1216,false,1,70838
70177077563,false,תה ארל גריי 25 שקיות טוינינגס 50 גר,אר. טווינינגס אנד קומפני,PL,טוינינג- ארל גריי,גרמים,50.00,100 גרם,false,,16.90,0.3380,true,1,96344
70177077693,false,תה אנגליש ברקפסט 25 שקיות טוינינגס 50 גר,אר. טווינינגס אנד קומפני,PL,טוינינג- אינגליש ברק,גרמים,50.00,100 גרם,false,,16.90,0.3380,true,1,96347
70177078775,false,תה ליידי גריי טוויני,טווינינגס Twinings,,טוינינג- ליידי גריי,גרמים,50.00,100 גרם,false,,16.90,0.3380,true,1,96348
70177086664,false,תה ירוק טהור 25 שק TWININGS,אר. טווינינגס אנד קומפני,PL,תה ירוק טהור 25 שק',גרמים,50.00,100 גרם,false,,18.90,0.3780,true,1,103385
70177173159,false,תה ירוק עם לימון 25 שק TWININGS,אר. טווינינגס אנד קו,PL,תה טויני ירוק לימון,גרמים,50.00,100 גרם,false,,18.90,0.3780,true,1,99790
70177173166,false,תה יסמין ירוק 25 שקיקים TWININGS,אר. טווינינגס אנד קומפני,PL,תה טויני יסמין 25 שק,גרמים,50.00,100 גרם,false,,18.90,0.3780,true,1,99791
70177173203,false,תה ירוק עם מנטה 25 שק. טוינינגס,אר. טווינינגס אנד קומפני,PL,תה טויני ירוק מנטה 2,גרמים,50.00,100 גרם,false,,18.90,0.3780,true,1,99792
70177173746,false,תה ירוק לימון ודבש 25 שק. טוינינגס,טוינינג,PL,תה טויני ירוק עם לימ,גרמים,50.00,100 גרם,false,,18.90,0.3780,true,1,99793
70177175221,false,תה ירוק עם גינגר 25 שק. טוינינגס,טוינינג,PL,תה ירוק ג'ינג'ר,גרמים,40.00,100 גרם,false,,18.90,0.4725,true,1,111038
70177177683,false,חליטה קמומיל האני 30 גרם טווינינג,אר. טווינינגס אנד קומפני,PL,תה חליטת קמומיל,גרמים,30.00,100 גרם,false,,15.90,0.5300,true,1,111034
70177177737,false,חליטה פיור קמומיל 20 גרם טווינינג,אר. טווינינגס אנד קומפני,PL,תה חליטת קמומיל,גרמים,20.00,100 גרם,false,,15.90,0.7950,true,1,111035
70221011116,false,טובלרון - שוקולד חלב 100 גרם,טובלרון Toblerone,CH,טובלרון חלב,גרמים,100.00,100 גרם,false,,8.90,0.0890,true,1,9542
76840002542,false,"גלידת בן & ג'ריס פיינט נטפליקס וצ'ילד 500מ""ל",מוצרי איכות אמריקאיים בע,IL,גלידת בן אנד ג'רי,גרמים,424.00,100 גרם,false,,18.90,0.0446,true,1,120476
76840100156,false,"בן אנד גריס גלידת צרי גרסיה 500 מ""ל",מוצרי איכות אמריקאיים בע,IL,גלידה בן וג'רי,גרמים,420.00,100 גרם,false,,18.90,0.0450,true,1,70899
76840100583,false,"גלידת וניל עם בצק עוגיות בן וג'ירי 473 מ""ל",מוצרי איכות אמריקאיים בע,IL,בן אנד ג'ריס בצק עוג,גרמים,473.00,100 גרם,false,,18.90,0.0400,false,1,96826
76840102051,false,"גלידת שמנת קרמל וקינמון בן וג'ירי 473 מ""ל",מוצרי איכות אמריקאיים בע,IL,בן אנד ג'ריס קינמון,מיליליטרים,500.00,"100 מ""ל",false,,18.90,0.0378,true,1,98146
76840400218,false,"גלידה בן&ג'ריס תות שדה ועוגת גבינה 500מ""ל",מוצרי איכות אמריקאיים בע,IL,בן אנד ג'ריס גלידת ת,מיליליטרים,500.00,"100 מ""ל",false,,18.90,0.0378,true,1,65987
76840620036,false,"גלידה בן&ג'ריס חצי אפוי משפחתית 500מ""ל",מוצרי איכות אמריקאיים בע,IL,גלידת בן אנד ג'ריס,גרמים,433.00,100 גרם,false,,18.90,0.0436,false,1,107710
77245110610,false,סוכריות מאסט ללא סוכר בטעם מנטה 80 ג'עלית,MIESZKO S.A - MS. JO,PL,סוכריות מאסט מנט,גרמים,80.00,100 גרם,false,,8.50,0.1063,false,1,9973
77975036976,false,מטבל עגבניות בחריפות עדינה סניידרס 439 ג',סניידרס אוף האנובר,US,מטבל סלסה בחריפות עד,גרמים,439.00,100 גרם,false,,16.50,0.0376,true,1,99573
77975091975,false,סנדוויץ' בייגלה סניידרס במילוי קרם בטעם פיצה 226.8 גר',ליימן מותגים,US,סניידרס סנדוויץ בייג,גרמים,226.80,100 גרם,false,,15.90,0.0701,true,1,116456
77975093085,false,"בייגלה מצופה כעכים בציפוי שוקולד חלב, 141 ג סניידרס",סניידרס Snyder's,US,חטיף בייגלה סניידרס,גרמים,141.00,100 גרם,false,,16.90,0.1199,true,1,189535
77975094624,false,"סניידרס סנדוויץ בייגלה במילוי חמאת בוטנים , 226 ג'",סניידרס Snyder's,US,סניידרס חמאת בוטנים,גרמים,280.00,100 גרם,false,,15.90,0.0568,true,1,121769
77975094631,false,סניידרס סנדוויץ' בייגלה במילוי קרם בטעם צ'דר 226 גרם,סניידרס לאנס,US,סניידרס צ'דר סנדוויץ,גרמים,226.00,100 גרם,false,,15.90,0.0704,true,1,121709
77975094761,false,סניידרס חטיפים על בסיס קמח חיטה בטעם גבינת צ'דר,סניידרס אוף האנובר,US,סניידרס צ'דר 340 גר',גרמים,340.00,100 גרם,false,,15.90,0.0468,true,1,125027
77975094778,false,שברי בייגלה סניידרס בטעם דבש חרדל 340 גר,סניידרס אוף האנובר,US,סניידרס דבש וחרדל 34,גרמים,340.00,100 גרם,false,,15.90,0.0468,true,1,125676
77975095157,false,סניידרס שברי בייגלה בטעם חלפיניו 318 גרם,סניידרס Snyder's,US,סניידרס שברי בייגלה,גרמים,318.00,100 גרם,false,,15.90,0.0500,true,1,189539
78300081111,false,פלייטקס ספורט עם מוליך סופר 18 יח,פלייטקס מניפאקטורינג בעמ,US,פלייטקס טמפונים ספור,יחידה,0.00,יחידה,false,,25.00,0.0000,true,1,124480
78300098362,false,פלייטקס טמפונים רגולר/סופר סימפלי גנטל גלייד,פלייטקס מניפאקטורינג בעמ,US,פלייטקס טמפונים רגול,יחידה,0.00,יחידה,false,,25.00,0.0000,true,1,113748
78300098379,false,פלייטקס טמפונים רגולר סימפלי גנטל גלייד 20י,פלייטקס מניפאקטורינג בעמ,US,פלייטקס רגולר סימפלי,יחידה,0.00,יחידה,false,,25.00,0.0000,true,1,113791
78300098393,false,פלייטקס טמפונים סופר פלוס סימפלי גנטל גלייד,פלייטקס מניפאקטורינג בעמ,US,פלייטקס טמפונים סופר,יחידה,0.00,יחידה,false,,25.00,0.0000,true,1,112940
80518439660,false,פרסים רמה 6,,,פרסים רמה 6,יחידה,0.00,יחידה,false,,15.70,0.0000,true,1,7374
89397344300,false,דיניקולה רוטב פסטה עגבניות ובזיל 737 גרם,ג'יאובני פוד אינק,US,רוטב פסטה עם עגבניות,גרמים,737.00,100 גרם,false,,16.90,0.0229,true,1,11077
305213079004,false,"תחליב גוף להזנה עמוקה צהוב וזלין 600 מ""ל","יוניליוור, ג'פרסון סיטי,",US,וזלין תחליב גוף צהוב,מיליליטרים,600.00,"100 מ""ל",false,,27.90,0.0465,true,1,107075
608614310463,false,אוכמניות יחידה,,,אוכמניות טריות,גרמים,125.00,100 גרם,false,,11.90,0.0952,true,1,190268
611745294014,false,חומץ תפוחים אורגני 1 ליטר,,,חומץ תפוחים 5%,ליטרים,1.00,ליטר,false,,24.90,24.9000,true,1,107750
613008742348,false,בקבוק אריזונה ג'נסינג ודבש 1 ליטר,"נטורלה גטרנק בע""\מn\",BG,אריזונה ג'נסינג ודבש,ליטרים,1.00,ליטר,false,,11.00,11.0000,true,1,121313
613008742409,false,בקבוק אריזונה אפרסק 1 ליטר,"נטורלה גטרנק בע""\מn\",DE,אריזונה אפרסק בקבוק,ליטרים,1.00,ליטר,false,,11.00,11.0000,true,1,121314
613008753290,false,"בקבוק אריזונה אפרסק 450 מ""ל",נובה טרייד אל טי די,BG,"אריזונה אפרסק 450 מ""",מיליליטרים,450.00,"100 מ""ל",false,,7.50,0.0167,true,1,114757
613008753320,false,"אריזונה ג'ינסנג ודבש בקבוק 450 מ""ל.",נובה טרייד אל טי די,BG,אריזונה ג'ינסנג ודבש,מיליליטרים,450.00,"100 מ""ל",false,,7.50,0.0167,true,1,114761
613008753351,false,"בקבוק אריזונה רימונים 450 מ""ל",אריזונה Arizona,BG,אריזונה רימונים 450,מיליליטרים,450.00,"100 מ""ל",false,,7.50,0.0167,true,1,114758
613008755461,false,בקבוק אריזונה אוכמניות 1 ליטר,"נטורלה גטרנק בע""\מn\",BG,אריזונה אוכמניות בקב,ליטרים,1.00,ליטר,false,,11.00,11.0000,true,1,121315
635189801690,false,מעביר 2-T,,,מעביר 2-T,יחידה,0.00,יחידה,false,,6.90,0.0000,true,1,112078
635189801713,false,מעביר 3-T,,,מעביר 3-T,יחידה,0.00,יחידה,false,,8.90,0.0000,true,1,112079
639138527631,false,פילה הרינג ברוטב חרדל 200 גר (16),רוג'ין פיש,,הרינג ברוטב חרדל 200,גרמים,200.00,100 גרם,false,,13.00,0.0650,true,1,26870
645692555645,false,עוגיות סהרון 175 גרם פפושדו,פפשדו,,עוגיות סהרון פפושדו,גרמים,200.00,100 גרם,false,,5.90,0.0295,true,1,20555
645692556482,false,פתיבר וניל 110 גרם פפושדו,פפשדו,IL,פתיבר 125 גר' וניל פ,גרמים,125.00,100 גרם,false,,3.00,0.0240,false,1,62711
645692556512,false,פפושדו פתי בר שוקו 125 גרם,פפשדו,,פתיבר 125 גר' שוקו פ,גרמים,125.00,100 גרם,false,,3.00,0.0240,false,1,62712
645692556611,false,קרקר שומשום 110 גרם פפושדו,פפשדו,IL,קרקר אמיתי שומשום 13,גרמים,135.00,100 גרם,false,,3.00,0.0222,false,1,62713
645692556628,false,פפושדו קרקר עם מלח ים 135 גרם,פפשדו,IL,קרקר אמיתי מלוח 135,גרמים,135.00,100 גרם,false,,3.00,0.0222,false,1,62714
651080647519,false,קיסמים עם חוט דנטלי פלאקרס מנטה 35 יחידות,"פלקרס רנור ארה""ב",US,פלאקרס חוט דנטלי,יחידה,0.00,יחידה,false,,11.90,0.0000,true,1,106359
669909876613,false,שלישיית מגבות מטבח,,,שלישיית מגבות מטבח,יחידה,0.00,יחידה,false,,24.90,0.0000,true,1,114639
693493034456,false,סרדין מרוקאי בשמן זי,אטלנטיק הום סרדינס א,MA,סרדינים בשמן זית,גרמים,90.00,100 גרם,false,,5.00,0.0556,true,1,119830
693493055413,false,עוגיות רנד גבינה אפויה 650 גר',,,עוגת גבינה אפויה 650,גרמים,650.00,100 גרם,false,,42.90,0.0660,true,1,189032
693493055420,false,עוגיות רנד גבינה אפויה ל.ס 650 גר',,,עוגת גבינה אפויה ללא,גרמים,650.00,100 גרם,false,,44.90,0.0691,true,1,189033
693493065344,false,פלפל גמדי טינקרבל,Unknown,,פלפלון כפרי חן,יחידה,0.00,יחידה,false,,8.90,0.0000,true,1,119050
693493065351,false,מלפפון בייבי משק פר,Unknown,,מלפפון בייבי משק פר,יחידה,0.00,יחידה,false,,8.90,0.0000,true,1,118235
693493075466,false,עוגיות זיו נשנושיות,זיו,IL,עוגיות זיו נשנושיות,גרמים,220.00,100 גרם,false,,29.90,0.1359,true,1,189748
693493075497,false,עוגיות זיו דיסקיות צ,,,עוגיות זיו דיסקיות צ,גרמים,250.00,100 גרם,false,,29.90,0.1196,true,1,189750
693493075541,false,עוגיות זיו דיקליות 2,זיו,IL,עוגיות זיו דיקליות,גרמים,250.00,100 גרם,false,,29.90,0.1196,true,1,189742
693493075619,false,עוגיות זיו כדורי תמר,זיו,IL,כדורי תמרים וקקאו טב,גרמים,370.00,100 גרם,false,,29.90,0.0808,true,1,190806
693493075633,false,עוגיות זיו גרנולה לל,זיו,IL,עוגיות זיו גרנולה לל,גרמים,250.00,100 גרם,false,,29.90,0.1196,true,1,189753
693493075640,false,עוגיות זיו בראוניז 3,זיו,IL,העוגיות של זיו,גרמים,300.00,100 גרם,false,,29.90,0.0997,true,1,185788
693493075695,false,עוגיות זיו אלפחורס 3,זיו,IL,עוגיות זיו אלפחורס,גרמים,320.00,100 גרם,false,,29.90,0.0934,true,1,189744
693493075701,false,עוגיות זיו פרחי ריבה,זיו,IL,עוגיות זיו פרחי ריבה,גרמים,270.00,100 גרם,false,,29.90,0.1107,true,1,189745
704335904414,false,מעדן גולדן פנדה לגור,,,מעדן גולדן פנדה לגור,גרמים,400.00,100 גרם,false,,4.50,0.0113,true,1,189985
728229123811,false,טרה חטיף על בסיס ירקות שורש בתיבול ים תיכוני 110 גרם,הונדורס צ'יפס יצור א,HN,טרה חטיף ציפס מירקות,גרמים,110.00,100 גרם,false,,15.90,0.1445,false,1,55774
728229130154,false,טרה חטיף על בסיס בטטה וסלק בטעם טבעי 110 גרם,הונדורס צ'יפס יצור א,HN,טרה חטיף ציפס מבטטה,גרמים,110.00,100 גרם,false,,15.90,0.1445,true,1,43681
768404001640,false,"גלידה בן&ג'ריס קפה משפחתית 500מ""ל",מוצרי איכות אמריקאיים בע,IL,בן וג'ריס גלידת קפה,מיליליטרים,500.00,"100 מ""ל",false,,18.90,0.0378,true,1,98147
769904000607,false,שקדי מרק משובח 200 גרם כשלפ,גיי אפ פי ייצור מזון,IL,שקדי מרק,גרמים,200.00,100 גרם,false,,12.90,0.0645,true,1,65301
818570007066,false,"פיור וניל טהור 29 מ""ל ""ווטקינס""","ג'יי אר ווטקינס בע""מ",US,ווטקינס תמצית וניל ט,גרמים,29.00,100 גרם,false,,27.90,0.9621,true,1,105569
833949000264,false,"סירופ מייפל אמיתי 100% אורגני 250 מ""ל",דיקסר קוויבק,CA,סירופ מייפל אמיתי,גרמים,330.00,100 גרם,false,,29.90,0.0906,true,1,43679
835811000167,false,נר נשמה בזכוכית לשבעה ימים*זכוכית*,MULDER NATURAL FOODS,CN,נר נשמה שבועי בזכוכי,יחידה,0.00,יחידה,false,,10.90,0.0000,true,1,117803
835811000297,false,כוסות שתייה חמה קרטו,אכיף,IL,כוסות קרטון 50 יח',יחידה,0.00,יחידה,false,,11.90,0.0000,true,1,118418
835811000396,false,נייר אפיה לתבנית מוארכת - מארז 30 ניירות,יבוא ושיווק: הנמל אריזות,IL,נייר אפיה לתבנית מוא,יחידה,0.00,יחידה,false,,9.90,0.0000,true,1,118419
835811000501,false,סירופ מייפל טהור 100% 250 גר',פרסטייל מייפל,CA,סירופ מייפל טהור 25,מיליליטרים,250.00,"100 מ""ל",false,,24.90,0.0996,true,1,190522
835811000518,false,תמצית וניל טהור הנמל,,IL,תמצית וניל טהורה,מיליליטרים,29.00,"100 מ""ל",false,,26.90,0.9276,true,1,190523
835811000921,false,שקית אוכל מנייר 50 י,,,שקיות אוכל מנייר 50,יחידה,0.00,יחידה,false,,5.90,0.0000,true,1,118420
835811001119,false,מיני עדשים 200 גרם בצנצנת לעוגה,,,מיני עדשים 200 גר בצ,גרמים,200.00,100 גרם,false,,12.90,0.0645,true,1,119267
835811001133,false,קוקוס הנמל 400 גרם כ,,,קוקוס 400 גר',גרמים,400.00,100 גרם,false,,11.90,0.0298,true,1,118421
835811001140,false,שומשום הנמל 400 גרם,הנמל אריזות.,IL,שומשום 400 גר,גרמים,400.00,100 גרם,false,,9.90,0.0248,true,1,119268
835811001232,false,"נייר אפיה לתבנית עגולה 26 ס""מ - מארז 10 ניירות",האנג טונג,CN,נייר אפייה לתבנית עג,יחידה,0.00,יחידה,false,,10.90,0.0000,true,1,121199
835811001584,false,גביעי אחסון 12 יח` + מכסה 0.25 ליטר,,,גביעי איחסון 12 יח +,יחידה,0.00,יחידה,false,,6.90,0.0000,true,1,97852
835811001591,false,גביעי אחסון 8יח` + מכסה 0.5 ליטר,,,גביעי איחסון 8 יח +,יחידה,0.00,יחידה,false,,6.30,0.0000,true,1,97799
835811001614,false,44 כוסיות שמן זית לח,,,44 כוסיות שמן זית לח,יחידה,0.00,יחידה,false,,45.90,0.0000,true,1,122844
835811001652,false,כוס לשתייה קרה 330 סמק` 40 יח` )בירה(,ווינפאק סחר בעמ,CN,כוס לשתיה קרה 330 סמ,יחידה,0.00,יחידה,false,,9.50,0.0000,true,1,97835
835811001829,false,מגש מרובע חד פעמי שק,,,מגש מרובע שקוף,יחידה,0.00,יחידה,false,,11.90,0.0000,true,1,96479
835811001836,false,מגש ענק שקוף ונציה 2,הנמל,,מגש ענק שקוף ונציה 2,יחידה,0.00,יחידה,false,,12.90,0.0000,true,1,96162
835811001843,false,"מגש אינגליש קייק שקוף ונציה 37*17 ס""מ",הנמל,,מגש אינגליש קייק שקו,יחידה,0.00,יחידה,false,,5.50,0.0000,true,1,96480
835811002390,false,"שיפודים יקיטורי מבמבוק 15 ס""מ 100 יח","הנמל אריזות ושיווק בע""\מ",CN,"שיפודי במבוק 15 ס""מ",יחידה,0.00,יחידה,false,,7.90,0.0000,true,1,186788
835811002413,false,מפת שולחן אל-בד +רנר כסף מודפס בגליל 16 מ`,"איטיליאן פוד, אס.פי.",IL,גליל מפות לבן כסף,יחידה,0.00,יחידה,false,,35.90,0.0000,true,1,109613
835811002673,false,סירופ רוזטה הנמל 250,"פוליבה בע""ם",IL,סירופ רוזטה,100 מל,250.00,100 מל,false,,10.60,0.0424,true,1,186789
835811002680,false,מי ורדים הנמל 250 מל,"פוליבה בע""ם",IL,מי ורדים,100 מל,250.00,100 מל,false,,10.60,0.0424,true,1,186790
835811002734,false,מזרה קונפטי ארוך בצנצנת 90 גרם,,,מזרה קונפטי ארוך בצנ,גרמים,90.00,100 גרם,false,,5.50,0.0611,true,1,186786
835811003199,false,נייר אפיה לתבנית מרובע 6X32 16 יח',יבוא ושיווק: הנמל אריזות,CN,נייר אפיה לתבנית מלב,יחידה,0.00,יחידה,false,,17.90,0.0000,true,1,186136
835811003427,false,"צלחות גדול מקנה סוכר 1 ק""ג כ-67 יח`",,IN,צלחות גדול מקנה סוכר,יחידה,0.00,יחידה,false,,32.90,0.0000,true,1,188029
835811003458,false,מזלגות אלגנט שחור / שקוף 50 יח' הנמל,,,מזלגות אלגנט שקוף 50,יחידה,0.00,יחידה,false,,7.50,0.0000,true,1,188017
835811003472,false,כפות אלגנט שחור / שקוף 50 יח' הנמל,,,כפות אלגנט שקוף 50 י,יחידה,0.00,יחידה,false,,7.50,0.0000,true,1,188020
835811003496,false,כפפות לטקס S ללא אבקה 100 יח' הנמל,,,כפפות לטקס S ללא אבק,יחידה,0.00,יחידה,false,,22.90,0.0000,true,1,188011
835811003502,false,כפפות לטקס M ללא אבקה 100 יח' הנמל,,IL,כפפות לטקס M ללא אבק,יחידה,0.00,יחידה,false,,22.90,0.0000,true,1,188012
835811003519,false,כפפות לטקס L ללא אבקה 100 יח' הנמל,,IL,כפפות לטקס L ללא אבק,יחידה,0.00,יחידה,false,,22.90,0.0000,true,1,188013
835811003588,false,צלחות קלאסי גדול לבן 65 יח' הנמל,,,צלחות קלאסי גדול לבן,יחידה,0.00,יחידה,false,,32.90,0.0000,true,1,188015
835811003618,false,נרות ריחניים בריח תות 1 יח`,,,נרות ריחניים בריח תו,יחידה,0.00,יחידה,false,,7.90,0.0000,true,1,111126
835811003625,false,נרות צבעוניים 12 יח הנמל,,PL,נרות צבעוניים,יחידה,0.00,יחידה,false,,8.90,0.0000,true,1,111298
835811003700,false,סודה לשתיה הנמל 250 גרם,"פוליבה בע""מ",IL,סודה לשתיה 250 גר',גרמים,250.00,100 גרם,false,,5.90,0.0236,true,1,120108
835811003816,false,"הנמל קופסת אחסון מרובעת מארז, 3 * 2 ליטר",נינגבו יונאן,CN,קופסת איחסון מלבן 2,יחידה,0.00,יחידה,false,,11.90,0.0000,true,1,110473
835811003823,false,"הנמל קופסת אחסון מרובעת מארז, 5 * 1 ליטר",נינגבו יונאן,CN,קופסת איחסון מלבן 1,יחידה,0.00,יחידה,false,,11.90,0.0000,true,1,109699
835811003847,false,"הנמל גביע אחסון עגול ומכסה מארז, 8 * 500 מ""ל",נינגבו יונאן,CN,גביעי איחסון עגול 50,יחידה,0.00,יחידה,false,,11.90,0.0000,true,1,109433
835811003878,false,שקיות אשפה עם ידיות הנמל 40 יח 50*70,זמזמ תעשיות פלסטיק,IL,שקיות אשפה עם ידיות,יחידה,0.00,יחידה,false,,13.90,0.0000,true,1,107555
835811004141,false,נרות ריחניים בריח וניל,,PL,נרות ריחניים בריח ונ,יחידה,0.00,יחידה,false,,7.90,0.0000,true,1,111128
835811004189,false,פרורי לחם מוזהבים בתוספת שומשום 800 גר',הנמל,IL,פרורי לחם מוזהבים 80,גרמים,800.00,100 גרם,false,,10.90,0.0136,true,1,119802
835811004226,false,מפת ניילון בגליל 45 מטר,,IL,מפת שולחן עבה בגליל,יחידה,0.00,יחידה,false,,29.90,0.0000,true,1,110666
835811004417,false,ריבת חלב הנמל 340 גר,,,ריבת חלב 340 גר,גרמים,340.00,100 גרם,false,,11.90,0.0350,true,1,112182
835811004424,false,חלב מרוכז 340 גר פוליבה,"פוליבה בע""מ",IL,חלב מרוכז 340 גר,גרמים,340.00,100 גרם,false,,11.90,0.0350,true,1,119269
835811004509,false,קערה פסים גדולה לסלט ענק 2500 מל` 1 יח`,הנג טונג,CN,קערת פסים ענק,יחידה,0.00,יחידה,false,,6.90,0.0000,true,1,111759
835811004516,false,"קערה פסים לסלט קטנה עגולה 950 מ""ל 1 יח`",הנג טונג,CN,קערת פסים עגולה קטנה,יחידה,0.00,יחידה,false,,4.40,0.0000,true,1,112520
835811004523,false,קשים מיוחדים לשייק 75 יח הנמל,,CN,קשים מיוחדים לשייק,יחידה,0.00,יחידה,false,,8.50,0.0000,true,1,118980
835811004707,false,פירורי לחם מוזהבים 440 ג' הנמל,ברמן שוקולד ועוגיות,IL,פרורי לחם מוזהב 440ג,יחידה,0.00,יחידה,false,,7.30,0.0000,true,1,42480
835811005018,false,כוס קריסטל יהלום הנמל 50 יחידות,הנמל,TR,כוסות קריסטל יהלום 5,יחידה,0.00,יחידה,false,,14.90,0.0000,true,1,38423
835811005247,false,קערות מהודרות משובחות ואיכותיות,הנג טונג,CN,רביעיית קערות 16 אונ,יחידה,0.00,יחידה,false,,9.50,0.0000,true,1,59102
835811005322,false,"פחם דרום אמריקאי הנמל 2 ק""ג",הנמל,IT,פחם דרום אמריקאי 2 ק,קילוגרמים,2.00,"ק""ג",false,,14.90,7.4500,true,1,57615
835811005339,false,זוג שקיות אוכל ארוז בקרטון הנמל,,,זוג שקיות אוכל ארוז,יחידה,0.00,יחידה,false,,8.50,0.0000,true,1,65173
835811005421,false,"שיפודים עבים 25 ס""מ 75 יח` הנמל",שוורצקוף& הנקל דיסלד,IN,שיפודי במבוק עבים 75,יחידה,0.00,יחידה,false,,2.80,0.0000,true,1,42658
835811005704,false,נייר עטיפה לכריכים הנמל 100 יחידות,טופ פלסט 2002 בעמ,IL,נייר עטיפה לכריכים 1,יחידה,0.00,יחידה,false,,10.00,0.0000,true,1,40321
835811005728,false,עלים לקרמשניט הנמל 400 גרם,"רונית מאפים בע""מ",IL,עלים לקרם שניט,גרמים,400.00,100 גרם,false,,18.90,0.0472,true,1,62442
835811005803,false,שקיות אשפה עם ידיות 25 יח' X90-מרכז,תעשיות והשקעה אל רסא,IL,שקיות אשפה עם ידית 7,יחידה,0.00,יחידה,false,,13.90,0.0000,true,1,107556
835811005810,false,מגש הכסף תבנית מרובע קטן +מכסה 10 יח`,הנמל,IL,מגש הכסף תבנית אלומי,יחידה,0.00,יחידה,false,,9.90,0.0000,true,1,62443
835811005933,false,מגש הכסף תבנית אלומ` ענק 5 יח`,ווינפאק,,מגש הכסף תבנית אלומי,יחידה,0.00,יחידה,false,,9.90,0.0000,true,1,60800
835811005940,false,מגש הכסף תבנית אלומ` גדולה + מכסה 8 יח`,,IL,מגש הכסף-שמונה תבניו,יחידה,0.00,יחידה,false,,9.90,0.0000,true,1,60610
835811005957,false,מגש הכסף תבנית אלומ` 90 + מכסה 8 יח`,יבוא ושיווק: הנמל אר,IL,מגש הכסף תבנית אלומי,יחידה,0.00,יחידה,false,,9.90,0.0000,true,1,60801
835811005964,false,מגש הכסף מאורך אינגליש קייק 20 יח',ווינפאק,,מגש הכסף תבנית אלומי,יחידה,0.00,יחידה,false,,9.90,0.0000,true,1,60802
835811006206,false,כוסות מתכלות טבעי 25 יח הנמל,שוורצקוף& הנקל דיסלד,IL,כוסות מקנה סוכר טבעי,יחידה,0.00,יחידה,false,,12.50,0.0000,true,1,58214
835811006213,false,קערות מתכלה מקנה סוכר טבעי 25 יח,"איטיליאן פוד, אס.פי.",IL,קערות למרק מקנה סוכר,יחידה,0.00,יחידה,false,,13.50,0.0000,true,1,58215
835811006220,false,צלחות ענקיות מתכלה מקנה סוכר טבעי 25 יח,הנמל,,צלחות ענק מקנה סוכר,יחידה,0.00,יחידה,false,,17.00,0.0000,true,1,58578
835811006237,false,צלחות קטנות מקנה סוכר טבעי 25 יח,הנמל,,צלחות קטנות מקנה סוכ,יחידה,0.00,יחידה,false,,9.40,0.0000,true,1,58579
835811006244,false,צלחות גדולות מקנה סוכר טבעי 25 יח,הנמל,,צלחות גדולות מקנה סו,יחידה,0.00,יחידה,false,,13.90,0.0000,true,1,58216
835811006435,false,מגש הכסף תבנית מלבן עמוק + מכסה 9 יח`,,IL,מגש הכסף תבנית מלבן,יחידה,0.00,יחידה,false,,9.90,0.0000,true,1,188030
835811006534,false,"כוסות קרטון לשתיה חמה 475 מ""ל",הנמל,CN,כוסות קרטון 50 יח 16,יחידה,0.00,יחידה,false,,26.90,0.0000,true,1,101931
835811006695,false,"קוקטים לאפייה 20 יחידות ""הנמל""",הנמל,,קוקטים לאפיה 20 יח,יחידה,0.00,יחידה,false,,8.90,0.0000,true,1,65195
835811006701,false,קוקוטים לאפייה הנמל 24 יחידות,שוורצקוף& הנקל דיסלד,IL,קוקטים לאפייה 24 יח,יחידה,0.00,יחידה,false,,8.90,0.0000,true,1,65196
835811006763,false,הנמל תבניות אלומיניום לאפייה אישיות 20 יח,האנוי ואיוין אינטרנש,CN,תבניות אלומיניום לאפ,יחידה,0.00,יחידה,false,,6.90,0.0000,true,1,64842
835811006985,false,בורגול מרובע הנמל 50,הנמל,,בורגול 500 גר',גרמים,500.00,100 גרם,false,,4.50,0.0090,true,1,35942
835811007142,false,עדשים ירוקים הנמל 50,הנמל,,עדשים ירוקים 500 גר',גרמים,500.00,100 גרם,false,,7.50,0.0150,true,1,23393
835811007166,false,כוסות חד פעמיות מקרטון עם מכסה פלסטיק,"צח ייבוא ושיווק בע""מ",IL,כוסות קרטון קפה טו ג,יחידה,0.00,יחידה,false,,12.90,0.0000,true,1,17565
835811007180,false,פופ קורן הנמל 500 גר,יבוא ושיווק: הנמל אר,IL,לקט פופקורן 500 גר,גרמים,500.00,100 גרם,false,,6.90,0.0138,true,1,23372
835811007197,false,"עדשים אדומים הנמל 500 ק""ג",הנמל,,עדשים אדומים 500גר',גרמים,500.00,100 גרם,false,,7.50,0.0150,true,1,22704
835811007210,false,חומוס גרעינים 500 גר,יבוא ושיווק: הנמל אר,IL,גרגירי חומוס יבש 500,גרמים,500.00,100 גרם,false,,6.50,0.0130,true,1,23378
835811007227,false,"הנמל לקט חיטה בד""ץ 500ג'",הנמל,,חיטה 500 גר',גרמים,500.00,100 גרם,false,,4.50,0.0090,true,1,23379
835811007234,false,אפונה יבשה הנמל 500 ג',יבוא ושיווק: הנמל אר,IL,אפונה יבשה 500 גר',גרמים,500.00,100 גרם,false,,5.50,0.0110,true,1,23380
835811007241,false,לקט שעועית 500 גרם (חמין),הנמל,,לקט חמין 500 גר' מרו,גרמים,500.00,100 גרם,false,,7.90,0.0158,true,1,23373
835811007258,false,שעועית לבנה הנמל 500,נארז על ידי: הנמל אר,IL,שעועית 500גר',גרמים,500.00,100 גרם,false,,7.50,0.0150,true,1,23395
835811007357,false,סלטינות אובלי 25 יח הנמל,הנמל,TR,סלטינות 25 יח,יחידה,0.00,יחידה,false,,5.90,0.0000,true,1,27279
835811007425,false,נרות חנוכה מיוחד 45 יח' pvc,הנמל,,נרות חנוכה,יחידה,0.00,יחידה,false,,5.90,0.0000,true,1,32232
835811007562,false,תבניות קרטון אינגליש קייק 6יח` ארוז 29X9X6,דוקרט תעשיית אריזות,IL,תבנית אינגליש קקיקס,יחידה,0.00,יחידה,false,,8.50,0.0000,true,1,17572
835811008132,false,ספוג מתכת בגליל 6 יח`,שוורצקוף& הנקל דיסלד,CN,ספוגי מתכת שישיה,יחידה,0.00,יחידה,false,,10.90,0.0000,true,1,55994
835811008347,false,גפרור מיוחד ענק הנמל 1 יחידה,הנמל,SE,גפרור ענק-45 יח'.,יחידה,0.00,יחידה,false,,4.90,0.0000,true,1,59816
835811008606,false,"סיר אלומיניום ומכסה ח""פ הנמל 3 יח'",קינפויל/גאנגזו,CN,סיר אלומיניום 3 יח',יחידה,0.00,יחידה,false,,14.50,0.0000,true,1,33640
835811008699,false,כפות שקוף/קרם עבה במיוחד הנמל 50 יח,"גרנג יוניברס , הונג",TR,כפות 50 יח שקוף עבה,יחידה,0.00,יחידה,false,,13.90,0.0000,true,1,98394
835811008743,false,קינואה 500 גר' מרובע,הנמל,,קינואה 500 גר' מרובע,גרמים,500.00,100 גרם,false,,11.90,0.0238,true,1,35943
835811008767,false,גריסי פנינה מרובע הנ,הנמל,,גריסי פנינה 500 גר',גרמים,500.00,100 גרם,false,,4.90,0.0098,true,1,35944
835811008934,false,מזלגות 50 יח שקוף/קרם עבה במיוחד,"גרנג יוניברס , הונג",TR,מזלגות שקופים- 50 יח,יחידה,0.00,יחידה,false,,13.90,0.0000,true,1,31107
835811008941,false,סכינים 50 יח שקוף/קרם עבה במיוחד,"איטיליאן פוד, אס.פי.",TR,סכינים חד פעמי 50יח,יחידה,0.00,יחידה,false,,13.90,0.0000,true,1,31339
835811008958,false,כפיות 50 יח שקוף/קרם עבה במיוחד,"גרנג יוניברס , הונג",TR,כפיות חד פעמי 50יח,יחידה,0.00,יחידה,false,,13.90,0.0000,true,1,55472
835811008989,false,כוסות קרטון 50 יח' גודל 12 OZ,הנמל,,כוסות קרטון 50 יח',יחידה,0.00,יחידה,false,,21.00,0.0000,true,1,41462
835811008996,false,"כוסות חד פעמי קרטון 295 מ""ל",הנמל,CN,כוסות קרטון 50 יח' מ,יחידה,0.00,יחידה,false,,15.90,0.0000,true,1,30403
835811009016,false,כוסות קרטון 50 יח 4 OZ,הנמל,CN,כוסות קרטון 50 יח' מ,יחידה,0.00,יחידה,false,,6.90,0.0000,true,1,30404
835811009023,false,"כוסות משקה חם קרטון 235 מ""ל",הנמל,,כוסות קרטון 8 /50 י,יחידה,0.00,יחידה,false,,12.90,0.0000,true,1,41487
835811009139,false,"לפתניות מרובעות ח""פ הנמל 10 יח'",בי רייט,CN,ליפתניות מרובעות 10,יחידה,0.00,יחידה,false,,13.90,0.0000,true,1,30544
835811009146,false,קערה קטן אובלי אלגנט,מיקרון מקינה,CN,קערה אלגנט אובלית קט,יחידה,0.00,יחידה,false,,17.90,0.0000,true,1,30545
835811009238,false,שיפודים ענק שטוח מבמבוק 25 יח`,הנמל,CN,שיפודים ענק שטוח במב,יחידה,0.00,יחידה,false,,6.90,0.0000,true,1,42663
835811009313,false,"כוס שמפניה 5OZ ח""פ שקוף 12 יח'",הנמל,,כוס שמפניה 12 יח',יחידה,0.00,יחידה,false,,13.90,0.0000,true,1,30405
839762000641,false,משקה איילנד מנגו נקטר 1 ל',"פאראגאלה,דה אג'יפשן קו פ",EG,משקה מנגו איילנד,ליטרים,1.00,ליטר,false,,11.90,11.9000,true,1,18450
839762000658,false,איילנד גויאבה המשקה של חופי סיני 1 ליטר,The Egyptian Co. for,EG,משקה גויאבה איילנד,ליטרים,1.00,ליטר,false,,11.90,11.9000,true,1,18451
839762002386,false,"איילנד גויאבה בקבוק 350 מ""ל","פאראגאלה,דה אג'יפשן",EG,"איילנד גויאבה 350 מ""",מיליליטרים,350.00,"100 מ""ל",false,,5.50,0.0157,true,1,59325
841058005285,false,אדג גל גילוח מועשר בשיבולת שועל 198 גרם,אדג' ג'ל,,אדג' ג'ל אפור לעור ר,גרמים,198.00,100 גרם,false,,17.90,0.0904,true,1,120978
850006036028,false,מאפה חיטה מקלונים בטעם סלק בצל 400 ג' עבאדי,עבאדי,IL,מקלונים בטעם סלק בצל,גרמים,400.00,100 גרם,false,,17.90,0.0447,false,1,189029
856591000062,false,עוגיות מזרחיות עם מלח עבאדי 400 גרם,מאפיית יוסף ושמחה עבאדי,IL,עוגיות מזרחיות עבדי,גרמים,400.00,100 גרם,false,,17.90,0.0447,false,1,8977
856591000109,false,עוגיות מזרחיות פריך במיוחד עבאדי 400 גרם,מאפיית יוסף ושמחה עבאדי,IL,עוגיות מזרחיות פריך,גרמים,400.00,100 גרם,false,,17.90,0.0447,true,1,38595
856591000949,false,"מאפה חיטה מלוח ""קטנטנים"" עבאדי 350 גרם",עבאדי,IL,קטנטנים של עבאדי 350,גרמים,350.00,100 גרם,false,,14.90,0.0426,true,1,126866
884912129512,false,דגני בוקר קוקו פוסט פלינסטונס 311 גרם,פוסט לקיוויל,US,דגני פוסט קקאו פלינט,גרמים,311.00,100 גרם,false,,21.90,0.0704,true,1,189274
884912365200,false,דגני בוקר אוראו שחור ולבן 311 גרם,פוסט ארצות הברית,US,דגני בוקר אוראו 311,גרמים,311.00,100 גרם,false,,19.90,0.0640,true,1,190427
893594002051,false,"חטיף פופקורן צ`יפס בטעם גבינת צ`דר, 28ג Medora snacks",PepsiCo inc. Frito lay Division,US,פופקורנס גבינת צ'דר,גרמים,28.00,100 גרם,false,,6.50,0.2321,true,1,190264
893594002068,false,"חטיף פופקורן צ`יפס עם מלח ים,28 ג HANTRONIX",PepsiCo inc. Frito lay Division,US,פופקורנס מלח ים,גרמים,28.00,100 גרם,false,,6.50,0.2321,true,1,190265
1000201100409,false,6 גומיות שחורות בבלי,אימפופיקס,,6 גומיות שחורות בבלי,יחידה,0.00,יחידה,false,,8.90,0.0000,true,1,96836
3014260022839,false,אורל בי דליקייט וויט זוג 40 MEDIUM,פרוקטר אנד גמבל,IN,זוג מברשת אוראל בי נ,יחידה,0.00,יחידה,false,,19.90,0.0000,true,1,95532
3014260214692,false,"ג'ל גילוח ג'ילט סירייס לעור רגיש 200 מ""ל",פרוקטר אנד גמבל,GB,ג'ל לגילוח רגיש,מיליליטרים,200.00,"100 מ""ל",false,,16.90,0.0845,true,1,25399
3014260240226,false,"קצף גילוח ג'ילט לעור רגיש 200 מ""ל",פרוקטר אנד גמבל,GB,ג'ילט קצף גילוח רגיש,מיליליטרים,200.00,"100 מ""ל",false,,14.90,0.0745,true,1,35892
3014260262709,false,סכין גילוח ונוס לנשים 4 יחידות,ג'ילט ונוס Gillette Venus,DE,סכיני גילוח ונוס רבי,יחידה,0.00,יחידה,false,,44.90,0.0000,true,1,8171
3014260283254,false,סכיני גילוח חד פעמי בלו 2 פלוס *5,פרוקטר & גמבל,IL,ג'ילט בלו 2 פלוס * 5,יחידה,0.00,יחידה,false,,11.90,0.0000,true,1,70082
3045206360609,false,"דזיטול נוזל מחטא בגדים בכביסה, 1 ליטר",רלוי,ES,דזיטול נוזל מחטא בגד,ליטרים,1.00,ליטר,false,,22.90,22.9000,true,1,126986
3046920016377,false,לינדט שוקולד אקסלנס מריר 100% קקאו 50 גר,לינדט ושפרונגלי,DE,לינדט אקסלנס 100 גר',גרמים,100.00,100 גרם,false,,15.00,0.1500,true,1,121363
3046920028004,false,לינדט שוקולד אקסלנס מריר 70% 100 גר,לינדט ושפרונגלי קילשברג,FR,שוקולד לינדט מריר 70,גרמים,100.00,100 גרם,false,,15.00,0.1500,true,1,9528
3046920028363,false,לינדט אקסלנס 85% מוצקי קקאו 100 גרם,לינדט ושפרונגלי קילשברג,FR,שוקולד לינדט אקסלנס,גרמים,100.00,100 גרם,false,,15.00,0.1500,true,1,9529
3046920029681,false,לינדט שוקולד אקסלנס מילד 85% קקאו 100 גר,לינדט ושפרונגלי,DE,לינדט אקסלנס מילד 10,גרמים,100.00,100 גרם,false,,15.00,0.1500,true,1,121145
3046920029759,false,לינדט אקסלנס 90% מוצקי קקאו 100 גרם,לינדט ושפרונגלי קילשברג,DE,שוקולד לינדט אקסלנס,גרמים,100.00,100 גרם,false,,15.00,0.1500,true,1,95835
3059943015104,false,"אירוויק מבשם אויר נטול גז בניחוח פריסיה ויסמין 345 מ""ל",איירוויק Air Wick,PL,אירוויק נטול גז פריס,מיליליטרים,345.00,"100 מ""ל",false,,14.90,0.0432,true,1,36931
3059943015128,false,מבשם אוויר נטול גז אקווה מיסט בניחוח לבנדר פראי ואוויר הרים,הדקלאים אגודת שיתופי,PL,אירוויק נטול גז לבנד,מיליליטרים,345.00,"100 מ""ל",false,,14.90,0.0432,true,1,36932
3059943016507,false,"אירוויק ספריי בניחוח לבנדר וקמומיל 240 מ""ל",איירוויק Air Wick,GB,אירוויק ספריי לבנדר,מיליליטרים,250.00,"100 מ""ל",false,,9.90,0.0396,false,1,42003
3059943016569,false,"מבשם אוויר אירוויק ספריי פרסיה ויסמין 240 מ""ל",איירוויק Air Wick,GB,אירוויק ספריי פריסיה,מיליליטרים,250.00,"100 מ""ל",false,,9.90,0.0396,false,1,42000
3067140013113,false,אבקה להכנת משקה על בסיס עולש,CHICOREE LEROUX,FR,משקה ציקוריה בטעם קר,גרמים,100.00,100 גרם,false,,26.90,0.2690,true,1,8363
3067140243114,false,אבקה להכנת משקה על בסיס עולש בטעם קרמל,LEROUX COFFEE SUB,FR,אבקה לירוקס להכנת מש,גרמים,100.00,100 גרם,false,,26.90,0.2690,true,1,8365
3073781162790,false,גבינה מותכת בייבי בל 120 גרם,מחלבות בל,FR,בייביבל ברשת,גרמים,120.00,100 גרם,false,,19.90,0.1658,true,1,188594
3073781177220,false,גבינה בייבי בל אדום 102גר,מחלבות בל,FR,גבינה בייבי בל רול,גרמים,102.00,100 גרם,false,,19.90,0.1951,true,1,190146
3141360054405,false,פיניש מפיץ ריח למדיח בניחוח לימון וליים,הדקלאים אגודת שיתופי,HU,פיניש מפיג ריח לימון,יחידה,0.00,יחידה,false,,14.90,0.0000,true,1,103392
3161911229199,false,חמאה צרפתית רכה למריחה אל & ויר 250 גרם,אלל אה וויר,FR,חמאה רכה,גרמים,250.00,100 גרם,false,,21.00,0.0840,true,1,18099
3161911366429,false,חמאה צרפתית מלוחה רכה למריחה אלוויר 250 גר',ארזינא,FR,חמאה רכה מלוחה,גרמים,250.00,100 גרם,false,,21.00,0.0840,true,1,18101
3161911393210,false,אלוויר חמאת נורמנדי מלוחה 200 גרם,אלוויר,FR,חמאת נורמנדי מלוחה א,גרמים,200.00,100 גרם,false,,17.90,0.0895,true,1,188393
3178530402278,false,עוגיות גאלט חמאה קרם 150 גרם,סן מישל St Michel,FR,עוגיות גאלט חמאה עם,גרמים,150.00,100 גרם,false,,16.90,0.1127,true,1,102416
3178530402353,false,עוגות מיני מדלן קלאסי סאן מישל 175 גרם,סאן מישל ביסוויט,FR,עוגיות מנדל רכות,גרמים,175.00,100 גרם,false,,10.60,0.0606,true,1,100972
3178530407938,false,עוגיות מיני מדליין עם שוקוצ'יפס סאן מישל 175 גרם,סן מישל St Michel,FR,מיני מדליין עם פצפוצ,גרמים,175.00,100 גרם,false,,11.90,0.0680,true,1,102419
3178530411478,false,ביסקוויטים גאלט עם חמאה ומלח ים,סן מישל St Michel,FR,עוגיות גאלט חמאה קלא,גרמים,150.00,100 גרם,false,,13.90,0.0927,true,1,102420
3179730011024,false,פרייה מים מינרלים מבעבעים טבעיים,נסטלה ווטרס ספלאי,FR,פרייה 330 מים קטן,מיליליטרים,330.00,"100 מ""ל",false,,5.90,0.0179,true,1,94875
3387390320244,false,פיטנס דגני בוקר מחיטה מלאה עם פירות נסטלה 375 גרם,נסטלה צרפת איטנקורט,FR,פיטנס דגנים עם פירות,גרמים,375.00,100 גרם,false,,21.90,0.0584,false,1,6771
3387390525960,false,קראנץ' דגני בוקר עם שוקולד חלב נסטלה 500 גרם,הנסיך- מפעל לייצור ט,FR,דגנים קראנץ' נסטלה 5,גרמים,500.00,100 גרם,false,,19.90,0.0398,false,1,32889
3387390730852,false,פיטנס דגנים מחיטה מלאה ואורז נסטלה 375 גרם,נסטלה צרפת איטנקורט,FR,פיטנס דגני בוקר 375,גרמים,375.00,100 גרם,false,,21.90,0.0584,false,1,6774
3523230025652,false,"גבינת מיני בושה עם שום ועשי תיבול ועשבי, 125 גרם",סואניון,FR,גבינת מיני בושה שום,גרמים,125.00,100 גרם,false,,22.90,0.1832,true,1,124372
3523230026888,false,"גבינת עיזים שום ועשבי תיבול למריחה פירמידה, 140 גרם",סואניון SOIGNON,FR,גבינת עיזים עם שום פ,גרמים,140.00,100 גרם,false,,23.90,0.1707,true,1,104338
3523230038959,false,גב.בושה עיזים מפוחם125גר,אוריאל,FR,גבינת בושה מפוחם 125,גרמים,125.00,100 גרם,false,,22.90,0.1832,true,1,125879
3523230045827,false,גבינת סנט מור עיזים160גר,סואניון,FR,גבינת סנט מור 160 גר,גרמים,160.00,100 גרם,false,,25.90,0.1619,true,1,109819
3563490014898,false,ריין דיז'ון חרדל דיז'ון 265 גרם,ריין דיז'ון reine dijon,FR,חרדל דיזון לחיץ 255,גרמים,265.00,100 גרם,false,,11.90,0.0449,true,1,70863
3574660089547,false,טמפונים נורמל קלאסי אובה 32 יחידות,ג'\ונסון אנד ג'\ונסון,GR,אובה קלאסי נורמל 32י,יחידה,0.00,יחידה,false,,22.90,0.0000,true,1,26725
3574660115154,false,או-בה טמפונים קלאסי סופר 32יח',ג'\ונסון אנד ג'\ונסון,GR,טמפונים אובה סופר 32,יחידה,0.00,יחידה,false,,22.90,0.0000,true,1,27049
3574660239829,false,קרם ידיים קל סדרה נורבגית נוטרוגינה 50 מ,ניוטרוג'ינה Neutrogena,FR,קרם ידיים נוטרוג'ינה,מיליליטרים,75.00,"100 מ""ל",false,,26.90,0.3587,true,1,40062
3574660514643,false,נטרוגינה קרם לחות מרגיע לגוף ולפנים 300,ניוטרוג'ינה Neutrogena,IT,נוטרג'ינה קרם לחות ע,מיליליטרים,300.00,"100 מ""ל",false,,26.90,0.0897,true,1,63777
3574661359885,false,טמפונים סופר קומפורט אובה 32 יחידות,Johnson Toilet-IT,FR,או-בה פרוקומפוקט סופ,יחידה,0.00,יחידה,false,,22.90,0.0000,true,1,108068
3574661392493,false,ניוטרוגינה קרם גוף הידרו בוסט 200 מייל,שסטוביץ,GR,ניוטרוג'ינה קרם גוף,מיליליטרים,200.00,"100 מ""ל",false,,29.90,0.1495,true,1,113175
3574661419435,false,תחבושות הגייניות וניה מקסי 12 יחידות,Johnson Vania - BL,BE,וניה תחבושות הגייניו,יחידה,0.00,יחידה,false,,23.90,0.0000,true,1,190411
3574661485201,false,טמפונים אובה סופר 32 יח' פרוקומפורט,Johnson Toilet-IT,FR,אובה פרוקומפורט סופר,יחידה,0.00,יחידה,false,,22.90,0.0000,true,1,188954
3574661485218,false,טמפונים נורמל אובה 32 יח' פרוקומפורט,"ש. שסטוביץ בע""\מ",FR,אובה פרוקונפורט נורמ,יחידה,0.00,יחידה,false,,22.90,0.0000,true,1,189215
3574661487328,false,קרפרי מגני תחתון אורגינל פלוס 56 יח',הדקלאים אגודת שיתופי,IT,קרפרי מגן תחתון 56 י,יחידה,0.00,יחידה,false,,15.90,0.0000,true,1,116370
3574661487618,false,קרפרי מגן תחתון מקסי לארג'' מבושם 48 יח'',ג'ויה מעבדות לקוסמטי,IT,קרפרי מגן תחתון מקסי,יחידה,0.00,יחידה,false,,15.90,0.0000,true,1,117063
3574661487625,false,מגני תחתון פלוס לארג' בניחוח עדין L,הדקלאים אגודת שיתופי,IT,קרפרי מגן תחתון מקסי,יחידה,0.00,יחידה,false,,15.90,0.0000,true,1,116658
3574661552576,false,קרפרי מגן תחתון רגיל טנגה לבן 56 יח חדש,הדקלאים אגודת שיתופי,GR,קרפרי מגן תחתון טנגה,יחידה,0.00,יחידה,false,,15.90,0.0000,true,1,119575
3574661552804,false,מגן תחתון קרפרי אלוורה 56 יחידות,הדקלאים אגודת שיתופי,IT,קרפרי מגן תחתון אלוו,יחידה,0.00,יחידה,false,,15.90,0.0000,true,1,121456
3574661554877,false,מגן תחתון קרפרי כותון מבושם 56 יחידות,הנסיך- מפעל לייצור ט,GR,קרפרי כותון מבושם 56,יחידה,0.00,יחידה,false,,15.90,0.0000,true,1,119576
3574669907682,false,גונסונס בייבי טלק 500 גרם חדש,גונסון אנד גונסון,IT,ג'ונסון בייבי טלק 50,גרמים,500.00,100 גרם,false,,31.90,0.0638,true,1,114430
3574669908146,false,גונסונס בייבי תחליב לפני שינה 500 מל חדש,ג'ונסונס Johnson's,IT,גונסון בייבי תחליב ל,מיליליטרים,500.00,"100 מ""ל",false,,27.90,0.0558,true,1,114233
3574669908481,false,גונסונס בייבי אל סבון אמבט 750 מל חדש,ג'ונסונס Johnson's,IT,גונסון בייבי אל סבון,מיליליטרים,750.00,"100 מ""ל",false,,21.90,0.0292,true,1,114224
3574669908665,false,גונסונס בייבי אל סבון לפני השינה 750 מל,גונסון אנד גונסון,IT,גונסון בייבי אל סבון,מיליליטרים,750.00,"100 מ""ל",false,,21.90,0.0292,true,1,114260
3574669909181,false,גונסונס בייבי שמן אלוורה לתינוק 300 מל,ג'ונסונס Johnson's,IT,גונסון בייבי שמן אלו,מיליליטרים,300.00,"100 מ""ל",false,,21.90,0.0730,true,1,114235
3574669909204,false,גונסונס בייבי שמן לתינוק 300 מל,ג'ונסונס Johnson's,IT,ג'ונסון בייבי שמן,מיליליטרים,300.00,"100 מ""ל",false,,21.90,0.0730,true,1,114433
3600521720219,false,קרם פנים לילה עם פעולה משולשת לכל סוגי העור,"קרלסרו, גרמניה",DE,קרם לחות ללילה,יחידה,50.00,יחידה,false,,45.90,0.9180,true,1,106117
3600522022893,false,לוריאל - אקסלנס קרם 9.3 בלונד מאוד בהיר זהוב,ליברמו,BE,אקסלנס צבע לשיער 9.3,יחידה,0.00,יחידה,false,,34.90,0.0000,true,1,63142
3600522344032,false,לוריאל - אלביב מסכה טוטאל ריפר 300,kozmetik canan,DE,אלביב מסכה לשיער פגו,מיליליטרים,300.00,"100 מ""ל",false,,22.90,0.0763,true,1,67575
3600522344070,false,לוריאל - אלביב מסכה קולור פרוטקט 300,"לוריאל ישראל בע""מ",DE,מסכה אלביב לשיער מתו,מיליליטרים,300.00,"100 מ""ל",false,,22.90,0.0763,true,1,69249
3600522368250,false,לוריאל - אקסלנס קרם 6.7 חום בהיר שוקולד,ליברמו,BE,צבע לשיער אקסלנס חום,יחידה,0.00,יחידה,false,,34.90,0.0000,true,1,118231
3600522378051,false,לוריאל - אקסלנס קרם 6.32 חום בהיר זהוב מעודן,ליברמו,BE,צבע לשיער לוריאל,יחידה,0.00,יחידה,false,,34.90,0.0000,true,1,106760
3600523605972,false,מסכת הזנה רב שימושית מכילה שמן קוקוס,לוריאל - אלביב Elvive,DE,מסכה לשיער אלביב,מיליליטרים,300.00,"100 מ""ל",false,,22.90,0.0763,true,1,109165
3600523642489,false,מסכת הזנה אינטנסיבית 6 שמנים לשיער יבש,לוריאל - אלביב Elvive,DE,אלביב מסכת שמנים,מיליליטרים,300.00,"100 מ""ל",false,,22.90,0.0763,true,1,114648
3600523651870,false,שמפו לחיזוק סיב השערה לכל סוגי השיער,לוריאל - אלביב Elvive,TR,שמפו ארגינין אלביב,מיליליטרים,550.00,"100 מ""ל",false,,14.90,0.0271,true,1,110565
3600523651900,false,מרכך לחיזוק סיב השערה לכל סוגי השיער,לוריאל - אלביב Elvive,TR,מרכך ארגינין אלביב,מיליליטרים,550.00,"100 מ""ל",false,,14.90,0.0271,true,1,110513
3600523652242,false,"לוריאל - אלביב שמפו קולור פרוטקט 550 מ""ל",לוריאל - אלביב Elvive,TR,שמפו קולור פרוטקט אל,מיליליטרים,550.00,"100 מ""ל",false,,14.90,0.0271,true,1,110521
3600523652259,false,"לוריאל - אלביב מרכך קולור פרוטקט 550 מ""ל",קוסמטיקס,TR,מרכך קולור פרוטקט אל,מיליליטרים,550.00,"100 מ""ל",false,,14.90,0.0271,true,1,110522
3600523652280,false,"לוריאל אלביב שמפו מועשר ב 6 שמנים, 550 מ""ל",לוריאל - אלביב Elvive,TR,שמפו 6 שמנים אלביב,מיליליטרים,550.00,"100 מ""ל",false,,14.90,0.0271,true,1,110525
3600523652297,false,"מרכך לשיער אלביב זהב 6 שמנים , 550 מ""ל",לוריאל - אלביב Elvive,TR,מרכך 6 שמנים אלביב,מיליליטרים,550.00,"100 מ""ל",false,,14.90,0.0271,true,1,110514
3600523653638,false,אלביב מרכך 550 מל חימר לסירוק קל,קוסמטיקס,TR,מרכך חימר אלביב,מיליליטרים,550.00,"100 מ""ל",false,,14.90,0.0271,true,1,110515
3600523782567,false,"לוריאל - אלביב שמפו דרים לונג 500 מ""ל",קוסמטיקס,FR,שמפו אלביב דרים לונג,מיליליטרים,500.00,"100 מ""ל",false,,14.90,0.0298,true,1,114652
3600523782574,false,לוריאל - אלביב מסכה דרים לונג 300,לוריאל - אלביב Elvive,DE,אלביב מסכה לשיער,מיליליטרים,300.00,"100 מ""ל",false,,22.90,0.0763,true,1,114653
3600523782581,false,מרכך מתיר קשרים לשיער ארוך ופגום Dream Long,לוריאל - אלביב Elvive,FR,אלביב מרכך שיער 500,מיליליטרים,500.00,"100 מ""ל",false,,14.90,0.0298,true,1,114649
3600523936700,false,לוריאל - דרמו משולשת נוטרישן לעור יבש עברית,"קרלסרו, גרמניה",DE,קרם לוריאל דרמו פעול,מיליליטרים,50.00,"100 מ""ל",false,,44.90,0.8980,true,1,125110
3600523965663,false,לוריאל רויטליפט פילר טונר מי פנים 200 מל,לוריאל,DE,מי פנים דרמו רויטליפ,מיליליטרים,200.00,"100 מ""ל",false,,39.90,0.1995,true,1,190165
3600540928863,false,גרניה מיניראל רול און קליר אינויזיבל,קוסמופול,FR,דאוד' רול גרנייה,מיליליטרים,50.00,"100 מ""ל",false,,10.90,0.2180,true,1,38063
3600541253667,false,"גרנייה - דאודורנט ספריי לאישה אינביזיבל BWC (ורוד) 150 מ""ל","לוריאל ישראל בע""מ",FR,דאוד' ספריי גרנייה,מיליליטרים,150.00,"100 מ""ל",false,,10.90,0.0727,true,1,106131
3600541382930,false,גרנייה - מים מיסלרים לכל סוגי העור,"קוסמופול, פולין",PL,מים מיסלרים לכל סוג,מיליליטרים,400.00,"100 מ""ל",false,,29.90,0.0747,true,1,112519
3600541402270,false,"גרנייה - דאודורנט ספריי לאישה אינביזיבל BWC (ירוק) 150 מ""ל","לוריאל ישראל בע""מ",FR,דאוד' גרנייה ירוק לא,מיליליטרים,150.00,"100 מ""ל",false,,10.90,0.0727,true,1,106747
3600541928169,false,"גרנייה פיור פחם ג'ל ניקוי 150 מ""ל","קרלסרו, גרמניה",DE,פיור אקטיב ג'ל ניקוי,מיליליטרים,200.00,"100 מ""ל",false,,33.90,0.1695,true,1,112212
3600541937475,false,גרניה פיור גרגרים מסיכה לעור מעורב עד שמן,לוריאל,FR,ג'ל לניקוי פנים גראנ,גרמים,150.00,100 גרם,false,,34.90,0.2327,true,1,110670
3600541952720,false,ג'ל גרגירים עם פחם פעיל לטיפול בראשים שחורים,גרנייה Garnier,FR,"ג'ל גרגרים 150 מ""ל",מיליליטרים,150.00,"100 מ""ל",false,,34.90,0.2327,true,1,111118
3600541956223,false,"גרנייה פיור לניקוי וטיפול בסימנים ופגעי עם מברשת 150 מ""ל","קרלסרו, גרמניה",DE,גרנייר פיוראקטיב ג'ל,מיליליטרים,150.00,"100 מ""ל",false,,33.90,0.2260,true,1,111332
3600542216623,false,"דאודורנט רול גרנייה אקשן קונטרול 50 מ""ל",סופרוקוס,PL,רול און גרנייר,מיליליטרים,50.00,"100 מ""ל",false,,10.90,0.2180,true,1,125045
3600542310444,false,"גרנייה - דאודורנט ספריי לאישה מגנזיום 150 מ""ל",סופרוקוס,PL,דאודורנט ספריי מגנזי,מיליליטרים,150.00,"100 מ""ל",false,,10.90,0.0727,true,1,124888
3600542365796,false,גרניה בוטניקל גל ניקוי ענבים 200 מל,לוריאל,PL,בוטניקל ג'ל ניקוי גר,100 מל,200.00,100 מל,false,,21.90,0.1095,true,1,125377
3600542385091,false,"גרנייה - דאודורנט רול און לאישה אקשן קונטרול 72 שעות 50 מ""ל",קוסמופול,PL,רול און גרנייר 60 מ,מיליליטרים,60.00,"100 מ""ל",false,,10.90,0.1817,true,1,125697
3600542385220,false,דאודורנט רול און פרוטקשן 6 סגול פלורל,גרנייה Garnier,FR,רול און גרנייר,מיליליטרים,50.00,"100 מ""ל",false,,10.90,0.2180,true,1,124827
3600542385251,false,"גרנייה - דאודורנט רול און לאישה פרוטקשן 6 כותנה (ורוד) 50 מ""ל",גרנייה Garnier,FR,רול און גרנייר,מיליליטרים,50.00,"100 מ""ל",false,,10.90,0.2180,true,1,124824
3600542397926,false,"גרנייה - דאודורנט ספריי לאישה פרוטקשן 6 כותנה (ורוד) 150 מ""ל","קוסמופול, פולין",FR,דאודורנט ספריי פרוטק,מיליליטרים,150.00,"100 מ""ל",false,,10.90,0.0727,true,1,124983
3607340717635,false,אדידס גל רחצה לגבר אייס דייב 400 מל,קוטי ס.פ,ES,אדידס אייס דייב ג'ל,מיליליטרים,400.00,"100 מ""ל",false,,10.00,0.0250,true,1,109982
3607343817547,false,"אדידס - דאודורנט ספריי לגבר קליימקול 150 מ""ל",קולפ,PT,דאודורנט ספריי לגבר,מיליליטרים,150.00,"100 מ""ל",false,,14.90,0.0993,true,1,121291
3607345264356,false,"אדידס בודי ספריי לגבר דינמיק פולס, ללא אלומיניום, 150 מל",דנשר,PL,פיוז'ן-ספריי גוף דינ,מיליליטרים,0.00,"מ""ל",false,,19.90,0.0000,true,1,42365
3607345264912,false,"אדידס בודי ספריי לגבר אייס דייב, ללא אלומיניום, 150 מל",אגריפק אס איי לגרדה,ES,פיוז'ן-ספריי גוף איי,מיליליטרים,150.00,"100 מ""ל",false,,19.90,0.1327,true,1,43347
3607345265117,false,"אדידס - דאודורנט ספריי לגבר טים פורס 150 מ""ל",מיוצר עי קונדיטוריית,ES,פיוז'ן-ספריי גוף טים,מיליליטרים,0.00,"מ""ל",false,,19.90,0.0000,true,1,42713
3607347320449,false,"אדידס - ג'ל רחצה ספורט אנרג'י 400 מ""ל",קוטי ס.פ,ES,אדידס ספורט אנרגי ג',מיליליטרים,400.00,"100 מ""ל",false,,10.00,0.0250,true,1,109983
3607347415343,false,אדידס רול קונטרול קול&קר,,PT,דאודורנט רול און איש,מיליליטרים,50.00,"100 מ""ל",false,,13.90,0.2780,true,1,110743
3607347415589,false,"אדידס - דאודורנט רול און לאישה פרש קול אנד קר 50 מ""ל",קוטדור,ES,דאודורנט רול און 50,מיליליטרים,50.00,"100 מ""ל",false,,13.90,0.2780,true,1,110744
3607347918981,false,"אדידס - דאודורנט רול און לאישה קול אנד קר 6 ב-1 50 מ""ל",דנשר,ES,דאודורנט רול און 50,מיליליטרים,50.00,"100 מ""ל",false,,13.90,0.2780,true,1,110745
3614221653715,false,"אדידס קליימקול ג'ל רחצה, 400 מ""ל",קוטי ס.פ,ES,אדידס קליימקול ג'ל ר,מיליליטרים,400.00,"100 מ""ל",false,,10.00,0.0250,true,1,109984
3614223736003,false,"אדידס - דאודורנט ספריי לגבר אדיפיור 150 מ""ל",איגפק אס.איי,PT,דאודורנט ספריי לגבר,מיליליטרים,150.00,"100 מ""ל",false,,14.90,0.0993,true,1,121497
3614223736836,false,"אדידס - דאורודנט ספריי לאישה אדיפיור 150 מ""ל",קוטי,PT,דאודורנט אדידס ספריי,מיליליטרים,150.00,"100 מ""ל",false,,19.90,0.1327,true,1,109889
3614224050986,false,"אדידס - דאודורנט ספריי לגבר אדיפאוור 72 שעות 150 מ""ל","ב.א מזון בע""מ",PT,דאודורנט אדידס ספריי,מיליליטרים,150.00,"100 מ""ל",false,,14.90,0.0993,true,1,122315
3614224056537,false,"דאו ספריי לנשים אדידס אדיפוואר 150 מ""ל",COLEPCCL,PT,דאודורנט אדידס נשים,מיליליטרים,150.00,"100 מ""ל",false,,19.90,0.1327,true,1,114203
3661163970448,false,"אדידס דאודורנט ספריי מקס פרש לגברים 200 מ""ל",מיוצר עי קונדיטוריית,PT,דאו' ספריי לגבר A3דר,מיליליטרים,200.00,"100 מ""ל",false,,19.90,0.0995,true,1,38202
3661163991146,false,"אדידס - דאודורנט ספריי לאישה קול אנד קר פרש 150 מ""ל",מיוצר עי קונדיטוריית,PT,דאו' ספריי לאישה A3ד,מיליליטרים,200.00,"100 מ""ל",false,,19.90,0.0995,true,1,38205
3800020403631,false,קיט קט וופל פריך עם קרם בוטנים (19%) בציפוי שוקולד חלב (61.8%),נסטלה בולגריה A.D.,BG,קיט קאט צ'אנקי חמאה,גרמים,42.00,100 גרם,false,,3.70,0.0881,true,1,64425
3800020423578,false,חטיף שוקולד חלב צאנקי 40 ג' קיט קט,נסטלה בולגריה A.D,BG,נסטלה קיט קט צ'נקי א,גרמים,40.00,100 גרם,false,,3.70,0.0925,true,1,63749
3800020472569,false,קיט קט צאנקי קרמל 42 גרם,נסטלה בולגריה,BG,קיט קט צ'אנקי קרמל,גרמים,43.50,100 גרם,false,,3.70,0.0851,true,1,190155
3800020472576,false,קיט קאט צ'אנקי לוטוס,נסטלה,DE,קיט קט צאנקי לוטוס,גרמים,42.00,100 גרם,false,,3.70,0.0881,true,1,188978
3800020472712,false,חטיף קיט קאט צאנקי פופקורן 42 ג',ליימן מותגים,BG,קיט קאט צ'אנקי פופקו,גרמים,42.00,100 גרם,false,,3.70,0.0881,true,1,126627
3800034954150,false,מארז 3 יחידות פריש דריי,,IL,מארז שלישיית מבשם,יחידה,0.00,יחידה,false,,10.00,0.0000,true,1,107910
4000417022004,false,ריטר ספורט שוקולד חלב מעולה עם צימוקים ואגוזי לוז 100 גרם,ריטר ספורט Ritter sport,DE,שוקולד חלב צימוקים ו,גרמים,100.00,100 גרם,false,,8.50,0.0850,false,1,18394
4000417023001,false,ריטר ספורט שוקולד חלב מעולה עם שקדים שלמים,ריטר ספורט Ritter sport,DE,שוקולד חלב עם שקדים,גרמים,100.00,100 גרם,false,,9.90,0.0990,false,1,18395
4000417025005,false,שוקולד מריר במילוי מרציפן ריטר ספורט 100 גרם,ריטר ספורט Ritter sport,DE,שוקולד ריטר ספורט עם,גרמים,100.00,100 גרם,false,,8.50,0.0850,false,1,18396
4000417026002,false,שוקולד ריטר ספורט פרלין 100 גרם חלב נוכרי,ריטר ספורט Ritter sport,DE,ריטר שוקולד חלב ממול,גרמים,100.00,100 גרם,false,,8.50,0.0850,false,1,18397
4000417101273,false,אימצ'לי-גלילי וופל עם קרם אגוזי לוז 300 גרם,מותגים,,מארז אמיצ'ילי 300 גר,גרמים,300.00,100 גרם,false,,29.90,0.0997,true,1,191114
4000417101310,false,אמיצלי- גלילי וופל עם קרם קקאו בציפי שוק,ליימן שליסל,AT,אמיצ'לי קרם קקאו 150,גרמים,150.00,100 גרם,false,,17.90,0.1193,true,1,190878
4000417211002,false,שוקולד חלב מעולה ממולא קרם קרמל מוקצף ושברי שקדים מומלחים,ריטר ספורט Ritter sport,DE,שוקולד ריטר מוס קרמל,גרמים,100.00,100 גרם,false,,8.50,0.0850,true,1,101631
4000417222008,false,שוקולד ריטר ספורט חלב+שברי אגוזים 100 גרם חלב נוכרי,ריטר ספורט Ritter sport,DE,שוקולד ריטר חלב עם ש,גרמים,100.00,100 גרם,false,,8.50,0.0850,true,1,100631
4000417294005,false,שוקולד ריטר מוס קקאו 100 גרם חלב נוכרי,ריטר ספורט Ritter sport,DE,ריטר מוס קקאו,גרמים,100.00,100 גרם,false,,8.50,0.0850,false,1,61350
4000417298003,false,שוקולד ריטר ספורט קוקוס 100 גרם חלב נוכרי,ריטר ספורט Ritter sport,DE,שוקולד ריטר חלב במיל,גרמים,100.00,100 גרם,false,,8.50,0.0850,false,1,64209
4000417626417,false,שוקולד חלב חמוציות ממותקות ושברי אגוזי לוז,מותגים,,שוקולד ריטר חמוציות,גרמים,100.00,100 גרם,false,,8.50,0.0850,true,1,190868
4000417707000,false,שוקולד חלב מעולה עם שברי קשיו קלוי ומומלח,ריטר ספורט Ritter sport,DE,ריטר שוקולד חלב עם ש,גרמים,100.00,100 גרם,false,,9.90,0.0990,true,1,125023
4000417708007,false,"שוקולד ריטר ספורט מריר שקד, 100 גרם",ריטר ספורט Ritter sport,DE,ריטר שוקולד מריר עם,גרמים,100.00,100 גרם,false,,9.90,0.0990,true,1,125024
4000539280726,false,שוקולד לינדט אקסלנס מילד 70% 100 גר,לינדט ושפרונגלי,DE,שוקולד לינדט מריר 70,גרמים,100.00,100 גרם,false,,15.00,0.1500,true,1,189708
4000576027933,false,צימרונים לאוזניים גאן קרול 200 יח,וו.פלץ,DE,צמרוני אוזניים 200 י,יחידה,0.00,יחידה,false,,7.50,0.0000,true,1,120176
4000576481889,false,צימרוני אוזניים לתינוק 72 יח',ג'ין קרול Jean Carol,DE,צימרונים 72 יח',יחידה,0.00,יחידה,false,,6.50,0.0000,true,1,38032
4000576722654,false,פדים להסרת איפור זוג *70 יח',ג'ין קרול Jean Carol,,פדים להסרת איפור,יחידה,0.00,יחידה,false,,15.90,0.0000,true,1,42782
4000869061040,false,מבשם קריסטלי לכביסה יעקבי 275 ג',יעקובי,,תוסף מבשם קריסטלי כח,גרמים,275.00,100 גרם,false,,26.90,0.0978,true,1,111430
4002448017684,false,"סיליט באנג ספריי ניקוי כללי מסיר אבנית 750 מ""ל",הדקלאים אגודת שיתופי,PL,סיליט באנג ספריי,מיליליטרים,750.00,"100 מ""ל",false,,12.90,0.0172,true,1,14540
4002575016253,false,מרציפן מצופה שוקולד זנטיס 100 גרם,הדקלאים אגודת שיתופי,DE,מרציפן מצופה שוק,גרמים,100.00,100 גרם,false,,8.90,0.0890,true,1,12837
4002590000022,false,סוכריות קלפני פירות יער אוכמניות 150 ג',ליימן מותגים,DE,סוכריות קלפני,גרמים,150.00,100 גרם,false,,9.00,0.0600,true,1,12838
4002590000039,false,סוכריות בטעם פירות הדר קלפני 150 גרם,ליימן מותגים,,סוכריות קלפני,גרמים,150.00,100 גרם,false,,9.00,0.0600,true,1,12839
4002590000619,false,סוכריות קלפני בטעם ק,ליימן מותגים,,סוכריות בטעם קפה 150,גרמים,150.00,100 גרם,false,,9.00,0.0600,true,1,149781
4002590000633,false,סוכריות קלפני פירות 150 גרם,ליימן מותגים,DE,סוכריות קלפני,גרמים,150.00,100 גרם,false,,9.00,0.0600,true,1,12842
4002590703541,false,קלפני סוכריות קשות בטעם תות,ליימן מותגים,DE,סוכריות קלפני תות 15,גרמים,150.00,100 גרם,false,,9.00,0.0600,true,1,94695
4004666042004,false,"מלרוד מרסס משמיד עובש יעקבי 500 מ""ל",יעקובי,DE,משמיד עובש עם מר,מיליליטרים,500.00,"100 מ""ל",false,,29.90,0.0598,true,1,27565
4004666111656,false,"ג'ל פעיל להשמדת עובש 250 מ""ל מרלוד",מלרוד,DE,מלרוד ג'ל פעיל להשמד,מיליליטרים,250.00,"100 מ""ל",false,,27.90,0.1116,true,1,187167
4005808128273,false,ג'ל רחצה לגבר אנרג'י עם תמציות מנטה בניחוח ממריץ,טרופיקל דגיל תעשיות,DE,ניוואה ג'ל רחצה מנטה,מיליליטרים,500.00,"100 מ""ל",false,,14.90,0.0298,true,1,39267
4005808229390,false,ניוואה מן ג'ל רחצה לגבר קול 500מל,ניוואה Nivea,DE,"ג'ל רחצה לגבר 500 מ""",מיליליטרים,500.00,"100 מ""ל",false,,14.90,0.0298,true,1,43367
4005808293469,false,"ניוואה - דאודורנט ספריי לגבר יבש 150 מ""ל",BEIERSDORF MANUFACTU,DE,ניוואה דאודורנט ספרי,מיליליטרים,150.00,"100 מ""ל",false,,16.90,0.1127,true,1,186204
4005808368280,false,שפתון ליובש דובדבן לבלו 48 גרם,טרופיקל דגיל תעשיות,DE,שפתון לבלו,יחידה,0.00,יחידה,false,,13.90,0.0000,true,1,102043
4005808817306,false,ניוואה גל גילוח להרגשה קרירה 200מל,ניוואה Nivea,DE,ג'ל לגילוח,מיליליטרים,200.00,"100 מ""ל",false,,17.90,0.0895,true,1,57708
4005808817405,false,"ג'ל גילוח לעור רגיש ניוואה 200 מ""ל",פרוטרופיק סיה.,PL,ג'ל גילוח לעור רגיש,מיליליטרים,200.00,"100 מ""ל",false,,17.90,0.0895,true,1,57709
4005808890507,false,קרם ניוואה סופט צנצנת 200 מל,ניוואה Nivea,ES,ניוואה סופט קרם 200ג,גרמים,250.00,100 גרם,false,,24.90,0.0996,true,1,39774
4005900036445,false,"ניוואה - דאודורנט רול און לאישה בלק&וויט פיור 50 מ""ל",ביירסדורץ,DE,דאודורנט ניוואה רול,מיליליטרים,50.00,"100 מ""ל",false,,16.90,0.3380,true,1,68971
4005900036506,false,"ניוואה - דאודורנט רול און לגבר שקוף בלק 50 מ""ל",טרופיקל דגיל תעשיות,DE,ניוואה רול און דאודו,מיליליטרים,0.00,"מ""ל",false,,16.90,0.0000,true,1,57717
4005900036568,false,ניוואה דאודורנט רולאון ספריי לאישה בלק אנד וויט 150 מ''ל,ביירסדורף AG,DE,דאודורנט ספריי ניווא,יחידה,0.00,יחידה,false,,16.90,0.0000,true,1,59352
4005900274380,false,"ניוואה - דאודורנט ספריי לאישה פרש פלוואר אישה 150 מ""ל",ניואה,DE,דאודורנט ניוואה ספרי,מיליליטרים,150.00,"100 מ""ל",false,,16.90,0.1127,true,1,102034
4005900485243,false,"ניוואה - דאודורנט רול און לגבר דריי פרש 50 מ""ל",ביירסדורף,DE,דאודורנט ניוואה רול,מיליליטרים,50.00,"100 מ""ל",false,,16.90,0.3380,true,1,117759
4005900488459,false,"ניוואה - דאודורנט רול און לאישה דריי פרש 50 מ""ל",ביירסדורף AG,DE,דאודורנט ניוואה רול,מיליליטרים,50.00,"100 מ""ל",false,,16.90,0.3380,true,1,118882
4005900521262,false,"ג'ל רחצה לגבר פיור אימפקט ניוואה 500 מ""ל",ביירסדורף,DE,ג'ל רחצה לגבר ניוואה,מיליליטרים,500.00,"100 מ""ל",false,,14.90,0.0298,true,1,114527
4005900555540,false,לבלו כחול אורגינל,,,שפתון לבלו,יחידה,0.00,יחידה,false,,9.90,0.0000,true,1,116960
4005900555915,false,"ניוואה - תחליב רחצה קוקוס וחוחובה 750 מ""ל",ביירסדורף AG,DE,ניוואה שמן אמבט קוקו,מיליליטרים,750.00,"100 מ""ל",false,,14.90,0.0199,true,1,121084
4005900648181,false,"ניוואה - תחליב רחצה אלוורה 750 מ""ל",ביירסדורף AG,DE,ניוואה תחליב רחצה אל,מיליליטרים,750.00,"100 מ""ל",false,,14.90,0.0199,true,1,126620
4005900730299,false,"ניוואה דאו רול און לאשה בלק אנד וויט אימפקט 50 מ""ל",ביירסדורף,DE,דאודורנט ניוואה רול,מיליליטרים,50.00,"100 מ""ל",false,,16.90,0.3380,true,1,190863
4005900845702,false,"ניוואה - דאודורנט רול און לגבר קול קיק פרש 50 מ""ל",ביירסדורף,DE,ניוואה דאודורנט רול,מיליליטרים,50.00,"100 מ""ל",false,,16.90,0.3380,true,1,126619
4005900874931,false,"דאודורנט ספריי דיפ ביט לגבר 150 מ""ל ניוויה",ביירסדורף,DE,ניוואה דאודורנט ספרי,מיליליטרים,150.00,"100 מ""ל",false,,16.90,0.1127,true,1,190135
4006387085407,false,שלישיית פילטר מקסטרא סודהסטרים,סודה קלאב,DE,שלישיית פילטר מקס פל,יחידה,0.00,יחידה,false,,99.90,0.0000,false,1,109940
4006387086671,false,פילטר בריטה מקס פלוס,,,פילטר בריטה מקס פלוס,יחידה,0.00,יחידה,false,,39.90,0.0000,false,1,109960
4006508177325,false,מטליות לניקוי משפקיים מבית SWIRL,סווירל Swirl,,מטליות לניקוי משקפיי,יחידה,0.00,יחידה,false,,12.90,0.0000,true,1,28693
4007519050713,false,שקיות אשפה עם שרוך חזקות במיוחד 35 ליטר,פאלי Pely,DE,פלי 25 שקיות אשפה- 3,יחידה,0.00,יחידה,false,,10.90,0.0000,true,1,22175
4007519050720,false,שקיות אשפה עם שרוך חזקות במיוחד 60 ליטר,פאלי Pely,DE,פלי 20 שקיות אשפה- 6,יחידה,0.00,יחידה,false,,10.90,0.0000,true,1,40794
4007519050744,false,שקיות אשפה עם שרוך חזקות במיוחד 120 ליטר,פאלי Pely,DE,פלי 10 שקיות אשפה- 1,יחידה,0.00,יחידה,false,,10.90,0.0000,true,1,22176
4007519086224,false,פלי שקיות אשפה ריחניות 20 ליטר 22 יח,וו.פלץ,DE,פלי 22 שקיות אשפה 20,יחידה,0.00,יחידה,false,,10.90,0.0000,true,1,97072
4008102002867,false,גרגירים להכנת תה לימון מילפורד 400 גרם,ליימן מותגים,DE,תה גרגרים מילפורד לי,גרמים,400.00,100 גרם,false,,14.90,0.0373,true,1,12847
4008287058161,false,בירה קרומבאכר פילס 4.8% שישיה 6 * 330 מל,מנדלז סי.אר. פרודקשן,DE,קרומבאכר פילס שישייה,מיליליטרים,1980.00,"100 מ""ל",false,,29.90,0.0151,true,1,125063
4008287905786,false,בירה קרומבאכר חיטה 5.3% פחית 500 מל,מנדלז סי.אר. פרודקשן,DE,קרומבכר חיטה פחית 50,מיליליטרים,500.00,"100 מ""ל",false,,9.90,0.0198,true,1,125051
4008400230726,false,ביצת שוקולד הפתעה קינדר ענקית 100ג' בנים,קינדר Kinder,IT,ביצת הפתעה מקסי,גרמים,100.00,100 גרם,false,,21.90,0.2190,true,1,102098
4008402101772,false,"קיווי אקספרס ספוג הברקה חום 6מ""ל",Jonson ג'ונסון,HN,קיווי אקספרס ספוג הב,יחידה,0.00,יחידה,false,,14.90,0.0000,true,1,61925
4008429951916,false,אוכל לחתולים ויסקס ט,ויסקס Whiskas,PL,ויסקס טונה 400 גר',גרמים,400.00,100 גרם,false,,9.40,0.0235,true,1,95708
4009300522935,false,תה ירוק פומפדור לימונית ולואיזה 20 יחידות,"איטיליאן פוד, אס.פי.",DE,פומפדור תה ירוק לימו,גרמים,30.00,100 גרם,false,,19.90,0.6633,true,1,32049
4009300522966,false,תה ירוק עם נענע פומפדור 20 יחידות,"איטיליאן פוד, אס.פי.",DE,פומפדור תה ירוק נענע,גרמים,36.00,100 גרם,false,,19.90,0.5528,true,1,32047
4009300524588,false,חליטת צמחים פומפדור פירות יער 20 יחידות,פומפדור Pompadour,DE,חליטת פומפדור פירות,גרמים,60.00,100 גרם,false,,15.90,0.2650,true,1,35903
4009300524625,false,תה צ'אי מסאלה פומפדור 20 יחידות,פומפדור Pompadour,DE,תה פומפדור צ'אי מסאל,גרמים,40.00,100 גרם,false,,13.90,0.3475,true,1,35904
4009300525011,false,פומפידור תה ירוק עם תפוז וג'ינגר 25 שקיקים,"איטיליאן פוד, אס.פי.",DE,תה פומפדור ירוק תפוז,יחידה,0.00,יחידה,false,,19.90,0.0000,true,1,55816
4009300525684,false,חליטת צמחים פומפדור ג'ינג'ר ולימון 20 יחידות,פומפדור Pompadour,DE,חליטת צמחים ג'ינג'ר,גרמים,35.00,100 גרם,false,,15.90,0.4543,true,1,60274
4009300526438,false,תה ירוק פומפדור קלאסי 20 יחידות,"איטיליאן פוד, אס.פי.",DE,תה ירוק קלאסי פומפדו,יחידה,0.00,יחידה,false,,19.90,0.0000,true,1,69445
4009300527909,false,חליטת צמחים ג'ינג'ר כורכום ללא קפאין,פומפדור Pompadour,DE,פומפדור חליטת ג'ינג',יחידה,0.00,יחידה,false,,15.90,0.0000,true,1,108878
4009300528821,false,תה ירוק ג'ינג'ר קינמון פומפדור 30 ג',פומפדור Pompadour,DE,פומפדור תה ירוק ג'ינ,יחידה,0.00,יחידה,false,,19.90,0.0000,true,1,114313
4009300528845,false,תה ירוק פומפדור לימונית ודבש 20 יחידות,פומפדור Pompadour,DE,פומפדור תה ירוק לימו,יחידה,0.00,יחידה,false,,19.90,0.0000,true,1,114314
4009300529514,false,תה חליטת פומפדור פירות אוכמניות 20 יח,TEEKANNE- POMPADOU,DE,פומפדור חליטת פירות,גרמים,50.00,100 גרם,false,,15.90,0.3180,true,1,188955
4009300529552,false,תה חליטת פומפדור פירות אפרסק 20 יח,TEEKANNE- POMPADOU,DE,פומפדור חליטת פירות,גרמים,50.00,100 גרם,false,,15.90,0.3180,true,1,188957
4009300529576,false,תה חליטת פומפדור פירות רימונים 20 יח,TEEKANNE- POMPADOU,DE,פומפדור חליטת פירות,גרמים,50.00,100 גרם,false,,15.90,0.3180,true,1,126857
4009300529613,false,"חליטת צמחים אורגנית עם קמומיל, מליסה ויערת דבש","איטיליאן פוד, אס.פי.",DE,פומפדור קאלם אנד ריל,גרמים,36.00,100 גרם,false,,17.90,0.4972,true,1,123656
4009300595120,false,חליטת צמחים פומפדור ג'ינג'ר מנגו 20 יחידות,TEEKANNE- POMPADOU,DE,פומפדור חליטת צמחים,יחידה,0.00,יחידה,false,,15.90,0.0000,true,1,121449
4009900013581,false,מסטיק אורביט ספרמינט סטיקס משפחתי-חמישיות,ריגלי צרפת,FR,אורביט ספירמינט סקיק,גרמים,65.00,100 גרם,false,,9.90,0.1523,true,1,64787
4009900379564,false,מסטיק הובה בובה Hubba Bubba טייפ בטעם פירות,הובה בובה Hubba Bubba,GB,מסטיק הובה בובה פירו,גרמים,56.00,100 גרם,false,,6.50,0.1161,true,1,22728
4009900385824,false,מארז חמישיית מסטיק אורביט Orbit בטעם מנטה,ריגלי צרפת,FR,מארז חמישיית אורביט,יחידה,0.00,יחידה,false,,9.90,0.0000,true,1,65053
4009900402965,false,אורביט וויט בטעם פירות בקבוקון 46מלבניות,ריגלי פולין,PL,אורביט בקבוקון בטעם,גרמים,64.00,100 גרם,false,,10.00,0.1563,true,1,61274
4009900403023,false,אורביט וויט בטעם מנטה בקבוקון 46 מלבניות,"ב.א מזון בע""מ",PL,אורביט בקבוקון בטעם,גרמים,64.00,100 גרם,false,,10.00,0.1563,true,1,61275
4009900406918,false,מסטיק הובה בובה טייפ טריפל מיקס 56ג',הובה בובה Hubba Bubba,GB,מסטיק הובה בובה טריפ,גרמים,56.00,100 גרם,false,,6.50,0.1161,true,1,25815
4009900420129,false,מסטיק אורביט פרופשנל פפרמינט בקבוקון 64 גר',מרס נדרלנד,PL,אורביט פרופשיונל פפר,גרמים,64.00,100 גרם,false,,10.00,0.1563,true,1,112755
4009900426121,false,מסטיק אורביט איירוויז בקבוקון אוכמניות 64ג',איירוויבס Airwaves,PL,מסטיק איירוויבז אוכמ,גרמים,64.00,100 גרם,false,,10.00,0.1563,true,1,102949
4009900465304,false,סוכריות סקיטלס פירות חמוצים 174 גרם,ריגלי ממתקים,CZ,סוכריות סקיטלס פירות,גרמים,174.00,100 גרם,false,,8.90,0.0511,true,1,70302
4009900479998,false,אורביט וויט אוכמניות בקבוקון 46 מלבניות,ריגלי פולין,PL,מסטיק אורביט אוכמניו,גרמים,64.00,100 גרם,false,,10.00,0.1563,true,1,70024
4009900482417,false,מסטיק אורביט פירות מנטה בקבוקון באבל מינט 45יח,ריגלי פולין,PL,מסטיק אורביט באבל מי,יחידה,0.00,יחידה,false,,10.00,0.0000,true,1,63727
4009900487283,false,אורביט ילדים קלאסי סט' משפחתי-חמישיות,ריגלי צרפת,FR,מארז חמישיית אורביט,יחידה,0.00,יחידה,false,,9.90,0.0000,true,1,65817
4009900500166,false,סוכריות פירות אדום סקיטלס בקבוקון 125ג',ריגלי ממתקים,CZ,סוכריות סקיטלס בבקבו,גרמים,125.00,100 גרם,false,,8.90,0.0712,true,1,103379
4009900521581,false,סוכריות אורביט מינטס מנטה בבקבוקון 77 גר,ריגלי פולין,PL,אורביט מינטס מנטה בק,גרמים,77.00,100 גרם,false,,10.00,0.1299,true,1,106787
4009900521611,false,סוכריות אורביט מינטס דובדבן מנטה בבקבוקון,מרס נדרלנד,PL,אורביט מינטס דובדבן,יחידה,0.00,יחידה,false,,10.00,0.0000,true,1,106635
4009900531122,false,"מסטיק בטעם מנטה ספירמינט, 64 ג' פרופשיונל אורפיט",מרס נדרלנד,PL,אורביט פרופשיונל ספי,גרמים,64.00,100 גרם,false,,10.00,0.1563,true,1,112756
4009900532327,false,סוכריות סקיטלס סמודיס בטעמי יוגורט ופירות,ריגלי ממתקים,CZ,סוכריות סקיטלס סמודי,גרמים,38.00,100 גרם,false,,3.00,0.0789,true,1,114669
4009900534611,false,מסטיק איירוויבז בקבוקון בטעם מלון ומנטה,ריגלי,IL,מסטיק איירוויבז בטעם,גרמים,64.00,100 גרם,false,,10.00,0.1563,true,1,119191
4009900534918,false,סקיטלס גאיינט פירות 141 גרם,ריגלי,CZ,סוכריות סקיטלס ג'יינ,גרמים,141.00,100 גרם,false,,8.90,0.0631,true,1,125831
4009900536288,false,מסטיק אורביט רפרשרס פפרמינט בקבוקון ללא סוכר 67 גר',מרס ריגלי קונפקשונרי,PL,אורביט רפרשרס פפרמינ,גרמים,67.00,100 גרם,false,,11.90,0.1776,true,1,123983
4009900536486,false,מסטיק אורביט רפרשרס באבלמינט בקבוקון ללא סוכר 67 גר',מרס ריגלי קונפקשונרי,PL,אורביט רפרשרס באבלמי,גרמים,67.00,100 גרם,false,,11.90,0.1776,true,1,123984
4009900539340,false,סוכריות סקיטלס ג'יינט סאוור 141 גרם,מרס ריגלי קונפקשונרי,CZ,סקיטלס ג'יינט סאוור,גרמים,141.00,100 גרם,false,,8.90,0.0631,true,1,187391
4009900539401,false,מסטיק פייב באונס בטעם מנטה HP,Unknown,PL,פייב באונס בטעם מנטה,גרמים,14.40,100 גרם,false,,3.90,0.2708,true,1,188127
4009900539432,false,מסטיק פייב באונס בטעם אבטיח HP,Unknown,PL,פייב באונס בטעם אבטי,גרמים,14.40,100 גרם,false,,3.90,0.2708,true,1,188128
4009900539685,false,"מסטיק פייב באונס בטעם מנטה בקבוקון, 61.8 גרם",ריגלי בעמ רוסיה,PL,מסטיק פייב באונס בטע,גרמים,61.80,100 גרם,false,,11.90,0.1926,true,1,188125
4009900539746,false,"מסטיק פייב באונס בטעם אבטיח בקבוקון, 61.8 גרם",ריגלי בעמ רוסיה,PL,פייב באונס בטעם אבטי,גרמים,61.80,100 גרם,false,,11.90,0.1926,true,1,188126
4009900540551,false,מסטיק אורביט רפרשרס טרופיקל בקבוקון ללא סוכר,מרס פולין,PL,אורביט ריפרשרס טרופי,גרמים,67.00,100 גרם,false,,11.90,0.1776,true,1,187773
4011800290030,false,חטיף חלבון עם שוקולד חלב ללא תוספת סוכר,קורני,DE,קורני חטיף חלבון שוק,גרמים,50.00,100 גרם,false,,8.90,0.1780,true,1,189283
4011800290054,false,חטיף חלבון עם קוקוס ושוקולד חלב ללא תוספת סוכר,קורני,DE,קורני חטיף חלבון קוק,גרמים,50.00,100 גרם,false,,8.90,0.1780,true,1,189284
4011800528416,false,קורני חטיף דגנים עם בוטנים מתוק-מלוח*6,שוורטאוור וורקה,DE,חטיפי קורני בייס שיש,גרמים,150.00,100 גרם,false,,11.90,0.0793,false,1,117544
4011800567613,false,מאגדת קורני מילק דרק & ואיט 120 גרם,מיוצר עי קונדיטוריית,DE,קורני סנדוויץ שחור ל,גרמים,120.00,100 גרם,false,,11.90,0.0992,false,1,68379
4011800568610,false,מארז רביעיית קורני בטעם קלאסי,שוורטאוור וורקה,DE,קורני סנדוויץ קלאסי,יחידה,0.00,יחידה,false,,11.90,0.0000,false,1,68235
4011800577810,false,מארז חטיפי קורני פרי נוגט 120 גרם,Schwartauer,DE,חטיפי קורני פרי נוגט,גרמים,120.00,100 גרם,false,,11.90,0.0992,false,1,187389
4011800628512,false,חטיף קורני שוקולד חלב 6 יח 150 גר,מיוצר עי קונדיטוריית,DE,קורני עם שוקולד חלב,יחידה,0.00,יחידה,false,,11.90,0.0000,false,1,66896
4011800629519,false,"מארז חטיפי דגנים אגוזים ""קורני""",שוורטאוור וורקה,DE,קורני עם אגוזים,יחידה,0.00,יחידה,false,,11.90,0.0000,false,1,67465
4011800630515,false,חטיף קורני שוקולד חלב ובננה 6 יח 150 גר,מיוצר עי קונדיטוריית,DE,קורני עם שוקולד חלב,גרמים,150.00,100 גרם,false,,11.90,0.0793,false,1,66665
4011800632519,false,"מארז חטיפי שוקולד חלב וקוקוס ""קורני""",מיוצר עי קונדיטוריית,DE,קורני עם שוקולד חלב,יחידה,0.00,יחידה,false,,11.90,0.0000,false,1,66897
4011800633516,false,קורני שוקולד מריר מעולה 58% קקאו 6*1,שוורטאוור וורקה,DE,קורני עם שוקולד מריר,גרמים,150.00,100 גרם,false,,11.90,0.0793,false,1,66666
4011800635510,false,חטיף קורני Corny Free עם אגוזי לוז ללא תוספת סוכר,קורני Corny,DE,קורני פרי עם אגוזים,יחידה,0.00,יחידה,false,,11.90,0.0000,false,1,67466
4011800636517,false,קורני פרי שוקולד חלב מעולה ללא סוכר 6*1,מיוצר עי קונדיטוריית,DE,קורני פרי עם שוקולד,גרמים,120.00,100 גרם,false,,11.90,0.0992,false,1,66988
4011800637514,false,חטיף קורני Corny Free עם שוקולד לבן ללא תוספת סוכר,קורני Corny,DE,קורני פרי עם שוקולד,גרמים,120.00,100 גרם,false,,11.90,0.0992,false,1,66989
4013227013414,false,פינה קולדה Surfers pina colada,קוימנס רויאל,NL,SURERS-פינה קולדה,מיליליטרים,700.00,"100 מ""ל",false,,39.90,0.0570,true,1,70766
4014400900217,false,בונבונריית מרסי מבחר ממתקי שוקולד 400 גרם,קריניציה ויטמינה אס,DE,בונבונירה מרסי 400 ג,גרמים,400.00,100 גרם,false,,49.90,0.1247,false,1,12853
4014400901191,false,בונבונריית מרסי מבחר ממתקי שוקולד 250 גרם,ליימן מותגים,DE,בונבונירה מרסי 250 ג,גרמים,250.00,100 גרם,false,,24.90,0.0996,true,1,12856
4014400901405,false,בונבוניירה שוקולד מרסי חלב 250 ג',קריניציה ויטמינה אס,DE,בונבונירה חלב מרסי 2,גרמים,250.00,100 גרם,false,,24.90,0.0996,true,1,31121
4014400901412,false,בונבוניירה שוקולד מריר מרסי 250 גרם,תות ממתקי איכות,DE,מרסי מריר 250 גר',גרמים,250.00,100 גרם,false,,24.90,0.0996,true,1,43784
4014400904277,false,סוכריות בטעם מנטה אייס פרש סטורק 425 גרם,תות ממתקי איכות,DE,סוכריות אייס פרש,גרמים,425.00,100 גרם,false,,17.90,0.0421,true,1,12858
4014400904307,false,סוכריות בטעם פירות קליפורניה סטורק 425 גרם,קריניציה ויטמינה אס,DE,סוכריות קליפורניה,גרמים,425.00,100 גרם,false,,17.90,0.0421,true,1,12859
4014400904376,false,סוכריות טופי בטעם שוקולד סטורק 325 גרם,קריניציה ויטמינה אס,DE,סוכריות שוקלדן,גרמים,325.00,100 גרם,false,,17.90,0.0551,true,1,12860
4014400904390,false,סוכריות טופי ממולא חלב סטורק 325 גרם,קריניציה ויטמינה אס,DE,סוכריות וולמילש,גרמים,325.00,100 גרם,false,,17.90,0.0551,true,1,12861
4014400907902,false,"וורטרס אורגינל סוכריות חמאה ללא סוכר בקופסה
42 גרם",תות ממתקי איכות,DE,סוכריות וורטר בקופסא,גרמים,42.00,100 גרם,false,,6.00,0.1429,true,1,39097
4014400909692,false,וורטרס אורגינל סוכריות חמאה ללא סוכר בטעם קפוצי'ינו בקופסה 42 גרם,קריניציה ויטמינה אס,DE,סוכריות וורטר בוקס ק,גרמים,42.00,100 גרם,false,,6.00,0.1429,true,1,57569
4014400910063,false,סוכריות חמאה וורטרס אורגינל 135 גרם,וורטר'ס אורגינל,DE,סוכריות וורטר שקית,גרמים,135.00,100 גרם,false,,8.70,0.0644,true,1,39408
4014400913910,false,וורטרס אורגינל סוכריות חמאה ממולאות קרם קרמל בשקית,תות ממתקי איכות,DE,סוכריות וורטר במילוי,יחידה,0.00,יחידה,false,,8.70,0.0000,true,1,69520
4014400914696,false,וורטרס אורגינל סוכריות ללא סוכר 80 גרם,ליימן מותגים,DE,סוכריות וורטר ללא תו,גרמים,80.00,100 גרם,false,,8.70,0.1087,true,1,41084
4014400914924,false,"סוכריות בטעם קפה וורטר אורגינל לל""ס 80 גרם",קריניציה ויטמינה אס,DE,סוכריות וורטר קפה לל,גרמים,80.00,100 גרם,false,,8.70,0.1087,true,1,41085
4014400920857,false,וורטר אורגינל ללא סוכר בטעם שוקולד-שקית 70 גרם,קריניציה ויטמינה אס,DE,וורטר סוכריות שוקולד,גרמים,70.00,100 גרם,false,,8.70,0.1243,true,1,95103
4014400923711,false,בונבוניירה שוקולד אגוזים טופיפי 125 גרם,ליימן מותגים,DE,טופיפי 125 גר',גרמים,125.00,100 גרם,false,,11.90,0.0952,true,1,103358
4014400925319,false,וורטרס אורגינל פופקורן קרמל 140 גרם,וורטרס Werther's,DE,וורטר פופקורן קרמל,גרמים,140.00,100 גרם,false,,12.90,0.0921,true,1,122456
4014400931327,false,וורטר פופקורן קרמל עם תערובת גרעינים 140 גרם,וורטרס Werther's,DE,וורטרס אורגינל פופקו,גרמים,140.00,100 גרם,false,,12.90,0.0921,true,1,188753
4015000031394,false,"ספטיל - משחה להסרת כתמים 200 מ""ל",קריות זול,HU,מסיר כתמים ספטיל 200,גרמים,200.00,100 גרם,false,,16.90,0.0845,false,1,18899
4015000280211,false,"פה - דאודורנט רול און לאישה קאריביין לימון 50 מ""ל",שוורצקוף& הנקל דיסלד,DE,דאו' רול און פה C.Le,מיליליטרים,50.00,"100 מ""ל",false,,10.00,0.2000,false,1,18900
4015000280372,false,"דאודורנט רול און בניחוח לימון פה 50 מ""ל",שוורצקופף והנקל,DE,דאו' רול און פה Spor,מיליליטרים,50.00,"100 מ""ל",false,,10.00,0.2000,false,1,18903
4015000519915,false,"פה - דאודורנט ספריי לאישה פינק פרדייס 200 מ""ל",שוורצקופף והנקל,TR,דאו' ספרי פה Pink Pa,מיליליטרים,200.00,"100 מ""ל",false,,10.00,0.0500,false,1,24588
4015000615884,false,"פה - דאודורנט ספריי לאישה קריביין לימון 200 מ""ל",שוורצקופף והנקל,DE,דאו' ספרי פה C.Lemon,מיליליטרים,200.00,"100 מ""ל",false,,10.00,0.0500,false,1,18916
4015000615921,false,"פה - דאודורנט ספריי לגבר ספורט 200 מ""ל",שוורצקופף והנקל,TR,דאו' ספרי פה Sport 2,מיליליטרים,200.00,"100 מ""ל",false,,10.00,0.0500,false,1,18919
4015000995122,false,"דאודורנט פה ספריי כח המשיכה 200 מ""ל",שוורצקופף והנקל,DE,פה דאוד' לגבר,מיליליטרים,200.00,"100 מ""ל",false,,10.00,0.0500,true,1,67252
4015400564034,false,מגן תחתון אולוויז מגה פק לונג פלוס 58 יחידות,פרוקטר אנד גמבל,DE,מגן תחתון אולוויז לו,יחידה,0.00,יחידה,false,,16.90,0.0000,false,1,95384
4015400564454,false,מגני תחתון אולוויז לארג' עם ניחוח מגה פק,פרוקטר אנד גמבל,DE,מגן תחתון אולוויז לא,יחידה,0.00,יחידה,false,,16.90,0.0000,false,1,99387
4015400623663,false,מגבונים לחים ניו בייבי רביעייה ללא בישום,דיפלומט,DE,פמפרס מגבוני ניו ביי,יחידה,0.00,יחידה,false,,18.90,0.0000,true,1,190931
4015400629368,false,תחבושות אולוויז דיסקרט סמול פלוס 16 יח לבריחת שתן,פרוקטר אנד גמבל,DE,תחבושות אולוויז בריח,יחידה,0.00,יחידה,false,,19.90,0.0000,true,1,111448
4015400681670,false,תחבושות אולוויז וליו פק לילה בטוח 18 יחידות,פרוקטר אנד גמבל,UA,תחבושות אולוויז לילה,יחידה,0.00,יחידה,false,,16.90,0.0000,false,1,98679
4015400690313,false,טמפונים פרל רגולר טמפקס קומפאק 18 יח,פרוקטר אנד גמבל,HU,טמפקס קומפקט פרל רגו,יחידה,0.00,יחידה,false,,27.90,0.0000,true,1,102231
4015400690498,false,טמפונים פרל סופר פלוס טמפקס קומפאק 18 יח,פרוקטר אנד גמבל,HU,טמפקס קומפאקט פרל סו,יחידה,0.00,יחידה,false,,27.90,0.0000,true,1,102233
4015400731719,false,תחבושות היגייניות אולוויז יום ולילה Day & Night,פרוקטר אנד גמבל,UA,תחבושות אולוויז וליו,יחידה,0.00,יחידה,false,,16.90,0.0000,false,1,100969
4015400746812,false,מגני תחתון אולוויז נורמל עם ניחוח מגה פק,פרוקטר אנד גמבל,UA,מגן תחתון אולוויז נו,יחידה,0.00,יחידה,false,,16.90,0.0000,false,1,101517
4015400755241,false,תחבושות היגייניות אולוויז אולטרה נורמל - 28 יח',פרוקטר אנד גמבל,UA,תחבושות אולוויז וליו,יחידה,0.00,יחידה,false,,16.90,0.0000,false,1,101328
4015400755487,false,תחבושות היגייניות אולוויז אולטרה לונג - 24 יח',פרוקטר אנד גמבל,DE,תחבושות אולוויז וליו,יחידה,0.00,יחידה,false,,16.90,0.0000,false,1,101329
4015600762742,false,שמפו יומיומי למניעת קשקשים הנוסחה הקלאסית,פרוקטר אנד גמבל,RO,שמפו הד אנד שולדרס ק,מיליליטרים,500.00,"100 מ""ל",false,,17.90,0.0358,true,1,64054
4015600762780,false,שמפו וקונדישינר יומיומי למניעת קשקשים הנוסחה הקלאסית 2in1,פרוקטר אנד גמבל,RO,הד אנד שולדרס 2 ב 1,מיליליטרים,500.00,"100 מ""ל",false,,17.90,0.0358,true,1,64055
4015600762902,false,"שמפו האד אנד שולדרס מנטול 500 מ""ל",פרוקטר אנד גמבל,RO,שמפו הד אנד שולדרס מ,מיליליטרים,500.00,"100 מ""ל",false,,17.90,0.0358,true,1,64058
4015600762940,false,שמפו יומיומי למניעת קשקשים בניחוח תפוח,פרוקטר אנד גמבל,RO,שמפו הד אנד שולדרס ת,מיליליטרים,500.00,"100 מ""ל",false,,17.90,0.0358,true,1,64059
4015600763022,false,שמפו יומיומי למניעת קשקשים לשיער יבש/פגום לשיער רך כמשי,פרוקטר אנד גמבל,RO,שמפו הד אנד שולדרס מ,מיליליטרים,500.00,"100 מ""ל",false,,17.90,0.0358,true,1,64061
4017100198151,false,בלזן היט ביסקוויט עם מלית קרם בטעם וניל (41%) 220 גרם,הדקלאים אגודת שיתופי,PL,עוגיות היט וניל 220,גרמים,220.00,100 גרם,false,,7.90,0.0359,false,1,96499
4017100364112,false,בלזן היט בסקוויט סנדביץ עם מלית קרם בטעם שוקולד קקאו (41%) 220 גרם,הדקלאים אגודת שיתופי,PL,עוגיות בלזן היט קקאו,גרמים,220.00,100 גרם,false,,7.90,0.0359,false,1,94703
4019400440657,false,הלורן דפדפי שוקולד מנטה 200 גר,,,דפדפי שוקולד במילוי,גרמים,200.00,100 גרם,false,,13.90,0.0695,true,1,102539
4022025001752,false,בלו נאן מבעבע כחול,,,בלו נאן מבעבע כחול,מיליליטרים,750.00,"100 מ""ל",false,,49.90,0.0665,true,1,112197
4022025001790,false,"בלו נאן מבעבע זהב כשר 750 מ""ל",היי סישל סוהן טראבן,DE,בלו נאן גולד 24K אדי,מיליליטרים,750.00,"100 מ""ל",false,,49.90,0.0665,true,1,110940
4022025262009,false,יין בלו נאן גוורצטרמ,לנגוט טראבן,,יין בלו נאן כשר,מיליליטרים,750.00,"100 מ""ל",false,,45.90,0.0612,true,1,103514
4022025773000,false,יין בלו נאן מוסקטו כ,בלו נאן,DE,בלו נאן מוסקטו כשר,מיליליטרים,750.00,"100 מ""ל",false,,45.90,0.0612,true,1,123819
4025700001962,false,מילקה טבלת שוקולד לבן 100 גרם,פי אר ג'יי אס סי מונ,UA,מילקה שוקולד לבן,גרמים,100.00,100 גרם,false,,5.90,0.0590,true,1,120844
4033100013348,false,סיגריות אל די כחול ארוך בודד,Unknown,TR,100 LD,יחידה,0.00,יחידה,false,,27.00,0.0000,false,1,58942
4033100014468,false,סיגריות אל די אדום בודד,Unknown,TR,LD אדום,יחידה,0.00,יחידה,false,,27.00,0.0000,false,1,39729
4033100014499,false,סיגריות אל די כחול בודד,Unknown,TR,LD כחול,יחידה,0.00,יחידה,false,,27.00,0.0000,false,1,39730
4033100014529,false,סיגריות אל די סלים בודד,Unknown,TR,סלימס LD,יחידה,0.00,יחידה,false,,25.00,0.0000,false,1,58974
4033100024146,false,סיגריות וינסטון CODE בודד,Unknown,CH,וינסטון קוד חפיסה,יחידה,0.00,יחידה,false,,30.00,0.0000,false,1,60667
4033100024252,false,וינסטון אקווה לייט קופסה,Unknown,CH,וינסטון קוד אקוה חפי,יחידה,0.00,יחידה,false,,30.00,0.0000,false,1,60669
4033100046490,false,סיגריות וינסטון 100 אקווה ארוך,יושלם,CH,ווינסטון אקווה,יחידה,0.00,יחידה,false,,30.00,0.0000,false,1,64655
4056800943739,false,קרם חמצן וולוקסון Welloxon 6%,פרוקטר אנד גמבל,FR,וולוקסון 6%,מיליליטרים,0.00,"מ""ל",false,,4.90,0.0000,true,1,40382
4056800943791,false,קרם חמצן וולוקסון Welloxon 9%,פרוקטר אנד גמבל,FR,וולקסון 9%,מיליליטרים,0.00,"מ""ל",false,,4.90,0.0000,true,1,41388
4061445096702,false,קפה דוידוף מגורען 100 גר FINE AROMA,"טשיבו, אספי.זד.או.או",PL,קפה נמס דוידוף ארומה,גרמים,100.00,100 גרם,false,,21.90,0.2190,false,1,120330
4066600999614,false,"בירה פאולנר, בירת חיטה מעוננת, בקבוק 500 מ""ל",מבשלת פאולנר,DE,"בירה פאולנר 500 מ""ל",מיליליטרים,500.00,"100 מ""ל",false,,11.00,0.0220,true,1,104010
4084500065536,false,פנטן קרם לחות מוגברת לעיצוב שיער 300 מל,פרוקטר אנד גמבל,FR,פנטן קרם לחות לחות מ,מיליליטרים,300.00,"100 מ""ל",false,,21.90,0.0730,true,1,97473
4084500065598,false,"קרם לחות פנטן לתלתלים מושלמים 300 מ""ל",פרוקטר אנד גמבל,FR,פנטן קרם לחות לתלתלי,מיליליטרים,300.00,"100 מ""ל",false,,21.90,0.0730,true,1,97474
4084500088917,false,"נוזל כלים פיירי לימון 650 מ""ל בד""צ",פרוקטר אנד גמבל,US,"פיירי לימון 650 מ""ל",מיליליטרים,650.00,"100 מ""ל",false,,10.90,0.0168,false,1,94784
4084500149526,false,טייד גל כביסה 2.48 ליטר אלפים רענן,פרוקטר אנד גמבל,FR,טייד ג'ל 2.48 ליטר,ליטרים,2.48,ליטר,false,,26.90,10.8468,true,1,67704
4084500178137,false,נוזל כביסה טייד 4 ליטר,פרוקטר אנד גמבל,FR,טייד ג'ל 4 ליטר,ליטרים,4.00,ליטר,false,,34.90,8.7250,true,1,67705
4084500739253,false,"אוראל בי משחת שיניים- להלבנה לובן מהודר 75 מ""ל",פרוקטר אנד גמבל,DE,אורל בי משחת שיניים3,100 מל,75.00,100 מל,false,,19.90,0.2653,true,1,126636
4084500853553,false,פיירי נוזל כלים קלאסי אורגינל 650 מל,פרוקטר אנד גמבל,GB,פיירי אוריגינל 650 מ,מיליליטרים,650.00,"100 מ""ל",false,,10.90,0.0168,false,1,97166
4084500853836,false,"נוזל כלים פיירי ורדים ומשי 515 מ""ל בד""צ",פרוקטר אנד גמבל,GB,פיירי ורדים ומשי 515,מיליליטרים,515.00,"100 מ""ל",false,,10.90,0.0212,false,1,97168
4084500854048,false,פיירי נוזל כלים לימון 1.24 ליטר,פרוקטר אנד גמבל,GB,פיירי לימון 1.24 ליט,ליטרים,1.24,ליטר,false,,13.90,11.2097,false,1,101152
4100130937163,false,בירה בקס שישייה 6*275 מל,"איי, בי, אינבוו",DE,שישיה בירה בקס,ליטרים,1.65,ליטר,false,,29.90,18.1212,true,1,97153
4105120623941,false,"בירה ויינשטפן בק' ח""פ 500 מ""ל","ויינשטפן, ת.ד 1155 פרייז",DE,"בירה ויינשטפן 500 מ""",מיליליטרים,500.00,"100 מ""ל",false,,11.50,0.0230,false,1,106754
4210201365334,false,אורל בי ראש חשמלי סיבי פחם ארבע יחידות,פרוקטר אנד גמבל,DE,אורל בי ראש מילוי חש,יחידה,0.00,יחידה,false,,79.90,0.0000,true,1,186958
4260147890513,false,אטריות ביצים דקות ורמיצ'לי 500ג',דין שיווק,PL,איטריות דקות 500גר,גרמים,500.00,100 גרם,false,,10.90,0.0218,true,1,94385
4600680013800,false,קיט קט זברה 4 אצבעות,ליימן מותגים,,קיט קאט זברה 4 אצבעו,גרמים,41.50,100 גרם,false,,3.70,0.0892,true,1,126625
4603400000043,false,"וודקה רוסקיי סטנדרט 700 מ""ל",רוסקי סטנדרט וודקה,RU,"וודקה רוסקי 700 מ""ל",מיליליטרים,700.00,"100 מ""ל",false,,59.90,0.0856,false,1,65973
4603928000976,false,"בלוגה נובל וודקה 700 מ""ל+כוס הייבול",מרינסקי ליקרו-וודאצ'ני ז,RU,"בלוגה- וודקה 700 מ""ל",מיליליטרים,700.00,"100 מ""ל",false,,124.90,0.1784,true,1,100474
4605561012613,false,פילה דג הרינג קצוץ בשמן 400 גרם,LTD BREMOR SANTA SD,BY,פילה הרינג (קצוץ) בש,יחידה,0.00,יחידה,false,,15.90,0.0000,true,1,126135
4605561013009,false,פילה דג הרינג בשמן 400 גרם,LTD BREMOR SANTA SD,BY,פילה הרינג בשמן 400,גרמים,400.00,100 גרם,false,,15.90,0.0398,true,1,187973
4607012351005,false,גרעיני חמניות מרטין ללא מלח 200 גרם,"נארז ע""י : א.ג. גילר",RU,גרעיני חמניות מרטין,גרמים,200.00,100 גרם,false,,12.90,0.0645,true,1,70706
4607012351999,false,גרעיני חמניות מרטין עם מלח 200 גרם,"נארז ע""י : א.ג. גילר",RU,גרעיני חמניות מרטין,גרמים,200.00,100 גרם,false,,12.90,0.0645,true,1,101522
4607012352453,false,גרעיני חמניות מרטין פסים עם מלח 150 גר,אל אל סי מרטין,RU,גרעיני חמניות פסים מ,גרמים,150.00,100 גרם,false,,9.90,0.0660,true,1,123385
4607012352538,false,גרעיני חמניות מרטין מיקס 200 גרם,מרטין,,גרעיני חמניות מרטין,גרמים,200.00,100 גרם,false,,12.90,0.0645,true,1,109634
4640018993343,false,פיניש קוואנטום קפסולות ג'ל למדיח כלים 30 יח',רקיט בנקיזר,PL,פיניש קוואנטום 30 יח,יחידה,0.00,יחידה,false,,39.90,0.0000,true,1,119643
4640018993350,false,פיניש קוואנטום קפסולות ג'ל למדיח כלים לימון 30 יח',רקיט בנקיזר,PL,פיניש קוואנטום 30 יח,יחידה,0.00,יחידה,false,,39.90,0.0000,true,1,119645
4640018993398,false,פיניש קוואנטום 60 יח' קפסולות ג'ל למדיח כלים,רקיט בנקיזר,PL,פיניש קוואנטום 60 יח,יחידה,0.00,יחידה,false,,59.90,0.0000,true,1,119644
4710068001739,false,"מאסטר קפה קולומביאני 250 מ""ל",יוני פרזינדנט אנטרפר,TW,מאסטר קפה קולומביאני,מיליליטרים,240.00,"100 מ""ל",false,,6.50,0.0271,true,1,69141
4710068002798,false,מאסטר קפה וונילה פחית 240 מל,מאיטה פוד אינדוסטריאל קו,TW,מאסטר קפה וונילה,גרמים,240.00,100 גרם,false,,6.50,0.0271,true,1,115176
4770608239138,false,ויסקס פאוץ' ביף 100 גרם,ויסקס Whiskas,PL,ויסקס פאוצ' ביץ 100,גרמים,100.00,100 גרם,false,,4.50,0.0450,true,1,95709
4800888148957,false,דאו.רקסונה רול און טלק50,יוניליוור פיליפינים,PH,רקסונה רול און פאודר,מיליליטרים,50.00,"100 מ""ל",false,,13.90,0.2780,true,1,38679
4800888209405,false,רקסונה - דאודורנט סטיק לגבר קובלט דריי 50 גרם,רקסונה Rexona,PH,רקסונה סטיק מן קובלט,מיליליטרים,50.00,"100 מ""ל",false,,15.90,0.3180,true,1,120725
4800888219510,false,דאב - דאודורנט סטיק לאישה פרש מלפפונים 50 גרם,יוניליוור פיליפינים,PH,דאב סטיק מלפפון,מיליליטרים,50.00,"100 מ""ל",false,,16.90,0.3380,true,1,126850
4800888219527,false,דאב - דאודורנט סטיק לאישה ללא סימן אינביזיבל 50 גרם,יוניליוור,PH,דאב סטיק אינביזיבל 5,מיליליטרים,50.00,"100 מ""ל",false,,16.90,0.3380,true,1,185838
4800888219534,false,דאב - דאודורנט סטיק לאישה אנטי פרספירמט 50 גרם,יוניליוור פיליפינים,PH,דאב דאודורנט סטיק או,מיליליטרים,50.00,"100 מ""ל",false,,16.90,0.3380,false,1,126534
4801234159856,false,גלייד מיני-ג'ל מפיץ ריח בניחוח מרכך כביסה 70 גרם,ג'ינסו ג'ונסון טונגד,CN,גלייד מיני ג'ל בניחו,גרמים,70.00,100 גרם,false,,8.50,0.1214,true,1,63303
4810168000011,false,פילה דג הרינג מלוח מצונן 250 גרם,סנטה ברמור,BY,פילה דג הרינג מלוח מ,יחידה,0.00,יחידה,false,,12.90,0.0000,true,1,126125
4810168000066,false,פילה דג הרינג מלוח מצונן עם תבלינים 250 גרם,סנטה ברמור,BY,פילה דג הרינג מלוח מ,יחידה,0.00,יחידה,false,,12.90,0.0000,true,1,126126
4810168000998,false,פילה דג הרינג מלוח מצונן עם בצל בצנצנת חתיכות 260גרם,סנטה ברמור,BY,פילה דג הרינג מלוח מ,יחידה,0.00,יחידה,false,,17.90,0.0000,true,1,126127
4810168001056,false,פילה דג הרינג מלוח מצונן בצנצנת חתיכות 260גרם,סנטה ברמור,BY,פילה דג הרינג מלוח מ,יחידה,0.00,יחידה,false,,17.90,0.0000,true,1,126128
4810168018795,false,חתיכות פילה דג הרינג מלוח מצונן 200גרם,סנטה ברמור,BY,חתיכות פילה דג הרינג,יחידה,0.00,יחידה,false,,12.90,0.0000,true,1,126123
4810168019051,false,חתיכות פילה דג הרינג מלוח מצונן עם תבלין 200גרם,סנטה ברמור,BY,חתיכות פילה דג הרינג,יחידה,0.00,יחידה,false,,12.90,0.0000,true,1,126124
4810168024512,false,פילה דג הרינג מלוח מצונן עם תבלין בצנצנת חתיכות 260 גרם,סנטה ברמור,BY,פילה דג הרינג מלוח מ,יחידה,0.00,יחידה,false,,17.90,0.0000,true,1,126129
4810168057435,false,חתיכות פילה דג XXLהרינג מלוח בשמן מצונן 400 גרם,,RU,חתיכות פילה הרינג 40,גרמים,400.00,100 גרם,false,,24.90,0.0622,true,1,187989
4810168057510,false,חתיכות פילה דג הרינג מתובל מלוח בשמן 400 גרם,,BY,חתיכות פילה הרינג מת,גרמים,400.00,100 גרם,false,,24.90,0.0622,true,1,187988
4810168058975,false,חתיכות פילה דג הרינג סקנדינבי מלוח מצונן 260 גר,סנטה ברמור,BY,פילה הרינג סקנדינבי,גרמים,260.00,100 גרם,false,,17.90,0.0688,true,1,189918
4810168058982,false,חתיכות פילה דג הרינג סקנדינבי מלוח בשמן 400 גר,סנטה ברמור,BY,פילה הרינג סקנדינבי,גרמים,400.00,100 גרם,false,,25.90,0.0647,true,1,189919
4840709002440,false,"ברנדי קווינט 3 500 מ""ל כשר",,,ברנדי קווינט 500 מל,מיליליטרים,500.00,"100 מ""ל",false,,54.90,0.1098,true,1,107043
4860019001346,false,בורז'ומי מים מינרליים טבעיים 500מ'ל חדש,אי די אס בורגומי,,בורז'ומי מים מינירלי,יחידה,500.00,יחידה,false,,6.90,0.0138,true,1,42783
4860019001414,false,"בקבוק מים בוז'ורמי 750 מ""ל",אי.די.אס בורג'יומי,GE,בורז'ומי מים מינרליי,מיליליטרים,750.00,"100 מ""ל",false,,7.90,0.0105,true,1,67520
4891228430054,false,סכיני גילוח לנשים שיק אקזקטה 2 5 יח,שיק,CN,ס.ג. שיק אקסטרא 2ור,יחידה,0.00,יחידה,false,,9.90,0.0000,true,1,104997
4891228430085,false,סכיני גילוח שיק אקסטרים קומפורט לגבר 3 להבים 4 יחידות,אנרג'יזר Energizer,CN,ס.ג שיק אקסטרים 3כחו,יחידה,0.00,יחידה,false,,16.90,0.0000,true,1,27135
4891228460242,false,שיק קוואטרו חד פעמי לנשים 3 יחידות,אנרג'יזר Energizer,CN,סכיני גילוח חד פעמי,יחידה,0.00,יחידה,false,,31.90,0.0000,true,1,60076
4903001904192,false,"רוטב סויה יאמסה פרימיום 500 מ""ל",הדקלאים אגודת שיתופי,JP,רוטב סויה יאמסה פרימ,יחידה,500.00,יחידה,false,,17.90,0.0358,true,1,40316
4903001904208,false,רוטב סויה פרימיום יאמסה 1 ליטר,הדקלאים אגודת שיתופי,JP,רוטב סויה יאמסה פרימ,ליטרים,1.00,ליטר,false,,31.90,31.9000,true,1,40317
4903001925784,false,"רוטב סויה יאמאסה פרמיום דל מלח 500 מ""ל",הדקלאים אגודת שיתופי,JP,רוטב סויה יאמאסה פרי,מיליליטרים,500.00,"100 מ""ל",false,,17.90,0.0358,true,1,68680
4903001930993,false,"רוטב טריאקי יאמאסה 500 מ""ל",ליימן מותגים,JP,"טריאקי יאמסה 500 מ""ל",מיליליטרים,500.00,"100 מ""ל",false,,17.90,0.0358,true,1,98983
4987176078711,false,מכשיר מאך 3 5+ סכינים מא,פארמה דיל,CN,מכשיר מאך 3 ג''ילט מ,יחידה,0.00,יחידה,false,,39.90,0.0000,true,1,190685
5000127163195,false,דגני בוקר קלוגס ספיישל קיי 500גרם,חברת קלוגס בריטניה,GB,דגני קלוגס ספיישל קי,גרמים,500.00,100 גרם,false,,23.90,0.0478,true,1,43542
5000127533196,false,קלוגס וורייטי שמינייה 191 גרם,חברת קלוגס בריטניה,GB,ווראיטי קלוגס,גרמים,191.00,100 גרם,false,,21.90,0.1147,true,1,112670
5000146057710,false,ספריי רב שימושי לחלונות ומשטחים ווינדולין Windolene,רקיט בנקיזר,PL,וינדולין לחלונות,יחידה,750.00,יחידה,false,,8.90,0.0119,true,1,14527
5000157143365,false,מתבל בטעם מיונז וקטשופ היינץ 425 גרם,"פודליצקי ספ.ז.או.או,",PL,רוטב בטעם מיונז וקטש,גרמים,425.00,100 גרם,false,,14.90,0.0351,true,1,118177
5000159376655,false,סוכריות SKITTLES פירות קטן 38 גרם אדום,ריגלי ממתקים,CZ,סקיטלט סוכריות ג'לי,גרמים,38.00,100 גרם,false,,3.00,0.0789,true,1,61948
5000159376792,false,סוכריות סקיטלס Skittles פירות חמוצים,ריגלי ממתקים,CZ,סקיטלט סוכריות ג'לי,גרמים,38.00,100 גרם,false,,3.00,0.0789,true,1,61949
5000159407236,false,חטיף מרס שוקולד עם ק,מרס הולנד בי.וי.,NL,חטיף מרס שוקולד 51 ג,גרמים,51.00,100 גרם,false,,4.00,0.0784,false,1,31538
5000159409179,false,מארז חטיפי מיני סניקרס Snickers,מרס הולנד בי.וי.,NL,סניקרס מיני 403 גר',גרמים,403.00,100 גרם,false,,21.90,0.0543,false,1,67710
5000159414197,false,מלטיזרס-כדורים פריכים בציפוי שוולד חלב 135 גרם,מרס שוקולד צ.אמריקה,NL,מלטיזרס 135 גר',גרמים,135.00,100 גרם,false,,11.90,0.0881,true,1,189357
5000159452977,false,מיקס שקית מיניס 400 גרם מרס-באונטי-טוויק,מרס הולנד בי.וי.,NL,חטיפי מיקס מיני 400,גרמים,400.00,100 גרם,false,,21.90,0.0547,false,1,67115
5000159459228,false,חטיף שוקולד טוויקס 50 ג',"נארז ע""י : א.ג. גילר",NL,חטיף טויקס 50 גר',גרמים,50.00,100 גרם,false,,4.00,0.0800,false,1,63143
5000159538626,false,טוויקס מארז חטיף 50 גרם חמישייה,טוויקס Twix,NL,מאגדת טוויקס חמישייה,גרמים,250.00,100 גרם,false,,9.90,0.0396,true,1,126019
5000159538640,false,באונטי מארז חטיף 57 גרם חמישייה,באונטי,NL,מאגדת באונטי חמישייה,גרמים,285.00,100 גרם,false,,9.90,0.0347,true,1,126020
5000159541152,false,חטיף טוויקס לבן 46 גרם.,מרס.גי אם. בי אייץ,DE,טוויקס לבן בודד,גרמים,46.00,100 גרם,false,,4.00,0.0870,false,1,187145
5000168199245,false,שוקולד חלב מעולה בתוספת קרמל מלוח פיור גודייבה 90 ג',"אולקר מקבוצת פלאדיס, ציק",TR,גודייבה שוקולד חלב ב,גרמים,90.00,100 גרם,false,,14.50,0.1611,true,1,126449
5000189974579,false,מארז מיני חטיפי קיט קט Kit Kat,נסטלה גרמניה,DE,קיט קט מיני 200 גר',גרמים,200.00,100 גרם,false,,13.90,0.0695,true,1,109843
5000204048711,false,קיווי ספריי להגנת נעלי ספורט 200 מל,ג'ונסון אנד ג'ונסון,NL,קיווי להגנת נעלי ספו,מיליליטרים,200.00,"100 מ""ל",false,,17.90,0.0895,true,1,185856
5000204114867,false,"גלייד ארוסול בניחוח וניל 300 מ""ל","אס.סי ג'\ונסון,מידרכט, ה",TR,גלייד ארוסול בניחוח,מיליליטרים,300.00,"100 מ""ל",false,,10.00,0.0333,true,1,118041
5000204114898,false,גלייד ארוסול מבשם אוויר ניחוח מרכך כביסה,"אס.סי ג'\ונסון,מידרכט, ה",NL,גלייד ארוסול בניחוח,מיליליטרים,300.00,"100 מ""ל",false,,10.00,0.0333,true,1,118047
5000204114959,false,"גלייד ארוסול בניחוח פריחה בלבן 300 מ""ל","אס.סי ג'\ונסון,מידרכט, ה",NL,גלייד ארוסול בניחוח,מיליליטרים,300.00,"100 מ""ל",false,,10.00,0.0333,true,1,118048
5000204115048,false,גלייד ארוסול מבשם אוויר בניחוח לבנדר,"אס.סי ג'\ונסון,מידרכט, ה",NL,גלייד ארוסול בניחוח,מיליליטרים,300.00,"100 מ""ל",false,,10.00,0.0333,true,1,118049
5000204138122,false,"גלייד ארוסול בניחוח ספא 300 מ""ל",coster aerosol vail,,גלייד ארוסול בניחוח,מיליליטרים,300.00,"100 מ""ל",false,,10.00,0.0333,true,1,118050
5000204151053,false,"פלדג' אירוסול לניקוי רהיטים קלאסי 250 מ""ל","אס.סי ג'\ונסון, אירופלנט",NL,פלדג' אירוסול לניקוי,מיליליטרים,250.00,"100 מ""ל",false,,15.90,0.0636,true,1,120209
5000204153729,false,מטהר אוויר גלייד מילוי אוטומטי לבנדר וניל,המאפיה של הרמן,TR,גלייד מילוי אוטומטי,מיליליטרים,269.00,"100 מ""ל",false,,14.90,0.0554,true,1,122599
5000204153842,false,מטהר אוויר גלייד מילוי אוטומטי וניל,המאפיה של הרמן,TR,גלייד מילוי אוטומטי,מיליליטרים,269.00,"100 מ""ל",false,,14.90,0.0554,true,1,120984
5000204153903,false,מטהר אוויר גלייד מילוי אוטומטי מרכך כביסה,"קוסטר אירוסול ואלף סאן,",TR,גלייד מילוי אוטומטי,מיליליטרים,269.00,"100 מ""ל",false,,14.90,0.0554,true,1,120981
5000204155723,false,"גלייד מארז אוטומטי-בניחות מרכך כביסה 269 מ""ל",קוסטר אירוסול ואלף סאן,TR,גלייד מארז אוטומטי מ,יחידה,0.00,יחידה,false,,39.90,0.0000,true,1,122559
5000204167856,false,"גלייד מילוי אוטומטי פסטיבל קינמון 269 מ""ל","קוסטר אירוסול ואלף סאן,",TR,גלייד מילוי אוטומטי,מיליליטרים,269.00,"100 מ""ל",false,,14.90,0.0554,true,1,187205
5000204182026,false,גלייד מוצק בניחוח אודיסאה הכחולה 180גר,במה פולסקה אספי.זד.או.או,PL,גלייד ג'ל בניחוח אוד,גרמים,180.00,100 גרם,false,,15.90,0.0883,true,1,126168
5000204182057,false,מטהר אוויר גלייד מוצק בניחוח לבנדר,במה פולסקה אספי.זד.או.או,PL,גלייד ג'ל ריחני בניח,גרמים,180.00,100 גרם,false,,15.90,0.0883,true,1,126169
5000204196689,false,"RAID מכשיר חשמלי +נוזל מילוי 90 לילות 2*36 מ""ל",Zobele Bulgaria,BG,רייד מכשיר חשמלי+נוז,מיליליטרים,72.00,"100 מ""ל",false,,49.90,0.6931,true,1,125361
5000204220933,false,"קוטל מעופפים אירוסול אקליפטוס 300 מ""ל רייד",SC Jonson,NL,רייד אירוסול קוטל מע,מיליליטרים,300.00,"100 מ""ל",false,,13.90,0.0463,true,1,188459
5000204227130,false,"גלייד מבשם ריח מקלות פסגות טיבט 80 מ""ל",CTR פורטוגל,PT,גלייד מבשם ריח מקלות,מיליליטרים,80.00,"100 מ""ל",false,,29.90,0.3737,true,1,186539
5000204243000,false,"נוזל לאסלה אפרסק על חלל 750 מ""ל דאק",טואלט דאק (ג'ונסון),NL,דאק נוזל אפרסק על חל,מיליליטרים,750.00,"100 מ""ל",false,,8.90,0.0119,true,1,187975
5000204243031,false,"נוזל לאסלה ירח פורח 750 מ""ל דאק",טואלט דאק (ג'ונסון),NL,דאק נוזל ירח פורח 75,מיליליטרים,750.00,"100 מ""ל",false,,8.90,0.0119,true,1,187976
5000204658064,false,"ספוגית הברקה קיווי אקספרס שחור 6 מ""ל",המאפיה של הרמן,HN,קיווי אקספרס ספוג הב,יחידה,0.00,יחידה,false,,14.90,0.0000,true,1,61927
5000204658187,false,"קיווי נוזל נעליים קראון שחור 75 מ""ל",אס' סי' ג'ונסון במה,PL,משחת נעליים קיווי שח,מיליליטרים,75.00,"100 מ""ל",false,,14.90,0.1987,true,1,61719
5000204661392,false,"קיווי אקסטרא לארג' שחור(גדול) 100מ""ל",המאפיה של הרמן,ID,משחת נעליים אקסטרא ש,יחידה,0.00,יחידה,false,,9.90,0.0000,true,1,61533
5000204886566,false,"תרסיס מנקה, מזין ומגן על העץ עם שמן תפוז טבעי",Jonson ג'ונסון,US,פלדג' 473 ORANGE OIL,יחידה,475.00,יחידה,false,,32.90,0.0693,true,1,23594
5000207004981,false,קלין & קליר מי פנים לעור רגיש 200 מל,General,IT,מי פנים לניקוי עמוק,מיליליטרים,200.00,"100 מ""ל",false,,31.90,0.1595,true,1,59065
5000209145514,false,"שטיפת פה ירוק מנטה עדין נשימה רעננה קולגייט פלאקס 250 מ""ל",קולגייט- פלמוליב,BR,מי פה פלאקס 250מל,מיליליטרים,250.00,"100 מ""ל",false,,13.90,0.0556,true,1,133442
5000267014234,false,וויסקי ג'וני ווקר רד לייבל Red label,ג'וני ווקר Johnnie walker,GB,וויסקי גוני ווקר אדו,מיליליטרים,700.00,"100 מ""ל",false,,75.00,0.1071,true,1,120247
5000267024233,false,"וויסקי ג'וני בלאק לייבל עם פורר 700מ""ל",ג'וני ווקר Johnnie walker,GB,גו'ני ווקר שחור 700,מיליליטרים,700.00,"100 מ""ל",false,,110.00,0.1571,false,1,35877
5000394019089,false,סוללה פלוס פאוור 2 יחידות C דורסל,פרוקטר אנד גמבל,US,סוללות דורסל C פלוס,יחידה,0.00,יחידה,false,,24.90,0.0000,true,1,104471
5010123703547,false,ליסטרין שטיפת פה פרש ברסט ירוק 500,ג'ונסון,IT,ליסטרין מנטה מרענן ש,מיליליטרים,500.00,"100 מ""ל",false,,16.90,0.0338,true,1,106744
5010123703585,false,ליסטרין שטיפת פה קולמינט 500 מל,גונסון אנד גונסון,IT,ליסטרין מי פה קולמינ,מיליליטרים,500.00,"100 מ""ל",false,,16.90,0.0338,true,1,105486
5010123730222,false,"מי פה טוטל קר סגול ליסטרין 500 מ""ל",ג'ונסון,IT,ליסטרין שטיפת פה טוט,מיליליטרים,500.00,"100 מ""ל",false,,16.90,0.0338,true,1,105487
5010182996799,false,ג'ל אסלה מנטרל ריחות בניחוח פרחי בר ורודים,דאופלור אס.פי.אי איט,IT,דאק ג'ל אסלה פרחי בר,מיליליטרים,55.00,"100 מ""ל",false,,9.90,0.1800,false,1,16543
5010182996805,false,רייד מונע עש ניחוח לבנדר,זובילי,IT,RAIDמונע עש שמן עץ ה,גרמים,2.00,100 גרם,false,,12.90,6.4500,true,1,16544
5010182997253,false,רייד תרסיס קוטל ג'וקים/תיקנים 300 מל,אס.סי.ג'ונסון מידרכט,NL,RAIDקוטל ג'וקים 400מ,מיליליטרים,400.00,"100 מ""ל",false,,13.90,0.0348,false,1,16546
5010182997338,false,דאק ג'ל לניקוי אסלות בניחוח רענן 55 מל,"איטיליאן פוד, אס.פי.",IT,ט.ד ג'ל אסלה ניחוח ר,גרמים,55.00,100 גרם,false,,10.90,0.1982,true,1,16547
5010182997680,false,"רייד ארוסול קוטל נמלים - 300 מ""ל",אס.סי.ג'ונסון מידרכט,NL,"RAIDקוטל נמלים 400מ""",מיליליטרים,400.00,"100 מ""ל",false,,13.90,0.0348,false,1,16549
5010182997918,false,דאק ג'ל לניקוי אסלות בניחוח ים 55 מל,"איטיליאן פוד, אס.פי.",IT,ט.ד ג'ל אסלה ניחוח י,גרמים,55.00,100 גרם,false,,10.90,0.1982,true,1,16551
5010265002911,true,פת פריכה מקמח שיפון,,,פת פריכה מקמח שיפון,,0.00,,false,,10.90,0.0000,true,1,123143
5010327000046,false,וויסקי גרנט'ס סקוטי,"וויליאם גראנט ובניו בע""\",GB,וויסקי גרנט'ס,מיליליטרים,750.00,"100 מ""ל",false,,69.90,0.0932,false,1,13379
5010394984577,false,פדיגרי דנטאסטיקס כלב קטן 110 גרם (7 יח')BP29V,פדיגרי Pedigree,HU,פדיגרי דנטה סמול 110,גרמים,110.00,100 גרם,false,,10.90,0.0991,true,1,77383
5010677551281,false,"בקרדי בריזר לימון 275 מ""ל בקבוק",בקרדי בריזר Bacardi Breezer,BE,בקרדי בריזר לימו,יחידה,275.00,יחידה,false,,12.90,0.0469,false,1,18613
5010677551397,false,"בקרדי בריזר לימון ליים 275 מ""ל",בקרדי בריזר Bacardi Breezer,BE,בקרדי בריזר ליים,מיליליטרים,275.00,"100 מ""ל",false,,12.90,0.0469,false,1,95104
5010677554398,false,"בקרדי בריזר אבטיח 275 מ""ל בקבוק",בקרדי בריזר Bacardi Breezer,BE,בקרדי בריזר אבטי,מיליליטרים,275.00,"100 מ""ל",false,,12.90,0.0469,false,1,18616
5011061104052,false,ממתק שערות סבתא תות,,,ממתק שערות סבתא תות,גרמים,15.00,100 גרם,false,,3.90,0.2600,true,1,189705
5011157630281,false,אורז לבן ארוך בסמטי טילדה Tilda,אלסקה/ טילדה,GB,אורז טילדה,קילוגרמים,1.00,"ק""ג",false,,24.90,24.9000,true,1,14209
5011157730271,false,אורז יסמין לבן ארוך טילדה,טילדה Tilda,GB,טילדה אורז יסמין,קילוגרמים,1.00,"100 ק""ג",false,,24.90,24.9000,true,1,185901
5011417547885,false,"אירוויק מקלות ריחניים בניחוח כביסה באוויר 30 מ""ל",איירוויק Air Wick,HU,איירוויק מקלות ריחני,מיליליטרים,30.00,"100 מ""ל",false,,14.90,0.4967,true,1,104267
5011417554760,false,"אירוויק מבשם אויר נטול גז בניחוח ורדים וארכידאה 345 מ""ל",איירוויק Air Wick,PL,אקווה מיסט ורדים,מיליליטרים,345.00,"100 מ""ל",false,,14.90,0.0432,true,1,55739
5012251012645,false,רצועות לאף להסרת ראשים שחורים,,GB,מדבקות להוצאת שחורים,יחידה,0.00,יחידה,false,,12.90,0.0000,true,1,117342
5012251013314,false,BEAUTY FORMULAS מגבוני פנים להסרה עדינה ויעילה של איפור על בסיס תמציות אבוקדו 25 יחידות,,GB,מגבונים לפנים תמצית,יחידה,0.00,יחידה,false,,12.90,0.0000,true,1,126971
5014271300429,false,"מעדן משמש 100% פרי סנטדלפור 284 גרם לל""ס",סאן דלפור - שמבור,FR,ריבת משמש סנדלפור 28,גרמים,284.00,100 גרם,false,,19.90,0.0701,false,1,18079
5014271310428,false,מעדן דובדבנים שחורים ללא תוספת סוכר 284 גרם,סאן דלפור - שמבור,FR,ריבת דובדבן סנדלפור,גרמים,284.00,100 גרם,false,,19.90,0.0701,false,1,18080
5014271330426,false,מעדן אוכמניות כחולות ללא תוספת סוכר 284 גרם,סאן דלפור - שמבור,FR,ריבת אוכמניות סנדלפו,גרמים,284.00,100 גרם,false,,19.90,0.0701,false,1,18081
5014271350424,false,מעדן ארבעה פירות ללא תוספת סוכר 284 גרם,סאן דלפור - שמבור,FR,ריבת פירות סנדלפור 2,גרמים,284.00,100 גרם,false,,19.90,0.0701,false,1,18082
5014271360423,false,"מעדן תפוזים לל""ס סאן דלפור 284 גרם",סאן דלפור - שמבור,FR,מעדן תפוז סנדלפור 28,גרמים,284.00,100 גרם,false,,19.90,0.0701,false,1,18083
5014271370422,false,סן דלפו מעדן אפרסק ללא סוכר 284גר,סאן דלפור - שמבור,FR,ריבת אפרסק סנדלפור 2,גרמים,284.00,100 גרם,false,,19.90,0.0701,false,1,18084
5014271400426,false,"מעדן בטעם תות שדה לל""ס סאן דלפור 284 גרם",סאן דלפור - שמבור,FR,ריבת תות סנדלפור 284,גרמים,284.00,100 גרם,false,,19.90,0.0701,false,1,18087
5014271560427,false,מעדן תפוז וג'ינג'ר ללא סוכר סאן דלפור 284 גר,סאן דלפור - שמבור,FR,ריבת תפוז וג'ינג'ר ס,גרמים,284.00,100 גרם,false,,19.90,0.0701,false,1,18088
5014271795980,false,מעדן חמוציות ואוכמניות ללא תוספת סוכר 284 גרם,סנדלפור St.dalfour,FR,ריבת אוכמניות וחמוצי,גרמים,284.00,100 גרם,false,,19.90,0.0701,false,1,18094
5014379009972,false,בירה לאגר באדוויזר פחית 500 מל,באדווייזר Budweiser,GB,פחית בירה באדוויזר 5,מיליליטרים,500.00,"100 מ""ל",false,,9.90,0.0198,true,1,116965
5016840000211,false,"וויסקי היי קומינשר 700 מ""ל",,,וויסקי היי קומישנר 7,מיליליטרים,700.00,"100 מ""ל",false,,64.90,0.0927,true,1,106884
5026489483955,false,חטיף חומוס סיסולט איט ריל 45 גרם,לקסמי אנד סונס סי/\אי קו,GB,חטיף על בסיס קמח חומ,גרמים,45.00,100 גרם,false,,7.50,0.1667,true,1,111344
5026489484006,false,חטיף עדשים עגבניות ובזיליקום 40,לקסמי אנד סונס סי/\אי קו,GB,חטיף עדשים טומטו,גרמים,40.00,100 גרם,false,,7.50,0.1875,true,1,112619
5026489484785,false,חט.קינואה ט.שמנת+עירית30,קופרש סנק פודס,GB,חטיף קינואה 30 גרם,גרמים,30.00,100 גרם,false,,7.50,0.2500,true,1,125121
5026489500447,false,חט.חומוס ט. שמנת+עירית45,איט ריל,GB,חטיף חומוס 45 גרם,גרמים,45.00,100 גרם,false,,7.50,0.1667,true,1,125118
5029053002408,false,נייר טואלט קלינקס פרימיום לבן - מארז 9 גלילים,קימברלי קלארק ישראל,IL,נייר טואלט קלינקס פר,גרמים,1184.00,100 גרם,false,,32.90,0.0278,false,1,13574
5029053002439,false,נייר טואלט קלינקס פרימיום צהוב - מארז 9 גלילים,חוגלה קימברלי,GB,נייר טואלט קלינק,גרמים,1184.00,100 גרם,false,,32.90,0.0278,false,1,13575
5029053032658,false,שמיניית ממחטות טישו קלינקס 9 יחידות,חוגלה קימברלי,IT,קלינקס ממחטות מארז ש,יחידה,0.00,יחידה,false,,8.90,0.0000,true,1,105011
5029053039725,false,ממחטות נייר קלינקס נטורל פרש קופסה 72 דף,קימברלי קלארק,IL,קלינקס נטורל פרש קופ,יחידה,0.00,יחידה,false,,9.90,0.0000,false,1,186313
5029053510811,false,תחבושות נורמל פלוס עם כנפיים קוטקס 28 יחידות,קימברלי קלארק,CZ,קוטקס אולטרא נור,יחידה,0.00,יחידה,false,,17.90,0.0000,false,1,13586
5029053510828,false,תחבושות סופר פלוס עם כנפיים קוטקס 22יחידות,קימברלי קלארק,CZ,קוטקס אולטרא סופ,יחידה,0.00,יחידה,false,,17.90,0.0000,false,1,13587
5029053523446,false,קוטקס - תחבושות אולטרה נייט + כנפיים 20 יח',קימברלי קלארק,CZ,קוטקס אולטרא ליי,יחידה,0.00,יחידה,false,,17.90,0.0000,false,1,13605
5029053527598,false,תחתוני ספיגה בנים לתופעת הרטבת לילה 8-15 האגיס,חוגלה קימברלי,CZ,האגיס דריי נייטס 8-1,יחידה,0.00,יחידה,false,,33.90,0.0000,false,1,13610
5029053527604,false,האגיס תחתון ספיגה 15-8 בנות דריי נייטס 9 יחידות,חוגלה קימברלי,IL,האגיס דריי נייטס 8-1,יחידה,0.00,יחידה,false,,33.90,0.0000,false,1,13611
5029053534596,false,קוטקס טמפוני נורמל ללא מוליך 32 יח,קימברלי קלארק,CZ,טמפוני קוטקס נורמל,יחידה,0.00,יחידה,false,,22.90,0.0000,true,1,37747
5029053535210,false,טמפון קוטקס עם מוליך מיני 16 יח,קימברלי קלארק,CZ,טמפונים קוטקס עם מול,יחידה,0.00,יחידה,false,,22.90,0.0000,true,1,42333
5029053535227,false,קוטקס טמפון עם מוליך נורמל 16 יחידות,קימברלי קלארק,CZ,טמפון קוטקס עם מוליך,יחידה,0.00,יחידה,false,,22.90,0.0000,true,1,42339
5029053538426,false,בגד ים חד פעמי ליטל סווימרס 12-18kg L,חוגלה קימברלי,CZ,האגיס ליטל סווימרס 1,יחידה,0.00,יחידה,false,,32.90,0.0000,false,1,67432
5029053574158,false,האגיס פול אפס תח.גמילה לילה בנים 18 יחיד,KC צ'כיה,IL,פול אפס בנים לילה 18,יחידה,0.00,יחידה,false,,41.90,0.0000,false,1,125057
5029053578309,false,קופסת ממחטות אולטרה סופט 48 דף קלינקס,קימברלי קלארק,IL,קלינקס אולטרה סופט ק,יחידה,0.00,יחידה,false,,8.50,0.0000,false,1,186312
5029054220085,false,האגיס - מגבוני האגיס אקסטרה קר לא מבושם 56 יח' * 4,קימברלי קלארק,IL,רביעיית מגבוני רך נו,יחידה,0.00,יחידה,false,,26.90,0.0000,false,1,110701
5050083545139,true,קלוגס פצפוצי אורז רי,,,קלוגס פצפוצי אורז רי,,0.00,,false,,24.90,0.0000,true,1,123066
5050083559761,false,דגני בוקר קלוגס קוקו פופס שוקוס 500 גרם,קלוגס מניופקטורינג אספנה,ES,דגני קלוגס קוקו פופס,גרמים,500.00,100 גרם,false,,16.90,0.0338,false,1,55325
5053827215862,false,קלוגס קוקו פופס שוקו 500ג',קלוגס מניופקטורינג אספנה,GB,קלוגס קוקו פופס 500,גרמים,500.00,100 גרם,false,,16.90,0.0338,true,1,120020
5060123607802,false,לונדון חליטת גינגר לימון 20 שקיקים,טייפו,GB,תה לונדון בטעם לימון,גרמים,40.00,100 גרם,false,,15.90,0.3975,true,1,97112
5060255492185,false,"אברקלין עוצמה בניחוח מרענן 6 ק""ג",כלורוקס,NL,אברקלין חול ירוק בני,קילוגרמים,6.00,"ק""ג",false,,54.90,9.1500,true,1,106240
5060319120023,true,הייר ליבינג תה קינמו,,,הייר ליבינג תה קינמו,,0.00,,false,,15.90,0.0000,true,1,123059
5060319120108,true,הייר ליבינג תה ארל ג,,,הייר ליבינג תה ארל ג,,0.00,,false,,15.90,0.0000,true,1,123060
5060319129286,true,הייר ליבינג תה לבן א,,,הייר ליבינג תה לבן א,,0.00,,false,,15.90,0.0000,true,1,123061
5060319129422,true,הייר ליבינג חליטת צמ,,,הייר ליבינג חליטת צמ,,0.00,,false,,15.90,0.0000,true,1,123062
5060504290104,false,צ'יפס פופקורן מתוק מ,,,צ'יפס פופקורן מתוק מ,גרמים,28.00,100 גרם,false,,5.90,0.2107,true,1,122920
5060517886486,false,"משקה אנרגיה מונסטר אנרג'י בפחית 500 מ""ל",מונסטר אנרג'י Monster Energy,RS,משקה אנרגיה מונסטר ק,מיליליטרים,500.00,"100 מ""ל",false,,7.50,0.0150,false,1,117872
5060517886516,false,"משקה אנרגיה מונסטר אנרג'י זירו בפחית 500 מ""ל",מונסטר אנרג'י Monster Energy,RS,משקה אנרגיה מונסטר ז,מיליליטרים,500.00,"100 מ""ל",false,,7.00,0.0140,true,1,117873
5060639128051,false,"משקה אנרגיה מונסטר אולטרה בפחית 500 מ""ל",מונסטר אנרג'י Monster Energy,RS,משקה אנרגיה מונסטר פ,מיליליטרים,500.00,"100 מ""ל",false,,7.00,0.0140,true,1,121491
5060639129102,false,"משקה אנרגיה מונסטר אנרג'י מנגו בפחית 500 מ""ל",מונסטר אנרג'י Monster Energy,RS,משקה אנרגיה מונסטר פ,מיליליטרים,500.00,"100 מ""ל",false,,7.50,0.0150,true,1,123374
5060751218173,false,"משקה אנרגיה מונסטר אנרג'י piplin punch בפחית 500 מ""ל",מונסטר אנרג'י לימטד,RS,משקה אנרגיה מונסטר 5,מיליליטרים,500.00,"100 מ""ל",false,,7.50,0.0150,true,1,188625
5060751219033,false,"משקה אנרגיה מונסטר אנרג'י זירו paradise בפחית 500 מ""ל",מונסטר אנרג'י לימטד,RS,משקה אנרגיה מונסטר 5,מיליליטרים,500.00,"100 מ""ל",false,,7.50,0.0150,true,1,188624
5087396103237,false,"חול קריסטל תפוח לחתול, 3.8 ליטר",חטיפים מן הטבע,,חול קריסטל יהלום חתו,קילוגרמים,3.80,"ק""ג",false,,34.90,9.1842,true,1,189657
5200133120476,false,גלילות וופלים ממולאים קרם אגוזים וקקאו 400 ג',יוניליוור גרמניה Gm,GR,גליליות וופלים ממולא,גרמים,400.00,100 גרם,false,,16.90,0.0422,true,1,110015
5200133120483,false,גליליות וופלים ממולא קרם וניל 400 גר,יוניליוור גרמניה Gm,GR,גליליות וניל 400 גר,גרמים,400.00,100 גרם,false,,16.90,0.0422,true,1,110019
5201178801054,false,"קרם רב שימושי ניוואה 250 מ""ל",טרופיקל דגיל תעשיות,DE,קרם ניוואה 250 ג,גרמים,250.00,100 גרם,false,,24.90,0.0996,true,1,20404
5201261032358,false,"בירה איגל חיטה מעוננת פחית 500 מ""ל",,,בירה איגל חיטה פחית,מיליליטרים,500.00,"100 מ""ל",false,,6.50,0.0130,true,1,186598
5201347160326,false,גל לשמירה על חיי מכונת הכביסה קלגון 750מ,רקיט בנקיזר,IT,"קלגון ג'ל 750 מ""ל",מיליליטרים,750.00,"100 מ""ל",false,,29.90,0.0399,true,1,106487
5201347400545,false,רצועות שעווה מוכנות לשימוש לפנים ולאזורים רגישים,רקיט בנקיזר צרפת,FR,ויט ארומטיק שעווה לפ,מיליליטרים,0.00,"מ""ל",false,,19.90,0.0000,true,1,42871
5201940010110,false,זיתים שחורים קלמטה וילי פוד 250 גרם,סיוארס אס.איי,GR,זית שחור קלמטה 454 ג,גרמים,454.00,100 גרם,false,,14.90,0.0328,true,1,24147
5202390022319,false,ויולייפ צד'ר מגורדת 150 גר,ביוט איילנד פודס בעמ,GR,ויולייפ צדר מגורדת,גרמים,150.00,100 גרם,false,,21.00,0.1400,true,1,189507
5208049002473,false,קנט ארוך קופסא בודדת,Unknown,TR,קנט ארוך לונג,יחידה,0.00,יחידה,false,,36.00,0.0000,false,1,117441
5208049002480,false,סיגריות קנט קלאסי אר,Unknown,TR,פקט קנט ארוך,יחידה,0.00,יחידה,false,,352.00,0.0000,false,1,117442
5391523057929,false,סימילאק גולד שלב 1 תרכובת מזון על בסיס חלב,אבוט מעבדות רפואיות,IE,סימילאק גולד 700 גר',גרמים,700.00,100 גרם,false,,69.90,0.0999,false,1,111397
5391523057936,false,סימילאק גולד שלב 2 תרכובת מזון על בסיס חלב,אבוט מעבדות רפואיות,IE,סימילאק גולד 700 גר',גרמים,700.00,100 גרם,false,,69.90,0.0999,false,1,111398
5391523057943,false,סימילאק גולד שלב 3 תרכובת מזון על בסיס חלב,אבוט מעבדות רפואיות,IE,סימילאק גולד 700 גר',גרמים,700.00,100 גרם,false,,69.90,0.0999,false,1,111399
5391523058063,false,סימילאק אדבנס פלוס 1 תרכובת מזון על בסיס חלב,טרופיקל דגיל תעשיות,IE,סימילאק אדבנס פלוס 7,גרמים,700.00,100 גרם,false,,64.90,0.0927,false,1,111396
5391523058070,false,סימילאק אדבנס פלוס 3 תרכובת מזון על בסיס חלב,טרופיקל דגיל תעשיות,IE,סימילאק אדבנס פלוס ש,גרמים,700.00,100 גרם,false,,64.90,0.0927,false,1,110844
5391523058087,false,סימילאק אדבנס פלוס 2 תרכובת מזון על בסיס חלב,טרופיקל דגיל תעשיות,IE,סימילאק אדבנס פלוס ש,גרמים,700.00,100 גרם,false,,64.90,0.0927,false,1,110845
5400265024349,false,המלט מאפה מבצק עלים מסוכר 250 גר,HAMLET NV,,עוגיות המלט 250 גר',גרמים,250.00,100 גרם,false,,10.90,0.0436,true,1,37144
5410076951710,false,אבקת כביסה אריאל שוש,פרוקטר אנד גמבל,TR,אריאל שושן צחור 4 קג,קילוגרמים,4.00,"ק""ג",false,,29.90,7.4750,false,1,95365
5410091648176,false,"פה - דאודורנט רול און לאישה פינק פרדייס 50 מ""ל",שוורצקופף והנקל,DE,דאו' רול און פה Pink,מיליליטרים,50.00,"100 מ""ל",false,,10.00,0.2000,false,1,24593
5410091677992,false,"סאיוס - ספריי לשיער לייצוב מקסימלי 400 מ""ל",שוורצקופף והנקל,DE,סאיוס ספריי לייצוב מ,מיליליטרים,400.00,"100 מ""ל",false,,26.90,0.0672,true,1,97268
5410091678005,false,"סאיוס - ספריי לשיער ליצירת נפח 400 מ""ל",שוורצקוף,DE,סאיוס ספריי ליצירת נ,מיליליטרים,400.00,"100 מ""ל",false,,26.90,0.0672,true,1,108876
5410091708955,false,"סאיוס - ספריי לשיער קרטין 400 מ""ל",שוורצקופף והנקל,DE,סאיוס קרטין ספריי 40,מיליליטרים,400.00,"100 מ""ל",false,,26.90,0.0672,true,1,99985
5410103161518,false,קרם יום עם פעולה משולשת לעור רגיל ומעורב,"לוריאל ישראל בע""מ",DE,קרם פנים פעולה משולש,מיליליטרים,50.00,"100 מ""ל",false,,45.90,0.9180,true,1,106139
5410103161617,false,קרם יום עם פעולה משולשת Triple active לעור יבש ועדין,"לוריאל ישראל בע""מ",DE,קרם לחות פעולה משולש,מיליליטרים,50.00,"100 מ""ל",false,,45.90,0.9180,true,1,106140
5410126006087,false,עוגיות לוטוס ארוזות בתפזורת 700 גרם,לוטוס ביקרי נ.וי.,BE,עוגיות לוטוס 700 גר,גרמים,700.00,100 גרם,false,,25.90,0.0370,true,1,65187
5410126116953,false,ממרח ביסקוויט קרמל לוטוס 400 גרם,לוטוס בייקרי בלגיה נ,BE,ממרח בטעם עוגיות לוט,גרמים,400.00,100 גרם,false,,19.90,0.0497,false,1,61117
5410126666038,false,"ביסקוויט קרמל לוטוס 279 גרם בד""צ",לוטוס ביקרי נ.וי,BE,לוטוס 279 גר ארוז 2,גרמים,279.00,100 גרם,false,,11.90,0.0427,true,1,111715
5410126716016,false,"עוגיות לוטוס ביסקויט קרמל בד""צ 250 גרם",לוטוס ביקרי בלגיה,BE,לוטוס 250 גר,גרמים,250.00,100 גרם,false,,10.90,0.0436,false,1,16242
5410126726947,false,ממרח ביסקוויט קרמל קראנץ' לוטוס 380 גרם,לוטוס בייקרי בלגיה נ,BE,ממרח עוגיות לוטוס קר,גרמים,380.00,100 גרם,false,,19.90,0.0524,false,1,68354
5410173210055,false,רומבוסט קפה טחון וקלוי לפילטר 70 גרם,קופי רומבוטס,BE,קפה טחון וקלוי לפילט,גרמים,70.00,100 גרם,false,,19.90,0.2843,false,1,63183
5410228267515,false,"שישיית בירה לאגר באדוויזר 6*330 מ""ל",באדווייזר Budweiser,GB,בירה באדוויזר שישייה,מיליליטרים,1980.00,"100 מ""ל",false,,29.90,0.0151,true,1,117157
5410291021991,false,צוקטה ממרח אגוזי לוז וקקאו 700 גר,צ'וקטה Chocketa,BE,צ'וקטה ממרח אגוזי לו,גרמים,700.00,100 גרם,false,,19.90,0.0284,true,1,100507
5410291022011,false,ממרח אגוזי לוז עם קקאו 350 גרם חלב נכרי,צ'וקטה Chocketa,BE,צ'וקטה ממרח אגוזי לו,גרמים,350.00,100 גרם,false,,10.90,0.0311,true,1,100508
5410291022738,false,צ'וקטה ממרח חלב ואגוזי לוז עם קקאוי 350ג',צ'וקטה Chocketa,BE,צ'וקטה ממרח דואו 350,גרמים,350.00,100 גרם,false,,10.90,0.0311,true,1,105527
5410291022752,false,ממרח אגוזי לוז עם קקאו 350 גרם ווסטהיים,צ'וקטה Chocketa,BE,צ'וקטה ממרח אגוזי לו,גרמים,350.00,100 גרם,false,,10.90,0.0311,true,1,105396
5410291022776,false,ממרח אגוזי לוז צ'וקטה 700 גרם פרווה,צ'וקטה Chocketa,BE,צ'וקטה ממרח אגוזי לו,גרמים,700.00,100 גרם,false,,19.90,0.0284,true,1,104618
5410316983693,false,"סמירנוף אייס בקבוק 275 מ""ל",סמירנוף אייס Smirnoff ice,IT,סמירנוף אייס,יחידה,275.00,יחידה,false,,10.90,0.0396,true,1,5929
5410316994019,false,"וודקה סמירנוף אדום 700מ""ל",דיאג'ו אופריישנס איט,US,"וודקה סמירנוף 700 מ""",מיליליטרים,700.00,"100 מ""ל",false,,59.90,0.0856,false,1,65477
5410769800097,false,"בירה לה צרי שוף 8% 330 מ""ל בקבוק",פארייפאבה אגרואינדוס,BE,בירה צ'רי שוף,מיליליטרים,330.00,"100 מ""ל",false,,12.90,0.0391,true,1,106440
5411188081852,false,אלפרו משקה סויה בטעם וניל 1 ל',הנסיך- מפעל לייצור ט,BE,אלפרו חלב סויה וניל,ליטרים,1.00,ליטר,false,,13.90,13.9000,true,1,68880
5411188094173,false,רביעיה מעדן סויה טעם קרמל 125 ג' אלפרו,אלפרו,BE,אלפרו מעדן סויה קרמל,גרמים,500.00,100 גרם,false,,17.50,0.0350,true,1,104520
5411188096108,false,"שמנת לבישול ע""ב סויה 250 מ""ל אלפרו",אלפרו C.V.A,BE,אלפרו שמנת צמחית לבי,מיליליטרים,250.00,"100 מ""ל",false,,9.50,0.0380,true,1,35421
5411188110835,false,אלפרו חלב סויה שקדים וניל 1ל',הנסיך- מפעל לייצור ט,BE,אלפרו חלב שקדים 1 לי,ליטרים,1.00,ליטר,false,,13.90,13.9000,true,1,62848
5411188112709,false,"משקה קוקוס אלפרו 1 ליטר משקה שקדים לל""ס",הנסיך- מפעל לייצור ט,BE,אלפרו משקה שקדים ללא,ליטרים,1.00,ליטר,false,,13.90,13.9000,true,1,70213
5411188115366,false,משקה קוקוס אלפרו 1 ליטר משקה שיבולת שועל 1 ליטר,הנסיך- מפעל לייצור ט,BE,אלפרו משקה שיבולת שו,ליטרים,1.00,ליטר,false,,13.90,13.9000,true,1,67799
5411188115472,false,משקה סויה אלפרו 1 ליטר,הנסיך- מפעל לייצור ט,BE,אלפרו משקה סויה 1 לי,ליטרים,1.00,ליטר,false,,13.90,13.9000,true,1,121215
5411188118732,false,משקה אלפרו קוקוס ושקדים 1 ליטר,הנסיך- מפעל לייצור ט,BE,אלפרו משקה קוקוס שקד,ליטרים,1.00,ליטר,false,,13.90,13.9000,true,1,98415
5411188120742,false,משקה קוקוס אלפרו 1 ליטר שקדים וניל 1 ל',הנסיך- מפעל לייצור ט,BE,אלפרו משקה שקדים בטע,ליטרים,1.00,ליטר,false,,13.90,13.9000,true,1,98416
5411188120957,false,"אלפרו תערובת לבישול על בסיס קוקוס 250 מ""ל",אלפרו C.V.A,BE,אלפרו תערובת לבישול,מיליליטרים,250.00,"100 מ""ל",false,,9.90,0.0396,true,1,106051
5411188121923,false,"משקה סויה מועשר סידן אלפרו 3*250 מ""ל",הנסיך- מפעל לייצור ט,BE,אלפרו סויה סידן שלשו,מיליליטרים,0.00,"100 מ""ל",false,,13.90,0.0000,true,1,108233
5411188121978,false,"משקה סויה בטעם שוקולד 3 * 250 מ""ל אלפרו",אלפרו סי.וי. איי,BE,אלפרו סויה סדן שלישי,מיליליטרים,750.00,"100 מ""ל",false,,13.90,0.0185,true,1,107044
5411188122661,false,אלפרו משקה שקדים לא קלויים ללא תוספת סוכר 1 ל',אלפרו C.V.A,BE,אלפרו משקה שקדים ללא,ליטרים,1.00,ליטר,false,,13.90,13.9000,true,1,104522
5411188124689,false,משקה אלפרו שיבולת שועל ללא סוכר 1 ליטר,אלפרו C.V.A,BE,אלפרו משקה שיבולת שו,ליטרים,1.00,ליטר,false,,13.90,13.9000,true,1,122077
5411188124726,false,אלפרו משקה שיבולת שועל שקדים 1 ליטר,הדקלאים אגודת שיתופי,BE,אלפרו משקה שיבולת שו,ליטרים,1.00,100 ליטר,false,,13.90,13.9000,true,1,107515
5411188126195,false,אלפרו משקה שקדים אורגני 1ל מפוקח סקאל,אלפרו C.V.A,BE,אלפרו משקה שקדים אור,ליטרים,1.00,ליטר,false,,13.90,13.9000,true,1,110363
5411188127697,false,אלפרו משקה בריסטה שיבולת שועל 1 ליטר,הנסיך- מפעל לייצור ט,BE,אלפרו בריסטה שיבולת,ליטרים,1.00,100 ליטר,false,,13.90,13.9000,true,1,121217
5411188129899,false,משקה אלפרו בריסטה שקדים 1 ליטר,הנסיך- מפעל לייצור ט,BE,אלפרו בריסטה שקדים 1,ליטרים,1.00,100 ליטר,false,,13.90,13.9000,true,1,121218
5411188133476,false,אלפרו משקה סויה שוקו+חלבון 250 גרם בית יוסף,אלפרו C.V.A,BE,אלפרו משקה סויה שוקו,מיליליטרים,250.00,"100 מ""ל",false,,6.90,0.0276,true,1,126715
5411188133490,false,אלפרו משקה סויה קפה קרמל+חלבון 250 גרם בית יוסף,אלפרו C.V.A,BE,אלפרו משקה סויה קפה,מיליליטרים,250.00,"100 מ""ל",false,,6.90,0.0276,true,1,126716
5411188134985,false,אלפרו 3.5% NOT M*LK שיבולת שועל 1 ליטר בית יוסף,הנסיך- מפעל לייצור ט,BE,אלפרו 3.5% שומן שיבו,ליטרים,1.00,ליטר,false,,12.90,12.9000,true,1,126714
5411188135005,false,אלפרו 1.8% NOT M*LK שיבולת שועל 1 ליטר בית יוסף,הנסיך- מפעל לייצור ט,BE,אלפרו 1.8% שומן שיבו,ליטרים,1.00,ליטר,false,,12.90,12.9000,true,1,126713
5411188300328,false,אלפרו סויה שוקו 1 ליטר * 8 יחי,הנסיך- מפעל לייצור ט,BE,אלפרו סויה שוקו 1 ל,ליטרים,1.00,ליטר,false,,13.90,13.9000,true,1,69156
5411188513483,false,"סויה לבישול 14% שומן אלפרו 250 מ""ל",אלפרו C.V.A,BE,אלפרו סויה לבישול 14,מיליליטרים,250.00,"100 מ""ל",false,,9.50,0.0380,true,1,187713
5411188543398,false,משקה סויה ללא סוכר אלפרו 1 ליטר,הנסיך- מפעל לייצור ט,BE,אלפרו משקה סויה ללא,ליטרים,1.00,ליטר,false,,13.90,13.9000,true,1,121219
5411616002190,false,"בירה מרטנס חזקה 8.5% כהל,500 מ""ל",מבשלת מרטנס,BE,בירה מרטנס 8.5% כהל,מיליליטרים,500.00,"100 מ""ל",false,,6.50,0.0130,true,1,94391
5411616133245,false,בירה מרטנס פחית ירוק500מ,מבשלת מרטנס,BE,מרטינס בירה פחית 500,מיליליטרים,500.00,"100 מ""ל",false,,6.50,0.0130,true,1,35449
5411616148546,false,"בירה מרטינס גולד 500 מ""ל-פחית",מבשלת מרטנס,BE,מרטינס גולד בירה פחי,מיליליטרים,500.00,"100 מ""ל",false,,6.50,0.0130,true,1,35456
5412533001617,false,נוזל לניקוי כלים אלוורה ולימון 1 ליטר,אקובר,BE,נוזל לניקוי כלים,ליטרים,1.00,ליטר,false,,15.90,15.9000,true,1,43289
5413121364121,false,בלג'יאן טראפלס קקאו שוקולד 150 גרם,Q Chocolate,BE,בלג'יאן טראפלס קקאו,גרמים,150.00,100 גרם,false,,10.90,0.0727,true,1,108747
5413121388905,false,בלגיאן-טראפלס אגוז חג שמח 150 גרם,Q Chocolate,BE,בלג'יאן טראפלס אגוז,גרמים,150.00,100 גרם,false,,9.90,0.0660,true,1,118847
5413149655522,false,"אבקת כביסה שושן צחור 1.25 ק""ג אריאל",פרוקטר אנד גמבל,TR,אריאל שושן צחור 1.25,קילוגרמים,1.25,"ק""ג",false,,14.90,11.9200,true,1,35613
5413149922907,false,"אבקת כביסה קולור וסטייל 5 ק""ג אריאל",פרוקטר אנד גמבל,TR,אריאל קולור וסטייל 5,קילוגרמים,5.00,"ק""ג",false,,36.90,7.3800,false,1,37996
5413149922938,false,"אריאל אבקת כביסה שושן צחור, 5 ק""ג",פרוקטר אנד גמבל,TR,אריאל שושן צחור 5קג,קילוגרמים,5.00,"ק""ג",false,,36.90,7.3800,false,1,37997
5413548280189,false,קינדר שוקו בון 1 יחידות 125 גרם,פררו - אלבה,BE,חטיפי קינדר שוקו בון,גרמים,125.00,100 גרם,false,,11.90,0.0952,true,1,12918
5601008200444,false,עוגיות גודיס טבעות מצופות שוקולד חלב מרבה 150 גרם,הנסיך- מפעל לייצור ט,PT,עוגיות טבעת מצופות ש,גרמים,150.00,100 גרם,false,,6.50,0.0433,true,1,56229
5601008200451,false,עוגיות גודיס טבעות מצופות שוקולד מריר מרבה 150 גרם,מרבה Merba,PT,עוגיות טבעת מצופות ש,גרמים,150.00,100 גרם,false,,6.50,0.0433,true,1,56230
5601008200468,false,עוגיות גודיס טבעות מצופות שוקולד לבו מרבה 150 גרם,קריניציה ויטמינה אס,PT,עוגיות טבעת מצופות ש,גרמים,150.00,100 גרם,false,,6.50,0.0433,true,1,56231
5601036205534,false,צבע לשיער אקסלנס קרם - 1 שחור,לוריאל Loreal,BE,אקסלנס צבע לשיער,יחידה,0.00,יחידה,false,,34.90,0.0000,true,1,57799
5601036205558,false,צבע לשיער אקסלנס קרם - 4 חום כהה,לוריאל Loreal,BE,צבע לשיער אקסלנס,יחידה,0.00,יחידה,false,,34.90,0.0000,true,1,57394
5601036205572,false,לוריאל - אקסלנס קרם 4.54 חום מהגוני נחושתי,ליברמו,BE,צבע לשיער אקסלנס,יחידה,0.00,יחידה,false,,34.90,0.0000,true,1,59888
5601036205602,false,צבע לשיער אקסלנס קרם - 5.5 חום מהגוני,לוריאל ישראל קוסמטיקס בע,BE,צבע לשיער אקסלנס 5.5,יחידה,0.00,יחידה,false,,34.90,0.0000,true,1,59344
5601036205626,false,צבע לשיער אקסלנס קרם - 6 בלונד כהה,לוריאל Loreal,BE,צבע לשיער אקסלנס 6,יחידה,0.00,יחידה,false,,34.90,0.0000,true,1,59345
5601036205657,false,צבע לשיער אקסלנס קרם - 7 בלונד,לוריאל Loreal,BE,אקסלנס קרם צבע לשיער,יחידה,0.00,יחידה,false,,34.90,0.0000,true,1,56968
5601036205688,false,לוריאל - אקסלנס קרם 8 בלונד בהיר,ליברמו,BE,צבע לשיער לוריאל,יחידה,0.00,יחידה,false,,34.90,0.0000,true,1,106802
5601036206418,false,לוריאל - אקסלנס קרם 01בלונד אולטרה בהיר טבעי,ליברמו,BE,צבע לשיער אקסלנס בלו,יחידה,0.00,יחידה,false,,34.90,0.0000,true,1,62469
5601217129420,false,וולייט דפים למניעת העברת צבע 20 יחידות,רקיט בן קיזר,IT,ווליט 20 דפים למכונת,יחידה,0.00,יחידה,false,,19.90,0.0000,true,1,106695
5601864322946,false,"סכין ירקות חלק 10 ס""",,,"סכין ירקות חלק 10 ס""",יחידה,0.00,יחידה,false,,17.90,0.0000,true,1,97010
5601864356767,false,סכין ירקות חלק,,,סכין ירקות חלק,יחידה,0.00,יחידה,false,,17.90,0.0000,true,1,97011
5601864395803,false,"סכין ירקות חלק 10 ס""",,,"סכין ירקות חלק 10 ס""",יחידה,0.00,יחידה,false,,17.90,0.0000,true,1,97012
5601864397999,false,"סכין ירקות חלק 10 ס""",,,"סכין ירקות חלק 10 ס""",יחידה,0.00,יחידה,false,,17.90,0.0000,true,1,97013
5601864398019,false,"סכין ירקות חלק 10 ס""",,,"סכין ירקות חלק 10 ס""",יחידה,0.00,יחידה,false,,17.90,0.0000,true,1,97014
5601864399689,false,סכין ירקות משונן 10,,,סכין ירקות משונן 10,יחידה,0.00,יחידה,false,,17.90,0.0000,true,1,96997
5603037413161,false,קרסוליות,,,קרסוליות,יחידה,0.00,יחידה,false,,8.90,0.0000,true,1,40445
5603037413307,false,גרבי ברך ניילון,,,גרבי ברך ניילון,יחידה,0.00,יחידה,false,,8.90,0.0000,true,1,39831
5603037413369,false,גרביונים,,,גרביונים,יחידה,0.00,יחידה,false,,13.90,0.0000,true,1,40898
5603037413390,false,גרביונים,,,גרביונים,יחידה,0.00,יחידה,false,,13.90,0.0000,true,1,62538
5603037413451,false,גרביונים מידה L,,,גרביונים מידה L,יחידה,0.00,יחידה,false,,13.90,0.0000,true,1,39677
5603037413499,false,גרביונים,,,גרביונים,יחידה,0.00,יחידה,false,,13.90,0.0000,true,1,40392
5603037413574,false,גרביונים XXL,,,גרביונים XXL,יחידה,0.00,יחידה,false,,13.90,0.0000,true,1,41355
5603037413604,false,גרבי מכנס,,,גרבי מכנס,יחידה,0.00,יחידה,false,,13.90,0.0000,true,1,41353
5603037413611,false,גרביונים,,,גרביונים,יחידה,0.00,יחידה,false,,13.90,0.0000,true,1,41188
5603037418999,false,עקביות ניילון,,,עקביות ניילון,יחידה,0.00,יחידה,false,,4.20,0.0000,true,1,94948
5604912415003,false,סרדינים בשמן זית 125 גרם,קונסברס פורטוגל נורטה לי,PT,סרדינים בשמן זית פור,גרמים,125.00,100 גרם,false,,6.90,0.0552,true,1,110886
5701932026964,false,"הוטפופ גרעיני תירס להכנת פופקורן במיקרוגל בטעם טבעי, בתוספת מלח, 600 גרם",ליימן מותגים,US,פופקורן למיקרוגל,גרמים,600.00,100 גרם,false,,15.00,0.0250,true,1,12928
5701932026971,false,הוטפופ גרעיני תירס להכנת פופקורן במיקרוגל בטעם חמאה 600 גרם,ליימן מותגים,US,פופקורן חמאה 600,גרמים,600.00,100 גרם,false,,15.00,0.0250,true,1,12929
5706516031358,false,פופקורן להכנה במיקרוגל בטעם טבעי מופחת שומן 5 שקיות,ליימן מותגים,US,הוטפופ 100קלוריות,גרמים,160.00,100 גרם,false,,15.00,0.0938,true,1,36096
5706516110039,false,פופקורן למיקרוגל מופחת מלח הוטפופ 540 גרם,ליימן מותגים,US,הוטפופ מופחת שומן ונ,גרמים,540.00,100 גרם,false,,15.00,0.0278,true,1,121121
5711953106583,false,גבינת שמנת בטעם טבעי 200 גרם ארלה,ארלה פודס אמבה,DK,ארלה גבינת שמנת טבעי,גרמים,200.00,100 גרם,false,,14.90,0.0745,true,1,116540
5711953106590,false,גבינת שמנת ארלה שמנת שום 200 גרם,ארלה פודס אמבה,DK,ארלה גבינת שמנת שום,גרמים,200.00,100 גרם,false,,14.90,0.0745,true,1,116594
5711953106606,false,גבינת שמנת עם תבלינים ועשבי תיבול 23.5%,ארלה פודס אמבה,DK,ארלה גבינת שמנת עשבי,גרמים,200.00,100 גרם,false,,14.90,0.0745,true,1,116541
5711953148347,false,"גבינת שמנת טבעי ארלה, 300 גרם",ארלה,DK,גבינת שמנת ארלה 300,גרמים,300.00,100 גרם,false,,21.90,0.0730,false,1,190952
5740900403215,false,ממרח מחמאת לורפק עם מלח 250 ג',ארלה פודס אמבה,DK,ממרח מחמאת לורפק עם,גרמים,250.00,100 גרם,false,,16.90,0.0676,false,1,111608
5740900403222,false,ממרח לורפק חמאה עם מלח מופחת שומן 250 ג,ארלה פודס אמבה,DK,ממרח מחמאת לורפק עם,גרמים,250.00,100 גרם,false,,16.90,0.0676,false,1,111609
5740900403239,false,ממרח לורפק ללא תוספת מלח 250 גר,ארלה פודס אמבה,DK,ממרח מחמאת לורפק ללא,גרמים,250.00,100 גרם,false,,16.90,0.0676,false,1,111610
5740900403246,false,ממרח לורפק ללא תוספת מלח 500 גר,ארלה פודס אמבה,DK,ממרח מחמאת לורפק ללא,גרמים,500.00,100 גרם,false,,26.90,0.0538,false,1,111611
5740900403253,false,ממרח מחמאת לורפק עם מלח 500 ג',ארלה פודס אמבה,DK,ממרח מחמאת לורפק עם,גרמים,500.00,100 גרם,false,,26.90,0.0538,false,1,111612
5740900403260,false,ממרח מחמאת לורפק ללא מלח 27% פחות שומן,ארלה פודס אמבה,DK,ממרח לורפק ללא מלח 2,גרמים,250.00,100 גרם,false,,16.90,0.0676,false,1,111613
5900017062419,false,"ניוואה - תחליב רחצה ורדים ושמן שקדים 750 מ""ל",ביירסדורף,DE,ניוואה קרם רחצה ורדי,גרמים,750.00,100 גרם,false,,14.90,0.0199,true,1,125591
5900020012814,false,דגנים תפוחים בטעם שוקולד נסקוויק נסטלה 500 גרם,מיוצר עי קונדיטוריית,PL,נסקוויק דגני בוקר בט,גרמים,500.00,100 גרם,false,,19.90,0.0398,false,1,36709
5900020020710,false,נסטלה - קראנץ' שוקו וניל חטיף דגנים 25 גרם * 6,נסטלה פולין ברים,PL,קראנץ בר שוקו וניל 6,גרמים,150.00,100 גרם,false,,14.90,0.0993,false,1,64912
5900020024770,false,פיטנס - דליס חטיף דגנים שוקולד אגוז 22.50 גרם * 6,נסטלה פולין ברים,PL,חטיפי פיטנס בר דליס,גרמים,135.00,100 גרם,false,,14.90,0.1104,false,1,95946
5900020024817,false,פיטנס דליס Fitness Delice חטיף דגנים עם שוקולד לבן,נסטלה פולין ברים,PL,חטיפי פיטנס בר דליס,גרמים,135.00,100 גרם,false,,14.90,0.1104,false,1,95947
5900020025647,false,חטיף דגנים פיטנס שוקולד חלב 135 גרם מארז 6 יחידות,מיוצר עי קונדיטוריית,PL,חטיפי פיטנס בר דליס,גרמים,135.00,100 גרם,false,,14.90,0.1104,false,1,95949
5900020026552,false,דגני בוקר האני נאט צ'יריוס בטעם דבש ושקדים,נסטלה צרפת איטנקורט,FR,האני נאט ציריוס עידן,גרמים,625.00,100 גרם,false,,19.90,0.0318,false,1,99986
5900020032454,false,מארז חטיף פיטנס עוגיות 8 X 23.5 גרם,נסטלה פולין ברים,PL,פיטנס ברים חטיף עוגי,גרמים,188.00,100 גרם,false,,14.90,0.0793,true,1,125364
5900020032539,false,מארז חטיף פיטנס שוקולד 8 X 23.5 גרם,נסטלה פולין ברים,PL,פיטנס בר חטיף שוקולד,גרמים,188.00,100 גרם,false,,14.90,0.0793,true,1,125365
5900020033314,false,חטיף דגני בוקר Lion בטעם קרמל ושוקולד על קרם חלב,נסטלה פולין דגני בוק,PL,ליון חטיף דגנים 6*25,גרמים,150.00,100 גרם,false,,14.90,0.0993,false,1,111792
5900020034991,false,דגני בוקר צדפים בטעם שוקולד 450 ג' קראנץ',סי. פי. פולין,PL,קראנץ צדפים בטעם שוק,גרמים,450.00,100 גרם,false,,19.90,0.0442,false,1,117346
5900020036407,false,ליון דגני בוקר שוקולד וקרמל נסטלה 480 גרם,נסטלה פולין דגני בוק,PL,דגני בוקר שוקולד וקר,גרמים,480.00,100 גרם,false,,19.90,0.0415,false,1,119690
5900020037916,false,דגני בוקר שיבולת שועל צ'ריוס 375ג',ג'נרל מילס סאן אדריא,PL,צ'יריוס שיבולת שועל,גרמים,375.00,100 גרם,false,,16.90,0.0451,true,1,123210
5900020039132,false,שיבולת שועל בטעם תפוח קינמון צ'יריוס 320 ג',סי. פי. פולין,PL,צ'יריוס שיבולת שועל,גרמים,320.00,100 גרם,false,,16.90,0.0528,true,1,125433
5900020041142,false,קורנפלקס פיטנס 500 ג' אסם,נסטלה צרפת איטנקורט,PL,קורנפלקס פיטנס 500 ג,גרמים,500.00,100 גרם,false,,12.90,0.0258,false,1,191040
5900020041371,false,פיטנס חטיף שוקולד מריר ושקדים 23.50 גרם,נסטלה פולין ברים,PL,פיטנס חטיף שוקולד מר,גרמים,141.00,100 גרם,false,,14.90,0.1057,true,1,190156
5900627063233,false,טבליות למדיח הכל ב-1 פיניש מקס 50 יחידות,רקיט בנקיזר,PL,פיניש 50 טבליות AIO,יחידה,0.00,יחידה,false,,39.90,0.0000,true,1,100630
5900951020889,false,אוכל לחתולים ויסקס צ,ויסקס Whiskas,PL,ויסקס צ'יקן 400 גר',גרמים,400.00,100 גרם,false,,9.40,0.0235,true,1,95716
5901414200411,false,בלזן היט מיני ביסקוויט סנדוויץ' עם מילוי קרם בטעם שוקולד 130 גרם,ליימן שליסל,PL,עוגיות מיני היט,גרמים,130.00,100 גרם,false,,6.90,0.0531,true,1,9581
5902198160403,false,XL משקה אנרגיה מוגז ללא סוכר עד 10 קלוריות לפחית 250 מל,"טמפו משקאות בע""\מ",IL,"XL ten פחית 250 מ""ל",מיליליטרים,250.00,"100 מ""ל",false,,4.50,0.0180,false,1,105000
5903141006694,false,ווג פריזון מנטול עשירייה,Unknown,PL,פקט ווג פריזון מנטה,יחידה,0.00,יחידה,false,,362.00,0.0000,false,1,41612
5906485301012,false,"משקה אנרגיה XL פחית 250 מ""ל","טמפו משקאות בע""מ",IL,משקה אנרגיה אקסל,מיליליטרים,250.00,"100 מ""ל",false,,4.50,0.0180,false,1,18479
5948530002130,false,ווג סופרסלימס כחול עשירייה,Unknown,PL,פקט ווג ליידי כחול,יחידה,0.00,יחידה,false,,362.00,0.0000,false,1,55368
5997321701806,false,אבקה למניעת אבנית במכונת כביסה 2 ב-1,רקיט בנקיזר פולין,PL,"קלגון אבקה 1 ק""ג",קילוגרמים,1.00,"100 ק""ג",false,,29.90,29.9000,true,1,105841
5997321770307,false,ויט רצועות שעווה מוכנות לעור רגיש 12 יחידות,רקיט בנקיזר צרפת,FR,ויט רצועות שעווה לעו,יחידה,0.00,יחידה,false,,19.90,0.0000,true,1,110271
5998749108550,false,ויסקאס חטיף עוף וגבינה 60 ג',ויסקס Whiskas,HU,ויסקס טמפ צ'יקן צ'ז,גרמים,60.00,100 גרם,false,,10.90,0.1817,true,1,63915
5998749108574,false,חטיף בקר לחתולים 60 גרם וויסקס,ויסקס Whiskas,HU,ויסקס טמפ ביף 60 גר',גרמים,60.00,100 גרם,false,,10.90,0.1817,true,1,63916
5998749109113,false,פדיגרי דנטאסטיקס כלב לארג 270 גרם (7 יח') BP40S,פדיגרי Pedigree,HU,פדיגרי דנטה לארג' 27,גרמים,270.00,100 גרם,false,,18.90,0.0700,true,1,95720
5998749129746,false,ויסקאס אדולט בקר 1.4 קג,ויסקס,HU,ויסקס אדולט ביף 1.4,קילוגרמים,1.40,"ק""ג",false,,46.90,33.5000,true,1,100258
5998749129784,false,"ויסקס אדולט ציקן 1.4 ק""ג",,HU,ויסקס אדולט צ'יקן 1.,קילוגרמים,1.40,"ק""ג",false,,46.90,33.5000,true,1,100184
5998749139974,false,פדיגרי ג'אמבון לארג',,,פדיגרי ג'אמבון לארג',גרמים,180.00,100 גרם,false,,17.90,0.0994,true,1,187718
6001067017530,false,מברשת שיניים קולגייט לילדים מגיל שנתיים עד חמש 1 יחידה,יבואן ומשווק: ש. שסט,CN,קולגייט מברשת ילדים,יחידה,0.00,יחידה,false,,9.90,0.0000,true,1,62851
6009188004828,false,קיט קט צ'אנקי לבן 40 גרם,נסטלה בולגריה,BG,קיט קט צ'אנקי לבן,גרמים,40.00,100 גרם,false,,3.70,0.0925,true,1,190154
6111049000051,false,סרדין מרוקאי חריף 125 גר,U.P.A,MA,סרדין מרוקאי חריף,גרמים,90.00,100 גרם,false,,4.30,0.0478,true,1,62305
6111049000150,false,סרדין בשמן צמחי ולימון 125גר,אטלנטיק הום סרדינס א,MA,סרדינים בשמן צמחי עם,גרמים,90.00,100 גרם,false,,5.00,0.0556,true,1,62311
6111094000808,false,"קוסקוס דארי בינוני תומר 1 ק""ג + 10% תוספת",דארי קוספטה אל-זהרה,MA,קוסקוס דארי ביינוני,קילוגרמים,1.00,"ק""ג",false,,16.90,16.9000,true,1,106885
6253017300012,false,טחינה קראוון המקורית,אחדות ביחר לטחינה ח,IL,טחינה קראוון 450 גר',גרמים,450.00,100 גרם,false,,14.90,0.0331,true,1,94002
6253017300029,false,טחינה גולמית קרוואן,קרואן Karawan,,טחינה היונה 950 גר',גרמים,950.00,100 גרם,false,,29.90,0.0315,true,1,95267
6281001510390,false,מברשת שיניים לילדים אקסטרא סופט לגילאי 0-2,קולגייט-פלמוליב,CN,מברשת שיניים קולגייט,יחידה,0.00,יחידה,false,,9.90,0.0000,true,1,8032
6916954050098,false,יעה+גומי,,,יעה+גומי,יחידה,0.00,יחידה,false,,7.90,0.0000,true,1,188249
6920354822193,false,משחת שיניים נטורל הדרים אקליפטוס קולגייט 90 ג',קולגייט פלמוליב,PL,קולגייט נטורל משחת ש,יחידה,0.00,יחידה,false,,29.90,0.0000,true,1,126308
6920354822223,false,משחת שיניים נטורל גינגר קוקוס קולגייט 90 ג',קולגייט פלמוליב,PL,קולגייט נטורל משחת ש,יחידה,0.00,יחידה,false,,29.90,0.0000,true,1,126309
6924977250401,false,גרביים לגבר,,,גרביים לגבר,יחידה,0.00,יחידה,false,,8.90,0.0000,true,1,70432
6924977258544,false,גרביי גברים שלישיה,,,גרביי גברים שלישיה,יחידה,0.00,יחידה,false,,14.50,0.0000,true,1,60077
6934931267246,false,מצית גז להבה ארוך 26,,,מצט להבה לגז,יחידה,0.00,יחידה,false,,9.90,0.0000,true,1,187751
7046110064535,false,מארז זוג מברשת שיניים ג'ורדן ילדים 0-2,ג'ורדן Jordan,MY,מארז זוג מברשת שיניי,יחידה,0.00,יחידה,false,,19.90,0.0000,true,1,98316
7271730901261,false,ווקי מאק ארוחת אטריות עם גבינה 156 גרם,ניו וורלד פסטה קומפנ,US,פסטה גבינה וואקי מאק,גרמים,156.00,100 גרם,false,,10.90,0.0699,true,1,62350
7290000000001,false,עגבניות,,,עגבניות,קילוגרמים,1.00,"ק""ג",true,,7.90,7.9000,false,1,14231
7290000000002,false,לחם אחיד כהה 750 גרם,אנג'ל,IL,מלפפון,קילוגרמים,1.00,"ק""ג",true,,5.90,5.9000,false,1,14232
7290000000003,false,"תפו""א לבן ארוז",,,גזר,קילוגרמים,1.00,"ק""ג",true,,4.90,4.9000,true,1,14233
7290000000004,false,לחמניית אצבע עם נקני,,,חצילים,קילוגרמים,1.00,"ק""ג",true,,4.90,4.9000,true,1,14234
7290000000005,false,חלה רגילה 500 גרם.,,IL,פלפל נהריה,קילוגרמים,1.00,"ק""ג",true,,8.90,8.9000,true,1,13993
7290000000006,false,פלפל ירוק,,,פלפל ירוק,קילוגרמים,1.00,"ק""ג",true,,6.90,6.9000,true,1,14235
7290000000007,false,פלפל אדום,,,פלפל אדום,קילוגרמים,1.00,"ק""ג",true,,7.90,7.9000,true,1,13994
7290000000008,false,כרוב אדום,,,כרוב אדום,קילוגרמים,1.00,"ק""ג",true,,5.90,5.9000,true,1,14236
7290000000009,false,כרוב ירוק,,,כרוב ירוק,קילוגרמים,1.00,"ק""ג",true,,3.90,3.9000,true,1,14237
7290000000010,false,ארטיק קרח,,,כרובית,קילוגרמים,1.00,"ק""ג",true,,11.90,11.9000,true,1,14238
7290000000011,false,פלפל חריף,,,קישואים,קילוגרמים,1.00,"ק""ג",true,,5.90,5.9000,true,1,14239
7290000000012,false,פלפל אדום,,,סלק,קילוגרמים,1.00,"ק""ג",true,,5.90,5.9000,true,1,14240
7290000000013,false,פלפל ירוק,,,צנון,קילוגרמים,1.00,"ק""ג",true,,8.90,8.9000,true,1,14241
7290000000014,false,שעועית ירוקה,,,שעועית ירוקה,קילוגרמים,1.00,"ק""ג",true,,21.90,21.9000,true,1,14242
7290000000016,false,תפוחי אדמה לבן,,,תפוחי אדמה לבן,קילוגרמים,1.00,"ק""ג",true,,5.90,5.9000,true,1,14244
7290000000017,false,סלרי עלים,,,בצל יבש,קילוגרמים,1.00,"ק""ג",true,,4.90,4.9000,true,1,14245
7290000000018,false,שום יבש תפזורת,ירק הגליל,,שום יבש,קילוגרמים,1.00,"ק""ג",true,,19.90,19.9000,true,1,14246
7290000000019,false,חציל חממה,ריץ',,דלורית,קילוגרמים,1.00,"ק""ג",true,,6.90,6.9000,true,1,14247
7290000000020,false,חסה מהדרין,,,חסה מהדרין,יחידה,0.00,יחידה,false,,6.90,0.0000,true,1,14248
7290000000021,false,פטרוזיליה,,,פלפל חריף,קילוגרמים,1.00,"ק""ג",true,,5.90,5.9000,true,1,14249
7290000000022,false,סלרי עלים,,,סלרי עלים,יחידה,0.00,יחידה,false,,4.90,0.0000,true,1,14250
7290000000023,false,כוסברה יח',,,אבוקדו,קילוגרמים,1.00,"ק""ג",true,,8.90,8.9000,true,1,14251
7290000000024,false,תירס מקולף,,,תירס מקולף,קילוגרמים,1.00,"ק""ג",true,,11.90,11.9000,true,1,14252
7290000000025,false,ענב שחור עם גרעינים,,,קישואים עגולים,קילוגרמים,1.00,"ק""ג",true,,11.90,11.9000,true,1,14253
7290000000026,false,החזר פיקדון של מיחזור בקבוקים,,,אפרסמון,קילוגרמים,1.00,"ק""ג",true,,14.90,14.9000,true,1,14254
7290000000027,false,פומלה,,,דלעת,קילוגרמים,1.00,"ק""ג",true,,9.90,9.9000,true,1,14255
7290000000029,false,ענבים שחורים גדו,,,ענבים שחורים גדו,קילוגרמים,1.00,"ק""ג",true,,14.90,14.9000,true,1,14257
7290000000031,false,תפוח זהוב,,,בצל ירוק,יחידה,0.00,יחידה,false,,4.90,0.0000,true,1,14259
7290000000032,false,בטטה ירושלמית,,,בטטה ירושלמית,קילוגרמים,1.00,"ק""ג",true,,16.90,16.9000,true,1,14260
7290000000033,false,תפוח אדמה גורמה,,,תפוח אדמה גורמה,קילוגרמים,1.00,"ק""ג",true,,7.90,7.9000,true,1,14261
7290000000034,false,חסה ערבית,,,חסה,יחידה,0.00,יחידה,false,,5.90,0.0000,true,1,14262
7290000000035,false,תוספת שתיה בקירור,,,חסה עגולה,יחידה,0.00,יחידה,false,,5.90,0.0000,true,1,14263
7290000000036,false,כרוב סיני,,,כרוב סיני,יחידה,0.00,יחידה,false,,7.90,0.0000,true,1,14264
7290000000038,false,ברוקולי מגש,,,ברוקולי מגש,יחידה,0.00,יחידה,false,,9.90,0.0000,true,1,10263
7290000000041,false,סלק אדום,,,בטטה,קילוגרמים,1.00,"ק""ג",true,,7.90,7.9000,true,1,14266
7290000000045,false,תפוח אדמה אדום,,,תפוח אדמה אדום,קילוגרמים,1.00,"ק""ג",true,,5.90,5.9000,true,1,14269
7290000000047,false,חבילת נענע טריה,,,חבילת נענע טריה,יחידה,0.00,יחידה,false,,4.90,0.0000,true,1,14271
7290000000049,false,כרישה (לוף פראסה),,,כרישה (לוף פראסה),יחידה,0.00,יחידה,false,,5.90,0.0000,true,1,14272
7290000000050,false,שרי תמר,,,צנונית,יחידה,0.00,יחידה,false,,5.90,0.0000,true,1,14273
7290000000051,false,פלפל צהוב,,,פלפל צהוב,קילוגרמים,1.00,"ק""ג",true,,7.90,7.9000,true,1,14274
7290000000052,false,עגבניות שרי,,,עגבניות שרי,קילוגרמים,1.00,"ק""ג",true,,13.90,13.9000,true,1,10268
7290000000053,false,שזיף אירופי,,,אגס תפוח,קילוגרמים,1.00,"ק""ג",true,,14.90,14.9000,true,1,26573
7290000000054,false,פלפל כתום,,,פלפל כתום,קילוגרמים,1.00,"ק""ג",true,,7.90,7.9000,true,1,14276
7290000000055,false,סלק עלים,,,סלק עלים,יחידה,0.00,יחידה,false,,4.90,0.0000,true,1,14277
7290000000059,false,שעועית ירוקה,,,ברוקולי משקל,קילוגרמים,1.00,"ק""ג",true,,19.90,19.9000,true,1,14281
7290000000060,false,"מארז 5 פיתות ""סופר יודה""",,,תבלין טרי,יחידה,0.00,יחידה,false,,4.90,0.0000,true,1,10269
7290000000062,false,"תפו""א אדום ארוז",,,בצל אדום,קילוגרמים,1.00,"ק""ג",true,,6.90,6.9000,true,1,14283
7290000000063,false,קלמנטינה,,,קולורבי,קילוגרמים,1.00,"ק""ג",true,,5.90,5.9000,true,1,14284
7290000000064,false,לימון,,,לימון,קילוגרמים,1.00,"ק""ג",true,,7.90,7.9000,true,1,14285
7290000000065,false,אשכולית אדומה,,,אשכולית אדומה,קילוגרמים,1.00,"ק""ג",true,,6.90,6.9000,true,1,14286
7290000000067,false,ארטישוק ירושלמי,,,צנונית עלים,יחידה,0.00,יחידה,false,,5.90,0.0000,true,1,14288
7290000000068,false,פטריות ערד/פורטובלו,Unknown,,רימון טרי,קילוגרמים,1.00,"ק""ג",true,,11.90,11.9000,true,1,14289
7290000000070,false,פלפל שושקה ירוק/ אדו,,,פלפל שושקה ירוק/ אדו,קילוגרמים,1.00,"ק""ג",true,,15.90,15.9000,true,1,14291
7290000000072,false,תפוח עץ סטרקינג(חרמו,,,תפוח עץ סטרקינג(חרמו,קילוגרמים,1.00,"ק""ג",true,,9.90,9.9000,true,1,14293
7290000000073,false,סברס,,,סברס,קילוגרמים,1.00,"ק""ג",true,,39.90,39.9000,true,1,14294
7290000000074,false,תפוח עץ יונתן,,,תפוח עץ יונתן,קילוגרמים,1.00,"ק""ג",true,,11.90,11.9000,true,1,14295
7290000000075,false,תפוח עץ זהוב,מרינה פטריות הגליל,,תפוח עץ זהוב,קילוגרמים,1.00,"ק""ג",true,,9.90,9.9000,true,1,14296
7290000000077,false,משלוח הסתדרות-שליח פ,,,תפוח עץ גרנד (סמית),קילוגרמים,1.00,"ק""ג",true,,9.90,9.9000,true,1,14298
7290000000078,false,משלוח הסתדרות-שליח ח,,,מלון,קילוגרמים,1.00,"ק""ג",true,,6.90,6.9000,false,1,14299
7290000000080,false,טרגון ארוז,ביכורי שדה דרום 2002,,פסיפלורה,יחידה,0.00,יחידה,false,,34.90,0.0000,true,1,10629
7290000000081,false,אגסים,,,אגסים,קילוגרמים,1.00,"ק""ג",true,,12.90,12.9000,true,1,14301
7290000000084,false,קיוי,,,קיוי,קילוגרמים,1.00,"ק""ג",true,,11.90,11.9000,true,1,14304
7290000000085,false,ענבי טלי,,,שומר,קילוגרמים,1.00,"ק""ג",true,,5.90,5.9000,true,1,14305
7290000000086,false,תירס ארוז,,,ראש סלרי,יחידה,0.00,יחידה,false,,4.90,0.0000,true,1,14306
7290000000087,false,מנגולד-סלק עלים,,,אשכוליות,קילוגרמים,1.00,"ק""ג",true,,6.90,6.9000,true,1,14307
7290000000088,false,תפוזים,,,תפוזים,קילוגרמים,1.00,"ק""ג",true,,4.90,4.9000,true,1,14308
7290000000089,false,בננה,,,בננה,קילוגרמים,1.00,"ק""ג",true,,5.90,5.9000,true,1,14309
7290000000091,false,דמי משלוח - אתר אינטרנט,,,לפת,קילוגרמים,1.00,"ק""ג",true,,7.90,7.9000,true,1,14311
7290000000092,false,פומלה לבנה,,,פומלה לבנה,קילוגרמים,1.00,"ק""ג",true,,7.90,7.9000,true,1,14312
7290000000093,false,משלוח קו קופה טלפוני,,,ענבים שחורים קטן,קילוגרמים,1.00,"ק""ג",true,,14.90,14.9000,true,1,14313
7290000000095,false,מלפפון בייבי,,,ענה תפוח עץ,קילוגרמים,1.00,"ק""ג",true,,3.99,3.9900,true,1,14315
7290000000096,false,משלוח תוספת ארגז אקס,,,מנגו,קילוגרמים,1.00,"ק""ג",true,,19.90,19.9000,true,1,14316
7290000000097,false,חבושים,,,חבושים,קילוגרמים,1.00,"ק""ג",true,,14.90,14.9000,true,1,14317
7290000000098,false,קרמבולה,,,מנגו,קילוגרמים,1.00,"ק""ג",true,,19.90,19.9000,true,1,14318
7290000000099,false,שורש פטרוזיליה,,,שורש פטרוזיליה,יחידה,0.00,יחידה,false,,4.90,0.0000,true,1,14319
7290000000100,false,אבוקדו האס,,,ירק,יחידה,0.00,יחידה,false,,3.90,0.0000,true,1,14320
7290000000103,false,חלה רגילה,ביכורי השקמה,,דבדבן טרי,קילוגרמים,1.00,"ק""ג",true,,39.90,39.9000,true,1,14322
7290000000106,false,אנונה,ביכורי השקמה,,אנונה,קילוגרמים,1.00,"ק""ג",true,,17.90,17.9000,true,1,14323
7290000000107,false,קישוא ירוק,ביכורי השקמה,,גזר תפזורת,קילוגרמים,1.00,"ק""ג",true,,4.90,4.9000,true,1,14324
7290000000108,false,קישואים זוקיני,ביכורי השקמה,,קישואים זוקיני,קילוגרמים,1.00,"ק""ג",true,,11.90,11.9000,true,1,10271
7290000000109,false,כרוב לבן,ביכורי השקמה,,תותים,גרמים,500.00,100 גרם,false,,19.90,0.0398,true,1,10212
7290000000110,false,כרוב אדום,ביכורי השקמה,,קלמנטינה,קילוגרמים,1.00,"ק""ג",true,,5.90,5.9000,true,1,14325
7290000000112,false,ברוקומיני,ביכורי השקמה,,ארטישוק,קילוגרמים,1.00,"ק""ג",true,,19.90,19.9000,true,1,14326
7290000000114,false,תפוח עץ סטרקינג (אדו,ביכורי השקמה,,פפיה טרי,קילוגרמים,1.00,"ק""ג",true,,19.90,19.9000,true,1,14327
7290000000115,false,תפוח עץ מוזהב,ביכורי השקמה,,סנדוויץ,יחידה,0.00,יחידה,false,,3.00,0.0000,false,1,43170
7290000000117,false,עגבניות שרי תמר,ביכורי השקמה,,עגבניות שרי תמר,קילוגרמים,1.00,"ק""ג",true,,19.90,19.9000,true,1,10272
7290000000118,false,גזר תפזורת,ביכורי השקמה,,פיג'ויה,קילוגרמים,1.00,"ק""ג",true,,29.90,29.9000,true,1,14328
7290000000122,false,תפוח עץ פינק בראשית,ביכורי השקמה,,תפוח עץ פינק בראשית,קילוגרמים,1.00,"ק""ג",true,,13.90,13.9000,true,1,14223
7290000000123,false,חסה רגילה,ביכורי השקמה,,קונכיה 500,יחידה,0.00,יחידה,false,,1.00,0.0000,true,1,9421
7290000000125,false,פטרוזיליה (בתפזורת),ביכורי השקמה,,ירק מהדרין,יחידה,0.00,יחידה,false,,5.90,0.0000,true,1,10274
7290000000126,false,כוסברה (בתפזורת),ביכורי השקמה,,תפוזים ברשת,קילוגרמים,1.00,"ק""ג",true,,3.90,3.9000,true,1,14329
7290000000127,false,"קמח אחיד שטיבל 25 ק""",אדמה,,ג'ינג'ר טרי במשקל,קילוגרמים,1.00,"ק""ג",true,,29.90,29.9000,true,1,10275
7290000000130,false,"תפ""א אדום תפזורת",ביכורי השקמה,,"תפ""א אדום תפזורת",קילוגרמים,1.00,"ק""ג",true,,6.90,6.9000,true,1,10278
7290000000138,false,גויאבה,ביכורי השקמה,,גויאבה,קילוגרמים,1.00,"ק""ג",true,,17.90,17.9000,true,1,14331
7290000000145,false,דלעת ערמונים,,,דלעת ערמונים,קילוגרמים,1.00,"ק""ג",true,,14.90,14.9000,true,1,31449
7290000000147,false,פטריות שמפיניון במשק,ביכורי השקמה,,פטריות שמפיניון במשק,קילוגרמים,1.00,"ק""ג",true,,34.90,34.9000,true,1,10285
7290000000157,false,שום טרי עלים חתוך,ביכורי השקמה,,שום טרי עלים חתוך,קילוגרמים,1.00,"ק""ג",true,,19.90,19.9000,true,1,14121
7290000000161,false,חציל בלאדי,ביכורי השקמה,,חציל בלאדי,קילוגרמים,1.00,"ק""ג",true,,5.90,5.9000,true,1,7012
7290000000165,false,מנגולד עלי סלק,אדמה,,אננס,יחידה,0.00,יחידה,false,,34.90,0.0000,true,1,10288
7290000000167,false,שרי מנומר/צהוב,ביכורי השקמה,,שרי מנומר/צהוב,קילוגרמים,1.00,"ק""ג",true,,19.90,19.9000,true,1,14332
7290000000168,false,פלפל צהוב,ביכורי השקמה,,קרמבולה,קילוגרמים,1.00,"ק""ג",true,,34.90,34.9000,true,1,14333
7290000000169,false,תפוח אדמה לאפיה,ביכורי שדה דרום 2002,,עגבניות תמר,קילוגרמים,1.00,"ק""ג",true,,7.90,7.9000,false,1,14334
7290000000172,false,קוקטייל צמחי בית קער,,,קוקטייל צמחי בית קער,יחידה,0.00,יחידה,false,,34.90,0.0000,true,1,93955
7290000000175,false,עציץ היפואסטס,ביכורי השקמה,,עציץ היפואסטס,יחידה,0.00,יחידה,false,,11.90,0.0000,true,1,93956
7290000000183,false,פטאיה,ביכורי השקמה,,פטאיה,קילוגרמים,1.00,"ק""ג",true,,34.90,34.9000,true,1,43212
7290000000184,false,עגבניות מגי,ביכורי השקמה,,עגבניות מגי,קילוגרמים,1.00,"ק""ג",true,,16.90,16.9000,true,1,98666
7290000000189,false,תפוח עץ גלה רויאל,ביכורי השקמה,,תפוח עץ גלה רויאל,קילוגרמים,1.00,"ק""ג",true,,9.90,9.9000,true,1,22338
7290000000195,false,תמר צהוב,ביכורי השקמה,,תפוז דם,קילוגרמים,1.00,"ק""ג",true,,6.90,6.9000,true,1,97915
7290000000218,false,שקית אריזה בקופות,,,שקית אריזה בקופות,יחידה,0.00,יחידה,false,,0.10,0.0000,false,1,102294
7290000000220,false,נקניקיות קיבוצניה,ישרקו שיווק מותגי מז,,שתיה קרה 5 1 ל'.,יחידה,0.00,יחידה,false,,11.00,0.0000,false,1,29553
7290000000221,false,נקניק קרוביאנקה,ישרקו שיווק מותגי מז,,מים קרים 5 1 ל'.,יחידה,0.00,יחידה,false,,5.50,0.0000,true,1,107587
7290000000222,false,וטצינה מוסקובסקיה,ישרקו שיווק מותגי מז,,מים קרים 2 1 ל'/,יחידה,0.00,יחידה,false,,4.00,0.0000,false,1,107588
7290000000294,false,סופגניה מיני בונזור,בונז'ור,,סופגניה מיני בונזור,יחידה,0.00,יחידה,false,,2.50,0.0000,true,1,32313
7290000000305,false,בייגלה,בונז'ור,,בייגלה,יחידה,0.00,יחידה,false,,5.00,0.0000,true,1,20615
7290000000310,false,עלי חסה רומית ארוז,בונז'ור,,סופגניה גדולה,גרמים,48.00,100 גרם,false,,3.00,0.0625,true,1,14350
7290000000314,false,לחם שחור,מאפיית דוידוביץ ובני,,לחם שחור,יחידה,0.00,יחידה,false,,6.96,0.0000,false,1,13167
7290000000315,false,לחמניה קטנה,ביכורי השקמה,,לחמניה קטנה,גרמים,75.00,100 גרם,false,,1.50,0.0200,false,1,10493
7290000000316,false,לחמניה גדולה,,,לחמניה גדולה,יחידה,0.00,יחידה,false,,2.70,0.0000,false,1,13168
7290000000318,false,שוקו קר/חם קטן,מאפיית דוידוביץ ובני,,חלה רגילה,יחידה,0.00,יחידה,false,,5.90,0.0000,false,1,13169
7290000000350,false,סלט כבד קצוץ בשרי,,,סלט כבד קצוץ בשרי,קילוגרמים,1.00,"ק""ג",true,,99.90,99.9000,true,1,13255
7290000000367,false,סלט פטריות חמות,יד המלך,,סלט פטריות חמות,קילוגרמים,1.00,"ק""ג",true,,79.90,79.9000,true,1,12693
7290000000374,true,פטריות טריות,,,פטריות טריות,,0.00,,false,,8.90,0.0000,true,1,123116
7290000000411,false,שום יבש יבוא רמי לוי,אראל תוצרת חקלאית בע,IL,מארז שום רביעייה,יחידה,0.00,יחידה,false,,4.00,0.0000,true,1,64649
7290000000435,false,סלרי עלים יח',יד המלך,,חומוס ביתי,קילוגרמים,1.00,"ק""ג",true,,36.90,36.9000,true,1,12706
7290000000440,false,פסטרמה מחולקת,"ולדמן ביח""ר לנקניק ו",,בק ריק,יחידה,0.00,יחידה,false,,1.20,0.0000,false,1,18483
7290000000471,false,חבילת שיבה טרייה,"ולדמן ביח""ר לנקניק ו",,חבילת שיבה טרייה,יחידה,0.00,יחידה,false,,4.90,0.0000,true,1,118118
7290000000500,false,פריזר רוסי גדול,מעדני מניה תעשיות בש,,זר פרחים,יחידה,0.00,יחידה,false,,25.00,0.0000,true,1,12949
7290000000511,false,גולן פרוס,מעדני מניה תעשיות בש,,זר פרחים,יחידה,0.00,יחידה,false,,50.00,0.0000,true,1,112636
7290000000514,false,קרטון טרופית הכוכב (,מעדני מניה תעשיות בש,,קרטון טרופית הכוכב (,ליטרים,10.00,ליטר,false,,39.90,3.9900,false,1,20761
7290000000555,false,זר כפרי,מעדני מניה תעשיות בש,,זר כפרי,יחידה,0.00,יחידה,false,,35.00,0.0000,true,1,56995
7290000000558,false,כוסברה ארוז,מעדני מניה תעשיות בש,,סלט טורקי,קילוגרמים,1.00,"ק""ג",true,,56.90,56.9000,true,1,12709
7290000000565,false,חמוצים סיני במשקל תפ,,,חמוצים סיני במשקל תפ,קילוגרמים,1.00,"ק""ג",true,,22.90,22.9000,true,1,19355
7290000000573,false,נקניק קייבסקיה,מעדני מניה תעשיות בש,,זר פרחים,יחידה,0.00,יחידה,false,,30.00,0.0000,true,1,32120
7290000000589,false,לקרדה פרוסה בשמן,מעדני מניה תעשיות בש,,לקרדה פרוסה בשמן,קילוגרמים,1.00,"ק""ג",true,,124.90,124.9000,true,1,60608
7290000000590,false,זר פרחים גדול,מעדני מניה תעשיות בש,,זר פרחים גדול,יחידה,0.00,יחידה,false,,40.00,0.0000,true,1,36132
7290000000600,false,סלמי רוונה,קרלברג ייצור ושיווק,,דמי משלוח,יחידה,0.00,יחידה,false,,30.00,0.0000,false,1,12712
7290000000604,false,בקבוק סודה קטן קר,,,בקבוק סודה קטן קר,יחידה,0.00,יחידה,false,,5.00,0.0000,false,1,109904
7290000000608,false,פחית שתיה קרה,קרלברג ייצור ושיווק,,פחית שתיה קרה,יחידה,0.00,יחידה,false,,7.00,0.0000,true,1,5600
7290000000609,false,בק' שתיה קרה 0.5ל,קוקה קולה,,בק' שתיה קרה 0.5ל,יחידה,0.00,יחידה,false,,9.00,0.0000,true,1,5602
7290000000611,false,פריזר סליבוצניה,נסטי,,XL / בלו קר,יחידה,0.00,יחידה,false,,5.00,0.0000,true,1,24723
7290000000640,false,הודו פרפר רגיל/פלפל/,קרלברג ייצור ושיווק,,סל פוליצר,יחידה,0.00,יחידה,false,,3.90,0.0000,false,1,29539
7290000000700,false,הכנת הזמנה ללא משלוח,,,הכנת הזמנה ללא משלוח,יחידה,0.00,יחידה,false,,15.00,0.0000,false,1,31420
7290000000710,false,מגש משקה אקסל 24 יח',XL,,מגש משקה אקסל 24 יח',יחידה,0.00,יחידה,false,,84.90,0.0000,false,1,33957
7290000000820,false,פסטרמה הודו גחלים טי,בונז'ור,,סופגניה גדולה,יחידה,0.00,יחידה,false,,3.00,0.0000,false,1,14353
7290000000842,false,באגט,בונז'ור,,באגט,יחידה,0.00,יחידה,false,,5.90,0.0000,true,1,14354
7290000000855,false,חצי בגט,בונז'ור,,חצי בגט,יחידה,0.00,יחידה,false,,3.00,0.0000,true,1,14355
7290000000940,false,ערמונים,,,ערמונים,קילוגרמים,1.00,"ק""ג",true,,14.90,14.9000,true,1,11436
7290000001008,false,גביע 270 שקוף,,,גביע 270 שקוף,יחידה,0.00,יחידה,false,,0.50,0.0000,true,1,36010
7290000001009,false,לאבנה 9% טרה 250גר+ק,,,גביע 500,יחידה,0.00,יחידה,false,,1.00,0.0000,true,1,11850
7290000001042,false,נר ריחני זכוכית מט א,מעדני מניה תעשיות בש,,מכסה מודפס,יחידה,0.00,יחידה,false,,0.30,0.0000,true,1,20047
7290000001272,false,ירכיים עוף טרי תפזור,,,ירכיים עוף טרי תפזור,קילוגרמים,1.00,"ק""ג",true,,25.90,25.9000,false,1,9027
7290000001289,false,שוקיים עוף טרי,,,שוקיים עוף טרי,קילוגרמים,1.00,"ק""ג",true,,27.90,27.9000,false,1,9028
7290000001388,false,חזה עוף גוש,,,חזה עוף גוש,קילוגרמים,1.00,"ק""ג",true,,31.90,31.9000,false,1,9030
7290000001470,false,קייזר כפול מחולק בוו,"ולדמן ביח""ר לנקניק ו",,סלמון טרי שלם,קילוגרמים,1.00,"ק""ג",true,,75.00,75.0000,false,1,64811
7290000001524,false,שוק מפורק+חזה הודו (,מעדני מניה תעשיות בש,IL,שוק מפורק+חזה הודו (,קילוגרמים,1.00,"ק""ג",true,,45.00,45.0000,false,1,9031
7290000001555,false,עוף ללא עצמות,,,עוף ללא עצמות,קילוגרמים,1.00,"ק""ג",true,,25.90,25.9000,false,1,24109
7290000001579,false,סלרי מהדרין קטיף טרי,ביכורי השקמה,IL,סלרי גוש קטיף,יחידה,0.00,יחידה,false,,6.00,0.0000,true,1,20596
7290000001722,false,ג'ינג'ר דל סוכר תפזו,,,ג'ינג'ר דל סוכר תפזו,קילוגרמים,1.00,"ק""ג",true,,48.00,48.0000,true,1,70405
7290000001746,false,פומלית,,,פומלית,קילוגרמים,1.00,"ק""ג",true,,6.90,6.9000,true,1,14338
7290000001753,false,עוף טרי שלם,,,עוף טרי שלם,קילוגרמים,1.00,"ק""ג",true,,16.90,16.9000,false,1,62821
7290000001777,false,שישליק הודו,,,שישליק הודו,קילוגרמים,1.00,"ק""ג",true,,32.90,32.9000,false,1,19483
7290000001784,false,סלמון הילטון,,,סלמון הילטון,קילוגרמים,1.00,"ק""ג",true,,210.00,210.0000,true,1,33302
7290000001807,false,דג דניס טרי,,,דג דניס טרי,קילוגרמים,1.00,"ק""ג",true,,57.90,57.9000,false,1,22548
7290000001883,false,מארז 2 חלות בריוש,,,מארז 2 חלות בריוש,יחידה,0.00,יחידה,false,,10.90,0.0000,true,1,190852
7290000001944,false,חמוציות ברכז חתוך,,,חמוציות ברכז חתוך,קילוגרמים,1.00,"ק""ג",true,,56.00,56.0000,true,1,36922
7290000001951,false,כנפיים עוף טריות נקי,,,כנפיים עוף טריות נקי,קילוגרמים,1.00,"ק""ג",true,,12.90,12.9000,false,1,56791
7290000001982,false,2 סופגניות מיני,אראל תוצרת חקלאית בע,IL,2 סופגניות מיני,יחידה,0.00,יחידה,false,,6.00,0.0000,true,1,186035
7290000001999,false,3 סופגניות מיני,,,3 סופגניות מיני,יחידה,0.00,יחידה,false,,9.00,0.0000,true,1,186036
7290000002019,false,גבינה טורקיז לאזור ע,Lazur,,4 סופגניות מיני,יחידה,0.00,יחידה,false,,12.00,0.0000,true,1,186037
7290000002125,false,מארז 3 סופגניות גדול,,,מארז 3 סופגניות גדול,יחידה,0.00,יחידה,false,,15.00,0.0000,true,1,186906
7290000002132,false,מארז 2 סופגניות גדול,,,מארז 2 סופגניות גדול,יחידה,0.00,יחידה,false,,10.00,0.0000,true,1,186983
7290000002149,false,מארז 4 סופגניות גדול,,,מארז 4 סופגניות גדול,יחידה,0.00,יחידה,false,,20.00,0.0000,true,1,186984
7290000002255,false,תחליף גבינה רוסייסקי,,,לחם קל 750 ג',גרמים,750.00,100 גרם,false,,19.90,0.0265,true,1,190889
7290000002286,false,גבינה קפלוטירי יווני,,,מארז 5 לחמניות עגול,יחידה,0.00,יחידה,false,,11.90,0.0000,true,1,190891
7290000002526,false,משחות שיניים קולגייט,,,משחות שיניים קולגייט,יחידה,0.00,יחידה,false,,9.90,0.0000,true,1,189987
7290000003078,false,עוף מוקפץ בסגנון סינ,,,עוף מוקפץ בסגנון סינ,קילוגרמים,1.00,"ק""ג",true,,59.00,59.0000,false,1,62932
7290000003528,false,סלט טונה לבן/ אדום,,,סלט טונה לבן/ אדום,קילוגרמים,1.00,"ק""ג",true,,84.90,84.9000,true,1,104075
7290000003535,false,סלט טבולה,יד המלך,,סלט טבולה,קילוגרמים,1.00,"ק""ג",true,,56.90,56.9000,true,1,62474
7290000003542,false,סלט ביצים,,,סלט ביצים,קילוגרמים,1.00,"ק""ג",true,,76.90,76.9000,true,1,104079
7290000003580,false,בולגרית / פטה קוביות,,,בולגרית / פטה קוביות,קילוגרמים,1.00,"ק""ג",true,,109.90,109.9000,true,1,70736
7290000003597,false,סלט חציל מיונז על הא,יד המלך,,סלט חציל מיונז על הא,קילוגרמים,1.00,"ק""ג",true,,56.90,56.9000,true,1,104078
7290000003603,false,סלט חציל סטייק,יד המלך,,סלט חציל סטייק,קילוגרמים,1.00,"ק""ג",true,,56.90,56.9000,true,1,104146
7290000003610,false,סלט חציל רומני,,,סלט חציל רומני,קילוגרמים,1.00,"ק""ג",true,,56.90,56.9000,true,1,104076
7290000003627,false,סלט חציל יווני,יד המלך,,סלט חציל יווני,קילוגרמים,1.00,"ק""ג",true,,56.90,56.9000,true,1,104074
7290000003641,false,סלט מטבוחה ביתי,יד המלך,,סלט מטבוחה ביתי,קילוגרמים,1.00,"ק""ג",true,,59.90,59.9000,true,1,104098
7290000003689,false,סלט קול סלו,יד המלך,,סלט קול סלו,קילוגרמים,1.00,"ק""ג",true,,39.90,39.9000,true,1,104251
7290000003696,false,שניצל מטוגן,,,שניצל מטוגן,קילוגרמים,1.00,"ק""ג",true,,75.00,75.0000,false,1,62947
7290000003702,false,"סלט תפ""א רוסי",,,"סלט תפ""א רוסי",קילוגרמים,1.00,"ק""ג",true,,56.90,56.9000,true,1,84804
7290000003764,false,טחינה לבנה,,,טחינה לבנה,קילוגרמים,1.00,"ק""ג",true,,36.90,36.9000,true,1,104181
7290000003788,false,סלט פטריות מקסיקני,יד המלך,,סלט פטריות מקסיקני,קילוגרמים,1.00,"ק""ג",true,,69.90,69.9000,true,1,104431
7290000003801,false,סלט אבוקדו,יד המלך,,סלט אבוקדו,קילוגרמים,1.00,"ק""ג",true,,84.90,84.9000,true,1,104099
7290000003825,false,סלט כרוב סיני,יד המלך,,סלט כרוב סיני,קילוגרמים,1.00,"ק""ג",true,,39.90,39.9000,true,1,104100
7290000003849,false,סלסה,יד המלך,,סלסה,קילוגרמים,1.00,"ק""ג",true,,56.90,56.9000,true,1,104101
7290000003900,false,סלט חציל טעם כבד,יד המלך,,סלט חציל טעם כבד,קילוגרמים,1.00,"ק""ג",true,,79.90,79.9000,true,1,104451
7290000003955,false,חציל סביח,,,חציל סביח,קילוגרמים,1.00,"ק""ג",true,,69.90,69.9000,true,1,104104
7290000003962,false,סלט מסאייר/ירקות סינ,,,סלט מסאייר/ירקות סינ,קילוגרמים,1.00,"ק""ג",true,,52.90,52.9000,true,1,104105
7290000004006,false,קאשקבל משולשים גד 26,,,סופגניה קטנה,יחידה,0.00,יחידה,false,,2.50,0.0000,true,1,21244
7290000004051,false,לימון כבוש במשקל,יד המלך,,לימון כבוש במשקל,קילוגרמים,1.00,"ק""ג",true,,64.90,64.9000,true,1,29387
7290000004310,false,מנגו דל סוכר,יד המלך,,טחינה ירוקה,קילוגרמים,1.00,"ק""ג",true,,36.90,36.9000,true,1,104169
7290000004983,false,לאבנה גד 5% במשקל,,,אמנון ענק טרי,קילוגרמים,1.00,"ק""ג",true,,29.90,29.9000,false,1,97395
7290000005522,false,סלט חצילים,,,סלט חצילים,קילוגרמים,1.00,"ק""ג",true,,42.90,42.9000,true,1,104107
7290000005539,false,כרוב אדום,צבר,,כרוב אדום,קילוגרמים,1.00,"ק""ג",true,,39.90,39.9000,true,1,104102
7290000005546,false,סחוג אדום/ ירוק,יד המלך,,סחוג אדום/ ירוק,קילוגרמים,1.00,"ק""ג",true,,49.90,49.9000,true,1,104103
7290000005577,false,איקרה לבנה,,,איקרה לבנה,קילוגרמים,1.00,"ק""ג",true,,69.90,69.9000,true,1,23647
7290000005614,false,חומוס מעדניה צבר,צבר,,חומוס מעדניה צבר,קילוגרמים,1.00,"ק""ג",true,,19.90,19.9000,true,1,104184
7290000005638,false,בוטנים קלויים בקליפה,,,סלט תירס,קילוגרמים,1.00,"ק""ג",true,,54.90,54.9000,true,1,189762
7290000005676,false,זיתים שחורים במשקל,,,זיתים שחורים במשקל,קילוגרמים,1.00,"ק""ג",true,,49.90,49.9000,true,1,22854
7290000005683,false,זיתים ירוקים במשקל,,,זיתים ירוקים במשקל,קילוגרמים,1.00,"ק""ג",true,,49.90,49.9000,true,1,22861
7290000005706,false,זיתים שחורים טבעי במ,,,זיתים שחורים טבעי במ,קילוגרמים,1.00,"ק""ג",true,,49.90,49.9000,true,1,22855
7290000005708,false,קוקטייל זיתים יווני,,,קוקטייל זיתים יווני,קילוגרמים,1.00,"ק""ג",true,,49.90,49.9000,true,1,64963
7290000005713,false,זיתים סורים במשקל,,,זיתים סורים במשקל,קילוגרמים,1.00,"ק""ג",true,,49.90,49.9000,true,1,22859
7290000005737,false,לקרדה שלמה,,,לקרדה שלמה,קילוגרמים,1.00,"ק""ג",true,,79.90,79.9000,true,1,5569
7290000005812,false,חלבה נוגט ח. נוכרי,השחר העולה,,חלבה נוגט ח. נוכרי,קילוגרמים,1.00,"ק""ג",true,,39.90,39.9000,true,1,17380
7290000005867,false,דג מטיאס,,,דג מטיאס,קילוגרמים,1.00,"ק""ג",true,,59.90,59.9000,true,1,7400
7290000005898,false,דג כבוש,,,דג כבוש,קילוגרמים,1.00,"ק""ג",true,,59.90,59.9000,true,1,19360
7290000006000,false,מאפים במישקל,,,מאפים במישקל,קילוגרמים,1.00,"ק""ג",true,,44.90,44.9000,true,1,24763
7290000006031,false,מארז חמש מיני סופגני,,,מארז חמש מיני סופגני,יחידה,0.00,יחידה,false,,16.90,0.0000,true,1,121932
7290000006086,false,לחם מחמצת מאפיה,,,לחם מחמצת מאפיה,יחידה,0.00,יחידה,false,,17.90,0.0000,true,1,101824
7290000006093,false,לחמנית המבורגר,,,לחמנית המבורגר,יחידה,0.00,יחידה,false,,4.00,0.0000,true,1,101827
7290000006178,false,חלה מסעדות,,,חלה מסעדות,יחידה,0.00,יחידה,false,,4.50,0.0000,true,1,101825
7290000006185,false,חלה מתוקה / רגילה,,,חלה מתוקה / רגילה,יחידה,0.00,יחידה,false,,12.90,0.0000,true,1,101826
7290000006222,false,בייגלה,,,בייגלה,יחידה,0.00,יחידה,false,,5.00,0.0000,true,1,101828
7290000006246,false,בגט רגיל / כפרי,,,בגט רגיל / כפרי,יחידה,0.00,יחידה,false,,5.90,0.0000,true,1,101836
7290000006253,false,חצי בגט,,,חצי בגט,יחידה,0.00,יחידה,false,,3.50,0.0000,true,1,101830
7290000006307,false,לחמנייה כפרית / דגני,,,לחמנייה כפרית / דגני,יחידה,0.00,יחידה,false,,4.00,0.0000,true,1,101832
7290000006376,false,גבינה מסקרפונה,,,מארז פיתות,יחידה,0.00,יחידה,false,,10.90,0.0000,true,1,121736
7290000006406,false,סופגניה רגיל /דונטס,,,סופגניה רגיל /דונטס,יחידה,0.00,יחידה,false,,5.00,0.0000,true,1,101833
7290000006512,false,עוגיות קוקיס / אמפנד,,,עוגיות קוקיס / אמפנד,קילוגרמים,1.00,"ק""ג",true,,55.90,55.9000,true,1,101906
7290000006574,false,סופגניה מיני,,,סופגניה מיני,יחידה,0.00,יחידה,false,,3.00,0.0000,true,1,102121
7290000006598,false,לחם מרוקאי / פוקאצ',,,לחם מרוקאי / פוקאצ',יחידה,0.00,יחידה,false,,14.90,0.0000,true,1,102177
7290000006637,false,לחמניה שמיניה,,,לחמניה שמיניה,יחידה,0.00,יחידה,false,,3.50,0.0000,true,1,118382
7290000006703,false,מארז שלוש לחמניה שמי,,,מארז שלוש לחמניה שמי,יחידה,0.00,יחידה,false,,10.00,0.0000,true,1,28696
7290000006758,false,מארז חמש מיני חליות,,,מארז חמש מיני חליות,יחידה,0.00,יחידה,false,,10.90,0.0000,true,1,117498
7290000006820,false,מצית חד פעמי,,,מצית חד פעמי,יחידה,0.00,יחידה,false,,4.90,0.0000,true,1,20142
7290000006901,false,לחמניית המבורגר רביע,,,לחמניית המבורגר רביע,יחידה,0.00,יחידה,false,,16.90,0.0000,true,1,121514
7290000006925,false,בייגלה מארז שלישייה,,,בייגלה מארז שלישייה,יחידה,0.00,יחידה,false,,12.90,0.0000,true,1,103498
7290000006949,false,מארז זוג כריך רוסטיק,,,מארז זוג כריך רוסטיק,יחידה,0.00,יחידה,false,,10.00,0.0000,true,1,103926
7290000006994,false,פקאן מסוכר,,,פקאן מסוכר,קילוגרמים,1.00,"ק""ג",true,,100.00,100.0000,true,1,39881
7290000007052,false,זיתים חרוזית במשקל,,,זיתים חרוזית במשקל,קילוגרמים,1.00,"ק""ג",true,,49.90,49.9000,true,1,22858
7290000007076,false,לחם מחמצת בלקן,,,לחם מחמצת בלקן,יחידה,0.00,יחידה,false,,18.90,0.0000,true,1,189849
7290000007083,false,לימונים כבושים,יד המלך,,לימונים כבושים,קילוגרמים,1.00,"ק""ג",true,,29.90,29.9000,true,1,94157
7290000007090,false,פלפל שיפקה במשקל,,,פלפל שיפקה במשקל,קילוגרמים,1.00,"ק""ג",true,,49.90,49.9000,true,1,22853
7290000007106,false,זיתים שחורים יבשים ב,,,זיתים שחורים יבשים ב,קילוגרמים,1.00,"ק""ג",true,,49.90,49.9000,true,1,22856
7290000007108,false,סנטה ענק מבוקע במשקל,,,סנטה ענק מבוקע במשקל,קילוגרמים,1.00,"ק""ג",true,,49.90,49.9000,true,1,27961
7290000007113,false,קראנץ' עוגת ביסקוטי,,,קראנץ' עוגת ביסקוטי,יחידה,0.00,יחידה,false,,44.90,0.0000,true,1,189592
7290000007120,false,זיתים שחורים קלמטה ב,,,זיתים שחורים קלמטה ב,קילוגרמים,1.00,"ק""ג",true,,49.90,49.9000,true,1,22860
7290000007199,false,צימוק אוזבקי,,,צימוק אוזבקי,קילוגרמים,1.00,"ק""ג",true,,60.00,60.0000,true,1,122506
7290000007809,false,מארז זוג פרנה עגולה,,,מארז זוג פרנה עגולה,יחידה,0.00,יחידה,false,,10.00,0.0000,true,1,121976
7290000007922,false,פוקאצ'ה אישית,,,פוקאצ'ה אישית,יחידה,0.00,יחידה,false,,7.90,0.0000,true,1,109438
7290000007977,false,מארז 5 מיני סופגניה,,,מארז 5 מיני סופגניה,יחידה,0.00,יחידה,false,,12.90,0.0000,true,1,121877
7290000008004,false,לחמניה סוגים שונים,קונדיטוריית ברטה- הו,,עוגיות שמרים חלבי,קילוגרמים,1.00,"ק""ג",true,,44.90,44.9000,true,1,19181
7290000008011,false,קרנץ שוקולד חלבי,קונדיטוריית ברטה- הו,,קרנץ שוקולד חלבי,יחידה,0.00,יחידה,false,,36.90,0.0000,true,1,5583
7290000008059,false,"שטרודל תפו""ע/ גבינה",קונדיטוריית ברטה- הו,,"שטרודל תפו""ע/ גבינה",קילוגרמים,1.00,"ק""ג",true,,44.90,44.9000,true,1,5587
7290000008066,false,קפלך אגוז חלבי,קונדיטוריית ברטה- הו,,קפלך אגוז חלבי,קילוגרמים,1.00,"ק""ג",true,,71.90,71.9000,true,1,5588
7290000008080,false,מארז 4 לחמניות המבור,קונדיטוריית ברטה- הו,IL,פחזניות חלבי,קילוגרמים,1.00,"ק""ג",true,,66.90,66.9000,true,1,5589
7290000008127,false,פלטת גבינה חלבי,קונדיטוריית ברטה- הו,,פלטת גבינה חלבי,קילוגרמים,1.00,"ק""ג",true,,59.90,59.9000,true,1,5590
7290000008271,false,רולדה קצפת/גבינה חלב,קונדיטוריית ברטה- הו,,רולדה קצפת/גבינה חלב,קילוגרמים,1.00,"ק""ג",true,,64.90,64.9000,true,1,5592
7290000008301,false,פיסטוק מקולף,,,פיסטוק מקולף,קילוגרמים,1.00,"ק""ג",true,,130.00,130.0000,true,1,23616
7290000009032,false,אבטיח אישי,,,בננה ציפס,קילוגרמים,1.00,"ק""ג",true,,30.00,30.0000,true,1,11440
7290000009070,false,חמוציות שלמות מיובשו,,,חמוציות שלמות מיובשו,קילוגרמים,1.00,"ק""ג",true,,72.00,72.0000,true,1,30079
7290000009100,false,עוגת פס קרה,,,עוגת פס קרה,יחידה,0.00,יחידה,false,,39.90,0.0000,true,1,105809
7290000009254,false,מישמש יבש,,,מישמש יבש,קילוגרמים,1.00,"ק""ג",true,,59.00,59.0000,true,1,11441
7290000009278,false,תפוחי עץ מיובש,,,תפוחי עץ מיובש,קילוגרמים,1.00,"ק""ג",true,,59.90,59.9000,true,1,11443
7290000009285,false,אגוז מלך ללא קליפה,,,אגוז מלך ללא קליפה,קילוגרמים,1.00,"ק""ג",true,,59.00,59.0000,true,1,11444
7290000009292,false,תאנים יבשות,,,תאנים יבשות,קילוגרמים,1.00,"ק""ג",true,,49.00,49.0000,true,1,11445
7290000009315,false,צימוקים,,,צימוקים,קילוגרמים,1.00,"ק""ג",true,,39.90,39.9000,true,1,11446
7290000009322,false,שזיפים יבשים,,,שזיפים יבשים,קילוגרמים,1.00,"ק""ג",true,,42.00,42.0000,true,1,11447
7290000009346,false,שקדים טבעיים,,,שקדים טבעיים,קילוגרמים,1.00,"ק""ג",true,,69.00,69.0000,true,1,11450
7290000009353,false,בשר טחון פרימיום חלק,,,אננס יבש מסוכר,קילוגרמים,1.00,"ק""ג",true,,45.00,45.0000,true,1,11451
7290000009360,false,שזיפים יבשים ללא גרע,,,שזיפים יבשים ללא גרע,קילוגרמים,1.00,"ק""ג",true,,48.00,48.0000,true,1,35042
7290000009384,false,תמרים מג'הול,,,תמרים מג'הול,קילוגרמים,1.00,"ק""ג",true,,49.90,49.9000,true,1,32686
7290000009407,false,סינטה פרימיום טרי,תנובה חלב,,שאריות גבינה,קילוגרמים,1.00,"ק""ג",true,,32.90,32.9000,false,1,32941
7290000009445,false,אסאדו מחפוד טרי,,,בונדוק מקולף,קילוגרמים,1.00,"ק""ג",true,,60.00,60.0000,true,1,11454
7290000009469,false,קוביות לגולש טרי,,,צנובר,קילוגרמים,1.00,"ק""ג",true,,199.00,199.0000,true,1,11455
7290000009483,false,פאפיה מיובשת ומסוכרת,,,פאפיה מיובשת ומסוכרת,קילוגרמים,1.00,"ק""ג",true,,32.00,32.0000,true,1,11456
7290000009506,false,כרעיים טרי ארוז - מב,,,מארז שלוש בייגלה,יחידה,0.00,יחידה,false,,15.00,0.0000,true,1,119784
7290000009513,false,כף בקר מחפוד טרי,,,פקאן ללא קליפה,קילוגרמים,1.00,"ק""ג",true,,110.00,110.0000,true,1,11457
7290000009544,false,חמניות מקולפות,,,חמניות מקולפות,קילוגרמים,1.00,"ק""ג",true,,22.90,22.9000,true,1,21268
7290000009551,false,אגוזי קאשיו,,,אגוזי קאשיו,קילוגרמים,1.00,"ק""ג",true,,76.00,76.0000,true,1,11458
7290000009629,false,צימוקים שחורים,,,צימוקים שחורים,קילוגרמים,1.00,"ק""ג",true,,30.00,30.0000,true,1,23934
7290000009636,false,שאריות פסטרמה,עוף טוב,,שאריות פסטרמה,קילוגרמים,1.00,"ק""ג",true,,20.00,20.0000,false,1,32937
7290000009643,false,מארז לחמניות,,,מארז לחמניות,יחידה,0.00,יחידה,false,,11.90,0.0000,true,1,116835
7290000009650,false,עוגת קראנץ שוקולד חמ,,,עוגת קראנץ שוקולד חמ,גרמים,600.00,100 גרם,false,,38.90,0.0648,true,1,105811
7290000009810,false,כרובית מהדרין קטיף טרי,,,חמש חליות במארז,יחידה,0.00,יחידה,false,,14.90,0.0000,true,1,123109
7290000009841,false,מארז 3 חלות מסעדות,,,מארז 3 חלות מסעדות,יחידה,0.00,יחידה,false,,14.90,0.0000,true,1,190208
7290000010380,false,עלי גפן ממולאים,יד המלך,,עלי גפן ממולאים,קילוגרמים,1.00,"ק""ג",true,,52.90,52.9000,true,1,104436
7290000010762,false,כרעיים ללא עצם טרי,,,כרעיים ללא עצם טרי,קילוגרמים,1.00,"ק""ג",true,,31.90,31.9000,false,1,124347
7290000011004,false,שווארמה הודו+עוף טחו,Unknown,,שווארמה הודו+עוף טחו,קילוגרמים,1.00,"ק""ג",true,,59.90,59.9000,false,1,24353
7290000014005,false,שווארמה נקבה +בקר קפ,,,שווארמה נקבה +בקר קפ,קילוגרמים,1.00,"ק""ג",true,,59.90,59.9000,false,1,24355
7290000015101,false,עצמות בקר סוכר,,,עצמות בקר סוכר,קילוגרמים,1.00,"ק""ג",true,,14.00,14.0000,true,1,23001
7290000015200,false,טחון הודו +בקר+עוף,,,טחון הודו +בקר+עוף,קילוגרמים,1.00,"ק""ג",true,,55.00,55.0000,false,1,23002
7290000017006,false,שליש בגט כפרי מארז 6,,,שאריות בשר טרי,קילוגרמים,1.00,"ק""ג",true,,9.90,9.9000,false,1,23005
7290000017396,false,גבינה צדר כתום אנגלי,,,מעורב ירושלמי טרי,קילוגרמים,1.00,"ק""ג",true,,69.90,69.9000,true,1,56165
7290000023007,false,"ברנדי שטוק 84 37 % 750 מ""ל","יקבי ברקן בע""ם",IL,שטוק 84,מיליליטרים,750.00,"100 מ""ל",false,,69.90,0.0932,false,1,18485
7290000023847,false,"יין קלאסיק שרדונה ברקן 750 מ""ל",יקבי ברקן שיווק והפצה בע,IL,קלאסיק שרדונה,מיליליטרים,750.00,"100 מ""ל",false,,24.90,0.0332,false,1,57938
7290000023977,false,"יין קלאסיק מרלו ברקן 750 מ""ל",יקבי ברקן שיווק והפצה בע,IL,קלאסיק מרלו,מיליליטרים,750.00,"100 מ""ל",false,,24.90,0.0332,false,1,18506
7290000025018,false,גרעיני דלעת מקול,,,גרעיני דלעת מקול,קילוגרמים,1.00,"ק""ג",true,,40.00,40.0000,true,1,36586
7290000032214,false,כרוב בייגין,,,כרוב בייגין,קילוגרמים,1.00,"ק""ג",true,,39.90,39.9000,true,1,104069
7290000035116,false,סלט גזר מרוקאי,יד המלך,,סלט גזר מרוקאי,קילוגרמים,1.00,"ק""ג",true,,39.90,39.9000,true,1,104068
7290000035802,false,סלט חציל טבעי,יד המלך,,סלט חציל טבעי,קילוגרמים,1.00,"ק""ג",true,,56.90,56.9000,true,1,104430
7290000036144,false,קונדיטור קורנפלור שק,קריות זול,IL,קורנפלור 200,גרמים,200.00,100 גרם,false,,3.50,0.0175,true,1,6843
7290000036151,false,קונדיטור קורנפלור 50,גלעם,IL,קורנפלור 500,גרמים,500.00,100 גרם,false,,6.90,0.0138,true,1,6844
7290000036588,false,פלפל מקולף ביתי,יד המלך,,פלפל מקולף ביתי,קילוגרמים,1.00,"ק""ג",true,,73.90,73.9000,true,1,104259
7290000040042,false,יופלה יוגורט תות %3 גביע 150 גרם,תנובה חלב,IL,יופלה תות שובב 3%,מיליליטרים,150.00,"100 מ""ל",false,,5.10,0.0340,false,1,8475
7290000040066,false,יופלה יוגורט דובדבן %3 גביע 150 גרם,תנובה מרכז שיתופי לש,IL,יופלה דובדבן פראי 3%,מיליליטרים,150.00,"100 מ""ל",false,,5.10,0.0340,true,1,8477
7290000040080,false,יופלה יוגורט אפרסק %3 גביע 150 גרם,תנובה חלב,IL,יופלה אפרסק מאוהב 3%,מיליליטרים,150.00,"100 מ""ל",false,,5.10,0.0340,true,1,8478
7290000040301,false,תנובה עין גדי קממבר מחלב בקר 24% שומן,תנובה מרכז שיתופי לש,IL,עין גדי גבינת קממבר,גרמים,125.00,100 גרם,false,,19.90,0.1592,false,1,8480
7290000040318,false,גבינת ברי 24% קולאז עדי תנובה 125 ג',תנובה מרכז שיתופי לש,IL,גבינת ברי ישראלי 24%,גרמים,125.00,100 גרם,false,,19.90,0.1592,true,1,8481
7290000040462,false,טוסטי גבינה בסגנון אמריקאי אדם 23% תנובה 200 גרם,תנובה מרכז שיתופי לש,IL,טוסטי עמק אמריקאי אד,גרמים,200.00,100 גרם,false,,19.30,0.0965,false,1,8483
7290000040974,false,חלב דל לקטוז 2% תנובה קרטון 1 ליטר,תנובה מרכז שיתופי לש,IL,חלב דל לקטוז 2% - 1,ליטרים,1.00,ליטר,false,,6.70,6.7000,false,1,41750
7290000041445,false,קוטג תנובה גביע 250 גרם 5% בדצ,מיוצר עי קונדיטוריית,IL,קוט'ג מהדרין 5%,גרמים,250.00,100 גרם,false,,5.50,0.0220,false,1,8485
7290000041858,false,"שמנת חמוצה 15% מועשרת יטבתה 200 מ""ל",שטראוס גרופ,IL,שמנת חמוצה יטבתה 15%,מיליליטרים,200.00,"100 מ""ל",false,,2.50,0.0125,true,1,7488
7290000041865,false,"לבן 4.5% שומן מהדרין ""יטבתה""",שטראוס גרופ,IL,לבן יטבתה 4.5%,מיליליטרים,200.00,"100 מ""ל",false,,2.10,0.0105,true,1,7489
7290000041872,false,"לבן 3% יטבתה 200מ""ל מהדרין",שטראוס גרופ,IL,לבן יטבתה 3%,מיליליטרים,200.00,"100 מ""ל",false,,2.10,0.0105,true,1,7490
7290000042008,false,חלב תנובה טרי 3% שקית 1 ל',"תנובה, מחלבת רחובות",IL,חלב תנובה בשקית 3%,ליטרים,1.00,ליטר,false,,5.43,5.4300,false,1,8487
7290000042015,false,"חלב שתייה תנובה בד""צ בשקית 1 ליטר",תנובה מרכז שיתופי לש,IL,חלב תנובה מהדרין 3%,ליטרים,1.00,ליטר,false,,5.43,5.4300,false,1,8488
7290000042435,false,חלב דל שומן בקרטון+פקק תנובה 1 ליטר,תנובה מרכז שיתופי לש,IL,חלב 1% בקרטון תנובה,ליטרים,1.00,ליטר,false,,5.86,5.8600,false,1,8496
7290000042442,false,"חלב תנובה טרי 3% ""תנובה"" - מוצר בפיקוח",תנובה חלב,IL,חלב טרי בקרטון 3% תנ,ליטרים,1.00,ליטר,false,,6.23,6.2300,false,1,8497
7290000042640,false,"חלב תנובה עמיד 3% קרטון 250 מ""ל",תנובה חלב,IL,חלב תנובה עמיד 3% 25,מיליליטרים,250.00,"100 מ""ל",false,,2.80,0.0112,true,1,8504
7290000042855,false,"שוקו בשקית 250 מ""ל ""יטבתה""",שטראוס גרופ,IL,שוקו יטבתה בשקית 2%,מיליליטרים,225.00,"100 מ""ל",false,,2.60,0.0116,true,1,7491
7290000043012,false,"שוקו עמיד 2% בקרטון 250 מ""ל תנובה",תנובה מרכז שיתופי לש,IL,שוקו עמיד 2% יחידה,מיליליטרים,250.00,"100 מ""ל",false,,4.90,0.0196,false,1,8507
7290000043272,false,סלט סלק,יד המלך,,סלט סלק,קילוגרמים,1.00,"ק""ג",true,,39.90,39.9000,true,1,104265
7290000043432,false,לחמניות המבורגר 4יח,דין שיווק,IL,קישואים טעם כבד,קילוגרמים,1.00,"ק""ג",true,,79.90,79.9000,true,1,104452
7290000043814,false,השף הלבן שמנת להקצפה 38% שומן 250 מל - מוצר בפיקוח,תנובה מרכז שיתופי לש,IL,שמנת עמידה 38% השף ה,מיליליטרים,250.00,"100 מ""ל",false,,6.47,0.0259,false,1,8510
7290000043890,false,תנובה רויון לבן מחלב מפסוטר 1.5%,תנובה מרכז שיתופי לש,IL,ריוויון 1.5% - 1 ליט,ליטרים,1.00,ליטר,false,,11.90,11.9000,false,1,8512
7290000043944,false,כד יוגורט תנובה 4% שומן 1.5 ליטר,מיוצר עי קונדיטוריית,IL,יוגורט תנובה 4.5% -,ליטרים,1.50,ליטר,false,,17.50,11.6667,false,1,8513
7290000044248,false,"רויון קרטון 1.5% שומן 500 מ""ל תנובה",תנובה חלב,IL,רויון 1.5% קרטון 500,מיליליטרים,500.00,"100 מ""ל",false,,6.90,0.0138,false,1,8516
7290000044651,false,סטייק סלמון טרי,,,סטייק סלמון טרי,קילוגרמים,1.00,"ק""ג",true,,90.00,90.0000,false,1,23331
7290000044712,false,יוגורט עם תות 1.5% שומן 500 ג' פרילי,מיוצר עי קונדיטוריית,IL,פרילי תות 1.5% 500 מ,מיליליטרים,500.00,"100 מ""ל",false,,11.20,0.0224,true,1,8517
7290000044880,false,באדי יוגורט תות 3% שומן 500 ג' תנובה,מיוצר עי קונדיטוריית,IL,"באדי תות 3% 500 מ""ל",מיליליטרים,500.00,"100 מ""ל",false,,9.60,0.0192,true,1,8518
7290000045573,false,גבינת מותכת משולשים 25% שומן 200 ג' נעמה,תנובה חלב,IL,גבינת נעמה 25%,גרמים,200.00,100 גרם,false,,15.50,0.0775,true,1,8519
7290000045580,false,גבינה מותכת נעמה חורש תנובה 240 גרם,תנובה מרכז שיתופי לש,IL,גבינת חורש 25%,גרמים,240.00,100 גרם,false,,18.50,0.0771,true,1,8520
7290000045771,false,יוגורט לבן 4% תנובה 3 ליטר,תנובה מרכז שיתופי לש,IL,יוגורט תנובה בכד 4.5,ליטרים,3.00,ליטר,false,,28.90,9.6333,false,1,8521
7290000045917,false,תנובה פרומעז גבינה מותכת מחלב עיזים 23% שומן,תנובה חלב,IL,גבינת עזים פרומעז 23,גרמים,200.00,100 גרם,false,,26.90,0.1345,true,1,8522
7290000046020,false,גלבוע גבינה שמנה במש,תנובה מרכז שיתופי לש,IL,גלבוע,קילוגרמים,1.00,"ק""ג",true,,42.58,42.5800,false,1,8525
7290000046327,false,גלבוע גבינה צהובה פרוסה 22% תנובה 200 גרם,תנובה מרכז שיתופי לש,IL,גבינת גלבוע 22% - 20,גרמים,200.00,100 גרם,false,,13.50,0.0675,false,1,8528
7290000046501,false,"גב.טל העמק32% 1 ק""ג משקל",קריות זול,IL,טל העמק,קילוגרמים,1.00,"ק""ג",true,,56.90,56.9000,true,1,8530
7290000046563,false,גב.קולאז' פרמזן 23%במשקל,תנובה מרכז שיתופי לש,IL,פרמזן,קילוגרמים,1.00,"ק""ג",true,,114.90,114.9000,false,1,8532
7290000046662,false,גב.קשה סקנדינבית31%משקל,תנובה מרכז שיתופי לש,IL,גבינה סקנדינבית,קילוגרמים,1.00,"ק""ג",true,,74.20,74.2000,false,1,8536
7290000047027,false,גב.קולאז' גלעד 27% במשקל,תנובה מרכז שיתופי לש,IL,גלעד,קילוגרמים,1.00,"ק""ג",true,,125.90,125.9000,false,1,8538
7290000047034,false,גבינת רוקפור 26%כבש משקל,תנובה מרכז שיתופי לש,IL,גליל,קילוגרמים,1.00,"ק""ג",true,,125.90,125.9000,false,1,8539
7290000047485,false,גבינה בולגרית במשקל,תנובה מרכז שיתופי לש,IL,בולגרית 24% תנובה,קילוגרמים,1.00,"ק""ג",true,,59.90,59.9000,false,1,8542
7290000047546,false,השף הלבן כנען גבינה לבנה דלת נתרן 5% תנובה 500 גרם,תנובה מרכז שיתופי לש,IL,גבינת כנען 5% תנובה,גרמים,500.00,100 גרם,false,,24.90,0.0498,false,1,8543
7290000048185,false,גבינה לבנה 5% תנובה 250 גרם מהדרין,מיוצר עי קונדיטוריית,IL,גבינה לבנה 5% תנובה,גרמים,250.00,100 גרם,false,,4.98,0.0199,false,1,8548
7290000048192,false,גבינה לבנה 9% תנובה 250 גרם מהדרין,מחלבת אלון תבור,IL,גבינה לבנה תנובה 9%,גרמים,250.00,100 גרם,false,,5.00,0.0200,false,1,8549
7290000048307,false,גבינת קוטג' עם זיתים 5% תנובה 250 גרם,מיוצר עי קונדיטוריית,IL,גבינה קוט'ג עם ת,גרמים,250.00,100 גרם,false,,6.30,0.0252,false,1,8552
7290000048413,false,פיראוס חמד גבינה מלוחה 16% שומן,תנובה מרכז שיתופי לש,IL,גבינת חמד 16% - 250,גרמים,250.00,100 גרם,false,,18.90,0.0756,false,1,8554
7290000048437,false,פיראוס צפתית 5% שומן 200 גרם,פארייפאבה אגרואינדוס,IL,צפתית פיראוס 5%,גרמים,200.00,100 גרם,false,,15.90,0.0795,false,1,8555
7290000049458,false,גבינת פטה עיזים 16% גביע פיראוס 250 ג',תנובה מרכז שיתופי לש,IL,פטה עיזים,גרמים,250.00,100 גרם,false,,29.50,0.1180,false,1,8557
7290000050447,false,"יוגורט ביו בטעם תות YYY יופלה 500 מ""ל",מיוצר עי קונדיטוריית,IL,יופלה תות 3% - 500 מ,מיליליטרים,500.00,"100 מ""ל",false,,13.70,0.0274,true,1,33693
7290000050454,false,יוגורט יופלה אפרסק 3% שומן 500 גרם,מיוצר עי קונדיטוריית,IL,יופלה אפרסק 3% - 500,מיליליטרים,500.00,"100 מ""ל",false,,13.70,0.0274,true,1,33694
7290000051307,false,"מארז הפסקת אוכל עם דגני עוגי ומשקה חלב עמיד בטעם וניל 150 מ""ל",תנובה מרכז שיתופי לש,IL,מארז הפסקת אוכל עוגי,מיליליטרים,150.00,"100 מ""ל",false,,9.30,0.0620,false,1,35344
7290000051352,false,חלב מלא בטעם של פעם 3.4% תנובה קרטון 1 ל',תנובה מרכז שיתופי לש,IL,חלב מלא של פעם חלב ת,ליטרים,1.00,ליטר,false,,7.90,7.9000,true,1,35192
7290000051376,false,יוגורט יופלה דיאט אננס 0% שומן 150 גרם,תנובה מרכז שיתופי לש,IL,יופלה דיאט אננס ספור,מיליליטרים,150.00,"100 מ""ל",false,,5.10,0.0340,true,1,36250
7290000051710,false,פיראוס גבינת לאבנה אסלית על בסיס יוגורט תנובה 263 גרם,"תנובה, מחלבת אלון תב",IL,פיראוס לאבנה עם שמן,גרמים,263.00,100 גרם,false,,14.30,0.0544,false,1,36252
7290000052311,false,גבינה צהובה עמק לייט 15% שומן 200 גרם,תנובה מרכז שיתופי לש,IL,עמק פרוס בקופסא 200,גרמים,200.00,100 גרם,false,,16.90,0.0845,false,1,39003
7290000052649,false,גבינת לאבנה 5% שומן 500 ג' פיראוס,תנובה מרכז שיתופי לש,IL,פיראוס לאבנה 5% 500,גרמים,500.00,100 גרם,false,,20.90,0.0418,false,1,37326
7290000052717,false,גבינת קוטג' שום שמיר 5% תנובה 250 גרם,מיוצר עי קונדיטוריית,IL,קוט'ג עם שום שמיר,גרמים,250.00,100 גרם,false,,6.30,0.0252,false,1,61571
7290000053219,false,טל העמק חריץ 32% במשקל,תנובה מרכז שיתופי לש,IL,טל העמק,קילוגרמים,1.00,"ק""ג",true,,59.90,59.9000,false,1,102209
7290000055015,false,פיראוס גבינת פטה כבשים 5% תנובה 250 גרם,תנובה מרכז שיתופי לש,IL,פיראוס פטה כבשים 5%,גרמים,250.00,100 גרם,false,,28.50,0.1140,false,1,42126
7290000055183,false,צפתית מלבנ.דל קטוז5%משקל,תנובה חלב,IL,צפתית מלבנית פיראוס,קילוגרמים,1.00,"ק""ג",true,,54.20,54.2000,true,1,60463
7290000055329,false,"משקה בוקר יוגורט 1.5% בטעם תות מלון יופלה 250 מ""ל",תנובה מרכז שיתופי לש,IL,משקה יוגורט יופלה 1.,מיליליטרים,250.00,"100 מ""ל",false,,5.60,0.0224,true,1,42909
7290000055336,false,"משקה יוגורט 1.5% בטעם בננה אפרסק יופלה 250 מ""ל",תנובה מרכז שיתופי לש,IL,משקה יוגורט יופלה 1.,מיליליטרים,250.00,"100 מ""ל",false,,5.60,0.0224,true,1,42910
7290000055343,false,משקה יוגורט יופלה פירות טרופיים 250 גרם,תנובה מרכז שיתופי לש,IL,משקה יוגורט יופלה בט,מיליליטרים,250.00,"100 מ""ל",false,,5.60,0.0224,true,1,42908
7290000055350,false,גבינה צהובה חריץ עמק 28% במשקל,תנובה מרכז שיתופי לש,IL,עמק מעדניה 28%,קילוגרמים,1.00,"ק""ג",true,,44.79,44.7900,false,1,98148
7290000055893,false,חמאה משמנת מפוסטרת 200גרם 82% כ.מהדרין - מוצר בפיקוח,תנובה מרכז שיתופי לש,IL,"חמאה 200 ג""ר מהדרין",גרמים,200.00,100 גרם,false,,7.80,0.0390,false,1,75046
7290000056081,false,מארז יוגורט פרילי טבע 6*200 גרם,מיוצר עי קונדיטוריית,IL,מאגדת פרילי טבע 1.9%,מיליליטרים,1200.00,"100 מ""ל",false,,23.50,0.0196,true,1,43274
7290000056784,false,גבינת פטה כבשים במשק,תנובה מרכז שיתופי לש,IL,פטה כבשים 5% במעדניה,קילוגרמים,1.00,"ק""ג",true,,119.90,119.9000,true,1,57240
7290000056845,false,תנובה חלב טרי 3% שומן 1.5 ליטר - מוצר בפיקוח,פארייפאבה אגרואינדוס,IL,חלב תנובה 3% 1.5 ליט,ליטרים,1.50,ליטר,false,,9.34,6.2267,false,1,57404
7290000056890,false,שמיניית דיאט יופלה 0% טעמים שונים 150 גרם,מיוצר עי קונדיטוריית,IL,שמיניית יופלה דיאט,מיליליטרים,1200.00,"100 מ""ל",false,,31.90,0.0266,true,1,56083
7290000056906,false,מאגדת לבן טבעי 1.5% שומן 8 יח' * 150 ג' יופלה,מחלבת אלון תבור,IL,מאגדת שמיניה יופלה 1,מיליליטרים,1200.00,"100 מ""ל",false,,18.40,0.0153,true,1,56059
7290000056951,false,"תנובה, השף הלבן, שמנת לבישול 15% שומן 500 מל",תנובה מרכז שיתופי לש,IL,שמנת לבישול 15% 500,מיליליטרים,500.00,"100 מ""ל",false,,17.40,0.0348,true,1,57919
7290000057088,false,עמק גבינה צהובה פרוסה דק דק 28% תנובה 200 גרם,תנובה מרכז שיתופי לש,IL,עמק דק 28% - 200 גרם,גרמים,200.00,100 גרם,false,,16.90,0.0845,false,1,57322
7290000057118,false,גבינה צהובה עמק 28% שומן ואקום 400 גרם,תנובה מרכז שיתופי לש,IL,גבינת עמק 28% - 400,גרמים,400.00,100 גרם,false,,23.90,0.0597,false,1,56960
7290000057132,false,יוגורט תנובה טבעי 1.5% גביע 200 גרם,מחלבת אלון תבור,IL,יוגורט תנובה 1.5%,מיליליטרים,200.00,"100 מ""ל",false,,3.10,0.0155,true,1,57297
7290000057149,false,יוגורט תנובה טבעי 3% גביע 200 גרם,מיוצר עי קונדיטוריית,IL,יוגורט תנובה 3% 200,מיליליטרים,200.00,"100 מ""ל",false,,3.10,0.0155,true,1,57298
7290000057552,false,יופלה דיאט עוגת גבינה ותות 0% גביע 150ג',תנובה חלב,IL,יופלה דיאט עוגת גבינ,מיליליטרים,150.00,"100 מ""ל",false,,5.10,0.0340,true,1,60584
7290000058030,false,"שמיניית יופלה שטוזים משקה יוגורט תות 100 מ""ל",מיוצר עי קונדיטוריית,IL,יופלה שטוזים משקה תו,מיליליטרים,800.00,"100 מ""ל",false,,21.50,0.0269,true,1,58947
7290000058047,false,שמנת להקצפה 38% 500מל מהדרין עמיד השף הלבן,תנובה מרכז שיתופי לש,IL,שמנת מתוקה עמידה 500,מיליליטרים,500.00,"100 מ""ל",false,,12.94,0.0259,false,1,64540
7290000058979,false,גיל בטעם תות 3% שומן 125 ג' תנובה,תנובה מרכז שיתופי לש,IL,גיל בטעם תות 125 גר,גרמים,125.00,100 גרם,false,,1.50,0.0120,false,1,114519
7290000060071,false,אוסם - חטיפי פריכונים מאורז מלא קלוי 80גר,"פרח תעשיות מזון בע""מ.",IL,חטיפי פריכונים בטעם,גרמים,80.00,100 גרם,false,,7.50,0.0938,false,1,5936
7290000060088,false,בייגלה מקלות מלוחים אסם 400 גרם,מיוצר עי קונדיטוריית,IL,בייגלה מקלות מלוחים,גרמים,400.00,100 גרם,false,,11.00,0.0275,true,1,5937
7290000060156,false,פסטה אסם אטריות ביצים דקות 200גר,"אסם תעשיות בע""מ",IL,אטריות ביצים 200 גר,גרמים,200.00,100 גרם,false,,7.60,0.0380,true,1,5939
7290000060163,false,פסטה אסם אטריות דקות 400גר,"אסם תעשיות בע""מ",IL,איטריות דקות 400 גר,גרמים,400.00,100 גרם,false,,7.60,0.0190,false,1,5940
7290000060200,false,פסטה אסם פתיתים אפויים קוסקוס 500גר,"אסם תעשיות בע""מ",IL,פתיתים אפויים קוסקוס,גרמים,500.00,100 גרם,false,,6.90,0.0138,false,1,5942
7290000060217,false,פסטה מקרוני מספר 7 אסם 500 גרם,קריות זול,IT,פסטה מקרוני 7 500 גר,גרמים,500.00,100 גרם,false,,5.90,0.0118,false,1,5943
7290000060248,false,פסטה אסם פתיתים תלתלים 500 גר',קריות זול,IT,פסטה תלתלים 500,גרמים,500.00,100 גרם,false,,5.90,0.0118,false,1,5944
7290000060316,false,פרפקטו ספגטי מס' 8 אסם 500 גרם,אסם פרפקטו,IT,פרפקטו ספגטי 500 גר,גרמים,500.00,100 גרם,false,,7.70,0.0154,false,1,5948
7290000060323,false,פסטה פרפקטו ספגטיני (2) 500 גרם,קריות זול,IT,פרפקטו ספגטיני 500גר,גרמים,500.00,100 גרם,false,,7.70,0.0154,false,1,5949
7290000060330,false,פרפקטו פרפקטו ספיראלי גירף 500 גר,אסם פרפקטו,IT,פרפקטו ספירלי 500גר,גרמים,500.00,100 גרם,false,,7.70,0.0154,false,1,5950
7290000060408,false,פסטה אסם פתיתים אפויים טבעות 500 גר,"אסם השקעות בע""\מ",IL,פתיתים אפויים טבעות,גרמים,500.00,100 גרם,false,,6.90,0.0138,false,1,5952
7290000060415,false,"פסטה פרפקטו לאזניה 500 ג' ""אסם""",אסם פרפקטו,IT,פרפקטו לזאניה 500 גר,גרמים,500.00,100 גרם,false,,14.90,0.0298,false,1,5953
7290000060576,false,פתיתים אפויים כוכבים אסם 500 גרם,"אסם השקעות בע""\מ",IL,פתיתים אפויים כוכבים,גרמים,500.00,100 גרם,false,,6.90,0.0138,false,1,5959
7290000060781,false,פסטה אסם פתיתים מסולסלים 500גר,קריות זול,IT,פסטה מסולסלים 500,גרמים,500.00,100 גרם,false,,5.90,0.0118,false,1,5961
7290000060828,false,פסטה קרניים בינוניות אסם 500 גרם,קריות זול,IT,פסטה קרניים בינוניות,גרמים,500.00,100 גרם,false,,5.90,0.0118,false,1,5963
7290000060842,false,פסטה אסם פתיתים צדפים גדולים 500גר,קריות זול,IT,פסטה צדפים גדולים 50,גרמים,500.00,100 גרם,false,,5.90,0.0118,false,1,5965
7290000060880,false,פסטה ספגטי מספר 8 אסם 500 גרם,קריות זול,IT,פסטה ספגטי 500גר,גרמים,500.00,100 גרם,false,,5.90,0.0118,false,1,5967
7290000060903,false,פסטה אסם פתיתים אפויים אורז 500גר,"אסם השקעות בע""\מ",IL,פתיתים אפויים אורז 5,גרמים,500.00,100 גרם,false,,6.90,0.0138,false,1,5969
7290000060958,false,פסטה אסם אטריות בינוניות 400 גרם,"אסם השקעות בע""\מ",IL,איטריות בינוני 400גר,גרמים,400.00,100 גרם,false,,7.60,0.0190,false,1,5972
7290000060965,false,פסטה אסם אטריות רחבות 400גר,"אסם השקעות בע""\מ",IL,איטריות רחבות 400,גרמים,400.00,100 גרם,false,,7.60,0.0190,false,1,5973
7290000060972,false,פסטה אסם אטריות דקיקות 400 גרם,קריות זול,IT,איטריות דקיקות 400,גרמים,400.00,100 גרם,false,,7.60,0.0190,false,1,5974
7290000061061,false,קרקר חיטה עם בצל אסם,"אסם השקעות בע""\מ",IL,קרקר בצל אסם,גרמים,250.00,100 גרם,false,,10.40,0.0416,true,1,5978
7290000061085,false,"רוטב צילי מתוק 290 מ""ל-בקבוק","אסם השקעות בע""\מ",IL,רוטב צילי מתוק,יחידה,290.00,יחידה,false,,12.00,0.0414,false,1,5980
7290000061108,false,"רוטב טריאקי 290 מ""ל-בקבוק","אסם השקעות בע""\מ",IL,רוטב טריאקי אסם,יחידה,290.00,יחידה,false,,12.00,0.0414,false,1,5981
7290000061214,false,פתיתים אפויים קוסקוס עם בצל אסם 500 גרם,"אסם השקעות בע""\מ",IL,פתיתים קוסקוס עם בצל,גרמים,500.00,100 גרם,false,,7.50,0.0150,false,1,34489
7290000061764,false,קפה נמס מגורען רד מאג 200 גרם,נסטלה ספרד קפה,ES,קפה נמס רד מאג 200 ג,גרמים,200.00,100 גרם,false,,20.00,0.1000,false,1,5994
7290000062242,false,דובונים חטיף תפוחי אדמה בטעם שמנת בצל אסם 40 גרם,"אסם השקעות בע""\מ",IL,דובונים שמנת בצל,גרמים,40.00,100 גרם,false,,5.00,0.1250,false,1,59602
7290000062952,false,אוסם - מיני קרוטונים למרק ולסלט 250 גרם,עינת תעשיות מזון אגו,IL,מיני קרוטונים לסלט ו,גרמים,250.00,100 גרם,false,,15.00,0.0600,true,1,30153
7290000063102,false,קמח עוגה תופח מאליו אסם 350 גרם,"אסם השקעות בע""\מ",IL,קמח תופח 350,גרמים,350.00,100 גרם,false,,4.70,0.0134,true,1,6008
7290000063133,false,אסם שקדי מרק רכיבים טבעיים 24*100גרם,"אסם השקעות בע""מ",IL,שקדי מרק 100,גרמים,100.00,100 גרם,false,,5.00,0.0500,true,1,6009
7290000063140,false,שקדי מרק רכיבים טבעיים בשקית 400 ג' אסם,"אסם תעשיות בע""מ",IL,שקדי מרק 400,גרמים,400.00,100 גרם,false,,10.00,0.0250,false,1,6010
7290000063157,false,"קמח עוגה תופח מאליו אסם 1 ק""ג","אסם השקעות בע""\מ",IL,קמח תופח 1קג,יחידה,1.00,יחידה,false,,9.70,9.7000,false,1,6011
7290000064758,false,קוסקוס בינוני אמיתי אסם 350 ג',"מיוצר ע""י קוד יצרן K",IL,קוסקוס אמיתי שקית 35,גרמים,350.00,100 גרם,false,,8.00,0.0229,false,1,6024
7290000064871,false,"אוסם - מנה חמה פירה תפו""א עם בצל 56 גרם","אסם תעשיות בע""מ",IL,"מנה חמה פירה תפו""א ו",גרמים,56.00,100 גרם,false,,6.70,0.1196,false,1,6025
7290000065090,false,מיני קרוטונים מתובלים למרק ולסלט אסם 400 גרם,עינת תעשיות מזון אגו,IL,מיני קרוטונים למרק 4,גרמים,400.00,100 גרם,false,,23.90,0.0597,true,1,6027
7290000065335,false,אוסם - מנה חמה פירה עם ירקות 55 גרם,"אסם תעשיות בע""מ",IL,"מנה חמה פירה תפו""א ע",גרמים,55.00,100 גרם,false,,6.70,0.1218,false,1,6028
7290000065540,false,אוסם - מנה חמה פסטה מוקרמת בטעם עוף 55 גרם,"אסם תעשיות בע""מ",IL,מנה חמה פסטה מוקרמת,גרמים,55.00,100 גרם,false,,6.70,0.1218,false,1,6029
7290000065557,false,אוסם - מנה חמה קוסקוס עם ירקות 84 גרם,"אסם תעשיות מזון בע""מ",IL,מנה חמה קוסקוס עם יר,גרמים,84.00,100 גרם,false,,6.70,0.0798,false,1,6030
7290000065977,false,חטיפי פריכונים תירס שומשום אסם 80 גרם,"פרח תעשיות מזון בע""מ.",IL,חטיפי פריכונים תירס,גרמים,80.00,100 גרם,false,,7.50,0.0938,false,1,38266
7290000066134,false,ביסלי חטיף בטעם פלאפל אסם 70 גרם,"אסם השקעות בע""\מ",IL,ביסלי פלאפל 70,גרמים,70.00,100 גרם,false,,4.70,0.0671,false,1,6036
7290000066141,false,ביסלי חטיף בטעם גריל אסם 70 גרם,"אסם השקעות בע""\מ",IL,ביסלי גריל 70גר,גרמים,70.00,100 גרם,false,,4.70,0.0671,false,1,6037
7290000066172,false,ביסלי חטיף בטעם פיצה אסם 70 גרם,"אסם השקעות בע""\מ",IL,ביסלי פיצה 70,גרמים,70.00,100 גרם,false,,4.70,0.0671,false,1,6040
7290000066196,false,ביסלי חטיף בטעם גריל אסם 200 גרם,מיוצר עי קונדיטוריית,IL,ביסלי גריל 200גר,גרמים,200.00,100 גרם,false,,9.00,0.0450,false,1,6042
7290000066226,false,ביסלי חטיף בטעם פיצה אסם 200 גרם,מיוצר עי קונדיטוריית,IL,ביסלי פיצה 200,גרמים,200.00,100 גרם,false,,9.00,0.0450,false,1,6045
7290000066264,false,דובונים חטיף תפוחי אדמה אסם 40 גרם,"אסם השקעות בע""\מ",IL,דובונים חטיף,גרמים,40.00,100 גרם,false,,5.00,0.1250,false,1,6046
7290000066295,false,במבה מתוקה מחומרים טבעיים 30 גרם,מיוצר עי קונדיטוריית,IL,במבה תות 30גר,גרמים,30.00,100 גרם,false,,2.60,0.0867,false,1,6047
7290000066318,false,במבה חטיף בוטנים אסם 80 גרם,"אסם השקעות בע""\מ",IL,במבה 80גר,גרמים,80.00,100 גרם,false,,5.00,0.0625,false,1,6049
7290000066332,false,אפרופו חטיף תירס אסם 50 גרם,מיוצר עי קונדיטוריית,IL,אפרופו 50 גר,גרמים,50.00,100 גרם,false,,5.20,0.1040,false,1,6050
7290000066349,false,אפרופו חטיף תירס אסם 100 גרם,מיוצר עי קונדיטוריית,IL,אפרופו 100גר,גרמים,100.00,100 גרם,false,,8.50,0.0850,false,1,6051
7290000066431,false,פופקו חטיף פופקורן בטעם חמאה ודבש אסם 80 גרם,מיוצר עי קונדיטוריית,IL,פופקו חמאה ודבש 80 ג,גרמים,80.00,100 גרם,false,,5.30,0.0662,false,1,6053
7290000066882,false,סלט צ'ימיצ'ורי,,,סלט צ'ימיצ'ורי,קילוגרמים,1.00,"ק""ג",true,,56.60,56.6000,true,1,114786
7290000067131,false,אסם גלי בזק תות צבע טבעי 88 גרם,מיוצר עי קונדיטוריית,IL,"ג'לי תות כשל""פ",גרמים,85.00,100 גרם,false,,7.20,0.0847,false,1,33579
7290000067407,false,פרורית מתובלת בשקית 200 גרם,עינת תעשיות מזון אגו,IL,פירורית מתובלת 200גר,גרמים,200.00,100 גרם,false,,6.00,0.0300,true,1,6062
7290000067599,false,מנה חמה ספגטי ברוטב בולונז אסם 65 גרם,"אסם השקעות בע""\מ",IL,מנה חמה ספגטי בולונז,גרמים,65.00,100 גרם,false,,6.70,0.1031,false,1,6068
7290000068138,false,אינסטנט פודינג בטעם וניל אסם 80 גרם,מיוצר עי קונדיטוריית,IL,פודינג וניל,גרמים,80.00,100 גרם,false,,5.80,0.0725,false,1,6072
7290000068152,false,"אבקת רוטב לצלי בשר 22 גרם אסם כשל""פ","אסם השקעות בע""\מ",IL,"רוטב צלי כשל""פ אסם",גרמים,22.00,100 גרם,false,,4.40,0.2000,true,1,33581
7290000068206,false,ג'לי משמש אסם צבע טבעי 85 ג',מיוצר עי קונדיטוריית,IL,ג'לי מישמש,גרמים,85.00,100 גרם,false,,6.50,0.0765,true,1,6076
7290000068237,false,אבקה להכנת ג'לי בטעם פטל אסם 85 גרם,מיוצר עי קונדיטוריית,IL,ג'לי פטל,גרמים,85.00,100 גרם,false,,6.50,0.0765,true,1,6077
7290000068343,false,אסם פריכונים פרוסות קלויות מלא,"פרח תעשיות מזון בע""מ.",IL,פריכונים מאורז מלא,גרמים,140.00,100 גרם,false,,7.20,0.0514,false,1,6082
7290000068701,false,אסם שקדי מרק רכיבים טבע.מיכל 400 גרם,"אסם תעשיות בע""מ",IL,שקדי מרק במיכל,גרמים,400.00,100 גרם,false,,15.90,0.0398,true,1,6087
7290000068770,false,במבה יום הולדת חטיף בוטנים אסם 80 גרם,"אסם השקעות בע""\מ",IL,במבה יום הולדת 80 גר,גרמים,80.00,100 גרם,false,,5.00,0.0625,false,1,6090
7290000068787,false,במבה יום הולדת חטיף בוטנים אסם 25 גרם,מיוצר עי קונדיטוריית,IL,במבה יום הולדת,גרמים,25.00,100 גרם,false,,2.40,0.0960,true,1,6091
7290000069364,false,פריכונים מאורז מלא ללא תוספת סוכר אסם 140 גרם,"פרח תעשיות מזון בע""מ.",IL,פריכונים מאורז מלא ל,גרמים,140.00,100 גרם,false,,7.20,0.0514,true,1,6096
7290000069609,false,חטיפי קרקר זעתר אסם 300 גרם,"אסם תעשיות בע""מ",IL,חטיפי קרקר זעתר 300,גרמים,300.00,100 גרם,false,,11.70,0.0390,true,1,34582
7290000069715,false,אוסם - חטיפי קרקר מלוח 300 גרם,"אסם תעשיות בע""מ",IL,חטיפי קרקר מלוח אסם,גרמים,300.00,100 גרם,false,,11.70,0.0390,true,1,34566
7290000069739,false,אוסם - חטיפי קרקר שומשום 300 גרם,מיוצר עי קונדיטוריית,IL,חטיפי קרקר שומשום אס,גרמים,300.00,100 גרם,false,,11.70,0.0390,true,1,34530
7290000070308,false,אבקת מרק עוף אמיתי בשרי אסם 400 גרם,"אסם השקעות בע""\מ",IL,מרק עוף 400,גרמים,400.00,100 גרם,false,,16.90,0.0422,false,1,6104
7290000070322,false,אבקת מרק פטריות רכיבים טבעיים אסם 400 גרם,"אסם השקעות בע""\מ",IL,מרק פטריות 400,גרמים,400.00,100 גרם,false,,19.90,0.0497,false,1,6106
7290000070353,false,אבקת מרק בצל רכיבים טבעיים אסם 400 גרם,"אסם השקעות בע""\מ",IL,מרק בצל 400,גרמים,400.00,100 גרם,false,,19.90,0.0497,false,1,6107
7290000070919,false,בייגלה אסם רשתות עם מלח 400 ג',מיוצר עי קונדיטוריית,IL,בייגלה רשתות מלח אסם,גרמים,400.00,100 גרם,false,,13.90,0.0348,true,1,40890
7290000071008,false,אוסם - בייגלה שטוחים מלח 60 גרם,"אסם השקעות בע""\מ",IL,בייגלה שטוחים מלח אס,גרמים,60.00,100 גרם,false,,3.10,0.0517,true,1,40772
7290000072241,false,"רוטב פיצה 290 מ""ל-בקבוק","אסם השקעות בע""\מ",IL,רוטב פיצה,גרמים,290.00,100 גרם,false,,12.00,0.0414,true,1,6129
7290000072623,false,קטשופ אסם בקבוק לחיץ 750 גרם,"אסם תעשיות בע""מ",IL,קטשופ 750 לחיץ,גרמים,750.00,100 גרם,false,,9.90,0.0132,false,1,6131
7290000072630,false,קטשופ אסם חריף 750 גרם-בקבוק,"אסם תעשיות בע""מ",IL,קטשופ חריף לחיץ 750ג,גרמים,750.00,100 גרם,false,,9.90,0.0132,false,1,6132
7290000072753,false,קפה נמס מגורען טסטרס צ'ויס 200 גרם-,נסטלה קוריאה - קפה,KR,קפה נמס טסטר'ס צ'ויס,גרמים,200.00,100 גרם,false,,29.90,0.1495,false,1,6137
7290000072760,false,נסקפה טייסטרס צויס 100 גר אוריגנל,נסטלה קוריאה - קפה,KR,קפה נמס טסטר'ס צ'ויס,גרמים,100.00,100 גרם,false,,25.90,0.2590,false,1,6138
7290000072777,false,קפה נמס מגורען נטול קפאין טסטרס צ'ויס 200 גרם,נסטלה קוריאה - קפה,KR,קפה נמס טסטר'ס צ'ויס,גרמים,200.00,100 גרם,false,,39.90,0.1995,false,1,6139
7290000072784,false,קפה טייסטר צויס נטול קופאין 100 גר',נסטלה קוריאה - קפה,KR,קפה נמס טייסטרס צויס,גרמים,100.00,100 גרם,false,,28.90,0.2890,false,1,6140
7290000072968,false,דגני בוקר סיני מיניס חיטה מלאה וקינמון נסטלה 500 גרם,נסטלה פולין דגני בוק,PL,דגני בוקר סיני מיניס,גרמים,500.00,100 גרם,false,,19.90,0.0398,false,1,6148
7290000073415,false,אוסם - מנה חמה פסטה ברוטב פיצה 61 גרם,"אסם השקעות בע""\מ",IL,מנה חמה פסטה ברוטב פ,גרמים,61.00,100 גרם,false,,6.70,0.1098,false,1,6157
7290000073699,false,סלט חומוס צבר 150 גרם,סלטי צבר,IL,חומוס חלק 150 גר,גרמים,150.00,100 גרם,false,,4.80,0.0320,true,1,61985
7290000073750,false,מנה חמה נודלס אטר+ירקות טעם עוף 70 גרם,PUB FOODS PRESIDENT THAI,TH,מנה חמה נודלס אטריות,גרמים,70.00,100 גרם,false,,7.20,0.1029,false,1,6159
7290000073767,false,מנה חמה נודלס אטר.+ירקות טעם בקר 70 גרם,PUB FOODS PRESIDENT THAI,TH,מנה חמה נודלס אטריות,גרמים,70.00,100 גרם,false,,7.20,0.1029,false,1,6160
7290000073774,false,מנה חמה נודלס אטר+ירקות טעם צילי 70 גרם,טאי רזידנט,TH,מנה חמה נודלס+איטריו,גרמים,70.00,100 גרם,false,,7.20,0.1029,false,1,6161
7290000074153,false,ביסקוויט פתי בר שוקולד אסם 500 גרם,מיוצר עי קונדיטוריית,IL,פתי בר שוקו 500,גרמים,500.00,100 גרם,false,,13.90,0.0278,false,1,6164
7290000074184,false,ביסקוויט פתי בר אסם 500 גרם,"אסם השקעות בע""\מ",IL,פתיבר וניל אסם 500 ג,גרמים,500.00,100 גרם,false,,12.00,0.0240,false,1,6166
7290000074245,false,אוסם - קרם קרקר אסם 250 גרם,"אסם השקעות בע""\מ",IL,קרם קרקר 250,גרמים,250.00,100 גרם,false,,8.50,0.0340,true,1,6167
7290000074252,false,קרקר שומשון אסם 250 גרם,"אסם השקעות בע""\מ",IL,קרקר שומשום 250,גרמים,250.00,100 גרם,false,,9.00,0.0360,true,1,6168
7290000074276,false,קרקר פיקנטי טבעון 250 ג' אסם,"אסם השקעות בע""\מ",IL,אסם קרקר קלאסי 250 ג,גרמים,250.00,100 גרם,false,,10.00,0.0400,true,1,6169
7290000074375,false,אוסם - קרקר זהב 150 גרם,"אסם השקעות בע""\מ",IL,קרקר זהב 150,גרמים,150.00,100 גרם,false,,7.00,0.0467,true,1,6174
7290000074481,false,לחמית אגוזים אסם 160 גרם,"אסם השקעות בע""\מ",IL,לחמית אגוזים,גרמים,160.00,100 גרם,false,,10.50,0.0656,false,1,56660
7290000074696,false,אסם קרם קרקר 4*1קג ח,"אסם השקעות בע""\מ",IL,קרם קרקר 1קג,יחידה,1.00,יחידה,false,,24.90,24.9000,false,1,6176
7290000074764,false,קרקר הזהב אסם 900 גרם,"אסם השקעות בע""\מ",IL,"קרקר זהב 900 ג""ר",גרמים,900.00,100 גרם,false,,22.90,0.0254,true,1,6180
7290000075204,false,אוסם - לחמית חיטה מלאה 250 גרם,"אסם השקעות בע""\מ",IL,לחמית 250 גר,גרמים,250.00,100 גרם,false,,8.70,0.0348,true,1,6184
7290000075693,false,עוגת הבית שמרים בריוש שוקולד אסם 360 גרם,מיוצר עי קונדיטוריית,IL,עוגת שמרים בריוש שוק,גרמים,360.00,100 גרם,false,,18.00,0.0500,false,1,36371
7290000076126,false,אוסם - בייגלה שמיניות קטנות 80 גרם,"אסם השקעות בע""\מ",IL,בייגלה שמיניות קטנות,מיליליטרים,80.00,"100 מ""ל",false,,3.10,0.0388,true,1,6187
7290000076133,false,בייגלה שמיניות קטנות עם מלח אסם 400 גרם,"אסם השקעות בע""\מ",IL,בייגלה שמיניות קטנות,גרמים,400.00,100 גרם,false,,11.00,0.0275,true,1,6188
7290000076645,false,טוסטעים פת קלויה חיטה מלאה אסם 100 גרם,ון דר מולן האלום,NL,אסם טוסטעים חיטה מלא,גרמים,100.00,100 גרם,false,,9.90,0.0990,true,1,37756
7290000077017,false,עוגיות קרמוגית במילוי קרם שוקולד אסם 200 גרם,מיוצר עי קונדיטוריית,IL,קרמוגית שוקו,גרמים,200.00,100 גרם,false,,11.50,0.0575,true,1,6200
7290000077253,false,אוסם - לחמית כפרית עם דגנים מלאים 190 גרם,"אסם השקעות בע""\מ",IL,לחמית כפרית 190 גר,גרמים,190.00,100 גרם,false,,10.50,0.0553,true,1,38636
7290000077925,false,אסם טוסטים צנימים עגולים חטה.מלא 125 גרם,ון דר מולן האלום,NL,טוסטעים צנימים מחיטה,גרמים,125.00,100 גרם,false,,9.70,0.0776,true,1,38056
7290000078014,false,שזיפים אמריקאים,,,חמוציות חתוכות,קילוגרמים,1.00,"ק""ג",true,,39.90,39.9000,true,1,23329
7290000078212,false,קרוטונים מתובלים למרק אסם 250 גרם,עינת תעשיות מזון אגו,IL,קרוטונים מתובלים 250,גרמים,250.00,100 גרם,false,,14.50,0.0580,true,1,6205
7290000078762,false,אוסם - חטיפי פריכונים מאורז מלא בטעם דבש 80גר,סנורייס בלגיום אן. ו,GB,פריכונים אורז מלא בט,גרמים,80.00,100 גרם,false,,7.50,0.0938,false,1,6207
7290000079233,false,קרם קרקר דיאטטי דל נתרן 250 גרם,"אסם תעשיות בע""מ",IL,קרם קרקר דל נתרן דיי,גרמים,250.00,100 גרם,false,,10.60,0.0424,true,1,6211
7290000080758,false,אוסם - טוסטעים פת קלוי 100 גרם,ון דר מולן האלום,NL,טוסטעים פת קלויה,גרמים,100.00,100 גרם,false,,9.90,0.0990,true,1,6222
7290000080765,false,טוסטעים פת קלויה עם שומשום אסם 100 גרם,ון דר מולן האלום,NL,טוסטעים פת קלויה שומ,גרמים,100.00,100 גרם,false,,9.90,0.0990,true,1,6223
7290000081663,false,"בייגלה טבעות שומשום אסם 300 גרם בד""ץ",מיוצר עי קונדיטוריית,IL,בייגלה טבעות שומשום,גרמים,300.00,100 גרם,false,,11.00,0.0367,true,1,6227
7290000085166,false,פתי בר גטניו 400 גרן,"אחים גטניו בע""מ",,פתי בר גטניו 400 גר,גרמים,400.00,100 גרם,false,,7.50,0.0188,true,1,17732
7290000085173,false,פתי-בר שוקו גטניו 400 ג',,,פתיבר שוקו גטניו,גרמים,400.00,100 גרם,false,,7.50,0.0188,true,1,17733
7290000089188,false,יין אדום מתוק פומפידיתא 1 ליטר,אליעז בנימינה,IL,פומפדיתא יין מיוחד ל,ליטרים,1.00,ליטר,false,,16.90,16.9000,false,1,37376
7290000100135,false,פירות קפואים סנפרוסט דובדבן 300 גר,"סנפרוסט בע""מ",IL,דובדבן מתוק 300 גר',גרמים,300.00,100 גרם,false,,16.90,0.0563,true,1,110449
7290000100296,false,תערובת להכנת Smoothie ורוד תות ובננה,"סנפרוסט בע""\מ",IL,שייק תות סנפרוסט,גרמים,300.00,100 גרם,false,,14.90,0.0497,true,1,114779
7290000100302,false,פול ירוק קלוף סנפרוסט 600 גרם,"סנפרוסט בע""\מ",IL,פול ירוק ללא קליפה ס,גרמים,600.00,100 גרם,false,,22.90,0.0382,true,1,113392
7290000100593,false,פרוסות אנטיפסטי לתנור סנפרוסט 600 גרם,"סנפרוסט בע""\מ",IL,אנטיפסטי לתנור 600 ג,גרמים,600.00,100 גרם,false,,21.00,0.0350,true,1,118883
7290000100609,false,קוביות אנטיפסטי להקפצה סנפרוסט 600 גרם,"סנפרוסט בע""\מ",IL,אנטיפסטי להקפצה 600,גרמים,600.00,100 גרם,false,,21.00,0.0350,true,1,118884
7290000101132,false,לקט קטניות לחמין סנפרוסט 800 גר,"סנפרוסט בע""\מ",IL,לקט קטניות לחמין,יחידה,0.00,יחידה,false,,19.90,0.0000,false,1,101417
7290000101927,false,אוכמניות כחולות מוקפאות סנפרוסט 300 גרם,"איי, בי, אינבוו",IL,אוכמניות כחולות מוקפ,גרמים,300.00,100 גרם,false,,14.90,0.0497,true,1,104887
7290000101934,false,מיקס פירות יער מוקפאות 300 ג' סנפרוסט,"סנפרוסט בע""\מ",IL,תערובת פירות יער קפו,גרמים,300.00,100 גרם,false,,14.90,0.0497,true,1,104888
7290000101941,false,אננס חתוך מוקפא סנפרוסט 300ג',"סנפרוסט בע""\מ",IL,אננס חתוך מוקפא 300,גרמים,300.00,100 גרם,false,,14.90,0.0497,true,1,104889
7290000101958,false,מנגו חתוך מוקפא סנפרוסט 300ג',"סנפרוסט בע""\מ",IL,מנגו חתוך מוקפא 300,גרמים,300.00,100 גרם,false,,14.90,0.0497,true,1,104890
7290000103365,false,מרק ירקות עשיר סנפרוסט 550 גרם,"איי, בי, אינבוו",IL,מרק ירקות סנפרוסט,גרמים,500.00,100 גרם,false,,14.90,0.0298,false,1,60246
7290000103433,false,"לקט ירקות לתנור 800 גרם ""סנפרוסט""","איי, בי, אינבוו",IL,ירקות לתנור סנפרוסט,יחידה,0.00,יחידה,false,,21.00,0.0000,false,1,100768
7290000103457,false,"מיני כרובית 600 גרם ""סנפרוסט""","סנפרוסט בע""\מ",IL,מיני כרובית 600 גר',גרמים,600.00,100 גרם,false,,15.90,0.0265,false,1,99426
7290000103471,false,מיני ברוקולי סנפרוסט 600 גרם,"סנפרוסט בע""\מ",IL,מיני ברוקולי 600 גר',גרמים,600.00,100 גרם,false,,15.90,0.0265,true,1,99627
7290000103730,false,לקט להקפצה עם פסטה פוזילי סנפרוסט 800 גרם,"איי, בי, אינבוו",IL,לקט להקפצה עם פסטה ס,גרמים,800.00,100 גרם,false,,21.90,0.0274,false,1,36947
7290000103815,false,לקט להקפצה בסגנון תאילנדי סנפרוסט 800 גרם,"סנפרוסט בע""\מ",IL,לקט להקפצה בסגנון תא,גרמים,800.00,100 גרם,false,,21.90,0.0274,false,1,56550
7290000103822,false,ירקות שמלווים עוף סנפרוסט 800ג',"סנפרוסט בע""\מ",IL,לקט לעוף 800 גר' סנפ,גרמים,800.00,100 גרם,false,,21.00,0.0263,false,1,55725
7290000103839,false,מרק כתום עשיר בירקות סנפרוסט 570 גרם,"סנפרוסט בע""\מ",IL,מרק כתום סנפרוסט,גרמים,572.00,100 גרם,false,,14.90,0.0260,false,1,55666
7290000103860,false,מרק עדשים עשיר בירקות סנפרוסט 570 גרם,"איי, בי, אינבוו",IL,מרק עדשים סנפרוסט,גרמים,572.00,100 גרם,false,,14.90,0.0260,false,1,55667
7290000103877,false,מרק שעועית עשיר בירקות סנפרוסט 640 גרם,"סנפרוסט בע""\מ",IL,מרק שעועית סנפרוסט,גרמים,644.00,100 גרם,false,,14.90,0.0231,false,1,55665
7290000104072,false,עדשים ירוקות מבושלות מוקפאות 800 ג' סנפרוסט,"איי, בי, אינבוו",IL,עדשים ירוקות מבושלות,גרמים,800.00,100 גרם,false,,19.90,0.0249,false,1,40671
7290000104201,false,אפונה עדינה סנפרוסט 600 גרם,"איי, בי, אינבוו",IL,אפונה עדינה,גרמים,600.00,100 גרם,false,,17.90,0.0298,false,1,9035
7290000104218,false,סנפרוסט במיה 600 גרם,"איי, בי, אינבוו",IL,במיה סנפרוסט,גרמים,600.00,100 גרם,false,,16.90,0.0282,false,1,9036
7290000104225,false,בצל קצוץ סנפרוסט 600 גרם,"סנפרוסט בע""\מ",IL,בצל קצוץ סנפרוסט,גרמים,600.00,100 גרם,false,,16.90,0.0282,false,1,9037
7290000104676,false,אפונה קפואה סנפרוסט 800 גרם,"איי, בי, אינבוו",IL,אפונה סנפרוסט 00,גרמים,800.00,100 גרם,false,,17.90,0.0224,false,1,9041
7290000104683,false,שעועית ירוקה שלמה סנפרוסט 800 גרם,"סנפרוסט בע""\מ",IL,שעועית שלמה 800,גרמים,800.00,100 גרם,false,,19.90,0.0249,false,1,9042
7290000104690,false,תירס גרעינים 800 גרם סנפרוסט,"איי, בי, אינבוו",IL,תירס 800 סנפרוסט,גרמים,800.00,100 גרם,false,,16.90,0.0211,false,1,9043
7290000104706,false,גזר גמדי סנפרוסט 800 גרם,"סנפרוסט בע""\מ",IL,גזר גמדי 800,גרמים,800.00,100 גרם,false,,17.90,0.0224,false,1,9044
7290000104713,false,פול ירוק סנפרוסט 800 גרם,"איי, בי, אינבוו",IL,פול ירוק 800,גרמים,800.00,100 גרם,false,,22.90,0.0286,false,1,9045
7290000104720,false,שעועית ירוקה חתוכה סנפרוסט 800 גרם,"סנפרוסט בע""\מ",IL,שעועית ירוקה חתוכה,גרמים,800.00,100 גרם,false,,16.90,0.0211,false,1,9046
7290000104737,false,שעועית צהובה חתוכה סנפרוסט 800 גרם,"סנפרוסט בע""\מ",IL,שעועית צהובה,גרמים,800.00,100 גרם,false,,16.90,0.0211,false,1,9047
7290000104744,false,כרובית סנפרוסט 800 גרם,"סנפרוסט בע""\מ",IL,כרובית 800 גר,גרמים,800.00,100 גרם,false,,22.90,0.0286,false,1,9048
7290000104751,false,"כרוב ניצנים 800 גרם ""סנפרוסט""","איי, בי, אינבוו",IL,כרוב ניצנים סנפר,גרמים,800.00,100 גרם,false,,23.90,0.0299,false,1,9049
7290000104768,false,תרד עלים סנפרוסט 800 ג ',"איי, בי, אינבוו",IL,תרד עלים 800,גרמים,800.00,100 גרם,false,,22.90,0.0286,false,1,9050
7290000104775,false,תרד מדליונים סנפרוסט 800 גרם,"איי, בי, אינבוו",IL,תרד מדליון,גרמים,800.00,100 גרם,false,,23.90,0.0299,false,1,9051
7290000104799,false,שעועית לבנה מבושלת סנפרוסט 800 גרם,"איי, בי, אינבוו",IL,שעועית לבנה מבוש,גרמים,800.00,100 גרם,false,,17.90,0.0224,false,1,9052
7290000104805,false,גרגירי חומוס מבושלים סנפרוסט 800 גרם,"איי, בי, אינבוו",IL,חומוס מבושל סנפר,גרמים,800.00,100 גרם,false,,17.90,0.0224,false,1,9053
7290000104829,false,קלחי תירס חתוכים סנפרוסט 1 קילו,"סנפרוסט בע""\מ",IL,קלחוני תירס 1 קג,יחידה,1.00,יחידה,false,,19.90,19.9000,false,1,9055
7290000104836,false,שעועית ירוקה עדינה שלמה סנפרוסט 600 גרם,"סנפרוסט בע""\מ",IL,שעועית עדינה שלמה 60,גרמים,600.00,100 גרם,false,,21.90,0.0365,false,1,9056
7290000104874,false,ירקות לקוסקוס של אמא סנפרוסט 800ג',"סנפרוסט בע""\מ",IL,לקט לקוסקוס,גרמים,800.00,100 גרם,false,,21.00,0.0263,false,1,9058
7290000104881,false,לקט אפונה וגזר סנפרוסט 800 גרם,"איי, בי, אינבוו",IL,אפונה וגזר,גרמים,800.00,100 גרם,false,,15.90,0.0199,false,1,9059
7290000104904,false,לקט ירקות מעורבים סנפרוסט 800 גרם,"איי, בי, אינבוו",IL,לקט ירקות מעורבי,גרמים,800.00,100 גרם,false,,21.90,0.0274,false,1,9061
7290000104911,false,לקט נורמנדי סנפרוסט 800 גרם,"איי, בי, אינבוו",IL,לקט נורמנדי,גרמים,800.00,100 גרם,false,,21.00,0.0263,false,1,9062
7290000106175,false,"לקט כפרי סנפרוסט 2 ק""ג","סנפרוסט בע""\מ",IL,לקט כפרית 2,יחידה,2.00,יחידה,false,,37.90,18.9500,false,1,9068
7290000107165,false,חטיף סויה אדממה סנפרוסט 400 גרם,"איי, בי, אינבוו",IL,חטיף סויה אדממה,גרמים,400.00,100 גרם,false,,13.50,0.0338,false,1,9070
7290000107189,false,תחתיות ארטישוק סנפרוסט 400 גרם,"איי, בי, אינבוו",IL,ארטישוק תחתיות,גרמים,400.00,100 גרם,false,,19.90,0.0497,false,1,9071
7290000107295,false,תפרחות ברוקולי סנפרוסט 800 גרם,"איי, בי, אינבוו",IL,ברוקולי 800,גרמים,800.00,100 גרם,false,,22.90,0.0286,false,1,9077
7290000107615,false,ירקות ואננס להקפצה מנה אסייתית צבעונית ועשירה,"איי, בי, אינבוו",IL,מנה אסייתית צבעונית,גרמים,800.00,100 גרם,false,,21.00,0.0263,true,1,115804
7290000107622,false,ירקות ופסטה א-לה איטליה סנפרוסט 800 גרם,"איי, בי, אינבוו",IL,פסטה וירקות א-לה איט,גרמים,800.00,100 גרם,false,,21.00,0.0263,true,1,115805
7290000110844,false,"כיפלי בטעם גריל 70 גרם-בד""ץ",יוניליור ישראל מזון,IL,"כפלי גריל בד""ץ",גרמים,70.00,100 גרם,false,,6.00,0.0857,false,1,11925
7290000110851,false,חטיף כיפלי בטעם בצל 70גר,אתר שפע - Food,IL,כפלי בצל,גרמים,70.00,100 גרם,false,,6.00,0.0857,true,1,11926
7290000111063,false,מיונז תלמה אמיתי250 גרם,יוניליוור ישראל מזון בע\,IL,מיונז אמיתי 250,גרמים,250.00,100 גרם,false,,7.90,0.0316,false,1,11927
7290000111117,false,מרכך כביסה לבן בדין 4 ליטר,יוניליור ישראל טיפוח איש,IL,בדין לבן 4 ליטר,ליטרים,4.00,ליטר,false,,19.90,4.9750,false,1,11928
7290000111186,false,"מיונז אמיתי תלמה 500 גרם בד""צ",יוניליוור ישראל מזון בע\,IL,מיונז 500,גרמים,500.00,100 גרם,false,,9.90,0.0198,false,1,11930
7290000111353,false,"מיונז אמיתי תלמה 1 ק""ג",יוניליוור ישראל מזון בע\,IL,מיונז אמיתי 1קג,יחידה,1.00,יחידה,false,,19.90,19.9000,false,1,11933
7290000111360,false,"חרדל אמיתי תלמה 250 גרם בד""צ",יוניליוור ישראל מזו,IL,חרדל 250,גרמים,250.00,100 גרם,false,,8.50,0.0340,true,1,11934
7290000111384,false,חרדל אמיתי בצנצנת 550 ג' תלמה,יוניליוור ישראל מזו,IL,חרדל אמיתי 550,גרמים,550.00,100 גרם,false,,12.90,0.0235,true,1,11936
7290000112220,false,טחינה גולמית שומשום טהור בארכה 500 גרם,"רושדי תעשיות מזון בע""\מ",IL,טחינה גולמית 500,גרמים,500.00,100 גרם,false,,13.90,0.0278,false,1,16293
7290000112497,false,מרק עשיר עוף אטריות קנור 75 גרם - שקיות,יוניליוור ישראל מזון בע\,IL,קנור עשיר עוף,גרמים,75.00,100 גרם,false,,10.90,0.1453,true,1,11958
7290000112503,false,מרק עשיר ירקות קנור 69 גרם - שקיות,יוניליוור ישראל מזון בע\,IL,קנור עשיר ירקות,גרמים,61.00,100 גרם,false,,10.90,0.1787,true,1,11959
7290000112619,false,מרק עוף לתיבול והעשרה קנור 400 ג',יוניליוור ישראל מזון בע\,IL,מרק עוף אמיתי,גרמים,400.00,100 גרם,false,,17.90,0.0447,false,1,11963
7290000116204,false,"אבקת מרק דגש בטעם עוף 1ק""ג קנור",יוניליוור ישראל מזון בע\,IL,מ.דגש 1קג,יחידה,1.00,יחידה,false,,15.90,15.9000,false,1,12019
7290000116884,false,"רוטב ברביקיו קנור 300 גרם בד""צ",יוניליוור ישראל מזון בע\,IL,רוטב ברבקיו קנור,יחידה,200.00,יחידה,false,,12.90,0.0645,false,1,12022
7290000116921,false,רוטב צ'ילי מתוק 340 גרם קנור,יוניליוור ישראל מזון בע\,IL,רוטב צ'ילי מתוק,גרמים,370.00,100 גרם,false,,12.90,0.0349,false,1,12023
7290000116945,false,"רוטב סויה קלאסי קנור בד""צ 350 גרם",יוניליוור ישראל מזון בע\,IL,רוטב סויה קנור,מיליליטרים,300.00,"100 מ""ל",false,,13.90,0.0463,false,1,12024
7290000117171,false,מרק טעם עוף דל קלוריות 48 גרם-קופסא,יוניליוור ישראל מזון,IL,מרק טעם עוף נמס 10 ק,גרמים,46.00,100 גרם,false,,8.20,0.1783,true,1,12028
7290000117720,false,נמס בכוס פטריות קנור 21.5 גרם מארז זוגי,יוניליוור ישראל מזון בע\,IL,נ.בכוס פטריות,גרמים,43.00,100 גרם,false,,7.00,0.1628,true,1,12035
7290000118277,false,כופתאות מצה להכנת מהירה 65 ג' קנור,יוניליוור ישראל מזון בע\,IL,קניידל,גרמים,130.00,100 גרם,false,,13.50,0.1038,false,1,12042
7290000120836,false,"מיונז אמיתי 394 גרם ""הלמנס""",קונפקו אינק' די.בי.א,CA,מיונז הלמנס,גרמים,394.00,100 גרם,false,,10.90,0.0277,false,1,12062
7290000120874,false,מיונז הלמנס לייט מופחת קלוריות 424ג,"יונילוור ארה""ב - HPC",US,מיונז הלמנס דל,גרמים,424.00,100 גרם,false,,10.90,0.0257,false,1,12064
7290000121017,false,שומרון גבינה מותכת 7% 120 גרם,שלושת האופים,IL,גבינת שומרון7% 120 ג,גרמים,120.00,100 גרם,false,,11.90,0.0992,true,1,17770
7290000121031,false,החתול המחייך גבינה מותכת 14% מון בלאן 120 גרם,שלושת האופים,IL,גבינת חתול 14% 120 ג,גרמים,120.00,100 גרם,false,,10.60,0.0883,true,1,17771
7290000121079,false,גבינה מותכת למריחה עם שום שמיר 9% מון בלאן 120 גרם,שלושת האופים,IL,גבינה מון בלאן לייט,גרמים,120.00,100 גרם,false,,11.90,0.0992,true,1,17773
7290000121093,false,גבינה מותכת לייט בטעם שוויצרי 7% מון בלאן 120 גר',האי נאם סי או אל.טי.,IL,גבינה מון בלאן לייט,גרמים,120.00,100 גרם,false,,11.50,0.0958,true,1,17774
7290000121109,false,גבינה מותכת לייט עם זיתים 7% מון בלאן 120 גרם,האי נאם סי או אל.טי.,IL,גבינה מון בלאן לייט,גרמים,120.00,100 גרם,false,,11.90,0.0992,true,1,17775
7290000121147,false,גבינה מותכת לייט בטעם פיקנטי 7% מון בלאן 120 גרם,"שלושת האופים בע""מ",IL,גבינה מון בלאן לייט,גרמים,120.00,100 גרם,false,,11.90,0.0992,true,1,17776
7290000121154,false,גבינה מותכת לייט עם סלמון 7% מון בלאן 120 גרם,האי נאם סי או אל.טי.,IL,גבינה מון בלאן לייט,גרמים,120.00,100 גרם,false,,13.50,0.1125,true,1,17777
7290000121239,false,מיוקל 5% שומן ללא כולסטרול תלמה 500ג',יוניליוור ישראל מזון בע\,IL,מיוקל 5 שומן%,גרמים,500.00,100 גרם,false,,13.50,0.0270,false,1,12068
7290000122175,false,"תמצית וניל אפיכל 50 מ""ל",יוניליוור,IL,תמצית וניל 50,יחידה,55.00,יחידה,false,,4.70,0.0855,true,1,12089
7290000122830,false,"רוטב מקסיקני סצ'ואן קנור 300 מ""ל",יוניליוור ישראל מזון בע\,IL,רוטב סצ'ואן 370מ''ל,יחידה,300.00,יחידה,false,,12.90,0.0430,true,1,12104
7290000125251,false,שמפו לכביסה עדינה בדין 2 ליטר,"זוהר דליה, קיבוץ דליה, 1",IL,שמפו לכביסה עדינה,ליטרים,2.00,ליטר,false,,29.90,14.9500,true,1,12137
7290000129457,false,אבקת רוטב פטריות קנור 28 ג' שקית,יוניליוור ישראל מזון בע\,IL,רוטב פטריות קנור,גרמים,28.00,100 גרם,false,,4.60,0.1643,true,1,12202
7290000129785,false,מרכך כביסה ירוק בדין 4 ליטר,יוניליור ישראל טיפוח איש,IL,בדין ירוק 4 ליטר,ליטרים,4.00,ליטר,false,,19.90,4.9750,false,1,12215
7290000130125,false,מצות אביב 400 גרם חמץ,מצות אביב 2014 מאפה בעמ,IL,מצות 400,גרמים,400.00,100 גרם,false,,14.90,0.0373,true,1,13333
7290000130606,false,קמח מצה רגיל 200 גר,מצות אביב,IL,קמח מצה 200 גר,גרמים,200.00,100 גרם,false,,3.00,0.0150,true,1,13336
7290000131122,false,"בצק עלים צרפתי שחף 1.5 ק""ג",יושלם,IL,בצק עלים צרפתי שחף 1,קילוגרמים,1.50,"ק""ג",false,,19.90,13.2667,true,1,5597
7290000133645,false,שלישיית משחת שיניים סודה אורביטול 145 גרם,טרופיקל דגיל תעשיות קוסמ,IL,שלישיה אורביטול משחת,גרמים,435.00,100 גרם,false,,19.90,0.0457,true,1,32114
7290000133904,false,"מטהר אוויר דואופרש פסיפלורה תפוז סנו 300 מ""ל","סנו מפעלי ברונוס בע""מ",IL,דאודורנט פרש פסיפלור,מיליליטרים,300.00,"100 מ""ל",false,,12.90,0.0430,true,1,17019
7290000134147,false,טעם וריח מוסקט טחון מיכל 40גר,"תבליני טעם וריח בע""מ",IL,מוסקט טחון 40 גרם,גרמים,40.00,100 גרם,false,,14.90,0.3725,true,1,13704
7290000134307,false,קינמון טחון 50 גרם טעם וריח,"תבליני טעם וריח בע""מ",IL,קינמון טחון בשקית 50,גרמים,50.00,100 גרם,false,,5.90,0.1180,true,1,13705
7290000134314,false,פיצה תערובת תיבול 120 גרם מיכל גדול,"תבליני טעם וריח בע""מ",IL,תיבול לפיצה,גרמים,120.00,100 גרם,false,,9.50,0.0792,true,1,13706
7290000134338,false,אבקת שום בקופ' 90 גר' טעם וריח,"תבליני טעם וריח בע""מ",IL,אבקת שום מיכל,גרמים,90.00,100 גרם,false,,9.50,0.1056,true,1,20420
7290000134352,false,קינמון טחון בקופ' 90 גר' טעם וריח,"תבליני טעם וריח בע""מ",IL,תבלין קינמון טחו,גרמים,90.00,100 גרם,false,,9.50,0.1056,true,1,20422
7290000134376,false,פפריקה בשמן בקופ' 90 גר' טעם וריח,"תבליני טעם וריח בע""מ",IL,פפריקה מרוקאית מתוקה,גרמים,90.00,100 גרם,false,,9.50,0.1056,true,1,13707
7290000134550,false,עלי דפנה 20 גר' טעם וריח,"תבליני טעם וריח בע""מ",IL,עלי דפנה שק 20',גרמים,40.00,100 גרם,false,,5.90,0.1475,true,1,13712
7290000134673,false,זנגויל טחון מיכל 30 גרם,"תבליני טעם וריח בע""מ",IL,זנגויל מיכל פלסטיק,גרמים,30.00,100 גרם,false,,5.50,0.1833,true,1,27170
7290000134758,false,"תיבול לתפו""א בקופ' 100 גר' טעם וריח","תבליני טעם וריח בע""מ",IL,"תבלין לתפו""א",גרמים,100.00,100 גרם,false,,9.50,0.0950,true,1,13714
7290000134826,false,זעתר מעורב בקופ' 100 גר' טעם וריח,"תבליני טעם וריח בע""מ",IL,תבלין זעתר,גרמים,100.00,100 גרם,false,,9.50,0.0950,true,1,13717
7290000134833,false,כמון טחון בקופ' 100 גר' טעם וריח,"תבליני טעם וריח בע""מ",IL,תבלין כמון,גרמים,100.00,100 גרם,false,,9.50,0.0950,true,1,13718
7290000134840,false,כורכום טחון בקופ' 100 גר' טעם וריח,"תבליני טעם וריח בע""מ",IL,תבלין כורכום,גרמים,100.00,100 גרם,false,,9.50,0.0950,true,1,13719
7290000134857,false,פפריקה מתוקה בקופ' 100 גר' טעם וריח,"תבליני טעם וריח בע""מ",IL,פפריקה מתוקה,גרמים,100.00,100 גרם,false,,9.50,0.0950,true,1,13720
7290000134864,false,פפריקה חריפה בקופ' 100 גר' טעם וריח,"תבליני טעם וריח בע""\מ",IL,תבלין פפריקה,גרמים,100.00,100 גרם,false,,9.50,0.0950,true,1,13721
7290000134871,false,פלפל שחור טחון בקופ' 100 גר' טעם וריח,"תבליני טעם וריח בע""מ",IL,פלפל שחור טחון 100 ג,גרמים,100.00,100 גרם,false,,12.90,0.1290,true,1,13722
7290000134970,false,חוואיג' בקופ' 100 גר' טעם וריח,"תבליני טעם וריח בע""מ",IL,תבלין חוויא'ג,גרמים,100.00,100 גרם,false,,9.50,0.0950,true,1,20426
7290000134987,false,פלפל שחור גרוס בקופ' 90 גר' טעם וריח,"תבליני טעם וריח בע""מ",IL,פלפל שחור גרוס,גרמים,90.00,100 גרם,false,,12.90,0.1433,true,1,13726
7290000135045,false,"XL TEN משקה אנרגיה פתוח ללא סוכר 250 מ""ל","טמפו משקאות בע""\מ",IL,"פחית XL תפוח 250 מ""ל",מיליליטרים,250.00,"100 מ""ל",false,,4.50,0.0180,false,1,114569
7290000135052,false,"XL TEN משקה אנרגיה מנגו ללא סוכר 250 מ""ל","טמפו משקאות בע""\מ",IL,"פחית XL מנגו 250 מ""ל",מיליליטרים,250.00,"100 מ""ל",false,,4.50,0.0180,false,1,114570
7290000135113,false,"משקה אנרגיה XL פחית ten נענע ליים 250 מ""ל","טמפו משקאות בע""\מ",IL,משקה אנרגיה XL נענע,מיליליטרים,250.00,"100 מ""ל",false,,4.50,0.0180,false,1,118030
7290000135311,false,פפסי קולה ליים 1.5 ללא סוכר,"טמפו משקאות בע""\מ",IL,פפסי מקס ליים 1.5 לי,ליטרים,1.50,ליטר,false,,6.90,4.6000,false,1,120722
7290000135465,false,"מי סודה 500 מ""ל - מארז 12 בקבוקים","טמפו משקאות בע""\מ",IL,סודה טמפו 500 מל מאר,ליטרים,6.00,ליטר,false,,25.90,4.3167,true,1,124948
7290000135595,false,פפסי מקס בטעם דובדבן 1.5 ללא סוכר,"טמפו משקאות בע""\מ",IL,פפסי מקס דובדבן 1.5,ליטרים,1.50,ליטר,false,,6.90,4.6000,false,1,125501
7290000135625,false,"רביעיית פחיות בירה גולדסטאר 500 מ""ל","טמפו משקות בע""\מ",IL,רביעיית פחיות גולדסט,ליטרים,2.00,ליטר,false,,29.90,14.9500,true,1,126351
7290000135755,false,מכבי לימון ליים מל 330 בקבוק שישייה,"טמפו משקאות בע""\מ",IL,בירה mccabee אפרסק ש,מיליליטרים,1980.00,"100 מ""ל",false,,31.90,0.0161,false,1,125512
7290000136141,false,משקה בטעם קולה 1.5ל' פפסי,"טמפו משקאות בע""\מ",IL,פפסי 1.5 ליטר,ליטרים,1.50,ליטר,false,,7.50,5.0000,false,1,186691
7290000136158,false,פפסי מקס 1.5 ליטר פיקדון,"טמפו משקאות בע""\מ",IL,פפסי מקס 1.5 ליטר,ליטרים,1.50,ליטר,false,,6.90,4.6000,false,1,186692
7290000136165,false,מירינדה בקבוק 1.5 לי,"טמפו משקאות בע""\מ",IL,מירינדה 1.5 ליטר,ליטרים,1.50,ליטר,false,,7.50,5.0000,false,1,186689
7290000136172,false,סבן אפ בקבוק 1.5 ליט,"טמפו משקאות בע""\מ",IL,סבן אפ 1.5 ליטר,ליטרים,1.50,ליטר,false,,7.50,5.0000,false,1,186693
7290000136189,false,סבן אף דיאט 1.5 ליטר בודד,"טמפו משקאות בע""\ם.",IL,דיאט סבן אפ 1.5 ליטר,ליטרים,1.50,ליטר,false,,7.50,5.0000,false,1,186697
7290000136240,false,סודה 1.5 ליטר שישייה בודד,"טמפו משקאות בע""\מ",IL,סודה 1.5 ליטר טמפו,ליטרים,1.50,ליטר,false,,3.30,2.2000,false,1,186685
7290000136257,false,פאנק טוניק גזוז בטעם פירות,"טמפו משקאות בע""\מ",IL,1.5ליטר טמפו rush&to,ליטרים,1.50,ליטר,false,,10.90,7.2667,false,1,186675
7290000136264,false,מי טוניק גזוז 1.5 ל' טמפו,"טמפו משקאות בע""\מ",IL,מי טוניק 1.5 ליטר,ליטרים,1.50,ליטר,false,,10.90,7.2667,false,1,186676
7290000136271,false,סודה בטעמים - לימון ליים 1.5 ליטר - בודד,טמפו,IL,סודה למון ליים 1.5 ל,ליטרים,1.50,ליטר,false,,4.30,2.8667,false,1,186686
7290000136288,false,"סירופ בטעם תפוחים ג'ויסר סיידר הגליל 330 מ""ל","טמפו משקאות בע""\מ",IL,סירופ בטעם תפוחים סי,מיליליטרים,330.00,"100 מ""ל",false,,13.90,0.0421,true,1,190354
7290000136295,false,"סירופ בטעם פטל ג'ויסר סיידר הגליל 330 מ""ל","טמפו משקאות בע""\מ",IL,סירופ בטעם פטל סיידר,מיליליטרים,330.00,"100 מ""ל",false,,13.90,0.0421,true,1,190355
7290000136301,false,"סירופ בטעם ענבים ג'ויסר סיידר הגליל 330 מ""ל","טמפו משקאות בע""\מ",IL,סירופ בטעם ענבים סיי,מיליליטרים,330.00,"100 מ""ל",false,,13.90,0.0421,true,1,190356
7290000136387,false,סודה בטעמים - אננס 1.5 ליטר - בודד,טמפו,IL,סודה אננס 1.5 ליטר,ליטרים,1.50,ליטר,false,,4.30,2.8667,false,1,186687
7290000136394,false,סודה בטעמים - פירות יער 1.5 ליטר - בודד,טמפו,IL,סודה פירות יער 1.5 ל,ליטרים,1.50,ליטר,false,,4.30,2.8667,false,1,186688
7290000136431,false,משקה בטעם אפרסק צלול תריסר 1.5 ל' ג'אמפ,"טמפו משקאות בע""\מ",IL,ג'אמפ אפרסק צלול 1.5,ליטרים,1.50,ליטר,false,,7.90,5.2667,false,1,186679
7290000136455,false,משקה בטעם אשכוליות תריסר 1.5 ל' ג'אמפ,"טמפו משקאות בע""\ם.",IL,ג'אמפ אשכוליות 1.5 ל,ליטרים,1.50,ליטר,false,,7.90,5.2667,false,1,186680
7290000136523,false,משקה בטעם ענבים תריסר 1.5 ל' ג'אמפ,"טמפו משקאות בע""\ם.",IL,ג'אמפ ענבים 1.5 ליטר,ליטרים,1.50,ליטר,false,,7.90,5.2667,false,1,186682
7290000136561,false,משקה בטעם תות בננה תריסר 1.5 ל' ג'אמפ,"טמפו משקאות בע""\מ",IL,ג'אמפ תות בננה 1.5 ל,ליטרים,1.50,ליטר,false,,7.90,5.2667,false,1,186683
7290000136585,false,משקה בטעם תפוזים תריסר 1.5 ל' ג'אמפ,"טמפו משקאות בע""\ם.",IL,ג'אמפ תפוזים 1.5 לי,ליטרים,1.50,ליטר,false,,7.90,5.2667,false,1,186678
7290000136646,false,בירה נשר מאלט ללא אלכוהול 1.5 ליטר,"טמפו משקאות בע""\מ",IL,נשר מאלט 1.5 ליטר,ליטרים,1.50,ליטר,false,,8.90,5.9333,false,1,186673
7290000136653,false,דיאט נשר מאלט ללא אלכוהול 1.5 ליטר,"טמפו משקאות בע""\מ",IL,דיאט נשר מאלט 1.5 לי,ליטרים,1.50,ליטר,false,,8.90,5.9333,false,1,186674
7290000136691,false,מארז שישייה סבן אפ 1.5 ל',סבן אפ 7up,IL,סבן אפ 1.5 ליטר שישי,ליטרים,9.00,ליטר,false,,43.90,4.8778,false,1,186707
7290000136769,false,מארז שישיה בטעם קולה 1.5 ל' פפסי,"טמפו משקאות בע""\מ",IL,פפסי 1.5 ליטר שישייה,ליטרים,9.00,ליטר,false,,43.90,4.8778,false,1,186708
7290000136776,false,שישיית פפסי מקס דל קלוריות 1.5 ליטר,פפסי Pepsi,IL,פפסי מקס 1.5 ליטר שי,ליטרים,9.00,ליטר,false,,37.90,4.2111,false,1,186709
7290000136790,false,שישיית מי סודה טמפו 1.5 ליטר,"טמפו משקאות בע""\מ",IL,סודה 1.5 ליטר שישייה,ליטרים,9.00,ליטר,false,,17.90,1.9889,false,1,186701
7290000136806,false,מארז סודה רביעייה לימון ליים 1.5 ל' טמפו,טמפו משקאות בעמ,IL,סודה למון ליים 1.5 ל,ליטרים,4.00,ליטר,false,,11.90,2.9750,false,1,186702
7290000136813,false,סודה בטעם אננס מארז רביעייה 1.5 ל' טמפו,טמפו משקאות בע''מn\,IL,סודה אננס 1.5 ליטר ר,ליטרים,4.00,ליטר,false,,11.90,2.9750,false,1,186703
7290000136844,false,מארז מים מזוככים אקווה נובה שישיית 2 ליטר,"טמפו משקאות בע""\מ",IL,מי נובה 2 ליטר שישי,ליטרים,12.00,ליטר,false,,11.90,0.9917,false,1,186698
7290000136868,false,סאן בנדטו - מים מינרלים - מארז שישיית 1.5 ליטר,אקווה מינרלה סאן בנדטו ב,IT,סן בנדטו 1.5 ליטר שי,ליטרים,9.00,ליטר,false,,17.90,1.9889,false,1,186699
7290000136875,false,שישיית מים מינרליים מוגזים סן בנדטו 1.5 ליטר,סאן בנדטו San Benedetto,IT,סן בנדטו מוגז 1.5 לי,ליטרים,9.00,ליטר,false,,18.90,2.1000,false,1,186706
7290000137513,false,גלידונית גלידה וניל בציפוי שוקולד 60 יח' קרמיסימו,"גלידת שטראוס בע""\מ, רחוב",IL,קרמיסימו גלידונית 60,גרמים,630.00,100 גרם,false,,49.90,0.0792,false,1,7786
7290000137643,false,שלגוני טעמקור בטעם שוקו וניל שטראוס 8*50 גרם,"גלידת שטראוס בע""\מ, רחוב",IL,מאגדת טעמקור שוקו ונ,יח',8.00,יח',false,,39.90,4.9875,true,1,7787
7290000140056,false,עוף טחון,,,עוף טחון,קילוגרמים,1.00,"ק""ג",true,,39.90,39.9000,false,1,69188
7290000143187,false,"הוואי שמפו 2 ב 1 לגבר 700 מ""ל",שוורצקוף& הנקל דיסלד,IL,שמפו הוואי לגבר 700,מיליליטרים,700.00,"100 מ""ל",false,,8.90,0.0127,false,1,18783
7290000143200,false,"הוואי - מרכך לשיער יבש 700 מ""ל",שוורצקוף& הנקל דיסלד,IL,מרכך הוואי יבש 700 מ,מיליליטרים,700.00,"100 מ""ל",false,,8.90,0.0127,false,1,18785
7290000143217,false,"הוואי שמפו יבש מסולסל 700 מ""ל",שוורצקוף& הנקל דיסלד,IL,שמפו הוואי יבש 700 מ,מיליליטרים,700.00,"100 מ""ל",false,,8.90,0.0127,true,1,18786
7290000143255,false,"שמפו הוואי לשיער רגיל 700 מ""ל",שוורצקוף& הנקל דיסלד,IL,שמפו הוואי רגיל 700,מיליליטרים,700.00,"100 מ""ל",false,,8.90,0.0127,false,1,18787
7290000143262,false,"שמפו הוואי לילדים 700 מ""ל",שוורצקוף& הנקל דיסלד,IL,שמפו הוואי ילדים 700,מיליליטרים,700.00,"100 מ""ל",false,,8.90,0.0127,false,1,18788
7290000143279,false,"הוואי שמפו לשיער נגד קשקשים 700 מ""ל",שוורצקוף& הנקל דיסלד,IL,שמפו הוואי נגד קשקשי,מיליליטרים,700.00,"100 מ""ל",false,,8.90,0.0127,false,1,18789
7290000143286,false,"מרכך הוואי לשיער רגיל 700 מ""ל",טרופיקל דגיל קוסמטיק,IL,מרכך הוואי רגיל 700,מיליליטרים,700.00,"100 מ""ל",false,,8.90,0.0127,false,1,18790
7290000143293,false,"הוואי - מרכך ילדים מתיר קשרים 700 מ""ל",טרופיקל דגיל,IL,מרכך הוואי ילדים 700,מיליליטרים,700.00,"100 מ""ל",false,,8.90,0.0127,false,1,18791
7290000144160,false,"שמן זית כתית מעולה ארומתי עץ הזית 750 מ""ל","מרקאולאו, ספרד.אבסה,",IT,שמן זית בטעם מודגש 7,יחידה,750.00,יחידה,false,,29.90,0.0399,false,1,38722
7290000144467,false,שמן חמניות מועשר בנוגדי חמצון 1 ל' עץ הזית,"נארז ע""י : א.ג. גילר",GR,שמן חמניות בריאות,ליטרים,1.00,ליטר,false,,14.90,14.9000,false,1,18674
7290000144474,false,שמן עץ הזית קנולה 1 ליטר בריאות מהטבע,שמן תעשיות בעמ,EE,שמן קנולה בריאות,ליטרים,1.00,ליטר,false,,14.90,14.9000,false,1,18675
7290000146669,false,הוואי - סבון מוצק שמיים כחולים 100 גרם רביעייה,טרופיקל דגיל קוסמטיק,IL,רבעיה ס.מ.הוואי שמיי,גרמים,400.00,100 גרם,false,,12.90,0.0323,true,1,18823
7290000146676,false,הוואי - סבון מוצק לגבר 100 גרם רביעייה,טרופיקל דגיל קוסמטיק,PL,רבעיה ס.מ.הוואי לגבר,גרמים,400.00,100 גרם,false,,12.90,0.0323,true,1,18824
7290000146683,false,הוואי - סבון מוצק אפקט דאודורנט 100 גרם רביעייה,טרופיקל דגיל קוסמטיק,PL,רבעיה ס.מ.הוואי אפקט,גרמים,400.00,100 גרם,false,,12.90,0.0323,true,1,18825
7290000146928,false,"משחת שיניים לילדים בטעם ענבים טום וג'רי 50 מ""ל",טרופיקל דגיל קוסמטיק,IL,מ.שיניים טום וג'רי ע,מיליליטרים,50.00,"100 מ""ל",false,,6.90,0.1380,true,1,18833
7290000146997,false,משחת שיניים לילדים מסטיק טום וג'רי 50 מל,טרופיקל דגיל קוסמטיק,IL,מ.שיניים טום וג'רי מ,מיליליטרים,50.00,"100 מ""ל",false,,6.90,0.1380,true,1,18835
7290000148380,false,פיסטוקים קלויים קליית גת 200 גרם,"ג'י אנד ג'י בע""מ",IL,פיסטוק 200,גרמים,200.00,100 גרם,false,,21.00,0.1050,true,1,12715
7290000148489,false,"קליית גת גרעיני דלעת קלויים,200 גרם","ג'י אנד ג'י בע""מ",IL,גרעיני דלעת,גרמים,200.00,100 גרם,false,,8.50,0.0425,true,1,12716
7290000148618,false,קשיו מטוגן שקית קליית גת 200 גרם,"ג'י אנד ג'י בע""מ",IL,קאשיו 200,גרמים,200.00,100 גרם,false,,18.00,0.0900,true,1,12717
7290000148748,false,קליית גת גרעיני חמניה קלויים ומומלחים200,"ג'י אנד ג'י בע""מ",IL,גרעיני חמניה,גרמים,200.00,100 גרם,false,,6.00,0.0300,true,1,12719
7290000148939,false,שקדים קלויים קלית גת 200 ג',"ג'י אנד ג'י בע""מ",IL,שקד קלוי 200 גר,גרמים,200.00,100 גרם,false,,18.00,0.0900,true,1,12721
7290000149349,false,שמפו לשיער רגיל 1 ל' ויטל,,,שמפו ויטל 1 ליטר,ליטרים,1.00,ליטר,false,,16.90,16.9000,true,1,167940
7290000149615,false,רביעיית סבון מוצק קלאסי לתינוק נקה 7 4*100 גרם,גליל כימיקלים בעממשו,IL,נקה 7- לתינוק רביעיה,גרמים,400.00,100 גרם,false,,11.90,0.0298,true,1,22359
7290000149806,false,סופר 7-סבון נוזל כלים 1.0 ל',נקה 7,,סופר 7-ס.נוז' לכלים,ליטרים,1.00,ליטר,false,,12.90,12.9000,true,1,16734
7290000149851,false,סבון לניקוי והסרת כתמים סינטבון 460 גרם,יבואן ומשווק: ש. שסט,IL,סינטבון-כפול,גרמים,460.00,100 גרם,false,,10.90,0.0237,true,1,16737
7290000149905,false,טקסטיל נוזל לכביסה עדינה נקה 1 ליטר,מיוצר עי קונדיטוריית,IL,טקסטיל שמפו-1 ליטר נ,ליטרים,1.00,ליטר,false,,14.90,14.9000,true,1,16739
7290000150369,false,פסטרמה מקסיקנית צ'לי-משק,עיצובים 2020 (4.9),IL,פסטרמה מקסיקנית,קילוגרמים,1.00,"ק""ג",true,,74.00,74.0000,false,1,6242
7290000150468,false,פסטרמה רומנית הודו א,עיצובים 2020 (4.9),IL,פסטרמה רומנית הודו א,קילוגרמים,1.00,"ק""ג",true,,74.00,74.0000,false,1,6244
7290000150642,false,כתף בקר מעושן עוף טו,עיצובים 2020 (4.9),IL,כתף בקר מעושן,קילוגרמים,1.00,"ק""ג",true,,85.00,85.0000,false,1,6248
7290000150956,false,עוף טוב מקלוני קבנוס 160 גרם,מוצרי עוף טוב (2001) בע\,IL,מקלוני קבנוס עוף טוב,גרמים,160.00,100 גרם,false,,10.90,0.0681,true,1,41817
7290000151021,false,פסטרמה כפרית עוף טוב 100 ג',מוצרי עוף טוב (2001),IL,פסטרמה כפרית 100 גר,גרמים,100.00,100 גרם,false,,5.90,0.0590,true,1,62755
7290000151052,false,פסטרמה בדבש עוף-טוב,עיצובים 2020 (4.9),,פסטרמה בדבש,קילוגרמים,1.00,"ק""ג",true,,74.00,74.0000,false,1,6254
7290000151106,false,פסטרמה אמריקאית במשקל,עיצובים 2020 (4.9),IL,פסטרמה אמריקאית,קילוגרמים,1.00,"ק""ג",true,,74.00,74.0000,false,1,6255
7290000152028,false,חזה הודו מעושן+פפריקה מש,עיצובים 2020 (4.9),IL,חזה הודו מעושן,קילוגרמים,1.00,"ק""ג",true,,74.00,74.0000,false,1,6266
7290000152288,false,עוף טוב נקניקיות עוף מיס לוסי 400 גרם,מוצרי עוף טוב (2001) בע\,IL,נקנקיות עוף 400 עוף,גרמים,400.00,100 גרם,false,,11.90,0.0298,false,1,6267
7290000152943,false,מארז פסטרמה כפרית וסלמי כפרי עוף טוב 2*350 גרם,מוצרי עוף טוב (2001) בע\,IL,מארז סלמי + פסטרמה,גרמים,700.00,100 גרם,false,,24.90,0.0356,true,1,43726
7290000153445,false,קציצות בקר מתובלות 100% רכיבים טבעיים,מולינו ניקולי s.p.a,IL,עוף טוב קציצות בקר מ,גרמים,500.00,100 גרם,false,,28.90,0.0578,true,1,56362
7290000153469,false,קציצות עוף קלאסיות 100% רכיבים טבעיים,"מוצרי עוף טוב (2001) בע""",IL,עוף טוב קציצות עוף ק,גרמים,600.00,100 גרם,false,,28.90,0.0482,true,1,56194
7290000155524,false,פסטרמה פולנית עוף טו,עיצובים 2020 (4.9),IL,פסטרמה פולנית עוף טו,קילוגרמים,1.00,"ק""ג",true,,74.00,74.0000,false,1,24867
7290000158105,false,שניצל עוף מיני דינוזאור ללא אנטיביוטיקה מ100% ר.טבעי,"מוצרי עוף טוב (2001) בע""",IL,שניצל דינוזאור 100%,יחידה,0.00,יחידה,false,,33.90,0.0000,true,1,59538
7290000161358,false,תלמה מיונז אמיתי משמן קנולה 500 גרם,יוניליוור ישראל מזון בע\,IL,מיונז אמיתי משמן קנו,גרמים,500.00,100 גרם,false,,16.50,0.0330,false,1,12227
7290000168173,false,"ברנפלקס קרנצ'ים תלמה בד""ץ 375 גרם",יוניליור ישראל מזון,IL,דגני בוקר קראנצ'ים,גרמים,375.00,100 גרם,false,,19.90,0.0531,false,1,62629
7290000169538,false,"נמס בכוס עגבניות וקרוטונים מרק כשרות בד""ץ 62 ג' קנור",יוניליוור ישראל מזון בע\,IL,נמס בכוס עגבניות וקר,גרמים,62.00,100 גרם,false,,7.00,0.1129,false,1,64647
7290000169798,false,"עוגי מופחת סוכר 20% פצפוצי שוקו' 500ג' בד""צ",יוניליוור ישראל מזון בע\,IL,עוגי מופחת סוכר 500,גרמים,500.00,100 גרם,false,,19.90,0.0398,false,1,65289
7290000170053,false,"שוקולד פרה חלב 100 גרם בד""צ לל""ג","שטראוס גרופ בע""\מ.",IL,שוקולד חלב פרה 100 ג,גרמים,100.00,100 גרם,false,,6.00,0.0600,false,1,9660
7290000174723,false,שוקולית אבקה להכנת משקה שוקו 500 גרם,הנסיך- מפעל לייצור ט,IL,שוקולית 500 גרם,גרמים,500.00,100 גרם,false,,11.90,0.0238,false,1,9677
7290000176062,false,קפה טורקי בשקית 100 ג' עלית,שטראוס קפה בי.ויn\.,IL,קפה טורקי 100 גרם,גרמים,100.00,100 גרם,false,,8.90,0.0890,false,1,9684
7290000176079,false,קפה עלית טורקי עם הל 100 גרם,הנסיך- מפעל לייצור ט,IL,קפה עם הל 100 גרם,גרמים,100.00,100 גרם,false,,9.90,0.0990,true,1,9685
7290000176116,false,"קפה טורקי עלית וואקום 1 ק""ג",הנסיך- מפעל לייצור ט,IL,קפה טורקי אריזת ואקו,קילוגרמים,1.00,"ק""ג",false,,82.90,82.9000,false,1,9688
7290000176413,false,קפה נמס אבקתי 50 ג' עלית,הנסיך- מפעל לייצור ט,IL,קפה נמס 50 גרם,גרמים,50.00,100 גרם,false,,9.50,0.1900,false,1,9691
7290000176420,false,קפה נמס פחית עלית 200 גרם,שטראוס קפה בי.וי,IL,קפה נמס עלית 200 גרם,גרמים,200.00,100 גרם,false,,19.90,0.0995,false,1,9692
7290000176468,false,קפה נמס נטול קפאין 50 ג' קפה האג,"איי, בי, אינבוו",IL,קפה נמס האג נטול קפא,גרמים,50.00,100 גרם,false,,11.50,0.2300,true,1,9693
7290000176475,false,האג קפה נמס נטול קפאין עלית 200 גרם,שטראוס גרופ,VN,קפה נמס האג נטול קפא,גרמים,200.00,100 גרם,false,,35.90,0.1795,false,1,9694
7290000178707,false,תפוצ'יפס בטעם טבעי 50 גרם,"שטראוס פריטו ליי בע""\מ )",IL,תפוצ'יפס 50,גרמים,50.00,100 גרם,false,,3.90,0.0780,false,1,10142
7290000178721,false,תפוצ'יפס בטעם טבעי 200 גרם,"שטראוס פריטו ליי בע""\מ )",IL,תפוצ'יפס 200,גרמים,200.00,100 גרם,false,,10.90,0.0545,false,1,10144
7290000180212,false,שוקולוד פרה מריר אגוזים 100ג' עלית,"שטראוס גרופ בע""מ",IL,שוקולד מריר עם אגוזי,גרמים,100.00,100 גרם,false,,6.00,0.0600,false,1,35440
7290000185224,false,סילאן בקבוק לחיץ תמר כנרת 650 גר,תמר כנרת,IL,סילאן כנרת בקבוק לחי,גרמים,650.00,100 גרם,false,,14.90,0.0229,true,1,35865
7290000185293,false,סילאן טבעי תמר כנרת 350 גרם,"חצר כנרת מוצרי תמר אגש""ח",IL,סילן טבעי 350גר,גרמים,350.00,100 גרם,false,,12.90,0.0369,true,1,39889
7290000185330,false,סילאן טבעי תמר כנרת 900 גר,טעמי הגליל,IL,סילאן טבעי חצר כנרת,גרמים,900.00,100 גרם,false,,22.90,0.0254,true,1,57178
7290000185590,false,סילאן טבעי בבקבוק לחיץ 650 גרם,"טעמי הגליל בע""\מ עבור וי",IL,סילאן טבעי בקבוק לחי,גרמים,650.00,100 גרם,false,,18.90,0.0291,true,1,124371
7290000186030,false,מגבוני האגיס תחליב דיספנסר רביעייה,קימברלי קלארק,IL,מארז מגבוני דיסני עם,יחידה,0.00,יחידה,false,,26.90,0.0000,false,1,103821
7290000186535,false,נייר טואלט תלת שכבתי לבן לילי 32 יחידות,לילי נייר טואלט חוגלה,IL,לילי טריו 32 גלילים,יחידה,0.00,יחידה,false,,45.90,0.0000,false,1,70066
7290000187860,false,מגבוני טואלט לחים לילי דיספנסר 40יח',עלבד משואות יצחק בעמ,IL,מגבוני טואלט לחי,גרמים,59.00,100 גרם,false,,8.90,0.1508,false,1,13427
7290000187921,false,נייר טואלט דו שכבתי לבן לילי 32 יחידות,לילי נייר טואלט חוגלה,IL,נייר טואלט לילי לבן,גרמים,1969.00,100 גרם,false,,38.90,0.0198,false,1,30624
7290000187938,false,"נייר טואלט ""לילי"" פסטל 32 גלילים",לילי נייר טואלט חוגלה,IL,נייר טואלט לילי פסטל,יחידה,0.00,יחידה,false,,39.90,0.0000,false,1,30625
7290000187952,false,נייר טואלט תלת שכבתי ורוד לילי 32 יחידות,לילי נייר טואלט חוגלה,IL,נייר טואלט לילי טריו,גרמים,1788.00,100 גרם,false,,45.90,0.0257,false,1,30607
7290000188270,false,קליניקס ממחטות אף אולטרא סופט 2*80 דף,חוגלה קימברלי,IL,זוג טישו עם לחות- קל,גרמים,390.00,100 גרם,false,,18.90,0.0485,false,1,13433
7290000188553,false,קוטקס מגן תחתון יאנג ביג 60 יחידות,קימברלי קלארק,CN,מגן תחתון קוטקס נורמ,יחידה,0.00,יחידה,false,,17.90,0.0000,true,1,41307
7290000188591,false,קוטקס מגן תחתון יאנג ביג 60 יחידות,קימברלי קלארק,CN,מגן תחתון קוטקס יאנג,יחידה,0.00,יחידה,false,,17.90,0.0000,true,1,41308
7290000188782,false,מגבונ.טיטולים בישום עדין,חוגלה קימברלי,IL,מגבוני טיטולים רביעי,יחידה,0.00,יחידה,false,,15.00,0.0000,false,1,99714
7290000189116,false,תבניות עגולות עבות במיוחד 5 יחידות ניקול,ניקול,CN,תבניות חד פעמי ניקול,יחידה,0.00,יחידה,false,,10.90,0.0000,true,1,94010
7290000189192,false,סופר מטלית מטליות נייר רב פעמיות ניקול 64 יחידות,קימברלי קלארק,IL,מטלית חכמה יומית - נ,יחידה,0.00,יחידה,false,,18.90,0.0000,true,1,13435
7290000189260,false,תבניות מלבניות עבות וחזקות ניקול 5 יחידות,ניקול,CN,תבניות מלבניות ניקול,יחידה,0.00,יחידה,false,,10.90,0.0000,true,1,94012
7290000189277,false,תבניות מלבניות עבות וחזקות ניקול 3 יחידות,ניקול,CN,תבניות מלבניות גדולו,יחידה,0.00,יחידה,false,,10.90,0.0000,true,1,94013
7290000189482,false,תבניות אפיה מרובעות מקרטון ניקול 4 יחידות,"דוקארט בעמ, קיבוץ כפ",IL,תבנית אפיה מקרטון מר,יחידה,0.00,יחידה,false,,10.90,0.0000,true,1,37359
7290000189499,false,תבנית קרטון אפיה עגולה אינגליש ניקול 3יח',"דוקארט בעמ, קיבוץ כפ",IL,תבנית אפייה מקרטון ע,יחידה,0.00,יחידה,false,,10.90,0.0000,true,1,37506
7290000189505,false,ניקול תבנית אפייה מקרטון אינגליש קייק ניקול 5 יחידות,"דוקארט בעמ, קיבוץ כפ",IL,תבנית אפיה מקרטון אי,יחידה,0.00,יחידה,false,,10.90,0.0000,true,1,37360
7290000189536,false,שקיות אשפהעם שרוך 65*52 ניקול 40 יחידות,אשפלסט,TR,אשפתון 40 יח',יחידה,0.00,יחידה,false,,19.90,0.0000,false,1,13438
7290000189550,false,"שקיות אשפה ענקיות עם שרוך 78 * 90 ס""מ ניקול 2 * 10 יחידות",חוגלה קימברלי,IL,זוג שקיות אשפתון,יחידה,0.00,יחידה,false,,22.90,0.0000,false,1,13440
7290000189598,false,מטליות לחות חד פעמיות לניקוי כללי 50 יח' ניקול,עלבד משואות יצחק בעמ,IL,ניקול מטליות לחות,יחידה,0.00,יחידה,false,,10.90,0.0000,false,1,33604
7290000189659,false,מטליות לחות לרצפה ניקול 10 יח'-מרכז,עלבד משואות יצחק בעמ,IL,מטליות לחות רצפה ניק,יחידה,0.00,יחידה,false,,10.90,0.0000,false,1,36373
7290000189734,false,מטליות לחות לניקוי פרקט ניקול 10 יחידות,עלבד משואות יצחק בעמ,IL,מטליות לחות לפרקט,יחידה,0.00,יחידה,false,,10.90,0.0000,true,1,42334
7290000189871,false,"שקיות אשפה עם שרוך 52 * 65 ס""מ ניקול 55 שקיות",חוגלה קימברלי,IL,אשפתון 60 שקיות מתכל,יחידה,0.00,יחידה,false,,22.90,0.0000,false,1,32227
7290000190068,false,מפיות אירוח לבן 100 יחי' ניקול,חוגלה קימברלי,IL,מפיות ניקול- 100 יח',יחידה,0.00,יחידה,false,,6.90,0.0000,false,1,13442
7290000190150,false,מפיות מודפסות תלת שכבתיות ניקול 20 יחידות,חוגלה קימברלי,SI,מפיות מעוטרות ניקול-,גרמים,102.00,100 גרם,false,,6.90,0.0676,true,1,13444
7290000190198,false,מטליות לחות לניקוי וחיטוי 99.9% ניקול 50 יחידה,עלבד משואות יצחק בעמ,IL,מטלית לניקוי שירותים,יחידה,0.00,יחידה,false,,10.90,0.0000,false,1,65896
7290000190716,false,שקדים פרוסים,,,שקדים פרוסים,קילוגרמים,1.00,"ק""ג",true,,72.00,72.0000,true,1,19977
7290000191225,false,חיתולים ליטל בייביז מידה 2 האגיס 46 יחידות,קימברלי קלארק שיווק,IL,האגיס שלב 2,יחידה,0.00,יחידה,false,,37.90,0.0000,false,1,96003
7290000191539,false,חמישיית ממחטות טישו צבועני לילי 100 יחידות,חוגלה קימברלי,IL,מגבוני לילי צבעוני ח,גרמים,593.00,100 גרם,false,,13.90,0.0234,true,1,13455
7290000191546,false,ממחטות טישו צבעוני 2 שכבות לילי מארז 100X3יח',חוגלה קימברלי,IL,צבעוני שלישיה,גרמים,420.00,100 גרם,false,,10.90,0.0260,false,1,13456
7290000191652,false,שלישיית ממחטות אולטרה סופט קלינקס 90 יחידות,חוגלה קימברלי,IL,מארז קלינקס שלישיה,יחידה,0.00,יחידה,false,,11.90,0.0000,false,1,27649
7290000191966,false,נייר טואלט לילי לח נטורל קר 48 דפים,עלבד משואות יצחק בעמ,IL,נ.ט לילי לח סנסטיב,יחידה,0.00,יחידה,false,,8.90,0.0000,true,1,55178
7290000192581,false,מגבת נייר גליל כפול ניקול 12=6 גליל,קימברלי-קלארק,IL,שישיה נייר מגבת ניקו,יחידה,0.00,יחידה,false,,21.90,0.0000,false,1,104968
7290000193014,false,מגן תחתון פדיות אינטרלוד לילי 50 יחידות,חוגלה קימברלי,CZ,פדיות אינטרלוד,יחידה,0.00,יחידה,false,,10.60,0.0000,true,1,13459
7290000193076,false,"שלישיית מטליות לריצפה ""ניקול""",עופרטקס,IL,מטליות בד לריצפה מאר,יחידה,0.00,יחידה,false,,10.90,0.0000,true,1,69538
7290000193083,false,נובה-לי תחבושות היגייניות לילי 28 יחידות,חוגלה קימברלי,CZ,נובה לי 28,יחידה,0.00,יחידה,false,,10.60,0.0000,true,1,28829
7290000193205,false,תחבושות עם כנפיים ללילה נטורל לילי 20 יחידות,חוגלה קימברלי,BE,לילי נטורל לילה,יחידה,0.00,יחידה,false,,12.90,0.0000,true,1,19112
7290000193472,false,מגן תחתון נטורל נורמל לילי 60 יחידות,חוגלה קימברלי,ES,פדיות לילי אינטר,יחידה,0.00,יחידה,false,,12.90,0.0000,true,1,13464
7290000193540,false,מגן תחתון לונג נטורל לילי 52 יחידות,חוגלה קימברלי,ES,לילי אינטימייט ל,יחידה,0.00,יחידה,false,,12.90,0.0000,true,1,13465
7290000193618,false,לילי אינטימייט מגן תחתון נורמל 24 יח',חוגלה קימברלי,ES,לילי אינטימייט ל,יחידה,0.00,יחידה,false,,12.90,0.0000,true,1,13466
7290000193649,false,תחבושות עם כנפיים נורמל פלוס לילי 24 יחידות,חוגלה קימברלי,ES,זוג תחבושות לילי,יחידה,0.00,יחידה,false,,12.90,0.0000,true,1,13467
7290000193656,false,תחבושות עם כנפיים סופר פלוס לילי 24 יחידות,חוגלה קימברלי,ES,זוג תחבושות לילי,יחידה,0.00,יחידה,false,,12.90,0.0000,true,1,13468
7290000193793,false,לילי תחבושות אינטימי נורמל אולט' 24 יח',חוגלה קימברלי,BE,תחבושות אולטרה נ,יחידה,0.00,יחידה,false,,12.90,0.0000,false,1,13470
7290000194172,false,"חטיף אטיאס 250 גרם לל""ס",ממתקי השלום,IL,חטיפים ללא סוכר 250ג,גרמים,250.00,100 גרם,false,,12.90,0.0516,true,1,60559
7290000194288,false,משטח החתלה האגיס 10 יחידות,חוגלה קימברלי,BE,משטח החתלה האגיס,יחידה,0.00,יחידה,false,,23.90,0.0000,true,1,29704
7290000194837,false,ניקול - שקיות מזון + ידיות קשירה אקסטרה לארג' 200 יח',ניקול,CN,ניקול שקיות מזון XL,יחידה,0.00,יחידה,false,,11.90,0.0000,true,1,68596
7290000195216,false,נייר אפייה בשקית ניקול 50 יחידות,ניקול,IL,נייר אפיה נישלף,יחידה,0.00,יחידה,false,,10.90,0.0000,false,1,68609
7290000195537,false,האגיס - מגבוני האגיס דיילי קר לא מבושם 64 יח' * 4,חוגלה קימברלי,IL,מגבונים האגיס,יחידה,0.00,יחידה,false,,19.90,0.0000,false,1,13508
7290000195773,false,האגיס - מגבוני האגיס סנסטיב קר לא מבושם 64 יח' * 4,חוגלה קימברלי,IL,האגיס נטורל מילוי רב,יחידה,0.00,יחידה,false,,19.90,0.0000,false,1,13515
7290000196039,false,"מפות שולחן איריס ח""פ ניקול 2 יח'",חוגלה קימברלי,IL,זוג מפות ניקול,גרמים,250.00,100 גרם,false,,10.90,0.0436,true,1,13516
7290000196343,false,מפת שולחן מהודרת ניקול 1 יחידה,חוגלה קימברלי,IL,מפת שולחן מהודרת,יחידה,0.00,יחידה,false,,10.90,0.0000,true,1,13519
7290000196763,false,"שקיות אשפה חזקות במיוחד עם שרוך 52 * 65 ס""מ ניקול 40 יחידות",חוגלה קימברלי,IL,אשפתון ניקול השקית ה,יחידה,0.00,יחידה,false,,21.00,0.0000,true,1,43426
7290000197012,false,שקיות ריצ'רץ' אחסון למזון ניקול 15 יחידות,חוגלה קימברלי,CN,שקיות ריץ רץ לאיחסון,יחידה,0.00,יחידה,false,,16.00,0.0000,true,1,22376
7290000197029,false,שקיות ריצ'רץ' רב תכליתיות ניקול 12 יחידות,קריות זול,IL,שקיות ריצ רצ לאיחסון,יחידה,0.00,יחידה,false,,16.00,0.0000,true,1,22377
7290000197081,false,ניקול ניילון נצמד 150 מטר+מתקן לחיתוך קל,חוגלה קימברלי,IL,ניילון נצמד- 150 מטר,יחידה,0.00,יחידה,false,,27.90,0.0000,true,1,13520
7290000197326,false,רדיד אלומניום ניקול זוגי 30X7.5מ',חוגלה קימברלי,IL,זוג נייר כסף קטן- עו,יחידה,0.00,יחידה,false,,11.90,0.0000,false,1,13524
7290000197340,false,"רדיד אלומניום ארוך 45 ס""מ רוחב ניקול 7.5 מטר",חוגלה קימברלי,IL,זוג רדיד אלומיניום א,יחידה,0.00,יחידה,false,,16.90,0.0000,true,1,13525
7290000197425,false,חיתולים פרידום דריי שלב 3 האגיס 52 יחידות,קימברלי קלארק ישראל,IL,האגיס פרידום דריי של,יחידה,0.00,יחידה,false,,41.90,0.0000,false,1,71279
7290000197432,false,שקיות אוכל סנדביצ'ון ניקול מארז 150X2יח',"אשפלסט תעשיות בע""מ",IL,סנדוויצון זוג- 300 י,יחידה,0.00,יחידה,false,,13.90,0.0000,true,1,13527
7290000197456,false,חיתולים פרידום דריי שלב 4 האגיס 44 יחידות,קימברלי קלארק ישראל,IL,האגיס פרידום שלב 4,יחידה,0.00,יחידה,false,,41.90,0.0000,false,1,93929
7290000197463,false,חיתולים פרידום דריי שלב +4 האגיס 40 יחידות,קימברלי קלארק ישראל,IL,האגיס פרידום דריי של,יחידה,0.00,יחידה,false,,41.90,0.0000,false,1,71280
7290000197470,false,שקיות רב שימושיות מתכלות ניקול 250 יחידות,אשלפסט תעשיות בעמ,IL,שקיות רב שימושי- 200,יחידה,0.00,יחידה,false,,16.90,0.0000,true,1,13528
7290000197548,false,חיתולים פרידום דריי שלב 5 האגיס 36 יחידות,קימברלי קלארק ישראל,IL,האגיס פרידום דריי של,יחידה,0.00,יחידה,false,,41.90,0.0000,false,1,71281
7290000197654,false,שקיות אשפה ענקיות נשלפות 75*90 ניקול 50 יחידות,"אשפלסט תעשיות בע""מ",IL,שקיות אשפה ניקול בגו,יחידה,0.00,יחידה,false,,22.90,0.0000,false,1,13534
7290000197678,false,חיתולי האגיס פרידום דריי שלב 6 30 יחידות,קימברלי קלארק ישראל,IL,האגיס פרידום פלוס של,יחידה,0.00,יחידה,false,,41.90,0.0000,false,1,71282
7290000197753,false,ניילון נצמד אנטי בטקריאלי ניקול 30X2מ',חוגלה קימברלי,CN,זוג ניילון נצמד,יחידה,0.00,יחידה,false,,11.90,0.0000,false,1,13538
7290000197876,false,תבניות אלומיניום קטנות עם מכסה ניקול 4 יחידות,חוגלה קימברלי,CN,מגשית אלומיניום עם מ,יחידה,0.00,יחידה,false,,8.90,0.0000,true,1,13542
7290000197883,false,תבנית אלומיניום 100 גדולה ניקול 4 יחידות,חוגלה קימברלי,CN,מגשית אלומיניום גדול,יחידה,0.00,יחידה,false,,9.90,0.0000,true,1,13543
7290000197951,false,תבניות אלומיניום ענקיות ניקול 3 יחידות,חוגלה קימברלי,CN,מגש אלומיניום ענק 3,יחידה,0.00,יחידה,false,,9.90,0.0000,true,1,13544
7290000197982,false,"רדיד אלומיניום עבה 45 ס""מ רוחב ניקול 2 יח' 7.5 מטר",ניקול,IL,זוג רדיד אלומיניום ע,יחידה,0.00,יחידה,false,,22.90,0.0000,true,1,13545
7290000197999,false,רדיד אלומיניום עבה ניקול זוגי 30X7.5מ',קריות זול,IL,זוג רדיד אלומיניום ע,יחידה,0.00,יחידה,false,,17.90,0.0000,true,1,13546
7290000199313,false,קוטקס יאנג תחבושות עם כנפיים נורמל חדש30,חוגלה קימברלי,CZ,תחבושות קוטקס יאנג 2,יחידה,0.00,יחידה,false,,17.90,0.0000,true,1,26616
7290000201832,false,טיטולים פרימיום שלב 3 50 יחידות,חוגלה קימברלי,IL,טיטולים פרימיום שלב,יחידה,0.00,יחידה,false,,32.90,0.0000,false,1,94428
7290000201849,false,טיטולים פרימיום שלב 4 42 יח' (8-14),חוגלה קימברלי,IL,טיטולים פרימיום שלב,יחידה,0.00,יחידה,false,,32.90,0.0000,false,1,94429
7290000201856,false,טיטולים פרימיום שלב4+ 38 יחידות .,חוגלה קימברלי,IL,טיטולים פרימיום שלב,יחידה,0.00,יחידה,false,,32.90,0.0000,false,1,94430
7290000201870,false,טיטולים פרימיום שלב 6 30 יחידות,חוגלה קימברלי,IL,טיטולים פרימיום שלב,יחידה,0.00,יחידה,false,,32.90,0.0000,false,1,94432
7290000201979,false,האגיס מגבונים ללא בישום רביעייה מהדורה,חוגלה קימברלי,IL,מגבוני האגיס רביעיה,יחידה,0.00,יחידה,false,,19.90,0.0000,false,1,96897
7290000204086,false,ניקול כרית קרצוף מארז שלישייה,חוגלה קימברלי,US,כרית קרצוף ניקול,יחידה,0.00,יחידה,false,,10.90,0.0000,false,1,13553
7290000204147,false,רביעיית כרית יפנית עבה ניקול 4 יחידות,פלסטו פוליש (ברקן),IL,כרית יפנית רביעיה,יחידה,0.00,יחידה,false,,10.90,0.0000,false,1,22378
7290000204215,false,שישיית כרית יפנית ניקול 6 יחידות,פלסטו פוליש (ברקן),IL,כרית יפנית שישייה ני,יחידה,0.00,יחידה,false,,10.90,0.0000,false,1,13554
7290000204239,false,ניקול מטליות ריצפה רביעיה,חוגלה קימברלי,IL,מטליות רצפה רביע,יחידה,0.00,יחידה,false,,12.90,0.0000,true,1,13555
7290000204253,false,מטליות רב שימושיות לניקיון ניקול 9 יחידות,נועם אורים-קיבוץ אור,IL,מטליות ניקול תשי,יחידה,0.00,יחידה,false,,10.90,0.0000,false,1,13556
7290000204512,false,מטליות לחות לניקוי רצפה בריח לימון ניקול 10 יחידות,עלבד משואות יצחק בעמ,IL,מטליות לחות לריצפה ב,יחידה,0.00,יחידה,false,,10.90,0.0000,true,1,103171
7290000204611,false,שישיית ספוגית הקסם ניקול 6 יחידות,חוגלה קימברלי,US,ניקול ספוגית,יחידה,0.00,יחידה,false,,10.90,0.0000,false,1,13560
7290000205762,false,חיתולי האגיס אקסטרה קר מידה 3 48 יחידות,חוגלה קימברלי,IL,האגיס אקסטרה קייר מי,יחידה,0.00,יחידה,false,,49.90,0.0000,false,1,97980
7290000205915,false,חיתולי האגיס אקסטרה קייר מידה 4 40 יחידות,חוגלה קימברלי,IL,האגיס אקסטרה קייר מי,יחידה,0.00,יחידה,false,,49.90,0.0000,false,1,97981
7290000207162,false,רוטב עגבניות מרכיב טבעי 100 ג' יכין,"זנלכל בע""\מ",IL,רוטב עגבניות יכין 10,גרמים,100.00,100 גרם,false,,2.50,0.0250,false,1,18149
7290000207438,false,עגבניות 2.5 A קוביות 850 גרם יכין,"זנלכל בע""\מ",IL,קוביות עגבניות 800 ג,גרמים,800.00,100 גרם,false,,8.90,0.0111,true,1,34328
7290000208008,false,רסק פלפל חריף חריסה A2 יכין 550 ג',"זנלכל בע""\מ",IL,חריסה רסק פלפל חריף,גרמים,600.00,100 גרם,false,,8.90,0.0148,true,1,18151
7290000208022,false,עגבניות מרוסקות פריכוז 800 ג' יכין,"זנלכל בע""\מ",IL,עגבניות מרוסקות 800,גרמים,800.00,100 גרם,false,,8.90,0.0111,true,1,25700
7290000208077,false,אפונת גינה רגילה 550 גרם יכין,"זנלכל בע""\מ",IL,אפונת גינה בינוני 55,גרמים,550.00,100 גרם,false,,8.50,0.0155,true,1,18153
7290000208091,false,אפונה קטנה עדינה יכין 550 גרם,"זנלכל בע""\מ",IL,אפונה קטנה 2A יכ,גרמים,600.00,100 גרם,false,,8.90,0.0148,true,1,18155
7290000208114,false,"אפונה וגזר יכין A2 פ""ק בית יוסף","זנלכל בע""\מ",IL,אפונה וגזר 550 גרם,גרמים,550.00,100 גרם,false,,8.50,0.0155,true,1,18156
7290000208138,false,סירופ דיאט בטעם ענבים יכין 1 ליטר,"זנלכל בע""\מ",IL,סירופ דיאט ענבים,ליטרים,1.00,ליטר,false,,16.90,16.9000,true,1,18158
7290000208145,false,גרעיני תירס מתוק לייט 550 גרם יכין,"זנלכל בע""\מ",IL,תירס לייט 550 גרם,גרמים,550.00,100 גרם,false,,8.90,0.0162,true,1,18159
7290000208176,false,"תפוח אדמה יכין A2 פ""מ בית יוסף","זנלכל בע""מ",IL,תפוחי אדמה יכין 550,גרמים,550.00,100 גרם,false,,8.90,0.0162,true,1,18160
7290000208213,false,שעועית לבנה אפויה A2 ברוטב עגבניות יכין 560ג',היינץ צפון אמריקה מק,IL,שעועית אפויה לבנה בר,גרמים,580.00,100 גרם,false,,8.50,0.0147,true,1,18162
7290000208220,false,"שעועית צ'לי יכין פ""ק A2 בית יוסף",היינץ צפון אמריקה מק,IL,שעועית צ'ילי מקסיקני,גרמים,550.00,100 גרם,false,,8.90,0.0162,true,1,18163
7290000208244,false,"בסיס לשקשוקה יכין A2 פ""ק בית יוסף","זנלכל בע""מ",IL,בסיס עגבניות לשקשוקה,גרמים,570.00,100 גרם,false,,8.90,0.0156,true,1,18164
7290000208251,false,שעועית ירוקה חתוכה יכין 550 גרם,"זנלכל בע""מ",IL,שעועית ירוקה חתוכה,גרמים,550.00,100 גרם,false,,8.90,0.0162,true,1,18165
7290000208268,false,שעועית צהובה א-2. יכין 550 ג',קריות זול,IL,שעועית צהובה חתוכה,גרמים,550.00,100 גרם,false,,8.90,0.0162,true,1,18166
7290000208329,false,גרעיני תירס מתוק 550 גרם יכין,"זנלכל בע""\מ",IL,תירס מתוק 550 גרם,גרמים,550.00,100 גרם,false,,8.50,0.0155,false,1,18168
7290000208336,false,רסק יכין 240גר 22% יכין בית יוסף,"זנלכל בע""\מ",IL,רוטב עגבניות 240 גר',גרמים,240.00,100 גרם,false,,4.50,0.0188,false,1,23578
7290000208404,false,A2 פול מצרי 550 גרם יכין,"זנלכל בע""\מ",IL,פול מצרי 600 גרם,גרמים,600.00,100 גרם,false,,7.90,0.0132,true,1,18169
7290000208428,false,גרגרי חומוס שלם 550 גרם יכין,"זנלכל בע""\מ",IL,חומוס גרעינים 550 גר,גרמים,550.00,100 גרם,false,,8.50,0.0155,true,1,18170
7290000208480,false,גרעיני תירס מתוק בטעם חמאה 550 גרם יכין,"זנלכל בע""\מ",IL,תירס בטעם חמאה,גרמים,550.00,100 גרם,false,,8.90,0.0162,true,1,18173
7290000208534,false,גרעיני תירס מתוק לילדים 550 גרם יכין,"זנלכל בע""\מ",IL,תירס קיד 550 גרם,גרמים,550.00,100 גרם,false,,8.90,0.0162,true,1,18174
7290000208855,false,רוטב לפסטה קלאסי 240 גרם יכין,"זנלכל בע""\מ",IL,רוטב עגבניות לפסטה 2,גרמים,240.00,100 גרם,false,,4.90,0.0204,true,1,23583
7290000208930,false,עגבניות מרוסקות בתוספת שום 240 גרם יכין,"זנלכל בע""מ",IL,עגבניות מרוסקות עם ש,גרמים,260.00,100 גרם,false,,4.90,0.0188,true,1,23581
7290000208947,false,עגבניות מרוסקות יכין 260 גרם,היינץ צפון אמריקה מק,IL,עגבניות מרוסקות 260,גרמים,260.00,100 גרם,false,,4.90,0.0188,true,1,23577
7290000209012,false,חומץ 1ליטר יכין הדרים,"זנלכל בע""\מ",IL,חומץ הדרים 5%,ליטרים,1.00,ליטר,false,,6.90,6.9000,true,1,18178
7290000209043,false,מיץ לימון לתיבול יכין 1 ליטר,היינץ צפון אמריקה מק,IL,רוטב לימון 1 ליטר יכ,ליטרים,1.00,ליטר,false,,6.90,6.9000,true,1,18179
7290000209173,false,חומצה אצטית למזון 5% יכין 1 ליטר,"זנלכל בע""\מ",IL,חומץ סינטטי,ליטרים,1.00,ליטר,false,,4.90,4.9000,true,1,18180
7290000209371,false,תירס מתוק יכין 200 גרם מארז 3 יח',היינץ צפון אמריקה מק,IL,שלישיה תירס יכין 3*1,גרמים,420.00,100 גרם,false,,13.90,0.0331,false,1,95606
7290000209388,false,תירס מתוק לייט יכין 200 גרם מארז 3 יח',"זנלכל בע""\מ",IL,שלישיות תירס לייט יכ,גרמים,165.00,100 גרם,false,,13.90,0.0842,true,1,98483
7290000209517,false,סירופ דיאט בטעם לימון יכין 1 ליטר,היינץ צפון אמריקה מק,IL,סירופ לימון דיאט,ליטרים,1.00,ליטר,false,,16.90,16.9000,true,1,18192
7290000209524,false,סירופ דיאט בטעם פטל יכין 1 ליטר,"זנלכל בע""\מ",IL,סירופ פטל דיאט,ליטרים,1.00,ליטר,false,,16.90,16.9000,true,1,18193
7290000209555,false,סירופ דיאט בטעם תפוחים יכין 1 ליטר,"זנלכל בע""\מ",IL,"סירופ ת""ע דיאט",ליטרים,1.00,ליטר,false,,16.90,16.9000,true,1,18195
7290000209579,false,סירופ דיאט בטעם אננס יכין 1 ליטר,"זנלכל בע""\מ",IL,סירופ אננס דיאט,ליטרים,1.00,ליטר,false,,16.90,16.9000,true,1,18197
7290000209708,false,עגבניות מרוסקות עם בזיליקום יכין 240 גרם,היינץ צפון אמריקה מק,IL,עגבניות מרוסקות עם ב,גרמים,260.00,100 גרם,false,,4.90,0.0188,true,1,23582
7290000209722,false,רסק עגבניות 28% פריכוז 580 גרם יכין,"זנלכל בע""\מ",IL,רסק עגבניות פריכוז,גרמים,580.00,100 גרם,false,,9.90,0.0171,true,1,18199
7290000209906,false,עגבניות מרוסקות בתוספת בצל 240 גרם יכין,זנלכל,IL,עגבניות מרוסקות עם ב,גרמים,260.00,100 גרם,false,,4.90,0.0188,true,1,33617
7290000209913,false,עגבניות חתוכות לקוביות 240 גרם יכין,"זנלכל בע""\מ",IL,עגבניות קוביות 260 ג,גרמים,260.00,100 גרם,false,,4.90,0.0188,true,1,34708
7290000209944,false,רוטב לעגבניות בסיס לשקשוקה 240 ג' יכין,"זנלכל בע""\מ",IL,רוטב עגבניות לשקשוקה,גרמים,260.00,100 גרם,false,,4.90,0.0188,true,1,30976
7290000209951,false,רוטב עגבניות לפיצה 260 גרם יכין,"זנלכל בע""\מ",IL,רוטב עגבניות לפיצה 2,גרמים,260.00,100 גרם,false,,4.90,0.0188,true,1,31060
7290000209968,false,רוטב עגבניות ללזניה יכין 240 גרם,"זנלכל בע""\מ",IL,רוטב עגבניות ללזניה,גרמים,260.00,100 גרם,false,,4.90,0.0188,true,1,31061
7290000210469,false,עגבניות שלמות יכין A2.5 בית יוסף,זנלכל,IL,עגבניות שלמות מקולפו,גרמים,800.00,100 גרם,false,,8.90,0.0111,true,1,38164
7290000210896,false,רוטב לפסטה בולונז 240 גרם יכין,"זנלכל בע""מ",IL,רוטב בולונז לפסטה 24,גרמים,240.00,100 גרם,false,,4.90,0.0204,true,1,39216
7290000211138,false,סיימן גבינת עיזים הו,,,גבינת עיזים הולנדית,קילוגרמים,1.00,"ק""ג",true,,145.00,145.0000,true,1,69727
7290000211169,false,"אורז תאילנדי אחד אחד סוגת 1 ק""ג",האי נאם סי או אל.טי.,IL,אורז תאילנדי 1 קג,יחידה,1.00,יחידה,false,,6.90,6.9000,false,1,9589
7290000211312,false,סוגת אורז מלא פרסי אחד אחד 1 קג,האי נאם סי או אל.טי.,IL,אורז מלא,יחידה,1.00,יחידה,false,,9.90,9.9000,true,1,9591
7290000211374,false,"קמח חיטה מלא סוגת 1 ק""ג",טחנת קמח דגן-שטיבל,IL,קמח מלא 1קג,יחידה,1.00,יחידה,false,,6.90,6.9000,false,1,9592
7290000211442,false,"סוגת אורז פרסי קלאסי שקית 1 ק""ג",האי נאם סי או אל.טי.,IL,אורז פרסי,יחידה,1.00,יחידה,false,,9.90,9.9000,false,1,9595
7290000211503,false,סוכר לבן ארוז בשקית,"סוגת תעשיות בע""\מ",IL,סוכר סוגת,יחידה,1.00,יחידה,false,,3.90,3.9000,false,1,9596
7290000211626,false,"סוגת אורז חיש 1 ק""ג","סוגת תעשיות בע""\מ",IL,אורז חיש 1 קג,יחידה,1.00,יחידה,false,,10.90,10.9000,true,1,9598
7290000211985,false,"סוגת אורז עגול ריזוטו 1 ק""ג","סוגת תעשיות בע""\מ",IL,אורז עגול 1 קג,יחידה,1.00,יחידה,false,,12.90,12.9000,true,1,9600
7290000214115,false,מרק עוף צנצנת 400 גרם-ויטה,"פרי הגליל בע""""מ",IL,מרק עוף צנצ 400',גרמים,400.00,100 גרם,false,,12.90,0.0323,true,1,10323
7290000218502,false,תערובת לחמין A-2 ויטה בדצ,"פרי הגליל בע""""מ",IL,חמין 2א,גרמים,568.00,100 גרם,false,,8.90,0.0157,true,1,10338
7290000238029,false,"בצק עלים צרפתי מרודד מעדנות 1 ק""ג",מיוצר עי קונדיטוריית,IL,בצק עלים צרפתי מרודד,קילוגרמים,1.00,"ק""ג",false,,19.90,19.9000,false,1,9080
7290000238036,false,מלאווח בקופסא מעדנות 700 גרם,מיוצר עי קונדיטוריית,IL,מלווח,גרמים,700.00,100 גרם,false,,16.90,0.0241,false,1,9081
7290000238173,false,בורקס גבינה מעדנות 800 גרם,מיוצר עי קונדיטוריית,IL,בורקס גבינה,גרמים,800.00,100 גרם,false,,22.90,0.0286,false,1,9082
7290000238180,false,בורקס תפוחי אדמה מעדנות 800 גרם,מיוצר עי קונדיטוריית,IL,"בורקס תפו""א מעדנות",גרמים,800.00,100 גרם,false,,19.90,0.0249,false,1,9083
7290000244082,false,"הוואי שלישיית סבון נוזלי שמיים כחולים 500 מ""ל",טרופיקל דגיל,IL,שלשה ס.נוזלי הוואי ש,ליטרים,1.50,ליטר,false,,15.90,10.6000,true,1,18845
7290000244143,false,"הוואי - קרם לאחר גילוח 120 מ""ל",טרופיקל דגיל קוסמטיק,IL,הוואי קרם לאחר גילוח,גרמים,120.00,100 גרם,false,,16.90,0.1408,true,1,18849
7290000244525,false,שפיץ צ'אך טרי,,,שפיץ צ'אך טרי,קילוגרמים,1.00,"ק""ג",true,,110.00,110.0000,false,1,124607
7290000244631,false,ענוגה גליצרין קרם ידיים 80 מל,טרופיקל דגיל,IL,קרם ענוגה גליצרין 80,מיליליטרים,100.00,"100 מ""ל",false,,10.90,0.1090,true,1,108911
7290000244761,false,"קרם ידיים ולווטה 100 מ""ל",טרופיקל דגיל קוסמטיק,IL,קרם ולוטה 80 גר',מיליליטרים,100.00,"100 מ""ל",false,,7.90,0.0790,true,1,18856
7290000245072,false,סוד מרכך כביסה בייבי סנסטיב 4 ליטר,"הנקל סוד בע""\מ",IL,מרכך הכביסה - סוד בי,ליטרים,4.00,ליטר,false,,18.90,4.7250,false,1,18861
7290000245270,false,"פרסיל אבקה לכביסה רגיל שקית 1.25 ק""ג","הנקל סוד בע""מ",IL,פרסיל Active Soda שק,קילוגרמים,1.25,"ק""ג",false,,15.90,12.7200,false,1,18870
7290000245287,false,"פרסיל אבקת כביסה 1.250 ק""ג קולור ויניגר","הנקל סוד בע""מ",IL,פרסיל קולור שקית 1.2,קילוגרמים,1.25,"ק""ג",false,,15.90,12.7200,false,1,18871
7290000245508,false,"אב.כביסה סוד פרפקט 1.25ק""ג-שקית כחולה","הנקל סוד בע""\מ",IL,א.כ. סוד פרפקט שקית,קילוגרמים,1.25,"ק""ג",false,,12.90,10.3200,false,1,18877
7290000245539,false,"קומפקט סוד 1.250 ק""ג קולור לכביסה צבעונית","הנקל סוד בע""מ",IL,א.כ. סוד קולור שקית,קילוגרמים,1.25,"ק""ג",false,,12.90,10.3200,false,1,18880
7290000245782,false,סוד סופט מרכך כביסה ורוד 4 ליטר,"הנקל סוד בע""\מ",IL,מ.כביסה סוד ורוד 4 ל,ליטרים,4.00,ליטר,false,,18.90,4.7250,false,1,18889
7290000245799,false,סוד סופט מרכך כביסה כחול 4 ליטר,"הנקל סוד בע""\מ",IL,מ.כביסה סוד כחול 4 ל,ליטרים,4.00,ליטר,false,,18.90,4.7250,false,1,18890
7290000253220,false,שוקולד צ'יפס חום אופנהיימר 260 גר',אופנהיימר,IL,שוקולד ציפס,גרמים,260.00,100 גרם,false,,11.90,0.0458,true,1,10825
7290000253251,false,שוקולד צ'יפס לבן אופנהיימר 250 גרם,אופנהיימר,IL,שוקולד צי'פס אופנהיי,גרמים,250.00,100 גרם,false,,11.90,0.0476,true,1,9439
7290000262161,false,נייר טואלט לב אדום 40 גלילים מולט,מולט / שמורת טבע,IL,נייר טואלט מולט 40 ל,גרמים,3160.00,100 גרם,false,,36.90,0.0117,false,1,13566
7290000262413,false,חיתולי האגיס אקסטרה קייר מידה 5 34 יחידות,חוגלה קימברלי,IL,האגיס אקסטרה קייר מי,יחידה,0.00,יחידה,false,,49.90,0.0000,false,1,97990
7290000263359,false,חיתולים ליטל בייביז מידה 1 האגיס 40 יחידות,קימברלי קלארק שיווק,IL,האגיס שלב 1 כותנה או,יחידה,0.00,יחידה,false,,37.90,0.0000,false,1,39113
7290000267012,false,שקד מולבן שלם100ג'שקדיה,"דין שיווק וקלייה בע""",IL,שקד מולבן שלם 100 גר,גרמים,100.00,100 גרם,false,,8.90,0.0890,true,1,19033
7290000267029,false,שקדים מולבנים חצויים השף 100 גרם,"דין שיווק וקלייה בע""",IL,שקדים מולבנים חצויים,גרמים,100.00,100 גרם,false,,8.90,0.0890,true,1,21809
7290000267036,false,שקדים מולבנים משובבים השף 100 גרם,"דין שיווק וקלייה בע""",IL,שקדים משובבים 100 גר,גרמים,100.00,100 גרם,false,,8.90,0.0890,true,1,19034
7290000267043,false,שקדים מולבנים פרוסים השף 100 גרם,"דין שיווק וקלייה בע""",IL,שקדים מולבנים פרוסים,גרמים,100.00,100 גרם,false,,8.90,0.0890,true,1,19035
7290000267050,false,שקדים טבעיים טחונים השף 100 גרם,"דין שיווק וקלייה בע""",IL,שקד טבעי טחון 100 גר,גרמים,100.00,100 גרם,false,,8.90,0.0890,true,1,22574
7290000267104,false,שקד מולבן גרוס/מרוסק 100 גרם,"דין שיווק וקלייה בע""",IL,שקד טבעי גרוס 100 גר,גרמים,100.00,100 גרם,false,,8.90,0.0890,true,1,10214
7290000267548,false,אגוזי מלך טחונים השף 100 גרם,"דין שיווק וקלייה בע""",IL,אגוזי מלך טחונים השף,גרמים,100.00,100 גרם,false,,8.90,0.0890,true,1,37619
7290000267555,false,בוטנים גרוסים 100ג'שקדיה,"דין שיווק וקלייה בע""",IL,בוטנים טבעים טחונים,גרמים,100.00,100 גרם,false,,5.50,0.0550,true,1,30347
7290000267586,false,גרעייני חמניה קלופים 150 גר,"דין שיווק וקלייה בע""",IL,גרעיני חמניה קלופים,גרמים,150.00,100 גרם,false,,6.50,0.0433,true,1,35687
7290000267678,false,גרעיני דלעת טבעי קלוף שקדיה 150ג,"דין שיווק וקלייה בע""",IL,גרעיני דלעת טבעי קלו,גרמים,150.00,100 גרם,false,,8.50,0.0567,true,1,42157
7290000272443,false,סירופ דיאט בטעם תפוזים עסיס 1 ליטר,בית-השיטה עסיס תעשיות מז,IL,סירופ דיאט תפוז,ליטרים,1.00,ליטר,false,,17.90,17.9000,false,1,6314
7290000272467,false,עסיס פטל דיאט סירופ 1 ליטר,בית-השיטה עסיס תעשיות מז,IL,סירופ דיאט פטל,ליטרים,1.00,ליטר,false,,17.90,17.9000,false,1,6315
7290000272696,false,עסיס מיץ לימון טבעי משומר 1 ל' אסם,בית-השיטה עסיס תעשיות מז,IL,מיץ לימון משומר 1ליט,ליטרים,1.00,ליטר,false,,9.90,9.9000,false,1,6317
7290000272726,false,חומץ רכיבים רכיבים טבעיים 5% עסיס 1 ליטר,בית-השיטה עסיס תעשיות מז,IL,חומץ 5% אסם,ליטרים,1.00,ליטר,false,,6.90,6.9000,true,1,6319
7290000286228,false,ספוגיות לניקוי כללי סנו סושי 6 יחידות,סנו מפעלי ברונו בעמ,IL,סנו סושי שישיה,יחידה,0.00,יחידה,false,,11.50,0.0000,false,1,17026
7290000286297,false,"אנטי קאלק מסיר אבנית מקומקום סנו 700 מ""ל",סנו מפעלי ברונוס בעמ,IL,סנו מסיר אבן מקו,מיליליטרים,700.00,"100 מ""ל",false,,9.90,0.0141,true,1,17027
7290000286488,false,ספוג כיף פיראט 1 יחידה,קוסמופארם,IL,ספוג פיראט,יחידה,0.00,יחידה,false,,7.90,0.0000,true,1,17030
7290000286525,false,ספוג כיף רחצה פרינה 1 יח,קוסמופארם,IL,ספוג פרינה,יחידה,0.00,יחידה,false,,10.90,0.0000,true,1,17033
7290000286549,false,מטליות לניקוי כללי סנו סושי 9 יחידות,נועם אורים תעשיות בע,IL,מטלית לכל 9 בשקי,יחידה,0.00,יחידה,false,,11.90,0.0000,false,1,17034
7290000286594,false,אבקה לניקוי במיכל לימון X סנו 600 גרם,סנו מפעלי ברונוס בעמ,IL,סנואיקס לימון,גרמים,600.00,100 גרם,false,,9.90,0.0165,true,1,17036
7290000286761,false,ניילון נצמד סנו סושי פלסטיק מארז 30X2 מ',מיוצר עי קונדיטוריית,CN,זוג ניילון נצמד,יחידה,0.00,יחידה,false,,11.50,0.0000,false,1,17039
7290000286921,false,"ספריי להסרת כתמים סנו קל 750 מ""ל",סנו מפעלי ברונוס בעמ,IL,סנוקל רסס כבס,מיליליטרים,750.00,"100 מ""ל",false,,12.90,0.0172,false,1,17043
7290000287102,false,"ספריי שמפו לניקוי שטיחים סנו 600 מ""ל",מיוצר עי קונדיטוריית,IL,סנו שמפו שטיחים,מיליליטרים,600.00,"100 מ""ל",false,,21.90,0.0365,true,1,17046
7290000287195,false,"סנו רהיט ספריי עשיר בווקס להברקה 305 מ""ל",מיוצר עי קונדיטוריית,IL,סנו רהיט,מיליליטרים,300.00,"100 מ""ל",false,,13.90,0.0463,false,1,17048
7290000287355,false,פוליש נוזל מבריק רצפות סנו 1 ליטר,קריות זול,IL,סנו סופר פוליש 1,ליטרים,1.00,ליטר,false,,21.90,21.9000,true,1,68238
7290000287430,false,סנובון צבעוני לאסלה בריח לימון שלישייה,סנו מפעלי ברונו בעמ,IL,סנובון שלישיה צבעוני,גרמים,165.00,100 גרם,false,,12.90,0.0782,true,1,17056
7290000287621,false,"אנטי קאלק נוזל לניקוי אסלות סנו 750 מ""ל",מיוצר עי קונדיטוריית,IL,סנו C.W עם זרבוב,מיליליטרים,750.00,"100 מ""ל",false,,12.90,0.0172,true,1,33328
7290000288017,false,אקונומיקה בריח לימון סנו ז'אוול 1 ליטר,"סנו מפעלי ברונוס בע""",IL,אקונומיקה סנו 1,ליטרים,1.00,ליטר,false,,8.50,8.5000,true,1,17066
7290000288024,false,סנו - ז'אוול אקונומיקה בריח לימון 4 ליטר,"סנו מפעלי ברונוס בע""מ",IL,סנו לימון אקונ,ליטרים,4.00,ליטר,false,,16.90,4.2250,false,1,17067
7290000288031,false,"אקונומיקה תו תקן 4 ליטר ""סנו""","סנו מפעלי ברונוס בע""\מ",IL,אקונומיקה 4 ליטר,ליטרים,4.00,ליטר,false,,13.00,3.2500,true,1,62268
7290000288079,false,סנו - ז'אוול אקונומיקה לימון 2 ליטר,"סנו מפעלי ברונוס בע""מ",IL,סנו ג'בל 2 ליטר,ליטרים,2.00,ליטר,false,,9.90,4.9500,false,1,17070
7290000288109,false,"אבקת כביסה מקסימה אפקט ג''אוול 1.25 ק""ג סנו",סנו מפעלי ברונוס בעמ,IL,שקית סנו מקסימה,קילוגרמים,1.25,"ק""ג",false,,14.90,11.9200,false,1,17072
7290000288352,false,"קוטל חרקים וזוחלים K-300 סנו 630 מ""ל","סנו מפעלי ברונוס בע""מ",IL,סנו ק 300-,מיליליטרים,630.00,"100 מ""ל",false,,21.90,0.0348,false,1,17079
7290000288383,false,"קוטל נמלים ותיקנים K-500 סנו 400 מ""ל",מיוצר עי קונדיטוריית,IL,ק 500 סנו-,מיליליטרים,400.00,"100 מ""ל",false,,21.90,0.0547,true,1,17080
7290000288390,false,"קוטל זבובים ויתושים K-600 סנו 500 מ""ל","סנו מפעלי ברונוס בע""מ",IL,ק 600 סנו-,מיליליטרים,500.00,"100 מ""ל",false,,21.90,0.0438,true,1,17081
7290000288642,false,מקסימה מרכך כביסה סנסיטיב בייבי סנו 4 ליטר,"סנו מפעלי ברונוס בע""\מ",IL,מרכך סנו 4 ליטר,ליטרים,4.00,ליטר,false,,21.90,5.4750,false,1,17088
7290000288727,false,סנו מקסימה אבקת כביסה מאסק מילוי 1.25,קריות זול,IL,אבקת כביסה סנו,קילוגרמים,1.25,"ק""ג",false,,14.90,11.9200,false,1,17089
7290000289069,false,סנו - ז'אוול מרסס קצף ניקוי בתוספת אקונומיקה בריח לימון 1 ליטר,"סנו מפעלי ברונוס בע""מ",IL,סנו ג'בל ספריי,ליטרים,1.00,ליטר,false,,18.90,18.9000,false,1,17095
7290000289472,false,סנו סושי שקיות אשפה - 50 יחידות,מיוצר עי קונדיטוריית,IL,שקיות אשפה סושי טבע,יחידה,0.00,יחידה,false,,20.90,0.0000,true,1,17101
7290000289496,false,"סנו - ז'אוול ג'ל קרם לניקוי כללי לימון 750 מ""ל","סנו מפעלי ברונוס בע""\מ",IL,סופר קרם ג'בל לימון,מיליליטרים,750.00,"100 מ""ל",false,,11.90,0.0159,false,1,23673
7290000289595,false,"אורביטול משחת שיניים לילדים בטעם תות שדה 145 מ""ל",טרופיקל דגיל תעשיות קוסמ,IL,משחת שיניים אורביטול,גרמים,100.00,100 גרם,false,,9.90,0.0990,true,1,42951
7290000289748,false,"מסיר שומנים לתנורים פורטה פלוס סנו 750 מ""ל","סנו מפעלי ברונוס בע""\מ",IL,סנו פורטה פלוס,מיליליטרים,750.00,"100 מ""ל",false,,13.90,0.0185,false,1,17103
7290000289885,false,"מטהר אוויר ענק אושנבריז סנו פרש 375 מ""ל","סנו מפעלי ברונוס בע""\מ",IL,סנו-פרש יבש,יחידה,375.00,יחידה,false,,13.50,0.0360,true,1,17104
7290000289892,false,"סנו פרש ענק מאונטן טורקיז 375 מ""ל",סנו fresh,IL,סנו פרש תרסיס,מיליליטרים,375.00,"100 מ""ל",false,,13.50,0.0360,true,1,17105
7290000291857,false,פוליויקס נוזל רצפות בניחוח גולדן סאנרייז סנו 2 ליטר,סנו פוליויקס,IL,פוליוקס 2 ליטר,ליטרים,2.00,ליטר,false,,19.90,9.9500,false,1,17111
7290000291932,false,"סנובון נוזל לניקוי אסלה בניחוח לבנדר סנו 750 מ""ל","סנו מפעלי ברונוס בע""מ",IL,סנובון נוזלי,מיליליטרים,750.00,"100 מ""ל",false,,9.90,0.0132,true,1,17113
7290000292137,false,"נוזל לניקוי וטיפול מוצרי עור סנו 500 מ""ל",מיוצר עי קונדיטוריית,IL,סנו מנקה עור נוזל,מיליליטרים,500.00,"100 מ""ל",false,,29.90,0.0598,true,1,17116
7290000292311,false,פוליויקס נוזל רצפות בניחוח סחלבים סנו 2 ליטר,"סנו מפעלי ברונוס בע""\מ",IL,סנו פוליוקס 2 ל',ליטרים,2.00,ליטר,false,,19.90,9.9500,false,1,17119
7290000292533,false,סנו גל לניקוי כללי על בסיס שמן אורנים 1ל,החברה הדרומית,IL,סנו ג'ל ניקוי,ליטרים,1.00,ליטר,false,,15.90,15.9000,true,1,17125
7290000292557,false,סנומט דוחה יתושים מילוי סנו 45 ימים,טרופיקל דגיל תעשיות,IT,סנומט מלוי נוזלי,מיליליטרים,500.00,"מ""ל",false,,12.90,0.0258,true,1,17127
7290000292564,false,סנו K-2000 תרסיס מיקרו קפסולרי ללא ריח 750 מ”ל,מיוצר עי קונדיטוריית,IL,סנו K 2000,מיליליטרים,750.00,"100 מ""ל",false,,29.90,0.0399,true,1,17128
7290000292595,false,סופר פוליש מבריק רצפות 2לי,סנו,IL,סנו סופר פוליש,ליטרים,2.00,ליטר,false,,46.90,23.4500,true,1,17129
7290000292687,false,סנובון מוצק לניקוי אסלה קלאסיק כחול סנו 3 יחידות,מיוצר עי קונדיטוריית,IL,שלישיה סנובון כח,גרמים,165.00,100 גרם,false,,14.90,0.0903,false,1,17131
7290000292694,false,מגן קריסטל לרצפות סנו 2 ליטר,סנו,IL,מגן קריסטל 2 ליט,ליטרים,2.00,ליטר,false,,39.90,19.9500,true,1,17132
7290000293073,false,מקסימה מרכך כביסה ביו לבן סנו 4 ליטר,"סנו מפעלי ברונוס בע""\מ",IL,מרכך סנו 4 ליטר,ליטרים,4.00,ליטר,false,,21.90,5.4750,false,1,17137
7290000293516,false,"מתקן סופג לחות ומונע עובש ""סנופרש""","סנו מפעלי ברונוס בע""\מ",IL,סנו סופג לחות קו,גרמים,340.00,100 גרם,false,,31.90,0.0938,true,1,17138
7290000293530,false,סנו פרש סופג לחות שקית מילוי 340 גרם,סנו מפעלי ברונו בעמ,IL,סנו סופג לחות מי,גרמים,340.00,100 גרם,false,,15.90,0.0468,true,1,17139
7290000293837,false,"קרמה מן דאודורנט ג'ל אנטיפרספירנט 70 מ""ל",קוסמופארם בעמ,IL,דאודורנט ג'ל אנטיפרס,מיליליטרים,70.00,"100 מ""ל",false,,14.90,0.2129,true,1,109963
7290000293943,false,"מרסס לבן מסיר אבנית 1 ליטר אנטי קאלק ""סנו""",מיוצר עי קונדיטוריית,IL,מרסס אנטי קאלק,ליטרים,1.00,ליטר,false,,19.90,19.9000,true,1,17141
7290000294780,false,אקונומיקה סמיכה בריח לימון סנו ז'אוול 4 ליטר,"סנו מפעלי ברונוס בע""מ",IL,סנו ז'אוול סמיכה 4 ל,ליטרים,4.00,ליטר,false,,16.90,4.2250,false,1,17150
7290000295121,false,מטליות זיגזג סנו סושי לניקוי רצפות 3יח',קריות זול,IL,מטלית זיגזג שלשי,יחידה,0.00,יחידה,false,,11.50,0.0000,false,1,17152
7290000295299,false,סנו סושי כריות הפלא רב תכלתיות רביעייה,סנו מפעלי ברונו בעמ,IL,סנו סושי אקטיב ר,יחידה,0.00,יחידה,false,,11.50,0.0000,false,1,17154
7290000295336,false,סנו מקסימה אבקת כביסה סנסטיב מילוי1.25,סנו מפעלי ברונוס בעמ,IL,סנו מקסימה שקית,קילוגרמים,1.25,"ק""ג",false,,14.90,11.9200,false,1,17156
7290000295343,false,"אבקת כביסה מקסימה ביו 1.25 ק""ג סנו",סנו מקסימה,IL,סנו מקסימה מילוי,קילוגרמים,1.25,"ק""ג",false,,14.90,11.9200,false,1,17157
7290000295367,false,"מקסימה אבקת כביסה אפקט ז'אוול סנו 2.5 ק""ג",סנו מקסימה,IL,סנו מקסימה 5 2 ק,קילוגרמים,2.50,"ק""ג",false,,25.90,10.3600,false,1,17158
7290000295404,false,שקיות אשפה עם שרוך 54 * 65 סנו סושי 60 יחידות,מיוצר עי קונדיטוריית,IL,שקיות אשפה סושי רחבו,יחידה,0.00,יחידה,false,,24.90,0.0000,true,1,17159
7290000295503,false,זוג שקיות מזון טבע 19*25 סנו סושי 150 יחידות,"אשפלסט תעשיות בע""מ",CN,זוג שקיות סושי למזון,יחידה,0.00,יחידה,false,,14.90,0.0000,false,1,17161
7290000295541,false,רב מגבת ג'מבו סנו סושי 75 יחידות,מיוצר עי קונדיטוריית,IL,סנו רב מגבת ג'מבו (7,יחידה,0.00,יחידה,false,,18.90,0.0000,true,1,17163
7290000295558,false,"רדיד אלומיניום רוחב 30 ס""מ סנו סושי 2 יח' 7.5 מטר",מולינו ניקולי s.p.a,TR,זוג רדיד אלומיניום ק,יחידה,0.00,יחידה,false,,11.50,0.0000,false,1,17164
7290000295565,false,"רדיד אלומיניום רוחב 45 ס""מ סנו 2 יח' 7.5 מטר",בורסה פאזרי,TR,זוג רדיד אלומיניום ג,יחידה,0.00,יחידה,false,,20.00,0.0000,false,1,57553
7290000295572,false,"מארז זוגי מנקה אסלות 00 סנו 750 מ""ל",מיוצר עי קונדיטוריית,IL,זוג מנקה אסלות,ליטרים,1.50,ליטר,false,,19.90,13.2667,true,1,17165
7290000295589,false,טלק לתינוק בייבי כיף 200 גרם,מייצר :אשבל בע''מ .,IL,בייבי כיף טלק במיכל,גרמים,200.00,100 גרם,false,,14.90,0.0745,true,1,21176
7290000295749,false,ספוג סאקי מסאז' כיף 1 יחידה,גוד פוד פרודקטס S.p,IL,ספוג סאקי מסאג',יחידה,0.00,יחידה,false,,13.90,0.0000,true,1,17167
7290000295794,false,ספוגיות מתכת אל חלד לניקוי סנו 3 יחידות,סנו,,ספוגיות אל חלד זוג,יחידה,0.00,יחידה,false,,13.00,0.0000,true,1,33296
7290000295817,false,פלסטיק נצמד סנו סושי 300 מטר,סנו,CN,ניילון נצמד סנו,יחידה,0.00,יחידה,false,,59.90,0.0000,false,1,17169
7290000295824,false,"רדיד אלומיניום 30 ס""מ רוחב סנו סושי 100 מטר",מולינו ניקולי s.p.a,TR,סנו סושי רדיד אלומני,יחידה,0.00,יחידה,false,,59.90,0.0000,false,1,17170
7290000300900,false,שניצל תירס מרכיבים טבעיים טבעול 750 גרם,עיצובים 2020 (4.8),IL,שניצל תירס טבעול,גרמים,750.00,100 גרם,false,,24.90,0.0332,false,1,6331
7290000302027,false,סיגריות טיים אדום פא,"דובק בע""מ",IL,טיים רגיל פקט,יחידה,0.00,יחידה,false,,280.00,0.0000,false,1,12619
7290000302089,false,ברודווי ארוך פאקט,"דובק בע""מ",IL,ברודווי 100 פקט ס,יחידה,0.00,יחידה,false,,280.00,0.0000,false,1,12622
7290000302102,false,מונטנה פילטר פאקט,"דובק בע""מ",IL,מונטנה פקט סיגרי,יחידה,0.00,יחידה,false,,290.00,0.0000,false,1,12623
7290000302126,false,אירופה פקט סיגריות,"דובק בע""מ",IL,אירופה פקט סיגריות,יחידה,0.00,יחידה,false,,280.00,0.0000,false,1,12625
7290000302201,false,נלסון פקט סיגריו,"דובק בע""מ",IL,נלסון פקט סיגריו,יחידה,0.00,יחידה,false,,280.00,0.0000,false,1,12627
7290000302881,false,פקט גולף גולד ארוך בוקס,"דובק בע""מ",,סיגריות גולף גולד אר,יחידה,0.00,יחידה,false,,290.00,0.0000,false,1,22873
7290000303581,false,פול מצרי פרי הגליל 560 גרם,"פרי הגליל בע""""מ",IL,פול מצרי פרי הגליל 5,גרמים,560.00,100 גרם,false,,6.90,0.0123,false,1,10381
7290000303598,false,שעועית לבנה ברוטב עגבניות פרי הגליל 570 גרם,"פרי הגליל בע""""מ",IL,שעועית ברוטב 570 גרם,גרמים,570.00,100 גרם,false,,6.90,0.0121,false,1,10382
7290000303604,false,חומוס גרגירים A2 פרי גליל 550ג',"פרי הגליל בע""""מ",IL,חומוס שלם פרי הגליל,גרמים,550.00,100 גרם,false,,6.90,0.0125,false,1,10383
7290000305882,false,אס הרינג עם ירקות ברוטב עגבניות 120 גרם,"סטארקיסט פודור בע""מ",TR,אס ירקות עם דגים ברו,גרמים,120.00,100 גרם,false,,6.30,0.0525,true,1,15835
7290000307015,false,אפונת גינה בינונית פרי הגליל 550 גרם,"פרי הגליל בע""""מ",IL,אפונה פרי הגליל 550,גרמים,550.00,100 גרם,false,,6.90,0.0125,false,1,10386
7290000307046,false,אפונת גינה וגזר פרי הגליל 550 גרם,"פרי הגליל בע""""מ",IL,אפונה וגזר 550 גרם,גרמים,550.00,100 גרם,false,,6.90,0.0125,false,1,10387
7290000307220,false,גרעיני תירס מתוק בואקום פרי הגליל 285 גרם,"פרי הגליל בע""""מ",IL,תירס פרי הגליל 340 ג,גרמים,340.00,100 גרם,false,,5.50,0.0162,false,1,10388
7290000307237,false,גרעיני תירס מתוק פרי הגליל 550 גרם,"פרי הגליל בע""""מ",IL,תירס פרי הגליל 550 ג,גרמים,550.00,100 גרם,false,,6.90,0.0125,false,1,10389
7290000307800,false,פול ירוק מוקפא פרי גליל 800ג',"פרי הגליל בע""""מ",IL,פול פרי גליל,גרמים,800.00,100 גרם,false,,13.90,0.0174,true,1,24718
7290000307985,false,גרעיני תירס מתוק ללא למלח 325 גרם פרי הגליל,"פרי הגליל בע""""מ",IL,תירס ללא מלח,גרמים,325.00,100 גרם,false,,5.50,0.0169,false,1,10396
7290000311128,false,מן עוגיות בטעם חמאה 300 גרם*נ.ל.פ,תות ממתקי איכות,IL,מן עוגיות חמאה,גרמים,300.00,100 גרם,false,,7.90,0.0263,true,1,14159
7290000311203,false,"וופלים בטעם שוקולד ""מן"" 200 גרם",תות ממתקי איכות,IL,וופלים 200 גר שוקו,גרמים,200.00,100 גרם,false,,5.20,0.0260,false,1,30892
7290000311210,false,"וופלים בטעם לימון ""מן"" 200 גרם","רוקחמן בע""מ",IL,וופלים 200 גר לימון,גרמים,200.00,100 גרם,false,,5.20,0.0260,false,1,30375
7290000311227,false,"וופלים במילוי קרם קפה ""מן"" 200 גרם","רוקחמן בע""מ",IL,וופלים 200 גר קפה מן,גרמים,200.00,100 גרם,false,,5.20,0.0260,false,1,30893
7290000311234,false,מן וופלים וניל 200 גרם,"רוקחמן בע""מ",IL,ופל וניל 200 גר מן,גרמים,200.00,100 גרם,false,,5.20,0.0260,false,1,30376
7290000311258,false,מן וופל מצופה שוקולד 250 גרם,"רוקחמן בע""מ",IL,מן וופל מצופה 250 גר,גרמים,250.00,100 גרם,false,,7.50,0.0300,true,1,120213
7290000311272,false,מן-וופלים במילוי חלווה 180 ג,"רוקחמן בע""מ",IL,וופלים מן חלבה,גרמים,180.00,100 גרם,false,,5.20,0.0289,false,1,40617
7290000311364,false,מן וופלים שוקולד טייק 1 מן 10*21 גרם,מן עוגיות,IL,וופל מן מארז 10 יח',גרמים,210.00,100 גרם,false,,8.90,0.0424,true,1,65734
7290000311425,false,ופל מצופה עשיריות מן 220 גרם מארז 10 יחידות,תות ממתקי איכות,IL,וופל מצופה כחול 10יח,גרמים,200.00,100 גרם,false,,9.50,0.0475,true,1,28985
7290000311432,false,עוגיות גרנולה קינמון ללא תוספת סוכר 200ג,"רוקחמן בע""מ",IL,עוגיות מן גרנולה קינ,גרמים,200.00,100 גרם,false,,10.90,0.0545,true,1,187882
7290000311463,false,מן עוגיות חיטה מלאה חמאה ללא סוכר 200 גרם,"רוקחמן בע""מ",IL,מן עוגיות חמאה ללא ס,גרמים,200.00,100 גרם,false,,10.90,0.0545,true,1,126212
7290000311470,false,מיני ופלים בטעם שוקולד ללא סוכר מן 200 גרם,"רוקחמן בע""מ",IL,וופל מיני ללא תוספת,גרמים,200.00,100 גרם,false,,10.90,0.0545,true,1,189415
7290000311487,false,מאגדת וופל שוקולד מקמח מלא ללא סוכר 20 ג'*7 יח' מן,"רוקחמן בע""מ",IL,וופל מן ללא תוספת סו,גרמים,140.00,100 גרם,false,,8.50,0.0607,true,1,190994
7290000311708,false,מן עוגיות מחיטה מלאה 300 גרם*נ.ל.פ,תות ממתקי איכות,IL,מן עוגיות חיטה מלאה,גרמים,300.00,100 גרם,false,,7.90,0.0263,true,1,14162
7290000311715,false,מן עוגיות כוכבים בטעם שוקולד 300 גרם*נ.ל.פ,תות ממתקי איכות,IL,מן עוגיות שוקולד,גרמים,300.00,100 גרם,false,,7.90,0.0263,true,1,14163
7290000311722,false,מן עוגיות כוכבים וניל 300 גרם,תות ממתקי איכות,IL,עוגיות מן כוכבים,גרמים,300.00,100 גרם,false,,7.90,0.0263,true,1,14164
7290000311746,false,עוגיות מן בטעם קרמל 300 גר',"רוקחמן בע""מ",IL,עוגיות מן קרמל 300 ג,גרמים,300.00,100 גרם,false,,7.90,0.0263,true,1,96608
7290000311845,false,מן עוגיות חיטה מלאה ללא תוספת סוכר 200 ג,"רוקחמן בע""מ",IL,עוגיות מן חיטה מלאה,גרמים,200.00,100 גרם,false,,10.90,0.0545,true,1,97873
7290000311869,false,מן-וופלים בטעם שוק ללא תוספת סוכר 180ג,תות ממתקי איכות,IL,וופל ללא סוכר 180 גר,גרמים,180.00,100 גרם,false,,8.90,0.0494,true,1,62930
7290000311876,false,מן-וופלים בטעם וניל ללא תוספת סוכר 180ג,"רוקחמן בע""מ",IL,וופל מן וניל ללא סוכ,גרמים,180.00,100 גרם,false,,8.90,0.0494,true,1,99770
7290000311883,false,מן עוגיות גרנולה ללא תוספת סוכר 200 גר,תות ממתקי איכות,IL,מן עוגיות גרנולה ללא,גרמים,200.00,100 גרם,false,,10.90,0.0545,true,1,68980
7290000311890,false,מן וופל לימון ללא סוכר 180 גר-חדש,"רוקחמן בע""מ",IL,וופל מן לימון ללא סו,גרמים,180.00,100 גרם,false,,8.90,0.0494,true,1,123789
7290000313160,false,זהבה ושלושת הדובים עוגיות בטעם שוקולד אסם 350 גרם,"הגביע מוצרי וופלים בע""\מ",IL,עוגיות זהבה 3 דובים,גרמים,250.00,100 גרם,false,,7.90,0.0316,true,1,6343
7290000313184,false,עוגיות חברים גן חיות וניל אסם 250 גר',"הגביע מוצרי וופלים בע""\מ",IL,עוגיות גן חיות,גרמים,250.00,100 גרם,false,,7.90,0.0316,true,1,6344
7290000313290,false,אסם נודלס נודלס אטריות מסולסלות 200גר,תאי פרזידנט פוד בנגק,TH,נודלס א.מסולסלות 200,גרמים,200.00,100 גרם,false,,9.90,0.0495,true,1,6346
7290000315126,false,קנור ציר עוף משחתי 300 ג,יוניליוור ישראל מזון בע\,IL,קנור ציר עוף,גרמים,300.00,100 גרם,false,,27.90,0.0930,true,1,21832
7290000315133,false,קנור ציר בקר משחתי 300ג,יוניליוור ישראל מזון בע\,IL,קנור ציר בקר,גרמים,300.00,100 גרם,false,,27.90,0.0930,true,1,21833
7290000315140,false,"תלמה קורנפלקס מלא בד""ץ 500 גרם","יוניליוור שפע ישראל בע""\",IL,קורנפלקס מלא 500 גר',גרמים,500.00,100 גרם,false,,21.00,0.0420,false,1,65290
7290000318127,false,"נקניקיות ביס 380 גרם ""יחיעם""",מעדני יחיעם 1993,IL,נקניקיות ביס 380,גרמים,380.00,100 גרם,false,,11.90,0.0313,true,1,10549
7290000318189,false,פסטרמה ברביקיו על האש 300 גרם יחיעם,מעדני יחיעם,IL,פסטרמה ברביקיו על הא,גרמים,300.00,100 גרם,false,,25.90,0.0863,true,1,10553
7290000318363,false,פסטרמה הודו לבגט מחיר לפ,מעדני יחיעם,IL,פסטרמה ברביקיו לבגט,קילוגרמים,1.00,"ק""ג",true,,79.90,79.9000,false,1,104688
7290000318479,false,נקניק פרושוטו בקר יחיעם 100 גרם,תאי פרזידנט פוד פאבל,IL,פרשוטו עגל,גרמים,100.00,100 גרם,false,,25.90,0.2590,true,1,10564
7290000318530,false,רוסטביף צלי בקר במשק,מעדני יחיעם,IL,רוסטביף יחיעם,קילוגרמים,1.00,"ק""ג",true,,149.90,149.9000,true,1,10565
7290000318677,false,נקניק סלמי סרוולט יחיעם 150 גרם,מעדני יחיעם 1993,IL,סרוולט 150גר יחיעם,גרמים,150.00,100 גרם,false,,25.90,0.1727,true,1,28609
7290000318707,false,נקניק סלמי מעושן יחיעם 500 גרם,מעדני יחיעם 1993,IL,סלמי מעושן יחיעם,גרמים,500.00,100 גרם,false,,33.90,0.0678,true,1,10572
7290000318806,false,סלמי סרוולד אמיתי במשקל,מעדני יחיעם,IL,סרוולד יחיעם,קילוגרמים,1.00,"ק""ג",true,,179.90,179.9000,true,1,10575
7290000318837,false,קורנדביףבקר מעדנ.יחי,מעדני יחיעם,IL,פסטרמה קורנביף י,קילוגרמים,1.00,"ק""ג",true,,139.90,139.9000,true,1,10577
7290000318851,false,סלמי קונייאק יחיעם,מעדני יחיעם,IL,סלמי קוניאק,קילוגרמים,1.00,"ק""ג",true,,89.90,89.9000,false,1,10578
7290000318868,false,סלמי פפרוני יחיעם,מעדני יחיעם,IL,סלמי פפרוני,קילוגרמים,1.00,"ק""ג",true,,89.90,89.9000,false,1,10579
7290000318882,false,סלמי מעושן איטלקי במ,מעדני יחיעם,IL,מעושן איטלקי יחיעם,קילוגרמים,1.00,"ק""ג",true,,69.90,69.9000,false,1,10580
7290000318899,false,נקניק סלמי פיין יחיע,מעדני יחיעם,IL,סלמי פיין,קילוגרמים,1.00,"ק""ג",true,,52.90,52.9000,false,1,10581
7290000318929,false,סלמי צרפתי מובחר במשקל,מעדני יחיעם,IL,סלמי צרפתי,קילוגרמים,1.00,"ק""ג",true,,179.90,179.9000,true,1,10584
7290000319049,false,פסטרמה מעודנת בפפריק,יחיעם,,פסטרמה גלילית,קילוגרמים,1.00,"ק""ג",true,,49.90,49.9000,false,1,36606
7290000319063,false,כתף בקר מפולפל יחיעם 150 גרם,מעדני יחיעם,IL,כתף בקר מעושן מפולפל,גרמים,150.00,100 גרם,false,,25.90,0.1727,true,1,108962
7290000319124,false,סלמי סרוולט מאפ יחיעם 250 גרם,מעדני יחיעם 1993,IL,סרוולד יחיעם,גרמים,250.00,100 גרם,false,,37.90,0.1516,true,1,10590
7290000319131,false,נקניקיות עוף יחיעם 400 גרם,מעדני יחיעם 1993,IL,נקניקיות עוף 400,גרמים,400.00,100 גרם,false,,10.90,0.0273,true,1,10591
7290000319339,false,סלמי פרח יחיעם,מעדני יחיעם,IL,סלמי פרח,קילוגרמים,1.00,"ק""ג",true,,99.90,99.9000,false,1,60671
7290000319414,false,נקניקיות ברטוורסט 280 גרם יחיעם,מעדני יחיעם,IL,נקניקיות פרימיום ברא,גרמים,280.00,100 גרם,false,,20.90,0.0746,true,1,145026
7290000319520,false,נקניק סלמי צרפתי יחיעם 100 גרם,מעדני יחיעם 1993,IL,סלמי צרפתי 100 גר,גרמים,100.00,100 גרם,false,,19.90,0.1990,true,1,10600
7290000319704,false,נקניק כתף בקר מעושן,מעדני יחיעם,IL,כתף בקר מעושן יחיעם,קילוגרמים,1.00,"ק""ג",true,,139.90,139.9000,true,1,10602
7290000319728,false,סלמי איטלקי מפולפל י,מעדני יחיעם,IL,איטלקי מפולפל יח,קילוגרמים,1.00,"ק""ג",true,,79.90,79.9000,false,1,10603
7290000319759,false,סלמי תה יחיעם מעדניה,מעדני יחיעם,IL,סלמי תה יחיעם,קילוגרמים,1.00,"ק""ג",true,,46.90,46.9000,false,1,68894
7290000319803,false,קבנוס קלאסי יחיעם 125 גרם,תאי פרזידנט פוד פאבל,IL,קבנוס קלאסי 125 גרם,גרמים,125.00,100 גרם,false,,13.90,0.1112,true,1,95629
7290000319834,false,קבנוס פפרוני קלאסי 125 גרם,תאי פרזידנט פוד פאבל,IL,קבנוס פפרוני קלאסי 1,גרמים,125.00,100 גרם,false,,13.90,0.1112,true,1,95531
7290000319971,false,צלעות בקר על האש יחי,מעדני יחיעם,IL,צלעות בקר על האש יחי,קילוגרמים,1.00,"ק""ג",true,,154.90,154.9000,false,1,63388
7290000331812,false,צלי כתף עגל חלב,,,צלי כתף עגל חלב,קילוגרמים,1.00,"ק""ג",true,,95.00,95.0000,false,1,105559
7290000334325,false,ציפס למיקרו מארז שלישיה 125 ג' תפוגן,"תעשיות תפוגן בע""\מ",IL,תפוגן מארז שלישיה צי,גרמים,380.00,100 גרם,false,,13.90,0.0366,false,1,6352
7290000334745,false,"אמריקאן צ'יפס תפוגן 1.5 ק""ג","תעשיות תפוגן בע""מ",IL,תפוגן אמריקן ציפס 1.,יחידה,1.50,יחידה,false,,24.90,16.6000,true,1,6358
7290000335810,false,כתף עגל חלב,,,כתף עגל חלב,קילוגרמים,1.00,"ק""ג",true,,85.00,85.0000,false,1,105562
7290000336053,false,"תרכיז טבעי סיידר הגליל 330 מ""ל","טמפו משקאות בע""מ",IL,תרכיז סיידר טבעי,יחידה,330.00,יחידה,false,,13.90,0.0421,true,1,18528
7290000339191,false,אבקת הלבנה רן ללא כל,יוניליוור ניקיון,IL,רן להלבנה,גרמים,350.00,100 גרם,false,,24.90,0.0711,true,1,12254
7290000339566,false,בדין מרכך כביסה ורוד 4 ליטר,יוניליור ישראל טיפוח איש,IL,בדין 4 ליטר,ליטרים,4.00,ליטר,false,,19.90,4.9750,false,1,12255
7290000339887,false,"משחת כלים סיף קלין לימון 5 3 ק""ג",אתר ליוור - HPC,IL,משחה 5 3קג דלי.,קילוגרמים,3.50,"ק""ג",false,,27.90,7.9714,false,1,12261
7290000341071,false,בדין - מרכך כביסה בייבי לבן 2 ליטר,יוניליור ישראל טיפוח איש,IL,בייבי בדין 2 ליט,ליטרים,2.00,ליטר,false,,20.00,10.0000,true,1,12262
7290000342832,false,מרכך כביסה צהוב בדין 4 ליטר,יוניליוור פארם,IL,בדין 4 ליטר,ליטרים,4.00,ליטר,false,,19.90,4.9750,false,1,12266
7290000342856,false,מרכך כביסה כחול בדין 4 ליטר,יוניליור ישראל טיפוח איש,IL,בדין 4 ליטר,ליטרים,4.00,ליטר,false,,19.90,4.9750,false,1,12267
7290000345048,false,תה ויסוצקי 74 - 125 גרם,תה ויסוצקי,IL,תה 74 בתפזורת 125 ג,גרמים,125.00,100 גרם,false,,13.00,0.1040,true,1,8872
7290000345055,false,תה עלים ארל גריי ויסוצקי 100 גרם,מולינו ניקולי s.p.a,IL,תה עלים ארל גריי 10,גרמים,100.00,100 גרם,false,,14.50,0.1450,true,1,8873
7290000345116,false,תה ירוק ויסוצקי 125 גרם,תה ויסוצקי,IL,תה ירוק עלים,גרמים,125.00,100 גרם,false,,14.90,0.1192,true,1,8876
7290000345208,false,תה כחול קלאסיק ויסוצקי 25 יחידות,תה ויסוצקי,IL,ויסוצקי קלאסיק 25 שק,גרמים,25.00,100 גרם,false,,6.70,0.2680,true,1,8879
7290000345215,false,תה כחול קלאסיק ויסוצקי 100 יחידות,מולינו ניקולי s.p.a,IL,ויסוצקי קלאסיק 100 ש,גרמים,100.00,100 גרם,false,,15.90,0.1590,false,1,8880
7290000345260,false,תה קלאסיק מעטפות ויסוצקי 25 יחידות,מולינו ניקולי s.p.a,IL,ויסוצקי קלאסיק 25 שק,גרמים,37.50,100 גרם,false,,7.20,0.1920,true,1,8882
7290000345277,false,תה ויסוצקי קלאסי אריזה ירוקה מרובעת (50שקיקים),מולינו ניקולי s.p.a,IL,ויסוצקי קלאסיק 50 שק,גרמים,75.00,100 גרם,false,,13.50,0.1800,true,1,8883
7290000345284,false,תה ויסוצקי קלאסי אריזה ירוקה מרובעת (100 שקיקים),מולינו ניקולי s.p.a,IL,ויסוצקי קלאסיק 100 ש,גרמים,150.00,100 גרם,false,,16.90,0.1127,false,1,8884
7290000345291,false,תה ארל גריי ויסוצקי 25 יחידות,תה ויסוצקי,IL,ארל גריי 25 שקיקים,גרמים,37.50,100 גרם,false,,15.90,0.4240,false,1,8885
7290000345307,false,תה ארל גריי ויסוצקי 50 יחידות,מולינו ניקולי s.p.a,IL,תה ארל גריי 50 שקיק,גרמים,75.00,100 גרם,false,,28.90,0.3853,false,1,8886
7290000345536,false,תה נענע ויסוצקי 25 יחידות,מולינו ניקולי s.p.a,IL,תה נענע 25 שקיקים,גרמים,37.50,100 גרם,false,,17.90,0.4773,false,1,8890
7290000346021,false,חליטת קמומיל הגן הקסום ויסוצקי 50 יחידות,בית ויסוצקי,IL,תה חליטת קמומיל 50 ש,גרמים,75.00,100 גרם,false,,34.90,0.4653,true,1,8897
7290000346120,false,חליטת קינמון הגן הקסום ויסוצקי 25 יחידות,תה ויסוצקי,IL,תה קסם הקינמון 25 שק,גרמים,62.50,100 גרם,false,,18.90,0.3024,false,1,8900
7290000346137,false,חליטת הילולי פירות הגן הקסום ויסוצקי 25 יחידות,תה ויסוצקי,IL,תה חליטת הילולי פירו,גרמים,62.50,100 גרם,false,,18.90,0.3024,false,1,8901
7290000346199,false,חליטת פירות יער הגן הקסום ויסוצקי 25 יחידות,תה ויסוצקי,IL,תה חליטת פירות יער 2,גרמים,67.50,100 גרם,false,,18.90,0.2800,false,1,8905
7290000346205,false,חליטת קמומיל הגן הקסום ויסוצקי 25 יחידות,תה ויסוצקי,IL,תה חליטת קמומיל 25 ש,גרמים,37.50,100 גרם,false,,18.90,0.5040,false,1,8906
7290000346212,false,חליטת מנטה הגן הקסום ויסוצקי 25 יחידות,תה ויסוצקי,IL,תה חליטת מנטה 25 שקי,גרמים,50.00,100 גרם,false,,18.90,0.3780,false,1,8907
7290000346229,false,הגן הקסום תה ורד הבר והיביסקוס ויסוצקי 25 יחידות,תה ויסוצקי,IL,תה חליטת ורד הבר והי,גרמים,75.00,100 גרם,false,,18.90,0.2520,false,1,8908
7290000346960,false,תה ויסוצקי נענע 1.7 גרם 50יח',בית ויסוצקי,IL,תה נענע 50 שקיקים,גרמים,75.00,100 גרם,false,,31.90,0.4253,true,1,8913
7290000347738,false,תה ירוק נענע ויסוצקי 25 יחידות,תה ויסוצקי,IL,תה ירוק נענע 25 שקיק,גרמים,37.50,100 גרם,false,,24.90,0.6640,false,1,8918
7290000347752,false,תה ירוק לימונית ולואיזה 25 שקיקים *1.5 ג'' ויסוצקי,תה ויסוצקי,IL,תה ירוק לימונית,גרמים,37.50,100 גרם,false,,24.90,0.6640,false,1,8920
7290000355382,false,עגבניות מרוסקות בזיליקום טל 800 גרם,"מילוז(1989)בע""""מ",IL,עגבניות מרוסקות עם ב,גרמים,800.00,100 גרם,false,,7.20,0.0090,false,1,18273
7290000355399,false,רוטב עגבניות תיבול עדין טל 800 גרם,"מילוז(1989)בע""""מ",,רוטב עגבניות לבי,גרמים,800.00,100 גרם,false,,7.90,0.0099,true,1,26673
7290000355405,false,עגבניות מרוסקות עם בצל טל 800 גרם,"מילוז(1989)בע""""מ",IL,עגבניות מרוסקות עם ב,גרמים,800.00,100 גרם,false,,7.20,0.0090,false,1,18274
7290000355412,false,עגבניות מרוסקות A2.5 ושום טל וטרי 800 גר',"מילוז(1989)בע""""מ",IL,עגבניות מרוסקות עם ש,גרמים,800.00,100 גרם,false,,7.20,0.0090,false,1,18275
7290000355481,false,רסק עגבניות BX22 טומטו 600ג' A2,"מילוז(1989)בע""""מ",IL,רוטב עגבניות מרוכז מ,גרמים,600.00,100 גרם,false,,5.50,0.0092,true,1,35427
7290000355498,false,רוטב עגבניות A2 BX28 טומטו 580ג',"מילוז(1989)בע""""מ",IL,רוטב עגבניות,גרמים,600.00,100 גרם,false,,6.50,0.0108,true,1,36594
7290000355757,false,עגבניות מרוסקות A2.5 טל וטרי 800ג',"מילוז(1989)בע""""מ",IL,עגבניות מרוסקות 800,גרמים,800.00,100 גרם,false,,7.20,0.0090,false,1,18279
7290000363011,false,סלמי קוניאק מובחר טירת צבי במשקל,הנסיך- מפעל לייצור ט,IL,קוניאק טירת צבי,קילוגרמים,1.00,"ק""ג",true,,84.90,84.9000,false,1,9088
7290000363189,false,סרוולד טירת צבי מעדנ,הנסיך- מפעל לייצור ט,IL,סרוולד טירת צבי,קילוגרמים,1.00,"ק""ג",true,,179.90,179.9000,false,1,9089
7290000363363,false,קבנוס נקניק מעושן יבש 160 גרם,הנסיך- מפעל לייצור ט,IL,קבנוס מיוחד 160,גרמים,160.00,100 גרם,false,,14.90,0.0931,true,1,9090
7290000363462,false,סלמי מעושן איטלקי טי,טירת- צבי,IL,סלמי מעושן איטלק,קילוגרמים,1.00,"ק""ג",true,,84.90,84.9000,false,1,9091
7290000363486,false,נקניק תה טירת צבי מע,טירת- צבי,IL,נקניק תה טירת צב,קילוגרמים,1.00,"ק""ג",true,,56.90,56.9000,false,1,9092
7290000364100,false,נקניק סלמי פריזר במש,תנובה,IL,נקניק פריזר,קילוגרמים,1.00,"ק""ג",true,,56.90,56.9000,false,1,61258
7290000364261,false,"דקניקים, סלסולי פסטרמה כתף בקר מעושנת 120 גרם",הנסיך- מפעל לייצור ט,IL,סלסולי כתף בקר,גרמים,120.00,100 גרם,false,,15.90,0.1325,false,1,38399
7290000364278,false,דקניקים סלסולי סלמי איטלקי משובח טירת צבי 120 גרם,הנסיך- מפעל לייצור ט,IL,סלסולי סלמי איטלקי מ,גרמים,120.00,100 גרם,false,,15.90,0.1325,false,1,38400
7290000364285,false,דקניקים סלסולי פסטרמה הודו טירת צבי 120 גרם,הנסיך- מפעל לייצור ט,IL,סלסולי פסטרמה הודו,גרמים,120.00,100 גרם,false,,15.90,0.1325,false,1,38401
7290000364803,false,נקניקיות בקר אמריקאיות טירת צבי 500 גרם,הנסיך- מפעל לייצור ט,IL,נקנקיות אמריקאיו,גרמים,500.00,100 גרם,false,,27.90,0.0558,true,1,9103
7290000364858,false,"נקניקיות עוף טרי טירת צבי 1 ק""ג",הנסיך- מפעל לייצור ט,IL,נקנקיות עוף 1 קג,יחידה,1.00,יחידה,false,,26.90,26.9000,false,1,9105
7290000364872,false,נקניקיות עוף טירת צבי 400 גרם,טיב טירת צבי 2000,IL,נקנקיות עוף טירת,גרמים,400.00,100 גרם,false,,11.90,0.0298,true,1,9106
7290000364957,false,נקניקיות עוף מיני מיני טירת צבי 700 גרם,הנסיך- מפעל לייצור ט,IL,נקנקיות מיני,גרמים,700.00,100 גרם,false,,26.90,0.0384,true,1,40468
7290000365046,false,פסטרמה כתף בקר מעושן,טירת- צבי,IL,כתף בקר טירת צבי,קילוגרמים,1.00,"ק""ג",true,,109.90,109.9000,false,1,31904
7290000365107,false,כתף בקר מפולפל במשקל,טירת- צבי,IL,כתף מפולפל טירת צבי,קילוגרמים,1.00,"ק""ג",true,,109.90,109.9000,false,1,32669
7290000365398,false,חזה הודו בדבשטירת צבי,טירת- צבי,IL,פסטרמה דבש ט.צבי,קילוגרמים,1.00,"ק""ג",true,,84.90,84.9000,false,1,9108
7290000365909,false,פסטרמה הודו מעושנתטירת צבי,טירת- צבי,IL,פסטרמה הודו מעושנת,קילוגרמים,1.00,"ק""ג",true,,84.90,84.9000,false,1,9112
7290000365954,false,פסטרמה על גחלים משקל,טירת- צבי,IL,פסטרמה על גחלים,קילוגרמים,1.00,"ק""ג",true,,84.90,84.9000,false,1,9113
7290000367590,false,פסטרמה כפרית וסלמי פריזר כפרי טירת צבי 2*400 גרם,טיב טירת צבי 2000,IL,זוג פסטרמה טירת,גרמים,800.00,100 גרם,false,,29.90,0.0374,true,1,9116
7290000369037,false,סלט קוביות בולגרית גבינות ניצן 200 גרם,גבינות אמיר ניצן בעמ,IL,סלט קוביות בולגרית 2,גרמים,200.00,100 גרם,false,,15.90,0.0795,true,1,118446
7290000377209,false,בוטן מטוגן קליית גת 200 גרם,"ג'י אנד ג'י בע""מ",IL,בוטנים 200,גרמים,200.00,100 גרם,false,,6.90,0.0345,true,1,12726
7290000377445,false,נש צ'אנס קליית גת 200 גרם,"ג'י אנד ג'י בע""מ",IL,תערובת מנצ'ס,גרמים,200.00,100 גרם,false,,8.50,0.0425,true,1,12729
7290000377452,false,גרעיני אבטיח קליית גת 200 גרם,הדקלאים אגודת שיתופי,IL,גרעיני אבטיח 200ח,גרמים,200.00,100 גרם,false,,12.00,0.0600,true,1,12730
7290000408316,false,יוגורט דנונה דל לקטוז 200 גרם,מיוצר עי קונדיטוריית,IL,יוגורט דנונה טבעי 3%,מיליליטרים,200.00,"100 מ""ל",false,,3.50,0.0175,true,1,7496
7290000408354,false,יוגורט עם אורז מצופה שוקולד קקאו 175 ג' דנונה,"שטראוס בריאות בע""\מ",IL,דנונה קראנצ' פצפוצים,מיליליטרים,175.00,"100 מ""ל",false,,4.60,0.0263,false,1,7497
7290000412481,false,נוזל לניקוי אסלות 00 סנו 1 ליטר,מיוצר עי קונדיטוריית,IL,מנקה אסלות 1ליטר,ליטרים,1.00,ליטר,false,,7.90,7.9000,false,1,17173
7290000416021,false,ממרח בטעם שוקולד השחר חלבי 500,השחר העולה,IL,ממרח השחר 500 גרם,גרמים,500.00,100 גרם,false,,13.90,0.0278,false,1,17381
7290000416045,false,"ממרח בטעם שוקולד השחר 1 ק""ג",השחר העולה תעשייות מ,IL,"ממרח השחר 1 ק""ג",קילוגרמים,1.00,"ק""ג",false,,23.90,23.9000,false,1,17382
7290000416076,false,"צימקאו לאפייה וציפוי השחר 400 גרם כשל""פ",השחר העולה תעשייות מ,IL,שוקולד צימקאו,גרמים,400.00,100 גרם,false,,12.60,0.0315,true,1,17383
7290000416618,false,"ממרח שוקולד פרווה השחר 400 גרם כשל""פ",השחר העולה תעשייות מ,IL,ממרח שוקולד השחר פרו,גרמים,400.00,100 גרם,false,,10.60,0.0265,true,1,17385
7290000416809,false,ממרח חצי חצי נוגט אגוזים וקרם חלב השחר 350ג',השחר העולה תעשייות מ,IL,ממרח השחר חצי חצי,גרמים,350.00,100 גרם,false,,9.90,0.0283,false,1,107943
7290000416854,false,אבקת קקאו השחר העולה 150ג',השחר העולה תעשייות מ,IL,קקאו 150 גר,גרמים,150.00,100 גרם,false,,9.50,0.0633,true,1,17387
7290000416922,false,השחר ממרח חלב 350 גרם,השחר העולה תעשייות מ,IL,ממרח חלב השחר,גרמים,350.00,100 גרם,false,,9.90,0.0283,false,1,107944
7290000419220,false,מארז קפה לנדוור לבוקר 3 יח 100 גרם,קפה לנדוור,IL,מארז קפה לנדוור טחון,גרמים,300.00,100 גרם,false,,18.90,0.0630,false,1,31018
7290000419374,false,שלישיית קפה טחון טורקי לנדוור 100 גרם,קפה לנדוור,IL,מארז שלישייה קפה שחו,גרמים,300.00,100 גרם,false,,18.90,0.0630,false,1,43814
7290000420325,false,"פופסטאר פופקורן למקירוגל בטעם טבעי 5 שקיות,500 גרם",פרסטון פארמס,US,פופסטאר טבעי 5יח',גרמים,500.00,100 גרם,false,,12.90,0.0258,false,1,16299
7290000420332,false,פופסטאר פופקורן למיקרוגל בטעם חמאה 5 יחידות 500 גרם,פרסטון פארמס,US,פופסטאר חמאה 5יח',גרמים,500.00,100 גרם,false,,12.90,0.0258,false,1,16300
7290000420417,false,גלילונית שקיות אשפה 52X65 עם שרוך 60 יחידות,"איטיליאן פוד, אס.פי.",IL,גלילונית 50X70 עם לש,יחידה,0.00,יחידה,false,,24.00,0.0000,false,1,16301
7290000430102,false,קוביות קרח בשקית מיסטר אייס 2 קילו,"אייס (קיובס) בע""מ -",IL,"שקיות קרח 2 ק""ג",יחידה,2.00,יחידה,false,,9.90,4.9500,true,1,25890
7290000432205,false,נר תמיד בכוס פאלאס 4,פאלאס תעשיות נטו (20,CN,נר תמיד בכוס 48 שעות,יחידה,0.00,יחידה,false,,4.50,0.0000,true,1,11179
7290000432649,false,נרות שבת מס 6 180 גר,פאלאס,IL,נרות שבת 6,גרמים,180.00,100 גרם,false,,4.50,0.0250,true,1,100510
7290000432663,false,נרות שבת מס 10 180 ג,"פאלאס בע""מ",IL,נרות שבת מס' 10,גרמים,180.00,100 גרם,false,,4.50,0.0250,true,1,100512
7290000432687,false,נרות שבת 16 יחידות,"פאלאס בע""מ",IL,נרות שבת מס' 16,גרמים,180.00,100 גרם,false,,4.50,0.0250,true,1,190172
7290000446547,false,חמאת בוטנים טבעית בטר אנד דיפרנט 350 גרם,"בטר אנד דיפרנט בע""מ",IL,חמאת בוטנים טבעית,גרמים,350.00,100 גרם,false,,12.90,0.0369,true,1,40975
7290000446554,false,"חמאת בוטנים טבעית בטר אנד דיפרנט 1 ק""ג",בטר אנד דיפרנט B&D,IL,חמאת בוטנים טבעית 1,קילוגרמים,1.00,"100 ק""ג",false,,27.90,27.9000,true,1,98127
7290000446776,false,פיצפוצי אורז מלא ללא סוכר ומלח בשקית 450 גרם,בטר אנד דיפרנט,IL,פיצפוצי אורז מלא ללא,גרמים,450.00,100 גרם,false,,18.90,0.0420,true,1,94616
7290000449128,false,סיף פנטסטיק לימון ניקוי רב תכליתי 4ל',יוניליוור ישראל טיפוח אי,IL,פנטסטיק 4 ליטר,ליטרים,4.00,ליטר,false,,19.90,4.9750,false,1,12270
7290000450209,false,פוסידון טונה בהירה בשמן 77 גרם,"מיוצר עי וליגר בעמ,",IL,טונה פוסידון בשמן 11,גרמים,110.00,100 גרם,false,,6.00,0.0545,true,1,17790
7290000453019,false,שמרים טריים לאפייה שקית שמרית 50 ג',"פאקא תעשיות בע""\מ",IL,שמרית,גרמים,50.00,100 גרם,false,,4.60,0.0920,false,1,7499
7290000453125,false,שמרית שמרים טריים לאפייה +משפר אפייה 100ג,"פאקא תעשיות בע""\מ",IL,שמרית+משפר אפיה,גרמים,100.00,100 גרם,false,,7.90,0.0790,true,1,7500
7290000453200,false,בלילה להכנת פנקייק עם רכיבים ביתיים,"פאקא תעשיות בע""מ",DE,בלילה מצוננת להכנת פ,מיליליטרים,750.00,"100 מ""ל",false,,21.90,0.0292,true,1,126961
7290000453323,false,קמח תמי עמילן חיטה ללא גלוטן 500 גרם,תמי,IL,קמח תמי עמילן חיטה ל,גרמים,500.00,100 גרם,false,,18.90,0.0378,true,1,188839
7290000453385,false,שמרים יבשים פארא אינסטנט 500 גרם עלית,פאקא תעשיות בעמ,GB,שמרים יבשים פאקא,גרמים,500.00,100 גרם,false,,14.40,0.0288,true,1,98404
7290000453408,false,בצק פיצה דק מצונן ומוכן לאפייה שמרית 415 גרם,"פאקא תעשיות בע""מ",FR,בצק פיצה דק מצונן ומ,גרמים,415.00,100 גרם,false,,16.90,0.0407,true,1,115951
7290000453415,false,בצק עלים מצונן ומוכן לאפייה שמרית 300 גרם,"פאקא תעשיות בע""מ",FR,בצק עלים מצונן ומוכן,גרמים,300.00,100 גרם,false,,15.90,0.0530,true,1,115952
7290000453422,false,בצק פילו מצונן ומוכן לאפייה שמרית 300 גרם,"פאקא תעשיות בע""מ",GR,בצק פילו מוכן לאפייה,גרמים,300.00,100 גרם,false,,15.90,0.0530,true,1,115953
7290000453446,false,פיצה קראסט בצק שמרים מצונן להכנת פיצה ופוקצ'ה,"פאקא תעשיות בע""מ",IL,פיצה קראסט שמרית,גרמים,500.00,100 גרם,false,,19.90,0.0398,true,1,187638
7290000453484,false,בצק קדאיף לאפייה שמרית 350 גרם,"פאקא תעשיות בע""מ",GR,בצק קדאיף 350 גר שימ,גרמים,350.00,100 גרם,false,,15.90,0.0454,false,1,189081
7290000453781,false,שמרים יבשים שמרית 125 גרם,"פאקא תעשיות בע""מ",PT,שמרים יבשים,גרמים,125.00,100 גרם,false,,6.30,0.0504,true,1,111761
7290000453798,false,שמרית שמרים יבשים אקטיביים 500 גר',"גי' בי' רכיבים בע""מ",IL,שמרים אקטיבים 500 גר,גרמים,500.00,100 גרם,false,,14.90,0.0298,false,1,109212
7290000453866,false,נטורינה תחליף מרגרינה לבישול ואפיה קוקוס שמרית 200 גרם,גרונבאנג- גרונדנסק א,DK,נטורינה קוקוס שמרית,גרמים,200.00,100 גרם,false,,7.60,0.0380,false,1,107188
7290000453880,false,מרגרינה ללא מלח לאפיה ובישול שמרית 200גר,"פאקא תעשיות בע""מ",IL,מרגרינה ללא מלח לאפי,גרמים,200.00,100 גרם,false,,5.90,0.0295,false,1,99647
7290000461625,false,בייגלה שמיניות מלח בייגל בייגל 400 ג',בייגל את בייגל מזון 198),IL,בייגלה שמיניות גדולו,גרמים,400.00,100 גרם,false,,8.90,0.0223,true,1,12274
7290000461656,false,בייגלה מקלות מלוחים בייגל בייגל 400 גרם,בייגל את בייגל מזון 198),IL,מקלות בייגל,גרמים,400.00,100 גרם,false,,8.90,0.0223,true,1,12276
7290000461700,false,בייגלה שמיניות גדולות מלוחות 400 גרם,בייגל את בייגל מזון 198),IL,בייגלה גדול גדול,גרמים,400.00,100 גרם,false,,13.90,0.0348,true,1,12277
7290000461724,false,בייגלה שמיניות גדולות שומשום בייגל בייגל,יוניליוור מזון,IL,בייגלה שומשום 00,גרמים,400.00,100 גרם,false,,13.90,0.0348,true,1,12278
7290000461793,false,בייגלה ארוך ארוך סידרה ירוקה בייגל בייגל 150 גרם,בייגל את בייגל מזון 198),IL,מקלות מלוחים קטן,גרמים,150.00,100 גרם,false,,6.90,0.0460,false,1,12280
7290000462103,false,סחוג תימני אדום חריף עדין זהבי הכרם 150 גרם,קריניסה ויטמין אס אי,IL,סחוג זהבי,גרמים,150.00,100 גרם,false,,8.90,0.0593,true,1,7501
7290000462141,false,סחוג אדום תימני מקורי חריף מאוד זהבי 150 גרם,קריניסה ויטמין אס אי,IL,סחוג חריף מאוד זהבי,גרמים,150.00,100 גרם,false,,8.90,0.0593,true,1,34169
7290000462172,false,סחוג תימני ירוק חריף זהבי הכרם 150 גרם,קריניסה ויטמין אס אי,IL,סחוג,גרמים,150.00,100 גרם,false,,8.90,0.0593,true,1,7502
7290000462981,false,סחוג חריף אש זהבי 150 גרם,"זהבי הכרם בועז בע""מ-",IL,זחוק חריף אש 150 גר',גרמים,150.00,100 גרם,false,,8.90,0.0593,true,1,120106
7290000467153,false,מלך החומוס סמיר הגדול 400 גרם צבר,סלטי צבר,IL,חומוס סמיר הגדול,גרמים,400.00,100 גרם,false,,13.90,0.0348,true,1,67327
7290000467320,false,מלך החומוס אבו מרוואן 400 גרם,סלטי צבר,IL,חומוס אבו מרוואן 400,גרמים,400.00,100 גרם,false,,13.90,0.0348,true,1,67328
7290000474090,false,"חלב בקרטון 1%- 1 ליטר בד""צ - מוצר בפיקוח",מילקו תעשיות בעמ,IL,חלב טרה הומוגני דל ש,ליטרים,1.00,ליטר,false,,5.86,5.8600,false,1,5639
7290000474373,false,"שמנת חמוצה 15% שומן 200 מ""ל טרה",קריות זול,IL,שמנת חמוצה 15%,גרמים,200.00,100 גרם,false,,2.40,0.0120,false,1,55709
7290000474502,false,גבינה לבנה טרה 5% מרכיבים טבעיים,הפריט בפיקוח,IL,גבינה לבנה 250 גר' ט,גרמים,250.00,100 גרם,false,,4.98,0.0199,false,1,5649
7290000474540,false,טוב טעם גבינה לבנה 3% טרה 250 גרם,קריות זול,IL,גבינה טוב טעם 3% טרה,גרמים,250.00,100 גרם,false,,11.50,0.0460,false,1,5651
7290000480107,false,קוואקר שיבולת שועל פחית 500 גרם,וולקרס סנקס לימיטד,GB,קוואקר שיבולת שועל פ,גרמים,500.00,100 גרם,false,,11.90,0.0238,false,1,15845
7290000480442,false,קוואקר שיבולת שועל בשקית 500 גרם,פריטו ליי FRITO-LAY,IL,שיבולת שועל קוואקר ב,גרמים,500.00,100 גרם,false,,12.90,0.0258,false,1,15853
7290000481043,false,10 פיתות מקמח כוסמין מלא דגנית,דגנית עין בר תעשיות מזון,IL,פיתות כוסמין 10 יח',גרמים,700.00,100 גרם,false,,17.90,0.0256,true,1,124144
7290000481074,false,לחם משלושה קמחים מלאים 750 גר,דגנית עין בר תעשיות מזון,IL,לחם משלושה קמחים מלא,גרמים,750.00,100 גרם,false,,15.90,0.0212,true,1,189401
7290000481197,false,לחם מחמצת גרעינים ושיבולת שועל 550 גרם דגנית,פריט ללא פיקוח,IL,לחם מחמצת גרעינים וש,גרמים,550.00,100 גרם,false,,17.90,0.0325,true,1,190731
7290000481203,false,לחם מחמצת מקמח מלא 550 גרם דגנית,פריט ללא פיקוח,IL,לחם מחמצת מקמח מלא ד,גרמים,550.00,100 גרם,false,,17.90,0.0325,true,1,190729
7290000481531,false,דגנית עין בר לחמניות אצבע מחיטה מלאה בשקית 750 ג',דגנית עין בר תעשיות מזון,IL,מארז 10 לחמניות אצבע,גרמים,750.00,100 גרם,false,,12.50,0.0167,false,1,70391
7290000481647,false,חלה צמה מתוקה,דגנית עין בר,,חלה צמה מתוקה,גרמים,500.00,100 גרם,false,,12.90,0.0258,true,1,15071
7290000481883,false,דגנית עין בר מארז לחמניות 10 יח'*75 ג',דגנית עין בר תעשיות מזון,IL,מארז לחמניות אצבע עש,גרמים,750.00,100 גרם,false,,11.00,0.0147,false,1,69485
7290000482019,false,שקיות לצליה קוקי 10 יחידות,"ש. שסטוביץ בע""מ",IL,שקיות קוקי- 10 יח',יחידה,0.00,יחידה,false,,9.90,0.0000,true,1,8293
7290000482033,false,שקיות לצליה בתנור ובמיקרוגל קוקי 5 יחידות,הנסיך- מפעל לייצור ט,IL,שקיות קוקי ענק- 5 יח,יחידה,0.00,יחידה,false,,9.90,0.0000,true,1,8295
7290000483412,false,קישוטי עוגה טיפטופים,המרשלג פרלינס בעמ,IL,קישוטים לעוגה,גרמים,60.00,100 גרם,false,,12.00,0.2000,true,1,19871
7290000484747,false,עראק עלית 700 מל 40% כהל,יקב הגליל יוסף גולד ובניו,IL,עלית הארק,מיליליטרים,700.00,"100 מ""ל",false,,55.90,0.0799,false,1,101426
7290000490601,false,גלידל וניל פלדמן מארז שמינייה,הגלידות של פלדמן,IL,מאגדת גלידל דיאט שלג,גרמים,400.00,100 גרם,false,,29.90,0.0747,true,1,18445
7290000490762,false,גלידל שוקו פלדמן מארז שמינייה,הגלידות של פלדמן,IL,מאגדת גלידל שלגוני ש,גרמים,400.00,100 גרם,false,,29.90,0.0747,true,1,18446
7290000493176,false,אסם אבקת רוטב צלי לבשר 22 ג',"אסם השקעות בע""\מ",IL,רוטב צלי באבקה,גרמים,22.00,100 גרם,false,,4.40,0.2000,true,1,6418
7290000493183,false,אבקת רוטב פטריות לבשר-30 גרם,"אסם השקעות בע""\מ",IL,רוטב פטריות באבקה,גרמים,30.00,100 גרם,false,,4.40,0.1467,true,1,6419
7290000494760,false,קפה טורקי כתר בוואקו,רוני רג'ואן,IL,קפה כתר אריזת ואקום,קילוגרמים,1.00,"ק""ג",false,,46.90,46.9000,false,1,7354
7290000497044,false,"לחם אקטיב 750 גרם ""ברמן""",מאפית י את א ברמן בע,IL,לחם ברמן אקטיב,גרמים,750.00,100 גרם,false,,15.90,0.0212,true,1,69427
7290000497426,false,לחם ברמן לענין פלוס 500 גרם,מאפית י את א ברמן בע,IL,ברמן קל לעניין,גרמים,750.00,100 גרם,false,,14.90,0.0199,true,1,25265
7290000504025,false,ממתיק סוכרזית פטרייה עלית 300 גרם,אף.סי תבליני בגליל ב,IL,פטריה 300טבל',גרמים,246.00,100 גרם,false,,8.50,0.0346,true,1,9717
7290000504049,false,סוכרזית קלאסי קנקן 1200 טבליות,אף.סי תבליני בגליל ב,IL,סוכרזית קנקן,גרמים,984.00,100 גרם,false,,24.50,0.0249,true,1,9719
7290000504209,false,"סוכרזית דיאט טיפ נוזלי 220 מ""ל",אף.סי תבליני בגליל ב,IL,דיאט טיפ ממתיק,יחידה,220.00,יחידה,false,,19.50,0.0886,true,1,9720
7290000504261,false,סוויט דיאט כמו סוכר ממתיק אבקתי 65ג',סוכרזית Sucrazit,IL,כמו סוכר ממת 140י,גרמים,65.00,100 גרם,false,,25.90,0.3985,true,1,9721
7290000504278,false,ממתיק סוכרזית אריזת פטנט 700 טבליות,אף.סי תבליני בגליל ב,IL,סוכרזית פטנט,גרמים,574.00,100 גרם,false,,17.90,0.0312,true,1,9722
7290000518114,false,אבקת סוכר מתוק וקל 200 גרם,קריות זול,IL,מתוק וקל אבקה,גרמים,200.00,100 גרם,false,,10.50,0.0525,true,1,14733
7290000518121,false,ממתיק מתוק וקל 50 יחידות,קריות זול,IL,מתוק וקל 50יח,גרמים,50.00,100 גרם,false,,6.50,0.1300,true,1,10831
7290000518152,false,ממתיק זהב מתוק וקל 50 שקיות,קריות זול,IL,מתוק וקל זהב,גרמים,25.00,100 גרם,false,,6.90,0.2760,true,1,14734
7290000518169,false,ממתיק מתוק וקל 1000 טבליות,קריות זול,IL,מתוק וקל 1000 יח,גרמים,820.00,100 גרם,false,,10.90,0.0133,true,1,14735
7290000518176,false,ממתיק מתוק וקל 250 שקיות,מתוק וקל בעמ,IL,מתוק וקל 250,גרמים,250.00,100 גרם,false,,18.90,0.0756,true,1,14736
7290000518190,false,מתוק וקל סטיביה 100 יחידות,מתוק וקל,IL,מתוק וקל סטיביה 100,יחידה,0.00,יחידה,false,,26.90,0.0000,true,1,105066
7290000518220,false,ממתיק סוכרה דיאט 100 יחידות,פתח תקווה,IL,סוכרה דיאט 100 שקיות,יחידה,0.00,יחידה,false,,25.00,0.0000,true,1,105003
7290000518237,false,סוכרה דיאט אבקת 100 גרם,מתוק וקל בעמ,IL,סוכרה דיאט אבקה 100,גרמים,100.00,100 גרם,false,,23.90,0.2390,true,1,104735
7290000518251,false,ממתיק זהב מתוק וקל 100 יחידות,קריות זול,IL,מתוק וקל זהב 100,גרמים,100.00,100 גרם,false,,12.90,0.1290,true,1,14738
7290000518336,false,ממתק צמר גפן מתוק מסיבים תזונתיים,מתוק וקל בעמ,IL,צמר גפן מתוק,גרמים,10.00,100 גרם,false,,5.00,0.5000,true,1,126394
7290000518879,false,סוכרה דיאט 250 שקיות אריזת חסכון,מתוק וקל בעמ,IL,סוכרה דיאט 250 שקיות,גרמים,200.00,100 גרם,false,,49.90,0.2495,true,1,67125
7290000521008,false,יין אדום יבש של סגל750מל,"כרמי צבי - אחים סגל בע""\",IL,של סגל אדום יבש,גרמים,750.00,100 גרם,false,,19.90,0.0265,false,1,18535
7290000521015,false,"יין לבן יבש של סגל750מ""ל","מיוצר ע""י כרמי צבי-",IL,סגל לבן יבש,מיליליטרים,750.00,"100 מ""ל",false,,19.90,0.0265,false,1,18536
7290000523125,false,מלח הארץ הים האדום 250 ג' עדין,"חברת מלח הארץ אילת בע""\מ",IL,מלח ים 200 גר',גרמים,250.00,100 גרם,false,,5.50,0.0220,true,1,13688
7290000523224,false,מלח הארץ הים האדום 500 ג' עדין,"חברת מלח הארץ אילת בע""\מ",IL,מלח ים 500 גר',גרמים,500.00,100 גרם,false,,7.90,0.0158,true,1,13689
7290000523514,false,מלח ים יבש מלח הארץ 250 גרם מופחת נתרן,"חברת מלח הארץ אילת בע""\מ",IL,מלח ים מופחת נתרן,גרמים,250.00,100 גרם,false,,10.00,0.0400,true,1,9448
7290000523521,false,מלח ים מלח הארץ 250 גרם מועשר ביוד,חברת מלח הארץ אילת ב,IL,מלח מועשר ביוד,גרמים,250.00,100 גרם,false,,5.90,0.0236,true,1,9449
7290000523804,false,"מלח עדין צנצנת 1 ק""ג מלח הארץ","חברת מלח הארץ אילת בע""\מ",IL,מלח הארץ עדין 1קג,קילוגרמים,1.00,"ק""ג",false,,7.50,7.5000,true,1,34741
7290000523811,false,"צנצנת מלח גס 1 ק""ג מלח הארץ","חברת מלח הארץ אילת בע""\מ",IL,מלח הארץ גס 1קג,קילוגרמים,1.00,"ק""ג",false,,7.50,7.5000,true,1,34742
7290000525969,false,מיץ תפוזים סחוט רכיבים טבעיים פרימור 1 ליטר,"גניר (1992) בע""מ",IL,פרימור סחוט תפוזים 1,ליטרים,1.00,ליטר,false,,15.90,15.9000,false,1,7503
7290000530024,false,נקניק תה מעושן רחב במשקל,זוגלובק,IL,תה זוגלובק,קילוגרמים,1.00,"ק""ג",true,,49.90,49.9000,false,1,11667
7290000530031,false,סלמי פיין צר זוגלובק,זוגלובק,IL,סלמי פיין צר,קילוגרמים,1.00,"ק""ג",true,,52.90,52.9000,true,1,11668
7290000530048,false,נקניק סלמי פפרוני במ,זוגלובק,IL,סלמי פפרוני,קילוגרמים,1.00,"ק""ג",true,,46.90,46.9000,false,1,25833
7290000530062,false,נקניק מעושן איטלקי במשקל,זוגלובק,IL,מעושן איטלקי בלו,קילוגרמים,1.00,"ק""ג",true,,72.90,72.9000,true,1,11669
7290000530086,false,נקניק סלמי מעושן זוגלובק 600 גרם,נקניק נהריה כשר זוגל,IL,סלמי מעוש 7000ן,גרמים,610.00,100 גרם,false,,31.90,0.0523,true,1,25873
7290000530109,false,קבנוס זוגי בואקום זוגלובק 180ג',נקניק נהריה כשר זוגל,IL,זוג קבנוס בואקום,גרמים,360.00,100 גרם,false,,28.90,0.0803,true,1,28472
7290000530116,false,נקניק סלמי מעושן בשן 470 ג' זוגלובק,נקניק נהריה כשר זוגל,IL,נקניק בשן,גרמים,485.00,100 גרם,false,,25.90,0.0534,true,1,11670
7290000530178,false,נקניק קוניאק זוגלובק,זוגלובק,IL,נקניק קוניאק זוגלובק,קילוגרמים,1.00,"ק""ג",true,,79.90,79.9000,true,1,11671
7290000530192,false,נקניק סלמי סרוולד במ,זוגלובק,IL,סרבלד זוגלובק,קילוגרמים,1.00,"ק""ג",true,,119.90,119.9000,true,1,11672
7290000530260,false,נקניק מרטדלה רחב במשקל,זוגלובק,IL,מרטדלה רחב,קילוגרמים,1.00,"ק""ג",true,,35.90,35.9000,true,1,11673
7290000530291,false,נקניק מבשר הודו קטן זוגלובק 750 גרם,נקניק נהריה כשר זוגל,IL,נקניק מבשר הודו,גרמים,800.00,100 גרם,false,,17.90,0.0224,true,1,20000
7290000530369,false,גולן ח.הודו מעוש.שלם משק,זוגלובק,IL,גולן-חזה מעושן,קילוגרמים,1.00,"ק""ג",true,,79.90,79.9000,false,1,11674
7290000530413,false,המבורגר זהב זוגלובק 400 גרם,נקניק נהריה כשר זוגל,IL,המבורגר זהב,גרמים,400.00,100 גרם,false,,19.90,0.0497,true,1,11675
7290000530598,false,נקניקיות עוף וינר זוגלובק 500 גרם,נקניק נהריה כשר זוגל,IL,נקנקיות,גרמים,500.00,100 גרם,false,,17.00,0.0340,true,1,11678
7290000530604,false,נקניקיות וינר חריפות גוליבר 500ג זוגלובק,נקניק נהריה כשר זוגל,IL,נקנקיות חריפות,גרמים,500.00,100 גרם,false,,16.50,0.0330,true,1,11679
7290000530703,false,פסטרמה חרמון כפרית ונקניק תה מעושן זוגלובק 2*400 גרם,נקניק נהריה כשר זוגל,IL,חרמון כפרית 400+תה 4,גרמים,800.00,100 גרם,false,,26.90,0.0336,true,1,38680
7290000531410,false,פסטרממיה בדבש טהור במשקל,זוגלובק,IL,פסטרממיה בדבש טה,קילוגרמים,1.00,"ק""ג",true,,79.90,79.9000,false,1,29277
7290000531601,false,סטייקבורגר זהב זוגלובק 400 גרם,נקניק נהריה כשר זוגל,IL,סטייקבורגר זהב,גרמים,400.00,100 גרם,false,,19.90,0.0497,true,1,11690
7290000531977,false,בורקס גבינה זוגלובק 800 גרם,נקניק נהריה כשר זוגל,IL,בורקס גבינה 800 גר',גרמים,800.00,100 גרם,false,,16.90,0.0211,false,1,11694
7290000532400,false,חזה הודו ברביקיו במשקל,זוגלובק,IL,פסטרמה בר בי קיו זו,קילוגרמים,1.00,"ק""ג",true,,79.90,79.9000,false,1,11700
7290000532479,false,"נקנקיות חריפות 1 ק""ג זוגלובק",זוגלובק,,"נקניקיות חריפות 1 ק""",קילוגרמים,1.00,"ק""ג",false,,29.90,29.9000,true,1,114412
7290000532721,false,כתף בקר בפלפל טורו במשקל,זוגלובק,IL,טורו זוגלובק,קילוגרמים,1.00,"ק""ג",true,,109.90,109.9000,false,1,11706
7290000533353,false,"בצק עלים צרפתי 1 ק""ג זוגלובק",מאפיית אריאל וגידרון,IL,בצק עלים זוגלובק,קילוגרמים,1.00,"ק""ג",false,,19.90,19.9000,false,1,11709
7290000534718,false,חזה הודו תבור דל שומן מש,זוגלובק,IL,תבור-חזה הודו דל שומ,קילוגרמים,1.00,"ק""ג",true,,79.90,79.9000,false,1,30399
7290000534800,false,פסטרמה הודו רומני במשקל,זוגלובק,IL,פסטרמה הודו רומנ,קילוגרמים,1.00,"ק""ג",true,,79.90,79.9000,false,1,34940
7290000534824,false,חזה הודו חרמון(מעוצב)משק,זוגלובק,IL,חרמון-חזה הודו מ,קילוגרמים,1.00,"ק""ג",true,,49.90,49.9000,false,1,11725
7290000535791,false,קורנדביף בסגנון ניויורק,זוגלובק,IL,חזה בקר ניו יורק זוג,קילוגרמים,1.00,"ק""ג",true,,109.90,109.9000,false,1,56707
7290000536743,false,שניצלונים קריספי ט. תירס 500 גר' זוגלובק,נקניק נהריה כשר זוגל,IL,קריספי סטיקס תירס,גרמים,500.00,100 גרם,false,,13.90,0.0278,true,1,70040
7290000537566,false,נקניקיות עוף טרי 400 ג' זוגלובק,נקניק נהריה כשר זוגל,IL,נקנקיות עוף טרי,גרמים,400.00,100 גרם,false,,15.90,0.0398,true,1,11749
7290000538372,false,נקניק קוניאק אקסטרה,זוגלובק,IL,פיין אקסטרא קוני,קילוגרמים,1.00,"ק""ג",true,,49.90,49.9000,false,1,11757
7290000538709,false,נקניק סלמי תה מעושן זוגלובק 200 גרם,זוגלובק,IL,נקניק תה מעושן,גרמים,200.00,100 גרם,false,,12.50,0.0625,true,1,20011
7290000552118,false,נקניקיות מרגז טיבון ויל 400 גרם,טיבון ויל אחזקות בעמ,IL,נקניקיות מרגז,גרמים,400.00,100 גרם,false,,19.90,0.0497,true,1,17794
7290000552569,false,סטייקבורגר בקר טיבון ויל 400 גרם,"טיבון ויל אחזקות בע""\מ",IL,סטייקבורגר 400 גר',גרמים,400.00,100 גרם,false,,18.90,0.0472,false,1,17798
7290000554006,false,גבינה קשקבלו משולשים,מחלבות גד,IL,גבינת קשקבל גד,קילוגרמים,1.00,"ק""ג",true,,129.90,129.9000,true,1,18301
7290000554402,false,מעדן חלב מלבי 5% גד 170 גרם,"מיוצר ע""\י קוד יצרן EDNK",IL,מלבי 5% גד,גרמים,160.00,100 גרם,false,,5.90,0.0369,true,1,18302
7290000554457,false,גבינה צפתית במליחות עדינה 5% גד 350 גרם,"מחלבות גד בע""\מ",IL,צפתית גד 5%,גרמים,350.00,100 גרם,false,,22.90,0.0654,true,1,18303
7290000554471,false,נקניק מוצרלה 22 אחוז 180גרם גד מהדרין,"מחלבות גד בע""\מ",IL,מוצרלה 22%,גרמים,180.00,100 גרם,false,,17.90,0.0994,true,1,18304
7290000554532,false,גבינה צפתית מעודנת במלח ים 5% 200 ג' גד,הנסיך- מפעל לייצור ט,IL,צפתית מעודנת 5% 200ג,גרמים,200.00,100 גרם,false,,14.90,0.0745,true,1,33849
7290000554600,false,מוצרלה מגורדת 22 אחוז 300גרם גד מהדרין,מחלבות גד בעמ,IL,מוצרלה מגורדת 22%,גרמים,300.00,100 גרם,false,,27.90,0.0930,true,1,18307
7290000554624,false,מעדן חלב ירח מתוק עם אורז 3% גד 150 גרם,"מיוצר ע""\י קוד יצרן EDNK",IL,ירח מתוק 3% גד,גרמים,150.00,100 גרם,false,,5.90,0.0393,true,1,18308
7290000554686,false,גבינת לאבנה בתוספת שמן זית וזעתר 5% גד 250 גרם,מחלבות גד בעמ,IL,לבנה 5% זעתר גד,גרמים,250.00,100 גרם,false,,14.90,0.0596,true,1,18309
7290000554754,false,גבינה מוצרלה כדורקטן,מחלבות גד,IL,מוצרלה במים קטן,קילוגרמים,1.00,"ק""ג",true,,95.90,95.9000,true,1,41706
7290000554792,false,גבינה בולגרית 5%במשקל,מחלבות גד,IL,בולגרית 5% גד מעודנת,קילוגרמים,1.00,"ק""ג",true,,59.90,59.9000,false,1,42021
7290000554815,false,מוצרלה נקניק 22% במשקל,מחלבות גד,IL,מוצרלה גד,קילוגרמים,1.00,"ק""ג",true,,85.90,85.9000,false,1,18314
7290000554822,false,ריקוטה גבינה לבנה בסגנון איטלקי 5% גד 250 גרם,מחלבות גד בעמ,IL,ריקוטה אורדה 5% גד,גרמים,250.00,100 גרם,false,,14.50,0.0580,true,1,18315
7290000554839,false,מסקרפונה שמנת מתוקה קשה בסגנון איטלקי 40% גד 250 גרם,מחלבות גד בעמ,IL,מסקרפונה 40% גד,גרמים,250.00,100 גרם,false,,22.50,0.0900,true,1,18316
7290000554914,false,גב.צפתית רכה 5% במשקל,מחלבות גד,IL,צפתית רכה גד,קילוגרמים,1.00,"ק""ג",true,,63.90,63.9000,false,1,38874
7290000554969,false,גב.שמנת 30%שומן1קג משקל,מחלבות גד,IL,גבינת שמנת טבעית גד,קילוגרמים,1.00,"ק""ג",true,,47.90,47.9000,true,1,42228
7290000554976,false,גבינת שמנת זיתים גד,מחלבות גד,IL,גבינת שמנת זיתים גד,קילוגרמים,1.00,"ק""ג",true,,47.90,47.9000,true,1,42229
7290000554990,false,כדורי מוצרלה במים במ,מחלבות גד,IL,מוצרלה גד במים,קילוגרמים,1.00,"ק""ג",true,,95.90,95.9000,true,1,42677
7290000555501,false,פיקדון 30 אגורות,,,פיקדון בק ריק,יחידה,0.00,יחידה,false,,0.30,0.0000,false,1,5601
7290000555502,false,פיקדון שש בק',,,פיקדון שש בק',יחידה,0.00,יחידה,false,,1.80,0.0000,false,1,5714
7290000555503,false,פיקדון בירה קוזל,פריגת,,פיקדון ארבע בק',יחידה,0.00,יחידה,false,,1.20,0.0000,false,1,5658
7290000555507,false,פיקדון שתיים עשרה בק,,,פיקדון שתיים עשרה בק,יחידה,0.00,יחידה,false,,3.60,0.0000,false,1,106478
7290000555509,false,פיקדון 24 בק',,,פיקדון 24 בק',יחידה,0.00,יחידה,false,,7.20,0.0000,false,1,33958
7290000560533,false,אדג' ג'ל גילוח ירוק לעור רגיל 198גרם,אס.סי ג'ונסון ובניו,US,אדג' ג'ל ירוק לעור ר,גרמים,200.00,100 גרם,false,,17.90,0.0895,false,1,16314
7290000560540,false,אדג' ג'ל גילוח כתום לעור רגיש 198גרם,המאפיה של הרמן,US,אדג' ג'ל כתום לעור ר,גרמים,200.00,100 גרם,false,,17.90,0.0895,false,1,16315
7290000561097,false,תערובת פיצוחים מובחרת 150 גרם,,,תערובת פיצוחים מובחר,גרמים,150.00,100 גרם,false,,14.90,0.0993,true,1,110706
7290000561189,false,חמוציות חתוכות 200 ג,,,חמוציות חתוכות 200 ג,גרמים,200.00,100 גרם,false,,8.90,0.0445,true,1,111158
7290000561202,false,גרעינים חמניה 200 גרם פיצוחי חממה,,,גרעיני חמניה 200 גר,גרמים,200.00,100 גרם,false,,5.80,0.0290,true,1,28866
7290000561233,false,בוטנים קלויים 200 גרם פיצוחי חממה,,,בוטן קלוי 200 גרם,גרמים,200.00,100 גרם,false,,7.20,0.0360,true,1,31554
7290000561240,false,גרעיני דלעת 200 גרם פיצוחי חממה,,,גרעיני דלעת 200 גר,גרמים,200.00,100 גרם,false,,11.90,0.0595,true,1,31552
7290000561295,false,חמוציות ברכז תפוחים,,,חמוציות ברכז 200 גר',גרמים,200.00,100 גרם,false,,13.90,0.0695,true,1,111486
7290000561363,false,גרעיני אבטיח 200 גרם פיצוחי חממה,,,גרעיני אבטיח 200 גר,גרמים,200.00,100 גרם,false,,14.90,0.0745,true,1,31557
7290000561561,false,מנצ'יס 200 גרם פיצוחי חממה,,,מנצ'יס 200 גרם,גרמים,200.00,100 גרם,false,,7.99,0.0400,true,1,31558
7290000561578,false,בוטן אמריקאי 200 גרם פיצוחי חממה,,,'בוטן אמריקאי 200 גר,גרמים,200.00,100 גרם,false,,6.00,0.0300,true,1,31559
7290000561585,false,קבוקים 200 גרם פיצוחי חממה,,,קבוקים 200 גרם,גרמים,200.00,100 גרם,false,,6.00,0.0300,true,1,31560
7290000561936,false,צימוק כהה 200 גר',,,צימוק כהה 200 גר',גרמים,200.00,100 גרם,false,,8.90,0.0445,true,1,39194
7290000561981,false,אגוזי מלך 200 גרם פיצוחי חממה,,,אגוזי המלך 200 גרם,גרמים,200.00,100 גרם,false,,12.90,0.0645,true,1,31562
7290000571188,false,גבינת גאודה תום עיזים במשקל,תנובה מרכז שיתופי לש,IL,גאודה תום עיזים בית,קילוגרמים,1.00,"ק""ג",true,,159.90,159.9000,false,1,8566
7290000571232,false,גבינת גאודה טבעית פרוס 30% המחלווה 150ג',גבינות משק אחים מאיר בית,IL,גבינת גאודה 30% בית,גרמים,150.00,100 גרם,false,,23.90,0.1593,true,1,34921
7290000571300,false,גאודה מעושנת פרוס 200 גרם המחלבה,גבינות משק אחים מאיר,IL,גאודה פרוס מעושנת,גרמים,150.00,100 גרם,false,,23.90,0.1593,true,1,58093
7290000572055,false,אחוה חלוה ללא סוכר עם סיבים ואגוזים 400 גרם,אחדות ביחר לטחינה חל,IL,חלוה לייט 400 גרם,גרמים,400.00,100 גרם,false,,13.50,0.0338,true,1,22765
7290000572208,false,חלוה בטעם וניל אחווה 100 גרם,שוורצקוף& הנקל דיסלד,IL,חלבה אחווה וניל 100,גרמים,100.00,100 גרם,false,,2.90,0.0290,false,1,14168
7290000572215,false,חלבה וניל מצופה אחווה 80ג',אחדות ביחר לטחינה חל,IL,חלבה אחוה מצופה 80 ג,גרמים,80.00,100 גרם,false,,2.90,0.0362,true,1,14169
7290000572222,false,חלווה בלוק וניל אחוה 500 גרם,שוורצקוף& הנקל דיסלד,IL,חלבה וניל בלוק אחווה,גרמים,500.00,100 גרם,false,,11.50,0.0230,true,1,14170
7290000572529,false,חלוה עם פיסטוק אחווה 400 גרם,אחדות ביחר לטחינה חל,IL,חלבה פיסטוק אחווה 40,גרמים,400.00,100 גרם,false,,12.50,0.0313,true,1,14173
7290000572536,false,אחווה חלווה ווניל במגש 400 גר,אחדות ביחר לטחינה חל,IL,חלבה אחווה וניל 400,גרמים,400.00,100 גרם,false,,10.90,0.0273,true,1,14174
7290000572543,false,חלוה בטעם שוקו וניל אחווה 400 גרם,אחדות ביחר לטחינה חל,IL,חלבה אחווה שוקו וניל,גרמים,400.00,100 גרם,false,,10.90,0.0273,true,1,14175
7290000572628,false,חטיפי חלווה ללא סוכר בקופסא 250 גרם,שוורצקוף& הנקל דיסלד,IL,חלבה אחווה וניל ללא,גרמים,275.00,100 גרם,false,,13.90,0.0505,true,1,14176
7290000572673,false,מארז חלווה אחוה 12 יחידות 300 גרם,שוורצקוף& הנקל דיסלד,IL,חלבה אורגנית אחווה מ,גרמים,300.00,100 גרם,false,,13.90,0.0463,true,1,14178
7290000574035,false,לחם אחיד פרוס 750גרם דגנית עין בר,יוניליוור גרמניה Gm,IL,לחם שחור פרוס דגנית,גרמים,750.00,100 גרם,false,,6.50,0.0087,false,1,15074
7290000574141,false,לחם חיטה מלא 750ג' דגנית עין בר,דגנית עין בר תעשיות מזון,IL,לחם חיטה מלא דגנית,גרמים,750.00,100 גרם,false,,12.90,0.0172,false,1,25418
7290000574172,false,לחם קל מחיטה מלאה 750 ג' דגנית עין בר,דגנית עין בר תעשיות מזון,IL,לחם קל מחיטה מלאה,גרמים,750.00,100 גרם,false,,12.90,0.0172,false,1,34244
7290000574455,false,לחם חיטה מלא פלוס כוסמין 750 ג' דגנית עין בר,פריט ללא פיקוח,IL,לחם חיטה מלא כוסמין,גרמים,750.00,100 גרם,false,,13.90,0.0185,true,1,95476
7290000596044,true,"קרם קרקר הדר 1 ק""ג",,,"קרם קרקר הדר 1 ק""ג",,0.00,,false,,21.90,0.0000,true,1,123087
7290000604015,false,ביצים ענקיות XL תנובה 12 יחידות,ביצי תנובה,IL,ביצים ענק XL,יחידה,0.00,יחידה,false,,13.10,0.0000,false,1,30980
7290000604022,false,ביצים גדולות L תנובה 12 יחידות,ביצי תנובה,,ביצים גדול L,יחידה,0.00,יחידה,false,,12.05,0.0000,false,1,30981
7290000604039,false,ביצים בינוניות M תנובה 12 יחידות,תנובה,,ביצים בינוני M,יחידה,0.00,יחידה,false,,11.15,0.0000,false,1,43582
7290000604343,false,תמר דקל נור 400 גר,פרי וירק טמרה ושותפי,,תמרים 400גר',גרמים,400.00,100 גרם,false,,9.90,0.0248,true,1,27038
7290000630526,false,עוף טרי מפורק,תנובה בשר,,עוף טרי מפורק,קילוגרמים,1.00,"ק""ג",true,,19.90,19.9000,false,1,9123
7290000631059,false,כבד לצליה בלבד תפזור,תנובה,IL,כבד לצליה בלבד תפזור,קילוגרמים,1.00,"ק""ג",true,,16.90,16.9000,false,1,9125
7290000631141,false,קורקבן עוף טרי,,,קורקבן עוף טרי,קילוגרמים,1.00,"ק""ג",true,,9.90,9.9000,false,1,18200
7290000631257,false,לב לצליה בלבד,,,לב לצליה בלבד,קילוגרמים,1.00,"ק""ג",true,,24.90,24.9000,false,1,9129
7290000631356,false,טחול טרי,,,טחול טרי,קילוגרמים,1.00,"ק""ג",true,,69.90,69.9000,false,1,9130
7290000632278,false,שניצל עוף טרי,,,שניצל עוף טרי,קילוגרמים,1.00,"ק""ג",true,,39.90,39.9000,false,1,9134
7290000632452,false,כרעיים עוף טרי תפזור,,,כרעיים עוף טרי תפזור,קילוגרמים,1.00,"ק""ג",true,,25.90,25.9000,false,1,9136
7290000632629,false,שווארמה פרגיות,,,שווארמה פרגיות,קילוגרמים,1.00,"ק""ג",true,,64.90,64.9000,false,1,18201
7290000633855,false,כנפיים עוף טרי (ללא,,,כנפיים עוף טרי (ללא,קילוגרמים,1.00,"ק""ג",true,,9.90,9.9000,false,1,9142
7290000634326,false,גרונות עוף,תנובה בשר,,גרונות עוף,קילוגרמים,1.00,"ק""ג",true,,3.00,3.0000,true,1,9143
7290000640419,false,שריר זרוע מס' 8 חלק,תנובה בשר,,שריר זרוע מס' 8 חלק,קילוגרמים,1.00,"ק""ג",true,,41.00,41.0000,false,1,29359
7290000640945,false,פילה עוף טרי,,,פילה עוף טרי,קילוגרמים,1.00,"ק""ג",true,,31.90,31.9000,false,1,94716
7290000641751,false,חזה הודו טרי,,,חזה הודו טרי,קילוגרמים,1.00,"ק""ג",true,,32.90,32.9000,false,1,9147
7290000642840,false,שוק הודו טרי,,,שוק הודו טרי,קילוגרמים,1.00,"ק""ג",true,,29.90,29.9000,false,1,9150
7290000643243,false,שווארמה הודו נקבה טר,תנובה בשר,,טרי הודו שווארמה נקב,קילוגרמים,1.00,"ק""ג",true,,71.90,71.9000,false,1,9152
7290000643359,false,טרי שוק הודו מפורק ל,,,טרי שוק הודו מפורק ל,קילוגרמים,1.00,"ק""ג",true,,57.90,57.9000,false,1,9153
7290000643946,false,כנף הודו טרי,,,כנף הודו טרי,קילוגרמים,1.00,"ק""ג",true,,13.90,13.9000,false,1,18204
7290000644356,false,גרון הודו נ. טרי,,,גרון הודו טרי,קילוגרמים,1.00,"ק""ג",true,,31.90,31.9000,false,1,9158
7290000644783,false,נתחי פילה סלמון קפוא קג,דגי תנובה,DK,פילה סלמון מנות בואק,קילוגרמים,1.00,"ק""ג",true,,84.90,84.9000,true,1,39711
7290000652177,false,נתחי פילה נסיכה 100% דג קפוא תנובה,דגי תנובה,IL,נתחי פילה נסיכת הניל,קילוגרמים,1.00,"ק""ג",true,,59.90,59.9000,true,1,120562
7290000652542,false,פילה אמנון קפוא 5-7 קג,דגי תנובה,IL,פילה אמנון 5-7 תנובה,קילוגרמים,1.00,"ק""ג",true,,31.90,31.9000,true,1,120220
7290000653266,false,כנפיים עוף טרי חצוי,,,כנפיים עוף טרי חצוי,קילוגרמים,1.00,"ק""ג",true,,8.90,8.9000,false,1,65106
7290000654546,false,פילה אמנון 7-9 100% דג תנובה,תנובה,CN,פילה אמנון 7-9 תנובה,קילוגרמים,1.00,"ק""ג",true,,32.90,32.9000,true,1,121692
7290000655376,false,פילה דניס קפוא תנובה,דגי תנובה,TR,פילה דניס קפוא תנובה,קילוגרמים,1.00,"ק""ג",true,,81.90,81.9000,true,1,103862
7290000656861,false,צלי כתף מוכשר (5) קפוא,טיבון ויל,,צלי כתף מוכשר,קילוגרמים,1.00,"ק""ג",true,,74.90,74.9000,false,1,17815
7290000656885,false,פילה מדומה מס' 6,,,פילה מדומה מס' 6,קילוגרמים,1.00,"ק""ג",true,,42.90,42.9000,false,1,107552
7290000658469,false,שריר מס' 8 צרכני מוכ,,,שריר מס' 8 צרכני מוכ,קילוגרמים,1.00,"ק""ג",true,,33.90,33.9000,false,1,108750
7290000658926,false,פילה מרלוזה קפוא ללא עור,דגי תנובה,AR,פילה מרלוזה קפוא תנו,קילוגרמים,1.00,"ק""ג",true,,31.90,31.9000,true,1,107831
7290000659312,false,דגי תנובה פילה סלומון קפוא בוואקום,דגי תנובה,IL,פילה סלמון קפוא,קילוגרמים,1.00,"ק""ג",true,,72.90,72.9000,true,1,9160
7290000662817,false,סלמון מעושן 100 גרם נורבגי מדג טרי,דגי תנובה,IL,סלמון מעושן 100 גר',גרמים,100.00,100 גרם,false,,21.00,0.2100,true,1,124400
7290000663036,false,פילה אמנון קפוא ללא עור 100% דג תנובה,דגי תנובה,IL,פילה אמנון קפוא ללא,קילוגרמים,1.00,"ק""ג",true,,32.90,32.9000,true,1,124426
7290000663135,false,קוביות סלומון קפוא 100% דג 300 גרם תנובה,"צ'\ילה, Ll MONTT, PUERTO",CL,קוביות סלומון להקפצה,גרמים,300.00,100 גרם,false,,29.90,0.0997,true,1,126615
7290000668888,false,אנטריקוט מבכירה פרימ,,,אנטריקוט מבכירה פרימ,קילוגרמים,1.00,"ק""ג",true,,179.00,179.0000,false,1,120956
7290000684338,false,פילטר בריטה קלאסיק בודד,בריטה,,פילטר בריטה בודד,יחידה,0.00,יחידה,false,,29.90,0.0000,true,1,9423
7290000688084,false,מי עדן פקק ספורטאים500מל,"מופק ממקור בזלתי עדן ,1",IL,מי עדן ספורט 5 0.,יחידה,500.00,יחידה,false,,2.70,0.0054,false,1,13876
7290000688374,false,"מים מינרליים מי עדן בייבי 6*330 מ""ל","מופק ממקור בזלתי עדן ,1",IL,מי עדן בייבי שישייה,ליטרים,1.98,ליטר,false,,13.90,7.0202,false,1,13879
7290000688381,false,שישיית מי עדן פקק ספורט 0.5 ליטר,"מופק ממקור בזלתי עדן ,1",IL,מי עדן שישייה 0.5 ל',ליטרים,3.00,ליטר,false,,12.90,4.3000,false,1,13880
7290000688466,false,מים מינרלים פקק ספור,מופק ממקור בזלתי עדן,IL,מי עדן ג'ים 750,יחידה,750.00,יחידה,false,,3.10,0.0041,true,1,13881
7290000688503,false,"מים מינרלים פקק ספורט מי עדן 6*750 מ""ל","מופק ממקור בזלתי עדן ,1",IL,מי עדן ספורט שישייה,ליטרים,4.50,ליטר,false,,14.90,3.3111,true,1,13884
7290000692203,false,נוזל לניקוי כללי ורצפות בניחוח לימון אג'קס 2 ליטר,הנסיך- מפעל לייצור ט,GR,אג'קס ירוק 2 ליטר,ליטרים,2.00,ליטר,false,,22.90,11.4500,false,1,7930
7290000692210,false,נוזל לניקוי כללי ורצפות בניחוח לבנדר אג'קס 2 ליטר,הנסיך- מפעל לייצור ט,GR,אג'קס סגול 2 ליטר,ליטרים,2.00,ליטר,false,,22.90,11.4500,false,1,7931
7290000692227,false,נוזל כלים פלמוליב צילינדר קלאסי 1 ליטר,יבואן ומשווק: ש. שסט,GR,פלמוליב לכלים 1ליטר,ליטרים,1.00,ליטר,false,,13.90,13.9000,false,1,7932
7290000692456,false,אג'קס חלונות זוג 750*2 מל ספריי ורפיל,הנסיך- מפעל לייצור ט,GR,אג'קס לחלונות זוג,ליטרים,1.50,ליטר,false,,24.90,16.6000,true,1,7935
7290000780030,false,בדי צח S,,,בדי צח S,יחידה,0.00,יחידה,false,,8.90,0.0000,true,1,126348
7290000803067,false,"משחת שיניים לילדים גילאים 6-2 אלמקס 75 מ""ל",הנסיך- מפעל לייצור ט,PL,אלמקס משחת שיניים לי,גרמים,75.00,100 גרם,false,,15.90,0.2120,true,1,16334
7290000803180,false,מרידול מי פהשטיפה דנטלית 400 מל,קולגייט פלמוליב,CH,מרידול שטיפת פה 400מ,מיליליטרים,400.00,"100 מ""ל",false,,29.90,0.0747,true,1,16335
7290000804484,false,אלמקס שטיפת פה דנטלית למניעת עששת 400מל,קולגייט פלמוליב,CH,אלמקס מי פה לשטיפה 4,מיליליטרים,400.00,"100 מ""ל",false,,27.90,0.0697,true,1,16338
7290000805368,false,בונזו גורים 3 קג' - אירוז חדש,אף.סי תבליני בגליל ב,FR,"בונזו גורים 3 ק""ג",קילוגרמים,3.00,"ק""ג",false,,47.90,15.9667,false,1,15857
7290000805795,false,"חול חתולים יורוקיטי 10 ק""ג",שחם גבעת עדה,IL,חול חתולים,קילוגרמים,10.00,"ק""ג",false,,34.90,3.4900,true,1,15860
7290000805900,false,"מזון חתולים לה קט עוף 2.85 ק""ג","ביופט בע""מ",FR,"לה קט עוף 2.85 ק""ג",קילוגרמים,2.85,"ק""ג",false,,59.90,21.0175,false,1,15867
7290000805917,false,"מזון חתולים לה קט כבד 2.85 ק""ג","ביופט בע""מ",IL,"לה קט כבד 2.85 ק""ג",קילוגרמים,2.85,"ק""ג",false,,59.90,21.0175,true,1,15868
7290000805924,false,"מזון חתולים לה קט דגים 2.85 ק""ג","ביופט בע""מ",IL,"לה קט דגים 2.85 ק""ג",קילוגרמים,2.85,"ק""ג",false,,59.90,21.0175,false,1,15869
7290000830001,false,אגוזי ברזיל,,,אגוזי ברזיל,קילוגרמים,1.00,"ק""ג",true,,69.00,69.0000,true,1,11459
7290000907970,false,פסטרמה כפרית טירת צב,טירת- צבי,IL,פסטרמה כפרית טירת צב,קילוגרמים,1.00,"ק""ג",true,,53.90,53.9000,false,1,42780
7290001045169,false,מיץ תפוחי עץ צלול פרימור 1 ליטר,"גניר (1992) בע""מ",IL,פרימור מיץ תפוחים צל,ליטרים,1.00,ליטר,false,,15.90,15.9000,true,1,7507
7290001045657,false,פרימור מיץ תפוחים סחוט מקורר 400מל,פרימור,IL,"פרימור תפוחים 400 מ""",יחידה,400.00,יחידה,false,,8.70,0.0218,true,1,63523
7290001045688,false,"מיץ תפוזים סחוט פרימור 400 מ""ל",פרימור,IL,פרימור תפוזים סחוט 4,מיליליטרים,400.00,"100 מ""ל",false,,8.70,0.0218,true,1,63629
7290001121023,false,פסטרמה של פעם יחיעם,מעדני יחיעם,IL,פסטרמה של פעם יחיעם,קילוגרמים,1.00,"ק""ג",true,,79.90,79.9000,false,1,10606
7290001121054,false,צמד חמד פסטרמה וסלמי יחיעם 700 גרם,תאי פרזידנט פוד פאבל,IL,זוג פסטרמה יחיעם,גרמים,700.00,100 גרם,false,,24.90,0.0356,true,1,10608
7290001121092,false,פסטרמה עוף בגריל במשקל,מעדני יחיעם,IL,פסטרמה עוף בגריל,קילוגרמים,1.00,"ק""ג",true,,79.90,79.9000,false,1,10610
7290001121238,false,נקניק קורנדביף 4% יחיעם 180 גרם,מעדני יחיעם 1993,IL,קורנד ביף 180 גר',גרמים,180.00,100 גרם,false,,25.90,0.1439,true,1,37428
7290001121849,false,פסטרמה ברביקיו יחיעם 250 גרם ר.טבעיים,מעדני יחיעם 1993,IL,פסטרמה 100% חומרים ט,גרמים,250.00,100 גרם,false,,25.90,0.1036,true,1,62345
7290001121863,false,סלמי איטלקי פיקנטי י,מעדני יחיעם,IL,סלמי איטלקי פיקנטי,קילוגרמים,1.00,"ק""ג",true,,79.90,79.9000,false,1,42443
7290001123775,false,שווארמה אמיתית פרגיות טיבון ויל 500 גרם,"טיבול ויל אחזקות בע""",IL,שווארמה אמיתית פרגי,גרמים,500.00,100 גרם,false,,21.90,0.0438,true,1,17829
7290001123782,false,שווארמה אמיתית הודו טיבון ויל 500 גרם,טיבון ויל - נטו,IL,שווארמה הודו,גרמים,500.00,100 גרם,false,,21.90,0.0438,true,1,17830
7290001124536,false,ארוחת נודלס טעם תירס מג'יק 70 גרם,טאט הוי פוד בעמ,SG,מגיק איטריות,גרמים,70.00,100 גרם,false,,5.00,0.0714,false,1,17831
7290001136287,false,"שמפו לשיער רגיל בבושם פרחים נקה 7 750 מ""ל","אמיליה קוסמטיקס בע""מ",IL,נקה 7-שמפו רגיל ירו,מיליליטרים,750.00,"100 מ""ל",false,,11.90,0.0159,true,1,16749
7290001136294,false,"שמפו לשיער יבש בבישום פרחים נקה 7 750 מ""ל","אמיליה קוסמטיקס בע""מ",IL,נקה 7-שמפו יבש אדו,מיליליטרים,750.00,"100 מ""ל",false,,11.90,0.0159,true,1,16750
7290001136362,false,נקה 7 תחליב רחצה אלוורה ארומה ירוק 1 ל',מיוצר בסין.יבוא ושיו,IL,נקה תחליב רחצה ירוק,ליטרים,1.00,ליטר,false,,13.90,13.9000,true,1,16756
7290001136683,false,"מרכך לשיער רגיל בבושם פרחים נקה 7 750 מ""ל","אמיליה קוסמטיקס בע""מ",IL,נקה 7-מייצב רגיל ירו,מיליליטרים,750.00,"100 מ""ל",false,,11.90,0.0159,true,1,16759
7290001136799,false,נקה 7 תחליב רחצה ארומה ורוד יסמין 1 ל',מיוצר בסין.יבוא ושיו,IL,נקה תחליב רחצה ורוד,ליטרים,1.00,ליטר,false,,13.90,13.9000,true,1,16761
7290001136973,false,נקה 7 תחליב רחצה ארומה קמומיל לבן 1 ל',טרופיקל דגיל תעשיות,IL,נקה תחליב רחצה לבן ק,ליטרים,1.00,ליטר,false,,13.90,13.9000,true,1,16766
7290001216040,false,טחינה גולמית שומשום טהור אל ארז 500 גרם,אגס ירוק מסחר ושירותים,IL,טחינה אל ארז 0.5קג,יחידה,1.00,יחידה,false,,15.00,15.0000,true,1,29354
7290001216057,false,"טחינה שומשום טהור אל ארז 1 ק""ג",אגס ירוק מסחר ושירותים,IL,טחינה אל ארז 1קג,גרמים,500.00,100 גרם,false,,27.90,0.0558,true,1,29355
7290001216101,false,"טחינה שומשום מלא אל ארז 1 ק""ג",טחינה אל ארז,IL,טחינה מלאה 1 קג אל א,גרמים,1000.00,100 גרם,false,,29.90,0.0299,true,1,122257
7290001216231,false,טחינה גולמית שומשום מלא אל ארז 500 גרם,אגס ירוק מסחר ושירותים,IL,טחינה מלאה אל ארז,גרמים,500.00,100 גרם,false,,15.90,0.0318,true,1,32459
7290001230331,false,סיגריות כאמל בוקס חפ,Unknown,CH,כאמל בוקס,יחידה,0.00,יחידה,false,,30.00,0.0000,false,1,7439
7290001230739,false,כאמל כחול חפיסה חפיסה,Unknown,CH,כאמל כחול,יחידה,0.00,יחידה,false,,30.00,0.0000,false,1,7440
7290001231932,false,ווינסטון כחול בוקס חפיסה,Unknown,CH,וינסטון כחול בוקס,יחידה,0.00,יחידה,false,,32.00,0.0000,false,1,18298
7290001235938,false,וינסטון כחול ארוך חפיסה,Unknown,CH,וינסטון כחול ארוך,יחידה,0.00,יחידה,false,,32.00,0.0000,false,1,36144
7290001247068,false,קרטונית נקטר ספרינג תות בננה 1 ליטר,יפאורה שותפות מובגלת לשיווק,IL,ספרינג קרטונית תות ב,ליטרים,1.00,ליטר,false,,6.90,6.9000,false,1,13893
7290001247082,false,מיץ עגבניות רכיבים טבעיים ספרינג 1 ליטר,יפאורה שותפות מובגלת לשיווק,IL,ספרינג קרטונית עגבני,ליטרים,1.00,ליטר,false,,6.90,6.9000,false,1,13895
7290001247099,false,קרטונית נקטר ספרינג מנגו 1 ליטר,יפאורה שותפות מובגלת לשיווק,IL,ספרינג קרטונית מנגו,ליטרים,1.00,ליטר,false,,6.90,6.9000,false,1,13896
7290001247105,false,קרטונית נקטר ספרינג אפרסק 1 ליטר,יפאורה שותפות מובגלת לשיווק,IL,ספרינג קרטונית אפרסק,ליטרים,1.00,ליטר,false,,6.90,6.9000,false,1,13897
7290001247112,false,קרטונית נקטר ספרינג לימונענע 1 ליטר,יפאורה שותפות מובגלת לשיווק,IL,ספרינג קרטונית לימונ,ליטרים,1.00,ליטר,false,,6.90,6.9000,false,1,13898
7290001247129,false,נקטר ספרינג תפוזים קרטונית 1 ל',יפאורה שותפות מובגלת לשיווק,IL,ספרינג קרטונית תפוזי,ליטרים,1.00,ליטר,false,,6.90,6.9000,false,1,13899
7290001247143,false,קרטונית נקטר ספרינג תפוחים 1 ליטר,יפאורה שותפות מובגלת לשיווק,IL,ספרינג קרטונית תפוחי,ליטרים,1.00,ליטר,false,,6.90,6.9000,false,1,13901
7290001258415,false,רוקפור באריזת ווקום יעקובס 180 גרם,גבינות משק יעקבס,IL,גבינת רוקפור 32%,גרמים,180.00,גרם,false,,26.90,0.1494,true,1,30048
7290001258446,false,"יעקבס יוגורט כבשים 5% 850 מ""ל",גבינות משק יעקבס,IL,יוגורט כבשים 5%,מיליליטרים,850.00,"100 מ""ל",false,,18.90,0.0222,true,1,37123
7290001258552,false,גבינה לאבנה בקר 250 גרם,בטר אנד דיפרנט,IL,גבינת לבנה בקר 250 ג,גרמים,250.00,100 גרם,false,,11.50,0.0460,true,1,114748
7290001258576,false,גאודה ואקום יעקובס 200 גרם,גבינות משק יעקבס,IL,גבינת גאודה 28%,גרמים,180.00,גרם,false,,23.90,0.1328,true,1,30047
7290001258620,false,גבינת מנצ'גו מחלב כבשים יעקבס 180 גרם,גבינות יעקבס,IL,גבינת מנצ'גו,יחידה,0.00,יחידה,false,,22.90,0.0000,true,1,109534
7290001258668,false,גבינת עז מה 5% יעקבס 250 גרם,גבינות משק יעקבס,IL,גבינת עז מה 5% 250 מ,מיליליטרים,250.00,"100 מ""ל",false,,16.90,0.0676,true,1,36188
7290001258682,false,"יוגורט עיזים באריזה 500 מ""ל",גבינות משק יעקבס,IL,יוגורט עיזים 3% 500,מיליליטרים,500.00,"100 מ""ל",false,,13.90,0.0278,true,1,33048
7290001258729,false,לאבנה עיזים יעקובס 250 גרם,גבינות משק יעקבס,IL,"לבנה עיזים 250 מ""ל",גרמים,250.00,100 גרם,false,,16.90,0.0676,true,1,35858
7290001258774,false,מוצרלה בייבי 150 גרם יעקובס,גבינות משק יעקבס,IL,גבינת מוצרלה 140 גר',גרמים,140.00,100 גרם,false,,11.50,0.0821,true,1,114578
7290001258804,false,קשקבל גבינה חצי קשה יעקבס 180 גרם,גבינות משק יעקבס,IL,גבינת קשקבל 180 גר',גרמים,180.00,100 גרם,false,,26.90,0.1494,true,1,57399
7290001258958,false,מוצרלה מגורדת יעקבס 200 גרם,גבינות משק יעקבס,IL,מוצרלה מגורדת 200 גר,גרמים,200.00,100 גרם,false,,21.90,0.1095,true,1,67147
7290001258972,false,גבינת חלומי בואקום 2,גבינות משק יעקבס,IL,גבינת חלומי 200 גר',גרמים,200.00,100 גרם,false,,21.90,0.1095,true,1,67148
7290001265642,false,"מזון חתולים מעדני פטה 1.2 ק""ג מארז 3 יחידות",קריות זול,FR,לה קט שלישיה,קילוגרמים,1.20,"ק""ג",false,,19.90,16.5833,true,1,15885
7290001274576,false,גלידל וניל תות 0% שומן ללא סוכר,גלידות פלדמן,IL,גלידל תות וניל נטול,מיליליטרים,900.00,"100 מ""ל",false,,22.90,0.0254,true,1,21735
7290001274583,false,גלידל שוקו פקאן 0% שומן ללא סוכר,"פלקו בע""\מ, חברה ישראלית",IL,גלידל שוקו פקאן נטול,מיליליטרים,900.00,"100 מ""ל",false,,22.90,0.0254,true,1,21736
7290001274934,false,"שמיניית גלידל פרי לימון ""פלדמן""",הגלידות של פלדמן,IL,מאגדת גלידל דיאט קרח,גרמים,640.00,100 גרם,false,,24.90,0.0389,true,1,18447
7290001274941,false,"שמיניית גלידל פרי פטל ""פלדמן""",הגלידות של פלדמן,IL,מאגדת גלידל דיאט קרח,גרמים,640.00,100 גרם,false,,24.90,0.0389,true,1,21429
7290001305058,false,"פלמוליב - נטורלס תחליב רחצה חלב ודבש 500 מ""ל",הנסיך- מפעל לייצור ט,TR,פלמוליב סבון נוזלי ל,מיליליטרים,500.00,"100 מ""ל",false,,14.90,0.0298,false,1,7942
7290001305188,false,"נוזל לניקוי כלים בריח לימון פלמוליב 750 מ""ל",יבואן ומשווק: ש. שסט,GR,פלמוליב לכלים שקוף ל,מיליליטרים,750.00,"100 מ""ל",false,,9.90,0.0132,false,1,7945
7290001327180,false,שטראוס קרמיסימו וניל ציפ 1.33 ליטר,"גלידת שטראוס בע""\מ, רחוב",IL,גלידה קרמיסימו וניל,ליטרים,1.33,ליטר,false,,24.90,18.7218,false,1,7792
7290001327791,false,גלידת קרמיסימו וניל עוגיות חלבי,"גלידת שטראוס בע""\מ, רחוב",IL,קרמיסימו וניל עוגיות,ליטרים,1.33,ליטר,false,,24.90,18.7218,false,1,7797
7290001343845,false,"גרנולה פירות 1 ק""ג - 845 - ורוד שקדיה",הנסיך- מפעל לייצור ט,IL,גרנולה תפוחי עץ קינמ,קילוגרמים,1.00,"ק""ג",false,,19.90,19.9000,true,1,21590
7290001361009,false,עוגת טורט קייבסקי,האי נאם סי או אל.טי.,IL,עוגת טורט קייבסק,גרמים,700.00,100 גרם,false,,76.90,0.1099,true,1,11786
7290001361016,false,עוגת גינגי שכבות בצק,GS עבור נטו מלינדה ס,IL,עוגת דבש גינג'ית,גרמים,600.00,100 גרם,false,,41.90,0.0698,true,1,11787
7290001361023,false,עוגת מולטית פס 600 ג,נטלי פלוס,,עוגה מולטית,גרמים,650.00,100 גרם,false,,41.90,0.0645,true,1,20018
7290001361054,false,אקלרים פטיסייר (600 ג'),אף.סי תבליני בגליל ב,IL,פחזניות,גרמים,600.00,100 גרם,false,,42.90,0.0715,true,1,20020
7290001361061,false,פחזניות בציפוי שוקולד 600 גרם,"נטלי פלוס בע""מ",IL,פחזניות שוקולד,יחידה,0.00,יחידה,false,,42.90,0.0000,true,1,57676
7290001361078,false,עוגה לילות קייב 900,נטלי פלוס,,עוגת קייב,גרמים,900.00,100 גרם,false,,98.90,0.1099,true,1,20021
7290001361085,false,עוגת נפוליאון פס 600,אף.סי תבליני בגליל ב,IL,עוגת נפוליאון,גרמים,600.00,100 גרם,false,,41.90,0.0698,true,1,20022
7290001361092,false,עוגת פיצוץ פס 400 גר,GS עבור נטו מלינדה ס,IL,עוגת פיצוץ,גרמים,500.00,100 גרם,false,,41.90,0.0838,true,1,20023
7290001361153,false,עוגת פיצוץ גדולה 1 ק,נטלי פלוס,,עוגת פיצוץ נטלי,יחידה,1.10,יחידה,false,,99.90,90.8182,true,1,20029
7290001361177,false,עוגת דובדבנים פס 650,נטלי פלוס,,עוגת דובדבן,גרמים,650.00,100 גרם,false,,48.90,0.0752,true,1,20030
7290001361207,false,עוגת פס אוכמניות 650,נטלי פלוס,,עוגת אוכמניות,גרמים,650.00,100 גרם,false,,48.90,0.0752,true,1,20032
7290001361269,false,פס קייבסקי ללא קמח 3,נטלי פלוס בעמ,IL,עוגת טורט קייב,גרמים,400.00,100 גרם,false,,41.90,0.1047,true,1,120740
7290001361276,false,כדורי שוקולד 400 גר',נטלי פלוס,,כדורי שוקולד,יחידה,0.00,יחידה,false,,28.90,0.0000,true,1,78758
7290001361290,false,עוגת מוצרט נטלי,"נטלי פלוס בע""מ",IL,עוגת מוצרט נטלי,יחידה,1.00,יחידה,false,,98.90,98.9000,true,1,20037
7290001361344,false,עוגת מוזה פס של נטלי,"נטלי פלוס בע""מ",IL,פס עוגת מוזה,גרמים,400.00,100 גרם,false,,46.90,0.1172,true,1,109059
7290001361436,false,פס שמנת סמנטיק 550 גרם,נטלי פלוס בעמ,IL,עוגת עטרת נטלי,גרמים,550.00,100 גרם,false,,41.90,0.0762,true,1,122820
7290001361450,false,עוגת מותק - ריבת חלב 650 ג',נטלי פלוס,,עוגת מותק ריבת חלב,גרמים,600.00,100 גרם,false,,74.90,0.1248,true,1,32809
7290001361580,false,פס היער השחור נטלי 550 גרם,"נטלי פלוס בע""מ",IL,פס היער השחור נטלי 5,גרמים,550.00,100 גרם,false,,41.90,0.0762,true,1,122818
7290001361733,false,פס אלפחורס נטלי 550 גרם,נטלי פלוס בעמ,IL,פס אלפחורס נטלי 550,גרמים,550.00,100 גרם,false,,41.90,0.0762,true,1,122819
7290001361832,false,עוגת מוזה 700 גר,"נטלי פלוס בע""מ",IL,עוגת מוזה 700 גר,גרמים,700.00,100 גרם,false,,99.90,0.1427,true,1,98543
7290001361894,false,פס טראפלס שוקולד 450 ג',נטלי פלוס,,פס טראפלס שוקולד,יחידה,0.00,יחידה,false,,34.90,0.0000,true,1,97645
7290001361924,false,פס גבינה פרורוים 500 גר,נטלי פלוס,,עוגת פס גבינה נטלי,גרמים,500.00,100 גרם,false,,34.90,0.0698,true,1,62633
7290001361931,false,פחזניות במילוי גבינה (350 ג'),האי נאם סי או אל.טי.,IL,פחזניות במילוי גבינה,גרמים,450.00,100 גרם,false,,36.90,0.0820,true,1,37995
7290001361979,false,פס גבינה פירורים ללא סוכר 450 ג',נטלי פלוס,,פס גבינה ללא תוספת ס,גרמים,500.00,100 גרם,false,,34.90,0.0698,true,1,62470
7290001407769,false,טחינה גולמית שומשום מלא בארכה 500 גרם,"רושדי תעשיות מזון בע""\מ",IL,טחינה משומשום מלא,גרמים,500.00,100 גרם,false,,16.90,0.0338,false,1,23821
7290001407813,false,חלבה שאמית עם פיסטוק בארכה 350 גרם,"רושדי תעשיות מזון בע""\מ",IL,חלבה שאמית פיסטוק בא,גרמים,350.00,100 גרם,false,,15.90,0.0454,true,1,24141
7290001407844,false,חלבה קלאסית בטעם וניל בארכה 350 גרם,"רושדי תעשיות מזון בע""\מ",IL,חלבה קלאסית בטעם וני,גרמים,350.00,100 גרם,false,,14.90,0.0426,true,1,23884
7290001407936,false,בארכה-טחינה גולמית מעודנת בקבוק לחיץ 310 ג',"רושדי תעשיות מזון בע""\מ",IL,טחינה בארכה מעודנת,גרמים,310.00,100 גרם,false,,12.90,0.0416,true,1,100265
7290001419618,false,וופל בלגי עלמה שחור לבן וניל 200ג',"גילרו בע""מ",IL,גילרו ופל בלגי 200ג',גרמים,200.00,100 גרם,false,,3.20,0.0160,true,1,38737
7290001419793,false,גביעי גלידה מגולגל עלמה גילרו 30 יח',"גילרו בע""מ",IL,גביעי גלידה מגולגלים,יחידה,0.00,יחידה,false,,11.50,0.0000,true,1,20537
7290001427347,false,מיץ קשת תפוחים 100% 1 ליטר,פרי ניב,IL,מיץ תפוחים 100% סחוט,ליטרים,1.00,ליטר,false,,19.90,19.9000,true,1,186537
7290001436790,false,נקנקיות מרגז מיני אקסטרה חריף ארוז בלדי 500 ג',יוליניבר,IL,בלדי- מרגז מיני חריף,גרמים,500.00,100 גרם,false,,25.90,0.0518,true,1,103764
7290001468159,false,ריבת חלב צנצנת 300 גרם,מ.א.מ השלושה,,ריבת חלב נאמן 330 גר,גרמים,330.00,100 גרם,false,,11.90,0.0361,true,1,56141
7290001468470,false,ספוגי ליפה טבעיים בשלל צורות וסוגים,,,כפפה מגבת ליפה,יחידה,0.00,יחידה,false,,13.90,0.0000,true,1,106384
7290001468678,false,מפת שולחן 137*274סמ,נ.ש.ם,,מפת שולחן 137*274סמ,יחידה,0.00,יחידה,false,,10.90,0.0000,true,1,76314
7290001468753,false,קמח תפוחי אדמה 500 ג' נאמן,תבליני ביטון,IL,"קמח תפו""א",גרמים,500.00,100 גרם,false,,6.90,0.0138,true,1,27877
7290001468890,false,אלכוהול 70% נאמן 100,,,אלכוהול 70%,מיליליטרים,100.00,"100 מ""ל",false,,4.90,0.0490,true,1,33406
7290001482384,false,חתיכות אננס בסירופ קל וילי פוד 227 גרם,וילי פוד,TH,חתיכות אננס בסירופ ק,גרמים,227.00,100 גרם,false,,3.60,0.0159,true,1,22161
7290001485019,false,גבינת קרם שמנת טבעי 5% טרה 200 גרם,קריות זול,IL,גבינת שמנת טבעי 5%,גרמים,200.00,100 גרם,false,,11.50,0.0575,true,1,5661
7290001491010,false,תה ירוק יסמין ויסוצקי 25 יחידות,תה ויסוצקי,IL,תה ירוק יסמין 25 שקי,גרמים,37.50,100 גרם,false,,24.90,0.6640,false,1,8921
7290001491812,false,תה ירוק פירות יער ופסיפלורה ויסוצקי 25 יחידות,תה ויסוצקי,,תה ירוק פירות יער ופ,גרמים,37.50,100 גרם,false,,24.90,0.6640,false,1,8928
7290001498897,false,מוסקו סט נרות ולהבונ,מוסקו,,פניני ריח,יחידה,0.00,יחידה,false,,14.90,0.0000,true,1,34958
7290001515310,false,שש כריות קרצוף יפניות סקוטש ברייט,3m,,שש כריות קרצוף יפניו,יחידה,0.00,יחידה,false,,13.90,0.0000,true,1,30320
7290001515631,false,שלושה ספוגי קרצוף קשיחים ארוכים אדומים,שיוך למחסן 17,ES,ספוג קירצוף קשיח,יחידה,0.00,יחידה,false,,8.90,0.0000,true,1,15893
7290001552049,false,קוסקוס מרוקאי קפוא 800 גר,מטעמי פאר,IL,קוסקוס מרוקאי צהוב,גרמים,800.00,100 גרם,false,,15.90,0.0199,true,1,60420
7290001566626,false,כוסברה שלם נווה תבלי,,,כוסברה שלם נווה תבלי,גרמים,80.00,100 גרם,false,,8.40,0.1050,true,1,105139
7290001566633,false,תבלין כוסברה 40 גר -,,,תבלין כוסברה 40 גר -,גרמים,40.00,100 גרם,false,,8.40,0.2100,true,1,104125
7290001567043,false,פסטרמה מעודנת על גחל,יחיעם,,פסטרמה מעודנת על גחל,קילוגרמים,1.00,"ק""ג",true,,49.90,49.9000,false,1,95216
7290001567142,false,סלמי תה מפולפל יחיעם,מעדני יחיעם,IL,סלמי תה מפולפל יחיעם,קילוגרמים,1.00,"ק""ג",true,,46.90,46.9000,false,1,96798
7290001567555,false,פסטרמה מעודנת עם דבש 300 ג' יחיעם,מעדני יחיעם,IL,פסטרמה מעודנת עם דבש,גרמים,300.00,100 גרם,false,,22.90,0.0763,true,1,103163
7290001567708,false,נקניקיות וינר יחיעם 400 גרם,מעדני יחיעם,IL,נקניקיות וינר 400 גר,גרמים,400.00,100 גרם,false,,12.90,0.0323,true,1,99168
7290001567760,false,פסטרמה של פעם יחיעם 300 גרם,מעדני יחיעם,IL,פסטרמה של פעם 300 גר,גרמים,300.00,100 גרם,false,,25.90,0.0863,true,1,100170
7290001567791,false,פסטרמה בסגנון רומני 250 ג',מעדני יחיעם,IL,פסטרמה רומנית 250 גר,גרמים,250.00,100 גרם,false,,25.90,0.1036,true,1,100211
7290001567807,false,"כתף בקר מעושן לח""מ 250 גרם ""יחיעם""",מעדני יחיעם,IL,כתף בקר מעושן 250 גר,גרמים,250.00,100 גרם,false,,25.90,0.1036,true,1,100212
7290001567814,false,סלמי מעושן בסגנון איטלקי 300 ג' יחיעם,מעדני יחיעם,IL,סלמי מעושן בסגנון אי,גרמים,300.00,100 גרם,false,,22.90,0.0763,true,1,100280
7290001594025,false,"קוקה קולה זכוכית 350 מ""ל",החברה המרכזית לייצור,IL,בק' קולה 350,יחידה,350.00,יחידה,false,,5.90,0.0169,true,1,5684
7290001594032,false,"דיאט קוקה-קולה קלאסי 350 מ""ל",החברה המרכזית לייצור,IL,דיאט קולה קלאסיק,יחידה,350.00,יחידה,false,,5.50,0.0157,true,1,5685
7290001594179,false,"פאנטה אורנג' בבקבוק אישי 500 מ""ל",החברה המרכזית לייצור משקאות,IL,פאנטה אורנ'ג בקבוק 0,מיליליטרים,500.00,"100 מ""ל",false,,6.00,0.0120,false,1,5694
7290001594230,false,קינלי סודה בבקבוק זכוכית,החברה המרכזית לייצור,IL,קינלי סודה 250,יחידה,250.00,יחידה,false,,3.20,0.0128,false,1,5697
7290001594377,false,פריגת תפוזים 0.5 ליטר חייב בפקדון,מבשלות בירה בינלאומיות ב,IL,פריגת תפוזים 5 0.,יחידה,500.00,יחידה,false,,5.90,0.0118,true,1,5698
7290001594391,false,"פריגת משקה קל ענבים בבקבוק אישי 500 מ""ל",מבשלות בירה בינלאומיות ב,IL,פריגת ענבים 5 0.,יחידה,500.00,יחידה,false,,5.90,0.0118,true,1,5700
7290001594520,false,"בירה טובורג רד בקבוק 330 מ""ל",מבשלות בירה בינלאומיות ב,IL,טובורג רד 330 בק,יחידה,330.00,יחידה,false,,7.20,0.0218,true,1,5703
7290001594544,false,"בירה שחורה מאלטי בקבוק 330מ""ל",קרלסברג ישראל,,טובורג מאלט 330,יחידה,330.00,יחידה,false,,5.00,0.0152,true,1,5705
7290001594568,false,"קרלסברג פחית 500 מ""ל פקדון",מבשלות בירה בינלאומיות ב,RO,קרלסברג בירה פחית 50,מיליליטרים,500.00,"100 מ""ל",false,,9.00,0.0180,true,1,5707
7290001594575,false,"בירה טובורג רד פחית 500 מ""ל",מבשלות בירה בינלאומיות ב,IL,"טובורג פחית 500 מ""ל",מיליליטרים,500.00,"100 מ""ל",false,,8.90,0.0178,true,1,5708
7290001594810,false,"בירה שחורה מאלטי בקב' מארז 330X6מ""ל",החברה המרכזית לייצור משקאות,IL,מאלטי שישיית בקבוק 3,ליטרים,1.98,ליטר,false,,29.40,14.8485,true,1,5715
7290001594858,false,"שישייה בירה טובורג רד בקבוק 330 מ""ל",מבשלות בירה בינלאומיות ב,IL,טובורג שישייה בקבוק,ליטרים,1.98,ליטר,false,,34.90,17.6263,false,1,5718
7290001594865,false,"שישייה בירה קרלסברג בקבוק 330 מ""ל",מבשלות בירה בינלאומיות ב,IL,קרלסברג שישייה בקבוק,ליטרים,1.98,ליטר,false,,34.90,17.6263,false,1,5719
7290001598085,false,לחם משפחתי עם דגנים מקמח מלא,מאפית יוסף בראון,IL,לחם קסטן משפחתי חיטה,גרמים,1100.00,100 גרם,false,,14.50,0.0132,true,1,100939
7290001598115,false,לחם בריאות מקמח מלא 700 גר,מאפיית יוסף ברון,,לחם חיטה מלאה 100%,גרמים,700.00,100 גרם,false,,10.90,0.0156,true,1,188717
7290001598122,false,לחם מיוחד - צהוב מקמח שיפון וקמח מלא,קונדיטוריית ברון,IL,לחם מיוחד שיפון עם ח,גרמים,700.00,100 גרם,false,,10.90,0.0156,true,1,102006
7290001598191,false,לחם קל שיפון מלא מהדרין 700גר,מאפיית יוסף ברון בעמ,IL,לחם שיפון קל,גרמים,550.00,100 גרם,false,,10.90,0.0198,true,1,100750
7290001598269,false,לחם 7 דגנים קל 36 קל' ללא שמרים550 גר',מאפית יוסף בראון,IL,לחם מחמצת עם דגנים,גרמים,550.00,100 גרם,false,,10.90,0.0198,true,1,101983
7290001598276,false,"לחם 7 דגנים קל מקמח חיטה מלא ללא שמרים 1.1 ק""ג הברון",מאפיית יוסף ברון,IL,לחם קסטן מחמצת עם דג,גרמים,1100.00,100 גרם,false,,14.50,0.0132,true,1,122189
7290001598429,false,פרנה מרוקאית חמשת 4,מאפיית יוסף ברון בעמ,IL,פרנה מרוקאית 4 יח',גרמים,500.00,100 גרם,false,,9.90,0.0198,true,1,122785
7290001598528,false,לחם כוסמין 100% 450ג' הברון,מאפיית יוסף ברון בעמ,IL,"לחם כוסמין ""חמשת""",גרמים,500.00,100 גרם,false,,15.90,0.0318,true,1,103875
7290001598573,false,לחמניות כוסמין 5 יח 99 קלוריות,מאפיית יוסף ברון בעמ,IL,לחמניות כוסמין 100%,גרמים,315.00,100 גרם,false,,13.90,0.0441,true,1,188730
7290001598580,false,פיתות כוסמין 6יח 99 קלוריות,מאפיית יוסף ברון בעמ,IL,פיתות כוסמין חמישייה,גרמים,372.00,100 גרם,false,,15.90,0.0427,true,1,188729
7290001635674,false,"סרקל מעצב שיער 750 מ""ל",סרקל,,"סרקל מרכך 750 מ""ל",מיליליטרים,750.00,"100 מ""ל",false,,12.90,0.0172,true,1,108152
7290001648643,false,מארז קפה טורקי כתר 100X3 גרם,רוני רג'ואן ושות,IL,שלישייה קפה כתר 3x10,גרמים,300.00,100 גרם,false,,13.90,0.0463,false,1,7355
7290001670057,false,כפיות לבן 100 יחידות,הנמל אריזות ושיווק ב,IL,כפיות חד פעמי- 100 י,יחידה,0.00,יחידה,false,,11.50,0.0000,true,1,17394
7290001670064,false,סכינים חד פעמי לבן 100 יח',קריות זול,CN,סכינים חד פעמי- 100,יחידה,0.00,יחידה,false,,10.90,0.0000,true,1,22731
7290001670071,false,כפות חד פעמי לבן 100 יח',הנמל אריזות ושיווק ב,IL,כפות חד פעמי 100 יח',יחידה,0.00,יחידה,false,,10.90,0.0000,true,1,17395
7290001670224,false,מלית פרג פוליבה 400 גרם,"פוליבה בע""מ",IL,מלית פרג 400 גר,גרמים,400.00,100 גרם,false,,11.50,0.0288,true,1,17398
7290001670354,false,"מפת שולחן סופגת לבן 137X274 ס""מ במיוחד",הנמל,IL,מפת שולחן סופגת לבן,יחידה,0.00,יחידה,false,,9.50,0.0000,true,1,17402
7290001670408,false,נרות חימום בשקית 50 יח`,לחמנו,CN,נר חימום בשקית 0,יחידה,0.00,יחידה,false,,10.90,0.0000,true,1,96745
7290001670507,false,מלית תמרים פוליבה 450 ג',"פוליבה בע""מ",IL,ממרח תמרים,גרמים,450.00,100 גרם,false,,4.90,0.0109,false,1,17405
7290001670514,false,מלית אוכמניות - 400 גרם פוליבה,"פוליבה בע""מ",IL,מלית אוכמניות,גרמים,400.00,100 גרם,false,,12.90,0.0323,true,1,17406
7290001670521,false,מלית תפוח עץ הנמל 400 גרם,"פוליבה בע""מ",IL,מלית תפוחים 400,גרמים,400.00,100 גרם,false,,11.50,0.0288,true,1,17407
7290001670668,false,קרחונית שקיות להכנת קרח הנמל 12 יחידות,"איטיליאן פוד, אס.פי.",TR,קרחונית- 12 יח',יחידה,0.00,יחידה,false,,3.90,0.0000,true,1,17410
7290001670736,false,כפפות נילון שקוף 100 יחידות,יבוא ושיווק: הנמל אר,IL,כפפות ניילון,יחידה,0.00,יחידה,false,,5.20,0.0000,true,1,17415
7290001670842,false,מלית חלווה פוליבה 400 ג',"פוליבה בע""מ",IL,מלית חלבה,גרמים,400.00,100 גרם,false,,10.90,0.0273,true,1,17417
7290001670859,false,מלית דובדבנים פוליבה 400 ג',קריות זול,IL,מלית דבדבנים,גרמים,400.00,100 גרם,false,,12.90,0.0323,true,1,17418
7290001670873,false,"צלחות גדולות לבנות קשיח ח""פ הנמל 66יח'",הנמל אריזות ושיווק ב,IL,"צלחות 1 ק""ג",יחידה,0.00,יחידה,false,,35.90,0.0000,false,1,24296
7290001690147,false,מון בלאן טעם טוב גבינה מותכת6% 120 גרם,שלושת האופים,IL,גבינת טעם טוב מותכת,גרמים,120.00,100 גרם,false,,11.50,0.0958,true,1,187846
7290001696019,false,צימוק לבן 200 גרם,,,צימוק לבן 200 גרם,גרמים,200.00,100 גרם,false,,10.90,0.0545,true,1,31569
7290001696620,false,מיקס פיצוחים 350 גר',,,מיקס פיצוחים 350 גר,גרמים,350.00,100 גרם,false,,10.90,0.0311,true,1,31563
7290001696736,false,פקאן סיני 100 גרם פיצוחי חממה,,,פאקן סיני 100 גרם,גרמים,100.00,100 גרם,false,,12.50,0.1250,true,1,31565
7290001696767,false,בוטן בקליפה קלוי 200 גרם פיצוחי חממה,,,בוטן קלוי בקליפה,גרמים,200.00,100 גרם,false,,6.50,0.0325,true,1,31566
7290001696989,false,גרעינים בלי מלח 200 גרם פיצוחי חממה,,,גרעיני חמניה ללא מלח,גרמים,200.00,100 גרם,false,,5.80,0.0290,true,1,62766
7290001710111,false,נקניקיות מרגז ארוז 500 גר,לאטי עזרא גלם ודגים,IL,נקניקיות מרגז 500 גר,גרמים,500.00,100 גרם,false,,22.90,0.0458,true,1,62230
7290001710128,false,נקניקיות צוריסוס ארוז 500 גר,מעדני הטלה,,נקניקיות צ'וריסוס 50,גרמים,500.00,100 גרם,false,,22.90,0.0458,true,1,62231
7290001710135,false,"סטייק עוף קפוא ארוז ק""ג",מעדני הטלה והעגל,IL,סטייק עוף.,קילוגרמים,1.00,"ק""ג",true,,29.90,29.9000,true,1,118804
7290001710159,false,גולש עגל קפוא ארוז מ,לאטי עזרא גלם ודגים,IL,גולש עגל קפוא ארוז מ,קילוגרמים,1.00,"ק""ג",true,,42.90,42.9000,true,1,43791
7290001710579,false,שיפודי פרגיות מעדני,,,שיפודי פרגיות מעדני,קילוגרמים,1.00,"ק""ג",true,,75.90,75.9000,true,1,188564
7290001710784,false,נקניקיות מיני צ'וריסו500,מעדני הטלה,IL,נקניקיות צ'וריסוס מע,גרמים,500.00,100 גרם,false,,22.90,0.0458,true,1,114166
7290001713020,false,שקיות אשפה 25 יחידות 75*85 סנט מוריץ,קומפלקס כימיקלים בעמ,TR,שקיות אשפה עלמה חזקו,יחידה,0.00,יחידה,false,,7.50,0.0000,true,1,125367
7290001713150,false,סנט מוריץ מתז אקונומיקה Bleach קצף לימון 1 ליטר,קומפלקס כימיקלים בעמ,IL,אקונומיקה קצף ניקוי,ליטרים,1.00,ליטר,false,,9.90,9.9000,true,1,114681
7290001713167,false,סנט מוריץ - מרסס קצף ניקוי 1 ליטר סניטרי אפור,קומפלקס כימיקלים בעמ,IL,קצף לניקוי כלים סניט,ליטרים,1.00,ליטר,false,,9.90,9.9000,true,1,114682
7290001713372,false,"תרסיס לניקוי מוצרי עור 400 מ""ל",קומפלקס כימיקלים,IL,ספריי לניקוי וטיפול,מיליליטרים,400.00,"100 מ""ל",false,,18.90,0.0472,true,1,70018
7290001713464,false,עלמה שקיות אשפה 100 יחידות 52*65 עם שרוך,קומפלקס כימיקלים,IL,שקיות אשפה עלמה עם ש,יחידה,0.00,יחידה,false,,19.90,0.0000,true,1,58517
7290001713518,false,"סנט מוריץ נוזל לניקוי רהיטים 750 מ""ל",קומפלקס כימיקלים,IL,נוזל ניקוי רהיטים 75,יחידה,750.00,יחידה,false,,16.90,0.0225,false,1,31453
7290001713648,false,pure מרכך כביסה בייבי ורוד 1 ליטר,"קומפלקס כימיקלים בע""",TR,מרכך כביסה Baby מרוכ,ליטרים,1.00,ליטר,false,,10.90,10.9000,true,1,188285
7290001713662,false,מרכך כביסה pure בניחוח מלון רויאל 1 ל' סנט מוריץ,"קומפלקס כימיקלים בע""",TR,מרכך כביסה בניחוח מל,ליטרים,1.00,ליטר,false,,10.90,10.9000,true,1,126947
7290001713785,false,מרכך כביסה פיור בייבי כחול 1 ליטר,"קומפלקס כימיקלים בע""",TR,מרכך כביסה Baby מרוכ,ליטרים,1.00,ליטר,false,,10.90,10.9000,true,1,188286
7290001713839,false,סנט מוריץ רב מגבת 700 גרם 250 דפים,,,גליל מגבת רב פעמי,גרמים,700.00,100 גרם,false,,15.90,0.0227,true,1,188288
7290001713860,false,PURE מרכך כביסה בניחוח מלון ספא 1 ליטר,"קומפלקס כימיקלים בע""",TR,מרכך כביסה בניחוח מל,ליטרים,1.00,ליטר,false,,10.90,10.9000,true,1,126948
7290001713907,false,בלנקו ג'ל אקונומיקה סמיכה 4 ליטר,קומפלקס כימיקלים,IL,אקונומיקה BLANCO ג'ל,ליטרים,4.00,ליטר,false,,11.90,2.9750,true,1,120586
7290001713921,false,אקונומיקה bleach מבושמת 4 ל' סנט מוריץ,קומפלקס כימיקלים בעמ,IL,אקונומיקה מבושמת 4 ל,ליטרים,4.00,ליטר,false,,9.90,2.4750,true,1,124378
7290001720943,false,בצק פילו 500 גר,אופרה,,בצק פילו 500 גר,גרמים,500.00,100 גרם,false,,19.90,0.0398,true,1,13398
7290001780428,false,גלידיאט שלגון מצופה נסטלה 312 גרם מארז 6 יחידות,גלידות נסטלה )נגה גלידות,IL,מאגדת שלגונים לייט ש,גרמים,312.00,100 גרם,false,,26.90,0.0862,true,1,11594
7290001791363,false,"מטהר אויר בניחוח וניל קוקוס מילוי סנו 250 מ""ל",סנו מפעלי ברונוס בעמ,IL,סנו פרש אוטומטיק ברי,גרמים,165.00,100 גרם,false,,14.90,0.0903,true,1,37008
7290001805008,false,מארז 4 פיתות מקמח לב,מאפיית גילי,,פיתות גילי (אחלה) ק,גרמים,500.00,100 גרם,false,,10.00,0.0200,true,1,11542
7290001805039,false,רביעיית פיתות חיטה מ,מאפיית גילי,,פיתות גילי (אחלה) חי,גרמים,400.00,100 גרם,false,,10.90,0.0273,true,1,22831
7290001813454,false,"עוגיות חיוכים שוקולד עלית 900 גרם מארז 6 יחידות בד""צ",אפיפית נצרת תעשיות ב,IL,עוגיות חיוכים 00,גרמים,900.00,100 גרם,false,,22.90,0.0254,true,1,9736
7290001813478,false,"עוגיות חיוכים וניל עלית 900 גרם מארז 6 יחידות בד""צ",אפיפית נצרת תעשיות ב,IL,עוגיות חיוכים ונ,גרמים,900.00,100 גרם,false,,22.90,0.0254,true,1,9737
7290001817728,false,צ'יטוס אפוי כאפה בטעם קטשופ 55 גרם,"שטראוס פריטו ליי בע""\מ )",IL,ציטוס כאפה 55 גר,גרמים,55.00,100 גרם,false,,3.40,0.0618,true,1,10150
7290001835364,false,פרמיו חטיפי ברווז מובחרים,,CN,פרמיו חטיפי ברווז 10,גרמים,100.00,100 גרם,false,,15.00,0.1500,true,1,189376
7290001865439,false,פמילי אל סבון נוזלי בניחוח וניל 1 ליטר,אף.סי תבליני בגליל ב,IL,פמלי אל סבון ליטר ונ,ליטרים,1.00,ליטר,false,,11.90,11.9000,false,1,37031
7290001865453,false,פמילי לקשרי 1 ליטר לבנדר ארומטי+משאבה,מיוצר עי קונדיטוריית,TR,פמלי אל סבון ליטר לב,ליטרים,1.00,ליטר,false,,11.90,11.9000,false,1,37032
7290001865460,false,סבון נוזלי פמלי לקשרי זר פרחים לבנים 1 ל,אינטרקוסמא,TR,פמלי אל סבון ליטר לי,ליטרים,1.00,ליטר,false,,11.90,11.9000,false,1,37033
7290001901656,false,היימיש פיש הדג המיוחד 7 קציצות 600 גרם,דג טעים בעמ,IL,געפילטע פיש צנצנת,גרמים,320.00,100 גרם,false,,15.90,0.0497,true,1,98786
7290001917527,false,פרש וואנס פדים להסרת איפור 80 יח' *3,קריות זול,IL,פדיות קוסמטיות **1X3,יחידה,0.00,יחידה,false,,19.90,0.0000,true,1,26848
7290001946015,false,אריסה מתוקה 250 גרם,תבליני ביטון מאיר,IL,אריסה של ביטון,גרמים,250.00,100 גרם,false,,11.90,0.0476,true,1,20301
7290001946046,false,עמבה ביטון,תבליני ביטון מאיר,IL,עמבה ביטון,גרמים,400.00,100 גרם,false,,11.90,0.0298,true,1,27586
7290001946077,false,אריסה חריפה 250 גרם,תבליני ביטון מאיר,IL,אריסה חריפה,יחידה,250.00,יחידה,false,,11.90,0.0476,true,1,36975
7290001946237,false,פלפל צ'ומה ביטון,תבליני ביטון מאיר,IL,פלפל צ'ומה ביטון,יחידה,0.00,יחידה,false,,11.90,0.0000,true,1,29522
7290001946299,false,סחוג ירוק תבליני ביט,תבליני ביטון מאיר,IL,סחוג ירוק תבליני ביט,יחידה,250.00,יחידה,false,,11.90,0.0476,true,1,39519
7290001946381,false,פפריקה מתוקה ביטון 3,,,פפריקה מתוקה ביטון 3,גרמים,300.00,100 גרם,false,,18.90,0.0630,true,1,65702
7290001946503,false,שום כתוש ביטון,תבליני ביטון מאיר,IL,שום כתוש ביטון,יחידה,0.00,יחידה,false,,11.90,0.0000,true,1,20306
7290001946725,false,לימון בלאדי ביטון,תבליני ביטון מאיר,IL,לימון בלאדי ביטון,יחידה,250.00,יחידה,false,,11.90,0.0476,true,1,37719
7290001973233,false,"קמיל בלו מגבונים לחים סנסיטיב ד""ר פישר 120 יחידות",פישר מעבדות פרמצבטיות,IL,קמיל בלו מגבונים,יחידה,0.00,יחידה,false,,10.00,0.0000,true,1,10744
7290001975015,false,"טובורג מלא גרין חוזר 500 מ""ל",קרלסברג ישראל,,טובורג גרין בירה בקב,מיליליטרים,500.00,"100 מ""ל",false,,7.40,0.0148,false,1,5720
7290001975992,false,"בירה ויינשטפן 330 מ""ל בקבוק",קרלסברג יבוא יצוא,DE,ויינשטפן בירה חיטה מ,מיליליטרים,330.00,"100 מ""ל",false,,12.90,0.0391,true,1,62622
7290001990094,false,"סוכר חום כהה צנצנת קלאסי סוגת 1ק""ג",האי נאם סי או אל.טי.,IL,סוכר חום צנצנת,יחידה,1.00,יחידה,false,,14.90,14.9000,false,1,9602
7290001990117,false,שומשום סוגת 100 גרם,האי נאם סי או אל.טי.,IL,שומשום 100 גר סו,גרמים,100.00,100 גרם,false,,4.50,0.0450,true,1,9603
7290001990148,false,"סוכר גולדן קלאסי בצנצנת סוגת 1 ק""ג",האי נאם סי או אל.טי.,IL,סוכר גולדן קלאסי,יחידה,1.00,יחידה,false,,11.90,11.9000,true,1,9604
7290001990377,false,שעועית בובס 500 גרם סוגת,סוגת תעשיות בעמ,IL,שעועית בובס 500,גרמים,500.00,100 גרם,false,,10.90,0.0218,true,1,19738
7290002000143,false,"חדש -פנג'ל ק.ידיים קלאסיק 80מ""ל",מיוצר עי קונדיטוריית,IL,חדש -פנג'ל ק.ידיים ק,מיליליטרים,100.00,"100 מ""ל",false,,8.00,0.0800,true,1,16368
7290002000266,false,שעווה מגע המשי הדבש תפוח למיקרו 500 גרם,המאפיה של הרמן,IL,מגע המשי התפוח ש.למי,גרמים,500.00,100 גרם,false,,20.90,0.0418,true,1,16369
7290002001782,false,פנג'ל פלוס לכף הרגל 100מ,אינטרקוסמא,IL,חדש-פנג'ל פלוס קרם כ,גרמים,100.00,100 גרם,false,,16.90,0.1690,true,1,16373
7290002002635,false,מגע המשי שעווה לפנים 80גר,"ש. שוורץ (ב""ש) בע""מ",IL,מגע המשי דבש ש.לפנים,גרמים,80.00,100 גרם,false,,21.90,0.2737,true,1,16391
7290002002857,false,"מגע הדבש, ניירות להסרת שיער בשעווה, 50 יחידות","איטיליאן פוד, אס.פי.",IL,מגע המשי נייר הדבש 5,יחידה,0.00,יחידה,false,,24.90,0.0000,true,1,16394
7290002003168,false,קרם ידיים מארז שלישיית פנג'ל 3X80-גרם,אינטרקוסמא 1985 במ,IL,מארז שלישית פנג'ל קל,מיליליטרים,300.00,"100 מ""ל",false,,21.90,0.0730,true,1,16395
7290002007029,false,קוקוס טחון 100 ג' הנמל,יבוא ושיווק: הנמל אר,IL,קוקוס 100,גרמים,100.00,100 גרם,false,,3.40,0.0340,false,1,17422
7290002007036,false,כוסמת הנמל 500 גרם,הנמל,,כוסמת 500,גרמים,500.00,100 גרם,false,,7.90,0.0158,true,1,17423
7290002007180,false,קמח תירס 500גר' הנמל מרובע,הנמל אריזות ושיווק ב,IL,קמח תירס 500,גרמים,500.00,100 גרם,false,,4.60,0.0092,true,1,17437
7290002007234,false,אבקת סוכר הנמל 100 גרם,"מיוצר וארוז ע""י: ר.ס",IL,אבקת סוכר,גרמים,100.00,100 גרם,false,,1.90,0.0190,true,1,17441
7290002007357,false,שקיות צליה דליקטס מיקרוגל הנמל 10 יח',הנמל,IL,שקיות לצליה- 10 יח',יחידה,0.00,יחידה,false,,5.70,0.0000,true,1,17448
7290002007371,false,פירורי לחם הנמל 500 ג',הנמל אריזות ושיווק ב,IL,פרורי לחם 500,גרמים,500.00,100 גרם,false,,5.50,0.0110,true,1,17450
7290002007487,false,צמר פלדה הנמל 100 גרם,"איטיליאן פוד, אס.פי.",IL,צמר פלדה 100 גר',קילוגרמים,100.00,"100 ק""ג",false,,3.90,0.0390,true,1,57601
7290002007500,false,קיסמי שיניים הנמל במבוק 500 יחידות,הנמל אריזות ושיווק בעמ,IL,קסמים חבית 500,יחידה,0.00,יחידה,false,,3.80,0.0000,true,1,17458
7290002007623,false,כוסות ליין 50 יחידות,יבוא ושיווק: הנמל אריזות,TR,כוסות ליין- 50 יח',יחידה,0.00,יחידה,false,,4.60,0.0000,true,1,17459
7290002007715,false,"הנמל סיר אלומניום ענק 5.30 ליטר, 1 יח' `",הנמל,,סיר אלומיניום ענק 5.,יחידה,0.00,יחידה,false,,14.50,0.0000,true,1,97025
7290002007746,false,"צבע מאכל כחול 55 מ""ל הנמל",הנמל אריזות ושיווק ב,IL,צבע מאכל כחול,יחידה,55.00,יחידה,false,,3.00,0.0545,true,1,17460
7290002007852,false,"תמצית אפייה בטעמים שונים 55 מ""ל הנמל",ממתקי עלה יצור ושיוו,IL,תמצית וניל,יחידה,55.00,יחידה,false,,3.20,0.0582,true,1,17463
7290002007890,false,כוסות שתייה קרה 100 יח` 200 PP מל`,אריזות מדף - פלזית,IL,כוסות 100 יח',יחידה,0.00,יחידה,false,,8.90,0.0000,false,1,17466
7290002007975,false,"צלחות קטנות ח""פ הנמל 50 יח'",אריזות מדף - פלזית,IL,צלחות קטנות- 50 יח',יחידה,0.00,יחידה,false,,9.90,0.0000,true,1,17470
7290002007982,false,מזלגות חד פעמי 100 יח',הנמל אריזות ושיווק ב,IL,מזלגות 100 יח',יחידה,0.00,יחידה,false,,10.90,0.0000,true,1,17471
7290002007999,false,"צלחות גדולות ח""פ הנמל 50 יח'",אריזות מדף - פלזית,IL,צלחות גדול חד פעמי-,יחידה,0.00,יחידה,false,,14.90,0.0000,true,1,17472
7290002008040,false,שיפודי במבוק הנמל 100 יחידות,"הנמל אריזות ושיווק בע""\מ",IL,שיפודים-100 יח',יחידה,0.00,יחידה,false,,2.80,0.0000,true,1,17473
7290002008057,false,"תמצית אפייה בטעם רום 55 מ""ל הנמל",ממתקי עלה יצור שיווק,IL,תמצית רום,יחידה,55.00,יחידה,false,,3.20,0.0582,true,1,17474
7290002008071,false,גביעי נייר מספר 2 הנמל 1 יחידה,"הנמל אריזות ושיווק בע""\מ",IL,עטרות חום מס' 2- 130,יחידה,0.00,יחידה,false,,4.40,0.0000,true,1,17476
7290002008118,false,צמרוני עץ לאוזניים 100יח,שוורצקוף& הנקל דיסלד,CN,צמרונים עץ,יחידה,0.00,יחידה,false,,1.60,0.0000,true,1,17479
7290002008149,false,מדליק פחם מוצק הנמל אריזת 40יח',מ.א.יצור ויבוא מטליו,GB,מדליק פחם-40 יח',יחידה,0.00,יחידה,false,,6.50,0.0000,true,1,17481
7290002008156,false,גביעי נייר מספר 5 הנמל 1 יחידה,קריות זול,IL,עטרות חום מס' 5- 130,יחידה,0.00,יחידה,false,,5.60,0.0000,true,1,17482
7290002008170,false,גביעי נייר מספר 3 הנמל 1 יחידה,הנמל,IL,עטרות חום מס' 3- 130,יחידה,0.00,יחידה,false,,4.80,0.0000,true,1,17484
7290002008187,false,קשים מתקפלים לשתיה הנמל 40 יחידות,יבוא ושיווק: הנמל אריזות,CN,קשים מתקפלים- 40 יח',יחידה,0.00,יחידה,false,,1.80,0.0000,true,1,17485
7290002008224,false,סוכריות לקישוט צבעונית הנמל 100 ג',ממתקי עלה בעמ,IL,מזרה עגול צנצ',גרמים,60.00,100 גרם,false,,5.50,0.0917,true,1,17487
7290002008231,false,אציטון 100 גרם,מעבדות גרינפארם,IL,אציטון 100גר,גרמים,100.00,100 גרם,false,,4.90,0.0490,true,1,58900
7290002008309,false,עטרות נייר חום לעוגה מס' 4 הנמל 130יח',"הנמל אריזות ושיווק בע""\מ",IL,עטרות חום מס' 4- 130,יחידה,0.00,יחידה,false,,5.00,0.0000,true,1,17490
7290002008354,false,מפת שולחן פלסטיק 8 יחידו,"איטיליאן פוד, אס.פי.",IL,מפות שולחן בגליל- 8,גרמים,400.00,100 גרם,false,,9.90,0.0248,true,1,26602
7290002008460,false,עטרות חום מספר 1.5 הנמל,"הנמל אריזות ושיווק בע""\מ",IL,עטרות חום מס' 1.5- 1,יחידה,0.00,יחידה,false,,4.00,0.0000,true,1,17498
7290002008491,false,סוכריות לקישוט שוקולד 100 ג' הנמל,ממתקי עלה יצור שיווק,IL,מזרה שוקולד צנצנ,גרמים,100.00,100 גרם,false,,5.50,0.0550,true,1,17500
7290002008507,false,נייר אפיה הנמל 50 יחידות,הנמל אריזות ושיווק ב,IL,נייר אפיה- 50 יח',יחידה,0.00,יחידה,false,,8.90,0.0000,true,1,17501
7290002008651,false,קמח תפוחי אדמה הנמל 500 גרם,ר.ס. חברה ליבוא וייצ,IL,"קמח תפו""א 500גר",גרמים,500.00,100 גרם,false,,5.90,0.0118,true,1,17506
7290002008668,false,צמרוני כותנה ביוטי הנמל עגול 200 יחידות,הנמל,TR,צמרונים 200 יח',יחידה,0.00,יחידה,false,,3.90,0.0000,true,1,35664
7290002008743,false,סוכר וניל עשירייה הנמל 100 גרם,"מיוצר וארוז ע""י: ר.ס",IL,סוכר וניל,גרמים,100.00,100 גרם,false,,2.40,0.0240,true,1,29509
7290002008750,false,אבקת אפיה עשירייה הנמל 100 גרם,ר.ס. חברה ליבוא ויצו,IL,אבקת אפיה הנמל,גרמים,100.00,100 גרם,false,,2.40,0.0240,true,1,22235
7290002008774,false,שומשום הנמל 200 גרם,הנמל אריזות ושיווק ב,IL,שומשום 200,גרמים,200.00,100 גרם,false,,5.50,0.0275,true,1,17509
7290002008835,false,מגן כיריים הנמל 4 יחידות,מיוצר בסין.יבוא ושיו,CN,מגן כיריים,יחידה,0.00,יחידה,false,,4.80,0.0000,true,1,17510
7290002008927,false,סוכריות לקישוט שוקו לבן 100 ג' הנמל,ממתקי עלה יצור שיווק,IL,סוכריות לעוגה שוקו ל,יחידה,0.00,יחידה,false,,5.50,0.0000,true,1,17511
7290002008989,false,קישקשים קשים לשתיה 225יח הנמל,שיווק: הנמל אריזות ושיוו,CN,קישקשים 225יח,יחידה,0.00,יחידה,false,,9.50,0.0000,true,1,17512
7290002013037,false,פסטרמה פרגית זוגלובק,זוגלובק,IL,פסטרמה פרגיות על לבנ,קילוגרמים,1.00,"ק""ג",true,,79.90,79.9000,false,1,39465
7290002013174,false,פסטרמה של פעם זוגלוב,זוגלובק,IL,פסטרמה של פעם זוגלוב,קילוגרמים,1.00,"ק""ג",true,,79.90,79.9000,false,1,40371
7290002019114,false,רוטב עגבניות מרוכז מאד 28-30BX פריניר,פרי ניר,IL,פרי ניר רוטב עגבניות,גרמים,580.00,100 גרם,false,,6.50,0.0112,true,1,10249
7290002019787,false,רוטב עגבניות מרוכז מאוד 260 גרם פריניר,פריניר ( הדס 1987) ב,IL,רוטב עגבניות פרי ניר,גרמים,260.00,100 גרם,false,,3.50,0.0135,false,1,10253
7290002019794,false,רוטב עגבניות מרוכז מאוד 100 גרם פריניר,פריניר ( הדס 1987) ב,IL,רוטב עגבניות 100 גר,גרמים,100.00,100 גרם,false,,1.70,0.0170,false,1,10254
7290002022923,false,סוכריות על מקל בטעם תות כרמית 50 יחידות,כרמית תעשיות ממתקים,IL,לקקן כרמית 50 יח,גרמים,500.00,100 גרם,false,,14.90,0.0298,true,1,12584
7290002026341,false,בטטה צ'יפס רגיל אריסטו קראנץ 500 ג',מוצרי איכות אמריקאיים,CA,צ'יפס בטטה 500 גר',גרמים,500.00,100 גרם,false,,14.90,0.0298,true,1,97175
7290002026358,false,צ'יפס אריסטו זיג זג שקיות רשת,מוצרי איכות אמריקאיים,CA,צ'יפס בטטה זיג זג 50,גרמים,500.00,100 גרם,false,,14.90,0.0298,true,1,97176
7290002026365,false,טבעות בצל אריסטו קראנץ' 500 גרם,מוצרי איכות אמריקאיים,BE,טבעות בצל 500 גר',גרמים,500.00,100 גרם,false,,10.90,0.0218,true,1,97177
7290002026402,false,בלינצס גבינה בראנץ אנד קראנץ 350 ג',מוצרי איכות אמריקאיים בע,IL,בלינצ'ס גבינה,גרמים,350.00,100 גרם,false,,14.90,0.0426,true,1,63691
7290002026440,false,פרצלס בייגלה בראנץ אנד קראנץ 280 ג',מוצרי איכות אמריקאיים בע,IL,פרצל חם מהמקפיא,גרמים,280.00,100 גרם,false,,14.90,0.0532,true,1,63696
7290002026587,false,וופל בלגי פרווה בראנץ אנד קראנץ 8 יח',בראנץ' אנד קראנץ Brunch& Crunch,BE,וופל בלגי,גרמים,280.00,100 גרם,false,,14.90,0.0532,true,1,119641
7290002037637,false,חליות מתוקות מארז 4יח',מאפית י את א ברמן בע,IL,לחמניות חליות וד,גרמים,400.00,100 גרם,false,,13.50,0.0338,true,1,10521
7290002040019,false,קוסקוס רגיל הנמל 350 גרם,"קוסקוס מזון בע""מ",IL,קוסקוס רגיל 350 גר ה,גרמים,350.00,100 גרם,false,,5.50,0.0157,false,1,17514
7290002040064,false,קוסקוס דק הנמל 350 גרם,טרופיקל דגיל תעשיות,IL,קוסקוס דק,גרמים,350.00,100 גרם,false,,5.50,0.0157,false,1,17519
7290002040071,false,קוסקוס עבה שקית 350 גרם הנמל,"קוסקוס מזון בע""מ",IL,קוסקוס עבה,גרמים,350.00,100 גרם,false,,5.50,0.0157,false,1,17520
7290002040088,false,קוסקוס מלא הנמל 350 גרם,"קוסקוס מזון בע""מ",IL,קוסקוס מלא 350 גר',גרמים,350.00,100 גרם,false,,6.00,0.0171,true,1,17521
7290002040095,false,קוסקוס רגיל מארז 350X3ג' קוסקוס מזון,טרופיקל דגיל תעשיות,IL,מארז שלישיה קוסקוס,יחידה,1.05,יחידה,false,,13.50,12.8571,true,1,84701
7290002041801,false,"קרם גוף לאב ליין 275 מ""ל",תעשיות שיק,IL,קרם גוף חלאבין,מיליליטרים,300.00,"100 מ""ל",false,,39.90,0.1330,true,1,9333
7290002041832,false,דאו.רול און לאב ליין80מ,חלאבין,IL,רול און לאב ליין,מיליליטרים,50.00,"100 מ""ל",false,,16.90,0.3380,true,1,19532
7290002043782,false,אקסטרה צ'יפס אורז חום מלא טקסס ברביקיו 60 גרם,נוהלס ג'\י אס סי.,BG,צ'יפס אורז חום מלא ט,גרמים,60.00,100 גרם,false,,6.90,0.1150,true,1,123268
7290002050018,false,גרעיני אבטיח 170 גר',זארובי,,גרעיני אבטיח 170 גר',גרמים,170.00,100 גרם,false,,14.90,0.0876,true,1,95779
7290002050025,false,"פרורי לחם מוזהב 1 ק""ג",זארובי,,פירורי לחם זהוב 1 קג,קילוגרמים,1.00,"ק""ג",false,,10.90,10.9000,true,1,95558
7290002050032,false,תערובת אגוזים ופיצוח,זארובי,,תערובת אגוזים ופיצוח,גרמים,630.00,100 גרם,false,,57.90,0.0919,true,1,96580
7290002050803,false,סוכריות גומי זארובי,זארובי,,מארז סוכריות גומי 60,גרמים,600.00,100 גרם,false,,21.90,0.0365,true,1,123607
7290002050988,false,גרנולה פרימיום זארוב,זארובי,,גרנולה פרימיום זארוב,גרמים,450.00,100 גרם,false,,17.90,0.0398,true,1,190436
7290002057017,false,זיתים נובו ענק A2 יבנה 330ג',שיוך למחסן 17,IL,זית נובו מבוקע 340 ג,גרמים,340.00,100 גרם,false,,9.90,0.0291,true,1,45527
7290002057031,false,זיתים מבוקעים פיקנטי קבוצת יבנה 340 גרם,קבוצת יבנה,IL,זיתים מבוקעים 340 גר,גרמים,340.00,100 גרם,false,,8.50,0.0250,true,1,22011
7290002057048,false,זית יבנה סורי מבוקע בשמן זית 340 גרם,קבוצת יבנה,IL,זית סורי מבוקע 340 ג,גרמים,340.00,100 גרם,false,,9.90,0.0291,true,1,23317
7290002057062,false,זיתים מנזנילו ירוק בינוני קבוצת יבנה 340 גרם,קבוצת יבנה,IL,זיתים מנזלינו בינוני,גרמים,540.00,100 גרם,false,,6.90,0.0128,true,1,29045
7290002057086,false,זיתים מנזנילו גדול קבוצת יבנה 780 גרם,קבוצת יבנה,IL,זיתים מנזנילו גדולים,גרמים,650.00,100 גרם,false,,19.90,0.0306,true,1,33865
7290002057093,false,זיתים מנזנילו גדול קבוצת יבנה 340 גרם,קבוצת יבנה,IL,זיתים ירוקים מנזנילו,גרמים,340.00,100 גרם,false,,8.40,0.0247,true,1,34580
7290002057109,false,זיתים יבנה ירוקים גדולים מאוד שום מנזלינ,קבוצת יבנה,IL,זיתים מנזנילו גדולים,גרמים,340.00,100 גרם,false,,8.90,0.0262,true,1,29561
7290002057123,false,זיתים ירוקים מנזנילו קבוצת יבנה 560 גרם,קבוצת יבנה,IL,זיתים ירוקים נטולי ג,גרמים,275.00,100 גרם,false,,8.20,0.0298,true,1,22000
7290002057130,false,זיתים חרוזית קבוצת יבנה 650 גרם,קבוצת יבנה,IL,זיתים ירוקים מנזנילו,גרמים,650.00,100 גרם,false,,21.00,0.0323,true,1,30891
7290002057147,false,זיתים שחור גדול A2 יבנה 560ג',קבוצת יבנה,IL,זיתים מושחרים גדולים,גרמים,340.00,100 גרם,false,,9.40,0.0276,true,1,39935
7290002057161,false,זיתים מרינט ביין גדול מאד קבוצת יבנה 340 גרם,קבוצת יבנה,IL,זית מרינד חתוך בחומץ,גרמים,275.00,100 גרם,false,,9.40,0.0342,true,1,28631
7290002057178,false,זיתים שחורים גדולים מנזלינו קבוצת יבנה 3,קבוצת יבנה,IL,זית שחור טבעי יבנה,גרמים,340.00,100 גרם,false,,9.40,0.0276,true,1,38915
7290002057185,false,טבעות זיתים ירוקים קבוצת יבנה 560 גרם,קבוצת יבנה,IL,טבעות זיתים ירוקים 2,גרמים,275.00,100 גרם,false,,8.20,0.0298,true,1,27749
7290002057314,false,"מלפפון במלח ‏20‏-‏15‏ ‏‏ 1.3 ק""ג ‏‏ יבנה",קבוצת יבנה,IL,מלפפון במלח 15-20 67,גרמים,675.00,100 גרם,false,,13.90,0.0206,true,1,31221
7290002057352,false,מלפפונים במלח ‏9‏-‏7‏ קבוצת יבנה 320 גרם,קבוצת יבנה מוצרי מזון,IL,מלפפון במלח 7-9 320,גרמים,320.00,100 גרם,false,,6.20,0.0194,true,1,22001
7290002057369,false,מלפפונים במלח ‏12‏-‏10‏ קבוצת יבנה 320 גרם,קבוצת יבנה,IL,מלפפונים במלח 12-10,גרמים,320.00,100 גרם,false,,7.20,0.0225,true,1,22735
7290002057376,false,מלפפונים במלח ‏17‏-‏13‏ קבוצת יבנה 320 גרם,קבוצת יבנה,IL,מלפפון במלח 13-17 32,גרמים,320.00,100 גרם,false,,8.20,0.0256,false,1,23762
7290002057383,false,מלפפונים במלח ‏25‏-‏18‏ קבוצת יבנה 320 גרם,קבוצת יבנה,IL,מלפפון במלח 18-25 32,גרמים,320.00,100 גרם,false,,8.90,0.0278,true,1,24246
7290002057451,false,מלפפונים בחומץ ‏9‏-‏7 קבוצת יבנה 290 גרם,קבוצת יבנה מוצרי מזון,IL,מלפפון בחומץ 7-9 290,גרמים,290.00,100 גרם,false,,6.20,0.0214,true,1,33866
7290002057468,false,מלפפון יבנה בחומץ בינוניים 10-12 290 גרם,קבוצת יבנה,IL,מלפפון בחומץ 10-12 2,גרמים,290.00,100 גרם,false,,7.20,0.0248,true,1,30896
7290002057475,false,מלפפונים בחומץ ‏17‏-‏13 קבוצת יבנה 290 גרם,קבוצת יבנה,IL,מלפפון בחומץ 13-17 2,גרמים,290.00,100 גרם,false,,8.20,0.0283,true,1,38927
7290002057482,false,מלפפונים קטנים בחומץ קבוצת יבנה 560 גרם,קבוצת יבנה,IL,מלפפון בחומץ 18-25 2,גרמים,290.00,100 גרם,false,,8.90,0.0307,true,1,43295
7290002057604,false,פלפל חריף שיפקה קבוצת יבנה 225 גרם.,קבוצת יבנה,IL,פלפל חריף שיפקה 225,גרמים,225.00,100 גרם,false,,5.90,0.0262,true,1,22006
7290002057703,false,חצילים במלח קבוצת יבנה 320 גרם,קבוצת יבנה,IL,חצילים במלח 320 גרם,גרמים,320.00,100 גרם,false,,6.50,0.0203,true,1,20414
7290002057734,false,זיתים חרוזית מושחר קבוצת יבנה 275 גרם,קבוצת יבנה,IL,זיתים מושחרים נטולי,גרמים,275.00,100 גרם,false,,9.40,0.0342,true,1,28632
7290002057819,false,גמבה רצועות פלפל אדום A2 יבנה 300 גרם,קבוצת יבנה,IL,רצועות פלפל אדום 300,גרמים,300.00,100 גרם,false,,6.90,0.0230,true,1,26767
7290002065555,false,שישיית לחמנייה הכי רכה בהפסקה אנג'ל 450 גרם,מאפיית שלמה א. אנג'\ל בע,IL,שש לחמניות אנג'ל,גרמים,450.00,100 גרם,false,,10.90,0.0242,true,1,19422
7290002065616,false,לחם שיפון גרעינים פרוס אחדות 750 גרם,מאפיית שלמה א. אנג'\ל בע,IL,לחם שיפון גרעינים,גרמים,750.00,100 גרם,false,,10.90,0.0145,true,1,35188
7290002075035,false,אובלטים מלוחים דקיקים ברט 500 גרם,שוקוטרייד בעמ,IL,אובלטים 500 גר,גרמים,500.00,100 גרם,false,,21.90,0.0438,true,1,10835
7290002077268,false,מיני קציצות דג לבישול 500 גרם קהילות,האי נאם סי או אל.טי.,IL,מיני קציצות דג לבישו,גרמים,500.00,100 גרם,false,,21.00,0.0420,true,1,56186
7290002077657,false,"סגנון פטה 16 ק""ג",,,"סגנון פטה 16 ק""ג",קילוגרמים,1.00,"ק""ג",true,,29.90,29.9000,true,1,69132
7290002079033,false,לחם דגנים לייט פרוס 500 גרם,מאפיית דוידוביץ ובניו בע,IL,לחם דגנים לייט דוידו,גרמים,500.00,100 גרם,false,,13.50,0.0270,true,1,13174
7290002079316,false,חלה רגילה פרוסה 500 גרם,מאפית דוידוביץ ובניו,IL,חלה פרוסה,גרמים,500.00,100 גרם,false,,11.90,0.0238,true,1,13180
7290002079347,false,חלה קלה פרוסה 500 גרם,מאפיית דוידוביץ ובניו בע,IL,חלה קלה פרוסה,גרמים,500.00,100 גרם,false,,21.90,0.0438,true,1,13181
7290002079361,false,לחמניות המבורגר חתוך 6+2*60 ג',מאפיית דוידוביץ ובני,IL,לחמניות המבורגר,גרמים,400.00,100 גרם,false,,13.90,0.0348,true,1,13182
7290002079477,false,לחם אחיד פרוס דוידוב,מאפיית דוידוביץ ובניו בע,IL,לחם אחיד פרוס דוידוב,גרמים,750.00,100 גרם,false,,6.90,0.0092,false,1,13184
7290002079613,false,חלה קלועה מתוקה ארוז,מאפיית דוידוביץ ובני,IL,חלה מתוקה דוידוביץ',גרמים,500.00,100 גרם,false,,10.90,0.0218,true,1,13187
7290002079927,false,לחם דגנים מלא דוידוב,מאפיית דוידוביץ ובני,IL,לחם דגנים מלא דוידוב,גרמים,750.00,100 גרם,false,,12.90,0.0172,true,1,37465
7290002079996,false,לחם אחיד קל פרוס 750 גרם,מאפיית דוידוביץ ובני,IL,לחם אחיד קל פרוס,גרמים,750.00,100 גרם,false,,11.90,0.0159,true,1,20237
7290002096009,false,עוגיות דובשנית חפץ 4,חפץ,,דובשניות חפץ 450 גר,גרמים,450.00,100 גרם,false,,10.90,0.0242,true,1,14190
7290002096498,false,עוגיות דובשנית חפץ 6,חפץ אליקים,IL,"דובשניות חפץ 600 ג""ר",גרמים,600.00,100 גרם,false,,12.90,0.0215,true,1,56090
7290002107071,false,גבינת פטה עיזים מעודנת 16% משק צוריאל 200 גרם,מחלבת משק צוריאל,IL,פטה עיזים מעודנת,גרמים,200.00,100 גרם,false,,24.90,0.1245,true,1,12957
7290002107316,false,טבורוג למעדיה צוריאל,מחלבת משק צוריאל,IL,טבורוג למעדיה צוריאל,קילוגרמים,1.00,"ק""ג",true,,43.90,43.9000,false,1,58829
7290002107385,false,גליל גבינת עיזים מה עז משק צוריאל 180 גרם,מחלבת משק צוריאל,IL,דליקטס עז 20% 180 גר,גרמים,180.00,100 גרם,false,,23.90,0.1328,true,1,31218
7290002107491,false,גבינה לבנה מחלב עיזים למריחה 5% משק צוריאל 250 גרם,מחלבת משק צוריאל,IL,גבינת עיזים 5%,גרמים,250.00,100 גרם,false,,14.90,0.0596,false,1,12967
7290002107798,false,גבינה בולגרית מעודנת 5% משק צוריאל 250 גרם,מחלבת משק צוריאל,IL,בולגרית מעודנת 5% מש,גרמים,250.00,100 גרם,false,,22.50,0.0900,true,1,12976
7290002107965,false,טבורוג גבינה לאפייה 5% צוריאל 500 ג',מחלבת משק צוריאל,IL,טבורוג 5% 500 גר,גרמים,500.00,100 גרם,false,,25.90,0.0518,true,1,29640
7290002109488,false,קבב 100% אמיתי טיבון ויל 440 גרם,"טיבון ויל אחזקות בע""\מ",IL,קבב אמיתי 100% טיבון,גרמים,440.00,100 גרם,false,,19.90,0.0452,false,1,59258
7290002118435,false,צמרוני כותנה ביוטי הנמל 300 יחידות,ספה,TR,מקלוני כותנה ענק 300,יחידה,0.00,יחידה,false,,5.30,0.0000,true,1,123085
7290002129479,false,פיצה מרגריטה איטלקית דקה שלושת האופים 320 גרם,האי נאם סי או אל.טי.,IT,פיצה איטלקית דקה שלו,גרמים,320.00,100 גרם,false,,13.90,0.0434,false,1,104196
7290002132011,false,עוגיות מזרחיות מלוחות עבאדי 400 גרם,מאפיית יוסף ושמחה עבאדי,IL,מזרחיות עגול,גרמים,400.00,100 גרם,false,,17.90,0.0447,false,1,8929
7290002133032,false,פתיתי קשקבל 29% גבינות השומרון 300 גרם,"מחלבת השומרון בע""מ",IL,פתיתי קשקבל 22% גבינ,גרמים,300.00,100 גרם,false,,29.90,0.0997,true,1,10715
7290002133094,false,גבינת ברינזה צאן במש,"מחלבת השומרון בע""מ",IL,ברינזה צאן,קילוגרמים,1.00,"ק""ג",true,,79.90,79.9000,false,1,10717
7290002133117,false,בולגרית מעודנת 5% במשקל,"מחלבת השומרון בע""מ",IL,בולגרית 5% מעודנת במ,קילוגרמים,1.00,"ק""ג",true,,54.90,54.9000,false,1,58120
7290002133148,false,צפתית רכה שומרון במש,"מחלבת השומרון בע""מ",IL,צפתית שומרון טבעית/,קילוגרמים,1.00,"ק""ג",true,,55.90,55.9000,false,1,10720
7290002133162,false,גבינה בולגרית 5% גבינות השומרון 250 גרם,מחלבת השומרון,IL,בולגרית גביע 5%,גרמים,250.00,100 גרם,false,,19.90,0.0796,true,1,19853
7290002133193,false,בולגרית שומרון מעדני,מחלבת השומרון בעמ,IL,בולגרית שומרון מעדני,קילוגרמים,1.00,"ק""ג",true,,55.90,55.9000,false,1,14100
7290002133216,false,"גב.שמנת30%שומן ט""ש.משקל","מחלבת השומרון בע""מ",IL,גבינות שמנת- טבעי ז,קילוגרמים,1.00,"ק""ג",true,,46.90,46.9000,false,1,10723
7290002133247,false,לאבנה עם שמן זית וזעתר 5% גבינות השומרון 250 גרם,מחלבת השומרון,IL,לבנה זעתר 5% - 250 ג,גרמים,250.00,100 גרם,false,,13.50,0.0540,true,1,10724
7290002133506,false,יוגורט של פעם חלב עיזים 4% גבינות השומרון 400 גרם,מחלבת השומרון,IL,יוגורט של פעם עיזים,מיליליטרים,400.00,"100 מ""ל",false,,12.50,0.0313,true,1,33185
7290002133643,false,גבינת פטה צאן 22% גבינות השומרון 200 גרם,מחלבת השומרון,IL,פטה גביע 22%,גרמים,200.00,100 גרם,false,,23.00,0.1150,true,1,19855
7290002133858,false,גבינה בולגרית צאן 18% גבינות השומרון 250 גרם,מחלבת השומרון,IL,בולגרית צאן 18%,גרמים,250.00,100 גרם,false,,22.90,0.0916,true,1,19856
7290002150077,false,פלאפל חמים וטעים 400,"חמים וטעים בע""מ",IL,פלאפל אמיתי 400 גר,גרמים,400.00,100 גרם,false,,15.50,0.0388,true,1,95168
7290002150718,false,קרפלך כיסוני בצק במי,"חמים וטעים בע""מ",IL,חמים וטעים-קרפלך תפו,גרמים,400.00,100 גרם,false,,15.50,0.0388,true,1,95133
7290002150732,false,קרפלך במילוי בשר 400גרם,"חמים וטעים בע""מ",IL,קרפלך בשר 400 גר,גרמים,400.00,100 גרם,false,,15.50,0.0388,true,1,70961
7290002150794,false,סיגרים במילוי בשר 40,"חמים וטעים בע""מ",IL,סיגרים בשר 400 גר,גרמים,400.00,100 גרם,false,,15.50,0.0388,true,1,70962
7290002150817,false,"סיגר תפו""א חמים וטעי","חמים וטעים בע""מ",IL,"סיגרים תפו""א 400",גרמים,400.00,100 גרם,false,,15.50,0.0388,true,1,70963
7290002150848,false,אגרול סיני חמים וטעי,"חמים וטעים בע""מ",IL,אגרול סיני 400 גר,גרמים,400.00,100 גרם,false,,15.50,0.0388,true,1,94859
7290002150862,false,קובה בורגול בשר 400 גרם,"חמים וטעים בע""מ",IL,קובה בשר מטוגן 400 ג,גרמים,400.00,100 גרם,false,,15.50,0.0388,true,1,70964
7290002157953,false,מארז נתחי טונה בהירה בשמן קנולה - 4 יחידות,דיאמנט פוד פרודקט,IL,טונה קנולה 4*140 גר,גרמים,560.00,100 גרם,false,,18.90,0.0337,false,1,101598
7290002157960,false,רביעיית טונה במים ויליגר 140 גרם,ויליגר,IL,טונה במים 4*140 גר ו,גרמים,560.00,100 גרם,false,,18.90,0.0337,false,1,101599
7290002190516,false,"ריבת חלב גלעם-קומידה 500ג' 12X-כשל""פ",אשבל מזון פונקציונלי בע\,IL,ריבת חלב 500 גר,גרמים,500.00,100 גרם,false,,14.50,0.0290,true,1,6858
7290002195054,false,המבורגר בלדי 400 גרם ארוז,יוליניבר,IL,המבורגר בלדי 400 גר',גרמים,400.00,100 גרם,false,,11.90,0.0298,false,1,35821
7290002195078,false,קבב כבש בלדי קפוא 400 ג',בלדי,IL,קבב כבש בלדי,גרמים,400.00,100 גרם,false,,11.90,0.0298,false,1,43379
7290002195085,false,קבב מזרחי בלדי 400 ג'- 8 יח',יוליניבר,IL,קבב מזרחי בלדי 400 ג,גרמים,400.00,100 גרם,false,,11.90,0.0298,false,1,35739
7290002195092,false,קבב רומני 400 גרם בלדי,בלדי,IL,קבב רומני בלדי,יחידה,0.00,יחידה,false,,11.90,0.0000,false,1,43380
7290002198062,false,פסטרמה הודו אקסטרהמעושנת,זוגלובק,IL,פסטרמה הודו אקסטרה מ,קילוגרמים,1.00,"ק""ג",true,,79.90,79.9000,false,1,187316
7290002198109,false,צלעות אסאדו מעושנות קג,זוגלובק,IL,צלעות אסאדו מעושנת מ,קילוגרמים,1.00,"ק""ג",true,,134.90,134.9000,false,1,187886
7290002198116,false,הברזילאית בקר הודו קג,זוגלובק,IL,פסטרמה ברזילאית זוגל,קילוגרמים,1.00,"ק""ג",true,,109.90,109.9000,false,1,189797
7290002211044,false,"סולת חיטה 1 ק""ג טחנת רוט",,IL,סולת 1 קג,קילוגרמים,1.00,"ק""ג",false,,6.50,6.5000,false,1,13698
7290002211112,false,"קמח לבן 1 ק""ג כחול טחנת רוט",,IL,"קמח 1 ק""ג",קילוגרמים,1.00,"ק""ג",false,,4.40,4.4000,false,1,69655
7290002239185,false,אפונת גינה קפואה פרי גליל 800 גרם,"פרי הגליל בע""""מ",IL,אפונה 800 פרי גל,גרמים,800.00,100 גרם,false,,9.90,0.0124,false,1,10397
7290002239215,false,אפונה וגזר קפוא פרי גליל 800 גרם,"פרי הגליל בע""""מ",IL,אפונה וגזר 800,גרמים,800.00,100 גרם,false,,9.90,0.0124,true,1,10398
7290002239277,false,גזר גמדי פרי הגליל 800 גרם,"פרי הגליל בע""""מ",IL,גזר גמדי פרי גלי,גרמים,800.00,100 גרם,false,,9.90,0.0124,true,1,10399
7290002239307,false,שעועית צהובה 800 ג ' פרי הגליל,"פרי הגליל בע""""מ",IL,שעועית צהובה,גרמים,800.00,100 גרם,false,,9.90,0.0124,true,1,10400
7290002239338,false,שעועית ירוקה פרי הגליל 800 גרם,"פרי הגליל בע""""מ",IL,שעועית ירוקה פרי גלי,גרמים,800.00,100 גרם,false,,9.90,0.0124,true,1,10401
7290002239369,false,שעועית ירוקה שלמה 800 גרם פרי הגליל,"פרי הגליל בע""""מ",IL,שעועית שלמה 800,גרמים,800.00,100 גרם,false,,9.90,0.0124,true,1,10402
7290002239420,false,תירס גרעינים 800 ג ' פרי הגליל,"פרי הגליל בע""""מ",IL,תירס גרעינים 800,גרמים,800.00,100 גרם,false,,9.90,0.0124,true,1,10404
7290002246916,true,משולש לכיור גבוה,,,משולש לכיור גבוה,,0.00,,false,,21.90,0.0000,true,1,123051
7290002253006,false,שום כתוש דורות בצנצנת 200 גרם,עיצובים 2020 (3.8),IL,שום כתוש טרי 200גר ד,גרמים,200.00,100 גרם,false,,19.90,0.0995,true,1,6435
7290002253105,false,קוביות שום כתוש טרי דורות 80 גרם,עיצובים 2020 (3.8),IL,קוביות שום כתוש דורו,גרמים,80.00,100 גרם,false,,14.50,0.1813,false,1,6436
7290002253150,false,קוביות בזיליקום קצוץ דורות 70 גרם,עיצובים 2020 (3.8),IL,בזיליקום קפוא קצוץ ד,גרמים,70.00,100 גרם,false,,11.00,0.1571,true,1,6437
7290002253167,false,פטרוזיליה קצוצה דורות 70 גרם,עיצובים 2020 (3.8),IL,פטרוזליה קצוצה דורות,גרמים,70.00,100 גרם,false,,11.00,0.1571,true,1,6438
7290002253174,false,קוביות שמיר קצוץ דורות 70 גרם,עיצובים 2020 (3.8),IL,שמיר קצוץ דורות,גרמים,70.00,100 גרם,false,,11.00,0.1571,true,1,6439
7290002253181,false,קוביות כוסברה קצוצה דורות 70 גרם,עיצובים 2020 (3.8),IL,כוסברה קצוצה דורות,גרמים,70.00,100 גרם,false,,11.00,0.1571,true,1,6440
7290002253235,false,דורות רוטב פסטו 160 גרם,עיצובים 2020 (3.8),IL,רוטב פסטו דורות,גרמים,160.00,100 גרם,false,,12.90,0.0806,true,1,94938
7290002259640,false,דיימונד רדיד אלומיניום צר 30 ס''מ 7.5 מ'-,ריינולדס מוצרי צריכה,US,רדיד אלומיניום,יחידה,0.00,יחידה,false,,12.90,0.0000,true,1,14471
7290002277248,false,גבינת מון בלאן עם זעתר 120ג',שלושת האופים,IL,מון בלאן עם זעתר,גרמים,120.00,100 גרם,false,,11.50,0.0958,true,1,100055
7290002278528,false,כריות ניקוי שבתכלין ביאנקו שייני 2 יחידות,מ.א ייצור ושיווק מטל,IL,כריות יפניות לשבת,יחידה,0.00,יחידה,false,,7.90,0.0000,true,1,112278
7290002291046,false,המבורגר מסעדות 480 גרם הקצביה בלדי,יוליניבר,IL,המבורגר מסעדות קצביה,גרמים,480.00,100 גרם,false,,22.90,0.0477,true,1,56473
7290002301684,false,צ'דר אנגלי מעושן,,,צ'דר אנגלי מעושן,קילוגרמים,1.00,"ק""ג",true,,130.00,130.0000,true,1,100340
7290002304203,false,קונפיטורה ביתית תות לייט 600 גר,ענבי ציון,IL,קונפיטורה תות שדה לי,גרמים,600.00,100 גרם,false,,22.90,0.0382,true,1,25498
7290002304210,false,קונפיטורה ביתית משמש לייט 600 גר,ענבי ציון,IL,קונפיטורה משמש לייט,גרמים,600.00,100 גרם,false,,22.90,0.0382,true,1,32280
7290002304227,false,קונפיטורה ביתית דובדבן חמוציות לייט 600,ענבי ציון,IL,קונפיטורה דובדבן חמו,גרמים,600.00,100 גרם,false,,22.90,0.0382,true,1,25499
7290002304234,false,קונפיטורה ביתית אוכמניות לייט 600 גר,ענבי ציון,IL,קונפיטורה אוכמניות ל,גרמים,600.00,100 גרם,false,,22.90,0.0382,true,1,37411
7290002304241,false,קונפיטורה ביתית פירות יער לייט 600 גר,ענבי ציון,IL,קונפיטורה פירות יער,גרמים,600.00,100 גרם,false,,22.90,0.0382,true,1,25500
7290002304609,false,קונפיטורה ביתי ענבי ציון תות 600 גרם,ענבי ציון,IL,קונפיטורה תות שדה 60,גרמים,600.00,100 גרם,false,,17.90,0.0298,true,1,25494
7290002304616,false,קונפיטורה ביתית ענבי ציון משמש 600 גרם,ענבי ציון,IL,קונפיטורה משמש 600 ג,גרמים,600.00,100 גרם,false,,17.90,0.0298,false,1,25495
7290002304623,false,קונפיטורה ביתי ענבי ציון פירות יער 600 גר,ענבי ציון,IL,קונפיטורה פירות יער,גרמים,600.00,100 גרם,false,,17.90,0.0298,true,1,25496
7290002304630,false,קונפיטורה ביתי ענבי ציון דובדבן 600 גרם,ענבי ציון,IL,קונפיטורה דובדבן 600,גרמים,600.00,100 גרם,false,,17.90,0.0298,true,1,25501
7290002304654,false,קונפיטורה ביתי ענבי ציון שזיף 600 גרם,ענבי ציון,IL,קונפיטורה שזיף 600 ג,גרמים,600.00,100 גרם,false,,17.90,0.0298,false,1,25502
7290002304661,false,קונפיטורה ביתי ענבי ציון אוכמניות 600 גרם,ענבי ציון,IL,קונפיטורה אוכמניות 6,גרמים,600.00,100 גרם,false,,17.90,0.0298,false,1,37972
7290002304692,false,קונפיטורה ענבי ציון חמוציות ודובדבן 600,ענבי ציון,IL,קונפיטורה ענבי ציון,גרמים,600.00,100 גרם,false,,17.90,0.0298,true,1,104801
7290002317081,false,זיתים נטולי גלעין +20% 670ג A2 מטולה,שימורי מוטולה בעמ,IL,זיתים חרוזית מוטולה,יחידה,0.00,יחידה,false,,7.90,0.0000,false,1,63006
7290002317265,false,מלפפון 650ג במלח +20% 7-9 A2 מטולה,שימורי מוטולה בעמ,IL,מלפפון במלח 7-9 מוטו,גרמים,385.00,100 גרם,false,,5.00,0.0130,true,1,61380
7290002327028,true,ג'חנון שלושת האופים,,,ג'חנון שלושת האופים,,0.00,,false,,10.90,0.0000,true,1,123112
7290002327103,true,ג'חנון שלושת האופים,,,ג'חנון שלושת האופים,,0.00,,false,,14.90,0.0000,true,1,123113
7290002327516,false,גחנון אפוי למיקרו או,אופרה,,ג'חנון אפוי 650 גר',גרמים,650.00,100 גרם,false,,15.90,0.0245,true,1,94677
7290002327608,false,קונכיות בצק אופרה,אופרה,,קונכיות בצק אופרה,גרמים,500.00,100 גרם,false,,18.90,0.0378,false,1,13402
7290002327615,false,ג'חנון 900 גר' אופרה,חסון את לוי,,ג'חנון 900 גר' אופרה,גרמים,900.00,100 גרם,false,,14.50,0.0161,true,1,13403
7290002327622,false,ג'חנון 650 גר אופרה,אופרה,,ג'חנון 650 גר אופרה,גרמים,650.00,100 גרם,false,,12.90,0.0198,false,1,13404
7290002327646,false,מלוואח אופרה 700 ג,אופרה,,מלווח אופרה,גרמים,700.00,100 גרם,false,,13.90,0.0199,false,1,13406
7290002327660,false,"בורקס תפו""א אופרה",חסון את לוי,,"בורקס תפו""א אופרה",גרמים,800.00,100 גרם,false,,14.50,0.0181,false,1,13407
7290002327677,false,בורקס גבינה אופרה,אופרה,,בורקס גבינה אופרה,גרמים,800.00,100 גרם,false,,18.90,0.0236,true,1,13408
7290002327684,false,בצק עלים 1 קג אופרה,אופרה,,בצק עלים 1 קג אופרה,קילוגרמים,1.00,"ק""ג",false,,15.90,15.9000,false,1,13409
7290002327691,false,אופרה בורקס מיני תפו,אופרה,,"מיני בורקס תפו""א",גרמים,800.00,100 גרם,false,,15.90,0.0199,false,1,13410
7290002327707,false,אופרה מיני בורקס גבי,אופרה,,מיני בורקס גבינה,גרמים,800.00,100 גרם,false,,18.90,0.0236,true,1,13411
7290002331025,false,"מים מינרלים נביעות ספורט 500 מ""ל פקדון",נביעות טבע הגליל בעמ,IL,נביעות 0.5 ליטר -,יחידה,500.00,יחידה,false,,2.60,0.0052,true,1,5730
7290002331094,false,"מים מינרליים GO TO נביעות 755 מ""ל",נביעות טבע הגליל בעמ,IL,נביעות 75 0.,יחידה,755.00,יחידה,false,,3.00,0.0040,true,1,5731
7290002331124,false,נביעות+ מים מינרליים בטעם תפוח,נביעות טבע הגליל בעמ,IL,נביעות+ תפוח 0.5 ליט,יחידה,500.00,יחידה,false,,6.00,0.0120,false,1,21780
7290002331155,false,מים נביעות בטעם אפרסק 0.5 ליטר,נביעות טבע הגליל בעמ,IL,נביעות+ אפרסק 0.5 לי,יחידה,500.00,יחידה,false,,6.00,0.0120,false,1,21781
7290002331360,false,"נביעות מים מינרליים טו גו מארז 500X6מ""ל",נביעות טבע,IL,נביעות שישייה 0.5 ל',ליטרים,3.00,ליטר,false,,12.90,4.3000,false,1,5734
7290002331421,false,"שישיית מים מינרליים GO TO נביעות 755 מ""ל",נביעות טבע הגליל בעמ,IL,"נביעות שישיה 750 מ""ל",ליטרים,4.50,ליטר,false,,16.90,3.7556,false,1,5735
7290002331476,false,"נביעות בייבי מים מינרלים 250מ""ל",נביעות,,נביעות אישי בייבי,מיליליטרים,320.00,"100 מ""ל",false,,2.40,0.0075,true,1,67624
7290002331483,false,"שישיית נביעות אישי בייבי 320 מ""ל",נביעות טבע הגליל בעמ,IL,שישייה נביעות אישי ב,ליטרים,1.92,ליטר,false,,13.90,7.2396,true,1,65944
7290002331490,false,מים מינרליים נביעות 1 ליטר,נביעות טבע הגליל בעמ,IL,נביעות 1 ליטר,ליטרים,1.00,ליטר,false,,2.90,2.9000,false,1,67625
7290002331711,false,נביעות+מים מינרליים בטעם ענבים,נביעות טבע הגליל בעמ,IL,נביעות+ ענבים 0.5 לי,יחידה,500.00,יחידה,false,,6.00,0.0120,true,1,29408
7290002341024,false,שלישיית מטליות מיקרופייבר לרצפה,,,מטליות מיקרופייבר לר,יחידה,0.00,יחידה,false,,12.90,0.0000,true,1,115934
7290002345282,false,נתחי פילה סלמון קפוא דלידג,דלידג,IL,נתחי פילה סלמון קפוא,קילוגרמים,1.00,"ק""ג",true,,89.90,89.9000,false,1,108026
7290002348139,false,ארטישוק תחתיות 210 ג' ויליגר,האי נאם סי או אל.טי.,EG,תחתיות ארטישוק 400 ג,גרמים,400.00,100 גרם,false,,9.90,0.0248,true,1,17860
7290002348160,false,תירס גמדי שלם ויליגר 425 ג',גואנגדונג יוזהו פודס,CN,תירס צעיר שלם,גרמים,400.00,100 גרם,false,,6.50,0.0163,true,1,17862
7290002348306,false,קוקטייל פירות ויליגר 850 ג,,,קוקטייל פירות 850 גר,גרמים,850.00,100 גרם,false,,8.90,0.0105,true,1,17868
7290002353225,false,חרדל מאילי דיזון עם,מיילי,FR,חרדל דיז'ון בדבש,גרמים,210.00,100 גרם,false,,13.50,0.0643,true,1,99537
7290002353249,false,חרדל דיז'ון מיילי 345 גרם,מיוצר עי קונדיטוריית,FR,דיג'ונז מייל 345 גר,גרמים,345.00,100 גרם,false,,20.90,0.0606,true,1,105293
7290002353836,false,סרדינים רוברט בשמן זית 115 גרם,קונסרבס פורטוגל נורטה,PT,סרדין רוברטס בשמן זי,גרמים,120.00,100 גרם,false,,7.90,0.0658,true,1,17872
7290002360124,false,חליטת צמחים ורד הבר והיביסקוס פומפדור 20 יחידות,TEEKANNE- POMPADOU,DE,תה צמחים פומפדור 20,גרמים,30.00,100 גרם,false,,15.90,0.5300,true,1,8299
7290002360155,false,חליטת תה פרחי שומר פומפדור 20 שקיקים,TEEKANNE- POMPADOU,DE,תה פומפדור שומר 20 ש,גרמים,40.00,100 גרם,false,,15.90,0.3975,true,1,8301
7290002360278,false,חליטת צמחים פומפדור מנטה 20 יחידות,"איטיליאן פוד, אס.פי.",DE,תה פומפדור מינטה,גרמים,45.00,100 גרם,false,,15.90,0.3533,true,1,8305
7290002360285,false,חליטת צמחים פומפדור קמומיל 20 יחידות,TEEKANNE- POMPADOU,DE,חליטת תה קמומיל פומפ,גרמים,30.00,100 גרם,false,,15.90,0.5300,true,1,8306
7290002371533,false,דקניקים סלסולי פסטרמה דבש טירת צבי 120 גרם,הנסיך- מפעל לייצור ט,IL,סילסולי פסטרמה ודבש,יחידה,0.00,יחידה,false,,15.90,0.0000,true,1,65557
7290002371540,false,דקניקים קורנדביף ללא גלוטן טירת צבי 120 גרם,הנסיך- מפעל לייצור ט,IL,קורנדביף 120 גר',גרמים,120.00,100 גרם,false,,15.90,0.1325,true,1,65558
7290002371571,false,פסטרמה פרגיות לבאגט במשקלטירת צבי,טירת- צבי,IL,פסטרמה פרגיות טירת צ,קילוגרמים,1.00,"ק""ג",true,,84.90,84.9000,false,1,36075
7290002374268,false,שמן חמניות מילומור 1 ליטר,שמן תעשיות,IL,שמן חמניות מילומ,ליטרים,1.00,ליטר,false,,10.90,10.9000,false,1,18689
7290002374312,false,"שמן קנולה מילומור 1 ל' עד""ח","נארז ע""י : א.ג. גילר",IL,שמן קנולה מילומו,ליטרים,1.00,ליטר,false,,10.90,10.9000,false,1,18690
7290002374640,false,שמן בריאות קנולה פלוס אומגה 3 עץ הזית 1 ליטר,שמן תעשיות,EE,שמן קנולה פלוס אומגה,ליטרים,1.00,ליטר,false,,14.90,14.9000,false,1,70292
7290002385196,false,רוקפור דייניש בלו29%משקל,מחלבות גד,DK,רוקפור מחלבת גד,קילוגרמים,1.00,"ק""ג",true,,135.90,135.9000,true,1,100667
7290002385455,false,בולגרית מעודנת 24% במשקל,מחלבות גד,IL,בולגרית 24% גד מעוד,קילוגרמים,1.00,"ק""ג",true,,64.90,64.9000,false,1,103053
7290002385738,false,גבינת מנצ'גו משולשים גד,מחלבות גד,IL,גבינת מנצ'גו משולשים,קילוגרמים,1.00,"ק""ג",true,,155.90,155.9000,true,1,57210
7290002385745,false,גבינת פיקורינו משולשים גד,מחלבות גד,IL,פיקורינו משולשים גד,קילוגרמים,1.00,"ק""ג",true,,155.90,155.9000,true,1,57211
7290002395300,false,כדורי מוצרלה גדולים,משק צוריאל,,כדורי מוצרלה גדולים,קילוגרמים,1.00,"ק""ג",true,,89.90,89.9000,true,1,61355
7290002395317,false,מוצרלה בייבי צוריאל,משק צוריאל,,מוצרלה בייבי צוריאל,קילוגרמים,1.00,"ק""ג",true,,89.90,89.9000,true,1,117839
7290002395409,false,גבינה צהובה 28% נועם,החברה המרכזית,,גבינה צהובה נעם 28%,קילוגרמים,1.00,"ק""ג",true,,44.79,44.7900,false,1,62962
7290002395416,false,גבינה צהובה נעם 9%,החברה המרכזית,,גבינה צהובה נעם 9%,קילוגרמים,1.00,"ק""ג",true,,76.90,76.9000,false,1,63100
7290002395423,false,גבינה צהובה 22% נועם,החברה המרכזית,,גבינה צהובה נעם 22%,קילוגרמים,1.00,"ק""ג",true,,42.58,42.5800,false,1,62963
7290002407034,false,"זית סורי מבוקע ג""השא",ג'השאן,IL,זית סורי מבוקע 800 ג,גרמים,800.00,100 גרם,false,,18.90,0.0236,false,1,8931
7290002407102,false,זית סנטה גדול ג'השאן 800 ג',ג'השאן,IL,זית סנטה גדול 800 גר,גרמים,800.00,100 גרם,false,,18.90,0.0236,false,1,39807
7290002407348,false,"שמן זית כתית מעולה 750 מ""ל ג'השאן",משק משפחת ג'השאן,IL,שמן זית 750 ג'השאן,מיליליטרים,750.00,"100 מ""ל",false,,29.90,0.0399,false,1,8937
7290002407454,false,שמן זית כתית מעולה ס,,,שמן זית 750 זן סורי,מיליליטרים,750.00,"100 מ""ל",false,,36.90,0.0492,false,1,42598
7290002407461,false,שמן זית כתית מעולה ג,ג'השאן,,שמן זית 750 זן נבאלי,מיליליטרים,750.00,"100 מ""ל",false,,36.90,0.0492,true,1,42251
7290002410713,false,קישקע ממולא קפוא 500גרם,לאטי עזרא גלם ודגים,IL,קישקע ממולא 500 גר',גרמים,500.00,100 גרם,false,,10.90,0.0218,true,1,32121
7290002410874,false,רבעי פרגיות ממולאות קג,לאטי עזרא גלם ודגים,IL,רבעי פרגיות ממולא (מ,קילוגרמים,1.00,"ק""ג",true,,51.90,51.9000,true,1,35378
7290002447214,false,מח עצם,,,מח עצם,קילוגרמים,1.00,"ק""ג",true,,37.90,37.9000,false,1,19499
7290002447405,false,בקר טחון,,,בקר טחון,קילוגרמים,1.00,"ק""ג",true,,65.00,65.0000,false,1,19502
7290002447412,false,כבד עגל טרי א.א במשקל,תנובה,IL,כבד עגל טרי לצליה בל,קילוגרמים,1.00,"ק""ג",true,,34.90,34.9000,false,1,19503
7290002447429,false,חזה עגל טרי,,,חזה עגל טרי,קילוגרמים,1.00,"ק""ג",true,,49.90,49.9000,true,1,19504
7290002447436,false,כתף עגל טרי,,,כתף עגל טרי,קילוגרמים,1.00,"ק""ג",true,,75.00,75.0000,false,1,19505
7290002447443,false,צלי כתף עגל,,,צלי כתף עגל,קילוגרמים,1.00,"ק""ג",true,,89.90,89.9000,false,1,19506
7290002447450,false,פילה מדומה לקדירה,,,פילה מדומה לקדירה,קילוגרמים,1.00,"ק""ג",true,,79.90,79.9000,false,1,9182
7290002447467,false,אסדו עגל טרי,,,אסדו עגל טרי,קילוגרמים,1.00,"ק""ג",true,,55.00,55.0000,false,1,19507
7290002447474,false,צוואר עגל טרי.,,,צוואר עגל טרי.,קילוגרמים,1.00,"ק""ג",true,,74.90,74.9000,false,1,19508
7290002447481,false,צא'ך עגל טרי,אדום אדום,,צא'ך עגל טרי,קילוגרמים,1.00,"ק""ג",true,,74.90,74.9000,false,1,19509
7290002447498,false,ויסבראטן עגל טרי,אדום אדום,,ויסבראטן עגל טרי,קילוגרמים,1.00,"ק""ג",true,,74.90,74.9000,false,1,19510
7290002447528,false,אווזית לקדירה,אדום אדום,,אווזית לקדירה,קילוגרמים,1.00,"ק""ג",true,,74.90,74.9000,false,1,19513
7290002447542,false,אנטריקוט עגל טרי,אדום אדום,,אנטריקוט עגל טרי,קילוגרמים,1.00,"ק""ג",true,,159.00,159.0000,false,1,9183
7290002447559,false,סינטה עגל טרי,אדום אדום,,סינטה עגל טרי,קילוגרמים,1.00,"ק""ג",true,,129.00,129.0000,false,1,9184
7290002447566,false,אוסובוקו עגל טרי א.א קג,תנובה,IL,אוסובוקו עגל טרי,קילוגרמים,1.00,"ק""ג",true,,55.00,55.0000,false,1,19514
7290002447573,false,שייטל עגל טרי,אדום אדום,,שייטל עגל טרי,קילוגרמים,1.00,"ק""ג",true,,84.90,84.9000,false,1,19515
7290002447597,false,שריר הזרוע,,,שריר הזרוע,קילוגרמים,1.00,"ק""ג",true,,75.00,75.0000,true,1,19516
7290002447887,false,צוואר עם עצם,,,צוואר עם עצם,קילוגרמים,1.00,"ק""ג",true,,49.90,49.9000,false,1,19517
7290002447894,false,סטייק עם עצם,,,סטייק עם עצם,קילוגרמים,1.00,"ק""ג",true,,120.00,120.0000,false,1,19518
7290002460060,false,קמח לבן 1קג מן,מן,,קמח לבן 1קג מן,יחידה,1.00,יחידה,false,,3.90,3.9000,false,1,13695
7290002461562,false,מיני מרגז מעדני הטלה,מעדני הטלה והעגל,IL,מיני מרגז מעדני הטלה,גרמים,500.00,100 גרם,false,,22.90,0.0458,true,1,66743
7290002479109,false,"דבש פרחי בר עמק חפר 1 ק""ג",מכוורת עמק חפר,IL,"דבש 1 ק""ג עמק חפ",יחידה,1.00,יחידה,false,,47.90,47.9000,true,1,61226
7290002479352,false,דבש טהור מפרחי בר עמק חפר 350 גרם,מכוורת עמק חפר,IL,דבש עמק חפר טהור פרח,גרמים,350.00,100 גרם,false,,18.50,0.0529,true,1,41748
7290002479925,false,דבש מפרחי הדרים לחיץ 350 גרם,מכוורת עמק חפר,IL,דבש טהור מפרחי בר עמ,גרמים,350.00,100 גרם,false,,21.90,0.0626,true,1,42169
7290002502203,false,בורקס גבינה,בונז'ור,,בורקס גבינה,קילוגרמים,1.00,"ק""ג",true,,42.00,42.0000,true,1,14368
7290002507451,false,קציצות דג סלמון דלידג 750 גר',דלידג בעמ,IL,קציצות סלמון לבישול,גרמים,750.00,100 גרם,false,,31.90,0.0425,true,1,105199
7290002507604,false,פיצה שגב השף מאיטליה 350 גרם,האי נאם סי או אל.טי.,IT,פיצת השף מאיטליה 320,גרמים,320.00,100 גרם,false,,14.90,0.0466,true,1,104919
7290002515333,false,"ד""ר פישר - קמיל בלו סנסיטיב אל סבון עדין לתינוק 500 מ""ל",פישר מעבדות פרמצבטיות בע,IL,קמיל פלוס 500,יחידה,500.00,יחידה,false,,17.90,0.0358,true,1,10748
7290002515371,false,"קמיל בלו אל סבון לתינוקות ד""ר פישר 1 ליטר",פישר מעבדות פרמצבטיות בע,IL,קמיל בלו קלאסיק אל ס,ליטרים,1.00,ליטר,false,,26.90,26.9000,true,1,10749
7290002517269,false,"פלפל שחור שלם 350 גרם ""טעם וריח""",תות ממתקי איכות,IL,פלפל שחור שלם מיכל ק,גרמים,35.00,100 גרם,false,,9.50,0.2714,true,1,26712
7290002517276,false,פלפל אנגלי שלם 25 גר' טעם וריח,תות ממתקי איכות,IL,מיכל קטן פלפל אנגלי,גרמים,25.00,100 גרם,false,,5.50,0.2200,true,1,25918
7290002517290,false,תבלין קינמון טחון 40 גר' מיכל,"תבליני טעם וריח בע""מ",IL,קינמון טחון מיכל קטן,גרמים,40.00,100 גרם,false,,5.50,0.1375,true,1,25546
7290002517337,false,אורגנו עלים 20 גר' טעם וריח,"תבליני טעם וריח בע""מ",IL,עשבי תיבול שקיות,גרמים,30.00,100 גרם,false,,5.90,0.1967,true,1,13736
7290002517375,false,בזילקום עלים 30 גר' טעם וריח,"תבליני טעם וריח בע""מ",IL,בזיליקום שקית 30 גר',גרמים,30.00,100 גרם,false,,5.90,0.1967,true,1,29873
7290002517566,false,"תערובת תיבול לדג 80 גרם ""טעם וריח""",תות ממתקי איכות,IL,תערובת תיבול לדג,גרמים,80.00,100 גרם,false,,9.00,0.1125,true,1,23652
7290002517580,false,"תערובת תיבול לעוף 80 גרם ""טעם וריח""",תות ממתקי איכות,IL,תערובת תיבול לעוף,גרמים,80.00,100 גרם,false,,9.00,0.1125,true,1,23649
7290002517603,false,בזיליקום ריחן 10 גרם,"תבליני טעם וריח בע""מ",IL,בזיליקום מיכל קטן,גרמים,10.00,100 גרם,false,,5.50,0.5500,true,1,26847
7290002517689,false,תבלין קרי 40 גרם מיכל קטן,תות ממתקי איכות,IL,אבקת קרי במיכל,גרמים,40.00,100 גרם,false,,5.50,0.1375,true,1,26522
7290002517726,false,קינמון מקלות 15 גר' טעם וריח,"תבליני טעם וריח בע""מ",IL,מקלות קינמון במיכל,גרמים,15.00,100 גרם,false,,5.50,0.3667,true,1,27466
7290002517733,false,תבלין קצח טעם וריח 4,תות ממתקי איכות,IL,קצח מיכל קטן,גרמים,40.00,100 גרם,false,,5.50,0.1375,true,1,25540
7290002517801,false,תבלין צ'ילי כתוש - חריף (פלפל קיינה) 30 ג',"תבליני טעם וריח בע""מ",IL,צ'ילי כתוש-חריף מיכל,גרמים,30.00,100 גרם,false,,5.50,0.1833,true,1,25542
7290002517825,false,"פלפל לבן טחון 40 גרם ""טעם וריח""","תבליני טעם וריח בע""מ",IL,פלפל לבן טחון במיכל,גרמים,40.00,100 גרם,false,,9.50,0.2375,true,1,27467
7290002542506,false,"בקבוק בירה קורונה 355 מ""ל",קריניציה ויטמינה אס,MX,קורונה בירה בקבוק 35,מיליליטרים,355.00,"100 מ""ל",false,,10.00,0.0282,true,1,39524
7290002542780,false,"שישייה בירה סטלה ארטואה בקבוק 330X6 מ""ל","אינבב, ברוורייפליין",BE,שישיה בירה סטלה בק',מיליליטרים,1980.00,"100 מ""ל",false,,29.90,0.0151,false,1,185792
7290002542841,false,"שישייה בירה לף בלונד בקבוק 330X6 מ""ל","אינבב, ברוורייפליין",BE,שישיית בירה לף בלונד,ליטרים,1.98,ליטר,false,,44.90,22.6768,false,1,187161
7290002543046,false,קלוגס פרוסטיס דגנים וסוכר 750ג',קלוג מנייופרטורינג א,ES,דגני קלוגס פרוסטיס 7,גרמים,750.00,100 גרם,false,,17.90,0.0239,false,1,8323
7290002543237,false,דגני בוקר קלוגס קורנפלקס 750 גרם,קלוגס קומפני אוף גרייט ב,GB,קורנפלקס קלוגס 750 ג,גרמים,750.00,100 גרם,false,,13.90,0.0185,false,1,8331
7290002551003,false,סטארקיסט טונה בשמן בודד 160ג',סטאר קיסט,IL,טונה סטארקיסט בשמן 1,גרמים,160.00,100 גרם,false,,6.60,0.0412,false,1,15903
7290002579397,false,נייר ארונות צבעוני מצופה,,,נייר ארונות,יחידה,0.00,יחידה,false,,7.90,0.0000,true,1,188251
7290002596523,false,סטייק אנטריקוט משובח,לאטי עזרא גלם ודגים,IL,סטייק אנטריקוט משובח,קילוגרמים,1.00,"ק""ג",true,,84.90,84.9000,true,1,43792
7290002603634,false,"פיצה משולש תפזורת בד""צ 80ג'",שלושת האופים,IL,פיצה משולש תפזורת,גרמים,80.00,100 גרם,false,,2.40,0.0300,false,1,108686
7290002603689,false,בורקס פילו שגב XL תפוא שגב 450 גרם לנדא,שלושת האופים שגמור,IL,מקלות פילו אקסטרא לא,גרמים,450.00,100 גרם,false,,21.00,0.0467,true,1,108404
7290002618263,false,טבעות בצל שף הטבע,משק ויילר,IL,טבעות בצל 600 גר,גרמים,600.00,100 גרם,false,,15.90,0.0265,true,1,118474
7290002621324,false,צלעות כבש מוכשר,,,צלעות כבש מוכשר,קילוגרמים,1.00,"ק""ג",true,,130.00,130.0000,true,1,41729
7290002627210,false,גפילטע פיש קציצות מדגי קרפיון וכסיף בצנצנת 560 גרם,האי נאם סי או אל.טי.,IL,גפילטע פיש צנצנת דלי,גרמים,560.00,100 גרם,false,,10.90,0.0195,false,1,115761
7290002628088,false,טחון הודו בלדי 500 גרם,בלדי,,טחון הודו בלדי,גרמים,500.00,100 גרם,false,,9.90,0.0198,true,1,55800
7290002628248,false,שוקיים עוף קפוא בלדי,בלדי,,שוקיים עוף קפוא בלדי,קילוגרמים,1.00,"ק""ג",true,,31.90,31.9000,true,1,56470
7290002628255,false,כרעיים עוף קפוא בלדי,בלדי,,כרעיים עוף קפוא בלדי,קילוגרמים,1.00,"ק""ג",true,,28.90,28.9000,false,1,56471
7290002628293,false,טחון עוף קפוא 500 גרם בלדי,בלדי,IL,טחון עוף בלדי 500 גר,גרמים,500.00,100 גרם,false,,9.90,0.0198,true,1,55801
7290002628453,false,פילה מדומה מס' 6 קפו,בלדי,,פילה מדומה מס' 6 קפו,קילוגרמים,1.00,"ק""ג",true,,49.90,49.9000,true,1,7420
7290002628484,false,כנפיים עוף קפוא בלדי,בלדי,,כנפיים עוף קפוא בלדי,קילוגרמים,1.00,"ק""ג",true,,13.90,13.9000,true,1,56472
7290002654612,false,סחלב - חלב ישראל 500 גרם,,,תערובת להכנת סחלב,גרמים,400.00,100 גרם,false,,17.50,0.0438,true,1,9383
7290002654667,false,תערובת להכנת עוגת וניל כהאנס 560ג',י.כהן,,תערובת לעוגת וני,גרמים,560.00,100 גרם,false,,12.90,0.0230,true,1,20439
7290002654674,false,תערובת להכנת עוגת שוקולד כהאנס 560ג',י.כהן,,תערובת לעוגת שוק,גרמים,560.00,100 גרם,false,,12.90,0.0230,true,1,13985
7290002654681,false,תערובת להכנת כדורי שוקולד 500ג',י.כהן,IL,כדורי שוקולד 500,גרמים,500.00,100 גרם,false,,13.50,0.0270,true,1,13986
7290002674221,false,"אקווה פרש משחת שינים משאבה מנטה 100 מ""ל",גלקסו סמית קליין,GB,אקווה פרש משאבה,גרמים,100.00,100 גרם,false,,16.90,0.1690,true,1,14476
7290002680451,false,כבד פטם טרי ארוז,,,כבד פטם טרי ארוז,קילוגרמים,1.00,"ק""ג",true,,16.90,16.9000,true,1,80560
7290002680475,false,לב פטם טרי ארוז,,,לב פטם טרי ארוז,קילוגרמים,1.00,"ק""ג",true,,24.90,24.9000,false,1,112345
7290002688532,false,ירך הודו זכר,,,ירך הודו זכר,קילוגרמים,1.00,"ק""ג",true,,57.90,57.9000,false,1,27399
7290002692393,false,שמן קנולה מזוכך מועשר עץ הזית 1 ליטר,שמן תעשיות בעמ,EE,שמן קנולה ויטמין E,ליטרים,1.00,ליטר,false,,14.90,14.9000,false,1,18694
7290002692478,false,"שמן זית כתית מעולה קלאסי מעודן 750 מ""ל עץ הזית","מרקאולאו, ספרד.אבסה,",IT,שמן זית כתית מעולה 7,יחידה,750.00,יחידה,false,,29.90,0.0399,false,1,18699
7290002692768,false,"תרסיס שמן קנולה מזוכך ללא תוספת גז עץ הזית 200 מ""ל",טרנסומס פוד איי בי,IT,תרסיס שמן קנולה,יחידה,200.00,יחידה,false,,14.90,0.0745,false,1,33454
7290002692775,false,"תרסיס שמן קנולה בטעם חמאה עץ הזית 200 מ""ל",קומפניה,IT,תרסיס שמן טעם חמאה,מיליליטרים,200.00,"100 מ""ל",false,,14.90,0.0745,false,1,113214
7290002692782,false,"תרסיס שמן זית כתית מעולה ללא תוספת גז עץ הזית 150 מ""ל",י.ב טכנולוגיות אריזה,IT,תרסיס שמן זית,יחידה,200.00,יחידה,false,,14.90,0.0745,false,1,33456
7290002715375,false,קבב יווני טיבון ויל 400 גרם,טיבון ויל אחזקות בעמ,IL,קבב יווני 400,גרמים,400.00,100 גרם,false,,18.90,0.0472,false,1,17882
7290002715504,false,ארוחת נודלס בטעם עוף מג'יק 70 גרם,טאט הוי פוד בעמ,SG,מרק מג'יק,מיליליטרים,70.00,"100 מ""ל",false,,5.00,0.0714,false,1,17884
7290002715511,false,ארוחת נודלס בטעם בשר מג'יק 70 גרם,טאט הוי פוד בעמ,SG,מרק מג'יק,גרמים,70.00,100 גרם,false,,5.00,0.0714,false,1,17885
7290002715528,false,ארוחת נודלס בטעם ירקות מג'יק 70 גרם,טאט הוי פוד בעמ,SG,מרק מג'יק,גרמים,70.00,100 גרם,false,,5.00,0.0714,false,1,17886
7290002715580,false,ארוחת נודלס בטעם סיני חריף מג'יק 70 גרם,טאט הוי פוד בעמ,SG,מרק מגיק,גרמים,70.00,100 גרם,false,,5.00,0.0714,false,1,17888
7290002730262,false,"נוזל לניקוי כלים קלאסי פלמוליב 750 מ""ל",יבואן ומשווק: ש. שסט,GR,פלמוליב קריסטל,מיליליטרים,750.00,"100 מ""ל",false,,9.90,0.0132,false,1,7949
7290002730521,false,צימרוני אוזניים בלונס בקופסא 200 יח',קריות זול,GR,צמרונים 200יח,יחידה,0.00,יחידה,false,,5.90,0.0000,true,1,8105
7290002730675,false,"קולגייט משחת שיניים אדומה משפחתי 100 מ""ל",קולגייט-פלמוליב,PL,משחת שיניים קולגייט,מיליליטרים,100.00,"100 מ""ל",false,,10.90,0.1090,false,1,7953
7290002730811,false,"משחת שיניים ג'ל פסים מרעננים קולגייט 100 מ""ל",הנסיך- מפעל לייצור ט,PL,משחת שיניים קולגייט,מיליליטרים,100.00,"100 מ""ל",false,,11.90,0.1190,false,1,7954
7290002730903,false,פלמוליב סבון מוצק ורדים רביעייה * 125 ג',הנסיך- מפעל לייצור ט,TR,סבון פלמוליב מוצ,גרמים,500.00,100 גרם,false,,17.00,0.0340,true,1,7956
7290002730941,false,כדורי צמר גפן בלונס 100 יחידות,הנסיך- מפעל לייצור ט,GR,בלונס צמר גפן,גרמים,100.00,100 גרם,false,,5.90,0.0590,true,1,8109
7290002730958,false,סבון מוצק בניחוח זיתים ואלוורה פלמוליב 4*100 גרם,הנסיך- מפעל לייצור ט,TR,סבון פלמוליב מוצ,גרמים,400.00,100 גרם,false,,17.00,0.0425,true,1,7959
7290002735007,false,"בצק עלים מרודד ינון 1 ק""ג",קפוא-זן,,בצק עלים ינון,יחידה,1.00,יחידה,false,,13.90,13.9000,true,1,35534
7290002735014,false,מלוואח ארוז ינון 800 גר',ג'נרל מילס סאן אדריא,IL,מלווח ינון,גרמים,800.00,100 גרם,false,,13.90,0.0174,true,1,19190
7290002735021,false,ג'חנון קפוא ינון 750 גרם,ג'נרל מילס סאן אדריא,IL,ג'חנון ינון,גרמים,750.00,100 גרם,false,,13.90,0.0185,true,1,19191
7290002735113,false,בורקס גבינה ינון 800 גר,,,בורקס גבינה יינון,גרמים,800.00,100 גרם,false,,16.90,0.0211,true,1,30400
7290002735120,false,"בורקס תפו""א ינון 800 גר",,,"בורקס תפו""א ינון 800",גרמים,800.00,100 גרם,false,,13.90,0.0174,true,1,30401
7290002735205,false,בורקס פיצביס ינון 800 גר',,,בורקס פיצביס ינון,גרמים,800.00,100 גרם,false,,18.90,0.0236,true,1,104040
7290002735274,false,ג'חנון אפוי ינון 600 גרם,ג'נרל מילס סאן אדריא,IL,ג'חנון יינון אפוי 60,גרמים,600.00,100 גרם,false,,16.90,0.0282,true,1,23642
7290002752332,false,"סוכריות מנטוס פירות בגליל, 37.5 גרם",הדקלאים אגודת שיתופי,NL,מנטוס פירות,גרמים,37.50,100 גרם,false,,2.90,0.0773,true,1,12733
7290002752349,false,סוכריות מנטוס מנטה 40יח' בגליל 38ג',פרפטי ואן מלה,NL,מנטוס מנטה,גרמים,37.50,100 גרם,false,,2.90,0.0773,true,1,12734
7290002753995,false,סוכריות עדשים לקישוט עוגה וורנר 6*25 גרם,היינץ צפון אמריקה מק,DE,קישוטי שוקולד,גרמים,150.00,100 גרם,false,,15.90,0.1060,true,1,12739
7290002757511,false,דלידג קציצות דג לבישול 750 גר קהילות,האי נאם סי או אל.טי.,IL,קציצות דג לבישול,גרמים,750.00,100 גרם,false,,31.90,0.0425,true,1,35772
7290002757535,false,בורקס פילו אצבעות גבינה שלושת האופים 700 גרם,שלושת האופים שגמור,IL,שלושת האופים בורקס פ,גרמים,700.00,100 גרם,false,,19.90,0.0284,true,1,35850
7290002768036,false,"מי פה תיאדנט ענק מונע עששת 150מ""ל",אמיליה קוסמטיקס,IL,תיאדנט מיפה ענק,מיליליטרים,150.00,"100 מ""ל",false,,17.90,0.1193,true,1,16791
7290002768074,false,אל סבון נוזלי רגיל דרמפון 1 ליטר,"אמיליה קוסמטיקס בע""מ",IL,דרמפון,ליטרים,1.00,ליטר,false,,15.90,15.9000,true,1,16793
7290002768159,false,"קצף אמבט בת אורן קרליין 500 מ""ל",פארק תעשיות עמק חפרמ,IL,בת אורן,מיליליטרים,500.00,"100 מ""ל",false,,15.90,0.0318,true,1,16794
7290002771104,false,קפה עם הל אל נחלה 500 גרם,מולינו ניקולי s.p.a,IL,קפה שחור אלנחלה 500,גרמים,500.00,100 גרם,false,,29.90,0.0598,false,1,39702
7290002771128,false,קפה אלנח'לה בלי הל 250 ג',מולינו ניקולי s.p.a,IL,קפה שחור אלנחלה 250,גרמים,250.00,100 גרם,false,,14.90,0.0596,true,1,6837
7290002782131,false,"פנינה רוזנבלום - דאודורנט ספריי לאישה מס' 1 150 מ""ל",פנינה רוזנבלום,IL,דאוד'פנינה רוזנב,מיליליטרים,150.00,"100 מ""ל",false,,22.90,0.1527,true,1,16279
7290002782735,false,"דאודורנט ספריי לגבר מס' 1 180 מ""ל פנינה רוזנבלום",פנינה רוזנבלום,IL,דאו'לגבר פנינה,מיליליטרים,80.00,"100 מ""ל",false,,15.90,0.1988,true,1,16280
7290002782742,false,"פנינה רוזנבלום - דאודורנט ספריי לאישה מס' 2 150 מ""ל",פנינה רוזנבלום,IL,דאו'פנינה ספריי,מיליליטרים,150.00,"100 מ""ל",false,,15.90,0.1060,true,1,16281
7290002782759,false,"פנינה קרם גוף רוזנבלום 400 מ""ל",פנינה רוזנבלום,IL,קרם גוף פנינה,מיליליטרים,400.00,"100 מ""ל",false,,22.90,0.0572,true,1,21040
7290002793311,false,שירות והחלפה מילוי גז 60 סודהסטרים,סודה סטרים,IL,מילוי גז לבלון 60ליט,יחידה,0.00,יחידה,false,,56.90,0.0000,false,1,39555
7290002800361,false,המבורגר מסעדות בואקו,מעדני הטלה והעגל,IL,המבורגר מסעדות 500 ג,גרמים,500.00,100 גרם,false,,22.90,0.0458,true,1,43795
7290002808398,false,חומץתפוחי עץ טבעי 47,אולד דאץ,US,חומץ תפוחים 5%,יחידה,473.00,יחידה,false,,8.90,0.0188,true,1,31167
7290002808527,false,"חומץ תפוחים טבעי 5% אולד דאצ' 946 מ""ל",אולד דטש,US,חומץ תפוחים,ליטרים,1.00,ליטר,false,,13.90,13.9000,true,1,36029
7290002814016,false,"מסיר שומנים מתז 750 מ""ל סנט מוריץ כשל""פ עד""ח","קומפלקס כימיקלים בע""",IL,מסיר שומנים,מיליליטרים,750.00,"100 מ""ל",false,,14.90,0.0199,false,1,13301
7290002814078,false,סנט מוריץ נוזל לניקוי אמבט אנטרטיק 1ל',"קומפלקס כימיקלים בע""",IL,אנטרטיק אסלות,ליטרים,1.00,ליטר,false,,7.90,7.9000,true,1,13303
7290002814283,false,"מילוי מכשיר אוויר 250 מ""ל fashion imagination סנט מוריץ",סורה קוסמטיקס,TR,מטהר אוויר למכשיר או,מיליליטרים,250.00,"100 מ""ל",false,,9.90,0.0396,true,1,188932
7290002814290,false,קצף מרוכז blanco בניחוח לימון משמיד 99.9% חיידקים סנט מוריץ 1 ליטר,קומפלקס כימיקלים בעמ,IL,קצף מרוכז אקונומיקה,ליטרים,1.00,ליטר,false,,9.90,9.9000,true,1,186946
7290002814412,false,סנט מוריץ נוזל כלים 1.6 ליטר לימון ליים 18%,קומפלקס כימיקלים בעמ,IL,נוזל כלים 1.5 ליטר ל,ליטרים,1.50,ליטר,false,,9.90,6.6000,true,1,105372
7290002814436,false,סנט מוריץ נוזל כלים 1.6 ליטר לימון 18%,,IL,נוזל כלים 1.5 ליטר ל,ליטרים,1.50,ליטר,false,,9.90,6.6000,true,1,105375
7290002814542,false,סנט מוריץ שקיות אשפה 75*90 -25 יח',קומפלקס כימיקלים בעמ,CN,אשפתון סנט מוריץ 90*,יחידה,0.00,יחידה,false,,9.90,0.0000,true,1,120931
7290002814580,false,טורנדו גרגירים לפתיחת סתימות 200 גרם,"קומפלקס כימיקלים בע""",IL,טורנדו גרגירים לפתיח,גרמים,200.00,100 גרם,false,,12.90,0.0645,true,1,105545
7290002814597,false,סנט מוריץ טורנדו נוזל לפתיחת סתימות 1 לי,קומפלקס כימיקלים,IL,טורנדו נוזל לפתיחת ס,ליטרים,1.00,ליטר,false,,13.90,13.9000,true,1,102859
7290002814603,false,"סנט מוריץ - מרסס מסיר שומנים קר מבושם לימון 750 מ""ל",קומפלקס כימיקלים בעמ,IL,מסיר שומנים מבושם 75,מיליליטרים,750.00,"100 מ""ל",false,,11.90,0.0159,false,1,107097
7290002814665,false,סנט מוריץ - מרסס מסיר עובש 1 ליטר,קומפלקס כימיקלים,IL,מסיר עובש 1 ליטר סנט,ליטרים,1.00,ליטר,false,,9.90,9.9000,true,1,126613
7290002814849,false,סנט מוריץ סבון אסלה שלישייה כחול אוקיינוס,,TR,סבון אסלה מרוכז כחול,יחידה,0.00,יחידה,false,,9.90,0.0000,true,1,123025
7290002814870,false,"סנט מוריץ - מרסס מסיר שומנים קר מבושם לוונדר\פרחים 750 מ""ל",קומפלקס כימיקלים בעמ,IL,מסיר שומנים בניחוח פ,מיליליטרים,750.00,"100 מ""ל",false,,11.90,0.0159,true,1,113503
7290002814917,false,סנט מוריץ שמפו רצפות בניחוח לבנדר 4 ליטר,קומפלקס כימיקלים,IL,נוזל לניקוי רצפות 4,ליטרים,4.00,ליטר,false,,13.90,3.4750,true,1,69181
7290002814931,false,סנט מוריץ שמפו רצפות בניחוח פרחים 4 ליטר - מרכז,"קומפלקס כימיקלים בע""",IL,סנט מוריץ לרצפות,ליטרים,4.00,ליטר,false,,14.90,3.7250,true,1,13316
7290002814948,false,סנט מוריץ מגבוני דלי לרצפה 50 יחידות עם חור,קומפלקס כימיקלים,IL,מגבונים לריצפה 50 יח,יחידה,0.00,יחידה,false,,29.90,0.0000,true,1,190398
7290002824183,false,"גבינה לבנה סקי 500 גרם 5% ""שטראוס"" -מוצר בפיקוח",מיוצר עי קונדיטוריית,IL,גבינת סקי 5% 500 גרם,גרמים,500.00,100 גרם,false,,9.96,0.0199,false,1,7517
7290002824466,false,יוגורט דנונה ביו לבן 0% שומן 200 גרם,"שטראוס בריאות בע""\מ",IL,דנונה טבעי 0%,מיליליטרים,200.00,"100 מ""ל",false,,3.50,0.0175,true,1,7518
7290002824640,false,"גבינת סקי 250 גרם 5% ""שטראוס"" -מוצר בפיקוח",מיוצר עי קונדיטוריית,IL,גבינה סקי 5%,גרמים,250.00,100 גרם,false,,4.98,0.0199,false,1,7520
7290002830184,false,פילה לברק קפוא במשקל.,תנובה,IL,פילה לברק 7-9,קילוגרמים,1.00,"ק""ג",true,,51.90,51.9000,true,1,63398
7290002830948,false,גבינת עיזים מותכת 30% מון בלאן 120 גרם,סלס קרית מלאכי ישראל,IL,מון בלאן עיזים 30% -,גרמים,120.00,100 גרם,false,,11.90,0.0992,true,1,40802
7290002842293,false,סרדין מינרבה חריף 120 גרם,יו.אס.איי וליו קו,,סרדינים בשמן חמניות,גרמים,120.00,100 גרם,false,,6.20,0.0517,true,1,10866
7290002842309,false,סרדין מינרבה בשמן 120 גרם,יו.אס.איי וליו קו,,סרדינים מינרבה בשמן,גרמים,82.00,100 גרם,false,,6.20,0.0756,true,1,10867
7290002842415,false,פילה אנשובי אמיתי 50 גרם,יו.אס.איי וליו קו,,פילה אנשובי,גרמים,56.00,100 גרם,false,,6.50,0.1161,true,1,10868
7290002859512,false,חזה אווז ארוז - 12קג,שונות,HU,חזה אווז קפוא,קילוגרמים,1.00,"ק""ג",true,,165.00,165.0000,false,1,70774
7290002868996,false,"קוטג' 5% שומן, רכיבים טבעיים, 250 גרם",קריות זול,IL,קוט'ג ביו 5% טרה,גרמים,250.00,100 גרם,false,,5.90,0.0236,false,1,5745
7290002871248,false,"בירה טובורג רד בקבוק 500 מ""ל חוזר",מבשלות בירה בינלאומיות ב,IL,טובורג בירה בקבוק 50,מיליליטרים,500.00,"100 מ""ל",false,,7.60,0.0152,false,1,5746
7290002871361,false,"בירה קרלסברג בקבוק 500 מ""ל חוזר",מבשלות בירה בינלאומיות ב,IL,קרלסברג בירה בקבוק 5,מיליליטרים,500.00,"100 מ""ל",false,,7.60,0.0152,false,1,5747
7290002876326,false,סיגריות פרלמנט (חפיס,פיליפ מוריס,IL,פרלמנט בלו PP חפיסה,יחידה,0.00,יחידה,false,,38.00,0.0000,false,1,10673
7290002879299,false,מלפפון מוחמצים בטעם חמוץ מתוק,דדוש דניאל,PL,מלפפונים כבושים,גרמים,860.00,100 גרם,false,,18.90,0.0220,true,1,100932
7290002879305,false,מלפפונים קטנים בחומץ,דדוש דניאל,PL,מלפפונים קטנים ב,גרמים,680.00,100 גרם,false,,19.90,0.0293,true,1,100933
7290002881216,false,רסק תפוחי עץ לא ממותק תומר 700 גרם,KONSERVENFABRIEK BALTUSSEN,NL,"רסק תפו""ע דיאט 720 ג",גרמים,720.00,100 גרם,false,,10.90,0.0151,true,1,68026
7290002881230,false,חתיכות אננס בסירופ קל תומר 850 גרם,"אניס פארם בע""מ",VN,אננס חתוך בסירופ קל,גרמים,430.00,100 גרם,false,,8.90,0.0207,true,1,191078
7290002881254,false,קוקטייל פירות טרופיים בסירופ קל תומר 825 גרם,סאנרייז אגריקלטור,TH,קוקטייל פירות בסירופ,גרמים,460.00,100 גרם,false,,9.50,0.0207,true,1,191079
7290002881278,false,לפתן אפרסק חצאים תומ,Elbak s.a - greek ca,,אפרסק חצאים תומר,גרמים,470.00,100 גרם,false,,9.90,0.0211,true,1,190202
7290002900313,false,פסטרמה ספרדיתטירת צבי,טירת- צבי,IL,פסטרמה ספרדית טירת צ,קילוגרמים,1.00,"ק""ג",true,,84.90,84.9000,false,1,9196
7290002904694,false,"טיטניום דאודורנט ספריי לגברים 150 מ""ל","אמיליה קוסמטיקס בע""מ",IL,דאוד' טטניום,מיליליטרים,150.00,"100 מ""ל",false,,15.90,0.1060,true,1,16795
7290002909576,false,בשר בקר טחון לקציצות ולקבב 500 ג' 12 יח',יוליניבר,IL,בשר בקר טחון לקציצות,גרמים,500.00,100 גרם,false,,19.90,0.0398,true,1,96948
7290002909804,false,פילה בקלה (מרלוזה ) ללא עור ארגנטיני,אל מאריסקו,AR,פילה בקלה ללא עור,קילוגרמים,1.00,"ק""ג",true,,31.90,31.9000,true,1,101713
7290002911036,false,דבש החורש צנצנת 500,,,דבש חורש 500 גרם,גרמים,500.00,100 גרם,false,,22.90,0.0458,true,1,13164
7290002911043,false,צנצנת דבש החורש 1000,,,"דבש חורש 1 ק""ג",קילוגרמים,1.00,"ק""ג",false,,41.90,41.9000,true,1,13165
7290002921233,false,"קרבונה ניקוי יבש לכתמים שומניים 200 מ""ל",מנדלז סי.אר. פרודקשן,ES,קרבונה כתמים,גרמים,200.00,100 גרם,false,,24.90,0.1245,true,1,13754
7290002921240,false,"קרבונה שמפוזר לניקוי שטיחים וריפוד יעקבי 650 מ""ל",קרבונה Carbona,MX,שמפוזר,מיליליטרים,650.00,"100 מ""ל",false,,28.90,0.0445,true,1,13755
7290002921332,false,סבון פלא אסטוניש מסיר כתמים 75גר,יעקובי אסטוניש,GB,סבון אסטוניש,גרמים,75.00,100 גרם,false,,15.90,0.2120,true,1,13756
7290002921349,false,לוקטייט סופר גלו 3 - זוגי,יעקובי סופר גלו,TR,סופר גלו,יחידה,0.00,יחידה,false,,13.90,0.0000,true,1,13757
7290002929512,false,שלושת האופים פלאפל 5,האי נאם סי או אל.טי.,IL,כדורי פלאפל 500 גר,גרמים,500.00,100 גרם,false,,12.90,0.0258,true,1,95322
7290002929536,false,קובה למרק ש. האופים,האי נאם סי או אל.טי.,IL,קובה למרק 600 גר,גרמים,600.00,גרם,false,,12.90,0.0215,true,1,95324
7290002929635,false,טונה ויליגר במים 140 גרם,"ויליגר תעשיות בע""מ",IL,טונה ויליגר בודד בשמ,גרמים,140.00,100 גרם,false,,5.50,0.0393,false,1,69682
7290002929642,false,רביעיית טונה בשמן ויליגר 140 גרם,דיאמנט פוד פרודקט קו,TH,טונה ויליגר בשמן 4*1,גרמים,560.00,100 גרם,false,,18.90,0.0337,false,1,69576
7290002946700,false,"מדליק פחמים נוזלי הנמל 200מ""ל","ויק ליין תעשיות בע""מ",IL,מצית פחם נוזלי,יחידה,0.00,יחידה,false,,11.90,0.0000,true,1,29902
7290002954187,false,"אורז יסמין 5 ק""ג שוקחה",בני ג'ורג' שוקחה חיפ,TH,אורז יסמין 5קג,קילוגרמים,5.00,"ק""ג",false,,49.90,9.9800,true,1,56133
7290002970446,false,תבניות נייר איכותיות לאפיה 5 יחידות,חגיגית,IL,אינגליש ניר קטן בחבק,יחידה,0.00,יחידה,false,,4.90,0.0000,true,1,189006
7290002987963,false,"סלט חומוס אחלה 1 ק""ג",מיוצר עי קונדיטוריית,IL,"חומוס אחלה 1 ק""ג",קילוגרמים,1.00,"100 ק""ג",false,,13.90,13.9000,false,1,7525
7290002994329,false,לחם אחיד פרוס אגמי,מאפיית אגמי,IL,לחם אחיד פרוס אגמי,גרמים,750.00,100 גרם,false,,6.90,0.0092,false,1,19958
7290002994794,false,חלה קלה ארוזה אגמי,מאפיית אגמי,,חלה קלה אגמי,גרמים,500.00,100 גרם,false,,13.90,0.0278,true,1,106364
7290003009183,false,"סירופ דיאט תפוחים פריגת 750 מ""ל",סירופ - גבעת חיים,IL,סירופ דיאט תפוחים 75,יחידה,750.00,יחידה,false,,22.90,0.0305,true,1,5759
7290003009312,false,בוטנים קלויים קליית גת 200 גרם,הדקלאים אגודת שיתופי,IL,בוטן קלוי 200 גר,גרמים,200.00,100 גרם,false,,6.90,0.0345,true,1,12740
7290003009329,false,בוטנים אמריקאיים קליית גת 200 גרם,הדקלאים אגודת שיתופי,IL,בוטן אמריקאי 200,גרמים,200.00,100 גרם,false,,5.90,0.0295,true,1,12741
7290003009336,false,קבוקים קליית גת 200 גרם,הדקלאים אגודת שיתופי,IL,קבוקים גת 200 גר,גרמים,200.00,100 גרם,false,,5.90,0.0295,true,1,12742
7290003009596,false,"סירופ דיאט אשכוליות פריגת 750 מ""ל",סירופ - גבעת חיים,IL,סירופ דיאט אשכוליות,יחידה,750.00,יחידה,false,,22.90,0.0305,false,1,5768
7290003009640,false,מיץ תפוזים סחוט רכיבים טבעיים פריגת 1 ליטר,פריגת מצוננים,IL,פריגת סחוט תפוז 1 לי,ליטרים,1.00,ליטר,false,,16.00,16.0000,false,1,5773
7290003015627,false,"נוזל רצפות אפרסק 2 ליטר ""ריצפז פרש""","סנו מפעלי ברונוס בע""",IL,ריצפז פרש אפרסק 2ל',ליטרים,2.00,ליטר,false,,17.90,8.9500,false,1,22153
7290003015634,false,"נוזל רצפות פסיפלורה 2 ליטר ""ריצפז פרש""",קריות זול,IL,ריצפז פרש פסיפלורה 2,ליטרים,2.00,ליטר,false,,17.90,8.9500,false,1,22154
7290003015641,false,"נוזל רצפות יסמין 2 ליטר ""ריצפז פרש""",קריות זול,IL,ריצפז פרש יסמין 2 לי,ליטרים,2.00,ליטר,false,,17.90,8.9500,false,1,22559
7290003023196,false,"משקה יטבתה מוקה שקית 225 מ""ל",שטראוס גרופ,IL,מוקה שקית 250,יחידה,225.00,יחידה,false,,2.60,0.0116,true,1,7527
7290003026036,false,"ד""ר פישר - קמיל בלו סנסיטיב אל סבון עדין לתינוק 1 ליטר",פישר מעבדות פרמצבטיות בע,IL,קמיל בלו סנסיטיב ורו,ליטרים,1.00,ליטר,false,,29.90,29.9000,true,1,10753
7290003026197,false,"קמיל בלו סנסטיב שמן טיפולי ד""ר פישר 500 מ""ל",פישר מעבדות פרמצבטיות בע,IL,קמיל פלוס שמן,גרמים,520.00,100 גרם,false,,24.90,0.0479,true,1,10754
7290003026227,false,"קמיל בלו שמפו לתינוק סנסיטיב אל דמע ד""ר פישר 1 ליטר",פישר מעבדות פרמצבטיות בע,IL,קמיל בלו שמפו סנסיטי,ליטרים,1.00,ליטר,false,,29.90,29.9000,true,1,10755
7290003026234,false,"ד""ר פישר - קמיל בלו תחליב לתינוק 500 מ""ל",פישר מעבדות פרמצבטיות בע,IL,קמיל תחליב לתינוק הי,יחידה,500.00,יחידה,false,,29.90,0.0598,true,1,10756
7290003029181,false,משקה יטבתה שוקו' בקבוק 1ל מהדרין,שטראוס גרופ,IL,שוקו 2% - 1 ליטר,ליטרים,1.00,ליטר,false,,11.80,11.8000,false,1,7531
7290003029372,false,משקה חלב בטעם בננה יטבתה 1 ליטר,שטראוס גרופ,IL,משקה חלב בננה 2% - 1,ליטרים,1.00,ליטר,false,,11.80,11.8000,false,1,7536
7290003029389,false,"משקה חלב בננה פקק ספורט 250 מ""ל יוטבתה",שטראוס גרופ,IL,משקה חלב בננה 2%,מיליליטרים,250.00,"100 מ""ל",false,,5.20,0.0208,true,1,7537
7290003029433,false,"משקה יטבתה שוקו פקק 250 מ""ל מהדרין",שטראוס גרופ,IL,שוקו יטבתה בקבוק 2%,מיליליטרים,250.00,"100 מ""ל",false,,5.20,0.0208,true,1,7541
7290003029532,false,מוקה בבקבוק יטבתה 1 ליטר מהדרין,שטראוס גרופ,IL,מוקה יטבתה 2% - 1 לי,ליטרים,1.00,ליטר,false,,11.80,11.8000,false,1,7544
7290003029617,false,יטבתה שמנת מנה אישית 15% 125מל,שטראוס גרופ,IL,שמנת מנה אישית 15%,מיליליטרים,125.00,"100 מ""ל",false,,1.90,0.0152,false,1,34903
7290003029792,false,"משקה יטבתה שוקו שקיות מהדרין מארז 225X8מ""ל",שטראוס גרופ,IL,שוקו מארז שמינייה 2%,ליטרים,1.80,ליטר,false,,19.90,11.0556,false,1,7551
7290003029815,false,כד חלב 3% יטבתה 2 ליטר מהדרין,שטראוס גרופ,IL,חלב יטבתה 3% - 2 ליט,ליטרים,2.00,ליטר,false,,15.20,7.6000,false,1,7553
7290003029884,false,"מוקה בשקית יטבתה 225 מ""ל מארז 6 יחידות",שטראוס גרופ,IL,מארז שקיות מוקה,ליטרים,1.35,ליטר,false,,15.90,11.7778,true,1,19146
7290003029907,false,אייס קפה יטבתה 1 ליטר מהדרין,שטראוס גרופ,IL,קפה יטבתה 2% 1 ליטר,ליטרים,1.00,ליטר,false,,11.80,11.8000,false,1,19366
7290003054657,false,חרדל ריין דיז'ון אקסטרה פורטה 370 גרם,מרום את קונפינו,FR,חרדל דיזו'ן 350 גרם,גרמים,350.00,100 גרם,false,,10.90,0.0311,true,1,10908
7290003069590,false,"פילה פוטית עם עור קפוא דלידג 1 ק""ג",דאליאן גואופו אקאטיק,CN,סול ארוז,יחידה,1.00,יחידה,false,,37.90,37.9000,true,1,42393
7290003069705,false,"פיצה אישית גבינה דק 80 ג' תפזורת בד""צ",שלושת האופים,IL,"פיצה אישית גבינה בד""",גרמים,100.00,100 גרם,false,,2.40,0.0240,false,1,104913
7290003072545,false,סרוולד מפולפל אוסטרי,טירת צבי,,סרוולד מפולפל אוסטרי,קילוגרמים,1.00,"ק""ג",true,,220.00,220.0000,false,1,120022
7290003094585,false,קוויאר אדום גולד זכו,,,קוויאר אדום גולד 90,גרמים,90.00,100 גרם,false,,35.90,0.3989,true,1,121794
7290003121083,false,ארוחת נודלס בטעם בשר בשקית מג'יק 85 גרם,טאט הוי פוד בעמ,SG,מג'יק בשר שקית,גרמים,85.00,100 גרם,false,,2.70,0.0318,true,1,17896
7290003121090,false,ארוחת נודלס ירקות בשקית מג'יק 85 גרם,זנטי אס. אי לאלין,SG,מג'יק ירקות שקית,גרמים,85.00,100 גרם,false,,2.70,0.0318,false,1,17897
7290003121106,false,ארוחת נודלס טעם עוף בשקית מג'יק 85 גרם,"טאט פוד הוי בע""מ",SG,מג'יק עוף שקית,גרמים,85.00,100 גרם,false,,2.70,0.0318,true,1,17898
7290003126712,false,יוגורט עיזים מחלב מלא 3.7% משק צוריאל 150 גרם,מחלבת משק צוריאל,IL,יוגורט עיזים מחלב מל,מיליליטרים,140.00,"100 מ""ל",false,,6.20,0.0443,true,1,26603
7290003126958,false,טופו גבינה גוש בואקום צוריאל 300 ג',א.י.ן תעשיות מזון בע,IL,טופו צוריאל 9%,גרמים,300.00,100 גרם,false,,12.00,0.0400,true,1,13025
7290003133123,false,לחם זהב עגול אוקראיני 750 ג',מאפיית דוידוביץ ובני,IL,לחם רוסי זהב עגול דו,גרמים,750.00,100 גרם,false,,12.90,0.0172,true,1,13192
7290003141159,false,יוגטה מרשמלו ממתק מוקצף בטעמי תות שדה ווניל 180 גרם,יוגוטה,IL,מרשמלו יוגטה,יחידה,0.00,יחידה,false,,8.50,0.0000,true,1,61194
7290003142361,false,פופקורן בטעם מתוק מלוח הוטפופ 100 גרם 5 יחידות,הוט פופ,US,הוטפופ מתוק מלוח,גרמים,500.00,100 גרם,false,,15.00,0.0300,true,1,117404
7290003142422,false,גרעיני חמניה בשקית ללא מלח קליית גת 180 גרם,"ג'י אנד ג'י בע""מ",IL,גרעיני חמניה ללא מלח,גרמים,180.00,100 גרם,false,,6.00,0.0333,true,1,55738
7290003142477,false,ערמונים קלופים וקלויים 100 גרם,הדקלאים אגודת שיתופי,IL,ערמונים קלופים וקלוי,גרמים,100.00,100 גרם,false,,6.40,0.0640,true,1,60059
7290003143146,false,ממרח תמרים קליית גת 450 גרם,הדקלאים אגודת שיתופי,IL,ממרח תמרים קליית גת,גרמים,450.00,100 גרם,false,,6.00,0.0133,true,1,57258
7290003143337,false,סילאן רכיבים טבעיים לחיץ קליית גת 350 גרם,ליימן מותגים,IL,סילאן טבעי לחיץ 350,גרמים,350.00,100 גרם,false,,14.50,0.0414,false,1,66119
7290003143573,false,מארז 3 שקיות קואדרטי,לואקר,,מארז 3 שקיות קואדרטי,גרמים,750.00,100 גרם,false,,37.90,0.0505,true,1,96470
7290003144310,false,תערובת אגוזים וחמוציות קליית גת 150 גרם,גי אנד גי,IL,תערובת אגוזים וחמוצי,גרמים,150.00,100 גרם,false,,16.50,0.1100,true,1,96973
7290003144419,false,סילאן טבעי קליית גת 710 גרם,"טעמי הגליל בע""\מ",IL,סילאן טבעי קליית גת,גרמים,710.00,100 גרם,false,,22.90,0.0323,true,1,97408
7290003145751,false,"קליית גת אגוזי קלויים, 200 גרם",הדקלאים אגודת שיתופי,IL,קשיו קלוי 200 גר',גרמים,200.00,100 גרם,false,,18.00,0.0900,true,1,34301
7290003145782,false,צנובר רכיבים טבעיים קליית גת 100 גרם,הדקלאים אגודת שיתופי,IL,צנובר טבעי 100ג',גרמים,100.00,100 גרם,false,,23.90,0.2390,true,1,37445
7290003145959,false,פקאן טבעי קליית גת 150 גרם,ליימן מותגים,IL,פקאן טבעי 150גר גת,גרמים,150.00,100 גרם,false,,18.90,0.1260,true,1,31606
7290003185719,false,קבב רומני טיבון ויל 500 גרם,טיבון ויל אחזקות בעמ,IL,קבב רומני 400 גר,גרמים,500.00,100 גרם,false,,18.90,0.0378,false,1,17902
7290003185726,false,קבב מזרחי טיבון ויל 500 גרם,טיבון ויל אחזקות בעמ,IL,קבב מזרחי 500 גר',גרמים,500.00,100 גרם,false,,18.90,0.0378,false,1,17903
7290003189045,false,צהובה הולנדית מחיר לפי מ,צי תעשיות מזון יבנה,IL,גבינה צהובה הולנדית,קילוגרמים,1.00,"ק""ג",true,,38.90,38.9000,true,1,60247
7290003189199,false,צהובה טובה חריפה במש,צי תעשיות מזון יבנה,IL,גבינה מקסיקנית,קילוגרמים,1.00,"ק""ג",true,,41.90,41.9000,true,1,27710
7290003189274,false,בנוסח מעושנת גליל26%משקל,צי תעשיות מזון יבנה,IL,גבינה מעושנת,קילוגרמים,1.00,"ק""ג",true,,41.90,41.9000,true,1,18211
7290003222070,false,פיתות חומרים טבעי100*13ג,מאפיית המכבים,IL,פיתות 13 יח',יחידה,0.00,יחידה,false,,11.90,0.0000,true,1,103874
7290003222094,false,פיתה ביס 11 יח' המכבים,מאפיית טעמי הכפר,IL,פיתה ביס,יחידה,0.00,יחידה,false,,11.90,0.0000,true,1,100708
7290003222568,false,פיתה המכבים 100 גרם 5 יח',מאפיית המכבים,IL,פיתות המכבים 5,גרמים,500.00,100 גרם,false,,4.50,0.0090,true,1,19976
7290003224036,false,אוכמניות כחולות גולוביקה,מאמא מרי,IL,אוכמניות כחולות 300,גרמים,700.00,100 גרם,false,,16.90,0.0241,true,1,36430
7290003224128,false,"כיסונים תפו""א 800 ג' מאמא מרי",מאמא מרי,IL,"כיסונים תפו""א",גרמים,800.00,100 גרם,false,,17.90,0.0224,true,1,13157
7290003224135,false,כיסונים עם בשר 800 ג,מאמא מרי,,כיסונים בשר 800 גר,גרמים,800.00,100 גרם,false,,21.90,0.0274,true,1,120385
7290003224159,false,בלינצ'יס בשר 7 יחידות,מאמא מרי,IL,בלינצ'ס בשר 7 יח',גרמים,700.00,100 גרם,false,,18.90,0.0270,true,1,28605
7290003224265,false,קרפלך כיסונים במילוי,מאמא מרי,IL,קרפלך במילוי בשר בקר,גרמים,800.00,100 גרם,false,,26.90,0.0336,true,1,123799
7290003224456,false,"כיסונים בשר סיבירסקי מאמא מרי 1 ק""ג",מאמא מרי,IL,כיסוני בשר סיבירסקי,קילוגרמים,1.00,"ק""ג",false,,26.90,26.9000,true,1,13160
7290003224623,false,כיסטנים גבינה מתוקה 400 ג' מאמא מרי,מאמא מרי,IL,כיסוני גבינה מתוקה ט,יחידה,0.00,יחידה,false,,19.90,0.0000,true,1,189022
7290003224654,false,מיקס פירות יער 380 גרם,מאמא מרי,IL,מיקס פירות יער קפוא,גרמים,300.00,100 גרם,false,,11.90,0.0397,true,1,20213
7290003224708,false,בלינצס בטעם גבינה מתוקה וצימוקים 400 גרם,מאמא מרי,IL,בלינצ'ס גבינה מאמא מ,גרמים,400.00,100 גרם,false,,19.90,0.0497,true,1,150734
7290003224746,false,פירות יער דמדמניות שחורות קפוא 300 גר,מאמא מרי,IL,דומדמניות שחורות 300,גרמים,300.00,100 גרם,false,,11.90,0.0397,true,1,20214
7290003227402,false,מידנייט תחליב גוף 275 מל,חלאבין,IL,קרם גוף מיד נייט,מיליליטרים,400.00,"100 מ""ל",false,,28.90,0.0722,true,1,21835
7290003229109,false,פסטרמה הודו בפפריקה טירת צבי 400 גרם,הנסיך- מפעל לייצור ט,IL,פסטרמה בפפריקה,גרמים,400.00,100 גרם,false,,31.90,0.0797,true,1,9207
7290003229123,false,פסטרמה הודו על גחלים 2% טירת צבי 400 גרם,הנסיך- מפעל לייצור ט,IL,פסטרמה גחלים טיר,גרמים,400.00,100 גרם,false,,31.90,0.0797,true,1,9209
7290003229147,false,נקניק סלמי איטלקי מעושן טירת צבי 300 גרם,הנסיך- מפעל לייצור ט,IL,סלמי איטלקי 300,גרמים,300.00,100 גרם,false,,31.90,0.1063,true,1,9211
7290003229154,false,נקניק סלמי קוניאק טירת צבי 300 גרם,הנסיך- מפעל לייצור ט,IL,סלמי קוניאק 300,גרמים,300.00,100 גרם,false,,31.90,0.1063,true,1,9212
7290003229192,false,נקניק כתף בקר מעושן 2% טירת צבי 400 גרם,טיב טירת צבי 2000,IL,א.מ. כתף בקר מעושן 4,גרמים,400.00,100 גרם,false,,31.90,0.0797,true,1,9216
7290003229208,false,פסטרמה ספרדית 2% טירת צבי 360 גרם,טירת צבי - מדף,IL,פסטרמה ספרדית 360 גר,גרמים,360.00,100 גרם,false,,31.90,0.0886,true,1,9217
7290003229222,false,נקניק סלמי תה טירת צבי 300 גרם,הנסיך- מפעל לייצור ט,IL,סלמי תה טירת צבי,גרמים,300.00,100 גרם,false,,23.90,0.0797,true,1,40853
7290003258284,false,"קרם גוף מס' 3 350 מ""ל פנינה רוזנבלום",פנינה רוזנבלום,IL,קרם גוף,מיליליטרים,400.00,"100 מ""ל",false,,31.90,0.0797,true,1,38649
7290003258406,false,"פנינה וואקס בריליאנטין לשיער 100 מ""ל",פנינה רוזנבלום,IL,ווקס לשיער ברילנ,מיליליטרים,100.00,"100 מ""ל",false,,14.90,0.1490,true,1,21041
7290003268252,false,לחם חיטה מלא לילדים 750 ג' דגנית עין בר,דגנית עין בר תעשיות מזון,IL,לחם חיטה מלא ללא גרע,גרמים,750.00,100 גרם,false,,13.90,0.0185,false,1,96113
7290003287055,false,שיפודי פרגיות בלדי ק,בלדי,IL,שיפודי פרגיות בלדי ק,גרמים,500.00,100 גרם,false,,42.90,0.0858,true,1,56205
7290003287215,false,גולש בקר קפוא ארוז 800 ג',בלדי,,גולש בקר קפוא ארוז-,גרמים,800.00,100 גרם,false,,34.90,0.0436,false,1,56097
7290003287253,false,נקניקיות מרגז הקצביה 500 גרם בלדי,קרלו,IL,מרגז בלדי קצביה ארוז,גרמים,500.00,100 גרם,false,,26.90,0.0538,true,1,56908
7290003287260,false,נקניקיות צ'וריסוס ארוז קפוא בלדי 600 ג',בלדי,IL,צ'וריסוס קצביה בלדי,גרמים,600.00,100 גרם,false,,26.90,0.0448,false,1,57180
7290003287284,false,קבב ביתי קצביה ארוז 600 ג' - 8 יח',בלדי,IL,קבב ביתי קצביה ארוז,גרמים,600.00,100 גרם,false,,26.90,0.0448,false,1,56897
7290003287291,false,קבב טלה וצנובר קצביה ארוז 600 ג' - 8 יח',יוליניבר,IL,קבב טלה וצנובר בלדי,גרמים,600.00,100 גרם,false,,25.90,0.0432,false,1,57181
7290003287307,false,קבב רומני קצביה ארוז 600 ג' - 8 יח',בלדי,,קבב רומני קצביה 600,גרמים,600.00,100 גרם,false,,25.90,0.0432,false,1,57342
7290003287314,false,קבב על מקל קינמון קצביה ארוז 520 ג' - 8 יח',בלדי,,קבב על מקל קינמון קצ,גרמים,520.00,100 גרם,false,,25.90,0.0498,true,1,109075
7290003287956,false,בלדי פילה לברק יפני 5-7 בוואקום,בלדי פרטי,CN,פילה לברק 5-7 בוואקו,קילוגרמים,1.00,"ק""ג",true,,43.90,43.9000,true,1,68837
7290003318100,false,וופל בטעם שוקולד מנעמים 200 ג',מנעמים תעשיות מזון,IL,וופל שוקולד 200,גרמים,250.00,100 גרם,false,,3.50,0.0140,false,1,8938
7290003318131,false,ופל קלאסיק אגוז 200 גרם מנעמים,מנעמים תעשיות מזון,IL,ופל מנעמים אגוזים,גרמים,200.00,100 גרם,false,,3.50,0.0175,false,1,36527
7290003318155,false,וופל טעם לימון מנעמים 200 ג',מנעמים תעשיות מזון,IL,וופל לימון 200 גר,גרמים,250.00,100 גרם,false,,3.50,0.0140,false,1,8939
7290003319138,false,גפילטע פיש 6 קציצות הדג המיוחד 540 ג' PL,הדג המיוחד,IL,גפילטע פיש צנצנת,גרמים,330.00,100 גרם,false,,17.90,0.0542,true,1,22584
7290003321155,false,יוגורט בר עם פקאן מצופה שוקולד 183 ג' דנונה,"שטראוס בריאות בע""\מ",IL,דנונה קראנצ' שבבי פק,מיליליטרים,175.00,"100 מ""ל",false,,4.60,0.0263,false,1,7555
7290003321292,false,גבינה לבנה 9% שומן 250 ג' שטראוס,מיוצר עי קונדיטוריית,IL,סקי 9%,גרמים,250.00,100 גרם,false,,4.75,0.0190,false,1,7556
7290003387410,false,שלישיית פדים להסרת איפור בלונס 80 יחידות,ספטונה,GR,בלונס מסיר איפור שלש,יחידה,0.00,יחידה,false,,21.90,0.0000,true,1,36646
7290003400500,false,חטיף הרשי ריזס נאטרייגיס 47 גרם,ליימן מותגים,US,חטיף נאטרייג'ס קרמל,גרמים,47.00,100 גרם,false,,4.50,0.0957,true,1,65502
7290003401420,false,"קרם לחות לשיער סיליקון כתום נטורל 400 מ""ל",מיוצר עי אמיליה קוסמ,IL,קרם לחות ועיצוב לשיע,מיליליטרים,400.00,"100 מ""ל",false,,22.90,0.0572,true,1,16800
7290003401635,false,נטורל פורמולה לחות מעצבת לפתיחת תלתלים,מיוצר עי אמיליה קוסמ,IL,לחות לפתיחת תלתלים 4,מיליליטרים,400.00,"100 מ""ל",false,,25.90,0.0647,true,1,16801
7290003402809,false,חטיף הרשי ריזס שוקולד לבן 39 גר,ליימן מותגים,US,ריזס לבן 39 גר',גרמים,39.00,100 גרם,false,,4.50,0.1154,true,1,114021
7290003411009,false,כפפות לטקס הנמל S אריזת 100יח',,,כפפות לטקס 100 יח S,יח',100.00,יח',false,,19.90,0.1990,true,1,94268
7290003411054,false,שקיות צליה גדול דליקטס רוסטי הנמל 5יח`,סאדאת איסטנבול,TR,שקיות לצליה גדול- 5,יחידה,0.00,יחידה,false,,4.60,0.0000,true,1,17530
7290003411238,false,שמרים יבשים נמסים הנ,ברוגמאן גנט,BE,שמרים נמסים 500 גר,גרמים,500.00,100 גרם,false,,13.90,0.0278,true,1,17533
7290003411399,false,פרורים לציפוי מוזהבים 200 ג' הנמל,הנמל,,פירורי לחם זהב,גרמים,200.00,100 גרם,false,,3.90,0.0195,true,1,17536
7290003411405,false,נר נשמה להבית 24 שעות,מיוצר בסין.יבוא ושיו,CN,נר נשמה 24 שעות בפח,יחידה,0.00,יחידה,false,,1.80,0.0000,true,1,103863
7290003411566,false,צמרוני עץ הנמל 200 יחידות,שוורצקוף& הנקל דיסלד,CN,קיסמי אזניים 200 יח,יחידה,0.00,יחידה,false,,2.30,0.0000,true,1,105197
7290003411573,false,צלחות עמוקות לבן 30 יחידות,אריזות מדף - פלזית,IL,צלחות עמוקות- 30 יח',יחידה,0.00,יחידה,false,,16.90,0.0000,true,1,17541
7290003411689,false,ליפתניות לבן 25 יחידות,הנמל אריזות ושיווק ב,IL,צלחות ליפתן 25 יח',יחידה,0.00,יחידה,false,,4.80,0.0000,true,1,17542
7290003411696,false,"מרקיות לבן ח""פ הנמל 25 יח'",פלסטכים תורכיה,IL,סט מרקיות 25 יח,יחידה,0.00,יחידה,false,,8.90,0.0000,true,1,17543
7290003411702,false,חומוס ענק הנמל 500 ג,יבוא ושיווק: הנמל אר,IL,חומוס ענק,גרמים,500.00,100 גרם,false,,8.90,0.0178,true,1,17544
7290003411726,false,קיסמי שיניים מלחיה הנמל 300יח',הנמל אריזות ושיווק בעמ,IL,קיסמי שיניים הנמ,יחידה,0.00,יחידה,false,,3.50,0.0000,true,1,17545
7290003411948,false,צמר גפן הנמל 100 יחידות,הנמל,TR,צמר גפן 100 גר הנמל,גרמים,100.00,100 גרם,false,,4.50,0.0450,true,1,62699
7290003411993,false,גפרורים הנמל 10 יחידות,"איטיליאן פוד, אס.פי.",SE,גפרורים,יחידה,0.00,יחידה,false,,2.60,0.0000,true,1,37116
7290003414406,false,הרשי ריזס נטיפי אפייה בוטנים 283 גר',ליימן מותגים,US,ריזס נטיפים לאפייה,גרמים,283.00,100 גרם,false,,13.90,0.0491,true,1,94920
7290003423909,false,חטיף קוקיס אנד קרים לבן 43 גרם,ליימן מותגים,US,חטיף קוקיז אנד קרים,יחידה,0.00,יחידה,false,,4.50,0.0000,true,1,65498
7290003427154,false,"שמן זית כתית מעולה טעם מעודן זיתא 750 מ""ל",זיתא תעשיות שמן זיתt\,IL,"שמן זית זיתא 750 מ""ל",יחידה,750.00,יחידה,false,,32.90,0.0439,false,1,10221
7290003434657,false,אשכולות אגוזי לוז חמוציות ואורז מלא בשוקולד מריר 120 גרם,הום מייד,IL,אשכולות אגוזי לוז חמ,גרמים,120.00,100 גרם,false,,12.90,0.1075,true,1,124986
7290003438006,false,ממרח אולביה פסטו וצנובר איטלקי 190ג',מיוצר עי קונדיטוריית,IL,ממרח פסטו,גרמים,190.00,100 גרם,false,,13.90,0.0732,true,1,8577
7290003438013,false,ממרח זיתים ירוקים אוליביה 190 גרם,קריות זול,IL,ממרח זיתים,גרמים,190.00,100 גרם,false,,13.90,0.0732,true,1,8578
7290003438020,false,ממרח עגבניות מיובשות אוליביה 190 גרם,מיוצר עי קונדיטוריית,IL,ממרח עגבניות,גרמים,190.00,100 גרם,false,,13.90,0.0732,true,1,8579
7290003438990,false,עיטורי עגבניות מיובשות וזיתים אוליביה 280 ג',אוליביה גורמה בעמ,IL,עיטורי עגבניות מיובש,גרמים,220.00,100 גרם,false,,19.90,0.0905,true,1,8588
7290003444009,false,הרשי ריזס חטיף במילוי בוטנים 42 גרם,ליימן מותגים,US,ריזס שוקולד חלב הרשי,גרמים,42.00,100 גרם,false,,4.50,0.1071,true,1,65504
7290003450602,false,חרדל אמיתי צהוב בקבוק לחיץ 255 גר,היינץ צפון אמריקה מקבוצת ה.י.היינץ,US,חרדל אמיתי היינץ,גרמים,255.00,100 גרם,false,,9.90,0.0388,true,1,15926
7290003457991,false,טילון קורנטו וניל עם וופל ואגוזי לוז מסוכרים,"גלידת שטראוס בע""\מ, רחוב",IL,מאגדת קורנטו קלאסיק,יח',6.00,יח',false,,34.90,5.8167,true,1,7820
7290003475124,false,בלונס מסיר איפור 80 יח,קריות זול,GR,צמר גפן עננים 100 גר,גרמים,100.00,100 גרם,false,,5.90,0.0590,true,1,27470
7290003514007,false,מנה שקדי מרק מנה 400 גרם,מנה Mana,IL,שקדי מרק מנה,גרמים,400.00,100 גרם,false,,8.90,0.0223,false,1,34758
7290003521074,false,"ד""ר פישר - סרקל מרכך שיער לילדים 1 ליטר",פישר מעבדות פרמצבטיות בע,IL,מרכך סרקל,ליטרים,1.00,ליטר,false,,27.90,27.9000,true,1,10759
7290003521081,false,"סרקל שמפו אל דמע לילדים ד""ר פישר 1 ליטר",פישר מעבדות פרמצבטיות בע,IL,סרקל שמפו 1 ליטר,ליטרים,1.00,ליטר,false,,27.90,27.9000,true,1,10760
7290003521166,false,"ד""ר פישר - סרקל קרם רוזמרין לילדים 325 מ""ל",פישר מעבדות פרמצבטיות בע,IL,סרקל קרם שיער רו,גרמים,325.00,100 גרם,false,,26.90,0.0828,true,1,10761
7290003524297,false,אספרגוס לבן שלם בצנצנת ויליגר 330 גרם,צ'אמפהאוס טרידייג קו,CN,אספרגוס לבן שלם 330,גרמים,330.00,100 גרם,false,,9.90,0.0300,true,1,17925
7290003525898,false,שלישיית סלט טונה ויליגר 160 גרם,נטו מלינדה,,שלישיה סלט טונה וילי,גרמים,480.00,100 גרם,false,,14.90,0.0310,true,1,55876
7290003525904,false,שלישיית סלט טונה פיקנטי ויליגר 160 גרם,ויליגר,,שלישיה סלט טונה וילי,גרמים,480.00,100 גרם,false,,14.90,0.0310,true,1,55877
7290003527380,false,דובדבן ללא חרצן בצנצנת ויליגר 680 גרם,גולדסטארקפט,,דבדבן מתוק ללא חרצני,יחידה,680.00,יחידה,false,,8.90,0.0131,true,1,60087
7290003550753,false,רביעיית טונה בשמן פוסידון 108 גרם,"מיוצר עי וליגר בעמ,",IL,רביעייה טונה פוסידון,גרמים,432.00,100 גרם,false,,21.00,0.0486,false,1,32509
7290003570164,false,מינוט שווארמה פרגית 300 גרם ארוז בלדי,"בלדי בע""\מ",IL,מינוט שווארמה פרגית,גרמים,300.00,100 גרם,false,,29.90,0.0997,true,1,109708
7290003570928,false,קבב בלדי קצביה ארוז קפוא 500ג',בלאדי,IL,קבב בלדי קצביה 500 ג,גרמים,500.00,100 גרם,false,,25.90,0.0518,true,1,108908
7290003571550,false,סטייק טונה אלבקור בוואקום מהדרין,,VN,סטייק טונה בוואקום ב,קילוגרמים,1.00,"ק""ג",true,,45.90,45.9000,true,1,107756
7290003578153,false,נתחי טונה בשמן צמחי 160ג' וילי פוד,גולדן פרייז קאנינג א,TH,נתחי טונה בהירה בשמן,גרמים,160.00,100 גרם,false,,6.50,0.0406,false,1,14880
7290003578160,false,נתחי טונה בהירה במי מלח וילי פוד 160 גר,טרופיקל,TH,טונה ויליפוד במי,גרמים,160.00,100 גרם,false,,6.50,0.0406,false,1,14881
7290003578290,false,מקלוני אורז וילי פוד 300ג',פוגיאן לונגהאי אנליד,CN,מקלוני אורז,גרמים,300.00,100 גרם,false,,5.60,0.0187,true,1,14885
7290003578313,false,דובדבנים ללא חרצנים ויליפוד 680 גרם,דל מונטה היילס אס.אי,HR,דובדבן חמוץ ללא חרצנ,גרמים,680.00,100 גרם,false,,9.90,0.0146,true,1,14886
7290003598311,false,מינוט סטייק חלק ריאה 300 ג',"בלדי בע""\מ",IL,מינוט סטייק 300 גר',יחידה,0.00,יחידה,false,,26.90,0.0000,true,1,106718
7290003598472,false,סלמון מנות נורבגי בוואקום,לאטי עזרא,NO,פילה סלמון מנות נורב,קילוגרמים,1.00,"ק""ג",true,,84.90,84.9000,true,1,106584
7290003598748,false,מקרל נורבגי שלם ארוז,,,מקרל נורבגי שלם ארוז,קילוגרמים,1.00,"ק""ג",true,,23.90,23.9000,true,1,106699
7290003632367,false,פילה דג ברבוניה ארוז 400 גרם,ישראל פלדמן,VN,פילה ברבוניה בוואקום,יחידה,0.00,יחידה,false,,24.90,0.0000,true,1,68070
7290003643004,false,"סוגת אורז בסמטי קלאסי 1 ק""ג",האי נאם סי או אל.טי.,IL,אורז בסמטי קלאסי 1 ק,גרמים,1.00,גרם,false,,12.90,12.9000,false,1,9606
7290003643325,false,קוסקוס בינוני סוגת 350 גרם,"אסיף תעשיות מזון בע""\מ",IL,קוסקוס בינוני סוגת,גרמים,350.00,100 גרם,false,,4.90,0.0140,false,1,42280
7290003643387,false,"סוכר לבן בצנצנת 1 ק""ג סוגת",האי נאם סי או אל.טי.,IL,סוכר לבן צנצנת,יחידה,1.00,יחידה,false,,9.90,9.9000,false,1,9611
7290003643646,false,"סוכר דמררה קלאסי בצנצנת סוגת 1 ק""ג",האי נאם סי או אל.טי.,IL,סוכר דמררה צנצנת,גרמים,1.00,100 גרם,false,,11.90,11.9000,false,1,9613
7290003643684,false,אפונה יבשה סוגת 500 גר',האי נאם סי או אל.טי.,IL,אפונה יבשה 500,גרמים,500.00,100 גרם,false,,6.50,0.0130,true,1,9614
7290003643714,false,חומוס גרגירים 500 גרם סוגת,האי נאם סי או אל.טי.,IL,חומוס 500 סוגת,גרמים,500.00,100 גרם,false,,7.90,0.0158,true,1,9616
7290003643738,false,סוגת חיטה 500 גרם,האי נאם סי או אל.טי.,IL,חיטה יבשה 500,גרמים,500.00,100 גרם,false,,4.90,0.0098,false,1,9617
7290003643745,false,סוגת כוסמת 500 גרם,האי נאם סי או אל.טי.,IL,כוסמת סוגת,גרמים,500.00,100 גרם,false,,7.90,0.0158,true,1,9618
7290003643752,false,עדשים ירוקים יבש סוגת 500 גר',האי נאם סי או אל.טי.,IL,עדשים ירוקים,גרמים,500.00,100 גרם,false,,7.90,0.0158,true,1,9619
7290003643769,false,עדשים אדומים יבש סוגת 500 גר',"סוגת תעשיות בע""\מ",IL,עדשים אדומים,גרמים,500.00,100 גרם,false,,7.90,0.0158,true,1,9620
7290003643776,false,"פופקורן גרעינים סוגת 500 ג' כשל""פ",האי נאם סי או אל.טי.,IL,פופקורן 500 גר,גרמים,500.00,100 גרם,false,,4.90,0.0098,true,1,9621
7290003643783,false,קוקוס טחון סוגת 100 גרם,האי נאם סי או אל.טי.,IL,קוקוס 100 גר,גרמים,100.00,100 גרם,false,,4.20,0.0420,true,1,9622
7290003643806,false,שעועית לבנה יבשה סוגת 500 ג',האי נאם סי או אל.טי.,IL,שעועית לבנה 500,גרמים,500.00,100 גרם,false,,10.90,0.0218,true,1,9623
7290003643813,false,שעועית אדומה יבשה סוגת 500 גר',האי נאם סי או אל.טי.,IL,שעועית אדומה 500,גרמים,500.00,100 גרם,false,,10.90,0.0218,true,1,9624
7290003643820,false,חומוס ענק יבש סוגת 500 גרם,"סוגת תעשיות בע""\מ",IL,חומוס ענק 500 סו,גרמים,500.00,100 גרם,false,,11.90,0.0238,true,1,25606
7290003713950,false,טרס פסוס סלסה מקסיקנ,"דוידוב סלמון בע""מ",IL,סלסה מקסיקנה 200,גרמים,200.00,100 גרם,false,,16.90,0.0845,true,1,106655
7290003715107,false,בוטנים קלופים 400 גר,זארובי,IL,בוטנים קלויים 00,גרמים,400.00,100 גרם,false,,11.00,0.0275,true,1,5541
7290003715299,false,מעורב מובחר זארובי 3,זארובי,,פיצוחים מעורב,גרמים,200.00,100 גרם,false,,19.90,0.0995,true,1,5550
7290003715329,false,בוטן קלוי בקליפה 350,,,בוטנים עם קליפה,גרמים,350.00,100 גרם,false,,10.90,0.0311,true,1,68490
7290003715411,false,צנובר סיני גדול 100,זארובי פיצוחי הגליל,IL,צנובר 100 גר,גרמים,100.00,100 גרם,false,,26.90,0.2690,true,1,5555
7290003715596,false,אגוזי מלך 300 גר,זארובי,IL,אגוזי מלך 300 גר,גרמים,300.00,100 גרם,false,,28.90,0.0963,true,1,33388
7290003718993,false,פילה סלמון נורבגי שקיל,סקרגרק,NO,פילה סלמון נורבגי,קילוגרמים,1.00,"ק""ג",true,,79.90,79.9000,true,1,190640
7290003726141,false,טופו אמיתי כפרי בריא 300 גרם,ג'נרל מילס סאן אדריא,IL,טופו טבעי 300 גר,גרמים,300.00,100 גרם,false,,12.90,0.0430,true,1,18326
7290003726592,false,טופו מתובל בפסטו במרקם קלאסי,"משק ויילר בע""\מ",IL,טופו מתובל בפסטו -מש,גרמים,300.00,100 גרם,false,,11.90,0.0397,false,1,114455
7290003726615,false,"טופו ויילר 300 גרם ""שטראוס""",הדקלאים אגודת שיתופי,IL,טופו הבית במרקם קשה-,גרמים,300.00,100 גרם,false,,11.90,0.0397,true,1,114456
7290003726684,false,טופו חומוס בטעם טבעי 300 ג' משק ויילר,הנסיך- מפעל לייצור ט,IL,טופו חומוס בטעם טבעי,גרמים,300.00,100 גרם,false,,12.90,0.0430,true,1,118462
7290003726875,false,טופו חומוס בתוספת פסטו 300 ג' משק ויילר,"משק ויילר בע""\מ",IL,טופו חומוס בתוספת פס,גרמים,300.00,100 גרם,false,,12.90,0.0430,true,1,187624
7290003744831,false,אובלטים עם בצל 300 גר',,,אובלטים בצל ברט,גרמים,300.00,100 גרם,false,,12.90,0.0430,true,1,64244
7290003744855,false,אובלטים עם שומשום 300 גר,"ברט בע""מ",IL,אובלטים מלוחים,גרמים,300.00,100 גרם,false,,12.90,0.0430,true,1,64250
7290003781652,false,צלפים במי מלח וילי פוד 230 גרם,קריות זול,TR,צלפים 370 גרם,גרמים,370.00,100 גרם,false,,9.90,0.0268,true,1,22763
7290003804252,false,תיבולית קנור בנוסח הודי 72 גרם,יוניליוור ישראל מזון בע\,IL,תיבולית קנור הודי,גרמים,72.00,100 גרם,false,,10.00,0.1389,false,1,12291
7290003804320,false,תיבולית שום ופטרוזיליה קנור 72 גרם,יוניליוור ישראל מזון בע\,IL,תיבולית שום ופטרוזיל,גרמים,72.00,100 גרם,false,,10.00,0.1389,false,1,12292
7290003804368,false,"תיבוליות בזיליקום קנור 72 גרם בד""צ",יוניליוור ישראל מזון בע\,IL,תיבולית קנור בזי,גרמים,72.00,100 גרם,false,,10.00,0.1389,false,1,12295
7290003804382,false,"תיבוליות פטריות קנור 72 גרם בד""צ",יוניליוור ישראל מזון בע\,IL,תיבולית פטריות,גרמים,72.00,100 גרם,false,,10.00,0.1389,false,1,12297
7290003805501,false,"פתית שוודי חסכוני בד""צ 300 גרם",יוניליוור ישראל מזון בע\,IL,פתית שבדי חסכוני,גרמים,300.00,100 גרם,false,,18.50,0.0617,true,1,22812
7290003805587,false,"פתית חיטה מלאה בד""צ 250 גרם-קופסא",יוניליוור ישראל מזון בע\,IL,פתית חיטה מלאה,גרמים,250.00,100 גרם,false,,18.50,0.0740,true,1,40395
7290003807178,false,"רוטב קנור סויה בסגנון סיני 300 מ""ל",יוניליוור ישראל מזון בע\,IL,רוטב סויה בסגנון סינ,יחידה,300.00,יחידה,false,,12.90,0.0430,true,1,25779
7290003807482,false,קנור רוטב טריאקי מופחת נתרן 370 גרם,יוניליוור ישראל מזון בע\,IL,רוטב טריאקי קנור,יחידה,300.00,יחידה,false,,12.90,0.0430,true,1,25780
7290003864478,false,סרדינים בשמן צמחי פתח קל ויליפוד 110 גרם,גולדן פרייז קאנינג א,TH,סרדינים בשמן צמחי 11,גרמים,110.00,100 גרם,false,,4.90,0.0445,true,1,14894
7290003864485,false,סרדינים ברוטב עגבנ יות ויליפוד 110ג' פתח קל,גולדן פרייז קאנינג א,TH,סרדינים ברוטב עגבניו,גרמים,110.00,100 גרם,false,,4.90,0.0445,true,1,14895
7290003864492,false,סרדינים בשמן צמחי חריף פתח קל ויליפוד 110ג',גולדן פרייז קאנינג א,TH,סרדינים בשמן צמחי פי,גרמים,110.00,100 גרם,false,,4.90,0.0445,true,1,14896
7290003882922,false,עלי גפן ממולאים באורז וילי פוד 360 גרם,הזה פלאקספו פוד קו ב,CN,עלי גפן ממולאים 400,גרמים,400.00,100 גרם,false,,8.90,0.0223,true,1,14900
7290003893690,false,"פילה אמנון בד""ץ מחיר לפי",ג.עופר,IL,פילה אמנון 5-7,יחידה,0.00,יחידה,false,,29.90,0.0000,false,1,122258
7290003893843,false,פילה אמנון ללא עור 7,איינן צ'דקסין,CN,פילה אמנון בלי עור,קילוגרמים,1.00,"ק""ג",true,,26.90,26.9000,true,1,111833
7290003896141,false,אלמנדוס חטיף ספרדי פיקנטי קליית גת 200 גרם,הדקלאים אגודת שיתופי,IL,פיצוחים אלפנדוס,גרמים,200.00,100 גרם,false,,8.90,0.0445,true,1,27264
7290003989539,false,לורנצו רביולי במילוי גבינה,מיוצר עי קונדיטוריית,IL,רביולי גבינה,גרמים,400.00,100 גרם,false,,19.90,0.0497,true,1,7559
7290003989553,false,פסטה טורטליני גבינה ופטריות 400 גרם,מיוצר עי קונדיטוריית,IL,טורטליני פיטריות,גרמים,400.00,100 גרם,false,,19.90,0.0497,true,1,7560
7290004011284,false,ריצ בסיס להכנת קצפת 25% 212מל,ריצ' פרודקטס קורפריי,US,בסיס להכנת קצפת ריץ',מיליליטרים,212.00,"100 מ""ל",false,,7.50,0.0354,true,1,37291
7290004011291,false,ריצ בסיס להכנת קצפת 25% 425מל,ריצ',US,בסיס הכנת קצפת 425מל,מיליליטרים,425.00,"100 מ""ל",false,,12.90,0.0304,true,1,42728
7290004011338,false,"ספריי קצפת מתוקה מוכנה ריץ' 250 מ""ל",האי נאם סי או אל.טי.,IT,ריץ' קצפת מיכל 22.5%,גרמים,250.00,100 גרם,false,,10.90,0.0436,false,1,38017
7290004011345,false,"ספריי קצפת מתוקה מוכנה פרווה ריץ' 238 מ""ל",האי נאם סי או אל.טי.,IT,ר'יצ קצפת פרווה 250,גרמים,250.00,100 גרם,false,,10.90,0.0436,false,1,56106
7290004014407,false,עדשי מ&מ'ס חמאת בוטנים46,מרס נדרלנד,US,סוכריות אם אנד אם,גרמים,46.20,100 גרם,false,,4.90,0.1061,true,1,98076
7290004030018,false,"פריניב מיץ לימון סחוט פרי לתיבול 500 מ""ל",הנסיך- מפעל לייצור ט,IL,פרי ניב מיץ לימון 10,ליטרים,0.50,ליטר,false,,6.90,13.8000,true,1,38825
7290004030100,false,מיץ תפוזים ולנסיה סחוט 1 ליטר100%,פרי ניב,IL,מיץ תפוזים סחוט וולנ,ליטרים,1.00,ליטר,false,,14.90,14.9000,true,1,117974
7290004030223,false,מיץ תפוחים סחוט רכיבים טבעיים 100% פרי ניב 1 ליטר,פריניב בעמ,IL,מיץ תפוחים סחוט 1 לי,ליטרים,1.00,ליטר,false,,17.90,17.9000,true,1,62837
7290004030445,false,מיץ תפוזים סחוט רכיבים טבעיים 1 ליטר פרי ניב,פריניב בעמ,IL,פרי ניב מיץ תפוזים 1,ליטרים,1.00,ליטר,false,,13.50,13.5000,true,1,33028
7290004030544,false,משקה בטעם לימונדה לואיזה ולימון 1 ליטר פריניב,פריניב בעמ,IL,פרי ניב לימונענע 1 ל,ליטרים,1.00,ליטר,false,,12.50,12.5000,true,1,34024
7290004030612,false,"מיץ תפוח, קיווי אגס ללא תוספת סוכר 1 ליטר פרי ניב",פריניב בעמ,IL,מיץ קיוי אגס תפוח 1,ליטרים,1.00,ליטר,false,,15.00,15.0000,true,1,67530
7290004030810,false,שייק 100% בננה פסיפלורה תפוז מופחת סוכר1,פריניב בעמ,IL,שייק בננה פסיפלורה ת,ליטרים,1.00,ליטר,false,,17.90,17.9000,true,1,103627
7290004033705,false,הבורגריה – 6 לחמניות המבורגר בשקית,מאפית י את א ברמן בע,IL,הבורגריה 6 לחמניות ה,גרמים,600.00,100 גרם,false,,14.90,0.0248,true,1,126318
7290004033712,false,לחם עננים מקמח מלא עם פרוסות עבות,מאפית י את א ברמן בע,IL,לחם עננים מקמח מלא ע,גרמים,750.00,100 גרם,false,,12.90,0.0172,true,1,126319
7290004043108,false,עדשי מ&מ'ס שוקולד 89 גרם,מרס,US,סוכריות אם אנד אם 89,גרמים,89.00,100 גרם,false,,7.90,0.0888,true,1,105220
7290004043205,false,עדשי שוק.מ&מ'ס בוטנים90ג,מרס,US,סוכריות אם אנד אם 92,גרמים,92.00,100 גרם,false,,7.90,0.0859,true,1,105225
7290004061449,false,שף העוף שניצל אמרקאי 700 גר,ויטה,,שניצל אמרקאי 700 גר,גרמים,700.00,100 גרם,false,,13.90,0.0199,true,1,117922
7290004061463,false,שניצל עוף אמיתי שומש,,,שניצל עוף אמיתי שומש,גרמים,700.00,100 גרם,false,,28.90,0.0413,true,1,120246
7290004061487,false,טבעות עוף 700 גר,פרסקו,,טבעות עוף 700 גר,גרמים,700.00,100 גרם,false,,13.90,0.0199,true,1,119667
7290004061494,false,נגיסי עוף 700 גר,פרסקו,,נגיסי עוף 700גר,גרמים,700.00,100 גרם,false,,13.90,0.0199,true,1,119668
7290004063016,false,מלח שולחן -מוצר בפיקוח,האי נאם סי או אל.טי.,IL,מלח דק 1 קג,יחידה,1.00,יחידה,false,,1.90,1.9000,false,1,13690
7290004063115,false,"מלח מטבח עבה להמלחת בשר ובישול 1 ק""ג 1ק""ג",האי נאם סי או אל.טי.,IL,מלח עבה 1 קג,יחידה,1.00,יחידה,false,,1.90,1.9000,false,1,13691
7290004064082,false,מטחנה מלח ים טבעי מלח הארץ 100 גרם,חברת מלח הארץ אילת ב,IL,מטחנה מלח ים טבעי,גרמים,250.00,100 גרם,false,,13.50,0.0540,true,1,99918
7290004064099,false,מטחנה מלח ים מהרי ההימלאיה מלח הארץ 100 גרם,"חברת מלח הארץ אילת בע""\מ",IL,מטחנה מלח מהרי ההימל,גרמים,250.00,100 גרם,false,,15.90,0.0636,true,1,99919
7290004064174,false,"תבלין מלח ההימלאיה דק בצנצנת 1 ק""ג","חברת מלח הארץ אילת בע""\מ",PK,מלח הארץ הימלאיה דק,קילוגרמים,1.00,"ק""ג",false,,15.90,15.9000,true,1,107589
7290004064181,false,"תבלין מלח ההימלאיה גס בצנצנת 1 ק""ג","חברת מלח הארץ אילת בע""\מ",PK,מלח הארץ הימלאיה גס,קילוגרמים,1.00,"ק""ג",false,,15.90,15.9000,true,1,107590
7290004064280,false,מלח מופחת נתרן בצנצנת מלח הארץ 600 גרם,חברת מלח הארץ אילת ב,IL,מלח מופחת נתרן בצנצנ,גרמים,600.00,100 גרם,false,,15.90,0.0265,true,1,115321
7290004064297,false,"מלח מועשר ביוד בצנצנת מלח הארץ 1 ק""ג","חברת מלח הארץ אילת בע""\מ",IL,מלח מועשר ביוד צנצנת,קילוגרמים,1.00,"ק""ג",false,,8.90,8.9000,true,1,114945
7290004064303,false,מלח אטלנטי בצנצנת מלח הארץ 800 גרם,"חברת מלח הארץ אילת בע""\מ",FR,מלח אטלנטי בצנצנת 80,גרמים,800.00,100 גרם,false,,18.90,0.0236,true,1,114946
7290004064389,false,מלח הימלאייה דק מלחייה 250 גרם,"חברת מלח הארץ אילת בע""\מ",IL,מלח הימאליה דק מלחיה,גרמים,250.00,100 גרם,false,,10.00,0.0400,false,1,123170
7290004068172,false,יוגורט עזים בדלי 5% שומן 600 ג' גד,קוד יצרן MKN,IL,יוגורט עיזים דלי 600,גרמים,600.00,100 גרם,false,,18.00,0.0300,true,1,62323
7290004068394,false,גבינת קממבר בקר במשק,מחלבות גד,IL,קממבר בקר גד,קילוגרמים,1.00,"ק""ג",true,,99.90,99.9000,true,1,110660
7290004068424,false,"גבינת גאודה חצי קשה ""גד""",מחלבות גד,IL,גאודה גלגל גד,קילוגרמים,1.00,"ק""ג",true,,119.90,119.9000,true,1,67209
7290004068585,false,גאודה עיזים משולשים משקל,מחלבת אמלטי הולנד,NL,גאודה עיזים גלגל,קילוגרמים,1.00,"ק""ג",true,,135.90,135.9000,true,1,97851
7290004078270,false,נוזל לניקוי כלים בריח לימון פלמוליב 1 ליטר,יבואן ומשווק: ש. שסט,GR,פלמוליב לכלים לימון,ליטרים,1.00,ליטר,false,,13.90,13.9000,false,1,7967
7290004078942,false,ליידי ספיד סטיק - דאודורנט ג'ל לאישה 65 גרם,קולגייט-פלמוליב,US,ספיד סטיק ג'ל,גרמים,63.00,100 גרם,false,,19.90,0.3159,true,1,7980
7290004091217,false,"גודרדס, חומר לניקוי והברקת כלי כסף 144 מל",אס סי גונסון פורטוגל,PT,גודרס להברקת כלי כסף,יחידה,144.00,יחידה,false,,21.90,0.1521,true,1,16435
7290004091248,false,וזלין פטרוליום אינטנסיב קאר ג'ל 106 גר',"יוניליוור ארה""ב, ג'ו",US,ווזלין מס 2,גרמים,106.00,100 גרם,false,,16.90,0.1594,true,1,12339
7290004091255,false,"ואזלין פטרוליום ג'ל 225מ""ל","יוניליוור ארה""ב, ג'ו",US,ואזלין מס 3,גרמים,225.00,100 גרם,false,,22.90,0.1018,true,1,12340
7290004119133,false,כד יוגורט תנובה 6.5% שומן 1.5 ליטר,מיוצר עי קונדיטוריית,IL,יוגורט בכד 7% 1.5 לי,ליטרים,1.50,100 ליטר,false,,18.30,12.2000,true,1,8590
7290004119225,false,יופלה יוגורט אננס %3 גביע 150 גרם,תנובה מרכז שיתופי לש,IL,יופלה אננס ספונטני 3,מיליליטרים,150.00,"100 מ""ל",false,,5.10,0.0340,true,1,8591
7290004119522,false,"משקה תנובה שוקו 2% קרלו שקית 225מ""ל",תנובה מרכז שיתופי לש,IL,שוקו שקית תנובה,מיליליטרים,225.00,"100 מ""ל",false,,2.80,0.0124,true,1,8592
7290004119928,false,מעדן חלב בטעם וניל 2% קרלו תנובה 125 גרם,מחלבת אלון תבור,IL,קרלו וניל 1.5%,גרמים,125.00,100 גרם,false,,3.00,0.0240,true,1,8594
7290004119973,false,קרלו מעדן שוקו רביעיה גביע 1.5% 125 גרם,תנובה מרכז שיתופי לש,IL,מעדן קרלו 1.5%,גרמים,125.00,100 גרם,false,,3.00,0.0240,true,1,8595
7290004120061,false,מעדן חלב בטעם שוקו וניל שוניל 2% קרלו 125 גרם,תנובה מרכז שיתופי לש,IL,קרלו מעדן שוניל 1.5%,גרמים,125.00,100 גרם,false,,3.00,0.0240,true,1,8596
7290004120108,false,יופלה דיאט יוגורט דובדבן %0 גביע 150גרם,תנובה מרכז שיתופי לש,IL,יופלה דבדבן 0%,מיליליטרים,150.00,"100 מ""ל",false,,5.10,0.0340,true,1,8598
7290004120283,false,"שוקו בשקית תנובה 225 מ""ל בד""ץ",תנובה חלב,IL,"שוקו באדי בד""צ 250מל",מיליליטרים,225.00,"100 מ""ל",false,,3.00,0.0133,true,1,8604
7290004120573,false,פיראוס 16% גבינה בולגרית 250 גרם,תנובה מרכז שיתופי לש,IL,בולגרית פיראוס 16%,גרמים,250.00,100 גרם,false,,24.50,0.0980,false,1,8610
7290004120634,false,גבינה פיראוס בולגרית 5% 250 גרם,תנובה מרכז שיתופי לש,IL,בולגרית פיראוס 5%,גרמים,250.00,100 גרם,false,,24.50,0.0980,false,1,8611
7290004120832,false,"חלב 2 ליטר 3% כד ""תנובה""- מוצר בפיקוח",תנובה מרכז שיתופי לש,IL,חלב כד 3% מהדרין,ליטרים,2.00,ליטר,false,,12.46,6.2300,false,1,8613
7290004121488,false,יופלה דיאט אפרסק 0% גביע 150 גרם,תנובה מרכז שיתופי לש,IL,יופלה אפרסק חטוב 0%,מיליליטרים,150.00,"100 מ""ל",false,,5.10,0.0340,true,1,8617
7290004121525,false,יופלה מאגדת פרי 4 תות 4 אפרסק 3% 8 יח'*150 ג',תנובה מרכז שיתופי לש,IL,מאגדת יופלה אפרסק+תו,מיליליטרים,1200.00,"100 מ""ל",false,,31.90,0.0266,true,1,8619
7290004121839,false,גבינת פטה כבשים 20% פיראוס 250 גרם,תנובה מרכז שיתופי לש,IL,פטה כבשים 20% פיראוס,גרמים,250.00,100 גרם,false,,28.50,0.1140,false,1,8627
7290004121853,false,גבינה בולגרית פיראוס 5% קוביות 200 גרם,תנובה מרכז שיתופי לש,IL,פיראוס קוביות בולגרי,גרמים,200.00,100 גרם,false,,21.90,0.1095,false,1,8628
7290004122119,false,פתיתי פרמזן לפסטה 23% השף הלבן 100 גרם,פ.פ.ח. שאביט,IL,פתיתי פרמזן לאפיה 23,גרמים,100.00,100 גרם,false,,12.60,0.1260,true,1,8632
7290004122195,false,גוש חלב גבינה צהובה פרוסה 28% תנובה 200 גרם,תנובה חלב,IL,גוש חלב פרוס 28%,גרמים,200.00,100 גרם,false,,14.60,0.0730,false,1,8633
7290004122270,false,עמק קלאסית פרוסות גבינה חצי קשה 28% 200 גרם,תנובה מרכז שיתופי לש,IL,עמק פרוסות 28%,גרמים,200.00,100 גרם,false,,16.90,0.0845,false,1,8634
7290004122348,false,גבינת עמק לייט פרוס בקופסא 200 גרם,תנובה מרכז שיתופי לש,IL,עמק לייט 9%,גרמים,200.00,100 גרם,false,,17.90,0.0895,false,1,8636
7290004122676,false,גבינת חמד לייט 5% פיראוס 250 ג',"תנובה,מחלבת טנא נוגה",IL,גבינת חמד 5% גביע 25,גרמים,250.00,100 גרם,false,,18.90,0.0756,false,1,26511
7290004122683,false,עמק חטיף אצבעות גבינה חצי קשה 28% שומן,תנובה מרכז שיתופי לש,IL,אצבעות חטיף גבינת עמ,גרמים,172.00,100 גרם,false,,16.90,0.0983,false,1,26657
7290004124168,false,יופלה לבן 3% יוגורט 150 ג',תנובה חלב,,יופלה טבעי 3%,מיליליטרים,150.00,"100 מ""ל",false,,2.20,0.0147,true,1,38953
7290004124205,false,יופלה דיאט יוגורט תות %0 גביע 150 גרם,תנובה מרכז שיתופי לש,IL,יופלה תות קליל 0%,מיליליטרים,150.00,"100 מ""ל",false,,5.10,0.0340,true,1,8647
7290004124847,false,"קצפת צמחית השף הלבן 500 מ""ל תנובה",תנובה מרכז שיתופי לש,IL,קצפת צימחית השף הלבן,מיליליטרים,500.00,"100 מ""ל",false,,16.50,0.0330,true,1,8653
7290004125370,false,"שמנת חמוצה 9% מופחתת שומן תנובה 200 מ""ל מהדרין",תנובה מרכז שיתופי לש,IL,שמנת תנובה 9%,גרמים,200.00,100 גרם,false,,3.80,0.0190,true,1,8657
7290004125400,false,"אשל שלי מהדרין 200 מ""ל 4.5% ""תנובה""- מוצר בפיקוח",פארייפאבה אגרואינדוס,IL,שלי אשל 4.5%,מיליליטרים,200.00,"100 מ""ל",false,,1.69,0.0084,false,1,8658
7290004125417,false,"גיל 3% שלי 200 מ""ל ""תנובה"" -מוצר בפיקוח",תנובה מרכז שיתופי לש,IL,שלי גיל 3%,מיליליטרים,200.00,"100 מ""ל",false,,1.51,0.0076,false,1,8659
7290004125455,false,"שמנת חמוצה 200 מ""ל 15% ""תנובה"" -מוצר בפיקוח",תנובה מרכז שיתופי לש,IL,שמנת 15%,מיליליטרים,200.00,"100 מ""ל",false,,2.40,0.0120,false,1,8660
7290004125462,false,"שמנת חמוצה 15% תנובה 500 מ""ל מהדרין",תנובה מרכז שיתופי לש,IL,שמנת חמוצה 15%,יחידה,500.00,יחידה,false,,6.00,0.0120,false,1,8661
7290004125509,false,"שמנת חמוצה 15% מועשרת תנובה 100 מ""ל",תנובה מרכז שיתופי לש,IL,שמנת אורגינל 15%,מיליליטרים,100.00,"100 מ""ל",false,,1.70,0.0170,false,1,8663
7290004125578,false,משקה סויה מעושר בסידן תנובה 1ל',תנובה מרכז שיתופי לש,IL,משקה סויה מועשר 1.6%,ליטרים,1.00,ליטר,false,,9.90,9.9000,false,1,8665
7290004125585,false,משקה סויה בטעם וניל תנובה 1 ליטר,תנובה מרכז שיתופי לש,IL,משקה סויה וניל 1.45%,ליטרים,1.00,ליטר,false,,10.60,10.6000,false,1,8666
7290004125721,false,"השף הלבן שמנת עמידה לבישול 15% תנובה 250 מ""ל",תנובה מרכז שיתופי לש,IL,שמנת לבישול 15%,מיליליטרים,250.00,"100 מ""ל",false,,8.70,0.0348,true,1,8672
7290004125738,false,שמנת מתוקה להקצפה32% 250מל עמיד השף הלבן,תנובה מרכז שיתופי לש,IL,שמנת להקצפה 32%,מיליליטרים,250.00,"100 מ""ל",false,,6.90,0.0276,true,1,8673
7290004125776,false,גבינה צהובה עמק 28% 400 גרם בקופסא,תנובה חלב,IL,עמק פרוס 28% 400 גרם,גרמים,400.00,100 גרם,false,,31.00,0.0775,false,1,8675
7290004126674,false,טל העמק פרוסות גבינה חצי קשה לייט %9 200 גרם בקופסא,תנובה מרכז שיתופי לש,IL,טל העמק לייט 9%,גרמים,200.00,100 גרם,false,,19.90,0.0995,true,1,8683
7290004126759,false,יוגורט דיאט יופלה פירות יער 150 גרם,תנובה חלב,IL,יופלה פירות יער 0%,מיליליטרים,150.00,"100 מ""ל",false,,5.10,0.0340,true,1,8686
7290004126872,false,משקאות חלב תנובה שוקו בקבוק 250מל,תנובה חלב,IL,שוקו בקבוקון 2%,מיליליטרים,250.00,"100 מ""ל",false,,5.90,0.0236,true,1,22139
7290004127077,false,קוטג תנובה 3% גביע 250 גרם מהדרין,מיוצר עי קונדיטוריית,IL,קוט'ג תנובה 3%,גרמים,250.00,100 גרם,false,,5.50,0.0220,false,1,8687
7290004127329,false,קוטג תנובה גביע 250 גרם %5 ו.מהדרין,מיוצר עי קונדיטוריית,IL,קוטג' תנובה 5% 250 ג,גרמים,250.00,100 גרם,false,,5.50,0.0220,false,1,8690
7290004127336,false,קוטג תנובה גביע 250 גרם %9 ו.מהדרין,מיוצר עי קונדיטוריית,IL,קוטג' תנובה 9% 250 ג,גרמים,250.00,100 גרם,false,,5.50,0.0220,false,1,8691
7290004127800,false,"גבינה לבנה 500 גרם 5% ""תנובה"" -מוצר בפיקוח",מיוצר עי קונדיטוריית,IL,גבינה לבנה 5% 500 גר,גרמים,500.00,100 גרם,false,,9.96,0.0199,false,1,8693
7290004127817,false,גבינה לבנה 9% שומן 500 ג' תנובה,מיוצר עי קונדיטוריית,IL,גבינה לבנה 9% 500 גר,גרמים,500.00,100 גרם,false,,10.00,0.0200,false,1,8694
7290004127862,false,"גבינה לבנה 750 גרם 5% ""תנובה"" - מוצר בפיקוח",תנובה מרכז שיתופי לש,IL,גבינה 5% 750,גרמים,750.00,100 גרם,false,,14.94,0.0199,false,1,8695
7290004127916,false,גבינה לבנה 0.5% שומן 500 ג' תנובה,תנובה מרכז שיתופי לש,IL,גבינה תנובה 0.5%,גרמים,500.00,100 גרם,false,,10.00,0.0200,false,1,8697
7290004128333,false,לאבנה על בסיס יוגורט %9 שומן 500 ג' פיראוס,תנובה חלב,IL,לבנה פיראוס 9% - 500,גרמים,500.00,100 גרם,false,,20.90,0.0418,false,1,8707
7290004128340,false,קרם גבינת שמנת %5 בטעם טבעי 200 ג' תנובה,תנובה חלב,IL,גבינת קרם 5% טבעית,גרמים,200.00,100 גרם,false,,11.90,0.0595,true,1,8708
7290004128364,false,קרם גבינת שמנת 5% עם זיתים ירוקים 200 ג' תנובה,"תנובה, מחלבת תל יוסף",IL,גבינת קרם 5% זית,גרמים,200.00,100 גרם,false,,11.90,0.0595,true,1,8709
7290004128401,false,גבינת פטה פיראוס במש,תנובה חלב,IL,פטה כבשים20% פיראוס,קילוגרמים,1.00,"ק""ג",true,,119.90,119.9000,true,1,8711
7290004128432,false,פתיתים מיוחדים לפיצה על בסיס גבינה 500 ג',תנובה חלב,IL,פתיתים מיוחדים לפיצה,גרמים,500.00,100 גרם,false,,23.50,0.0470,false,1,29822
7290004129101,false,גבינת שמנת 25% בטעם טבעי 225 ג' נפוליאון,תנובה מרכז שיתופי לש,IL,נפוליאון טבעי 30%,גרמים,225.00,100 גרם,false,,13.90,0.0618,false,1,8715
7290004129118,false,גבינת שמנת 24% עם זיתים ירוקים 225 ג' נפוליאון,תנובה מרכז שיתופי לש,IL,נפוליאון זיתים 27%,גרמים,225.00,100 גרם,false,,13.90,0.0618,false,1,8716
7290004129156,false,גבינת שמנת25% עם שום שמיר 225 ג' נפוליאון,תנובה מרכז שיתופי לש,IL,נפוליאון שום שמיר 30,גרמים,225.00,100 גרם,false,,13.90,0.0618,false,1,8717
7290004129545,false,גבינה לבנה 3% 250 גרם ועדת מהדרין,מחלבת אלון תבור,IL,גבינה תנובה 3%,גרמים,250.00,100 גרם,false,,5.00,0.0200,false,1,8724
7290004129736,false,יוגורט במתיקות מעודנת 1.5% שומן 200 ג' יופלה,תנובה מרכז שיתופי לש,IL,יופלה במתיקות מעודנת,מיליליטרים,200.00,"100 מ""ל",false,,4.50,0.0225,true,1,8727
7290004129767,false,"3% 'יופלה לבן מארז שמינייה 1.2 ק""ג",מחלבת אלון תבור,IL,יופלה טבעי 3% שמיניה,מיליליטרים,1200.00,"100 מ""ל",false,,18.40,0.0153,true,1,8728
7290004130695,false,משקאות חלב תנובה אייס קפה בבקבוק 1ל,תנובה מרכז שיתופי לש,IL,אייס קפה 1ליטר,ליטרים,1.00,ליטר,false,,13.20,13.2000,true,1,30186
7290004130794,false,משקה סויה במתיקות מופחתת תנובה 1 ליטר,תנובה מרכז שיתופי לש,IL,משקה סויה מועשר 1.6%,ליטרים,1.00,ליטר,false,,10.60,10.6000,false,1,8733
7290004130916,false,יוגורט יופלה פירות יער בשמנת 3% 150 גרם,תנובה מרכז שיתופי לש,IL,יופלה פירות יער בשמנ,מיליליטרים,150.00,"100 מ""ל",false,,5.10,0.0340,false,1,8736
7290004131074,false,"חלב 1 ליטר 3% קרטון ""תנובה""- מוצר בפיקוח",תנובה מרכז שיתופי לש,IL,חלב 3% טרי בקרטון מה,ליטרים,1.00,ליטר,false,,6.23,6.2300,false,1,8739
7290004131432,false,יוגורט יופלה לבן ביו 3% 200 גרם,מיוצר עי קונדיטוריית,IL,יופלה טבעי 3%,מיליליטרים,200.00,"100 מ""ל",false,,4.00,0.0200,true,1,8743
7290004131456,false,יוגורט ביו 1.5% שומן 200 ג' יופלה,מיוצר עי קונדיטוריית,IL,יופלה טבעי 1.5%,מיליליטרים,200.00,"100 מ""ל",false,,4.00,0.0200,true,1,8744
7290004131531,false,משקאות חלב תנובה שוקו בקבוק 1ל,תנובה מרכז שיתופי לש,IL,שוקו בקבוק 1ליטר,ליטרים,1.00,ליטר,false,,13.20,13.2000,false,1,8747
7290004131814,false,גבינה צפתית 5% מעודנת 200 ג' פיראוס,פארייפאבה אגרואינדוס,IL,גבינת פיראוס צפתית מ,גרמים,200.00,100 גרם,false,,15.90,0.0795,false,1,8755
7290004131845,false,גבינת לאבנה 9% שומן 750 ג' פיראוס,תנובה מרכז שיתופי לש,IL,לאבנה פיראוס 9% 750,גרמים,750.00,100 גרם,false,,23.90,0.0319,false,1,60525
7290004132552,false,משקה סויה בטעם טבעי לייט תנובה 1 ליטר,תנובה מרכז שיתופי לש,IL,דיאט סויה טבעי 1.8%,ליטרים,1.00,ליטר,false,,10.60,10.6000,false,1,8774
7290004132606,false,"קרלו מעדן חלב בטעם וניל 2% תנובה 8*100 מ""ל",תנובה מרכז שיתופי לש,IL,מאגדת מיני קרלו שמינ,יחידה,800.00,יחידה,false,,14.70,0.0184,true,1,28085
7290004132903,false,גבינה לבנה 3% מהדרין תנובה 250 גרם,תנובה מרכז שיתופי לש,IL,"גבינה 3% בד""צ",גרמים,250.00,100 גרם,false,,5.00,0.0200,false,1,45133
7290004133511,false,יופלה מאגדת לבן 1.5% מעודן 8 יח' * 150 ג',מיוצר עי קונדיטוריית,IL,שמיניית יופלה במתיקו,מיליליטרים,1200.00,"100 מ""ל",false,,21.90,0.0182,true,1,8794
7290004134945,false,יוגורט מוקה 3% שומן 150 ג' יופלה,תנובה מרכז שיתופי לש,IL,יופלה מוקה 3%,מיליליטרים,150.00,"100 מ""ל",false,,5.10,0.0340,true,1,23802
7290004135058,false,שמיניית קרלו מיני שוקולד 100 גרם מהדרין,תנובה מרכז שיתופי לש,IL,מאגדת מיני קרלו שמינ,גרמים,800.00,100 גרם,false,,14.70,0.0184,true,1,28086
7290004135225,false,מעדן חלב דל קלוריות בטעם שוקולד 0.2שומ,תנובה מרכז שיתופי לש,IL,מעדן דיאט שוקולדה 0%,מיליליטרים,150.00,"100 מ""ל",false,,4.10,0.0273,true,1,24286
7290004135324,false,פיראוס בולגרית מע5%משקל,תנובה מרכז שיתופי לש,IL,בולגרית 5% מעודנת תנ,קילוגרמים,1.00,"ק""ג",true,,49.90,49.9000,false,1,23596
7290004135614,false,גבינה בולגרית מעודנת 5% פיראוס 250 גרם,תנובה חלב,IL,בולגרית מעודנת 5% תנ,גרמים,250.00,100 גרם,false,,23.90,0.0956,false,1,28496
7290004136154,false,"משקה חלב אייס קפה תנובה בבקבוק 340 מ""ל",גוד פוד פרודקטס S.p,IL,שוק אייס קפה 2% 340,מיליליטרים,650.00,"100 מ""ל",false,,7.30,0.0112,true,1,29072
7290004136291,false,צפתית 5% מעודנת תנוב,תנובה,IL,צפתית מעודנת,קילוגרמים,1.00,"ק""ג",true,,59.90,59.9000,true,1,34303
7290004136598,false,מארז הפסקת אוכל עם קורנפלקס ומשקה חלב עמיד בטעם וניל,פארייפאבה אגרואינדוס,IL,מארז הפסקת אוכל חלב,מיליליטרים,150.00,"100 מ""ל",false,,9.30,0.0620,false,1,27071
7290004136857,false,מעדן גלי פטל תנובה 125 גרם,תנובה מרכז שיתופי לש,IL,ג'לי פטל תנובה,גרמים,125.00,100 גרם,false,,2.40,0.0192,true,1,26886
7290004136864,false,מעדן ג'לי בטעם אננס עם חתיכות תנובה 125 גרם,תנובה חלב,IL,ג'לי אננס עם חתיכו א,גרמים,125.00,100 גרם,false,,2.80,0.0224,true,1,26887
7290004136871,false,מעדן ג'לי בטעם אפרסק עם חתיכות תנובה 125 גרם,תנובה מרכז שיתופי לש,IL,ג'לי אפרסק עם חתיכות,גרמים,125.00,100 גרם,false,,2.80,0.0224,true,1,26888
7290004137311,false,עמק לייט משפחתית 9% 400ג-ועדת מהדרין,תנובה חלב,IL,עמק לייט 9% 400 גרם,גרמים,400.00,100 גרם,false,,31.90,0.0797,false,1,29450
7290004137809,false,פיראוס לאבנה 5% גביע 250 גרם,"תנובה, מחלבת אלון תב",IL,לאבנה 5% פיראוס,גרמים,250.00,100 גרם,false,,13.00,0.0520,false,1,29654
7290004147020,false,גיישנית מקורית/יפאני,איסן,JP,ספוג יפני לרחצה,יחידה,0.00,יחידה,false,,22.90,0.0000,true,1,14996
7290004147051,false,קיסמי שיניים רפואיים 300יח',וולטרס,,קיסמי שיניים צנצ,יחידה,0.00,יחידה,false,,10.90,0.0000,true,1,14998
7290004147150,false,ליפות גב לרחצה + רצו,מיה טריידינג,CN,רצועות מסאז' לגב,יחידה,0.00,יחידה,false,,12.90,0.0000,true,1,15000
7290004147280,false,שקית כביסון,מיה טריידינג,CN,שקית כביסון,יחידה,750.00,יחידה,false,,9.90,0.0132,true,1,15006
7290004147310,false,מראה לטיול מס 4,,,מראה לטיול מס 4,יחידה,0.00,יחידה,false,,6.90,0.0000,true,1,110439
7290004147327,false,מלבין כביסה 1 קג,,,מלבין כביסה 1 קג,מיליליטרים,1000.00,"100 מ""ל",false,,19.90,0.0199,true,1,15009
7290004147334,false,סוגרן שקיות מזון,מיה טריידינג,CN,סוגרן שקיות,יחידה,0.00,יחידה,false,,7.90,0.0000,true,1,29062
7290004147440,false,קוצץ ציפורניים,,,קוצץ ציפורניים,יחידה,0.00,יחידה,false,,8.90,0.0000,true,1,35209
7290004147617,false,קוקיות קטיפה,,,קוקיות קטיפה,יחידה,0.00,יחידה,false,,7.90,0.0000,true,1,114168
7290004147655,false,שרוכים לנעליים,,,שרוכים לנעליים,יחידה,0.00,יחידה,false,,8.00,0.0000,true,1,38178
7290004147839,false,מראות הגדלה פי 5,,,מראות הגדלה,יחידה,0.00,יחידה,false,,13.90,0.0000,true,1,116378
7290004147969,false,קיסמי שיניים מלח,,,קיסמי שיניים מלח,יחידה,0.00,יחידה,false,,3.80,0.0000,true,1,15014
7290004165000,false,רסק תפוחי עץ בתוספת סוכר יכין 560גר,זנלכל,IL,"רסק תפו""ע עם סוכר",גרמים,560.00,100 גרם,false,,6.90,0.0123,true,1,58826
7290004165017,false,"רסק תפו""ע 600 גרם טבעי ללא סוכר יכין","זנלכל בע""\מ",IL,רסק תפוחי עץ ללא סוכ,יחידה,0.00,יחידה,false,,7.90,0.0000,true,1,56238
7290004199241,false,נרות חימום חסידים 50 יחידות,חסידים,,נרות חימום 50 יח',יחידה,0.00,יחידה,false,,9.90,0.0000,true,1,191131
7290004199791,false,כפפות M לטקס עם איבוק עדין 100 יח- SAFE TOUCH,סייף טאצ,TH,כפפות לטקס 100 יח' M,יחידה,0.00,יחידה,false,,17.90,0.0000,true,1,121700
7290004199807,false,כפפות L לטקס עם איבוק עדין 100 יח- SAFE TOUCH,סייף טאצ,TH,כפפות לטקס 100 יח' L,יחידה,0.00,יחידה,false,,17.90,0.0000,true,1,121701
7290004200268,false,צעצוע רמה 2,,,צעצוע רמה 2,יחידה,0.00,יחידה,false,,10.00,0.0000,true,1,7359
7290004200930,false,זיקוק זוג 15 סמ בשקית,שמחה זה אנחנו,CN,זוג זיקוקין,יחידה,0.00,יחידה,false,,7.20,0.0000,true,1,7367
7290004218034,false,אוסובוקו קפוא,,,אוסובוקו קפוא,קילוגרמים,1.00,"ק""ג",true,,55.00,55.0000,false,1,40454
7290004218621,false,אנטריקוט פולני עם עצ,,,אנטריקוט פולני עם עצ,קילוגרמים,1.00,"ק""ג",true,,130.00,130.0000,false,1,66615
7290004219819,false,קומפלטה מלבין קפה הולנדי 200ג,פריזלנד פודס קיוויט,NL,מלבין קפה הולנדי,גרמים,200.00,100 גרם,false,,10.50,0.0525,true,1,14904
7290004219826,false,מלבין קפה הולנדי קומפלטה 400ג',פריזלנד פודס קיוויט,NL,מלבין קפה הולנדי,גרמים,400.00,100 גרם,false,,18.90,0.0472,true,1,14905
7290004225025,false,בסגנון פטה במשקל,מאמן,IL,פטה בקר,קילוגרמים,1.00,"ק""ג",true,,32.90,32.9000,true,1,97312
7290004225872,false,קרם קוקוס ויליגר 400 גרם,טקרנג פינאפלה אינדוס,TH,"קרם קוקוס 400 מ""ל",מיליליטרים,400.00,"100 מ""ל",false,,6.30,0.0157,true,1,63775
7290004229931,false,אורז בסמטי מובחר הימ,ניו בהארט רייס,,אורז בסמטי 1 קג - הי,קילוגרמים,1.00,"ק""ג",false,,9.90,9.9000,true,1,114175
7290004230081,false,קציצות עוף ברוטב עגבניות שגב 800 גרם,"טיבון ויל אחזקות בע""\מ",IL,קציצות עוף ברוטב עגב,גרמים,800.00,100 גרם,false,,22.90,0.0286,true,1,61657
7290004230326,false,שגב מקלות פילו תפוחי עץ 600 גר',שלושת האופים שגמור,IL,"שטרודל פילו תפ""ע",גרמים,600.00,100 גרם,false,,21.00,0.0350,true,1,97180
7290004230333,false,"מקלות בורקס פילו תפו""א שגב 600 גר",שלושת האופים שגמור,IL,מקלות בורקס פילו שגב,גרמים,600.00,100 גרם,false,,21.00,0.0350,true,1,62462
7290004230364,false,שגב מקלות בורקס פילו גבינה צרפתי 600 גר,שלושת האופים שגמור,IL,מקלות בורקס פילו גבי,גרמים,600.00,100 גרם,false,,21.00,0.0350,true,1,62465
7290004256753,false,עלי לסיגר מרוקאי לפסטיליה 450 גרם,סטאר סנקס,IL,עלי סיגר לפסטילייה,יחידה,0.00,יחידה,false,,13.90,0.0000,true,1,114541
7290004324858,false,קבב כבש טיבון ויל 500 גרם,"טיבון ויל אחזקות בע""",IL,קבב כבש,גרמים,500.00,100 גרם,false,,18.90,0.0378,false,1,17966
7290004329990,false,שניצל עוף פרוס קפוא,בלדי,,שניצל עוף פרוס,קילוגרמים,1.00,"ק""ג",true,,42.90,42.9000,true,1,7434
7290004492274,false,בייגלה טבעות מלוחות בייגל בייגל 400 גרם,יוניליוור מזון,IL,בייגלה טבעות מלוחות,גרמים,400.00,100 גרם,false,,8.90,0.0223,true,1,12347
7290004492762,false,"נשנושים תירס אפוי טעם טבעי בייגל בייגל 325 גרם בד""צ",בייגל את בייגל מזון 198),IL,נשנושים תירס,גרמים,325.00,100 גרם,false,,13.50,0.0415,false,1,12363
7290004494131,false,יין דלתון קברנה סוביניון גליל,"יקב דלתון בע""\מ",IL,דלתון גליל קברנה סוב,מיליליטרים,750.00,"100 מ""ל",false,,59.90,0.0799,true,1,13289
7290004494919,false,יין כנען קברנה שיראז 750 מל דלתון,"יקב דלתון בע""מ",IL,כנען קברנה שיראז,מיליליטרים,750.00,"100 מ""ל",false,,37.50,0.0500,true,1,102577
7290004502690,false,וודקה פינלנדיה 1 ליטר,,,פינלנדיה 1 ליטר,ליטרים,1.00,ליטר,false,,89.90,89.9000,true,1,108032
7290004518226,false,מקרוסקה בוואקום,,,מקרוסקה בוואקום,קילוגרמים,1.00,"ק""ג",true,,100.00,100.0000,true,1,116948
7290004554354,false,גלידת פנטזיה שוקו וניל 1 ל' שטראוס,"גלידת שטראוס בע""\מ, רחוב",IL,גלידת פנטזיה וניל שו,יחידה,900.00,יחידה,false,,23.90,0.0266,true,1,7825
7290004554903,false,"גלידת פנטזיה שוקו וניל 900 מ""ל שטראוס","גלידת שטראוס בע""\מ, רחוב",IL,פנטזיה פרווה,יחידה,900.00,יחידה,false,,23.90,0.0266,true,1,7831
7290004559236,false,שפדלים למריחה / בדיק,,,שפדלים למריחה / בדיק,יחידה,0.00,יחידה,false,,7.00,0.0000,true,1,70418
7290004584306,false,רבעיית גמדים בטעם תות בננה * 100 ג' שטראוס,מיוצר עי קונדיטוריית,IL,סופר גמדים תות בננה,גרמים,400.00,100 גרם,false,,11.10,0.0277,true,1,7564
7290004584351,false,גבינה לבנה סימפוניה עם תוספות 200 ג' חמישית 200,"שטראוס בריאות בע""\מ",IL,סימפוניה 5%,גרמים,200.00,100 גרם,false,,11.20,0.0560,false,1,7565
7290004584528,false,יוגורט דנונה ביו לבן 1.7% שומן 200 גרם,מיוצר עי קונדיטוריית,IL,יוגורט דנונה ביו 1.7,מיליליטרים,200.00,"100 מ""ל",false,,3.50,0.0175,true,1,7566
7290004585907,false,דני ועדן וניל 1.5% 125ג' שטראוס,מיוצר עי קונדיטוריית,IL,דני וניל 1.5%,מיליליטרים,130.00,"100 מ""ל",false,,2.60,0.0200,true,1,7568
7290004639006,false,קוסקוס ביתי מוקפא 800 גר,מטעמי פאר,IL,קוסקוס קפוא 800 גר',גרמים,800.00,100 גרם,false,,15.90,0.0199,true,1,11489
7290004658847,false,"תירוש כרמל מיץ ענבים אדום, 187 מ""ל",יקבי כרמל,IL,יין תירוש קטן,מיליליטרים,187.00,"100 מ""ל",false,,5.90,0.0316,true,1,112787
7290004658953,false,יין סוביניון בלאן פרייבט קולקשן יקבי כרמל,"כד בני דרום בע""מ",IL,סוביניון בלאן P.C,מיליליטרים,750.00,"100 מ""ל",false,,34.90,0.0465,false,1,20449
7290004685027,false,לחם חיטה מלאה פלוס לחם הארץ 500 גרם,מאפית י את א ברמן בע,IL,לחם חיטה מלאה קל,גרמים,500.00,100 גרם,false,,17.90,0.0358,true,1,59289
7290004685089,false,לחם הארץ לחם חמניות 500 גר',מאפית י את א ברמן בע,IL,לחם הארץ חמניות,גרמים,500.00,100 גרם,false,,17.90,0.0358,true,1,59327
7290004685157,false,לחם שיפון 100% 750 גרם לחם הארץ,מאפית י את א ברמן בע,IL,לחם הארץ שיפון 100%,גרמים,750.00,100 גרם,false,,17.90,0.0239,true,1,10533
7290004685201,false,לחם הארץ שיפון אגוזים500,מאפית י את א ברמן בע,IL,לחם שיפון אגוזים,גרמים,500.00,100 גרם,false,,17.90,0.0358,true,1,10536
7290004685225,false,לחם שיפון פומפרניקל מקמח שיפון,מאפית י את א ברמן בע,IL,לחם שיפון פומפרניקל,גרמים,750.00,100 גרם,false,,17.90,0.0239,true,1,10537
7290004685430,false,לחם הארץ כוסמין 100% 500 גרם,מאפית י את א ברמן בע,IL,לחם הארץ כוסמין 100%,גרמים,500.00,100 גרם,false,,17.90,0.0358,true,1,104566
7290004725600,false,גבינה סקנדינבית31% משקל,תנובה חלב,IL,גבינה סקנדינבית,קילוגרמים,1.00,"ק""ג",true,,79.90,79.9000,false,1,102206
7290004731090,false,אלסבון כיף קמומיל 1 ליטר,קוסמופארם בע'\'\מ,IL,כיף קמומיל אל סבון 1,ליטרים,1.00,ליטר,false,,12.90,12.9000,true,1,64069
7290004731410,false,"שלישיית כריות קרצוף ירוקות סנו סושי 25X10.6 ס""מ",קריות זול,IL,סקוטש סושי ענק ירוק,יחידה,0.00,יחידה,false,,9.90,0.0000,true,1,17199
7290004731472,false,"שלישיית אלסבון צבעוני כיף 500 מ""ל",טרופיקל דגיל תעשיות,IL,כיף סבון נוזלי שלישי,ליטרים,1.50,ליטר,false,,19.90,13.2667,true,1,17203
7290004731519,false,"מקסימה מרכך ומבשם כביסה למייבש סנסיטיב סנו 750 מ""ל",סנו מקסימה,IL,סנו מקסימה למייבש,מיליליטרים,750.00,"100 מ""ל",false,,19.90,0.0265,true,1,17204
7290004731557,false,"מקסימה תרסיס מרכך ומבשם כביסה במייבש מאסק סנו 750 מ""ל",סנו מקסימה,IL,סנו מקסימה למייבש,מיליליטרים,750.00,"100 מ""ל",false,,19.90,0.0265,true,1,21184
7290004731564,false,"מקסימה מבשם ומרכך למייבש הכביסה בלו בלוסום 750 מ""ל",סנו מקסימה,IL,סנו מקסימה ספריי למי,מיליליטרים,750.00,"100 מ""ל",false,,19.90,0.0265,true,1,105457
7290004737719,false,אספרגוס שלם מקולף בצנצנת ויליפוד 330 גרם,קריות זול,CN,אספרגוס שלם מקולף 33,גרמים,330.00,100 גרם,false,,9.90,0.0300,true,1,14907
7290004737900,false,חלב כחוש מרוכז וממותק בתוספת שמן צמחי ויליפוד 397 גרם,יו.איי.בי מאריג'אמפו,LT,חלב מרוכז,גרמים,397.00,100 גרם,false,,9.90,0.0249,true,1,14909
7290004768294,false,פילה אמנון ללא עור קפוא 5-7 בלדי,בלאדי,CN,פילה אמנון 5-7 ללא ע,קילוגרמים,1.00,"ק""ג",true,,28.90,28.9000,false,1,116050
7290004798130,false,שבבי סבון טבעיים ליטופית 750 גרם,נאמן,,שבבי סבון,גרמים,750.00,100 גרם,false,,22.90,0.0305,true,1,22925
7290004829636,false,דלי 10 ליטר,,,דלי 10 ליטר,יחידה,0.00,יחידה,false,,11.90,0.0000,true,1,116002
7290004861025,false,גבינה בולגרית 5% במשקל,"מחלבת המושבה בע""מ",IL,גבינה בולגרית המושבה,קילוגרמים,1.00,"ק""ג",true,,51.90,51.9000,true,1,67733
7290004861285,false,גבינה טבורוג המושבה,"מחלבת המושבה בע""מ",IL,גבינה טבורוג המושבה,קילוגרמים,1.00,"ק""ג",true,,39.90,39.9000,true,1,28177
7290004955762,false,טחינה 450 גר' זארובי,זארובי,,טחינה 450 גר' זארובי,גרמים,450.00,100 גרם,false,,12.90,0.0287,true,1,122490
7290005000522,false,מראה רטוב לשיער ירוק,,,מראה רטוב לשיער ירוק,מיליליטרים,200.00,"100 מ""ל",false,,19.90,0.0995,true,1,66537
7290005000539,false,"מראה רטוב 200 מ""ל",,,"מראה רטוב 200 מ""ל",מיליליטרים,200.00,"100 מ""ל",false,,19.90,0.0995,true,1,66923
7290005000546,false,גולד טאב 200 גר',,,גולד טאב 200 גר',גרמים,200.00,100 גרם,false,,25.90,0.1295,true,1,66581
7290005000577,false,טיפות סיליקון לשיער,,,טיפות סיליקון לשיער,מיליליטרים,50.00,"100 מ""ל",false,,39.90,0.7980,true,1,69696
7290005000584,false,קרם לחות אובלפיחה,,,קרם לחות אובלפיחה,מיליליטרים,500.00,"100 מ""ל",false,,24.90,0.0498,true,1,66538
7290005000638,false,ספרי סיליקון,,,ספרי סיליקון,מיליליטרים,230.00,"100 מ""ל",false,,39.90,0.1735,true,1,67587
7290005000645,false,סיליקון-קרם טלטלים,,,סיליקון-קרם טלטלים,מיליליטרים,500.00,"100 מ""ל",false,,28.90,0.0578,true,1,68639
7290005008184,false,"סבון נוזלי בניחוח חלב שקדים פלמוליב 500 מ""ל",הנסיך- מפעל לייצור ט,TR,פלמוליב סבון נוזלי ש,מיליליטרים,500.00,"100 מ""ל",false,,14.90,0.0298,false,1,7984
7290005008191,false,"סבון נוזלי ארומה בניחוח לבנדר פטצ'ולי וילנג ילנג פלמוליב 500 מ""ל",הנסיך- מפעל לייצור ט,TR,סבון נוזלי פלמוליב ס,מיליליטרים,500.00,"100 מ""ל",false,,14.90,0.0298,false,1,7985
7290005008436,false,מטליות אוניברסל רב שימושיות 9יח,,IL,מטליות אוניברסל תשיע,יחידה,0.00,יחידה,false,,12.90,0.0000,true,1,18227
7290005008481,false,ספיד סטיק - דאודורנט ג'ל לגבר ספורט 85 גרם,הנסיך- מפעל לייצור ט,US,ספיד סטיק ג'ל,גרמים,85.00,100 גרם,false,,19.90,0.2341,true,1,7989
7290005041198,false,מעדני הטלה קבב ביתי,לאטי עזרא גלם ודגים,IL,"קבב ביתי 1 ק""ג",קילוגרמים,1.00,"ק""ג",false,,45.90,45.9000,true,1,63110
7290005068058,false,תירס קל מופחת קלוריות 550 ג' פרי הגליל,"פרי הגליל בע""""מ",IL,תירס קל 550 גרם,גרמים,550.00,100 גרם,false,,6.90,0.0125,false,1,10424
7290005068492,false,לקט ירקות מעורבים 700 גרם פרי-גליל,"פרי הגליל בע""""מ",IL,לקט ירקות מעורבים 70,גרמים,700.00,100 גרם,false,,9.90,0.0141,true,1,10426
7290005079221,false,בולגרית מעודנת5% משקל,מחלבת משק צוריאל,IL,בולגרית מעודנת 5% צו,קילוגרמים,1.00,"ק""ג",true,,51.90,51.9000,false,1,66208
7290005079603,false,פטה עיזים מעודנת5% משקל,משק צוריאל,IL,פטה עיזים מעודנת 5%,קילוגרמים,1.00,"ק""ג",true,,119.00,119.0000,true,1,125733
7290005084355,false,סנסודין משחת שיניים דואל קר פלואוריד 75,גלקסו סמית קליין,GB,סנסודין דואל קר,מיליליטרים,75.00,"100 מ""ל",false,,21.90,0.2920,true,1,13669
7290005111761,false,"מזון לכלבים בונזו מזון כלבים בשר 3 ק""ג","ביופט בע""מ",FR,"בונזו בשר 3 ק""ג",קילוגרמים,3.00,"ק""ג",false,,47.90,15.9667,false,1,15944
7290005113222,false,זיתים קוקטייל וגמבה יבנה 350ג',קבוצת יבנה,IL,מיקס זיתים 340 גרם ל,גרמים,340.00,100 גרם,false,,9.90,0.0291,true,1,42746
7290005169922,false,תה טיבטי קלאסי טבעי 90 שקיקים,SHALPHARM HMZRAH (SODOT,IL,תה טיבטי בטעם קלאסי,גרמים,180.00,100 גרם,false,,42.90,0.2383,true,1,23438
7290005169939,false,תה טיבטי קלאסי נענע 90 שקיקים,SHALPHARM HMZRAH (SODOT,IL,תה טיבטי בטעם נענע 9,גרמים,180.00,100 גרם,false,,42.90,0.2383,true,1,23439
7290005169946,false,תה טיבטי קלאסי לימון 90 שקיקים,SHALPHARM HMZRAH (SODOT,IL,תה טיבטי בטעם לימון,גרמים,180.00,100 גרם,false,,42.90,0.2383,true,1,23440
7290005169953,false,תה טיבטי קלאסי פירות 90 שקיקים,SHALPHARM HMZRAH (SODOT,IL,תה טיבטי בטעם פירות,גרמים,180.00,100 גרם,false,,42.90,0.2383,true,1,23437
7290005174513,false,סלט חצילים במיונז אחלה 500 גרם,מיוצר עי קונדיטוריית,IL,חציל קלוי שטראוס,גרמים,500.00,100 גרם,false,,15.00,0.0300,true,1,105398
7290005174551,false,סלט חומוס עם צנוברים 125 ג' אחלה,מיוצר עי קונדיטוריית,IL,סלט חומוס אחלה א,גרמים,125.00,100 גרם,false,,4.60,0.0368,true,1,7572
7290005174568,false,סלט חצילים במיונז אחלה 125 גרם,"שטראוס גרופ בע""\מ",IL,סלט חצילים אישי,גרמים,125.00,100 גרם,false,,4.60,0.0368,true,1,7573
7290005174575,false,טחינה אחלה יום יום משובחת 125ג',מיוצר עי קונדיטוריית,IL,סלט טחינה אישי א,גרמים,125.00,100 גרם,false,,4.60,0.0368,true,1,7574
7290005175428,false,"קמח תירס לל""ג ריבארה 500 ג'",קריות זול,AR,קמח תירס אינסטנט,גרמים,500.00,100 גרם,false,,5.80,0.0116,true,1,14910
7290005175589,false,"קמח תירס ללא גלוטן וילי פוד 1 ק""ג",קריות זול,AR,קמח תירס 1 קג,יחידה,1.00,יחידה,false,,9.30,9.3000,true,1,14911
7290005197758,false,"עוגיות חיוכים שוקולד עלית 150 גרם בד""צ",אפיפית נצרת תעשיות ב,IL,חיוכים שוקו עלית,גרמים,150.00,100 גרם,false,,5.00,0.0333,true,1,9782
7290005199578,false,קפה פלטינום נטול קפאין עלית 200 גרם,שטראוס קפה בי.וי.,IL,קפה נמס פלטינום נטול,גרמים,200.00,100 גרם,false,,31.90,0.1595,false,1,9791
7290005199738,false,גומי מאסט בטעם פפרמינט ריח פה נעים פליפטופ 28 ג' עלית,"שטראוס גרופ בע""מ",IL,מסטיק מאסט בטעם פפרמ,גרמים,28.00,100 גרם,false,,4.40,0.1571,false,1,9793
7290005200786,false,תפוצ'יפס בטעם שמנת בצל עלית 50 גרם,"שטראוס פריטו ליי בע""\מ )",IL,תפוציפס 50,גרמים,50.00,100 גרם,false,,3.90,0.0780,true,1,10159
7290005201455,false,קפה נמס מגורען ארומה קלאסי עלית 200 גרם,"אינסטנטה בע""מ",PL,קפה נמס מגורען ארומה,גרמים,200.00,100 גרם,false,,21.90,0.1095,false,1,9799
7290005201882,false,קפה טורקי בצלופן עלית 200 גרם,הנסיך- מפעל לייצור ט,IL,קפה טורקי 200,גרמים,200.00,100 גרם,false,,14.90,0.0745,false,1,9802
7290005230639,false,מרקיות אלגנט לבן 25 יח',פאלאס,IL,צלחות מרק אלגנט לבן-,יחידה,0.00,יחידה,false,,9.90,0.0000,true,1,36519
7290005230714,false,ליפתניות אלגנט לבן 25 יח,,IL,צלחת ליפתנית אלגנט,יחידה,0.00,יחידה,false,,5.90,0.0000,true,1,38443
7290005270000,false,עלי סיגר מרוקאי 500,"חמים וטעים בע""מ",IL,עלי סיגר מרוקאי 500,גרמים,500.00,100 גרם,false,,14.90,0.0298,true,1,20359
7290005287206,false,רביעיית טונה בשמן סטארקיסט 160 גרם,"סטארקיסט פודור בע""מ",VN,רביעייה טונה בשמן 4x,גרמים,640.00,100 גרם,false,,24.90,0.0389,false,1,15972
7290005287251,false,רביעיית טונה במים סטארקיסט 160 גרם,"סטארקיסט פודור בע""מ",VN,רביעייה טונה סטארקיס,גרמים,640.00,100 גרם,false,,24.90,0.0389,false,1,20999
7290005287336,false,סטארקיסט טונה בשמן 80גרם שלישיות - בדצ עדה חרדית,סטאר קיסט,TR,סטאר קיסט 80 גר שליש,גרמים,240.00,100 גרם,false,,11.90,0.0496,true,1,21000
7290005287510,false,"סטארקיסט טונה בשמן עם פלפל חריף 160 גרם בד""צ",תאי יוניון גרופ,TH,טונה סטארקיסט בשמן פ,גרמים,160.00,100 גרם,false,,7.60,0.0475,true,1,62704
7290005287527,false,"סטארקיסט טונה בשמן עם לימון 160 גרם בד""צ",תאי יוניון גרופ,TH,טונה סטארקיסט בשמן ל,גרמים,160.00,100 גרם,false,,7.60,0.0475,true,1,63164
7290005287534,false,"סטארקיסט טונה בשמן עישון טבעי 160 גרם בד""צ",תאי יוניון גרופ,IL,טונה סטארקיסט בשמן ע,גרמים,160.00,100 גרם,false,,7.60,0.0475,true,1,63145
7290005287657,false,"סטארקיסט ממרח טונה 160 גרם בד""צ","סטארקיסט פודור בע""מ",TH,ממרח טונה סטאר קיסט,גרמים,160.00,100 גרם,false,,7.90,0.0494,true,1,30042
7290005296260,false,"אסטוניש ספריי רסס ונגב לניקוי כללי יעקבי 750 מ""ל",יעקובי אסטוניש,GB,אסטוניש רסס נגב,מיליליטרים,750.00,"100 מ""ל",false,,11.90,0.0159,true,1,13766
7290005296857,false,"פוליבוי ספריי מנקה ומבריק הכל יעקבי 300 מ""ל",דרמרס DRAMERS,PL,פוליבוי מרסס לכל הרה,מיליליטרים,300.00,"100 מ""ל",false,,14.90,0.0497,true,1,13773
7290005296871,false,מנקה ומבריק רהיטי עץ,פוליבוי,DE,פוליבוי לרהיטי ע,מיליליטרים,100.00,"100 מ""ל",false,,14.90,0.1490,true,1,13774
7290005296895,false,פוליבוי קצף לכלי כסף,פוליבוי,DE,פוליבוי כסף בקבו,מיליליטרים,200.00,"100 מ""ל",false,,21.90,0.1095,true,1,13776
7290005296901,false,פוליבוי מטלית כס,פוליבוי,,פוליבוי מטלית כס,יחידה,100.00,יחידה,false,,19.90,0.1990,true,1,27564
7290005326387,false,עגבניות מיובשות בשמן זית אוליביה 270 גרם,אוליביה,IL,עגבניות מיובשות אולי,גרמים,280.00,100 גרם,false,,19.90,0.0711,true,1,8817
7290005326585,false,ממרח אוליביה פסטו בזיליקום 180 ג',"אוליביה גורמה בע""מ",IL,פסטו בזיליקום אוליבי,גרמים,180.00,100 גרם,false,,12.90,0.0717,true,1,110262
7290005384851,false,וילי פוד מיץ לימון בדץ 200מל,קריות זול,IT,מיץ לימון משומר,מיליליטרים,200.00,"100 מ""ל",false,,4.90,0.0245,true,1,14915
7290005384868,false,בסיגנון דנאבלו 29% במשקל,,IL,גבינת דנאבלו מעדניה,קילוגרמים,1.00,"ק""ג",true,,79.90,79.9000,true,1,17975
7290005384899,false,פטינה ים תיכונית בסג,וילי פוד,IL,פטה יוונית,קילוגרמים,1.00,"ק""ג",true,,37.00,37.0000,true,1,14916
7290005418709,false,"נטורל קרם לחות לקיבוע תלתלים גלי 400 מ""ל",מיוצר עי אמיליה קוסמ,IL,לחות לקיבוע תלתלים 4,מיליליטרים,400.00,"100 מ""ל",false,,25.90,0.0647,true,1,16823
7290005418716,false,"קרם לחות לבניית תלתלים עגולים נטורל פורמולה 400 מ""ל",מיוצר עי אמיליה קוסמ,IL,לחות בניה תלתלים 400,מיליליטרים,400.00,"100 מ""ל",false,,25.90,0.0647,true,1,16824
7290005423086,false,מטהר אוויר סנומוד פר,סנו מפעלי ברונוס בעמ,IL,מטהר אוויר סנו מוד,מיליליטרים,150.00,"100 מ""ל",false,,12.90,0.0860,true,1,108037
7290005423253,false,"סנו - מקסימה מרסס למייבש כביסה אולטרה פרש 750 מ""ל","סנו מפעלי ברונוס בע""\מ",IL,מבשם למייבש כביסה,מיליליטרים,750.00,"100 מ""ל",false,,19.90,0.0265,true,1,17215
7290005423499,false,"תרסיס לניקוי משטחי נירוסטה אירוסל סנו 500 מ""ל",מיוצר עי קונדיטוריית,IL,סנו נירוסטה,מיליליטרים,500.00,"100 מ""ל",false,,19.90,0.0398,true,1,17222
7290005423567,false,מטליות ניקוי רב שימושיות בגליל סנו סושי 40 יחידות,אסותא תעשיות אלבד בע,IL,מטליות לניקוי כללי צ,יחידה,0.00,יחידה,false,,19.90,0.0000,true,1,17223
7290005423635,false,ריצפז נוזל רצפות דוחה תיקנים סנו 2 ליטר,מיוצר עי קונדיטוריית,IL,ריצפז דוחה חרקים,ליטרים,2.00,ליטר,false,,21.90,10.9500,false,1,17225
7290005423734,false,מרכך כביסה מרוכז אולטרא פרש סנו מקסימה 4 ליטר,"סנו מפעלי ברונוס בע""\מ",IL,מרכך סנו 4 ליטר,ליטרים,4.00,ליטר,false,,21.90,5.4750,false,1,17226
7290005423871,false,שלישיית משחת שיניים מנטול אורביטול 145 גרם,טרופיקל דגיל תעשיות קוסמ,IL,אורביטול שלישיה,גרמים,435.00,100 גרם,false,,19.90,0.0457,true,1,21191
7290005423918,false,סנו - מקסימה מרכך כביסה היפואלרגני אלוורה 4 ליטר,"סנו מפעלי ברונוס בע""\מ",IL,מרכך כביסה סנו מקסימ,ליטרים,4.00,ליטר,false,,22.90,5.7250,false,1,17229
7290005424311,false,"קוטל חרקים רב קוטל K סנו 500 מ""ל",מיוצר עי קונדיטוריית,IL,סנו K רב קוטל,מיליליטרים,475.00,"100 מ""ל",false,,21.90,0.0461,true,1,17233
7290005424755,false,מטליות ריצפז פלוס לחות לניקוי רצפות דוחה תיקנים 10 יח' סנו,סנו מפעלי ברונוס בעמ,IL,מטליות לחות לניקוי ר,יחידה,0.00,יחידה,false,,15.90,0.0000,true,1,110319
7290005424762,false,ריצפז פלוס ווקס נוזל להברקת רצפות דוחה תיקנים סנו 2 ליטר,"סנו מפעלי ברונוס בע""\מ",IL,ריצפז ווקס דוחה,ליטרים,2.00,ליטר,false,,31.90,15.9500,true,1,17239
7290005424809,false,כריות קרצוף ענקיות לניקוי כללי סנו סושי 3 יחידות,קריות זול,IL,סקוטש סנו סושי,יחידה,0.00,יחידה,false,,9.90,0.0000,true,1,17242
7290005424847,false,"מפיות סופט לבנות לשולחן (150 יח') ""סנו""",מיוצר עי קונדיטוריית,TR,סנו סושי מפיות אירוח,יחידה,0.00,יחידה,false,,7.90,0.0000,true,1,17243
7290005425073,false,"מטהר אויר בניחוח יסמין ועץ סאנדלווד סנו 300 מ""ל","סנו מפעלי ברונוס בע""\מ",IL,דאודורנט פרש סנו,יחידה,300.00,יחידה,false,,12.90,0.0430,true,1,17250
7290005425110,false,"חיטוי משטחים 99.9% מתז מחטא ומשמיד 750 מ""ל","סנו מפעלי ברונוס בע""\מ",IL,סנו חיטוי משטחים 99.,מיליליטרים,750.00,"100 מ""ל",false,,14.90,0.0199,true,1,113358
7290005425127,false,"חיטוי משטחים 99.9% מתז לשומנים ואבנית 750 מ""ל","סנו מפעלי ברונוס בע""\מ",IL,סנו חיטוי וניקוי יסו,מיליליטרים,750.00,"100 מ""ל",false,,14.90,0.0199,true,1,113359
7290005425196,false,"מקסימה אבקת כביסה סנסיטיב סנו 2.5 ק""ג",מיוצר עי קונדיטוריית,IL,סנו מקסימה 5 2 ק,קילוגרמים,2.50,"ק""ג",false,,25.90,10.3600,false,1,17254
7290005425202,false,אבקת כביסה ביו מקסימה לכתמים קשים,"סנו מפעלי ברונוס בע""\מ",IL,סנו מקסימה 5 2 ק,קילוגרמים,2.50,"ק""ג",false,,25.90,10.3600,false,1,17255
7290005425585,false,מטליות לחות לניקוי רהיטים סנו 20 יחידות,"סנו מפעלי ברונוס בע""\מ",IL,מטליות סנו רהיט,יחידה,0.00,יחידה,false,,13.90,0.0000,true,1,17256
7290005425646,false,קליר נוזל לניקוי חלונות רב תכליתי סנו 1 ליטר,"סנו מפעלי ברונוס בע""\מ",IL,סנוקליר נוזל רב תכלי,ליטרים,1.00,ליטר,false,,11.90,11.9000,false,1,17257
7290005425714,false,"שמפו שטיחים סנו פלוס 600 מ""ל","סנו מפעלי ברונוס בע""\מ",IL,סנו שמפו שטיחים,מיליליטרים,600.00,"100 מ""ל",false,,23.90,0.0398,true,1,17259
7290005426186,false,סקוטש כריות קרצוף ענקיות סנו סושי 3 יחידות,קריות זול,US,סקוטש ענק סושי,יחידה,0.00,יחידה,false,,20.00,0.0000,true,1,23485
7290005426193,false,ספוגית הפלא סנו סושי 6 יחידות,טרופיקל דגיל תעשיות,IL,ספוג פלא סנו סוש,יחידה,0.00,יחידה,false,,11.50,0.0000,false,1,17269
7290005426230,false,מטלית הפלא לרצפה מיקרופייבר סנו 1יח',קריות זול,CN,סושי סחבה לריצפה,יחידה,0.00,יחידה,false,,11.90,0.0000,false,1,17271
7290005426568,false,"קרמה - קרם לחות לשיער רגיל 400 מ""ל",טרופיקל דגיל תעשיות,IL,לחות לשיער קרמה,מיליליטרים,400.00,"100 מ""ל",false,,22.90,0.0572,true,1,17280
7290005426629,false,"סנו דואופרש אורן לוטוס ופרחי מים ודובדבן, 300 מ""ל",סנו fresh,IL,דאוד' פרש אורן ד,מיליליטרים,300.00,"100 מ""ל",false,,12.90,0.0430,true,1,17285
7290005426803,false,מקסימה מרכך כביסה פצ'ולי לבנדר סגול סנו 4 ליטר,סנו מקסימה,IL,מרכך סנו מקסימה,ליטרים,4.00,ליטר,false,,21.90,5.4750,false,1,17288
7290005426971,false,סנובון סבון לאסלה תפוח כחול סנו 3 יחידות,סנו מפעלי ברונו בעמ,IL,סנובון כחול שליש,גרמים,165.00,100 גרם,false,,14.90,0.0903,false,1,17296
7290005427107,false,סנו - סושי מגבות נייר הפלא 6 יחידות,מיוצר עי קונדיטוריית,IL,סושי מגבות הפלא למטב,יחידה,0.00,יחידה,false,,11.90,0.0000,false,1,17300
7290005427725,false,"חמישיית מגבונים מבושם ""ליטופים""",טרופיקל דגיל קוסמטיק,IL,מגבונים ליטופים מארז,יחידה,0.00,יחידה,false,,18.90,0.0000,false,1,27604
7290005427787,false,"קרמה - קרם לחות לשיער מתולתל 400 מ""ל",טרופיקל דגיל תעשיות,IL,לחות לשיער מתולת,מיליליטרים,400.00,"100 מ""ל",false,,22.90,0.0572,true,1,17336
7290005427848,false,מטליות ניקוי רב שימושיות בגליל סנו סושי 40 יחידות,קריות זול,IL,סנו מטליות בגליל ורו,יחידה,0.00,יחידה,false,,19.90,0.0000,true,1,17339
7290005428845,false,מפיות סנו סופט 33*33 100 יחידות,"חי מוצרי נייר בע""מ",IL,סנו סופט מפיות 33*33,יחידה,0.00,יחידה,false,,8.90,0.0000,true,1,17357
7290005429279,false,סנו מקסימה קומפקט קומפקט אפקט גאוול 6 ק,סנו מפעלי ברונוס בעמ,IL,סנו מקסימה אפקט ג'או,קילוגרמים,6.00,"ק""ג",false,,49.90,8.3167,false,1,23864
7290005429286,false,"אבקת כביסה מקסימה ביו 6 ק""ג סנו",סנו מקסימה,IL,סנו מקסימה ביו 6 קג,קילוגרמים,6.00,"ק""ג",false,,49.90,8.3167,false,1,23793
7290005430480,false,מטלית הפלא למשטחים מיקרופייבר סנו סושי 1 יחידה,קריות זול,IL,מטלית הפלא סנו,יחידה,0.00,יחידה,false,,7.50,0.0000,true,1,17365
7290005430602,false,"סנו אוקסיג'ן ספריי להסרת כתמים עם חמצן פעיל 750 מ""ל","סנו מפעלי ברונוס בע""",IL,מסיר כתמים סנו,מיליליטרים,750.00,"100 מ""ל",false,,19.90,0.0265,false,1,17368
7290005430671,false,פוליויקס נוזל לניקוי קרמיקה סנו 2 ליטר,סנו מפעלי ברונו בעמ,IL,פוליוקס קרמיקה,ליטרים,2.00,ליטר,false,,19.90,9.9500,false,1,17371
7290005430961,false,מקסימה שמפו נוזל לכביסה עדינה ביד סנו 1 ליטר,יושלם,,בד גארד נוזל 1 ל,ליטרים,1.00,ליטר,false,,17.50,17.5000,true,1,17375
7290005431159,false,תותים בקצפת לייט עדן קינוחים 80 גרם,עדן קינוחים,IL,תותים בקצפת לייט,גרמים,80.00,100 גרם,false,,6.90,0.0863,true,1,137209
7290005431883,false,מלבי חלבי עדן קינוחים 165 גרם,עדן קינוחים Eden,IL,מלבי חלבי 165 גר',גרמים,165.00,100 גרם,false,,6.90,0.0418,true,1,117044
7290005431906,false,קדאיף עדן קינוחים 82 גרם,עדן קינוחים Eden,IL,קדאיף 82 גר',גרמים,82.00,100 גרם,false,,6.90,0.0841,true,1,117046
7290005431913,false,עוגת גבינה פירורים עדן קינוחים 92 גרם,עדן קינוחים Eden,IL,עוגת גבינה פירורים 9,גרמים,92.00,100 גרם,false,,6.90,0.0750,true,1,117047
7290005431920,false,עוגת גבינה פירורים לייט עדן קינוחים 78 גרם,עדן קינוחים Eden,IL,עוגת גבינה פירורים ל,גרמים,78.00,100 גרם,false,,6.90,0.0885,true,1,117048
7290005431937,false,טירמיסו עדן קינוחים 82 גרם,עדן קינוחים Eden,IL,טירמיסו 82 גר',גרמים,82.00,100 גרם,false,,6.90,0.0841,true,1,117049
7290005431968,false,מלבי שמנת עדן קינוחים 150 גרם,עדן קינוחים Eden,IL,מלבי שמנת,גרמים,150.00,100 גרם,false,,7.90,0.0527,true,1,120410
7290005477669,false,סבון נוזלי דרמפון מועשר לחות קרליין 1 ליטר,"אמיליה קוסמטיקס בע""מ",IL,דרמפון מועשר לחו,ליטרים,1.00,ליטר,false,,15.90,15.9000,true,1,16826
7290005500893,false,"ג'ל לקוצים 1 ק""ג פנינה רוזנבלום",א.ל ארמן,IL,ג'ל קוצים 1 קג,קילוגרמים,1.00,"ק""ג",false,,19.90,19.9000,true,1,21048
7290005509445,false,עוגיות מיני קוקיס חמאה בצנצנת כרמית 600 גרם,כרמית תעשיות ממתקים,IL,מיני קוקיס בטעם חמאה,גרמים,600.00,100 גרם,false,,15.90,0.0265,true,1,12596
7290005559587,false,מאפה נקניקיה בבצק מעדנות 800ג',מיוצר עי קונדיטוריית,IL,מאפה נקניקיה בבצק,גרמים,800.00,100 גרם,false,,27.90,0.0349,false,1,9231
7290005559709,false,בורקס פיצה מעדנות 700 גרם,"מעדנות בע""\מ",IL,בורקס פיצה,גרמים,700.00,100 גרם,false,,24.90,0.0356,false,1,9237
7290005559907,false,פיצה משפחתית 100% גבינה מעדנות 500 גרם,מיוצר עי קונדיטוריית,IL,פיצה משפחתית גבינה,גרמים,500.00,100 גרם,false,,19.90,0.0398,false,1,9241
7290005559914,false,פיצה משפחתית עם 100% גבינה בתוספת זיתים מעדנות 550 גרם,מיוצר עי קונדיטוריית,IL,פיצה משפחתית זיתים,גרמים,550.00,100 גרם,false,,19.90,0.0362,false,1,9242
7290005559990,false,בצק פילאס תורכי מעדנות 600 גרם,מיוצר עי קונדיטוריית,IL,בצק פילס תורכי,גרמים,600.00,100 גרם,false,,19.90,0.0332,false,1,9250
7290005589027,false,סוכריות לקקני ישראל 10יח,,IL,לקקן מוצץ / תרנגול 1,גרמים,90.00,100 גרם,false,,12.90,0.1433,true,1,123359
7290005589492,false,שלווה חיטה מלאה דבש 200 גרם דגן,מפעלי דגן,IL,חיטה מלאה תפוחה בציפ,גרמים,200.00,100 גרם,false,,6.50,0.0325,true,1,96429
7290005589768,false,דגן פיצפוצי אורז מלא,מפעלי דגן,,דגן פיצפוצי אורז מלא,גרמים,130.00,100 גרם,false,,6.50,0.0500,true,1,96768
7290005591761,false,דבש טהור מפרחי בר בלחיץ 400 ג' יד מרדכי,מכוורת יד מרדכי שטראוס ב,IL,דבש יד מרדכי לחיץ טה,גרמים,400.00,100 גרם,false,,26.90,0.0672,false,1,9803
7290005605994,false,"פאנטה קלאסי בקבוק 350מ""ל",קוקה קולה,IL,פאנטה בקבוק 350,יחידה,350.00,יחידה,false,,5.90,0.0169,true,1,39463
7290005617331,false,מטאטא ארג'נטה נופר,Pierina,IT,מטאטא ארג'נטה,יחידה,0.00,יחידה,false,,24.90,0.0000,true,1,59545
7290005617355,false,מברשת לנעליים,,IL,מברשת לנעליים,יחידה,0.00,יחידה,false,,7.90,0.0000,true,1,60049
7290005617379,false,יעה פלסטיק נופר,Moperia,IT,יעה,יחידה,0.00,יחידה,false,,6.20,0.0000,true,1,59524
7290005617492,false,דלי ידית פלסטיק 12ליטר,,IL,דלי ידית פלסטיק 12,יחידה,0.00,יחידה,false,,12.00,0.0000,true,1,59546
7290005617645,false,מגב שיש פלסטיק נופר,ideal houseware,IL,מגב חלון פלסטיק 20,יחידה,0.00,יחידה,false,,4.90,0.0000,true,1,59526
7290005617690,false,מברשת לשירותים נופר,ideal houseware,CN,מברשת לשרותים,יחידה,0.00,יחידה,false,,5.40,0.0000,true,1,59997
7290005617928,false,מברשת שולחן ידית גומי,,,מברשת שולחן ידית גומ,יחידה,0.00,יחידה,false,,12.50,0.0000,true,1,59528
7290005617980,false,מברשת ציפורניים יח,ideal houseware,IL,מברשת ציפורניים,יחידה,0.00,יחידה,false,,4.50,0.0000,true,1,59549
7290005651069,false,"מזון חתולים לה קט מיקס 2.85 ק""ג","ביופט בע""מ",FR,"לה קט מיקס 2.85 ק""ג",קילוגרמים,2.85,"ק""ג",false,,59.90,21.0175,false,1,15981
7290005651366,false,"מזון לכלבים בונזו מזון כלבים כבד 3 ק""ג","ביופט בע""מ",IL,"בונזו כבד 3 ק""ג",קילוגרמים,3.00,"ק""ג",false,,47.90,15.9667,false,1,15982
7290005651427,false,"בונזו מזון לכלבים מולטיפק 1.2 ק""ג מארז 3 יחידות",קריות זול,FR,שלישיית מעדן בונזו מ,קילוגרמים,1.23,"ק""ג",false,,16.90,13.7398,true,1,15984
7290005658990,false,כעכים מלוחים שיבולת,,,כעכים מלוחים שיבולת,גרמים,300.00,100 גרם,false,,18.90,0.0630,true,1,189727
7290005680052,false,טמפונים סופר פלוס אובה 32 יחידות,גונסון אנד גונסון,GR,או בה סופר פלוס,יחידה,0.00,יחידה,false,,22.90,0.0000,true,1,8118
7290005684418,false,לחם כוסמין אורגני 700 גר,מאפיה מרחבית קרית שמונה,IL,לחם כוסמין אורגני,גרמים,600.00,100 גרם,false,,14.90,0.0248,true,1,55952
7290005684579,false,לחם מחמצת כוסמין 700 גרם,המאפיה של הרמן,IL,לחם מחמצת כוסמין,גרמים,700.00,100 גרם,false,,14.90,0.0213,true,1,119916
7290005789380,false,פרשיס קוסמטיקס מגבונים להסרת איפור 54 יח',ווטנאפס,,פרשיס קוסמטיקס להסרת,יחידה,0.00,יחידה,false,,14.90,0.0000,true,1,22177
7290005838002,false,מעדן גבינה ויוגורט בטעם וניל 88 ג' דניאלה,"שטראוס בריאות בע""מ",IL,דניאלה 5%,מיליליטרים,150.00,"100 מ""ל",false,,4.10,0.0273,true,1,7578
7290005838613,false,"סקי וניל בודד 125 גרם ""שטראוס""","שטראוס בריאות בע""\מ",IL,סקי וניל 3%,גרמים,125.00,100 גרם,false,,3.70,0.0296,false,1,7581
7290005838972,false,גבינת יום יום 5% שטראוס 125ג',מיוצר עי קונדיטוריית,IL,סקי % 3 125 גר,גרמים,125.00,100 גרם,false,,3.10,0.0248,true,1,7582
7290005839078,false,שמיניית יוגורט לבן 3% ביו דנונה 150 גרם,מיוצר עי קונדיטוריית,IL,דנונה ביו 3% שמיניה,ליטרים,1.20,ליטר,false,,16.80,14.0000,true,1,7583
7290005839108,false,גבינה לבנה סימפוניה עם תוספות 200 ג'+זיתים 5%,"שטראוס בריאות בע""\מ",IL,סימפוניה זיתים 5%,גרמים,200.00,100 גרם,false,,11.20,0.0560,false,1,7584
7290005839313,false,"מילקי טופ מגולגלת שטראוס 170 מ""ל",מיוצר עי קונדיטוריית,IL,מילקי טופ 8%,מיליליטרים,130.00,"100 מ""ל",false,,4.60,0.0354,true,1,7585
7290005896439,false,"בירה מכבי, בקבוק חוזר 500 מ''ל","טמפו משקאות בע""מ",IL,מכבי בירה בקבוק 500,מיליליטרים,500.00,"100 מ""ל",false,,6.20,0.0124,false,1,58048
7290005896453,false,"בירה מכבי 7.9%, בירה חזקה, בקבוק חוזר 500 מ''ל",טמפו משקאות בע''מ,IL,בירה מכבי חוזר 7.9%,מיליליטרים,500.00,"100 מ""ל",false,,6.70,0.0134,false,1,103039
7290005896460,false,"בירה איגל לאגר חזקה 7.8% 500 מ""ל פחית",טמפו,IL,איגל בירה חזקה פחית,מיליליטרים,500.00,"100 מ""ל",false,,5.90,0.0118,true,1,108258
7290005896620,false,סאן בנדטו - מוגז עדין - 1.5 ליטר,אקווה מינרלה סאן בנד,IT,מים סאן בנדטו מו,ליטרים,1.50,ליטר,false,,4.50,3.0000,true,1,18560
7290005896637,false,סאן בנדטו - מים מינרלים טבעיים מהאלפים 1.5 ליטר,אקווה מינרלה סאן בנדטו ב,IT,מים סאן בנדטו 1.5 לי,ליטרים,1.50,ליטר,false,,4.00,2.6667,true,1,18561
7290005896828,false,סאן בנדטו - מים מינרלים - מארז שישיית 1.5 ליטר,אקווה מינרלה סאן בנדטו ב,IT,סאן בנדטו 1.5 ליטר ש,ליטרים,9.00,ליטר,false,,15.90,1.7667,false,1,18562
7290005966033,false,"יין לבן הר חרמון 750 מ""ל",יקבי רמת הגולן קצרין,IL,הר חרמון לבן,מיליליטרים,750.00,"100 מ""ל",false,,29.90,0.0399,false,1,11892
7290005966088,false,"יין הר חרמון אדום עברית 750 מ""ל",יקבי רמת הגולן קצרין,IL,הר חרמון אדום,מיליליטרים,750.00,"100 מ""ל",false,,29.90,0.0399,false,1,11893
7290005966347,false,יין גמלא סובניון בלנק 750 מל,יקבי רמת הגולן קצרין,IL,גמלא השמורה סוביניון,מיליליטרים,750.00,"100 מ""ל",false,,49.90,0.0665,true,1,11895
7290005992575,false,גבינה בולגרית למריחה 5% גד 250 גרם,מחלבות גד בעמ,IL,בולגרית למריחה 5%,גרמים,250.00,100 גרם,false,,17.90,0.0716,true,1,18333
7290005992735,false,לאבנה טבעית 5% 250 גר' - רבנות,הנסיך- מפעל לייצור ט,IL,לבנה 5% גד 250 גרם,גרמים,250.00,100 גרם,false,,12.00,0.0480,true,1,14417
7290005992858,false,גבינת פטה עיזים במשק,יושלם,IL,פטה עיזים גד 5%,קילוגרמים,1.00,"ק""ג",true,,119.90,119.9000,true,1,42694
7290005992872,false,גב.צפתית במים 5% במשקל,מחלבות גד,IL,צפתית 5% במים גד,קילוגרמים,1.00,"ק""ג",true,,63.90,63.9000,false,1,39556
7290005992957,false,גבינת פטה עיזים במשק,טבע עז,IL,גבינת עיזים קשה 20%,קילוגרמים,1.00,"ק""ג",true,,119.90,119.9000,true,1,60257
7290005992964,false,גבינת פטה כבשים במשק,גדישון,IL,גבינת פטה כבשים,קילוגרמים,1.00,"ק""ג",true,,109.90,109.9000,true,1,68125
7290005996009,false,סלמי גלילי מעושן 400 ג' יחיעם,מעדני יחיעםn\,IL,סלמי גליל מעושן 400,גרמים,400.00,100 גרם,false,,21.90,0.0547,true,1,114056
7290005996054,false,סלמי סרוולט הונגרי ב,מעדני יחיעם,IL,סרוולט הונגרי יחיעם,קילוגרמים,1.00,"ק""ג",true,,209.90,209.9000,false,1,118985
7290005996078,false,סרוולט בסגנון הונגרי יחיעם 125 גרם,מעדני יחיעם,IL,סרוולט הולגרי 125 גר,גרמים,125.00,100 גרם,false,,26.90,0.2152,true,1,118986
7290005996160,false,נקניקיות צוריסו פרימיום יחיעם 280 גרם,מעדני יחיעם,IL,נקניקיות צוריסו פרימ,גרמים,280.00,100 גרם,false,,20.90,0.0746,true,1,117667
7290005996221,false,פסטרמה של פעם דקדק יחיעם 120 גרם,מעדני יחיעם,IL,פסטרמה של פעם דק דק,גרמים,120.00,100 גרם,false,,11.90,0.0992,true,1,119828
7290005996238,false,פסטרמה בדבש דקדק יחיעם 120 גרם,מעדני יחיעם,IL,פסטרמה בדבש דק דק 12,גרמים,120.00,100 גרם,false,,11.90,0.0992,true,1,119829
7290005996276,false,פסטרמה ברביקיו דק דק 120 גרם,מעדני יחיעם,IL,פסטרמה ברביקיו דק דק,גרמים,120.00,100 גרם,false,,11.90,0.0992,true,1,120161
7290005996740,false,סלמי פפרוני יחיעם 300 ג',מעדני יחיעם 1993,IL,סלמי פפרוני 300 גר',גרמים,300.00,100 גרם,false,,19.90,0.0663,true,1,125189
7290006065032,false,שניצלוני דג מצופה 40,,,בלו פיש-נגיסי זהבון,גרמים,400.00,100 גרם,false,,21.90,0.0547,true,1,189696
7290006185501,false,"פנינה רוזנבלום -אל סבון נוזלי ורוד,1 ליטר",פנינה רוזנבלום,IL,סבון נוזלי פנינה,ליטרים,1.00,ליטר,false,,8.90,8.9000,true,1,21055
7290006185518,false,"פנינה רוזנבלום -אל סבון נוזלי כחול,1 ליטר",פנינה רוזנבלום,IL,סבון נוזלי פנינה,ליטרים,1.00,ליטר,false,,8.90,8.9000,true,1,21056
7290006199218,false,"שמיניית גלידל אייס מוקה ""פלדמן""",הגלידות של פלדמן,IL,מאגדת גלידל דיאט שלג,גרמים,400.00,100 גרם,false,,29.90,0.0747,true,1,21430
7290006210180,false,קרואסונים,בונז'ור,,קרואסונים,קילוגרמים,1.00,"ק""ג",true,,42.00,42.0000,true,1,35125
7290006210197,false,רוגלך בטעם שוקולד,בונז'ור,IL,רוגלאך,קילוגרמים,1.00,"ק""ג",true,,42.00,42.0000,true,1,14390
7290006210203,false,"בונז'ור בורקס תפו""א שקילה",בונז'ור,IL,"בורקס תפו""א",קילוגרמים,1.00,"ק""ג",true,,42.00,42.0000,true,1,14391
7290006210418,false,בורקס פילס גבינה במש,בונז'ור,,בורקס טורקי,קילוגרמים,1.00,"ק""ג",true,,44.90,44.9000,true,1,14399
7290006210494,false,אוזני פיל,בונז'ור,,אוזני פיל,קילוגרמים,1.00,"ק""ג",true,,44.90,44.9000,true,1,37145
7290006229427,false,סן בנדטו - מים מינרלים - מארז שישיית 500 מל,קריות זול,IT,סאן בנדטו שישייה 0.5,ליטרים,3.00,ליטר,false,,12.90,4.3000,false,1,18566
7290006229588,false,בירה איגל לאגר פרימיום חזקה 6.3% 500 מל,"טמפו משקאות בע""מ",IL,בירה איגל פחית 500 מ,מיליליטרים,500.00,"100 מ""ל",false,,5.50,0.0110,true,1,105941
7290006241153,false,פקאן סיני 150 ג בשקית קליית גת,"ג'י אנד ג'י בע""מ",IL,פקאן סיני 150 גר,גרמים,200.00,100 גרם,false,,19.00,0.0950,true,1,12755
7290006241191,false,אגוזי מלך קליית גת 150 גר,הדקלאים אגודת שיתופי,US,אגוזי מלך 150 גר,גרמים,200.00,100 גרם,false,,16.50,0.0825,false,1,24370
7290006241214,false,שקד טבעי קליית גת 200 גרם,הדקלאים אגודת שיתופי,IL,שקד טבעי 200 גר,גרמים,200.00,100 גרם,false,,16.90,0.0845,true,1,12756
7290006241504,false,"משקה תפוזים קפוא פריגת 340 מ""ל",פריגת מצוננים,IL,תרכיז פריגת תפוזים,מיליליטרים,340.00,"100 מ""ל",false,,12.90,0.0379,true,1,5820
7290006241511,false,"משקה לימונענע מרוכז קפוא פריגת 280 מ""ל",היינץ צפון אמריקה מק,IL,תרכיז פריגת לימונענע,מיליליטרים,340.00,"100 מ""ל",false,,12.90,0.0379,true,1,5821
7290006251107,false,תה צ'אי מסאלה ויסוצקי 25 יחידות,מולינו ניקולי s.p.a,IL,צ'אי מסאלה 25 שקיקים,גרמים,50.00,100 גרם,false,,18.90,0.3780,true,1,8941
7290006251268,false,תה ירוק בטעם תפוח וקינמון ויסוצקי 25 יחידות,תה ויסוצקי,IL,תה ירוק תפוח וקינמון,גרמים,37.50,100 גרם,false,,24.90,0.6640,false,1,8942
7290006251275,false,תה ירוק סיני קלאסי ויסוצקי 25 יחידות,תה ויסוצקי,IL,תה ירוק סיני 25 שקיק,גרמים,37.50,100 גרם,false,,24.90,0.6640,false,1,8943
7290006251282,false,חליטת חמוציות הגן הקסום ויסוצקי 25 יחידות,תה ויסוצקי,IL,תה חליטת קרנברי 25 ש,גרמים,75.00,100 גרם,false,,18.90,0.2520,false,1,8944
7290006251343,false,חליטת פסיפלורה מנגו הגן הקסום ויסוצקי 25 יחידות,תה ויסוצקי,IL,תה חליטת מנגו ופסיפל,גרמים,62.50,100 גרם,false,,18.90,0.3024,false,1,8946
7290006251374,false,תה ירוק לימונית וג'ינג'ר ויסוצקי 25 יחידות,תה ויסוצקי,IL,תה ירוק לימונית 25 ש,גרמים,25.00,100 גרם,false,,24.90,0.9960,false,1,8948
7290006251589,false,תה ירוק עם עלי נענע 50 שקיקים ויסוצקי,בית ויסוצקי,IL,תה ירוק נענע,גרמים,75.00,100 גרם,false,,45.90,0.6120,false,1,8949
7290006265500,false,פטריות שמפיניון ארוז מרינה,"מרינה פטריות הגליל בע""מ",IL,פטריות שמפניון בסלסל,גרמים,250.00,100 גרם,false,,8.90,0.0356,true,1,18443
7290006265548,false,נבטים סינים מרינה ארוז 360ג',"מרינה פטריות הגליל בע""מ",IL,נבטים סינים,גרמים,360.00,100 גרם,false,,5.90,0.0164,true,1,20502
7290006271174,false,ג'חנון לאפיה בתנור מעדנות 700 גרם,מיוצר עי קונדיטוריית,IL,ג'חנון מעדנות 700 גר,גרמים,700.00,100 גרם,false,,15.90,0.0227,false,1,9252
7290006271181,false,ג'חנון אפוי למיקרוגל מעדנות 750 גרם,מיוצר עי קונדיטוריית,IL,ג'חנון אפוי 750 גר',גרמים,750.00,100 גרם,false,,22.90,0.0305,false,1,9253
7290006271648,false,מיני בורקס תפוחי אדמה מעדנות 800 גרם,"מעדנות בע""\מ",IL,"מיני בורקס תפו""א",גרמים,800.00,100 גרם,false,,23.90,0.0299,false,1,9269
7290006271655,false,מיני בורקס גבינה מעדנות 800 גרם,מיוצר עי קונדיטוריית,IL,מיני בורקס גבינה,גרמים,800.00,100 גרם,false,,26.50,0.0331,false,1,9270
7290006272072,false,חטיפי פיצה גבינה מעדנות 650 גרם,"מעדנות בע""\מ",IL,חטיפי פיצה,גרמים,650.00,100 גרם,false,,25.90,0.0398,false,1,24964
7290006272430,false,בצק עלים חמאה מעדנות 600 גרם,מיוצר עי קונדיטוריית,IL,בצק עלים חמאה,גרמים,600.00,100 גרם,false,,25.90,0.0432,false,1,30863
7290006306296,false,רביולי במילוי גבינה לילדים פסטה נונה גד 400 גרם,דורום תעשיות מזון ופסטה,IL,רביולי גבינה לילדים,יחידה,400.00,יחידה,false,,25.90,0.0647,true,1,42416
7290006306302,false,רביולי במילוי גבינות פרמזן ריקוטה 400 ג' פסטה נונה,דורום תעשיות מזון ופסטה,IL,רביולי גבינה פרמזן,גרמים,400.00,100 גרם,false,,25.90,0.0647,true,1,18343
7290006306319,false,רביולי במילוי בטטה 400 ג' פסטה נונה,דורום תעשיות מזון ופסטה,IL,רביולי בטטה,גרמים,400.00,100 גרם,false,,25.90,0.0647,true,1,18344
7290006306326,false,רביולי במילוי פטריות וגבינת פרמזן פסטה נונה 400 ג',דורום תעשיות מזון ופסטה,IL,רביולי פטריות,גרמים,400.00,100 גרם,false,,25.90,0.0647,true,1,18345
7290006306333,false,רביולי במילוי תרד וגבינת ריקוטה פסטה נונה 400 ג',דורום תעשיות מזון ופסטה,IL,רביולי תרד 400,גרמים,400.00,100 גרם,false,,25.90,0.0647,true,1,18346
7290006322104,false,לחם ריחיים קל פרוס 500גר,מאפיית דוידוביץ ובניו בע,IL,לחם ריחיים קל פרוס ד,גרמים,500.00,100 גרם,false,,9.50,0.0190,true,1,20241
7290006322111,false,לחמניות ריחיים 80*6 גרם,מאפיית דוידוביץ ובניו בע,IL,לחמניות ריחיים,גרמים,400.00,100 גרם,false,,9.90,0.0248,true,1,20242
7290006322128,false,לחמניות קלות 6 יח בחבילה,מאפיית דוידוביץ ובניו בע,IL,שש לחמניות קלות דויד,גרמים,400.00,100 גרם,false,,9.90,0.0248,true,1,20243
7290006322197,false,לחמנ.הבית כפולות 125X4גר,מאפיית דוידוביץ ובניו בע,IL,מארז לחמניות הבית כפ,גרמים,400.00,100 גרם,false,,12.90,0.0323,true,1,61116
7290006322487,false,לחם קוביות קמח מלא 750 גר,מאפיית דוידוביץ ובני,IL,לחם קוביות מקמח מלא,גרמים,750.00,100 גרם,false,,14.50,0.0193,false,1,23906
7290006322838,false,לחם מקמח מלא דוידובי,מאפיית דוידוביץ ובניו בע,IL,לחם מקמח מלא דוידובי,מיליליטרים,750.00,"100 מ""ל",false,,10.90,0.0145,true,1,60754
7290006322968,false,לחם זיץ ברויט דוידוב,מאפיית דוידוביץ ובני,IL,לחם זיץ ברויט דוידוב,גרמים,1200.00,100 גרם,false,,16.90,0.0141,true,1,68703
7290006374615,false,מזון מלכות מרוכז במיוחד 5.8% 340גר,קריות זול,IL,מזון מלכות יד מרדכי,גרמים,340.00,100 גרם,false,,42.00,0.1235,true,1,9816
7290006374653,false,דבש לייט מופחת קלוריות יד מרדכי 350 ג',מכוורת יד מרדכי שטראוס ב,IL,דבש לייט יד מרדכי 35,גרמים,350.00,100 גרם,false,,26.50,0.0757,true,1,9817
7290006374738,false,קונפיטורית תות 340 גר' יד מרדכי,אף.סי תבליני בגליל ב,IL,קונפיטורה תות יד מרד,גרמים,340.00,100 גרם,false,,13.50,0.0397,true,1,9824
7290006376053,false,סוכר חום רטוב פרימיום 1,ר.ס-.חברה ליבוא וייצור מ,IL,סוכר חום כהה בשקית 1,קילוגרמים,1.00,"ק""ג",false,,12.50,12.5000,true,1,117841
7290006376091,false,סודה לשתיה פרימיום 50 גר',,,סודה לשתייה,גרמים,50.00,100 גרם,false,,2.20,0.0440,true,1,119334
7290006449955,false,מלפפון בייבי מארז,"מרינה פטריות הגליל בע""מ",IL,מלפפון בייבי,גרמים,500.00,100 גרם,false,,8.90,0.0178,true,1,57868
7290006461100,false,אנטריקוט פרימיום מוכ,,,אנטריקוט פרימיום מוכ,קילוגרמים,1.00,"ק""ג",true,,199.90,199.9000,false,1,120772
7290006461605,false,אסאדו אנגוס מצונן מפ,קצביית פרימיום,IL,אסאדו אנגוס מצונן מפ,קילוגרמים,1.00,"ק""ג",true,,79.90,79.9000,false,1,122219
7290006461698,false,צלי כתף ארגנטינה אית,קצביית פרימיום,IL,צלי כתף לויתן,קילוגרמים,1.00,"ק""ג",true,,99.90,99.9000,false,1,120882
7290006461773,false,שריר מוזות מצונן בוו,,,שריר מוזות מצונן בוו,קילוגרמים,1.00,"ק""ג",true,,69.90,69.9000,false,1,122220
7290006492432,false,גבינת מוצרלה בייבי 18% גד 150 גרם,מחלבות גד בעמ,IL,מוצרלה בייבי 18%,גרמים,170.00,100 גרם,false,,15.50,0.0912,true,1,18353
7290006492616,false,גבינה בולגרית מעודנת פרוסות 5% גד 250 גרם,DSH עבור מחלבות גד ב,IL,פרוסות בולגרית מעודנ,גרמים,250.00,100 גרם,false,,27.90,0.1116,true,1,18355
7290006492630,false,גבינת פרומעז עיזים 22% גד 180 גרם,מחלבות גד בעמ,IL,גבינת גליל גד עזים 2,גרמים,180.00,100 גרם,false,,24.50,0.1361,true,1,18357
7290006492685,false,גבינת לאבנה 5% מחלב עזים גד 250 גרם,מחלבות גד בעמ,IL,לבנה עיזים 3%,גרמים,250.00,100 גרם,false,,18.40,0.0736,true,1,18359
7290006492852,false,גבינת עיזים למריחה 5% שומן 250 ג' גד,גבינות מדף,IL,גבינת עיזים 5%,גרמים,250.00,100 גרם,false,,18.00,0.0720,true,1,22213
7290006492913,false,גבינת לאבנה ציזיקי 5% מחלבות גד 250 גרם,מחלבות גד בעמ,IL,לבנה צזיקי 250,גרמים,250.00,100 גרם,false,,13.90,0.0556,true,1,22144
7290006494917,false,טוסו וופל קלאסי במילוי שוקולד 200 גרם,"איטיליאן פוד, אס.פי.",IL,מרמולייט ופל בטעם שו,גרמים,180.00,100 גרם,false,,10.90,0.0606,true,1,16489
7290006494924,false,טוסו וופל קלאסי במילוי קרם לימון 200 גרם,"גילרו בע""מ",IL,מרמולייט ופל בטעם לי,גרמים,180.00,100 גרם,false,,10.90,0.0606,true,1,16490
7290006511157,false,"פטריות שלמות ויליפוד 400 גרם בד""ץ",אוקצ'מפס אס.איי אויי,PL,פטריות שמפניון שלמות,גרמים,400.00,100 גרם,false,,7.50,0.0188,false,1,14919
7290006546012,false,שעועית בנוסח מקסיקני בטעם חריף 580 ג' פרי הגליל,"פרי הגליל בע""""מ",IL,צ'ילי חריף בנוסח מקס,גרמים,580.00,100 גרם,false,,6.50,0.0112,false,1,91107
7290006546302,false,"צ'יפס קיטרינג פרי גליל 1.5 ק""ג","פרי הגליל בע""""מ",IL,צי'פס 5 1 קג.,יחידה,1.50,יחידה,false,,17.90,11.9333,true,1,10434
7290006546371,false,במיה 600 ג' פרי הגליל,"פרי הגליל בע""""מ",IL,במיה פרי גליל,גרמים,600.00,100 גרם,false,,13.90,0.0232,true,1,10436
7290006546388,false,תחתיות ארטישוק פרי הגליל 400 גרם,"פרי הגליל בע""""מ",IL,תחתיות ארטישוק פרי ג,גרמים,400.00,100 גרם,false,,13.90,0.0348,true,1,38356
7290006546395,false,לקט העונה פרי הגליל 800 גרם,"פרי הגליל בע""""מ",IL,לקט ירקות פרי גל,גרמים,800.00,100 גרם,false,,9.90,0.0124,true,1,10437
7290006546500,false,צ'יפס זיגזג קפוא פרי גליל 800 ג',"פרי הגליל בע""""מ",IL,צ'יפס בזיגזג,גרמים,800.00,100 גרם,false,,11.90,0.0149,true,1,10440
7290006546517,false,צי'פס סטייק קפוא פרי הגליל 800 ג',"פרי הגליל בע""""מ",IL,סטייק ציפס 800 גרם,גרמים,800.00,100 גרם,false,,11.90,0.0149,true,1,27960
7290006546524,false,צי'פס מובחר קפוא פרי גליל 800 ג',"פרי הגליל בע""""מ",IL,ציפס מובחר 800 גר,גרמים,800.00,100 גרם,false,,11.90,0.0149,true,1,34284
7290006546982,false,לקט סיני 800 ג' פרי הגליל,"פרי הגליל בע""""מ",IL,לקט סיני 800,גרמים,800.00,100 גרם,false,,9.90,0.0124,true,1,10459
7290006554017,false,עוגיות מרוקאיות 500 גרם ארקד,"ארקד מוצרי אפיה בע""מ",IL,עוגיות ארקד,גרמים,500.00,100 גרם,false,,18.90,0.0378,false,1,25944
7290006554024,false,עוגיות ביתיות תמרים,"ארקד מוצרי אפיה בע""מ",IL,עוגיות ביתיות תמ,גרמים,500.00,100 גרם,false,,18.90,0.0378,true,1,18384
7290006554031,false,עוגיות ביתיות אגוזים,"ארקד מוצרי אפיה בע""מ",IL,עוגיות ביתיות אג,גרמים,500.00,100 גרם,false,,18.90,0.0378,false,1,18385
7290006554055,false,עוגיות חלבה ביתיות 3,"ארקד מוצרי אפיה בע""מ",IL,עוגיות חלבה ארקד 300,יחידה,0.00,יחידה,false,,18.90,0.0000,true,1,25945
7290006554062,false,עוגיות גרנולה ארקד 2,"ארקד מוצרי אפיה בע""מ",IL,עוגיות גרנולה ארקד 2,גרמים,250.00,100 גרם,false,,18.90,0.0756,true,1,56360
7290006554079,false,עוגיות גרנולה ללא תו,"ארקד מוצרי אפיה בע""מ",IL,עוגיות ארקד גרנולה ל,גרמים,250.00,100 גרם,false,,18.90,0.0756,true,1,59194
7290006554093,false,עוגיות סהרונים ביתיו,"ארקד מוצרי אפיה בע""מ",IL,עוגיות סהרונים ארקד,גרמים,300.00,100 גרם,false,,18.90,0.0630,false,1,25946
7290006554123,false,עוגיות פריכות עם שקד,"ארקד מוצרי אפיה בע""מ",IL,עוגיות שקדים ארקד,גרמים,250.00,100 גרם,false,,18.90,0.0756,true,1,43459
7290006554154,false,עוגיות מרנג נשיקות 1,"ארקד מוצרי אפיה בע""מ",,עוגיות מרנג נשיקות 1,גרמים,100.00,100 גרם,false,,18.90,0.1890,true,1,59865
7290006554161,false,עוגיות משקפיים קינמו,"ארקד מוצרי אפיה בע""מ",IL,עוגיות משקפיים 250 ג,גרמים,250.00,100 גרם,false,,18.90,0.0756,false,1,66661
7290006554246,false,"עוגיות משפיים חום ""ארקד""","ארקד מוצרי אפיה בע""מ",IL,עוגיות משקפיים 250 ג,גרמים,250.00,100 גרם,false,,18.90,0.0756,true,1,70740
7290006554307,false,עוגיות מרוקאית ללא ס,"ארקד מוצרי אפיה בע""מ",IL,עוגיות מרוקאיות ללא,גרמים,300.00,100 גרם,false,,18.90,0.0630,true,1,25947
7290006554314,false,עוגיות שקדים ללא סוכ,"ארקד מוצרי אפיה בע""מ",IL,עוגיות עם שקדים ללא,גרמים,250.00,100 גרם,false,,18.90,0.0756,true,1,70255
7290006554345,false,עוגיות תמרים ללא סוכ,"ארקד מוצרי אפיה בע""מ",IL,עוגיות במילוי ממרח ת,גרמים,250.00,100 גרם,false,,18.90,0.0756,false,1,105490
7290006554413,false,עוגיות מרוקאיות ארקד,"ארקד מוצרי אפיה בע""מ",IL,עוגיות מרוקאיות ארקד,יחידה,300.00,יחידה,false,,18.90,0.0630,false,1,34819
7290006554710,false,עוגיות מקלות מלוחים,יצרן 794,IL,מקלות מלוחים 400 גר',גרמים,400.00,100 גרם,false,,18.90,0.0472,false,1,98730
7290006554727,false,עוגיות מקלות מלוח קצ,עוזי,IL,מקלות מלוחים+קצח 400,גרמים,400.00,100 גרם,false,,18.90,0.0472,false,1,98731
7290006562906,false,פרמיו הודו וכבש לחתולים,פרמיו Premio,,סטיק הודו וכבש פרמיו,גרמים,15.00,100 גרם,false,,7.00,0.4667,true,1,190075
7290006567048,false,פתיתי קוסקוס ישראלי אסם 350 גרם,"מיוצר ע""י קוד יצרן K",IL,פתיתי קוסקוס ישראלי,גרמים,350.00,100 גרם,false,,8.00,0.0229,false,1,6483
7290006618078,false,"מרסס לניקוי יסודי מטבח אסטוניש 750 מ""ל",יעקובי אסטוניש,GB,אסטוניש מרסס למטבח,מיליליטרים,750.00,"100 מ""ל",false,,11.90,0.0159,true,1,13783
7290006618085,false,"אסטוניש תרסיס ניקוי אמבטיה וכיורים יעקבי 750 מ""ל",יעקובי אסטוניש,GB,אסטוניש מרסס לאמבט,מיליליטרים,750.00,"100 מ""ל",false,,11.90,0.0159,true,1,13784
7290006618610,false,הפי ספוגיות לניקוי כלים חלביים ובשריים יעקבי 6 יחידות,יעקובי,TR,ספוגיות לכלים חלבי ב,יחידה,0.00,יחידה,false,,8.90,0.0000,true,1,22793
7290006652027,false,במבה חטיף בוטנים אסם 20*15 גרם,מיוצר עי קונדיטוריית,IL,מארז 20 במבה,גרמים,300.00,100 גרם,false,,26.00,0.0867,false,1,6494
7290006653765,false,פרפקטו פסטה פטוצ'יני אסם 500 גרם,אסם פרפקטו,IT,פסטה פרפקטו פטוצ'יני,גרמים,500.00,100 גרם,false,,7.70,0.0154,false,1,6510
7290006653819,false,פתיתי קוסקוס דק 350 גרם,"מיוצר ע""י קוד יצרן K",IL,קוסקוס דק אסם,גרמים,350.00,100 גרם,false,,8.00,0.0229,false,1,6515
7290006664037,false,גמדים דגנים ארוחת בוקר מארז 100X4ג',"שטראוס בריאות בע""\מ",IL,גמדים ארוחת בוקר 5%,מיליליטרים,400.00,"100 מ""ל",false,,11.10,0.0277,true,1,7602
7290006664051,false,"אקטימל לבן 1.51 ק""ג מארז 14 יחידות",מיוצר עי קונדיטוריית,IL,מארז אקטימל טבעי 1.6,ליטרים,1.40,ליטר,false,,29.90,21.3571,false,1,7603
7290006664310,false,גבינה לבנה 3% שומן 250 ג' שטראוס,מיוצר עי קונדיטוריית,IL,סקי 3% 250 גר,גרמים,250.00,100 גרם,false,,4.75,0.0190,false,1,7609
7290006664402,false,גבינה לבנה סקי 5% שומן 750 גרם,מיוצר עי קונדיטוריית,IL,גבינת סקי 5% 750 גר',גרמים,750.00,100 גרם,false,,14.94,0.0199,false,1,7612
7290006664532,false,יוגורט עם תות 3% שומן 150 ג' דנונה,מיוצר עי קונדיטוריית,IL,דנונה תות 3%,מיליליטרים,150.00,"100 מ""ל",false,,3.60,0.0240,false,1,7615
7290006664655,false,"אקטימל לבן טבעי מארז 100X8 מ""ל",מיוצר עי קונדיטוריית,IL,שמיניה אקטימל טבעי 1,מיליליטרים,800.00,"100 מ""ל",false,,21.10,0.0264,false,1,7619
7290006664693,false,יוגורט עם אפרסק 3% שומן 150 ג' דנונה,מיוצר עי קונדיטוריית,IL,דנונה אפרסק 3%,מיליליטרים,150.00,"100 מ""ל",false,,3.60,0.0240,false,1,7622
7290006664990,false,"יוגורט דנונה ביו לבן 1.7% שומן 8*150 מ""ל",מיוצר עי קונדיטוריית,IL,מארז יוגורט ביו 1.5%,ליטרים,1.20,ליטר,false,,16.80,14.0000,true,1,7628
7290006677327,false,תה תערובת צמחים פירות90ש,SHALPHARM HMZRAH (SODOT,IL,תה טיבטי טעם פירות פ,יחידה,0.00,יחידה,false,,42.90,0.0000,true,1,57621
7290006677334,false,תה טיבטי פורטה קלאסי90שק,SHALPHARM HMZRAH (SODOT,IL,תה טיבטי קלאסי פורטה,יחידה,0.00,יחידה,false,,42.90,0.0000,true,1,57577
7290006681003,false,גלידה תות לימון סורבה 1.33 ל' קרמיסימו,"גלידת שטראוס בע""\מ, רחוב",IL,קרמיסימו סורבה תות ל,ליטרים,1.33,ליטר,false,,24.90,18.7218,false,1,7838
7290006681553,false,קרמבו בטעם וניל שטראוס 8 יחידות,"גלידת שטראוס בע""\מ",IL,קרמבו וניל שמיניה,יחידה,0.00,יחידה,false,,15.90,0.0000,true,1,7852
7290006681560,false,קרמבו בטעם מוקה שטראוס 8 יחידות,"גלידת שטראוס בע""\מ",IL,קרמבו שמיניה,גרמים,200.00,100 גרם,false,,15.90,0.0795,true,1,7853
7290006681577,false,מאגדת קרחון אסקימו לימון דובדובן 10 יח' שטראוס,"מיוצר ע""\י גלידת שטראוס",IL,מאגדת קרחונים אסקימו,יח',10.00,יח',false,,17.90,1.7900,false,1,7854
7290006696595,false,יין אדום מתוק מסורת אפרת 1 ליטר,יקב טפרברג,,יין מסורת אדום מתוק,ליטרים,1.00,ליטר,false,,16.90,16.9000,true,1,33847
7290006704511,false,"תפו""א גמדי אדום למיקרו מרינה 750ג'","מרינה פטריות הגליל בע""מ",IL,"תפ""א למיקרוגל לבן גמ",יחידה,0.00,יחידה,false,,6.90,0.0000,true,1,20520
7290006704542,false,תרד לא שטוף יח ( ניוזילנדי ),"מרינה פטריות הגליל בע""מ",IL,תרד,גרמים,300.00,100 גרם,false,,9.90,0.0330,true,1,20522
7290006707369,false,כרעיים עוף ללא אנטיביוטיקה במגש ע.טוב,עוף טוב,IL,כרעיים פטם במגש טרי,קילוגרמים,1.00,"ק""ג",true,,27.90,27.9000,true,1,70871
7290006707383,false,פטם שוקיים מצונן מגש טרי,עוף טוב,IL,שוקיים ארוז טרי,קילוגרמים,1.00,"ק""ג",true,,28.90,28.9000,true,1,67782
7290006707390,false,פרגיות עוף טרי ארוז,עוף טוב,IL,פרגיות טרי במגש,קילוגרמים,1.00,"ק""ג",true,,66.90,66.9000,true,1,70873
7290006707420,false,עוף טרי במגש מחיר לפי מש,עוף טוב,IL,עוף מצונן ארוז במגש,קילוגרמים,1.00,"ק""ג",true,,21.90,21.9000,true,1,70869
7290006707437,false,פטם כנף מצונן טרי במגש,עוף טוב,IL,כנפיים עוף טרי במגש,קילוגרמים,1.00,"ק""ג",true,,9.90,9.9000,true,1,67198
7290006707468,false,כבד עוף טרי ארוז לצל,עוף טוב,IL,כבד עוף טרי ארוז,קילוגרמים,1.00,"ק""ג",true,,16.90,16.9000,true,1,69008
7290006707543,false,פילה פטם טרי במגש,עוף טוב,IL,פילה פטם טרי במגש,קילוגרמים,1.00,"ק""ג",true,,34.90,34.9000,true,1,70870
7290006708069,false,גרון הודו טרי ארוז עוף טוב,עוף טוב,IL,גרון הודו טרי-עוף טו,קילוגרמים,1.00,"ק""ג",true,,31.90,31.9000,false,1,97026
7290006708137,false,קוקטייל עוף מצונן,עוף טוב,IL,קוקטייל עוף מצונן,קילוגרמים,1.00,"ק""ג",true,,27.90,27.9000,true,1,94530
7290006708847,false,חזה עוף טרי חצוי ארוז קג,קצביית פרימיום,IL,חזה חצוי טרי ארוז עו,קילוגרמים,1.00,"ק""ג",true,,34.90,34.9000,true,1,109961
7290006712981,false,"משחת שיניים קולגייט ספיידרמן מגיל שש 50 מ""ל",הנסיך- מפעל לייצור ט,PL,משחת שינים קולגייט ס,מיליליטרים,50.00,"100 מ""ל",false,,10.90,0.2180,true,1,8008
7290006714428,false,רגל עגל פרוס קפוא קג,לאטי עזרא גלם ודגים,IL,רגל עגל פרוס,קילוגרמים,1.00,"ק""ג",true,,39.90,39.9000,true,1,39843
7290006714824,false,עצמות מח קפוא ארוז קג,חיים פסקוביץ,IL,עצמות עגל,קילוגרמים,1.00,"ק""ג",true,,25.90,25.9000,true,1,36624
7290006730077,false,ליקוקים קרחונים להקפ,קלית סיטבון בעמ,IL,ליקוקים קרחונים להקפ,יחידה,0.00,יחידה,false,,12.90,0.0000,true,1,61614
7290006730084,false,פופסים פופלי אייס להקפאה 8יח',קלית סיטבון בעמ,IL,שלוק אייס פופ שמיניי,גרמים,800.00,100 גרם,false,,5.90,0.0074,true,1,118808
7290006738615,false,קבב פרימיום זהב 100% בשר זוגלובק 400 ג',נקניק נהריה כשר זוגל,IL,קבב זהב 400 גר'- 8 י,גרמים,400.00,100 גרם,false,,19.90,0.0497,true,1,29592
7290006739131,false,בצק גולמי פילו זוגלובק 500ג',מאפיית אריאל,IL,בצק פילו 500 גר',גרמים,500.00,100 גרם,false,,14.90,0.0298,true,1,67567
7290006739292,false,נקניק פסטרמה פרגיות ציפוי תירס,נקניק נהריה כשר זוגל,IL,פסטרמה תבור חזה הודו,גרמים,330.00,100 גרם,false,,25.90,0.0785,true,1,32882
7290006739346,false,נקניקיות פרגיות טרי 400 גרם זוגלובק,נקניק נהריה כשר זוגל,IL,נקנקיות פרגיות,גרמים,400.00,100 גרם,false,,16.90,0.0422,true,1,20013
7290006739407,false,שניצל תירס לייט זוגלובק 600 גרם,נקניק נהריה כשר זוגל,IL,שניצל תירס לייט,גרמים,630.00,100 גרם,false,,22.90,0.0363,true,1,40134
7290006739414,false,נקניק סלמי קוניאק זוגלובק 300 גרם,נקניק נהריה כשר זוגל,IL,סלמי קוניאק 300 גר',גרמים,300.00,100 גרם,false,,25.90,0.0863,false,1,33143
7290006739421,false,נקניק סלמי מעושן איטלקי זוגלובק 300 גרם,נקניק נהריה כשר זוגל,IL,סלמי מעושן איטלקי 30,גרמים,300.00,100 גרם,false,,25.90,0.0863,true,1,33145
7290006739445,false,שניצל תירס קלאסי 750 ג' זוגלובק,נקניק נהריה כשר זוגל,IL,שניצל תירס זוגלובק,גרמים,750.00,100 גרם,false,,22.90,0.0305,false,1,34278
7290006739544,false,נקניק כתף בקר 3% 300 גרם,זוגלובק,IL,כתף בקר זוגלובק 300,גרמים,300.00,100 גרם,false,,28.90,0.0963,true,1,38309
7290006741363,false,בורקס תפוחי אדמה זוגלובק 800 גרם,מאפיית אריאל וגידרון,IL,"בורקס תפו""א זוגלובק",גרמים,800.00,100 גרם,false,,16.90,0.0211,false,1,36201
7290006741387,false,"מלאווח תימני זוגלובק 700 ג' בד""צ",נקניק נהריה כשר זוגל,IL,מלווח זוגלובק,גרמים,700.00,100 גרם,false,,16.90,0.0241,false,1,36200
7290006742162,false,המבורגר מזרחי זוגלובק 400 גרם,נקניק נהריה כשר זוגל,IL,המבורגר מזרחי 400 גר,גרמים,400.00,100 גרם,false,,19.90,0.0497,true,1,27046
7290006742278,false,פסטרמה הודו צלויה על לבנים 330 ג' זוגלובק,נקניק נהריה כשר זוגל,IL,פסטרממיה צלויה על לב,גרמים,330.00,100 גרם,false,,25.90,0.0785,true,1,35933
7290006742292,false,פסטרמה הודו בדבש 330 ג' זוגלובק,נקניק נהריה כשר זוגל,IL,פסטרממיה בדבש 330 גר,גרמים,330.00,100 גרם,false,,25.90,0.0785,true,1,35934
7290006742315,false,פסטרמה חזה הודו ברביקיו 2% זוגלובק 330 גרם,נקניק נהריה כשר זוגל,IL,חזה הודו ברביקיו 330,גרמים,330.00,100 גרם,false,,25.90,0.0785,true,1,35935
7290006748171,false,יין סדרת סלע רוזה,,,יין סדרת סלע רוזה,מיליליטרים,750.00,"100 מ""ל",false,,44.90,0.0599,true,1,124545
7290006764065,false,בירה נשר מאלט ללא אלכוהול 500 מל,"טמפו משקאות בע""\ם.",IL,בקבוק נשר מאלט חוזר,מיליליטרים,500.00,"100 מ""ל",false,,4.60,0.0092,false,1,18571
7290006764072,false,"בירה גולדסטאר בקבוק 500 מ""ל חוזר","טמפו משקאות בע""\מ",IL,גולדסטאר בירה בקבוק,מיליליטרים,500.00,"100 מ""ל",false,,6.70,0.0134,false,1,18572
7290006764096,false,"בירה איגל 500 מ""ל 3.8% בקבוק חוזר","טמפו משקאות בע""\מ",IL,בירה איגל 3.8% חוזר,מיליליטרים,500.00,"100 מ""ל",false,,4.90,0.0098,false,1,102110
7290006764157,false,"בירה גולדסטאר Unfiltered, בירה לא מסוננת, בקבוק חוזר 500 מ""ל",טמפו משקאות בע''מ,IL,גולדסטאר לא מסונן חו,מיליליטרים,500.00,"100 מ""ל",false,,7.50,0.0150,true,1,111056
7290006764485,false,"בירה שחורה נשר מאלט שישייה ח""פ 330*6 מ''ל","טמפו משקאות בע""\ם.",IL,נשר מאלט שישייה בקבו,ליטרים,1.98,ליטר,false,,28.90,14.5960,false,1,18575
7290006764737,false,בירה נשר מאלט דלת קלוריות ללא אלכוהול 500 מל,"טמפו משקאות בע""\ם.",IL,בקבוק דיאט נשר מאלט,מיליליטרים,500.00,"100 מ""ל",false,,4.60,0.0092,false,1,18579
7290006770561,false,לקט לקוסקוס פרי הגליל 800ג',"פרי הגליל בע""""מ",IL,לקט ירקות לקוסקוס,גרמים,800.00,100 גרם,false,,9.90,0.0124,true,1,10470
7290006775016,false,עוגה מבית טוב 450 גרם תפוז,אחדות ביחר לטחינה חל,IL,עוגת תפוז 450 גרם אח,גרמים,450.00,100 גרם,false,,9.90,0.0220,true,1,31193
7290006775023,false,"עוגה מבית טוב"" 450 גרם אנגלית",אחדות ביחר לטחינה חל,IL,עוגה אנגלית אחוה,גרמים,450.00,100 גרם,false,,9.90,0.0220,true,1,31194
7290006775030,false,"עוגה מבית טוב"" 450 גרם שוקו-ציפס",אחדות ביחר לטחינה חל,IL,עוגה שוקו ציפס 450 ג,גרמים,450.00,100 גרם,false,,9.90,0.0220,true,1,31195
7290006775047,false,"עוגה מבית טוב"" 450 גרם שוקולד",אחדות ביחר לטחינה חל,IL,עוגה שוקולד אחוה,גרמים,450.00,100 גרם,false,,9.90,0.0220,true,1,31196
7290006775054,false,עוגת שיש אחווה 450 ג' אחוה,אחדות ביחר לטחינה חל,IL,עוגת שיש אחוה,גרמים,450.00,100 גרם,false,,9.90,0.0220,true,1,33164
7290006775085,false,עוגת שמרים במילוי שוקולד אחוה,אחדות ביחר לטחינה חל,IL,עוגת שמרים שוקולדאחו,גרמים,400.00,100 גרם,false,,11.00,0.0275,true,1,31198
7290006775337,false,עוגת שמרים במילוי פרג אחווה,אחדות ביחר לטחינה חל,IL,עוגת שמרים פרג 400 ג,גרמים,400.00,100 גרם,false,,11.00,0.0275,true,1,31199
7290006775344,false,עוגת שמרים במילוי קרם קינמון אחוה 400 גרם,אחדות ביחר לטחינה חל,IL,עוגת שמרים קינמון וא,גרמים,400.00,100 גרם,false,,11.00,0.0275,true,1,31200
7290006775764,false,"עוגת שוקוצ'יפס לל""ס אחדות 400 גר'",אחדות ביחר לטחינה חל,IL,עוגת שוקולד צ'יפס לל,גרמים,400.00,100 גרם,false,,11.50,0.0288,true,1,31480
7290006775795,false,עוגת תפוחי עץ עם מילוי מעודן אחוה 450 גרם,"אחדות ביח""ר לטחינה ח",IL,"עוגת תפ""ע אחווה",יחידה,450.00,יחידה,false,,11.50,0.0256,true,1,40906
7290006775894,false,אחדות עוגת שיש ללא תוספת סוכר 400 גרם,"אחדות ביח""ר לטחינה ח",IL,עוגת שיש ללא סוכר אח,יחידה,400.00,יחידה,false,,11.50,0.0288,true,1,41671
7290006775900,false,עוגיות מיני מרוקאיות אחוה 500 גרם,"אחדות ביח""ר לטחינה",IL,אחוה עוגיות מיני מרו,גרמים,500.00,100 גרם,false,,9.90,0.0198,true,1,43687
7290006784018,false,"מילוי מכשיר אוויר 250 מ""ל fashion blablabla סנט מוריץ",קומפלקס כימיקלים בעמ,TR,מטהר אוויר למכשיר או,מיליליטרים,250.00,"100 מ""ל",false,,9.90,0.0396,true,1,188934
7290006784032,false,עלמה כריות יפניות - ללא שריטות 6 יחידות,קומפלקס כימיקלים,IL,ספוגית לניקוי כלים,יחידה,0.00,יחידה,false,,7.50,0.0000,true,1,175792
7290006784308,false,"PURE מבשם אוויר ניחוח חופשה בפרובנס 400 מ""ל",קומפלקס כימיקלים,TR,מבשם אוויר בניחוח חו,מיליליטרים,400.00,"100 מ""ל",false,,9.90,0.0248,true,1,126944
7290006784315,false,נוזל רצפות ווקס 4 ליטר,,,סנט מוריץ רצפות+ווקס,ליטרים,4.00,ליטר,false,,19.90,4.9750,true,1,31454
7290006784322,false,ספריי לניקוי והברקת משטחי נירוסטה סנט מו,קומפלקס כימיקלים,IL,מבריק נירוסטה סנט מו,מיליליטרים,400.00,"100 מ""ל",false,,17.00,0.0425,true,1,33394
7290006784339,false,"תרסיס לניקוי רהיט סנט מוריץ 300 מ""ל",קומפלקס כימיקלים,IL,תרסיס רהיט 300מל',מיליליטרים,300.00,"100 מ""ל",false,,11.90,0.0397,true,1,36484
7290006784346,false,"תרסיס לניקוי שטיחים סנט מוריץ 630 מ""ל",קומפלקס כימיקלים בעמ,IL,קצף לניקוי שטיחים,מיליליטרים,630.00,"100 מ""ל",false,,15.90,0.0252,true,1,36658
7290006784360,false,חלונית סנט מוריץ לניקוי חלונות 1 ליטר,"קומפלקס כימיקלים בע""",IL,חלונית 1ליטר סנט מור,ליטרים,1.00,ליטר,false,,8.50,8.5000,false,1,37292
7290006784377,false,מרכך כביסה פיור נייטשר כחול 1 ליטר,"קומפלקס כימיקלים בע""",TR,מרכך כביסה ורוד 1 לי,ליטרים,1.00,ליטר,false,,10.90,10.9000,true,1,188658
7290006784469,false,"PURE מבשם אוויר ניחוח חופשה במיקונוס 400 מ""ל",קומפלקס כימיקלים,TR,"מבשם אוויר 400 מ""ל נ",מיליליטרים,400.00,"100 מ""ל",false,,9.90,0.0248,true,1,186113
7290006784483,false,"PURE מבשם אוויר ניחוח חופשה בסנט מוריץ 400 מ""ל",קומפלקס כימיקלים,TR,מבשם אוויר בניחוח חו,מיליליטרים,400.00,"100 מ""ל",false,,9.90,0.0248,true,1,126945
7290006784506,false,"אוקסי מסיר כתמים 750 מ""ל",קומפלקס כימיקלים,IL,"מסיר כתמים 750 מ""ל O",מיליליטרים,750.00,"100 מ""ל",false,,10.90,0.0145,true,1,70141
7290006784575,false,"מילוי מכשיר אוויר 250 מ""ל fashion loouy סנט מוריץ",קומפלקס כימיקלים בעמ,TR,מטהר אוויר למכשיר או,מיליליטרים,250.00,"100 מ""ל",false,,9.90,0.0396,true,1,188935
7290006784605,false,"מילוי מכשיר אוויר 250 מ""ל fashion midnight secret סנט מוריץ",קומפלקס כימיקלים בעמ,TR,מטהר אוויר למכשיר או,מיליליטרים,250.00,"100 מ""ל",false,,9.90,0.0396,true,1,188936
7290006785633,false,שקית 10 בלונים מיטלי,Unknown,,בלונים,יחידה,0.00,יחידה,false,,6.40,0.0000,true,1,71090
7290006788030,false,"שמפו לתלתלים מלאי חיים 700 מ""ל קרליין",מיוצר עי : אמיליה קוסמטי,IL,שמפו 10 מתולתל,מיליליטרים,700.00,"100 מ""ל",false,,12.90,0.0184,false,1,16842
7290006788443,false,"קרליין - נושם אוקסיג'ן דאודורנט רול און לאישה סגול 75 מ""ל","אמיליה קוסמטיקס בע""מ",IL,רול און קרליין,גרמים,75.00,100 גרם,false,,12.90,0.1720,true,1,16867
7290006788450,false,"קרליין - נושם סנסטיב דאודורנט ספריי לאישה ירוק 200 מ""ל",מיוצר עי : אמיליה קו,IL,דאודורנט קרליין,מיליליטרים,200.00,"100 מ""ל",false,,12.90,0.0645,true,1,16868
7290006788467,false,"קרליין - נושם אקטיב דאודורנט ספריי לאישה בורדו 200 מ""ל",מיוצר עי : אמיליה קוסמטי,IL,דאודורנט קרליין,מיליליטרים,200.00,"100 מ""ל",false,,12.90,0.0645,true,1,16869
7290006788559,false,"טיטניום ICE דאודורנט תרסיס ספריי 180 מ""ל",אמיליה קוסמטיקס בעמ,IL,טיטניום דאודורנט,מיליליטרים,200.00,"100 מ""ל",false,,15.90,0.0795,true,1,16877
7290006805355,false,"פילסברי, כדורים בטעם שוקולד, תערובת להכנת כדורים בטעם שוקולד. 500 גרם.",הדקלאים אגודת שיתופי,IL,תערובת כדורי שוק,גרמים,500.00,100 גרם,false,,17.90,0.0358,true,1,12763
7290006805850,false,פילסברי פנקייק תערובת להכנת חביתיות,הדקלאים אגודת שיתופי,IL,תערובת להכנת פנקייקס,גרמים,500.00,100 גרם,false,,17.90,0.0358,true,1,12764
7290006809025,false,שמן זית עץ השדה פיקו,,,שמן זית עץ השדה פיקו,מיליליטרים,750.00,"100 מ""ל",false,,43.90,0.0585,true,1,57517
7290006809032,false,עץ השדה- שמן זית פיק,,,עץ השדה- שמן זית פיק,מיליליטרים,750.00,"100 מ""ל",false,,43.90,0.0585,true,1,68538
7290006809049,false,שמן השדה-שמן ארבקינה,,,שמן השדה-שמן ארבקינה,מיליליטרים,750.00,"100 מ""ל",false,,43.90,0.0585,true,1,68604
7290006809063,false,עץ השדה- שמן זית קור,,,עץ השדה- שמן זית קור,מיליליטרים,750.00,"100 מ""ל",false,,43.90,0.0585,true,1,68539
7290006809087,false,עץ השדה-שמן זית סורי,,,עץ השדה-שמן זית סורי,מיליליטרים,750.00,"100 מ""ל",false,,43.90,0.0585,true,1,70538
7290006809094,false,שמן זית קורטינה,,,שמן זית קורטינה,מיליליטרים,750.00,"100 מ""ל",false,,43.90,0.0585,true,1,109484
7290006809155,false,שמן זית כתית מעולה ק,,,שמן זית כתית מעולה ק,ליטרים,2.00,ליטר,false,,92.90,46.4500,true,1,106887
7290006809179,false,שמן זית פיקואל 2 ליט,,,שמן זית פיקואל 2 ליט,ליטרים,2.00,ליטר,false,,92.90,46.4500,true,1,106888
7290006809612,false,עץ השדה-ממרח ארטישוק,,,עץ השדה-ממרח ארטישוק,גרמים,230.00,100 גרם,false,,18.90,0.0822,true,1,62004
7290006809643,false,עץ השדה ממרח זית ירו,,,עץ השדה ממרח זית ירו,גרמים,230.00,100 גרם,false,,18.90,0.0822,true,1,59974
7290006809650,false,עץ השדה-ממרח עגבניות,,,עץ השדה-ממרח עגבניות,גרמים,230.00,100 גרם,false,,18.90,0.0822,true,1,57992
7290006809667,false,עץ השדה -ממרח פלפלים,,,עץ השדה -ממרח פלפלים,גרמים,230.00,100 גרם,false,,18.90,0.0822,true,1,58004
7290006809674,false,עץ השדה-פסטו בזיליקו,,,עץ השדה-פסטו בזיליקו,גרמים,230.00,100 גרם,false,,18.90,0.0822,true,1,57993
7290006809681,false,עץ השדה-צ'ימיצ'ורי,,,עץ השדה-צ'ימיצ'ורי,גרמים,230.00,100 גרם,false,,18.90,0.0822,true,1,57990
7290006809711,false,עץ השדה ממרח שום,,,עץ השדה ממרח שום,גרמים,230.00,100 גרם,false,,18.90,0.0822,true,1,109716
7290006809728,false,עץ השדה ממרח סחוג מס,,,עץ השדה ממרח סחוג מס,גרמים,230.00,100 גרם,false,,18.90,0.0822,true,1,110937
7290006809735,false,ממרח חציל קלוי,,,ממרח חציל קלוי,יחידה,0.00,יחידה,false,,18.90,0.0000,true,1,111488
7290006822192,false,נקטר דיאט חמוציות אושן ספריי פריגת 1 ליטר,מבשלות בירה בינלאומיות ב,IL,מיץ חמוציות דיאט אוש,ליטרים,1.00,ליטר,false,,12.90,12.9000,false,1,5855
7290006866363,false,מיץ סחוט אשכוליות אדומות פרימור 1 ליטר,"גניר (1992) בע""מ",IL,פרימור מיץ אשכולית א,ליטרים,1.00,ליטר,false,,15.90,15.9000,true,1,25343
7290006899187,false,סרמוני תה - 20 לימונית לואיזה - קופסת פירמידה,תה סרמוני בעמ,,סרמוני תה לימונית ול,גרמים,30.00,100 גרם,false,,16.90,0.5633,true,1,102473
7290006899354,false,סרמוני תה - 20 פרחי קמומיל - קופסת פירמידה,תה סרמוני בעמ,IL,תה סרמוני קמומיל,גרמים,21.00,100 גרם,false,,16.90,0.8048,true,1,102469
7290006899705,false,סרמוני תה - 20 ירוק לימונית - קופסת פירמידה,תה סרמוני בעמ,IL,סרמוני תה ירוק לימונ,גרמים,44.00,100 גרם,false,,16.90,0.3841,true,1,124000
7290006908360,false,שקד קלוי 150 גר' פיצוחי חממה,בוטנת,,שקד קלוי 150 גר',גרמים,150.00,100 גרם,false,,13.90,0.0927,true,1,96217
7290006908377,false,שקד טבעי 150 גר פיצוחי חממה,בוטנת,,שקד טבעי 150 גר',גרמים,150.00,100 גרם,false,,12.90,0.0860,true,1,96374
7290006908384,false,פיסטוק חלבי 150 גר' פיצוחי חמהה,בוטנת,,פיסטוק קלוי 150 גר',גרמים,150.00,100 גרם,false,,14.90,0.0993,true,1,96218
7290006908391,false,קאשיו קלוי 150 גר' פיצוחי חממה,בוטנת,,קשיו קלוי 150 גר',גרמים,150.00,100 גרם,false,,12.50,0.0833,true,1,96219
7290006983152,false,קרוטונים מתובלים למרק אסם 400 גרם,עינת תעשיות מזון אגו,IL,קרוטונים מתובלים למר,גרמים,400.00,100 גרם,false,,18.90,0.0472,true,1,6541
7290006983176,false,אוסם - לחמית שיפון 250 גרם,"אסם השקעות בע""\מ",IL,לחמית שיפון,גרמים,230.00,100 גרם,false,,8.70,0.0378,true,1,6542
7290006983206,false,תערובת להכנת פלפל קלי קלות 180 גרם,"אסם השקעות בע""\מ",IL,פלאפל בקלי קלות 180,גרמים,180.00,100 גרם,false,,9.70,0.0539,true,1,6543
7290006983527,false,עוגת הבית תפוחי עץ עם פירורים 400 ג' אסם,מיוצר עי קונדיטוריית,IL,עוגת הבית תפוחים עם,גרמים,400.00,100 גרם,false,,18.00,0.0450,false,1,6551
7290006983763,false,עוגת הבית שוקולד 400 גרם אסם.,מיוצר עי קונדיטוריית,IL,עוגת הבית שוקולד,גרמים,400.00,100 גרם,false,,13.90,0.0348,false,1,6552
7290006983770,false,עוגת הבית שיש אסם 400 גרם,מיוצר עי קונדיטוריית,IL,עוגת הבית שיש,גרמים,400.00,100 גרם,false,,13.90,0.0348,false,1,6553
7290006983787,false,עוגת הבית שוקולד צ'יפס אסם 400 גרם,מיוצר עי קונדיטוריית,IL,עוגת הבית שוקולד,גרמים,400.00,100 גרם,false,,13.90,0.0348,false,1,6554
7290006983794,false,עוגת הבית בטעם תפוז אסם 400 גרם,מיוצר עי קונדיטוריית,IL,עוגת הבית תפוז,גרמים,400.00,100 גרם,false,,13.90,0.0348,false,1,6555
7290006992161,false,מטרנה - דייסת קורנפלור פרוביוטי 200 גרם,מולינו ניקולי s.p.a,IL,דייסת מטרנה קונפלור,גרמים,200.00,100 גרם,false,,13.90,0.0695,false,1,15985
7290006992208,false,מטרנה דייסת 8 דגנים מעורבים 200 גרם,מטרנה תעשיות ש.מ,IL,דייסת דגנים 200,גרמים,200.00,100 גרם,false,,13.90,0.0695,false,1,15989
7290006992390,false,"מטרנה - דייסת וניל פרוביוטי כשל""פ 200 גרם",מולינו ניקולי s.p.a,IL,"דייסת וניל 200 בד""צ",גרמים,200.00,100 גרם,false,,13.90,0.0695,true,1,15993
7290006992864,false,"לה קט חתלתולים 2.85 ק""ג",united pet food,FR,לה קט עוף חתלתולים 2,קילוגרמים,2.85,"ק""ג",false,,59.90,21.0175,true,1,59201
7290008023542,false,סיף פנטסטיק שמפו רצפות כתום 4ל',יוניליוור ישראל טיפוח אי,IL,שמפו רצפות 4 ליט,ליטרים,4.00,ליטר,false,,19.90,4.9750,false,1,12402
7290008068512,false,בייבי פסטה משחה קמומיל לתינוק 100 גר',ויטאמד צריכה,IL,בייבי פסטה+קמומיל,גרמים,100.00,100 גרם,false,,18.90,0.1890,true,1,65552
7290008084956,false,בייבי פסטה משחה לתינוק,בייבי פסטה,IL,בייבי פסטה משחה לתינ,גרמים,120.00,100 גרם,false,,15.90,0.1325,true,1,10227
7290008104050,false,"שטיפת אינטימית לקטופיל פמינה 220 מ""ל",כצט נוביס סעמ,IL,פמינה לרחיצה אינ,מיליליטרים,220.00,"100 מ""ל",false,,19.90,0.0905,true,1,20382
7290008154222,false,שניצלונים עוף טוב 700 גרם,"מוצרי עוף טוב (2001) בע""",IL,עוף טוב שניצלונים 70,גרמים,700.00,100 גרם,false,,18.90,0.0270,false,1,6580
7290008175173,false,חמאה מפינלנד ללא מלח 200 גרם ויליפוד,ואליו אל.טי.די,FI,חמאה ללא מלח 200 גר,גרמים,200.00,100 גרם,false,,11.90,0.0595,true,1,14924
7290008175692,false,וילי פוד נודלס אטר.ביצים להקפצה בדץ 400ג,פוגיאן לונגאי,CN,איטריות להקפצה,גרמים,400.00,100 גרם,false,,6.90,0.0173,true,1,14928
7290008175814,false,וילי פוד פטריות שמפיניון חתוך בדץ 400ג,"אוקצ'מפ אס, איי אויי",PL,פטריות שמפניון חתוכו,גרמים,400.00,100 גרם,false,,4.90,0.0123,false,1,14929
7290008190909,false,עוגיות מיני קוקיס שוקולד צ'יפס בצנצנת כרמית 600 גרם,כרמית תעשיות ממתקים,IL,עוגיות מיני קוקיס כר,גרמים,600.00,100 גרם,false,,15.90,0.0265,true,1,20116
7290008190985,false,לקקן בטעם גלידה 50 יח',כרמית תעשיות ממתקים,IL,לקקן גלידה,גרמים,500.00,100 גרם,false,,14.90,0.0298,true,1,20118
7290008194266,false,מארזים מתוקים א.אטיא,ממתקי השלום,IL,חטיפים מתוקים 350גר,גרמים,350.00,100 גרם,false,,12.90,0.0369,true,1,60560
7290008194839,false,חטיפים מצופים אטיאס,ממתקי השלום,IL,קליפות הדרים 300 גר',גרמים,300.00,100 גרם,false,,12.90,0.0430,true,1,101714
7290008310000,false,אמפנדס במילוי עוף חי,מאפה של חייקה,IL,אמפנדס במילוי עוף חי,גרמים,700.00,100 גרם,false,,45.90,0.0656,true,1,190181
7290008310017,false,אמפנדס מאפה של חייקה,מאפה של חייקה,IL,אמפנדס מאפה של חייקה,גרמים,600.00,100 גרם,false,,45.90,0.0765,true,1,20183
7290008310024,false,עוגיות אלפחורס חייקה,מאפה של חייקה,,עוגיות אלפחורס חייקה,גרמים,300.00,100 גרם,false,,33.90,0.1130,true,1,10946
7290008310086,false,בצק לאמפנדס מאפה של,מאפה של חייקה,IL,בצק לאמפנדס מאפה של,גרמים,700.00,100 גרם,false,,33.90,0.0484,true,1,34450
7290008318662,false,קרם גוף חלאבין כתום 275מ,חלאבין,IL,קרם גוף כתום 275,מיליליטרים,400.00,"100 מ""ל",false,,26.90,0.0672,true,1,20104
7290008330107,false,מרכך כביסה בדין סגול 4 ליטר,יוניליור ישראל טיפוח איש,IL,בדין 4 ליטר מרען,ליטרים,4.00,ליטר,false,,19.90,4.9750,false,1,12405
7290008333115,false,אבקת ג'לטין טהור נטו 28 גרם,מאיר עזרא ובניו,IL,אבקת ג'לטין טהור,גרמים,28.00,100 גרם,false,,10.90,0.3893,true,1,17982
7290008335539,false,פלמיני במלית בשר קפוא 60,"שלושת האופים בע""\מ",IL,פלמיני בשר,גרמים,600.00,100 גרם,false,,12.90,0.0215,true,1,85208
7290008335553,false,קובה בשר וצנובר 600ג שלושת האופים,האי נאם סי או אל.טי.,IL,קובה בשר וצנובר,גרמים,600.00,100 גרם,false,,12.90,0.0215,true,1,85210
7290008335560,false,סיגרים במילוי בשר 600גרם,האי נאם סי או אל.טי.,IL,סיגרים בשר,גרמים,600.00,100 גרם,false,,12.90,0.0215,true,1,85211
7290008335577,false,"פסטלים במילוי תפו""א 600ג",האי נאם סי או אל.טי.,IL,"פסטל תפ""א",גרמים,600.00,100 גרם,false,,12.90,0.0215,true,1,85212
7290008335584,false,"סיגרים במילוי תפו""א 600ג",האי נאם סי או אל.טי.,IL,"סיגרים תפ""א",גרמים,600.00,100 גרם,false,,12.90,0.0215,true,1,85213
7290008343466,false,בצק פילו 500 גרם שלושת האופים,שלושת האופים שגמור,IL,בצק פילו 500 גר',גרמים,500.00,100 גרם,false,,18.90,0.0378,true,1,13415
7290008344258,false,המבורגר מזרחי טיבון ויל 400 גרם,"טיבון ויל אחזקות בע""\מ",IL,המבורגר מזרחי,גרמים,400.00,100 גרם,false,,18.90,0.0472,false,1,18019
7290008344272,false,המבורגר 100% טיבון ויל 400 גרם,טיבון ויל אחזקות בעמ,IL,100% המבורגר 400 גר',גרמים,400.00,100 גרם,false,,18.90,0.0472,false,1,18021
7290008347211,false,אצבעות דג מצופות דלידג 700 גרם,אף.סי תבליני בגליל ב,IL,אצבעות דג 700 גרם,גרמים,700.00,100 גרם,false,,22.90,0.0327,true,1,18046
7290008408073,false,"EVEN קרם קרטין טיפולי לשיער צבוע/פגום 500 מ""ל",י.שיאון,IL,מים מזוקקים 4 ל',ליטרים,4.00,ליטר,false,,13.90,3.4750,true,1,39872
7290008409049,false,שניצלונים בציפוי שומשום מיני מיני דק מאמא עוף 500 גרם,תנובה גליל שותפות מוגבלת,IL,מיני מיני שניצלונים,גרמים,500.00,100 גרם,false,,24.90,0.0498,false,1,60871
7290008409100,false,אצבעות שניצל בציפוי שומשום מאמא עוף 700 גרם,תנובה גליל שותפות מוגבלת,IL,אצבעות שניצל בציפוי,גרמים,700.00,100 גרם,false,,31.90,0.0456,false,1,9298
7290008409124,false,מאמא עוף קפוא שניצל ג'ונגל פריך 700 גרם,תנובה גליל שותפות מוגבלת,IL,שניצל ג'ונגל מאמא עו,גרמים,700.00,100 גרם,false,,31.90,0.0456,false,1,9300
7290008409216,false,מאמא עוף קפוא שניצל דק פריך 700 גרם,תנובה גליל,IL,שניצל דק פריך מאמא ע,גרמים,700.00,100 גרם,false,,37.90,0.0541,false,1,34441
7290008409315,false,שניצלונים בציפוי פריך מיני מיני דק מאמא עוף 500 גרם,תנובה גליל,IL,מיני מיני דק שניצלונ,גרמים,500.00,100 גרם,false,,24.90,0.0498,false,1,60869
7290008409407,false,שניצל דק צ'יפס מאמא עוף 700 גרם,תנובה גליל שותפות מוגבלת,IL,שניצל דק צ'יפס,גרמים,700.00,100 גרם,false,,37.90,0.0541,false,1,40205
7290008409551,false,שניצל עוף אמיתי בציפוי מעודן 700 ג' מאמא עוף,תנובה גליל שותפות מוגבלת,IL,שניצל מעודן,גרמים,700.00,100 גרם,false,,37.90,0.0541,false,1,9320
7290008409568,false,שניצל עוף אמיתי בציפוי שבבי ציפס 700 גר,תנובה גליל שותפות מוגבלת,IL,שניצל עוף אמיתי בציפ,גרמים,700.00,100 גרם,false,,37.90,0.0541,false,1,9321
7290008409582,false,שניצל עוף אמיתי בציפוי ביתי מאמא עוף 700 גרם,תנובה גליל שותפות מוגבלת,IL,שניצל אמיתי ביתי,גרמים,700.00,100 גרם,false,,37.90,0.0541,false,1,9323
7290008409605,false,כוכבי עוף בציפוי מעודן מאמא עוף 700 גרם,תנובה גליל שותפות מוגבלת,IL,כוכבי עוף בציפוי,גרמים,700.00,100 גרם,false,,31.90,0.0456,false,1,9325
7290008415071,false,צבר חומוס עם טחינה עגול 150 גרם,סלטי צבר,IL,חומוס עם טחינה 150 ג,גרמים,150.00,100 גרם,false,,4.80,0.0320,true,1,6593
7290008415514,false,צבר חומוס עם חריף עגול 150 גרם,סלטי צבר,IL,חומוס צבר חריף 150גר,גרמים,150.00,100 גרם,false,,4.80,0.0320,true,1,6598
7290008417006,false,פפריקה מתוקה עם שמן,נווה תבלין,,פפריקה מתוקה עם שמן,גרמים,100.00,100 גרם,false,,8.40,0.0840,true,1,11788
7290008417013,false,פפריקה מתוקה גרוסה 1,נווה תבלין,,פפריקה מתוקה גרוסה,גרמים,100.00,100 גרם,false,,8.40,0.0840,true,1,11789
7290008417020,false,פפריקה חריפה 110,נווה תבלין,,פפריקה חריפה,גרמים,100.00,100 גרם,false,,8.40,0.0840,true,1,11790
7290008417037,false,פלפל שחור טחון במיכל,נווה תבלין,,פלפל שחור טחון במיכל,גרמים,80.00,100 גרם,false,,8.40,0.1050,true,1,11791
7290008417044,false,פלפל שחור גרוס במיכל,נווה תבלין,,פלפל שחור גרוס במיכל,גרמים,80.00,100 גרם,false,,8.40,0.1050,true,1,11792
7290008417051,false,תבלין פלפל לבן,נווה תבלין,,תבלין פלפל לבן,גרמים,60.00,100 גרם,false,,8.40,0.1400,true,1,11793
7290008417068,false,כמון מזרחי מיכל פלסט,נווה תבלין,,כמון מזרחי מיכל פלסט,גרמים,110.00,100 גרם,false,,8.40,0.0764,true,1,11794
7290008417075,false,כורכום טחון מיכל פלס,נווה תבלין,,כורכום טחון מיכל פלס,גרמים,110.00,100 גרם,false,,8.40,0.0764,true,1,11795
7290008417099,false,תבלין חווא'ג למרק,נווה תבלין,,תבלין חווא'ג למרק,גרמים,110.00,100 גרם,false,,8.40,0.0764,true,1,11797
7290008417105,false,קינמון טחון 110,נווה תבלין,,קינמון טחון,גרמים,120.00,100 גרם,false,,8.40,0.0700,true,1,11798
7290008417112,false,תבלין מלח לימון,נווה תבלין,,תבלין מלח לימון,גרמים,130.00,100 גרם,false,,8.40,0.0646,true,1,11799
7290008417150,false,תבלין קארי טחון,נווה תבלין,,תבלין קארי טחון,גרמים,110.00,100 גרם,false,,8.40,0.0764,true,1,11802
7290008417167,false,קימל טחון/שלם,נווה תבלין,,קימל טחון/שלם,גרמים,110.00,100 גרם,false,,8.40,0.0764,true,1,11803
7290008417198,false,תבלין בצל יבש,נווה תבלין,,תבלין בצל יבש,גרמים,120.00,100 גרם,false,,8.40,0.0700,true,1,11806
7290008417204,false,תבלין לשווארמה 110,נווה תבלין,,תבלין לשווארמה,גרמים,110.00,100 גרם,false,,8.40,0.0764,true,1,11807
7290008417211,false,תבלין לדג,נווה תבלין,,תבלין לדג,גרמים,120.00,100 גרם,false,,8.40,0.0700,true,1,11808
7290008417228,false,תבלין על אש 110,נווה תבלין,,תבלין על האש,גרמים,110.00,100 גרם,false,,8.40,0.0764,true,1,11809
7290008417235,false,זנגויל טחון מיכל פלס,נווה תבלין,,זנגויל טחון מיכל פלס,גרמים,120.00,100 גרם,false,,8.40,0.0700,true,1,11810
7290008417242,false,תבלין אורגנו,נווה תבלין,,תבלין אורגנו,גרמים,50.00,100 גרם,false,,8.40,0.1680,true,1,11811
7290008417259,false,תבלין לקציצות 110גרם,נווה תבלין,,תבלין לקציצות,גרמים,110.00,100 גרם,false,,8.40,0.0764,true,1,11812
7290008417266,false,זעתר עם שומשום מיכל,נווה תבלין,,זעתר עם שומשום מיכל,גרמים,110.00,100 גרם,false,,8.40,0.0764,true,1,11813
7290008417273,false,כוסברה ירק / שלם,נווה תבלין,,כוסברה ירק / שלם,גרמים,40.00,100 גרם,false,,8.40,0.2100,true,1,11814
7290008417280,false,אגוז מוסקט - שלם / ט,נווה תבלין,,אגוז מוסקט - שלם / ט,גרמים,60.00,100 גרם,false,,8.40,0.1400,true,1,11815
7290008417310,false,שומשום סיני,נווה תבלין,,שומשום סיני,גרמים,120.00,100 גרם,false,,8.40,0.0700,true,1,114230
7290008417372,false,תבלין לגריל עוף 120,נווה תבלין,,תבלין גריל עוף,גרמים,110.00,100 גרם,false,,8.40,0.0764,true,1,11816
7290008417389,false,שום גבישי 110 גר,נווה התבלין,,שום גבישי,גרמים,110.00,100 גרם,false,,8.40,0.0764,true,1,11817
7290008417402,false,תבלין בזיליקום,נווה תבלין,,תבלין בזיליקום,גרמים,50.00,100 גרם,false,,8.40,0.1680,true,1,11819
7290008417440,false,פלפל שחור שלם במיכל,נווה תבלין,,פלפל שחור שלם במיכל,גרמים,80.00,100 גרם,false,,8.40,0.1050,true,1,11823
7290008417457,false,תבלין רוזמרין,נווה תבלין,,תבלין רוזמרין,גרמים,60.00,100 גרם,false,,8.40,0.1400,true,1,11824
7290008417495,false,פלפל אנגלי שלם במיכל,נווה תבלין,,פלפל אנגלי שלם במיכל,גרמים,100.00,100 גרם,false,,8.40,0.0840,true,1,11828
7290008417501,false,תבלין בהרט,נווה תבלין,,תבלין בהרט,גרמים,110.00,100 גרם,false,,8.40,0.0764,true,1,11829
7290008417518,false,תבלין למעורב ירושלמי,נווה תבלין,,תבלין למעורב ירו,גרמים,110.00,100 גרם,false,,8.40,0.0764,true,1,11830
7290008417532,false,תבלין סומק,נווה תבלין,,תבלין סומק,גרמים,100.00,100 גרם,false,,8.40,0.0840,true,1,11832
7290008417594,false,כורכום טחון בצנצנת 4,נווה תבלין,,כורכום טחון 400 גר,גרמים,400.00,100 גרם,false,,20.00,0.0500,true,1,20043
7290008417600,false,פפריקה מתוקה בצנצנת,נווה תבלין,,פפריקה מתוקה 400 ג,גרמים,400.00,100 גרם,false,,20.00,0.0500,true,1,59120
7290008417617,false,מלח לימון 600 גר,נווה תבלין,,מלח לימון 600 גר,גרמים,600.00,100 גרם,false,,20.00,0.0333,true,1,26919
7290008417624,false,פפריקה מתוקה עם שום,נווה תבלין,,פפריקה מתוקה 400 גר',גרמים,400.00,100 גרם,false,,20.00,0.0500,true,1,11835
7290008417631,false,פפריקה מתוקה 110,נווה תבלין,,פפריקה מתוקה,גרמים,100.00,100 גרם,false,,8.40,0.0840,true,1,11836
7290008417648,false,צ'ילי מקסיקני 120,נווה תבלין,,צי'לי מקסיקני,גרמים,110.00,100 גרם,false,,8.40,0.0764,true,1,11837
7290008417655,false,מקלות קינמון במיכל פ,נווה תבלין,,מקלות קינמון במיכל פ,גרמים,110.00,100 גרם,false,,8.40,0.0764,true,1,11838
7290008417730,false,תערובת קינג'ון,נווה תבלין,,תערובת קינג'ון,גרמים,110.00,100 גרם,false,,8.40,0.0764,true,1,11843
7290008417808,false,חילבה שלם,נווה תבלין,,חילבה שלם,יחידה,0.00,יחידה,false,,8.40,0.0000,true,1,35439
7290008417815,false,פפריקה מתוקה מעושנת,נווה תבלין,,פפריקה מתוקה מעושנת,גרמים,90.00,100 גרם,false,,8.40,0.0933,true,1,61000
7290008417822,false,תערובת תיבול טוסקנה,נווה תבלין,,תערובת תיבול טוסקנה,גרמים,100.00,100 גרם,false,,8.40,0.0840,true,1,61001
7290008417877,false,פילדלפיה תבלין,,,פילדלפיה תבלין,גרמים,100.00,100 גרם,false,,8.40,0.0840,true,1,70129
7290008443616,false,"מרכך לשיער יבש אדום נקה 7 750 מ""ל","אמיליה קוסמטיקס בע""מ",IL,נקה 7-מייצב יבש אדו,מיליליטרים,750.00,"100 מ""ל",false,,11.90,0.0159,true,1,16957
7290008443630,false,"שמפו לשיער מתולתל סגול נקה 7 750 מ""ל",אמיליה קוסמטיקס בע'\'\מ,IL,נקה 7-שמפו מתולתל ס,מיליליטרים,750.00,"100 מ""ל",false,,11.90,0.0159,true,1,16959
7290008443647,false,"מרכך לשיער מתולתל סגול, 750 מ""ל נקה 7","אמיליה קוסמטיקס בע""מ",IL,נקה 7-מייצב מתולתל ס,מיליליטרים,750.00,"100 מ""ל",false,,11.90,0.0159,true,1,16960
7290008461221,false,סרדינים רוברט בשמן חמניות 115 גרם,"רמירז, מטוסינוס",PT,סרדין רוברט בשמן 115,גרמים,115.00,100 גרם,false,,6.90,0.0600,true,1,18065
7290008461238,false,"סרדינים בשמן חמניות ופלפל חריף רוברט 84 גרם, 115 גרם","רמירז, מטוסינוס",PT,סרדין רוברט חריף בשמ,גרמים,115.00,100 גרם,false,,6.90,0.0600,true,1,18066
7290008462198,false,חרדל דיזיון חריף 210 גרם,מיילי,,חרדל דיז'ון חריף MAI,גרמים,200.00,100 גרם,false,,14.90,0.0745,true,1,18073
7290008462204,false,חרדל דיז'ון מקורי נטו מאי 380 גרם,יוניליבר צרפת,FR,חרדל דיזו'ן MAILLE,גרמים,380.00,100 גרם,false,,14.90,0.0392,true,1,18074
7290008464024,false,"בירה גולדסטאר Unfiltered, בירה לא מסוננת, פחית 500 מ""ל","טמפו משקאות בע""מ",IL,פחית גולדסטאר לא מסו,מיליליטרים,500.00,"100 מ""ל",false,,8.50,0.0170,true,1,66586
7290008464109,false,"בירה גולדסטאר Unfiltered, בירה לא מסוננת, בקבוק 330 מ""ל","טמפו משקאות בע""מ",IL,"גולדסטאר 330 מ""ל לא",מיליליטרים,330.00,"100 מ""ל",false,,7.20,0.0218,true,1,62051
7290008464130,false,"בירה גולדסטאר Unfiltered, בירה לא מסוננת, מארז שישייה, בקבוק 330 מ""ל",טמפו,IL,גולדסטאר לא מסונן שי,ליטרים,1.98,ליטר,false,,32.90,16.6162,false,1,62223
7290008464222,false,"בירה מכבי 7.9%, בירה חזקה, פחית 500 מ""ל","טמפו משקאות בע""\מ",IL,מכבי 7.9% פחית 500 מ,מיליליטרים,500.00,"100 מ""ל",false,,7.20,0.0144,true,1,95810
7290008464345,false,"בירה גולדסטאר, בקבוק 330 מ''ל",טמפו משקאות בע''מ,IL,גולדסטאר בק' 330,יחידה,330.00,יחידה,false,,7.00,0.0212,true,1,18586
7290008464468,false,"בירה גולדסטאר, פחית 500 מ""ל","טמפו משקות בע""\מ",IL,גולדסטאר בירה פחית 5,מיליליטרים,500.00,"100 מ""ל",false,,7.90,0.0158,false,1,18592
7290008464475,false,"בירה מכבי, פחית 500 מ""ל","טמפו משקאות בע""\מ",IL,מכבי בירה פחית 500 מ,מיליליטרים,500.00,"100 מ""ל",false,,6.90,0.0138,false,1,18593
7290008464604,false,"בירה הייניקן פחית 500 מ""ל",טמפו משקאות בע''מ,NL,הייניקן בירה פחית 50,מיליליטרים,500.00,"100 מ""ל",false,,9.50,0.0190,false,1,18598
7290008464611,false,"הסודה של טמפו, מי סודה בגיזוז חזק, 275 מל",טמפו משקאות בעמ,IL,"סודה 275 מ""ל בקבוק",מיליליטרים,275.00,"100 מ""ל",false,,3.00,0.0109,true,1,110651
7290008464673,false,"בירה גולדסטאר SLOWBREW פחית 10%, 500 מ""ל","טמפו משקאות בע""\מ",IL,בירה גולדסטאר 10% SL,מיליליטרים,500.00,"100 מ""ל",false,,8.50,0.0170,true,1,112672
7290008464697,false,"בירה מכבי 7.9%, בירה חזקה, מארז שישייה, בקבוק 330 מ""ל",טמפו,IL,שישיית מכבי 7.9% אלכ,מיליליטרים,1980.00,"100 מ""ל",false,,32.90,0.0166,false,1,70081
7290008464734,false,"שישיית בירה גולדסטאר לאגר SLOW BREW בקבוק 330 מ""ל",טמפו משקאות בע''מ,IL,גולדסטאר SLOW BREW,ליטרים,1.98,ליטר,false,,34.90,17.6263,false,1,104419
7290008464741,false,"בירה גולדסטאר, מארז שישייה, בקבוק 330 מ''ל","טמפו משקאות בע""\מ",IL,גולדסטאר שישייה בקבו,ליטרים,1.98,ליטר,false,,29.90,15.1010,false,1,18603
7290008464796,false,"בירה היינקן, מארז שישייה, בקבוק 330 מ''ל",טמפו משקאות בע''מ,IL,הייניקן שישייה בקבוק,ליטרים,1.98,ליטר,false,,32.90,16.6162,false,1,18607
7290008482530,false,תערובת להכנה קלה פנקייק 400 ג',י.כהן,IL,תערובת לפנקייק,גרמים,400.00,100 גרם,false,,12.90,0.0323,true,1,13990
7290008493413,false,פירורי לחם מאיר בייגל פירורי גריסיני 200 גרם,מאיר את ביגל,IL,פירורי גריסיני 200 ג,גרמים,200.00,100 גרם,false,,6.50,0.0325,true,1,26518
7290008493710,false,פרורי גריסני זהב פירורי לחם מאיר בייגל 200 גרם,מאיר את ביגל,IL,פירורי גריסיני זהב 2,גרמים,200.00,100 גרם,false,,6.50,0.0325,true,1,94231
7290008496742,false,בלו פיש-אצבעות דג אמ,,,בלו פיש-אצבעות דג אמ,גרמים,400.00,100 גרם,false,,21.90,0.0547,true,1,189699
7290008499088,false,אסאדו עם עצם מנות,,,אסאדו עם עצם מנות,קילוגרמים,1.00,"ק""ג",true,,79.90,79.9000,false,1,122222
7290008499101,false,אוסובקו עגל פרוס אית,קצביית פרימיום,IL,אוסובוקו עגל פרוס בו,קילוגרמים,1.00,"ק""ג",true,,69.90,69.9000,false,1,122223
7290008644112,false,סלט מטבוחה יום יום אחלה 125 גרם,"שטראוס גרופ בע""\מ",IL,מטבוחה יום יום,גרמים,125.00,100 גרם,false,,4.60,0.0368,true,1,7636
7290008644235,false,עלי בייבי שטראוס 120 גרם,שטראוס בריאות ירקות טריי,IL,לקט עלי בייבי שטראוס,גרמים,120.00,100 גרם,false,,9.90,0.0825,true,1,7639
7290008644945,false,לקט לסלט המושבה שטראוס 450 גרם,שטראוס בריאות ירקות טריי,IL,סלט המושבה שטראוס 45,גרמים,450.00,100 גרם,false,,11.90,0.0264,true,1,7647
7290008670913,false,רקנאטי גליל עליון קברנה סובניון 750 מל,רקנאטי,IL,רקנאטי גליל עליון קב,מיליליטרים,750.00,"100 מ""ל",false,,49.90,0.0665,true,1,109694
7290008670920,false,יין רקנאטי גליל עליון מרלו 750 מל,,,רקנאטי גליל עליון מר,מיליליטרים,750.00,"100 מ""ל",false,,49.90,0.0665,true,1,109695
7290008690713,false,נקטר חמוציות אושן ספריי פריגת 1 ליטר,מבשלות בירה בינלאומיות ב,IL,חמוציות אושן ספריי פ,ליטרים,1.00,ליטר,false,,12.90,12.9000,true,1,5904
7290008693134,false,מעדן גבינה ויוגורט בטעם תות 5% שומן 88 ג' דניאלה,"שטראוס בריאות בע""מ",IL,דניאלה תות שדה 5%,מיליליטרים,150.00,"100 מ""ל",false,,4.10,0.0273,true,1,7672
7290008713900,false,לחם שיפון עגול פרוס אנג'ל 750 גרם,מאפיית אנג'\ל אורנים מאפ,IL,לחם שיפון עגול 750 ג,גרמים,750.00,100 גרם,false,,10.90,0.0145,true,1,32460
7290008739016,false,נר פילר זהב 70*90,יושלם,,נר ריחני 3*5,יחידה,0.00,יחידה,false,,19.90,0.0000,true,1,34959
7290008739955,false,נרות שולחן/חמסה ריחנ,,,ברכת הבית,יחידה,0.00,יחידה,false,,12.00,0.0000,true,1,34960
7290008745239,false,תפוצ'יפס קראנצ' בטעם טבעי עלית 50 גרם,"שטראוס פריטו ליי בע""\מ )",IL,תפוציפס 50 גר,גרמים,50.00,100 גרם,false,,3.90,0.0780,true,1,10163
7290008747547,false,תפוצ'יפס קראנץ' בטעם טבעי עלית 200 גרם,"שטראוס פריטו ליי בע""\מ )",IL,תפוציפס טבעי,גרמים,200.00,100 גרם,false,,10.90,0.0545,false,1,10165
7290008750264,false,"מסטיק מאסט ציקלס דובדבן 28 גרם לל""ס מגדים","שטראוס גרופ בע""מ",IL,מסטיק מאסט בטעם דובד,גרמים,28.00,100 גרם,false,,4.40,0.1571,false,1,9892
7290008752244,false,תפוצ'יפס קראנץ' בטעם גריל עלית 50 גרם,"שטראוס פריטו ליי בע""\מ )",IL,תפוציפס גריל,גרמים,50.00,100 גרם,false,,3.90,0.0780,true,1,10175
7290008753111,false,תפוצ'יפס קראנץ' בטעם מקסיקני עלית 50 גרם,"שטראוס פריטו ליי בע""\מ )",IL,תפוציפס 50 גר,גרמים,50.00,100 גרם,false,,3.90,0.0780,true,1,10177
7290008753364,false,דוריטוס גריל עלית 55 ג',שטראוס פריטו ליי בע,IL,דוריטוס גריל,גרמים,55.00,100 גרם,false,,2.90,0.0527,true,1,10179
7290008753371,false,דוריטוס נאצו מקסיקני 55 גר,STRAUSS-ISRAEL,IL,דוריטוס נאצ'ו,גרמים,55.00,100 גרם,false,,2.90,0.0527,true,1,10180
7290008753388,false,דוריטוס טבעי עלית 55 ג',שטראוס פריטו ליי בע,IL,דוריטוס טבעי,גרמים,55.00,100 גרם,false,,2.90,0.0527,true,1,10181
7290008754040,false,ממרח שוקולד פרה עלית 850 גרם מגדים,שטראוס גרופ,IL,ממרח שוקולד פרה פרוו,גרמים,850.00,100 גרם,false,,18.00,0.0212,true,1,24098
7290008754415,false,גומי מאסט בטעם ספירמינט עדין פליפטופ 28 ג' עלית,"שטראוס גרופ בע""מ",IL,מסטיק מאסט בטעם מנטה,גרמים,28.00,100 גרם,false,,4.40,0.1571,false,1,21817
7290008754422,false,גומי מאסט בטעם פפרמינט קלאסי פליפטופ 28 ג' עלית,"שטראוס גרופ בע""מ",IL,מסטיק מאסט בטעם מנטה,גרמים,28.00,100 גרם,false,,4.40,0.1571,false,1,19152
7290008757034,false,"שוופס סודה זכוכית 250 מ""ל",יפאורה שותפות מובגלת לשיווק,IL,סודה שוופס 250 מ,יחידה,250.00,יחידה,false,,3.20,0.0128,true,1,13968
7290008757980,false,קרטונית ספרינג נקטר רימונים 1 ליטר,יפאורה שותפות מובגלת לשיווק,IL,ספרינג רימונים קרטונ,ליטרים,1.00,ליטר,false,,6.90,6.9000,false,1,13983
7290008775816,false,ערגליות עוגיות במילוי שוקולד אסם 300 גרם,מיוצר עי קונדיטוריית,IL,ערגליות שוקו 300,גרמים,300.00,100 גרם,false,,10.60,0.0353,false,1,6615
7290008775823,false,ערגליות עוגיות תות שדה אסם 300 גרם,מיוצר עי קונדיטוריית,IL,ערגליות תות שדה,גרמים,300.00,100 גרם,false,,10.60,0.0353,false,1,6616
7290008775892,false,פסטה פרפקטו לינגוויני (11) 500 גרם,אסם פרפקטו,IT,פרפקטו לינגוויני,גרמים,500.00,100 גרם,false,,7.70,0.0154,false,1,6618
7290008784009,false,גומיות משרד,,,גומיות משרד,יחידה,0.00,יחידה,false,,7.90,0.0000,true,1,64370
7290008784214,false,סבוניה,,,סבוניה,יחידה,0.00,יחידה,false,,4.90,0.0000,true,1,67778
7290008784276,false,חבלים לכביסה מתכת,,,חבלים לכביסה מתכת,יחידה,0.00,יחידה,false,,13.00,0.0000,true,1,66539
7290008784450,false,צבטיות סוג א,,,צבטיות סוג א,יחידה,0.00,יחידה,false,,23.90,0.0000,true,1,62770
7290008784474,false,מספריים לציפורני,,,מספריים לציפורני,יחידה,0.00,יחידה,false,,14.90,0.0000,true,1,29063
7290008784504,false,סט כלי תפירה,,,סט כלי תפירה,יחידה,0.00,יחידה,false,,7.80,0.0000,true,1,15024
7290008784542,false,ספוג רחצה קויוטה מסג,סודובסקי,IL,קויוטה מסג',יחידה,0.00,יחידה,false,,7.00,0.0000,true,1,40981
7290008784603,false,ספוג איפור,,,ספוג איפור,יחידה,0.00,יחידה,false,,7.50,0.0000,true,1,66540
7290008784689,false,זוג קולבים נדבקים,,,זוג קולבים נדבקים,יחידה,0.00,יחידה,false,,7.90,0.0000,true,1,102660
7290008784849,false,סט קולבים 4 יח',,,סט קולבים 4 יח',יחידה,0.00,יחידה,false,,9.90,0.0000,true,1,102484
7290008801010,false,"יין קברנה סוביניון מרלו פרייוט קולקשן 750 מ""ל",אגודת הכורמים הקאופו,IL,קברנה סוביניון מרלו,מיליליטרים,750.00,"100 מ""ל",false,,34.90,0.0465,false,1,14009
7290008801119,false,"יין סוביניון בלאן סלקטד כרמל 750 מ""ל",אגודת הכורמים הקואופרטיב,IL,סלקטד סוביניון בלאן,מיליליטרים,750.00,"100 מ""ל",false,,29.90,0.0399,false,1,14011
7290008801157,false,"יין מרלו סלקטד כרמל כרמל 750 מ""ל",כרמל מזרחי,IL,סלקטד מרלו,מיליליטרים,750.00,"100 מ""ל",false,,29.90,0.0399,false,1,14013
7290008801478,false,"יין טופז זהב כרמל 750 מ""ל",כרמל מזרחי,IL,יין טופז זהב אדום מת,מיליליטרים,750.00,"100 מ""ל",false,,18.90,0.0252,true,1,14021
7290008801522,false,יין קינג דויד קונקורד אדום מתוק 750 מל,אגודת הכורמים הקואופרטיב,IL,קונקורד KING DAVID,מיליליטרים,750.00,"100 מ""ל",false,,19.90,0.0265,true,1,14022
7290008801546,false,יין מוסקט מתוק קינג דיוויד יקבי כרמל,אגודת הכורמים הקואופרטיב,IL,מוסקט KING DAVID לבן,מיליליטרים,750.00,"100 מ""ל",false,,19.90,0.0265,true,1,14024
7290008801843,false,"יין קברנה סוביניון סלקטד כרמל 750 מ""ל","כד בני דרום בע""מ",IL,סלקטד קברנה סוביניון,מיליליטרים,750.00,"100 מ""ל",false,,29.90,0.0399,false,1,14026
7290008801850,false,סלקטד אמרלד ריזלינג לבן חצי יבש 750 מל,אגודת הכורמים הקואופרטיב,IL,סלקטד אמרלד ריזלינג,מיליליטרים,750.00,"100 מ""ל",false,,29.90,0.0399,true,1,14027
7290008802895,false,יין קברנה סוביניון פרייבט קולקשן יקבי כרמל,אגודת הכורמים הקאופורטיב,IL,קברנה סוביניון PRIVA,מיליליטרים,750.00,"100 מ""ל",false,,34.90,0.0465,false,1,14036
7290008803090,false,"יין מרלו קולקשיין הסדרה האזורית כרמל 750 מ""ל",אגודת הכורמים הקואופרטיב,IL,מרלו גלילי עליון הסד,מיליליטרים,750.00,"100 מ""ל",false,,54.90,0.0732,false,1,20452
7290008804189,false,יין קברנה סוביניון גליל עליון סדרה אזורית יקבי כרמל,אגודת הכורמים הקואופרטיב,IL,קברנה סוביניון גליל,מיליליטרים,750.00,"100 מ""ל",false,,54.90,0.0732,false,1,33795
7290008804332,false,שיראז אדום יבש פריווט קולקשיין 750מל,אגודת הכורמים הקואופרטיב,IL,"שיראז 750 מ""ל .P.C",מיליליטרים,750.00,"100 מ""ל",false,,34.90,0.0465,false,1,23160
7290008805049,false,סלקטד זינפנדל כרמל מזרחי 750 מל,"כד בני דרום בע""מ",IL,יין רוזה סלקטד,מיליליטרים,750.00,"100 מ""ל",false,,29.90,0.0399,false,1,14041
7290008805520,false,"יין קברנה/סוביניון סלקטד כרמל 750 מ""ל","כד בני דרום בע""מ",IL,סלקטד קברנה סוביניון,מיליליטרים,750.00,"100 מ""ל",false,,29.90,0.0399,false,1,20456
7290008806961,false,גלידה שוקולד שבבי שוקולד פרה 1.33 ל' קרמיסימו,"גלידת שטראוס בע""\מ, רחוב",IL,גלידה קרמיסימו שוקול,ליטרים,1.33,ליטר,false,,24.90,18.7218,false,1,7885
7290008806985,false,נישנושים גלידה שוקו וניל בציפוי שוקולד 60 יח' קרמיסימו,"גלידת שטראוס בע""\מ, רחוב",IL,קרמיסימו נשנושים 60,גרמים,630.00,100 גרם,false,,49.90,0.0792,false,1,7887
7290008807029,false,"יין טבע אמרלד ריזלינג 750 מ""ל",יקבי בינימינה,IL,בנימינה אמרלד ריזלינ,מיליליטרים,750.00,"100 מ""ל",false,,21.90,0.0292,false,1,17611
7290008807289,false,יין קיסריה,בנימינה Binyamina,IL,יין קיסריה,מיליליטרים,750.00,"100 מ""ל",false,,15.90,0.0212,false,1,17620
7290008807319,false,ליקר בנימינה וישיניא,אליעז בנימינה,IL,ליקר וישניאק,יחידה,700.00,יחידה,false,,49.90,0.0713,true,1,17622
7290008807364,false,ליקר קרם דה קסיס יקב,אליעז בנימינה,IL,ליקר קרם דה קסיס,יחידה,700.00,יחידה,false,,49.90,0.0713,true,1,17624
7290008807562,false,ליקר בנימינה לימונצל,אליעז בנימינה,IL,ליקר לימונצ'לו,יחידה,700.00,יחידה,false,,49.90,0.0713,true,1,17629
7290008835336,false,בשר ראש מוכשר ארגנטי,,,בשר ראש מוכשר ארגנטי,קילוגרמים,1.00,"ק""ג",true,,69.90,69.9000,false,1,188299
7290008835343,false,לשון בקר מוכשר ארגנט,,,לשון בקר מוכשר ארגנט,קילוגרמים,1.00,"ק""ג",true,,39.90,39.9000,false,1,188300
7290008835954,false,"אמנון פילה 5-7 וואקום - בד""ץ עדה חרדית",היינאן קשינגטאי,CN,פילה אמנון 5-7 וואקו,קילוגרמים,1.00,"ק""ג",true,,21.90,21.9000,false,1,119683
7290008835992,false,פילה נסיכת הנילוס קפוא בלדי,,,פילה נסיכת הנילוס פר,קילוגרמים,1.00,"ק""ג",true,,57.90,57.9000,true,1,121929
7290008836494,false,מיץ ענבים תירוש אדום אפרת 1 ליטר,יקב טפרברג 1870 בעמ,IL,מיץ ענבים 1 ליטר,ליטרים,1.00,ליטר,false,,12.90,12.9000,true,1,61687
7290008846219,false,"שמן זית כתית מעולה חלוצה 750 מ""ל",האי נאם סי או אל.טי.,IL,שמן זית כתית מעולה ח,יחידה,750.00,יחידה,false,,39.90,0.0532,false,1,9458
7290008849586,false,רוטב לעוף ריבת בצל אוליביה 310 גרם,קריות זול,IL,רוטב ריבת בצל לעוף,גרמים,310.00,100 גרם,false,,13.90,0.0448,true,1,8833
7290008849609,false,רוטב לעוף שום דבש אוליביה 330 גרם,אוליביה גורמה (1996),IL,רוטב שום ודבש לעוף,גרמים,330.00,100 גרם,false,,13.90,0.0421,true,1,8834
7290008849845,false,ממרח אוליביה אריסה פיקנטי 180 ג',"אוליביה גרומה בע""מ",IL,אריסה פיקנטית אוליבי,גרמים,185.00,100 גרם,false,,12.90,0.0697,true,1,110261
7290008909761,false,"קרלסברג בקבוק יחיד 330מ""ל",מבשלות בירה בינלאומי,IL,"קרלסברג בק' 330 מ""ל",מיליליטרים,330.00,"100 מ""ל",false,,7.50,0.0227,true,1,30470
7290008909853,false,"קוקה קולה זירו בקבוק 500 מ""ל.",החברה המרכזית לייצור משקאות,IL,קוקה קולה ZERO בקבו,מיליליטרים,500.00,"100 מ""ל",false,,6.00,0.0120,false,1,28885
7290008909884,false,"קוקה קולה זירו 350 מ""ל בקבוק זכוכית",החברה המרכזית לייצור משק,IL,קוקה קולה 350 בקבוק,יחידה,350.00,יחידה,false,,5.50,0.0157,true,1,29053
7290008921022,false,יין תישבי פרנץ ריזלי,"יקבי הבארון בע""מ",,תשבי פרנץ' ריזלינג,מיליליטרים,750.00,"100 מ""ל",false,,29.90,0.0399,true,1,18665
7290008921121,false,יין תשבי סוביניון בל,יקבי הבארון – תשבי,IL,יין תישבי סוביניון ב,מיליליטרים,750.00,"100 מ""ל",false,,39.90,0.0532,true,1,112478
7290008921169,false,"קברנה אדום סוביניון ""תשבי""","יקבי הבארון בע""מ",,תשבי קברנה סוביניון,מיליליטרים,750.00,"100 מ""ל",false,,39.90,0.0532,true,1,18667
7290008921176,false,"יין תשבי מרלו וינירדס 750מ""ל","יקבי הבארון בע""מ",,יין תשבי מרלו,יחידה,750.00,יחידה,false,,39.90,0.0532,true,1,18668
7290008921190,false,"יין לבן אמרלד ריזלינג ""תשבי""",יקב תשבי,,תשבי אמרלד ריזלינג,מיליליטרים,750.00,"100 מ""ל",false,,29.90,0.0399,true,1,43386
7290008921312,false,"קברנה סובניון 750 מ""ל תשבי אסטייט",יקבי הבארון – תשבי,,קברנה סוביניון א,יחידה,750.00,יחידה,false,,69.90,0.0932,true,1,18670
7290008921329,false,"יין מרלו ""תישבי אסטייט""",יקבי הבארון – תשבי,,תשבי אסטייט מרלו,מיליליטרים,750.00,"100 מ""ל",false,,69.90,0.0932,true,1,18671
7290008945172,false,"שקיות אשפה עם שרוך 52 * 65 ס""מ גלילונית 40 יחידות","אשפלסט תעשיות בע""מ",IL,גלילונית לפח מטבח 40,יחידה,0.00,יחידה,false,,15.90,0.0000,true,1,16508
7290008945202,false,גלילונית שקיות אשפה ענק 90/75 50 יח,"קילט ניהול פרוייקטים בע""מ",IL,גלילונית לאשפה משרדי,יחידה,0.00,יחידה,false,,19.90,0.0000,true,1,16509
7290008975551,false,תחליף חלב מטרנה מהדרין שלב 3 חלבי 700 גרם,מולינו ניקולי s.p.a,IL,מטרנה חיסכון שלב 3 7,גרמים,700.00,100 גרם,false,,49.90,0.0713,false,1,16020
7290008975780,false,"מזון לכלבים בונזו מזון כלבים גזע קטן 3 ק""ג","ביופט בע""מ",FR,בונזו בשר 3 קג,קילוגרמים,4.00,"ק""ג",false,,47.90,11.9750,false,1,16021
7290008989602,false,בטר פצפוצי אורז מלא 450 ג,"תירפז בע""מ",IL,פצפוצי אורז מלא,גרמים,450.00,100 גרם,false,,18.90,0.0420,true,1,94154
7290008989671,false,"ציפוי עדיף פריך ""ללא גלוטן"" בטר אנד דיפרנט 250 גרם",בטר אנד דיפרנט,IL,ציפוי עדיף פריך גס ל,גרמים,250.00,100 גרם,false,,9.90,0.0396,true,1,104479
7290010023141,false,תה לימונענע הגן הקסום ויסוצקי 25 יחידות,תה ויסוצקי,IL,תה חליטת לימון ונענע,גרמים,50.00,100 גרם,false,,18.90,0.3780,false,1,8959
7290010023622,false,תה קלאסי עם נגיעות נענע ויסוצקי 100 יחידות,תה ויסוצקי,IL,ויסוצקי קלאסיק נגיעו,גרמים,100.00,100 גרם,false,,16.90,0.1690,false,1,8963
7290010032327,false,דבש אקליפטוס 500 גרם מכוורת צוקרמן,,IL,דבש 500 גר' אקליפטוס,גרמים,500.00,100 גרם,false,,25.90,0.0518,true,1,70474
7290010032341,false,דבש אשל 500 גרם מכוורת צוקרמן,,IL,דבש 500 גר' אשל,גרמים,500.00,100 גרם,false,,25.90,0.0518,true,1,70476
7290010032358,false,דבש דרדר 500 גרם מכוורת צוקרמן,,,דבש 500 גר' דרדר,גרמים,500.00,100 גרם,false,,25.90,0.0518,true,1,70477
7290010032365,false,דבש שיזף 500 גרם מכוורת צוקרמן,,,דבש 500 גר' שיזף,גרמים,500.00,100 גרם,false,,25.90,0.0518,true,1,70478
7290010032402,false,"דבש פרחי הדר 1 ק""ג מכוורת צוקרמן",,IL,"דבש 1 ק""ג פרחי הדר",קילוגרמים,1.00,"ק""ג",false,,49.90,49.9000,true,1,70480
7290010032419,false,"דבש פרחי בר 1 ק""ג מכוורת צוקרמן",,IL,"דבש 1 ק""ג פרחי בר",קילוגרמים,1.00,"ק""ג",false,,49.90,49.9000,true,1,70481
7290010032426,false,"דבש אקליפטוס 1 ק""ג מכוורת צוקרמן",,IL,"דבש 1 ק""ג אקליפטוס",קילוגרמים,1.00,"ק""ג",false,,49.90,49.9000,true,1,70482
7290010032440,false,"דבש אשל 1 ק""ג מכוורת צוקרמן",,IL,"דבש 1 ק""ג אשל",קילוגרמים,1.00,"ק""ג",false,,49.90,49.9000,true,1,70484
7290010060603,false,סרקל מרכך 1.25 25% חינם,"ד""ר פישר",IL,סרקל מרכך 1.25 ליטר,ליטרים,1.25,ליטר,false,,24.90,19.9200,true,1,185250
7290010066025,false,נתחי טונה בהירה בשמן158ג,תעשיות פילטונה,IL,טונה פיל טונה בשמן,גרמים,112.00,100 גרם,false,,5.90,0.0527,false,1,114470
7290010066513,false,נתחי טונה בשמן צמחי רביעיה *158ג' פילטונה,תעשיות פילטונה,IL,פיל טונה רביעיה בשמן,גרמים,632.00,100 גרם,false,,22.90,0.0362,false,1,63960
7290010066575,false,נתחי טונה במים רביעיה *158ג' פילטונה,תעשיות פילטונה,IL,פיל טונה רביעיה במים,גרמים,632.00,100 גרם,false,,22.90,0.0362,false,1,63961
7290010066582,false,נתחי טונה בשמן קנולה רביעיה * 158 ג' פילטונה,תעשיות פילטונה,IL,פיל טונה רביעיה בשמן,גרמים,632.00,100 גרם,false,,22.90,0.0362,false,1,63962
7290010066599,false,מארז רביעיית טונה בשמן זית 4*160 גרם,תעשיות פילטונה,IL,פיל טונה רביעיה בשמן,גרמים,632.00,100 גרם,false,,27.90,0.0441,true,1,63963
7290010066957,false,נתחי טונה קטנה בשמן צמחי 960ג' פרינס,תעשיות פילטונה,IL,טונה פרינס 960 גר בש,גרמים,960.00,100 גרם,false,,26.90,0.0280,true,1,103245
7290010092031,false,נס קפה-עוגיות מרוקאי,,,נס קפה-עוגיות מרוקאי,גרמים,450.00,100 גרם,false,,16.90,0.0376,true,1,98196
7290010092093,false,עוגיות שחר,שחר המתוקה,,עוגיות שחר,יחידה,0.00,יחידה,false,,14.90,0.0000,false,1,60519
7290010092604,false,רול תמר וקינמון נס ב,,,רול תמר וקינמון נס ב,גרמים,500.00,100 גרם,false,,25.90,0.0518,true,1,189725
7290010116980,false,אבקת שוקולית שקית עלית 850 ג',הנסיך- מפעל לייצור ט,IL,שוקולית 850 גרם,גרמים,850.00,100 גרם,false,,16.90,0.0199,false,1,26218
7290010117857,false,דוריטוס חריף אש 55 ג' עלית,STRAUSS-ISRAEL,IL,דוריטוס חריף אש,גרמים,55.00,100 גרם,false,,2.90,0.0527,true,1,33495
7290010117970,false,סבבה בוטנים קלויים מצופים - אריזה אישית,"שטראוס פריטו ליי בע""",IL,בוטנים אמריקאים עלית,גרמים,50.00,100 גרם,false,,1.90,0.0380,true,1,34368
7290010119950,false,דוריטוס חמוץ חריף 55 גרם-סטריפ,שטראוס גרופ,,דוריטוס חמוץ מתוק,גרמים,55.00,100 גרם,false,,2.90,0.0527,true,1,10195
7290010124107,false,סטייקבורגר זהב 400 גרם הקצביה בלדי,בלדי,IL,סטייק בורגר 400 גר',גרמים,400.00,100 גרם,false,,17.90,0.0447,true,1,114589
7290010124190,false,אל מטאדור שניצל בקר מלינסה 250 גרם בלדי,בלדי,IL,שניצל בקר מליסה 250,גרמים,250.00,100 גרם,false,,11.90,0.0476,true,1,114590
7290010124213,false,אל מטאדור סינטה בקר דק דק 250 גרם בלדי,בלאדי,IL,סינטה בקר דק דק 250,גרמים,250.00,100 גרם,false,,16.90,0.0676,true,1,114591
7290010124503,false,שומן כבש מעובד ארוז בלדי 200גר,בלדי,IL,שומן כבש בלדי 200 גר,גרמים,200.00,100 גרם,false,,12.90,0.0645,true,1,57333
7290010173044,false,"יין בר הרי גליל מרלו 750 מ""ל",יקבי רמת הגולן,IL,הרי גליל מרלו,מיליליטרים,750.00,"100 מ""ל",false,,31.90,0.0425,false,1,11904
7290010173068,false,"יין חרמון גליל קברנה אדום יבש 750מ""ל",יקבי רמת הגולן,IL,הרי גליל קברנה סובינ,מיליליטרים,750.00,"100 מ""ל",false,,31.90,0.0425,false,1,11905
7290010173174,false,"יין אלון 2019 750 מ""ל הרי גליל",יקבי רמת הגולן,IL,יין הרי גליל אלון 20,מיליליטרים,750.00,"100 מ""ל",false,,50.00,0.0667,false,1,66559
7290010173181,false,יין אלה הרי גליל 750 מל,יקבי רמת הגולן,IL,יין גליל אלה 2019,מיליליטרים,750.00,"100 מ""ל",false,,50.00,0.0667,false,1,66560
7290010182213,false,חוחובה קרם רב שימושי,,,חוחובה קרם רב שימושי,מיליליטרים,250.00,"100 מ""ל",false,,23.90,0.0956,true,1,114661
7290010192038,false,שורש פטרוזיליה ארוז,,IL,שורש פטרוזליה.,יחידה,0.00,יחידה,false,,4.90,0.0000,true,1,61855
7290010195268,false,פופקורן פופסטאר חמישייה מופחת שומן טבעי,פופ סטאר,US,פופסטאר מופחת שומן ט,גרמים,425.00,100 גרם,false,,12.90,0.0304,false,1,42934
7290010196678,false,שקיות ענק לצליה בתנור קוקי 2*5 יח,ש.שסטוביץ,IL,שקיות קוקי ענק 10 יח,יחידה,0.00,יחידה,false,,17.90,0.0000,true,1,8406
7290010234769,false,"דאודורנט איזבלה ורוד 200 מ""ל פנינה רוזנבלום",פנינה רוזנבלום PR,IL,דאודורנט איזבלה ורוד,מיליליטרים,150.00,"100 מ""ל",false,,15.90,0.1060,true,1,21066
7290010237548,false,"פפסי מקס דל קלוריות 500 מ""ל בקבוק",טמפו משקאות בעמ,IL,פפסי מקס 0.5 ליטר,יחידה,500.00,יחידה,false,,4.00,0.0080,false,1,29010
7290010237562,false,משקה פפסי מרינדה קוו,"טמפו משקאות בע""מ",IL,מירינדה בקבוק 0.5 ל',מיליליטרים,500.00,"100 מ""ל",false,,4.50,0.0090,false,1,40407
7290010237784,false,בירה שנדי בתוספת משקה לימון ליים - שישייה,"טמפו משקאות בע""\מ",IL,מכבי שנדי שישייה בקב,יחידה,1.98,יחידה,false,,31.90,16.1111,false,1,26469
7290010237890,false,"בירה הייניקן בקבוק 500 מ""ל חוזר",טמפו משקאות בע''מ,IL,הייניקן בירה בקבוק 5,מיליליטרים,500.00,"100 מ""ל",false,,8.00,0.0160,true,1,18642
7290010259359,false,וילי פוד נודלס אטר.ביצים להקפצה בדץ 200ג,פוג'יאן לונגהאי אנלי,CN,אטריות נודלס ביצים מ,גרמים,200.00,100 גרם,false,,4.40,0.0220,true,1,20742
7290010259366,false,וילי פוד נודלס אטר.ביצים מסולסל בדץ 200ג,פוג'יאן לונגהאי אנלי,CN,אטריות נודלס ביצים מ,גרמים,200.00,100 גרם,false,,4.40,0.0220,true,1,20743
7290010259823,false,מנת השף-מרק עם נודלס בטעם עוף ויליפוד,נמצ'או(תאילנד) בעמ,TH,מנת השף מרק נודלס טע,גרמים,70.00,100 גרם,false,,4.90,0.0700,true,1,20745
7290010259830,false,מנת השף נודלס בסגנון סיני פיקנטי וילי פוד 70 גרם,נמצ'או(תאילנד) בעמ,TH,מנת השף מרק עם נודלס,גרמים,70.00,100 גרם,false,,4.90,0.0700,true,1,20746
7290010259847,false,מנת השף מרק עם נודלס בטעם תירס ויליפוד 70 גרם,קריות זול,TH,מנת השף מרק עם נודלס,גרמים,70.00,100 גרם,false,,4.90,0.0700,true,1,20747
7290010259854,false,מנת השף מרק עם נודלס בטעם פטריות ויליפוד 70 גרם,נמצ'או(תאילנד) בעמ,TH,מנת השף מרק נודלס פט,גרמים,70.00,100 גרם,false,,4.90,0.0700,true,1,20748
7290010259861,false,מנת השף מרק עם נודלס בטעם ירקות ויליפוד 70 גרם,קריות זול,TH,מנת השף מרק נודלס יר,גרמים,70.00,100 גרם,false,,4.90,0.0700,true,1,20749
7290010300075,false,שמרים נמסים בקופסא 33 גרם,ר.ס.,,שמרים נמסים,גרמים,33.00,100 גרם,false,,5.90,0.1788,true,1,33060
7290010300211,false,מפת דובדבן ניילון 24 מטר,אשפלסט,,מפת דובדבן ניילון 24,יחידה,0.00,יחידה,false,,16.90,0.0000,true,1,27129
7290010300488,false,קיסמים וחוט דנטלי דנטה קלין 40 יח',,,קיסם+חוט דנטלי 40 יח,יחידה,0.00,יחידה,false,,7.90,0.0000,true,1,76332
7290010300594,false,אבקת ג'לטין מדגים כש,ר.ס.,,ג'לטין טהור,גרמים,28.00,100 גרם,false,,10.90,0.3893,true,1,34369
7290010300747,false,קיסמים דנטליים 200 יח',THAI FONG,CN,קיסמים דנטליים 200 י,יחידה,0.00,יחידה,false,,9.00,0.0000,true,1,27130
7290010300860,false,אציטון נאמן לאורך זמ,מעבדות קליאו,,אציטון 100 גר',מיליליטרים,100.00,"100 מ""ל",false,,3.20,0.0320,true,1,30620
7290010328093,false,ממרח חלווה אחווה 400 ג' מהדרין,אחדות בית חרושת לטחי,IL,ממרח חלבה אחוה 400 ג,גרמים,400.00,100 גרם,false,,11.90,0.0298,true,1,23994
7290010328246,false,טחינה גולמית משומשום מלא אחווה 500 גרם,"אחדות ביח""ר לטחינה ח",IL,טחינה משומשום מלא אח,גרמים,500.00,100 גרם,false,,10.90,0.0218,false,1,32017
7290010328253,false,טחינה גולמית משומשום טבעי אחווה 500 גרם,"אחדות ביח""ר לטחינה ח",IL,טחינה שומשום טבעי אח,גרמים,500.00,100 גרם,false,,10.90,0.0218,false,1,30164
7290010328451,false,אחווה חלווה עם פולי קקאו 400 גר,אחדות ביחר לטחינה חל,IL,חלוה פולי קקאו 400גר,גרמים,400.00,100 גרם,false,,12.00,0.0300,true,1,60901
7290010328468,false,מארז מיני חלווה אחוה בטעמים 18 יחידות 216 גרם,שוורצקוף& הנקל דיסלד,IL,חטיפי מיני חלבה,גרמים,216.00,100 גרם,false,,10.90,0.0505,true,1,63336
7290010328505,false,"מארז מיני חלווה 15 יחידות לל""ס אחוה 150 גרם",אחדות ביחר לטחינה חל,IL,חטיפי מיני חלבה ללא,גרמים,150.00,100 גרם,false,,10.90,0.0727,true,1,65960
7290010328680,false,עוגה בטעם שוקולד עם שוקוצ'יפס מריר ולבן 450 גרם,אחדות ביחר לטחינה חל,IL,עוגה בטעם שוקולד עם,גרמים,450.00,100 גרם,false,,9.90,0.0220,true,1,93984
7290010328710,false,קיצפיות בטעם וניל תות 18,אחדות ביחר לטחינה חל,IL,קצפיות אחוה,גרמים,180.00,100 גרם,false,,9.90,0.0550,true,1,97306
7290010328727,false,ממרח טחינה עם שוקולד אחווה 400 גרם,אחדות ביחר לטחינה חל,IL,ממרח טחינה עם שוקולד,גרמים,400.00,100 גרם,false,,11.90,0.0298,true,1,98751
7290010328734,false,ממרח טחינה עם סילאן משומשום מלא,אחדות ביחר לטחינה חל,IL,ממרח טחינה עם סילאן,גרמים,400.00,100 גרם,false,,11.90,0.0298,true,1,99983
7290010328819,false,"ממרח טחינה עם שוקולד לל""ס 400 ג' אחדות!.",אחדות ביחר לטחינה חל,IL,ממרח טחינה שוקולד לל,גרמים,400.00,100 גרם,false,,11.90,0.0298,true,1,102277
7290010329854,false,מיני קוקיס עוגיות בטעם חמאה ללא סוכר כרמית 600 גרם,כרמית,IL,מיני קוקיס חמאה ללא,גרמים,700.00,100 גרם,false,,21.90,0.0313,true,1,29092
7290010382828,false,"קרם לחות קלילה לשיער יבש נטורל פורמולה, 400 מ""ל",אמיליה קוסמטיקס בעמ,IL,לחולחות קלילה יבש/פג,מיליליטרים,300.00,"100 מ""ל",false,,25.90,0.0863,true,1,39112
7290010382842,false,"קרם נטורל פורמולה קרם לחות קלילה לשיער רגיל, 400 מ""ל קלילה רגיל",מיוצר עי : אמיליה קוסמטי,IL,לחות קלילה רגיל,מיליליטרים,300.00,"100 מ""ל",false,,25.90,0.0863,true,1,39034
7290010417315,false,יין גולן מרלו 750 מל,יקבי רמת הגולן קצרין,IL,גולן מרלו,מיליליטרים,750.00,"100 מ""ל",false,,34.90,0.0465,false,1,11909
7290010471669,false,יוגורט תות עם קורנפלקס מצופה שוקולד ללא גלוטן 3.9%,"שטראוס בריאות בע""\מ",IL,דנונה קראנצ יוגורט ת,גרמים,175.00,100 גרם,false,,4.60,0.0263,false,1,7705
7290010472307,false,"שמיניית משקה גמדים תות בננה דיסני 108 מ""ל",מיוצר עי קונדיטוריית,IL,גמדים לשתיה תות בננה,מיליליטרים,800.00,"100 מ""ל",false,,20.00,0.0250,true,1,7716
7290010472390,false,מארז 8 יחידות מעדן דני בטעם שוקולד 1.5%,מיוצר עי קונדיטוריית,IL,מארז דני שוקולד 1.5%,ליטרים,1.00,ליטר,false,,16.40,16.4000,false,1,7719
7290010535019,false,זוג קופסאות למשקפיים,,,זוג קופסאות למשקפיים,יחידה,0.00,יחידה,false,,12.90,0.0000,true,1,113136
7290010535057,false,גליל נייר דבק 9 מטר+,,,גליל נייר דבק 9 מטר+,יחידה,0.00,יחידה,false,,19.90,0.0000,true,1,31782
7290010535156,false,פלסטר 50'חי,,,פלסטר 50'חי,יחידה,0.00,יחידה,false,,8.50,0.0000,true,1,126974
7290010535309,false,משטח ייבוש כלים לשיי,,,משטח ייבוש כלים לשיי,יחידה,0.00,יחידה,false,,10.00,0.0000,true,1,96159
7290010535361,false,מברשת רחצה לגב,,,מברשת רחצה לגב,יחידה,0.00,יחידה,false,,17.90,0.0000,true,1,28026
7290010535378,false,שלישית כדורי רחצה,,,שלישית כדורי רחצה,יחידה,0.00,יחידה,false,,9.90,0.0000,true,1,15045
7290010535415,false,מברשת לצביעת שיער 3,,,מברשת לצביעת שיער 3,יחידה,0.00,יחידה,false,,6.90,0.0000,true,1,108702
7290010535606,false,דבק 3 שניות בלוח,,,דבק 3 שניות בלוח,יחידה,0.00,יחידה,false,,9.90,0.0000,true,1,71014
7290010535682,false,מטלית מיקרו פייבר,,,מטלית מיקרו פייבר,יחידה,0.00,יחידה,false,,8.90,0.0000,true,1,114584
7290010535699,false,חוט דנטאלי 50 מטר רפ,מיה טריידינג,CN,חוט דנטלי סוג א 50 מ,יחידה,0.00,יחידה,false,,9.90,0.0000,true,1,28025
7290010535774,false,קרם רב שימושי אובלפי,דקר קוסמטיקס,IL,קרם רב שימושי אובליפ,מיליליטרים,250.00,"100 מ""ל",false,,25.00,0.1000,true,1,23820
7290010535897,false,סקוטש חמניה 2 יח,,,סקוטש חמניה 2 יח,יחידה,0.00,יחידה,false,,8.50,0.0000,true,1,29668
7290010535910,false,סקוטץ קוצים 2 יח',,,סקוטץ קוצים 2 יח',יחידה,0.00,יחידה,false,,9.00,0.0000,true,1,29669
7290010569052,false,"גלידה חלבי 5 טעמים פיסטוק, שוקו, וניל, קרמל,מוקה 2ל'","גלידת שטראוס בע""\מ, רחוב",IL,גלידה פיסטוק מוקה ונ,ליטרים,2.00,ליטר,false,,26.90,13.4500,true,1,7893
7290010627004,false,טחינה גולמית מסורתית ירושלים 500 ג',"בראשית ירושלים בע""מ",IL,טחינה ירושלים 500 גר,גרמים,500.00,100 גרם,false,,14.90,0.0298,true,1,100103
7290010627011,false,טחינה ירושלים בראשית,טחינה ירושלים,IL,"טחינה ירושלים 1 ק""ג",קילוגרמים,1.00,"ק""ג",false,,28.90,28.9000,true,1,100767
7290010627844,false,טחינה גולמית שומשום מלא ירושלים 500גרם,"טחינה ירושליים בע""מ",IL,טחינה ירושלים 500 מל,גרמים,500.00,100 גרם,false,,14.90,0.0298,true,1,101038
7290010632121,false,כוס אימון עם ידיות טוליפ,טוליפס Tulips,CN,כוס אימון שאינה מטפט,יחידה,0.00,יחידה,false,,16.90,0.0000,true,1,30595
7290010632459,false,מחזיק למוצץ נובי,LTD E.L.CO,CN,מחזיק למוצץ,יחידה,0.00,יחידה,false,,16.90,0.0000,true,1,30600
7290010632633,false,מוצץ גומי בליסטר 3יח,B.R Works,IN,מוצץ גומי 3יח,יחידה,0.00,יחידה,false,,12.90,0.0000,true,1,53230
7290010632640,false,מוצץ בבליסטר בינוני 3 יח,WORKS B.R,IN,מוצץ גומי 3יח בנוני,יחידה,0.00,יחידה,false,,12.90,0.0000,true,1,23262
7290010632961,false,נובי סט מברשת ומסרק,,,מסרק ומברשת לשיער,יחידה,0.00,יחידה,false,,18.90,0.0000,true,1,37169
7290010650019,false,אנדיב בלגי אמיתי חוות תקוע,מרינה פטריות הגליל,IL,אנדיב בלגי,גרמים,150.00,100 גרם,false,,13.90,0.0927,true,1,41749
7290010650033,false,בצלצלי שאלוט תקוע אר,חוות פטריות תקוע,NL,בצלצלי שאלוט 350 גר',גרמים,350.00,100 גרם,false,,14.90,0.0426,true,1,56868
7290010650040,false,פטריות שיטאקי חוות תקוע,ביכורי שדה דרום 2002,IL,פטריות שיטאקי טרי או,גרמים,100.00,100 גרם,false,,11.90,0.1190,true,1,64437
7290010650064,false,פטריות יער מיובשות חוות תקוע 25 גרם,חוות תקוע,IL,פטריות יער מיובשות 2,גרמים,20.00,100 גרם,false,,6.40,0.3200,true,1,29858
7290010650088,false,פטריות שמפיניון מיובשות 25 גרם,חוות פטריות תקוע,CN,פטריות שמפיניון מיוב,גרמים,25.00,100 גרם,false,,8.40,0.3360,true,1,29859
7290010650231,false,פטריות מאיטקי מיובשו,חוות פטריות תקוע,IL,פטריות מאי- טאקי יבש,גרמים,20.00,100 גרם,false,,9.40,0.4700,true,1,37393
7290010650255,false,לקט פטריות למרק חוות תקוע 25 גרם,חוות פטריות תקוע,CN,לקט פטריות מיובשות ל,גרמים,25.00,100 גרם,false,,11.90,0.4760,true,1,37394
7290010650286,false,בייבי ברוקולי חוות תקוע,,,בייבי ברוקולי,גרמים,350.00,100 גרם,false,,12.90,0.0369,true,1,98363
7290010650354,false,שורש כורכום טרי חוות תקוע 120 גרם,פסטה לנסי,IL,כורכום טרי,גרמים,120.00,100 גרם,false,,14.90,0.1242,true,1,64826
7290010650415,false,עגבניות מיובשות 200 גרם תקוע,חוות פטריות תקוע,TR,עגבניות לחות מגשית,גרמים,200.00,100 גרם,false,,9.40,0.0470,true,1,64460
7290010650538,false,תירס סופר מתוק חוות תקוע,,,תירס סופר מתוק,גרמים,550.00,100 גרם,false,,18.90,0.0344,true,1,64464
7290010650590,false,ריזוטו פטריות מיובשות,חוות פטריות תקוע,IL,ריזוטו פטריות,גרמים,275.00,100 גרם,false,,15.90,0.0578,true,1,64703
7290010650668,false,למון גראס -חוות תקוע,ביכורי השקמה,IL,למון גראס -חוות תקוע,יחידה,0.00,יחידה,false,,10.90,0.0000,true,1,65692
7290010650798,false,לקט בורגול ופטריות חוות תקוע,,,לקט בורגול ופטריות,גרמים,310.00,100 גרם,false,,13.90,0.0448,true,1,111796
7290010650828,false,פטריות שימג'י חוות תקוע 150 גרם,שנגחאי פינק פוד קומפני,CN,פטריות שימג'י לבן,יחידה,0.00,יחידה,false,,10.90,0.0000,true,1,111325
7290010650996,false,"פטריות שי מג'י חומות, 150 גרם חוות תקוע",שנגחאי פינק פוד קומפני,CN,פטריות שימג'י חום,גרמים,150.00,100 גרם,false,,10.90,0.0727,true,1,125575
7290010657254,false,סרדינים מרוקאי בשמן צמחי 125 ג',יוניון דה פחריס,MA,סרדין קזבלנקה בשמן ס,גרמים,125.00,100 גרם,false,,4.40,0.0352,true,1,36260
7290010657490,false,סרדין קזבלנקה בשמן ח,יוניון דה פחריס,MA,סרדין קזבלנקה בשמן ח,גרמים,125.00,100 גרם,false,,4.90,0.0392,true,1,32783
7290010657506,false,סרדין קזבלנקה בשמן ז,יוניון דה פחריס,MA,סרדין קזבלנקה בשמן ז,גרמים,125.00,100 גרם,false,,5.60,0.0448,true,1,27521
7290010657551,false,סרדינים ברוטב עגבניו,יוניון דה פחריס,MA,סרדין קזבלנקה ברוטב,יחידה,0.00,יחידה,false,,4.40,0.0000,true,1,30889
7290010657681,false,פילה מקרל בשמן צמחי 125 ג קזבלנקה,יוניון דה פחריס,,פילה מקרל בשמן צמחי,גרמים,125.00,100 גרם,false,,7.90,0.0632,true,1,32784
7290010657704,false,פילה מקרל בשמן זית 125 ג קזבלנקה,יוניון דה פחריס,,פילה מקרל בשמן זית,גרמים,125.00,100 גרם,false,,9.40,0.0752,true,1,43541
7290010711550,false,דלי שטיפה עם פיה ( 1,,IL,דלי שטיפה עם פיה 12,יחידה,0.00,יחידה,false,,9.90,0.0000,true,1,95615
7290010711901,false,מטליות מיקרו רצפה שייני,מ.א ייצור ושיווק מטל,CN,מטליות מיקרופייבר3'ח,יחידה,0.00,יחידה,false,,14.90,0.0000,true,1,118943
7290010748853,false,"ד""ר פישר - אפקטיב קר קרם ידיים סנסיטיב 150 מ""ל",פישר מעבדות פרמצבטיות בע,IL,קרם ידיים וציפורניים,מיליליטרים,150.00,"100 מ""ל",false,,16.90,0.1127,true,1,40464
7290010748860,false,"ד""ר פישר - אפקטיב קר קרם ידיים אינטנסיב 150 מ""ל",פישר מעבדות פרמצבטיות בע,IL,קרם ידיים וציפורניים,מיליליטרים,150.00,"100 מ""ל",false,,16.90,0.1127,true,1,39568
7290010748877,false,"אפקטיב קר קרם גוף סנסטיב לעור רגיש ח 700 מ""ל",פישר מעבדות פרמצבטיות בע,IL,קרם גוף אפקטיב לעור,מיליליטרים,700.00,"100 מ""ל",false,,32.90,0.0470,true,1,38940
7290010748891,false,אפקטיב קר קרם גוף מולטי ויטמין לעור רגיל יבש ח 7,פישר מעבדות פרמצבטיות בע,IL,ק.גוף אפקטיב קר רגיל,מיליליטרים,700.00,"100 מ""ל",false,,32.90,0.0470,true,1,38942
7290010791552,false,לה-קט דליקטס טונה ברוטב 85 גר',"הייקיו, תאילנד",TH,לה קט דליקטס טונה,גרמים,85.00,100 גרם,false,,5.50,0.0647,true,1,25388
7290010791576,false,מזון חתולים לה קט דליקטס דגי אוקיאנוס 85 גרם,"הייקיו, תאילנד",TH,לה קט דליקטס דגי אוק,גרמים,85.00,100 גרם,false,,5.50,0.0647,true,1,27113
7290010791583,false,לה-קט דליקטס דגי אוקינוס וטונה 85 גר',מנדלז סי.אר. פרודקשן,TH,לה קט דליקטס דגי אוק,גרמים,85.00,100 גרם,false,,5.50,0.0647,true,1,25389
7290010814244,false,שלשות שוקולד מריר 85 גרם*3 בלמינט *18 בקרטון,"כרמית תעשיות ממתקים בע""\",IL,שוקולד מריר כרמית של,גרמים,300.00,100 גרם,false,,10.90,0.0363,true,1,56763
7290010814695,false,שוקולד מריר פרווה ללא תוספת סוכר כרמית 85 גרם,כרמית תעשיות ממתקים בעמ,IL,שוקולד מריר ללא תוספ,גרמים,85.00,100 גרם,false,,5.90,0.0694,true,1,35402
7290010814701,false,שוקולד חלב ללא תוספת סוכר וסטהיים,"כרמית תעשיות ממתקים בע""\",IL,שוקולד חלב ללא תוספת,גרמים,85.00,100 גרם,false,,5.90,0.0694,true,1,35403
7290010838219,false,ממתיק על בסיס צמח הסטיביה - שקיות,"קיפל טבליות וממתיקים בע""מ",IL,מרמולייט סטיביה 100ש,יחידה,0.00,יחידה,false,,28.90,0.0000,true,1,58255
7290010838424,false,ג'ל לניקוי מתקדם בניחוח רענן - מארז זוג,"איטיליאן פוד, אס.פי.",NL,טואלט דאק * 750זוג *,ליטרים,1.50,ליטר,false,,17.90,11.9333,false,1,16676
7290010838431,false,ג'ל לניקוי מתקדם בניחוח ים - מארז זוג,מיוצר עי קונדיטוריית,NL,טואלט דאק * 750זוג *,ליטרים,1.50,ליטר,false,,17.90,11.9333,false,1,16677
7290010849505,false,יין למברוסקו די לואיג'י רוסו דולצ'ה,פארייפאבה אגרואינדוס,IT,למברוסקו די לואיג'י,מיליליטרים,750.00,"100 מ""ל",false,,24.90,0.0332,true,1,37482
7290010849529,false,יין למברוסקו די לואיג'י ביאנקו,פארייפאבה אגרואינדוס,IT,למברוסקו די לואיג'י,מיליליטרים,750.00,"100 מ""ל",false,,24.90,0.0332,true,1,70553
7290010922949,false,תות שדה קפוא 250 גרם - Shake It,"הבו-קדו בע""\מn\",IL,תות שדה קפוא 250 גר',גרמים,250.00,100 גרם,false,,8.90,0.0356,true,1,125635
7290010945146,false,קוטג' 3% מועשר בסידן טרה 250 ג' מהדרין,קריות זול,IL,קוט'ג 3% מועשר טרה,גרמים,250.00,100 גרם,false,,5.90,0.0236,false,1,26127
7290010945306,false,חלב בקרטון 3% 2 ליטר טרה,הפריט בפיקוח,IL,חלב 2 ליטר מהדרין,ליטרים,2.00,ליטר,false,,12.46,6.2300,false,1,5915
7290010945450,false,גבינה לבנה 3% 250 גר מועשר בסידן וויטמין,הפריט בפיקוח,IL,גבינה לבנה 3% 250 גר,גרמים,250.00,100 גרם,false,,4.98,0.0199,false,1,5920
7290010945481,false,גבינה לבנה טרה 5% מרכיבים טבעיים,הפריט בפיקוח,IL,גבינה לבנה 5% 500 גר,גרמים,500.00,100 גרם,false,,9.96,0.0199,false,1,19215
7290011015862,false,"פריגת סירופ דיאט לימונענע 750 מ""ל",סירופ - גבעת חיים,IL,סירופ דיאט לימון נענ,יחידה,750.00,יחידה,false,,22.90,0.0305,true,1,36671
7290011015985,false,"סירופ בטעם דיאט אננס 750 מ""ל פריגת",סירופ - גבעת חיים,IL,סירופ דיאט אננס 750,מיליליטרים,750.00,"100 מ""ל",false,,22.90,0.0305,true,1,59781
7290011017866,false,קוקה קולה קלאסי בפחית,החברה המרכזית לייצור משקאות,IL,קוקה קולה פחית,מיליליטרים,330.00,"100 מ""ל",false,,4.90,0.0148,false,1,59949
7290011017873,false,"פחיות קוקה קולה זירו 330 מ""ל",החברה המרכזית לייצור משקאות,IL,קוקה קולה זירו פחית,מיליליטרים,330.00,"100 מ""ל",false,,4.50,0.0136,true,1,62026
7290011018184,false,פיוז טי תה קר בטעם אפרסק,מבשלות בירה בינלאומי,IL,FUZE tea אפרסק 0.5 ל,מיליליטרים,500.00,"100 מ""ל",false,,6.50,0.0130,true,1,59435
7290011018214,false,פיוז טי תה קר בטעם מנגו אננס,מבשלות בירה בעמ,IL,FUZE tea מנגו אננס 0,מיליליטרים,500.00,"100 מ""ל",false,,6.50,0.0130,true,1,59438
7290011018443,false,"פנטה אורנג פחית סליק 330 מ""ל",החברה המרכזית לייצור משקאות,IL,פאנטה אורנ'ג פחית,מיליליטרים,330.00,"100 מ""ל",false,,4.90,0.0148,true,1,62500
7290011018924,false,"מארז פחיות דיאט קוקה קולה שישייה 330 מ""ל",החברה המרכזית לייצור משקאות,IL,מארז שישיית פחיות די,ליטרים,1.98,ליטר,false,,21.90,11.0606,false,1,62923
7290011026066,false,"ד""ר פישר - סרקל שמפו + מרכך לילדים 1 ליטר",פישר מעבדות פרמצבטיות בע,IL,סרקל שמפו+מרכך 1 ליט,ליטרים,1.00,ליטר,false,,27.90,27.9000,true,1,38176
7290011026301,false,"SILVER שמפו לשיער כסוף ד""ר פישר 400 מ""ל",פישר מעבדות פרמצבטיות,IL,"שמפו לשיער כסוף ד""ר",גרמים,400.00,100 גרם,false,,18.90,0.0472,true,1,61437
7290011081492,false,גלידה בטעם שלושה שוקולדים 1.33ל' קרמיסימו,"גלידת שטראוס בע""\מ, רחוב",IL,קרמיסימו שלושה שוקול,ליטרים,1.33,ליטר,false,,24.90,18.7218,false,1,25557
7290011081690,false,קרמיסימו פרווה שוקו ציפ+וניל ציפ 1.33ל,"גלידת שטראוס בע""\מ, רחוב",IL,קרמיסימו פרווה שוקו,ליטרים,1.33,ליטר,false,,24.90,18.7218,false,1,28708
7290011115159,false,סבון מוצק מועשר בקרם לחות ניחוח פרחים נקה 7 4*100 גרם,גליל כימיקלים בעמ,IL,נקה 7 לחות - סבון מו,גרמים,400.00,100 גרם,false,,11.90,0.0298,true,1,26859
7290011115166,false,נקה 7 ארומה סבון נוזלי לבנדר 1 ל',טרופיקל דגיל תעשיות,IL,נקה תחליב רחצה סגול,ליטרים,1.00,ליטר,false,,13.90,13.9000,true,1,23959
7290011115173,false,נקה 7 ארומה סבון נוזלי וניל 1 ל',טרופיקל דגיל תעשיות,IL,נקה תחליב רחצה וניל,ליטרים,1.00,ליטר,false,,13.90,13.9000,true,1,23591
7290011115203,false,אל סבון מוצק מבושם בניחוח עדין קלאסיק - מארז רביעיה,טרופיקל דגיל תעשיות,IL,נקה 7-סבון מוצק ורוד,גרמים,400.00,100 גרם,false,,11.90,0.0298,true,1,26862
7290011115241,false,אל סבון ארומטי מוצק ורוד ורד ויסמין - מארז רביעיה,"גליל כימיכלים בע""מ",IL,נקה 7 ארומה - סבון מ,גרמים,400.00,100 גרם,false,,11.90,0.0298,true,1,27176
7290011115258,false,אל סבון מוצק מבושם בניחוח עדין קלאסיק - מארז רביעיה,"גליל כימיכלים בע""מ",IL,נקה 7 סבון מוצק ירוק,גרמים,400.00,100 גרם,false,,11.90,0.0298,true,1,26860
7290011115272,false,אל סבון מוצק מועשר בקרם לחות צמחים - מארז רביעיה,קוסמופארם בע''מ,IL,נקה 7 לחות - סבון מו,גרמים,400.00,100 גרם,false,,11.90,0.0298,true,1,27175
7290011115289,false,אל סבון מוצק מבושם בניחוח עדין קלאסיק - מארז רביעיה,"גליל כימיכלים בע""מ",IL,נקה 7- סבון מוצק ליל,גרמים,400.00,100 גרם,false,,11.90,0.0298,true,1,26861
7290011115296,false,אל סבון מוצק מועשר בקרם לחות לבנדר - מארז רביעיה,נקה 7,,נקה 7 לחות - סבון מו,גרמים,400.00,100 גרם,false,,11.90,0.0298,true,1,26864
7290011115401,false,אל סבון ארומטי מוצק צהוב קמומיל - רביעייה,נקה 7,IL,נקה 7 ארומה - סבון מ,גרמים,400.00,100 גרם,false,,11.90,0.0298,true,1,31431
7290011115418,false,נקה סבון כלים לימון 1.5 ל',נקה 7,IL,סופר 7-ס.נוז' לכלים,ליטרים,1.50,ליטר,false,,12.90,8.6000,true,1,31435
7290011126209,false,הגן הקסום תה טעם תפוח וקינמון סיידר ויסוצקי 25 יח',תה ויסוצקי,IL,תה חליטת תפוח וקינמו,גרמים,55.00,100 גרם,false,,18.90,0.3436,false,1,23719
7290011126452,false,הגן הקסום תה בטעם קמומיל ונענע ויסוצקי 25 יחידות,תה ויסוצקי,IL,תה חליטת קמומיל ונענ,גרמים,37.50,100 גרם,false,,18.90,0.5040,false,1,28002
7290011126469,false,חליטת צמחים וקמומיל הגן הקסום ויסוצקי 25 יחידות,תה ויסוצקי,IL,תה חליטת קמומיל ודבש,גרמים,37.50,100 גרם,false,,18.90,0.5040,false,1,28003
7290011131395,false,"מוזלי בתוספת 30% פירות 1 ק""ג גרין",ויטליאה ניקולה דו,MK,מוזלי קרנצ'י 30% פיר,קילוגרמים,1.00,"ק""ג",false,,24.90,24.9000,true,1,28986
7290011132583,false,"מארז פפסי מקס 500 מ""ל*6 יח' בקבוק","טמפו משקאות בע""\מ",IL,פפסי מקס שישייה 0.5,ליטרים,3.00,ליטר,false,,19.90,6.6333,false,1,125242
7290011133368,false,בירה שנדי בתוספת משקה תפוח - שישייה,"טמפו משקאות בע""מ",IL,שנדי תפוח שישיה 330,יחידה,1.98,יחידה,false,,31.90,16.1111,false,1,33998
7290011133375,false,בירה שנדי בתוספת משקה אפרסק - שישייה,"טמפו משקאות בע""מ",IL,שנדי אפרסק שישיה 330,ליטרים,1.98,ליטר,false,,31.90,16.1111,false,1,34004
7290011148959,false,פלפל טינקרבל יח שמיטה,"מרינה פטריות הגליל בע""מ",IL,פלפל טינקרבל,יחידה,0.00,יחידה,false,,8.90,0.0000,true,1,59470
7290011153885,false,נייר אכיל ממותג דיסני,שמחה זה אנחנו,,נייר אכיל לעוגות,יחידה,0.00,יחידה,false,,18.40,0.0000,true,1,94164
7290011174040,false,גזר ננסי 800 גרם פרי הגליל,פרי הגליל בעמ,IL,גזר ננסי פרי גליל,גרמים,800.00,100 גרם,false,,9.90,0.0124,true,1,10486
7290011174323,false,"צ'יפס אמריקאי פרי הגליל 1.5 ק""ג","פרי הגליל בע""""מ",IL,צ'יפס אמריקאי 1.5 קי,יחידה,1.50,יחידה,false,,17.90,11.9333,true,1,26675
7290011174866,false,צ'יפס בטטה פרי הגליל 700 גרם,פרי הגליל,IL,צ'יפס בטטה 700גר פרי,גרמים,700.00,100 גרם,false,,14.90,0.0213,true,1,108739
7290011174897,false,אפונה עדינה פרי גליל 600 גר',"פרי הגליל בע""""מ",IL,אפונה עדינה 600 גר,גרמים,600.00,100 גרם,false,,13.90,0.0232,true,1,27866
7290011194215,false,מעדן גבינה ויוגורט בטעם בננה 5% שומן 88 ג' דניאלה,"שטראוס בריאות בע""מ",IL,דניאלה בננה 5%,מיליליטרים,150.00,"100 מ""ל",false,,4.10,0.0273,true,1,26180
7290011194246,false,קוטג' 5% עם סידן 250 ג' שטראוס,מיוצר עי קונדיטוריית,IL,קוטג' שטראוס 5%,גרמים,250.00,100 גרם,false,,6.00,0.0240,false,1,7761
7290011223038,false,בונומי עלים לקרמשניט שכבות אפויות מבצק עלים 300 גרם,בונומי ס.פ.א,IT,עלים לקרמשניט - בונו,גרמים,300.00,100 גרם,false,,16.00,0.0533,true,1,39615
7290011223229,false,"טואלט דאק ג'ל לאסלה טיפות טל רעננות 55 מ""ל","איטיליאן פוד, אס.פי.",IT,ט.ד ג'ל אסלה טיפות ט,מיליליטרים,55.00,"100 מ""ל",false,,10.90,0.1982,true,1,22050
7290011223243,false,"טואלט דאק ג'ל לאסלה בניחוח לבנדר 55 מ""ל","איטיליאן פוד, אס.פי.",IT,ט.ד ג'ל אסלה ניחוח ל,מיליליטרים,55.00,"100 מ""ל",false,,10.90,0.1982,true,1,26447
7290011223472,false,מגבוני רענון למבוגרי,פרש-וואנס,IL,פ.ו מגבוני רענון שלי,יחידה,0.00,יחידה,false,,10.90,0.0000,true,1,29956
7290011233068,false,עוגת אגוזים/הונגרי,,,עוגת אגוזים/הונגרי,יחידה,0.00,יחידה,false,,39.90,0.0000,true,1,110696
7290011233082,false,עוגת פרג ענת טרלובסקי 700ג',,IL,עוגה של ענת טרלובסקי,יחידה,0.00,יחידה,false,,39.90,0.0000,true,1,65136
7290011233099,false,עוגת נשיקולד ענת טרלובסקי 300 גרם,,IL,העוגיות של ענת,גרמים,330.00,100 גרם,false,,39.90,0.1209,true,1,65137
7290011249212,false,וופל עלמה בלגי לימון 200 גר' ללא סוכר,"גילרו בע""מ",IL,וופל גילרו 200 גר' ב,גרמים,200.00,100 גרם,false,,3.20,0.0160,true,1,58130
7290011249748,false,רולים גלילי ופל במילוי קרם שוקולד 100 ג' עלמה,"גילרו בע""מ",IL,רולים גלילי וופל בטע,גרמים,100.00,100 גרם,false,,3.50,0.0350,true,1,68757
7290011249755,false,רולים גלילי ופל במילוי קרם אגוזים 100 ג' עלמה,"גילרו בע""מ",IL,רולים אגוזים 100 גר',גרמים,100.00,100 גרם,false,,3.50,0.0350,true,1,69565
7290011249939,false,וופל חטיף קלאסי בשקית 30 יח',גילרו,IL,וופל עלמה 30 יח',גרמים,600.00,100 גרם,false,,14.50,0.0242,true,1,112306
7290011300975,false,פנינה סבון נוזלי ורוד פרדייז 500 מל,פנינה רוזנבלום,IL,פנינה רוזנבלום-אל סב,מיליליטרים,500.00,"100 מ""ל",false,,5.90,0.0118,true,1,62843
7290011302962,false,ערמונים טריים אלטאי,מוצר חקלאי טרי,CN,ערמונים טריים,קילוגרמים,1.00,"ק""ג",false,,29.90,29.9000,true,1,102747
7290011312381,false,פטריות חורש למנגל 320 ג',"מרינה פטריות הגליל בע""מ",IL,סטייק פורטובלה,יחידה,0.00,יחידה,false,,14.90,0.0000,true,1,98510
7290011378028,false,חלבה קלאסית וניל ללא תוספת סוכר בארכה 350 גרם,"רושדי תעשיות מזון בע""\מ",IL,חלבה בארכה שומשום לל,גרמים,350.00,100 גרם,false,,15.90,0.0454,true,1,27770
7290011379018,false,פטריות טריות מיקס מרינה זוגי 250X2ג',"מרינה פטריות הגליל בע""מ",IL,מארז פטריות צמד חמד,גרמים,500.00,100 גרם,false,,15.90,0.0318,true,1,37883
7290011379025,false,"פלפל צ'ילי ""מרינה""","מרינה פטריות הגליל בע""מ",IL,"פלפל צ'ילי ""מרינה""",יחידה,0.00,יחידה,false,,5.90,0.0000,true,1,38554
7290011417468,false,"שום קלוף 1 ק""ג",,,"שום קלוף 1 ק""ג",קילוגרמים,1.00,"ק""ג",false,,25.00,25.0000,true,1,190654
7290011418144,false,תה נטרואל דיאט קלאסי,,,תה נטורל דיאט קלאסי,גרמים,190.00,100 גרם,false,,49.90,0.2626,true,1,126490
7290011424411,false,זרעים חסה ירוקה,,,זרעים חסה ירוקה,יחידה,0.00,יחידה,false,,5.90,0.0000,true,1,123415
7290011424527,false,זרעים מליסה,,,זרעים מליסה,יחידה,0.00,יחידה,false,,5.90,0.0000,true,1,123426
7290011438142,false,"משקה יטבתה אייס קפה בבקבוק אישי 350 מ""ל",שטראוס גרופ,IL,משקה אייס קפה 2%,מיליליטרים,350.00,"100 מ""ל",false,,6.30,0.0180,true,1,25516
7290011447267,false,מטרנה פרימיום חלבי שלב 1 700 גרם חיסכון,מטרנה תעשיות ש.מ,IL,מטרנה חלבי שלב1,גרמים,700.00,100 גרם,false,,49.90,0.0713,false,1,28979
7290011447281,false,מטרנה פרימיום חלבי שלב 2 700 גרם חיסכון,מטרנה תעשיות ש.מ,IL,מטרנה חלבי שלב 2 700,גרמים,700.00,100 גרם,false,,49.90,0.0713,false,1,28961
7290011447304,false,מטרנה פרימיום חלבי שלב 3 700 גרם חיסכון,מטרנה תעשיות ש.מ,IL,מטרנה שלב 3 חלבי 700,גרמים,700.00,100 גרם,false,,49.90,0.0713,false,1,28889
7290011447359,false,תחליף חלב מטרנה מהדרין שלב 1 חלבי 700 גרם,מולינו ניקולי s.p.a,IL,מטרנה מהדרין שלב1 70,גרמים,700.00,100 גרם,false,,49.90,0.0713,false,1,29691
7290011447373,false,תחליף חלב מטרנה מהדרין שלב 2 חלבי 700 גרם,מטרנה תעשיות ש.מ,IL,מטרנה מהדרין 700גר ש,גרמים,700.00,100 גרם,false,,49.90,0.0713,false,1,29454
7290011447748,false,"מזון לחתולים יבש עם דגי אוקיינוס וטונה סופר קט 3 ק""ג",קריות זול,IL,"סופר קט 3 ק""ג דגי או",יחידה,3.00,יחידה,false,,52.90,17.6333,true,1,28408
7290011447908,false,"מזון לחתולים מלא טעם עוף וכבד סופר קט 3 ק""ג",קריות זול,IL,"סופר קט 3 ק""ג עוף כב",יחידה,3.00,יחידה,false,,52.90,17.6333,true,1,28409
7290011459123,false,מברשת מגהץ סגורה מינ,Ningbo cleaning indu,CN,מברשת מגהץ סגורה מינ,יחידה,0.00,יחידה,false,,5.90,0.0000,true,1,59531
7290011459307,false,מגב מילניום פטנט נופר,רפקו,IL,מגב פטנט,יחידה,0.00,יחידה,false,,23.90,0.0000,true,1,59551
7290011459376,false,סט שירותים מונו מפואר,,,סט שרותים מונו מפואר,יחידה,0.00,יחידה,false,,17.50,0.0000,true,1,59560
7290011459512,false,מברשת שירותים כפולה,Ningbo cleaning indu,CN,מברשת שירותים כפולה,יחידה,0.00,יחידה,false,,11.50,0.0000,true,1,59553
7290011459529,false,מגב חלון 22 מפואר,Pierina,IT,מגב חלון 22 מפואר,יחידה,0.00,יחידה,false,,9.90,0.0000,true,1,59534
7290011459741,false,מברשת לניקוי בקבוקים נופר,Ningbo cleaning indu,CN,מברשת לניקוי בקבוקים,יחידה,0.00,יחידה,false,,5.00,0.0000,true,1,60052
7290011459857,false,מגב סיליקון איכותי+מקל מתכת,Ningbo cleaning indu,CN,מגב סיליקון,יחידה,0.00,יחידה,false,,34.90,0.0000,true,1,60048
7290011459956,false,מקל מתכת 1.5 מטר נופר,Metalstick,IT,מקל מתכת 150,יחידה,0.00,יחידה,false,,7.90,0.0000,true,1,61013
7290011461058,false,גומא - מקלות ריחניים,יושלם,,ארומה בוקה,יחידה,0.00,יחידה,false,,19.90,0.0000,true,1,34961
7290011473297,false,גריסי פנינה אורגנים 500 גרם,אורז ע'י,IT,גריסי פנינה אורגניים,גרמים,500.00,100 גרם,false,,10.00,0.0200,true,1,63126
7290011473587,false,נבט חיטה טבעי 250 גר,תבואות,IL,נבט חיטה 250 גר',גרמים,250.00,100 גרם,false,,7.90,0.0316,true,1,60689
7290011473655,false,סוכר קנים אורגני 1 קילו,ארוז ע' תבואות,BR,סוכר קנים אורגני 1קג,קילוגרמים,1.00,"ק""ג",false,,9.90,9.9000,true,1,59968
7290011473907,false,סובין חיטה טבעי 200 גרם,תבואות,IL,סובין חיטה 200 גר',גרמים,200.00,100 גרם,false,,4.90,0.0245,true,1,60690
7290011473969,false,קינואה טריו אורגנית 500 גרם,תבואות,BO,תבואות קינואה טריו א,גרמים,500.00,100 גרם,false,,21.90,0.0438,true,1,70541
7290011480509,false,כוסברה/פטרוזיליה/שמיר/נענע,,,פטרוזיליה כשר,יחידה,0.00,יחידה,false,,5.90,0.0000,true,1,112136
7290011480523,false,נענע מהדרין קטיף טרי,,,נענע כשר,יחידה,0.00,יחידה,false,,5.90,0.0000,true,1,112137
7290011480530,false,כוסברה/פטרוזיליה/שמיר/נענע,חקלאי,IL,כוסברה מהדרין,יחידה,0.00,יחידה,false,,5.90,0.0000,true,1,112138
7290011480554,false,סלרי יבולי הכפר הר' אפרתי,,,סלרי מהדרין,יחידה,0.00,יחידה,false,,5.90,0.0000,true,1,112140
7290011480578,false,חסה יבולי הכפר הר' אפרתי,,,חסה מהדרין,יחידה,0.00,יחידה,false,,6.90,0.0000,true,1,112133
7290011482084,false,"תמצית רום 30 מ""ל",,,"תמצית רום 30 מ""ל",גרמים,30.00,100 גרם,false,,13.90,0.4633,true,1,188674
7290011482145,false,"מי ורדים 250 מ""ל",,IL,"מי ורדים 250 מ""ל",מיליליטרים,250.00,"100 מ""ל",false,,13.90,0.0556,true,1,65629
7290011482244,false,"סירופ מלבי 250 מ""ל",,,"סירופ מלבי 250 מ""ל",מיליליטרים,250.00,"100 מ""ל",false,,15.00,0.0600,true,1,105568
7290011498092,false,מרציפן נטו 56% 200 גרם,שקד תבור בעמ,IL,מרציפן נטו 200 גרם,גרמים,200.00,100 גרם,false,,21.90,0.1095,true,1,118261
7290011499051,false,פטה כבשים מסורתית 20% בגביע 250 גרם - רובין,MKN עבור מחלבות גד ב,IL,פטה כבשים גביע גד 25,גרמים,250.00,100 גרם,false,,27.90,0.1116,true,1,23713
7290011499105,false,בולגרית מסורתית 5% 250 גרם -רבנות,ג'נרל מילס סאן אדריא,IL,בולגרית 5% 250גר,גרמים,250.00,100 גרם,false,,23.90,0.0956,true,1,24922
7290011499112,false,בולגרית מסורתית 16% 250 גרם - רבנות,"מיוצר ע""י dsh",IL,בולגרית 16% 250גר,גרמים,250.00,100 גרם,false,,23.90,0.0956,true,1,33402
7290011499129,false,גבינה בולגרית מעודנת קוביות קטנות 5% גד 200 גרם,קוד יצרן DSH,IL,קוביות בולגרית מעודנ,גרמים,200.00,100 גרם,false,,23.90,0.1195,true,1,27797
7290011499303,false,גבינה בולגרית עזים 5% גד מעודנת 250 גרם,ג'נרל מילס סאן אדריא,IL,בולגרית מעודנת עיזים,גרמים,250.00,100 גרם,false,,31.00,0.1240,true,1,29839
7290011499327,false,גבינה בולגרית מעודנת 5% 250 גרם - רבנות,מיוצר על ידי DSH עבו,IL,בולגרית מעודנת חלב ב,גרמים,250.00,100 גרם,false,,23.90,0.0956,true,1,29841
7290011499341,false,גבינת קשקבל ארוז 26 אחוז 250גרם גד,הנסיך- מפעל לייצור ט,IL,קאשקבל 22% 200 גרם ג,גרמים,200.00,100 גרם,false,,27.90,0.1395,true,1,31181
7290011499358,false,פטה עיזים מסורתית 20% בגביע מחלבות גד,מיוצר על ידי קוד יצר,IL,פטה עיזים 20% 200 גר,גרמים,200.00,100 גרם,false,,27.90,0.1395,true,1,30583
7290011499365,false,גד חלומי 24% 200 גרם רובין,"מחלבות גד בע""\מ",IL,גבינת חלומי 24% 200,גרמים,200.00,100 גרם,false,,22.90,0.1145,true,1,30473
7290011499419,false,גבינה במרקם שמנת בטעם טבעי 5% ניו יורק,גבינות מדף,IL,גבינת קרם שמנת ניו י,גרמים,200.00,100 גרם,false,,12.90,0.0645,true,1,34212
7290011499525,false,גבינת לאבנה דרוזית 9% גד 500 גרם,מחלבות גד בעמ,IL,לאבנה 9% גד,גרמים,500.00,100 גרם,false,,21.00,0.0420,true,1,35373
7290011499624,false,שמנת 30% ניו יורק טבעי 200 גרם רבנות,גבינות מדף,IL,גבינת שמנת בטעם טבעי,גרמים,200.00,100 גרם,false,,13.90,0.0695,true,1,41485
7290011499846,false,גבינת ריקוטה פרסקה 9% גד 300 גרם,מחלבות גד בעמ,IL,ריקוטה פרסקה גד,גרמים,300.00,100 גרם,false,,18.90,0.0630,true,1,41709
7290011515683,false,מאגדת טילון אקסטרים וניל נסטלה 6 יחידות,תות תעשיות מזון (201,IL,מאגדת טילון אקסטרים,גרמים,432.00,100 גרם,false,,32.00,0.0741,true,1,25408
7290011515911,false,שלגונים מופחתי קלוריות בטעם ריבת חלב - 6 יח',גלידות נסטלה )נגה גלידות,IL,מאגדת שלגון לייט ריב,גרמים,312.00,100 גרם,false,,26.90,0.0862,true,1,33037
7290011518561,false,"אקטימל תות 1.51 ק""ג מארז 14 יחידות",מיוצר עי קונדיטוריית,IL,אקטימל תות 1.5% מארז,ליטרים,1.40,ליטר,false,,29.90,21.3571,false,1,23760
7290011524548,false,גרגירי חומוס פרי הגליל 800 גרם,"פרי הגליל בע""""מ",IL,גרגירי חומוס 800 גר',גרמים,800.00,100 גרם,false,,9.90,0.0124,true,1,39264
7290011524555,false,שעועית לבנה אפויה 800 ג' פרי הגליל,"פרי הגליל בע""""מ",IL,שעועית לבנה מבושלת 8,גרמים,800.00,100 גרם,false,,9.90,0.0124,true,1,39265
7290011524968,false,פולי סויה מוקפאים Green & Fresh,גרין אנד פרש Green & Fresh,IL,"פולי סויה 1 ק""ג פרי",קילוגרמים,1.00,"ק""ג",false,,14.50,14.5000,true,1,114121
7290011525712,false,"קמיל בלו אל סבון סנסיטיב לפני השינה ד""ר פישר 1 ליטר",פישר מעבדות פרמצבטיות בע,IL,קמיל בלו סנסיטיב אל,ליטרים,1.00,ליטר,false,,29.90,29.9000,true,1,39576
7290011525729,false,שמפו לתינוק קמיל בלו סנסטיב לפני השינה עם לבנדר וקמומיל,פישר מעבדות פרמצבטיות בע,IL,קמיל בלו סנסיטיב לפנ,ליטרים,1.00,ליטר,false,,29.90,29.9000,true,1,39577
7290011530945,false,קרפצ'יו עגל פרימיום 210 גרם בלדי,בלדי,IL,קרפציו עגל 210 גר' ב,גרמים,210.00,100 גרם,false,,36.90,0.1757,true,1,117536
7290011570507,false,קמח כרגיל ללא גלוטן 450 גרם,אשבל מזון פונקציונלי בע\,IL,קמח נטול גלוטן 450 ג,גרמים,450.00,100 גרם,false,,17.90,0.0398,true,1,69059
7290011570644,false,קמח רב תכליתי ללא גלוטן אשבל 450 גרם,אשבל מזון פונקציונלי בע\,IL,קמח לחם כרגיל ללא גל,גרמים,500.00,100 גרם,false,,17.90,0.0358,true,1,95215
7290011570781,false,"קמח כרגיל ללא גלוטן בטעם וניל אשבל 1 ק""ג",אשבל מזון פונקציונלי בע\,IL,קמח כרגיל ללא גלוטן,גרמים,450.00,100 גרם,false,,17.90,0.0398,true,1,101708
7290011570934,false,תערובת להכנת פנקייק ללא גלוטן 500 ג',אשבל מזון פונקציונאל,IL,תערובת להכנת פנקייק,גרמים,400.00,100 גרם,false,,17.90,0.0447,true,1,110369
7290011575007,false,"הפי מרסס שומר ברק למקלחון 750 מ""ל",יעקובי הפי,DE,הפי לאמבט ולמקלחון,מיליליטרים,750.00,"100 מ""ל",false,,19.90,0.0265,true,1,24669
7290011575526,false,מטלית מיקרופייבר לרצ,סי.פי.קנג,,מטלית מיקרופייבר לרצ,יחידה,500.00,יחידה,false,,13.90,0.0278,true,1,30032
7290011598211,false,"סנו - אנטי קאלק מרסס ניקוי כללי 4 ב-1 700 מ""ל",מיוצר עי קונדיטוריית,IL,סנו אנטי קאלק 4 באחד,מיליליטרים,700.00,"100 מ""ל",false,,18.90,0.0270,false,1,25977
7290011598259,false,"פרש מטהר אוויר אוטומטי בניחוח מאסק סנו 250 מ""ל",סנו מפעלי ברונוס בעמ,IL,סנו פרש אוטומטיק ג'י,מיליליטרים,250.00,"100 מ""ל",false,,14.90,0.0596,true,1,42479
7290011598372,false,מטלית מיקרופייבר פרופשיונל לרצפה סנו סושי,סנו מפעלי ברונוס.,IL,מטלית מיקרופייבר לרצ,יחידה,0.00,יחידה,false,,11.90,0.0000,true,1,25356
7290011598402,false,מקסימה מרכך כביסה ארומתרפי מאסק סנו 4 ליטר,"סנו מפעלי ברונוס בע""\מ",IL,מרכך סנו מקסימה 4 לי,ליטרים,4.00,ליטר,false,,21.90,5.4750,false,1,26721
7290011607180,false,"אבקת כביסה קולון 101 1.25 ק""ג",ריקט בנקיזר ( ניר אי,IL,קולון 101 1.25קג',יחידה,1.25,יחידה,false,,11.90,9.5200,false,1,24470
7290011615260,false,"טורטייה 20 ס""מ קוטר וילי פוד 540 גר",מוטלוקל גידה סאנאי ט,TR,טורטיה וילי פוד 540ג,גרמים,540.00,100 גרם,false,,9.90,0.0183,true,1,35882
7290011615277,false,"עלי טורטיוה קמח חיטה 25ס""מ 12יח' ויליפוד 840 ג'",מוטלוקל גידה סאנאי ט,TR,טורטיה וילי פוד 840ג,גרמים,840.00,100 גרם,false,,14.90,0.0177,true,1,35883
7290011618025,false,בייבי ביס הוט קידס נגיסי אורז לתינוק,גואנז'ו יונג וואנט פ,CN,נגיסי אורז לתינוקות,גרמים,50.00,100 גרם,false,,13.90,0.2780,true,1,43168
7290011618124,false,חטיף אורז אפוי לתינוקות בטעם ירקות +6,גואנז'ו יונג וואנט פ,CN,נגיסי אורז לתינוקות,גרמים,50.00,100 גרם,false,,13.90,0.2780,true,1,28879
7290011668136,false,מסיכה לשיער מחליקה 1 ליטר פנינה רוזנבלום,פנינה רוזנבלום PR,IL,"מסיכה מחליקה 1 ק""ג",קילוגרמים,1.00,"ק""ג",false,,29.90,29.9000,true,1,31308
7290011668419,false,"שמפו אובלפיחה לשיער רגיל 750 מ""ל פנינה רוזנבלום",פנינה רוזנבלום,IL,שמפו אובליפיחה יומי,מיליליטרים,750.00,"100 מ""ל",false,,9.90,0.0132,true,1,32717
7290011668426,false,"מרכך אובלפיחה לשיער רגיל 750 מ""ל פנינה רוזנבלום",פנינה רוזנבלום,IL,מרכך אובליפיחה ליומי,מיליליטרים,750.00,"100 מ""ל",false,,9.90,0.0132,true,1,32718
7290011668440,false,מרכך שיאה לשיער צבוע פנינה רוזנבלום 750 מל,פנינה רוזנבלום,IL,מרכך שיאה לצבוע 750,מיליליטרים,750.00,"100 מ""ל",false,,9.90,0.0132,true,1,32720
7290011668587,false,בריא מהטבע גרנולה בטעם עשיר 500 גרם פנינה רוזנבלום,בריא מהטבע פנינה רוזנבלום,IL,גרנולה טעם עשיר 500,גרמים,500.00,100 גרם,false,,28.90,0.0578,true,1,59091
7290011695408,false,ציפוי מתובל לשניצל ה,עבדו,IL,ציפוי מתובל לשניצל ה,גרמים,350.00,100 גרם,false,,11.90,0.0340,true,1,99334
7290011695545,false,אלפא אטבים איכותיים 55 יח`,ZHEJANG LONGQUAN,,אטבי כביסה,יחידה,0.00,יחידה,false,,9.90,0.0000,true,1,70378
7290011695552,false,אטבי סיליקון איכותיים 10 יח,ZHEJANG LONGQUAN,,אטבי כביסה איכותיים,יחידה,0.00,יחידה,false,,5.00,0.0000,true,1,34194
7290011695651,false,צנימים עגולים 300 גרם נאמן,S.P.A ניולט,IL,צנימים עגולים,גרמים,300.00,100 גרם,false,,10.90,0.0363,true,1,36306
7290011717001,false,לחם בריאות ללא חומר,ג.א.ל שרותי ארוחות,,לחם בריאות,גרמים,650.00,100 גרם,false,,13.90,0.0214,true,1,27857
7290011723101,false,טחינה הר ברכה 1 ליטר,הר ברכה תעשיות,,טחינה הר ברכה 950 גר,גרמים,950.00,100 גרם,false,,34.90,0.0367,true,1,67430
7290011723200,false,טחינה הר ברכה 100% שומשום טהור 500 גר,טחינה הר ברכה בעמ,IL,טחינה הר ברכה 450 גר,גרמים,450.00,100 גרם,false,,17.90,0.0398,true,1,67431
7290011728007,false,נאצוס תירס טבעי טרז פזוס 180 גרם,,IL,נאצ'וס תירס 180 גר',גרמים,180.00,100 גרם,false,,18.90,0.1050,true,1,106722
7290011743833,false,"סנסודיין משחת שיניים פרונאמל 75 מ""ל",גלקסו סמית קליין,GB,סנסודיין פרונאמל 75מ,מיליליטרים,75.00,"100 מ""ל",false,,24.90,0.3320,true,1,27963
7290011745707,false,משחת שיניים פרונמל Pro namel לילדים לגילאי 6-12,גלקסו סמית קליין,SK,סנסודיין פרונאמל ילד,מיליליטרים,50.00,"100 מ""ל",false,,15.90,0.3180,true,1,59292
7290011765088,false,ג'ל גילוח לעור רגיל מנטול Cool,טרופיקל דגיל תעשיות,TR,קרמה ג'ל גילוח כחול,מיליליטרים,200.00,"100 מ""ל",false,,12.90,0.0645,true,1,27932
7290011765200,false,"סנו מדיק ג'ל לניקוי ידיים עם אולוורה 300 מ""ל",גוד פוד פרודקטס S.p,IL,ג'ל אלוורה לניקוי יד,מיליליטרים,300.00,"100 מ""ל",false,,15.90,0.0530,true,1,31550
7290011765392,false,"בוב ספוג שמפו לשיער לסירוק קל כיף 750 מ""ל",טרופיקל דגיל תעשיות,IL,שמפו כיף בוב ספוג 75,מיליליטרים,750.00,"100 מ""ל",false,,11.90,0.0159,true,1,26630
7290011765446,false,משחת שיניים לילדים בוב ספוג בטעם מיץ ענבים עם פלואוריד למניעת עששת,טרופיקל דגיל תעשיות קוסמ,IL,משחת שיניים אורביטול,גרמים,50.00,100 גרם,false,,9.90,0.1980,false,1,25853
7290011765613,false,סנו מסיר עובש בניחות לימון מתז 1 ל',"סנו מפעלי ברונוס בע""\מ",IL,סנו מסיר עובש בניחוח,ליטרים,1.00,ליטר,false,,17.90,17.9000,true,1,113356
7290011765620,false,"נוזל כלים סנו גרין פאוור אקולוגי 750 מ""ל",סנו מפעלי ברונוס בעמ,IL,נוזל כלים אקולוגי סנ,מיליליטרים,700.00,"100 מ""ל",false,,10.00,0.0143,true,1,119203
7290011800840,false,רפי כהן סלט טחינה בלאדי צבר 400 גרם,רפי כהן / צבר,IL,טחינה לבנה רפי,גרמים,400.00,100 גרם,false,,15.90,0.0398,true,1,35154
7290011877088,false,"רדיד אלומיניום רוחב 30 ס""מ, 18 מיקרון - מארז זוג",בורסה פאזרי,TR,סנו סושי צמד רדידי א,יחידה,0.00,יחידה,false,,16.90,0.0000,true,1,58335
7290011877446,false,"קרם למניעת גירויים בייבי כיף 100 מ""ל",קוסמופארם בע'\'\מ,IL,בייבי כיף קרם נגד גי,גרמים,100.00,100 גרם,false,,13.90,0.1390,true,1,31256
7290011877859,false,סנו אינסטלטור חדש פותח סתימות 200ג',מיוצר עי קונדיטוריית,IL,סנו אינסטלטור,מיליליטרים,200.00,"100 מ""ל",false,,13.90,0.0695,true,1,30983
7290011877866,false,"מקסימה אבקת כביסה בניחוח מאסק סנו 6 ק""ג","סנו מפעלי ברונוס בע""\מ",IL,"מקסימה 6 ק""ג מאסק",קילוגרמים,6.00,"ק""ג",false,,49.90,8.3167,false,1,30753
7290011877910,false,אורביטול טריפלאקשיין בטעם פרש מינט,קוסמופארם,IL,מי פה טריפל ורוד 500,מיליליטרים,500.00,"100 מ""ל",false,,19.90,0.0398,true,1,31622
7290011920074,false,מטלית מיקרופייבר לרי,,,מטלית מיקרופייבר לרי,יחידה,0.00,יחידה,false,,13.90,0.0000,false,1,30350
7290011931162,false,סוכרלייט ממתיק נוזלי על בסיס סוכרלוז,אף.סי תבליני בגליל ב,IL,סוכרלייט נוזלי,יחידה,220.00,יחידה,false,,27.90,0.1268,true,1,28837
7290011947316,false,זיתא זיתי קלמטה בשמן זית כתית מעולה 215ג,זיתא - י.ט.ב תעשיות,IL,זיתים קלמטה זיתא,יחידה,0.00,יחידה,false,,12.90,0.0000,true,1,70960
7290011947835,false,שמן זית כתית מעולה פטריות כמהין 475 גר',סטאר סנקס,IL,שמן כתית מעולה בטעם,מיליליטרים,240.00,"100 מ""ל",false,,22.90,0.0954,true,1,125506
7290011964344,false,שום גבישי בקופ' 120 גר' טעם וריח,"תבליני טעם וריח בע""מ",IL,שום גבישי מיכל גדול,גרמים,120.00,100 גרם,false,,9.50,0.0792,true,1,29181
7290011964542,false,פפריקה מתוקה 400 גר' טעם וריח,"תבליני טעם וריח בע""מ",IL,פפריקה מתוקה 400 גר,גרמים,400.00,100 גרם,false,,23.90,0.0597,true,1,30254
7290011964566,false,גריל עוף 400 גר' טעם וריח,"תבליני טעם וריח בע""מ",IL,גריל עוף 400 גר' במי,גרמים,400.00,100 גרם,false,,23.90,0.0597,true,1,31065
7290011964573,false,פלפל שחור טחון 400 גרם,תבליני טעם וריח,,פלפל שחור טחון 400 ג,גרמים,400.00,100 גרם,false,,25.90,0.0647,true,1,120078
7290011964603,false,כורכום 400 גר' טעם וריח,"תבליני טעם וריח בע""מ",IL,כורכום טחון 400 גר',יחידה,0.00,יחידה,false,,23.90,0.0000,true,1,30867
7290011964627,false,פפריקה מתוקה בשמן 400 גר' טעם וריח,"תבליני טעם וריח בע""מ",IL,פפריקה מתוקה בשמן 40,גרמים,400.00,100 גרם,false,,23.90,0.0597,true,1,30526
7290011964658,false,מלח לימון בקופ' 170 גר' טעם וריח,"תבליני טעם וריח בע""מ",IL,מלח לימון מיכל פלסטי,גרמים,170.00,100 גרם,false,,9.50,0.0559,true,1,33582
7290011964689,false,על האש לא מונוסודיום 100 גרם 100 גרם מיכל גדול,"תבליני טעם וריח בע""מ",IL,תערובת תיבול על האש,גרמים,100.00,100 גרם,false,,9.50,0.0950,true,1,39536
7290011964702,false,שווארמה ללא מונסודיום 100 גרם מיכל גדול,"תבליני טעם וריח בע""מ",IL,תערובת תיבול לשווארמ,גרמים,100.00,100 גרם,false,,9.50,0.0950,true,1,39541
7290011988104,false,ווקס לשיער,,,ווקס לשיער,יחידה,0.00,יחידה,false,,25.90,0.0000,true,1,113319
7290011996000,false,טעם אסיה אטריות עגבניות 454 ג',טעמי אסיה Taste of Asia,CN,איטריות עגבניות,גרמים,454.00,100 גרם,false,,8.50,0.0187,true,1,31952
7290011996017,false,טעם אסיה אטריות תרד 454 ג',טעמי אסיה Taste of Asia,CN,איטריות תרד,גרמים,454.00,100 גרם,false,,8.50,0.0187,true,1,31953
7290011996031,false,טעם אסיה אטריות בצים 454 ג',טעמי אסיה Taste of Asia,CN,איטריות ביצים,גרמים,454.00,100 גרם,false,,8.50,0.0187,true,1,31954
7290011996109,false,"צ'ילי מתוק 700 גרם ""אסיה""",טעמי אסיה Taste of Asia,TH,רוטב צ'ילי מתוק 700,יחידה,700.00,יחידה,false,,9.90,0.0141,true,1,31947
7290011996130,false,אצות ים קלויות נורי לסושי - 10 דפים,טעמי אסיה Taste of Asia,CN,אצות ים נורי 10 דפים,גרמים,25.00,100 גרם,false,,10.90,0.4360,true,1,31945
7290011996222,false,מי אגוז קוקוס דל 400 גרם,טעמי אסיה Taste of Asia,TH,נוזל אגוזי קוקוס 400,גרמים,400.00,100 גרם,false,,5.90,0.0148,true,1,41554
7290011996277,false,מחצלת עגולה לגלגול סושי,טעמי אסיה Taste of Asia,CN,מחצלת עגולה לסושי,יחידה,0.00,יחידה,false,,5.90,0.0000,true,1,30855
7290011996581,false,"רוטב חמוץ מתוק 300 מ""ל ""אסיה""",טעמי אסיה Taste of Asia,TH,רוטב חמוץ מתוק 300 מ,יחידה,300.00,יחידה,false,,9.90,0.0330,true,1,38249
7290011996604,false,"רוטב פאד תאי 300 גרם ""אסיה""",טעמי אסיה Taste of Asia,TH,"רוטב פאד תאי 300 מ""ל",גרמים,366.00,100 גרם,false,,13.90,0.0380,true,1,38250
7290011996642,false,טעם אסיה שומשום שחור קלוי 100גר,טעמי אסיה Taste of Asia,CN,שומשום שחור קלוי,גרמים,100.00,100 גרם,false,,11.90,0.1190,true,1,39403
7290011996758,false,מזרח מערב קמח טמפורה כשר 500ג',טעמי אסיה Taste of Asia,CN,קמח טמפורה,גרמים,500.00,100 גרם,false,,9.90,0.0198,true,1,39725
7290011996789,false,פנקו פירורי לחם בסגנון יפני,טעמי אסיה Taste of Asia,CN,פנקו יפני,גרמים,200.00,100 גרם,false,,7.90,0.0395,true,1,34968
7290011996819,false,"מקלוני אטריות שעועית 250 גרם ""אסיה""",טעמי אסיה Taste of Asia,CN,איטריות שעועית בסגנו,גרמים,250.00,100 גרם,false,,3.90,0.0156,true,1,36272
7290012001994,false,חרדל דיז'ון גרעינים 350 ג' ריין דיזון,ריין דיז'ון reine dijon,FR,חרדל דיג'ון גרעינים,גרמים,350.00,100 גרם,false,,11.90,0.0340,true,1,38308
7290012022203,false,פריכיות קליליות חיטה,דילייט 2005,IL,קליליות חיטה מלאה,גרמים,100.00,100 גרם,false,,13.50,0.1350,true,1,58837
7290012022227,false,קליליות חיטה בטעם טבעי,דילייט 2005,IL,קליליות חיטה,גרמים,60.00,100 גרם,false,,11.50,0.1917,true,1,58835
7290012022272,false,פריכיות קליליות קידס,דילייט 2005,IL,קליליות קידס 30 גר,גרמים,30.00,100 גרם,false,,10.70,0.3567,true,1,95575
7290012046131,false,מטליות לניקוי וחיטוי כללי סופט קלין 400 יח',,,מטליות לניקוי כללי 4,יחידה,0.00,יחידה,false,,21.90,0.0000,true,1,119294
7290012046155,false,מטליות לחות לניקוי רצפות 50 יח,,,50 יח' מטליות לחות ל,יחידה,0.00,יחידה,false,,27.90,0.0000,true,1,120713
7290012046193,false,ספוגי קרצוף קשיחים ירוקים קצרים 9יח,M3,ES,סקוטש ברייט תשעה ספו,יחידה,0.00,יחידה,false,,13.90,0.0000,true,1,188278
7290012052200,false,גרנולה אגוזים זרעים ופירותי 800 גרם,רפאלס,IL,גרנולה רפאל זרעים,יחידה,800.00,יחידה,false,,27.90,0.0349,true,1,56701
7290012052224,false,גרנולה רפאל - חלבה תמרים ושקדים,רפאלס,IL,רפאל-חלבה תמרים ושקד,יחידה,800.00,יחידה,false,,27.90,0.0349,true,1,61140
7290012052385,false,מוזלי עם חמוציות ושקדים ללא תוספת סוכר,רפאלס,IL,גרנולה רפאל שקדים ופ,גרמים,800.00,100 גרם,false,,27.90,0.0349,true,1,61142
7290012116032,false,כיף פיות מרכך לסירוק קל 750 מל,טרופיקל דגיל תעשיות,IL,פיות מרכך שיער 750מל,מיליליטרים,750.00,"100 מ""ל",false,,11.90,0.0159,true,1,39651
7290012116070,false,"אל סבון נוזלי פיות בתמציות אלוורה כיף 750 מ""ל",החברה הדרומית,IL,פיות אל סבון אלוורה,גרמים,750.00,100 גרם,false,,11.90,0.0159,true,1,39653
7290012116193,false,סנובון סגול לבנדר שלישייה,סנו סנובון,,סנובון שלישייה סגול,גרמים,195.00,100 גרם,false,,14.90,0.0764,false,1,31485
7290012116261,false,סנו מדיק ג'ל לניקוי ידיים אלוורה 500 מל,גוד פוד פרודקטס S.p,IL,ג'ל ניקוי ידיים 500,מיליליטרים,500.00,"100 מ""ל",false,,15.90,0.0318,true,1,118651
7290012116537,false,"מקסימה אבקת כביסה בניחוח מאסק סנו 2.5 ק""ג",טרופיקל דגיל תעשיות,IL,סנו מקסימה אבקת כביס,קילוגרמים,2.50,"ק""ג",false,,25.90,10.3600,false,1,33070
7290012116551,false,אנטי קאלק נוזל לניקוי כללי סנו 2 ליטר,מיוצר עי קונדיטוריית,IL,אנטי קלאק 2 ליטר 4-ב,ליטרים,2.00,ליטר,false,,19.90,9.9500,true,1,33589
7290012116674,false,"דאודורנט גל קול 75 מ""ל קרמה מן",קוסמופארם,IL,קרמה מן דאודורנט ג'ל,מיליליטרים,75.00,"100 מ""ל",false,,14.90,0.1987,true,1,34907
7290012116681,false,דאודורנט ג'ל אנטיפרספירנט אקטיב בלוק Calm,קוסמופארם בעמ,IL,דאודורנט ג'ל קרמ מן,מיליליטרים,75.00,"100 מ""ל",false,,14.90,0.1987,true,1,34908
7290012116735,false,נייר טואלט גליל כפול סנו סופט 24 גלילים,סנו מפעלי ברונוס בעמ,IL,נייר טואלט סופט ג'מב,גרמים,4300.00,100 גרם,false,,47.90,0.0111,false,1,34716
7290012117039,false,נוזל לניקוי אמבטיה 00 סנו 1 ליטר,סנו מפעלי ברונוס בעמ,IL,סנו 00 לאמבטיה 1 ליט,ליטרים,1.00,ליטר,false,,7.90,7.9000,false,1,33555
7290012117091,false,"אבקת כביסה סנסיטיב סנו מקסימה 6 ק""ג",סנו מקסימה,IL,"סנו מקסימה 6 ק""ג סנס",קילוגרמים,6.00,"ק""ג",false,,49.90,8.3167,false,1,35106
7290012117275,false,"קליר שקית מילוי לניקוי חלונות סנו 750 מ""ל",טרופיקל דגיל תעשיות,IL,סנו קליר מילוי 750 מ,מיליליטרים,750.00,"100 מ""ל",false,,7.90,0.0105,true,1,36171
7290012117350,false,סנו ריצפז פרש 2 ליטר לילך לבנדר,"סנו מפעלי ברונוס בע""\מ",IL,ריצפז פרש לילך 2ל,ליטרים,2.00,ליטר,false,,17.90,8.9500,false,1,33855
7290012117411,false,"שמפו וג'ל רחצה רויבוס 700 מ""ל ""קרמה""",קוסמופארם בע'\'\מ,IL,קרמה מן ג'ל רחצה במב,מיליליטרים,700.00,"100 מ""ל",false,,17.90,0.0256,true,1,35035
7290012117428,false,"ג'ל רחצה ושמפו מעיינות מנטה קרמה מן 700 מ""ל",טרופיקל דגיל תעשיות,IL,קרמה מן שמפו וג'ל רח,מיליליטרים,700.00,"100 מ""ל",false,,17.90,0.0256,true,1,36283
7290012117435,false,"קרמה - שמפו וג'ל רחצה 2 ב-1 אלוורה 700 מ""ל",טרופיקל דגיל תעשיות,IL,קרמה מן ג'ל רחצה אלו,מיליליטרים,700.00,"100 מ""ל",false,,17.90,0.0256,true,1,36531
7290012117534,false,מרכך כביסה מרוכז תכלת קול סנו מקסימה 1 ליטר,"סנו מפעלי ברונוס בע""\מ",IL,מרכך מרוכז קול 1ל,ליטרים,1.00,ליטר,false,,16.90,16.9000,true,1,36757
7290012117541,false,מרכך כביסה מרוכז צהוב סנו מקסימה 1 ליטר,סנו מפעלי ברונוס בעמ,IL,מרכך מרוכז סנו זן 1ל,ליטרים,1.00,ליטר,false,,16.90,16.9000,true,1,36758
7290012117558,false,מקסימה מרכך כביסה מרוכז ורוד בניחוח מאסק סנו 1 ליטר,"סנו מפעלי ברונוס בע""\מ",IL,מרכך סנו מרוכז פי4 מ,ליטרים,1.00,ליטר,false,,16.90,16.9000,false,1,36941
7290012117565,false,כפפות לטקס S סנו סושי 100 יחידות,סנו סושי,IL,כפפות סושי S לטקס,יחידה,0.00,יחידה,false,,29.90,0.0000,true,1,38168
7290012117589,false,כפפות לטקס L סנו סושי 100 יחידות,סנו סושי,TH,סושי 100כפפות לטקס L,יחידה,0.00,יחידה,false,,29.90,0.0000,true,1,36759
7290012117688,false,ג'ל לניקוי ידיים ללא,סנו,,ג'ל לניקוי ידיים ללא,גרמים,100.00,100 גרם,false,,10.00,0.1000,true,1,35676
7290012117732,false,מקסימה מרכך כביסה ארומתרפי קול סנו 4 ליטר,"סנו מפעלי ברונוס בע""\מ",IL,מרכך סנו 4ל COOL,ליטרים,4.00,ליטר,false,,21.90,5.4750,false,1,36468
7290012117916,false,אינסטלטור נוזל לפתיחת סתימות סנו 1 ליטר,"סנו מפעלי ברונוס בע""",IL,סנו אינסטלטור נוזלי,ליטרים,1.00,ליטר,false,,24.90,24.9000,true,1,36374
7290012129728,false,מגבונים לחים פרשיס ללא בישום חמישייה,,IL,פרשיס חמישייה מגבוני,יחידה,0.00,יחידה,false,,19.90,0.0000,true,1,70027
7290012129742,false,מגבונים פרשיס מבושם 72 יח' * חמישיה,,IL,פרשיס חמישייה מגבוני,יחידה,0.00,יחידה,false,,19.90,0.0000,true,1,70028
7290012151538,false,אקונומיקה 4ליטר פולי,,,אקונומיקה 4ליטר פולי,ליטרים,4.00,ליטר,false,,10.90,2.7250,true,1,32485
7290012159411,false,לבבות דקל חתוך לינה 400 גרם,יושלם,IL,לבבות דקל חתוך,גרמים,220.00,100 גרם,false,,7.90,0.0359,true,1,41871
7290012173059,false,מנצ'יס 350גרם,זארובי פיצוחי הגליל,IL,מנצ'ס 350 גר,גרמים,350.00,100 גרם,false,,10.90,0.0311,true,1,33950
7290012173189,false,אגוז פקאן טבעי 150 גרם זארובי,זארובי,,אגוז פקאן,יחידה,150.00,יחידה,false,,18.90,0.1260,true,1,42151
7290012173271,false,זארובי-שקד טבעי 350ג,,IL,זארובי-שקד טבעי 350ג,גרמים,350.00,100 גרם,false,,28.90,0.0826,true,1,68643
7290012173301,false,זארובי-פיסטוק קלוי 3,זארובי,,זארובי-פיסטוק קלוי 3,גרמים,300.00,100 גרם,false,,28.90,0.0963,true,1,69159
7290012173325,false,בוטנים קלופים קופסא,זארובי,,בוטנים קלופים 350 גר,גרמים,350.00,100 גרם,false,,15.50,0.0443,true,1,69182
7290012173493,false,תערובת אגוזים בקופסא 300 גרם,זארובי,IL,תערובת אגוזים ושקדים,גרמים,300.00,100 גרם,false,,26.90,0.0897,true,1,187971
7290012173615,false,פקאן סיני 150 גר',זארובי,IL,פקאן סיני 150 גר',גרמים,150.00,100 גרם,false,,18.90,0.1260,false,1,58014
7290012173820,false,זארובי-פיסטוק קלוי,,IL,זארובי-פיסטוק קלוי,גרמים,150.00,100 גרם,false,,14.90,0.0993,true,1,66310
7290012173837,false,אגוז קשיו קלוי 170 ג,,IL,זארובי-קשיו קלוי,גרמים,170.00,100 גרם,false,,14.90,0.0876,true,1,66311
7290012173844,false,שקד קלוי 170 גרם זארובי,זארובי,,זארובי-שקד קלוי,גרמים,170.00,100 גרם,false,,14.90,0.0876,true,1,66312
7290012173882,false,גרענים שחורים זארובי 150ג',זארובי,IL,זארובי-גרעינים שחורי,גרמים,350.00,100 גרם,false,,10.90,0.0311,true,1,69160
7290012173905,false,פיצוחים מעורב פרימיו,,,פיצוחים מעורב פרימיו,גרמים,350.00,100 גרם,false,,27.90,0.0797,true,1,67620
7290012193125,false,מרמולייט סוכרלוז ממתיק 150 טבליות,"קיפל טבליות וממתיקים בע""מ",CN,מרמולייט סוכרלוז 150,גרמים,123.00,100 גרם,false,,26.90,0.2187,true,1,31159
7290012193163,false,פמילי אל סבון נוזלי פריחת הדובדבן 1 ליטר,אף.סי תבליני בגליל ב,IL,פמלי אל סבון ליטר פר,ליטרים,1.00,ליטר,false,,11.90,11.9000,true,1,57327
7290012226014,false,נקניקיות וינר זוגלובק 800 גרם,נקניק נהריה כשר זוגל,IL,נקניקיות וינר 800 גר,גרמים,800.00,100 גרם,false,,22.90,0.0286,true,1,37753
7290012226021,false,נקניק סלמי מעושן פראג זוגלובק 400 גרם,נקניק נהריה כשר זוגל,IL,סלמי מעושן פראג 400ג,גרמים,400.00,100 גרם,false,,21.50,0.0538,true,1,36812
7290012226076,false,חרמון הודו ועוף 200 ג' זוגלובק,זוגלובק,IL,פסטרמה חרמון 200 גר',גרמים,200.00,100 גרם,false,,14.00,0.0700,true,1,42898
7290012226120,false,"קבנוס 135 גרם ""זוגלובק""",נקניק נהריה כשר זוגל,IL,קבנוס 135 גר',גרמים,135.00,100 גרם,false,,10.00,0.0741,true,1,39765
7290012226342,false,נקניקיה טבעונית למחבת או לתנור עשירה בחלבון,זוגלו'ס Zoglos,IL,נקניקיה טבעונית,גרמים,460.00,100 גרם,false,,24.90,0.0541,true,1,109168
7290012226922,false,קבנוס בטעם שום זוגלובק 135 גרם,נקניק נהריה כשר זוגל,IL,קבנוס עם שום,גרמים,135.00,100 גרם,false,,10.00,0.0741,true,1,41605
7290012226939,false,קבנוס עם צ'ילי חריף זוגלובק 135 גרם,נקניק נהריה כשר זוגל,IL,קבנוס עם צ'ילי חריף,גרמים,135.00,100 גרם,false,,10.00,0.0741,true,1,41606
7290012226991,false,"נקניקיות עוף באריזת ג''מבו 1.5 ק""ג זוגלובק",נקניק נהריה כשר זוגל,IL,נקניקיות ג'מבו,קילוגרמים,1.50,"ק""ג",false,,28.90,19.2667,true,1,42193
7290012227172,false,חרמן הודו בדבש וברביקיו זוג במארז 600 ג' זוגלובק,נקניק נהריה כשר זוגל,IL,מארז זוג פסטרמה זוגל,גרמים,600.00,100 גרם,false,,26.90,0.0448,true,1,58898
7290012227325,false,סלמי דק דק מעושן איטלקי 120 ג' זוגלובק,זוגלובק,IL,סלמי מעושן דק דק 120,גרמים,120.00,100 גרם,false,,13.90,0.1158,true,1,108298
7290012227400,false,נקניקיות עוף זוגלובק 800 גרם,נקניק נהריה כשר זוגל,IL,נקניקיות עוף 800 גר',גרמים,800.00,100 גרם,false,,22.90,0.0286,true,1,63089
7290012227912,false,קבנוס מעודן זוגלובק 135 גרם,זוגלובק,IL,קבנוס מעודן 135 גר',גרמים,135.00,100 גרם,false,,10.00,0.0741,true,1,105401
7290012227974,false,פסטרמה הודו בדבש טהור דק דק דק,זוגלובק,IL,פסטרמה בדבש 120 גר',גרמים,120.00,100 גרם,false,,13.90,0.1158,true,1,108299
7290012227981,false,פסטרמה דק דק ברביקיו 120 ג' זוגלובק,זוגלובק,IL,פסטרמה ברביקיו 120 ג,גרמים,120.00,100 גרם,false,,13.90,0.1158,true,1,108300
7290012227998,false,פסטרמה דק דק חזה בקר 120 ג' זוגלובק,זוגלובק,IL,חזה בקר 120 גר' דק ד,גרמים,120.00,100 גרם,false,,13.90,0.1158,true,1,108301
7290012228261,false,נקנקיות קנקרס הודו ועוף ריינהולד'ס זוגלובק 300 ג',זוגלובק,IL,נקניקיות בוקוורסט הו,גרמים,300.00,100 גרם,false,,19.90,0.0663,true,1,104138
7290012228278,false,נקנקיות בוקוורסט עוף ובקר ריינהולד'ס 310 ג' זוגלובק,זוגלובק,IL,נקניקיות בוקוורסט הו,גרמים,310.00,100 גרם,false,,19.90,0.0642,true,1,104139
7290012228704,false,הספרדיה – נקניקיית עוף ובקר חריפות ריינהולד'ס,זוגלובק,IL,נקניקיות סוסג' ספרדי,גרמים,310.00,100 גרם,false,,18.90,0.0610,true,1,112516
7290012228728,false,קבנוס סטיקס בסגנון מקסיקני חריף סדרת ריינהולד'ס,זוגלובק,IL,קבנוסטיקס בטעם מקסיק,גרמים,50.00,100 גרם,false,,10.00,0.2000,true,1,116646
7290012228766,false,קבנוס מחפוד זוגלובק 120 גרם,זוגלובק,IL,קבנוס 120 גר' מחפוד,גרמים,120.00,100 גרם,false,,10.00,0.0833,true,1,120904
7290012245275,false,"גולד ציפס בטטה קריספי 1 ק""ג",אגריסטו,BE,גולד צ'יפס בטטה קריס,קילוגרמים,1.00,"ק""ג",false,,28.90,28.9000,true,1,124869
7290012245312,false,"גולד ציפס אמריקאי 1.5 ק""ג קפוא זן",יוליניבר,IL,צ'יפס גולד אמריקאי 1,גרמים,1500.00,100 גרם,false,,19.90,0.0133,true,1,112823
7290012245329,false,"גולד צ'יפס קלאסי 1.5 ק""ג קפוא זן",יוליניבר,BE,צ'יפס גולד קלאסי 1.5,גרמים,1500.00,100 גרם,false,,19.90,0.0133,true,1,112825
7290012245336,false,"גולד צ'יפס סטייק 1.5 ק""ג גולד שארית",אגריסטו,IL,צ'יפס גולד סטייק 1.5,גרמים,1500.00,100 גרם,false,,19.90,0.0133,true,1,112826
7290012309939,false,חלווה מסולסלת בקופסא ששון הקולה 500 גרם,אף.סי תבליני בגליל ב,IL,חלבה מסולסלת 500 גר,גרמים,500.00,100 גרם,false,,14.90,0.0298,true,1,68284
7290012313240,false,מיקס זית ירוק וקלמטה קבוצת יבנה 560 גרם,קבוצת יבנה,IL,מיקס זיתים וקלמטה יב,גרמים,340.00,100 גרם,false,,10.90,0.0321,true,1,121682
7290012313547,false,זית קלמטה חומץ יין י,קבוצת יבנה,,זית קלמטה יבנה,גרמים,340.00,100 גרם,false,,9.40,0.0276,true,1,96606
7290012352010,false,קרם לחות מזינה עם שמן ארגן מרוקאי לשיער יבש מאוד ופגום,נטורל פורמולה Natural Formula,IL,קרם לחות + שמן לשיער,מיליליטרים,400.00,"100 מ""ל",false,,25.90,0.0647,true,1,37212
7290012352027,false,קרם לחות מזינה עם שמן אגוז ברזילאי לשיער צבוע ופגום,נטורל פורמולה Natural Formula,IL,קרם לחות + שמן לשיער,מיליליטרים,400.00,"100 מ""ל",false,,25.90,0.0647,true,1,37213
7290012352034,false,"נטורל - קרם לחות עם שמן אגוז מקדמיה לשיער מתולתל 400 מ""ל",נטורל פורמולה Natural Formula,IL,קרם לחות + שמן לשיער,מיליליטרים,400.00,"100 מ""ל",false,,25.90,0.0647,true,1,37450
7290012367717,false,קרם ידיים וציפורניים Intensive relief לעור יבש ומגורה,פישר מעבדות פרמצבטיות בע,IL,קרם ידיים אפקטיב 150,גרמים,100.00,100 גרם,false,,16.90,0.1690,true,1,62066
7290012404955,false,נקטר חמוציות ספרינג קולקשן 1.25 ליטר,יפאורה שותפות מובגלת לשיווק,IL,ספרינג Collection נק,ליטרים,1.25,ליטר,false,,12.90,10.3200,true,1,40313
7290012413704,false,חליטת דבש+לימון 25 שק',ויסוצקי,IL,תה חליטת לימון ודבש,גרמים,67.00,100 גרם,false,,18.90,0.2821,false,1,40084
7290012470202,false,דוקרני קישוט דקטרטיב,מיה טריידינג,CN,דוקרני קישוט,יחידה,0.00,יחידה,false,,6.50,0.0000,true,1,104320
7290012470264,false,דוקרן גבינות ודגים,מיה טריידינג,CN,דוקרן גבינות ודגים,יחידה,0.00,יחידה,false,,8.50,0.0000,true,1,36553
7290012470479,false,אסלונית כיסוי מגן לאסלה,מיה טריידינג,CN,מושבית לאסלות,יחידה,0.00,יחידה,false,,7.50,0.0000,true,1,36183
7290012470486,false,כובע רחצה ניילון 4 י,,,כובע אמבטיה שקוף,יחידה,0.00,יחידה,false,,5.90,0.0000,true,1,36968
7290012470493,false,כובע רחצה 2 שכבות ענ,מיה טריידינג,CN,כובע רחצה 2 שכבות,יחידה,0.00,יחידה,false,,12.90,0.0000,true,1,36969
7290012470813,false,מקלונים לאוזניים לתי,,,מקלונים לאוזניים לתי,יחידה,0.00,יחידה,false,,4.90,0.0000,true,1,189788
7290012470844,false,פלסטר עמיד במים לילד,,,פלסטר עמיד במים לילד,יחידה,0.00,יחידה,false,,6.50,0.0000,true,1,39867
7290012470981,false,כביסון לחזיות,מיה טריידינג,CN,כביסון לחזיות,יחידה,0.00,יחידה,false,,9.90,0.0000,true,1,67986
7290012522581,false,טבעול שניצל תירס ללא גלוטן טבעול 664 גרם,עיצובים 2020 (4.8),IL,שניצל תירס ללא גלוטן,גרמים,664.00,100 גרם,false,,24.90,0.0375,false,1,56884
7290012561405,false,בצל חצי מטוגן דורות 180 גרם,עיצובים 2020 (3.8),IL,בצל חצי מטוגן דורות,גרמים,180.00,100 גרם,false,,11.50,0.0639,true,1,35867
7290012588242,false,"מים מינרלים מיי וואטר כדורגל מארז 500X6מ""ל",נרה קריטיס אס איי באריפט,GR,מים מינרלים כדורגל 5,מיליליטרים,3000.00,"100 מ""ל",false,,13.90,0.0046,false,1,109015
7290012594014,false,לחם שיפון פרוס 650 ג,מאפיית רפאל,,לחם שיפון כפרי,גרמים,650.00,100 גרם,false,,14.90,0.0229,true,1,64626
7290012594038,false,לחם ביאנקו 500 גר,מאפיית רפאל,IL,לחם פרנץ טוסט,גרמים,500.00,100 גרם,false,,10.90,0.0218,true,1,186442
7290012642852,false,פלפל אדום על האש תומר 330 גרם,סאטקו,BG,תומר-פלפל אדום קלוי,גרמים,330.00,100 גרם,false,,9.90,0.0300,true,1,114526
7290012645020,false,"יוגורט עיזים טבעי בבקבוק חלב הארץ 500 מ""ל",מחלבת סוסיא,IL,יוגורט עיזים טבעי 5,מיליליטרים,500.00,"100 מ""ל",false,,11.90,0.0238,true,1,102041
7290012645112,false,יוגורט עיזים 2.8% בדלי חלב הארץ 750 גרם,מחלבות סוסיא,IL,יוגורט עיזים בדלי -,גרמים,750.00,100 גרם,false,,18.90,0.0252,true,1,101920
7290012645129,false,יוגורט כבשים 5% בדלי חלב הארץ 750 גרם,מחלבות סוסיא,IL,יוגורט כבשים בדלי -ח,גרמים,750.00,100 גרם,false,,18.90,0.0252,true,1,101921
7290012645280,false,"יוגורט כבשים טבעי 2.8% בגביע חלב הארץ 150מ""ל",מחלבות סוסיא,IL,יוגורט יווני מחלב כב,גרמים,150.00,100 גרם,false,,5.30,0.0353,true,1,101948
7290012645297,false,יוגורט עיזים ביו 2.8% טעם טבעי חלב הארץ 150 גרם,מחלבות סוסיא,IL,יוגורט מחלב עיזים,גרמים,150.00,100 גרם,false,,5.30,0.0353,true,1,101949
7290012665059,false,קובה למרק חמים וטעים,"חמים וטעים בע""מ",IL,קובה למרק 400 גר,גרמים,400.00,100 גרם,false,,15.50,0.0388,true,1,70965
7290012697241,false,"סוכרזית מצמח הסטיוויה נוזל 220 מ""ל",אף.סי תבליני בגליל ב,IL,סוכרזית מצמח הסטיווי,יחידה,0.00,יחידה,false,,28.90,0.0000,true,1,58512
7290012774010,false,קשים לשתיה 100,,,קשים לשתיה 100,יחידה,0.00,יחידה,false,,7.90,0.0000,true,1,99593
7290012803055,false,סוכרלוז מרמולייט- 100שקיות אישיות,"קיפל טבליות וממתיקים בע""מ",IL,מרמולייט סוכרלוז 100,גרמים,100.00,100 גרם,false,,22.90,0.2290,true,1,34348
7290012803215,false,וופל בלגי בטעם שוקולד ללא תוספת סוכר,בטר אנד דיפרנט,IL,טוסו ופל בלגי בטעם ש,גרמים,200.00,100 גרם,false,,10.90,0.0545,true,1,57750
7290012803222,false,טוסו ופל בסגנון בלגי בטעם לימון ללא תוספת סוכר 200 גרם,בטר אנד דיפרנט,IL,טוסו ופל בלגי בטעם ל,גרמים,200.00,100 גרם,false,,10.90,0.0545,true,1,57751
7290012803314,false,ממתיק על בסיס סוכרלוז - טבליות,"קיפל טבליות וממתיקים בע""",IL,מרמולייט סוכרלוז 300,גרמים,246.00,100 גרם,false,,38.90,0.1581,true,1,36436
7290012803321,false,מרמולייט סוכרלוז 200 שקיות אישיות,מרמולייט,IL,מרמולייט סוכרלוז 200,גרמים,200.00,100 גרם,false,,36.90,0.1845,true,1,36437
7290012803451,false,טוסו שוקולד מריר 62% מוצקי קקאו ללא תוספת סוכר 100 גרם,אלטינמארקה,TR,טוסו שוקולד מריר מעו,גרמים,100.00,100 גרם,false,,12.90,0.1290,true,1,65294
7290012803765,false,טוסו שוקולד מריר ללא תוספת סוכר 100 גרם,אלטינמארקה גידה סאן,TR,טוסו שוקולד מריר 100,גרמים,100.00,100 גרם,false,,12.90,0.1290,true,1,57806
7290012823237,false,"תחליב רחצה קרמה בריזת ים 700 מ""ל",החברה הדרומית,IL,תחליב רחצה קרמה בריז,מיליליטרים,700.00,"100 מ""ל",false,,17.90,0.0256,true,1,121637
7290012823251,false,כיף אל סבון יסמין לבנדר 1 ליטר משאבה,קוסמופארם בע'\'\מ,IL,סבון נוזלי 1 ליטר כי,ליטרים,1.00,ליטר,false,,12.90,12.9000,true,1,62928
7290012823374,false,אנטי קאלק מטליות לחות לניקוי כללי סנו 50 יחידות,מיוצר עי קונדיטוריית,IL,מגבונים אנטי קאלק,יחידה,0.00,יחידה,false,,12.90,0.0000,true,1,38947
7290012823381,false,מקסימה מרכך כביסה מרוכז סנסטיב בייבי סנו 1 ליטר,"סנו מפעלי ברונוס בע""\מ",IL,מרכך מרוכז סנסיטיב 1,ליטרים,1.00,ליטר,false,,16.90,16.9000,true,1,38208
7290012823398,false,מטליות חד פעמיות לניקוי הרצפה בניחוח מרכך כביסה 10יח' סנו,סנו מפעלי ברונו בעמ,IL,ריצפז מטליות לחות לנ,יחידה,0.00,יחידה,false,,12.90,0.0000,true,1,106598
7290012823541,false,ריצפז פרש מטליות לחות לרצפה בניחוח לבנדר 10 יחידות,"סנו מפעלי ברונוס בע""\מ",IL,מטליות ריצפז פרש,יחידה,0.00,יחידה,false,,12.90,0.0000,true,1,37523
7290012823558,false,"מטליות לחות לרצפה 40*70 ס""מ סנו סושי 10 יחידות",סנו מפעלי ברונוס בעמ,IL,מטליות לחות לריצפה ס,יחידה,0.00,יחידה,false,,11.90,0.0000,false,1,38530
7290012823565,false,פוליויקס מטליות ענק לחות לפרקט סנו 10 יחידות,דינאמיק תעשיות,IL,מטלית פוליוקס פרקט,יחידה,0.00,יחידה,false,,14.90,0.0000,true,1,39654
7290012823589,false,ריצפז פרש בניחוח לימון מרענן,סנו פרש Fresh,IL,ריצפז לימון 2 ליטר,ליטרים,2.00,ליטר,false,,17.90,8.9500,false,1,41593
7290012823602,false,נייר טואלט סופט סילק לבן - מארז 32 גלילים,טרופיקל דגיל תעשיות,IL,נייר טואלט סופט סילק,גרמים,1950.00,100 גרם,false,,32.90,0.0169,false,1,41675
7290012823657,false,"סנו קל רסס וכבס מילוי 750 מ""ל",סנו קל,IL,מילוי רסס כבס 750מל,מיליליטרים,750.00,"100 מ""ל",false,,9.90,0.0132,true,1,39655
7290012823787,false,"סנו רסס ונגב שקית מילוי 750 מ""ל",סנו,IL,רסס ונגב מילוי 750מל,מיליליטרים,750.00,"100 מ""ל",false,,7.90,0.0105,true,1,40019
7290012823923,false,"מקסימה מרכך כביסה מרוכז פרפיום גולדן סנרייז סנו 750 מ""ל",סנו מפעלי ברונוס בעמ,IL,מרכך כביסה מרוכז פרפ,מיליליטרים,750.00,"100 מ""ל",false,,16.90,0.0225,true,1,39847
7290012823947,false,"סנו - מרכך כביסה מרוכז פרפיום קריסטל נואר 750 מ""ל",מיוצר עי קונדיטוריית,IL,מקסימה פרפיום מרכך כ,מיליליטרים,750.00,"100 מ""ל",false,,16.90,0.0225,true,1,40048
7290012871061,false,חטיף תירס פופ מתוק ד,מפעלי דגן,IL,דגן תירס פופ מתוק 15,גרמים,150.00,100 גרם,false,,6.50,0.0433,true,1,97059
7290012878268,false,שמפו לשיער יבש ופגום,,,שמפו לשיער יבש ופגום,מיליליטרים,750.00,"100 מ""ל",false,,17.90,0.0239,true,1,116606
7290012884986,false,תפוגן ציפס לתנור עד 4% שומן 1.5 קג,"תעשיות תפוגן בע""\מ",IL,צ'יפס לתנור 4% שומן,קילוגרמים,1.50,"ק""ג",false,,24.90,16.6000,true,1,63160
7290012901355,false,דודלס ארוחת אטריות עם גבינה 206 גרם,האי נאם סי או אל.טי.,US,פסטה גבינה לבן,גרמים,206.00,100 גרם,false,,10.90,0.0529,true,1,70988
7290012911293,false,דפי אורז ללא גלוטן 300 ג',טעמי אסיה Taste of Asia,VN,דפי אורז 300גר,גרמים,300.00,100 גרם,false,,11.90,0.0397,true,1,38252
7290012911477,false,"קרם קוקוס 400 גרם ""אסיה""",אסיאטיק אגרו אינדסטר,TH,"קרם קוקוס 400 מ""ל",יחידה,400.00,יחידה,false,,7.90,0.0198,true,1,42718
7290012911804,false,"שמן שומשום כשר 150 מ""ל",גואנגדונג גוד טייסט,SG,"שמן שומשום 150מ""ל",יחידה,150.00,יחידה,false,,13.90,0.0927,true,1,40987
7290012911941,false,רוטב צ'ילי מתוק ללא תוספת סוכר,טעמי אסיה Taste of Asia,TH,רוטב צ'ילי מתוק 700מ,מיליליטרים,700.00,"100 מ""ל",false,,14.00,0.0200,true,1,61743
7290012938405,false,"רדיד אלומיניום עבה במיוחד לבישול,אפייה והקפאה.",ריינולדס,CN,רדיד אלומיניום עבה ב,יחידה,0.00,יחידה,false,,21.90,0.0000,true,1,38156
7290012938580,false,"סנסודיין משחת שיניים להלבנה עדינה 75 מ""ל",גלקסוסמית'\קליין קונסיומ,GB,סנסודיין הלבנה עדינה,מיליליטרים,75.00,"100 מ""ל",false,,21.90,0.2920,true,1,43225
7290012938597,false,"סנסודיין משחת שיניים רפיד רליף 75 מ""ל","סמיתקליין ביצ'ם בע""מ",GB,סנסודיין רפיד רליף,גרמים,75.00,100 גרם,false,,24.90,0.3320,true,1,41656
7290012938740,false,"משחת שיניים פרש מינט מנטה 75מ""ל סנסודיין",גלקסו סמית קליין,GB,"סנסודיין מנטה 75 מ""ל",מיליליטרים,75.00,"100 מ""ל",false,,21.90,0.2920,true,1,59209
7290012962493,false,"אטב איטלקי מחוזק 36 יחידות ""הוסטס""",הוסטס,,אטב איטלקי מחוזק,יחידה,0.00,יחידה,false,,10.90,0.0000,true,1,70768
7290012982873,false,"פילה אמנון קפוא 7-9 בד""ץ",ג.עופר,IL,פילה אמנון 7-9,קילוגרמים,1.00,"ק""ג",true,,24.90,24.9000,false,1,70144
7290012983153,false,סילאן טבעי בקבוק לחיץ תמר כנרת 400 גר,מנדלז סי.אר. פרודקשן,IL,סילאן טבעי לחיץ 400,גרמים,400.00,100 גרם,false,,15.90,0.0398,true,1,67174
7290012983160,false,סילאן בקבוק לחיץ 400 גרם,"חצר כנרת מוצרי תמר אגש""ח",IL,סילאן לחיץ 400 גרם,גרמים,400.00,100 גרם,false,,11.50,0.0288,true,1,96204
7290012996450,false,מרכך כביסה מרוכז פרחי אביב הפי 1 ליטר,יעקובי הפי,BE,מרכך מרוכז הפי,ליטרים,1.00,ליטר,false,,14.90,14.9000,true,1,38550
7290012996672,false,סבון אסלה + בושם ל24 שעות ביום הפי,יוליניבר,IT,סבון אסלה+בושם,יחידה,80.00,יחידה,false,,9.90,0.1238,true,1,41800
7290013027399,false,לחם קמח מלא קל בתוספת שיפון 750 ג' אנג'ל,מאפיית שלמה א. אנג'\ל בע,IL,לחם אנג'ל 100 בתוספת,גרמים,750.00,100 גרם,false,,15.90,0.0212,true,1,40935
7290013083661,false,תחליף חלב מטרנה אקסטרה קר שלב 1 700 גרם,מטרנה תעשיות ש.מ,IL,מטרנה אקסטרה קר שלב,גרמים,700.00,100 גרם,false,,59.90,0.0856,false,1,39276
7290013083678,false,תחליף חלב מטרנה אקסטרה קר שלב 2 700 גרם,מולינו ניקולי s.p.a,IL,מטרנה אקסטרה קר שלב,גרמים,700.00,100 גרם,false,,59.90,0.0856,false,1,39277
7290013083685,false,תחליף חלב מטרנה אקסטרה קר שלב 3 חסכון 700 גרם,מטרנה תעשיות ש.מ,IL,מטרנה אקסטרה קר שלב,גרמים,700.00,100 גרם,false,,59.90,0.0856,false,1,39278
7290013117212,false,בורקס פילו במילוי גבינה מעדנות 600 גר,מיוצר עי קונדיטוריית,IL,בורקס פילו מילוי גבי,גרמים,600.00,100 גרם,false,,19.90,0.0332,false,1,37092
7290013117229,false,"בורקס פילו במילוי תפו""א מעדנות 600 גר",מיוצר עי קונדיטוריית,IL,"בורקס פילו מילוי תפ""",גרמים,600.00,100 גרם,false,,19.90,0.0332,false,1,37093
7290013117236,false,בורקס פילו פיצה מעדנות 600 גרם,מיוצר עי קונדיטוריית,IL,בורקס פילו פיצה מעדנ,גרמים,600.00,100 גרם,false,,19.90,0.0332,false,1,37094
7290013117243,false,בורקס פילו בולגרית מעדנות 600 גרם,מיוצר עי קונדיטוריית,IL,בורקס פילו בולגרית מ,גרמים,600.00,100 גרם,false,,19.90,0.0332,false,1,37095
7290013117410,false,בצק פריך מרודד למאפים מתוקים 900 ג' מעדנות,מיוצר עי קונדיטוריית,IL,בצק פריך מתוק מעדנות,גרמים,900.00,100 גרם,false,,21.90,0.0243,false,1,41548
7290013117427,false,בצק פריך מרודד למאפים מלוחים מעדנות 2*450 גרם,מיוצר עי קונדיטוריית,IL,בצק פריך מלוח מעדנות,גרמים,900.00,100 גרם,false,,19.90,0.0221,false,1,41549
7290013117526,false,בצק שמרים מרודד למאפים מתוקים מעדנות 900 גרם,"מעדנות בע""\מ",IL,בצק שמרים למאפים מתו,גרמים,900.00,100 גרם,false,,19.90,0.0221,false,1,42612
7290013121042,false,לחם איטלקי ללא גלוטן 500 גר קפוא,אביב קונדיטוריה מעול,IL,גרין לייט-לחם איטלקי,גרמים,500.00,100 גרם,false,,19.90,0.0398,true,1,64560
7290013121158,false,לחמניות סנדוויץ ללא גלוטן גרין לייט 4 * 115 גרם,אביב קונדיטוריה מעול,IL,גרין ליין-לחמניות רב,גרמים,460.00,100 גרם,false,,17.90,0.0389,true,1,62568
7290013121165,false,לחמניות נקניקיה ללא גלוטן גרין לייט 6 * 77 גרם,אביב קונדיטוריה מעול,IL,שישיות לחמניות נקניק,יחידה,0.00,יחידה,false,,17.90,0.0000,true,1,62569
7290013144287,false,ג'לי בטעם תות מימונס 85 גרם,א.ל ייצור ושיווק תבלינים,IL,ג'לי בטעם תות 85 גר',גרמים,85.00,100 גרם,false,,6.30,0.0741,true,1,106962
7290013144393,false,"תמצית בטעם וניל מימונס 50 מ""ל",א.ל ייצור ושיווק תבלינים,IL,תמצית אפיה בטעם וניל,מיליליטרים,50.00,"100 מ""ל",false,,4.90,0.0980,true,1,106965
7290013144409,false,תמצית בטעם רום מימונס 50 גרם,א.ל ייצור ושיווק תבלינים,IL,תמצית אפיה בטעם רום,מיליליטרים,50.00,"100 מ""ל",false,,4.90,0.0980,true,1,106966
7290013144416,false,"תמצית בטעם שקדים מימונס 50 מ""ל",א.ל ייצור ושיווק תבלינים,IL,תמצית אפיה בטעם שקדי,מיליליטרים,50.00,"100 מ""ל",false,,4.90,0.0980,true,1,106967
7290013144508,false,"תמצית בטעם ורדים מיימונס 50 מ""ל",מיוצר עי קונדיטוריית,IL,תמצית אפיה בטעם ורדי,מיליליטרים,50.00,"100 מ""ל",false,,8.90,0.1780,true,1,107209
7290013144614,false,"מיימונס סירופ מייפל אמיתי 100% מקנדה 236 מ""ל",הנסיך- מפעל לייצור ט,CA,סירופ מייפל אמיתי 10,יחידה,0.00,יחידה,false,,29.90,0.0000,true,1,106972
7290013144751,false,סירופ בטעם מייפל מימונס 500 גרם,א.ל ייצור ושיווק תבלינים,IL,סירופ בטעם מייפל 500,גרמים,500.00,100 גרם,false,,13.90,0.0278,true,1,106973
7290013144812,false,אבקת אייס קפה וניל 320 גרם מימונס,מימונס אפייה,IL,אייס קפה בטעם וניל 3,גרמים,320.00,100 גרם,false,,16.90,0.0528,true,1,189633
7290013145215,false,שומשום מימונס 400 גרם,א.ל ייצור ושיווק תבלינים,IL,שומשום 400 גר' מימונ,גרמים,400.00,100 גרם,false,,15.90,0.0398,true,1,116647
7290013145277,false,עלים לקרמשניט מימונס 300 גרם,מימונס אפייה,IT,עלים לקרמשניט 300 גר,גרמים,300.00,100 גרם,false,,16.90,0.0563,true,1,107227
7290013145529,false,סוכריות צבעוניות לקישוט מיימונס 90 גרם,א.ל ייצור ושיווק תבלינים,IL,סוכריות צבעוניות לעו,גרמים,90.00,100 גרם,false,,5.90,0.0656,true,1,107229
7290013145536,false,סוכריות לקישוט בטעם שוקולד מיימונס 85 גרם,א.ל ייצור ושיווק תבלינים,IL,סוכריות בטעם שוקולד,גרמים,85.00,100 גרם,false,,5.90,0.0694,true,1,107230
7290013145628,false,סוכריות צבעוניות לקישוט מימונס 200 גרם,א.ל ייצור ושיווק תבלינים,IL,סוכריות צבעוניות לקי,גרמים,200.00,100 גרם,false,,8.90,0.0445,true,1,106995
7290013145710,false,מיימונס דובדבנים מסוכרים 100 גרם,א.ל ייצור ושיווק תבלינים,IL,דובדבנים מסוכרים,יחידה,0.00,יחידה,false,,8.90,0.0000,true,1,106996
7290013145840,false,סוכר וניל מיימונס 10 יחידות,א.ל ייצור ושיווק תבלינים,IL,סוכר וניל 10 יח' בצל,יחידה,0.00,יחידה,false,,2.50,0.0000,true,1,106997
7290013145857,false,אבקת אפיה מיימונס 10 יחידות,מימונס אפייה,IL,אבקת אפיה 10 יח' בצל,יחידה,0.00,יחידה,false,,2.50,0.0000,true,1,106998
7290013145901,false,סודה לשתיה מיימונס 100 גרם,א.ל ייצור ושיווק תבלינים,IL,סודה לשתיה 100 גר',גרמים,100.00,100 גרם,false,,1.90,0.0190,true,1,109532
7290013145918,false,אבקת סוכר מיימונס 100 גרם,א.ל ייצור ושיווק תבלינים,IL,אבקת סוכר 100 גר',גרמים,100.00,100 גרם,false,,1.90,0.0190,true,1,107344
7290013145949,false,אבקת סוכר פטנט מימונס 250 גרם,א.ל ייצור ושיווק תבלינים,IL,אבקת סוכר בפלסטיק,גרמים,250.00,100 גרם,false,,15.90,0.0636,true,1,107000
7290013145956,false,שמרים יבשים בוואקום מיימונס 500 גרם,הנסיך- מפעל לייצור ט,CN,שמרים יבשים בוואקום,גרמים,500.00,100 גרם,false,,14.90,0.0298,true,1,107001
7290013145970,false,קורנפלור מימונס בשקית 200 ג',א.ל ייצור ושיווק תבלינים,IL,קורנפלור בשקית 200 ג,גרמים,200.00,100 גרם,false,,3.90,0.0195,true,1,107317
7290013146199,false,מלית קרם נוגט 350 גרם מימונס,אינטרגטה תעשיות מזון 19),IL,קרם נוגט 350 גר',גרמים,350.00,100 גרם,false,,14.90,0.0426,true,1,114118
7290013146427,false,נשיקות לקישוט צבע לבן מימונס 60 גרם,"מימונס אפיה בע""מ",IL,נשיקות לקישוט צבע לב,גרמים,60.00,100 גרם,false,,14.90,0.2483,true,1,119625
7290013146441,false,נשיקות לקישוט צבע ורוד מימונס 60 גרם,"מימונס אפיה בע""מ",IL,נשיקות לקישוט צבע ור,גרמים,60.00,100 גרם,false,,14.90,0.2483,true,1,119627
7290013146656,false,כוכבים תכלת ירוק לבן לקישוט 60 גרם,"מימונס אפיה בע""מ",IL,כוכבים תכלת ירוק לבן,גרמים,60.00,100 גרם,false,,11.90,0.1983,true,1,119620
7290013146663,false,אטריות צבעוניות לקישוט מימונס 55 גרם,"מימונס אפיה בע""מ",IL,אטריות צבעוניות לקיש,גרמים,55.00,100 גרם,false,,11.90,0.2164,true,1,119621
7290013146670,false,סוכריות לב סגול ורוד לבן לקישוט 60 גרם,"מימונס אפיה בע""מ",IL,סוכריות לב סגול ורוד,גרמים,60.00,100 גרם,false,,11.90,0.1983,true,1,119622
7290013146724,false,אבקת אייס קפה 350 גרם מימונס,מימונס אפייה,IL,אייס קפה 350 גר' מימ,גרמים,350.00,100 גרם,false,,16.90,0.0483,true,1,186639
7290013146762,false,"קצפת לזילוף 24% שומן מימונס 200 מ""ל",מוצרי קפוא זן,BG,קצפת לזילוף מימונס פ,מיליליטרים,200.00,"100 מ""ל",false,,6.90,0.0345,true,1,125936
7290013146816,false,אבקת סוכר מימונס 500 גרם,א.ל ייצור ושיווק תבלינים,IL,אבקת סוכר שקית 500 ג,גרמים,500.00,100 גרם,false,,6.90,0.0138,true,1,114781
7290013146854,false,קוקוס לבן טחון מימונס 400 ג',א.ל ייצור ושיווק תבלינים,IL,קוקוס לבן טחון 400 ג,גרמים,400.00,100 גרם,false,,15.90,0.0398,true,1,113755
7290013151889,false,ריבת דובדבן חמוץ 285,,,ריבת דובדבן חמוץ 285,גרמים,285.00,100 גרם,false,,6.50,0.0228,true,1,126412
7290013151896,false,ריבת דובדבן שחור 285,,,ריבת דובדבן שחור 285,גרמים,285.00,100 גרם,false,,6.50,0.0228,true,1,126414
7290013153395,false,פריגת סחוט טרי רימונים 1ליטר,פריגת מצוננים,IL,פריגת סחוט רימון 1 ל,ליטרים,1.00,ליטר,false,,23.90,23.9000,true,1,96635
7290013153593,false,תפוזים מתקתק 100% פריגת 1 ליטר,"גת גבעת חיים,",IL,מיץ תפוזים מתקתק 1 ל,ליטרים,1.00,ליטר,false,,12.50,12.5000,false,1,105360
7290013181015,false,"צלחות עגולות עלי דקל קוטר 25 ס""מ",תבניכל,IL,צלחות עגולות גדולות,יחידה,0.00,יחידה,false,,12.90,0.0000,true,1,57265
7290013181022,false,"צלחות עגולות עלי דקל קוטר 20 ס""מ",תבניכל,IL,צלחות עגולות בינוניו,יחידה,0.00,יחידה,false,,10.90,0.0000,true,1,57266
7290013181060,false,"צלחת עגולה 15ס""מ עלי דקל",,IL,צלחת עגולה קטנה,יחידה,0.00,יחידה,false,,7.90,0.0000,true,1,112544
7290013181152,false,צלחת ריבועית בינונית,,,צלחת מרובעת בינונית,יחידה,0.00,יחידה,false,,10.90,0.0000,true,1,58745
7290013181206,false,"צלחות מרובעות עלי דקל 25*25 ס""מ",תבניכל,IL,צלחת מרובעת גדולה,יחידה,0.00,יחידה,false,,12.90,0.0000,true,1,57271
7290013181213,false,"צלחות מרובעות עלי דקל 15*15 ס""מ",תבניכל,IL,צלחת מרובעת קטנה,יחידה,0.00,יחידה,false,,7.90,0.0000,true,1,57272
7290013181244,false,"מזלגות 20ס""מ מעץ לבנה 25",,IL,מזלגות מעץ לבנה 20 ס,יחידה,0.00,יחידה,false,,9.90,0.0000,true,1,67888
7290013181268,false,סכינים מעץ מתכלה - מארז 25 יח',תבניכל,IL,סכינים מעץ,יחידה,0.00,יחידה,false,,9.90,0.0000,true,1,68230
7290013181398,false,מגש אובלי עלי דקל 3 יחיד,,IL,מגש הגשה אובלי 3 יח',יחידה,0.00,יחידה,false,,11.90,0.0000,true,1,108915
7290013185006,false,לחם בריאות משהו משהו,משהו משהו,IL,לחם בריאות משהו משהו,גרמים,700.00,100 גרם,false,,13.90,0.0199,true,1,120910
7290013185914,false,לחם בריאות מחמצת כוסמין קל,מאפיית רפאל,IL,לחם בריאות מחמצת כוס,גרמים,600.00,100 גרם,false,,16.90,0.0282,true,1,186441
7290013237897,false,טסקיו דאודורנט סטיק לגבר,חלאבין Halvin,IL,דאודורנט סטיק טסקיו,מיליליטרים,50.00,"100 מ""ל",false,,17.90,0.3580,true,1,65308
7290013267665,false,סולרו מיני קלאסי - פירות טרופיים (חלבי),"מיוצר ע""\י גלידת שטראוס",IL,מאגדת מיני סולרו פיר,גרמים,354.00,100 גרם,false,,25.90,0.0732,true,1,56903
7290013268020,false,מקסימה מרכך כביסה מרוכז בניחוח אולטרא פרש סנו 1 ליטר,"סנו מפעלי ברונוס בע""\מ",IL,מרכך מרוכז א. פרש 1ל,ליטרים,1.00,ליטר,false,,16.90,16.9000,true,1,38553
7290013268037,false,מקסימה מרכך כביסה מרוכז בניחוח לבנדר פצ'ולי סנו 1 ליטר,"סנו מפעלי ברונוס בע""\מ",IL,מרכך כביסה מרוכז פצ',ליטרים,1.00,ליטר,false,,16.90,16.9000,true,1,38366
7290013268228,false,דאודורנט קרמה ספריי,קרמה,,דאודורנט קרמה ספריי,מיליליטרים,150.00,"100 מ""ל",false,,12.90,0.0860,true,1,99388
7290013268242,false,תרכיז ריחני לניקוי רצפות בריח מלון מפנק ריצפז פרש,"סנו מפעלו ברונוס בע""\מ",IL,ריצפז פרש הום מלון מ,ליטרים,2.00,ליטר,false,,21.90,10.9500,false,1,117371
7290013268372,false,פוליויקס נוזל לניקוי פרקט סנו 2 ליטר,סנו פוליויקס,IL,פוליווקס פרקט בתוספת,ליטרים,2.00,ליטר,false,,19.90,9.9500,true,1,120932
7290013268884,false,"נוזל רצפות מאסק 2 ליטר ""ריצפז פרש""",מיוצר עי קונדיטוריית,IL,ריצפז פרש מאסק 2 ל',ליטרים,2.00,ליטר,false,,17.90,8.9500,false,1,40209
7290013268891,false,אוקסיג'ן ג'ל ללא אקונומיקה עם חמצן פעיל סנו 3 ליטר,"סנו מפעלי ברונוס בע""\מ",IL,ג'ל אוקסיג'ן 3 ליטר,ליטרים,3.00,ליטר,false,,29.90,9.9667,true,1,55802
7290013268907,false,ג'ל כביסה ביו בטמפרטורות נמוכות,"סנו מפעלי ברונוס בע""\מ",IL,ג'ל כביסה ביו 3 ליטר,ליטרים,3.00,ליטר,false,,31.90,10.6333,true,1,41592
7290013268938,false,סנובון סבון אסלה בניחוח מאסק - מארז 3 יח',סנו סנובון,IL,סנובון שלישייה מאסק,יחידה,0.00,יחידה,false,,12.90,0.0000,true,1,41594
7290013268983,false,מרכך כביסה סופר מרוכז בבישום עוצמתי סנו מקסימה 1 ל',"סנו מפעלי ברונוס בע""\מ",IL,מרכך מרוכז 1 ליטר JO,ליטרים,1.00,ליטר,false,,16.90,16.9000,false,1,126448
7290013268990,false,מרכך כביסה מרוכז לבן ביו סנו מקסימה 1 ליטר,"סנו מפעלי ברונוס בע""\מ",IL,מרכך מרוכז מקסימה 1,ליטרים,1.00,ליטר,false,,16.90,16.9000,true,1,41597
7290013269003,false,מרכך כביסה סופר מרוכז בייבי לתינוקות ולעור רגיש,"סנו מפעלי ברונוס בע""\מ",IL,מרכך מרוכז מקסימה בי,ליטרים,1.00,ליטר,false,,18.90,18.9000,true,1,41598
7290013269096,false,מטליות לחות לטיפול במוצרי עור,מיוצר עי קונדיטוריית,IL,מטליות לניקוי עור,יחידה,0.00,יחידה,false,,14.90,0.0000,true,1,64606
7290013269263,false,ג'ל כביסה מרוכז מקסימה בבישום קריסטל נואר,סנו מפעלי ברונוס בעמ,IL,ג'ל כביסה קריסטל 3 ל,ליטרים,3.00,ליטר,false,,31.90,10.6333,true,1,55900
7290013269287,false,סנו - מקסימה ג'ל כביסה מרוכז מאסק 3 ליטר,"סנו מפעלי ברונוס בע""\מ",IL,ג'ל כביסה מאסק 3 ליט,ליטרים,3.00,ליטר,false,,31.90,10.6333,true,1,57065
7290013269300,false,ניילון נצמד פלוס סנו סושי 150 מטר,"מיוצר בהונג קונג, סי",IL,ניילון נצמד 150 מטר,יחידה,0.00,יחידה,false,,24.90,0.0000,true,1,62270
7290013269348,false,K3 תחנת פיתיון קוטל תיקנים (ג'וקים) בבית ובחצר,טרופיקל דגיל תעשיות,IL,סנו K3 תחנת פתיון,יחידה,0.00,יחידה,false,,49.90,0.0000,true,1,114942
7290013269621,false,ריצפז פרש לניקוי רצפות בניחוח מלון בוטיק,מיוצר עי קונדיטוריית,IL,ריצפז פרש הום בניחוח,ליטרים,2.00,ליטר,false,,21.90,10.9500,false,1,111825
7290013269638,false,ספוג הפלא אקסטרה Extra- מארז 6 יח',החברה הדרומית,IL,ספוג הפלא EXTRA,יחידה,0.00,יחידה,false,,12.90,0.0000,true,1,62272
7290013269645,false,ריצפז פרש מטליות לחות לריצפה בניחוח מאסק 10 יחידות,סנו מפעלי ברונוס בעמ,IL,מטליות רצפז פרש,יחידה,0.00,יחידה,false,,12.90,0.0000,true,1,63461
7290013269652,false,פוליויקס נוזל לניקוי רצפות גרניט פורצלן סנו 2 ליטר,סנו פוליויקס,IL,פוליווקס פורצלן מסק,ליטרים,2.00,ליטר,false,,19.90,9.9500,true,1,58470
7290013269751,false,מטליות לחותריצפז פרש לניקוי ריצפה בניחות מלון בוטיק 10 יח' סנו,טרופיקל דגיל תעשיות,IL,ריצפז מטליות לחות לנ,יחידה,0.00,יחידה,false,,12.90,0.0000,true,1,112305
7290013269867,false,סנו סושי זוג מפות אירוח צבעים שונים,מיוצר עי קונדיטוריית,IL,סושי זוג מפות אירוח,יחידה,0.00,יחידה,false,,9.90,0.0000,true,1,55488
7290013269942,false,"סנו K מעופפים פירטרום 400 מ""ל",מיוצר עי קונדיטוריית,IL,K פירטרום מעופפים,יחידה,0.00,יחידה,false,,22.90,0.0000,true,1,58128
7290013310507,false,מברשת עם פטנט לבקבוק ופיטמה טוליפס פרמיום,N.L.PRODUCT,CN,מברשת עם פטנט לבקבוק,יחידה,0.00,יחידה,false,,9.90,0.0000,true,1,57838
7290013310675,false,מטלית הפלא לרצפות שלישיה UNISUN 50X80,יוניסן,,מטלית הפלא לרצפות של,יחידה,0.00,יחידה,false,,19.90,0.0000,true,1,98768
7290013358356,false,מאסטר שף - פירורי לחם מוזהבים 320 גרם,מנה י.א בעמ,IL,מנה פירורי לחם מוזהב,גרמים,350.00,100 גרם,false,,6.90,0.0197,true,1,58563
7290013358363,false,מאסטר שף פרורי לחם פנקו עבים בסגנון יפני 300 גר,קריניציה ויטמינה אס,IL,פירורי לחם פנקו מוזה,גרמים,300.00,100 גרם,false,,9.90,0.0330,true,1,58564
7290013358370,false,פנקו פירורי לחם מאסטר שף בטעם שום 300 גרם,"מיוצר ע""י מנה י.א בע",IL,פרורי לחם פנקו בטעם,גרמים,300.00,100 גרם,false,,9.90,0.0330,true,1,58565
7290013358417,false,מאסטר שף אסייאתי רוטב טריאקי 300 מל כשלפ,קריניציה ויטמינה אס,TH,רוטב טריאקי מנה,מיליליטרים,300.00,"100 מ""ל",false,,9.90,0.0330,true,1,95251
7290013358486,false,מאסטר שף פירורים מוזהבים ללא צורך בביצה 300 ג,"מיוצר ע""י מנה י.א בע",IL,פירורי לחם מנה ללא ב,גרמים,300.00,100 גרם,false,,7.90,0.0263,true,1,69419
7290013358493,false,מנה אסייאתי קרם קוקוס פחית 400 מל מ.שף,תאי קוקונט פבליק קומפני,TH,קרם קוקוס פחית מאסטר,מיליליטרים,400.00,"100 מ""ל",false,,8.90,0.0223,true,1,95243
7290013358509,false,"מיקסלט גרעינים, קטניות ואגוזים",בטר אנד דיפרנט,IL,מנה מיקס סלט 200גר,גרמים,200.00,100 גרם,false,,14.90,0.0745,true,1,68213
7290013358516,false,"מיקסלט חמוציות, גרעינים, קטניות ואגוזים",המאפיה של הרמן,IL,מנה מיקסלט עם חמוציו,גרמים,200.00,100 גרם,false,,14.90,0.0745,true,1,68214
7290013358523,false,מאסטר שף שבבי בצל מטוגן 150 גרם,קריניציה ויטמינה אס,NL,שבבי בצל מנה,גרמים,150.00,100 גרם,false,,12.90,0.0860,true,1,69064
7290013358530,false,מאסטר שף אסייאתי רוטב צ'ילי מתוק 700 מל כשלפ,קריניציה ויטמינה אס,TH,רוטב צ'ילי מתוק מנה,מיליליטרים,700.00,"100 מ""ל",false,,12.90,0.0184,true,1,95153
7290013358547,false,מאסטר שף אסייאתי רוטב צ'ילי חריף 700 מל כשלפ,קי.אר.אס. ספייסי פוד,TH,רוטב צ'ילי חריף מנה,מיליליטרים,700.00,"100 מ""ל",false,,12.90,0.0184,true,1,95244
7290013358578,false,מנה אסייאתי אטריות אורז רחבות 400 ג מ.שף,ליינג טונג רייספלוור,TH,איטריות אורז רחבות מ,גרמים,400.00,100 גרם,false,,7.90,0.0198,true,1,95245
7290013358585,false,מנה אסייאתי נודלס ביצים להקפצה 400 מ.שף,הנסיך- מפעל לייצור ט,CN,נודלס ביצים להקפצה מ,גרמים,400.00,100 גרם,false,,7.90,0.0198,true,1,95609
7290013361981,false,"צ'יפס קפוא חתוך פרי הגליל 2 ק""ג","פרי הגליל בע""""מ",IL,"צ'יפס 2 ק""ג פרי גליל",קילוגרמים,2.00,"ק""ג",false,,21.90,10.9500,true,1,67783
7290013366047,false,כרובית פיורטי (כרובית+ברוקולי),כרמלים שדות חדשים,IL,כרובית פיורטי 500 גר,גרמים,500.00,100 גרם,false,,21.90,0.0438,true,1,117576
7290013366085,false,תירס סופר סוויט ארוז,כרמלים שדות חדשים,IL,תירס מקולף מתוק במיו,יחידה,0.00,יחידה,false,,19.90,0.0000,true,1,96390
7290013366108,false,אספרגוס ירוק כרמלים,כרמלים שדות חדשים,IL,אספרגוס 400 גר' כרמל,גרמים,400.00,100 גרם,false,,32.90,0.0822,true,1,112184
7290013366153,false,ברוקומיני 300 גרם,,,ברוקומיני 300 גר',גרמים,300.00,100 גרם,false,,22.90,0.0763,true,1,120235
7290013366221,false,נבטי חמנייה כרמל יבו,שחף שיווק,IL,נבטי חמניה,יחידה,0.00,יחידה,false,,9.50,0.0000,true,1,41125
7290013366252,false,קטניות מונבטות יחידה,כרמלים שדות חדשים,IL,נבטוטי קטניות כרמל י,יחידה,0.00,יחידה,false,,8.90,0.0000,true,1,41128
7290013366276,false,תערובת נבטים כרמל יב,חקלאי,IL,תערובת נבטים כרמל יב,יחידה,0.00,יחידה,false,,13.90,0.0000,true,1,64981
7290013366306,false,נבטי בזיל כרמלים 30,כרמלים,IL,נבטי בזיל,יחידה,0.00,יחידה,false,,9.90,0.0000,true,1,59766
7290013366634,false,כרמל יבולים חסה סלנו,שמיניית מעדן חלב שוק,IL,חסה SALANOVA,יחידה,0.00,יחידה,false,,12.90,0.0000,true,1,41105
7290013366641,false,רוקולה כרמלים 160 גר,מרינה פטריות הגליל,IL,רוקלה כרמל יבולים,יחידה,0.00,יחידה,false,,12.90,0.0000,true,1,41143
7290013366658,false,חסה סלנובה עלים חתוך,מרינה פטריות הגליל,IL,עלי חסה סלנובה,יחידה,0.00,יחידה,false,,12.90,0.0000,true,1,41154
7290013366665,false,חסה גמביט קראנצית יחידה,כרמלים שדות חדשים,IL,חסה גמביט,יחידה,0.00,יחידה,false,,12.90,0.0000,true,1,185467
7290013366719,false,פאק צ'וי כרמל יבולם,כרמלים שדות חדשים,IL,פאק צ'וי כרמל יבולם,יחידה,0.00,יחידה,false,,12.90,0.0000,true,1,70054
7290013366726,false,קייל כרמלים 160 גר,"שניב תעשיות נייר בע""",IL,עלי קייל,גרמים,260.00,100 גרם,false,,13.50,0.0519,true,1,66291
7290013366986,false,ביצי חופש 18 יח' L,,,ביצי חופש 18 יח' L,יחידה,0.00,יחידה,false,,26.90,0.0000,false,1,190678
7290013381088,false,עמבה הודית נאמן 500 גר',נאמן,IL,עמבה הודית,גרמים,500.00,100 גרם,false,,9.40,0.0188,true,1,119527
7290013381156,false,סוגרנים לשקיות בגדלים שונים,,,סוגרנים לשקיות בגדלי,יחידה,0.00,יחידה,false,,5.90,0.0000,true,1,41075
7290013381194,false,פותח סתימות גרגירים 220 גרם,סטרוכם,,אבקה לפתיחת סתימות,גרמים,220.00,100 גרם,false,,11.50,0.0523,true,1,186823
7290013381576,false,"רוזטה תרכיז שקדים 1 ליטר בד""צ",הילל תעשיות,IL,תרכיז שקדים רוזטה 1,ליטרים,1.00,ליטר,false,,19.90,19.9000,true,1,58825
7290013381897,false,טורטיות מקמח חיטה 8י,GRAFER,IL,טורטיות מקמח חיטה 8י,יחידה,0.00,יחידה,false,,9.50,0.0000,true,1,63975
7290013440648,false,מאגדת שלגוני אבטיח נסטלה 5 יחידות,גלידות נסטלה )נגה גלידות,IL,מאגדת קרחוני אבטיח 5,גרמים,540.00,100 גרם,false,,22.90,0.0424,true,1,56921
7290013444363,false,מגבת ענק 100X140,,,מגבת ענק 100X140,יחידה,0.00,יחידה,false,,59.90,0.0000,true,1,81728
7290013444547,false,מגבת פנים ג'אקרד,,,מגבת פנים ג'אקרד,יחידה,0.00,יחידה,false,,24.90,0.0000,true,1,97468
7290013444554,false,מגבת גוף ג'אקרד,,,מגבת גוף ג'אקרד,יחידה,0.00,יחידה,false,,49.90,0.0000,true,1,97469
7290013444820,false,מגבת פנים ג'אקרד,,,מגבת פנים ג'אקרד,יחידה,0.00,יחידה,false,,24.90,0.0000,true,1,105741
7290013451927,false,פריכיות כוסמת ללא תוספת מלח,זן - בר,IL,פריכיות כוסמת טבעי 1,גרמים,160.00,100 גרם,false,,9.90,0.0619,true,1,62499
7290013472199,false,ערמונים קלופים וקלויים 105 גרם,בייג'גג פוינונג,CN,ערמונים קלופים וקלוי,גרמים,105.00,100 גרם,false,,5.50,0.0524,true,1,43701
7290013504227,false,נופר ברזלית זהב/כסף 8 יח,,IL,ברזלית לניקוי סירים,יחידה,0.00,יחידה,false,,10.00,0.0000,true,1,60471
7290013504869,false,מטליות לחות לרצפה בדלי נופר,,IL,דלי מטליות לחות 50'ח,יחידה,0.00,יחידה,false,,29.90,0.0000,true,1,104920
7290013520067,false,מארז לחמניות 10 יחיד,מאפיית אגמי,IL,מארז 10 לחמניות אצבע,גרמים,750.00,100 גרם,false,,12.90,0.0172,true,1,101784
7290013520111,false,מארז לחמניות המבורגר,מאפיית אגמי,IL,לחמניות המבורגר שישי,גרמים,600.00,100 גרם,false,,14.90,0.0248,true,1,102965
7290013520463,false,לחם בריאות ושובע כוס,מאפיית אגמי,,לחם כוסמין אגמי,גרמים,600.00,100 גרם,false,,16.60,0.0277,true,1,99379
7290013520500,false,לחמניה ביס כוסמין מלא 8יח,מאפיית אגמי,IL,לחמניות ביס כוסמין,גרמים,400.00,100 גרם,false,,16.60,0.0415,true,1,105434
7290013520630,false,לחם מלא יום יום אגמי,מאפיית אגמי,IL,לחם מלא יום יום אגמי,גרמים,750.00,100 גרם,false,,10.90,0.0145,true,1,104142
7290013531117,false,רוטב פסטה לילדים 240 גרם יכין,"זנלכל בע""\מ",IL,רוטב פסטה לילדים יכי,גרמים,240.00,100 גרם,false,,4.90,0.0204,true,1,43299
7290013531346,false,סירופ דיאט בטעם לימונענע יכין 1 ליטר,"זנלכל בע""\מ",IL,סירופ דיאט לימונענע,ליטרים,1.00,ליטר,false,,16.90,16.9000,true,1,58792
7290013531582,false,מארז זיתים ירוקים מגולענים יכין 200 גרם,פרופר,IL,שלישיית זיתים מגולענ,יחידה,0.00,יחידה,false,,12.90,0.0000,true,1,113363
7290013531612,false,רוטב לפסטה נפוליטנה יכין 240 גרם,זנלכל,IL,רוטב נפוליטנה 240 גר,גרמים,240.00,100 גרם,false,,4.90,0.0204,true,1,97412
7290013531759,false,שעועית אפויה במים יכין 330 גרם,"זנלכל בע""\מ",IL,שעועית לבנה מבושלת ב,גרמים,330.00,100 גרם,false,,8.90,0.0270,true,1,95248
7290013579232,false,אוכמניות כחולות קפואות 250 גרם - Shake It,"הבו-קדו בע""\מn\",IL,אוכמניות כחולות קפוא,גרמים,250.00,100 גרם,false,,8.90,0.0356,true,1,125638
7290013580009,false,המבורגר זהב 400 גרם הקצביה בלדי,בלדי,IL,המבורגר זהב 400 גר',גרמים,400.00,100 גרם,false,,17.90,0.0447,true,1,114713
7290013581648,false,אל מטאדור מינוט סטייק 250 גרם בלדי,בלדי,IL,מינוט סטייק 250 גר',גרמים,250.00,100 גרם,false,,15.90,0.0636,true,1,187771
7290013585233,false,"ספרייט זירו פחית סליק 330 מ""ל",החברה המרכזית לייצור משקאות,IL,ספרייט זירו פחית 330,מיליליטרים,330.00,"100 מ""ל",false,,4.50,0.0136,true,1,95293
7290013585257,false,ספרייט זירו בבקבוק אישי,החברה המרכזית לייצור משקאות,IL,ספרייט ZERO 0.5 ליטר,מיליליטרים,500.00,"100 מ""ל",false,,6.00,0.0120,false,1,95212
7290013585387,false,קוקה קולה זירו בקבוק,החברה המרכזית לייצור משקאות,IL,קוקה קולה זירו 1 ליט,ליטרים,1.00,ליטר,false,,6.50,6.5000,false,1,94493
7290013585394,false,קוקה קולה 1ליטר בודד,החברה המרכזית לייצור משקאות,IL,קוקה קולה 1 ליטר,ליטרים,1.00,ליטר,false,,6.90,6.9000,false,1,94494
7290013585967,false,מארז ספרייט זירו 6 * 330 פח Fridge- pack,קוקה קולה ישראל,IL,מארז ספרייט זירו פחי,ליטרים,1.98,ליטר,false,,21.90,11.0606,false,1,99245
7290013608260,false,מיץ רימונים 100%מיץ סחוט טרי מצונן 1ליט,"גניר (1992) בע""מ",IL,מיץ רימונים פרימור 1,ליטרים,1.00,ליטר,false,,22.90,22.9000,true,1,68101
7290013608864,false,פרימור משקה פירות הדר 1 ליטר בתוספת ויטמין C,"גניר (1992) בע""מ",IL,משקה פירות הדר בתוספ,ליטרים,1.00,ליטר,false,,15.90,15.9000,false,1,121226
7290013624888,true,צרעה הרי יהודה אדום,,,צרעה הרי יהודה אדום,,0.00,,false,,110.00,0.0000,true,1,123070
7290013650276,false,ציה קטן 300 גרם,"העידן האורגני בע""מ",,זרעי צ'יה,גרמים,300.00,100 גרם,false,,16.90,0.0563,true,1,65205
7290013652157,false,"ד""ר פישר - נטורל קר מגבונים להסרת איפור לעור רגיל יבש 30 יח' * 3",פישר מעבדות פרמצבטיות בע,IL,מגבונים להסרת איפור,יחידה,0.00,יחידה,false,,24.90,0.0000,true,1,60041
7290013652164,false,"ד""ר פישר - נטורל קר מגבונים להסרת איפור לעור רגיש 30 יח' * 3",פישר מעבדות פרמצבטיות בע,IL,מגבונים להסרת איפור,יחידה,0.00,יחידה,false,,24.90,0.0000,true,1,60042
7290013652171,false,"ד""ר פישר - נטורל קר מגבונים להסרת איפור לעור שמן מעורב 30 יח' * 3",פישר מעבדות פרמצבטיות בע,IL,מגבונים להסרת איפור,יחידה,0.00,יחידה,false,,24.90,0.0000,true,1,60043
7290013652805,false,"נטורל קר קרם לחות לשיער יבש צבוע פגום, 400 מ""ל",פישר מעבדות פרמצבטיות,IL,נטורל קר לחות לשיער,מיליליטרים,0.00,"מ""ל",false,,21.90,0.0000,true,1,56748
7290013675545,false,"שניצל כלי תחבורה ""מאמא עוף"" 700 גרם",תנובה גליל שותפות מוגבלת,IL,שניצל כלי תחבורה,גרמים,700.00,100 גרם,false,,31.90,0.0456,true,1,109722
7290013675965,false,רצועוף בטעם טבעות בצל,תנובה גליל,IL,רצועוף בטעם טבעות בצ,גרמים,500.00,100 גרם,false,,24.90,0.0498,true,1,123121
7290013713049,false,"בירה גמס 8.8 איל בלגי מחוזקת 330 מ""ל","אביר הבר בע""מ",IL,בירה ג'מס בקבוק,מיליליטרים,330.00,"100 מ""ל",false,,12.90,0.0391,true,1,113001
7290013724816,true,שקדיה חטיף גרנולה צי,,,שקדיה חטיף גרנולה צי,,0.00,,false,,8.90,0.0000,true,1,123084
7290013725646,false,רוטב צילי מתוק סו שף 700 גרם,"דין שיווק וקליה בע""מ",TH,רוטב צ'ילי מתוק 700,מיליליטרים,700.00,"100 מ""ל",false,,7.90,0.0113,true,1,68294
7290013725684,false,"רוטב טריאקי 300 מ""ל",,TH,"רוטב טריאקי 300 מ""ל",מיליליטרים,300.00,"100 מ""ל",false,,11.90,0.0397,true,1,115441
7290013771384,false,יוגורט יווני השומרון,מיוצר עי קונדיטוריית,IL,יוגורט יווני 400 גר',גרמים,400.00,100 גרם,false,,10.90,0.0273,true,1,102327
7290013787170,false,רוטב שמנת פטריות 200 גרם ריקו - בית יוסף,קריניסה ויטמין אס אי,IL,רוטב שמנת פטריות 200,גרמים,200.00,100 גרם,false,,13.50,0.0675,true,1,119464
7290013787194,false,רוטב ריקו שמנת בטטה,,IL,רוטב שמנת בטטה 200 ג,גרמים,200.00,100 גרם,false,,13.50,0.0675,true,1,119471
7290013787392,false,רביולי גבינות קלאסי 330 גרם ריקו בית יוסף,דודו איטליאן פרודקטס בע\,IL,רביולי גבינות קלאסי,גרמים,330.00,100 גרם,false,,25.90,0.0785,true,1,119465
7290013787408,false,רביולי בטטה 330 גרם ריקו בית יוסף,דודו איטליאן פרודקטס בע\,IL,רביולי בטטה 330 גר',גרמים,330.00,100 גרם,false,,25.90,0.0785,true,1,119466
7290013787415,false,רביולי ריקוטה תרד 330 גרם ריקו בית יוסף,דודו איטליאן פרודקטס בע\,IL,רביולי ריקוטה תרד 33,גרמים,330.00,100 גרם,false,,25.90,0.0785,true,1,119467
7290013787422,false,פסטה פלין פטריות בטעם כמהין 330 גרם,דודו איטליאן פרודקטס בע\,IL,פלין פטריות בטעם כמה,גרמים,330.00,100 גרם,false,,27.90,0.0845,true,1,119468
7290013848017,false,תרסיס ניקוי והברקת נירוסטה,"סנו מפעלי ברונוס בע""מ",IL,"סנו נירוסטה 500 מ""ל",מיליליטרים,500.00,"100 מ""ל",false,,19.90,0.0398,true,1,110657
7290013848345,false,מארז מטליות לחיטוי וניקוי יסודי אנטיבקטריאלי 99.9%,סנו מפעלי ברונוס בעמ,IL,מטליות לחות לניקוי ש,יחידה,0.00,יחידה,false,,21.90,0.0000,true,1,113384
7290013848581,false,סנו סושי מגבות נייר בגליל ענק.,סנו,IL,סנו סושי-מגבת נייר 6,יחידה,0.00,יחידה,false,,11.90,0.0000,false,1,59776
7290013848611,false,רדיד אלומיניום עבה וחזק 61 מטר,סנו סושי,IL,רדידי אלומיניום 61 מ,יחידה,0.00,יחידה,false,,39.90,0.0000,true,1,60837
7290013848758,false,מקסימה גל כביסה מרוכז בייבי 3ליטר סנסטיב,"סנו מפעלי ברונוס בע""\מ",IL,ג'ל כביסה בייבי 3 לי,ליטרים,3.00,ליטר,false,,34.90,11.6333,true,1,64915
7290013848970,false,"קרמה - דאודורנט ספריי לאישה קלאסי 150 מ""ל",מיוצר עי : אמיליה קוסמטי,IL,דאודורנט קרמה ספרי ק,מיליליטרים,150.00,"100 מ""ל",false,,12.90,0.0860,true,1,66367
7290013848987,false,"קרמה דאודורנט ספריי מאסק 150מ""ל",מיוצר עי : אמיליה קו,IL,דאודורנט קרמה ספרי מ,מיליליטרים,150.00,"100 מ""ל",false,,12.90,0.0860,true,1,66368
7290013883148,false,סופג ריחות במקרר ווליט 40 גרם,יעקבי - הפי Hepi,IT,הפי סופג ריחות במקרר,גרמים,40.00,100 גרם,false,,13.90,0.3475,true,1,56012
7290013906052,false,נקניקיות פרגיות טירת צבי 300 גרם,הנסיך- מפעל לייצור ט,IL,נקניקיות פרגיות 300,גרמים,300.00,100 גרם,false,,11.90,0.0397,true,1,57917
7290013906205,false,פסטרמה עם שום וצילי טירת צבי 400 ג',הנסיך- מפעל לייצור ט,IL,פסטרמה שום וצ'ילי 40,גרמים,400.00,100 גרם,false,,31.90,0.0797,true,1,62803
7290013906212,false,"נקנקיות וינר טירת 1 ק""ג טירת צבי",הנסיך- מפעל לייצור ט,IL,"נקניקיות וינר 1 ק""ג",קילוגרמים,1.00,"ק""ג",false,,26.90,26.9000,true,1,63875
7290013906441,false,קבנוס טירת צבי 120 גרם,הנסיך- מפעל לייצור ט,IL,קבנוס 120 גר' ללא גל,גרמים,120.00,100 גרם,false,,10.90,0.0908,true,1,64469
7290013906496,false,פסטרמה עגל בסגנון רומני טירת צבי 120 גר,הנסיך- מפעל לייצור ט,IL,פסטרמה עגל בסגנון רו,גרמים,120.00,100 גרם,false,,15.90,0.1325,true,1,70083
7290013906694,false,נקניקיות שקית קילו וחצי טירת צבי,הנסיך- מפעל לייצור ט,IL,"נקניקיות 1.5 ק""ג טיר",קילוגרמים,1.50,"ק""ג",false,,37.90,25.2667,true,1,187570
7290013927002,false,עוגיות דיקליות בטעם שוקו אחווה 400 ג',אחדות,IL,אחוה דקליות שוקולד 4,גרמים,400.00,100 גרם,false,,9.90,0.0248,true,1,43378
7290013927026,false,עוגיות דקליות וניל אחווה 400 ג',"אחדות ביח""ר לטחינה",IL,אחווה עוגיות דקליות,גרמים,400.00,100 גרם,false,,9.90,0.0248,true,1,43684
7290013927033,false,עוגיות מעמול במילוי תמרים ואגוזים אחווה 600 ג',אחוה,IL,אחוה מעמול במילוי תמ,גרמים,600.00,100 גרם,false,,10.90,0.0182,true,1,43685
7290013927040,false,אחדות עוגיות ממולאות שוקולד במגש 600,אחוה,IL,עוגיות ממולאות שוקו,גרמים,600.00,100 גרם,false,,10.90,0.0182,true,1,54404
7290013927057,false,א. עוגיות שוקולד צ'יפס במגש 400 גר',אחוה,IL,אחוה עוגיות שוקוצ'יפ,גרמים,400.00,100 גרם,false,,9.90,0.0248,true,1,121148
7290013927064,false,א. עוגיות גרנולה עם פירות יער 400 ג'-אחווה,"אחדות ביח""ר לטחינה",IL,אחוה עוגיות גרנולה ו,גרמים,400.00,100 גרם,false,,9.90,0.0248,true,1,43690
7290013927101,false,אחווה עוגה תפוחים ללא תוספת סוכר 450גר,אחדות ביחר לטחינה חל,IL,עוגת תפוחים ללא תוספ,גרמים,450.00,100 גרם,false,,12.90,0.0287,true,1,58373
7290013927156,false,אחוה בטעם פירות יער ללא תוספת סוכר 450 גרם.,אחדות ביחר לטחינה חל,IL,עוגה בטעם פירות יער,גרמים,450.00,100 גרם,false,,12.90,0.0287,true,1,58374
7290013927323,false,אחדות עוגת בראוניס 400 גרם,אחדות ביחר לטחינה חל,IL,עוגת בראוניז,יחידה,0.00,יחידה,false,,10.90,0.0000,true,1,67161
7290013927637,false,חלוה ללא תוספת סוכר במגש 400 גר' אחוה,אחדות ביחר לטחינה חל,IL,חלוה ללא תוספת סוכר,גרמים,400.00,100 גרם,false,,13.90,0.0348,true,1,112785
7290013927644,false,עוגיות כתר בטעם תות במגש 400 גר' אחווה,אחוה,IL,עוגיות כתר בטעם תות,גרמים,400.00,100 גרם,false,,9.90,0.0248,true,1,114202
7290013937063,false,שישיית שלגוני פריז קוקוס,,,שישייה ארטיקים קוקוס,גרמים,180.00,100 גרם,false,,22.90,0.1272,true,1,62122
7290013937070,false,מאגדת שישיית ארטיקים,,,ארטיקים טיבעיים,יחידה,0.00,יחידה,false,,22.90,0.0000,true,1,62020
7290014002128,false,תה ירוק לימונית ומנטה 25 שקיקים ויסוצקי,ויסוצקי ירוק,IL,תה ירוק לימונית ומנט,גרמים,37.50,100 גרם,false,,24.90,0.6640,false,1,60238
7290014002197,false,חליטת קמומיל ולימונית הגן הקסום ויסוצקי 25 יחידות,תה ויסוצקי,IL,חליטת קמומיל ולימוני,יחידה,0.00,יחידה,false,,18.90,0.0000,false,1,60574
7290014002203,false,חליטת לימונית ולואיזה הגן הקסום ויסוצקי 25 יחידות,תה ויסוצקי,IL,חליטת לימונית ולואיז,יחידה,0.00,יחידה,false,,18.90,0.0000,false,1,60575
7290014002944,false,גן קסום חליטת פירות וצמחים חמדת שקד 25 שקיקים,תה ויסוצקי,IL,תה חליטת פירות וצמחי,גרמים,57.50,100 גרם,false,,18.90,0.3287,false,1,70117
7290014021501,false,פרי FREE חטיף בננה קראנצ'י 27 גרם,לנאקו שוואנגטי פודסטאף,CN,חטיף פרי בננה קראנצ',גרמים,20.00,100 גרם,false,,7.90,0.3950,true,1,126342
7290014021518,false,פרי FREE חטיף אננס קראנצ'י 27 גרם,לנאקו שוואנגטי פודסטאף,CN,חטיף פרי אננס קראנצ',גרמים,20.00,100 גרם,false,,7.90,0.3950,true,1,110101
7290014021532,false,פרי FREE חטיף אגס קראנצ'י 27 גרם,לנאקו שוואנגטי פודסטאף,CN,חטיף פרי אגס קראנצ'י,גרמים,20.00,100 גרם,false,,7.90,0.3950,true,1,110103
7290014021549,false,פרי FREE חטיף תפוח קראנצ'י 27 גרם,,CN,חטיף פרי תפוח קראנצ',גרמים,20.00,100 גרם,false,,7.90,0.3950,true,1,126343
7290014021648,false,פרי FREE חטיף משמש קראנצ'י 27 גרם,לנאקו שוואנגטי פודסטאף,CN,חטיף פרי משמש קראנצ',גרמים,20.00,100 גרם,false,,7.90,0.3950,true,1,189152
7290014021716,false,פרי FREE חטיף מנגו קראנצ'י 27 גרם,,CN,חטיף פרי מנגו קראנצ',גרמים,20.00,100 גרם,false,,7.90,0.3950,true,1,126344
7290014021778,false,מבוקשים- מארז 5 קשים בטעם שוקולד,,,5 קשים בטעם שוקולד,גרמים,30.00,100 גרם,false,,4.90,0.1633,true,1,126335
7290014021785,false,מבוקשים- מארז 5 קשים בטעם תות,,,5 קשים בטעם תות,גרמים,30.00,100 גרם,false,,4.90,0.1633,true,1,126336
7290014021792,false,מבוקשים- מארז 5 קשים בטעם בננה,,,5 קשים בטעם בננה,גרמים,30.00,100 גרם,false,,4.90,0.1633,true,1,126337
7290014021815,false,מארז 5 קשים בטעם אייס קפה 30 גרם,,,5 קשים בטעם אייס קפה,יחידה,0.00,יחידה,false,,4.90,0.0000,true,1,185903
7290014046016,false,פסטרמה של פעם דל שומן 2% רכיבים טבעיים,מעדני יחיעם,IL,פסטרמה של פעם 250 גר,גרמים,250.00,100 גרם,false,,25.90,0.1036,true,1,66416
7290014046030,false,"מוס כבד עוף 140 גרם ""יחיעם""",מעדני יחיעם 1993,IL,מוס כבד עוף יחיעם,גרמים,140.00,100 גרם,false,,14.90,0.1064,true,1,94866
7290014046436,false,נשנושי קבנוס יחיעם 125 גרם,מעדני יחיעם 1993,IL,נישנושי קבנוס 125 גר,גרמים,125.00,100 גרם,false,,12.90,0.1032,true,1,63129
7290014046474,false,"נקניקיות עוף יחיעם 1.5 ק""ג",מעדני יחיעם,IL,"נקניקיות עוף 1.5 ק""ג",קילוגרמים,1.50,"ק""ג",false,,26.90,17.9333,true,1,102523
7290014046580,false,"פסטרמה מעודנת על האש 300 גרם ""יחיעם""",מעדני יחיעם 1993,IL,פסטרמה מעודנת על גחל,גרמים,300.00,100 גרם,false,,22.90,0.0763,true,1,69861
7290014046757,false,סלמי תה מעדני יחיעם,מעדני יחיעם,IL,סלמי תה 300 גר' יחיע,גרמים,300.00,100 גרם,false,,22.90,0.0763,true,1,105378
7290014059078,false,"אקווה פרש מי פה אקסטרים 500 מ""ל",גלקסוסמיתקליין,GB,מי פה אקווה פרש אקסט,מיליליטרים,500.00,"100 מ""ל",false,,19.90,0.0398,true,1,60440
7290014066380,false,לנדוור-קפסולות אספרסו סופרימו(10) - 10יח'12X יח,קפה לנדוור,IL,לנדוור קפסולות אספרס,גרמים,50.00,100 גרם,false,,15.90,0.3180,true,1,118819
7290014066441,false,לנדוור-קפסולות אספרסו נטול קפאין(07) - 10יח'12X יח,קפה לנדוור,IL,לנדוור- קפסולות אספר,גרמים,50.00,100 גרם,false,,15.90,0.3180,true,1,118860
7290014066526,false,לנדוור-קפסולות אספרסו תערובת הבית(11) - 10יח'12X יח,קפה לנדוור,IL,לנדוור קפסולות אספרס,גרמים,50.00,100 גרם,false,,15.90,0.3180,true,1,118820
7290014066533,false,לנדוור-קפסולות אספרסו קלייה כפולה(12) - 10יח'12X יח,קפה לנדוור,IL,לנדוור קפסולות אספרס,גרמים,50.00,100 גרם,false,,15.90,0.3180,true,1,118821
7290014072008,false,חסה י.ש ירקות עלים שארית ישראל,"י.ש.ירקות עלים בע""מ",IL,חסה ערבית מהדרין,יחידה,0.00,יחידה,false,,5.90,0.0000,true,1,105933
7290014072015,false,פטרוזיליה י.ש ירקות עלים שארית ישראל,"י.ש.ירקות עלים בע""מ",IL,פטרוזיליה מהדרין,יחידה,0.00,יחידה,false,,5.90,0.0000,true,1,95818
7290014072022,false,שמיר י.ש ירקות עלים שארית ישראל,"י.ש.ירקות עלים בע""מ",IL,שמיר מהדרין,יחידה,0.00,יחידה,false,,5.90,0.0000,true,1,95819
7290014072039,false,כוסברה י.ש ירקות עלים שארית ישראל,ירוק למהדרין,,כוסברה מהדרין,יחידה,0.00,יחידה,false,,5.90,0.0000,true,1,105496
7290014072060,false,סלרי י.ש ירקות עלים שארית ישראל,"י.ש.ירקות עלים בע""מ",IL,סלרי עלים מהדרין,יחידה,0.00,יחידה,false,,5.90,0.0000,true,1,105590
7290014079014,false,לבבות קיסר ארוז נספק,"מרינה פטריות הגליל בע""מ",IL,לבבות קיסר עלים,גרמים,300.00,100 גרם,false,,9.90,0.0330,true,1,55629
7290014079076,false,נבטי אלפלפא מרינה,"מרינה פטריות הגליל בע""מ",IL,נבטי אלפלפא מרינה,יחידה,0.00,יחידה,false,,5.90,0.0000,true,1,61241
7290014079854,false,לבבות חסה ארץ הגליל מרינה,"מרינה פטריות הגליל בע""מ",IL,לבבות חסה ארץ הגליל,יחידה,0.00,יחידה,false,,10.90,0.0000,true,1,105587
7290014083813,false,וילי פוד מריגה שפרוטים מעושנים בשמן 190ג,הנסיך- מפעל לייצור ט,LV,שפרוטים מעושנים בשמן,גרמים,190.00,100 גרם,false,,8.50,0.0447,true,1,60953
7290014094260,false,שיני שום קלוף קמעונאי,יאנונינגלנאגג פרודיס לטד,CN,שום קלוף,גרמים,170.00,100 גרם,false,,10.90,0.0641,true,1,71584
7290014094482,false,"רוטב צ''ילי חריף 700 מ""ל אהרוני","דין שיווק וקליה בע""מ",TH,רוטב צ'ילי חריף 700,מיליליטרים,700.00,"100 מ""ל",false,,9.90,0.0141,true,1,62833
7290014094505,false,אורז בסמתי טהור אהרוני 1 ק''ג,האי נאם סי או אל.טי.,IL,"אורז בסמטי 1 ק""ג אהר",קילוגרמים,1.00,"ק""ג",false,,9.90,9.9000,true,1,65144
7290014094529,false,"רוטב סויה 300 מ""ל אהרוני",הלתי פוד פרודקט,IL,רוטב סויה אהרוני,מיליליטרים,300.00,"100 מ""ל",false,,9.90,0.0330,true,1,62702
7290014095861,false,שיבולת שועל דקה בשקית שקדיה 500 גרם,"דין שיווק וקלייה בע""",IL,שיבולת שועל דקה 500,גרמים,500.00,100 גרם,false,,5.00,0.0100,true,1,68297
7290014095960,false,שיבולת שועל עבה בשקית שקדיה 500 גרם,"דין שיווק וקלייה בע""",IL,שיבולת שועל עבה 500,גרמים,500.00,100 גרם,false,,5.00,0.0100,true,1,68298
7290014110014,false,מקלוני דבאייל מיוש,,,מקלוני דבאייל מיוש,גרמים,230.00,100 גרם,false,,14.90,0.0648,true,1,187798
7290014204560,false,"סבון נוזלי שלישיה 500 מ""ל פנינה רוזנבלום",פ.רוזנבלום כללי,IL,סבון נוזלי שלישייה,מיליליטרים,1500.00,"100 מ""ל",false,,10.90,0.0073,true,1,66791
7290014204614,false,גרנולה בריא מהטבע שוקולד מריר ולבן 400 גרם פנינה רוזנבלום,פנינה רוזנבלום,IL,גרנולה שוקולד מריר ו,גרמים,400.00,100 גרם,false,,28.90,0.0722,true,1,69218
7290014204638,false,"מרכך קרטין לאחר החלקה 750 מ""ל פנינה רוזנבלום",פנינה רוזנבלום PR,IL,מרכך לאחר החלקה 750,מיליליטרים,750.00,"100 מ""ל",false,,27.90,0.0372,true,1,100906
7290014204645,false,"שמפו קרטין לאחר החלקה 750 מ""ל פנינה רוזנבלום",פנינה רוזנבלום PR,IL,שמפו לאחר החלקה 750,מיליליטרים,750.00,"100 מ""ל",false,,27.90,0.0372,true,1,101776
7290014204676,false,"מסכה לאחר החלקה קרטין 500 מ""ל פנינה רוזנבלום",פנינה רוזנבלום,IL,מסיכה לאחר החלקה 500,מיליליטרים,500.00,"100 מ""ל",false,,31.90,0.0638,true,1,100909
7290014217003,false,פפריקה מעושנת בקופ' 90 גר' טעם וריח,"תבליני טעם וריח בע""מ",IL,פפריקה מעושנת 90 גר,גרמים,90.00,100 גרם,false,,9.50,0.1056,true,1,57899
7290014217010,false,דגים T130 -BUL בקופ' 90 גר' טעם וריח,"תבליני טעם וריח בע""מ",IL,מיכל תיבול לדגים,גרמים,90.00,100 גרם,false,,11.00,0.1222,true,1,59212
7290014217027,false,עוף T130 -BUL בקופ' 120 גר' טעם וריח,"תבליני טעם וריח בע""מ",IL,מיכל תיבול לעוף 120,גרמים,120.00,100 גרם,false,,11.00,0.0917,true,1,59213
7290014217065,false,אורגנו עלים בקופ' 30 גר' טעם וריח,"תבליני טעם וריח בע""מ",IL,אורגנו מיכל גדול 30,גרמים,30.00,100 גרם,false,,9.50,0.3167,true,1,57900
7290014217140,false,"מיכל ראס אל חנות 100 גר' ""טעם וריח""","תבליני טעם וריח בע""מ",IL,מיכל ראס אל חנות,גרמים,100.00,100 גרם,false,,9.50,0.0950,true,1,69702
7290014217157,false,תיבול טוסקנה בקופ' 120 גר' טעם וריח,"תבליני טעם וריח בע""מ",IL,מיכל תערובת תיבול טו,גרמים,120.00,100 גרם,false,,9.50,0.0792,true,1,69703
7290014217164,false,תבלין פטרוזיליה מיכל גדול 20 ג',"תבליני טעם וריח בע""מ",IL,מיכל פטרוזיליה,גרמים,20.00,100 גרם,false,,9.50,0.4750,true,1,69704
7290014217171,false,תערובת תיבול תיבול גריל דג מיכל 100ג',"תבליני טעם וריח בע""מ",IL,מיכל תערובת תיבול גר,גרמים,100.00,100 גרם,false,,9.50,0.0950,true,1,69705
7290014217201,false,"תערובת תיבול סומק 45 גרם ""טעם וריח""","תבליני טעם וריח בע""מ",IL,תערובת תיבול סומק,גרמים,45.00,100 גרם,false,,5.50,0.1222,true,1,97178
7290014217225,false,גריל עוף בקופ' 120 גר' טעם וריח,"תבליני טעם וריח בע""מ",IL,מיכל גריל עוף 120 גר,גרמים,120.00,100 גרם,false,,9.50,0.0792,true,1,66680
7290014217263,false,תיבול לפרגית בקופ' 100 גר' טעם וריח,"תבליני טעם וריח בע""מ",IL,תערובת תיבול לפרגיות,גרמים,100.00,100 גרם,false,,9.50,0.0950,true,1,99131
7290014217348,false,"מיכל צ'ילי כתוש 70 גר' ""טעם וריח""","תבליני טעם וריח בע""מ",IL,מיכל צ'ילי כתוש 70 ג,גרמים,70.00,100 גרם,false,,9.50,0.1357,true,1,66683
7290014217355,false,קרי אבקה בקופ' 100 גר' טעם וריח,"תבליני טעם וריח בע""מ",IL,מיכל אבקת קרי 100 גר,גרמים,100.00,100 גרם,false,,9.50,0.0950,true,1,66684
7290014217362,false,תיבול לקציצות בקופ' 100 גר' טעם וריח,"תבליני טעם וריח בע""מ",IL,מיכל תיבול לקציצות 1,גרמים,100.00,100 גרם,false,,9.50,0.0950,true,1,66685
7290014217379,false,תבלין למרינדה קלאסית 80 גרם טעם וריח,תבליני טעם וריח,IL,מרינדה קלאסית לעוף ט,גרמים,80.00,100 גרם,false,,10.90,0.1363,true,1,124960
7290014217386,false,מרינדת צ'ילי חריף 80 גרם טעם וריח,תבליני טעם וריח,IL,מרינדת צ'ילי חריף טע,גרמים,80.00,100 גרם,false,,10.90,0.1363,true,1,124961
7290014217393,false,אבקת צ'ילי חריף 30 גרם מיכל קטן,"תבליני טעם וריח בע""מ",IL,אבקת צ'ילי חריף 30 ג,גרמים,30.00,100 גרם,false,,5.50,0.1833,true,1,126396
7290014217478,false,תערובת עשבי תיבול איטלקי ים תיכוני 30ג',"תבליני טעם וריח בע""מ",IL,תערובת עשבי תיבול אי,גרמים,30.00,100 גרם,false,,9.50,0.3167,true,1,99690
7290014217485,false,תיבול קייג'ון בקופ' 100 גר' טעם וריח,"תבליני טעם וריח בע""מ",IL,תערובת תיבול קייגו'ן,גרמים,100.00,100 גרם,false,,9.50,0.0950,true,1,101538
7290014217492,false,תיבול פילדלפיה בקופ' 100 גר' טעם וריח,"תבליני טעם וריח בע""מ",IL,תערובת תיבול פילדלפי,גרמים,100.00,100 גרם,false,,9.50,0.0950,true,1,101539
7290014217515,false,תבלין ציפוי ללחם מלוח טעם וריח 90 ג',"תבליני טעם וריח בע""מ",IL,תערובת תבלינים לציפו,גרמים,90.00,100 גרם,false,,9.90,0.1100,true,1,110068
7290014217522,false,תערובת ללחם שום טעם וריח 100 ג',"תבליני טעם וריח בע""מ",IL,תערובת תיבול ללחם שו,גרמים,100.00,100 גרם,false,,9.90,0.0990,true,1,110069
7290014217560,false,מלח ים במטחנה 100 גר,תבליני טעם וריח,IL,מטחנת מלח ים 100 גר',גרמים,100.00,100 גרם,false,,7.90,0.0790,true,1,115698
7290014217607,false,מטחנת מלח הימלאיה 100 ג',תבליני טעם וריח,IL,מטחנת מלח הימלאיה 10,גרמים,100.00,100 גרם,false,,12.00,0.1200,true,1,115697
7290014217911,false,תבלין פלפל אדום מתוק בשקית 150 גר,"תבליני טעם וריח בע""\מ",IL,פלפל מתוק שלם 150 גר,גרמים,150.00,100 גרם,false,,13.90,0.0927,true,1,113196
7290014218321,false,בורקס אישי יפו גבינה מעדנות 600 גרם,מיוצר עי קונדיטוריית,IL,בורקס יפו גבינה,גרמים,600.00,100 גרם,false,,18.50,0.0308,true,1,98251
7290014218338,false,"בורקס אישי יפו תפו""א מעדנות 600 גרם",מיוצר עי קונדיטוריית,IL,"בורקס יפו תפו""א",יחידה,0.00,יחידה,false,,15.90,0.0000,true,1,98252
7290014218536,false,בצק עלים מרודד מופחת שומן מעדנות 1 קג,תנובה מעדנות,IL,בצק עלים מופחת שומן,יחידה,0.00,יחידה,false,,21.90,0.0000,true,1,102810
7290014218932,false,חטיפי פיצה בתוספ זיתים בשקית מעדנות 710 גרם,מיוצר עי קונדיטוריית,IL,חטיפי פיצה זיתים מעד,גרמים,710.00,100 גרם,false,,26.90,0.0379,true,1,114690
7290014220133,false,כף ומזלג לסלט חד פעמ,,,כף ומזלג לסלט חד פעמ,יחידה,0.00,יחידה,false,,7.90,0.0000,true,1,69065
7290014220140,false,מפיות נייר,,,מפיות נייר,יחידה,0.00,יחידה,false,,6.50,0.0000,true,1,96641
7290014220478,false,שקיות לזילוף 20 יח,,,שקיות לזילוף 20 יח,יחידה,0.00,יחידה,false,,9.90,0.0000,true,1,70974
7290014220546,false,"סט קופסאות 3 ק""ג",,,"סט קופסאות 3 ק""ג",יחידה,0.00,יחידה,false,,9.90,0.0000,true,1,118312
7290014256620,false,"יין מבעבע קריניאנו באזז יקבי כרמל 750 מ""ל",יקבי כרמל Carmel Winery,IL,BUZZ קריניאנו אדום מ,מיליליטרים,750.00,"100 מ""ל",false,,23.90,0.0319,false,1,103624
7290014256637,false,"יין מבעבע מוסקטו באזז יקבי כרמל 750 מ""ל",יקבי כרמל Carmel Winery,IL,יין מוסקטו BUZZ,מיליליטרים,750.00,"100 מ""ל",false,,23.90,0.0319,false,1,93971
7290014258723,false,תרכובת מזון צמחי לתינוקות מגיל 0 עד גיל שנה,מטרנה תעשיות ש.מ,IL,מטרנה צמחי מגיל 0-12,גרמים,700.00,100 גרם,false,,69.90,0.0999,false,1,70878
7290014258730,false,תרכובת מזון צמחי לתינוקות מגיל 12 חודשים ואילך,מטרנה תעשיות ש.מ,IL,מטרנה צמחי מגיל שנה,גרמים,700.00,100 גרם,false,,69.90,0.0999,false,1,70885
7290014318250,false,"פולנטה איטלקית מקורית 1 ק""ג (10)",,,קמח תירס פולנטה מקור,קילוגרמים,1.00,"ק""ג",false,,10.90,10.9000,true,1,102568
7290014397163,false,"מטהר אוויר פרש הום פריחת השקד, ורד אנגלי וכותנה",סנו מפעלי ברונוס בעמ,IL,סנו פרש מיכל מילוי,יחידה,0.00,יחידה,false,,14.90,0.0000,true,1,107842
7290014397286,false,מרכך כביסה מרוכז חלב ודבש סנו מקסימה 1 ליטר,סנו-מקסימה,IL,מרכך מרוכז חלב ודבש,ליטרים,1.00,ליטר,false,,16.90,16.9000,true,1,62454
7290014397675,false,סנו מקסימה מרכך כביסה חלב ודבש 4 ליטר,סנו מקסימה,IL,מרכך כביסה מקסימה 4,ליטרים,4.00,ליטר,false,,21.90,5.4750,false,1,63550
7290014397712,false,סנובון גל לאסלה בניחוח פריחה ורודה,Nicols polandמשווק ו,PL,סנובון ג'ל לאסלה בני,יחידה,0.00,יחידה,false,,7.90,0.0000,true,1,69235
7290014397767,false,סנו ריצפז פרש הום 2 ליטר בניחוח כותנה-מרכז,"סנו מפעלי ברונוס בע""",IL,רצפז פרש הום 2 ליטר,ליטרים,2.00,ליטר,false,,21.90,10.9500,false,1,63785
7290014397774,false,רצפז פרש הום טבע רענן 2 ל',סנו פרש Fresh,IL,רצפז פרש הום 2 ליטר,ליטרים,2.00,ליטר,false,,21.90,10.9500,false,1,63786
7290014397781,false,סנו ריצפז פרש הום 2 ליטר בניחוח סבון,סנו פרש Fresh,IL,רצפז פרש הום 2 ליטר,ליטרים,2.00,ליטר,false,,21.90,10.9500,false,1,63787
7290014397835,false,סנו - מט דוחה יתושים נוזלי מכשיר + מילוי 45 לילות,זובאלה,IT,סנומט סמארט 45 לילות,יחידה,0.00,יחידה,false,,29.90,0.0000,true,1,67509
7290014397873,false,מרכך כביסה בבישום עוצמתי ג'נטל בריז,סנו מפעלי ברונוס בעמ,IL,מרכך כביסה סנו מקסימ,ליטרים,4.00,ליטר,false,,21.90,5.4750,false,1,116972
7290014435704,false,סלמון מעושן שמיר 100 גרם,שבעת הימים - שמיר,IL,שמיר-סלמון מעושן 100,גרמים,100.00,100 גרם,false,,21.90,0.2190,true,1,69813
7290014454132,false,לאב ליין וויט דאודורנט ספריי,חלאבין,,דאודורנט ספריי,מיליליטרים,187.00,"100 מ""ל",false,,18.90,0.1011,true,1,63639
7290014454149,false,לאב ליין וויט דאודורנט רול און,חלאבין Halvin,,דאודורנט רול און,מיליליטרים,80.00,"100 מ""ל",false,,16.90,0.2112,true,1,63640
7290014455245,false,גבינת גרנה פדנו משולש 29% 200 גרם בית יוסף,מחלבת סוציאלה מנטובה,IT,גבינת גרנה פדנו משול,גרמים,200.00,100 גרם,false,,25.90,0.1295,true,1,97440
7290014455252,false,גבינה קשה מגורדת גרנה פדנו 29% שומן,מחלבות גד שיווק 1992,IT,גבינת גרנה פדנו מגור,גרמים,100.00,100 גרם,false,,12.60,0.1260,true,1,97441
7290014459137,false,"תפוגן סטייק צ'יפס 1.5 ק""ג אסם","תעשיות תפוגן בע""\מ",IL,סטייק צ'יפס 1.5 קג,קילוגרמים,1.50,"ק""ג",false,,25.90,17.2667,true,1,64942
7290014459373,false,"צ'יפס קראנצ'י לתנור קפוא תפוגן 1.5ק""ג","תעשיות תפוגן בע""\מ",IL,תפוגן צ'יפס קראנצ'י,קילוגרמים,1.50,"ק""ג",false,,24.90,16.6000,true,1,97946
7290014459472,false,"צ'יפס קפוא תפוגן 2 ק""ג כשל""פ","תעשיות תפוגן בע""מ",IL,צ'יפס קלאסי תפוגן 2,קילוגרמים,2.00,"ק""ג",false,,29.90,14.9500,true,1,102113
7290014466128,false,"יין הר חרמון אינדיגו 750 מ""ל",מיוצר וממולא על ידי יקב,IL,הר חרמון אינדיגו 201,מיליליטרים,750.00,"100 מ""ל",false,,29.90,0.0399,false,1,60906
7290014466463,false,"יין הר חרמון מסקטו עברית 750 מ""ל",יקבי רמת הגולן קצרין,IL,ירדן הר חרמון מוסקטו,מיליליטרים,750.00,"100 מ""ל",false,,29.90,0.0399,false,1,65023
7290014466609,false,יין מרלו גמלא 2020 750 מל,יקבי רמת הגולן קצרין,IL,יין גמלא מרלו 2012,מיליליטרים,750.00,"100 מ""ל",false,,50.00,0.0667,true,1,100332
7290014471412,false,"מוזלי בוטנים אגוזים ושקדים 1 ק""ג - 412 ירוק שקדיה","דין שיווק וקלייה בע""",IL,מיזלי בוטנים אגוזים,קילוגרמים,1.00,"ק""ג",false,,18.90,18.9000,true,1,64389
7290014471429,false,"מוזלי עם פירות 1 ק""ג - 429 סגול שקדיה","דין שיווק וקלייה בע""",IL,מיזלי פירות שקדיה 1,קילוגרמים,1.00,"ק""ג",false,,18.90,18.9000,true,1,64390
7290014471443,false,"גרנולה צימוקים אגוזים ושקדים1 ק""ג חדש - 443 כתום שקדיה (כתום)","דין שיווק וקלייה בע""",IL,גרנולה צימוקים ואגוז,קילוגרמים,1.00,"ק""ג",false,,19.90,19.9000,true,1,64933
7290014472990,false,ממרח 100% שקדים שקדיה 300 גרם,ג'\י אנד ג'\י פקאנס בעמ,IL,ממרח שקדים 100%,גרמים,300.00,100 גרם,false,,27.90,0.0930,true,1,67145
7290014501232,false,יין בר הרי גליל לבן 750 מל,יקבי רמת הגולן,IL,הר גליל לבן 2017,מיליליטרים,750.00,"100 מ""ל",false,,31.90,0.0425,true,1,109696
7290014501836,false,"יין יראון יקב הרי הגליל 2018 750 מ""ל",מיוצר וממולא על ידי יקב,IL,יראון 18 עברית,מיליליטרים,750.00,"100 מ""ל",false,,105.00,0.1400,true,1,126734
7290014503137,false,"יין כנען אדום דלתון 750 מ""ל","יקב דלתון בע""\מ",IL,יובלים דלתון אדום,מיליליטרים,750.00,"100 מ""ל",false,,37.50,0.0500,true,1,102437
7290014503144,false,יין כנען לבן דלתון 750 מל,"יקב דלתון בע""\מ",IL,יין יבולים דלתון לבן,מיליליטרים,750.00,"100 מ""ל",false,,37.50,0.0500,true,1,103174
7290014525023,false,חטיף בריאות יוגורט במילוי פירות יער 182ג,סלים דליס Slim Delis,ES,חטיף בריאות במילוי,יחידה,0.00,יחידה,false,,10.90,0.0000,true,1,59458
7290014525290,false,חטיפי סלים דליס קריספי תות מרבה 125 גרם,סלים דליס Slim Delis,NL,מרבה סלים דליס קריספ,גרמים,125.00,100 גרם,false,,10.90,0.0872,true,1,99364
7290014525306,false,חטיפי סלים דליס קריספי אוכמניות מרבה 125 גרם,סלים דליס Slim Delis,NL,מרבה סלים דליס קריספ,גרמים,125.00,100 גרם,false,,10.90,0.0872,true,1,99365
7290014525313,false,חטיפי סלים דליס קריספי שוקולד מרבה 125 גרם,סלים דליס Slim Delis,NL,סלים דליס קריספי שוק,גרמים,125.00,100 גרם,false,,10.90,0.0872,true,1,99827
7290014648081,false,סכיני גילוח חד פעמי לה בלה עשירייה,נינגבי הווארד,CN,סכיני גילוח לה בלה ע,יחידה,0.00,יחידה,false,,9.90,0.0000,true,1,95130
7290014648098,false,סכיני גילוח חד פעמי לה בלה חמישיה,,,סכיני גילוח לה בלה ח,יחידה,0.00,יחידה,false,,9.90,0.0000,true,1,95131
7290014649033,false,שלישיית ספוגי רחצה ע,,IL,שלישיית ספוגי רחצה ע,יחידה,0.00,יחידה,false,,9.90,0.0000,true,1,115451
7290014748590,false,דג טוב מקלוני דגים בציפוי צ'ילי,מוצרי עוף טוב (2001) בע\,IL,מקלוני דגים בציפוי צ,גרמים,600.00,100 גרם,false,,29.90,0.0498,true,1,110966
7290014748613,false,מקלוני דגים בציפוי צ'יפס דג טוב 600 גרם,מוצרי עוף טוב (2001) בע\,IL,מקלוני דגים בציפוי ד,גרמים,600.00,100 גרם,false,,29.90,0.0498,true,1,110967
7290014748651,false,פילה אמנון מצופה נתח שלם דג טוב 360 גרם,מוצרי עוף טוב (2001) בע\,IL,דג טוב פילה אמנון מצ,גרמים,360.00,100 גרם,false,,32.90,0.0914,true,1,110968
7290014749078,false,מקלוני קבנוס עוף טוב 200 גרם,עיצובים 2020 (4.9),IL,מקלוני קבנוס 200 גר,גרמים,200.00,100 גרם,false,,14.90,0.0745,true,1,115444
7290014749245,false,ספיישל רצועות שניצל שומשום עוף טוב 600 גרם,מוצרי עוף טוב (2001) בע\,IL,עוף טוב צונגו רצועות,גרמים,600.00,100 גרם,false,,34.90,0.0582,true,1,117481
7290014749764,false,עוף טוב שניצל עוף ביתי עדין כזה 700 גרם,מוצרי עוף טוב (2001) בע\,IL,עוף טוב שניצל עוף בי,גרמים,700.00,100 גרם,false,,41.90,0.0599,true,1,119117
7290014749849,false,שניצל דק ענק קריספי שומשום עוף טוב 720 גרם,מוצרי עוף טוב (2001) בע\,IL,עוף טוב שניצל דק ענק,גרמים,720.00,100 גרם,false,,37.90,0.0526,true,1,125273
7290014749887,false,שניצל דק ענק קריספי קלאסי עוף טוב 720 גרם,מוצרי עוף טוב (2001) בע\,IL,עוף טוב שניצל דק ענק,גרמים,720.00,100 גרם,false,,37.90,0.0526,true,1,125274
7290014758100,false,מאגדת יוגורט ביו 3% שומן 8 יח' *150ג' תנובה,מיוצר עי קונדיטוריית,IL,מאגדת יוגורט ביו 3%,גרמים,1200.00,100 גרם,false,,16.50,0.0138,true,1,61684
7290014758117,false,מאגדת יוגורט ביו 1.5% שומן 8 יח' *150 ג' תנובה,מיוצר עי קונדיטוריית,IL,מאגדת יוגורט ביו שמי,גרמים,1200.00,100 גרם,false,,16.50,0.0138,true,1,61685
7290014758162,false,חלב עיזים מלא 3.6% קרטון 1 ל' תנובה,תנובה מרכז שיתופי לש,IL,חלב עיזים מלא 3.6%,ליטרים,1.00,ליטר,false,,16.00,16.0000,true,1,63534
7290014758681,false,קוטג תנובה 1% גביע 250 גרם,מיוצר עי קונדיטוריית,IL,קוט'ג 1% תנובה,גרמים,250.00,100 גרם,false,,5.50,0.0220,false,1,61941
7290014759084,false,גבינת שמנת נפוליאון 16% מופחת שומן תנובה 225 גרם,תנובה מרכז שיתופי לש,IL,נפוליאון טבעי 16%,גרמים,225.00,100 גרם,false,,13.90,0.0618,false,1,64985
7290014759237,false,כד יוגורט תנובה 6.5% שומן 3 ליטר,,,יוגורט 6.5% 3 ליטר,ליטרים,3.00,ליטר,false,,31.90,10.6333,false,1,111185
7290014759534,false,גבינה בולגרית למריחה טבעי 5% 200 ג' פיראוס,"תנובה, מחלבת תל יוסף",IL,בולגרית למריחה טבעי,גרמים,200.00,100 גרם,false,,14.90,0.0745,true,1,65887
7290014759909,false,פטה עיזים 5% פיראוס גביע 250 גרם,"תנובה, מחלבת טנא נוג",IL,פטה עיזים 5%,גרמים,250.00,100 גרם,false,,29.50,0.1180,false,1,66724
7290014759978,false,גבינת קצקבל גלעד 27% תנובה 200 גרם,תנובה חלב,IL,גבינת גלעד קשקבל,גרמים,200.00,100 גרם,false,,26.90,0.1345,false,1,65724
7290014759985,false,גבינת פרמזן גבע 23% תנובה 200 גרם,תנובה חלב,IL,גבינת פרמזן 200 גר,גרמים,200.00,100 גרם,false,,24.90,0.1245,false,1,65725
7290014760134,false,"מעדן סויה בטעם וניל תנובה 125 מ""ל",תנובה Alternative,IL,מעדן סויה וניל 1.5%,גרמים,125.00,100 גרם,false,,4.10,0.0328,true,1,108467
7290014760141,false,משקה שקדים תנובה E אלטרנטיב,תנובה Alternative,IL,משקה שקדים טרי 1 ליט,ליטרים,1.00,ליטר,false,,12.60,12.6000,true,1,95471
7290014760448,false,גבינה צהובה גלבוע 400 גרם 22% שומן תנובה,מחלבת בית יצחק,IL,גלבוע 400 גר 22%,גרמים,400.00,100 גרם,false,,24.50,0.0613,false,1,68068
7290014760912,false,פרוסות גבינה 28% שומן 400 ג' גוש חלב,תנובה מרכז שיתופי לש,IL,גוש חלב מהדרין 400 ג,גרמים,400.00,100 גרם,false,,25.90,0.0647,false,1,68069
7290014761056,false,מעדן שוקולד חלב יולו תנובה 123 גרם,מיוצר עי קונדיטוריית,IL,מעדן שוקולד חלב YOLO,גרמים,123.00,100 גרם,false,,4.60,0.0374,false,1,70512
7290014761063,false,מעדן שוקולד מריר יולו תנובה 123 גרם,מיוצר עי קונדיטוריית,IL,מעדן שוקולד מריר YOL,גרמים,123.00,100 גרם,false,,4.60,0.0374,false,1,70513
7290014761070,false,מעדן שוקולד לבן יולו תנובה 123 גרם,מיוצר עי קונדיטוריית,IL,מעדן שוקולד לבן מעול,גרמים,123.00,100 גרם,false,,4.60,0.0374,false,1,70514
7290014761193,false,יוגורט עם פירות יער 1.5% שומן 125 ג' פרילי,תנובה מרכז שיתופי לש,IL,פרילי פירות יער 125,גרמים,125.00,100 גרם,false,,3.60,0.0288,true,1,70985
7290014761414,false,יולו מעדן שכבות שוקולד חלב ולבן 123 גר,מיוצר עי קונדיטוריית,IL,מעדן שכבות שןקולד חל,גרמים,123.00,100 גרם,false,,4.60,0.0374,true,1,70517
7290014761612,false,מעדן שכבות שוקולד מריר ולבן יולו 122 גרם,מיוצר עי קונדיטוריית,IL,יולו שכבות שוקולד מר,גרמים,120.00,100 גרם,false,,4.60,0.0383,false,1,95152
7290014762800,false,מעדן סויה שוקולד גביע 125 גרם אלטרנטיב,תנובה מרכז שיתופי לש,IL,גביע מעדן סויה בטעם,גרמים,125.00,100 גרם,false,,4.10,0.0328,true,1,105974
7290014762831,false,גבינת שמנת נפוליאון 16% עם פלפל חלפיניו תנובה 225 גרם,תנובה מרכז שיתופי לש,IL,נפוליאון חלפיניו,גרמים,225.00,100 גרם,false,,13.90,0.0618,false,1,99470
7290014762909,false,פתיתי מוצרלה השף הלבן 10% תוספת מתנה,"תנובה, מחלבת תל יוסף",IL,פתיתי מוצרלה,גרמים,200.00,100 גרם,false,,17.90,0.0895,false,1,99425
7290014763098,false,קרם גבינת שמנת 5% עם פלפל שום ובצל 200 ג' תנובה,תנובה,IL,קרם גבינת שמנת בניחו,גרמים,200.00,100 גרם,false,,11.90,0.0595,true,1,99402
7290014763272,false,יוגורט סויה BIO לשתייה תות ובננה אלטרנטיב,תות תעשיות מזון (201,IL,משקה סויה ביו עם תות,מיליליטרים,250.00,"100 מ""ל",false,,5.80,0.0232,true,1,100245
7290014763418,false,"כד יוגרט תנובה 4% שומן 1.5 ליטר, מהדרין",תנובה מרכז שיתופי לש,IL,יוגורט 1.5 ליטר תנו,ליטרים,1.50,ליטר,false,,17.50,11.6667,true,1,101060
7290014785069,false,רוטב מירין מתוק לבישול,טעמי אסיה Taste of Asia,CN,"חומץ מירין 250 מ""ל",מיליליטרים,250.00,"100 מ""ל",false,,11.90,0.0476,true,1,69234
7290014785168,false,שיראטקי ג'ל קונג'אק בצורת אטריות,ננטונג דינגבורג סיוי,CN,שירטאקה - אטריות דקו,גרמים,200.00,100 גרם,false,,9.90,0.0495,true,1,69022
7290014785441,false,אטריות ביצים מקצועי 450 גרם,,,אטריות ביצים מקצועי,גרמים,450.00,100 גרם,false,,7.90,0.0176,true,1,105853
7290014789913,false,עוגיות אוראו קרם בטעם וניל מארז 176 גרם,מונדלייז,UA,מארז שלישיית עוגיות,גרמים,528.00,100 גרם,false,,21.90,0.0415,true,1,65021
7290014803213,false,"חומץ יין לבן 5% 500מ""ל",COMTEMP,IL,חומץ יין לבן 5%,מיליליטרים,500.00,"100 מ""ל",false,,13.50,0.0270,true,1,64978
7290014803565,false,צנימים עגולים עם חיטה מלאה 300 גרם,NEWLAT,,צנימים עם חיטה מלאה,גרמים,300.00,100 גרם,false,,11.90,0.0397,true,1,69617
7290014890145,false,גבינת שמנת טבעי 225 גרם יעקובס,גבינות משק יעקבס,IL,גבינת שמנת טבעית,גרמים,225.00,100 גרם,false,,12.90,0.0573,true,1,106174
7290014890152,false,גבינת שמנת זיתים 225 גרם יעקובס,גבינות משק יעקבס,IL,גבינת שמנת זיתים 225,גרמים,225.00,100 גרם,false,,12.90,0.0573,true,1,106729
7290014890169,false,גבינת שמנת שום שמיר 225 גרם יעקובס,גבינות משק יעקבס,IL,גבינת שמנת שום שמיר,גרמים,225.00,100 גרם,false,,12.90,0.0573,true,1,106730
7290014890176,false,ריקוטה סגנון איטלק5% 250,מחלבת משק יעקובס,IL,ריקוטה 250 גר' יעקבס,גרמים,250.00,100 גרם,false,,11.90,0.0476,false,1,115474
7290014890190,false,גבינת מוצרלה כדור 100 גר,מחלבת משק יעקובס,IL,מוצרלה כדור יעקבס 10,גרמים,100.00,100 גרם,false,,10.00,0.1000,false,1,116305
7290014890206,false,קרם פרש 250גרם יעקוב,מחלבת משק יעקובס,IL,קרם פרש 250 גר' יעקב,גרמים,250.00,100 גרם,false,,13.90,0.0556,true,1,114550
7290014890237,false,גבינת קממברט יעקבס 125 גרם,גבינות משק יעקבס,IL,קממברט 125 גר',גרמים,125.00,100 גרם,false,,17.90,0.1432,true,1,104229
7290014890572,false,"יוגורט עיזים משק יעקבס 850 מ""ל",גבינות משק יעקבס,IL,יוגורט עיזים יעקבס,מיליליטרים,850.00,"100 מ""ל",false,,22.90,0.0269,false,1,187707
7290014890589,false,"יוגורט יווני משק יעקבס 850 מ""ל",גבינות משק יעקבס,IL,יוגורט יווני יעקבס,מיליליטרים,850.00,"100 מ""ל",false,,19.90,0.0234,false,1,187708
7290014890596,false,ברי עיזים בייבי משק יעקבס 125 גרם,גבינות משק יעקבס,IL,ברי עיזים בייבי יעקב,גרמים,125.00,100 גרם,false,,21.00,0.1680,true,1,187703
7290014890602,false,קממבר בקר אגוזים משק יעקבס 125 גרם,גבינות יעקבס,IL,קממבר בקר אגוזים יע,גרמים,125.00,100 גרם,false,,17.90,0.1432,false,1,187704
7290014890619,false,ברי עיזים כמהין משק יעקבס 125 גרם,גבינות משק יעקבס,IL,ברי עיזים כמהין ביי,גרמים,125.00,100 גרם,false,,27.50,0.2200,true,1,187705
7290014901896,false,"מי פה סנסודיין מנטה מרענן 500 מ""ל",גלקסוסמיתקליין,GB,סנסודיין מי פה 500 מ,מיליליטרים,500.00,"100 מ""ל",false,,24.90,0.0498,true,1,97109
7290014905160,false,"הפי מטהר אוויר פניני ריח בניחוחות, 130 גרם",יוליניבר,IT,פטריה ריח XL,יחידה,0.00,יחידה,false,,9.90,0.0000,true,1,65396
7290014905207,false,"הג'ל הכחול לניקוי האסלה יעקבי 750 מ""ל",איי פי אס,TR,"W.C אסלות 750 מ""ל",מיליליטרים,750.00,"100 מ""ל",false,,9.90,0.0132,true,1,65348
7290014905689,false,"נוזל כלים הפי מרוכז 24% תפוח 750 מ""ל",יעקובי הפי,IL,"הפי כלים 750 מ""ל ירו",מיליליטרים,750.00,"100 מ""ל",false,,7.90,0.0105,true,1,69768
7290014905696,false,"נוזל כלים הפי מרוכז 24% לימון 750 מ""ל",יעקובי הפי,IL,"הפי כלים 750 מ""ל צהו",מיליליטרים,750.00,"100 מ""ל",false,,7.90,0.0105,true,1,69769
7290014905719,false,הפי לימונית למדיח כלים - מנטרל ריחות רעים,יעקבי - הפי Hepi,IT,הפי לימונית למדיח,יחידה,0.00,יחידה,false,,13.90,0.0000,true,1,70398
7290014907195,false,סטייק טונה אלבקור שקיל,,VN,סטייק טונה בוואקום,קילוגרמים,1.00,"ק""ג",true,,45.90,45.9000,true,1,110330
7290014907386,false,אצבעות אנטריקוט חלק,,,אצבעות אנטריקוט חלק,קילוגרמים,1.00,"ק""ג",true,,59.90,59.9000,true,1,126257
7290014907607,false,אצבעות אנטריקוט,,,אצבעות אנטריקוט,קילוגרמים,1.00,"ק""ג",true,,59.90,59.9000,true,1,126158
7290014907737,false,פילה לברק 7-9 קפוא.,"יאנגגינג סיפורט בע""מ",CN,פילה לברק 7-9,קילוגרמים,1.00,"ק""ג",true,,45.90,45.9000,false,1,110702
7290014910386,false,"קורנישונים במלח 690 גרם ""לינה""",יוניקורן פיקלס,IN,קורנישון במלח 690 גר,גרמים,690.00,100 גרם,false,,9.90,0.0143,true,1,105305
7290014910461,false,"ערק יודה 700 מ""ל כשל",בני בהיג'\ קעואר לתעשייה,IL,ערק יודה,מיליליטרים,700.00,"100 מ""ל",false,,59.90,0.0856,true,1,112072
7290014910515,false,שימורי דגים שפרוטים מעושנים בשמן צמחי 250 גרם,סיא אונדה,LV,שימורי דגים שפרוטים,גרמים,250.00,100 גרם,false,,11.90,0.0476,true,1,106883
7290014940901,false,לחם פשוט מלא אנג'ל 750 גרם,מאפיית שלמה א. אנג'\ל בע,IL,לחם פשוט מלא אנג'ל,מיליליטרים,750.00,"100 מ""ל",false,,13.90,0.0185,true,1,94718
7290014945197,false,שטיחון מיקרופייבר מפ,GUANGDONG,CN,שטיח מיקרופייבר,יחידה,0.00,יחידה,false,,26.90,0.0000,true,1,96202
7290014947047,false,פריכיות כוסמת עם מלח 175 גרם,זן בר המכללה לטבעונו,IL,זן-בר- פריכיות כוסמת,גרמים,160.00,100 גרם,false,,9.90,0.0619,true,1,95201
7290014949751,false,אוטן ג'וניור ג'ל דוחה יתושים לילדים,ג'נרל מילס סאן אדריא,NL,אוטן פמלי קייר ג'ל ד,יחידה,0.00,יחידה,false,,19.90,0.0000,true,1,66542
7290014974562,false,גביעי גלידה רגיל טילון עלמה גילרו 24 יח',"א.ג גילרו בע""מ",IL,גביעים לגלידה גילרו,גרמים,120.00,100 גרם,false,,6.90,0.0575,true,1,104828
7290014974661,false,בצק סוכר כחול,,,בצק סוכר כחול,גרמים,150.00,100 גרם,false,,5.90,0.0393,true,1,110306
7290014974685,false,בצק סוכר ירוק 150 גר,,,בצק סוכר ירוק 150 גר,גרמים,150.00,100 גרם,false,,5.90,0.0393,true,1,110566
7290014974746,false,גילרו בצק סוכר לבן,גילרו,,גילרו בצק סוכר לבן,גרמים,150.00,100 גרם,false,,5.90,0.0393,true,1,110023
7290015005555,false,"צ'יפס אמריקאי 2 ק""ג פרי הגליל","פרי הגליל בע""""מ",IL,"צ'יפס אמריקאי 2 ק""ג",קילוגרמים,2.00,"ק""ג",false,,21.90,10.9500,true,1,69757
7290015025478,false,פנג'ל ק.פנים עור יבש130מ,אינטרקוסמא,IL,קרם פנים לעור יבש 13,מיליליטרים,130.00,"100 מ""ל",false,,32.90,0.2531,true,1,68860
7290015039246,false,נתחי טונה בשמן צמחי רביעיה * 160 ג' וילי פוד,וילי פוד,TH,רביעיה טונה ויליפוד,גרמים,640.00,100 גרם,false,,19.90,0.0311,false,1,68691
7290015039253,false,עלי גפן במי מלח ויליפוד 620 גרם,קוראהן פזלרמה וי דיס,TR,עלי גפן במי מלח,גרמים,620.00,100 גרם,false,,10.60,0.0171,true,1,67958
7290015039338,false,נתחי טונה במי מלח רביעיה * 160 ג' וילי פוד,וילי פוד,TH,רביעיה טונה במים ויל,גרמים,640.00,100 גרם,false,,19.90,0.0311,false,1,68696
7290015039499,false,ויליפוד עוגיות חמאה איטלקיות מובחרות 1ק,טדסקו אס.אר.אל ויה ד,IT,עוגיות איטלקיות מובח,קילוגרמים,1.00,"ק""ג",false,,10.90,10.9000,true,1,94720
7290015129121,false,אטריות קונג'אק בתוספת טפיוקה בצורת נודלס,הוויזאי וואנגייה פוד,CN,סקיני פסטה נודלס,גרמים,270.00,100 גרם,false,,10.90,0.0404,true,1,69387
7290015129145,false,אטריות קונג'אק בתוספת טפיוקה בצורת ספגטי,הוויזאי וואנגייה פוד,CN,סקיני פסטה ספגטי,גרמים,270.00,100 גרם,false,,10.90,0.0404,true,1,69308
7290015129190,true,אברהמסון מארז חמישיי,,,אברהמסון מארז חמישיי,,0.00,,false,,22.90,0.0000,true,1,123063
7290015150583,false,תה ירוק לימון ודבש ויסוצקי 25 יחידות,ויסוצקי ירוק,IL,תה ירוק לימון ודבש ו,מיליליטרים,37.50,"100 מ""ל",false,,24.90,0.6640,false,1,96684
7290015150590,false,תה ירוק ג'ינג'ר חריף ויסוצקי 25 יחידות,ויסוצקי ירוק,IL,תה ירוק ג'ינג'ר חריף,גרמים,37.50,100 גרם,false,,24.90,0.6640,false,1,96685
7290015150903,false,תה ירוק קינמון ודבש ויסוצקי 25 יחידות,ויסוצקי ירוק,IL,תה ירוק קינמון ודבש,יחידה,0.00,יחידה,false,,24.90,0.0000,false,1,100914
7290015155021,false,פרמיו חטיף דנטלי לכלב ננסי 110גרם,רונדו,DE,פרמיו לכלב דנטל מיני,גרמים,110.00,100 גרם,false,,10.00,0.0909,true,1,108003
7290015155427,false,פרמיו עוף וכבד לחתול,פרמיו Premio,AU,פרמיו עוף וכבד 15 גר,גרמים,15.00,100 גרם,false,,7.00,0.4667,true,1,189364
7290015155434,false,פרמיו סלמון ופורל 15 ג',,AU,פרמיו סלומון ופורל 1,גרמים,15.00,100 גרם,false,,7.00,0.4667,true,1,189365
7290015172011,false,דים סאם גיוזה עוף 300 גרם,דים סאם,,דים סאם גיוזה עוף,גרמים,300.00,100 גרם,false,,29.90,0.0997,true,1,97753
7290015172097,false,דים סאם גיוזה בקר 300 גרם,דים סאם מטבח מרכזי כ,IL,דים סאם גיוזה בקר,גרמים,300.00,100 גרם,false,,29.90,0.0997,true,1,97757
7290015172219,false,גיוזה עוף פטריות ופקאן,דים סאם,,דים סאם -גיוזה עוף פ,גרמים,300.00,100 גרם,false,,29.90,0.0997,true,1,126954
7290015172264,false,"מארז 8 לחמניות באן כפפה ""דים דאם""",דים סאם,,לחמניות באן מאודות,גרמים,400.00,100 גרם,false,,31.90,0.0797,true,1,187717
7290015178273,false,רוטב מרינדה לעוף בגריל אוליביה 270 גר,אוליביה,IL,רוטב מרינדה על האש א,גרמים,320.00,100 גרם,false,,13.90,0.0434,true,1,190227
7290015306744,false,קמח חומוס 500 גרם,העידן האורגני,IL,קמח חומוס 500 גר',גרמים,500.00,100 גרם,false,,15.90,0.0318,true,1,106088
7290015324007,false,פלפל שחור גרוס 80 גר' טעם וריח,"תבליני טעם וריח בע""מ",IL,פלפל שחור גרוס 80 גר,גרמים,80.00,100 גרם,false,,9.50,0.1188,true,1,66686
7290015324014,false,"פלפל שחור טחון בשקית 80 גרם ""טעם וריח""","תבליני טעם וריח בע""מ",IL,פלפל שחור טחון 80 גר,גרמים,80.00,100 גרם,false,,9.50,0.1188,true,1,66687
7290015324038,false,פפריקה מתוקה בשמן 100 גרם טעם וריח,"תבליני טעם וריח בע""מ",IL,פפריקה בשמן 80 גר שק,גרמים,80.00,100 גרם,false,,5.90,0.0738,true,1,66688
7290015324045,false,תבלין פפריקה חריפה 80 גר' שק',"תבליני טעם וריח בע""מ",IL,פפריקה חריפה שקית 80,גרמים,80.00,100 גרם,false,,5.90,0.0738,true,1,66689
7290015324052,false,פפריקה מתוקה 80 גר' טעם וריח,"תבליני טעם וריח בע""מ",IL,פפריקה מתוקה שקית 80,גרמים,80.00,100 גרם,false,,5.90,0.0738,true,1,66690
7290015324069,false,גריל עוף 80 גר' טעם וריח,"תבליני טעם וריח בע""מ",IL,גריל עוף שקית 80 גר,גרמים,80.00,100 גרם,false,,5.90,0.0738,true,1,66691
7290015324076,false,זעתר מעורב 80 גר' טעם וריח,"תבליני טעם וריח בע""מ",IL,זעתר שקית 80 גר,גרמים,80.00,100 גרם,false,,5.90,0.0738,true,1,66692
7290015324083,false,מלח לימון 80 גר' טעם וריח,"תבליני טעם וריח בע""מ",IL,מלח לימון שקית 80 גר,גרמים,80.00,100 גרם,false,,5.90,0.0738,true,1,66693
7290015324090,false,כמון טחון 80 גר' טעם וריח,"תבליני טעם וריח בע""מ",IL,כמון שקית 80 גר,גרמים,80.00,100 גרם,false,,5.90,0.0738,true,1,66694
7290015324106,false,כורכום טחון 80 גר' טעם וריח,"תבליני טעם וריח בע""מ",IL,כורכום שקית 80 גר,גרמים,80.00,100 גרם,false,,5.90,0.0738,true,1,66695
7290015324113,false,טעם וריח בהרט שקית 8,"תבליני טעם וריח בע""מ",IL,בהרט שקית 80 גר,גרמים,80.00,100 גרם,false,,5.90,0.0738,true,1,66696
7290015324120,false,שום גבישי 80 גר' טעם וריח,"תבליני טעם וריח בע""מ",IL,שום גבישי שקית 80 גר,גרמים,80.00,100 גרם,false,,5.90,0.0738,true,1,66697
7290015324151,false,חוואיג' למרק 80 גר' טעם וריח,"תבליני טעם וריח בע""מ",IL,חוויאג למרק 80 גר שק,גרמים,80.00,100 גרם,false,,5.90,0.0738,true,1,66698
7290015324168,false,שק 80 גרם על האש ללא מונוסטדיום,"תבליני טעם וריח בע""מ",IL,תבלין על האש שקית 80,גרמים,80.00,100 גרם,false,,5.90,0.0738,true,1,66699
7290015324175,false,תיבול לשווארמה 80 גר' טעם וריח,"תבליני טעם וריח בע""מ",IL,תבלין לשווארמה 80 גר,גרמים,80.00,100 גרם,false,,5.90,0.0738,true,1,66700
7290015324281,false,"בצל מטוגן שקית 200 גרם""טעם וריח""",תות תעשיות מזון (201,NL,בצל מטוגן שקית 200,גרמים,200.00,100 גרם,false,,9.50,0.0475,true,1,103883
7290015324427,false,סודה לשתיה טעם וריח 80 גר',"תבליני טעם וריח בע""מ",IL,סודה לשתיה שקית 80 ג,גרמים,80.00,100 גרם,false,,3.90,0.0487,true,1,106793
7290015324519,false,תערובת לפיצה שקית 80 גרם,"תבליני טעם וריח בע""מ",IL,תערובת לפיצה שקית 80,גרמים,80.00,100 גרם,false,,5.90,0.0738,true,1,115688
7290015324526,false,תערובת תיבול לפרגיות 80 גרם,"תבליני טעם וריח בע""מ",IL,תערובת תיבול לפרגיות,גרמים,80.00,100 גרם,false,,5.90,0.0738,true,1,115689
7290015324533,false,רוזמרין מיכל גדול 55 גרם,"תבליני טעם וריח בע""מ",IL,רוזמרין מיכל גדול 5,גרמים,55.00,100 גרם,false,,9.50,0.1727,true,1,115690
7290015324540,false,טימין מיכל גדול 30 גרם,"תבליני טעם וריח בע""מ",IL,טימין מיכל גדול 30 ג,גרמים,30.00,100 גרם,false,,9.50,0.3167,true,1,115691
7290015324557,false,בהרט לבישול מיכל גדול 80 גרם,"תבליני טעם וריח בע""מ",IL,בהרט לבישול מיכל גדו,גרמים,80.00,100 גרם,false,,9.50,0.1188,true,1,115692
7290015324564,false,בכוסברה טחונה מיכל גדול 70 גרם,"תבליני טעם וריח בע""מ",IL,כוסברה טחונה מיכל גד,גרמים,70.00,100 גרם,false,,9.50,0.1357,true,1,115693
7290015324571,false,פפריקה מתוקה בשמן בסגנון מרוקאי 400 גרם,"תבליני טעם וריח בע""\מ",IL,פפריקה מתוקה בשמן בס,גרמים,400.00,100 גרם,false,,18.90,0.0472,true,1,117512
7290015324588,false,תבליני טעם וריח מיכל גדו,"תבליני טעם וריח בע""מ",IL,פלפל לבן טחון 100 גר,גרמים,100.00,100 גרם,false,,12.90,0.1290,true,1,124932
7290015324595,false,פלפל שחור גרוס 400 גרם,,,פלפל שחור גרוס 400 ג,גרמים,400.00,100 גרם,false,,25.90,0.0647,true,1,120084
7290015324656,false,זעפרן ספרדי יחידה0.5,"תבליני טעם וריח בע""מ",ES,תבלין זעפרן 0.5 גרם,גרמים,0.50,100 גרם,false,,19.90,39.8000,true,1,121968
7290015324663,false,צ'ילי גרוס חריף אש טעם ו,"תבליני טעם וריח בע""מ",IL,צ'ילי גרוס חריף במיכ,גרמים,70.00,100 גרם,false,,9.50,0.1357,true,1,123567
7290015324670,false,מטחנת פלפל שחור שלם 50 ג' טעם וריח,קייפ הרב אנד ספייס,ZA,מטחנת פלפל שחור שלם,גרמים,50.00,100 גרם,false,,12.90,0.2580,true,1,187828
7290015324687,false,מטחנת לקט פלפל 50 ג' טעם וריח,קייפ הרב אנד ספייס,ZA,מטחנת לקט פלפל,גרמים,50.00,100 גרם,false,,12.90,0.2580,true,1,187829
7290015324717,false,"מחית שום `טעם וריח, 210 גרם",ליני קאטייאמה פודסטאפס ב,CN,מחית שום טעם וריח,גרמים,210.00,100 גרם,false,,13.90,0.0662,true,1,187832
7290015324724,false,מחית צ`ילי חריף `טעם וריח' 230 גרם,ליני קאטייאמה פודסטאפס ב,CN,מחית צ'ילי חריף טעם,גרמים,230.00,100 גרם,false,,13.90,0.0604,true,1,187833
7290015324731,false,"מחית ג`ינג`ר `טעם וריח', 210 גרם",ליני קאטייאמה פודסטאפס ב,CN,מחית ג'נג'ר טעם וריח,גרמים,210.00,100 גרם,false,,13.90,0.0662,true,1,187834
7290015324748,false,"מחית שום וג`ינגר `טעם וריח', 210 גרם",ליני קאטייאמה פודסטאפס ב,CN,מחית שום ג'נג'ר טעם,גרמים,210.00,100 גרם,false,,13.90,0.0662,true,1,187835
7290015340236,false,ממרח שקד ללא סוכר 30,יושלם,,ממרח שקד ללא סוכר 30,גרמים,300.00,100 גרם,false,,31.90,0.1063,true,1,69664
7290015340281,false,קמח שקדים ללא גלוטן 500 גרם,"העידן האורגני בע""מ",,קמח שקדים ללא גלוטן,גרמים,400.00,100 גרם,false,,26.90,0.0672,true,1,69935
7290015340434,false,"שמן אבוקדו 500 מ""ל",,,"שמן אבוקדו 500 מ""ל",מיליליטרים,500.00,"100 מ""ל",false,,49.90,0.0998,true,1,96683
7290015395045,false,"קינואה בשקית שקדיה 400 גרם בד""ץ","שקדיה גבע תעשיות בע""",IL,קינואה 400 גרם שקדיה,גרמים,400.00,100 גרם,false,,9.90,0.0248,true,1,94276
7290015470384,false,קרם ידיים מטפח אינטנסיב מועשר בשמן שקדים,אינטרקוסמא,IL,פנג'ל קרם ידיים מועש,מיליליטרים,100.00,"100 מ""ל",false,,12.90,0.1290,true,1,96806
7290015470391,false,קרם ידיים מועשר בשמן זית לעור רגיל עד יבש,אינטרקוסמא,IL,פנג'ל קרם ידיים מועש,מיליליטרים,100.00,"100 מ""ל",false,,12.90,0.1290,true,1,96807
7290015493192,false,"נביעות +רכיבי פרי אבטיח 500 מ""ל","נביעות טבע הגליל בע""",IL,נביעות פלוס אבטיח 0.,מיליליטרים,500.00,"100 מ""ל",false,,6.00,0.0120,true,1,110079
7290015597326,false,מאגדת קרחוני אייס לייט 3 טעמים 260 גר,"גלידת שטראוס בע""\מ, רחוב",IL,מאגדת שלגונים אסקימו,יחידה,0.00,יחידה,false,,25.90,0.0000,true,1,98128
7290015644297,false,שישיית לחמניות פשוט מלא אנג'ל 450 גרם,מאפיית שלמה א. אנג'\ל בע,IL,לחמניות פשוט מלא 6 י,גרמים,450.00,100 גרם,false,,11.90,0.0264,true,1,103647
7290015652254,false,גרעיני חמניה קלויים 400 גרם ששון הקלה,"דין שיווק וקלייה בע""",IL,גרעינים שחורים ששון,גרמים,400.00,100 גרם,false,,10.00,0.0250,true,1,95361
7290015652261,false,בוטנים קלויים ששון הקולה 350 גרם,"דין שיווק וקלייה בע""",IL,בוטנים קלויים ששון ה,גרמים,300.00,100 גרם,false,,10.00,0.0333,true,1,95352
7290015652278,false,תערובת פיצוחים ששון הקולה 300 גרם,"דין שיווק וקלייה בע""",IL,תערובת פיצוחים ששון,גרמים,250.00,100 גרם,false,,20.00,0.0800,true,1,96434
7290015652285,false,אגוזים קלופים ששון הקולה 250 גרם,"שקדיה גבע תעשיות בע""",IL,אגוזים קלופים ששון ה,גרמים,250.00,100 גרם,false,,20.00,0.0800,true,1,186641
7290015652292,false,קבוקים עם שומשום ששון הקולה 400 גרם,"דין שיווק וקלייה בע""",IL,קבוקים 400 גרם,גרמים,400.00,100 גרם,false,,10.00,0.0250,true,1,96621
7290015652308,false,מנצ'ס ששון הקולה 400 גרם,"דין שיווק וקלייה בע""",,מנצ'ס ששון הקולה,גרמים,300.00,100 גרם,false,,10.00,0.0333,true,1,95362
7290015652315,false,חמוציות מסוכרות ששון הקולה 300 גרם,"דין שיווק וקלייה בע""",IL,חמוציות מסוכרים 300,גרמים,300.00,100 גרם,false,,10.00,0.0333,true,1,98496
7290015652322,false,בוטנים אמריקאיים מצופים 400 גר ששון הקלה,"דין שיווק וקלייה בע""",IL,בוטן אמריקאי 400 גר',גרמים,400.00,100 גרם,false,,10.00,0.0250,true,1,96622
7290015652407,false,פיסטוק קלוי ששון הקולה 250 גרם,"דין שיווק וקלייה בע""",IL,פיסטוק 250 גרם,גרמים,250.00,100 גרם,false,,20.00,0.0800,true,1,99114
7290015663021,false,תבלין ראס אל חנות,נווה תבלין,,תבלין ראס אל חנות,גרמים,100.00,100 גרם,false,,8.40,0.0840,true,1,70306
7290015670418,false,עוגיות מרסי חמאה ורי,קונדיטוריה מרסי,IL,מרקסי- עוגיות אלפחור,יחידה,0.00,יחידה,false,,27.90,0.0000,true,1,109357
7290015670456,false,עוגיות רולדה תמר+אגוז280,קונדיטוריה מרסי,IL,מרקסי- עוגיות תמרים,יחידה,0.00,יחידה,false,,27.90,0.0000,true,1,109358
7290015670463,false,עוגיות מרסי חמאה שוק,קונדיטוריה מרסי,IL,עוגיות שוקולד צ'יפס,גרמים,240.00,100 גרם,false,,27.90,0.1162,true,1,109457
7290015670470,false,עוג.סהרוני שקד חמאה240ג,קונדיטוריה מרסי,IL,עוגיות סהרוני שקד חמ,גרמים,240.00,100 גרם,false,,27.90,0.1162,true,1,109458
7290015699730,false,סבון דה מארסיי יעקבי 1.5 ליטר *חדש-,יעקובי הפי,BE,סבון רצפות דה מרסיי,ליטרים,1.50,ליטר,false,,11.90,7.9333,true,1,99109
7290015733205,false,תרכובת מזון לתינוקות חלבי שלב 1 אקסטרה קר מהדרין,נסטלה,IL,מטרנה אקסטרא קייר מה,גרמים,700.00,100 גרם,false,,59.90,0.0856,false,1,118314
7290015733427,false,מטרנה דייסת גם וגם וניל פרו12*300ג 2019,מולינו ניקולי s.p.a,IL,מטרנה דייסת גם וגם ו,גרמים,300.00,100 גרם,false,,24.00,0.0800,false,1,117474
7290015733441,false,מטרנה דייסת גם וגם דגנים פרו 300 גר',מטרנה תעשיות ש.מ,IL,מטרנה דייסת גם וגם ד,גרמים,300.00,100 גרם,false,,24.00,0.0800,false,1,117475
7290015753203,false,מטליות לניקוי כללי מיקרופייבר חמישייה,,IL,סומו- מטליות לניקוי,יחידה,0.00,יחידה,false,,6.90,0.0000,true,1,102526
7290015753210,false,מטליות מיקרופייבר לריצפה שלישייה,,IL,סומו- מטליות לרצפה 3,יחידה,0.00,יחידה,false,,13.90,0.0000,true,1,102527
7290015753227,false,מגב קליק (פטנט) 50,,,מגב קליק 50+מקל,יחידה,0.00,יחידה,false,,28.90,0.0000,true,1,101524
7290015753753,true,מפות שולחן עבות במיו,,,מפות שולחן עבות במיו,,0.00,,false,,6.50,0.0000,true,1,123105
7290015759007,false,נר נשמה 24 שעות פח כ,,,נר נשמה 24 שעות בפח,יחידה,0.00,יחידה,false,,1.80,0.0000,true,1,190585
7290015781008,false,"יין VISION מרלו אדום טפרברג 750 מ""ל","יקב טפרברג 1870 בע""מ",IL,יין מרלו VISION טפרב,מיליליטרים,750.00,"100 מ""ל",false,,39.90,0.0532,true,1,95664
7290015781015,false,"יין VISION מלבק טפרברג 750 מ""ל","יקב טפרברג 1870 בע""מ",IL,יין מלבק VISION טפרב,מיליליטרים,750.00,"100 מ""ל",false,,39.90,0.0532,true,1,95665
7290015781053,false,"יין VISION לבן יבש טפרברג 750 מ""ל","יקב טפרברג 1870 בע""מ",IL,יין לבן יבש VISION ט,מיליליטרים,750.00,"100 מ""ל",false,,39.90,0.0532,true,1,95667
7290015781091,false,"יין VISION קברנה סוביניון טפרברג 750 מ""ל","יקב טפרברג 1870 בע""מ",IL,יין קברנה סוביניון V,מיליליטרים,750.00,"100 מ""ל",false,,39.90,0.0532,true,1,95668
7290015781114,false,"יין IMPRESSION מרלו טפרברג 750 מ""ל","יקב טפרברג 1870 בע""מ",IL,יין מרלו אימפריישן ט,מיליליטרים,750.00,"100 מ""ל",false,,49.90,0.0665,true,1,95591
7290015781121,false,"יין IMPRESSION קברנה סוביניון יבש טפרברג 750 מ""ל","יקב טפרברג 1870 בע""מ",IL,יין קברנה סוביניון א,מיליליטרים,750.00,"100 מ""ל",false,,49.90,0.0665,true,1,95592
7290015781169,false,"יין IMPRESSION קברנה סוביניון חצי יבש טפרברג 750 מ""ל","יקב טפרברג 1870 בע""מ",IL,יין קברנה סוביניון ח,מיליליטרים,750.00,"100 מ""ל",false,,49.90,0.0665,true,1,95595
7290015781299,false,"יין VISION שיראז אדום טפרברג 750 מ""ל","יקב טפרברג 1870 בע""מ",IL,יין שיראז VISION טפר,מיליליטרים,750.00,"100 מ""ל",false,,39.90,0.0532,true,1,95669
7290015793469,false,"קרם להקלה בגירוי, צריבה ותפרחת חיתולים לעור רגיש",אורה קרם,IL,קרם לתינוק 90 גר' שפ,גרמים,90.00,100 גרם,false,,17.90,0.1989,true,1,122021
7290015804400,false,עגבניות מרוסקות טל 250 גרם,טל וטרי,IL,עגבניות מרוסקות 250,גרמים,250.00,100 גרם,false,,3.20,0.0128,false,1,98484
7290015821483,false,נרות חנוכה מקושטים לא נוטפים.,,CN,נרות חנוכה,יחידה,0.00,יחידה,false,,3.50,0.0000,true,1,186368
7290015839105,true,"שטרודל תפ""א ובטטה",,,"שטרודל תפ""א ובטטה",,0.00,,false,,26.90,0.0000,true,1,123117
7290015858106,false,"ממרח פסטו ביתי 180 גרם ""עללחם""","מדשא תעשיות מזון בע""\מ",IL,פסטו ביתי מצונן,גרמים,180.00,100 גרם,false,,15.90,0.0883,true,1,105762
7290015858113,false,"ממרח עגבניות מיובשות 180 גרם ""טריטרי""","מדשא תעשיות מזון בע""\מ",IL,ממרח עגבניות מיובשות,גרמים,180.00,100 גרם,false,,15.90,0.0883,true,1,105763
7290015858144,false,ממרח ארטישוק עללחם 180 גרם,"מדשא תעשיות מזון בע""\מ",IL,ממרח ארטישוק מצונן,גרמים,180.00,100 גרם,false,,15.90,0.0883,true,1,105766
7290015858151,false,ממרח שום עללחם 180 גרם,מדשא תעשיות מזון בעמ,IL,ממרח שום מצונן,גרמים,180.00,100 גרם,false,,15.90,0.0883,true,1,105767
7290015858175,false,ממרח פלפלים קלויים עללחם 180 גרם,"מדשא תעשיות מזון בע""\מ",IL,ממרח פלפלים קלויים מ,גרמים,180.00,100 גרם,false,,15.90,0.0883,true,1,105769
7290015858229,false,"טפנד זיתי קלמטה 180 גרם ""עללחם""","מדשא תעשיות מזון בע""\מ",IL,טפנד זיתי קלמטה מצונ,גרמים,180.00,100 גרם,false,,15.90,0.0883,true,1,105772
7290015858243,false,ממרח צימיצורי עללחם 180 גרם,"מדשא תעשיות מזון בע""\מ",IL,צ'ימיצ'ורי מצונן,גרמים,180.00,100 גרם,false,,15.90,0.0883,true,1,105773
7290015858328,false,עללחם ממרח איולי פסטו 295 גרם,"מדשא תעשיות מזון בע""\מ",IL,איולי פסטו,גרמים,295.00,100 גרם,false,,15.90,0.0539,true,1,190747
7290015858427,false,שלישיית ממרחים שמאפשרת לגוון עללחם 240 גרם,מדשא תעשיות מזון,IL,מארז עללחם,גרמים,240.00,100 גרם,false,,21.90,0.0912,true,1,189563
7290015858434,false,שום כתוש עללחם 250 גרם,מדשא תעשיות מזון בעמ,IL,שום כתוש 250 גר על ה,גרמים,250.00,100 גרם,false,,14.50,0.0580,true,1,115915
7290015858441,false,עללחם ממרח איולי פלפלים 295 גרם,"מדשא תעשיות מזון בע""\מ",IL,איולי פלפלים,גרמים,295.00,100 גרם,false,,15.90,0.0539,true,1,190744
7290015858687,false,עללחם ממרח איולי שום 295 גרם,"מדשא תעשיות מזון בע""\מ",IL,איולי שום,גרמים,295.00,100 גרם,false,,15.90,0.0539,true,1,190745
7290015859004,false,בכור עירית,,,עירית,יחידה,0.00,יחידה,false,,5.50,0.0000,true,1,97091
7290015859028,false,תרד ניו זילנדי בקופס,חקלאי,IL,תרד ניו זילנד,יחידה,0.00,יחידה,false,,11.90,0.0000,true,1,97080
7290015859042,false,בכור לבבות קיסר,חקלאי,IL,לבבות קיסר,יחידה,0.00,יחידה,false,,11.90,0.0000,true,1,97082
7290015859059,false,עלי רומית,,,עלי רומית,יחידה,0.00,יחידה,false,,9.90,0.0000,true,1,97083
7290015859066,false,אורגנו,,,אורגנו,יחידה,0.00,יחידה,false,,5.50,0.0000,true,1,97092
7290015859073,false,רוזמרין,,,רוזמרין,יחידה,0.00,יחידה,false,,5.50,0.0000,true,1,97093
7290015859080,false,קורנית- טימין,חקלאי,IL,קורנית,יחידה,0.00,יחידה,false,,5.50,0.0000,true,1,97094
7290015859103,false,מרווה,,,מרווה,יחידה,0.00,יחידה,false,,5.50,0.0000,true,1,97096
7290015859110,false,סורל/חמציץ,,,סורל/חמציץ,יחידה,0.00,יחידה,false,,10.90,0.0000,true,1,97097
7290015859127,false,רוקולה,,,רוקולה,יחידה,0.00,יחידה,false,,10.90,0.0000,true,1,97098
7290015859202,false,בכור בזיליקום,עטרה,,בזיליקום,יחידה,0.00,יחידה,false,,5.50,0.0000,true,1,97101
7290015859219,false,בכור בזיליקום סלסלה,,,בזיליקום,יחידה,0.00,יחידה,false,,10.90,0.0000,true,1,97102
7290015859233,false,בכור קייל ירוק,,,קייל ירוק,יחידה,0.00,יחידה,false,,10.90,0.0000,true,1,97103
7290015859257,false,תרד תורכי,,,תרד תורכי,יחידה,0.00,יחידה,false,,9.90,0.0000,true,1,97088
7290015859271,false,עלי רוקט,,,עלי רוקט,יחידה,0.00,יחידה,false,,9.90,0.0000,true,1,97105
7290015859288,false,בכור עלי בייבי,,,עלי בייבי,יחידה,0.00,יחידה,false,,9.90,0.0000,true,1,97106
7290015859301,false,מכור חסה מסולסלת\משי,,,חסה מסולסלת/משי,יחידה,0.00,יחידה,false,,10.90,0.0000,true,1,97089
7290015859325,false,בכור פקצ'וי,,,פקצ'וי,יחידה,0.00,יחידה,false,,12.90,0.0000,true,1,97575
7290015859394,false,אנדיב לבן,,,אנדיב לבן,יחידה,0.00,יחידה,false,,15.90,0.0000,true,1,124422
7290015859400,false,נבטי צנונית,,,נבטי צנונית,יחידה,0.00,יחידה,false,,9.90,0.0000,true,1,100796
7290015859455,false,נבטי אלפלפא,,,נבטי אלפלפא,יחידה,0.00,יחידה,false,,6.90,0.0000,true,1,100798
7290015859462,false,נבטי חמניה,,,נבטי חמניה,יחידה,0.00,יחידה,false,,8.90,0.0000,true,1,100649
7290015859479,false,נבטים סיניים,חקלאי,IL,נבטים סיניים,יחידה,0.00,יחידה,false,,6.90,0.0000,true,1,100650
7290015859486,false,מיקס נבטוטים,חקלאי,IL,מיקס נבטוטים,יחידה,0.00,יחידה,false,,9.90,0.0000,true,1,100817
7290015859493,false,חסה באטר קראנץ 300 ג,,,חסה באטר קראנץ 300 ג,גרמים,300.00,100 גרם,false,,10.90,0.0363,true,1,103335
7290015859509,false,בכור סלנובה מהדרין,חקלאי,IL,חסה סלנובה,יחידה,0.00,יחידה,false,,10.90,0.0000,true,1,102899
7290015859561,false,בייבי תרד משק בכור,,,בייבי תרד משק בכור,יחידה,0.00,יחידה,false,,11.90,0.0000,true,1,191160
7290015859806,false,חסה לאליק,,,חסה לאליק,יחידה,0.00,יחידה,false,,10.90,0.0000,true,1,124730
7290015859905,false,נבטי עדשים,,,נבטי עדשים,יחידה,0.00,יחידה,false,,8.90,0.0000,true,1,123209
7290015859912,false,נבטי אפונה,,,נבטי אפונה,יחידה,0.00,יחידה,false,,9.90,0.0000,true,1,123204
7290015951227,false,"יין גמלא השמורה סירה 2021 750 מ""ל",מיוצר וממולא על ידי יקב,IL,יין גמלא סירה 2017,100 מל,750.00,100 מל,false,,59.90,0.0799,true,1,121309
7290015951616,false,"יין סנגובזה גמלא 2019 750 מ""ל",יקבי רמת הגולן,,גמלא סנג'ובזה 2015,מיליליטרים,750.00,"100 מ""ל",false,,54.90,0.0732,true,1,107017
7290015951869,false,"יין הר חרמון רוזה 750 מ""ל",מיוצר וממולא על ידי יקב,IL,הר חרמון רוזה עברית,מיליליטרים,750.00,"100 מ""ל",false,,29.90,0.0399,true,1,109690
7290015968393,false,נשכן בננה מ.שיניים נובי,LTD E.L.CO,CN,נשכן בננה מברשת שיני,יחידה,0.00,יחידה,false,,36.90,0.0000,true,1,105451
7290015968584,false,נר נשמה 24 שעות - נרות חסידים,,,נר נשמה 24 שעות,יחידה,0.00,יחידה,false,,1.90,0.0000,true,1,191133
7290015983006,false,שדות בר חסה רומית,חקלאי,IL,חסה רומית שדות בר,קילוגרמים,1.00,"ק""ג",true,,30.00,30.0000,true,1,94417
7290015983013,false,שדות בר חסה אייסנברג,,,חסה אייסברג שדות בר,קילוגרמים,1.00,"ק""ג",true,,30.00,30.0000,true,1,94765
7290015983075,false,בצל ירוק שטוף שדות ב,חקלאי,IL,בצל ירוק שטוף שדות ב,קילוגרמים,1.00,"ק""ג",true,,30.00,30.0000,true,1,95921
7290015983099,false,שדות בר גבעולי סלרי,,,גבעולי סלרי שדות בר,קילוגרמים,1.00,"ק""ג",true,,30.00,30.0000,true,1,105993
7290015983129,false,שדות בר פלפלונים,חקלאי,IL,פלפל סווויט בייט,קילוגרמים,1.00,"ק""ג",true,,30.00,30.0000,true,1,111696
7290015983143,false,שדות בר מלפפון בייבי,שדות בר,IL,מלפפון בייבי שדות בר,קילוגרמים,1.00,"ק""ג",true,,30.00,30.0000,true,1,111706
7290015996983,false,סוכרלוז סוכרזית 0 קלוריות 100 שקיות,ביסקול בעn,IL,סוכרלוז ממתיק 100 שק,גרמים,100.00,100 גרם,false,,27.90,0.2790,true,1,109669
7290016006025,false,שוופס סודה 0.50 ליטר בקבוק,יפאורה תבורי בעמ,IL,שוופס סודה 0.5 ליטר,מיליליטרים,500.00,"100 מ""ל",false,,3.00,0.0060,true,1,100187
7290016006292,false,נקטר מנגו בננה מלון קרטונית 1 ל' ספרינג,יפאורה שותפות מובגלת לשיווק,IL,ספרינג מנגו בננה מלו,ליטרים,1.00,ליטר,false,,6.90,6.9000,false,1,99241
7290016006339,false,מים מינרלים - מארז רביעייה,"מופק ממקור בזלתי עדן ,1",IL,רביעייה מי עדן 1 ליט,ליטרים,4.00,ליטר,false,,10.00,2.5000,false,1,99733
7290016006346,false,שוופס סודה 0.5 ליטר מארז שישייה,יפאורה שותפות מובגלת לשיווק,IL,שישייה סודה שוופס 0.,ליטרים,3.00,ליטר,false,,14.90,4.9667,true,1,98703
7290016035025,false,לחם פשתן 450 גרם (טרי) דל פחמימות,מאפית ביכורים,IL,לחם פשתן פרוס מזרעי,גרמים,450.00,100 גרם,false,,23.90,0.0531,true,1,112669
7290016080551,false,מתבל עגבניות אורגני 580 גרם היינץ,ה.י. היינץ,NL,מתבל עגבניות אורגני,גרמים,580.00,100 גרם,false,,16.90,0.0291,true,1,102201
7290016096491,false,נתחי טונה בהירה בשמן צמחי שלישיה *80ג' פילטונה,תעשיות פילטונה,IL,שלישיית פיל טונה בשמ,גרמים,168.00,100 גרם,false,,10.90,0.0649,true,1,106163
7290016096507,false,טונה בשמן קנולה80*3 גרם,תעשיות פילטונה,IL,שלישיית טונה קנולה פ,גרמים,168.00,100 גרם,false,,10.90,0.0649,true,1,106164
7290016096675,false,שלישיה פיל טונה בשמן,,IL,שלישיה פיל טונה בשמן,גרמים,168.00,100 גרם,false,,12.90,0.0768,false,1,114638
7290016096811,false,רביעיית ממרח טונה פילטונה 160 גר'*4,תעשיות פילטונה,IL,ממרח טונה רביעיה פיל,גרמים,640.00,100 גרם,false,,19.90,0.0311,false,1,121640
7290016114300,false,נייר טואלט דו שכבתי אורך כפול לבן לילי 16 גלילים,לילי נייר טואלט חוגלה,IL,נייר טואלט לילי לבן,יחידה,0.00,יחידה,false,,37.90,0.0000,false,1,101354
7290016136692,false,משחת שיניים הגנה משולשת מנטה מרענן- שלישייה,גלקסוסמיתקליין,SK,משחת שיניים אקווה פר,מיליליטרים,300.00,"100 מ""ל",false,,19.90,0.0663,true,1,100739
7290016136708,false,משחת שיניים הגנה משולשת מנטה עדין- שלישייה,גלקסוסמיתקליין,SK,משחת שיניים אקווה פר,מיליליטרים,300.00,"100 מ""ל",false,,19.90,0.0663,true,1,100740
7290016144000,false,"קמח חיטה מלאה נפלאות 80% 1 ק""ג","קמח מלכים בע""\מ",IL,קמח חיטה 80% נפלאות,קילוגרמים,1.00,"ק""ג",false,,8.90,8.9000,true,1,123722
7290016144017,false,"קמח מלא נפלאות 100% ללא ניפוי 1 ק""ג",קמח מלכים,IL,קמח חיטה מלא 100% נפ,קילוגרמים,1.00,"ק""ג",false,,8.90,8.9000,true,1,123549
7290016144024,false,"קמח כוסמין מלא נפלאות 100% 1 ק""ג","קמח מלכים בע""מ",IL,קמח נפלאות כוסמין מל,קילוגרמים,1.00,"ק""ג",false,,14.90,14.9000,true,1,123006
7290016144031,false,קמח חיטה לבן מנופה נפלאות,קמח מלכים,IL,קמח חיטה לבן מנופה 1,קילוגרמים,1.00,"ק""ג",false,,6.90,6.9000,true,1,123720
7290016144048,false,"קמח כוסמין לבן נפלאות 1 ק""ג","קמח מלכים בע""מ",IL,קמח נפלאות כוסמין לב,קילוגרמים,1.00,"ק""ג",false,,14.90,14.9000,true,1,123007
7290016144055,false,"קמח כוסמין נפלאות 80% 1 ק""ג",קמח מלכים,IL,קמח נפלאות כוסמין בה,קילוגרמים,1.00,"ק""ג",false,,14.90,14.9000,true,1,123008
7290016144062,false,"קמח שיפון מלא נפלאות, 1 ק""ג",קמח מלכים,IL,קמח שיפון מלא נפלאות,קילוגרמים,1.00,"ק""ג",false,,8.90,8.9000,true,1,187875
7290016144079,false,"קמח חיטה כפרי נפלאות 1 ק""ג",קמח מלכים,IL,קמח חיטה כפרי נפלאות,קילוגרמים,1.00,"ק""ג",false,,8.90,8.9000,true,1,187870
7290016144086,false,נפלאות קמח חלה מנופה 1 ק”ג,קמח מלכים,IL,קמח חלה מנופה נפלאות,קילוגרמים,1.00,"ק""ג",false,,7.90,7.9000,true,1,187871
7290016144093,false,נפלאות קמח לחם לבן מנופה 1 ק”ג,קמח מלכים,IL,קמח לחם מנופה נפלאות,קילוגרמים,1.00,"ק""ג",false,,7.90,7.9000,true,1,187872
7290016144109,false,קמח פיצה מנופה נפלאות 1קג,קמח מלכים,IL,קמח פיצה נפלאות,קילוגרמים,1.00,"ק""ג",false,,14.90,14.9000,true,1,187873
7290016144116,false,"קמח תופח נפלאות, 1 ק""ג",קמח מלכים,IL,קמח חיטה תופח נפלאות,קילוגרמים,1.00,"ק""ג",false,,8.90,8.9000,true,1,187874
7290016150865,false,תערובת מיזלי גרין בנ,וויטליה,MK,"מיזלי בננה ותמר 1 ק""",קילוגרמים,1.00,"ק""ג",false,,24.90,24.9000,true,1,189425
7290016197488,false,מטליות מיקרופייבר למשטחים ניקול 3יח',חוגלה קימברלי,CN,מטליות לשיש מיקרו פי,יחידה,0.00,יחידה,false,,10.90,0.0000,true,1,98592
7290016197495,false,ניקול זוג מטליות הקסם מיקרופייבר לרצפה,חוגלה קימברלי,CN,זוג מטליות מיקרופייב,יחידה,0.00,יחידה,false,,16.90,0.0000,true,1,98593
7290016197600,false,דיפנד - תחבושת לנשים נורמל 12 יח',קימברלי קלארק,VN,תחבושת דיפנד לנשים נ,יחידה,0.00,יחידה,false,,19.90,0.0000,true,1,100321
7290016197617,false,תחבושת לנשים אקסטרה דיפנד 10 יחידות,קימברלי קלארק,VN,תחבושת דיפנד לנשים א,יחידה,0.00,יחידה,false,,19.90,0.0000,true,1,100303
7290016197624,false,תחבושות לנשים סופר דיפנד 8 יחידות,קימברלי קלארק,VN,תחבושות דיפנד לנשים,יחידה,0.00,יחידה,false,,19.90,0.0000,true,1,100322
7290016197839,false,ניקול השקית החזקה 20 יח' XL,"אשפלסט תעשיות בע""מ",IL,השקית החזקה 20 יח XL,יחידה,0.00,יחידה,false,,21.90,0.0000,true,1,98594
7290016197877,false,שקיות אשפה לפחים בינוניים עם שרוך 50 * 53 ניקול 50 יחידות,"אשפלסט תעשיות בע""מ",IL,שקית ניקול לפח מטבח,יחידה,0.00,יחידה,false,,21.00,0.0000,true,1,99116
7290016234008,false,פילה אנשובי שמן זית תומר צנצנת 100 גרם,אינוורסינס פריסקו,PE,פילה דג אנשובי בשמן,גרמים,60.00,100 גרם,false,,11.50,0.1917,true,1,114654
7290016246018,false,בארכה מיקס פינוקיות חלבה 10*20 גרם.,"רושדי תעשיות מזון בע""\מ",IL,בארכה מיקס פינוקיות,גרמים,200.00,100 גרם,false,,12.90,0.0645,true,1,98401
7290016246025,false,בארכה מיקס פינוקיות חלווה ללא סוכר 10*20ג,"רושדי תעשיות מזון בע""\מ",IL,בארכה פינוקיות חלבה,גרמים,200.00,100 גרם,false,,12.90,0.0645,true,1,98544
7290016246209,false,"חטיף חלבה וניל 100 גרם ""בארכה""","רושדי תעשיות מזון בע""\מ",IL,חלבה בארכה וניל 100,גרמים,100.00,100 גרם,false,,3.20,0.0320,false,1,103167
7290016248517,true,פטיט סירה ויתקין 201,,,פטיט סירה ויתקין 201,,0.00,,false,,95.00,0.0000,true,1,123101
7290016270709,false,עגבניות שרי אשכולות,ביכורי השקמה,IL,עגבניות שרי אשכולות,יחידה,0.00,יחידה,false,,8.90,0.0000,true,1,112356
7290016276763,false,מעדן שזיף 100% רכיבי פרי ללא סוכר שקדיה 284 ג',סיטי פודסטף,CN,מעדן שזיף 100% רכיבי,גרמים,284.00,100 גרם,false,,10.00,0.0352,true,1,100880
7290016276794,false,מעדן פירות ללא סוכר שקדיה 284 ג',סיטי פודסטף,CN,מעדן תפוז 100% רכיבי,גרמים,284.00,100 גרם,false,,10.00,0.0352,true,1,100882
7290016276800,false,מעדן תפוח עץ 100% רכיבי פרי ללא סוכר שקדיה 284 ג',סיטי פודסטף,CN,"מעדן תפ""ע ללא סוכר",גרמים,284.00,100 גרם,false,,10.00,0.0352,true,1,104144
7290016304404,false,לחם קוביות 100% כוסמין 600 גרם,מאפיית דוידוביץ ובניו בע,IL,לחם קוביות 100% כוסמ,גרמים,600.00,100 גרם,false,,12.90,0.0215,true,1,109424
7290016304596,false,לחמניות לסנדביץ 75 גרם,מאפית דוידוביץ ובניו,IL,מארז 10 לחמניות לסנד,גרמים,750.00,100 גרם,false,,12.90,0.0172,true,1,120216
7290016319309,false,סבון נוזלי מאסק קלאסי+משאבה פמלי 1 ל,הנסיך- מפעל לייצור ט,IL,פמלי אל סבון 1 ליטר,ליטרים,1.00,ליטר,false,,11.90,11.9000,false,1,101487
7290016320343,false,"דאק נוזל ג'ל לניקוי מתקדם בניחות לבנדר זוג * 750 מ""ל",אס. סי. ג'\ונסון מידרכט,NL,"דאק ג'ל נוזל 750 מ""ל",מיליליטרים,1500.00,"100 מ""ל",false,,17.90,0.0119,true,1,107077
7290016321531,false,רצועות שעווה לגוף מגע הדבש אלוורה 12+3יח,שוורצקוף& הנקל דיסלד,IL,מגע הדבש רצועות שעוו,יחידה,0.00,יחידה,false,,24.90,0.0000,true,1,119969
7290016321548,false,רצועות שעווה לגוף מגע הדבש קמומיל 12+3יח,ש.שוורץ,ES,מגע הדבש רצועות שעוו,יחידה,0.00,יחידה,false,,24.90,0.0000,true,1,119970
7290016321661,false,פרש וואנס SENSITIVE מגבונים ללא בישום רביעייה 72 יחידות,עלבד משואות יצחק,IL,מגבונים פרש וואנס לל,יחידה,0.00,יחידה,false,,15.90,0.0000,false,1,114901
7290016321678,false,מגבונים לחים בניחוח מרענן עם תמציות קמומיל ואלוורה,עלבד משואות יצחק,IL,מגבונים פרש וואנס עם,יחידה,0.00,יחידה,false,,15.90,0.0000,false,1,114902
7290016321777,false,מגע הדבש רצועות שעווה לפנים אלוורה 20 יח,שוורצקוף& הנקל דיסלד,IL,מגע הדבש רצועות שעוו,יחידה,0.00,יחידה,false,,24.90,0.0000,true,1,119973
7290016321883,false,פרשוואנס נייר טואלט מתכלה לילדים -מארז שלישייה,עלבד משואות יצחק בעמ,IL,פרש וואנס נייר טואלט,יחידה,0.00,יחידה,false,,12.90,0.0000,true,1,113792
7290016321890,false,פרשוואנס נייר טואלט מתכלה למבוגרים -מארז שלישייה,עלבד משואות יצחק בעמ,IL,פרש וואנס נייר טואלט,יחידה,0.00,יחידה,false,,12.90,0.0000,true,1,113793
7290016329278,false,קמיל בלו מגבונים מילוי 64 יח רביעייה,פישר מעבדות פרמצבטיות בע,IL,מגבונים לחים קמיל רב,יחידה,0.00,יחידה,false,,19.90,0.0000,false,1,106094
7290016329308,false,"ד""ר פישר - סרקל קרם רוזמרין לשיער מתולתל 325 מ""ל",פישר מעבדות פרמצבטיות בע,IL,סרקל קרם רוזמרין לשי,מיליליטרים,325.00,"100 מ""ל",false,,26.90,0.0828,true,1,103747
7290016334296,false,ברוקולי ארוז מגשית,,,ברוקולי,יחידה,0.00,יחידה,false,,10.90,0.0000,true,1,100686
7290016370065,false,זיתים נובו מבוקע יבנ,קבוצת יבנה,,זיתים נובו מבוקע יבנ,יחידה,0.00,יחידה,false,,9.90,0.0000,true,1,126502
7290016370959,false,חציל קלוי (פירה) בצנצנת קבוצת יבנה 530 גרם,תאי פרזידנט פוד פאבל,GR,חציל קלוי על האש צנצ,גרמים,530.00,100 גרם,false,,10.00,0.0189,true,1,102007
7290016370973,false,פלפל קלוי (גמביה) בצנצנת קבוצת יבנה 390 גרם,קוזט אס.אי. פיין פודס,GR,פלפל אדום קלוי על הא,גרמים,390.00,100 גרם,false,,10.00,0.0256,true,1,102010
7290016372458,false,חליטת לימונית ולואיזה הגן הקסום ויסוצקי 50 יחידות,תה ויסוצקי,IL,חליטת גן קסום לימוני,גרמים,75.00,100 גרם,false,,34.90,0.4653,true,1,106755
7290016387254,false,משטח לייבוש כלים דו צדדי שייני,מ.א ייצור ושיווק מטל,CN,משטח לייבוש כלים דו,יחידה,0.00,יחידה,false,,9.90,0.0000,true,1,103336
7290016387841,false,אטבי כביסה JOY צבעוני שייני 50 יחידות,GUANGDONG,CN,אטבי כביסה איכותיים,יחידה,0.00,יחידה,false,,10.90,0.0000,true,1,111938
7290016408744,false,מרשמלו טוויסטר כרמית 150 גרם,"כרמית תעשיות ממתקים בע""\",IL,מרשמלו טוויסטר כרמית,גרמים,150.00,100 גרם,false,,4.90,0.0327,true,1,104830
7290016411577,false,פטרוזיליה כשר ארוז,,,פטרוזיליה כשר ארוז,יחידה,0.00,יחידה,false,,5.90,0.0000,true,1,187339
7290016411591,false,נענע מהדרין קטיף טרי,,,נענע כשר ארוז,יחידה,0.00,יחידה,false,,5.90,0.0000,true,1,187341
7290016437591,false,קוטקס - תחתונים סופגים לנשים לאחר לידה מדיום 8 יח',חוגלה קימברלי,KR,קוטקס תחתונים סופגים,יחידה,0.00,יחידה,false,,33.90,0.0000,false,1,108033
7290016437621,false,חיתולי האגיס פרידום דריי pants מידה 4 36 יחידות,קימברלי קלארק צ'כיה,CZ,האגיס פנטס מידה 4,יחידה,0.00,יחידה,false,,44.90,0.0000,false,1,103954
7290016437645,false,חיתולי האגיס פרידום דריי pants מידה 5 34 יחידות,קימברלי קלארק צ'כיה,CZ,האגיס פנטס מידה 5,יחידה,0.00,יחידה,false,,44.90,0.0000,false,1,103955
7290016437652,false,חיתולי האגיס פרידום דריי pants מידה 6 30 יחידות,קימברלי קלארק צ'כיה,CZ,האגיס פנטס מידה 6,יחידה,0.00,יחידה,false,,44.90,0.0000,false,1,103956
7290016439601,false,ממרח תמרים 450 גר צור עין יהב,"משק צור עין יהב בע""מ",IL,מחית תמרים משק צור 4,גרמים,450.00,100 גרם,false,,4.90,0.0109,true,1,190457
7290016440652,false,תערובת פרוסות ירקות חמוצים מעדני עופר 500 גרם,מוצרי קפוא זן,,תערובת ירקות חמוצים,יחידה,0.00,יחידה,false,,18.90,0.0000,true,1,120006
7290016440669,false,עגבניות כבושות,,,עגבניות כבושות,גרמים,500.00,100 גרם,false,,19.90,0.0398,true,1,120004
7290016440881,false,ירקות חמוצים בטעם ביתי מעדני עופר 500 גרם,מוצרי קפוא זן,,תערובת ירקות חמוצים,יחידה,0.00,יחידה,false,,18.90,0.0000,true,1,120002
7290016440911,false,מלפפונים ביתיים 500 גרם מעדני עופר,מוצרי קפוא זן,,מלפפונים כבושים,גרמים,500.00,100 גרם,false,,19.90,0.0398,true,1,120003
7290016475067,false,מארז 4 לאפות במלאכת יד,מאפיית המכבים,IL,לאפות רביעייה,יחידה,0.00,יחידה,false,,11.90,0.0000,true,1,100709
7290016509786,false,פרסיל גל לכביסה לבנה וצבעונית-ירוק 2.5 ל,"הנקל סוד בע""\מ",IL,פרסיל ג'ל 2.5 ליטר י,ליטרים,2.50,ליטר,false,,34.90,13.9600,true,1,110090
7290016509793,false,ג'ל לכביסה לבנה וצבעונית אריזת XL,"הנקל סוד בע""\מ",IL,פרסיל ג'ל 4 ליטר ירו,ליטרים,4.00,ליטר,false,,44.90,11.2250,true,1,110091
7290016509809,false,ג'ל מרוכז לכביסה קולור 2.5 ל' פרסיל,"הנקל סוד בע""\מ",IL,פרסיל ג'ל 2.5 ליטר ק,ליטרים,2.50,ליטר,false,,34.90,13.9600,true,1,110092
7290016509816,false,ג'ל כביסה קולור 4 ל' פרסיל,"הנקל סוד בע""\מ",IL,פרסיל ג'ל 4 ליטר קול,ליטרים,4.00,ליטר,false,,44.90,11.2250,true,1,110093
7290016509830,false,ג'ל כביסה לבגדי תינוקות ובעלי עור רגיש Sensitive,"הנקל סוד בע""\מ",IL,פרסיל ג'ל 2.5 ליטר ב,ליטרים,2.50,ליטר,false,,34.90,13.9600,true,1,110095
7290016510096,false,"הוואי שמפו מי קוקוס לשיער יבש 700 מ""ל",טרופיקל דגיל בעמ,IL,הוואי שמפו מי קוקוס,מיליליטרים,700.00,"100 מ""ל",false,,8.90,0.0127,false,1,108378
7290016510102,false,"מרכך הוואי מי קוקוס 700 מ""ל",טרופיקל דגיל בעמ,IL,הוואי מרכך מי קוקוס,מיליליטרים,700.00,"100 מ""ל",false,,8.90,0.0127,false,1,108379
7290016510317,false,"הוואי תחליב רחצה לגבר פול פורס 700 מ""ל-מרכז",טרופיקל דגיל בעמ,IL,הוואי ג'ל רחצה 700 מ,מיליליטרים,700.00,"100 מ""ל",false,,8.90,0.0127,false,1,110302
7290016510324,false,"הוואי תחליב רחצה לגבר אריסטבבול 700 מ""ל",טרופיקל דגיל בעמ,IL,הוואי תחליב רחצה לגב,מיליליטרים,700.00,"100 מ""ל",false,,8.90,0.0127,false,1,110213
7290016510898,false,"שמפו+מרכך הוואי פריחת הדובדבן 700 מ""ל",שוורצקוף& הנקל דיסלד,IL,שמפו הוואי תמצית דוב,מיליליטרים,700.00,"100 מ""ל",false,,8.90,0.0127,false,1,114127
7290016510904,false,"הוואי מרכך פריחת הדובדבן 700 מ""ל",שוורצקוף& הנקל דיסלד,IL,מרכך הוואי תמצית דוב,מיליליטרים,700.00,"100 מ""ל",false,,8.90,0.0127,false,1,114129
7290016537000,false,במיה הודית משק צ'רי,,,במיה הודית,יחידה,0.00,יחידה,false,,22.90,0.0000,true,1,111039
7290016537017,false,תרד גוליבר,,,תרד גוליבר,יחידה,0.00,יחידה,false,,14.90,0.0000,true,1,119348
7290016537031,false,אפונת שלג משק צ'ירי,,,אפונת שלג כפרי חן,יחידה,0.00,יחידה,false,,19.90,0.0000,true,1,111697
7290016537062,false,שורש כורכום,,,שורש כורכום,יחידה,0.00,יחידה,false,,11.90,0.0000,true,1,117233
7290016564006,false,מבריקל הפלא ספוגיות להסרת כתמים קשים ושומנים 3יח,,,מבריקל הפלא,יחידה,0.00,יחידה,false,,9.90,0.0000,true,1,103709
7290016564266,false,מבריקל הפלא כיסוי הפלא 3,פארמה דיל,IL,כיסוי הפלא מבריקל,יחידה,0.00,יחידה,false,,9.90,0.0000,true,1,115636
7290016584004,false,חטיפוני גזר 130 גרם,"מרינה פטריות הגליל בע""מ",IL,חטיפוני גזר 130 גר',גרמים,130.00,100 גרם,false,,6.90,0.0531,true,1,102112
7290016584011,false,חטיפוני גזר 350 גרם גיזרונים,"מרינה פטריות הגליל בע""מ",IL,חטיפוני גזר 350 גר',גרמים,350.00,100 גרם,false,,12.90,0.0369,true,1,102091
7290016584219,false,שעועית שלמה ירוקה וטריה 400 גרם,מרינה,IL,שעועית ירוקה שלמה טר,גרמים,410.00,100 גרם,false,,14.90,0.0363,true,1,120716
7290016607772,false,"יין רוזה גליל דלתון 750 מ""ל","יקב דלתון בע""\מ",IL,יין גליל רוזה דלתון,מיליליטרים,750.00,"100 מ""ל",false,,59.90,0.0799,true,1,121611
7290016621365,false,אל סבון היגייני לניקוי יסודי קמיל Clean & Moisture,פישר מעבדות פרמצבטיות בע,IL,אל סבון נוזלי לרעננו,ליטרים,1.00,ליטר,false,,15.90,15.9000,false,1,104942
7290016651164,false,גומי לתחתון 10 מטר,,,גומי לתחתון 10 מטר,יחידה,0.00,יחידה,false,,8.90,0.0000,true,1,102486
7290016651300,false,מברשת ראש יוקרה,,,מברשת ראש יוקרה,יחידה,0.00,יחידה,false,,14.90,0.0000,true,1,105533
7290016651317,false,מברשת ראש סטייל,,,מברשת ראש סטייל,יחידה,0.00,יחידה,false,,13.90,0.0000,true,1,105534
7290016651362,false,קיסמי שיניים עם חוט,,,קיסמי שיניים עם חוט,יחידה,0.00,יחידה,false,,11.90,0.0000,true,1,105535
7290016651522,false,מקלונים לאוזניים פלס,,,מקלונים לאוזניים פלס,יחידה,0.00,יחידה,false,,5.90,0.0000,true,1,189792
7290016651621,false,שקיות אשפה עם ידיות,,,שקיות אשפה עם ידיות,יחידה,0.00,יחידה,false,,11.90,0.0000,true,1,125357
7290016651706,false,מפות שולחן גליל 45 מ,,,מפות שולחן גליל 45 מ,יחידה,0.00,יחידה,false,,34.90,0.0000,true,1,117891
7290016651782,false,מברשת לשיניים תותבות,,,מברשת לשיניים תותבות,יחידה,0.00,יחידה,false,,9.90,0.0000,true,1,120488
7290016651836,false,תחתיות תחרה אובלי 10,,,תחתיות תחרה אובלי 10,יחידה,0.00,יחידה,false,,15.90,0.0000,true,1,186123
7290016651881,false,תחתיות מלבן תחרה 100,,,תחתיות מלבן תחרה 100,יחידה,0.00,יחידה,false,,16.90,0.0000,true,1,125087
7290016651928,false,כחול לכביסה לבנה,,,כחול לכביסה לבנה,גרמים,250.00,100 גרם,false,,22.90,0.0916,true,1,189598
7290016652116,false,מטליות ריצפה פרימיום,,,מטליות ריצפה פרימיום,יחידה,0.00,יחידה,false,,16.90,0.0000,true,1,189790
7290016657012,false,סיכה סט פפיון,,,סיכה סט פפיון,יחידה,0.00,יחידה,false,,6.90,0.0000,true,1,104867
7290016667271,false,"משאבה מסיר לאק 150 מ""ל",,,"מסיר לק משאבה 150 מ""",מיליליטרים,150.00,"100 מ""ל",false,,11.90,0.0793,true,1,105679
7290016667417,false,שקיות איזבל 10 יח' 7,,,שקיות איזבל 10 יח' 7,יחידה,0.00,יחידה,false,,6.90,0.0000,true,1,112621
7290016667929,false,תבניות מאפין קאפקייק מספר 7,,,תבניות מאפינס קאפקיי,יחידה,0.00,יחידה,false,,8.50,0.0000,true,1,126915
7290016682038,false,"מיץ תפוזים סחוט 100% טבעי. מפוסטר, מקורר",פרי ניב,IL,פרי ניב תפוזים 400 מ,מיליליטרים,400.00,"100 מ""ל",false,,8.50,0.0213,true,1,106194
7290016682052,false,"משקה קל לימונענע. מפוסטר, מקורר",פרי ניב,IL,פרי ניב לימונענע 400,מיליליטרים,400.00,"100 מ""ל",false,,8.50,0.0213,true,1,106193
7290016682083,false,"פריניב נקטר תות בננה 400 מ""ל",פרי ניב,IL,פרי ניב תות בננה 400,מיליליטרים,400.00,"100 מ""ל",false,,8.50,0.0213,true,1,115576
7290016682168,false,"פריניב מיץ תפוזים ולנסיה סחוט 100% 400 מ""ל",פרי ניב,IL,פרי ניב תפוז ולנסיה,מיליליטרים,400.00,"100 מ""ל",false,,8.50,0.0213,true,1,125132
7290016682199,false,פריניב שייק תות בננה מופחת סוכר 1 ליטר,פריניב בעמ,IL,שייק תות בננה מופחת,ליטרים,1.00,ליטר,false,,14.90,14.9000,true,1,103995
7290016682243,false,פריניב מיץ אשכולית אדומה סחוט 1 ליטר,פריניב,IL,מיץ אשכולית אדומה 1,ליטרים,1.00,ליטר,false,,14.90,14.9000,true,1,111439
7290016682328,false,מיץ תפוזים 100% מרכז פריניב 2 ליטר,פרי ניב,IL,מיץ תפוזים מרכז 2 לי,ליטרים,2.00,ליטר,false,,17.20,8.6000,true,1,186288
7290016682335,false,מיץ תפוזים סחוט פריניב 2 ליטר,פרי ניב,IL,מיץ תפוזים סחוט 2 לי,ליטרים,2.00,ליטר,false,,22.00,11.0000,true,1,186289
7290016682342,false,מיץ תפוזים וולנסיה פרי ניב 2 ליטר-,פרי ניב,IL,מיץ תפוזים ולנסיה 2,ליטרים,2.00,ליטר,false,,25.90,12.9500,true,1,186290
7290016682359,false,מיץ תפוזים שמוטי פרי ניב 2 ליטר-,פרי ניב,IL,מיץ תפוזים שמוטי 2 ל,ליטרים,2.00,ליטר,false,,25.90,12.9500,true,1,186291
7290016682366,false,מיץ תפוח צלול פרי ניב 2 ליטר-,פריניב,IL,מיץ תפוח צלול 2 ליטר,ליטרים,2.00,ליטר,false,,19.90,9.9500,true,1,186292
7290016682380,false,מיץ טבעי לימונדה ולואיזה פרי ניב 2 ליטר-,פרי ניב,IL,מיץ לימונדה לואיזה 2,ליטרים,2.00,ליטר,false,,19.90,9.9500,true,1,186294
7290016682397,false,מיץ חמוציות פרי ניב 2 ליטר-,פרי ניב,IL,מיץ חמוציות 2 ליטר,ליטרים,2.00,ליטר,false,,19.90,9.9500,true,1,186295
7290016717051,false,משקה Buzz מוגז בטעם רימון מבוסס יין אדום מתוק,יקבי כרמל Carmel Winery,IL,רימון BUZZ,מיליליטרים,750.00,"100 מ""ל",false,,23.90,0.0319,true,1,115513
7290016717235,false,יין קונקורד אדום ממותק קינג דיוויד - בקבוק אישי,יקבי כרמל Carmel Winery,IL,קינג דיויד קונקורד 1,מיליליטרים,187.00,"100 מ""ל",false,,5.50,0.0294,true,1,112871
7290016717457,false,יין מזני סירה ומורווד אדום ויניארד 750 מ,,,יין ויניארדס סירה מו,מיליליטרים,750.00,"100 מ""ל",false,,69.90,0.0932,true,1,107927
7290016717754,false,"יין ישן נושן יקבי כרמל 750 מ""ל ^^^",אגודת הכורמים הקואופרטיב,IL,יין ישן נושן,מיליליטרים,750.00,"100 מ""ל",false,,17.90,0.0239,true,1,110167
7290016823004,false,בזיליקום יח freshlid,"מרינה פטריות הגליל בע""מ",IL,בזיליקום,יחידה,0.00,יחידה,false,,5.90,0.0000,true,1,104155
7290016823257,false,חסה סלנובה מהדרין יח,"מרינה פטריות הגליל בע""מ",IL,חסה סלנובה מרינה,יחידה,0.00,יחידה,false,,11.90,0.0000,true,1,111057
7290016823349,false,סלק מקולף בוואקום לי,"מרינה פטריות הגליל בע""מ",IL,סלק בוואקום,יחידה,0.00,יחידה,false,,6.90,0.0000,true,1,112334
7290016823448,false,ברוקולי יחידה 350 גרם,"מרינה פטריות הגליל בע""מ",IL,ברוקולי 350 גר' מרינ,גרמים,350.00,100 גרם,false,,9.90,0.0283,true,1,108500
7290016823523,false,צנונית יח 500 גרם שמיטה,"מרינה פטריות הגליל בע""מ",IL,צנונית 500 גר' מרינה,גרמים,500.00,100 גרם,false,,5.90,0.0118,true,1,107285
7290016866643,false,פרודונטקס מ.שיניים אקסטרה פרש 75 מל,פרודונטקס Parodontax,SK,משחת שיניים פרדונטקס,מיליליטרים,75.00,"100 מ""ל",false,,29.90,0.3987,true,1,110495
7290016866650,false,"פרודונטקס - משחת שיניים אוריג'ינל 75 מ""ל",פרודונטקס Parodontax,SK,משחת שיניים פרודונטק,מיליליטרים,75.00,"100 מ""ל",false,,29.90,0.3987,true,1,110496
7290016866667,false,"פרודונטקס - משחת שיניים ללא פלאוריד 75 מ""ל",פרודונטקס Parodontax,SK,משחת שיניים פרדונטקס,מיליליטרים,75.00,"100 מ""ל",false,,29.90,0.3987,true,1,110628
7290016866674,false,"פרודונטקס - משחת שיניים מלבינה 75 מ""ל",פרודונטקס Parodontax,SK,משחת שיניים פרודונטק,מיליליטרים,75.00,"100 מ""ל",false,,29.90,0.3987,true,1,110497
7290016912500,false,"ד""ר פישר - אפקטיב קר תרחיץ פנים לעור רגיש 180 מ""ל",פישר מעבדות פרמצבטיות בע,IL,אפקטיב קר תרחיץ פנים,מיליליטרים,180.00,"100 מ""ל",false,,16.90,0.0939,true,1,106683
7290016967074,false,לחם חיטה מלאה עם גרעינים ודגנים,מאפיית שלמה א. אנג'\ל בע,IL,לחם אנג'ל חיטה מלאה,מיליליטרים,750.00,"100 מ""ל",false,,14.90,0.0199,true,1,103111
7290016967456,false,לחם צרפתי מחמצת 100% כוסמין 600 ג' אנג'ל,"מאפיית אנג'\ל בעמ, מקבוצ",IL,לחם מחמצת כוסמין אנג,גרמים,600.00,100 גרם,false,,15.90,0.0265,true,1,105934
7290016998368,true,לקט ירקות למוקפץ נטו,,,לקט ירקות למוקפץ נטו,,0.00,,false,,11.90,0.0000,true,1,123036
7290017008493,false,שריר חלק 88,,,שריר חלק 88,קילוגרמים,1.00,"ק""ג",true,,34.90,34.9000,true,1,126648
7290017008721,false,צלעות צרכני מס' 2,,BR,צלעות צרכני מס' 2,קילוגרמים,1.00,"ק""ג",true,,42.90,42.9000,false,1,123956
7290017023212,false,"שוויפס מוגז פירות תפוח מארז רביעייה* 330 מ""ל",יפאורה תבורי בעמ,IL,רביעיית פחיות שוופס,מיליליטרים,1320.00,"100 מ""ל",false,,13.50,0.0102,true,1,109035
7290017023229,false,רביעיית פחיות שוופס מוגז פירות תות ליים 330 מל.,יפאורה תבורי בעמ,IL,רביעיית פחיות שוופס,מיליליטרים,1320.00,"100 מ""ל",false,,13.50,0.0102,true,1,109036
7290017023236,false,רביעיית פחיות שוופס מוגז פירות ענבים 330 מל.,יפאורה תבורי בעמ,IL,רביעיית פחיות שוופס,מיליליטרים,1320.00,"100 מ""ל",false,,13.50,0.0102,true,1,109037
7290017023663,false,"שוופס מיץ פירות לימונייד פחית מארז 330X4מ""ל",יפאורה תבורי,IL,רביעיית פחיות שוופס,מיליליטרים,1320.00,"100 מ""ל",false,,13.50,0.0102,true,1,110594
7290017023816,false,"ספרינג  פירות טרופיים 250 מ""ל רביעייה","יפאורה תבורי בע""\מ",IL,רביעיית ספרינג 250 מ,ליטרים,1.00,ליטר,false,,12.90,12.9000,false,1,114370
7290017023823,false,"רביעיית ספרינג תות בננה 250 מ""ל","יפאורה תבורי בע""\מ",IL,רביעיית ספרינג 250 מ,ליטרים,1.00,ליטר,false,,12.90,12.9000,false,1,114371
7290017023854,false,מי סודה בקבוקים אישיים - מארז 4 יח',יפאורה תבורי בעמ,IL,"שוופס סודה 250 מ""ל ר",ליטרים,1.00,ליטר,false,,10.90,10.9000,true,1,112781
7290017023861,false,סודה בטעם לימון בקבוקים אישיים - מארז 4 יח',יפאורה תבורי בעמ,IL,שוופס סודה לימון 250,ליטרים,1.00,ליטר,false,,10.90,10.9000,true,1,112782
7290017023878,false,סודה בטעם נענע ליים בקבוקים אישיים - מארז 4 יח',יפאורה תבורי בעמ,IL,שוופס סודה נענע ליים,ליטרים,1.00,ליטר,false,,10.90,10.9000,true,1,112783
7290017031705,false,"סנסודיין משחת שיניים קלין & פרש 75 מ""ל",גלקסוס סמית קליין,SK,משחת שיניים סנסודיין,מיליליטרים,75.00,"100 מ""ל",false,,21.90,0.2920,true,1,112673
7290017031859,false,"פרודונטקס - משחת שיניים אולטרא קלין 75 מ""ל","מאסטרפוד אוסטריה בע""מ",SK,משחת שיניים פרדונטקס,מיליליטרים,75.00,"100 מ""ל",false,,29.90,0.3987,true,1,112866
7290017065007,false,פרוסות גבינה מוצרלה חצי קשה 22% שומן 200 ג' גד,מחלבות גד בעמ,IL,מוצרלה פרוסה גד,גרמים,200.00,100 גרם,false,,18.90,0.0945,true,1,104036
7290017065137,false,ריקוטה למריחה 5% טבעית 200 גרם - רובין,האי נאם סי או אל.טי.,IL,ריקוטה למריחה 5% עם,גרמים,200.00,100 גרם,false,,9.90,0.0495,true,1,107930
7290017065144,false,ריקוטה למריחה בתוספת בזיליקום 5% גד 200 גם,האי נאם סי או אל.טי.,IL,ריקוטה למריחה 5% עם,גרמים,200.00,100 גרם,false,,9.90,0.0495,true,1,107937
7290017065175,false,גבינת מנצ'גו פרוסה גד 150 גרם,הנסיך- מפעל לייצור ט,ES,גבינת מנצג'ו פרוסה ג,גרמים,150.00,100 גרם,false,,22.50,0.1500,true,1,109228
7290017065236,false,גבינה בולגרית מעודנת 24% גד 250 גרם,הנסיך- מפעל לייצור ט,IL,בולגרית מעודנת 24% ג,גרמים,250.00,100 גרם,false,,23.90,0.0956,true,1,109233
7290017065311,false,פרוסות גבינה מוצרלה מעושנת 200 ג',מחלבות גד בעמ,IL,פרוסות מוצרלה מעושנת,גרמים,200.00,100 גרם,false,,19.90,0.0995,true,1,109231
7290017065380,false,"גרנה פדנו שבבים ""גד"" 100 גרם",מחלבות גד,IT,גבינת גרנה פדנו שבבי,גרמים,100.00,100 גרם,false,,14.60,0.1460,true,1,113609
7290017065618,false,גבינת פקורינו פרוס מחלב כבשים,הנסיך- מפעל לייצור ט,ES,פקורינו פרוס,גרמים,150.00,100 גרם,false,,22.90,0.1527,true,1,118920
7290017065663,false,גבינת פטה עיזים מעודנת 16% גד 200 גרם,ג'נרל מילס סאן אדריא,IL,פטה עיזים מעודנת 16%,גרמים,250.00,100 גרם,false,,31.00,0.1240,true,1,121756
7290017065786,false,"גבינת צ`דר מחלבות גד , 210 גרם","מחלבות גד בע""\מ",IL,גבינת צ'דר מחלבת גד,גרמים,210.00,100 גרם,false,,21.90,0.1043,true,1,186829
7290017065861,false,קאצ'יו אה פפה - רוטב פקורינו ופלפל שחור 200 גרם בית יוסף,גבינות מדף,IL,רוטב קאצי'ו אה פפה,גרמים,200.00,100 גרם,false,,15.90,0.0795,true,1,188661
7290017065878,false,רוטב לפסטה מק אנד צ'יז גד 200 גרם,גבינות מדף,IL,רוטב מק אנד צ'יז גד,גרמים,200.00,100 גרם,false,,15.90,0.0795,true,1,188663
7290017065960,false,רוטב פורצ'יני מחלבות גד 200 גרם,גבינות מדף,IL,רוטב פורצ'יני גד,גרמים,200.00,100 גרם,false,,15.90,0.0795,true,1,191039
7290017105468,false,מארז שלישייה אפונה קטנה יכין 3*200 גר,קשקמט קונסרב הונגריה,IL,שלישיית אפונה יכין,גרמים,600.00,100 גרם,false,,13.90,0.0232,true,1,117655
7290017121048,false,"פלפל צ'ומה 250 גרם ""עללחם""","מדשא תעשיות מזון בע""\מ",IL,פלפל צ'ומה על הלחם,גרמים,250.00,100 גרם,false,,13.90,0.0556,true,1,114305
7290017121093,false,"אריסה חריפה 250 גרם ""עללחם""","מדשא תעשיות מזון בע""\מ",IL,אריסה חריפה על הלחם,גרמים,250.00,100 גרם,false,,13.90,0.0556,true,1,114306
7290017129754,false,"שוקולד מריר מעולה 70% מוצקי קקאו 100 גר בד""ץ","כרמית תעשיות ממתקים בע""\",IL,שוקולד פרימיום 70% כ,גרמים,100.00,100 גרם,false,,7.90,0.0790,true,1,110459
7290017129778,false,שוקולד פרימיום 70% מריר בטעם קפה כרמית 100 גרם,"כרמית תעשיות ממתקים בע""\",IL,שוקולד פרימיום 70% ב,גרמים,100.00,100 גרם,false,,7.90,0.0790,true,1,110461
7290017129846,false,עוגיות מיני קוקיס בטעם קרמל בצנצנת כרמית 600 גרם,קריות זול,IL,מיני קוקיס בטעם קרמל,גרמים,600.00,100 גרם,false,,15.90,0.0265,true,1,110621
7290017129877,false,מיקס לקקנים שטוחים פירות 40*7.5 גר' * 24 בקר',דורקן סקרלמה סאן. וי,TR,מיקס לקקנים שטוחים כ,גרמים,300.00,100 גרם,false,,9.90,0.0330,true,1,111013
7290017142005,false,"שמן קוקוס אורגני כתית 320 מ""ל עץ הזית",אקספלונקה,LK,שמן קוקוס אורגני 320,מיליליטרים,320.00,"100 מ""ל",false,,25.90,0.0809,true,1,105207
7290017142012,false,שמן קוקוס אורגני כתית 500 מל עץ הזית,אקספולנקה,LK,שמן קוקוס אורגני 500,מיליליטרים,500.00,"100 מ""ל",false,,36.90,0.0738,true,1,105208
7290017142111,false,פתיתי טונה בשמן זית טו גו עץ הזית 85 גרם,"יוניקורד ח.צ בע""מ",TH,פתיתי טונה בהירה בשמ,גרמים,85.00,100 גרם,false,,9.90,0.1165,false,1,109853
7290017142128,false,"שמן זית כתית מעולה קלאסי עץ הזית 750 מ""ל",שמן תעשיות בעמ,IT,"שמן זית 750 מ""ל קלאס",מיליליטרים,750.00,"100 מ""ל",false,,29.90,0.0399,false,1,108791
7290017142159,false,"שלישיית נתחי טונה בהירה בשמן זית 80 גרם ""עץ הזית""",הנסיך- מפעל לייצור ט,TH,נתחי טונה בהירה בשמן,גרמים,168.00,100 גרם,false,,22.90,0.1363,false,1,109854
7290017142166,false,"פילה טונה פרוס עם שמן זית 120 גרם ""עץ הזית""","יוניקורד ח.צ בע""מ",TH,פילה טונה פרוס עם שמ,גרמים,120.00,100 גרם,false,,14.90,0.1242,true,1,114178
7290017142180,false,פילה פרוס ושמן זית בנגיעות טעם לימון ופלפל שחור,"יוניקורד ח.צ בע""מ",TH,פילה טונה פרוס עם שמ,גרמים,120.00,100 גרם,false,,14.90,0.1242,true,1,114179
7290017142203,false,"פילה טונה פרוס עם שמן זית בטעם מעושן 120 גרם ""עץ הזית""","יוניקורד ח.צ בע""מ",TH,פילה טונה פרוס עם שמ,גרמים,120.00,100 גרם,false,,14.90,0.1242,true,1,114180
7290017142234,false,"פתיתי טונה בהירה בשמן זית מעושן ""עץ הזית""","יוניקורד ח.צ בע""מ",TH,טונה TO GO מעושן 85,גרמים,85.00,100 גרם,false,,9.90,0.1165,false,1,116048
7290017142289,false,"תרסיס שמן חמניות מזוכך עץ הזית 200 מ""ל",י.ב טכנולוגיות אריזה בעמ,IT,תרסיס שמן חמניות מזו,מיליליטרים,200.00,"100 מ""ל",false,,14.90,0.0745,false,1,113222
7290017142388,false,שמן חמניות פלוס אומגה 3 עץ הזית 1 ליטר,שמן תעשיות בעמ,IL,שמן חמניות פלוס אומג,ליטרים,1.00,ליטר,false,,14.90,14.9000,false,1,115519
7290017142401,false,"LUNCH TO GO קינואה לבנה ואדומה טונה בשמן זית 160 גרם ""עץ הזית""",ג'נרל מילס סאן אדריא,TH,טונה עם קינואה לבנה,גרמים,160.00,100 גרם,false,,13.90,0.0869,true,1,121973
7290017142418,false,"LUNCH TO GO אורז עם עדשים טונה בשמן זית 160 גרם ""עץ הזית""",יוניקורד ח.צ בעמ,TH,אורז עם עדשים וטונה,גרמים,160.00,100 גרם,false,,13.90,0.0869,true,1,117982
7290017142456,false,מארז נתחי טונה בהירה בשמן זית 2 * 160 ג' עץ הזית,יוניקורד ח.צ בעמ,TH,נתחי טונה בהירה בשמן,גרמים,224.00,100 גרם,false,,19.90,0.0888,true,1,118131
7290017142487,false,"LUNCH TO GO בורגול עם חומוס טונה בשמן זית 160 גרם ""עץ הזית""",יוניקורד ח.צ בעמ,TH,טונה בורגול וחומוס ע,גרמים,160.00,100 גרם,false,,13.90,0.0869,true,1,125156
7290017142609,false,תרסיס שמן זית כתית בטעם לימון 150,קונפניה,IT,תרסיס שמן זית בטעם ל,מיליליטרים,150.00,"100 מ""ל",false,,18.90,0.1260,true,1,189520
7290017142623,false,תרסיס שמן זית כתית בטעם צ'ילי 150,קונפניה,IT,תרסיס שמן זית בטעם,מיליליטרים,150.00,"100 מ""ל",false,,18.90,0.1260,true,1,189521
7290017189246,false,מיני פנקייק הולנדי א,,ES,מיני פנקייק 500 גר,גרמים,500.00,100 גרם,false,,22.90,0.0458,true,1,114297
7290017189253,false,קרפ אפוי וופס קפוא 6,מנדלז סי.אר. פרודקשן,BE,קרפ הולנדי בייתי,יחידה,0.00,יחידה,false,,19.90,0.0000,true,1,114764
7290017189413,false,טבעות בצל שלמות בציפוי טמפורה,משק ויילר,ES,טבעות בצל 600 גר קפו,גרמים,600.00,100 גרם,false,,14.90,0.0248,true,1,124351
7290017217307,false,נרות חימום ריחניים בניחות ורדים 50יח',הוסטס,CN,נרות חימום ריחניים ב,יחידה,0.00,יחידה,false,,9.90,0.0000,true,1,124116
7290017217390,false,מטליות מיקרופייבר משובחת עם ספווג 4יח,,,מטליות מיקרופייבר עם,יחידה,0.00,יחידה,false,,17.90,0.0000,true,1,123583
7290017217451,false,"מטליות הפלא לרצפות עם חור למגב 80*60ס""מ 2יח'",,,מטלית הפלא לרצפות עם,יחידה,0.00,יחידה,false,,23.90,0.0000,true,1,112878
7290017217673,false,כפפות משק בית איזי טאץ עם אלוורה S אינטרסאן,איזיטאצ,CN,כפפות עם אלוורה S,יחידה,0.00,יחידה,false,,5.50,0.0000,true,1,123516
7290017217680,false,כפפות משק בית איזי טאץ עם אלוורה M אינטרסאן,איזיטאצ,CN,כפפות עם אלוורה M,יחידה,0.00,יחידה,false,,5.50,0.0000,true,1,123517
7290017217697,false,כפפות משק בית איזי טאץ עם אלוורה L אינטרסאן,,,כפפות עם אלוורה L,יחידה,0.00,יחידה,false,,5.50,0.0000,true,1,123518
7290017232218,false,לחם קלאסי מופחת פחמימות איטסיין 430 גרם,,IL,לחם מופחת פחמימות,גרמים,430.00,100 גרם,false,,24.90,0.0579,true,1,185768
7290017232225,false,לחם גלילי מופחת פחמימות איטסיין 450 גרם,דבידוביץ,IL,לחם איטסיין גלילי,גרמים,450.00,100 גרם,false,,24.90,0.0553,true,1,188781
7290017247007,false,מלפפון בייבי,חקלאי,IL,מלפפון בייבי,יחידה,0.00,יחידה,false,,8.90,0.0000,true,1,105233
7290017247014,false,פלפלונים,חקלאי,IL,פלפלונים,יחידה,0.00,יחידה,false,,8.90,0.0000,true,1,105234
7290017253084,false,מגבונים לחים פרשיס דיספנסר 72 יח',,IL,פרשיס מגבונים לחים 7,יחידה,0.00,יחידה,false,,5.50,0.0000,true,1,111303
7290017266046,false,מארז וופל קראנצ' אישי 30 יחידות עלמה,"גילרו בע""מ",IL,ופל קראנצ' 30 יח עלמ,גרמים,600.00,100 גרם,false,,14.50,0.0242,true,1,108455
7290017266053,false,"וופל עלמה לל""ס במילוי קרם טעם לימון 175 גר",גילרו,IL,וופל לימון בלגי ללא,גרמים,200.00,100 גרם,false,,6.70,0.0335,true,1,108098
7290017266060,false,וופל קראנצ`מילוי קרם בטעם שוקולד 175 גר,גילרו,IL,וופל שוקולד בלגי ללא,גרמים,175.00,100 גרם,false,,6.70,0.0383,true,1,108536
7290017266725,false,מארז וופל במילוי קרם בטעם שוקולד 12 גרם*40 יח',"גילרו בע""מ",IL,מארז 40 יח' וופל קרא,גרמים,480.00,100 גרם,false,,14.50,0.0302,true,1,121775
7290017275086,false,עוגיות כתר בטעם תות ללא תוספת סוכר במגש 350 גר' אחווה,אחוה,IL,עוגיות אחוה בטעם תות,גרמים,350.00,100 גרם,false,,9.90,0.0283,true,1,122962
7290017275413,false,מיני קצפיות בטעם וניל אחוה 140 גרם,אחדות ביחר לטחינה חל,IL,מיני קצפיות וניל 140,יחידה,0.00,יחידה,false,,8.90,0.0000,true,1,187889
7290017275420,false,מיני קצפיות בטעם תות אחוה 140 גרם,אחדות ביחר לטחינה חל,IL,מיני קצפיות בטעם תות,גרמים,140.00,100 גרם,false,,9.90,0.0707,true,1,187841
7290017275444,false,מיני קצפיות בטעם ענבים אחוה 140 גרם,אחדות ביחר לטחינה חל,IL,מיני קצפיות ענבים 14,גרמים,140.00,100 גרם,false,,9.90,0.0707,true,1,189153
7290017275550,false,סוכריות פרי -תות 120 ג' מעושרות בויטמינים,,,סוכריות פרי רכות תות,גרמים,120.00,100 גרם,false,,10.90,0.0908,true,1,190007
7290017297200,false,לקט כפרי תוספת לעוף 800 גרם פרי הגליל,פרי הגליל,IL,לקט כפרי תוספת לעוף,גרמים,800.00,100 גרם,false,,12.90,0.0161,true,1,122897
7290017297217,false,עדשים ירוקות מושרות מבושלות ומקפאות פרי הגליל 800 ג',פרי הגליל,,עדשים ירוקות מושרות,גרמים,800.00,100 גרם,false,,12.90,0.0161,true,1,123498
7290017297224,false,"שעועית אדומה מושרית, מבושלת ומוקפאת",פרי הגליל,,שעועית אדומה מבושלת,גרמים,800.00,100 גרם,false,,11.50,0.0144,true,1,123258
7290017297323,false,רוטב עגבניות מרוכז 100 גר' 22 BX טל וטרי,"מילוז(1989)בע""""מ",IL,רוטב עגבניות מרוכז 1,גרמים,100.00,100 גרם,false,,1.70,0.0170,false,1,127077
7290017297330,false,"טל רוטב עגבניות מרוכז, 240 גרם",טל וטרי,IL,רוטב עגבניות 240 גר',גרמים,240.00,100 גרם,false,,3.20,0.0133,false,1,190734
7290017297637,false,רכז עגבניות A2 BX28 טל וטרי 580 גר',"מילוז(1989)בע""""מ",,רוטב עגבניות A2 טל ו,גרמים,580.00,100 גרם,false,,6.50,0.0112,true,1,186941
7290017297644,false,ברוקולי קפוא גרין אנד פרש 800 גר',גרין אנד פרש Green & Fresh,IL,ברוקולי green & fres,גרמים,800.00,100 גרם,false,,14.90,0.0186,true,1,186942
7290017297743,false,צ'יפס אמריקאי פרי הגליל 800 גרם,"פרי הגליל בע""""מ",,צ'יפס אמריקאי 800 גר,גרמים,800.00,100 גרם,false,,11.90,0.0149,true,1,187446
7290017304885,false,לחם שיפון מחיטה מלאה ללא תוספת סוכר 750 ג' אנג'ל,מאפיית שלמה א. אנג'\ל בע,IL,לחם אנג'ל שיפון וחיט,גרמים,750.00,100 גרם,false,,12.90,0.0172,true,1,115296
7290017313023,true,פיתה תמנייה זוג אופר,,,פיתה תמנייה זוג אופר,,0.00,,false,,4.90,0.0000,true,1,123149
7290017313030,true,פיתות חיטה מלאה חמיש,,,פיתות חיטה מלאה חמיש,,0.00,,false,,11.90,0.0000,true,1,123148
7290017313054,false,נקניקיות עטופות בבצק,אופרה,,נקניקיות עטופות בבצק,גרמים,500.00,100 גרם,false,,16.90,0.0338,true,1,126509
7290017457598,false,"מרכך כביסה סוד מרוכז סאמר בלוסום 900 מ""ל",הנקל סוד,IL,סוד מרכך כביסה 900 מ,מיליליטרים,900.00,"100 מ""ל",false,,11.90,0.0132,true,1,115880
7290017457727,false,"סוד כחול מרכך כביסה מרוכז20%+בישום 900 מ""ל",הנקל סוד,IL,סוד מרכך מרוכז כחול,מיליליטרים,900.00,"100 מ""ל",false,,11.90,0.0132,true,1,114753
7290017457734,false,"סוד ורוד מרכך כביסה מרוכז20%+בישום 900 מ""ל",הנקל סוד,IL,סוד מרכך מרוכז ורוד,מיליליטרים,900.00,"100 מ""ל",false,,11.90,0.0132,true,1,114754
7290017477169,false,קשיו קלוי 250 גרם ששון הקולה,"דין שיווק וקלייה בע""",IL,קשיו קלוי ששון הקולה,גרמים,250.00,100 גרם,false,,20.00,0.0800,true,1,189685
7290017477305,false,זרעי ציה 250 גר שקדי,דין שיווק,IL,זרעי צ'יה 250 גרם שק,גרמים,250.00,100 גרם,false,,8.90,0.0356,true,1,110719
7290017513775,false,פליפז בייגלה מצופה שוקולד חלב מקוויטיס 140 גרם,שוורצקוף& הנקל דיסלד,TR,פליפז בייגלה מצופה ש,גרמים,140.00,100 גרם,false,,8.90,0.0636,true,1,118052
7290017513782,false,פליפז בייגלה מצופה שוקולד מריר מקוויטיס 140 גרם,שוורצקוף& הנקל דיסלד,TR,פליפז בייגלה מצופה ש,גרמים,140.00,100 גרם,false,,8.90,0.0636,true,1,118053
7290017521015,true,מפת שולחן בגליל 45 מ,,,מפת שולחן בגליל 45 מ,,0.00,,false,,29.90,0.0000,true,1,123103
7290017521329,true,גליל מטליות רב שימוש,,,גליל מטליות רב שימוש,,0.00,,false,,12.90,0.0000,true,1,123104
7290017589633,false,"רזרב גולד אדישיין קברנה סוביניון 750 מ""ל",יקבי ברקן Barkan,IL,יין רזרב קברנה GOLD,מיליליטרים,750.00,"100 מ""ל",false,,34.90,0.0465,false,1,113218
7290017599250,false,סוכרזית קלאסי 120 שקיות,ביסקול בע''מ,IL,סוכרזית קלאסי 120 שק,גרמים,120.00,100 גרם,false,,17.90,0.1492,true,1,189903
7290017617046,false,נתחי טונה בשמן זית כתית מעולה רביעיה * 140 ג',סטארקיסט,TR,רביעיה טונה סטאר קיס,גרמים,560.00,100 גרם,false,,26.90,0.0480,false,1,117826
7290017617268,false,טונה מעושנת בשמן סטארקיסט 120 גר',סטארקיסט,,טונה סטאר קיסט מעושנ,גרמים,120.00,100 גרם,false,,15.90,0.1325,true,1,186955
7290017617435,false,סטארקיסט מיקס סלמון עם עדשים קינואה וירק 160 גרם,סטארקיסט Starkist,PL,סטארקיסט מיקס סלמון,גרמים,160.00,100 גרם,false,,13.90,0.0869,true,1,188750
7290017641102,false,שוקולד פרימיום 70% ללא סוכר בטעם תפוז 100 גרם,כרמית תעשיות ממתקים,IL,שוקולד פרימיום 70% ל,גרמים,100.00,100 גרם,false,,8.50,0.0850,true,1,112985
7290017641119,false,שוקולד פרימיום 85% מריר כרמית 100 גרם,כרמית תעשיות ממתקים בעמ,IL,שוקולד מריר פרימיום,גרמים,100.00,100 גרם,false,,7.90,0.0790,true,1,112905
7290017641720,false,שוקולד פרימיום 70% שברי שקד כרמית 100 גרם,כרמית תעשיות ממתקים בעמ,IL,שוקולד 70% שברי שקד,גרמים,100.00,100 גרם,false,,7.90,0.0790,true,1,118520
7290017641737,false,שוקולד פרימיום 70% שברי אגוז כרמית 100 גרם,כרמית תעשיות ממתקים בעמ,IL,שוקולד 70% שברי אגוז,גרמים,100.00,100 גרם,false,,7.90,0.0790,true,1,118521
7290017641744,false,"חטיפי קרח גדולים בטעמי פטל, לימון, ענבים ואננס",HIQ FOOD PRODUCTS,IL,שלוקים איגלו סטיקס,יחידה,0.00,יחידה,false,,5.90,0.0000,true,1,118522
7290017647425,false,"יין גמלא קברנה סוביניון שנת 2018 750 מ""ל",יקבי רמת הגולן,IL,גמלא קברנה סוביניון,מיליליטרים,750.00,"100 מ""ל",false,,59.90,0.0799,true,1,121334
7290017677804,false,"רוטב סויה קיקומן ללא חומרים משמרים 444 מ""ל",קיקומן פודז אינק,US,רוטב סויה קיקומן 444,מיליליטרים,444.00,"100 מ""ל",false,,19.90,0.0448,true,1,115631
7290017677811,false,"רוטב סויה קיקומן ללא חומרים משמרים 296 מ""ל",קיקומן פודז אינק,NL,רוטב סויה קיקומן 296,מיליליטרים,296.00,"100 מ""ל",false,,13.90,0.0470,true,1,115516
7290017712130,false,פרמיו פאוץ סלמון קיט,,FR,פרמיו פאוץ סלמון קיט,גרמים,85.00,100 גרם,false,,4.00,0.0471,true,1,189366
7290017712147,false,פרמיו פאוץ עוף לחתלת,,FR,פרמיו פאוץ עוף לחתלת,גרמים,85.00,100 גרם,false,,4.00,0.0471,true,1,189367
7290017712161,false,פרמיו מזון מלא פאוץ עם סלמון בג'לי 85 גר,,FR,פרמיו פאוץ סלמון בג',גרמים,85.00,100 גרם,false,,4.00,0.0471,true,1,189368
7290017712192,false,פרמיו נתחי פילה עוף ועשבי תיבול 100 גר,פרמיו Premio,FR,פרמיו נתחי פילה עוף,גרמים,100.00,100 גרם,false,,4.00,0.0400,true,1,190089
7290017712208,false,פרמיו נתחי פילה עוף וברווז 100 גר,סאטורן,FR,פרמיו נתחי פילה ברוו,גרמים,100.00,100 גרם,false,,4.00,0.0400,true,1,190090
7290017712222,false,פרמיודגי ים ברוטב 100 גר,סאטורן,FR,פרמיו דגי ים קיטן 10,גרמים,100.00,100 גרם,false,,4.00,0.0400,true,1,189369
7290017712260,false,פרמיו פטה סלמון לכלב 150ג',פרמיו Premio,FR,פרמיו פטה סלמון לכלב,גרמים,150.00,100 גרם,false,,4.00,0.0267,true,1,189382
7290017712277,false,פרמיו עם כבש במרקם פטה 100 גר,פרמיו Premio,FR,פרמיו פטה כבש לכלב 1,גרמים,150.00,100 גרם,false,,4.00,0.0267,true,1,189383
7290017712727,false,פרמיו גור חתולים בקר וכבד,פרמיו Premio,FR,פרמיו גור בקר וכבד 1,גרמים,100.00,100 גרם,false,,4.00,0.0400,true,1,189370
7290017712758,false,פרמיו סלמון לחתול,פרמיו Premio,FR,פרמיו סלמון 100 גר',גרמים,100.00,100 גרם,false,,4.00,0.0400,true,1,189371
7290017712765,false,פרימו סלמון ופורל לחתול,פרמיו Premio,FR,פרמיו סלמון ופורל לח,גרמים,100.00,100 גרם,false,,4.00,0.0400,true,1,190091
7290017712772,false,פרמיו ברק וכבד לחתול,פרמיו Premio,FR,פרמיו בקר וכבד 100 ג,גרמים,100.00,100 גרם,false,,4.00,0.0400,true,1,189372
7290017712789,false,פרמיו סטירליז עוף 100 ג',,FR,פרמיו סטירליז עוף 10,גרמים,100.00,100 גרם,false,,4.00,0.0400,true,1,189373
7290017712864,false,פרמיו מקלות סלמון לכלב,פרמיו Premio,CN,פרמיו מקלות סלמון 10,גרמים,100.00,100 גרם,false,,15.00,0.1500,true,1,189380
7290017744056,false,12 השבטים גד- שרדונה,,,12 השבטים גד- שרדונה,מיליליטרים,750.00,"100 מ""ל",false,,55.00,0.0733,true,1,188671
7290017746128,false,מיני פיתות קלאסי50*10 גר,מאפיית דוידוביץ ובני,IL,מארז 10 יח' פיתות בי,גרמים,500.00,100 גרם,false,,8.40,0.0168,true,1,122025
7290017746135,false,מארז 10 פיתות ביס כוסמין,מאפיית דוידוביץ ובני,IL,מיני פיתות כוסמין 10,גרמים,500.00,100 גרם,false,,13.50,0.0270,true,1,122087
7290017812571,false,מיץ ענבים תירוש אדום 100% טבעי כרמל 1 ליטר,יקבי כרמל Carmel Winery,IL,מיץ ענבים תירוש אדום,ליטרים,1.00,ליטר,false,,19.90,19.9000,false,1,118490
7290017812588,false,מיץ ענבים תירוש לבן 100% טבעי כרמל 1 ליטר,יקבי כרמל Carmel Winery,IL,תירוש לבן 1 ל' 100%,מיליליטרים,1000.00,"100 מ""ל",false,,19.90,0.0199,true,1,118923
7290017812830,false,יין רוזה פרייבט קולקשיין 750מל יקבי כרמל,"כד בני דרום בע""מ",IL,פ. קולקשיין רוזה,מיליליטרים,750.00,"100 מ""ל",false,,34.90,0.0465,true,1,123896
7290017812847,false,"יין פרנץ גוורצטרמינר סלקטד כרמל 750 מ""ל","כד בני דרום בע""מ",IL,סלקטד פרנץ קולומברד,מיליליטרים,750.00,"100 מ""ל",false,,29.90,0.0399,true,1,123317
7290017812885,false,"יין P.C סוביניון בלאן גוורצטרמינר כרמל 750 מ""ל",אגודת הכורמים א.ת אל,IL,פרייבט קולקשיין בלאן,מיליליטרים,750.00,"100 מ""ל",false,,34.90,0.0465,true,1,125378
7290017871363,false,פמילי יהלום- פמלי סבון ידיים מועשר בשמן מקדמיה לניקוי וטיפוח עור הידיים,המאפיה של הרמן,TR,פמלי יהלום סבון ידיי,מיליליטרים,500.00,"100 מ""ל",false,,10.00,0.0200,true,1,119064
7290017871370,false,פמילי יהלום- סבון ידיים מועשר בשמן אבוקדו לניקוי וטיפוח עור הידיים,המאפיה של הרמן,TR,פמלי יהלום סבון ידיי,מיליליטרים,500.00,"100 מ""ל",false,,10.00,0.0200,true,1,119065
7290017871950,false,פרשוואנס נייר טואלט לח מתכלה בניחוח לוונדר מארז שלישייה,עלבד משואות יצחק,IL,פרש וואנס נייר טואלט,יחידה,0.00,יחידה,false,,12.90,0.0000,true,1,123675
7290017872049,false,"פמלי אל סבון בניחוח לוונדר ארומטי- שלישייה 500 מ""ל",אברנסל קוסמטיקס,TR,פמלי אל סבון בניחוח,מיליליטרים,1500.00,"100 מ""ל",false,,15.00,0.0100,true,1,120675
7290017872056,false,פמלי אל סבון 3*1 הסדרה הלבנה-מעורב 500 גרם*3,אברנסל קוסמטיקס,TR,פמלי אל סבון סדרה לב,מיליליטרים,1500.00,"100 מ""ל",false,,15.00,0.0100,true,1,120676
7290017872063,false,פמלי אל סבון 3*1 ארומטרפי-מעורב 500 גרם*3,אברנסל קוסמטיקס,TR,פמלי אל סבון ארומתרפ,מיליליטרים,1500.00,"100 מ""ל",false,,15.00,0.0100,true,1,120677
7290017872186,false,טוסו - עוגיות פקאן ללא סוכר 200 גרם,"הגביע מוצרי וופלים בע""\מ",IL,טוסו עוגיות פקאן 200,גרמים,200.00,100 גרם,false,,18.90,0.0945,true,1,120580
7290017872193,false,טוסו עוגיות שקדים וקינמון ללא סוכר 200 גרם,"הגביע מוצרי וופלים בע""\מ",IL,טוסו עוגיות שקדים וק,גרמים,200.00,100 גרם,false,,18.90,0.0945,true,1,119476
7290017872650,false,"פמלי יהלום-סבון ידיים עם שמן לבנדר 500 מ""ל",המאפיה של הרמן,TR,פמלי יהלום סבון ידיי,מיליליטרים,500.00,"100 מ""ל",false,,10.00,0.0200,true,1,121292
7290017872667,false,"פמלי יהלום-סבון ידיים עם שמן קמומיל 500 מ""ל",המאפיה של הרמן,TR,פמלי יהלום סבון ידיי,מיליליטרים,500.00,"100 מ""ל",false,,10.00,0.0200,true,1,121293
7290017872872,false,בייביביס חטיפי דגנים אפויים לתינוקות בטעם גזר וסלק,טאטא גלובל בוורג'ס,IL,בייביביס חטיפי דגנים,גרמים,40.00,100 גרם,false,,14.50,0.3625,true,1,187284
7290017872889,false,מארז שקיות אשפה אקס לארג גלילונית 2*22 יח',"אליף בע""\מ",TR,גלילונית שקיות אשפה,יחידה,0.00,יחידה,false,,21.90,0.0000,true,1,186125
7290017872896,false,שקיות אשפה לארג גליל,גלילונית,,גלילונית שקיות אשפה,יחידה,0.00,יחידה,false,,21.90,0.0000,true,1,186544
7290017872902,false,גלילונית שקיות אשפה,גלילונית,,גלילונית שקיות אשפה,יחידה,0.00,יחידה,false,,21.90,0.0000,true,1,186830
7290017873008,false,גלילונית הקפאה זוג 275 יחידות,"אשפלסט תעשיות בע""מ",IL,גלילונית שקיות להקפא,יחידה,0.00,יחידה,false,,14.90,0.0000,true,1,186344
7290017873039,false,מארז זוג שקיות לסנדוויץ גלילונית 2*160 יח',"קינג באג בע""מ",TH,גלילונית שקיות אוכל,יחידה,0.00,יחידה,false,,15.90,0.0000,true,1,186588
7290017873367,false,"קרם ידיים ויטליטי לכל סוגי העור 100 מ""ל פנג'ל","דנלוג אינטרקוסמא בע""\מ",IL,פנג'ל קרם ידיים ויטל,גרמים,100.00,100 גרם,false,,12.90,0.1290,true,1,191048
7290017873381,false,תח.גוף פנג'ל אינטנסיב400,אינטרקוסמא,IL,פנג'ל תחליב גוף אינט,מיליליטרים,400.00,"100 מ""ל",false,,26.90,0.0672,true,1,191011
7290017888026,false,"משקה אננס תפוח גזר פרות & ווג 350 מ""ל",פרוט אנד וג' Fruit & Veg,IL,FRUITַ&VEG אננס תפוח,מיליליטרים,350.00,"100 מ""ל",false,,6.90,0.0197,true,1,114185
7290017888095,false,"רביעיית פחיות שוופס מוגז עדין פירות יער 330 מ""ל.",יפאורה תבורי בעמ,IL,רביעיית פחיות שוופס,מיליליטרים,1320.00,"100 מ""ל",false,,12.90,0.0098,false,1,114716
7290017888101,false,"שוויפס מוגז עדין אפרסק מארז רביעייה* 330 מ""ל",יפאורה תבורי בעמ,IL,רביעיית פחיות שוופס,מיליליטרים,1320.00,"100 מ""ל",false,,12.90,0.0098,false,1,114717
7290017888644,false,"משקה אננס בננה כורכום פרות & ווג 350 מ""ל",פרוט אנד וג' Fruit & Veg,IL,FRUITַַ&VEG כורכום א,מיליליטרים,350.00,"100 מ""ל",false,,6.90,0.0197,true,1,119880
7290017888729,false,שוופס סודה בקבוק 1 ל',"יפאורה תבורי בע""\מ",IL,שוופס סודה 1 ליטר,ליטרים,1.00,ליטר,false,,3.90,3.9000,false,1,119881
7290017888859,false,שוופס מיקס פירות תות,מיוצר עי קונדיטוריית,IL,שוופס מיקס פירות תות,מיליליטרים,330.00,"100 מ""ל",false,,3.90,0.0118,false,1,120154
7290017888972,false,בקבוק מי עדן פקק ספורט 1 ליטר,"מופק ממקור בזלתי עדן ,1",IL,מי עדן פקק ספורט 1,ליטרים,1.00,ליטר,false,,3.50,3.5000,true,1,120355
7290017917405,false,מגבוני פוליאסטר מיוחדים לשימוש בשבת,פישר מעבדות פרמצבטיות,IL,קמיל בלו מגבוני שבת,יחידה,0.00,יחידה,false,,9.90,0.0000,true,1,119769
7290017928036,false,מקלות גריסיני שומשום מאיר בייגל 175 גרם,מאיר את בייגל,IL,מקלות גריסיני שומשום,גרמים,175.00,100 גרם,false,,10.90,0.0623,true,1,117267
7290017928043,false,מקלות גריסיני קראנץ' מלח מאיר בייגל 175 גרם,מאיר את בייגל,IL,גריסיני קראנץ' מלח 1,גרמים,175.00,100 גרם,false,,10.90,0.0623,true,1,117268
7290017928098,false,שטוחלה מלח מאיר בייגל 330 גרם,מאיר את בייגל,IL,שטוחל'ה עם מלח 330 ג,גרמים,330.00,100 גרם,false,,10.90,0.0330,true,1,186828
7290017928210,false,בייגלה גדול שומשום מאיר בייגל 250 גרם,מאיר את בייגל,IL,בייגלה גדול שומשום מ,גרמים,250.00,100 גרם,false,,10.90,0.0436,true,1,117269
7290017928227,false,מאיר בייגל שטוחהלה פינוקים 300 גר',מאיר את בייגל,IL,שטוחלה פינוקים מאיר,גרמים,300.00,100 גרם,false,,10.90,0.0363,true,1,117263
7290017928463,false,מאיר בייגל -סמאש-שבורים בטעם דבש חרדל ובצל 300 גרם,מאיר בייגל,BG,סמאש שברי בייגלה בטע,גרמים,300.00,100 גרם,false,,13.90,0.0463,true,1,123757
7290017928616,false,מאיר בייגל שטוחהלה שומשום 300 גר',מאיר את בייגל,IL,שטוחלה שומשום מאיר ב,גרמים,300.00,100 גרם,false,,10.90,0.0363,true,1,117265
7290017928685,false,בייגלה שמיניות מלוח מאיר בייגל 400 גרם.,מאיר את בייגל,IL,בייגלה שמיניות עם מל,גרמים,400.00,100 גרם,false,,10.90,0.0273,true,1,187837
7290017928746,false,פירורי בייגלה מאיר בייגל 200 גרם,מאיר בייגל,IL,פירורי בייגלה 200 גר,גרמים,200.00,100 גרם,false,,6.90,0.0345,true,1,187977
7290017928807,false,בייגלה אצבעות שומשום מאיר בייגל 300 גרם,מאיר את בייגל,IL,אצבעות שומשום מאיר ב,גרמים,300.00,100 גרם,false,,10.90,0.0363,true,1,117276
7290017928821,false,מקלות גריסיני קלאסי מאיר בייגל 200 גרם,מאיר את בייגל,IL,מקלות גריסיני קלאסי,גרמים,200.00,100 גרם,false,,10.90,0.0545,true,1,117277
7290017947105,false,לחם אנג'ל בסגנון אמריקה 500 גרם,מאפיית שלמה א. אנג'\ל בע,IL,לחם בסגנון אמריקה אנ,גרמים,500.00,100 גרם,false,,13.50,0.0270,true,1,118214
7290017947457,false,חלה קלועה כוסמין אנג'ל ארוזה 500 גרם,מאפיית שלמה א.אנג'ל,IL,חלה קלועה כוסמין אנג,גרמים,500.00,100 גרם,false,,16.90,0.0338,true,1,185726
7290017947464,false,שמיניית פיתות כוסמין אנג'ל 8*50 גרם,מאפיית שלמה א.אנג'\ל בע\,IL,פיתות כוסמין 8 יח' א,גרמים,400.00,100 גרם,false,,13.90,0.0348,true,1,121624
7290017947495,false,6 לחמניות כוסמין 450 גרם אנג'ל,מאפיית שלמה א.אנג'\ל,IL,לחמניות כוסמין שישיי,גרמים,450.00,100 גרם,false,,14.90,0.0331,true,1,122336
7290017947891,false,לחם אנג'ל כוסמין וחיטה מלאה 750 גרם,מאפיית שלמה א. אנג'\ל בע,IL,לחם אנג'ל כוסמין וחי,גרמים,750.00,100 גרם,false,,12.90,0.0172,true,1,118160
7290017947921,false,לחמניות המבורגר בסגנון אמריקאי מארז 6 יח',מאפיית שלמה א. אנג'\ל בע,IL,שש לחמניות המבורגר א,גרמים,450.00,100 גרם,false,,12.50,0.0278,true,1,118355
7290017947938,false,מיני לחמניות המבורגר בסגנון אמריקה 400 ג' אנג'ל,מאפיית שלמה א. אנג'\ל בע,IL,לחמניות המבורגר 8 יח,גרמים,400.00,100 גרם,false,,13.90,0.0348,true,1,121627
7290018043196,false,פראוד - חטיף חלבון בטעם שוקולד לבן עוגיות 60 גרם,הרת'סייד פוד סולושיי,NL,חטיף חלבון בטעם שוקו,גרמים,60.00,100 גרם,false,,11.90,0.1983,true,1,186197
7290018071533,false,נר נשמה 48 שעות בכוס זכוכית - נרות חסידים,,,נר נשמה 48 שעות בכוס,יחידה,0.00,יחידה,false,,4.90,0.0000,true,1,191132
7290018091081,false,מאפה פילו תרד וגבינות מעדנות 320 גרם,"מעדנות בע""\מ",IL,מאפה פילו תרד וגבינו,גרמים,320.00,100 גרם,false,,19.90,0.0622,true,1,188892
7290018091616,false,מקלות פילו גבינה מעדנות 450 גרם,מיוצר עי קונדיטוריית,IL,מקלות פילו גבינה מעד,גרמים,450.00,100 גרם,false,,17.90,0.0398,true,1,120720
7290018091661,false,פיצה ירקות שוק מעדנות 380 גרם,"מעדנות בע""\מ",IL,פיצה ירקות שוק 380 ג,גרמים,380.00,100 גרם,false,,18.90,0.0497,true,1,186547
7290018091821,false,פיצה נפוליטנה מעדנות 200 גרם,תנובה מעדנות,IL,פיצה נפוליטנה מעדנות,גרמים,210.00,100 גרם,false,,14.90,0.0710,false,1,121906
7290018131756,false,מאגדת שלגון וניל מצופה תות נסטלה 440 גרם,גלידות נסטלה )נגה גלידות,IL,מאגדת שלגונים וניל מ,גרמים,440.00,100 גרם,false,,26.50,0.0602,true,1,124015
7290018131855,false,אקסטרים טילון בראוניז בדצ מאגדת 6*72 גרם נסטלה,גלידות נסטלה )נגה גלידות,IL,מאגדת אקסטרים בראוני,גרמים,432.00,100 גרם,false,,32.00,0.0741,true,1,124134
7290018131879,false,אקסטרים טילון חלב בדצ מאגדת 6*72 גרם נסטלה,גלידות נסטלה )נגה גלידות,IL,מאגדת אקסטרים ריבת ח,גרמים,432.00,100 גרם,false,,32.00,0.0741,true,1,124135
7290018131893,false,אקסטרים טילון פקאן בדצ מאגדת 6*72 גרם נסטלה,גלידות נסטלה )נגה גלידות,IL,מאגדת אקסטרים פקאן,גרמים,518.00,100 גרם,false,,32.00,0.0618,true,1,124136
7290018131954,false,קרחון שרבט פרווה לה פרוטה תות שדה ושוקולד מריר,נגה גלידות שותפות מוגבלת,IL,מאגדת שלגונים לה פרו,גרמים,350.00,100 גרם,false,,27.90,0.0797,true,1,124018
7290018156124,false,"אל סבון קמיל צבעוני ד""ר פישר שלישיה* 500 מ""ל",פישר תעשיות,IL,אל סבון קמיל שלישייה,מיליליטרים,1500.00,"100 מ""ל",false,,18.90,0.0126,true,1,117807
7290018165447,false,"יין רזרב GOLD מרלו ברקן 750 מ""ל",יקבי ברקן שיווק והפצה בע,IL,רזרב גולד מרלו 750 מ,מיליליטרים,750.00,"100 מ""ל",false,,34.90,0.0465,false,1,123597
7290018192023,false,מקלות סלרי ארוז יח',"מרינה פטריות הגליל בע""מ",IL,מקלות סלרי,יחידה,0.00,יחידה,false,,6.90,0.0000,true,1,116721
7290018192658,false,מארז זוג פטריות פורטובלה ושמפיניון מרינה,"מרינה פטריות הגליל בע""מ",IL,צמד חמד שמפניון מרינ,יחידה,0.00,יחידה,false,,15.90,0.0000,true,1,121096
7290018198056,false,תפוגן קוביות תפוחי אדמה 9*1.5קג,עיצובים 2020 (4.5),IL,תפוגן קוביות תפוחי א,קילוגרמים,1.50,"ק""ג",false,,25.90,17.2667,true,1,119608
7290018198148,false,"תפוגן קריספי צ'יפס קלאסי 1.25 ק""ג",עיצובים 2020 (4.5),IL,תפוגן קריספי צ'יפס ק,קילוגרמים,1.25,"ק""ג",false,,25.90,20.7200,true,1,125007
7290018198209,false,צ'יפס בטטה קראנצ'י תפוגן 500 גרם,"תעשיות תפוגן בע""מ",IL,תפוגן צ'יפס בטטה קרא,גרמים,500.00,100 גרם,false,,19.90,0.0398,true,1,122917
7290018208052,false,תמר לח חיאני 500 גרם,,,תמר לח 500 גר,גרמים,500.00,100 גרם,false,,9.90,0.0198,true,1,120338
7290018213100,false,דלי מגבונים לניקוי כללי שייני focus,,IL,דלי מגבונים לניקוי כ,יחידה,0.00,יחידה,false,,19.90,0.0000,true,1,120316
7290018213124,false,דלי מטליות לחות לריצ,,,דלי מטליות לחות לריצ,יחידה,0.00,יחידה,false,,29.90,0.0000,true,1,190977
7290018213971,false,סט קופסאות אחסון 3יח,,IL,סט קופסאות אחסון 100,יחידה,0.00,יחידה,false,,7.90,0.0000,true,1,188910
7290018219584,false,ערמונים אורגניים קלויים קלופים 100 ג' זארובי,זארובי,IL,ערמונים אורגניים קלו,גרמים,100.00,100 גרם,false,,5.00,0.0500,false,1,187970
7290018219607,false,גרעיני דלעת 200 גר',זארובי,,גרעיני דלעת 200 גר',גרמים,200.00,100 גרם,false,,10.90,0.0545,true,1,119757
7290018228586,false,מפיץ ריח באמצעות מקל,,,מפיץ ריח באמצעות מקל,יחידה,0.00,יחידה,false,,29.90,0.0000,true,1,188297
7290018236086,false,"נקניקיות במליחות מעודנת עוף טוב 1 ק""ג",עיצובים 2020 (4.9),,נקניקיות עוף במליחות,קילוגרמים,1.00,"ק""ג",false,,31.90,31.9000,true,1,119860
7290018236635,false,צ'ונגו-פופקורן מצופה עוף טוב 600 גרם,מוצרי עוף טוב (2001) בע\,IL,עוף טוב צונג'ו פופקו,גרמים,600.00,100 גרם,false,,34.90,0.0582,true,1,123088
7290018237281,false,עוף טוב נקניק סלמי ירדן 550 גר',מוצרי עוף טוב (2001) בע\,IL,סלמי ירדן 550 גר,גרמים,550.00,100 גרם,false,,24.90,0.0453,true,1,126373
7290018237373,false,עוף טוב פסטרמה צרובה על הגריל נתח שלם 8*300 גרם,מוצרי עוף טוב (2001) בע\,IL,עוף טוב פסטרמה צרובה,גרמים,300.00,100 גרם,false,,26.90,0.0897,true,1,126091
7290018237397,false,עוף טוב פסטרמה מקורמלת נתח שלם 8*300 גרם,מוצרי עוף טוב (2001) בע\,IL,עוף טוב פסטרמה מקורמ,גרמים,300.00,100 גרם,false,,26.90,0.0897,true,1,126092
7290018237410,false,עוף טוב פסטרמה במעשנה נתח שלם 8*300 גרם,מוצרי עוף טוב (2001) בע\,IL,עוף טוב פסטרמה במעשנ,גרמים,300.00,100 גרם,false,,26.90,0.0897,true,1,126093
7290018237496,false,פסטרמה בדבש דק דק עוף טוב 200 גרם,"עוף טוב (שאן) בע""מ",IL,עוף טוב דק דק פסטרמה,גרמים,220.00,100 גרם,false,,21.00,0.0955,true,1,187131
7290018237502,false,עוף טוב כתף בקר דק-דק 200 גרם,"עוף טוב (שאן) בע""מ",IL,עוף טוב דק דק כתף בק,גרמים,200.00,100 גרם,false,,19.90,0.0995,true,1,187129
7290018237731,false,זוג פסטרמות ברביקיו ומעושנת עוף טוב 600 גרם,עוף טוב,IL,מארז פסטרמה ברבקיו ו,גרמים,600.00,100 גרם,false,,24.90,0.0415,true,1,187795
7290018237922,false,שניצלונים ציפוי צ'יפס עוף טוב 700 גרם,מוצרי עוף טוב (2001) בע\,IL,שניצלונים בציפוי צ'י,גרמים,700.00,100 גרם,false,,18.90,0.0270,true,1,188623
7290018237939,false,שניצלונים ציפוי שומשום עוף טוב 700 גרם,מוצרי עוף טוב (2001) בע\,IL,שניצלונים בציפוי שומ,גרמים,700.00,100 גרם,false,,18.90,0.0270,true,1,188622
7290018237960,false,עוף טוב כתף בקר עסיסי 265 גרם,עיצובים 2020 (4.9),IL,עוף טוב כתף בקר עסיס,גרמים,265.00,100 גרם,false,,24.90,0.0940,true,1,189515
7290018237984,false,סלמי פפרוני פיקנטי מפולפל 8*320ג עוף טוב,עיצובים 2020 (4.9),IL,עוף טוב סלמי פפרוני,גרמים,320.00,100 גרם,false,,24.90,0.0778,true,1,189511
7290018294352,false,"ארק יקבי כרמל 700 מ""",יקבי כרמל Carmel Winery,ES,"ערק כרמל 700 מ""ל",מיליליטרים,700.00,"100 מ""ל",false,,49.90,0.0713,true,1,187137
7290018294369,false,"מיץ ענבים תירוש כרמל 700 מ""ל",יקבי כרמל Carmel Winery,IL,"תירוש אדום 700 מ""ל",מיליליטרים,700.00,"100 מ""ל",false,,13.90,0.0199,true,1,190140
7290018294383,false,פינו גרי 750מ סדרה אזורית יקבי כרמל,כרמל מזרחי,IL,סדרה אזורית פינו גרי,מיליליטרים,750.00,"100 מ""ל",false,,54.90,0.0732,true,1,187974
7290018294918,false,מונלייט מוסקטו רוזה מתוק מבעבע 750מל,יקבי כרמל Carmel Winery,IL,יין כרמל MOONLIGHT מ,מיליליטרים,750.00,"100 מ""ל",false,,34.90,0.0465,true,1,189303
7290018296042,false,לחם טוסט אמריקה אגמי,מאפיית אגמי,IL,לחם טוסט אמריקה אגמי,גרמים,500.00,100 גרם,false,,12.50,0.0250,true,1,126901
7290018296202,false,לחם אחיד פלוס כוסמין,מאפיית אגמי,IL,לחם אחיד פלוס כוסמין,גרמים,650.00,100 גרם,false,,13.90,0.0214,true,1,117582
7290018296257,false,לחם בריאות ושובע שיבולת שועל 550 גר,מאפיית אגמי,IL,לחם בריאות ושובע שיב,גרמים,550.00,100 גרם,false,,16.60,0.0302,true,1,126717
7290018296455,false,לחם דגנים קל מרובע חלי ממן 750גר,מאפיית אגמי,IL,לחם דגנים קל מרובע ח,גרמים,750.00,100 גרם,false,,16.90,0.0225,true,1,188985
7290018296608,false,לחם בריאות ושובע 9 דגנים קל,מאפיית אגמי,IL,לחם בריאות ושובע 9 ד,גרמים,600.00,100 גרם,false,,13.90,0.0232,true,1,117584
7290018296615,false,פיתה ביס כוסמין מלא 10יח,"מאפיית אגמי בע""מ",IL,פיתה ביס כוסמין מלא,גרמים,450.00,100 גרם,false,,16.60,0.0369,true,1,117585
7290018296806,false,לחם בריאות ושובע מועשר בסיבים,מאפיית אגמי,IL,לחם בריאות ושובע מוע,גרמים,600.00,100 גרם,false,,13.90,0.0232,true,1,117580
7290018296813,false,פיתה ביס קלה 10 יח 4,"מאפיית אגמי בע""מ",,פיתה קלה ביס 10 יח',גרמים,450.00,100 גרם,false,,13.90,0.0309,true,1,117586
7290018333020,false,"שלוקים-משקה קל בטעם ענבים קש 40 יח' 200 מ""ל",כרמית,IL,שלוקים בטעם ענבים עם,ליטרים,8.00,ליטר,false,,32.90,4.1125,true,1,122915
7290018333945,false,חטיף אגוזים רפאלס שקד ווניל בדצ 150 גר *12יח,כרמית תעשיות ממתקים,IL,חטיף אגוזים רפאלס שק,גרמים,150.00,100 גרם,false,,14.90,0.0993,true,1,125779
7290018333952,false,חטיף אגוזים רפאלס וחמוציות בדצ 150 גר *12יח,כרמית תעשיות ממתקים,IL,חטיף אגוזים וחמוציות,גרמים,150.00,100 גרם,false,,14.90,0.0993,true,1,125780
7290018333969,false,חטיף גרנולה רפאלס שקדים וטחינה בדצ 150 גר *12יח,כרמית תעשיות ממתקים,IL,חטיף גרנולה שקדים וט,גרמים,150.00,100 גרם,false,,14.90,0.0993,true,1,125781
7290018333976,false,חטיף גרנולה רפאלס קשיו וקוקוס בדצ 150 גר *12יח,כרמית תעשיות ממתקים,IL,חטיף גרנולה קשיו וקו,גרמים,150.00,100 גרם,false,,14.90,0.0993,true,1,125782
7290018338698,false,פנה דורום מלא אורגני 500 גרם,תבואות,IT,פנה מקמח דורום אורגנ,גרמים,500.00,100 גרם,false,,8.40,0.0168,true,1,187769
7290018338704,false,פוסילי דורום מלא אורגני 500 גרם,תבואות,IT,פוסילי מקמח דורום או,גרמים,500.00,100 גרם,false,,8.40,0.0168,true,1,187770
7290018343296,false,דר פישר אלכוגל H לידיים 100 מל,מדי פישר,IL,"אלכוג'ל 100 מ""ל",מיליליטרים,100.00,"100 מ""ל",false,,9.90,0.0990,true,1,126421
7290018394021,false,ח.תקוע פטריות מלך היער,חוות פטריות תקוע,CN,פטריות מלך היער,יחידה,0.00,יחידה,false,,13.90,0.0000,true,1,125476
7290018394038,false,פטריות שיטאקה מיובשות חוות תקוע 25 גרם,חקלאי,IL,פטריות שיטאקי מיובשו,גרמים,25.00,100 גרם,false,,8.40,0.3360,true,1,122775
7290018394083,false,שופ פנינה חוות תקוע 200 גרם,FOODS YOKID QINGADO,IL,שום פנינה 250 גר' חו,גרמים,250.00,100 גרם,false,,12.90,0.0516,true,1,126523
7290018394144,false,בצלצלי איזי שאלוט חוות תקוע,גורמה,NL,איזי שאלוט,גרמים,350.00,100 גרם,false,,9.50,0.0271,true,1,188809
7290018400470,false,כרישה חתוכה מוקפאת 600 גרם סנפרוסט,"סנפרוסט בע""מ",IL,כרשה חתוכה קפואה סנפ,גרמים,600.00,100 גרם,false,,16.90,0.0282,true,1,191159
7290018400661,false,לקט פאייה בסגנון ספרדי סנפרוסט 800 גרם,"סנפרוסט בע""\מ",IL,לקט פאייה בסגנון ספר,גרמים,800.00,100 גרם,false,,21.00,0.0263,true,1,126826
7290018440230,false,תה צ'אי ורדים 25 שקיקים ויסוצקי,תה ויסוצקי,IL,צ'אי ורדים,גרמים,50.00,100 גרם,false,,19.90,0.3980,true,1,186236
7290018440384,false,תה ירוק מאטה לימון נענע ויסוצקי 25 יחידות,תה ויסוצקי,IL,תה ירוק מאטה לימון נ,גרמים,37.50,100 גרם,false,,24.90,0.6640,false,1,186218
7290018440438,false,Calvo טונה בשמן זית פתיחה קלה 3 * 65 גרם,"קאלוו קונסרבס ס.ל.יו. ,",ES,טונה EASY ELIP בשמן,גרמים,195.00,100 גרם,false,,25.90,0.1328,true,1,189260
7290018440445,false,טונה קאלוו בשמן זית 160 גר,"קאלוו קונסרבס ס.ל.יו. ,",ES,טונה בשמן זית 160 גר,גרמים,160.00,100 גרם,false,,15.90,0.0994,true,1,189263
7290018440490,false,סלט טונה קאלוו עם קוסקוס 150 גר,"קאלוו קונסרבס ס.ל.יו. ,",ES,סלט טונה עם קוסקוס 1,גרמים,150.00,100 גרם,false,,13.90,0.0927,true,1,189264
7290018440513,false,סלט קליפורנייה קאלוו עם טונה 150 גר,"קאלוו קונסרבס ס.ל.יו. ,",ES,סלט קליפורניה עם טונ,גרמים,150.00,100 גרם,false,,13.90,0.0927,true,1,189261
7290018441626,false,גלידת פיינטים מנטה עוגיות 430 ג' בן וג'ירי,מוצרי איכות אמריקאיים בע,IL,בן אנד ג'ריס גלידת מ,מיליליטרים,500.00,"100 מ""ל",false,,18.90,0.0378,true,1,187437
7290018468401,false,פסטרמה צמחונית בטעם גריל 100 גר טירת צבי,טיב טירת צבי 2000,IL,פסטרמה צמחונית בטעם,גרמים,120.00,100 גרם,false,,14.90,0.1242,true,1,190561
7290018468418,false,פסטרמה צמחונית טעם מפולפל 120 גרם טירת צבי,טיב טירת צבי 2000,IL,פסטרמה צמחונית בטעם,גרמים,120.00,100 גרם,false,,14.90,0.1242,true,1,190562
7290018468425,false,נקניק טבעוני בטעם פיקנטי 100 גרם טירת צבי,טיב טירת צבי 2000,IL,נקניק טבעוני בטעם פי,גרמים,100.00,100 גרם,false,,14.90,0.1490,true,1,190563
7290018468432,false,נקניק טבעוני בטעם מעושן 100 גרם טירת צבי,טיב טירת צבי 2000,IL,נקניק טבעוני בטעם מע,גרמים,100.00,100 גרם,false,,14.90,0.1490,true,1,190564
7290018471029,false,"סודה בטעם לימון - מארז 6 בקבוקים 500 מ""ל",יפאורה תבורי בעמ,IL,שישייה סודה שוופס לי,ליטרים,3.00,ליטר,false,,14.90,4.9667,true,1,122416
7290018471180,false,משקה פרוט& ווג' אננס תפוח גזר 1 ליטר,פרוט אנד וג' Fruit & Veg,IL,פרוט & ווג' אננס תפו,ליטרים,1.00,ליטר,false,,11.90,11.9000,true,1,125020
7290018471197,false,פרוט & ווג' תפוח בננה מלון נענע 1 ליטר,פרוט אנד וג' Fruit & Veg,IL,פרוט & ווג' תפוח בננ,ליטרים,1.00,ליטר,false,,11.90,11.9000,true,1,125021
7290018471210,false,קרטונית נקטר ספרינג תפוח סברס 1 ליטר,"יפאורה תבורי בע""\מ",IL,ספרינג קרטונית אגס ת,ליטרים,1.00,ליטר,false,,6.90,6.9000,false,1,125026
7290018471395,false,משקה פרוט& ווג' תפוח רימון ג'ינג'ר 1 ליטר,פרוט אנד וג' Fruit & Veg,IL,פרוט & ווג' תפוח רימ,ליטרים,1.00,ליטר,false,,11.90,11.9000,true,1,125019
7290018471401,false,משקה פרוט& ווג' אננס בננה כורכום 1 ליטר,פרוט אנד וג' Fruit & Veg,IL,פרוט & ווג' אננס בננ,ליטרים,1.00,ליטר,false,,11.90,11.9000,true,1,125022
7290018471449,false,קרטונית ספרינג שייק בננה תמר תפוז 1 ליטר,"יפאורה תבורי בע""\מ",IL,ספרינג שייק בננה תמר,ליטרים,1.00,ליטר,false,,9.90,9.9000,true,1,126426
7290018471463,false,תפוזינה נקטר תפוז מנגו קרטונית 1 ליטר,"יפאורה תבורי בע""\מ",IL,תפוזינה נקטר תפוז מנ,ליטרים,1.00,ליטר,false,,6.90,6.9000,false,1,125341
7290018471470,false,תפוזינה נקטר תפוז פסיפלורה קרטונית 1 ליטר,"יפאורה תבורי בע""\מ",IL,תפוזינה נקטר תפוז פס,ליטרים,1.00,ליטר,false,,6.90,6.9000,false,1,125342
7290018471487,false,תפוזינה נקטר תפוז אננס קרטונית 1 ליטר,"יפאורה תבורי בע""\מ",IL,תפוזינה נקטר תפוז אנ,ליטרים,1.00,ליטר,false,,6.90,6.9000,false,1,125340
7290018471494,false,תפוזינה משקה תפוז גזר קרטונית 1 ליטר,"יפאורה תבורי בע""\מ",IL,תפוזינה משקה תפוז גז,ליטרים,1.00,ליטר,false,,6.90,6.9000,false,1,125343
7290018471548,false,"רביעיית ספרינג ענבים 250 מ""ל","יפאורה תבורי בע""\מ",IL,"ספרינג ענבים 250 מ""ל",ליטרים,1.00,ליטר,false,,12.90,12.9000,false,1,124680
7290018471692,false,ספרינג שייק בננה אננס קוקוס פירות יער קרטונית 1 ליטר,"יפאורה תבורי בע""\מ",IL,ספרינג שייק בננה אגס,ליטרים,1.00,ליטר,false,,9.90,9.9000,true,1,126428
7290018471906,false,שוופס מוגז פירות לימונדה ורודה 1.5 ליטר פיקדון,"יפאורה תבורי בע""\מ",IL,שוופס מוגז פירות לימ,ליטרים,1.50,ליטר,false,,8.90,5.9333,false,1,186573
7290018471913,false,משקה מוגז פירות תפוחים שוופס 1.5 ליטר,"יפאורה תבורי בע""\מ",IL,שוופס מוגז פירות תפו,ליטרים,1.50,ליטר,false,,8.90,5.9333,false,1,186574
7290018471920,false,שוופס מוגז פירות ענבים 1.5 ליטר פיקדון,"יפאורה תבורי בע""\מ",IL,שוופס מוגז פירות ענב,ליטרים,1.50,ליטר,false,,8.90,5.9333,false,1,186575
7290018471937,false,שוופס מוגז פירות תות ליים 1.5 ליטר פיקדון,"יפאורה תבורי בע""\מ",IL,שוופס מוגז פירות תות,ליטרים,1.50,ליטר,false,,8.90,5.9333,false,1,186576
7290018471944,false,שוופס מוגז פירות לימונייד 1.5 ליטר פיקדון,"יפאורה תבורי בע""\מ",IL,שוופס מוגז פירות לימ,ליטרים,1.50,ליטר,false,,8.90,5.9333,false,1,186577
7290018471951,false,שוופס מוגז פירות אשכולית אדומה 1.5 ליטר פיקדון,"יפאורה תבורי בע""\מ",IL,שוופס מוגז פירות אשכ,ליטרים,1.50,ליטר,false,,8.90,5.9333,false,1,186578
7290018493021,false,"אל סבון לידיים ד""ר פישר מדקס 500 מ""ל",פישר תעשיות,IL,מדקס אל סבון אקטיבי,מיליליטרים,500.00,"100 מ""ל",false,,17.90,0.0358,true,1,123671
7290018493144,false,קמיל קלין &נוריש אל סבון מועשר בשמן ארגן 1 ליטר,פישר מעבדות פרמצבטיות,IL,קמיל אל סבון מועשר ב,ליטרים,1.00,ליטר,false,,15.90,15.9000,true,1,123701
7290018493700,false,"סבון ידיים ויטמינים לילדים כחול 500 מ""ל ד""ר פישר",מדי פישר,IL,קידס אל סבון ויטמיני,מיליליטרים,500.00,"100 מ""ל",false,,12.90,0.0258,true,1,185845
7290018493915,false,"ד""ר פישר - שמן גוף לתינוק מעושר בשמן שקדים 200 מ""ל",פישר מעבדות פרמצבטיות בע,IL,שמן גוף לתינוק מועשר,מיליליטרים,200.00,"100 מ""ל",false,,17.90,0.0895,true,1,187792
7290018500231,false,לחם פרוס וויקאנד אנג'ל 750 גרם,מאפיית אנג'ל,IL,לחם וויקאנד אנג'ל,גרמים,750.00,100 גרם,false,,12.90,0.0172,true,1,188857
7290018500361,false,"לחם שחור פרוס 900 גרם ""אנג'ל"" -מוצר בפיקוח",מאפיית שלמה א. אנג'\ל בע,IL,לחם אחיד פרוס אנג'ל,גרמים,900.00,100 גרם,false,,8.53,0.0095,false,1,189304
7290018516041,false,פרמיו דליקט עוף לחתול,פרמיו Premio,CN,פרמיו דליקט עוף 56 ג,גרמים,56.00,100 גרם,false,,10.00,0.1786,true,1,189374
7290018516065,false,פרמיו דליקט טונה וסלמון לחתול,פרמיו Premio,CN,פרמיו דליקט טונה וסל,גרמים,56.00,100 גרם,false,,10.00,0.1786,true,1,189377
7290018516560,false,פרמיו דליקט עוף וסרט,סאטורן,DE,פרמיו דליקט עוף וסרט,גרמים,56.00,100 גרם,false,,10.00,0.1786,true,1,190094
7290018516577,false,פרמיו דליקט עוף לחתלתול 56 גר',סאטורן,DE,פרמיו דליקט עוף לחתל,גרמים,56.00,100 גרם,false,,10.00,0.1786,true,1,190095
7290018516744,false,"פרמיו סופרים עוף וסלמון לחתול בוגר 3 ק""ג",,,פרמיו סופרים עוף וסל,קילוגרמים,3.00,"ק""ג",false,,59.90,19.9667,true,1,190070
7290018516799,false,פטה עוף וכבד לחתול בוגר פרמיו 400 ג,,,פרמיו פטה עוף וכבד ל,גרמים,400.00,100 גרם,false,,5.90,0.0148,true,1,190106
7290018516805,false,פרמיו פטה עוף לחתול,,,פרמיו פטה עוף לחתול,גרמים,400.00,100 גרם,false,,5.90,0.0148,true,1,190107
7290018516836,false,פרמיו סטרילייז סלמון,,,פרמיו סטרילייז סלמון,גרמים,400.00,100 גרם,false,,5.90,0.0148,true,1,190108
7290018516867,false,פרמיו עוף ואורז במרק,,IT,פרמיו עוף ואורז במרק,גרמים,400.00,100 גרם,false,,5.90,0.0148,true,1,190109
7290018516881,false,פטה סלמון ואורז לכלב בוגר פרמיו 400 ג,,IT,פרמיו סלמון ואורז לכ,גרמים,400.00,100 גרם,false,,5.90,0.0148,true,1,190111
7290018516942,false,"פרמיו סופרים מועשר בעוף לכלב בוגר 3ק""ג",פרמיו Premio,,פרמיו סופרים עופות ל,קילוגרמים,3.00,"ק""ג",false,,49.90,16.6333,true,1,190073
7290018517000,false,כפפות אלוורה רב פעמי,,,כפפות גומי,יחידה,0.00,יחידה,false,,6.90,0.0000,true,1,122783
7290018517260,false,זרעי פשתן 100% טבעי הנמל 400 ג',,,זרעי פשתן 300 גר' 10,גרמים,300.00,100 גרם,false,,10.90,0.0363,true,1,187744
7290018540329,false,שקית פיתה פיתה בלדי 800 ג' אנג'ל,מאפיית שלמה א. אנג'\ל בע,IL,פיתות אנג'ל 8 יח',גרמים,880.00,100 גרם,false,,11.50,0.0131,true,1,124191
7290018540817,false,ארטיזנל לחם מחמצת כוסמין אנג'ל 500 גרם,מאפיית אורנים,IL,ארטיזנל לחם מחמצת כו,גרמים,500.00,100 גרם,false,,16.90,0.0338,true,1,186780
7290018540824,false,ארטיזנל לחם מחמצת כפרי אנג'ל 500 גרם,מאפיית אורנים,IL,ארטיזנל לחם מחמצת כפ,גרמים,500.00,100 גרם,false,,15.90,0.0318,true,1,186781
7290018540831,false,ארטיזנל לחם מחמצת חיטה מלאה ודגנים אנג'ל 500 גרם,מאפיית אורנים,IL,ארטיזנל לחם מחמצת חי,גרמים,500.00,100 גרם,false,,15.90,0.0318,true,1,186782
7290018564622,false,"בני דרום - שום כתוש טבליות 80 ג""ר",בני דרום,IL,שום כתוש טבליות 80 ג,גרמים,80.00,100 גרם,false,,9.90,0.1238,true,1,186466
7290018652039,false,לה קרמריה קרמל מלוח ונוגט בדצ 6*1.4 ליטר,גלידות נסטלה )נגה גלידות,IL,לה קרמריה קרמל מלוח,ליטרים,1.40,ליטר,false,,22.90,16.3571,true,1,124137
7290018652213,false,מאגדת חטיפי גלידה קראנץ בר 41X6 גרם,פרונרי איטליה,IT,נסטלה מאגדת קראנץ בר,גרמים,246.00,100 גרם,false,,22.90,0.0931,true,1,187615
7290018652657,false,פרוייקט סער-מאגת לייט מנגו נסטלה 6*52 גרם,גלידות נסטלה,IL,מאגדת לייט מנגו שישי,גרמים,312.00,100 גרם,false,,27.90,0.0894,true,1,187616
7290018652671,false,"לה קרמריה שוקולד וניל 1.4 ליטר [תו אי""ל]",גלידות נסטלה,IL,לה קרמריה שוקו וניל,ליטרים,1.40,ליטר,false,,22.90,16.3571,false,1,187687
7290018652688,false,לה קרמריה פירות טרופיים ופירות יער נסטלה 700 גרם,גלידות נסטלה,IL,לה קרמריה פירות טרופ,ליטרים,1.40,ליטר,false,,22.90,16.3571,false,1,187688
7290018652886,false,שלגונים בשומן צמחי בטעמי שוקו ובננה מצופים צימקאו,גלידות נסטלה,IL,מאגדת שלגונים מצופים,גרמים,476.00,100 גרם,false,,26.90,0.0565,true,1,189933
7290018652909,false,מאגדת מאגנום קפה שוקולד ופקאן 5 *43 ג' נסטלה,גלידות נסטלה,IL,מאגדת אספרסו שוקולד,גרמים,225.00,100 גרם,false,,27.90,0.1240,true,1,187617
7290018652923,false,פרוייקט סער-תות עוגת גבינה נסטלה 5*43 גרם,גלידות נסטלה,IL,מאגדת תות עוגת גבינה,גרמים,225.00,100 גרם,false,,27.90,0.1240,true,1,187618
7290018691007,true,פינגר ליים,,,פינגר ליים,,0.00,,false,,29.90,0.0000,true,1,123119
7290018703083,false,פראוד חטיף חלבון דאבל שוקולד 60 גרם קראנץ,פראוד PROUD,NL,פראוד חטיף חלבון דאב,גרמים,60.00,100 גרם,false,,11.90,0.1983,true,1,189030
7290018703311,false,פראוד - חטיף חלבון קרם עוגיות קראנצ' 60ג,v.s.i,NL,חטיף חלבון בטעם קרם,גרמים,60.00,100 גרם,false,,11.90,0.1983,true,1,189023
7290018703496,false,פראוד - חטיף חלבון בטעם בננה טופי 60 גרם,פראוד PROUD,NL,פראוד חטיף חלבון בננ,גרמים,60.00,100 גרם,false,,11.90,0.1983,true,1,189031
7290018795385,false,חסה לליק מהדרין קמעונאי,"מרינה פטריות הגליל בע""מ",IL,חסה לליק,יחידה,0.00,יחידה,false,,13.90,0.0000,true,1,187232
7290018878224,false,עוגיות מיני קוקיס שוקולד בצנצנת כרמית 600 גרם,כרמית,IL,מיני קוקיס בטעם שוקו,גרמים,600.00,100 גרם,false,,15.90,0.0265,true,1,190446
7290018878231,false,"מיני קוקיס לל""ס בטעם שוקולד 600 גרם",Carmit,,"מיני קוקיס לל""ס בטעם",גרמים,600.00,100 גרם,false,,21.90,0.0365,true,1,190445
7290018889305,false,עוגה קריסטלית לב רד וולוט חלבי 225 ג' נטלי,,,קינוח לב אדום נטלי,יחידה,0.00,יחידה,false,,19.90,0.0000,true,1,189102
7290018889404,false,עוגת פס רד וולוט חלבי נטלי 550 גרם,,,פס עוגת רד וולווט נט,יחידה,0.00,יחידה,false,,43.90,0.0000,true,1,189104
7290018889473,false,עוגה קריסטלית לב מוס גבינה מצופה פררו רושה 170ג' נטלי,,,קינוח מוס גבינה נטלי,יחידה,0.00,יחידה,false,,19.90,0.0000,true,1,189103
7290018893258,false,צ'וקטה עוגות אישיות במילוי קרם קרמל ובציפוי בטעם שוקולד 300 גרם,פרדי קונדיטוריה אס.פ,IT,צ'וקטה עוגות אישיות,גרמים,300.00,100 גרם,false,,11.90,0.0397,true,1,126743
7290018893265,false,צ'וקטה עוגות אישיות במילוי קרם עם קקאו 240 גר',פרדי קונדיטוריה אס פ,IT,צ'וקטה עוגות אישיות,גרמים,240.00,100 גרם,false,,10.90,0.0454,true,1,126745
7290018893272,false,צוקטה בונבוניירה צדפות בלגי יוגטה 125 גרם,נאטראג'\אקאלי,BE,צ'וקטה צדפות שוקולד,גרמים,125.00,100 גרם,false,,12.90,0.1032,true,1,188270
7290018893333,false,צ'וקטה קרקרים במליחות מעודנת 500 גרם,סטרופוופל,PT,צ'וקטה קרקרים במליחו,גרמים,500.00,100 גרם,false,,12.90,0.0258,true,1,190406
7290018893418,false,שוקולד מריר 60% מארז 6 יח' *100 ג' צ'וקטה,צ'וקטה Chocketa,ES,צ'וקטה שוקולד מריר 6,גרמים,600.00,100 גרם,false,,21.90,0.0365,true,1,187070
7290018893425,false,צוקטה ממרח אגוזי לוז וקקאו דואו 700 גר,נאטרא מאלה,BE,צ'וקטה ממרח דואו 700,גרמים,700.00,100 גרם,false,,19.90,0.0284,false,1,187169
7290018893456,false,צ'וקטה עוגות אישיות במילוי קרם ובציפוי בטעם שוקולד 300 גרם,"פרדי קונדיטוריה אס,פי.אי",IT,צ'וקטה עוגות אישיות,גרמים,300.00,100 גרם,false,,11.90,0.0397,true,1,126742
7290018893531,false,קרקרים מלוחים צ'וקטה,סטרופוופל,PT,צ'וקטה קרקרים מלוחים,גרמים,500.00,100 גרם,false,,12.90,0.0258,true,1,190407
7290018893616,false,שישיית שוקולד מריר 48% צ'וקטה 100 גרם,איברקקאו,ES,צ'וקטה מארז שוקולד מ,גרמים,600.00,100 גרם,false,,19.90,0.0332,true,1,186670
7290018893753,false,צוקטה וופל חמאה בטעם לימון 100 גרם,שסטוביץ,BE,צ'וקטה וופל חמאה בטע,גרמים,100.00,100 גרם,false,,9.90,0.0990,true,1,189736
7290018893807,false,צ'וקטה - שוקולד מריר שלישייה 3 * 100 גרם,אייברקקאו אס אי. יו,ES,שוקולד צ'וקטה מריר 6,גרמים,300.00,100 גרם,false,,10.90,0.0363,true,1,186212
7290018893814,false,חמישיית שוקולד מריר 48% צ'וקטה 100 גרם,הדקלאים אגודת שיתופי,ES,שוקולד מריר 48% חמיש,גרמים,500.00,100 גרם,false,,15.90,0.0318,true,1,186020
7290018893876,false,עוגות אישיות רכות עם מילוי קרם בטעם וניל,פרדי קונדיטוריה אס.פ,IT,צ'וקטה עוגות אישיות,גרמים,200.00,100 גרם,false,,10.90,0.0545,true,1,126746
7290018893951,false,צ'וקטה עוגיות וופל חמאה קינמון 100 גרם,צ'וקטה,BE,צ'וקטה וופל חמאה בטע,גרמים,100.00,100 גרם,false,,9.90,0.0990,true,1,190010
7290018921067,false,"ד""ר פישר - אפקטיב קר תחליב רחצה שמן שקדים 700 מ""ל",פישר מעבדות פרמצבטיות בע,IL,אפקטיב קר תחליב רחצה,מיליליטרים,700.00,"100 מ""ל",false,,16.90,0.0241,true,1,187384
7290018921456,false,"ד""ר פישר - אפקטיב קר תחליב רחצה שמן כותנה 700 מ""ל",פישר מעבדות פרמצבטיות בע,IL,אפקטיב קר תחליב רחצה,מיליליטרים,700.00,"100 מ""ל",false,,16.90,0.0241,true,1,187385
7290018921654,false,"ד""ר פישר - אפקטיב קר תחליב רחצה תמצית לוונדר 700 מ""ל",פישר מעבדות פרמצבטיות בע,IL,אפקטיב קר תחליב רחצה,מיליליטרים,700.00,"100 מ""ל",false,,16.90,0.0241,true,1,187386
7290018921753,false,קמיל אל סבון היגייני לניקוי יסודי מועשר בלחות 1 ליטר,פישר תעשיות,IL,אל סבון מועשר בתמציו,ליטרים,1.00,ליטר,false,,15.90,15.9000,true,1,187113
7290018925065,false,מיץ פרימור תפוזים סחוט 2 ליטר-,"גניר (1992) בע""מ",IL,מיץ תפוזים סחוט פרימ,ליטרים,2.00,ליטר,false,,26.90,13.4500,false,1,186901
7290018925072,false,משקה קל לימונים ונענע 2 ל פרימור,"גניר (1992) בע""מ",IL,משקה קל לימונים ונענ,ליטרים,2.00,ליטר,false,,27.90,13.9500,false,1,186902
7290018925089,false,"מיץ פרימור תפו""ע צלול סחוט 2 ליטר-","גניר (1992) בע""מ",IL,מיץ תפוחים צלול 100%,ליטרים,2.00,ליטר,false,,26.90,13.4500,false,1,186903
7290018925409,false,"מיץ לימון ואננס 400 מ""ל פרימור",קריות זול,IL,מיץ לימון ואננס 400,מיליליטרים,400.00,"100 מ""ל",false,,8.70,0.0218,true,1,189793
7290019015000,false,נר ריחני יוקרתי,,,נר זהב,יחידה,0.00,יחידה,false,,39.90,0.0000,true,1,189224
7290019056027,false,שוופס מוגז פירות תפוחים ללא סוכר 1.5 ליטר פיקדון,"יפאורה תבורי בע""\מ",IL,שוופס מוגז פירות תפו,ליטרים,1.50,ליטר,false,,8.90,5.9333,false,1,186579
7290019056034,false,שוופס מוגז פירות אננס ללא סוכר 1.5 ליטר פיקדון,"יפאורה תבורי בע""מ",IL,שוופס מוגז פירות אננ,ליטרים,1.50,ליטר,false,,8.90,5.9333,false,1,186580
7290019056041,false,שוופס מוגז פירות לימונייד ללא סוכר 1.5 ליטר פיקדון,"יפאורה תבורי בע""מ",IL,שוופס מוגז פירות לימ,ליטרים,1.50,ליטר,false,,8.90,5.9333,false,1,186581
7290019056058,false,שוופס מוגז עדין תפוח ליים 1.5 ליטר פיקדון,"יפאורה תבורי בע""\מ",IL,שוופס מוגז עדין תפוח,ליטרים,1.50,ליטר,false,,8.90,5.9333,false,1,186567
7290019056065,false,שוופס מוגז עדין פירות יער 1.5 ליטר פיקדון,"יפאורה תבורי בע""\מ",IL,שוופס מוגז עדין פירו,ליטרים,1.50,ליטר,false,,8.90,5.9333,false,1,186568
7290019056072,false,שוופס מוגז עדין אננס 1.5 ליטר פיקדון,"יפאורה תבורי בע""מ",IL,שוופס מוגז עדין אננס,ליטרים,1.50,ליטר,false,,8.90,5.9333,false,1,186569
7290019056089,false,שוופס מוגז עדין ענבי ריזלינג 1.5 ליטר פיקדון,"יפאורה תבורי בע""\מ",IL,שוופס מוגז עדין ענבי,ליטרים,1.50,ליטר,false,,8.90,5.9333,false,1,186570
7290019056096,false,שוופס מוגז עדין אפרסק 1.5 ליטר פיקדון,"יפאורה תבורי בע""\מ",IL,שוופס מוגז עדין אפרס,ליטרים,1.50,ליטר,false,,8.90,5.9333,false,1,186571
7290019056119,false,שוופס סודה 1.5 ליטר פיקדון,"יפאורה תבורי בע""\מ",IL,שוופס סודה 1.5 ל',ליטרים,1.50,ליטר,false,,3.90,2.6000,false,1,186557
7290019056126,false,שוופס סודה לימון 1.5 ליטר בק' בודד פיקדון,"יפאורה תבורי בע""\מ",IL,שוופס סודה לימון 1.5,ליטרים,1.50,ליטר,false,,3.90,2.6000,false,1,186560
7290019056164,false,שוופס סודה 1.5 ליטר רביעייה פיקדון,"יפאורה תבורי בע""\מ",IL,שוופס סודה 1.5 ל' רב,ליטרים,6.00,ליטר,false,,12.50,2.0833,false,1,186558
7290019056171,false,שוופס סודה לימון 1.5 ליטר רביעייה פיקדון,"יפאורה תבורי בע""\מ",IL,שוופס סודה לימון 1.5,ליטרים,6.00,ליטר,false,,12.50,2.0833,false,1,186559
7290019056188,false,שוופס סודה נענע ליים 1.5 ליטר רביעייה פיקדון,"יפאורה תבורי בע""\מ",IL,שוופס סודה נענע ליים,ליטרים,6.00,ליטר,false,,12.50,2.0833,false,1,186562
7290019056201,false,שוופס סודה פירות יער 1.5 ליטר רביעייה פיקדון,"יפאורה תבורי בע""\מ",IL,שוופס סודה פירות יער,ליטרים,6.00,ליטר,false,,12.50,2.0833,false,1,186566
7290019056232,false,משקה מוגז בטעם ליים מוחיטו 1.5 ל' שוופס,"יפאורה תבורי בע""\מ",IL,שוופס ליים מוחיטו 1.,ליטרים,1.50,ליטר,false,,8.90,5.9333,false,1,186572
7290019056249,false,שוופס מים בטעמים ענבים 1.5 ליטר פיקדון,"יפאורה תבורי בע""מ",IL,שוופס מים בטעמים ענב,ליטרים,1.50,ליטר,false,,7.50,5.0000,false,1,186552
7290019056256,false,שוופס מים בטעמים תפוחים 1.5 ליטר פיקדון,"יפאורה תבורי בע""מ",IL,שוופס מים בטעמים תפו,ליטרים,1.50,ליטר,false,,7.50,5.0000,false,1,186553
7290019056263,false,שוופס מים בטעמים אפרסק 1.5 ליטר פיקדון,"יפאורה תבורי בע""מ",IL,שוופס מים בטעמים אפר,ליטרים,1.50,ליטר,false,,7.50,5.0000,false,1,186554
7290019056270,false,שוופס מים בטעמים פירות יער 1.5 ליטר פיקדון,"יפאורה תבורי בע""\מ",IL,שוופס מים בטעמים פיר,ליטרים,1.50,ליטר,false,,7.50,5.0000,false,1,186555
7290019056294,false,שוופס ג'ינג'ר אייל 1.5 ליטר פיקדון,"יפאורה תבורי בע""\מ",IL,שוופס ג'ינג'ר אייל 1,ליטרים,1.50,ליטר,false,,12.50,8.3333,false,1,186468
7290019056300,false,משקה בטעם ביטר לימון 1.5 ל' שוויפס,"יפאורה תבורי בע""\מ",IL,שוופס ביטר למון 1.5,ליטרים,1.50,ליטר,false,,12.50,8.3333,false,1,186469
7290019056324,false,שוופס טוניק 1.5 ליטר פיקדון,"יפאורה תבורי בע""\מ",IL,שוופס טוניק 1.5 ל',ליטרים,1.50,ליטר,false,,12.50,8.3333,false,1,186471
7290019056331,false,שוופס טוניק ללא סוכר 1.5 ליטר פיקדון,"יפאורה תבורי בע""מ",IL,שוופס טוניק ללא סוכר,ליטרים,1.50,ליטר,false,,12.50,8.3333,false,1,186472
7290019056355,false,תפוזינה לימונדה MIX לימונענע 1.5 ליטר,"יפאורה תבורי בע""\מ",IL,תפוזינה לימונענע 1.5,ליטרים,1.50,ליטר,false,,8.90,5.9333,false,1,186473
7290019056362,false,תפוזינה ענבים 1.5 ליטר פיקדון,"יפאורה תבורי בע""\מ",IL,תפוזינה ענבים 1.5 ל',ליטרים,1.50,ליטר,false,,8.90,5.9333,false,1,186474
7290019056379,false,תפוזינה תפוזים 1.5 ליטר פיקדון,"יפאורה תבורי בע""\מ",IL,תפוזינה תפוזים 1.5 ל,ליטרים,1.50,ליטר,false,,8.90,5.9333,false,1,186475
7290019056386,false,פתוזינה אשכולית 1.5 ליטר פיקדון,"יפאורה תבורי בע""\מ",IL,תפוזינה אשכוליות 1.5,ליטרים,1.50,ליטר,false,,8.90,5.9333,false,1,186476
7290019056393,false,תפוזינה תות בננה 1.5 ליטר פיקדון,"יפאורה תבורי בע""\מ",IL,תפוזינה תות בננה 1.5,ליטרים,1.50,ליטר,false,,8.90,5.9333,false,1,186477
7290019056409,false,תפוזינה מנגו 1.5 ליטר פיקדון,"יפאורה תבורי בע""\מ",IL,תפוזינה מנגו 1.5 ל',ליטרים,1.50,ליטר,false,,8.90,5.9333,false,1,186478
7290019056416,false,מיץ בטעם לימונדה ורודה 1.5 ל' תפוזינה,"יפאורה תבורי בע""\מ",IL,תפוזינה לימונדה ורוד,ליטרים,1.50,ליטר,false,,8.90,5.9333,false,1,186479
7290019056423,false,מיץ בטעם תפוח רענן 1.5ל' תפוזינה,"יפאורה תבורי בע""\מ",IL,תפוזינה תפוחים 1.5 ל,ליטרים,1.50,ליטר,false,,8.90,5.9333,false,1,186480
7290019056430,false,תפוזינה תפוזים לייט 1.5 ליטר פיקדון,"יפאורה תבורי בע""\מ",IL,תפוזינה תפוזים לייט,ליטרים,1.50,ליטר,false,,8.90,5.9333,false,1,186481
7290019056447,false,תפוזינה אשכוליות לייט 1.5 ליטר פיקדון,"יפאורה תבורי בע""\מ",IL,תפוזינה אשכוליות ליי,ליטרים,1.50,ליטר,false,,8.90,5.9333,false,1,186482
7290019056478,false,ספרינג טי קר אפרסק 1.5ליטר פיקדון,"יפאורה תבורי בע""\מ",IL,ספרינג תה אפרסק 1.5,ליטרים,1.50,ליטר,false,,7.00,4.6667,false,1,186498
7290019056485,false,ספריג תה ירוק לימון לואיזה 1.5 ליטר פיקדון,"יפאורה תבורי בע""\מ",IL,ספרינג תה תה ירוק לי,ליטרים,1.50,ליטר,false,,7.00,4.6667,false,1,186499
7290019056508,false,פרוט ווטר ענבים 1.5 ליטר פיקדון,"יפאורה תבורי בע""\מ",IL,פרוט ווטר ענבים 1.5,ליטרים,1.50,ליטר,false,,8.90,5.9333,false,1,186517
7290019056515,false,פרוט ווטר אננס 1.5 ליטר פיקדון,"יפאורה תבורי בע""\מ",IL,פרוט ווטר אננס 1.5 ל,ליטרים,1.50,ליטר,false,,8.90,5.9333,false,1,186518
7290019056522,false,פרוט ווטר תות 1.5 ליטר פיקדון,"יפאורה תבורי בע""\מ",IL,פרוט ווטר תות 1.5 ל',ליטרים,1.50,ליטר,false,,8.90,5.9333,false,1,186519
7290019056539,false,פרוט ווטר אפרסק 1.5 ליטר פיקדון,"יפאורה תבורי בע""\מ",IL,פרוט ווטר אפרסק 1.5,ליטרים,1.50,ליטר,false,,8.90,5.9333,false,1,186520
7290019056546,false,פרוט ווטר אבטיח 1.5 ליטר פיקדון,"יפאורה תבורי בע""\מ",IL,פרוט ווטר אבטיח 1.5,ליטרים,1.50,ליטר,false,,8.90,5.9333,false,1,186521
7290019056553,false,שישיית מים מינרלים עין גדי 2 ליטר,עין גדי מים מינרליים,IL,עין גדי 2 ל' שישיות,ליטרים,12.00,ליטר,false,,13.80,1.1500,false,1,187096
7290019056560,false,עין גדי מים מינרלים 2 ליטר,עין גדי מיים מינרלים,IL,עין גדי 2 ל' בק' בוד,ליטרים,2.00,ליטר,false,,3.80,1.9000,false,1,186584
7290019056577,false,משקה קל מנגו ספרינג 1.5 ליטר,"יפאורה תבורי בע""\מ",IL,ספרינג מנגו 1.5 ל',ליטרים,1.50,ליטר,false,,8.90,5.9333,false,1,186502
7290019056584,false,משקה קל תפוזים ספרינג 1.5 ליטר,"יפאורה תבורי בע""\מ",IL,ספרינג תפוזים 1.5 ל',ליטרים,1.50,ליטר,false,,8.90,5.9333,false,1,186503
7290019056591,false,משקה קל ענבים ספרינג 1.5 ליטר,"יפאורה תבורי בע""\מ",IL,ספרינג ענבים 1.5 ל',ליטרים,1.50,ליטר,false,,8.90,5.9333,false,1,186504
7290019056607,false,משקה קל תפוחים ספרינג 1.5 ליטר,"יפאורה תבורי בע""\מ",IL,ספרינג תפוחים 1.5 ל',ליטרים,1.50,ליטר,false,,8.90,5.9333,false,1,186505
7290019056614,false,משקה קל אפרסק ספרינג 1.5 ליטר,"יפאורה תבורי בע""\מ",IL,ספרינג אפרסק 1.5 ל',ליטרים,1.50,ליטר,false,,8.90,5.9333,false,1,186506
7290019056621,false,משקה קל פירות טרופיים ספרינג 1.5 ליטר,"יפאורה תבורי בע""\מ",IL,ספרינג פירות טרופיים,ליטרים,1.50,ליטר,false,,8.90,5.9333,false,1,186507
7290019056638,false,משקה קל תות בננה ספרינג 1.5 ליטר,"יפאורה תבורי בע""\מ",IL,ספרינג תות בננה 1.5,ליטרים,1.50,ליטר,false,,8.90,5.9333,false,1,186508
7290019056645,false,משקה קל אגס תפוח סברס ספרינג 1.5 ליטר,"יפאורה תבורי בע""\מ",IL,ספרינג אגס תפוח סברס,ליטרים,1.50,ליטר,false,,8.90,5.9333,false,1,186509
7290019056652,false,משקה קל אננס בננה ספרינג 1.5 ליטר,"יפאורה תבורי בע""\מ",IL,ספרינג אננס בננה 1.5,ליטרים,1.50,ליטר,false,,8.90,5.9333,false,1,186510
7290019056669,false,משקה קל תפוחים דיאט ספרינג 1.5 ליטר,"יפאורה תבורי בע""\מ",IL,ספרינג תפוחים דיאט 1,ליטרים,1.50,ליטר,false,,8.90,5.9333,false,1,186511
7290019056676,false,משקה קל אשכולית אננס דיאט ספרינג 1.5 ליטר,"יפאורה תבורי בע""\מ",IL,ספרינג אשכוליות אננס,ליטרים,1.50,ליטר,false,,8.90,5.9333,false,1,186512
7290019056720,false,קריסטל מיץ ענבים 2 ליטר פיקדון,"יפאורה תבורי בע""\מ",IL,קריסטל מיץ ענבים 2 ל,ליטרים,2.00,ליטר,false,,7.50,3.7500,false,1,186485
7290019056737,false,קריסטל מיץ אשכוליטרות 2 ליטר,"יפאורה תבורי בע""\מ",IL,קריסטל מיץ אשכוליות,ליטרים,2.00,ליטר,false,,7.50,3.7500,false,1,186486
7290019056744,false,קריסטל מיץ תפוזים 2 ליטר פיקדון,"יפאורה תבורי בע""\מ",IL,קריסטל מיץ תפוזים 2,ליטרים,2.00,ליטר,false,,7.50,3.7500,false,1,186487
7290019056751,false,קריסטל מיץ אשכוליות דיאט 2 ליטר פיקדון,"יפאורה תבורי בע""\מ",IL,קריסטל מיץ אשכוליות,ליטרים,2.00,ליטר,false,,7.50,3.7500,false,1,186488
7290019056768,false,קריסטל מיץ מנגו 2 ליטר פיקדון,"יפאורה תבורי בע""\מ",IL,קריסטל מיץ מנגו 2 ל',ליטרים,2.00,ליטר,false,,7.50,3.7500,false,1,186489
7290019056775,false,קריסטל מוגז ענבים 2 ליטר פיקדון,"יפאורה תבורי בע""\מ",IL,קריסטל מוגז ענבים 2,ליטרים,2.00,ליטר,false,,7.50,3.7500,false,1,186490
7290019056782,false,משקה מוגז בטעם לימון ליים 2 ל' קריסטל,"יפאורה תבורי בע""\מ",IL,קריסטל מוגז למון ליי,ליטרים,2.00,ליטר,false,,7.50,3.7500,false,1,186491
7290019056799,false,קריסטל מוגז אקזוטי 2 ליטר פיקדון,"יפאורה תבורי בע""\מ",IL,קריסטל מוגז אקזוטי 2,ליטרים,2.00,ליטר,false,,7.50,3.7500,false,1,186492
7290019056805,false,קריסטל מוגז תפוחים 2 ליטר פיקדון,"יפאורה תבורי בע""\מ",IL,קריסטל מוגז תפוחים 2,ליטרים,2.00,ליטר,false,,7.50,3.7500,false,1,186493
7290019056812,false,קריסטל מוגז מנטה 2 ליטר פיקדון,"יפאורה תבורי בע""\מ",IL,קריסטל מוגז מנטה 2 ל,ליטרים,2.00,ליטר,false,,7.50,3.7500,false,1,186494
7290019056829,false,קריסטל מוגז תפוזים 2 ליטר פיקדון,"יפאורה תבורי בע""\מ",IL,קריסטל מוגז תפוזים 2,ליטרים,2.00,ליטר,false,,7.50,3.7500,false,1,186495
7290019056836,false,קריסטל מוגז תות 2 ליטר פיקדון,"יפאורה תבורי בע""\מ",IL,קריסטל מוגז תות 2 ל',ליטרים,2.00,ליטר,false,,7.50,3.7500,false,1,186496
7290019056843,false,קריסטל מוגז קולה 2 ליטר פיקדון,"יפאורה תבורי בע""\מ",IL,קריסטל מוגז קולה 2 ל,ליטרים,2.00,ליטר,false,,7.50,3.7500,false,1,186497
7290019056850,false,ספרינג תה אפרסק דיאט 1.5 ליטר פיקדון,"יפאורה תבורי בע""\מ",IL,ספרינג תה אפרסק דיאט,ליטרים,1.50,ליטר,false,,7.00,4.6667,false,1,186501
7290019056959,false,מי עדן 1.5 ליטר בק' בודד פיקדון,"מופק ממקור בזלתי עדן ,1",IL,מי עדן 1.5 ל' בק' בו,ליטרים,1.50,ליטר,false,,3.60,2.4000,false,1,186583
7290019056973,false,שישיית מי עדן 1.5 ליטר משפחתי,"מופק ממקור בזלתי עדן ,1",IL,מי עדן 1.5 ל' שישייה,ליטרים,9.00,ליטר,false,,13.90,1.5444,false,1,186582
7290019074090,false,"ד""ר פישר - קמיל בלו אקסטרה סופט אל סבון לתינוק 500 מ""ל",פישר מעבדות פרמצבטיות בע,IL,קמיל בלו אקסטרה סופט,מיליליטרים,500.00,"100 מ""ל",false,,22.90,0.0458,true,1,190217
7290019074755,false,"תחליב רחצה שמן שקדים משאבה 700 מ""ל ד""ר פישר",פישר מעבדות פרמצבטיו,IL,אפקטיב קר תחליב רחצה,מיליליטרים,700.00,"100 מ""ל",false,,16.90,0.0241,true,1,189161
7290019075295,false,"ד""ר פישר - אפקטיב קר תחליב רחצה עדין לידיים מועשר בש""ש 350 מ""ל",פישר מעבדות פרמצבטיות בע,IL,אפקטיב קר תחליב רחצה,מיליליטרים,350.00,"100 מ""ל",false,,11.90,0.0340,true,1,190989
7290019075400,false,"אפקטיב קר תחליב רחצה מועשר בשיבולת שועל 700 מ""ל",פישר מעבדות פרמצבטיות בע,IL,אפקטיב קר תחליב רחצה,מיליליטרים,700.00,"100 מ""ל",false,,16.90,0.0241,true,1,190578
7290019075479,false,"ד""ר פישר - קמיל בלו קלאסיק שמפו לתינוק 1 ליטר",פישר מעבדות פרמצבטיות בע,IL,קמיל בלו קלאסיק שמפו,ליטרים,1.00,ליטר,false,,29.90,29.9000,true,1,190669
7290019075493,false,"אפקטיב קר אל סבון עדין לידיים מועשר בתה ירוק ויסמין 350 מ""ל",פישר מעבדות פרמצבטיות בע,IL,אפקטיב קר תחליב רחצה,מיליליטרים,350.00,"100 מ""ל",false,,11.90,0.0340,true,1,190990
7290019075608,false,"אפקטיב קר תחליב רחצה מועשר בתה ירוק ויסמין 700 מ""ל",פישר מעבדות פרמצבטיות בע,IL,אפקטיב קר תחליב רחצה,מיליליטרים,700.00,"100 מ""ל",false,,16.90,0.0241,true,1,190579
7290019075691,false,"ד""ר פישר - אפקטיב קר תחליב רחצה עדין לידיים מועשר בלבנדר 350 מ""ל",פישר מעבדות פרמצבטיות,IL,אפקטיב קר תחליב רחצה,מיליליטרים,350.00,"100 מ""ל",false,,11.90,0.0340,true,1,190991
7290019153078,false,"שוופס ביטר למון לייט, 1.5 ליטר פקדון","יפאורה תבורי בע""\מ",IL,שוופס ביטר למון לייט,ליטרים,1.50,ליטר,false,,12.50,8.3333,false,1,187780
7290019153252,false,שוופס סודה תפוח 1.5 ליטר רביעייה פיקדון,"יפאורה תבורי בע""\מ",IL,שוופס סודה תפוח 1.5,ליטרים,6.00,ליטר,false,,12.50,2.0833,false,1,188859
7290019153269,false,שוופס סודה אננס 1.5 ליטר רביעייה פיקדון,"יפאורה תבורי בע""\מ",IL,שוופס סודה אננס 1.5,ליטרים,6.00,ליטר,false,,12.50,2.0833,false,1,188860
7290019153351,false,מיץ בטעם פינק אוזו 1.5 ל' תפוזינה,"יפאורה תבורי בע""\מ",IL,תפוזינה פינק אוזו 1.,ליטרים,1.50,ליטר,false,,8.90,5.9333,false,1,189017
7290019153375,false,מיץ בטעם מוחיטו 1.5 ל' תפוזינה,"יפאורה תבורי בע""\מ",IL,תפוזינה מוחיטו 1.5 ל,ליטרים,1.50,ליטר,false,,8.90,5.9333,false,1,189019
7290019153535,false,"רביעיית שוופס מוגז פירות למונייד ללא סוכר 330 מ""ל פחיות",יפאורה תבורי,IL,שוופס מוגז פירות למו,מיליליטרים,1320.00,"100 מ""ל",false,,13.50,0.0102,true,1,189707
7290019167020,false,עוגת גבינה עם פירות יער לייט עדן קינוחים 82 גרם,עדן קינוחים Eden,IL,קינוח עוגת גבינה עם,גרמים,82.00,100 גרם,false,,6.60,0.0805,true,1,190718
7290019167037,false,תותים בקצפת עדן קינוחים 82 גרם,עדן קינוחים Eden,IL,תותים בקצפת עדן קינו,גרמים,82.00,100 גרם,false,,6.60,0.0805,true,1,190719
7290019167044,false,קצפת עם קרם בייגלה מתוק מלוח עדן קינוחים 82 גרם,עדן קינוחים Eden,IL,קצפת עם קרם בייגלה מ,גרמים,82.00,100 גרם,false,,6.60,0.0805,true,1,190720
7290019204008,false,עוף טוב פסטרמה ארבעה פלפלים 350 גרם,עיצובים 2020 (4.9),IL,עוף טוב פסטרמה ארבעה,גרמים,350.00,100 גרם,false,,24.90,0.0711,true,1,189512
7290019204206,false,עוף טוב פסטרמה בסגנון רומני 320 גרם,עיצובים 2020 (4.9),IL,עוף טוב פסטרמה בסגנו,גרמים,320.00,100 גרם,false,,24.90,0.0778,true,1,189514
7290019204305,false,חזה הודו פסטרמה ברביקיו 350 גר',עיצובים 2020 (4.9),IL,עוף טוב פסטרמה ברביק,גרמים,350.00,100 גרם,false,,24.90,0.0711,true,1,189510
7290019204404,false,קורנביף נתח שלם 220 ג' עוף טוב,עיצובים 2020 (4.9),IL,עוף טוב קורנביף נתח,גרמים,220.00,100 גרם,false,,24.90,0.1132,true,1,188983
7290019232155,false,"חליטת ""לילה טוב"" קמומיל לבנדר ו25 שקיקים ויסוצקי",תה ויסוצקי,IL,חליטת לילה טוב קמומי,גרמים,37.50,100 גרם,false,,24.90,0.6640,true,1,190801
7290019232162,false,"חליטת ""לילה טוב"" קמומיל מליסה 25 שקיקים ויסוצקי",תה ויסוצקי,IL,חליטת לילה טוב קמומי,גרמים,37.50,100 גרם,false,,24.90,0.6640,true,1,190805
7290019232179,false,חליטת לילה טוב נענע 25 שקיקים ויסוצקי,תה ויסוצקי,IL,תה ירוק נענע+ויטמיני,גרמים,37.50,100 גרם,false,,24.90,0.6640,true,1,190802
7290019232186,false,תה ירוק לימונית לואיזהSTAY WELL 25 שקיקים ויסוצקי,תה ויסוצקי,IL,תה ירוק לימונית ולוא,גרמים,37.50,100 גרם,false,,24.90,0.6640,true,1,190803
7290019232193,false,תה ירוק לימונית ג'ינג'ר STAY WELL שקיקים 25 ויסוצקי,תה ויסוצקי,IL,תה ירוק לימונית וג'י,גרמים,37.50,100 גרם,false,,24.90,0.6640,true,1,190804
7290019232803,false,הולגריין ביסקוויט+קרם חלב ושוקולד חלב 300 גרם רבנות,"אולקר ביסקווי סנאי, א.ס.",TR,הולגריין ביסקוויט עם,גרמים,300.00,100 גרם,false,,10.90,0.0363,true,1,190595
7290019232827,false,הולגריין ביסקוויט במילוי אגוזי לוז 300 גרם רבנות,"אולקר ביסקווי סנאי, א.ס.",TR,הולגריין ביסקוויט במ,גרמים,300.00,100 גרם,false,,10.90,0.0363,true,1,190596
7290019233008,false,רוטב עגבניות עם קוביות ארטישוק ושמן זית 420ג ויסוצקי,דליציה דורה אס.אר.אל,IT,רוטב שקשוקה ארטישוק,גרמים,420.00,100 גרם,false,,13.90,0.0331,true,1,189252
7290019233022,false,שקשוקה חצילים רוטב עגבניות עם קוביות חצילים צלויים,דליציה דורה אס.אר.אל,IT,רוטב שקשוקה חצילים ז,גרמים,420.00,100 גרם,false,,13.90,0.0331,true,1,189254
7290019233039,false,שקשוקה קלאסית- רוטב עגבניות עם קוביות פלפלים צלויים,דליציה דורה אס.אר.אל,IT,רוטב שקשוקה קלאסית ז,מיליליטרים,420.00,"100 מ""ל",false,,13.90,0.0331,true,1,189255
7290019297383,false,מעדן משמש ללא סוכר שקדיה 284 ג',לינוי סיטי,CN,מעדן משמש שקדיה,גרמים,284.00,100 גרם,false,,10.00,0.0352,true,1,95353
7290019297420,false,מעדן תות שדה ללא סוכר שקדיה 284 ג',לינוי סיטי,CN,מעדן תות שדה שקדיה,גרמים,284.00,100 גרם,false,,10.00,0.0352,true,1,95354
7290019297437,false,מעדן אוכמניות ללא סוכר שקדיה 284 ג',לינוי סיטי,CN,מעדן אוכמניות כחולות,גרמים,284.00,100 גרם,false,,10.00,0.0352,true,1,95355
7290019297505,false,"רוטב רימונים שקדיה 700 מ""ל",קארל קיוחנה,TR,רוטב רימונים שקדיה 1,ליטרים,1.00,ליטר,false,,19.90,19.9000,true,1,96490
7290019297512,false,"רוטב רימונים שקדיה 340 מ""ל בדץ",סיטוגלוגידה,TR,שקדיה- רוטב רימונים,גרמים,350.00,100 גרם,false,,9.90,0.0283,true,1,109302
7290019297550,false,בוטנים מטוגנים בקופסא 185 גרם,קריניציה ויטמינה אס,IL,בוטנים מטוגנים בקופס,גרמים,185.00,100 גרם,false,,10.90,0.0589,true,1,100296
7290019302315,false,"ייו buzz אבטיח מלון 750 מ""ל",יקבי כרמל,IL,יין מבעבע באז אבטיח,מיליליטרים,750.00,"100 מ""ל",false,,23.90,0.0319,true,1,189270
7290055090801,false,כרמית שוקולד לבן ללא תוספת סוכר 85 גרם,"כרמית תעשיות ממתקים בע""\",IL,כרמית שוקולד לבן ללא,גרמים,85.00,100 גרם,false,,5.90,0.0694,true,1,62823
7290100240137,false,"תרסיס ריחני למייבש כחול בדין 500 מ""ל","זוהר דליה, קיבוץ דליה, 1",IL,תרסיס בדין למייבש כח,מיליליטרים,500.00,"100 מ""ל",false,,19.00,0.0380,true,1,27831
7290100240144,false,"תרסיס ריחני למייבש ורוד בדין 500 מ""ל","זוהר דליה, קיבוץ דליה, 1",IL,תרסיס בדין למייבש,מיליליטרים,500.00,"100 מ""ל",false,,19.00,0.0380,true,1,27707
7290100240632,false,קרקר פתית 200-300ג' 6 דגנים 250 גרם,יוניליוור ישראל מזון בע\,IL,פתית שישה דגנים 250,גרמים,250.00,100 גרם,false,,18.50,0.0740,true,1,40491
7290100240656,false,"פתית שיפון בד""צ חדש 300X24 גר'",יוניליוור ישראל מזון בע\,IL,פתית שיפון 300ג' בדץ,גרמים,300.00,100 גרם,false,,18.50,0.0617,true,1,34315
7290100243084,false,מיונז אמיתי הלמנס 789גרם,"יונילוור ארה""ב",US,מיונז אמיתי הלמנס 78,גרמים,789.00,100 גרם,false,,26.50,0.0336,false,1,34885
7290100243671,false,"מרכך כביסה מרוכז אקסטרה כחול בדין 960 מ""ל",יוניליוור סנאיי וי טיקאר,TR,בדין אקסטרא כחול 960,מיליליטרים,960.00,"100 מ""ל",false,,14.90,0.0155,false,1,33295
7290100245231,false,נמס בכוס מרק בטעם עוף עם אטריות ושקדי מרק-2 שקיות,יוניליוור ישראל מזון בע\,IL,נמס בכוס ועוד טעם עו,גרמים,50.00,100 גרם,false,,7.00,0.1400,true,1,35905
7290100249598,false,"רוטב לעוף שום ודבש קנור 320 גרם בד""צ",יוניליוור ישראל מזון בע\,IL,רוטב שום ודבש קנור 3,גרמים,310.00,100 גרם,false,,14.90,0.0481,true,1,40878
7290100249659,false,"רוטב לעוף צ'ילי מתוק ושום קנור 320 גרם בד""צ",יוניליוור ישראל מזון בע\,IL,רוטב לעוף צ'ילי שום,גרמים,310.00,100 גרם,false,,14.90,0.0481,true,1,40912
7290100653463,false,"פלמוליב - ארומה ג'ל רחצה מסאז' 500 מ""ל",קולגייט-פלמוליב,TR,פלמוליב ספא מסג',מיליליטרים,500.00,"100 מ""ל",false,,14.90,0.0298,true,1,8056
7290100653586,false,"דאודורנט ג'ל פרש פיוזן 24/7 ליידי ספיד סטיק 65 מ""ל",ליידי ספיד סטיק Lady Speed Stick,US,ליידי ספיד סטיק 24/7,גרמים,50.00,100 גרם,false,,19.90,0.3980,true,1,8061
7290100658338,false,"נוזל לניקוי כלים אוקסי פלוס פלמוליב 750 מ""ל",הנסיך- מפעל לייצור ט,GR,פלמוליב אוקסי,מיליליטרים,750.00,"100 מ""ל",false,,9.90,0.0132,false,1,8067
7290100659090,false,פרי חטיפים ללא גלוטן ותוספת סוכר מארז 5 תמרים וקינמון,טבעית מוצרים מן הטבע בעמ,IL,חטיף דגנים תמרים וקי,גרמים,100.00,100 גרם,false,,16.50,0.1650,true,1,8416
7290100680650,false,מנה חמה נודלס-אטריות ירקות טעם תאילנדי אסם 76 ג',PUB FOODS PRESIDENT THAI,TH,מנה חמה נודלס איטריו,גרמים,76.00,100 גרם,false,,7.20,0.0947,false,1,6671
7290100680667,false,מנה חמה נודלס-אטריות+ירקות טעם סצ'ואן,PUB FOODS PRESIDENT THAI,TH,מנה חמה נודלס סצ'ואן,גרמים,76.00,100 גרם,false,,7.20,0.0947,false,1,6672
7290100680711,false,פירורית זהב אסם זהב 350ג',עינת תעשיות מזון אגו,IL,פירורית זהב 350גר',גרמים,350.00,100 גרם,false,,8.80,0.0251,false,1,6674
7290100680728,false,פירורית רגילה שקית 350 גרם,מיוצר עי קונדיטוריית,IL,פירורית 350גר',גרמים,350.00,100 גרם,false,,7.00,0.0200,true,1,6675
7290100681015,false,אינסטנט פודינג בטעם ריבת חלב אסם 84 גרם,מיוצר עי קונדיטוריית,IL,אינסטנט פודינג ריבת,גרמים,84.00,100 גרם,false,,5.80,0.0690,false,1,6681
7290100681138,false,מארז אפרופו חטיף תירס 3 יחידות,"אסם השקעות בע""\מ",IL,מארז אפרופו שלישיה,גרמים,150.00,100 גרם,false,,12.50,0.0833,false,1,22280
7290100681503,false,עסיס סירופ לימונענע דיאטטי 1 ליטר,בית-השיטה עסיס תעשיות מז,IL,עסיס סירופ לימונענע,ליטרים,1.00,ליטר,false,,17.90,17.9000,false,1,6694
7290100681510,false,סירופ דיאט בטעם אשכולית אדומה עסיס 1 ליטר,בית-השיטה עסיס תעשיות מז,IL,עסיס סירופ אשכולית א,ליטרים,1.00,ליטר,false,,17.90,17.9000,false,1,6695
7290100683880,false,פירה אסם ללא צורך בבישול 260 גרם,"אסם השקעות בע""\מ",IL,פירה אסם,גרמים,260.00,100 גרם,false,,14.50,0.0558,true,1,6742
7290100684764,false,במבה יום הולדת על סרט אסם 25 ג',"אסם תעשיות בע""מ",IL,במבה יום הולדת 25 גר,גרמים,25.00,100 גרם,false,,2.40,0.0960,true,1,31004
7290100685136,false,"אבקת מרק בטעם עוף אסם 1 ק""ג","אסם השקעות בע""\מ",IL,אבקת מרק טעם עוף 1קג,קילוגרמים,1.00,"ק""ג",false,,12.90,12.9000,false,1,26158
7290100685242,false,במבה מתוקה מחומרים טבעיים סרט 30 גרם,"אסם תעשיות בע""מ",IL,במבה מתוקה מחומרים ט,גרמים,30.00,100 גרם,false,,2.60,0.0867,true,1,23625
7290100685334,false,אבקת מרק עוף אמיתי בשרי רכיבים טבעיים אסם 400 גרם,"אסם השקעות בע""\מ",IL,אבקת מרק עוף רכיבים,גרמים,400.00,100 גרם,false,,19.90,0.0497,false,1,25344
7290100685341,false,אבקת מרק טעם עוף זך רכיבים טבעיים אסם 400 גרם,"אסם השקעות בע""\מ",IL,אבקת מרק טעם עוף זך,גרמים,400.00,100 גרם,false,,16.90,0.0422,false,1,22110
7290100685563,false,פירורית זהב מארז 200X2ג' אסם,עינת תעשיות,IL,מארז פירורית זהב אסם,גרמים,400.00,100 גרם,false,,8.90,0.0223,true,1,73205
7290100685600,false,פירורית זהב אסם זהב חיטה מלאה 200ג',עינת תעשיות מזון אגו,IL,פירורית זהב חיטה מלא,גרמים,200.00,100 גרם,false,,7.00,0.0350,true,1,22784
7290100686164,false,מארז מולטיפק ביסלי ברביקיו 6 יח 35 גר יח,מיוצר עי קונדיטוריית,IL,מארז ביסלי ברביקיו,גרמים,210.00,100 גרם,false,,14.00,0.0667,false,1,22863
7290100686171,false,מארז מולטיפק ביסלי גריל 6 יח 35 גר ליח,"אסם השקעות בע""\מ",IL,מארז ביסלי גריל,גרמים,210.00,100 גרם,false,,14.00,0.0667,false,1,22864
7290100688618,false,גביעי גלידה שוקולד אסם 95 גרם 24 יחידות,"גילרו בע""מ",IL,גביעי גלידה טעם שוקו,יחידה,0.00,יחידה,false,,15.50,0.0000,true,1,25636
7290100689301,false,אבקת מרק בטעם עוף זך עדיף אסם 400 גרם,"אסם השקעות בע""\מ",IL,אבקת מרק טעם עוף זך-,גרמים,400.00,100 גרם,false,,13.90,0.0348,false,1,27847
7290100700020,false,סוגת גריסי פנינה 500 גרם,האי נאם סי או אל.טי.,IL,גריסי פנינה,גרמים,200.00,100 גרם,false,,4.90,0.0245,true,1,26567
7290100700242,false,"סוגת אורז מלא עגול 1 ק""ג","סוגת תעשיות בע""\מ",IL,אורז מלא עגול 1 קג,יחידה,1.00,יחידה,false,,12.90,12.9000,true,1,26206
7290100700273,false,קינואה לבנה 500 ג סו,האי נאם סי או אל.טי.,IL,קינואה 500 גר סוגת,גרמים,500.00,100 גרם,false,,12.90,0.0258,true,1,26207
7290100700372,false,"סוגת אורז בסמטי מלא 1 ק""ג",האי נאם סי או אל.טי.,IL,אורז בסמטי מלא 1קג',קילוגרמים,1.00,"ק""ג",false,,13.90,13.9000,false,1,26012
7290100700389,false,"אורז אדום 1 ק""ג ""סוגת""","סוגת תעשיות בע""\מ",IL,אורז אדום סוגת,קילוגרמים,1.00,"ק""ג",false,,13.90,13.9000,true,1,25607
7290100700396,false,"סוגת אורז יסמין קלאסי 1 ק""ג",האי נאם סי או אל.טי.,IL,אורז יסמין קלאסי 1קג,יחידה,1.00,יחידה,false,,11.90,11.9000,false,1,26663
7290100700563,false,"סוגת אורז מיקס קלאסי 1 ק""ג",סוגת תעשיות בעמ,IL,אורז מיקס קלאסי,יחידה,1.00,יחידה,false,,10.90,10.9000,true,1,27974
7290100700587,false,"בורגול ""סוגת"" 500 גרם",האי נאם סי או אל.טי.,IL,בורגול סוגת 500גר,גרמים,500.00,100 גרם,false,,4.90,0.0098,false,1,38130
7290100701126,false,סוגת שעועית מש סוגת 500 גרם,סוגת תעשיות בעמ,IL,שעועית מש 500גר סוגת,יחידה,500.00,יחידה,false,,10.90,0.0218,true,1,39749
7290100701140,false,"אורז ריזוטו ארבוריו 1 ק""ג ""סוגת""","סוגת תעשיות בע""מ",IL,אורז ריזוטו ארבוריו,יחידה,1.00,יחידה,false,,13.90,13.9000,true,1,36863
7290100701157,false,"אורז להכנת סושי סוגת 1 ק""ג","סוגת תעשיות בע""\מ",IL,אורז סושי 1קג סוגת,יחידה,1.00,יחידה,false,,12.90,12.9000,true,1,36864
7290100701300,false,קינואה אדומה סוגת 500 גרם,"סוגת תעשיות בע""\מ",IL,קינואה אדומה סוגת,גרמים,500.00,100 גרם,false,,12.90,0.0258,true,1,101403
7290100701331,false,קמח רב תכליתי שטיבל קמח חיטה לבן בהיר,"שטיבל בע""\מ - טחנות קמח",IL,"קמח רב תכליתי 1 ק""ג",קילוגרמים,1.00,"ק""ג",false,,6.90,6.9000,false,1,55986
7290100701348,false,"קמח שיפון מלא סוגת 1 ק""ג",טחנות קמח שטיבל באר,IL,"קמח שיפון מלא 1 ק""ג",קילוגרמים,1.00,"ק""ג",false,,6.90,6.9000,false,1,55979
7290100701386,false,קמח לחלה קמח חיטה לבן שטיבל,"שטיבל בע""מ - טחנות ק",IL,"קמח לחלה 1 ק""ג סוגת",קילוגרמים,1.00,"ק""ג",false,,6.90,6.9000,false,1,55981
7290100701409,false,קמח תירס סוגת 500 גר,מולינו פילה ספא,IL,קמח תירס 500 גר סוגת,גרמים,500.00,100 גרם,false,,6.20,0.0124,false,1,66231
7290100701454,false,גרישה בורגול דק סוגת 500 גרם,"סוגת תעשיות בע""\מ",IL,גרישה 500גר סוגת,גרמים,500.00,100 גרם,false,,4.90,0.0098,false,1,39902
7290100701577,false,קמח לחם קמח חיטה לבן שטיבל,טחנות קמח שטיבל באר שבע,IL,"קמח לחם 1 ק""ג סוגת",קילוגרמים,1.00,"ק""ג",false,,6.90,6.9000,false,1,55982
7290100701881,false,קמח פיצה ופוקצ'ה- קמח חיטה לבן בהיר שטיבל,"שטיבל בע""\מ - טחנת קמח",IL,קמח פיצה ופוקצ'ה סוג,קילוגרמים,1.00,"ק""ג",false,,6.90,6.9000,false,1,55985
7290100702246,false,"שמרים יבשים בוואקום 500 גרם ""סוגת""",אייבי מאורי,IT,שמרים יבשים בואקום 5,גרמים,500.00,100 גרם,false,,10.00,0.0200,true,1,103125
7290100702260,false,קוסקוס דק סוגת 350 גרם,"אסיף תעשיות מזון בע""\מ",IL,קוסקוס דק סוגת,גרמים,350.00,100 גרם,false,,4.90,0.0140,false,1,60292
7290100702277,false,קוסקוס עבה סוגת 350 גרם,"אסיף תעשיות מזון בע""",IL,קוסקוס עבה סוגת,גרמים,350.00,100 גרם,false,,4.90,0.0140,false,1,60293
7290100702314,false,שעועית שחורה 500 גרם סוגת,סוגת תעשיות בעמ,IL,שעועית שחורה 500 גר,גרמים,500.00,100 גרם,false,,7.90,0.0158,true,1,61322
7290100702383,false,קמח תופח מס' 13 סוגת,"שטיבל בע""\מ - טחנות קמח",IL,קמח תופח מס' 13 סוגת,קילוגרמים,1.00,"ק""ג",false,,6.90,6.9000,false,1,60903
7290100702611,false,פתיתים אפויים אורז סוגת 500 גרם,"אסיף תעשיות מזון בע""\מ",IL,פתיתים אפויים אורז -,גרמים,500.00,100 גרם,false,,5.90,0.0118,false,1,63306
7290100702628,false,פתיתים אפויים קוסקוס סוגת 500 גרם,"אסיף תעשיות מזון בע""\מ",IL,פתיתים אפויים קוסקוס,גרמים,500.00,100 גרם,false,,5.90,0.0118,false,1,63307
7290100702635,false,פתיתים אפויים כוכבים סוגת 500 גרם,"אסיף תעשיות מזון בע""",IL,פתיתים אפויים כוכבים,גרמים,500.00,100 גרם,false,,5.90,0.0118,false,1,63308
7290100702642,false,פתיתים אפויים טבעות סוגת 500 גרם,"אסיף תעשיות מזון בע""",IL,פתיתים אפויים טבעות,גרמים,500.00,100 גרם,false,,5.90,0.0118,false,1,63309
7290100702741,false,"סוכר חום בהיר בצנצנת סוגת 1 ק""ג",סוגת תעשיות בעמ,IL,סוכר חום בהיר צנצנת,קילוגרמים,1.00,"ק""ג",false,,11.90,11.9000,true,1,66891
7290100702987,false,שיבולת שועל פתיתים סוגת 500 גרם,סוגת תעשיות,,שיבולת שועל 500 גר,גרמים,500.00,100 גרם,false,,4.90,0.0098,true,1,98421
7290100702994,false,סוכר דמררה קלאסי בשקית סוגת 500 גרם,"סוגת תעשיות בע""מ",IL,סוכר דמררה 500 גר,גרמים,500.00,100 גרם,false,,5.90,0.0118,true,1,96784
7290100703007,false,"עדשים שחורות בלוגה 500 גרם ""סוגת""",האי נאם סי או אל.טי.,IL,עדשים שחורים בלוגה 5,גרמים,500.00,100 גרם,false,,7.90,0.0158,true,1,96569
7290100703434,false,בורגול חום סוגת 500 ג',"סוגת תעשיות בע""מ",IL,בורגול חום סוגת,גרמים,500.00,100 גרם,false,,4.90,0.0098,false,1,100469
7290100703458,false,כוסמת לא קלוי 500 ג' סוגת,"סוגת תעשיות בע""\מ",IL,כוסמת לא קלוי,גרמים,500.00,100 גרם,false,,7.90,0.0158,true,1,102516
7290100703533,false,קמח קסם תערובת קמח עם שמרים,טחנות קמח שטיבל באר שבע,IL,קמח קסם סוגת 1 קג,קילוגרמים,1.00,"ק""ג",false,,8.50,8.5000,true,1,103107
7290100703564,false,"פתיתי שיבולת שועל עבה 500 גרם ""סוגת""",,,שיבולת שועל עבה 500,גרמים,500.00,100 גרם,false,,4.90,0.0098,true,1,102377
7290100703625,false,קמח חיטה לבן ללא צורך בניפוי,"שטיבל בע""מ",IL,קמח לבן ללא ניפוי סו,קילוגרמים,1.00,"ק""ג",false,,7.90,7.9000,true,1,104648
7290100703632,false,קמח חיטה מלא ללא צורך בניפוי,"שטיבל בע""מ",IL,קמח מלא ללא ניפוי,קילוגרמים,1.00,"ק""ג",false,,7.90,7.9000,true,1,104651
7290100703649,false,"קמח חיטה 80% ללא צורך בניפוי סוגת 1 ק""ג","שטיבל בע""מ",IL,קמח מלא חיטה 80% ללא,קילוגרמים,1.00,"ק""ג",false,,7.90,7.9000,true,1,104652
7290100703670,false,"קמח כוסמין ללא ניפוי 1 ק""ג סוגת","שטיבל בע""מ",IL,קמח כוסמין מלא ללא נ,קילוגרמים,1.00,"ק""ג",false,,15.90,15.9000,true,1,104654
7290100703687,false,"קמח חלה ללא ניפוי סוגת 1 ק""ג","שטיבל בע""מ",IL,קמח חלה ללא ניפוי 1,קילוגרמים,1.00,"ק""ג",false,,7.90,7.9000,true,1,104693
7290100703861,false,"תערובת קסם לחלה ללא צורך בניפוי סוגת 1 ק""ג","שטיבל בע""\מ - טחנות קמח",IL,קמח קסם לחלה - סוגת,קילוגרמים,1.00,"ק""ג",false,,8.50,8.5000,true,1,106496
7290100703908,false,"סוכר דמררה 1 ק""ג בלמינט סוגת",סוגת תעשיות בעמ,IL,סוכר דמררה 1 קג,קילוגרמים,1.00,"ק""ג",false,,11.90,11.9000,true,1,106264
7290100703915,false,פופקורן להכנה במיקרוגל בטעם חמאה - מארז 6 שקיות,סוגת,IL,מארז פופקורן למיקרוג,גרמים,540.00,100 גרם,false,,10.90,0.0202,true,1,108993
7290100703922,false,פופקורן להכנה במיקרוגל בטעם טבעי - מארז 6 שקיות,סוגת,IL,מארז פופקורן למיקרוג,גרמים,540.00,100 גרם,false,,10.90,0.0202,true,1,108994
7290100703953,false,קוקוס לבן סוגת 500 ג,סוגת תעשיות בעמ,,קוקוס 500 גר סוגת,גרמים,500.00,100 גרם,false,,10.90,0.0218,true,1,107646
7290100703960,false,שומשום סוגת 500 גרם,סוגת תעשיות בעמ,,שומשום 500 גר סוגת,גרמים,500.00,100 גרם,false,,10.90,0.0218,true,1,107647
7290100704141,false,סודה לשתייה 100 ג' סוגת,א.ל. ייצור ושיווק תב,IL,סודה לשתיה 100 גר סו,גרמים,100.00,100 גרם,false,,2.50,0.0250,true,1,112310
7290100704493,false,"סוגת קמח שמרים פיצה ללא צורך בניפוי 1 ק""ג","שטיבל בע""\מ - טחנת קמח",IL,קמח שמרים פיצה 1 קג,קילוגרמים,1.00,"ק""ג",false,,8.50,8.5000,true,1,123021
7290100704530,false,סוגת קמח כוסמין לבן ללא צורך בניפוי 1 קג,טחנות קמח שטיבל באר,IL,קמח כוסמין לבן ללא נ,קילוגרמים,1.00,"ק""ג",false,,16.90,16.9000,true,1,124518
7290100704615,false,סוכר לבן דק דק בצנצנת סוגת 500 גרם,"סוגת תעשיות בע""\מ",IL,סוכר לבן דק דק צנצנת,גרמים,500.00,100 גרם,false,,7.90,0.0158,false,1,127104
7290100704622,false,סוכר דמררה דק דק בצנצנת סוגת 500 גרם,"סוגת תעשיות בע""\מ",IL,סוכר דמררה דק דק בצנ,גרמים,500.00,100 גרם,false,,7.90,0.0158,false,1,127103
7290100704660,false,"קינואה מיקס סוגת, 500 גרם","סוגת תעשיות בע""\מ",IL,קינואה מיקס 500 גר,גרמים,500.00,100 גרם,false,,12.90,0.0258,true,1,124928
7290100704684,false,"קמח שמרים כוסמין סוגת רב תכליתי 1 ק""ג סוגת",סוגת,IL,קמח שמרים כוסמין רב,קילוגרמים,1.00,"ק""ג",false,,19.90,19.9000,true,1,188065
7290100858592,false,אבקת קקאו עלית שקית 150 ג',הנסיך- מפעל לייצור ט,IL,קקאו עלית 150 גר,גרמים,150.00,100 גרם,false,,10.50,0.0700,true,1,24684
7290100858608,false,אבקת קקאו עלית שקית 500 ג',שטראוס קפה בי.ויn\.,IL,קקאו עלית 500 גר,גרמים,500.00,100 גרם,false,,26.90,0.0538,true,1,24685
7290100921401,false,"שמפו הוואי מועשר בקרטין 700מ""ל",טרופיקל דגיל,IL,שמפו הוואי קרטין מחז,מיליליטרים,700.00,"100 מ""ל",false,,8.90,0.0127,false,1,67522
7290100921418,false,"הוואי - מרכך קרטין מחזק 700 מ""ל",תאי פרזידנט פוד פאבל,IL,הוואי מרכך שיער קרטי,מיליליטרים,700.00,"100 מ""ל",false,,8.90,0.0127,false,1,67263
7290100921623,false,מנקה אסלה סוד 4 כדוריות נתלה אקונומיקה נתלה 50 ג',"הנקל סוד בע""\מ",HU,כדוריות נתלה אקונומי,יחידה,0.00,יחידה,false,,8.90,0.0000,true,1,66281
7290100921760,false,"הוואי שמפו ספורט לגבר 700 מ""ל",טרופיקל דגיל בעמ,IL,הוואי שמפו ספורט לשי,מיליליטרים,700.00,"100 מ""ל",false,,8.90,0.0127,false,1,67264
7290100922637,false,"הוואי שלישיית סבון נוזלי מי קוקוס 500 מ""ל",הנקל סוד,IL,שלישיה אל סבון הוואי,ליטרים,1.50,ליטר,false,,15.90,10.6000,true,1,99540
7290100922651,false,הוואי - סבון מוצק מי קוקוס 100 גרם רביעייה,טרופיקל דגיל קוסמטיק,IL,הוואי סבון מוצק רביע,גרמים,400.00,100 גרם,false,,12.90,0.0323,true,1,105100
7290100924631,false,מרכך כביסה מרוכז לבגדי תינוקות ובעלי עור רגיש,"הנקל סוד בע""\מ",IL,מרכך כביסה מרוכז סוד,מיליליטרים,900.00,"100 מ""ל",false,,11.90,0.0132,true,1,97833
7290100925669,false,קולור קאצ'ר - דפים למכונת כביסה 10 יח',"הנקל סוד בע""\מ",IE,קולור קאצ'ר 10 דפים,יחידה,0.00,יחידה,false,,13.90,0.0000,true,1,100341
7290100925676,false,קולור קאצר 20 דפים לוכדי צבע למכונת כביס,"הנקל סוד בע""\מ",IE,קולור קאצ'ר 20 דפים,יחידה,0.00,יחידה,false,,21.90,0.0000,true,1,100342
7290100925751,false,"סוד נוזל כלים תפוח 650 מ""ל","הנקל סוד בע""\מ",IL,"סוד נוזל כלים 650 מ""",מיליליטרים,650.00,"100 מ""ל",false,,6.90,0.0106,true,1,101488
7290101112228,false,גלידל פרי קרחון מופחת קלוריות בטעם אננס - 8 יח',הגלידות של פלדמן,IL,מאגדת שלגונים גלידל,גרמים,640.00,100 גרם,false,,24.90,0.0389,true,1,70880
7290101453871,false,נר מספר - 0 (1X12X60),סודי,CN,נר מספר 0,יחידה,0.00,יחידה,false,,3.90,0.0000,true,1,71103
7290101453888,false,נר מספר - 1 (1X12X60),סודי,CN,נר מספר 1,יחידה,0.00,יחידה,false,,3.90,0.0000,true,1,71104
7290101453895,false,נר מספר - 2 (1X12X60),סודי,CN,נר מספר 2,יחידה,0.00,יחידה,false,,3.90,0.0000,true,1,71105
7290101453901,false,נר מספר - 3 (1X12X60),סודי,CN,נר מספר 3,יחידה,0.00,יחידה,false,,3.90,0.0000,true,1,71092
7290101453918,false,נר מספר - 4 (1X12X60),סודי,CN,נר מספר 4,יחידה,0.00,יחידה,false,,3.90,0.0000,true,1,71093
7290101453925,false,נר מספר - 5 (1X12X60),סודי,CN,נר מספר- 5,יחידה,0.00,יחידה,false,,3.90,0.0000,true,1,71192
7290101453932,false,נר מספר - 6 (1X12X60),סודי,CN,נר מספר 6,יחידה,0.00,יחידה,false,,3.90,0.0000,true,1,71094
7290101453949,false,נר מספר 7,סודי,IL,נר מספר 7,יחידה,0.00,יחידה,false,,3.90,0.0000,true,1,71095
7290101453956,false,נר מספר - 8 (1X12X60),סודי,CN,נר מספר 8,יחידה,0.00,יחידה,false,,3.90,0.0000,true,1,71096
7290101453963,false,נר מספר - 9 (1X12X60),סודי,CN,נר מספר 9,יחידה,0.00,יחידה,false,,3.90,0.0000,true,1,71097
7290101455387,false,ביצת הפתעה עם ממתק,,,ביצת הפתעה עם ממתק,יחידה,0.00,יחידה,false,,8.00,0.0000,true,1,102290
7290101486688,false,חטיף דגנים עם שוקולד ללא גלוטן וסוכר פרי 5*20 גרם,טבעית מוצרים מן הטבע בעמ,IL,פרי חטיפי דגנים עם ש,גרמים,90.00,100 גרם,false,,16.50,0.1833,true,1,26787
7290101488248,false,"ליידי ספיד סטיק - דאודורנט רול און לאישה ורוד פרש פיושן 50 מ""ל",ליידי ספיד סטיק Lady Speed Stick,IT,ליידי ספיד סטיק רול,מיליליטרים,50.00,"100 מ""ל",false,,14.90,0.2980,true,1,30290
7290101488286,false,"ליידי ספיד סטיק - דאודורנט ספריי לאישה 24/7 פרש פיוזן ורוד 150 מ""ל",ליידי ספיד סטיק Lady Speed Stick,RU,ליידי 24/7 ספריי ורו,מיליליטרים,150.00,"100 מ""ל",false,,14.90,0.0993,true,1,34522
7290101488316,false,ליידי ספיד סטיק - דאודורנט סטיק לאישה ללא סימן ורוד סטיק 65 גרם,ליידי ספיד סטיק Lady Speed Stick,US,ליידי ספיד סטיק ללא,גרמים,50.00,100 גרם,false,,19.90,0.3980,true,1,29832
7290101488323,false,ליידי ספיד סטיק - דאודורנט סטיק לאישה ללא סימן ירוק סטיק 65 גרם,ליידי ספיד סטיק Lady Speed Stick,US,ליידי ספיד סטיק ללא,גרמים,65.00,100 גרם,false,,19.90,0.3062,true,1,29833
7290101501138,false,כרובית ארוזה יחידה,אראל תוצרת חקלאית בע,IL,כרובית ארוזה,יחידה,0.00,יחידה,false,,9.90,0.0000,true,1,189773
7290101501374,false,דלעת ארוזה צפון,,IL,דלעת ארוזה,קילוגרמים,1.00,"ק""ג",true,,8.90,8.9000,true,1,187519
7290101503507,false,מיני בטטה למיקרו נוף,חקלאי,IL,מיני בטטה למיקרו נוף,קילוגרמים,1.30,"ק""ג",false,,12.90,9.9231,true,1,115735
7290101551027,false,קפסולות קפה אספרסו חזק במיוחד 14 עלית 10 יח',הנסיך- מפעל לייצור ט,IL,קפסולות 14 למכונת נס,גרמים,50.00,100 גרם,false,,16.90,0.3380,true,1,112563
7290101551263,false,סילאן טבעי ללא תוספת סוכר,מכוורת יד מרדכי,IL,סילאן טבעי יד מרדכי,גרמים,700.00,100 גרם,false,,22.90,0.0327,true,1,111334
7290101551300,false,סילאן טבעי ללא תוספת סוכר בקבוק לחיץ,מכוורת יד מרדכי שטראוס ב,IL,סילאן טבעי לחיץ 380,גרמים,380.00,100 גרם,false,,14.90,0.0392,true,1,111335
7290101551539,false,יוגורט PRO בטעם אפרסק 0% 20 גרם חלבון בגביע,"שטראוס בריאות בע""מ",IL,דנונה פרו 20 אפרסק,גרמים,200.00,100 גרם,false,,5.90,0.0295,false,1,111586
7290101551584,false,תפוצ'יפס קידס מארז 10 יח' * 20 ג',"שטראוס פריטו ליי בע""מ )פ",IL,מארז תפוצ'יפס קידס 9,גרמים,180.00,100 גרם,false,,13.90,0.0772,false,1,111861
7290101551638,false,חטיף צ'יטוס כאפה בטעם קטשופ - מארז 10 יח',"שטראוס פריטו ליי בע""מ )פ",IL,מארז צ'יטוס כאפה 9 י,גרמים,180.00,100 גרם,false,,12.90,0.0717,false,1,111864
7290101581635,false,יין אדום יבש אבני החושן ספיר,אליעז בנימינה,IL,יין אבני חושן ספיר 2,מיליליטרים,750.00,"100 מ""ל",false,,79.90,0.1065,true,1,109835
7290101582496,false,יין לבן חצי מתוק אמרלד ריזלינג,יקבי בינימינה,IL,יין כחול אמרלד ריזלי,יחידה,0.00,יחידה,false,,37.90,0.0000,true,1,120221
7290101582618,false,יין לבן רזרב ויוניה,יקבי בנימינה,,יין רזרב ויוניה BINY,מיליליטרים,750.00,"100 מ""ל",false,,49.90,0.0665,true,1,124245
7290101828792,false,כפפות ניטריל ללא אבק,,,כפפות ניטריל ללא אבק,יחידה,0.00,יחידה,false,,19.90,0.0000,true,1,186834
7290101828808,false,כפפות ניטריל ללא אבק,,,כפפות ניטריל ללא אבק,יחידה,0.00,יחידה,false,,19.90,0.0000,true,1,186836
7290101828815,false,כפפות נטריל כחולות ללא אבקה L,,,כפפות ניטריל ללא אבק,יחידה,0.00,יחידה,false,,19.90,0.0000,true,1,186835
7290101828822,false,כפפות נטריל כחולות ללא אבקהXL,,,כפפות ניטריל ללא אבק,יחידה,0.00,יחידה,false,,19.90,0.0000,true,1,186837
7290101863410,false,"סיליט באנג ספריי ניקוי עוצמתי מכיל אקונומיקה 750 מ""ל",סיליט באנג Cillit Bang,PL,סיליט באנג ספריי אקו,מיליליטרים,750.00,"100 מ""ל",false,,12.90,0.0172,false,1,33078
7290101864127,false,"ספריי להסרת כתמים 750 מ""ל וניש קליה",קליה וניש Kalia Vanish,IL,קליה אוקסי ספריי,יחידה,750.00,יחידה,false,,16.90,0.0225,true,1,40093
7290101865261,false,"פיניש נוזל הברקה למדיח 800 מ""ל",רקיט בנקיזר,PL,פיניש נוזל הברקה 800,מיליליטרים,800.00,"100 מ""ל",false,,19.90,0.0249,true,1,39781
7290101866633,false,וניש קליה גל להסרת כתמים 3 ליטר אוקסיפרש,קליה וניש Kalia Vanish,IL,קליה וניש ג'ל 3 ליטר,ליטרים,3.00,ליטר,false,,29.90,9.9667,false,1,43436
7290101866787,false,וניש קליה נוזל מסיר כתמים לכביסה לבנה 3 ליטר,קליה וניש Kalia Vanish,IL,קליה 3 ליטר,ליטרים,3.00,ליטר,false,,29.90,9.9667,false,1,56386
7290101868460,false,"קולון 101 אבקת כביסה 8 ק""ג",רקיט בנקיזר,IL,"קולון 8 ק""ג 101 אבקת",קילוגרמים,8.00,"ק""ג",false,,54.90,6.8625,true,1,64418
7290101868958,false,"פיניש נוזל הברקה למדיח בניחוח לימון 500 מ""ל",רקיט בנקיזר,PL,פיניש נוזל הברקה לימ,מיליליטרים,800.00,"100 מ""ל",false,,19.90,0.0249,true,1,69816
7290101869702,false,"ג 'ל פיניש AIO MAX מרוכז למדיח 600מ""ל",פיניש רקיט בנקיזר,PL,פיניש ג'ל רגיל 600 מ,מיליליטרים,600.00,"100 מ""ל",false,,34.90,0.0582,true,1,95315
7290101869719,false,ג'ל מרוכז למדיח פיניש all in one max בניחוח לימון,פיניש רקיט בנקיזר,PL,"פיניש ג'ל 600 מ""ל לי",מיליליטרים,600.00,"100 מ""ל",false,,34.90,0.0582,true,1,95304
7290101869726,false,ג'ל מרוכז למדיח הכל ב-1 פיניש 1 ליטר,רקיט בנקיזר,PL,פיניש ג'ל 1 ליטר,ליטרים,1.00,ליטר,false,,42.90,42.9000,true,1,95149
7290101869733,false,פיניש ג'ל למדיח כלים בניחוח לימון 1 ליטר ALL IN 1,רקיט בנקיזר,PL,פיניש ג'ל לימון 1 לי,ליטרים,1.00,ליטר,false,,42.90,42.9000,true,1,95150
7290101869764,false,אירוויק מכשיר אוטומט+מילוי בניחוח חלום ליל קיץ,רקיט בנקיזר,CN,מבשם אויר מכשיר אוטו,מיליליטרים,250.00,"100 מ""ל",false,,44.90,0.1796,true,1,94897
7290101869795,false,"מטהר אוויר אירוויק ספריי מילוי חלום ליל קיץ 250 מ""ל",איירוויק Air Wick,GB,מילוי מבשם אויר אטומ,מיליליטרים,250.00,"100 מ""ל",false,,14.90,0.0596,true,1,94899
7290101974161,false,כבל מאריך 5 מטר,,,כבל מאריך 5 מטר,יחידה,0.00,יחידה,false,,36.90,0.0000,true,1,102077
7290101980919,false,מארז שלישיית ביצי שוקולד ממותגים,זאיני,IT,שלישיית ביצי הפתעה,גרמים,60.00,100 גרם,false,,12.90,0.2150,true,1,28644
7290101985365,false,בקבוק אלומיניום גדול,,,בקבוק גדול ממותג,יחידה,0.00,יחידה,false,,28.90,0.0000,true,1,68406
7290101985433,false,הפתעות לימי הולדת,NOVELTY,,הפתעות לילדים,יחידה,0.00,יחידה,false,,6.40,0.0000,true,1,94165
7290101999676,false,נרות מטה כוכבים מכונ,,,נרות מטה כוכבים מכונ,יחידה,0.00,יחידה,false,,6.40,0.0000,true,1,71078
7290101999737,false,נרות מטה לבבות - מיני(1X24),סודי,CN,נרות מטה לבבות מיני,יחידה,0.00,יחידה,false,,6.40,0.0000,true,1,71082
7290102003778,false,נרות ג'מבו מאויירים - בוב ספוג,,,נרות ג'מבו מאויירים,יחידה,0.00,יחידה,false,,6.40,0.0000,true,1,97907
7290102003792,false,נר גמבו מאויירים ספי,סודי,,נרות ג'מבו מאויירים,יחידה,0.00,יחידה,false,,6.40,0.0000,true,1,71315
7290102006441,false,זר יום הולדת לראש עם פרחים לבן 1 יחידה,שמחה זה אנחנו,CN,זר יום הולדת לראש עם,יחידה,0.00,יחידה,false,,13.80,0.0000,true,1,71075
7290102030330,false,תפוצ'יפס קראנצ' בטעם מקסיקני 200 גרם,"שטראוס פריטו ליי בע""\מ )",IL,תפוצ'יפס קראנצ' מקסי,גרמים,200.00,100 גרם,false,,10.90,0.0545,false,1,26612
7290102031276,false,מארז 8 יחידות אקטימל משקה יוגורט בטעם תות בננה,מיוצר עי קונדיטוריית,IL,אקטימל תות 1.5% שמינ,מיליליטרים,800.00,"100 מ""ל",false,,21.10,0.0264,true,1,25941
7290102032334,false,אבקה להכנת משקה קפה בטעם וניל,שטראוס קפה בי.וי,IL,קפה נמס בטעם וניל 20,גרמים,200.00,100 גרם,false,,23.90,0.1195,false,1,28599
7290102035151,false,דנונה אקטיביה טבעי150גרם,שטראוס דנונה,IL,אקטיביה 1.5% טבעי,גרמים,150.00,100 גרם,false,,3.80,0.0253,true,1,58555
7290102051007,false,נורת יונדאי ליבון שקוף 40W,,,נורות 40W ליבון,יחידה,0.00,יחידה,false,,2.90,0.0000,true,1,38670
7290102051014,false,נורת ליבון E27 60W,,,נורות 60W,יחידה,0.00,יחידה,false,,2.90,0.0000,true,1,39514
7290102060764,false,מרידול מברשת שיניים אריזת זוג,יבואן ומשווק: ש. שסט,CH,מרידול מברשת שיניים,יחידה,0.00,יחידה,false,,34.90,0.0000,true,1,55395
7290102060979,false,"אלמקס משחת שיניים למניעת עששת 100מ""ל",יבואן ומשווק: ש. שסט,PL,אלמקס משחת שיניים מש,גרמים,100.00,100 גרם,false,,15.90,0.1590,false,1,31579
7290102062195,false,"משחת שיניים לילדים לגילאי 6-12 אלמקס 75 מ""ל",יבואן ומשווק: ש. שסט,PE,אלמקס משחת שיניים ג',מיליליטרים,75.00,"100 מ""ל",false,,15.90,0.2120,true,1,35816
7290102300815,false,"גבינת צ'דר אנגלית כתומה פרוס, 200 גרם",שבינגטון,GB,גבינת צ'דר כתום פרוס,גרמים,200.00,100 גרם,false,,26.90,0.1345,true,1,122619
7290102300822,false,גבינה צ'דר אנגלית כתומה 200 גרם,דאולי צ'יסמייקרס,GB,גבינת צ'דר אנגלי כתו,גרמים,200.00,100 גרם,false,,22.90,0.1145,true,1,101483
7290102302246,false,גבינת גאודה הולנדית 200 גרם,מיוצר עי קונדיטוריית,NL,גבינת גאודה 200 גר,גרמים,200.00,100 גרם,false,,22.90,0.1145,true,1,103866
7290102302253,false,"גבינת גאודה עיזים חצי קשה 34%, 200 גרם",מיוצר עי קונדיטוריית,NL,גאודה עיזים 200 גר,גרמים,200.00,100 גרם,false,,31.90,0.1595,true,1,103867
7290102302826,false,רוברט פילה דג סרדין בשמן זית 120 גרם,רמירז אנד קה פילהאוס,PT,פילה דג סרדין בשמן ז,גרמים,120.00,100 גרם,false,,13.90,0.1158,true,1,120278
7290102302864,false,גבינה הולנדית עם פסטו ירוק 34%,הנרי ויליך Henri Willig,NL,גאודה פסטו ירוק,גרמים,200.00,100 גרם,false,,34.90,0.1745,true,1,119160
7290102302888,false,גבינת גאודה כמון 200 גרם,מיוצר עי קונדיטוריית,NL,גאודה כמון 200 גר,גרמים,200.00,100 גרם,false,,29.90,0.1495,true,1,117846
7290102303878,false,אלוויר חמאת נורמנדי 200 גרם,אלוויר,FR,חמאת אלוויר נורמדי,גרמים,200.00,100 גרם,false,,17.90,0.0895,true,1,126513
7290102303977,false,גוש טונה בשמן זית רוברט 140 גרם,קונסרבס פורטוגל נורטה,PT,גוש טונה בשמן זית,גרמים,140.00,100 גרם,false,,11.90,0.0850,true,1,190037
7290102390427,false,יוגורט ביו עם קציפת תות 3% שומן 150 ג' מולר,מולר Muller,IL,יוגורט תות 3% מולר 1,מיליליטרים,150.00,"100 מ""ל",false,,5.30,0.0353,true,1,28740
7290102390465,false,יוגורט ביו עם קציפת אפרסק ופסיפלורה 3% שומן 150 ג' מולר,מולר Muller,IL,יוגורט אפרסק ופסיפלו,מיליליטרים,150.00,"100 מ""ל",false,,5.30,0.0353,false,1,28742
7290102390489,false,יוגורט ביו עם קציפת לימון 3% שומן 150 ג' מולר,מולר Muller,IL,יוגורט לימון 3% - 15,מיליליטרים,150.00,"100 מ""ל",false,,5.30,0.0353,true,1,28743
7290102391844,false,יוגורט ביו עם קציפת פירות יער3% שומן 150 ג' מולר,מולר Muller,IL,יוגורט מולר פרופ פיר,מיליליטרים,150.00,"100 מ""ל",false,,5.30,0.0353,true,1,31610
7290102392049,false,גבינה לאפיה תבור ללא תוספת מלח 5% משק צוריאל 500 גרם,מחלבת משק צוריאל,IL,תבור גבינה לאפיה 5%,גרמים,500.00,100 גרם,false,,25.90,0.0518,true,1,33678
7290102392094,false,חלב עיזים 3.7% בקרטון משק צוריאל 1 ליטר,מילקו תעשיות בעמ,IL,חלב עיזים בקרטון 3.7,ליטרים,1.00,ליטר,false,,16.50,16.5000,true,1,33557
7290102392254,false,"חלב בקרטון 1% 2 ליטר בד""צ - מוצר בפיקוח",מילקו תעשיות בעמ,IL,חלב 2 ליטר 1% בקרטון,ליטרים,2.00,ליטר,false,,11.72,5.8600,false,1,33562
7290102393039,false,"יוגורט ביו קרמי מיקס פצפוצי שוקולד 7.6% מולר 170 מ""ל",קריות זול,IL,מולר מיקס יוגורט עם,גרמים,170.00,100 גרם,false,,6.20,0.0365,false,1,37637
7290102393060,false,"יוגורט ביו קרמי מיקס גלילי ופל ואגוזים 5.9% מולר 170 מ""ל",קריות זול,IL,מולר מיקס יוגורט עם,גרמים,170.00,100 גרם,false,,6.20,0.0365,true,1,37638
7290102393169,false,"יוגורט סימפלי פרוט בטעם תות 3% מולר 150 מ""ל",מולר Muller,IL,מולר סימפלי פרויט תו,מיליליטרים,150.00,"100 מ""ל",false,,5.30,0.0353,false,1,40383
7290102393176,false,סימפלי פרוט יוגורט אפרסק 3% שומן 150 ג' מולר,מילקו תעשיות בעמ,IL,מולר סימפלי פרויט אפ,מיליליטרים,150.00,"100 מ""ל",false,,5.30,0.0353,false,1,40384
7290102393190,false,"יוגורט סימפלי פרוט בטעם פירות יער 3% מולר 150 מ""ל",מילקו תעשיות בעמ,IL,מולר סימפלי פרויט פי,מיליליטרים,150.00,"100 מ""ל",false,,5.30,0.0353,false,1,40386
7290102393299,false,יוגורט עיזים לשתייה 3% משק צוריאל 500 גרם,מיוצר עי קוד יצרן HG,IL,יוגורט עיזים לשתיה 3,גרמים,500.00,100 גרם,false,,12.90,0.0258,true,1,39109
7290102393718,false,גבינת חלומי מחלב בקר 28% משק צוריאל 200 גרם,מחלבת משק צוריאל,IL,גבינת חלומי בקר 200,גרמים,200.00,100 גרם,false,,21.90,0.1095,true,1,40004
7290102393848,false,יוגורט עיזים 2.4% עם תות משק צוריאל 150 גרם,מחלבת משק צוריאל,IL,יוגורט עיזים תות 2.5,גרמים,140.00,100 גרם,false,,6.20,0.0443,true,1,42062
7290102393855,false,יוגורט עיזים 2.5% עם אפרסק משק צוריאל 150 גרם,מחלבת משק צוריאל,IL,יוגורט עיזים אפרסק 2,גרמים,140.00,100 גרם,false,,6.20,0.0443,true,1,42023
7290102393947,false,סימפלי פרוט יוגורט בטעם קיווי 3% שומן 150 ג' מולר,מילקו תעשיות בעמ,IL,מולר סימפלי פרוט קיו,מיליליטרים,150.00,"100 מ""ל",false,,5.30,0.0353,false,1,42849
7290102394081,false,"יוגורט ביו קרמי מיקס קורנפלקס מצופה שוקולד מולר 170 מ""ל",מילקו תעשייה בעמ,IL,מולר מיקס יוגורט קרמ,גרמים,170.00,100 גרם,false,,6.20,0.0365,false,1,42884
7290102394258,false,גליל גבינת עיזים מה עז 9% משק צוריאל 180 גרם,מחלבת משק צוריאל,IL,עז מה 180 גר' 9%,גרמים,180.00,100 גרם,false,,23.90,0.1328,true,1,43491
7290102394463,false,נעם גבינה צהובה פרוסה ואקום 28% טרה 500 גרם,Unknown,IL,גבינה צהובה 28% וואק,גרמים,500.00,100 גרם,false,,29.90,0.0598,true,1,63104
7290102394821,false,נעם גבינה צהובה פרוסה 28% טרה 200 גרם,מילקו תעשיות בעמ,IL,גבינה צהובה טרה דק ד,גרמים,200.00,100 גרם,false,,16.90,0.0845,false,1,57538
7290102394845,false,נעם גבינה צהובה לייט פרוסה דק דק 9% טרה 200 גרם,מילקו תעשיות בעמ,IL,גבינה צהובה לייט דק,גרמים,200.00,100 גרם,false,,17.50,0.0875,false,1,57549
7290102395217,false,מאגדת שמיניה מולר במתיקות מעודנת 1.2% 8*150 ג',מולר Muller,IL,מאגדת יוגורט מולר שמ,גרמים,1200.00,100 גרם,false,,21.00,0.0175,true,1,61181
7290102395224,false,שמיניית יוגורט ביו ביאנקו 1.7% מולר 150 גרם,מולר Muller,IL,מאגדת מולר לבן ביו 1,גרמים,1200.00,100 גרם,false,,18.50,0.0154,false,1,61118
7290102395231,false,שמיניית יוגורט ביו ביאנקו 2.8% מולר 150 גרם,מולר Muller,IL,מאגדת יוגורט מולר בי,גרמים,1200.00,100 גרם,false,,18.50,0.0154,false,1,60893
7290102395262,false,מארז 8 גביעים יוגורט בטעם תות שדה ואפרסק 3% Simply Fruit,מולר Muller,IL,מאגדת מולר תות אפרסק,גרמים,1200.00,100 גרם,false,,31.90,0.0266,true,1,63343
7290102395378,false,נעם גבינה צהובה פרוסה ואקום 28% טרה 360 גרם,טרה,IL,גבינה צהובה נעם 28%,גרמים,360.00,100 גרם,false,,21.50,0.0597,true,1,63044
7290102395439,false,מארז 8 גביעים יוגורט בטעם פירות יער וקיווי 3% Simply Fruit,מילקו תעשיות בעמ,IL,מאגדת שמינייה סימפלי,יחידה,0.00,יחידה,false,,31.90,0.0000,true,1,64255
7290102395446,false,מעדן חלב בטעם וניל עם קצפת 123 ג' טרה,Unknown,IL,מוו מעדן וניל קצפת,גרמים,123.00,100 גרם,false,,2.90,0.0236,true,1,61287
7290102395477,false,מעדן חלב בטעם שוקולד עם קצפת 123 ג' טרה,Unknown,IL,מו מעדן שוקולד קצפת,גרמים,123.00,100 גרם,false,,2.90,0.0236,true,1,61112
7290102395521,false,"שמנת לבישול 15% שומן 500 מ""ל טרה",מילקו תעשיות בעמ,IL,שמנת לבישול 15% + פק,מיליליטרים,500.00,"100 מ""ל",false,,16.90,0.0338,true,1,67160
7290102395958,false,יוגורט 4% בכד 3 ליטר רבנות,טרה,,יוגורט 3 ליטר טרה 4%,ליטרים,3.00,ליטר,false,,29.90,9.9667,true,1,108755
7290102396436,false,מעדן שוקולד מוו 1.5% טרה 125 גרם,מילקו תעשיות בעמ,IL,מעדן מוו שוקולד,גרמים,125.00,100 גרם,false,,2.90,0.0232,true,1,68241
7290102396443,false,"מעדן מוו וניל 1.5% 125 גרם בד""צ",מילקו תעשיות בעמ,IL,מעדן מוו וניל,גרמים,125.00,100 גרם,false,,2.90,0.0232,true,1,68209
7290102396580,false,מעדן מוו שוקולד ומוס שוקולד טרה 118 גרם,טרה,IL,מעדן מוו שוקולד ומוס,גרמים,123.00,100 גרם,false,,2.90,0.0236,true,1,68701
7290102396665,false,נעם גבינה צהובה דק דק 15% טרה 200 גרם,מילקו תעשיות בעמ,IL,גבינה צהובה נעם דק ד,גרמים,200.00,100 גרם,false,,16.90,0.0845,true,1,98341
7290102396672,false,"גבנ""צ דק דק נעם פתיחה חוזרת 9% 360 גרם",מילקו תעשיות בעמ,IL,גבינה צהובה נעם 9%,גרמים,360.00,100 גרם,false,,28.50,0.0792,true,1,96660
7290102396719,false,יוגורט סימפלי תות 0% מולר 150 גרם,מולר Muller,IL,יוגורט סימפלי תות 0%,גרמים,150.00,100 גרם,false,,5.30,0.0353,false,1,70308
7290102396726,false,יוגורט סימפלי אפרסק 0% מולר 150 גרם,מולר,IL,יוגורט סימפלי אפרסק,גרמים,150.00,100 גרם,false,,5.00,0.0333,false,1,70309
7290102396740,false,מארז 8 גביעים יוגורט בטעם תות שדה ואפרסק 0% Simply Fruit,מילקו תעשיות בעמ,IL,מאגדת שמינייה מולר ס,גרמים,1200.00,100 גרם,false,,31.90,0.0266,true,1,70311
7290102397204,false,"גבנ""צ דק דק נעם פתיחה חוזרת 22% 200 גרם",מילקו תעשיות בעמ,IL,גבינה צהובה נעם דק ד,גרמים,200.00,100 גרם,false,,16.90,0.0845,true,1,96654
7290102397464,false,יוגורט ביו בתוספת גרעינים אגוזים וחמוציות 170 ג' מולר,מולר Muller,IL,יוגורט מולר נטורל+גר,גרמים,170.00,100 גרם,false,,6.20,0.0365,true,1,104047
7290102397600,false,מיקס יוגורט בתוספת שקדים ובוטנים מקורמלים 170 ג' מולר,מילקו תעשייה בעמ,IL,מולר מיקס בתוספת שקד,גרמים,170.00,100 גרם,false,,6.20,0.0365,true,1,100403
7290102397617,false,יוגורט ביו קרמי עם כדורים מצופים שוקולד חום לבן,מולר Muller,IL,מולר מיקס בתוספת קלי,גרמים,170.00,100 גרם,false,,6.20,0.0365,true,1,100404
7290102397679,false,קוטג' וחצי טרה 5% מרכיבים טבעיים,מילקו,IL,קוטג' 375 גר' טרה,גרמים,375.00,100 גרם,false,,8.30,0.0221,true,1,107919
7290102397730,false,פרוסות גבינה אמנטל חצי קשה 30% שומן 200 ג' נעם,Unknown,IL,נעם אמנטל 100% רכיבי,גרמים,200.00,100 גרם,false,,17.50,0.0875,true,1,105126
7290102397747,false,פרוסות גבינת מוצרלה נעם מחלב בקר 22%,טרה,IL,מוצרלה 200 גר' נעם,גרמים,200.00,100 גרם,false,,18.90,0.0945,true,1,107836
7290102397891,false,גבינה מותכת משק צוריאל 100 גרם,משק צוריאל,IL,גבינה מותכת 18% משק,גרמים,100.00,100 גרם,false,,7.30,0.0730,true,1,104046
7290102398065,false,חלב טרה בקרטון 2 ליטר מהדרין 3% - מוצר בפיקוח,הפריט בפיקוח,IL,חלב בקרטון 3% טרה 2,ליטרים,2.00,ליטר,false,,12.46,6.2300,false,1,106107
7290102398072,false,"חלב קרטון 3%-1 ליטר "" טרה"" -מוצר פיקוח",הפריט בפיקוח,IL,חלב טרה 3% בקרטון 1,ליטרים,1.00,ליטר,false,,6.23,6.2300,false,1,105624
7290102398331,false,חלב מועשר דל לקטוז 2% שומן טרה 1 ליטר,טרה,IL,חלב מועשר דל לקטוז 1,ליטרים,1.00,ליטר,false,,7.80,7.8000,false,1,107904
7290102398560,false,שוקו טרה מועשר בבקבוק 1 ליטר,מילקו תעשיות בעמ,IL,שוקו טרה מועשר בקבוק,ליטרים,1.00,ליטר,false,,12.50,12.5000,true,1,111349
7290102398577,false,משקה חלב בטעם שוקו 2% בבקבוק אישי,מילקו תעשיות בעמ,IL,שוקו טרה מועשר בקבוק,מיליליטרים,250.00,"100 מ""ל",false,,5.50,0.0220,true,1,111350
7290102398614,false,משקה חלב בטעם בננה טרה 1 ליטר,מילקו תעשיות בעמ,IL,משקה חלב בטעם בננה 1,ליטרים,1.00,ליטר,false,,12.50,12.5000,true,1,111684
7290102398638,false,משקה חלב בטעם מוקה טרה 1 ליטר,מילקו תעשיות בעמ,IL,משקה חלב בטעם מוקה 1,ליטרים,1.00,ליטר,false,,12.50,12.5000,true,1,111685
7290102398669,false,משקה חלב אייס קפוצ'ינו טרה 1 ליטר,מילקו תעשיות בעמ,IL,אייס קפוצ'ינו 1 ליטר,ליטרים,1.00,ליטר,false,,12.50,12.5000,true,1,120408
7290102398782,false,משקה סויה קלאסי משק צוריאל 1 ליטר,מחלבת משק צוריאל,IT,משקה סויה קלאסי 1 לי,ליטרים,1.00,ליטר,false,,11.90,11.9000,true,1,117494
7290102398805,false,משקה סויה בטעם וניל משק צוריאל 1 ליטר,מחלבת משק צוריאל,IT,משקה סויה בטעם וניל,ליטרים,1.00,ליטר,false,,11.90,11.9000,true,1,117219
7290102398836,false,משקה שקדים קלאסי משק צוריאל 1 ליטר,מחלבת משק צוריאל,IT,משקה שקדים קלאסי משק,ליטרים,1.00,ליטר,false,,13.50,13.5000,true,1,117145
7290102399048,false,פרוסות גבינת קשקבל נעם 200 ג' טרה,מילקו,IL,גבינת קשקבל נעם פתיח,גרמים,200.00,100 גרם,false,,22.90,0.1145,true,1,114245
7290102399079,false,גבינה בולגרית 16% בג,,,גבינה בולגרית 16% 25,גרמים,250.00,100 גרם,false,,21.50,0.0860,true,1,120409
7290102399635,false,"מולר פרופ יוגורט ביו עם קציפת קוקוס ואננס 150 מ""ל",מולר Muller,IL,יוגורט Bio עם קציפת,גרמים,150.00,100 גרם,false,,5.30,0.0353,true,1,120404
7290102399697,false,סימפלי פרוט מנגו 1.5% שומן 150 ג' מולר,מילקו תעשיות בעמ,IL,יוגורט סימפלי פרוט 1,מיליליטרים,150.00,"100 מ""ל",false,,5.00,0.0333,true,1,117877
7290102399772,false,מולר ספרדבל-ממרח חמאת מולר במליחות עדינה 250 גרם,G Weihenstephan Molkerei,DE,ממרח חמאה במליחות עד,גרמים,250.00,100 גרם,false,,18.90,0.0756,true,1,120403
7290102399796,false,מעדן יוגורט לבן מועשר בחלבון 200 ג' מולר אקטיב,מולר Muller,IL,מולר אקטיב יוגורט 25,גרמים,200.00,100 גרם,false,,5.80,0.0290,true,1,120124
7290102399802,false,יוגורט עם תות מולר אקטיב מועשר בחלבון 200 גר',מולר Muller,IL,מולר אקטיב יוגורט תו,גרמים,200.00,100 גרם,false,,6.20,0.0310,true,1,120125
7290102399819,false,יוגורט עם פירות יער מולר אקטיב מועשר בחלבון 200 גר',מולר Muller,IL,מולר אקטיב יוגורט פי,גרמים,200.00,100 גרם,false,,6.20,0.0310,true,1,120126
7290102399857,false,מולר אקטיב לייט 20 גרם חלבון 0% שומן עם תות 200 גרם,מולר Muller,IL,מולר אקטיב לייט עם ת,גרמים,200.00,100 גרם,false,,6.20,0.0310,true,1,120659
7290102841127,false,תערובת להכנת עוגת פרג נאמן 600ג',י.כהן,,אבקה להכנת עוגת פרג,גרמים,600.00,100 גרם,false,,14.00,0.0233,true,1,35207
7290102842360,false,תערובת להכנת סופלה בטעם שוקולד בלגי,י.כהן Kahan's,,תערובת להכנת סופלה ש,יחידה,0.00,יחידה,false,,14.50,0.0000,true,1,55883
7290102844364,false,תערובת להכנת עוגת שיש 560ג',י.כהן,,תערובת להכנת עוגת שי,גרמים,560.00,100 גרם,false,,13.90,0.0248,true,1,101283
7290103124601,false,"תחליב רחצה נוזל חלב ודבש משאבה 750מ""ל פלמוליב",הנסיך- מפעל לייצור ט,TR,פלמוליב סבון נוזלי ח,מיליליטרים,750.00,"100 מ""ל",false,,19.90,0.0265,true,1,43548
7290103128739,false,מקלוני כותנה לתינוק בלונס 50 יחידות,הנסיך- מפעל לייצור ט,GR,בלונס מקלות אזניים ל,יחידה,0.00,יחידה,false,,5.90,0.0000,true,1,58047
7290103129378,false,ספיד סטיק - דאודורנט ג'ל לגבר איקס 5 85 גרם,הנסיך- מפעל לייצור ט,US,ספיד סטיק 24/7 ג'ל X,יחידה,0.00,יחידה,false,,19.90,0.0000,true,1,60491
7290103129392,false,ליידי ספיד סטיק פרש אסנס פרח הפרזיה סטיק 65 גר,ליידי ספיד סטיק Lady Speed Stick,US,ליידי ספיד סטיק פרח,גרמים,65.00,100 גרם,false,,19.90,0.3062,true,1,61158
7290103129408,false,ליידי ספיד סטיק - דאודורנט סטיק לאישה פרש אסנס פריחת הפרדס 65 גרם,ליידי ספיד סטיק Lady Speed Stick,US,ליידי ספיד סטיק פריח,גרמים,65.00,100 גרם,false,,19.90,0.3062,true,1,61159
7290103129637,false,בלונס פדים אובליים להסרת איפור 40 יחידות,הנסיך- מפעל לייצור ט,GR,פדים קוסמטיים להסרת,יחידה,0.00,יחידה,false,,7.90,0.0000,true,1,60285
7290103151508,false,מיכלי אחסון 1 ליטר 5,סנטר פלסט,IL,מיכל איחסון 1 ליטר 5,יחידה,0.00,יחידה,false,,9.90,0.0000,true,1,107996
7290103151515,false,מיכלי אחסון 2 ליטר 4,סנטר פלסט,IL,מיכל איחסון 2 ליטר 4,יחידה,0.00,יחידה,false,,9.90,0.0000,true,1,107997
7290103400194,false,"כרוב לבן 400 גר בד""צ ירקות שטראוס",שטראוס בריאות ירקות טריי,IL,כרוב לבן שטראוס 400ג,גרמים,400.00,100 גרם,false,,8.90,0.0223,true,1,38439
7290103400231,false,"גזר מגורד שטראוס 400 גרם בד""צ",שטראוס בריאות ירקות טריי,IL,"גזר שטראוס 400ג' בד""",גרמים,400.00,100 גרם,false,,8.90,0.0223,true,1,38440
7290103400255,false,"סלט קולסלאו 400 גרם בד""צ ירקות שטראוס",שטראוס בריאות ירקות טריי,IL,סלט קולסלאו 400ג' בד,גרמים,400.00,100 גרם,false,,8.90,0.0223,true,1,38441
7290103401429,false,קפה קצב ברזילאי אוריגינס 200 גר,הנסיך- מפעל לייצור ט,IL,קפה נמס קצב ברזילאי,גרמים,200.00,100 גרם,false,,24.90,0.1245,false,1,34776
7290103404758,false,סלט כרוב אדום במיונז אחלה 120 גרם,מיוצר עי קונדיטוריית,IL,סלט כרוב 120 גר,גרמים,120.00,100 גרם,false,,5.00,0.0417,true,1,33622
7290103408206,false,עלי חסה ערבית שטופים שטראוס 250 גרם,שטראוס בריאות ירקות טריי,IL,עלי חסה בקופסא שטראו,גרמים,250.00,100 גרם,false,,9.90,0.0396,true,1,35587
7290103681173,false,"יין הר קברנה סובניון יקבי תבור 750 מ""ל.",מיוצר על ידי יקב תבור,IL,הר TABOR קברנה סובני,מיליליטרים,750.00,"100 מ""ל",false,,29.90,0.0399,true,1,113644
7290103681197,false,"יין הר שיראז מיתוג תנשמת 750 מ""ל",מיוצר על ידי יקב תבור,IL,הר TABOR שיראז 750 מ,מיליליטרים,750.00,"100 מ""ל",false,,29.90,0.0399,true,1,113646
7290103681210,false,"יין הר שרדונה מיתוג תנשמת 750 מ""ל",מיוצר על ידי יקב תבור,IL,יין תבור הר שרדונה ס,מיליליטרים,750.00,"100 מ""ל",false,,34.90,0.0465,true,1,113770
7290103681227,false,"יין הר גוורצטרמינר מיתוג תנשמת 750 מ""ל",מיוצר על ידי יקב תבור,IL,הר TABOR גיוורצטרמינ,מיליליטרים,750.00,"100 מ""ל",false,,29.90,0.0399,true,1,113647
7290103681234,false,"יין הר רוזה מיתוג תנשמת 750 מ""ל",מיוצר על ידי יקב תבור,IL,"הר TABOR רוזה 750 מ""",מיליליטרים,750.00,"100 מ""ל",false,,29.90,0.0399,true,1,113648
7290103681241,false,"יין הר מוסקטו מיתוג תנשמת 750 מ""ל",יקב תבור,IL,יין תבור הר מוסקטו,מיליליטרים,750.00,"100 מ""ל",false,,29.90,0.0399,true,1,114009
7290103681623,false,"יין הר מוסקטו רוזה יקבי תבור 750 מ""ל",יקבי תבור,IL,"מוסקטו רוזה 750 מ""ל",מיליליטרים,750.00,"100 מ""ל",false,,29.90,0.0399,true,1,119433
7290104061417,false,סלט חומוס עם טחינה אחלה 400 גרם,"שטראוס גרופ בע""\מ",IL,חומוס טחינה אחלה 400,גרמים,400.00,100 גרם,false,,10.50,0.0263,true,1,36174
7290104061424,false,סלט חומוס עם זעתר אחלה 400 גרם,מיוצר עי קונדיטוריית,IL,חומוס אחלה זעתר 400,גרמים,400.00,100 גרם,false,,10.50,0.0263,true,1,36172
7290104061431,false,סלט חומוס עם צנובר אחלה 400 גרם,"שטראוס גרופ בע""\מ",IL,חומוס אחלה צנובר 400,גרמים,400.00,100 גרם,false,,10.50,0.0263,true,1,36175
7290104061448,false,סלט חומוס עם חריף אחלה 400 גרם,מיוצר עי קונדיטוריית,IL,חומוס אחלה חריף 400,גרמים,400.00,100 גרם,false,,10.50,0.0263,true,1,36173
7290104062599,false,מארז 8 יחידות מעדן גמדים בטעמי תות ובננה,"שטראוס בריאות בע""\מ",IL,מארז סופר גמדים תות,גרמים,800.00,100 גרם,false,,18.90,0.0236,true,1,36396
7290104065187,false,אבקה להכנת משקה קפה בטעם מוקה,STRAUSS-ISRAEL,IL,קפה נמס בטעם מוקה 20,גרמים,200.00,100 גרם,false,,23.90,0.1195,false,1,38281
7290104065934,false,עלי רוקט שטראוס 150 גרם,שטראוס בריאות ירקות טריי,IL,עלי רוקט שטראוס 150,גרמים,150.00,100 גרם,false,,9.90,0.0660,true,1,37728
7290104067679,false,סלט טחינה אחלה 400גר,מיוצר עי קונדיטוריית,IL,טחינה אחלה 400 גר,גרמים,400.00,100 גרם,false,,10.90,0.0273,true,1,64925
7290104067693,false,אחלה חומוס עם חריף 150 גרם,מיוצר עי קונדיטוריית,IL,חומוס 150 גר עם חריף,גרמים,150.00,100 גרם,false,,5.50,0.0367,true,1,65476
7290104068539,false,מאסט פליפטופ מלון ואבטיח ללא גרעינים,"שטראוס גרופ בע""מ",IL,מסטיק מאסט בטעם מלון,גרמים,28.00,100 גרם,false,,4.40,0.1571,true,1,38632
7290104068546,false,גומי מאסט בטעם לימון קולה ללא סוכר 28 ג' עלית,"שטראוס גרופ בע""מ",IL,מסטיק מאסט קולה ולימ,גרמים,28.00,100 גרם,false,,4.40,0.1571,true,1,39672
7290104281815,false,מסרק כינים,,,מסרק כינים,יחידה,0.00,יחידה,false,,4.90,0.0000,true,1,190193
7290104501661,false,אינסטנט פודינג בטעם וניל צרפתי אסם 80 גרם,מיוצר עי קונדיטוריית,IL,פודינג טעם וניל צרפת,גרמים,80.00,100 גרם,false,,5.80,0.0725,false,1,40298
7290104503184,false,הבית עוגת שבת בראוניס טעם שוקולד ריבת חלב 380 גרם,מיוצר עי קונדיטוריית,IL,עוגת שבת בראוניס שוק,גרמים,380.00,100 גרם,false,,18.00,0.0474,false,1,55756
7290104504228,false,מיני דובונים אסם 100 גרם מארז 5 יחידות,"אסם השקעות בע""\מ",IL,מארז דובונים 5*20,גרמים,100.00,100 גרם,false,,13.00,0.1300,false,1,43407
7290104508189,false,גביעי וופל ממותקים לגלידה 24 יח',בטר אנד דיפרנט,IL,גביעי גלידה ממותקים,יחידה,0.00,יחידה,false,,12.50,0.0000,true,1,43246
7290104508202,false,גביעי גלידה אמריקאים אסם 120 גרם 24 יחידות,"גילרו בע""מ",IL,גביעי גלידה אמריקאים,יחידה,0.00,יחידה,false,,12.50,0.0000,true,1,42715
7290104570162,false,תמרים ללא חרצנים תמר כבוש 500 גרם,תמר העמקים בית שאן,IL,תמרים כבושים 500גר,גרמים,500.00,100 גרם,false,,9.90,0.0198,true,1,62486
7290104570292,false,"תמר מג'הול 1קג בד""ץ-אדום",,IL,תמר מג'הול 1 קג,קילוגרמים,1.00,"ק""ג",false,,19.90,19.9000,true,1,188856
7290104570629,false,ממרח גביע ירוק 450 ג' ירדן,"תמר העמקים בע""מ",IL,ממרח תמרים 450 גר,גרמים,450.00,100 גרם,false,,4.90,0.0109,false,1,97572
7290104720499,false,מארז 8 יחידות מעדן דני בטעם וניל 1.5%,מיוצר עי קונדיטוריית,IL,מארז 8 דני וניל,ליטרים,1.00,ליטר,false,,16.40,16.4000,false,1,38602
7290104721533,false,רצועות פלפלים קלויים אחלה 400 ג',מיוצר עי קונדיטוריית,IL,פלפלים קלויים אחלה,גרמים,400.00,100 גרם,false,,15.00,0.0375,true,1,40900
7290104721953,false,לקט מסולסלים ירקות שטראוס 350 גרם,שטראוס בריאות ירקות טריי,IL,לקט מסולסלים שטראוס,גרמים,350.00,100 גרם,false,,12.90,0.0369,true,1,39499
7290104722530,false,תפוצ'יפס בטעם שמנת בצל עלית 200 גרם,"שטראוס פריטו ליי בע""\מ )",IL,תפוצ'יפס שמנת בצל 20,גרמים,200.00,100 גרם,false,,10.90,0.0545,true,1,39686
7290104726262,false,רביעייה מעדן דני שוקולד דיסני לבנים 125 גרם,מיוצר עי קונדיטוריית,IL,מארז רביעיה דני לשתי,יחידה,500.00,יחידה,false,,11.00,0.0220,true,1,41345
7290104726712,false,מארז 8 יחידות מעדן מילקי בטעם שוקולד עם קצפת,"שטראוס גרופ בע""\מ",IL,מארז מילקי שמיניה,גרמים,1064.00,100 גרם,false,,21.20,0.0199,false,1,56375
7290104728310,false,"שמנת מתוקה עמידה 38% שומן ""יטבתה"" -מוצר בפיקוח",שטראוס גרופ,IL,שמנת מתוקה עמידה 38%,מיליליטרים,250.00,"100 מ""ל",false,,6.47,0.0259,false,1,42474
7290104729003,false,"יד מרדכי - שמן זית כתית מעולה 2 קלאסי 750 מ""ל",מכוורת יד מרדכי שטרא,IL,שמן זית יד מרדכי,מיליליטרים,750.00,"100 מ""ל",false,,32.90,0.0439,false,1,41882
7290104729010,false,"לבן בטעם תות יטבתה 100 מ""ל מהדרין",שטראוס גרופ,IL,לבן תות 3%,יחידה,100.00,יחידה,false,,1.40,0.0140,true,1,42315
7290104850981,false,צלחת גדולה קרם אלגנט,פאלאס,IL,צלחת גדולה קרם אלגנט,יחידה,0.00,יחידה,false,,14.90,0.0000,true,1,42275
7290104851223,false,צלחות מרק אלגנט קרם-,פאלאס,IL,צלחות מרק אלגנט קרם-,יחידה,0.00,יחידה,false,,9.90,0.0000,true,1,43516
7290104852176,false,נרות נשמה 24 שעות פאלאס,פאלאס,IL,נר נשמה,יחידה,0.00,יחידה,false,,1.90,0.0000,true,1,62022
7290104852466,false,נרות שבת 16יח 140 גר,פאלאס תעשיות נטו (20,IL,נרות שבת 16 יח',גרמים,140.00,100 גרם,false,,2.90,0.0207,true,1,65547
7290104852473,false,נר שבת 140 גרם 36*1 פאלאס (20),פאלאס תעשיות נטו (20,IL,נר שבת 20,יחידה,0.00,יחידה,false,,2.90,0.0000,true,1,61475
7290104852794,false,תבנית אלומיניום קטנות 8,פאלאס,IL,תבניות פאלאס 13 יח',יחידה,0.00,יחידה,false,,7.90,0.0000,true,1,105448
7290104859632,false,תבניות מאפינס 50 יח',,,תבניות מאפינס 50 יח',יחידה,0.00,יחידה,false,,6.50,0.0000,true,1,186053
7290104859786,false,תבנית אלומיניום בינו,,IL,תבנית אלומיניום בינו,יחידה,0.00,יחידה,false,,7.90,0.0000,true,1,110489
7290104859793,false,תבנית אלומיניום ענקי,,IL,תבנית אלומיניום ענקי,יחידה,0.00,יחידה,false,,7.90,0.0000,true,1,110490
7290104859809,false,תבנית אלומיניום ארוכ,,IL,תבנית אלומיניום ארוכ,יחידה,0.00,יחידה,false,,7.90,0.0000,true,1,110555
7290104859816,false,תבנית אלומיניום מלבן,,,תבנית אלומיניום בינו,יחידה,0.00,יחידה,false,,7.90,0.0000,true,1,110491
7290104859830,false,8 תבניות אפייה עגולות פא,פאלאס,IL,תבנית אלומיניום עגול,יחידה,0.00,יחידה,false,,7.90,0.0000,true,1,111141
7290104961526,false,דאודורנט ספריי גוף טיטניום קלאסיק Titanium Classic,"אמיליה קוסמטיקס בע""מ",IL,טיטניום CLASSIC ספרי,מיליליטרים,150.00,"100 מ""ל",false,,11.90,0.0793,true,1,59030
7290104961557,false,"טיטניום - דאודורנט ספריי לגבר בלו 150 מ""ל","אמיליה קוסמטיקס בע""מ",IL,טיטניום ICE ספריי גו,מיליליטרים,150.00,"100 מ""ל",false,,11.90,0.0793,true,1,59033
7290104961878,false,"שמפו לשיער קרטין אינטנס פורמולה 400 מ""ל נטורל",נטורל פורמולה Natural Formula,IL,שמפו קרטין טהור 400,מיליליטרים,400.00,"100 מ""ל",false,,29.90,0.0747,true,1,61011
7290104961991,false,"סבון בניחוח חמאה שיאה שחור נקה 7 שלישייה * 500 מ""ל",אמיליה קוסמטיקס,IL,שלישיית אל סבון נקה,מיליליטרים,1500.00,"100 מ""ל",false,,17.90,0.0119,true,1,94121
7290104962073,false,דאודורנט ספריי גוף טיטניום גולד Titanium Gold,"אמיליה קוסמטיקס בע""מ",IL,דאודורנט ספריי טיטני,יחידה,0.00,יחידה,false,,15.90,0.0000,true,1,64906
7290104962684,false,"קרליין - נושם דאודורנט רול און לאישה ללא אלומיניום 75 מ""ל",מיוצר עי : אמיליה קוסמטי,IL,דאודורנט נושם רול או,יחידה,0.00,יחידה,false,,12.90,0.0000,true,1,93964
7290104963001,false,סופטקר מגבונים לחים רביעייה בניחוח עדין,החברה הדרומית,IL,מגבונים סופטקר מבושם,יחידה,0.00,יחידה,false,,18.90,0.0000,true,1,99410
7290104963018,false,סופטקר מגבונים לחים רביעייה ללא בישום,החברה הדרומית,IL,מגבונים סופקטר ללא ב,יחידה,0.00,יחידה,false,,18.90,0.0000,true,1,99411
7290104963216,false,סופטקר - אל סבון עדין לתינוק לעור רגיש 1 ליטר,קוסמופארם בע'\'\מ,IL,סופטקר אל סבון עדין,ליטרים,1.00,ליטר,false,,17.90,17.9000,true,1,100110
7290104963223,false,סופטקר - אל סבון עדין לתינוק לעור רגיש 1 ליטר,קוסמופארם בע'\'\מ,IL,סופטקר אלסבון קלאסי,ליטרים,1.00,ליטר,false,,17.90,17.9000,true,1,100111
7290104963667,false,שמפו ותחליב רחצה אל דמע סופט קר 1 ליטר,קוסמופארם בע'\'\מ,IL,סופטקר 2-ב-1 אלסבון,ליטרים,1.00,ליטר,false,,17.90,17.9000,true,1,100113
7290105360250,false,קפסולות 09 עשיר וארומטי למכונת נספרסו עלית 10יח',הנסיך- מפעל לייצור ט,IL,קפסולות מקיאטו למכונ,גרמים,50.00,100 גרם,false,,16.90,0.3380,false,1,61335
7290105360328,false,קפסולות אספרסו חזק למכונות נספרסו 10 יח',הנסיך- מפעל לייצור ט,IL,אספרסו חזק קפסולות,גרמים,50.00,100 גרם,false,,16.90,0.3380,false,1,61389
7290105360335,false,קפסולות אספרסו למכונות נספרסו 50 גר,הנסיך- מפעל לייצור ט,IL,קפסולות אספרסו,גרמים,50.00,100 גרם,false,,16.90,0.3380,false,1,60934
7290105360878,false,תפוציפס טבעי 50 גרם מארז רביעייה,"שטראוס פריטו ליי בע""\מ )",IL,מארז תפוצ'יפס רביעיי,גרמים,200.00,100 גרם,false,,11.50,0.0575,true,1,69412
7290105362339,false,"שמנת לבישול 15% 250 מ""ל יטבתה מהדרין",שטראוס גרופ,IL,שמנת לבישול 15%,מיליליטרים,250.00,"100 מ""ל",false,,8.10,0.0324,true,1,57946
7290105363602,false,מקלות כיף כף קלאסי עלית 40 גרם,שולן צ'\יקולטה גידה סאן.,TR,כיף כף מקלות,גרמים,40.00,100 גרם,false,,5.20,0.1300,true,1,60624
7290105364289,false,מקלות כיף כף פצפוצים עלית 40 גרם,שולן צ'\יקולטה גידה סאן.,TR,כיף כף מקלות פצפוצים,גרמים,40.00,100 גרם,false,,5.20,0.1300,true,1,60596
7290105364302,false,"עלית חטיף שוקולד כיף כף מקלות אגוזים, 40 גרם",שולן צ'\יקולטה גידה סאן.,TR,כיף כף מקלות אגוזים,גרמים,42.00,100 גרם,false,,5.20,0.1238,true,1,60597
7290105364678,false,"אקטיביה משקה יוגורט בטעם אפרסק שטראוס 250 מ""ל",מיוצר עי קונדיטוריית,IL,משקה אקטיביה אפרסק,מיליליטרים,250.00,"100 מ""ל",false,,4.90,0.0196,true,1,43662
7290105366023,false,סלט חצילים בטעם כבד אחלה 400 גרם,מיוצר עי קונדיטוריית,IL,"חציל בטעם כבד 400 ג""",גרמים,400.00,100 גרם,false,,15.00,0.0375,true,1,47483
7290105366993,false,סימפוניה גבינת שמנת פלפל שיפקה 5% שטראוס 200 גרם,"שטראוס בריאות בע""מ",IL,גבינת סימפוניה עם פל,גרמים,200.00,100 גרם,false,,11.20,0.0560,false,1,65281
7290105368225,false,חומוס אחלה עם פלפל שיפקה 400 גרם,מיוצר עי קונדיטוריית,IL,חומוס אחלה עם פלפל ש,גרמים,400.00,100 גרם,false,,10.50,0.0263,true,1,58997
7290105368331,false,מעדן מילקי בטעם תות עם קצפת,מחלבת אחיהוד,IL,מילקי תות 8%,גרמים,133.00,100 גרם,false,,2.80,0.0211,true,1,58729
7290105368904,false,"שמנת מתוקה להקצפה 32% שומן 250 מ""ל יוטבתה",שטראוס גרופ,IL,שמנת עמידה לקצפת 32%,מיליליטרים,250.00,"100 מ""ל",false,,7.30,0.0292,false,1,62257
7290105368928,false,"שמנת 9% שומן 200 מ""ל יוטבתה",שטראוס גרופ,IL,שמנת 9% יטבתה,מיליליטרים,200.00,"100 מ""ל",false,,3.10,0.0155,false,1,57977
7290105369130,false,סימפוניה גבינת שמנת בצל ירוק 5% שטראוס 200 גרם,"שטראוס בריאות בע""\מ",IL,סימפוניה בצל ירוק 5%,גרמים,200.00,100 גרם,false,,11.20,0.0560,false,1,61404
7290105430441,false,תחליב רחצה סחלב שחור וקרם לחות Naturals משאבה,הנסיך- מפעל לייצור ט,TR,פלמוליב סחלב שחור 75,מיליליטרים,750.00,"100 מ""ל",false,,19.90,0.0265,true,1,62852
7290105430458,false,תחליב רחצה מועשר בשקדים וקרם לחות Naturals משאבה,הנסיך- מפעל לייצור ט,TR,פלמוליב שקדים 750מל,מיליליטרים,750.00,"100 מ""ל",false,,19.90,0.0265,true,1,62853
7290105431516,false,מארז חטיף פריי תמרים ובוטנים ללא גלוטן ותוספת סוכר 125 גרם,טבעית מוצרים מן הטבע בעמ,IL,פרי חטיפי תמרים בוטנ,יחידה,0.00,יחידה,false,,16.50,0.0000,true,1,62807
7290105433985,false,ליידי ספיד סטיק פרש אסנס פריחת הדובדבן סטיק 65 גר,ליידי ספיד סטיק Lady Speed Stick,US,ליידי ספיד סטיק אסנס,יחידה,0.00,יחידה,false,,19.90,0.0000,true,1,67452
7290105434050,false,ספיד סטיק - דאודורנט סטיק לגבר XL ירוק רגיולר 85 גרם,קולגייט פלמוליב,US,ספיד סטיק ירוק רגולר,יחידה,0.00,יחידה,false,,19.90,0.0000,true,1,96532
7290105434067,false,ספיד סטיק - דאודורנט סטיק לגבר XL אושן סרף 85 גרם,קולגייט פלמוליב,US,ספיד סטיק כחול אושיי,יחידה,0.00,יחידה,false,,19.90,0.0000,true,1,96533
7290105436382,false,חטיף פרי תמרים קשיו ללא תוספת סוכר וגלוטן 5 יח,טבעית מוצרים מן הטבע בעמ,IL,חטיף פרי תמרים ואגוז,גרמים,125.00,100 גרם,false,,16.50,0.1320,true,1,69163
7290105439499,false,מאסטר שף מאסטר שף מיונז 480 גר כשלפ,רמיה סי.וי. הולנד,NL,מיונז מאסטר שף,גרמים,481.00,100 גרם,false,,10.90,0.0227,true,1,98585
7290105439581,false,מנה מאסטר שף חרדל דיזיון צרפתי 370 גר,רמיה סי.וי.הולנד,FR,חרדל דיז'ון מאסטר שף,גרמים,370.00,100 גרם,false,,10.90,0.0295,true,1,98841
7290105474049,false,מעדן מוס לה קט עוף 1,HIQ FOOD PRODUCTS,TH,לה קט מוס עוף 155 גר,גרמים,155.00,100 גרם,false,,5.90,0.0381,true,1,69582
7290105474063,false,לה קט מעדן מוס כבד 155ג,PRODUCTS FOOD HIQ,TH,לה קט מוס כבד 155 גר,גרמים,155.00,100 גרם,false,,5.90,0.0381,true,1,69584
7290105474070,false,לה קט מעדן מוס טונה 155ג,PRODUCTS FOOD HIQ,IL,לה קט מוס טונה 155 ג,גרמים,155.00,100 גרם,false,,5.90,0.0381,true,1,69025
7290105474124,false,"מזון לכלבים בונזו מזון כלבים בשר 12 ק""ג מחולק","ביופט בע""מ",FR,"בונזו 12 קג כשל""פ",קילוגרמים,12.00,"ק""ג",false,,129.90,10.8250,false,1,66396
7290105475787,false,מולטיפק לה קט נתחונים בגלי 400 גר*3,SAS FIDELE,FR,לה קט שלישיה,קילוגרמים,1.20,"ק""ג",false,,19.90,16.5833,true,1,104372
7290105500151,false,וודקה פינלנדיה בקבוק,"אלטיה קורפ, הלסינקי,",FI,וודקה פינלנדיה 700מל,מיליליטרים,700.00,"100 מ""ל",false,,59.90,0.0856,false,1,60757
7290105691224,false,אסם חטיפי פריכונים טורטייה שום בצל 60 גרם,"פרח תעשיות מזון בע""מ.",IL,חטיפי פריכונים טורטי,גרמים,60.00,100 גרם,false,,7.70,0.1283,false,1,56562
7290105691248,false,אסם חטיפי פריכונים טורטייה תירס 60 גרם,"פרח תעשיות מזון בע""מ.",IL,חטיפי טורטיות,גרמים,60.00,100 גרם,false,,7.70,0.1283,false,1,56467
7290105691712,false,אסם עוגיות הפסקת קפה דגנים מלאים 230 גרם,היינץ צפון אמריקה מק,IL,עוגיות הפסקת קפה חיט,גרמים,230.00,100 גרם,false,,10.90,0.0474,true,1,58327
7290105691897,false,קוסקוס עם חיטה מלאה אסם 350 גרם,"מיוצר ע""י קוד יצרן K",IL,קוסקוס חיטה מלאה,גרמים,350.00,100 גרם,false,,8.90,0.0254,true,1,57898
7290105691934,false,קמח שמרים אסם 1 קילו,תאי פרזידנט פוד פאבל,IL,קמח שמרים אסם 1 קג,קילוגרמים,1.00,"ק""ג",false,,10.90,10.9000,false,1,59921
7290105693341,false,מארז עשיריית במבה אסם 25*10 גרם,"אסם השקעות בע""\מ",IL,במבה אסם מאגדת 25*10,גרמים,250.00,100 גרם,false,,14.90,0.0596,false,1,66004
7290105693457,false,עוגת הבית דמקה שוקו וניל אסם 320 גרם,מיוצר עי קונדיטוריית,IL,עוגת הבית דמקה שוקו,גרמים,320.00,100 גרם,false,,13.90,0.0434,false,1,58330
7290105693952,false,פירורית זהב אסם זהב שומשום 200 ג',מיוצר עי קונדיטוריית,IL,פירורית זהב שומשום,גרמים,200.00,100 גרם,false,,6.00,0.0300,true,1,58655
7290105694614,false,פסטה ספגטי מהיר הכנה אסם 500 גרם,פסטה זארה,IT,ספגטי מהיר הכנה אסם,גרמים,500.00,100 גרם,false,,7.60,0.0152,false,1,59179
7290105694904,false,מרק פטריות רכיבים טבעיים אסם 220 גרם,"אסם השקעות בע""\מ",IL,אבקת מרק פטריות רכיב,גרמים,220.00,100 גרם,false,,16.00,0.0727,true,1,59964
7290105694928,false,אבקת מרק בצל רכיבים טבעיים אסם 220 גרם,"אסם השקעות בע""\מ",IL,אבקת מרק בצל רכיבים,גרמים,220.00,100 גרם,false,,16.00,0.0727,true,1,59965
7290105695024,false,פתיתים אפויים אורז עם אטריות אסם 500 גרם,"אסם השקעות בע""\מ",IL,פתיתים אפויים אורז ע,גרמים,500.00,100 גרם,false,,7.50,0.0150,false,1,60863
7290105695321,false,עוגת הבית בראוניס פאדג' אסם 380 גרם,מיוצר עי קונדיטוריית,IL,עוגת בראוניס פאדג' א,גרמים,380.00,100 גרם,false,,18.00,0.0474,false,1,60707
7290105695536,false,אבקת מרק ירקות שורש תיבול אסם 220 גר',"אסם תעשיות בע""מ",IL,אבקת מרק ירקות שורש,גרמים,220.00,100 גרם,false,,14.90,0.0677,true,1,64393
7290105962331,false,סחוג תימני אדום חריף מאוד זהבי הכרם 220 גרם,קריניסה ויטמין אס אי,IL,סחוג חריף מאוד זהבי,גרמים,220.00,100 גרם,false,,12.50,0.0568,true,1,58311
7290105962980,false,כרוב אדום במיונז 400 ג' אחלה,מיוצר עי קונדיטוריית,IL,כרוב אדום 400 גר אחל,גרמים,400.00,100 גרם,false,,10.90,0.0273,true,1,58808
7290105962997,false,חצילים אחלה במיונז 400 גר',"שטראוס גרופ בע""מ",IL,חציל מיונז אחלה 400,גרמים,400.00,100 גרם,false,,10.90,0.0273,true,1,58809
7290105963000,false,סלט מטבוחה 400 ג' אחלה,מיוצר עי קונדיטוריית,IL,מטבוחה אחלה 400 גר,גרמים,400.00,100 גרם,false,,10.90,0.0273,true,1,58846
7290105964564,false,סלט חומוס אחלה 400גר,מיוצר עי קונדיטוריית,IL,חומוס אחלה 400 ג',גרמים,400.00,100 גרם,false,,7.90,0.0198,true,1,59851
7290105965738,false,יוגורט לשתיה בטעם תות בננה267 ג' דנונה,מיוצר עי קונדיטוריית,IL,דנונה לשתיה תות בננה,גרמים,267.00,100 גרם,false,,4.80,0.0180,true,1,66729
7290105966469,false,"חומץ בלסמי ממודנה יד מרדכי 250 מ""ל",אצטייה ג'וזפה קרמוני,IT,"חומץ בלסמי 250 מ""ל",מיליליטרים,250.00,"100 מ""ל",false,,15.90,0.0636,true,1,61818
7290105968654,false,רביולי בטטה פרווה פסטה נונה 400 ג',מיוצר עי קונדיטוריית,IL,רביולי בטטה פרווה 40,גרמים,400.00,100 גרם,false,,19.90,0.0497,true,1,60142
7290105968777,false,פריכיות 5 דגנים עם תחתית שוקולד מריר 70 גרם,"טחנת האבן תעשיות בע""",IL,פרכיות אנרג'י תחתית,גרמים,70.00,100 גרם,false,,7.90,0.1129,true,1,62634
7290106488106,false,רב שקע 4+כבל,,,רב שקע 4+כבל,יחידה,0.00,יחידה,false,,19.90,0.0000,true,1,96674
7290106520066,false,"רבע לשבע שוקולד חלב במילוי אגוזים עלית 160 גרם בד""צ","הגביע מוצרי וופלים בע""\מ",IL,רבע לשבע גלילי וופל,גרמים,160.00,100 גרם,false,,12.00,0.0750,false,1,60598
7290106520288,false,יוגורט פרו חלבון עם תות 2.4% שומן 150 ג' דנונה,"שטראוס בריאות בע""מ",IL,דנונה פרו תות,גרמים,150.00,100 גרם,false,,4.50,0.0300,true,1,98395
7290106520905,false,סלט טורקי אחלה 400 גרם,"שטראוס גרופ בע""\מ",IL,סלט טורקי אחלה 400ג',גרמים,400.00,100 גרם,false,,15.00,0.0375,true,1,61721
7290106520912,false,"שמנת 9% לבישול יטבתה 250 מ""ל מהדרין",שטראוס גרופ,IL,שמנת לבישול 9%,גרמים,258.00,100 גרם,false,,8.10,0.0314,false,1,62868
7290106521049,false,אחלה טעמי השוק קוביות סלק 400 גר,מיוצר עי קונדיטוריית,IL,קוביות סלק אחלה 400,גרמים,400.00,100 גרם,false,,15.00,0.0375,true,1,64694
7290106524439,false,"תפוצ'יפס פופס 60 גרם ""עלית""","שטראוס פריטו ליי בע""\מ )",IL,תפוצ'יפס פופס 60 גר',גרמים,60.00,100 גרם,false,,3.90,0.0650,false,1,107984
7290106525320,false,אבקת שוקולית לאפייה קופסא 500ג' עלית,הנסיך- מפעל לייצור ט,IL,שוקולית לאפיה 500 גר,גרמים,500.00,100 גרם,false,,17.50,0.0350,false,1,69474
7290106525368,false,גלילי וופל רבע לשבע אין סייד אוט 125 גר,"הגביע מוצרי וופלים בע""\מ",IL,רבע לשבע אין סייד אא,גרמים,125.00,100 גרם,false,,12.00,0.0960,true,1,64989
7290106525399,false,קפסולות 06 ברזיל למכונות נספרסו עלית 10יח',הנסיך- מפעל לייצור ט,IL,קפסולות קפה למכונת נ,גרמים,50.00,100 גרם,false,,16.90,0.3380,false,1,100032
7290106525405,false,קפסולות למכונת נספרסו נטול קפאין,שטראוס קפה בי.וי.,IL,קפסולות קפה נטול למכ,גרמים,50.00,100 גרם,false,,16.90,0.3380,false,1,68641
7290106528628,false,"דוריטוס טבעי 185 גרם ""עלית""","שטראוס פריטו ליי בע""\מ )",IL,דוריטוס 185 גר' DiPP,גרמים,185.00,100 גרם,false,,7.50,0.0405,true,1,99810
7290106528949,false,לקט ערוגות 450 גרם שטראוס,שטראוס בריאות ירקות טריי,IL,לקט ערוגות 450 גר,גרמים,450.00,100 גרם,false,,11.90,0.0264,true,1,67766
7290106571921,false,עוגיות פיטנס עוגיות חמוציות 180 גר',מיוצר עי קונדיטוריית,IL,עוגיות פיטנס חמוציות,גרמים,180.00,100 גרם,false,,11.50,0.0639,true,1,67668
7290106572027,false,אוסם - לחמית חמישה דגנים 190 גרם,"אסם השקעות בע""\מ",IL,לחמית חמישה דגנים,גרמים,190.00,100 גרם,false,,8.70,0.0458,true,1,60940
7290106572065,false,חטיפי פריכונים טורטיה חמוץ מתוק 60 גרם,"פרח תעשיות מזון בע""מ",IL,חטיפי טורטיה חמוץ מת,גרמים,60.00,100 גרם,false,,7.70,0.1283,false,1,60952
7290106572959,false,מארז אפרופו חטיף תירס 5 יחידות,"אסם השקעות בע""\מ",IL,מארז אפרופו 5*25,גרמים,125.00,100 גרם,false,,12.50,0.1000,false,1,62787
7290106573024,false,סירופ דיאט אננס 1 ליטר עסיס,בית השיטה עסיס תעשיו,IL,סירופ עסיס דיאט אננס,ליטרים,1.00,ליטר,false,,17.90,17.9000,false,1,94778
7290106573277,false,אוסם - קריספי טאפאס זיתים 150 גרם,מיוצר עי קונדיטוריית,IL,קריספי טאפאס זיתים,גרמים,150.00,100 גרם,false,,11.70,0.0780,true,1,65400
7290106573314,false,חטיף קריספי בטעם כפרי 150 ג' אסם,מיוצר עי קונדיטוריית,IL,קריספי טאפאס כפרי,גרמים,150.00,100 גרם,false,,11.70,0.0780,true,1,65402
7290106573598,false,צבר חומוס לבנוני 400 גרם,סלטי צבר,IL,חומוס לבנוני 400 גר,גרמים,400.00,100 גרם,false,,12.00,0.0300,true,1,63052
7290106573628,false,צבר חומוס עם טחינה 400 גרם,סלטי צבר,IL,חומוס עם טחינה 400 ג,גרמים,400.00,100 גרם,false,,12.00,0.0300,true,1,63053
7290106573642,false,חומוס צנוברים צבר 400 גרם,סלטי צבר,IL,חומוס צנובר 400 גר,גרמים,400.00,100 גרם,false,,12.00,0.0300,true,1,63046
7290106574793,false,עוגת הבית בטעם שוקו-שוקוצ'יפס 350 ג' אסם,מיוצר עי קונדיטוריית,IL,עוגת שוקו שוקוצ'יפס,גרמים,350.00,100 גרם,false,,13.90,0.0397,false,1,64091
7290106574953,false,בייגלה שטוחים כעכים שטוחים עם שומשום,מיוצר עי קונדיטוריית,IL,בייגלה שטוחים שומשום,גרמים,300.00,100 גרם,false,,11.90,0.0397,true,1,64419
7290106574977,false,בייגלה שטוחים כעכים שטוחים עם מלח,מיוצר עי קונדיטוריית,IL,בייגלה שטוחים עם מלח,גרמים,300.00,100 גרם,false,,11.90,0.0397,true,1,64420
7290106575011,false,פתיתים אפויים קוסקוס מחיטה מלאה אסם 400 גרם,מיוצר עי קונדיטוריית,IL,פתיתים אפויים קוסקוס,גרמים,400.00,100 גרם,false,,6.90,0.0173,false,1,64578
7290106575257,false,עוגת הבית סופלה בטעם שוקולד 340 ג' אסם,מיוצר עי קונדיטוריית,IL,עוגת סופלה שוקולד,גרמים,340.00,100 גרם,false,,13.90,0.0409,false,1,65253
7290106575332,false,פתיתים אפויים פלוס בורגול 400 ג' אסם,"מיוצר ע""י קוד יצרן K",IL,פתיתים אפויים פלוס ב,גרמים,400.00,100 גרם,false,,7.50,0.0188,false,1,64580
7290106575431,false,עוגת הבית סופלה בטעם שוקוניל 340 ג' אסם,מיוצר עי קונדיטוריית,IL,עוגת סופלה בטעם שוקו,גרמים,340.00,100 גרם,false,,13.90,0.0409,false,1,65254
7290106576223,false,"אפרופו שוקולד 40 גרם ""אסם""",מיוצר עי קונדיטוריית,IL,אפרופו מצופה שוקולד,גרמים,40.00,100 גרם,false,,4.90,0.1225,false,1,101704
7290106576513,false,סלט חומוס צבר 400 גר,סלטי צבר,IL,חומוס 400 גר צבר,גרמים,400.00,100 גרם,false,,9.90,0.0248,true,1,66438
7290106576537,false,חומוס מסעדות צבר 700 גרם,סלטי צבר,IL,חומוס מסעדות 700 ג',גרמים,700.00,100 גרם,false,,10.90,0.0156,false,1,64779
7290106576797,false,"לה קרמריה גלידת וניל איטלקי כשל""פ 1.4ל'",תות תעשיות מזון (201,IL,לה קרמריה וניל איטלק,ליטרים,1.40,ליטר,false,,22.90,16.3571,false,1,66241
7290106576810,false,גלידה לה קרמריה ריבת חלב 1.4 ל' נסטלה,לה קרמריה- נסטלה,IL,לה קרמריה ריבת חלב 1,ליטרים,1.40,ליטר,false,,22.90,16.3571,false,1,66242
7290106576834,false,גלידה לה קרמריה פונטש בננה1.4 ל' נסטלה,תות תעשיות מזון (201,IL,לה קרמריה פונטש בננה,ליטרים,1.40,ליטר,false,,22.90,16.3571,false,1,66243
7290106576858,false,גלידה לה קרמריה תותים בשמנת 1.4 ל' נסטלה,גלידות נסטלה )נגה גלידות,IL,לה קרמריה תותים בשמנ,ליטרים,1.40,ליטר,false,,22.90,16.3571,false,1,66244
7290106576919,false,גלידה קרמריה סורבה תות לימון 1.4 ליטר,גלידות נסטלה )נגה גלידות,IL,לה קרמריה סורבה תות,ליטרים,1.40,ליטר,false,,22.90,16.3571,false,1,66246
7290106576971,false,גלידה לה קרמריה שוקולד בלגי 1.4 ל' נסטלה,תות תעשיות מזון (201,IL,לה קרמריה שוקולד בלג,ליטרים,1.40,ליטר,false,,22.90,16.3571,false,1,66249
7290106576995,false,גלידה סורבה לה קרמריה תות מנגו לייט 1.4 ל' נסטלה,גלידות נסטלה )נגה גלידות,IL,לה קרמריה לייט סורבה,ליטרים,1.40,ליטר,false,,22.90,16.3571,false,1,66250
7290106577039,false,גלידה לה קרמריה שוקו וניל פליק 1.4 ל' נסטלה,תות תעשיות מזון (201,IL,לה קרמריה שוקו וניל,ליטרים,1.40,ליטר,false,,22.90,16.3571,false,1,66251
7290106577282,false,טחינה אמיתית מרובע 400 ג' צבר,סלטי צבר,IL,טחינה צבר 400 גר,גרמים,400.00,100 גרם,false,,11.90,0.0298,true,1,65124
7290106577527,false,סלט קולסלאו כרוב לבן וגזר 400 ג' צבר,סלטי צבר,IL,סלט קולסלו 400 גר צב,גרמים,400.00,100 גרם,false,,11.90,0.0298,true,1,65175
7290106577541,false,כרוב אדום מרובע 400 ג' צבר,סלטי צבר,IL,כרוב אדום צבר 400 גר,גרמים,400.00,100 גרם,false,,11.90,0.0298,true,1,65130
7290106578692,false,ביסלי במבה מיקס מהדורת אליפות אסם 80 גרם,פרו מן יו פתרונות אר,IL,ביסלי -במבה מיקס 80,יחידה,0.00,יחידה,false,,4.90,0.0000,false,1,67654
7290106578821,false,עוגת הבית שמרים קלאסית שוקולד אסם 350 גרם,מיוצר עי קונדיטוריית,IL,עוגת שמרים שוקולד קל,גרמים,350.00,100 גרם,false,,18.00,0.0514,false,1,66870
7290106652996,false,כיף כף מקלות קוקוס חלבי 40 גר',סולן בעבור שטראוס,TR,כיף כף מקלות קוקוס,גרמים,40.00,100 גרם,false,,5.20,0.1300,true,1,63982
7290106653504,false,סבבה בוטנים אמריקאים ברביקיו 50 גרם,"שטראוס פריטו ליי בע""",IL,בוטנים ברביקיו 50 גר,גרמים,50.00,100 גרם,false,,1.90,0.0380,true,1,94021
7290106653689,false,לקט לסלט אסייתי שטראוס 350 גרם,שטראוס בריאות ירקות טריי,IL,לקט אסיאתי 350 גר,גרמים,350.00,100 גרם,false,,10.90,0.0311,true,1,103943
7290106654099,false,מילקי CAKE עוגות אישיות במילוי קרם חלב,בובארד איטליה אס.פי.איי,IT,מארז מילקי CAKE שמינ,גרמים,272.00,100 גרם,false,,19.90,0.0732,true,1,98372
7290106658479,false,עלית וופל בטעם טורטית אגוזים 360גר,"שטראוס גרופ בע""\מ",IL,טורטית מגדים 40 גר,גרמים,40.00,100 גרם,false,,4.00,0.1000,false,1,99934
7290106660410,false,"רביולי תרד וגבינה 400 גרם ""שטראוס""",מיוצר עי קונדיטוריית,IL,רביולי תרד וגבינה 40,גרמים,400.00,100 גרם,false,,19.90,0.0497,true,1,69525
7290106663091,false,"לאבנה 9 % עם שמן זית 500 גר' ""שטראוס""",הדקלאים אגודת שיתופי,IL,לאבנה טבעי 9% שטראוס,גרמים,500.00,100 גרם,false,,17.90,0.0358,true,1,97520
7290106663121,false,"עוגה אישית במילוי קרם חלב ""מילקי קייק"" שטראוס",בובארד איטליה אס.פי.איי,IT,מילקי Cake,גרמים,34.00,100 גרם,false,,3.00,0.0882,true,1,96123
7290106663183,false,צ'יטוס חטיף טעם גבינה 65ג,שטראוס גרופ,IL,צ'יטוס גבינה 65 גר',גרמים,65.00,100 גרם,false,,3.50,0.0538,true,1,104734
7290106663503,false,קונפיטורה לייט תות יד מרדכי 230 גרם,אף.סי תבליני בגליל ב,IL,קונפיטורה לייט תות,גרמים,230.00,100 גרם,false,,12.90,0.0561,true,1,70246
7290106663558,false,"רוטב טריאקי ורימון יד מרדכי 280מ""ל",אף.סי תבליני בגליל ב,IL,רוטב טריאקי,מיליליטרים,320.00,"100 מ""ל",false,,13.90,0.0434,true,1,95768
7290106664067,false,לאבנה עם שמן זית וזעתר 10% שטראוס 400 ג',הדקלאים אגודת שיתופי,IL,לאבנה עם שמן זית וזע,גרמים,400.00,100 גרם,false,,14.50,0.0363,true,1,97652
7290106664555,false,"רוטב שמנת עם עגבניות 9% שומן 250 מ""ל יוטבתה",שטראוס גרופ,IL,רוטב שמנת עגבניות 9%,גרמים,250.00,100 גרם,false,,10.50,0.0420,true,1,97308
7290106664562,false,רוטב שמנת עם פטריות 9% שומן 258 ג' יוטבתה,שטראוס גרופ,IL,רוטב שמנת פטריות 9%,גרמים,250.00,100 גרם,false,,10.50,0.0420,true,1,94517
7290106666788,false,עלית - סוכריות נוסטלגיה דבש ממולאות 80 גרם,שטראוס גרופ,PL,סוכריות דבש עלית,גרמים,80.00,100 גרם,false,,5.50,0.0688,true,1,95341
7290106667266,false,"דוריטוס חמוץ חריף 185 גרם ""עלית""","שטראוס פריטו ליי בע""\מ )",IL,דוריטוס חמוץ חריף 18,גרמים,185.00,100 גרם,false,,7.50,0.0405,true,1,99812
7290106668133,false,עלית אבקת שוקולית בש,,,שוקולית 400 גר שקית,גרמים,400.00,100 גרם,false,,9.90,0.0248,false,1,99808
7290106668577,false,"מיץ לימון טיבעי 250 מ""ל יד מרדכי",האי נאם סי או אל.טי.,IT,מיץ לימון טבעי 250 מ,מיליליטרים,250.00,"100 מ""ל",false,,8.50,0.0340,true,1,96000
7290106668713,false,יוגורט עם פירות יער 3% שומן 150 ג' דנונה,מיוצר עי קונדיטוריית,IL,דנונה פירות יער 3%,גרמים,150.00,100 גרם,false,,3.60,0.0240,true,1,96195
7290106669857,false,קפסולות אספרסו בטעם וניל עלית 10 יחידות,הנסיך- מפעל לייצור ט,IL,קפסולות קפה עלית בטע,גרמים,50.00,100 גרם,false,,16.90,0.3380,false,1,104541
7290106721807,false,אחלה סלט חציל פיקנטי מהדרין 400ג,"שטראוס גרופ בע""מ",IL,חציל פיקנטי אחלה 400,גרמים,400.00,100 גרם,false,,10.90,0.0273,true,1,98852
7290106721913,false,מסטיק מאסט MUST ללא סוכר בטעם מנטה מרעננת,"שטראוס גרופ בע""מ",IL,מאסט צנצנת פפרמינט צ,גרמים,66.00,100 גרם,false,,9.90,0.1500,true,1,95760
7290106721920,false,צנצנת מסטיק מאסט בטעם ספירמינט עדין 66 ג' עלית,"שטראוס גרופ בע""\מ.",IL,מאסט צנצנת ספירמנט צ,גרמים,66.00,100 גרם,false,,9.90,0.1500,true,1,95761
7290106723689,false,עלי תרד בייבי שטראוס 200 גרם,שטראוס בריאות ירקות טריי,IL,עלי תרד בייבי - שטרא,גרמים,200.00,100 גרם,false,,10.90,0.0545,true,1,70254
7290106725867,false,"סירופ מייפל טבעי 189 מ""ל ""יד מרדכי""",קוסלסי פוד,CA,סירופ מייפל טבעי 189,מיליליטרים,189.00,"100 מ""ל",false,,33.90,0.1794,true,1,97615
7290106725874,false,"סירופ מייפל טבעי 236 מ""ל ""יד מרדכי""",יד מרדכי,CA,סירופ מייפל טבעי 236,מיליליטרים,236.00,"100 מ""ל",false,,39.90,0.1691,true,1,97586
7290106726178,false,יוגורט PRO עם פירות יער 2.4% 10 גרם חלבון בגביע,מיוצר עי קונדיטוריית,IL,דנונה פרו פירות יער,גרמים,150.00,100 גרם,false,,4.50,0.0300,true,1,97525
7290106727984,false,"כיף כף פצפצים בגביע 135 גרם ""עלית""",שולן צ'\יקולטה גידה סאן.,TR,כיף כף פצפצים בגביע,גרמים,135.00,100 גרם,false,,10.90,0.0807,true,1,101134
7290106729650,false,יוגורט עם תות מאגדת 8 יח' * 150ג' דנונה,"שטראוס גרופ בע""\מ",IL,מארז דנונה שמיניה תו,גרמים,1200.00,100 גרם,false,,23.90,0.0199,false,1,99352
7290107280013,false,"חמישיית מגבונים ל.מבושם ""ליטופים""",טרופיקל דגיל קוסמטיק,IL,מגבונים ליטופים חמיש,יחידה,0.00,יחידה,false,,18.90,0.0000,false,1,64567
7290107280020,false,שלישיית מטליות לחות לניקוי כללי סנו סושי 50 יחידות,טרופיקל דגיל- תעשיות,IL,מטליות לחות שלישייה,יחידה,0.00,יחידה,false,,19.90,0.0000,false,1,63909
7290107280037,false,50 מטליות לחות לניקוי כללי גדולות ועבות,דינאמיק תעשיות,IL,מטליות לחות בודדים,יחידה,0.00,יחידה,false,,9.90,0.0000,false,1,64368
7290107280099,false,שלישיית מגובנים נשטפים באסלה סופט סוד 48 יחידות,טרופיקל דגיל- תעשיות,IL,מגבונים נשטפים באסלה,יחידה,0.00,יחידה,false,,15.90,0.0000,true,1,69229
7290107280341,false,ריצפז מטליות לחות לניקוי הרצפה בניחוח מלון מפנק,"סנו מפעלי ברונוס סע""",IL,ריצפז מטליות לחות לנ,יחידה,0.00,יחידה,false,,12.90,0.0000,true,1,117822
7290107280389,false,"סנו - ג'ט מרסס לניקוי בחדר האמבטיה 750 מ""ל","איי, בי, אינבוו",IL,"סנו ג'ט לאמבט 750 מ""",מיליליטרים,750.00,"100 מ""ל",false,,12.90,0.0172,false,1,65370
7290107280396,false,"סנו - ג'ט מרסס לניקוי יסודי במטבח 750 מ""ל","סנו מפעלי ברונוס בע""",IL,"סנו ג'ט למטבח 750 מ""",מיליליטרים,750.00,"100 מ""ל",false,,12.90,0.0172,false,1,65371
7290107280549,false,"סנו - K400 קוטל זבובים ויתושים 300 מ""ל","סנו מפעלי ברונוס בע""מ",IL,400-K,מיליליטרים,300.00,"100 מ""ל",false,,11.90,0.0397,true,1,96088
7290107280563,false,ג'ל אוקסיג'ן בייבי סנו 3 ליטר,"איי, בי, אינבוו",IL,סנו אוקסיג'ן בייבי 3,ליטרים,3.00,ליטר,false,,31.90,10.6333,true,1,70137
7290107280570,false,סנו - מקסימה ג'ל כביסה מרוכז לכביסה צבעונית 3 ליטר,מיוצר עי קונדיטוריית,IL,ג'ל כביסה מקסימה מיק,ליטרים,3.00,ליטר,false,,31.90,10.6333,true,1,70891
7290107280587,false,שלישיית סנובון מוצק דאבל אקשן פריחה ורודה 55 גרם,סנו מפעלי ברונו בעמ,IL,סנובון דאבל אקשן שלי,גרמים,165.00,100 גרם,false,,11.90,0.0721,true,1,97569
7290107280600,false,טבליות למדיח סנו ספארק 100 טבליות במארז,גרופה אינקו,PL,ספארק 100 טבליות למד,יחידה,0.00,יחידה,false,,49.90,0.0000,true,1,108832
7290107280709,false,"סנו ספארק נוזל הברקה למדיח 700 מ""ל","סנו מפעלי ברונוס בע""\מ",IL,סנו ספארק נוזל הברקה,מיליליטרים,900.00,"100 מ""ל",false,,14.90,0.0166,true,1,95255
7290107280716,false,מלח למדיח להגנה מפני אבנית סנו ספארק Spark,סנו ספארק,IL,סנו ספארק מלח למדיח,קילוגרמים,2.00,"ק""ג",false,,12.90,6.4500,true,1,95256
7290107280723,false,נוזל לניקוי כלים סנו ספארק Spark בניחוח לימון רענן,סנו כימיקלים,IL,סנו ספארק נוזל כלים,מיליליטרים,700.00,"100 מ""ל",false,,9.90,0.0141,true,1,70708
7290107280730,false,נוזל לניקוי כלים סנו ספארק Spark בניחוח לבנדר,מיוצר עי קונדיטוריית,IL,סנו ספארק נוזל כלים,מיליליטרים,700.00,"100 מ""ל",false,,9.90,0.0141,true,1,70892
7290107280747,false,נוזל לניקוי כלים סנו ספארק Spark קלאסי,סנו כימיקלים,IL,סנו ספארק נוזל לניקו,מיליליטרים,700.00,"100 מ""ל",false,,9.90,0.0141,true,1,70709
7290107280754,false,נוזל כלים סנו ספארק Spark היפואלרגני פריחת השקד,סנו ספארק,IL,סנו ספארק נוזל כלים,מיליליטרים,700.00,"100 מ""ל",false,,9.90,0.0141,true,1,70893
7290107280822,false,סנו ריצפז פרש הום 2 ליטר בניחוח ספא,"סנו מפעלי ברונוס בע""\מ",IL,ריצפז פרש הום ספא מר,ליטרים,2.00,ליטר,false,,21.90,10.9500,false,1,95900
7290107605861,false,סרט ראש מנוקד עם פפי,,,סרט ראש מנוקד עם פפי,יחידה,0.00,יחידה,false,,9.90,0.0000,true,1,96244
7290107645584,false,אבקת מרק עוף אמיתי רכיבים טבעיים 400 גרם - רבנות,יוניליוור ישראל מזון בע\,IL,קנור מרק עוף אמיתי ר,גרמים,400.00,100 גרם,false,,19.90,0.0497,false,1,116958
7290107645591,false,אבקת מרק בטעם עוף 100% רכיבים טבעיים 400 גרם,יוניליוור ישראל מזון בע\,IL,קנור מרק טעם עוף רכי,גרמים,400.00,100 גרם,false,,14.90,0.0373,false,1,110822
7290107646062,false,אבקת מרק בצל רכיבים טבעיים קנור 400 ג',יוניליוור ישראל מזון בע\,IL,מרק קנור בצל רכיבים,גרמים,400.00,100 גרם,false,,19.90,0.0497,false,1,111392
7290107646147,false,"חטיף שוגי קורנפלקס תלמה 156 גרם מארז 6 יחידות בד""צ",יוניליוור ישראל מזון בעמ,IL,חטיפי שוגי קורנפלקס,גרמים,156.00,100 גרם,false,,12.90,0.0827,false,1,106776
7290107646154,false,"חטיף קוקומן פצפוצים תלמה 126 גרם מארז 6 יחידות בד""צ",יוניליוור ישראל מזון בעמ,IL,חטיפי קוקומן פצפוצים,גרמים,126.00,100 גרם,false,,12.90,0.1024,false,1,106777
7290107646826,false,"חטיף שוגי שוקו תלמה 156 גרם מארז 6 יחידות בד""צ",יוניליוור ישראל מזון בעמ,IL,מאגדת חטיפי שוגי שוק,גרמים,138.00,100 גרם,false,,12.90,0.0935,false,1,109179
7290107646918,false,רוטב עגבניות ופלפלים לשקשוקה 415 ג' קנור,קונסורזיו קאסאלאסקו דל פ,IT,קנור רוטב שקשוקה 415,גרמים,415.00,100 גרם,false,,13.90,0.0335,true,1,107008
7290107646963,false,"מיונז תלמה טעם ספייסי 273 גר בד""ץ",תלמה,IL,תלמה ספייסי מיו 250,גרמים,250.00,100 גרם,false,,8.90,0.0356,true,1,189412
7290107647335,false,דומסטוס סבון אסלה 5 הפועלות בניחות אוקיינוס 55 ג',,,דומסטוס סבון אסלה נת,גרמים,55.00,100 גרם,false,,6.00,0.1091,true,1,108447
7290107647342,false,דומסטוס סבון אסלה 5 הפועלות בניחות ליים 55ג',יוניליוור פולין,PL,דומסטוס סבון אסלה לי,גרמים,55.00,100 גרם,false,,6.00,0.1091,true,1,108448
7290107647656,false,סולרו פרוט בוסט - קוקוס אננס (פרווה),"מיוצר ע""\י גלידת שטראוס",IL,מאגדת מיני סולרו קוק,גרמים,245.00,100 גרם,false,,25.90,0.1057,true,1,112840
7290107647731,false,קוקומן חום לבן בטעם שוקולד ווניל,יוניליוור ישראל מזון בעמ,IL,קוקומן חום לבן 375 ג,גרמים,375.00,100 גרם,false,,19.90,0.0531,false,1,107069
7290107647816,false,"דגני ברנפלקס ללא תוספת סוכר 500 גרם בד""צ",יוניליוור ישראל מזון בעמ,IL,ברנפלקס ללא תוספת סו,גרמים,500.00,100 גרם,false,,19.90,0.0398,false,1,107486
7290107647823,false,"ברנפלקס פתיתי חיטה מלאה וסובין 500 גרם ""תלמה""",יוניליוור ישראל מזון בעמ,IL,"ברנפלקס בד""צ 500 גר'",גרמים,500.00,100 גרם,false,,19.90,0.0398,false,1,107487
7290107647854,false,"שוגי מופחת סוכר תלמה 500 ג' בד""צ",יוניליוור ישראל מזון בעמ,IL,שוגי 500 גר',גרמים,500.00,100 גרם,false,,19.90,0.0398,false,1,106851
7290107649100,false,בייגלה טבעות שומשום 300 גרם.,בייגל את בייגל מזון 198),IL,טבעות שומשום 300 גר',גרמים,300.00,100 גרם,false,,8.90,0.0297,true,1,112167
7290107649728,false,גלידה פרווה שוקולד ופרורי עוגיות שטראוס,"גלידת שטראוס בע""\מ, רחוב",IL,גלידה משפחתית 2 ליטר,גרמים,1204.00,100 גרם,false,,26.90,0.0223,true,1,113582
7290107871297,false,אוסם - מיני פריכונים עשבי תיבול 25 גרם,"פרח תעשיות מזון בע""מ.",IL,פריכונים מיני עשבי ת,גרמים,25.00,100 גרם,false,,4.20,0.1680,false,1,94414
7290107871532,false,מאגדת קרחוני מלון דובדבן נסטלה 10 יחידות,גלידות נסטלה )נגה גלידות,IL,מאגדת קרחונים דובדבן,גרמים,750.00,100 גרם,false,,16.50,0.0220,true,1,94375
7290107871990,false,"פסטה צינורות 500 גרם ""אסם""",פסטה זארה,IT,פסטה צינורות 500 גר,גרמים,500.00,100 גרם,false,,5.90,0.0118,false,1,69130
7290107874427,false,אוסם - מיני פריכונים זעתר 25 גרם,"פרח תעשיות מזון בע""מ.",IL,פריכונים מיני זעתר 2,גרמים,25.00,100 גרם,false,,4.20,0.1680,false,1,94499
7290107874441,false,פריכונים מיני בצל מקורמל 25 גרם אסם,"פרח תעשיות מזון בע""מ.",IL,פריכונים מיני בצל מק,גרמים,25.00,100 גרם,false,,4.20,0.1680,false,1,94415
7290107874502,false,ביסלי גריל קדמ. מארז אחיד 10 4*55 גרם,מיוצר עי קונדיטוריית,IL,מארז ביסלי גריל,גרמים,220.00,100 גרם,false,,11.90,0.0541,false,1,100262
7290107875271,false,ביסלי ברביקיו קדמ. מארז אחיד10 4*55 גרם,"אסם השקעות בע""\מ",IL,מארז ביסלי ברבקיו,גרמים,220.00,100 גרם,false,,11.90,0.0541,false,1,100377
7290107875820,false,קרוטונים אפויים בתיבול ביתי אוסם 180 ג',עינת תעשיות מזון,IL,קרוטונים אפויים בתיב,גרמים,180.00,100 גרם,false,,11.90,0.0661,true,1,94381
7290107879132,false,פריכיות פיטנס מיני פריכיות שוקולד חלב 22 ג',כרמית,IL,פיטנס מיני פריכיות,גרמים,22.00,100 גרם,false,,4.90,0.2227,true,1,102841
7290107879521,false,קרחוני לה פרוטה La Frutta תות שדה - 5 יח',גלידות נסטלה )נגה גלידות,IL,מאגדת שלגונים לה פרו,גרמים,350.00,100 גרם,false,,23.90,0.0683,true,1,99202
7290107879569,false,קרחון לה פרוטה שרבט מנגו מאגדת 5יח',גלידות נסטלה )נגה גלידות,IL,מאגדת שלגונים לה פרו,גרמים,350.00,100 גרם,false,,23.90,0.0683,true,1,99203
7290107930321,false,קונפיטורת יד מרדכי דובדובן 340 גרם,"בית אל מזון בע""מ",IL,קונפיטורה דבדבן יד מ,גרמים,340.00,100 גרם,false,,13.50,0.0397,true,1,97022
7290107931397,false,כיף כף פצפוצים במילוי שוקולד 40 גרם,שולן צ'\יקולטה גידה סאן.,TR,כיף כף פיצפצים,גרמים,40.00,100 גרם,false,,5.20,0.1300,true,1,99617
7290107932080,false,חלב מועשר יוטבתה בבקבוק 3% 1 ליטר,מחלבת יטבתה,IL,חלב בקבוק 3% מועשר,ליטרים,1.00,ליטר,false,,7.50,7.5000,false,1,97498
7290107932134,false,חלב מועשר יוטבתה בבקבוק 1% 1 ליטר,מחלבת יטבתה,IL,חלב בקבוק 1% מועשר,ליטרים,1.00,ליטר,false,,7.50,7.5000,false,1,97500
7290107933155,false,לקט סלנובה שטראוס 200 גרם,שטראוס בריאות ירקות טריי,IL,לקט סלנובה 200 גר,גרמים,200.00,100 גרם,false,,12.90,0.0645,true,1,98519
7290107933193,false,שטראוס סלק מבושל בוו,לס לגוסודה סנצונוניו,IL,סלק מבושל 500 גר שטר,גרמים,500.00,100 גרם,false,,7.90,0.0158,true,1,98137
7290107934473,false,שמינייה יוגורט לבן אקטיביה 1.5% דנונה 150 גרם,"שטראוס גרופ בע""\מ",IL,אקטיביה שמיניה 1.5%,גרמים,1200.00,100 גרם,false,,19.90,0.0166,false,1,97117
7290107936309,false,דנונה יוגורט 7% יווני לבן 130 ג',"שטראוס בריאות בע""מ",IL,דנונה יווני לבן 7%,גרמים,130.00,100 גרם,false,,3.40,0.0262,true,1,102265
7290107936460,false,מארז 8 יח' דנכול משקה יוגורט בטעם מעודן,מיוצר עי קונדיטוריית,IL,מארז שמיניה דנכול,גרמים,800.00,100 גרם,false,,29.30,0.0366,true,1,99360
7290107936958,false,עד חצות ביסקוויט אצבעות שוקולד 125 גרם,ביסקוויטס טור ד'\אלבון,FR,עד חצות אצבעות,גרמים,125.00,100 גרם,false,,10.90,0.0872,true,1,107203
7290107936965,false,עיגולים עד חצות עם שוקולד חלב 225 גר,ביסקווטרי עוגיות סנט,FR,עד חצות עיגולים,גרמים,225.00,100 גרם,false,,13.90,0.0618,true,1,107204
7290107937542,false,משקה יוגורט אקטיביה עם תות 1.2% שומן,מיוצר עי קונדיטוריית,IL,משקה אקטיביה תות,גרמים,265.00,100 גרם,false,,4.90,0.0185,true,1,100073
7290107937634,false,צנצנית מסטיק מאסט קוביות פפירמינט 58 ג' עלית,אסקום קונפקשיין,DE,מסטיק מאסט קוביות צנ,גרמים,58.00,100 גרם,false,,9.90,0.1707,true,1,102248
7290107937641,false,צנצנת מסטיק בזוקה קוביות ללא סוכר,אסקום קונפקשיין,DE,צנצנת בזוקה קוביות,גרמים,58.00,100 גרם,false,,9.90,0.1707,true,1,102249
7290107937856,false,קפסולות 11חזק למכונות נספרסו עלית 10יח',הנסיך- מפעל לייצור ט,IL,קפסולות קפה למכונות,גרמים,50.00,100 גרם,false,,16.90,0.3380,false,1,101860
7290107938396,false,שמיניית אקטימל תות דיסני בנים 108 גרם,מיוצר עי קונדיטוריית,IL,אקטימל תות שמיניה,גרמים,864.00,100 גרם,false,,21.10,0.0244,true,1,100778
7290107939027,false,גזר דק דק שטראוס 250 גרם,שטראוס בריאות ירקות טריי,IL,גזר חתוך דק דק 250 ג,גרמים,250.00,100 גרם,false,,6.90,0.0276,true,1,102366
7290107939959,false,דנ.פרו טריפל זירו תות150,"שטראוס גרופ בע""\מ",IL,דנונה פרו טריפל זירו,גרמים,150.00,100 גרם,false,,4.50,0.0300,true,1,102749
7290107940030,false,חומוס אחלה 650 גרם,שטראוס גרופ,IL,חומוס אחלה 650 גר,גרמים,650.00,100 גרם,false,,8.90,0.0137,false,1,109687
7290107940467,false,אקטיביה יוגורט 1.5% שומן 200 ג' דנונה,מיוצר עי קונדיטוריית,IL,אקטיביה 200 גר 1.5%,גרמים,200.00,100 גרם,false,,3.80,0.0190,false,1,100787
7290107941259,false,"עדשים ירוקות מבושלות 475 גרם ""טעם הטבע",הורקסה לס לגונס דה ס,ES,עדשים ירוקות מבושלות,גרמים,475.00,100 גרם,false,,11.90,0.0251,true,1,103058
7290107941266,false,שעועית אדומה מבושלת שטראוס 475 גרם,הורקסה לס לגונס דה ס,ES,שעועית אדומה מבושלת,גרמים,475.00,100 גרם,false,,13.90,0.0293,true,1,103059
7290107941273,false,חומוס מבושל שטראוס 475 גרם,הורקסה לס לגונס דה ס,ES,חומוס מבושל -שטראוס,גרמים,475.00,100 גרם,false,,11.90,0.0251,true,1,103060
7290107943192,false,"שמנת חמוצה מהערבה 27% שומן 200 מ""ל יטבתה",מחלבת יטבתה,IL,שמנת חמוצה מהערבה 27,גרמים,390.00,100 גרם,false,,4.00,0.0103,false,1,107202
7290107943369,false,קוואקר שיבולת שועל ללא גלוטן 511 גרם,היידי שוקולד בירונטי,US,קוואקר שיבולת שועל ל,גרמים,511.00,100 גרם,false,,17.90,0.0350,true,1,106576
7290107944243,false,אפיפיות בטעם שוקולד 200 גרם כשר לפסח,"שטראוס גרופ בע""\מ",IL,אפיפית עלית 200 גר,גרמים,200.00,100 גרם,false,,7.90,0.0395,true,1,106445
7290107944472,false,סימפוניה גבינה במרקם שמנת 5% שום שמיר,"שטראוס בריאות בע""\מ",IL,סימפוניה שום שמיר 5%,גרמים,200.00,100 גרם,false,,11.20,0.0560,true,1,102755
7290107945165,false,קונפיטורת משמש יד מרדכי 340 גרם,אף.סי תבליני בגליל ב,IL,קונפיטורה משמש יד מר,גרמים,340.00,100 גרם,false,,13.50,0.0397,true,1,103999
7290107950183,false,מעדן דיאט בטעם וניל 130ג,"שטראוס בריאות בע""מ",IL,מעדן שטראוס דיאט וני,גרמים,130.00,100 גרם,false,,3.30,0.0254,true,1,102287
7290107950190,false,מעדן חלב דל קלוריות בטעם שוקולד מריר 0.5% שומן,מיוצר עי קונדיטוריית,IL,מעדן שטראוס דיאט שוק,גרמים,130.00,100 גרם,false,,3.30,0.0254,true,1,102288
7290107950206,false,מעדן חלב דל קלוריות בטעם שוקולד 0% שומן,מיוצר עי קונדיטוריית,IL,מעדן שטראוס דיאט שוק,גרמים,130.00,100 גרם,false,,3.30,0.0254,true,1,102289
7290107950275,false,מילקי קצפת קפוצ'ינו133ג,"שטראוס גרופ בע""\מ",IL,מילקי קצפת קפוצ'ינו,גרמים,133.00,100 גרם,false,,3.70,0.0278,true,1,104014
7290107951104,false,בפלות ופלים ארוכים בטעם שוקולד,"שטראוס גרופ בע""\מ",IL,בפלות שוקולד 200 גר,גרמים,200.00,100 גרם,false,,4.30,0.0215,true,1,102729
7290107951715,false,צנצנת מסטיק מאסט קוביות בטעם ענבים 58 ג' עלית,אסקום קונפקשיין,IL,צנצנת מסטיק מאסט קוב,גרמים,58.00,100 גרם,false,,9.90,0.1707,true,1,103960
7290107953559,false,"מארז קפה טורקי עלית לדרך כשל""פ 168 גרם",הנסיך- מפעל לייצור ט,IL,מארז קפה טורקי לדרך,גרמים,168.00,100 גרם,false,,19.90,0.1185,false,1,103421
7290107954976,false,"משקה יטבתה חלבון פרו קפה 350מ""ל",מחלבת יטבתה,DE,משקה יטבתה פרו קפה 3,מיליליטרים,350.00,"100 מ""ל",false,,6.30,0.0180,true,1,105702
7290107956543,false,דבש טהור מפרחי בר 900 ג' יד מרדכי,STRAUSS-ISRAEL,IL,דבש יד מרדכי 900 גר,גרמים,900.00,100 גרם,false,,39.90,0.0443,false,1,110168
7290107956642,false,"תרסיס שמן זית 150 מ""ל יד מרדכי כשלפ",פארייפאבה אגרואינדוס,ES,"תרסיס שמן זית 150 מ""",מיליליטרים,150.00,"100 מ""ל",false,,17.90,0.1193,true,1,108909
7290107956901,false,קפסולות בטעם אגוזים למכונת נספרסו עלית 10 יחידות,שטראוס קפה בי.וי.,IL,קפסולות אספרסו בטעם,גרמים,150.00,100 גרם,false,,16.90,0.1127,true,1,107475
7290107956925,false,קפסולות 13 אוגנדה למכונת נספרסו עלית 10יח',שטראוס קפה בי.וי.,IL,קפסולות קפה אוגנדה 1,גרמים,50.00,100 גרם,false,,16.90,0.3380,false,1,111577
7290107956932,false,קפסולות אספרסו אידונזיה למכונות 50 גר,שטראוס קפה בי.וי.,IL,קפסולות קפה עלית אינ,גרמים,100.00,100 גרם,false,,16.90,0.1690,false,1,107066
7290107957069,false,"מסטיק ע""למה ""בטעם אוכניות 66 גרם צנצנת ""עלית""","שטראוס גרופ בע""\מ",IL,צנצנת מסטיק עלמה אוכ,גרמים,66.00,100 גרם,false,,9.90,0.1500,true,1,107061
7290107957076,false,"מסטיק ""עלמה"" בטעם ספירמנט 66 גרם צנצנת ""עלית""","שטראוס גרופ בע""\מ",IL,צנצנת מסטיק עלמה בטע,גרמים,66.00,100 גרם,false,,9.90,0.1500,true,1,107062
7290107957113,false,גבינת סימפוניה 5% עם זיתים פיקנטים 200 גרם,"שטראוס בריאות בע""\מ",IL,סימפוניה זיתים פיקנט,גרמים,200.00,100 גרם,false,,11.20,0.0560,false,1,111580
7290107957229,false,שוקולד צ'יפס מריר מעולה לאפיה עלית 250 ג',"פוליבה בע""מ",IL,נטיפי שוקולד צ'יפס מ,גרמים,250.00,100 גרם,false,,11.90,0.0476,true,1,109139
7290107957991,false,מילקי CAKE מיניס קרם חלב בציפוי שוקולד חלב שקית 16X9ג',בובארד איטליה אס.פי.איי,IT,מילקי קייק מיניס,גרמים,144.00,100 גרם,false,,13.90,0.0965,true,1,110847
7290107958035,false,יוגורט במתיקות מעודנת 2% ללא תוספת סוכר- מארז 8 יח,"שטראוס בריאות בע""\מ",IL,מארז דנונה מתיקות מע,גרמים,960.00,100 גרם,false,,18.50,0.0193,true,1,107401
7290107958639,false,"מטבוחה מרוקאית חריפה 400 גרם ""אחלה""",מיוצר עי קונדיטוריית,IL,מטבוחה מרוקאית חריפה,גרמים,400.00,100 גרם,false,,15.00,0.0375,true,1,107448
7290107970129,false,"ליידי ספיד סטיק - דאודורנט רול און לאישה פרש אסנס סחלב שחור 50 מ""ל",קולגייט-פלמוליב,IT,ליידי ספיד סטיק רול,יחידה,0.00,יחידה,false,,14.90,0.0000,true,1,97565
7290107971744,false,"קולגייט - מי פה טוטל ירוק ספרמינט 500 מ""ל",יבואן ומשווק: ש. שסט,PL,קולגייט מי פה טוטל י,מיליליטרים,500.00,"100 מ""ל",false,,29.90,0.0598,true,1,99952
7290107973038,false,"סבון ידיים משאבה פלמוליב אקווריום 300 מ""ל",הנסיך- מפעל לייצור ט,IT,פלמוליב סבון ידיים א,מיליליטרים,300.00,"100 מ""ל",false,,10.90,0.0363,true,1,100697
7290107973311,false,קולגייט מברשת שיניים 360 פחם זהב זוג,הנסיך- מפעל לייצור ט,CN,זוג מברשות קולגייט 3,יחידה,0.00,יחידה,false,,24.90,0.0000,true,1,99954
7290107973861,false,מאסטר שף עגבניות קצוצות דק שלישיה 400ג*3 כשלפ,קונסרזיו קאסאלאסקו ד,IT,עגבניות קצוצות שלישי,גרמים,1200.00,100 גרם,false,,15.90,0.0133,true,1,101318
7290107974066,false,"עלי טורטיה קמח מלא 20ס""מ 8יח' מאסטר שף 320ג'",אלקאטי קורביישיסי גי,ES,עלי טורטיה קמח מלא 2,גרמים,320.00,100 גרם,false,,9.90,0.0309,true,1,100373
7290107974073,false,מנה עלי טורטיה קמח לבן מ.שף 20 סמ 320 גר,אלקאטי קורביישיסי גי,ES,עלי טורטיה קמח לבן 2,גרמים,320.00,100 גרם,false,,9.90,0.0309,true,1,100374
7290107974080,false,מנה עלי טורטיה קמח לבן מ.שף 25 סמ 840 גר,הדקלאים אגודת שיתופי,TR,עלי טורטיה קמח לבן 2,גרמים,840.00,100 גרם,false,,16.90,0.0201,true,1,100375
7290107974646,false,מרידול נשימה רעננה שטיפת פה 400 מל,הנסיך- מפעל לייצור ט,PL,מי פה מרידול נשימה ר,מיליליטרים,400.00,"100 מ""ל",false,,29.90,0.0747,true,1,101872
7290107974837,false,מנה מאסטר שף ממרח מתובל שום 246 גר,רמיה סי.וי.הולנד,NL,ממרח מתובל שום מנה,גרמים,250.00,100 גרם,false,,7.90,0.0316,true,1,102572
7290107975360,false,ליידי ספיד סטיק פיור פרשנס ג'ל נשים 65ג',ליידי ספיד סטיק Lady Speed Stick,US,ליידי ספיד סטיק ג'ל,יחידה,0.00,יחידה,false,,19.90,0.0000,true,1,105382
7290107975544,false,"קולגייט משחת שיניים סמיילס ברבי לגילאי 6 50מ""ל",קולגייט- פלמוליב,PL,קולגייט סמיילס ברבי,מיליליטרים,50.00,"100 מ""ל",false,,10.90,0.2180,true,1,104723
7290107976848,false,פלמוליב סבון מוצק קמומיל רביעייה 360 ג,קולגייט-פלמוליב,TR,פלמוליב סבון מוצק קמ,גרמים,360.00,100 גרם,false,,17.00,0.0472,true,1,109297
7290107976916,false,"סבון ידיים משאבה פלמוליב זיתים 300 מ""ל",פלמוליב Palmolive,IT,פלמוליב סבון ידיים ח,מיליליטרים,30.00,"100 מ""ל",false,,10.90,0.3633,true,1,105870
7290107977456,false,"פלמוליב - ג'ל רחצה ושמפו ספורט לגבר 750 מ""ל",קולגייט פלמוליב,TR,פלמוליב לגבר ג'ל רחצ,מיליליטרים,750.00,"100 מ""ל",false,,19.90,0.0265,true,1,116683
7290107978323,false,איטריות דקיקות מאסטר שף 400 גרם,הדקלאים אגודת שיתופי,PL,איטריות דקיקות מאסטר,גרמים,400.00,100 גרם,false,,5.90,0.0148,true,1,105620
7290107978330,false,מאסטר שף איטריות דקות 400 גרם,הדקלאים אגודת שיתופי,PL,איטריות דקות מאסטר ש,גרמים,400.00,100 גרם,false,,5.90,0.0148,true,1,105621
7290107978347,false,איטריות בינוניות מאסטר שף 400 גרם,הדקלאים אגודת שיתופי,PL,איטריות בינוניות מאס,גרמים,400.00,100 גרם,false,,5.90,0.0148,true,1,105622
7290108070309,false,שקית בלונים פסטל מעורב צבעים-100 יח,,IL,שקית 100 בלונים,יחידה,0.00,יחידה,false,,20.00,0.0000,true,1,99864
7290108070316,false,שקית 50בלונים פסטל מעורב,,IL,בלונים איכותיים 50'ח,יחידה,0.00,יחידה,false,,10.90,0.0000,true,1,101642
7290108074888,false,נרות ג'מבו מאויירים-,,,נרות ג'מבו,יחידה,0.00,יחידה,false,,6.40,0.0000,true,1,99942
7290108074895,false,נרות ג'מבו כוכבים פר,,,נרות ג'מבו כוכבים פר,יחידה,0.00,יחידה,false,,6.40,0.0000,true,1,100349
7290108079357,false,מארז בלונים על מקל לניפוח עצמי HAPPY BIRTHDAY - כסף,,CN,מארז בלונים על מקל ל,יחידה,0.00,יחידה,false,,20.00,0.0000,true,1,106940
7290108184310,false,נורת E27 תואם ליבון,,,נורת E27 תואם ליבון,יחידה,0.00,יחידה,false,,14.90,0.0000,true,1,102069
7290108184327,false,נורת E27 תואם ליבון,,,נורת E27 תואם ליבון,יחידה,0.00,יחידה,false,,14.90,0.0000,true,1,102070
7290108187519,false,נורת תואם ליבון 27E,,,נורת תואם ליבון 27E,יחידה,0.00,יחידה,false,,11.90,0.0000,true,1,103789
7290108187540,false,נורת E27 תואם ליבון,,,נורת E27 תואם ליבון,יחידה,0.00,יחידה,false,,9.90,0.0000,true,1,102072
7290108187571,false,נורת ליבון LED,,,נורת ליבון LED,יחידה,0.00,יחידה,false,,21.90,0.0000,true,1,103801
7290108187588,false,נורת ליבון LED,,,נורת ליבון LED,יחידה,0.00,יחידה,false,,21.90,0.0000,true,1,103802
7290108200201,false,וניש מסיר כתמים ורוד 1350 גר,רקיט בנקיזר,IT,וניש גולד אבקה 1.35,קילוגרמים,1.35,"ק""ג",false,,29.90,22.1481,true,1,95465
7290108201284,false,איירוויק מקלות ריחניים בניחוח לבנדר מתוק,איירוויק Air Wick,HU,אירוויק מקלות לבנדר,מיליליטרים,30.00,"100 מ""ל",false,,14.90,0.4967,true,1,104272
7290108201802,false,"ספריי דטול לחיטוי בניחוח כביסה 400 מ""ל",רקיט בנקיזר,US,דטול ספריי חיטוי בני,יחידה,0.00,יחידה,false,,17.90,0.0000,true,1,111454
7290108201864,false,קולון קפסולות גל לכביסה 28 יחידות,רקיט בנקיזר,IT,קולון קפסולות לכביסה,יחידה,0.00,יחידה,false,,29.90,0.0000,true,1,109622
7290108350203,false,"סנו סושי כריות קרצוף+ספוג מקציף 6 יחידות 12X9 ס""מ",סנו סושי,US,סקוטש+ספוג EXTRA,יחידה,0.00,יחידה,false,,10.00,0.0000,true,1,100412
7290108350210,false,סנו סושי 30 שקיות אשפה XL חזקות במיוחד,מיוצר עי קונדיטוריית,IL,שקיות XL חזקות 30 יח,יחידה,0.00,יחידה,false,,24.90,0.0000,true,1,97387
7290108350524,false,טבליות בניחוח לבנדר לבישום ורענון ארונות בגדים,"סנו מפעלי ברונוס בע""",IL,ארון פרש בניחוח לבנד,יחידה,0.00,יחידה,false,,22.90,0.0000,true,1,101887
7290108350531,false,סנו ספארק נוזל כלים בניחוח קלאסי עם משאבה 1 ל',מיוצר עי קונדיטוריית,IL,נוזל לכלים ספארק משא,ליטרים,1.00,ליטר,false,,11.90,11.9000,true,1,95845
7290108350548,false,סנו ספארק נוזל כלים בניחוח לבנדר עם משאבה 1 ל',מיוצר עי קונדיטוריית,IL,נוזל כלים ספארק משאב,ליטרים,1.00,ליטר,false,,11.90,11.9000,true,1,95846
7290108350555,false,נוזל כלים סנו ספארק Spark היפואלרגני פריחת השקד,סנו ספארק,IL,נוזל כלים ספארק משאב,ליטרים,1.00,ליטר,false,,11.90,11.9000,true,1,95847
7290108350586,false,נוזל לניקוי כלים סנו ספארק Spark בניחוח לימון רענן,"סנו מפעלי ברונוס בע""\מ",IL,סנו ספארק נוזל כלים,ליטרים,1.50,ליטר,false,,14.90,9.9333,true,1,97021
7290108350616,false,סנו - מקסימה מרכך כביסה מרוכז פריחה כחולה 1 ליטר,"סנו מפעלי ברונוס בע""\מ",IL,מרכך מרוכז מקסימה 1,ליטרים,1.00,ליטר,false,,16.90,16.9000,true,1,100591
7290108350623,false,מרכך כביסה סופר מרוכז סופט סילק מקסימה 1 ל' סנו,"סנו מפעלי ברונוס בע""\מ",IL,מרכך מרוכז מקסימה 1,ליטרים,1.00,ליטר,false,,16.90,16.9000,true,1,100592
7290108350692,false,"אבקת כביסה בלאק מקסימה 6 ק""ג",סנו מפעלי ברונוס בעמ,IL,"מקסימה בלאק 6 ק""ג",קילוגרמים,6.00,"100 ק""ג",false,,49.90,8.3167,true,1,102502
7290108350715,false,"סנו פורטה FREE נוזל מרוכז להסרת שומנים 750 מ""ל",סנו,IL,סנו פורטה free,מיליליטרים,750.00,"100 מ""ל",false,,13.90,0.0185,false,1,102602
7290108350722,false,אורביטול גוניור משחת שיניים בוב ספוג 70ג,טרופיקל דגיל תעשיות קוסמ,IL,משחת שיניים אורביטול,גרמים,70.00,100 גרם,false,,9.90,0.1414,true,1,123576
7290108350753,false,"אורביטול משחת שיניים פרוטקט פרש, 145 גרם",גוד פוד פרודקטס S.p,IL,משחת שיניים אורביטול,גרמים,145.00,100 גרם,false,,9.90,0.0683,true,1,111814
7290108350968,false,קרמה דאודורנט ספריי הגנה מוגברת 150 מל,מיוצר עי : אמיליה קוסמטי,IL,קרמה דאודורנט ספריי,מיליליטרים,150.00,"100 מ""ל",false,,12.90,0.0860,true,1,104779
7290108351149,false,ג'ל ניקוי כללי בתוספת אבקת סודה ריח כביסה סנו ג'ט 1.5 ליטר,"סנו מפעלי ברונוס בע""\מ",IL,סנו ג'ל לניקוי כללי,ליטרים,1.50,ליטר,false,,13.90,9.2667,true,1,103294
7290108351156,false,ג'ל ניקוי כללי בתוספת חומץ בריח לבנדר סנו ג'ט 1.5 ליטר,"סנו מפעלי ברונוס בע""\מ",IL,סנו ג'ל לניקוי כללי,ליטרים,1.50,ליטר,false,,13.90,9.2667,true,1,103295
7290108351507,false,מרכך כביסה אינספרישיין סנו מקסימה 4 ליטר,סנו מקסימה,IL,מרכך כביסה אינספרישי,ליטרים,4.00,ליטר,false,,21.90,5.4750,false,1,103000
7290108351514,false,מרכך כביסה בלו בלוסום סנו מקסימה 4 ליטר,סנו מקסימה,IL,מרכך כביסה פריחה כחו,ליטרים,4.00,ליטר,false,,21.90,5.4750,false,1,103001
7290108351552,false,"סנו - ג'ט לניקוי כללי בתוספת חומץ בניחוח לבנדר 750 מ""ל","סנו מפעלי ברונוס בע""\מ",IL,סנו ג'ט פלוס לניקוי,מיליליטרים,750.00,"100 מ""ל",false,,12.90,0.0172,true,1,107785
7290108351569,false,מבשם ומרכך למייבש כביסה Baby לתינוקות ולעור רגיש,"סנו מפעלי ברונוס בע""\מ",IL,מקסימה למייבש בייבי,מיליליטרים,750.00,"100 מ""ל",false,,19.90,0.0265,true,1,105540
7290108351576,false,"אוקסיג'ן אבקה להסרת כתמים 1.5 ק""ג סנו",גליל כימיקלים,IL,סנו אוקסיג'ן power א,קילוגרמים,1.50,"ק""ג",false,,25.90,17.2667,true,1,119582
7290108351583,false,"סנו - ג'ט פלוס חומץ ג'ל לניקוי אסלות לבנדר 750 מ""ל",טרופיקל דגיל תעשיות,IL,סנו ג'ט לניקוי אסלות,מיליליטרים,750.00,"100 מ""ל",false,,11.90,0.0159,true,1,109880
7290108351606,false,מטהר אוויר בלו בלוסום סנו פרש הום 350 מל,סנו מפעלי ברונוס בעמ,IL,סנו פרש הום מבשם לבי,מיליליטרים,350.00,"100 מ""ל",false,,12.90,0.0369,true,1,105539
7290108351613,false,סנו ריצפז פרש הום 2 ליטר בניחוח מלון חלומי,"סנו מפעלי ברונוס בע""\מ",IL,ריצפז פרש הום מלון 2,ליטרים,2.00,ליטר,false,,21.90,10.9500,false,1,104932
7290108351620,false,סנו פרש NO.2 לוכד ריחות רעים,"סנו מפעלי ברונוס בע""\מ",IL,לוכד ריחות באסלה,מיליליטרים,60.00,"100 מ""ל",false,,14.90,0.2483,true,1,106594
7290108351637,false,"אבקת כביסה מקסימה סמארט 5 ק""ג סנו",סנו מקסימה,IL,"אבקת כביסה 5 ק""ג סמא",קילוגרמים,5.00,"ק""ג",false,,39.90,7.9800,true,1,106600
7290108351699,false,סנו - ג'ט מטליות לחות לניקוי כללי בתוספת חומץ לבנדר שלישיה,סנו מפעלי ברונוס על,IL,מגבונים ג'ט+חומץ מאר,יחידה,0.00,יחידה,false,,19.90,0.0000,true,1,110861
7290108351705,false,פניני בישום 275 גרם מקסימה,inc prodacts smart value,IL,פניני בישום לכביסה F,גרמים,275.00,100 גרם,false,,29.90,0.1087,true,1,116510
7290108351712,false,מקסימה פניני בישום לכביסה לובלי 275 גרם,inc prodacts smart value,IL,פניני בישום לכביסה L,גרמים,275.00,100 גרם,false,,29.90,0.1087,true,1,116505
7290108351750,false,נ.לניקוי רצפות סנו גרין פאוור אקולוגי 2ל,סנו מפעלי ברונוס בעמ,IL,נוזל לניקוי רצפות אק,ליטרים,2.00,ליטר,false,,17.90,8.9500,true,1,119205
7290108351774,false,מרסס סנו לניקוי וטיפול במוצרי עור 500 מל,סנו,IL,סנו לניקוי וטיפול במ,מיליליטרים,500.00,"100 מ""ל",false,,29.90,0.0598,true,1,112114
7290108351781,false,ג'ל לניקוי אסלות + חומץ ומלח לימון בריח הדרים,"סנו מפעלי ברונוס בע""",IL,סנו ג'ט לניקוי אסלות,מיליליטרים,750.00,"100 מ""ל",false,,11.90,0.0159,true,1,112115
7290108351804,false,מרכך כביסה סופר מרוכז Gentl Breeze סנו מקסימה 1 ליטר,מיוצר עי קונדיטוריית,IL,מרכך כביסה מקסימה סו,ליטרים,1.00,ליטר,false,,16.90,16.9000,false,1,115738
7290108351811,false,מרכך כביסה סופר מרוכז Floral touch סנו מקסימה 1 ליטר,מיוצר עי קונדיטוריית,IL,מרכך כביסה מקסימה סו,ליטרים,1.00,ליטר,false,,16.90,16.9000,false,1,115739
7290108351835,false,מרכך כביסה Pure Sensation סנו מקסימה 4 ליטר,מיוצר עי קונדיטוריית,IL,מרכך כביסה סנו מקסימ,ליטרים,4.00,ליטר,false,,21.90,5.4750,false,1,116973
7290108351927,false,סנו ספארק טבליות למדיח 70 יחידות,גרופה אינקו,PL,טבליות למדיח ספארק 7,יחידה,0.00,יחידה,false,,39.90,0.0000,true,1,112923
7290108352061,false,משחת שיניים Go White אורביט 145 גרם עם פחם,טרופיקל דגיל תעשיות קוסמ,IL,משחת שיניים עם פחם א,גרמים,145.00,100 גרם,false,,14.90,0.1028,true,1,189902
7290108352092,false,משחת שיניים אורביטול פרוטקטיב סולט בטעם מנטה,טרופיקל דגיל תעשיות קוסמ,IL,אורביטול משחת שיניים,גרמים,145.00,100 גרם,false,,17.90,0.1234,true,1,120833
7290108352146,false,"סנובון נוזלי בניחוח מנגוליה ונרולי סנו 750 מ""ל",סנו מפעלי ברונוס בעמ,IL,סנובון נוזלי בניחוח,מיליליטרים,750.00,"100 מ""ל",false,,11.90,0.0159,true,1,119866
7290108352153,false,"סנובון נוזלי בניחוח לוטוס וסחלב סנו 750 מ""ל",מיוצר עי קונדיטוריית,IL,סנובון נוזלי בניחוח,מיליליטרים,750.00,"100 מ""ל",false,,11.90,0.0159,true,1,119867
7290108352207,false,מקסימה 40 קפסולות לכביסה בניחוח fresh burst,"גליל כימיקלים, א.ת. צפונ",IL,קפסולות לכביסה 40 יח,יחידה,0.00,יחידה,false,,31.90,0.0000,true,1,119861
7290108352214,false,סנו - מקסימה קפסולות כביסה בניחוח בריזה מרעננת 40 יח',טרופיקל דגיל תעשיות,IL,קפסולות לכביסה 40 יח,יחידה,0.00,יחידה,false,,31.90,0.0000,true,1,119862
7290108352221,false,סנופרש הום מבשם נוזלי בניחוח מלון מפנק,סנו מפעלי ברונוס בעמ,IL,סנו פרש הום מלון מפנ,מיליליטרים,350.00,"100 מ""ל",false,,12.90,0.0369,true,1,120471
7290108352252,false,נוזל לניקוי כלים מתאים לניקוי ירקות ופירות סנו ספארק,"סנו מפעלי ברונוס בע""\מ",IL,ספארק נוזל כלים משאב,ליטרים,1.00,ליטר,false,,11.90,11.9000,true,1,120933
7290108352269,false,סנו מטליות לחיטוי ולניקוי בדלי 400 יחידו,החברה הדרומית,IL,מטליות לחיטוי וניקוי,יחידה,0.00,יחידה,false,,29.90,0.0000,false,1,119839
7290108352276,false,מגבונים לניקוי וחיטוי יסודי לרצפה 10 יח 99.9%,"סנו מפעלי ברונס בע""\מ",IL,סנו מטליות לניקוי רצ,יחידה,0.00,יחידה,false,,15.90,0.0000,true,1,119328
7290108352320,false,"מבשם אויר סנו פרש הום בניחוח כותנה מלטפת 350 מ""ל",מיוצר עי קונדיטוריית,IL,סנו פרש הום מלון בוט,מיליליטרים,350.00,"100 מ""ל",false,,12.90,0.0369,true,1,120472
7290108352337,false,"סנו - פרש מילוי למטהר אוויר מלון מפנק 250 מ""ל",מיוצר עי קונדיטוריית,IL,סנו פרש הום אוטומטיק,מיליליטרים,250.00,"100 מ""ל",false,,14.90,0.0596,true,1,120577
7290108352399,false,ריצפז פרש הום בניחוח מרכך כביסה פלורל טאצ',"סנו מפעלי ברונוס בע""\מ",IL,ריצפז פרש הום 2 ליטר,ליטרים,2.00,ליטר,false,,21.90,10.9500,false,1,187215
7290108352450,false,ריצפז פרש הום בניחוח מרכך כביסה בלו בלוסום,סנו מפעלי ברונוס בעמ,IL,ריצפז פרש הום בניחוח,ליטרים,2.00,ליטר,false,,21.90,10.9500,false,1,122942
7290108352511,false,ניקוי וחיטוי מכונת הכביסה בתוספת חומץ סנו מקסימה,"סנו מפעלי ברונוס בע""\מ",IL,מקסימה לניקוי וחיטוי,מיליליטרים,500.00,"100 מ""ל",false,,12.90,0.0258,true,1,124843
7290108352566,false,מרכך כביסה בבישום עוצמתי 4 ל' סנו מקסינה,"סנו מפעלי ברונוס בע""\מ",IL,מרכך כביסה 4 ליטר סנ,ליטרים,4.00,ליטר,false,,21.90,5.4750,false,1,187214
7290108352573,false,מרכך כביסה סנו מקסימה בבישום עוצמתי 4 ליטר,"סנו מפעלי ברונוס בע""\מ",IL,מרכך כביסה סנו מקסימ,ליטרים,4.00,ליטר,false,,21.90,5.4750,false,1,188843
7290108352597,false,דלי מגבונים לניקוי כללי סנו 400 יחידות,סנו,IL,מגבונים בדלי 400 יח',יחידה,0.00,יחידה,false,,28.90,0.0000,true,1,101168
7290108352672,false,צמד מטליות הפלא לרצפה מיקרפייבר סנו סושי,סנו מפעלי ברונוס.,CN,סנו סושי מטליות הפלא,יחידה,0.00,יחידה,false,,19.90,0.0000,true,1,105440
7290108352696,false,"סנו סושי- ניילון נצמד+ רחב במיוחד 45 ס""מ",פפין ונטג,IL,"ניילון נצמד 45 ס""מ ס",יחידה,0.00,יחידה,false,,28.90,0.0000,true,1,111347
7290108352702,false,סנו סופט שלישיית מגבוני טואלט נשטפים בוב ספוג 48 יחידות,סנו סופט Soft,IL,מגבונים בוב ספוג שלי,יחידה,0.00,יחידה,false,,15.90,0.0000,true,1,99607
7290108352788,false,סנו סושי שקיות זיפר לאוכל L 20 יחידות,פיין ונטג,IL,סושי שקיות זיפר 20 י,יחידה,0.00,יחידה,false,,12.90,0.0000,true,1,113161
7290108352795,false,סנו סושי שקיות M זיפר 50 יחידות,פיין ונטג,CN,סושי שקיות זיפר 50 י,יחידה,0.00,יחידה,false,,12.90,0.0000,true,1,113162
7290108352818,false,מטלית במבוק לניקוי דוחה ריחות רעים,צ'\נצ'\גן גולי מוצרי צרי,CN,סנו מטלית במבוק לניק,יחידה,0.00,יחידה,false,,7.90,0.0000,true,1,112632
7290108352825,false,ספוג הפלא נירוסטה סנו סושי 3יח',ltdn s.k.a.tסנו מפעלי בר,CN,סושי ספוג הפלא לניקו,יחידה,0.00,יחידה,false,,10.00,0.0000,true,1,110425
7290108352863,false,סנו סושי שקיות צלייה 20יח' מידה L,סנו מפעלי ברונוס בעמ . ח,TR,סנו סושי 20 שקיות צל,יחידה,0.00,יחידה,false,,7.90,0.0000,true,1,111449
7290108352870,false,סנו סושי שקיות צלייה 10יח' מידה XL,סנו מפעלי ברונוס בעמ . ח,IL,סנו סושי 10 שקיות צל,יחידה,0.00,יחידה,false,,7.90,0.0000,true,1,111450
7290108352894,false,סנו סושי מפת שולחן חגיגית,שואוגאנג,CN,סנו סושי מפת שולחן ח,יחידה,0.00,יחידה,false,,8.50,0.0000,true,1,113663
7290108352924,false,כפפות ניטריל כחולות 80 יח' M סנו סושי,סנו סושי,TH,סנו סושי 80 כפפות ני,יחידה,0.00,יחידה,false,,24.90,0.0000,true,1,113546
7290108352931,false,כפפות ניטריל כחולות 80 יח' L סנו סושי,סנו סושי,TH,סנו סושי 80 כפפות ני,יחידה,0.00,יחידה,false,,24.90,0.0000,true,1,113547
7290108353006,false,סנו סושי - שקיות אוכל נקשרות 250 יחידות XL,מיוצר עי קונדיטוריית,IL,שקיות אוכל סנו,יחידה,0.00,יחידה,false,,12.90,0.0000,true,1,114727
7290108353068,false,ספוג הפלא נירוסטה עם סיבי קירצוף סנו סושי 2 יח',מיוצר עי קונדיטוריית,CN,סנו סושי כרית קרצוף,יחידה,0.00,יחידה,false,,10.00,0.0000,true,1,115771
7290108353082,false,ממחטות אף בקופסה 2 שכבות סנו סופט 120 דף,מיוצר עי קונדיטוריית,IL,סנו סופט 120 ממחטות,יחידה,0.00,יחידה,false,,7.90,0.0000,true,1,115542
7290108353099,false,ממחטות אף במארז ניילון סנו סופט 5 יח' * 100 דף,טרופיקל דגיל תעשיות,IL,סנו soft ממחטות אף ב,יחידה,0.00,יחידה,false,,13.90,0.0000,true,1,115882
7290108353334,false,"שמפו למניעת קשקשים עם שמן עץ התה ואסאי 700 מ""ל כיף",קוסמופארם בעמ,IL,כיף שמפו למניעת קשקש,מיליליטרים,700.00,"100 מ""ל",false,,10.90,0.0156,true,1,117165
7290108353532,false,"שקיות אשפה חזקות עם שרוך לארג' 54 * 65 ס""מ סנו סושי 100 יחידות",סנו סושי,IL,סנו סושי 100 שקיות א,יחידה,0.00,יחידה,false,,29.90,0.0000,true,1,118166
7290108353549,false,נייר אפייה סנו סושי 100 יח,"טופ פלסט 2002 בע""\מ",IL,נייר אפייה 100 יח' ס,יחידה,0.00,יחידה,false,,19.90,0.0000,true,1,117564
7290108353570,false,סנו סושי צלחות קטנות 25 יח',סנו,IL,צלחות קטנות מקנה סוכ,יחידה,0.00,יחידה,false,,10.90,0.0000,true,1,119835
7290108353648,false,סנו סושי - שקיות אוכל מנייר 70 יחידות,איי טיי אריזות טורקיה,TR,שקיות אוכל מנייר 70,יחידה,0.00,יחידה,false,,10.90,0.0000,true,1,121719
7290108353662,false,"סנו סושי מפת שולחן מוטבעת 120*270 ס""מ",שואוגאנג,CN,סנו סושי מפת שולחן מ,יחידה,0.00,יחידה,false,,8.50,0.0000,true,1,188319
7290108353679,false,סנו סושי – ניילון שקופות 10 מפות,מיוצר עי קונדיטוריית,IL,סנו סושי 10 מפות ניי,יחידה,0.00,יחידה,false,,19.90,0.0000,true,1,118966
7290108353686,false,מטלית חלומית לרצפה סנו סושי 1 יחידה,נינגבו סנבנג,CN,סנו סושי מטלית חלומי,יחידה,0.00,יחידה,false,,11.90,0.0000,true,1,122945
7290108353723,false,"קרמה - תחליב רחצה חימר תה ירוק 500 מ""ל","קוסמופארם בע""\מn\",IL,תחליב רחצה חימר תה י,מיליליטרים,500.00,"100 מ""ל",false,,12.90,0.0258,true,1,188116
7290108353730,false,"קרמה - תחליב רחצה חימר אוכמניות כחולות 500 מ""ל","קוסמופארם בע""\מn\",IL,תחליב רחצה חימר אוכמ,מיליליטרים,500.00,"100 מ""ל",false,,12.90,0.0258,true,1,188117
7290108353754,false,"קרם גוף קרמה אשכולית ולמון גראס 500 מ""ל",קוסמופארם בע'\'\מ,IL,קרם גוף קרמה אשכולית,מיליליטרים,500.00,"100 מ""ל",false,,23.90,0.0478,true,1,121587
7290108353761,false,"תחליב רחצה זן, בניחוח קשמיר 600 מ""ל קרימה","קוסמופארם בע""\מ",IL,קרמה תחליב רחצה זן ב,מיליליטרים,600.00,"100 מ""ל",false,,17.90,0.0298,true,1,189588
7290108353846,false,סושי כפפות ניטריל שחורות 80 יחידות L,החברה הדרומית,IL,כפפות ניטריל 80 יח',יחידה,0.00,יחידה,false,,24.90,0.0000,true,1,189533
7290108353884,false,"קרמה דאודורנט רול און אשכולית ולמון גראס 75 מ""ל","קוסמופארם בע""\מ",IL,דאודורנט רול און קרמ,מיליליטרים,75.00,"100 מ""ל",false,,14.90,0.1987,true,1,121244
7290108353891,false,"קרמה - דאודורנט רול און לאישה קרמה מאסק 75 מ""ל","קוסמופארם בע""\מ",IL,דאודורנט רול און קרמ,מיליליטרים,75.00,"100 מ""ל",false,,14.90,0.1987,true,1,121261
7290108353907,false,"קרמה - דאודורנט רול און לאישה קרמה קלאסי 75 מ""ל","קוסמופארם בע""\מ",IL,דאודורנט רול און קרמ,מיליליטרים,75.00,"100 מ""ל",false,,14.90,0.1987,true,1,121258
7290108353983,false,"קרמה - קרם גוף קרמה קלאסי 500 מ""ל",טרופיקל דגיל תעשיות,IL,קרם גוף קרמה קלאסי 5,מיליליטרים,500.00,"100 מ""ל",false,,23.90,0.0478,true,1,122033
7290108353990,false,"קרמה - קרם גוף קרמה מאסק 500 מ""ל",טרופיקל דגיל תעשיות,IL,קרם גוף קרמה מאסק 50,מיליליטרים,500.00,"100 מ""ל",false,,23.90,0.0478,true,1,122035
7290108354263,false,אורביטול גוניור משחת שיניים חד קרן 70גרם,טרופיקל דגיל תעשיות קוסמ,IL,משחת שיניים אורביטול,גרמים,70.00,100 גרם,false,,9.90,0.1414,true,1,123577
7290108354270,false,מרכך כביסה מרוכז בבישום עוצמתי 1 ל' סנו מקסימה,מיוצר עי קונדיטוריית,IL,מרכך מרוכז 1 ליטר CA,ליטרים,1.00,ליטר,false,,16.90,16.9000,false,1,186712
7290108354430,false,"שמפו כיף לשיקום והזנה שמן קוקוס וקרטין 700 מ""ל",קוסמופארם בעמ,IL,כיף שמפו לשיקום והזנ,מיליליטרים,700.00,"100 מ""ל",false,,10.90,0.0156,true,1,123850
7290108354447,false,"מרכך כיף לשיקום והזנה שמן קוקוס וקרטין 700 מ""ל",גוד פוד פרודקטס S.p,IL,כיף מרכך לשיקום והזנ,מיליליטרים,700.00,"100 מ""ל",false,,10.90,0.0156,true,1,123851
7290108354461,false,קרליין 10 שמפו חימר לכל סוגי השיער 700 מ,החברה הדרומית,IL,קרליין שמפו 10 חימר,מיליליטרים,700.00,"100 מ""ל",false,,12.90,0.0184,true,1,190896
7290108354478,false,קרליין 10 מרכך חימר לכל סוגי השיער 700 מ,החברה הדרומית,IL,קרליין מרכך 10 חימר,מיליליטרים,700.00,"100 מ""ל",false,,12.90,0.0184,true,1,190897
7290108354713,false,"קרמה - תחליב רחצה קלאסי 500 מ""ל","קוסמופארם בע""\מn\",IL,תחליב רחצה קרמה קלאס,מיליליטרים,500.00,"100 מ""ל",false,,12.90,0.0258,true,1,186208
7290108354751,false,"סנו - ג'ט מרסס לניקוי כללי בתוספת אבקת סודה 750 מ""ל","סנו מפעלי ברונוס בע""\מ",IL,"ג'ט חומץ+סודה 750 מ""",מיליליטרים,750.00,"100 מ""ל",false,,12.90,0.0172,true,1,112348
7290108354911,false,"שמפו, ג'ל רחצה וגילוח מועשר בתמצית אלוורה",טרופיקל דגיל תעשיות,IL,קרמה מן שמפו ג'ל רחצ,מיליליטרים,700.00,"100 מ""ל",false,,19.90,0.0284,true,1,119046
7290108355000,false,"שמפו מיניונים לילדים נקה 7 750 מ""ל",אמיליה קוסמטיקס,IL,שמפו נקה 7 מיניונים,מיליליטרים,750.00,"100 מ""ל",false,,11.90,0.0159,true,1,99077
7290108355017,false,"נקה 7 מרכך לילדים מיניונים 750 מ""ל",אמיליה קוסמטיקס,IL,מרכך מיוחד לילדים נק,מיליליטרים,750.00,"100 מ""ל",false,,11.90,0.0159,true,1,99078
7290108355154,false,"שמפו שמני הזנה נקה 7 750 מ""ל","אמיליה קוסמטיקס בע""מ",IL,"נקה 7 שמפו 750 מ""ל",מיליליטרים,750.00,"100 מ""ל",false,,11.90,0.0159,true,1,110053
7290108355161,false,"מרכך שיער שמני הזנה 750 מ""ל נקה 7","אמיליה קוסמטיקס בע""מ",IL,"נקה 7 מרכך 750 מ""ל",מיליליטרים,750.00,"100 מ""ל",false,,11.90,0.0159,true,1,110054
7290108355185,false,"נטורל מסיכת קרטין אינטנס למניעת קשקשים 350 מ""ל",נטורל פורמולה Natural Formula,IL,מסכת קרטין אינטנס למ,מיליליטרים,350.00,"100 מ""ל",false,,39.90,0.1140,true,1,108041
7290108355192,false,"מרכך קרטין אינטנס למניעת קשקשים נטורל פורמולה 400 מ""ל",נטורל פורמולה Natural Formula,IL,מרכך קרטין אינטנס למ,מיליליטרים,400.00,"100 מ""ל",false,,29.90,0.0747,true,1,108039
7290108355482,false,"קרמה - דאודורנט רול און לאישה קרמה לבנדר ואקליפטוס 75 מ""ל","קוסמופארם בע""\מ",IL,דאודורנט רול און קרמ,מיליליטרים,75.00,"100 מ""ל",false,,14.90,0.1987,true,1,121260
7290108355802,false,"תחליב רחצה קרמה ורד ווניל 700 מ""ל",גוד פוד פרודקטס S.p,IL,תחליב רחצה קרמה ורד,מיליליטרים,700.00,"100 מ""ל",false,,17.90,0.0256,true,1,120938
7290108355949,false,"תחליב רחצה קרמה נרולי ומנגוליה 700 מ""ל",קוסמופארם בעמ,IL,תחליב רחצה קרמה נרול,מיליליטרים,700.00,"100 מ""ל",false,,17.90,0.0256,true,1,120940
7290108356113,false,"כיף תחליב רחצה דבש 700 מ""ל-מרכז",קוסמופארם בעמ,IL,כיף תחליב רחצה דבש 7,מיליליטרים,700.00,"100 מ""ל",false,,11.90,0.0170,true,1,112093
7290108356120,false,"תחליב רחצה כיף קוקוס וניל 700 מ""ל",קוסמופארם,IL,כיף תחליב רחצה קוקוס,מיליליטרים,700.00,"100 מ""ל",false,,11.90,0.0170,true,1,112094
7290108356137,false,"כיף - תחליב רחצה לבנדר 700 מ""ל",קוסמופארם,IL,כיף תחליב רחצה לבנדר,מיליליטרים,700.00,"100 מ""ל",false,,11.90,0.0170,true,1,112095
7290108356151,false,"תחליב רחצה כיף מאסק יסמין 700 מ""ל",גוד פוד פרודקטס S.p,IL,כיף תחליב רחצה מאסק,מיליליטרים,700.00,"100 מ""ל",false,,11.90,0.0170,true,1,112096
7290108356168,false,"כיף - תחליב רחצה אוקיינוס 700 מ""ל",גוד פוד פרודקטס S.p,IL,כיף תחליב רחצה אוקיי,מיליליטרים,700.00,"100 מ""ל",false,,11.90,0.0170,true,1,112097
7290108356342,false,"סנו ג'יל לניקוי ידיים ללא בישום 500 מ""ל",גוד פוד פרודקטס S.p,IL,ג'ל ניקוי לידים ללא,מיליליטרים,500.00,"100 מ""ל",false,,14.90,0.0298,true,1,123160
7290108356519,false,קרליין שמפו 10למניעת קשקשים 700מל,"קוסמופארם בע""\מ",IL,קרליין שמפו לשיער רג,מיליליטרים,700.00,"100 מ""ל",false,,12.90,0.0184,true,1,187471
7290108356526,false,"קרליין - שמפו 10 לשיער יבש 700 מ""ל","קוסמופארם בע""\מ",IL,קרליין שמפו לשיער יב,מיליליטרים,700.00,"100 מ""ל",false,,12.90,0.0184,true,1,187472
7290108356564,false,"קרליין - מרכך 10 לשיער רגיל 700 מ""ל","קוסמופארם בע""\מn\",IL,קרליין מרכך לשיער רג,מיליליטרים,700.00,"100 מ""ל",false,,12.90,0.0184,true,1,187476
7290108356571,false,"קרליין - מרכך 10 לשיער יבש 700 מ""ל","קוסמופארם בע""\מ",IL,קרליין מרכך לשיער יב,מיליליטרים,700.00,"100 מ""ל",false,,12.90,0.0184,true,1,187477
7290108356588,false,קרוליין 10 מרכך לשיער מתולתל 700 מל,"קוסמופארם בע""\מ",IL,קרליין מרכך לשיער מת,מיליליטרים,700.00,"100 מ""ל",false,,12.90,0.0184,true,1,187478
7290108356809,false,סבון בוטני ורד ומרווה לניקוי וטיפוח הידיים טבעוני 1 ל' כיף,קוסמופארם בע'\'\מ,IL,כיף סבון בוטני ורד ו,ליטרים,1.00,ליטר,false,,14.90,14.9000,true,1,189905
7290108356854,false,מגבוני בייבי כיף בניוח עדין מארז חמישייה,"טרופיקל דגיל בע""\מ",IL,מגבונים בייבי כיף חמ,יחידה,0.00,יחידה,false,,19.90,0.0000,true,1,123604
7290108356861,false,מגבוני בייבי כיף ללא בישום מארז חמישייה,"טרופיקל דגיל בע""\מ",IL,מגבוני בייבי כיף חמי,יחידה,0.00,יחידה,false,,19.90,0.0000,true,1,123605
7290108357028,false,"תחליב רחצה כיף ורד ושמן קוקוי 700 מ""ל",קוסמופארם בעמ,IL,כיף תחליב רחצה ורד ו,מיליליטרים,700.00,"100 מ""ל",false,,11.90,0.0170,true,1,117824
7290108357110,false,"קרליין - נושם ביו דאודורנט רול און 75 מ""ל Valvet Rose לאישה","קוסמופארם בע""\מ",IL,קרליין נושם BIO דאוד,מיליליטרים,75.00,"100 מ""ל",false,,12.90,0.1720,true,1,188120
7290108357196,false,"ג'ט פלוס לניקוי כללי בתוספת תמצית עץ התה 750 מ""ל סנו",מיוצר עי קונדיטוריית,IL,מתז JET לניקוי וחיטו,מיליליטרים,750.00,"100 מ""ל",false,,12.90,0.0172,true,1,126258
7290108357226,false,"אוקסיגן POWER אבקה לכביסה לבנה והסרת כתמים 1.4 ק""ג סנו",החברה הדרומית,IL,אוקסיג'ן POWER לכביס,קילוגרמים,1.40,"ק""ג",false,,29.90,21.3571,true,1,187678
7290108357233,false,סנוקליר מטליות לחות לניקוי והברקה 50יח,"סנו מפעלי ברונוס בע""\מ",IL,סנו קליר מטליות לחות,יחידה,0.00,יחידה,false,,10.90,0.0000,true,1,188123
7290108357240,false,"אוקסיג'ן פאוור תוסף להסרת כתמים קשים 1.4 ק""ג",החברה הדרומית,IL,אוקסיג'ן POWER לכביס,קילוגרמים,1.40,"ק""ג",false,,29.90,21.3571,true,1,187679
7290108357264,false,"פרש אוטומטי מילוי בניחוח מרכך הכביסה אולטרה 375 מ""ל סנו",סנו מפעלי ברונוס בעמ,IL,סנו פרש אוטומטי מילו,מיליליטרים,250.00,"100 מ""ל",false,,14.90,0.0596,true,1,189123
7290108357271,false,סנובון ג'ל לניקוי אסלות עם חמצן פעיל לניקוי עוצמתי,סנו מפעלי ברונוס בעמ,IL,סנובון נוזלי אוקסי 7,מיליליטרים,750.00,"100 מ""ל",false,,11.90,0.0159,true,1,188772
7290108357295,false,"מרסס אוקסיג'ן מסיר כתמים סנו לכביסה לבנה 750 מ""ל",החברה הדרומית,IL,סנו אוקסיג'ן POWER ל,מיליליטרים,750.00,"100 מ""ל",false,,19.90,0.0265,true,1,189594
7290108357394,false,"תחליב רחצה קרמה חלב ודבש 700 מ""ל",קוסמופארם בע'\'\מ,IL,תחליב רחצה קרמה חלב,מיליליטרים,700.00,"100 מ""ל",false,,17.90,0.0256,true,1,185733
7290108357653,false,סנובון ג'ל לאסלה שלישיה בניחוח אוקיינוס,החברה הדרומית,CZ,סנובון Bubbles שלישי,יחידה,0.00,יחידה,false,,14.90,0.0000,true,1,190811
7290108357660,false,סנובון Bubbles שלישיית כדוריות ג'ל אסלה ניחוח לבנדר,סנו סנובון,CZ,סנובון Bubbles שלישי,יחידה,0.00,יחידה,false,,14.90,0.0000,true,1,190812
7290108357707,false,"כיף שמפו לשיער רגיל- תפוח זרעי צ'יה 700 מ""ל",גוד פוד פרודקטס S.p,IL,כיף שמפו רגיל תפוח ז,מיליליטרים,700.00,"100 מ""ל",false,,10.90,0.0156,true,1,113333
7290108357721,false,"כיף שמפו לשיער דק ושביר גוג'י ברי ומורינגה 700 מ""ל",קוסמופארם,IL,כיף שמפו דק ושביר גו,מיליליטרים,700.00,"100 מ""ל",false,,10.90,0.0156,true,1,113337
7290108357769,false,"מרכך לשיער רגיל תפוח וזרעי צ'יה 700 מ""ל כיף",גוד פוד פרודקטס S.p,IL,כיף מרכך רגיל תפוח ז,מיליליטרים,700.00,"100 מ""ל",false,,10.90,0.0156,true,1,113328
7290108357776,false,"כיף מרכך לשיער יבש -רימונים ושמן ארגן 700 מ""ל",גוד פוד פרודקטס S.p,IL,כיף מרכך יבש רימונים,מיליליטרים,700.00,"100 מ""ל",false,,10.90,0.0156,true,1,113339
7290108357783,false,"מרכך לשיער דק ושביר גוג'י ברי ומורגינה 700 מ""ל כיף",קוסמופארם בעמ,IL,כיף מרכך דק ושביר גו,מיליליטרים,700.00,"100 מ""ל",false,,10.90,0.0156,true,1,113341
7290108357882,false,"כיף - מרכך לחות מוגברת עם אפרסק וחמאת מורומורו 700 מ""ל",קוסמופארם בעמ,IL,כיף מרכך לחות מוגברת,מיליליטרים,700.00,"100 מ""ל",false,,10.90,0.0156,true,1,188633
7290108358070,false,"תחליב רחצה קרמה קלאסי 700 מ""ל",גוד פוד פרודקטס S.p,IL,תחליב רחצה קרמה קלאס,מיליליטרים,700.00,"100 מ""ל",false,,17.90,0.0256,true,1,121715
7290108358087,false,"תחליב רחצה קרמה מאסק 700 מ""ל",גוד פוד פרודקטס S.p,IL,תחליב רחצה קרמה מאסק,מיליליטרים,700.00,"100 מ""ל",false,,17.90,0.0256,true,1,121714
7290108358094,false,"קרמה - תחליב רחצה חמאת שיאה וקוקוי 500 מ""ל","קוסמופארם בע""\מn\",IL,תחליב רחצה קרמה שיאה,מיליליטרים,500.00,"100 מ""ל",false,,12.90,0.0258,true,1,186209
7290108358100,false,"פרש הום מקלות ריחניים לבית בניחוח בייבי 100 מ""ל",סנו fresh,IL,סנו פרש הום מקלות רי,מיליליטרים,100.00,"100 מ""ל",false,,19.90,0.1990,true,1,187724
7290108358117,false,"פרש הום מקלות ריחניים לבית בניחוח כביסה רעננה 100 מ""ל",החברה הדרומית,IL,סנו פרש הום מקלות רי,מיליליטרים,100.00,"100 מ""ל",false,,19.90,0.1990,true,1,187725
7290108358124,false,דפי בישום לחים למייבש הכביסה בניחוח מרכך כביסה 20 יח' מקסימה,טרופיגל דגיל תעשיות קוסמ,IL,מקסימה דפי בישום לחי,יחידה,0.00,יחידה,false,,12.90,0.0000,true,1,190565
7290108359008,false,סושי שקיות זיפר עם סליידר 15 יח לארג',החברה הדרומית,CN,סנו סושי שקיות זיפר,יחידה,0.00,יחידה,false,,14.90,0.0000,true,1,187110
7290108359039,false,שקיות אשפה עם ידיות סנו סושי לפחים 30 יחידות,סנאט גרופ,TR,סנו סושי שקית אשפה ע,יחידה,0.00,יחידה,false,,19.90,0.0000,true,1,124744
7290108359060,false,סנו סושי כריות הפלא רב תכלתיות *4 לשבת,סנו מפעלי ברונו בעמ,IL,כריות ניקוי לשבת רבי,יחידה,0.00,יחידה,false,,11.50,0.0000,true,1,185939
7290108359145,false,סנו סושי דפי ספוג הפלא12,קריות זול,CN,סנו סושי דפי ספוג הפ,יחידה,0.00,יחידה,false,,11.50,0.0000,true,1,190895
7290108359152,false,"תבנית אלומיניום עגולה 25 ס""מ -6 יחי סנו סושי","אופל אריזות בע""\מ",IL,תבניות אלומיניום עגו,יחידה,0.00,יחידה,false,,10.90,0.0000,true,1,189908
7290108359176,false,סופט לושן טישו ניילון 3 שכבות 2X100 יחיד,החברה הדרומית,EG,ממחטות אף 3 שכבות בת,יחידה,0.00,יחידה,false,,12.90,0.0000,true,1,190898
7290108359183,false,שקית אשפה חזקות 70*50 60 יח' סנו סושי,סנו סושי,IL,סנו סושי 60 שקיות אש,יחידה,0.00,יחידה,false,,24.90,0.0000,true,1,190476
7290108359190,false,סושי מגבת הפלא 4 יח' = 12 גליל ארוך פי 3,סנו סושי,IL,סנו סושי מגבות הפלא,יחידה,0.00,יחידה,false,,24.90,0.0000,false,1,191053
7290108359213,false,סנו סופט נייר טואלט 18=36 גלילים כפולים,סנו סופט,IL,סנו סופט נייר טואלט,יחידה,0.00,יחידה,false,,39.90,0.0000,false,1,191115
7290108359824,false,"כיף - בייבי כיף קרם 500 מ""ל",קוסמופארם בעמ,IL,קרם גוף בייבי כיף 50,מיליליטרים,500.00,"100 מ""ל",false,,21.90,0.0438,true,1,111821
7290108359985,false,סנו - ז'אוול מרסס קצף לניקוי וחינו בניחוח פריחה לבנה 1 ליטר,סנו ז'אוול Javel,IL,ז'אוול קצף ניקוי בתו,ליטרים,1.00,ליטר,false,,18.90,18.9000,true,1,187849
7290108500264,false,טונה בהירה בשמן פתח קל ויליפוד 95 גרם,אליאנס סלקט פודס,TH,נתחי טונה בהירה בשמן,גרמים,95.00,100 גרם,false,,3.40,0.0358,true,1,103445
7290108500677,false,כבד דג שיבוט בשמן דג וילי פוד 115 גרם,"איטיליאן פוד, אס.פי.",IS,כבד דג שיבוט מעושן,גרמים,115.00,100 גרם,false,,9.90,0.0861,true,1,103446
7290108501353,false,פילה אנשובי אמיתי ארוך בשמן וילי פוד 45,קונסרבאס סילביה,IT,אנשובי ארוך בשמן 45,גרמים,45.00,100 גרם,false,,7.00,0.1556,true,1,108376
7290108502381,false,בסיסים להכנת פיצה קוטר 26 וילי פוד 480ג',מוטלוקל גידה סאנאי ט,TR,בסיס לפיצה 4 יח,גרמים,480.00,100 גרם,false,,11.90,0.0248,true,1,112279
7290108502725,false,גבינת גאודה פרוסות ויליפוד 400 גרם,ג.וילי פוד אינטרנשיונל ב,IL,גבינת גאודה פרוסות 4,גרמים,400.00,100 גרם,false,,19.90,0.0497,true,1,111258
7290108502862,false,מלפפונים כבושים במלח 18-25 קטנים ויליפוד 600 גרם,זיתור סאן גידה סני וטיקר,TR,מלפפונים כבושים במלח,גרמים,600.00,100 גרם,false,,9.50,0.0158,true,1,112372
7290108503043,false,תפוחונים חטיף פלחים מיובשים מארז 22X4ג',הביי דונגפנג פוד קו. בעמ,CN,מארז חטיף תפוחונים,גרמים,88.00,100 גרם,false,,14.90,0.1693,true,1,112932
7290108503159,false,גבינה כחולה עם עובש 31% ויליפוד 100 גרם,קסוס אל פסטור,ES,גבינת דנבלו,גרמים,100.00,100 גרם,false,,13.90,0.1390,true,1,111787
7290108505962,false,שזיפים מיובשים וילי פוד 400 גרם,,US,שזיפים מיובשים 400 ג,גרמים,400.00,100 גרם,false,,21.00,0.0525,true,1,119379
7290108506037,true,יוגורט טבעי 150 גר 5,,,יוגורט טבעי 150 גר 5,,0.00,,false,,4.90,0.0000,true,1,123054
7290108508062,true,פסטה טליאטלה ללא גל,,,פסטה טליאטלה ללא גל,,0.00,,false,,12.90,0.0000,true,1,123091
7290108508970,false,וילי פוד תה ג'רבה 50,אוסוואלדי קרוז בואנס,PY,תה ג'רבה 500 גר,גרמים,500.00,100 גרם,false,,18.90,0.0378,true,1,125698
7290108509908,false,"מנת השף בשקית-אטריות בטעם ירקות 85 ג' חתם סופר ב""ב",וילי פוד - מנת השף,TH,מנת השף איטריות בשקי,גרמים,85.00,100 גרם,false,,3.90,0.0459,true,1,186868
7290108509915,false,"מנת השף בשקית-אטריות בטעם סיני פיקנטי 85 ג' חתם סופר ב""ב",וילי פוד - מנת השף,TH,מנת השף איטריות בשקי,גרמים,85.00,100 גרם,false,,3.90,0.0459,true,1,186869
7290108509922,false,מנתהשף אטריות להכנה מהירה טעם עוף ויליפוד 85 גרם,וילי פוד - מנת השף,TH,מנת השף איטריות בשקי,גרמים,85.00,100 גרם,false,,3.90,0.0459,true,1,186870
7290108890266,false,חם צוואר שחור כפול,אודס,,חם צוואר שחור,יחידה,0.00,יחידה,false,,11.90,0.0000,true,1,97989
7290108890402,false,כובע סרוג לונג,אודס,,כובע לונג נשים,יחידה,0.00,יחידה,false,,29.90,0.0000,true,1,97253
7290108892123,false,פינצטה שחורה בנרתיק,,,פינצטה שחורה בנרתיק,יחידה,0.00,יחידה,false,,11.90,0.0000,true,1,98433
7290108894349,false,סט 3 צמידי יד,,,סט 3 צמידי יד,יחידה,0.00,יחידה,false,,9.90,0.0000,true,1,98438
7290108896350,false,כובע שחור לגבר,IMPOFIX,,כובע שחור לגבר,יחידה,0.00,יחידה,false,,15.90,0.0000,true,1,101789
7290108896602,false,פינצטה מקצועית,,,פינצטה מקצועית,יחידה,0.00,יחידה,false,,16.90,0.0000,true,1,99672
7290108896763,false,מברשת שיער אובלי,IMPOFIX,,מברשת שיער אובלי,יחידה,0.00,יחידה,false,,16.90,0.0000,true,1,99676
7290108896947,false,מטריה מיני אוטומט,,,מטריה מיני אוטומט,יחידה,0.00,יחידה,false,,39.90,0.0000,true,1,102094
7290109201894,false,מסרק כיס,,,מסרק כיס,יחידה,0.00,יחידה,false,,2.90,0.0000,true,1,190192
7290109202938,false,פלסטר,,,פלסטר,יחידה,0.00,יחידה,false,,6.90,0.0000,true,1,190199
7290109204772,false,כובע רחצה סליידר,,,כובע רחצה,יחידה,0.00,יחידה,false,,5.90,0.0000,true,1,189865
7290109207797,false,מסרק לשיער גדול,,,מסרק,יחידה,0.00,יחידה,false,,4.90,0.0000,true,1,190191
7290109207827,false,מברשת צבע לשיער,,,מברשת צבע לשיער,יחידה,0.00,יחידה,false,,4.90,0.0000,true,1,190190
7290109209616,false,משייף ידית להחלקת כף הרגל,,,פצירה לכף רגל,יחידה,0.00,יחידה,false,,7.90,0.0000,true,1,190189
7290109351025,false,מלך החומוס חומוסטחינה 40% טחינה גולמית,סלטי צבר,IL,צבר חומוסטחינה 400 ג,גרמים,400.00,100 גרם,false,,13.90,0.0348,true,1,97917
7290109352916,false,פריכיות דגנים פיטנס מצופות שוקולד לבן,פרח תעשיות,IL,פיטנס בר פריכיות מצו,גרמים,84.00,100 גרם,false,,12.90,0.1536,true,1,100831
7290109354019,false,מנה חמה קוסקוס+עדשים87ג,אסם,IL,מנה חמה קוסקוס עם עד,גרמים,87.00,100 גרם,false,,6.70,0.0770,false,1,104489
7290109354057,false,קרחוני לה פרוטה La Frutta בטעמי אננס תפוז- 5 יח',תות תעשיות מזון (201,IL,מאגדת שלגונים לה פרו,גרמים,350.00,100 גרם,false,,23.90,0.0683,true,1,100407
7290109354101,false,"לחמית ללא גלוטן 200 גר' ""אסם""","אסם תעשיות בע""מ",IL,לחמית ללא גלוטן 200,גרמים,200.00,100 גרם,false,,10.50,0.0525,true,1,105413
7290109354972,false,אוסם - פתי בר וניל חלבי ללא גלוטן 200 גרם,מיוצר עי קונדיטוריית,IL,פתיבר ללא גלוטן אסם,גרמים,200.00,100 גרם,false,,9.90,0.0495,true,1,101576
7290109358130,false,מאגדת שלגון לה פרוטה יוגורט אננס פסיפל' 50X6ג',גלידות נסטלה )נגה גלידות,IL,מאגדת לה פרוטה יוגור,גרמים,300.00,100 גרם,false,,23.90,0.0797,true,1,108217
7290109358284,false,"שניצל תירס עם חלבון 664 גר' ""טבעול""",עיצובים 2020 (4.8),IL,שניצל תירס טבעול עם,גרמים,664.00,100 גרם,false,,28.90,0.0435,false,1,105437
7290109358482,false,עוגיות קרמוגית במילוי קרם בטעם חלבה,"הגביע מוצרי וופלים בע""\מ",IL,קרמוגית במילוי חלווה,גרמים,200.00,100 גרם,false,,11.50,0.0575,true,1,112614
7290109358567,false,פסטה אסם ספגטי פלוס 400 גרם,קריות זול,IT,ספגטי פלוס אסם,גרמים,400.00,100 גרם,false,,5.90,0.0148,false,1,104488
7290109358765,false,דגני בוקר קראנץ' רולס נוגט 450 גרם,"אסם השקעות בע""\מ",IL,קראנץ' רולס 450 גר,גרמים,450.00,100 גרם,false,,19.90,0.0442,false,1,104629
7290109580050,false,נקניקיות צ'וריסוס וונדרס 0% בשר טבעוני ללא גלוטן,"וונדרס ע""י זוגלובק 2000",IL,נקניקיות צ'וריסוס 22,גרמים,226.00,100 גרם,false,,29.90,0.1323,true,1,188056
7290109580067,false,"טחון וונדרס 0% בשר , טבעוני","וונדרס ע""י זוגלובק 2000",IL,טחון 340 גר' WONDERS,גרמים,340.00,100 גרם,false,,29.90,0.0879,true,1,188057
7290109580104,false,רוסטביף פרימיום זוגלובק 150 גרם,זוגלובק,IL,רוסטביף 150 גר' פרמי,גרמים,150.00,100 גרם,false,,25.90,0.1727,true,1,185802
7290109580111,false,צלעות אסאדו מעושנות פרימיום זוגלובק 120 גרם,זוגלובק,IL,צלעות אסאדו מעושנת פ,גרמים,120.00,100 גרם,false,,25.90,0.2158,true,1,187883
7290109580135,false,קורנדביף פרימיום 180 גרם זוגלובק,זוגלובק,IL,קורנביף 180 גר' פרימ,גרמים,180.00,100 גרם,false,,25.90,0.1439,true,1,125866
7290109580166,false,סרוולד קלאסי פרימיום זוגלובק 150 גרם,זוגלובק,IL,סרוולד קלאסי 150 גר',גרמים,150.00,100 גרם,false,,25.90,0.1727,true,1,185804
7290109580210,false,נקנקיות ריינהולד'ס הצרפתיה זוגלובק 300 ג',זוגלובק,IL,נקניקיות ריינהולד'ס,גרמים,300.00,100 גרם,false,,19.90,0.0663,true,1,187447
7290109580227,false,נקניקיות עוף ובקר בסגנון ברלינאי קאריוורסט,זוגלובק,IL,נקניקיות ריינהולד'ס,גרמים,300.00,100 גרם,false,,19.90,0.0663,true,1,187448
7290109580319,false,"בורגר וונדרס 0% בשר , טבעוני",זוגלובק וונדרס Wonders,IL,בורגר 280 גר' WONDER,גרמים,280.00,100 גרם,false,,29.90,0.1068,true,1,188059
7290109580432,false,פסטרמה חזה הודו מעושן דק דק זוגלובק 120 גרם,זוגלובק,IL,פסטרמה חזה הודו מעוש,גרמים,120.00,100 גרם,false,,13.90,0.1158,true,1,189580
7290109580449,false,סלמי בטעם כמהין פרימיום זוגלובק 180 גרם,זוגלובק,IL,סלמי בטעם כמהין פרימ,גרמים,180.00,100 גרם,false,,25.90,0.1439,true,1,189756
7290109920146,false,"דורגול מסיר אבנית מקומקומים 750 מ""ל",יעקובי דורגול,CH,דורגול מסיר אבנית מק,מיליליטרים,750.00,"100 מ""ל",false,,19.90,0.0265,true,1,101772
7290109920153,false,"מלבין לכביסה לבנה לובן צח, 790 גרם יעקבי",יעקובי,US,לובן צח לכביסה לבנה,גרמים,790.00,100 גרם,false,,25.90,0.0328,true,1,103485
7290109920313,false,"אסטוניש מרסס לניקוי חלונות 750 מ""ל",יעקבי- אסטוניש Astonish,GB,אסטוניש מרסס מבריק ח,מיליליטרים,750.00,"100 מ""ל",false,,11.90,0.0159,true,1,107614
7290109920597,false,"אסטוניש - מרסס לניקוי המקלחון 750 מ""ל",יעקבי- אסטוניש Astonish,GB,אסטוניש מרסס למקלחון,מיליליטרים,750.00,"100 מ""ל",false,,11.90,0.0159,true,1,107617
7290109920627,false,"אסטוניש קרם ואקונומיקה לניקוי אמבטיות 500 מ""ל",יעקובי אסטוניש,GB,אסטוניש קרם אמבט עם,מיליליטרים,500.00,"100 מ""ל",false,,11.90,0.0238,true,1,108501
7290109920658,false,"אסטוניש - מרסס אנטי בקטריאלי למטבח 750 מ""ל",יעקובי אסטוניש,GB,אסטוניש מרסס אנטי בק,מיליליטרים,750.00,"100 מ""ל",false,,11.90,0.0159,true,1,107618
7290109920665,false,"אסטוניש - מרסס מסיר אוכל שרוף במטבח 750 מ""ל",יעקבי- אסטוניש Astonish,GB,אסטוניש מרסס מסיר או,מיליליטרים,750.00,"100 מ""ל",false,,11.90,0.0159,true,1,107619
7290109920757,false,מרכך כביסה מרוכז ורדים הפי 1 ליטר,יעקובי הפי,,הפי מרכך מרוכז לכביס,ליטרים,1.00,ליטר,false,,14.90,14.9000,true,1,108128
7290109920825,false,צמד-דורגול אספרסו + דורגול מקציף חלב מתנה,יעקובי דורגול,CH,דורגול אספרסו,מיליליטרים,500.00,"100 מ""ל",false,,26.90,0.0538,true,1,112379
7290109920832,false,"נ.ניקוי דורגול לניקוי מקציף חלב 500 מ""ל",יעקובי דורגול,CH,דורגול לניקוי מקציף,מיליליטרים,500.00,"100 מ""ל",false,,24.90,0.0498,true,1,112382
7290109920849,false,"אסטוניש - מרסס לניקוי כללי בניחוח תפוז 750 מ""ל",יעקבי- אסטוניש Astonish,GB,אסטוניש מרסס תפוז לנ,מיליליטרים,750.00,"100 מ""ל",false,,11.90,0.0159,true,1,107620
7290109920863,false,גל כביסה הפי מיוחד לכביסת בגדי ספורט,יעקובי הפי,BE,הפי לכביסת בגדי ספור,ליטרים,1.00,ליטר,false,,14.90,14.9000,true,1,110234
7290109920870,false,גל כביסה הפי מיוחד לכביסה שחורה וכהה,יעקובי הפי,BE,הפי ג'ל לכביסה שחורה,ליטרים,1.00,ליטר,false,,14.90,14.9000,true,1,110400
7290109920917,false,"ג'ל לניקוי אסלה עם כלור הפי 750 מ""ל",וונדפוט,,הפי לניקוי האסלה עם,מיליליטרים,750.00,"100 מ""ל",false,,9.90,0.0132,true,1,110562
7290109921129,false,מרכך כביסה סופר מרוכז בניחות סיגליות 1 ל' יעקבי,יעקובי הפי,,הפי מרכך כביסה כחול,ליטרים,1.00,ליטר,false,,14.90,14.9000,true,1,110456
7290109921372,false,משחה לניקוי תנורים אסטוניש+ספוג 250 גר,יעקובי אסטוניש,GB,משחת אסטוניש+ספוג לנ,גרמים,250.00,100 גרם,false,,17.90,0.0716,true,1,114353
7290109921570,false,יעקבי רצפות לניקוי פרקט 1.25 ליטר,וונדפוט,BE,יעקובי לניקוי פרקט 1,ליטרים,1.25,ליטר,false,,15.90,12.7200,true,1,116453
7290109921587,false,רצפות גרניט פורצלן ייבוש מהיר ללא סימנים,וונדפוט,BE,יעקובי רצפות גרניט פ,ליטרים,1.25,ליטר,false,,15.90,12.7200,true,1,116454
7290109921853,false,אסטוניש המשחה המקורית לניקוי עם עוצמה,יעקבי- אסטוניש Astonish,GB,אסטוניש משחת פרימיום,גרמים,150.00,100 גרם,false,,17.90,0.1193,true,1,122302
7290109922881,false,"דורגול מרסס למטבח 600 מ""ל",יעקובי דורגול,CH,דורגול מרסס למטבח 60,מיליליטרים,600.00,"100 מ""ל",false,,19.90,0.0332,true,1,188604
7290109922911,false,דזיטול חיטוי נעליים מפטריות חיידקים וריחות 150מל,מרקה,ES,דזיטול ספריי לחיטוי,מיליליטרים,150.00,"100 מ""ל",false,,17.90,0.1193,true,1,187168
7290109923024,false,"אסטוניש מרסס פרימיום ארומטיק למטבח 750 מ""ל",יעקובי אסטוניש,GB,אסטוניש מרסס פרימיום,מיליליטרים,750.00,"100 מ""ל",false,,13.90,0.0185,true,1,187978
7290109923031,false,"אסטוניש מרסס פרימיום ארומטיק למקלחון 750 מ""ל",יעקובי אסטוניש,GB,אסטוניש מרסס פרימיום,מיליליטרים,750.00,"100 מ""ל",false,,13.90,0.0185,true,1,187979
7290109923048,false,"אסטוניש מרסס פרימיום ארומטיק לכל הבית 750 מ""ל",יעקובי אסטוניש,GB,אסטוניש מרסס פרימיום,מיליליטרים,750.00,"100 מ""ל",false,,13.90,0.0185,true,1,187980
7290109923093,false,"אסטוניש - קרם כיריים הלוגן ומיקרו 500 מ""ל",יעקובי אסטוניש,IL,אסטוניש קרם כיריים ה,מיליליטרים,500.00,"100 מ""ל",false,,13.90,0.0278,true,1,189135
7290109923147,false,אסטוניש מהדורה פרימיום פלא של אקונומיקה,יעקבי- אסטוניש Astonish,GB,אסטוניש פלא של אקונו,מיליליטרים,750.00,"100 מ""ל",false,,13.90,0.0185,true,1,189143
7290110000493,false,חמאת בוטנים טבעית קראנצ'י 350 גר',"בטר אנד דיפרנט בע""מ",IL,חמאת בוטנים טבעית קר,גרמים,350.00,100 גרם,false,,12.90,0.0369,true,1,117989
7290110001827,false,"ממרח בוטנים + קקאו לל""ס, 350 גרם",בטר אנד דיפרנט,IL,ממרח בוטנים עם קקאו,גרמים,350.00,100 גרם,false,,12.90,0.0369,true,1,187395
7290110110024,false,"פאנטה תות פחית סליק 330מ""ל",החברה המרכזית לייצור משק,IL,פחית פאנטה תות 330 מ,מיליליטרים,330.00,"100 מ""ל",false,,4.90,0.0148,true,1,106920
7290110110369,false,"שישייה בירה קרלסברג LUMA בקבוק 330 מ""ל",מבשלות בירה בינלאומיות ב,IL,שישיה קרלסברג לומה ל,מיליליטרים,1980.00,"100 מ""ל",false,,37.90,0.0191,false,1,120631
7290110110574,false,"פחיות קוקה קולה זירו לימון 330 מ""ל",החברה המרכזית לייצור משק,IL,קוקה קולה זירו לימון,מיליליטרים,330.00,"100 מ""ל",false,,4.50,0.0136,true,1,110529
7290110110635,false,ספרייט 0.5 ליים חייב פקדון,החברה המרכזית לייצור,IL,"ספרייט ליים 500 מ""ל",מיליליטרים,500.00,"100 מ""ל",false,,6.00,0.0120,false,1,109323
7290110110659,false,"ספרייט לימון ליים פחית 330מ""ל",החברה המרכזית לייצור משק,IL,ספרייט ליים פחית 330,מיליליטרים,330.00,"100 מ""ל",false,,4.90,0.0148,true,1,109324
7290110110703,false,מארז ספרייט שישייה פחיות FRIDGE PACK,החברה המרכזית לייצור משק,IL,מארז ספרייט ליים פחי,ליטרים,1.98,ליטר,false,,22.00,11.1111,false,1,109321
7290110110765,false,פיוז טי גרין בטעם לימון נענע 500 מל,מבשלות בירה בינלאומי,IL,פיוז טי גרין 0.5 ליט,מיליליטרים,500.00,"100 מ""ל",false,,6.50,0.0130,true,1,110713
7290110111557,false,"משקה ספורט איזוטוני בטעם פירות 500 מ""ל פאוורייד",Caslino al Piano pla,IT,משקה ספורט איזוטוני,מיליליטרים,500.00,"100 מ""ל",false,,9.50,0.0190,true,1,112397
7290110111564,false,"משקה ספורט איזוטוני בטעם הדרים ליין 500 מ""ל פאוורייד",פאווראייד POWERADE,IT,משקה ספורט איזוטוני,מיליליטרים,500.00,"100 מ""ל",false,,9.50,0.0190,true,1,112398
7290110111809,false,"מארז פחיות פאנטה אורנג' שישייה 330 מ""ל",החברה המרכזית לייצור משק,IL,מארז פאנטה פחיות שיש,ליטרים,1980.00,100 ליטר,false,,22.00,0.0111,false,1,114212
7290110113261,false,נקטר חמוציות 19 קלוריות SPRAY OCEAN פריגת 1 ליטר,קריות זול,IL,חמוציות אושן ספריי 1,ליטרים,1.00,ליטר,false,,12.90,12.9000,false,1,127060
7290110113339,true,פריגת סחוט אשכולית א,,,פריגת סחוט אשכולית א,,0.00,,false,,26.90,0.0000,false,1,123118
7290110113476,false,בירה קרלסברג ללא אלכוהול - שישייה,קרלסברג רומניהn\יבואן:מב,RO,שישיה קרלסברג 0% אלכ,מיליליטרים,1980.00,"100 מ""ל",false,,31.90,0.0161,false,1,118436
7290110113490,false,"פיוזטי אפרסק 19 קלוריות 500 מ""ל",מבשלות בירה בינלאומיות ב,IL,פיוז תה 0.5 ליטר אפר,מיליליטרים,500.00,"100 מ""ל",false,,6.50,0.0130,true,1,120442
7290110114787,false,נביעות+ מים מינרליים בטעם תפוח 1.5 ליטר,נביעות טבע הגליל בעמ,IL,נביעות + תפוח 1.5 לי,ליטרים,1.50,ליטר,false,,8.90,5.9333,false,1,186255
7290110114794,false,נביעות+ מים מינרליים בטעם אפרסק 1.5 ליטר,"נביעות טבע הגליל בע""\מ ,",IL,נביעות + אפרסק 1.5 ל,ליטרים,1.50,ליטר,false,,8.90,5.9333,false,1,186256
7290110114800,false,נביעות+ מים מינרליים בטעם ענבים 1.5 ליטר,"נביעות טבע הגליל בע""\מ",IL,נביעות + ענבים 1.5 ל,ליטרים,1.50,ליטר,false,,8.90,5.9333,false,1,186257
7290110114824,false,נביעות+רכיבי פרי אבטיח 1.5 ליטר פיקדון,"נביעות טבע הגליל בע""\מ",IL,נביעות+ רכיבי פרי אב,ליטרים,1.50,ליטר,false,,9.50,6.3333,false,1,186259
7290110114855,false,"נביעות מים מינרליים, שישיה 6 * 1.5 ליטר פקדון",נביעות טבע הגליל בעמ,IL,שישיה נביעות 1.5 ליט,ליטרים,9.00,ליטר,false,,12.90,1.4333,false,1,186262
7290110114886,false,פריגת סחוט טרי קלמנטינה 2 ליטר,פריגת מצוננים,IL,סחוט קלמנטינה 2 ליטר,ליטרים,2.00,ליטר,false,,29.90,14.9500,false,1,186961
7290110114893,false,פריגת סחוט טרי תפוז 2 ליטר,פריגת מצוננים,IL,סחוט תפוז 2 ליטר פרי,ליטרים,2.00,ליטר,false,,29.90,14.9500,false,1,186962
7290110114909,false,"100% מיץ תפוחים צלול עשוי מרכז, 2 ליטר",היינץ צפון אמריקה מק,IL,סחוט תפוח צלול 2 ליט,ליטרים,2.00,ליטר,false,,29.90,14.9500,false,1,186963
7290110114916,false,מיץ סחוט לימונענע פריגת 2 ליטר,פריגת מצוננים,IL,סחוט לימונענע 2 ליטר,ליטרים,2.00,ליטר,false,,29.90,14.9500,false,1,186964
7290110114954,false,מיץ תפוזים מתקתקים פריגת 2 ליטר,פריגת מצוננים,IL,תפוזים מתקתק 100% 2,ליטרים,2.00,ליטר,false,,22.90,11.4500,false,1,186966
7290110114961,false,משקה קל תפוזים פריגת 1.5 ליטר,מבשלות בירה בינלאומיות ב,IL,פריגת תפוז 1.5 ליטר,ליטרים,1.50,ליטר,false,,9.00,6.0000,false,1,186264
7290110114985,false,משקה קל אשכוליות פריגת 1.5 ליטר,מבשלות בירה בינלאומיות ב,IL,פריגת אשכולית 1.5 לי,ליטרים,1.50,ליטר,false,,9.00,6.0000,false,1,186266
7290110114992,false,משקה קל לייט אשכוליות פריגת 1.5 ליטר,מבשלות בירה בינלאומיות ב,IL,פריגת Light אשכולית,ליטרים,1.50,ליטר,false,,8.60,5.7333,false,1,186267
7290110115005,false,משקה קל ענבים פריגת 1.5 ליטר,מבשלות בירה בינלאומיות ב,IL,פריגת ענבים 1.5 ליטר,ליטרים,1.50,ליטר,false,,9.00,6.0000,false,1,186268
7290110115012,false,מיץ ענבים בניחוח מרלו 1.5 ל' פריגת,פריגת,IL,פריגת מרלו ענבים 1.5,ליטרים,1.50,ליטר,false,,9.00,6.0000,false,1,186269
7290110115029,false,"פריגת משק""ל תפוח 1.5 ליטר פיקדון",מבשלות בירה בינלאומיות ב,IL,"פריגת משק""ל תפוח 1.5",ליטרים,1.50,ליטר,false,,9.00,6.0000,false,1,186270
7290110115036,false,משקה קל מנגו פריגת 1.5 ליטר,מבשלות בירה בינלאומיות ב,IL,פריגת מנגו 1.5 ליטר,ליטרים,1.50,ליטר,false,,9.00,6.0000,false,1,186271
7290110115043,false,משקה קל לימונענע פריגת 1.5 ליטר,מבשלות בירה בינלאומיות ב,IL,פריגת לימונענע 1.5 ל,ליטרים,1.50,ליטר,false,,9.00,6.0000,false,1,186272
7290110115050,false,פריגת מיקס תות בננה 1.5 ליטר פיקדון,מבשלות בירה בינלאומיות ב,IL,פריגת מיקס תות בננה,ליטרים,1.50,ליטר,false,,9.00,6.0000,false,1,186273
7290110115067,false,פריגת אפרסק 1.5 ליטר פיקדון,מבשלות בירה בינלאומיות ב,IL,פריגת אפרסק 1.5 ליטר,ליטרים,1.50,ליטר,false,,9.00,6.0000,false,1,186274
7290110115074,false,פריגת תפוח דובדבן 1.5 ליטר פיקדון,מבשלות בירה בינלאומיות ב,IL,פריגת תפוח דובדבן 1.,ליטרים,1.50,ליטר,false,,9.00,6.0000,false,1,186275
7290110115081,false,פריגת צלול ענבים 1.5 ליטר פיקדון,"מבשלות בירה לישראל בע""\מ",IL,פריגת צלול ענבים 1.5,ליטרים,1.50,ליטר,false,,8.60,5.7333,false,1,186276
7290110115098,false,פריגת צלול תפוחים 1.5 ליטר פיקדון,"מבשלות בירה לישראל בע""\מ",IL,פריגת צלול תפוחים 1.,ליטרים,1.50,ליטר,false,,8.60,5.7333,false,1,186277
7290110115104,false,פריגת צלול אפרסק 1.5 ליטר פיקדון,מבשלות בירה בינלאומיות ב,IL,פריגת צלול אפרסק 1.5,ליטרים,1.50,ליטר,false,,8.60,5.7333,false,1,186278
7290110115111,false,פריגת צלול אננס 1.5 ליטר פיקדון,"מבשלות בירה לישראל בע""\מ",IL,פריגת צלול אננס 1.5,ליטרים,1.50,ליטר,false,,8.60,5.7333,false,1,186279
7290110115128,false,פריגת צלול בטעם לימונענע 1.5 ליטר פיקדון,"מבשלות בירה לישראל בע""\מ",IL,פריגת צלול בטעם לימו,ליטרים,1.50,ליטר,false,,8.60,5.7333,false,1,186280
7290110115203,false,קוקה קולה 1.5 ליטר פיקדון,החברה המרכזית לייצור משק,IL,קוקה קולה 1.5 ליטר פ,ליטרים,1.50,ליטר,false,,8.90,5.9333,false,1,186413
7290110115210,false,דיאט קוקה קולה 1.5 ליטר פיקדון,החברה המרכזית לייצור משק,IL,דיאט קוקה קולה 1.5 ל,ליטרים,1.50,ליטר,false,,8.50,5.6667,false,1,186414
7290110115227,false,קוקה-קולה זירו בקבוק 1.5 ליטר,החברה המרכזית לייצור משק,IL,קולה זירו 1.5 ליטר פ,ליטרים,1.50,ליטר,false,,8.50,5.6667,false,1,186415
7290110115234,false,קוקה-קולה זירו נטול בקבוק 1.5 ליטר,החברה המרכזית לייצור משק,IL,קולה זירו נטול 1.5 ל,ליטרים,1.50,ליטר,false,,8.50,5.6667,false,1,186416
7290110115241,false,קוקה-קולה זירו לימון בקבוק 1.5 ליטר,החברה המרכזית לייצור משק,IL,קולה זירו לימון 1.5,ליטרים,1.50,ליטר,false,,8.50,5.6667,false,1,186417
7290110115265,false,ספרייט לימון ליים 1.5 ליטר-,החברה המרכזית לייצור משק,IL,ספרייט 1.5 ליטר LIM,ליטרים,1.50,ליטר,false,,8.90,5.9333,false,1,186428
7290110115272,false,ZERO ספרייט זירו 1.5 ליטר פיקדון,החברה המרכזית לייצור משק,IL,ZERO ספרייט 1.5 ליטר,ליטרים,1.50,ליטר,false,,8.50,5.6667,false,1,186429
7290110115289,false,ספרייט 19 קל' לימון-נענע 1.5 ליטר פיקדון,החברה המרכזית לייצור משק,IL,ספרייט 19 קל' לימון-,ליטרים,1.50,ליטר,false,,8.50,5.6667,false,1,186430
7290110115296,false,משקה מוגז אורנג' פאנטה 1.5 ליטר,החברה המרכזית לייצור משק,IL,פאנטה אורנג' 1.5 ליט,ליטרים,1.50,ליטר,false,,8.90,5.9333,false,1,186431
7290110115302,false,משקה מוגז אורנג' זירו פאנטה 1.5 ליטר,החברה המרכזית לייצור משק,IL,פאנטה ZERO אורנג' 1.,ליטרים,1.50,ליטר,false,,8.50,5.6667,false,1,186432
7290110115319,false,פאנטה אקזוטיק 1.5 ליטר פיקדון,החברה המרכזית לייצור משק,IL,פאנטה אקזוטיק 1.5 לי,ליטרים,1.50,ליטר,false,,8.90,5.9333,false,1,186433
7290110115326,false,פאנטה אורנג' מנגו 1.5 ליטר פיקדון,החברה המרכזית לייצור משק,IL,פאנטה אורנג' מנגו 1.,ליטרים,1.50,ליטר,false,,8.90,5.9333,false,1,186434
7290110115333,false,פאנטה תות 1.5 ליטר פיקדון,החברה המרכזית לייצור משק,IL,פאנטה תות 1.5 ליטר פ,ליטרים,1.50,ליטר,false,,8.90,5.9333,false,1,186435
7290110115340,false,פאנטה ענבים 1.5 ליטר פיקדון,החברה המרכזית לייצור משק,IL,פאנטה ענבים 1.5 ליט,ליטרים,1.50,ליטר,false,,8.90,5.9333,false,1,186436
7290110115357,false,קינלי סודה 1.5 ליטר פיקדון,החברה המרכזית לייצור משק,IL,קינלי סודה 1.5 ליטר,ליטרים,1.50,ליטר,false,,4.20,2.8000,false,1,186443
7290110115364,false,שישייה קוקה קולה 1.5 ליטר פיקדון,החברה המרכזית לייצור משק,IL,קוקה קולה שישיות 1.5,ליטרים,9.00,ליטר,false,,51.00,5.6667,false,1,186419
7290110115371,false,דיאט קוקה קולה שישיות 1.5 ליטר פיקדון,החברה המרכזית לייצור משק,IL,דיאט קוקה קולה שישיו,ליטרים,9.00,ליטר,false,,47.80,5.3111,false,1,186420
7290110115388,false,ספרייט ליים שישיות 1.5 ליטר פיקדון,החברה המרכזית לייצור משק,IL,ספרייט LIME שישיות 1,ליטרים,9.00,ליטר,false,,51.00,5.6667,false,1,186438
7290110115395,false,ZERO ספרייט שישיות 1.5 ליטר פיקדון,החברה המרכזית לייצור משק,IL,ZERO ספרייט שישיות 1,ליטרים,9.00,ליטר,false,,47.80,5.3111,false,1,186439
7290110115401,false,קינלי סודה שישייה 1.5 ליטר פיקדון,החברה המרכזית לייצור משק,IL,קינלי סודה שישייה 1.,ליטרים,9.00,ליטר,false,,15.70,1.7444,false,1,186444
7290110115418,false,מארז שישייה קוקה קולה זירו 1.5 ל',החברה המרכזית לייצור משק,IL,קולה זירו שישיות 1.5,ליטרים,9.00,ליטר,false,,47.80,5.3111,false,1,186421
7290110115425,false,FUZE TEA גרין לימונענע -נענע 1.5 ליטר פיקדון,מבשלות בירה בינלאומיות ב,IL,FUZE tea גרין לימון-,ליטרים,1.50,ליטר,false,,8.90,5.9333,false,1,186445
7290110115449,false,אייס תה בטעם מנגו אננס 1.5ל' FUZE TEA,מבשלות בירה בינלאומיות ב,IL,FUZE tea מנגו אננס 1,ליטרים,1.50,ליטר,false,,9.50,6.3333,false,1,186447
7290110115456,false,"תה קר בטעם אפרסק 19 קלוריות ב- 100 מ""ל",מבשלות בירה בינלאומיות ב,IL,FUZE tea אפרסק 19 קל,ליטרים,1.50,ליטר,false,,8.90,5.9333,false,1,186448
7290110115463,false,פיוז טי אפרסק 1.5 ליטר פיקדון,מבשלות בירה בינלאומיות ב,IL,FUZE tea אפרסק 1.5 ל,ליטרים,1.50,ליטר,false,,9.50,6.3333,false,1,186449
7290110115494,false,תה קר בטעם ענבים פיוז טי 1.5 ליטר,מבשלות בירה בינלאומית בע,IL,FUZE tea ענבים 1.5 ל,ליטרים,1.50,ליטר,false,,9.50,6.3333,false,1,186452
7290110115593,false,פריגת אשכוליות 40% פחות סוכר 1.5 ליטר פיקדון,מבשלות בירה בינלאומיות ב,IL,פריגת אשכוליות 40% פ,ליטרים,1.50,ליטר,false,,8.60,5.7333,true,1,186282
7290110115616,false,FUZE tea zero גרין אננס 1.5 ליטר פיקדון,מבשלות בירה בינלאומיות ב,IL,פיוז טי זירו גרין אנ,ליטרים,1.50,ליטר,false,,8.90,5.9333,false,1,187085
7290110115623,false,משקה פיוז טי זירו ZERO בטעם אפרסק,מבשלות בירה בינלאומיות ב,IL,פיוז טי זירו אפרסק 1,מיליליטרים,1.50,"מ""ל",false,,8.90,5.9333,false,1,187086
7290110115777,false,נביעות .ל1.5 מים מינרלים,נביעות,,בק' נביעות 1.5 ליטר,ליטרים,1.50,ליטר,false,,3.60,2.4000,false,1,187158
7290110115845,false,קוקה קולה 1.5 ליטר פיקדון,"אינסטנטה בע""מ",IL,קוקה קולה רגיל 1.5 ל,ליטרים,1.50,ליטר,false,,8.90,5.9333,false,1,187184
7290110115852,false,דיאט קוקה קולה 1.5 ליטר -,תות תעשיות מזון (201,IL,קוקה קולה דיאט 1.5 ל,ליטרים,1.50,ליטר,false,,8.50,5.6667,false,1,187181
7290110115869,false,קוקה קולה זירו 1.5 ליטר פיקדון,תות תעשיות מזון (201,IL,קולה זירו 1.5 ליטר פ,ליטרים,1.50,ליטר,false,,8.50,5.6667,false,1,187136
7290110115913,false,"משקה ספורט איזוטוני זירו בטעם אננס 500 מ""ל פאוורייד",Caslino al Piano pla,IT,משקה ספורט איזוטוני,מיליליטרים,500.00,"100 מ""ל",false,,9.50,0.0190,true,1,188592
7290110116064,false,פאנטה ZERO פירות ירוק 1.5 ליטר פיקדון,החברה המרכזית לייצור משק,IL,פאנטה זירו פירות ירו,ליטרים,1.50,ליטר,false,,8.50,5.6667,false,1,189066
7290110116125,false,"סירופ בטעם פטל פריגת 750 מ""ל",סירופ - גבעת חיים,IL,סירופ בטעם פטל,מיליליטרים,750.00,"100 מ""ל",false,,22.90,0.0305,true,1,189612
7290110116132,false,"סירופ בטעם לימון פריגת 750 מ""ל",סירופ - גבעת חיים,IL,סירופ בטעם לימון,מיליליטרים,750.00,"100 מ""ל",false,,22.90,0.0305,true,1,189611
7290110116149,false,"סירופ בטעם ענבים פריגת 750 מ""ל",סירופ - גבעת חיים,IL,סירופ בטעם ענבים 750,מיליליטרים,750.00,"100 מ""ל",false,,22.90,0.0305,true,1,189609
7290110116156,false,נביעות+רכיבי פרי מנגו-פסיפלורה 1.5 ליטר-,"נביעות טבע הגליל בע""\מ",IL,נביעות+ רכיבי פרי מנ,ליטרים,1.50,ליטר,false,,9.50,6.3333,false,1,189607
7290110116170,false,נביעות+רכיבי פרי אננס-קוקוס 1.5 ליטר-,"נביעות טבע הגליל בע""\מ",IL,נביעות+ רכיבי פרי אנ,ליטרים,1.50,ליטר,false,,9.50,6.3333,false,1,189605
7290110116200,false,מים 0 קלוריות בטעם לימון-ליים 0.5 ל נביעות,"נביעות טבע הגליל בע""",TW,נביעות+ לימון-ליים 0,מיליליטרים,500.00,"100 מ""ל",false,,6.00,0.0120,true,1,189606
7290110116224,false,מים 0 קלוריות בטעם אשכולית 0.5 ל נביעות,"נביעות טבע הגליל בע""",TW,נביעות+ אשכוליות 0.5,מיליליטרים,500.00,"100 מ""ל",false,,6.00,0.0120,true,1,189604
7290110116385,false,"פחיות סטפאני מרשמלו אבטיח תות זירו 330 מ""ל",החברה המרכזית לייצור משק,IL,פחית קולה זירו אבטיח,מיליליטרים,330.00,"100 מ""ל",false,,4.50,0.0136,false,1,189874
7290110116392,false,"סירופ בטעם תפוזים פריגת 750 מ""ל",סירופ - גבעת חיים,IL,סירופ בטעם תפוזים,מיליליטרים,750.00,"100 מ""ל",false,,22.90,0.0305,true,1,189613
7290110116491,false,פריגת סחוט מיקס אפרסק משמש 1ליטר,פריגת מצוננים,IL,פריגת מיקס אפרסק משמ,ליטרים,1.00,ליטר,false,,16.00,16.0000,true,1,190956
7290110116507,false,פריגת סחוט מיקס אננס בננה אגס 1ליטר,פריגת מצוננים,IL,פריגת מיקס אננס בננה,ליטרים,1.00,ליטר,false,,16.00,16.0000,true,1,190957
7290110116552,false,ספרייט לימון היט 1.5 ליטר LIME פיקדון,החברה המרכזית לייצור משק,IL,ספרייט למון היט 1.5,ליטרים,1.50,ליטר,false,,8.90,5.9333,false,1,190656
7290110116569,false,"ספרייט זירו ZERO בק LEMON HIT, 1.5 ליטר",החברה המרכזית לייצור משק,IL,זירו ספרייט למון היט,ליטרים,1.50,ליטר,false,,8.50,5.6667,false,1,190655
7290110116576,false,"ספרייט זירו LEMON HIT בקבוק 500 מ""ל",החברה המרכזית לייצור משק,IL,ספרייט זירו לימון הי,מיליליטרים,500.00,"100 מ""ל",false,,6.00,0.0120,false,1,190657
7290110320591,false,גבינה בולגרית במרקם מעודן 16% פיראוס,תנובה חלב,IL,בולגרית 16% פיראוס ב,גרמים,250.00,100 גרם,false,,23.90,0.0956,true,1,104692
7290110320850,false,פתיתים גבינה חצי קשה מגורדת 28% שומן,תנובה מרכז שיתופי לש,IL,פתיתי עמק 200 גר,גרמים,200.00,100 גרם,false,,15.90,0.0795,false,1,107225
7290110320867,false,פתיתים גבינה חצי קשה מגורדת 28% שומן,תנובה מרכז שיתופי לש,IL,פתיתי עמק לאפיה 28%,גרמים,500.00,100 גרם,false,,36.90,0.0738,false,1,107005
7290110320935,false,גבינת מוצרלה תנובה 150ג' פרוסות,תנובה מרכז שיתופי לש,IL,פרוסות מוצרלה 150 גר,גרמים,150.00,100 גרם,false,,16.90,0.1127,true,1,107004
7290110321031,false,מעדן חלב GO יוגורט מועשר בחלבון טבעי 200 ג' יופלה,"תנובה, מחלבת אלון תב",IL,יופלה GO,גרמים,200.00,100 גרם,false,,5.80,0.0290,true,1,106545
7290110321277,false,קוטג' בקטנה 5% תנובה 100 גרם מהדרין,פארייפאבה אגרואינדוס,IL,קוט'ג בקטנה 5% מהדרי,גרמים,100.00,100 גרם,false,,2.60,0.0260,false,1,107483
7290110321604,false,קוביות פיראוס בולגרית מעודנת 5% 200 גרם - רבנות,תנובה חלב,IL,קוביית בולגרית מעודנ,גרמים,230.00,100 גרם,false,,21.90,0.0952,true,1,110169
7290110321680,false,יוגורט GO בטעם תות 20 גרם חלבון בגביע,מיוצר עי קונדיטוריית,IL,יופלה גו בטעמי פירות,גרמים,200.00,100 גרם,false,,6.20,0.0310,true,1,108089
7290110321697,false,יוגורט GO בטעם אפרסק 20 גרם חלבון בגביע,מיוצר עי קונדיטוריית,IL,יופלה גו אפרסק,גרמים,200.00,100 גרם,false,,6.20,0.0310,true,1,108090
7290110321703,false,יוגורט עם פירות יער בתוספת חלבוני חלב 2% שומן,מיוצר עי קונדיטוריית,IL,יופלה גו פירות יער,גרמים,200.00,100 גרם,false,,6.20,0.0310,true,1,109808
7290110321789,false,גבינת מסקרפונה 38% השף הלבן 250 גרם,תנובה חלב,IL,גבינת מסקרפונה 38% ה,גרמים,250.00,100 גרם,false,,20.50,0.0820,true,1,109195
7290110322014,false,טופו בטעם טבעי תנובה ALTERNATIVE,שוורצקוף& הנקל דיסלד,IL,טופו טבעי 300 גר,גרמים,300.00,100 גרם,false,,12.90,0.0430,true,1,109937
7290110322946,false,יופלה טיוב יוגורט במרקם חלק בטעם תות בננה כשרות רבנות 348 ג',תנובה חלב,IL,יופלה טיוב תות בננה,גרמים,348.00,100 גרם,false,,12.60,0.0362,false,1,111959
7290110323073,false,משקה יוגורט מועשר בחלבון תות פטל 1% 250מ,מיוצר עי קונדיטוריית,IL,משקה יוגורט יופלה תו,מיליליטרים,250.00,"100 מ""ל",false,,6.70,0.0268,true,1,111688
7290110323097,false,מעדן גבינה עם תות 5% שומן 80 ג' תנובה,תנובה בעמ,IL,תאומים 80 גר,גרמים,80.00,100 גרם,false,,1.90,0.0237,true,1,112927
7290110323301,false,טל העמק בסגנון אמנטל 32% שומן 200 גרם,עמק - תנובה,IL,גבינת טל העמק 32% שו,גרמים,200.00,100 גרם,false,,19.90,0.0995,true,1,113183
7290110323585,false,יופלה יוגורט עם דובדבן מופחת קלוריות 200 ג' GO,יופלה Yoplait,IL,יוגורט עם דבדבן מופח,גרמים,200.00,100 גרם,false,,6.20,0.0310,true,1,112258
7290110323592,false,יופלה יוגורט עם אפרסק מופחת קלוריות 200 ג' GO,יופלה Yoplait,IL,יוגורט עם אפרסק מופח,גרמים,200.00,100 גרם,false,,6.20,0.0310,true,1,112259
7290110323714,false,משקה קוקוס שקדים תנובה E אלטרנטיב,מיוצר עי קונדיטוריית,IL,משקה קוקוס שקדים 1 ל,מיליליטרים,1000.00,"100 מ""ל",false,,12.60,0.0126,true,1,112904
7290110324070,false,גבינת חלומי מחלב בקר תנובה 200 גרם,"תנובה בע""\מ",IL,גבינת חלומי 200 גר ת,גרמים,200.00,100 גרם,false,,19.90,0.0995,true,1,113026
7290110324353,false,יוגורט GO לייט בטעם אננס 20 גרם חלבון בגביע,"תנובה בע""\מ",IL,יופלה GO לייט אננס,מיליליטרים,200.00,"100 מ""ל",false,,6.20,0.0310,true,1,114794
7290110324551,false,יופלה טיוב יוגורט במרקם חלק תות כשרות מהדרין,"תנובה בע""\מ",IL,יופלה טיוב תות,גרמים,348.00,100 גרם,false,,12.60,0.0362,false,1,113686
7290110324711,false,ממרח סויה 9% שומן בטעם טבעי תנובה 250 גרם,מיוצר עי קונדיטוריית,IL,ממרח סויה 9% בטעם טב,גרמים,250.00,100 גרם,false,,8.90,0.0356,true,1,114835
7290110324841,false,מעדן שקדים עם שוקולד מריר תנובה 125 גרם,מיוצר עי קונדיטוריית,IL,מעדן שקדים עם שוקולד,גרמים,125.00,100 גרם,false,,4.40,0.0352,false,1,116804
7290110324858,false,מעדן שקדים בטעם אגוזי לוז תנובה 125 גרם,מיוצר עי קונדיטוריית,IL,מעדן שקדים בטעם אגוז,גרמים,125.00,100 גרם,false,,4.40,0.0352,true,1,116807
7290110324872,false,גבינה צהובה גלבוע 5% שומן 200 גרם,גלבוע - תנובה,IL,גבינת גלבוע 200ר,גרמים,200.00,100 גרם,false,,18.90,0.0945,false,1,117089
7290110324926,false,משקה סויה ללא תוספת סוכר E אלטרנטיב,תנובה מרכז שיתופי לש,IL,משקה סויה ללא תוספת,מיליליטרים,1000.00,"100 מ""ל",false,,10.60,0.0106,false,1,117054
7290110325084,false,מאגדת שמינייה מיני קרלו שוניל 8*100גרם,"תנובה בע""\מ",IL,מאגדת שמינייה מיני ק,גרמים,800.00,100 גרם,false,,14.70,0.0184,true,1,115923
7290110325114,false,"משקה יוגורט יופלה גו לייט תות בננה 250 מ""ל - רבנות",מיוצר עי קונדיטוריית,IL,משקה יוגורט גו לייט,גרמים,250.00,100 גרם,false,,6.70,0.0268,true,1,115510
7290110325121,false,"משקה יוגורט יופלה גו לייט מנגו אננס 250 מ""ל","תנובה בע""\מ",IL,משקה יוגורט גו לייט,גרמים,250.00,100 גרם,false,,6.70,0.0268,true,1,115511
7290110325169,false,פרוסות גאודה תנובה 170 גרם,תנובה חלב,IL,גאודה פרוסות,גרמים,170.00,100 גרם,false,,19.50,0.1147,true,1,119062
7290110325305,false,יופלה GO סויה 20 גרם חלבון במתיקות מעודנת תנובה 200 גרם,מיוצר עי קונדיטוריית,IL,מעדן סויה גו 20 גרם,גרמים,200.00,100 גרם,false,,6.10,0.0305,true,1,116795
7290110325619,false,משקה שיבולת שועל תנובה E אלטרנטיב,מיוצר עי קונדיטוריית,IL,משקה שיבולת שועל 1 ל,ליטרים,1.00,ליטר,false,,12.60,12.6000,true,1,117726
7290110325701,false,פיראוס צזיקי יווני 9% שומן בשיטת יצור מסורתית על בסיס יוגורט,גוד פוד פרודקטס S.p,IL,פיראוס צזיקי יווני 9,גרמים,250.00,100 גרם,false,,12.90,0.0516,true,1,118204
7290110325893,false,משקה חלב GO מועשר בחלבון בטעם אייס קפה,מיוצר עי קונדיטוריית,IL,תנובה GO אייס קפה 34,מיליליטרים,340.00,"100 מ""ל",false,,8.00,0.0235,true,1,117725
7290110326173,false,יולו COOKIES שוקולדלבן בטעם קרם עוגיות+עוגיות ונטיפי שוקולד 120 ג',תנובה חלב,IL,YOLO COOKIES שוקולד,גרמים,120.00,100 גרם,false,,5.20,0.0433,false,1,118672
7290110326210,false,יופלה און טופ פצפוצים תנובה 157 גרם,מיוצר עי קונדיטוריית,IL,יופלה און טופ פצפוצי,גרמים,157.00,100 גרם,false,,5.10,0.0325,true,1,119253
7290110326227,false,יופלה און טופ קורנפלקס תנובה 157 גרם,מיוצר עי קונדיטוריית,IL,יופלה און טופ קורנפל,גרמים,157.00,100 גרם,false,,5.10,0.0325,true,1,119254
7290110326234,false,יופלה און טופ כוכבים תנובה 157 גרם,מיוצר עי קונדיטוריית,IL,יופלה און טופ כוכבים,גרמים,157.00,100 גרם,false,,5.10,0.0325,true,1,119255
7290110326241,false,יופלה און טופ גרנולה תנובה 157 גרם,מיוצר עי קונדיטוריית,IL,יופלה און טופ גרנולה,גרמים,157.00,100 גרם,false,,5.10,0.0325,true,1,119256
7290110326333,false,פרוסות גבינה סקנדינבית תנובה 170 גרם,פ.פ.ח. שאביט,IL,פרוסות גבינה סקנדינב,גרמים,170.00,100 גרם,false,,19.50,0.1147,false,1,122192
7290110326906,false,חלב נטול לקטוז 3% שומן תנובה 1 ליטר,מיוצר עי קונדיטוריית,IL,חלב נטול לקטוז 3% שו,ליטרים,1.00,ליטר,false,,7.20,7.2000,false,1,122090
7290110326937,false,יוגורט תנובה לבן 1%,פ.פ.ח. שאביט,IL,יוגורט תנובה לבן 1%,גרמים,150.00,100 גרם,false,,3.80,0.0253,true,1,121965
7290110326982,false,משקה YOLO חלב עם שוקולד קלאסי 1 ליטר,תנובה,IL,משקה חלב עם שוקולד ק,ליטרים,1.00,ליטר,false,,13.20,13.2000,false,1,120564
7290110326999,false,"משקאות חלב+שוקולד קלאסי 340 מ""ל YOLO בקבוק.",תנובה חלב,IL,משקה חלב עם שוקולד ק,מיליליטרים,340.00,"100 מ""ל",false,,7.20,0.0212,true,1,120565
7290110327033,false,משקה סויה תנובה גו מועשר בחלבון במתיקות מופחתת,מיוצר עי קונדיטוריית,IL,משקה סויה תנובה גו מ,מיליליטרים,1000.00,"100 מ""ל",false,,12.60,0.0126,true,1,121474
7290110327125,false,פטה 21% מחלב צאן במי מלח תנובה 200 גרם,תנובה חלב,GR,פטה 21% מחלב צאן במי,גרמים,200.00,100 גרם,false,,22.90,0.1145,true,1,122548
7290110327514,false,alternative משקה שיבולת שועל בטעם אגוזי לוז תנובה 1 ליטר,תנובה מרכז שיתופי לש,IL,משקה שיבולת שועל בטע,ליטרים,1.00,ליטר,false,,12.60,12.6000,true,1,186784
7290110327835,false,יוגורט יופלה גו גרנו,פ.פ.ח. שאביט,IL,יופלה גו און טופ גרנ,גרמים,170.00,100 גרם,false,,5.90,0.0347,true,1,122549
7290110327880,false,**חלב בקרטון 1% 1 ליטר ועדת מהדרין,תות תעשיות מזון (201,IL,חלב 1% מהדרין ליטר,ליטרים,1.00,ליטר,false,,5.59,5.5900,false,1,121848
7290110328016,false,משקה סויה מועשר בחלבון בטעם אגוזי לוז 250 גרם,תנובה מרכז שיתופי לש,IL,משקה סויה מועשר בחלב,גרמים,250.00,100 גרם,false,,6.30,0.0252,true,1,123743
7290110328023,false,משקה סויה מועשר בחלבון בטעם קפה 250 גרם,תנובה מרכז שיתופי לש,IL,משקה סויה מועשר בחלב,גרמים,250.00,100 גרם,false,,6.30,0.0252,true,1,123744
7290110328474,false,גבינת פרמג'יאנו רג'יאנו 30% מחלב בקר,מנדלז סי.אר. פרודקשן,IT,פלח פרמג'אנו רג'יאנו,גרמים,150.00,100 גרם,false,,29.90,0.1993,true,1,124770
7290110328504,false,טריו - מיקס גבינות מוצרלה סקנדינבית וגאודה 300 גרם,מיוצר עי קונדיטוריית,IL,מיקס גבינות מוצרלה ס,גרמים,300.00,100 גרם,false,,26.50,0.0883,true,1,124882
7290110328610,false,משקה אורז ושקדים בריסטה אלטרנטיב 1 ליטר,תנובה Alternative,IL,משקה אורז ושקדים ברי,ליטרים,1000.00,ליטר,false,,11.90,0.0119,true,1,189172
7290110328627,false,יוגורט יופלה GO במרקם סמיך בטעם בננה קרמל 0%,מיוצר עי קונדיטוריית,IL,יוגורט גו סמיך 0% בנ,גרמים,200.00,100 גרם,false,,6.20,0.0310,true,1,125740
7290110328764,false,יוגורט יופלה GO במרקם סמיך עם תות 0%,מיוצר עי קונדיטוריית,IL,יוגורט גו סמיך 0% תו,גרמים,200.00,100 גרם,false,,6.20,0.0310,true,1,125739
7290110328771,false,יוגורט יופלה GO במרקם סמיך עם פירות יער 0%,מיוצר עי קונדיטוריית,IL,יוגורט גו סמיך 0% פי,גרמים,200.00,100 גרם,false,,6.20,0.0310,true,1,125742
7290110328788,false,יוגורט יופלה GO במרקם סמיך בטעם אפרסק 0%,תנובה מרכז שיתופי לש,IL,יוגורט גו סמיך 0% אפ,גרמים,200.00,100 גרם,false,,6.20,0.0310,true,1,125741
7290110328818,false,משקה יולו בטעם טופי,"תנובה בע""מ",IL,משקה YOLO בטעם טופי,100 מל,340.00,100 מל,false,,6.90,0.0203,true,1,125093
7290110328887,false,"חלב תנובה בקבוק 3%, כשרות מהדרין, 1 ליטר",תנובה מרכז שיתופי לש,IL,חלב תנובה 3% מהדרין,ליטרים,1.00,ליטר,false,,6.23,6.2300,false,1,187349
7290110329136,false,מעדן חלב מעושר בחלבון בטעם שוקולד 120 ג' GO,תנובה מרכז שיתופי לש,IL,מעדן חלב גו בטעם שוק,גרמים,120.00,100 גרם,false,,4.90,0.0408,true,1,186669
7290110329143,false,מעדן חלב מעושר בחלבון בטעם וניל גביע 120 ג' GO,תנובה מרכז שיתופי לש,IL,מעדן חלב גו בטעם וני,גרמים,120.00,100 גרם,false,,4.90,0.0408,true,1,186662
7290110329266,false,יוגורט תנובה מחלב עיזים מלא תנובה 140 ג',קריות זול,IL,יוגורט מחלב עיזים מל,גרמים,140.00,100 גרם,false,,6.20,0.0443,true,1,126633
7290110329303,false,פרוסות בטעם צהובה קלאסית אלטרנטיב 200 גר,תנובה Alternative,IL,פרוסות גבינה בטעם צה,גרמים,200.00,100 גרם,false,,21.90,0.1095,false,1,186999
7290110329686,false,"משקה חלב גו בטעם עוגיות 340 מ""ל",מיוצר עי קונדיטוריית,IL,משקה חלב GO בטעם עוג,מיליליטרים,340.00,"100 מ""ל",false,,8.00,0.0235,true,1,186531
7290110329716,false,משקה חלב קר בטעם קפוצ'ינו 230 גרם תנובה,תנובה מרכז שיתופי לש,IL,משקה קפה קר בטעם קפו,מיליליטרים,230.00,"100 מ""ל",false,,6.90,0.0300,true,1,188902
7290110329723,false,משקה חלב קר בטעם לאטה 230 גרם תנובה,תנובה מרכז שיתופי לש,IL,משקה קפה קר בטעם לאט,מיליליטרים,230.00,"100 מ""ל",false,,6.90,0.0300,true,1,188903
7290110329730,false,"משקה חלב עם שוקולד וקפה בסגנון לאטה 2.7%  230 מ""ל תנובה",תנובה מרכז שיתופי לש,IL,משקה חלב עם שוקולד ו,מיליליטרים,230.00,"100 מ""ל",false,,6.90,0.0300,true,1,188904
7290110329792,false,יוגורט סויה BIO Alternative אפרסק 150 ג' תנובה,מיוצר עי קונדיטוריית,IL,סויה ביו אפרסק Alter,גרמים,150.00,100 גרם,false,,4.60,0.0307,true,1,187142
7290110329808,false,יוגורט סויה BIO Alternative תות 150 ג' תנובה,מיוצר עי קונדיטוריית,IL,סויה ביו תות Alterna,גרמים,150.00,100 גרם,false,,4.60,0.0307,true,1,187139
7290110329815,false,סויה BIO מתיקות מעודנת גביע 150 גרם אלטרנטיב,מיוצר עי קונדיטוריית,IL,סויה ביו מתיקות מעוד,גרמים,150.00,100 גרם,false,,4.60,0.0307,true,1,187140
7290110329822,false,יוגורט סויה BIO Alternative פירות יער 150 ג' תנובה,מיוצר עי קונדיטוריית,IL,סויה ביו פירות יער A,גרמים,150.00,100 גרם,false,,4.60,0.0307,true,1,187141
7290110329846,false,יוגורט סויה BIO Alternative בטעם טבעי 150 ג' תנובה,תנובה Alternative,IL,סויה ביו טבעי Alter,גרמים,150.00,100 גרם,false,,4.60,0.0307,true,1,187143
7290110354299,false,נורת לד ניסקו,,,נורת לד ניסקו,יחידה,0.00,יחידה,false,,8.50,0.0000,true,1,120140
7290110356798,false,נורת לד כדור אור צהו,,,נורת לד כדור אור צהו,יחידה,0.00,יחידה,false,,8.50,0.0000,true,1,120141
7290110356804,false,נורת לד כדור ניסקו,,,נורת לד כדור ניסקו,יחידה,0.00,יחידה,false,,8.50,0.0000,true,1,120142
7290110424015,false,חם צוואר פרוותי נשים,IMPOFIX,,חם צוואר נשים,יחידה,0.00,יחידה,false,,19.90,0.0000,true,1,106340
7290110424053,false,מטריה ילדים,,,מטריה ילדים,יחידה,0.00,יחידה,false,,19.90,0.0000,true,1,106352
7290110424411,false,כובע תינוקות כלב,,,כובע תינוקות כלב,יחידה,0.00,יחידה,false,,21.90,0.0000,true,1,106331
7290110424947,false,סיכת תיקנ תק תינוקות,,,סיכת תיקנ תק תינוקות,יחידה,0.00,יחידה,false,,5.90,0.0000,true,1,106870
7290110424992,false,סיכות תינוקות 12 יח,,,סיכות תינוקות 12 יח,יחידה,0.00,יחידה,false,,5.90,0.0000,true,1,106871
7290110425302,false,גוזז ציפורניים ענק,,,גוזז ציפורניים ענק,יחידה,0.00,יחידה,false,,11.90,0.0000,true,1,119023
7290110428013,false,גומיות 6 יח',,,גומיות 6 יח',יחידה,0.00,יחידה,false,,3.00,0.0000,true,1,120414
7290110428020,false,גומיות 10 יח',,,גומיות 10 יח',יחידה,0.00,יחידה,false,,3.00,0.0000,true,1,120415
7290110428174,false,מברשת שיער כוכב,,,מברשת שיער כוכב,יחידה,0.00,יחידה,false,,7.90,0.0000,true,1,122910
7290110428211,false,מברשת שיער אובלית,,,מברשת שיער אובלית,יחידה,0.00,יחידה,false,,12.90,0.0000,true,1,121126
7290110550219,false,מטבעות שוקולד לבן לאפיה 400 גרם עלית,"פוליבה בע""\מ",IL,מטבעות שוקולד לבן לא,גרמים,400.00,100 גרם,false,,31.90,0.0797,true,1,190001
7290110550394,false,PERFECT BITE שוקולד חלב במילוי קרם ושברי אגוזי לוז 234 גרם,"שטראוס גרופ בע""\מ",IL,מארז חטיפים ממולאים,גרמים,234.00,100 גרם,false,,19.90,0.0850,false,1,186328
7290110551254,false,נשנושי תירס 600 גרם טעם הטבע שטראוס,"מיוצר ע""\י או.וי אינטרנש",TH,נשנושי תירס 600 גר ש,גרמים,600.00,100 גרם,false,,14.90,0.0248,true,1,190180
7290110552121,false,יוגורט בתוספת סידן וויטמין ד 100 ג' דנונה,"שטראוס בריאות בע""\מ",IL,היוגורט הראשון שלי 1,גרמים,100.00,100 גרם,false,,2.20,0.0220,true,1,188724
7290110552220,false,יוגורט PRO בטעם תות 0% סוכר לבן 20 גרם חלבון בגביע,"שטראוס בריאות בע""\מ",IL,דנונה פרו תות ללא סו,גרמים,200.00,100 גרם,false,,5.90,0.0295,true,1,187240
7290110552237,false,יוגורט פרו בטעם אפרסק מנגו ללא סוכר 200 ג' דנונה,"שטראוס בריאות בע""\מ",IL,דנונה פרו אפרסק מנגו,גרמים,200.00,100 גרם,false,,5.90,0.0295,true,1,187241
7290110552817,false,צנצנת מסטיק - גלידה לימון 58 גרם וועסטהיים,אסקום קונפקשיין,DE,מסטיק בטעם גלידה לימ,גרמים,58.00,100 גרם,false,,9.90,0.1707,true,1,189541
7290110553029,false,"אנרג'י קריספס-פריכיות חומוס, עדשים ואפונה עם קייל וסלק","פרח תעשיו מזון בע""מ",IL,פריכיות חלבון קייל,גרמים,60.00,100 גרם,false,,10.60,0.1767,true,1,187621
7290110553036,false,קריספס-פריכיות עם אפונה ובטטה סגולה בטעם בצל מקורמל,"פרח תעשיו מזון בע""מ",IL,פריכיות חלבון בטטה ס,גרמים,60.00,100 גרם,false,,10.60,0.1767,true,1,187622
7290110553098,false,מאגדת חטיפים אנרג'י מיקס צימוקים אגוזים 100X4 גרם,אנרג'י Energy - שטראוס,GB,אנרג'י מיקס צימוקים,גרמים,100.00,100 גרם,false,,14.90,0.1490,true,1,189835
7290110553104,false,נסקפה קפוצ'ינו סטיק קלאסי 130 ג' עלית,מוקטה אס.פי.,IL,קפוצ'ינו סטיק קלאסי,גרמים,130.00,100 גרם,false,,15.90,0.1223,false,1,190736
7290110553135,false,נסקפה קפוצ'ינו סטיק וניל 130 ג' עלית,מוקטה אס.פי.,IL,קפוצ'ינו סטיק וניל,גרמים,130.00,100 גרם,false,,15.90,0.1223,false,1,190737
7290110553173,false,אנרגי פריכיות אורז בטעם קרמל 50 גרם,סאנורייס בלגיום,IL,אנרגי פריכיות בטעם ק,גרמים,40.00,100 גרם,false,,6.50,0.1625,true,1,190160
7290110553180,false,אנרגי פריכיות אורז בטעם תפוח קינמון 50 ג,סאנורייס בלגיום,IL,אנרגי פריכיות בטעם ת,גרמים,40.00,100 גרם,false,,6.50,0.1625,true,1,190161
7290110554262,false,חלבית מלבין קפה חלבי 350 ג' עלית,מוקטה אס.פי.,PL,חלבית 350 גרם,גרמים,350.00,100 גרם,false,,22.90,0.0654,true,1,187987
7290110554422,false,פומודורו רוטב עגבניות ופלפלים לשקשוקה לפסטה יד מרדכי 350 גרם,אמיליאנה קונסרב סוסייטה,IT,רוטב עגבניות ופלפלים,גרמים,350.00,100 גרם,false,,11.90,0.0340,true,1,187640
7290110554460,false,ציטוס קראנץ צ'דר חלפיניו 65 ג' עלית,עלית,,צ'יטוס צ'דר חלפיניו,גרמים,65.00,100 גרם,false,,3.50,0.0538,true,1,189622
7290110554583,false,מארז חטיפי צ'יטוס פאפס בטעם גבינה - 10 יחידות,"שטראוס פריטו ליי בע""\מ )",IL,צ'יטוס פאפס גבינה 10,גרמים,200.00,100 גרם,false,,12.90,0.0645,true,1,187334
7290110554705,false,קפסולות נספרסו לקפה יוניקו סדרת בתי הקלייה 10יח,שטראוס קפה בי.וי.,IL,קפסולות קפה בתי קליה,גרמים,50.00,100 גרם,false,,18.90,0.3780,true,1,190163
7290110554712,false,"קפסולות קפה אספרסו קלייה איטית ובהירה, 10 * 50 ג'",שטראוס קפה בי.וי.,IL,קפסולות קפה בתי קליה,גרמים,50.00,100 גרם,false,,18.90,0.3780,true,1,190164
7290110554729,false,קפסולות עלית אספרסו 04 תואמות למכונות NESPRESSO,שטראוס קפה בי.וי.,IL,קפסולות קפה למכונת נ,גרמים,55.00,100 גרם,false,,16.90,0.3073,false,1,188137
7290110554798,false,פולי אספרסו עשירים וארומטיים עוצמה 8 עלית 250 גרם,שטראוס קפה בי. וי.,IL,פולי אספרסו עשירים ו,גרמים,250.00,100 גרם,false,,21.90,0.0876,false,1,187994
7290110555078,false,לאבנה עם שמן זית ועשבי תיבול שטראוס 250 גרם,"מחלבות בר בכפר בע""\מ",IL,לאבנה עם שמן זית ועש,גרמים,250.00,100 גרם,false,,10.90,0.0436,true,1,188720
7290110555092,false,לאבנה עם שמן זית וצ'ילי שטראוס 250 גרם,"מחלבות בר בכפר בע""\מ",IL,לאבנה עם שמן זית וצ',גרמים,250.00,100 גרם,false,,10.90,0.0436,true,1,188721
7290110555665,false,קקאו דל שומן עלית בקופסא 220 גרם,"ג'אלוסיס י. בע""\מ",GR,קקאו דל שומן בקופסא,גרמים,220.00,100 גרם,false,,18.90,0.0859,true,1,190738
7290110555788,false,נסקפה קפוצ'ינו פחית וניל 200 ג' עלית,מוקטה אס.פי.,PL,קפוצ'ינו פחית וניל,גרמים,200.00,100 גרם,false,,19.90,0.0995,false,1,190742
7290110555795,false,נסקפה קפוצ'ינו פחית קלאסי 200 ג' עלית,מוקטה אס.פי.,PL,קפוצ'ינו פחית קלאסי,גרמים,200.00,100 גרם,false,,19.90,0.0995,false,1,190743
7290110556242,false,"שוקולד מריר פרווה 100 גר' בד""ץ תוצרת חוץ","שטראוס גרופ בע""מ.",FR,שוקולד מריר פרווה על,גרמים,100.00,100 גרם,false,,6.00,0.0600,false,1,190173
7290110557027,false,חומוס עשיר 50% טחינה גולמית 400 ג' אחלה,מיוצר עי קונדיטוריית,IL,חומוס עשיר ב-50% טחי,גרמים,400.00,100 גרם,false,,12.90,0.0323,true,1,186935
7290110557102,false,מעדן חלב עם שוקולד מועשר בחלבון 150 ג' שטראוס,מיוצר עי קונדיטוריית,IL,מעדן חלב עם שוקולד מ,גרמים,150.00,100 גרם,false,,4.90,0.0327,true,1,185791
7290110557133,false,מעדן הגולן וניל 125 ג' שטראוס,מיוצר עי קונדיטוריית,IL,מעדן הגולן וניל,גרמים,125.00,100 גרם,false,,2.80,0.0224,false,1,186249
7290110557478,false,חומוס גלילי במרקם מעודן 600 גרם,"שטראוס גרופ בע""\מ",IL,חומוס גלילי,גרמים,600.00,100 גרם,false,,12.90,0.0215,true,1,187984
7290110557645,false,מאגדת חטיפים אנרג'י מיקס צימוקים חמוציות 100X4 גרם,קונסרב איטליה,GB,אנרג'י מיקס צימוקים,גרמים,100.00,100 גרם,false,,14.90,0.1490,true,1,189836
7290110558130,false,יוגורט אקטיביה עם שיבולת שועל ודבש 150 גרם,"שטראוס בריאות בע""\מ",IL,אקטיביה עם שיבולת שו,גרמים,150.00,100 גרם,false,,4.60,0.0307,true,1,189168
7290110558154,false,דנונה לייט אנד פרי עוגת תפוחים 150ג דנונה,"שטראוס בריאות בע""\מ",IL,דנונה לייט אנד פרי ע,גרמים,150.00,100 גרם,false,,4.60,0.0307,true,1,189824
7290110558215,false,"דנונה קראנצ`פיסטוק עם פיצפוץ לבן קראנצי פיסטוק, 173 גרם","שטראוס בריאות בע""\מ",IL,דנונה קראנצ' פיסטוק,גרמים,173.00,100 גרם,false,,4.60,0.0266,false,1,190759
7290110558222,false,"וואו יוגורט עם שכבה בטעם בנופי פאי 5.4%, 150ג דנונה","שטראוס בריאות בע""\מ",IL,דנונה WOW בנופי,גרמים,150.00,100 גרם,false,,4.50,0.0300,true,1,189819
7290110558239,false,"וואו יוגורט עם שכבה בטעם קראק פאי 5.4%, 150 ג דנונה","שטראוס בריאות בע""\מ",IL,דנונה WOW קראק פאי,גרמים,150.00,100 גרם,false,,4.50,0.0300,true,1,189820
7290110558253,false,דנונה שייק נונה ריפרש בננה אננס וצ'יה,"שטראוס בריאות בע""\מ",IL,דנונה ריפרש בננה אננ,גרמים,250.00,100 גרם,false,,5.50,0.0220,true,1,189176
7290110558284,false,דנונה ביו מולטי שטראוס 200 גרם,"שטראוס בריאות בע""\מ",IL,דנונה ביו מולטי 200,גרמים,200.00,100 גרם,false,,3.90,0.0195,false,1,189548
7290110558307,false,יוגורט דנונה PRO עם שיבולת שועל במתיקות מעודנת,"שטראוס בריאות בע""\מ",IL,דנונה פרו 20 גרם חלב,גרמים,200.00,100 גרם,false,,6.20,0.0310,false,1,188694
7290110558314,false,דנונה פרו 20 גרם חלבון ללא סוכר פיסטוק 200 גרם,"שטראוס בריאות בע""\מ",IL,דנונה פרו 20 גר' ללא,גרמים,200.00,100 גרם,false,,5.90,0.0295,false,1,189822
7290110558338,false,יוגורט PRO בטעם מתיקות מעודנת 1.5% שומן,"שטראוס בריאות בע""\מ",IL,דנונה פרו 25 גרם חל,גרמים,200.00,100 גרם,false,,6.20,0.0310,true,1,188695
7290110558666,false,מעדן גבינה בטעם תפוח 88 ג' דניאלה,"שטראוס בריאות בע""\מ",IL,דניאלה בטעם תפוח,גרמים,88.00,100 גרם,false,,4.10,0.0466,true,1,190761
7290110558741,false,"גמדים פאוץ תפוח בננה, 100 ג' שטראוס","שטראוס בריאות בע""\מ",IL,גמדים פאו'ץ תפוח בננ,מיליליטרים,100.00,"100 מ""ל",false,,5.70,0.0570,true,1,190980
7290110558918,false,עלי חסה קראנצ' שטופים,שטראוס בריאות ירקות טריי,IL,עלי חסה קראנצ' שטופי,גרמים,150.00,100 גרם,false,,9.90,0.0660,true,1,189765
7290110559007,false,"שועועית חומה טעם הטבע קופסה, 380 גרם",קונסרב איטליה,IT,שעועית חומה טעם הטבע,גרמים,380.00,100 גרם,false,,6.50,0.0171,true,1,189840
7290110559014,false,שעועית שחורה מבושלת טעם הטבע 380 גרם,קונסרב איטליה,IT,שעועית שחורה טעם הטב,גרמים,380.00,100 גרם,false,,6.50,0.0171,true,1,189841
7290110559755,false,ריל מאגדת בוטנים פיסטוק וחמוציות שטראוס 105 גרם,"ואמואליס פודס אס.איי,",GR,מאגדת ריל בוטנים פיס,גרמים,105.00,100 גרם,false,,14.90,0.1419,true,1,189581
7290110559939,false,נתחי סויה בסגנון שווארמה ומג'דרה 350 גרם,אוכל ביתי ניר עציון,IL,נתחי סויה בסגנון שוו,גרמים,350.00,100 גרם,false,,23.90,0.0683,true,1,188666
7290110560300,false,"הפריכיות הטעימות חומוס, עדשים שחורות, קינואה ופלפל שחור",אנרג'י Energy - שטראוס,IL,פריכיות משולשות פלפל,גרמים,30.00,100 גרם,false,,5.50,0.1833,true,1,112263
7290110560317,false,"הפריכיות הטעימות חומוס, עדשים שחורות, קינואה ומלח ים","פרח תעשיו מזון בע""מ",IL,פריכיות משולשות מלח,גרמים,30.00,100 גרם,false,,5.50,0.1833,true,1,112264
7290110560324,false,"הפריכיות הטעימות תפו""א, אורז, אפונה ומלח ים","פרח תעשיו מזון בע""מ",IL,פריכיות משולשות אפונ,גרמים,30.00,100 גרם,false,,5.50,0.1833,true,1,112265
7290110561352,false,דנונה יוגורט ביו פרוביוטי 3% דל לקטוז 150ג',"שטראוס בריאות בע""\מ",IL,דנונה דל לקטוז,גרמים,200.00,100 גרם,false,,3.50,0.0175,true,1,109741
7290110561604,false,מארז 8 יחידות מעדן גמדים בטעם תות בננה,"שטראוס בריאות בע""\מ",IL,שמיניה גמדים תות בננ,גרמים,800.00,100 גרם,false,,18.90,0.0236,true,1,108637
7290110563431,false,"משקה קפה קר בסגנון קלאסי 230 מ""ל 1.6% יוטבתה",האי נאם סי או אל.טי.,AT,משקה קפה קר בסגנון ק,מיליליטרים,230.00,"100 מ""ל",false,,7.50,0.0326,true,1,113091
7290110563448,false,"משקה קפה קר בסגנון מעודן 230 מ""ל 1.6% יוטבתה",האי נאם סי או אל.טי.,AT,משקה קפה קר בסגנון מ,מיליליטרים,230.00,"100 מ""ל",false,,7.50,0.0326,true,1,113092
7290110563462,false,חלב 2% דל לקטוז בבקבוק יטבתה 1 ליטר.,מחלבת יטבתה,IL,חלב נטול לקטוז 2%,ליטרים,1.00,ליטר,false,,8.00,8.0000,false,1,113629
7290110564339,false,חומוס אחלה הסידרה המובחר 30% טחינה 400 גר',מיוצר עי קונדיטוריית,IL,חומוס אחלה עשיר 30%,גרמים,400.00,100 גרם,false,,12.90,0.0323,true,1,108561
7290110564360,false,חומוס אחלה הסידרה המובחר 40% טחינה 400 גר',מיוצר עי קונדיטוריית,IL,חומוס אחלה שיר 40% ט,גרמים,400.00,100 גרם,false,,12.90,0.0323,true,1,108562
7290110564414,false,חומוס אחלה הסידרה המובחר 30% טחינה 600 גר',מיוצר עי קונדיטוריית,IL,חומוס אחלה עשיר 30%,גרמים,600.00,100 גרם,false,,14.90,0.0248,true,1,108565
7290110564742,false,"משקה קפה קר בסגנון חזק 230 מ""ל 1.2% יוטבתה",האי נאם סי או אל.טי.,AT,משקה קפה קר בסגנון ח,מיליליטרים,230.00,"100 מ""ל",false,,7.50,0.0326,true,1,113093
7290110564919,false,דנונה מעודן ללא סוכר החזרות 150 גר,מיוצר עי קונדיטוריית,IL,דנונה מתיקות מעודנת,גרמים,150.00,100 גרם,false,,3.60,0.0240,false,1,117738
7290110565435,false,"לימבו ג'לי פטל 125 גרם חלבי ""שטראוס""","שטראוס גרופ בע""\מ",IL,לימבו פטל חלבי,גרמים,125.00,100 גרם,false,,2.00,0.0160,true,1,108008
7290110565527,false,יוגורט PRO פרו 1.5% 20 גרם חלבון בגביע,"שטראוס בריאות בע""מ",IL,דנונה פרו 20 גר חלב,גרמים,200.00,100 גרם,false,,5.90,0.0295,false,1,107397
7290110565572,false,מארז קפה טורקי עלית לדרך עם הל 168 גרם,שטראוס קפה בי.וי.,IL,מארז טורקי לדרך עם ה,גרמים,168.00,100 גרם,false,,19.90,0.1185,false,1,115388
7290110566623,false,קפסולות קולומביה עלית 08 למכונת נספרסו מארז 5X10ג',שטראוס קפה בי.וי.,IL,קפסולות קפה קולומביה,גרמים,50.00,100 גרם,false,,16.90,0.3380,false,1,110535
7290110566975,false,דנונה פרו יוגורט 0% תות עשיר בחלבון 200ג',"שטראוס בריאות בע""\מ",IL,דנונה פרו תות 20 גר,גרמים,200.00,100 גרם,false,,5.90,0.0295,false,1,109251
7290110567057,false,צנצנת מסטיק מאסט קוביות מנטה חזקה 66 ג' עלית,אסקום קונפקשיין,DE,בוקסי מנטה אקליפטוס,גרמים,64.00,100 גרם,false,,9.90,0.1547,true,1,111981
7290110568238,false,"קצפת צמחית 21% שומן 250 מ""ל יוטבתה",מחלבת יטבתה,IL,קצפת צמחית יטבתה,גרמים,250.00,100 גרם,false,,7.90,0.0316,false,1,110589
7290110568276,false,משקה וניל פרו Pro מועשר בחלבון 1.5%,מחלבת יטבתה,DE,משקה יטבתה פרו וניל,גרמים,350.00,100 גרם,false,,6.30,0.0180,true,1,110204
7290110568627,false,עלית - פסק זמן רול שוקולד חלב עם קרם אגוזים 26 גרם,שולן צ'\יקולטה גידה סאן.,TR,פסק זמן רול שוקולד ח,גרמים,28.00,100 גרם,false,,4.00,0.1429,false,1,112244
7290110570125,false,"משקה קפה קר בטעם אייריש קרים230 מ""ל יוטבתה",אנסטל מילק kg,AT,קפה קר בטעם אייריש ק,מיליליטרים,230.00,"100 מ""ל",false,,7.50,0.0326,true,1,190757
7290110570224,false,"משקה קפה קר בטעם עוגיות יטבתה 230 מ""ל",אנסטל מילק kg,AT,משקה קפה קר בטעם עוג,מיליליטרים,230.00,"100 מ""ל",false,,7.50,0.0326,true,1,189825
7290110571184,false,עדשים חומות 380 גר שטראוס טעם הטבע,קונסרב איטליה,IT,עדשים חומות טעם הטבע,גרמים,380.00,100 גרם,false,,6.50,0.0171,true,1,189842
7290110571375,false,"אנרג'י מיקס תערובת צימוקים, תמרים, טופי ושברי פקאן",אנרג'י Energy - שטראוס,GB,אנרג'י צימוקים תמרים,גרמים,100.00,100 גרם,false,,14.90,0.1490,true,1,189837
7290110571382,false,מעדן חלב בטעם וניל מעושר בחלבון 150 ג' שטראוס,"שטראוס בריאות בע""\מ",IL,מעדן חלב בטעם וניל מ,גרמים,150.00,100 גרם,false,,4.90,0.0327,true,1,187952
7290110571405,false,עלית - מיני פינוקיות בגביע פסק זמן 180 גרם,"הגביע מוצרי ופלים בע""\מ",IL,מיני פינוקיות בגביע,גרמים,180.00,100 גרם,false,,11.50,0.0639,true,1,190725
7290110571412,false,מיני פינוקיות - פאדג' שוקולד בגביע 180 גרם,"הגביע מוצרי ופלים בע""\מ",IL,מיני פינוקיות בגביע,גרמים,180.00,100 גרם,false,,11.50,0.0639,true,1,190735
7290110571474,false,רבע לשבע טבעוני פופקורן עלית 125 גרם,"הגביע מוצרי וופלים בע""\מ",IL,רבע לשבע טבעוני פופק,גרמים,125.00,100 גרם,false,,12.00,0.0960,false,1,189566
7290110572129,false,כיף כף מקלות שוקולד לבן 40 ג' עלית,סולן בעבור שטראוס,TR,כיף כף מקלות שוקולד,גרמים,40.00,100 גרם,false,,5.20,0.1300,true,1,190727
7290110572884,false,"קפסולות קפה מספר 20 למכונת אספרס אספרסו, 50 גרם",שטראוס קפה בי.וי.,IL,קפסולות קפה חזק ועוצ,גרמים,50.00,100 גרם,false,,16.90,0.3380,false,1,190728
7290110572969,false,כיף כף פצפצים עקרם לבן 40ג' עלית,שולן צ'\יקולטה גידה סאן.,TR,כיף כף פצפצים קרם לב,גרמים,40.00,100 גרם,false,,5.20,0.1300,true,1,189838
7290110572976,false,כיף כף פצפצים בגביע במילוי קרם בטעם שוקולד לבן,שולן צ'יקולטה גידה ס,TR,כיף כף פצפצים קרם לב,גרמים,135.00,100 גרם,false,,10.90,0.0807,true,1,189839
7290110574413,false,עלית - פופקורן בטעם טעמי 70 גרם,סראנו בעבור שטראוס,קפריסין,פופקורן בטעם טעמי,גרמים,70.00,100 גרם,false,,6.90,0.0986,false,1,190740
7290110574420,false,עלית - פופקורן בטעם פסק זמן 70 גרם,סראנו בעבור שטראוס,קפריסין,פופקורן בטעם פסק זמן,גרמים,70.00,100 גרם,false,,6.90,0.0986,false,1,190741
7290110576318,false,מאגדת שלישיית שוקולד אגוז לבן 300 ג' עלית,סמואה,FR,מארז שלישיית אגוז לב,גרמים,300.00,100 גרם,false,,24.90,0.0830,false,1,190147
7290110576356,false,"שוקולד ספלנדיד מריר 64% - חלבי , מפולי קקאו מפרו",קימ'\ס גריפלנן,BE,ספלנדיד שוקולד מריר,גרמים,100.00,100 גרם,false,,8.50,0.0850,true,1,189596
7290110576363,false,"שוקולד ספלנדיד מריר 80% חלבי ,פולי קקאו מאוגנדה",קימ'\ס גריפלנן,BE,ספלנדיד שוקולד מריר,גרמים,100.00,100 גרם,false,,8.50,0.0850,true,1,189597
7290110576370,false,מארז שלישייה שוקולד מריר חלבי עם אגוזי לוז,סמואה,FR,מארז שלישיית אגוז מר,גרמים,300.00,100 גרם,false,,24.90,0.0830,false,1,190148
7290110576752,false,טבלאות שוקולד ספלנדיד מריר 70% 100 ג' עלית,קימ'ס גריפלנן,BE,ספלנדיד מריר 70%,גרמים,100.00,100 גרם,false,,10.90,0.1090,true,1,190732
7290110576776,false,טבלאות שוקולד ספלנדיד מריר 85% 100 ג' עלית,קימ'ס גריפלנן,BE,ספלנדיד מריר 85%,גרמים,100.00,100 גרם,false,,10.90,0.1090,true,1,190733
7290110576790,false,גבינת סקי 3% בטעם מוקה 125 גרם,"שטראוס בריאות בע""\מ",IL,סקי בטעם מוקה,גרמים,125.00,100 גרם,false,,3.70,0.0296,false,1,190758
7290110576851,false,"שמיניית משקה גמדים סלט פירות 108 מ""ל","שטראוס בריאות בע""\מ",IL,גמדים לשתייה שמינייה,מיליליטרים,864.00,"100 מ""ל",false,,20.00,0.0231,true,1,190762
7290110576868,false,רבעיית גמדים סלט פירוט * 100 ג' שטראוס,"שטראוס בריאות בע""\מ",IL,גמדים רביעיית סלט פי,מיליליטרים,400.00,"100 מ""ל",false,,11.10,0.0277,true,1,190763
7290110577230,false,משקה חלב בטעם פיסטוק בבקבוק יטבתה 1 ליטר,שטראוס גרופ,IL,משקה חלב בטעם פיסטוק,ליטרים,1.00,ליטר,false,,11.80,11.8000,false,1,190755
7290110577247,false,"יטבתה משקה חלב-פיסטוק בבקבוק 350 מ""ל",מחלבת יטבתה,IL,משקה חלב בטעם פיסטוק,מיליליטרים,350.00,"100 מ""ל",false,,6.30,0.0180,true,1,190754
7290110577711,false,"משקה שייק חלבון מי גבינה עם אפרסק ומנגו350מ""ל יטבתה",מחלבת יטבתה,IL,שייק חלבון מי גבינה,מיליליטרים,350.00,"100 מ""ל",false,,7.40,0.0211,true,1,190986
7290110577728,false,"משקה שייק חלבון מי גבינה עם פירות יער 350מ""ל יטבתה",מחלבת יטבתה,IL,שייק חלבון מי גבינה,מיליליטרים,350.00,"100 מ""ל",false,,7.40,0.0211,true,1,190987
7290111285288,false,צלחת במבוק 23 סמ ספיידרמן,שמחה זה אנחנו,CN,צלחת במבוק ספיידרמן,יחידה,0.00,יחידה,false,,12.90,0.0000,true,1,114974
7290111285325,false,צלחת במבוק 23 סמ מיני מאוס,שמחה זה אנחנו,CN,צלחת במבוק מיני מאוס,יחידה,0.00,יחידה,false,,12.90,0.0000,true,1,114964
7290111285332,false,צלחת במבוק הלו קיטי '9,,CN,צלחת במבוק הלו קיטי,יחידה,0.00,יחידה,false,,12.90,0.0000,true,1,114965
7290111285356,false,צלחת במבוק 23 סמ סמי הכבאי,שמחה זה אנחנו,CN,צלחת במבוק סמי הכבאי,יחידה,0.00,יחידה,false,,12.90,0.0000,true,1,114971
7290111285370,false,קערה במבוק ספידרמן יח,שמחה זה אנחנו,CN,קערה במבוק ספיידרמן,יחידה,0.00,יחידה,false,,8.90,0.0000,true,1,114985
7290111285400,false,קערה במבוק מיקי מאוס יח,שמחה זה אנחנו,CN,קערה במבוק מיקי מאוס,יחידה,0.00,יחידה,false,,8.90,0.0000,true,1,114979
7290111285431,false,קערה במבוק מפרץ ההרפתקאות בנים,שמחה זה אנחנו,CN,קערה במבוק מפרץ ההרפ,יחידה,0.00,יחידה,false,,8.90,0.0000,true,1,114986
7290111285523,false,כוס במבוק מפרץ ההרפתקאות בנים,שמחה זה אנחנו,CN,כוס במבוק מפרץ ההרפת,יחידה,0.00,יחידה,false,,7.90,0.0000,true,1,114999
7290111285530,false,כוס במבוק סמי הכבאי יח,שמחה זה אנחנו,CN,כוס במבוק סמי הכבאי,יחידה,0.00,יחידה,false,,7.90,0.0000,true,1,115000
7290111340109,false,דיפנד - מגן תחתון לנשים אקטיב 22 יח',קימברלי קלארק,IL,דיפנד מגן תחתון,יחידה,0.00,יחידה,false,,19.90,0.0000,true,1,118038
7290111340178,false,מטליות לחות ניקול לניקוי כללי בניחוח מרכך כביסה 50 יח',חוגלה קימברלי,IL,מטליות ניקוי כללי בר,יחידה,0.00,יחידה,false,,10.90,0.0000,false,1,105759
7290111340185,false,מטליות לחות רצפה ניחוח מרכך כביסה ניקול 10 יחידות,חוגלה קימברלי,IL,מטליות לחות לריצפה נ,יחידה,0.00,יחידה,false,,10.90,0.0000,false,1,105760
7290111340925,false,מטליות לחות ניקול XL לניקוי כללי בניחוח פריחה 40 יח',חוגלה קימברלי,IL,מטליות לחות XL ניקו,יחידה,0.00,יחידה,false,,10.90,0.0000,false,1,108517
7290111340956,false,ניקול מטליות לחות לרצפה בניחוח פריחה לבנה,חוגלה קימברלי,IL,מטליות לחות לניקוי ר,יחידה,0.00,יחידה,false,,10.90,0.0000,false,1,108518
7290111341359,false,רדיד אלומיניום+סכין חיתוך ניקול 60 מטר,"אופל בע""\מ",IL,רדיד אלומיניום 60 מט,יחידה,0.00,יחידה,false,,39.90,0.0000,false,1,110613
7290111341366,false,ניקול מפיות אירוח חד שכבתי 150 יחידות,"משווק ע""י קימברלי קלארק",SK,מפיות אירוח חד שכבתי,יחידה,0.00,יחידה,false,,8.50,0.0000,true,1,110695
7290111341434,false,תחבושות דיפנד נורמל אקטיב לנשים 12 יח,קימברלי קלארק,IL,תחבושות דיפנד נורמל,יחידה,0.00,יחידה,false,,19.90,0.0000,true,1,112759
7290111341496,false,תחבושות דיפנד מיני אקטיב לנשים 14 יח,קימברלי קלארק,IL,תחבושות לבריחת שתן,יחידה,0.00,יחידה,false,,19.90,0.0000,true,1,112707
7290111341540,false,קוטקס אקטיב טמפונים ללא מוליך נורמל 32יח,קימברלי קלארק צ'כיה,CZ,טמפונים קוטקס אקטיב,יחידה,0.00,יחידה,false,,22.90,0.0000,true,1,114918
7290111341557,false,קוטקס אקטיב טמפונים ללא מוליך סופר 32יח,קימברלי קלארק צ'כיה,CZ,טמפונים קוטקס אקטיב,יחידה,0.00,יחידה,false,,22.90,0.0000,true,1,114919
7290111341816,false,נייר אפייה בגליל עם סיכון חיתוך,אופל,IL,נייר אפיה עם מתקן לח,יחידה,0.00,יחידה,false,,21.90,0.0000,false,1,113365
7290111341984,false,לילי - מגבוני נייר טואלט לח פיור רביעייה,קימברלי,IL,מארז רביעיה לילי לח,יחידה,0.00,יחידה,false,,21.90,0.0000,true,1,115918
7290111341991,false,מגבוני טואלט לח סופרים לילי 48 יח',חוגלה קימברלי,IL,לילי ספא בודד 48 יח,יחידה,0.00,יחידה,false,,8.90,0.0000,true,1,116375
7290111342004,false,נייר טואלט לילי לח קידס 56 דפים,חוגלה קימברלי,IL,לילי לח מגבונים בודד,יחידה,0.00,יחידה,false,,8.90,0.0000,true,1,114773
7290111342042,false,ניקול כריות יפניות אנטיבקטריאלי 4 יחידות,פלסטו פוליש,IL,כריות יפניות אנטיבקט,יחידה,0.00,יחידה,false,,10.90,0.0000,true,1,118145
7290111342059,false,50 מטליות מיקרופייבר לשטחים אנטיבקטריאלי ניקול,ניקול,IL,מטליות לחות אנטיבקטר,יחידה,0.00,יחידה,false,,10.90,0.0000,true,1,118175
7290111342073,false,מטליות מקרופייבר למשטחים אנטיבקטריאלי ניקול,ניקול,IL,מיקרופייבר מטלית אנט,יחידה,0.00,יחידה,false,,12.90,0.0000,true,1,118466
7290111342523,false,מפיות אירוח לשימוש יומיומי ניקול 100 יח,חוגלה קימברלי,IL,מפיות אירוח ניקול,יחידה,0.00,יחידה,false,,6.90,0.0000,true,1,117802
7290111342738,false,לילי - מגבוני נייר טואלט לח קידס רביעייה,לילי נייר טואלט חוגלה,IL,לילי לח קידס מארז רב,יחידה,0.00,יחידה,false,,21.90,0.0000,true,1,117971
7290111343117,false,"קלינקס לושן סופט פק זוגות 140 דף ""חדש""",קימברלי קלארק,IL,קלינקס לושן אריזת ני,יחידה,0.00,יחידה,false,,13.90,0.0000,false,1,122287
7290111343483,false,קוטקס יאנג נייט תחבושות עם כנפיים 20 יח,חוגלה,CZ,תחבושות קוטקס נייט,יחידה,0.00,יחידה,false,,17.90,0.0000,true,1,188205
7290111343841,false,ספוגית הקסם נירוסטה - מארז 3 יחידות,ניקול,IL,ספוגית הקסם נירוסטה,יחידה,0.00,יחידה,false,,11.50,0.0000,true,1,121755
7290111343858,false,ניקול מטליות לחות לרצפה אנטיבקרטריאלי 10 יחידות,עלבד משואות יצחק,IL,מטליות לחות לריצפה א,יחידה,0.00,יחידה,false,,10.90,0.0000,false,1,120550
7290111344138,false,"מטליות ניקול רב""ש אנטיבקטריאליות 6 יח",נ.אורים,IL,מטליות רב שימושיות א,יחידה,0.00,יחידה,false,,10.90,0.0000,true,1,120168
7290111344145,false,ניקול זוג מטליות מיקרופייבר אנטיבקטריאליות לרצפה,ניקול,CN,מטלית ריצפה אנטיבקטר,יחידה,0.00,יחידה,false,,21.90,0.0000,true,1,121535
7290111344206,false,-מגבונים לחים לעור רגיש ללא בישום האגיס 4*64 יחידות,חוגלה קימברלי,IL,מגבוני האגיס נטורל ק,יחידה,0.00,יחידה,false,,19.90,0.0000,false,1,186523
7290111344459,false,קוטוקס תחבושות נייט אקסטרא לונג 20 יח',חוגלה קימברלי,CN,תחבושות נייט אקסטרא,יחידה,0.00,יחידה,false,,17.90,0.0000,true,1,125130
7290111344503,false,חיתולי האגיס אקסטרה קייר מידה +4 36 יח',חוגלה קימברלי,IL,האגיס אקסטרא קייר 4,יחידה,0.00,יחידה,false,,49.90,0.0000,false,1,125154
7290111344510,false,נייר אפייה ניקול בשקית 100 יח,אופל,IL,ניירות אפיה נשלפים א,יחידה,0.00,יחידה,false,,23.90,0.0000,true,1,124670
7290111344527,false,ניקול שקיות אשפה XXL לפחים ענקיים 20 יחי,קימברלי קלארק,IL,שקיות אשפה לפח ענק X,יחידה,0.00,יחידה,false,,24.90,0.0000,true,1,123695
7290111344565,false,ניקול שקיות זיפר מארז משולב מידות,taizhou inter packin,CN,שקיות ניקול דאבל זי,יחידה,0.00,יחידה,false,,12.90,0.0000,true,1,189826
7290111344572,false,ניקול שקיות אשפה עם ידיות 25 יח',ניקול,TR,שקיות אשפה עם ידיות,יחידה,0.00,יחידה,false,,19.90,0.0000,true,1,187102
7290111344619,false,"ניקול מטליות לחות לניקוי סביבת התינוק צעצועים, 50 יחידות",עלבד משואות יצחק,IL,ניקול מטליות לחות לנ,יחידה,0.00,יחידה,false,,13.90,0.0000,true,1,126235
7290111344626,false,מגבות מטבח אנטיבקריאליות,,IL,מגבות מטבח אנטיבקטרי,יחידה,0.00,יחידה,false,,19.90,0.0000,true,1,189932
7290111344701,false,ניקול שקיות אוכל סנדויצון מניונים 250 יחידות,חוגלה קימברלי,IL,ניקול סנדוויצ'ון מהד,יחידה,0.00,יחידה,false,,14.90,0.0000,false,1,189931
7290111344732,false,קלינקס - טיישו אלרג'י קומפורט ניילון זוגות 140 דף,קימברלי קלארק,IL,קלינקס אלרג'י קומפור,יחידה,0.00,יחידה,false,,13.90,0.0000,true,1,125129
7290111344824,false,מגן תחתון קוטקס אקסטרא אנטיבקטריאלי לארג',חוגלה,CN,מגן תחתון קוטקס אנטי,יחידה,0.00,יחידה,false,,17.90,0.0000,true,1,187105
7290111344831,false,קוטקס - מגיני יום אקסטרא פרוטקט נורמל ביג 60 יח',חוגלה קימברלי,CN,מגן תחתון קוטקס אקסט,יחידה,0.00,יחידה,false,,17.90,0.0000,true,1,187103
7290111344879,false,קוטקס מגיני תחתון 2IN1 מחזור+שתן 44 יחיד,חוגלה,CN,מגן תחתון קוטקס 2 ב-,יחידה,0.00,יחידה,false,,17.90,0.0000,true,1,187106
7290111344916,false,ניקול שישיית כריות יפניות אנטיבקטריאליות,חוגלה קימברלי,IL,ניקול כריות יפניות א,יחידה,0.00,יחידה,false,,10.90,0.0000,true,1,125127
7290111344930,false,מטליות לחות לרצפה בניחוח כביסה ארומתרפיה ניקול 10 יח',ניקול,IL,ניקול מטליות לחות לר,יחידה,0.00,יחידה,false,,10.90,0.0000,true,1,186997
7290111344978,false,רדיד אלומיניום עבה 60 מטר ניקול,ניקול,IL,ניקול רדיד אלומיניום,יחידה,0.00,יחידה,false,,39.90,0.0000,true,1,125128
7290111345043,false,ניקול מטליות מיקרופייבר דו צדדית למשטחים,סדובסקי,IL,מטליות מיקרופייבר למ,יחידה,0.00,יחידה,false,,13.90,0.0000,true,1,186981
7290111345050,false,כריות מיקרופייבר ניקול לניקוי עדין,ניקול,CN,כריות ניקול מיקרופיי,יחידה,0.00,יחידה,false,,10.90,0.0000,true,1,186982
7290111345722,false,ניקול שקיות לשמירה על הטריות 5 יחידות,ניקול,TR,שקיות ניקול לשמירת ה,יחידה,0.00,יחידה,false,,14.90,0.0000,false,1,189827
7290111345760,false,תחבושות נטורל דואו סופר 18 יח' קוטקס,קריות זול,CZ,תחבושות קוטקס נטורל,יחידה,0.00,יחידה,false,,17.90,0.0000,true,1,187734
7290111345814,false,נייר טואלט לילי נטורל קר 30 גלילים מהדורה,לילי נייר טואלט חוגלה,IL,נייר טואלט לילי נטור,יחידה,0.00,יחידה,false,,36.90,0.0000,false,1,187263
7290111346088,false,נייר טואלט מולט דו שכבתי 30 גל,חוגלה קימברלי,IL,נייר טואלט מולט 30 ג,יחידה,0.00,יחידה,false,,28.90,0.0000,false,1,189044
7290111346293,false,מגבת נייר ניקול 6 יחידות מהדורה חגיגית,קימברלי קלארק,IL,שישיה נייר מגבת ניקו,יחידה,0.00,יחידה,false,,10.90,0.0000,false,1,188921
7290111346347,false,מגבוני אף אוריגינל סופט חמישיה קלינקס,קימברלי קלארק,IL,טישו קלינקס אורגינל,יחידה,0.00,יחידה,false,,15.90,0.0000,false,1,189766
7290111350030,false,רסק תפוחי עץ טבעי בצנצנת 670 גרם קלית גת,"ג'י אנד ג'י בע""מ",IL,רסק תפוחי עץ טבעי קל,גרמים,670.00,100 גרם,false,,10.90,0.0163,true,1,102956
7290111350672,false,צנצנת דבש קליית גת 700 גרם,חקלאות עין חרוד מאוח,IL,דבש צנצנת 700 גר' קל,גרמים,700.00,100 גרם,false,,32.90,0.0470,true,1,110559
7290111350719,false,חטיף נאצוס הוטפופ בסגנון מסעדות 322 גר,ליימן מותגים,US,נאצ'וס הוטפופ בסגנון,גרמים,322.00,100 גרם,false,,15.90,0.0494,true,1,114068
7290111350726,false,חטיף נאצוס הוטפופ בסגנון מקסיקני 322 גר,ליימן מותגים,US,נאצ'וס בסגנון מקסיקנ,גרמים,322.00,100 גרם,false,,15.90,0.0494,true,1,114069
7290111350740,false,הוט פופ קידס טבעי+מלח 500 ג' +5 גביעים,ליימן מותגים,US,פופקורן הוטפופ אריזת,גרמים,500.00,100 גרם,false,,15.00,0.0300,true,1,112358
7290111351280,false,תערובת אגוזים קלויים ללא מלח 150 גרם קליית גת,קליית גת,IL,תערובת אגוזים קלויים,גרמים,150.00,100 גרם,false,,16.50,0.1100,true,1,112729
7290111352140,false,חמוציות מיובשות ברכז תפוחים קליית גת 150 גרם,קליית גת,IL,חמוציות מיובשות ברכז,גרמים,150.00,100 גרם,false,,11.50,0.0767,true,1,117289
7290111352430,false,ממרח תמרים טבעי קליית גת 440 גרם,"כד בני דרום בע""מ",IL,ממרח תמרים טבעי 440,גרמים,440.00,100 גרם,false,,13.90,0.0316,true,1,118315
7290111352935,false,יוגטה סוכריות טופי ממולאות 600 גרם 3 טעמים,יוגטה yogueta,TR,יוגטה סוכריות טופי מ,גרמים,600.00,100 גרם,false,,14.90,0.0248,true,1,120924
7290111352942,false,יוגטה סוכריות טופי ללא גלוטן 850 ג',יוגטה yogueta,TR,יוגטה סוכריות טופי 8,גרמים,850.00,100 גרם,false,,19.90,0.0234,true,1,185973
7290111352959,false,מקלות חמוצים ממולאים בטעם פירות 80 גר' יוגטה,יוגטה yogueta,TR,מקלות חמוצים סוכריות,גרמים,80.00,100 גרם,false,,8.00,0.1000,true,1,123218
7290111352966,false,יוגטה סוכריות ממולאות בטעם פירות 250 גרם ללא ג'לטין,ליימן שליסל,TR,יוגטה סוכריות ממולאו,גרמים,250.00,100 גרם,false,,7.90,0.0316,true,1,121125
7290111352973,false,יוגוטה קוביות חמוצות ממולאות בטעם פירות,יוגטה yogueta,TR,קוביות חמוצות 220 גר,גרמים,220.00,100 גרם,false,,7.90,0.0359,true,1,122788
7290111353062,false,סוכריות גומי דובונים 800 גרם יוגטה,טופ גאם,IL,סוכריות גומי דובונים,גרמים,800.00,100 גרם,false,,20.00,0.0250,true,1,122939
7290111353116,false,סוכריות גומי נחשים מבריק 800 גרם יוגטה.,ליימן מותגים,TR,סוכריות גומי נחשים 8,גרמים,800.00,100 גרם,false,,20.00,0.0250,true,1,123590
7290111353246,false,סוכריות גומי יין 800 גרם יוגטה,יוגטה,,סוכריות גומי יין 800,גרמים,800.00,100 גרם,false,,20.00,0.0250,true,1,122940
7290111353376,false,מארז 100 סוכריות מנטוס שמחות בטעם מנטה 250 גרם,פרפטי ואן מלה ברדה,NL,סוכריות מנטוס שמחות,גרמים,250.00,100 גרם,false,,12.90,0.0516,true,1,122504
7290111353383,false,מארז 100 סוכריות מנטוס שמחות בטעם תות 250 גרם,פרפטי ואן מלה ברדה,NL,סוכריות מנטוס שמחות,גרמים,250.00,100 גרם,false,,12.90,0.0516,true,1,122505
7290111353680,false,גרעיני חמניה קליית גת 350 גרם,קליית גת,,גרעיני חמנייה 350 גר,גרמים,350.00,100 גרם,false,,11.50,0.0329,true,1,124424
7290111563492,false,סלטי צבר מטבוחה חריפה מרובע 6*400גרם,סלטי צבר,IL,סלטי צבר מטבוחה חרי,גרמים,400.00,100 גרם,false,,11.90,0.0298,true,1,109382
7290111564239,false,שלגוני קראנץ' Crunch בטעם וניל - 5 יח',גלידות נסטלה )נגה גלידות,IL,מאגדת שלגונים מיני ק,גרמים,275.00,100 גרם,false,,27.50,0.1000,true,1,108216
7290111564277,false,פריכיות דקות ונימוחות 3 דגנים פיטנס Fitness,פרח תעשיות בעמ,IL,פיטנס פריכיות 3 דגני,גרמים,120.00,100 גרם,false,,10.90,0.0908,true,1,106039
7290111564291,false,פריכיות דקות ונימוחות 3 דגנים וקינואה פיטנס Fitness,פרח תעשיות בעמ,IL,פיטנס פריכיות דקות ע,גרמים,120.00,100 גרם,false,,10.90,0.0908,true,1,106040
7290111564666,false,כדורי בשר צמחוניים עם המון חלבון,עיצובים 2020 (4.8),IL,טבעול כדורי בשר מהצו,גרמים,500.00,100 גרם,false,,31.00,0.0620,true,1,108143
7290111564727,false,עוגיות אסם קרמוגית וקרם אגוזים אסם 200ג',מיוצר עי קונדיטוריית,IL,קרמוגית במילוי אגוזי,גרמים,200.00,100 גרם,false,,11.50,0.0575,true,1,107847
7290111564956,false,"ביסלי במבה מיקס 200 גרם ""אסם""",פרו מן יו פתרונות אריזה,IL,חטיף ביסלי במבה 200,גרמים,200.00,100 גרם,false,,9.70,0.0485,false,1,109426
7290111565038,false,"לה קרמריה וניל קוקילידה בד""צ 1.4 ל'",גלידות נסטלה )נגה גלידות,IL,גלידת קרמריה וניל קו,יחידה,0.00,יחידה,false,,22.90,0.0000,false,1,109570
7290111566103,false,טבעול פלאפל מרכיבים ביתיים בלבד 590 גרם,עיצובים 2020 (4.8),IL,טבעול פלאפל מרכיבים,גרמים,590.00,100 גרם,false,,31.00,0.0525,true,1,108705
7290111566127,false,מעדן אוראו קפוא בטעם וניל עם עוגיות בטעם שוקולד,ג'נרל מילס סאן אדריא,IT,מאגדת שלגונים אוראו,גרמים,198.00,100 גרם,false,,21.90,0.1106,true,1,108245
7290111566226,false,שניצל ברוקולי טבעול 667 גרם,עיצובים 2020 (4.8),IL,שניצל ברוקולי 664 גר,גרמים,664.00,100 גרם,false,,31.00,0.0467,true,1,108706
7290111566240,false,שניצל דק מן הצומח בטעם צ'ילי חריף 700 גרם,עיצובים 2020 (4.8),IL,שניצל דק בטעם צ'ילי,גרמים,564.00,100 גרם,false,,31.00,0.0550,true,1,108717
7290111566271,false,חטיפי תירס טבעול 657 גרם,עיצובים 2020 (4.8),IL,טבעול חטיפי תירס 657,גרמים,657.00,100 גרם,false,,28.90,0.0440,false,1,108232
7290111566318,false,שניצל דק מן הצומח בטעם ביתי 700 גרם,עיצובים 2020 (4.8),IL,טבעול שניצל דק מהצומ,גרמים,564.00,100 גרם,false,,31.00,0.0550,true,1,108857
7290111566332,false,"נקניקיות וינר מן הצומח 680 גרם ""טבעול""",עיצובים 2020 (4.8),IL,טבעול נקנקיות וינר צ,גרמים,680.00,100 גרם,false,,31.00,0.0456,true,1,108140
7290111566417,false,טבעול טחון מן הצומח משופר 400 גרם,עיצובים 2020 (4.8),IL,טבעול טחון צמחוני,גרמים,500.00,100 גרם,false,,29.90,0.0598,false,1,109073
7290111566547,false,טבעול חזה בגריל צמחוני 99 קלוריות 560ג',עיצובים 2020 (4.8),IL,חזה בגריל צמחוני טבע,גרמים,560.00,100 גרם,false,,31.00,0.0554,true,1,108433
7290111566561,false,"שניצל ברוקולי 99 קלוריות 560 גר' ""טבעול""",עיצובים 2020 (4.8),IL,טבעול שניצל ברוקולי,גרמים,560.00,100 גרם,false,,31.00,0.0554,true,1,108434
7290111566585,false,"שניצל צמחוני 99 קלוריות 650 גר' ""טבעול""",עיצובים 2020 (4.8),IL,טבעול שניצל צמחוני 9,גרמים,650.00,100 גרם,false,,31.00,0.0477,true,1,108435
7290111566660,false,קציצות עדשים כתומות טבעול 530 גרם,עיצובים 2020 (4.8),IL,טבעול קציצות עדשים כ,גרמים,530.00,100 גרם,false,,31.00,0.0585,true,1,109326
7290111566691,false,"שניצל תרד 99 קלוריות 560 גרם ""טבעול""",עיצובים 2020 (4.8),IL,טבעול שניצל תרד 99 ק,מיליליטרים,560.00,"100 מ""ל",false,,31.00,0.0554,true,1,108436
7290111566714,false,טבעול המבורגר צמחוני 99 קלוריות 600 גרם,עיצובים 2020 (4.8),IL,טבעול המבורגר צמחוני,גרמים,600.00,100 גרם,false,,31.00,0.0517,true,1,108437
7290111566752,false,טבעול שניצל תירס 99 קלוריות 693 גרם,עיצובים 2020 (4.8),IL,טבעול שניצל תירס 99,גרמים,693.00,100 גרם,false,,31.00,0.0447,true,1,108438
7290111566776,false,"נקניקיות קוקטייל מן הצומח 680 גרם ""טבעול""",עיצובים 2020 (4.8),IL,טבעול נקנקיות קוקטיי,גרמים,680.00,100 גרם,false,,31.00,0.0456,true,1,108141
7290111568206,false,"מיקס ביסלי, אפרופו ופיצוחים מתובלים",פרו מן יו פתרונות אר,IL,ביסלי פארטי מיקס,גרמים,150.00,100 גרם,false,,9.00,0.0600,false,1,109846
7290111568275,false,אטריות נודלס אורז רחבות אסם אסייתי 300גרם,תאי פרזידנט,TH,נודלס אטריות אורז רח,גרמים,300.00,100 גרם,false,,9.90,0.0330,true,1,109928
7290111568299,false,אטריות נודלס עם תרד אסם אסייתי 300 גר',זארה,IT,נודלס איטריות עם תרד,גרמים,300.00,100 גרם,false,,9.90,0.0330,true,1,110502
7290111568466,false,רוטב אסייתי למוקפץ הסדרה האסייתית,אסיף תעשיות מזון בעמ,IL,רוטב אסייתי למוקפץ 2,מיליליטרים,290.00,"100 מ""ל",false,,13.90,0.0479,true,1,110003
7290111568961,false,בייגלה טבעות מלח אסם 400 גרם,אסם,IL,בייגלה טבעות מלח אסם,גרמים,400.00,100 גרם,false,,11.00,0.0275,true,1,110374
7290111871863,false,צלחת במבוק מפרץ הרפתקאות,,CN,צלחת במבוק מפרץ ההרפ,יחידה,0.00,יחידה,false,,12.90,0.0000,true,1,114972
7290111871870,false,קערה במבוק מפרץ ההרפתקאות בנות,,CN,קערה במבוק מפרץ ההרפ,יחידה,0.00,יחידה,false,,8.90,0.0000,true,1,114982
7290111873607,false,כוס במבוק כח פי ג'יי יח,,CN,כוס במבוק כח פי ג'יי,יחידה,0.00,יחידה,false,,7.90,0.0000,true,1,115003
7290111873621,false,צלחת במבוק כח פי ג'יי '9,,CN,צלחת במבוק כח פי גיי,יחידה,0.00,יחידה,false,,12.90,0.0000,true,1,114967
7290111930898,false,חטיף פוף כוכבים גריל אמריקאי 40 גרם,פוף POOF,IL,פוף כוכבים גריל אמרי,יחידה,0.00,יחידה,false,,3.90,0.0000,true,1,107376
7290111930904,false,חטיף פוף כוכבים בצל 40 גרם,פוף POOF,IL,פוף כוכבים 40 גרם,יחידה,0.00,יחידה,false,,3.90,0.0000,true,1,107374
7290111930911,false,חטיף פוף לבבות קלאסי 40 גרם,פוף POOF,IL,פוף לבבות קלאסי 40 ג,יחידה,0.00,יחידה,false,,3.90,0.0000,true,1,107375
7290111930928,false,חטיף פוף לבבות גריל 40 גרם,פוף POOF,IL,פוף כוכבים גריל 40 ג,יחידה,0.00,יחידה,false,,3.90,0.0000,true,1,107377
7290111930935,false,חטיף פוף טבעות קלאסי 40 גרם,פוף POOF,IL,פוף טבעות קלאסי 40 ג,יחידה,0.00,יחידה,false,,3.90,0.0000,true,1,107378
7290111931321,false,"קולגייט משחת שיניים ילדים 6+ מיניונים 50 מ""ל",קולגייט- פלמוליב,PL,קולגייט משחת שיניים,מיליליטרים,50.00,"100 מ""ל",false,,10.90,0.2180,true,1,110606
7290111932502,false,"משחת שיניים קולגייט אופטיק וייט אקספרט וויט 75 מ""ל",קולגייט Colgate,MX,קולגייט משחת אופטיק,מיליליטרים,75.00,"100 מ""ל",false,,25.90,0.3453,true,1,111306
7290111933462,false,"רוטב צ'ילי מתוק מאסטר שף 300 מ""ל","סיטי פוד בע""מ",TH,רוטב צ'ילי מתוק מאסט,מיליליטרים,300.00,"100 מ""ל",false,,7.90,0.0263,true,1,109328
7290111933561,false,מאסטר שף תערובת ציפוי נגטס 250 גרם,טסט וסנט קו.לטד,TH,תערובת ציפוי נאגטס,גרמים,250.00,100 גרם,false,,7.90,0.0316,true,1,115323
7290111936296,false,"פלמוליב סבון נוזלי בניחוח סנסיישן מסאז' ,750 מ""ל",קולגייט פלמוליב,TR,פלמוליב ארומה סנסייש,מיליליטרים,750.00,"100 מ""ל",false,,19.90,0.0265,true,1,114322
7290111938481,false,"רוטב סויה בהירה מאסטר שף 300 מ""ל",מאסטר שף,TH,מאסטר שף רוטב סויה ב,מיליליטרים,300.00,"100 מ""ל",false,,8.90,0.0297,true,1,119071
7290111938498,false,"מנה אסייאתי רוטב סויה בהירה 700 מ""ל מ.שף",קי.אר.אס. ספייסי פוד,TH,מאסטר שף רוטב סויה ב,מיליליטרים,700.00,"100 מ""ל",false,,12.90,0.0184,true,1,118141
7290111939174,false,קוקי ניילון נצמד עם גומי מידה לארג,קוקי,CN,קוקי ניילון נצמד עם,יחידה,0.00,יחידה,false,,9.90,0.0000,true,1,118072
7290111939181,false,קוקי כיסוי ניילון עם גומי מיקס מידות,שסטוביץ,CN,קוקי ניילון נצמד עם,יחידה,0.00,יחידה,false,,9.90,0.0000,true,1,118073
7290112000392,false,מנקה ומחטא עוצמתי לחדר האמבטיה ללא אקונומיקה,רקיט בנקיזר,PL,דטול תרסיס לאמבטיה 7,יחידה,0.00,יחידה,false,,14.90,0.0000,true,1,111458
7290112000408,false,מנקה ומחטא עוצמתי לניקוי כללי בניחוח לימון,רקיט בנקיזר,US,דטול תרסיס לניקוי כל,מיליליטרים,750.00,"100 מ""ל",false,,14.90,0.0199,true,1,111459
7290112000736,false,פיניש טבליות aio 80 יח אריזת חסכון,רקיט בנקיזר,PL,פיניש 80 טבליות,יחידה,0.00,יחידה,false,,54.90,0.0000,true,1,110231
7290112000798,false,"דיטול תרסיסי חיטוי וניקוי אנטי בקטריאלי 750 מ""ל",רקיט בנקיזר,US,דטול תרסיס חיטוי וני,יחידה,0.00,יחידה,false,,14.90,0.0000,true,1,111460
7290112001023,false,"אירוויק ספרי אוטמטי מילוי תענוגות האביב 250 מ""ל","יצרן המכשיר: זובלה, שנזן",HU,אירוויק מילוי אוטומט,יחידה,0.00,יחידה,false,,14.90,0.0000,true,1,111888
7290112001030,false,"אירוויק ספרי אוטמטי מילוי פריחת הדובדבן 250 מ""ל","יצרן המכשיר: זובלה, שנזן",HU,איירוויק מילוי אוטומ,יחידה,0.00,יחידה,false,,14.90,0.0000,true,1,111831
7290112001436,false,"פיניש מנקה מדיח כלים בניחוח לימון 250 מ""ל",רקיט בנקיזר,PL,פיניש מנקה מדיח בניח,יחידה,0.00,יחידה,false,,14.90,0.0000,true,1,117772
7290112001900,false,פיניש ג'ל למדיח אקולוגי 1 ליטר,רקיט בנקיזר,FR,פיניש ג'ל 1 ליטר אקו,ליטרים,1.00,ליטר,false,,42.90,42.9000,true,1,116620
7290112002129,false,ג'ל כביסה מרוכז קולון 101 בניחוח פריחה מרענן,רקיט בנקיזר,IL,קולון ג'ל כביסה 2.5,ליטרים,2.50,ליטר,false,,24.90,9.9600,true,1,116509
7290112002136,false,ג'ל כביסה מרוכז קולון 101 קלאסי,רקיט בנקיזר,IL,קולון ג'ל כביסה 4 לי,ליטרים,4.00,ליטר,false,,34.90,8.7250,true,1,116502
7290112002143,false,ג'ל כביסה מרוכז קולון 101 בניחוח לילך,רקיט בנקיזר,IL,קולון ג'ל כביסה 4 לי,ליטרים,4.00,ליטר,false,,34.90,8.7250,true,1,116503
7290112002150,false,ג'ל כביסה מרוכז קולון 101 בניחוח ורדים,רקיט בנקיזר,IL,קולון ג'ל כביסה 4 לי,ליטרים,4.00,ליטר,false,,34.90,8.7250,true,1,116500
7290112002181,false,אירוויק ג'ל מוצק בניחוח ורדים,רקיט בנקיזר,CN,איירוויק ג'ל מוצק בנ,גרמים,180.00,100 גרם,false,,14.90,0.0828,true,1,116616
7290112002983,false,"סיליט באנג ניקוי כללי רכיבים טבעיים 750 מ""ל",רקיט בנקיזר,PL,סיליט באנג ניקוי כלל,מיליליטרים,750.00,"100 מ""ל",false,,16.90,0.0225,true,1,120629
7290112003256,false,אבקת כביסה קולון 101 בניחוח לבנדר,זוהר דליה,IL,קולון אבקת כביסה לבנ,קילוגרמים,1.25,"ק""ג",false,,11.90,9.5200,false,1,120829
7290112003263,false,קולון אבקת כביסה מאס,זוהר דליה,IL,קולון אבקת כביסה מאס,קילוגרמים,1.25,"ק""ג",false,,11.90,9.5200,false,1,120830
7290112003959,false,וניש מסיר כתמים אבקה לכביסה צבעונית 470 גרם,רקיט בנקיזר,IT,וניש מסיר כתמים אבקה,גרמים,470.00,100 גרם,false,,16.90,0.0360,true,1,126933
7290112004024,false,ג'ל מסיר כתמים לכביסה לבנה וניש אוקסי אקשן,קליה וניש Kalia Vanish,PL,"וניש גולד ג'ל 940 מ""",מיליליטרים,940.00,"100 מ""ל",false,,19.90,0.0212,true,1,186875
7290112004031,false,ג'ל מסיר כתמים לכביסה צבעונית וניש אוקסי אקשן,קליה וניש Kalia Vanish,PL,"וניש גולד ג'ל 940 מ""",מיליליטרים,940.00,"100 מ""ל",false,,19.90,0.0212,true,1,186876
7290112004109,false,מטליות לחות לניקוי כללי וחיטוי בריח ליים ונענע- מארז,רקיט בנקיזר,PL,דטול מגבונים שלישייה,יחידה,0.00,יחידה,false,,24.90,0.0000,true,1,123180
7290112004413,false,"ספריי וניש קליה להסרת כתמים לבגדים לבנים 750 מ""ל",רקיט בנקיזר,PL,וניש ספריי הסרת כתמי,מיליליטרים,750.00,"100 מ""ל",false,,16.90,0.0225,true,1,188747
7290112004611,false,"וניש קליה ג'ל מרוכז לטיפול נקודתי בכתמים 200 מ""ל",רקיט בנקיזר,PT,ווניש פאואר ג'ל 200,מיליליטרים,200.00,"100 מ""ל",false,,16.90,0.0845,true,1,187740
7290112004963,false,"פיניש אולטימייט קפסולות לניקוי כלים במדיח, 25 יחידות",רקיט בנקיזר,PL,פיניש אולטימייט 25 ט,יחידה,0.00,יחידה,false,,39.90,0.0000,true,1,190041
7290112004970,false,פיניש אולטימייט קוואנטום 50 טבליות למדיח,רקיט בנקיזר,IL,פיניש אולטימייט 50 י,יחידה,0.00,יחידה,false,,54.90,0.0000,true,1,190002
7290112005045,false,וניש תוסף כביסה רב תכליתי לבגדים לבנים,קליה וניש Kalia Vanish,IT,וניש אבקה לכביסה לבנ,גרמים,480.00,100 גרם,false,,16.90,0.0352,true,1,189729
7290112005052,false,וניש תוסף כביסה רב תכליתי לבגדים לבנים,קליה וניש Kalia Vanish,IT,וניש אבקה לכביסה לבנ,גרמים,1500.00,100 גרם,false,,39.90,0.0266,true,1,189653
7290112005076,false,אבקה להסרת כתמים לכביסה צבעונית וניש קליה 480 גרם,קליה וניש Kalia Vanish,IT,וניש אבקה לכביסה צבע,גרמים,480.00,100 גרם,false,,16.90,0.0352,true,1,189730
7290112005083,false,וניש תוסף כביסה רב תכליתי לכביסה צבעונית,קליה וניש Kalia Vanish,IT,וניש אבקה לכביסה צבע,גרמים,1500.00,100 גרם,false,,39.90,0.0266,true,1,189728
7290112005168,false,פיניש אולטימייט קוואנטום לימון 60 טבליות למדיח,רקיט בנקיזר,PL,פיניש קוואנטום לימון,יחידה,0.00,יחידה,false,,59.90,0.0000,true,1,189856
7290112192561,false,"משחת שיניים פרודונטקס הגנה מלאה מרעננת הלבנה 75 מ""ל",ג'י.אס.קיי קונסיומר,IE,פרדונטקס משחה הגנה מ,מיליליטרים,75.00,"100 מ""ל",false,,32.90,0.4387,true,1,116718
7290112192578,false,משחת שיניים פרודונטקס אקסטרה פרש הגנה מלאה,ג'י.אס.קיי קונסיומר,IE,פרדונטקס משחת שיניים,מיליליטרים,75.00,"100 מ""ל",false,,32.90,0.4387,true,1,116719
7290112192875,false,"סנסודיין - משחת שיניים רגישות וחניכיים 75 מ""ל",סנסודיין Sensodyne,GB,משחת שיניים סנסודיין,יחידה,0.00,יחידה,false,,32.90,0.0000,true,1,117748
7290112330352,false,"יוגורט PRO בטעם וניל 0% , 20 גרם חלבון בגביע","שטראוס בריאות בע""\מ",IL,דנונה פרו 20 גר וניל,גרמים,200.00,100 גרם,false,,5.90,0.0295,false,1,114449
7290112330390,false,דנונה פרו פירות יער 20 גרם חלבון 0% שומן 200 גרם,"שטראוס בריאות בע""\מ",IL,דנונה פרו 20 גר פירו,גרמים,200.00,100 גרם,false,,5.90,0.0295,false,1,114446
7290112330420,false,דנונה פרו לבן 2.9% שומן 150 גרם,מיוצר עי קונדיטוריית,IL,דנונה פרו לבן 2.9% ש,גרמים,150.00,100 גרם,false,,4.50,0.0300,true,1,113050
7290112332585,false,פריכיות משולש תפוא אורז בתיבול סלק ומלח ים אנרג'י 30 גרם,"פרח תעשיו מזון בע""מ",IL,"פריכיות תפו""א אורז ב",גרמים,30.00,100 גרם,false,,5.50,0.1833,true,1,114614
7290112332691,false,פינוקיות עוגיות קרם פסק זמן אגוזים 200 גרם,"הגביע מוצרי וופלים בע""\מ",IL,עוגיית קרם פסק זמן א,גרמים,200.00,100 גרם,false,,11.50,0.0575,true,1,115384
7290112332875,false,מסטיק מאסט קוביות בטעם מנטה עדינה 86 ג' עלית,אסקום קונפקשיין,DE,מאסט קוביות מנטה עדי,גרמים,86.00,100 גרם,false,,14.90,0.1733,true,1,114488
7290112334305,false,סלט כרובית בטחינה אחלה 330 ג',"שטראוס גרופ בע""\מ",IL,סלט כרובית בטחינה,גרמים,330.00,100 גרם,false,,15.00,0.0455,true,1,112558
7290112334596,false,שוקולית 935 גר עלית,שטראוס קפה בי.וי.,IL,שוקולית 935 גר עלית,גרמים,935.00,100 גרם,false,,16.90,0.0181,false,1,114637
7290112335487,false,הפריכיות הטעימות קצח ודגנים אנרג'י 135 גרם,אנרג'י Energy - שטראוס,IL,הפריכיות הטעימות קצח,גרמים,135.00,100 גרם,false,,12.90,0.0956,true,1,114483
7290112335500,false,"פרכיות אנרג'י חומוס,אורז,עדשים שחורות וקינואה 135 גרם","פרח תעשיות מזון בע""\מ",IL,הפריכיות הטעימות חלב,גרמים,135.00,100 גרם,false,,12.90,0.0956,true,1,114485
7290112336637,false,סוכריות מאסט Must ללא סוכר יוגורט תות ואוכניות,שטראוס גרופ,PL,סוכריות יוגורט תות א,גרמים,80.00,100 גרם,false,,8.50,0.1063,false,1,116329
7290112336644,false,סוכריות מאסט ללא סוכר לימון 80 ג' עלית,שטראוס גרופ,PL,סוכריות לימון ללא סו,גרמים,80.00,100 גרם,false,,8.50,0.1063,false,1,116330
7290112336651,false,סוכריות מאסט ללא סוכר ריבת חלב 80 ג' עלית,שטראוס גרופ,PL,סוכריות ריבת חלב ללא,גרמים,80.00,100 גרם,false,,8.50,0.1063,false,1,116331
7290112336712,false,יוגורט PRO לבן 0% 21 גרם חלבון בגביע,"שטראוס בריאות בע""מ",IL,דנונה פרו 21 0%,גרמים,200.00,100 גרם,false,,5.90,0.0295,false,1,113504
7290112337474,false,סוכריות מאסט ללא סוכר פטל לימון 80 ג' עלית,שטראוס גרופ,PL,סוכריות פטל לימון לל,גרמים,80.00,100 גרם,false,,8.50,0.1063,false,1,116332
7290112337481,false,סוכריות מאסט ללא סוכר קפצ''ינו 80 ג' עלית,שטראוס גרופ,PL,סוכריות קפוצ'ינו ללא,גרמים,80.00,100 גרם,false,,8.50,0.1063,false,1,116333
7290112338877,false,מעדן גבינה בטעם תות 3% 125ג' סקי,"שטראוס בריאות בע""\מ",IL,סקי תות,גרמים,125.00,100 גרם,false,,3.70,0.0296,false,1,112545
7290112339171,false,מילקי מוס עם שוקולד וקצפת,מיוצר עי קונדיטוריית,IL,מילקי מוס,גרמים,81.00,100 גרם,false,,3.30,0.0407,false,1,112554
7290112339362,false,דנונה לייט אנד פריי בטעם קפוצ'ינו 150 גרם,"שטראוס בריאות בע""\מ",IL,דנונה לייט אנד פריי,גרמים,150.00,100 גרם,false,,4.60,0.0307,true,1,116809
7290112339867,false,גמדים לדרך גבינה לבנה עם מחית תות,"שטראוס בריאות בע""\מ",IL,גמדים סקוויז בודד תו,גרמים,100.00,100 גרם,false,,5.70,0.0570,true,1,113083
7290112339874,false,גמדים לדרך גבינה לבנה עם מחיות תות ובננה,"שטראוס בריאות בע""\מ",IL,גמדים סקוויז בודד תו,גרמים,100.00,100 גרם,false,,5.70,0.0570,true,1,113084
7290112340122,false,הפריכיות הטעימות 3 דגנים אנרג'י 135 גרם,"פרח תעשיות מזון בע""\מ",IL,הפריכיות הטעימות 3 ד,גרמים,135.00,100 גרם,false,,12.90,0.0956,true,1,114487
7290112340245,false,צנצנת מסטיק מאסט בטעם דובדבן 66 ג' עלית,"שטראוס גרופ בע""\מ",IL,צנצנת מאסט בטעם דובד,גרמים,66.00,100 גרם,false,,9.90,0.1500,true,1,113971
7290112340252,false,צנצנת מסטיק מאסט בטעם אבטיח מלון 66 ג' עלית,"שטראוס גרופ בע""\מ",IL,צנצנת מאסט בטעם אבטי,גרמים,66.00,100 גרם,false,,9.90,0.1500,true,1,113972
7290112340276,false,פינוקיות עוגיות קרם קפה 200 גרם,"הגביע מוצרי וופלים בע""\מ",IL,עוגיות קרם קפה נמס,גרמים,200.00,100 גרם,false,,11.50,0.0575,true,1,115385
7290112340900,false,קפה טורקי האג נטול קפאין 200 גרם,הנסיך- מפעל לייצור ט,IL,קפה טורקי האג,גרמים,200.00,100 גרם,false,,25.90,0.1295,true,1,121509
7290112341556,false,יוגורט אקטיביה עם צ'יה ותות 150 גרם,"שטראוס בריאות בע""\מ",IL,אקטיביה עם צ'יה ותות,גרמים,150.00,100 גרם,false,,4.60,0.0307,true,1,116539
7290112341679,false,דנונה אקטיביה 3% שומן 200 גרם,מיוצר עי קונדיטוריית,IL,אקטיביה 3%,גרמים,200.00,100 גרם,false,,3.80,0.0190,false,1,116312
7290112341686,false,שמינייה יוגורט לבן אקטיביה 3% דנונה 150 גרם.,מיוצר עי קונדיטוריית,IL,מארז אקטיביה 3%,גרמים,1200.00,100 גרם,false,,19.90,0.0166,true,1,116313
7290112342102,false,סימפוניה גבינה במרקם שמנת בצל מקורמל 5%,"שטראוס בריאות בע""\מ",IL,סימפוניה בצל מקורמל,גרמים,200.00,100 גרם,false,,11.20,0.0560,true,1,117737
7290112342515,false,דוריטוס צ'יזי טוויסט 55 גרם,STRAUSS-ISRAEL,IL,דוריטוס צ'יזי טוויסט,גרמים,55.00,100 גרם,false,,2.90,0.0527,true,1,117760
7290112343260,false,"יטבתה רוטב שמנת קלאסי 9% שומן 260 מ""ל",שטראוס גרופ,IL,רוטב שמנת קלאסי 260,גרמים,260.00,100 גרם,false,,10.50,0.0404,true,1,117438
7290112343420,false,"משקה חלב עם דגנים מלאים ובננה פרו יטבתה 350מ""ל",מחלבת יטבתה,IL,יטבתה פרו ארוחת בוקר,מיליליטרים,350.00,"100 מ""ל",false,,7.40,0.0211,true,1,117435
7290112343499,false,חטיף צ'יטוס פאפס אפוי בטעם גבינה,"שטראוס פריטו ליי בע""\מ )",IL,צ'יטוס 55 גר' puffs,גרמים,55.00,100 גרם,false,,3.40,0.0618,true,1,186006
7290112343512,false,צ'יטוס puffs בטעם גבינה 180 גרם,"שטראוס פריטו ליי בע""\מ )",IL,צ'יטוס 160 גר' puffs,גרמים,160.00,100 גרם,false,,7.90,0.0494,true,1,186007
7290112344564,false,רביולי גבינה קלאסי שטראוס 400 ג',מיוצר עי קונדיטוריית,IL,רביולי גבינה 400 גר',גרמים,400.00,100 גרם,false,,19.90,0.0497,true,1,116572
7290112344724,false,מעדן בטעם שוקולד בלונדי 170 ג' מילקי,מיוצר עי קונדיטוריית,IL,מילקי בטעם שוקולד בל,גרמים,133.00,100 גרם,false,,3.30,0.0248,false,1,117426
7290112344755,false,מילקי שוקולד 26% פחות סוכר 135 גרם,מיוצר עי קונדיטוריית,IL,מילקי מופחת סוכר,גרמים,135.00,100 גרם,false,,2.80,0.0207,false,1,123123
7290112344786,false,קפה פלטינום קלאסיק עלית 200 גרם,שטראוס קפה בי.וי.,IL,פלטינום קלאסיק 200 ג,גרמים,200.00,100 גרם,false,,24.90,0.1245,false,1,118388
7290112344953,false,סימפוניה חציל קלוי גבינה במקרם שמנת 5%,"שטראוס בריאות בע""\מ",IL,סימפוניה חציל קלוי,גרמים,200.00,100 גרם,false,,11.20,0.0560,true,1,124028
7290112344991,false,דנונה לייט אנד פריי בטעם תות 150 ג',"שטראוס בריאות בע""\מ",IL,דנונה לייט אנד פריי,גרמים,150.00,100 גרם,false,,4.60,0.0307,true,1,116811
7290112346360,false,בפלות אחת אחת ופל בטעם שוקולד מצופה שוקולד,הגביע מוצרי וופלים ב,GR,בפלות אחת אחת בציפוי,גרמים,180.00,100 גרם,false,,13.90,0.0772,true,1,118433
7290112346506,false,דנונה לייט אנד פריי בטעם אפרסק 150 גר',"שטראוס בריאות בע""\מ",IL,דנונה לייט אנד פריי,גרמים,150.00,100 גרם,false,,4.60,0.0307,true,1,116812
7290112346537,false,עוגיות פינוקיות בטעם טורטית 200 ג' עלית,"הגביע מוצרי ופלים בע""\מ",IL,פינוקיות בטעם טורטית,גרמים,200.00,100 גרם,false,,11.50,0.0575,true,1,117424
7290112346629,false,דנונה בר יוגורט+קורנפלקס מצופה שוקולד חלב ולבן 172 גרם,"שטראוס בריאות בע""\מ",IL,דנונה קראנצ עם קורנפ,גרמים,172.00,100 גרם,false,,4.60,0.0267,false,1,120101
7290112346773,false,יוגורט בטעם וניל 0% לייט אנד פרי 10 גרם חלבון בגביע,מיוצר עי קונדיטוריית,IL,דנונה לייט אנד פריי,גרמים,150.00,100 גרם,false,,4.60,0.0307,true,1,123765
7290112346797,false,יוגורט אקטיביה שיבולת שועל ושזיף 150 גרם,מיוצר עי קונדיטוריית,IL,אקטיביה שיבולת שועל,גרמים,150.00,100 גרם,false,,4.60,0.0307,true,1,119174
7290112346827,false,שמיניית אקטימל ויטמין C פטל 108 גרם,"שטראוס בריאות בע""\מ",IL,אקטימל ויטמין סי פטל,גרמים,864.00,100 גרם,false,,21.10,0.0244,false,1,122533
7290112347008,false,גמדים לדרך גבינה לבנה עם מחית תות ושיבולת שועל,מיוצר עי קונדיטוריית,IL,גמדים ארוחת בוקר תות,גרמים,100.00,100 גרם,false,,5.70,0.0570,true,1,117429
7290112348142,false,שעועית לבנה 380 גר' בקופסה טעם הטבע,שטראוס טעם הטבע,IT,שעועית לבנה טעם הטבע,גרמים,230.00,100 גרם,false,,6.50,0.0283,true,1,119788
7290112348999,false,הפריכיות הטעימות תירס דקות אנרג'י 135 גרם,פרח תעשיות,IL,פריכיות טעימות תירס,גרמים,135.00,100 גרם,false,,12.90,0.0956,true,1,123135
7290112349446,false,ספלנדיד רביעיית שוקו,,,ספלנדיד רביעיית שוקו,גרמים,360.00,100 גרם,false,,12.90,0.0358,true,1,120254
7290112349606,false,מעדן גבינה ויוגורט תות בננה 88 ג' דניאלה,"שטראוס בריאות בע""\מ",IL,דניאלה תות בננה,גרמים,88.00,100 גרם,false,,4.10,0.0466,true,1,187236
7290112349705,false,פומודורו רוטב עגבניות קלאסי לפסטה יד מרדכי 350 גרם,אמיליאנה קונסרב סוסייטה,IT,פומודורו רוטב עגבניו,גרמים,350.00,100 גרם,false,,11.90,0.0340,true,1,117815
7290112349736,false,בזיליקום רוטב עגבניות לפסטה יד מרדכי 350 גרם,אמיליאנה קונסרב סוסייטה,IT,בזיליקום רוטב עגבניו,גרמים,350.00,100 גרם,false,,11.90,0.0340,true,1,117816
7290112349743,false,ארביאטה רוטב עגבניות פיקנטי לפסטה 350 ג' יד מרדכי,אמיליאנה קונסרב סוסייטה,IT,ארביאטה רוטב עגבניות,גרמים,350.00,100 גרם,false,,11.90,0.0340,true,1,117817
7290112349750,false,פיצה רוטב עגבניות לפיצה יד מרדכי 350 גרם,אמיליאנה קונסרב סוסייטה,IT,רוטב עגבניות לפיצה,גרמים,350.00,100 גרם,false,,11.90,0.0340,true,1,117818
7290112349897,false,מסטיק מאסט Must קוביות בטעם מנטה ללא סוכר,אסקום קונפקשיין,DE,מאסט קוביות מנטה,גרמים,86.00,100 גרם,false,,14.90,0.1733,true,1,119262
7290112350312,false,קפסולות 15 קפה יותר למכונות נספרסו עלית 10יח',הנסיך- מפעל לייצור ט,IL,קפסולות 15 למכונות נ,גרמים,50.00,100 גרם,false,,16.90,0.3380,false,1,121212
7290112350589,false,ציקו אבקה להכנת משקה ציקוריה 65 גר,שטראוס קפה בי.וי,IL,אבקת צ'יקו 65 גר,גרמים,65.00,100 גרם,false,,11.50,0.1769,false,1,121646
7290112351067,false,סילאן טבעי 100% תמר מג'הול ללא תוספת סוכר,יד מרדכי,IL,סילאן טבעי לחיץ 630,גרמים,630.00,100 גרם,false,,25.90,0.0411,true,1,119263
7290112351104,false,שוקולד פרה ממולא פיצפוצי אורז 100 ג' עלית,"שטראוס גרופ בע""\מ",IL,שוקולד פרה פיצפוצי א,גרמים,100.00,100 גרם,false,,6.00,0.0600,false,1,119588
7290112351128,false,שוקולד פרה סוכריות קופצות וועסטהייים,"שטראוס גרופ בע""\מ",IL,שוקולד פרה סוכריות ק,גרמים,90.00,100 גרם,false,,6.00,0.0667,true,1,120636
7290112351258,false,עוגיית קקאו פינוקיות שחור לבן 200 גר,"הגביע מוצרי ופלים בע""\מ",IL,פינוקיות שחור לבן,גרמים,200.00,100 גרם,false,,11.50,0.0575,true,1,121210
7290112351463,false,שלישיית סוכריות מאסט FRESH פטל לימון 45 ג' עלית,"הליקון גידה בע""\מ",TR,סוכריות FRESH פטל לי,גרמים,45.00,100 גרם,false,,9.50,0.2111,true,1,120248
7290112351470,false,סוכריות ללא סוכר בטעם תות רימון מאסט פרש,"הליקון גידה בע""\מ",TR,סוכריות FRESH בטעם ר,גרמים,45.00,100 גרם,false,,9.50,0.2111,true,1,120249
7290112351524,false,עלי סלנובה 200 גר' שטראוס טעם הטבע,שטראוס בריאות ירקות טריי,IL,עלי סלנובה 200 גר ש,גרמים,200.00,100 גרם,false,,10.90,0.0545,true,1,121188
7290112352613,false,וופל אצבעות בלונדי ר,Unknown,,רבע לשבע בלונדי,גרמים,120.00,100 גרם,false,,12.00,0.1000,true,1,123159
7290112353887,false,"משקה קפה קר בטעם אגוזים יטבתה 230 מ""ל",אנסטל מילק kg,AT,משקה קפה קר בטעם אגו,מיליליטרים,230.00,"100 מ""ל",false,,7.50,0.0326,true,1,120633
7290112354174,false,"פסטה רוזה 280 ג""ר ""דלישס"" שטראוס",גסטרונומיה פרוסט אס. אר.,IT,פסטה רוזה דלישס,גרמים,280.00,100 גרם,false,,19.90,0.0711,true,1,186185
7290112354211,false,"פיצה מרגריטה""דלישס"" שטראוס",סקרלינפיצה אס. אר. אל. א,IT,פיצה מרגריטה דלישס,גרמים,400.00,100 גרם,false,,22.90,0.0572,true,1,185995
7290112354945,false,תפוצ'יפס WAVY בטעם טבעי 50 גרם,שטראוס פריטו ליי בע”,IL,תפוצ'יפס בטעם טבעי 5,גרמים,50.00,100 גרם,false,,3.90,0.0780,false,1,190820
7290112354952,false,"תפוציפס WAVY בטעם פפריקה , 50 גרם",שטראוס פריטו ליי בע”,IL,תפוצ'יפס בטעם פפריקה,גרמים,50.00,100 גרם,false,,3.90,0.0780,false,1,190819
7290112355027,false,דנונה פרו 20 גרם חלבון בטעם קרמל מלוח 200 גרם,"שטראוס בריאות בע""\מ",IL,דנונה פרו 20 גר קרמל,מיליליטרים,200.00,"100 מ""ל",false,,5.90,0.0295,false,1,123125
7290112355102,false,גמדים סקוויז 100 גרם פאוץ סלט פירות 100 גרם,"שטראוס בריאות בע""\מ",IL,גמדים פאו'ץ סלט פירו,גרמים,100.00,100 גרם,false,,5.70,0.0570,true,1,123807
7290112355393,false,"יטבתה רוטב שמנת+בטטה 9% שומן 250 מ""ל",שטראוס גרופ,IL,רוטב שמנת עם בטטה,מיליליטרים,257.00,"100 מ""ל",false,,10.50,0.0409,true,1,190756
7290112355775,false,גבינת סימפוניה עם עירית 200 גרם,"שטראוס בריאות בע""\מ",IL,סימפוניה עירית 5%,גרמים,200.00,100 גרם,false,,11.20,0.0560,false,1,189818
7290112355812,false,מעדן מילקי עם טופ קורנפלקס מצופה שוקולד,"שטראוס גרופ בע""\מ",IL,מילקי טופ קורנפלקס,גרמים,141.00,100 גרם,false,,4.60,0.0326,false,1,189169
7290112355867,false,מילקי קצפת טופ פיצפוצים 86 גרם,"שטראוס גרופ בע""\מ",IL,מילקי קצפת טופ פיצפו,גרמים,86.00,100 גרם,false,,3.90,0.0453,false,1,186317
7290112355898,false,יוגורט דנונה לייט אנ,,,דנונה לייט אנד פרי ב,גרמים,150.00,100 גרם,false,,4.60,0.0307,true,1,125144
7290112356536,false,אבקת קקאו 150 גר 10% תוספת עלית,הנסיך- מפעל לייצור ט,IL,קקאו 150 גרם+10%,גרמים,165.00,100 גרם,false,,10.50,0.0636,true,1,120646
7290112357045,false,עגבניות איטלקיות מרוסקות 390 גר' בקופסה טעם הטבע,שטראוס טעם הטבע,IT,עגבניות איטלקיות מרו,גרמים,390.00,100 גרם,false,,6.50,0.0167,true,1,119792
7290112357069,false,מחית עגבניות איטלקיות בקופסה 500 גר' טעם הטבע,שטראוס טעם הטבע,IT,מחית עגבניות איטלקיו,גרמים,500.00,100 גרם,false,,6.90,0.0138,true,1,119793
7290112357083,false,טעם הטבע אפונה ירוקה 380 גרם קופסה,שטראוס טעם הטבע,IT,אפונת גינה טעם הטבע,גרמים,250.00,100 גרם,false,,6.50,0.0260,true,1,119789
7290112357106,false,שעועית אדומה 380 גר' בקופסה טעם הטבע,שטראוס טעם הטבע,IT,שעועית אדומה טעם הטב,גרמים,230.00,100 גרם,false,,6.50,0.0283,true,1,119794
7290112357113,false,גרגרי חומוס בקופסה 380 גר' טעם הטבע,שטראוס טעם הטבע,IT,גרגרי חומוס טעם הטבע,גרמים,230.00,100 גרם,false,,6.50,0.0283,true,1,119790
7290112357892,false,סוכריות ללא סוכר בטעם מנטה מאסט פרש,"הליקון גידה בע""\מ",TR,סוכריות FRESH מנטה,גרמים,45.00,100 גרם,false,,9.50,0.2111,true,1,120250
7290112358004,false,פסק זמן קראנצ' עלית 32 גרם,שולן צ'\יקולטה גידה סאן.,TR,פסק זמן קראנץ',גרמים,32.00,100 גרם,false,,5.00,0.1563,false,1,122535
7290112358127,false,דנונה פרו חלבון+מגנזיום- וניל ועוגיות 200 גרם,מיוצר עי קונדיטוריית,IL,דנונה פרו עם מגנזיום,גרמים,200.00,100 גרם,false,,6.20,0.0310,false,1,122613
7290112358219,false,רוטב צ'ילי מתוק יד מרדכי 300 גרם,אף.סי תבליני בגליל ב,IL,רוטב צ'ילי מתוק 300,גרמים,300.00,100 גרם,false,,13.90,0.0463,true,1,120643
7290112358233,false,רוטב צ'ילי חריף יד מרדכי 300 גרם,"בית אל מזון בע""מ",IL,רוטב צילי חריף,גרמים,300.00,100 גרם,false,,13.90,0.0463,true,1,121214
7290112358257,false,רוטב לעוף עם שזיפים יד מרדכי 300 גרם,"ב.א. מזון בע""\מ",IL,רוטב לעוף עם שזיפים,גרמים,300.00,100 גרם,false,,13.90,0.0463,true,1,119594
7290112358431,false,עד חצות דאבל ביסקוויט עם שוקולד חלב -8 אריזות אישיות,ביסקוויטס טור ד'\אלבון,FR,עד חצות דאבל 200 גרם,גרמים,200.00,100 גרם,false,,13.90,0.0695,false,1,125105
7290112358554,false,מארז קפה נמס מנות אישיות לדרך 50.4 גר,שטראוס רומניה,RO,מארז נמס לדרך,גרמים,50.00,100 גרם,false,,11.50,0.2300,false,1,121235
7290112358561,false,קפה נמס פלטינום קלאסי 47 ג' עלית,"אינסטנטבה בע""\מ",PL,קפה פלטינום קלאסיק,גרמים,47.00,100 גרם,false,,6.90,0.1468,true,1,186936
7290112359070,false,"משקה שומשום ללת""ס1 ליטר","משק ווילר בע""\מ",IL,"סום משקה שומשום לל""ס",ליטרים,1.00,ליטר,false,,10.90,10.9000,true,1,124728
7290112359087,false,משקה שומשום בטעם וניל 1ל,"משק ווילר בע""\מ",IL,סום משקה שומשום בטעם,ליטרים,1.00,ליטר,false,,10.90,10.9000,true,1,124729
7290112359353,false,קפה טורקי אלדין עלית 200 גרם.,שטראוס קפה בי.וי,IL,קפה טורקי אלדין 200,גרמים,200.00,100 גרם,false,,18.90,0.0945,false,1,189543
7290112486455,false,צלחת קטן אלגנט 20 יחי',פאלאס,IL,צלחת קטנה אלגנט 20 י,יחידה,0.00,יחידה,false,,7.90,0.0000,true,1,190025
7290112486462,false,צלחת גדול אלגנט 20 יחי',פאלאס,IL,צלחת גדולה אלגנט 20,יחידה,0.00,יחידה,false,,12.90,0.0000,true,1,190024
7290112486479,false,צלחת ענק אלגנט 20 יחי',פאלאס,IL,צלחת ענק אלגנט 20 יח,יחידה,0.00,יחידה,false,,19.90,0.0000,true,1,190122
7290112490209,false,נמס בכוס מרק עגבניות עם קרוטונים רכיבים טבעיים,יוניליוור ישראל מזון בעמ,IL,נמס בכוס עגבניות קרו,גרמים,56.00,100 גרם,false,,7.00,0.1250,true,1,110977
7290112490216,false,מרק נמס בכוס בטעם עוף קנור 100% רכיבים טבעיים,יוניליוור ישראל מזון בעמ,IL,נמס בכוס טעם עוף קרט,גרמים,48.00,100 גרם,false,,7.00,0.1458,true,1,110978
7290112490230,false,מרק נמס בכוס אפונה קנור 100% רכיבים טבעיים,יוניליוור ישראל מזון בעמ,IL,נמס בכוס אפונה רכיבי,גרמים,50.00,100 גרם,false,,7.00,0.1400,true,1,110979
7290112490582,false,חרדל דיג'וןן צרפתי הלמנס 350 גר,יוניליוור מזון,FR,חרדל דיז'ון צרפתי,גרמים,350.00,100 גרם,false,,13.90,0.0397,true,1,111000
7290112490599,false,חרדל צרפתי עם גרגירים שלמים הלמנס 350 גר,יוניליוור מזון,FR,חרדל צרפתי עם גרגירי,גרמים,350.00,100 גרם,false,,13.90,0.0397,true,1,111001
7290112490650,false,קונפיטורה תות שדה 340 גרם-צנצנת,קונפיטורות לה-ארדניי,BE,קונפיטורת תות שדה 77,גרמים,340.00,100 גרם,false,,14.40,0.0424,true,1,111079
7290112490667,false,קונפיטורה משמש778 50% פרי 340 גר',יוניליוור מזון,BE,קונפיטורת משמשים 778,גרמים,340.00,100 גרם,false,,14.40,0.0424,true,1,111080
7290112490674,false,קונפיטורה דובדבנים 778 50% פרי 340 גר-,יוניליוור מזון,IL,קונפיטורת דובדבנים,גרמים,340.00,100 גרם,false,,14.40,0.0424,true,1,111081
7290112490698,false,קונפיטורה תות שדה לייט 300 גרם-צנצנת,יוניליוור מזון,IL,קונפיטורת תות לייט 7,גרמים,260.00,100 גרם,false,,15.90,0.0612,true,1,112605
7290112490728,false,מרק עשיר ירקות עם בורגול רכיבים טבעיים 95 ג' קנור,יוניליוור ישראל מזון בעמ,IL,מרק היום ירקות בורגו,גרמים,95.00,100 גרם,false,,12.90,0.1358,true,1,111812
7290112490735,false,מרק עשיר עגבניות עם פסטה ר.טבעיים 105 גרם קנור,יוניליוור ישראל מזון בעמ,IL,מרק היום עגבניות ופס,גרמים,105.00,100 גרם,false,,12.90,0.1229,true,1,111776
7290112490742,false,מרק עשיר פטריות עם גריסים רכיבים טבעיים 104 ג' קנור,יוניליוור ישראל מזון בע\,IL,מרק עשיר פטריות גריס,גרמים,104.00,100 גרם,false,,12.90,0.1240,true,1,111466
7290112490759,false,מרק עשיר עוף עם אטריות רכיבים טבעיים 74 ג' קנור,יוניליוור ישראל מזון בעמ,IL,מרק היום עוף אטריות,גרמים,74.00,100 גרם,false,,12.90,0.1743,true,1,111777
7290112490827,false,תרסיס ריחני למייבש הכביסה בדין בייבי 500,"זוהר דליה, קיבוץ דליה, 1",IL,בדין תרסיס למייבש בי,מיליליטרים,500.00,"100 מ""ל",false,,19.00,0.0380,true,1,111440
7290112491558,false,שישיית שוקולד מריר פרווה ורד הגליל 100 גרם ליח' כשלפ,אתר צפת טבלאות ותעשי,IL,מאגדת שוקולד שישייה,גרמים,600.00,100 גרם,false,,21.90,0.0365,true,1,113617
7290112491701,false,ברנפלקס בטעם וניל מעודן 20% חלבון Extra Protein,יוניליוור ישראל מזון בעמ,IL,ברנפלקס אקסטרה פייבר,גרמים,375.00,100 גרם,false,,21.90,0.0584,false,1,113976
7290112491770,false,בייגלה דקים דקים מלח ים בייגל בייגל 300 גרם.,בייגל את בייגל מזון 198),IL,בייגלה דקים דקים מלח,גרמים,300.00,100 גרם,false,,8.90,0.0297,true,1,112722
7290112491787,false,בייגלה דקים דקים עם שומשום בייגל בייגל 300 גרם,בייגל את בייגל מזון 198),IL,בייגלה דקים דקים שומ,גרמים,300.00,100 גרם,false,,8.90,0.0297,true,1,112723
7290112491794,false,בייגלה דקים דקים בטעם שמנת ובצל בייגל בייגל 300 גרם,בייגל את בייגל מזון 198),IL,בייגלה דקים דקים שמנ,גרמים,300.00,100 גרם,false,,8.90,0.0297,true,1,112724
7290112492449,false,פינוק שמפו שיער רגיל 700 מל-חדש,יוניליוור ישראל טיפוח אי,IL,פינוק שמפו לשיער רגי,מיליליטרים,700.00,"100 מ""ל",false,,11.90,0.0170,false,1,119444
7290112492456,false,"שמפו פינוק לשיער יבש/פגום 700 מ""ל",יוניליוור ישראל טיפוח אי,IL,פינוק שמפו שיער יבש,מיליליטרים,700.00,"100 מ""ל",false,,11.90,0.0170,false,1,119446
7290112492463,false,"שמפו ומרכך 2 ב-1 לשיער רגיל פינוק 700 מ""ל.",יוניליוור ישראל טיפו,IL,שמפו פינוק 2-ב-1 רגי,מיליליטרים,700.00,"100 מ""ל",false,,11.90,0.0170,false,1,120133
7290112492470,false,"שמפו ומרכך 2 ב-1 לשיער יבש פינוק 700 מ""ל.",יוניליוור פארם,IL,פינוק 2-ב-1 יבש 700,מיליליטרים,700.00,"100 מ""ל",false,,11.90,0.0170,false,1,123653
7290112492487,false,פינוק שמפו לשיער עם שמן מרוקאי 700 מל,יוניליוור ישראל טיפוח אי,IL,פינוק שמפו שמן מרוקא,מיליליטרים,700.00,"100 מ""ל",false,,11.90,0.0170,false,1,119251
7290112492500,false,פינוק שמפו לשיער עם שמן קוקוס 700 מל,"יוניליור ישראל, טיפו",IL,שמפו פינוק שמן קוקוס,מיליליטרים,700.00,"100 מ""ל",false,,11.90,0.0170,false,1,119460
7290112492531,false,פינוק מרכך שיער רגיל 700 מל-חדש,יוניליוור פארם,IL,פינוק מרכך לשיער רגי,מיליליטרים,700.00,"100 מ""ל",false,,11.90,0.0170,false,1,117192
7290112492548,false,"מרכך פינוק עם שמן חוחובה 700 מ""ל",יוניליוור פארם,IL,פינוק מרכך לשיער יבש,מיליליטרים,700.00,"100 מ""ל",false,,11.90,0.0170,false,1,117193
7290112492593,false,תחליב רחצה פינוק בניחוח פינוק קלאסי 700,יוניליוור ישראל טיפוח אי,IL,פינוק תחליב רחצה קלא,מיליליטרים,700.00,"100 מ""ל",false,,11.90,0.0170,false,1,117186
7290112492609,false,"תחליב רחצה פינוק 700 מ""ל לבנדר ווניל",יוניליוור ישראל טיפוח אי,IL,פינוק תחליב רחצה לבנ,מיליליטרים,700.00,"100 מ""ל",false,,11.90,0.0170,false,1,117187
7290112492630,false,"שמפו ג'ל רחצה וסבון פנים 3 ב-1 לגבר פינוק 700 מ""ל",יוניליוור ישראל טיפוח אי,IL,פינוק 3 ב-1 לגבר 700,מיליליטרים,700.00,"100 מ""ל",false,,11.90,0.0170,false,1,117197
7290112492647,false,"פינוק לגבר 3 ב1 שמפו ג'ל רחצה וסבון פנים 700 מ""ל",יוניליוור ישראל טיפוח אי,IL,פינוק לגבר 3-ב-1 ספו,מיליליטרים,700.00,"100 מ""ל",false,,11.90,0.0170,false,1,124207
7290112492715,false,"פינוק שמפו ללא דמעות לסירוק קל לילדים 700 מ""ל",יוניליוור ישראל טיפוח אי,IL,פינוק שמפו ללא דמעות,מיליליטרים,700.00,"100 מ""ל",false,,12.90,0.0184,true,1,120332
7290112492722,false,"2ב-1 שמפו ומרכך פינוק אל דמע לסירוק קל לילדים 700 מ""ל",יוניליוור ישראל טיפוח אי,IL,פינוק שמפו ומרכך 2-ב,מיליליטרים,700.00,"100 מ""ל",false,,12.90,0.0184,true,1,120333
7290112492746,false,"פינוק מרכך ללא דמעות לסירוק קל לילדים 700 מ""ל",יוניליוור ישראל טיפוח אי,IL,פינוק מרכך לסירוק קל,מיליליטרים,700.00,"100 מ""ל",false,,12.90,0.0184,true,1,120334
7290112492753,false,"פינוק לילדים אל סבון לרחצה 700 מ""ל",יוניליוור ישראל טיפוח אי,IL,פינוק אל סבון לילדים,מיליליטרים,700.00,"100 מ""ל",false,,12.90,0.0184,true,1,120724
7290112492838,false,סיף מגבוני מטליות לחות לניקוי כללי בניחוח מרכך כביסה 50 יח',עלבד משואות יצחק בעמ,IL,סיף מגבוני ניקוי 50,יחידה,0.00,יחידה,false,,10.90,0.0000,true,1,113562
7290112492982,false,"אבקת מרק פטריות כשל""פ 100% רכיבים טבעיים 400 גרם",יוניליוור ישראל מזון בע\,IL,קנור מרק פטריות רכיב,גרמים,400.00,100 גרם,false,,19.90,0.0497,false,1,117160
7290112492999,false,קנור מרק עוף אמיתי 400 גרם פרווה,יוניליוור ישראל מזון בע\,IL,מרק טעם עוף קנור 400,גרמים,400.00,100 גרם,false,,13.90,0.0348,false,1,117161
7290112493064,false,רוטב לבישול שזפים קנור 320 גרם,יוניליוור ישראל מזון בע\,IL,קנור רוטב שזיפים 320,גרמים,320.00,100 גרם,false,,14.90,0.0466,true,1,117158
7290112493088,false,נמס בכוס עדשים מרק רכיבים טבעיים קנור 54 ג',אתר חיפה אבקות - Foo,IL,קנור מרק נמס בכוס עד,גרמים,54.00,100 גרם,false,,7.00,0.1296,false,1,116010
7290112493095,false,נמס בכוס מרק עגבניות חריף רכיבים טבעיים קנור 48 ג',אתר חיפה אבקות - Foo,IL,קנור מרק נמס בכוס עג,גרמים,85.00,100 גרם,false,,7.00,0.0824,false,1,115650
7290112493293,false,קנור - נמס ירקות וקרוטונים ר.טבעי 44 גרם,יוניליוור ישראל מזון בעמ,IL,קנור מרק נמס בכוס יר,גרמים,0.00,100 גרם,false,,7.00,0.0000,false,1,115651
7290112493316,false,מרק היום אפונה ר.טבעיים קנור 117 גרם,יוניליוור ישראל מזון בעמ,IL,מרק היום אפונה 100%,גרמים,117.00,100 גרם,false,,12.90,0.1103,true,1,116009
7290112493927,false,גלידה בטעם ריבת חלב 1.33ל' קרמיסימו,"גלידת שטראוס בע""\מ, רחוב",IL,גלידה קרמיסימו ריבת,ליטרים,1.33,ליטר,false,,24.90,18.7218,false,1,117202
7290112493934,false,גלידת וניל צרפתי קרמיסימו 1.33 ל,"גלידת שטראוס בע""\מ, רחוב",IL,גלידה קרמיסימו וניל,ליטרים,1.33,ליטר,false,,24.90,18.7218,false,1,117203
7290112493965,false,קרמיסימו חלבית בטעם מסטיק וניל 665 גר,"גלידת שטראוס בע""\מ, רחוב",IL,גלידה קרמיסימו מסטיג,ליטרים,1.33,ליטר,false,,24.90,18.7218,false,1,117204
7290112494016,false,"מיונז אמיתי מופחת שומן תלמה 500 גרם בד""צ",יוניליוור ישראל מזון בעמ,IL,מיונז מופחת שומן 500,גרמים,500.00,100 גרם,false,,10.90,0.0218,false,1,115422
7290112494153,false,תיבולית בניחוח צלי קנור 72 גרם,יוניליוור ישראל מזון בע\,IL,קנור תיבולית בניחוח,גרמים,72.00,100 גרם,false,,10.00,0.1389,true,1,117889
7290112494221,false,קליק - ביסקויט תפזורת 65 גרם,יוניליוור ישראל מזון בע\,IL,קליק ביסקויט,גרמים,65.00,100 גרם,false,,7.00,0.1077,false,1,116875
7290112494238,false,קליק - כדורים חלב תפזורת 65 גרם,יוניליוור ישראל מזון בע\,IL,קליק כדורים 65 גר',גרמים,65.00,100 גרם,false,,7.00,0.1077,false,1,116876
7290112494276,false,קליק - כריות תפזורת 65 גרם,יוניליוור ישראל מזון בע\,IL,קליק כריות,גרמים,65.00,100 גרם,false,,7.00,0.1077,false,1,116878
7290112494283,false,קליק - מעורב חום לבן תפזורת 65 גרם,יוניליוור ישראל מזון בע\,IL,קליק חום לבן,גרמים,65.00,100 גרם,false,,7.00,0.1077,false,1,116879
7290112494313,false,קליק - קורנפלקס תפזורת 65 גרם,יוניליוור ישראל מזון בע\,IL,קליק קורנפלקס,גרמים,65.00,100 גרם,false,,7.00,0.1077,false,1,116881
7290112494351,false,תלמה קורנפלקס של אלופים 850 ג',"יוניליוור שפע ישראל בע""\",IL,קורנפלקס אלופים 850,גרמים,850.00,100 גרם,false,,18.90,0.0222,false,1,118885
7290112494382,false,פירה בטעם ביתי 260 גרם-קופסא,יוניליוור ישראל מזון בע\,IL,קנור פירה ביתי 260 ג,גרמים,260.00,100 גרם,false,,13.90,0.0535,true,1,117396
7290112494610,false,קנור רוטב עגבניות פיקנטי לדג 415 גרם,קונסורזיו קאסאלאסקו,IT,קנור רוטב פיקנטי לדג,גרמים,415.00,100 גרם,false,,13.90,0.0335,true,1,117310
7290112494795,false,בדין-ג'ל לכביסה לבנה וצבעונית בניחוח עדין כחול 2.5 ליטר,"זוהר דליה, קיבוץ דליה, 1",IL,בדין ג'ל לכביסה כחול,ליטרים,2.50,ליטר,false,,29.90,11.9600,true,1,116988
7290112494801,false,בדין-ג'ל לכביסה לבנה וצבעונית בניחוח עדין ורוד 2.5 ליטר,יוניליוור פארם,IL,בדין ג'ל לכביסה וורו,ליטרים,2.50,ליטר,false,,29.90,11.9600,true,1,116989
7290112494818,false,"ג'ל לכביסה לבנה וצבעונית בייבי 2.5 ק""ג",היינץ צפון אמריקה מק,IL,בדין ג'ל כביסה בייבי,ליטרים,2.50,ליטר,false,,29.90,11.9600,true,1,116990
7290112494825,false,תרחיץ פנים לעור רגיש מכיל 25% קרם לחות,יוניליוור ישראל טיפוח אי,IL,דאב תרחיץ פנים לעור,מיליליטרים,180.00,"100 מ""ל",false,,12.90,0.0717,true,1,122849
7290112494832,false,"דאב - תרחיץ פנים לעור רגיל 180 מ""ל",יוניליוור ישראל טיפוח אי,IL,דאב תרחיץ פנים לעור,מיליליטרים,180.00,"100 מ""ל",false,,12.90,0.0717,true,1,122034
7290112494993,false,דגני בוקר וניל 686ג' כריות,"יוניליוור שפע ישראל בע""\",IL,כריות וניל תלמה 686,גרמים,686.00,100 גרם,false,,24.90,0.0363,false,1,116861
7290112495006,false,כריות נוגט 686 גרם - קופסא,"יוניליוור ישראל מזון בע""",IL,כריות נוגט תלמה 686,גרמים,686.00,100 גרם,false,,26.90,0.0392,false,1,116863
7290112495020,false,כריות צוקולדה בדצ מאוחד 750 גר,"יוניליוור ישראל מזון בע""",IL,כריות צ'וקולדה תלמה,גרמים,686.00,100 גרם,false,,24.90,0.0363,false,1,116864
7290112495037,false,דגני בוקר בטעם שוקולד כדורים 375 ג' קוקומן,יוניליוור שפע ישראל בעמ,IL,קוקומן כדורים תלמה ב,גרמים,375.00,100 גרם,false,,19.90,0.0531,false,1,116971
7290112495044,false,ציפי (פצפוצים) גריין בדצ 500גר,"יוניליור שפע ישראל בע""\מ",IL,קוקומן פצפוצים תלמה,גרמים,375.00,100 גרם,false,,19.90,0.0531,false,1,116970
7290112495105,false,נשנושים טעם שמנת בצל בייגל בייגל 260 גרם,בייגל את בייגל מזון 198),IL,נשנושים שמנת בצל,גרמים,260.00,100 גרם,false,,13.50,0.0519,false,1,116871
7290112495112,false,נשנושים טעם זעתר בייגל בייגל 260 גרם,בייגל את בייגל מזון 198),IL,נשנושים זעתר,גרמים,260.00,100 גרם,false,,13.50,0.0519,false,1,116872
7290112495143,false,נשנושי קרקר קוקטייל מלוח בייגל בייגל 300 גרם,בייגל את בייגל מזון 198),IL,נשנושי קרקר קוקטייל,גרמים,300.00,100 גרם,false,,14.90,0.0497,true,1,116866
7290112495150,false,נשנושי קרקר עיגולים מלח בייגל בייגל 300 גרם,בייגל את בייגל מזון 198),IL,נשנושי קרקר עיגולים,גרמים,300.00,100 גרם,false,,14.90,0.0497,true,1,116867
7290112495167,false,נשנושי קרקר משולשי שומשום בייגל בייגל 300 גרם,בייגל את בייגל מזון 198),IL,נשנושי קרקר משולשי ש,גרמים,300.00,100 גרם,false,,14.90,0.0497,true,1,116868
7290112495174,false,נשנושי קרקר קוקטייל שומשום בייגל בייגל 300 גרם,בייגל את בייגל מזון 198),IL,נשנושי קרקר קוקטייל,גרמים,300.00,100 גרם,false,,14.90,0.0497,true,1,116869
7290112495228,false,קורנפלקס נגיעות דבש תלמה 448 גרם,"יוניליוור שפע ישראל בע""\",IL,קורנפלקס דבש 448 גר',גרמים,448.00,100 גרם,false,,19.90,0.0444,false,1,116865
7290112495280,false,ריבועי ברנפלקס קינמון תלמה 400 גרם,"יוניליוור שפע ישראל בע""\",IL,ברנפלקס ריבועי קינמו,גרמים,400.00,100 גרם,false,,19.90,0.0497,false,1,118599
7290112495433,false,דגני דליפקאן תוספת אגוזי פקאן ושקדים 400 גר,"יוניליור שפע ישראל בע""\מ",IL,דליפקאן 400 גר' תלמה,גרמים,400.00,100 גרם,false,,19.90,0.0497,false,1,116005
7290112495556,false,חטיף שוקולד נוגט שוקולד חלב 105 גרם,"טחנת האבן תעשיות בע""\מ,",IL,קליק שלישיית ברים נו,גרמים,105.00,100 גרם,false,,14.90,0.1419,true,1,120134
7290112495594,false,בייגלה שמיניות גדולות ללא מלח בייגל בייגל 400 גרם,בייגל את בייגל מזון 198),IL,בייגלה שמיניות גדולו,גרמים,400.00,100 גרם,false,,13.90,0.0348,true,1,117159
7290112495662,false,קרקר חיטה מלאה ופשתן בייגל בייגל 300 גרם,"מיוצר ע""י קוד יצרן A",IL,קרקר חיטה מלאה עם פש,גרמים,300.00,100 גרם,false,,9.90,0.0330,true,1,120194
7290112495747,false,רוטב צ''ילי מתוק כ 70% פחות סוכר 340 ג' קנור,יוניליוור ישראל מזון בע\,IL,רוטב צ'ילי מופחת סוכ,גרמים,340.00,100 גרם,false,,12.90,0.0379,true,1,118603
7290112495754,false,"רטבי הלמנס לסלט 300 מ""ל אלף האיים",יוניליוור ישראל מזון בעמ,IL,הלמנס לסלט אלף האיים,גרמים,305.00,100 גרם,false,,12.90,0.0423,false,1,118601
7290112495761,false,"הלמנס רוטב לחיץ אלף האיים לייט 290 מ""ל",יוניליוור ישראל מזון בעמ,IL,רוטב אלף האיים לייט,גרמים,305.00,100 גרם,false,,12.90,0.0423,true,1,118163
7290112495785,false,רוטב לסלט שום הלמנס 300ג,יוניליוור ישראל מזון בעמ,IL,רוטב שום לסלט הלמנס,גרמים,300.00,100 גרם,false,,12.90,0.0430,true,1,118164
7290112495792,false,הלמנס רוטב לסלט שום לייט 300 גר',יוניליוור ישראל מזון בעמ,IL,רוטב שום לייט לסלט ה,גרמים,300.00,100 גרם,false,,12.90,0.0430,true,1,118165
7290112495815,false,"רוטב חרדל ודבש לייט הלמנס 305 גרם בד""צ.",יוניליוור ישראל מזון בעמ,IL,הלמנס רוטב סלט חרדל,גרמים,305.00,100 גרם,false,,12.90,0.0423,true,1,119139
7290112495822,false,כריות BLACK בטעם שוקולד וניל תלמה 686 גרם,"יוניליוור שפע ישראל בע""\",IL,כריות בלאק 686 גר',גרמים,686.00,100 גרם,false,,24.90,0.0363,false,1,117162
7290112495938,false,"קרקר 6 דגנים בייגל בייגל 250 גרם בד""צ","מיוצר ע""\י קוד יצרן AF",IL,קרקר משפחתי 6 דגנים,גרמים,250.00,100 גרם,false,,9.90,0.0396,true,1,119250
7290112496027,false,סירופ שוקולד אפיכל 580 גרם,יוניליוור ישראל מזון בע\,IL,אפיכל סירופ שוקולד 5,גרמים,580.00,100 גרם,false,,12.90,0.0222,true,1,118713
7290112496034,false,סירופ מייפל אפיכל 580 גרם,יוניליוור ישראל מזון בע\,IL,סירופ מייפל 580 גר',גרמים,580.00,100 גרם,false,,12.90,0.0222,true,1,119440
7290112496218,false,קנור רוטב טריאקי הפחתה של מעל 50% סוכר ונתרן 310 ג',יוניליוור ישראל מזון בעמ,IL,רוטב טריאקי מופחת נת,גרמים,340.00,100 גרם,false,,12.90,0.0379,true,1,119134
7290112496430,false,קנור נמס בכוס אקסטרה עגבניות+אטריות 37 גרם - רבנות,יוניליוור ישראל מזון בע\,IL,נמס בכוס אקסטרה עגבנ,גרמים,37.00,100 גרם,false,,4.50,0.1216,false,1,187684
7290112496447,false,נמס בכוס אקסטרה טעם עוף עם המון אטריות 27ג',יוניליוור ישראל מזון בע\,IL,נמס בכוס אקסטרה טעם,גרמים,27.00,100 גרם,false,,4.50,0.1667,false,1,187686
7290112496461,false,נמס בכוס אקסטרה מרק ירקות עם המון אטריות,יוניליוור ישראל מזון בע\,IL,נמס בכוס אקסטרה ירקו,גרמים,32.00,100 גרם,false,,4.50,0.1406,false,1,187685
7290112497000,false,סיף פנטסטיק ניקוי כללי בניחוח לימון 1 לי,"זוהר דליה, קיבוץ דלי",IL,סיף ניקוי כללי לימון,ליטרים,1.00,ליטר,false,,10.90,10.9000,true,1,119782
7290112497031,false,רוטב עגבניות לקציצות קנור 415 גרם,יוניליוור מזון,IT,רוטב עגבניות לקציצות,גרמים,415.00,100 גרם,false,,13.90,0.0335,true,1,125634
7290112497123,false,סחלב תערובת להכנת מעדן בטעם סחלב 112גרם,יוניליוור ישראל מזון בע\,IL,סחלב קנור 112 גר',גרמים,112.00,100 גרם,false,,13.50,0.1205,true,1,123048
7290112497239,false,כריות בטעם מרשמלו 68,יוניליוור,IL,כריות בטעם מרשמלו 68,גרמים,686.00,100 גרם,false,,24.90,0.0363,false,1,120936
7290112497499,false,קליק אקסטרא לארג שוקולד לבן עוגיות 85 גרם,אתר צפת טבלאות ותעשי,IL,קליק שוקולד לבן עם ע,גרמים,85.00,100 גרם,false,,7.00,0.0824,false,1,126138
7290112497864,false,אבקת מרק בטעם עוף רכיבים טבעיים 33% פחות נתרן 400 גרם,יוניליוור מזון,IL,מרק עוף רכיביים טבעי,גרמים,400.00,100 גרם,false,,19.90,0.0497,true,1,123652
7290112497994,false,"גרנולה תלמה פרוטאין בתוספת חלבון ואגוזים, 300 גרם","רפאלס בריא וטעים בע""\מ,",IL,גרנולה פרוטאין בתוספ,גרמים,300.00,100 גרם,false,,14.90,0.0497,true,1,125174
7290112498007,false,גרנולה פרוטאין בתוספת חלבון שקדים וחמוציות תלמה 300 ג',"רפאלס בריא וטעים בע""\מ,",IL,גרנולה פרוטאין בתוספ,גרמים,300.00,100 גרם,false,,14.90,0.0497,true,1,125170
7290112498052,false,מאגדת פתית צ'יפס בטטה 21 גרם*4 יח',JLM גלובל פודסn37\ דרך א,GB,מאגדת פתית צ'יפס עם,גרמים,84.00,100 גרם,false,,15.90,0.1893,true,1,125633
7290112498090,false,מרכך בתוספת שמן חוחבה 700 מ''ל פינוק,"יוניליוור רוסיה, ,123022",IL,פינוק מרכך שמן חוחוב,מיליליטרים,700.00,"100 מ""ל",false,,11.90,0.0170,false,1,122664
7290112498274,false,פינוק אלסבון לידיים לבנדר וניל 1ליטר+משא,יוניליוור ישראל טיפוח אי,TR,פינוק סבון ידיים נוז,מיליליטרים,950.00,"100 מ""ל",false,,13.90,0.0146,true,1,126150
7290112498281,false,"אל סבון לידיים בתוספת שמן קוקוס פינוק 950 מ""ל",יוניליוור ישראל טיפוח אי,TR,פינוק סבון ידיים נוז,מיליליטרים,950.00,"100 מ""ל",false,,13.90,0.0146,true,1,126151
7290112498298,false,"אל סבון ליידים בתוספת שמן מרוקאי פינוק 950 מ""ל",קוסטר אירוסול ולף סנ,TR,פינוק סבון ידיים נוז,מיליליטרים,950.00,"100 מ""ל",false,,13.90,0.0146,true,1,126152
7290112498441,false,"קנור רוטב אסיאתי למוקפץ 300 מ""ל בד""ץ",יוניליוור ישראל מזון בע\,IL,רוטב אסייתי למוקפץ ק,גרמים,370.00,100 גרם,false,,12.90,0.0349,false,1,125090
7290112498748,false,מיני סולרו וניל תות שדה 350 גרם,"מיוצר ע""\י גלידת שטראוס",IL,מאגדת שלגונים מיני ס,גרמים,350.00,100 גרם,false,,25.90,0.0740,true,1,123900
7290112498885,false,מאגדת גודי'ז תותים ושוקולד לבן 235 גרם,"גלידת שטראוס בע""\מ, רח'\",IL,מאגדת גודי'ס תותים ו,גרמים,235.00,100 גרם,false,,25.90,0.1102,true,1,124126
7290112498915,false,מאגדת מיני מגנום שקדים מובחר שטראוס 250 גרם,"מיוצר ע""\י גלידת שטראוס",IL,מאגדת מיני מגנום שקד,גרמים,250.00,100 גרם,false,,27.90,0.1116,true,1,125791
7290112498922,false,מאגדת מיני מגנום לבן שטראוס 250 גרם,"מיוצר ע""\י גלידת שטראוס",IL,מאגדת מיני מגנום שוק,גרמים,250.00,100 גרם,false,,27.90,0.1116,true,1,125790
7290112499097,false,מאגדת מיני מגנום מריר Intense Dark! 240 גרם,"מיוצר ע""\י גלידת שטראוס",IL,מיני מגנום מריר מאגד,גרמים,240.00,100 גרם,false,,27.90,0.1162,true,1,187608
7290112499189,false,"גלידת קרמיסימו חד קרן וניל תות, 1.33 ליטר","גלידת שטראוס בע""\מ, רחוב",IL,קרמיסימו חד קרן 1.33,ליטרים,1.33,ליטר,false,,22.90,17.2180,false,1,189621
7290112499196,false,גלידה בטעם החלב של הקורנפלקס 1.33 ל' קרמיסימו,"גלידת שטראוס בע""\מ, רחוב",IL,קרמיסימו חלב קורנפלק,ליטרים,1.33,ליטר,false,,22.90,17.2180,false,1,189586
7290112499219,false,שלגון שמנת מופחת שומן וקלוריות בטעם פיסטוק עם ריפל בטעם שוקולד מריר וציפוי חלקי של שוקולד חלב מעולה,"גלידת שטראוס בע""\מ, רחוב",IL,מאגדת שלגונים גודיס,גרמים,235.00,100 גרם,false,,25.90,0.1102,true,1,188923
7290112499226,false,גלידונית קרמיסימו פיסטוק בננה 630 גרם,שטראוס גרופ גלידות,IL,גלידונית בננה פיסטוק,גרמים,630.00,100 גרם,false,,49.90,0.0792,false,1,190836
7290112499349,false,כריות בלאק דאבל שוקו,יוניליוור שפע ישראל,IL,כריות בלאק דאבל שוקו,גרמים,686.00,100 גרם,false,,24.90,0.0363,false,1,125187
7290112499448,false,"מרכך פינוק בתוספת שמן מרוקאי 700 מ""ל",יוניליוור ישראל טיפוח אי,IL,פינוק מרכך שיער שמן,מיליליטרים,700.00,"100 מ""ל",false,,11.90,0.0170,false,1,125725
7290112499455,false,פינוק תחליב רחצה 700 בתוספת שמן מרוקאי,יוניליוור ישראל טיפוח אי,IL,פינוק תחליב רחצה מרו,מיליליטרים,700.00,"100 מ""ל",false,,11.90,0.0170,false,1,125861
7290112499462,false,פינוק תחליב רחצה 700 בתוספת שמן קוקוס,יוניליוור ישראל טיפוח אי,IL,פינוק תחליב רחצה שמן,מיליליטרים,700.00,"100 מ""ל",false,,11.90,0.0170,false,1,125785
7290112499479,false,"פינוק - שמפו בתוספת קרטין 700 מ""ל",יוניליוור ישראל טיפוח אי,IL,פינוק שמפו קרטין 700,מיליליטרים,700.00,"100 מ""ל",false,,11.90,0.0170,false,1,124206
7290112499486,false,"פינוק מרכך בתוספת קרטין 700 מ""ל",יוניליוור ישראל טיפוח אי,IL,פינוק מרכך קרטין 700,מיליליטרים,700.00,"100 מ""ל",false,,11.90,0.0170,false,1,124208
7290112499776,false,גלידת שמנת מופחתת שומן וקלוריות בטעם שוקולד לבן 240 גרם,"גלידת שטראוס בע""\מ, רח'\",IL,מאגדת גודיז,גרמים,297.00,100 גרם,false,,25.90,0.0872,true,1,118792
7290112499844,false,מאגדת מיני מגנום דואט שוקולד עם נוגט שטראוס 310 גרם,"מיוצר ע""\י גלידת שטראוס",IL,מאגדת מיני מגנום דוא,גרמים,310.00,100 גרם,false,,27.90,0.0900,true,1,117597
7290112499943,false,מיני מאגדת מיני מגנום טעמים שונים וניל+שוקו,"מיוצר ע""\י גלידת שטראוס",IL,מאגדת מיני מגנום קלא,גרמים,250.00,100 גרם,false,,27.90,0.1116,true,1,117603
7290112705426,false,צלחת במבוק חד קרן 23,,CN,צלחת במבוק חד-קרן,יחידה,0.00,יחידה,false,,12.90,0.0000,true,1,114968
7290112705457,false,קערה במבוק חג קרן יח,,CN,קערה במבוק חד-קרן,יחידה,0.00,יחידה,false,,8.90,0.0000,true,1,114984
7290112705471,false,קערה במבוק נסיכות יח,שמחה זה אנחנו,CN,קערה במבוק נסיכות,יחידה,0.00,יחידה,false,,8.90,0.0000,true,1,114989
7290112705532,false,צלחת במבוק פנדה ורוד,,,צלחת במבוק פנדה ורוד,יחידה,0.00,יחידה,false,,12.90,0.0000,true,1,114977
7290112938701,false,גרביים,,,גרביים,יחידה,0.00,יחידה,false,,12.90,0.0000,true,1,119041
7290112960115,false,שקדי מרק אסם 30% קמח חיטה מלאה 350 גרם,אסם,IL,שקדי מרק 30% קמח חיט,גרמים,350.00,100 גרם,false,,10.90,0.0311,false,1,111561
7290112961266,false,בייגלה כפיות פיזור איטלקי אסם 300 גרם,"אסם תעשיות בע""מ",IL,אסם בייגלה כפיות פיז,גרמים,300.00,100 גרם,false,,11.90,0.0397,true,1,113966
7290112961327,false,בייגלה כפיות פיזור כפרי אסם 300 גרם,"אסם תעשיות בע""מ",IL,אסם בייגלה כפיות פיז,גרמים,300.00,100 גרם,false,,11.90,0.0397,true,1,113967
7290112961372,false,פיטנס חטיפי פריכיות דקות קינמון 60 גרם,"פרח תעשיות מזון בע""\מ",IL,פיטנס חטיפי פריכיות,גרמים,60.00,100 גרם,false,,8.50,0.1417,true,1,112988
7290112961440,false,פיטנס חטיפי פריכיות שוקולד מריר 84 גרם,פרח תעשיות,IL,פיטנס בר פריכיות שוק,גרמים,84.00,100 גרם,false,,12.90,0.1536,true,1,118547
7290112961464,false,פיטנס חטיפי פריכיות דגנים וחומוס מתובלות,"פרח תעשיות מזון בע""\מ",IL,חטיפי פריכיות פיטנס,גרמים,60.00,100 גרם,false,,8.50,0.1417,true,1,112989
7290112961754,false,עוגיות שוקולד ציפס עם קרם בטעם אגוזים 220 גר',מיוצר עי קונדיטוריית,IL,עוגיות שוקוצ'יפס קרם,גרמים,220.00,100 גרם,false,,11.50,0.0523,true,1,112615
7290112962287,false,טבעול שווארמה טבעונית 6*450 גרם,"טבעול תעשיות מזון בע""\מ",IL,טבעול שווארמה טבעוני,גרמים,450.00,100 גרם,false,,31.00,0.0689,true,1,117776
7290112962737,false,שניצל מן הצומח עם חלבון טבעול 664 גרם,"טבעול תעשיות מזון בע""\מ\",IL,שניצל טבעול מהצומח ע,גרמים,664.00,100 גרם,false,,28.90,0.0435,true,1,112369
7290112963321,false,גריסיני בייגלה שטוח ללא גלוטן אסם 300גרם,מיוצר עי קונדיטוריית,IL,בייגלה גרפיטי שטוח ל,גרמים,300.00,100 גרם,false,,12.90,0.0430,true,1,119511
7290112963918,false,פיטנס חטיפי קרקר דק רוזמרין 140 גרם,נסטלה Nestle,IL,פיטנס קרקר דק רוזמרי,גרמים,140.00,100 גרם,false,,11.90,0.0850,true,1,114833
7290112964410,false,אסם רוטב אלף האיים חדש לסלט 290 גרם,"אסם תעשיות בע""מ",IL,רוטב אלף האיים לסלט,מיליליטרים,290.00,"100 מ""ל",false,,12.00,0.0414,false,1,114811
7290112964434,false,אסם רוטב קיסר חדש לסלט 295 גרם,"אסם תעשיות בע""מ",IL,רוטב קיסר לסלט אסם 2,מיליליטרים,295.00,"100 מ""ל",false,,12.00,0.0407,true,1,114812
7290112964458,false,רוטב ויניגרט חדש לסלט 295 גרם אסם,"אסם תעשיות בע""מ",IL,רוטב ויניגרט לסלט אס,מיליליטרים,295.00,"100 מ""ל",false,,12.00,0.0407,false,1,114814
7290112964472,false,אסם רוטב שום חדש לסלט 290 גרם,"אסם תעשיות בע""מ",IL,רוטב שום לסלט אסם 29,מיליליטרים,290.00,"100 מ""ל",false,,12.00,0.0414,true,1,114813
7290112964564,false,"רוטב אלף האיים לייט לסלט אסם 295 מ""ל","אסם תעשיות בע""מ",IL,רוטב אלף האיים לייט,מיליליטרים,295.00,"100 מ""ל",false,,12.00,0.0407,false,1,114815
7290112964601,false,רוטב בנוסח סצ'ואן הסדרה האסייתית,"אסם השקעות בע""\מ",IL,רוטב בנוסח סצו'אן 29,מיליליטרים,290.00,"100 מ""ל",false,,13.90,0.0479,true,1,114665
7290112964625,false,אסם רוטב שום לייט חדש לסלט 310 גרם,"אסם תעשיות בע""מ",IL,רוטב שום לייט לסלט א,מיליליטרים,310.00,"100 מ""ל",false,,12.00,0.0387,false,1,114816
7290112964724,false,המבורגר צמחוני עם המון חלבון 580 גר,מיוצר עי קונדיטוריית,IL,המבורגר טבעוני טבעול,גרמים,580.00,100 גרם,false,,31.00,0.0534,true,1,115532
7290112965103,false,תבשיל קוסקוס עם ירקות אסם 146 גרם,אסם,IL,קוסקוס עם ירקות אסם,גרמים,146.00,100 גרם,false,,10.90,0.0747,true,1,117391
7290112965141,false,תבשיל פתיתים אפויים עם ירקות 130 גרם,"אסם תעשיות בע""מ",IL,פתיתים אפויים עם ירק,גרמים,130.00,100 גרם,false,,10.90,0.0838,false,1,117388
7290112965165,false,מרק נמס פטריות אסם בדצ 48 גרם מארז זוגי,"אסם תעשיות בע""מ",IL,זוג מרק נמס פטריות א,גרמים,34.00,100 גרם,false,,5.90,0.1735,true,1,115639
7290112965240,false,מרק נמס בטעם עגבניות זוג * 44 ג' אסם,"אסם תעשיות בע""מ",IL,זוג מרק נמס עגבניות,גרמים,44.00,100 גרם,false,,5.90,0.1341,true,1,115641
7290112965264,false,אבקת מרק נמס אפונה אסם בדצ 52 גרם מארז זוגי,"אסם תעשיות בע""מ",IL,זוג מרק נמס אפונה אס,גרמים,30.00,100 גרם,false,,5.90,0.1967,true,1,115642
7290112965288,false,מרק נמס ירקות אסם בדצ 56 גרם מארז זוגי,"אסם תעשיות בע""מ",IL,זוג מרק נמס ירקות אס,גרמים,30.00,100 גרם,false,,5.90,0.1967,true,1,115643
7290112965301,false,זוג מרק נמס בטעם עוף עם שקדי מרק רגע חם,"אסם תעשיות בע""מ",IL,זוג מרק נמס טעם עוף,גרמים,38.00,100 גרם,false,,5.90,0.1553,true,1,115637
7290112965325,false,תבשיל אורז ספרדי אוסם 140 גרם,"אסם תעשיות בע""מ",IL,אורז ספרדי אסם,גרמים,140.00,100 גרם,false,,10.90,0.0779,false,1,117390
7290112965363,false,קציצות קינואה וברוקולי טבעול 525 גרם,"טבעול תעשיות מזון בע""\מ",IL,קציצת קינואה וברוקול,גרמים,525.00,100 גרם,false,,31.00,0.0590,false,1,117108
7290112965585,false,פרפקטו פסטה קסרצה אסם 500 גרם,אסם פרפקטו Perfecto,IT,פסטה קסרצה פרפקטו,גרמים,500.00,100 גרם,false,,7.70,0.0154,false,1,115124
7290112965660,false,פיטנס - חטיף מולטיגריין מלח פלפל 25 גרם,מיוצר עי קונדיטוריית,IL,פיטנס חטיף מולטיגריי,גרמים,25.00,100 גרם,false,,4.90,0.1960,true,1,122485
7290112965684,false,פיטנס - חטיף מולטיגריין עשבי תיבול 25 גרם,מיוצר עי קונדיטוריית,IL,פיטנס חטיף מולטיגריי,גרמים,25.00,100 גרם,false,,4.90,0.1960,true,1,122486
7290112965707,false,פיטנס - חטיף מולטיגריין צילי מעודן 25 גרם,"אסם השקעות בע""\מ",IL,פיטנס חטיף מולטיגריי,גרמים,25.00,100 גרם,false,,4.90,0.1960,true,1,122487
7290112965745,false,אוסם - ביסלי פריסטייל בצל מעושן 60 גרם,"אסם השקעות בע""\מ",IL,ביסלי פריסטייל בצל מ,גרמים,60.00,100 גרם,false,,4.70,0.0783,true,1,125583
7290112965806,false,אוסם - ביסלי פריסטייל חמוץ חריף 60 גרם,"אסם תעשיות בע""מ",IL,ביסלי פריסטייל חמוץ,גרמים,60.00,100 גרם,false,,4.70,0.0783,true,1,125585
7290112965868,false,קרם קרקר במתיקות מעודנת אסם 250 גרם,"אסם תעשיות בע""מ",IL,קרם קרקר במליחות מעו,גרמים,250.00,100 גרם,false,,8.50,0.0340,true,1,117349
7290112965943,false,טבעול נאגטס ירקות ירוקים 6*500גרם,"טבעול תעשיות מזון בע""\מ",IL,טבעול נאגטס ירקות יר,גרמים,500.00,100 גרם,false,,31.00,0.0620,true,1,119603
7290112965967,false,טבעול נאגטס ירקות כתומים 6*500גרם,"טבעול תעשיות מזון בע""\מ",IL,טבעול נאגטס ירקות כת,גרמים,500.00,100 גרם,false,,31.00,0.0620,true,1,119604
7290112966001,false,טבעול גורמה ארוחת ירוקים 450 גרם,טבעול (מקבוצת אסם הש,IL,טבעול גורמה ארוחת יר,גרמים,450.00,100 גרם,false,,33.90,0.0753,true,1,187788
7290112966094,false,עוגת הבית תפוז מופחת סוכר אסם 400 גרם,מיוצר עי קונדיטוריית,IL,עוגת הבית תפוז מופחת,גרמים,400.00,100 גרם,false,,13.90,0.0348,false,1,117351
7290112966247,false,לחמית כוסמין אסם 200 גרם,"אסם תעשיות בע""מ",IL,לחמית כוסמין 200 גרם,גרמים,200.00,100 גרם,false,,10.50,0.0525,false,1,119100
7290112966728,false,צבר טחינה בלאדי פלפלים חריפים 350 גרם,שוורצקוף& הנקל דיסלד,IL,טחינה בלאדי פלפלים ח,גרמים,350.00,100 גרם,false,,15.90,0.0454,true,1,116550
7290112966780,false,צבר טחינה בלאדי עם חציל קלוי 350 גרם,שוורצקוף& הנקל דיסלד,IL,טחינה בלאדי עם חציל,גרמים,350.00,100 גרם,false,,15.90,0.0454,true,1,116552
7290112966827,false,אסם אינסטנט פודינג שוקולד כלפ 90 גרם,מיוצר עי קונדיטוריית,IL,אינסטנט פודינג שוקול,גרמים,80.00,100 גרם,false,,5.80,0.0725,false,1,118476
7290112966841,false,אינסטנט פודינג בטעם שוקולד מריר 95 גרם,מיוצר עי קונדיטוריית,IL,פודינג בטעם שוקולד מ,גרמים,90.00,100 גרם,false,,5.80,0.0644,false,1,117393
7290112967114,false,פיטנס חטיפי פריכיות קטניות ופלפל 60 גרם,"פרח תעשיות מזון בע""\מ",IL,פיטנס חטיפי פריכיות,גרמים,60.00,100 גרם,false,,8.50,0.1417,true,1,118548
7290112967138,false,בייגלה שמיניות ללא גלוטן אסם 250 גרם,מיוצר עי קונדיטוריית,IL,בייגלה אסם שמיניות ל,גרמים,250.00,100 גרם,false,,13.50,0.0540,true,1,117414
7290112967299,false,אסם מרק ירקות ייעודי,,,מרק ירקות 50 גר,גרמים,50.00,100 גרם,false,,4.60,0.0920,true,1,119615
7290112967381,false,פיטנס חטיפי פריכיות קטניות ומלח ים 60 גרם,"פרח תעשיות מזון בע""\מ",IL,פיטנס חטיפי פריכיות,גרמים,60.00,100 גרם,false,,8.50,0.1417,true,1,118549
7290112967572,false,"אסם רוטב ברביקיו 290 מ""ל אסם",Unknown,IL,רוטב ברביקיו אסם 290,מיליליטרים,290.00,"100 מ""ל",false,,12.00,0.0414,true,1,117387
7290112967824,false,אסם בישולים מיקס קלאסי 9*200גרם,"אסם השקעות בע""\מ",IL,אסם בישולים מיקס קלא,גרמים,200.00,100 גרם,false,,18.90,0.0945,true,1,117785
7290112968203,false,צבר סלט טחינה בלאדי 6*250גרם,שוורצקוף& הנקל דיסלד,IL,סלט טחינה בלאדי צבר,גרמים,250.00,100 גרם,false,,10.90,0.0436,true,1,118443
7290112968340,false,צבר חומוס גרוס גס גס 400 גרם,שוורצקוף& הנקל דיסלד,IL,חומוס גרוס גס גס צבר,גרמים,400.00,100 גרם,false,,13.90,0.0348,true,1,117793
7290112968449,false,סלט טחינה כרוב אדום 250 גרם,שוורצקוף& הנקל דיסלד,IL,סלט כרוב אדום צבר 25,גרמים,250.00,100 גרם,false,,10.90,0.0436,true,1,118444
7290112968807,false,פיטנס - קרקר דק סלק 140 גרם,מפעל אסם יקנעם,IL,פיטנס קרקר דק סלק,גרמים,140.00,100 גרם,false,,11.90,0.0850,true,1,123184
7290112968821,false,פיטנס - קרקר דק בטטה 140 גרם,מפעל אסם יקנעם,IL,פיטנס קרקר דק בטטה,גרמים,140.00,100 גרם,false,,11.90,0.0850,true,1,123187
7290112969071,false,פסטה רדיאטורי פרפקטו 500 ג' אסם,ניולט פוד ס.פ.א,IT,פרפקטו פסטה רדיאטורי,גרמים,500.00,100 גרם,false,,11.50,0.0230,false,1,119092
7290112969248,false,אסם בישולים רוטב סילאן ובצל 335*9 גרם,"אסם תעשיות בע""מ",IL,אסם בישולים רוטב סיל,גרמים,335.00,100 גרם,false,,15.90,0.0475,true,1,122872
7290112969286,false,אסם בישולים רוטב חרדל ודבש 330*9 גרם,"אסם תעשיות בע""מ",IL,אסם בישולים רוטב חרד,גרמים,330.00,100 גרם,false,,15.90,0.0482,true,1,122873
7290113192300,false,זיתים מושחרים חרוזית 275 גרם בית השיטה,בית השיטה,IL,זיתים חרוזית מושחר 2,גרמים,275.00,100 גרם,false,,9.90,0.0360,true,1,117604
7290113192317,false,טבעות זיתים מושחרים 280 גרם בית השיטה,בית השיטה,IL,טבעות זיתים מושחרים,גרמים,280.00,100 גרם,false,,10.90,0.0389,true,1,117605
7290113192324,false,זיתים ירוקים שלמים בינוניים בית השיטה,בית-השיטה עסיס תעשיות מז,IL,זיתים ירוקים מנזנילו,גרמים,340.00,100 גרם,false,,8.90,0.0262,true,1,117606
7290113192331,false,זיתים ירוקים מנזנילו 340 גר' בית השיטה,בית-השיטה עסיס תעשיות מז,IL,זיתים ירוקים גדולים,גרמים,340.00,100 גרם,false,,9.90,0.0291,true,1,117607
7290113192348,false,בית השיטה זיתים ירוקים גדול מאודבטעם שום,בית-השיטה עסיס תעשיות מז,IL,זיתים ירוקים 17-19 ב,גרמים,340.00,100 גרם,false,,9.90,0.0291,true,1,117609
7290113192355,false,חרוזית זיתים ירוקים ללא גלעין 275 ג' בית השיטה,בית-השיטה עסיס תעשיות מז,IL,זיתים ירוקים חרוזית,גרמים,275.00,100 גרם,false,,9.90,0.0360,false,1,117610
7290113192362,false,זיתים ירוקים טבעות A2 בית השיטה 280 גרם,בית-השיטה עסיס תעשיות מז,IL,זיתים ירוקים טבעות 2,גרמים,280.00,100 גרם,false,,10.90,0.0389,true,1,117611
7290113192379,false,בית השיטה זיתים ירוקים מבוקעים א2 340גר',"בית-השיטה תעשיות בע""\מ",IL,זיתים ירוקים מבוקעים,גרמים,340.00,100 גרם,false,,9.90,0.0291,true,1,117622
7290113192386,false,בית השיטה זיתים ירוקים סורי מבוקע 340גרם,בית השיטה,IL,זיתים סורי מבוקע 340,גרמים,340.00,100 גרם,false,,10.90,0.0321,true,1,117623
7290113192393,false,בית השיטה קוקטייל זיתים א2 336 גרם,בית-השיטה עסיס תעשיות מז,IL,קוקטייל זיתים 336 גר,גרמים,336.00,100 גרם,false,,11.90,0.0354,true,1,117624
7290113192478,false,בית השיטה מלפפונים במלח בינוני 10-12 320 גרם,בית-השיטה עסיס תעשיות מז,IL,מלפפון במלח 10-12 32,גרמים,320.00,100 גרם,false,,7.90,0.0247,false,1,117632
7290113192485,false,בית השיטה מלפפונים בחומץ בינוני 10-12 290 גרם,בית-השיטה עסיס תעשיות מז,IL,מלפפון בחומץ 10-12 2,גרמים,290.00,100 גרם,false,,7.90,0.0272,true,1,117633
7290113192492,false,בית השיטה מלפפונים בחומץ קטנים 1317 290 גרם,בית-השיטה עסיס תעשיות מז,IL,מלפפון בחומץ 13-17 2,גרמים,290.00,100 גרם,false,,10.90,0.0376,false,1,117634
7290113192508,false,בית השיטה מלפפונים במלח קטן 1317 320 גרם,בית-השיטה עסיס תעשיות מז,IL,מלפפון במלח 13-17 ב,גרמים,320.00,100 גרם,false,,10.90,0.0341,false,1,117635
7290113192515,false,בית השיטה מלפפונים במלח קטן מאוד 1825 320 גרם,בית-השיטה עסיס תעשיות מז,IL,מלפפון במלח 18-25 32,גרמים,320.00,100 גרם,false,,12.90,0.0403,true,1,117640
7290113192522,false,בית השיטה מלפפונים בחומץ קטן מאוד 1825 290 גרם,בית-השיטה עסיס תעשיות מז,IL,מלפפון בחומץ 18-25 2,גרמים,290.00,100 גרם,false,,12.90,0.0445,true,1,117641
7290113192539,false,בית השיטה מלפפונים במלח גדול 79 320 גרם,בית-השיטה עסיס תעשיות מז,IL,מלפפון במלח 7-9 320,גרמים,320.00,100 גרם,false,,6.50,0.0203,false,1,117642
7290113192546,false,"מלפפונים בחומץ רכיבים טבעיים 7-9 ""בית השיטה""",בית-השיטה עסיס תעשיות מז,IL,מלפפון בחומץ 7-9 290,גרמים,290.00,100 גרם,false,,6.50,0.0224,false,1,117643
7290113192553,false,מלפפונים במלח 13-17 פיקנטי בית השיטה 320 גרם,בית-השיטה עסיס תעשיות מז,IL,מלפפון במלח בלדי 13-,גרמים,320.00,100 גרם,false,,10.90,0.0341,true,1,117644
7290113192560,false,בית השיטה פלפל שיפקה חריף כבוש 230 גרם,בית-השיטה עסיס תעשיות מז,IL,פלפל שיפקה 230 גרם,גרמים,230.00,100 גרם,false,,6.90,0.0300,true,1,117645
7290113192577,false,בית השיטה כרוב כבוש א2 12*430גרם חדש,"בית-השיטה תעשיות בע""\מ",IL,כרוב כבוש 430 גרם,גרמים,430.00,100 גרם,false,,7.90,0.0184,false,1,117646
7290113193031,false,חרוזית קלמטה - זיתים שחורים ללא גלעין קלמטה,"בית השיטה תעשיות בע""\מ",IL,חרוזית קלמטה בית השי,גרמים,275.00,100 גרם,false,,12.90,0.0469,false,1,118533
7290113193321,false,"שמן זית כתית מעולה בית השיטה 750 מ""ל",אצטס אבסה אס. איי. יו.,IL,שמן זית כתית מעולה 7,מיליליטרים,750.00,"100 מ""ל",false,,29.90,0.0399,false,1,119033
7290113193369,false,"תרסיס שמן קנולה מזוכך בית השיטה 150מ""ל",פוד אירוסולס ספיין,ES,תרסיס שמן קנולה בית,מיליליטרים,150.00,"100 מ""ל",false,,13.90,0.0927,true,1,123968
7290113194090,false,בית השיטה טבעות זיתים קלמטה 280 גרם,בית השיטה תעשיות בעמ,IL,טבעות זיתים קלמטה בי,גרמים,280.00,100 גרם,false,,12.90,0.0461,false,1,122230
7290113195042,false,מלפפון חמוץ במלח כבישה ביתית בית השיטה 750 גר',שוורצקוף& הנקל דיסלד,IL,בית השיטה מלפפון במל,גרמים,750.00,100 גרם,false,,26.90,0.0359,true,1,123545
7290113195356,false,שמן קנולה מזוכך זית השיטה 1 ליטר,בית השיטה,IL,שמן קנולה בית השיטה,ליטרים,1.00,ליטר,false,,12.90,12.9000,false,1,125794
7290113196414,false,"אורז בסמטי 1 ק""ג - שקדיה כחול מטאלי",דאבה סינג שאם סינג,IN,"אורז בסמטי 1 ק""ג שקד",קילוגרמים,1.00,"ק""ג",false,,9.90,9.9000,true,1,186644
7290113196490,false,פריכיות כוסמת בתוספת זרעי ציה שקדיה 150 גרם,זנבר המכללה לטבעונות,IL,פריכיות כוסמת בתוספת,גרמים,150.00,100 גרם,false,,9.90,0.0660,true,1,186642
7290113196506,false,פריכיות כוסמת ללא מלח שקדיה 150 גרם,זנבר המכללה לטבעונות,IL,פריכיות כוסמת ללא מל,גרמים,150.00,100 גרם,false,,9.90,0.0660,true,1,186767
7290113197855,false,תירס גמדי בית השיטה 230 גרם,בית השיטה,,בית השיטה תירס גמדי,גרמים,230.00,100 גרם,false,,9.90,0.0430,true,1,190263
7290113197923,false,טונה בשמן קנולה בית השיטה 4*98 גרם,בית השיטה עסיס תעשיו,IL,בית השיטה טונה בשמן,גרמים,392.00,100 גרם,false,,24.90,0.0635,false,1,190347
7290113284999,false,מסכה לפנים חד פעמית,,,מסכה לפנים חד פעמית,יחידה,0.00,יחידה,false,,10.90,0.0000,true,1,122233
7290113300224,false,פאוצ' לה קט סלמון ברוטב 85 ג',"ביופט- מזון לבע""ח",CZ,לה קט נתחוני סלמון ב,גרמים,85.00,100 גרם,false,,4.90,0.0576,true,1,121649
7290113300231,false,פאוצ' לה קט בקר ג'לי 85 ג',"ביופט- מזון לבע""ח",CZ,לה קט נתחוני בקר בג',גרמים,85.00,100 גרם,false,,4.50,0.0529,true,1,121650
7290113318885,false,"בקבוק שתייה מפלסטיק 500מ""ל - מתחת למים",,,בקבוק שתייה מפלסטיק,יחידה,0.00,יחידה,false,,24.90,0.0000,true,1,115028
7290113560055,false,פרודונטקס מי פה טיפול יומי לחניכיים 500,"מאסטרפוד אוסטריה בע""מ",GB,פרדונטקס מי פה 500 מ,מיליליטרים,500.00,"100 מ""ל",false,,29.90,0.0598,true,1,121294
7290113560109,false,פרודונטקס מ.שיניים בטעם צמחי 75 מל,פרודונטקס Parodontax,SK,פרדונטקס בטעם צמחי 7,מיליליטרים,75.00,"100 מ""ל",false,,29.90,0.3987,true,1,123507
7290113595873,false,מיני ביצי עם הפתעה אל.או.אל 39 גר,קריות זול,,מיני ביצי שוקולד עם,גרמים,39.00,100 גרם,false,,5.00,0.1282,true,1,123064
7290114310215,false,"שמנת מתוקה 38% רמת הגולן 250 מ""ל ווסטהיים - מוצר בפיקוח",מילקו תעשיות בעמ,IL,"שמנת מתוקה 250 מ""ל 3",מיליליטרים,250.00,"100 מ""ל",false,,6.47,0.0259,true,1,119744
7290114310222,false,חלב מועשר בסידן וויטמין Dי 3% 1.5 ל' טרה,מילקו תעשיות בעמ,IL,חלב מועשר בסידן וויט,ליטרים,1.50,ליטר,false,,11.90,7.9333,true,1,120436
7290114310239,false,חלב נטול לקטוז מועשר בוויטמין D י 2% 1.5 ל' טרה,מילקו תעשיות בעמ,IL,חלב 2% דל לקטוז 1.5,ליטרים,1.50,ליטר,false,,11.90,7.9333,true,1,120430
7290114310338,false,צפתית מעודנת 5% בגביע 225 גרם משק צוריאל,מחלבת משק צוריאל,IL,צפתית 5% מעודנת 225,גרמים,225.00,100 גרם,false,,17.50,0.0778,true,1,123990
7290114310345,false,מעדן יוגורט בטעם תות 1.5% 125 גרם טרה,מילקו תעשיות בעמ,IL,מעדן יוגורט בטעם תות,גרמים,125.00,100 גרם,false,,2.90,0.0232,true,1,122898
7290114310536,false,יוגורט לייט מעושר חלבון 25 גרם חלבון וניל MULLER ACTIVE,מולר Muller,IL,יוגורט לייט מועשר 25,גרמים,200.00,100 גרם,false,,6.20,0.0310,true,1,124537
7290114310550,false,גבינת פטה עיזים מעודנת 5% משק צוריאל 200 גרם,מחלבת משק צוריאל,IL,פטה עיזים מעודנת 5%,גרמים,200.00,100 גרם,false,,23.90,0.1195,true,1,124909
7290114310567,false,לאבנה עיזים 5% שומן 200 גרם,מחלבת משק צוריאל,IL,לאבנה עיזים 5% צוריא,גרמים,200.00,100 גרם,false,,14.90,0.0745,true,1,126735
7290114310574,false,גבינת קרם שמנת עיזים 5% 200 גרם צוריאל,מחלבת משק צוריאל,IL,גבינת קרם שמנת עיזים,גרמים,200.00,100 גרם,false,,14.50,0.0725,true,1,125140
7290114310611,false,"משקה חלב בננה בבקבוק פקק ספורט טרה 250 מ""ל",מילקו תעשיות בעמ,IL,משקה חלב בטעם בננה 2,מיליליטרים,250.00,"100 מ""ל",false,,5.50,0.0220,true,1,125277
7290114310628,false,משקה חלב וניל ועוגיות בקבוק 1 ליטר,מילקו תעשיות בעמ,IL,משקה חלב וניל עוגיות,ליטרים,1.00,ליטר,false,,12.50,12.5000,true,1,125732
7290114310895,false,"סימפלי פרוט יוגורט עם מנגו תות, שמיניה 8 * 150 גרם",מולר Muller,IL,מאגדת שמינייה סימפלי,גרמים,1200.00,100 גרם,false,,31.90,0.0266,true,1,186738
7290114310963,false,יוגורט מחלב עיזים מלא כ3.8% שומן מועשר 500 גר',מחלבת משק צוריאל,IL,יוגורט עיזים בדלי 3.,גרמים,500.00,100 גרם,false,,14.50,0.0290,true,1,188359
7290114311014,false,"משקה חלב אייס קפוצ'ינו פקק ספורט טרה 250 מ""ל",מילקו תעשיות בעמ,IL,משקה חלב אייס קפוצ'י,מיליליטרים,250.00,"100 מ""ל",false,,5.50,0.0220,true,1,188850
7290114311021,false,"משקה חלב וניל עוגיות פקק ספורט טרה 250 מ""ל",Unknown,IL,משקה חלב וניל עוגיות,מיליליטרים,250.00,"100 מ""ל",false,,5.50,0.0220,true,1,188851
7290114311038,false,"שמנת מתוקה 32% עמידה בבקבוק טרה 250 מ""ל",מילקו תעשיות בעמ,IL,שמנת מתוקה 32% בבקבו,מיליליטרים,250.00,"100 מ""ל",false,,6.90,0.0276,true,1,188797
7290114311076,false,"חמאת מולר צהובה עם שום, 200 גרם",מולר Muller,IL,חמאת מולר צהובה עם ש,גרמים,200.00,100 גרם,false,,11.90,0.0595,true,1,188845
7290114311083,false,חמאת מולר צהובה במליחות מעודנת 200 גרם,מילקו,IL,חמאה מולר צהובה עם מ,גרמים,200.00,100 גרם,false,,11.90,0.0595,true,1,188846
7290114311298,false,יוגורט מולר פרופ בטעם תות בננה מלון 150,מולר Muller,IL,יוגורט מולר קציפת תו,גרמים,150.00,100 גרם,false,,5.30,0.0353,true,1,189916
7290114311304,false,יוגורט קציפת מנגו פסיפלורה בננה 150 ג' מולר,מולר Muller,IL,יוגורט מולר פרופ קצי,גרמים,150.00,100 גרם,false,,5.30,0.0353,true,1,189917
7290114311328,false,חלב מועשר דל לקטוז מעושר בויטמין Dי 2% שומן טרה 1 ליטר,ג'י.אר.אמ.גרופו אלימ,IL,חלב נטול לקטוז מועשר,ליטרים,1.00,ליטר,false,,7.80,7.8000,false,1,189830
7290114311359,false,יוגורט עם קציפת מנגו 3% שומן פרופ 150 ג' מולר,מולר Muller,IL,יוגורט מולר קציפת מנ,גרמים,150.00,100 גרם,false,,5.30,0.0353,true,1,189915
7290114311434,false,מולר אקטיב יוגורט חלבון קרמל מלוח 200 גרם,מולר Muller,IL,מולר אקטיב בטעם קרמל,גרמים,200.00,100 גרם,false,,6.20,0.0310,true,1,191002
7290114311441,false,מולר אקטיב יוגורט חלבון עוגיות חמאה 200 גרם,מולר Muller,IL,מולר אקטיב בטעם עוגי,גרמים,200.00,100 גרם,false,,6.20,0.0310,true,1,191003
7290114311458,false,קרטון חלב 3% מועשר ויטמין די 1ליטר,Unknown,IL,חלב 3% מועשר 1 ליטר,ליטרים,1.00,ליטר,false,,7.50,7.5000,false,1,190426
7290114311502,false,משקה חלב בטעם סחלב בבקבוק 1 ליטר,מילקו תעשיות בעמ,IL,משקה חלב בטעם סחלב 1,ליטרים,1.00,ליטר,false,,12.50,12.5000,true,1,191071
7290114403207,false,מברשת שיער לילדים,,,מברשת שיער לילדים,יחידה,0.00,יחידה,false,,16.90,0.0000,true,1,190187
7290114600927,false,עלי טורטייה חיטה מלאה מאסטר שף 320 גרם,אלקאטי קורביישיסי גי,ES,מאסטר שף עלי טורטיה,גרמים,320.00,100 גרם,false,,9.90,0.0309,true,1,122733
7290114600941,false,מאסטר שף מיונז הולנדי לחיץ 435 גרם,קפה לנדוור,NL,מאסטר שף מיונז לחיץ,מיליליטרים,435.00,"100 מ""ל",false,,12.90,0.0297,true,1,121190
7290114600989,false,"רוטב אלף האיים מאסטר שף 250 מ""ל",קפה לנדוור,NL,מאסטר שף רוטב אלף הא,מיליליטרים,257.00,"100 מ""ל",false,,9.90,0.0385,true,1,121978
7290114600996,false,"רוטב שום מאסטר שף 250 מ""ל",קפה לנדוור,NL,מאסטר שף רוטב שום,מיליליטרים,256.00,"100 מ""ל",false,,9.90,0.0387,true,1,121979
7290114603508,false,"רוטב להקצפה מאסטר שף 300 מ""ל",סיטי פוד,TH,מאסטר שף רוטב להקפצה,מיליליטרים,300.00,"100 מ""ל",false,,7.90,0.0263,true,1,122696
7290114603768,false,"מארז אג'קס כלורון נוזל לניקוי אסלות 750 מ""ל*2 יח'",קולגייט פלמוליב,FR,"אג'קס שירותים 750 מ""",מיליליטרים,1500.00,"100 מ""ל",false,,24.90,0.0166,true,1,120853
7290114604840,false,דפי אורז קוטר 16 מאסטר שף 400 ג',מאסטר שף,VN,מאסטר שף דפי אורז 16,גרמים,400.00,100 גרם,false,,12.90,0.0323,true,1,123946
7290114604857,false,"דפי אורז מאסטר שף קוטר 22 ס""מ 400 גרם",לוק הונג טריידינג פר,VN,מאסטר שף דפי אורז 22,גרמים,400.00,100 גרם,false,,12.90,0.0323,true,1,123787
7290114604895,false,מאסטר שף ממרח לחיץ ספייסי לחיץ 446 גרם,מאסטר שף,NL,מאסטר שף ממרח ספייסי,גרמים,446.00,100 גרם,false,,12.90,0.0289,true,1,125845
7290114604932,false,רוטב ברביקיו דבש מאסטר שף 520 גרם,רמיה סי.וי. הולנד,NL,מאסטר שף רוטב ברביקי,גרמים,520.00,100 גרם,false,,12.90,0.0248,true,1,125487
7290114604949,false,מאסטר שף רוטב ברביקיו 524 גרם,רמיה סי.וי. הולנד,NL,מאסטר שף רוטב ברביקי,גרמים,524.00,100 גרם,false,,12.90,0.0246,true,1,125486
7290114606530,false,רוטב בטעם מיונז וקטשופ מאסטר שף 515 גרם,מאסטר שף,NL,מאסטר שף רוטב בטעם מ,גרמים,515.00,100 גרם,false,,12.90,0.0250,true,1,125899
7290114606547,false,מיונז פטריות כמהין לחיץ מאסטר שף 242 גרם,מאסטר שף,NL,מיונז עם פטריות כמהי,גרמים,242.00,100 גרם,false,,12.90,0.0533,true,1,126014
7290114606554,false,מיונז מופחת קלוריות בקבוק לחיץ,מאסטר שף,NL,מאסטר שף ממרח ספייסי,גרמים,470.00,100 גרם,false,,12.90,0.0274,true,1,125898
7290114606561,false,מאסטר שף אטריות אורז דקות ורמיצ'לי 400 ג,לינג טונג רייס ורמיצ'ילי,TH,מאסטר שף איטריות אור,גרמים,400.00,100 גרם,false,,7.90,0.0198,true,1,186369
7290114606578,false,שקדי מרק מאסטר שף 400 גרם,שסטוביץ,IL,שקדי מרק מאסטר שף,גרמים,400.00,100 גרם,false,,9.90,0.0248,true,1,185835
7290114607391,false,"קולגייט משחת לילדים ברבי 2-5 שנים, 75 מ""ל",קולגייט פלמוליב,PL,קולגייט משחת ילדים ב,מיליליטרים,75.00,"100 מ""ל",false,,15.90,0.2120,true,1,126609
7290114821469,false,כבד דג שיבוט מעושן במיץ טבעי אופיסר 120 גרם,אופיסר Officer,IS,כבד דג שיבוט מעושן ב,גרמים,120.00,100 גרם,false,,13.90,0.1158,true,1,123824
7290115071504,false,6 מטבעות שוקולד באריזת רשת 31 גר סמי הכב,שמחה זה אנחנו,NL,מטבעות שוקולד ברשת ס,גרמים,31.00,100 גרם,false,,3.90,0.1258,true,1,123879
7290115071528,false,מטבעות שוקולד ברשת 31 גר,,NL,מטבעות שוקולד ברשת מ,גרמים,31.00,100 גרם,false,,3.90,0.1258,true,1,123881
7290115079388,false,בקבוק נירוסטה דופן כ,,,בקבוק נירוסטה דופן כ,יחידה,0.00,יחידה,false,,39.00,0.0000,true,1,186321
7290115079395,false,בקבוק נירוסטה דופן כ,,,בקבוק נירוסטה דופן כ,יחידה,0.00,יחידה,false,,39.00,0.0000,true,1,186322
7290115190007,false,מרלבורו אדום בוקס פא,פיליפ מוריס,TR,פקט מרלבורו רד PP,יחידה,0.00,יחידה,false,,333.00,0.0000,false,1,122147
7290115190014,false,סיגריות מרלבורו רד קצר בוקס,פיליפ מוריס,IL,מרלבורו רד PP חפיסה,יחידה,0.00,יחידה,false,,34.00,0.0000,false,1,122112
7290115190052,false,סיגריות מרלבורו מדיום פלייבור מיקס,פיליפ מוריס,US,מרלבורו פלייבור מיקס,יחידה,0.00,יחידה,false,,34.00,0.0000,false,1,122109
7290115190076,false,סיגריות מרלבורו גולד ארוך 100 בוקס,פיליפ מוריס,TR,מרלבורו גולד 100 PP,יחידה,0.00,יחידה,false,,34.00,0.0000,false,1,122869
7290115190083,false,מרלבורו גולד קצר פאקט,פיליפ מוריס,IL,פקט מרלבורו גולד PP,יחידה,0.00,יחידה,false,,333.00,0.0000,false,1,122145
7290115190090,false,סיגריות מרלבורו קצר בוקס בודד,פיליפ מוריס,US,מרלבורו גולד PP חפיס,יחידה,0.00,יחידה,false,,34.00,0.0000,false,1,122110
7290115190137,false,סיגריות מרלבורו טאצ סילבר יחידה,פיליפ מוריס,IL,מרלבורו פיין טאץ' P,יחידה,0.00,יחידה,false,,30.00,0.0000,false,1,122114
7290115190151,false,סיגריות מרלבורו טאצ גולד,פיליפ מוריס,IL,מרלבורו טאץ' PP חפיס,יחידה,0.00,יחידה,false,,30.00,0.0000,false,1,122115
7290115190175,false,פרלמנט סופר סלימס קופסא,פיליפ מוריס,US,פרלמנט סופר סלימס PP,יחידה,0.00,יחידה,false,,39.00,0.0000,false,1,122100
7290115190199,false,פרלמנט נייט ארוך חפיסה,פיליפ מוריס,TR,פרלמנט נייט 100PP,יחידה,0.00,יחידה,false,,39.00,0.0000,false,1,123616
7290115190212,false,סיגריות פרלמנט בלו 100 BR בודד,פיליפ מוריס,PL,פרלמנט בלו 100 PP חפ,יחידה,0.00,יחידה,false,,39.00,0.0000,false,1,122102
7290115190236,false,סיגריות פרלמנט קצר בלו בודד,פיליפ מוריס,IL,פרלמנט בלו PP חפיסה,יחידה,0.00,יחידה,false,,39.00,0.0000,false,1,122103
7290115190250,false,סיגריות פרלמנט קצר בודד,פיליפ מוריס,US,פרלמנט נייט PP חפיסה,יחידה,0.00,יחידה,false,,39.00,0.0000,false,1,122104
7290115190328,false,ל.מ. בלו לייבל ארוך פאקט,פיליפ מוריס,TR,פקט ל.מ בלו 100 PP,יחידה,0.00,יחידה,false,,292.00,0.0000,false,1,123617
7290115190335,false,ל.מ.בלו לייבל ארוך בוקס חפיסה,פיליפ מוריס,TR,ל.מ בלו 100 PP,יחידה,0.00,יחידה,false,,30.00,0.0000,false,1,123622
7290115190342,false,אל אם כחול קצר לייבל,פיליפ מוריס,TR,פקט ל.מ. בלו PP,יחידה,0.00,יחידה,false,,292.00,0.0000,false,1,122119
7290115190359,false,סיגריות L.M בלו לייבל קצר,פיליפ מוריס,US,ל.מ. בלו PP חפיסה,יחידה,0.00,יחידה,false,,30.00,0.0000,false,1,122091
7290115190373,false,סיגריות ל.מ. קפסולהP,פיליפ מוריס,TR,ל.מ. קפסולה PP חפיסה,יחידה,0.00,יחידה,false,,30.00,0.0000,false,1,122095
7290115190397,false,סיגריות L.M קצר רד לייבל בודד,פיליפ מוריס,US,ל.מ. רד PP חפיסה,יחידה,0.00,יחידה,false,,30.00,0.0000,false,1,122092
7290115190427,false,אל אם וויב סלימס פאקט,פיליפ מוריס,TR,פקט ל.מ. וייב PP,יחידה,0.00,יחידה,false,,292.00,0.0000,false,1,122123
7290115190434,false,סיגריות L.M וייב סלימס בודד,פיליפ מוריס,US,ל.מ. וייב PP חפיסה,יחידה,0.00,יחידה,false,,30.00,0.0000,false,1,122093
7290115190441,false,סיגריות נקסט אדג פקט,פיליפ מוריס,TR,פקט נקסט אדג',יחידה,0.00,יחידה,false,,252.00,0.0000,false,1,123044
7290115190458,false,סיגריות נקסט פיין אדג' בודד,פיליפ מוריס,TR,נקסט אדג' חפיסה,יחידה,0.00,יחידה,false,,26.00,0.0000,false,1,123045
7290115190472,false,סיגריות נקסט פיין אדג',פיליפ מוריס,TR,נקסט פיין אדג' חפיסה,יחידה,0.00,יחידה,false,,26.00,0.0000,false,1,123525
7290115190489,false,סיגריות נקסט פיין 10,פיליפ מוריס,TR,פקט נקסט פיין 100,יחידה,0.00,יחידה,false,,282.00,0.0000,false,1,123626
7290115190496,false,סיגריות נקסט ארוך בודד,פיליפ מוריס,IL,נקסט פיין 100,יחידה,0.00,יחידה,false,,29.00,0.0000,false,1,123627
7290115190519,false,סיגריות נקסט פיין חפ,פיליפ מוריס,PL,נקסט פיין PP חפיסה,יחידה,0.00,יחידה,false,,29.00,0.0000,false,1,122097
7290115190533,false,סיגריות נקסט כחול ארוך,פיליפ מוריס,TR,נקסט פיין ריסס ארוך,יחידה,0.00,יחידה,false,,27.00,0.0000,false,1,123081
7290115190557,false,סיגריות נקסט ריסס בודד,פיליפ מוריס,TR,נקסט ריסס קצר PP חפי,יחידה,0.00,יחידה,false,,27.00,0.0000,false,1,122101
7290115190571,false,סיגריות נקסט לילך בודד,פיליפ מוריס,US,נקסט לילך PP חפיסה,יחידה,0.00,יחידה,false,,29.00,0.0000,false,1,122098
7290115190595,false,סיגריות נקסט אוריגינ,פיליפ מוריס,PL,נקסט אוריג'ינל PP חפ,יחידה,0.00,יחידה,false,,29.00,0.0000,false,1,122099
7290115191035,false,סיגריות מרלבורו סאמר ספלאש בודד,פיליפ מוריס,RS,מרלבורו סאמר ספלאש ח,יחידה,0.00,יחידה,false,,30.00,0.0000,false,1,188888
7290115200003,false,פתי בר פינוקי וניל אסם 220 גרם,תאי פרזידנט פוד פאבל,PL,פתיבר פינוקי וניל אס,גרמים,220.00,100 גרם,false,,10.90,0.0495,true,1,121286
7290115200027,false,אסם פתי בר פינוקים שוקו 220 גרם,קריות זול,PL,פתיבר פינוקי שוקו אס,גרמים,220.00,100 גרם,false,,10.90,0.0495,true,1,121287
7290115200676,false,עוגיות קרמוגית במילוי קרם בטעם קרמל מלוח,"הגביע מוצרי וופלים בע""\מ",IL,אסם קרמוגית קרמל מלו,גרמים,200.00,100 גרם,false,,11.50,0.0575,true,1,122309
7290115200713,false,במבה קלאסי מארז אחיד 8 50*5 ג',"אסם השקעות בע""\מ",IL,מארז במבה,גרמים,250.00,100 גרם,false,,12.90,0.0516,true,1,120905
7290115200881,false,בייגלה שטוחים שומשום מליחות מעודנת אסם 300 גרם,"אסם השקעות בע""\מ",IL,בייגלה שטוחים שומשום,גרמים,300.00,100 גרם,false,,11.90,0.0397,true,1,123506
7290115201031,false,אסם פתי בר דובי שוקולד 175 גרם,טרופיקל דגיל תעשיות,PL,פתיבר דובי שוקולד,גרמים,175.00,100 גרם,false,,10.90,0.0623,true,1,124839
7290115201475,false,טבעול גורמה לביבות כרישה 434 גרם,טבעול )מקבוצת אסם השקעות,IL,טבעול גורמה לביבות כ,גרמים,434.00,100 גרם,false,,33.90,0.0781,true,1,188032
7290115201536,false,"טבעול גורמה לביבות כרובית ותפו""א 442 גרם",טבעול )מקבוצת אסם השקעות,IL,טבעול גורמה לביבות כ,גרמים,442.00,100 גרם,false,,33.90,0.0767,true,1,188033
7290115201550,false,ביסלי קרנבל מיקס 150 ג' אסם,פרו מן יו פתרונות אר,IL,ביסלי קרנבל מיקס 150,גרמים,150.00,100 גרם,false,,9.00,0.0600,false,1,122297
7290115201680,false,ביסלי בטעם ברביקיו אסם 70 גרם,"אסם השקעות בע""\מ",IL,ביסלי ברביקיו 70 גרם,גרמים,70.00,100 גרם,false,,4.70,0.0671,false,1,122298
7290115201703,false,ביסלי ברביקיו גדול אסם 200 גרם,מיוצר עי קונדיטוריית,IL,ביסלי ברביקיו 200 גר,גרמים,200.00,100 גרם,false,,9.00,0.0450,false,1,122299
7290115201727,false,ביסלי חטיף בטעם בצל אסם 200 גרם,מיוצר עי קונדיטוריית,IL,ביסלי בצל 200 גרם,גרמים,200.00,100 גרם,false,,9.00,0.0450,false,1,122300
7290115202236,false,טופו קראנצ'ים טבעול 470 גרם,עיצובים 2020 (4.8),IL,טבעול טופו קראנצ'ים,גרמים,470.00,100 גרם,false,,31.00,0.0660,false,1,126514
7290115202250,false,טופו קראנצ'ים צ'ילי פיקנטי טבעול 470 גרם,עיצובים 2020 (4.8),IL,טבעול טופו קראנצ'ים,גרמים,470.00,100 גרם,false,,31.00,0.0660,false,1,126515
7290115202434,false,צבר סלט חומוס עם זעתר 375 גרם,ג'נרל מילס סאן אדריא,IL,צבר חומוס זעתר,גרמים,375.00,100 גרם,false,,12.00,0.0320,true,1,124037
7290115202762,false,פרפקטו מיני ניוקי טריקולור 500 ג' אסם,Grandi Pastai Italia,IT,פרפקטו מיני ניוקי טר,גרמים,500.00,100 גרם,false,,13.90,0.0278,true,1,125014
7290115202786,false,מנה חמה פאוץ נודלס אטריות טעם בקר 70 גרם,תאי פרזידנט,TH,מנה חמה פאוצ' בקר,גרמים,70.00,100 גרם,false,,4.40,0.0629,true,1,125015
7290115202816,false,מנה חמה פאוץ נודלס אטריות טעם עוף 70 גרם,תאי פרזידנט,TH,מנה חמה פאוצ' עוף,גרמים,70.00,100 גרם,false,,4.40,0.0629,true,1,125016
7290115202847,false,מנה חמה פאוץ נודלס אטריות טעם עוף 70 גרם,תאי פרזידנט,TH,מנה חמה פאוצ' נודלס,גרמים,70.00,100 גרם,false,,4.40,0.0629,true,1,125017
7290115202939,false,מנה חמה רייס נודלס עוף פטריות אסם 50 גרם,מיוצר עי קונדיטוריית,TH,מנה חמה רייס נודלס ע,גרמים,50.00,100 גרם,false,,8.50,0.1700,true,1,186590
7290115202953,false,אוסם - מנה חמה רייס נודלס קארי צהוב 55 גרם,מיוצר עי קונדיטוריית,TH,מנה חמה רייס נודלס ק,גרמים,55.00,100 גרם,false,,8.50,0.1545,true,1,186591
7290115202977,false,אוסם - מנה חמה רייס נודלס רוטב סויה סיני 55 גרם,מיוצר עי קונדיטוריית,TH,מנה חמה רייס נודלס ר,גרמים,55.00,100 גרם,false,,8.50,0.1545,true,1,186592
7290115203134,false,פופקו פופקורן במבה - פופקורן בציפוי קרמל ובוטנים,"אסם השקעות בע""\מ",IL,פופקו פופקורן במבה,גרמים,80.00,100 גרם,false,,5.30,0.0662,false,1,125586
7290115203172,false,במבה PRO מכיל 18 גרם חלבון בשקית,"אסם השקעות בע""\מ",IL,במבה פרו 80 גר',גרמים,80.00,100 גרם,false,,5.00,0.0625,false,1,189567
7290115203295,false,פרפקטו פסטה ריציאולי מהדורה 12*500גרם,אסם פרפקטו Perfecto,IT,פרפקטו פסטה ריציאולי,גרמים,500.00,100 גרם,false,,11.50,0.0230,false,1,125009
7290115203486,false,פירורית בטעם ביסלי גריל אסם 200 גרם,עינת תעשיות מזון אגו,IL,פירורית בטעם ביסלי ג,גרמים,200.00,100 גרם,false,,6.00,0.0300,false,1,125592
7290115203806,false,"רוטב בסיס לבישול אסם 290 מ""ל","אסם השקעות בע""\מ",IL,רוטב בסיס לבישול אסם,מיליליטרים,290.00,"100 מ""ל",false,,13.90,0.0479,true,1,185797
7290115204018,false,מנה חמה איטלקי פסטה בסגנון אלפרדו 60 ג' אסם,"אסם תעשיות בע""מ",IL,מנה חמה איטלקי פסטה,גרמים,60.00,100 גרם,false,,6.70,0.1117,false,1,125859
7290115204056,false,"קטשופ מופחת סוכר אסם 690 גרם כשל""פ","אסם תעשיות בע""מ",IL,קטשופ אסם מופחת סוכר,גרמים,690.00,100 גרם,false,,9.90,0.0143,false,1,125982
7290115204261,false,אריסה חריפה המעדנייה,פרסקו,IL,צבר אריסה,גרמים,190.00,100 גרם,false,,12.90,0.0679,true,1,187357
7290115205022,false,אוסם - שקדי מרק מקלונים 350 גרם,"אסם תעשיות בע""מ",IL,שקדי מרק מקלונים אסם,גרמים,350.00,100 גרם,false,,10.00,0.0286,false,1,185810
7290115205176,false,פיטנס - קרקר דק כפרי פיטנס 140 גרם,נסטלה Nestle,IL,פיטנס קרקר דק כפרי,גרמים,140.00,100 גרם,false,,11.90,0.0850,true,1,186240
7290115205251,false,פריכיות קרמל מלוח פיטנס בר 84 גרם,פרח תעשיות,IL,פיטנס בר פריכיות קרמ,גרמים,84.00,100 גרם,false,,12.90,0.1536,true,1,190150
7290115205312,false,קרקר פיטנס דק עם זיתי קלמטה ועשבי תיבול,"אסם השקעות בע""\מ",IL,פיטנס קרקר זיתים,גרמים,140.00,100 גרם,false,,11.90,0.0850,true,1,188813
7290115205527,false,פיטנס חטיף מולטיגריין עם עדשים 25 גרם,"אסם השקעות בע""\מ",IL,פיטנס חטיף מולטגריין,גרמים,25.00,100 גרם,false,,4.90,0.1960,true,1,188963
7290115205541,false,פיטנס חטיף מולטיגריין עם חומוס 25 גרם,"אסם השקעות בע""\מ",IL,פיטנס חטיף מולטיגריי,גרמים,25.00,100 גרם,false,,4.90,0.1960,true,1,188964
7290115205633,false,טבעול סנסשיונל/גורמה נקנקיות 350 גר',"טבעול תעשיות מזון בע""\מ",IL,טבעול סנסשיונל נקנקי,גרמים,350.00,100 גרם,false,,33.90,0.0969,true,1,187786
7290115205695,false,אסם בונזור בצק מצונן לפיצה 460 גרם,נסטלה סוויס )שוויץ(,CH,בצק מצונן לפיצה בונז,גרמים,460.00,100 גרם,false,,17.90,0.0389,true,1,187505
7290115205718,false,אסם בונזור בצק מצונן עלים 230 גרם,נסטלה סוויס )שוויץ(,CH,בצק מצונן עלים בונז',גרמים,230.00,100 גרם,false,,13.90,0.0604,true,1,187506
7290115206531,false,אסם קרמוגית במילוי קרם בייגלה 12*200 גרם,אסם-נסטלה,IL,קרמוגית קרם בייגלה,גרמים,200.00,100 גרם,false,,11.50,0.0575,true,1,186017
7290115206852,false,ביסלי צ'יזי סטיקס חדש 70 ג אסם,"אסם השקעות בע""\מ",IL,ביסלי צ'זי סטיקס 70,גרמים,70.00,100 גרם,false,,4.70,0.0671,false,1,189568
7290115207163,false,פרפקטו ניוקי בזיליקום ושום אסם 500 גרם,איטלניוקי,IT,פרפקטו ניוקי בזיליקו,גרמים,500.00,100 גרם,false,,14.90,0.0298,true,1,187351
7290115207361,false,ביסקוויט פתיבר בטעם פיסטוק,"אסם תעשיות בע""מ",IL,פתיבר פיסטוק 500 גר,גרמים,500.00,100 גרם,false,,13.90,0.0278,false,1,188817
7290115207507,false,"סלט טורקי 330 גרם ""צבר""",ג'נרל מילס סאן אדריא,IL,צבר סלט טורקי,גרמים,360.00,100 גרם,false,,15.90,0.0442,true,1,187193
7290115207620,false,"רוטב בסגנון סויה קלאסי 290 מ""ל אסם","אסם השקעות בע""\מ",IL,רוטב בסגנון סויה קלא,מיליליטרים,290.00,"100 מ""ל",false,,13.90,0.0479,true,1,188621
7290115207668,false,"רוטב סויה בסגנון סיני אסם 600 מ""ל",אסם,,רוטב סויה בסגנון סינ,מיליליטרים,600.00,"100 מ""ל",false,,17.00,0.0283,true,1,188620
7290115207682,false,אסם רוטב בסגנון סויה סיני 9*290מל חדש,"אסם השקעות בע""\מ",IL,רוטב סויה בסגנון סינ,מיליליטרים,290.00,"100 מ""ל",false,,12.00,0.0414,true,1,188619
7290115207798,false,טבעול המבורגר חריף טבעוני 420 גרם,"טבעול תעשיות מזון בע""\מ",IL,טבעול בורגר חריף טבע,גרמים,420.00,100 גרם,false,,31.00,0.0738,true,1,188819
7290115207880,false,סירופ ויטמינציק פטל 2 ליטר,בית השיטה עסיס תעשיו,IL,ויטמינצ'יק פטל 2 ליט,ליטרים,2.00,ליטר,false,,39.90,19.9500,false,1,187376
7290115207903,false,סירופ ויטמינציק תפוח 2 ליטר,בית השיטה עסיס תעשיו,IL,ויטמינצ'יק תפוח 2 לי,ליטרים,2.00,ליטר,false,,39.90,19.9500,false,1,187377
7290115207941,false,סירופ אננס ויטמינצ'יק 1 ליטר,בית-השיטה עסיס תעשיות מז,IL,ויטמינצ'יק אננס 1 לי,ליטרים,1.00,ליטר,false,,21.90,21.9000,false,1,187370
7290115207965,false,סירופ מנגו אפרסק ויטמינצ'יק 1 ליטר,בית-השיטה עסיס תעשיות מז,IL,ויטמינצ'יק מנגו אפרס,ליטרים,1.00,ליטר,false,,21.90,21.9000,false,1,187372
7290115207989,false,סירופ לימון ויטמינצ'יק 1 ליטר,בית-השיטה עסיס תעשיות מז,IL,ויטמינצ'יק לימון 1 ל,ליטרים,1.00,ליטר,false,,21.90,21.9000,false,1,187485
7290115208009,false,סירופ ענבים ויטמינצ'יק 1 ליטר,בית-השיטה עסיס תעשיות מז,IL,ויטמינצ'יק ענבים 1 ל,ליטרים,1.00,ליטר,false,,21.90,21.9000,false,1,187379
7290115208023,false,סירופ ויטמינציק ענבים 2 ליטר,,,ויטמינצ'יק ענבים 2 ל,ליטרים,2.00,ליטר,false,,39.90,19.9500,false,1,187380
7290115208047,false,סירופ פטל ויטמינצ'יק 1 ליטר,בית-השיטה עסיס תעשיות מז,IL,ויטמינצ'יק פטל 1 ליט,ליטרים,1.00,ליטר,false,,21.90,21.9000,false,1,187371
7290115208061,false,סירופ תפוח ויטמינצ'יק 1 ליטר,בית השיטה עסיס תעשיות מז,IL,ויטמינצ'יק תפוח 1 לי,ליטרים,1.00,ליטר,false,,21.90,21.9000,false,1,187373
7290115208320,false,אפרופו חטיף בטעם ביסלי בצל 50 גרם,"אסם השקעות בע""\מ",IL,אפרופו בטעם ביסלי בצ,גרמים,50.00,100 גרם,false,,5.20,0.1040,false,1,190775
7290115208344,false,בייגלה כפיות שמנת בצל אסם 300 גרם,"אסם השקעות בע""\מ",IL,בייגלה כפיות שמנת בצ,גרמים,300.00,100 גרם,false,,11.90,0.0397,false,1,189714
7290115208566,false,קרמוגית מיניס קרם בייגלה אסם 200 גרם,"אסם השקעות בע""\מ",IL,אסם קרמוגית מיניס קר,גרמים,200.00,100 גרם,false,,11.50,0.0575,true,1,189571
7290115208597,false,קרמוגית מיניס קרמל מלוח אסם 200 גרם,"אסם השקעות בע""\מ",IL,אסם קרמוגית מיניס קר,גרמים,200.00,100 גרם,false,,11.50,0.0575,true,1,189572
7290115208801,false,לחמית דבש ואגוזים אסם 190 גרם,לחמית,IL,לחמית דבש ואגוזים,גרמים,200.00,100 גרם,false,,10.50,0.0525,true,1,189713
7290115208849,false,"מנה חמה פסטה מוקרמת ט.עוף בד""צ 55גר","אסם תעשיות בע""מ",IL,מנה חמה פירה עם בטטה,גרמים,51.00,100 גרם,false,,6.70,0.1314,false,1,190769
7290115209198,false,במבה אוורירית אסם 80 גרם,"אסם תעשיות בע""מ",IL,במבה אוורירית 80 גר,גרמים,80.00,100 גרם,false,,5.00,0.0625,false,1,188960
7290115209235,false,ביסקוויט פתי בר קפה אסם 500 גרם,"אסם תעשיות בע""מ",IL,אסם פתי בר קפה,גרמים,500.00,100 גרם,false,,13.90,0.0278,false,1,190153
7290115209358,false,במבה במילוי בראוניז אסם 60 גרם,"אסם השקעות בע""\מ",IL,במבה במילוי בראוניז,גרמים,60.00,100 גרם,false,,5.30,0.0883,true,1,190772
7290115209372,false,במבה במילוי בראוניז 150ג' אסם,"אסם השקעות בע""\מ",IL,במבה במילוי בראוניז,גרמים,150.00,100 גרם,false,,9.60,0.0640,false,1,190773
7290115252330,false,וירו - מנת קינואה - בסגנון ספרדי עם ירוקת קלויים 340+130 מל',,PE,וירו - מנת קינואה בס,מיליליטרים,470.00,"100 מ""ל",false,,11.90,0.0253,true,1,186637
7290115671223,false,מסטיק מאסט פאן אבטיח מנגו צנצנת 58 גרם,אסקום קונפקשיין,DE,מאסט פאן אבטיח מנגו,גרמים,58.00,100 גרם,false,,9.90,0.1707,true,1,187250
7290115671308,false,מסטיק מאסט פאן בצנצנת תות דובדבן,אסקום קונפשטיין,DE,מאסט פאן תות דובדבן,גרמים,58.00,100 גרם,false,,9.90,0.1707,true,1,187251
7290115671421,false,פולי אספרסו עשירים וארומטיים עוצמה 10 250 ג' עלית,שטראוס קפה בי. וי.,IL,פולי אספרסו עשירים ו,גרמים,250.00,100 גרם,false,,21.90,0.0876,false,1,187993
7290115675702,false,דגני בוקר קראנצ'ים שיבולת שועל עם פירות מיובשים,גלידות שטראוס,PL,קוואקר Cruesli פירות,גרמים,375.00,100 גרם,false,,19.90,0.0531,true,1,126684
7290115675986,false,דנונה יוגורט בר עם אגוזים מקורמלים 173 גרם,"שטראוס בריאות בע""\מ",IL,דנונה קראנצ אגוזים מ,גרמים,173.00,100 גרם,false,,4.60,0.0266,false,1,123806
7290115676037,false,דנונה ריפרש יוגורט עם תות ודומדמניות 1.6% שומן,מיוצר עי קונדיטוריית,IL,דנונה ריפרש תות דומד,גרמים,250.00,100 גרם,false,,5.50,0.0220,true,1,125690
7290115676051,false,"משקה אקטיביה שיבולת שועל במתיקות מעודנת 250 מ""ל",מיוצר עי קונדיטוריית,IL,משקה אקטיביה עם שיבו,גרמים,265.00,100 גרם,false,,4.90,0.0185,true,1,186248
7290115676082,false,משקה דנונה פרו 20 יוגורט תות 255 ג' רבנות,"שטראוס בריאות בע""\מ.",IL,משקה דנונה פרו תות,גרמים,255.00,100 גרם,false,,6.90,0.0271,true,1,125693
7290115676099,false,משקה דנונה פרו 20 יוגורט וניל 255 ג' רבנות,"שטראוס בריאות בע""\מ.",IL,משקה דנונה פרו וניל,גרמים,255.00,100 גרם,false,,6.90,0.0271,true,1,125694
7290115676273,false,אבקת קקאו עלית 500 גרם+ 10% תוספת,שטראוס קפה בי.וי.,IL,קקאו 500 גרם +10% תו,גרמים,550.00,100 גרם,false,,26.90,0.0489,true,1,125106
7290115677140,false,תפוצ'יפס בטעם פפריקה 200 גרם היתר מכירה,שטראוס פריטו ליי בע”,IL,תפוצ'יפס בטעם פפריקה,גרמים,200.00,100 גרם,false,,10.90,0.0545,false,1,190822
7290115677362,false,"נודלס טריאקי ""דלישס"" שטראוס","טרופיקל דגיל בע""מ אז",IL,נודלס טריאקי דלישס,גרמים,350.00,100 גרם,false,,23.90,0.0683,true,1,185991
7290115677409,false,אורז קארי צהוב עם ירקות ברוטב קארי וקרם קוקוס,אוכל ביתי ניר עציון,IL,אורז קארי צהוב דלישס,גרמים,350.00,100 גרם,false,,23.90,0.0683,true,1,185993
7290115677676,false,חומוס עשיר בטחינה גולמית עם מלא חריף 400 גר אחלה,"שטראוס גרופ בע""\מ",IL,חומוס בתוספת חריף הס,גרמים,400.00,100 גרם,false,,12.90,0.0323,true,1,123771
7290115677904,false,חומוס פלפלים חריף אחלה 235 גרם,מיוצר עי קונדיטוריית,IL,חומוס פלפלים חריף,גרמים,235.00,100 גרם,false,,9.90,0.0421,true,1,125169
7290115677966,false,ממרח אבוקדו טעם הטבע 200 גרם,ג'י. אר. סימפלוט,MX,ממרח אבוקדו 200 גרם,גרמים,200.00,100 גרם,false,,13.90,0.0695,true,1,186031
7290115678222,false,מארז 8 גביעים יוגורט Greek בסגנון יווני 6.5% שומן,"שטראוס בריאות בע""\מ",IL,יוגורט יווני מארז שמ,קילוגרמים,1.04,"ק""ג",false,,23.90,22.9808,true,1,125692
7290115678376,false,מעדן הגולן שוקולד 125 גרם,מיוצר עי קונדיטוריית,IL,מעדן הגולן שוקולד,גרמים,125.00,100 גרם,false,,2.80,0.0224,false,1,126723
7290115678383,false,מעדן הגולן שוקולד מריר 125 גרם,מיוצר עי קונדיטוריית,IL,מעדן הגולן מריר,גרמים,125.00,100 גרם,false,,2.80,0.0224,false,1,126724
7290115678598,false,חסה אייסברג שטראוס טעם הטבע,שטראוס בריאות ירקות טריי,IL,חסה אייסברג חיתוך גס,גרמים,300.00,100 גרם,false,,9.90,0.0330,true,1,186425
7290115678642,false,נשנושי גבינה 16% עם חטיף אפוי עם זיתים 67 ג' שטראוס,"מחלבת טבע עז בע""\מ",IL,נשנושי גבינה 16% עם,גרמים,67.00,100 גרם,false,,10.00,0.1493,false,1,189550
7290115678888,false,שוקולית טופי קרמל 500 ג' עלית,שטראוס קפה בי.וי.,IL,שוקולית טופי קרמל,גרמים,500.00,100 גרם,false,,15.90,0.0318,false,1,188683
7290115730937,false,כוס מעוטר צבעוני 300,תבניכל,CN,כוס מעוטר 40 יח',יחידה,0.00,יחידה,false,,12.90,0.0000,true,1,188709
7290115731002,false,מרקיות פרח מתכלות,,,מרקיות פרח מתכלות,יחידה,0.00,יחידה,false,,7.90,0.0000,true,1,125389
7290115731026,false,צלחות גדולות פרח מתכ,,,צלחות גדולות פרח מתכ,יחידה,0.00,יחידה,false,,14.90,0.0000,true,1,125390
7290115731033,false,צלחות בינוניות פרח מ,,,צלחות בינוניות פרח מ,יחידה,0.00,יחידה,false,,11.90,0.0000,true,1,125391
7290115731040,false,צלחות קטנות פרח מתכל,,,צלחות קטנות פרח מתכל,יחידה,0.00,יחידה,false,,6.90,0.0000,true,1,125394
7290115733129,false,קופסית עוגה אינגליש,,,קופסית עוגה אינגליש,יחידה,0.00,יחידה,false,,7.90,0.0000,true,1,185932
7290115733136,false,קופסת עוגה תבנית גדו,,,קופסת עוגה תבנית גדו,יחידה,0.00,יחידה,false,,11.00,0.0000,true,1,185933
7290115735604,false,כוס נייר אקולוגי 40,,,כוס נייר אקולוגי 40,יחידה,0.00,יחידה,false,,9.90,0.0000,true,1,189832
7290115737127,false,סט צלחות פרחים זהב 1,,,סט צלחות פרחים זהב 1,יחידה,0.00,יחידה,false,,31.90,0.0000,true,1,188496
7290115737141,false,סט צלחות פרחים ניצוצ,,,סט צלחות פרחים ניצוצ,יחידה,0.00,יחידה,false,,31.90,0.0000,true,1,188500
7290115737158,false,סט צלחות פרחים מנטה,,,סט צלחות פרחים מנטה,יחידה,0.00,יחידה,false,,31.90,0.0000,true,1,188497
7290115738209,false,כוס יהלום,,,כוס יהלום,יחידה,0.00,יחידה,false,,9.90,0.0000,true,1,189009
7290116130743,false,אשכולות שוקולד חלב ע,,,אשכולות שוקולד חלב ע,גרמים,120.00,100 גרם,false,,12.90,0.1075,true,1,190649
7290116130767,false,אשכולות שוקולד חלב ע,,,אשכולות שוקולד חלב ע,גרמים,120.00,100 גרם,false,,12.90,0.1075,true,1,190900
7290116130842,false,חטיפי שוקולד חלב שקד,,,חטיפי שוקולד חלב שקד,גרמים,120.00,100 גרם,false,,12.90,0.1075,true,1,190650
7290116244068,false,אצבעות שוקולד חלב 84 גר'-כוח פי גיי,סטילנד שוקולד,NL,אצבעות שוקולד חלב כו,גרמים,84.00,100 גרם,false,,7.90,0.0940,true,1,187920
7290116244075,false,סמי הכבאי אצבעות שוקולד חלב 84 גרם,סטילנד שוקולד,NL,אצבעות שוקולד חלב סמ,גרמים,84.00,100 גרם,false,,7.90,0.0940,true,1,187922
7290116530062,false,רוטב ויניגרט לסלט הלמנס 295 גרם,יוניליוור ישראל מזון בע\,IL,הלמנס לסלט ויניגרט 2,גרמים,295.00,100 גרם,false,,12.90,0.0437,true,1,126585
7290116530116,false,קליק שלישיית ברים שוקולד נוגט לבן 105 גרם,,,קליק שלישיית ברים שו,גרמים,105.00,100 גרם,false,,14.90,0.1419,true,1,126137
7290116530161,false,"פינוק ת. רחצה שייק אננס, מלון וחלב שיבולת שועל 750מ""ל",יוניליוור ישראל טיפוח אי,IL,פינוק תחליב רחצה אננ,מיליליטרים,700.00,"100 מ""ל",false,,11.90,0.0170,false,1,125723
7290116530185,false,"קורנפלקס דלישקד קרמל מלוח 400 גרם בד""ץ","יוניליוור שפע ישראל בע""\",IL,דלישקד 400 גר' תלמה,גרמים,400.00,100 גרם,false,,19.90,0.0497,false,1,186079
7290116530215,false,דאודרנט סטיק לגבר דרק טמפטיישן 76 ג' אקס,יוניליוור פארם,US,אקס שוקולד סטיק,גרמים,77.00,100 גרם,false,,15.90,0.2065,false,1,125718
7290116530222,false,דאודרנט סטיק לגבר אנרכי 76 ג' אקס,יוניליוור פארם,US,אקס אנרכי סטיק,גרמים,77.00,100 גרם,false,,15.90,0.2065,false,1,125719
7290116530482,false,תלמה מארז קורנפלקס אלופים 30 גרם*5 יחידו,פרו מן-יו פתרנות ארי,IL,מאגדת קורנפלקס אלופי,גרמים,150.00,100 גרם,false,,11.90,0.0793,false,1,186080
7290116530871,false,נשנושים מיקס בייגל בייגל 240 גרם,"דרך השוקולד ,1 צפת 13404",IL,נשנושים מיקס 240 גר',גרמים,240.00,100 גרם,false,,13.50,0.0563,true,1,125857
7290116530888,false,ג'ל לכביסה לבנה וצבעונית פינוק כחול בדין 2.5 ל',"זוהר דליה, קיבוץ דליה, 1",IL,בדין ג'ל לכביסה פינו,ליטרים,2.50,ליטר,false,,29.90,11.9600,true,1,126533
7290116531045,false,קורנפלקס דליפקאן 350ג ללא גלוטן,"מולינו ניקולי ,S.p.A ויה",IT,דליפקאן ללא גלוטן 35,גרמים,350.00,100 גרם,false,,19.90,0.0569,true,1,188232
7290116531090,false,בייגל בייגל דג דג במליחות עדינה 250 גרם,"דרך השוקולד ,1 צפת 13404",IL,דגדג במליחות מעודנת,גרמים,250.00,100 גרם,false,,11.50,0.0460,true,1,187310
7290116531243,false,"שמפו ומרכך 2ב-1 למניעת קשקשים 700 מ""ל פינוק",יוניליוור ישראל טיפוח אי,IL,פינוק שמפו 2-ב-1 קשק,מיליליטרים,700.00,"100 מ""ל",false,,12.90,0.0184,false,1,190607
7290116531496,false,קינמונים דגנים פריכים מצופים 375 גרם,"נאוג'\אזיס נווזיס ,UAB ג",LT,קינמונים 375 גר',גרמים,375.00,100 גרם,false,,19.90,0.0531,false,1,188865
7290116531557,false,"פריכיות פתית תירס עם מלח 150 גרם כשל""פ",גוד פוד פרודקטס Sp.zo.o,PL,מאגדת פתית פריכיות ת,גרמים,150.00,100 גרם,false,,13.90,0.0927,true,1,188184
7290116531649,false,"שמפו פינוק לשיער בניחוח תפוח 700 מ""ל",יוניליוור ישראל טיפוח אי,IL,פינוק שמפו תפוח 700,מיליליטרים,700.00,"100 מ""ל",false,,11.90,0.0170,false,1,186303
7290116531656,false,"מרכך פינוק לשיער בניחוח תפוח 700 מ""ל",יוניליוור ישראל טיפוח אי,IL,פינוק מרכך תפוח 700,מיליליטרים,700.00,"100 מ""ל",false,,11.90,0.0170,false,1,186305
7290116531663,false,"תחליב רחצה פינוק בניחוח תפוח 700 מ""ל",יוניליוור ישראל טיפוח אי,IL,פינוק תחליב רחצה תפו,מיליליטרים,700.00,"100 מ""ל",false,,11.90,0.0170,false,1,186306
7290116531762,false,דפים ריחניים למייבש כביסה בדין ורוד 40 יחידות,"קלינטסט - 3p ארה""ב",US,בדין דפים למייבש ורו,יחידה,0.00,יחידה,false,,18.90,0.0000,true,1,188775
7290116531779,false,דפים ריחניים למייבש כביסה בדין כחול 40 יחידות,"קלינטסט - 3p ארה""ב",US,בדין דפי מרכך כחול 4,יחידה,0.00,יחידה,false,,18.90,0.0000,true,1,188989
7290116531885,false,"מיונז הלמנס טיבעוני בד""ץ 500 גר",יוניליוור ישראל מזון בע\,IL,הלמנס ממרח טבעוני 50,גרמים,500.00,100 גרם,false,,13.90,0.0278,true,1,189530
7290116531892,false,רוטב ברביקיו מעושן יום עצמאות קנור 350 גרם,יוניליוור ישראל מזון בע\,IL,רוטב ברביקיו מעושן 3,גרמים,350.00,100 גרם,false,,12.50,0.0357,false,1,188774
7290116531939,false,גלידה בשומן צמחי בטעם תות שדה בציפוי מכיל שוקולד,"גלידת שטראוס בע""\מ, רח'",IL,גלידונית תות שדה,מיליליטרים,955.00,"100 מ""ל",false,,49.90,0.0523,false,1,188778
7290116531977,false,אקס דאודורנט בודי ספריי סקייטבורד וורדים,"קוסטר אירוסול, גבזה 4140",GB,"אקס ספריי גוף 150 מ""",מיליליטרים,150.00,"100 מ""ל",false,,11.90,0.0793,false,1,190357
7290116532219,false,קורנפלקס תות תלמה אלופים 448 גרם,"יוניליוור שפע ישראל בע""\",IL,קורנפלקס תות 448 תלמ,גרמים,500.00,100 גרם,false,,19.90,0.0398,false,1,189130
7290116532264,false,מאגדת גודיז פרי אפרסק יוגורט בציפוי 300 ג' שטראוס,"גלידת שטראוס בע""\מ, רחוב",IL,מאגדת גודיז פרי אפרס,גרמים,300.00,100 גרם,false,,25.90,0.0863,true,1,189085
7290116532271,false,סנדוויץ לייט גודיז שוקולד וניל 270 ג' שטראוס,"גלידת שטראוס בע""\מ, רחוב",IL,מאגדת גודיז סנדוויץ,גרמים,270.00,100 גרם,false,,29.90,0.1107,true,1,189084
7290116532387,false,"אל סבון ידיים נוזלי חמאת שיאה 950 מ""ל פינוק",יוניליוור ישראל טיפוח אי,TR,פינוק סבון ידיים חמא,מיליליטרים,950.00,"100 מ""ל",false,,13.90,0.0146,true,1,188863
7290116532462,false,גלידת שמנת קליק בטעמי שוקולד בננה 384 ג' שטראוס,"גלידת שטראוס בע""\מ, רחוב",IL,גלידת שמנת פיינט קלי,מיליליטרים,520.00,"100 מ""ל",false,,19.90,0.0383,true,1,188611
7290116532486,false,גלידת שמנת קליק בטעמי וניל קרמל מלוח 384 ג' שטראוס,"גלידת שטראוס בע""\מ, רחוב",IL,גלידת שמנת פיינט קלי,מיליליטרים,520.00,"100 מ""ל",false,,19.90,0.0383,true,1,188612
7290116532615,false,"שמפו לשיער בתוספת תמצית גוג'י ברי פינוק 700 מ""ל.",יוניליוור ישראלn\טיפוח א,IL,פינוק שמפו גוג'י ברי,מיליליטרים,700.00,"100 מ""ל",false,,11.90,0.0170,false,1,189529
7290116532622,false,"מרכך לשיער בתוספת תמצית גוג'י ברי פינוק 700 מ""ל.",יוניליוור ישראלn\טיפוח א,IL,פינוק מרכך גוג'י ברי,מיליליטרים,700.00,"100 מ""ל",false,,11.90,0.0170,false,1,189528
7290116532721,false,רוטב הלמנס ישראלי לסלט לימון וזעתר 305 ג,אתר חיפה ממרחים - Fo,IL,הלמנס רוטב לסלט לימו,גרמים,295.00,100 גרם,false,,12.90,0.0437,true,1,190636
7290116532738,false,רוטב איטלקי לסלט בזיליקום ואורגנו 305 גרם,אתר חיפה ממרחים - Fo,IL,הלמנס רוטב לסלט איטל,גרמים,295.00,100 גרם,false,,12.90,0.0437,true,1,190637
7290116532868,false,פינוק בייבי שמפו אל דמע לתינוקות 900 מל,יוניליוור ישראלn\טיפוח א,IL,פינוק שמפו בייבי 900,מיליליטרים,900.00,"100 מ""ל",false,,19.90,0.0221,true,1,189995
7290116532875,false,פינוק בייבי אל סבון לתינוקות 970 מל-משאבה,יוניליוור ישראלn\טיפוח א,IL,פינוק סבון נוזלי ביי,מיליליטרים,900.00,"100 מ""ל",false,,19.90,0.0221,true,1,189886
7290116532882,false,נישנושים איירביס בצל 155 גרם,"דרך השוקולד ,1 צפת 13404",IL,נשנושים איירביס בצל,גרמים,155.00,100 גרם,false,,13.50,0.0871,false,1,190633
7290116532899,false,נשנושים איירביס טעם פלאפל 155 גרם,"דרך השוקולד ,1 צפת 13404",IL,נשנושים איירביס פלאפ,גרמים,155.00,100 גרם,false,,13.50,0.0871,false,1,190634
7290116532905,false,נשנושים איירביס טעם ברביקיו 155 גרם,"דרך השוקולד ,1 צפת 13404",IL,נשנושים איירביס ברבי,גרמים,155.00,100 גרם,false,,13.50,0.0871,false,1,190635
7290116533230,false,דגני בוקר דליאגוז תל,יוניליוור,IL,דליאגוז 400 גרם תלמה,גרמים,400.00,100 גרם,false,,19.90,0.0497,false,1,191075
7290116930282,false,ארוחה בקטנה לאבנה עם קרקרים 150ג' תנובה,תנובה חלב,IL,ארוחה בקטנה לאבנה עם,גרמים,150.00,100 גרם,false,,7.60,0.0507,true,1,189616
7290116930435,false,יוגורט יופלה GO במרקם סמיך עם דובדבן 0%,תנובה מרכז שיתופי לש,IL,יוגורט גו סמיך 0% דו,גרמים,200.00,100 גרם,false,,6.20,0.0310,true,1,188836
7290116930459,false,"יופלה שייק מנגו בננה אננס וקוקוס 230 מ""ל",קבוצת המזון אקטשלאר,IL,יופלה SHAKE בננה אננ,מיליליטרים,230.00,"100 מ""ל",false,,7.90,0.0343,false,1,189186
7290116930466,false,"משקה SHAKE בננה מנגן פסיפלורה והל 230 מ""ל יופלה",קבוצת המזון אקטשלאר,IL,יופלה SHAKE מנגו בננ,מיליליטרים,230.00,"100 מ""ל",false,,7.90,0.0343,false,1,189187
7290116930480,false,"משקה SHAKE בננה קיווי תפוח 230 מ""ל יופלה",קבוצת המזון אקטשלאר,IL,יופלה SHAKE בננה קיו,מיליליטרים,230.00,"100 מ""ל",false,,7.90,0.0343,false,1,189185
7290116930626,false,ארוחה בקטנה ציזיקי עם קרקרים 150ג' תנובה,תנובה חלב,IL,ארוחה בקטנה צזיקי עם,גרמים,150.00,100 גרם,false,,7.60,0.0507,true,1,189617
7290116930657,false,"משקה חלב גו בטעם בננה תמר בתוספת שיבולת שועל במרקם חלק 340 מ""ל",תנובה מרכז שיתופי לש,IL,משקה גו בטעם בננה תמ,מיליליטרים,340.00,"100 מ""ל",false,,8.00,0.0235,true,1,191041
7290116930701,false,מעדן חלב GO מועשר בחלבון בטעם קרמל מלוח,תנובה מרכז שיתופי לש,IL,מעדן חלב גו בטעם קרמ,גרמים,120.00,100 גרם,false,,4.70,0.0392,true,1,189184
7290116930718,false,מעדן תנובה דיאט בטעם שוקולד וקרמל מלוח 0% 150ג' תנובה,"תנובה בע""\מ",IL,מעדן דיאט שוקולד קרמ,גרמים,150.00,100 גרם,false,,4.10,0.0273,false,1,189577
7290116930725,false,סויה BIO קוקוס גביע 150 גרם אלטרנטיב,תנובה חלב,IL,סויה ביו קוקוס,גרמים,150.00,100 גרם,false,,4.40,0.0293,true,1,189618
7290116930954,false,יוגורט טעם פאי תפוחים 3% 150 ג' יופלה,"תנובה בע""\מ",IL,יופלה פאי תפוחים 3%,גרמים,150.00,100 גרם,false,,5.10,0.0340,true,1,190985
7290116931012,false,יופלה דיאט 0% שומן תפוח וקינמון 150 גרם,תנובה מרכז שיתופי לש,IL,יופלה דיאט 0% תפוח ק,גרמים,150.00,100 גרם,false,,5.10,0.0340,false,1,190983
7290116931081,false,מעדן סויה - טופי קרמל 125 גרם אלטרנטיב,תנובה מרכז שיתופי לש,IL,מעדן סויה בטעם טופי,גרמים,125.00,100 גרם,false,,3.90,0.0312,true,1,189619
7290116931104,false,יופלה GO במרקם סמיך עם אננס 0% תנובה 200 גרם,תנובה חלב,IL,יופלה גו במרקם סמיך,גרמים,200.00,100 גרם,false,,5.80,0.0290,true,1,189620
7290116931159,false,יופלה דיאט 0% שומן תות בננה 150 גרם,תנובה מרכז שיתופי לש,IL,יופלה דיאט 0% תות בנ,גרמים,150.00,100 גרם,false,,5.10,0.0340,false,1,190984
7290116931289,false,יופלה גו במרקם סמיך אלפחורס 200מל,תנובה מרכז שיתופי לש,IL,יוגורט גו סמיך אלפחו,גרמים,200.00,100 גרם,false,,6.20,0.0310,true,1,191087
7290117183946,false,חזרת אדומה 360 גר,,,חזרת אדומה 360 גר,גרמים,360.00,100 גרם,false,,15.90,0.0442,true,1,191190
7290117183953,false,חזרת אדומה ללא סוכר,,,חזרת אדומה ללא סוכר,גרמים,300.00,100 גרם,false,,15.90,0.0530,true,1,191191
7290117261521,false,סלמון אטלנטי בשמן קנולה 120 גרם ויליפוד,קריות זול,LV,סלמון אטלנטי בשמן קנ,גרמים,120.00,100 גרם,false,,8.50,0.0708,true,1,190334
7290117261545,false,סלמון אטלנטי ברוטב טריאקי 120 גרם ויליפוד,קריות זול,LV,סלמון אטלנטי ברוטב ט,גרמים,120.00,100 גרם,false,,8.50,0.0708,true,1,190340
7290117261552,false,סלמון אטלנטי ברוטב עגבניות 120 גרם ויליפוד,קריות זול,LV,סלמון אטלנטי ברוטב ע,גרמים,120.00,100 גרם,false,,8.50,0.0708,true,1,190870
7290117261569,false,סלמון אטלנטי מעושן בשמן קנולה 120 גרם ויליפוד,קריות זול,LV,סלמון אטלנטי מעושן ב,גרמים,120.00,100 גרם,false,,8.50,0.0708,true,1,190336
7290117380154,false,"מאסטר שף רוטב אסיאתי עם סויה 260 מ""ל",רמייה,NL,מאסטר שף רוטב אסייתי,גרמים,264.00,100 גרם,false,,9.90,0.0375,true,1,188943
7290117380857,false,"מרבה סלים דליס פייבר עוגות אישיות בטעם לימון, 120 גרם",שסטוביץ,NL,סלים דליס פייבר-עוגו,גרמים,120.00,100 גרם,false,,10.90,0.0908,true,1,189552
7290117380871,false,סלים דליס פייבר עוגות אישיות בטעם אוכמניות 120 גרם,הלמה הלום,NL,מרבה סלים דליס פייבר,גרמים,120.00,100 גרם,false,,10.90,0.0908,true,1,189205
7290117381236,false,פוף פריכיות מצופות שוקולד מריר 70 גרם,בנליאן פודס,RS,פוף פריכיות מצופות ש,גרמים,70.00,100 גרם,false,,7.90,0.1129,true,1,189921
7290117381243,false,פוף פריכיות מצופות שוקולד חלב ותות 70 גר,שסטוביץ,RS,פוף פריכיות מצופות ש,גרמים,70.00,100 גרם,false,,7.90,0.1129,true,1,189922
7290117382332,false,סלים דליס - חטיף חלבון מצופה שוקולד בטעם עוגיות 60 גרם,"י. מרבה ישראל בע""\מ",IT,סלים דליס חטיף חלבון,גרמים,60.00,100 גרם,false,,11.90,0.1983,true,1,189892
7290117383728,false,"מארז זוג תחליב רחצה לומינוס  אבוקדו 750 מ""ל פלמוליב",קולגייט פלמוליב,TR,פלמוליב לומינוס אבוק,ליטרים,1.50,100 ליטר,false,,30.00,20.0000,true,1,190790
7290117383735,false,"מארז זוג תחליב רחצה חימר ורדים *750 מ""ל פלמוליב",קולגייט פלמוליב,TR,פלמוליב חימר ורדים 7,ליטרים,1.50,ליטר,false,,30.00,20.0000,true,1,190787
7290117383742,false,"מארז זוג ג'ל רחצה לגבר 750 מ""ל פלמוליב",קולגייט פלמוליב,TR,פלמוליב גבר מרענן 75,מיליליטרים,1.50,"מ""ל",false,,30.00,20.0000,true,1,190788
7290117383780,false,מארז זוג סבון גוף ארומה מסאז' גרגירי פילינג,קולגייט פלמוליב,TR,פלמוליב ארומה מסאז',ליטרים,1.50,ליטר,false,,30.00,20.0000,true,1,190789
7290117824047,false,ממתק ליקריץ מקלות 35גר-בטעם פירות ליגת ה,שמחה זה אנחנו,,ממתק ליקריץ מקלות 35,גרמים,35.00,100 גרם,false,,2.90,0.0829,true,1,190901
7290117824054,false,ליקריץ מקלות פירות 35 גר,,TR,ממתק ליקריץ מקלות 35,גרמים,35.00,100 גרם,false,,2.90,0.0829,true,1,190902
7290117825860,false,ממתק ליקריץ מקלות 35גר-בטעם פירות LOL,שמחה זה אנחנו,TR,ממתק ליקריץ מקלות 35,גרמים,35.00,100 גרם,false,,2.90,0.0829,true,1,190905
7290117825914,false,ממתק מקלות קולה 35 גרם,,TR,ממתק ליקריץ מקלות חמ,גרמים,35.00,100 גרם,false,,2.90,0.0829,true,1,190908
7290118420071,false,במבה ביסלי ברביקיו מיקס 80ג' אסם,"אסם השקעות בע""\מ",IL,במבה ביסלי ברבקיו מי,גרמים,80.00,100 גרם,false,,4.90,0.0613,false,1,190774
7290118420378,false,פתיבר פינוקים בטעם תותים בשמנת - חלבי,קריות זול,IL,אסם פתי בר פינוקים ת,גרמים,220.00,100 גרם,false,,10.90,0.0495,true,1,190771
7290118420477,false,אסם בייגלה שטוחים בטעם ביסלי בצל 300 גרם,"אסם תעשיות בע""מ",IL,אסם בייגלה שטוחים בט,גרמים,300.00,100 גרם,false,,11.90,0.0397,true,1,190776
7290118420514,false,אינסטנט פודינג בטעם נוגט אסם 75 גרם,"אסם תעשיות בע""מ",IL,אסם אינסטנט פודינג נ,גרמים,75.00,100 גרם,false,,5.80,0.0773,false,1,190770
7291546455635,false,תירס לבן מתוק ארוז,חקלאי,IL,תירס לבן כפרי חן,יחידה,0.00,יחידה,false,,19.90,0.0000,true,1,112742
7296021023330,false,"קופסה פלסטיק 900 מ""ל Biokips",נעמן,,מיכל 900מל מלבן פסטי,יחידה,0.00,יחידה,false,,22.90,0.0000,true,1,57843
7296021023415,false,מיכל 670 מ'ל מלבן פל,,,"מיכל 670 מ""ל מלבן פל",יחידה,0.00,יחידה,false,,21.00,0.0000,true,1,55894
7296021023439,false,"מיכל 300 מ""ל מרובע פ",,,"מיכל 300 מ""ל מרובע פ",יחידה,0.00,יחידה,false,,13.90,0.0000,true,1,100549
7296021023446,false,"מיכל 700 מ""ל מרובע פ",,,"מיכל 700 מ""ל מרובע פ",יחידה,0.00,יחידה,false,,21.90,0.0000,true,1,55895
7296021023460,false,קופסה פלסטיק 1.1 ליטר Biokips,נעמן,,מיכל מרובע 1.1 ליטר,יחידה,0.00,יחידה,false,,22.90,0.0000,true,1,61071
7296021108945,false,כד מידה נעמן,,,כד מידה נעמן,יחידה,0.00,יחידה,false,,15.90,0.0000,true,1,65770
7296021108952,false,"כד מידה 300 מ""ל נעמן",,,"כד מידה 300 מ""ל נעמן",יחידה,0.00,יחידה,false,,10.90,0.0000,true,1,65771
7296021111037,false,"מערוך נון סטיק 47 ס""מ קוטר 6.5 ס""מ patisserie",נעמן,,"מערוך 47 ס""מ",יחידה,0.00,יחידה,false,,37.90,0.0000,true,1,107118
7296021119736,false,תיון 1.5 עם מסננת ני,,,תיון 1.5 עם מסננת ני,יחידה,0.00,יחידה,false,,36.90,0.0000,true,1,69637
7296021124556,false,סט כף ותרווד מעץ נעמ,,,סט כף ותרווד מעץ נעמ,יחידה,0.00,יחידה,false,,10.90,0.0000,true,1,94686
7296021124907,false,לוח חיתוך גמיש צבעונ,,,לוח חיתוך גמיש צבעונ,יחידה,0.00,יחידה,false,,32.90,0.0000,true,1,96403
7296021127083,false,תרמוס שתיה חצי ליטר,,,תרמוס שתיה חצי ליטר,יחידה,0.00,יחידה,false,,47.90,0.0000,true,1,111984
7296021129940,false,צנצנות מלח ופלפל זכו,ade,CN,צנצנות מלח ופלפל זכו,יחידה,0.00,יחידה,false,,6.90,0.0000,true,1,98563
7296021133541,false,מצקת נירוסטה ידית שח,KIS CHINA,CN,מצקת נירוסטה,יחידה,0.00,יחידה,false,,21.90,0.0000,true,1,98802
7296021133558,false,כף מסננת ידית שחורה,KIS CHINA,CN,כף מסננת ידית שחורה,יחידה,0.00,יחידה,false,,19.90,0.0000,true,1,100552
7296021133565,false,תרווד מחורץ ידית שחו,KIS CHINA,CN,תרווד מחורץ ידית שחו,יחידה,0.00,יחידה,false,,15.90,0.0000,true,1,99523
7296021133596,false,כף בישול ידית שחורה,KIS CHINA,CN,כף בישול ידית שחורה,יחידה,0.00,יחידה,false,,15.90,0.0000,true,1,101999
7296021133602,false,מועך תפוחי אדמה ידית שחורה,KIS CHINA,CN,"מועך תפ""א ידית שחורה",יחידה,0.00,יחידה,false,,15.90,0.0000,true,1,100990
7296021133732,false,כף עוגה ידית שחורה נ,KIS CHINA,CN,כף עוגה ידית שחורה נ,יחידה,0.00,יחידה,false,,10.90,0.0000,true,1,103274
7296021133749,false,מסננת קטנה ידית שחור,KIS CHINA,CN,מסננת קטנה ידית שחור,יחידה,0.00,יחידה,false,,9.90,0.0000,true,1,107123
7296021135422,false,כף בישול נירוסטה נעמ,,,כף בישול נירוסטה נעמ,יחידה,0.00,יחידה,false,,27.90,0.0000,true,1,124556
7296021136030,false,קולפן Y נירוסטה קולפ,,,קולפן Y,יחידה,0.00,יחידה,false,,18.50,0.0000,true,1,102299
7296021137846,false,קולפן Y נירוסטה,,,קולפן נירוסטה,יחידה,0.00,יחידה,false,,15.90,0.0000,true,1,121577
7296021141027,false,כף מסננת קטנה ידית מ,,,כף מסננת קטנה ידית מ,יחידה,0.00,יחידה,false,,14.90,0.0000,true,1,124562
7296021146404,false,תבנית לאפיה קפיץ 20,,,תבנית לאפיה קפיץ 20,יחידה,0.00,יחידה,false,,29.90,0.0000,true,1,104460
7296021146428,false,תבנית קפיצית לאפייה,,,תבנית לאפיה קפיץ 24,יחידה,0.00,יחידה,false,,36.90,0.0000,true,1,104462
7296021148484,false,קרש חיתוך 29*21 פלסט,,,קרש חיתוך 29*21 פלסט,יחידה,0.00,יחידה,false,,25.90,0.0000,true,1,105835
7296021152221,false,סוחט לימון ידני פלסט,,,סוחט לימון ידני פלסט,יחידה,0.00,יחידה,false,,8.90,0.0000,true,1,105389
7296021156403,false,מרית סיליקון patiss,,,מרית סיליקון,יחידה,0.00,יחידה,false,,19.90,0.0000,true,1,125812
7296021157271,false,שישיית כוסות מאג 300,,,מאג 300 מל דיימונד,יחידה,0.00,יחידה,false,,3.90,0.0000,true,1,113404
7296021157301,false,סט חותכני עוגיות,,,סט חותכני עוגיות,יחידה,0.00,יחידה,false,,26.90,0.0000,true,1,125773
7296021160875,false,מספריים למטבח עם מגנ,,,מספריים למטבח עם מגנ,יחידה,0.00,יחידה,false,,19.90,0.0000,true,1,111992
7296021161193,false,צנצנת זכוכית מרובעת,,,צנצנת זכוכית 1650 מל,יחידה,0.00,יחידה,false,,15.90,0.0000,true,1,109771
7296021161209,false,צנצנת זכוכית מרובעת,,,צנצנת זכוכית מרובעת,יחידה,0.00,יחידה,false,,17.90,0.0000,true,1,127025
7296021161216,false,מלחייה בדיספליי,ade,CN,מלחייה בדיספליי,יחידה,0.00,יחידה,false,,8.90,0.0000,true,1,109772
7296021161599,false,קופסאת אחסון זכוכית,,,קופסה מלבן זכוכית,יחידה,0.00,יחידה,false,,44.90,0.0000,true,1,108850
7296021166242,false,קראף לשתיה קרה 2 ליט,,,קראף לשתיה קרה 2 ליט,יחידה,0.00,יחידה,false,,28.90,0.0000,true,1,114734
7296021168116,false,"מאג 300 מ""ל זכוכית",,,"מאג 300 מ""ל זכוכית",יחידה,0.00,יחידה,false,,3.90,0.0000,true,1,111993
7296021170799,false,- מסחטת לימון 7*22 צהוב ALUMINIUM,,,מסחטת לימון,יחידה,0.00,יחידה,false,,24.90,0.0000,true,1,113125
7296021170881,false,מסננת תה רשת כפולה נ,,,מסננת תה רשת כפולה,יחידה,0.00,יחידה,false,,9.90,0.0000,true,1,114737
7296021170935,false,מטרפה עם לקקן סיליקו,,,מטרפה עם לקקן סיליקו,יחידה,0.00,יחידה,false,,18.90,0.0000,true,1,113741
7296021172151,false,סלסלת אחסון,,,סלסלת אחסון,יחידה,0.00,יחידה,false,,7.90,0.0000,true,1,113426
7296021172168,false,סלסלת אחסון לפירות ו,,,סלסלת אחסון לפירות ו,יחידה,0.00,יחידה,false,,9.90,0.0000,true,1,115721
7296021172380,false,"סכין ידית מעץ 20 ס""מ",,,"סכין 20 ס""מ ידית שף",יחידה,0.00,יחידה,false,,24.90,0.0000,true,1,113742
7296021187636,false,"כוסות מדידה 250,125,80,60 מ""ל",נעמן,,כוסות מדידה,יחידה,0.00,יחידה,false,,11.90,0.0000,true,1,119420
7296021187650,false,מגרדת עם קופסא,,,מגרדת עם קופסא,יחידה,0.00,יחידה,false,,24.90,0.0000,true,1,119651
7296021189470,false,מכשיר להכנת פלאפל,,,מכשיר להכנת פלאפל,יחידה,0.00,יחידה,false,,19.90,0.0000,true,1,122589
7296021191367,false,תבנית לקוביות קרח עם,,,קרחון עם מכסה,יחידה,0.00,יחידה,false,,9.90,0.0000,true,1,115140
7296021191787,false,"מחבת יציקה 20 ס""מ שח",,,"מחבת יציקה 20 ס""מ",יחידה,0.00,יחידה,false,,59.90,0.0000,true,1,125315
7296021191794,false,"מחבת יציקה 22 ס""מ שח",,,"מחבת יציקה 22 ס""מ",יחידה,0.00,יחידה,false,,69.90,0.0000,true,1,125316
7296021191817,false,"מחבת יציקה 26 ס""מ שח",,,"מחבת יציקה 26 ס""מ",יחידה,0.00,יחידה,false,,79.90,0.0000,true,1,123938
7296021191855,false,מחבת גריל יציקה 28 ס,,,מחבת גריל יציקה 28 ס,יחידה,0.00,יחידה,false,,99.90,0.0000,true,1,116170
7296021226823,false,"קערית 13 ס""מ",,,"קערית 13 ס""מ",יחידה,0.00,יחידה,false,,9.90,0.0000,true,1,118101
7296021227905,false,קסרול עם מכסה 4 ליטר,,,קסרול עם מכסה 4 ליטר,יחידה,0.00,יחידה,false,,69.90,0.0000,true,1,118105
7296021228490,false,קערת אחסון עגולה 7.,,,קערת אחסון עגולה,יחידה,0.00,יחידה,false,,21.90,0.0000,true,1,121249
7296021228506,false,קערת אחסון עגולה 6.6,,,קערת אחסון עגולה,יחידה,0.00,יחידה,false,,16.90,0.0000,true,1,121250
7296021228513,false,קערת אחסון עגולה 5.6,,,קערת אחסון עגולה,יחידה,0.00,יחידה,false,,9.90,0.0000,true,1,121251
7296021230622,false,פרייבט שף - סינר,,,פרייבט שף - סינר,יחידה,0.00,יחידה,false,,34.90,0.0000,true,1,125813
7296021232220,false,צנצנת 2 ליטר,,,צנצנת 2 ליטר,יחידה,0.00,יחידה,false,,26.90,0.0000,true,1,121567
7296021232244,false,צנצנת 1.2 ליטר,,,צנצנת 1.2 ליטר,יחידה,0.00,יחידה,false,,21.90,0.0000,true,1,121569
7296021248801,false,סלסלת אחסון 7.5 ליטר,,,סלסלת אחסון 7.5 ליטר,יחידה,0.00,יחידה,false,,16.90,0.0000,true,1,120614
7296021249488,false,"מיכל אחסון 700 מ""ל א",,,"מיכל אחסון 700 מ""ל",יחידה,0.00,יחידה,false,,21.90,0.0000,true,1,123992
7296021249495,false,"מיכל אחסון פלסטיק 900 מ""ל גונדול",נעמן,,"מיכל אחסון 900מ""ל",יחידה,0.00,יחידה,false,,23.90,0.0000,true,1,187537
7296021249501,false,מיכל אחסון 1.2 ליטר,,,מיכל אחסון 1.2 ליטר,יחידה,0.00,יחידה,false,,24.90,0.0000,true,1,187538
7296021249563,false,מגרדת דו צדדית מתקפל,,,מגרדת דו צדדית מתקפל,יחידה,0.00,יחידה,false,,15.90,0.0000,true,1,125815
7296021254543,false,מיכל אחסון זכוכית מר,,,מיכל אחסון זכוכית מר,יחידה,0.00,יחידה,false,,16.90,0.0000,true,1,124571
7296021255564,false,מנדולינה - סלסייר,,,מנדולינה - סלסייר,יחידה,0.00,יחידה,false,,87.90,0.0000,true,1,187543
7296021255588,false,קוצץ ומעבד מזון ידני,,,קוצץ ומעבד מזון ידני,יחידה,0.00,יחידה,false,,39.90,0.0000,true,1,127032
7296021263149,false,זוג פמוטים 14.1*9.7,,,זוג פמוטים,יחידה,0.00,יחידה,false,,39.90,0.0000,true,1,127036
7296021263163,false,גביע קידוש + תחתית,,,גביע קידוש + תחתית,יחידה,0.00,יחידה,false,,25.90,0.0000,true,1,124580
7296021263415,false,תבנית אפייה מלבנית ע,,,תבנית אפייה מלבנית ע,יחידה,0.00,יחידה,false,,54.90,0.0000,true,1,125817
7296021263712,false,נפה,,,נפה,יחידה,0.00,יחידה,false,,21.90,0.0000,true,1,126701
7296021266690,false,מסננת ידית עץ פרפקטו,,,"מסננת 15 ס""מ",יחידה,0.00,יחידה,false,,21.90,0.0000,true,1,126704
7296021266713,false,מסננת ידית עץ פרפקטו,,,"מסננת 22 ס""מ",יחידה,0.00,יחידה,false,,26.90,0.0000,true,1,126706
7296021266775,false,לוח חיתוך מתקפל,,,לוח חיתוך מתקפל,יחידה,0.00,יחידה,false,,16.90,0.0000,true,1,190492
7296021268403,false,קנקן תה 1 ליטר,,,קנקן תה 1 ליטר,יחידה,0.00,יחידה,false,,44.90,0.0000,true,1,127053
7296021270048,false,סט 3 חלקים תה קפה סוכר 10*10*12 סמ,נעמן,,סט 3 חלקים תה קפה סו,יחידה,0.00,יחידה,false,,86.90,0.0000,true,1,188326
7296021271458,false,קרש חיתוך,,,קרש חיתוך,יחידה,0.00,יחידה,false,,26.90,0.0000,true,1,190326
7296021272707,false,"פינג'אן 700 מ""ל נון",,,"פינג'אן 700 מ""ל",יחידה,0.00,יחידה,false,,32.90,0.0000,true,1,190053
7296021275104,false,"מועך תפו""א 27 סמ",,,"מועך תפו""א",יחידה,0.00,יחידה,false,,47.90,0.0000,true,1,190493
7296021276545,false,סט שף 6 חלקים,,,סט שף 6 חלקים,יחידה,0.00,יחידה,false,,119.90,0.0000,true,1,190495
7296021276934,false,"מחבת 24 ס""מ אפור",,,"מחבת 24 ס""מ אפור",יחידה,0.00,יחידה,false,,51.90,0.0000,true,1,190497
7296021276989,false,סיר 2.9 ליטר + מכסה,,,סיר 2.9 ליטר + מכסה,יחידה,0.00,יחידה,false,,89.90,0.0000,true,1,188534
7296021282614,false,מסננת נירוסטה 28 סמ',,,מסננת נירוסטה 28 סמ',יחידה,0.00,יחידה,false,,32.90,0.0000,true,1,59588
7296021284533,false,מארז מגבות מטבח,,,מארז מגבות מטבח,יחידה,0.00,יחידה,false,,29.90,0.0000,true,1,190502
7296021285509,false,"מאג עיצובים 345 מ""ל",,,"מאג עיצובים 345 מ""ל",יחידה,0.00,יחידה,false,,12.90,0.0000,true,1,190513
7296021285516,false,"מאג עיצובים 340 מ""ל",,,"מאג עיצובים 340 מ""ל",יחידה,0.00,יחידה,false,,12.90,0.0000,true,1,190514
7296021407161,false,מלחיה שולחנית,נעמן,,מלחיה,יחידה,0.00,יחידה,false,,5.50,0.0000,true,1,65757
7296021409554,false,מועך שום אלומיניום,,,מועך שום אלומיניום,יחידה,0.00,יחידה,false,,14.90,0.0000,true,1,65758
7296021417054,false,סט 6 כפיות דגם סתיו,נעמן,,סט כפיות פרפקטו,יחידה,0.00,יחידה,false,,17.90,0.0000,true,1,55411
7296021417085,false,סט 3 כפיות ארוכות דגם סתיו,נעמן,,כפית לימונדה שלישיה,יחידה,0.00,יחידה,false,,17.90,0.0000,true,1,57077
7296021602115,false,מלקחיים נירוסטה,,,מלקחיים נירוסטה,יחידה,0.00,יחידה,false,,7.90,0.0000,true,1,62405
7296021611933,false,פינג'אן נירוסטה,,,פינג'אן נירוסטה,יחידה,0.00,יחידה,false,,39.90,0.0000,true,1,28070
7296021633638,false,קרש חיתוך ידית מתכת,,,קרש חיתוך ידית מתכת,יחידה,0.00,יחידה,false,,44.90,0.0000,true,1,70903
7296021669514,false,מגרדת מרובעת,נעמן,,מגרדת 4 צדדים,יחידה,0.00,יחידה,false,,24.90,0.0000,true,1,59590
7296051099015,false,מצת אלקטרונית לגז בצבעים,,,מצית לגז,יחידה,0.00,יחידה,false,,6.90,0.0000,true,1,119854
7296058000519,false,פריכיות כוסמת דל נתרן 130 גרם,"פרח תעשיות מזון בע""מ.",IL,פריכיות כוסמת דל נתר,גרמים,130.00,100 גרם,false,,7.90,0.0608,true,1,115495
7296058000526,false,פריכיות כוסמת פרח 160 גרם,פרח תעשיות,IL,פרכיות פרח כוסמת 130,גרמים,130.00,100 גרם,false,,7.90,0.0608,true,1,69736
7296058110010,false,"פריכיות אורז פרח כשל""פ 110 גר'",פרח תעשיות,IL,פריכיות אורז פרח,גרמים,110.00,100 גרם,false,,4.90,0.0445,true,1,124389
7296058110041,false,פריכיות תירס ואורז פרח 110 גר',,,פריכיות אורז מלא ותי,גרמים,110.00,100 גרם,false,,4.90,0.0445,true,1,190625
7296082000035,false,"ביצים ""פלוס"" 6 יחידות",המכון למיון ושיווק ב,IL,ביצה פלוס 6 יח,יחידה,0.00,יחידה,false,,13.90,0.0000,true,1,14413
7296082000080,false,ביצי חופש 12 יחידות,המכון למיון ושיווק ביצים,IL,ביצי חופש תריסר,יחידה,0.00,יחידה,false,,22.90,0.0000,true,1,56775
7296082000110,false,ביצים סופר טריות 30י,,,"ביצה סופר טריה "" L",יחידה,0.00,יחידה,false,,30.13,0.0000,true,1,58778
7296082000134,false,ביצים רגילות לארג' 1,המכון למיון ושיווק ב,IL,ביצים גדול L,יחידה,0.00,יחידה,false,,12.05,0.0000,false,1,30972
7296082000141,false,ביצים רגילות מדיום 1,המכון למיון ושיווק ב,IL,ביצים בינוני M,יחידה,0.00,יחידה,false,,11.15,0.0000,false,1,35622
7296082000165,false,ביצים אורגניות תריסר,המכון למיון ושיווק ב,IL,ביצים אורגניות תריסר,יחידה,0.00,יחידה,false,,22.90,0.0000,true,1,56776
7296082000189,false,ביצה פלוס אומגה L 30,,,ביצה פלוס 30 יח' L,יחידה,0.00,יחידה,false,,37.90,0.0000,true,1,98538
7296083000027,false,טרופית,,,טרופית,יחידה,200.00,יחידה,false,,1.50,0.0075,false,1,5533
7296179006209,false,שיק לק עמיד 246,שיק לקים,IL,לק עמיד 246,מיליליטרים,17.00,"מ""ל",false,,11.90,0.7000,true,1,94965
7296179006247,false,שיק לק עמיד 495,שיק לקים,IL,לק עמיד 495,מיליליטרים,17.00,"מ""ל",false,,11.90,0.7000,true,1,95027
7296179007398,false,שיק.מסיר לק אלוורה250 מל,שיק לקים,IL,מסיר לק אלוורה,מיליליטרים,100.00,"100 מ""ל",false,,13.90,0.1390,true,1,18471
7296179007411,false,שיק.מסיר לק לא אצטון250מ,שיק לקים,IL,מסיר לק ללא אציטון,מיליליטרים,100.00,"100 מ""ל",false,,13.90,0.1390,true,1,18472
7296179008005,false,שיק לק עמיד 505,שיק לקים,IL,לק עמיד 505,מיליליטרים,17.00,"מ""ל",false,,11.90,0.7000,true,1,95033
7296179008012,false,שיק לק עמיד 463,שיק לקים,IL,לק עמיד 463,מיליליטרים,17.00,"מ""ל",false,,11.90,0.7000,true,1,95034
7296179008241,false,לכה טופ למראה ג'ל,שיק לקים,IL,לק ג'ל טופ קוט,יחידה,0.00,יחידה,false,,26.90,0.0000,true,1,63592
7296179010107,false,שיק לק עמיד 011,שיק לקים,IL,לק עמיד 011,מיליליטרים,17.00,"מ""ל",false,,11.90,0.7000,true,1,94956
7296179010213,false,שיק לק עמיד 022,שיק לקים,IL,לק עמיד 022,מיליליטרים,17.00,"מ""ל",false,,11.90,0.7000,true,1,94959
7296179010312,false,שיק לק עמיד 032,שיק לקים,IL,לק עמיד 032,מיליליטרים,17.00,"מ""ל",false,,11.90,0.7000,true,1,94970
7296179010381,false,שיק לק עמיד 039,שיק לקים,IL,לק עמיד 039,מיליליטרים,17.00,"מ""ל",false,,11.90,0.7000,true,1,94973
7296179010435,false,שיק לק עמיד 044,שיק לקים,IL,לק עמיד 044,מיליליטרים,17.00,"מ""ל",false,,11.90,0.7000,true,1,94976
7296179010732,false,שיק לק עמיד 074,שיק לקים,IL,לק עמיד 074,מיליליטרים,17.00,"מ""ל",false,,11.90,0.7000,true,1,94984
7296179010909,false,שיק לק עמיד 091,שיק לקים,IL,לק עמיד 091,מיליליטרים,17.00,"מ""ל",false,,11.90,0.7000,true,1,94985
7296179011180,false,שיק לק עמיד 258,שיק לקים,IL,לק עמיד 258,מיליליטרים,17.00,"מ""ל",false,,11.90,0.7000,true,1,94990
7296179011203,false,שיק לק עמיד 265,שיק לקים,IL,לק עמיד 265,מיליליטרים,17.00,"מ""ל",false,,11.90,0.7000,true,1,95049
7296179011272,false,שיק לק עמיד 230,שיק לקים,IL,לק עמיד 230,מיליליטרים,17.00,"מ""ל",false,,11.90,0.7000,true,1,94993
7296179011333,false,שיק לק עמיד 102,שיק לקים,IL,לק עמיד 102,מיליליטרים,17.00,"מ""ל",false,,11.90,0.7000,true,1,94994
7296179011548,false,שיק לק עמיד 204,שיק לקים,IL,לק עמיד 204,מיליליטרים,17.00,"מ""ל",false,,11.90,0.7000,true,1,94999
7296179011579,false,שיק לק עמיד 226,שיק לקים,IL,לק עמיד 226,מיליליטרים,17.00,"מ""ל",false,,11.90,0.7000,true,1,95001
7296179011692,false,שיק לק עמיד 299,שיק לקים,IL,לק עמיד 299,מיליליטרים,17.00,"מ""ל",false,,11.90,0.7000,true,1,95052
7296179011753,false,שיק לק עמיד 228,שיק לקים,IL,לק עמיד 228,מיליליטרים,17.00,"מ""ל",false,,11.90,0.7000,true,1,95007
7296179011791,false,מחזק ציפורניים סגול,שיק לקים,IL,מחזק ציפורניים סגול,מיליליטרים,0.00,"מ""ל",false,,25.90,0.0000,true,1,40784
7296179011807,false,Coat Base לכת בסיס,שיק לקים,IL,לק בסיס,מיליליטרים,0.00,"מ""ל",false,,16.90,0.0000,true,1,41099
7296179011814,false,לק שכבת הגנה,שיק לקים,IL,לק שכבת הגנה,יחידה,0.00,יחידה,false,,16.90,0.0000,true,1,41100
7296179011968,false,שיק לק עמיד 284,שיק לקים,IL,לק עמיד 284,מיליליטרים,17.00,"מ""ל",false,,11.90,0.7000,true,1,95054
7296179011999,false,מחזק ציפורניים אורנג 17,,IL,מחזק ציפורניים ללא ב,יחידה,0.00,יחידה,false,,37.90,0.0000,true,1,105096
7296179012040,false,שיק לק עמיד 267,שיק לקים,IL,לק עמיד 267,מיליליטרים,17.00,"מ""ל",false,,11.90,0.7000,true,1,95058
7296179012125,false,שיק לק עמיד 287,שיק לקים,IL,לק עמיד 287,מיליליטרים,17.00,"מ""ל",false,,11.90,0.7000,true,1,95064
7296179012347,false,שיק לק עמיד 512,שיק לקים,IL,לק עמיד 512,מיליליטרים,17.00,"מ""ל",false,,11.90,0.7000,true,1,95074
7296179014181,false,לק עמיד שיק 250,שיק לקים,IL,לק עמיד 250,מיליליטרים,17.00,"מ""ל",false,,11.90,0.7000,true,1,95013
7296179014969,false,לק עמיד 255,שיק לקים,IL,לק עמיד 255,מיליליטרים,17.00,"מ""ל",false,,11.90,0.7000,true,1,95015
7296179020007,false,חמאת גוף לבנדר שיק,,,חמאת גוף לבנדר שיק,מיליליטרים,0.00,"מ""ל",false,,25.90,0.0000,true,1,28451
7296179020014,false,חמאת גוף וניל-פצ'ולי,,,חמאת גוף וניל-פצ'ולי,מיליליטרים,0.00,"מ""ל",false,,25.90,0.0000,true,1,28910
7296179021004,false,לק עמיד שיק 413,שיק לקים,IL,לק עמיד 413,מיליליטרים,17.00,"מ""ל",false,,11.90,0.7000,true,1,95081
7296179021059,false,לק עמיד 483,שיק לקים,IL,לק עמיד 483,מיליליטרים,17.00,"מ""ל",false,,11.90,0.7000,true,1,95083
7296179021264,false,לק עמיד 802 קיץ,שיק לקים,IL,לק עמיד 802 קיץ,יחידה,0.00,יחידה,false,,11.90,0.0000,true,1,104422
7296179021769,false,מידנייט WHITE דאודורנט ספריי 187 מל,חלאבין,IL,דאודורנט ספריי,מיליליטרים,150.00,"100 מ""ל",false,,18.90,0.1260,true,1,107807
7296179024609,false,"מסיר לק תפוח 100 מ""ל",,IL,"מסיק לק ירוק 100 מ""ל",מיליליטרים,100.00,"100 מ""ל",false,,7.90,0.0790,true,1,109206
7296179028454,false,לק עמיד 822יח',,IL,לק עמיד822,מיליליטרים,17.00,"100 מ""ל",false,,11.90,0.7000,true,1,114841
7297028104558,true,גופיה טרמית לגבר,,,גופיה טרמית לגבר,,0.00,,false,,23.90,0.0000,true,1,123086
7297028157479,false,גוזיות נשים סנטוני V,,,גוזיה.,יחידה,0.00,יחידה,false,,25.90,0.0000,true,1,119910
7297028160622,false,גרבי נשים במבוק (3) שחור/לבן,,,גרביים,יחידה,0.00,יחידה,false,,15.90,0.0000,true,1,118018
7297028183102,false,גוזיה,,,גוזיה,יחידה,0.00,יחידה,false,,25.90,0.0000,true,1,189465
7297028184246,false,תחתון נשים,,,תחתון נשים,יחידה,0.00,יחידה,false,,15.90,0.0000,true,1,188198
7297028185434,false,גוזיות נשים סנטוני עם T מאחור (160243),,,גוזיה,יחידה,0.00,יחידה,false,,25.90,0.0000,true,1,189876
7297028185458,false,גוזיה,,,גוזיה,יחידה,0.00,יחידה,false,,25.90,0.0000,true,1,189784
7297028185755,false,שלישיית גרבי במבוק,,,שלישיית גרבי במבוק,יחידה,0.00,יחידה,false,,17.90,0.0000,true,1,189237
7297028190469,false,קרסוליות נשים שלישיי,,,קרסוליות נשים שלישיי,יחידה,0.00,יחידה,false,,15.90,0.0000,true,1,189691
7297028190476,false,קרסוליות שלישייה,,,קרסוליות שלישייה,יחידה,0.00,יחידה,false,,15.90,0.0000,true,1,189692
7297028193064,false,גרבי שניל מחממות שלי,,,גרבי שניל מחממות שלי,יחידה,0.00,יחידה,false,,19.90,0.0000,true,1,190845
7297028193484,false,תחתון נשים,,,תחתון נשים,יחידה,0.00,יחידה,false,,15.90,0.0000,true,1,190623
7297028193491,false,תחתון נשים,,,תחתון נשים,יחידה,0.00,יחידה,false,,15.90,0.0000,true,1,190786
7297028193507,false,תחתון נשים,,,תחתון נשים,יחידה,0.00,יחידה,false,,15.90,0.0000,true,1,190624
7297307070307,false,שלישית מגבות מטבח,,,שלישית מגבות מטבח,יחידה,0.00,יחידה,false,,24.90,0.0000,true,1,81953
7297391112983,false,גרביי חיילת שחורות,,,גרביי חיילת שחורות,יחידה,0.00,יחידה,false,,7.50,0.0000,true,1,103200
7297395000064,false,בדי טהרה במארז שלישייה,בת מלך,IL,דפי בדיקה הגיינה,יחידה,0.00,יחידה,false,,22.90,0.0000,true,1,188252
7297488036437,false,"סיכות תיק תק 4.6 ס""מ",,,"סיכות תיק תק 4.6 ס""מ",יחידה,0.00,יחידה,false,,3.90,0.0000,true,1,96260
7297488036567,false,סיכת מקור שחורה /צבע,,,סיכת מקור שחורה /צבע,יחידה,0.00,יחידה,false,,5.90,0.0000,true,1,96224
7297488040403,false,כפפות סרוגות עבות,אודס,,כפפות סרוגות עבות,יחידה,0.00,יחידה,false,,9.90,0.0000,true,1,64402
7297488040441,false,מטריה ג'מבו צבעונית,,,מטריה ג'מבו צבעונית,יחידה,0.00,יחידה,false,,39.90,0.0000,true,1,102545
7297488040762,false,מטריה שחורה גדולה,,,מטריה שחורה גדולה,יחידה,0.00,יחידה,false,,25.90,0.0000,true,1,96550
7297488199590,false,פצפוצי אורז לבן תפוח ללא גלוטן,דגש- דוכן גן שמואל,IL,דגש פצפוצי אורז 450,גרמים,450.00,100 גרם,false,,21.00,0.0467,true,1,113679
7298171187368,false,תחתוני נשים,,,תחתוני נשים,יחידה,0.00,יחידה,false,,15.90,0.0000,true,1,187692
7321011040629,false,דוני 20מפיות תלת שכבתי צבעים שונים,דוני,SE,מפיות ניר תלת שכבתי,יחידה,0.00,יחידה,false,,7.00,0.0000,true,1,25761
7321011404070,false,דוני 20מפיות מעוטרות תלת שכבתי צבעים,דוני,SE,מפיות ניר תלת שכבתי,יחידה,0.00,יחידה,false,,10.90,0.0000,true,1,32727
7321011504589,false,דוני 20 מפיות קוקטיי,,,דוני 20 מפיות קוקטיי,יחידה,0.00,יחידה,false,,6.00,0.0000,true,1,35210
7350022390386,false,קקאו הולנדי ואן האוטן 125 גרם,וואן האוטן,,קקאו ואן הוטן,גרמים,125.00,100 גרם,false,,13.50,0.1080,true,1,58171
7394376616778,false,אוטלי משקה שיבולת שועל להקצפה בריסטה 1 ליטר,טרנסומס פוד,SE,אוטלי משקה שיבולת שו,מיליליטרים,1000.00,"100 מ""ל",false,,15.90,0.0159,true,1,120665
7501013101362,false,"נקטר בטעם קוקוס ואננס 500 מ""ל JUMEX",חומקס קומר קומרסאליזדורה,MX,ג'ומקס משקה קוקוס אנ,מיליליטרים,473.00,"100 מ""ל",false,,8.90,0.0188,true,1,116364
7501013101393,false,"נקטר בטעם אננס טבעי 500 מ""ל JUMEX",חומקס קומר קומרסאליזדורה,MX,ג'ומקס משקה אננס 473,מיליליטרים,473.00,"100 מ""ל",false,,8.90,0.0188,true,1,117109
7501013122039,false,ג'ומקס מיץ מנגו קרטונית ליטר תריסר,חומקס קומר קומרסאליזדורה,MX,ג'ומקס נקטר מנגו קרט,ליטרים,1.00,ליטר,false,,8.90,8.9000,true,1,116840
7501013122053,false,ג'ומקס מיץ אפרסק קרטונית ליטר תריסר,חומקס קומר קומרסאליזדורה,MX,ג'ומקס נקטר אפרסק קר,ליטרים,1.00,ליטר,false,,8.90,8.9000,true,1,116838
7501013122114,false,"נקטר משקה אננס בקרטונית ג'ומקס, 1 ל'",חומקס קומר קומרסאליזדורה,MX,ג'ומקס אננס קרטונית,ליטרים,1.00,ליטר,false,,8.90,8.9000,true,1,116839
7501013122190,false,ג'ומקס מיץ תפוחים קרטונית ליטר תריסר,חומקס קומר קומרסאליזדורה,MX,ג'ומקס תפוחים קרטוני,ליטרים,1.00,ליטר,false,,8.90,8.9000,true,1,116841
7501013122992,false,ג'ומקס מיץ קוקוס אננס קרטונית ליטר תריסר,חומקס קומר קומרסאליזדורה,MX,ג'ומקס קוקוס אננס קר,ליטרים,1.00,ליטר,false,,8.90,8.9000,true,1,116842
7501013138047,false,משקה רימונים יוניקו פרסקו ג'ומקס בקרטונית 1 ליטר,חומקס קומר קומרסאליזדורה,MX,נקטר רימונים יוניקו,ליטרים,1.00,ליטר,false,,10.90,10.9000,false,1,68603
7501013138184,false,משקה חמוציות יוניקו פרסקו ג'ומקס קרטונית 1 ליטר,חומקס קומר קומרסאליזדורה,MX,נקטר חמוציות יוניקו,ליטרים,1.00,ליטר,false,,10.90,10.9000,false,1,69642
7501049936945,false,"שישיית בירה סול בקבוק 330 מ""ל",היינקן,NL,בירה סול שישייה 330,מיליליטרים,1980.00,"100 מ""ל",false,,32.90,0.0166,false,1,119771
7501064191398,false,שישיית בירה קורונה אקסטרא *355 מל,קריניציה ויטמינה אס,MX,שישיית בירה קורונה -,ליטרים,2.13,ליטר,false,,34.90,16.3850,false,1,114409
7509546057545,false,ליידי ספיד סטיק פרו 5 סטיק 45 גרם,קולגייט פלמוליב,US,ליידי ספיד סטיק פרו,גרמים,45.00,100 גרם,false,,19.90,0.4422,true,1,126554
7509546061665,false,דאודורנט סטיק ג'ל לגבר 24/7 אקסטרים אינטנס,קולגייט פלמוליב,US,ספיד סטיק אקסטרים אי,גרמים,85.00,100 גרם,false,,19.90,0.2341,true,1,190011
7509546061672,false,דאודורנט סטיק אקסטרים אינטנס,קולגייט פלמוליב,US,ספיד סטיק אקסטרים סט,גרמים,50.00,100 גרם,false,,19.90,0.3980,true,1,190012
7509546666846,false,"קולגייט טוטאל משחת שיניים פחם 75 מ""ל",קולגייט פלמוליב,MX,קולגייט טוטאל משחת ש,מיליליטרים,75.00,"100 מ""ל",false,,19.90,0.2653,true,1,125593
7509546678702,false,קולגייט משחת שיניים טוטל אנטי טרטר 100 מ,קולגייט-פלמוליב,PL,קולגייט משחת שיניים,מיליליטרים,100.00,"100 מ""ל",false,,16.90,0.1690,true,1,189815
7610100034084,false,מיונז טומי בשפורפרת 265 גרם,נסטלה שוויץ ס.א,CH,מיונז טומי 265 גר',גרמים,265.00,100 גרם,false,,12.90,0.0487,true,1,104140
7610113011652,false,בריזר - משקה כוהלי מוגז בטעם תפוח,בקרדי בריזר Bacardi Breezer,BE,בקרדי בריזר מוגז בטע,מיליליטרים,275.00,"100 מ""ל",false,,12.90,0.0469,false,1,120359
7610211130903,false,סוכרזית הרמזית 800+2,מרום את קונפינו,CH,הרמזית 800 יח,גרמים,11.80,100 גרם,false,,29.90,2.5339,true,1,187501
7610243004463,false,"דורגול - מרסס להסרת אבנית במקלחון 600 מ""ל",יעקבי- דורגול Durgol,CH,דורגול מרסס,מיליליטרים,500.00,"100 מ""ל",false,,21.90,0.0438,true,1,40927
7610400010481,false,לינדט אקסלנס שוקולד חלב 100 גרם,לינדט ושפרונגלי קילשברג,FR,שוקולד חלב לינדט 100,גרמים,100.00,100 גרם,false,,15.00,0.1500,true,1,9558
7610400014632,false,שוקולד לינדור בודד וואיט 100 ג',לינדט Lindt,CH,שוקולד לינדט לבן,גרמים,100.00,100 גרם,false,,15.00,0.1500,true,1,35463
7610400014649,false,לינדור קוביות במילוי קרם שוקולד חלב 100 גרם,לינדט ושפרונגלי קילשברג,CH,שוקולד לינדט במילוי,גרמים,100.00,100 גרם,false,,15.00,0.1500,true,1,9562
7610400068505,false,לינדט לינדור בונבוניירה שוקולד חלב 200 גרם,לינדט ושפרונגלי קילשברג,CH,לינדור בונבונירה חלב,גרמים,200.00,100 גרם,false,,29.90,0.1495,false,1,34714
7610400068529,false,לינדט לינדור בונבוניירה כדורי שוקולד מטעמים 200 גרם,לינדט ושפרונגלי קילשברג,CH,לינדור בונבו' אסורטד,גרמים,200.00,100 גרם,false,,29.90,0.1495,false,1,22309
7610400075770,false,לינדט לה גרנד שוקולד מריר אגוז 150 גרם,לינדט ושפרונגלי קילשברג,CH,לינדט מריר אגוזים 15,גרמים,150.00,100 גרם,false,,23.90,0.1593,true,1,39573
7610400075787,false,לינדט לה גרנד שוקולד חלב אגוז 150 גרם,לינדט ושפרונגלי קילשברג,CH,שוקולד חלב עם אגוזים,גרמים,150.00,100 גרם,false,,23.90,0.1593,true,1,39574
7610400091060,false,שוקולד מריר לינדט אקסלנס בתוספת תפוז ושקדים,לינדט ושפרונגלי קילש,CH,שוקולד לינדט אקסלנס,גרמים,100.00,100 גרם,false,,15.00,0.1500,true,1,119729
7610928010048,false,"קרם הגרטי לכלי כסף יעקבי 100 מ""ל",דיוורסי,CH,מבריק כלי כסף יעקבי,יחידה,100.00,יחידה,false,,27.90,0.2790,true,1,69656
7613030979647,false,דגני בוקר טריקס פירות עולם היורה 480 ג',ג'נרל מילס סאן אדריא,CL,טריקס 480 גר,גרמים,480.00,100 גרם,false,,19.90,0.0415,false,1,109725
7613032045753,false,פיטנס - דגני בוקר שוקולד 375 גרם,נסטלה צרפת איטנקורט,FR,דגנים פיטנס שוקולד 3,גרמים,375.00,100 גרם,false,,21.90,0.0584,false,1,30317
7613033548192,false,פיטנס - דגני בוקר שוקולד מריר 375 גרם,נסטלה צרפת איטנקורט,FR,פיטנס דגנים עם שוקול,גרמים,375.00,100 גרם,false,,21.90,0.0584,false,1,55660
7613035622623,false,פיטנס - גרנולה שקדים ודבש 300 גרם,שוורצקוף& הנקל דיסלד,LT,פיטנס גרנולה דבש,גרמים,300.00,100 גרם,false,,15.90,0.0530,true,1,99696
7613035635845,false,פיטנס גרנולה שוקולד 14*300 גרם,שוורצקוף& הנקל דיסלד,LT,פיטנס גרנולה שוקולד,גרמים,300.00,100 גרם,false,,15.90,0.0530,true,1,99632
7613035758834,false,פיטנס סופר גרנולה וחמוציות 300 גרם,שוורצקוף& הנקל דיסלד,LT,פיטנס גרנולה חמוציות,גרמים,300.00,100 גרם,false,,15.90,0.0530,true,1,101494
7613035807778,false,פרפקטו רוטב עגבניות לבולונז אסם 400 גרם,אסם פרפקטו Perfecto,ES,פרפקטו רוטב עגבניות,גרמים,400.00,100 גרם,false,,9.60,0.0240,true,1,101465
7613035809109,false,פרפקטו רוטב עגבניות ובזיליקום אסם 400 גרם,אסם פרפקטו Perfecto,ES,פרפקטו רוטב עגבניות,גרמים,400.00,100 גרם,false,,9.60,0.0240,true,1,101466
7613035809123,false,פרפקטו רוטב עגבניות עם פלפלים אסם 400 גרם,אסם פרפקטו Perfecto,ES,פרפקטו רוטב עגבניות,גרמים,400.00,100 גרם,false,,9.60,0.0240,true,1,101467
7613035809857,false,פרפקטו רוטב עגבניות לפסטה ולבישול אסם 400 גרם,אסם פרפקטו Perfecto,ES,פרפקטו רוטב עגבניות,גרמים,400.00,100 גרם,false,,9.60,0.0240,true,1,101468
7613036105545,false,"דוגלי גזע קטן 4*3 קילו ""אסם""",נסטלה פורינה באק הונ,HU,דוגלי גזע קטן 3קג,קילוגרמים,3.00,"ק""ג",false,,49.90,16.6333,false,1,106400
7613036314114,false,נסקפה גולד Gold קפה נמס מיובש בתוספת קפה קלוי,נסקפה Nescafe,IL,נס קפה גולד 200 גר,יחידה,0.00,יחידה,false,,48.90,0.0000,false,1,110614
7613036520492,false,פרפקטו רוטב עגבניות לפיצה אסם 400 גרם,אסם פרפקטו Perfecto,ES,פרפקטו רוטב עגבניות,גרמים,400.00,100 גרם,false,,9.60,0.0240,true,1,109186
7613036710879,false,מארז מיני חטיפי קיט קט צ'אנקי Kit Kat Chanky,נסטלה גרמניה,DE,קיט קט צ'אנקי מיני,גרמים,194.00,100 גרם,false,,13.90,0.0716,true,1,112170
7613036737623,false,קראנץ' רולס נסטלה 410 גרם,"אסם תעשיות בע""מ",FR,קראנץ מקס נסטלה,גרמים,410.00,100 גרם,false,,19.90,0.0485,false,1,111316
7613036880534,false,גרבר מחית ירקות מעורבים מטרנה 190 גר',נסטלה פולסקה אס.איי,PL,גרבר מחית מרק ירקות,גרמים,190.00,100 גרם,false,,6.80,0.0358,true,1,116765
7613037204797,false,סטארבקס - פולי קפה בלונד אספרסו 450 גרם,נסטלה נספרסו,PT,סטארבקס פולי קפה בלו,גרמים,450.00,100 גרם,false,,45.90,0.1020,false,1,124929
7613037686906,false,פיטנס שקדים ודבש 355 גרם מופחת סוכר,נסטלה צרפת איטנקורט,FR,פיטנס שקדים ודבש 355,גרמים,355.00,100 גרם,false,,21.90,0.0617,false,1,116769
7613037811629,false,דגני בוקר קורנפלקס גו פרי 500 גר',שוורצקוף& הנקל דיסלד,GB,גו פרי קורנפלקס,גרמים,500.00,100 גרם,false,,13.50,0.0270,false,1,118546
7613038268262,false,דגני בוקר צ'יריוס דבש ושקדים במתיקות מעודנת,נסטלה פולין דגני בוק,FR,האני נאט ציריוס מופח,גרמים,410.00,100 גרם,false,,19.90,0.0485,true,1,118215
7613038451954,false,דגני בוקר שוקולד מופחת סוכר 410 ג' קראנץ',נסטלה צרפת איטנקורט,FR,דגני קראנץ שוקולד מו,גרמים,410.00,100 גרם,false,,19.90,0.0485,false,1,118377
7613039547632,false,גרבר מחית תפוח בננה ותות 90 גרם פאוץ,שוורצקוף& הנקל דיסלד,ES,גרבר מחית תפוח בננה,גרמים,90.00,100 גרם,false,,5.90,0.0656,true,1,121418
7613039547731,false,גרבר מחית תפוח עץ ומשמש 90 גרם פאוץ,"מפעל סברס, נסטלה ספרד ס.",ES,גרבר מחית תפוח משמש,גרמים,90.00,100 גרם,false,,5.90,0.0656,true,1,121419
7613039547922,false,גרבר מחית אגס תפוח ובננה 90 גרם פאוץ,נסטלה ספרד,ES,גרבר מחית תפוח בננה,גרמים,90.00,100 גרם,false,,5.90,0.0656,true,1,121420
7613039770450,false,טבעול סנסשיונל בורגר צמחוני 226 גרם,ג'נרל מילס סאן אדריא,CZ,טבעול בורגר צמחוני,גרמים,226.00,100 גרם,false,,33.90,0.1500,false,1,121693
7613039879382,false,גרבר - מחית תפוחי עץ 190 גרם,נסטלה פולסקה אס.איי,PL,"גרבר מחית תפ""ע 190 ג",גרמים,190.00,100 גרם,false,,6.80,0.0358,true,1,123733
7613039881521,false,גרבר מחית מרק מנגו 190 גרם,נסטלה פולסקה אס.איי,PL,גרבר מחית מנגו 190 ג,גרמים,190.00,100 גרם,false,,6.80,0.0358,true,1,123624
7613287121783,false,סמארטיס מיני 16*187 גרם,נסטלה גרמניה,DE,סמארטיס מיני,גרמים,187.00,100 גרם,false,,13.90,0.0743,true,1,125577
7613287155832,false,גרבר מחית תפוחי עץ 90 גרם פאוץ,"מפעל סברס, נסטלה ספרד ס.",ES,גרבר מחית תפוח פאוץ,גרמים,90.00,100 גרם,false,,5.90,0.0656,false,1,124829
7613287155863,false,מטרנה מחית אגס פאוץ' 90 גר',"מפעל סברס, נסטלה ספרד ס.",ES,גרבר מחית אגס פאו'ץ,גרמים,90.00,100 גרם,false,,5.90,0.0656,true,1,124450
7613287155894,false,"גרבר מחית אפרסק פאוץ כשל""פ 90 גרם","מפעל סברס, נסטלה ספרד ס.",ES,גרבר מחית אפרסק פאוץ,גרמים,90.00,100 גרם,false,,5.90,0.0656,true,1,124451
7613287155924,false,מטרנה מחית תפוח וגזר פאוץ' 90 גר',"מפעל סברס, נסטלה ספרד ס.",ES,גרבר מחית תפוח גזר פ,גרמים,90.00,100 גרם,false,,5.90,0.0656,true,1,124452
7613287181411,false,ויטמינציק מחית סלט פירות 110 גרם,"טרופיקל דגיל בע""מ אז",ES,ויטמינצ'יק מחית סלט,גרמים,110.00,100 גרם,false,,5.50,0.0500,true,1,126813
7613287182326,false,ויטמינציק מחית בננה תפוח 110 גרם,"נסטלה ספרד ס.א, מפעל",ES,ויטמינצ'יק מחית בננה,גרמים,110.00,100 גרם,false,,5.50,0.0500,true,1,126809
7613287182425,false,ויטמינציק מחית תפוח בננה ותות 110 גרם,"טרופיקל דגיל בע""מ אז",ES,ויטמינצ'יק מחית תפו,גרמים,110.00,100 גרם,false,,5.50,0.0500,true,1,126811
7613287182456,false,ויטמינציק מחית אגס בננה תפוח 110 גרם,"נסטלה ספרד ס.א, מפעל",ES,ויטמינצ'יק מחית אגס,גרמים,110.00,100 גרם,false,,5.50,0.0500,true,1,126808
7613287186928,false,סטארבקס קפסולות קפה ברקפסט רוסט 10יח,נסטלה שוויץ - קפה,CH,סטארבקס קפסולות ברקפ,יחידה,0.00,יחידה,false,,21.90,0.0000,true,1,126441
7613287325808,false,אוסם - דיפ אנד ספרד מטבל איולי שום 295 גרם,נסטלה פולין,PL,רוטב איולי שום אסם,גרמים,295.00,100 גרם,false,,14.90,0.0505,true,1,185825
7613287325822,false,אוסם - דיפ אנד ספרד מטבל מיקס 295 גרם,נסטלה,PL,רוטב מיקס לחיץ אוסם,גרמים,295.00,100 גרם,false,,14.90,0.0505,true,1,185826
7613287325853,false,אוסם - דיפ אנד ספרד מטבל איולי ספייסי 295 גרם,נסטלה פולין,PL,רוטב ספייסי איולי לח,גרמים,295.00,100 גרם,false,,14.90,0.0505,true,1,185827
7613287325952,false,אוסם - דיפ אנד ספרד מטבל ברבקיו 345 גרם,דפטונה פולין,PL,רוטב ברביקיו לחיץ או,גרמים,345.00,100 גרם,false,,14.90,0.0432,true,1,185828
7613287325983,false,אוסם - דיפ אנד ספרד מטבל סלסה 335 גרם,דפטונה פולין,PL,רוטב סלסה לחיץ אוסם,גרמים,335.00,100 גרם,false,,14.90,0.0445,true,1,185829
7613287476494,false,אוסם - דיפ אנד ספרד מיונז בסגנון צרפתי 280 גרם,נסטלה פולין,PL,רוטב מיונז לחיץ אוסם,גרמים,280.00,100 גרם,false,,14.90,0.0532,true,1,185830
7613287821348,false,נתחוני עוף טבעוני סנסשיונל טבעול 350 גרם,ג'נרל מילס סאן אדריא,CZ,טבעול נתחוני עוף טבע,גרמים,350.00,100 גרם,false,,33.90,0.0969,true,1,186967
7613287855640,false,סטארבקס קפסולות קפה גוואטמלה 10 יחידות,נסטלה שוויץ - קפה,CH,קפסולות סטארבקס גווא,גרמים,55.00,100 גרם,false,,21.90,0.3982,true,1,189712
7613600003796,false,פאל מאל סופרסלימס כחול עשירייה,Unknown,CH,פקט פאל מאל סופרסלימ,יחידה,0.00,יחידה,false,,282.00,0.0000,false,1,43051
7622010001858,false,עוגיות אוראו ממולאות קרם וניל 176 גרם.,פי אר ג'\יי אס אי מנדלז,UA,עוגיות אוראו ממולאות,גרמים,176.00,100 גרם,false,,8.90,0.0506,false,1,102573
7622100860273,true,פרלמנט נייט,,,פרלמנט נייט,,0.00,,false,,38.00,0.0000,false,1,123040
7622100914600,true,מרלבורו לייט גולד,,,מרלבורו לייט גולד,,0.00,,false,,33.00,0.0000,false,1,123042
7622201050757,false,שוקולד מילקה טבלת חלב עם קרמל 100 ג',מילקה Milka,DE,שוקולד מילקה קרמל 10,גרמים,100.00,100 גרם,false,,5.90,0.0590,false,1,32478
7622201137052,false,אוראו מיני קוקיס - עוגיות שוקולד צ'יפס ותחתית מצופה שוקולד חלב,מונדלז אספנה גלטאס פ,ES,מילקה מיני קוקיז,גרמים,110.00,100 גרם,false,,8.50,0.0773,true,1,124538
7622201139278,false,גבינת שמנת 27% שומן 150 ג' פילדלפיה,מיודלז אספניה פרודוק,ES,גבינת פילדלפיה 150 ג,גרמים,150.00,100 גרם,false,,13.90,0.0927,true,1,118572
7622201401900,false,עוגיות סנסיישן אוראו מילקה 156 גרם,מונדלז פולסקה פרודקש,PL,עוגיות מילקה סנסיין,גרמים,156.00,100 גרם,false,,12.90,0.0827,true,1,122069
7622201521493,false,גבינת פילדלפיה שום ועשבי תיבול 150 גרם,מיודלז אספניה פרודוק,ES,פילדלפיה שום ועשבי ת,גרמים,150.00,100 גרם,false,,13.90,0.0927,true,1,189634
7622201798154,false,גבינת שמנת לייט מופחתת שומן 13% שומן,מיודלז אספניה פרודוק,ES,גבינת פילדלפיה לייט,גרמים,150.00,100 גרם,false,,13.90,0.0927,true,1,127152
7622201801809,false,מילקה שוקולד חלב עם אגוזים 100 גרם חדש,מנדלז דויצ'\לנד סנקס פרו,DE,מילקה שוקולד חלב עם,גרמים,100.00,100 גרם,false,,5.90,0.0590,true,1,126825
7622201802363,false,מילקה טבלת שוקולד חלב וצימוקים ואגוזים 100ג',מנדלז דויצ'\לנד סנקס פרו,DE,מילקה שוקולד חלב צימ,גרמים,100.00,100 גרם,false,,5.90,0.0590,true,1,126824
7622201802394,false,שוקולד מילקה חלב מסרונים 100 גרם,מנדלז דויצ'\לנד סנקס פרו,DE,מילקה שוקולד חלב 100,גרמים,100.00,100 גרם,false,,5.90,0.0590,false,1,186166
7622201813390,false,עוגיות מילקה וואפל במילוי קרם קקאו 150 ג,מונדליז סי.אר. ביסקוויט,CZ,מילקה וופל במילוי קר,גרמים,150.00,100 גרם,false,,12.90,0.0860,true,1,125255
7622201823733,false,עוגיות מילקה ת'ינס - דקות 151 גרם,מונדלייז,ES,עוגיות מילקה ת'ינס,גרמים,151.00,100 גרם,false,,12.90,0.0854,false,1,191090
7622210078131,false,שוקולד חלב עם שבבי קרמל מילקה דיים 100 גרם,מנדלז דויצ'\לנד סנקס פרו,DE,שוקולד מילקה חלב שבר,גרמים,100.00,100 גרם,false,,5.90,0.0590,true,1,105014
7622210117762,false,"קוטדור בונבונירה בושה, 200 גרם כשל""פ",מונדלייז,SK,קוטדור בושה 200 גר,גרמים,200.00,100 גרם,false,,17.90,0.0895,false,1,68881
7622210163899,false,שוקולד חלב במילוי סוכריות עדשים,מונדלז דויצ'לנד סנקס,DE,שוקולד מילקה חלב עם,גרמים,100.00,100 גרם,false,,5.90,0.0590,false,1,110000
7622210453327,false,עוגיות שוקוצ'יפס במילוי שוקולד סנסיישן,מנדלז פולסקה פרודקשן,PL,עוגיות מילקה סנסיישן,גרמים,156.00,100 גרם,false,,12.90,0.0827,true,1,107333
7622210637994,false,מיני עוגיות אוראו קראנצ'י בייטס אורגינל,מונדלז אספניה ג'לאטס,ES,אוראו ביס קראנצ'י או,גרמים,110.00,100 גרם,false,,8.50,0.0773,true,1,122153
7622210638021,false,מיני עוגיות אוראו קראנצ'י בייטס מצופים,מונדלז אספניה ג'לאטס,ES,אוראו ביס קראנצ'י בצ,גרמים,110.00,100 גרם,false,,8.50,0.0773,true,1,122170
7622210690883,false,מילקה שוקולד חלב-מהדורת מונדיאל 270 גרם,מונדלייז,AT,מילקה מונדיאל 270 גר,גרמים,270.00,100 גרם,false,,12.90,0.0478,false,1,190834
7622210826053,false,שוקולד מילקה אוראו סנדוויץ 92 גר',גיאורי קאקסז קייאףטי,HU,שוקולד מילקה אוראו ס,גרמים,92.00,100 גרם,false,,5.90,0.0641,true,1,122260
7622300270506,false,מילקה גריינס - עוגיות שיבולת שועל מצופות שוקולד 168 ג',מונדלז פולסקה פרודקש,PL,עוגיות מילקה שוקו גר,גרמים,168.00,100 גרם,false,,12.90,0.0768,true,1,43466
7622300489427,false,עוגיות אוראו בציפוי בטעם שוקולד לבן 246 גרם,מנדלז אספנה גאלטס פר,ES,עוגיות אוראו בציפוי,גרמים,246.00,100 גרם,false,,16.90,0.0687,false,1,109066
7622300489434,false,"עוגיות אוראו פאדג' בציפוי שוקולד חלב, 246 גרם",מנדלז אספנה גאלטס פר,ES,עוגיות אוראו בציפוי,יחידה,0.00,יחידה,false,,16.90,0.0000,false,1,109067
7622300495046,false,מילקה שוקולד חלב עם אקסטרה קקאו 100 גרם,מנדלז דויצ'\לנד סנקס פרו,DE,שוקולד מילקה אקסטרא,גרמים,100.00,100 גרם,false,,5.90,0.0590,false,1,60915
7622300503079,false,עוגיות ביסקוויט מצופה שוקולד חלב מילקה 200 גרם,מונדלז פולסקה פרודקש,PL,ביסקוויט מצופה שוקול,גרמים,200.00,100 גרם,false,,12.90,0.0645,true,1,43467
7622300617820,false,מילקה שוקולד חלב במילוי קרם חלב ווניל ושבבי עוגיות אוראו 100 גרם,מנדלז דויצ'\לנד סנקס פרו,DE,שוקולד מילקה אוראו 1,גרמים,100.00,100 גרם,false,,5.90,0.0590,false,1,60916
7622400005190,false,שוקולד חלב נגיעות שוקולד לבן מילקה 100 ג,מנדלז דויצ'\לנד סנקס פרו,DE,שוקולד מילקה חום לבן,גרמים,100.00,100 גרם,false,,5.90,0.0590,false,1,70783
7630311507016,false,סטארבקס קפסולות קפה סאני דיי 10יח,נסטלה שוויץ - קפה,CH,קפסולות סטארבקס סאני,גרמים,57.00,100 גרם,false,,21.90,0.3842,true,1,187957
7630477891615,false,סטארבקס קפסולות קפה סומטרה 10 יחידות,נסטלה שוויץ - קפה,CH,קפסולות סטארבקס סומט,גרמים,55.00,100 גרם,false,,21.90,0.3982,true,1,121273
7630477891691,false,סטארבקס קפסולות קפה קולמביה 10 יחידות,נסטלה שוויץ - קפה,CH,קפסולות סטארבקס קולו,גרמים,57.00,100 גרם,false,,21.90,0.3842,true,1,121277
7630477891738,false,סטארבקס קפסולות קפה אספרסו בלונד 10 יחיד,נסטלה שוויץ - קפה,CH,קפסולות סטארבקס אספר,גרמים,53.00,100 גרם,false,,21.90,0.4132,true,1,121278
7638900426809,false,סוללות מקס C אנרגייזר2יח,אנרג'יזר Energizer,US,סוללות אלקליין MAX ר,יחידה,0.00,יחידה,false,,24.90,0.0000,true,1,118447
7640103867013,false,"שערות סבתא ""תות "" 15 גרם",אסאבא פוד,ID,שערות סבתא תות,גרמים,15.00,100 גרם,false,,3.90,0.2600,true,1,122597
7702018016808,false,ג'ילט ונוס ריווירה 2 סכיני גילוח חד פעמי,ג'ילט ונוס Gillette Venus,PL,ונוס ריווירה סכין גי,יחידה,0.00,יחידה,false,,19.90,0.0000,true,1,42766
7702018069347,false,סכין גילוח לנשים גילט ונוס,פרוקטר אנד גמבל,PL,בלו 2 לנשים 10+5,יחידה,0.00,יחידה,false,,29.90,0.0000,true,1,94309
7702018321582,false,דאודורנט סטיק לגבר Pro G Cool Wave,פרוקטר אנד גמבל,US,ג'ילט דאודורנט סטיק,יחידה,0.00,יחידה,false,,22.90,0.0000,true,1,63267
7702018404476,false,קצף גילוח סירייס הגנה גילט 250 מל,פרוקטר אנד גמבל,PL,קצף גילוח סירייס 250,מיליליטרים,250.00,"100 מ""ל",false,,16.90,0.0676,true,1,103717
7702018471423,false,גילט פיוזן סטארט סכיני גילוח 4יח,פרןקטר אנד גמבל ברלי,PL,ג'ילט פיוז'ן רביעיה,יחידה,0.00,יחידה,false,,34.90,0.0000,false,1,117094
7702018495818,false,8סכ.גילוח ג'ילט סקינגארד,פרוקטר אנד גמבל,US,סכיני גילוח ג'ילט סק,יחידה,0.00,יחידה,false,,99.00,0.0000,false,1,115457
7702018610280,false,גילט מארז פרוגלייד מכשיר+4 סכינים,פרוקטר אנד גמבל,PL,ג'ילט פרוגלייד ידית+,יחידה,0.00,יחידה,false,,99.90,0.0000,false,1,189910
7702018877591,false,סכיני גילוח רביעייה,,,סכיני גילוח ג'ילט רב,יחידה,0.00,יחידה,false,,65.90,0.0000,true,1,117588
7702018980833,false,"ג'ילט ג'ל גילוח סירייס מועשר בלחות - 200 מ""ל",פרוקטר אנד גמבל,GB,ג'ל גילוח סירייס מוע,מיליליטרים,200.00,"100 מ""ל",false,,16.90,0.0845,true,1,102252
7702018980864,false,קצף גילוח סירייס רגיש גילט 250 מל,פרוקטר & גמבל,PL,קצף גילוח סירייס רגי,מיליליטרים,250.00,"100 מ""ל",false,,16.90,0.0676,true,1,103716
7702024074625,false,פיטנס - חטיפי קרקר חיטה מלאה 234 גרם,קומסטיבלס לה רוזה אס.איי,CO,פיטנס חטיפי קרקר חיט,גרמים,234.00,100 גרם,false,,11.90,0.0509,true,1,111072
7702024258322,false,"חטיפי קרקר עם חיטה מלאה, צ'יה וזרעי פשתן פיטנס",נסטלה Nestle,CO,פיטנס חטיפי קרקר צ'י,גרמים,234.00,100 גרם,false,,11.90,0.0509,true,1,121227
7702174066631,false,לקקן יוגטה פין פופ במילוי מסטיק 170 גר,הדקלאים אגודת שיתופי,EC,פין פופ לקקנים,גרמים,180.00,100 גרם,false,,9.90,0.0550,true,1,35939
7702174068826,false,יוגטה מבחר סוכריות לקקן קשות ממולאות טופי בטעמי יוגורט ופירות 204 גרם,קומסטיבלס אלדור,CO,לקקן יוגטה פירות 12,יחידה,0.00,יחידה,false,,9.90,0.0000,true,1,60266
7702174068833,false,יוגטה סוכריות קשות על מקל ממולאות טופי בטעמי גלידת פירות 12 יח' 204 גרם,ליימן שליסל,CO,לקקן יוגטה גלידה 12,יחידה,0.00,יחידה,false,,9.90,0.0000,true,1,59488
7702174070201,false,יוגטה לקקן בטעם מסטיק ממולא טופי בטעם תות 12 יח' 204 גרם,ליימן שליסל,CO,יוגטה מג'יק לקקנים,גרמים,216.00,100 גרם,false,,9.90,0.0458,true,1,61420
7702174073783,false,סוכריות על מקל בטעם קולה במילוי גומי לעיסה,הדקלאים אגודת שיתופי,CO,לקקן פין פופ קולה,גרמים,180.00,100 גרם,false,,9.90,0.0550,true,1,97049
7702174073844,false,לקקן יוגטה פין פופ פירות 48 יח 672 גרם,הדקלאים אגודת שיתופי,CO,לקקן פין פופ פירות 4,גרמים,672.00,100 גרם,false,,19.90,0.0296,true,1,97050
7792860006218,false,סוכריות לקקנים בייבי דול Baby Doll לריטר,גוד פוד פרודקטס S.p,AR,בייבי דול לקקן,גרמים,24.00,100 גרם,false,,2.20,0.0917,true,1,9580
7804414000884,false,"דון חוליו שרדונה 750 מ""ל",צ'ילה לואיס פיליפה אדוארדס,CL,יין דון חוליו שרדונה,מיליליטרים,750.00,"100 מ""ל",false,,24.90,0.0332,true,1,70772
7891024027998,false,קולגייט מי פה טוטאל הגנה מפני אבן 500 מל,קולגייט- פלמוליב,BR,קולגייט מי פה טוטל א,מיליליטרים,500.00,"100 מ""ל",false,,29.90,0.0598,true,1,189814
7891024124826,false,קולגייט משחת אופטיק ספרקלינג וייט 75מל,הנסיך- מפעל לייצור ט,BR,קולגייט אופטיק וייט,מיליליטרים,75.00,"100 מ""ל",false,,16.90,0.2253,true,1,61119
7891024179482,false,"שטיפת פה קולגייט אופטיק וייט 500מ""ל",יבואן ומשווק: ש. שסט,PL,קולגייט שטיפת פה אופ,מיליליטרים,500.00,"100 מ""ל",false,,29.90,0.0598,true,1,61155
7891155070191,false,תבנית אובלית 3.2 ליט,,,תבנית אובלית 3.2 ליט,יחידה,0.00,יחידה,false,,34.90,0.0000,true,1,188332
8000070003811,false,קפסולות אספרסו לוואצה פסיונלה 11 16 יח,לואיג'י לוואצה,IT,לוואצה קפסולות פסיונ,גרמים,120.00,100 גרם,false,,29.90,0.2492,true,1,190232
8000070010680,false,קפסולות אספרסו לוואצה NCC מותאמות למכונו,לאוג'י לוואצה אס.פי.אי,IT,קפסולות לוואצה ויגור,גרמים,55.00,100 גרם,false,,16.90,0.3073,true,1,124355
8000070012783,false,קפה לוואצה קלוי וטחון חוזק 5 אורו 250 גר,לאוג'י לוואצה אס.פי.אי,IT,קפה לוואצה אורו 250,גרמים,250.00,100 גרם,false,,34.90,0.1396,false,1,9932
8000070029996,false,קפה לוואצה קלוי וטחון אורו שחור 250 גר,לווצה טורינו,IT,לוואצה אורו שחור 250,גרמים,250.00,100 גרם,false,,34.90,0.1396,false,1,189740
8000070035980,false,קפה לוואצה קלוי וטחון חוזק 5 רוסה 250 גר,לווצה טורינו,IT,קפה לוואצה רוסה אדום,גרמים,250.00,100 גרם,false,,28.90,0.1156,false,1,42994
8000070038868,false,קפה לוואצה קלוי וטחון חוזק 8 קלאסיקו 250 גר,לאוג'י לוואצה אס.פי.אי,IT,לוואצה קרמה גוסטו,גרמים,250.00,100 גרם,false,,27.90,0.1116,false,1,68524
8000070053472,false,לוואצה קרמה גוסטו קלאסיקו מס' 12 קפסולות לקפה 55 גרם,לאוג'י לוואצה אס.פי.אי,IT,קפסולות לוואצה אלומי,גרמים,55.00,100 גרם,false,,19.90,0.3618,false,1,190749
8000070053526,false,קפסולות קפה אספרסו רוסה דרגת חוזק 10,לאוג'י לוואצה אס.פי.אי,IT,קפסולות לוואצה אלומי,גרמים,55.00,100 גרם,false,,19.90,0.3618,false,1,190752
8000070059832,false,לוואצה קרמה גוסטו ריקו מס' 11 קפסולות לקפה 55 גרם,לואיג'י לוואצה,IT,קפסולות לוואצה אלומי,גרמים,55.00,100 גרם,false,,19.90,0.3618,false,1,190753
8000070081017,false,קפסולות קפה אספרסו דיצו 10 10 יחידות,לאוג'\י לוואצה אס.פי.אי,IT,לוואצה דיצ'ו,גרמים,50.00,100 גרם,false,,16.90,0.3380,true,1,110994
8000193000490,false,"אורז משובח לריזוטו קרנרולי 1 ק""ג (10)",,,אורז משובח לריזוטו ק,קילוגרמים,1.00,"ק""ג",false,,19.90,19.9000,true,1,107961
8000215204219,false,ויטאריז משקה אורז אורגני 1 ליטר,בטר אנד דיפרנט,IT,חלב אורז אורגני 1 לי,ליטרים,1.00,ליטר,false,,12.90,12.9000,false,1,61454
8000215204240,false,ויטאריז משקה שקדים ואורז אורגני 1 ליטר,בטר אנד דיפרנט,IT,VITARIZ-חלב אורז שקד,ליטרים,1.00,ליטר,false,,12.90,12.9000,false,1,58761
8000215204677,false,ויטריז - משקה שיבולת שועל בריסטה אורגני,בטר אנד דיפרנט,IT,VITARIZ משקה שיבולת,ליטרים,1.00,ליטר,false,,12.90,12.9000,false,1,187456
8000380003723,false,וופל אגוזים בציפוי שוקולד לואקר 100 גרם,קריניציה ויטמינה אס,IT,עוגיות פטיסרי אגוזים,גרמים,100.00,100 גרם,false,,11.90,0.1190,true,1,12813
8000380003754,false,עוגיות וופל קפה קפוצ'ינו 100 גרם לואקר,"כד בני דרום בע""מ",IT,עוגיות פטיסרי,גרמים,100.00,100 גרם,false,,11.90,0.1190,true,1,104963
8000380003761,false,וופל גרנד פטיסרי שוקולד וקוקוס לואקר 100 גרם,קריניציה ויטמינה אס,IT,עוגיות פטיסרי קוקוס,גרמים,100.00,100 גרם,false,,11.90,0.1190,true,1,12815
8000380004669,false,וופל לואקר סנדוויץ קוביות ושוקולד 200ג',"א. לואקר, קונפקט ג'י",AT,וופל קקאו 200 גר',גרמים,200.00,100 גרם,false,,12.00,0.0600,false,1,35171
8000380004676,false,קוביות וופל סנדוויץ Sandwich עם וניל וחלב,"א. לואקר, קונפקט ג'י",AT,וופל וניל 200 גר,גרמים,200.00,100 גרם,false,,12.00,0.0600,false,1,12817
8000380004881,false,וופל קוארדטיני לואקר קוביות טרמיסו 220ג',קריניציה ויטמינה אס,IT,וופל קוארדטיני,גרמים,220.00,100 גרם,false,,13.90,0.0632,true,1,12819
8000380004911,false,קוביות וופל קואדרטיני Quadratini קרם אגוזים,קריניציה ויטמינה אס,AT,וופל קוארדטיני,גרמים,250.00,100 גרם,false,,13.90,0.0556,true,1,12820
8000380004942,false,קוביות וופל בטעם וניל לואקר 250 גרם,ליימן מותגים,AT,קואדקטיני וניל 250 ג,גרמים,250.00,100 גרם,false,,13.90,0.0556,true,1,43271
8000380004966,false,וופל קוארדטיני לואקר קוביות שוקולד 250ג',קריניציה ויטמינה אס,AT,וופל קוארדטיני,גרמים,250.00,100 גרם,false,,13.90,0.0556,true,1,12821
8000380005598,false,מארז וופל שוקולד טורטינה Tortina שוקולד מריר,א. לואקר אס. פי. אי-אי.,IT,טורטינה שישיה מריר,גרמים,125.00,100 גרם,false,,16.00,0.1280,true,1,37905
8000380007219,false,וופלים בטעם אגוזים לואקר 175 גרם,ליימן מותגים,AT,לואקר אגוז 175,גרמים,175.00,100 גרם,false,,10.90,0.0623,true,1,12822
8000380007257,false,וופל גרדנה אגוזים לואקר 200 גרם,קריניציה ויטמינה אס,IT,וופל גרדנה 200 ג,גרמים,200.00,100 גרם,false,,13.90,0.0695,true,1,12824
8000380007264,false,וופלים בטעם קקאו לואקר 175 גרם,קריניציה ויטמינה אס,AT,לואקר קקאו 175,גרמים,175.00,100 גרם,false,,10.90,0.0623,true,1,12825
8000380007271,false,וופל במילוי קרם חלב לואקר 175 גרם,ליימן מותגים,AT,וופל לואקר 175,גרמים,175.00,100 גרם,false,,10.90,0.0623,true,1,12826
8000380106028,false,טורטינה לואקר וופל שוקולד ואגוזים שישיה 125ג',קריניציה ויטמינה אס,IT,טורטינה 125 גר,גרמים,125.00,100 גרם,false,,16.00,0.1280,true,1,67531
8000380144044,false,גרדנה וופל מצופה שוקולד חלב לואקר 200 גרם,"א. לואקר , AG/SpA, ו",IT,וופל גרדנה שוקולד 20,גרמים,200.00,100 גרם,false,,13.90,0.0695,true,1,27920
8000380148035,false,וופל אגוזי לוג שוקולד מריר גראן פטיסרי Gran Pasticceria,קריניציה ויטמינה אס,IT,גרנד פטיסרי מריר אגו,גרמים,100.00,100 גרם,false,,11.90,0.1190,false,1,38290
8000380152728,false,מארז חטיפי אצבעות גרנדה שוקולד 125 גרם,"אינסטנטה בע""מ",IT,חטיפי אצבעות שוקולד,גרמים,125.00,100 גרם,false,,14.00,0.1120,true,1,58821
8000380153534,false,מארז וופל שוקולד טורטינה Tortina שוקולד לבן,א. לואקר אס. פי. אי-אי.,IT,טורטינה שישיות לבן,גרמים,125.00,100 גרם,false,,16.00,0.1280,true,1,63460
8000380157570,false,וופלים לואקר קלאסיק אגוז 262.5 גר,ליימן מותגים,AT,וופל לואקר אגוז 262.,גרמים,262.50,100 גרם,false,,10.00,0.0381,true,1,102399
8000380180721,false,לואקר וופל קקאו במילוי קרם חלבי 175 גר,קריניציה ויטמינה אס,AT,לואקר שוקו חלב 175 ג,גרמים,175.00,100 גרם,false,,10.90,0.0623,true,1,99053
8000380180745,false,וופל קוביות קקאו במילוי קרם חלב לואקר 250 גרם,"א. לואקר, קונפקט ג'י",AT,וופל קואדרטיני 250 ג,גרמים,250.00,100 גרם,false,,13.90,0.0556,true,1,99054
8000380180837,false,וופל גרנד פטיסרי קוקוס לבן מצופה שוקולד לבן לואקר 100 גרם,"אינסטנטה בע""מ",IT,גרנד פטיסרי לבן 100,גרמים,100.00,100 גרם,false,,11.90,0.1190,true,1,101259
8000380181032,false,"לואקר גרדנה חטיפי אצבעות אגוזים ושוקולד לבן, 125 גרם","אינסטנטה בע""מ",IT,וופל גרדנה לבן 125 ג,גרמים,125.00,100 גרם,false,,14.00,0.1120,true,1,101260
8000380189281,false,מארז מיני מיקס לואקר בשקית 210 גרם,ליימן מותגים,AT,מארז לואקר מיני מיקס,גרמים,210.00,100 גרם,false,,21.90,0.1043,true,1,109737
8000380192199,false,וופל לואקר דאבל שוקולד 175 גרם,ליימן מותגים,AT,וופל לואקר 175 גר' ד,גרמים,175.00,100 גרם,false,,10.90,0.0623,true,1,114210
8000380201396,false,שוקולד חלב ממולא קרם קרמל ועלי וופל פריכ,ליימן מותגים,AT,טורטינה קרמל שישייה,גרמים,126.00,100 גרם,false,,16.00,0.1270,true,1,125025
8000380205400,false,וופלים קואדרטיני חמאת בוטנים לואקר 250 גרם,ליימן מותגים,AT,לואקר קואדרטיני חמאת,גרמים,250.00,100 גרם,false,,13.90,0.0556,true,1,189280
8000380205523,false,וופלים בטעם חמאת בוטנים לואקר 175 גרם,ליימן מותגים,AT,לואקר וופל קלאסיק חמ,גרמים,175.00,100 גרם,false,,10.90,0.0623,true,1,189281
8000380206896,false,וופל גרדנה חמאת בוטנים לואקר 200 גרם,ליימן מותגים,IT,גרדנה חמאת בוטנים לו,גרמים,200.00,100 גרם,false,,13.90,0.0695,true,1,189437
8000500009673,false,בונבונרייה פררו רושר 300 גרם,פררו - אלבה,IT,בונבוניירה רושר 300ג,גרמים,300.00,100 גרם,false,,45.90,0.1530,true,1,12829
8000500018828,false,שלישיית קינדר שוקולד חצי מטר 100 גרם,קינדר Kinder,IT,שוקולד קינדר 300 גר',גרמים,300.00,100 גרם,false,,21.00,0.0700,true,1,107020
8000500023624,false,חטיפי הפי היפו Happy Hippo במילוי קרם חלב וקקאו,פררו - אלבה,IT,חטיף קינדר הפי היפו,גרמים,100.00,100 גרם,false,,12.90,0.1290,true,1,28672
8000500023976,false,בונבוניירת רפאלו פררו 150 גרם,פררו - אלבה,PL,בונבונירה רפאלו 150,גרמים,150.00,100 גרם,false,,16.90,0.1127,true,1,12830
8000500026731,false,שוקולד ביצי הפתעה קינדר שלישייה,פררו אס.פי.אי,IT,ביצי קינדר שלישייה,גרמים,60.00,100 גרם,false,,16.50,0.2750,false,1,80227
8000500028124,false,קינדר גוי ביצת הפתעה מארז שלישיה,ליימן שליסל,ZA,שלישיה קינדר ג'וי 3x,גרמים,60.00,100 גרם,false,,16.50,0.2750,false,1,28023
8000500029350,false,מארז וופל מצופה 3יח' *43 גרם קינדר בואנו,פררו - אלבה,PL,שלישיה שוקולד קינדר,גרמים,129.00,100 גרם,false,,10.90,0.0845,true,1,12832
8000500037874,false,בונבונרייה פררו רושר 200 גרם,פררו - אלבה,IT,בונבונירה רושר 200 ג,גרמים,200.00,100 גרם,false,,25.90,0.1295,false,1,12835
8000500071083,false,אצבעות שוקולד קינדר Kinder שש עשרה יחידות,פררו - אלבה,IT,שוקולד קינדר 200 גר',גרמים,200.00,100 גרם,false,,12.90,0.0645,false,1,12836
8000500121436,false,מארז קינדר בואנו Kinder Bueno לבן שלוש יחידות,פררו - אלבה,PL,שלישיה קינדר בואנו ל,גרמים,129.00,100 גרם,false,,10.90,0.0845,true,1,42322
8000500167656,false,קינדר שוקולד עם דגנים סיריאל 94 ג',פררו,IT,קינדר סיריאל מארז רב,גרמים,94.00,100 גרם,false,,8.50,0.0904,true,1,116677
8000500227848,false,נוטלה - בי רדי אצבעות ביסקוויט במילוי שוקולד 6 יח' * 22 גרם,פררו,IT,וופל מלוח נוטלה מארז,גרמים,132.00,100 גרם,false,,11.90,0.0902,true,1,112221
8000500247150,false,פררו רושה קולקשיין קוקוס מילוי קרם ושקד שלם 172ג',פררו,DE,פררו קולקשיין 15 יח',גרמים,172.00,100 גרם,false,,25.90,0.1506,true,1,109448
8000500249352,false,קינדר בואנו מיני מיקס שקית 205 ג',פררו - אלבה,PL,בואנו מיני מיקס,גרמים,205.00,100 גרם,false,,18.90,0.0922,true,1,108922
8000500256213,false,קינדר שוקולד מיני בשקית.,פררו - אלבה,IT,קינדר שוקולד מיני,גרמים,120.00,100 גרם,false,,10.90,0.0908,true,1,187774
8000500267103,false,קינדר דליס עוגת ספוג קקאו במילוי חלבי*10,קינדר Kinder,IT,קינדר דליס עשירייה,גרמים,390.00,100 גרם,false,,19.90,0.0510,true,1,111075
8000500269169,false,קינדר קארדס Kinder Cards - חמישייה,קריות זול,IT,קינדר קארדס חמישייה,גרמים,128.00,100 גרם,false,,12.90,0.1008,true,1,189937
8000500294345,false,רושר איש שלג שוקולד חלב ואגוזי לוז 90 גר,פררו,PL,פררו איש שלג,גרמים,90.00,100 גרם,false,,14.90,0.1656,true,1,186744
8000500310397,false,נוטלה עוגיות נוטלה בגליל 12יח' - NUTELLA BISCUITTS,קריות זול,IT,נוטלה ביסקויט,גרמים,165.00,100 גרם,false,,13.90,0.0842,true,1,191168
8000500328750,false,כדור וופל פריך מצופה שוקולד פררו רושר 141 ג',פררו,DE,בונבוניירה פררו רונד,גרמים,141.00,100 גרם,false,,24.90,0.1766,true,1,124864
8000500366073,false,נוטלה עוגיות נוטלה בשקית 20 יח'- NUTELLA BISCUITTS,נוטלה Nutella,IT,ביסקוויטים במילוי נו,גרמים,276.00,100 גרם,false,,19.90,0.0721,true,1,191086
8001090111715,false,תחתונים אולוויז דיסקריט מידה M לבריחת שתן,פרוקטר אנד גמבל,DE,אולוויז דיסקריט תחתו,יחידה,0.00,יחידה,false,,34.90,0.0000,false,1,111421
8001090184375,false,"נוזל כלים פיירי 900 מ""ל ירוק אורגינל",פרוקטר אנד גמבל,GB,פרי לכלים אורגינל 90,מיליליטרים,900.00,"100 מ""ל",false,,12.90,0.0143,true,1,188965
8001090222428,false,"הרבל אסנסס - שמפו חלב קוקוס 400 מ""ל",הרבל אסנס Herbal Essences,FR,הרבל אסנסס שמפו חלב,מיליליטרים,400.00,"100 מ""ל",false,,17.90,0.0447,true,1,115465
8001090222725,false,"הרבל אסנסס - שמפו שמן מורינגה 400 מ""ל",הרבל אסנס Herbal Essences,FR,הרבל אסנסס שמפו שמן,מיליליטרים,400.00,"100 מ""ל",false,,17.90,0.0447,true,1,115469
8001090222756,false,"הרבל אסנסס - מרכך שמן מורינגה 400 מ""ל",הרבל אסנס Herbal Essences,FR,הרבל אסנסס מרכך שמן,יחידה,0.00,יחידה,false,,17.90,0.0000,true,1,115470
8001090222848,false,"הרבל אסנסס - שמפו שיקום שמן ארגן 400 מ""ל",הרבל אסנס Herbal Essences,FR,הרבל אסנסס שמפו שיקו,מיליליטרים,400.00,"100 מ""ל",false,,17.90,0.0447,true,1,115471
8001090222879,false,"הרבל אסנסס - מרכך שיקום שמן ארגן 400 מ""ל",הרבל אסנס Herbal Essences,FR,הרבל אסנסס מרכך שיקו,מיליליטרים,400.00,"100 מ""ל",false,,17.90,0.0447,true,1,115472
8001090290830,false,"אוראל בי משחת שיניים- להלבנה פנינה בוהקת 75 מ""ל",פרוקטר אנד גמבל,DE,אורל בי משחת שיניים3,100 מל,75.00,100 מל,false,,19.90,0.2653,true,1,126641
8001090290939,false,"אוראל בי משחת שיניים- להלבנה לובן בוהק 75 מ""ל",פרוקטר אנד גמבל,DE,אורל בי משחת שיניים3,100 מל,75.00,100 מל,false,,19.90,0.2653,true,1,126642
8001090290984,false,"משחת שיניים 3D white רעננות מעוררת 75 מ""ל אורל בי",פרוקטר אנד גמבל,DE,אורל בי משחה- רעננות,מיליליטרים,75.00,"100 מ""ל",false,,11.90,0.1587,true,1,190926
8001090336354,false,פמפרס בייבי דריי חיתולים מידה 2 46 יח,פרוקטר אנד גמבל,DE,פמפרס בייבי דריי מיד,יחידה,0.00,יחידה,false,,31.90,0.0000,false,1,117318
8001090336521,false,פמפרס בייבי דריי חיתולים מידה 5 30 יח,פרוקטר אנד גמבל,DE,פמפרס בייבי דריי מיד,יחידה,0.00,יחידה,false,,31.90,0.0000,false,1,117322
8001090336606,false,פמפרס בייבי דריי חיתולים מידה 6 26 יח,פרוקטר אנד גמבל,DE,פמפרס בייבי דריי מיד,יחידה,0.00,יחידה,false,,31.90,0.0000,false,1,117323
8001090364104,false,"משחת שיניים אורל בי G&E אורגינל 75 מ""ל",פרוקטר אנד גמבל,DE,משחת שיניים אורל בי,100 מל,75.00,100 מל,false,,15.90,0.2120,true,1,126637
8001090364159,false,"משחת שיניים אורל בי G&E רעננות מוגברת 75 מ""ל",פרוקטר אנד גמבל,DE,משחת שיניים אורל בי,100 מל,75.00,100 מל,false,,15.90,0.2120,true,1,126638
8001090364203,false,"משחת שיניים אורל בי G&E להלבנה עדינה 75 מ""ל",פרוקטר אנד גמבל,DE,משחת שיניים אורל בי,100 מל,75.00,100 מל,false,,15.90,0.2120,true,1,126639
8001090377487,false,מסכה לשיער פנטן לחות מוגברת 300 מל,פרוקטר אנד גמבל,RO,מסכה אינטנסיבית לשיע,מיליליטרים,300.00,"100 מ""ל",false,,33.90,0.1130,true,1,112804
8001090379368,false,פמפרס פרימיום קר חיתולים שלב 4 34 יח VP,פרוקטר אנד גמבל,PL,חיתולי פמפרס פרימיום,יחידה,0.00,יחידה,false,,31.90,0.0000,false,1,187449
8001090379399,false,פמפרס פרימיום קר חיתולים שלב 5 30 יח VP,פרוקטר אנד גמבל,PL,חיתולי פמפרס פרימיום,יחידה,0.00,יחידה,false,,31.90,0.0000,false,1,187450
8001090458353,false,סבון כלים פעולה אנטי-בקטריאלית אקליפטוס,פרוקטר אנד גמבל,GB,פיירי אנטי בקטריאלי,מיליליטרים,515.00,"100 מ""ל",false,,10.90,0.0212,false,1,105236
8001090493637,false,"הד אנד שולדרס שמפו אולטרא טוטאל קר 450 מ""ל",פרוקטר אנד גמבל,RO,הד אנד שולדרס שמפו ט,מיליליטרים,450.00,"100 מ""ל",false,,17.90,0.0398,true,1,106278
8001090721099,false,טבליות ג'ל לכביסה 3 ב-1 בניחוח אביב הרים,פרוקטר אנד גמבל,FR,אריאל קפסולות לכביסה,יחידה,0.00,יחידה,false,,31.90,0.0000,true,1,111084
8001090721129,false,אריאל קפסולות גל לכביסה 3ב1 קולור 27 יח,פרוקטר אנד גמבל,FR,אריאל קפסולות לכביסה,יחידה,0.00,יחידה,false,,31.90,0.0000,true,1,111085
8001090737809,false,מגן תחתון אולוויז סינגל טנגה 36 יחידות,פרוקטר אנד גמבל,ES,מגן תחתון אולוויז סי,יחידה,0.00,יחידה,false,,16.90,0.0000,false,1,110711
8001090745903,false,אבקת כביסה טייד פרש אלפיין 4 קג,פרוקטר אנד גמבל,CZ,טייד אלפיין פרש 4 קג,קילוגרמים,4.00,"ק""ג",false,,29.90,7.4750,false,1,117965
8001090802385,false,קפסולות גל לכביסה טייד בניחוח לנור 26 יח,פרוקטר אנד גמבל,FR,טייד קפסולות ג'ל 26,גרמים,100.00,100 גרם,false,,26.90,0.2690,false,1,120903
8001090832450,false,"שמפו פנטן הנוסחה הקלאסית 660 מ""ל",פרוקטר אנד גמבל,RO,פנטן שמפו נוסחה קלאס,מיליליטרים,660.00,"100 מ""ל",false,,17.90,0.0271,false,1,122755
8001090832535,false,"שמפו פנטן שמן מרוקאי משקם 660 מ""ל",פרוקטר אנד גמבל,RO,פנטן שמפו שמן מרוקאי,מיליליטרים,660.00,"100 מ""ל",false,,17.90,0.0271,false,1,122756
8001090832573,false,"שמפו פנטן לחות מוגברת 660 מ""ל",פרוקטר אנד גמבל,RO,פנטן שמפו לחות מוגבר,מיליליטרים,660.00,"100 מ""ל",false,,17.90,0.0271,false,1,122757
8001090832696,false,"פנטן שמפו לתלתלים מושלמים 660 מ""ל",פרוקטר אנד גמבל,RO,פנטן שמפו לתלתלים מו,מיליליטרים,660.00,"100 מ""ל",false,,17.90,0.0271,false,1,122760
8001090832771,false,"פנטן שמפו להזנת קרטין 660 מ""ל",פרוקטר אנד גמבל,RO,פנטן שמפו הזנת קרטין,מיליליטרים,660.00,"100 מ""ל",false,,17.90,0.0271,false,1,122762
8001090832818,false,מרכך פנטן הנוסחה הקלאסית לשיער רגיל ומעורב,פרוקטר אנד גמבל,RO,פנטן קונדישנר נוסחה,מיליליטרים,660.00,"100 מ""ל",false,,17.90,0.0271,false,1,122764
8001090832856,false,"פנטן 660 מ""ל קונדישינר מרוקאי משקם",פרוקטר אנד גמבל,RO,פנטן קונדישנר מרוקאי,מיליליטרים,660.00,"100 מ""ל",false,,17.90,0.0271,false,1,122765
8001090832894,false,מרכך לשיער חלש ופגום לחות מוגברת,פרוקטר אנד גמבל,RO,פנטן קונדישנר לחות מ,מיליליטרים,660.00,"100 מ""ל",false,,17.90,0.0271,false,1,122766
8001090832979,false,"פנטן מרכך לתלתלים מושלמים 660 מ""ל",פנטן שמפו ומרכך ב 17,RO,פנטן מרכך לתלתלים מו,מיליליטרים,660.00,"100 מ""ל",false,,17.90,0.0271,false,1,122768
8001090833136,false,אריאל ג'ל כביסה בייבי 2.255 ליטר,פרוקטור אנד גמבל,FR,אריאל ג'ל בייבי 2.25,ליטרים,2.26,ליטר,false,,29.90,13.2301,false,1,112385
8001090833167,false,גל כביסה אריאל בניחוח הרים 2.365 ליטר,פרוקטור אנד גמבל,FR,אריאל ג'ל כביסה 2.36,ליטרים,2.37,ליטר,false,,29.90,12.6160,false,1,112386
8001090833228,false,אריאל ג'ל כביסה קולור 2.365 ליטר,פרוקטור אנד גמבל,FR,אריאל ג'ל כביסה 2.36,ליטרים,2.37,ליטר,false,,29.90,12.6160,false,1,112388
8001090833259,false,גל כביסה אריאל בניחוח הרים 3.740 ליטר,פרוקטר אנד גמבל,FR,אריאל ג'ל כביסה 3.74,ליטרים,3.74,ליטר,false,,44.90,12.0053,false,1,112384
8001090861276,false,"פנטן קונדישנר סופר פוד 660 מ""ל",פרוקטר אנד גמבל,RO,פנטן קונדישנר סופר פ,מיליליטרים,660.00,"100 מ""ל",false,,17.90,0.0271,false,1,122771
8001090861795,false,"פנטן שמפו סופר פוד 660 מ""ל",פרוקטר אנד גמבל,RO,פנטן שמפו סופר פוד,מיליליטרים,660.00,"100 מ""ל",false,,17.90,0.0271,false,1,122763
8001090891273,false,לנור כדוריות בושם בניחוח סחלב 210 גרם,פרוקטר אנד גמבל,US,לנור כדוריות הבושם ס,גרמים,210.00,100 גרם,false,,27.90,0.1329,true,1,121940
8001090899194,false,תחבושות אולוויז פלטינום נורמל 24 יחידות,פרוקטר אנד גמבל,DE,תחבושות אולוויז פלטי,יחידה,0.00,יחידה,false,,16.90,0.0000,true,1,117095
8001090899224,false,תחבושות אולוויז פלטינום לונג 20 יחידות,פרוקטר אנד גמבל,DE,תחבושות אולוויז פלטי,יחידה,0.00,יחידה,false,,16.90,0.0000,true,1,117096
8001090899255,false,תחבושות אולוויז פלטינום לילה 16 יחידות,פרוקטר אנד גמבל,DE,תחבושות אולוויז פלטי,יחידה,0.00,יחידה,false,,16.90,0.0000,true,1,117097
8001090899286,false,תחבושות אולוויז פלטינום לילה בטוח 14 יח',פרוקטר אנד גמבל,DE,תחבושות אולוויז פלטי,יחידה,0.00,יחידה,false,,16.90,0.0000,true,1,117098
8001090943095,false,סבון כלים פעולה אנטי-בקטריאלית אקליפטוס,פיירי Fairy,,פיירי אנטיבקטריאלי 1,ליטרים,1.01,ליטר,false,,13.90,13.7624,false,1,120907
8001250009999,false,ניוקי דה ציקו תפוא 5,דה צ'אקו DE CECCO,,דה צ'קו ניוקי תפוחי,גרמים,500.00,100 גרם,false,,8.90,0.0178,true,1,56537
8001440124150,false,"רוטב עגבניות צ'ילי לפסטה צ'ריו 446 מ""ל CIRIO",,,רוטב עגבניות צ'ילי ל,מיליליטרים,446.00,"100 מ""ל",false,,11.90,0.0267,true,1,188756
8001620011935,false,"סן בנדטו- מים מינרלים מוגז - מארז שישיית 500 מ""ל",אקווה מינרלה סאן בנד,IT,סאן בנדטו מוגז שישיי,ליטרים,3.00,ליטר,false,,12.90,4.3000,false,1,43619
8001620015629,false,"משקה פירות בטעם תפוז ותפוז אדום 400 מ""ל פרוטה",אקווה מינרלה סאן בנדטו ב,IT,סן בנדטו משקה פירות,מיליליטרים,400.00,"100 מ""ל",false,,6.50,0.0163,true,1,187211
8001620015636,false,"משקה פירות פרוטה-מיקס פירות 400 מ""ל סאן בנדטו",אקווה מינרלה סאן בנדטו ב,IT,סאן בנדטו מיקס פירות,מיליליטרים,400.00,"100 מ""ל",false,,6.50,0.0163,true,1,125159
8001620017456,false,"סן בנדטו ספורט, מים מינרלים טבעיים 500 מ""ל שישייה",אקווה מינרלה סאן בנדטו ב,IT,סאן בנדטו פקק ספורט,ליטרים,3.00,ליטר,false,,13.90,4.6333,true,1,108692
8001620018248,false,"מים מינרלים 750 מ""ל סאן בנדטו-פקק ספורט",אקווה מינרלה סאן בנדטו ב,IT,סאן בנדטו פקק ספורט,מיליליטרים,750.00,"100 מ""ל",false,,3.90,0.0052,true,1,114415
8001620018408,false,"משקה פירות בטעם מנגו תפוח 400 מ""ל פרוטה",אקווה מינרלה סאן בנדטו ב,IT,סן בנדטו משקה פירות,מיליליטרים,400.00,"100 מ""ל",false,,6.50,0.0163,true,1,187212
8001620019160,false,"סן בנדטו מים מינרלים בטעם אפרסק 500 מ""ל",אקווה מינרלה סאן בנדטו ב,IT,מים סן בנדטו אפרסק 4,מיליליטרים,400.00,"100 מ""ל",false,,5.90,0.0147,true,1,190369
8001620019177,false,"סן בנדטו מים מינרלים בטעם ענבים 500 מ""ל",אקווה מינרלה סאן בנדטו ב,IT,מים סן בנדטו ענבים 4,מיליליטרים,400.00,"100 מ""ל",false,,5.90,0.0147,true,1,190370
8001841006833,false,לנור כדוריות הבושם בניחוח אביבי 210 ג',פרוקטר אנד גמבל,GB,לנור כדוריות הבושם א,גרמים,210.00,100 גרם,false,,27.90,0.1329,true,1,121942
8001841041421,false,מגבונים ללא בישום אריזה בודדת 80 יח' פמפרס,פרוקטר & גמבל,DE,פמפרס מגבונים בניחוח,יחידה,0.00,יחידה,false,,5.90,0.0000,true,1,190929
8001841053646,false,תחבושות אולוויז עבה נורמל פלוס 14 יחידות,פרוקטר אנד גמבל )ראה קוד,HU,תחבושות אולוויז עבה,יחידה,0.00,יחידה,false,,11.90,0.0000,true,1,126450
8001841053684,false,תחבושות אולוויז עבה לונג פלוס 12 יחידות,פרוקטר אנד גמבל )ראה קוד,HU,תחבושות אולוויז עבה,יחידה,0.00,יחידה,false,,11.90,0.0000,true,1,126451
8001841053806,false,תחבושות היגייניות אולוויז מקסי עבה לילה,פרוקטר אנד גמבל,HU,תחבושות אולוויז עבה,יחידה,0.00,יחידה,false,,11.90,0.0000,true,1,126446
8001841077598,false,מגבונים בניחוח רענן אריזה בודדת 80 יח' פמפרס,פרוקטר & גמבל,DE,פמפרס מגבונים ללא בי,יחידה,0.00,יחידה,false,,5.90,0.0000,true,1,190930
8001841104799,false,פמפרס פרימיום קר חיתולים שלב 2 46 יח VP,פרוקטר אנד גמבל,PL,חיתולי פמפרס פרימיום,יחידה,0.00,יחידה,false,,31.90,0.0000,false,1,187452
8001841105093,false,פמפרס פרימיום קר חיתולים שלב 6 26 יח VP,פרוקטר אנד גמבל,PL,חיתולי פמפרס פרימיום,יחידה,0.00,יחידה,false,,31.90,0.0000,false,1,187453
8001841137179,false,קונדישינר הד&שולדרס הנוסחה הקלאסית 275מל,פרוקטר אנד גמבל,RO,הד אנד שולדרס קונדיש,מיליליטרים,275.00,"100 מ""ל",false,,14.90,0.0542,true,1,116884
8001841137216,false,"קונדישנר למגע רך כמשי הד אנד שולדרס 275 מ""ל",פרוקטר אנד גמבל,RO,הד אנד שולדרס קונדיש,מיליליטרים,275.00,"100 מ""ל",false,,14.90,0.0542,true,1,116885
8001841198446,false,"דאו ספריי לגבר פאוור ראש ג'ילט 150 מ""ל",פרוקטר אנד גמבל,GB,דאודורנט ג'ילט 150 מ,מיליליטרים,150.00,"100 מ""ל",false,,15.90,0.1060,true,1,118082
8001841427126,false,מגן תחתון אולוויז מגה פק פרו פרש נורמל 64 יחי,פרוקטר אנד גמבל,DE,מגן תחתון אולוויז מג,יחידה,0.00,יחידה,false,,16.90,0.0000,true,1,120965
8001841500799,false,"הרבל אסנסס - שמפו ללא סולפטים אלוורה ומנגו 380 מ""ל",הרבל אסנס Herbal Essences,FR,הרבל אסנס שמפו ללא ס,מיליליטרים,380.00,"100 מ""ל",false,,17.90,0.0471,true,1,123225
8001841500942,false,"הרבל אסנסס - שמפו ללא סולפטים אלוורה ובמבוק 380 מ""ל",הרבל אסנס Herbal Essences,FR,הרבל אסנס שמפו ללא ס,מיליליטרים,380.00,"100 מ""ל",false,,17.90,0.0471,true,1,123226
8001841566771,false,לנור כדוריות בושם בניחוח יסמין 210 גרם,פרוקטר אנד גמבל,US,לנור כדוריות הבושם ב,גרמים,210.00,100 גרם,false,,27.90,0.1329,true,1,121943
8001841623061,false,חיתולי פמפרס בייבי דריי שלב 1- 21 יח',פרוקטר אנד גמבל,PL,חיתולי פמפרס בייבי ד,יחידה,0.00,יחידה,false,,14.90,0.0000,false,1,120947
8001841625287,false,סבון כלים פלטינום לימון X3 פעולות להסרת שומנים,פרוקטר אנד גמבל,GB,פיירי לימון 1.015 לי,ליטרים,1.01,ליטר,false,,13.90,13.7624,true,1,119619
8001841625461,false,סבון כלים פלטינום X3 פעולות להסרת שומנים,פרוקטר אנד גמבל,GB,פיירי פלטיניום 515 מ,מיליליטרים,515.00,"100 מ""ל",false,,10.90,0.0212,false,1,120145
8001841625508,false,"נוזל כלים פיירי פלטינום אורגינל 1.015 ליטר בד""צ",פרוקטר אנד גמבל,GB,פיירי פלטיניום אורגי,מיליליטרים,1015.00,"100 מ""ל",false,,13.90,0.0137,true,1,119763
8001841660530,false,קרם לחות מינרלס במבוק + חלבון משקם לשיער ארוך,פנטן Pantene,FR,פנטן מיראקלס קרם לחו,מיליליטרים,270.00,"100 מ""ל",false,,17.90,0.0663,true,1,125892
8001841669465,false,קפסולות לכביסה אריאל בניחוח לנור 24 יחידות,פרוקטר אנד גמבל,FR,אריאל קפסולות 24 יח,יחידה,0.00,יחידה,false,,31.90,0.0000,false,1,124527
8001841669519,false,קפסולות לכביסה ALL IN ONE אריאל 55 יחידות,פרוקטר אנד גמבל,FR,אריאל קפסולות כביסה,גרמים,1386.00,100 גרם,false,,59.90,0.0432,false,1,121070
8001841680989,false,מגן תחתון אולוויז מגה פק פרו פרש לארג' 60 יחי,פרוקטר אנד גמבל,DE,מגן תחתון אולוויז מג,יחידה,0.00,יחידה,false,,16.90,0.0000,true,1,120871
8001841941929,false,אולוויז וליו פק לילה בטוח אקסטרא 16 יחידות,פרוקטר אנד גמבל,DE,תחבושות אולוויז וליו,יחידה,0.00,יחידה,false,,16.90,0.0000,false,1,125896
8001841943961,false,לנור כדוריות בושם בניחוח אוקיינוס 210 גר,פרוקטר אנד גמבל,US,לנור כדוריות הבושם א,גרמים,210.00,100 גרם,false,,27.90,0.1329,true,1,121944
8001841958460,false,פיירי טבליות למדיח אורגינל הכל באחד - מארז 48 יח',פרוקטר אנד גמבל,BE,פיירי טבליות למדיח 4,יח',48.00,יח',false,,38.90,0.8104,true,1,123241
8001940000015,false,מטלית וילדה לחלון,,,מטלית וילדה לחלון,יחידה,0.00,יחידה,false,,13.90,0.0000,true,1,188239
8002270015656,false,מים מינרליים טבעיים מוגזים סן פלגרינו 750 מל זכוכית,סן פלגרינו ס.פ.א לוק,IT,מים סאן פלגרינו,מיליליטרים,750.00,"100 מ""ל",false,,8.90,0.0119,true,1,28155
8002270166594,false,"שישיית מים ""סאן פלגרינו"" 250*6 מ""ל",טמפו,,שישייה סאן פלגרינו,ליטרים,1.50,ליטר,false,,29.90,19.9333,true,1,101974
8002270436581,false,"שישיית מים סאן פלגרינו פלסט 500 מ""ל",סן-פלגרינו,IT,סן פלגרינו פלסטיק מו,ליטרים,3.00,ליטר,false,,26.90,8.9667,true,1,115679
8002270866524,false,סן פלגרינו מים מינרליים טבעיים מוגזים,סן פלגרינו San Pellegrino,IT,סאן פלגרינו 1 ליטר,ליטרים,1.00,ליטר,false,,8.90,8.9000,true,1,62249
8002450201008,false,"רספברי ספרקלטיני 750 מ""ל",איטליה בוסקה,IT,ורדי רסברי,מיליליטרים,750.00,"100 מ""ל",false,,22.90,0.0305,true,1,35894
8002450202005,false,ורדי ספרקלטיני אסאי Verdi acai Sparkletini,איטליה בוסקה,IT,ורדי ספרקלטיני אסאי,מיליליטרים,750.00,"100 מ""ל",false,,22.90,0.0305,true,1,61612
8002450203002,false,"ורדי בטעם אבטיח 750 מ""ל",איטליה בוסקה,IT,ורדי אבטיח,מיליליטרים,750.00,"100 מ""ל",false,,22.90,0.0305,true,1,114065
8002450204009,false,ורדי ספרקלטיני אפרסק,"איי, בי, אינבוו",IT,ספרקלטיני ורדי אפרס,מיליליטרים,750.00,"100 מ""ל",false,,22.90,0.0305,true,1,35895
8002450205006,false,משקה כהלי מוגז ורדי,איטליה בוסקה,IT,ורדי תות שדה,מיליליטרים,750.00,"100 מ""ל",false,,22.90,0.0305,true,1,103948
8002450206003,false,ורדי רימונים ספרקלטיני,"איי, בי, אינבוו",IT,ספרקלטיני ורדי רימונ,מיליליטרים,750.00,"100 מ""ל",false,,22.90,0.0305,true,1,36760
8002450209004,false,יין מבעבע ורדי רוזה,איטליה בוסקה,IT,יין מבעבע ורדי רוזה,מיליליטרים,750.00,"100 מ""ל",false,,22.90,0.0305,true,1,97311
8003007800842,false,פסטה קונצינטלי 4 טעמים 500 גרם,,IT,פסטה טארולרו קונקילי,גרמים,500.00,100 גרם,false,,12.90,0.0258,true,1,99551
8003007817000,false,פתיתים פוזילי טרפילט,,,טרלורו- פסטה פוזילי,גרמים,500.00,100 גרם,false,,12.90,0.0258,true,1,104281
8003340091280,false,לינדט לינדור בונבוניירה 60% מוצקי קקאו 200 גרם,לינדט ושפרונגלי קילשברג,IT,בונבונירת לינדור 60%,גרמים,200.00,100 גרם,false,,29.90,0.1495,false,1,35616
8003440997710,false,מסטיק ביג באבול בטעם קולה לימון צ'ופה צ'ופס 27.6 גרם,מותגים,IT,צ'ופה צ'ופס מסטיק בי,גרמים,27.60,100 גרם,false,,3.40,0.1232,true,1,124686
8003653002409,false,מברשת מעוצבת לניקוי אסלות,טונקיטה,IT,סט לניקוי אסלות מעוצ,יחידה,0.00,יחידה,false,,17.90,0.0000,true,1,121354
8003653003000,false,מברשת לניקוי כלים,טונקיטה,IT,מברשת ניקוי כלים,יחידה,0.00,יחידה,false,,7.90,0.0000,true,1,121357
8003653008258,false,"tonkitaTK854 מגב לריצפה 44 ס""מ+מקל",טונקיטה,IT,"מגב ריצפה 44 ס""מ+מקל",יחידה,0.00,יחידה,false,,19.90,0.0000,true,1,121361
8003653008708,false,"tonkitaTK855 מגב לריצפה 55 ס""מ",טונקיטה,IT,"מגב לריצפה 55 ס""מ+מק",יחידה,0.00,יחידה,false,,29.90,0.0000,true,1,121362
8003653033601,false,מטאטא בעל פעולה כפולה לשיער/אבק dual,טונקיטה,IT,מטאטא בעל פעולה כפול,יחידה,0.00,יחידה,false,,24.90,0.0000,true,1,98012
8003653033960,false,מטאטא פנימי אקולוגי+,אריקס,IT,מטאטא פנימי אקולוגי+,יחידה,0.00,יחידה,false,,27.90,0.0000,true,1,190473
8004030022010,false,ירקות גינה עם טונה ריו מרה אינסלטיסימי 160 ג',"בולטון אלימנטרי בע""\מ",IT,ריו מארה אינסלטיסימי,גרמים,160.00,100 גרם,false,,15.90,0.0994,false,1,94019
8004030026018,false,"מקסיקני עם טונה ריו מרה אינסלטיסימי, 160 ג'","בולטון אלימנטרי בע""\מ",IT,ריו מארה אינסלטיסימי,גרמים,160.00,100 גרם,false,,15.90,0.0994,false,1,94020
8004030044005,false,נתחי טונה בהירה בשמן זית ריו מרה 112גרם,"בולטון אלימנטרי בע""\מ",IT,טונה ריו בשמן זית 16,גרמים,160.00,100 גרם,false,,17.90,0.1119,false,1,8355
8004030344938,false,"ריו מרה טונה בשמן זית 3X80 גרם מתכון חדש כשל""פ","בולטון אלימנטרי בע""\מ",IT,ריו מרה טונה בשמן של,גרמים,240.00,100 גרם,false,,26.90,0.1121,true,1,70012
8004030845046,false,טונה עם ירקות בתוספת עם אורז ריו מרה אינסלטיסימי 160 ג',בולטון אלימנטרי,IT,ריו מארה אינטלטיסימי,גרמים,160.00,100 גרם,false,,15.90,0.0994,true,1,114155
8004735092820,false,שלישיית ביצי שוקולד(חלב נוכרי) - ווינקס,Unknown,IT,שלישיית ביצי שוקולד,יחידה,0.00,יחידה,false,,12.90,0.0000,true,1,187925
8004800000064,false,לאגו פלאסיר- גלילי ופל קרם קקאו בציפוי ש.חלב - 100 ג',לגו גרופ ס.פ.א.,IT,לאגו פלאסיר גלילי וו,גרמים,100.00,100 גרם,false,,11.90,0.1190,true,1,190026
8004800005502,false,וופל מיני רול גלילי ופל במילוי קרם קקאו- 125 ג' לאגו,לגו גרופ ס.פ.א.,IT,לאגו מיני רול גלילי,גרמים,125.00,100 גרם,false,,10.90,0.0872,true,1,190031
8004800005519,false,וופל רול גלילי במילוי קרם אגוזי לוז- 125 ג' לאגו,לגו גרופ ס.פ.א.,IT,לאגו מיני רול גלילי,גרמים,125.00,100 גרם,false,,10.90,0.0872,true,1,190032
8004800005526,false,וופל מיני רול גלילי ופל במילוי קרם קוקוס- 125 ג' לאגו,לגו גרופ ס.פ.א.,IT,לאגו מיני רול גלילי,גרמים,125.00,100 גרם,false,,10.90,0.0872,true,1,190033
8005110000416,false,עגבניות חתוכ.במיץ 300*2ג,מוטי אס.פי.אי,IT,מארז זוג עגבניות חתו,גרמים,600.00,100 גרם,false,,13.50,0.0225,true,1,190928
8005110001413,false,מארז זוג רסק עגבניות 140 ג' MUTTI,"איי, בי, אינבוו",IT,מארז זוג רסק עגבניות,גרמים,280.00,100 גרם,false,,10.90,0.0389,true,1,117241
8005110001772,false,רוטב פסטה עגב.פיצוטלו400,מוטי אס.פי.אי,IT,רוטב עגבניות לפסטה מ,גרמים,400.00,100 גרם,false,,11.90,0.0298,true,1,190932
8005110002243,false,רכז עגבניות Doppio Concentr בשפופרת 185 ג' MUTTI,"איי, בי, אינבוו",IT,רכז עגבניות בשפורפרת,גרמים,185.00,100 גרם,false,,7.50,0.0405,true,1,121614
8005110002533,false,רוטב פסטה עגבנ.דטרינ400,מוטי אס.פי.אי,IT,רוטב עגבניות לפסטה מ,גרמים,400.00,100 גרם,false,,11.90,0.0298,true,1,190933
8005110002557,false,רוטב מעגבנ.רומא לפסטה400,מוטי אס.פי.אי,IT,רוטב עגבניות לפסטה מ,גרמים,400.00,100 גרם,false,,11.90,0.0298,true,1,190934
8005110060007,false,עגבניות מקולפות 400 גרם MUTTI,,IT,עגבניות מקולפות,גרמים,400.00,100 גרם,false,,7.50,0.0188,true,1,58079
8005110060106,false,מארז זוג עגבניות מקולפות 400*2 גרם MUTTI,"איי, בי, אינבוו",IT,מארז זוג עגבניות מקו,גרמים,800.00,100 גרם,false,,14.90,0.0186,true,1,100263
8005110170300,false,עגבניות מרוסקות חתוכות מוטי MUTTI שלישיה *400,מוטי Mutti,IT,עגבניות חתוכות במארז,קילוגרמים,1.20,"ק""ג",false,,16.90,14.0833,false,1,56538
8005110171215,false,עגבניות חתוכות 690 POLPAPEZZI ג' (כחול) MUTTI,"איי, בי, אינבוו",IT,רסק עגבניות קצוצות,גרמים,690.00,100 גרם,false,,13.90,0.0201,true,1,56893
8005110191015,false,רסק עגבניות ובזיליקום 700 ג' (ירוק) MUTTI,"איי, בי, אינבוו",IT,רסק עגבניות MUTTI,גרמים,700.00,100 גרם,false,,13.50,0.0193,true,1,96655
8005110200014,false,רסק עגבניות מרוכז - מוטי,"איי, בי, אינבוו",IT,רכז עגבניות איטלקיות,יחידה,0.00,יחידה,false,,7.00,0.0000,true,1,60593
8005110550508,false,עגבניות שרי 400 גרם MUTTI,,,MUTTI עגבניות שרי 40,גרמים,400.00,100 גרם,false,,8.90,0.0223,true,1,56539
8005110551253,false,רוטב לפיצה להכנת פיצה איטלקית קלאסית,"איי, בי, אינבוו",IT,רוטב עגבניות לפיצה 4,גרמים,400.00,100 גרם,false,,8.50,0.0213,true,1,119284
8005200256587,false,נסטי - תה קר בטעם אפרסק 1.5 ליטר,מפעל סאנפלגרינו S.P.A,IT,נסטי אפרסק 1.5 ליטר,ליטרים,1.50,ליטר,false,,8.90,5.9333,false,1,186694
8005200286584,false,תה קר בטעם מנגו אננס נסטי 1.5 ליטר,מפעל סאנפלגרינו S.P.A,IT,נסטי מנגו אננס 1.5 ל,ליטרים,1.50,ליטר,false,,8.90,5.9333,false,1,186695
8005200316588,false,תה קר דיאט בטעם אפרסק נסטי 1.5 ליטר,מפעל סאנפלגרינו s.p.a,IT,נסטי דיאט אפרסק 1.5,ליטרים,1.50,ליטר,false,,7.90,5.2667,false,1,186696
8005803010357,false,גריסיני קלאסי - מקלות אפויים עם שמן זית ומלח,"אינסטנטה בע""מ",IT,גריסיני קלאסי 125 גר,גרמים,125.00,100 גרם,false,,6.90,0.0552,true,1,102692
8005803010371,false,"גריסיני רוזמרין - מקלות אפויים עם שמן זית, מלח ורוזמרין","אינסטנטה בע""מ",IT,גריסיני רוזמרין 125,גרמים,125.00,100 גרם,false,,6.90,0.0552,true,1,102693
8005803010586,false,"מקלות אפויים עם שמן זית, מלח, עגבניות ואורגנו, 125 גרם, אמור די פאן","הוסטה איטליה, ס.ר.ל.",IT,גריסיני פיצה 125 גר',גרמים,125.00,100 גרם,false,,6.90,0.0552,true,1,102694
8005803010661,false,"מקלות אפויים עם שמן זית, מלח, ושומשום, 125 גרם, אמור די פאן","הוסטה איטליה, ס.ר.ל.",IT,גריסיני שומשום 125 ג,גרמים,125.00,100 גרם,false,,6.90,0.0552,true,1,102695
8006540088692,false,הרבל אסנס מסכה אינטנסיבית ארגן 450 מל,S BLOIS GAMBLE & PROCTER,FR,הרבל אסנס מסכה לשיער,מיליליטרים,450.00,"100 מ""ל",false,,37.90,0.0842,true,1,189925
8006540091906,false,לנור כדוריות הבושם בניחוח אריאל 140 גרם,פטר קרמר עבור פרוקטור אנ,US,לנור כדוריות הבושם ב,גרמים,140.00,100 גרם,false,,18.90,0.1350,true,1,186023
8006540091937,false,לנור כדוריות הבושם בניחוח אריאל 210 גרם,פטר קרמר עבור פרוקטור אנ,US,לנור כדוריות הבושם ב,גרמים,210.00,100 גרם,false,,27.90,0.1329,true,1,186184
8006540112793,false,"מרכך כביסה מרוכז בניחוח יסמין לנור 900 מ""ל",פרוקטר אנד גמבל,US,לנור מרכך מרוכז בניח,מיליליטרים,900.00,"100 מ""ל",false,,14.90,0.0166,true,1,125429
8006540112823,false,"לנור מרכך כביסה מרוכז בניחוח האוקיינוס 900 מ""ל",פרוקטר אנד גמבל,FR,לנור מרכך מרוכז בניח,מיליליטרים,900.00,"100 מ""ל",false,,14.90,0.0166,true,1,125425
8006540112854,false,"מרכך כביסה מרוכז בניחוח סחלב לנור 900 מ""ל",פרוקטר אנד גמבל,US,לנור מרכך מרוכז בניח,מיליליטרים,900.00,"100 מ""ל",false,,14.90,0.0166,true,1,125430
8006540163986,false,קפסולות לכביסה אריאל 35 יח,פרוקטר אנד גמבל,FR,אריאל קפסולות 35 יח,יחידה,0.00,יחידה,false,,41.90,0.0000,true,1,125431
8006540383087,false,טבליות למדיח פיירי פלטינום פלוס דיפ קלין 42 יחידות,פרוקטר אנד גמבל,BE,פיירי טבליות פלטינום,יחידה,0.00,יחידה,false,,57.90,0.0000,true,1,189460
8006540404850,false,דיסקריט תחבושות לבריחת שתן לונג 10 יח,פרוקטר & גמבל,DE,תחבושות אולוויז לברי,יחידה,0.00,יחידה,false,,19.90,0.0000,false,1,189873
8006540404898,false,אולוויז דיסקריט לבריחת שתן לונג פלוס 8יח,פרוקטר & גמבל,DE,תחבושות אולוויז לברי,יחידה,0.00,יחידה,false,,19.90,0.0000,false,1,189870
8006540404935,false,דיסקריט תחבושות לבריחת שתן נורמל 12 יח,פרוקטר & גמבל,DE,תחבושות אולוויז לברי,יחידה,0.00,יחידה,false,,19.90,0.0000,true,1,189871
8006540425930,false,אריאל קפסולות לכביסה ג'ל 24 יח' לכתמים קשים,פרוקטר אנד גמבל,FR,אריאל קפסולות 24 יח,יחידה,0.00,יחידה,false,,31.90,0.0000,false,1,186956
8006540463550,false,פיירי טבליות למדיח פלטינום 63 יחידות,פרוקטר אנד גמבל,BE,פיירי טבליות למדיח פ,יחידה,0.00,יחידה,false,,57.90,0.0000,false,1,189458
8006540495186,false,לנור מרכך כביסה מרוכז רגיש בייבי 900 מל,פרוקטר אנד גמבל,FR,לנור מרכך כביסה 900,מיליליטרים,900.00,"100 מ""ל",false,,14.90,0.0166,true,1,189248
8006540495247,false,"לנור מרכך כביסה מרוכז בניחוח פרחי בר 900 מ""ל",פרוקטר אנד גמבל,FR,לנור מרכך כביסה 900,מיליליטרים,900.00,"100 מ""ל",false,,14.90,0.0166,true,1,189247
8006540566701,false,אריאל ג'ל כביסה להסרת כתמים קשים 1.925 ליטר,פרוקטר אנד גמבל,IT,אריאל ג'ל כתמים קשים,ליטרים,1.92,ליטר,false,,29.90,15.5729,false,1,190368
8007150901623,false,שמן זרעי ענבים 1 ליטר +1/2 ליטר במארז,,,שמן זרעי ענבים 1.5 ל,ליטרים,1.50,ליטר,false,,49.90,33.2667,true,1,107584
8007178120310,false,חומץ בלסמי ד'מודנה Giacobazzi,פטורייה ג'יאקובאזי ס,IT,חומץ בלסמי,יחידה,500.00,יחידה,false,,21.90,0.0438,true,1,10990
8007178223547,false,קרם מצומצם עם חומץ בלסמי ממודנה,פארייפאבה אגרואינדוס,IT,קרם בלסמי מצומצם 250,מיליליטרים,250.00,"100 מ""ל",false,,23.90,0.0956,true,1,94490
8007178510685,false,"רוטב לתיבול בסגנון מ""ל 250 בלסמי לבן",זקובזי,IT,רוטב לתיבול בסגנון ב,מיליליטרים,250.00,"100 מ""ל",false,,16.90,0.0676,true,1,110818
8008245004847,false,ממרח אגוזי לוז וקקאו מובנפיק 300 גרם,נאטקו,IT,ממרח אגוזי לוז וקקאו,גרמים,300.00,100 גרם,false,,14.90,0.0497,true,1,122171
8008245004861,false,ממרח אגוזי לוז עם חלב מובנפיק 300 גרם,יבואן ומשווק: ש. שסט,IT,ממרח אגוזי לוז עם ח,גרמים,300.00,100 גרם,false,,14.90,0.0497,true,1,122172
8008343200424,false,פסטה קונקילי ריגטה Conchiglie rigate,רומו Rummo,IT,פסטה קונקילי ריגטה ר,גרמים,500.00,100 גרם,false,,8.50,0.0170,true,1,107775
8008660210014,false,מעדן משמש מנז אנד גאסר ויסוצקי 300 גרם,קריניציה ויטמינה אס,IT,ריבת מעדן משמש,גרמים,300.00,100 גרם,false,,15.90,0.0530,true,1,100246
8008660210021,false,מעדן ריבה מנץ אנד גאססר דובדבן 300 גר,שוורצקוף& הנקל דיסלד,IT,ריבת מעדן דובדבן,גרמים,300.00,100 גרם,false,,15.90,0.0530,true,1,100247
8008660210038,false,מעדן ריבה מנץ אנד גאססר תות שדה 300 גר,קריניציה ויטמינה אס,IT,ריבת מעדן תות שדה,גרמים,300.00,100 גרם,false,,15.90,0.0530,true,1,100248
8008660210045,false,מעדן פירות יער מנז אנד גאסר ויסוצקי 300 גרם,שוורצקוף& הנקל דיסלד,IT,ריבת מעדן פירות יער,גרמים,300.00,100 גרם,false,,15.90,0.0530,true,1,100249
8008660210052,false,מעדן פרי תפוז מנז אנד גאסר ויסוצקי 320 גרם,מנז אנד גאסר Menz&Gasser,IT,מעדן פרי תפוז,גרמים,320.00,100 גרם,false,,15.90,0.0497,true,1,112107
8008990000750,false,מברשת לניקוי אסלות,טונקיטה,IT,מברשת לניקוי אסלות,יחידה,0.00,יחידה,false,,7.90,0.0000,true,1,98013
8008990002167,false,יעה עם מקל מתכת ארוך טונקיטה,טונקיטה,IT,יעה עם מקל מתכת ארוך,יחידה,0.00,יחידה,false,,18.90,0.0000,true,1,98015
8008990005809,false,מגב ניקוי טונקיטה להסרת מים מזכוכיות,אריקס,IT,מגב ניקוי להסרת מים,יחידה,0.00,יחידה,false,,14.90,0.0000,true,1,121364
8008990061508,false,tonkitaTK615 מטאטא פנימי rapida+מקל,טונקיטה,IT,מטאטא פנימי,יחידה,0.00,יחידה,false,,27.90,0.0000,true,1,97995
8009470009461,false,פחית סימבה צהוב לבבות וכבדי עוף 85 גר,,,פחית סימבה צהוב לבבו,גרמים,85.00,100 גרם,false,,6.00,0.0706,true,1,189398
8009621006073,false,איטליה ניוקי תפוח אד,,,איטליה ניוקי תפוח אד,גרמים,500.00,100 גרם,false,,9.90,0.0198,true,1,66433
8009621006172,false,ניוקי תפוא מיני וינצ,,,ניוקי מיני פנינים 50,גרמים,500.00,גרם,false,,9.90,0.0198,true,1,65882
8015997000607,false,מאריני- בישקוטים פריכים 200 גרם,Biscottificio Verona,,מאריני בישקוטים פריכ,גרמים,200.00,100 גרם,false,,6.50,0.0325,true,1,124731
8015997000638,false,מאריני איטליה אצבעות מאפה מסוכרות 200 גרם,Biscottificio Verona,IL,אצבעות מאפה מסוכרות,גרמים,200.00,100 גרם,false,,9.40,0.0470,true,1,97687
8024985002912,false,סמוזי אגס בטטה 100 גר נטורה נובה,נטורה נובה,IT,סמוצ'י תפוח אגס בטטה,גרמים,100.00,100 גרם,false,,5.00,0.0500,true,1,111312
8024985002943,false,סמוזי נטורה נובה תפוח אננס קוקוס 100 גרם,נטורה נובה,IT,סמוזי אננס קוקוס אור,גרמים,100.00,100 גרם,false,,5.00,0.0500,true,1,116297
8024985002950,false,נטורה נובה-סמוזי שזיף אורגני 100 גרם,נטורה נובה,IT,סמוזי שזיף אורגני 10,גרמים,100.00,100 גרם,false,,5.00,0.0500,true,1,115885
8024985002967,false,סמוזי נטורה נובה בננה תרד 100 גרם,נטורה נובה,IT,סמוזי בננה תרד אורגנ,גרמים,100.00,100 גרם,false,,5.00,0.0500,true,1,116298
8024985003988,false,סמוזי תפוח בננה 100 גר נטורה נובה,נטורה נובה Natura Nuova,IT,מחית תפוחים ובננה 10,גרמים,100.00,100 גרם,false,,5.00,0.0500,true,1,96793
8024985005234,false,סמוזי נטורה נובה סמוצי תפוח מנגו 100 גרם,נטורה נובה,IT,סמוצ'י אפרסק ומנגו א,גרמים,100.00,100 גרם,false,,5.00,0.0500,true,1,102877
8024985008037,false,סמוזי נטורה נובה סמוצי תפוח 100 גרם,"נטורפוד בע""מ",IT,סמוצ'י תפוחים אורגני,גרמים,100.00,100 גרם,false,,5.00,0.0500,true,1,69562
8024985008044,false,נטורה משקה סמודי אגסים אורגני 100 גר,"נטורפוד בע""מ",IT,מחית אגסים אורגני 10,גרמים,100.00,100 גרם,false,,5.00,0.0500,true,1,69771
8024985008051,false,נטורה סמודי פירות אדומים אורגניים 100מל,נטורה נובה Natura Nuova,IT,סמוצ'י פירות אדומים,גרמים,100.00,100 גרם,false,,5.00,0.0500,true,1,69563
8024985011204,false,נטורה נובה-סמוזי תפוח תות בננה 100 גרם,נטורה נובה,IT,נטורה נובה סמוזי תפו,גרמים,100.00,100 גרם,false,,5.00,0.0500,true,1,126104
8032880800243,false,פיקניק הפתעה - אגוזי לוז ומקלות אפויים,"הוסטה איטליה, ס.ר.ל.",IT,פיקניק הפתעה 50 גרם,גרמים,50.00,100 גרם,false,,6.40,0.1280,true,1,42350
8076800195019,false,ברילה - צ.א ספגטי מס1 קפליני 500 גרם,ברילה גי.אי.אר פרטלי ס.פ,IT,ספגטי מס'1 קפליני.,גרמים,500.00,100 גרם,false,,6.90,0.0138,false,1,8367
8076800195033,false,ברילה - צ.א ספגטיני מס3 חדש 500 גרם,ברילה גי.אי.אר פרטלי ס.פ,IT,ברילה ספגטיני.,גרמים,500.00,100 גרם,false,,6.90,0.0138,false,1,8368
8076800195057,false,ברילה - צ.א ספגטי מס5 חדש 500 גרם,ברילה גי.אי.אר פרטלי ס.פ,IT,ספגטיני ברילה 5.,גרמים,500.00,100 גרם,false,,6.90,0.0138,false,1,8369
8076800195132,false,ברילה - צ.א בבטה מס13 500 גרם,ברילה גי.אי.אר פרטלי ס.פ,IT,ברילה איטריות בבטה מ,גרמים,500.00,100 גרם,false,,6.90,0.0138,false,1,8370
8076800315097,false,פסטה מקרוני בוקטיני מספר 9 ברילה 500 גרם,ברילה גי.אי.אר פרטלי ס.פ,IT,ברילה בוקטיני מס' 9,גרמים,500.00,100 גרם,false,,6.90,0.0138,false,1,8371
8076802085738,false,ברילה צ.ק פנה רגטה מס' 73 500 גרם,ברילה גי.אי.אר פרטלי ס.פ,IT,ברילה פנה רגטה מס' 7,גרמים,500.00,100 גרם,false,,6.90,0.0138,false,1,8374
8076802085837,false,ברילה - צ.ק טורטליוני מס83 500 גרם,הנסיך- מפעל לייצור ט,IT,ברילה טורטליוני מס',גרמים,500.00,100 גרם,false,,6.90,0.0138,false,1,8375
8076802085936,false,ברילה פסטה צ.ק. קונצילה ריגטה חדש,ברילה גי.אי.אר פרטלי ס.פ,IT,ברילה קונציליאה ריגא,גרמים,500.00,100 גרם,false,,6.90,0.0138,false,1,8378
8076802085981,false,ברילה - צ.ק פוזילי חדש 500 גרם,ברילה גי.אי.אר פרטלי ס.פ,IT,פוסילי ברילה 98.,גרמים,500.00,100 גרם,false,,6.90,0.0138,false,1,8379
8076808050440,false,פסטה מקרוני מספר 44 ברילה 500 גרם,ברילה Barilla,IT,ברילה פליני מס' 44.,גרמים,500.00,100 גרם,false,,6.90,0.0138,false,1,8381
8076808060654,false,פסטה פרפלה מספר 65 ברילה 500 גרם,ברילה גי.אי.אר פרטלי ס.פ,IT,ברילה פרפלה.,גרמים,500.00,100 גרם,false,,6.90,0.0138,false,1,8382
8076808070882,false,קנלוני מספר 88 ברילה 250 גרם,פאסטיפיקו ריגו אס.אר,IT,קנלוני ברילה,גרמים,500.00,100 גרם,false,,13.90,0.0278,true,1,8383
8076808150072,false,ברילה - צ.א ספגטוני מס7 חדש 500 גרם,ברילה גי.אי.אר פרטלי ס.פ,IT,ברילה ספגטי מס' 7.,גרמים,500.00,100 גרם,false,,6.90,0.0138,false,1,8384
8076809501415,false,ברילה קנלוני/פנה 500 ג' מצה פנה טרקולור 500 גרם,"ש. שסטוביץ בע""\מ",IT,פסטה פנה טריקולור,גרמים,500.00,100 גרם,false,,13.90,0.0278,true,1,8385
8076809512268,false,פסטה גירנדולה טורסדס מספר 34 ברילה 500 גרם,ברילה גי.אי.אר פרטלי ס.פ,IT,ברילה גירנדולה מס' 3,גרמים,500.00,100 גרם,false,,6.90,0.0138,false,1,8386
8076809513388,false,רוטב לפסטה ארביאטה ברילה 400 גרם,ברילה גי.אי.אר פרטלי ס.פ,IT,ברילה רוטב ארביאטה,גרמים,400.00,100 גרם,false,,13.90,0.0348,false,1,8387
8076809513395,false,ברילה פומודורו רוטב עגבניות קלאסי 400 גר,ברילה גי.אי.אר פרטלי ס.פ,IT,ברילה רוטב פומודורו,גרמים,400.00,100 גרם,false,,13.90,0.0348,true,1,8388
8076809513654,false,בסיס רוטב עגבניות לבולונז ברילה 400 גרם,ברילה גי.אי.אר פרטלי ס.פ,IT,רוטב ברילה בסיס לבול,גרמים,400.00,100 גרם,false,,13.90,0.0348,true,1,8389
8076809513692,false,רוטב עגבניות נפולטנה בתוספת ירקות,ברילה גי.אי.אר פרטלי ס.פ,IT,ברילה רוטב נפוליטנה,גרמים,400.00,100 גרם,false,,13.90,0.0348,true,1,8390
8076809513739,false,ברילה רוטב עגבניות עם בזיליקום 400 גרם,ברילה גי.אי.אר פרטלי ס.פ,IT,רוטב בזיליקום ברילה,גרמים,400.00,100 גרם,false,,13.90,0.0348,true,1,22569
8076809514774,false,ברילה איטריות ביצים פפרדלה 250ג',ברילה גי.אי.אר פרטלי ס.פ,IT,ברילה איטריות פפרדל,גרמים,250.00,100 גרם,false,,17.90,0.0716,true,1,8392
8076809523714,false,איטריות טליאטלה ברילה 500 גרם,"ש. שסטוביץ בע""\מ",IT,ברילה טליאטלה 500 גר,גרמים,500.00,100 גרם,false,,25.90,0.0518,true,1,8400
8076809523738,false,דפי לזניה ברילה 500 גרם,ברילה גי.אי.אר פרטלי ס.פ,IT,לזניה ברילה,גרמים,500.00,100 גרם,false,,19.90,0.0398,true,1,8401
8076809529419,false,ספגטי מחיטה מלאה מס' 5 500 ג' ברילה,ברילה גי. אי. אר פרט,IT,ספגטי ברילה מחיטה מל,גרמים,500.00,100 גרם,false,,13.90,0.0278,true,1,23085
8076809529433,false,פסטה פנה ריגטה חיטה מלאה ברילה 500 גרם,"ש. שסטוביץ בע""\מ",IT,ברילה פנה רגטה מחיטה,גרמים,500.00,100 גרם,false,,13.90,0.0278,true,1,23086
8076809545440,false,ברילה איטריות ללא גלוטן 400 גר,ברילה ג'.אי.אר פרטלי,IT,ברילה איטריות ללא גל,גרמים,400.00,100 גרם,false,,14.90,0.0373,false,1,97194
8076809545457,false,ברילה אטריות ללא גלוטן 400 ג' צינורות 400 ג',ברילה ג'.אי.אר פרטלי,IT,ברילה ללא גלוטן צינו,גרמים,400.00,100 גרם,false,,14.90,0.0373,true,1,97195
8076809545464,false,ברילה פסטה ללא גלוטן צורת ספירלי 400 גר,מולינו אנדריאני אס.א,IT,ברילה ללא גלוטן ספיר,גרמים,400.00,100 גרם,false,,14.90,0.0373,true,1,97196
8076809547956,false,ברילה - צ.ק קיפרי 500 גרם,ברילה ג'.אי.אר פרטלי,IT,ברילה צ.ק קיפרי 500,גרמים,500.00,100 גרם,false,,6.90,0.0138,true,1,119153
8076809578998,false,ברילה - צ.ק. סטלינה 500 גרם,ברילה גי. אי. אר פרטלי ס,IT,פסטה ברילה סטלינה,גרמים,500.00,100 גרם,false,,6.90,0.0138,true,1,125455
8358110076302,false,כוסות לחיים 40 יחידות,"איטיליאן פוד, אס.פי.",CN,"כוסות ליין ח""פ 40 יח",יחידה,0.00,יחידה,false,,6.50,0.0000,true,1,39381
8410001109978,false,ספוגי קרצוף ללכלוך קשה זוג,3m,ES,זוג ספוגי קרצוף ללכל,יחידה,0.00,יחידה,false,,10.90,0.0000,true,1,122684
8410001134888,false,זוג ספוגים עם ידית אחיזה לניקוי קשה שמזון אינו נלכד בתוכו,3m,US,זוג ספוגים עם ידית א,יחידה,0.00,יחידה,false,,12.90,0.0000,true,1,126787
8410001134918,false,זוג ספוגים עם ידית אחיזה ללא שריטות שמזון אינו נלכד בתוכו,3m,US,זוג ספוגים עם ידית א,יחידה,0.00,יחידה,false,,12.90,0.0000,true,1,126788
8410001135304,false,סקוטש ברייט כרית ניקוי לכיריים מזכוכית,3m,US,סקוטש ברייט כרית ניק,יחידה,0.00,יחידה,false,,15.90,0.0000,true,1,126786
8410076600622,false,חטיפי גרנולה קראנצ'י עם שוקולד מריר נייצ'ר ואלי 210 גרם,ג'נרל מילס סאן אדריאן,ES,נייטשר ואלי חמישייה,גרמים,210.00,100 גרם,false,,19.00,0.0905,true,1,61434
8410076610379,false,"חטיף בוטנים, חלבון סויה ושוקולד מריר עם ציפוי בטעם שוקולד",סריילטו ספיין פודס,ES,נייטשר ואלי פרוטאין,גרמים,160.00,100 גרם,false,,22.90,0.1431,true,1,100036
8410076610386,false,נייטשר ואלי פרוטאין בוטנים עם ציפוי בטעם קרמל מלוח 160 ג',ג'\נרל מילס סאן אדריאן S,ES,חטיף נייטשר ואלי פרו,גרמים,160.00,100 גרם,false,,22.90,0.1431,true,1,100037
8410076610492,false,חטיף שיבולת שועל מלאה ובוטנים בציפוי עם חמאת בוטנים,יבואן ומשווק: ש. שסט,GB,נייטשר ואלי צ'ואי בו,גרמים,150.00,100 גרם,false,,19.00,0.1267,true,1,102305
8410076621009,false,עוגות אישיות בטעם קרמל עם חתיכות בטעם קרמל מלוח,"גלאטס סירו בע""\מ",PT,חטיף פייבר 1 בטעם קר,גרמים,120.00,100 גרם,false,,14.90,0.1242,true,1,123035
8410076621047,false,עוגות אישיות בטעם שוקולד עם חתיכות בטעם שוקולד,"גלאטס סירו בע""\מ",ES,חטיפי פייבר 1 בראוני,גרמים,120.00,100 גרם,false,,14.90,0.1242,true,1,122941
8410104039134,false,"מנקה ומחדש מדיח כלים פיניש 250 מ""ל",הדקלאים אגודת שיתופי,PL,פיניש מנקה ומחדש,מיליליטרים,250.00,"100 מ""ל",false,,14.90,0.0596,true,1,14665
8410104045111,false,"פיניש מלח למדיח כלים 2ק""ג",רקיט בנקיזר,IL,פיניש מלח למדיח,קילוגרמים,2.00,"ק""ג",false,,14.90,7.4500,true,1,119241
8410104437268,false,פיניש מפיג ריח למדיח רגיל,רקיט בנקיזר,HU,פיניש ציטרו פרש,גרמים,27.00,100 גרם,false,,14.90,0.5519,true,1,56303
8410104511340,false,ויט רצועות שעווה מוכנות לעור יבש 12 יחידות,רקיט בנקיזר צרפת,FR,ויט רצועות שעווה,יחידה,0.00,יחידה,false,,19.90,0.0000,true,1,14680
8410128768324,false,משקה ויוה סוי שקדים קרטונים 1 ל',קלידאד פסקואל,ES,ויוה סוי שקדים קרטונ,ליטרים,1.00,ליטר,false,,12.90,12.9000,true,1,118758
8410128768355,false,ויוה סוי משקה סויה קלאסי קרטונית ליטר,קלידאד פסקואל,ES,ויוה סוי סויה קרטוני,ליטרים,1.00,ליטר,false,,11.90,11.9000,true,1,118759
8410128768416,false,ויוה סוי סויה מקצועי קרטונית 1ל',S.A.U\n PASCUAL CALIDAD,ES,ויוה סויה בריסטה קרט,ליטרים,1.00,ליטר,false,,11.90,11.9000,true,1,126902
8410179100043,false,שמן זית בורחס מעולה750מל,בורחס אגריקולטורל וא,ES,שמן זית בורחס מעולה7,יחידה,750.00,יחידה,false,,37.90,0.0505,true,1,24694
8410376009392,false,ביסקויט מחיטה מלאה ללא תוספת סוכר גולון 170 גרם,גאלטס גלון סא,ES,ביסקוויט מחיטה מלאה,גרמים,170.00,100 גרם,false,,9.90,0.0582,true,1,34128
8410376009408,false,גולון-דורדה ביסקוויט זהב ללא סוכר 330 גר'1/15,GULLON,,גולון דורדה ביסקוויט,גרמים,330.00,100 גרם,false,,17.90,0.0542,true,1,31586
8410376010701,false,"ביסקוויט ללת""ס גולון גלטה מריה 400 גר",תות תעשיות מזון (201,ES,גולון ביסקוויט מרי ל,גרמים,400.00,100 גרם,false,,17.90,0.0447,true,1,31587
8410376023831,false,גולון-ביסקוויט ח.מלאה 400 גר' ללא סוכר 1/15,גולון,ES,גולון ביסקוויט חיטה,גרמים,400.00,100 גרם,false,,16.90,0.0422,true,1,33993
8410376029079,false,גולון רונדיטוס ביסקויט ללא תוספת סוכר 186 גר,GULLON,,ביסקוויט ללא סוכר מצ,יחידה,186.00,יחידה,false,,16.90,0.0909,true,1,58450
8410376037784,false,גולון ביסקויט סנדויץ שוקו ללא סוכר 250ג,תות תעשיות מזון (201,ES,גולון ביסקויט שוקו ל,גרמים,250.00,100 גרם,false,,13.50,0.0540,true,1,62512
8410376042481,false,גולון ביסקווט קרם יוגורט ללא תוספת סוכר 220 גרם,גלטס גולון,ES,גולון ביסקוויט קרם י,גרמים,220.00,100 גרם,false,,15.90,0.0723,true,1,94317
8410376045024,false,גולון-דיאג'סטיב ביסקויט ללא גלוטן ולקטוז 150 גרם,GULLON,,ביסקוויט ללא גלוטן,גרמים,150.00,100 גרם,false,,13.50,0.0900,true,1,99788
8410376047509,false,גולון ביסקויט ללא תוספת סוכר 400 גרם,גלטס גולון,ES,גולון ביסקויט ללא סו,גרמים,400.00,100 גרם,false,,15.90,0.0398,true,1,102666
8410376052633,false,גולון-עוגיות שוקוצ'יפס ללא תוספת סוכר 150 ג 1/12,VIRGINIAS INDUSTRIAS,ES,גולון עוגיות שוקולד,גרמים,150.00,100 גרם,false,,12.90,0.0860,true,1,120146
8410376059380,false,גולון וופל וניל ללא תוספת סוכר 180 גרם,GULLON,ES,גולון וופל וניל ללא,גרמים,180.00,100 גרם,false,,15.90,0.0883,true,1,123598
8410376059397,false,גולון וופל שוקולד ללא תוספת סוכר 180 גרם,GULLON,ES,גולון וופל שוקולד לל,גרמים,200.00,100 גרם,false,,15.90,0.0795,true,1,124734
8411277063049,false,קווה כשרה גאום סרה ב,ג'אום סרה,ES,קווה ג'אום סרה ברוט,מיליליטרים,750.00,"100 מ""ל",false,,29.90,0.0399,true,1,40791
8411277350118,false,"קאווה ג'ום סרה חצי יבש 750 מ""ל",ג'אום סרה,ES,קווה ג'אום סרה חצי י,יחידה,0.00,יחידה,false,,29.90,0.0000,true,1,40792
8411712086411,false,"קערה 10.5 ס""מ",,,"קערה 10.5 ס""מ",יחידה,0.00,יחידה,false,,7.90,0.0000,true,1,118106
8414926410584,false,"צלחת רב פעמי 22 ס""מ",,,"צלחת רב פעמי 22 ס""מ",יחידה,0.00,יחידה,false,,8.90,0.0000,true,1,191057
8414926416685,false,"קערה רב פעמית 540 מ""",,,"קערה רב פעמית 540 מ""",יחידה,0.00,יחידה,false,,7.90,0.0000,true,1,191060
8414926518921,false,"כוס רב פעמית 250 מ""ל",,,"כוס רב פעמית 250 מ""ל",יחידה,0.00,יחידה,false,,4.40,0.0000,true,1,191062
8420822130600,false,"ספריי סופר מסיר שומנים 750מ""ל יעקבי",קה לורדה,ES,סופר מסיר שומנים 750,מיליליטרים,750.00,"100 מ""ל",false,,14.90,0.0199,true,1,187315
8420822130624,false,"ספריי סופר מסיר כתמים 750מ""ל יעקבי",קה לורדה,ES,סופר מסיר כתמים 750,מיליליטרים,750.00,"100 מ""ל",false,,17.90,0.0239,true,1,187314
8423207206488,false,סלים דליס חטיף דגנים מצופה שוקולד חלב מרבה 6*20 גרם,אף.סי תבליני בגליל ב,ES,חטיף דגנים מלאים מצו,יחידה,0.00,יחידה,false,,10.90,0.0000,true,1,59459
8423207206495,false,סלים דליס חטיף דגנים מצופה שוקולד מריר מרבה 6*20 גרם,אף.סי תבליני בגליל ב,ES,חטיף דגנים מלאים מצו,יחידה,0.00,יחידה,false,,10.90,0.0000,true,1,59460
8423207206501,false,סלים דליס חטיף דגנים עם שוקולד חלב מרבה 6*13 גרם,סלים דליס Slim Delis,ES,מרבה סלים דליס חצי מ,יחידה,0.00,יחידה,false,,10.90,0.0000,true,1,59461
8423207207362,false,חטיפי סלים דליס שוקולד לבן מרבה 6 יחידות,ביסנצ'ורי אס.אל.יו,ES,חטיף דגנים שוקולד לב,יחידה,0.00,יחידה,false,,10.90,0.0000,true,1,65343
8423207208680,false,חטיף דגנים שוקולד סלים דליס לילדים מרבה 6 יחידות,ביסנצ'ורי אס.אל.יו,ES,סלים דליס לילדים עם,יחידה,0.00,יחידה,false,,10.90,0.0000,true,1,97739
8423207208697,false,חטיפי סלים דליס לילדים שוקולד לבן מרבה 6 יחידות,ביסנצ'ורי אס.אל.יו,ES,סלים דליס לילדים עם,יחידה,0.00,יחידה,false,,10.90,0.0000,true,1,97740
8423207208703,false,חטיפי סלים דליס שוקולד מריר מרבה 6 יחידות,ביסנצ'ורי אס.אל.יו,ES,סלים דליס לילדים עם,יחידה,0.00,יחידה,false,,10.90,0.0000,true,1,97741
8423207210287,false,מרבה סלים דליס שוקולד לבן בטעם יוגורט 120 ג',סלים דליס Slim Delis,ES,מרבה סלים דליס שוקול,גרמים,120.00,100 גרם,false,,10.90,0.0908,true,1,111385
8424842050016,false,צ'יפס בטעם כמהין 125 גרם רביו,רובין,FR,צ'יפס בטעם כמהין,גרמים,130.00,100 גרם,false,,12.90,0.0992,true,1,124973
8424842050030,false,צ'יפס בטעם מלח הימלאי 125 גרם רביו,רובין,FR,צ'יפס עם מלח הימלאי,גרמים,125.00,100 גרם,false,,12.90,0.1032,true,1,124971
8435495805106,false,"ביומט אבקת כביסה בניחוח רענן 5ק""ג",ליימן מותגים,DE,"ביומטפרש 5 ק""ג",קילוגרמים,5.00,"100 ק""ג",false,,29.90,5.9800,true,1,107718
8435495805168,false,"תינוקלין לכביסה לעור רגיש אולימפיק 1.25ק""ג",מולינו ניקולי s.p.a,PL,"תינוקלין 1.25 ק""ג",קילוגרמים,1.25,"ק""ג",false,,24.90,19.9200,true,1,109643
8435495805199,false,"אבקת כביסה תינוקלין שקית 3 ק""ג.",מולינו ניקולי s.p.a,TR,"תינוקלין 3 ק""ג",קילוגרמים,3.00,"ק""ג",false,,43.90,14.6333,true,1,109890
8435495807605,false,תינוקלין מרכך כביסה היפואלרגני מרוכז 1 ליטר,מולינו ניקולי s.p.a,TR,תינוקלין מרכך כביסה,ליטרים,1.00,ליטר,false,,17.90,17.9000,false,1,112413
8435495807636,false,ג'ל כביסה היפואלרגני 2 ל' תינוקלין,פרוקטר אנד גמבל,TR,תינוקלין ג'ל כביסה 2,ליטרים,2.00,ליטר,false,,29.90,14.9500,true,1,113397
8435495819363,false,תינוקלין מרכך כביסה היפואלרגני 1 ליטר,פרוקטר אנד גמבל,TR,תינוקלין מרכך כביסה,ליטרים,1.00,ליטר,false,,17.90,17.9000,true,1,186043
8436575292205,false,ארטיק חמשושים מאגדת 15*12 גר',גלידות נסטלה )נגה גלידות,IL,מאגדת חמושושים,גרמים,220.00,100 גרם,false,,19.50,0.0886,true,1,114517
8445290046284,false,רד מאג נס קפה קלאסיק 220 גרם,נסטלה ספרד קפה,ES,נסקפה רד מאג,גרמים,220.00,100 גרם,false,,20.00,0.0909,false,1,188981
8445290427120,false,דגני פיטנס Fitness שוקולד מריר ובננה,נסטלה צרפת איטנקורט,FR,פיטנס שוקולד מריר וב,גרמים,330.00,100 גרם,false,,21.90,0.0664,false,1,189929
8593868006014,false,בירה בלו מון פחית 50,"איי, בי, אינבוו",CZ,בירה בלו מון פחית 50,מיליליטרים,500.00,"100 מ""ל",false,,11.90,0.0238,true,1,123381
8606018615827,false,גלידת וניל עם שברי עוגיות אוראו 480 גרם,פרונרי סרביה,RS,גלידת וניל עם שברי ע,גרמים,480.00,100 גרם,false,,17.90,0.0373,true,1,187689
8606018615841,false,גלידה וניל עם ליבת שוקולד חלב מעולה 480 גרם,פרונרי סרביה,RS,גלידת וניל עם ליבת ש,גרמים,480.00,100 גרם,false,,17.90,0.0373,true,1,187690
8606018615865,false,פיינט מילקה קרמל ליבת שוקולד 480 גרם,פרונרי סרביה,RS,גלידת קרמל,גרמים,480.00,100 גרם,false,,17.90,0.0373,true,1,187691
8682139495388,false,צמר גפן מסיר איפור 5,,,צמר גפן מסיר איפור 5,יחידה,0.00,יחידה,false,,7.90,0.0000,true,1,189791
8683130008355,false,מיונז שום לחיץ אמיתי הלמנס 400 גרם,יוניליוור ישראל שיווק בע,TR,מיונז הלמנס שום לחיץ,גרמים,400.00,100 גרם,false,,12.90,0.0323,true,1,186302
8683130008935,false,"הלמנס קטשיונז 425 גר{הרב רלב""ג}",יוניליוור ישראל שיוו,TR,הלמנס קטשיונז 425 גר,גרמים,425.00,100 גרם,false,,12.90,0.0304,true,1,187309
8683130025581,false,"מרכך כביסה מרוכז אקסטרה ענבר בדין 960 מ""ל",יבוא ושיווק: יוניליוור י,TR,בדין אקסטרה ענבר 960,מיליליטרים,960.00,"100 מ""ל",false,,14.90,0.0155,false,1,189639
8683323063024,false,יוגטה שטיחים בטעם תותי פרוטי 220 גרם,ליימן מותגים,TR,יוגטה שטיחים תותי פר,גרמים,220.00,100 גרם,false,,10.90,0.0495,true,1,103007
8690504153740,false,גודייבה שוקולד מריר במילוי קרם גנאש 86 גרם,ביסקוט ביסקווי סילבר,TR,שוקולד מריר עם גאנש,גרמים,86.00,100 גרם,false,,13.90,0.1616,true,1,110539
8690572778326,false,פה ד.ספרי אנטיפרספינט 200 מל 1/12,שוורצקופף והנקל,DE,פה ספריי דריי פרוטקט,מיליליטרים,200.00,"100 מ""ל",false,,10.00,0.0500,true,1,103507
8690572783931,false,"פה - דאודורנט ספריי לגבר אינוויזיבל פאוואר 200 מ""ל",שוורצקופף והנקל,DE,פה ספריי אינביזיבל 2,מיליליטרים,200.00,"100 מ""ל",false,,10.00,0.0500,true,1,108867
8690637073373,false,תה שחור ברגמוט ארל גריי ליפטון 25 יחידות,יונילוור - תורכיה,TR,תה ארל גריי סרוויס 2,גרמים,50.00,100 גרם,false,,8.90,0.1780,true,1,31783
8690637073434,false,תה ליפטון ארל גריי 100 שקיקים,ליפטון Lipton,,תה ארל גריי ליפטון 1,גרמים,200.00,100 גרם,false,,27.90,0.1395,true,1,31784
8690637073595,false,חליטת ליפטון ורד הבר20שק,יונילוור - תורכיה,TR,חליטת ורד הבר 20 שקי,גרמים,50.00,100 גרם,false,,12.50,0.2500,true,1,32688
8690637503856,false,ממרח הלמנס כ- 40% פחות שומן לעומת מיונז,אפפילד איסטנבול ייצור מז,TR,ממרח הלמנס לחיץ 355,גרמים,355.00,100 גרם,false,,12.90,0.0363,false,1,123082
8690637504426,false,"קרם ניקוי סיף בניחוח לימון 500 מ""ל",יוניליוור סנאיי וי טיקאר,TR,סיף קרם לימון,מיליליטרים,500.00,"100 מ""ל",false,,9.90,0.0198,true,1,187109
8690637505607,false,בדין אקסטרה מרכך כביסה בניחוח פינוק כחול,יוניליוור סנאיי וי טיקאר,TR,בדין אקסטרה פינוק קל,מיליליטרים,960.00,"100 מ""ל",false,,14.90,0.0155,false,1,126527
8690637505614,false,"מרכך כביסה בדין אקסטרה פינוק קוקוס 960 מ""ל",יוניליוור סנאיי וי טיקאר,TR,בדין אקסטרה פינוק קו,מיליליטרים,960.00,"100 מ""ל",false,,14.90,0.0155,false,1,126528
8690637555084,false,"מרכך כביסה מרוכז אקסטרה פריחת התפוז בדין 960 מ""ל",יוניליוור סנאיי וי טיקאר,TR,בדין אקסטרא לבן 960מ,מיליליטרים,960.00,"100 מ""ל",false,,14.90,0.0155,false,1,36889
8690637599798,false,דאודורנט רקסונה רול,רקסונה,,דאודורנט רקסונה רול,יחידה,0.00,יחידה,false,,15.90,0.0000,true,1,70630
8690637704291,false,שמפו לשיקום אינטנסיבי לשיער פגום,יוניליוור טורקיה. אזור ת,TR,"דאב שמפו משקם 600 מ""",מיליליטרים,600.00,"100 מ""ל",false,,15.90,0.0265,false,1,70664
8690637704376,false,"שמפו לטיפוח יום יומי דאב 600 מ""ל",יוניליוור סנאיי וי טיקאר,TR,דאב שמפו יום יומי 60,מיליליטרים,600.00,"100 מ""ל",false,,15.90,0.0265,false,1,70665
8690637704390,false,"מרכך שיער לטיפוח יום יומי דאב 600 מ""ל",יוניליוור טורקיה. אזור ת,TR,דאב מרכך יום יומי 60,מיליליטרים,600.00,"100 מ""ל",false,,15.90,0.0265,false,1,70818
8690637704413,false,מרכך לשיקום אינטנסיבי לשיער פגום,יוניליוור טורקיה. אזור ת,TR,"דאב מרכך משקם 600 מ""",מיליליטרים,600.00,"100 מ""ל",false,,15.90,0.0265,false,1,70826
8690637704451,false,מרכך עם שמני הזנה לטיפוח לשיער יבש,יוניליוור טורקיה. אזור ת,TR,דאב מרכך שמני הזנה 6,מיליליטרים,600.00,"100 מ""ל",false,,15.90,0.0265,false,1,70827
8690637799594,false,תה ירוק ליפטון נענע בסגנון מרוקאי 20יח',בסן בסין סנאיי וי טי,TR,תה ירוק נענע בסגנון,גרמים,36.00,100 גרם,false,,14.90,0.4139,true,1,101372
8690637835643,false,"תה ירוק לימונית ולאויזה 30 גרם ""ליפטון""",יונילוור - תורכיה,TR,תה ירוק לואיזה ולימו,גרמים,30.00,100 גרם,false,,14.90,0.4967,true,1,106150
8690637858734,false,גל לנ.כללי סיף אקונומיקה בנ.לימון 750 מל,יוניליוור ניקיון,IL,סיף ג'ל אקונומיקה לי,מיליליטרים,750.00,"100 מ""ל",false,,10.90,0.0145,true,1,110865
8690637858741,false,פנטסטיק סיף גל אקונמיקה בריח רוח ים 750,יוניליוור ניקיון,IL,סיף ג'ל אקונומיקה רו,מיליליטרים,750.00,"100 מ""ל",false,,10.90,0.0145,true,1,117398
8690637866654,false,תה ירוק קלאסי ליפטון 50 שקיקים 75ג',יוניליוור מזון,TR,ליפטון תה ירוק קלאסי,יחידה,0.00,יחידה,false,,25.90,0.0000,true,1,111627
8690637871047,false,דאב שמפו בתוספת שמן קוקוס וכורכום 600 מל,יוניליוור סנאיי וי טיקאר,TR,דאב שמפו קוקוס 600 מ,מיליליטרים,600.00,"100 מ""ל",false,,15.90,0.0265,true,1,111672
8690637871061,false,"דאב שמפו עם שמן אבוקדו ותמצית קלנדולה 600 מ""ל",יונילוור - תורכיה,TR,דאב שמפו עם שמן אבוק,מיליליטרים,600.00,"100 מ""ל",false,,15.90,0.0265,true,1,111673
8690637871108,false,הלמנ'ס ממרח חרדל 250 גרם,יוניליוור מזון,TR,הלמנס חרדל 250 גר',גרמים,250.00,100 גרם,false,,12.90,0.0516,true,1,115660
8690637871245,false,הלמנס מיונז אמיתי 395 גר' בקבוק לחיץ.,"בסטפוד - 3P ארה""ב Fo",TR,הלמנס מיונז אמיתי לח,גרמים,395.00,100 גרם,false,,12.90,0.0327,true,1,114718
8690637916977,false,מרכך עם שמן קוקוס וכורכום למראה שיער משוקם,יוניליוור סנאיי וי טיקאר,TR,דאב מרכך קוקוס 600 מ,מיליליטרים,600.00,"100 מ""ל",false,,15.90,0.0265,false,1,115666
8690637916991,false,מרכך דאב עם שמן אבוקדו ותמצית קלנדולה600,יונילוור - תורכיה,TR,דאב מרכך אבוקדו 600,מיליליטרים,600.00,"100 מ""ל",false,,15.90,0.0265,false,1,115312
8690637935701,false,בדין מרכך אקסטרה פריחת הדובדבן ושקדים960,יוניליוור סנאיי וי טיקאר,TR,בדין אקסטרה דובדבן ו,מיליליטרים,960.00,"100 מ""ל",false,,14.90,0.0155,false,1,118341
8690637946301,false,"בדין - מרכך כביסה אקסטרא בייביי כחול 960 מ""ל",יוניליוור סנאיי וי טיקאר,TR,בדין אקסטרא בייבי כח,מיליליטרים,960.00,"100 מ""ל",false,,14.90,0.0155,false,1,118990
8690637946318,false,"מרכך כביסה בדין מרוכז אקסטרה בייבי טלק 960 מ""ל",יוניליוור סנאיי וי טיקאר,TR,בדין אקסטרה בייבי צה,מיליליטרים,960.00,"100 מ""ל",false,,14.90,0.0155,false,1,121138
8690637971310,false,"מרכך כביסה מרוכז אקסטרה בניחוח יערת הדבש בדין 960 מ""ל",יוניליוור סנאיי וי טיקאר,TR,בדין אקסטרא יערת הדב,מיליליטרים,960.00,"100 מ""ל",false,,14.90,0.0155,false,1,122850
8690637974915,false,דאב מרכך עם תמצית לוטוס ורוד ומי אורז600,יונילוור - תורכיה,TR,דאב מרכך לוטוס 600 מ,מיליליטרים,600.00,"100 מ""ל",false,,15.90,0.0265,true,1,124138
8690637976995,false,"מרכך כביסה מרוכז אקסטרה ורוד סחלבים פראי בדין 960 מ""ל",יוניליוור סנאיי וי טיקאר,TR,בדין אקסטרה ורוד 960,מיליליטרים,960.00,"100 מ""ל",false,,14.90,0.0155,false,1,123027
8690637987298,false,"ספריי לניקוי כללי ללא אקונומיקה 750 מ""ל",יוניליוור,TR,דומסטוס ספריי אלוורה,מיליליטרים,450.00,"100 מ""ל",false,,12.90,0.0287,true,1,124211
8690637987441,false,"מרכך כביסה אקסטרה פרח הכותנה ווניל 960 מ""ל בדין",יוניליוור סנאיי וי טיקאר,TR,בדין אקסטרה כותנה ונ,מיליליטרים,960.00,"100 מ""ל",false,,14.90,0.0155,false,1,124140
8690637989612,false,שלגון שמנת בטעם וניל עם ריפל בטעם שוקולד 246 גרם,יונילוור סנאיי וי טיג'\,TR,מגנום מיני דאבל דולצ,גרמים,246.00,100 גרם,false,,32.90,0.1337,true,1,124130
8690637994029,false,מרכך כביסה אקסטרה סחלבים 1.44 ל' בדין,יוניליוור סנאיי וי טיקאר,TR,בדין אקסטרה סחלבים 1,ליטרים,1.44,ליטר,false,,19.90,13.8194,false,1,124269
8690637994036,false,מרכך כביסה אקסטרה יסמין 1.44 ל' בדין,יוניליוור סנאיי וי טיקאר,TR,בדין אקסטרה יסמין 1.,ליטרים,1.44,ליטר,false,,19.90,13.8194,false,1,124270
8690637997914,false,גלידת מגנום וניל שקדים בכוס אישית 76 גרם,יונילוור סנאיי וי טיג'\,TR,מגנום גלידת שמנת וני,גרמים,76.00,100 גרם,false,,8.90,0.1171,true,1,126863
8690637997921,false,גלידת שמנת וניל קלאסיק בכוס אישית 63 גרם,יונילוור סנאיי וי טיג'\,TR,מגנום גלידת שמנת וני,גרמים,81.00,100 גרם,false,,8.90,0.1099,true,1,126864
8690766156367,false,גודייבה שוקולד חלב מעולה 90 גרם,"אולקר מקבוצת פלאדיס,",TR,שוקולד חלב מעולה גוד,גרמים,90.00,100 גרם,false,,14.50,0.1611,true,1,120860
8690766156374,false,גודייבה שוקולד מריר מעולה 72% מוצקי קקאו 72גרם,"אולקר מקבוצת פלאדיס,",TR,שוקולד מריר 72% גודי,גרמים,90.00,100 גרם,false,,14.50,0.1611,true,1,120186
8690766156381,false,גודייבה שוקולד מריר 90% מוצקי קקאו 90 גרם,"אולקר מקבוצת פלאדיס,",TR,שוקולד מריר מעולה 90,גרמים,90.00,100 גרם,false,,14.50,0.1611,true,1,118991
8690766156398,false,"שוקולד חלב מעולה בתוספת שברי שקדים קלויים,דבש ומלח 90 גרם","אולקר מקבוצת פלאדיס, ציק",TR,שוקולד חלב מעולה בתו,גרמים,90.00,100 גרם,false,,14.50,0.1611,true,1,120181
8690766156404,false,שוקולד מריר מעולה גודייבה תפוז אדום 90 גרם,גודייבה,TR,שוקולד מריר מעולה בט,גרמים,90.00,100 גרם,false,,14.50,0.1611,true,1,118992
8690766156411,false,שוקולד מריר מעולה בטעם פלפל ורוד עם חתיכות תות מסוכר 90 גרם,"אולקר מקבוצת פלאדיס,",TR,שוקולד גודייבה מריר,גרמים,90.00,100 גרם,false,,14.50,0.1611,true,1,119133
8690770322598,false,שמרים יבשים פוליבה הנמל 125 גרם,בראבו Bravo,TR,שמרים יבשים 125 גר,גרמים,125.00,100 גרם,false,,5.00,0.0400,true,1,96950
8690777203012,false,פלפלים ירוקים כבושים לא חריפים סרה ויליפוד 600 גרם,יוליניבר,TR,SERA פלפלים ירוקים כ,גרמים,600.00,100 גרם,false,,10.90,0.0182,true,1,33256
8690777204071,false,פלפלים כבושים חריפים סרה 320 גרם,יוליניבר,TR,SERA פלפלים חריפים כ,גרמים,640.00,100 גרם,false,,10.90,0.0170,true,1,32814
8690777221405,false,פלפל אדום קלוי סרה ויליפוד 650 גרם,קוראהן פזלרמה וי דיס,TR,SERA פלפל אדום קלוי,גרמים,650.00,100 גרם,false,,10.90,0.0168,true,1,32816
8690784614665,false,סבון דאק לניקוי אסלה בניחוח ים נתלה,דאופלור אס.פי.אי כונ,PL,דאק סבון ניקוי אסלה,גרמים,38.60,100 גרם,false,,9.90,0.2565,true,1,110735
8690784614771,false,סבון דאק לניקוי אסלה בניחוח רענן נתלה,דאופלור אס.פי.אי כונ,PL,דאק סבון ניקוי אסלה,גרמים,38.60,100 גרם,false,,9.90,0.2565,true,1,110736
8690784616775,false,סבון מוצק לאסלה דאק אקווה בלו 4 ב-1 80 ג,טואלט דאק (ג'ונסון),RS,דאק אקווה בלו,יחידה,0.00,יחידה,false,,9.90,0.0000,true,1,112514
8690784711777,false,דאק סבון אקטיבי בתוספת אקונומיקה מקציפה בניחוח ים,דאופלור אס.פי.אי כונ,PL,דאק סבון אקטיבי לניק,יחידה,0.00,יחידה,false,,9.90,0.0000,true,1,115251
8692952005619,false,סט 6 גביעי יין,,,סט 6 גביעי יין,יחידה,0.00,יחידה,false,,29.90,0.0000,true,1,124267
8692952104022,false,צנצנת אחסון עם מכסה,,,צנצנת אחסון עם מכסה,יחידה,0.00,יחידה,false,,18.90,0.0000,true,1,121574
8692952157165,false,"VEGA-מאג 300 מ""ל",,,מאג,יחידה,0.00,יחידה,false,,5.90,0.0000,true,1,122168
8693323085100,false,גומי יוגטה שטיחים חמוצים טעם פירות 100 ג,יוגטה yogueta,TR,יוגטה שטיחים חמוצים,גרמים,100.00,100 גרם,false,,8.00,0.0800,true,1,112168
8693357077096,false,סט מאג 2 יח' זכוכית,,,סט מאג 2 יח' זכוכית,יחידה,0.00,יחידה,false,,8.90,0.0000,true,1,28468
8693357092518,false,שישיית כוסות מים שופ,,TR,סט כוסות מים שישיה,יחידה,0.00,יחידה,false,,11.90,0.0000,true,1,65776
8693357220805,false,כוסות תה זכוכית שישי,,,כוסות תה זכוכית שישי,יחידה,0.00,יחידה,false,,42.90,0.0000,true,1,190054
8693357339309,false,מאג קזבלנקה זוג 5520,PASABACHE,,מאג קזבלנקה זוג,יחידה,0.00,יחידה,false,,8.90,0.0000,true,1,99541
8693357369740,false,צנצנת 1.5 ליטר זכוכי,PASABACHE,,צנצנת 1.5 ליטר זכוכי,יחידה,0.00,יחידה,false,,12.90,0.0000,true,1,190055
8693495037853,false,מברשת שיניים סלים סופט קולגייט 2 יחידות,הנסיך- מפעל לייצור ט,CN,קולגייט מברשת סלים ס,יחידה,0.00,יחידה,false,,24.90,0.0000,true,1,62735
8693495051002,false,קולגייט מברשת שיניים מיניונים 6+ לילדים,קולגייט פלמוליב,CN,קולגייט מברשת שיניים,יחידה,0.00,יחידה,false,,9.90,0.0000,true,1,105717
8693495051255,false,מברשת שיניים סלים סופט זהב קולגייט זוג,קולגייט - פלמוליב,CN,קולגייט מברשות שיניי,יחידה,0.00,יחידה,false,,29.90,0.0000,true,1,106409
8693495052177,false,פלמוליב נטורלס תחליב רחצה זיתים 750 מל,קולגייט פלמוליב,TR,פלמוליב זיתים 750 מ',מיליליטרים,750.00,"100 מ""ל",false,,19.90,0.0265,true,1,108065
8693495052191,false,פלמוליב ס.נוזלי אפרסק 750 מל משאבה,קולגייט פלמוליב,TR,פלמוליב אפרסק 750 מ',מיליליטרים,750.00,"100 מ""ל",false,,19.90,0.0265,true,1,108066
8693495054034,false,פלמוליב ס.נוזלי לומינוס אבוקדו 750 משאבה,קולגייט פלמוליב,TR,פלמוליב ג'ל רחצה לומ,מיליליטרים,750.00,"100 מ""ל",false,,19.90,0.0265,true,1,186658
8693495054058,false,פלמוליב ס.נוזלי לומינוס מקדמיה 750 משאבה,קולגייט פלמוליב,TR,פלמוליב סבון לומינוס,מיליליטרים,750.00,"100 מ""ל",false,,19.90,0.0265,true,1,187302
8696219358579,false,"סט 3 קופסאות מרובעות 0.6 , 1.0 , 3.3 ליטר",,,סט 3 יח' קופסאות איח,יחידה,0.00,יחידה,false,,27.90,0.0000,true,1,188245
8696219361302,false,סט אחסון מלבן 3 יחיד,,,סט 3 יח' קופסאות איח,יחידה,0.00,יחידה,false,,27.90,0.0000,true,1,188244
8696219363726,false,סט 4 יח' קופסאות איח,IRAK PLASTIC,,סט 4 יח' קופסאות איח,יחידה,0.00,יחידה,false,,27.90,0.0000,true,1,188243
8696219371752,false,סט 3 יח' קופסאות איח,,,סט 3 יח' קופסאות איח,יחידה,0.00,יחידה,false,,13.90,0.0000,true,1,188246
8696219371769,false,סט 3 יח' קופסאות איח,,,סט 3 יח' קופסאות איח,יחידה,0.00,יחידה,false,,16.90,0.0000,true,1,188247
8697040108982,false,אסותא סבון נוזלי לש.אינטמ,,TR,אסותא שטיפה אינטימית,מיליליטרים,400.00,"100 מ""ל",false,,15.90,0.0398,true,1,108053
8697040109323,false,אסותא סבון מוצק להיגיינה,אטש סונמז כימיה,TR,סבון מוצק אסותא 100,גרמים,100.00,100 גרם,false,,5.90,0.0590,true,1,108439
8697418280333,false,שערות קדאיף מיובשות 500 גרם,פרינסיס און וה אונלו,TR,LAVALIA-שערות קדאיף,גרמים,500.00,100 גרם,false,,18.90,0.0378,true,1,94014
8697431460064,false,קונפיטורה משמש 70% פרי פרופה 454 גר',פרוטנגו Fruitango,,קונפיטורה משמש,גרמים,450.00,100 גרם,false,,12.00,0.0267,true,1,65014
8697431460217,false,קונפיטורה 70% תפוזים 450 ג' FRUPPA,פרוטנגו Fruitango,,קונפיטורה תפוזים,גרמים,450.00,100 גרם,false,,12.00,0.0267,true,1,65019
8697431460378,false,קונפיטורה 70% שזיף פרופה 450 גרם,פרוטנגו Fruitango,,קונפיטורה שזיפים,גרמים,450.00,100 גרם,false,,12.00,0.0267,true,1,64599
8697431921701,false,קונפיטורה תות שדה 70% פרי פרופה 454 גר',פרוטנגו Fruitango,,פרופה-קונפיטורה תות,גרמים,450.00,100 גרם,false,,12.00,0.0267,true,1,69256
8697431921718,false,קונפיטורה דובדבן חמוץ 70% פרי פרופה 454 גר',Barhan gida sanayi v,,פרופה-קונפיטורה דובד,גרמים,450.00,100 גרם,false,,12.00,0.0267,true,1,69257
8697431925143,false,קונפיטורה 70% פירות יער 450 ג' FRUPPA,פרוטנגו Fruitango,,קונפיטור 70% פרי-פיר,גרמים,450.00,100 גרם,false,,12.00,0.0267,true,1,69860
8697530910743,false,סיגריות פאל מאל כחול קצר מטאליק,Unknown,TR,פאל מאל כחול קצר מטא,יחידה,0.00,יחידה,false,,29.00,0.0000,false,1,28656
8697530910750,false,סיגריות פאל מאל כחול ארוך האוס,Unknown,TR,פאל מאל כחול ארוך מט,יחידה,0.00,יחידה,false,,29.00,0.0000,false,1,28618
8697530910781,false,סיגריות פאל מאל אדום מטאליק,גלוברנדס,TR,פאל מאל אדום מטאליק,יחידה,0.00,יחידה,false,,29.00,0.0000,false,1,30174
8697530911276,false,סיגריות קנט קצר חפיס,גלוברנדס,TR,קנט קצר,יחידה,0.00,יחידה,false,,36.00,0.0000,false,1,32692
8697659233631,false,"אל סבון נוזלי טום וג'רי 430 מ""ל",,,אל סבון נוזלי טום וג,מיליליטרים,430.00,"100 מ""ל",false,,9.90,0.0230,true,1,188571
8697659238551,false,"דיסני אל סבון נוזלי פרוזן 400 מ""ל",,TR,דיסני אל סבון נוזלי,מיליליטרים,400.00,"100 מ""ל",false,,9.90,0.0248,true,1,119321
8697659244859,false,"שמפו באטמן 600 מ""ל",,,"שמפו באטמן 600 מ""ל",מיליליטרים,600.00,"100 מ""ל",false,,11.90,0.0198,true,1,188572
8699073292768,false,חציל קלוי על האש 640 גרם MELIS כשרות K,,,חציל קלוי על האש MEL,גרמים,640.00,100 גרם,false,,10.90,0.0170,true,1,122725
8710445585100,false,ביסקויט סנדוויץ' וני,,,ביסקויט סנדוויץ' וני,גרמים,300.00,100 גרם,false,,6.40,0.0213,true,1,29911
8710447275313,false,דאב קרם ידיים שמן קוקוס וחלב שקדים,"יוניליוור פולין, רחוב קר",PL,דאב קרם ידיים קוקוס,מיליליטרים,75.00,"100 מ""ל",false,,11.50,0.1533,true,1,114940
8710447284117,false,"ג'ל רחצה אקס בלאק 400 מ""ל",יוניליוור גרמניה (בו,DE,אקס ג'ל רחצה בלק,מיליליטרים,400.00,"100 מ""ל",false,,15.00,0.0375,true,1,109589
8710447320662,false,דאודורנט ספריי בניחוח אפרסק ולימון ללא אלומיניום,"פרמול איטליה, קומון",GB,דאב ספריי אפרסק ללא,מיליליטרים,150.00,"100 מ""ל",false,,16.90,0.1127,true,1,119141
8710447331095,false,טרזמה בוטניק מסכה לשיער 300 מל,יוניליוור פולין,PL,טרזמה מסכה בוטניק 30,מיליליטרים,300.00,"100 מ""ל",false,,26.90,0.0897,true,1,113088
8710552274614,false,שמפו קצף לנ.שטיחים וניש קליה גולד 600 מל,קליה וניש Kalia Vanish,GB,וניש גולד לשטיחים,מיליליטרים,600.00,"100 מ""ל",false,,24.90,0.0415,true,1,110973
8710676220122,true,סטרופ וופל חמאה 250,,,סטרופ וופל חמאה 250,,0.00,,false,,11.90,0.0000,true,1,123049
8710800961310,false,סוכריות בטעם תות מנטוס 4*375 גרם,פרפטי ואן מלה ברדה,NL,מנטוס רביעיה,גרמים,150.00,100 גרם,false,,10.90,0.0727,false,1,12933
8710847942679,false,טרזמה שמפו לשיער יבש בתוספת שמן המפ,יוניליוור,PL,טרזמה שמפו שמן המפ 4,מיליליטרים,400.00,"100 מ""ל",false,,17.90,0.0447,true,1,185731
8710847942693,false,טרזמה מרכך לשיער יבש שמן המפ 400 מל,יוניליוור,PL,טרזמה מרכך שמן המפ 4,מיליליטרים,400.00,"100 מ""ל",false,,17.90,0.0447,true,1,185732
8710847973970,false,"תחליב רחצה דאב אלוורה מי עץ שדר, 750 מ""ל","יוניליוור גרמניה, Gmbh &",DE,דאב תחליב רחצה אלוור,מיליליטרים,750.00,"100 מ""ל",false,,17.90,0.0239,false,1,123492
8710860115173,false,שימורים לחתול מיקי ס,,,שימורים לחתול מיקי ס,גרמים,400.00,100 גרם,false,,4.50,0.0113,true,1,187647
8710860115197,false,שימורים לגור כלב רוק,,,שימורים לגור כלב רוק,גרמים,410.00,100 גרם,false,,4.50,0.0110,true,1,187653
8710862000231,false,שימורים לכלב רוקוס ח,,,שימורים לכלב רוקוס ח,גרמים,410.00,100 גרם,false,,4.50,0.0110,true,1,187655
8710862007223,false,שימורים לכלב רוקוס ח,,,שימורים לכלב רוקוס ח,גרמים,410.00,100 גרם,false,,4.50,0.0110,true,1,187657
8710862055439,false,שימורים לחתול מיקי ב,,,שימורים לחתול מיקי ב,גרמים,400.00,100 גרם,false,,4.50,0.0113,true,1,187648
8710862055446,false,שימורים לחתול מיקי ע,,,שימורים לחתול מיקי ע,גרמים,400.00,100 גרם,false,,4.50,0.0113,true,1,187649
8710862055460,false,שימורים לחתול מיקי ב,,,שימורים לחתול מיקי ב,גרמים,400.00,100 גרם,false,,4.50,0.0113,true,1,187651
8710862055477,false,שימורים לחתול מיקי ל,,,שימורים לחתול מיקי ל,גרמים,400.00,100 גרם,false,,4.50,0.0113,true,1,187652
8710862058065,false,שימורים לחתול רוקוס,,,שימורים לחתול רוקוס,גרמים,410.00,100 גרם,false,,4.50,0.0110,true,1,189996
8710908326691,false,"תחליב רחצה פרח האדמונית דאב 750 מ""ל",יוניליוור גרמניה (בו,DE,תחליב רחצה דאב אדמונ,מיליליטרים,750.00,"100 מ""ל",false,,17.90,0.0239,false,1,100181
8710908777394,false,דאב תח.גוף שמן אבוקדו400,יוניליוור גרמניה (בו,DE,"דאב תחליב גוף 400 מ""",מיליליטרים,400.00,"100 מ""ל",false,,28.90,0.0722,true,1,111674
8711000360606,false,לור קפסולות קפה אספרסו רוז 7,ג'\ייקובס דאו אגרבטס צרפ,FR,לור קפסולות אספרסו ר,יחידה,0.00,יחידה,false,,16.90,0.0000,true,1,121751
8711000362617,false,לור קפסולות קפה אספרסו לונגו פרופונדו 8,ג'\קובס דאו אגברטס צרפת,FR,קפסולות קפה לור 8,גרמים,52.00,100 גרם,false,,16.90,0.3250,true,1,111425
8711000362679,false,קפסולות קפה תואמות נספרסו קולומביה 8 ל'אור 10 יחידות,ג'\ייקובס דאו אגרבטס צרפ,FR,קפסולות קפה לור קולו,גרמים,52.00,100 גרם,false,,16.90,0.3250,true,1,115446
8711000362747,false,קפסולות קפה תואמות נספרסו ריסטרטו 11 ל'אור 10 יחידות,גיקובס דאו אגברטס צרפת,FR,קפסולות קפה לור 11,גרמים,52.00,100 גרם,false,,16.90,0.3250,true,1,111427
8711000397466,false,לור קפסולות קפה אספרסו נטול קפאית ריסטרטו 52 גרם,ג'\ייקובס דאו אגברטס צרפ,FR,קפסולות קפה לור נטו,גרמים,52.00,100 גרם,false,,16.90,0.3250,true,1,187845
8711000431108,false,לור קפסולות קפה אספרסו הודו 52 גר,"ג'\ייקובס דאו אגרבטס, צר",FR,קפסולות קפה לור הודו,גרמים,52.00,100 גרם,false,,16.90,0.3250,true,1,115448
8711000471296,false,קפסולות קפה תואמות נספרסו אולטימו 13 ל'אור 10 יחידות,ג'\ייקובס דאו אגרבטס צרפ,FR,לור קפסולות אספרסו א,גרמים,52.00,100 גרם,false,,16.90,0.3250,true,1,120890
8711200443802,false,"חרדל דיזון בבקבוק לחיץ 235 מ""ל",מיילי,FR,חרדל דיז'ון 235 גר ל,גרמים,235.00,100 גרם,false,,14.90,0.0634,true,1,114108
8711327475618,false,"מגנום פיינט וניל קלאסיק 440 מ""ל","מפעל גלידות בווספרם, רחו",HU,גלידת מגנום וניל קלא,גרמים,260.00,100 גרם,false,,21.90,0.0842,true,1,123222
8711327475663,false,מגנום פיינט וניל שוקולד לבן 260 גרם,"מפעל גלידות בווספרם, רחו",HU,גלידת מגנום וניל שוק,גרמים,260.00,100 גרם,false,,21.90,0.0842,true,1,123221
8711327475717,false,מגנום פיינט וניל שקדים 260 גרם,"מפעל גלידות בווספרם, רחו",HU,גלידת מגנום וניל שקד,גרמים,260.00,100 גרם,false,,21.90,0.0842,true,1,123223
8711327475762,false,מגנום פיינט שוקולד לבן עוגיות 260 גרם,"מפעל גלידות בווספרם, רחו",HU,גלידת מגנום שוקולד ל,גרמים,260.00,100 גרם,false,,21.90,0.0842,true,1,123224
8711700665834,false,סבון מוצק ניחוח מלפפון תה ירוק דאב 600 גרם מארז 6 יחידות,יוניליוור גרמניה (בו,DE,סבון דאב מוצק שישייה,גרמים,0.00,גרם,false,,17.90,0.0000,true,1,58649
8712000051099,false,"שישיית בירה היינקן 0% אלכוהל בקבוק 330 מ""ל","מבשלת היינקן, ריטבלדנברג",NL,הייניקן 0% שישייה 33,מיליליטרים,1980.00,"100 מ""ל",false,,32.00,0.0162,false,1,112378
8712400802499,false,תרכובת מזון המשך לפעוטות על בסיס חלב שלב 1,נוטרישיה קאלק ב. ו.,NL,נוטרילון 1- 800גר,גרמים,800.00,100 גרם,false,,64.90,0.0811,false,1,56437
8712400802512,false,תרכובת מזון המשך לפעוטות על בסיס חלב שלב 2,נוטרישיה קאלק ב. ו.,NL,נוטרילון 2- 800גר,גרמים,800.00,100 גרם,false,,64.90,0.0811,false,1,56439
8712400802536,false,תרכובת מזון המשך לפעוטות על בסיס חלב שלב 3,נוטרישיה קאלק ב. ו.,NL,נוטרילון 3- 800גר,גרמים,800.00,100 גרם,false,,64.90,0.0811,false,1,56441
8712561594608,false,"דאב תחליב רחיצה להזנה עמוקה 750 מ""ל","יוניליוור גרמניה, Gmbh &",DE,תחליב רחצה דאב 750,מיליליטרים,750.00,"100 מ""ל",false,,17.90,0.0239,false,1,95599
8712561611411,false,"תחליב רחצה בניחוח מלפפון ותה ירוק דאב 750 מ""ל","יוניליוור גרמניה, Gmbh &",DE,תחליב רחצה דאב 750 מ,מיליליטרים,750.00,"100 מ""ל",false,,17.90,0.0239,false,1,95780
8712561626286,false,"תחליב רחצה דאב זוהר כמשי 750 מ""ל",יוניליוור גרמניה (בו,DE,תחליב רחצה דאב 750 מ,מיליליטרים,750.00,"100 מ""ל",false,,17.90,0.0239,false,1,96185
8712561631570,false,"תחליב רחצה קוקוס ויסמין דאב 750 מ""ל",יוניליוור גרמניה (בו,DE,תחליב רחצה דאב 750 מ,מיליליטרים,750.00,"100 מ""ל",false,,17.90,0.0239,false,1,95852
8714599410530,false,גייקובס קרונינג שקית רפיל 200 גרם,ג'יי.די.אי.,UA,ג'קובס שקית 200 גר,גרמים,200.00,100 גרם,false,,19.90,0.0995,false,1,107995
8714599410806,false,ג'ייקובס קרוננג מיובש בהקפאה 160 גרם סגירה חוזרת,ג'ייקובס Jacobs,RU,ג'ייקובס קרוננג שקית,גרמים,160.00,100 גרם,false,,14.90,0.0931,false,1,122848
8714599513781,false,"קפה נמס מיובש בהקפאה זהב צנצנת ג'ייקובס 200 גרם לל""ס",אל.אל. סי ג''יקובס דאו א,RU,קפה נמס ג'יקובס גולד,גרמים,200.00,100 גרם,false,,24.90,0.1245,false,1,98529
8714599513835,false,גי'קובס קרונונג נייט אנד דיי - נטול קופיאין,ג'ייקובס Jacobs,DE,ג'יקובס נטול קופאין,גרמים,200.00,100 גרם,false,,32.90,0.1645,false,1,100804
8714599513866,false,"קפה נמס מיובש בהקפאה קרונג צנצנת ג'ייקובס 200 גרם לל""ס",אל.אל.סי גייקובס דאו,DE,ג'קובס קרוננג מיובש,גרמים,200.00,100 גרם,false,,24.90,0.1245,false,1,98870
8714789177229,false,רבעיית מברשות שיניים קולגייט אקסטרה קלין 1 יחידה,הנסיך- מפעל לייצור ט,CN,רביעיה מברשות שיניים,יח',4.00,יח',false,,9.90,2.4750,true,1,19384
8714789218465,false,מברשת שיניים 360 סופט קולגייט 2 יחידות,הנסיך- מפעל לייצור ט,CN,זוג קולגייט 360 סופט,יחידה,0.00,יחידה,false,,24.90,0.0000,true,1,24466
8714789303925,false,מברשת שיניים 360 סנסטיב רכה במיוחד קולגייט 2 יחידות,קולגייט- פלמוליב,CH,מברשת שיניים קולגייט,יחידה,0.00,יחידה,false,,24.90,0.0000,true,1,31081
8714789402918,false,נוזל לניקוי כללי ורצפות בניחוח פרחי בר אג'קס 1.5 ליטר,הנסיך- מפעל לייצור ט,GR,אג'קס חגיגת פרחים 1.,ליטרים,1.50,ליטר,false,,19.90,13.2667,true,1,32196
8714789402932,false,נוזל לניקוי כללי ורצפות בניחוח ורדי בוקר אג'קס 1.5 ליטר,הנסיך- מפעל לייצור ט,GR,אג'קס חגיגת פרחים ור,ליטרים,1.50,ליטר,false,,19.90,13.2667,true,1,32203
8714789402970,false,נוזל לניקוי כללי ורצפות בניחוח פרחי אביב אגק'ס 1.5 ליטר,הנסיך- מפעל לייצור ט,GR,אג'קס חגיגת פרחים 1.,ליטרים,1.50,ליטר,false,,19.90,13.2667,true,1,32198
8714789450315,false,פלמוליב נוזל כלים לימון 1.5 ליטר,הנסיך- מפעל לייצור ט,GR,פלמוליב שקוף לכלים 1,ליטרים,1.50,ליטר,false,,15.90,10.6000,false,1,71167
8714789740058,false,מברשת שיניים טוויסטר סופט קולגייט 2 יחידות,הנסיך- מפעל לייצור ט,CN,קולגייט מברשת טוויסט,יחידה,0.00,יחידה,false,,17.90,0.0000,true,1,60275
8714789797786,false,"פלמוליב נוזל לניקוי כלים גריז בלסטר 750 מ""ל",יבואן ומשווק: ש. שסט,GR,פלמוליב כלים שקוף 4,מיליליטרים,750.00,"100 מ""ל",false,,9.90,0.0132,false,1,60161
8714789834467,false,פלמוליב נוזל לניקוי כלים קלאסי 1.5 ליטר,קולגייט-פלמוליב,GR,פלמוליב כלים קלאסי 1,ליטרים,1.50,ליטר,false,,15.90,10.6000,true,1,62854
8714789930848,false,"משחת שיניים אופטיק וייט הלבנה מיידית קולגייט 75 מ""ל",הנסיך- מפעל לייצור ט,PL,קולגייט משחת אופטיק,מיליליטרים,75.00,"100 מ""ל",false,,16.90,0.2253,true,1,68060
8714789966403,false,ליידי ספיד סטיק פרו 5 ג'ל 65 גר',קולגייט פלמוליב,US,ליידי ספיד סטיק פרו,גרמים,65.00,100 גרם,false,,19.90,0.3062,true,1,126610
8715700110141,false,מיונז קרמי היינץ צנצנת 460ג',ה.י.היינץ הולדינג בי.וי,NL,מיונז היינץ 460 גר,גרמים,460.00,100 גרם,false,,9.90,0.0215,false,1,107644
8715700110158,false,היינץ ממרח במרקם קרמי צנצנת 490 גרם,ה.י.היינץ הולדינג בי.וי,NL,מיונז לייט צנצנת הי,גרמים,490.00,100 גרם,false,,9.90,0.0202,false,1,107645
8715700115641,false,ממרח מיונז לחיץ לייט במרקם קרמי 420 ג' היינץ,"פודליצקי ספ.ז.או.או,.",PL,ממרח היינץ 420 גר,גרמים,420.00,100 גרם,false,,14.90,0.0355,true,1,106592
8715700117805,false,"קטשופ היינץ מתבל עגבניות ללא תוספת סוכר ומלח 425 מ""ל","ה.י היינץ הולדינג בי.וי,",NL,קטשופ היינץ ללא תוספ,מיליליטרים,400.00,"100 מ""ל",false,,9.90,0.0248,false,1,118977
8715700118925,false,קטשופ היינץ חריף 460 גרם,ה.י. היינץ,NL,קטשופ היינץ חריף,גרמים,460.00,100 גרם,false,,11.90,0.0259,true,1,190884
8715700419732,false,מתבל עגבניות היינץ 700 גרם,ה.י. היינץ,NL,קטשופ היינץ 700 גר,גרמים,700.00,100 גרם,false,,9.90,0.0141,false,1,67810
8715700422473,false,ממרח לכריכים וסלטים ללא ח. משמרים היינץ 395 גרם,ה.י. היינץ,NL,ממרח היינץ 395 גר,גרמים,395.00,100 גרם,false,,14.90,0.0377,true,1,102574
8715700423906,false,היינץ מתבל עגבניות מופחת סוכר ומלח 50/50 550 גרם,היינץ צפון אמריקה מק,NL,מתבל עגבניות היינץ,גרמים,555.00,100 גרם,false,,9.90,0.0178,true,1,108591
8717163607305,false,דאב סבון מוצק גרגירים לעיסוי עדין *4,יוניליוור גרמניה (בו,DE,רביעיה דאב גרגרי,גרמים,400.00,100 גרם,false,,13.90,0.0348,false,1,12553
8717163630105,false,"שמפו טרזמה להחלקה וצביעה 400 מ""ל",יוניליוור,PL,טרזמה שמפו להחלקה וצ,מיליליטרים,400.00,"100 מ""ל",false,,19.90,0.0497,true,1,120202
8717163647196,false,אקס דאודורנט בודי ספריי אנרכי לאשה,יוניליוור אנגליה,GB,אקס ספריי גוף אנרכי,מיליליטרים,150.00,"100 מ""ל",false,,11.90,0.0793,false,1,114931
8717163647226,false,"אקס דאודורנט ספריי גוף בלאק 150 מ""ל",ארנסט. רחוב קומבינצק,GB,דאודורנט אקס ספריי ג,מיליליטרים,150.00,"100 מ""ל",false,,11.90,0.0793,false,1,115078
8717163647240,false,"אקס דאודורנט ספריי גוף לגבר שוקולד 150 מ""ל",יוניליוור גרמניה (בו,GB,דאודורנט אקס ספריי ג,מיליליטרים,150.00,"100 מ""ל",false,,11.90,0.0793,false,1,114932
8717163647257,false,"אקס אנטיפרספירנט ספריי גוף גולד 150מ""ל",יוניליוור אנגליה,GB,אקס דאודורנט ספריי ג,מיליליטרים,150.00,"100 מ""ל",false,,11.90,0.0793,false,1,116263
8717163647264,false,"אקס דאודורנט ספריי גוף אייס צ'יל 150 מ""ל",יוניליוור אנגליה,GB,אקס דאודורנט ספריי ג,מיליליטרים,150.00,"100 מ""ל",false,,11.90,0.0793,false,1,114109
8717163663493,false,"רקסונה - דאודורנט ספריי לגבר קובלט דריי 150 מ""ל","יוניליוור אנגליה, דרך קו",GB,דאודורנט רקסונה ספרי,מיליליטרים,150.00,"100 מ""ל",false,,14.90,0.0993,true,1,116777
8717644390566,false,סבון מוצר רביעיה תמצית מלפפון ותה ירוק,יוניליוור גרמניה (בו,DE,סבון דאב מוצק ירוק ר,גרמים,400.00,100 גרם,false,,13.90,0.0348,false,1,31547
8717677336593,false,טוניס שוקולד חלב 180 גרם רבנות - נוכרי,טוניס/שוקולונלי,NL,טוניס שוקולד חלב,גרמים,180.00,100 גרם,false,,18.90,0.1050,true,1,187487
8717677336616,false,שוקולד מריר עם שקדים ומלח טוניס' שוקולונלי 180 גרם,טוניס/שוקולונלי,NL,טוניס שוקולד מריר עם,גרמים,180.00,100 גרם,false,,18.90,0.1050,true,1,187488
8717677336630,false,שוקולד חלב עם שקדים ודבש טוניס' שוקולונלי 180 גרם,טוניס/שוקולונלי,NL,טוניס שוקולד חלב עם,גרמים,180.00,100 גרם,false,,18.90,0.1050,true,1,187489
8717677336654,false,טוניס - שוקולד חלב מעולה עם שברי קרמל מלוח,טוניס/שוקולונלי,NL,טוניס שוקולד חלב עם,גרמים,180.00,100 גרם,false,,18.90,0.1050,true,1,190020
8717677336661,false,טוניס שוקולד מריר מעולה 70% 180 גרם רבנות - נוכרי,טוניס/שוקולונלי,NL,טוניס שוקולד מריר מע,גרמים,180.00,100 גרם,false,,18.90,0.1050,true,1,187490
8717677338436,false,שוקולד חלב עם אגוזי לוז טוניס' שוקולונלי 180 גרם,טוניס/שוקולונלי,NL,טוניס שוקולד חלב עם,גרמים,180.00,100 גרם,false,,18.90,0.1050,true,1,187491
8718951030206,false,"קולגייט סנסיטיב פרוטקשן משחת שיניים לשיניים רגישות 75 מ""ל",קולגייט-פלמוליב,PL,קולגייט סנסיטיב מולט,מיליליטרים,75.00,"100 מ""ל",false,,14.90,0.1987,true,1,119200
8718951031241,false,משחת שיניים אלמקס מנטרל חומצות סוכר 75 מל,CP-Poland swidnica,PL,אלמקס משחת שיניים למ,מיליליטרים,75.00,"100 מ""ל",false,,15.90,0.2120,true,1,191072
8718951044913,false,מרידול משחת שיניים להלבנה 75 מל,קולגייט פלמוליב,PL,מרידול משחת שיניים ה,מיליליטרים,75.00,"100 מ""ל",false,,21.90,0.2920,true,1,95773
8718951048669,false,אג'קס ספריי לניקוי חלונות בניחוח חגיגת הפרחים,SAS-VA COLGATE-PALMOLIVE,GR,אג'קס ספריי לניקוי ח,100 מל,750.00,100 מל,false,,14.90,0.0199,true,1,187887
8718951079205,false,"קולגייט סנסיטיב פרו רליף רפיר אנד פריוונט 75 מ""ל",קולגייט-פלמוליב,PL,קולגייט סנסיטיב פרו,מיליליטרים,75.00,"100 מ""ל",false,,19.90,0.2653,true,1,107342
8718951144064,false,מרידול מברשת שיניים פרודונט אקספרט זוג,"ש. שסטוביץ בע""\מ",CH,מברשות שיניים מרידול,יחידה,0.00,יחידה,false,,34.90,0.0000,true,1,104455
8718951159808,false,מברשות שיניים 360 מדיום- מארז שלישייה,קולגייט-פלמוליב,CN,מברשות קולגייט שלישי,יחידה,0.00,יחידה,false,,29.90,0.0000,true,1,105718
8718951160897,false,ספריי אקונומיקה עוצמת ה7 טריגר אגקס 500מ,קולגייט-פלמוליב,GR,אג'קס עוצמת ה7 טריגר,מיליליטרים,500.00,"100 מ""ל",false,,14.90,0.0298,true,1,105484
8718951166288,false,"משחת שיניים קולגייט מקס וייט 125 מ""ל",הנסיך- מפעל לייצור ט,PL,קולגייט משחת מקס ויי,מיליליטרים,125.00,"100 מ""ל",false,,15.90,0.1272,true,1,111921
8718951166561,false,משחת שיניים לרעננות מוגברת max fresh cooling crystals,הנסיך- מפעל לייצור ט,PL,קולגייט משחת מקס פרש,מיליליטרים,125.00,"100 מ""ל",false,,15.90,0.1272,true,1,111922
8718951167094,false,נוזל כלים פלמוליב צילינדר תפוז וליים 1 ל,יבואן ומשווק: ש. שסט,GR,פלמוליב צילינדר תפוז,ליטרים,1.00,ליטר,false,,13.90,13.9000,false,1,107808
8718951176874,false,קולגייט שטיפת פה לילדים מיניונים 250 מל,קולגייט-פלמוליב,PL,קולגייט מי פה מיניון,מיליליטרים,250.00,"100 מ""ל",false,,14.90,0.0596,true,1,126538
8718951236790,false,"קולגייט טוטאל משחת שיניים קלין מינט לפה בריא 100 מ""ל",קולגייט פלמוליב,PL,קולגייט טוטל קלין מי,מיליליטרים,100.00,"100 מ""ל",false,,16.90,0.1690,true,1,112812
8718951236806,false,"קולגייט טוטאל הלבנה משחת שיניים המסייעת בהסרת כתמים 100 מ""ל",קולגייט Colgate,PL,קולגייט טוטל הלבנה מ,מיליליטרים,100.00,"100 מ""ל",false,,16.90,0.1690,true,1,112813
8718951236813,false,"קולגייט טוטאל משחת שיניים ניקוי מתקדם לפה בריא יותר 100 מ""ל",קולגייט פלמוליב,PL,קולגייט טוטאל אדוונס,מיליליטרים,100.00,"100 מ""ל",false,,16.90,0.1690,true,1,115760
8718951240742,false,"קולגייט טוטאל משחת שיניים פסים מרעננים 100 מ""ל",קולגייט פלמוליב,PL,קולגייט טוטל פסים מר,מיליליטרים,100.00,"100 מ""ל",false,,16.90,0.1690,true,1,112809
8718951254527,false,"קולגייט סנסטיב פרו לייף אקסטרה סטרנגט 75 מ""ל",קולגייט פלמוליב,PL,קולגייט סנסיטיב פרו,יחידה,0.00,יחידה,false,,19.90,0.0000,true,1,115533
8718951259409,false,"פלמוליב תחליב רחצה נטורלס לעור עדין 750 מ""ל",קולגייט פלמוליב,IT,פלמוליב נטורלס תחליב,מיליליטרים,750.00,"100 מ""ל",false,,19.90,0.0265,true,1,190409
8718951264618,false,"קולגייט אופטיק וייט פחם צ'רקול משחת שיניים, 75 מ""ל",קולגייט-פלמוליב,PL,קולגייט אופטיק וייט,מיליליטרים,75.00,"100 מ""ל",false,,25.90,0.3453,true,1,119006
8718951265103,false,מברשת שיניים קולגייט אולטרה סופט זוג,קולגייט פלמוליב,CN,קולגייט מברשת אולטרה,יחידה,0.00,יחידה,false,,29.90,0.0000,true,1,115531
8718951281738,false,אלמקס סנסיטיב משחה לשיניים רגישות,CP-Poland swidnica,PL,משחת שיניים אלמקס סנ,מיליליטרים,75.00,"100 מ""ל",false,,18.90,0.2520,true,1,119945
8718951286733,false,"קולגייט אופטיק וייט לסטינג וייט משחת שיניים 75 מ""ל",קולגייט Colgate,PL,קולגייט אופטיק וויט,מיליליטרים,75.00,"100 מ""ל",false,,25.90,0.3453,true,1,185836
8718951289833,false,פלמוליב סבון מוצק רביעייה לומינוס 360 ג,קולגייט פלמוליב,TR,פלמוליב סבון מוצק לו,גרמים,360.00,100 גרם,false,,17.00,0.0472,true,1,117368
8718951314023,false,פלמוליב נטורלס תחליב רחצה אפרסק 750 מל,קולגייט פלמוליב,TR,פלמוליב נטורלס תחליב,מיליליטרים,750.00,"100 מ""ל",false,,19.90,0.0265,true,1,189144
8718951315303,false,"קולגייט אדומה משחת שיניים להגנה מפני עששת 2*100 מ""ל",קולגייט-פלמוליב,PL,קולגייט אדומה ביטיוב,מיליליטרים,200.00,"100 מ""ל",false,,19.90,0.0995,true,1,120111
8718951320093,false,זוג מברשות 360 אדוונס וויט שיניים קולגייט,קולגייט-פלמוליב,CN,קולגייט זוג מברשות 3,יחידה,0.00,יחידה,false,,29.90,0.0000,true,1,120226
8718951333048,false,"פלמוליב סבון לידיים למטבח, 300 מ""ל",הנסיך- מפעל לייצור ט,IT,פלמוליב סבון ידיים ל,מיליליטרים,300.00,"100 מ""ל",false,,10.90,0.0363,true,1,124214
8718951334090,false,"סופלין מרכך כביסה מרוכז כחול 650 מ""ל",סופלין Soupline,GR,סופלין מרכך כביסה מר,מיליליטרים,650.00,"100 מ""ל",false,,9.90,0.0152,true,1,119493
8718951334120,false,"סופלין מרכך כביסה מרוכז לבנדר 650 מ""ל",שסטוביץ,GR,סופלין מרכך כביסה מר,מיליליטרים,650.00,"100 מ""ל",false,,9.90,0.0152,true,1,119558
8718951334151,false,"סופלין מרכך כביסה מרוכז היפואלרגני 650 מ""ל",SAS-VA COLGATE-PALMOLIVE,FR,סופלין מרכך כביסה מר,מיליליטרים,650.00,"100 מ""ל",false,,9.90,0.0152,true,1,189216
8718951338098,false,דאודורנט רול פאודר פ,,IT,ליידי ספיד סטיק רול,מיליליטרים,50.00,"100 מ""ל",false,,14.90,0.2980,true,1,190939
8718951338128,false,"ליידי ספיד סטיק רול און שאוור פרש 50 מ""ל",קולגייט פלמוליב,IT,ליידי ספיד סטיק רול,מיליליטרים,50.00,"100 מ""ל",false,,14.90,0.2980,true,1,126553
8718951338395,false,מרסס אגקס טריגר פיור הום סמבוק שחור 500,קולגייט פלמוליב,GR,אג'קס טריגר פיור הום,מיליליטרים,500.00,"100 מ""ל",false,,14.90,0.0298,true,1,122186
8718951354807,false,נוזל רצפות אגקס חגיגת הפרחים יסמין 1.5 ל,קולגייט פלמוליב,GR,אג'קס חגיגת הפרחים י,מיליליטרים,1500.00,"100 מ""ל",false,,19.90,0.0133,true,1,122188
8718951365865,false,קולגייט זוג מברשות עם סיבי פחם בצפיפות ג,קולגייט פלמוליב,PL,קולגייט מברשת עם סיב,יחידה,0.00,יחידה,false,,33.90,0.0000,true,1,126311
8718951366015,false,"קולגייט - משחת שיניים אופטיק וויט אקס קומפ 75 מ""ל",CP-Poland swidnica,PL,קולגייט משחת אופטיק,מיליליטרים,75.00,"100 מ""ל",false,,49.90,0.6653,true,1,190488
8718951381292,false,"משחת שיניים מקס דיטוקס פואם קולגייט 125 מ""ל",קולגייט Colgate,PL,קולגייט משחת מקס דיט,מיליליטרים,125.00,"100 מ""ל",false,,15.90,0.1272,true,1,123660
8718951382640,false,"פלמוליב ג'ל רחצה חימר ואלוורה 750 מ""ל",קולגייט פלמוליב,TR,פלמוליב ג'ל רחצה חימ,מיליליטרים,750.00,"100 מ""ל",false,,19.90,0.0265,true,1,121762
8718951382787,false,"משחת שיניים אופטיק וויט חימר ומינרלים 75 מ""ל קולגייט",קולגייט Colgate,PL,קולגייט אופטיק וויט,מיליליטרים,75.00,"100 מ""ל",false,,25.90,0.3453,true,1,187267
8718951385290,false,נוזל לניקוי כללי ורצפות אג'קס 2 ליטר,קולגייט פלמוליב,GR,אג'קס ניקוי כללי עוצ,ליטרים,2.00,ליטר,false,,22.90,11.4500,true,1,123893
8718951391314,false,"מרסס אגקס טריגר אנטי בקטריאלי 500 מ""ל",קולגייט-פלמוליב,GR,אג'קס טריגר אנטי בקט,מיליליטרים,500.00,"100 מ""ל",false,,14.90,0.0298,true,1,124357
8718951409798,false,זוג מברשות שיניים מקס וויט פחם קולגייט,הנסיך- מפעל לייצור ט,PL,קולגייט מברשת מקס וו,יחידה,0.00,יחידה,false,,23.90,0.0000,true,1,125594
8718951412378,false,משחת שיניים לחניכיים רגישות ולנשימה רעננה,קולגייט פלמוליב,PL,מרידול משחת שיניים נ,מיליליטרים,75.00,"100 מ""ל",false,,24.90,0.3320,true,1,189430
8718951415836,false,קולגייט מי פה פלאקס פחם לחיוך לבן 500 מל,קולגייט Colgate,PL,קולגייט מי פה פלאקס,מיליליטרים,500.00,"100 מ""ל",false,,29.90,0.0598,true,1,126324
8718951428522,false,"פלמוליב סבון רחצה לגבר 4 ב-1 המפ 750 מ""ל",שסטוביץ,TR,פלמוליב סבון רחצה לג,מיליליטרים,750.00,"100 מ""ל",false,,19.90,0.0265,true,1,186374
8718951446564,false,"סבון נוזלי מומנטס עץ אלגום ולבנדר 500 מ""ל פלמוליב",שסטוביץ,TR,פלמוליב סבון גוף מומ,100 מל,500.00,100 מל,false,,14.90,0.0298,true,1,188580
8718951466371,false,"משחת שיניים מרידול 75 מ""ל",קולגייט פלמוליב,PL,מרידול משחת שיניים,מיליליטרים,75.00,"100 מ""ל",false,,19.90,0.2653,true,1,190296
8718951477384,false,"קולגייט משחת שיניים טוטאל ג'ל מתקדם פיור 75 מ""ל",קולגייט פלמוליב,PL,משחת שיניים קולגייט,מיליליטרים,75.00,"100 מ""ל",false,,19.90,0.2653,true,1,187406
8718951498754,false,שישיית מברשות שיניים סופר פלקסי קולגייט,קולגייט פלמוליב,VN,קולגייט מברשת סופר פ,יחידה,0.00,יחידה,false,,17.90,0.0000,true,1,189296
8718951509627,false,"קולגייט אופטיק וייט לאוהבי קפה ותה משחת שיניים 75 מ""ל",קולגייט פלמוליב,PL,קולגייט אופטיק וויט,מיליליטרים,75.00,"100 מ""ל",false,,25.90,0.3453,true,1,188614
8719200997998,false,מרגרינה למריחה בישול וטיגון 200 ג' בלו בנד,אתר חיפה מרגרינה - F,IL,בלובנד עם מלח 200 גר,גרמים,200.00,100 גרם,false,,4.50,0.0225,false,1,117116
8719200998001,false,מרגרינה לאפיה ובישול בלי מלח 200 ג' בלו בנד,יוניליוור ישראל מזון בע\,IL,בלובנד בלי מלח 200 ג,גרמים,200.00,100 גרם,false,,4.50,0.0225,false,1,117117
8719200998018,false,מחמאה מרגרינה בטעם חמאה בלובנד 200 גרם,"מיוצר ע""\י יוניליוור ישר",IL,מחמאה ב.בנד 200 גרם,גרמים,200.00,100 גרם,false,,4.60,0.0230,false,1,117142
8719200998049,false,"מרגרינה מזולה גלורי רגיל 250גר 8 יחידות -כשל""פ","מיוצר ע""\י יוניליוור ישר",IL,מזולה גלורי רגיל 250,גרמים,250.00,100 גרם,false,,9.50,0.0380,false,1,117133
8719200998094,false,"מרגרינה מזולה לאפיה ללא תוספת מלח 200גר - 40 יח' -כשל""פ","מיוצר ע""\י יוניליוור ישר",IL,מזולה לאפיה ללא מלח,גרמים,200.00,100 גרם,false,,6.50,0.0325,false,1,117140
8719200998100,false,מרגרינה מזולה לאפיה טעם חמאה 200גר - 40 יח',פארייפאבה אגרואינדוס,IL,מזולה לאפיה בטעם חמא,גרמים,200.00,100 גרם,false,,6.50,0.0325,false,1,117141
8720100012445,false,וופל טוסט בלגי 6 יח 250 גרם בקרסלנד,דה בנקט גרופ,NL,בקרסלנד-וופל טוסט בל,גרמים,250.00,100 גרם,false,,9.90,0.0396,false,1,31091
8720181045905,false,אקס דאודורנט ספריי אפריקה לגבר 150 מל,"יוניליוור אנגליה, דרך קו",GB,אקס דאודורנט ספריי א,מיליליטרים,150.00,"100 מ""ל",false,,14.90,0.0993,false,1,122039
8720181045912,false,"אקס דאודורנט ספריי גוף אפריקה 150 מ""ל","יוניליוור אנגליה, דרך קו",GB,אקס דאודורנט ספריי א,מיליליטרים,150.00,"100 מ""ל",false,,11.90,0.0793,true,1,122040
8720181046605,false,דאב - דאודורנט ספריי לאישה אורגינל כחול 150מל,"יוניליוור אנגליה, דרך קו",TR,דאב דאודורנט ספריי א,מיליליטרים,150.00,"100 מ""ל",false,,16.90,0.1127,true,1,123000
8720181046612,false,"דאב - דאודורנט רול און לאישה אורגינל 50 מ""ל","יוניליוור אנגליה, דרך קו",GB,דאב דאודורנט רולאון,מיליליטרים,50.00,"100 מ""ל",false,,16.90,0.3380,true,1,126153
8720181090202,false,תחליב רחצה עם שמן זית דאב 750 מל,"יוניליוור גרמניה, Gmbh &",DE,דאב תחליב רחצה שמן ז,מיליליטרים,750.00,"100 מ""ל",false,,17.90,0.0239,false,1,125037
8720182256362,false,שישיית סבון מוצק דאב קלאסי 540 גר',יוניליוור גרמניה (בו,DE,דאב סבון מוצק קלאסי,גרמים,540.00,100 גרם,false,,17.90,0.0331,true,1,191009
8721200060107,false,וופל בקרסלנד סטרופ 250 גרם,דה בנקט גרופ,NL,וופל הולנדי עם קרמל,גרמים,260.00,100 גרם,false,,10.90,0.0419,true,1,32915
8723400756552,false,מארז סוכריות מנטוס Mentos ריינבואו,פרפטי ואן מלה ברדה,NL,מנטוס ריינבואו רביעי,יחידה,0.00,יחידה,false,,10.90,0.0000,true,1,59895
8723400793922,false,מנטוס גליל בטעם דובדבן אריזת רביעיה 150 ג',פרפטי ואן מלה ברדה,NL,מנטוס רביעיות דובדבן,גרמים,150.00,100 גרם,false,,10.90,0.0727,true,1,125473
8801055707966,false,קפה טייסטר צו'יס נס קפה בריסטה 180ג',נסטלה קוריאה - קפה,KR,טסטר צו'יס בריסטה 18,גרמים,180.00,100 גרם,false,,31.90,0.1772,false,1,100059
8801055709427,false,קפה נמס טסטר'ס צ'ויס אלטה ריקה 100 גרם,נסטלה קוריאה - קפה,KR,קפה נמס טסטר צוייס א,גרמים,100.00,100 גרם,false,,24.90,0.2490,false,1,126574
8801055709458,false,אבקה להכנת משקה קפה בטעם קפוצ'ינו קרמל,נסטלה קוריאה - קפה,IL,נסקפה קפוצ'ינו בטעם,גרמים,170.00,100 גרם,false,,19.00,0.1118,true,1,187588
8801055709465,false,אבקה להכנת משקה קפה בטעם קפוצ'ינו וניל,נסטלה קוריאה - קפה,KR,נסקפה קפוצ'ינו בטעם,גרמים,185.00,100 גרם,false,,19.00,0.1027,true,1,187589
8801055709472,false,נסטלה - נסקפה קפוצ'ינו קלאסי 12.50 גרם * 10,נסטלה קוריאה - קפה,KR,נסקפה קפוצ'ינו קלאסי,גרמים,125.00,100 גרם,false,,19.00,0.1520,true,1,187590
8801055709489,false,אבקה להכנת משקה קפה בטעם קפוצ'ינו אגוזים,נסטלה קוריאה - קפה,IL,נסקפה קפוצ'ינו בטעם,גרמים,180.00,100 גרם,false,,19.00,0.1056,true,1,187591
8801055709526,false,אבקה להכנת משקה קפה בטעם קפוצ'ינו שוקולד לבן,נסטלה קוריאה - קפה,IL,נס קפה קפוצ'ינו שוקו,גרמים,180.00,100 גרם,false,,19.00,0.1056,true,1,189297
8802241131664,false,חטיף אצות קלויות עם מלח ים Laverland Crunch,טעמי אסיה Taste of Asia,KR,חטיף אצות ים קלויות,גרמים,40.50,100 גרם,false,,22.90,0.5654,true,1,105857
8802241131671,false,חטיף אצות בטעם ווסאבי 4.5/9gr,"מאן-גון פוד בע""מ",KR,חטיף אצות בטעם ווסאב,יחידה,0.00,יחידה,false,,23.90,0.0000,true,1,117106
8850161166204,false,"קרם קוקוס 17-19% 500 מ""ל - AMPAWA",אמפווה קוקונט פרודקט,TH,"קרם קוקוס 500 מ""ל",מיליליטרים,500.00,"100 מ""ל",false,,10.90,0.0218,true,1,114420
8850372000380,false,מקלוני שעועית תאילנדים 10 יח',סיטינאן,,מקלוני שעועית,יחידה,400.00,יחידה,false,,18.90,0.0472,true,1,63953
8850389103111,false,סאפי משקה אלוורה בטעם ענבים 300מל,סאפה פובליק קומפני ל,TH,משקה סאפה אלוורה ענב,מיליליטרים,300.00,"100 מ""ל",false,,7.00,0.0233,true,1,26730
8850389103128,false,סאפי משקה אלוורה בטעם תפוח 300מל,סאפה פובליק קומפני ל,TH,משקה סאפה אלוורה תפו,מיליליטרים,300.00,"100 מ""ל",false,,7.00,0.0233,true,1,26731
8850389103159,false,"משקה ליצ'י עם חתיכות גלי קוקוס 320 מ""ל מוגו מוגו",סאפה פובליק קומפני לימיט,TH,מוגו מוגו ליצ'י עם ח,מיליליטרים,320.00,"100 מ""ל",false,,6.90,0.0216,true,1,187641
8850389104637,false,"משקה קל סאפה אלוורה אפרסק 300 מ""ל",סאפה פובליק קומפני ל,TH,סאפה אלוורה אפרסק,מיליליטרים,300.00,"100 מ""ל",false,,7.00,0.0233,true,1,38173
8850389105825,false,משקה אלוורה בטעם ענבים סאפה 1 ליטר,סאפה פובליק קומפני לימיט,TH,סאפה אלוורה ענבים 1,ליטרים,1.00,ליטר,false,,12.90,12.9000,true,1,40970
8850389105832,false,סאפה משקה אלוורה בטעם תפוח עם קוביות אלוורה 1 ליטר,סאפה פובליק קומפני לימיט,TH,סאפה אלוורה תפוח 1 ל,ליטרים,1.00,ליטר,false,,12.90,12.9000,true,1,40971
8850389105849,false,סאפה משקה אלוורה מופחת קלוריות בטעם אפרסק 1 ליטר,סאפה פובליק קומפני לימיט,TH,סאפה אלוורה אפרסק 1,ליטרים,1.00,ליטר,false,,12.90,12.9000,true,1,40972
8850389111352,false,"משקה מלון עם חתיכות גלי קוקוס 320 מ""ל מוגו מוגו",סאפה פובליק קומפני לימיט,TH,מוגו מוגו מלון עם חת,מיליליטרים,320.00,"100 מ""ל",false,,6.90,0.0216,true,1,187642
8850389115312,false,"סאפה אלוורה מלון בקבוק 300 מ""ל",סאפה פובליק קומפני ל,TH,סאפה אלוורה מלון,מיליליטרים,300.00,"100 מ""ל",false,,7.00,0.0233,true,1,109290
8850389115336,false,משקה אלוורה בטעם מלון סאפה 1 ליטר,סאפה פובליק קומפני לימיט,TH,סאפה מלון בקבוק ליטר,ליטרים,1.00,ליטר,false,,12.50,12.5000,true,1,109151
8850632604259,false,"יוגטה, חיספוסים, ממתק חמוץ בצורת מקלות בטעם תות שדה,50 גרם",ג'נרל קנדי בעמ,TH,יוגטה מקלות תות,גרמים,50.00,100 גרם,false,,4.50,0.0900,true,1,37177
8850632604266,false,"יוגטה, ממתק חמוץ בצורת מקלות בטעם קולה, 50 גרם",ג'נרל קנדי בעמ,TH,יוגטה מקלות קולה,גרמים,50.00,100 גרם,false,,4.50,0.0900,true,1,37108
8850632604372,false,"יוגטה, חיספוסים בצורת שטיח בטעם תות שדה 50 גרם",ג'נרל קנדי בעמ,TH,יוגטה שטיח תות,גרמים,50.00,100 גרם,false,,4.50,0.0900,true,1,37111
8850632604402,false,יוגטה חיספוסים בטעם מעורב תות שדה אבטיח ענבים בננה 50 גרם,"ג'נרל קנדי בע""מ",TH,יוגטה טעם מעורב בצור,גרמים,50.00,100 גרם,false,,4.50,0.0900,true,1,37227
8850632605201,false,"יוגטה, חיספוסים, ממתק חמוץ בצורת שטיח, בטעם מעורב- תות בננה, תפוח, תפוז, 50 גרם",הדקלאים אגודת שיתופי,TR,יוגטה חיספוסים בצורת,גרמים,50.00,100 גרם,false,,4.50,0.0900,true,1,40717
8850632606390,false,"יוגטה, חיספוסים, ממתק חמוץ בצורת שטיח בטעם אבטיח, 50 גרם",ג'נרל קנדי בעמ,TH,יוגטה שטיח אבטיח,גרמים,50.00,100 גרם,false,,4.50,0.0900,true,1,63389
8852633119039,false,"רוטב דגים 300 מ""ל-כשר",טעמי אסיה Taste of Asia,,"רוטב דגים 300 מ""ל",מיליליטרים,300.00,"100 מ""ל",false,,8.90,0.0297,true,1,99376
8886303210504,false,"קרם קוקוס 24% 500 מ""ל ""קארה""",ג'ומון,ID,"קרם קוקוס 500 מ""ל 24",מיליליטרים,500.00,"100 מ""ל",false,,13.90,0.0278,true,1,108462
8886303210542,false,"קרם קוקוס 17% 400 מ""ל ""קארה""",ג'ומון,ID,"קרם קוקוס 400 מ""ל",מיליליטרים,400.00,"100 מ""ל",false,,9.90,0.0248,true,1,108540
8888021200256,false,סוללות אנרג'ייזר AA מקס 8 יחידות,יצרן: אנרג'ייזר סינג,SG,סוללות ENERGIZER 1X8,יחידה,0.00,יחידה,false,,24.90,0.0000,false,1,16718
8888021200720,false,סוללות אנרג'ייזר AAA מקס 8 יחידות,יצרן: אנרג'ייזר סינג,SG,סוללות ENERGIZER 1X8,יחידה,0.00,יחידה,false,,24.90,0.0000,false,1,16719
8901483010505,false,"קורנישונים בחומץ 690 גרם ""לינה""",יושלם,IN,מלפפון קורנישון בחומ,גרמים,690.00,100 גרם,false,,9.90,0.0143,true,1,43242
8901537024014,false,"אורז בסמטי מובחר 1 ק""ג - דוואט) יורה דיעה",הנסיך- מפעל לייצור ט,IN,אורז בסמטי מובחר 1 ק,קילוגרמים,1.00,"ק""ג",false,,11.90,11.9000,false,1,32521
9000100590938,false,"סאיוס - מוס לשיער ליצירת נפח 250 מ""ל",שוורצקוף,DE,סאיוס מוס ליצירת נפח,מיליליטרים,250.00,"100 מ""ל",false,,24.90,0.0996,true,1,110066
9000100760591,false,"פה - דאודורנט רול און לגבר אינוויזיבל פאוואר 50 מ""ל",שוורצקופף והנקל,TR,פה רול און אינביזיבל,מיליליטרים,50.00,"100 מ""ל",false,,10.00,0.2000,true,1,108868
9000101329322,false,סבון אסלה בניחוח מתחלף תפוח נופר 50 ג' ברף,הנקל סוד,RS,סבון אסלה ברף בניחוח,גרמים,50.00,100 גרם,false,,9.90,0.1980,true,1,185976
9000101520965,false,שלישיית סבון אסלה בניחוח מתחלף לוטוס עדין ברף,ברף Bref,RS,ברף בניחוח מתחלף לוט,יחידה,0.00,יחידה,false,,19.90,0.0000,true,1,188920
9000101521436,false,סבון אסלה בניחוח מתחלף לוטוס במבוק 50 ג' ברף,הנקל סוד,RS,סבון אסלה בניחוח מתח,גרמים,50.00,100 גרם,false,,9.90,0.1980,true,1,185978
9000101537550,false,פרסיל קאפסולות לכביסה לבנה וצבעונית 52 יח',הנקל סוד,HU,פרסיל פוואר קאפס יונ,יחידה,0.00,יחידה,false,,59.90,0.0000,true,1,188789
9000101537581,false,פרסיל קאפסולות לכביסה צבעונית 52 יחידו,הנקל סוד,HU,פרסיל פוואר קאפס קול,יחידה,0.00,יחידה,false,,59.90,0.0000,true,1,188790
9002859055553,false,בוגי-סוכריות בפחית בטעםי פירות 200 גר,GUNZ WARENHANDELS,,WOOGIE-סוכרית פירות,גרמים,200.00,100 גרם,false,,8.90,0.0445,true,1,66042
9002859055560,false,בוגי-סוכ'בפחית בטעם דובדבן 200 גרם 1/12(86105),GUNZ WARENHANDELS,,ווגי-סוכריות דובדבן,גרמים,200.00,100 גרם,false,,8.90,0.0445,true,1,67069
9002859055591,false,בוגי-סוכ'בפחית בטעם לימון 200 גרם 1/12(86107),,,ווגי-סוכריות לימון פ,גרמים,200.00,100 גרם,false,,8.90,0.0445,true,1,70149
9002859058172,false,בונבוניירה בננה ציפוי שוקולד מריר 300 גר,GUNZ WARENHANDELS,AT,בננות בציפוי שוקולד,גרמים,300.00,100 גרם,false,,15.90,0.0530,true,1,57209
9002859064104,false,בוגי-סוכ'בפחית בטעם מנטה 200 גרם 1/12(86105),GUNZ WARENHANDELS,,WOOGIE-סוכרית מנטה ב,גרמים,200.00,100 גרם,false,,8.90,0.0445,true,1,66043
9002859066047,false,בוגי-סוכ'בפחית בטעם קפה 200 גרם 1/12(86105),GUNZ WARENHANDELS,,בוגי סוכריות בפח קפה,גרמים,200.00,100 גרם,false,,8.90,0.0445,true,1,67071
9002859066894,false,גונץ - חטיף מרציפן מצופה שוקולד 100 גרם,Gunz,IL,מרציפן מצופה שוקולד,גרמים,100.00,100 גרם,false,,8.00,0.0800,true,1,70717
9002859090530,false,גונץ בוגי סוכריות בפחית בטעם תפוז 200 גר,Gunz,,סוכריות בפח תפוז,גרמים,200.00,100 גרם,false,,8.90,0.0445,true,1,99693
9002975393812,false,סוכריות גילי הריבו האפי צירי 70 גרם,"האריבו , ג'\י.אם.בי.אייץ",AT,סוכריות הריבו האפי צ,גרמים,70.00,100 גרם,false,,6.90,0.0986,true,1,124919
9002975393829,false,סוכריות גילי הריבו פיציס 70 גרם,"האריבו , ג'\י.אם.בי.אייץ",AT,סוכריות הריבו פיצ'ס,גרמים,70.00,100 גרם,false,,6.90,0.0986,true,1,124921
9002975393836,false,סוכריות גילי הריבו האפי קולה 70 גרם,"האריבו , ג'\י.אם.בי.אייץ",AT,סוכריות הריבו האפי ק,גרמים,70.00,100 גרם,false,,6.90,0.0986,true,1,124920
9002975393843,false,סוכריות גילי הריבו גולדברס 70 גרם,"האריבו , ג'\י.אם.בי.אייץ",AT,סוכריות הריבו גולדבר,גרמים,70.00,100 גרם,false,,6.90,0.0986,true,1,124918
9002975393850,false,סוכריות גילי הריבו וורמס 70 גרם,"האריבו , ג'\י.אם.בי.אייץ",AT,סוכריות הריבו וורמס,גרמים,70.00,100 גרם,false,,6.90,0.0986,true,1,124922
9005835312626,false,קלרו 50 טבליות למדיח ללא פוספטים,יעקובי,AT,קלרו 50 טבליות למדיח,יחידה,0.00,יחידה,false,,45.90,0.0000,true,1,116450
9005835312718,false,"קלרו פירמידה מלח למדיח כלים 1 ק""ג CLARO",יעקובי,AT,קלרו פירמידה מלח אקו,קילוגרמים,1.00,"ק""ג",false,,9.90,9.9000,true,1,116437
9005835312732,false,"קלרו נוזל הברקה למדיח כלים 500 מ""ל CLARO",יעקובי,AT,קלרו נוזל הברקה למדי,מיליליטרים,500.00,"100 מ""ל",false,,9.90,0.0198,true,1,116438
9005835312756,false,"קלרו ניקוי יסודי למדיח כלים 250 מ""ל CLARO",יעקובי,AT,קלרו נוזל לניקוי יסו,מיליליטרים,250.00,"100 מ""ל",false,,9.90,0.0396,true,1,116451
9005835313661,false,טבליות ניקוי וחיטוי למדיח99.9% קלרו 30 יח',רלוי,AT,קלרו טבליות ניקוי וח,יחידה,0.00,יחידה,false,,29.90,0.0000,true,1,126848
9044400826861,true,סוכריות פז מילוי בננ,,,סוכריות פז מילוי בננ,,0.00,,false,,8.90,0.0000,true,1,123074
9310072028750,false,טים טם Tim Tam וופל שוקולד ציפוי כפול,"ארנוטס ביסקוויטס בע""",AU,טים טם דאבל 200 גר',גרמים,200.00,100 גרם,false,,19.90,0.0995,true,1,99049
9310088007015,false,דיפנד תחבושות אוברנייט בלילה,קימברלי-קלארק,VN,תחבושות פויז,יחידה,0.00,יחידה,false,,19.90,0.0000,false,1,62477
9322969000015,false,פריכיות תירס בטעם אורגינל ריל פודס 150 ג',אף.סי תבליני בגליל ב,AU,פריכיות תירס - 150ג',גרמים,150.00,100 גרם,false,,14.90,0.0993,true,1,58641
9322969000022,false,"ריל פוד פריכיות תירס עם סויה וזרעי פשתן, ללא גלוטן 150 גרם",אף.סי תבליני בגליל ב,AU,פריכיות תירס - 150ג',גרמים,150.00,100 גרם,false,,14.90,0.0993,true,1,58642
9322969000039,false,פריכיות תירס 150 גרם עם 5 סוגי דגנים,ריאל פודס בעמ,AU,פרכיות תירס עם ד,גרמים,150.00,100 גרם,false,,14.90,0.0993,true,1,111090
9322969000046,false,פריכיות תירס שומשום אורגני ריל פודס 150 ג',אף.סי תבליני בגליל ב,AU,פריכיות תירס אורגניו,גרמים,150.00,100 גרם,false,,13.90,0.0927,true,1,58643
9324054906394,false,כלורוקס מגבוני ניקוי אקספרט פלופאק 30 יח,כלורקס,US,מגבוני כלורקס אקספרט,יחידה,0.00,יחידה,false,,11.50,0.0000,true,1,186167
9720188050109,false,ממרח על בסיס סויה בסגנון גבינה טופוטי 225 גרם,טופוטי ברנדס אינק.ג',IL,ממרח טופו טבעי 27%,גרמים,225.00,100 גרם,false,,19.90,0.0884,true,1,13040
9720188060108,false,ממרח על בסיס סויה בסגון שמנת טופוטי 340 גרם,טופוטי ברנדס אינק.ג',IL,ממרח טופו טבעי,גרמים,340.00,100 גרם,false,,19.90,0.0585,true,1,13044
9770793914006,false,עיתון גירוסלים פוסט יום שישי,,,עיתון ג'רוזלם פוסט,יחידה,0.00,יחידה,false,,22.00,0.0000,false,1,14212
9771565025005,false,עיתון מעריב סוף השבוע,,IL,סופהשבוע,יחידה,0.00,יחידה,false,,10.00,0.0000,false,1,60713
9771565038319,false,עיתון ידיעות אחרונות,,,עיתון ידיעות אחרונות,יחידה,0.00,יחידה,false,,7.00,0.0000,false,1,13834
9771565038326,false,עיתון ידיעות אחרונות,,,ידיעות יום ב,יחידה,0.00,יחידה,false,,7.00,0.0000,false,1,13835
9771565038333,false,עיתון ידיעות אחרונות,,,ידיעות יום ג,יחידה,0.00,יחידה,false,,7.00,0.0000,false,1,13836
9771565038340,false,עיתון ידיעות אחרונות,,,עיתון ידיעות אחר,יחידה,0.00,יחידה,false,,7.00,0.0000,false,1,13837
9771565038357,false,עיתון ידיעות אחרונות,,,ידיעות יום ה,יחידה,0.00,יחידה,false,,7.00,0.0000,false,1,13838
9771565039125,false,עיתון לאישה יום ב,ידיעות אחרונות,,"""לאשה""",יחידה,0.00,יחידה,false,,21.90,0.0000,false,1,13840
9771565051066,false,עיתון ידיעות אחרונות,ידיעות אחרונות,,"ידיעות אחרונות סופ""ש",יחידה,0.00,יחידה,false,,20.00,0.0000,false,1,13850
9771565165008,false,נובוסטי סוף שבוע,,,"נובוסטי סופ""ש",יחידה,0.00,יחידה,false,,14.00,0.0000,false,1,20572
9771565189004,false,סיקרט שבועון,,,סיקרט,יחידה,0.00,יחידה,false,,14.00,0.0000,false,1,20573
9771565190000,false,אכו שבועון,,,אכו,יחידה,0.00,יחידה,false,,14.00,0.0000,false,1,20574
9771565192431,false,עיתון מנטה יום ג`,,,מגזין מנטה,יחידה,0.00,יחידה,false,,28.00,0.0000,false,1,13858
9771565290007,false,עיתון הארץ יום שישי,,,עיתון הארץ שישי,יחידה,0.00,יחידה,false,,33.00,0.0000,false,1,20575
9771565380005,false,לוץ+ט.ו,,,לוץ',יחידה,0.00,יחידה,false,,14.00,0.0000,false,1,20577
9771565641007,false,מגזין פנימה,,,מגזין פנימה,יחידה,0.00,יחידה,false,,39.00,0.0000,false,1,118148
